{"id":"gen9anythinggoes-1989055930","p1":"abognus","p2":"BigMommaBadger","format":"[Gen 9] Anything Goes","log":"|j|\u2606abognus\n|j|\u2606BigMommaBadger\n|t:|1699807280\n|gametype|singles\n|player|p1|abognus|burglar|1308\n|player|p2|BigMommaBadger|pokemonrangerf|1316\n|teamsize|p1|6\n|teamsize|p2|6\n|gen|9\n|tier|[Gen 9] Anything Goes\n|rated|\n|rule|HP Percentage Mod: HP is shown in percentages\n|rule|Endless Battle Clause: Forcing endless battles is banned\n|clearpoke\n|poke|p1|Iron Moth|\n|poke|p1|Iron Hands|\n|poke|p1|Iron Valiant|\n|poke|p1|Roaring Moon|\n|poke|p1|Sandy Shocks|\n|poke|p1|Great Tusk|\n|poke|p2|Meowscarada, M|\n|poke|p2|Skeledirge, M|\n|poke|p2|Quaquaval, M|\n|poke|p2|Scream Tail|\n|poke|p2|Iron Treads|\n|poke|p2|Miraidon|\n|teampreview\n|c|\u2606abognus|Hi\n|c|\u2606BigMommaBadger|yo\n|\n|t:|1699807291\n|start\n|switch|p1a: Croaking Spoon|Roaring Moon|100\/100\n|switch|p2a: Donald|Quaquaval, M, shiny|100\/100\n|turn|1\n|\n|t:|1699807300\n|move|p1a: Croaking Spoon|Dragon Dance|p1a: Croaking Spoon\n|-boost|p1a: Croaking Spoon|atk|1\n|-boost|p1a: Croaking Spoon|spe|1\n|move|p2a: Donald|Ice Spinner|p1a: Croaking Spoon\n|-supereffective|p1a: Croaking Spoon\n|-damage|p1a: Croaking Spoon|39\/100\n|\n|upkeep\n|turn|2\n|\n|t:|1699807307\n|-terastallize|p1a: Croaking Spoon|Steel\n|move|p1a: Croaking Spoon|Earthquake|p2a: Donald\n|-damage|p2a: Donald|16\/100\n|move|p2a: Donald|Brick Break|p1a: Croaking Spoon\n|-supereffective|p1a: Croaking Spoon\n|-damage|p1a: Croaking Spoon|0 fnt\n|faint|p1a: Croaking Spoon\n|-end|p1a: Croaking Spoon|Protosynthesis|[silent]\n|-ability|p2a: Donald|Moxie|boost\n|-boost|p2a: Donald|atk|1\n|\n|upkeep\n|\n|t:|1699807322\n|switch|p1a: Pie On Galiant|Iron Valiant|100\/100\n|turn|3\n|\n|t:|1699807326\n|move|p1a: Pie On Galiant|Spirit Break|p2a: Donald\n|-supereffective|p2a: Donald\n|-damage|p2a: Donald|0 fnt\n|faint|p2a: Donald\n|\n|upkeep\n|\n|t:|1699807329\n|switch|p2a: Sobek|Skeledirge, M, shiny|100\/100\n|turn|4\n|c|\u2606BigMommaBadger|hot pie on galiant action\n|\n|t:|1699807342\n|move|p1a: Pie On Galiant|Swords Dance|p1a: Pie On Galiant\n|-boost|p1a: Pie On Galiant|atk|2\n|move|p2a: Sobek|Sing|p1a: Pie On Galiant\n|-status|p1a: Pie On Galiant|slp|[from] move: Sing\n|\n|upkeep\n|turn|5\n|c|\u2606abognus|Excuse me\n|c|\u2606abognus|-_-\n|\n|t:|1699807356\n|cant|p1a: Pie On Galiant|slp\n|move|p2a: Sobek|Torch Song|p1a: Pie On Galiant\n|-damage|p1a: Pie On Galiant|30\/100 slp\n|-boost|p2a: Sobek|spa|1\n|\n|upkeep\n|turn|6\n|\n|t:|1699807362\n|cant|p1a: Pie On Galiant|slp\n|move|p2a: Sobek|Torch Song|p1a: Pie On Galiant\n|-damage|p1a: Pie On Galiant|0 fnt\n|-boost|p2a: Sobek|spa|1\n|faint|p1a: Pie On Galiant\n|-end|p1a: Pie On Galiant|Quark Drive|[silent]\n|\n|upkeep\n|\n|t:|1699807370\n|switch|p1a: Sindy Socks|Sandy Shocks|100\/100\n|-enditem|p1a: Sindy Socks|Booster Energy\n|-activate|p1a: Sindy Socks|ability: Protosynthesis|[fromitem]\n|-start|p1a: Sindy Socks|protosynthesisspe\n|turn|7\n|inactive|Battle timer is ON: inactive players will automatically lose when time's up. (requested by BigMommaBadger)\n|\n|t:|1699807377\n|move|p1a: Sindy Socks|Earth Power|p2a: Sobek\n|-supereffective|p2a: Sobek\n|-damage|p2a: Sobek|16\/100\n|move|p2a: Sobek|Earth Power|p1a: Sindy Socks\n|-supereffective|p1a: Sindy Socks\n|-damage|p1a: Sindy Socks|0 fnt\n|faint|p1a: Sindy Socks\n|-end|p1a: Sindy Socks|Protosynthesis|[silent]\n|\n|upkeep\n|\n|t:|1699807388\n|switch|p1a: Try On Broth|Iron Moth|100\/100\n|turn|8\n|\n|t:|1699807393\n|move|p1a: Try On Broth|Fiery Dance|p2a: Sobek\n|-resisted|p2a: Sobek\n|-damage|p2a: Sobek|0 fnt\n|faint|p2a: Sobek\n|\n|upkeep\n|\n|t:|1699807397\n|switch|p2a: Kirby|Scream Tail, shiny|100\/100\n|-enditem|p2a: Kirby|Booster Energy\n|-activate|p2a: Kirby|ability: Protosynthesis|[fromitem]\n|-start|p2a: Kirby|protosynthesisspe\n|turn|9\n|\n|t:|1699807402\n|move|p1a: Try On Broth|Fiery Dance|p2a: Kirby\n|-damage|p2a: Kirby|68\/100\n|move|p2a: Kirby|Psychic Fangs|p1a: Try On Broth\n|-supereffective|p1a: Try On Broth\n|-damage|p1a: Try On Broth|4\/100\n|\n|upkeep\n|turn|10\n|c|\u2606abognus|Owwww\n|\n|t:|1699807411\n|move|p1a: Try On Broth|Fiery Dance|p2a: Kirby\n|-damage|p2a: Kirby|36\/100\n|-boost|p1a: Try On Broth|spa|1\n|move|p2a: Kirby|Psychic Fangs|p1a: Try On Broth\n|-supereffective|p1a: Try On Broth\n|-damage|p1a: Try On Broth|0 fnt\n|faint|p1a: Try On Broth\n|-end|p1a: Try On Broth|Quark Drive|[silent]\n|\n|upkeep\n|\n|t:|1699807421\n|switch|p1a: Plate Musk|Great Tusk|100\/100\n|-enditem|p1a: Plate Musk|Booster Energy\n|-activate|p1a: Plate Musk|ability: Protosynthesis|[fromitem]\n|-start|p1a: Plate Musk|protosynthesisatk\n|turn|11\n|\n|t:|1699807428\n|move|p2a: Kirby|Psychic Fangs|p1a: Plate Musk\n|-supereffective|p1a: Plate Musk\n|-damage|p1a: Plate Musk|63\/100\n|move|p1a: Plate Musk|Bulk Up|p1a: Plate Musk\n|-boost|p1a: Plate Musk|atk|1\n|-boost|p1a: Plate Musk|def|1\n|\n|upkeep\n|turn|12\n|\n|t:|1699807435\n|move|p2a: Kirby|Play Rough|p1a: Plate Musk\n|-supereffective|p1a: Plate Musk\n|-damage|p1a: Plate Musk|37\/100\n|move|p1a: Plate Musk|Earthquake|p2a: Kirby\n|-damage|p2a: Kirby|0 fnt\n|faint|p2a: Kirby\n|-end|p2a: Kirby|Protosynthesis|[silent]\n|\n|upkeep\n|\n|t:|1699807441\n|switch|p2a: Clopin|Meowscarada, M, shiny|100\/100\n|turn|13\n|\n|t:|1699807444\n|-end|p1a: Plate Musk|Protosynthesis|[silent]\n|switch|p1a: Cry On Lands|Iron Hands|100\/100\n|-enditem|p1a: Cry On Lands|Booster Energy\n|-activate|p1a: Cry On Lands|ability: Quark Drive|[fromitem]\n|-start|p1a: Cry On Lands|quarkdriveatk\n|move|p2a: Clopin|Flower Trick|p1a: Cry On Lands\n|-start|p2a: Clopin|typechange|Grass|[from] ability: Protean\n|-crit|p1a: Cry On Lands\n|-damage|p1a: Cry On Lands|68\/100\n|\n|upkeep\n|turn|14\n|\n|t:|1699807454\n|move|p1a: Cry On Lands|Fake Out|p2a: Clopin\n|-damage|p2a: Clopin|68\/100\n|cant|p2a: Clopin|flinch\n|\n|upkeep\n|turn|15\n|\n|t:|1699807459\n|move|p2a: Clopin|Flower Trick|p1a: Cry On Lands\n|-crit|p1a: Cry On Lands\n|-damage|p1a: Cry On Lands|35\/100\n|move|p1a: Cry On Lands|Drain Punch|p2a: Clopin\n|-damage|p2a: Clopin|0 fnt\n|-heal|p1a: Cry On Lands|57\/100|[from] drain|[of] p2a: Clopin\n|faint|p2a: Clopin\n|\n|upkeep\n|\n|t:|1699807464\n|switch|p2a: Barbara Manaphy|Iron Treads, shiny|100\/100\n|-enditem|p2a: Barbara Manaphy|Booster Energy\n|-activate|p2a: Barbara Manaphy|ability: Quark Drive|[fromitem]\n|-start|p2a: Barbara Manaphy|quarkdrivespe\n|turn|16\n|\n|t:|1699807470\n|move|p2a: Barbara Manaphy|Earthquake|p1a: Cry On Lands\n|-supereffective|p1a: Cry On Lands\n|-damage|p1a: Cry On Lands|0 fnt\n|faint|p1a: Cry On Lands\n|-end|p1a: Cry On Lands|Quark Drive|[silent]\n|\n|upkeep\n|c|\u2606abognus|GG\n|\n|t:|1699807475\n|switch|p1a: Plate Musk|Great Tusk|37\/100\n|turn|17\n|c|\u2606BigMommaBadger|brother\n|c|\u2606BigMommaBadger|also gg\n|\n|t:|1699807482\n|move|p2a: Barbara Manaphy|Zen Headbutt|p1a: Plate Musk\n|-supereffective|p1a: Plate Musk\n|-damage|p1a: Plate Musk|9\/100\n|move|p1a: Plate Musk|Headlong Rush|p2a: Barbara Manaphy\n|-supereffective|p2a: Barbara Manaphy\n|-damage|p2a: Barbara Manaphy|0 fnt\n|-unboost|p1a: Plate Musk|def|1\n|-unboost|p1a: Plate Musk|spd|1\n|faint|p2a: Barbara Manaphy\n|-end|p2a: Barbara Manaphy|Quark Drive|[silent]\n|\n|upkeep\n|c|\u2606abognus|Oh?\n|\n|t:|1699807488\n|switch|p2a: Electrolung|Miraidon|100\/100\n|-fieldstart|move: Electric Terrain|[from] ability: Hadron Engine|[of] p2a: Electrolung\n|-enditem|p2a: Electrolung|Electric Seed\n|-boost|p2a: Electrolung|def|1|[from] item: Electric Seed\n|turn|18\n|c|\u2606abognus|Uh oh\n|\n|t:|1699807496\n|move|p2a: Electrolung|Dazzling Gleam|p1a: Plate Musk\n|-supereffective|p1a: Plate Musk\n|-damage|p1a: Plate Musk|0 fnt\n|faint|p1a: Plate Musk\n|-end|p1a: Plate Musk|Protosynthesis|[silent]\n|\n|win|BigMommaBadger\n|raw|abognus's rating: 1308 &rarr; <strong>1288<\/strong><br \/>(-20 for losing)\n|raw|BigMommaBadger's rating: 1316 &rarr; <strong>1336<\/strong><br \/>(+20 for winning)\n|c|\u2606BigMommaBadger|now gg\n|c|\u2606abognus|Rematch?\n|c|\u2606BigMommaBadger|yeah sure\n","uploadtime":1699807506,"views":3,"p1id":"abognus","p2id":"bigmommabadger","formatid":"gen9anythinggoes","rating":1288,"private":0,"password":""}