{"id":"gen9anythinggoes-1998260694","p1":"speed mcool","p2":"SKKH","format":"[Gen 9] Anything Goes","log":"|j|\u2606speed mcool\n|j|\u2606SKKH\n|t:|1700921366\n|gametype|singles\n|player|p1|speed mcool|ltsurge|1000\n|player|p2|SKKH|caitlin|1000\n|teamsize|p1|6\n|teamsize|p2|6\n|gen|9\n|tier|[Gen 9] Anything Goes\n|rated|\n|rule|HP Percentage Mod: HP is shown in percentages\n|rule|Endless Battle Clause: Forcing endless battles is banned\n|clearpoke\n|poke|p1|Wooper-Paldea, M|\n|poke|p1|Lechonk, L10, F|\n|poke|p1|Lechonk, L10, M|\n|poke|p1|Lechonk, L10, M|\n|poke|p1|Lechonk, L10, F|\n|poke|p1|Lechonk, L10, M|\n|poke|p2|Barraskewda, M|\n|poke|p2|Clefable, M|\n|poke|p2|Espathra, F|\n|poke|p2|Scizor, F|\n|poke|p2|Pelipper, M|\n|poke|p2|Kyogre|\n|teampreview\n|c|\u2606speed mcool|hi\n|\n|t:|1700921383\n|start\n|switch|p1a: bebe|Wooper-Paldea, M|100\/100\n|switch|p2a: Espathra|Espathra, F|100\/100\n|turn|1\n|c|\u2606speed mcool|wooper :)\n|\n|t:|1700921391\n|move|p2a: Espathra|Substitute|p2a: Espathra\n|-start|p2a: Espathra|Substitute\n|-damage|p2a: Espathra|76\/100\n|move|p1a: bebe|Toxic Spikes|p2a: Espathra\n|-sidestart|p2: SKKH|move: Toxic Spikes\n|\n|-heal|p2a: Espathra|82\/100|[from] item: Leftovers\n|-ability|p2a: Espathra|Speed Boost|boost\n|-boost|p2a: Espathra|spe|1\n|upkeep\n|turn|2\n|\n|t:|1700921401\n|move|p2a: Espathra|Calm Mind|p2a: Espathra\n|-boost|p2a: Espathra|spa|1\n|-boost|p2a: Espathra|spd|1\n|move|p1a: bebe|Gunk Shot|p2a: Espathra\n|-end|p2a: Espathra|Substitute\n|\n|-heal|p2a: Espathra|88\/100|[from] item: Leftovers\n|-ability|p2a: Espathra|Speed Boost|boost\n|-boost|p2a: Espathra|spe|1\n|upkeep\n|turn|3\n|\n|t:|1700921414\n|move|p2a: Espathra|Substitute|p2a: Espathra\n|-start|p2a: Espathra|Substitute\n|-damage|p2a: Espathra|63\/100\n|move|p1a: bebe|Toxic Spikes|p2a: Espathra\n|-sidestart|p2: SKKH|move: Toxic Spikes\n|\n|-heal|p2a: Espathra|69\/100|[from] item: Leftovers\n|-ability|p2a: Espathra|Speed Boost|boost\n|-boost|p2a: Espathra|spe|1\n|upkeep\n|turn|4\n|\n|t:|1700921428\n|-terastallize|p1a: bebe|Poison\n|move|p2a: Espathra|Calm Mind|p2a: Espathra\n|-boost|p2a: Espathra|spa|1\n|-boost|p2a: Espathra|spd|1\n|move|p1a: bebe|Gunk Shot|p2a: Espathra|[miss]\n|-miss|p1a: bebe|p2a: Espathra\n|\n|-heal|p2a: Espathra|75\/100|[from] item: Leftovers\n|-ability|p2a: Espathra|Speed Boost|boost\n|-boost|p2a: Espathra|spe|1\n|upkeep\n|turn|5\n|\n|t:|1700921440\n|move|p2a: Espathra|Calm Mind|p2a: Espathra\n|-boost|p2a: Espathra|spa|1\n|-boost|p2a: Espathra|spd|1\n|move|p1a: bebe|Gunk Shot|p2a: Espathra\n|-end|p2a: Espathra|Substitute\n|\n|-heal|p2a: Espathra|81\/100|[from] item: Leftovers\n|-ability|p2a: Espathra|Speed Boost|boost\n|-boost|p2a: Espathra|spe|1\n|upkeep\n|turn|6\n|\n|t:|1700921451\n|switch|p1a: Lechonk|Lechonk, L10, F|100\/100\n|move|p2a: Espathra|Calm Mind|p2a: Espathra\n|-boost|p2a: Espathra|spa|1\n|-boost|p2a: Espathra|spd|1\n|\n|-heal|p2a: Espathra|87\/100|[from] item: Leftovers\n|-ability|p2a: Espathra|Speed Boost|boost\n|-boost|p2a: Espathra|spe|1\n|upkeep\n|turn|7\n|\n|t:|1700921461\n|move|p2a: Espathra|Substitute|p2a: Espathra\n|-start|p2a: Espathra|Substitute\n|-damage|p2a: Espathra|62\/100\n|move|p1a: Lechonk|Endeavor|p2a: Espathra\n|-end|p2a: Espathra|Substitute\n|\n|-heal|p2a: Espathra|69\/100|[from] item: Leftovers\n|upkeep\n|turn|8\n|\n|t:|1700921472\n|move|p2a: Espathra|Protect|p2a: Espathra\n|-singleturn|p2a: Espathra|Protect\n|move|p1a: Lechonk|Endeavor|p2a: Espathra\n|-activate|p2a: Espathra|move: Protect\n|\n|-heal|p2a: Espathra|75\/100|[from] item: Leftovers\n|upkeep\n|turn|9\n|\n|t:|1700921482\n|move|p2a: Espathra|Substitute|p2a: Espathra\n|-start|p2a: Espathra|Substitute\n|-damage|p2a: Espathra|50\/100\n|move|p1a: Lechonk|Endeavor|p2a: Espathra\n|-end|p2a: Espathra|Substitute\n|\n|-heal|p2a: Espathra|56\/100|[from] item: Leftovers\n|upkeep\n|turn|10\n|\n|t:|1700921492\n|move|p2a: Espathra|Baton Pass|p2a: Espathra\n|\n|t:|1700921495\n|switch|p2a: Clefable|Clefable, M|100\/100|[from] Baton Pass\n|-status|p2a: Clefable|tox\n|move|p1a: Lechonk|Endeavor|p2a: Clefable\n|-damage|p2a: Clefable|9\/100 tox\n|\n|-heal|p2a: Clefable|15\/100 tox|[from] item: Leftovers\n|upkeep\n|turn|11\n|\n|t:|1700921508\n|move|p2a: Clefable|Stored Power|p1a: Lechonk\n|-enditem|p1a: Lechonk|Focus Sash\n|-damage|p1a: Lechonk|3\/100\n|move|p1a: Lechonk|Iron Head|p2a: Clefable\n|-supereffective|p2a: Clefable\n|-damage|p2a: Clefable|15\/100 tox\n|\n|-heal|p2a: Clefable|21\/100 tox|[from] item: Leftovers\n|upkeep\n|turn|12\n|\n|t:|1700921523\n|switch|p1a: bebe|Wooper-Paldea, M, tera:Poison|100\/100\n|move|p2a: Clefable|Stored Power|p1a: bebe\n|-supereffective|p1a: bebe\n|-enditem|p1a: bebe|Focus Sash\n|-damage|p1a: bebe|1\/100\n|\n|-heal|p2a: Clefable|27\/100 tox|[from] item: Leftovers\n|upkeep\n|turn|13\n|\n|t:|1700921536\n|move|p2a: Clefable|Substitute|p2a: Clefable\n|-start|p2a: Clefable|Substitute\n|-damage|p2a: Clefable|2\/100 tox\n|move|p1a: bebe|Gunk Shot|p2a: Clefable\n|-supereffective|p2a: Clefable\n|-end|p2a: Clefable|Substitute\n|\n|-heal|p2a: Clefable|8\/100 tox|[from] item: Leftovers\n|upkeep\n|turn|14\n|\n|t:|1700921545\n|move|p2a: Clefable|Stored Power|p1a: bebe\n|-supereffective|p1a: bebe\n|-damage|p1a: bebe|0 fnt\n|faint|p1a: bebe\n|\n|-heal|p2a: Clefable|14\/100 tox|[from] item: Leftovers\n|upkeep\n|\n|t:|1700921552\n|switch|p1a: lil bro|Lechonk, L10, M|100\/100\n|turn|15\n|\n|t:|1700921557\n|move|p2a: Clefable|Stored Power|p1a: lil bro\n|-enditem|p1a: lil bro|Focus Sash\n|-damage|p1a: lil bro|3\/100\n|move|p1a: lil bro|Endeavor|p2a: Clefable\n|-damage|p2a: Clefable|1\/100 tox\n|\n|-heal|p2a: Clefable|7\/100 tox|[from] item: Leftovers\n|upkeep\n|turn|16\n|\n|t:|1700921567\n|move|p2a: Clefable|Stored Power|p1a: lil bro\n|-damage|p1a: lil bro|0 fnt\n|faint|p1a: lil bro\n|\n|-heal|p2a: Clefable|13\/100 tox|[from] item: Leftovers\n|upkeep\n|\n|t:|1700921573\n|switch|p1a: Lechonk|Lechonk, L10, F|100\/100\n|turn|17\n|\n|t:|1700921578\n|move|p2a: Clefable|Stored Power|p1a: Lechonk\n|-enditem|p1a: Lechonk|Focus Sash\n|-damage|p1a: Lechonk|3\/100\n|move|p1a: Lechonk|Headbutt|p2a: Clefable\n|-damage|p2a: Clefable|13\/100 tox\n|\n|-heal|p2a: Clefable|19\/100 tox|[from] item: Leftovers\n|upkeep\n|turn|18\n|c|\u2606SKKH|haha\n|\n|t:|1700921594\n|move|p2a: Clefable|Stored Power|p1a: Lechonk\n|-damage|p1a: Lechonk|0 fnt\n|faint|p1a: Lechonk\n|\n|-heal|p2a: Clefable|25\/100 tox|[from] item: Leftovers\n|upkeep\n|c|\u2606speed mcool|lil bro noooooo\n|\n|t:|1700921603\n|switch|p1a: Lechonk|Lechonk, L10, M|100\/100\n|turn|19\n|c|\u2606speed mcool|mi need better attack\n|\n|t:|1700921618\n|move|p2a: Clefable|Stored Power|p1a: Lechonk\n|-enditem|p1a: Lechonk|Focus Sash\n|-damage|p1a: Lechonk|3\/100\n|move|p1a: Lechonk|Headbutt|p2a: Clefable\n|-damage|p2a: Clefable|25\/100 tox\n|\n|-heal|p2a: Clefable|31\/100 tox|[from] item: Leftovers\n|upkeep\n|turn|20\n|\n|t:|1700921628\n|move|p2a: Clefable|Stored Power|p1a: Lechonk\n|-damage|p1a: Lechonk|0 fnt\n|faint|p1a: Lechonk\n|\n|-heal|p2a: Clefable|37\/100 tox|[from] item: Leftovers\n|upkeep\n|\n|t:|1700921634\n|switch|p1a: Lechonk :0|Lechonk, L10, M|100\/100\n|turn|21\n|\n|t:|1700921639\n|move|p2a: Clefable|Stored Power|p1a: Lechonk :0\n|-enditem|p1a: Lechonk :0|Focus Sash\n|-damage|p1a: Lechonk :0|3\/100\n|move|p1a: Lechonk :0|Endeavor|p2a: Clefable\n|-damage|p2a: Clefable|1\/100 tox\n|\n|-heal|p2a: Clefable|7\/100 tox|[from] item: Leftovers\n|upkeep\n|turn|22\n|\n|t:|1700921658\n|move|p2a: Clefable|Stored Power|p1a: Lechonk :0\n|-damage|p1a: Lechonk :0|0 fnt\n|faint|p1a: Lechonk :0\n|\n|-heal|p2a: Clefable|13\/100 tox|[from] item: Leftovers\n|upkeep\n|\n|t:|1700921664\n|switch|p1a: Lechonk|Lechonk, L10, F|3\/100\n|turn|23\n|\n|t:|1700921675\n|move|p2a: Clefable|Stored Power|p1a: Lechonk\n|-damage|p1a: Lechonk|0 fnt\n|faint|p1a: Lechonk\n|\n|win|SKKH\n|raw|speed mcool's rating: 1000 &rarr; <strong>1000<\/strong><br \/>(+0 for losing)\n|raw|SKKH's rating: 1000 &rarr; <strong>1040<\/strong><br \/>(+40 for winning)\n|c|\u2606speed mcool|my lechonk\n|l|\u2606speed mcool\n","uploadtime":1700921723,"views":0,"p1id":"speedmcool","p2id":"skkh","formatid":"gen9anythinggoes","rating":1000,"private":0,"password":""}