{"id":"gen9anythinggoes-1984157750","p1":"Shadowkipz13","p2":"tutemblordepierna","format":"[Gen 9] Anything Goes","log":"|j|\u2606Shadowkipz13\n|j|\u2606tutemblordepierna\n|t:|1699224731\n|gametype|singles\n|player|p1|Shadowkipz13|petrel|1305\n|player|p2|tutemblordepierna|bruno|1311\n|teamsize|p1|6\n|teamsize|p2|6\n|gen|9\n|tier|[Gen 9] Anything Goes\n|rated|\n|rule|HP Percentage Mod: HP is shown in percentages\n|rule|Endless Battle Clause: Forcing endless battles is banned\n|clearpoke\n|poke|p1|Skeledirge, F|\n|poke|p1|Ogerpon, F|\n|poke|p1|Vaporeon, F|\n|poke|p1|Maushold|\n|poke|p1|Tyranitar, F|\n|poke|p1|Ursaluna-Bloodmoon, M|\n|poke|p2|Miraidon|\n|poke|p2|Dragapult, M|\n|poke|p2|Arceus-Dragon|\n|poke|p2|Baxcalibur, F|\n|poke|p2|Dragonite, F|\n|poke|p2|Eternatus|\n|teampreview\n|\n|t:|1699224772\n|start\n|switch|p1a: The Family|Maushold|100\/100\n|switch|p2a: Dragonite|Dragonite, F|100\/100\n|turn|1\n|\n|t:|1699224784\n|move|p1a: The Family|Population Bomb|p2a: Dragonite\n|-damage|p2a: Dragonite|94\/100\n|-damage|p1a: The Family|84\/100|[from] item: Rocky Helmet|[of] p2a: Dragonite\n|-damage|p2a: Dragonite|82\/100\n|-damage|p1a: The Family|67\/100|[from] item: Rocky Helmet|[of] p2a: Dragonite\n|-damage|p2a: Dragonite|70\/100\n|-damage|p1a: The Family|51\/100|[from] item: Rocky Helmet|[of] p2a: Dragonite\n|-crit|p2a: Dragonite\n|-damage|p2a: Dragonite|52\/100\n|-damage|p1a: The Family|34\/100|[from] item: Rocky Helmet|[of] p2a: Dragonite\n|-damage|p2a: Dragonite|39\/100\n|-damage|p1a: The Family|17\/100|[from] item: Rocky Helmet|[of] p2a: Dragonite\n|-hitcount|p2a: Dragonite|5\n|move|p2a: Dragonite|Dragon Dance|p2a: Dragonite\n|-boost|p2a: Dragonite|atk|1\n|-boost|p2a: Dragonite|spe|1\n|\n|upkeep\n|turn|2\n|c|\u2606Shadowkipz13|Nice\n|c|\u2606tutemblordepierna|xd\n|\n|t:|1699224808\n|move|p2a: Dragonite|Extreme Speed|p1a: The Family\n|-damage|p1a: The Family|0 fnt\n|faint|p1a: The Family\n|\n|upkeep\n|\n|t:|1699224820\n|switch|p1a: Freddy Fazbear|Ursaluna-Bloodmoon, M|100\/100\n|turn|3\n|\n|t:|1699224829\n|move|p2a: Dragonite|Outrage|p1a: Freddy Fazbear\n|-damage|p1a: Freddy Fazbear|35\/100\n|move|p1a: Freddy Fazbear|Blood Moon|p2a: Dragonite\n|-damage|p2a: Dragonite|0 fnt\n|faint|p2a: Dragonite\n|\n|upkeep\n|\n|t:|1699224839\n|switch|p2a: Baxcalibur|Baxcalibur, F|100\/100\n|turn|4\n|\n|t:|1699224845\n|move|p2a: Baxcalibur|Swords Dance|p2a: Baxcalibur\n|-boost|p2a: Baxcalibur|atk|2\n|move|p1a: Freddy Fazbear|Moonlight|p1a: Freddy Fazbear\n|-heal|p1a: Freddy Fazbear|85\/100\n|\n|upkeep\n|turn|5\n|\n|t:|1699224858\n|switch|p1a: King K.Rool|Skeledirge, F|100\/100\n|move|p2a: Baxcalibur|Icicle Spear|p1a: King K.Rool\n|-resisted|p1a: King K.Rool\n|-damage|p1a: King K.Rool|94\/100\n|-resisted|p1a: King K.Rool\n|-damage|p1a: King K.Rool|88\/100\n|-resisted|p1a: King K.Rool\n|-damage|p1a: King K.Rool|82\/100\n|-resisted|p1a: King K.Rool\n|-damage|p1a: King K.Rool|76\/100\n|-hitcount|p1a: King K.Rool|4\n|\n|upkeep\n|turn|6\n|\n|t:|1699224868\n|move|p2a: Baxcalibur|Earthquake|p1a: King K.Rool\n|-supereffective|p1a: King K.Rool\n|-damage|p1a: King K.Rool|7\/100\n|move|p1a: King K.Rool|Slack Off|p1a: King K.Rool\n|-heal|p1a: King K.Rool|57\/100\n|\n|upkeep\n|turn|7\n|\n|t:|1699224875\n|-terastallize|p1a: King K.Rool|Water\n|move|p2a: Baxcalibur|Earthquake|p1a: King K.Rool\n|-damage|p1a: King K.Rool|24\/100\n|move|p1a: King K.Rool|Slack Off|p1a: King K.Rool\n|-heal|p1a: King K.Rool|74\/100\n|\n|upkeep\n|turn|8\n|\n|t:|1699224883\n|move|p2a: Baxcalibur|Scale Shot|p1a: King K.Rool\n|-damage|p1a: King K.Rool|62\/100\n|-damage|p1a: King K.Rool|49\/100\n|-crit|p1a: King K.Rool\n|-damage|p1a: King K.Rool|31\/100\n|-damage|p1a: King K.Rool|20\/100\n|-damage|p1a: King K.Rool|7\/100\n|-hitcount|p1a: King K.Rool|5\n|-unboost|p2a: Baxcalibur|def|1\n|-boost|p2a: Baxcalibur|spe|1\n|move|p1a: King K.Rool|Slack Off|p1a: King K.Rool\n|-heal|p1a: King K.Rool|57\/100\n|\n|upkeep\n|turn|9\n|c|\u2606Shadowkipz13|Sheesh...\n|\n|t:|1699224897\n|move|p2a: Baxcalibur|Swords Dance|p2a: Baxcalibur\n|-boost|p2a: Baxcalibur|atk|2\n|move|p1a: King K.Rool|Slack Off|p1a: King K.Rool\n|-heal|p1a: King K.Rool|100\/100\n|\n|upkeep\n|turn|10\n|\n|t:|1699224911\n|move|p2a: Baxcalibur|Scale Shot|p1a: King K.Rool\n|-damage|p1a: King K.Rool|89\/100\n|-damage|p1a: King K.Rool|76\/100\n|-crit|p1a: King K.Rool\n|-damage|p1a: King K.Rool|59\/100\n|-damage|p1a: King K.Rool|47\/100\n|-damage|p1a: King K.Rool|35\/100\n|-hitcount|p1a: King K.Rool|5\n|-unboost|p2a: Baxcalibur|def|1\n|-boost|p2a: Baxcalibur|spe|1\n|move|p1a: King K.Rool|Shadow Ball|p2a: Baxcalibur\n|-damage|p2a: Baxcalibur|64\/100\n|-unboost|p2a: Baxcalibur|spd|1\n|\n|upkeep\n|turn|11\n|\n|t:|1699224928\n|move|p2a: Baxcalibur|Scale Shot|p1a: King K.Rool\n|-damage|p1a: King K.Rool|23\/100\n|-damage|p1a: King K.Rool|10\/100\n|-damage|p1a: King K.Rool|0 fnt\n|faint|p1a: King K.Rool\n|-hitcount|p1: King K.Rool|3\n|-unboost|p2a: Baxcalibur|def|1\n|-boost|p2a: Baxcalibur|spe|1\n|\n|upkeep\n|\n|t:|1699224933\n|switch|p1a: Tiny Tsunami|Vaporeon, F|100\/100\n|turn|12\n|c|\u2606Shadowkipz13|Gg\n|\n|t:|1699224940\n|move|p2a: Baxcalibur|Scale Shot|p1a: Tiny Tsunami\n|-damage|p1a: Tiny Tsunami|58\/100\n|-damage|p1a: Tiny Tsunami|19\/100\n|-damage|p1a: Tiny Tsunami|0 fnt\n|faint|p1a: Tiny Tsunami\n|-hitcount|p1: Tiny Tsunami|3\n|-unboost|p2a: Baxcalibur|def|1\n|-boost|p2a: Baxcalibur|spe|1\n|\n|upkeep\n|\n|t:|1699224948\n|switch|p1a: Malenia|Ogerpon, F|100\/100\n|turn|13\n|\n|t:|1699224953\n|move|p2a: Baxcalibur|Icicle Spear|p1a: Malenia\n|-supereffective|p1a: Malenia\n|-damage|p1a: Malenia|0 fnt\n|faint|p1a: Malenia\n|-hitcount|p1: Malenia|1\n|\n|upkeep\n|-message|Shadowkipz13 forfeited.\n|\n|win|tutemblordepierna\n|raw|Shadowkipz13's rating: 1305 &rarr; <strong>1285<\/strong><br \/>(-20 for losing)\n|raw|tutemblordepierna's rating: 1311 &rarr; <strong>1331<\/strong><br \/>(+20 for winning)\n|l|\u2606Shadowkipz13\n","uploadtime":1699224977,"views":3,"p1id":"shadowkipz13","p2id":"tutemblordepierna","formatid":"gen9anythinggoes","rating":1285,"private":0,"password":""}