{"id":"gen9anythinggoes-1977498099","p1":"maxgamingshell","p2":"Gamer Guy Man Dude","format":"[Gen 9] Anything Goes","log":"|j|\u2606maxgamingshell\n|j|\u2606Gamer Guy Man Dude\n|t:|1698422162\n|gametype|singles\n|player|p1|maxgamingshell|benga|1262\n|player|p2|Gamer Guy Man Dude|102|1366\n|teamsize|p1|6\n|teamsize|p2|6\n|gen|9\n|tier|[Gen 9] Anything Goes\n|rated|\n|rule|HP Percentage Mod: HP is shown in percentages\n|rule|Endless Battle Clause: Forcing endless battles is banned\n|clearpoke\n|poke|p1|Toxapex, F|\n|poke|p1|Ceruledge, F|\n|poke|p1|Tropius, M|\n|poke|p1|Glimmora, M|\n|poke|p1|Samurott-Hisui, F|\n|poke|p1|Ambipom, M|\n|poke|p2|Zoroark-Hisui, M|\n|poke|p2|Torterra, F|\n|poke|p2|Quaquaval, F|\n|poke|p2|Miraidon|\n|poke|p2|Zacian-*|\n|poke|p2|Kingambit, F|\n|teampreview\n|\n|t:|1698422170\n|start\n|switch|p1a: Snaper|Glimmora, M|100\/100\n|switch|p2a: Torterra|Torterra, F|100\/100\n|turn|1\n|\n|t:|1698422176\n|move|p2a: Torterra|Shell Smash|p2a: Torterra\n|-unboost|p2a: Torterra|def|1\n|-unboost|p2a: Torterra|spd|1\n|-boost|p2a: Torterra|atk|2\n|-boost|p2a: Torterra|spa|2\n|-boost|p2a: Torterra|spe|2\n|-enditem|p2a: Torterra|White Herb\n|-clearnegativeboost|p2a: Torterra|[silent]\n|move|p1a: Snaper|Stealth Rock|p2a: Torterra\n|-sidestart|p2: Gamer Guy Man Dude|move: Stealth Rock\n|\n|upkeep\n|turn|2\n|\n|t:|1698422184\n|move|p2a: Torterra|Earthquake|p1a: Snaper\n|-supereffective|p1a: Snaper\n|-enditem|p1a: Snaper|Focus Sash\n|-damage|p1a: Snaper|1\/100\n|-activate|p1a: Snaper|ability: Toxic Debris\n|-sidestart|p2: Gamer Guy Man Dude|move: Toxic Spikes\n|move|p1a: Snaper|Toxic Spikes|p2a: Torterra\n|-sidestart|p2: Gamer Guy Man Dude|move: Toxic Spikes\n|\n|upkeep\n|turn|3\n|\n|t:|1698422194\n|move|p2a: Torterra|Seed Bomb|p1a: Snaper\n|-damage|p1a: Snaper|0 fnt\n|faint|p1a: Snaper\n|\n|upkeep\n|\n|t:|1698422214\n|switch|p1a: Intoxicator|Toxapex, F|100\/100\n|turn|4\n|\n|t:|1698422218\n|move|p2a: Torterra|Zen Headbutt|p1a: Intoxicator\n|-supereffective|p1a: Intoxicator\n|-damage|p1a: Intoxicator|17\/100\n|move|p1a: Intoxicator|Haze|p1a: Intoxicator\n|-clearallboost\n|\n|-heal|p1a: Intoxicator|23\/100|[from] item: Black Sludge\n|upkeep\n|turn|5\n|\n|t:|1698422225\n|move|p1a: Intoxicator|Baneful Bunker|p1a: Intoxicator\n|-singleturn|p1a: Intoxicator|move: Protect\n|move|p2a: Torterra|Zen Headbutt|p1a: Intoxicator\n|-activate|p1a: Intoxicator|move: Protect\n|-status|p2a: Torterra|psn\n|\n|-heal|p1a: Intoxicator|29\/100|[from] item: Black Sludge\n|-damage|p2a: Torterra|88\/100 psn|[from] psn\n|upkeep\n|turn|6\n|\n|t:|1698422245\n|switch|p1a: Slicer|Samurott-Hisui, F|100\/100\n|move|p2a: Torterra|Zen Headbutt|p1a: Slicer\n|-immune|p1a: Slicer\n|\n|-damage|p2a: Torterra|76\/100 psn|[from] psn\n|upkeep\n|turn|7\n|\n|t:|1698422251\n|-terastallize|p2a: Torterra|Water\n|move|p1a: Slicer|Ceaseless Edge|p2a: Torterra\n|-damage|p2a: Torterra|34\/100 psn\n|-sidestart|p2: Gamer Guy Man Dude|Spikes\n|move|p2a: Torterra|Shell Smash|p2a: Torterra\n|-unboost|p2a: Torterra|def|1\n|-unboost|p2a: Torterra|spd|1\n|-boost|p2a: Torterra|atk|2\n|-boost|p2a: Torterra|spa|2\n|-boost|p2a: Torterra|spe|2\n|\n|-damage|p2a: Torterra|21\/100 psn|[from] psn\n|upkeep\n|turn|8\n|\n|t:|1698422262\n|move|p2a: Torterra|Seed Bomb|p1a: Slicer\n|-supereffective|p1a: Slicer\n|-enditem|p1a: Slicer|Focus Sash\n|-damage|p1a: Slicer|1\/100\n|move|p1a: Slicer|Ceaseless Edge|p2a: Torterra\n|-damage|p2a: Torterra|0 fnt\n|-sidestart|p2: Gamer Guy Man Dude|Spikes\n|faint|p2a: Torterra\n|\n|upkeep\n|\n|t:|1698422265\n|switch|p2a: Quaquaval|Quaquaval, F|100\/100\n|-damage|p2a: Quaquaval|94\/100|[from] Stealth Rock\n|-status|p2a: Quaquaval|tox\n|-damage|p2a: Quaquaval|78\/100 tox|[from] Spikes\n|turn|9\n|\n|t:|1698422274\n|move|p2a: Quaquaval|Aqua Jet|p1a: Slicer\n|-resisted|p1a: Slicer\n|-damage|p1a: Slicer|0 fnt\n|faint|p1a: Slicer\n|-ability|p2a: Quaquaval|Moxie|boost\n|-boost|p2a: Quaquaval|atk|1\n|\n|-damage|p2a: Quaquaval|72\/100 tox|[from] psn\n|upkeep\n|\n|t:|1698422282\n|switch|p1a: Intoxicator|Toxapex, F|29\/100\n|turn|10\n|\n|t:|1698422286\n|move|p2a: Quaquaval|Close Combat|p1a: Intoxicator\n|-resisted|p1a: Intoxicator\n|-damage|p1a: Intoxicator|0 fnt\n|-unboost|p2a: Quaquaval|def|1\n|-unboost|p2a: Quaquaval|spd|1\n|faint|p1a: Intoxicator\n|-ability|p2a: Quaquaval|Moxie|boost\n|-boost|p2a: Quaquaval|atk|1\n|\n|-damage|p2a: Quaquaval|60\/100 tox|[from] psn\n|upkeep\n|\n|t:|1698422295\n|switch|p1a: Swaper|Ambipom, M|100\/100\n|turn|11\n|\n|t:|1698422301\n|move|p1a: Swaper|Fake Out|p2a: Quaquaval\n|-damage|p2a: Quaquaval|7\/100 tox\n|-damage|p1a: Swaper|91\/100|[from] item: Life Orb\n|cant|p2a: Quaquaval|flinch\n|\n|-damage|p2a: Quaquaval|0 fnt|[from] psn\n|faint|p2a: Quaquaval\n|upkeep\n|\n|t:|1698422306\n|switch|p2a: Kingambit|Kingambit, F|100\/100\n|-damage|p2a: Kingambit|88\/100|[from] Stealth Rock\n|-status|p2a: Kingambit|tox\n|-damage|p2a: Kingambit|72\/100 tox|[from] Spikes\n|turn|12\n|\n|t:|1698422316\n|move|p2a: Kingambit|Nasty Plot|p2a: Kingambit\n|-boost|p2a: Kingambit|spa|2\n|move|p1a: Swaper|U-turn|p2a: Kingambit\n|-resisted|p2a: Kingambit\n|-damage|p2a: Kingambit|50\/100 tox\n|replace|p2a: Zoroark|Zoroark-Hisui, M\n|-end|p2a: Zoroark|Illusion\n|-damage|p1a: Swaper|81\/100|[from] item: Life Orb\n|\n|t:|1698422326\n|switch|p1a: Chef|Ceruledge, F|100\/100|[from] U-turn\n|\n|-damage|p2a: Zoroark|44\/100 tox|[from] psn\n|upkeep\n|turn|13\n|\n|t:|1698422334\n|-terastallize|p1a: Chef|Steel\n|move|p2a: Zoroark|Bitter Malice|p1a: Chef\n|-damage|p1a: Chef|52\/100\n|-unboost|p1a: Chef|atk|1\n|move|p1a: Chef|Flame Charge|p2a: Zoroark\n|-damage|p2a: Zoroark|6\/100 tox\n|-boost|p1a: Chef|spe|1\n|\n|-damage|p2a: Zoroark|0 fnt|[from] psn\n|faint|p2a: Zoroark\n|upkeep\n|\n|t:|1698422340\n|switch|p2a: Miraidon|Miraidon|100\/100\n|-damage|p2a: Miraidon|88\/100|[from] Stealth Rock\n|-status|p2a: Miraidon|tox\n|-damage|p2a: Miraidon|72\/100 tox|[from] Spikes\n|-fieldstart|move: Electric Terrain|[from] ability: Hadron Engine|[of] p2a: Miraidon\n|turn|14\n|\n|t:|1698422368\n|move|p2a: Miraidon|Electro Drift|p1a: Chef\n|-damage|p1a: Chef|0 fnt\n|faint|p1a: Chef\n|-damage|p2a: Miraidon|62\/100 tox|[from] item: Life Orb\n|\n|-damage|p2a: Miraidon|56\/100 tox|[from] psn\n|upkeep\n|\n|t:|1698422375\n|switch|p1a: Swaper|Ambipom, M|81\/100\n|turn|15\n|\n|t:|1698422382\n|move|p1a: Swaper|Fake Out|p2a: Miraidon\n|-damage|p2a: Miraidon|30\/100 tox\n|-damage|p1a: Swaper|71\/100|[from] item: Life Orb\n|cant|p2a: Miraidon|flinch\n|\n|-damage|p2a: Miraidon|18\/100 tox|[from] psn\n|upkeep\n|turn|16\n|\n|t:|1698422413\n|move|p2a: Miraidon|Electro Drift|p1a: Swaper\n|-damage|p1a: Swaper|0 fnt\n|faint|p1a: Swaper\n|-damage|p2a: Miraidon|8\/100 tox|[from] item: Life Orb\n|\n|-damage|p2a: Miraidon|0 fnt|[from] psn\n|faint|p2a: Miraidon\n|upkeep\n|\n|t:|1698422422\n|switch|p2a: Kingambit|Kingambit, F|100\/100\n|switch|p1a: Seeder|Tropius, M|100\/100\n|-damage|p2a: Kingambit|94\/100|[from] Stealth Rock\n|-item|p2a: Kingambit|Air Balloon\n|turn|17\n|\n|t:|1698422428\n|move|p1a: Seeder|Leech Seed|p2a: Kingambit|[miss]\n|-miss|p1a: Seeder|p2a: Kingambit\n|move|p2a: Kingambit|Swords Dance|p2a: Kingambit\n|-boost|p2a: Kingambit|atk|2\n|\n|upkeep\n|turn|18\n|\n|t:|1698422433\n|move|p1a: Seeder|Leech Seed|p2a: Kingambit\n|-start|p2a: Kingambit|move: Leech Seed\n|move|p2a: Kingambit|Kowtow Cleave|p1a: Seeder\n|-damage|p1a: Seeder|17\/100\n|-enditem|p1a: Seeder|Sitrus Berry|[eat]\n|-heal|p1a: Seeder|42\/100|[from] item: Sitrus Berry\n|\n|-damage|p2a: Kingambit|82\/100|[from] Leech Seed|[of] p1a: Seeder\n|-heal|p1a: Seeder|54\/100|[silent]\n|-fieldend|move: Electric Terrain\n|-item|p1a: Seeder|Sitrus Berry|[from] ability: Harvest\n|upkeep\n|turn|19\n|\n|t:|1698422443\n|move|p1a: Seeder|Protect|p1a: Seeder\n|-singleturn|p1a: Seeder|Protect\n|move|p2a: Kingambit|Kowtow Cleave|p1a: Seeder\n|-activate|p1a: Seeder|move: Protect\n|\n|-damage|p2a: Kingambit|70\/100|[from] Leech Seed|[of] p1a: Seeder\n|-heal|p1a: Seeder|66\/100|[silent]\n|upkeep\n|turn|20\n|l|\u2606Gamer Guy Man Dude\n|player|p2|\n|j|\u2606Gamer Guy Man Dude\n|player|p2|Gamer Guy Man Dude|102\n|\n|t:|1698422452\n|move|p1a: Seeder|Substitute|p1a: Seeder\n|-start|p1a: Seeder|Substitute\n|-damage|p1a: Seeder|42\/100\n|-enditem|p1a: Seeder|Sitrus Berry|[eat]\n|-heal|p1a: Seeder|66\/100|[from] item: Sitrus Berry\n|move|p2a: Kingambit|Kowtow Cleave|p1a: Seeder\n|-end|p1a: Seeder|Substitute\n|\n|-damage|p2a: Kingambit|57\/100|[from] Leech Seed|[of] p1a: Seeder\n|-heal|p1a: Seeder|79\/100|[silent]\n|-item|p1a: Seeder|Sitrus Berry|[from] ability: Harvest\n|upkeep\n|turn|21\n|\n|t:|1698422462\n|move|p1a: Seeder|Protect|p1a: Seeder\n|-singleturn|p1a: Seeder|Protect\n|move|p2a: Kingambit|Kowtow Cleave|p1a: Seeder\n|-activate|p1a: Seeder|move: Protect\n|\n|-damage|p2a: Kingambit|45\/100|[from] Leech Seed|[of] p1a: Seeder\n|-heal|p1a: Seeder|91\/100|[silent]\n|upkeep\n|turn|22\n|\n|t:|1698422469\n|switch|p2a: Zacian|Zacian-Crowned|100\/100\n|-damage|p2a: Zacian|94\/100|[from] Stealth Rock\n|-damage|p2a: Zacian|78\/100|[from] Spikes\n|-ability|p2a: Zacian|Intrepid Sword|boost\n|-boost|p2a: Zacian|atk|1\n|move|p1a: Seeder|Substitute|p1a: Seeder\n|-start|p1a: Seeder|Substitute\n|-damage|p1a: Seeder|66\/100\n|\n|upkeep\n|turn|23\n|\n|t:|1698422478\n|move|p2a: Zacian|Behemoth Blade|p1a: Seeder\n|-end|p1a: Seeder|Substitute\n|move|p1a: Seeder|Leech Seed|p2a: Zacian\n|-start|p2a: Zacian|move: Leech Seed\n|\n|-damage|p2a: Zacian|65\/100|[from] Leech Seed|[of] p1a: Seeder\n|-heal|p1a: Seeder|76\/100|[silent]\n|upkeep\n|turn|24\n|\n|t:|1698422484\n|move|p1a: Seeder|Protect|p1a: Seeder\n|-singleturn|p1a: Seeder|Protect\n|move|p2a: Zacian|Behemoth Blade|p1a: Seeder\n|-activate|p1a: Seeder|move: Protect\n|\n|-damage|p2a: Zacian|53\/100|[from] Leech Seed|[of] p1a: Seeder\n|-heal|p1a: Seeder|86\/100|[silent]\n|upkeep\n|turn|25\n|\n|t:|1698422491\n|move|p2a: Zacian|Behemoth Blade|p1a: Seeder\n|-damage|p1a: Seeder|14\/100\n|-enditem|p1a: Seeder|Sitrus Berry|[eat]\n|-heal|p1a: Seeder|39\/100|[from] item: Sitrus Berry\n|move|p1a: Seeder|Substitute|p1a: Seeder\n|-start|p1a: Seeder|Substitute\n|-damage|p1a: Seeder|14\/100\n|\n|-damage|p2a: Zacian|41\/100|[from] Leech Seed|[of] p1a: Seeder\n|-heal|p1a: Seeder|24\/100|[silent]\n|-item|p1a: Seeder|Sitrus Berry|[from] ability: Harvest\n|upkeep\n|-enditem|p1a: Seeder|Sitrus Berry|[eat]\n|-heal|p1a: Seeder|49\/100|[from] item: Sitrus Berry\n|turn|26\n|\n|t:|1698422503\n|move|p1a: Seeder|Protect|p1a: Seeder\n|-singleturn|p1a: Seeder|Protect\n|move|p2a: Zacian|Behemoth Blade|p1a: Seeder\n|-activate|p1a: Seeder|move: Protect\n|\n|-damage|p2a: Zacian|29\/100|[from] Leech Seed|[of] p1a: Seeder\n|-heal|p1a: Seeder|58\/100|[silent]\n|upkeep\n|turn|27\n|\n|t:|1698422510\n|move|p2a: Zacian|Behemoth Blade|p1a: Seeder\n|-end|p1a: Seeder|Substitute\n|move|p1a: Seeder|Substitute|p1a: Seeder\n|-start|p1a: Seeder|Substitute\n|-damage|p1a: Seeder|34\/100\n|\n|-damage|p2a: Zacian|16\/100|[from] Leech Seed|[of] p1a: Seeder\n|-heal|p1a: Seeder|44\/100|[silent]\n|-item|p1a: Seeder|Sitrus Berry|[from] ability: Harvest\n|upkeep\n|-enditem|p1a: Seeder|Sitrus Berry|[eat]\n|-heal|p1a: Seeder|68\/100|[from] item: Sitrus Berry\n|turn|28\n|c|\u2606Gamer Guy Man Dude|Stall is crazy\n|\n|t:|1698422521\n|move|p1a: Seeder|Protect|p1a: Seeder\n|-singleturn|p1a: Seeder|Protect\n|move|p2a: Zacian|Behemoth Blade|p1a: Seeder\n|-activate|p1a: Seeder|move: Protect\n|\n|-damage|p2a: Zacian|4\/100|[from] Leech Seed|[of] p1a: Seeder\n|-heal|p1a: Seeder|78\/100|[silent]\n|-item|p1a: Seeder|Sitrus Berry|[from] ability: Harvest\n|upkeep\n|turn|29\n|\n|t:|1698422530\n|move|p2a: Zacian|Behemoth Blade|p1a: Seeder\n|-end|p1a: Seeder|Substitute\n|move|p1a: Seeder|Substitute|p1a: Seeder\n|-start|p1a: Seeder|Substitute\n|-damage|p1a: Seeder|53\/100\n|\n|-damage|p2a: Zacian|0 fnt|[from] Leech Seed|[of] p1a: Seeder\n|-heal|p1a: Seeder|56\/100|[silent]\n|faint|p2a: Zacian\n|upkeep\n|\n|t:|1698422535\n|switch|p2a: Kingambit|Kingambit, F|45\/100\n|-damage|p2a: Kingambit|39\/100|[from] Stealth Rock\n|-item|p2a: Kingambit|Air Balloon\n|turn|30\n|\n|t:|1698422542\n|move|p1a: Seeder|Leech Seed|p2a: Kingambit\n|-start|p2a: Kingambit|move: Leech Seed\n|move|p2a: Kingambit|Kowtow Cleave|p1a: Seeder\n|-end|p1a: Seeder|Substitute\n|\n|-damage|p2a: Kingambit|26\/100|[from] Leech Seed|[of] p1a: Seeder\n|-heal|p1a: Seeder|69\/100|[silent]\n|upkeep\n|turn|31\n|inactive|Battle timer is ON: inactive players will automatically lose when time's up. (requested by maxgamingshell)\n|n|!Gamer Guy Man Dude|gamerguymandude\n|-message|Gamer Guy Man Dude forfeited.\n|\n|win|maxgamingshell\n|raw|maxgamingshell's rating: 1262 &rarr; <strong>1294<\/strong><br \/>(+32 for winning)\n|raw|Gamer Guy Man Dude's rating: 1366 &rarr; <strong>1340<\/strong><br \/>(-26 for losing)\n","uploadtime":1698422558,"views":8,"p1id":"maxgamingshell","p2id":"gamerguymandude","formatid":"gen9anythinggoes","rating":1294,"private":0,"password":""}