{"id":"gen9anythinggoes-1995050792","p1":"pepe1313","p2":"ToniMatematico","format":"[Gen 9] Anything Goes","log":"|j|\u2606pepe1313\n|j|\u2606ToniMatematico\n|t:|1700517244\n|gametype|singles\n|player|p1|pepe1313|giovanni|\n|player|p2|ToniMatematico|worker|\n|teamsize|p1|6\n|teamsize|p2|6\n|gen|9\n|tier|[Gen 9] Anything Goes\n|rule|HP Percentage Mod: HP is shown in percentages\n|rule|Endless Battle Clause: Forcing endless battles is banned\n|clearpoke\n|poke|p1|Iron Bundle|\n|poke|p1|Chi-Yu|\n|poke|p1|Kommo-o, F|\n|poke|p1|Murkrow, M|\n|poke|p1|Tornadus-Therian, M|\n|poke|p1|Toedscruel, M|\n|poke|p2|Dragapult, F|\n|poke|p2|Talonflame, M|\n|poke|p2|Rotom-Wash|\n|poke|p2|Glaceon, M|\n|poke|p2|Toxicroak, F|\n|poke|p2|Torterra, M|\n|teampreview\n|\n|t:|1700517263\n|start\n|switch|p1a: Tornadus|Tornadus-Therian, M|100\/100\n|switch|p2a: ToxiLloros|Toxicroak, F|100\/100\n|turn|1\n|\n|t:|1700517275\n|move|p1a: Tornadus|Psychic|p2a: ToxiLloros\n|-supereffective|p2a: ToxiLloros\n|-damage|p2a: ToxiLloros|0 fnt\n|faint|p2a: ToxiLloros\n|\n|upkeep\n|c|\u2606pepe1313|no llevo tera\n|\n|t:|1700517286\n|switch|p2a: Fr\u00eda ignorancia|Glaceon, M|100\/100\n|turn|2\n|c|\u2606pepe1313|tu llevas?\n|\n|t:|1700517303\n|-terastallize|p2a: Fr\u00eda ignorancia|Ice\n|move|p1a: Tornadus|Psychic|p2a: Fr\u00eda ignorancia\n|-damage|p2a: Fr\u00eda ignorancia|50\/100\n|move|p2a: Fr\u00eda ignorancia|Ice Beam|p1a: Tornadus\n|-supereffective|p1a: Tornadus\n|-damage|p1a: Tornadus|0 fnt\n|faint|p1a: Tornadus\n|\n|upkeep\n|\n|t:|1700517308\n|switch|p1a: Chi-Yu|Chi-Yu|100\/100\n|-ability|p1a: Chi-Yu|Beads of Ruin\n|turn|3\n|\n|t:|1700517321\n|move|p1a: Chi-Yu|Flame Charge|p2a: Fr\u00eda ignorancia\n|-supereffective|p2a: Fr\u00eda ignorancia\n|-damage|p2a: Fr\u00eda ignorancia|19\/100\n|-boost|p1a: Chi-Yu|spe|1\n|move|p2a: Fr\u00eda ignorancia|Ice Beam|p1a: Chi-Yu\n|-resisted|p1a: Chi-Yu\n|-damage|p1a: Chi-Yu|62\/100\n|\n|upkeep\n|turn|4\n|\n|t:|1700517329\n|move|p1a: Chi-Yu|Nasty Plot|p1a: Chi-Yu\n|-boost|p1a: Chi-Yu|spa|2\n|move|p2a: Fr\u00eda ignorancia|Ice Beam|p1a: Chi-Yu\n|-resisted|p1a: Chi-Yu\n|-damage|p1a: Chi-Yu|24\/100\n|\n|upkeep\n|turn|5\n|\n|t:|1700517336\n|move|p1a: Chi-Yu|Flame Charge|p2a: Fr\u00eda ignorancia\n|-supereffective|p2a: Fr\u00eda ignorancia\n|-damage|p2a: Fr\u00eda ignorancia|0 fnt\n|-boost|p1a: Chi-Yu|spe|1\n|faint|p2a: Fr\u00eda ignorancia\n|\n|upkeep\n|\n|t:|1700517351\n|switch|p2a: \u00c1lgebra B\u00e1sica|Dragapult, F, shiny|100\/100\n|turn|6\n|\n|t:|1700517356\n|move|p2a: \u00c1lgebra B\u00e1sica|Dragon Darts|p1a: Chi-Yu\n|-damage|p1a: Chi-Yu|0 fnt\n|faint|p1a: Chi-Yu\n|\n|upkeep\n|\n|t:|1700517367\n|switch|p1a: Iron Bundle|Iron Bundle, shiny|100\/100\n|-enditem|p1a: Iron Bundle|Booster Energy\n|-activate|p1a: Iron Bundle|ability: Quark Drive|[fromitem]\n|-start|p1a: Iron Bundle|quarkdrivespa\n|turn|7\n|\n|t:|1700517377\n|switch|p2a: Voy a tutor\u00eda|Talonflame, M|100\/100\n|move|p1a: Iron Bundle|Freeze-Dry|p2a: Voy a tutor\u00eda\n|-damage|p2a: Voy a tutor\u00eda|16\/100\n|\n|-heal|p2a: Voy a tutor\u00eda|22\/100|[from] item: Leftovers\n|upkeep\n|turn|8\n|\n|t:|1700517386\n|move|p1a: Iron Bundle|Freeze-Dry|p2a: Voy a tutor\u00eda\n|-damage|p2a: Voy a tutor\u00eda|0 fnt\n|faint|p2a: Voy a tutor\u00eda\n|\n|upkeep\n|\n|t:|1700517394\n|switch|p2a: Lavadora Rota|Rotom-Wash, shiny|100\/100\n|turn|9\n|\n|t:|1700517401\n|move|p1a: Iron Bundle|Freeze-Dry|p2a: Lavadora Rota\n|-supereffective|p2a: Lavadora Rota\n|-damage|p2a: Lavadora Rota|18\/100\n|move|p2a: Lavadora Rota|Thunderbolt|p1a: Iron Bundle\n|-supereffective|p1a: Iron Bundle\n|-damage|p1a: Iron Bundle|0 fnt\n|faint|p1a: Iron Bundle\n|-end|p1a: Iron Bundle|Quark Drive|[silent]\n|\n|-heal|p2a: Lavadora Rota|24\/100|[from] item: Leftovers\n|upkeep\n|\n|t:|1700517412\n|switch|p1a: Kommo-o|Kommo-o, F, shiny|100\/100\n|turn|10\n|\n|t:|1700517428\n|move|p1a: Kommo-o|Clangorous Soul|p1a: Kommo-o\n|-boost|p1a: Kommo-o|atk|1\n|-boost|p1a: Kommo-o|def|1\n|-boost|p1a: Kommo-o|spa|1\n|-boost|p1a: Kommo-o|spd|1\n|-boost|p1a: Kommo-o|spe|1\n|-damage|p1a: Kommo-o|68\/100\n|-enditem|p1a: Kommo-o|Throat Spray\n|-boost|p1a: Kommo-o|spa|1|[from] item: Throat Spray\n|move|p2a: Lavadora Rota|Thunderbolt|p1a: Kommo-o\n|-resisted|p1a: Kommo-o\n|-damage|p1a: Kommo-o|55\/100\n|\n|-heal|p2a: Lavadora Rota|30\/100|[from] item: Leftovers\n|upkeep\n|turn|11\n|\n|t:|1700517440\n|move|p1a: Kommo-o|Drain Punch|p2a: Lavadora Rota\n|-damage|p2a: Lavadora Rota|0 fnt\n|-heal|p1a: Kommo-o|71\/100|[from] drain|[of] p2a: Lavadora Rota\n|faint|p2a: Lavadora Rota\n|\n|upkeep\n|\n|t:|1700517448\n|switch|p2a: \u00c1lgebra B\u00e1sica|Dragapult, F, shiny|100\/100\n|turn|12\n|\n|t:|1700517453\n|move|p2a: \u00c1lgebra B\u00e1sica|Dragon Darts|p1a: Kommo-o\n|-supereffective|p1a: Kommo-o\n|-crit|p1a: Kommo-o\n|-damage|p1a: Kommo-o|8\/100\n|-anim|p2a: \u00c1lgebra B\u00e1sica|Dragon Darts|p1a: Kommo-o\n|-supereffective|p1a: Kommo-o\n|-damage|p1a: Kommo-o|0 fnt\n|faint|p1a: Kommo-o\n|\n|upkeep\n|\n|t:|1700517461\n|switch|p1a: Murkrow|Murkrow, M|100\/100\n|turn|13\n|\n|t:|1700517465\n|move|p1a: Murkrow|Thunder Wave|p2a: \u00c1lgebra B\u00e1sica\n|-status|p2a: \u00c1lgebra B\u00e1sica|par\n|move|p2a: \u00c1lgebra B\u00e1sica|Dragon Darts|p1a: Murkrow\n|-damage|p1a: Murkrow|68\/100\n|-anim|p2a: \u00c1lgebra B\u00e1sica|Dragon Darts|p1a: Murkrow\n|-damage|p1a: Murkrow|37\/100\n|-enditem|p1a: Murkrow|Eject Button\n|\n|t:|1700517469\n|switch|p1a: Toedscruel|Toedscruel, M|100\/100\n|\n|upkeep\n|turn|14\n|\n|t:|1700517475\n|cant|p2a: \u00c1lgebra B\u00e1sica|par\n|move|p1a: Toedscruel|Leech Seed|p2a: \u00c1lgebra B\u00e1sica|[miss]\n|-miss|p1a: Toedscruel|p2a: \u00c1lgebra B\u00e1sica\n|\n|upkeep\n|turn|15\n|\n|t:|1700517483\n|move|p2a: \u00c1lgebra B\u00e1sica|Dragon Darts|p1a: Toedscruel\n|-damage|p1a: Toedscruel|76\/100\n|-anim|p2a: \u00c1lgebra B\u00e1sica|Dragon Darts|p1a: Toedscruel\n|-damage|p1a: Toedscruel|50\/100\n|move|p1a: Toedscruel|Leech Seed|p2a: \u00c1lgebra B\u00e1sica\n|-start|p2a: \u00c1lgebra B\u00e1sica|move: Leech Seed\n|\n|-damage|p2a: \u00c1lgebra B\u00e1sica|88\/100 par|[from] Leech Seed|[of] p1a: Toedscruel\n|-heal|p1a: Toedscruel|63\/100|[silent]\n|upkeep\n|turn|16\n|\n|t:|1700517494\n|move|p2a: \u00c1lgebra B\u00e1sica|Dragon Darts|p1a: Toedscruel\n|-damage|p1a: Toedscruel|38\/100\n|-anim|p2a: \u00c1lgebra B\u00e1sica|Dragon Darts|p1a: Toedscruel\n|-damage|p1a: Toedscruel|13\/100\n|move|p1a: Toedscruel|Giga Drain|p2a: \u00c1lgebra B\u00e1sica\n|-resisted|p2a: \u00c1lgebra B\u00e1sica\n|-damage|p2a: \u00c1lgebra B\u00e1sica|71\/100 par\n|-heal|p1a: Toedscruel|23\/100|[from] drain|[of] p2a: \u00c1lgebra B\u00e1sica\n|\n|-damage|p2a: \u00c1lgebra B\u00e1sica|59\/100 par|[from] Leech Seed|[of] p1a: Toedscruel\n|-heal|p1a: Toedscruel|36\/100|[silent]\n|upkeep\n|turn|17\n|\n|t:|1700517506\n|cant|p2a: \u00c1lgebra B\u00e1sica|par\n|move|p1a: Toedscruel|Giga Drain|p2a: \u00c1lgebra B\u00e1sica\n|-resisted|p2a: \u00c1lgebra B\u00e1sica\n|-damage|p2a: \u00c1lgebra B\u00e1sica|41\/100 par\n|-heal|p1a: Toedscruel|45\/100|[from] drain|[of] p2a: \u00c1lgebra B\u00e1sica\n|\n|-damage|p2a: \u00c1lgebra B\u00e1sica|29\/100 par|[from] Leech Seed|[of] p1a: Toedscruel\n|-heal|p1a: Toedscruel|58\/100|[silent]\n|upkeep\n|turn|18\n|\n|t:|1700517518\n|move|p2a: \u00c1lgebra B\u00e1sica|Dragon Darts|p1a: Toedscruel\n|-damage|p1a: Toedscruel|32\/100\n|-anim|p2a: \u00c1lgebra B\u00e1sica|Dragon Darts|p1a: Toedscruel\n|-damage|p1a: Toedscruel|7\/100\n|move|p1a: Toedscruel|Giga Drain|p2a: \u00c1lgebra B\u00e1sica\n|-resisted|p2a: \u00c1lgebra B\u00e1sica\n|-damage|p2a: \u00c1lgebra B\u00e1sica|14\/100 par\n|-heal|p1a: Toedscruel|15\/100|[from] drain|[of] p2a: \u00c1lgebra B\u00e1sica\n|\n|-damage|p2a: \u00c1lgebra B\u00e1sica|1\/100 par|[from] Leech Seed|[of] p1a: Toedscruel\n|-heal|p1a: Toedscruel|28\/100|[silent]\n|upkeep\n|turn|19\n|\n|t:|1700517536\n|move|p2a: \u00c1lgebra B\u00e1sica|Dragon Darts|p1a: Toedscruel\n|-damage|p1a: Toedscruel|5\/100\n|-anim|p2a: \u00c1lgebra B\u00e1sica|Dragon Darts|p1a: Toedscruel\n|-damage|p1a: Toedscruel|0 fnt\n|faint|p1a: Toedscruel\n|\n|upkeep\n|\n|t:|1700517539\n|switch|p1a: Murkrow|Murkrow, M|37\/100\n|turn|20\n|c|\u2606pepe1313|gg\n|\n|t:|1700517552\n|move|p1a: Murkrow|Thunder Wave|p2a: \u00c1lgebra B\u00e1sica\n|-fail|p2a: \u00c1lgebra B\u00e1sica|par\n|move|p2a: \u00c1lgebra B\u00e1sica|Dragon Darts|p1a: Murkrow\n|-crit|p1a: Murkrow\n|-damage|p1a: Murkrow|0 fnt\n|faint|p1a: Murkrow\n|\n|win|ToniMatematico\n|l|\u2606pepe1313\n","uploadtime":1700518020,"views":20,"p1id":"pepe1313","p2id":"tonimatematico","formatid":"gen9anythinggoes","rating":0,"private":0,"password":""}