{"id":"gen9anythinggoes-1991771858","p1":"Thombrony","p2":"Marleydog","format":"[Gen 9] Anything Goes","log":"|j|\u2606Thombrony\n|j|\u2606Marleydog\n|t:|1700114450\n|gametype|singles\n|player|p1|Thombrony|iris-gen5bw2|1115\n|player|p2|Marleydog|1|1180\n|teamsize|p1|6\n|teamsize|p2|6\n|gen|9\n|tier|[Gen 9] Anything Goes\n|rated|\n|rule|HP Percentage Mod: HP is shown in percentages\n|rule|Endless Battle Clause: Forcing endless battles is banned\n|clearpoke\n|poke|p1|Hydreigon, M|\n|poke|p1|Ogerpon-Wellspring, F|\n|poke|p1|Volcarona, F|\n|poke|p1|Gardevoir, F|\n|poke|p1|Kingambit, F|\n|poke|p1|Haxorus, M|\n|poke|p2|Iron Valiant|\n|poke|p2|Palafin, F|\n|poke|p2|Gholdengo|\n|poke|p2|Espathra, F|\n|poke|p2|Chi-Yu|\n|poke|p2|Glimmora, F|\n|teampreview\n|\n|t:|1700114457\n|start\n|switch|p1a: Haxorus|Haxorus, M, shiny|100\/100\n|switch|p2a: Gholdengo|Gholdengo, shiny|100\/100\n|-ability|p1a: Haxorus|Mold Breaker\n|turn|1\n|\n|t:|1700114465\n|move|p1a: Haxorus|Dragon Dance|p1a: Haxorus\n|-boost|p1a: Haxorus|atk|1\n|-boost|p1a: Haxorus|spe|1\n|move|p2a: Gholdengo|Nasty Plot|p2a: Gholdengo\n|-boost|p2a: Gholdengo|spa|2\n|\n|upkeep\n|turn|2\n|\n|t:|1700114470\n|move|p1a: Haxorus|Earthquake|p2a: Gholdengo\n|-supereffective|p2a: Gholdengo\n|-damage|p2a: Gholdengo|0 fnt\n|faint|p2a: Gholdengo\n|-damage|p1a: Haxorus|91\/100|[from] item: Life Orb\n|\n|upkeep\n|\n|t:|1700114477\n|switch|p2a: Iron Valiant|Iron Valiant|100\/100\n|turn|3\n|\n|t:|1700114482\n|-terastallize|p1a: Haxorus|Ground\n|move|p1a: Haxorus|Earthquake|p2a: Iron Valiant\n|-damage|p2a: Iron Valiant|0 fnt\n|faint|p2a: Iron Valiant\n|-end|p2a: Iron Valiant|Quark Drive|[silent]\n|-damage|p1a: Haxorus|81\/100|[from] item: Life Orb\n|\n|upkeep\n|\n|t:|1700114486\n|switch|p2a: Palafin|Palafin, F|100\/100\n|turn|4\n|\n|t:|1700114494\n|move|p2a: Palafin|Jet Punch|p1a: Haxorus\n|-supereffective|p1a: Haxorus\n|-damage|p1a: Haxorus|17\/100\n|move|p1a: Haxorus|Dragon Claw|p2a: Palafin\n|-damage|p2a: Palafin|0 fnt\n|faint|p2a: Palafin\n|-damage|p1a: Haxorus|7\/100|[from] item: Life Orb\n|\n|upkeep\n|\n|t:|1700114506\n|switch|p2a: Glimmora|Glimmora, F|100\/100\n|turn|5\n|\n|t:|1700114511\n|move|p1a: Haxorus|Earthquake|p2a: Glimmora\n|-supereffective|p2a: Glimmora\n|-enditem|p2a: Glimmora|Focus Sash\n|-damage|p2a: Glimmora|1\/100\n|-activate|p2a: Glimmora|ability: Toxic Debris\n|-sidestart|p1: Thombrony|move: Toxic Spikes\n|-damage|p1a: Haxorus|0 fnt|[from] item: Life Orb\n|faint|p1a: Haxorus\n|move|p2a: Glimmora|Earth Power|p1: Haxorus|[notarget]\n|-fail|p2a: Glimmora\n|\n|upkeep\n|\n|t:|1700114516\n|switch|p1a: Ogerpon|Ogerpon-Wellspring, F|100\/100\n|-status|p1a: Ogerpon|psn\n|turn|6\n|\n|t:|1700114524\n|move|p1a: Ogerpon|Ivy Cudgel|p2a: Glimmora|[anim] Ivy Cudgel Water\n|-supereffective|p2a: Glimmora\n|-damage|p2a: Glimmora|0 fnt\n|-activate|p2a: Glimmora|ability: Toxic Debris\n|-sidestart|p1: Thombrony|move: Toxic Spikes\n|faint|p2a: Glimmora\n|\n|-damage|p1a: Ogerpon|88\/100 psn|[from] psn\n|upkeep\n|\n|t:|1700114530\n|switch|p2a: Espathra|Espathra, F, shiny|100\/100\n|turn|7\n|\n|t:|1700114537\n|move|p1a: Ogerpon|Knock Off|p2a: Espathra\n|-supereffective|p2a: Espathra\n|-damage|p2a: Espathra|3\/100\n|-enditem|p2a: Espathra|Heavy-Duty Boots|[from] move: Knock Off|[of] p1a: Ogerpon\n|move|p2a: Espathra|Calm Mind|p2a: Espathra\n|-boost|p2a: Espathra|spa|1\n|-boost|p2a: Espathra|spd|1\n|\n|-damage|p1a: Ogerpon|76\/100 psn|[from] psn\n|-ability|p2a: Espathra|Speed Boost|boost\n|-boost|p2a: Espathra|spe|1\n|upkeep\n|turn|8\n|\n|t:|1700114545\n|move|p2a: Espathra|Baton Pass|p2a: Espathra\n|\n|t:|1700114546\n|switch|p2a: Chi-Yu|Chi-Yu|100\/100|[from] Baton Pass\n|-ability|p2a: Chi-Yu|Beads of Ruin\n|move|p1a: Ogerpon|Knock Off|p2a: Chi-Yu\n|-resisted|p2a: Chi-Yu\n|-damage|p2a: Chi-Yu|68\/100\n|-enditem|p2a: Chi-Yu|Heavy-Duty Boots|[from] move: Knock Off|[of] p1a: Ogerpon\n|\n|-damage|p1a: Ogerpon|64\/100 psn|[from] psn\n|upkeep\n|turn|9\n|\n|t:|1700114553\n|-terastallize|p2a: Chi-Yu|Dark\n|move|p2a: Chi-Yu|Dark Pulse|p1a: Ogerpon\n|-damage|p1a: Ogerpon|0 fnt\n|faint|p1a: Ogerpon\n|\n|upkeep\n|\n|t:|1700114559\n|switch|p1a: Kingambit|Kingambit, F|100\/100\n|-activate|p1a: Kingambit|ability: Supreme Overlord\n|-start|p1a: Kingambit|fallen2|[silent]\n|turn|10\n|\n|t:|1700114569\n|move|p2a: Chi-Yu|Flamethrower|p1a: Kingambit\n|-supereffective|p1a: Kingambit\n|-damage|p1a: Kingambit|0 fnt\n|faint|p1a: Kingambit\n|-end|p1a: Kingambit|fallen2|[silent]\n|\n|upkeep\n|\n|t:|1700114581\n|switch|p1a: Volcarona|Volcarona, F, shiny|100\/100\n|-status|p1a: Volcarona|tox\n|turn|11\n|\n|t:|1700114593\n|move|p2a: Chi-Yu|Flamethrower|p1a: Volcarona\n|-damage|p1a: Volcarona|2\/100 tox\n|move|p1a: Volcarona|Quiver Dance|p1a: Volcarona\n|-boost|p1a: Volcarona|spa|1\n|-boost|p1a: Volcarona|spd|1\n|-boost|p1a: Volcarona|spe|1\n|\n|-damage|p1a: Volcarona|0 fnt|[from] psn\n|faint|p1a: Volcarona\n|upkeep\n|\n|t:|1700114598\n|switch|p1a: Hydreigon|Hydreigon, M|100\/100\n|turn|12\n|\n|t:|1700114608\n|move|p2a: Chi-Yu|Dark Pulse|p1a: Hydreigon\n|-resisted|p1a: Hydreigon\n|-damage|p1a: Hydreigon|32\/100\n|move|p1a: Hydreigon|Dragon Pulse|p2a: Chi-Yu\n|-damage|p2a: Chi-Yu|36\/100\n|\n|upkeep\n|turn|13\n|\n|t:|1700114614\n|move|p2a: Chi-Yu|Dark Pulse|p1a: Hydreigon\n|-resisted|p1a: Hydreigon\n|-damage|p1a: Hydreigon|0 fnt\n|faint|p1a: Hydreigon\n|\n|upkeep\n|\n|t:|1700114617\n|switch|p1a: Gardevoir|Gardevoir, F, shiny|100\/100\n|-status|p1a: Gardevoir|tox\n|turn|14\n|c|\u2606Marleydog|Gg\n|\n|t:|1700114626\n|move|p2a: Chi-Yu|Dark Pulse|p1a: Gardevoir\n|-damage|p1a: Gardevoir|21\/100 tox\n|move|p1a: Gardevoir|Dazzling Gleam|p2a: Chi-Yu\n|-supereffective|p2a: Chi-Yu\n|-damage|p2a: Chi-Yu|0 fnt\n|faint|p2a: Chi-Yu\n|\n|-damage|p1a: Gardevoir|15\/100 tox|[from] psn\n|upkeep\n|\n|t:|1700114630\n|switch|p2a: Espathra|Espathra, F, shiny|3\/100\n|turn|15\n|\n|t:|1700114639\n|move|p2a: Espathra|Protect|p2a: Espathra\n|-singleturn|p2a: Espathra|Protect\n|move|p1a: Gardevoir|Thunderbolt|p2a: Espathra\n|-activate|p2a: Espathra|move: Protect\n|\n|-damage|p1a: Gardevoir|3\/100 tox|[from] psn\n|-ability|p2a: Espathra|Speed Boost|boost\n|-boost|p2a: Espathra|spe|1\n|upkeep\n|turn|16\n|\n|t:|1700114644\n|move|p2a: Espathra|Protect|p2a: Espathra\n|-singleturn|p2a: Espathra|Protect\n|move|p1a: Gardevoir|Thunderbolt|p2a: Espathra\n|-activate|p2a: Espathra|move: Protect\n|\n|-damage|p1a: Gardevoir|0 fnt|[from] psn\n|faint|p1a: Gardevoir\n|\n|win|Marleydog\n|upkeep\n|raw|Thombrony's rating: 1115 &rarr; <strong>1095<\/strong><br \/>(-20 for losing)\n|raw|Marleydog's rating: 1180 &rarr; <strong>1200<\/strong><br \/>(+20 for winning)\n|l|\u2606Thombrony\n|l|\u2606Marleydog\n|j|\u2606Marleydog\n|player|p2|Marleydog|1\n","uploadtime":1700114724,"views":5,"p1id":"thombrony","p2id":"marleydog","formatid":"gen9anythinggoes","rating":1095,"private":0,"password":""}