{"id":"gen9anythinggoes-1975500379","p1":"GUESSWHOTPRADO","p2":"GigaBytes7","format":"[Gen 9] Anything Goes","log":"|j|\u2606GUESSWHOTPRADO\n|j|\u2606GigaBytes7\n|t:|1698198009\n|gametype|singles\n|player|p1|GUESSWHOTPRADO|102|1802\n|player|p2|GigaBytes7|elaine|1724\n|teamsize|p1|6\n|teamsize|p2|6\n|gen|9\n|tier|[Gen 9] Anything Goes\n|rated|\n|rule|HP Percentage Mod: HP is shown in percentages\n|rule|Endless Battle Clause: Forcing endless battles is banned\n|clearpoke\n|poke|p1|Calyrex-Shadow|\n|poke|p1|Miraidon|\n|poke|p1|Arceus-Ground|\n|poke|p1|Koraidon|\n|poke|p1|Arceus|\n|poke|p1|Kyogre|\n|poke|p2|Koraidon|\n|poke|p2|Miraidon|\n|poke|p2|Ting-Lu|\n|poke|p2|Calyrex-Shadow|\n|poke|p2|Arceus|\n|poke|p2|Arceus-Water|\n|teampreview\n|inactive|Battle timer is ON: inactive players will automatically lose when time's up. (requested by GigaBytes7)\n|\n|t:|1698198020\n|start\n|switch|p1a: Kyogre|Kyogre|100\/100\n|switch|p2a: Miraidon|Miraidon|100\/100\n|-fieldstart|move: Electric Terrain|[from] ability: Hadron Engine|[of] p2a: Miraidon\n|-weather|RainDance|[from] ability: Drizzle|[of] p1a: Kyogre\n|turn|1\n|\n|t:|1698198033\n|switch|p1a: Arceus|Arceus-Ground|100\/100\n|move|p2a: Miraidon|Draco Meteor|p1a: Arceus\n|-damage|p1a: Arceus|10\/100\n|-unboost|p2a: Miraidon|spa|2\n|\n|-weather|RainDance|[upkeep]\n|upkeep\n|turn|2\n|\n|t:|1698198044\n|move|p2a: Miraidon|Draco Meteor|p1a: Arceus|[miss]\n|-miss|p2a: Miraidon|p1a: Arceus\n|move|p1a: Arceus|Judgment|p2a: Miraidon\n|-supereffective|p2a: Miraidon\n|-damage|p2a: Miraidon|11\/100\n|\n|-weather|RainDance|[upkeep]\n|upkeep\n|turn|3\n|c|\u2606GigaBytes7|i love this game\n|\n|t:|1698198052\n|move|p2a: Miraidon|Draco Meteor|p1a: Arceus\n|-damage|p1a: Arceus|0 fnt\n|-unboost|p2a: Miraidon|spa|2\n|faint|p1a: Arceus\n|\n|-weather|RainDance|[upkeep]\n|upkeep\n|\n|t:|1698198068\n|switch|p1a: Kyogre|Kyogre|100\/100\n|turn|4\n|\n|t:|1698198072\n|switch|p2a: Arceus|Arceus-Water|100\/100\n|move|p1a: Kyogre|Surf|p2a: Arceus\n|-resisted|p2a: Arceus\n|-damage|p2a: Arceus|77\/100\n|\n|-weather|RainDance|[upkeep]\n|upkeep\n|turn|5\n|\n|t:|1698198079\n|switch|p2a: Koraidon|Koraidon|100\/100\n|-weather|SunnyDay|[from] ability: Orichalcum Pulse|[of] p2a: Koraidon\n|-activate|p2a: Koraidon|Orichalcum Pulse|[source]\n|move|p1a: Kyogre|Thunder|p2a: Koraidon|[miss]\n|-miss|p1a: Kyogre|p2a: Koraidon\n|\n|-weather|SunnyDay|[upkeep]\n|-fieldend|move: Electric Terrain\n|upkeep\n|turn|6\n|\n|t:|1698198087\n|move|p2a: Koraidon|U-turn|p1a: Kyogre\n|-damage|p1a: Kyogre|77\/100\n|\n|t:|1698198092\n|switch|p2a: Calyrex|Calyrex-Shadow|100\/100|[from] U-turn\n|-ability|p2a: Calyrex|As One\n|-ability|p2a: Calyrex|Unnerve\n|move|p1a: Kyogre|Thunder Wave|p2a: Calyrex\n|-status|p2a: Calyrex|par\n|\n|-weather|SunnyDay|[upkeep]\n|-heal|p1a: Kyogre|83\/100|[from] item: Leftovers\n|upkeep\n|turn|7\n|j| Coomie1\n|\n|t:|1698198105\n|switch|p1a: Arceus|Arceus|100\/100\n|cant|p2a: Calyrex|par\n|\n|-weather|SunnyDay|[upkeep]\n|upkeep\n|turn|8\n|\n|t:|1698198111\n|move|p1a: Arceus|Shadow Claw|p2a: Calyrex\n|-supereffective|p2a: Calyrex\n|-damage|p2a: Calyrex|4\/100 par\n|move|p2a: Calyrex|Encore|p1a: Arceus\n|-start|p1a: Arceus|Encore\n|\n|-weather|SunnyDay|[upkeep]\n|upkeep\n|turn|9\n|\n|t:|1698198120\n|switch|p1a: Kyogre|Kyogre|83\/100\n|-weather|RainDance|[from] ability: Drizzle|[of] p1a: Kyogre\n|switch|p2a: Arceus|Arceus|100\/100\n|\n|-weather|RainDance|[upkeep]\n|-heal|p1a: Kyogre|89\/100|[from] item: Leftovers\n|upkeep\n|turn|10\n|\n|t:|1698198131\n|switch|p2a: Calyrex|Calyrex-Shadow|4\/100 par\n|-ability|p2a: Calyrex|As One\n|-ability|p2a: Calyrex|Unnerve\n|move|p1a: Kyogre|Surf|p2a: Calyrex\n|-damage|p2a: Calyrex|0 fnt\n|faint|p2a: Calyrex\n|\n|-weather|RainDance|[upkeep]\n|-heal|p1a: Kyogre|96\/100|[from] item: Leftovers\n|upkeep\n|\n|t:|1698198134\n|switch|p2a: Miraidon|Miraidon|11\/100\n|-fieldstart|move: Electric Terrain|[from] ability: Hadron Engine|[of] p2a: Miraidon\n|turn|11\n|\n|t:|1698198147\n|-terastallize|p1a: Kyogre|Grass\n|move|p2a: Miraidon|Volt Switch|p1a: Kyogre\n|-resisted|p1a: Kyogre\n|-damage|p1a: Kyogre|65\/100\n|\n|t:|1698198150\n|switch|p2a: Koraidon|Koraidon|100\/100|[from] Volt Switch\n|-weather|SunnyDay|[from] ability: Orichalcum Pulse|[of] p2a: Koraidon\n|-activate|p2a: Koraidon|Orichalcum Pulse|[source]\n|move|p1a: Kyogre|Ice Beam|p2a: Koraidon\n|-supereffective|p2a: Koraidon\n|-damage|p2a: Koraidon|37\/100\n|\n|-weather|SunnyDay|[upkeep]\n|-heal|p1a: Kyogre|71\/100|[from] item: Leftovers\n|upkeep\n|turn|12\n|\n|t:|1698198162\n|switch|p1a: Arceus|Arceus|100\/100\n|move|p2a: Koraidon|U-turn|p1a: Arceus\n|-damage|p1a: Arceus|79\/100\n|-damage|p2a: Koraidon|21\/100|[from] item: Rocky Helmet|[of] p1a: Arceus\n|\n|t:|1698198170\n|switch|p2a: Arceus|Arceus-Water|77\/100|[from] U-turn\n|\n|-weather|SunnyDay|[upkeep]\n|upkeep\n|turn|13\n|\n|t:|1698198174\n|switch|p1a: Kyogre|Kyogre, tera:Grass|71\/100\n|-weather|RainDance|[from] ability: Drizzle|[of] p1a: Kyogre\n|move|p2a: Arceus|Will-O-Wisp|p1a: Kyogre|[miss]\n|-miss|p2a: Arceus|p1a: Kyogre\n|\n|-weather|RainDance|[upkeep]\n|-heal|p1a: Kyogre|77\/100|[from] item: Leftovers\n|upkeep\n|turn|14\n|\n|t:|1698198183\n|move|p2a: Arceus|Ice Beam|p1a: Kyogre\n|-supereffective|p1a: Kyogre\n|-damage|p1a: Kyogre|44\/100\n|move|p1a: Kyogre|Thunder|p2a: Arceus\n|-supereffective|p2a: Arceus\n|-damage|p2a: Arceus|4\/100\n|-status|p2a: Arceus|par\n|\n|-weather|RainDance|[upkeep]\n|-heal|p1a: Kyogre|50\/100|[from] item: Leftovers\n|upkeep\n|turn|15\n|\n|t:|1698198193\n|move|p1a: Kyogre|Surf|p2a: Arceus\n|-resisted|p2a: Arceus\n|-damage|p2a: Arceus|0 fnt\n|faint|p2a: Arceus\n|\n|-weather|RainDance|[upkeep]\n|-heal|p1a: Kyogre|56\/100|[from] item: Leftovers\n|-fieldend|move: Electric Terrain\n|upkeep\n|\n|t:|1698198195\n|switch|p2a: Miraidon|Miraidon|11\/100\n|-fieldstart|move: Electric Terrain|[from] ability: Hadron Engine|[of] p2a: Miraidon\n|turn|16\n|\n|t:|1698198203\n|move|p2a: Miraidon|Draco Meteor|p1a: Kyogre\n|-damage|p1a: Kyogre|0 fnt\n|-unboost|p2a: Miraidon|spa|2\n|faint|p1a: Kyogre\n|\n|-weather|RainDance|[upkeep]\n|upkeep\n|\n|t:|1698198212\n|switch|p1a: Calyrex|Calyrex-Shadow|100\/100\n|-ability|p1a: Calyrex|As One\n|-ability|p1a: Calyrex|Unnerve\n|turn|17\n|\n|t:|1698198216\n|switch|p2a: Ting-Lu|Ting-Lu|100\/100\n|-ability|p2a: Ting-Lu|Vessel of Ruin\n|move|p1a: Calyrex|Will-O-Wisp|p2a: Ting-Lu\n|-status|p2a: Ting-Lu|brn\n|\n|-weather|none\n|-damage|p2a: Ting-Lu|94\/100 brn|[from] brn\n|upkeep\n|turn|18\n|\n|t:|1698198227\n|switch|p1a: Koraidon|Koraidon|100\/100\n|-weather|SunnyDay|[from] ability: Orichalcum Pulse|[of] p1a: Koraidon\n|-activate|p1a: Koraidon|Orichalcum Pulse|[source]\n|move|p2a: Ting-Lu|Stealth Rock|p1a: Koraidon\n|-sidestart|p1: GUESSWHOTPRADO|move: Stealth Rock\n|\n|-weather|SunnyDay|[upkeep]\n|-heal|p2a: Ting-Lu|100\/100 brn|[from] item: Leftovers\n|-damage|p2a: Ting-Lu|94\/100 brn|[from] brn\n|upkeep\n|turn|19\n|\n|t:|1698198237\n|switch|p2a: Miraidon|Miraidon|11\/100\n|-activate|p2a: Miraidon|ability: Hadron Engine\n|move|p1a: Koraidon|Collision Course|p2a: Miraidon\n|-damage|p2a: Miraidon|0 fnt\n|faint|p2a: Miraidon\n|\n|-weather|SunnyDay|[upkeep]\n|upkeep\n|\n|t:|1698198246\n|switch|p2a: Arceus|Arceus|100\/100\n|turn|20\n|\n|t:|1698198250\n|switch|p1a: Arceus|Arceus|79\/100\n|-damage|p1a: Arceus|67\/100|[from] Stealth Rock\n|-terastallize|p2a: Arceus|Ghost\n|move|p2a: Arceus|Shadow Claw|p1a: Arceus\n|-immune|p1a: Arceus\n|\n|-weather|SunnyDay|[upkeep]\n|-fieldend|move: Electric Terrain\n|upkeep\n|turn|21\n|\n|t:|1698198258\n|move|p1a: Arceus|Bulk Up|p1a: Arceus\n|-boost|p1a: Arceus|atk|1\n|-boost|p1a: Arceus|def|1\n|move|p2a: Arceus|Swords Dance|p2a: Arceus\n|-boost|p2a: Arceus|atk|2\n|\n|-weather|SunnyDay|[upkeep]\n|upkeep\n|turn|22\n|\n|t:|1698198265\n|move|p1a: Arceus|Recover|p1a: Arceus\n|-heal|p1a: Arceus|100\/100\n|move|p2a: Arceus|Swords Dance|p2a: Arceus\n|-boost|p2a: Arceus|atk|2\n|\n|-weather|none\n|upkeep\n|turn|23\n|\n|t:|1698198269\n|move|p1a: Arceus|Bulk Up|p1a: Arceus\n|-boost|p1a: Arceus|atk|1\n|-boost|p1a: Arceus|def|1\n|move|p2a: Arceus|Swords Dance|p2a: Arceus\n|-boost|p2a: Arceus|atk|2\n|\n|upkeep\n|turn|24\n|\n|t:|1698198272\n|move|p1a: Arceus|Extreme Speed|p2a: Arceus\n|-immune|p2a: Arceus\n|move|p2a: Arceus|Extreme Speed|p1a: Arceus\n|-damage|p1a: Arceus|46\/100\n|-damage|p2a: Arceus|84\/100|[from] item: Rocky Helmet|[of] p1a: Arceus\n|\n|upkeep\n|turn|25\n|\n|t:|1698198275\n|move|p2a: Arceus|Extreme Speed|p1a: Arceus\n|-damage|p1a: Arceus|0 fnt\n|-damage|p2a: Arceus|67\/100|[from] item: Rocky Helmet|[of] p1a: Arceus\n|faint|p1a: Arceus\n|\n|upkeep\n|\n|t:|1698198281\n|switch|p1a: Calyrex|Calyrex-Shadow|100\/100\n|-ability|p1a: Calyrex|As One\n|-ability|p1a: Calyrex|Unnerve\n|turn|26\n|\n|t:|1698198286\n|switch|p2a: Ting-Lu|Ting-Lu|94\/100 brn\n|-ability|p2a: Ting-Lu|Vessel of Ruin\n|move|p1a: Calyrex|Will-O-Wisp|p2a: Ting-Lu\n|-fail|p2a: Ting-Lu|brn\n|\n|-heal|p2a: Ting-Lu|100\/100 brn|[from] item: Leftovers\n|-damage|p2a: Ting-Lu|94\/100 brn|[from] brn\n|upkeep\n|turn|27\n|c|\u2606GUESSWHOTPRADO|miss click\n|c|\u2606GUESSWHOTPRADO|hahahahaha\n|c|\u2606GUESSWHOTPRADO|you were dead\n|c|\u2606GigaBytes7|rip\n|\n|t:|1698198308\n|switch|p1a: Miraidon|Miraidon|100\/100\n|-damage|p1a: Miraidon|88\/100|[from] Stealth Rock\n|-fieldstart|move: Electric Terrain|[from] ability: Hadron Engine|[of] p1a: Miraidon\n|move|p2a: Ting-Lu|Spikes|p1a: Miraidon\n|-sidestart|p1: GUESSWHOTPRADO|Spikes\n|\n|-heal|p1a: Miraidon|94\/100|[from] item: Leftovers\n|-heal|p2a: Ting-Lu|100\/100 brn|[from] item: Leftovers\n|-damage|p2a: Ting-Lu|94\/100 brn|[from] brn\n|upkeep\n|turn|28\n|\n|t:|1698198319\n|move|p1a: Miraidon|Dazzling Gleam|p2a: Ting-Lu\n|-supereffective|p2a: Ting-Lu\n|-damage|p2a: Ting-Lu|58\/100 brn\n|move|p2a: Ting-Lu|Spikes|p1a: Miraidon\n|-sidestart|p1: GUESSWHOTPRADO|Spikes\n|\n|-heal|p1a: Miraidon|100\/100|[from] item: Leftovers\n|-heal|p2a: Ting-Lu|64\/100 brn|[from] item: Leftovers\n|-damage|p2a: Ting-Lu|58\/100 brn|[from] brn\n|upkeep\n|turn|29\n|\n|t:|1698198325\n|move|p1a: Miraidon|Dazzling Gleam|p2a: Ting-Lu\n|-supereffective|p2a: Ting-Lu\n|-damage|p2a: Ting-Lu|23\/100 brn\n|move|p2a: Ting-Lu|Whirlwind|p1a: Miraidon\n|drag|p1a: Calyrex|Calyrex-Shadow|100\/100\n|-ability|p1a: Calyrex|As One\n|-ability|p1a: Calyrex|Unnerve\n|\n|-heal|p2a: Ting-Lu|30\/100 brn|[from] item: Leftovers\n|-damage|p2a: Ting-Lu|23\/100 brn|[from] brn\n|upkeep\n|turn|30\n|\n|t:|1698198336\n|move|p1a: Calyrex|Astral Barrage|p2a: Ting-Lu\n|-resisted|p2a: Ting-Lu\n|-damage|p2a: Ting-Lu|9\/100 brn\n|move|p2a: Ting-Lu|Earthquake|p1a: Calyrex\n|-crit|p1a: Calyrex\n|-damage|p1a: Calyrex|64\/100\n|\n|-heal|p2a: Ting-Lu|15\/100 brn|[from] item: Leftovers\n|-damage|p2a: Ting-Lu|9\/100 brn|[from] brn\n|upkeep\n|turn|31\n|\n|t:|1698198346\n|move|p1a: Calyrex|Astral Barrage|p2a: Ting-Lu\n|-resisted|p2a: Ting-Lu\n|-damage|p2a: Ting-Lu|0 fnt\n|faint|p2a: Ting-Lu\n|-ability|p1a: Calyrex|Grim Neigh|boost\n|-boost|p1a: Calyrex|spa|1\n|\n|-fieldend|move: Electric Terrain\n|upkeep\n|\n|t:|1698198350\n|switch|p2a: Koraidon|Koraidon|21\/100\n|-weather|SunnyDay|[from] ability: Orichalcum Pulse|[of] p2a: Koraidon\n|-activate|p2a: Koraidon|Orichalcum Pulse|[source]\n|turn|32\n|\n|t:|1698198360\n|switch|p1a: Miraidon|Miraidon|100\/100\n|-damage|p1a: Miraidon|88\/100|[from] Stealth Rock\n|-damage|p1a: Miraidon|72\/100|[from] Spikes\n|-fieldstart|move: Electric Terrain|[from] ability: Hadron Engine|[of] p1a: Miraidon\n|move|p2a: Koraidon|U-turn|p1a: Miraidon\n|-damage|p1a: Miraidon|37\/100\n|\n|t:|1698198363\n|switch|p2a: Arceus|Arceus, tera:Ghost|67\/100|[from] U-turn\n|\n|-weather|SunnyDay|[upkeep]\n|-heal|p1a: Miraidon|44\/100|[from] item: Leftovers\n|upkeep\n|turn|33\n|\n|t:|1698198373\n|move|p2a: Arceus|Extreme Speed|p1a: Miraidon\n|-damage|p1a: Miraidon|2\/100\n|move|p1a: Miraidon|Electro Drift|p2a: Arceus\n|-damage|p2a: Arceus|1\/100\n|\n|-weather|SunnyDay|[upkeep]\n|-heal|p1a: Miraidon|8\/100|[from] item: Leftovers\n|upkeep\n|turn|34\n|\n|t:|1698198382\n|move|p2a: Arceus|Extreme Speed|p1a: Miraidon\n|-crit|p1a: Miraidon\n|-damage|p1a: Miraidon|0 fnt\n|faint|p1a: Miraidon\n|\n|-weather|SunnyDay|[upkeep]\n|upkeep\n|\n|t:|1698198387\n|switch|p1a: Calyrex|Calyrex-Shadow|64\/100\n|-ability|p1a: Calyrex|As One\n|-ability|p1a: Calyrex|Unnerve\n|turn|35\n|\n|t:|1698198394\n|move|p1a: Calyrex|Astral Barrage|p2a: Arceus\n|-supereffective|p2a: Arceus\n|-damage|p2a: Arceus|0 fnt\n|faint|p2a: Arceus\n|-ability|p1a: Calyrex|Grim Neigh|boost\n|-boost|p1a: Calyrex|spa|1\n|\n|-weather|SunnyDay|[upkeep]\n|upkeep\n|\n|t:|1698198395\n|switch|p2a: Koraidon|Koraidon|21\/100\n|-activate|p2a: Koraidon|ability: Orichalcum Pulse\n|turn|36\n|c|\u2606GigaBytes7|gg\n|\n|t:|1698198404\n|move|p2a: Koraidon|Flare Blitz|p1a: Calyrex\n|-damage|p1a: Calyrex|0 fnt\n|faint|p1a: Calyrex\n|-damage|p2a: Koraidon|0 fnt|[from] Recoil\n|faint|p2a: Koraidon\n|\n|win|GUESSWHOTPRADO\n|raw|GUESSWHOTPRADO's rating: 1802 &rarr; <strong>1818<\/strong><br \/>(+16 for winning)\n|raw|GigaBytes7's rating: 1724 &rarr; <strong>1708<\/strong><br \/>(-16 for losing)\n|c|\u2606GUESSWHOTPRADO|gg\n|c|\u2606GigaBytes7|i dont have outrage for some dumb reason\n","uploadtime":1698198413,"views":13,"p1id":"guesswhotprado","p2id":"gigabytes7","formatid":"gen9anythinggoes","rating":1708,"private":0,"password":""}