{"id":"gen9anythinggoes-1994289171","p1":"jgjvg","p2":"TheFastFoodXY","format":"[Gen 9] Anything Goes","log":"|j|\u2606jgjvg\n|j|\u2606TheFastFoodXY\n|t:|1700427461\n|gametype|singles\n|player|p1|jgjvg|veteran|1069\n|player|p2|TheFastFoodXY|266|1109\n|teamsize|p1|6\n|teamsize|p2|6\n|gen|9\n|tier|[Gen 9] Anything Goes\n|rated|\n|rule|HP Percentage Mod: HP is shown in percentages\n|rule|Endless Battle Clause: Forcing endless battles is banned\n|clearpoke\n|poke|p1|Vivillon-Pokeball, F|\n|poke|p1|Manaphy|\n|poke|p1|Pikachu, F|\n|poke|p1|Donphan, L1, F|\n|poke|p1|Uxie|\n|poke|p1|Jumpluff, F|\n|poke|p2|Toxapex, F|\n|poke|p2|Ting-Lu|\n|poke|p2|Koraidon|\n|poke|p2|Walking Wake|\n|poke|p2|Corviknight, M|\n|poke|p2|Miraidon|\n|teampreview\n|\n|t:|1700427478\n|start\n|switch|p1a: Donphan|Donphan, L1, F|100\/100\n|switch|p2a: Ting-Lu|Ting-Lu|100\/100\n|-ability|p2a: Ting-Lu|Vessel of Ruin\n|turn|1\n|\n|t:|1700427489\n|move|p2a: Ting-Lu|Spikes|p1a: Donphan\n|-sidestart|p1: jgjvg|Spikes\n|move|p1a: Donphan|Endeavor|p2a: Ting-Lu\n|-damage|p2a: Ting-Lu|3\/100\n|\n|-heal|p2a: Ting-Lu|9\/100|[from] item: Leftovers\n|upkeep\n|turn|2\n|\n|t:|1700427502\n|move|p2a: Ting-Lu|Ruination|p1a: Donphan\n|-damage|p1a: Donphan|54\/100\n|move|p1a: Donphan|Fissure|p2a: Ting-Lu\n|-immune|p2a: Ting-Lu|[ohko]\n|\n|-heal|p2a: Ting-Lu|15\/100|[from] item: Leftovers\n|upkeep\n|turn|3\n|\n|t:|1700427509\n|move|p2a: Ting-Lu|Ruination|p1a: Donphan\n|-damage|p1a: Donphan|31\/100\n|move|p1a: Donphan|Endeavor|p2a: Ting-Lu\n|-damage|p2a: Ting-Lu|1\/100\n|-heal|p1a: Donphan|100\/100|[from] item: Shell Bell|[of] p2a: Ting-Lu\n|\n|-heal|p2a: Ting-Lu|8\/100|[from] item: Leftovers\n|upkeep\n|turn|4\n|\n|t:|1700427518\n|move|p1a: Donphan|Ice Shard|p2a: Ting-Lu\n|-supereffective|p2a: Ting-Lu\n|-damage|p2a: Ting-Lu|7\/100\n|move|p2a: Ting-Lu|Ruination|p1a: Donphan\n|-damage|p1a: Donphan|54\/100\n|\n|-heal|p2a: Ting-Lu|13\/100|[from] item: Leftovers\n|upkeep\n|turn|5\n|\n|t:|1700427526\n|move|p2a: Ting-Lu|Earthquake|p1a: Donphan\n|-damage|p1a: Donphan|0 fnt\n|faint|p1a: Donphan\n|\n|-heal|p2a: Ting-Lu|20\/100|[from] item: Leftovers\n|upkeep\n|\n|t:|1700427530\n|switch|p1a: Jumpluff|Jumpluff, F|100\/100\n|turn|6\n|\n|t:|1700427535\n|move|p1a: Jumpluff|Tailwind|p1a: Jumpluff\n|-sidestart|p1: jgjvg|move: Tailwind\n|move|p2a: Ting-Lu|Ruination|p1a: Jumpluff\n|-damage|p1a: Jumpluff|50\/100\n|\n|-heal|p2a: Ting-Lu|26\/100|[from] item: Leftovers\n|upkeep\n|turn|7\n|\n|t:|1700427546\n|move|p1a: Jumpluff|Memento|p2a: Ting-Lu\n|-unboost|p2a: Ting-Lu|atk|2\n|-unboost|p2a: Ting-Lu|spa|2\n|faint|p1a: Jumpluff\n|move|p2a: Ting-Lu|Ruination|p1: Jumpluff|[notarget]\n|-fail|p2a: Ting-Lu\n|\n|-heal|p2a: Ting-Lu|32\/100|[from] item: Leftovers\n|upkeep\n|\n|t:|1700427551\n|switch|p1a: Vivillon|Vivillon-Pokeball, F|100\/100\n|turn|8\n|\n|t:|1700427560\n|-terastallize|p2a: Ting-Lu|Steel\n|move|p1a: Vivillon|Sleep Powder|p2a: Ting-Lu\n|-status|p2a: Ting-Lu|slp|[from] move: Sleep Powder\n|cant|p2a: Ting-Lu|slp\n|\n|-heal|p2a: Ting-Lu|38\/100 slp|[from] item: Leftovers\n|upkeep\n|turn|9\n|\n|t:|1700427570\n|switch|p2a: Miraidon|Miraidon|100\/100\n|-fieldstart|move: Electric Terrain|[from] ability: Hadron Engine|[of] p2a: Miraidon\n|move|p1a: Vivillon|Substitute|p1a: Vivillon\n|-start|p1a: Vivillon|Substitute\n|-damage|p1a: Vivillon|76\/100\n|\n|-heal|p1a: Vivillon|82\/100|[from] item: Leftovers\n|-sideend|p1: jgjvg|move: Tailwind\n|upkeep\n|turn|10\n|\n|t:|1700427580\n|move|p2a: Miraidon|Calm Mind|p2a: Miraidon\n|-boost|p2a: Miraidon|spa|1\n|-boost|p2a: Miraidon|spd|1\n|move|p1a: Vivillon|Quiver Dance|p1a: Vivillon\n|-boost|p1a: Vivillon|spa|1\n|-boost|p1a: Vivillon|spd|1\n|-boost|p1a: Vivillon|spe|1\n|\n|-heal|p1a: Vivillon|88\/100|[from] item: Leftovers\n|upkeep\n|turn|11\n|\n|t:|1700427593\n|move|p1a: Vivillon|Quiver Dance|p1a: Vivillon\n|-boost|p1a: Vivillon|spa|1\n|-boost|p1a: Vivillon|spd|1\n|-boost|p1a: Vivillon|spe|1\n|move|p2a: Miraidon|Electro Drift|p1a: Vivillon\n|-supereffective|p1a: Vivillon\n|-end|p1a: Vivillon|Substitute\n|-damage|p2a: Miraidon|91\/100|[from] item: Life Orb\n|\n|-heal|p1a: Vivillon|94\/100|[from] item: Leftovers\n|upkeep\n|turn|12\n|\n|t:|1700427603\n|move|p1a: Vivillon|Substitute|p1a: Vivillon\n|-start|p1a: Vivillon|Substitute\n|-damage|p1a: Vivillon|69\/100\n|move|p2a: Miraidon|Electro Drift|p1a: Vivillon\n|-supereffective|p1a: Vivillon\n|-end|p1a: Vivillon|Substitute\n|-damage|p2a: Miraidon|81\/100|[from] item: Life Orb\n|\n|-heal|p1a: Vivillon|75\/100|[from] item: Leftovers\n|upkeep\n|turn|13\n|\n|t:|1700427612\n|move|p1a: Vivillon|Substitute|p1a: Vivillon\n|-start|p1a: Vivillon|Substitute\n|-damage|p1a: Vivillon|50\/100\n|move|p2a: Miraidon|Electro Drift|p1a: Vivillon\n|-supereffective|p1a: Vivillon\n|-end|p1a: Vivillon|Substitute\n|-damage|p2a: Miraidon|71\/100|[from] item: Life Orb\n|\n|-heal|p1a: Vivillon|56\/100|[from] item: Leftovers\n|-fieldend|move: Electric Terrain\n|upkeep\n|turn|14\n|\n|t:|1700427622\n|move|p1a: Vivillon|Sleep Powder|p2a: Miraidon\n|-status|p2a: Miraidon|slp|[from] move: Sleep Powder\n|cant|p2a: Miraidon|slp\n|\n|-heal|p1a: Vivillon|62\/100|[from] item: Leftovers\n|upkeep\n|turn|15\n|\n|t:|1700427629\n|move|p1a: Vivillon|Substitute|p1a: Vivillon\n|-start|p1a: Vivillon|Substitute\n|-damage|p1a: Vivillon|37\/100\n|-curestatus|p2a: Miraidon|slp|[msg]\n|move|p2a: Miraidon|Electro Drift|p1a: Vivillon\n|-supereffective|p1a: Vivillon\n|-end|p1a: Vivillon|Substitute\n|-damage|p2a: Miraidon|61\/100|[from] item: Life Orb\n|\n|-heal|p1a: Vivillon|43\/100|[from] item: Leftovers\n|upkeep\n|turn|16\n|\n|t:|1700427640\n|move|p1a: Vivillon|Sleep Powder|p2a: Miraidon\n|-status|p2a: Miraidon|slp|[from] move: Sleep Powder\n|cant|p2a: Miraidon|slp\n|\n|-heal|p1a: Vivillon|49\/100|[from] item: Leftovers\n|upkeep\n|turn|17\n|\n|t:|1700427646\n|move|p1a: Vivillon|Substitute|p1a: Vivillon\n|-start|p1a: Vivillon|Substitute\n|-damage|p1a: Vivillon|24\/100\n|cant|p2a: Miraidon|slp\n|\n|-heal|p1a: Vivillon|30\/100|[from] item: Leftovers\n|upkeep\n|turn|18\n|\n|t:|1700427652\n|move|p1a: Vivillon|Quiver Dance|p1a: Vivillon\n|-boost|p1a: Vivillon|spa|1\n|-boost|p1a: Vivillon|spd|1\n|-boost|p1a: Vivillon|spe|1\n|-curestatus|p2a: Miraidon|slp|[msg]\n|move|p2a: Miraidon|Electro Drift|p1a: Vivillon\n|-supereffective|p1a: Vivillon\n|-end|p1a: Vivillon|Substitute\n|-damage|p2a: Miraidon|51\/100|[from] item: Life Orb\n|\n|-heal|p1a: Vivillon|36\/100|[from] item: Leftovers\n|upkeep\n|turn|19\n|\n|t:|1700427663\n|move|p1a: Vivillon|Sleep Powder|p2a: Miraidon\n|-status|p2a: Miraidon|slp|[from] move: Sleep Powder\n|cant|p2a: Miraidon|slp\n|\n|-heal|p1a: Vivillon|42\/100|[from] item: Leftovers\n|upkeep\n|turn|20\n|\n|t:|1700427670\n|move|p1a: Vivillon|Substitute|p1a: Vivillon\n|-start|p1a: Vivillon|Substitute\n|-damage|p1a: Vivillon|17\/100\n|-curestatus|p2a: Miraidon|slp|[msg]\n|move|p2a: Miraidon|Electro Drift|p1a: Vivillon\n|-supereffective|p1a: Vivillon\n|-end|p1a: Vivillon|Substitute\n|-damage|p2a: Miraidon|41\/100|[from] item: Life Orb\n|\n|-heal|p1a: Vivillon|23\/100|[from] item: Leftovers\n|upkeep\n|turn|21\n|\n|t:|1700427680\n|move|p1a: Vivillon|Sleep Powder|p2a: Miraidon\n|-status|p2a: Miraidon|slp|[from] move: Sleep Powder\n|cant|p2a: Miraidon|slp\n|\n|-heal|p1a: Vivillon|29\/100|[from] item: Leftovers\n|upkeep\n|turn|22\n|\n|t:|1700427687\n|move|p1a: Vivillon|Substitute|p1a: Vivillon\n|-start|p1a: Vivillon|Substitute\n|-damage|p1a: Vivillon|4\/100\n|cant|p2a: Miraidon|slp\n|\n|-heal|p1a: Vivillon|10\/100|[from] item: Leftovers\n|upkeep\n|turn|23\n|\n|t:|1700427696\n|move|p1a: Vivillon|Quiver Dance|p1a: Vivillon\n|-boost|p1a: Vivillon|spa|1\n|-boost|p1a: Vivillon|spd|1\n|-boost|p1a: Vivillon|spe|1\n|cant|p2a: Miraidon|slp\n|\n|-heal|p1a: Vivillon|16\/100|[from] item: Leftovers\n|upkeep\n|turn|24\n|\n|t:|1700427705\n|move|p1a: Vivillon|Quiver Dance|p1a: Vivillon\n|-boost|p1a: Vivillon|spa|1\n|-boost|p1a: Vivillon|spd|1\n|-boost|p1a: Vivillon|spe|1\n|-curestatus|p2a: Miraidon|slp|[msg]\n|move|p2a: Miraidon|Overheat|p1a: Vivillon\n|-supereffective|p1a: Vivillon\n|-end|p1a: Vivillon|Substitute\n|-unboost|p2a: Miraidon|spa|2\n|-damage|p2a: Miraidon|31\/100|[from] item: Life Orb\n|\n|-heal|p1a: Vivillon|22\/100|[from] item: Leftovers\n|upkeep\n|turn|25\n|\n|t:|1700427717\n|move|p1a: Vivillon|Sleep Powder|p2a: Miraidon\n|-status|p2a: Miraidon|slp|[from] move: Sleep Powder\n|cant|p2a: Miraidon|slp\n|\n|-heal|p1a: Vivillon|28\/100|[from] item: Leftovers\n|upkeep\n|turn|26\n|\n|t:|1700427723\n|move|p1a: Vivillon|Substitute|p1a: Vivillon\n|-start|p1a: Vivillon|Substitute\n|-damage|p1a: Vivillon|3\/100\n|cant|p2a: Miraidon|slp\n|\n|-heal|p1a: Vivillon|9\/100|[from] item: Leftovers\n|upkeep\n|turn|27\n|\n|t:|1700427730\n|move|p1a: Vivillon|Quiver Dance|p1a: Vivillon\n|-boost|p1a: Vivillon|spa|1\n|-boost|p1a: Vivillon|spd|1\n|-boost|p1a: Vivillon|spe|1\n|-curestatus|p2a: Miraidon|slp|[msg]\n|move|p2a: Miraidon|Calm Mind|p2a: Miraidon\n|-boost|p2a: Miraidon|spa|1\n|-boost|p2a: Miraidon|spd|1\n|\n|-heal|p1a: Vivillon|15\/100|[from] item: Leftovers\n|upkeep\n|turn|28\n|c|\u2606jgjvg|Gg\n|\n|t:|1700427747\n|move|p1a: Vivillon|Hurricane|p2a: Miraidon\n|-resisted|p2a: Miraidon\n|-damage|p2a: Miraidon|0 fnt\n|faint|p2a: Miraidon\n|\n|-heal|p1a: Vivillon|21\/100|[from] item: Leftovers\n|upkeep\n|\n|t:|1700427759\n|switch|p2a: Corviknight|Corviknight, M|100\/100\n|-ability|p2a: Corviknight|Pressure\n|turn|29\n|\n|t:|1700427766\n|move|p1a: Vivillon|Sleep Powder|p2a: Corviknight\n|-status|p2a: Corviknight|slp|[from] move: Sleep Powder\n|cant|p2a: Corviknight|slp\n|\n|-heal|p1a: Vivillon|27\/100|[from] item: Leftovers\n|upkeep\n|turn|30\n|\n|t:|1700427777\n|move|p1a: Vivillon|Hurricane|p2a: Corviknight\n|-resisted|p2a: Corviknight\n|-damage|p2a: Corviknight|16\/100 slp\n|cant|p2a: Corviknight|slp\n|\n|-heal|p1a: Vivillon|33\/100|[from] item: Leftovers\n|-heal|p2a: Corviknight|22\/100 slp|[from] item: Leftovers\n|upkeep\n|turn|31\n|\n|t:|1700427785\n|move|p1a: Vivillon|Hurricane|p2a: Corviknight\n|-resisted|p2a: Corviknight\n|-damage|p2a: Corviknight|0 fnt\n|faint|p2a: Corviknight\n|\n|-heal|p1a: Vivillon|39\/100|[from] item: Leftovers\n|upkeep\n|\n|t:|1700427793\n|switch|p2a: Toxapex|Toxapex, F|100\/100\n|turn|32\n|\n|t:|1700427798\n|move|p1a: Vivillon|Sleep Powder|p2a: Toxapex\n|-status|p2a: Toxapex|slp|[from] move: Sleep Powder\n|cant|p2a: Toxapex|slp\n|\n|-heal|p1a: Vivillon|45\/100|[from] item: Leftovers\n|upkeep\n|turn|33\n|\n|t:|1700427805\n|move|p1a: Vivillon|Hurricane|p2a: Toxapex\n|-damage|p2a: Toxapex|0 fnt\n|faint|p2a: Toxapex\n|\n|-heal|p1a: Vivillon|51\/100|[from] item: Leftovers\n|upkeep\n|\n|t:|1700427817\n|switch|p2a: Ting-Lu|Ting-Lu, tera:Steel|38\/100 slp\n|-ability|p2a: Ting-Lu|Vessel of Ruin\n|turn|34\n|\n|t:|1700427823\n|move|p1a: Vivillon|Hurricane|p2a: Ting-Lu\n|-resisted|p2a: Ting-Lu\n|-damage|p2a: Ting-Lu|0 fnt\n|faint|p2a: Ting-Lu\n|\n|-heal|p1a: Vivillon|57\/100|[from] item: Leftovers\n|upkeep\n|\n|t:|1700427830\n|switch|p2a: Walking Wake|Walking Wake|100\/100\n|turn|35\n|\n|t:|1700427835\n|move|p1a: Vivillon|Sleep Powder|p2a: Walking Wake\n|-status|p2a: Walking Wake|slp|[from] move: Sleep Powder\n|cant|p2a: Walking Wake|slp\n|\n|-heal|p1a: Vivillon|63\/100|[from] item: Leftovers\n|upkeep\n|turn|36\n|\n|t:|1700427841\n|move|p1a: Vivillon|Hurricane|p2a: Walking Wake|[miss]\n|-miss|p1a: Vivillon|p2a: Walking Wake\n|-curestatus|p2a: Walking Wake|slp|[msg]\n|move|p2a: Walking Wake|Draco Meteor|p1a: Vivillon\n|-end|p1a: Vivillon|Substitute\n|-unboost|p2a: Walking Wake|spa|2\n|\n|-heal|p1a: Vivillon|69\/100|[from] item: Leftovers\n|upkeep\n|turn|37\n|\n|t:|1700427853\n|move|p1a: Vivillon|Sleep Powder|p2a: Walking Wake\n|-status|p2a: Walking Wake|slp|[from] move: Sleep Powder\n|cant|p2a: Walking Wake|slp\n|\n|-heal|p1a: Vivillon|75\/100|[from] item: Leftovers\n|upkeep\n|turn|38\n|\n|t:|1700427860\n|move|p1a: Vivillon|Substitute|p1a: Vivillon\n|-start|p1a: Vivillon|Substitute\n|-damage|p1a: Vivillon|50\/100\n|-curestatus|p2a: Walking Wake|slp|[msg]\n|move|p2a: Walking Wake|Draco Meteor|p1a: Vivillon\n|-activate|p1a: Vivillon|move: Substitute|[damage]\n|-unboost|p2a: Walking Wake|spa|2\n|\n|-heal|p1a: Vivillon|56\/100|[from] item: Leftovers\n|upkeep\n|turn|39\n|\n|t:|1700427869\n|move|p1a: Vivillon|Hurricane|p2a: Walking Wake\n|-damage|p2a: Walking Wake|0 fnt\n|faint|p2a: Walking Wake\n|-end|p2a: Walking Wake|Protosynthesis|[silent]\n|\n|-heal|p1a: Vivillon|62\/100|[from] item: Leftovers\n|upkeep\n|\n|t:|1700427875\n|switch|p2a: Koraidon|Koraidon|100\/100\n|-weather|SunnyDay|[from] ability: Orichalcum Pulse|[of] p2a: Koraidon\n|-activate|p2a: Koraidon|Orichalcum Pulse|[source]\n|turn|40\n|c|\u2606jgjvg|Ggwp\n|\n|t:|1700427883\n|move|p1a: Vivillon|Hurricane|p2a: Koraidon\n|-supereffective|p2a: Koraidon\n|-damage|p2a: Koraidon|0 fnt\n|faint|p2a: Koraidon\n|\n|win|jgjvg\n|raw|jgjvg's rating: 1069 &rarr; <strong>1102<\/strong><br \/>(+33 for winning)\n|raw|TheFastFoodXY's rating: 1109 &rarr; <strong>1081<\/strong><br \/>(-28 for losing)\n|l|\u2606TheFastFoodXY\n","uploadtime":1700427893,"views":1,"p1id":"jgjvg","p2id":"thefastfoodxy","formatid":"gen9anythinggoes","rating":1081,"private":0,"password":""}