{"id":"gen9anythinggoes-1989986354","p1":"firepelt123","p2":"brianbass","format":"[Gen 9] Anything Goes","log":"|j|\u2606firepelt123\n|j|\u2606brianbass\n|t:|1699912753\n|gametype|singles\n|player|p1|firepelt123|170|1341\n|player|p2|brianbass|richboy|1274\n|teamsize|p1|6\n|teamsize|p2|6\n|gen|9\n|tier|[Gen 9] Anything Goes\n|rated|\n|rule|HP Percentage Mod: HP is shown in percentages\n|rule|Endless Battle Clause: Forcing endless battles is banned\n|clearpoke\n|poke|p1|Sylveon, M|\n|poke|p1|Drifblim, F|\n|poke|p1|Vaporeon, M|\n|poke|p1|Espathra, F|\n|poke|p1|Heatran, F|\n|poke|p1|Eternatus|\n|poke|p2|Kyogre|\n|poke|p2|Spectrier|\n|poke|p2|Maushold|\n|poke|p2|Kingambit, M|\n|poke|p2|Greninja-*, M|\n|poke|p2|Honchkrow, F|\n|teampreview\n|inactive|Battle timer is ON: inactive players will automatically lose when time's up. (requested by firepelt123)\n|j| Spix on YT\n|c|\u2606brianbass|yo\n|c|\u2606brianbass|hi\n|\n|t:|1699912764\n|start\n|switch|p1a: Drifblim|Drifblim, F|100\/100\n|switch|p2a: snowball|Honchkrow, F|100\/100\n|turn|1\n|c|\u2606firepelt123|yo\n|\n|t:|1699912772\n|move|p1a: Drifblim|Minimize|p1a: Drifblim\n|-boost|p1a: Drifblim|evasion|2\n|move|p2a: snowball|U-turn|p1a: Drifblim|[miss]\n|-miss|p2a: snowball|p1a: Drifblim\n|\n|upkeep\n|turn|2\n|c|\u2606brianbass|bro\n|c|\u2606brianbass|ofc\n|c|\u2606brianbass|fucking weirdo\n|c|\u2606brianbass|man\n|c| Spix on YT|not the evasion clause\n|c| Spix on YT|go gre\n|\n|t:|1699912794\n|switch|p2a: Greninja|Greninja, M|100\/100\n|move|p1a: Drifblim|Minimize|p1a: Drifblim\n|-boost|p1a: Drifblim|evasion|2\n|\n|upkeep\n|turn|3\n|c| Spix on YT|and water shuri\n|c|\u2606brianbass|;(\n|\n|t:|1699912801\n|-terastallize|p1a: Drifblim|Fairy\n|move|p2a: Greninja|Dark Pulse|p1a: Drifblim|[miss]\n|-miss|p2a: Greninja|p1a: Drifblim\n|move|p1a: Drifblim|Minimize|p1a: Drifblim\n|-boost|p1a: Drifblim|evasion|2\n|\n|upkeep\n|turn|4\n|c|\u2606brianbass|why people weirdo\n|c| Spix on YT|bro shuri\n|\n|t:|1699912809\n|move|p2a: Greninja|Dark Pulse|p1a: Drifblim|[miss]\n|-miss|p2a: Greninja|p1a: Drifblim\n|move|p1a: Drifblim|Substitute|p1a: Drifblim\n|-start|p1a: Drifblim|Substitute\n|-damage|p1a: Drifblim|75\/100\n|\n|upkeep\n|turn|5\n|\n|t:|1699912813\n|move|p2a: Greninja|Dark Pulse|p1a: Drifblim\n|-resisted|p1a: Drifblim\n|-activate|p1a: Drifblim|move: Substitute|[damage]\n|move|p1a: Drifblim|Baton Pass|p1a: Drifblim\n|c|\u2606brianbass|bro\n|\n|t:|1699912817\n|switch|p1a: Espathra|Espathra, F|100\/100|[from] Baton Pass\n|\n|upkeep\n|turn|6\n|c|\u2606brianbass|this fucking weirdo\n|\n|t:|1699912826\n|switch|p2a: Kyogre|Kyogre|100\/100\n|-weather|RainDance|[from] ability: Drizzle|[of] p2a: Kyogre\n|move|p1a: Espathra|Protect||[still]\n|-fail|p1a: Espathra\n|\n|-weather|RainDance|[upkeep]\n|-ability|p1a: Espathra|Speed Boost|boost\n|-boost|p1a: Espathra|spe|1\n|upkeep\n|turn|7\n|c| Spix on YT|Use water shuriken\n|c|\u2606brianbass|ez\n|\n|t:|1699912841\n|move|p1a: Espathra|Protect|p1a: Espathra\n|-singleturn|p1a: Espathra|Protect\n|move|p2a: Kyogre|Thunder|p1a: Espathra\n|-activate|p1a: Espathra|move: Protect\n|\n|-weather|RainDance|[upkeep]\n|-ability|p1a: Espathra|Speed Boost|boost\n|-boost|p1a: Espathra|spe|1\n|upkeep\n|turn|8\n|c|\u2606brianbass|i cant miss\n|\n|t:|1699912845\n|move|p1a: Espathra|Substitute|p1a: Espathra\n|-fail|p1a: Espathra|move: Substitute\n|move|p2a: Kyogre|Thunder|p1a: Espathra\n|-end|p1a: Espathra|Substitute\n|\n|-weather|RainDance|[upkeep]\n|-ability|p1a: Espathra|Speed Boost|boost\n|-boost|p1a: Espathra|spe|1\n|upkeep\n|turn|9\n|c|\u2606brianbass|lol\n|\n|t:|1699912849\n|move|p1a: Espathra|Protect|p1a: Espathra\n|-singleturn|p1a: Espathra|Protect\n|move|p2a: Kyogre|Thunder|p1a: Espathra\n|-activate|p1a: Espathra|move: Protect\n|\n|-weather|RainDance|[upkeep]\n|-ability|p1a: Espathra|Speed Boost|boost\n|-boost|p1a: Espathra|spe|1\n|upkeep\n|turn|10\n|c|\u2606brianbass|come on out\n|c|\u2606brianbass|lil bro\n|\n|t:|1699912856\n|move|p1a: Espathra|Substitute|p1a: Espathra\n|-start|p1a: Espathra|Substitute\n|-damage|p1a: Espathra|76\/100\n|move|p2a: Kyogre|Thunder|p1a: Espathra\n|-end|p1a: Espathra|Substitute\n|\n|-weather|none\n|-heal|p1a: Espathra|82\/100|[from] item: Leftovers\n|-ability|p1a: Espathra|Speed Boost|boost\n|-boost|p1a: Espathra|spe|1\n|upkeep\n|turn|11\n|c|\u2606brianbass|yep\n|c|\u2606brianbass|baton pass\n|c|\u2606brianbass|to ur little\n|c|\u2606brianbass|ground\n|\n|t:|1699912868\n|move|p1a: Espathra|Protect|p1a: Espathra\n|-singleturn|p1a: Espathra|Protect\n|move|p2a: Kyogre|Thunder|p1a: Espathra\n|-activate|p1a: Espathra|move: Protect\n|\n|-heal|p1a: Espathra|88\/100|[from] item: Leftovers\n|-ability|p1a: Espathra|Speed Boost|boost\n|-boost|p1a: Espathra|spe|1\n|upkeep\n|turn|12\n|c|\u2606brianbass|:)\n|\n|t:|1699912873\n|move|p1a: Espathra|Substitute|p1a: Espathra\n|-start|p1a: Espathra|Substitute\n|-damage|p1a: Espathra|63\/100\n|move|p2a: Kyogre|Thunder|p1a: Espathra|[miss]\n|-miss|p2a: Kyogre|p1a: Espathra\n|\n|-heal|p1a: Espathra|69\/100|[from] item: Leftovers\n|upkeep\n|turn|13\n|c|\u2606brianbass|yes\n|\n|t:|1699912877\n|move|p1a: Espathra|Lumina Crash|p2a: Kyogre\n|-damage|p2a: Kyogre|79\/100\n|-unboost|p2a: Kyogre|spd|2\n|move|p2a: Kyogre|Thunder|p1a: Espathra\n|-end|p1a: Espathra|Substitute\n|\n|-heal|p1a: Espathra|75\/100|[from] item: Leftovers\n|upkeep\n|turn|14\n|c|\u2606brianbass|huh\n|c| Spix on YT|bro no more rain\n|c|\u2606brianbass|nope\n|\n|t:|1699912887\n|switch|p2a: Spectrier|Spectrier|100\/100\n|move|p1a: Espathra|Substitute|p1a: Espathra\n|-start|p1a: Espathra|Substitute\n|-damage|p1a: Espathra|50\/100\n|\n|-heal|p1a: Espathra|56\/100|[from] item: Leftovers\n|upkeep\n|turn|15\n|c| Spix on YT|u lose fr\n|c|\u2606brianbass|ima switch\n|c|\u2606brianbass|idc\n|\n|t:|1699912894\n|switch|p2a: Kyogre|Kyogre|79\/100\n|-weather|RainDance|[from] ability: Drizzle|[of] p2a: Kyogre\n|move|p1a: Espathra|Baton Pass|p1a: Espathra\n|\n|t:|1699912897\n|switch|p1a: Sylveon|Sylveon, M|100\/100|[from] Baton Pass\n|\n|-weather|RainDance|[upkeep]\n|upkeep\n|turn|16\n|c|\u2606brianbass|weirdo\n|c|\u2606brianbass|bro\n|\n|t:|1699912902\n|move|p1a: Sylveon|Calm Mind|p1a: Sylveon\n|-boost|p1a: Sylveon|spa|1\n|-boost|p1a: Sylveon|spd|1\n|move|p2a: Kyogre|Thunder|p1a: Sylveon\n|-activate|p1a: Sylveon|move: Substitute|[damage]\n|\n|-weather|RainDance|[upkeep]\n|upkeep\n|turn|17\n|c|\u2606brianbass|why so wierd\n|c|\u2606brianbass|man\n|\n|t:|1699912907\n|move|p1a: Sylveon|Calm Mind|p1a: Sylveon\n|-boost|p1a: Sylveon|spa|1\n|-boost|p1a: Sylveon|spd|1\n|move|p2a: Kyogre|Thunder|p1a: Sylveon\n|-end|p1a: Sylveon|Substitute\n|\n|-weather|RainDance|[upkeep]\n|upkeep\n|turn|18\n|c|\u2606brianbass|xd\n|\n|t:|1699912910\n|move|p1a: Sylveon|Calm Mind|p1a: Sylveon\n|-boost|p1a: Sylveon|spa|1\n|-boost|p1a: Sylveon|spd|1\n|move|p2a: Kyogre|Thunder|p1a: Sylveon\n|-damage|p1a: Sylveon|89\/100\n|\n|-weather|RainDance|[upkeep]\n|-heal|p1a: Sylveon|95\/100|[from] item: Leftovers\n|upkeep\n|turn|19\n|c|\u2606brianbass|dam weirdo\n|c|\u2606brianbass|i quirt\n|c|\u2606brianbass|quit\n|c| Spix on YT|bro\n|c|\u2606brianbass|nope\n|c|\u2606brianbass|hes fatherless\n|c|\u2606brianbass|im done\n|c| Spix on YT|add the gengar back\n|c|\u2606brianbass|true\n|c|\u2606brianbass|i should\n|c|\u2606brianbass|lol\n|inactive|brianbass has 120 seconds left.\n|c|\u2606brianbass|ima add him\n|c| Spix on YT|also dont be toxic\n|c|\u2606brianbass|but firepelt\n|c|\u2606brianbass|i hate u\n|-message|brianbass forfeited.\n|\n|win|firepelt123\n|raw|firepelt123's rating: 1341 &rarr; <strong>1357<\/strong><br \/>(+16 for winning)\n|raw|brianbass's rating: 1274 &rarr; <strong>1254<\/strong><br \/>(-20 for losing)\n","uploadtime":1699912779,"views":6,"p1id":"firepelt123","p2id":"brianbass","formatid":"gen9anythinggoes","rating":1254,"private":0,"password":""}