{"id":"gen9anythinggoes-2000555019","p1":"Diavolo from jjba","p2":"MommyAF","format":"[Gen 9] Anything Goes","log":"|j|\u2606Diavolo from jjba\n|j|\u2606MommyAF\n|t:|1701204896\n|gametype|singles\n|player|p1|Diavolo from jjba|giovanni|\n|player|p2|MommyAF|anthea|\n|teamsize|p1|6\n|teamsize|p2|6\n|gen|9\n|tier|[Gen 9] Anything Goes\n|rule|HP Percentage Mod: HP is shown in percentages\n|rule|Endless Battle Clause: Forcing endless battles is banned\n|clearpoke\n|poke|p1|Medicham, F|\n|poke|p1|Medicham, M|\n|poke|p1|Medicham, F|\n|poke|p1|Medicham, F|\n|poke|p1|Medicham, M|\n|poke|p1|Medicham, M|\n|poke|p2|Medicham, M|\n|poke|p2|Medicham, F|\n|poke|p2|Medicham, F|\n|poke|p2|Medicham, F|\n|poke|p2|Medicham, F|\n|poke|p2|Medicham, F|\n|teampreview\n|c|\u2606Diavolo from jjba|Again\n|c|\u2606Diavolo from jjba|i got the names corresct now\n|\n|t:|1701204911\n|start\n|switch|p1a: Med1cham|Medicham, F, shiny|100\/100\n|switch|p2a: Med1cham|Medicham, M|100\/100\n|turn|1\n|\n|t:|1701204916\n|move|p2a: Med1cham|Metronome|p2a: Med1cham\n|move|p2a: Med1cham|Bubble Beam|p1a: Med1cham|[from]move: Metronome\n|-damage|p1a: Med1cham|80\/100\n|move|p1a: Med1cham|Metronome|p1a: Med1cham\n|move|p1a: Med1cham|Chloroblast|p2a: Med1cham|[from]move: Metronome\n|-damage|p2a: Med1cham|54\/100\n|-damage|p1a: Med1cham|30\/100|[from] Recoil\n|\n|upkeep\n|turn|2\n|\n|t:|1701204925\n|move|p2a: Med1cham|Metronome|p2a: Med1cham\n|move|p2a: Med1cham|Slack Off|p2a: Med1cham|[from]move: Metronome\n|-heal|p2a: Med1cham|100\/100\n|move|p1a: Med1cham|Metronome|p1a: Med1cham\n|move|p1a: Med1cham|Thrash|p2a: Med1cham|[from]move: Metronome\n|-damage|p2a: Med1cham|27\/100\n|\n|upkeep\n|turn|3\n|\n|t:|1701204947\n|move|p2a: Med1cham|Metronome|p2a: Med1cham\n|move|p2a: Med1cham|Entrainment||[from]move: Metronome|[still]\n|-fail|p2a: Med1cham\n|move|p1a: Med1cham|Thrash||[still]\n|-fail|p1a: Med1cham\n|\n|-start|p1a: Med1cham|confusion|[fatigue]\n|upkeep\n|turn|4\n|c|\u2606Diavolo from jjba|Thrash?\n|c|\u2606MommyAF|how does thrash fail wait?\n|\n|t:|1701204964\n|-activate|p1a: Med1cham|confusion\n|-damage|p1a: Med1cham|18\/100|[from] confusion\n|move|p2a: Med1cham|Metronome|p2a: Med1cham\n|move|p2a: Med1cham|Heart Swap|p1a: Med1cham|[from]move: Metronome\n|-swapboost|p2a: Med1cham|p1a: Med1cham|[from] move: Heart Swap\n|\n|upkeep\n|turn|5\n|c|\u2606Diavolo from jjba|No clue\n|c|\u2606MommyAF|yoooo heart swap pogging\n|\n|t:|1701204977\n|-activate|p1a: Med1cham|confusion\n|-damage|p1a: Med1cham|6\/100|[from] confusion\n|move|p2a: Med1cham|Metronome|p2a: Med1cham\n|move|p2a: Med1cham|Chloroblast|p1a: Med1cham|[from]move: Metronome\n|-damage|p1a: Med1cham|0 fnt\n|faint|p1a: Med1cham\n|-damage|p2a: Med1cham|0 fnt|[from] Recoil\n|faint|p2a: Med1cham\n|\n|upkeep\n|c|\u2606MommyAF|lmao\n|\n|t:|1701204988\n|switch|p1a: Med2cham|Medicham, M, shiny|100\/100\n|switch|p2a: Med2cham|Medicham, F|100\/100\n|turn|6\n|c|\u2606Diavolo from jjba|lmao\n|\n|t:|1701204995\n|move|p2a: Med2cham|Metronome|p2a: Med2cham\n|move|p2a: Med2cham|Future Sight|p1a: Med2cham|[from]move: Metronome\n|-start|p2a: Med2cham|move: Future Sight\n|move|p1a: Med2cham|Metronome|p1a: Med2cham\n|move|p1a: Med2cham|Spirit Shackle|p2a: Med2cham|[from]move: Metronome\n|-supereffective|p2a: Med2cham\n|-damage|p2a: Med2cham|16\/100\n|-activate|p2a: Med2cham|trapped\n|\n|upkeep\n|turn|7\n|c|\u2606MommyAF|OUCHIE\n|\n|t:|1701205005\n|move|p2a: Med2cham|Metronome|p2a: Med2cham\n|move|p2a: Med2cham|Zen Headbutt|p1a: Med2cham|[from]move: Metronome\n|-damage|p1a: Med2cham|34\/100\n|cant|p1a: Med2cham|flinch\n|\n|upkeep\n|turn|8\n|\n|t:|1701205011\n|move|p2a: Med2cham|Metronome|p2a: Med2cham\n|move|p2a: Med2cham|Dragon Breath|p1a: Med2cham|[from]move: Metronome\n|-damage|p1a: Med2cham|16\/100\n|-status|p1a: Med2cham|par\n|move|p1a: Med2cham|Metronome|p1a: Med2cham\n|move|p1a: Med2cham|Sand Tomb|p2a: Med2cham|[from]move: Metronome\n|-damage|p2a: Med2cham|0 fnt\n|faint|p2a: Med2cham\n|\n|-end|p1a: Med2cham|move: Future Sight\n|-damage|p1a: Med2cham|0 fnt\n|faint|p1a: Med2cham\n|upkeep\n|c|\u2606Diavolo from jjba|holy shit\n|c|\u2606MommyAF|LMAOOO\n|\n|t:|1701205030\n|switch|p2a: M3dicham|Medicham, F|100\/100\n|switch|p1a: M3dicham|Medicham, F, shiny|100\/100\n|turn|9\n|c|\u2606Diavolo from jjba|LMAOOOO\n|\n|t:|1701205039\n|move|p2a: M3dicham|Metronome|p2a: M3dicham\n|move|p2a: M3dicham|Smog|p1a: M3dicham|[from]move: Metronome\n|-damage|p1a: M3dicham|91\/100\n|move|p1a: M3dicham|Metronome|p1a: M3dicham\n|move|p1a: M3dicham|Strength|p2a: M3dicham|[from]move: Metronome\n|-damage|p2a: M3dicham|57\/100\n|\n|upkeep\n|turn|10\n|\n|t:|1701205048\n|move|p2a: M3dicham|Metronome|p2a: M3dicham\n|move|p2a: M3dicham|Heat Crash|p1a: M3dicham|[from]move: Metronome\n|-damage|p1a: M3dicham|68\/100\n|move|p1a: M3dicham|Metronome|p1a: M3dicham\n|move|p1a: M3dicham|Dark Pulse|p2a: M3dicham|[from]move: Metronome\n|-damage|p2a: M3dicham|35\/100\n|\n|upkeep\n|turn|11\n|\n|t:|1701205056\n|move|p1a: M3dicham|Metronome|p1a: M3dicham\n|move|p1a: M3dicham|Bulk Up|p1a: M3dicham|[from]move: Metronome\n|-boost|p1a: M3dicham|atk|1\n|-boost|p1a: M3dicham|def|1\n|move|p2a: M3dicham|Metronome|p2a: M3dicham\n|move|p2a: M3dicham|String Shot|p1a: M3dicham|[from]move: Metronome\n|-unboost|p1a: M3dicham|spe|2\n|\n|upkeep\n|turn|12\n|c|\u2606Diavolo from jjba|buff\n|c|\u2606MommyAF|not the bulk up\n|\n|t:|1701205067\n|move|p2a: M3dicham|Metronome|p2a: M3dicham\n|move|p2a: M3dicham|Burning Jealousy|p1a: M3dicham|[from]move: Metronome\n|-damage|p1a: M3dicham|46\/100\n|move|p1a: M3dicham|Metronome|p1a: M3dicham\n|move|p1a: M3dicham|Bug Bite|p2a: M3dicham|[from]move: Metronome\n|-damage|p2a: M3dicham|0 fnt\n|faint|p2a: M3dicham\n|\n|upkeep\n|c|\u2606MommyAF|grrrr\n|\n|t:|1701205077\n|switch|p2a: Medich4m|Medicham, F|100\/100\n|turn|13\n|\n|t:|1701205079\n|move|p2a: Medich4m|Metronome|p2a: Medich4m\n|move|p2a: Medich4m|Low Kick|p1a: M3dicham|[from]move: Metronome\n|-resisted|p1a: M3dicham\n|-damage|p1a: M3dicham|29\/100\n|move|p1a: M3dicham|Metronome|p1a: M3dicham\n|move|p1a: M3dicham|Dire Claw|p2a: Medich4m|[from]move: Metronome\n|-damage|p2a: Medich4m|27\/100\n|\n|upkeep\n|turn|14\n|c|\u2606MommyAF|so many signature moves wtf lol\n|\n|t:|1701205095\n|move|p2a: Medich4m|Metronome|p2a: Medich4m\n|move|p2a: Medich4m|Water Spout|p1a: M3dicham|[from]move: Metronome\n|-damage|p1a: M3dicham|18\/100\n|move|p1a: M3dicham|Metronome|p1a: M3dicham\n|move|p1a: M3dicham|Hone Claws|p1a: M3dicham|[from]move: Metronome\n|-boost|p1a: M3dicham|atk|1\n|-boost|p1a: M3dicham|accuracy|1\n|\n|upkeep\n|turn|15\n|\n|t:|1701205104\n|move|p2a: Medich4m|Metronome|p2a: Medich4m\n|move|p2a: Medich4m|Stuff Cheeks||[from]move: Metronome|[still]\n|-fail|p2a: Medich4m\n|move|p1a: M3dicham|Metronome|p1a: M3dicham\n|move|p1a: M3dicham|Heart Swap|p2a: Medich4m|[from]move: Metronome\n|-swapboost|p1a: M3dicham|p2a: Medich4m|[from] move: Heart Swap\n|\n|upkeep\n|turn|16\n|c|\u2606MommyAF|LOOOOL\n|c|\u2606Diavolo from jjba|oh no\n|c|\u2606MommyAF|no way\n|c|\u2606Diavolo from jjba|WAIT\n|\n|t:|1701205117\n|move|p1a: M3dicham|Metronome|p1a: M3dicham\n|move|p1a: M3dicham|Screech|p2a: Medich4m|[from]move: Metronome|[miss]\n|-miss|p1a: M3dicham|p2a: Medich4m\n|move|p2a: Medich4m|Metronome|p2a: Medich4m\n|move|p2a: Medich4m|Seed Flare|p1a: M3dicham|[from]move: Metronome\n|-damage|p1a: M3dicham|0 fnt\n|faint|p1a: M3dicham\n|\n|upkeep\n|c|\u2606Diavolo from jjba|I GOT SPEED\n|c|\u2606Diavolo from jjba|uh o-\n|\n|t:|1701205126\n|switch|p1a: Medich4m|Medicham, F, shiny|100\/100\n|turn|17\n|c|\u2606MommyAF|we're so barack\n|\n|t:|1701205130\n|move|p1a: Medich4m|Metronome|p1a: Medich4m\n|move|p1a: Medich4m|Crunch|p2a: Medich4m|[from]move: Metronome\n|-damage|p2a: Medich4m|0 fnt\n|faint|p2a: Medich4m\n|\n|upkeep\n|c|\u2606Diavolo from jjba|real\n|c|\u2606MommyAF|its so joever\n|\n|t:|1701205138\n|switch|p2a: Med5cham|Medicham, F|100\/100\n|turn|18\n|c|\u2606Diavolo from jjba|its so joever for me\n|\n|t:|1701205148\n|move|p1a: Medich4m|Metronome|p1a: Medich4m\n|move|p1a: Medich4m|Petal Blizzard|p2a: Med5cham|[from]move: Metronome\n|-damage|p2a: Med5cham|51\/100\n|move|p2a: Med5cham|Metronome|p2a: Med5cham\n|move|p2a: Med5cham|Recycle||[from]move: Metronome|[still]\n|-fail|p2a: Med5cham\n|\n|upkeep\n|turn|19\n|\n|t:|1701205155\n|move|p2a: Med5cham|Metronome|p2a: Med5cham\n|move|p2a: Med5cham|Round|p1a: Medich4m|[from]move: Metronome\n|-damage|p1a: Medich4m|82\/100\n|move|p1a: Medich4m|Metronome|p1a: Medich4m\n|move|p1a: Medich4m|Sand Tomb|p2a: Med5cham|[from]move: Metronome\n|-crit|p2a: Med5cham\n|-damage|p2a: Med5cham|21\/100\n|-activate|p2a: Med5cham|move: Sand Tomb|[of] p1a: Medich4m\n|\n|-damage|p2a: Med5cham|9\/100|[from] move: Sand Tomb|[partiallytrapped]\n|upkeep\n|turn|20\n|c|\u2606Diavolo from jjba|sand\n|\n|t:|1701205172\n|move|p2a: Med5cham|Metronome|p2a: Med5cham\n|move|p2a: Med5cham|Bite|p1a: Medich4m|[from]move: Metronome\n|-damage|p1a: Medich4m|49\/100\n|move|p1a: Medich4m|Metronome|p1a: Medich4m\n|move|p1a: Medich4m|Spikes|p2a: Med5cham|[from]move: Metronome\n|-sidestart|p2: MommyAF|Spikes\n|\n|-damage|p2a: Med5cham|0 fnt|[from] move: Sand Tomb|[partiallytrapped]\n|faint|p2a: Med5cham\n|upkeep\n|j| boogie man123\n|c|\u2606MommyAF|bite >:3\n|\n|t:|1701205182\n|switch|p2a: Me6icham|Medicham, F|100\/100\n|-damage|p2a: Me6icham|88\/100|[from] Spikes\n|turn|21\n|c|\u2606Diavolo from jjba|Ouc-\\\n|\n|t:|1701205190\n|move|p1a: Medich4m|Metronome|p1a: Medich4m\n|move|p1a: Medich4m|Toxic Thread|p2a: Me6icham|[from]move: Metronome\n|-unboost|p2a: Me6icham|spe|1\n|-status|p2a: Me6icham|psn\n|move|p2a: Me6icham|Metronome|p2a: Me6icham\n|move|p2a: Me6icham|Scald|p1a: Medich4m|[from]move: Metronome\n|-damage|p1a: Medich4m|27\/100\n|-status|p1a: Medich4m|brn\n|\n|-damage|p2a: Me6icham|76\/100 psn|[from] psn\n|-damage|p1a: Medich4m|21\/100 brn|[from] brn\n|upkeep\n|turn|22\n|c|\u2606MommyAF|its so joever\n|c|\u2606Diavolo from jjba|Im barack\n|\n|t:|1701205214\n|move|p1a: Medich4m|Metronome|p1a: Medich4m\n|move|p1a: Medich4m|Taunt|p2a: Me6icham|[from]move: Metronome\n|-start|p2a: Me6icham|move: Taunt\n|cant|p2a: Me6icham|move: Taunt|Metronome\n|\n|-damage|p2a: Me6icham|64\/100 psn|[from] psn\n|-damage|p1a: Medich4m|15\/100 brn|[from] brn\n|upkeep\n|turn|23\n|c|\u2606MommyAF|NO WAYYY\n|c|\u2606Diavolo from jjba|oh sshit\n|c|\u2606MommyAF|LOL\n|\n|t:|1701205225\n|move|p1a: Medich4m|Metronome|p1a: Medich4m\n|move|p1a: Medich4m|Psyblade|p2a: Me6icham|[from]move: Metronome\n|-damage|p2a: Me6icham|27\/100 psn\n|-activate|p2a: Me6icham|move: Struggle\n|move|p2a: Me6icham|Struggle|p1a: Medich4m\n|-damage|p1a: Medich4m|0 fnt\n|faint|p1a: Medich4m\n|-damage|p2a: Me6icham|2\/100 psn|[from] recoil\n|\n|-damage|p2a: Me6icham|0 fnt|[from] psn\n|faint|p2a: Me6icham\n|\n|win|Diavolo from jjba\n|upkeep\n|c|\u2606MommyAF|ggs lol\n|c|\u2606Diavolo from jjba|gg\n","uploadtime":1701205238,"views":0,"p1id":"diavolofromjjba","p2id":"mommyaf","formatid":"gen9anythinggoes","rating":0,"private":0,"password":""}