{"id":"gen9anythinggoes-2000575302","p1":"ORBdestore","p2":"Ceg_23","format":"[Gen 9] Anything Goes","log":"|j|\u2606ORBdestore\n|j|\u2606Ceg_23\n|t:|1701206785\n|gametype|singles\n|player|p1|ORBdestore|pokekid|1154\n|player|p2|Ceg_23|plasmagrunt|1049\n|teamsize|p1|6\n|teamsize|p2|6\n|gen|9\n|tier|[Gen 9] Anything Goes\n|rated|\n|rule|HP Percentage Mod: HP is shown in percentages\n|rule|Endless Battle Clause: Forcing endless battles is banned\n|clearpoke\n|poke|p1|Glimmora, M|\n|poke|p1|Calyrex-Shadow|\n|poke|p1|Arcanine, F|\n|poke|p1|Lucario, F|\n|poke|p1|Roaring Moon|\n|poke|p1|Gliscor, F|\n|poke|p2|Jirachi|\n|poke|p2|Mew|\n|poke|p2|Magearna|\n|poke|p2|Shaymin-Sky|\n|poke|p2|Arceus-Fairy|\n|poke|p2|Darkrai|\n|teampreview\n|inactive|Battle timer is ON: inactive players will automatically lose when time's up. (requested by ORBdestore)\n|\n|t:|1701206795\n|start\n|switch|p1a: Glimmora|Glimmora, M|100\/100\n|switch|p2a: Darkrai|Darkrai|100\/100\n|turn|1\n|\n|t:|1701206801\n|move|p2a: Darkrai|Knock Off|p1a: Glimmora\n|-damage|p1a: Glimmora|59\/100\n|-activate|p1a: Glimmora|ability: Toxic Debris\n|-sidestart|p2: Ceg_23|move: Toxic Spikes\n|-enditem|p1a: Glimmora|Focus Sash|[from] move: Knock Off|[of] p2a: Darkrai\n|move|p1a: Glimmora|Stealth Rock|p2a: Darkrai\n|-sidestart|p2: Ceg_23|move: Stealth Rock\n|\n|upkeep\n|turn|2\n|\n|t:|1701206810\n|move|p2a: Darkrai|Hypnosis|p1a: Glimmora\n|-status|p1a: Glimmora|slp|[from] move: Hypnosis\n|cant|p1a: Glimmora|slp\n|\n|-damage|p1a: Glimmora|46\/100 slp|[from] ability: Bad Dreams|[of] p2a: Darkrai\n|upkeep\n|turn|3\n|\n|t:|1701206819\n|move|p2a: Darkrai|Dream Eater|p1a: Glimmora\n|-supereffective|p1a: Glimmora\n|-damage|p1a: Glimmora|0 fnt\n|faint|p1a: Glimmora\n|\n|upkeep\n|\n|t:|1701206824\n|switch|p1a: Gliscor|Gliscor, F|100\/100\n|turn|4\n|\n|t:|1701206830\n|move|p1a: Gliscor|Protect|p1a: Gliscor\n|-singleturn|p1a: Gliscor|Protect\n|move|p2a: Darkrai|Knock Off|p1a: Gliscor\n|-activate|p1a: Gliscor|move: Protect\n|\n|-status|p1a: Gliscor|tox|[from] item: Toxic Orb\n|upkeep\n|turn|5\n|\n|t:|1701206838\n|move|p2a: Darkrai|Knock Off|p1a: Gliscor\n|-damage|p1a: Gliscor|71\/100 tox\n|-enditem|p1a: Gliscor|Toxic Orb|[from] move: Knock Off|[of] p2a: Darkrai\n|move|p1a: Gliscor|Spikes|p2a: Darkrai\n|-sidestart|p2: Ceg_23|Spikes\n|\n|-heal|p1a: Gliscor|83\/100 tox|[from] ability: Poison Heal\n|upkeep\n|turn|6\n|\n|t:|1701206849\n|move|p1a: Gliscor|Protect|p1a: Gliscor\n|-singleturn|p1a: Gliscor|Protect\n|move|p2a: Darkrai|Hypnosis|p1a: Gliscor\n|-activate|p1a: Gliscor|move: Protect\n|\n|-heal|p1a: Gliscor|95\/100 tox|[from] ability: Poison Heal\n|upkeep\n|turn|7\n|\n|t:|1701206858\n|move|p2a: Darkrai|Hypnosis||[still]\n|-fail|p2a: Darkrai\n|move|p1a: Gliscor|Substitute|p1a: Gliscor\n|-start|p1a: Gliscor|Substitute\n|-damage|p1a: Gliscor|71\/100 tox\n|\n|-heal|p1a: Gliscor|83\/100 tox|[from] ability: Poison Heal\n|upkeep\n|turn|8\n|\n|t:|1701206866\n|move|p1a: Gliscor|Protect|p1a: Gliscor\n|-singleturn|p1a: Gliscor|Protect\n|move|p2a: Darkrai|Drain Punch|p1a: Gliscor\n|-activate|p1a: Gliscor|move: Protect\n|\n|-heal|p1a: Gliscor|95\/100 tox|[from] ability: Poison Heal\n|upkeep\n|turn|9\n|\n|t:|1701206876\n|move|p2a: Darkrai|Drain Punch|p1a: Gliscor\n|-resisted|p1a: Gliscor\n|-activate|p1a: Gliscor|move: Substitute|[damage]\n|move|p1a: Gliscor|Spikes|p2a: Darkrai\n|-sidestart|p2: Ceg_23|Spikes\n|\n|-heal|p1a: Gliscor|100\/100 tox|[from] ability: Poison Heal\n|upkeep\n|turn|10\n|\n|t:|1701206884\n|move|p2a: Darkrai|Knock Off|p1a: Gliscor\n|-end|p1a: Gliscor|Substitute\n|move|p1a: Gliscor|Spikes|p2a: Darkrai\n|-sidestart|p2: Ceg_23|Spikes\n|\n|upkeep\n|turn|11\n|\n|t:|1701206892\n|move|p1a: Gliscor|Protect|p1a: Gliscor\n|-singleturn|p1a: Gliscor|Protect\n|move|p2a: Darkrai|Hypnosis|p1a: Gliscor\n|-activate|p1a: Gliscor|move: Protect\n|\n|upkeep\n|turn|12\n|\n|t:|1701206898\n|move|p2a: Darkrai|Hypnosis|p1a: Gliscor|[miss]\n|-miss|p2a: Darkrai|p1a: Gliscor\n|move|p1a: Gliscor|Substitute|p1a: Gliscor\n|-start|p1a: Gliscor|Substitute\n|-damage|p1a: Gliscor|76\/100 tox\n|\n|-heal|p1a: Gliscor|88\/100 tox|[from] ability: Poison Heal\n|upkeep\n|turn|13\n|\n|t:|1701206909\n|move|p1a: Gliscor|Protect|p1a: Gliscor\n|-singleturn|p1a: Gliscor|Protect\n|move|p2a: Darkrai|Drain Punch|p1a: Gliscor\n|-activate|p1a: Gliscor|move: Protect\n|\n|-heal|p1a: Gliscor|100\/100 tox|[from] ability: Poison Heal\n|upkeep\n|turn|14\n|\n|t:|1701206919\n|move|p2a: Darkrai|Knock Off|p1a: Gliscor\n|-activate|p1a: Gliscor|move: Substitute|[damage]\n|move|p1a: Gliscor|Earthquake|p2a: Darkrai\n|-damage|p2a: Darkrai|49\/100\n|\n|upkeep\n|turn|15\n|\n|t:|1701206946\n|move|p2a: Darkrai|Drain Punch|p1a: Gliscor\n|-resisted|p1a: Gliscor\n|-end|p1a: Gliscor|Substitute\n|-heal|p2a: Darkrai|51\/100|[from] drain|[of] p1a: Gliscor\n|move|p1a: Gliscor|Substitute|p1a: Gliscor\n|-start|p1a: Gliscor|Substitute\n|-damage|p1a: Gliscor|76\/100 tox\n|\n|-heal|p1a: Gliscor|88\/100 tox|[from] ability: Poison Heal\n|upkeep\n|turn|16\n|c|\u2606Ceg_23|WHAT THE HELL\n|inactive|Ceg_23 has 120 seconds left.\n|c|\u2606Ceg_23|Stupid move\n|c|\u2606Ceg_23|Ding dong\n|c|\u2606ORBdestore|What\n|c|\u2606Ceg_23|You idiotic strategy\n|inactive|Ceg_23 has 90 seconds left.\n|c|\u2606ORBdestore|Cry about it ig\n|\n|t:|1701207008\n|move|p2a: Darkrai|Knock Off|p1a: Gliscor\n|-activate|p1a: Gliscor|move: Substitute|[damage]\n|move|p1a: Gliscor|Earthquake|p2a: Darkrai\n|-damage|p2a: Darkrai|0 fnt\n|faint|p2a: Darkrai\n|\n|-heal|p1a: Gliscor|100\/100 tox|[from] ability: Poison Heal\n|upkeep\n|c|\u2606ORBdestore|It's anything goes\n|n|!Ceg_23|ceg23\n|inactive|Ceg_23 has 60 seconds left.\n|\n|t:|1701207030\n|switch|p2a: Mew|Mew|100\/100\n|-status|p2a: Mew|psn\n|-damage|p2a: Mew|88\/100 psn|[from] Stealth Rock\n|-damage|p2a: Mew|63\/100 psn|[from] Spikes\n|turn|17\n|\n|t:|1701207039\n|move|p1a: Gliscor|Earthquake|p2a: Mew\n|-damage|p2a: Mew|34\/100 psn\n|move|p2a: Mew|Transform||[still]\n|-fail|p2a: Mew\n|\n|-damage|p2a: Mew|22\/100 psn|[from] item: Black Sludge\n|-damage|p2a: Mew|9\/100 psn|[from] psn\n|upkeep\n|turn|18\n|inactive|Ceg_23 has 60 seconds left.\n|-message|Ceg_23 forfeited.\n|\n|win|ORBdestore\n|raw|ORBdestore's rating: 1154 &rarr; <strong>1172<\/strong><br \/>(+18 for winning)\n|raw|Ceg_23's rating: 1049 &rarr; <strong>1037<\/strong><br \/>(-12 for losing)\n|l|!Ceg_23\n","uploadtime":1701207013,"views":0,"p1id":"orbdestore","p2id":"ceg23","formatid":"gen9anythinggoes","rating":1037,"private":0,"password":""}