{"id":"gen9anythinggoes-1999073484","p1":"demesticslot","p2":"MrMimeIsMrKetchum","format":"[Gen 9] Anything Goes","log":"|j|\u2606demesticslot\n|j|\u2606MrMimeIsMrKetchum\n|t:|1701030310\n|gametype|singles\n|player|p1|demesticslot|red|\n|player|p2|MrMimeIsMrKetchum|swimmerf-gen4|\n|teamsize|p1|6\n|teamsize|p2|6\n|gen|9\n|tier|[Gen 9] Anything Goes\n|rule|HP Percentage Mod: HP is shown in percentages\n|rule|Endless Battle Clause: Forcing endless battles is banned\n|clearpoke\n|poke|p1|Chien-Pao|\n|poke|p1|Wo-Chien|\n|poke|p1|Ting-Lu|\n|poke|p1|Chi-Yu|\n|poke|p1|Koraidon|\n|poke|p1|Miraidon|\n|poke|p2|Annihilape, M|\n|poke|p2|Blissey, F|\n|poke|p2|Pawmot, M|\n|poke|p2|Rabsca, M|\n|poke|p2|Pelipper, M|\n|poke|p2|Basculegion, M|\n|teampreview\n|inactive|Battle timer is ON: inactive players will automatically lose when time's up. (requested by MrMimeIsMrKetchum)\n|\n|t:|1701030327\n|start\n|switch|p1a: Wo-Chien|Wo-Chien|100\/100\n|switch|p2a: Annihilape|Annihilape, M, shiny|100\/100\n|-ability|p1a: Wo-Chien|Tablets of Ruin\n|turn|1\n|\n|t:|1701030334\n|move|p2a: Annihilape|Final Gambit|p1a: Wo-Chien\n|-damage|p1a: Wo-Chien|0 fnt\n|faint|p2a: Annihilape\n|faint|p1a: Wo-Chien\n|\n|upkeep\n|\n|t:|1701030346\n|switch|p2a: Blissey|Blissey, F, shiny|100\/100\n|switch|p1a: Chi-Yu|Chi-Yu|100\/100\n|-ability|p1a: Chi-Yu|Beads of Ruin\n|turn|2\n|\n|t:|1701030366\n|move|p2a: Blissey|Copycat|p2a: Blissey\n|move|p2a: Blissey|Final Gambit|p1a: Chi-Yu|[from]move: Copycat\n|-damage|p1a: Chi-Yu|0 fnt\n|faint|p2a: Blissey\n|faint|p1a: Chi-Yu\n|\n|upkeep\n|\n|t:|1701030374\n|switch|p1a: Chien-Pao|Chien-Pao|100\/100\n|switch|p2a: Pawmot|Pawmot, M, shiny|100\/100\n|-ability|p1a: Chien-Pao|Sword of Ruin\n|turn|3\n|\n|t:|1701030382\n|move|p2a: Pawmot|Revival Blessing|p2a: Pawmot\n|-enditem|p2a: Pawmot|Leppa Berry|[eat]\n|-activate|p2a: Pawmot|item: Leppa Berry|Revival Blessing|[consumed]\n|\n|t:|1701030385\n|-heal|p2: Annihilape|50\/100|[from] move: Revival Blessing\n|move|p1a: Chien-Pao|Swords Dance|p1a: Chien-Pao\n|-boost|p1a: Chien-Pao|atk|2\n|\n|upkeep\n|turn|4\n|\n|t:|1701030392\n|move|p2a: Pawmot|Revival Blessing|p2a: Pawmot\n|\n|t:|1701030394\n|-heal|p2: Blissey|50\/100|[from] move: Revival Blessing\n|move|p1a: Chien-Pao|Avalanche|p2a: Pawmot\n|-damage|p2a: Pawmot|16\/100\n|\n|upkeep\n|turn|5\n|\n|t:|1701030406\n|move|p2a: Pawmot|Mach Punch|p1a: Chien-Pao\n|-supereffective|p1a: Chien-Pao\n|-crit|p1a: Chien-Pao\n|-damage|p1a: Chien-Pao|0 fnt\n|faint|p1a: Chien-Pao\n|\n|upkeep\n|\n|t:|1701030409\n|switch|p1a: Ting-Lu|Ting-Lu|100\/100\n|-ability|p1a: Ting-Lu|Vessel of Ruin\n|turn|6\n|\n|t:|1701030419\n|move|p2a: Pawmot|Ice Punch|p1a: Ting-Lu\n|-supereffective|p1a: Ting-Lu\n|-damage|p1a: Ting-Lu|73\/100\n|move|p1a: Ting-Lu|Ruination|p2a: Pawmot\n|-damage|p2a: Pawmot|8\/100\n|\n|upkeep\n|turn|7\n|\n|t:|1701030426\n|move|p2a: Pawmot|Ice Punch|p1a: Ting-Lu\n|-supereffective|p1a: Ting-Lu\n|-damage|p1a: Ting-Lu|46\/100\n|move|p1a: Ting-Lu|Body Slam|p2a: Pawmot\n|-damage|p2a: Pawmot|0 fnt\n|faint|p2a: Pawmot\n|\n|upkeep\n|\n|t:|1701030433\n|switch|p2a: Annihilape|Annihilape, M, shiny|50\/100\n|turn|8\n|\n|t:|1701030437\n|move|p2a: Annihilape|Final Gambit|p1a: Ting-Lu\n|-damage|p1a: Ting-Lu|0 fnt\n|faint|p2a: Annihilape\n|faint|p1a: Ting-Lu\n|\n|upkeep\n|\n|t:|1701030440\n|switch|p2a: Blissey|Blissey, F, shiny|50\/100\n|switch|p1a: Miraidon|Miraidon|100\/100\n|-fieldstart|move: Electric Terrain|[from] ability: Hadron Engine|[of] p1a: Miraidon\n|turn|9\n|\n|t:|1701030443\n|move|p1a: Miraidon|Protect|p1a: Miraidon\n|-singleturn|p1a: Miraidon|Protect\n|move|p2a: Blissey|Copycat||[still]\n|-fail|p2a: Blissey\n|\n|upkeep\n|turn|10\n|\n|t:|1701030447\n|move|p2a: Blissey|Copycat||[still]\n|-fail|p2a: Blissey\n|move|p1a: Miraidon|Electro Drift|p2a: Blissey\n|-damage|p2a: Blissey|22\/100\n|\n|upkeep\n|turn|11\n|\n|t:|1701030455\n|move|p2a: Blissey|Copycat|p2a: Blissey\n|move|p2a: Blissey|Electro Drift|p1a: Miraidon|[from]move: Copycat\n|-resisted|p1a: Miraidon\n|-damage|p1a: Miraidon|95\/100\n|move|p1a: Miraidon|Electro Drift|p2a: Blissey\n|-damage|p2a: Blissey|0 fnt\n|faint|p2a: Blissey\n|\n|upkeep\n|\n|t:|1701030458\n|switch|p2a: Rabsca|Rabsca, M, shiny|100\/100\n|turn|12\n|\n|t:|1701030470\n|move|p1a: Miraidon|Electro Drift|p2a: Rabsca\n|-damage|p2a: Rabsca|31\/100\n|move|p2a: Rabsca|Revival Blessing|p2a: Rabsca\n|-enditem|p2a: Rabsca|Leppa Berry|[eat]\n|-activate|p2a: Rabsca|item: Leppa Berry|Revival Blessing|[consumed]\n|\n|t:|1701030479\n|-heal|p2: Annihilape|50\/100|[from] move: Revival Blessing\n|\n|upkeep\n|turn|13\n|\n|t:|1701030487\n|move|p1a: Miraidon|Electro Drift|p2a: Rabsca\n|-damage|p2a: Rabsca|0 fnt\n|faint|p2a: Rabsca\n|\n|-fieldend|move: Electric Terrain\n|upkeep\n|\n|t:|1701030494\n|switch|p2a: Annihilape|Annihilape, M, shiny|50\/100\n|turn|14\n|\n|t:|1701030497\n|move|p2a: Annihilape|Final Gambit|p1a: Miraidon\n|-damage|p1a: Miraidon|33\/100\n|faint|p2a: Annihilape\n|move|p1a: Miraidon|Parabolic Charge|p2: Annihilape|[notarget]\n|-fail|p1a: Miraidon\n|\n|upkeep\n|\n|t:|1701030500\n|switch|p2a: Pelipper|Pelipper, M, shiny|100\/100\n|-weather|RainDance|[from] ability: Drizzle|[of] p2a: Pelipper\n|turn|15\n|\n|t:|1701030509\n|-terastallize|p2a: Pelipper|Ground\n|move|p1a: Miraidon|Parabolic Charge|p2a: Pelipper\n|-immune|p2a: Pelipper\n|move|p2a: Pelipper|Tera Blast|p1a: Miraidon|[anim] Tera Blast Ground\n|-supereffective|p1a: Miraidon\n|-damage|p1a: Miraidon|0 fnt\n|faint|p1a: Miraidon\n|\n|-weather|RainDance|[upkeep]\n|upkeep\n|\n|t:|1701030511\n|switch|p1a: Koraidon|Koraidon|100\/100\n|-weather|SunnyDay|[from] ability: Orichalcum Pulse|[of] p1a: Koraidon\n|-activate|p1a: Koraidon|Orichalcum Pulse|[source]\n|turn|16\n|\n|t:|1701030521\n|-terastallize|p1a: Koraidon|Dragon\n|move|p1a: Koraidon|Collision Course|p2a: Pelipper\n|-damage|p2a: Pelipper|42\/100\n|move|p2a: Pelipper|U-turn|p1a: Koraidon\n|-damage|p1a: Koraidon|93\/100\n|\n|t:|1701030529\n|switch|p2a: Basculegion|Basculegion, M, shiny|100\/100|[from] U-turn\n|\n|-weather|SunnyDay|[upkeep]\n|upkeep\n|turn|17\n|\n|t:|1701030545\n|switch|p2a: Pelipper|Pelipper, M, shiny, tera:Ground|42\/100\n|-weather|RainDance|[from] ability: Drizzle|[of] p2a: Pelipper\n|move|p1a: Koraidon|Tera Blast|p2a: Pelipper|[anim] Tera Blast Dragon\n|-damage|p2a: Pelipper|0 fnt\n|faint|p2a: Pelipper\n|\n|-weather|RainDance|[upkeep]\n|upkeep\n|\n|t:|1701030553\n|switch|p2a: Basculegion|Basculegion, M, shiny|100\/100\n|turn|18\n|\n|t:|1701030556\n|move|p2a: Basculegion|Last Respects|p1a: Koraidon\n|-damage|p1a: Koraidon|0 fnt\n|faint|p1a: Koraidon\n|\n|win|MrMimeIsMrKetchum\n|l|\u2606demesticslot\n|c|\u2606MrMimeIsMrKetchum|gg\n","uploadtime":1701030575,"views":0,"p1id":"demesticslot","p2id":"mrmimeismrketchum","formatid":"gen9anythinggoes","rating":0,"private":0,"password":""}