{"id":"gen9anythinggoes-1982887491","p1":"pikatchouk 2","p2":"OFFTHEZERC","format":"[Gen 9] Anything Goes","log":"|j|\u2606pikatchouk 2\n|j|\u2606OFFTHEZERC\n|t:|1699055073\n|gametype|singles\n|player|p1|pikatchouk 2|102|1676\n|player|p2|OFFTHEZERC|n|1807\n|teamsize|p1|6\n|teamsize|p2|6\n|gen|9\n|tier|[Gen 9] Anything Goes\n|rated|\n|rule|HP Percentage Mod: HP is shown in percentages\n|rule|Endless Battle Clause: Forcing endless battles is banned\n|clearpoke\n|poke|p1|Miraidon|\n|poke|p1|Ting-Lu|\n|poke|p1|Calyrex-Shadow|\n|poke|p1|Toxapex, F|\n|poke|p1|Zacian-*|\n|poke|p1|Arceus|\n|poke|p2|Calyrex-Shadow|\n|poke|p2|Miraidon|\n|poke|p2|Koraidon|\n|poke|p2|Zacian-*|\n|poke|p2|Landorus-Therian, M|\n|poke|p2|Ting-Lu|\n|teampreview\n|inactive|Battle timer is ON: inactive players will automatically lose when time's up. (requested by pikatchouk 2)\n|inactive|OFFTHEZERC has 120 seconds left.\n|\n|t:|1699055119\n|start\n|switch|p1a: Calyrex|Calyrex-Shadow|100\/100\n|switch|p2a: Ting-Lu|Ting-Lu|100\/100\n|-ability|p1a: Calyrex|As One\n|-ability|p1a: Calyrex|Unnerve\n|-ability|p2a: Ting-Lu|Vessel of Ruin\n|turn|1\n|\n|t:|1699055136\n|move|p1a: Calyrex|Nasty Plot|p1a: Calyrex\n|-boost|p1a: Calyrex|spa|2\n|move|p2a: Ting-Lu|Spikes|p1a: Calyrex\n|-sidestart|p1: pikatchouk 2|Spikes\n|\n|upkeep\n|turn|2\n|\n|t:|1699055150\n|move|p1a: Calyrex|Encore|p2a: Ting-Lu\n|-start|p2a: Ting-Lu|Encore\n|move|p2a: Ting-Lu|Spikes|p1a: Calyrex\n|-sidestart|p1: pikatchouk 2|Spikes\n|\n|upkeep\n|turn|3\n|\n|t:|1699055159\n|move|p1a: Calyrex|Grass Knot|p2a: Ting-Lu\n|-supereffective|p2a: Ting-Lu\n|-damage|p2a: Ting-Lu|25\/100\n|move|p2a: Ting-Lu|Spikes|p1a: Calyrex\n|-sidestart|p1: pikatchouk 2|Spikes\n|\n|-heal|p2a: Ting-Lu|31\/100|[from] item: Leftovers\n|upkeep\n|turn|4\n|\n|t:|1699055170\n|move|p1a: Calyrex|Astral Barrage|p2a: Ting-Lu\n|-resisted|p2a: Ting-Lu\n|-damage|p2a: Ting-Lu|0 fnt\n|faint|p2a: Ting-Lu\n|-ability|p1a: Calyrex|Grim Neigh|boost\n|-boost|p1a: Calyrex|spa|1\n|\n|upkeep\n|\n|t:|1699055175\n|switch|p2a: Koraidon|Koraidon|100\/100\n|-weather|SunnyDay|[from] ability: Orichalcum Pulse|[of] p2a: Koraidon\n|-activate|p2a: Koraidon|Orichalcum Pulse|[source]\n|turn|5\n|\n|t:|1699055186\n|-terastallize|p2a: Koraidon|Normal\n|move|p2a: Koraidon|Flare Blitz|p1a: Calyrex\n|-damage|p1a: Calyrex|0 fnt\n|faint|p1a: Calyrex\n|-damage|p2a: Koraidon|67\/100|[from] Recoil\n|\n|-weather|SunnyDay|[upkeep]\n|upkeep\n|\n|t:|1699055201\n|switch|p1a: Miraidon|Miraidon|100\/100\n|-damage|p1a: Miraidon|76\/100|[from] Spikes\n|-fieldstart|move: Electric Terrain|[from] ability: Hadron Engine|[of] p1a: Miraidon\n|turn|6\n|\n|t:|1699055211\n|move|p1a: Miraidon|Electro Drift|p2a: Koraidon\n|-damage|p2a: Koraidon|0 fnt\n|faint|p2a: Koraidon\n|\n|-weather|SunnyDay|[upkeep]\n|upkeep\n|\n|t:|1699055230\n|switch|p2a: Miraidon|Miraidon|100\/100\n|-activate|p2a: Miraidon|ability: Hadron Engine\n|turn|7\n|\n|t:|1699055253\n|switch|p1a: Ting-Lu|Ting-Lu|100\/100\n|-damage|p1a: Ting-Lu|76\/100|[from] Spikes\n|-ability|p1a: Ting-Lu|Vessel of Ruin\n|move|p2a: Miraidon|Draco Meteor|p1a: Ting-Lu\n|-damage|p1a: Ting-Lu|37\/100\n|-unboost|p2a: Miraidon|spa|2\n|\n|-weather|SunnyDay|[upkeep]\n|-heal|p1a: Ting-Lu|44\/100|[from] item: Leftovers\n|upkeep\n|turn|8\n|\n|t:|1699055266\n|switch|p2a: Landorus|Landorus-Therian, M|100\/100\n|-ability|p2a: Landorus|Intimidate|boost\n|-unboost|p1a: Ting-Lu|atk|1\n|move|p1a: Ting-Lu|Spikes|p2a: Landorus\n|-sidestart|p2: OFFTHEZERC|Spikes\n|\n|-weather|SunnyDay|[upkeep]\n|-heal|p1a: Ting-Lu|50\/100|[from] item: Leftovers\n|upkeep\n|turn|9\n|\n|t:|1699055281\n|switch|p1a: Miraidon|Miraidon|76\/100\n|-damage|p1a: Miraidon|51\/100|[from] Spikes\n|-activate|p1a: Miraidon|ability: Hadron Engine\n|move|p2a: Landorus|U-turn|p1a: Miraidon\n|-damage|p1a: Miraidon|30\/100\n|j| 0.7Flower\n|\n|t:|1699055288\n|switch|p2a: Miraidon|Miraidon|100\/100|[from] U-turn\n|-damage|p2a: Miraidon|88\/100|[from] Spikes\n|-activate|p2a: Miraidon|ability: Hadron Engine\n|\n|-weather|none\n|upkeep\n|turn|10\n|\n|t:|1699055303\n|move|p1a: Miraidon|Draco Meteor|p2a: Miraidon\n|-supereffective|p2a: Miraidon\n|-damage|p2a: Miraidon|0 fnt\n|-unboost|p1a: Miraidon|spa|2\n|faint|p2a: Miraidon\n|\n|-fieldend|move: Electric Terrain\n|upkeep\n|inactive|OFFTHEZERC has 120 seconds left.\n|inactive|OFFTHEZERC has 90 seconds left.\n|\n|t:|1699055366\n|switch|p2a: Calyrex|Calyrex-Shadow|100\/100\n|-ability|p2a: Calyrex|As One\n|-ability|p2a: Calyrex|Unnerve\n|turn|11\n|inactive|OFFTHEZERC has 90 seconds left.\n|\n|t:|1699055390\n|move|p1a: Miraidon|Draco Meteor|p2a: Calyrex\n|-crit|p2a: Calyrex\n|-damage|p2a: Calyrex|0 fnt\n|-unboost|p1a: Miraidon|spa|2\n|faint|p2a: Calyrex\n|\n|upkeep\n|inactive|OFFTHEZERC has 60 seconds left.\n|\n|t:|1699055429\n|switch|p2a: Zacian|Zacian-Crowned, shiny|100\/100\n|-damage|p2a: Zacian|88\/100|[from] Spikes\n|-ability|p2a: Zacian|Intrepid Sword|boost\n|-boost|p2a: Zacian|atk|1\n|turn|12\n|\n|t:|1699055438\n|switch|p1a: Zacian|Zacian-Crowned|100\/100\n|-damage|p1a: Zacian|76\/100|[from] Spikes\n|-ability|p1a: Zacian|Intrepid Sword|boost\n|-boost|p1a: Zacian|atk|1\n|move|p2a: Zacian|Swords Dance|p2a: Zacian\n|-boost|p2a: Zacian|atk|2\n|\n|upkeep\n|turn|13\n|\n|t:|1699055445\n|move|p2a: Zacian|Behemoth Blade|p1a: Zacian\n|-damage|p1a: Zacian|0 fnt\n|faint|p1a: Zacian\n|\n|upkeep\n|\n|t:|1699055460\n|switch|p1a: Toxapex|Toxapex, F|100\/100\n|-damage|p1a: Toxapex|76\/100|[from] Spikes\n|turn|14\n|inactive|OFFTHEZERC has 60 seconds left.\n|c| 0.7Flower|o bro critical hit\n|inactive|pikatchouk 2 has 120 seconds left.\n|\n|t:|1699055501\n|move|p2a: Zacian|Behemoth Blade|p1a: Toxapex\n|-resisted|p1a: Toxapex\n|-damage|p1a: Toxapex|30\/100\n|-damage|p2a: Zacian|72\/100|[from] item: Rocky Helmet|[of] p1a: Toxapex\n|move|p1a: Toxapex|Recover|p1a: Toxapex\n|-heal|p1a: Toxapex|80\/100\n|\n|upkeep\n|turn|15\n|inactive|pikatchouk 2 has 120 seconds left.\n|inactive|OFFTHEZERC has 60 seconds left.\n|\n|t:|1699055512\n|move|p2a: Zacian|Swords Dance|p2a: Zacian\n|-boost|p2a: Zacian|atk|2\n|move|p1a: Toxapex|Haze|p1a: Toxapex\n|-clearallboost\n|\n|upkeep\n|turn|16\n|inactive|pikatchouk 2 has 120 seconds left.\n|\n|t:|1699055528\n|switch|p1a: Arceus|Arceus|100\/100\n|-damage|p1a: Arceus|76\/100|[from] Spikes\n|move|p2a: Zacian|Swords Dance|p2a: Zacian\n|-boost|p2a: Zacian|atk|2\n|\n|-heal|p1a: Arceus|82\/100|[from] item: Leftovers\n|upkeep\n|turn|17\n|inactive|pikatchouk 2 has 120 seconds left.\n|\n|t:|1699055545\n|move|p1a: Arceus|Extreme Speed|p2a: Zacian\n|-resisted|p2a: Zacian\n|-crit|p2a: Zacian\n|-damage|p2a: Zacian|41\/100\n|move|p2a: Zacian|Swords Dance|p2a: Zacian\n|-boost|p2a: Zacian|atk|2\n|\n|-heal|p1a: Arceus|88\/100|[from] item: Leftovers\n|upkeep\n|turn|18\n|c|\u2606OFFTHEZERC|lmao\n|c|\u2606OFFTHEZERC|ofc\n|\n|t:|1699055562\n|move|p1a: Arceus|Extreme Speed|p2a: Zacian\n|-resisted|p2a: Zacian\n|-damage|p2a: Zacian|22\/100\n|move|p2a: Zacian|Behemoth Blade|p1a: Arceus\n|-damage|p1a: Arceus|0 fnt\n|faint|p1a: Arceus\n|\n|upkeep\n|j| njbbc\n|\n|t:|1699055569\n|switch|p1a: Miraidon|Miraidon|30\/100\n|-damage|p1a: Miraidon|5\/100|[from] Spikes\n|-fieldstart|move: Electric Terrain|[from] ability: Hadron Engine|[of] p1a: Miraidon\n|turn|19\n|\n|t:|1699055574\n|switch|p2a: Landorus|Landorus-Therian, M|100\/100\n|-ability|p2a: Landorus|Intimidate|boost\n|-unboost|p1a: Miraidon|atk|1\n|move|p1a: Miraidon|Volt Switch|p2a: Landorus\n|-immune|p2a: Landorus\n|\n|upkeep\n|turn|20\n|inactive|pikatchouk 2 has 120 seconds left.\n|\n|t:|1699055587\n|move|p1a: Miraidon|Volt Switch|p2a: Landorus\n|-immune|p2a: Landorus\n|move|p2a: Landorus|Stealth Rock|p1a: Miraidon\n|-sidestart|p1: pikatchouk 2|move: Stealth Rock\n|\n|upkeep\n|turn|21\n|\n|t:|1699055597\n|move|p1a: Miraidon|Volt Switch|p2a: Landorus\n|-immune|p2a: Landorus\n|move|p2a: Landorus|Earthquake|p1a: Miraidon\n|-supereffective|p1a: Miraidon\n|-crit|p1a: Miraidon\n|-damage|p1a: Miraidon|0 fnt\n|faint|p1a: Miraidon\n|\n|upkeep\n|c| 0.7Flower|gg\n|inactive|pikatchouk 2 has 120 seconds left.\n|\n|t:|1699055618\n|switch|p1a: Toxapex|Toxapex, F|100\/100\n|-damage|p1a: Toxapex|76\/100|[from] Spikes\n|-damage|p1a: Toxapex|64\/100|[from] Stealth Rock\n|turn|22\n|\n|t:|1699055628\n|-terastallize|p1a: Toxapex|Normal\n|move|p2a: Landorus|Taunt|p1a: Toxapex\n|-start|p1a: Toxapex|move: Taunt\n|cant|p1a: Toxapex|move: Taunt|Recover\n|\n|upkeep\n|turn|23\n|inactive|pikatchouk 2 has 120 seconds left.\n|\n|t:|1699055638\n|switch|p1a: Ting-Lu|Ting-Lu|50\/100\n|-damage|p1a: Ting-Lu|25\/100|[from] Spikes\n|-damage|p1a: Ting-Lu|19\/100|[from] Stealth Rock\n|-ability|p1a: Ting-Lu|Vessel of Ruin\n|move|p2a: Landorus|Earthquake|p1a: Ting-Lu\n|-damage|p1a: Ting-Lu|0 fnt\n|faint|p1a: Ting-Lu\n|\n|-fieldend|move: Electric Terrain\n|upkeep\n|\n|t:|1699055641\n|switch|p1a: Toxapex|Toxapex, F, tera:Normal|97\/100\n|-damage|p1a: Toxapex|72\/100|[from] Spikes\n|-damage|p1a: Toxapex|60\/100|[from] Stealth Rock\n|turn|24\n|-message|pikatchouk 2 forfeited.\n|\n|win|OFFTHEZERC\n|raw|pikatchouk 2's rating: 1676 &rarr; <strong>1663<\/strong><br \/>(-13 for losing)\n|raw|OFFTHEZERC's rating: 1807 &rarr; <strong>1820<\/strong><br \/>(+13 for winning)\n|l|\u2606pikatchouk 2\n|c|\u2606OFFTHEZERC|how tf did i win that\n","uploadtime":1699055658,"views":10,"p1id":"pikatchouk2","p2id":"offthezerc","formatid":"gen9anythinggoes","rating":1663,"private":0,"password":""}