{"id":"gen9anythinggoes-1985816821","p1":"Kayleb1718","p2":"Dr_Fleischmann","format":"[Gen 9] Anything Goes","log":"|j|\u2606Kayleb1718\n|j|\u2606Dr_Fleischmann\n|t:|1699409297\n|gametype|singles\n|player|p1|Kayleb1718|lucas-gen4pt|1422\n|player|p2|Dr_Fleischmann|psychic-gen4|1362\n|teamsize|p1|6\n|teamsize|p2|6\n|gen|9\n|tier|[Gen 9] Anything Goes\n|rated|\n|rule|HP Percentage Mod: HP is shown in percentages\n|rule|Endless Battle Clause: Forcing endless battles is banned\n|clearpoke\n|poke|p1|Zacian-*|\n|poke|p1|Calyrex-Shadow|\n|poke|p1|Urshifu-*, F|\n|poke|p1|Kingambit, F|\n|poke|p1|Miraidon|\n|poke|p1|Arceus-Fire|\n|poke|p2|Espathra, F|\n|poke|p2|Calyrex-Shadow|\n|poke|p2|Zacian-*|\n|poke|p2|Mew|\n|poke|p2|Miraidon|\n|poke|p2|Ribombee, F|\n|teampreview\n|\n|t:|1699409304\n|start\n|switch|p1a: Arceus|Arceus-Fire|100\/100\n|switch|p2a: Ribombee|Ribombee, F|100\/100\n|turn|1\n|\n|t:|1699409310\n|move|p2a: Ribombee|Sticky Web|p1a: Arceus\n|-sidestart|p1: Kayleb1718|move: Sticky Web\n|move|p1a: Arceus|Flamethrower|p2a: Ribombee\n|-supereffective|p2a: Ribombee\n|-enditem|p2a: Ribombee|Focus Sash\n|-damage|p2a: Ribombee|1\/100\n|\n|upkeep\n|turn|2\n|\n|t:|1699409318\n|move|p2a: Ribombee|Stun Spore|p1a: Arceus|[miss]\n|-miss|p2a: Ribombee|p1a: Arceus\n|move|p1a: Arceus|Stealth Rock|p2a: Ribombee\n|-sidestart|p2: Dr_Fleischmann|move: Stealth Rock\n|\n|upkeep\n|turn|3\n|\n|t:|1699409324\n|move|p1a: Arceus|Extreme Speed|p2a: Ribombee\n|-damage|p2a: Ribombee|0 fnt\n|faint|p2a: Ribombee\n|\n|upkeep\n|\n|t:|1699409329\n|switch|p2a: Espathra|Espathra, F|100\/100\n|-damage|p2a: Espathra|88\/100|[from] Stealth Rock\n|turn|4\n|\n|t:|1699409339\n|switch|p1a: Calyrex|Calyrex-Shadow|100\/100\n|-ability|p1a: Calyrex|As One\n|-ability|p1a: Calyrex|Unnerve\n|-activate|p1a: Calyrex|move: Sticky Web\n|-unboost|p1a: Calyrex|spe|1\n|move|p2a: Espathra|Substitute|p2a: Espathra\n|-start|p2a: Espathra|Substitute\n|-damage|p2a: Espathra|63\/100\n|\n|-ability|p2a: Espathra|Speed Boost|boost\n|-boost|p2a: Espathra|spe|1\n|upkeep\n|turn|5\n|\n|t:|1699409351\n|move|p2a: Espathra|Baton Pass|p2a: Espathra\n|\n|t:|1699409353\n|switch|p2a: Calyrex|Calyrex-Shadow|100\/100|[from] Baton Pass\n|-ability|p2a: Calyrex|As One\n|-ability|p2a: Calyrex|Unnerve\n|-damage|p2a: Calyrex|88\/100|[from] Stealth Rock\n|move|p1a: Calyrex|Astral Barrage|p2a: Calyrex\n|-supereffective|p2a: Calyrex\n|-end|p2a: Calyrex|Substitute\n|\n|upkeep\n|turn|6\n|\n|t:|1699409371\n|-terastallize|p2a: Calyrex|Dark\n|-terastallize|p1a: Calyrex|Normal\n|move|p2a: Calyrex|Astral Barrage|p1a: Calyrex\n|-immune|p1a: Calyrex\n|move|p1a: Calyrex|Astral Barrage|p2a: Calyrex\n|-resisted|p2a: Calyrex\n|-crit|p2a: Calyrex\n|-damage|p2a: Calyrex|31\/100\n|\n|upkeep\n|turn|7\n|\n|t:|1699409395\n|move|p2a: Calyrex|Baton Pass|p2a: Calyrex\n|\n|t:|1699409398\n|switch|p2a: Zacian|Zacian-Crowned|100\/100|[from] Baton Pass\n|-damage|p2a: Zacian|94\/100|[from] Stealth Rock\n|-ability|p2a: Zacian|Intrepid Sword|boost\n|-boost|p2a: Zacian|atk|1\n|move|p1a: Calyrex|Draining Kiss|p2a: Zacian\n|-resisted|p2a: Zacian\n|-damage|p2a: Zacian|85\/100\n|\n|upkeep\n|turn|8\n|\n|t:|1699409410\n|move|p2a: Zacian|Sacred Sword|p1a: Calyrex\n|-supereffective|p1a: Calyrex\n|-damage|p1a: Calyrex|0 fnt\n|faint|p1a: Calyrex\n|\n|upkeep\n|\n|t:|1699409416\n|switch|p1a: Arceus|Arceus-Fire|100\/100\n|-activate|p1a: Arceus|move: Sticky Web\n|-unboost|p1a: Arceus|spe|1\n|turn|9\n|\n|t:|1699409428\n|switch|p2a: Espathra|Espathra, F|63\/100\n|-damage|p2a: Espathra|51\/100|[from] Stealth Rock\n|move|p1a: Arceus|Flamethrower|p2a: Espathra\n|-damage|p2a: Espathra|0 fnt\n|faint|p2a: Espathra\n|\n|upkeep\n|inactive|Battle timer is ON: inactive players will automatically lose when time's up. (requested by Kayleb1718)\n|\n|t:|1699409447\n|switch|p2a: Miraidon|Miraidon|100\/100\n|-damage|p2a: Miraidon|88\/100|[from] Stealth Rock\n|-fieldstart|move: Electric Terrain|[from] ability: Hadron Engine|[of] p2a: Miraidon\n|turn|10\n|\n|t:|1699409459\n|move|p1a: Arceus|Extreme Speed|p2a: Miraidon\n|-damage|p2a: Miraidon|67\/100\n|move|p2a: Miraidon|Electro Drift|p1a: Arceus\n|-damage|p1a: Arceus|23\/100\n|\n|upkeep\n|turn|11\n|\n|t:|1699409469\n|move|p1a: Arceus|Extreme Speed|p2a: Miraidon\n|-damage|p2a: Miraidon|45\/100\n|move|p2a: Miraidon|Electro Drift|p1a: Arceus\n|-damage|p1a: Arceus|0 fnt\n|faint|p1a: Arceus\n|\n|upkeep\n|\n|t:|1699409479\n|switch|p1a: Zacian|Zacian-Crowned, shiny|100\/100\n|-activate|p1a: Zacian|move: Sticky Web\n|-unboost|p1a: Zacian|spe|1\n|-ability|p1a: Zacian|Intrepid Sword|boost\n|-boost|p1a: Zacian|atk|1\n|turn|12\n|\n|t:|1699409488\n|move|p2a: Miraidon|Electro Drift|p1a: Zacian\n|-damage|p1a: Zacian|12\/100\n|move|p1a: Zacian|Agility|p1a: Zacian\n|-boost|p1a: Zacian|spe|2\n|\n|upkeep\n|turn|13\n|\n|t:|1699409499\n|move|p1a: Zacian|Play Rough|p2a: Miraidon\n|-supereffective|p2a: Miraidon\n|-damage|p2a: Miraidon|0 fnt\n|faint|p2a: Miraidon\n|\n|upkeep\n|\n|t:|1699409504\n|switch|p2a: Zacian|Zacian-Crowned|85\/100\n|-damage|p2a: Zacian|79\/100|[from] Stealth Rock\n|turn|14\n|\n|t:|1699409512\n|move|p1a: Zacian|Behemoth Blade|p2a: Zacian\n|-damage|p2a: Zacian|0 fnt\n|faint|p2a: Zacian\n|\n|upkeep\n|\n|t:|1699409525\n|switch|p2a: Mew|Mew, shiny|100\/100\n|-damage|p2a: Mew|88\/100|[from] Stealth Rock\n|turn|15\n|\n|t:|1699409531\n|move|p1a: Zacian|Behemoth Blade|p2a: Mew\n|-damage|p2a: Mew|37\/100\n|move|p2a: Mew|Stored Power|p1a: Zacian\n|-resisted|p1a: Zacian\n|-damage|p1a: Zacian|9\/100\n|\n|-heal|p2a: Mew|44\/100|[from] item: Leftovers\n|upkeep\n|turn|16\n|-message|Dr_Fleischmann forfeited.\n|\n|win|Kayleb1718\n|raw|Kayleb1718's rating: 1422 &rarr; <strong>1439<\/strong><br \/>(+17 for winning)\n|raw|Dr_Fleischmann's rating: 1362 &rarr; <strong>1345<\/strong><br \/>(-17 for losing)\n|l|\u2606Dr_Fleischmann\n","uploadtime":1699409547,"views":5,"p1id":"kayleb1718","p2id":"drfleischmann","formatid":"gen9anythinggoes","rating":1345,"private":0,"password":""}