{"id":"gen9anythinggoes-1984106087","p1":"Mesprit20","p2":"Shade_Vinatieri","format":"[Gen 9] Anything Goes","log":"|j|\u2606Mesprit20\n|j|\u2606Shade_Vinatieri\n|t:|1699219277\n|gametype|singles\n|player|p1|Mesprit20|gentleman-gen4|1227\n|player|p2|Shade_Vinatieri|rocketgruntf|1222\n|teamsize|p1|6\n|teamsize|p2|6\n|gen|9\n|tier|[Gen 9] Anything Goes\n|rated|\n|rule|HP Percentage Mod: HP is shown in percentages\n|rule|Endless Battle Clause: Forcing endless battles is banned\n|clearpoke\n|poke|p1|Basculegion, M|\n|poke|p1|Gengar, M|\n|poke|p1|Jirachi|\n|poke|p1|Drifblim, F|\n|poke|p1|Drifblim, M|\n|poke|p1|Jirachi|\n|poke|p2|Lilligant, F|\n|poke|p2|Lilligant, F|\n|poke|p2|Lilligant, F|\n|poke|p2|Lilligant, F|\n|poke|p2|Lilligant, F|\n|poke|p2|Lilligant, F|\n|teampreview\n|inactive|Battle timer is ON: inactive players will automatically lose when time's up. (requested by Mesprit20)\n|\n|t:|1699219294\n|start\n|switch|p1a: Drifblim|Drifblim, F|100\/100\n|switch|p2a: Stelligant|Lilligant, F, shiny|100\/100\n|turn|1\n|\n|t:|1699219307\n|move|p1a: Drifblim|Minimize|p1a: Drifblim\n|-boost|p1a: Drifblim|evasion|2\n|move|p2a: Stelligant|Sunny Day|p2a: Stelligant\n|-weather|SunnyDay\n|\n|-weather|SunnyDay|[upkeep]\n|upkeep\n|turn|2\n|\n|t:|1699219315\n|move|p1a: Drifblim|Minimize|p1a: Drifblim\n|-boost|p1a: Drifblim|evasion|2\n|move|p2a: Stelligant|Weather Ball|p1a: Drifblim|[miss]\n|-miss|p2a: Stelligant|p1a: Drifblim\n|\n|-weather|SunnyDay|[upkeep]\n|upkeep\n|turn|3\n|\n|t:|1699219324\n|move|p1a: Drifblim|Minimize|p1a: Drifblim\n|-boost|p1a: Drifblim|evasion|2\n|move|p2a: Stelligant|Weather Ball|p1a: Drifblim|[miss]\n|-miss|p2a: Stelligant|p1a: Drifblim\n|\n|-weather|SunnyDay|[upkeep]\n|upkeep\n|turn|4\n|\n|t:|1699219333\n|move|p1a: Drifblim|Amnesia|p1a: Drifblim\n|-boost|p1a: Drifblim|spd|2\n|move|p2a: Stelligant|Encore|p1a: Drifblim\n|-start|p1a: Drifblim|Encore\n|\n|-weather|SunnyDay|[upkeep]\n|upkeep\n|turn|5\n|\n|t:|1699219357\n|switch|p2a: True-Lilligant|Lilligant, F|100\/100\n|move|p1a: Drifblim|Amnesia|p1a: Drifblim\n|-boost|p1a: Drifblim|spd|2\n|\n|-weather|none\n|upkeep\n|turn|6\n|\n|t:|1699219369\n|move|p2a: True-Lilligant|Sleep Powder|p1a: Drifblim\n|-status|p1a: Drifblim|slp|[from] move: Sleep Powder\n|cant|p1a: Drifblim|slp\n|\n|upkeep\n|turn|7\n|\n|t:|1699219376\n|move|p2a: True-Lilligant|Quiver Dance|p2a: True-Lilligant\n|-boost|p2a: True-Lilligant|spa|1\n|-boost|p2a: True-Lilligant|spd|1\n|-boost|p2a: True-Lilligant|spe|1\n|cant|p1a: Drifblim|slp\n|\n|-end|p1a: Drifblim|Encore\n|upkeep\n|turn|8\n|\n|t:|1699219388\n|move|p2a: True-Lilligant|Quiver Dance|p2a: True-Lilligant\n|-boost|p2a: True-Lilligant|spa|1\n|-boost|p2a: True-Lilligant|spd|1\n|-boost|p2a: True-Lilligant|spe|1\n|-curestatus|p1a: Drifblim|slp|[msg]\n|move|p1a: Drifblim|Amnesia|p1a: Drifblim\n|-boost|p1a: Drifblim|spd|2\n|\n|upkeep\n|turn|9\n|\n|t:|1699219403\n|move|p2a: True-Lilligant|Sleep Powder|p1a: Drifblim|[miss]\n|-miss|p2a: True-Lilligant|p1a: Drifblim\n|move|p1a: Drifblim|Baton Pass|p1a: Drifblim\n|\n|t:|1699219411\n|switch|p1a: Jirachi|Jirachi|100\/100|[from] Baton Pass\n|\n|upkeep\n|turn|10\n|\n|t:|1699219429\n|move|p2a: True-Lilligant|Sleep Powder|p1a: Jirachi|[miss]\n|-miss|p2a: True-Lilligant|p1a: Jirachi\n|move|p1a: Jirachi|Iron Defense|p1a: Jirachi\n|-boost|p1a: Jirachi|def|2\n|\n|upkeep\n|turn|11\n|\n|t:|1699219444\n|move|p2a: True-Lilligant|Sleep Powder|p1a: Jirachi|[miss]\n|-miss|p2a: True-Lilligant|p1a: Jirachi\n|move|p1a: Jirachi|Iron Defense|p1a: Jirachi\n|-boost|p1a: Jirachi|def|2\n|\n|upkeep\n|turn|12\n|\n|t:|1699219457\n|move|p2a: True-Lilligant|Sleep Powder|p1a: Jirachi|[miss]\n|-miss|p2a: True-Lilligant|p1a: Jirachi\n|move|p1a: Jirachi|Iron Defense|p1a: Jirachi\n|-boost|p1a: Jirachi|def|2\n|\n|upkeep\n|turn|13\n|inactive|Mesprit20 has 120 seconds left.\n|\n|t:|1699219486\n|move|p2a: True-Lilligant|Sleep Powder|p1a: Jirachi|[miss]\n|-miss|p2a: True-Lilligant|p1a: Jirachi\n|move|p1a: Jirachi|Stored Power|p2a: True-Lilligant\n|-damage|p2a: True-Lilligant|18\/100\n|\n|upkeep\n|turn|14\n|inactive|Mesprit20 has 120 seconds left.\n|\n|t:|1699219494\n|move|p2a: True-Lilligant|Pollen Puff|p1a: Jirachi\n|-damage|p1a: Jirachi|91\/100\n|move|p1a: Jirachi|Stored Power|p2a: True-Lilligant\n|-damage|p2a: True-Lilligant|0 fnt\n|faint|p2a: True-Lilligant\n|\n|-heal|p1a: Jirachi|98\/100|[from] item: Leftovers\n|upkeep\n|\n|t:|1699219504\n|switch|p2a: Stelligant|Lilligant, F, shiny|100\/100\n|turn|15\n|\n|t:|1699219511\n|move|p1a: Jirachi|Baton Pass|p1a: Jirachi\n|\n|t:|1699219520\n|switch|p1a: Jirachi|Jirachi|100\/100|[from] Baton Pass\n|move|p2a: Stelligant|Sunny Day|p2a: Stelligant\n|-weather|SunnyDay\n|\n|-weather|SunnyDay|[upkeep]\n|upkeep\n|turn|16\n|\n|t:|1699219532\n|move|p1a: Jirachi|Charge Beam|p2a: Stelligant\n|-resisted|p2a: Stelligant\n|-damage|p2a: Stelligant|96\/100\n|-boost|p1a: Jirachi|spa|1\n|move|p2a: Stelligant|Encore|p1a: Jirachi\n|-start|p1a: Jirachi|Encore\n|\n|-weather|SunnyDay|[upkeep]\n|-heal|p2a: Stelligant|100\/100|[from] item: Leftovers\n|upkeep\n|turn|17\n|\n|t:|1699219542\n|move|p1a: Jirachi|Charge Beam|p2a: Stelligant\n|-resisted|p2a: Stelligant\n|-damage|p2a: Stelligant|93\/100\n|-boost|p1a: Jirachi|spa|1\n|cant|p2a: Stelligant|flinch\n|\n|-weather|SunnyDay|[upkeep]\n|-heal|p2a: Stelligant|99\/100|[from] item: Leftovers\n|upkeep\n|turn|18\n|\n|t:|1699219558\n|move|p1a: Jirachi|Charge Beam|p2a: Stelligant|[miss]\n|-miss|p1a: Jirachi|p2a: Stelligant\n|move|p2a: Stelligant|Weather Ball|p1a: Jirachi|[miss]\n|-miss|p2a: Stelligant|p1a: Jirachi\n|\n|-weather|SunnyDay|[upkeep]\n|-heal|p2a: Stelligant|100\/100|[from] item: Leftovers\n|upkeep\n|turn|19\n|\n|t:|1699219568\n|move|p1a: Jirachi|Charge Beam|p2a: Stelligant|[miss]\n|-miss|p1a: Jirachi|p2a: Stelligant\n|move|p2a: Stelligant|Weather Ball|p1a: Jirachi|[miss]\n|-miss|p2a: Stelligant|p1a: Jirachi\n|\n|-weather|none\n|-end|p1a: Jirachi|Encore\n|upkeep\n|turn|20\n|\n|t:|1699219590\n|move|p1a: Jirachi|Charge Beam|p2a: Stelligant\n|-resisted|p2a: Stelligant\n|-damage|p2a: Stelligant|91\/100\n|-boost|p1a: Jirachi|spa|1\n|cant|p2a: Stelligant|flinch\n|\n|-heal|p2a: Stelligant|97\/100|[from] item: Leftovers\n|upkeep\n|turn|21\n|inactive|Mesprit20 has 120 seconds left.\n|\n|t:|1699219620\n|move|p1a: Jirachi|Charge Beam|p2a: Stelligant\n|-resisted|p2a: Stelligant\n|-damage|p2a: Stelligant|83\/100\n|-boost|p1a: Jirachi|spa|1\n|cant|p2a: Stelligant|flinch\n|\n|-heal|p2a: Stelligant|89\/100|[from] item: Leftovers\n|upkeep\n|turn|22\n|\n|t:|1699219631\n|move|p1a: Jirachi|Charge Beam|p2a: Stelligant\n|-resisted|p2a: Stelligant\n|-damage|p2a: Stelligant|73\/100\n|-boost|p1a: Jirachi|spa|1\n|move|p2a: Stelligant|Sunny Day|p2a: Stelligant\n|-weather|SunnyDay\n|\n|-weather|SunnyDay|[upkeep]\n|-heal|p2a: Stelligant|79\/100|[from] item: Leftovers\n|upkeep\n|turn|23\n|\n|t:|1699219657\n|move|p1a: Jirachi|Charge Beam|p2a: Stelligant\n|-resisted|p2a: Stelligant\n|-damage|p2a: Stelligant|60\/100\n|-boost|p1a: Jirachi|spa|1\n|move|p2a: Stelligant|Weather Ball|p1a: Jirachi|[miss]\n|-miss|p2a: Stelligant|p1a: Jirachi\n|\n|-weather|SunnyDay|[upkeep]\n|-heal|p2a: Stelligant|66\/100|[from] item: Leftovers\n|upkeep\n|turn|24\n|inactive|Mesprit20 has 90 seconds left.\n|\n|t:|1699219680\n|move|p1a: Jirachi|Baton Pass|p1a: Jirachi\n|\n|t:|1699219683\n|switch|p1a: Gengar|Gengar, M|100\/100|[from] Baton Pass\n|move|p2a: Stelligant|Encore|p1a: Gengar|[miss]\n|-miss|p2a: Stelligant|p1a: Gengar\n|\n|-weather|SunnyDay|[upkeep]\n|-heal|p2a: Stelligant|72\/100|[from] item: Leftovers\n|upkeep\n|turn|25\n|inactive|Mesprit20 has 90 seconds left.\n|\n|t:|1699219694\n|move|p1a: Gengar|Shadow Ball|p2a: Stelligant\n|-damage|p2a: Stelligant|0 fnt\n|faint|p2a: Stelligant\n|\n|-weather|SunnyDay|[upkeep]\n|upkeep\n|\n|t:|1699219700\n|switch|p2a: Grolligant|Lilligant, F, shiny|100\/100\n|turn|26\n|inactive|Mesprit20 has 90 seconds left.\n|\n|t:|1699219716\n|-terastallize|p2a: Grolligant|Ground\n|move|p2a: Grolligant|Tera Blast|p1a: Gengar|[anim] Tera Blast Ground\n|-supereffective|p1a: Gengar\n|-damage|p1a: Gengar|72\/100\n|move|p1a: Gengar|Shadow Ball|p2a: Grolligant\n|-damage|p2a: Grolligant|0 fnt\n|faint|p2a: Grolligant\n|\n|-weather|none\n|-heal|p1a: Gengar|78\/100|[from] item: Leftovers\n|upkeep\n|\n|t:|1699219727\n|switch|p2a: Flamlligant|Lilligant, F, shiny|100\/100\n|turn|27\n|inactive|Mesprit20 has 90 seconds left.\n|\n|t:|1699219743\n|move|p1a: Gengar|Shadow Ball|p2a: Flamlligant\n|-damage|p2a: Flamlligant|0 fnt\n|faint|p2a: Flamlligant\n|\n|-heal|p1a: Gengar|84\/100|[from] item: Leftovers\n|upkeep\n|\n|t:|1699219747\n|switch|p2a: Poilligant|Lilligant, F, shiny|100\/100\n|turn|28\n|\n|t:|1699219759\n|move|p1a: Gengar|Shadow Ball|p2a: Poilligant\n|-damage|p2a: Poilligant|0 fnt\n|faint|p2a: Poilligant\n|\n|-heal|p1a: Gengar|91\/100|[from] item: Leftovers\n|upkeep\n|\n|t:|1699219764\n|switch|p2a: Buglligant|Lilligant, F, shiny|100\/100\n|turn|29\n|inactive|Mesprit20 has 90 seconds left.\n|\n|t:|1699219796\n|move|p1a: Gengar|Clear Smog|p2a: Buglligant\n|-supereffective|p2a: Buglligant\n|-damage|p2a: Buglligant|0 fnt\n|-clearboost|p2a: Buglligant\n|faint|p2a: Buglligant\n|\n|win|Mesprit20\n|raw|Mesprit20's rating: 1227 &rarr; <strong>1252<\/strong><br \/>(+25 for winning)\n|raw|Shade_Vinatieri's rating: 1222 &rarr; <strong>1197<\/strong><br \/>(-25 for losing)\n|l|\u2606Shade_Vinatieri\n","uploadtime":1699219805,"views":16,"p1id":"mesprit20","p2id":"shadevinatieri","formatid":"gen9anythinggoes","rating":1197,"private":0,"password":""}