{"id":"gen9anythinggoes-1987987260","p1":"Rowan_Rocket","p2":"gabrinfinito","format":"[Gen 9] Anything Goes","log":"|j|\u2606Rowan_Rocket\n|j|\u2606gabrinfinito\n|t:|1699656255\n|gametype|singles\n|player|p1|Rowan_Rocket|rocketgruntf|1031\n|player|p2|gabrinfinito|lucas|1050\n|teamsize|p1|6\n|teamsize|p2|6\n|gen|9\n|tier|[Gen 9] Anything Goes\n|rated|\n|rule|HP Percentage Mod: HP is shown in percentages\n|rule|Endless Battle Clause: Forcing endless battles is banned\n|clearpoke\n|poke|p1|Weezing, M|\n|poke|p1|Arbok, M|\n|poke|p1|Ariados, M|\n|poke|p1|Persian-Alola, M|\n|poke|p1|Mabosstiff, F|\n|poke|p1|Drifblim, F|\n|poke|p2|Charizard, M|\n|poke|p2|Toxicroak, F|\n|poke|p2|Decidueye, F|\n|poke|p2|Slowking, F|\n|poke|p2|Krookodile, M|\n|poke|p2|Raichu, F|\n|teampreview\n|inactive|Battle timer is ON: inactive players will automatically lose when time's up. (requested by gabrinfinito)\n|\n|t:|1699656279\n|start\n|switch|p1a: Mabosstiff|Mabosstiff, F|100\/100\n|switch|p2a: Krookodile|Krookodile, M|100\/100\n|-ability|p2a: Krookodile|Intimidate|boost\n|-ability|p1a: Mabosstiff|Guard Dog|boost\n|-boost|p1a: Mabosstiff|atk|1\n|turn|1\n|\n|t:|1699656289\n|move|p1a: Mabosstiff|Trailblaze|p2a: Krookodile\n|-supereffective|p2a: Krookodile\n|-damage|p2a: Krookodile|30\/100\n|-boost|p1a: Mabosstiff|spe|1\n|move|p2a: Krookodile|Stealth Rock|p1a: Mabosstiff\n|-sidestart|p1: Rowan_Rocket|move: Stealth Rock\n|\n|upkeep\n|turn|2\n|\n|t:|1699656297\n|switch|p2a: Charizard|Charizard, M, shiny|100\/100\n|move|p1a: Mabosstiff|Trailblaze|p2a: Charizard\n|-resisted|p2a: Charizard\n|-damage|p2a: Charizard|92\/100\n|-boost|p1a: Mabosstiff|spe|1\n|-damage|p1a: Mabosstiff|84\/100|[from] item: Rocky Helmet|[of] p2a: Charizard\n|\n|upkeep\n|turn|3\n|\n|t:|1699656308\n|-terastallize|p1a: Mabosstiff|Dark\n|move|p1a: Mabosstiff|Crunch|p2a: Charizard\n|-damage|p2a: Charizard|0 fnt\n|-damage|p1a: Mabosstiff|67\/100|[from] item: Rocky Helmet|[of] p2a: Charizard\n|faint|p2a: Charizard\n|\n|upkeep\n|\n|t:|1699656315\n|switch|p2a: Raichu|Raichu, F|100\/100\n|turn|4\n|\n|t:|1699656321\n|move|p1a: Mabosstiff|Crunch|p2a: Raichu\n|-enditem|p2a: Raichu|Focus Sash\n|-damage|p2a: Raichu|1\/100\n|-unboost|p2a: Raichu|def|1\n|move|p2a: Raichu|Draining Kiss|p1a: Mabosstiff\n|-supereffective|p1a: Mabosstiff\n|-damage|p1a: Mabosstiff|35\/100\n|-heal|p2a: Raichu|26\/100|[from] drain|[of] p1a: Mabosstiff\n|\n|upkeep\n|turn|5\n|\n|t:|1699656335\n|move|p2a: Raichu|Protect|p2a: Raichu\n|-singleturn|p2a: Raichu|Protect\n|move|p1a: Mabosstiff|Crunch|p2a: Raichu\n|-activate|p2a: Raichu|move: Protect\n|\n|upkeep\n|turn|6\n|\n|t:|1699656344\n|move|p1a: Mabosstiff|Crunch|p2a: Raichu\n|-damage|p2a: Raichu|0 fnt\n|faint|p2a: Raichu\n|\n|upkeep\n|\n|t:|1699656352\n|switch|p2a: Toxicroak|Toxicroak, F|100\/100\n|turn|7\n|\n|t:|1699656355\n|move|p1a: Mabosstiff|Psychic Fangs|p2a: Toxicroak\n|-supereffective|p2a: Toxicroak\n|-damage|p2a: Toxicroak|0 fnt\n|faint|p2a: Toxicroak\n|\n|upkeep\n|-message|gabrinfinito forfeited.\n|\n|win|Rowan_Rocket\n|raw|Rowan_Rocket's rating: 1031 &rarr; <strong>1068<\/strong><br \/>(+37 for winning)\n|raw|gabrinfinito's rating: 1050 &rarr; <strong>1032<\/strong><br \/>(-18 for losing)\n|l|\u2606gabrinfinito\n","uploadtime":1699656365,"views":5,"p1id":"rowanrocket","p2id":"gabrinfinito","formatid":"gen9anythinggoes","rating":1032,"private":0,"password":""}