{"id":"gen9anythinggoes-1972674975","p1":"ForForForfeit","p2":"ifhamtheman","format":"[Gen 9] Anything Goes","log":"|j|\u2606ForForForfeit\n|j|\u2606ifhamtheman\n|t:|1697875370\n|gametype|singles\n|player|p1|ForForForfeit|102|1418\n|player|p2|ifhamtheman|artist|1431\n|teamsize|p1|6\n|teamsize|p2|6\n|gen|9\n|tier|[Gen 9] Anything Goes\n|rated|\n|rule|HP Percentage Mod: HP is shown in percentages\n|rule|Endless Battle Clause: Forcing endless battles is banned\n|clearpoke\n|poke|p1|Miraidon|\n|poke|p1|Miraidon|\n|poke|p1|Maushold-Four|\n|poke|p1|Sableye, M|\n|poke|p1|Pawmot, M|\n|poke|p1|Iron Valiant|\n|poke|p2|Koraidon|\n|poke|p2|Arceus|\n|poke|p2|Zacian-*|\n|poke|p2|Calyrex-Shadow|\n|poke|p2|Espathra, M|\n|poke|p2|Ribombee, M|\n|teampreview\n|\n|t:|1697875377\n|start\n|switch|p1a: Fire type tbh|Miraidon|100\/100\n|switch|p2a: Ribombee|Ribombee, M|100\/100\n|-fieldstart|move: Electric Terrain|[from] ability: Hadron Engine|[of] p1a: Fire type tbh\n|turn|1\n|\n|t:|1697875382\n|move|p2a: Ribombee|Switcheroo|p1a: Fire type tbh\n|-activate|p2a: Ribombee|move: Trick|[of] p1a: Fire type tbh\n|-item|p1a: Fire type tbh|Choice Scarf|[from] move: Switcheroo\n|-item|p2a: Ribombee|Mirror Herb|[from] move: Switcheroo\n|move|p1a: Fire type tbh|Electro Drift|p2a: Ribombee\n|-damage|p2a: Ribombee|0 fnt\n|faint|p2a: Ribombee\n|\n|upkeep\n|\n|t:|1697875397\n|switch|p2a: Koraidon|Koraidon|100\/100\n|-weather|SunnyDay|[from] ability: Orichalcum Pulse|[of] p2a: Koraidon\n|-activate|p2a: Koraidon|Orichalcum Pulse|[source]\n|turn|2\n|\n|t:|1697875406\n|switch|p1a: bbl|Iron Valiant|100\/100\n|-activate|p1a: bbl|ability: Quark Drive\n|-start|p1a: bbl|quarkdriveatk\n|move|p2a: Koraidon|Flame Charge|p1a: bbl\n|-crit|p1a: bbl\n|-damage|p1a: bbl|30\/100\n|-boost|p2a: Koraidon|spe|1\n|\n|-weather|SunnyDay|[upkeep]\n|upkeep\n|turn|3\n|\n|t:|1697875416\n|move|p2a: Koraidon|Flame Charge|p1a: bbl\n|-damage|p1a: bbl|0 fnt\n|-boost|p2a: Koraidon|spe|1\n|faint|p1a: bbl\n|-end|p1a: bbl|Quark Drive|[silent]\n|\n|-weather|SunnyDay|[upkeep]\n|upkeep\n|\n|t:|1697875419\n|switch|p1a: Keen eye|Sableye, M|100\/100\n|turn|4\n|\n|t:|1697875425\n|move|p1a: Keen eye|Encore|p2a: Koraidon\n|-start|p2a: Koraidon|Encore\n|move|p2a: Koraidon|Flame Charge|p1a: Keen eye\n|-damage|p1a: Keen eye|65\/100\n|-boost|p2a: Koraidon|spe|1\n|\n|-weather|SunnyDay|[upkeep]\n|upkeep\n|turn|5\n|\n|t:|1697875432\n|move|p1a: Keen eye|Disable|p2a: Koraidon\n|-start|p2a: Koraidon|Disable|Flame Charge\n|cant|p2a: Koraidon|Disable|Flame Charge\n|\n|-weather|SunnyDay|[upkeep]\n|-fieldend|move: Electric Terrain\n|upkeep\n|turn|6\n|\n|t:|1697875445\n|switch|p2a: Zacian|Zacian-Crowned|100\/100\n|-ability|p2a: Zacian|Intrepid Sword|boost\n|-boost|p2a: Zacian|atk|1\n|switch|p1a: King|Miraidon|100\/100\n|-fieldstart|move: Electric Terrain|[from] ability: Hadron Engine|[of] p1a: King\n|\n|-weather|none\n|upkeep\n|turn|7\n|\n|t:|1697875457\n|switch|p2a: Arceus|Arceus|100\/100\n|move|p1a: King|Electro Drift|p2a: Arceus\n|-damage|p2a: Arceus|38\/100\n|\n|upkeep\n|turn|8\n|\n|t:|1697875464\n|move|p2a: Arceus|Extreme Speed|p1a: King\n|-damage|p1a: King|55\/100\n|move|p1a: King|Electro Drift|p2a: Arceus\n|-damage|p2a: Arceus|0 fnt\n|faint|p2a: Arceus\n|\n|upkeep\n|\n|t:|1697875472\n|switch|p2a: Koraidon|Koraidon|100\/100\n|-weather|SunnyDay|[from] ability: Orichalcum Pulse|[of] p2a: Koraidon\n|-activate|p2a: Koraidon|Orichalcum Pulse|[source]\n|turn|9\n|\n|t:|1697875480\n|move|p1a: King|Electro Drift|p2a: Koraidon\n|-resisted|p2a: Koraidon\n|-damage|p2a: Koraidon|56\/100\n|move|p2a: Koraidon|Flame Charge|p1a: King\n|-resisted|p1a: King\n|-damage|p1a: King|38\/100\n|-boost|p2a: Koraidon|spe|1\n|\n|-weather|SunnyDay|[upkeep]\n|upkeep\n|turn|10\n|\n|t:|1697875491\n|move|p2a: Koraidon|Collision Course|p1a: King\n|-damage|p1a: King|0 fnt\n|faint|p1a: King\n|\n|-weather|SunnyDay|[upkeep]\n|-fieldend|move: Electric Terrain\n|upkeep\n|\n|t:|1697875494\n|switch|p1a: Keen eye|Sableye, M|65\/100\n|turn|11\n|\n|t:|1697875501\n|switch|p2a: Espathra|Espathra, M|100\/100\n|move|p1a: Keen eye|Encore||[still]\n|-fail|p1a: Keen eye\n|\n|-weather|SunnyDay|[upkeep]\n|upkeep\n|turn|12\n|\n|t:|1697875508\n|move|p1a: Keen eye|Thunder Wave|p2a: Espathra\n|-status|p2a: Espathra|par\n|move|p2a: Espathra|Baton Pass|p2a: Espathra\n|\n|t:|1697875512\n|switch|p2a: Koraidon|Koraidon|56\/100|[from] Baton Pass\n|-activate|p2a: Koraidon|ability: Orichalcum Pulse\n|\n|-weather|SunnyDay|[upkeep]\n|upkeep\n|turn|13\n|\n|t:|1697875519\n|move|p1a: Keen eye|Thunder Wave|p2a: Koraidon\n|-status|p2a: Koraidon|par\n|cant|p2a: Koraidon|par\n|\n|-weather|none\n|upkeep\n|turn|14\n|\n|t:|1697875527\n|move|p1a: Keen eye|Recover|p1a: Keen eye\n|-heal|p1a: Keen eye|100\/100\n|move|p2a: Koraidon|Flame Charge|p1a: Keen eye\n|-damage|p1a: Keen eye|82\/100\n|-boost|p2a: Koraidon|spe|1\n|\n|upkeep\n|turn|15\n|\n|t:|1697875535\n|move|p1a: Keen eye|Encore|p2a: Koraidon\n|-start|p2a: Koraidon|Encore\n|cant|p2a: Koraidon|par\n|\n|upkeep\n|turn|16\n|\n|t:|1697875540\n|move|p1a: Keen eye|Thunder Wave|p2a: Koraidon\n|-fail|p2a: Koraidon|par\n|move|p2a: Koraidon|Flame Charge|p1a: Keen eye\n|-damage|p1a: Keen eye|66\/100\n|-boost|p2a: Koraidon|spe|1\n|\n|upkeep\n|turn|17\n|\n|t:|1697875547\n|switch|p2a: Espathra|Espathra, M|100\/100 par\n|move|p1a: Keen eye|Recover|p1a: Keen eye\n|-heal|p1a: Keen eye|100\/100\n|\n|upkeep\n|turn|18\n|\n|t:|1697875555\n|switch|p1a: Be gentle|Pawmot, M|100\/100\n|cant|p2a: Espathra|par\n|\n|-ability|p2a: Espathra|Speed Boost|boost\n|-boost|p2a: Espathra|spe|1\n|upkeep\n|turn|19\n|\n|t:|1697875562\n|move|p1a: Be gentle|Revival Blessing|p1a: Be gentle\n|-enditem|p1a: Be gentle|Leppa Berry|[eat]\n|-activate|p1a: Be gentle|item: Leppa Berry|Revival Blessing|[consumed]\n|\n|t:|1697875564\n|-heal|p1: King|50\/100|[from] move: Revival Blessing\n|move|p2a: Espathra|Lumina Crash|p1a: Be gentle\n|-supereffective|p1a: Be gentle\n|-damage|p1a: Be gentle|4\/100\n|-unboost|p1a: Be gentle|spd|2\n|\n|-ability|p2a: Espathra|Speed Boost|boost\n|-boost|p2a: Espathra|spe|1\n|upkeep\n|turn|20\n|\n|t:|1697875581\n|move|p2a: Espathra|Substitute|p2a: Espathra\n|-start|p2a: Espathra|Substitute\n|-damage|p2a: Espathra|76\/100 par\n|move|p1a: Be gentle|Revival Blessing|p1a: Be gentle\n|\n|t:|1697875588\n|-heal|p1: bbl|50\/100|[from] move: Revival Blessing\n|\n|-ability|p2a: Espathra|Speed Boost|boost\n|-boost|p2a: Espathra|spe|1\n|upkeep\n|turn|21\n|\n|t:|1697875594\n|move|p2a: Espathra|Baton Pass|p2a: Espathra\n|\n|t:|1697875597\n|switch|p2a: Calyrex|Calyrex-Shadow|100\/100|[from] Baton Pass\n|-ability|p2a: Calyrex|As One\n|-ability|p2a: Calyrex|Unnerve\n|move|p1a: Be gentle|Volt Switch|p2a: Calyrex\n|-activate|p2a: Calyrex|move: Substitute|[damage]\n|\n|t:|1697875606\n|switch|p1a: Keen eye|Sableye, M|100\/100|[from] Volt Switch\n|\n|upkeep\n|turn|22\n|\n|t:|1697875621\n|switch|p1a: Inbred|Maushold-Four|100\/100\n|-terastallize|p2a: Calyrex|Psychic\n|move|p2a: Calyrex|Astral Barrage|p1a: Inbred\n|-immune|p1a: Inbred\n|\n|upkeep\n|turn|23\n|\n|t:|1697875629\n|switch|p1a: Keen eye|Sableye, M|100\/100\n|move|p2a: Calyrex|Psyshock|p1a: Keen eye\n|-immune|p1a: Keen eye\n|\n|upkeep\n|turn|24\n|\n|t:|1697875634\n|move|p1a: Keen eye|Encore|p2a: Calyrex\n|-start|p2a: Calyrex|Encore\n|move|p2a: Calyrex|Psyshock|p1a: Keen eye\n|-immune|p1a: Keen eye\n|\n|upkeep\n|turn|25\n|\n|t:|1697875643\n|switch|p1a: Inbred|Maushold-Four|100\/100\n|move|p2a: Calyrex|Psyshock|p1a: Inbred\n|-damage|p1a: Inbred|0 fnt\n|faint|p1a: Inbred\n|-ability|p2a: Calyrex|Grim Neigh|boost\n|-boost|p2a: Calyrex|spa|1\n|\n|upkeep\n|\n|t:|1697875648\n|switch|p1a: Keen eye|Sableye, M|100\/100\n|turn|26\n|\n|t:|1697875652\n|move|p1a: Keen eye|Disable|p2a: Calyrex\n|-start|p2a: Calyrex|Disable|Psyshock\n|cant|p2a: Calyrex|Disable|Psyshock\n|\n|-end|p2a: Calyrex|Encore\n|upkeep\n|turn|27\n|\n|t:|1697875659\n|move|p1a: Keen eye|Encore|p2a: Calyrex\n|-start|p2a: Calyrex|Encore\n|cant|p2a: Calyrex|Disable|Psyshock\n|\n|upkeep\n|turn|28\n|\n|t:|1697875671\n|switch|p1a: Fire type tbh|Miraidon|100\/100\n|-fieldstart|move: Electric Terrain|[from] ability: Hadron Engine|[of] p1a: Fire type tbh\n|-activate|p2a: Calyrex|move: Struggle\n|move|p2a: Calyrex|Struggle|p1a: Fire type tbh\n|-damage|p1a: Fire type tbh|92\/100\n|-damage|p2a: Calyrex|76\/100|[from] recoil\n|\n|upkeep\n|turn|29\n|\n|t:|1697875680\n|-activate|p2a: Calyrex|move: Struggle\n|move|p2a: Calyrex|Struggle|p1a: Fire type tbh\n|-crit|p1a: Fire type tbh\n|-damage|p1a: Fire type tbh|81\/100\n|-damage|p2a: Calyrex|51\/100|[from] recoil\n|move|p1a: Fire type tbh|Electro Drift|p2a: Calyrex\n|-end|p2a: Calyrex|Substitute\n|\n|-end|p2a: Calyrex|Encore\n|-end|p2a: Calyrex|Disable\n|upkeep\n|turn|30\n|\n|t:|1697875694\n|switch|p1a: Keen eye|Sableye, M|100\/100\n|move|p2a: Calyrex|Draining Kiss|p1a: Keen eye\n|-supereffective|p1a: Keen eye\n|-enditem|p1a: Keen eye|Focus Sash\n|-damage|p1a: Keen eye|1\/100\n|-heal|p2a: Calyrex|100\/100|[from] drain|[of] p1a: Keen eye\n|\n|upkeep\n|turn|31\n|\n|t:|1697875703\n|move|p1a: Keen eye|Thunder Wave|p2a: Calyrex\n|-status|p2a: Calyrex|par\n|move|p2a: Calyrex|Astral Barrage|p1a: Keen eye\n|-damage|p1a: Keen eye|0 fnt\n|faint|p1a: Keen eye\n|-ability|p2a: Calyrex|Grim Neigh|boost\n|-boost|p2a: Calyrex|spa|1\n|\n|upkeep\n|\n|t:|1697875709\n|switch|p1a: King|Miraidon|50\/100\n|-activate|p1a: King|ability: Hadron Engine\n|turn|32\n|\n|t:|1697875716\n|move|p1a: King|Electro Drift|p2a: Calyrex\n|-damage|p2a: Calyrex|9\/100 par\n|move|p2a: Calyrex|Astral Barrage|p1a: King\n|-damage|p1a: King|0 fnt\n|faint|p1a: King\n|-ability|p2a: Calyrex|Grim Neigh|boost\n|-boost|p2a: Calyrex|spa|1\n|\n|-fieldend|move: Electric Terrain\n|upkeep\n|\n|t:|1697875722\n|switch|p1a: bbl|Iron Valiant|50\/100\n|turn|33\n|\n|t:|1697875728\n|move|p2a: Calyrex|Astral Barrage|p1a: bbl\n|-damage|p1a: bbl|0 fnt\n|faint|p1a: bbl\n|-end|p1a: bbl|Quark Drive|[silent]\n|-ability|p2a: Calyrex|Grim Neigh|boost\n|-boost|p2a: Calyrex|spa|1\n|\n|upkeep\n|\n|t:|1697875731\n|switch|p1a: Fire type tbh|Miraidon|81\/100\n|-fieldstart|move: Electric Terrain|[from] ability: Hadron Engine|[of] p1a: Fire type tbh\n|turn|34\n|\n|t:|1697875739\n|move|p1a: Fire type tbh|Electro Drift|p2a: Calyrex\n|-damage|p2a: Calyrex|0 fnt\n|faint|p2a: Calyrex\n|\n|upkeep\n|\n|t:|1697875745\n|switch|p2a: Koraidon|Koraidon|56\/100 par\n|-weather|SunnyDay|[from] ability: Orichalcum Pulse|[of] p2a: Koraidon\n|-activate|p2a: Koraidon|Orichalcum Pulse|[source]\n|turn|35\n|\n|t:|1697875751\n|switch|p1a: Be gentle|Pawmot, M|4\/100\n|move|p2a: Koraidon|Flame Charge|p1a: Be gentle\n|-damage|p1a: Be gentle|0 fnt\n|-boost|p2a: Koraidon|spe|1\n|faint|p1a: Be gentle\n|\n|-weather|SunnyDay|[upkeep]\n|upkeep\n|\n|t:|1697875753\n|switch|p1a: Fire type tbh|Miraidon|81\/100\n|-activate|p1a: Fire type tbh|ability: Hadron Engine\n|turn|36\n|c|\u2606ifhamtheman|get better\n|\n|t:|1697875764\n|move|p1a: Fire type tbh|Electro Drift|p2a: Koraidon\n|-resisted|p2a: Koraidon\n|-damage|p2a: Koraidon|7\/100 par\n|-enditem|p2a: Koraidon|Aguav Berry|[eat]\n|-heal|p2a: Koraidon|40\/100 par|[from] item: Aguav Berry\n|move|p2a: Koraidon|Flame Charge|p1a: Fire type tbh\n|-resisted|p1a: Fire type tbh\n|-damage|p1a: Fire type tbh|64\/100\n|-boost|p2a: Koraidon|spe|1\n|\n|-weather|SunnyDay|[upkeep]\n|upkeep\n|turn|37\n|\n|t:|1697875775\n|move|p1a: Fire type tbh|Electro Drift|p2a: Koraidon\n|-resisted|p2a: Koraidon\n|-damage|p2a: Koraidon|0 fnt\n|faint|p2a: Koraidon\n|\n|-weather|SunnyDay|[upkeep]\n|upkeep\n|\n|t:|1697875782\n|switch|p2a: Espathra|Espathra, M|76\/100 par\n|turn|38\n|inactive|Battle timer is ON: inactive players will automatically lose when time's up. (requested by ifhamtheman)\n|c|\u2606ForForForfeit|5 legends? I should say that to you. Trash\n|\n|t:|1697875807\n|move|p1a: Fire type tbh|Electro Drift|p2a: Espathra\n|-damage|p2a: Espathra|0 fnt\n|faint|p2a: Espathra\n|\n|-weather|SunnyDay|[upkeep]\n|-fieldend|move: Electric Terrain\n|upkeep\n|c|\u2606ifhamtheman|says the one spamming miraidon LMFAO\n|\n|t:|1697875816\n|switch|p2a: Zacian|Zacian-Crowned|100\/100\n|turn|39\n|c|\u2606ifhamtheman|I made this team cuz I got tired of you legendary spammers\n|\n|t:|1697875840\n|move|p1a: Fire type tbh|Electro Drift|p2a: Zacian\n|-damage|p2a: Zacian|52\/100\n|move|p2a: Zacian|Behemoth Blade|p1a: Fire type tbh\n|-resisted|p1a: Fire type tbh\n|-damage|p1a: Fire type tbh|35\/100\n|\n|-weather|none\n|upkeep\n|turn|40\n|c|\u2606ForForForfeit|Has 2 *is spamming*\n|c|\u2606ForForForfeit|Yeah okay trash bag\n|\n|t:|1697875853\n|move|p1a: Fire type tbh|Electro Drift|p2a: Zacian\n|-damage|p2a: Zacian|6\/100\n|move|p2a: Zacian|Behemoth Blade|p1a: Fire type tbh\n|-resisted|p1a: Fire type tbh\n|-damage|p1a: Fire type tbh|8\/100\n|\n|upkeep\n|turn|41\n|c|\u2606ForForForfeit|LOOOL\n|c|\u2606ifhamtheman|Oh no im so sad\n|c|\u2606ForForForfeit|Just leave\n|c|\u2606ForForForfeit|GeT BeTtER\n|\n|t:|1697875882\n|move|p2a: Zacian|Quick Attack|p1a: Fire type tbh\n|-damage|p1a: Fire type tbh|0 fnt\n|faint|p1a: Fire type tbh\n|\n|win|ifhamtheman\n|raw|ForForForfeit's rating: 1418 &rarr; <strong>1399<\/strong><br \/>(-19 for losing)\n|raw|ifhamtheman's rating: 1431 &rarr; <strong>1450<\/strong><br \/>(+19 for winning)\n|c|\u2606ifhamtheman|U wish u were better:)\n|l|\u2606ForForForfeit\n","uploadtime":1697875899,"views":18,"p1id":"forforforfeit","p2id":"ifhamtheman","formatid":"gen9anythinggoes","rating":1399,"private":0,"password":""}