{"id":"gen9anythinggoes-1999238632","p1":"Khryce","p2":"your_l0cal_dumbass","format":"[Gen 9] Anything Goes","log":"|j|\u2606Khryce\n|j|\u2606your_l0cal_dumbass\n|t:|1701049318\n|gametype|singles\n|player|p1|Khryce|preschooler|1118\n|player|p2|your_l0cal_dumbass|lucas|1073\n|teamsize|p1|6\n|teamsize|p2|6\n|gen|9\n|tier|[Gen 9] Anything Goes\n|rated|\n|rule|HP Percentage Mod: HP is shown in percentages\n|rule|Endless Battle Clause: Forcing endless battles is banned\n|clearpoke\n|poke|p1|Empoleon, M|\n|poke|p1|Orthworm, M|\n|poke|p1|Goodra-Hisui, F|\n|poke|p1|Magnezone|\n|poke|p1|Revavroom, F|\n|poke|p1|Forretress, M|\n|poke|p2|Drifblim, M|\n|poke|p2|Kommo-o, F|\n|poke|p2|Ribombee, F|\n|poke|p2|Tsareena, F|\n|poke|p2|Azumarill, F|\n|poke|p2|Kingambit, F|\n|teampreview\n|inactive|Battle timer is ON: inactive players will automatically lose when time's up. (requested by Khryce)\n|\n|t:|1701049324\n|start\n|switch|p1a: Forretress|Forretress, M|100\/100\n|switch|p2a: Free Candy|Drifblim, M|100\/100\n|turn|1\n|\n|t:|1701049331\n|switch|p1a: Orthworm|Orthworm, M|100\/100\n|move|p2a: Free Candy|Minimize|p2a: Free Candy\n|-boost|p2a: Free Candy|evasion|2\n|\n|upkeep\n|turn|2\n|\n|t:|1701049336\n|move|p2a: Free Candy|Minimize|p2a: Free Candy\n|-boost|p2a: Free Candy|evasion|2\n|move|p1a: Orthworm|Heavy Slam|p2a: Free Candy\n|-damage|p2a: Free Candy|24\/100\n|\n|-heal|p2a: Free Candy|30\/100|[from] item: Leftovers\n|upkeep\n|turn|3\n|\n|t:|1701049343\n|move|p2a: Free Candy|Minimize|p2a: Free Candy\n|-boost|p2a: Free Candy|evasion|2\n|move|p1a: Orthworm|Heavy Slam|p2a: Free Candy\n|-damage|p2a: Free Candy|0 fnt\n|-damage|p1a: Orthworm|75\/100|[from] ability: Aftermath|[of] p2a: Free Candy\n|faint|p2a: Free Candy\n|\n|upkeep\n|\n|t:|1701049360\n|switch|p2a: Bridge|Kommo-o, F, shiny|100\/100\n|turn|4\n|\n|t:|1701049363\n|move|p2a: Bridge|Vacuum Wave|p1a: Orthworm\n|-supereffective|p1a: Orthworm\n|-damage|p1a: Orthworm|25\/100\n|move|p1a: Orthworm|Stealth Rock|p2a: Bridge\n|-sidestart|p2: your_l0cal_dumbass|move: Stealth Rock\n|\n|upkeep\n|turn|5\n|\n|t:|1701049383\n|switch|p1a: Goodra|Goodra-Hisui, F|100\/100\n|move|p2a: Bridge|Vacuum Wave|p1a: Goodra\n|-supereffective|p1a: Goodra\n|-damage|p1a: Goodra|87\/100\n|\n|upkeep\n|turn|6\n|\n|t:|1701049392\n|move|p2a: Bridge|Clanging Scales|p1a: Goodra\n|-damage|p1a: Goodra|68\/100\n|-unboost|p2a: Bridge|def|1\n|-enditem|p2a: Bridge|Throat Spray\n|-boost|p2a: Bridge|spa|1|[from] item: Throat Spray\n|move|p1a: Goodra|Flash Cannon|p2a: Bridge\n|-damage|p2a: Bridge|63\/100\n|\n|upkeep\n|turn|7\n|\n|t:|1701049412\n|switch|p2a: Pepper|Tsareena, F, shiny|100\/100\n|-damage|p2a: Pepper|88\/100|[from] Stealth Rock\n|move|p1a: Goodra|Dragon Pulse|p2a: Pepper\n|-damage|p2a: Pepper|41\/100\n|\n|upkeep\n|turn|8\n|\n|t:|1701049424\n|switch|p1a: Revavroom|Revavroom, F|100\/100\n|move|p2a: Pepper|Fling|p1a: Revavroom\n|-damage|p1a: Revavroom|89\/100\n|-enditem|p2a: Pepper|King's Rock|[from] move: Fling\n|\n|upkeep\n|turn|9\n|\n|t:|1701049440\n|switch|p2a: Lasagna|Kingambit, F|100\/100\n|-damage|p2a: Lasagna|94\/100|[from] Stealth Rock\n|-activate|p2a: Lasagna|ability: Supreme Overlord\n|-start|p2a: Lasagna|fallen1|[silent]\n|move|p1a: Revavroom|Shift Gear|p1a: Revavroom\n|-boost|p1a: Revavroom|spe|2\n|-boost|p1a: Revavroom|atk|1\n|\n|upkeep\n|turn|10\n|\n|t:|1701049450\n|move|p1a: Revavroom|Shift Gear|p1a: Revavroom\n|-boost|p1a: Revavroom|spe|2\n|-boost|p1a: Revavroom|atk|1\n|move|p2a: Lasagna|Zen Headbutt|p1a: Revavroom\n|-damage|p1a: Revavroom|53\/100\n|\n|upkeep\n|turn|11\n|-activate|p1a: Revavroom|item: Quick Claw\n|\n|t:|1701049457\n|move|p1a: Revavroom|Spin Out|p2a: Lasagna\n|-resisted|p2a: Lasagna\n|-crit|p2a: Lasagna\n|-damage|p2a: Lasagna|28\/100\n|-unboost|p1a: Revavroom|spe|2\n|move|p2a: Lasagna|Zen Headbutt|p1a: Revavroom\n|-damage|p1a: Revavroom|20\/100\n|\n|upkeep\n|turn|12\n|\n|t:|1701049465\n|move|p2a: Lasagna|Sucker Punch|p1a: Revavroom\n|-damage|p1a: Revavroom|0 fnt\n|faint|p1a: Revavroom\n|\n|upkeep\n|\n|t:|1701049474\n|switch|p1a: Orthworm|Orthworm, M|25\/100\n|turn|13\n|\n|t:|1701049479\n|move|p2a: Lasagna|Sucker Punch|p1a: Orthworm\n|-damage|p1a: Orthworm|7\/100\n|move|p1a: Orthworm|Body Press|p2a: Lasagna\n|-supereffective|p2a: Lasagna\n|-enditem|p2a: Lasagna|Chople Berry|[eat]\n|-enditem|p2a: Lasagna|Chople Berry|[weaken]\n|-damage|p2a: Lasagna|0 fnt\n|faint|p2a: Lasagna\n|-end|p2a: Lasagna|fallen1|[silent]\n|\n|upkeep\n|\n|t:|1701049490\n|switch|p2a: Bertha|Azumarill, F|100\/100\n|-damage|p2a: Bertha|88\/100|[from] Stealth Rock\n|turn|14\n|\n|t:|1701049494\n|switch|p1a: Empoleon|Empoleon, M|100\/100\n|move|p2a: Bertha|Aqua Tail|p1a: Empoleon\n|-resisted|p1a: Empoleon\n|-damage|p1a: Empoleon|70\/100\n|\n|upkeep\n|turn|15\n|\n|t:|1701049506\n|move|p1a: Empoleon|Haze|p1a: Empoleon\n|-clearallboost\n|move|p2a: Bertha|Belly Drum|p2a: Bertha\n|-damage|p2a: Bertha|38\/100\n|-setboost|p2a: Bertha|atk|6|[from] move: Belly Drum\n|\n|upkeep\n|turn|16\n|\n|t:|1701049514\n|move|p1a: Empoleon|Haze|p1a: Empoleon\n|-clearallboost\n|move|p2a: Bertha|Play Rough|p1a: Empoleon\n|-resisted|p1a: Empoleon\n|-damage|p1a: Empoleon|41\/100\n|\n|upkeep\n|turn|17\n|\n|t:|1701049521\n|move|p1a: Empoleon|Roost|p1a: Empoleon\n|-heal|p1a: Empoleon|91\/100\n|-singleturn|p1a: Empoleon|move: Roost\n|move|p2a: Bertha|Rest|p2a: Bertha\n|-status|p2a: Bertha|slp|[from] move: Rest\n|-heal|p2a: Bertha|100\/100 slp|[silent]\n|-enditem|p2a: Bertha|Chesto Berry|[eat]\n|-curestatus|p2a: Bertha|slp|[msg]\n|\n|upkeep\n|turn|18\n|\n|t:|1701049532\n|move|p1a: Empoleon|Steel Beam|p2a: Bertha\n|-damage|p2a: Bertha|10\/100\n|-damage|p1a: Empoleon|41\/100|[from] steelbeam\n|move|p2a: Bertha|Aqua Tail|p1a: Empoleon|[miss]\n|-miss|p2a: Bertha|p1a: Empoleon\n|\n|upkeep\n|turn|19\n|\n|t:|1701049541\n|-terastallize|p2a: Bertha|Water\n|move|p1a: Empoleon|Roost|p1a: Empoleon\n|-heal|p1a: Empoleon|91\/100\n|-singleturn|p1a: Empoleon|move: Roost\n|move|p2a: Bertha|Rest|p2a: Bertha\n|-status|p2a: Bertha|slp|[from] move: Rest\n|-heal|p2a: Bertha|100\/100 slp|[silent]\n|\n|upkeep\n|turn|20\n|\n|t:|1701049549\n|switch|p1a: Magnezone|Magnezone|100\/100\n|cant|p2a: Bertha|slp\n|\n|upkeep\n|turn|21\n|\n|t:|1701049557\n|switch|p2a: Pepper|Tsareena, F, shiny|41\/100\n|-damage|p2a: Pepper|29\/100|[from] Stealth Rock\n|move|p1a: Magnezone|Discharge|p2a: Pepper\n|-resisted|p2a: Pepper\n|-damage|p2a: Pepper|0 fnt\n|faint|p2a: Pepper\n|\n|upkeep\n|\n|t:|1701049566\n|switch|p2a: Bridge|Kommo-o, F, shiny|63\/100\n|-damage|p2a: Bridge|57\/100|[from] Stealth Rock\n|turn|22\n|\n|t:|1701049572\n|switch|p1a: Goodra|Goodra-Hisui, F|68\/100\n|move|p2a: Bridge|Vacuum Wave|p1a: Goodra\n|-supereffective|p1a: Goodra\n|-damage|p1a: Goodra|55\/100\n|\n|upkeep\n|turn|23\n|\n|t:|1701049580\n|move|p2a: Bridge|Vacuum Wave|p1a: Goodra\n|-supereffective|p1a: Goodra\n|-damage|p1a: Goodra|41\/100\n|move|p1a: Goodra|Flash Cannon|p2a: Bridge\n|-damage|p2a: Bridge|15\/100\n|\n|upkeep\n|turn|24\n|\n|t:|1701049589\n|move|p2a: Bridge|Vacuum Wave|p1a: Goodra\n|-supereffective|p1a: Goodra\n|-damage|p1a: Goodra|27\/100\n|move|p1a: Goodra|Dragon Pulse|p2a: Bridge\n|-supereffective|p2a: Bridge\n|-damage|p2a: Bridge|0 fnt\n|faint|p2a: Bridge\n|\n|upkeep\n|\n|t:|1701049599\n|switch|p2a: Dog|Ribombee, F, shiny|100\/100\n|-damage|p2a: Dog|76\/100|[from] Stealth Rock\n|turn|25\n|\n|t:|1701049606\n|move|p2a: Dog|Moonblast|p1a: Goodra\n|-damage|p1a: Goodra|11\/100\n|move|p1a: Goodra|Flash Cannon|p2a: Dog\n|-supereffective|p2a: Dog\n|-damage|p2a: Dog|0 fnt\n|faint|p2a: Dog\n|\n|upkeep\n|\n|t:|1701049613\n|switch|p2a: Bertha|Azumarill, F, tera:Water|100\/100 slp\n|-damage|p2a: Bertha|88\/100 slp|[from] Stealth Rock\n|turn|26\n|\n|t:|1701049619\n|switch|p1a: Magnezone|Magnezone|100\/100\n|cant|p2a: Bertha|slp\n|\n|upkeep\n|turn|27\n|\n|t:|1701049626\n|move|p1a: Magnezone|Discharge|p2a: Bertha\n|-supereffective|p2a: Bertha\n|-crit|p2a: Bertha\n|-damage|p2a: Bertha|0 fnt\n|faint|p2a: Bertha\n|\n|win|Khryce\n|raw|Khryce's rating: 1118 &rarr; <strong>1140<\/strong><br \/>(+22 for winning)\n|raw|your_l0cal_dumbass's rating: 1073 &rarr; <strong>1055<\/strong><br \/>(-18 for losing)\n|l|\u2606your_l0cal_dumbass\n","uploadtime":1701049634,"views":8,"p1id":"khryce","p2id":"yourl0caldumbass","formatid":"gen9anythinggoes","rating":1055,"private":0,"password":""}