{"id":"gen9anythinggoes-1989220978","p1":"carmillavkarnstein","p2":"Glacierwing","format":"[Gen 9] Anything Goes","log":"|j|\u2606carmillavkarnstein\n|j|\u2606Glacierwing\n|t:|1699824894\n|gametype|singles\n|player|p1|carmillavkarnstein|169|1467\n|player|p2|Glacierwing|falkner|1644\n|teamsize|p1|6\n|teamsize|p2|6\n|gen|9\n|tier|[Gen 9] Anything Goes\n|rated|\n|rule|HP Percentage Mod: HP is shown in percentages\n|rule|Endless Battle Clause: Forcing endless battles is banned\n|clearpoke\n|poke|p1|Miraidon|\n|poke|p1|Grimmsnarl, M|\n|poke|p1|Skeledirge, M|\n|poke|p1|Blissey, F|\n|poke|p1|Moltres|\n|poke|p1|Calyrex-Ice|\n|poke|p2|Chi-Yu|\n|poke|p2|Grimmsnarl, M|\n|poke|p2|Arceus|\n|poke|p2|Koraidon|\n|poke|p2|Calyrex-Shadow|\n|poke|p2|Glimmora, M|\n|teampreview\n|l|\u2606Glacierwing\n|player|p2|\n|inactive|Battle timer is ON: inactive players will automatically lose when time's up. (requested by carmillavkarnstein)\n|j|\u2606Glacierwing\n|inactive|Glacierwing reconnected and has 150 seconds left.\n|player|p2|Glacierwing|falkner\n|\n|t:|1699824914\n|start\n|switch|p1a: Miraidon|Miraidon|100\/100\n|switch|p2a: Glimmora|Glimmora, M|100\/100\n|-fieldstart|move: Electric Terrain|[from] ability: Hadron Engine|[of] p1a: Miraidon\n|turn|1\n|\n|t:|1699824920\n|move|p1a: Miraidon|Electro Drift|p2a: Glimmora\n|-crit|p2a: Glimmora\n|-enditem|p2a: Glimmora|Focus Sash\n|-damage|p2a: Glimmora|1\/100\n|move|p2a: Glimmora|Mud Shot|p1a: Miraidon|[miss]\n|-miss|p2a: Glimmora|p1a: Miraidon\n|\n|upkeep\n|turn|2\n|\n|t:|1699824937\n|move|p1a: Miraidon|Dragon Pulse|p2a: Glimmora\n|-damage|p2a: Glimmora|0 fnt\n|faint|p2a: Glimmora\n|\n|upkeep\n|\n|t:|1699824943\n|switch|p2a: Grimmsnarl|Grimmsnarl, M|100\/100\n|turn|3\n|\n|t:|1699824947\n|move|p2a: Grimmsnarl|Taunt|p1a: Miraidon\n|-start|p1a: Miraidon|move: Taunt\n|move|p1a: Miraidon|U-turn|p2a: Grimmsnarl\n|-damage|p2a: Grimmsnarl|84\/100\n|\n|t:|1699824955\n|switch|p1a: Blissey|Blissey, F|100\/100|[from] U-turn\n|\n|upkeep\n|turn|4\n|\n|t:|1699824959\n|move|p2a: Grimmsnarl|Taunt|p1a: Blissey\n|-start|p1a: Blissey|move: Taunt\n|move|p1a: Blissey|Seismic Toss|p2a: Grimmsnarl\n|-damage|p2a: Grimmsnarl|59\/100\n|\n|upkeep\n|turn|5\n|\n|t:|1699824966\n|switch|p2a: Calyrex|Calyrex-Shadow|100\/100\n|-ability|p2a: Calyrex|As One\n|-ability|p2a: Calyrex|Unnerve\n|switch|p1a: Calyrex|Calyrex-Ice|100\/100\n|-ability|p1a: Calyrex|As One\n|-ability|p1a: Calyrex|Unnerve\n|\n|-fieldend|move: Electric Terrain\n|upkeep\n|turn|6\n|\n|t:|1699824978\n|switch|p1a: Grimmsnarl|Grimmsnarl, M|100\/100\n|move|p2a: Calyrex|Astral Barrage|p1a: Grimmsnarl\n|-resisted|p1a: Grimmsnarl\n|-damage|p1a: Grimmsnarl|75\/100\n|\n|upkeep\n|turn|7\n|\n|t:|1699824985\n|move|p2a: Calyrex|Encore||[still]\n|-fail|p2a: Calyrex\n|move|p1a: Grimmsnarl|Spirit Break|p2a: Calyrex\n|-damage|p2a: Calyrex|64\/100\n|-unboost|p2a: Calyrex|spa|1\n|\n|upkeep\n|turn|8\n|\n|t:|1699824994\n|switch|p2a: Arceus|Arceus|100\/100\n|move|p1a: Grimmsnarl|Spirit Break|p2a: Arceus\n|-damage|p2a: Arceus|79\/100\n|-unboost|p2a: Arceus|spa|1\n|\n|upkeep\n|turn|9\n|\n|t:|1699825000\n|move|p1a: Grimmsnarl|Parting Shot|p2a: Arceus\n|-unboost|p2a: Arceus|atk|1\n|-unboost|p2a: Arceus|spa|1\n|\n|t:|1699825005\n|switch|p1a: Moltres|Moltres|100\/100|[from] Parting Shot\n|move|p2a: Arceus|Swords Dance|p2a: Arceus\n|-boost|p2a: Arceus|atk|2\n|\n|upkeep\n|turn|10\n|\n|t:|1699825017\n|move|p2a: Arceus|Swords Dance|p2a: Arceus\n|-boost|p2a: Arceus|atk|2\n|move|p1a: Moltres|Will-O-Wisp|p2a: Arceus\n|-status|p2a: Arceus|brn\n|\n|-damage|p2a: Arceus|73\/100 brn|[from] brn\n|upkeep\n|turn|11\n|\n|t:|1699825026\n|switch|p1a: Skeledirge|Skeledirge, M|100\/100\n|move|p2a: Arceus|Swords Dance|p2a: Arceus\n|-boost|p2a: Arceus|atk|2\n|\n|-damage|p2a: Arceus|67\/100 brn|[from] brn\n|upkeep\n|turn|12\n|\n|t:|1699825033\n|move|p2a: Arceus|Shadow Claw|p1a: Skeledirge\n|-supereffective|p1a: Skeledirge\n|-damage|p1a: Skeledirge|85\/100\n|move|p1a: Skeledirge|Torch Song|p2a: Arceus\n|-damage|p2a: Arceus|47\/100 brn\n|-boost|p1a: Skeledirge|spa|1\n|\n|-damage|p2a: Arceus|41\/100 brn|[from] brn\n|upkeep\n|turn|13\n|\n|t:|1699825042\n|move|p2a: Arceus|Taunt|p1a: Skeledirge\n|-start|p1a: Skeledirge|move: Taunt\n|move|p1a: Skeledirge|Torch Song|p2a: Arceus\n|-damage|p2a: Arceus|13\/100 brn\n|-boost|p1a: Skeledirge|spa|1\n|\n|-damage|p2a: Arceus|6\/100 brn|[from] brn\n|upkeep\n|turn|14\n|\n|t:|1699825052\n|move|p2a: Arceus|Shadow Claw|p1a: Skeledirge\n|-supereffective|p1a: Skeledirge\n|-damage|p1a: Skeledirge|70\/100\n|move|p1a: Skeledirge|Torch Song|p2a: Arceus\n|-crit|p2a: Arceus\n|-damage|p2a: Arceus|0 fnt\n|-boost|p1a: Skeledirge|spa|1\n|faint|p2a: Arceus\n|\n|upkeep\n|\n|t:|1699825060\n|switch|p2a: Calyrex|Calyrex-Shadow|64\/100\n|-ability|p2a: Calyrex|As One\n|-ability|p2a: Calyrex|Unnerve\n|turn|15\n|\n|t:|1699825070\n|switch|p1a: Grimmsnarl|Grimmsnarl, M|75\/100\n|move|p2a: Calyrex|Astral Barrage|p1a: Grimmsnarl\n|-resisted|p1a: Grimmsnarl\n|-damage|p1a: Grimmsnarl|46\/100\n|\n|upkeep\n|turn|16\n|\n|t:|1699825084\n|move|p2a: Calyrex|Nasty Plot|p2a: Calyrex\n|-boost|p2a: Calyrex|spa|2\n|move|p1a: Grimmsnarl|Spirit Break|p2a: Calyrex\n|-damage|p2a: Calyrex|26\/100\n|-unboost|p2a: Calyrex|spa|1\n|\n|upkeep\n|turn|17\n|\n|t:|1699825092\n|move|p1a: Grimmsnarl|Sucker Punch|p2a: Calyrex\n|-supereffective|p2a: Calyrex\n|-damage|p2a: Calyrex|0 fnt\n|faint|p2a: Calyrex\n|\n|upkeep\n|\n|t:|1699825098\n|switch|p2a: Koraidon|Koraidon|100\/100\n|-weather|SunnyDay|[from] ability: Orichalcum Pulse|[of] p2a: Koraidon\n|-activate|p2a: Koraidon|Orichalcum Pulse|[source]\n|turn|18\n|\n|t:|1699825104\n|-terastallize|p2a: Koraidon|Fire\n|move|p1a: Grimmsnarl|Thunder Wave|p2a: Koraidon\n|-status|p2a: Koraidon|par\n|cant|p2a: Koraidon|par\n|\n|-weather|SunnyDay|[upkeep]\n|upkeep\n|turn|19\n|\n|t:|1699825120\n|cant|p2a: Koraidon|par\n|move|p1a: Grimmsnarl|Spirit Break|p2a: Koraidon\n|-resisted|p2a: Koraidon\n|-damage|p2a: Koraidon|86\/100 par\n|-unboost|p2a: Koraidon|spa|1\n|\n|-weather|SunnyDay|[upkeep]\n|upkeep\n|turn|20\n|\n|t:|1699825127\n|move|p2a: Koraidon|Flare Blitz|p1a: Grimmsnarl\n|-damage|p1a: Grimmsnarl|0 fnt\n|faint|p1a: Grimmsnarl\n|-damage|p2a: Koraidon|69\/100 par|[from] Recoil\n|\n|-weather|SunnyDay|[upkeep]\n|upkeep\n|\n|t:|1699825134\n|switch|p1a: Miraidon|Miraidon|100\/100\n|-fieldstart|move: Electric Terrain|[from] ability: Hadron Engine|[of] p1a: Miraidon\n|turn|21\n|\n|t:|1699825139\n|move|p1a: Miraidon|Electro Drift|p2a: Koraidon\n|-damage|p2a: Koraidon|0 fnt\n|faint|p2a: Koraidon\n|\n|-weather|SunnyDay|[upkeep]\n|upkeep\n|\n|t:|1699825143\n|switch|p2a: Grimmsnarl|Grimmsnarl, M|59\/100\n|turn|22\n|\n|t:|1699825147\n|move|p2a: Grimmsnarl|Light Screen|p2a: Grimmsnarl\n|-sidestart|p2: Glacierwing|move: Light Screen\n|move|p1a: Miraidon|Electro Drift|p2a: Grimmsnarl\n|-damage|p2a: Grimmsnarl|6\/100\n|\n|-weather|none\n|upkeep\n|turn|23\n|\n|t:|1699825154\n|move|p2a: Grimmsnarl|Reflect|p2a: Grimmsnarl\n|-sidestart|p2: Glacierwing|Reflect\n|move|p1a: Miraidon|U-turn|p2a: Grimmsnarl\n|-damage|p2a: Grimmsnarl|0 fnt\n|faint|p2a: Grimmsnarl\n|\n|t:|1699825172\n|switch|p1a: Blissey|Blissey, F|100\/100|[from] U-turn\n|\n|upkeep\n|\n|t:|1699825175\n|switch|p2a: Chi-Yu|Chi-Yu|100\/100\n|-ability|p2a: Chi-Yu|Beads of Ruin\n|turn|24\n|\n|t:|1699825180\n|move|p2a: Chi-Yu|Nasty Plot|p2a: Chi-Yu\n|-boost|p2a: Chi-Yu|spa|2\n|move|p1a: Blissey|Seismic Toss|p2a: Chi-Yu\n|-damage|p2a: Chi-Yu|61\/100\n|\n|upkeep\n|turn|25\n|\n|t:|1699825188\n|move|p2a: Chi-Yu|Flamethrower|p1a: Blissey\n|-damage|p1a: Blissey|54\/100\n|-damage|p2a: Chi-Yu|51\/100|[from] item: Life Orb\n|move|p1a: Blissey|Seismic Toss|p2a: Chi-Yu\n|-damage|p2a: Chi-Yu|11\/100\n|\n|-fieldend|move: Electric Terrain\n|upkeep\n|turn|26\n|\n|t:|1699825196\n|move|p2a: Chi-Yu|Flame Charge|p1a: Blissey\n|-damage|p1a: Blissey|18\/100\n|-boost|p2a: Chi-Yu|spe|1\n|-damage|p2a: Chi-Yu|1\/100|[from] item: Life Orb\n|move|p1a: Blissey|Seismic Toss|p2a: Chi-Yu\n|-damage|p2a: Chi-Yu|0 fnt\n|faint|p2a: Chi-Yu\n|\n|win|carmillavkarnstein\n|raw|carmillavkarnstein's rating: 1467 &rarr; <strong>1496<\/strong><br \/>(+29 for winning)\n|raw|Glacierwing's rating: 1644 &rarr; <strong>1615<\/strong><br \/>(-29 for losing)\n|l|\u2606Glacierwing\n","uploadtime":1699825239,"views":4,"p1id":"carmillavkarnstein","p2id":"glacierwing","formatid":"gen9anythinggoes","rating":1496,"private":0,"password":""}