{"id":"gen9anythinggoes-1997182545","p1":"Mr Linganore","p2":"Novua","format":"[Gen 9] Anything Goes","log":"|j|\u2606Mr Linganore\n|j|\u2606Novua\n|t:|1700772986\n|gametype|singles\n|player|p1|Mr Linganore|266|1165\n|player|p2|Novua|266|1219\n|teamsize|p1|6\n|teamsize|p2|6\n|gen|9\n|tier|[Gen 9] Anything Goes\n|rated|\n|rule|HP Percentage Mod: HP is shown in percentages\n|rule|Endless Battle Clause: Forcing endless battles is banned\n|clearpoke\n|poke|p1|Maushold-Four|\n|poke|p1|Flutter Mane|\n|poke|p1|Miraidon|\n|poke|p1|Rabsca, M|\n|poke|p1|Garganacl, F|\n|poke|p1|Houndstone, M|\n|poke|p2|Rillaboom, F|\n|poke|p2|Volcarona, M|\n|poke|p2|Gliscor, F|\n|poke|p2|Flutter Mane|\n|poke|p2|Kingambit, M|\n|poke|p2|Baxcalibur, M|\n|teampreview\n|\n|t:|1700773015\n|start\n|switch|p1a: DeMarco|Miraidon|100\/100\n|switch|p2a: Baxcalibur|Baxcalibur, M|100\/100\n|-fieldstart|move: Electric Terrain|[from] ability: Hadron Engine|[of] p1a: DeMarco\n|turn|1\n|\n|t:|1700773033\n|-terastallize|p1a: DeMarco|Electric\n|-terastallize|p2a: Baxcalibur|Fairy\n|move|p1a: DeMarco|Electro Drift|p2a: Baxcalibur\n|-damage|p2a: Baxcalibur|0 fnt\n|faint|p2a: Baxcalibur\n|\n|upkeep\n|\n|t:|1700773041\n|switch|p2a: Volcarona|Volcarona, M|100\/100\n|turn|2\n|\n|t:|1700773046\n|move|p1a: DeMarco|Electro Drift|p2a: Volcarona\n|-enditem|p2a: Volcarona|Focus Sash\n|-damage|p2a: Volcarona|1\/100\n|move|p2a: Volcarona|Quiver Dance|p2a: Volcarona\n|-boost|p2a: Volcarona|spa|1\n|-boost|p2a: Volcarona|spd|1\n|-boost|p2a: Volcarona|spe|1\n|\n|upkeep\n|turn|3\n|\n|t:|1700773055\n|move|p2a: Volcarona|Fiery Dance|p1a: DeMarco\n|-damage|p1a: DeMarco|57\/100\n|-boost|p2a: Volcarona|spa|1\n|move|p1a: DeMarco|Power Gem|p2a: Volcarona\n|-supereffective|p2a: Volcarona\n|-crit|p2a: Volcarona\n|-damage|p2a: Volcarona|0 fnt\n|faint|p2a: Volcarona\n|\n|upkeep\n|\n|t:|1700773064\n|switch|p2a: Gliscor|Gliscor, F|100\/100\n|turn|4\n|\n|t:|1700773073\n|move|p1a: DeMarco|Dragon Pulse|p2a: Gliscor\n|-damage|p2a: Gliscor|27\/100\n|move|p2a: Gliscor|Earthquake|p1a: DeMarco\n|-supereffective|p1a: DeMarco\n|-damage|p1a: DeMarco|0 fnt\n|faint|p1a: DeMarco\n|\n|-status|p2a: Gliscor|tox|[from] item: Toxic Orb\n|upkeep\n|\n|t:|1700773092\n|switch|p1a: Rabsca|Rabsca, M, shiny|100\/100\n|turn|5\n|\n|t:|1700773098\n|move|p2a: Gliscor|Lunge|p1a: Rabsca\n|-supereffective|p1a: Rabsca\n|-damage|p1a: Rabsca|62\/100\n|-unboost|p1a: Rabsca|atk|1\n|move|p1a: Rabsca|Trick Room|p1a: Rabsca\n|-fieldstart|move: Trick Room|[of] p1a: Rabsca\n|\n|-heal|p2a: Gliscor|40\/100 tox|[from] ability: Poison Heal\n|-fieldend|move: Electric Terrain\n|upkeep\n|turn|6\n|\n|t:|1700773113\n|switch|p1a: SSSReplacement|Garganacl, F, shiny|100\/100\n|move|p2a: Gliscor|Dual Wingbeat|p1a: SSSReplacement\n|-resisted|p1a: SSSReplacement\n|-damage|p1a: SSSReplacement|94\/100\n|-resisted|p1a: SSSReplacement\n|-damage|p1a: SSSReplacement|88\/100\n|-hitcount|p1a: SSSReplacement|2\n|\n|-heal|p1a: SSSReplacement|94\/100|[from] item: Leftovers\n|-heal|p2a: Gliscor|52\/100 tox|[from] ability: Poison Heal\n|upkeep\n|turn|7\n|\n|t:|1700773118\n|move|p1a: SSSReplacement|Iron Defense|p1a: SSSReplacement\n|-boost|p1a: SSSReplacement|def|2\n|move|p2a: Gliscor|Earthquake|p1a: SSSReplacement\n|-supereffective|p1a: SSSReplacement\n|-damage|p1a: SSSReplacement|63\/100\n|\n|-heal|p1a: SSSReplacement|69\/100|[from] item: Leftovers\n|-heal|p2a: Gliscor|65\/100 tox|[from] ability: Poison Heal\n|upkeep\n|turn|8\n|\n|t:|1700773125\n|move|p1a: SSSReplacement|Iron Defense|p1a: SSSReplacement\n|-boost|p1a: SSSReplacement|def|2\n|move|p2a: Gliscor|Earthquake|p1a: SSSReplacement\n|-supereffective|p1a: SSSReplacement\n|-damage|p1a: SSSReplacement|49\/100\n|\n|-heal|p1a: SSSReplacement|55\/100|[from] item: Leftovers\n|-heal|p2a: Gliscor|77\/100 tox|[from] ability: Poison Heal\n|upkeep\n|turn|9\n|\n|t:|1700773129\n|move|p1a: SSSReplacement|Recover|p1a: SSSReplacement\n|-heal|p1a: SSSReplacement|100\/100\n|move|p2a: Gliscor|Lunge|p1a: SSSReplacement\n|-damage|p1a: SSSReplacement|95\/100\n|-unboost|p1a: SSSReplacement|atk|1\n|\n|-heal|p1a: SSSReplacement|100\/100|[from] item: Leftovers\n|-heal|p2a: Gliscor|89\/100 tox|[from] ability: Poison Heal\n|-fieldend|move: Trick Room\n|upkeep\n|turn|10\n|c|\u2606Novua|This\u2019ll be along day\n|\n|t:|1700773141\n|move|p2a: Gliscor|Crabhammer|p1a: SSSReplacement\n|-supereffective|p1a: SSSReplacement\n|-damage|p1a: SSSReplacement|86\/100\n|move|p1a: SSSReplacement|Salt Cure|p2a: Gliscor\n|-damage|p2a: Gliscor|82\/100 tox\n|-start|p2a: Gliscor|Salt Cure\n|\n|-heal|p1a: SSSReplacement|92\/100|[from] item: Leftovers\n|-heal|p2a: Gliscor|94\/100 tox|[from] ability: Poison Heal\n|-damage|p2a: Gliscor|82\/100 tox|[from] Salt Cure\n|upkeep\n|turn|11\n|\n|t:|1700773144\n|move|p2a: Gliscor|Crabhammer|p1a: SSSReplacement\n|-supereffective|p1a: SSSReplacement\n|-crit|p1a: SSSReplacement\n|-damage|p1a: SSSReplacement|31\/100\n|move|p1a: SSSReplacement|Iron Defense|p1a: SSSReplacement\n|-boost|p1a: SSSReplacement|def|2\n|\n|-heal|p1a: SSSReplacement|37\/100|[from] item: Leftovers\n|-heal|p2a: Gliscor|94\/100 tox|[from] ability: Poison Heal\n|-damage|p2a: Gliscor|82\/100 tox|[from] Salt Cure\n|upkeep\n|turn|12\n|\n|t:|1700773147\n|move|p2a: Gliscor|Crabhammer|p1a: SSSReplacement\n|-supereffective|p1a: SSSReplacement\n|-damage|p1a: SSSReplacement|27\/100\n|move|p1a: SSSReplacement|Recover|p1a: SSSReplacement\n|-heal|p1a: SSSReplacement|77\/100\n|\n|-heal|p1a: SSSReplacement|83\/100|[from] item: Leftovers\n|-heal|p2a: Gliscor|94\/100 tox|[from] ability: Poison Heal\n|-damage|p2a: Gliscor|82\/100 tox|[from] Salt Cure\n|upkeep\n|turn|13\n|\n|t:|1700773150\n|move|p2a: Gliscor|Crabhammer|p1a: SSSReplacement\n|-supereffective|p1a: SSSReplacement\n|-crit|p1a: SSSReplacement\n|-damage|p1a: SSSReplacement|24\/100\n|move|p1a: SSSReplacement|Body Press|p2a: Gliscor\n|-resisted|p2a: Gliscor\n|-damage|p2a: Gliscor|45\/100 tox\n|\n|-heal|p1a: SSSReplacement|30\/100|[from] item: Leftovers\n|-heal|p2a: Gliscor|57\/100 tox|[from] ability: Poison Heal\n|-damage|p2a: Gliscor|45\/100 tox|[from] Salt Cure\n|upkeep\n|turn|14\n|\n|t:|1700773154\n|move|p2a: Gliscor|Crabhammer|p1a: SSSReplacement\n|-supereffective|p1a: SSSReplacement\n|-damage|p1a: SSSReplacement|19\/100\n|move|p1a: SSSReplacement|Recover|p1a: SSSReplacement\n|-heal|p1a: SSSReplacement|69\/100\n|\n|-heal|p1a: SSSReplacement|75\/100|[from] item: Leftovers\n|-heal|p2a: Gliscor|57\/100 tox|[from] ability: Poison Heal\n|-damage|p2a: Gliscor|45\/100 tox|[from] Salt Cure\n|upkeep\n|turn|15\n|\n|t:|1700773160\n|move|p2a: Gliscor|Crabhammer|p1a: SSSReplacement\n|-supereffective|p1a: SSSReplacement\n|-damage|p1a: SSSReplacement|65\/100\n|move|p1a: SSSReplacement|Body Press|p2a: Gliscor\n|-resisted|p2a: Gliscor\n|-damage|p2a: Gliscor|8\/100 tox\n|\n|-heal|p1a: SSSReplacement|71\/100|[from] item: Leftovers\n|-heal|p2a: Gliscor|20\/100 tox|[from] ability: Poison Heal\n|-damage|p2a: Gliscor|8\/100 tox|[from] Salt Cure\n|upkeep\n|turn|16\n|\n|t:|1700773164\n|move|p2a: Gliscor|Crabhammer|p1a: SSSReplacement\n|-supereffective|p1a: SSSReplacement\n|-damage|p1a: SSSReplacement|59\/100\n|move|p1a: SSSReplacement|Recover|p1a: SSSReplacement\n|-heal|p1a: SSSReplacement|100\/100\n|\n|-heal|p2a: Gliscor|20\/100 tox|[from] ability: Poison Heal\n|-damage|p2a: Gliscor|8\/100 tox|[from] Salt Cure\n|upkeep\n|turn|17\n|\n|t:|1700773167\n|move|p2a: Gliscor|Crabhammer|p1a: SSSReplacement\n|-supereffective|p1a: SSSReplacement\n|-damage|p1a: SSSReplacement|90\/100\n|move|p1a: SSSReplacement|Body Press|p2a: Gliscor\n|-resisted|p2a: Gliscor\n|-damage|p2a: Gliscor|0 fnt\n|faint|p2a: Gliscor\n|\n|-heal|p1a: SSSReplacement|96\/100|[from] item: Leftovers\n|upkeep\n|\n|t:|1700773174\n|switch|p2a: Flutter Mane|Flutter Mane|100\/100\n|turn|18\n|\n|t:|1700773177\n|move|p2a: Flutter Mane|Energy Ball|p1a: SSSReplacement\n|-supereffective|p1a: SSSReplacement\n|-damage|p1a: SSSReplacement|37\/100\n|-unboost|p1a: SSSReplacement|spd|1\n|-damage|p2a: Flutter Mane|91\/100|[from] item: Life Orb\n|move|p1a: SSSReplacement|Salt Cure|p2a: Flutter Mane\n|-damage|p2a: Flutter Mane|70\/100\n|-start|p2a: Flutter Mane|Salt Cure\n|\n|-heal|p1a: SSSReplacement|43\/100|[from] item: Leftovers\n|-damage|p2a: Flutter Mane|58\/100|[from] Salt Cure\n|upkeep\n|turn|19\n|\n|t:|1700773193\n|switch|p1a: Flutter Mane|Flutter Mane, shiny|100\/100\n|move|p2a: Flutter Mane|Energy Ball|p1a: Flutter Mane\n|-damage|p1a: Flutter Mane|54\/100\n|-damage|p2a: Flutter Mane|48\/100|[from] item: Life Orb\n|\n|-damage|p2a: Flutter Mane|36\/100|[from] Salt Cure\n|upkeep\n|turn|20\n|\n|t:|1700773199\n|-end|p1a: Flutter Mane|Protosynthesis|[silent]\n|switch|p1a: Maushold|Maushold-Four|100\/100\n|-end|p2a: Flutter Mane|Protosynthesis|[silent]\n|switch|p2a: Kingambit|Kingambit, M|100\/100\n|\n|upkeep\n|turn|21\n|\n|t:|1700773208\n|switch|p1a: SSSReplacement|Garganacl, F, shiny|43\/100\n|move|p2a: Kingambit|Sucker Punch||[still]\n|-fail|p2a: Kingambit\n|\n|-heal|p1a: SSSReplacement|49\/100|[from] item: Leftovers\n|upkeep\n|turn|22\n|\n|t:|1700773214\n|move|p2a: Kingambit|Iron Head|p1a: SSSReplacement\n|-supereffective|p1a: SSSReplacement\n|-damage|p1a: SSSReplacement|0 fnt\n|faint|p1a: SSSReplacement\n|\n|upkeep\n|\n|t:|1700773220\n|switch|p1a: Flutter Mane|Flutter Mane, shiny|54\/100\n|turn|23\n|\n|t:|1700773227\n|move|p1a: Flutter Mane|Mystical Fire|p2a: Kingambit\n|-supereffective|p2a: Kingambit\n|-damage|p2a: Kingambit|53\/100\n|-unboost|p2a: Kingambit|spa|1\n|-ability|p2a: Kingambit|Defiant|boost\n|-boost|p2a: Kingambit|atk|2\n|-damage|p1a: Flutter Mane|44\/100|[from] item: Life Orb\n|move|p2a: Kingambit|Kowtow Cleave|p1a: Flutter Mane\n|-damage|p1a: Flutter Mane|0 fnt\n|faint|p1a: Flutter Mane\n|-end|p1a: Flutter Mane|Protosynthesis|[silent]\n|\n|upkeep\n|\n|t:|1700773234\n|switch|p1a: Maushold|Maushold-Four|100\/100\n|turn|24\n|\n|t:|1700773240\n|move|p2a: Kingambit|Sucker Punch||[still]\n|-fail|p2a: Kingambit\n|move|p1a: Maushold|Tidy Up|p1a: Maushold\n|-boost|p1a: Maushold|atk|1\n|-boost|p1a: Maushold|spe|1\n|\n|upkeep\n|turn|25\n|\n|t:|1700773247\n|move|p2a: Kingambit|Sucker Punch||[still]\n|-fail|p2a: Kingambit\n|move|p1a: Maushold|Encore|p2a: Kingambit\n|-start|p2a: Kingambit|Encore\n|\n|upkeep\n|turn|26\n|\n|t:|1700773269\n|switch|p2a: Flutter Mane|Flutter Mane|36\/100\n|move|p1a: Maushold|Baton Pass|p1a: Maushold\n|\n|t:|1700773274\n|switch|p1a: Houndstone|Houndstone, M|100\/100|[from] Baton Pass\n|\n|upkeep\n|turn|27\n|\n|t:|1700773278\n|move|p1a: Houndstone|Shadow Sneak|p2a: Flutter Mane\n|-supereffective|p2a: Flutter Mane\n|-damage|p2a: Flutter Mane|0 fnt\n|faint|p2a: Flutter Mane\n|-end|p2a: Flutter Mane|Protosynthesis|[silent]\n|\n|upkeep\n|\n|t:|1700773281\n|switch|p2a: Rillaboom|Rillaboom, F|100\/100\n|-fieldstart|move: Grassy Terrain|[from] ability: Grassy Surge|[of] p2a: Rillaboom\n|turn|28\n|\n|t:|1700773295\n|move|p1a: Houndstone|Last Respects|p2a: Rillaboom\n|-damage|p2a: Rillaboom|0 fnt\n|faint|p2a: Rillaboom\n|\n|upkeep\n|\n|t:|1700773300\n|switch|p2a: Kingambit|Kingambit, M|53\/100\n|turn|29\n|\n|t:|1700773311\n|switch|p1a: Maushold|Maushold-Four|100\/100\n|move|p2a: Kingambit|Sucker Punch||[still]\n|-fail|p2a: Kingambit\n|\n|-heal|p2a: Kingambit|60\/100|[from] Grassy Terrain\n|upkeep\n|turn|30\n|\n|t:|1700773321\n|move|p1a: Maushold|Encore|p2a: Kingambit\n|-start|p2a: Kingambit|Encore\n|move|p2a: Kingambit|Sucker Punch||[still]\n|-fail|p2a: Kingambit\n|\n|-heal|p2a: Kingambit|66\/100|[from] Grassy Terrain\n|upkeep\n|turn|31\n|-message|Novua forfeited.\n|\n|win|Mr Linganore\n|raw|Mr Linganore's rating: 1165 &rarr; <strong>1194<\/strong><br \/>(+29 for winning)\n|raw|Novua's rating: 1219 &rarr; <strong>1190<\/strong><br \/>(-29 for losing)\n|l|\u2606Novua\n","uploadtime":1700773348,"views":0,"p1id":"mrlinganore","p2id":"novua","formatid":"gen9anythinggoes","rating":1190,"private":0,"password":""}