{"id":"gen9anythinggoes-1994749695","p1":"Mateusz101","p2":"Water656","format":"[Gen 9] Anything Goes","log":"|j|\u2606Mateusz101\n|j|\u2606Water656\n|t:|1700488900\n|gametype|singles\n|player|p1|Mateusz101|lucas|1096\n|player|p2|Water656|marlon|1000\n|teamsize|p1|6\n|teamsize|p2|6\n|gen|9\n|tier|[Gen 9] Anything Goes\n|rated|\n|rule|HP Percentage Mod: HP is shown in percentages\n|rule|Endless Battle Clause: Forcing endless battles is banned\n|clearpoke\n|poke|p1|Iron Valiant|\n|poke|p1|Iron Bundle|\n|poke|p1|Iron Hands|\n|poke|p1|Iron Treads|\n|poke|p1|Iron Moth|\n|poke|p1|Iron Thorns|\n|poke|p2|Quaquaval, M|\n|poke|p2|Quaquaval, M|\n|poke|p2|Quaquaval, F|\n|poke|p2|Quaquaval, F|\n|poke|p2|Quaquaval, F|\n|poke|p2|Quaquaval, M|\n|teampreview\n|inactive|Battle timer is ON: inactive players will automatically lose when time's up. (requested by Water656)\n|\n|t:|1700488913\n|start\n|switch|p1a: Iron Hands|Iron Hands|100\/100\n|switch|p2a: My Normal Set|Quaquaval, M|100\/100\n|turn|1\n|\n|t:|1700488928\n|move|p2a: My Normal Set|Close Combat|p1a: Iron Hands\n|-damage|p1a: Iron Hands|64\/100\n|-unboost|p2a: My Normal Set|def|1\n|-unboost|p2a: My Normal Set|spd|1\n|move|p1a: Iron Hands|Belly Drum|p1a: Iron Hands\n|-damage|p1a: Iron Hands|14\/100\n|-setboost|p1a: Iron Hands|atk|6|[from] move: Belly Drum\n|\n|upkeep\n|turn|2\n|inactive|Water656 has 120 seconds left.\n|\n|t:|1700488972\n|-terastallize|p1a: Iron Hands|Fighting\n|move|p2a: My Normal Set|Aqua Step|p1a: Iron Hands\n|-damage|p1a: Iron Hands|0 fnt\n|-boost|p2a: My Normal Set|spe|1\n|faint|p1a: Iron Hands\n|-end|p1a: Iron Hands|Quark Drive|[silent]\n|-ability|p2a: My Normal Set|Moxie|boost\n|-boost|p2a: My Normal Set|atk|1\n|\n|upkeep\n|\n|t:|1700488979\n|switch|p1a: Iron Bundle|Iron Bundle|100\/100\n|turn|3\n|inactive|Water656 has 120 seconds left.\n|inactive|Water656 has 90 seconds left.\n|\n|t:|1700489025\n|move|p2a: My Normal Set|Close Combat|p1a: Iron Bundle\n|-supereffective|p1a: Iron Bundle\n|-damage|p1a: Iron Bundle|0 fnt\n|-unboost|p2a: My Normal Set|def|1\n|-unboost|p2a: My Normal Set|spd|1\n|faint|p1a: Iron Bundle\n|-end|p1a: Iron Bundle|Quark Drive|[silent]\n|-ability|p2a: My Normal Set|Moxie|boost\n|-boost|p2a: My Normal Set|atk|1\n|\n|upkeep\n|\n|t:|1700489034\n|switch|p1a: Iron Valiant|Iron Valiant|100\/100\n|-enditem|p1a: Iron Valiant|Booster Energy\n|-activate|p1a: Iron Valiant|ability: Quark Drive|[fromitem]\n|-start|p1a: Iron Valiant|quarkdriveatk\n|turn|4\n|inactive|Water656 has 90 seconds left.\n|\n|t:|1700489043\n|move|p2a: My Normal Set|Aqua Step|p1a: Iron Valiant\n|-damage|p1a: Iron Valiant|0 fnt\n|-boost|p2a: My Normal Set|spe|1\n|faint|p1a: Iron Valiant\n|-end|p1a: Iron Valiant|Quark Drive|[silent]\n|-ability|p2a: My Normal Set|Moxie|boost\n|-boost|p2a: My Normal Set|atk|1\n|\n|upkeep\n|\n|t:|1700489050\n|switch|p1a: Iron Moth|Iron Moth|100\/100\n|turn|5\n|inactive|Water656 has 90 seconds left.\n|\n|t:|1700489076\n|move|p2a: My Normal Set|Aqua Step|p1a: Iron Moth\n|-supereffective|p1a: Iron Moth\n|-damage|p1a: Iron Moth|0 fnt\n|-boost|p2a: My Normal Set|spe|1\n|faint|p1a: Iron Moth\n|-end|p1a: Iron Moth|Quark Drive|[silent]\n|-ability|p2a: My Normal Set|Moxie|boost\n|-boost|p2a: My Normal Set|atk|1\n|\n|upkeep\n|\n|t:|1700489083\n|switch|p1a: Iron Thorns|Iron Thorns|100\/100\n|turn|6\n|inactive|Water656 has 90 seconds left.\n|\n|t:|1700489092\n|move|p2a: My Normal Set|Aqua Step|p1a: Iron Thorns\n|-supereffective|p1a: Iron Thorns\n|-damage|p1a: Iron Thorns|0 fnt\n|-boost|p2a: My Normal Set|spe|1\n|faint|p1a: Iron Thorns\n|-end|p1a: Iron Thorns|Quark Drive|[silent]\n|-ability|p2a: My Normal Set|Moxie|boost\n|-boost|p2a: My Normal Set|atk|1\n|\n|upkeep\n|\n|t:|1700489098\n|switch|p1a: Iron Treads|Iron Treads|100\/100\n|turn|7\n|\n|t:|1700489102\n|move|p2a: My Normal Set|Aqua Step|p1a: Iron Treads\n|-supereffective|p1a: Iron Treads\n|-damage|p1a: Iron Treads|0 fnt\n|-boost|p2a: My Normal Set|spe|1\n|faint|p1a: Iron Treads\n|-end|p1a: Iron Treads|Quark Drive|[silent]\n|\n|win|Water656\n|raw|Mateusz101's rating: 1096 &rarr; <strong>1065<\/strong><br \/>(-31 for losing)\n|raw|Water656's rating: 1000 &rarr; <strong>1051<\/strong><br \/>(+51 for winning)\n|c|\u2606Water656|gg\n|l|\u2606Mateusz101\n","uploadtime":1700489121,"views":8,"p1id":"mateusz101","p2id":"water656","formatid":"gen9anythinggoes","rating":1051,"private":0,"password":""}