{"id":"gen9anythinggoes-1980638787","p1":"Sonicbzorp","p2":"Ultra nocturnal","format":"[Gen 9] Anything Goes","log":"|j|\u2606Sonicbzorp\n|j|\u2606Ultra nocturnal\n|t:|1698806322\n|gametype|singles\n|player|p1|Sonicbzorp|hilbert-wonderlauncher|1217\n|player|p2|Ultra nocturnal|byron|1367\n|teamsize|p1|6\n|teamsize|p2|6\n|gen|9\n|tier|[Gen 9] Anything Goes\n|rated|\n|rule|HP Percentage Mod: HP is shown in percentages\n|rule|Endless Battle Clause: Forcing endless battles is banned\n|clearpoke\n|poke|p1|Miraidon|\n|poke|p1|Mewtwo|\n|poke|p1|Corviknight, F|\n|poke|p1|Brute Bonnet|\n|poke|p1|Greninja-*, F|\n|poke|p1|Ceruledge, F|\n|poke|p2|Basculegion, M|\n|poke|p2|Basculegion, M|\n|poke|p2|Basculegion, M|\n|poke|p2|Basculegion, M|\n|poke|p2|Pelipper, M|\n|poke|p2|Donphan, M|\n|teampreview\n|inactive|Battle timer is ON: inactive players will automatically lose when time's up. (requested by Sonicbzorp)\n|\n|t:|1698806370\n|start\n|switch|p1a: Greninja|Greninja, F|100\/100\n|switch|p2a: Donphan|Donphan, M|100\/100\n|turn|1\n|inactive|Ultra nocturnal has 120 seconds left.\n|inactive|Ultra nocturnal has 90 seconds left.\n|inactive|Ultra nocturnal has 60 seconds left.\n|inactive|Ultra nocturnal has 30 seconds left.\n|\n|t:|1698806496\n|move|p1a: Greninja|Ice Beam|p2a: Donphan\n|-supereffective|p2a: Donphan\n|-damage|p2a: Donphan|40\/100\n|-enditem|p2a: Donphan|Red Card|[of] p1a: Greninja\n|drag|p1a: Corviknight|Corviknight, F, shiny|100\/100\n|-ability|p1a: Corviknight|Pressure\n|move|p2a: Donphan|Stealth Rock|p1a: Corviknight\n|-sidestart|p1: Sonicbzorp|move: Stealth Rock\n|\n|upkeep\n|turn|2\n|inactive|Ultra nocturnal has 30 seconds left.\n|inactive|Ultra nocturnal has 20 seconds left.\n|inactive|Ultra nocturnal has 15 seconds left.\n|\n|t:|1698806519\n|move|p2a: Donphan|Knock Off|p1a: Corviknight\n|-damage|p1a: Corviknight|78\/100\n|-enditem|p1a: Corviknight|Leftovers|[from] move: Knock Off|[of] p2a: Donphan\n|move|p1a: Corviknight|Steel Wing|p2a: Donphan\n|-damage|p2a: Donphan|21\/100\n|\n|upkeep\n|turn|3\n|inactive|Ultra nocturnal has 25 seconds left this turn.\n|inactive|Ultra nocturnal has 20 seconds left.\n|inactive|Ultra nocturnal has 15 seconds left.\n|\n|t:|1698806531\n|move|p1a: Corviknight|Steel Wing|p2a: Donphan\n|-damage|p2a: Donphan|0 fnt\n|faint|p2a: Donphan\n|\n|upkeep\n|inactive|Ultra nocturnal has 20 seconds left this turn.\n|inactive|Ultra nocturnal has 15 seconds left.\n|\n|t:|1698806537\n|switch|p2a: Pelipper|Pelipper, M|100\/100\n|-weather|RainDance|[from] ability: Drizzle|[of] p2a: Pelipper\n|turn|4\n|inactive|Ultra nocturnal has 25 seconds left this turn.\n|\n|t:|1698806549\n|move|p1a: Corviknight|Hone Claws|p1a: Corviknight\n|-boost|p1a: Corviknight|atk|1\n|-boost|p1a: Corviknight|accuracy|1\n|move|p2a: Pelipper|U-turn|p1a: Corviknight\n|-resisted|p1a: Corviknight\n|-damage|p1a: Corviknight|76\/100\n|inactive|Ultra nocturnal has 30 seconds left this turn.\n|inactive|Ultra nocturnal has 20 seconds left.\n|\n|t:|1698806559\n|switch|p2a: Basculegion|Basculegion, M|100\/100|[from] U-turn\n|\n|-weather|RainDance|[upkeep]\n|upkeep\n|turn|5\n|inactive|Ultra nocturnal has 30 seconds left this turn.\n|\n|t:|1698806569\n|move|p2a: Basculegion|Wave Crash|p1a: Corviknight\n|-damage|p1a: Corviknight|0 fnt\n|faint|p1a: Corviknight\n|-damage|p2a: Basculegion|74\/100|[from] Recoil\n|\n|-weather|RainDance|[upkeep]\n|upkeep\n|\n|t:|1698806575\n|switch|p1a: Greninja|Greninja, F|100\/100\n|-damage|p1a: Greninja|88\/100|[from] Stealth Rock\n|turn|6\n|\n|t:|1698806583\n|move|p2a: Basculegion|Wave Crash|p1a: Greninja\n|-resisted|p1a: Greninja\n|-damage|p1a: Greninja|0 fnt\n|faint|p1a: Greninja\n|-damage|p2a: Basculegion|52\/100|[from] Recoil\n|\n|-weather|RainDance|[upkeep]\n|upkeep\n|\n|t:|1698806591\n|switch|p1a: Brute Bonnet|Brute Bonnet|100\/100\n|-damage|p1a: Brute Bonnet|88\/100|[from] Stealth Rock\n|turn|7\n|\n|t:|1698806595\n|move|p2a: Basculegion|Wave Crash|p1a: Brute Bonnet\n|-resisted|p1a: Brute Bonnet\n|-damage|p1a: Brute Bonnet|39\/100\n|-damage|p2a: Basculegion|34\/100|[from] Recoil\n|move|p1a: Brute Bonnet|Giga Drain|p2a: Basculegion\n|-supereffective|p2a: Basculegion\n|-damage|p2a: Basculegion|0 fnt\n|-heal|p1a: Brute Bonnet|54\/100|[from] drain|[of] p2a: Basculegion\n|faint|p2a: Basculegion\n|\n|-weather|RainDance|[upkeep]\n|-heal|p1a: Brute Bonnet|60\/100|[from] item: Leftovers\n|upkeep\n|\n|t:|1698806608\n|switch|p2a: Basculegion|Basculegion, M|100\/100\n|turn|8\n|\n|t:|1698806611\n|-terastallize|p1a: Brute Bonnet|Grass\n|move|p2a: Basculegion|Wave Crash|p1a: Brute Bonnet\n|-resisted|p1a: Brute Bonnet\n|-damage|p1a: Brute Bonnet|17\/100\n|-damage|p2a: Basculegion|85\/100|[from] Recoil\n|move|p1a: Brute Bonnet|Giga Drain|p2a: Basculegion\n|-supereffective|p2a: Basculegion\n|-damage|p2a: Basculegion|0 fnt\n|-heal|p1a: Brute Bonnet|55\/100|[from] drain|[of] p2a: Basculegion\n|faint|p2a: Basculegion\n|\n|-weather|RainDance|[upkeep]\n|-heal|p1a: Brute Bonnet|61\/100|[from] item: Leftovers\n|upkeep\n|inactive|Ultra nocturnal has 60 seconds left.\n|\n|t:|1698806620\n|switch|p2a: Basculegion|Basculegion, M|100\/100\n|turn|9\n|\n|t:|1698806624\n|move|p2a: Basculegion|Wave Crash|p1a: Brute Bonnet\n|-resisted|p1a: Brute Bonnet\n|-damage|p1a: Brute Bonnet|21\/100\n|-damage|p2a: Basculegion|86\/100|[from] Recoil\n|move|p1a: Brute Bonnet|Giga Drain|p2a: Basculegion\n|-supereffective|p2a: Basculegion\n|-crit|p2a: Basculegion\n|-damage|p2a: Basculegion|0 fnt\n|-heal|p1a: Brute Bonnet|59\/100|[from] drain|[of] p2a: Basculegion\n|faint|p2a: Basculegion\n|\n|-weather|RainDance|[upkeep]\n|-heal|p1a: Brute Bonnet|65\/100|[from] item: Leftovers\n|upkeep\n|\n|t:|1698806629\n|switch|p2a: Basculegion|Basculegion, M|100\/100\n|turn|10\n|c|\u2606Sonicbzorp|you cant win with cheese\n|c|\u2606Sonicbzorp|sorry bud\n|\n|t:|1698806638\n|move|p2a: Basculegion|Last Respects|p1a: Brute Bonnet\n|-damage|p1a: Brute Bonnet|0 fnt\n|faint|p1a: Brute Bonnet\n|-end|p1a: Brute Bonnet|Protosynthesis|[silent]\n|\n|-weather|RainDance|[upkeep]\n|upkeep\n|\n|t:|1698806643\n|switch|p1a: Miraidon|Miraidon|100\/100\n|-damage|p1a: Miraidon|88\/100|[from] Stealth Rock\n|-fieldstart|move: Electric Terrain|[from] ability: Hadron Engine|[of] p1a: Miraidon\n|turn|11\n|\n|t:|1698806649\n|move|p2a: Basculegion|Last Respects|p1a: Miraidon\n|-damage|p1a: Miraidon|0 fnt\n|faint|p1a: Miraidon\n|\n|-weather|none\n|upkeep\n|\n|t:|1698806656\n|switch|p1a: Mewtwo|Mewtwo|100\/100\n|-ability|p1a: Mewtwo|Unnerve\n|-damage|p1a: Mewtwo|88\/100|[from] Stealth Rock\n|turn|12\n|\n|t:|1698806663\n|switch|p2a: Pelipper|Pelipper, M|100\/100\n|-weather|RainDance|[from] ability: Drizzle|[of] p2a: Pelipper\n|move|p1a: Mewtwo|Psystrike|p2a: Pelipper\n|-damage|p2a: Pelipper|57\/100\n|\n|-weather|RainDance|[upkeep]\n|upkeep\n|turn|13\n|\n|t:|1698806673\n|move|p1a: Mewtwo|Aura Sphere|p2a: Pelipper\n|-resisted|p2a: Pelipper\n|-damage|p2a: Pelipper|36\/100\n|move|p2a: Pelipper|U-turn|p1a: Mewtwo\n|-supereffective|p1a: Mewtwo\n|-damage|p1a: Mewtwo|67\/100\n|-enditem|p1a: Mewtwo|Weakness Policy\n|-boost|p1a: Mewtwo|atk|2|[from] item: Weakness Policy\n|-boost|p1a: Mewtwo|spa|2|[from] item: Weakness Policy\n|\n|t:|1698806681\n|switch|p2a: Basculegion|Basculegion, M|100\/100|[from] U-turn\n|\n|-weather|RainDance|[upkeep]\n|upkeep\n|turn|14\n|inactive|Ultra nocturnal has 120 seconds left.\n|c|\u2606Ultra nocturnal|you cant ever beat me\n|\n|t:|1698806690\n|move|p2a: Basculegion|Last Respects|p1a: Mewtwo\n|-supereffective|p1a: Mewtwo\n|-damage|p1a: Mewtwo|0 fnt\n|faint|p1a: Mewtwo\n|\n|-weather|RainDance|[upkeep]\n|upkeep\n|c|\u2606Sonicbzorp|yeah\n|c|\u2606Sonicbzorp|cause you use cheese\n|\n|t:|1698806697\n|switch|p1a: Ceruledge|Ceruledge, F, shiny|100\/100\n|-damage|p1a: Ceruledge|76\/100|[from] Stealth Rock\n|turn|15\n|\n|t:|1698806703\n|move|p2a: Basculegion|Last Respects|p1a: Ceruledge\n|-supereffective|p1a: Ceruledge\n|-damage|p1a: Ceruledge|0 fnt\n|faint|p1a: Ceruledge\n|\n|win|Ultra nocturnal\n|raw|Sonicbzorp's rating: 1217 &rarr; <strong>1202<\/strong><br \/>(-15 for losing)\n|raw|Ultra nocturnal's rating: 1367 &rarr; <strong>1379<\/strong><br \/>(+12 for winning)\n|l|\u2606Sonicbzorp\n","uploadtime":1698806720,"views":6,"p1id":"sonicbzorp","p2id":"ultranocturnal","formatid":"gen9anythinggoes","rating":1202,"private":0,"password":""}