{"id":"gen9anythinggoes-1979100615","p1":"T90n","p2":"TheNecroreaper","format":"[Gen 9] Anything Goes","log":"|j|\u2606T90n\n|j|\u2606TheNecroreaper\n|t:|1698632234\n|gametype|singles\n|player|p1|T90n|101|\n|player|p2|TheNecroreaper|170|\n|teamsize|p1|6\n|teamsize|p2|6\n|gen|9\n|tier|[Gen 9] Anything Goes\n|rule|HP Percentage Mod: HP is shown in percentages\n|rule|Endless Battle Clause: Forcing endless battles is banned\n|clearpoke\n|poke|p1|Ogerpon, F|\n|poke|p1|Jirachi|\n|poke|p1|Tyranitar, M|\n|poke|p1|Lucario, F|\n|poke|p1|Articuno|\n|poke|p1|Vikavolt, M|\n|poke|p2|Polteageist-Antique|\n|poke|p2|Bellibolt, F|\n|poke|p2|Zapdos-Galar|\n|poke|p2|Iron Thorns|\n|poke|p2|Garganacl, F|\n|poke|p2|Roaring Moon|\n|teampreview\n|\n|t:|1698632242\n|start\n|switch|p1a: Lucario|Lucario, F|100\/100\n|switch|p2a: Iron Thorns|Iron Thorns|100\/100\n|-enditem|p2a: Iron Thorns|Booster Energy\n|-activate|p2a: Iron Thorns|ability: Quark Drive|[fromitem]\n|-start|p2a: Iron Thorns|quarkdrivedef\n|turn|1\n|\n|t:|1698632277\n|-terastallize|p2a: Iron Thorns|Electric\n|move|p1a: Lucario|Close Combat|p2a: Iron Thorns\n|-damage|p2a: Iron Thorns|76\/100\n|-unboost|p1a: Lucario|def|1\n|-unboost|p1a: Lucario|spd|1\n|move|p2a: Iron Thorns|Stealth Rock|p1a: Lucario\n|-sidestart|p1: T90n|move: Stealth Rock\n|\n|upkeep\n|turn|2\n|\n|t:|1698632291\n|move|p1a: Lucario|Rock Slide|p2a: Iron Thorns\n|-damage|p2a: Iron Thorns|65\/100\n|move|p2a: Iron Thorns|Stealth Rock||[still]\n|-fail|p2a: Iron Thorns\n|\n|upkeep\n|turn|3\n|\n|t:|1698632302\n|move|p1a: Lucario|Psychic|p2a: Iron Thorns\n|-damage|p2a: Iron Thorns|46\/100\n|move|p2a: Iron Thorns|Tera Blast|p1a: Lucario|[anim] Tera Blast Electric\n|-damage|p1a: Lucario|0 fnt\n|faint|p1a: Lucario\n|\n|upkeep\n|\n|t:|1698632315\n|switch|p1a: Ogerpon|Ogerpon, F|100\/100\n|turn|4\n|\n|t:|1698632320\n|move|p1a: Ogerpon|Ivy Cudgel|p2a: Iron Thorns\n|-damage|p2a: Iron Thorns|25\/100\n|move|p2a: Iron Thorns|Taunt|p1a: Ogerpon\n|-start|p1a: Ogerpon|move: Taunt\n|\n|upkeep\n|turn|5\n|\n|t:|1698632329\n|move|p1a: Ogerpon|Play Rough|p2a: Iron Thorns\n|-damage|p2a: Iron Thorns|12\/100\n|move|p2a: Iron Thorns|Tera Blast|p1a: Ogerpon|[anim] Tera Blast Electric\n|-resisted|p1a: Ogerpon\n|-damage|p1a: Ogerpon|74\/100\n|\n|upkeep\n|turn|6\n|\n|t:|1698632337\n|move|p1a: Ogerpon|Ivy Cudgel|p2a: Iron Thorns\n|-damage|p2a: Iron Thorns|0 fnt\n|faint|p2a: Iron Thorns\n|-end|p2a: Iron Thorns|Quark Drive|[silent]\n|\n|upkeep\n|\n|t:|1698632347\n|switch|p2a: Polteageist|Polteageist-Antique|100\/100\n|turn|7\n|\n|t:|1698632357\n|move|p1a: Ogerpon|Knock Off|p2a: Polteageist\n|-supereffective|p2a: Polteageist\n|-damage|p2a: Polteageist|0 fnt\n|-enditem|p2a: Polteageist|White Herb|[from] move: Knock Off|[of] p1a: Ogerpon\n|faint|p2a: Polteageist\n|\n|-end|p1a: Ogerpon|move: Taunt\n|upkeep\n|\n|t:|1698632382\n|switch|p2a: Zapdos|Zapdos-Galar|100\/100\n|turn|8\n|\n|t:|1698632396\n|switch|p1a: Tyranitar|Tyranitar, M|100\/100\n|-damage|p1a: Tyranitar|88\/100|[from] Stealth Rock\n|-weather|Sandstorm|[from] ability: Sand Stream|[of] p1a: Tyranitar\n|move|p2a: Zapdos|Brave Bird|p1a: Tyranitar\n|-resisted|p1a: Tyranitar\n|-damage|p1a: Tyranitar|61\/100\n|-damage|p2a: Zapdos|91\/100|[from] Recoil\n|\n|-weather|Sandstorm|[upkeep]\n|-damage|p2a: Zapdos|85\/100|[from] Sandstorm\n|upkeep\n|turn|9\n|\n|t:|1698632412\n|move|p2a: Zapdos|Brave Bird|p1a: Tyranitar\n|-resisted|p1a: Tyranitar\n|-damage|p1a: Tyranitar|32\/100\n|-damage|p2a: Zapdos|74\/100|[from] Recoil\n|move|p1a: Tyranitar|Earthquake|p2a: Zapdos\n|-immune|p2a: Zapdos\n|\n|-weather|Sandstorm|[upkeep]\n|-damage|p2a: Zapdos|68\/100|[from] Sandstorm\n|upkeep\n|turn|10\n|\n|t:|1698632424\n|move|p2a: Zapdos|Brave Bird|p1a: Tyranitar\n|-resisted|p1a: Tyranitar\n|-damage|p1a: Tyranitar|2\/100\n|-damage|p2a: Zapdos|58\/100|[from] Recoil\n|move|p1a: Tyranitar|Stone Edge|p2a: Zapdos\n|-damage|p2a: Zapdos|0 fnt\n|faint|p2a: Zapdos\n|\n|-weather|Sandstorm|[upkeep]\n|upkeep\n|\n|t:|1698632433\n|switch|p2a: Roaring Moon|Roaring Moon|100\/100\n|-enditem|p2a: Roaring Moon|Booster Energy\n|-activate|p2a: Roaring Moon|ability: Protosynthesis|[fromitem]\n|-start|p2a: Roaring Moon|protosynthesisatk\n|turn|11\n|\n|t:|1698632443\n|switch|p1a: Jirachi|Jirachi|100\/100\n|-damage|p1a: Jirachi|94\/100|[from] Stealth Rock\n|move|p2a: Roaring Moon|Dragon Dance|p2a: Roaring Moon\n|-boost|p2a: Roaring Moon|atk|1\n|-boost|p2a: Roaring Moon|spe|1\n|\n|-weather|Sandstorm|[upkeep]\n|-damage|p2a: Roaring Moon|95\/100|[from] Sandstorm\n|upkeep\n|turn|12\n|\n|t:|1698632456\n|move|p2a: Roaring Moon|Knock Off|p1a: Jirachi\n|-supereffective|p1a: Jirachi\n|-damage|p1a: Jirachi|0 fnt\n|-enditem|p1a: Jirachi|Choice Scarf|[from] move: Knock Off|[of] p2a: Roaring Moon\n|faint|p1a: Jirachi\n|\n|-weather|none\n|upkeep\n|\n|t:|1698632464\n|switch|p1a: Vikavolt|Vikavolt, M|100\/100\n|turn|13\n|\n|t:|1698632477\n|move|p2a: Roaring Moon|Acrobatics|p1a: Vikavolt\n|-crit|p1a: Vikavolt\n|-damage|p1a: Vikavolt|0 fnt\n|faint|p1a: Vikavolt\n|\n|upkeep\n|\n|t:|1698632483\n|switch|p1a: Articuno|Articuno|100\/100\n|-ability|p1a: Articuno|Pressure\n|turn|14\n|\n|t:|1698632498\n|move|p2a: Roaring Moon|Knock Off|p1a: Articuno\n|-damage|p1a: Articuno|2\/100\n|-enditem|p1a: Articuno|Heavy-Duty Boots|[from] move: Knock Off|[of] p2a: Roaring Moon\n|move|p1a: Articuno|Freeze-Dry|p2a: Roaring Moon\n|-supereffective|p2a: Roaring Moon\n|-damage|p2a: Roaring Moon|50\/100\n|\n|upkeep\n|turn|15\n|\n|t:|1698632509\n|-terastallize|p1a: Articuno|Ice\n|move|p2a: Roaring Moon|Knock Off|p1a: Articuno\n|-damage|p1a: Articuno|0 fnt\n|faint|p1a: Articuno\n|\n|upkeep\n|\n|t:|1698632515\n|switch|p1a: Ogerpon|Ogerpon, F|74\/100\n|turn|16\n|\n|t:|1698632519\n|move|p2a: Roaring Moon|Acrobatics|p1a: Ogerpon\n|-supereffective|p1a: Ogerpon\n|-damage|p1a: Ogerpon|0 fnt\n|faint|p1a: Ogerpon\n|\n|upkeep\n|\n|t:|1698632523\n|switch|p1a: Tyranitar|Tyranitar, M|2\/100\n|-damage|p1a: Tyranitar|0 fnt|[from] Stealth Rock\n|faint|p1a: Tyranitar\n|\n|win|TheNecroreaper\n|c|\u2606T90n|gg\n|c|\u2606TheNecroreaper|gg\n","uploadtime":1698632530,"views":19,"p1id":"t90n","p2id":"thenecroreaper","formatid":"gen9anythinggoes","rating":0,"private":0,"password":""}