{"id":"gen9anythinggoes-2000322473","p1":"The Duper","p2":"YawnLove?","format":"[Gen 9] Anything Goes","log":"|j|\u203dThe Duper\n|j|\u2606YawnLove?\n|t:|1701184860\n|gametype|singles\n|player|p1|The Duper|veteran|1231\n|player|p2|YawnLove?|steven|1274\n|teamsize|p1|6\n|teamsize|p2|6\n|gen|9\n|tier|[Gen 9] Anything Goes\n|rated|\n|rule|HP Percentage Mod: HP is shown in percentages\n|rule|Endless Battle Clause: Forcing endless battles is banned\n|clearpoke\n|poke|p1|Snorlax, M|\n|poke|p1|Magcargo, M|\n|poke|p1|Sandy Shocks|\n|poke|p1|Grafaiai, F|\n|poke|p1|Slowbro-Galar, F|\n|poke|p1|Basculegion, M|\n|poke|p2|Calyrex-Shadow|\n|poke|p2|Polteageist|\n|poke|p2|Zacian-*|\n|poke|p2|Darkrai|\n|poke|p2|Regieleki|\n|poke|p2|Garganacl, M|\n|teampreview\n|\n|t:|1701184866\n|start\n|switch|p1a: Magcargo|Magcargo, M|100\/100\n|switch|p2a: Polteageist|Polteageist|100\/100\n|turn|1\n|\n|t:|1701184874\n|move|p2a: Polteageist|Calm Mind|p2a: Polteageist\n|-boost|p2a: Polteageist|spa|1\n|-boost|p2a: Polteageist|spd|1\n|move|p1a: Magcargo|Shell Smash|p1a: Magcargo\n|-unboost|p1a: Magcargo|def|1\n|-unboost|p1a: Magcargo|spd|1\n|-boost|p1a: Magcargo|atk|2\n|-boost|p1a: Magcargo|spa|2\n|-boost|p1a: Magcargo|spe|2\n|-enditem|p1a: Magcargo|White Herb\n|-clearnegativeboost|p1a: Magcargo|[silent]\n|\n|upkeep\n|turn|2\n|\n|t:|1701184898\n|move|p1a: Magcargo|Shell Smash|p1a: Magcargo\n|-unboost|p1a: Magcargo|def|1\n|-unboost|p1a: Magcargo|spd|1\n|-boost|p1a: Magcargo|atk|2\n|-boost|p1a: Magcargo|spa|2\n|-boost|p1a: Magcargo|spe|2\n|move|p2a: Polteageist|Baton Pass|p2a: Polteageist\n|\n|t:|1701184906\n|switch|p2a: Calyrex|Calyrex-Shadow|100\/100|[from] Baton Pass\n|-ability|p2a: Calyrex|As One\n|-ability|p2a: Calyrex|Unnerve\n|\n|upkeep\n|turn|3\n|\n|t:|1701184915\n|move|p1a: Magcargo|Lava Plume|p2a: Calyrex\n|-damage|p2a: Calyrex|26\/100\n|move|p2a: Calyrex|Astral Barrage|p1a: Magcargo\n|-damage|p1a: Magcargo|0 fnt\n|faint|p1a: Magcargo\n|-ability|p2a: Calyrex|Grim Neigh|boost\n|-boost|p2a: Calyrex|spa|1\n|-damage|p2a: Calyrex|16\/100|[from] item: Life Orb\n|\n|upkeep\n|\n|t:|1701184927\n|switch|p1a: Basculegion|Basculegion, M|100\/100\n|turn|4\n|\n|t:|1701184932\n|move|p1a: Basculegion|Aqua Jet|p2a: Calyrex\n|-damage|p2a: Calyrex|0 fnt\n|faint|p2a: Calyrex\n|\n|upkeep\n|\n|t:|1701184939\n|switch|p2a: Polteageist|Polteageist|100\/100\n|turn|5\n|\n|t:|1701184947\n|move|p1a: Basculegion|Last Respects|p2a: Polteageist\n|-supereffective|p2a: Polteageist\n|-enditem|p2a: Polteageist|Focus Sash\n|-damage|p2a: Polteageist|1\/100\n|move|p2a: Polteageist|Calm Mind|p2a: Polteageist\n|-boost|p2a: Polteageist|spa|1\n|-boost|p2a: Polteageist|spd|1\n|\n|upkeep\n|turn|6\n|\n|t:|1701184959\n|move|p1a: Basculegion|Aqua Jet|p2a: Polteageist\n|-damage|p2a: Polteageist|0 fnt\n|faint|p2a: Polteageist\n|\n|upkeep\n|\n|t:|1701184965\n|switch|p2a: Regieleki|Regieleki|100\/100\n|-item|p2a: Regieleki|Air Balloon\n|turn|7\n|\n|t:|1701184971\n|switch|p1a: Sandy Shocks|Sandy Shocks|100\/100\n|move|p2a: Regieleki|Thunderbolt|p1a: Sandy Shocks\n|-immune|p1a: Sandy Shocks\n|\n|upkeep\n|turn|8\n|\n|t:|1701184986\n|switch|p2a: Garganacl|Garganacl, M|100\/100\n|move|p1a: Sandy Shocks|Earth Power|p2a: Garganacl\n|-supereffective|p2a: Garganacl\n|-damage|p2a: Garganacl|46\/100\n|\n|-heal|p2a: Garganacl|52\/100|[from] item: Leftovers\n|upkeep\n|turn|9\n|inactive|Battle timer is ON: inactive players will automatically lose when time's up. (requested by YawnLove?)\n|\n|t:|1701185000\n|move|p2a: Garganacl|Protect|p2a: Garganacl\n|-singleturn|p2a: Garganacl|Protect\n|move|p1a: Sandy Shocks|Earth Power|p2a: Garganacl\n|-activate|p2a: Garganacl|move: Protect\n|\n|-heal|p2a: Garganacl|58\/100|[from] item: Leftovers\n|upkeep\n|turn|10\n|\n|t:|1701185015\n|move|p1a: Sandy Shocks|Discharge|p2a: Garganacl\n|-damage|p2a: Garganacl|33\/100\n|move|p2a: Garganacl|Salt Cure|p1a: Sandy Shocks\n|-resisted|p1a: Sandy Shocks\n|-damage|p1a: Sandy Shocks|93\/100\n|-start|p1a: Sandy Shocks|Salt Cure\n|\n|-heal|p2a: Garganacl|40\/100|[from] item: Leftovers\n|-damage|p1a: Sandy Shocks|81\/100|[from] Salt Cure\n|upkeep\n|turn|11\n|\n|t:|1701185027\n|move|p2a: Garganacl|Protect|p2a: Garganacl\n|-singleturn|p2a: Garganacl|Protect\n|move|p1a: Sandy Shocks|Earth Power|p2a: Garganacl\n|-activate|p2a: Garganacl|move: Protect\n|\n|-heal|p2a: Garganacl|46\/100|[from] item: Leftovers\n|-damage|p1a: Sandy Shocks|69\/100|[from] Salt Cure\n|upkeep\n|turn|12\n|\n|t:|1701185040\n|move|p1a: Sandy Shocks|Earth Power|p2a: Garganacl\n|-supereffective|p2a: Garganacl\n|-damage|p2a: Garganacl|0 fnt\n|faint|p2a: Garganacl\n|\n|-damage|p1a: Sandy Shocks|56\/100|[from] Salt Cure\n|upkeep\n|\n|t:|1701185050\n|switch|p2a: Zacian|Zacian-Crowned|100\/100\n|-ability|p2a: Zacian|Intrepid Sword|boost\n|-boost|p2a: Zacian|atk|1\n|turn|13\n|\n|t:|1701185058\n|-terastallize|p2a: Zacian|Fairy\n|move|p2a: Zacian|Play Rough|p1a: Sandy Shocks\n|-damage|p1a: Sandy Shocks|0 fnt\n|faint|p1a: Sandy Shocks\n|-end|p1a: Sandy Shocks|Protosynthesis|[silent]\n|\n|upkeep\n|\n|t:|1701185078\n|switch|p1a: Slowbro|Slowbro-Galar, F|100\/100\n|turn|14\n|-activate|p1a: Slowbro|ability: Quick Draw\n|\n|t:|1701185100\n|move|p1a: Slowbro|Shell Side Arm|p2a: Zacian|[anim] Shell Side Arm Special\n|-supereffective|p2a: Zacian\n|-damage|p2a: Zacian|28\/100\n|-hint|Special Shell Side Arm\n|-status|p2a: Zacian|psn\n|move|p2a: Zacian|Play Rough|p1a: Slowbro\n|-resisted|p1a: Slowbro\n|-damage|p1a: Slowbro|55\/100\n|-unboost|p1a: Slowbro|atk|1\n|\n|-damage|p2a: Zacian|16\/100 psn|[from] psn\n|upkeep\n|turn|15\n|\n|t:|1701185115\n|move|p2a: Zacian|Behemoth Blade|p1a: Slowbro\n|-crit|p1a: Slowbro\n|-damage|p1a: Slowbro|0 fnt\n|faint|p1a: Slowbro\n|\n|-damage|p2a: Zacian|3\/100 psn|[from] psn\n|upkeep\n|inactive|The Duper has 120 seconds left.\n|\n|t:|1701185142\n|switch|p1a: Basculegion|Basculegion, M|100\/100\n|turn|16\n|\n|t:|1701185149\n|switch|p2a: Regieleki|Regieleki|100\/100\n|-item|p2a: Regieleki|Air Balloon\n|move|p1a: Basculegion|Aqua Jet|p2a: Regieleki\n|-damage|p2a: Regieleki|47\/100\n|-enditem|p2a: Regieleki|Air Balloon\n|\n|upkeep\n|turn|17\n|\n|t:|1701185160\n|move|p1a: Basculegion|Aqua Jet|p2a: Regieleki\n|-damage|p2a: Regieleki|0 fnt\n|faint|p2a: Regieleki\n|\n|upkeep\n|\n|t:|1701185166\n|switch|p2a: Zacian|Zacian-Crowned, tera:Fairy|3\/100 psn\n|turn|18\n|\n|t:|1701185171\n|move|p1a: Basculegion|Aqua Jet|p2a: Zacian\n|-damage|p2a: Zacian|0 fnt\n|faint|p2a: Zacian\n|\n|upkeep\n|\n|t:|1701185177\n|switch|p2a: Darkrai|Darkrai|100\/100\n|turn|19\n|\n|t:|1701185190\n|move|p2a: Darkrai|Dark Pulse|p1a: Basculegion\n|-supereffective|p1a: Basculegion\n|-damage|p1a: Basculegion|12\/100\n|move|p1a: Basculegion|Last Respects|p2a: Darkrai\n|-resisted|p2a: Darkrai\n|-damage|p2a: Darkrai|4\/100\n|\n|-heal|p2a: Darkrai|10\/100|[from] item: Leftovers\n|upkeep\n|turn|20\n|\n|t:|1701185199\n|move|p1a: Basculegion|Aqua Jet|p2a: Darkrai\n|-damage|p2a: Darkrai|0 fnt\n|faint|p2a: Darkrai\n|\n|win|The Duper\n|raw|The Duper's rating: 1231 &rarr; <strong>1259<\/strong><br \/>(+28 for winning)\n|raw|YawnLove?'s rating: 1274 &rarr; <strong>1246<\/strong><br \/>(-28 for losing)\n","uploadtime":1701185241,"views":14,"p1id":"theduper","p2id":"yawnlove","formatid":"gen9anythinggoes","rating":1246,"private":0,"password":""}