{"id":"gen9anythinggoes-1989852203","p1":"babbona","p2":"GETSWEEPEDBOZO","format":"[Gen 9] Anything Goes","log":"|j|\u2606babbona\n|j|\u2606GETSWEEPEDBOZO\n|t:|1699901097\n|gametype|singles\n|player|p1|babbona|ghetsis-gen5bw|1177\n|player|p2|GETSWEEPEDBOZO|ingo|1159\n|teamsize|p1|6\n|teamsize|p2|6\n|gen|9\n|tier|[Gen 9] Anything Goes\n|rated|\n|rule|HP Percentage Mod: HP is shown in percentages\n|rule|Endless Battle Clause: Forcing endless battles is banned\n|clearpoke\n|poke|p1|Mimikyu, F|\n|poke|p1|Calyrex-Shadow|\n|poke|p1|Sneasler, M|\n|poke|p1|Rayquaza|\n|poke|p1|Hatterene, F|\n|poke|p1|Magearna|\n|poke|p2|Gengar, F|\n|poke|p2|Tinkaton, F|\n|poke|p2|Decidueye, F|\n|poke|p2|Garchomp, M|\n|poke|p2|Dragapult, M|\n|poke|p2|Kingambit, M|\n|teampreview\n|\n|t:|1699901102\n|start\n|switch|p1a: quetzalcoatl|Rayquaza, shiny|100\/100\n|switch|p2a: Cheshire|Gengar, F|100\/100\n|-ability|p1a: quetzalcoatl|Air Lock\n|turn|1\n|\n|t:|1699901108\n|switch|p1a: mage|Hatterene, F|100\/100\n|move|p2a: Cheshire|Sludge Bomb|p1a: mage\n|-supereffective|p1a: mage\n|-damage|p1a: mage|14\/100\n|-status|p1a: mage|psn\n|\n|-heal|p1a: mage|20\/100 psn|[from] item: Leftovers\n|-damage|p1a: mage|7\/100 psn|[from] psn\n|upkeep\n|turn|2\n|\n|t:|1699901117\n|move|p2a: Cheshire|Sludge Bomb|p1a: mage\n|-supereffective|p1a: mage\n|-damage|p1a: mage|0 fnt\n|faint|p1a: mage\n|\n|upkeep\n|\n|t:|1699901128\n|switch|p1a: longsneasel|Sneasler, M|100\/100\n|-ability|p1a: longsneasel|Pressure\n|turn|3\n|\n|t:|1699901132\n|move|p1a: longsneasel|Swords Dance|p1a: longsneasel\n|-boost|p1a: longsneasel|atk|2\n|move|p2a: Cheshire|Shadow Ball|p1a: longsneasel\n|-damage|p1a: longsneasel|51\/100\n|\n|upkeep\n|turn|4\n|\n|t:|1699901139\n|move|p1a: longsneasel|Dire Claw|p2a: Cheshire\n|-resisted|p2a: Cheshire\n|-damage|p2a: Cheshire|63\/100\n|move|p2a: Cheshire|Shadow Ball|p1a: longsneasel\n|-damage|p1a: longsneasel|0 fnt\n|faint|p1a: longsneasel\n|\n|upkeep\n|\n|t:|1699901147\n|switch|p1a: heart|Magearna|100\/100\n|turn|5\n|\n|t:|1699901150\n|move|p2a: Cheshire|Sludge Bomb|p1a: heart\n|-immune|p1a: heart\n|move|p1a: heart|Shift Gear|p1a: heart\n|-boost|p1a: heart|spe|2\n|-boost|p1a: heart|atk|1\n|\n|upkeep\n|turn|6\n|\n|t:|1699901157\n|move|p2a: Cheshire|Focus Blast|p1a: heart\n|-damage|p1a: heart|68\/100\n|move|p1a: heart|Shift Gear|p1a: heart\n|-boost|p1a: heart|spe|2\n|-boost|p1a: heart|atk|1\n|\n|upkeep\n|turn|7\n|\n|t:|1699901167\n|move|p1a: heart|Flash Cannon|p2a: Cheshire\n|-damage|p2a: Cheshire|0 fnt\n|-start|p1a: heart|Disable|Flash Cannon|[from] ability: Cursed Body|[of] p2a: Cheshire\n|faint|p2a: Cheshire\n|-ability|p1a: heart|Soul-Heart|boost\n|-boost|p1a: heart|spa|1\n|\n|upkeep\n|\n|t:|1699901177\n|switch|p2a: Jaws|Garchomp, M|100\/100\n|turn|8\n|\n|t:|1699901181\n|move|p1a: heart|Draining Kiss|p2a: Jaws\n|-supereffective|p2a: Jaws\n|-damage|p2a: Jaws|0 fnt\n|-heal|p1a: heart|100\/100|[from] drain|[of] p2a: Jaws\n|-damage|p1a: heart|88\/100|[from] ability: Rough Skin|[of] p2a: Jaws\n|-damage|p1a: heart|72\/100|[from] item: Rocky Helmet|[of] p2a: Jaws\n|faint|p2a: Jaws\n|-ability|p1a: heart|Soul-Heart|boost\n|-boost|p1a: heart|spa|1\n|\n|upkeep\n|\n|t:|1699901190\n|switch|p2a: Frisky|Tinkaton, F|100\/100\n|-ability|p2a: Frisky|Mold Breaker\n|turn|9\n|\n|t:|1699901195\n|move|p1a: heart|Aura Sphere|p2a: Frisky\n|-damage|p2a: Frisky|58\/100\n|move|p2a: Frisky|Knock Off|p1a: heart\n|-resisted|p1a: heart\n|-damage|p1a: heart|63\/100\n|-enditem|p1a: heart|Weakness Policy|[from] move: Knock Off|[of] p2a: Frisky\n|\n|-heal|p2a: Frisky|64\/100|[from] item: Leftovers\n|upkeep\n|turn|10\n|\n|t:|1699901204\n|move|p1a: heart|Aura Sphere|p2a: Frisky\n|-damage|p2a: Frisky|21\/100\n|move|p2a: Frisky|Gigaton Hammer|p1a: heart\n|-damage|p1a: heart|19\/100\n|\n|-heal|p2a: Frisky|27\/100|[from] item: Leftovers\n|-end|p1a: heart|Disable\n|upkeep\n|turn|11\n|\n|t:|1699901216\n|move|p1a: heart|Aura Sphere|p2a: Frisky\n|-damage|p2a: Frisky|0 fnt\n|faint|p2a: Frisky\n|-ability|p1a: heart|Soul-Heart|boost\n|-boost|p1a: heart|spa|1\n|\n|upkeep\n|\n|t:|1699901222\n|switch|p2a: Neptune|Dragapult, M|100\/100\n|turn|12\n|\n|t:|1699901228\n|move|p1a: heart|Draining Kiss|p2a: Neptune\n|-supereffective|p2a: Neptune\n|-crit|p2a: Neptune\n|-damage|p2a: Neptune|0 fnt\n|-heal|p1a: heart|84\/100|[from] drain|[of] p2a: Neptune\n|faint|p2a: Neptune\n|-ability|p1a: heart|Soul-Heart|boost\n|-boost|p1a: heart|spa|1\n|\n|upkeep\n|\n|t:|1699901235\n|switch|p2a: Robin|Decidueye, F|100\/100\n|turn|13\n|\n|t:|1699901245\n|move|p2a: Robin|Shadow Sneak|p1a: heart\n|-damage|p1a: heart|66\/100\n|move|p1a: heart|Flash Cannon|p2a: Robin\n|-damage|p2a: Robin|0 fnt\n|faint|p2a: Robin\n|-ability|p1a: heart|Soul-Heart|boost\n|-boost|p1a: heart|spa|1\n|\n|upkeep\n|c|\u2606GETSWEEPEDBOZO|really had to rely on those stat buffs huh\n|\n|t:|1699901251\n|switch|p2a: Shogun|Kingambit, M|100\/100\n|-activate|p2a: Shogun|ability: Supreme Overlord\n|-start|p2a: Shogun|fallen5|[silent]\n|turn|14\n|\n|t:|1699901255\n|move|p2a: Shogun|Sucker Punch|p1a: heart\n|-resisted|p1a: heart\n|-damage|p1a: heart|41\/100\n|move|p1a: heart|Aura Sphere|p2a: Shogun\n|-supereffective|p2a: Shogun\n|-enditem|p2a: Shogun|Focus Sash\n|-damage|p2a: Shogun|1\/100\n|\n|upkeep\n|turn|15\n|\n|t:|1699901265\n|move|p1a: heart|Aura Sphere|p2a: Shogun\n|-supereffective|p2a: Shogun\n|-damage|p2a: Shogun|0 fnt\n|faint|p2a: Shogun\n|-end|p2a: Shogun|fallen5|[silent]\n|\n|win|babbona\n|raw|babbona's rating: 1177 &rarr; <strong>1201<\/strong><br \/>(+24 for winning)\n|raw|GETSWEEPEDBOZO's rating: 1159 &rarr; <strong>1135<\/strong><br \/>(-24 for losing)\n|l|\u2606GETSWEEPEDBOZO\n|c|\u2606babbona|gg\n","uploadtime":1699901270,"views":3,"p1id":"babbona","p2id":"getsweepedbozo","formatid":"gen9anythinggoes","rating":1135,"private":0,"password":""}