{"id":"gen9anythinggoes-1988696732","p1":"Kingu01","p2":"Soru87","format":"[Gen 9] Anything Goes","log":"|j|\u2606Kingu01\n|j|\u2606Soru87\n|t:|1699751857\n|gametype|singles\n|player|p1|Kingu01|cameraman|\n|player|p2|Soru87|bellelba|\n|teamsize|p1|6\n|teamsize|p2|6\n|gen|9\n|tier|[Gen 9] Anything Goes\n|rule|HP Percentage Mod: HP is shown in percentages\n|rule|Endless Battle Clause: Forcing endless battles is banned\n|clearpoke\n|poke|p1|Lilligant, F|\n|poke|p1|Cinderace, M|\n|poke|p1|Great Tusk|\n|poke|p1|Chi-Yu|\n|poke|p1|Ditto|\n|poke|p1|Maushold|\n|poke|p2|Zoroark-Hisui, F|\n|poke|p2|Dondozo, M|\n|poke|p2|Scyther, F|\n|poke|p2|Ursaluna-Bloodmoon, M|\n|poke|p2|Cresselia, F|\n|poke|p2|Drednaw, M|\n|teampreview\n|j| caligulahar\n|j| theblandino\n|j| Tedtosterone\n|\n|t:|1699751872\n|start\n|switch|p1a: Maushold|Maushold|100\/100\n|switch|p2a: Yusai|Scyther, F, shiny|100\/100\n|turn|1\n|\n|t:|1699751885\n|switch|p2a: Phil|Dondozo, M, shiny|100\/100\n|move|p1a: Maushold|Population Bomb|p2a: Phil\n|-immune|p2a: Phil\n|\n|upkeep\n|turn|2\n|\n|t:|1699751896\n|move|p2a: Phil|Psychic|p1a: Maushold\n|-damage|p1a: Maushold|44\/100\n|-damage|p2a: Phil|91\/100|[from] item: Life Orb\n|move|p1a: Maushold|Beat Up|p2a: Phil\n|-supereffective|p2a: Phil\n|-damage|p2a: Phil|72\/100\n|replace|p2a: Mui|Zoroark-Hisui, F, shiny\n|-end|p2a: Mui|Illusion\n|-supereffective|p2a: Mui\n|-damage|p2a: Mui|44\/100\n|-supereffective|p2a: Mui\n|-damage|p2a: Mui|16\/100\n|-supereffective|p2a: Mui\n|-damage|p2a: Mui|0 fnt\n|faint|p2a: Mui\n|-hitcount|p2: Mui|4\n|\n|upkeep\n|\n|t:|1699751914\n|switch|p2a: Andy|Ursaluna-Bloodmoon, M|100\/100\n|turn|3\n|\n|t:|1699751931\n|move|p2a: Andy|Vacuum Wave|p1a: Maushold\n|-supereffective|p1a: Maushold\n|-damage|p1a: Maushold|0 fnt\n|faint|p1a: Maushold\n|\n|upkeep\n|\n|t:|1699751937\n|switch|p1a: Chi-Yu|Chi-Yu|100\/100\n|-ability|p1a: Chi-Yu|Beads of Ruin\n|turn|4\n|\n|t:|1699751965\n|switch|p2a: Phil|Dondozo, M, shiny|100\/100\n|move|p1a: Chi-Yu|Flamethrower|p2a: Phil\n|-resisted|p2a: Phil\n|-damage|p2a: Phil|48\/100\n|-status|p2a: Phil|brn\n|\n|-heal|p2a: Phil|54\/100 brn|[from] item: Leftovers\n|-damage|p2a: Phil|48\/100 brn|[from] brn\n|upkeep\n|turn|5\n|\n|t:|1699751976\n|move|p1a: Chi-Yu|Flamethrower|p2a: Phil\n|-resisted|p2a: Phil\n|-damage|p2a: Phil|0 fnt\n|faint|p2a: Phil\n|\n|upkeep\n|\n|t:|1699751991\n|switch|p2a: Undread Unnaw|Drednaw, M, shiny|100\/100\n|turn|6\n|\n|t:|1699752008\n|switch|p1a: Lilligant|Lilligant, F|100\/100\n|move|p2a: Undread Unnaw|Liquidation|p1a: Lilligant\n|-resisted|p1a: Lilligant\n|-damage|p1a: Lilligant|66\/100\n|\n|upkeep\n|turn|7\n|\n|t:|1699752018\n|switch|p2a: Ichico|Cresselia, F, shiny|100\/100\n|move|p1a: Lilligant|Grass Knot|p2a: Ichico\n|-damage|p2a: Ichico|69\/100\n|-damage|p1a: Lilligant|57\/100|[from] item: Life Orb\n|\n|upkeep\n|turn|8\n|\n|t:|1699752032\n|switch|p1a: Cinderace|Cinderace, M|100\/100\n|switch|p2a: Yusai|Scyther, F, shiny|100\/100\n|\n|upkeep\n|turn|9\n|\n|t:|1699752051\n|switch|p2a: Undread Unnaw|Drednaw, M, shiny|100\/100\n|move|p1a: Cinderace|Pyro Ball|p2a: Undread Unnaw\n|-resisted|p2a: Undread Unnaw\n|-damage|p2a: Undread Unnaw|86\/100\n|\n|upkeep\n|turn|10\n|\n|t:|1699752058\n|move|p1a: Cinderace|U-turn|p2a: Undread Unnaw\n|-damage|p2a: Undread Unnaw|61\/100\n|\n|t:|1699752067\n|switch|p1a: Lilligant|Lilligant, F|57\/100|[from] U-turn\n|move|p2a: Undread Unnaw|Ice Fang|p1a: Lilligant\n|-supereffective|p1a: Lilligant\n|-damage|p1a: Lilligant|0 fnt\n|faint|p1a: Lilligant\n|\n|upkeep\n|\n|t:|1699752076\n|switch|p1a: Great Tusk|Great Tusk|100\/100\n|turn|11\n|\n|t:|1699752096\n|-terastallize|p2a: Undread Unnaw|Fairy\n|move|p2a: Undread Unnaw|Liquidation|p1a: Great Tusk\n|-supereffective|p1a: Great Tusk\n|-damage|p1a: Great Tusk|60\/100\n|-unboost|p1a: Great Tusk|def|1\n|-damage|p2a: Undread Unnaw|44\/100|[from] item: Rocky Helmet|[of] p1a: Great Tusk\n|move|p1a: Great Tusk|Knock Off|p2a: Undread Unnaw\n|-resisted|p2a: Undread Unnaw\n|-damage|p2a: Undread Unnaw|29\/100\n|-enditem|p2a: Undread Unnaw|Muscle Band|[from] move: Knock Off|[of] p1a: Great Tusk\n|\n|upkeep\n|turn|12\n|\n|t:|1699752120\n|switch|p2a: Andy|Ursaluna-Bloodmoon, M|100\/100\n|-end|p1a: Great Tusk|Protosynthesis|[silent]\n|switch|p1a: Ditto|Ditto|100\/100\n|-transform|p1a: Ditto|p2a: Andy|[from] ability: Imposter\n|\n|upkeep\n|turn|13\n|\n|t:|1699752140\n|switch|p2a: Undread Unnaw|Drednaw, M, shiny, tera:Fairy|29\/100\n|move|p1a: Ditto|Blood Moon|p2a: Undread Unnaw\n|-damage|p2a: Undread Unnaw|0 fnt\n|faint|p2a: Undread Unnaw\n|\n|upkeep\n|\n|t:|1699752153\n|switch|p2a: Yusai|Scyther, F, shiny|100\/100\n|turn|14\n|\n|t:|1699752170\n|switch|p1a: Cinderace|Cinderace, M|100\/100\n|move|p2a: Yusai|Dual Wingbeat|p1a: Cinderace\n|-damage|p1a: Cinderace|65\/100\n|-damage|p1a: Cinderace|32\/100\n|-hitcount|p1a: Cinderace|2\n|\n|upkeep\n|turn|15\n|\n|t:|1699752190\n|switch|p2a: Ichico|Cresselia, F, shiny|69\/100\n|move|p1a: Cinderace|Pyro Ball|p2a: Ichico\n|-damage|p2a: Ichico|24\/100\n|-status|p2a: Ichico|brn\n|\n|-damage|p2a: Ichico|18\/100 brn|[from] brn\n|upkeep\n|turn|16\n|\n|t:|1699752198\n|move|p1a: Cinderace|Pyro Ball|p2a: Ichico\n|-damage|p2a: Ichico|0 fnt\n|faint|p2a: Ichico\n|\n|upkeep\n|\n|t:|1699752202\n|switch|p2a: Andy|Ursaluna-Bloodmoon, M|100\/100\n|turn|17\n|\n|t:|1699752209\n|move|p1a: Cinderace|Pyro Ball|p2a: Andy\n|-damage|p2a: Andy|46\/100\n|-status|p2a: Andy|brn\n|move|p2a: Andy|Blood Moon|p1a: Cinderace\n|-damage|p1a: Cinderace|0 fnt\n|faint|p1a: Cinderace\n|\n|-damage|p2a: Andy|40\/100 brn|[from] brn\n|upkeep\n|\n|t:|1699752221\n|switch|p1a: Chi-Yu|Chi-Yu|100\/100\n|-ability|p1a: Chi-Yu|Beads of Ruin\n|turn|18\n|\n|t:|1699752228\n|move|p1a: Chi-Yu|Flamethrower|p2a: Andy\n|-damage|p2a: Andy|0 fnt\n|faint|p2a: Andy\n|\n|upkeep\n|\n|t:|1699752233\n|switch|p2a: Yusai|Scyther, F, shiny|100\/100\n|turn|19\n|\n|t:|1699752239\n|move|p2a: Yusai|Bug Bite|p1a: Chi-Yu\n|-damage|p1a: Chi-Yu|30\/100\n|move|p1a: Chi-Yu|Flamethrower|p2a: Yusai\n|-supereffective|p2a: Yusai\n|-damage|p2a: Yusai|0 fnt\n|faint|p2a: Yusai\n|\n|win|Kingu01\n","uploadtime":1699752248,"views":20,"p1id":"kingu01","p2id":"soru87","formatid":"gen9anythinggoes","rating":0,"private":0,"password":""}