{"id":"gen9anythinggoes-1999729784","p1":"frog daddy 224","p2":"doofyfisher","format":"[Gen 9] Anything Goes","log":"|j|\u2606frog daddy 224\n|j|\u2606doofyfisher\n|t:|1701111585\n|gametype|singles\n|player|p1|frog daddy 224|102|\n|player|p2|doofyfisher|n|\n|teamsize|p1|6\n|teamsize|p2|6\n|gen|9\n|tier|[Gen 9] Anything Goes\n|rule|HP Percentage Mod: HP is shown in percentages\n|rule|Endless Battle Clause: Forcing endless battles is banned\n|clearpoke\n|poke|p1|Glimmora, F|\n|poke|p1|Dragapult, M|\n|poke|p1|Ogerpon, F|\n|poke|p1|Zapdos|\n|poke|p1|Slowking, F|\n|poke|p1|Ursaluna-Bloodmoon, M|\n|poke|p2|Hydreigon, M|\n|poke|p2|Great Tusk|\n|poke|p2|Armarouge, F|\n|poke|p2|Conkeldurr, M|\n|poke|p2|Weezing-Galar, M|\n|poke|p2|Kingambit, F|\n|teampreview\n|\n|t:|1701111593\n|start\n|switch|p1a: Dragapult|Dragapult, M|100\/100\n|switch|p2a: Hydreigon|Hydreigon, M|100\/100\n|turn|1\n|\n|t:|1701111598\n|move|p1a: Dragapult|U-turn|p2a: Hydreigon\n|-supereffective|p2a: Hydreigon\n|-damage|p2a: Hydreigon|58\/100\n|\n|t:|1701111607\n|switch|p1a: Zapdos|Zapdos|100\/100|[from] U-turn\n|move|p2a: Hydreigon|Dark Pulse|p1a: Zapdos\n|-damage|p1a: Zapdos|64\/100\n|\n|upkeep\n|turn|2\n|\n|t:|1701111619\n|move|p1a: Zapdos|U-turn|p2a: Hydreigon\n|-supereffective|p2a: Hydreigon\n|-damage|p2a: Hydreigon|26\/100\n|\n|t:|1701111623\n|switch|p1a: Ogerpon|Ogerpon, F|100\/100|[from] U-turn\n|move|p2a: Hydreigon|Dark Pulse|p1a: Ogerpon\n|-damage|p1a: Ogerpon|45\/100\n|\n|upkeep\n|turn|3\n|\n|t:|1701111634\n|switch|p2a: Weezing|Weezing-Galar, M|100\/100\n|-ability|p2a: Weezing|Neutralizing Gas\n|move|p1a: Ogerpon|U-turn|p2a: Weezing\n|-resisted|p2a: Weezing\n|-damage|p2a: Weezing|93\/100\n|-damage|p1a: Ogerpon|29\/100|[from] item: Rocky Helmet|[of] p2a: Weezing\n|\n|t:|1701111650\n|switch|p1a: Ursaluna|Ursaluna-Bloodmoon, M|100\/100|[from] U-turn\n|\n|upkeep\n|turn|4\n|\n|t:|1701111659\n|move|p2a: Weezing|Toxic Spikes|p1a: Ursaluna\n|-sidestart|p1: frog daddy 224|move: Toxic Spikes\n|move|p1a: Ursaluna|Calm Mind|p1a: Ursaluna\n|-boost|p1a: Ursaluna|spa|1\n|-boost|p1a: Ursaluna|spd|1\n|\n|upkeep\n|turn|5\n|\n|t:|1701111671\n|move|p2a: Weezing|Toxic Spikes|p1a: Ursaluna\n|-sidestart|p1: frog daddy 224|move: Toxic Spikes\n|move|p1a: Ursaluna|Earth Power|p2a: Weezing\n|-supereffective|p2a: Weezing\n|-damage|p2a: Weezing|0 fnt\n|faint|p2a: Weezing\n|-end|p2a: Weezing|ability: Neutralizing Gas\n|\n|upkeep\n|\n|t:|1701111681\n|switch|p2a: Great Tusk|Great Tusk|100\/100\n|turn|6\n|\n|t:|1701111692\n|move|p2a: Great Tusk|Close Combat|p1a: Ursaluna\n|-supereffective|p1a: Ursaluna\n|-damage|p1a: Ursaluna|22\/100\n|-unboost|p2a: Great Tusk|def|1\n|-unboost|p2a: Great Tusk|spd|1\n|move|p1a: Ursaluna|Blood Moon|p2a: Great Tusk\n|-damage|p2a: Great Tusk|0 fnt\n|faint|p2a: Great Tusk\n|-end|p2a: Great Tusk|Protosynthesis|[silent]\n|\n|upkeep\n|\n|t:|1701111704\n|switch|p2a: Armarouge|Armarouge, F|100\/100\n|turn|7\n|-enditem|p1a: Ursaluna|Custap Berry|[eat]\n|-activate|p1a: Ursaluna|item: Custap Berry|[consumed]\n|\n|t:|1701111710\n|move|p1a: Ursaluna|Earth Power|p2a: Armarouge\n|-supereffective|p2a: Armarouge\n|-damage|p2a: Armarouge|0 fnt\n|faint|p2a: Armarouge\n|\n|upkeep\n|\n|t:|1701111718\n|switch|p2a: Kingambit|Kingambit, F|100\/100\n|-activate|p2a: Kingambit|ability: Supreme Overlord\n|-start|p2a: Kingambit|fallen3|[silent]\n|turn|8\n|\n|t:|1701111726\n|move|p2a: Kingambit|Sucker Punch||[still]\n|-fail|p2a: Kingambit\n|move|p1a: Ursaluna|Moonlight|p1a: Ursaluna\n|-heal|p1a: Ursaluna|72\/100\n|\n|upkeep\n|turn|9\n|\n|t:|1701111739\n|move|p1a: Ursaluna|Earth Power|p2a: Kingambit\n|-supereffective|p2a: Kingambit\n|-damage|p2a: Kingambit|0 fnt\n|faint|p2a: Kingambit\n|-end|p2a: Kingambit|fallen3|[silent]\n|\n|upkeep\n|\n|t:|1701111744\n|switch|p2a: Conkeldurr|Conkeldurr, M|100\/100\n|turn|10\n|\n|t:|1701111748\n|move|p1a: Ursaluna|Blood Moon|p2a: Conkeldurr\n|-damage|p2a: Conkeldurr|0 fnt\n|faint|p2a: Conkeldurr\n|\n|upkeep\n|\n|t:|1701111754\n|switch|p2a: Hydreigon|Hydreigon, M|26\/100\n|turn|11\n|\n|t:|1701111768\n|move|p2a: Hydreigon|Dark Pulse|p1a: Ursaluna\n|-damage|p1a: Ursaluna|31\/100\n|move|p1a: Ursaluna|Moonlight|p1a: Ursaluna\n|-heal|p1a: Ursaluna|81\/100\n|\n|upkeep\n|turn|12\n|\n|t:|1701111773\n|move|p2a: Hydreigon|Dark Pulse|p1a: Ursaluna\n|-damage|p1a: Ursaluna|36\/100\n|move|p1a: Ursaluna|Blood Moon|p2a: Hydreigon\n|-damage|p2a: Hydreigon|0 fnt\n|faint|p2a: Hydreigon\n|\n|win|frog daddy 224\n","uploadtime":1701111783,"views":12,"p1id":"frogdaddy224","p2id":"doofyfisher","formatid":"gen9anythinggoes","rating":0,"private":0,"password":""}