{"id":"gen9anythinggoes-1999137183","p1":"Mr Lakewood","p2":"qwsd1234","format":"[Gen 9] Anything Goes","log":"|j|\u2606Mr Lakewood\n|j|\u2606qwsd1234\n|t:|1701037186\n|gametype|singles\n|player|p1|Mr Lakewood|169|1169\n|player|p2|qwsd1234|169|1074\n|teamsize|p1|6\n|teamsize|p2|6\n|gen|9\n|tier|[Gen 9] Anything Goes\n|rated|\n|rule|HP Percentage Mod: HP is shown in percentages\n|rule|Endless Battle Clause: Forcing endless battles is banned\n|clearpoke\n|poke|p1|Maushold-Four|\n|poke|p1|Flutter Mane|\n|poke|p1|Miraidon|\n|poke|p1|Rabsca, M|\n|poke|p1|Garganacl, F|\n|poke|p1|Houndstone, M|\n|poke|p2|Mew|\n|poke|p2|Lechonk, L1, F|\n|poke|p2|Pikachu, F|\n|poke|p2|Greninja-*, F|\n|poke|p2|Moltres-Galar|\n|poke|p2|Donphan, L1, F|\n|teampreview\n|\n|t:|1701037196\n|start\n|switch|p1a: Maushold|Maushold-Four|100\/100\n|switch|p2a: Mew|Mew|100\/100\n|turn|1\n|inactive|Battle timer is ON: inactive players will automatically lose when time's up. (requested by Mr Lakewood)\n|\n|t:|1701037204\n|move|p1a: Maushold|Population Bomb|p2a: Mew\n|-damage|p2a: Mew|91\/100\n|-damage|p2a: Mew|83\/100\n|-hitcount|p2a: Mew|2\n|move|p2a: Mew|Toxic Spikes|p1a: Maushold\n|-sidestart|p1: Mr Lakewood|move: Toxic Spikes\n|\n|-heal|p2a: Mew|89\/100|[from] item: Leftovers\n|upkeep\n|turn|2\n|\n|t:|1701037214\n|move|p1a: Maushold|Encore|p2a: Mew\n|-start|p2a: Mew|Encore\n|move|p2a: Mew|Toxic Spikes|p1a: Maushold\n|-sidestart|p1: Mr Lakewood|move: Toxic Spikes\n|\n|-heal|p2a: Mew|96\/100|[from] item: Leftovers\n|upkeep\n|turn|3\n|\n|t:|1701037223\n|switch|p2a: Moltres|Moltres-Galar, shiny|100\/100\n|move|p1a: Maushold|Tidy Up|p1a: Maushold\n|-sideend|p1: Mr Lakewood|Toxic Spikes\n|-activate|p1a: Maushold|move: Tidy Up\n|-boost|p1a: Maushold|atk|1\n|-boost|p1a: Maushold|spe|1\n|\n|upkeep\n|turn|4\n|\n|t:|1701037234\n|move|p1a: Maushold|Population Bomb|p2a: Moltres\n|-damage|p2a: Moltres|82\/100\n|-damage|p2a: Moltres|62\/100\n|-damage|p2a: Moltres|42\/100\n|-hitcount|p2a: Moltres|3\n|-ability|p2a: Moltres|Berserk|boost\n|-boost|p2a: Moltres|spa|1\n|move|p2a: Moltres|Fiery Wrath|p1a: Maushold\n|-crit|p1a: Maushold\n|-damage|p1a: Maushold|0 fnt\n|faint|p1a: Maushold\n|\n|upkeep\n|\n|t:|1701037243\n|switch|p1a: DeMarco|Miraidon|100\/100\n|-fieldstart|move: Electric Terrain|[from] ability: Hadron Engine|[of] p1a: DeMarco\n|turn|5\n|\n|t:|1701037252\n|-terastallize|p2a: Moltres|Dragon\n|move|p1a: DeMarco|Electro Drift|p2a: Moltres\n|-resisted|p2a: Moltres\n|-damage|p2a: Moltres|2\/100\n|move|p2a: Moltres|Fiery Wrath|p1a: DeMarco\n|-damage|p1a: DeMarco|65\/100\n|\n|upkeep\n|turn|6\n|\n|t:|1701037262\n|move|p1a: DeMarco|Dragon Pulse|p2a: Moltres\n|-supereffective|p2a: Moltres\n|-damage|p2a: Moltres|0 fnt\n|faint|p2a: Moltres\n|\n|upkeep\n|\n|t:|1701037269\n|switch|p2a: Lechonk|Lechonk, L1, F, shiny|100\/100\n|turn|7\n|\n|t:|1701037284\n|switch|p1a: SSSReplacement|Garganacl, F, shiny|100\/100\n|move|p2a: Lechonk|Endeavor|p1a: SSSReplacement\n|-damage|p1a: SSSReplacement|3\/100\n|\n|-heal|p1a: SSSReplacement|10\/100|[from] item: Leftovers\n|upkeep\n|turn|8\n|\n|t:|1701037305\n|switch|p2a: Pikachu|Pikachu, F|100\/100\n|move|p1a: SSSReplacement|Salt Cure|p2a: Pikachu\n|-damage|p2a: Pikachu|59\/100\n|-start|p2a: Pikachu|Salt Cure\n|\n|-heal|p1a: SSSReplacement|16\/100|[from] item: Leftovers\n|-damage|p2a: Pikachu|46\/100|[from] Salt Cure\n|upkeep\n|turn|9\n|inactive|qwsd1234 has 120 seconds left.\n|\n|t:|1701037323\n|switch|p1a: DeMarco|Miraidon|65\/100\n|-activate|p1a: DeMarco|ability: Hadron Engine\n|move|p2a: Pikachu|Play Rough|p1a: DeMarco\n|-supereffective|p1a: DeMarco\n|-damage|p1a: DeMarco|0 fnt\n|faint|p1a: DeMarco\n|\n|-damage|p2a: Pikachu|34\/100|[from] Salt Cure\n|-fieldend|move: Electric Terrain\n|upkeep\n|\n|t:|1701037329\n|switch|p1a: Flutter Mane|Flutter Mane, shiny|100\/100\n|turn|10\n|\n|t:|1701037340\n|move|p1a: Flutter Mane|Moonblast|p2a: Pikachu\n|-damage|p2a: Pikachu|0 fnt\n|faint|p2a: Pikachu\n|-damage|p1a: Flutter Mane|91\/100|[from] item: Life Orb\n|\n|upkeep\n|\n|t:|1701037347\n|switch|p2a: Mew|Mew|96\/100\n|turn|11\n|\n|t:|1701037351\n|move|p1a: Flutter Mane|Shadow Ball|p2a: Mew\n|-supereffective|p2a: Mew\n|-crit|p2a: Mew\n|-damage|p2a: Mew|0 fnt\n|faint|p2a: Mew\n|-damage|p1a: Flutter Mane|81\/100|[from] item: Life Orb\n|\n|upkeep\n|\n|t:|1701037361\n|switch|p2a: Greninja|Greninja, F|100\/100\n|turn|12\n|\n|t:|1701037366\n|move|p1a: Flutter Mane|Moonblast|p2a: Greninja\n|-supereffective|p2a: Greninja\n|-damage|p2a: Greninja|0 fnt\n|faint|p2a: Greninja\n|-damage|p1a: Flutter Mane|71\/100|[from] item: Life Orb\n|\n|upkeep\n|inactive|qwsd1234 has 120 seconds left.\n|l|\u2606qwsd1234\n|inactive|qwsd1234 disconnected and has a minute to reconnect!\n|player|p2|\n|inactive|qwsd1234 has 30 seconds to reconnect!\n|inactive|qwsd1234 has 20 seconds to reconnect!\n|inactive|qwsd1234 has 15 seconds to reconnect!\n|inactive|qwsd1234 has 10 seconds to reconnect!\n|inactive|qwsd1234 has 5 seconds to reconnect!\n|-message|qwsd1234 lost due to inactivity.\n|\n|win|Mr Lakewood\n|raw|Mr Lakewood's rating: 1169 &rarr; <strong>1187<\/strong><br \/>(+18 for winning)\n|raw|qwsd1234's rating: 1074 &rarr; <strong>1059<\/strong><br \/>(-15 for losing)\n","uploadtime":1701037473,"views":0,"p1id":"mrlakewood","p2id":"qwsd1234","formatid":"gen9anythinggoes","rating":1059,"private":0,"password":""}