{"id":"gen9anythinggoes-1979825312","p1":"tbarker7612","p2":"raiden_731","format":"[Gen 9] Anything Goes","log":"|j|\u2606tbarker7612\n|j|\u2606raiden_731\n|t:|1698717165\n|gametype|singles\n|player|p1|tbarker7612|170|1214\n|player|p2|raiden_731|2|1128\n|teamsize|p1|6\n|teamsize|p2|6\n|gen|9\n|tier|[Gen 9] Anything Goes\n|rated|\n|rule|HP Percentage Mod: HP is shown in percentages\n|rule|Endless Battle Clause: Forcing endless battles is banned\n|clearpoke\n|poke|p1|Uxie|\n|poke|p1|Sylveon, F|\n|poke|p1|Hawlucha, F|\n|poke|p1|Zapdos|\n|poke|p1|Drifblim, M|\n|poke|p1|Palkia-Origin|\n|poke|p2|Samurott-Hisui, F|\n|poke|p2|Rillaboom, F|\n|poke|p2|Tornadus, M|\n|poke|p2|Luxray, F|\n|poke|p2|Moltres|\n|poke|p2|Iron Treads|\n|teampreview\n|\n|t:|1698717171\n|start\n|switch|p1a: Uxie|Uxie|100\/100\n|switch|p2a: Tornadus|Tornadus, M|100\/100\n|turn|1\n|\n|t:|1698717179\n|move|p2a: Tornadus|Tailwind|p2a: Tornadus\n|-sidestart|p2: raiden_731|move: Tailwind\n|move|p1a: Uxie|Calm Mind|p1a: Uxie\n|-boost|p1a: Uxie|spa|1\n|-boost|p1a: Uxie|spd|1\n|\n|upkeep\n|turn|2\n|\n|t:|1698717186\n|move|p2a: Tornadus|Rain Dance|p2a: Tornadus\n|-weather|RainDance\n|move|p1a: Uxie|Stealth Rock|p2a: Tornadus\n|-sidestart|p2: raiden_731|move: Stealth Rock\n|\n|-weather|RainDance|[upkeep]\n|upkeep\n|turn|3\n|\n|t:|1698717193\n|switch|p2a: Samurott|Samurott-Hisui, F|100\/100\n|-damage|p2a: Samurott|88\/100|[from] Stealth Rock\n|move|p1a: Uxie|Calm Mind|p1a: Uxie\n|-boost|p1a: Uxie|spa|1\n|-boost|p1a: Uxie|spd|1\n|\n|-weather|RainDance|[upkeep]\n|upkeep\n|turn|4\n|\n|t:|1698717203\n|move|p2a: Samurott|Ceaseless Edge|p1a: Uxie\n|-supereffective|p1a: Uxie\n|-damage|p1a: Uxie|16\/100\n|-sidestart|p1: tbarker7612|Spikes\n|-enditem|p1a: Uxie|Aguav Berry|[eat]\n|-heal|p1a: Uxie|49\/100|[from] item: Aguav Berry\n|move|p1a: Uxie|Baton Pass|p1a: Uxie\n|\n|t:|1698717215\n|switch|p1a: Cherry|Sylveon, F|100\/100|[from] Baton Pass\n|-damage|p1a: Cherry|88\/100|[from] Spikes\n|\n|-weather|RainDance|[upkeep]\n|-sideend|p2: raiden_731|move: Tailwind\n|upkeep\n|turn|5\n|\n|t:|1698717227\n|-terastallize|p1a: Cherry|Fairy\n|move|p2a: Samurott|Aqua Cutter|p1a: Cherry\n|-damage|p1a: Cherry|0 fnt\n|faint|p1a: Cherry\n|\n|-weather|RainDance|[upkeep]\n|upkeep\n|\n|t:|1698717242\n|switch|p1a: Zapdos|Zapdos|100\/100\n|-ability|p1a: Zapdos|Pressure\n|turn|6\n|\n|t:|1698717251\n|switch|p2a: Iron Treads|Iron Treads|100\/100\n|-damage|p2a: Iron Treads|97\/100|[from] Stealth Rock\n|-enditem|p2a: Iron Treads|Booster Energy\n|-activate|p2a: Iron Treads|ability: Quark Drive|[fromitem]\n|-start|p2a: Iron Treads|quarkdrivespe\n|move|p1a: Zapdos|Thunderbolt|p2a: Iron Treads\n|-immune|p2a: Iron Treads\n|\n|-weather|none\n|upkeep\n|turn|7\n|\n|t:|1698717269\n|move|p2a: Iron Treads|Ice Spinner|p1a: Zapdos\n|-supereffective|p1a: Zapdos\n|-damage|p1a: Zapdos|44\/100\n|move|p1a: Zapdos|Heat Wave|p2a: Iron Treads\n|-supereffective|p2a: Iron Treads\n|-damage|p2a: Iron Treads|13\/100\n|\n|upkeep\n|turn|8\n|\n|t:|1698717277\n|move|p2a: Iron Treads|Ice Spinner|p1a: Zapdos\n|-supereffective|p1a: Zapdos\n|-damage|p1a: Zapdos|0 fnt\n|faint|p1a: Zapdos\n|\n|upkeep\n|\n|t:|1698717283\n|switch|p1a: Hawlucha|Hawlucha, F|100\/100\n|turn|9\n|\n|t:|1698717288\n|move|p2a: Iron Treads|Ice Spinner|p1a: Hawlucha\n|-supereffective|p1a: Hawlucha\n|-damage|p1a: Hawlucha|24\/100\n|move|p1a: Hawlucha|Swords Dance|p1a: Hawlucha\n|-boost|p1a: Hawlucha|atk|2\n|\n|upkeep\n|turn|10\n|\n|t:|1698717297\n|move|p2a: Iron Treads|Ice Spinner|p1a: Hawlucha\n|-supereffective|p1a: Hawlucha\n|-damage|p1a: Hawlucha|0 fnt\n|faint|p1a: Hawlucha\n|\n|upkeep\n|\n|t:|1698717304\n|switch|p1a: Palkia|Palkia-Origin|100\/100\n|-damage|p1a: Palkia|88\/100|[from] Spikes\n|turn|11\n|\n|t:|1698717315\n|move|p2a: Iron Treads|Ice Spinner|p1a: Palkia\n|-damage|p1a: Palkia|63\/100\n|move|p1a: Palkia|Spacial Rend|p2a: Iron Treads\n|-resisted|p2a: Iron Treads\n|-crit|p2a: Iron Treads\n|-damage|p2a: Iron Treads|0 fnt\n|faint|p2a: Iron Treads\n|-end|p2a: Iron Treads|Quark Drive|[silent]\n|\n|upkeep\n|\n|t:|1698717323\n|switch|p2a: Rillaboom|Rillaboom, F|100\/100\n|-damage|p2a: Rillaboom|88\/100|[from] Stealth Rock\n|-fieldstart|move: Grassy Terrain|[from] ability: Grassy Surge|[of] p2a: Rillaboom\n|-enditem|p2a: Rillaboom|Grassy Seed\n|-boost|p2a: Rillaboom|def|1|[from] item: Grassy Seed\n|turn|12\n|\n|t:|1698717337\n|move|p1a: Palkia|Ice Beam|p2a: Rillaboom\n|-supereffective|p2a: Rillaboom\n|-damage|p2a: Rillaboom|0 fnt\n|faint|p2a: Rillaboom\n|\n|-heal|p1a: Palkia|70\/100|[from] Grassy Terrain\n|upkeep\n|\n|t:|1698717343\n|switch|p2a: Luxray|Luxray, F|100\/100\n|-damage|p2a: Luxray|88\/100|[from] Stealth Rock\n|-ability|p2a: Luxray|Intimidate|boost\n|-unboost|p1a: Palkia|atk|1\n|turn|13\n|\n|t:|1698717354\n|move|p2a: Luxray|Baby-Doll Eyes|p1a: Palkia\n|-unboost|p1a: Palkia|atk|1\n|move|p1a: Palkia|Spacial Rend|p2a: Luxray\n|-damage|p2a: Luxray|30\/100\n|\n|-heal|p1a: Palkia|76\/100|[from] Grassy Terrain\n|-heal|p2a: Luxray|36\/100|[from] Grassy Terrain\n|upkeep\n|turn|14\n|\n|t:|1698717367\n|move|p1a: Palkia|Aura Sphere|p2a: Luxray\n|-damage|p2a: Luxray|9\/100\n|move|p2a: Luxray|Volt Switch|p1a: Palkia\n|-damage|p1a: Palkia|56\/100\n|\n|t:|1698717373\n|switch|p2a: Tornadus|Tornadus, M|100\/100|[from] Volt Switch\n|-damage|p2a: Tornadus|76\/100|[from] Stealth Rock\n|\n|-heal|p1a: Palkia|62\/100|[from] Grassy Terrain\n|upkeep\n|turn|15\n|\n|t:|1698717384\n|move|p2a: Tornadus|Tailwind|p2a: Tornadus\n|-sidestart|p2: raiden_731|move: Tailwind\n|move|p1a: Palkia|Ice Beam|p2a: Tornadus\n|-supereffective|p2a: Tornadus\n|-damage|p2a: Tornadus|0 fnt\n|faint|p2a: Tornadus\n|\n|-heal|p1a: Palkia|69\/100|[from] Grassy Terrain\n|upkeep\n|\n|t:|1698717392\n|switch|p2a: Luxray|Luxray, F|9\/100\n|-damage|p2a: Luxray|0 fnt|[from] Stealth Rock\n|faint|p2a: Luxray\n|\n|t:|1698717397\n|switch|p2a: Moltres|Moltres|100\/100\n|-damage|p2a: Moltres|51\/100|[from] Stealth Rock\n|-ability|p2a: Moltres|Pressure\n|turn|16\n|\n|t:|1698717410\n|move|p2a: Moltres|Roost|p2a: Moltres\n|-heal|p2a: Moltres|100\/100\n|-singleturn|p2a: Moltres|move: Roost\n|move|p1a: Palkia|Surf|p2a: Moltres\n|-supereffective|p2a: Moltres\n|-damage|p2a: Moltres|0 fnt\n|faint|p2a: Moltres\n|\n|-heal|p1a: Palkia|75\/100|[from] Grassy Terrain\n|-fieldend|move: Grassy Terrain\n|upkeep\n|\n|t:|1698717419\n|switch|p2a: Samurott|Samurott-Hisui, F|88\/100\n|-damage|p2a: Samurott|76\/100|[from] Stealth Rock\n|turn|17\n|\n|t:|1698717428\n|move|p2a: Samurott|Sacred Sword|p1a: Palkia\n|-damage|p1a: Palkia|29\/100\n|move|p1a: Palkia|Aura Sphere|p2a: Samurott\n|-supereffective|p2a: Samurott\n|-damage|p2a: Samurott|0 fnt\n|faint|p2a: Samurott\n|\n|win|tbarker7612\n|raw|tbarker7612's rating: 1214 &rarr; <strong>1233<\/strong><br \/>(+19 for winning)\n|raw|raiden_731's rating: 1128 &rarr; <strong>1109<\/strong><br \/>(-19 for losing)\n|l|\u2606raiden_731\n","uploadtime":1698717447,"views":27,"p1id":"tbarker7612","p2id":"raiden731","formatid":"gen9anythinggoes","rating":1109,"private":0,"password":""}