{"id":"gen9anythinggoes-1993717513","p1":"Katayaaa","p2":"CheeseKneese","format":"[Gen 9] Anything Goes","log":"|j|\u2606Katayaaa\n|j|\u2606CheeseKneese\n|t:|1700348989\n|gametype|singles\n|player|p1|Katayaaa|101|1128\n|player|p2|CheeseKneese|cynthia|1137\n|teamsize|p1|6\n|teamsize|p2|6\n|gen|9\n|tier|[Gen 9] Anything Goes\n|rated|\n|rule|HP Percentage Mod: HP is shown in percentages\n|rule|Endless Battle Clause: Forcing endless battles is banned\n|clearpoke\n|poke|p1|Gliscor, F|\n|poke|p1|Gyarados, F|\n|poke|p1|Iron Jugulis|\n|poke|p1|Kingambit, M|\n|poke|p1|Braviary-Hisui, M|\n|poke|p1|Hawlucha, F|\n|poke|p2|Calyrex-Shadow|\n|poke|p2|Kyogre|\n|poke|p2|Tyranitar, M|\n|poke|p2|Houndstone, F|\n|poke|p2|Zacian-*|\n|poke|p2|Ditto|\n|teampreview\n|\n|t:|1700349011\n|start\n|switch|p1a: Hawlucha|Hawlucha, F|100\/100\n|switch|p2a: Boruto|Kyogre, shiny|100\/100\n|-weather|RainDance|[from] ability: Drizzle|[of] p2a: Boruto\n|turn|1\n|\n|t:|1700349030\n|move|p1a: Hawlucha|Close Combat|p2a: Boruto\n|-crit|p2a: Boruto\n|-damage|p2a: Boruto|9\/100\n|-unboost|p1a: Hawlucha|def|1\n|-unboost|p1a: Hawlucha|spd|1\n|-enditem|p1a: Hawlucha|White Herb\n|-clearnegativeboost|p1a: Hawlucha|[silent]\n|move|p2a: Boruto|Water Spout|p1a: Hawlucha\n|-damage|p1a: Hawlucha|73\/100\n|\n|-weather|RainDance|[upkeep]\n|upkeep\n|turn|2\n|\n|t:|1700349042\n|move|p1a: Hawlucha|Acrobatics|p2a: Boruto\n|-damage|p2a: Boruto|0 fnt\n|faint|p2a: Boruto\n|\n|-weather|RainDance|[upkeep]\n|upkeep\n|\n|t:|1700349045\n|switch|p2a: Kakashi|Calyrex-Shadow|100\/100\n|-ability|p2a: Kakashi|As One\n|-ability|p2a: Kakashi|Unnerve\n|turn|3\n|\n|t:|1700349054\n|move|p1a: Hawlucha|Acrobatics|p2a: Kakashi\n|-damage|p2a: Kakashi|38\/100\n|move|p2a: Kakashi|Astral Barrage|p1a: Hawlucha\n|-damage|p1a: Hawlucha|0 fnt\n|faint|p1a: Hawlucha\n|-ability|p2a: Kakashi|Grim Neigh|boost\n|-boost|p2a: Kakashi|spa|1\n|\n|-weather|RainDance|[upkeep]\n|upkeep\n|\n|t:|1700349071\n|switch|p1a: Kingambit|Kingambit, M|100\/100\n|-activate|p1a: Kingambit|ability: Supreme Overlord\n|-start|p1a: Kingambit|fallen1|[silent]\n|turn|4\n|\n|t:|1700349081\n|move|p2a: Kakashi|Astral Barrage|p1a: Kingambit\n|-resisted|p1a: Kingambit\n|-damage|p1a: Kingambit|40\/100\n|move|p1a: Kingambit|Swords Dance|p1a: Kingambit\n|-boost|p1a: Kingambit|atk|2\n|\n|-weather|RainDance|[upkeep]\n|upkeep\n|turn|5\n|\n|t:|1700349090\n|move|p1a: Kingambit|Sucker Punch|p2a: Kakashi\n|-supereffective|p2a: Kakashi\n|-damage|p2a: Kakashi|0 fnt\n|faint|p2a: Kakashi\n|\n|-weather|none\n|upkeep\n|\n|t:|1700349093\n|switch|p2a: What the dog doin|Zacian-Crowned, shiny|100\/100\n|-ability|p2a: What the dog doin|Intrepid Sword|boost\n|-boost|p2a: What the dog doin|atk|1\n|turn|6\n|\n|t:|1700349102\n|move|p1a: Kingambit|Sucker Punch|p2a: What the dog doin\n|-resisted|p2a: What the dog doin\n|-crit|p2a: What the dog doin\n|-damage|p2a: What the dog doin|31\/100\n|move|p2a: What the dog doin|Close Combat|p1a: Kingambit\n|-supereffective|p1a: Kingambit\n|-crit|p1a: Kingambit\n|-damage|p1a: Kingambit|0 fnt\n|-unboost|p2a: What the dog doin|def|1\n|-unboost|p2a: What the dog doin|spd|1\n|faint|p1a: Kingambit\n|-end|p1a: Kingambit|fallen1|[silent]\n|\n|upkeep\n|inactive|Battle timer is ON: inactive players will automatically lose when time's up. (requested by CheeseKneese)\n|\n|t:|1700349114\n|switch|p1a: Iron Jugulis|Iron Jugulis|100\/100\n|turn|7\n|\n|t:|1700349121\n|move|p2a: What the dog doin|Play Rough|p1a: Iron Jugulis\n|-supereffective|p1a: Iron Jugulis\n|-enditem|p1a: Iron Jugulis|Focus Sash\n|-damage|p1a: Iron Jugulis|1\/100\n|move|p1a: Iron Jugulis|Earth Power|p2a: What the dog doin\n|-supereffective|p2a: What the dog doin\n|-damage|p2a: What the dog doin|0 fnt\n|faint|p2a: What the dog doin\n|\n|upkeep\n|\n|t:|1700349126\n|switch|p2a: Ditto|Ditto|100\/100\n|turn|8\n|\n|t:|1700349142\n|move|p1a: Iron Jugulis|Air Slash|p2a: Ditto\n|-damage|p2a: Ditto|11\/100\n|cant|p2a: Ditto|flinch\n|\n|upkeep\n|turn|9\n|\n|t:|1700349151\n|move|p1a: Iron Jugulis|Dark Pulse|p2a: Ditto\n|-damage|p2a: Ditto|0 fnt\n|faint|p2a: Ditto\n|\n|upkeep\n|\n|t:|1700349154\n|switch|p2a: Gg man|Tyranitar, M, shiny|100\/100\n|-weather|Sandstorm|[from] ability: Sand Stream|[of] p2a: Gg man\n|turn|10\n|\n|t:|1700349163\n|move|p1a: Iron Jugulis|Earth Power|p2a: Gg man\n|-supereffective|p2a: Gg man\n|-damage|p2a: Gg man|53\/100\n|move|p2a: Gg man|Stone Edge|p1a: Iron Jugulis|[miss]\n|-miss|p2a: Gg man|p1a: Iron Jugulis\n|\n|-weather|Sandstorm|[upkeep]\n|-damage|p1a: Iron Jugulis|0 fnt|[from] Sandstorm\n|faint|p1a: Iron Jugulis\n|-end|p1a: Iron Jugulis|Quark Drive|[silent]\n|upkeep\n|\n|t:|1700349175\n|switch|p1a: Gliscor|Gliscor, F|100\/100\n|turn|11\n|\n|t:|1700349186\n|move|p1a: Gliscor|Spikes|p2a: Gg man\n|-sidestart|p2: CheeseKneese|Spikes\n|move|p2a: Gg man|Stone Edge|p1a: Gliscor\n|-damage|p1a: Gliscor|65\/100\n|\n|-weather|Sandstorm|[upkeep]\n|-status|p1a: Gliscor|tox|[from] item: Toxic Orb\n|upkeep\n|turn|12\n|\n|t:|1700349195\n|move|p1a: Gliscor|Earthquake|p2a: Gg man\n|-supereffective|p2a: Gg man\n|-damage|p2a: Gg man|0 fnt\n|faint|p2a: Gg man\n|\n|-weather|Sandstorm|[upkeep]\n|-heal|p1a: Gliscor|78\/100 tox|[from] ability: Poison Heal\n|upkeep\n|\n|t:|1700349198\n|switch|p2a: Gojo|Houndstone, F, shiny|100\/100\n|-damage|p2a: Gojo|88\/100|[from] Spikes\n|turn|13\n|\n|t:|1700349212\n|move|p2a: Gojo|Last Respects|p1a: Gliscor\n|-damage|p1a: Gliscor|0 fnt\n|faint|p1a: Gliscor\n|\n|-weather|Sandstorm|[upkeep]\n|upkeep\n|\n|t:|1700349218\n|switch|p1a: Gyarados|Gyarados, F|100\/100\n|-ability|p1a: Gyarados|Intimidate|boost\n|-unboost|p2a: Gojo|atk|1\n|turn|14\n|\n|t:|1700349228\n|switch|p1a: Braviary|Braviary-Hisui, M|100\/100\n|move|p2a: Gojo|Last Respects|p1a: Braviary\n|-supereffective|p1a: Braviary\n|-damage|p1a: Braviary|0 fnt\n|faint|p1a: Braviary\n|\n|-weather|none\n|upkeep\n|\n|t:|1700349237\n|switch|p1a: Gyarados|Gyarados, F|100\/100\n|-ability|p1a: Gyarados|Intimidate|boost\n|-unboost|p2a: Gojo|atk|1\n|turn|15\n|c|\u2606CheeseKneese|USE RIZZ X10000!\n|\n|t:|1700349257\n|move|p2a: Gojo|Last Respects|p1a: Gyarados\n|-damage|p1a: Gyarados|27\/100\n|move|p1a: Gyarados|Thunder Wave|p2a: Gojo\n|-status|p2a: Gojo|par\n|\n|-heal|p1a: Gyarados|33\/100|[from] item: Leftovers\n|upkeep\n|turn|16\n|\n|t:|1700349267\n|move|p1a: Gyarados|Waterfall|p2a: Gojo\n|-damage|p2a: Gojo|51\/100 par\n|cant|p2a: Gojo|par\n|\n|-heal|p1a: Gyarados|39\/100|[from] item: Leftovers\n|upkeep\n|turn|17\n|\n|t:|1700349274\n|move|p1a: Gyarados|Waterfall|p2a: Gojo\n|-damage|p2a: Gojo|10\/100 par\n|cant|p2a: Gojo|flinch\n|\n|-heal|p1a: Gyarados|45\/100|[from] item: Leftovers\n|upkeep\n|turn|18\n|\n|t:|1700349282\n|move|p1a: Gyarados|Waterfall|p2a: Gojo\n|-damage|p2a: Gojo|0 fnt\n|faint|p2a: Gojo\n|\n|win|Katayaaa\n|raw|Katayaaa's rating: 1128 &rarr; <strong>1154<\/strong><br \/>(+26 for winning)\n|raw|CheeseKneese's rating: 1137 &rarr; <strong>1111<\/strong><br \/>(-26 for losing)\n|l|\u2606CheeseKneese\n","uploadtime":1700349297,"views":10,"p1id":"katayaaa","p2id":"cheesekneese","formatid":"gen9anythinggoes","rating":1111,"private":0,"password":""}