{"id":"gen9anythinggoes-1996958323","p1":"f2fnegcqc","p2":"PeaKomedyNDR","format":"[Gen 9] Anything Goes","log":"|j|\u2606f2fnegcqc\n|j|\u2606PeaKomedyNDR\n|t:|1700749637\n|gametype|singles\n|player|p1|f2fnegcqc|lance|1552\n|player|p2|PeaKomedyNDR|265|1413\n|teamsize|p1|6\n|teamsize|p2|6\n|gen|9\n|tier|[Gen 9] Anything Goes\n|rated|\n|rule|HP Percentage Mod: HP is shown in percentages\n|rule|Endless Battle Clause: Forcing endless battles is banned\n|clearpoke\n|poke|p1|Calyrex-Shadow|\n|poke|p1|Espathra, M|\n|poke|p1|Magearna|\n|poke|p1|Miraidon|\n|poke|p1|Koraidon|\n|poke|p1|Zacian-*|\n|poke|p2|Great Tusk|\n|poke|p2|Calyrex-Shadow|\n|poke|p2|Ditto|\n|poke|p2|Ting-Lu|\n|poke|p2|Koraidon|\n|poke|p2|Dondozo, M|\n|teampreview\n|inactive|Battle timer is ON: inactive players will automatically lose when time's up. (requested by f2fnegcqc)\n|\n|t:|1700749650\n|start\n|switch|p1a: Espathra|Espathra, M|100\/100\n|switch|p2a: Many|Great Tusk|100\/100\n|-enditem|p2a: Many|Booster Energy\n|-activate|p2a: Many|ability: Protosynthesis|[fromitem]\n|-start|p2a: Many|protosynthesisspe\n|turn|1\n|\n|t:|1700749668\n|move|p2a: Many|Taunt|p1a: Espathra\n|-start|p1a: Espathra|move: Taunt\n|cant|p1a: Espathra|move: Taunt|Substitute\n|\n|-ability|p1a: Espathra|Speed Boost|boost\n|-boost|p1a: Espathra|spe|1\n|upkeep\n|turn|2\n|\n|t:|1700749684\n|switch|p1a: Miraidon|Miraidon|100\/100\n|-fieldstart|move: Electric Terrain|[from] ability: Hadron Engine|[of] p1a: Miraidon\n|move|p2a: Many|Stealth Rock|p1a: Miraidon\n|-sidestart|p1: f2fnegcqc|move: Stealth Rock\n|\n|upkeep\n|turn|3\n|c|\u2606PeaKomedyNDR|?\n|inactive|f2fnegcqc has 120 seconds left.\n|\n|t:|1700749721\n|switch|p1a: Magearna|Magearna|100\/100\n|-damage|p1a: Magearna|94\/100|[from] Stealth Rock\n|move|p2a: Many|Headlong Rush|p1a: Magearna\n|-supereffective|p1a: Magearna\n|-damage|p1a: Magearna|11\/100\n|-unboost|p2a: Many|def|1\n|-unboost|p2a: Many|spd|1\n|\n|-heal|p1a: Magearna|17\/100|[from] item: Leftovers\n|upkeep\n|turn|4\n|c|\u2606PeaKomedyNDR|?\n|\n|t:|1700749729\n|move|p2a: Many|Headlong Rush|p1a: Magearna\n|-supereffective|p1a: Magearna\n|-damage|p1a: Magearna|0 fnt\n|-unboost|p2a: Many|def|1\n|-unboost|p2a: Many|spd|1\n|faint|p1a: Magearna\n|\n|upkeep\n|\n|t:|1700749734\n|switch|p1a: Espathra|Espathra, M|100\/100\n|-damage|p1a: Espathra|88\/100|[from] Stealth Rock\n|turn|5\n|\n|t:|1700749742\n|move|p1a: Espathra|Protect|p1a: Espathra\n|-singleturn|p1a: Espathra|Protect\n|move|p2a: Many|Taunt|p1a: Espathra\n|-activate|p1a: Espathra|move: Protect\n|\n|-heal|p1a: Espathra|94\/100|[from] item: Leftovers\n|-ability|p1a: Espathra|Speed Boost|boost\n|-boost|p1a: Espathra|spe|1\n|upkeep\n|turn|6\n|\n|t:|1700749747\n|-end|p2a: Many|Protosynthesis|[silent]\n|switch|p2a: Ting-Lu|Ting-Lu|100\/100\n|-ability|p2a: Ting-Lu|Vessel of Ruin\n|move|p1a: Espathra|Baton Pass|p1a: Espathra\n|\n|t:|1700749758\n|switch|p1a: Koraidon|Koraidon|100\/100|[from] Baton Pass\n|-damage|p1a: Koraidon|94\/100|[from] Stealth Rock\n|-weather|SunnyDay|[from] ability: Orichalcum Pulse|[of] p1a: Koraidon\n|-activate|p1a: Koraidon|Orichalcum Pulse|[source]\n|\n|-weather|SunnyDay|[upkeep]\n|-fieldend|move: Electric Terrain\n|upkeep\n|turn|7\n|\n|t:|1700749769\n|switch|p2a: Dondozo|Dondozo, M|100\/100\n|move|p1a: Koraidon|Swords Dance|p1a: Koraidon\n|-boost|p1a: Koraidon|atk|2\n|\n|-weather|SunnyDay|[upkeep]\n|upkeep\n|turn|8\n|\n|t:|1700749774\n|move|p1a: Koraidon|Scale Shot|p2a: Dondozo\n|-damage|p2a: Dondozo|92\/100\n|-damage|p2a: Dondozo|85\/100\n|-damage|p2a: Dondozo|76\/100\n|-damage|p2a: Dondozo|69\/100\n|-damage|p2a: Dondozo|60\/100\n|-hitcount|p2a: Dondozo|5\n|-unboost|p1a: Koraidon|def|1\n|-boost|p1a: Koraidon|spe|1\n|move|p2a: Dondozo|Fissure|p1a: Koraidon|[miss]\n|-miss|p2a: Dondozo|p1a: Koraidon\n|\n|-weather|SunnyDay|[upkeep]\n|-heal|p2a: Dondozo|67\/100|[from] item: Leftovers\n|upkeep\n|turn|9\n|inactive|f2fnegcqc has 120 seconds left.\n|\n|t:|1700749807\n|switch|p1a: Miraidon|Miraidon|100\/100\n|-damage|p1a: Miraidon|88\/100|[from] Stealth Rock\n|-fieldstart|move: Electric Terrain|[from] ability: Hadron Engine|[of] p1a: Miraidon\n|move|p2a: Dondozo|Rest||[still]\n|-activate|p2a: Dondozo|move: Electric Terrain\n|-fail|p2a: Dondozo\n|\n|-weather|SunnyDay|[upkeep]\n|-heal|p2a: Dondozo|73\/100|[from] item: Leftovers\n|upkeep\n|turn|10\n|inactive|f2fnegcqc has 120 seconds left.\n|\n|t:|1700749818\n|switch|p2a: Ting-Lu|Ting-Lu|100\/100\n|-ability|p2a: Ting-Lu|Vessel of Ruin\n|move|p1a: Miraidon|Draco Meteor|p2a: Ting-Lu\n|-damage|p2a: Ting-Lu|62\/100\n|-unboost|p1a: Miraidon|spa|2\n|-enditem|p1a: Miraidon|White Herb\n|-clearnegativeboost|p1a: Miraidon|[silent]\n|\n|-weather|none\n|-heal|p2a: Ting-Lu|69\/100|[from] item: Leftovers\n|upkeep\n|turn|11\n|inactive|f2fnegcqc has 120 seconds left.\n|\n|t:|1700749834\n|switch|p1a: Koraidon|Koraidon|94\/100\n|-damage|p1a: Koraidon|88\/100|[from] Stealth Rock\n|-weather|SunnyDay|[from] ability: Orichalcum Pulse|[of] p1a: Koraidon\n|-activate|p1a: Koraidon|Orichalcum Pulse|[source]\n|move|p2a: Ting-Lu|Earthquake|p1a: Koraidon\n|-damage|p1a: Koraidon|56\/100\n|\n|-weather|SunnyDay|[upkeep]\n|-heal|p2a: Ting-Lu|75\/100|[from] item: Leftovers\n|upkeep\n|turn|12\n|inactive|f2fnegcqc has 120 seconds left.\n|\n|t:|1700749841\n|-terastallize|p2a: Ting-Lu|Fairy\n|move|p1a: Koraidon|Collision Course|p2a: Ting-Lu\n|-resisted|p2a: Ting-Lu\n|-damage|p2a: Ting-Lu|55\/100\n|move|p2a: Ting-Lu|Earthquake|p1a: Koraidon\n|-damage|p1a: Koraidon|25\/100\n|\n|-weather|SunnyDay|[upkeep]\n|-heal|p2a: Ting-Lu|61\/100|[from] item: Leftovers\n|upkeep\n|turn|13\n|\n|t:|1700749850\n|switch|p2a: Dondozo|Dondozo, M|73\/100\n|move|p1a: Koraidon|Flare Blitz|p2a: Dondozo\n|-resisted|p2a: Dondozo\n|-damage|p2a: Dondozo|52\/100\n|-damage|p1a: Koraidon|15\/100|[from] Recoil\n|\n|-weather|SunnyDay|[upkeep]\n|-heal|p2a: Dondozo|58\/100|[from] item: Leftovers\n|-fieldend|move: Electric Terrain\n|upkeep\n|turn|14\n|\n|t:|1700749857\n|move|p1a: Koraidon|Collision Course|p2a: Dondozo\n|-damage|p2a: Dondozo|24\/100\n|move|p2a: Dondozo|Rest|p2a: Dondozo\n|-status|p2a: Dondozo|slp|[from] move: Rest\n|-heal|p2a: Dondozo|100\/100 slp|[silent]\n|\n|-weather|SunnyDay|[upkeep]\n|upkeep\n|turn|15\n|\n|t:|1700749864\n|switch|p1a: Miraidon|Miraidon|88\/100\n|-damage|p1a: Miraidon|76\/100|[from] Stealth Rock\n|-fieldstart|move: Electric Terrain|[from] ability: Hadron Engine|[of] p1a: Miraidon\n|cant|p2a: Dondozo|slp\n|move|p2a: Dondozo|Sleep Talk|p2a: Dondozo\n|move|p2a: Dondozo|Fissure|p1a: Miraidon|[from]move: Sleep Talk|[miss]\n|-miss|p2a: Dondozo|p1a: Miraidon\n|\n|-weather|none\n|upkeep\n|turn|16\n|\n|t:|1700749876\n|switch|p2a: Many|Great Tusk|100\/100\n|move|p1a: Miraidon|Electro Drift|p2a: Many\n|-immune|p2a: Many\n|\n|upkeep\n|turn|17\n|\n|t:|1700749883\n|move|p1a: Miraidon|Draco Meteor|p2a: Many\n|-damage|p2a: Many|0 fnt\n|-unboost|p1a: Miraidon|spa|2\n|faint|p2a: Many\n|-end|p2a: Many|Protosynthesis|[silent]\n|\n|upkeep\n|\n|t:|1700749887\n|switch|p2a: PEAKism|Calyrex-Shadow|100\/100\n|-ability|p2a: PEAKism|As One\n|-ability|p2a: PEAKism|Unnerve\n|turn|18\n|\n|t:|1700749898\n|switch|p1a: Espathra|Espathra, M|94\/100\n|-damage|p1a: Espathra|82\/100|[from] Stealth Rock\n|move|p2a: PEAKism|Astral Barrage|p1a: Espathra\n|-supereffective|p1a: Espathra\n|-damage|p1a: Espathra|0 fnt\n|faint|p1a: Espathra\n|-ability|p2a: PEAKism|Grim Neigh|boost\n|-boost|p2a: PEAKism|spa|1\n|\n|upkeep\n|\n|t:|1700749906\n|switch|p1a: Calyrex|Calyrex-Shadow|100\/100\n|-ability|p1a: Calyrex|As One\n|-ability|p1a: Calyrex|Unnerve\n|-damage|p1a: Calyrex|88\/100|[from] Stealth Rock\n|turn|19\n|\n|t:|1700749916\n|move|p2a: PEAKism|Astral Barrage|p1a: Calyrex\n|-supereffective|p1a: Calyrex\n|-damage|p1a: Calyrex|0 fnt\n|faint|p1a: Calyrex\n|-ability|p2a: PEAKism|Grim Neigh|boost\n|-boost|p2a: PEAKism|spa|1\n|\n|-fieldend|move: Electric Terrain\n|upkeep\n|c|\u2606PeaKomedyNDR|Xd\n|c|\u2606PeaKomedyNDR|Xdddd\n|c|\u2606PeaKomedyNDR|Xdd\n|c|\u2606PeaKomedyNDR|Xdd\n|c|\u2606PeaKomedyNDR|Xd\n|c|\u2606f2fnegcqc|gg\n|c|\u2606f2fnegcqc|i lose\n|-message|f2fnegcqc forfeited.\n|\n|win|PeaKomedyNDR\n|raw|f2fnegcqc's rating: 1552 &rarr; <strong>1524<\/strong><br \/>(-28 for losing)\n|raw|PeaKomedyNDR's rating: 1413 &rarr; <strong>1441<\/strong><br \/>(+28 for winning)\n|l|\u2606f2fnegcqc\n","uploadtime":1700749937,"views":0,"p1id":"f2fnegcqc","p2id":"peakomedyndr","formatid":"gen9anythinggoes","rating":1441,"private":0,"password":""}