{"id":"gen9anythinggoes-1990742858","p1":"Leaftail4","p2":"awizotl","format":"[Gen 9] Anything Goes","log":"|j|\u2606Leaftail4\n|j|\u2606awizotl\n|t:|1699996642\n|gametype|singles\n|player|p1|Leaftail4|2|1171\n|player|p2|awizotl|cynthia-gen4|1244\n|teamsize|p1|6\n|teamsize|p2|6\n|gen|9\n|tier|[Gen 9] Anything Goes\n|rated|\n|rule|HP Percentage Mod: HP is shown in percentages\n|rule|Endless Battle Clause: Forcing endless battles is banned\n|clearpoke\n|poke|p1|Arcanine-Hisui, M|\n|poke|p1|Sneasler, F|\n|poke|p1|Espeon, F|\n|poke|p1|Maushold-Four|\n|poke|p1|Meowscarada, M|\n|poke|p1|Walking Wake|\n|poke|p2|Palkia-Origin|\n|poke|p2|Empoleon, F|\n|poke|p2|Dragonite, F|\n|poke|p2|Mamoswine, F|\n|poke|p2|Clodsire, F|\n|poke|p2|Zacian-*|\n|teampreview\n|\n|t:|1699996660\n|start\n|switch|p1a: Sleekwhisper|Meowscarada, M|100\/100\n|switch|p2a: Dragonite|Dragonite, F|100\/100\n|turn|1\n|\n|t:|1699996669\n|move|p1a: Sleekwhisper|Toxic Spikes|p2a: Dragonite\n|-start|p1a: Sleekwhisper|typechange|Poison|[from] ability: Protean\n|-sidestart|p2: awizotl|move: Toxic Spikes\n|move|p2a: Dragonite|Rain Dance|p2a: Dragonite\n|-weather|RainDance\n|\n|-weather|RainDance|[upkeep]\n|upkeep\n|turn|2\n|\n|t:|1699996679\n|switch|p2a: Zacian|Zacian-Crowned|100\/100\n|-ability|p2a: Zacian|Intrepid Sword|boost\n|-boost|p2a: Zacian|atk|1\n|move|p1a: Sleekwhisper|Toxic Spikes|p2a: Zacian\n|-sidestart|p2: awizotl|move: Toxic Spikes\n|\n|-weather|RainDance|[upkeep]\n|upkeep\n|turn|3\n|\n|t:|1699996696\n|move|p2a: Zacian|Trailblaze|p1a: Sleekwhisper\n|-resisted|p1a: Sleekwhisper\n|-damage|p1a: Sleekwhisper|78\/100\n|-boost|p2a: Zacian|spe|1\n|move|p1a: Sleekwhisper|Shadow Claw|p2a: Zacian\n|-damage|p2a: Zacian|81\/100\n|\n|-weather|RainDance|[upkeep]\n|upkeep\n|turn|4\n|\n|t:|1699996706\n|move|p2a: Zacian|Trailblaze|p1a: Sleekwhisper\n|-resisted|p1a: Sleekwhisper\n|-damage|p1a: Sleekwhisper|57\/100\n|-boost|p2a: Zacian|spe|1\n|move|p1a: Sleekwhisper|Shadow Claw|p2a: Zacian\n|-damage|p2a: Zacian|62\/100\n|\n|-weather|RainDance|[upkeep]\n|upkeep\n|turn|5\n|\n|t:|1699996720\n|move|p2a: Zacian|Behemoth Blade|p1a: Sleekwhisper\n|-damage|p1a: Sleekwhisper|0 fnt\n|faint|p1a: Sleekwhisper\n|\n|-weather|none\n|upkeep\n|\n|t:|1699996736\n|switch|p1a: Lizardclaw|Walking Wake|100\/100\n|-enditem|p1a: Lizardclaw|Booster Energy\n|-activate|p1a: Lizardclaw|ability: Protosynthesis|[fromitem]\n|-start|p1a: Lizardclaw|protosynthesisspa\n|turn|6\n|\n|t:|1699996745\n|-terastallize|p1a: Lizardclaw|Water\n|move|p2a: Zacian|Play Rough|p1a: Lizardclaw\n|-damage|p1a: Lizardclaw|17\/100\n|move|p1a: Lizardclaw|Flamethrower|p2a: Zacian\n|-supereffective|p2a: Zacian\n|-damage|p2a: Zacian|0 fnt\n|faint|p2a: Zacian\n|\n|upkeep\n|\n|t:|1699996754\n|switch|p2a: Clodsire|Clodsire, F|100\/100\n|-sideend|p2: awizotl|move: Toxic Spikes|[of] p2a: Clodsire\n|turn|7\n|\n|t:|1699996764\n|move|p1a: Lizardclaw|Hydro Steam|p2a: Clodsire\n|-supereffective|p2a: Clodsire\n|-damage|p2a: Clodsire|30\/100\n|move|p2a: Clodsire|Curse|p2a: Clodsire\n|-unboost|p2a: Clodsire|spe|1\n|-boost|p2a: Clodsire|atk|1\n|-boost|p2a: Clodsire|def|1\n|\n|upkeep\n|turn|8\n|\n|t:|1699996785\n|-terastallize|p2a: Clodsire|Grass\n|move|p1a: Lizardclaw|Hydro Steam|p2a: Clodsire\n|-resisted|p2a: Clodsire\n|-damage|p2a: Clodsire|12\/100\n|move|p2a: Clodsire|Recover|p2a: Clodsire\n|-heal|p2a: Clodsire|62\/100\n|\n|upkeep\n|turn|9\n|\n|t:|1699996795\n|move|p2a: Clodsire|Earthquake|p1a: Lizardclaw\n|-damage|p1a: Lizardclaw|0 fnt\n|faint|p1a: Lizardclaw\n|-end|p1a: Lizardclaw|Protosynthesis|[silent]\n|\n|upkeep\n|\n|t:|1699996805\n|switch|p1a: Willowtail|Espeon, F|100\/100\n|turn|10\n|\n|t:|1699996811\n|move|p1a: Willowtail|Future Sight|p2a: Clodsire\n|-start|p1a: Willowtail|move: Future Sight\n|move|p2a: Clodsire|Recover|p2a: Clodsire\n|-heal|p2a: Clodsire|100\/100\n|\n|upkeep\n|turn|11\n|\n|t:|1699996816\n|move|p1a: Willowtail|Yawn|p2a: Clodsire\n|-start|p2a: Clodsire|move: Yawn|[of] p1a: Willowtail\n|move|p2a: Clodsire|Curse|p2a: Clodsire\n|-unboost|p2a: Clodsire|spe|1\n|-boost|p2a: Clodsire|atk|1\n|-boost|p2a: Clodsire|def|1\n|\n|upkeep\n|turn|12\n|\n|t:|1699996824\n|move|p1a: Willowtail|Calm Mind|p1a: Willowtail\n|-boost|p1a: Willowtail|spa|1\n|-boost|p1a: Willowtail|spd|1\n|move|p2a: Clodsire|Gunk Shot|p1a: Willowtail\n|-damage|p1a: Willowtail|0 fnt\n|faint|p1a: Willowtail\n|\n|-end|p2a: Clodsire|move: Future Sight\n|-damage|p2a: Clodsire|68\/100\n|-end|p2a: Clodsire|move: Yawn|[silent]\n|-status|p2a: Clodsire|slp\n|upkeep\n|\n|t:|1699996839\n|switch|p1a: Whitefur|Maushold-Four|100\/100\n|turn|13\n|\n|t:|1699996844\n|move|p1a: Whitefur|Population Bomb|p2a: Clodsire\n|-damage|p2a: Clodsire|62\/100 slp\n|-damage|p1a: Whitefur|84\/100|[from] item: Rocky Helmet|[of] p2a: Clodsire\n|-damage|p2a: Clodsire|55\/100 slp\n|-damage|p1a: Whitefur|67\/100|[from] item: Rocky Helmet|[of] p2a: Clodsire\n|-damage|p2a: Clodsire|48\/100 slp\n|-damage|p1a: Whitefur|51\/100|[from] item: Rocky Helmet|[of] p2a: Clodsire\n|-damage|p2a: Clodsire|42\/100 slp\n|-damage|p1a: Whitefur|34\/100|[from] item: Rocky Helmet|[of] p2a: Clodsire\n|-damage|p2a: Clodsire|35\/100 slp\n|-damage|p1a: Whitefur|17\/100|[from] item: Rocky Helmet|[of] p2a: Clodsire\n|-hitcount|p2a: Clodsire|5\n|cant|p2a: Clodsire|slp\n|\n|upkeep\n|turn|14\n|\n|t:|1699996861\n|move|p1a: Whitefur|Bullet Seed|p2a: Clodsire\n|-resisted|p2a: Clodsire\n|-damage|p2a: Clodsire|32\/100 slp\n|-resisted|p2a: Clodsire\n|-damage|p2a: Clodsire|30\/100 slp\n|-resisted|p2a: Clodsire\n|-damage|p2a: Clodsire|27\/100 slp\n|-resisted|p2a: Clodsire\n|-damage|p2a: Clodsire|25\/100 slp\n|-hitcount|p2a: Clodsire|4\n|-curestatus|p2a: Clodsire|slp|[msg]\n|move|p2a: Clodsire|Earthquake|p1a: Whitefur\n|-damage|p1a: Whitefur|0 fnt\n|faint|p1a: Whitefur\n|\n|upkeep\n|\n|t:|1699996880\n|switch|p1a: Bluepelt|Sneasler, F|100\/100\n|turn|15\n|\n|t:|1699996885\n|move|p1a: Bluepelt|Dire Claw|p2a: Clodsire\n|-supereffective|p2a: Clodsire\n|-damage|p2a: Clodsire|0 fnt\n|-damage|p1a: Bluepelt|84\/100|[from] item: Rocky Helmet|[of] p2a: Clodsire\n|faint|p2a: Clodsire\n|\n|upkeep\n|\n|t:|1699996893\n|switch|p2a: Dragonite|Dragonite, F|100\/100\n|turn|16\n|\n|t:|1699996898\n|move|p1a: Bluepelt|Dire Claw|p2a: Dragonite\n|-damage|p2a: Dragonite|79\/100\n|-damage|p1a: Bluepelt|67\/100|[from] item: Rocky Helmet|[of] p2a: Dragonite\n|-status|p2a: Dragonite|psn|[from] ability: Poison Touch|[of] p1a: Bluepelt\n|move|p2a: Dragonite|Rain Dance|p2a: Dragonite\n|-weather|RainDance\n|\n|-weather|RainDance|[upkeep]\n|-damage|p2a: Dragonite|67\/100 psn|[from] psn\n|upkeep\n|turn|17\n|\n|t:|1699996908\n|switch|p2a: Palkia|Palkia-Origin|100\/100\n|-ability|p2a: Palkia|Pressure\n|move|p1a: Bluepelt|Dire Claw|p2a: Palkia\n|-damage|p2a: Palkia|57\/100\n|-status|p2a: Palkia|slp\n|\n|-weather|RainDance|[upkeep]\n|upkeep\n|turn|18\n|\n|t:|1699996926\n|cant|p2a: Palkia|slp\n|move|p1a: Bluepelt|Poison Jab|p2a: Palkia\n|-damage|p2a: Palkia|12\/100 slp\n|\n|-weather|RainDance|[upkeep]\n|upkeep\n|turn|19\n|\n|t:|1699996933\n|cant|p2a: Palkia|slp\n|move|p1a: Bluepelt|Poison Jab|p2a: Palkia\n|-damage|p2a: Palkia|0 fnt\n|faint|p2a: Palkia\n|\n|-weather|RainDance|[upkeep]\n|upkeep\n|\n|t:|1699996944\n|switch|p2a: Empoleon|Empoleon, F, shiny|100\/100\n|turn|20\n|\n|t:|1699996947\n|move|p1a: Bluepelt|Close Combat|p2a: Empoleon\n|-supereffective|p2a: Empoleon\n|-damage|p2a: Empoleon|0 fnt\n|-unboost|p1a: Bluepelt|def|1\n|-unboost|p1a: Bluepelt|spd|1\n|faint|p2a: Empoleon\n|\n|-weather|none\n|upkeep\n|\n|t:|1699996956\n|switch|p2a: Dragonite|Dragonite, F|67\/100 psn\n|turn|21\n|\n|t:|1699996964\n|move|p2a: Dragonite|Extreme Speed|p1a: Bluepelt\n|-damage|p1a: Bluepelt|0 fnt\n|faint|p1a: Bluepelt\n|\n|-damage|p2a: Dragonite|55\/100 psn|[from] psn\n|upkeep\n|\n|t:|1699996971\n|switch|p1a: Smoketalon|Arcanine-Hisui, M|100\/100\n|turn|22\n|\n|t:|1699996990\n|move|p1a: Smoketalon|Head Smash|p2a: Dragonite\n|-supereffective|p2a: Dragonite\n|-damage|p2a: Dragonite|0 fnt\n|-damage|p1a: Smoketalon|84\/100|[from] item: Rocky Helmet|[of] p2a: Dragonite\n|faint|p2a: Dragonite\n|\n|upkeep\n|\n|t:|1699996996\n|switch|p2a: Mamoswine|Mamoswine, F|100\/100\n|turn|23\n|\n|t:|1699996999\n|move|p1a: Smoketalon|Head Smash|p2a: Mamoswine\n|-crit|p2a: Mamoswine\n|-damage|p2a: Mamoswine|0 fnt\n|faint|p2a: Mamoswine\n|\n|win|Leaftail4\n|raw|Leaftail4's rating: 1171 &rarr; <strong>1201<\/strong><br \/>(+30 for winning)\n|raw|awizotl's rating: 1244 &rarr; <strong>1214<\/strong><br \/>(-30 for losing)\n|c|\u2606Leaftail4|Gg\n","uploadtime":1699997017,"views":4,"p1id":"leaftail4","p2id":"awizotl","formatid":"gen9anythinggoes","rating":1201,"private":0,"password":""}