{"id":"gen9anythinggoes-1986465716","p1":"IUX goldynguy","p2":"PokePrimer","format":"[Gen 9] Anything Goes","log":"|j|\u2606IUX goldynguy\n|j|\u2606PokePrimer\n|t:|1699481873\n|gametype|singles\n|player|p1|IUX goldynguy|drayden|\n|player|p2|PokePrimer|hoopster|\n|teamsize|p1|6\n|teamsize|p2|6\n|gen|9\n|tier|[Gen 9] Anything Goes\n|rule|HP Percentage Mod: HP is shown in percentages\n|rule|Endless Battle Clause: Forcing endless battles is banned\n|clearpoke\n|poke|p1|Golduck, M|\n|poke|p1|Mandibuzz, F|\n|poke|p1|Dragapult, F|\n|poke|p1|Typhlosion, M|\n|poke|p1|Mamoswine, M|\n|poke|p1|Uxie|\n|poke|p2|Ursaluna-Bloodmoon, M|\n|poke|p2|Chi-Yu|\n|poke|p2|Cyclizar, F|\n|poke|p2|Slither Wing|\n|poke|p2|Weezing, M|\n|poke|p2|Revavroom, F|\n|teampreview\n|c|\u2606PokePrimer|Gl hf\n|c|\u2606IUX goldynguy|good luck and have fun!\n|\n|t:|1699481940\n|start\n|switch|p1a: Perona|Dragapult, F, shiny|100\/100\n|switch|p2a: Rokket|Cyclizar, F|100\/100\n|turn|1\n|\n|t:|1699481981\n|switch|p1a: Nico Robin|Mandibuzz, F, shiny|100\/100\n|move|p2a: Rokket|Knock Off|p1a: Nico Robin\n|-resisted|p1a: Nico Robin\n|-damage|p1a: Nico Robin|94\/100\n|-damage|p2a: Rokket|84\/100|[from] item: Rocky Helmet|[of] p1a: Nico Robin\n|-enditem|p1a: Nico Robin|Rocky Helmet|[from] move: Knock Off|[of] p2a: Rokket\n|\n|upkeep\n|turn|2\n|\n|t:|1699481993\n|move|p2a: Rokket|U-turn|p1a: Nico Robin\n|-damage|p1a: Nico Robin|83\/100\n|\n|t:|1699482008\n|switch|p2a: Cloudian|Weezing, M|100\/100|[from] U-turn\n|move|p1a: Nico Robin|Toxic|p2a: Cloudian\n|-immune|p2a: Cloudian\n|\n|upkeep\n|turn|3\n|\n|t:|1699482045\n|switch|p1a: Vegapunk|Uxie|100\/100\n|move|p2a: Cloudian|Will-O-Wisp|p1a: Vegapunk\n|-status|p1a: Vegapunk|brn\n|\n|-damage|p1a: Vegapunk|94\/100 brn|[from] brn\n|upkeep\n|turn|4\n|\n|t:|1699482070\n|switch|p2a: Laval|Chi-Yu|100\/100\n|-ability|p2a: Laval|Beads of Ruin\n|move|p1a: Vegapunk|Thunder Wave|p2a: Laval\n|-status|p2a: Laval|par\n|\n|-heal|p1a: Vegapunk|100\/100 brn|[from] item: Leftovers\n|-damage|p1a: Vegapunk|94\/100 brn|[from] brn\n|upkeep\n|turn|5\n|\n|t:|1699482139\n|switch|p1a: Nico Robin|Mandibuzz, F, shiny|83\/100\n|move|p2a: Laval|Flamethrower|p1a: Nico Robin\n|-damage|p1a: Nico Robin|24\/100\n|\n|upkeep\n|turn|6\n|\n|t:|1699482167\n|switch|p1a: Ace|Typhlosion, M, shiny|100\/100\n|move|p2a: Laval|Flame Charge|p1a: Ace\n|-start|p1a: Ace|ability: Flash Fire\n|\n|upkeep\n|turn|7\n|\n|t:|1699482191\n|switch|p2a: Rokket|Cyclizar, F|84\/100\n|move|p1a: Ace|Flame Charge|p2a: Rokket\n|-resisted|p2a: Rokket\n|-damage|p2a: Rokket|68\/100\n|-boost|p1a: Ace|spe|1\n|\n|upkeep\n|turn|8\n|\n|t:|1699482230\n|-terastallize|p1a: Ace|Fairy\n|move|p1a: Ace|Focus Blast|p2a: Rokket\n|-supereffective|p2a: Rokket\n|-damage|p2a: Rokket|0 fnt\n|faint|p2a: Rokket\n|\n|upkeep\n|\n|t:|1699482247\n|switch|p2a: F.A.|Revavroom, F|100\/100\n|turn|9\n|\n|t:|1699482284\n|-end|p1a: Ace|ability: Flash Fire|[silent]\n|switch|p1a: Vegapunk|Uxie|94\/100 brn\n|-terastallize|p2a: F.A.|Water\n|move|p2a: F.A.|Spin Out|p1a: Vegapunk\n|-damage|p1a: Vegapunk|70\/100 brn\n|-unboost|p2a: F.A.|spe|2\n|\n|-heal|p1a: Vegapunk|76\/100 brn|[from] item: Leftovers\n|-damage|p1a: Vegapunk|70\/100 brn|[from] brn\n|upkeep\n|turn|10\n|\n|t:|1699482297\n|switch|p2a: Ursarctic|Ursaluna-Bloodmoon, M|100\/100\n|move|p1a: Vegapunk|Stealth Rock|p2a: Ursarctic\n|-sidestart|p2: PokePrimer|move: Stealth Rock\n|\n|-heal|p1a: Vegapunk|76\/100 brn|[from] item: Leftovers\n|-damage|p1a: Vegapunk|70\/100 brn|[from] brn\n|upkeep\n|turn|11\n|\n|t:|1699482318\n|move|p1a: Vegapunk|U-turn|p2a: Ursarctic\n|-damage|p2a: Ursarctic|96\/100\n|\n|t:|1699482326\n|switch|p1a: Dellinger|Golduck, M|100\/100|[from] U-turn\n|-ability|p1a: Dellinger|Cloud Nine\n|move|p2a: Ursarctic|Blood Moon|p1a: Dellinger\n|-damage|p1a: Dellinger|13\/100\n|-enditem|p1a: Dellinger|Maranga Berry|[eat]\n|-boost|p1a: Dellinger|spd|1|[from] item: Maranga Berry\n|\n|upkeep\n|turn|12\n|\n|t:|1699482349\n|move|p2a: Ursarctic|Vacuum Wave|p1a: Dellinger\n|-damage|p1a: Dellinger|2\/100\n|move|p1a: Dellinger|Surf|p2a: Ursarctic\n|-supereffective|p2a: Ursarctic\n|-damage|p2a: Ursarctic|47\/100\n|\n|upkeep\n|turn|13\n|\n|t:|1699482356\n|move|p1a: Dellinger|Vacuum Wave|p2a: Ursarctic\n|-supereffective|p2a: Ursarctic\n|-damage|p2a: Ursarctic|33\/100\n|move|p2a: Ursarctic|Vacuum Wave|p1a: Dellinger\n|-damage|p1a: Dellinger|0 fnt\n|faint|p1a: Dellinger\n|\n|upkeep\n|\n|t:|1699482416\n|switch|p1a: Ace|Typhlosion, M, shiny, tera:Fairy|100\/100\n|turn|14\n|\n|t:|1699482455\n|switch|p2a: F.A.|Revavroom, F, tera:Water|100\/100\n|-damage|p2a: F.A.|88\/100|[from] Stealth Rock\n|move|p1a: Ace|Focus Blast|p2a: F.A.\n|-damage|p2a: F.A.|64\/100\n|\n|upkeep\n|turn|15\n|\n|t:|1699482495\n|switch|p1a: Vegapunk|Uxie|70\/100 brn\n|move|p2a: F.A.|Poison Jab|p1a: Vegapunk\n|-damage|p1a: Vegapunk|52\/100 brn\n|\n|-heal|p1a: Vegapunk|58\/100 brn|[from] item: Leftovers\n|-damage|p1a: Vegapunk|52\/100 brn|[from] brn\n|upkeep\n|turn|16\n|\n|t:|1699482513\n|move|p1a: Vegapunk|Thunder Wave|p2a: F.A.\n|-status|p2a: F.A.|par\n|move|p2a: F.A.|Iron Head|p1a: Vegapunk\n|-damage|p1a: Vegapunk|34\/100 brn\n|\n|-heal|p1a: Vegapunk|40\/100 brn|[from] item: Leftovers\n|-damage|p1a: Vegapunk|34\/100 brn|[from] brn\n|upkeep\n|turn|17\n|\n|t:|1699482528\n|move|p1a: Vegapunk|Psychic|p2a: F.A.\n|-damage|p2a: F.A.|48\/100 par\n|cant|p2a: F.A.|par\n|\n|-heal|p1a: Vegapunk|40\/100 brn|[from] item: Leftovers\n|-damage|p1a: Vegapunk|34\/100 brn|[from] brn\n|upkeep\n|turn|18\n|\n|t:|1699482570\n|move|p1a: Vegapunk|Psychic|p2a: F.A.\n|-damage|p2a: F.A.|34\/100 par\n|move|p2a: F.A.|Spin Out|p1a: Vegapunk\n|-damage|p1a: Vegapunk|9\/100 brn\n|-unboost|p2a: F.A.|spe|2\n|\n|-heal|p1a: Vegapunk|15\/100 brn|[from] item: Leftovers\n|-damage|p1a: Vegapunk|9\/100 brn|[from] brn\n|upkeep\n|turn|19\n|\n|t:|1699482583\n|move|p1a: Vegapunk|Psychic|p2a: F.A.\n|-damage|p2a: F.A.|19\/100 par\n|move|p2a: F.A.|Iron Head|p1a: Vegapunk\n|-damage|p1a: Vegapunk|0 fnt\n|faint|p1a: Vegapunk\n|\n|upkeep\n|\n|t:|1699482595\n|switch|p1a: Whitebeard|Mamoswine, M, shiny|100\/100\n|turn|20\n|\n|t:|1699482626\n|move|p1a: Whitebeard|Trailblaze|p2a: F.A.\n|-supereffective|p2a: F.A.\n|-damage|p2a: F.A.|0 fnt\n|-boost|p1a: Whitebeard|spe|1\n|faint|p2a: F.A.\n|-damage|p1a: Whitebeard|91\/100|[from] item: Life Orb\n|\n|upkeep\n|\n|t:|1699482632\n|switch|p2a: Cloudian|Weezing, M|100\/100\n|-damage|p2a: Cloudian|88\/100|[from] Stealth Rock\n|turn|21\n|\n|t:|1699482644\n|switch|p1a: Ace|Typhlosion, M, shiny, tera:Fairy|100\/100\n|move|p2a: Cloudian|Sludge Bomb|p1a: Ace\n|-supereffective|p1a: Ace\n|-damage|p1a: Ace|56\/100\n|\n|upkeep\n|turn|22\n|\n|t:|1699482671\n|move|p1a: Ace|Overheat|p2a: Cloudian\n|-damage|p2a: Cloudian|4\/100\n|-unboost|p1a: Ace|spa|2\n|move|p2a: Cloudian|Sludge Bomb|p1a: Ace\n|-supereffective|p1a: Ace\n|-damage|p1a: Ace|4\/100\n|\n|upkeep\n|turn|23\n|\n|t:|1699482699\n|move|p1a: Ace|Lava Plume|p2a: Cloudian\n|-damage|p2a: Cloudian|0 fnt\n|faint|p2a: Cloudian\n|\n|upkeep\n|\n|t:|1699482724\n|switch|p2a: Ursarctic|Ursaluna-Bloodmoon, M|33\/100\n|-damage|p2a: Ursarctic|27\/100|[from] Stealth Rock\n|turn|24\n|\n|t:|1699482746\n|move|p2a: Ursarctic|Vacuum Wave|p1a: Ace\n|-resisted|p1a: Ace\n|-damage|p1a: Ace|0 fnt\n|faint|p1a: Ace\n|\n|upkeep\n|\n|t:|1699482771\n|switch|p1a: Whitebeard|Mamoswine, M, shiny|91\/100\n|turn|25\n|\n|t:|1699482781\n|move|p2a: Ursarctic|Vacuum Wave|p1a: Whitebeard\n|-supereffective|p1a: Whitebeard\n|-damage|p1a: Whitebeard|48\/100\n|move|p1a: Whitebeard|Trailblaze|p2a: Ursarctic\n|-supereffective|p2a: Ursarctic\n|-damage|p2a: Ursarctic|0 fnt\n|-boost|p1a: Whitebeard|spe|1\n|faint|p2a: Ursarctic\n|-damage|p1a: Whitebeard|38\/100|[from] item: Life Orb\n|\n|upkeep\n|\n|t:|1699482786\n|switch|p2a: Beetrooper|Slither Wing|100\/100\n|-damage|p2a: Beetrooper|88\/100|[from] Stealth Rock\n|turn|26\n|\n|t:|1699482802\n|move|p2a: Beetrooper|First Impression|p1a: Whitebeard\n|-damage|p1a: Whitebeard|0 fnt\n|faint|p1a: Whitebeard\n|\n|upkeep\n|\n|t:|1699482859\n|switch|p1a: Perona|Dragapult, F, shiny|100\/100\n|turn|27\n|\n|t:|1699482869\n|move|p1a: Perona|Flamethrower|p2a: Beetrooper\n|-supereffective|p2a: Beetrooper\n|-damage|p2a: Beetrooper|19\/100\n|move|p2a: Beetrooper|U-turn|p1a: Perona\n|-resisted|p1a: Perona\n|-damage|p1a: Perona|68\/100\n|\n|t:|1699482875\n|-end|p2a: Beetrooper|Protosynthesis|[silent]\n|switch|p2a: Laval|Chi-Yu|100\/100 par|[from] U-turn\n|-ability|p2a: Laval|Beads of Ruin\n|\n|upkeep\n|turn|28\n|\n|t:|1699482901\n|move|p1a: Perona|Draco Meteor|p2a: Laval\n|-damage|p2a: Laval|25\/100 par\n|-unboost|p1a: Perona|spa|2\n|move|p2a: Laval|Dark Pulse|p1a: Perona\n|-supereffective|p1a: Perona\n|-damage|p1a: Perona|0 fnt\n|faint|p1a: Perona\n|\n|upkeep\n|\n|t:|1699482909\n|switch|p1a: Nico Robin|Mandibuzz, F, shiny|24\/100\n|turn|29\n|\n|t:|1699482914\n|move|p1a: Nico Robin|Roost|p1a: Nico Robin\n|-heal|p1a: Nico Robin|74\/100\n|-singleturn|p1a: Nico Robin|move: Roost\n|move|p2a: Laval|Flame Charge|p1a: Nico Robin\n|-damage|p1a: Nico Robin|67\/100\n|-boost|p2a: Laval|spe|1\n|\n|upkeep\n|turn|30\n|\n|t:|1699482935\n|move|p2a: Laval|Flamethrower|p1a: Nico Robin\n|-damage|p1a: Nico Robin|5\/100\n|move|p1a: Nico Robin|Brave Bird|p2a: Laval\n|-damage|p2a: Laval|0 fnt\n|faint|p2a: Laval\n|-damage|p1a: Nico Robin|1\/100|[from] Recoil\n|\n|upkeep\n|c|\u2606IUX goldynguy|gg\n|\n|t:|1699482941\n|switch|p2a: Beetrooper|Slither Wing|19\/100\n|-damage|p2a: Beetrooper|7\/100|[from] Stealth Rock\n|turn|31\n|c|\u2606PokePrimer|Gg\n|c|\u2606PokePrimer|Phew holy fuck\n|c|\u2606PokePrimer|Im sweating up a storm\n|c|\u2606IUX goldynguy|thought i had you there\n|\n|t:|1699482965\n|move|p2a: Beetrooper|First Impression|p1a: Nico Robin\n|-damage|p1a: Nico Robin|0 fnt\n|faint|p1a: Nico Robin\n|\n|win|PokePrimer\n|c|\u2606PokePrimer|That was too damn close. I thought you had me too\n","uploadtime":1699482983,"views":152,"p1id":"iuxgoldynguy","p2id":"pokeprimer","formatid":"gen9anythinggoes","rating":0,"private":0,"password":""}