{"id":"gen9anythinggoes-1981730712","p1":"Glaire","p2":"itra for real","format":"[Gen 9] Anything Goes","log":"|j|\u2606Glaire\n|j|\u203ditra for real\n|t:|1698937269\n|gametype|singles\n|player|p1|Glaire|backersf|1121\n|player|p2|itra for real|1|1000\n|teamsize|p1|6\n|teamsize|p2|6\n|gen|9\n|tier|[Gen 9] Anything Goes\n|rated|\n|rule|HP Percentage Mod: HP is shown in percentages\n|rule|Endless Battle Clause: Forcing endless battles is banned\n|clearpoke\n|poke|p1|Jirachi|\n|poke|p1|Dudunsparce-*, F|\n|poke|p1|Slowbro-Galar, F|\n|poke|p1|Pawmot, M|\n|poke|p1|Landorus, M|\n|poke|p1|Brute Bonnet|\n|poke|p2|Ninetales-Alola, M|\n|poke|p2|Eternatus|\n|poke|p2|Zamazenta-*|\n|poke|p2|Magnezone|\n|poke|p2|Iron Thorns|\n|poke|p2|Salamence, M|\n|teampreview\n|\n|t:|1698937286\n|start\n|switch|p1a: Slowbro|Slowbro-Galar, F|100\/100\n|switch|p2a: Zamazenta|Zamazenta-Crowned|100\/100\n|-ability|p2a: Zamazenta|Dauntless Shield|boost\n|-boost|p2a: Zamazenta|def|1\n|turn|1\n|\n|t:|1698937298\n|move|p2a: Zamazenta|Iron Defense|p2a: Zamazenta\n|-boost|p2a: Zamazenta|def|2\n|move|p1a: Slowbro|Belly Drum|p1a: Slowbro\n|-damage|p1a: Slowbro|50\/100\n|-setboost|p1a: Slowbro|atk|6|[from] move: Belly Drum\n|\n|upkeep\n|turn|2\n|\n|t:|1698937315\n|move|p2a: Zamazenta|Close Combat|p1a: Slowbro\n|-resisted|p1a: Slowbro\n|-damage|p1a: Slowbro|39\/100\n|-unboost|p2a: Zamazenta|def|1\n|-unboost|p2a: Zamazenta|spd|1\n|move|p1a: Slowbro|Drain Punch|p2a: Zamazenta\n|-supereffective|p2a: Zamazenta\n|-damage|p2a: Zamazenta|34\/100\n|-heal|p1a: Slowbro|71\/100|[from] drain|[of] p2a: Zamazenta\n|\n|upkeep\n|turn|3\n|-activate|p1a: Slowbro|ability: Quick Draw\n|\n|t:|1698937330\n|move|p1a: Slowbro|Drain Punch|p2a: Zamazenta\n|-supereffective|p2a: Zamazenta\n|-damage|p2a: Zamazenta|0 fnt\n|-heal|p1a: Slowbro|88\/100|[from] drain|[of] p2a: Zamazenta\n|faint|p2a: Zamazenta\n|\n|upkeep\n|\n|t:|1698937339\n|switch|p2a: Magnezone|Magnezone|100\/100\n|turn|4\n|-activate|p1a: Slowbro|ability: Quick Draw\n|\n|t:|1698937344\n|move|p1a: Slowbro|Drain Punch|p2a: Magnezone\n|-supereffective|p2a: Magnezone\n|-ability|p2a: Magnezone|Sturdy\n|-damage|p2a: Magnezone|1\/100\n|-heal|p1a: Slowbro|100\/100|[from] drain|[of] p2a: Magnezone\n|-enditem|p2a: Magnezone|Mago Berry|[eat]\n|-heal|p2a: Magnezone|34\/100|[from] item: Mago Berry\n|move|p2a: Magnezone|Zap Cannon|p1a: Slowbro|[miss]\n|-miss|p2a: Magnezone|p1a: Slowbro\n|\n|upkeep\n|turn|5\n|\n|t:|1698937365\n|move|p2a: Magnezone|Steel Beam|p1a: Slowbro\n|-damage|p1a: Slowbro|31\/100\n|-damage|p2a: Magnezone|0 fnt|[from] steelbeam\n|faint|p2a: Magnezone\n|move|p1a: Slowbro|Drain Punch|p2: Magnezone|[notarget]\n|-fail|p1a: Slowbro\n|\n|upkeep\n|\n|t:|1698937374\n|switch|p2a: Iron Thorns|Iron Thorns|100\/100\n|turn|6\n|\n|t:|1698937388\n|move|p2a: Iron Thorns|Flamethrower|p1a: Slowbro\n|-damage|p1a: Slowbro|9\/100\n|move|p1a: Slowbro|Drain Punch|p2a: Iron Thorns\n|-supereffective|p2a: Iron Thorns\n|-damage|p2a: Iron Thorns|0 fnt\n|-heal|p1a: Slowbro|52\/100|[from] drain|[of] p2a: Iron Thorns\n|faint|p2a: Iron Thorns\n|-end|p2a: Iron Thorns|Quark Drive|[silent]\n|\n|upkeep\n|inactive|Battle timer is ON: inactive players will automatically lose when time's up. (requested by Glaire)\n|\n|t:|1698937398\n|switch|p2a: Ninetales|Ninetales-Alola, M|100\/100\n|turn|7\n|\n|t:|1698937406\n|-terastallize|p2a: Ninetales|Ice\n|move|p2a: Ninetales|Blizzard|p1a: Slowbro|[miss]\n|-miss|p2a: Ninetales|p1a: Slowbro\n|move|p1a: Slowbro|Poison Jab|p2a: Ninetales\n|-damage|p2a: Ninetales|0 fnt\n|-damage|p1a: Slowbro|36\/100|[from] item: Rocky Helmet|[of] p2a: Ninetales\n|faint|p2a: Ninetales\n|\n|upkeep\n|\n|t:|1698937416\n|switch|p2a: Salamence|Salamence, M|100\/100\n|-ability|p2a: Salamence|Intimidate|boost\n|-unboost|p1a: Slowbro|atk|1\n|turn|8\n|\n|t:|1698937421\n|move|p2a: Salamence|Draco Meteor|p1a: Slowbro\n|-damage|p1a: Slowbro|0 fnt\n|-unboost|p2a: Salamence|spa|2\n|faint|p1a: Slowbro\n|\n|upkeep\n|\n|t:|1698937431\n|switch|p1a: Pawmot|Pawmot, M|100\/100\n|turn|9\n|\n|t:|1698937441\n|move|p1a: Pawmot|Revival Blessing|p1a: Pawmot\n|\n|t:|1698937443\n|-heal|p1: Slowbro|50\/100|[from] move: Revival Blessing\n|move|p2a: Salamence|Draco Meteor|p1a: Pawmot\n|-damage|p1a: Pawmot|53\/100\n|-unboost|p2a: Salamence|spa|2\n|\n|upkeep\n|turn|10\n|\n|t:|1698937458\n|switch|p1a: Jirachi|Jirachi|100\/100\n|move|p2a: Salamence|Rock Tomb|p1a: Jirachi\n|-resisted|p1a: Jirachi\n|-damage|p1a: Jirachi|92\/100\n|-unboost|p1a: Jirachi|spe|1\n|\n|upkeep\n|turn|11\n|\n|t:|1698937469\n|move|p2a: Salamence|Fire Blast|p1a: Jirachi\n|-supereffective|p1a: Jirachi\n|-crit|p1a: Jirachi\n|-damage|p1a: Jirachi|0 fnt\n|faint|p1a: Jirachi\n|\n|upkeep\n|\n|t:|1698937474\n|switch|p1a: Slowbro|Slowbro-Galar, F|50\/100\n|turn|12\n|\n|t:|1698937478\n|move|p2a: Salamence|Draco Meteor|p1a: Slowbro\n|-damage|p1a: Slowbro|27\/100\n|-unboost|p2a: Salamence|spa|2\n|move|p1a: Slowbro|Poison Jab|p2a: Salamence\n|-damage|p2a: Salamence|64\/100\n|\n|-heal|p2a: Salamence|70\/100|[from] item: Leftovers\n|upkeep\n|turn|13\n|-activate|p1a: Slowbro|ability: Quick Draw\n|\n|t:|1698937491\n|move|p1a: Slowbro|Poison Jab|p2a: Salamence\n|-damage|p2a: Salamence|31\/100\n|move|p2a: Salamence|Body Slam|p1a: Slowbro\n|-damage|p1a: Slowbro|6\/100\n|-status|p1a: Slowbro|par\n|\n|-heal|p2a: Salamence|37\/100|[from] item: Leftovers\n|upkeep\n|turn|14\n|-activate|p1a: Slowbro|ability: Quick Draw\n|\n|t:|1698937507\n|move|p1a: Slowbro|Poison Jab|p2a: Salamence\n|-damage|p2a: Salamence|0 fnt\n|faint|p2a: Salamence\n|\n|upkeep\n|\n|t:|1698937514\n|switch|p2a: Eternatus|Eternatus|100\/100\n|-ability|p2a: Eternatus|Pressure\n|turn|15\n|\n|t:|1698937520\n|switch|p1a: Dudunsparce|Dudunsparce, F|100\/100\n|move|p2a: Eternatus|Gunk Shot|p1a: Dudunsparce\n|-damage|p1a: Dudunsparce|58\/100\n|\n|upkeep\n|turn|16\n|\n|t:|1698937532\n|move|p2a: Eternatus|Fire Blast|p1a: Dudunsparce\n|-damage|p1a: Dudunsparce|22\/100\n|move|p1a: Dudunsparce|Roost|p1a: Dudunsparce\n|-heal|p1a: Dudunsparce|72\/100\n|-singleturn|p1a: Dudunsparce|move: Roost\n|\n|upkeep\n|turn|17\n|\n|t:|1698937539\n|move|p2a: Eternatus|Gunk Shot|p1a: Dudunsparce|[miss]\n|-miss|p2a: Eternatus|p1a: Dudunsparce\n|move|p1a: Dudunsparce|Boomburst|p2a: Eternatus\n|-damage|p2a: Eternatus|67\/100\n|\n|upkeep\n|turn|18\n|\n|t:|1698937546\n|move|p2a: Eternatus|Fire Blast|p1a: Dudunsparce\n|-damage|p1a: Dudunsparce|35\/100\n|move|p1a: Dudunsparce|Boomburst|p2a: Eternatus\n|-damage|p2a: Eternatus|37\/100\n|\n|upkeep\n|turn|19\n|\n|t:|1698937558\n|move|p2a: Eternatus|Fire Blast|p1a: Dudunsparce\n|-damage|p1a: Dudunsparce|0 fnt\n|faint|p1a: Dudunsparce\n|\n|upkeep\n|\n|t:|1698937561\n|switch|p1a: Brute Bonnet|Brute Bonnet|100\/100\n|turn|20\n|\n|t:|1698937568\n|move|p2a: Eternatus|Fire Blast|p1a: Brute Bonnet\n|-supereffective|p1a: Brute Bonnet\n|-damage|p1a: Brute Bonnet|43\/100\n|move|p1a: Brute Bonnet|Spore|p2a: Eternatus\n|-status|p2a: Eternatus|slp|[from] move: Spore\n|\n|-heal|p1a: Brute Bonnet|49\/100|[from] item: Leftovers\n|upkeep\n|turn|21\n|\n|t:|1698937579\n|-end|p1a: Brute Bonnet|Protosynthesis|[silent]\n|switch|p1a: Slowbro|Slowbro-Galar, F|6\/100 par\n|cant|p2a: Eternatus|slp\n|\n|upkeep\n|turn|22\n|\n|t:|1698937588\n|-curestatus|p2a: Eternatus|slp|[msg]\n|move|p2a: Eternatus|Gunk Shot|p1a: Slowbro\n|-resisted|p1a: Slowbro\n|-damage|p1a: Slowbro|0 fnt\n|faint|p1a: Slowbro\n|\n|upkeep\n|-message|itra for real forfeited.\n|\n|win|Glaire\n|raw|Glaire's rating: 1121 &rarr; <strong>1138<\/strong><br \/>(+17 for winning)\n|raw|itra for real's rating: 1000 &rarr; <strong>1000<\/strong><br \/>(+0 for losing)\n|l|\u203ditra for real\n","uploadtime":1698937597,"views":4,"p1id":"glaire","p2id":"itraforreal","formatid":"gen9anythinggoes","rating":1000,"private":0,"password":""}