{"id":"gen9anythinggoes-1999635486","p1":"fgyhbvgh","p2":"BellsproutFan08","format":"[Gen 9] Anything Goes","log":"|j|\u2606fgyhbvgh\n|j|\u2606BellsproutFan08\n|t:|1701103247\n|gametype|singles\n|player|p1|fgyhbvgh|dragontamer|1049\n|player|p2|BellsproutFan08|scientist|1062\n|teamsize|p1|4\n|teamsize|p2|6\n|gen|9\n|tier|[Gen 9] Anything Goes\n|rated|\n|rule|HP Percentage Mod: HP is shown in percentages\n|rule|Endless Battle Clause: Forcing endless battles is banned\n|clearpoke\n|poke|p1|Miraidon|\n|poke|p1|Drifblim, M|\n|poke|p1|Eevee, M|\n|poke|p1|Hawlucha, F|\n|poke|p2|Torkoal, M|\n|poke|p2|Drifblim, F|\n|poke|p2|Bellsprout, M|\n|poke|p2|Drifblim, M|\n|poke|p2|Jirachi|\n|poke|p2|Calyrex-Ice|\n|teampreview\n|\n|t:|1701103253\n|start\n|switch|p1a: Bal\u00e3o m\u00e1gico|Drifblim, M|100\/100\n|switch|p2a: Drifblim|Drifblim, F|100\/100\n|turn|1\n|\n|t:|1701103261\n|move|p1a: Bal\u00e3o m\u00e1gico|Minimize|p1a: Bal\u00e3o m\u00e1gico\n|-boost|p1a: Bal\u00e3o m\u00e1gico|evasion|2\n|move|p2a: Drifblim|Baton Pass|p2a: Drifblim\n|\n|t:|1701103267\n|switch|p2a: Jirachi|Jirachi|100\/100|[from] Baton Pass\n|\n|upkeep\n|turn|2\n|\n|t:|1701103274\n|move|p1a: Bal\u00e3o m\u00e1gico|Substitute|p1a: Bal\u00e3o m\u00e1gico\n|-start|p1a: Bal\u00e3o m\u00e1gico|Substitute\n|-damage|p1a: Bal\u00e3o m\u00e1gico|75\/100\n|move|p2a: Jirachi|Cosmic Power|p2a: Jirachi\n|-boost|p2a: Jirachi|def|1\n|-boost|p2a: Jirachi|spd|1\n|\n|upkeep\n|turn|3\n|inactive|Battle timer is ON: inactive players will automatically lose when time's up. (requested by BellsproutFan08)\n|\n|t:|1701103282\n|move|p1a: Bal\u00e3o m\u00e1gico|Minimize|p1a: Bal\u00e3o m\u00e1gico\n|-boost|p1a: Bal\u00e3o m\u00e1gico|evasion|2\n|move|p2a: Jirachi|Cosmic Power|p2a: Jirachi\n|-boost|p2a: Jirachi|def|1\n|-boost|p2a: Jirachi|spd|1\n|\n|upkeep\n|turn|4\n|\n|t:|1701103290\n|move|p1a: Bal\u00e3o m\u00e1gico|Minimize|p1a: Bal\u00e3o m\u00e1gico\n|-boost|p1a: Bal\u00e3o m\u00e1gico|evasion|2\n|move|p2a: Jirachi|Cosmic Power|p2a: Jirachi\n|-boost|p2a: Jirachi|def|1\n|-boost|p2a: Jirachi|spd|1\n|\n|upkeep\n|turn|5\n|\n|t:|1701103298\n|move|p1a: Bal\u00e3o m\u00e1gico|Stockpile|p1a: Bal\u00e3o m\u00e1gico\n|-start|p1a: Bal\u00e3o m\u00e1gico|stockpile1\n|-boost|p1a: Bal\u00e3o m\u00e1gico|def|1\n|-boost|p1a: Bal\u00e3o m\u00e1gico|spd|1\n|move|p2a: Jirachi|Cosmic Power|p2a: Jirachi\n|-boost|p2a: Jirachi|def|1\n|-boost|p2a: Jirachi|spd|1\n|\n|upkeep\n|turn|6\n|\n|t:|1701103308\n|move|p1a: Bal\u00e3o m\u00e1gico|Stockpile|p1a: Bal\u00e3o m\u00e1gico\n|-start|p1a: Bal\u00e3o m\u00e1gico|stockpile2\n|-boost|p1a: Bal\u00e3o m\u00e1gico|def|1\n|-boost|p1a: Bal\u00e3o m\u00e1gico|spd|1\n|move|p2a: Jirachi|Cosmic Power|p2a: Jirachi\n|-boost|p2a: Jirachi|def|1\n|-boost|p2a: Jirachi|spd|1\n|\n|upkeep\n|turn|7\n|\n|t:|1701103318\n|move|p1a: Bal\u00e3o m\u00e1gico|Stockpile|p1a: Bal\u00e3o m\u00e1gico\n|-start|p1a: Bal\u00e3o m\u00e1gico|stockpile3\n|-boost|p1a: Bal\u00e3o m\u00e1gico|def|1\n|-boost|p1a: Bal\u00e3o m\u00e1gico|spd|1\n|move|p2a: Jirachi|Cosmic Power|p2a: Jirachi\n|-boost|p2a: Jirachi|def|1\n|-boost|p2a: Jirachi|spd|1\n|\n|upkeep\n|turn|8\n|\n|t:|1701103328\n|move|p1a: Bal\u00e3o m\u00e1gico|Baton Pass|p1a: Bal\u00e3o m\u00e1gico\n|\n|t:|1701103331\n|switch|p1a: Hawlucha|Hawlucha, F|100\/100|[from] Baton Pass\n|move|p2a: Jirachi|Stealth Rock|p1a: Hawlucha\n|-sidestart|p1: fgyhbvgh|move: Stealth Rock\n|\n|upkeep\n|turn|9\n|\n|t:|1701103340\n|move|p1a: Hawlucha|Agility|p1a: Hawlucha\n|-boost|p1a: Hawlucha|spe|2\n|move|p2a: Jirachi|Cosmic Power|p2a: Jirachi\n|-boost|p2a: Jirachi|def|0\n|-boost|p2a: Jirachi|spd|0\n|\n|upkeep\n|turn|10\n|\n|t:|1701103352\n|move|p1a: Hawlucha|Agility|p1a: Hawlucha\n|-boost|p1a: Hawlucha|spe|2\n|move|p2a: Jirachi|Baton Pass|p2a: Jirachi\n|\n|t:|1701103356\n|switch|p2a: Drifblim|Drifblim, F|100\/100|[from] Baton Pass\n|\n|upkeep\n|turn|11\n|\n|t:|1701103363\n|move|p1a: Hawlucha|Agility|p1a: Hawlucha\n|-boost|p1a: Hawlucha|spe|2\n|move|p2a: Drifblim|Minimize|p2a: Drifblim\n|-boost|p2a: Drifblim|evasion|2\n|\n|upkeep\n|turn|12\n|\n|t:|1701103372\n|move|p1a: Hawlucha|Baton Pass|p1a: Hawlucha\n|\n|t:|1701103375\n|switch|p1a: Moto top|Miraidon|100\/100|[from] Baton Pass\n|-damage|p1a: Moto top|88\/100|[from] Stealth Rock\n|-fieldstart|move: Electric Terrain|[from] ability: Hadron Engine|[of] p1a: Moto top\n|-item|p1a: Moto top|Air Balloon\n|move|p2a: Drifblim|Minimize|p2a: Drifblim\n|-boost|p2a: Drifblim|evasion|2\n|\n|upkeep\n|turn|13\n|\n|t:|1701103396\n|move|p1a: Moto top|Electro Drift|p2a: Drifblim\n|-supereffective|p2a: Drifblim\n|-damage|p2a: Drifblim|41\/100\n|move|p2a: Drifblim|Minimize|p2a: Drifblim\n|-boost|p2a: Drifblim|evasion|2\n|\n|upkeep\n|turn|14\n|\n|t:|1701103411\n|-terastallize|p1a: Moto top|Electric\n|move|p1a: Moto top|Electro Drift|p2a: Drifblim|[miss]\n|-miss|p1a: Moto top|p2a: Drifblim\n|move|p2a: Drifblim|Baton Pass|p2a: Drifblim\n|\n|t:|1701103420\n|switch|p2a: Calyrex|Calyrex-Ice|100\/100|[from] Baton Pass\n|-ability|p2a: Calyrex|As One\n|-ability|p2a: Calyrex|Unnerve\n|\n|upkeep\n|turn|15\n|\n|t:|1701103433\n|move|p1a: Moto top|Calm Mind|p1a: Moto top\n|-boost|p1a: Moto top|spa|1\n|-boost|p1a: Moto top|spd|1\n|move|p2a: Calyrex|Swords Dance|p2a: Calyrex\n|-boost|p2a: Calyrex|atk|2\n|\n|upkeep\n|turn|16\n|\n|t:|1701103441\n|move|p1a: Moto top|Calm Mind|p1a: Moto top\n|-boost|p1a: Moto top|spa|1\n|-boost|p1a: Moto top|spd|1\n|move|p2a: Calyrex|Substitute|p2a: Calyrex\n|-start|p2a: Calyrex|Substitute\n|-damage|p2a: Calyrex|76\/100\n|\n|-fieldend|move: Electric Terrain\n|upkeep\n|turn|17\n|\n|t:|1701103450\n|move|p1a: Moto top|Calm Mind|p1a: Moto top\n|-boost|p1a: Moto top|spa|1\n|-boost|p1a: Moto top|spd|1\n|move|p2a: Calyrex|Swords Dance|p2a: Calyrex\n|-boost|p2a: Calyrex|atk|2\n|\n|upkeep\n|turn|18\n|\n|t:|1701103458\n|move|p1a: Moto top|Calm Mind|p1a: Moto top\n|-boost|p1a: Moto top|spa|1\n|-boost|p1a: Moto top|spd|0\n|move|p2a: Calyrex|Swords Dance|p2a: Calyrex\n|-boost|p2a: Calyrex|atk|2\n|\n|upkeep\n|turn|19\n|\n|t:|1701103474\n|move|p1a: Moto top|Calm Mind|p1a: Moto top\n|-boost|p1a: Moto top|spa|1\n|-boost|p1a: Moto top|spd|0\n|move|p2a: Calyrex|Leech Seed|p1a: Moto top|[miss]\n|-miss|p2a: Calyrex|p1a: Moto top\n|\n|upkeep\n|turn|20\n|\n|t:|1701103482\n|move|p1a: Moto top|Calm Mind|p1a: Moto top\n|-boost|p1a: Moto top|spa|1\n|-boost|p1a: Moto top|spd|0\n|move|p2a: Calyrex|Baton Pass|p2a: Calyrex\n|\n|t:|1701103488\n|switch|p2a: Sprout|Bellsprout, M|100\/100|[from] Baton Pass\n|\n|upkeep\n|turn|21\n|\n|t:|1701103495\n|move|p1a: Moto top|Calm Mind|p1a: Moto top\n|-boost|p1a: Moto top|spa|0\n|-boost|p1a: Moto top|spd|0\n|move|p2a: Sprout|Sunny Day|p2a: Sprout\n|-weather|SunnyDay\n|\n|-weather|SunnyDay|[upkeep]\n|upkeep\n|turn|22\n|\n|t:|1701103506\n|move|p1a: Moto top|Draco Meteor|p2a: Sprout\n|-end|p2a: Sprout|Substitute\n|-unboost|p1a: Moto top|spa|2\n|move|p2a: Sprout|Poison Jab|p1a: Moto top\n|-end|p1a: Moto top|Substitute\n|-enditem|p1a: Moto top|Air Balloon\n|\n|-weather|SunnyDay|[upkeep]\n|upkeep\n|turn|23\n|\n|t:|1701103519\n|-terastallize|p2a: Sprout|Grass\n|move|p1a: Moto top|Draco Meteor|p2a: Sprout|[miss]\n|-miss|p1a: Moto top|p2a: Sprout\n|move|p2a: Sprout|Power Whip|p1a: Moto top|[miss]\n|-miss|p2a: Sprout|p1a: Moto top\n|\n|-weather|SunnyDay|[upkeep]\n|upkeep\n|turn|24\n|\n|t:|1701103530\n|move|p1a: Moto top|Calm Mind|p1a: Moto top\n|-boost|p1a: Moto top|spa|1\n|-boost|p1a: Moto top|spd|0\n|move|p2a: Sprout|Power Whip|p1a: Moto top|[miss]\n|-miss|p2a: Sprout|p1a: Moto top\n|\n|-weather|SunnyDay|[upkeep]\n|upkeep\n|turn|25\n|\n|t:|1701103539\n|move|p1a: Moto top|Calm Mind|p1a: Moto top\n|-boost|p1a: Moto top|spa|1\n|-boost|p1a: Moto top|spd|0\n|move|p2a: Sprout|Power Whip|p1a: Moto top|[miss]\n|-miss|p2a: Sprout|p1a: Moto top\n|\n|-weather|none\n|upkeep\n|turn|26\n|\n|t:|1701103548\n|move|p1a: Moto top|Draco Meteor|p2a: Sprout|[miss]\n|-miss|p1a: Moto top|p2a: Sprout\n|move|p2a: Sprout|Lunge|p1a: Moto top|[miss]\n|-miss|p2a: Sprout|p1a: Moto top\n|\n|upkeep\n|turn|27\n|\n|t:|1701103560\n|move|p1a: Moto top|Draco Meteor|p2a: Sprout|[miss]\n|-miss|p1a: Moto top|p2a: Sprout\n|move|p2a: Sprout|Power Whip|p1a: Moto top|[miss]\n|-miss|p2a: Sprout|p1a: Moto top\n|\n|upkeep\n|turn|28\n|\n|t:|1701103569\n|move|p1a: Moto top|Draco Meteor|p2a: Sprout|[miss]\n|-miss|p1a: Moto top|p2a: Sprout\n|move|p2a: Sprout|Power Whip|p1a: Moto top\n|-damage|p1a: Moto top|0 fnt\n|faint|p1a: Moto top\n|\n|upkeep\n|c|\u2606BellsproutFan08|YES\n|-message|fgyhbvgh forfeited.\n|\n|win|BellsproutFan08\n|raw|fgyhbvgh's rating: 1049 &rarr; <strong>1032<\/strong><br \/>(-17 for losing)\n|raw|BellsproutFan08's rating: 1062 &rarr; <strong>1092<\/strong><br \/>(+30 for winning)\n|l|\u2606fgyhbvgh\n|c|\u2606BellsproutFan08|YES YES YES\n","uploadtime":1701103599,"views":26,"p1id":"fgyhbvgh","p2id":"bellsproutfan08","formatid":"gen9anythinggoes","rating":1032,"private":0,"password":""}