{"id":"gen9anythinggoes-1995604502","p1":"Jeremy647","p2":"phluph9764","format":"[Gen 9] Anything Goes","log":"|j|\u2606Jeremy647\n|j|\u2606phluph9764\n|t:|1700586775\n|gametype|singles\n|player|p1|Jeremy647|ruinmaniac|1341\n|player|p2|phluph9764|101|1385\n|teamsize|p1|6\n|teamsize|p2|6\n|gen|9\n|tier|[Gen 9] Anything Goes\n|rated|\n|rule|HP Percentage Mod: HP is shown in percentages\n|rule|Endless Battle Clause: Forcing endless battles is banned\n|clearpoke\n|poke|p1|Regieleki|\n|poke|p1|Espathra, M|\n|poke|p1|Palafin, M|\n|poke|p1|Rayquaza|\n|poke|p1|Ogerpon-Hearthflame, F|\n|poke|p1|Ursaluna-Bloodmoon, M|\n|poke|p2|Espathra, F|\n|poke|p2|Gliscor, M|\n|poke|p2|Garganacl, F|\n|poke|p2|Houndstone, F|\n|poke|p2|Chansey, F|\n|poke|p2|Volcarona, F|\n|teampreview\n|inactive|Battle timer is ON: inactive players will automatically lose when time's up. (requested by Jeremy647)\n|\n|t:|1700586780\n|start\n|switch|p1a: Espathra|Espathra, M|100\/100\n|switch|p2a: Espathra|Espathra, F|100\/100\n|turn|1\n|\n|t:|1700586784\n|move|p2a: Espathra|Lumina Crash|p1a: Espathra\n|-resisted|p1a: Espathra\n|-damage|p1a: Espathra|69\/100\n|-unboost|p1a: Espathra|spd|2\n|move|p1a: Espathra|Calm Mind|p1a: Espathra\n|-boost|p1a: Espathra|spa|1\n|-boost|p1a: Espathra|spd|1\n|\n|-heal|p1a: Espathra|75\/100|[from] item: Leftovers\n|-ability|p2a: Espathra|Speed Boost|boost\n|-boost|p2a: Espathra|spe|1\n|-ability|p1a: Espathra|Speed Boost|boost\n|-boost|p1a: Espathra|spe|1\n|upkeep\n|turn|2\n|\n|t:|1700586789\n|move|p1a: Espathra|Lumina Crash|p2a: Espathra\n|-resisted|p2a: Espathra\n|-damage|p2a: Espathra|52\/100\n|-unboost|p2a: Espathra|spd|2\n|move|p2a: Espathra|Lumina Crash|p1a: Espathra\n|-resisted|p1a: Espathra\n|-damage|p1a: Espathra|28\/100\n|-unboost|p1a: Espathra|spd|2\n|\n|-heal|p1a: Espathra|34\/100|[from] item: Leftovers\n|-heal|p2a: Espathra|58\/100|[from] item: Leftovers\n|-ability|p2a: Espathra|Speed Boost|boost\n|-boost|p2a: Espathra|spe|1\n|-ability|p1a: Espathra|Speed Boost|boost\n|-boost|p1a: Espathra|spe|1\n|upkeep\n|turn|3\n|\n|t:|1700586797\n|move|p2a: Espathra|Lumina Crash|p1a: Espathra\n|-resisted|p1a: Espathra\n|-damage|p1a: Espathra|0 fnt\n|faint|p1a: Espathra\n|\n|-heal|p2a: Espathra|64\/100|[from] item: Leftovers\n|-ability|p2a: Espathra|Speed Boost|boost\n|-boost|p2a: Espathra|spe|1\n|upkeep\n|\n|t:|1700586800\n|switch|p1a: Palafin|Palafin, M|100\/100\n|turn|4\n|\n|t:|1700586804\n|move|p1a: Palafin|Jet Punch|p2a: Espathra\n|-damage|p2a: Espathra|29\/100\n|move|p2a: Espathra|Lumina Crash|p1a: Palafin\n|-damage|p1a: Palafin|39\/100\n|-unboost|p1a: Palafin|spd|2\n|\n|-heal|p2a: Espathra|35\/100|[from] item: Leftovers\n|-ability|p2a: Espathra|Speed Boost|boost\n|-boost|p2a: Espathra|spe|1\n|upkeep\n|turn|5\n|\n|t:|1700586810\n|move|p1a: Palafin|Jet Punch|p2a: Espathra\n|-damage|p2a: Espathra|0 fnt\n|faint|p2a: Espathra\n|\n|upkeep\n|\n|t:|1700586816\n|switch|p2a: Garganacl|Garganacl, F|100\/100\n|turn|6\n|\n|t:|1700586826\n|detailschange|p1a: Palafin|Palafin-Hero, M\n|switch|p1a: Ursaluna|Ursaluna-Bloodmoon, M|100\/100\n|move|p2a: Garganacl|Salt Cure|p1a: Ursaluna\n|-resisted|p1a: Ursaluna\n|-damage|p1a: Ursaluna|96\/100\n|-start|p1a: Ursaluna|Salt Cure\n|\n|-damage|p1a: Ursaluna|84\/100|[from] Salt Cure\n|upkeep\n|turn|7\n|\n|t:|1700586832\n|move|p1a: Ursaluna|Earth Power|p2a: Garganacl\n|-supereffective|p2a: Garganacl\n|-crit|p2a: Garganacl\n|-damage|p2a: Garganacl|0 fnt\n|faint|p2a: Garganacl\n|-damage|p1a: Ursaluna|74\/100|[from] item: Life Orb\n|\n|-damage|p1a: Ursaluna|61\/100|[from] Salt Cure\n|upkeep\n|\n|t:|1700586837\n|switch|p2a: Gliscor|Gliscor, M, shiny|100\/100\n|turn|8\n|\n|t:|1700586842\n|move|p2a: Gliscor|Swords Dance|p2a: Gliscor\n|-boost|p2a: Gliscor|atk|2\n|move|p1a: Ursaluna|Blood Moon|p2a: Gliscor\n|-damage|p2a: Gliscor|0 fnt\n|faint|p2a: Gliscor\n|-damage|p1a: Ursaluna|51\/100|[from] item: Life Orb\n|\n|-damage|p1a: Ursaluna|39\/100|[from] Salt Cure\n|upkeep\n|\n|t:|1700586860\n|switch|p2a: Volcarona|Volcarona, F, shiny|100\/100\n|turn|9\n|\n|t:|1700586864\n|-terastallize|p2a: Volcarona|Grass\n|move|p2a: Volcarona|Quiver Dance|p2a: Volcarona\n|-boost|p2a: Volcarona|spa|1\n|-boost|p2a: Volcarona|spd|1\n|-boost|p2a: Volcarona|spe|1\n|move|p1a: Ursaluna|Hyper Voice|p2a: Volcarona\n|-damage|p2a: Volcarona|50\/100\n|-damage|p1a: Ursaluna|29\/100|[from] item: Life Orb\n|\n|-damage|p1a: Ursaluna|17\/100|[from] Salt Cure\n|upkeep\n|turn|10\n|\n|t:|1700586870\n|move|p2a: Volcarona|Giga Drain|p1a: Ursaluna\n|-supereffective|p1a: Ursaluna\n|-damage|p1a: Ursaluna|0 fnt\n|-heal|p2a: Volcarona|61\/100|[from] drain|[of] p1a: Ursaluna\n|faint|p1a: Ursaluna\n|\n|upkeep\n|\n|t:|1700586877\n|switch|p1a: Rayquaza|Rayquaza|100\/100\n|-ability|p1a: Rayquaza|Air Lock\n|turn|11\n|\n|t:|1700586882\n|move|p2a: Volcarona|Psychic|p1a: Rayquaza\n|-damage|p1a: Rayquaza|40\/100\n|-unboost|p1a: Rayquaza|spd|1\n|move|p1a: Rayquaza|Swords Dance|p1a: Rayquaza\n|-boost|p1a: Rayquaza|atk|2\n|\n|upkeep\n|turn|12\n|\n|t:|1700586885\n|-terastallize|p1a: Rayquaza|Normal\n|move|p1a: Rayquaza|Extreme Speed|p2a: Volcarona\n|-damage|p2a: Volcarona|0 fnt\n|faint|p2a: Volcarona\n|-damage|p1a: Rayquaza|30\/100|[from] item: Life Orb\n|\n|upkeep\n|\n|t:|1700586890\n|switch|p2a: Chansey|Chansey, F|100\/100\n|turn|13\n|\n|t:|1700586892\n|move|p1a: Rayquaza|Extreme Speed|p2a: Chansey\n|-damage|p2a: Chansey|17\/100\n|-damage|p1a: Rayquaza|20\/100|[from] item: Life Orb\n|move|p2a: Chansey|Thunder Wave|p1a: Rayquaza\n|-status|p1a: Rayquaza|par\n|\n|upkeep\n|turn|14\n|\n|t:|1700586896\n|move|p1a: Rayquaza|Outrage|p2a: Chansey\n|-damage|p2a: Chansey|0 fnt\n|faint|p2a: Chansey\n|-damage|p1a: Rayquaza|10\/100 par|[from] item: Life Orb\n|\n|upkeep\n|\n|t:|1700586898\n|switch|p2a: Houndstone|Houndstone, F|100\/100\n|turn|15\n|\n|t:|1700586901\n|move|p2a: Houndstone|Last Respects|p1a: Rayquaza\n|-immune|p1a: Rayquaza\n|move|p1a: Rayquaza|Outrage|p2a: Houndstone|[from]lockedmove\n|-damage|p2a: Houndstone|0 fnt\n|faint|p2a: Houndstone\n|-damage|p1a: Rayquaza|0 fnt|[from] item: Life Orb\n|faint|p1a: Rayquaza\n|\n|win|Jeremy647\n|raw|Jeremy647's rating: 1341 &rarr; <strong>1364<\/strong><br \/>(+23 for winning)\n|raw|phluph9764's rating: 1385 &rarr; <strong>1362<\/strong><br \/>(-23 for losing)\n|l|\u2606phluph9764\n|c|\u2606Jeremy647|Lol\n|c|\u2606Jeremy647|Gg\n","uploadtime":1700586924,"views":0,"p1id":"jeremy647","p2id":"phluph9764","formatid":"gen9anythinggoes","rating":1362,"private":0,"password":""}