{"id":"gen9anythinggoes-1988178664","p1":"Ttv_KaisKovjik","p2":"Soniaa134","format":"[Gen 9] Anything Goes","log":"|j|\u2606Ttv_KaisKovjik\n|j|\u2606Soniaa134\n|t:|1699680248\n|gametype|singles\n|player|p1|Ttv_KaisKovjik|ash-sinnoh|1082\n|player|p2|Soniaa134|sonia|1051\n|teamsize|p1|6\n|teamsize|p2|6\n|gen|9\n|tier|[Gen 9] Anything Goes\n|rated|\n|rule|HP Percentage Mod: HP is shown in percentages\n|rule|Endless Battle Clause: Forcing endless battles is banned\n|clearpoke\n|poke|p1|Regieleki|\n|poke|p1|Regieleki|\n|poke|p1|Regieleki|\n|poke|p1|Regieleki|\n|poke|p1|Regieleki|\n|poke|p1|Kingambit, F|\n|poke|p2|Drifblim, F|\n|poke|p2|Rillaboom, M|\n|poke|p2|Grimmsnarl, M|\n|poke|p2|Meowscarada, F|\n|poke|p2|Rillaboom, M|\n|poke|p2|Drifblim, F|\n|teampreview\n|inactive|Battle timer is ON: inactive players will automatically lose when time's up. (requested by Soniaa134)\n|c|\u2606Ttv_KaisKovjik|Like a rock band lol\n|c|\u2606Soniaa134|interesting team :V\n|\n|t:|1699680276\n|start\n|switch|p1a: Regieleki|Regieleki|100\/100\n|switch|p2a: Grimmsnarl|Grimmsnarl, M|100\/100\n|turn|1\n|c|\u2606Ttv_KaisKovjik|Saw it on tik too\n|c|\u2606Ttv_KaisKovjik|Too\n|c|\u2606Ttv_KaisKovjik|Nvm lol\n|inactive|Ttv_KaisKovjik has 120 seconds left.\n|\n|t:|1699680307\n|move|p2a: Grimmsnarl|Reflect|p2a: Grimmsnarl\n|-sidestart|p2: Soniaa134|Reflect\n|move|p1a: Regieleki|Explosion|p2a: Grimmsnarl\n|-damage|p2a: Grimmsnarl|42\/100\n|faint|p1a: Regieleki\n|\n|upkeep\n|inactive|Ttv_KaisKovjik has 120 seconds left.\n|\n|t:|1699680313\n|switch|p1a: Regieleki|Regieleki|100\/100\n|turn|2\n|\n|t:|1699680339\n|move|p2a: Grimmsnarl|Light Screen|p2a: Grimmsnarl\n|-sidestart|p2: Soniaa134|move: Light Screen\n|move|p1a: Regieleki|Explosion|p2a: Grimmsnarl\n|-damage|p2a: Grimmsnarl|0 fnt\n|faint|p1a: Regieleki\n|faint|p2a: Grimmsnarl\n|\n|upkeep\n|\n|t:|1699680352\n|switch|p1a: Regieleki|Regieleki|100\/100\n|switch|p2a: Rillaboom|Rillaboom, M|100\/100\n|-fieldstart|move: Grassy Terrain|[from] ability: Grassy Surge|[of] p2a: Rillaboom\n|turn|3\n|\n|t:|1699680359\n|move|p2a: Rillaboom|Grassy Glide|p1a: Regieleki\n|-damage|p1a: Regieleki|23\/100\n|move|p1a: Regieleki|Explosion|p2a: Rillaboom\n|-damage|p2a: Rillaboom|54\/100\n|faint|p1a: Regieleki\n|-enditem|p2a: Rillaboom|Eject Button\n|inactive|Soniaa134 has 120 seconds left.\n|\n|t:|1699680376\n|switch|p2a: Drifblim|Drifblim, F|100\/100\n|-enditem|p2a: Drifblim|Grassy Seed\n|-boost|p2a: Drifblim|def|1|[from] item: Grassy Seed\n|\n|upkeep\n|\n|t:|1699680379\n|switch|p1a: Regieleki|Regieleki|100\/100\n|turn|4\n|\n|t:|1699680384\n|move|p2a: Drifblim|Strength Sap|p1a: Regieleki\n|-unboost|p1a: Regieleki|atk|1\n|move|p1a: Regieleki|Explosion|p2a: Drifblim\n|-immune|p2a: Drifblim\n|faint|p1a: Regieleki\n|\n|upkeep\n|\n|t:|1699680387\n|switch|p1a: Regieleki|Regieleki|100\/100\n|turn|5\n|\n|t:|1699680401\n|move|p2a: Drifblim|Calm Mind|p2a: Drifblim\n|-boost|p2a: Drifblim|spa|1\n|-boost|p2a: Drifblim|spd|1\n|move|p1a: Regieleki|Explosion|p2a: Drifblim\n|-immune|p2a: Drifblim\n|faint|p1a: Regieleki\n|\n|upkeep\n|\n|t:|1699680406\n|switch|p1a: Kingambit|Kingambit, F|100\/100\n|-activate|p1a: Kingambit|ability: Supreme Overlord\n|-start|p1a: Kingambit|fallen5|[silent]\n|turn|6\n|\n|t:|1699680413\n|-terastallize|p1a: Kingambit|Dark\n|move|p2a: Drifblim|Strength Sap|p1a: Kingambit\n|-unboost|p1a: Kingambit|atk|1\n|move|p1a: Kingambit|Iron Defense|p1a: Kingambit\n|-boost|p1a: Kingambit|def|2\n|\n|upkeep\n|turn|7\n|\n|t:|1699680423\n|move|p1a: Kingambit|Sucker Punch||[still]\n|-fail|p1a: Kingambit\n|move|p2a: Drifblim|Strength Sap|p1a: Kingambit\n|-unboost|p1a: Kingambit|atk|1\n|\n|-fieldend|move: Grassy Terrain\n|upkeep\n|turn|8\n|\n|t:|1699680443\n|move|p2a: Drifblim|Calm Mind|p2a: Drifblim\n|-boost|p2a: Drifblim|spa|1\n|-boost|p2a: Drifblim|spd|1\n|move|p1a: Kingambit|Iron Head|p2a: Drifblim\n|-damage|p2a: Drifblim|83\/100\n|\n|-sideend|p2: Soniaa134|Reflect\n|upkeep\n|turn|9\n|-message|Ttv_KaisKovjik forfeited.\n|\n|win|Soniaa134\n|raw|Ttv_KaisKovjik's rating: 1082 &rarr; <strong>1058<\/strong><br \/>(-24 for losing)\n|raw|Soniaa134's rating: 1051 &rarr; <strong>1086<\/strong><br \/>(+35 for winning)\n|l|\u2606Ttv_KaisKovjik\n","uploadtime":1699680462,"views":7,"p1id":"ttvkaiskovjik","p2id":"soniaa134","formatid":"gen9anythinggoes","rating":1058,"private":0,"password":""}