{"id":"gen9anythinggoes-1992174865","p1":"Pogchamp179","p2":"HalaMadridSiuuu7","format":"[Gen 9] Anything Goes","log":"|j|\u2606Pogchamp179\n|j|\u2606HalaMadridSiuuu7\n|t:|1700161206\n|gametype|singles\n|player|p1|Pogchamp179|pokekid|\n|player|p2|HalaMadridSiuuu7|giovanni|\n|teamsize|p1|6\n|teamsize|p2|6\n|gen|9\n|tier|[Gen 9] Anything Goes\n|rule|HP Percentage Mod: HP is shown in percentages\n|rule|Endless Battle Clause: Forcing endless battles is banned\n|clearpoke\n|poke|p1|Salazzle, F|\n|poke|p1|Dugtrio-Alola, F|\n|poke|p1|Morpeko, F|\n|poke|p1|Heracross, F|\n|poke|p1|Raichu-Alola, F|\n|poke|p1|Bruxish, M|\n|poke|p2|Maushold-Four|\n|poke|p2|Maushold-Four|\n|poke|p2|Maushold-Four|\n|poke|p2|Maushold-Four|\n|poke|p2|Maushold-Four|\n|poke|p2|Maushold-Four|\n|teampreview\n|c|\u2606HalaMadridSiuuu7|New team\n|c|\u2606HalaMadridSiuuu7|Mostly alohan pok\u00e9mon\n|\n|t:|1700161241\n|start\n|switch|p1a: Bruxish|Bruxish, M|100\/100\n|switch|p2a: Maushold|Maushold-Four|100\/100\n|turn|1\n|c|\u2606Pogchamp179|Yeah\n|c|\u2606Pogchamp179|Lets see if i can do this now\n|\n|t:|1700161256\n|move|p2a: Maushold|Tidy Up|p2a: Maushold\n|-boost|p2a: Maushold|atk|1\n|-boost|p2a: Maushold|spe|1\n|move|p1a: Bruxish|Bulk Up|p1a: Bruxish\n|-boost|p1a: Bruxish|atk|1\n|-boost|p1a: Bruxish|def|1\n|\n|upkeep\n|turn|2\n|c|\u2606HalaMadridSiuuu7|Ok\n|c|\u2606Pogchamp179|Ugly fish for the win\n|\n|t:|1700161271\n|move|p1a: Bruxish|Aqua Jet|p2a: Maushold\n|-damage|p2a: Maushold|44\/100\n|move|p2a: Maushold|Bite|p1a: Bruxish\n|-supereffective|p1a: Bruxish\n|-damage|p1a: Bruxish|28\/100\n|\n|upkeep\n|turn|3\n|\n|t:|1700161279\n|move|p2a: Maushold|Bite|p1a: Bruxish\n|-supereffective|p1a: Bruxish\n|-damage|p1a: Bruxish|0 fnt\n|faint|p1a: Bruxish\n|\n|upkeep\n|c|\u2606HalaMadridSiuuu7|Yes\n|\n|t:|1700161290\n|switch|p1a: Raichu|Raichu-Alola, F|100\/100\n|turn|4\n|\n|t:|1700161302\n|move|p2a: Maushold|Bite|p1a: Raichu\n|-supereffective|p1a: Raichu\n|-enditem|p1a: Raichu|Focus Sash\n|-damage|p1a: Raichu|1\/100\n|move|p1a: Raichu|Nasty Plot|p1a: Raichu\n|-boost|p1a: Raichu|spa|2\n|\n|upkeep\n|turn|5\n|c|\u2606HalaMadridSiuuu7|Sash raichu\n|\n|t:|1700161319\n|move|p2a: Maushold|Population Bomb|p1a: Raichu\n|-damage|p1a: Raichu|0 fnt\n|faint|p1a: Raichu\n|-hitcount|p1: Raichu|1\n|\n|upkeep\n|c|\u2606Pogchamp179|Oof\n|\n|t:|1700161333\n|switch|p1a: Heracross|Heracross, F|100\/100\n|turn|6\n|\n|t:|1700161340\n|move|p2a: Maushold|Population Bomb|p1a: Heracross\n|-damage|p1a: Heracross|76\/100\n|-damage|p1a: Heracross|52\/100\n|-damage|p1a: Heracross|26\/100\n|-damage|p1a: Heracross|3\/100\n|-damage|p1a: Heracross|0 fnt\n|faint|p1a: Heracross\n|-hitcount|p1: Heracross|5\n|\n|upkeep\n|\n|t:|1700161345\n|switch|p1a: Salazzle|Salazzle, F|100\/100\n|turn|7\n|\n|t:|1700161351\n|move|p2a: Maushold|Population Bomb|p1a: Salazzle\n|-damage|p1a: Salazzle|68\/100\n|-damage|p1a: Salazzle|34\/100\n|-damage|p1a: Salazzle|3\/100\n|-damage|p1a: Salazzle|0 fnt\n|faint|p1a: Salazzle\n|-hitcount|p1: Salazzle|4\n|\n|upkeep\n|\n|t:|1700161366\n|switch|p1a: Morpeko|Morpeko, F|100\/100\n|turn|8\n|\n|t:|1700161379\n|move|p1a: Morpeko|Protect|p1a: Morpeko\n|-singleturn|p1a: Morpeko|Protect\n|move|p2a: Maushold|Low Kick|p1a: Morpeko\n|-activate|p1a: Morpeko|move: Protect\n|\n|-formechange|p1a: Morpeko|Morpeko-Hangry||[from] ability: Hunger Switch\n|upkeep\n|turn|9\n|c|\u2606Pogchamp179|No.\n|c|\u2606HalaMadridSiuuu7|Intresting\n|\n|t:|1700161387\n|move|p2a: Maushold|Low Kick|p1a: Morpeko\n|-supereffective|p1a: Morpeko\n|-damage|p1a: Morpeko|52\/100\n|move|p1a: Morpeko|Aura Wheel|p2a: Maushold\n|-damage|p2a: Maushold|0 fnt\n|-boost|p1a: Morpeko|spe|1\n|faint|p2a: Maushold\n|\n|-formechange|p1a: Morpeko|Morpeko||[from] ability: Hunger Switch\n|upkeep\n|\n|t:|1700161397\n|switch|p2a: Maushold|Maushold-Four|100\/100\n|turn|10\n|c|\u2606Pogchamp179|Let the brick breaks begin\n|\n|t:|1700161414\n|move|p1a: Morpeko|Brick Break|p2a: Maushold\n|-supereffective|p2a: Maushold\n|-damage|p2a: Maushold|38\/100\n|move|p2a: Maushold|Population Bomb|p1a: Morpeko\n|-damage|p1a: Morpeko|29\/100\n|-damage|p1a: Morpeko|6\/100\n|-damage|p1a: Morpeko|0 fnt\n|faint|p1a: Morpeko\n|-hitcount|p1: Morpeko|3\n|\n|upkeep\n|\n|t:|1700161419\n|switch|p1a: Hello hi Bye|Dugtrio-Alola, F|100\/100\n|turn|11\n|c|\u2606Pogchamp179|Oof\n|\n|t:|1700161429\n|move|p2a: Maushold|Low Kick|p1a: Hello hi Bye\n|-supereffective|p1a: Hello hi Bye\n|-damage|p1a: Hello hi Bye|3\/100\n|-ability|p1a: Hello hi Bye|Tangling Hair\n|-unboost|p2a: Maushold|spe|1\n|move|p1a: Hello hi Bye|Hone Claws|p1a: Hello hi Bye\n|-boost|p1a: Hello hi Bye|atk|1\n|-boost|p1a: Hello hi Bye|accuracy|1\n|\n|upkeep\n|turn|12\n|\n|t:|1700161438\n|move|p1a: Hello hi Bye|Sucker Punch|p2a: Maushold\n|-damage|p2a: Maushold|0 fnt\n|faint|p2a: Maushold\n|\n|upkeep\n|c|\u2606HalaMadridSiuuu7|You did well\n|\n|t:|1700161447\n|switch|p2a: Maushold|Maushold-Four|100\/100\n|turn|13\n|\n|t:|1700161453\n|move|p1a: Hello hi Bye|Sucker Punch|p2a: Maushold\n|-damage|p2a: Maushold|52\/100\n|move|p2a: Maushold|Low Kick|p1a: Hello hi Bye\n|-supereffective|p1a: Hello hi Bye\n|-damage|p1a: Hello hi Bye|0 fnt\n|-ability|p1a: Hello hi Bye|Tangling Hair\n|-unboost|p2a: Maushold|spe|1\n|faint|p1a: Hello hi Bye\n|\n|win|HalaMadridSiuuu7\n|c|\u2606Pogchamp179|Gg\n|c|\u2606Pogchamp179|AGAIN\n|c|\u2606HalaMadridSiuuu7|Gg\n|c|\u2606Pogchamp179|I WILL PREVAIL\n|l|\u2606Pogchamp179\n","uploadtime":1700161494,"views":14,"p1id":"pogchamp179","p2id":"halamadridsiuuu7","formatid":"gen9anythinggoes","rating":0,"private":0,"password":""}