{"id":"gen9anythinggoes-1998291862","p1":"Vileplume420","p2":"GildedSapphire","format":"[Gen 9] Anything Goes","log":"|j|\u2606Vileplume420\n|j|\u2606GildedSapphire\n|t:|1700925553\n|gametype|singles\n|player|p1|Vileplume420|koga|1256\n|player|p2|GildedSapphire|wallace|1244\n|teamsize|p1|6\n|teamsize|p2|6\n|gen|9\n|tier|[Gen 9] Anything Goes\n|rated|\n|rule|HP Percentage Mod: HP is shown in percentages\n|rule|Endless Battle Clause: Forcing endless battles is banned\n|clearpoke\n|poke|p1|Miraidon|\n|poke|p1|Calyrex-Shadow|\n|poke|p1|Zacian-*|\n|poke|p1|Iron Bundle|\n|poke|p1|Ursaluna-Bloodmoon, M|\n|poke|p1|Chien-Pao|\n|poke|p2|Meowscarada, M|\n|poke|p2|Drifblim, F|\n|poke|p2|Clodsire, F|\n|poke|p2|Gholdengo|\n|poke|p2|Espathra, F|\n|poke|p2|Calyrex-Shadow|\n|teampreview\n|inactive|Battle timer is ON: inactive players will automatically lose when time's up. (requested by GildedSapphire)\n|\n|t:|1700925561\n|start\n|switch|p1a: Chien-Pao|Chien-Pao|100\/100\n|switch|p2a: Clodsire|Clodsire, F|100\/100\n|-ability|p1a: Chien-Pao|Sword of Ruin\n|turn|1\n|\n|t:|1700925572\n|move|p1a: Chien-Pao|Icicle Crash|p2a: Clodsire\n|-supereffective|p2a: Clodsire\n|-damage|p2a: Clodsire|0 fnt\n|faint|p2a: Clodsire\n|\n|upkeep\n|\n|t:|1700925579\n|switch|p2a: Drifblim|Drifblim, F|100\/100\n|turn|2\n|\n|t:|1700925583\n|move|p1a: Chien-Pao|Icicle Crash|p2a: Drifblim\n|-supereffective|p2a: Drifblim\n|-damage|p2a: Drifblim|0 fnt\n|faint|p2a: Drifblim\n|\n|upkeep\n|\n|t:|1700925591\n|switch|p2a: Gholdengo|Gholdengo|100\/100\n|-item|p2a: Gholdengo|Air Balloon\n|turn|3\n|\n|t:|1700925599\n|switch|p1a: Miraidon|Miraidon|100\/100\n|-fieldstart|move: Electric Terrain|[from] ability: Hadron Engine|[of] p1a: Miraidon\n|move|p2a: Gholdengo|Shadow Ball|p1a: Miraidon\n|-damage|p1a: Miraidon|64\/100\n|\n|upkeep\n|turn|4\n|\n|t:|1700925608\n|move|p1a: Miraidon|Volt Switch|p2a: Gholdengo\n|-damage|p2a: Gholdengo|0 fnt\n|-enditem|p2a: Gholdengo|Air Balloon\n|faint|p2a: Gholdengo\n|\n|t:|1700925614\n|switch|p1a: Iron Bundle|Iron Bundle|100\/100|[from] Volt Switch\n|-activate|p1a: Iron Bundle|ability: Quark Drive\n|-start|p1a: Iron Bundle|quarkdrivespe\n|-enditem|p1a: Iron Bundle|Electric Seed\n|-boost|p1a: Iron Bundle|def|1|[from] item: Electric Seed\n|\n|upkeep\n|\n|t:|1700925622\n|switch|p2a: Calyrex|Calyrex-Shadow|100\/100\n|-ability|p2a: Calyrex|As One\n|-ability|p2a: Calyrex|Unnerve\n|turn|5\n|\n|t:|1700925630\n|move|p2a: Calyrex|Astral Barrage|p1a: Iron Bundle\n|-damage|p1a: Iron Bundle|0 fnt\n|faint|p1a: Iron Bundle\n|-end|p1a: Iron Bundle|Quark Drive|[silent]\n|-ability|p2a: Calyrex|Grim Neigh|boost\n|-boost|p2a: Calyrex|spa|1\n|\n|upkeep\n|\n|t:|1700925638\n|switch|p1a: Ursaluna|Ursaluna-Bloodmoon, M|100\/100\n|turn|6\n|\n|t:|1700925645\n|switch|p2a: Meowscarada|Meowscarada, M|100\/100\n|move|p1a: Ursaluna|Calm Mind|p1a: Ursaluna\n|-boost|p1a: Ursaluna|spa|1\n|-boost|p1a: Ursaluna|spd|1\n|\n|upkeep\n|turn|7\n|\n|t:|1700925653\n|switch|p1a: Zacian|Zacian-Crowned|100\/100\n|-ability|p1a: Zacian|Intrepid Sword|boost\n|-boost|p1a: Zacian|atk|1\n|move|p2a: Meowscarada|Sucker Punch||[still]\n|-fail|p2a: Meowscarada\n|\n|-fieldend|move: Electric Terrain\n|upkeep\n|turn|8\n|\n|t:|1700925662\n|move|p1a: Zacian|Trailblaze|p2a: Meowscarada\n|-resisted|p2a: Meowscarada\n|-damage|p2a: Meowscarada|79\/100\n|-boost|p1a: Zacian|spe|1\n|move|p2a: Meowscarada|Flower Trick|p1a: Zacian\n|-start|p2a: Meowscarada|typechange|Grass|[from] ability: Protean\n|-resisted|p1a: Zacian\n|-crit|p1a: Zacian\n|-damage|p1a: Zacian|76\/100\n|\n|upkeep\n|turn|9\n|\n|t:|1700925675\n|move|p1a: Zacian|Swords Dance|p1a: Zacian\n|-boost|p1a: Zacian|atk|2\n|move|p2a: Meowscarada|Knock Off|p1a: Zacian\n|-resisted|p1a: Zacian\n|-damage|p1a: Zacian|66\/100\n|\n|upkeep\n|turn|10\n|\n|t:|1700925683\n|switch|p2a: Espathra|Espathra, F|100\/100\n|move|p1a: Zacian|Behemoth Blade|p2a: Espathra\n|-damage|p2a: Espathra|0 fnt\n|faint|p2a: Espathra\n|\n|upkeep\n|\n|t:|1700925690\n|switch|p2a: Calyrex|Calyrex-Shadow|100\/100\n|-ability|p2a: Calyrex|As One\n|-ability|p2a: Calyrex|Unnerve\n|turn|11\n|\n|t:|1700925699\n|move|p2a: Calyrex|Astral Barrage|p1a: Zacian\n|-damage|p1a: Zacian|0 fnt\n|faint|p1a: Zacian\n|-ability|p2a: Calyrex|Grim Neigh|boost\n|-boost|p2a: Calyrex|spa|1\n|\n|upkeep\n|\n|t:|1700925707\n|switch|p1a: Ursaluna|Ursaluna-Bloodmoon, M|100\/100\n|turn|12\n|\n|t:|1700925710\n|switch|p2a: Meowscarada|Meowscarada, M|79\/100\n|move|p1a: Ursaluna|Yawn|p2a: Meowscarada\n|-start|p2a: Meowscarada|move: Yawn|[of] p1a: Ursaluna\n|\n|upkeep\n|turn|13\n|\n|t:|1700925718\n|switch|p1a: Miraidon|Miraidon|64\/100\n|-fieldstart|move: Electric Terrain|[from] ability: Hadron Engine|[of] p1a: Miraidon\n|move|p2a: Meowscarada|Knock Off|p1a: Miraidon\n|-start|p2a: Meowscarada|typechange|Dark|[from] ability: Protean\n|-damage|p1a: Miraidon|20\/100\n|-enditem|p1a: Miraidon|Choice Specs|[from] move: Knock Off|[of] p2a: Meowscarada\n|\n|-end|p2a: Meowscarada|move: Yawn|[silent]\n|-activate|p2a: Meowscarada|move: Electric Terrain\n|upkeep\n|turn|14\n|\n|t:|1700925731\n|move|p1a: Miraidon|Draco Meteor|p2a: Meowscarada\n|-damage|p2a: Meowscarada|0 fnt\n|-unboost|p1a: Miraidon|spa|2\n|faint|p2a: Meowscarada\n|\n|upkeep\n|\n|t:|1700925737\n|switch|p2a: Calyrex|Calyrex-Shadow|100\/100\n|-ability|p2a: Calyrex|As One\n|-ability|p2a: Calyrex|Unnerve\n|turn|15\n|\n|t:|1700925742\n|move|p2a: Calyrex|Astral Barrage|p1a: Miraidon\n|-damage|p1a: Miraidon|0 fnt\n|faint|p1a: Miraidon\n|-ability|p2a: Calyrex|Grim Neigh|boost\n|-boost|p2a: Calyrex|spa|1\n|\n|upkeep\n|\n|t:|1700925750\n|switch|p1a: Ursaluna|Ursaluna-Bloodmoon, M|100\/100\n|turn|16\n|\n|t:|1700925755\n|-terastallize|p2a: Calyrex|Grass\n|move|p2a: Calyrex|Astral Barrage|p1a: Ursaluna\n|-immune|p1a: Ursaluna\n|move|p1a: Ursaluna|Blood Moon|p2a: Calyrex\n|-crit|p2a: Calyrex\n|-damage|p2a: Calyrex|0 fnt\n|faint|p2a: Calyrex\n|-damage|p1a: Ursaluna|90\/100|[from] item: Life Orb\n|\n|win|Vileplume420\n|raw|Vileplume420's rating: 1256 &rarr; <strong>1280<\/strong><br \/>(+24 for winning)\n|raw|GildedSapphire's rating: 1244 &rarr; <strong>1220<\/strong><br \/>(-24 for losing)\n|c|\u2606GildedSapphire|freakin' legend spammers\n|c|\u2606Vileplume420|Gg\n|c|\u2606GildedSapphire|no gg\n|l|\u2606GildedSapphire\n","uploadtime":1700925784,"views":0,"p1id":"vileplume420","p2id":"gildedsapphire","formatid":"gen9anythinggoes","rating":1220,"private":0,"password":""}