{"id":"gen9anythinggoes-1982573993","p1":"Harvey.444","p2":"KamenNama","format":"[Gen 9] Anything Goes","log":"|j|\u2606Harvey.444\n|j|\u2606KamenNama\n|t:|1699026701\n|gametype|singles\n|player|p1|Harvey.444|266|1178\n|player|p2|KamenNama|guzma|1248\n|teamsize|p1|6\n|teamsize|p2|6\n|gen|9\n|tier|[Gen 9] Anything Goes\n|rated|\n|rule|HP Percentage Mod: HP is shown in percentages\n|rule|Endless Battle Clause: Forcing endless battles is banned\n|clearpoke\n|poke|p1|Zacian-*|\n|poke|p1|Gliscor, M|\n|poke|p1|Ogerpon-Cornerstone, F|\n|poke|p1|Garchomp, M|\n|poke|p1|Arcanine, M|\n|poke|p1|Empoleon, M|\n|poke|p2|Ninetales, M|\n|poke|p2|Flutter Mane|\n|poke|p2|Great Tusk|\n|poke|p2|Walking Wake|\n|poke|p2|Roaring Moon|\n|poke|p2|Koraidon|\n|teampreview\n|inactive|Battle timer is ON: inactive players will automatically lose when time's up. (requested by KamenNama)\n|\n|t:|1699026705\n|start\n|switch|p1a: Zacian|Zacian-Crowned, shiny|100\/100\n|switch|p2a: novem caudae|Ninetales, M|100\/100\n|-ability|p1a: Zacian|Intrepid Sword|boost\n|-boost|p1a: Zacian|atk|1\n|-weather|SunnyDay|[from] ability: Drought|[of] p2a: novem caudae\n|turn|1\n|\n|t:|1699026715\n|switch|p1a: Empoleon|Empoleon, M, shiny|100\/100\n|move|p2a: novem caudae|Will-O-Wisp|p1a: Empoleon\n|-status|p1a: Empoleon|brn\n|\n|-weather|SunnyDay|[upkeep]\n|-damage|p1a: Empoleon|94\/100 brn|[from] brn\n|upkeep\n|turn|2\n|\n|t:|1699026725\n|switch|p2a: ambula aqua|Walking Wake|100\/100\n|-activate|p2a: ambula aqua|ability: Protosynthesis\n|-start|p2a: ambula aqua|protosynthesisspa\n|move|p1a: Empoleon|Liquidation|p2a: ambula aqua\n|-resisted|p2a: ambula aqua\n|-damage|p2a: ambula aqua|99\/100\n|\n|-weather|SunnyDay|[upkeep]\n|-damage|p1a: Empoleon|88\/100 brn|[from] brn\n|upkeep\n|turn|3\n|\n|t:|1699026741\n|switch|p1a: Garchomp|Garchomp, M, shiny|100\/100\n|move|p2a: ambula aqua|Flamethrower|p1a: Garchomp\n|-resisted|p1a: Garchomp\n|-damage|p1a: Garchomp|41\/100\n|-status|p1a: Garchomp|brn\n|\n|-weather|SunnyDay|[upkeep]\n|-heal|p1a: Garchomp|48\/100 brn|[from] item: Leftovers\n|-damage|p1a: Garchomp|41\/100 brn|[from] brn\n|upkeep\n|turn|4\n|\n|t:|1699026751\n|move|p1a: Garchomp|Outrage|p2a: ambula aqua\n|-supereffective|p2a: ambula aqua\n|-damage|p2a: ambula aqua|29\/100\n|move|p2a: ambula aqua|Flamethrower|p1a: Garchomp\n|-resisted|p1a: Garchomp\n|-damage|p1a: Garchomp|0 fnt\n|faint|p1a: Garchomp\n|\n|-weather|SunnyDay|[upkeep]\n|upkeep\n|\n|t:|1699026760\n|switch|p1a: Zacian|Zacian-Crowned, shiny|100\/100\n|turn|5\n|\n|t:|1699026762\n|move|p1a: Zacian|Moonblast|p2a: ambula aqua\n|-supereffective|p2a: ambula aqua\n|-damage|p2a: ambula aqua|0 fnt\n|faint|p2a: ambula aqua\n|-end|p2a: ambula aqua|Protosynthesis|[silent]\n|\n|-weather|SunnyDay|[upkeep]\n|upkeep\n|\n|t:|1699026766\n|switch|p2a: novem caudae|Ninetales, M|100\/100\n|turn|6\n|\n|t:|1699026772\n|switch|p1a: Empoleon|Empoleon, M, shiny|88\/100 brn\n|move|p2a: novem caudae|Will-O-Wisp|p1a: Empoleon\n|-fail|p1a: Empoleon|brn\n|\n|-weather|SunnyDay|[upkeep]\n|-damage|p1a: Empoleon|82\/100 brn|[from] brn\n|upkeep\n|turn|7\n|\n|t:|1699026780\n|switch|p2a: rugiens luna|Roaring Moon|100\/100\n|-activate|p2a: rugiens luna|ability: Protosynthesis\n|-start|p2a: rugiens luna|protosynthesisatk\n|move|p1a: Empoleon|Liquidation|p2a: rugiens luna\n|-resisted|p2a: rugiens luna\n|-damage|p2a: rugiens luna|97\/100\n|\n|-weather|SunnyDay|[upkeep]\n|-damage|p1a: Empoleon|76\/100 brn|[from] brn\n|upkeep\n|turn|8\n|\n|t:|1699026793\n|switch|p1a: Ogerpon|Ogerpon-Cornerstone, F|100\/100\n|move|p2a: rugiens luna|Crunch|p1a: Ogerpon\n|-damage|p1a: Ogerpon|12\/100\n|\n|-weather|none\n|-end|p2a: rugiens luna|Protosynthesis\n|upkeep\n|-enditem|p2a: rugiens luna|Booster Energy\n|-activate|p2a: rugiens luna|ability: Protosynthesis|[fromitem]\n|-start|p2a: rugiens luna|protosynthesisatk\n|turn|9\n|\n|t:|1699026804\n|move|p1a: Ogerpon|Superpower|p2a: rugiens luna\n|-supereffective|p2a: rugiens luna\n|-damage|p2a: rugiens luna|0 fnt\n|-unboost|p1a: Ogerpon|atk|1\n|-unboost|p1a: Ogerpon|def|1\n|faint|p2a: rugiens luna\n|-end|p2a: rugiens luna|Protosynthesis|[silent]\n|\n|upkeep\n|\n|t:|1699026807\n|switch|p2a: novem caudae|Ninetales, M|100\/100\n|-weather|SunnyDay|[from] ability: Drought|[of] p2a: novem caudae\n|turn|10\n|\n|t:|1699026815\n|switch|p2a: pallium alatum|Flutter Mane|100\/100\n|-activate|p2a: pallium alatum|ability: Protosynthesis\n|-start|p2a: pallium alatum|protosynthesisspe\n|move|p1a: Ogerpon|Ivy Cudgel|p2a: pallium alatum\n|-damage|p2a: pallium alatum|19\/100\n|\n|-weather|SunnyDay|[upkeep]\n|upkeep\n|turn|11\n|\n|t:|1699026823\n|move|p2a: pallium alatum|Shadow Ball|p1a: Ogerpon\n|-damage|p1a: Ogerpon|0 fnt\n|faint|p1a: Ogerpon\n|\n|-weather|SunnyDay|[upkeep]\n|upkeep\n|\n|t:|1699026828\n|switch|p1a: Zacian|Zacian-Crowned, shiny|100\/100\n|turn|12\n|\n|t:|1699026831\n|move|p2a: pallium alatum|Mystical Fire|p1a: Zacian\n|-supereffective|p1a: Zacian\n|-damage|p1a: Zacian|19\/100\n|-unboost|p1a: Zacian|spa|1\n|move|p1a: Zacian|Crunch|p2a: pallium alatum\n|-damage|p2a: pallium alatum|0 fnt\n|faint|p2a: pallium alatum\n|-end|p2a: pallium alatum|Protosynthesis|[silent]\n|\n|-weather|SunnyDay|[upkeep]\n|upkeep\n|\n|t:|1699026835\n|switch|p2a: novem caudae|Ninetales, M|100\/100\n|turn|13\n|\n|t:|1699026843\n|switch|p1a: Empoleon|Empoleon, M, shiny|76\/100 brn\n|move|p2a: novem caudae|Solar Beam||[still]\n|-prepare|p2a: novem caudae|Solar Beam\n|-anim|p2a: novem caudae|Solar Beam|p1a: Empoleon\n|-damage|p1a: Empoleon|55\/100 brn\n|\n|-weather|SunnyDay|[upkeep]\n|-damage|p1a: Empoleon|48\/100 brn|[from] brn\n|upkeep\n|turn|14\n|\n|t:|1699026852\n|move|p2a: novem caudae|Flamethrower|p1a: Empoleon\n|-damage|p1a: Empoleon|13\/100 brn\n|move|p1a: Empoleon|Liquidation|p2a: novem caudae\n|-supereffective|p2a: novem caudae\n|-damage|p2a: novem caudae|84\/100\n|\n|-weather|SunnyDay|[upkeep]\n|-damage|p1a: Empoleon|6\/100 brn|[from] brn\n|upkeep\n|turn|15\n|\n|t:|1699026861\n|move|p2a: novem caudae|Protect|p2a: novem caudae\n|-singleturn|p2a: novem caudae|Protect\n|move|p1a: Empoleon|Chilling Water|p2a: novem caudae\n|-activate|p2a: novem caudae|move: Protect\n|\n|-weather|SunnyDay|[upkeep]\n|-damage|p1a: Empoleon|0 fnt|[from] brn\n|faint|p1a: Empoleon\n|upkeep\n|\n|t:|1699026869\n|switch|p1a: Arcanine|Arcanine, M, shiny|100\/100\n|-item|p1a: Arcanine|Air Balloon\n|turn|16\n|\n|t:|1699026875\n|move|p1a: Arcanine|Extreme Speed|p2a: novem caudae\n|-damage|p2a: novem caudae|51\/100\n|move|p2a: novem caudae|Solar Beam||[still]\n|-prepare|p2a: novem caudae|Solar Beam\n|-anim|p2a: novem caudae|Solar Beam|p1a: Arcanine\n|-resisted|p1a: Arcanine\n|-damage|p1a: Arcanine|85\/100\n|-enditem|p1a: Arcanine|Air Balloon\n|\n|-weather|SunnyDay|[upkeep]\n|upkeep\n|turn|17\n|\n|t:|1699026884\n|switch|p2a: magnus cornius|Great Tusk|100\/100\n|-activate|p2a: magnus cornius|ability: Protosynthesis\n|-start|p2a: magnus cornius|protosynthesisatk\n|move|p1a: Arcanine|Extreme Speed|p2a: magnus cornius\n|-damage|p2a: magnus cornius|81\/100\n|\n|-weather|none\n|-end|p2a: magnus cornius|Protosynthesis\n|upkeep\n|-enditem|p2a: magnus cornius|Booster Energy\n|-activate|p2a: magnus cornius|ability: Protosynthesis|[fromitem]\n|-start|p2a: magnus cornius|protosynthesisatk\n|turn|18\n|\n|t:|1699026895\n|switch|p1a: Gliscor|Gliscor, M, shiny|100\/100\n|move|p2a: magnus cornius|Earthquake|p1a: Gliscor\n|-immune|p1a: Gliscor\n|\n|upkeep\n|turn|19\n|\n|t:|1699026903\n|move|p1a: Gliscor|Crabhammer|p2a: magnus cornius\n|-supereffective|p2a: magnus cornius\n|-damage|p2a: magnus cornius|43\/100\n|move|p2a: magnus cornius|Rapid Spin|p1a: Gliscor\n|-crit|p1a: Gliscor\n|-damage|p1a: Gliscor|64\/100\n|-boost|p2a: magnus cornius|spe|1\n|\n|upkeep\n|turn|20\n|\n|t:|1699026922\n|move|p2a: magnus cornius|Rapid Spin|p1a: Gliscor\n|-damage|p1a: Gliscor|41\/100\n|-boost|p2a: magnus cornius|spe|1\n|move|p1a: Gliscor|Crabhammer|p2a: magnus cornius\n|-supereffective|p2a: magnus cornius\n|-damage|p2a: magnus cornius|5\/100\n|\n|upkeep\n|turn|21\n|\n|t:|1699026929\n|move|p2a: magnus cornius|Rapid Spin|p1a: Gliscor\n|-damage|p1a: Gliscor|20\/100\n|-boost|p2a: magnus cornius|spe|1\n|move|p1a: Gliscor|Crabhammer|p2a: magnus cornius\n|-supereffective|p2a: magnus cornius\n|-damage|p2a: magnus cornius|0 fnt\n|faint|p2a: magnus cornius\n|-end|p2a: magnus cornius|Protosynthesis|[silent]\n|\n|upkeep\n|\n|t:|1699026937\n|switch|p2a: novem caudae|Ninetales, M|51\/100\n|-weather|SunnyDay|[from] ability: Drought|[of] p2a: novem caudae\n|turn|22\n|\n|t:|1699026943\n|move|p1a: Gliscor|Crabhammer|p2a: novem caudae\n|-supereffective|p2a: novem caudae\n|-crit|p2a: novem caudae\n|-damage|p2a: novem caudae|2\/100\n|move|p2a: novem caudae|Solar Beam||[still]\n|-prepare|p2a: novem caudae|Solar Beam\n|-anim|p2a: novem caudae|Solar Beam|p1a: Gliscor\n|-damage|p1a: Gliscor|0 fnt\n|faint|p1a: Gliscor\n|\n|-weather|SunnyDay|[upkeep]\n|upkeep\n|\n|t:|1699026952\n|switch|p1a: Arcanine|Arcanine, M, shiny|85\/100\n|turn|23\n|\n|t:|1699026956\n|move|p1a: Arcanine|Extreme Speed|p2a: novem caudae\n|-damage|p2a: novem caudae|0 fnt\n|faint|p2a: novem caudae\n|\n|-weather|SunnyDay|[upkeep]\n|upkeep\n|\n|t:|1699026958\n|switch|p2a: Koraidon|Koraidon|100\/100\n|-activate|p2a: Koraidon|ability: Orichalcum Pulse\n|turn|24\n|\n|t:|1699026969\n|move|p1a: Arcanine|Extreme Speed|p2a: Koraidon\n|-damage|p2a: Koraidon|77\/100\n|move|p2a: Koraidon|Close Combat|p1a: Arcanine\n|-damage|p1a: Arcanine|0 fnt\n|-unboost|p2a: Koraidon|def|1\n|-unboost|p2a: Koraidon|spd|1\n|faint|p1a: Arcanine\n|\n|-weather|SunnyDay|[upkeep]\n|upkeep\n|\n|t:|1699026977\n|switch|p1a: Zacian|Zacian-Crowned, shiny|19\/100\n|turn|25\n|\n|t:|1699026982\n|-terastallize|p2a: Koraidon|Fire\n|move|p1a: Zacian|Moonblast|p2a: Koraidon\n|-resisted|p2a: Koraidon\n|-damage|p2a: Koraidon|65\/100\n|move|p2a: Koraidon|Flare Blitz|p1a: Zacian\n|-supereffective|p1a: Zacian\n|-damage|p1a: Zacian|0 fnt\n|faint|p1a: Zacian\n|-damage|p2a: Koraidon|59\/100|[from] Recoil\n|\n|win|KamenNama\n|raw|Harvey.444's rating: 1178 &rarr; <strong>1158<\/strong><br \/>(-20 for losing)\n|raw|KamenNama's rating: 1248 &rarr; <strong>1268<\/strong><br \/>(+20 for winning)\n|c|\u2606KamenNama|ggwp\n|c|\u2606Harvey.444|gg\n|l|\u2606Harvey.444\n|l|\u2606KamenNama\n|j|\u2606KamenNama\n|player|p2|KamenNama|guzma\n|l|\u2606KamenNama\n|player|p2|\n|j|\u2606KamenNama\n|player|p2|KamenNama|guzma\n","uploadtime":1699027575,"views":7,"p1id":"harvey444","p2id":"kamennama","formatid":"gen9anythinggoes","rating":1158,"private":0,"password":""}