{"id":"gen9anythinggoes-1981747626","p1":"Fungalingus","p2":"SaikouDonut","format":"[Gen 9] Anything Goes","log":"|j|\u2606Fungalingus\n|j|\u2606SaikouDonut\n|t:|1698938590\n|gametype|singles\n|player|p1|Fungalingus|guitarist-gen4|1172\n|player|p2|SaikouDonut|giovanni|1156\n|teamsize|p1|6\n|teamsize|p2|6\n|gen|9\n|tier|[Gen 9] Anything Goes\n|rated|\n|rule|HP Percentage Mod: HP is shown in percentages\n|rule|Endless Battle Clause: Forcing endless battles is banned\n|clearpoke\n|poke|p1|Maushold|\n|poke|p1|Cinderace, M|\n|poke|p1|Corviknight, F|\n|poke|p1|Garganacl, F|\n|poke|p1|Kingambit, F|\n|poke|p1|Cetitan, F|\n|poke|p2|Gengar, F|\n|poke|p2|Kommo-o, M|\n|poke|p2|Mewtwo|\n|poke|p2|Arceus|\n|poke|p2|Zacian-*|\n|poke|p2|Iron Treads|\n|teampreview\n|inactive|Battle timer is ON: inactive players will automatically lose when time's up. (requested by Fungalingus)\n|\n|t:|1698938596\n|start\n|switch|p1a: Cetitan|Cetitan, F|100\/100\n|switch|p2a: Iron Treads|Iron Treads|100\/100\n|turn|1\n|\n|t:|1698938609\n|move|p2a: Iron Treads|Stealth Rock|p1a: Cetitan\n|-sidestart|p1: Fungalingus|move: Stealth Rock\n|move|p1a: Cetitan|Avalanche|p2a: Iron Treads\n|-damage|p2a: Iron Treads|81\/100\n|\n|upkeep\n|turn|2\n|\n|t:|1698938617\n|-end|p2a: Iron Treads|Quark Drive|[silent]\n|switch|p2a: Gengar|Gengar, F|100\/100\n|move|p1a: Cetitan|Body Press|p2a: Gengar\n|-immune|p2a: Gengar\n|\n|upkeep\n|turn|3\n|\n|t:|1698938625\n|move|p2a: Gengar|Toxic Spikes|p1a: Cetitan\n|-sidestart|p1: Fungalingus|move: Toxic Spikes\n|move|p1a: Cetitan|High Horsepower|p2a: Gengar|[miss]\n|-miss|p1a: Cetitan|p2a: Gengar\n|\n|upkeep\n|turn|4\n|\n|t:|1698938632\n|move|p2a: Gengar|Gunk Shot|p1a: Cetitan\n|-damage|p1a: Cetitan|76\/100\n|move|p1a: Cetitan|High Horsepower|p2a: Gengar\n|-supereffective|p2a: Gengar\n|-damage|p2a: Gengar|12\/100\n|-start|p1a: Cetitan|Disable|High Horsepower|[from] ability: Cursed Body|[of] p2a: Gengar\n|\n|-heal|p2a: Gengar|18\/100|[from] item: Leftovers\n|upkeep\n|turn|5\n|\n|t:|1698938642\n|switch|p2a: Mewtwo|Mewtwo|100\/100\n|-ability|p2a: Mewtwo|Pressure\n|move|p1a: Cetitan|Avalanche|p2a: Mewtwo\n|-damage|p2a: Mewtwo|76\/100\n|\n|upkeep\n|turn|6\n|\n|t:|1698938651\n|switch|p1a: Corviknight|Corviknight, F|100\/100\n|-damage|p1a: Corviknight|88\/100|[from] Stealth Rock\n|move|p2a: Mewtwo|Psychic|p1a: Corviknight\n|-resisted|p1a: Corviknight\n|-damage|p1a: Corviknight|57\/100\n|-damage|p2a: Mewtwo|66\/100|[from] item: Life Orb\n|\n|upkeep\n|turn|7\n|\n|t:|1698938668\n|move|p2a: Mewtwo|Psychic|p1a: Corviknight\n|-resisted|p1a: Corviknight\n|-damage|p1a: Corviknight|28\/100\n|-ability|p1a: Corviknight|Mirror Armor\n|-unboost|p2a: Mewtwo|spd|1\n|-damage|p2a: Mewtwo|56\/100|[from] item: Life Orb\n|move|p1a: Corviknight|Defog|p2a: Mewtwo\n|-unboost|p2a: Mewtwo|evasion|1\n|-sideend|p1: Fungalingus|Toxic Spikes|[from] move: Defog|[of] p1a: Corviknight\n|-sideend|p1: Fungalingus|Stealth Rock|[from] move: Defog|[of] p1a: Corviknight\n|\n|upkeep\n|turn|8\n|\n|t:|1698938681\n|move|p2a: Mewtwo|Psychic|p1a: Corviknight\n|-resisted|p1a: Corviknight\n|-damage|p1a: Corviknight|0 fnt\n|faint|p1a: Corviknight\n|-damage|p2a: Mewtwo|46\/100|[from] item: Life Orb\n|\n|upkeep\n|\n|t:|1698938691\n|switch|p1a: Garganacl|Garganacl, F|100\/100\n|turn|9\n|\n|t:|1698938697\n|move|p2a: Mewtwo|Psychic|p1a: Garganacl\n|-damage|p1a: Garganacl|49\/100\n|-damage|p2a: Mewtwo|37\/100|[from] item: Life Orb\n|move|p1a: Garganacl|Salt Cure|p2a: Mewtwo\n|-damage|p2a: Mewtwo|22\/100\n|-start|p2a: Mewtwo|Salt Cure\n|\n|-heal|p1a: Garganacl|55\/100|[from] item: Leftovers\n|-damage|p2a: Mewtwo|10\/100|[from] Salt Cure\n|upkeep\n|turn|10\n|\n|t:|1698938714\n|switch|p1a: Cetitan|Cetitan, F|76\/100\n|move|p2a: Mewtwo|Psychic|p1a: Cetitan\n|-damage|p1a: Cetitan|35\/100\n|-damage|p2a: Mewtwo|0 fnt|[from] item: Life Orb\n|faint|p2a: Mewtwo\n|\n|upkeep\n|\n|t:|1698938723\n|switch|p2a: Iron Treads|Iron Treads|81\/100\n|turn|11\n|\n|t:|1698938728\n|move|p2a: Iron Treads|Stealth Rock|p1a: Cetitan\n|-sidestart|p1: Fungalingus|move: Stealth Rock\n|move|p1a: Cetitan|Body Press|p2a: Iron Treads\n|-supereffective|p2a: Iron Treads\n|-damage|p2a: Iron Treads|56\/100\n|\n|upkeep\n|turn|12\n|\n|t:|1698938736\n|move|p2a: Iron Treads|Earthquake|p1a: Cetitan\n|-damage|p1a: Cetitan|1\/100\n|move|p1a: Cetitan|Body Press|p2a: Iron Treads\n|-supereffective|p2a: Iron Treads\n|-damage|p2a: Iron Treads|30\/100\n|\n|upkeep\n|turn|13\n|\n|t:|1698938744\n|move|p2a: Iron Treads|Stealth Rock||[still]\n|-fail|p2a: Iron Treads\n|move|p1a: Cetitan|Body Press|p2a: Iron Treads\n|-supereffective|p2a: Iron Treads\n|-damage|p2a: Iron Treads|5\/100\n|-enditem|p2a: Iron Treads|Aguav Berry|[eat]\n|-heal|p2a: Iron Treads|38\/100|[from] item: Aguav Berry\n|\n|upkeep\n|turn|14\n|\n|t:|1698938753\n|move|p2a: Iron Treads|Rest|p2a: Iron Treads\n|-status|p2a: Iron Treads|slp|[from] move: Rest\n|-heal|p2a: Iron Treads|100\/100 slp|[silent]\n|move|p1a: Cetitan|Body Press|p2a: Iron Treads\n|-supereffective|p2a: Iron Treads\n|-damage|p2a: Iron Treads|76\/100 slp\n|\n|upkeep\n|turn|15\n|\n|t:|1698938762\n|-end|p2a: Iron Treads|Quark Drive|[silent]\n|switch|p2a: Blade|Zacian-Crowned, shiny|100\/100\n|-ability|p2a: Blade|Intrepid Sword|boost\n|-boost|p2a: Blade|atk|1\n|move|p1a: Cetitan|Body Press|p2a: Blade\n|-damage|p2a: Blade|87\/100\n|\n|upkeep\n|turn|16\n|\n|t:|1698938771\n|move|p2a: Blade|Crunch|p1a: Cetitan\n|-damage|p1a: Cetitan|0 fnt\n|faint|p1a: Cetitan\n|\n|upkeep\n|\n|t:|1698938777\n|switch|p1a: Cinderace|Cinderace, M|100\/100\n|-damage|p1a: Cinderace|75\/100|[from] Stealth Rock\n|turn|17\n|\n|t:|1698938784\n|move|p2a: Blade|Behemoth Blade|p1a: Cinderace\n|-resisted|p1a: Cinderace\n|-damage|p1a: Cinderace|19\/100\n|move|p1a: Cinderace|Pyro Ball|p2a: Blade\n|-supereffective|p2a: Blade\n|-damage|p2a: Blade|0 fnt\n|faint|p2a: Blade\n|\n|upkeep\n|\n|t:|1698938794\n|switch|p2a: Kommo-o|Kommo-o, M|100\/100\n|turn|18\n|\n|t:|1698938809\n|move|p1a: Cinderace|Acrobatics|p2a: Kommo-o\n|-start|p1a: Cinderace|typechange|Flying|[from] ability: Libero\n|-supereffective|p2a: Kommo-o\n|-damage|p2a: Kommo-o|57\/100\n|move|p2a: Kommo-o|Draco Meteor|p1a: Cinderace\n|-damage|p1a: Cinderace|0 fnt\n|-unboost|p2a: Kommo-o|spa|2\n|faint|p1a: Cinderace\n|\n|upkeep\n|\n|t:|1698938821\n|switch|p1a: Garganacl|Garganacl, F|55\/100\n|-damage|p1a: Garganacl|43\/100|[from] Stealth Rock\n|turn|19\n|\n|t:|1698938826\n|-terastallize|p1a: Garganacl|Ghost\n|move|p2a: Kommo-o|Earthquake|p1a: Garganacl\n|-damage|p1a: Garganacl|25\/100\n|move|p1a: Garganacl|Avalanche|p2a: Kommo-o\n|-supereffective|p2a: Kommo-o\n|-damage|p2a: Kommo-o|0 fnt\n|faint|p2a: Kommo-o\n|\n|-heal|p1a: Garganacl|31\/100|[from] item: Leftovers\n|upkeep\n|\n|t:|1698938838\n|switch|p2a: Gengar|Gengar, F|18\/100\n|turn|20\n|\n|t:|1698938845\n|move|p2a: Gengar|Toxic Spikes|p1a: Garganacl\n|-sidestart|p1: Fungalingus|move: Toxic Spikes\n|move|p1a: Garganacl|Salt Cure|p2a: Gengar\n|-damage|p2a: Gengar|0 fnt\n|-start|p1a: Garganacl|Disable|Salt Cure|[from] ability: Cursed Body|[of] p2a: Gengar\n|faint|p2a: Gengar\n|\n|-heal|p1a: Garganacl|37\/100|[from] item: Leftovers\n|upkeep\n|\n|t:|1698938856\n|switch|p2a: Weakest ;>|Arceus, shiny|100\/100\n|turn|21\n|\n|t:|1698938860\n|move|p2a: Weakest ;>|Cosmic Power|p2a: Weakest ;>\n|-boost|p2a: Weakest ;>|def|1\n|-boost|p2a: Weakest ;>|spd|1\n|move|p1a: Garganacl|Body Press|p2a: Weakest ;>\n|-supereffective|p2a: Weakest ;>\n|-damage|p2a: Weakest ;>|79\/100\n|\n|-heal|p2a: Weakest ;>|85\/100|[from] item: Leftovers\n|-heal|p1a: Garganacl|43\/100|[from] item: Leftovers\n|upkeep\n|turn|22\n|\n|t:|1698938872\n|switch|p1a: Maushold|Maushold|100\/100\n|-damage|p1a: Maushold|88\/100|[from] Stealth Rock\n|-status|p1a: Maushold|psn\n|move|p2a: Weakest ;>|Cosmic Power|p2a: Weakest ;>\n|-boost|p2a: Weakest ;>|def|1\n|-boost|p2a: Weakest ;>|spd|1\n|\n|-heal|p2a: Weakest ;>|91\/100|[from] item: Leftovers\n|-damage|p1a: Maushold|76\/100 psn|[from] psn\n|upkeep\n|turn|23\n|\n|t:|1698938884\n|move|p2a: Weakest ;>|Cosmic Power|p2a: Weakest ;>\n|-boost|p2a: Weakest ;>|def|1\n|-boost|p2a: Weakest ;>|spd|1\n|move|p1a: Maushold|Population Bomb|p2a: Weakest ;>\n|-damage|p2a: Weakest ;>|88\/100\n|-damage|p2a: Weakest ;>|85\/100\n|-damage|p2a: Weakest ;>|81\/100\n|-damage|p2a: Weakest ;>|78\/100\n|-damage|p2a: Weakest ;>|74\/100\n|-damage|p2a: Weakest ;>|70\/100\n|-damage|p2a: Weakest ;>|67\/100\n|-hitcount|p2a: Weakest ;>|7\n|\n|-heal|p2a: Weakest ;>|73\/100|[from] item: Leftovers\n|-damage|p1a: Maushold|64\/100 psn|[from] psn\n|upkeep\n|turn|24\n|\n|t:|1698938901\n|switch|p1a: Garganacl|Garganacl, F, tera:Ghost|43\/100\n|-damage|p1a: Garganacl|31\/100|[from] Stealth Rock\n|move|p2a: Weakest ;>|Cosmic Power|p2a: Weakest ;>\n|-boost|p2a: Weakest ;>|def|1\n|-boost|p2a: Weakest ;>|spd|1\n|\n|-heal|p2a: Weakest ;>|80\/100|[from] item: Leftovers\n|-heal|p1a: Garganacl|37\/100|[from] item: Leftovers\n|upkeep\n|turn|25\n|\n|t:|1698938912\n|move|p2a: Weakest ;>|Cosmic Power|p2a: Weakest ;>\n|-boost|p2a: Weakest ;>|def|1\n|-boost|p2a: Weakest ;>|spd|1\n|move|p1a: Garganacl|Salt Cure|p2a: Weakest ;>\n|-damage|p2a: Weakest ;>|77\/100\n|-start|p2a: Weakest ;>|Salt Cure\n|\n|-heal|p2a: Weakest ;>|83\/100|[from] item: Leftovers\n|-heal|p1a: Garganacl|43\/100|[from] item: Leftovers\n|-damage|p2a: Weakest ;>|70\/100|[from] Salt Cure\n|upkeep\n|turn|26\n|\n|t:|1698938926\n|move|p2a: Weakest ;>|Cosmic Power|p2a: Weakest ;>\n|-boost|p2a: Weakest ;>|def|1\n|-boost|p2a: Weakest ;>|spd|1\n|move|p1a: Garganacl|Body Press|p2a: Weakest ;>\n|-supereffective|p2a: Weakest ;>\n|-damage|p2a: Weakest ;>|61\/100\n|\n|-heal|p2a: Weakest ;>|67\/100|[from] item: Leftovers\n|-heal|p1a: Garganacl|49\/100|[from] item: Leftovers\n|-damage|p2a: Weakest ;>|55\/100|[from] Salt Cure\n|upkeep\n|turn|27\n|\n|t:|1698938937\n|move|p2a: Weakest ;>|Recover|p2a: Weakest ;>\n|-heal|p2a: Weakest ;>|100\/100\n|move|p1a: Garganacl|Curse|p2a: Weakest ;>\n|-start|p2a: Weakest ;>|Curse|[of] p1a: Garganacl\n|-damage|p1a: Garganacl|0 fnt\n|faint|p1a: Garganacl\n|\n|-damage|p2a: Weakest ;>|76\/100|[from] Curse\n|-damage|p2a: Weakest ;>|63\/100|[from] Salt Cure\n|upkeep\n|\n|t:|1698938951\n|switch|p1a: Kingambit|Kingambit, F|100\/100\n|-damage|p1a: Kingambit|94\/100|[from] Stealth Rock\n|-activate|p1a: Kingambit|ability: Supreme Overlord\n|-start|p1a: Kingambit|fallen4|[silent]\n|turn|28\n|\n|t:|1698938966\n|move|p2a: Weakest ;>|Swords Dance|p2a: Weakest ;>\n|-boost|p2a: Weakest ;>|atk|2\n|move|p1a: Kingambit|Lash Out|p2a: Weakest ;>\n|-damage|p2a: Weakest ;>|55\/100\n|\n|-heal|p2a: Weakest ;>|61\/100|[from] item: Leftovers\n|-damage|p2a: Weakest ;>|36\/100|[from] Curse\n|-damage|p2a: Weakest ;>|24\/100|[from] Salt Cure\n|upkeep\n|turn|29\n|\n|t:|1698938983\n|-end|p1a: Kingambit|fallen4|[silent]\n|switch|p1a: Maushold|Maushold|64\/100 psn\n|-damage|p1a: Maushold|51\/100 psn|[from] Stealth Rock\n|move|p2a: Weakest ;>|Recover|p2a: Weakest ;>\n|-heal|p2a: Weakest ;>|74\/100\n|\n|-heal|p2a: Weakest ;>|80\/100|[from] item: Leftovers\n|-damage|p1a: Maushold|39\/100 psn|[from] psn\n|-damage|p2a: Weakest ;>|55\/100|[from] Curse\n|-damage|p2a: Weakest ;>|43\/100|[from] Salt Cure\n|upkeep\n|turn|30\n|\n|t:|1698938997\n|move|p2a: Weakest ;>|Recover|p2a: Weakest ;>\n|-heal|p2a: Weakest ;>|93\/100\n|move|p1a: Maushold|Agility|p1a: Maushold\n|-boost|p1a: Maushold|spe|2\n|\n|-heal|p2a: Weakest ;>|99\/100|[from] item: Leftovers\n|-damage|p1a: Maushold|27\/100 psn|[from] psn\n|-damage|p2a: Weakest ;>|74\/100|[from] Curse\n|-damage|p2a: Weakest ;>|62\/100|[from] Salt Cure\n|upkeep\n|turn|31\n|\n|t:|1698939009\n|move|p1a: Maushold|Bullet Seed|p2a: Weakest ;>\n|-damage|p2a: Weakest ;>|60\/100\n|-damage|p2a: Weakest ;>|58\/100\n|-hitcount|p2a: Weakest ;>|2\n|move|p2a: Weakest ;>|Swords Dance|p2a: Weakest ;>\n|-boost|p2a: Weakest ;>|atk|2\n|\n|-heal|p2a: Weakest ;>|64\/100|[from] item: Leftovers\n|-damage|p1a: Maushold|15\/100 psn|[from] psn\n|-damage|p2a: Weakest ;>|39\/100|[from] Curse\n|-damage|p2a: Weakest ;>|27\/100|[from] Salt Cure\n|upkeep\n|turn|32\n|\n|t:|1698939024\n|move|p1a: Maushold|Crunch|p2a: Weakest ;>\n|-damage|p2a: Weakest ;>|23\/100\n|-unboost|p2a: Weakest ;>|def|1\n|move|p2a: Weakest ;>|Recover|p2a: Weakest ;>\n|-heal|p2a: Weakest ;>|73\/100\n|\n|-heal|p2a: Weakest ;>|80\/100|[from] item: Leftovers\n|-damage|p1a: Maushold|2\/100 psn|[from] psn\n|-damage|p2a: Weakest ;>|55\/100|[from] Curse\n|-damage|p2a: Weakest ;>|42\/100|[from] Salt Cure\n|upkeep\n|turn|33\n|\n|t:|1698939037\n|move|p1a: Maushold|Population Bomb|p2a: Weakest ;>\n|-damage|p2a: Weakest ;>|40\/100\n|-hitcount|p2a: Weakest ;>|1\n|move|p2a: Weakest ;>|Recover|p2a: Weakest ;>\n|-heal|p2a: Weakest ;>|90\/100\n|\n|-heal|p2a: Weakest ;>|96\/100|[from] item: Leftovers\n|-damage|p1a: Maushold|0 fnt|[from] psn\n|faint|p1a: Maushold\n|-damage|p2a: Weakest ;>|71\/100|[from] Curse\n|-damage|p2a: Weakest ;>|59\/100|[from] Salt Cure\n|upkeep\n|\n|t:|1698939043\n|switch|p1a: Kingambit|Kingambit, F|94\/100\n|-damage|p1a: Kingambit|88\/100|[from] Stealth Rock\n|-activate|p1a: Kingambit|ability: Supreme Overlord\n|-start|p1a: Kingambit|fallen5|[silent]\n|turn|34\n|\n|t:|1698939056\n|move|p2a: Weakest ;>|Stored Power|p1a: Kingambit\n|-immune|p1a: Kingambit\n|move|p1a: Kingambit|Lash Out|p2a: Weakest ;>\n|-damage|p2a: Weakest ;>|48\/100\n|\n|-heal|p2a: Weakest ;>|54\/100|[from] item: Leftovers\n|-damage|p2a: Weakest ;>|29\/100|[from] Curse\n|-damage|p2a: Weakest ;>|17\/100|[from] Salt Cure\n|upkeep\n|turn|35\n|\n|t:|1698939068\n|move|p2a: Weakest ;>|Recover|p2a: Weakest ;>\n|-heal|p2a: Weakest ;>|67\/100\n|move|p1a: Kingambit|Iron Head|p2a: Weakest ;>\n|-damage|p2a: Weakest ;>|55\/100\n|\n|-heal|p2a: Weakest ;>|61\/100|[from] item: Leftovers\n|-damage|p2a: Weakest ;>|36\/100|[from] Curse\n|-damage|p2a: Weakest ;>|24\/100|[from] Salt Cure\n|upkeep\n|turn|36\n|\n|t:|1698939078\n|move|p2a: Weakest ;>|Recover|p2a: Weakest ;>\n|-heal|p2a: Weakest ;>|74\/100\n|move|p1a: Kingambit|Iron Head|p2a: Weakest ;>\n|-damage|p2a: Weakest ;>|62\/100\n|\n|-heal|p2a: Weakest ;>|68\/100|[from] item: Leftovers\n|-damage|p2a: Weakest ;>|43\/100|[from] Curse\n|-damage|p2a: Weakest ;>|31\/100|[from] Salt Cure\n|upkeep\n|turn|37\n|\n|t:|1698939089\n|move|p2a: Weakest ;>|Recover|p2a: Weakest ;>\n|-heal|p2a: Weakest ;>|81\/100\n|move|p1a: Kingambit|Iron Head|p2a: Weakest ;>\n|-damage|p2a: Weakest ;>|69\/100\n|\n|-heal|p2a: Weakest ;>|75\/100|[from] item: Leftovers\n|-damage|p2a: Weakest ;>|50\/100|[from] Curse\n|-damage|p2a: Weakest ;>|38\/100|[from] Salt Cure\n|upkeep\n|turn|38\n|\n|t:|1698939106\n|switch|p2a: Iron Treads|Iron Treads|76\/100 slp\n|move|p1a: Kingambit|Air Slash|p2a: Iron Treads\n|-resisted|p2a: Iron Treads\n|-damage|p2a: Iron Treads|66\/100 slp\n|\n|upkeep\n|turn|39\n|\n|t:|1698939114\n|cant|p2a: Iron Treads|slp\n|move|p1a: Kingambit|Shadow Claw|p2a: Iron Treads\n|-damage|p2a: Iron Treads|38\/100 slp\n|\n|upkeep\n|turn|40\n|\n|t:|1698939120\n|cant|p2a: Iron Treads|slp\n|move|p1a: Kingambit|Shadow Claw|p2a: Iron Treads\n|-damage|p2a: Iron Treads|10\/100 slp\n|\n|upkeep\n|turn|41\n|\n|t:|1698939128\n|-curestatus|p2a: Iron Treads|slp|[msg]\n|move|p2a: Iron Treads|Rest|p2a: Iron Treads\n|-status|p2a: Iron Treads|slp|[from] move: Rest\n|-heal|p2a: Iron Treads|100\/100 slp|[silent]\n|move|p1a: Kingambit|Lash Out|p2a: Iron Treads\n|-damage|p2a: Iron Treads|57\/100 slp\n|\n|upkeep\n|turn|42\n|\n|t:|1698939141\n|-terastallize|p2a: Iron Treads|Ground\n|cant|p2a: Iron Treads|slp\n|move|p1a: Kingambit|Lash Out|p2a: Iron Treads\n|-damage|p2a: Iron Treads|20\/100 slp\n|\n|upkeep\n|turn|43\n|\n|t:|1698939153\n|-end|p2a: Iron Treads|Quark Drive|[silent]\n|switch|p2a: Weakest ;>|Arceus, shiny|38\/100\n|move|p1a: Kingambit|Lash Out|p2a: Weakest ;>\n|-damage|p2a: Weakest ;>|1\/100\n|\n|-heal|p2a: Weakest ;>|7\/100|[from] item: Leftovers\n|upkeep\n|turn|44\n|\n|t:|1698939163\n|move|p2a: Weakest ;>|Stored Power|p1a: Kingambit\n|-immune|p1a: Kingambit\n|move|p1a: Kingambit|Air Slash|p2a: Weakest ;>\n|-damage|p2a: Weakest ;>|0 fnt\n|faint|p2a: Weakest ;>\n|\n|upkeep\n|\n|t:|1698939171\n|switch|p2a: Iron Treads|Iron Treads, tera:Ground|20\/100 slp\n|turn|45\n|\n|t:|1698939175\n|cant|p2a: Iron Treads|slp\n|move|p1a: Kingambit|Lash Out|p2a: Iron Treads\n|-damage|p2a: Iron Treads|0 fnt\n|faint|p2a: Iron Treads\n|-end|p2a: Iron Treads|Quark Drive|[silent]\n|\n|win|Fungalingus\n|raw|Fungalingus's rating: 1172 &rarr; <strong>1196<\/strong><br \/>(+24 for winning)\n|raw|SaikouDonut's rating: 1156 &rarr; <strong>1132<\/strong><br \/>(-24 for losing)\n|l|\u2606SaikouDonut\n","uploadtime":1698939185,"views":8,"p1id":"fungalingus","p2id":"saikoudonut","formatid":"gen9anythinggoes","rating":1132,"private":0,"password":""}