{"id":"gen9anythinggoes-1984299783","p1":"kazuki.dragneel","p2":"yeetthe pokemon","format":"[Gen 9] Anything Goes","log":"|j|\u2606kazuki.dragneel\n|j|\u2606yeetthe pokemon\n|t:|1699240731\n|gametype|singles\n|player|p1|kazuki.dragneel|hugh|1212\n|player|p2|yeetthe pokemon|169|1293\n|teamsize|p1|6\n|teamsize|p2|6\n|gen|9\n|tier|[Gen 9] Anything Goes\n|rated|\n|rule|HP Percentage Mod: HP is shown in percentages\n|rule|Endless Battle Clause: Forcing endless battles is banned\n|clearpoke\n|poke|p1|Charizard, M|\n|poke|p1|Weavile, F|\n|poke|p1|Gengar, M|\n|poke|p1|Lucario, M|\n|poke|p1|Gardevoir, F|\n|poke|p1|Noivern, F|\n|poke|p2|Lokix, M|\n|poke|p2|Great Tusk|\n|poke|p2|Skeledirge, M|\n|poke|p2|Garganacl, F|\n|poke|p2|Rotom-Wash|\n|poke|p2|Dragapult, F|\n|teampreview\n|\n|t:|1699240745\n|start\n|switch|p1a: Weavile|Weavile, F|100\/100\n|switch|p2a: Lokix|Lokix, M|100\/100\n|-ability|p1a: Weavile|Pressure\n|turn|1\n|\n|t:|1699240758\n|switch|p1a: Noivern|Noivern, F|100\/100\n|-item|p2a: Lokix|Choice Band|[from] ability: Frisk|[of] p1a: Noivern|[identify]\n|-terastallize|p2a: Lokix|Bug\n|move|p2a: Lokix|First Impression|p1a: Noivern\n|-resisted|p1a: Noivern\n|-damage|p1a: Noivern|0 fnt\n|faint|p1a: Noivern\n|\n|upkeep\n|\n|t:|1699240772\n|switch|p1a: Weavile|Weavile, F|100\/100\n|-ability|p1a: Weavile|Pressure\n|turn|2\n|\n|t:|1699240778\n|switch|p2a: Skeledirge|Skeledirge, M|100\/100\n|move|p1a: Weavile|Fake Out|p2a: Skeledirge\n|-immune|p2a: Skeledirge\n|\n|upkeep\n|turn|3\n|\n|t:|1699240783\n|move|p1a: Weavile|Beat Up|p2a: Skeledirge\n|-supereffective|p2a: Skeledirge\n|-damage|p2a: Skeledirge|85\/100\n|-supereffective|p2a: Skeledirge\n|-damage|p2a: Skeledirge|75\/100\n|-supereffective|p2a: Skeledirge\n|-damage|p2a: Skeledirge|65\/100\n|-supereffective|p2a: Skeledirge\n|-damage|p2a: Skeledirge|52\/100\n|-supereffective|p2a: Skeledirge\n|-damage|p2a: Skeledirge|43\/100\n|-hitcount|p2a: Skeledirge|5\n|move|p2a: Skeledirge|Torch Song|p1a: Weavile\n|-supereffective|p1a: Weavile\n|-damage|p1a: Weavile|21\/100\n|-boost|p2a: Skeledirge|spa|1\n|\n|upkeep\n|turn|4\n|\n|t:|1699240795\n|switch|p2a: Garganacl|Garganacl, F|100\/100\n|move|p1a: Weavile|Beat Up|p2a: Garganacl\n|-damage|p2a: Garganacl|96\/100\n|-damage|p2a: Garganacl|92\/100\n|-damage|p2a: Garganacl|89\/100\n|-damage|p2a: Garganacl|85\/100\n|-damage|p2a: Garganacl|81\/100\n|-hitcount|p2a: Garganacl|5\n|\n|-heal|p2a: Garganacl|88\/100|[from] item: Leftovers\n|upkeep\n|turn|5\n|\n|t:|1699240806\n|move|p1a: Weavile|Icicle Spear|p2a: Garganacl\n|-damage|p2a: Garganacl|81\/100\n|-damage|p2a: Garganacl|75\/100\n|-hitcount|p2a: Garganacl|2\n|move|p2a: Garganacl|Salt Cure|p1a: Weavile\n|-supereffective|p1a: Weavile\n|-damage|p1a: Weavile|0 fnt\n|faint|p1a: Weavile\n|\n|-heal|p2a: Garganacl|81\/100|[from] item: Leftovers\n|upkeep\n|\n|t:|1699240812\n|switch|p1a: Lucario|Lucario, M|100\/100\n|turn|6\n|\n|t:|1699240816\n|move|p1a: Lucario|Drain Punch|p2a: Garganacl\n|-supereffective|p2a: Garganacl\n|-crit|p2a: Garganacl\n|-damage|p2a: Garganacl|27\/100\n|move|p2a: Garganacl|Salt Cure|p1a: Lucario\n|-resisted|p1a: Lucario\n|-damage|p1a: Lucario|95\/100\n|-start|p1a: Lucario|Salt Cure\n|\n|-heal|p2a: Garganacl|33\/100|[from] item: Leftovers\n|-damage|p1a: Lucario|70\/100|[from] Salt Cure\n|upkeep\n|turn|7\n|\n|t:|1699240821\n|move|p1a: Lucario|Drain Punch|p2a: Garganacl\n|-supereffective|p2a: Garganacl\n|-damage|p2a: Garganacl|0 fnt\n|-heal|p1a: Lucario|94\/100|[from] drain|[of] p2a: Garganacl\n|faint|p2a: Garganacl\n|\n|-damage|p1a: Lucario|69\/100|[from] Salt Cure\n|upkeep\n|\n|t:|1699240825\n|switch|p2a: Lokix|Lokix, M, tera:Bug|100\/100\n|turn|8\n|\n|t:|1699240837\n|move|p1a: Lucario|Extreme Speed|p2a: Lokix\n|-damage|p2a: Lokix|64\/100\n|move|p2a: Lokix|First Impression|p1a: Lucario\n|-resisted|p1a: Lucario\n|-damage|p1a: Lucario|4\/100\n|\n|-damage|p1a: Lucario|0 fnt|[from] Salt Cure\n|faint|p1a: Lucario\n|upkeep\n|\n|t:|1699240842\n|switch|p1a: Charizard|Charizard, M|100\/100\n|turn|9\n|inactive|Battle timer is ON: inactive players will automatically lose when time's up. (requested by yeetthe pokemon)\n|\n|t:|1699240854\n|switch|p2a: Rotom|Rotom-Wash|100\/100\n|move|p1a: Charizard|Air Slash|p2a: Rotom\n|-resisted|p2a: Rotom\n|-damage|p2a: Rotom|86\/100\n|\n|-heal|p2a: Rotom|92\/100|[from] item: Leftovers\n|upkeep\n|turn|10\n|\n|t:|1699240868\n|move|p1a: Charizard|Dragon Pulse|p2a: Rotom\n|-damage|p2a: Rotom|72\/100\n|move|p2a: Rotom|Volt Switch|p1a: Charizard\n|-supereffective|p1a: Charizard\n|-damage|p1a: Charizard|38\/100\n|\n|t:|1699240875\n|switch|p2a: Dragapult|Dragapult, F|100\/100|[from] Volt Switch\n|\n|upkeep\n|turn|11\n|\n|t:|1699240881\n|move|p2a: Dragapult|Shadow Ball|p1a: Charizard\n|-damage|p1a: Charizard|0 fnt\n|faint|p1a: Charizard\n|\n|upkeep\n|\n|t:|1699240889\n|switch|p1a: Gardevoir|Gardevoir, F, shiny|100\/100\n|turn|12\n|\n|t:|1699240910\n|move|p2a: Dragapult|Shadow Ball|p1a: Gardevoir\n|-supereffective|p1a: Gardevoir\n|-enditem|p1a: Gardevoir|Focus Sash\n|-damage|p1a: Gardevoir|1\/100\n|move|p1a: Gardevoir|Moonblast|p2a: Dragapult\n|-supereffective|p2a: Dragapult\n|-damage|p2a: Dragapult|0 fnt\n|faint|p2a: Dragapult\n|\n|upkeep\n|\n|t:|1699240919\n|switch|p2a: Lokix|Lokix, M, tera:Bug|64\/100\n|turn|13\n|\n|t:|1699240926\n|move|p2a: Lokix|Sucker Punch||[still]\n|-fail|p2a: Lokix\n|move|p1a: Gardevoir|Destiny Bond|p1a: Gardevoir\n|-singlemove|p1a: Gardevoir|Destiny Bond\n|\n|upkeep\n|turn|14\n|\n|t:|1699240932\n|switch|p2a: Skeledirge|Skeledirge, M|43\/100\n|move|p1a: Gardevoir|Destiny Bond||[still]\n|-fail|p1a: Gardevoir\n|\n|upkeep\n|turn|15\n|\n|t:|1699240939\n|move|p1a: Gardevoir|Psychic|p2a: Skeledirge\n|-damage|p2a: Skeledirge|9\/100\n|move|p2a: Skeledirge|Will-O-Wisp|p1a: Gardevoir\n|-status|p1a: Gardevoir|brn\n|-activate|p1a: Gardevoir|ability: Synchronize\n|-immune|p2a: Skeledirge\n|\n|-damage|p1a: Gardevoir|0 fnt|[from] brn\n|faint|p1a: Gardevoir\n|upkeep\n|\n|t:|1699240943\n|switch|p1a: Gengar|Gengar, M, shiny|100\/100\n|turn|16\n|\n|t:|1699240950\n|move|p1a: Gengar|Hypnosis|p2a: Skeledirge\n|-status|p2a: Skeledirge|slp|[from] move: Hypnosis\n|cant|p2a: Skeledirge|slp\n|\n|upkeep\n|turn|17\n|\n|t:|1699240954\n|move|p1a: Gengar|Hex|p2a: Skeledirge\n|-supereffective|p2a: Skeledirge\n|-damage|p2a: Skeledirge|0 fnt\n|faint|p2a: Skeledirge\n|\n|upkeep\n|\n|t:|1699240960\n|switch|p2a: Lokix|Lokix, M, tera:Bug|64\/100\n|turn|18\n|\n|t:|1699240967\n|move|p2a: Lokix|First Impression|p1a: Gengar\n|-resisted|p1a: Gengar\n|-damage|p1a: Gengar|9\/100\n|-start|p2a: Lokix|Disable|First Impression|[from] ability: Cursed Body|[of] p1a: Gengar\n|move|p1a: Gengar|Hypnosis|p2a: Lokix|[miss]\n|-miss|p1a: Gengar|p2a: Lokix\n|\n|-heal|p1a: Gengar|15\/100|[from] item: Black Sludge\n|upkeep\n|turn|19\n|\n|t:|1699240975\n|move|p1a: Gengar|Hypnosis|p2a: Lokix|[miss]\n|-miss|p1a: Gengar|p2a: Lokix\n|-activate|p2a: Lokix|move: Struggle\n|move|p2a: Lokix|Struggle|p1a: Gengar\n|-crit|p1a: Gengar\n|-damage|p1a: Gengar|0 fnt\n|faint|p1a: Gengar\n|-damage|p2a: Lokix|39\/100|[from] recoil\n|\n|win|yeetthe pokemon\n|raw|kazuki.dragneel's rating: 1212 &rarr; <strong>1193<\/strong><br \/>(-19 for losing)\n|raw|yeetthe pokemon's rating: 1293 &rarr; <strong>1312<\/strong><br \/>(+19 for winning)\n|l|\u2606kazuki.dragneel\n","uploadtime":1699240984,"views":24,"p1id":"kazukidragneel","p2id":"yeetthepokemon","formatid":"gen9anythinggoes","rating":1193,"private":0,"password":""}