{"id":"gen9anythinggoes-1988218978","p1":"babbona","p2":"Brodiv","format":"[Gen 9] Anything Goes","log":"|j|\u2606babbona\n|j|\u2606Brodiv\n|t:|1699687681\n|gametype|singles\n|player|p1|babbona|ghetsis-gen5bw|1162\n|player|p2|Brodiv|nate|1200\n|teamsize|p1|6\n|teamsize|p2|6\n|gen|9\n|tier|[Gen 9] Anything Goes\n|rated|\n|rule|HP Percentage Mod: HP is shown in percentages\n|rule|Endless Battle Clause: Forcing endless battles is banned\n|clearpoke\n|poke|p1|Mimikyu, M|\n|poke|p1|Calyrex-Shadow|\n|poke|p1|Sneasler, M|\n|poke|p1|Rayquaza|\n|poke|p1|Arceus-Steel|\n|poke|p1|Magearna|\n|poke|p2|Infernape, M|\n|poke|p2|Ninetales-Alola, F|\n|poke|p2|Spidops, M|\n|poke|p2|Flutter Mane|\n|poke|p2|Kingambit, F|\n|poke|p2|Koraidon|\n|teampreview\n|inactive|Battle timer is ON: inactive players will automatically lose when time's up. (requested by Brodiv)\n|\n|t:|1699687685\n|start\n|switch|p1a: notpikachu|Mimikyu, M|100\/100\n|switch|p2a: Spidops|Spidops, M|100\/100\n|turn|1\n|\n|t:|1699687712\n|move|p1a: notpikachu|Swords Dance|p1a: notpikachu\n|-boost|p1a: notpikachu|atk|2\n|move|p2a: Spidops|Sticky Web|p1a: notpikachu\n|-sidestart|p1: babbona|move: Sticky Web\n|\n|upkeep\n|turn|2\n|\n|t:|1699687719\n|move|p1a: notpikachu|Swords Dance|p1a: notpikachu\n|-boost|p1a: notpikachu|atk|2\n|move|p2a: Spidops|Spikes|p1a: notpikachu\n|-sidestart|p1: babbona|Spikes\n|\n|upkeep\n|turn|3\n|\n|t:|1699687725\n|move|p1a: notpikachu|Swords Dance|p1a: notpikachu\n|-boost|p1a: notpikachu|atk|2\n|move|p2a: Spidops|Spikes|p1a: notpikachu\n|-sidestart|p1: babbona|Spikes\n|\n|upkeep\n|turn|4\n|\n|t:|1699687731\n|move|p2a: Spidops|First Impression||[still]\n|-hint|First Impression only works on your first turn out.\n|-fail|p2a: Spidops\n|move|p1a: notpikachu|Shadow Sneak|p2a: Spidops\n|-damage|p2a: Spidops|25\/100\n|\n|upkeep\n|turn|5\n|\n|t:|1699687743\n|move|p1a: notpikachu|Shadow Sneak|p2a: Spidops\n|-damage|p2a: Spidops|0 fnt\n|faint|p2a: Spidops\n|\n|upkeep\n|\n|t:|1699687761\n|switch|p2a: Ninetales|Ninetales-Alola, F|100\/100\n|-weather|Snow|[from] ability: Snow Warning|[of] p2a: Ninetales\n|turn|6\n|\n|t:|1699687768\n|move|p1a: notpikachu|Drain Punch|p2a: Ninetales\n|-damage|p2a: Ninetales|23\/100\n|move|p2a: Ninetales|Aurora Veil|p2a: Ninetales\n|-sidestart|p2: Brodiv|move: Aurora Veil\n|\n|-weather|Snow|[upkeep]\n|upkeep\n|turn|7\n|\n|t:|1699687790\n|move|p1a: notpikachu|Drain Punch|p2a: Ninetales\n|-damage|p2a: Ninetales|0 fnt\n|faint|p2a: Ninetales\n|\n|-weather|Snow|[upkeep]\n|upkeep\n|inactive|Brodiv has 120 seconds left.\n|\n|t:|1699687806\n|switch|p2a: Infernape|Infernape, M, shiny|100\/100\n|turn|8\n|inactive|Brodiv has 120 seconds left.\n|\n|t:|1699687816\n|move|p2a: Infernape|Raging Fury|p1a: notpikachu\n|-activate|p1a: notpikachu|ability: Disguise\n|-damage|p1a: notpikachu|100\/100\n|detailschange|p1a: notpikachu|Mimikyu-Busted, M\n|-damage|p1a: notpikachu|88\/100|[from] pokemon: Mimikyu-Busted\n|-damage|p2a: Infernape|91\/100|[from] item: Life Orb\n|move|p1a: notpikachu|Play Rough|p2a: Infernape\n|-damage|p2a: Infernape|0 fnt\n|faint|p2a: Infernape\n|\n|-weather|Snow|[upkeep]\n|upkeep\n|inactive|Brodiv has 120 seconds left.\n|\n|t:|1699687834\n|switch|p2a: Kingambit|Kingambit, F|100\/100\n|-activate|p2a: Kingambit|ability: Supreme Overlord\n|-start|p2a: Kingambit|fallen3|[silent]\n|-item|p2a: Kingambit|Air Balloon\n|turn|9\n|\n|t:|1699687841\n|move|p1a: notpikachu|Drain Punch|p2a: Kingambit\n|-supereffective|p2a: Kingambit\n|-damage|p2a: Kingambit|0 fnt\n|-heal|p1a: notpikachu|100\/100|[from] drain|[of] p2a: Kingambit\n|-enditem|p2a: Kingambit|Air Balloon\n|faint|p2a: Kingambit\n|-end|p2a: Kingambit|fallen3|[silent]\n|\n|-weather|Snow|[upkeep]\n|upkeep\n|-message|Brodiv forfeited.\n|\n|win|babbona\n|raw|babbona's rating: 1162 &rarr; <strong>1190<\/strong><br \/>(+28 for winning)\n|raw|Brodiv's rating: 1200 &rarr; <strong>1172<\/strong><br \/>(-28 for losing)\n|l|\u2606Brodiv\n","uploadtime":1699687853,"views":3,"p1id":"babbona","p2id":"brodiv","formatid":"gen9anythinggoes","rating":1172,"private":0,"password":""}