{"id":"gen9anythinggoes-1983540064","p1":"HunterBear4","p2":"expiredroofies","format":"[Gen 9] Anything Goes","log":"|j|\u2606HunterBear4\n|j|\u2606expiredroofies\n|t:|1699141217\n|gametype|singles\n|player|p1|HunterBear4|pryce|1041\n|player|p2|expiredroofies|266|1071\n|teamsize|p1|6\n|teamsize|p2|6\n|gen|9\n|tier|[Gen 9] Anything Goes\n|rated|\n|rule|HP Percentage Mod: HP is shown in percentages\n|rule|Endless Battle Clause: Forcing endless battles is banned\n|clearpoke\n|poke|p1|Alomomola, M|\n|poke|p1|Alomomola, F|\n|poke|p1|Alomomola, F|\n|poke|p1|Alomomola, M|\n|poke|p1|Alomomola, F|\n|poke|p1|Alomomola, M|\n|poke|p2|Volcarona, M|\n|poke|p2|Tinkaton, F|\n|poke|p2|Amoonguss, F|\n|poke|p2|Garganacl, F|\n|poke|p2|Dragapult, F|\n|poke|p2|Zoroark-Hisui, F|\n|teampreview\n|inactive|Battle timer is ON: inactive players will automatically lose when time's up. (requested by HunterBear4)\n|c|\u2606expiredroofies|nice team\n|c|\u2606HunterBear4|yeah\n|c|\u2606HunterBear4|thanks\n|inactive|HunterBear4 has 120 seconds left.\n|\n|t:|1699141248\n|start\n|switch|p1a: Alomomola|Alomomola, M|100\/100\n|switch|p2a: Volcarona|Volcarona, M|100\/100\n|turn|1\n|\n|t:|1699141272\n|move|p2a: Volcarona|Tailwind|p2a: Volcarona\n|-sidestart|p2: expiredroofies|move: Tailwind\n|move|p1a: Alomomola|Scald|p2a: Volcarona\n|-supereffective|p2a: Volcarona\n|-damage|p2a: Volcarona|68\/100\n|-damage|p1a: Alomomola|91\/100|[from] item: Life Orb\n|\n|upkeep\n|turn|2\n|\n|t:|1699141284\n|move|p2a: Volcarona|Air Slash|p1a: Alomomola\n|-damage|p1a: Alomomola|63\/100\n|move|p1a: Alomomola|Scald|p2a: Volcarona\n|-supereffective|p2a: Volcarona\n|-damage|p2a: Volcarona|37\/100\n|-damage|p1a: Alomomola|53\/100|[from] item: Life Orb\n|\n|upkeep\n|turn|3\n|\n|t:|1699141298\n|move|p2a: Volcarona|Zen Headbutt|p1a: Alomomola\n|-damage|p1a: Alomomola|48\/100\n|move|p1a: Alomomola|Scald|p2a: Volcarona\n|-supereffective|p2a: Volcarona\n|-damage|p2a: Volcarona|7\/100\n|-damage|p1a: Alomomola|38\/100|[from] item: Life Orb\n|\n|upkeep\n|turn|4\n|\n|t:|1699141310\n|switch|p2a: Amoonguss|Amoonguss, F, shiny|100\/100\n|move|p1a: Alomomola|Scald|p2a: Amoonguss\n|-resisted|p2a: Amoonguss\n|-damage|p2a: Amoonguss|91\/100\n|-damage|p1a: Alomomola|28\/100|[from] item: Life Orb\n|\n|-sideend|p2: expiredroofies|move: Tailwind\n|upkeep\n|turn|5\n|\n|t:|1699141319\n|move|p2a: Amoonguss|Giga Drain|p1a: Alomomola\n|-supereffective|p1a: Alomomola\n|-damage|p1a: Alomomola|0 fnt\n|-heal|p2a: Amoonguss|100\/100|[from] drain|[of] p1a: Alomomola\n|faint|p1a: Alomomola\n|\n|upkeep\n|\n|t:|1699141325\n|switch|p1a: Alomomola|Alomomola, F|100\/100\n|turn|6\n|\n|t:|1699141328\n|move|p2a: Amoonguss|Spore|p1a: Alomomola\n|-status|p1a: Alomomola|slp|[from] move: Spore\n|cant|p1a: Alomomola|slp\n|\n|upkeep\n|turn|7\n|\n|t:|1699141334\n|switch|p1a: Alomomola|Alomomola, M|100\/100\n|move|p2a: Amoonguss|Giga Drain|p1a: Alomomola\n|-supereffective|p1a: Alomomola\n|-damage|p1a: Alomomola|50\/100\n|\n|upkeep\n|turn|8\n|\n|t:|1699141340\n|move|p2a: Amoonguss|Spore|p1a: Alomomola\n|-status|p1a: Alomomola|slp|[from] move: Spore\n|cant|p1a: Alomomola|slp\n|\n|upkeep\n|turn|9\n|\n|t:|1699141346\n|move|p2a: Amoonguss|Giga Drain|p1a: Alomomola\n|-supereffective|p1a: Alomomola\n|-damage|p1a: Alomomola|4\/100 slp\n|cant|p1a: Alomomola|slp\n|\n|upkeep\n|turn|10\n|\n|t:|1699141352\n|move|p2a: Amoonguss|Giga Drain|p1a: Alomomola\n|-supereffective|p1a: Alomomola\n|-damage|p1a: Alomomola|0 fnt\n|faint|p1a: Alomomola\n|\n|upkeep\n|\n|t:|1699141357\n|switch|p1a: Alomomola|Alomomola, M|100\/100\n|turn|11\n|\n|t:|1699141362\n|move|p2a: Amoonguss|Spore|p1a: Alomomola\n|-status|p1a: Alomomola|slp|[from] move: Spore\n|cant|p1a: Alomomola|slp\n|\n|upkeep\n|turn|12\n|\n|t:|1699141371\n|move|p2a: Amoonguss|Giga Drain|p1a: Alomomola\n|-supereffective|p1a: Alomomola\n|-damage|p1a: Alomomola|53\/100 slp\n|cant|p1a: Alomomola|slp\n|\n|-heal|p1a: Alomomola|59\/100 slp|[from] item: Leftovers\n|upkeep\n|turn|13\n|\n|t:|1699141379\n|move|p2a: Amoonguss|Giga Drain|p1a: Alomomola\n|-supereffective|p1a: Alomomola\n|-damage|p1a: Alomomola|12\/100 slp\n|-curestatus|p1a: Alomomola|slp|[msg]\n|move|p1a: Alomomola|Pain Split|p2a: Amoonguss\n|-sethp|p2a: Amoonguss|57\/100|[from] move: Pain Split|[silent]\n|-sethp|p1a: Alomomola|46\/100|[from] move: Pain Split\n|\n|-heal|p1a: Alomomola|53\/100|[from] item: Leftovers\n|upkeep\n|turn|14\n|\n|t:|1699141392\n|move|p2a: Amoonguss|Spore|p1a: Alomomola\n|-status|p1a: Alomomola|slp|[from] move: Spore\n|cant|p1a: Alomomola|slp\n|\n|-heal|p1a: Alomomola|59\/100 slp|[from] item: Leftovers\n|upkeep\n|turn|15\n|\n|t:|1699141398\n|move|p2a: Amoonguss|Giga Drain|p1a: Alomomola\n|-supereffective|p1a: Alomomola\n|-damage|p1a: Alomomola|15\/100 slp\n|-heal|p2a: Amoonguss|93\/100|[from] drain|[of] p1a: Alomomola\n|cant|p1a: Alomomola|slp\n|\n|-heal|p1a: Alomomola|21\/100 slp|[from] item: Leftovers\n|upkeep\n|turn|16\n|\n|t:|1699141405\n|move|p2a: Amoonguss|Giga Drain|p1a: Alomomola\n|-supereffective|p1a: Alomomola\n|-damage|p1a: Alomomola|0 fnt\n|-heal|p2a: Amoonguss|100\/100|[from] drain|[of] p1a: Alomomola\n|faint|p1a: Alomomola\n|\n|upkeep\n|\n|t:|1699141409\n|switch|p1a: Alomomola|Alomomola, F|100\/100\n|turn|17\n|\n|t:|1699141412\n|move|p2a: Amoonguss|Spore|p1a: Alomomola\n|-status|p1a: Alomomola|slp|[from] move: Spore\n|cant|p1a: Alomomola|slp\n|\n|upkeep\n|turn|18\n|\n|t:|1699141417\n|move|p2a: Amoonguss|Giga Drain|p1a: Alomomola\n|-supereffective|p1a: Alomomola\n|-damage|p1a: Alomomola|51\/100 slp\n|-curestatus|p1a: Alomomola|slp|[msg]\n|move|p1a: Alomomola|Rain Dance|p1a: Alomomola\n|-weather|RainDance\n|\n|-weather|RainDance|[upkeep]\n|-heal|p1a: Alomomola|57\/100|[from] item: Leftovers\n|upkeep\n|turn|19\n|\n|t:|1699141431\n|move|p2a: Amoonguss|Spore|p1a: Alomomola\n|-status|p1a: Alomomola|slp|[from] move: Spore\n|cant|p1a: Alomomola|slp\n|\n|-weather|RainDance|[upkeep]\n|-activate|p1a: Alomomola|ability: Hydration\n|-curestatus|p1a: Alomomola|slp|[msg]\n|-heal|p1a: Alomomola|63\/100|[from] item: Leftovers\n|upkeep\n|turn|20\n|\n|t:|1699141440\n|move|p2a: Amoonguss|Giga Drain|p1a: Alomomola\n|-supereffective|p1a: Alomomola\n|-damage|p1a: Alomomola|16\/100\n|move|p1a: Alomomola|Calm Mind|p1a: Alomomola\n|-boost|p1a: Alomomola|spa|1\n|-boost|p1a: Alomomola|spd|1\n|\n|-weather|RainDance|[upkeep]\n|-heal|p1a: Alomomola|22\/100|[from] item: Leftovers\n|upkeep\n|turn|21\n|\n|t:|1699141448\n|move|p2a: Amoonguss|Giga Drain|p1a: Alomomola\n|-supereffective|p1a: Alomomola\n|-damage|p1a: Alomomola|0 fnt\n|faint|p1a: Alomomola\n|\n|-weather|RainDance|[upkeep]\n|upkeep\n|\n|t:|1699141451\n|switch|p1a: Alomomola|Alomomola, F|100\/100\n|turn|22\n|\n|t:|1699141458\n|-terastallize|p1a: Alomomola|Electric\n|move|p1a: Alomomola|Protect|p1a: Alomomola\n|-singleturn|p1a: Alomomola|Protect\n|move|p2a: Amoonguss|Spore|p1a: Alomomola\n|-activate|p1a: Alomomola|move: Protect\n|\n|-weather|none\n|upkeep\n|turn|23\n|\n|t:|1699141467\n|move|p2a: Amoonguss|Spore|p1a: Alomomola\n|-status|p1a: Alomomola|slp|[from] move: Spore\n|cant|p1a: Alomomola|slp\n|\n|upkeep\n|turn|24\n|\n|t:|1699141471\n|move|p2a: Amoonguss|Giga Drain|p1a: Alomomola\n|-damage|p1a: Alomomola|78\/100 slp\n|-curestatus|p1a: Alomomola|slp|[msg]\n|move|p1a: Alomomola|Flip Turn|p2a: Amoonguss\n|-resisted|p2a: Amoonguss\n|-damage|p2a: Amoonguss|93\/100\n|\n|t:|1699141475\n|switch|p1a: Alomomola|Alomomola, F|100\/100 slp|[from] Flip Turn\n|\n|upkeep\n|turn|25\n|\n|t:|1699141484\n|move|p2a: Amoonguss|Spore|p1a: Alomomola\n|-fail|p1a: Alomomola|slp\n|cant|p1a: Alomomola|slp\n|\n|upkeep\n|turn|26\n|\n|t:|1699141492\n|move|p2a: Amoonguss|Giga Drain|p1a: Alomomola\n|-supereffective|p1a: Alomomola\n|-damage|p1a: Alomomola|56\/100 slp\n|-heal|p2a: Amoonguss|100\/100|[from] drain|[of] p1a: Alomomola\n|cant|p1a: Alomomola|slp\n|\n|-heal|p1a: Alomomola|62\/100 slp|[from] item: Leftovers\n|upkeep\n|turn|27\n|\n|t:|1699141499\n|move|p2a: Amoonguss|Giga Drain|p1a: Alomomola\n|-supereffective|p1a: Alomomola\n|-damage|p1a: Alomomola|18\/100 slp\n|-curestatus|p1a: Alomomola|slp|[msg]\n|move|p1a: Alomomola|Ice Beam|p2a: Amoonguss\n|-supereffective|p2a: Amoonguss\n|-damage|p2a: Amoonguss|69\/100\n|\n|-heal|p1a: Alomomola|24\/100|[from] item: Leftovers\n|upkeep\n|turn|28\n|\n|t:|1699141507\n|switch|p1a: Alomomola|Alomomola, F, tera:Electric|100\/100\n|move|p2a: Amoonguss|Giga Drain|p1a: Alomomola\n|-damage|p1a: Alomomola|77\/100\n|-heal|p2a: Amoonguss|88\/100|[from] drain|[of] p1a: Alomomola\n|\n|-heal|p1a: Alomomola|84\/100|[from] item: Leftovers\n|upkeep\n|turn|29\n|\n|t:|1699141515\n|move|p1a: Alomomola|Protect|p1a: Alomomola\n|-singleturn|p1a: Alomomola|Protect\n|move|p2a: Amoonguss|Spore|p1a: Alomomola\n|-activate|p1a: Alomomola|move: Protect\n|\n|-heal|p1a: Alomomola|90\/100|[from] item: Leftovers\n|upkeep\n|turn|30\n|\n|t:|1699141525\n|switch|p2a: Garganacl|Garganacl, F|100\/100\n|switch|p1a: Alomomola|Alomomola, F|58\/100\n|\n|-heal|p1a: Alomomola|64\/100|[from] item: Leftovers\n|upkeep\n|turn|31\n|\n|t:|1699141531\n|move|p2a: Garganacl|Salt Cure|p1a: Alomomola\n|-damage|p1a: Alomomola|53\/100\n|-start|p1a: Alomomola|Salt Cure\n|move|p1a: Alomomola|Scald|p2a: Garganacl\n|-supereffective|p2a: Garganacl\n|-crit|p2a: Garganacl\n|-damage|p2a: Garganacl|47\/100\n|\n|-heal|p2a: Garganacl|53\/100|[from] item: Leftovers\n|-heal|p1a: Alomomola|59\/100|[from] item: Leftovers\n|-damage|p1a: Alomomola|34\/100|[from] Salt Cure\n|upkeep\n|turn|32\n|\n|t:|1699141544\n|move|p2a: Garganacl|Recover|p2a: Garganacl\n|-heal|p2a: Garganacl|100\/100\n|move|p1a: Alomomola|Scald|p2a: Garganacl\n|-supereffective|p2a: Garganacl\n|-damage|p2a: Garganacl|64\/100\n|\n|-heal|p2a: Garganacl|70\/100|[from] item: Leftovers\n|-heal|p1a: Alomomola|40\/100|[from] item: Leftovers\n|-damage|p1a: Alomomola|15\/100|[from] Salt Cure\n|upkeep\n|turn|33\n|\n|t:|1699141553\n|move|p2a: Garganacl|Recover|p2a: Garganacl\n|-heal|p2a: Garganacl|100\/100\n|move|p1a: Alomomola|Scald|p2a: Garganacl\n|-supereffective|p2a: Garganacl\n|-damage|p2a: Garganacl|67\/100\n|\n|-heal|p2a: Garganacl|73\/100|[from] item: Leftovers\n|-heal|p1a: Alomomola|21\/100|[from] item: Leftovers\n|-damage|p1a: Alomomola|0 fnt|[from] Salt Cure\n|faint|p1a: Alomomola\n|upkeep\n|\n|t:|1699141563\n|switch|p1a: Alomomola|Alomomola, F, tera:Electric|100\/100\n|turn|34\n|\n|t:|1699141566\n|move|p2a: Garganacl|Earthquake|p1a: Alomomola\n|-supereffective|p1a: Alomomola\n|-damage|p1a: Alomomola|75\/100\n|move|p1a: Alomomola|Wish|p1a: Alomomola\n|\n|-heal|p2a: Garganacl|79\/100|[from] item: Leftovers\n|-heal|p1a: Alomomola|82\/100|[from] item: Leftovers\n|upkeep\n|turn|35\n|\n|t:|1699141573\n|move|p2a: Garganacl|Salt Cure|p1a: Alomomola\n|-damage|p1a: Alomomola|75\/100\n|-start|p1a: Alomomola|Salt Cure\n|move|p1a: Alomomola|Scald|p2a: Garganacl\n|-supereffective|p2a: Garganacl\n|-damage|p2a: Garganacl|58\/100\n|\n|-heal|p1a: Alomomola|100\/100|[from] move: Wish|[wisher] Alomomola\n|-heal|p2a: Garganacl|64\/100|[from] item: Leftovers\n|-damage|p1a: Alomomola|88\/100|[from] Salt Cure\n|upkeep\n|turn|36\n|\n|t:|1699141588\n|move|p2a: Garganacl|Earthquake|p1a: Alomomola\n|-supereffective|p1a: Alomomola\n|-damage|p1a: Alomomola|65\/100\n|move|p1a: Alomomola|Wish|p1a: Alomomola\n|\n|-heal|p2a: Garganacl|70\/100|[from] item: Leftovers\n|-heal|p1a: Alomomola|71\/100|[from] item: Leftovers\n|-damage|p1a: Alomomola|58\/100|[from] Salt Cure\n|upkeep\n|turn|37\n|\n|t:|1699141597\n|move|p1a: Alomomola|Protect|p1a: Alomomola\n|-singleturn|p1a: Alomomola|Protect\n|move|p2a: Garganacl|Earthquake|p1a: Alomomola\n|-activate|p1a: Alomomola|move: Protect\n|\n|-heal|p1a: Alomomola|100\/100|[from] move: Wish|[wisher] Alomomola\n|-heal|p2a: Garganacl|76\/100|[from] item: Leftovers\n|-damage|p1a: Alomomola|88\/100|[from] Salt Cure\n|upkeep\n|turn|38\n|\n|t:|1699141614\n|move|p2a: Garganacl|Earthquake|p1a: Alomomola\n|-supereffective|p1a: Alomomola\n|-damage|p1a: Alomomola|64\/100\n|move|p1a: Alomomola|Scald|p2a: Garganacl\n|-supereffective|p2a: Garganacl\n|-damage|p2a: Garganacl|53\/100\n|\n|-heal|p2a: Garganacl|59\/100|[from] item: Leftovers\n|-heal|p1a: Alomomola|70\/100|[from] item: Leftovers\n|-damage|p1a: Alomomola|58\/100|[from] Salt Cure\n|upkeep\n|turn|39\n|\n|t:|1699141624\n|move|p2a: Garganacl|Earthquake|p1a: Alomomola\n|-supereffective|p1a: Alomomola\n|-damage|p1a: Alomomola|35\/100\n|move|p1a: Alomomola|Wish|p1a: Alomomola\n|\n|-heal|p2a: Garganacl|66\/100|[from] item: Leftovers\n|-heal|p1a: Alomomola|41\/100|[from] item: Leftovers\n|-damage|p1a: Alomomola|29\/100|[from] Salt Cure\n|upkeep\n|turn|40\n|\n|t:|1699141633\n|move|p1a: Alomomola|Protect|p1a: Alomomola\n|-singleturn|p1a: Alomomola|Protect\n|move|p2a: Garganacl|Earthquake|p1a: Alomomola\n|-activate|p1a: Alomomola|move: Protect\n|\n|-heal|p1a: Alomomola|79\/100|[from] move: Wish|[wisher] Alomomola\n|-heal|p2a: Garganacl|72\/100|[from] item: Leftovers\n|-heal|p1a: Alomomola|85\/100|[from] item: Leftovers\n|-damage|p1a: Alomomola|73\/100|[from] Salt Cure\n|upkeep\n|turn|41\n|\n|t:|1699141643\n|move|p2a: Garganacl|Earthquake|p1a: Alomomola\n|-supereffective|p1a: Alomomola\n|-damage|p1a: Alomomola|50\/100\n|move|p1a: Alomomola|Scald|p2a: Garganacl\n|-supereffective|p2a: Garganacl\n|-damage|p2a: Garganacl|52\/100\n|\n|-heal|p2a: Garganacl|58\/100|[from] item: Leftovers\n|-heal|p1a: Alomomola|56\/100|[from] item: Leftovers\n|-damage|p1a: Alomomola|44\/100|[from] Salt Cure\n|upkeep\n|turn|42\n|l|\u2606expiredroofies\n|inactive|expiredroofies disconnected and has a minute to reconnect!\n|player|p2|\n|inactive|expiredroofies has 30 seconds to reconnect!\n|inactive|expiredroofies has 20 seconds to reconnect!\n|inactive|expiredroofies has 15 seconds to reconnect!\n|inactive|expiredroofies has 10 seconds to reconnect!\n|inactive|expiredroofies has 5 seconds to reconnect!\n|-message|expiredroofies lost due to inactivity.\n|\n|win|HunterBear4\n|raw|HunterBear4's rating: 1041 &rarr; <strong>1078<\/strong><br \/>(+37 for winning)\n|raw|expiredroofies's rating: 1071 &rarr; <strong>1049<\/strong><br \/>(-22 for losing)\n","uploadtime":1699141721,"views":7,"p1id":"hunterbear4","p2id":"expiredroofies","formatid":"gen9anythinggoes","rating":1049,"private":0,"password":""}