{"id":"gen9anythinggoes-1975721779","p1":"Marshal1922","p2":"AlphaOmega07","format":"[Gen 9] Anything Goes","log":"|j|\u2606Marshal1922\n|j|\u2606AlphaOmega07\n|t:|1698230177\n|gametype|singles\n|player|p1|Marshal1922|benga|1019\n|player|p2|AlphaOmega07|265|1061\n|teamsize|p1|3\n|teamsize|p2|6\n|gen|9\n|tier|[Gen 9] Anything Goes\n|rated|\n|rule|HP Percentage Mod: HP is shown in percentages\n|rule|Endless Battle Clause: Forcing endless battles is banned\n|clearpoke\n|poke|p1|Polteageist-Antique|\n|poke|p1|Ribombee, M|\n|poke|p1|Polteageist-Antique|\n|poke|p2|Eternatus|\n|poke|p2|Donphan, L6, F|\n|poke|p2|Donphan, L6, M|\n|poke|p2|Donphan, L6, M|\n|poke|p2|Donphan, L6, F|\n|poke|p2|Donphan, L6, F|\n|teampreview\n|inactive|Battle timer is ON: inactive players will automatically lose when time's up. (requested by AlphaOmega07)\n|\n|t:|1698230184\n|start\n|switch|p1a: Polteageist|Polteageist-Antique|100\/100\n|switch|p2a: Eternatus|Eternatus|100\/100\n|-ability|p2a: Eternatus|Pressure\n|turn|1\n|\n|t:|1698230188\n|move|p2a: Eternatus|Toxic|p1a: Polteageist\n|-status|p1a: Polteageist|tox\n|move|p1a: Polteageist|Shell Smash|p1a: Polteageist\n|-unboost|p1a: Polteageist|def|1\n|-unboost|p1a: Polteageist|spd|1\n|-boost|p1a: Polteageist|atk|2\n|-boost|p1a: Polteageist|spa|2\n|-boost|p1a: Polteageist|spe|2\n|\n|-damage|p1a: Polteageist|95\/100 tox|[from] psn\n|upkeep\n|turn|2\n|\n|t:|1698230193\n|move|p1a: Polteageist|Shell Smash|p1a: Polteageist\n|-unboost|p1a: Polteageist|def|1\n|-unboost|p1a: Polteageist|spd|1\n|-boost|p1a: Polteageist|atk|2\n|-boost|p1a: Polteageist|spa|2\n|-boost|p1a: Polteageist|spe|2\n|move|p2a: Eternatus|Toxic Spikes|p1a: Polteageist\n|-sidestart|p1: Marshal1922|move: Toxic Spikes\n|\n|-heal|p1a: Polteageist|100\/100 tox|[from] item: Leftovers\n|-damage|p1a: Polteageist|89\/100 tox|[from] psn\n|upkeep\n|turn|3\n|\n|t:|1698230198\n|move|p1a: Polteageist|Shell Smash|p1a: Polteageist\n|-unboost|p1a: Polteageist|def|1\n|-unboost|p1a: Polteageist|spd|1\n|-boost|p1a: Polteageist|atk|2\n|-boost|p1a: Polteageist|spa|2\n|-boost|p1a: Polteageist|spe|2\n|move|p2a: Eternatus|Toxic Spikes|p1a: Polteageist\n|-sidestart|p1: Marshal1922|move: Toxic Spikes\n|\n|-heal|p1a: Polteageist|95\/100 tox|[from] item: Leftovers\n|-damage|p1a: Polteageist|77\/100 tox|[from] psn\n|upkeep\n|turn|4\n|\n|t:|1698230203\n|move|p1a: Polteageist|Shell Smash|p1a: Polteageist\n|-unboost|p1a: Polteageist|def|1\n|-unboost|p1a: Polteageist|spd|1\n|-boost|p1a: Polteageist|atk|0\n|-boost|p1a: Polteageist|spa|0\n|-boost|p1a: Polteageist|spe|0\n|move|p2a: Eternatus|Shadow Ball|p1a: Polteageist\n|-supereffective|p1a: Polteageist\n|-damage|p1a: Polteageist|0 fnt\n|faint|p1a: Polteageist\n|\n|upkeep\n|\n|t:|1698230208\n|switch|p1a: Polteageist|Polteageist-Antique|100\/100\n|-status|p1a: Polteageist|tox\n|turn|5\n|\n|t:|1698230214\n|move|p2a: Eternatus|Shadow Ball|p1a: Polteageist\n|-supereffective|p1a: Polteageist\n|-damage|p1a: Polteageist|55\/100 tox\n|move|p1a: Polteageist|Shell Smash|p1a: Polteageist\n|-unboost|p1a: Polteageist|def|1\n|-unboost|p1a: Polteageist|spd|1\n|-boost|p1a: Polteageist|atk|2\n|-boost|p1a: Polteageist|spa|2\n|-boost|p1a: Polteageist|spe|2\n|\n|-heal|p1a: Polteageist|61\/100 tox|[from] item: Leftovers\n|-damage|p1a: Polteageist|55\/100 tox|[from] psn\n|upkeep\n|turn|6\n|\n|t:|1698230220\n|move|p2a: Eternatus|Shadow Ball|p1a: Polteageist\n|-supereffective|p1a: Polteageist\n|-damage|p1a: Polteageist|0 fnt\n|faint|p1a: Polteageist\n|\n|upkeep\n|-message|Marshal1922 forfeited.\n|\n|win|AlphaOmega07\n|raw|Marshal1922's rating: 1019 &rarr; <strong>1008<\/strong><br \/>(-11 for losing)\n|raw|AlphaOmega07's rating: 1061 &rarr; <strong>1088<\/strong><br \/>(+27 for winning)\n|l|\u2606Marshal1922\n","uploadtime":1698230234,"views":16,"p1id":"marshal1922","p2id":"alphaomega07","formatid":"gen9anythinggoes","rating":1008,"private":0,"password":""}