{"id":"gen9anythinggoes-1984826150","p1":"SuperIllaoi","p2":"Increasetian","format":"[Gen 9] Anything Goes","log":"|j|\u2606SuperIllaoi\n|j|\u2606Increasetian\n|t:|1699302255\n|gametype|singles\n|player|p1|SuperIllaoi|cyrus|\n|player|p2|Increasetian|266|\n|teamsize|p1|6\n|teamsize|p2|6\n|gen|9\n|tier|[Gen 9] Anything Goes\n|rule|HP Percentage Mod: HP is shown in percentages\n|rule|Endless Battle Clause: Forcing endless battles is banned\n|clearpoke\n|poke|p1|Volcanion|\n|poke|p1|Enamorus-Therian, F|\n|poke|p1|Forretress, M|\n|poke|p1|Hippowdon, M|\n|poke|p1|Lucario, M|\n|poke|p1|Uxie|\n|poke|p2|Garchomp, F|\n|poke|p2|Moltres|\n|poke|p2|Ting-Lu|\n|poke|p2|Diancie|\n|poke|p2|Drednaw, M|\n|poke|p2|Bellibolt, M|\n|teampreview\n|c|\u2606SuperIllaoi|glhf\n|\n|t:|1699302289\n|start\n|switch|p1a: K\u00e4ptn Magma|Volcanion|100\/100\n|switch|p2a: Moltres|Moltres|100\/100\n|-ability|p2a: Moltres|Pressure\n|turn|1\n|\n|t:|1699302312\n|move|p2a: Moltres|Hurricane|p1a: K\u00e4ptn Magma\n|-damage|p1a: K\u00e4ptn Magma|72\/100\n|move|p1a: K\u00e4ptn Magma|Steam Eruption|p2a: Moltres\n|-supereffective|p2a: Moltres\n|-damage|p2a: Moltres|0 fnt\n|faint|p2a: Moltres\n|\n|upkeep\n|\n|t:|1699302326\n|switch|p2a: Garchomp|Garchomp, F|100\/100\n|turn|2\n|\n|t:|1699302337\n|switch|p1a: Stella|Uxie|100\/100\n|move|p2a: Garchomp|Stealth Rock|p1a: Stella\n|-sidestart|p1: SuperIllaoi|move: Stealth Rock\n|\n|upkeep\n|turn|3\n|\n|t:|1699302347\n|move|p2a: Garchomp|Fire Blast|p1a: Stella\n|-damage|p1a: Stella|81\/100\n|-damage|p2a: Garchomp|91\/100|[from] item: Life Orb\n|move|p1a: Stella|Reflect|p1a: Stella\n|-sidestart|p1: SuperIllaoi|Reflect\n|\n|upkeep\n|turn|4\n|\n|t:|1699302354\n|move|p2a: Garchomp|Draco Meteor|p1a: Stella\n|-damage|p1a: Stella|44\/100\n|-unboost|p2a: Garchomp|spa|2\n|-damage|p2a: Garchomp|81\/100|[from] item: Life Orb\n|move|p1a: Stella|Light Screen|p1a: Stella\n|-sidestart|p1: SuperIllaoi|move: Light Screen\n|\n|upkeep\n|turn|5\n|\n|t:|1699302363\n|move|p2a: Garchomp|Earthquake|p1a: Stella\n|-immune|p1a: Stella|[from] ability: Levitate\n|move|p1a: Stella|Memento|p2a: Garchomp\n|-unboost|p2a: Garchomp|atk|2\n|-unboost|p2a: Garchomp|spa|2\n|faint|p1a: Stella\n|\n|upkeep\n|\n|t:|1699302371\n|switch|p1a: Love is in the air|Enamorus-Therian, F|100\/100\n|-damage|p1a: Love is in the air|75\/100|[from] Stealth Rock\n|turn|6\n|\n|t:|1699302384\n|switch|p2a: Ting-Lu|Ting-Lu|100\/100\n|-ability|p2a: Ting-Lu|Vessel of Ruin\n|move|p1a: Love is in the air|Calm Mind|p1a: Love is in the air\n|-boost|p1a: Love is in the air|spa|1\n|-boost|p1a: Love is in the air|spd|1\n|\n|-heal|p1a: Love is in the air|82\/100|[from] item: Leftovers\n|upkeep\n|turn|7\n|\n|t:|1699302404\n|move|p1a: Love is in the air|Draining Kiss|p2a: Ting-Lu\n|-supereffective|p2a: Ting-Lu\n|-damage|p2a: Ting-Lu|51\/100\n|-heal|p1a: Love is in the air|100\/100|[from] drain|[of] p2a: Ting-Lu\n|move|p2a: Ting-Lu|Ruination|p1a: Love is in the air\n|-damage|p1a: Love is in the air|50\/100\n|\n|-heal|p1a: Love is in the air|57\/100|[from] item: Leftovers\n|-heal|p2a: Ting-Lu|57\/100|[from] item: Leftovers\n|upkeep\n|turn|8\n|\n|t:|1699302415\n|move|p1a: Love is in the air|Iron Defense|p1a: Love is in the air\n|-boost|p1a: Love is in the air|def|2\n|move|p2a: Ting-Lu|Spikes|p1a: Love is in the air\n|-sidestart|p1: SuperIllaoi|Spikes\n|\n|-heal|p1a: Love is in the air|63\/100|[from] item: Leftovers\n|-heal|p2a: Ting-Lu|64\/100|[from] item: Leftovers\n|upkeep\n|turn|9\n|\n|t:|1699302424\n|move|p1a: Love is in the air|Calm Mind|p1a: Love is in the air\n|-boost|p1a: Love is in the air|spa|1\n|-boost|p1a: Love is in the air|spd|1\n|move|p2a: Ting-Lu|Stone Edge|p1a: Love is in the air\n|-supereffective|p1a: Love is in the air\n|-damage|p1a: Love is in the air|48\/100\n|\n|-heal|p1a: Love is in the air|54\/100|[from] item: Leftovers\n|-heal|p2a: Ting-Lu|70\/100|[from] item: Leftovers\n|upkeep\n|turn|10\n|\n|t:|1699302439\n|-terastallize|p2a: Ting-Lu|Ghost\n|move|p1a: Love is in the air|Draining Kiss|p2a: Ting-Lu\n|-damage|p2a: Ting-Lu|37\/100\n|-heal|p1a: Love is in the air|90\/100|[from] drain|[of] p2a: Ting-Lu\n|move|p2a: Ting-Lu|Ruination|p1a: Love is in the air\n|-damage|p1a: Love is in the air|45\/100\n|\n|-heal|p1a: Love is in the air|51\/100|[from] item: Leftovers\n|-heal|p2a: Ting-Lu|43\/100|[from] item: Leftovers\n|-sideend|p1: SuperIllaoi|Reflect\n|upkeep\n|turn|11\n|\n|t:|1699302452\n|move|p1a: Love is in the air|Calm Mind|p1a: Love is in the air\n|-boost|p1a: Love is in the air|spa|1\n|-boost|p1a: Love is in the air|spd|1\n|move|p2a: Ting-Lu|Spikes|p1a: Love is in the air\n|-sidestart|p1: SuperIllaoi|Spikes\n|\n|-heal|p1a: Love is in the air|58\/100|[from] item: Leftovers\n|-heal|p2a: Ting-Lu|50\/100|[from] item: Leftovers\n|-sideend|p1: SuperIllaoi|move: Light Screen\n|upkeep\n|turn|12\n|\n|t:|1699302461\n|move|p1a: Love is in the air|Calm Mind|p1a: Love is in the air\n|-boost|p1a: Love is in the air|spa|1\n|-boost|p1a: Love is in the air|spd|1\n|move|p2a: Ting-Lu|Earthquake|p1a: Love is in the air\n|-immune|p1a: Love is in the air\n|\n|-heal|p1a: Love is in the air|64\/100|[from] item: Leftovers\n|-heal|p2a: Ting-Lu|56\/100|[from] item: Leftovers\n|upkeep\n|turn|13\n|\n|t:|1699302470\n|switch|p2a: Diancie|Diancie|100\/100\n|move|p1a: Love is in the air|Iron Defense|p1a: Love is in the air\n|-boost|p1a: Love is in the air|def|2\n|\n|-heal|p1a: Love is in the air|70\/100|[from] item: Leftovers\n|upkeep\n|turn|14\n|\n|t:|1699302480\n|move|p2a: Diancie|Protect|p2a: Diancie\n|-singleturn|p2a: Diancie|Protect\n|move|p1a: Love is in the air|Earth Power|p2a: Diancie\n|-activate|p2a: Diancie|move: Protect\n|\n|-heal|p1a: Love is in the air|76\/100|[from] item: Leftovers\n|upkeep\n|turn|15\n|\n|t:|1699302488\n|move|p2a: Diancie|Protect||[still]\n|-fail|p2a: Diancie\n|move|p1a: Love is in the air|Earth Power|p2a: Diancie\n|-supereffective|p2a: Diancie\n|-damage|p2a: Diancie|0 fnt\n|faint|p2a: Diancie\n|\n|-heal|p1a: Love is in the air|83\/100|[from] item: Leftovers\n|upkeep\n|\n|t:|1699302496\n|switch|p2a: Bellibolt|Bellibolt, M|100\/100\n|turn|16\n|\n|t:|1699302502\n|move|p1a: Love is in the air|Earth Power|p2a: Bellibolt\n|-supereffective|p2a: Bellibolt\n|-damage|p2a: Bellibolt|0 fnt\n|faint|p2a: Bellibolt\n|\n|-heal|p1a: Love is in the air|89\/100|[from] item: Leftovers\n|upkeep\n|\n|t:|1699302509\n|switch|p2a: Drednaw|Drednaw, M|100\/100\n|-item|p2a: Drednaw|Air Balloon\n|turn|17\n|\n|t:|1699302515\n|move|p2a: Drednaw|Liquidation|p1a: Love is in the air\n|-damage|p1a: Love is in the air|74\/100\n|move|p1a: Love is in the air|Draining Kiss|p2a: Drednaw\n|-damage|p2a: Drednaw|0 fnt\n|-heal|p1a: Love is in the air|100\/100|[from] drain|[of] p2a: Drednaw\n|-enditem|p2a: Drednaw|Air Balloon\n|faint|p2a: Drednaw\n|\n|upkeep\n|\n|t:|1699302523\n|switch|p2a: Ting-Lu|Ting-Lu, tera:Ghost|56\/100\n|-ability|p2a: Ting-Lu|Vessel of Ruin\n|turn|18\n|\n|t:|1699302527\n|move|p1a: Love is in the air|Draining Kiss|p2a: Ting-Lu\n|-damage|p2a: Ting-Lu|2\/100\n|move|p2a: Ting-Lu|Ruination|p1a: Love is in the air\n|-damage|p1a: Love is in the air|50\/100\n|\n|-heal|p1a: Love is in the air|57\/100|[from] item: Leftovers\n|-heal|p2a: Ting-Lu|8\/100|[from] item: Leftovers\n|upkeep\n|turn|19\n|\n|t:|1699302536\n|move|p1a: Love is in the air|Draining Kiss|p2a: Ting-Lu\n|-damage|p2a: Ting-Lu|0 fnt\n|-heal|p1a: Love is in the air|65\/100|[from] drain|[of] p2a: Ting-Lu\n|faint|p2a: Ting-Lu\n|\n|-heal|p1a: Love is in the air|71\/100|[from] item: Leftovers\n|upkeep\n|\n|t:|1699302542\n|switch|p2a: Garchomp|Garchomp, F|81\/100\n|turn|20\n|\n|t:|1699302545\n|move|p2a: Garchomp|Draco Meteor|p1a: Love is in the air\n|-immune|p1a: Love is in the air\n|move|p1a: Love is in the air|Draining Kiss|p2a: Garchomp\n|-supereffective|p2a: Garchomp\n|-damage|p2a: Garchomp|0 fnt\n|-heal|p1a: Love is in the air|100\/100|[from] drain|[of] p2a: Garchomp\n|-damage|p1a: Love is in the air|88\/100|[from] ability: Rough Skin|[of] p2a: Garchomp\n|faint|p2a: Garchomp\n|\n|win|SuperIllaoi\n|l|\u2606Increasetian\n","uploadtime":1699302558,"views":16,"p1id":"superillaoi","p2id":"increasetian","formatid":"gen9anythinggoes","rating":0,"private":0,"password":""}