{"id":"gen9anythinggoes-1982447751","p1":"pokeauraburst$-&","p2":"eavo x","format":"[Gen 9] Anything Goes","log":"|j|\u2606pokeauraburst$-&\n|j|\u2606eavo x\n|t:|1699015669\n|gametype|singles\n|player|p1|pokeauraburst$-&|red|\n|player|p2|eavo x|erika-gen2|\n|teamsize|p1|6\n|teamsize|p2|6\n|gen|9\n|tier|[Gen 9] Anything Goes\n|rule|HP Percentage Mod: HP is shown in percentages\n|rule|Endless Battle Clause: Forcing endless battles is banned\n|clearpoke\n|poke|p1|Miraidon|\n|poke|p1|Koraidon|\n|poke|p1|Ting-Lu|\n|poke|p1|Skeledirge, M|\n|poke|p1|Calyrex-Shadow|\n|poke|p1|Arceus-Poison|\n|poke|p2|Kingambit, F|\n|poke|p2|Ting-Lu|\n|poke|p2|Eternatus|\n|poke|p2|Calyrex-Shadow|\n|poke|p2|Landorus-Therian, M|\n|poke|p2|Koraidon|\n|teampreview\n|inactive|Battle timer is ON: inactive players will automatically lose when time's up. (requested by eavo x)\n|c|\u2606pokeauraburst$-&|Glhf\n|j| eavo x prim\n|inactive|pokeauraburst$-& has 270 seconds left.\n|\n|t:|1699015700\n|start\n|switch|p1a: Koraidon|Koraidon|100\/100\n|switch|p2a: In The Clouds|Landorus-Therian, M, shiny|100\/100\n|-weather|SunnyDay|[from] ability: Orichalcum Pulse|[of] p1a: Koraidon\n|-activate|p1a: Koraidon|Orichalcum Pulse|[source]\n|-ability|p2a: In The Clouds|Intimidate|boost\n|-unboost|p1a: Koraidon|atk|1\n|turn|1\n|\n|t:|1699015718\n|switch|p1a: Miraidon|Miraidon|100\/100\n|-fieldstart|move: Electric Terrain|[from] ability: Hadron Engine|[of] p1a: Miraidon\n|move|p2a: In The Clouds|Stealth Rock|p1a: Miraidon\n|-sidestart|p1: pokeauraburst$-&|move: Stealth Rock\n|\n|-weather|SunnyDay|[upkeep]\n|upkeep\n|turn|2\n|c| eavo x prim|wtf\n|\n|t:|1699015732\n|-terastallize|p2a: In The Clouds|Fairy\n|move|p1a: Miraidon|Solar Beam||[still]\n|-prepare|p1a: Miraidon|Solar Beam\n|-anim|p1a: Miraidon|Solar Beam|p2a: In The Clouds\n|-damage|p2a: In The Clouds|34\/100\n|move|p2a: In The Clouds|Earthquake|p1a: Miraidon\n|-supereffective|p1a: Miraidon\n|-damage|p1a: Miraidon|0 fnt\n|faint|p1a: Miraidon\n|\n|-weather|SunnyDay|[upkeep]\n|upkeep\n|\n|t:|1699015754\n|switch|p1a: Calyrex|Calyrex-Shadow|100\/100\n|-ability|p1a: Calyrex|As One\n|-ability|p1a: Calyrex|Unnerve\n|turn|3\n|\n|t:|1699015767\n|switch|p2a: The Botez Gambit|Kingambit, F, shiny|100\/100\n|move|p1a: Calyrex|Grass Knot|p2a: The Botez Gambit\n|-resisted|p2a: The Botez Gambit\n|-damage|p2a: The Botez Gambit|81\/100\n|\n|-weather|SunnyDay|[upkeep]\n|-heal|p2a: The Botez Gambit|87\/100|[from] item: Leftovers\n|upkeep\n|turn|4\n|\n|t:|1699015776\n|move|p1a: Calyrex|Nasty Plot|p1a: Calyrex\n|-boost|p1a: Calyrex|spa|2\n|move|p2a: The Botez Gambit|Kowtow Cleave|p1a: Calyrex\n|-supereffective|p1a: Calyrex\n|-damage|p1a: Calyrex|0 fnt\n|faint|p1a: Calyrex\n|\n|-weather|SunnyDay|[upkeep]\n|-heal|p2a: The Botez Gambit|93\/100|[from] item: Leftovers\n|upkeep\n|\n|t:|1699015782\n|switch|p1a: Ting-Lu|Ting-Lu|100\/100\n|-damage|p1a: Ting-Lu|94\/100|[from] Stealth Rock\n|-ability|p1a: Ting-Lu|Vessel of Ruin\n|turn|5\n|\n|t:|1699015790\n|move|p2a: The Botez Gambit|Swords Dance|p2a: The Botez Gambit\n|-boost|p2a: The Botez Gambit|atk|2\n|move|p1a: Ting-Lu|Spikes|p2a: The Botez Gambit\n|-sidestart|p2: eavo x|Spikes\n|\n|-weather|none\n|-heal|p2a: The Botez Gambit|99\/100|[from] item: Leftovers\n|-heal|p1a: Ting-Lu|100\/100|[from] item: Leftovers\n|-fieldend|move: Electric Terrain\n|upkeep\n|turn|6\n|\n|t:|1699015807\n|move|p2a: The Botez Gambit|Low Kick|p1a: Ting-Lu\n|-supereffective|p1a: Ting-Lu\n|-damage|p1a: Ting-Lu|12\/100\n|move|p1a: Ting-Lu|Whirlwind|p2a: The Botez Gambit\n|-end|p2a: The Botez Gambit|fallenundefined|[silent]\n|drag|p2a: In The Clouds|Landorus-Therian, M, shiny, tera:Fairy|34\/100\n|-damage|p2a: In The Clouds|22\/100|[from] Spikes\n|-ability|p2a: In The Clouds|Intimidate|boost\n|-unboost|p1a: Ting-Lu|atk|1\n|\n|-heal|p1a: Ting-Lu|19\/100|[from] item: Leftovers\n|upkeep\n|turn|7\n|\n|t:|1699015811\n|move|p2a: In The Clouds|Taunt|p1a: Ting-Lu\n|-start|p1a: Ting-Lu|move: Taunt\n|move|p1a: Ting-Lu|Earthquake|p2a: In The Clouds\n|-damage|p2a: In The Clouds|5\/100\n|\n|-heal|p1a: Ting-Lu|25\/100|[from] item: Leftovers\n|upkeep\n|turn|8\n|\n|t:|1699015818\n|move|p2a: In The Clouds|Earthquake|p1a: Ting-Lu\n|-damage|p1a: Ting-Lu|0 fnt\n|faint|p1a: Ting-Lu\n|\n|upkeep\n|\n|t:|1699015819\n|switch|p1a: Arceus|Arceus-Poison|100\/100\n|-damage|p1a: Arceus|88\/100|[from] Stealth Rock\n|turn|9\n|\n|t:|1699015845\n|move|p1a: Arceus|Judgment|p2a: In The Clouds\n|-supereffective|p2a: In The Clouds\n|-damage|p2a: In The Clouds|0 fnt\n|faint|p2a: In The Clouds\n|\n|upkeep\n|inactive|eavo x has 270 seconds left.\n|\n|t:|1699015860\n|switch|p2a: Desert Anchor|Ting-Lu|100\/100\n|-damage|p2a: Desert Anchor|88\/100|[from] Spikes\n|-ability|p2a: Desert Anchor|Vessel of Ruin\n|turn|10\n|\n|t:|1699015867\n|switch|p1a: Koraidon|Koraidon|100\/100\n|-damage|p1a: Koraidon|94\/100|[from] Stealth Rock\n|-weather|SunnyDay|[from] ability: Orichalcum Pulse|[of] p1a: Koraidon\n|-activate|p1a: Koraidon|Orichalcum Pulse|[source]\n|move|p2a: Desert Anchor|Earthquake|p1a: Koraidon\n|-damage|p1a: Koraidon|62\/100\n|\n|-weather|SunnyDay|[upkeep]\n|-heal|p2a: Desert Anchor|94\/100|[from] item: Leftovers\n|upkeep\n|turn|11\n|c|\u2606eavo x|o\n|inactive|eavo x has 270 seconds left.\n|c|\u2606eavo x|should have positioned this more carefully imo\n|\n|t:|1699015887\n|move|p1a: Koraidon|U-turn|p2a: Desert Anchor\n|-supereffective|p2a: Desert Anchor\n|-damage|p2a: Desert Anchor|58\/100\n|\n|t:|1699015894\n|switch|p1a: Arceus|Arceus-Poison|88\/100|[from] U-turn\n|-damage|p1a: Arceus|76\/100|[from] Stealth Rock\n|move|p2a: Desert Anchor|Earthquake|p1a: Arceus\n|-supereffective|p1a: Arceus\n|-damage|p1a: Arceus|27\/100\n|\n|-weather|SunnyDay|[upkeep]\n|-heal|p2a: Desert Anchor|64\/100|[from] item: Leftovers\n|upkeep\n|turn|12\n|\n|t:|1699015901\n|move|p1a: Arceus|Will-O-Wisp|p2a: Desert Anchor\n|-status|p2a: Desert Anchor|brn\n|move|p2a: Desert Anchor|Earthquake|p1a: Arceus\n|-supereffective|p1a: Arceus\n|-damage|p1a: Arceus|3\/100\n|\n|-weather|SunnyDay|[upkeep]\n|-heal|p2a: Desert Anchor|71\/100 brn|[from] item: Leftovers\n|-damage|p2a: Desert Anchor|64\/100 brn|[from] brn\n|upkeep\n|turn|13\n|\n|t:|1699015907\n|switch|p2a: The Dark Horse|Calyrex-Shadow|100\/100\n|-ability|p2a: The Dark Horse|As One\n|-ability|p2a: The Dark Horse|Unnerve\n|move|p1a: Arceus|Recover|p1a: Arceus\n|-heal|p1a: Arceus|53\/100\n|\n|-weather|SunnyDay|[upkeep]\n|upkeep\n|turn|14\n|c|\u2606pokeauraburst$-&|xD lol\n|\n|t:|1699015918\n|move|p2a: The Dark Horse|Encore|p1a: Arceus\n|-start|p1a: Arceus|Encore\n|move|p1a: Arceus|Recover|p1a: Arceus\n|-heal|p1a: Arceus|100\/100\n|\n|-weather|none\n|upkeep\n|turn|15\n|\n|t:|1699015926\n|switch|p1a: Skeledirge|Skeledirge, M|100\/100\n|move|p2a: The Dark Horse|Nasty Plot|p2a: The Dark Horse\n|-boost|p2a: The Dark Horse|spa|2\n|\n|upkeep\n|turn|16\n|\n|t:|1699015933\n|move|p2a: The Dark Horse|Astral Barrage|p1a: Skeledirge\n|-supereffective|p1a: Skeledirge\n|-damage|p1a: Skeledirge|0 fnt\n|faint|p1a: Skeledirge\n|-ability|p2a: The Dark Horse|Grim Neigh|boost\n|-boost|p2a: The Dark Horse|spa|1\n|\n|upkeep\n|\n|t:|1699015935\n|switch|p1a: Koraidon|Koraidon|62\/100\n|-damage|p1a: Koraidon|56\/100|[from] Stealth Rock\n|-weather|SunnyDay|[from] ability: Orichalcum Pulse|[of] p1a: Koraidon\n|-activate|p1a: Koraidon|Orichalcum Pulse|[source]\n|turn|17\n|\n|t:|1699015942\n|switch|p2a: Desert Anchor|Ting-Lu|64\/100 brn\n|-damage|p2a: Desert Anchor|52\/100 brn|[from] Spikes\n|-ability|p2a: Desert Anchor|Vessel of Ruin\n|-terastallize|p1a: Koraidon|Fire\n|move|p1a: Koraidon|Flare Blitz|p2a: Desert Anchor\n|-damage|p2a: Desert Anchor|0 fnt\n|faint|p2a: Desert Anchor\n|-damage|p1a: Koraidon|30\/100|[from] Recoil\n|\n|-weather|SunnyDay|[upkeep]\n|upkeep\n|\n|t:|1699015953\n|switch|p2a: Eternal Suffering|Eternatus, shiny|100\/100\n|-ability|p2a: Eternal Suffering|Pressure\n|turn|18\n|\n|t:|1699015956\n|switch|p1a: Arceus|Arceus-Poison|100\/100\n|-damage|p1a: Arceus|88\/100|[from] Stealth Rock\n|move|p2a: Eternal Suffering|Dynamax Cannon|p1a: Arceus\n|-damage|p1a: Arceus|64\/100\n|\n|-weather|SunnyDay|[upkeep]\n|upkeep\n|turn|19\n|\n|t:|1699015966\n|switch|p2a: The Dark Horse|Calyrex-Shadow|100\/100\n|-ability|p2a: The Dark Horse|As One\n|-ability|p2a: The Dark Horse|Unnerve\n|switch|p1a: Koraidon|Koraidon, tera:Fire|30\/100\n|-damage|p1a: Koraidon|5\/100|[from] Stealth Rock\n|-activate|p1a: Koraidon|ability: Orichalcum Pulse\n|\n|-weather|SunnyDay|[upkeep]\n|upkeep\n|turn|20\n|\n|t:|1699015972\n|switch|p2a: Eternal Suffering|Eternatus, shiny|100\/100\n|-ability|p2a: Eternal Suffering|Pressure\n|move|p1a: Koraidon|Dragon Claw|p2a: Eternal Suffering\n|-supereffective|p2a: Eternal Suffering\n|-damage|p2a: Eternal Suffering|5\/100\n|\n|-weather|SunnyDay|[upkeep]\n|upkeep\n|turn|21\n|\n|t:|1699015981\n|move|p1a: Koraidon|Dragon Claw|p2a: Eternal Suffering\n|-supereffective|p2a: Eternal Suffering\n|-damage|p2a: Eternal Suffering|0 fnt\n|faint|p2a: Eternal Suffering\n|\n|-weather|none\n|upkeep\n|\n|t:|1699015983\n|switch|p2a: The Botez Gambit|Kingambit, F, shiny|99\/100\n|-damage|p2a: The Botez Gambit|87\/100|[from] Spikes\n|-activate|p2a: The Botez Gambit|ability: Supreme Overlord\n|-start|p2a: The Botez Gambit|fallen3|[silent]\n|turn|22\n|\n|t:|1699015990\n|move|p2a: The Botez Gambit|Sucker Punch|p1a: Koraidon\n|-damage|p1a: Koraidon|0 fnt\n|faint|p1a: Koraidon\n|\n|-heal|p2a: The Botez Gambit|93\/100|[from] item: Leftovers\n|upkeep\n|\n|t:|1699015992\n|switch|p1a: Arceus|Arceus-Poison|64\/100\n|-damage|p1a: Arceus|52\/100|[from] Stealth Rock\n|turn|23\n|\n|t:|1699015999\n|-end|p2a: The Botez Gambit|fallen3|[silent]\n|switch|p2a: The Dark Horse|Calyrex-Shadow|100\/100\n|-ability|p2a: The Dark Horse|As One\n|-ability|p2a: The Dark Horse|Unnerve\n|move|p1a: Arceus|Judgment|p2a: The Dark Horse\n|-resisted|p2a: The Dark Horse\n|-damage|p2a: The Dark Horse|78\/100\n|\n|upkeep\n|turn|24\n|c|\u2606pokeauraburst$-&|Wp\n|\n|t:|1699016006\n|move|p2a: The Dark Horse|Nasty Plot|p2a: The Dark Horse\n|-boost|p2a: The Dark Horse|spa|2\n|move|p1a: Arceus|Stealth Rock|p2a: The Dark Horse\n|-sidestart|p2: eavo x|move: Stealth Rock\n|\n|upkeep\n|turn|25\n|c|\u2606eavo x|gg\n|-message|pokeauraburst$-& forfeited.\n|\n|win|eavo x\n|l|\u2606pokeauraburst$-&\n|c| eavo x prim|missed opportunity to click encore and win with kingambit\n","uploadtime":1699016018,"views":10,"p1id":"pokeauraburst","p2id":"eavox","formatid":"gen9anythinggoes","rating":0,"private":0,"password":""}