{"id":"gen9anythinggoes-1977619307","p1":"Smj2436","p2":"Orchid_Gravy1980","format":"[Gen 9] Anything Goes","log":"|j|\u2606Smj2436\n|j|\u2606Orchid_Gravy1980\n|t:|1698432422\n|gametype|singles\n|player|p1|Smj2436|170|1045\n|player|p2|Orchid_Gravy1980|266|1000\n|teamsize|p1|6\n|teamsize|p2|6\n|gen|9\n|tier|[Gen 9] Anything Goes\n|rated|\n|rule|HP Percentage Mod: HP is shown in percentages\n|rule|Endless Battle Clause: Forcing endless battles is banned\n|clearpoke\n|poke|p1|Drifblim, M|\n|poke|p1|Scream Tail|\n|poke|p1|Arboliva, M|\n|poke|p1|Gengar, M|\n|poke|p1|Enamorus, F|\n|poke|p1|Regieleki|\n|poke|p2|Iron Valiant|\n|poke|p2|Iron Leaves|\n|poke|p2|Iron Jugulis|\n|poke|p2|Iron Thorns|\n|poke|p2|Iron Hands|\n|poke|p2|Iron Moth|\n|teampreview\n|\n|t:|1698432429\n|start\n|switch|p1a: Regieleki|Regieleki|100\/100\n|switch|p2a: Iron Moth|Iron Moth|100\/100\n|turn|1\n|\n|t:|1698432437\n|move|p1a: Regieleki|Thunder Wave|p2a: Iron Moth\n|-status|p2a: Iron Moth|par\n|move|p2a: Iron Moth|Toxic Spikes|p1a: Regieleki\n|-sidestart|p1: Smj2436|move: Toxic Spikes\n|\n|upkeep\n|turn|2\n|\n|t:|1698432446\n|move|p1a: Regieleki|Substitute|p1a: Regieleki\n|-start|p1a: Regieleki|Substitute\n|-damage|p1a: Regieleki|76\/100\n|move|p2a: Iron Moth|Flame Charge|p1a: Regieleki\n|-end|p1a: Regieleki|Substitute\n|-boost|p2a: Iron Moth|spe|1\n|\n|upkeep\n|turn|3\n|\n|t:|1698432456\n|move|p1a: Regieleki|Thunder|p2a: Iron Moth|[miss]\n|-miss|p1a: Regieleki|p2a: Iron Moth\n|move|p2a: Iron Moth|Flame Charge|p1a: Regieleki\n|-damage|p1a: Regieleki|35\/100\n|-boost|p2a: Iron Moth|spe|1\n|\n|upkeep\n|turn|4\n|\n|t:|1698432471\n|move|p1a: Regieleki|Thunder|p2a: Iron Moth|[miss]\n|-miss|p1a: Regieleki|p2a: Iron Moth\n|move|p2a: Iron Moth|Flame Charge|p1a: Regieleki\n|-damage|p1a: Regieleki|0 fnt\n|-boost|p2a: Iron Moth|spe|1\n|faint|p1a: Regieleki\n|\n|upkeep\n|\n|t:|1698432485\n|switch|p1a: Scream Tail|Scream Tail|100\/100\n|-status|p1a: Scream Tail|psn\n|turn|5\n|\n|t:|1698432501\n|cant|p2a: Iron Moth|par\n|move|p1a: Scream Tail|Focus Blast|p2a: Iron Moth\n|-resisted|p2a: Iron Moth\n|-crit|p2a: Iron Moth\n|-damage|p2a: Iron Moth|88\/100 par\n|\n|-damage|p1a: Scream Tail|88\/100 psn|[from] psn\n|upkeep\n|turn|6\n|\n|t:|1698432518\n|-terastallize|p2a: Iron Moth|Fire\n|cant|p2a: Iron Moth|par\n|move|p1a: Scream Tail|Wish|p1a: Scream Tail\n|\n|-heal|p1a: Scream Tail|94\/100 psn|[from] item: Leftovers\n|-damage|p1a: Scream Tail|82\/100 psn|[from] psn\n|upkeep\n|turn|7\n|\n|t:|1698432531\n|move|p2a: Iron Moth|Fire Blast|p1a: Scream Tail\n|-damage|p1a: Scream Tail|25\/100 psn\n|move|p1a: Scream Tail|Focus Blast|p2a: Iron Moth|[miss]\n|-miss|p1a: Scream Tail|p2a: Iron Moth\n|\n|-heal|p1a: Scream Tail|75\/100 psn|[from] move: Wish|[wisher] Scream Tail\n|-heal|p1a: Scream Tail|82\/100 psn|[from] item: Leftovers\n|-damage|p1a: Scream Tail|69\/100 psn|[from] psn\n|upkeep\n|turn|8\n|\n|t:|1698432543\n|move|p1a: Scream Tail|Protect|p1a: Scream Tail\n|-singleturn|p1a: Scream Tail|Protect\n|move|p2a: Iron Moth|Fire Blast|p1a: Scream Tail\n|-activate|p1a: Scream Tail|move: Protect\n|\n|-heal|p1a: Scream Tail|75\/100 psn|[from] item: Leftovers\n|-damage|p1a: Scream Tail|63\/100 psn|[from] psn\n|upkeep\n|turn|9\n|\n|t:|1698432556\n|cant|p2a: Iron Moth|par\n|move|p1a: Scream Tail|Focus Blast|p2a: Iron Moth|[miss]\n|-miss|p1a: Scream Tail|p2a: Iron Moth\n|\n|-heal|p1a: Scream Tail|69\/100 psn|[from] item: Leftovers\n|-damage|p1a: Scream Tail|57\/100 psn|[from] psn\n|upkeep\n|turn|10\n|\n|t:|1698432567\n|move|p2a: Iron Moth|Toxic Spikes|p1a: Scream Tail\n|-sidestart|p1: Smj2436|move: Toxic Spikes\n|move|p1a: Scream Tail|Wish|p1a: Scream Tail\n|\n|-heal|p1a: Scream Tail|63\/100 psn|[from] item: Leftovers\n|-damage|p1a: Scream Tail|51\/100 psn|[from] psn\n|upkeep\n|turn|11\n|\n|t:|1698432577\n|move|p2a: Iron Moth|Fire Blast|p1a: Scream Tail|[miss]\n|-miss|p2a: Iron Moth|p1a: Scream Tail\n|move|p1a: Scream Tail|Focus Blast|p2a: Iron Moth\n|-damage|p2a: Iron Moth|69\/100 par\n|\n|-heal|p1a: Scream Tail|100\/100 psn|[from] move: Wish|[wisher] Scream Tail\n|-damage|p1a: Scream Tail|88\/100 psn|[from] psn\n|upkeep\n|turn|12\n|\n|t:|1698432587\n|move|p2a: Iron Moth|Fire Blast|p1a: Scream Tail\n|-damage|p1a: Scream Tail|33\/100 psn\n|move|p1a: Scream Tail|Focus Blast|p2a: Iron Moth\n|-damage|p2a: Iron Moth|51\/100 par\n|-unboost|p2a: Iron Moth|spd|1\n|\n|-heal|p1a: Scream Tail|39\/100 psn|[from] item: Leftovers\n|-damage|p1a: Scream Tail|27\/100 psn|[from] psn\n|upkeep\n|turn|13\n|\n|t:|1698432599\n|move|p2a: Iron Moth|Fire Blast|p1a: Scream Tail\n|-crit|p1a: Scream Tail\n|-damage|p1a: Scream Tail|0 fnt\n|faint|p1a: Scream Tail\n|-end|p1a: Scream Tail|Protosynthesis|[silent]\n|\n|upkeep\n|\n|t:|1698432607\n|switch|p1a: Gengar|Gengar, M|100\/100\n|-sideend|p1: Smj2436|move: Toxic Spikes|[of] p1a: Gengar\n|turn|14\n|\n|t:|1698432625\n|cant|p2a: Iron Moth|par\n|move|p1a: Gengar|Disable|p2a: Iron Moth\n|-start|p2a: Iron Moth|Disable|Fire Blast\n|\n|upkeep\n|turn|15\n|\n|t:|1698432636\n|move|p2a: Iron Moth|Flame Charge|p1a: Gengar\n|-damage|p1a: Gengar|67\/100\n|-boost|p2a: Iron Moth|spe|1\n|move|p1a: Gengar|Toxic||[still]\n|-fail|p1a: Gengar\n|\n|-heal|p1a: Gengar|73\/100|[from] item: Leftovers\n|upkeep\n|turn|16\n|\n|t:|1698432650\n|move|p1a: Gengar|Protect|p1a: Gengar\n|-singleturn|p1a: Gengar|Protect\n|move|p2a: Iron Moth|Acrobatics|p1a: Gengar\n|-activate|p1a: Gengar|move: Protect\n|\n|-heal|p1a: Gengar|79\/100|[from] item: Leftovers\n|upkeep\n|turn|17\n|\n|t:|1698432668\n|switch|p1a: Enamorus|Enamorus, F|100\/100\n|cant|p2a: Iron Moth|par\n|\n|upkeep\n|turn|18\n|\n|t:|1698432675\n|move|p2a: Iron Moth|Acrobatics|p1a: Enamorus\n|-damage|p1a: Enamorus|66\/100\n|move|p1a: Enamorus|Superpower|p2a: Iron Moth\n|-damage|p2a: Iron Moth|0 fnt\n|-boost|p1a: Enamorus|atk|1\n|-boost|p1a: Enamorus|def|1\n|faint|p2a: Iron Moth\n|-end|p2a: Iron Moth|Quark Drive|[silent]\n|\n|-heal|p1a: Enamorus|72\/100|[from] item: Leftovers\n|upkeep\n|\n|t:|1698432704\n|switch|p2a: Iron Thorns|Iron Thorns|100\/100\n|turn|19\n|\n|t:|1698432726\n|move|p1a: Enamorus|Superpower|p2a: Iron Thorns\n|-supereffective|p2a: Iron Thorns\n|-damage|p2a: Iron Thorns|6\/100\n|-boost|p1a: Enamorus|atk|1\n|-boost|p1a: Enamorus|def|1\n|move|p2a: Iron Thorns|Wild Charge|p1a: Enamorus\n|-supereffective|p1a: Enamorus\n|-damage|p1a: Enamorus|3\/100\n|-damage|p2a: Iron Thorns|0 fnt|[from] Recoil\n|faint|p2a: Iron Thorns\n|-end|p2a: Iron Thorns|Quark Drive|[silent]\n|\n|-heal|p1a: Enamorus|10\/100|[from] item: Leftovers\n|upkeep\n|\n|t:|1698432739\n|switch|p2a: Iron Jugulis|Iron Jugulis|100\/100\n|turn|20\n|\n|t:|1698432753\n|move|p1a: Enamorus|Protect|p1a: Enamorus\n|-singleturn|p1a: Enamorus|Protect\n|move|p2a: Iron Jugulis|Tailwind|p2a: Iron Jugulis\n|-sidestart|p2: Orchid_Gravy1980|move: Tailwind\n|\n|-heal|p1a: Enamorus|16\/100|[from] item: Leftovers\n|upkeep\n|turn|21\n|\n|t:|1698432759\n|move|p2a: Iron Jugulis|Air Slash|p1a: Enamorus\n|-damage|p1a: Enamorus|0 fnt\n|faint|p1a: Enamorus\n|\n|upkeep\n|\n|t:|1698432767\n|switch|p1a: Gengar|Gengar, M|79\/100\n|turn|22\n|\n|t:|1698432782\n|move|p2a: Iron Jugulis|Dark Pulse|p1a: Gengar\n|-supereffective|p1a: Gengar\n|-damage|p1a: Gengar|0 fnt\n|faint|p1a: Gengar\n|\n|upkeep\n|\n|t:|1698432789\n|switch|p1a: Arboliva|Arboliva, M|100\/100\n|turn|23\n|\n|t:|1698432798\n|move|p1a: Arboliva|Protect|p1a: Arboliva\n|-singleturn|p1a: Arboliva|Protect\n|move|p2a: Iron Jugulis|Air Slash|p1a: Arboliva\n|-activate|p1a: Arboliva|move: Protect\n|\n|-sideend|p2: Orchid_Gravy1980|move: Tailwind\n|upkeep\n|turn|24\n|\n|t:|1698432805\n|-end|p2a: Iron Jugulis|Quark Drive|[silent]\n|switch|p2a: Iron Hands|Iron Hands|100\/100\n|move|p1a: Arboliva|Leech Seed|p2a: Iron Hands\n|-start|p2a: Iron Hands|move: Leech Seed\n|\n|-damage|p2a: Iron Hands|88\/100|[from] Leech Seed|[of] p1a: Arboliva\n|upkeep\n|turn|25\n|\n|t:|1698432813\n|move|p2a: Iron Hands|Belly Drum|p2a: Iron Hands\n|-damage|p2a: Iron Hands|38\/100\n|-setboost|p2a: Iron Hands|atk|6|[from] move: Belly Drum\n|move|p1a: Arboliva|Substitute|p1a: Arboliva\n|-start|p1a: Arboliva|Substitute\n|-damage|p1a: Arboliva|75\/100\n|\n|-damage|p2a: Iron Hands|26\/100|[from] Leech Seed|[of] p1a: Arboliva\n|-heal|p1a: Arboliva|93\/100|[silent]\n|upkeep\n|turn|26\n|\n|t:|1698432826\n|move|p2a: Iron Hands|Iron Defense|p2a: Iron Hands\n|-boost|p2a: Iron Hands|def|2\n|move|p1a: Arboliva|Seed Bomb|p2a: Iron Hands\n|-damage|p2a: Iron Hands|20\/100\n|\n|-damage|p2a: Iron Hands|8\/100|[from] Leech Seed|[of] p1a: Arboliva\n|-heal|p1a: Arboliva|100\/100|[silent]\n|upkeep\n|turn|27\n|\n|t:|1698432856\n|move|p2a: Iron Hands|Close Combat|p1a: Arboliva\n|-supereffective|p1a: Arboliva\n|-end|p1a: Arboliva|Substitute\n|-unboost|p2a: Iron Hands|def|1\n|-unboost|p2a: Iron Hands|spd|1\n|move|p1a: Arboliva|Seed Bomb|p2a: Iron Hands\n|-damage|p2a: Iron Hands|0 fnt\n|faint|p2a: Iron Hands\n|-end|p2a: Iron Hands|Quark Drive|[silent]\n|\n|upkeep\n|\n|t:|1698432867\n|switch|p2a: Iron Jugulis|Iron Jugulis|100\/100\n|turn|28\n|\n|t:|1698432876\n|switch|p1a: Drifblim|Drifblim, M|100\/100\n|move|p2a: Iron Jugulis|Air Slash|p1a: Drifblim\n|-damage|p1a: Drifblim|56\/100\n|\n|-heal|p1a: Drifblim|62\/100|[from] item: Leftovers\n|upkeep\n|turn|29\n|c|\u2606Orchid_Gravy1980|this is a good battle\n|\n|t:|1698432888\n|move|p2a: Iron Jugulis|Dark Pulse|p1a: Drifblim\n|-supereffective|p1a: Drifblim\n|-damage|p1a: Drifblim|0 fnt\n|faint|p1a: Drifblim\n|\n|upkeep\n|\n|t:|1698432894\n|switch|p1a: Arboliva|Arboliva, M|100\/100\n|turn|30\n|\n|t:|1698432900\n|-end|p2a: Iron Jugulis|Quark Drive|[silent]\n|switch|p2a: Iron Valiant|Iron Valiant|100\/100\n|move|p1a: Arboliva|Protect||[still]\n|-fail|p1a: Arboliva\n|\n|upkeep\n|turn|31\n|\n|t:|1698432906\n|move|p2a: Iron Valiant|Calm Mind|p2a: Iron Valiant\n|-boost|p2a: Iron Valiant|spa|1\n|-boost|p2a: Iron Valiant|spd|1\n|move|p1a: Arboliva|Leech Seed|p2a: Iron Valiant\n|-start|p2a: Iron Valiant|move: Leech Seed\n|\n|-damage|p2a: Iron Valiant|88\/100|[from] Leech Seed|[of] p1a: Arboliva\n|upkeep\n|turn|32\n|\n|t:|1698432916\n|move|p2a: Iron Valiant|Close Combat|p1a: Arboliva\n|-supereffective|p1a: Arboliva\n|-damage|p1a: Arboliva|15\/100\n|-unboost|p2a: Iron Valiant|def|1\n|-unboost|p2a: Iron Valiant|spd|1\n|-fieldstart|move: Grassy Terrain|[from] ability: Seed Sower|[of] p1a: Arboliva\n|-enditem|p1a: Arboliva|Figy Berry|[eat]\n|-heal|p1a: Arboliva|49\/100|[from] item: Figy Berry\n|-start|p1a: Arboliva|confusion\n|-activate|p1a: Arboliva|confusion\n|move|p1a: Arboliva|Substitute|p1a: Arboliva\n|-start|p1a: Arboliva|Substitute\n|-damage|p1a: Arboliva|24\/100\n|\n|-heal|p2a: Iron Valiant|94\/100|[from] Grassy Terrain\n|-heal|p1a: Arboliva|30\/100|[from] Grassy Terrain\n|-damage|p2a: Iron Valiant|82\/100|[from] Leech Seed|[of] p1a: Arboliva\n|-heal|p1a: Arboliva|40\/100|[silent]\n|upkeep\n|turn|33\n|\n|t:|1698432934\n|-activate|p1a: Arboliva|confusion\n|move|p1a: Arboliva|Protect|p1a: Arboliva\n|-singleturn|p1a: Arboliva|Protect\n|move|p2a: Iron Valiant|Swords Dance|p2a: Iron Valiant\n|-boost|p2a: Iron Valiant|atk|2\n|\n|-heal|p2a: Iron Valiant|88\/100|[from] Grassy Terrain\n|-heal|p1a: Arboliva|46\/100|[from] Grassy Terrain\n|-damage|p2a: Iron Valiant|76\/100|[from] Leech Seed|[of] p1a: Arboliva\n|-heal|p1a: Arboliva|56\/100|[silent]\n|upkeep\n|turn|34\n|\n|t:|1698432945\n|move|p2a: Iron Valiant|Swords Dance|p2a: Iron Valiant\n|-boost|p2a: Iron Valiant|atk|2\n|-end|p1a: Arboliva|confusion\n|move|p1a: Arboliva|Seed Bomb|p2a: Iron Valiant\n|-damage|p2a: Iron Valiant|30\/100\n|\n|-heal|p2a: Iron Valiant|36\/100|[from] Grassy Terrain\n|-heal|p1a: Arboliva|62\/100|[from] Grassy Terrain\n|-damage|p2a: Iron Valiant|24\/100|[from] Leech Seed|[of] p1a: Arboliva\n|-heal|p1a: Arboliva|72\/100|[silent]\n|upkeep\n|turn|35\n|\n|t:|1698432959\n|move|p2a: Iron Valiant|Close Combat|p1a: Arboliva\n|-supereffective|p1a: Arboliva\n|-end|p1a: Arboliva|Substitute\n|-unboost|p2a: Iron Valiant|def|1\n|-unboost|p2a: Iron Valiant|spd|1\n|move|p1a: Arboliva|Seed Bomb|p2a: Iron Valiant\n|-damage|p2a: Iron Valiant|0 fnt\n|faint|p2a: Iron Valiant\n|-end|p2a: Iron Valiant|Quark Drive|[silent]\n|\n|-heal|p1a: Arboliva|78\/100|[from] Grassy Terrain\n|upkeep\n|\n|t:|1698432969\n|switch|p2a: Iron Leaves|Iron Leaves|100\/100\n|turn|36\n|\n|t:|1698432981\n|move|p2a: Iron Leaves|Close Combat|p1a: Arboliva\n|-supereffective|p1a: Arboliva\n|-damage|p1a: Arboliva|7\/100\n|-unboost|p2a: Iron Leaves|def|1\n|-unboost|p2a: Iron Leaves|spd|1\n|move|p1a: Arboliva|Leech Seed|p2a: Iron Leaves\n|-immune|p2a: Iron Leaves\n|\n|-heal|p1a: Arboliva|13\/100|[from] Grassy Terrain\n|-fieldend|move: Grassy Terrain\n|upkeep\n|turn|37\n|\n|t:|1698432994\n|move|p1a: Arboliva|Protect|p1a: Arboliva\n|-singleturn|p1a: Arboliva|Protect\n|move|p2a: Iron Leaves|Giga Drain|p1a: Arboliva\n|-activate|p1a: Arboliva|move: Protect\n|\n|upkeep\n|turn|38\n|\n|t:|1698433002\n|move|p2a: Iron Leaves|Giga Drain|p1a: Arboliva\n|-resisted|p1a: Arboliva\n|-damage|p1a: Arboliva|4\/100\n|-fieldstart|move: Grassy Terrain|[from] ability: Seed Sower|[of] p1a: Arboliva\n|move|p1a: Arboliva|Seed Bomb|p2a: Iron Leaves\n|-resisted|p2a: Iron Leaves\n|-damage|p2a: Iron Leaves|79\/100\n|\n|-heal|p2a: Iron Leaves|85\/100|[from] Grassy Terrain\n|-heal|p2a: Iron Leaves|91\/100|[from] item: Leftovers\n|-heal|p1a: Arboliva|10\/100|[from] Grassy Terrain\n|upkeep\n|turn|39\n|\n|t:|1698433015\n|-terastallize|p1a: Arboliva|Grass\n|move|p1a: Arboliva|Protect|p1a: Arboliva\n|-singleturn|p1a: Arboliva|Protect\n|move|p2a: Iron Leaves|Sacred Sword|p1a: Arboliva\n|-activate|p1a: Arboliva|move: Protect\n|\n|-heal|p2a: Iron Leaves|97\/100|[from] Grassy Terrain\n|-heal|p2a: Iron Leaves|100\/100|[from] item: Leftovers\n|-heal|p1a: Arboliva|16\/100|[from] Grassy Terrain\n|upkeep\n|turn|40\n|c|\u2606Orchid_Gravy1980|gg\n|\n|t:|1698433031\n|move|p2a: Iron Leaves|Sacred Sword|p1a: Arboliva\n|-damage|p1a: Arboliva|0 fnt\n|faint|p1a: Arboliva\n|\n|win|Orchid_Gravy1980\n|raw|Smj2436's rating: 1045 &rarr; <strong>1026<\/strong><br \/>(-19 for losing)\n|raw|Orchid_Gravy1980's rating: 1000 &rarr; <strong>1045<\/strong><br \/>(+45 for winning)\n","uploadtime":1698433043,"views":8,"p1id":"smj2436","p2id":"orchidgravy1980","formatid":"gen9anythinggoes","rating":1026,"private":0,"password":""}