{"id":"gen9anythinggoes-1985910195","p1":"Kkru","p2":"techninja850","format":"[Gen 9] Anything Goes","log":"|j|\u2606Kkru\n|j|\u2606techninja850\n|t:|1699421202\n|gametype|singles\n|player|p1|Kkru|swimmerf-gen4|\n|player|p2|techninja850|169|\n|teamsize|p1|6\n|teamsize|p2|6\n|gen|9\n|tier|[Gen 9] Anything Goes\n|rule|HP Percentage Mod: HP is shown in percentages\n|rule|Endless Battle Clause: Forcing endless battles is banned\n|clearpoke\n|poke|p1|Quaquaval, M|\n|poke|p1|Toxtricity, M|\n|poke|p1|Chien-Pao|\n|poke|p1|Corviknight, F|\n|poke|p1|Iron Moth|\n|poke|p1|Flutter Mane|\n|poke|p2|Oshawott, M|\n|poke|p2|Greninja-*, M|\n|poke|p2|Darkrai|\n|poke|p2|Lokix, M|\n|poke|p2|Gengar, F|\n|poke|p2|Kingambit, M|\n|teampreview\n|\n|t:|1699421216\n|start\n|switch|p1a: Quaquaval|Quaquaval, M|100\/100\n|switch|p2a: MasterBaiter|Gengar, F|100\/100\n|turn|1\n|\n|t:|1699421239\n|move|p2a: MasterBaiter|Shadow Ball|p1a: Quaquaval\n|-damage|p1a: Quaquaval|41\/100\n|move|p1a: Quaquaval|Aqua Step|p2a: MasterBaiter\n|-damage|p2a: MasterBaiter|25\/100\n|-boost|p1a: Quaquaval|spe|1\n|\n|upkeep\n|turn|2\n|\n|t:|1699421246\n|move|p1a: Quaquaval|Aqua Step|p2a: MasterBaiter\n|-crit|p2a: MasterBaiter\n|-damage|p2a: MasterBaiter|0 fnt\n|-boost|p1a: Quaquaval|spe|1\n|faint|p2a: MasterBaiter\n|-ability|p1a: Quaquaval|Moxie|boost\n|-boost|p1a: Quaquaval|atk|1\n|\n|upkeep\n|\n|t:|1699421252\n|switch|p2a: Durant|Lokix, M|100\/100\n|turn|3\n|\n|t:|1699421258\n|move|p2a: Durant|First Impression|p1a: Quaquaval\n|-resisted|p1a: Quaquaval\n|-damage|p1a: Quaquaval|0 fnt\n|faint|p1a: Quaquaval\n|\n|upkeep\n|\n|t:|1699421268\n|switch|p1a: Corviknight|Corviknight, F, shiny|100\/100\n|turn|4\n|\n|t:|1699421273\n|switch|p2a: Edgyboi|Darkrai|100\/100\n|move|p1a: Corviknight|Brave Bird|p2a: Edgyboi\n|-damage|p2a: Edgyboi|59\/100\n|-damage|p1a: Corviknight|89\/100|[from] Recoil\n|\n|-heal|p2a: Edgyboi|66\/100|[from] item: Leftovers\n|-heal|p1a: Corviknight|95\/100|[from] item: Leftovers\n|upkeep\n|turn|5\n|\n|t:|1699421293\n|switch|p1a: Iron Moth|Iron Moth|100\/100\n|-enditem|p1a: Iron Moth|Booster Energy\n|-activate|p1a: Iron Moth|ability: Quark Drive|[fromitem]\n|-start|p1a: Iron Moth|quarkdrivespa\n|move|p2a: Edgyboi|Hypnosis|p1a: Iron Moth\n|-status|p1a: Iron Moth|slp|[from] move: Hypnosis\n|\n|-heal|p2a: Edgyboi|72\/100|[from] item: Leftovers\n|-damage|p1a: Iron Moth|88\/100 slp|[from] ability: Bad Dreams|[of] p2a: Edgyboi\n|upkeep\n|turn|6\n|\n|t:|1699421302\n|-end|p1a: Iron Moth|Quark Drive|[silent]\n|switch|p1a: Flutter Mane|Flutter Mane|100\/100\n|move|p2a: Edgyboi|Substitute|p2a: Edgyboi\n|-start|p2a: Edgyboi|Substitute\n|-damage|p2a: Edgyboi|47\/100\n|\n|-heal|p2a: Edgyboi|53\/100|[from] item: Leftovers\n|upkeep\n|turn|7\n|\n|t:|1699421313\n|-end|p1a: Flutter Mane|Protosynthesis|[silent]\n|switch|p1a: Iron Moth|Iron Moth|88\/100 slp\n|move|p2a: Edgyboi|Hypnosis|p1a: Iron Moth|[miss]\n|-miss|p2a: Edgyboi|p1a: Iron Moth\n|\n|-heal|p2a: Edgyboi|59\/100|[from] item: Leftovers\n|-damage|p1a: Iron Moth|76\/100 slp|[from] ability: Bad Dreams|[of] p2a: Edgyboi\n|upkeep\n|turn|8\n|\n|t:|1699421325\n|move|p2a: Edgyboi|Dark Pulse|p1a: Iron Moth\n|-damage|p1a: Iron Moth|36\/100 slp\n|cant|p1a: Iron Moth|slp\n|\n|-heal|p2a: Edgyboi|65\/100|[from] item: Leftovers\n|-damage|p1a: Iron Moth|24\/100 slp|[from] ability: Bad Dreams|[of] p2a: Edgyboi\n|upkeep\n|turn|9\n|\n|t:|1699421332\n|-end|p1a: Iron Moth|Quark Drive|[silent]\n|switch|p1a: Flutter Mane|Flutter Mane|100\/100\n|move|p2a: Edgyboi|Dark Pulse|p1a: Flutter Mane\n|-damage|p1a: Flutter Mane|59\/100\n|\n|-heal|p2a: Edgyboi|71\/100|[from] item: Leftovers\n|upkeep\n|turn|10\n|\n|t:|1699421343\n|move|p1a: Flutter Mane|Shadow Ball|p2a: Edgyboi\n|-resisted|p2a: Edgyboi\n|-activate|p2a: Edgyboi|move: Substitute|[damage]\n|move|p2a: Edgyboi|Dark Pulse|p1a: Flutter Mane\n|-damage|p1a: Flutter Mane|25\/100\n|\n|-heal|p2a: Edgyboi|77\/100|[from] item: Leftovers\n|upkeep\n|turn|11\n|\n|t:|1699421350\n|move|p1a: Flutter Mane|Moonblast|p2a: Edgyboi\n|-supereffective|p2a: Edgyboi\n|-end|p2a: Edgyboi|Substitute\n|move|p2a: Edgyboi|Dark Pulse|p1a: Flutter Mane\n|-damage|p1a: Flutter Mane|0 fnt\n|faint|p1a: Flutter Mane\n|-end|p1a: Flutter Mane|Protosynthesis|[silent]\n|\n|-heal|p2a: Edgyboi|84\/100|[from] item: Leftovers\n|upkeep\n|\n|t:|1699421353\n|switch|p1a: Corviknight|Corviknight, F, shiny|95\/100\n|turn|12\n|\n|t:|1699421360\n|switch|p1a: Iron Moth|Iron Moth|24\/100 slp\n|move|p2a: Edgyboi|Hypnosis|p1a: Iron Moth|[miss]\n|-miss|p2a: Edgyboi|p1a: Iron Moth\n|\n|-heal|p2a: Edgyboi|90\/100|[from] item: Leftovers\n|-damage|p1a: Iron Moth|11\/100 slp|[from] ability: Bad Dreams|[of] p2a: Edgyboi\n|upkeep\n|turn|13\n|\n|t:|1699421370\n|move|p2a: Edgyboi|Dark Pulse|p1a: Iron Moth\n|-damage|p1a: Iron Moth|0 fnt\n|faint|p1a: Iron Moth\n|-end|p1a: Iron Moth|Quark Drive|[silent]\n|\n|-heal|p2a: Edgyboi|96\/100|[from] item: Leftovers\n|upkeep\n|\n|t:|1699421375\n|switch|p1a: Chien-Pao|Chien-Pao|100\/100\n|-ability|p1a: Chien-Pao|Sword of Ruin\n|turn|14\n|\n|t:|1699421382\n|move|p1a: Chien-Pao|Icicle Crash|p2a: Edgyboi\n|-crit|p2a: Edgyboi\n|-damage|p2a: Edgyboi|4\/100\n|move|p2a: Edgyboi|Hypnosis|p1a: Chien-Pao|[miss]\n|-miss|p2a: Edgyboi|p1a: Chien-Pao\n|\n|-heal|p2a: Edgyboi|10\/100|[from] item: Leftovers\n|upkeep\n|turn|15\n|\n|t:|1699421395\n|move|p1a: Chien-Pao|Tera Blast|p2a: Edgyboi\n|-damage|p2a: Edgyboi|0 fnt\n|faint|p2a: Edgyboi\n|\n|upkeep\n|\n|t:|1699421403\n|switch|p2a: Durant|Lokix, M|100\/100\n|turn|16\n|\n|t:|1699421408\n|switch|p1a: Corviknight|Corviknight, F, shiny|95\/100\n|move|p2a: Durant|Brick Break|p1a: Corviknight\n|-damage|p1a: Corviknight|67\/100\n|\n|-heal|p1a: Corviknight|74\/100|[from] item: Leftovers\n|upkeep\n|turn|17\n|\n|t:|1699421416\n|switch|p2a: Dattebayo|Greninja, M, shiny|100\/100\n|move|p1a: Corviknight|Bulk Up|p1a: Corviknight\n|-boost|p1a: Corviknight|atk|1\n|-boost|p1a: Corviknight|def|1\n|\n|-heal|p1a: Corviknight|80\/100|[from] item: Leftovers\n|upkeep\n|turn|18\n|\n|t:|1699421427\n|move|p2a: Dattebayo|Water Shuriken|p1a: Corviknight\n|-start|p2a: Dattebayo|typechange|Water|[from] ability: Protean\n|-damage|p1a: Corviknight|75\/100\n|-damage|p1a: Corviknight|69\/100\n|-damage|p1a: Corviknight|64\/100\n|-damage|p1a: Corviknight|59\/100\n|-damage|p1a: Corviknight|54\/100\n|-hitcount|p1a: Corviknight|5\n|move|p1a: Corviknight|Body Press|p2a: Dattebayo\n|-damage|p2a: Dattebayo|52\/100\n|\n|-heal|p1a: Corviknight|60\/100|[from] item: Leftovers\n|upkeep\n|turn|19\n|\n|t:|1699421440\n|move|p2a: Dattebayo|Water Shuriken|p1a: Corviknight\n|-damage|p1a: Corviknight|55\/100\n|-damage|p1a: Corviknight|49\/100\n|-damage|p1a: Corviknight|44\/100\n|-damage|p1a: Corviknight|39\/100\n|-damage|p1a: Corviknight|34\/100\n|-hitcount|p1a: Corviknight|5\n|move|p1a: Corviknight|Body Press|p2a: Dattebayo\n|-damage|p2a: Dattebayo|4\/100\n|\n|-heal|p1a: Corviknight|40\/100|[from] item: Leftovers\n|upkeep\n|turn|20\n|\n|t:|1699421444\n|move|p2a: Dattebayo|Water Shuriken|p1a: Corviknight\n|-damage|p1a: Corviknight|35\/100\n|-damage|p1a: Corviknight|30\/100\n|-damage|p1a: Corviknight|25\/100\n|-damage|p1a: Corviknight|20\/100\n|-damage|p1a: Corviknight|15\/100\n|-hitcount|p1a: Corviknight|5\n|move|p1a: Corviknight|Body Press|p2a: Dattebayo\n|-damage|p2a: Dattebayo|0 fnt\n|faint|p2a: Dattebayo\n|\n|-heal|p1a: Corviknight|21\/100|[from] item: Leftovers\n|upkeep\n|\n|t:|1699421453\n|switch|p2a: Oshiwashi :3|Oshawott, M|100\/100\n|turn|21\n|\n|t:|1699421463\n|move|p1a: Corviknight|Brave Bird|p2a: Oshiwashi :3\n|-enditem|p2a: Oshiwashi :3|Focus Sash\n|-damage|p2a: Oshiwashi :3|1\/100\n|-damage|p1a: Corviknight|0 fnt|[from] Recoil\n|faint|p1a: Corviknight\n|move|p2a: Oshiwashi :3|Avalanche|p1: Corviknight|[notarget]\n|-fail|p2a: Oshiwashi :3\n|\n|upkeep\n|\n|t:|1699421470\n|switch|p1a: Chien-Pao|Chien-Pao|100\/100\n|-ability|p1a: Chien-Pao|Sword of Ruin\n|turn|22\n|\n|t:|1699421476\n|move|p2a: Oshiwashi :3|Aqua Jet|p1a: Chien-Pao\n|-damage|p1a: Chien-Pao|80\/100\n|move|p1a: Chien-Pao|Icicle Crash|p2a: Oshiwashi :3\n|-resisted|p2a: Oshiwashi :3\n|-damage|p2a: Oshiwashi :3|0 fnt\n|faint|p2a: Oshiwashi :3\n|\n|upkeep\n|\n|t:|1699421481\n|switch|p2a: Durant|Lokix, M|100\/100\n|turn|23\n|\n|t:|1699421490\n|-terastallize|p2a: Durant|Bug\n|move|p2a: Durant|First Impression|p1a: Chien-Pao\n|-supereffective|p1a: Chien-Pao\n|-damage|p1a: Chien-Pao|0 fnt\n|faint|p1a: Chien-Pao\n|\n|upkeep\n|\n|t:|1699421495\n|switch|p1a: Toxtricity|Toxtricity, M, shiny|100\/100\n|turn|24\n|\n|t:|1699421507\n|switch|p2a: Iguodala|Kingambit, M|100\/100\n|-activate|p2a: Iguodala|ability: Supreme Overlord\n|-start|p2a: Iguodala|fallen4|[silent]\n|-item|p2a: Iguodala|Air Balloon\n|move|p1a: Toxtricity|Shift Gear|p1a: Toxtricity\n|-boost|p1a: Toxtricity|spe|2\n|-boost|p1a: Toxtricity|atk|1\n|\n|upkeep\n|turn|25\n|\n|t:|1699421521\n|move|p2a: Iguodala|Sucker Punch|p1a: Toxtricity\n|-damage|p1a: Toxtricity|21\/100\n|move|p1a: Toxtricity|Drain Punch|p2a: Iguodala\n|-supereffective|p2a: Iguodala\n|-damage|p2a: Iguodala|0 fnt\n|-heal|p1a: Toxtricity|78\/100|[from] drain|[of] p2a: Iguodala\n|-enditem|p2a: Iguodala|Air Balloon\n|faint|p2a: Iguodala\n|-end|p2a: Iguodala|fallen4|[silent]\n|-damage|p1a: Toxtricity|68\/100|[from] item: Life Orb\n|\n|upkeep\n|\n|t:|1699421527\n|switch|p2a: Durant|Lokix, M, tera:Bug|100\/100\n|turn|26\n|\n|t:|1699421543\n|move|p2a: Durant|First Impression|p1a: Toxtricity\n|-resisted|p1a: Toxtricity\n|-damage|p1a: Toxtricity|0 fnt\n|faint|p1a: Toxtricity\n|\n|win|techninja850\n|c|\u2606techninja850|gg\n|c|\u2606Kkru|Damn\n|c|\u2606Kkru|gg\n|l|\u2606techninja850\n|l|\u2606Kkru\n|j|\u2606techninja850\n|player|p2|techninja850|169\n","uploadtime":1699421631,"views":4,"p1id":"kkru","p2id":"techninja850","formatid":"gen9anythinggoes","rating":0,"private":0,"password":""}