{"id":"gen9anythinggoes-1977608702","p1":"LingLing007","p2":"Bloodycat","format":"[Gen 9] Anything Goes","log":"|j|\u2606LingLing007\n|j|\u2606Bloodycat\n|t:|1698431498\n|gametype|singles\n|player|p1|LingLing007|proton|1228\n|player|p2|Bloodycat|parasollady|1141\n|teamsize|p1|6\n|teamsize|p2|6\n|gen|9\n|tier|[Gen 9] Anything Goes\n|rated|\n|rule|HP Percentage Mod: HP is shown in percentages\n|rule|Endless Battle Clause: Forcing endless battles is banned\n|clearpoke\n|poke|p1|Roaring Moon|\n|poke|p1|Gengar, M|\n|poke|p1|Corviknight, F|\n|poke|p1|Ursaluna-Bloodmoon, M|\n|poke|p1|Indeedee-F, F|\n|poke|p1|Flutter Mane|\n|poke|p2|Iron Leaves|\n|poke|p2|Mightyena, F|\n|poke|p2|Furret, F|\n|poke|p2|Veluza, F|\n|poke|p2|Altaria, F|\n|poke|p2|Blissey, F|\n|teampreview\n|\n|t:|1698431505\n|start\n|switch|p1a: Gengar|Gengar, M|100\/100\n|switch|p2a: Blissey|Blissey, F|100\/100\n|turn|1\n|\n|t:|1698431510\n|move|p1a: Gengar|Mean Look|p2a: Blissey\n|-activate|p2a: Blissey|trapped\n|move|p2a: Blissey|Thunder Wave|p1a: Gengar\n|-status|p1a: Gengar|par\n|\n|upkeep\n|turn|2\n|\n|t:|1698431514\n|move|p1a: Gengar|Perish Song|p1a: Gengar\n|-start|p1a: Gengar|perish3|[silent]\n|-start|p2a: Blissey|perish3|[silent]\n|-fieldactivate|move: Perish Song\n|move|p2a: Blissey|Shadow Ball|p1a: Gengar\n|-supereffective|p1a: Gengar\n|-damage|p1a: Gengar|53\/100 par\n|\n|-start|p1a: Gengar|perish3\n|-start|p2a: Blissey|perish3\n|upkeep\n|turn|3\n|\n|t:|1698431522\n|move|p1a: Gengar|Destiny Bond|p1a: Gengar\n|-singlemove|p1a: Gengar|Destiny Bond\n|move|p2a: Blissey|Shadow Ball|p1a: Gengar\n|-supereffective|p1a: Gengar\n|-damage|p1a: Gengar|4\/100 par\n|-start|p2a: Blissey|Disable|Shadow Ball|[from] ability: Cursed Body|[of] p1a: Gengar\n|\n|-start|p1a: Gengar|perish2\n|-start|p2a: Blissey|perish2\n|upkeep\n|turn|4\n|\n|t:|1698431532\n|move|p1a: Gengar|Encore|p2a: Blissey\n|-start|p2a: Blissey|Encore\n|cant|p2a: Blissey|Disable|Shadow Ball\n|\n|-start|p1a: Gengar|perish1\n|-start|p2a: Blissey|perish1\n|upkeep\n|turn|5\n|\n|t:|1698431545\n|switch|p1a: Ursaluna|Ursaluna-Bloodmoon, M|100\/100\n|-activate|p2a: Blissey|move: Struggle\n|move|p2a: Blissey|Struggle|p1a: Ursaluna\n|-damage|p1a: Ursaluna|99\/100\n|-damage|p2a: Blissey|75\/100|[from] recoil\n|\n|-start|p2a: Blissey|perish0\n|upkeep\n|faint|p2a: Blissey\n|\n|t:|1698431554\n|switch|p2a: Iron Leaves|Iron Leaves|100\/100\n|-enditem|p2a: Iron Leaves|Booster Energy\n|-activate|p2a: Iron Leaves|ability: Quark Drive|[fromitem]\n|-start|p2a: Iron Leaves|quarkdriveatk\n|turn|6\n|\n|t:|1698431564\n|-terastallize|p1a: Ursaluna|Fighting\n|move|p2a: Iron Leaves|Leaf Blade|p1a: Ursaluna\n|-damage|p1a: Ursaluna|56\/100\n|move|p1a: Ursaluna|Calm Mind|p1a: Ursaluna\n|-boost|p1a: Ursaluna|spa|1\n|-boost|p1a: Ursaluna|spd|1\n|\n|upkeep\n|turn|7\n|-activate|p1a: Ursaluna|item: Quick Claw\n|\n|t:|1698431572\n|move|p1a: Ursaluna|Blood Moon|p2a: Iron Leaves\n|-damage|p2a: Iron Leaves|0 fnt\n|faint|p2a: Iron Leaves\n|-end|p2a: Iron Leaves|Quark Drive|[silent]\n|\n|upkeep\n|\n|t:|1698431578\n|switch|p2a: Veluza|Veluza, F|100\/100\n|turn|8\n|\n|t:|1698431582\n|move|p1a: Ursaluna|Vacuum Wave|p2a: Veluza\n|-resisted|p2a: Veluza\n|-damage|p2a: Veluza|81\/100\n|move|p2a: Veluza|Psycho Cut|p1a: Ursaluna\n|-supereffective|p1a: Ursaluna\n|-crit|p1a: Ursaluna\n|-damage|p1a: Ursaluna|0 fnt\n|faint|p1a: Ursaluna\n|\n|upkeep\n|\n|t:|1698431586\n|switch|p1a: Gengar|Gengar, M|4\/100 par\n|turn|9\n|\n|t:|1698431591\n|move|p2a: Veluza|Aqua Jet|p1a: Gengar\n|-damage|p1a: Gengar|0 fnt\n|-start|p2a: Veluza|Disable|Aqua Jet|[from] ability: Cursed Body|[of] p1a: Gengar\n|faint|p1a: Gengar\n|\n|upkeep\n|\n|t:|1698431597\n|switch|p1a: Roaring Moon|Roaring Moon|100\/100\n|-enditem|p1a: Roaring Moon|Booster Energy\n|-activate|p1a: Roaring Moon|ability: Protosynthesis|[fromitem]\n|-start|p1a: Roaring Moon|protosynthesisatk\n|turn|10\n|\n|t:|1698431603\n|switch|p2a: Altaria|Altaria, F|100\/100\n|-ability|p2a: Altaria|Cloud Nine\n|move|p1a: Roaring Moon|Dragon Dance|p1a: Roaring Moon\n|-boost|p1a: Roaring Moon|atk|1\n|-boost|p1a: Roaring Moon|spe|1\n|\n|upkeep\n|turn|11\n|\n|t:|1698431610\n|move|p1a: Roaring Moon|Knock Off|p2a: Altaria\n|-damage|p2a: Altaria|0 fnt\n|-enditem|p2a: Altaria|Quick Claw|[from] move: Knock Off|[of] p1a: Roaring Moon\n|faint|p2a: Altaria\n|\n|upkeep\n|\n|t:|1698431616\n|switch|p2a: Mightyena|Mightyena, F|100\/100\n|turn|12\n|\n|t:|1698431620\n|move|p1a: Roaring Moon|Knock Off|p2a: Mightyena\n|-resisted|p2a: Mightyena\n|-damage|p2a: Mightyena|21\/100\n|-enditem|p2a: Mightyena|Focus Sash|[from] move: Knock Off|[of] p1a: Roaring Moon\n|move|p2a: Mightyena|Charm|p1a: Roaring Moon\n|-unboost|p1a: Roaring Moon|atk|2\n|\n|upkeep\n|turn|13\n|\n|t:|1698431627\n|move|p1a: Roaring Moon|Acrobatics|p2a: Mightyena\n|-damage|p2a: Mightyena|0 fnt\n|faint|p2a: Mightyena\n|\n|upkeep\n|\n|t:|1698431635\n|switch|p2a: Furret|Furret, F|100\/100\n|turn|14\n|\n|t:|1698431639\n|move|p1a: Roaring Moon|Knock Off|p2a: Furret\n|-damage|p2a: Furret|49\/100\n|-enditem|p2a: Furret|Lum Berry|[from] move: Knock Off|[of] p1a: Roaring Moon\n|move|p2a: Furret|Tidy Up|p2a: Furret\n|-boost|p2a: Furret|atk|1\n|-boost|p2a: Furret|spe|1\n|\n|upkeep\n|turn|15\n|\n|t:|1698431646\n|move|p1a: Roaring Moon|Acrobatics|p2a: Furret\n|-damage|p2a: Furret|9\/100\n|move|p2a: Furret|Fire Punch|p1a: Roaring Moon\n|-resisted|p1a: Roaring Moon\n|-damage|p1a: Roaring Moon|87\/100\n|\n|upkeep\n|turn|16\n|\n|t:|1698431651\n|move|p1a: Roaring Moon|Earthquake|p2a: Furret\n|-damage|p2a: Furret|0 fnt\n|faint|p2a: Furret\n|\n|upkeep\n|\n|t:|1698431656\n|switch|p2a: Veluza|Veluza, F|81\/100\n|turn|17\n|\n|t:|1698431660\n|-end|p1a: Roaring Moon|Protosynthesis|[silent]\n|switch|p1a: Indeedee|Indeedee-F, F|100\/100\n|-fieldstart|move: Psychic Terrain|[from] ability: Psychic Surge|[of] p1a: Indeedee\n|-terastallize|p2a: Veluza|Water\n|move|p2a: Veluza|Aqua Cutter|p1a: Indeedee\n|-damage|p1a: Indeedee|3\/100\n|\n|upkeep\n|turn|18\n|\n|t:|1698431669\n|move|p1a: Indeedee|Draining Kiss|p2a: Veluza\n|-damage|p2a: Veluza|59\/100\n|-heal|p1a: Indeedee|22\/100|[from] drain|[of] p2a: Veluza\n|move|p2a: Veluza|Psycho Cut|p1a: Indeedee\n|-resisted|p1a: Indeedee\n|-damage|p1a: Indeedee|0 fnt\n|faint|p1a: Indeedee\n|\n|upkeep\n|\n|t:|1698431671\n|switch|p1a: Roaring Moon|Roaring Moon|87\/100\n|turn|19\n|\n|t:|1698431679\n|move|p1a: Roaring Moon|Dragon Dance|p1a: Roaring Moon\n|-boost|p1a: Roaring Moon|atk|1\n|-boost|p1a: Roaring Moon|spe|1\n|-enditem|p2a: Veluza|Mirror Herb\n|-boost|p2a: Veluza|atk|1|[from] item: Mirror Herb\n|-boost|p2a: Veluza|spe|1|[from] item: Mirror Herb\n|move|p2a: Veluza|Aqua Cutter|p1a: Roaring Moon\n|-resisted|p1a: Roaring Moon\n|-damage|p1a: Roaring Moon|31\/100\n|\n|upkeep\n|turn|20\n|\n|t:|1698431688\n|move|p1a: Roaring Moon|Knock Off|p2a: Veluza\n|-damage|p2a: Veluza|0 fnt\n|faint|p2a: Veluza\n|\n|win|LingLing007\n|raw|LingLing007's rating: 1228 &rarr; <strong>1247<\/strong><br \/>(+19 for winning)\n|raw|Bloodycat's rating: 1141 &rarr; <strong>1122<\/strong><br \/>(-19 for losing)\n|c|\u2606LingLing007|gg\n|l|\u2606Bloodycat\n","uploadtime":1698431695,"views":9,"p1id":"lingling007","p2id":"bloodycat","formatid":"gen9anythinggoes","rating":1122,"private":0,"password":""}