{"id":"gen9anythinggoes-1979991375","p1":"Jirachiisnotop","p2":"Dumbfudge","format":"[Gen 9] Anything Goes","log":"|j|\u2606Jirachiisnotop\n|j|\u2606Dumbfudge\n|t:|1698743048\n|gametype|singles\n|player|p1|Jirachiisnotop|unknown|1282\n|player|p2|Dumbfudge|blackbelt-gen4dp|1464\n|teamsize|p1|6\n|teamsize|p2|6\n|gen|9\n|tier|[Gen 9] Anything Goes\n|rated|\n|rule|HP Percentage Mod: HP is shown in percentages\n|rule|Endless Battle Clause: Forcing endless battles is banned\n|clearpoke\n|poke|p1|Tyranitar, M|\n|poke|p1|Houndstone, M|\n|poke|p1|Ditto|\n|poke|p1|Espeon, F|\n|poke|p1|Maushold-Four|\n|poke|p1|Polteageist-Antique|\n|poke|p2|Breloom, F|\n|poke|p2|Espathra, F|\n|poke|p2|Giratina-Origin|\n|poke|p2|Calyrex-Shadow|\n|poke|p2|Zacian-*|\n|poke|p2|Miraidon|\n|teampreview\n|inactive|Battle timer is ON: inactive players will automatically lose when time's up. (requested by Jirachiisnotop)\n|inactive|Jirachiisnotop has 120 seconds left.\n|\n|t:|1698743105\n|start\n|switch|p1a: Polteageist|Polteageist-Antique|100\/100\n|switch|p2a: Whooping cough|Zacian-Crowned|100\/100\n|-ability|p2a: Whooping cough|Intrepid Sword|boost\n|-boost|p2a: Whooping cough|atk|1\n|turn|1\n|\n|t:|1698743113\n|-terastallize|p2a: Whooping cough|Steel\n|move|p2a: Whooping cough|Behemoth Blade|p1a: Polteageist\n|-damage|p1a: Polteageist|0 fnt\n|faint|p1a: Polteageist\n|\n|upkeep\n|\n|t:|1698743119\n|switch|p1a: Fast Boi|Ditto|100\/100\n|-transform|p1a: Fast Boi|p2a: Whooping cough|[from] ability: Imposter\n|-ability|p1a: Fast Boi|Intrepid Sword|boost\n|-boost|p1a: Fast Boi|atk|1\n|-start|p1a: Fast Boi|typechange|Fairy\/Steel|[silent]\n|turn|2\n|\n|t:|1698743125\n|move|p1a: Fast Boi|Behemoth Blade|p2a: Whooping cough\n|-resisted|p2a: Whooping cough\n|-damage|p2a: Whooping cough|49\/100\n|move|p2a: Whooping cough|Behemoth Blade|p1a: Fast Boi\n|-damage|p1a: Fast Boi|0 fnt\n|faint|p1a: Fast Boi\n|\n|upkeep\n|\n|t:|1698743133\n|switch|p1a: DeadMau5|Maushold-Four|100\/100\n|turn|3\n|\n|t:|1698743139\n|move|p2a: Whooping cough|Behemoth Blade|p1a: DeadMau5\n|-crit|p1a: DeadMau5\n|-damage|p1a: DeadMau5|0 fnt\n|faint|p1a: DeadMau5\n|\n|upkeep\n|\n|t:|1698743145\n|switch|p1a: Espeon|Espeon, F|100\/100\n|turn|4\n|\n|t:|1698743148\n|move|p2a: Whooping cough|Behemoth Blade|p1a: Espeon\n|-enditem|p1a: Espeon|Focus Sash\n|-damage|p1a: Espeon|1\/100\n|move|p1a: Espeon|Psyshock|p2a: Whooping cough\n|-resisted|p2a: Whooping cough\n|-damage|p2a: Whooping cough|31\/100\n|\n|upkeep\n|turn|5\n|\n|t:|1698743157\n|move|p2a: Whooping cough|Quick Attack|p1a: Espeon\n|-damage|p1a: Espeon|0 fnt\n|faint|p1a: Espeon\n|\n|upkeep\n|\n|t:|1698743160\n|switch|p1a: OG Godzilla|Tyranitar, M|100\/100\n|-weather|Sandstorm|[from] ability: Sand Stream|[of] p1a: OG Godzilla\n|turn|6\n|\n|t:|1698743166\n|move|p2a: Whooping cough|Behemoth Blade|p1a: OG Godzilla\n|-supereffective|p1a: OG Godzilla\n|-damage|p1a: OG Godzilla|0 fnt\n|faint|p1a: OG Godzilla\n|\n|-weather|Sandstorm|[upkeep]\n|upkeep\n|\n|t:|1698743168\n|switch|p1a: Houndstone|Houndstone, M|100\/100\n|turn|7\n|\n|t:|1698743188\n|switch|p2a: Calyrex|Calyrex-Shadow|100\/100\n|-ability|p2a: Calyrex|As One\n|-ability|p2a: Calyrex|Unnerve\n|move|p1a: Houndstone|Last Respects|p2a: Calyrex\n|-supereffective|p2a: Calyrex\n|-enditem|p2a: Calyrex|Focus Sash\n|-damage|p2a: Calyrex|1\/100\n|\n|-weather|Sandstorm|[upkeep]\n|-damage|p2a: Calyrex|0 fnt|[from] Sandstorm\n|faint|p2a: Calyrex\n|upkeep\n|\n|t:|1698743204\n|switch|p2a: Espathra|Espathra, F|100\/100\n|turn|8\n|inactive|Jirachiisnotop has 120 seconds left.\n|\n|t:|1698743261\n|move|p2a: Espathra|Protect|p2a: Espathra\n|-singleturn|p2a: Espathra|Protect\n|move|p1a: Houndstone|Last Respects|p2a: Espathra\n|-activate|p2a: Espathra|move: Protect\n|\n|-weather|Sandstorm|[upkeep]\n|-damage|p2a: Espathra|94\/100|[from] Sandstorm\n|-ability|p2a: Espathra|Speed Boost|boost\n|-boost|p2a: Espathra|spe|1\n|upkeep\n|turn|9\n|\n|t:|1698743271\n|move|p2a: Espathra|Substitute|p2a: Espathra\n|-start|p2a: Espathra|Substitute\n|-damage|p2a: Espathra|70\/100\n|move|p1a: Houndstone|Last Respects|p2a: Espathra\n|-supereffective|p2a: Espathra\n|-end|p2a: Espathra|Substitute\n|\n|-weather|Sandstorm|[upkeep]\n|-damage|p2a: Espathra|64\/100|[from] Sandstorm\n|-ability|p2a: Espathra|Speed Boost|boost\n|-boost|p2a: Espathra|spe|1\n|upkeep\n|turn|10\n|\n|t:|1698743283\n|move|p2a: Espathra|Hypnosis|p1a: Houndstone\n|-status|p1a: Houndstone|slp|[from] move: Hypnosis\n|cant|p1a: Houndstone|slp\n|\n|-weather|Sandstorm|[upkeep]\n|-damage|p2a: Espathra|58\/100|[from] Sandstorm\n|-ability|p2a: Espathra|Speed Boost|boost\n|-boost|p2a: Espathra|spe|1\n|upkeep\n|turn|11\n|-message|Jirachiisnotop forfeited.\n|\n|win|Dumbfudge\n|raw|Jirachiisnotop's rating: 1282 &rarr; <strong>1269<\/strong><br \/>(-13 for losing)\n|raw|Dumbfudge's rating: 1464 &rarr; <strong>1474<\/strong><br \/>(+10 for winning)\n|l|\u2606Jirachiisnotop\n","uploadtime":1698743295,"views":12,"p1id":"jirachiisnotop","p2id":"dumbfudge","formatid":"gen9anythinggoes","rating":1269,"private":0,"password":""}