{"id":"gen9anythinggoes-1976493367","p1":"TheWafflwz","p2":"lucass007","format":"[Gen 9] Anything Goes","log":"|j|\u2606TheWafflwz\n|j|\u2606lucass007\n|t:|1698312470\n|gametype|singles\n|player|p1|TheWafflwz|flannery|1170\n|player|p2|lucass007|lusamine-nihilego|1230\n|teamsize|p1|6\n|teamsize|p2|6\n|gen|9\n|tier|[Gen 9] Anything Goes\n|rated|\n|rule|HP Percentage Mod: HP is shown in percentages\n|rule|Endless Battle Clause: Forcing endless battles is banned\n|clearpoke\n|poke|p1|Ogerpon-Hearthflame, F|\n|poke|p1|Spidops, F|\n|poke|p1|Clodsire, M|\n|poke|p1|Glimmora, F|\n|poke|p1|Espathra, M|\n|poke|p1|Pincurchin, F|\n|poke|p2|Ursaluna, F|\n|poke|p2|Calyrex-Shadow|\n|poke|p2|Zacian-*|\n|poke|p2|Donphan, L20, M|\n|poke|p2|Darkrai|\n|poke|p2|Drifblim, F|\n|teampreview\n|inactive|Battle timer is ON: inactive players will automatically lose when time's up. (requested by lucass007)\n|inactive|TheWafflwz also wants the timer to be on.\n|\n|t:|1698312473\n|start\n|switch|p1a: Glimmora|Glimmora, F|100\/100\n|switch|p2a: Drifblim|Drifblim, F|100\/100\n|turn|1\n|\n|t:|1698312480\n|move|p1a: Glimmora|Toxic Spikes|p2a: Drifblim\n|-sidestart|p2: lucass007|move: Toxic Spikes\n|move|p2a: Drifblim|Minimize|p2a: Drifblim\n|-boost|p2a: Drifblim|evasion|2\n|\n|upkeep\n|turn|2\n|\n|t:|1698312484\n|move|p1a: Glimmora|Stealth Rock|p2a: Drifblim\n|-sidestart|p2: lucass007|move: Stealth Rock\n|move|p2a: Drifblim|Minimize|p2a: Drifblim\n|-boost|p2a: Drifblim|evasion|2\n|\n|upkeep\n|turn|3\n|\n|t:|1698312487\n|move|p1a: Glimmora|Spikes|p2a: Drifblim\n|-sidestart|p2: lucass007|Spikes\n|move|p2a: Drifblim|Minimize|p2a: Drifblim\n|-boost|p2a: Drifblim|evasion|2\n|\n|upkeep\n|turn|4\n|\n|t:|1698312490\n|move|p1a: Glimmora|Spikes|p2a: Drifblim\n|-sidestart|p2: lucass007|Spikes\n|move|p2a: Drifblim|Calm Mind|p2a: Drifblim\n|-boost|p2a: Drifblim|spa|1\n|-boost|p2a: Drifblim|spd|1\n|\n|upkeep\n|turn|5\n|\n|t:|1698312493\n|move|p1a: Glimmora|Spikes|p2a: Drifblim\n|-sidestart|p2: lucass007|Spikes\n|move|p2a: Drifblim|Calm Mind|p2a: Drifblim\n|-boost|p2a: Drifblim|spa|1\n|-boost|p2a: Drifblim|spd|1\n|\n|upkeep\n|turn|6\n|\n|t:|1698312498\n|move|p1a: Glimmora|Toxic Spikes|p2a: Drifblim\n|-sidestart|p2: lucass007|move: Toxic Spikes\n|move|p2a: Drifblim|Calm Mind|p2a: Drifblim\n|-boost|p2a: Drifblim|spa|1\n|-boost|p2a: Drifblim|spd|1\n|\n|upkeep\n|turn|7\n|\n|t:|1698312508\n|switch|p1a: Spidops|Spidops, F|100\/100\n|move|p2a: Drifblim|Calm Mind|p2a: Drifblim\n|-boost|p2a: Drifblim|spa|1\n|-boost|p2a: Drifblim|spd|1\n|\n|upkeep\n|turn|8\n|\n|t:|1698312522\n|move|p2a: Drifblim|Baton Pass|p2a: Drifblim\n|\n|t:|1698312532\n|switch|p2a: Calyrex|Calyrex-Shadow|100\/100|[from] Baton Pass\n|-ability|p2a: Calyrex|As One\n|-ability|p2a: Calyrex|Unnerve\n|move|p1a: Spidops|Sticky Web|p2a: Calyrex\n|-sidestart|p2: lucass007|move: Sticky Web\n|\n|upkeep\n|turn|9\n|\n|t:|1698312545\n|move|p1a: Spidops|Silk Trap|p1a: Spidops\n|-singleturn|p1a: Spidops|Protect\n|move|p2a: Calyrex|Astral Barrage|p1a: Spidops\n|-activate|p1a: Spidops|move: Protect\n|\n|upkeep\n|turn|10\n|\n|t:|1698312555\n|move|p2a: Calyrex|Astral Barrage|p1a: Spidops\n|-damage|p1a: Spidops|0 fnt\n|faint|p1a: Spidops\n|-ability|p2a: Calyrex|Grim Neigh|boost\n|-boost|p2a: Calyrex|spa|1\n|\n|upkeep\n|\n|t:|1698312567\n|switch|p1a: Espathra|Espathra, M|100\/100\n|turn|11\n|\n|t:|1698312571\n|switch|p1a: Clodsire|Clodsire, M|100\/100\n|move|p2a: Calyrex|Astral Barrage|p1a: Clodsire\n|-damage|p1a: Clodsire|0 fnt\n|faint|p1a: Clodsire\n|-ability|p2a: Calyrex|Grim Neigh|boost\n|-boost|p2a: Calyrex|spa|1\n|\n|upkeep\n|\n|t:|1698312573\n|switch|p1a: Pincurchin|Pincurchin, F|100\/100\n|-fieldstart|move: Electric Terrain|[from] ability: Electric Surge|[of] p1a: Pincurchin\n|turn|12\n|\n|t:|1698312579\n|move|p2a: Calyrex|Dark Pulse|p1a: Pincurchin\n|-damage|p1a: Pincurchin|0 fnt\n|faint|p1a: Pincurchin\n|\n|upkeep\n|\n|t:|1698312582\n|switch|p1a: Espathra|Espathra, M|100\/100\n|-enditem|p1a: Espathra|Electric Seed\n|-boost|p1a: Espathra|def|1|[from] item: Electric Seed\n|turn|13\n|\n|t:|1698312591\n|move|p2a: Calyrex|Dark Pulse|p1a: Espathra\n|-supereffective|p1a: Espathra\n|-damage|p1a: Espathra|0 fnt\n|faint|p1a: Espathra\n|\n|upkeep\n|\n|t:|1698312594\n|switch|p1a: Ogerpon|Ogerpon-Hearthflame, F|100\/100\n|-ability|p1a: Ogerpon|Mold Breaker\n|turn|14\n|\n|t:|1698312600\n|-terastallize|p1a: Ogerpon|Fire\n|detailschange|p1a: Ogerpon|Ogerpon-Hearthflame-Tera, F, tera:Fire\n|-ability|p1a: Ogerpon|Embody Aspect (Hearthflame)|boost\n|-boost|p1a: Ogerpon|atk|1\n|move|p2a: Calyrex|Dark Pulse|p1a: Ogerpon\n|-damage|p1a: Ogerpon|0 fnt\n|faint|p1a: Ogerpon\n|\n|upkeep\n|c|\u2606TheWafflwz|Suck my balls\n|-message|TheWafflwz forfeited.\n|\n|win|lucass007\n|raw|TheWafflwz's rating: 1170 &rarr; <strong>1149<\/strong><br \/>(-21 for losing)\n|raw|lucass007's rating: 1230 &rarr; <strong>1251<\/strong><br \/>(+21 for winning)\n|l|\u2606TheWafflwz\n","uploadtime":1698312615,"views":8,"p1id":"thewafflwz","p2id":"lucass007","formatid":"gen9anythinggoes","rating":1149,"private":0,"password":""}