{"id":"gen9anythinggoes-1977870305","p1":"tbhails","p2":"gyratix","format":"[Gen 9] Anything Goes","log":"|j|\u2606tbhails\n|j|\u2606gyratix\n|t:|1698459803\n|gametype|singles\n|player|p1|tbhails|dawn|\n|player|p2|gyratix|101|\n|teamsize|p1|6\n|teamsize|p2|6\n|gen|9\n|tier|[Gen 9] Anything Goes\n|rule|HP Percentage Mod: HP is shown in percentages\n|rule|Endless Battle Clause: Forcing endless battles is banned\n|clearpoke\n|poke|p1|Great Tusk|\n|poke|p1|Iron Leaves|\n|poke|p1|Volcanion|\n|poke|p1|Drifblim, F|\n|poke|p1|Dondozo, F|\n|poke|p1|Sylveon, M|\n|poke|p2|Sneasler, F|\n|poke|p2|Skeledirge, M|\n|poke|p2|Baxcalibur, M|\n|poke|p2|Azelf|\n|poke|p2|Ursaluna, F|\n|poke|p2|Scovillain, M|\n|teampreview\n|\n|t:|1698459819\n|start\n|switch|p1a: Great Tusk|Great Tusk|100\/100\n|switch|p2a: Azelf|Azelf, shiny|100\/100\n|turn|1\n|\n|t:|1698459853\n|move|p2a: Azelf|Stealth Rock|p1a: Great Tusk\n|-sidestart|p1: tbhails|move: Stealth Rock\n|move|p1a: Great Tusk|Stealth Rock|p2a: Azelf\n|-sidestart|p2: gyratix|move: Stealth Rock\n|\n|upkeep\n|turn|2\n|\n|t:|1698459892\n|-end|p1a: Great Tusk|Protosynthesis|[silent]\n|switch|p1a: Drifblim|Drifblim, F|100\/100\n|move|p2a: Azelf|Encore||[still]\n|-fail|p2a: Azelf\n|\n|upkeep\n|turn|3\n|\n|t:|1698459911\n|move|p2a: Azelf|Psychic|p1a: Drifblim\n|-damage|p1a: Drifblim|53\/100\n|move|p1a: Drifblim|Will-O-Wisp|p2a: Azelf\n|-status|p2a: Azelf|brn\n|\n|-damage|p2a: Azelf|94\/100 brn|[from] brn\n|upkeep\n|turn|4\n|\n|t:|1698459926\n|move|p2a: Azelf|Encore|p1a: Drifblim\n|-start|p1a: Drifblim|Encore\n|move|p1a: Drifblim|Will-O-Wisp|p2a: Azelf\n|-fail|p2a: Azelf|brn\n|\n|-damage|p2a: Azelf|88\/100 brn|[from] brn\n|upkeep\n|turn|5\n|\n|t:|1698459949\n|switch|p1a: Iron Leaves|Iron Leaves|100\/100\n|-damage|p1a: Iron Leaves|88\/100|[from] Stealth Rock\n|-enditem|p1a: Iron Leaves|Booster Energy\n|-activate|p1a: Iron Leaves|ability: Quark Drive|[fromitem]\n|-start|p1a: Iron Leaves|quarkdriveatk\n|move|p2a: Azelf|Psychic|p1a: Iron Leaves\n|-resisted|p1a: Iron Leaves\n|-damage|p1a: Iron Leaves|68\/100\n|\n|-damage|p2a: Azelf|82\/100 brn|[from] brn\n|upkeep\n|turn|6\n|\n|t:|1698459963\n|move|p2a: Azelf|U-turn|p1a: Iron Leaves\n|-supereffective|p1a: Iron Leaves\n|-damage|p1a: Iron Leaves|23\/100\n|\n|t:|1698459966\n|switch|p2a: Skeledirge|Skeledirge, M, shiny|100\/100|[from] U-turn\n|move|p1a: Iron Leaves|Night Slash|p2a: Skeledirge\n|-supereffective|p2a: Skeledirge\n|-damage|p2a: Skeledirge|43\/100\n|\n|upkeep\n|turn|7\n|\n|t:|1698459997\n|-end|p1a: Iron Leaves|Quark Drive|[silent]\n|switch|p1a: Great Tusk|Great Tusk|100\/100\n|-damage|p1a: Great Tusk|98\/100|[from] Stealth Rock\n|switch|p2a: Scovillain|Scovillain, M, shiny|100\/100\n|-damage|p2a: Scovillain|76\/100|[from] Stealth Rock\n|\n|-heal|p2a: Scovillain|82\/100|[from] item: Leftovers\n|-ability|p2a: Scovillain|Moody|boost\n|-boost|p2a: Scovillain|def|2\n|-unboost|p2a: Scovillain|spe|1\n|upkeep\n|turn|8\n|\n|t:|1698460014\n|-end|p1a: Great Tusk|Protosynthesis|[silent]\n|switch|p1a: Volcanion|Volcanion|100\/100\n|move|p2a: Scovillain|Protect||[still]\n|-fail|p2a: Scovillain\n|\n|-heal|p2a: Scovillain|88\/100|[from] item: Leftovers\n|-ability|p2a: Scovillain|Moody|boost\n|-boost|p2a: Scovillain|atk|2\n|-unboost|p2a: Scovillain|spa|1\n|upkeep\n|turn|9\n|\n|t:|1698460042\n|move|p1a: Volcanion|Earthquake|p2a: Scovillain\n|-damage|p2a: Scovillain|65\/100\n|move|p2a: Scovillain|Substitute|p2a: Scovillain\n|-start|p2a: Scovillain|Substitute\n|-damage|p2a: Scovillain|40\/100\n|\n|-heal|p2a: Scovillain|46\/100|[from] item: Leftovers\n|-ability|p2a: Scovillain|Moody|boost\n|-boost|p2a: Scovillain|spa|2\n|-unboost|p2a: Scovillain|spd|1\n|upkeep\n|turn|10\n|\n|t:|1698460053\n|move|p1a: Volcanion|Brick Break|p2a: Scovillain\n|-activate|p2a: Scovillain|move: Substitute|[damage]\n|move|p2a: Scovillain|Leech Seed|p1a: Volcanion\n|-start|p1a: Volcanion|move: Leech Seed\n|\n|-heal|p2a: Scovillain|52\/100|[from] item: Leftovers\n|-damage|p1a: Volcanion|88\/100|[from] Leech Seed|[of] p2a: Scovillain\n|-heal|p2a: Scovillain|63\/100|[silent]\n|-ability|p2a: Scovillain|Moody|boost\n|-boost|p2a: Scovillain|def|2\n|-unboost|p2a: Scovillain|spe|1\n|upkeep\n|turn|11\n|\n|t:|1698460100\n|switch|p1a: Sylveon|Sylveon, M, shiny|100\/100\n|-damage|p1a: Sylveon|88\/100|[from] Stealth Rock\n|move|p2a: Scovillain|Giga Drain|p1a: Sylveon\n|-damage|p1a: Sylveon|60\/100\n|-heal|p2a: Scovillain|80\/100|[from] drain|[of] p1a: Sylveon\n|\n|-heal|p2a: Scovillain|86\/100|[from] item: Leftovers\n|-ability|p2a: Scovillain|Moody|boost\n|-boost|p2a: Scovillain|def|2\n|-unboost|p2a: Scovillain|spa|1\n|upkeep\n|turn|12\n|\n|t:|1698460118\n|move|p1a: Sylveon|Calm Mind|p1a: Sylveon\n|-boost|p1a: Sylveon|spa|1\n|-boost|p1a: Sylveon|spd|1\n|move|p2a: Scovillain|Leech Seed|p1a: Sylveon\n|-start|p1a: Sylveon|move: Leech Seed\n|\n|-heal|p2a: Scovillain|92\/100|[from] item: Leftovers\n|-damage|p1a: Sylveon|48\/100|[from] Leech Seed|[of] p2a: Scovillain\n|-heal|p2a: Scovillain|100\/100|[silent]\n|-ability|p2a: Scovillain|Moody|boost\n|-boost|p2a: Scovillain|spe|2\n|-unboost|p2a: Scovillain|atk|1\n|upkeep\n|turn|13\n|\n|t:|1698460131\n|move|p2a: Scovillain|Giga Drain|p1a: Sylveon\n|-damage|p1a: Sylveon|36\/100\n|move|p1a: Sylveon|Hyper Voice|p2a: Scovillain\n|-resisted|p2a: Scovillain\n|-damage|p2a: Scovillain|28\/100\n|-enditem|p1a: Sylveon|Throat Spray\n|-boost|p1a: Sylveon|spa|1|[from] item: Throat Spray\n|\n|-heal|p2a: Scovillain|34\/100|[from] item: Leftovers\n|-damage|p1a: Sylveon|23\/100|[from] Leech Seed|[of] p2a: Scovillain\n|-heal|p2a: Scovillain|48\/100|[silent]\n|-ability|p2a: Scovillain|Moody|boost\n|-boost|p2a: Scovillain|spe|2\n|-unboost|p2a: Scovillain|atk|1\n|upkeep\n|turn|14\n|\n|t:|1698460147\n|move|p2a: Scovillain|Protect|p2a: Scovillain\n|-singleturn|p2a: Scovillain|Protect\n|move|p1a: Sylveon|Wish|p1a: Sylveon\n|\n|-heal|p2a: Scovillain|54\/100|[from] item: Leftovers\n|-damage|p1a: Sylveon|11\/100|[from] Leech Seed|[of] p2a: Scovillain\n|-heal|p2a: Scovillain|69\/100|[silent]\n|-ability|p2a: Scovillain|Moody|boost\n|-boost|p2a: Scovillain|spa|2\n|-unboost|p2a: Scovillain|spd|1\n|upkeep\n|turn|15\n|\n|t:|1698460158\n|move|p1a: Sylveon|Protect|p1a: Sylveon\n|-singleturn|p1a: Sylveon|Protect\n|move|p2a: Scovillain|Giga Drain|p1a: Sylveon\n|-activate|p1a: Sylveon|move: Protect\n|\n|-heal|p1a: Sylveon|61\/100|[from] move: Wish|[wisher] Sylveon\n|-heal|p2a: Scovillain|75\/100|[from] item: Leftovers\n|-damage|p1a: Sylveon|48\/100|[from] Leech Seed|[of] p2a: Scovillain\n|-heal|p2a: Scovillain|90\/100|[silent]\n|-ability|p2a: Scovillain|Moody|boost\n|-boost|p2a: Scovillain|atk|2\n|-unboost|p2a: Scovillain|spe|1\n|upkeep\n|turn|16\n|\n|t:|1698460170\n|move|p2a: Scovillain|Giga Drain|p1a: Sylveon\n|-damage|p1a: Sylveon|22\/100\n|-heal|p2a: Scovillain|100\/100|[from] drain|[of] p1a: Sylveon\n|move|p1a: Sylveon|Hyper Voice|p2a: Scovillain\n|-resisted|p2a: Scovillain\n|-damage|p2a: Scovillain|0 fnt\n|faint|p2a: Scovillain\n|\n|upkeep\n|\n|t:|1698460201\n|switch|p2a: Azelf|Azelf, shiny|82\/100 brn\n|-damage|p2a: Azelf|70\/100 brn|[from] Stealth Rock\n|turn|17\n|\n|t:|1698460208\n|move|p2a: Azelf|U-turn|p1a: Sylveon\n|-resisted|p1a: Sylveon\n|-damage|p1a: Sylveon|17\/100\n|\n|t:|1698460219\n|switch|p2a: Skeledirge|Skeledirge, M, shiny|43\/100|[from] U-turn\n|move|p1a: Sylveon|Wish|p1a: Sylveon\n|\n|-damage|p1a: Sylveon|4\/100|[from] Leech Seed|[of] p2a: Skeledirge\n|-heal|p2a: Skeledirge|56\/100|[silent]\n|upkeep\n|turn|18\n|\n|t:|1698460229\n|move|p1a: Sylveon|Protect|p1a: Sylveon\n|-singleturn|p1a: Sylveon|Protect\n|move|p2a: Skeledirge|Shadow Ball|p1a: Sylveon\n|-activate|p1a: Sylveon|move: Protect\n|\n|-heal|p1a: Sylveon|54\/100|[from] move: Wish|[wisher] Sylveon\n|-damage|p1a: Sylveon|42\/100|[from] Leech Seed|[of] p2a: Skeledirge\n|-heal|p2a: Skeledirge|69\/100|[silent]\n|upkeep\n|turn|19\n|\n|t:|1698460243\n|move|p2a: Skeledirge|Shadow Ball|p1a: Sylveon\n|-damage|p1a: Sylveon|21\/100\n|-unboost|p1a: Sylveon|spd|1\n|move|p1a: Sylveon|Hyper Voice|p2a: Skeledirge\n|-resisted|p2a: Skeledirge\n|-damage|p2a: Skeledirge|46\/100\n|\n|-damage|p1a: Sylveon|9\/100|[from] Leech Seed|[of] p2a: Skeledirge\n|-heal|p2a: Skeledirge|59\/100|[silent]\n|upkeep\n|turn|20\n|\n|t:|1698460255\n|switch|p1a: Great Tusk|Great Tusk|98\/100\n|-damage|p1a: Great Tusk|95\/100|[from] Stealth Rock\n|move|p2a: Skeledirge|Torch Song|p1a: Great Tusk\n|-damage|p1a: Great Tusk|50\/100\n|-boost|p2a: Skeledirge|spa|1\n|\n|upkeep\n|turn|21\n|\n|t:|1698460276\n|switch|p2a: Azelf|Azelf, shiny|70\/100 brn\n|-damage|p2a: Azelf|57\/100 brn|[from] Stealth Rock\n|-terastallize|p1a: Great Tusk|Ground\n|move|p1a: Great Tusk|Earthquake|p2a: Azelf\n|-immune|p2a: Azelf|[from] ability: Levitate\n|\n|-damage|p2a: Azelf|51\/100 brn|[from] brn\n|upkeep\n|turn|22\n|\n|t:|1698460284\n|-end|p1a: Great Tusk|Protosynthesis|[silent]\n|switch|p1a: Drifblim|Drifblim, F|53\/100\n|move|p2a: Azelf|Encore||[still]\n|-fail|p2a: Azelf\n|\n|-damage|p2a: Azelf|45\/100 brn|[from] brn\n|upkeep\n|turn|23\n|\n|t:|1698460308\n|move|p2a: Azelf|U-turn|p1a: Drifblim\n|-resisted|p1a: Drifblim\n|-damage|p1a: Drifblim|52\/100\n|\n|t:|1698460315\n|switch|p2a: Ursaluna|Ursaluna, F, shiny|100\/100|[from] U-turn\n|-damage|p2a: Ursaluna|94\/100|[from] Stealth Rock\n|move|p1a: Drifblim|Knock Off|p2a: Ursaluna\n|-damage|p2a: Ursaluna|83\/100\n|-enditem|p2a: Ursaluna|Flame Orb|[from] move: Knock Off|[of] p1a: Drifblim\n|\n|upkeep\n|turn|24\n|\n|t:|1698460331\n|move|p1a: Drifblim|Strength Sap|p2a: Ursaluna\n|-unboost|p2a: Ursaluna|atk|1\n|-heal|p1a: Drifblim|100\/100\n|move|p2a: Ursaluna|Swords Dance|p2a: Ursaluna\n|-boost|p2a: Ursaluna|atk|2\n|\n|upkeep\n|turn|25\n|\n|t:|1698460361\n|switch|p1a: Dondozo|Dondozo, F|100\/100\n|-damage|p1a: Dondozo|88\/100|[from] Stealth Rock\n|move|p2a: Ursaluna|Stone Edge|p1a: Dondozo|[miss]\n|-miss|p2a: Ursaluna|p1a: Dondozo\n|\n|-heal|p1a: Dondozo|94\/100|[from] item: Leftovers\n|upkeep\n|turn|26\n|\n|t:|1698460386\n|switch|p2a: Sneasler|Sneasler, F, shiny|100\/100\n|-damage|p2a: Sneasler|94\/100|[from] Stealth Rock\n|move|p1a: Dondozo|Liquidation|p2a: Sneasler\n|-damage|p2a: Sneasler|37\/100\n|\n|-heal|p1a: Dondozo|99\/100|[from] item: Leftovers\n|upkeep\n|turn|27\n|\n|t:|1698460394\n|-terastallize|p2a: Sneasler|Poison\n|move|p2a: Sneasler|Rest|p2a: Sneasler\n|-status|p2a: Sneasler|slp|[from] move: Rest\n|-heal|p2a: Sneasler|100\/100 slp|[silent]\n|move|p1a: Dondozo|Liquidation|p2a: Sneasler\n|-damage|p2a: Sneasler|43\/100 slp\n|-unboost|p2a: Sneasler|def|1\n|-enditem|p2a: Sneasler|White Herb\n|-clearnegativeboost|p2a: Sneasler|[silent]\n|\n|-heal|p1a: Dondozo|100\/100|[from] item: Leftovers\n|upkeep\n|turn|28\n|\n|t:|1698460405\n|cant|p2a: Sneasler|slp\n|move|p2a: Sneasler|Sleep Talk|p2a: Sneasler\n|move|p2a: Sneasler|Rest||[from]move: Sleep Talk|[still]\n|-fail|p2a: Sneasler\n|move|p1a: Dondozo|Liquidation|p2a: Sneasler\n|-damage|p2a: Sneasler|0 fnt\n|faint|p2a: Sneasler\n|\n|upkeep\n|\n|t:|1698460440\n|switch|p2a: Baxcalibur|Baxcalibur, M, shiny|100\/100\n|-damage|p2a: Baxcalibur|76\/100|[from] Stealth Rock\n|turn|29\n|\n|t:|1698460449\n|switch|p1a: Volcanion|Volcanion|88\/100\n|move|p2a: Baxcalibur|Dragon Dance|p2a: Baxcalibur\n|-boost|p2a: Baxcalibur|atk|1\n|-boost|p2a: Baxcalibur|spe|1\n|\n|upkeep\n|turn|30\n|\n|t:|1698460459\n|move|p2a: Baxcalibur|Earthquake|p1a: Volcanion\n|-supereffective|p1a: Volcanion\n|-damage|p1a: Volcanion|0 fnt\n|faint|p1a: Volcanion\n|\n|upkeep\n|\n|t:|1698460475\n|switch|p1a: Great Tusk|Great Tusk, tera:Ground|50\/100\n|-damage|p1a: Great Tusk|44\/100|[from] Stealth Rock\n|turn|31\n|\n|t:|1698460506\n|move|p2a: Baxcalibur|Icicle Spear|p1a: Great Tusk\n|-supereffective|p1a: Great Tusk\n|-damage|p1a: Great Tusk|24\/100\n|-supereffective|p1a: Great Tusk\n|-damage|p1a: Great Tusk|2\/100\n|-supereffective|p1a: Great Tusk\n|-damage|p1a: Great Tusk|0 fnt\n|faint|p1a: Great Tusk\n|-end|p1a: Great Tusk|Protosynthesis|[silent]\n|-hitcount|p1: Great Tusk|3\n|\n|upkeep\n|\n|t:|1698460515\n|switch|p1a: Sylveon|Sylveon, M, shiny|9\/100\n|-damage|p1a: Sylveon|0 fnt|[from] Stealth Rock\n|faint|p1a: Sylveon\n|\n|t:|1698460520\n|switch|p1a: Iron Leaves|Iron Leaves|23\/100\n|-damage|p1a: Iron Leaves|11\/100|[from] Stealth Rock\n|turn|32\n|\n|t:|1698460527\n|move|p2a: Baxcalibur|Icicle Spear|p1a: Iron Leaves\n|-supereffective|p1a: Iron Leaves\n|-damage|p1a: Iron Leaves|0 fnt\n|faint|p1a: Iron Leaves\n|-end|p1a: Iron Leaves|Quark Drive|[silent]\n|-hitcount|p1: Iron Leaves|1\n|\n|upkeep\n|\n|t:|1698460530\n|switch|p1a: Dondozo|Dondozo, F|100\/100\n|-damage|p1a: Dondozo|88\/100|[from] Stealth Rock\n|turn|33\n|\n|t:|1698460542\n|move|p2a: Baxcalibur|Scale Shot|p1a: Dondozo\n|-damage|p1a: Dondozo|81\/100\n|-damage|p1a: Dondozo|74\/100\n|-damage|p1a: Dondozo|67\/100\n|-damage|p1a: Dondozo|60\/100\n|-hitcount|p1a: Dondozo|4\n|-unboost|p2a: Baxcalibur|def|1\n|-boost|p2a: Baxcalibur|spe|1\n|move|p1a: Dondozo|Curse|p1a: Dondozo\n|-unboost|p1a: Dondozo|spe|1\n|-boost|p1a: Dondozo|atk|1\n|-boost|p1a: Dondozo|def|1\n|\n|-heal|p1a: Dondozo|67\/100|[from] item: Leftovers\n|upkeep\n|turn|34\n|\n|t:|1698460602\n|move|p2a: Baxcalibur|Earthquake|p1a: Dondozo\n|-damage|p1a: Dondozo|55\/100\n|move|p1a: Dondozo|Liquidation|p2a: Baxcalibur\n|-resisted|p2a: Baxcalibur\n|-damage|p2a: Baxcalibur|56\/100\n|\n|-heal|p1a: Dondozo|61\/100|[from] item: Leftovers\n|upkeep\n|turn|35\n|\n|t:|1698460613\n|move|p2a: Baxcalibur|Scale Shot|p1a: Dondozo\n|-damage|p1a: Dondozo|57\/100\n|-damage|p1a: Dondozo|53\/100\n|-damage|p1a: Dondozo|48\/100\n|-damage|p1a: Dondozo|44\/100\n|-hitcount|p1a: Dondozo|4\n|-unboost|p2a: Baxcalibur|def|1\n|-boost|p2a: Baxcalibur|spe|1\n|move|p1a: Dondozo|Liquidation|p2a: Baxcalibur\n|-resisted|p2a: Baxcalibur\n|-damage|p2a: Baxcalibur|36\/100\n|\n|-heal|p1a: Dondozo|50\/100|[from] item: Leftovers\n|upkeep\n|turn|36\n|\n|t:|1698460647\n|move|p2a: Baxcalibur|Scale Shot|p1a: Dondozo|[miss]\n|-miss|p2a: Baxcalibur|p1a: Dondozo\n|move|p1a: Dondozo|Liquidation|p2a: Baxcalibur\n|-resisted|p2a: Baxcalibur\n|-damage|p2a: Baxcalibur|15\/100\n|\n|-heal|p1a: Dondozo|56\/100|[from] item: Leftovers\n|upkeep\n|turn|37\n|\n|t:|1698460654\n|move|p2a: Baxcalibur|Scale Shot|p1a: Dondozo\n|-damage|p1a: Dondozo|51\/100\n|-damage|p1a: Dondozo|47\/100\n|-damage|p1a: Dondozo|43\/100\n|-damage|p1a: Dondozo|38\/100\n|-damage|p1a: Dondozo|33\/100\n|-hitcount|p1a: Dondozo|5\n|-unboost|p2a: Baxcalibur|def|1\n|-boost|p2a: Baxcalibur|spe|1\n|move|p1a: Dondozo|Liquidation|p2a: Baxcalibur\n|-resisted|p2a: Baxcalibur\n|-damage|p2a: Baxcalibur|0 fnt\n|faint|p2a: Baxcalibur\n|\n|-heal|p1a: Dondozo|40\/100|[from] item: Leftovers\n|upkeep\n|\n|t:|1698460684\n|switch|p2a: Azelf|Azelf, shiny|45\/100 brn\n|-damage|p2a: Azelf|33\/100 brn|[from] Stealth Rock\n|turn|38\n|\n|t:|1698460689\n|move|p2a: Azelf|Psychic|p1a: Dondozo\n|-damage|p1a: Dondozo|3\/100\n|-unboost|p1a: Dondozo|spd|1\n|move|p1a: Dondozo|Rest|p1a: Dondozo\n|-status|p1a: Dondozo|slp|[from] move: Rest\n|-heal|p1a: Dondozo|100\/100 slp|[silent]\n|\n|-damage|p2a: Azelf|27\/100 brn|[from] brn\n|upkeep\n|turn|39\n|\n|t:|1698460699\n|move|p2a: Azelf|Encore|p1a: Dondozo\n|-start|p1a: Dondozo|Encore\n|cant|p1a: Dondozo|slp\n|\n|-damage|p2a: Azelf|20\/100 brn|[from] brn\n|upkeep\n|turn|40\n|\n|t:|1698460706\n|switch|p1a: Drifblim|Drifblim, F|100\/100\n|move|p2a: Azelf|Psychic|p1a: Drifblim\n|-damage|p1a: Drifblim|55\/100\n|\n|-damage|p2a: Azelf|14\/100 brn|[from] brn\n|upkeep\n|turn|41\n|\n|t:|1698460724\n|move|p2a: Azelf|Psychic|p1a: Drifblim\n|-damage|p1a: Drifblim|5\/100\n|move|p1a: Drifblim|Knock Off|p2a: Azelf\n|-supereffective|p2a: Azelf\n|-damage|p2a: Azelf|0 fnt\n|-enditem|p2a: Azelf|Focus Sash|[from] move: Knock Off|[of] p1a: Drifblim\n|faint|p2a: Azelf\n|\n|upkeep\n|\n|t:|1698460735\n|switch|p2a: Skeledirge|Skeledirge, M, shiny|59\/100\n|turn|42\n|\n|t:|1698460739\n|move|p2a: Skeledirge|Torch Song|p1a: Drifblim\n|-damage|p1a: Drifblim|0 fnt\n|-boost|p2a: Skeledirge|spa|1\n|faint|p1a: Drifblim\n|\n|upkeep\n|\n|t:|1698460744\n|switch|p1a: Dondozo|Dondozo, F|100\/100 slp\n|-damage|p1a: Dondozo|88\/100 slp|[from] Stealth Rock\n|turn|43\n|\n|t:|1698460749\n|move|p2a: Skeledirge|Shadow Ball|p1a: Dondozo\n|-damage|p1a: Dondozo|57\/100 slp\n|-unboost|p1a: Dondozo|spd|1\n|cant|p1a: Dondozo|slp\n|move|p1a: Dondozo|Sleep Talk|p1a: Dondozo\n|move|p1a: Dondozo|Curse|p1a: Dondozo|[from]move: Sleep Talk\n|-unboost|p1a: Dondozo|spe|1\n|-boost|p1a: Dondozo|atk|1\n|-boost|p1a: Dondozo|def|1\n|\n|-heal|p1a: Dondozo|63\/100 slp|[from] item: Leftovers\n|upkeep\n|turn|44\n|\n|t:|1698460762\n|move|p2a: Skeledirge|Shadow Ball|p1a: Dondozo\n|-damage|p1a: Dondozo|34\/100 slp\n|-curestatus|p1a: Dondozo|slp|[msg]\n|move|p1a: Dondozo|Liquidation|p2a: Skeledirge\n|-supereffective|p2a: Skeledirge\n|-crit|p2a: Skeledirge\n|-damage|p2a: Skeledirge|0 fnt\n|faint|p2a: Skeledirge\n|\n|-heal|p1a: Dondozo|40\/100|[from] item: Leftovers\n|upkeep\n|\n|t:|1698460772\n|switch|p2a: Ursaluna|Ursaluna, F, shiny|83\/100\n|-damage|p2a: Ursaluna|76\/100|[from] Stealth Rock\n|turn|45\n|\n|t:|1698460796\n|move|p2a: Ursaluna|Swords Dance|p2a: Ursaluna\n|-boost|p2a: Ursaluna|atk|2\n|move|p1a: Dondozo|Liquidation|p2a: Ursaluna\n|-supereffective|p2a: Ursaluna\n|-damage|p2a: Ursaluna|10\/100\n|-unboost|p2a: Ursaluna|def|1\n|\n|-heal|p1a: Dondozo|47\/100|[from] item: Leftovers\n|upkeep\n|turn|46\n|\n|t:|1698460804\n|move|p2a: Ursaluna|Facade|p1a: Dondozo\n|-damage|p1a: Dondozo|33\/100\n|move|p1a: Dondozo|Liquidation|p2a: Ursaluna\n|-supereffective|p2a: Ursaluna\n|-damage|p2a: Ursaluna|0 fnt\n|faint|p2a: Ursaluna\n|\n|win|tbhails\n","uploadtime":1698460827,"views":13,"p1id":"tbhails","p2id":"gyratix","formatid":"gen9anythinggoes","rating":0,"private":0,"password":""}