{"id":"gen9anythinggoes-1997250978","p1":"Mr Beast Gaming","p2":"MiguelRRM","format":"[Gen 9] Anything Goes","log":"|j|\u2606Mr Beast Gaming\n|j|\u2606MiguelRRM\n|t:|1700780505\n|gametype|singles\n|player|p1|Mr Beast Gaming|pokemonbreeder-gen3|1424\n|player|p2|MiguelRRM|lucas|1717\n|teamsize|p1|6\n|teamsize|p2|6\n|gen|9\n|tier|[Gen 9] Anything Goes\n|rated|\n|rule|HP Percentage Mod: HP is shown in percentages\n|rule|Endless Battle Clause: Forcing endless battles is banned\n|clearpoke\n|poke|p1|Koraidon|\n|poke|p1|Zacian-*|\n|poke|p1|Arceus|\n|poke|p1|Ting-Lu|\n|poke|p1|Calyrex-Shadow|\n|poke|p1|Arceus-Ground|\n|poke|p2|Furret, F|\n|poke|p2|Drifblim, F|\n|poke|p2|Calyrex-Shadow|\n|poke|p2|Koraidon|\n|poke|p2|Miraidon|\n|poke|p2|Zacian-*|\n|teampreview\n|inactive|Battle timer is ON: inactive players will automatically lose when time's up. (requested by Mr Beast Gaming)\n|\n|t:|1700780516\n|start\n|switch|p1a: Calyrex|Calyrex-Shadow|100\/100\n|switch|p2a: Drifblim|Drifblim, F|100\/100\n|-ability|p1a: Calyrex|As One\n|-ability|p1a: Calyrex|Unnerve\n|turn|1\n|\n|t:|1700780521\n|-terastallize|p2a: Drifblim|Normal\n|move|p1a: Calyrex|Astral Barrage|p2a: Drifblim\n|-immune|p2a: Drifblim\n|move|p2a: Drifblim|Minimize|p2a: Drifblim\n|-boost|p2a: Drifblim|evasion|2\n|\n|upkeep\n|turn|2\n|\n|t:|1700780525\n|switch|p1a: Ting-Lu|Ting-Lu|100\/100\n|-ability|p1a: Ting-Lu|Vessel of Ruin\n|move|p2a: Drifblim|Minimize|p2a: Drifblim\n|-boost|p2a: Drifblim|evasion|2\n|\n|upkeep\n|turn|3\n|\n|t:|1700780529\n|move|p2a: Drifblim|Will-O-Wisp|p1a: Ting-Lu\n|-status|p1a: Ting-Lu|brn\n|move|p1a: Ting-Lu|Whirlwind|p2a: Drifblim\n|drag|p2a: Calyrex|Calyrex-Shadow|100\/100\n|-ability|p2a: Calyrex|As One\n|-ability|p2a: Calyrex|Unnerve\n|\n|-damage|p1a: Ting-Lu|94\/100 brn|[from] brn\n|upkeep\n|turn|4\n|\n|t:|1700780532\n|switch|p2a: Koraidon|Koraidon|100\/100\n|-weather|SunnyDay|[from] ability: Orichalcum Pulse|[of] p2a: Koraidon\n|-activate|p2a: Koraidon|Orichalcum Pulse|[source]\n|move|p1a: Ting-Lu|Spikes|p2a: Koraidon\n|-sidestart|p2: MiguelRRM|Spikes\n|\n|-weather|SunnyDay|[upkeep]\n|-heal|p1a: Ting-Lu|100\/100 brn|[from] item: Leftovers\n|-damage|p1a: Ting-Lu|94\/100 brn|[from] brn\n|upkeep\n|turn|5\n|\n|t:|1700780542\n|switch|p1a: Arceus|Arceus-Ground|100\/100\n|move|p2a: Koraidon|Iron Head|p1a: Arceus\n|-damage|p1a: Arceus|81\/100\n|\n|-weather|SunnyDay|[upkeep]\n|upkeep\n|turn|6\n|\n|t:|1700780549\n|switch|p2a: Furret|Furret, F|100\/100\n|-damage|p2a: Furret|88\/100|[from] Spikes\n|-item|p1a: Arceus|Earth Plate|[from] ability: Frisk|[of] p2a: Furret|[identify]\n|move|p1a: Arceus|Will-O-Wisp|p2a: Furret|[miss]\n|-miss|p1a: Arceus|p2a: Furret\n|\n|-weather|SunnyDay|[upkeep]\n|upkeep\n|turn|7\n|\n|t:|1700780552\n|move|p2a: Furret|Tidy Up|p2a: Furret\n|-sideend|p2: MiguelRRM|Spikes\n|-activate|p2a: Furret|move: Tidy Up\n|-boost|p2a: Furret|atk|1\n|-boost|p2a: Furret|spe|1\n|move|p1a: Arceus|Judgment|p2a: Furret\n|-damage|p2a: Furret|10\/100\n|\n|-weather|SunnyDay|[upkeep]\n|upkeep\n|turn|8\n|\n|t:|1700780557\n|move|p2a: Furret|Baton Pass|p2a: Furret\n|\n|t:|1700780559\n|switch|p2a: Drifblim|Drifblim, F, tera:Normal|100\/100|[from] Baton Pass\n|move|p1a: Arceus|Judgment|p2a: Drifblim\n|-damage|p2a: Drifblim|47\/100\n|\n|-weather|none\n|upkeep\n|turn|9\n|\n|t:|1700780562\n|switch|p1a: Ting-Lu|Ting-Lu|94\/100 brn\n|-ability|p1a: Ting-Lu|Vessel of Ruin\n|move|p2a: Drifblim|Baton Pass|p2a: Drifblim\n|\n|t:|1700780565\n|switch|p2a: Koraidon|Koraidon|100\/100|[from] Baton Pass\n|-weather|SunnyDay|[from] ability: Orichalcum Pulse|[of] p2a: Koraidon\n|-activate|p2a: Koraidon|Orichalcum Pulse|[source]\n|\n|-weather|SunnyDay|[upkeep]\n|-heal|p1a: Ting-Lu|100\/100 brn|[from] item: Leftovers\n|-damage|p1a: Ting-Lu|94\/100 brn|[from] brn\n|upkeep\n|turn|10\n|\n|t:|1700780571\n|move|p2a: Koraidon|Collision Course|p1a: Ting-Lu\n|-supereffective|p1a: Ting-Lu\n|-damage|p1a: Ting-Lu|0 fnt\n|faint|p1a: Ting-Lu\n|\n|-weather|SunnyDay|[upkeep]\n|upkeep\n|\n|t:|1700780585\n|switch|p1a: Arceus|Arceus-Ground|81\/100\n|turn|11\n|\n|t:|1700780600\n|move|p2a: Koraidon|Scale Shot|p1a: Arceus|[miss]\n|-miss|p2a: Koraidon|p1a: Arceus\n|move|p1a: Arceus|Judgment|p2a: Koraidon\n|-damage|p2a: Koraidon|52\/100\n|\n|-weather|SunnyDay|[upkeep]\n|upkeep\n|turn|12\n|\n|t:|1700780607\n|-terastallize|p1a: Arceus|Fairy\n|move|p2a: Koraidon|Scale Shot|p1a: Arceus\n|-immune|p1a: Arceus\n|move|p1a: Arceus|Judgment|p2a: Koraidon\n|-damage|p2a: Koraidon|7\/100\n|\n|-weather|SunnyDay|[upkeep]\n|upkeep\n|turn|13\n|\n|t:|1700780611\n|move|p2a: Koraidon|Iron Head|p1a: Arceus\n|-supereffective|p1a: Arceus\n|-damage|p1a: Arceus|27\/100\n|move|p1a: Arceus|Calm Mind|p1a: Arceus\n|-boost|p1a: Arceus|spa|1\n|-boost|p1a: Arceus|spd|1\n|\n|-weather|none\n|upkeep\n|turn|14\n|\n|t:|1700780618\n|switch|p1a: Arceus|Arceus|100\/100\n|move|p2a: Koraidon|Iron Head|p1a: Arceus\n|-damage|p1a: Arceus|71\/100\n|\n|upkeep\n|turn|15\n|\n|t:|1700780625\n|switch|p2a: Calyrex|Calyrex-Shadow|100\/100\n|-ability|p2a: Calyrex|As One\n|-ability|p2a: Calyrex|Unnerve\n|move|p1a: Arceus|Extreme Speed|p2a: Calyrex\n|-immune|p2a: Calyrex\n|\n|upkeep\n|turn|16\n|\n|t:|1700780630\n|move|p2a: Calyrex|Substitute|p2a: Calyrex\n|-start|p2a: Calyrex|Substitute\n|-damage|p2a: Calyrex|76\/100\n|move|p1a: Arceus|Shadow Claw|p2a: Calyrex\n|-supereffective|p2a: Calyrex\n|-end|p2a: Calyrex|Substitute\n|\n|-heal|p2a: Calyrex|82\/100|[from] item: Leftovers\n|upkeep\n|turn|17\n|\n|t:|1700780632\n|move|p2a: Calyrex|Baton Pass|p2a: Calyrex\n|\n|t:|1700780635\n|switch|p2a: Drifblim|Drifblim, F, tera:Normal|47\/100|[from] Baton Pass\n|move|p1a: Arceus|Shadow Claw|p2a: Drifblim\n|-immune|p2a: Drifblim\n|\n|upkeep\n|turn|18\n|\n|t:|1700780638\n|move|p1a: Arceus|Extreme Speed|p2a: Drifblim\n|-damage|p2a: Drifblim|0 fnt\n|faint|p2a: Drifblim\n|\n|upkeep\n|\n|t:|1700780642\n|switch|p2a: Zacian|Zacian-Crowned|100\/100\n|-ability|p2a: Zacian|Intrepid Sword|boost\n|-boost|p2a: Zacian|atk|1\n|turn|19\n|\n|t:|1700780654\n|move|p2a: Zacian|Behemoth Blade|p1a: Arceus\n|-damage|p1a: Arceus|12\/100\n|move|p1a: Arceus|Shadow Claw|p2a: Zacian\n|-damage|p2a: Zacian|79\/100\n|\n|upkeep\n|turn|20\n|\n|t:|1700780659\n|move|p1a: Arceus|Extreme Speed|p2a: Zacian\n|-resisted|p2a: Zacian\n|-damage|p2a: Zacian|57\/100\n|move|p2a: Zacian|Behemoth Blade|p1a: Arceus\n|-crit|p1a: Arceus\n|-damage|p1a: Arceus|0 fnt\n|faint|p1a: Arceus\n|\n|upkeep\n|\n|t:|1700780663\n|switch|p1a: Calyrex|Calyrex-Shadow|100\/100\n|-ability|p1a: Calyrex|As One\n|-ability|p1a: Calyrex|Unnerve\n|turn|21\n|\n|t:|1700780669\n|switch|p2a: Calyrex|Calyrex-Shadow|82\/100\n|-ability|p2a: Calyrex|As One\n|-ability|p2a: Calyrex|Unnerve\n|move|p1a: Calyrex|Astral Barrage|p2a: Calyrex\n|-supereffective|p2a: Calyrex\n|-damage|p2a: Calyrex|0 fnt\n|faint|p2a: Calyrex\n|-ability|p1a: Calyrex|Grim Neigh|boost\n|-boost|p1a: Calyrex|spa|1\n|\n|upkeep\n|\n|t:|1700780671\n|switch|p2a: Furret|Furret, F|10\/100\n|-item|p1a: Calyrex|Choice Scarf|[from] ability: Frisk|[of] p2a: Furret|[identify]\n|turn|22\n|\n|t:|1700780676\n|move|p1a: Calyrex|Astral Barrage|p2a: Furret\n|-immune|p2a: Furret\n|move|p2a: Furret|Tidy Up|p2a: Furret\n|-boost|p2a: Furret|atk|1\n|-boost|p2a: Furret|spe|1\n|\n|upkeep\n|turn|23\n|\n|t:|1700780680\n|move|p1a: Calyrex|Astral Barrage|p2a: Furret\n|-immune|p2a: Furret\n|move|p2a: Furret|Trailblaze|p1a: Calyrex\n|-damage|p1a: Calyrex|80\/100\n|-boost|p2a: Furret|spe|1\n|\n|upkeep\n|turn|24\n|\n|t:|1700780693\n|switch|p1a: Koraidon|Koraidon|100\/100\n|-weather|SunnyDay|[from] ability: Orichalcum Pulse|[of] p1a: Koraidon\n|-activate|p1a: Koraidon|Orichalcum Pulse|[source]\n|move|p2a: Furret|Baton Pass|p2a: Furret\n|\n|t:|1700780714\n|switch|p2a: Miraidon|Miraidon|100\/100|[from] Baton Pass\n|-fieldstart|move: Electric Terrain|[from] ability: Hadron Engine|[of] p2a: Miraidon\n|\n|-weather|SunnyDay|[upkeep]\n|upkeep\n|turn|25\n|\n|t:|1700780718\n|move|p2a: Miraidon|Substitute|p2a: Miraidon\n|-start|p2a: Miraidon|Substitute\n|-damage|p2a: Miraidon|75\/100\n|move|p1a: Koraidon|Scale Shot|p2a: Miraidon\n|-supereffective|p2a: Miraidon\n|-end|p2a: Miraidon|Substitute\n|-supereffective|p2a: Miraidon\n|-damage|p2a: Miraidon|44\/100\n|-supereffective|p2a: Miraidon\n|-damage|p2a: Miraidon|11\/100\n|-supereffective|p2a: Miraidon\n|-damage|p2a: Miraidon|0 fnt\n|faint|p2a: Miraidon\n|-hitcount|p2: Miraidon|4\n|-unboost|p1a: Koraidon|def|1\n|-boost|p1a: Koraidon|spe|1\n|\n|-weather|SunnyDay|[upkeep]\n|upkeep\n|\n|t:|1700780721\n|switch|p2a: Zacian|Zacian-Crowned|57\/100\n|turn|26\n|-message|MiguelRRM forfeited.\n|\n|win|Mr Beast Gaming\n|raw|Mr Beast Gaming's rating: 1424 &rarr; <strong>1458<\/strong><br \/>(+34 for winning)\n|raw|MiguelRRM's rating: 1717 &rarr; <strong>1683<\/strong><br \/>(-34 for losing)\n|l|\u2606MiguelRRM\n","uploadtime":1700780728,"views":0,"p1id":"mrbeastgaming","p2id":"miguelrrm","formatid":"gen9anythinggoes","rating":1458,"private":0,"password":""}