{"id":"gen9anythinggoes-1982780403","p1":"TanPadeusz","p2":"Wixu","format":"[Gen 9] Anything Goes","log":"|j|\u2606TanPadeusz\n|j|\u2606Wixu\n|t:|1699044196\n|gametype|singles\n|player|p1|TanPadeusz|giovanni|\n|player|p2|Wixu|265|\n|teamsize|p1|6\n|teamsize|p2|6\n|gen|9\n|tier|[Gen 9] Anything Goes\n|rule|HP Percentage Mod: HP is shown in percentages\n|rule|Endless Battle Clause: Forcing endless battles is banned\n|clearpoke\n|poke|p1|Gallade, M|\n|poke|p1|Tinkaton, F|\n|poke|p1|Toxapex, M|\n|poke|p1|Gliscor, M|\n|poke|p1|Zoroark-Hisui, M|\n|poke|p1|Hydreigon, M|\n|poke|p2|Moltres|\n|poke|p2|Lucario, F|\n|poke|p2|Slowbro-Galar, M|\n|poke|p2|Greninja-*, M|\n|poke|p2|Dragapult, M|\n|poke|p2|Ninetales-Alola, F|\n|teampreview\n|\n|t:|1699044212\n|start\n|switch|p1a: Toxapex|Toxapex, M|100\/100\n|switch|p2a: Greninja|Greninja, M|100\/100\n|turn|1\n|\n|t:|1699044220\n|move|p2a: Greninja|Double Team|p2a: Greninja\n|-boost|p2a: Greninja|evasion|1\n|move|p1a: Toxapex|Toxic|p2a: Greninja\n|-status|p2a: Greninja|tox\n|\n|-damage|p2a: Greninja|95\/100 tox|[from] psn\n|upkeep\n|turn|2\n|\n|t:|1699044229\n|move|p1a: Toxapex|Baneful Bunker|p1a: Toxapex\n|-singleturn|p1a: Toxapex|move: Protect\n|move|p2a: Greninja|Hydro Pump|p1a: Toxapex\n|-activate|p1a: Toxapex|move: Protect\n|\n|-damage|p2a: Greninja|83\/100 tox|[from] psn\n|upkeep\n|turn|3\n|\n|t:|1699044237\n|move|p2a: Greninja|Hydro Pump|p1a: Toxapex\n|-resisted|p1a: Toxapex\n|-damage|p1a: Toxapex|80\/100\n|move|p1a: Toxapex|Toxic Spikes|p2a: Greninja\n|-sidestart|p2: Wixu|move: Toxic Spikes\n|\n|-heal|p1a: Toxapex|87\/100|[from] item: Black Sludge\n|-damage|p2a: Greninja|65\/100 tox|[from] psn\n|upkeep\n|turn|4\n|\n|t:|1699044248\n|switch|p2a: Dragapult|Dragapult, M|100\/100\n|-status|p2a: Dragapult|psn\n|move|p1a: Toxapex|Toxic Spikes|p2a: Dragapult\n|-sidestart|p2: Wixu|move: Toxic Spikes\n|\n|-heal|p1a: Toxapex|93\/100|[from] item: Black Sludge\n|-damage|p2a: Dragapult|88\/100 psn|[from] psn\n|upkeep\n|turn|5\n|\n|t:|1699044258\n|move|p1a: Toxapex|Baneful Bunker|p1a: Toxapex\n|-singleturn|p1a: Toxapex|move: Protect\n|move|p2a: Dragapult|Dragon Dance|p2a: Dragapult\n|-boost|p2a: Dragapult|atk|1\n|-boost|p2a: Dragapult|spe|1\n|\n|-heal|p1a: Toxapex|99\/100|[from] item: Black Sludge\n|-damage|p2a: Dragapult|76\/100 psn|[from] psn\n|upkeep\n|turn|6\n|\n|t:|1699044270\n|switch|p1a: Tinkaton|Tinkaton, F|100\/100\n|move|p2a: Dragapult|Draco Meteor|p1a: Tinkaton\n|-immune|p1a: Tinkaton\n|\n|-damage|p2a: Dragapult|64\/100 psn|[from] psn\n|upkeep\n|turn|7\n|\n|t:|1699044278\n|move|p2a: Dragapult|Protect|p2a: Dragapult\n|-singleturn|p2a: Dragapult|Protect\n|move|p1a: Tinkaton|Gigaton Hammer|p2a: Dragapult\n|-activate|p2a: Dragapult|move: Protect\n|\n|-damage|p2a: Dragapult|51\/100 psn|[from] psn\n|upkeep\n|turn|8\n|\n|t:|1699044285\n|move|p2a: Dragapult|Shadow Ball|p1a: Tinkaton\n|-damage|p1a: Tinkaton|65\/100\n|move|p1a: Tinkaton|Play Rough|p2a: Dragapult|[miss]\n|-miss|p1a: Tinkaton|p2a: Dragapult\n|\n|-damage|p2a: Dragapult|39\/100 psn|[from] psn\n|upkeep\n|turn|9\n|\n|t:|1699044295\n|-terastallize|p2a: Dragapult|Dragon\n|move|p2a: Dragapult|Shadow Ball|p1a: Tinkaton\n|-damage|p1a: Tinkaton|29\/100\n|move|p1a: Tinkaton|Play Rough|p2a: Dragapult\n|-supereffective|p2a: Dragapult\n|-damage|p2a: Dragapult|0 fnt\n|faint|p2a: Dragapult\n|\n|upkeep\n|\n|t:|1699044305\n|switch|p2a: Slowbro|Slowbro-Galar, M|100\/100\n|-sideend|p2: Wixu|move: Toxic Spikes|[of] p2a: Slowbro\n|turn|10\n|\n|t:|1699044312\n|move|p1a: Tinkaton|Swords Dance|p1a: Tinkaton\n|-boost|p1a: Tinkaton|atk|2\n|move|p2a: Slowbro|Poison Jab|p1a: Tinkaton\n|-immune|p1a: Tinkaton\n|\n|upkeep\n|turn|11\n|\n|t:|1699044319\n|switch|p2a: Lucario|Lucario, F|100\/100\n|move|p1a: Tinkaton|Swords Dance|p1a: Tinkaton\n|-boost|p1a: Tinkaton|atk|2\n|\n|upkeep\n|turn|12\n|\n|t:|1699044326\n|move|p1a: Tinkaton|Play Rough|p2a: Lucario\n|-enditem|p2a: Lucario|Focus Sash\n|-damage|p2a: Lucario|1\/100\n|-unboost|p2a: Lucario|atk|1\n|move|p2a: Lucario|Close Combat|p1a: Tinkaton\n|-damage|p1a: Tinkaton|0 fnt\n|-unboost|p2a: Lucario|def|1\n|-unboost|p2a: Lucario|spd|1\n|faint|p1a: Tinkaton\n|\n|upkeep\n|\n|t:|1699044338\n|switch|p1a: Toxapex|Toxapex, M|100\/100\n|turn|13\n|\n|t:|1699044344\n|move|p2a: Lucario|Meteor Mash|p1a: Toxapex\n|-resisted|p1a: Toxapex\n|-damage|p1a: Toxapex|91\/100\n|move|p1a: Toxapex|Toxic Spikes|p2a: Lucario\n|-sidestart|p2: Wixu|move: Toxic Spikes\n|\n|-heal|p1a: Toxapex|97\/100|[from] item: Black Sludge\n|upkeep\n|turn|14\n|\n|t:|1699044352\n|move|p2a: Lucario|Close Combat|p1a: Toxapex\n|-resisted|p1a: Toxapex\n|-damage|p1a: Toxapex|84\/100\n|-unboost|p2a: Lucario|def|1\n|-unboost|p2a: Lucario|spd|1\n|move|p1a: Toxapex|Toxic Spikes|p2a: Lucario\n|-sidestart|p2: Wixu|move: Toxic Spikes\n|\n|-heal|p1a: Toxapex|90\/100|[from] item: Black Sludge\n|upkeep\n|turn|15\n|\n|t:|1699044361\n|move|p2a: Lucario|Dark Pulse|p1a: Toxapex\n|-crit|p1a: Toxapex\n|-damage|p1a: Toxapex|67\/100\n|move|p1a: Toxapex|Toxic|p2a: Lucario\n|-immune|p2a: Lucario\n|\n|-heal|p1a: Toxapex|74\/100|[from] item: Black Sludge\n|upkeep\n|turn|16\n|\n|t:|1699044374\n|switch|p1a: Gallade|Gallade, M|100\/100\n|move|p2a: Lucario|Dark Pulse|p1a: Gallade\n|-damage|p1a: Gallade|82\/100\n|\n|upkeep\n|turn|17\n|\n|t:|1699044385\n|move|p2a: Lucario|Close Combat|p1a: Gallade\n|-resisted|p1a: Gallade\n|-damage|p1a: Gallade|49\/100\n|-unboost|p2a: Lucario|def|1\n|-unboost|p2a: Lucario|spd|1\n|move|p1a: Gallade|Agility|p1a: Gallade\n|-boost|p1a: Gallade|spe|2\n|\n|upkeep\n|turn|18\n|\n|t:|1699044394\n|move|p1a: Gallade|Psycho Cut|p2a: Lucario\n|-crit|p2a: Lucario\n|-damage|p2a: Lucario|0 fnt\n|faint|p2a: Lucario\n|-damage|p1a: Gallade|39\/100|[from] item: Life Orb\n|\n|upkeep\n|\n|t:|1699044403\n|switch|p2a: Moltres|Moltres|100\/100\n|turn|19\n|\n|t:|1699044408\n|move|p1a: Gallade|Psycho Cut|p2a: Moltres\n|-damage|p2a: Moltres|9\/100\n|-damage|p1a: Gallade|30\/100|[from] item: Life Orb\n|move|p2a: Moltres|Flare Blitz|p1a: Gallade\n|-damage|p1a: Gallade|0 fnt\n|faint|p1a: Gallade\n|-damage|p2a: Moltres|1\/100|[from] Recoil\n|-damage|p2a: Moltres|0 fnt|[from] item: Life Orb\n|faint|p2a: Moltres\n|\n|upkeep\n|\n|t:|1699044425\n|switch|p2a: Slowbro|Slowbro-Galar, M|100\/100\n|switch|p1a: Hydreigon|Hydreigon, M|100\/100\n|-sideend|p2: Wixu|move: Toxic Spikes|[of] p2a: Slowbro\n|turn|20\n|\n|t:|1699044431\n|move|p1a: Hydreigon|Dragon Dance|p1a: Hydreigon\n|-boost|p1a: Hydreigon|atk|1\n|-boost|p1a: Hydreigon|spe|1\n|move|p2a: Slowbro|Poison Jab|p1a: Hydreigon\n|-damage|p1a: Hydreigon|73\/100\n|-status|p1a: Hydreigon|psn\n|\n|-damage|p1a: Hydreigon|60\/100 psn|[from] psn\n|upkeep\n|turn|21\n|\n|t:|1699044447\n|move|p2a: Slowbro|Protect|p2a: Slowbro\n|-singleturn|p2a: Slowbro|Protect\n|move|p1a: Hydreigon|Earthquake|p2a: Slowbro\n|-activate|p2a: Slowbro|move: Protect\n|\n|-damage|p1a: Hydreigon|48\/100 psn|[from] psn\n|upkeep\n|turn|22\n|\n|t:|1699044454\n|move|p1a: Hydreigon|Earthquake|p2a: Slowbro\n|-supereffective|p2a: Slowbro\n|-damage|p2a: Slowbro|11\/100\n|move|p2a: Slowbro|Poison Jab|p1a: Hydreigon\n|-damage|p1a: Hydreigon|22\/100 psn\n|\n|-heal|p2a: Slowbro|17\/100|[from] item: Leftovers\n|-damage|p1a: Hydreigon|10\/100 psn|[from] psn\n|upkeep\n|turn|23\n|\n|t:|1699044464\n|switch|p1a: Gliscor|Gliscor, M|100\/100\n|move|p2a: Slowbro|Rest|p2a: Slowbro\n|-status|p2a: Slowbro|slp|[from] move: Rest\n|-heal|p2a: Slowbro|100\/100 slp|[silent]\n|\n|-status|p1a: Gliscor|tox|[from] item: Toxic Orb\n|upkeep\n|turn|24\n|\n|t:|1699044473\n|switch|p2a: Ninetales|Ninetales-Alola, F|100\/100\n|-weather|Snow|[from] ability: Snow Warning|[of] p2a: Ninetales\n|move|p1a: Gliscor|Earthquake|p2a: Ninetales\n|-damage|p2a: Ninetales|69\/100\n|\n|-weather|Snow|[upkeep]\n|upkeep\n|turn|25\n|\n|t:|1699044482\n|switch|p1a: Toxapex|Toxapex, M|100\/100\n|move|p2a: Ninetales|Draining Kiss|p1a: Toxapex\n|-resisted|p1a: Toxapex\n|-damage|p1a: Toxapex|95\/100\n|-heal|p2a: Ninetales|72\/100|[from] drain|[of] p1a: Toxapex\n|\n|-weather|Snow|[upkeep]\n|-heal|p1a: Toxapex|100\/100|[from] item: Black Sludge\n|upkeep\n|turn|26\n|\n|t:|1699044492\n|switch|p2a: Slowbro|Slowbro-Galar, M|100\/100 slp\n|move|p1a: Toxapex|Toxic||[still]\n|-fail|p1a: Toxapex\n|\n|-weather|Snow|[upkeep]\n|upkeep\n|turn|27\n|\n|t:|1699044500\n|cant|p2a: Slowbro|slp\n|move|p2a: Slowbro|Sleep Talk|p2a: Slowbro\n|move|p2a: Slowbro|Rest||[from]move: Sleep Talk|[still]\n|-fail|p2a: Slowbro\n|move|p1a: Toxapex|Toxic Spikes|p2a: Slowbro\n|-sidestart|p2: Wixu|move: Toxic Spikes\n|\n|-weather|Snow|[upkeep]\n|upkeep\n|turn|28\n|\n|t:|1699044508\n|switch|p2a: Greninja|Greninja, M|65\/100 tox\n|move|p1a: Toxapex|Toxic Spikes|p2a: Greninja\n|-sidestart|p2: Wixu|move: Toxic Spikes\n|\n|-weather|none\n|-damage|p2a: Greninja|59\/100 tox|[from] psn\n|upkeep\n|turn|29\n|\n|t:|1699044516\n|move|p1a: Toxapex|Baneful Bunker|p1a: Toxapex\n|-singleturn|p1a: Toxapex|move: Protect\n|move|p2a: Greninja|Hydro Pump|p1a: Toxapex\n|-activate|p1a: Toxapex|move: Protect\n|\n|-damage|p2a: Greninja|47\/100 tox|[from] psn\n|upkeep\n|turn|30\n|\n|t:|1699044525\n|move|p2a: Greninja|Ice Beam|p1a: Toxapex\n|-resisted|p1a: Toxapex\n|-damage|p1a: Toxapex|88\/100\n|move|p1a: Toxapex|Recover|p1a: Toxapex\n|-heal|p1a: Toxapex|100\/100\n|\n|-damage|p2a: Greninja|29\/100 tox|[from] psn\n|upkeep\n|turn|31\n|\n|t:|1699044535\n|move|p1a: Toxapex|Baneful Bunker|p1a: Toxapex\n|-singleturn|p1a: Toxapex|move: Protect\n|move|p2a: Greninja|Ice Beam|p1a: Toxapex\n|-activate|p1a: Toxapex|move: Protect\n|\n|-damage|p2a: Greninja|5\/100 tox|[from] psn\n|upkeep\n|turn|32\n|\n|t:|1699044544\n|move|p2a: Greninja|Dark Pulse|p1a: Toxapex\n|-damage|p1a: Toxapex|70\/100\n|move|p1a: Toxapex|Recover|p1a: Toxapex\n|-heal|p1a: Toxapex|100\/100\n|\n|-damage|p2a: Greninja|0 fnt|[from] psn\n|faint|p2a: Greninja\n|upkeep\n|\n|t:|1699044553\n|switch|p2a: Ninetales|Ninetales-Alola, F|72\/100\n|-status|p2a: Ninetales|tox\n|-weather|Snow|[from] ability: Snow Warning|[of] p2a: Ninetales\n|turn|33\n|\n|t:|1699044559\n|move|p1a: Toxapex|Baneful Bunker|p1a: Toxapex\n|-singleturn|p1a: Toxapex|move: Protect\n|move|p2a: Ninetales|Draining Kiss|p1a: Toxapex\n|-activate|p1a: Toxapex|move: Protect\n|\n|-weather|Snow|[upkeep]\n|-damage|p2a: Ninetales|66\/100 tox|[from] psn\n|upkeep\n|turn|34\n|\n|t:|1699044568\n|move|p2a: Ninetales|Blizzard|p1a: Toxapex\n|-resisted|p1a: Toxapex\n|-damage|p1a: Toxapex|88\/100\n|move|p1a: Toxapex|Recover|p1a: Toxapex\n|-heal|p1a: Toxapex|100\/100\n|\n|-weather|Snow|[upkeep]\n|-damage|p2a: Ninetales|54\/100 tox|[from] psn\n|upkeep\n|turn|35\n|\n|t:|1699044576\n|move|p1a: Toxapex|Baneful Bunker|p1a: Toxapex\n|-singleturn|p1a: Toxapex|move: Protect\n|move|p2a: Ninetales|Blizzard|p1a: Toxapex\n|-activate|p1a: Toxapex|move: Protect\n|\n|-weather|Snow|[upkeep]\n|-damage|p2a: Ninetales|36\/100 tox|[from] psn\n|upkeep\n|turn|36\n|\n|t:|1699044591\n|move|p2a: Ninetales|Blizzard|p1a: Toxapex\n|-resisted|p1a: Toxapex\n|-damage|p1a: Toxapex|87\/100\n|move|p1a: Toxapex|Recover|p1a: Toxapex\n|-heal|p1a: Toxapex|100\/100\n|\n|-weather|Snow|[upkeep]\n|-damage|p2a: Ninetales|12\/100 tox|[from] psn\n|upkeep\n|turn|37\n|\n|t:|1699044602\n|move|p1a: Toxapex|Baneful Bunker|p1a: Toxapex\n|-singleturn|p1a: Toxapex|move: Protect\n|move|p2a: Ninetales|Hypnosis|p1a: Toxapex\n|-activate|p1a: Toxapex|move: Protect\n|\n|-weather|none\n|-damage|p2a: Ninetales|0 fnt|[from] psn\n|faint|p2a: Ninetales\n|upkeep\n|\n|t:|1699044610\n|switch|p2a: Slowbro|Slowbro-Galar, M|100\/100 slp\n|-sideend|p2: Wixu|move: Toxic Spikes|[of] p2a: Slowbro\n|turn|38\n|\n|t:|1699044615\n|switch|p1a: Gliscor|Gliscor, M|100\/100 tox\n|cant|p2a: Slowbro|slp\n|\n|upkeep\n|turn|39\n|\n|t:|1699044624\n|move|p1a: Gliscor|Earthquake|p2a: Slowbro\n|-supereffective|p2a: Slowbro\n|-damage|p2a: Slowbro|23\/100 slp\n|-curestatus|p2a: Slowbro|slp|[msg]\n|move|p2a: Slowbro|Poison Jab|p1a: Gliscor\n|-resisted|p1a: Gliscor\n|-damage|p1a: Gliscor|90\/100 tox\n|\n|-heal|p2a: Slowbro|29\/100|[from] item: Leftovers\n|-heal|p1a: Gliscor|100\/100 tox|[from] ability: Poison Heal\n|upkeep\n|turn|40\n|\n|t:|1699044635\n|move|p1a: Gliscor|Earthquake|p2a: Slowbro\n|-supereffective|p2a: Slowbro\n|-damage|p2a: Slowbro|0 fnt\n|faint|p2a: Slowbro\n|\n|win|TanPadeusz\n","uploadtime":1699044641,"views":8,"p1id":"tanpadeusz","p2id":"wixu","formatid":"gen9anythinggoes","rating":0,"private":0,"password":""}