{"id":"gen9anythinggoes-1978127391","p1":"PrimalKyogre555","p2":"pokeauraburst$-&","format":"[Gen 9] Anything Goes","log":"|j|\u2606PrimalKyogre555\n|j|\u2606pokeauraburst$-&\n|inactive|Battle timer is ON: inactive players will automatically lose when time's up.\n|t:|1698502755\n|gametype|singles\n|player|p1|PrimalKyogre555|169|\n|player|p2|pokeauraburst$-&|red|\n|teamsize|p1|6\n|teamsize|p2|6\n|gen|9\n|tier|[Gen 9] Anything Goes\n|rated|Tournament battle\n|rule|HP Percentage Mod: HP is shown in percentages\n|rule|Endless Battle Clause: Forcing endless battles is banned\n|clearpoke\n|poke|p1|Calyrex-Shadow|\n|poke|p1|Arceus-Fairy|\n|poke|p1|Miraidon|\n|poke|p1|Arceus|\n|poke|p1|Arceus-Ground|\n|poke|p1|Koraidon|\n|poke|p2|Miraidon|\n|poke|p2|Koraidon|\n|poke|p2|Ting-Lu|\n|poke|p2|Arceus|\n|poke|p2|Skeledirge, F|\n|poke|p2|Calyrex-Shadow|\n|teampreview\n|j| laprasplayer\n|j| ZowwyCafe\u2764\n|j| eavo\n|c|\u2606pokeauraburst$-&|Glhf\n|c| eavo|peak gaming\n|j|+Primordiallite\n|\n|t:|1698502781\n|start\n|switch|p1a: Arceus|Arceus-Fairy|100\/100\n|switch|p2a: Ting-Lu|Ting-Lu|100\/100\n|-ability|p2a: Ting-Lu|Vessel of Ruin\n|turn|1\n|c| eavo|~~who still uses assdirge though~~\n|\n|t:|1698502792\n|switch|p2a: Skeledirge|Skeledirge, F|100\/100\n|move|p1a: Arceus|Taunt|p2a: Skeledirge\n|-start|p2a: Skeledirge|move: Taunt\n|\n|upkeep\n|turn|2\n|c|\u2606PrimalKyogre555|this looks like my sample and it therefore might be based\n|c|\u2606PrimalKyogre555|we will see.\n|\n|t:|1698502811\n|switch|p2a: Calyrex|Calyrex-Shadow|100\/100\n|-ability|p2a: Calyrex|As One\n|-ability|p2a: Calyrex|Unnerve\n|move|p1a: Arceus|Stealth Rock|p2a: Calyrex\n|-sidestart|p2: pokeauraburst$-&|move: Stealth Rock\n|\n|upkeep\n|turn|3\n|\n|t:|1698502814\n|switch|p1a: Arceus|Arceus|100\/100\n|move|p2a: Calyrex|Encore||[still]\n|-fail|p2a: Calyrex\n|\n|upkeep\n|turn|4\n|\n|t:|1698502820\n|switch|p2a: Skeledirge|Skeledirge, F|100\/100\n|move|p1a: Arceus|Shadow Claw|p2a: Skeledirge\n|-supereffective|p2a: Skeledirge\n|-crit|p2a: Skeledirge\n|-damage|p2a: Skeledirge|57\/100\n|\n|upkeep\n|turn|5\n|j| Future king of ou\n|\n|t:|1698502835\n|switch|p1a: Calyrex|Calyrex-Shadow|100\/100\n|-ability|p1a: Calyrex|As One\n|-ability|p1a: Calyrex|Unnerve\n|switch|p2a: Koraidon|Koraidon|100\/100\n|-damage|p2a: Koraidon|94\/100|[from] Stealth Rock\n|-weather|SunnyDay|[from] ability: Orichalcum Pulse|[of] p2a: Koraidon\n|-activate|p2a: Koraidon|Orichalcum Pulse|[source]\n|\n|-weather|SunnyDay|[upkeep]\n|upkeep\n|turn|6\n|\n|t:|1698502842\n|switch|p1a: Arceus|Arceus-Ground|100\/100\n|move|p2a: Koraidon|U-turn|p1a: Arceus\n|-crit|p1a: Arceus\n|-damage|p1a: Arceus|75\/100\n|\n|t:|1698502847\n|switch|p2a: Miraidon|Miraidon|100\/100|[from] U-turn\n|-fieldstart|move: Electric Terrain|[from] ability: Hadron Engine|[of] p2a: Miraidon\n|\n|-weather|SunnyDay|[upkeep]\n|upkeep\n|turn|7\n|c|+Primordiallite|Oml\n|c|\u2606pokeauraburst$-&|Ops missclicked\n|c|+Primordiallite|Click solar beam smh\n|\n|t:|1698502871\n|move|p2a: Miraidon|Solar Beam||[still]\n|-prepare|p2a: Miraidon|Solar Beam\n|-anim|p2a: Miraidon|Solar Beam|p1a: Arceus\n|-supereffective|p1a: Arceus\n|-damage|p1a: Arceus|0 fnt\n|faint|p1a: Arceus\n|\n|-weather|SunnyDay|[upkeep]\n|upkeep\n|c| eavo|ewww ghosting\n|c| eavo|(real)\n|c|\u2606pokeauraburst$-&|Wait\n|c|+Primordiallite|LOL\n|\n|t:|1698502880\n|switch|p1a: Koraidon|Koraidon|100\/100\n|-activate|p1a: Koraidon|ability: Orichalcum Pulse\n|turn|8\n|c|\u2606pokeauraburst$-&|How did you know?\n|\n|t:|1698502886\n|switch|p2a: Skeledirge|Skeledirge, F|57\/100\n|move|p1a: Koraidon|Outrage|p2a: Skeledirge\n|-damage|p2a: Skeledirge|4\/100\n|\n|-weather|SunnyDay|[upkeep]\n|upkeep\n|turn|9\n|c|\u2606PrimalKyogre555|uh\n|c|\u2606PrimalKyogre555|i built that team\n|c|\u2606PrimalKyogre555|buddy\n|\n|t:|1698502894\n|-terastallize|p2a: Skeledirge|Fairy\n|move|p1a: Koraidon|Outrage|p2a: Skeledirge|[from]lockedmove\n|-immune|p2a: Skeledirge\n|-start|p1a: Koraidon|confusion|[fatigue]\n|move|p2a: Skeledirge|Slack Off|p2a: Skeledirge\n|-heal|p2a: Skeledirge|54\/100\n|\n|-weather|none\n|upkeep\n|turn|10\n|c| eavo|it's HIS TEAm\n|\n|t:|1698502904\n|switch|p1a: Arceus|Arceus-Fairy|100\/100\n|move|p2a: Skeledirge|Slack Off|p2a: Skeledirge\n|-heal|p2a: Skeledirge|100\/100\n|\n|-fieldend|move: Electric Terrain\n|upkeep\n|turn|11\n|c|\u2606PrimalKyogre555|we would know\n|\n|t:|1698502908\n|move|p1a: Arceus|Judgment|p2a: Skeledirge\n|-damage|p2a: Skeledirge|48\/100\n|move|p2a: Skeledirge|Torch Song|p1a: Arceus\n|-damage|p1a: Arceus|81\/100\n|-boost|p2a: Skeledirge|spa|1\n|\n|upkeep\n|turn|12\n|\n|t:|1698502926\n|move|p1a: Arceus|Judgment|p2a: Skeledirge\n|-damage|p2a: Skeledirge|0 fnt\n|faint|p2a: Skeledirge\n|\n|upkeep\n|\n|t:|1698502940\n|switch|p2a: Arceus|Arceus|100\/100\n|turn|13\n|\n|t:|1698502946\n|move|p2a: Arceus|Extreme Speed|p1a: Arceus\n|-damage|p1a: Arceus|51\/100\n|move|p1a: Arceus|Taunt|p2a: Arceus\n|-start|p2a: Arceus|move: Taunt\n|\n|upkeep\n|turn|14\n|c| Future king of ou|Who's\n|\n|t:|1698502955\n|switch|p2a: Calyrex|Calyrex-Shadow|100\/100\n|-ability|p2a: Calyrex|As One\n|-ability|p2a: Calyrex|Unnerve\n|move|p1a: Arceus|Recover|p1a: Arceus\n|-heal|p1a: Arceus|100\/100\n|\n|upkeep\n|turn|15\n|c| Future king of ou|Pokeauraburst\n|\n|t:|1698502958\n|switch|p1a: Arceus|Arceus|100\/100\n|move|p2a: Calyrex|Nasty Plot|p2a: Calyrex\n|-boost|p2a: Calyrex|spa|2\n|\n|upkeep\n|turn|16\n|c| Future king of ou|I only know\n|\n|t:|1698502964\n|switch|p2a: Ting-Lu|Ting-Lu|100\/100\n|-damage|p2a: Ting-Lu|94\/100|[from] Stealth Rock\n|-ability|p2a: Ting-Lu|Vessel of Ruin\n|move|p1a: Arceus|Shadow Claw|p2a: Ting-Lu\n|-resisted|p2a: Ting-Lu\n|-damage|p2a: Ting-Lu|88\/100\n|\n|-heal|p2a: Ting-Lu|94\/100|[from] item: Leftovers\n|upkeep\n|turn|17\n|c| Future king of ou|PokeRizzlerBust\n|\n|t:|1698502969\n|switch|p1a: Koraidon|Koraidon|100\/100\n|-weather|SunnyDay|[from] ability: Orichalcum Pulse|[of] p1a: Koraidon\n|-activate|p1a: Koraidon|Orichalcum Pulse|[source]\n|move|p2a: Ting-Lu|Spikes|p1a: Koraidon\n|-sidestart|p1: PrimalKyogre555|Spikes\n|\n|-weather|SunnyDay|[upkeep]\n|-heal|p2a: Ting-Lu|99\/100|[from] item: Leftovers\n|upkeep\n|turn|18\n|c| eavo|is this finals\n|\n|t:|1698502977\n|move|p1a: Koraidon|U-turn|p2a: Ting-Lu\n|-supereffective|p2a: Ting-Lu\n|-damage|p2a: Ting-Lu|60\/100\n|\n|t:|1698502980\n|switch|p1a: Arceus|Arceus-Fairy|100\/100|[from] U-turn\n|-damage|p1a: Arceus|88\/100|[from] Spikes\n|move|p2a: Ting-Lu|Spikes|p1a: Arceus\n|-sidestart|p1: PrimalKyogre555|Spikes\n|\n|-weather|SunnyDay|[upkeep]\n|-heal|p2a: Ting-Lu|66\/100|[from] item: Leftovers\n|upkeep\n|turn|19\n|c|+Primordiallite|Yes\n|j| Bunnysai\n|c|\u2606PrimalKyogre555|go ahead and sack your lu then???\n|c| eavo|\ud83d\udc80 bro had the balls to stay in vs korai\n|\n|t:|1698502990\n|move|p1a: Arceus|Judgment|p2a: Ting-Lu\n|-supereffective|p2a: Ting-Lu\n|-damage|p2a: Ting-Lu|24\/100\n|move|p2a: Ting-Lu|Ruination|p1a: Arceus\n|-damage|p1a: Arceus|44\/100\n|\n|-weather|SunnyDay|[upkeep]\n|-heal|p2a: Ting-Lu|30\/100|[from] item: Leftovers\n|upkeep\n|turn|20\n|\n|t:|1698502998\n|move|p1a: Arceus|Judgment|p2a: Ting-Lu\n|-supereffective|p2a: Ting-Lu\n|-damage|p2a: Ting-Lu|0 fnt\n|faint|p2a: Ting-Lu\n|\n|-weather|SunnyDay|[upkeep]\n|upkeep\n|c|\u2606PrimalKyogre555|the entire Miraidon in the back of my team:\n|c| Bunnysai|Hi\n|\n|t:|1698503011\n|switch|p2a: Koraidon|Koraidon|94\/100\n|-damage|p2a: Koraidon|88\/100|[from] Stealth Rock\n|-activate|p2a: Koraidon|ability: Orichalcum Pulse\n|turn|21\n|c|+Primordiallite|Hello\n|c| laprasplayer|seeing ppl stayin in on Koraidon with ting-lu always pisses me off\n|\n|t:|1698503017\n|move|p2a: Koraidon|Flare Blitz|p1a: Arceus\n|-damage|p1a: Arceus|0 fnt\n|faint|p1a: Arceus\n|-damage|p2a: Koraidon|69\/100|[from] Recoil\n|\n|-weather|none\n|upkeep\n|\n|t:|1698503021\n|switch|p1a: Miraidon|Miraidon|100\/100\n|-damage|p1a: Miraidon|84\/100|[from] Spikes\n|-fieldstart|move: Electric Terrain|[from] ability: Hadron Engine|[of] p1a: Miraidon\n|-enditem|p1a: Miraidon|Electric Seed\n|-boost|p1a: Miraidon|def|1|[from] item: Electric Seed\n|turn|22\n|c| eavo|same\n|c| eavo|like why the fuck would you do that\n|\n|t:|1698503035\n|switch|p2a: Arceus|Arceus|100\/100\n|move|p1a: Miraidon|Calm Mind|p1a: Miraidon\n|-boost|p1a: Miraidon|spa|1\n|-boost|p1a: Miraidon|spd|1\n|\n|upkeep\n|turn|23\n|c|+Primordiallite|To flex\n|c| eavo|for what good reason\n|c| eavo|~~unless u are max def band ofc~~\n|\n|t:|1698503057\n|switch|p2a: Calyrex|Calyrex-Shadow|100\/100\n|-ability|p2a: Calyrex|As One\n|-ability|p2a: Calyrex|Unnerve\n|move|p1a: Miraidon|Parabolic Charge|p2a: Calyrex\n|-damage|p2a: Calyrex|1\/100\n|-heal|p1a: Miraidon|100\/100|[from] drain|[of] p2a: Calyrex\n|\n|upkeep\n|turn|24\n|c| laprasplayer|calced\n|\n|t:|1698503063\n|move|p2a: Calyrex|Encore|p1a: Miraidon\n|-start|p1a: Miraidon|Encore\n|move|p1a: Miraidon|Parabolic Charge|p2a: Calyrex\n|-damage|p2a: Calyrex|0 fnt\n|faint|p2a: Calyrex\n|\n|upkeep\n|\n|t:|1698503065\n|switch|p2a: Miraidon|Miraidon|100\/100\n|-activate|p2a: Miraidon|ability: Hadron Engine\n|turn|25\n|c| ZowwyCafe\u2764|o_o\n|c| Future king of ou|Y'all cant fuckin cook like me\n|c| Future king of ou|https:\/\/pokepast.es\/df08650b1614474c\n|c| Future king of ou|Watch how goated that is\n|c|+Primordiallite|That looks horrible\n|c| laprasplayer|true\n|c| Future king of ou|It isn't\n|c|\u2606pokeauraburst$-&|Untitled 1300?\n|c| Future king of ou|I don't name my teams\n|inactive|PrimalKyogre555 has 120 seconds left.\n|inactive|pokeauraburst$-& has 120 seconds left.\n|c| eavo|that's actually somewhat decent imo\n|\n|t:|1698503115\n|switch|p2a: Koraidon|Koraidon|69\/100\n|-damage|p2a: Koraidon|63\/100|[from] Stealth Rock\n|-weather|SunnyDay|[from] ability: Orichalcum Pulse|[of] p2a: Koraidon\n|-activate|p2a: Koraidon|Orichalcum Pulse|[source]\n|switch|p1a: Arceus|Arceus|100\/100\n|\n|-weather|SunnyDay|[upkeep]\n|upkeep\n|turn|26\n|inactive|PrimalKyogre555 has 120 seconds left.\n|c| Future king of ou|I clapped LAPRAS\n|c| ZowwyCafe\u2764|is aura using the sample?\n|c| Future king of ou|With it\n|c| Future king of ou|Earlier\n|c| eavo|yes\n|\n|t:|1698503133\n|move|p2a: Koraidon|Flare Blitz|p1a: Arceus\n|-damage|p1a: Arceus|42\/100\n|-damage|p2a: Koraidon|38\/100|[from] Recoil\n|move|p1a: Arceus|Swords Dance|p1a: Arceus\n|-boost|p1a: Arceus|atk|2\n|\n|-weather|SunnyDay|[upkeep]\n|-fieldend|move: Electric Terrain\n|upkeep\n|turn|27\n|c| Future king of ou|With the team\n|c| Future king of ou|That's how goated it is\n|c| laprasplayer|dawg? You had a good mu\n|\n|t:|1698503138\n|move|p1a: Arceus|Extreme Speed|p2a: Koraidon\n|-damage|p2a: Koraidon|0 fnt\n|faint|p2a: Koraidon\n|\n|-weather|SunnyDay|[upkeep]\n|upkeep\n|\n|t:|1698503144\n|switch|p2a: Miraidon|Miraidon|100\/100\n|-fieldstart|move: Electric Terrain|[from] ability: Hadron Engine|[of] p2a: Miraidon\n|turn|28\n|c| Future king of ou|No.\n|c| eavo|bro clicked fblitz\n|inactive|pokeauraburst$-& has 120 seconds left.\n|\n|t:|1698503150\n|move|p1a: Arceus|Extreme Speed|p2a: Miraidon\n|-damage|p2a: Miraidon|13\/100\n|move|p2a: Miraidon|Electro Drift|p1a: Arceus\n|-damage|p1a: Arceus|0 fnt\n|faint|p1a: Arceus\n|\n|-weather|SunnyDay|[upkeep]\n|upkeep\n|c| Future king of ou|Flutter mane always has good mu's.\n|c| eavo|:pepesad:\n|c|\u2606pokeauraburst$-&|Wp\n|\n|t:|1698503156\n|switch|p1a: Koraidon|Koraidon|100\/100\n|-damage|p1a: Koraidon|84\/100|[from] Spikes\n|-activate|p1a: Koraidon|ability: Orichalcum Pulse\n|turn|29\n|\n|t:|1698503161\n|move|p1a: Koraidon|Low Kick|p2a: Miraidon\n|-damage|p2a: Miraidon|0 fnt\n|faint|p2a: Miraidon\n|\n|-weather|none\n|upkeep\n|c|\u2606PrimalKyogre555|gg.\n|\n|t:|1698503164\n|switch|p2a: Arceus|Arceus|100\/100\n|turn|30\n|\n|t:|1698503168\n|-terastallize|p1a: Koraidon|Ghost\n|move|p1a: Koraidon|Low Kick|p2a: Arceus\n|-supereffective|p2a: Arceus\n|-damage|p2a: Arceus|9\/100\n|move|p2a: Arceus|Recover|p2a: Arceus\n|-heal|p2a: Arceus|59\/100\n|\n|upkeep\n|turn|31\n|\n|t:|1698503173\n|move|p1a: Koraidon|Low Kick|p2a: Arceus\n|-supereffective|p2a: Arceus\n|-damage|p2a: Arceus|0 fnt\n|faint|p2a: Arceus\n|\n|win|PrimalKyogre555\n|n|\u2606PrimalKyogre555|primalkyogre555\n|n|\u2606pokeauraburst$-&|pokeauraburst\n|n| laprasplayer|laprasplayer\n|n| ZowwyCafe\u2764|zowwycafe\n|n| eavo|eavo\n|n| Primordiallite|primordiallite\n|n| Future king of ou|futurekingofou\n|n| Bunnysai|bunnysai\n","uploadtime":1698503174,"views":17,"p1id":"primalkyogre555","p2id":"pokeauraburst","formatid":"gen9anythinggoes","rating":0,"private":0,"password":""}