{"id":"gen9anythinggoes-1988625198","p1":"Tredz","p2":"pogwuan","format":"[Gen 9] Anything Goes","log":"|j|\u2606Tredz\n|j|\u2606pogwuan\n|t:|1699743350\n|gametype|singles\n|player|p1|Tredz|170|\n|player|p2|pogwuan|dawn-gen4pt|\n|teamsize|p1|6\n|teamsize|p2|6\n|gen|9\n|tier|[Gen 9] Anything Goes\n|rule|HP Percentage Mod: HP is shown in percentages\n|rule|Endless Battle Clause: Forcing endless battles is banned\n|clearpoke\n|poke|p1|Chi-Yu|\n|poke|p1|Jolteon, M|\n|poke|p1|Iron Treads|\n|poke|p1|Weezing, F|\n|poke|p1|Iron Leaves|\n|poke|p1|Pincurchin, F|\n|poke|p2|Hydreigon, F|\n|poke|p2|Ninetales-Alola, F|\n|poke|p2|Sandslash-Alola, M|\n|poke|p2|Clodsire, M|\n|poke|p2|Annihilape, M|\n|poke|p2|Thundurus, M|\n|teampreview\n|j| UnovaJournies\n|j| Amoongdrip\n|l| UnovaJournies\n|j| UnovaJournies\n|\n|t:|1699743420\n|start\n|switch|p1a: Flex|Iron Treads|100\/100\n|switch|p2a: Sawyer|Annihilape, M|100\/100\n|-enditem|p1a: Flex|Booster Energy\n|-activate|p1a: Flex|ability: Quark Drive|[fromitem]\n|-start|p1a: Flex|quarkdrivespe\n|turn|1\n|j| Raptors4thechip\n|c| Raptors4thechip|I bet on tredz\n|c|\u2606Tredz|rip ur money\n|c| Amoongdrip|:(\n|\n|t:|1699743461\n|move|p1a: Flex|Knock Off|p2a: Sawyer\n|-damage|p2a: Sawyer|66\/100\n|-enditem|p2a: Sawyer|Choice Scarf|[from] move: Knock Off|[of] p1a: Flex\n|move|p2a: Sawyer|Close Combat|p1a: Flex\n|-supereffective|p1a: Flex\n|-damage|p1a: Flex|0 fnt\n|-unboost|p2a: Sawyer|def|1\n|-unboost|p2a: Sawyer|spd|1\n|faint|p1a: Flex\n|-end|p1a: Flex|Quark Drive|[silent]\n|\n|upkeep\n|j| dittoboys\n|c| UnovaJournies|Scarf is crazy\n|\n|t:|1699743507\n|switch|p1a: New N3on|Iron Leaves|100\/100\n|-enditem|p1a: New N3on|Booster Energy\n|-activate|p1a: New N3on|ability: Quark Drive|[fromitem]\n|-start|p1a: New N3on|quarkdriveatk\n|turn|2\n|l| Raptors4thechip\n|c| Amoongdrip|they added friends after all this time lmao\n|\n|t:|1699743558\n|move|p1a: New N3on|Leaf Blade|p2a: Sawyer\n|-damage|p2a: Sawyer|0 fnt\n|faint|p2a: Sawyer\n|\n|upkeep\n|j| Raptors4thechip\n|\n|t:|1699743594\n|switch|p2a: Tredzurus|Thundurus, M|100\/100\n|turn|3\n|\n|t:|1699743616\n|-end|p1a: New N3on|Quark Drive|[silent]\n|switch|p1a: Poke It Out|Pincurchin, F|100\/100\n|-fieldstart|move: Electric Terrain|[from] ability: Electric Surge|[of] p1a: Poke It Out\n|move|p2a: Tredzurus|U-turn|p1a: Poke It Out\n|-damage|p1a: Poke It Out|84\/100\n|c| UnovaJournies|Not Tredzurus\n|c|\u2606Tredz|lmao just saw that\n|c| dittoboys|lol\n|c| UnovaJournies|Rumour: Victinis gonna swap today\n|\n|t:|1699743713\n|switch|p2a: Cartsire|Clodsire, M|100\/100|[from] U-turn\n|\n|upkeep\n|turn|4\n|c| dittoboys|cap\n|\n|t:|1699743737\n|move|p2a: Cartsire|Stealth Rock|p1a: Poke It Out\n|-sidestart|p1: Tredz|move: Stealth Rock\n|move|p1a: Poke It Out|Spikes|p2a: Cartsire\n|-sidestart|p2: pogwuan|Spikes\n|\n|upkeep\n|turn|5\n|c| Amoongdrip|swap what\n|c| UnovaJournies|We\u2019ll see\n|\n|t:|1699743753\n|move|p2a: Cartsire|Spikes|p1a: Poke It Out\n|-sidestart|p1: Tredz|Spikes\n|move|p1a: Poke It Out|Spikes|p2a: Cartsire\n|-sidestart|p2: pogwuan|Spikes\n|\n|upkeep\n|turn|6\n|c| UnovaJournies|Spider-Man meme\n|\n|t:|1699743769\n|switch|p2a: Mila|Ninetales-Alola, F, shiny|100\/100\n|-damage|p2a: Mila|84\/100|[from] Spikes\n|-weather|Snow|[from] ability: Snow Warning|[of] p2a: Mila\n|switch|p1a: Pull Up|Weezing, F|100\/100\n|-damage|p1a: Pull Up|88\/100|[from] Stealth Rock\n|\n|-weather|Snow|[upkeep]\n|-heal|p1a: Pull Up|94\/100|[from] item: Black Sludge\n|upkeep\n|turn|7\n|\n|t:|1699743782\n|move|p2a: Mila|Aurora Veil|p2a: Mila\n|-sidestart|p2: pogwuan|move: Aurora Veil\n|move|p1a: Pull Up|Substitute|p1a: Pull Up\n|-start|p1a: Pull Up|Substitute\n|-damage|p1a: Pull Up|69\/100\n|\n|-weather|Snow|[upkeep]\n|-heal|p1a: Pull Up|75\/100|[from] item: Black Sludge\n|upkeep\n|turn|8\n|c| Amoongdrip|ayo\n|\n|t:|1699743823\n|move|p2a: Mila|Encore|p1a: Pull Up\n|-start|p1a: Pull Up|Encore\n|move|p1a: Pull Up|Substitute|p1a: Pull Up\n|-fail|p1a: Pull Up|move: Substitute\n|\n|-weather|Snow|[upkeep]\n|-heal|p1a: Pull Up|81\/100|[from] item: Black Sludge\n|upkeep\n|turn|9\n|c| dittoboys|encore goes through sub?\n|c|\u2606Tredz|rip\n|c| Amoongdrip|yeah\n|\n|t:|1699743855\n|move|p2a: Mila|Blizzard|p1a: Pull Up\n|-end|p1a: Pull Up|Substitute\n|move|p1a: Pull Up|Substitute|p1a: Pull Up\n|-start|p1a: Pull Up|Substitute\n|-damage|p1a: Pull Up|56\/100\n|\n|-weather|Snow|[upkeep]\n|-heal|p1a: Pull Up|62\/100|[from] item: Black Sludge\n|upkeep\n|turn|10\n|c| UnovaJournies|Stall that veil ;)\n|c| Raptors4thechip|Cmon tredz\n|c| dittoboys|i thought sub prevented most statuses like poison and burn\n|c| UnovaJournies|Bros just learning\n|c| Amoongdrip|not encore :\/\n|\n|t:|1699743892\n|move|p2a: Mila|Blizzard|p1a: Pull Up\n|-end|p1a: Pull Up|Substitute\n|move|p1a: Pull Up|Substitute|p1a: Pull Up\n|-start|p1a: Pull Up|Substitute\n|-damage|p1a: Pull Up|38\/100\n|\n|-weather|Snow|[upkeep]\n|-heal|p1a: Pull Up|44\/100|[from] item: Black Sludge\n|-end|p1a: Pull Up|Encore\n|-fieldend|move: Electric Terrain\n|upkeep\n|turn|11\n|\n|t:|1699743921\n|move|p1a: Pull Up|Protect|p1a: Pull Up\n|-singleturn|p1a: Pull Up|Protect\n|move|p2a: Mila|Encore|p1a: Pull Up\n|-activate|p1a: Pull Up|move: Protect\n|\n|-weather|Snow|[upkeep]\n|-heal|p1a: Pull Up|50\/100|[from] item: Black Sludge\n|-sideend|p2: pogwuan|move: Aurora Veil\n|upkeep\n|turn|12\n|\n|t:|1699743961\n|switch|p1a: Poke It Out|Pincurchin, F|84\/100\n|-damage|p1a: Poke It Out|72\/100|[from] Stealth Rock\n|-damage|p1a: Poke It Out|59\/100|[from] Spikes\n|-fieldstart|move: Electric Terrain|[from] ability: Electric Surge|[of] p1a: Poke It Out\n|move|p2a: Mila|Aurora Veil|p2a: Mila\n|-sidestart|p2: pogwuan|move: Aurora Veil\n|\n|-weather|Snow|[upkeep]\n|upkeep\n|turn|13\n|c| UnovaJournies|:(\n|c|\u2606Tredz|kinda joever already with treads dead so\n|\n|t:|1699744017\n|switch|p2a: Khadreigon|Hydreigon, F, shiny|100\/100\n|move|p1a: Poke It Out|Thunder Wave|p2a: Khadreigon\n|-status|p2a: Khadreigon|par\n|\n|-weather|none\n|upkeep\n|turn|14\n|c| UnovaJournies|Nah\n|c| Raptors4thechip|Treads is dead but tredz lives on I believe\n|\n|t:|1699744030\n|move|p2a: Khadreigon|Earth Power|p1a: Poke It Out\n|-supereffective|p1a: Poke It Out\n|-damage|p1a: Poke It Out|6\/100\n|-unboost|p1a: Poke It Out|spd|1\n|move|p1a: Poke It Out|Memento|p2a: Khadreigon\n|-unboost|p2a: Khadreigon|atk|2\n|-unboost|p2a: Khadreigon|spa|2\n|faint|p1a: Poke It Out\n|\n|upkeep\n|c| Raptors4thechip|Flame charge chi Yu boutta go crazy\n|\n|t:|1699744101\n|switch|p1a: New N3on|Iron Leaves|100\/100\n|-damage|p1a: New N3on|88\/100|[from] Stealth Rock\n|-damage|p1a: New N3on|76\/100|[from] Spikes\n|-activate|p1a: New N3on|ability: Quark Drive\n|-start|p1a: New N3on|quarkdriveatk\n|turn|15\n|c| UnovaJournies|Fr\n|\n|t:|1699744112\n|switch|p2a: Tredzurus|Thundurus, M|100\/100\n|move|p1a: New N3on|Brick Break|p2a: Tredzurus\n|-sideend|p2: pogwuan|move: Aurora Veil\n|-resisted|p2a: Tredzurus\n|-damage|p2a: Tredzurus|75\/100\n|\n|upkeep\n|turn|16\n|c| dittoboys|nice\n|c|\u2606Tredz|ngl thought i had speed quark\n|c|\u2606Tredz|surely it misses\n|\n|t:|1699744141\n|move|p2a: Tredzurus|U-turn|p1a: New N3on\n|-supereffective|p1a: New N3on\n|-damage|p1a: New N3on|0 fnt\n|faint|p1a: New N3on\n|-end|p1a: New N3on|Quark Drive|[silent]\n|c|\u2606Tredz|oh\n|c|\u2606Tredz|right\n|c|\u2606Tredz|that move\n|c|\u2606pogwuan|yeah speed quark was scarier\n|c| Amoongdrip|unlucky\n|\n|t:|1699744222\n|switch|p2a: Cartsire|Clodsire, M|100\/100|[from] U-turn\n|-damage|p2a: Cartsire|84\/100|[from] Spikes\n|\n|upkeep\n|\n|t:|1699744233\n|switch|p1a: Pull Up|Weezing, F|50\/100\n|-damage|p1a: Pull Up|37\/100|[from] Stealth Rock\n|turn|17\n|\n|t:|1699744246\n|switch|p2a: Mila|Ninetales-Alola, F, shiny|84\/100\n|-damage|p2a: Mila|67\/100|[from] Spikes\n|-weather|Snow|[from] ability: Snow Warning|[of] p2a: Mila\n|move|p1a: Pull Up|Toxic|p2a: Mila\n|-status|p2a: Mila|tox\n|\n|-weather|Snow|[upkeep]\n|-heal|p1a: Pull Up|43\/100|[from] item: Black Sludge\n|-damage|p2a: Mila|61\/100 tox|[from] psn\n|upkeep\n|turn|18\n|\n|t:|1699744259\n|move|p2a: Mila|Aurora Veil|p2a: Mila\n|-sidestart|p2: pogwuan|move: Aurora Veil\n|move|p1a: Pull Up|Substitute|p1a: Pull Up\n|-start|p1a: Pull Up|Substitute\n|-damage|p1a: Pull Up|18\/100\n|\n|-weather|Snow|[upkeep]\n|-heal|p1a: Pull Up|24\/100|[from] item: Black Sludge\n|-damage|p2a: Mila|49\/100 tox|[from] psn\n|upkeep\n|turn|19\n|c| UnovaJournies|Not again\n|\n|t:|1699744272\n|move|p1a: Pull Up|Protect|p1a: Pull Up\n|-singleturn|p1a: Pull Up|Protect\n|move|p2a: Mila|Encore|p1a: Pull Up\n|-activate|p1a: Pull Up|move: Protect\n|\n|-weather|Snow|[upkeep]\n|-heal|p1a: Pull Up|30\/100|[from] item: Black Sludge\n|-damage|p2a: Mila|31\/100 tox|[from] psn\n|-fieldend|move: Electric Terrain\n|upkeep\n|turn|20\n|\n|t:|1699744289\n|move|p1a: Pull Up|Protect||[still]\n|-fail|p1a: Pull Up\n|move|p2a: Mila|Blizzard|p1a: Pull Up\n|-end|p1a: Pull Up|Substitute\n|\n|-weather|Snow|[upkeep]\n|-heal|p1a: Pull Up|36\/100|[from] item: Black Sludge\n|-damage|p2a: Mila|7\/100 tox|[from] psn\n|upkeep\n|turn|21\n|\n|t:|1699744300\n|switch|p2a: Shezslash-Ottawa|Sandslash-Alola, M, shiny|100\/100\n|-damage|p2a: Shezslash-Ottawa|84\/100|[from] Spikes\n|move|p1a: Pull Up|Substitute|p1a: Pull Up\n|-start|p1a: Pull Up|Substitute\n|-damage|p1a: Pull Up|12\/100\n|\n|-weather|Snow|[upkeep]\n|-heal|p1a: Pull Up|18\/100|[from] item: Black Sludge\n|upkeep\n|turn|22\n|c|\u2606Tredz|crazy name\n|c|\u2606pogwuan|ikr\n|c| UnovaJournies|Ooo\n|\n|t:|1699744337\n|-terastallize|p2a: Shezslash-Ottawa|Electric\n|move|p2a: Shezslash-Ottawa|Iron Head|p1a: Pull Up\n|-activate|p1a: Pull Up|move: Substitute|[damage]\n|move|p1a: Pull Up|Will-O-Wisp|p2a: Shezslash-Ottawa\n|-status|p2a: Shezslash-Ottawa|brn\n|\n|-weather|Snow|[upkeep]\n|-heal|p1a: Pull Up|24\/100|[from] item: Black Sludge\n|-damage|p2a: Shezslash-Ottawa|78\/100 brn|[from] brn\n|-sideend|p2: pogwuan|move: Aurora Veil\n|upkeep\n|turn|23\n|c| UnovaJournies|Dayummmmm\n|c| dittoboys|damn\n|c|\u2606pogwuan|eww\n|c|\u2606pogwuan|i forgot this set had both\n|\n|t:|1699744370\n|move|p2a: Shezslash-Ottawa|Swords Dance|p2a: Shezslash-Ottawa\n|-boost|p2a: Shezslash-Ottawa|atk|2\n|move|p1a: Pull Up|Toxic||[still]\n|-fail|p1a: Pull Up\n|\n|-weather|Snow|[upkeep]\n|-heal|p1a: Pull Up|30\/100|[from] item: Black Sludge\n|-damage|p2a: Shezslash-Ottawa|72\/100 brn|[from] brn\n|upkeep\n|turn|24\n|c| UnovaJournies|:(\n|c|\u2606Tredz|yeahhh i mean\n|c|\u2606Tredz|snow\n|c| UnovaJournies|The right play\n|\n|t:|1699744407\n|move|p1a: Pull Up|Protect|p1a: Pull Up\n|-singleturn|p1a: Pull Up|Protect\n|move|p2a: Shezslash-Ottawa|Iron Head|p1a: Pull Up\n|-activate|p1a: Pull Up|move: Protect\n|\n|-weather|none\n|-heal|p1a: Pull Up|36\/100|[from] item: Black Sludge\n|-damage|p2a: Shezslash-Ottawa|66\/100 brn|[from] brn\n|upkeep\n|turn|25\n|\n|t:|1699744418\n|move|p1a: Pull Up|Protect|p1a: Pull Up\n|-singleturn|p1a: Pull Up|Protect\n|move|p2a: Shezslash-Ottawa|Iron Head|p1a: Pull Up\n|-activate|p1a: Pull Up|move: Protect\n|\n|-heal|p1a: Pull Up|42\/100|[from] item: Black Sludge\n|-damage|p2a: Shezslash-Ottawa|60\/100 brn|[from] brn\n|upkeep\n|turn|26\n|c| UnovaJournies|Burn chip goes crazy\n|\n|t:|1699744431\n|move|p2a: Shezslash-Ottawa|Iron Head|p1a: Pull Up\n|-end|p1a: Pull Up|Substitute\n|move|p1a: Pull Up|Substitute|p1a: Pull Up\n|-start|p1a: Pull Up|Substitute\n|-damage|p1a: Pull Up|17\/100\n|\n|-heal|p1a: Pull Up|23\/100|[from] item: Black Sludge\n|-damage|p2a: Shezslash-Ottawa|54\/100 brn|[from] brn\n|upkeep\n|turn|27\n|c| dittoboys|bro this set makes me sad\n|\n|t:|1699744444\n|move|p1a: Pull Up|Protect|p1a: Pull Up\n|-singleturn|p1a: Pull Up|Protect\n|move|p2a: Shezslash-Ottawa|Swords Dance|p2a: Shezslash-Ottawa\n|-boost|p2a: Shezslash-Ottawa|atk|2\n|\n|-heal|p1a: Pull Up|29\/100|[from] item: Black Sludge\n|-damage|p2a: Shezslash-Ottawa|47\/100 brn|[from] brn\n|upkeep\n|turn|28\n|c|\u2606Tredz|could be worse\n|c| dittoboys|no attacking moves\n|\n|t:|1699744456\n|move|p1a: Pull Up|Protect||[still]\n|-fail|p1a: Pull Up\n|move|p2a: Shezslash-Ottawa|Iron Head|p1a: Pull Up\n|-end|p1a: Pull Up|Substitute\n|\n|-heal|p1a: Pull Up|35\/100|[from] item: Black Sludge\n|-damage|p2a: Shezslash-Ottawa|41\/100 brn|[from] brn\n|upkeep\n|turn|29\n|\n|t:|1699744460\n|move|p1a: Pull Up|Protect|p1a: Pull Up\n|-singleturn|p1a: Pull Up|Protect\n|move|p2a: Shezslash-Ottawa|Iron Head|p1a: Pull Up\n|-activate|p1a: Pull Up|move: Protect\n|\n|-heal|p1a: Pull Up|41\/100|[from] item: Black Sludge\n|-damage|p2a: Shezslash-Ottawa|35\/100 brn|[from] brn\n|upkeep\n|turn|30\n|\n|t:|1699744463\n|move|p2a: Shezslash-Ottawa|Iron Head|p1a: Pull Up\n|-damage|p1a: Pull Up|6\/100\n|move|p1a: Pull Up|Substitute|p1a: Pull Up\n|-fail|p1a: Pull Up|move: Substitute|[weak]\n|\n|-heal|p1a: Pull Up|12\/100|[from] item: Black Sludge\n|-damage|p2a: Shezslash-Ottawa|29\/100 brn|[from] brn\n|upkeep\n|turn|31\n|\n|t:|1699744467\n|move|p1a: Pull Up|Protect|p1a: Pull Up\n|-singleturn|p1a: Pull Up|Protect\n|move|p2a: Shezslash-Ottawa|Iron Head|p1a: Pull Up\n|-activate|p1a: Pull Up|move: Protect\n|\n|-heal|p1a: Pull Up|18\/100|[from] item: Black Sludge\n|-damage|p2a: Shezslash-Ottawa|23\/100 brn|[from] brn\n|upkeep\n|turn|32\n|\n|t:|1699744469\n|move|p1a: Pull Up|Protect||[still]\n|-fail|p1a: Pull Up\n|move|p2a: Shezslash-Ottawa|Iron Head|p1a: Pull Up\n|-damage|p1a: Pull Up|0 fnt\n|faint|p1a: Pull Up\n|\n|-damage|p2a: Shezslash-Ottawa|17\/100 brn|[from] brn\n|upkeep\n|\n|t:|1699744478\n|switch|p1a: Slay3r|Chi-Yu|100\/100\n|-damage|p1a: Slay3r|76\/100|[from] Stealth Rock\n|-damage|p1a: Slay3r|64\/100|[from] Spikes\n|-ability|p1a: Slay3r|Beads of Ruin\n|turn|33\n|c| UnovaJournies|Might actually have been able to kill w burn if  a different order\n|c| Raptors4thechip|Flame charge chi Yu boutta go crazy\n|\n|t:|1699744502\n|move|p1a: Slay3r|Nasty Plot|p1a: Slay3r\n|-boost|p1a: Slay3r|spa|2\n|move|p2a: Shezslash-Ottawa|Earthquake|p1a: Slay3r\n|-supereffective|p1a: Slay3r\n|-damage|p1a: Slay3r|0 fnt\n|faint|p1a: Slay3r\n|\n|-damage|p2a: Shezslash-Ottawa|11\/100 brn|[from] brn\n|upkeep\n|\n|t:|1699744507\n|switch|p1a: Mileage|Jolteon, M|100\/100\n|-damage|p1a: Mileage|88\/100|[from] Stealth Rock\n|-damage|p1a: Mileage|75\/100|[from] Spikes\n|turn|34\n|\n|t:|1699744510\n|move|p1a: Mileage|Thunderbolt|p2a: Shezslash-Ottawa\n|-resisted|p2a: Shezslash-Ottawa\n|-damage|p2a: Shezslash-Ottawa|0 fnt\n|faint|p2a: Shezslash-Ottawa\n|\n|upkeep\n|c| UnovaJournies|:(\n|c| dittoboys|gg?\n|\n|t:|1699744520\n|switch|p2a: Khadreigon|Hydreigon, F, shiny|100\/100 par\n|turn|35\n|\n|t:|1699744524\n|-terastallize|p1a: Mileage|Ice\n|move|p1a: Mileage|Tera Blast|p2a: Khadreigon|[anim] Tera Blast Ice\n|-supereffective|p2a: Khadreigon\n|-damage|p2a: Khadreigon|49\/100 par\n|cant|p2a: Khadreigon|par\n|\n|upkeep\n|turn|36\n|c| UnovaJournies|Yo\n|c|\u2606pogwuan|noooooo\n|c|\u2606pogwuan|whyyy\n|c| UnovaJournies|Act ain\u2019t over\n|c|\u2606Tredz|crits all around\n|c|\u2606pogwuan|im p sure i lose now\n|c|\u2606Tredz|incoming.\n|c|\u2606Tredz|nahh\n|c|\u2606Tredz|maybe actually\n|c| Raptors4thechip|Tredz tredz tredz\n|c| dittoboys|theres a chance\n|c| dittoboys|para??\n|c| UnovaJournies|That\u2019s not what matters lmao\n|c|\u2606Tredz|^\n|c| dittoboys|para always matters\n|c|\u2606Tredz|i mean\n|c| UnovaJournies|Bros slower lmao\n|\n|t:|1699744657\n|move|p1a: Mileage|Tera Blast|p2a: Khadreigon|[anim] Tera Blast Ice\n|-supereffective|p2a: Khadreigon\n|-damage|p2a: Khadreigon|0 fnt\n|faint|p2a: Khadreigon\n|\n|upkeep\n|c| dittoboys|coulda been a roll to kill though no?\n|\n|t:|1699744692\n|switch|p2a: Tredzurus|Thundurus, M|75\/100\n|turn|37\n|c| UnovaJournies|Here we go\n|c| Raptors4thechip|Tredz tredz tredz\n|\n|t:|1699744713\n|move|p1a: Mileage|Tera Blast|p2a: Tredzurus|[anim] Tera Blast Ice\n|-supereffective|p2a: Tredzurus\n|-damage|p2a: Tredzurus|0 fnt\n|faint|p2a: Tredzurus\n|\n|upkeep\n|c| UnovaJournies|Yo\n|\n|t:|1699744716\n|switch|p2a: Mila|Ninetales-Alola, F, shiny|7\/100 tox\n|-damage|p2a: Mila|0 fnt|[from] Spikes\n|faint|p2a: Mila\n|c| dittoboys|dang\n|\n|t:|1699744720\n|switch|p2a: Cartsire|Clodsire, M|84\/100\n|-damage|p2a: Cartsire|67\/100|[from] Spikes\n|turn|38\n|c| dittoboys|jolteon the hidden gem\n|c|\u2606pogwuan|its all to the crit\n|c| UnovaJournies|Why not this first\n|c| UnovaJournies|Is it guaranteed\n|c|\u2606Tredz|i can lose\n|c|\u2606pogwuan|add tension\n|c| UnovaJournies|I respect\n|c| UnovaJournies|no +\/- tho\n|c|\u2606Tredz|ye lol\n|c| UnovaJournies|Big W incoming\n|c| Raptors4thechip|Tredz tredz tredz\n|\n|t:|1699744796\n|move|p1a: Mileage|Tera Blast|p2a: Cartsire|[anim] Tera Blast Ice\n|-supereffective|p2a: Cartsire\n|-damage|p2a: Cartsire|8\/100\n|move|p2a: Cartsire|Earthquake|p1a: Mileage\n|-damage|p1a: Mileage|25\/100\n|\n|upkeep\n|turn|39\n|c|\u2606Tredz|rip\n|c| dittoboys|gg\n|\n|t:|1699744801\n|move|p1a: Mileage|Tera Blast|p2a: Cartsire|[anim] Tera Blast Ice\n|-supereffective|p2a: Cartsire\n|-damage|p2a: Cartsire|0 fnt\n|faint|p2a: Cartsire\n|\n|win|Tredz\n|c| UnovaJournies|Yoooo\n|c|\u2606pogwuan|gg\n|c|\u2606Tredz|that's so dumb\n|c|\u2606Tredz|gg\n|c| Raptors4thechip|Big money\n|c|\u2606Tredz|why didn't snow warning activate?\n|c| UnovaJournies|That\u2019s revenge for all the Florges games\n|c|\u2606pogwuan|nah u got all my jolteon checks gone by then\n|c|\u2606Tredz|tru\n|c|\u2606Tredz|i had weather ball for ur snow warning lol\n|c|\u2606Tredz|but didnt get to use\n|c| dittoboys|it died before it got active\n|c|\u2606Tredz|i guess\n","uploadtime":1699744842,"views":7,"p1id":"tredz","p2id":"pogwuan","formatid":"gen9anythinggoes","rating":0,"private":0,"password":""}