{"id":"gen9anythinggoes-1974642787","p1":"ashow","p2":"colog22","format":"[Gen 9] Anything Goes","log":"|j|\u2606ashow\n|j|\u2606colog22\n|t:|1698105781\n|gametype|singles\n|player|p1|ashow|lucas|1244\n|player|p2|colog22|266|1300\n|teamsize|p1|6\n|teamsize|p2|6\n|gen|9\n|tier|[Gen 9] Anything Goes\n|rated|\n|rule|HP Percentage Mod: HP is shown in percentages\n|rule|Endless Battle Clause: Forcing endless battles is banned\n|clearpoke\n|poke|p1|Rayquaza|\n|poke|p1|Mewtwo|\n|poke|p1|Zacian-*|\n|poke|p1|Kyogre|\n|poke|p1|Darkrai|\n|poke|p1|Chi-Yu|\n|poke|p2|Zacian-*|\n|poke|p2|Zoroark-Hisui, F|\n|poke|p2|Eternatus|\n|poke|p2|Miraidon|\n|poke|p2|Urshifu-*, M|\n|poke|p2|Calyrex-Shadow|\n|teampreview\n|\n|t:|1698105788\n|start\n|switch|p1a: Zacian|Zacian-Crowned|100\/100\n|switch|p2a: Calyrex|Calyrex-Shadow|100\/100\n|-ability|p1a: Zacian|Intrepid Sword|boost\n|-boost|p1a: Zacian|atk|1\n|turn|1\n|\n|t:|1698105805\n|move|p1a: Zacian|Behemoth Blade|p2a: Calyrex\n|-enditem|p2a: Calyrex|Focus Sash\n|-damage|p2a: Calyrex|1\/100\n|replace|p2a: Zoroark|Zoroark-Hisui, F\n|-end|p2a: Zoroark|Illusion\n|move|p2a: Zoroark|Knock Off|p1a: Zacian\n|-resisted|p1a: Zacian\n|-damage|p1a: Zacian|92\/100\n|\n|upkeep\n|turn|2\n|\n|t:|1698105818\n|move|p1a: Zacian|Wild Charge|p2a: Zoroark\n|-damage|p2a: Zoroark|0 fnt\n|faint|p2a: Zoroark\n|-damage|p1a: Zacian|92\/100|[from] Recoil\n|\n|upkeep\n|\n|t:|1698105829\n|switch|p2a: Urshifu|Urshifu-Rapid-Strike, M|100\/100\n|turn|3\n|\n|t:|1698105840\n|move|p1a: Zacian|Moonblast|p2a: Urshifu\n|-supereffective|p2a: Urshifu\n|-damage|p2a: Urshifu|47\/100\n|move|p2a: Urshifu|Swords Dance|p2a: Urshifu\n|-boost|p2a: Urshifu|atk|2\n|\n|upkeep\n|turn|4\n|\n|t:|1698105855\n|move|p1a: Zacian|Moonblast|p2a: Urshifu\n|-supereffective|p2a: Urshifu\n|-damage|p2a: Urshifu|0 fnt\n|faint|p2a: Urshifu\n|\n|upkeep\n|\n|t:|1698105867\n|switch|p2a: Zacian|Zacian-Crowned|100\/100\n|-ability|p2a: Zacian|Intrepid Sword|boost\n|-boost|p2a: Zacian|atk|1\n|turn|5\n|\n|t:|1698105874\n|move|p1a: Zacian|Behemoth Blade|p2a: Zacian\n|-damage|p2a: Zacian|17\/100\n|move|p2a: Zacian|Close Combat|p1a: Zacian\n|-damage|p1a: Zacian|24\/100\n|-unboost|p2a: Zacian|def|1\n|-unboost|p2a: Zacian|spd|1\n|\n|upkeep\n|turn|6\n|\n|t:|1698105883\n|move|p1a: Zacian|Behemoth Blade|p2a: Zacian\n|-damage|p2a: Zacian|0 fnt\n|faint|p2a: Zacian\n|\n|upkeep\n|\n|t:|1698105889\n|switch|p2a: Calyrex|Calyrex-Shadow|100\/100\n|-ability|p2a: Calyrex|As One\n|-ability|p2a: Calyrex|Unnerve\n|turn|7\n|\n|t:|1698105897\n|move|p2a: Calyrex|Astral Barrage|p1a: Zacian\n|-damage|p1a: Zacian|0 fnt\n|faint|p1a: Zacian\n|-ability|p2a: Calyrex|Grim Neigh|boost\n|-boost|p2a: Calyrex|spa|1\n|\n|upkeep\n|\n|t:|1698105906\n|switch|p1a: Darkrai|Darkrai|100\/100\n|turn|8\n|\n|t:|1698105909\n|move|p2a: Calyrex|Astral Barrage|p1a: Darkrai\n|-resisted|p1a: Darkrai\n|-damage|p1a: Darkrai|26\/100\n|move|p1a: Darkrai|Dark Pulse|p2a: Calyrex\n|-supereffective|p2a: Calyrex\n|-damage|p2a: Calyrex|0 fnt\n|faint|p2a: Calyrex\n|-damage|p1a: Darkrai|16\/100|[from] item: Life Orb\n|\n|upkeep\n|\n|t:|1698105919\n|switch|p2a: Eternatus|Eternatus|100\/100\n|-ability|p2a: Eternatus|Pressure\n|turn|9\n|\n|t:|1698105924\n|move|p1a: Darkrai|Hypnosis|p2a: Eternatus\n|-status|p2a: Eternatus|slp|[from] move: Hypnosis\n|cant|p2a: Eternatus|slp\n|\n|-damage|p2a: Eternatus|88\/100 slp|[from] ability: Bad Dreams|[of] p1a: Darkrai\n|upkeep\n|turn|10\n|\n|t:|1698105951\n|move|p1a: Darkrai|Thunder|p2a: Eternatus\n|-resisted|p2a: Eternatus\n|-damage|p2a: Eternatus|67\/100 slp\n|-damage|p1a: Darkrai|6\/100|[from] item: Life Orb\n|-curestatus|p2a: Eternatus|slp|[msg]\n|move|p2a: Eternatus|Toxic Spikes|p1a: Darkrai\n|-sidestart|p1: ashow|move: Toxic Spikes\n|\n|upkeep\n|turn|11\n|\n|t:|1698105959\n|move|p1a: Darkrai|Hypnosis|p2a: Eternatus\n|-status|p2a: Eternatus|slp|[from] move: Hypnosis\n|cant|p2a: Eternatus|slp\n|\n|-damage|p2a: Eternatus|55\/100 slp|[from] ability: Bad Dreams|[of] p1a: Darkrai\n|upkeep\n|turn|12\n|\n|t:|1698105975\n|move|p1a: Darkrai|Dark Pulse|p2a: Eternatus\n|-damage|p2a: Eternatus|12\/100 slp\n|-damage|p1a: Darkrai|0 fnt|[from] item: Life Orb\n|faint|p1a: Darkrai\n|cant|p2a: Eternatus|slp\n|\n|upkeep\n|\n|t:|1698105981\n|switch|p1a: Mewtwo|Mewtwo|100\/100\n|-ability|p1a: Mewtwo|Unnerve\n|-status|p1a: Mewtwo|psn\n|turn|13\n|\n|t:|1698105989\n|move|p1a: Mewtwo|Psystrike|p2a: Eternatus\n|-supereffective|p2a: Eternatus\n|-damage|p2a: Eternatus|0 fnt\n|faint|p2a: Eternatus\n|\n|-damage|p1a: Mewtwo|88\/100 psn|[from] psn\n|upkeep\n|\n|t:|1698105996\n|switch|p2a: Miraidon|Miraidon|100\/100\n|-fieldstart|move: Electric Terrain|[from] ability: Hadron Engine|[of] p2a: Miraidon\n|-item|p2a: Miraidon|Air Balloon\n|turn|14\n|\n|t:|1698106009\n|move|p1a: Mewtwo|Psystrike|p2a: Miraidon\n|-damage|p2a: Miraidon|32\/100\n|-enditem|p2a: Miraidon|Air Balloon\n|move|p2a: Miraidon|Electro Drift|p1a: Mewtwo\n|-damage|p1a: Mewtwo|0 fnt\n|faint|p1a: Mewtwo\n|\n|upkeep\n|\n|t:|1698106018\n|switch|p1a: Rayquaza|Rayquaza|100\/100\n|-ability|p1a: Rayquaza|Air Lock\n|turn|15\n|\n|t:|1698106022\n|move|p2a: Miraidon|Electro Drift|p1a: Rayquaza\n|-damage|p1a: Rayquaza|0 fnt\n|faint|p1a: Rayquaza\n|\n|upkeep\n|\n|t:|1698106032\n|switch|p1a: Chi-Yu|Chi-Yu|100\/100\n|-ability|p1a: Chi-Yu|Beads of Ruin\n|turn|16\n|\n|t:|1698106040\n|-terastallize|p1a: Chi-Yu|Dark\n|move|p2a: Miraidon|Electro Drift|p1a: Chi-Yu\n|-damage|p1a: Chi-Yu|0 fnt\n|faint|p1a: Chi-Yu\n|\n|upkeep\n|c|\u2606ashow|stupid fucking move\n|\n|t:|1698106046\n|switch|p1a: Kyogre|Kyogre|100\/100\n|-status|p1a: Kyogre|psn\n|-weather|RainDance|[from] ability: Drizzle|[of] p1a: Kyogre\n|turn|17\n|\n|t:|1698106053\n|move|p2a: Miraidon|Electro Drift|p1a: Kyogre\n|-supereffective|p1a: Kyogre\n|-damage|p1a: Kyogre|0 fnt\n|faint|p1a: Kyogre\n|\n|win|colog22\n|raw|ashow's rating: 1244 &rarr; <strong>1223<\/strong><br \/>(-21 for losing)\n|raw|colog22's rating: 1300 &rarr; <strong>1321<\/strong><br \/>(+21 for winning)\n","uploadtime":1698106045,"views":7,"p1id":"ashow","p2id":"colog22","formatid":"gen9anythinggoes","rating":1223,"private":0,"password":""}