{"id":"gen9anythinggoes-1998443594","p1":"Matsurizzzu","p2":"vindog1","format":"[Gen 9] Anything Goes","log":"|j|\u2606Matsurizzzu\n|j|\u2606vindog1\n|t:|1700942928\n|gametype|singles\n|player|p1|Matsurizzzu|dawn|1118\n|player|p2|vindog1|102|1022\n|teamsize|p1|6\n|teamsize|p2|6\n|gen|9\n|tier|[Gen 9] Anything Goes\n|rated|\n|rule|HP Percentage Mod: HP is shown in percentages\n|rule|Endless Battle Clause: Forcing endless battles is banned\n|clearpoke\n|poke|p1|Typhlosion-Hisui, M|\n|poke|p1|Typhlosion-Hisui, F|\n|poke|p1|Typhlosion-Hisui, M|\n|poke|p1|Typhlosion-Hisui, F|\n|poke|p1|Typhlosion-Hisui, M|\n|poke|p1|Typhlosion-Hisui, M|\n|poke|p2|Grimmsnarl, M|\n|poke|p2|Gengar, M|\n|poke|p2|Ludicolo, M|\n|poke|p2|Snorlax, F|\n|poke|p2|Greninja-*, F|\n|poke|p2|Chandelure, F|\n|teampreview\n|inactive|Battle timer is ON: inactive players will automatically lose when time's up. (requested by Matsurizzzu)\n|\n|t:|1700942934\n|start\n|switch|p1a: Rat|Typhlosion-Hisui, M|100\/100\n|switch|p2a: Greninja|Greninja, F, shiny|100\/100\n|turn|1\n|\n|t:|1700942940\n|move|p1a: Rat|Focus Blast|p2a: Greninja\n|-supereffective|p2a: Greninja\n|-damage|p2a: Greninja|0 fnt\n|faint|p2a: Greninja\n|\n|upkeep\n|c|\u2606Matsurizzzu|Glhf\n|\n|t:|1700942959\n|switch|p2a: Gengar|Gengar, M|100\/100\n|turn|2\n|\n|t:|1700942979\n|switch|p1a: Rat|Typhlosion-Hisui, F|100\/100\n|-item|p2a: Gengar|Quick Claw|[from] ability: Frisk|[of] p1a: Rat|[identify]\n|move|p2a: Gengar|Shadow Ball|p1a: Rat\n|-supereffective|p1a: Rat\n|-damage|p1a: Rat|2\/100\n|\n|upkeep\n|turn|3\n|\n|t:|1700942988\n|move|p1a: Rat|Shadow Ball|p2a: Gengar\n|-supereffective|p2a: Gengar\n|-damage|p2a: Gengar|0 fnt\n|-start|p1a: Rat|Disable|Shadow Ball|[from] ability: Cursed Body|[of] p2a: Gengar\n|faint|p2a: Gengar\n|\n|upkeep\n|\n|t:|1700942994\n|switch|p2a: Chandelure|Chandelure, F|100\/100\n|turn|4\n|\n|t:|1700943004\n|move|p1a: Rat|Flamethrower|p2a: Chandelure\n|-resisted|p2a: Chandelure\n|-damage|p2a: Chandelure|71\/100\n|move|p2a: Chandelure|Poltergeist|p1a: Rat\n|-activate|p1a: Rat|move: Poltergeist|Eviolite\n|-supereffective|p1a: Rat\n|-crit|p1a: Rat\n|-damage|p1a: Rat|0 fnt\n|faint|p1a: Rat\n|\n|-heal|p2a: Chandelure|77\/100|[from] item: Leftovers\n|upkeep\n|\n|t:|1700943008\n|switch|p1a: Rat|Typhlosion-Hisui, M|100\/100\n|-item|p2a: Chandelure|Leftovers|[from] ability: Frisk|[of] p1a: Rat|[identify]\n|turn|5\n|\n|t:|1700943017\n|move|p1a: Rat|Shadow Ball|p2a: Chandelure\n|-supereffective|p2a: Chandelure\n|-damage|p2a: Chandelure|0 fnt\n|faint|p2a: Chandelure\n|\n|upkeep\n|\n|t:|1700943027\n|switch|p2a: Ludicolo|Ludicolo, M, shiny|100\/100\n|turn|6\n|\n|t:|1700943031\n|move|p1a: Rat|Shadow Ball|p2a: Ludicolo\n|-crit|p2a: Ludicolo\n|-damage|p2a: Ludicolo|58\/100\n|-unboost|p2a: Ludicolo|spd|1\n|move|p2a: Ludicolo|Surf|p1a: Rat\n|-supereffective|p1a: Rat\n|-damage|p1a: Rat|25\/100\n|\n|upkeep\n|turn|7\n|\n|t:|1700943038\n|move|p1a: Rat|Shadow Ball|p2a: Ludicolo\n|-damage|p2a: Ludicolo|11\/100\n|move|p2a: Ludicolo|Surf|p1a: Rat\n|-supereffective|p1a: Rat\n|-damage|p1a: Rat|0 fnt\n|faint|p1a: Rat\n|\n|upkeep\n|\n|t:|1700943042\n|switch|p1a: Rat|Typhlosion-Hisui, M|100\/100\n|-item|p2a: Ludicolo|Assault Vest|[from] ability: Frisk|[of] p1a: Rat|[identify]\n|turn|8\n|\n|t:|1700943048\n|move|p1a: Rat|Eruption|p2a: Ludicolo\n|-damage|p2a: Ludicolo|0 fnt\n|faint|p2a: Ludicolo\n|\n|upkeep\n|\n|t:|1700943053\n|switch|p2a: Snorlax|Snorlax, F|100\/100\n|turn|9\n|\n|t:|1700943057\n|-terastallize|p1a: Rat|Fire\n|move|p1a: Rat|Eruption|p2a: Snorlax\n|-damage|p2a: Snorlax|66\/100\n|move|p2a: Snorlax|Chilling Water|p1a: Rat\n|-supereffective|p1a: Rat\n|-damage|p1a: Rat|76\/100\n|-unboost|p1a: Rat|atk|1\n|-heal|p2a: Snorlax|68\/100|[from] item: Shell Bell|[of] p1a: Rat\n|\n|upkeep\n|turn|10\n|\n|t:|1700943066\n|move|p1a: Rat|Eruption|p2a: Snorlax\n|-damage|p2a: Snorlax|41\/100\n|move|p2a: Snorlax|Chilling Water|p1a: Rat\n|-supereffective|p1a: Rat\n|-damage|p1a: Rat|52\/100\n|-unboost|p1a: Rat|atk|1\n|-heal|p2a: Snorlax|42\/100|[from] item: Shell Bell|[of] p1a: Rat\n|\n|upkeep\n|turn|11\n|\n|t:|1700943074\n|move|p1a: Rat|Eruption|p2a: Snorlax\n|-damage|p2a: Snorlax|25\/100\n|move|p2a: Snorlax|Chilling Water|p1a: Rat\n|-supereffective|p1a: Rat\n|-damage|p1a: Rat|29\/100\n|-unboost|p1a: Rat|atk|1\n|-heal|p2a: Snorlax|27\/100|[from] item: Shell Bell|[of] p1a: Rat\n|\n|upkeep\n|turn|12\n|\n|t:|1700943083\n|move|p1a: Rat|Eruption|p2a: Snorlax\n|-damage|p2a: Snorlax|17\/100\n|move|p2a: Snorlax|Earthquake|p1a: Rat\n|-supereffective|p1a: Rat\n|-damage|p1a: Rat|0 fnt\n|faint|p1a: Rat\n|-heal|p2a: Snorlax|19\/100|[from] item: Shell Bell|[of] p1: Rat\n|\n|upkeep\n|\n|t:|1700943087\n|switch|p1a: Rat|Typhlosion-Hisui, F|100\/100\n|-item|p2a: Snorlax|Shell Bell|[from] ability: Frisk|[of] p1a: Rat|[identify]\n|turn|13\n|\n|t:|1700943094\n|move|p1a: Rat|Eruption|p2a: Snorlax\n|-damage|p2a: Snorlax|0 fnt\n|faint|p2a: Snorlax\n|\n|upkeep\n|\n|t:|1700943099\n|switch|p2a: Grimmsnarl|Grimmsnarl, M, shiny|100\/100\n|turn|14\n|c|\u2606Matsurizzzu|Gg\n|\n|t:|1700943113\n|-terastallize|p2a: Grimmsnarl|Dark\n|move|p1a: Rat|Eruption|p2a: Grimmsnarl\n|-damage|p2a: Grimmsnarl|0 fnt\n|faint|p2a: Grimmsnarl\n|\n|win|Matsurizzzu\n|raw|Matsurizzzu's rating: 1118 &rarr; <strong>1136<\/strong><br \/>(+18 for winning)\n|raw|vindog1's rating: 1022 &rarr; <strong>1012<\/strong><br \/>(-10 for losing)\n","uploadtime":1700943122,"views":25,"p1id":"matsurizzzu","p2id":"vindog1","formatid":"gen9anythinggoes","rating":1012,"private":0,"password":""}