{"id":"gen9anythinggoes-1992490834","p1":"RaphaelMines107","p2":"SlymeRanger","format":"[Gen 9] Anything Goes","log":"|j|\u2606RaphaelMines107\n|j|\u2606SlymeRanger\n|t:|1700194266\n|gametype|singles\n|player|p1|RaphaelMines107|1|1226\n|player|p2|SlymeRanger|ethan|1362\n|teamsize|p1|6\n|teamsize|p2|6\n|gen|9\n|tier|[Gen 9] Anything Goes\n|rated|\n|rule|HP Percentage Mod: HP is shown in percentages\n|rule|Endless Battle Clause: Forcing endless battles is banned\n|clearpoke\n|poke|p1|Sneasler, F|\n|poke|p1|Cetitan, F|\n|poke|p1|Ninetales-Alola, F|\n|poke|p1|Sinistcha|\n|poke|p1|Slowking, M|\n|poke|p1|Baxcalibur, M|\n|poke|p2|Gliscor, F|\n|poke|p2|Milotic, F|\n|poke|p2|Corviknight, F|\n|poke|p2|Kingambit, F|\n|poke|p2|Sneasler, F|\n|poke|p2|Rillaboom, F|\n|teampreview\n|inactive|Battle timer is ON: inactive players will automatically lose when time's up. (requested by SlymeRanger)\n|\n|t:|1700194273\n|start\n|switch|p1a: Roka|Ninetales-Alola, F, shiny|100\/100\n|switch|p2a: Kingambit|Kingambit, F|100\/100\n|-weather|Snow|[from] ability: Snow Warning|[of] p1a: Roka\n|turn|1\n|\n|t:|1700194280\n|move|p1a: Roka|Aurora Veil|p1a: Roka\n|-sidestart|p1: RaphaelMines107|move: Aurora Veil\n|move|p2a: Kingambit|Swords Dance|p2a: Kingambit\n|-boost|p2a: Kingambit|atk|2\n|\n|-weather|Snow|[upkeep]\n|upkeep\n|turn|2\n|\n|t:|1700194285\n|move|p1a: Roka|Encore|p2a: Kingambit\n|-start|p2a: Kingambit|Encore\n|move|p2a: Kingambit|Swords Dance|p2a: Kingambit\n|-boost|p2a: Kingambit|atk|2\n|\n|-weather|Snow|[upkeep]\n|upkeep\n|turn|3\n|\n|t:|1700194299\n|switch|p1a: Bane|Sneasler, F, shiny|100\/100\n|-end|p2a: Kingambit|fallenundefined|[silent]\n|switch|p2a: Milotic|Milotic, F|100\/100\n|\n|-weather|Snow|[upkeep]\n|-status|p2a: Milotic|brn|[from] item: Flame Orb\n|upkeep\n|turn|4\n|\n|t:|1700194318\n|move|p1a: Bane|Swords Dance|p1a: Bane\n|-boost|p1a: Bane|atk|2\n|move|p2a: Milotic|Scald|p1a: Bane\n|-damage|p1a: Bane|83\/100\n|\n|-weather|Snow|[upkeep]\n|-damage|p2a: Milotic|94\/100 brn|[from] brn\n|upkeep\n|turn|5\n|\n|t:|1700194326\n|move|p1a: Bane|Close Combat|p2a: Milotic\n|-damage|p2a: Milotic|0 fnt\n|-unboost|p1a: Bane|def|1\n|-unboost|p1a: Bane|spd|1\n|-enditem|p1a: Bane|White Herb\n|-clearnegativeboost|p1a: Bane|[silent]\n|faint|p2a: Milotic\n|\n|-weather|none\n|upkeep\n|\n|t:|1700194345\n|switch|p2a: Corviknight|Corviknight, F|100\/100\n|turn|6\n|\n|t:|1700194356\n|move|p1a: Bane|Close Combat|p2a: Corviknight\n|-damage|p2a: Corviknight|24\/100\n|-unboost|p1a: Bane|def|1\n|-unboost|p1a: Bane|spd|1\n|move|p2a: Corviknight|Brave Bird|p1a: Bane\n|-supereffective|p1a: Bane\n|-damage|p1a: Bane|0 fnt\n|faint|p1a: Bane\n|-damage|p2a: Corviknight|3\/100|[from] Recoil\n|\n|-heal|p2a: Corviknight|9\/100|[from] item: Leftovers\n|upkeep\n|\n|t:|1700194367\n|switch|p1a: Blubbice|Cetitan, F, shiny|100\/100\n|turn|7\n|\n|t:|1700194374\n|move|p1a: Blubbice|Ice Shard|p2a: Corviknight\n|-damage|p2a: Corviknight|0 fnt\n|faint|p2a: Corviknight\n|\n|upkeep\n|\n|t:|1700194382\n|switch|p2a: Rillaboom|Rillaboom, F|100\/100\n|-fieldstart|move: Grassy Terrain|[from] ability: Grassy Surge|[of] p2a: Rillaboom\n|turn|8\n|\n|t:|1700194387\n|switch|p1a: Roka|Ninetales-Alola, F, shiny|100\/100\n|-weather|Snow|[from] ability: Snow Warning|[of] p1a: Roka\n|move|p2a: Rillaboom|Drain Punch|p1a: Roka\n|-damage|p1a: Roka|87\/100\n|\n|-weather|Snow|[upkeep]\n|-heal|p1a: Roka|93\/100|[from] Grassy Terrain\n|-sideend|p1: RaphaelMines107|move: Aurora Veil\n|upkeep\n|turn|9\n|\n|t:|1700194397\n|move|p1a: Roka|Aurora Veil|p1a: Roka\n|-sidestart|p1: RaphaelMines107|move: Aurora Veil\n|move|p2a: Rillaboom|U-turn|p1a: Roka\n|-resisted|p1a: Roka\n|-damage|p1a: Roka|86\/100\n|\n|t:|1700194399\n|switch|p2a: Kingambit|Kingambit, F|100\/100|[from] U-turn\n|-activate|p2a: Kingambit|ability: Supreme Overlord\n|-start|p2a: Kingambit|fallen2|[silent]\n|\n|-weather|Snow|[upkeep]\n|-heal|p1a: Roka|92\/100|[from] Grassy Terrain\n|upkeep\n|turn|10\n|\n|t:|1700194409\n|move|p1a: Roka|Moonblast|p2a: Kingambit\n|-damage|p2a: Kingambit|66\/100\n|move|p2a: Kingambit|Iron Head|p1a: Roka\n|-supereffective|p1a: Roka\n|-damage|p1a: Roka|0 fnt\n|faint|p1a: Roka\n|\n|-weather|Snow|[upkeep]\n|-heal|p2a: Kingambit|72\/100|[from] Grassy Terrain\n|-heal|p2a: Kingambit|78\/100|[from] item: Leftovers\n|upkeep\n|\n|t:|1700194418\n|switch|p1a: Arthaw|Baxcalibur, M|100\/100\n|turn|11\n|\n|t:|1700194428\n|-terastallize|p2a: Kingambit|Fairy\n|move|p2a: Kingambit|Sucker Punch|p1a: Arthaw\n|-damage|p1a: Arthaw|83\/100\n|move|p1a: Arthaw|Earthquake|p2a: Kingambit\n|-damage|p2a: Kingambit|65\/100\n|\n|-weather|Snow|[upkeep]\n|-heal|p1a: Arthaw|89\/100|[from] Grassy Terrain\n|-heal|p2a: Kingambit|71\/100|[from] Grassy Terrain\n|-heal|p2a: Kingambit|78\/100|[from] item: Leftovers\n|upkeep\n|turn|12\n|\n|t:|1700194438\n|move|p1a: Arthaw|Swords Dance|p1a: Arthaw\n|-boost|p1a: Arthaw|atk|2\n|move|p2a: Kingambit|Iron Head|p1a: Arthaw\n|-supereffective|p1a: Arthaw\n|-damage|p1a: Arthaw|51\/100\n|\n|-weather|none\n|-heal|p1a: Arthaw|57\/100|[from] Grassy Terrain\n|-heal|p2a: Kingambit|84\/100|[from] Grassy Terrain\n|-heal|p2a: Kingambit|90\/100|[from] item: Leftovers\n|upkeep\n|turn|13\n|\n|t:|1700194448\n|move|p1a: Arthaw|Icicle Spear|p2a: Kingambit\n|-damage|p2a: Kingambit|68\/100\n|-damage|p2a: Kingambit|46\/100\n|-damage|p2a: Kingambit|25\/100\n|-damage|p2a: Kingambit|4\/100\n|-damage|p2a: Kingambit|0 fnt\n|faint|p2a: Kingambit\n|-end|p2a: Kingambit|fallen2|[silent]\n|-hitcount|p2: Kingambit|5\n|\n|-heal|p1a: Arthaw|64\/100|[from] Grassy Terrain\n|upkeep\n|\n|t:|1700194459\n|switch|p2a: Sneasler|Sneasler, F|100\/100\n|-enditem|p2a: Sneasler|Grassy Seed\n|-boost|p2a: Sneasler|def|1|[from] item: Grassy Seed\n|turn|14\n|\n|t:|1700194469\n|-terastallize|p1a: Arthaw|Ground\n|move|p2a: Sneasler|Close Combat|p1a: Arthaw\n|-damage|p1a: Arthaw|31\/100\n|-unboost|p2a: Sneasler|def|1\n|-unboost|p2a: Sneasler|spd|1\n|move|p1a: Arthaw|Earthquake|p2a: Sneasler\n|-supereffective|p2a: Sneasler\n|-damage|p2a: Sneasler|0 fnt\n|faint|p2a: Sneasler\n|\n|-heal|p1a: Arthaw|37\/100|[from] Grassy Terrain\n|upkeep\n|\n|t:|1700194473\n|switch|p2a: Rillaboom|Rillaboom, F|100\/100\n|turn|15\n|\n|t:|1700194481\n|move|p2a: Rillaboom|Grassy Glide|p1a: Arthaw\n|-supereffective|p1a: Arthaw\n|-damage|p1a: Arthaw|0 fnt\n|faint|p1a: Arthaw\n|\n|-fieldend|move: Grassy Terrain\n|upkeep\n|\n|t:|1700194497\n|switch|p1a: Punchline|Slowking, M|100\/100\n|turn|16\n|\n|t:|1700194506\n|move|p2a: Rillaboom|Knock Off|p1a: Punchline\n|-supereffective|p1a: Punchline\n|-damage|p1a: Punchline|76\/100\n|-enditem|p1a: Punchline|Icy Rock|[from] move: Knock Off|[of] p2a: Rillaboom\n|move|p1a: Punchline|Chilly Reception|p1a: Punchline\n|-weather|Snow\n|\n|t:|1700194512\n|switch|p1a: Blubbice|Cetitan, F, shiny|100\/100|[from] Chilly Reception\n|\n|-weather|Snow|[upkeep]\n|-sideend|p1: RaphaelMines107|move: Aurora Veil\n|upkeep\n|turn|17\n|\n|t:|1700194521\n|move|p1a: Blubbice|Ice Spinner|p2a: Rillaboom\n|-supereffective|p2a: Rillaboom\n|-damage|p2a: Rillaboom|16\/100\n|move|p2a: Rillaboom|Drain Punch|p1a: Blubbice\n|-supereffective|p1a: Blubbice\n|-damage|p1a: Blubbice|69\/100\n|-heal|p2a: Rillaboom|38\/100|[from] drain|[of] p1a: Blubbice\n|\n|-weather|Snow|[upkeep]\n|upkeep\n|turn|18\n|\n|t:|1700194529\n|move|p1a: Blubbice|Ice Spinner|p2a: Rillaboom\n|-supereffective|p2a: Rillaboom\n|-damage|p2a: Rillaboom|0 fnt\n|faint|p2a: Rillaboom\n|\n|-weather|Snow|[upkeep]\n|upkeep\n|\n|t:|1700194530\n|switch|p2a: Gliscor|Gliscor, F|100\/100\n|turn|19\n|c|\u2606SlymeRanger|gg\n|\n|t:|1700194541\n|move|p2a: Gliscor|Protect|p2a: Gliscor\n|-singleturn|p2a: Gliscor|Protect\n|move|p1a: Blubbice|Ice Spinner|p2a: Gliscor\n|-activate|p2a: Gliscor|move: Protect\n|\n|-weather|Snow|[upkeep]\n|-status|p2a: Gliscor|tox|[from] item: Toxic Orb\n|upkeep\n|turn|20\n|\n|t:|1700194548\n|move|p1a: Blubbice|Ice Spinner|p2a: Gliscor\n|-supereffective|p2a: Gliscor\n|-damage|p2a: Gliscor|7\/100 tox\n|move|p2a: Gliscor|Earthquake|p1a: Blubbice\n|-damage|p1a: Blubbice|48\/100\n|\n|-weather|none\n|-heal|p2a: Gliscor|20\/100 tox|[from] ability: Poison Heal\n|upkeep\n|turn|21\n|\n|t:|1700194556\n|move|p2a: Gliscor|Protect|p2a: Gliscor\n|-singleturn|p2a: Gliscor|Protect\n|move|p1a: Blubbice|Ice Shard|p2a: Gliscor\n|-activate|p2a: Gliscor|move: Protect\n|\n|-heal|p2a: Gliscor|32\/100 tox|[from] ability: Poison Heal\n|upkeep\n|turn|22\n|\n|t:|1700194563\n|move|p2a: Gliscor|Protect|p2a: Gliscor\n|-singleturn|p2a: Gliscor|Protect\n|move|p1a: Blubbice|Ice Shard|p2a: Gliscor\n|-activate|p2a: Gliscor|move: Protect\n|\n|-heal|p2a: Gliscor|45\/100 tox|[from] ability: Poison Heal\n|upkeep\n|turn|23\n|c|\u2606SlymeRanger|no way i get it three times?\n|\n|t:|1700194572\n|move|p2a: Gliscor|Protect||[still]\n|-fail|p2a: Gliscor\n|move|p1a: Blubbice|Ice Shard|p2a: Gliscor\n|-supereffective|p2a: Gliscor\n|-damage|p2a: Gliscor|0 fnt\n|faint|p2a: Gliscor\n|\n|win|RaphaelMines107\n|raw|RaphaelMines107's rating: 1226 &rarr; <strong>1260<\/strong><br \/>(+34 for winning)\n|raw|SlymeRanger's rating: 1362 &rarr; <strong>1335<\/strong><br \/>(-27 for losing)\n|c|\u2606SlymeRanger|gg\n|l|\u2606SlymeRanger\n","uploadtime":1700194583,"views":5,"p1id":"raphaelmines107","p2id":"slymeranger","formatid":"gen9anythinggoes","rating":1260,"private":0,"password":""}