{"id":"gen9anythinggoes-1992769267","p1":"is85","p2":"TreBucet","format":"[Gen 9] Anything Goes","log":"|j|\u2606is85\n|j|\u2606TreBucet\n|t:|1700233823\n|gametype|singles\n|player|p1|is85|biker|1125\n|player|p2|TreBucet|grimsley|1231\n|teamsize|p1|6\n|teamsize|p2|6\n|gen|9\n|tier|[Gen 9] Anything Goes\n|rated|\n|rule|HP Percentage Mod: HP is shown in percentages\n|rule|Endless Battle Clause: Forcing endless battles is banned\n|clearpoke\n|poke|p1|Froslass, F|\n|poke|p1|Ninetales-Alola, F|\n|poke|p1|Samurott-Hisui, M|\n|poke|p1|Great Tusk|\n|poke|p1|Iron Hands|\n|poke|p1|Ogerpon-Hearthflame, F|\n|poke|p2|Houndstone, M|\n|poke|p2|Tyranitar, F|\n|poke|p2|Glimmora, F|\n|poke|p2|Flutter Mane|\n|poke|p2|Miraidon|\n|poke|p2|Zoroark, F|\n|teampreview\n|\n|t:|1700233830\n|start\n|switch|p1a: Ninetales|Ninetales-Alola, F|100\/100\n|switch|p2a: funny rock|Glimmora, F|100\/100\n|-weather|Snow|[from] ability: Snow Warning|[of] p1a: Ninetales\n|turn|1\n|\n|t:|1700233839\n|move|p2a: funny rock|Mortal Spin|p1a: Ninetales\n|-supereffective|p1a: Ninetales\n|-damage|p1a: Ninetales|88\/100\n|-status|p1a: Ninetales|psn\n|move|p1a: Ninetales|Calm Mind|p1a: Ninetales\n|-boost|p1a: Ninetales|spa|1\n|-boost|p1a: Ninetales|spd|1\n|\n|-weather|Snow|[upkeep]\n|-damage|p1a: Ninetales|76\/100 psn|[from] psn\n|upkeep\n|turn|2\n|\n|t:|1700233849\n|move|p2a: funny rock|Earth Power|p1a: Ninetales\n|-damage|p1a: Ninetales|62\/100 psn\n|move|p1a: Ninetales|Calm Mind|p1a: Ninetales\n|-boost|p1a: Ninetales|spa|1\n|-boost|p1a: Ninetales|spd|1\n|\n|-weather|Snow|[upkeep]\n|-damage|p1a: Ninetales|50\/100 psn|[from] psn\n|upkeep\n|turn|3\n|\n|t:|1700233858\n|move|p2a: funny rock|Memento|p1a: Ninetales\n|-unboost|p1a: Ninetales|atk|2\n|-unboost|p1a: Ninetales|spa|2\n|faint|p2a: funny rock\n|move|p1a: Ninetales|Aurora Veil|p1a: Ninetales\n|-sidestart|p1: is85|move: Aurora Veil\n|\n|-weather|Snow|[upkeep]\n|-damage|p1a: Ninetales|37\/100 psn|[from] psn\n|upkeep\n|\n|t:|1700233866\n|switch|p2a: Miraidon|Miraidon|100\/100\n|turn|4\n|\n|t:|1700233870\n|move|p2a: Miraidon|Flamethrower|p1a: Ninetales\n|-supereffective|p1a: Ninetales\n|-damage|p1a: Ninetales|25\/100 psn\n|move|p1a: Ninetales|Calm Mind|p1a: Ninetales\n|-boost|p1a: Ninetales|spa|1\n|-boost|p1a: Ninetales|spd|1\n|\n|-weather|Snow|[upkeep]\n|-damage|p1a: Ninetales|12\/100 psn|[from] psn\n|upkeep\n|turn|5\n|\n|t:|1700233881\n|move|p2a: Miraidon|Focus Blast|p1a: Ninetales|[miss]\n|-miss|p2a: Miraidon|p1a: Ninetales\n|move|p1a: Ninetales|Baton Pass|p1a: Ninetales\n|\n|t:|1700233885\n|switch|p1a: Froslass|Froslass, F, shiny|100\/100|[from] Baton Pass\n|\n|-weather|Snow|[upkeep]\n|upkeep\n|turn|6\n|\n|t:|1700233894\n|move|p2a: Miraidon|Flamethrower|p1a: Froslass|[miss]\n|-miss|p2a: Miraidon|p1a: Froslass\n|move|p1a: Froslass|Blizzard|p2a: Miraidon\n|-enditem|p2a: Miraidon|Focus Sash\n|-damage|p2a: Miraidon|1\/100\n|-status|p2a: Miraidon|frz\n|replace|p2a: uh oh|Zoroark, F\n|-end|p2a: uh oh|Illusion\n|\n|-weather|Snow|[upkeep]\n|upkeep\n|turn|7\n|\n|t:|1700233905\n|move|p1a: Froslass|Ice Shard|p2a: uh oh\n|-damage|p2a: uh oh|0 fnt\n|faint|p2a: uh oh\n|\n|-weather|Snow|[upkeep]\n|-sideend|p1: is85|move: Aurora Veil\n|upkeep\n|\n|t:|1700233910\n|switch|p2a: hehe|Flutter Mane|100\/100\n|turn|8\n|\n|t:|1700233915\n|move|p2a: hehe|Poltergeist|p1a: Froslass|[miss]\n|-miss|p2a: hehe|p1a: Froslass\n|move|p1a: Froslass|Poltergeist|p2a: hehe\n|-activate|p2a: hehe|move: Poltergeist|Rocky Helmet\n|-supereffective|p2a: hehe\n|-damage|p2a: hehe|14\/100\n|\n|-weather|none\n|upkeep\n|turn|9\n|\n|t:|1700233925\n|move|p1a: Froslass|Ice Shard|p2a: hehe\n|-damage|p2a: hehe|1\/100\n|move|p2a: hehe|Poltergeist|p1a: Froslass\n|-activate|p1a: Froslass|move: Poltergeist|Assault Vest\n|-supereffective|p1a: Froslass\n|-damage|p1a: Froslass|29\/100\n|\n|upkeep\n|turn|10\n|\n|t:|1700233934\n|move|p1a: Froslass|Ice Shard|p2a: hehe\n|-damage|p2a: hehe|0 fnt\n|faint|p2a: hehe\n|-end|p2a: hehe|Protosynthesis|[silent]\n|\n|upkeep\n|\n|t:|1700233947\n|switch|p2a: big man|Tyranitar, F|100\/100\n|-weather|Sandstorm|[from] ability: Sand Stream|[of] p2a: big man\n|turn|11\n|\n|t:|1700233955\n|move|p1a: Froslass|Blizzard|p2a: big man|[miss]\n|-miss|p1a: Froslass|p2a: big man\n|move|p2a: big man|Earthquake|p1a: Froslass\n|-damage|p1a: Froslass|0 fnt\n|faint|p1a: Froslass\n|\n|-weather|Sandstorm|[upkeep]\n|upkeep\n|\n|t:|1700233964\n|switch|p1a: Ninetales|Ninetales-Alola, F|12\/100 psn\n|-weather|Snow|[from] ability: Snow Warning|[of] p1a: Ninetales\n|turn|12\n|\n|t:|1700233970\n|switch|p2a: Miraidon|Miraidon|100\/100\n|-fieldstart|move: Electric Terrain|[from] ability: Hadron Engine|[of] p2a: Miraidon\n|move|p1a: Ninetales|Weather Ball|p2a: Miraidon\n|-supereffective|p2a: Miraidon\n|-damage|p2a: Miraidon|51\/100\n|\n|-weather|Snow|[upkeep]\n|-damage|p1a: Ninetales|0 fnt|[from] psn\n|faint|p1a: Ninetales\n|upkeep\n|\n|t:|1700233988\n|switch|p1a: Iron Hands|Iron Hands, shiny|100\/100\n|-activate|p1a: Iron Hands|ability: Quark Drive\n|-start|p1a: Iron Hands|quarkdriveatk\n|turn|13\n|\n|t:|1700233994\n|-terastallize|p2a: Miraidon|Electric\n|move|p1a: Iron Hands|Fake Out|p2a: Miraidon\n|-damage|p2a: Miraidon|29\/100\n|cant|p2a: Miraidon|flinch\n|\n|-weather|Snow|[upkeep]\n|upkeep\n|turn|14\n|\n|t:|1700234005\n|move|p1a: Iron Hands|Detect|p1a: Iron Hands\n|-singleturn|p1a: Iron Hands|Protect\n|move|p2a: Miraidon|Zen Headbutt|p1a: Iron Hands\n|-activate|p1a: Iron Hands|move: Protect\n|\n|-weather|Snow|[upkeep]\n|upkeep\n|turn|15\n|inactive|Battle timer is ON: inactive players will automatically lose when time's up. (requested by TreBucet)\n|\n|t:|1700234013\n|move|p2a: Miraidon|Zen Headbutt|p1a: Iron Hands\n|-supereffective|p1a: Iron Hands\n|-damage|p1a: Iron Hands|80\/100\n|cant|p1a: Iron Hands|flinch\n|\n|-weather|Snow|[upkeep]\n|upkeep\n|turn|16\n|\n|t:|1700234034\n|move|p2a: Miraidon|Electro Drift|p1a: Iron Hands\n|-resisted|p1a: Iron Hands\n|-damage|p1a: Iron Hands|12\/100\n|move|p1a: Iron Hands|Drain Punch|p2a: Miraidon\n|-damage|p2a: Miraidon|0 fnt\n|-heal|p1a: Iron Hands|22\/100|[from] drain|[of] p2a: Miraidon\n|faint|p2a: Miraidon\n|\n|-weather|Snow|[upkeep]\n|-fieldend|move: Electric Terrain\n|-end|p1a: Iron Hands|Quark Drive\n|upkeep\n|\n|t:|1700234045\n|switch|p2a: big man|Tyranitar, F|100\/100\n|-weather|Sandstorm|[from] ability: Sand Stream|[of] p2a: big man\n|turn|17\n|\n|t:|1700234051\n|move|p2a: big man|Foul Play|p1a: Iron Hands\n|-resisted|p1a: Iron Hands\n|-damage|p1a: Iron Hands|5\/100\n|move|p1a: Iron Hands|Drain Punch|p2a: big man\n|-supereffective|p2a: big man\n|-damage|p2a: big man|0 fnt\n|-heal|p1a: Iron Hands|39\/100|[from] drain|[of] p2a: big man\n|faint|p2a: big man\n|\n|-weather|Sandstorm|[upkeep]\n|-damage|p1a: Iron Hands|33\/100|[from] Sandstorm\n|upkeep\n|\n|t:|1700234061\n|switch|p2a: the hound|Houndstone, M|100\/100\n|turn|18\n|\n|t:|1700234066\n|move|p1a: Iron Hands|Detect|p1a: Iron Hands\n|-singleturn|p1a: Iron Hands|Protect\n|move|p2a: the hound|Last Respects|p1a: Iron Hands\n|-activate|p1a: Iron Hands|move: Protect\n|\n|-weather|Sandstorm|[upkeep]\n|-damage|p1a: Iron Hands|27\/100|[from] Sandstorm\n|upkeep\n|turn|19\n|\n|t:|1700234082\n|-end|p1a: Iron Hands|Quark Drive|[silent]\n|switch|p1a: Samurott|Samurott-Hisui, M, shiny|100\/100\n|move|p2a: the hound|Last Respects|p1a: Samurott\n|-resisted|p1a: Samurott\n|-damage|p1a: Samurott|30\/100\n|\n|-weather|Sandstorm|[upkeep]\n|-damage|p1a: Samurott|24\/100|[from] Sandstorm\n|upkeep\n|turn|20\n|\n|t:|1700234093\n|move|p1a: Samurott|Detect|p1a: Samurott\n|-singleturn|p1a: Samurott|Protect\n|move|p2a: the hound|Last Respects|p1a: Samurott\n|-activate|p1a: Samurott|move: Protect\n|\n|-weather|Sandstorm|[upkeep]\n|-damage|p1a: Samurott|18\/100|[from] Sandstorm\n|upkeep\n|turn|21\n|\n|t:|1700234102\n|move|p2a: the hound|Last Respects|p1a: Samurott\n|-resisted|p1a: Samurott\n|-damage|p1a: Samurott|0 fnt\n|faint|p1a: Samurott\n|\n|-weather|Sandstorm|[upkeep]\n|upkeep\n|\n|t:|1700234111\n|switch|p1a: Great Tusk|Great Tusk|100\/100\n|-enditem|p1a: Great Tusk|Booster Energy\n|-activate|p1a: Great Tusk|ability: Protosynthesis|[fromitem]\n|-start|p1a: Great Tusk|protosynthesisatk\n|turn|22\n|\n|t:|1700234121\n|-terastallize|p1a: Great Tusk|Fire\n|move|p1a: Great Tusk|Protect|p1a: Great Tusk\n|-singleturn|p1a: Great Tusk|Protect\n|move|p2a: the hound|Last Respects|p1a: Great Tusk\n|-activate|p1a: Great Tusk|move: Protect\n|\n|-weather|Sandstorm|[upkeep]\n|-damage|p1a: Great Tusk|94\/100|[from] Sandstorm\n|upkeep\n|turn|23\n|\n|t:|1700234132\n|move|p1a: Great Tusk|Protect||[still]\n|-fail|p1a: Great Tusk\n|move|p2a: the hound|Last Respects|p1a: Great Tusk\n|-damage|p1a: Great Tusk|20\/100\n|\n|-weather|Sandstorm|[upkeep]\n|-damage|p1a: Great Tusk|14\/100|[from] Sandstorm\n|upkeep\n|turn|24\n|\n|t:|1700234140\n|move|p2a: the hound|Last Respects|p1a: Great Tusk\n|-damage|p1a: Great Tusk|0 fnt\n|faint|p1a: Great Tusk\n|-end|p1a: Great Tusk|Protosynthesis|[silent]\n|\n|-weather|none\n|upkeep\n|\n|t:|1700234147\n|switch|p1a: Iron Hands|Iron Hands, shiny|27\/100\n|turn|25\n|\n|t:|1700234155\n|move|p2a: the hound|Last Respects|p1a: Iron Hands\n|-damage|p1a: Iron Hands|0 fnt\n|faint|p1a: Iron Hands\n|-end|p1a: Iron Hands|Quark Drive|[silent]\n|\n|upkeep\n|\n|t:|1700234159\n|switch|p1a: Ogerpon|Ogerpon-Hearthflame, F|100\/100\n|-ability|p1a: Ogerpon|Mold Breaker\n|turn|26\n|\n|t:|1700234166\n|move|p1a: Ogerpon|Protect|p1a: Ogerpon\n|-singleturn|p1a: Ogerpon|Protect\n|move|p2a: the hound|Last Respects|p1a: Ogerpon\n|-activate|p1a: Ogerpon|move: Protect\n|\n|upkeep\n|turn|27\n|\n|t:|1700234173\n|move|p2a: the hound|Last Respects|p1a: Ogerpon\n|-damage|p1a: Ogerpon|0 fnt\n|faint|p1a: Ogerpon\n|\n|win|TreBucet\n|raw|is85's rating: 1125 &rarr; <strong>1107<\/strong><br \/>(-18 for losing)\n|raw|TreBucet's rating: 1231 &rarr; <strong>1249<\/strong><br \/>(+18 for winning)\n|l|\u2606is85\n","uploadtime":1700234180,"views":5,"p1id":"is85","p2id":"trebucet","formatid":"gen9anythinggoes","rating":1107,"private":0,"password":""}