{"id":"gen9anythinggoes-1976235484","p1":"deZ20383","p2":"11223344556677889C","format":"[Gen 9] Anything Goes","log":"|j|\u2606deZ20383\n|j|\u260611223344556677889C\n|t:|1698276863\n|gametype|singles\n|player|p1|deZ20383|101|1046\n|player|p2|11223344556677889C|266|1107\n|teamsize|p1|6\n|teamsize|p2|6\n|gen|9\n|tier|[Gen 9] Anything Goes\n|rated|\n|rule|HP Percentage Mod: HP is shown in percentages\n|rule|Endless Battle Clause: Forcing endless battles is banned\n|clearpoke\n|poke|p1|Drifblim, F|\n|poke|p1|Espeon, M|\n|poke|p1|Vaporeon, F|\n|poke|p1|Sylveon, F|\n|poke|p1|Zapdos|\n|poke|p1|Darkrai|\n|poke|p2|Koraidon|\n|poke|p2|Calyrex-Shadow|\n|poke|p2|Arceus|\n|poke|p2|Zamazenta-*|\n|poke|p2|Giratina-Origin|\n|poke|p2|Skeledirge, M|\n|teampreview\n|\n|t:|1698276868\n|start\n|switch|p1a: Walls|Drifblim, F, shiny|100\/100\n|switch|p2a: Skeledirge|Skeledirge, M|100\/100\n|turn|1\n|\n|t:|1698276881\n|move|p1a: Walls|Minimize|p1a: Walls\n|-boost|p1a: Walls|evasion|2\n|move|p2a: Skeledirge|Seed Bomb|p1a: Walls|[miss]\n|-miss|p2a: Skeledirge|p1a: Walls\n|\n|upkeep\n|turn|2\n|\n|t:|1698276887\n|move|p1a: Walls|Minimize|p1a: Walls\n|-boost|p1a: Walls|evasion|2\n|move|p2a: Skeledirge|Flamethrower|p1a: Walls|[miss]\n|-miss|p2a: Skeledirge|p1a: Walls\n|\n|upkeep\n|turn|3\n|\n|t:|1698276894\n|move|p1a: Walls|Minimize|p1a: Walls\n|-boost|p1a: Walls|evasion|2\n|move|p2a: Skeledirge|Seed Bomb|p1a: Walls|[miss]\n|-miss|p2a: Skeledirge|p1a: Walls\n|\n|upkeep\n|turn|4\n|\n|t:|1698276901\n|move|p1a: Walls|Stockpile|p1a: Walls\n|-start|p1a: Walls|stockpile1\n|-boost|p1a: Walls|def|1\n|-boost|p1a: Walls|spd|1\n|move|p2a: Skeledirge|Heat Wave|p1a: Walls\n|-damage|p1a: Walls|78\/100\n|\n|upkeep\n|turn|5\n|\n|t:|1698276908\n|move|p1a: Walls|Stockpile|p1a: Walls\n|-start|p1a: Walls|stockpile2\n|-boost|p1a: Walls|def|1\n|-boost|p1a: Walls|spd|1\n|move|p2a: Skeledirge|Seed Bomb|p1a: Walls|[miss]\n|-miss|p2a: Skeledirge|p1a: Walls\n|\n|upkeep\n|turn|6\n|\n|t:|1698276919\n|move|p1a: Walls|Stockpile|p1a: Walls\n|-start|p1a: Walls|stockpile3\n|-boost|p1a: Walls|def|1\n|-boost|p1a: Walls|spd|1\n|move|p2a: Skeledirge|Seed Bomb|p1a: Walls|[miss]\n|-miss|p2a: Skeledirge|p1a: Walls\n|\n|upkeep\n|turn|7\n|\n|t:|1698276927\n|move|p1a: Walls|Substitute|p1a: Walls\n|-start|p1a: Walls|Substitute\n|-damage|p1a: Walls|53\/100\n|move|p2a: Skeledirge|Seed Bomb|p1a: Walls\n|-resisted|p1a: Walls\n|-activate|p1a: Walls|move: Substitute|[damage]\n|\n|upkeep\n|turn|8\n|\n|t:|1698276947\n|switch|p1a: Nut|Espeon, M, shiny|100\/100\n|move|p2a: Skeledirge|Flamethrower|p1a: Nut\n|-damage|p1a: Nut|69\/100\n|\n|-heal|p1a: Nut|75\/100|[from] item: Leftovers\n|upkeep\n|turn|9\n|\n|t:|1698276961\n|switch|p1a: Walls|Drifblim, F, shiny|53\/100\n|move|p2a: Skeledirge|Heat Wave|p1a: Walls\n|-damage|p1a: Walls|18\/100\n|-enditem|p1a: Walls|Sitrus Berry|[eat]\n|-heal|p1a: Walls|43\/100|[from] item: Sitrus Berry\n|\n|upkeep\n|turn|10\n|\n|t:|1698276969\n|move|p1a: Walls|Minimize|p1a: Walls\n|-boost|p1a: Walls|evasion|2\n|move|p2a: Skeledirge|Flamethrower|p1a: Walls\n|-damage|p1a: Walls|7\/100\n|\n|upkeep\n|turn|11\n|\n|t:|1698276976\n|move|p1a: Walls|Minimize|p1a: Walls\n|-boost|p1a: Walls|evasion|2\n|move|p2a: Skeledirge|Flamethrower|p1a: Walls|[miss]\n|-miss|p2a: Skeledirge|p1a: Walls\n|\n|upkeep\n|turn|12\n|\n|t:|1698276983\n|move|p1a: Walls|Minimize|p1a: Walls\n|-boost|p1a: Walls|evasion|2\n|move|p2a: Skeledirge|Flamethrower|p1a: Walls|[miss]\n|-miss|p2a: Skeledirge|p1a: Walls\n|\n|upkeep\n|turn|13\n|\n|t:|1698276991\n|move|p1a: Walls|Stockpile|p1a: Walls\n|-start|p1a: Walls|stockpile1\n|-boost|p1a: Walls|def|1\n|-boost|p1a: Walls|spd|1\n|move|p2a: Skeledirge|Flamethrower|p1a: Walls|[miss]\n|-miss|p2a: Skeledirge|p1a: Walls\n|\n|upkeep\n|turn|14\n|\n|t:|1698277000\n|move|p1a: Walls|Minimize|p1a: Walls\n|-boost|p1a: Walls|evasion|0\n|move|p2a: Skeledirge|Seed Bomb|p1a: Walls|[miss]\n|-miss|p2a: Skeledirge|p1a: Walls\n|\n|upkeep\n|turn|15\n|\n|t:|1698277009\n|move|p1a: Walls|Stockpile|p1a: Walls\n|-start|p1a: Walls|stockpile2\n|-boost|p1a: Walls|def|1\n|-boost|p1a: Walls|spd|1\n|move|p2a: Skeledirge|Seed Bomb|p1a: Walls|[miss]\n|-miss|p2a: Skeledirge|p1a: Walls\n|\n|upkeep\n|turn|16\n|\n|t:|1698277017\n|move|p1a: Walls|Stockpile|p1a: Walls\n|-start|p1a: Walls|stockpile3\n|-boost|p1a: Walls|def|1\n|-boost|p1a: Walls|spd|1\n|move|p2a: Skeledirge|Flamethrower|p1a: Walls|[miss]\n|-miss|p2a: Skeledirge|p1a: Walls\n|\n|upkeep\n|turn|17\n|\n|t:|1698277026\n|move|p1a: Walls|Baton Pass|p1a: Walls\n|\n|t:|1698277029\n|switch|p1a: Nut|Espeon, M, shiny|75\/100|[from] Baton Pass\n|move|p2a: Skeledirge|Heat Wave|p1a: Nut|[miss]\n|-miss|p2a: Skeledirge|p1a: Nut\n|\n|-heal|p1a: Nut|81\/100|[from] item: Leftovers\n|upkeep\n|turn|18\n|\n|t:|1698277038\n|move|p1a: Nut|Calm Mind|p1a: Nut\n|-boost|p1a: Nut|spa|1\n|-boost|p1a: Nut|spd|1\n|move|p2a: Skeledirge|Seed Bomb|p1a: Nut|[miss]\n|-miss|p2a: Skeledirge|p1a: Nut\n|\n|-heal|p1a: Nut|87\/100|[from] item: Leftovers\n|upkeep\n|turn|19\n|c|\u260611223344556677889C|Wimpy little wimp\n|\n|t:|1698277065\n|move|p1a: Nut|Calm Mind|p1a: Nut\n|-boost|p1a: Nut|spa|1\n|-boost|p1a: Nut|spd|1\n|move|p2a: Skeledirge|Seed Bomb|p1a: Nut\n|-damage|p1a: Nut|78\/100\n|\n|-heal|p1a: Nut|85\/100|[from] item: Leftovers\n|upkeep\n|turn|20\n|\n|t:|1698277082\n|move|p1a: Nut|Stored Power|p2a: Skeledirge\n|-damage|p2a: Skeledirge|0 fnt\n|faint|p2a: Skeledirge\n|\n|-heal|p1a: Nut|91\/100|[from] item: Leftovers\n|upkeep\n|\n|t:|1698277090\n|switch|p2a: Zamazenta|Zamazenta-Crowned|100\/100\n|-ability|p2a: Zamazenta|Dauntless Shield|boost\n|-boost|p2a: Zamazenta|def|1\n|turn|21\n|\n|t:|1698277098\n|move|p2a: Zamazenta|Behemoth Bash|p1a: Nut|[miss]\n|-miss|p2a: Zamazenta|p1a: Nut\n|move|p1a: Nut|Stored Power|p2a: Zamazenta\n|-damage|p2a: Zamazenta|0 fnt\n|faint|p2a: Zamazenta\n|\n|-heal|p1a: Nut|97\/100|[from] item: Leftovers\n|upkeep\n|\n|t:|1698277109\n|switch|p2a: Calyrex|Calyrex-Shadow|100\/100\n|-ability|p2a: Calyrex|As One\n|-ability|p2a: Calyrex|Unnerve\n|turn|22\n|\n|t:|1698277116\n|move|p2a: Calyrex|Astral Barrage|p1a: Nut\n|-supereffective|p1a: Nut\n|-damage|p1a: Nut|63\/100\n|move|p1a: Nut|Stored Power|p2a: Calyrex\n|-resisted|p2a: Calyrex\n|-damage|p2a: Calyrex|0 fnt\n|faint|p2a: Calyrex\n|\n|-heal|p1a: Nut|70\/100|[from] item: Leftovers\n|upkeep\n|\n|t:|1698277128\n|switch|p2a: Arceus|Arceus|100\/100\n|turn|23\n|\n|t:|1698277135\n|move|p2a: Arceus|Extreme Speed|p1a: Nut\n|-damage|p1a: Nut|48\/100\n|move|p1a: Nut|Substitute|p1a: Nut\n|-start|p1a: Nut|Substitute\n|-damage|p1a: Nut|23\/100\n|\n|-heal|p1a: Nut|29\/100|[from] item: Leftovers\n|upkeep\n|turn|24\n|\n|t:|1698277145\n|move|p2a: Arceus|Swords Dance|p2a: Arceus\n|-boost|p2a: Arceus|atk|2\n|move|p1a: Nut|Stored Power|p2a: Arceus\n|-damage|p2a: Arceus|0 fnt\n|faint|p2a: Arceus\n|\n|-heal|p1a: Nut|36\/100|[from] item: Leftovers\n|upkeep\n|c|\u260611223344556677889C|Wimpy little bitch hiding behind things like a coward\n|\n|t:|1698277178\n|switch|p2a: Koraidon|Koraidon|100\/100\n|-weather|SunnyDay|[from] ability: Orichalcum Pulse|[of] p2a: Koraidon\n|-activate|p2a: Koraidon|Orichalcum Pulse|[source]\n|turn|25\n|\n|t:|1698277183\n|move|p2a: Koraidon|Collision Course|p1a: Nut|[miss]\n|-miss|p2a: Koraidon|p1a: Nut\n|move|p1a: Nut|Stored Power|p2a: Koraidon\n|-supereffective|p2a: Koraidon\n|-damage|p2a: Koraidon|0 fnt\n|faint|p2a: Koraidon\n|\n|-weather|SunnyDay|[upkeep]\n|-heal|p1a: Nut|42\/100|[from] item: Leftovers\n|upkeep\n|\n|t:|1698277196\n|switch|p2a: Giratina|Giratina-Origin|100\/100\n|turn|26\n|\n|t:|1698277200\n|move|p1a: Nut|Stored Power|p2a: Giratina\n|-damage|p2a: Giratina|0 fnt\n|faint|p2a: Giratina\n|\n|win|deZ20383\n|raw|deZ20383's rating: 1046 &rarr; <strong>1085<\/strong><br \/>(+39 for winning)\n|raw|11223344556677889C's rating: 1107 &rarr; <strong>1078<\/strong><br \/>(-29 for losing)\n","uploadtime":1698277174,"views":13,"p1id":"dez20383","p2id":"11223344556677889c","formatid":"gen9anythinggoes","rating":1078,"private":0,"password":""}