{"id":"gen9anythinggoes-1987500879","p1":"Namanpokemonmaster","p2":"isurmomcuteaf","format":"[Gen 9] Anything Goes","log":"|j|\u2606Namanpokemonmaster\n|j|\u203disurmomcuteaf\n|t:|1699602353\n|gametype|singles\n|player|p1|Namanpokemonmaster|nate|1585\n|player|p2|isurmomcuteaf|ghetsis-gen5bw|1545\n|teamsize|p1|6\n|teamsize|p2|6\n|gen|9\n|tier|[Gen 9] Anything Goes\n|rated|\n|rule|HP Percentage Mod: HP is shown in percentages\n|rule|Endless Battle Clause: Forcing endless battles is banned\n|clearpoke\n|poke|p1|Arceus-Ground|\n|poke|p1|Arceus|\n|poke|p1|Ditto|\n|poke|p1|Eternatus|\n|poke|p1|Koraidon|\n|poke|p1|Miraidon|\n|poke|p2|Lycanroc-Dusk, F|\n|poke|p2|Calyrex-Shadow|\n|poke|p2|Arceus|\n|poke|p2|Zacian-*|\n|poke|p2|Koraidon|\n|poke|p2|Miraidon|\n|teampreview\n|inactive|Battle timer is ON: inactive players will automatically lose when time's up. (requested by isurmomcuteaf)\n|\n|t:|1699602368\n|start\n|switch|p1a: Koraidon|Koraidon|100\/100\n|switch|p2a: Lycanroc|Lycanroc-Dusk, F|100\/100\n|-weather|SunnyDay|[from] ability: Orichalcum Pulse|[of] p1a: Koraidon\n|-activate|p1a: Koraidon|Orichalcum Pulse|[source]\n|turn|1\n|\n|t:|1699602381\n|move|p1a: Koraidon|Collision Course|p2a: Lycanroc\n|-supereffective|p2a: Lycanroc\n|-enditem|p2a: Lycanroc|Focus Sash\n|-damage|p2a: Lycanroc|1\/100\n|move|p2a: Lycanroc|Stealth Rock|p1a: Koraidon\n|-sidestart|p1: Namanpokemonmaster|move: Stealth Rock\n|\n|-weather|SunnyDay|[upkeep]\n|upkeep\n|turn|2\n|\n|t:|1699602392\n|move|p2a: Lycanroc|Accelerock|p1a: Koraidon\n|-resisted|p1a: Koraidon\n|-damage|p1a: Koraidon|90\/100\n|move|p1a: Koraidon|Dragon Claw|p2a: Lycanroc\n|-damage|p2a: Lycanroc|0 fnt\n|faint|p2a: Lycanroc\n|\n|-weather|SunnyDay|[upkeep]\n|-heal|p1a: Koraidon|96\/100|[from] item: Leftovers\n|upkeep\n|\n|t:|1699602398\n|switch|p2a: Arceus|Arceus|100\/100\n|turn|3\n|\n|t:|1699602405\n|move|p1a: Koraidon|Collision Course|p2a: Arceus\n|-supereffective|p2a: Arceus\n|-enditem|p2a: Arceus|Focus Sash\n|-damage|p2a: Arceus|1\/100\n|move|p2a: Arceus|Swords Dance|p2a: Arceus\n|-boost|p2a: Arceus|atk|2\n|\n|-weather|SunnyDay|[upkeep]\n|-heal|p1a: Koraidon|100\/100|[from] item: Leftovers\n|upkeep\n|turn|4\n|\n|t:|1699602418\n|move|p2a: Arceus|Extreme Speed|p1a: Koraidon\n|-damage|p1a: Koraidon|19\/100\n|move|p1a: Koraidon|Dragon Claw|p2a: Arceus\n|-damage|p2a: Arceus|0 fnt\n|faint|p2a: Arceus\n|\n|-weather|SunnyDay|[upkeep]\n|-heal|p1a: Koraidon|25\/100|[from] item: Leftovers\n|upkeep\n|\n|t:|1699602427\n|switch|p2a: Zacian|Zacian-Crowned|100\/100\n|-ability|p2a: Zacian|Intrepid Sword|boost\n|-boost|p2a: Zacian|atk|1\n|turn|5\n|\n|t:|1699602433\n|move|p2a: Zacian|Play Rough|p1a: Koraidon\n|-supereffective|p1a: Koraidon\n|-damage|p1a: Koraidon|0 fnt\n|faint|p1a: Koraidon\n|\n|-weather|none\n|upkeep\n|\n|t:|1699602452\n|switch|p1a: Arceus|Arceus-Ground|100\/100\n|-damage|p1a: Arceus|94\/100|[from] Stealth Rock\n|turn|6\n|\n|t:|1699602457\n|move|p2a: Zacian|Play Rough|p1a: Arceus\n|-crit|p1a: Arceus\n|-damage|p1a: Arceus|41\/100\n|move|p1a: Arceus|Judgment|p2a: Zacian\n|-supereffective|p2a: Zacian\n|-damage|p2a: Zacian|9\/100\n|\n|upkeep\n|turn|7\n|\n|t:|1699602466\n|move|p2a: Zacian|Play Rough|p1a: Arceus\n|-damage|p1a: Arceus|5\/100\n|move|p1a: Arceus|Judgment|p2a: Zacian\n|-supereffective|p2a: Zacian\n|-damage|p2a: Zacian|0 fnt\n|faint|p2a: Zacian\n|\n|upkeep\n|\n|t:|1699602469\n|switch|p2a: Miraidon|Miraidon|100\/100\n|-fieldstart|move: Electric Terrain|[from] ability: Hadron Engine|[of] p2a: Miraidon\n|turn|8\n|\n|t:|1699602480\n|-terastallize|p2a: Miraidon|Water\n|move|p2a: Miraidon|Calm Mind|p2a: Miraidon\n|-boost|p2a: Miraidon|spa|1\n|-boost|p2a: Miraidon|spd|1\n|move|p1a: Arceus|Ice Beam|p2a: Miraidon\n|-resisted|p2a: Miraidon\n|-damage|p2a: Miraidon|95\/100\n|-status|p2a: Miraidon|frz\n|\n|-heal|p2a: Miraidon|100\/100 frz|[from] item: Leftovers\n|upkeep\n|turn|9\n|\n|t:|1699602492\n|-curestatus|p2a: Miraidon|frz|[msg]\n|move|p2a: Miraidon|Calm Mind|p2a: Miraidon\n|-boost|p2a: Miraidon|spa|1\n|-boost|p2a: Miraidon|spd|1\n|move|p1a: Arceus|Recover|p1a: Arceus\n|-heal|p1a: Arceus|55\/100\n|\n|upkeep\n|turn|10\n|\n|t:|1699602504\n|move|p2a: Miraidon|Calm Mind|p2a: Miraidon\n|-boost|p2a: Miraidon|spa|1\n|-boost|p2a: Miraidon|spd|1\n|move|p1a: Arceus|Judgment|p2a: Miraidon\n|-damage|p2a: Miraidon|87\/100\n|\n|-heal|p2a: Miraidon|93\/100|[from] item: Leftovers\n|upkeep\n|turn|11\n|\n|t:|1699602514\n|move|p2a: Miraidon|Calm Mind|p2a: Miraidon\n|-boost|p2a: Miraidon|spa|1\n|-boost|p2a: Miraidon|spd|1\n|move|p1a: Arceus|Judgment|p2a: Miraidon\n|-damage|p2a: Miraidon|81\/100\n|\n|-heal|p2a: Miraidon|87\/100|[from] item: Leftovers\n|upkeep\n|turn|12\n|\n|t:|1699602533\n|move|p2a: Miraidon|Calm Mind|p2a: Miraidon\n|-boost|p2a: Miraidon|spa|1\n|-boost|p2a: Miraidon|spd|1\n|move|p1a: Arceus|Judgment|p2a: Miraidon\n|-damage|p2a: Miraidon|77\/100\n|\n|-heal|p2a: Miraidon|83\/100|[from] item: Leftovers\n|-fieldend|move: Electric Terrain\n|upkeep\n|turn|13\n|c|\u2606Namanpokemonmaster|Bruh dont waste time atk\n|\n|t:|1699602547\n|move|p2a: Miraidon|Calm Mind|p2a: Miraidon\n|-boost|p2a: Miraidon|spa|1\n|-boost|p2a: Miraidon|spd|1\n|move|p1a: Arceus|Judgment|p2a: Miraidon\n|-damage|p2a: Miraidon|74\/100\n|\n|-heal|p2a: Miraidon|80\/100|[from] item: Leftovers\n|upkeep\n|turn|14\n|\n|t:|1699602557\n|move|p2a: Miraidon|Dragon Pulse|p1a: Arceus\n|-damage|p1a: Arceus|0 fnt\n|faint|p1a: Arceus\n|\n|-heal|p2a: Miraidon|86\/100|[from] item: Leftovers\n|upkeep\n|\n|t:|1699602565\n|switch|p1a: Ditto|Ditto|100\/100\n|-damage|p1a: Ditto|88\/100|[from] Stealth Rock\n|-transform|p1a: Ditto|p2a: Miraidon|[from] ability: Imposter\n|-fieldstart|move: Electric Terrain|[from] ability: Hadron Engine|[of] p1a: Ditto\n|-start|p1a: Ditto|typechange|Electric\/Dragon|[silent]\n|turn|15\n|\n|t:|1699602579\n|move|p1a: Ditto|Dragon Pulse|p2a: Miraidon\n|-damage|p2a: Miraidon|37\/100\n|move|p2a: Miraidon|Parabolic Charge|p1a: Ditto\n|-resisted|p1a: Ditto\n|-damage|p1a: Ditto|71\/100\n|-heal|p2a: Miraidon|44\/100|[from] drain|[of] p1a: Ditto\n|\n|-heal|p2a: Miraidon|50\/100|[from] item: Leftovers\n|upkeep\n|turn|16\n|\n|t:|1699602598\n|switch|p1a: Eternatus|Eternatus|100\/100\n|-damage|p1a: Eternatus|88\/100|[from] Stealth Rock\n|-ability|p1a: Eternatus|Pressure\n|move|p2a: Miraidon|Dragon Pulse|p1a: Eternatus\n|-supereffective|p1a: Eternatus\n|-damage|p1a: Eternatus|0 fnt\n|faint|p1a: Eternatus\n|\n|-heal|p2a: Miraidon|56\/100|[from] item: Leftovers\n|upkeep\n|\n|t:|1699602612\n|switch|p1a: Ditto|Ditto|71\/100\n|-damage|p1a: Ditto|59\/100|[from] Stealth Rock\n|-transform|p1a: Ditto|p2a: Miraidon|[from] ability: Imposter\n|-activate|p1a: Ditto|ability: Hadron Engine\n|-start|p1a: Ditto|typechange|Electric\/Dragon|[silent]\n|turn|17\n|c|\u2606Namanpokemonmaster|I fucked up\n|\n|t:|1699602622\n|move|p1a: Ditto|Electro Drift|p2a: Miraidon\n|-supereffective|p2a: Miraidon\n|-damage|p2a: Miraidon|0 fnt\n|faint|p2a: Miraidon\n|\n|upkeep\n|\n|t:|1699602628\n|switch|p2a: Koraidon|Koraidon|100\/100\n|-weather|SunnyDay|[from] ability: Orichalcum Pulse|[of] p2a: Koraidon\n|-activate|p2a: Koraidon|Orichalcum Pulse|[source]\n|turn|18\n|\n|t:|1699602633\n|move|p2a: Koraidon|Dragon Claw|p1a: Ditto\n|-supereffective|p1a: Ditto\n|-damage|p1a: Ditto|0 fnt\n|faint|p1a: Ditto\n|\n|-weather|SunnyDay|[upkeep]\n|upkeep\n|\n|t:|1699602640\n|switch|p1a: Miraidon|Miraidon|100\/100\n|-damage|p1a: Miraidon|88\/100|[from] Stealth Rock\n|-activate|p1a: Miraidon|ability: Hadron Engine\n|turn|19\n|\n|t:|1699602649\n|-terastallize|p1a: Miraidon|Fairy\n|move|p2a: Koraidon|Dragon Claw|p1a: Miraidon\n|-immune|p1a: Miraidon\n|move|p1a: Miraidon|Draco Meteor|p2a: Koraidon\n|-supereffective|p2a: Koraidon\n|-damage|p2a: Koraidon|0 fnt\n|-unboost|p1a: Miraidon|spa|2\n|faint|p2a: Koraidon\n|\n|-weather|SunnyDay|[upkeep]\n|-fieldend|move: Electric Terrain\n|upkeep\n|\n|t:|1699602652\n|switch|p2a: Calyrex|Calyrex-Shadow|100\/100\n|-ability|p2a: Calyrex|As One\n|-ability|p2a: Calyrex|Unnerve\n|turn|20\n|\n|t:|1699602666\n|switch|p1a: Arceus|Arceus|100\/100\n|-damage|p1a: Arceus|88\/100|[from] Stealth Rock\n|move|p2a: Calyrex|Psychic|p1a: Arceus\n|-damage|p1a: Arceus|31\/100\n|\n|-weather|SunnyDay|[upkeep]\n|-heal|p1a: Arceus|37\/100|[from] item: Leftovers\n|upkeep\n|turn|21\n|\n|t:|1699602677\n|move|p2a: Calyrex|Psychic|p1a: Arceus\n|-damage|p1a: Arceus|0 fnt\n|faint|p1a: Arceus\n|-ability|p2a: Calyrex|Grim Neigh|boost\n|-boost|p2a: Calyrex|spa|1\n|\n|-weather|SunnyDay|[upkeep]\n|upkeep\n|\n|t:|1699602684\n|switch|p1a: Miraidon|Miraidon, tera:Fairy|88\/100\n|-damage|p1a: Miraidon|76\/100|[from] Stealth Rock\n|-fieldstart|move: Electric Terrain|[from] ability: Hadron Engine|[of] p1a: Miraidon\n|turn|22\n|inactive|isurmomcuteaf has 120 seconds left.\n|\n|t:|1699602728\n|move|p2a: Calyrex|Psychic|p1a: Miraidon\n|-damage|p1a: Miraidon|0 fnt\n|faint|p1a: Miraidon\n|\n|win|isurmomcuteaf\n|raw|Namanpokemonmaster's rating: 1585 &rarr; <strong>1563<\/strong><br \/>(-22 for losing)\n|raw|isurmomcuteaf's rating: 1545 &rarr; <strong>1567<\/strong><br \/>(+22 for winning)\n","uploadtime":1699602733,"views":6,"p1id":"namanpokemonmaster","p2id":"isurmomcuteaf","formatid":"gen9anythinggoes","rating":1563,"private":0,"password":""}