{"id":"gen9anythinggoes-1986142684","p1":"Bl3ZingR4ge","p2":"esresresres","format":"[Gen 9] Anything Goes","log":"|j|\u2606Bl3ZingR4ge\n|j|\u2606esresresres\n|t:|1699454271\n|gametype|singles\n|player|p1|Bl3ZingR4ge|hilbert-wonderlauncher|1012\n|player|p2|esresresres|hiker-gen1|1034\n|teamsize|p1|6\n|teamsize|p2|6\n|gen|9\n|tier|[Gen 9] Anything Goes\n|rated|\n|rule|HP Percentage Mod: HP is shown in percentages\n|rule|Endless Battle Clause: Forcing endless battles is banned\n|clearpoke\n|poke|p1|Cinderace, M|\n|poke|p1|Pikachu-Partner, M|\n|poke|p1|Flareon, M|\n|poke|p1|Zoroark-Hisui, F|\n|poke|p1|Charizard, F|\n|poke|p1|Greninja-*, M|\n|poke|p2|Regieleki|\n|poke|p2|Regieleki|\n|poke|p2|Regieleki|\n|poke|p2|Regieleki|\n|poke|p2|Basculegion, M|\n|poke|p2|Kyogre|\n|teampreview\n|\n|t:|1699454290\n|start\n|switch|p1a: Cinderace|Cinderace, M|100\/100\n|switch|p2a: Regieleki|Regieleki|100\/100\n|turn|1\n|\n|t:|1699454302\n|move|p2a: Regieleki|Explosion|p1a: Cinderace\n|-immune|p1a: Cinderace\n|faint|p2a: Regieleki\n|move|p1a: Cinderace|Icy Wind|p2: Regieleki|[notarget]\n|-fail|p1a: Cinderace\n|\n|upkeep\n|\n|t:|1699454304\n|switch|p2a: Regieleki|Regieleki|100\/100\n|turn|2\n|\n|t:|1699454315\n|move|p2a: Regieleki|Explosion|p1a: Cinderace\n|-immune|p1a: Cinderace\n|faint|p2a: Regieleki\n|move|p1a: Cinderace|Bitter Malice|p2: Regieleki|[notarget]\n|-fail|p1a: Cinderace\n|\n|upkeep\n|\n|t:|1699454317\n|switch|p2a: Regieleki|Regieleki|100\/100\n|turn|3\n|\n|t:|1699454326\n|move|p2a: Regieleki|Explosion|p1a: Cinderace\n|-immune|p1a: Cinderace\n|faint|p2a: Regieleki\n|move|p1a: Cinderace|Bitter Malice|p2: Regieleki|[notarget]\n|-fail|p1a: Cinderace\n|\n|upkeep\n|\n|t:|1699454330\n|switch|p2a: Regieleki|Regieleki|100\/100\n|turn|4\n|\n|t:|1699454338\n|move|p2a: Regieleki|Explosion|p1a: Cinderace\n|-immune|p1a: Cinderace\n|faint|p2a: Regieleki\n|move|p1a: Cinderace|Bitter Malice|p2: Regieleki|[notarget]\n|-fail|p1a: Cinderace\n|\n|upkeep\n|\n|t:|1699454343\n|switch|p2a: Kyogre|Kyogre|100\/100\n|-weather|RainDance|[from] ability: Drizzle|[of] p2a: Kyogre\n|turn|5\n|\n|t:|1699454349\n|move|p1a: Cinderace|Icy Wind|p2a: Kyogre\n|-resisted|p2a: Kyogre\n|-damage|p2a: Kyogre|94\/100\n|-unboost|p2a: Kyogre|spe|1\n|move|p2a: Kyogre|Origin Pulse|p1a: Cinderace\n|-damage|p1a: Cinderace|0 fnt\n|replace|p1a: Zoroark|Zoroark-Hisui, F\n|-end|p1a: Zoroark|Illusion\n|faint|p1a: Zoroark\n|\n|-weather|RainDance|[upkeep]\n|upkeep\n|\n|t:|1699454362\n|switch|p1a: Pikachu|Pikachu-Partner, M|100\/100\n|turn|6\n|\n|t:|1699454367\n|move|p1a: Pikachu|Wild Charge|p2a: Kyogre\n|-supereffective|p2a: Kyogre\n|-crit|p2a: Kyogre\n|-damage|p2a: Kyogre|0 fnt\n|faint|p2a: Kyogre\n|-damage|p1a: Pikachu|63\/100|[from] Recoil\n|\n|-weather|RainDance|[upkeep]\n|upkeep\n|\n|t:|1699454369\n|switch|p2a: Basculegion|Basculegion, M|100\/100\n|turn|7\n|\n|t:|1699454377\n|-terastallize|p1a: Pikachu|Electric\n|move|p2a: Basculegion|Last Respects|p1a: Pikachu\n|-damage|p1a: Pikachu|0 fnt\n|faint|p1a: Pikachu\n|-damage|p2a: Basculegion|91\/100|[from] item: Life Orb\n|\n|-weather|RainDance|[upkeep]\n|upkeep\n|\n|t:|1699454388\n|switch|p1a: Charizard|Charizard, F|100\/100\n|turn|8\n|\n|t:|1699454399\n|move|p2a: Basculegion|Wave Crash|p1a: Charizard\n|-supereffective|p1a: Charizard\n|-damage|p1a: Charizard|0 fnt\n|faint|p1a: Charizard\n|-damage|p2a: Basculegion|65\/100|[from] Recoil\n|-damage|p2a: Basculegion|55\/100|[from] item: Life Orb\n|\n|-weather|RainDance|[upkeep]\n|upkeep\n|\n|t:|1699454410\n|switch|p1a: Greninja|Greninja, M|100\/100\n|turn|9\n|\n|t:|1699454414\n|-terastallize|p2a: Basculegion|Dark\n|move|p1a: Greninja|Shadow Sneak|p2a: Basculegion\n|-resisted|p2a: Basculegion\n|-damage|p2a: Basculegion|50\/100\n|move|p2a: Basculegion|Last Respects|p1a: Greninja\n|-resisted|p1a: Greninja\n|-damage|p1a: Greninja|0 fnt\n|faint|p1a: Greninja\n|-damage|p2a: Basculegion|40\/100|[from] item: Life Orb\n|\n|-weather|none\n|upkeep\n|\n|t:|1699454427\n|switch|p1a: Cinderace|Cinderace, M|100\/100\n|turn|10\n|\n|t:|1699454430\n|move|p2a: Basculegion|Last Respects|p1a: Cinderace\n|-damage|p1a: Cinderace|0 fnt\n|faint|p1a: Cinderace\n|-damage|p2a: Basculegion|30\/100|[from] item: Life Orb\n|\n|upkeep\n|\n|t:|1699454436\n|switch|p1a: Flareon|Flareon, M|100\/100\n|turn|11\n|\n|t:|1699454441\n|move|p2a: Basculegion|Last Respects|p1a: Flareon\n|-enditem|p1a: Flareon|Focus Sash\n|-damage|p1a: Flareon|1\/100\n|-damage|p2a: Basculegion|20\/100|[from] item: Life Orb\n|move|p1a: Flareon|Dig||[still]\n|-prepare|p1a: Flareon|Dig\n|\n|upkeep\n|turn|12\n|\n|t:|1699454449\n|move|p2a: Basculegion|Last Respects|p1a: Flareon|[miss]\n|-miss|p2a: Basculegion|p1a: Flareon\n|move|p1a: Flareon|Dig|p2a: Basculegion|[from]lockedmove\n|-damage|p2a: Basculegion|0 fnt\n|faint|p2a: Basculegion\n|\n|win|Bl3ZingR4ge\n|raw|Bl3ZingR4ge's rating: 1012 &rarr; <strong>1053<\/strong><br \/>(+41 for winning)\n|raw|esresresres's rating: 1034 &rarr; <strong>1018<\/strong><br \/>(-16 for losing)\n|l|\u2606esresresres\n","uploadtime":1699454468,"views":8,"p1id":"bl3zingr4ge","p2id":"esresresres","formatid":"gen9anythinggoes","rating":1018,"private":0,"password":""}