{"id":"gen9anythinggoes-1986746799","p1":"jeefeycool","p2":"Jandrooooo","format":"[Gen 9] Anything Goes","log":"|j|\u2606jeefeycool\n|j|\u2606Jandrooooo\n|t:|1699518560\n|gametype|singles\n|player|p1|jeefeycool|roxie|1136\n|player|p2|Jandrooooo|1|1000\n|teamsize|p1|6\n|teamsize|p2|6\n|gen|9\n|tier|[Gen 9] Anything Goes\n|rated|\n|rule|HP Percentage Mod: HP is shown in percentages\n|rule|Endless Battle Clause: Forcing endless battles is banned\n|clearpoke\n|poke|p1|Zacian-*|\n|poke|p1|Calyrex-Ice|\n|poke|p1|Quaquaval, F|\n|poke|p1|Amoonguss, F|\n|poke|p1|Iron Treads|\n|poke|p1|Toxapex, M|\n|poke|p2|Toxapex, M|\n|poke|p2|Gengar, M|\n|poke|p2|Infernape, F|\n|poke|p2|Weavile, F|\n|poke|p2|Mimikyu, M|\n|poke|p2|Ambipom, F|\n|teampreview\n|inactive|Battle timer is ON: inactive players will automatically lose when time's up. (requested by jeefeycool)\n|\n|t:|1699518573\n|start\n|switch|p1a: Calyrex|Calyrex-Ice|100\/100\n|switch|p2a: Ambipom|Ambipom, F, shiny|100\/100\n|-ability|p1a: Calyrex|As One\n|-ability|p1a: Calyrex|Unnerve\n|turn|1\n|\n|t:|1699518586\n|move|p2a: Ambipom|Substitute|p2a: Ambipom\n|-start|p2a: Ambipom|Substitute\n|-damage|p2a: Ambipom|76\/100\n|move|p1a: Calyrex|Agility|p1a: Calyrex\n|-boost|p1a: Calyrex|spe|2\n|\n|upkeep\n|turn|2\n|\n|t:|1699518594\n|move|p2a: Ambipom|Agility|p2a: Ambipom\n|-boost|p2a: Ambipom|spe|2\n|move|p1a: Calyrex|Agility|p1a: Calyrex\n|-boost|p1a: Calyrex|spe|2\n|\n|upkeep\n|turn|3\n|\n|t:|1699518603\n|move|p2a: Ambipom|Nasty Plot|p2a: Ambipom\n|-boost|p2a: Ambipom|spa|2\n|move|p1a: Calyrex|Body Press|p2a: Ambipom\n|-supereffective|p2a: Ambipom\n|-crit|p2a: Ambipom\n|-end|p2a: Ambipom|Substitute\n|\n|upkeep\n|turn|4\n|\n|t:|1699518611\n|move|p2a: Ambipom|Substitute|p2a: Ambipom\n|-start|p2a: Ambipom|Substitute\n|-damage|p2a: Ambipom|51\/100\n|move|p1a: Calyrex|Body Press|p2a: Ambipom\n|-supereffective|p2a: Ambipom\n|-end|p2a: Ambipom|Substitute\n|\n|upkeep\n|turn|5\n|\n|t:|1699518621\n|move|p2a: Ambipom|Baton Pass|p2a: Ambipom\n|\n|t:|1699518624\n|switch|p2a: Toxapex|Toxapex, M, shiny|100\/100|[from] Baton Pass\n|move|p1a: Calyrex|Body Press|p2a: Toxapex\n|-resisted|p2a: Toxapex\n|-damage|p2a: Toxapex|88\/100\n|\n|-heal|p2a: Toxapex|94\/100|[from] item: Black Sludge\n|upkeep\n|turn|6\n|\n|t:|1699518638\n|move|p1a: Calyrex|Zen Headbutt|p2a: Toxapex\n|-supereffective|p2a: Toxapex\n|-damage|p2a: Toxapex|28\/100\n|move|p2a: Toxapex|Toxic Spikes|p1a: Calyrex\n|-sidestart|p1: jeefeycool|move: Toxic Spikes\n|\n|-heal|p2a: Toxapex|34\/100|[from] item: Black Sludge\n|upkeep\n|turn|7\n|\n|t:|1699518645\n|move|p2a: Toxapex|Baneful Bunker|p2a: Toxapex\n|-singleturn|p2a: Toxapex|move: Protect\n|move|p1a: Calyrex|Zen Headbutt|p2a: Toxapex\n|-activate|p2a: Toxapex|move: Protect\n|-status|p1a: Calyrex|psn\n|\n|-heal|p2a: Toxapex|39\/100|[from] item: Black Sludge\n|-damage|p1a: Calyrex|88\/100 psn|[from] psn\n|upkeep\n|turn|8\n|\n|t:|1699518656\n|move|p1a: Calyrex|Zen Headbutt|p2a: Toxapex\n|-supereffective|p2a: Toxapex\n|-damage|p2a: Toxapex|0 fnt\n|faint|p2a: Toxapex\n|-ability|p1a: Calyrex|Chilling Neigh|boost\n|-boost|p1a: Calyrex|atk|1\n|\n|-damage|p1a: Calyrex|76\/100 psn|[from] psn\n|upkeep\n|\n|t:|1699518665\n|switch|p2a: Infernape|Infernape, F, shiny|100\/100\n|turn|9\n|\n|t:|1699518672\n|move|p1a: Calyrex|Zen Headbutt|p2a: Infernape\n|-supereffective|p2a: Infernape\n|-damage|p2a: Infernape|0 fnt\n|faint|p2a: Infernape\n|-ability|p1a: Calyrex|Chilling Neigh|boost\n|-boost|p1a: Calyrex|atk|1\n|\n|-damage|p1a: Calyrex|64\/100 psn|[from] psn\n|upkeep\n|c|\u2606Jandrooooo|bruh\n|\n|t:|1699518689\n|switch|p2a: Weavile|Weavile, F|100\/100\n|turn|10\n|\n|t:|1699518694\n|move|p1a: Calyrex|Body Press|p2a: Weavile\n|-supereffective|p2a: Weavile\n|-damage|p2a: Weavile|0 fnt\n|faint|p2a: Weavile\n|-ability|p1a: Calyrex|Chilling Neigh|boost\n|-boost|p1a: Calyrex|atk|1\n|\n|-damage|p1a: Calyrex|51\/100 psn|[from] psn\n|upkeep\n|\n|t:|1699518703\n|switch|p2a: Mimikyu|Mimikyu, M|100\/100\n|turn|11\n|\n|t:|1699518708\n|move|p1a: Calyrex|Zen Headbutt|p2a: Mimikyu\n|-activate|p2a: Mimikyu|ability: Disguise\n|-damage|p2a: Mimikyu|100\/100\n|detailschange|p2a: Mimikyu|Mimikyu-Busted, M\n|-damage|p2a: Mimikyu|88\/100|[from] pokemon: Mimikyu-Busted\n|move|p2a: Mimikyu|Thunder Wave||[still]\n|-fail|p2a: Mimikyu\n|\n|-damage|p1a: Calyrex|39\/100 psn|[from] psn\n|upkeep\n|turn|12\n|\n|t:|1699518726\n|move|p1a: Calyrex|Zen Headbutt|p2a: Mimikyu\n|-damage|p2a: Mimikyu|0 fnt\n|faint|p2a: Mimikyu\n|-ability|p1a: Calyrex|Chilling Neigh|boost\n|-boost|p1a: Calyrex|atk|1\n|\n|-damage|p1a: Calyrex|27\/100 psn|[from] psn\n|upkeep\n|\n|t:|1699518734\n|switch|p2a: Ambipom|Ambipom, F, shiny|51\/100\n|turn|13\n|\n|t:|1699518739\n|move|p1a: Calyrex|Body Press|p2a: Ambipom\n|-supereffective|p2a: Ambipom\n|-damage|p2a: Ambipom|0 fnt\n|faint|p2a: Ambipom\n|-ability|p1a: Calyrex|Chilling Neigh|boost\n|-boost|p1a: Calyrex|atk|1\n|\n|-damage|p1a: Calyrex|15\/100 psn|[from] psn\n|upkeep\n|\n|t:|1699518745\n|switch|p2a: Gengar|Gengar, M|100\/100\n|turn|14\n|\n|t:|1699518758\n|move|p1a: Calyrex|Zen Headbutt|p2a: Gengar\n|-supereffective|p2a: Gengar\n|-crit|p2a: Gengar\n|-damage|p2a: Gengar|0 fnt\n|faint|p2a: Gengar\n|\n|win|jeefeycool\n|raw|jeefeycool's rating: 1136 &rarr; <strong>1152<\/strong><br \/>(+16 for winning)\n|raw|Jandrooooo's rating: 1000 &rarr; <strong>1000<\/strong><br \/>(+0 for losing)\n|l|\u2606Jandrooooo\n","uploadtime":1699518767,"views":37,"p1id":"jeefeycool","p2id":"jandrooooo","formatid":"gen9anythinggoes","rating":1000,"private":0,"password":""}