{"id":"gen9anythinggoes-1994449538","p1":"XChuckle762","p2":"ValidJohnSmith","format":"[Gen 9] Anything Goes","log":"|j|\u2606XChuckle762\n|j|\u2606ValidJohnSmith\n|t:|1700445226\n|gametype|singles\n|player|p1|XChuckle762|koga|\n|player|p2|ValidJohnSmith|n|\n|teamsize|p1|6\n|teamsize|p2|6\n|gen|9\n|tier|[Gen 9] Anything Goes\n|rule|HP Percentage Mod: HP is shown in percentages\n|rule|Endless Battle Clause: Forcing endless battles is banned\n|clearpoke\n|poke|p1|Roaring Moon|\n|poke|p1|Goodra-Hisui, M|\n|poke|p1|Zangoose, M|\n|poke|p1|Gardevoir, F|\n|poke|p1|Dragonite, M|\n|poke|p1|Sneasler, F|\n|poke|p2|Great Tusk|\n|poke|p2|Gholdengo|\n|poke|p2|Samurott-Hisui, M|\n|poke|p2|Slowbro-Galar, M|\n|poke|p2|Dudunsparce-*, F|\n|poke|p2|Drifblim, M|\n|teampreview\n|inactive|Battle timer is ON: inactive players will automatically lose when time's up. (requested by XChuckle762)\n|\n|t:|1700445245\n|start\n|switch|p1a: Zangoose|Zangoose, M, shiny|100\/100\n|switch|p2a: It's High Noon|Slowbro-Galar, M, shiny|100\/100\n|turn|1\n|-activate|p2a: It's High Noon|item: Quick Claw\n|\n|t:|1700445253\n|move|p2a: It's High Noon|Nasty Plot|p2a: It's High Noon\n|-boost|p2a: It's High Noon|spa|2\n|move|p1a: Zangoose|Knock Off|p2a: It's High Noon\n|-supereffective|p2a: It's High Noon\n|-damage|p2a: It's High Noon|47\/100\n|-enditem|p2a: It's High Noon|Quick Claw|[from] move: Knock Off|[of] p1a: Zangoose\n|\n|-status|p1a: Zangoose|tox|[from] item: Toxic Orb\n|upkeep\n|turn|2\n|j| BillTheThrill42\n|j| Jojospicydong\n|-activate|p2a: It's High Noon|ability: Quick Draw\n|\n|t:|1700445266\n|move|p2a: It's High Noon|Shell Side Arm|p1a: Zangoose|[anim] Shell Side Arm Special\n|-damage|p1a: Zangoose|0 fnt\n|-hint|Special Shell Side Arm\n|faint|p1a: Zangoose\n|\n|upkeep\n|\n|t:|1700445285\n|switch|p1a: Dragonite|Dragonite, M|100\/100\n|turn|3\n|-activate|p2a: It's High Noon|ability: Quick Draw\n|\n|t:|1700445295\n|move|p2a: It's High Noon|Shell Side Arm|p1a: Dragonite|[anim] Shell Side Arm Special\n|-damage|p1a: Dragonite|57\/100\n|-hint|Special Shell Side Arm\n|move|p1a: Dragonite|Earthquake|p2a: It's High Noon\n|-supereffective|p2a: It's High Noon\n|-damage|p2a: It's High Noon|0 fnt\n|faint|p2a: It's High Noon\n|\n|upkeep\n|inactive|ValidJohnSmith has 270 seconds left.\n|\n|t:|1700445326\n|switch|p2a: Balloon Boy|Drifblim, M, shiny|100\/100\n|turn|4\n|\n|t:|1700445331\n|switch|p1a: Gardevoir|Gardevoir, F|100\/100\n|-ability|p1a: Gardevoir|Unburden|[from] ability: Trace|[of] p2a: Balloon Boy\n|move|p2a: Balloon Boy|Fling|p1a: Gardevoir\n|-damage|p1a: Gardevoir|88\/100\n|-enditem|p2a: Balloon Boy|King's Rock|[from] move: Fling\n|\n|upkeep\n|turn|5\n|l| Jojospicydong\n|inactive|ValidJohnSmith has 270 seconds left.\n|\n|t:|1700445347\n|move|p2a: Balloon Boy|Acrobatics|p1a: Gardevoir\n|-damage|p1a: Gardevoir|24\/100\n|move|p1a: Gardevoir|Trick|p2a: Balloon Boy\n|-activate|p1a: Gardevoir|move: Trick|[of] p2a: Balloon Boy\n|-item|p2a: Balloon Boy|Choice Scarf|[from] move: Trick\n|-enditem|p1a: Gardevoir|Choice Scarf|[silent]|[from] move: Trick\n|\n|upkeep\n|turn|6\n|\n|t:|1700445355\n|move|p1a: Gardevoir|Destiny Bond|p1a: Gardevoir\n|-singlemove|p1a: Gardevoir|Destiny Bond\n|move|p2a: Balloon Boy|Acrobatics|p1a: Gardevoir\n|-damage|p1a: Gardevoir|0 fnt\n|faint|p1a: Gardevoir\n|-activate|p1a: Gardevoir|move: Destiny Bond\n|faint|p2a: Balloon Boy\n|\n|upkeep\n|inactive|ValidJohnSmith has 270 seconds left.\n|\n|t:|1700445381\n|switch|p1a: Sneasler|Sneasler, F|100\/100\n|switch|p2a: Ow the Edge|Samurott-Hisui, M, shiny|100\/100\n|turn|7\n|j| Jojospicydong\n|\n|t:|1700445394\n|move|p1a: Sneasler|Close Combat|p2a: Ow the Edge\n|-supereffective|p2a: Ow the Edge\n|-enditem|p2a: Ow the Edge|Focus Sash\n|-damage|p2a: Ow the Edge|1\/100\n|-unboost|p1a: Sneasler|def|1\n|-unboost|p1a: Sneasler|spd|1\n|move|p2a: Ow the Edge|Ceaseless Edge|p1a: Sneasler\n|-resisted|p1a: Sneasler\n|-damage|p1a: Sneasler|41\/100\n|-sidestart|p1: XChuckle762|Spikes\n|\n|upkeep\n|turn|8\n|inactive|ValidJohnSmith has 270 seconds left.\n|\n|t:|1700445405\n|move|p2a: Ow the Edge|Aqua Jet|p1a: Sneasler\n|-damage|p1a: Sneasler|0 fnt\n|faint|p1a: Sneasler\n|\n|upkeep\n|\n|t:|1700445409\n|switch|p1a: Dragonite|Dragonite, M|57\/100\n|turn|9\n|\n|t:|1700445413\n|move|p1a: Dragonite|Extreme Speed|p2a: Ow the Edge\n|-damage|p2a: Ow the Edge|0 fnt\n|faint|p2a: Ow the Edge\n|\n|upkeep\n|inactiveoff|Battle timer is now OFF.\n|l| Jojospicydong\n|\n|t:|1700445437\n|switch|p2a: Ray Romano|Great Tusk|100\/100\n|-enditem|p2a: Ray Romano|Booster Energy\n|-activate|p2a: Ray Romano|ability: Protosynthesis|[fromitem]\n|-start|p2a: Ray Romano|protosynthesisatk\n|turn|10\n|j| Jojospicydong\n|\n|t:|1700445457\n|move|p2a: Ray Romano|Ice Spinner|p1a: Dragonite\n|-supereffective|p1a: Dragonite\n|-damage|p1a: Dragonite|0 fnt\n|faint|p1a: Dragonite\n|\n|upkeep\n|\n|t:|1700445466\n|switch|p1a: Goodra|Goodra-Hisui, M|100\/100\n|-damage|p1a: Goodra|88\/100|[from] Spikes\n|turn|11\n|\n|t:|1700445475\n|move|p2a: Ray Romano|Earthquake|p1a: Goodra\n|-supereffective|p1a: Goodra\n|-damage|p1a: Goodra|0 fnt\n|faint|p1a: Goodra\n|\n|upkeep\n|\n|t:|1700445478\n|switch|p1a: Roaring Moon|Roaring Moon|100\/100\n|-damage|p1a: Roaring Moon|88\/100|[from] Spikes\n|-enditem|p1a: Roaring Moon|Booster Energy\n|-activate|p1a: Roaring Moon|ability: Protosynthesis|[fromitem]\n|-start|p1a: Roaring Moon|protosynthesisatk\n|turn|12\n|\n|t:|1700445491\n|move|p1a: Roaring Moon|Dragon Claw|p2a: Ray Romano\n|-damage|p2a: Ray Romano|53\/100\n|move|p2a: Ray Romano|Ice Spinner|p1a: Roaring Moon\n|-supereffective|p1a: Roaring Moon\n|-damage|p1a: Roaring Moon|0 fnt\n|faint|p1a: Roaring Moon\n|-end|p1a: Roaring Moon|Protosynthesis|[silent]\n|\n|win|ValidJohnSmith\n","uploadtime":1700445501,"views":4,"p1id":"xchuckle762","p2id":"validjohnsmith","formatid":"gen9anythinggoes","rating":0,"private":0,"password":""}