{"id":"gen9anythinggoes-1996685380","p1":"Koibitio","p2":"CanI Win Chat?","format":"[Gen 9] Anything Goes","log":"|j|\u203dKoibitio\n|j|\u2606CanI Win Chat?\n|t:|1700709528\n|gametype|singles\n|player|p1|Koibitio|buck|1499\n|player|p2|CanI Win Chat?|2|1399\n|teamsize|p1|6\n|teamsize|p2|6\n|gen|9\n|tier|[Gen 9] Anything Goes\n|rated|\n|rule|HP Percentage Mod: HP is shown in percentages\n|rule|Endless Battle Clause: Forcing endless battles is banned\n|clearpoke\n|poke|p1|Koraidon|\n|poke|p1|Flutter Mane|\n|poke|p1|Torkoal, F|\n|poke|p1|Chi-Yu|\n|poke|p1|Lilligant-Hisui, F|\n|poke|p1|Maushold-Four|\n|poke|p2|Ribombee, M|\n|poke|p2|Calyrex-Shadow|\n|poke|p2|Zacian-*|\n|poke|p2|Kyogre|\n|poke|p2|Koraidon|\n|poke|p2|Eternatus|\n|teampreview\n|\n|t:|1700709545\n|start\n|switch|p1a: Torkoal|Torkoal, F, shiny|100\/100\n|switch|p2a: Kyogre|Kyogre|100\/100\n|-weather|RainDance|[from] ability: Drizzle|[of] p2a: Kyogre\n|-weather|SunnyDay|[from] ability: Drought|[of] p1a: Torkoal\n|turn|1\n|\n|t:|1700709556\n|switch|p1a: Koraidon|Koraidon|100\/100\n|-activate|p1a: Koraidon|ability: Orichalcum Pulse\n|move|p2a: Kyogre|Water Spout|p1a: Koraidon\n|-resisted|p1a: Koraidon\n|-damage|p1a: Koraidon|78\/100\n|\n|-weather|SunnyDay|[upkeep]\n|upkeep\n|turn|2\n|\n|t:|1700709566\n|switch|p2a: Zacian|Zacian-Crowned|100\/100\n|-ability|p2a: Zacian|Intrepid Sword|boost\n|-boost|p2a: Zacian|atk|1\n|move|p1a: Koraidon|Flame Charge|p2a: Zacian\n|-supereffective|p2a: Zacian\n|-damage|p2a: Zacian|25\/100\n|-boost|p1a: Koraidon|spe|1\n|\n|-weather|SunnyDay|[upkeep]\n|upkeep\n|turn|3\n|\n|t:|1700709571\n|move|p1a: Koraidon|Flame Charge|p2a: Zacian\n|-supereffective|p2a: Zacian\n|-damage|p2a: Zacian|0 fnt\n|-boost|p1a: Koraidon|spe|1\n|faint|p2a: Zacian\n|\n|-weather|SunnyDay|[upkeep]\n|upkeep\n|\n|t:|1700709574\n|switch|p2a: Ribombee|Ribombee, M|100\/100\n|turn|4\n|\n|t:|1700709580\n|-terastallize|p1a: Koraidon|Steel\n|move|p1a: Koraidon|Iron Head|p2a: Ribombee\n|-supereffective|p2a: Ribombee\n|-enditem|p2a: Ribombee|Focus Sash\n|-damage|p2a: Ribombee|1\/100\n|move|p2a: Ribombee|Stun Spore|p1a: Koraidon\n|-status|p1a: Koraidon|par\n|\n|-weather|SunnyDay|[upkeep]\n|upkeep\n|turn|5\n|\n|t:|1700709589\n|move|p1a: Koraidon|Flame Charge|p2a: Ribombee\n|-supereffective|p2a: Ribombee\n|-damage|p2a: Ribombee|0 fnt\n|-boost|p1a: Koraidon|spe|1\n|faint|p2a: Ribombee\n|\n|-weather|SunnyDay|[upkeep]\n|upkeep\n|\n|t:|1700709591\n|switch|p2a: Kyogre|Kyogre|100\/100\n|-weather|RainDance|[from] ability: Drizzle|[of] p2a: Kyogre\n|turn|6\n|\n|t:|1700709597\n|cant|p1a: Koraidon|par\n|move|p2a: Kyogre|Water Spout|p1a: Koraidon\n|-damage|p1a: Koraidon|0 fnt\n|faint|p1a: Koraidon\n|\n|-weather|RainDance|[upkeep]\n|upkeep\n|\n|t:|1700709602\n|switch|p1a: Torkoal|Torkoal, F, shiny|100\/100\n|-weather|SunnyDay|[from] ability: Drought|[of] p1a: Torkoal\n|turn|7\n|\n|t:|1700709606\n|switch|p1a: Lilligant|Lilligant-Hisui, F, shiny|100\/100\n|move|p2a: Kyogre|Water Spout|p1a: Lilligant\n|-resisted|p1a: Lilligant\n|-damage|p1a: Lilligant|67\/100\n|\n|-weather|SunnyDay|[upkeep]\n|upkeep\n|turn|8\n|\n|t:|1700709613\n|switch|p2a: Eternatus|Eternatus|100\/100\n|-ability|p2a: Eternatus|Pressure\n|move|p1a: Lilligant|Solar Blade||[still]\n|-prepare|p1a: Lilligant|Solar Blade\n|-anim|p1a: Lilligant|Solar Blade|p2a: Eternatus\n|-resisted|p2a: Eternatus\n|-damage|p2a: Eternatus|84\/100\n|\n|-weather|SunnyDay|[upkeep]\n|-heal|p2a: Eternatus|90\/100|[from] item: Leftovers\n|upkeep\n|turn|9\n|\n|t:|1700709619\n|switch|p1a: Chi-Yu|Chi-Yu|100\/100\n|-ability|p1a: Chi-Yu|Beads of Ruin\n|move|p2a: Eternatus|Substitute|p2a: Eternatus\n|-start|p2a: Eternatus|Substitute\n|-damage|p2a: Eternatus|65\/100\n|\n|-weather|SunnyDay|[upkeep]\n|-heal|p2a: Eternatus|72\/100|[from] item: Leftovers\n|upkeep\n|turn|10\n|\n|t:|1700709626\n|-terastallize|p2a: Eternatus|Water\n|move|p1a: Chi-Yu|Psychic|p2a: Eternatus\n|-end|p2a: Eternatus|Substitute\n|move|p2a: Eternatus|Dynamax Cannon|p1a: Chi-Yu\n|-damage|p1a: Chi-Yu|40\/100\n|\n|-weather|SunnyDay|[upkeep]\n|-heal|p2a: Eternatus|78\/100|[from] item: Leftovers\n|upkeep\n|turn|11\n|\n|t:|1700709636\n|move|p1a: Chi-Yu|Psychic|p2a: Eternatus\n|-damage|p2a: Eternatus|48\/100\n|move|p2a: Eternatus|Substitute|p2a: Eternatus\n|-start|p2a: Eternatus|Substitute\n|-damage|p2a: Eternatus|23\/100\n|\n|-weather|SunnyDay|[upkeep]\n|-heal|p2a: Eternatus|29\/100|[from] item: Leftovers\n|upkeep\n|turn|12\n|\n|t:|1700709645\n|move|p1a: Chi-Yu|Psychic|p2a: Eternatus\n|-end|p2a: Eternatus|Substitute\n|move|p2a: Eternatus|Recover|p2a: Eternatus\n|-heal|p2a: Eternatus|79\/100\n|\n|-weather|SunnyDay|[upkeep]\n|-heal|p2a: Eternatus|85\/100|[from] item: Leftovers\n|upkeep\n|turn|13\n|\n|t:|1700709653\n|move|p1a: Chi-Yu|Psychic|p2a: Eternatus\n|-damage|p2a: Eternatus|55\/100\n|move|p2a: Eternatus|Dynamax Cannon|p1a: Chi-Yu\n|-damage|p1a: Chi-Yu|0 fnt\n|faint|p1a: Chi-Yu\n|\n|-weather|SunnyDay|[upkeep]\n|-heal|p2a: Eternatus|62\/100|[from] item: Leftovers\n|upkeep\n|inactive|Battle timer is ON: inactive players will automatically lose when time's up. (requested by CanI Win Chat?)\n|\n|t:|1700709663\n|switch|p1a: Lilligant|Lilligant-Hisui, F, shiny|67\/100\n|turn|14\n|\n|t:|1700709666\n|move|p1a: Lilligant|Solar Blade||[still]\n|-prepare|p1a: Lilligant|Solar Blade\n|-anim|p1a: Lilligant|Solar Blade|p2a: Eternatus\n|-supereffective|p2a: Eternatus\n|-damage|p2a: Eternatus|0 fnt\n|faint|p2a: Eternatus\n|\n|-weather|none\n|upkeep\n|\n|t:|1700709670\n|switch|p2a: Koraidon|Koraidon|100\/100\n|-weather|SunnyDay|[from] ability: Orichalcum Pulse|[of] p2a: Koraidon\n|-activate|p2a: Koraidon|Orichalcum Pulse|[source]\n|turn|15\n|\n|t:|1700709674\n|switch|p1a: Torkoal|Torkoal, F, shiny|100\/100\n|move|p2a: Koraidon|Swords Dance|p2a: Koraidon\n|-boost|p2a: Koraidon|atk|2\n|\n|-weather|SunnyDay|[upkeep]\n|upkeep\n|turn|16\n|\n|t:|1700709679\n|move|p2a: Koraidon|Scale Shot|p1a: Torkoal\n|-damage|p1a: Torkoal|81\/100\n|-damage|p1a: Torkoal|60\/100\n|-damage|p1a: Torkoal|38\/100\n|-damage|p1a: Torkoal|17\/100\n|-damage|p1a: Torkoal|0 fnt\n|faint|p1a: Torkoal\n|-hitcount|p1: Torkoal|5\n|-unboost|p2a: Koraidon|def|1\n|-boost|p2a: Koraidon|spe|1\n|\n|-weather|SunnyDay|[upkeep]\n|upkeep\n|\n|t:|1700709685\n|switch|p1a: Flutter Mane|Flutter Mane|100\/100\n|-activate|p1a: Flutter Mane|ability: Protosynthesis\n|-start|p1a: Flutter Mane|protosynthesisspe\n|turn|17\n|\n|t:|1700709694\n|switch|p2a: Kyogre|Kyogre|100\/100\n|-weather|RainDance|[from] ability: Drizzle|[of] p2a: Kyogre\n|-end|p1a: Flutter Mane|Protosynthesis\n|move|p1a: Flutter Mane|Moonblast|p2a: Kyogre\n|-damage|p2a: Kyogre|40\/100\n|\n|-weather|RainDance|[upkeep]\n|upkeep\n|turn|18\n|\n|t:|1700709697\n|move|p2a: Kyogre|Origin Pulse|p1a: Flutter Mane\n|-damage|p1a: Flutter Mane|0 fnt\n|faint|p1a: Flutter Mane\n|-end|p1a: Flutter Mane|Protosynthesis|[silent]\n|\n|-weather|RainDance|[upkeep]\n|upkeep\n|\n|t:|1700709703\n|switch|p1a: Lilligant|Lilligant-Hisui, F, shiny|67\/100\n|turn|19\n|\n|t:|1700709717\n|move|p2a: Kyogre|Origin Pulse|p1a: Lilligant\n|-resisted|p1a: Lilligant\n|-damage|p1a: Lilligant|0 fnt\n|faint|p1a: Lilligant\n|\n|-weather|RainDance|[upkeep]\n|upkeep\n|\n|t:|1700709719\n|switch|p1a: Maushold|Maushold-Four|100\/100\n|turn|20\n|\n|t:|1700709723\n|move|p2a: Kyogre|Origin Pulse|p1a: Maushold|[miss]\n|-miss|p2a: Kyogre|p1a: Maushold\n|move|p1a: Maushold|Tidy Up|p1a: Maushold\n|-boost|p1a: Maushold|atk|1\n|-boost|p1a: Maushold|spe|1\n|\n|-weather|RainDance|[upkeep]\n|upkeep\n|turn|21\n|\n|t:|1700709728\n|move|p1a: Maushold|Population Bomb|p2a: Kyogre\n|-damage|p2a: Kyogre|23\/100\n|-hitcount|p2a: Kyogre|1\n|move|p2a: Kyogre|Origin Pulse|p1a: Maushold\n|-damage|p1a: Maushold|0 fnt\n|faint|p1a: Maushold\n|\n|win|CanI Win Chat?\n|raw|Koibitio's rating: 1499 &rarr; <strong>1473<\/strong><br \/>(-26 for losing)\n|raw|CanI Win Chat?'s rating: 1399 &rarr; <strong>1425<\/strong><br \/>(+26 for winning)\n","uploadtime":1700709734,"views":0,"p1id":"koibitio","p2id":"caniwinchat","formatid":"gen9anythinggoes","rating":1425,"private":0,"password":""}