{"id":"gen9anythinggoes-1986497755","p1":"ReKirby","p2":"Genwunfun","format":"[Gen 9] Anything Goes","log":"|j|\u2606ReKirby\n|j|\u2606Genwunfun\n|t:|1699485122\n|gametype|singles\n|player|p1|ReKirby|kieran|1080\n|player|p2|Genwunfun|red|1172\n|teamsize|p1|6\n|teamsize|p2|6\n|gen|9\n|tier|[Gen 9] Anything Goes\n|rated|\n|rule|HP Percentage Mod: HP is shown in percentages\n|rule|Endless Battle Clause: Forcing endless battles is banned\n|clearpoke\n|poke|p1|Shaymin-Sky|\n|poke|p1|Spectrier|\n|poke|p1|Zacian-*|\n|poke|p1|Baxcalibur, M|\n|poke|p1|Espathra, M|\n|poke|p1|Ogerpon-Hearthflame, F|\n|poke|p2|Palafin, F|\n|poke|p2|Landorus-Therian, M|\n|poke|p2|Samurott-Hisui, M|\n|poke|p2|Empoleon, M|\n|poke|p2|Poliwrath, M|\n|poke|p2|Jirachi|\n|teampreview\n|inactive|Battle timer is ON: inactive players will automatically lose when time's up. (requested by ReKirby)\n|inactive|Genwunfun has 120 seconds left.\n|\n|t:|1699485157\n|start\n|switch|p1a: No Moving For Ya|Shaymin-Sky, shiny|100\/100\n|switch|p2a: Palafin|Palafin, F, shiny|100\/100\n|turn|1\n|\n|t:|1699485170\n|detailschange|p2a: Palafin|Palafin-Hero, F, shiny\n|switch|p2a: Landorus|Landorus-Therian, M|100\/100\n|-ability|p2a: Landorus|Intimidate|boost\n|-unboost|p1a: No Moving For Ya|atk|1\n|move|p1a: No Moving For Ya|Air Slash|p2a: Landorus\n|-damage|p2a: Landorus|59\/100\n|\n|upkeep\n|turn|2\n|\n|t:|1699485183\n|move|p1a: No Moving For Ya|Air Slash|p2a: Landorus\n|-damage|p2a: Landorus|17\/100\n|cant|p2a: Landorus|flinch\n|\n|upkeep\n|turn|3\n|\n|t:|1699485188\n|move|p1a: No Moving For Ya|Air Slash|p2a: Landorus\n|-damage|p2a: Landorus|0 fnt\n|faint|p2a: Landorus\n|\n|upkeep\n|\n|t:|1699485194\n|switch|p2a: Jirachi|Jirachi|100\/100\n|turn|4\n|\n|t:|1699485197\n|move|p1a: No Moving For Ya|Air Slash|p2a: Jirachi\n|-resisted|p2a: Jirachi\n|-damage|p2a: Jirachi|81\/100\n|cant|p2a: Jirachi|flinch\n|\n|upkeep\n|turn|5\n|\n|t:|1699485202\n|move|p1a: No Moving For Ya|Air Slash|p2a: Jirachi\n|-resisted|p2a: Jirachi\n|-damage|p2a: Jirachi|64\/100\n|move|p2a: Jirachi|Thunder Wave|p1a: No Moving For Ya|[miss]\n|-miss|p2a: Jirachi|p1a: No Moving For Ya\n|\n|upkeep\n|turn|6\n|\n|t:|1699485209\n|move|p1a: No Moving For Ya|Air Slash|p2a: Jirachi\n|-resisted|p2a: Jirachi\n|-damage|p2a: Jirachi|47\/100\n|cant|p2a: Jirachi|flinch\n|\n|upkeep\n|turn|7\n|\n|t:|1699485215\n|move|p1a: No Moving For Ya|Leech Seed|p2a: Jirachi\n|-start|p2a: Jirachi|move: Leech Seed\n|move|p2a: Jirachi|Thunder Wave|p1a: No Moving For Ya|[miss]\n|-miss|p2a: Jirachi|p1a: No Moving For Ya\n|\n|-damage|p2a: Jirachi|34\/100|[from] Leech Seed|[of] p1a: No Moving For Ya\n|upkeep\n|turn|8\n|\n|t:|1699485222\n|move|p1a: No Moving For Ya|Substitute|p1a: No Moving For Ya\n|-start|p1a: No Moving For Ya|Substitute\n|-damage|p1a: No Moving For Ya|76\/100\n|move|p2a: Jirachi|Thunder Wave||[still]\n|-fail|p2a: Jirachi\n|\n|-heal|p1a: No Moving For Ya|82\/100|[from] item: Leftovers\n|-damage|p2a: Jirachi|22\/100|[from] Leech Seed|[of] p1a: No Moving For Ya\n|-heal|p1a: No Moving For Ya|94\/100|[silent]\n|upkeep\n|turn|9\n|\n|t:|1699485228\n|move|p1a: No Moving For Ya|Air Slash|p2a: Jirachi\n|-resisted|p2a: Jirachi\n|-damage|p2a: Jirachi|4\/100\n|cant|p2a: Jirachi|flinch\n|\n|-heal|p1a: No Moving For Ya|99\/100|[from] item: Leftovers\n|-damage|p2a: Jirachi|0 fnt|[from] Leech Seed|[of] p1a: No Moving For Ya\n|-heal|p1a: No Moving For Ya|100\/100|[silent]\n|faint|p2a: Jirachi\n|upkeep\n|\n|t:|1699485239\n|switch|p2a: Empoleon|Empoleon, M|100\/100\n|turn|10\n|\n|t:|1699485243\n|move|p1a: No Moving For Ya|Leech Seed|p2a: Empoleon\n|-start|p2a: Empoleon|move: Leech Seed\n|move|p2a: Empoleon|Flip Turn|p1a: No Moving For Ya\n|-resisted|p1a: No Moving For Ya\n|-activate|p1a: No Moving For Ya|move: Substitute|[damage]\n|\n|t:|1699485253\n|switch|p2a: Palafin|Palafin-Hero, F, shiny|100\/100|[from] Flip Turn\n|-activate|p2a: Palafin|ability: Zero to Hero\n|\n|upkeep\n|turn|11\n|\n|t:|1699485256\n|move|p1a: No Moving For Ya|Air Slash|p2a: Palafin\n|-damage|p2a: Palafin|60\/100\n|move|p2a: Palafin|Boomburst|p1a: No Moving For Ya\n|-damage|p1a: No Moving For Ya|54\/100\n|\n|-heal|p1a: No Moving For Ya|61\/100|[from] item: Leftovers\n|upkeep\n|turn|12\n|\n|t:|1699485266\n|switch|p2a: Empoleon|Empoleon, M|100\/100\n|move|p1a: No Moving For Ya|Air Slash|p2a: Empoleon\n|-resisted|p2a: Empoleon\n|-damage|p2a: Empoleon|87\/100\n|\n|-heal|p1a: No Moving For Ya|67\/100|[from] item: Leftovers\n|-heal|p2a: Empoleon|94\/100|[from] item: Leftovers\n|upkeep\n|turn|13\n|\n|t:|1699485272\n|move|p1a: No Moving For Ya|Seed Flare|p2a: Empoleon|[miss]\n|-miss|p1a: No Moving For Ya|p2a: Empoleon\n|move|p2a: Empoleon|Flash Cannon|p1a: No Moving For Ya\n|-end|p1a: No Moving For Ya|Substitute\n|\n|-heal|p1a: No Moving For Ya|73\/100|[from] item: Leftovers\n|-heal|p2a: Empoleon|99\/100|[from] item: Leftovers\n|upkeep\n|turn|14\n|\n|t:|1699485284\n|move|p1a: No Moving For Ya|Seed Flare|p2a: Empoleon|[miss]\n|-miss|p1a: No Moving For Ya|p2a: Empoleon\n|move|p2a: Empoleon|Yawn|p1a: No Moving For Ya\n|-start|p1a: No Moving For Ya|move: Yawn|[of] p2a: Empoleon\n|\n|-heal|p1a: No Moving For Ya|79\/100|[from] item: Leftovers\n|-heal|p2a: Empoleon|100\/100|[from] item: Leftovers\n|upkeep\n|turn|15\n|\n|t:|1699485292\n|move|p1a: No Moving For Ya|Seed Flare|p2a: Empoleon\n|-damage|p2a: Empoleon|63\/100\n|move|p2a: Empoleon|Flip Turn|p1a: No Moving For Ya\n|-resisted|p1a: No Moving For Ya\n|-damage|p1a: No Moving For Ya|67\/100\n|\n|t:|1699485298\n|switch|p2a: Poliwrath|Poliwrath, M|100\/100|[from] Flip Turn\n|\n|-heal|p1a: No Moving For Ya|73\/100|[from] item: Leftovers\n|-end|p1a: No Moving For Ya|move: Yawn|[silent]\n|-status|p1a: No Moving For Ya|slp\n|upkeep\n|turn|16\n|\n|t:|1699485306\n|switch|p1a: ALLHAILOGERPON|Ogerpon-Hearthflame, F|100\/100\n|-ability|p1a: ALLHAILOGERPON|Mold Breaker\n|move|p2a: Poliwrath|Substitute|p2a: Poliwrath\n|-start|p2a: Poliwrath|Substitute\n|-damage|p2a: Poliwrath|75\/100\n|\n|upkeep\n|turn|17\n|\n|t:|1699485317\n|move|p1a: ALLHAILOGERPON|Swords Dance|p1a: ALLHAILOGERPON\n|-boost|p1a: ALLHAILOGERPON|atk|2\n|move|p2a: Poliwrath|Belly Drum|p2a: Poliwrath\n|-damage|p2a: Poliwrath|25\/100\n|-setboost|p2a: Poliwrath|atk|6|[from] move: Belly Drum\n|\n|upkeep\n|turn|18\n|\n|t:|1699485323\n|move|p1a: ALLHAILOGERPON|Trailblaze|p2a: Poliwrath\n|-supereffective|p2a: Poliwrath\n|-end|p2a: Poliwrath|Substitute\n|-boost|p1a: ALLHAILOGERPON|spe|1\n|move|p2a: Poliwrath|Baton Pass|p2a: Poliwrath\n|c|\u2606Genwunfun|Oh boy\n|\n|t:|1699485337\n|switch|p2a: Palafin|Palafin-Hero, F, shiny|60\/100|[from] Baton Pass\n|\n|upkeep\n|turn|19\n|\n|t:|1699485349\n|move|p2a: Palafin|Jet Punch|p1a: ALLHAILOGERPON\n|-damage|p1a: ALLHAILOGERPON|0 fnt\n|faint|p1a: ALLHAILOGERPON\n|\n|upkeep\n|\n|t:|1699485361\n|switch|p1a: I GO BRRRRR|Espathra, M|100\/100\n|turn|20\n|\n|t:|1699485366\n|move|p2a: Palafin|Jet Punch|p1a: I GO BRRRRR\n|-damage|p1a: I GO BRRRRR|0 fnt\n|faint|p1a: I GO BRRRRR\n|\n|upkeep\n|\n|t:|1699485373\n|switch|p1a: Ice Godzilla|Baxcalibur, M|100\/100\n|turn|21\n|\n|t:|1699485377\n|-terastallize|p2a: Palafin|Water\n|move|p2a: Palafin|Jet Punch|p1a: Ice Godzilla\n|-resisted|p1a: Ice Godzilla\n|-damage|p1a: Ice Godzilla|0 fnt\n|faint|p1a: Ice Godzilla\n|\n|upkeep\n|c|\u2606ReKirby|nope\n|-message|ReKirby forfeited.\n|\n|win|Genwunfun\n|raw|ReKirby's rating: 1080 &rarr; <strong>1064<\/strong><br \/>(-16 for losing)\n|raw|Genwunfun's rating: 1172 &rarr; <strong>1191<\/strong><br \/>(+19 for winning)\n|l|\u2606ReKirby\n","uploadtime":1699485583,"views":12,"p1id":"rekirby","p2id":"genwunfun","formatid":"gen9anythinggoes","rating":1064,"private":0,"password":""}