{"id":"gen9anythinggoes-1993174019","p1":"Mattattac","p2":"LingLing007","format":"[Gen 9] Anything Goes","log":"|j|\u2606Mattattac\n|j|\u2606LingLing007\n|t:|1700273822\n|gametype|singles\n|player|p1|Mattattac|nate|1284\n|player|p2|LingLing007|proton|1196\n|teamsize|p1|6\n|teamsize|p2|6\n|gen|9\n|tier|[Gen 9] Anything Goes\n|rated|\n|rule|HP Percentage Mod: HP is shown in percentages\n|rule|Endless Battle Clause: Forcing endless battles is banned\n|clearpoke\n|poke|p1|Calyrex-Shadow|\n|poke|p1|Volcarona, M|\n|poke|p1|Darkrai|\n|poke|p1|Espathra, F|\n|poke|p1|Kyogre|\n|poke|p1|Dragapult, M|\n|poke|p2|Toxapex, M|\n|poke|p2|Slowking-Galar, M|\n|poke|p2|Amoonguss, F|\n|poke|p2|Slowbro-Galar, M|\n|poke|p2|Weezing-Galar, M|\n|poke|p2|Sneasler, F|\n|teampreview\n|inactive|Battle timer is ON: inactive players will automatically lose when time's up. (requested by Mattattac)\n|c|\u2606Mattattac|yo\n|inactive|Mattattac has 120 seconds left.\n|\n|t:|1700273855\n|start\n|switch|p1a: Espathra|Espathra, F, shiny|100\/100\n|switch|p2a: Toxapex|Toxapex, M|100\/100\n|turn|1\n|\n|t:|1700273860\n|move|p1a: Espathra|Calm Mind|p1a: Espathra\n|-boost|p1a: Espathra|spa|1\n|-boost|p1a: Espathra|spd|1\n|move|p2a: Toxapex|Infestation|p1a: Espathra\n|-supereffective|p1a: Espathra\n|-damage|p1a: Espathra|94\/100\n|-activate|p1a: Espathra|move: Infestation|[of] p2a: Toxapex\n|-enditem|p1a: Espathra|Weakness Policy\n|-boost|p1a: Espathra|atk|2|[from] item: Weakness Policy\n|-boost|p1a: Espathra|spa|2|[from] item: Weakness Policy\n|\n|-damage|p1a: Espathra|81\/100|[from] move: Infestation|[partiallytrapped]\n|-ability|p1a: Espathra|Speed Boost|boost\n|-boost|p1a: Espathra|spe|1\n|upkeep\n|turn|2\n|\n|t:|1700273863\n|move|p1a: Espathra|Psychic|p2a: Toxapex\n|-supereffective|p2a: Toxapex\n|-damage|p2a: Toxapex|0 fnt\n|faint|p2a: Toxapex\n|\n|-end|p1a: Espathra|Infestation|[partiallytrapped]|[silent]\n|-ability|p1a: Espathra|Speed Boost|boost\n|-boost|p1a: Espathra|spe|1\n|upkeep\n|\n|t:|1700273867\n|switch|p2a: Slowking|Slowking-Galar, M|100\/100\n|turn|3\n|c|\u2606Mattattac|thanks for the boost lol\n|\n|t:|1700273874\n|move|p1a: Espathra|Psychic|p2a: Slowking\n|-damage|p2a: Slowking|59\/100\n|move|p2a: Slowking|Earthquake|p1a: Espathra\n|-damage|p1a: Espathra|57\/100\n|\n|-ability|p1a: Espathra|Speed Boost|boost\n|-boost|p1a: Espathra|spe|1\n|upkeep\n|turn|4\n|\n|t:|1700273895\n|move|p1a: Espathra|Psychic|p2a: Slowking\n|-damage|p2a: Slowking|20\/100\n|move|p2a: Slowking|Earthquake|p1a: Espathra\n|-damage|p1a: Espathra|33\/100\n|\n|-ability|p1a: Espathra|Speed Boost|boost\n|-boost|p1a: Espathra|spe|1\n|upkeep\n|turn|5\n|\n|t:|1700273898\n|move|p1a: Espathra|Psychic|p2a: Slowking\n|-damage|p2a: Slowking|0 fnt\n|faint|p2a: Slowking\n|\n|-ability|p1a: Espathra|Speed Boost|boost\n|-boost|p1a: Espathra|spe|1\n|upkeep\n|\n|t:|1700273900\n|switch|p2a: Sneasler|Sneasler, F|100\/100\n|turn|6\n|\n|t:|1700273905\n|move|p1a: Espathra|Baton Pass|p1a: Espathra\n|\n|t:|1700273919\n|switch|p1a: Dragapult|Dragapult, M, shiny|100\/100|[from] Baton Pass\n|move|p2a: Sneasler|Swords Dance|p2a: Sneasler\n|-boost|p2a: Sneasler|atk|2\n|\n|upkeep\n|turn|7\n|\n|t:|1700273929\n|-terastallize|p1a: Dragapult|Steel\n|move|p1a: Dragapult|Dragon Darts|p2a: Sneasler\n|-damage|p2a: Sneasler|12\/100\n|-anim|p1a: Dragapult|Dragon Darts|p2a: Sneasler\n|-damage|p2a: Sneasler|0 fnt\n|faint|p2a: Sneasler\n|\n|upkeep\n|\n|t:|1700273935\n|switch|p2a: Weezing|Weezing-Galar, M|100\/100\n|turn|8\n|\n|t:|1700273939\n|move|p1a: Dragapult|Tera Blast|p2a: Weezing|[anim] Tera Blast Steel\n|-supereffective|p2a: Weezing\n|-damage|p2a: Weezing|0 fnt\n|faint|p2a: Weezing\n|\n|upkeep\n|\n|t:|1700273941\n|switch|p2a: Slowbro|Slowbro-Galar, M|100\/100\n|turn|9\n|c|\u2606Mattattac|gg\n|-message|LingLing007 forfeited.\n|\n|win|Mattattac\n|raw|Mattattac's rating: 1284 &rarr; <strong>1303<\/strong><br \/>(+19 for winning)\n|raw|LingLing007's rating: 1196 &rarr; <strong>1177<\/strong><br \/>(-19 for losing)\n|l|\u2606LingLing007\n","uploadtime":1700273947,"views":5,"p1id":"mattattac","p2id":"lingling007","formatid":"gen9anythinggoes","rating":1177,"private":0,"password":""}