{"id":"gen9anythinggoes-1983962080","p1":"Cuh42069","p2":"hshhhdhduhc","format":"[Gen 9] Anything Goes","log":"|j|\u2606Cuh42069\n|j|\u2606hshhhdhduhc\n|t:|1699204537\n|gametype|singles\n|player|p1|Cuh42069|lucas|1167\n|player|p2|hshhhdhduhc|silver|1087\n|teamsize|p1|6\n|teamsize|p2|6\n|gen|9\n|tier|[Gen 9] Anything Goes\n|rated|\n|rule|HP Percentage Mod: HP is shown in percentages\n|rule|Endless Battle Clause: Forcing endless battles is banned\n|clearpoke\n|poke|p1|Houndstone, F|\n|poke|p1|Bellibolt, F|\n|poke|p1|Mudsdale, F|\n|poke|p1|Farigiraf, F|\n|poke|p1|Scizor, M|\n|poke|p1|Starly, L1, F|\n|poke|p2|Milotic, M|\n|poke|p2|Gliscor, F|\n|poke|p2|Annihilape, F|\n|poke|p2|Calyrex-Ice|\n|poke|p2|Breloom, F|\n|poke|p2|Clodsire, F|\n|teampreview\n|c|\u2606Cuh42069|Good luck don't have fun\n|\n|t:|1699204556\n|start\n|switch|p1a: Farigiraf|Farigiraf, F|100\/100\n|switch|p2a: Annihilape|Annihilape, F|100\/100\n|turn|1\n|c|\u2606hshhhdhduhc|bro what\n|\n|t:|1699204563\n|move|p2a: Annihilape|Bulk Up|p2a: Annihilape\n|-boost|p2a: Annihilape|atk|1\n|-boost|p2a: Annihilape|def|1\n|move|p1a: Farigiraf|Trick Room|p1a: Farigiraf\n|-fieldstart|move: Trick Room|[of] p1a: Farigiraf\n|\n|upkeep\n|turn|2\n|\n|t:|1699204574\n|move|p1a: Farigiraf|Shadow Ball|p2a: Annihilape\n|-supereffective|p2a: Annihilape\n|-damage|p2a: Annihilape|57\/100\n|-unboost|p2a: Annihilape|spd|1\n|move|p2a: Annihilape|Bulk Up|p2a: Annihilape\n|-boost|p2a: Annihilape|atk|1\n|-boost|p2a: Annihilape|def|1\n|\n|-heal|p2a: Annihilape|63\/100|[from] item: Leftovers\n|upkeep\n|turn|3\n|c|\u2606Cuh42069|This is war between us\n|c|\u2606Cuh42069|No time for fun\n|c|\u2606hshhhdhduhc|dont care bro just box\n|c|\u2606Cuh42069|Anyway may the best trainer win\n|c|\u2606Cuh42069|Aight bet\n|\n|t:|1699204623\n|move|p1a: Farigiraf|Shadow Ball|p2a: Annihilape\n|-supereffective|p2a: Annihilape\n|-damage|p2a: Annihilape|4\/100\n|move|p2a: Annihilape|Rage Fist|p1a: Farigiraf\n|-immune|p1a: Farigiraf\n|\n|-heal|p2a: Annihilape|10\/100|[from] item: Leftovers\n|upkeep\n|turn|4\n|c|\u2606hshhhdhduhc|are u deadass\n|\n|t:|1699204637\n|move|p1a: Farigiraf|Shadow Ball|p2a: Annihilape\n|-supereffective|p2a: Annihilape\n|-damage|p2a: Annihilape|0 fnt\n|faint|p2a: Annihilape\n|\n|upkeep\n|\n|t:|1699204652\n|switch|p2a: Callie|Calyrex-Ice|100\/100\n|-ability|p2a: Callie|As One\n|-ability|p2a: Callie|Unnerve\n|turn|5\n|\n|t:|1699204660\n|move|p2a: Callie|Ice Beam|p1a: Farigiraf\n|-damage|p1a: Farigiraf|66\/100\n|move|p1a: Farigiraf|Shadow Ball|p2a: Callie\n|-supereffective|p2a: Callie\n|-damage|p2a: Callie|69\/100\n|-enditem|p2a: Callie|Weakness Policy\n|-boost|p2a: Callie|atk|2|[from] item: Weakness Policy\n|-boost|p2a: Callie|spa|2|[from] item: Weakness Policy\n|\n|-fieldend|move: Trick Room\n|upkeep\n|turn|6\n|c|\u2606Cuh42069|Just give it your all\n|\n|t:|1699204677\n|move|p1a: Farigiraf|Shadow Ball|p2a: Callie\n|-supereffective|p2a: Callie\n|-damage|p2a: Callie|39\/100\n|move|p2a: Callie|Ice Beam|p1a: Farigiraf\n|-damage|p1a: Farigiraf|0 fnt\n|faint|p1a: Farigiraf\n|-ability|p2a: Callie|Chilling Neigh|boost\n|-boost|p2a: Callie|atk|1\n|\n|upkeep\n|\n|t:|1699204686\n|switch|p1a: Scizor|Scizor, M|100\/100\n|turn|7\n|\n|t:|1699204691\n|move|p1a: Scizor|Bullet Punch|p2a: Callie\n|-supereffective|p2a: Callie\n|-damage|p2a: Callie|0 fnt\n|faint|p2a: Callie\n|\n|upkeep\n|\n|t:|1699204724\n|switch|p2a: Clyde|Clodsire, F, shiny|100\/100\n|turn|8\n|\n|t:|1699204730\n|move|p1a: Scizor|Night Slash|p2a: Clyde\n|-damage|p2a: Clyde|81\/100\n|move|p2a: Clyde|Toxic|p1a: Scizor\n|-immune|p1a: Scizor\n|\n|-heal|p2a: Clyde|87\/100|[from] item: Black Sludge\n|upkeep\n|turn|9\n|c|\u2606hshhhdhduhc|bro these random ass immunites\n|\n|t:|1699204747\n|switch|p1a: Mudsdale|Mudsdale, F|100\/100\n|move|p2a: Clyde|Stockpile|p2a: Clyde\n|-start|p2a: Clyde|stockpile1\n|-boost|p2a: Clyde|def|1\n|-boost|p2a: Clyde|spd|1\n|\n|-heal|p2a: Clyde|93\/100|[from] item: Black Sludge\n|upkeep\n|turn|10\n|\n|t:|1699204757\n|move|p1a: Mudsdale|Earthquake|p2a: Clyde\n|-supereffective|p2a: Clyde\n|-damage|p2a: Clyde|35\/100\n|move|p2a: Clyde|Stockpile|p2a: Clyde\n|-start|p2a: Clyde|stockpile2\n|-boost|p2a: Clyde|def|1\n|-boost|p2a: Clyde|spd|1\n|\n|-heal|p2a: Clyde|41\/100|[from] item: Black Sludge\n|upkeep\n|turn|11\n|\n|t:|1699204765\n|move|p1a: Mudsdale|Earthquake|p2a: Clyde\n|-supereffective|p2a: Clyde\n|-damage|p2a: Clyde|1\/100\n|move|p2a: Clyde|Recover|p2a: Clyde\n|-heal|p2a: Clyde|51\/100\n|\n|-heal|p2a: Clyde|57\/100|[from] item: Black Sludge\n|upkeep\n|turn|12\n|\n|t:|1699204776\n|move|p1a: Mudsdale|Earthquake|p2a: Clyde\n|-supereffective|p2a: Clyde\n|-damage|p2a: Clyde|10\/100\n|move|p2a: Clyde|Recover|p2a: Clyde\n|-heal|p2a: Clyde|60\/100\n|\n|-heal|p2a: Clyde|67\/100|[from] item: Black Sludge\n|upkeep\n|turn|13\n|\n|t:|1699204787\n|move|p1a: Mudsdale|Earthquake|p2a: Clyde\n|-supereffective|p2a: Clyde\n|-damage|p2a: Clyde|22\/100\n|move|p2a: Clyde|Recover|p2a: Clyde\n|-heal|p2a: Clyde|72\/100\n|\n|-heal|p2a: Clyde|79\/100|[from] item: Black Sludge\n|upkeep\n|turn|14\n|\n|t:|1699204797\n|move|p1a: Mudsdale|Earthquake|p2a: Clyde\n|-supereffective|p2a: Clyde\n|-damage|p2a: Clyde|34\/100\n|move|p2a: Clyde|Recover|p2a: Clyde\n|-heal|p2a: Clyde|84\/100\n|\n|-heal|p2a: Clyde|90\/100|[from] item: Black Sludge\n|upkeep\n|turn|15\n|\n|t:|1699204807\n|move|p1a: Mudsdale|Earthquake|p2a: Clyde\n|-supereffective|p2a: Clyde\n|-damage|p2a: Clyde|50\/100\n|move|p2a: Clyde|Recover|p2a: Clyde\n|-heal|p2a: Clyde|99\/100\n|\n|-heal|p2a: Clyde|100\/100|[from] item: Black Sludge\n|upkeep\n|turn|16\n|\n|t:|1699204814\n|switch|p1a: Scizor|Scizor, M|100\/100\n|move|p2a: Clyde|Stockpile|p2a: Clyde\n|-start|p2a: Clyde|stockpile3\n|-boost|p2a: Clyde|def|1\n|-boost|p2a: Clyde|spd|1\n|\n|upkeep\n|turn|17\n|\n|t:|1699204822\n|move|p1a: Scizor|Night Slash|p2a: Clyde\n|-damage|p2a: Clyde|91\/100\n|move|p2a: Clyde|Bulldoze|p1a: Scizor\n|-damage|p1a: Scizor|84\/100\n|-unboost|p1a: Scizor|spe|1\n|-enditem|p1a: Scizor|Red Card|[of] p2a: Clyde\n|drag|p2a: Milo|Milotic, M, shiny|100\/100\n|\n|upkeep\n|turn|18\n|\n|t:|1699204835\n|move|p2a: Milo|Ice Beam|p1a: Scizor\n|-resisted|p1a: Scizor\n|-damage|p1a: Scizor|71\/100\n|move|p1a: Scizor|Acrobatics|p2a: Milo\n|-damage|p2a: Milo|67\/100\n|\n|-heal|p2a: Milo|73\/100|[from] item: Leftovers\n|upkeep\n|turn|19\n|c|\u2606Cuh42069|\ud83d\ude08\n|\n|t:|1699204845\n|move|p2a: Milo|Scald|p1a: Scizor\n|-damage|p1a: Scizor|37\/100\n|move|p1a: Scizor|Acrobatics|p2a: Milo\n|-damage|p2a: Milo|42\/100\n|\n|-heal|p2a: Milo|48\/100|[from] item: Leftovers\n|upkeep\n|turn|20\n|\n|t:|1699204854\n|move|p2a: Milo|Scald|p1a: Scizor\n|-damage|p1a: Scizor|1\/100\n|move|p1a: Scizor|Acrobatics|p2a: Milo\n|-damage|p2a: Milo|15\/100\n|\n|-heal|p2a: Milo|22\/100|[from] item: Leftovers\n|upkeep\n|turn|21\n|\n|t:|1699204862\n|move|p1a: Scizor|Bullet Punch|p2a: Milo\n|-resisted|p2a: Milo\n|-damage|p2a: Milo|8\/100\n|move|p2a: Milo|Scald|p1a: Scizor\n|-damage|p1a: Scizor|0 fnt\n|faint|p1a: Scizor\n|\n|-heal|p2a: Milo|14\/100|[from] item: Leftovers\n|upkeep\n|c|\u2606hshhhdhduhc|LOL\n|\n|t:|1699204868\n|switch|p1a: Bellibolt|Bellibolt, F|100\/100\n|turn|22\n|c|\u2606hshhhdhduhc|LOLOLOLOL\n|\n|t:|1699204875\n|move|p2a: Milo|Recover|p2a: Milo\n|-heal|p2a: Milo|64\/100\n|move|p1a: Bellibolt|Parabolic Charge|p2a: Milo\n|-supereffective|p2a: Milo\n|-damage|p2a: Milo|34\/100\n|\n|-heal|p2a: Milo|40\/100|[from] item: Leftovers\n|upkeep\n|turn|23\n|\n|t:|1699204882\n|move|p2a: Milo|Recover|p2a: Milo\n|-heal|p2a: Milo|90\/100\n|move|p1a: Bellibolt|Parabolic Charge|p2a: Milo\n|-supereffective|p2a: Milo\n|-damage|p2a: Milo|58\/100\n|\n|-heal|p2a: Milo|64\/100|[from] item: Leftovers\n|upkeep\n|turn|24\n|\n|t:|1699204890\n|move|p2a: Milo|Recover|p2a: Milo\n|-heal|p2a: Milo|100\/100\n|move|p1a: Bellibolt|Parabolic Charge|p2a: Milo\n|-supereffective|p2a: Milo\n|-damage|p2a: Milo|70\/100\n|\n|-heal|p2a: Milo|76\/100|[from] item: Leftovers\n|upkeep\n|turn|25\n|\n|t:|1699204898\n|-terastallize|p2a: Milo|Ice\n|move|p2a: Milo|Ice Beam|p1a: Bellibolt\n|-damage|p1a: Bellibolt|70\/100\n|-status|p1a: Bellibolt|frz\n|-start|p1a: Bellibolt|Charge|Ice Beam|[from] ability: Electromorphosis\n|cant|p1a: Bellibolt|frz\n|-end|p1a: Bellibolt|Charge|[silent]\n|\n|-heal|p2a: Milo|82\/100|[from] item: Leftovers\n|-heal|p1a: Bellibolt|76\/100 frz|[from] item: Leftovers\n|upkeep\n|turn|26\n|\n|t:|1699204909\n|move|p2a: Milo|Ice Beam|p1a: Bellibolt\n|-damage|p1a: Bellibolt|45\/100 frz\n|-start|p1a: Bellibolt|Charge|Ice Beam|[from] ability: Electromorphosis\n|cant|p1a: Bellibolt|frz\n|-end|p1a: Bellibolt|Charge|[silent]\n|\n|-heal|p2a: Milo|88\/100|[from] item: Leftovers\n|-heal|p1a: Bellibolt|51\/100 frz|[from] item: Leftovers\n|upkeep\n|turn|27\n|\n|t:|1699204919\n|move|p2a: Milo|Ice Beam|p1a: Bellibolt\n|-damage|p1a: Bellibolt|23\/100 frz\n|-start|p1a: Bellibolt|Charge|Ice Beam|[from] ability: Electromorphosis\n|cant|p1a: Bellibolt|frz\n|-end|p1a: Bellibolt|Charge|[silent]\n|\n|-heal|p2a: Milo|94\/100|[from] item: Leftovers\n|-heal|p1a: Bellibolt|29\/100 frz|[from] item: Leftovers\n|upkeep\n|turn|28\n|\n|t:|1699204933\n|-curestatus|p1a: Bellibolt|frz|[msg]\n|move|p1a: Bellibolt|Protect|p1a: Bellibolt\n|-singleturn|p1a: Bellibolt|Protect\n|move|p2a: Milo|Ice Beam|p1a: Bellibolt\n|-activate|p1a: Bellibolt|move: Protect\n|\n|-heal|p2a: Milo|100\/100|[from] item: Leftovers\n|-heal|p1a: Bellibolt|35\/100|[from] item: Leftovers\n|upkeep\n|turn|29\n|\n|t:|1699204943\n|move|p2a: Milo|Ice Beam|p1a: Bellibolt\n|-damage|p1a: Bellibolt|8\/100\n|-start|p1a: Bellibolt|Charge|Ice Beam|[from] ability: Electromorphosis\n|move|p1a: Bellibolt|Parabolic Charge|p2a: Milo\n|-damage|p2a: Milo|67\/100\n|-heal|p1a: Bellibolt|23\/100|[from] drain|[of] p2a: Milo\n|-end|p1a: Bellibolt|Charge|[silent]\n|\n|-heal|p2a: Milo|73\/100|[from] item: Leftovers\n|-heal|p1a: Bellibolt|30\/100|[from] item: Leftovers\n|upkeep\n|turn|30\n|\n|t:|1699204954\n|move|p1a: Bellibolt|Protect|p1a: Bellibolt\n|-singleturn|p1a: Bellibolt|Protect\n|move|p2a: Milo|Ice Beam|p1a: Bellibolt\n|-activate|p1a: Bellibolt|move: Protect\n|\n|-heal|p2a: Milo|79\/100|[from] item: Leftovers\n|-heal|p1a: Bellibolt|36\/100|[from] item: Leftovers\n|upkeep\n|turn|31\n|c|\u2606hshhhdhduhc|cornball gameplay\n|c|\u2606hshhhdhduhc|\ud83d\udc80\n|\n|t:|1699204968\n|move|p2a: Milo|Ice Beam|p1a: Bellibolt\n|-damage|p1a: Bellibolt|6\/100\n|-start|p1a: Bellibolt|Charge|Ice Beam|[from] ability: Electromorphosis\n|move|p1a: Bellibolt|Slack Off|p1a: Bellibolt\n|-heal|p1a: Bellibolt|56\/100\n|\n|-heal|p2a: Milo|85\/100|[from] item: Leftovers\n|-heal|p1a: Bellibolt|63\/100|[from] item: Leftovers\n|upkeep\n|turn|32\n|\n|t:|1699204979\n|move|p2a: Milo|Ice Beam|p1a: Bellibolt\n|-damage|p1a: Bellibolt|35\/100\n|-start|p1a: Bellibolt|Charge|Ice Beam|[from] ability: Electromorphosis\n|move|p1a: Bellibolt|Slack Off|p1a: Bellibolt\n|-heal|p1a: Bellibolt|85\/100\n|\n|-heal|p2a: Milo|91\/100|[from] item: Leftovers\n|-heal|p1a: Bellibolt|91\/100|[from] item: Leftovers\n|upkeep\n|turn|33\n|c|\u2606Cuh42069|\ud83d\ude08\n|c|\u2606hshhhdhduhc|ur losing rn ur not demonic lol\n|\n|t:|1699204993\n|move|p2a: Milo|Ice Beam|p1a: Bellibolt\n|-damage|p1a: Bellibolt|60\/100\n|-status|p1a: Bellibolt|frz\n|-start|p1a: Bellibolt|Charge|Ice Beam|[from] ability: Electromorphosis\n|-curestatus|p1a: Bellibolt|frz|[msg]\n|move|p1a: Bellibolt|Parabolic Charge|p2a: Milo\n|-damage|p2a: Milo|57\/100\n|-heal|p1a: Bellibolt|76\/100|[from] drain|[of] p2a: Milo\n|-end|p1a: Bellibolt|Charge|[silent]\n|\n|-heal|p2a: Milo|63\/100|[from] item: Leftovers\n|-heal|p1a: Bellibolt|82\/100|[from] item: Leftovers\n|upkeep\n|turn|34\n|\n|t:|1699205006\n|move|p2a: Milo|Recover|p2a: Milo\n|-heal|p2a: Milo|100\/100\n|move|p1a: Bellibolt|Parabolic Charge|p2a: Milo\n|-damage|p2a: Milo|84\/100\n|-heal|p1a: Bellibolt|90\/100|[from] drain|[of] p2a: Milo\n|\n|-heal|p2a: Milo|90\/100|[from] item: Leftovers\n|-heal|p1a: Bellibolt|96\/100|[from] item: Leftovers\n|upkeep\n|turn|35\n|\n|t:|1699205016\n|move|p2a: Milo|Ice Beam|p1a: Bellibolt\n|-damage|p1a: Bellibolt|67\/100\n|-start|p1a: Bellibolt|Charge|Ice Beam|[from] ability: Electromorphosis\n|move|p1a: Bellibolt|Parabolic Charge|p2a: Milo\n|-damage|p2a: Milo|59\/100\n|-heal|p1a: Bellibolt|81\/100|[from] drain|[of] p2a: Milo\n|-end|p1a: Bellibolt|Charge|[silent]\n|\n|-heal|p2a: Milo|65\/100|[from] item: Leftovers\n|-heal|p1a: Bellibolt|87\/100|[from] item: Leftovers\n|upkeep\n|turn|36\n|\n|t:|1699205031\n|move|p2a: Milo|Ice Beam|p1a: Bellibolt\n|-damage|p1a: Bellibolt|56\/100\n|-start|p1a: Bellibolt|Charge|Ice Beam|[from] ability: Electromorphosis\n|move|p1a: Bellibolt|Parabolic Charge|p2a: Milo\n|-damage|p2a: Milo|32\/100\n|-heal|p1a: Bellibolt|72\/100|[from] drain|[of] p2a: Milo\n|-end|p1a: Bellibolt|Charge|[silent]\n|\n|-heal|p2a: Milo|38\/100|[from] item: Leftovers\n|-heal|p1a: Bellibolt|78\/100|[from] item: Leftovers\n|upkeep\n|turn|37\n|\n|t:|1699205053\n|switch|p1a: Mudsdale|Mudsdale, F|100\/100\n|move|p2a: Milo|Recover|p2a: Milo\n|-heal|p2a: Milo|88\/100\n|\n|-heal|p2a: Milo|94\/100|[from] item: Leftovers\n|upkeep\n|turn|38\n|\n|t:|1699205060\n|-terastallize|p1a: Mudsdale|Fighting\n|move|p2a: Milo|Ice Beam|p1a: Mudsdale\n|-damage|p1a: Mudsdale|71\/100\n|-status|p1a: Mudsdale|frz\n|-ability|p1a: Mudsdale|Stamina|boost\n|-boost|p1a: Mudsdale|def|1\n|cant|p1a: Mudsdale|frz\n|\n|-heal|p2a: Milo|99\/100|[from] item: Leftovers\n|upkeep\n|turn|39\n|\n|t:|1699205071\n|move|p2a: Milo|Ice Beam|p1a: Mudsdale\n|-damage|p1a: Mudsdale|40\/100 frz\n|-ability|p1a: Mudsdale|Stamina|boost\n|-boost|p1a: Mudsdale|def|1\n|cant|p1a: Mudsdale|frz\n|\n|-heal|p2a: Milo|100\/100|[from] item: Leftovers\n|upkeep\n|turn|40\n|\n|t:|1699205081\n|move|p2a: Milo|Ice Beam|p1a: Mudsdale\n|-damage|p1a: Mudsdale|8\/100 frz\n|-ability|p1a: Mudsdale|Stamina|boost\n|-boost|p1a: Mudsdale|def|1\n|cant|p1a: Mudsdale|frz\n|\n|upkeep\n|turn|41\n|\n|t:|1699205088\n|move|p2a: Milo|Ice Beam|p1a: Mudsdale\n|-crit|p1a: Mudsdale\n|-damage|p1a: Mudsdale|0 fnt\n|faint|p1a: Mudsdale\n|\n|upkeep\n|\n|t:|1699205094\n|switch|p1a: Starly|Starly, L1, F|100\/100\n|turn|42\n|\n|t:|1699205098\n|move|p2a: Milo|Recover||[still]\n|-fail|p2a: Milo|heal\n|move|p1a: Starly|Endeavor|p2a: Milo\n|-damage|p2a: Milo|4\/100\n|\n|-heal|p2a: Milo|10\/100|[from] item: Leftovers\n|upkeep\n|turn|43\n|\n|t:|1699205107\n|move|p2a: Milo|Recover|p2a: Milo\n|-heal|p2a: Milo|60\/100\n|move|p1a: Starly|Endeavor|p2a: Milo\n|-damage|p2a: Milo|4\/100\n|\n|-heal|p2a: Milo|10\/100|[from] item: Leftovers\n|upkeep\n|turn|44\n|\n|t:|1699205122\n|move|p2a: Milo|Recover|p2a: Milo\n|-heal|p2a: Milo|60\/100\n|move|p1a: Starly|U-turn|p2a: Milo\n|-damage|p2a: Milo|59\/100\n|\n|t:|1699205124\n|switch|p1a: Bellibolt|Bellibolt, F|78\/100|[from] U-turn\n|\n|-heal|p2a: Milo|65\/100|[from] item: Leftovers\n|-heal|p1a: Bellibolt|84\/100|[from] item: Leftovers\n|upkeep\n|turn|45\n|\n|t:|1699205133\n|move|p2a: Milo|Scald|p1a: Bellibolt\n|-damage|p1a: Bellibolt|57\/100\n|-start|p1a: Bellibolt|Charge|Scald|[from] ability: Electromorphosis\n|move|p1a: Bellibolt|Parabolic Charge|p2a: Milo\n|-damage|p2a: Milo|31\/100\n|-heal|p1a: Bellibolt|73\/100|[from] drain|[of] p2a: Milo\n|-end|p1a: Bellibolt|Charge|[silent]\n|\n|-heal|p2a: Milo|37\/100|[from] item: Leftovers\n|-heal|p1a: Bellibolt|80\/100|[from] item: Leftovers\n|upkeep\n|turn|46\n|\n|t:|1699205145\n|move|p2a: Milo|Scald|p1a: Bellibolt\n|-damage|p1a: Bellibolt|54\/100\n|-start|p1a: Bellibolt|Charge|Scald|[from] ability: Electromorphosis\n|move|p1a: Bellibolt|Parabolic Charge|p2a: Milo\n|-damage|p2a: Milo|7\/100\n|-heal|p1a: Bellibolt|68\/100|[from] drain|[of] p2a: Milo\n|-end|p1a: Bellibolt|Charge|[silent]\n|\n|-heal|p2a: Milo|13\/100|[from] item: Leftovers\n|-heal|p1a: Bellibolt|74\/100|[from] item: Leftovers\n|upkeep\n|turn|47\n|\n|t:|1699205156\n|switch|p1a: Starly|Starly, L1, F|100\/100\n|move|p2a: Milo|Scald|p1a: Starly\n|-enditem|p1a: Starly|Focus Sash\n|-damage|p1a: Starly|9\/100\n|\n|-heal|p2a: Milo|19\/100|[from] item: Leftovers\n|upkeep\n|turn|48\n|\n|t:|1699205165\n|move|p2a: Milo|Scald|p1a: Starly\n|-damage|p1a: Starly|0 fnt\n|faint|p1a: Starly\n|\n|-heal|p2a: Milo|25\/100|[from] item: Leftovers\n|upkeep\n|\n|t:|1699205168\n|switch|p1a: Houndstone|Houndstone, F|100\/100\n|turn|49\n|\n|t:|1699205173\n|move|p2a: Milo|Scald|p1a: Houndstone\n|-damage|p1a: Houndstone|80\/100\n|move|p1a: Houndstone|Last Respects|p2a: Milo\n|-damage|p2a: Milo|0 fnt\n|faint|p2a: Milo\n|\n|upkeep\n|\n|t:|1699205181\n|switch|p2a: Clyde|Clodsire, F, shiny|91\/100\n|turn|50\n|\n|t:|1699205184\n|move|p1a: Houndstone|Last Respects|p2a: Clyde\n|-damage|p2a: Clyde|1\/100\n|move|p2a: Clyde|Stockpile|p2a: Clyde\n|-start|p2a: Clyde|stockpile1\n|-boost|p2a: Clyde|def|1\n|-boost|p2a: Clyde|spd|1\n|\n|-heal|p2a: Clyde|7\/100|[from] item: Black Sludge\n|upkeep\n|turn|51\n|\n|t:|1699205193\n|move|p1a: Houndstone|Last Respects|p2a: Clyde\n|-damage|p2a: Clyde|0 fnt\n|faint|p2a: Clyde\n|\n|upkeep\n|c|\u2606Cuh42069|\ud83d\ude08\n|\n|t:|1699205214\n|switch|p2a: Glacier|Gliscor, F, shiny|100\/100\n|turn|52\n|\n|t:|1699205237\n|move|p2a: Glacier|Earthquake|p1a: Houndstone\n|-damage|p1a: Houndstone|50\/100\n|move|p1a: Houndstone|Ice Fang|p2a: Glacier\n|-supereffective|p2a: Glacier\n|-damage|p2a: Glacier|35\/100\n|\n|-status|p2a: Glacier|tox|[from] item: Toxic Orb\n|upkeep\n|turn|53\n|\n|t:|1699205245\n|move|p2a: Glacier|Earthquake|p1a: Houndstone\n|-damage|p1a: Houndstone|17\/100\n|move|p1a: Houndstone|Ice Fang|p2a: Glacier\n|-supereffective|p2a: Glacier\n|-damage|p2a: Glacier|0 fnt\n|faint|p2a: Glacier\n|\n|upkeep\n|\n|t:|1699205252\n|switch|p2a: Ramen|Breloom, F, shiny|100\/100\n|turn|54\n|\n|t:|1699205259\n|move|p2a: Ramen|Thunder Punch|p1a: Houndstone\n|-damage|p1a: Houndstone|6\/100\n|move|p1a: Houndstone|Last Respects|p2a: Ramen\n|-damage|p2a: Ramen|0 fnt\n|faint|p2a: Ramen\n|\n|win|Cuh42069\n|raw|Cuh42069's rating: 1167 &rarr; <strong>1186<\/strong><br \/>(+19 for winning)\n|raw|hshhhdhduhc's rating: 1087 &rarr; <strong>1069<\/strong><br \/>(-18 for losing)\n|c|\u2606Cuh42069|Gg m8\n|c|\u2606hshhhdhduhc|you suck bro\n|c|\u2606hshhhdhduhc|like dogshit\n|c|\u2606Cuh42069|Wdym\n|c|\u2606Cuh42069|I won\n|c|\u2606hshhhdhduhc|ur team is straight cornbal too\n|c|\u2606hshhhdhduhc|like ur terrible\n|c|\u2606Cuh42069|How\n|c|\u2606Cuh42069|But it beat your team \ud83d\ude02\n|c|\u2606hshhhdhduhc|bro ice fang houndstone?\n|c|\u2606hshhhdhduhc|Who the hell uses that\n|c|\u2606hshhhdhduhc|like bro ur terrible\n|c|\u2606hshhhdhduhc|Bellibolt?\n|c|\u2606hshhhdhduhc|ass bro\n|c|\u2606Cuh42069|\ud83d\ude02\ud83d\ude02\ud83d\ude02\n|c|\u2606hshhhdhduhc|just a straight cornball team\n|c|\u2606Cuh42069|Someone mad\n|c|\u2606hshhhdhduhc|garbage\n|c|\u2606Cuh42069|Your team too predictable\n|c|\u2606hshhhdhduhc|garbage\n|c|\u2606Cuh42069|That's why you lost\n|c|\u2606hshhhdhduhc|u dont know predictable lol\n|c|\u2606hshhhdhduhc|and no its not\n|c|\u2606hshhhdhduhc|u were struggling to handle a ice type milotic and thats predictable\n|c|\u2606hshhhdhduhc|u dont even have a fire type move on ur team\n|c|\u2606hshhhdhduhc|get good lil bro\n|c|\u2606Cuh42069|I had mudsdale to counter it but you got lucky with freeze\n|c|\u2606hshhhdhduhc|garbage\n|c|\u2606Cuh42069|Multiple times and you still lost \ud83d\ude02\ud83d\ude02\ud83d\ude02\n|c|\u2606hshhhdhduhc|i got lucky once\n|c|\u2606hshhhdhduhc|!stats Ice Beam\n|raw|<ul class=\"utilichart\"><li class=\"result\"><span class=\"col movenamecol\"><a href=\"https:\/\/dex.pokemonshowdown.com\/moves\/icebeam\">Ice Beam<\/a><\/span> <span class=\"col typecol\"><img src=\"\/\/play.pokemonshowdown.com\/sprites\/types\/Ice.png\" alt=\"Ice\" width=\"32\" height=\"14\"><img src=\"\/\/play.pokemonshowdown.com\/sprites\/categories\/Special.png\" alt=\"Special\" width=\"32\" height=\"14\"><\/span> <span class=\"col labelcol\"><em>Power<\/em><br>90<\/span> <span class=\"col widelabelcol\"><em>Accuracy<\/em><br>100%<\/span> <span class=\"col pplabelcol\"><em>PP<\/em><br>16<\/span> <span class=\"col movedesccol\">10% chance to freeze the target.<\/span> <\/li><li style=\"clear:both\"><\/li><\/ul>\n\n|c|\u2606hshhhdhduhc|lol\n|c|\u2606Cuh42069|Your frozen my bellibolt twice and mudsdale once\n|c|\u2606hshhhdhduhc|!stats Endeavor\n|raw|<ul class=\"utilichart\"><li class=\"result\"><span class=\"col movenamecol\"><a href=\"https:\/\/dex.pokemonshowdown.com\/moves\/endeavor\">Endeavor<\/a><\/span> <span class=\"col typecol\"><img src=\"\/\/play.pokemonshowdown.com\/sprites\/types\/Normal.png\" alt=\"Normal\" width=\"32\" height=\"14\"><img src=\"\/\/play.pokemonshowdown.com\/sprites\/categories\/Physical.png\" alt=\"Physical\" width=\"32\" height=\"14\"><\/span> <span class=\"col widelabelcol\"><em>Accuracy<\/em><br>100%<\/span> <span class=\"col pplabelcol\"><em>PP<\/em><br>8<\/span> <span class=\"col movedesccol\">Lowers the target's HP to the user's HP.<\/span> <\/li><li style=\"clear:both\"><\/li><\/ul>\n\n","uploadtime":1699205559,"views":2,"p1id":"cuh42069","p2id":"hshhhdhduhc","formatid":"gen9anythinggoes","rating":1069,"private":0,"password":""}