{"id":"gen9anythinggoes-1982044527","p1":"Supersoilder321","p2":"ResurrectedDragon","format":"[Gen 9] Anything Goes","log":"|j|\u2606Supersoilder321\n|j|\u2606ResurrectedDragon\n|t:|1698962400\n|gametype|singles\n|player|p1|Supersoilder321|1|1128\n|player|p2|ResurrectedDragon|unknown|1123\n|teamsize|p1|6\n|teamsize|p2|6\n|gen|9\n|tier|[Gen 9] Anything Goes\n|rated|\n|rule|HP Percentage Mod: HP is shown in percentages\n|rule|Endless Battle Clause: Forcing endless battles is banned\n|clearpoke\n|poke|p1|Weezing, F|\n|poke|p1|Weezing, F|\n|poke|p1|Weezing, M|\n|poke|p1|Weezing, M|\n|poke|p1|Weezing, M|\n|poke|p1|Kingambit, F|\n|poke|p2|Scizor, F|\n|poke|p2|Chi-Yu|\n|poke|p2|Pelipper, F|\n|poke|p2|Garganacl, F|\n|poke|p2|Zacian-*|\n|poke|p2|Toxapex, M|\n|teampreview\n|\n|t:|1698962405\n|start\n|switch|p1a: Weezing|Weezing, F, shiny|100\/100\n|switch|p2a: Scizor|Scizor, F|100\/100\n|-ability|p1a: Weezing|Neutralizing Gas\n|turn|1\n|\n|t:|1698962413\n|move|p1a: Weezing|Explosion|p2a: Scizor\n|-resisted|p2a: Scizor\n|-damage|p2a: Scizor|61\/100\n|faint|p1a: Weezing\n|-end|p1a: Weezing|ability: Neutralizing Gas\n|move|p2a: Scizor|Swords Dance|p2a: Scizor\n|-boost|p2a: Scizor|atk|2\n|\n|upkeep\n|\n|t:|1698962421\n|switch|p1a: Weezing|Weezing, F|100\/100\n|turn|2\n|\n|t:|1698962425\n|move|p1a: Weezing|Explosion|p2a: Scizor\n|-resisted|p2a: Scizor\n|-damage|p2a: Scizor|26\/100\n|faint|p1a: Weezing\n|move|p2a: Scizor|Swords Dance|p2a: Scizor\n|-boost|p2a: Scizor|atk|2\n|\n|upkeep\n|\n|t:|1698962433\n|switch|p1a: Weezing|Weezing, M|100\/100\n|turn|3\n|\n|t:|1698962436\n|move|p1a: Weezing|Explosion|p2a: Scizor\n|-resisted|p2a: Scizor\n|-damage|p2a: Scizor|0 fnt\n|faint|p1a: Weezing\n|faint|p2a: Scizor\n|\n|upkeep\n|\n|t:|1698962445\n|switch|p1a: Weezing|Weezing, M|100\/100\n|switch|p2a: Toxapex|Toxapex, M|100\/100\n|turn|4\n|\n|t:|1698962451\n|move|p2a: Toxapex|Baneful Bunker|p2a: Toxapex\n|-singleturn|p2a: Toxapex|move: Protect\n|move|p1a: Weezing|Explosion|p2a: Toxapex\n|-activate|p2a: Toxapex|move: Protect\n|faint|p1a: Weezing\n|\n|upkeep\n|\n|t:|1698962458\n|switch|p1a: Weezing|Weezing, M|100\/100\n|turn|5\n|\n|t:|1698962464\n|switch|p2a: Pelipper|Pelipper, F|100\/100\n|move|p1a: Weezing|Explosion|p2a: Pelipper\n|-damage|p2a: Pelipper|29\/100\n|faint|p1a: Weezing\n|\n|upkeep\n|\n|t:|1698962477\n|switch|p1a: Kingambit|Kingambit, F|100\/100\n|-activate|p1a: Kingambit|ability: Supreme Overlord\n|-start|p1a: Kingambit|fallen5|[silent]\n|turn|6\n|\n|t:|1698962488\n|move|p1a: Kingambit|Shadow Claw|p2a: Pelipper\n|-damage|p2a: Pelipper|0 fnt\n|faint|p2a: Pelipper\n|\n|upkeep\n|\n|t:|1698962497\n|switch|p2a: Toxapex|Toxapex, M|100\/100\n|turn|7\n|\n|t:|1698962504\n|move|p2a: Toxapex|Baneful Bunker|p2a: Toxapex\n|-singleturn|p2a: Toxapex|move: Protect\n|move|p1a: Kingambit|Foul Play|p2a: Toxapex\n|-activate|p2a: Toxapex|move: Protect\n|\n|upkeep\n|turn|8\n|\n|t:|1698962519\n|move|p1a: Kingambit|Foul Play|p2a: Toxapex\n|-damage|p2a: Toxapex|78\/100\n|move|p2a: Toxapex|Recover|p2a: Toxapex\n|-heal|p2a: Toxapex|100\/100\n|\n|upkeep\n|turn|9\n|\n|t:|1698962529\n|switch|p2a: Garganacl|Garganacl, F|100\/100\n|move|p1a: Kingambit|Iron Head|p2a: Garganacl\n|-supereffective|p2a: Garganacl\n|-damage|p2a: Garganacl|13\/100\n|-enditem|p2a: Garganacl|Sitrus Berry|[eat]\n|-heal|p2a: Garganacl|38\/100|[from] item: Sitrus Berry\n|\n|upkeep\n|turn|10\n|\n|t:|1698962539\n|switch|p2a: Zacian|Zacian-Crowned|100\/100\n|-ability|p2a: Zacian|Intrepid Sword|boost\n|-boost|p2a: Zacian|atk|1\n|move|p1a: Kingambit|Iron Head|p2a: Zacian\n|-damage|p2a: Zacian|37\/100\n|\n|upkeep\n|turn|11\n|\n|t:|1698962549\n|move|p2a: Zacian|Sacred Sword|p1a: Kingambit\n|-supereffective|p1a: Kingambit\n|-damage|p1a: Kingambit|0 fnt\n|faint|p1a: Kingambit\n|-end|p1a: Kingambit|fallen5|[silent]\n|\n|win|ResurrectedDragon\n|raw|Supersoilder321's rating: 1128 &rarr; <strong>1103<\/strong><br \/>(-25 for losing)\n|raw|ResurrectedDragon's rating: 1123 &rarr; <strong>1148<\/strong><br \/>(+25 for winning)\n|l|\u2606Supersoilder321\n","uploadtime":1698962577,"views":7,"p1id":"supersoilder321","p2id":"resurrecteddragon","formatid":"gen9anythinggoes","rating":1103,"private":0,"password":""}