{"id":"gen9anythinggoes-1982736951","p1":"ThatOnePerson1432","p2":"Oakwings","format":"[Gen 9] Anything Goes","log":"|j|\u2606ThatOnePerson1432\n|j|\u2606Oakwings\n|t:|1699040181\n|gametype|singles\n|player|p1|ThatOnePerson1432|102|1195\n|player|p2|Oakwings|policeman-gen4|1223\n|teamsize|p1|6\n|teamsize|p2|6\n|gen|9\n|tier|[Gen 9] Anything Goes\n|rated|\n|rule|HP Percentage Mod: HP is shown in percentages\n|rule|Endless Battle Clause: Forcing endless battles is banned\n|clearpoke\n|poke|p1|Grimmsnarl, M|\n|poke|p1|Ceruledge, M|\n|poke|p1|Gliscor, M|\n|poke|p1|Barraskewda, F|\n|poke|p1|Chi-Yu|\n|poke|p1|Koraidon|\n|poke|p2|Greninja-*, M|\n|poke|p2|Zacian-*|\n|poke|p2|Kingambit, M|\n|poke|p2|Ursaluna-Bloodmoon, M|\n|poke|p2|Annihilape, F|\n|poke|p2|Ceruledge, M|\n|teampreview\n|\n|t:|1699040186\n|start\n|switch|p1a: Grimmsnarl|Grimmsnarl, M|100\/100\n|switch|p2a: Annihilape|Annihilape, F|100\/100\n|turn|1\n|\n|t:|1699040195\n|move|p2a: Annihilape|Gunk Shot|p1a: Grimmsnarl|[miss]\n|-miss|p2a: Annihilape|p1a: Grimmsnarl\n|move|p1a: Grimmsnarl|Spirit Break|p2a: Annihilape\n|-supereffective|p2a: Annihilape\n|-damage|p2a: Annihilape|51\/100\n|-unboost|p2a: Annihilape|spa|1\n|\n|-heal|p2a: Annihilape|57\/100|[from] item: Leftovers\n|upkeep\n|turn|2\n|\n|t:|1699040206\n|move|p2a: Annihilape|Brick Break|p1a: Grimmsnarl\n|-damage|p1a: Grimmsnarl|49\/100\n|move|p1a: Grimmsnarl|Spirit Break|p2a: Annihilape\n|-supereffective|p2a: Annihilape\n|-damage|p2a: Annihilape|0 fnt\n|faint|p2a: Annihilape\n|\n|upkeep\n|\n|t:|1699040214\n|switch|p2a: Ursaluna|Ursaluna-Bloodmoon, M|100\/100\n|turn|3\n|\n|t:|1699040224\n|move|p1a: Grimmsnarl|Thunder Wave|p2a: Ursaluna\n|-immune|p2a: Ursaluna\n|move|p2a: Ursaluna|Earthquake|p1a: Grimmsnarl\n|-damage|p1a: Grimmsnarl|19\/100\n|\n|upkeep\n|turn|4\n|\n|t:|1699040233\n|move|p1a: Grimmsnarl|Trick|p2a: Ursaluna\n|-activate|p1a: Grimmsnarl|move: Trick|[of] p2a: Ursaluna\n|-item|p2a: Ursaluna|Lagging Tail|[from] move: Trick\n|-enditem|p1a: Grimmsnarl|Lagging Tail|[silent]|[from] move: Trick\n|move|p2a: Ursaluna|Earthquake|p1a: Grimmsnarl\n|-damage|p1a: Grimmsnarl|0 fnt\n|faint|p1a: Grimmsnarl\n|\n|upkeep\n|\n|t:|1699040245\n|switch|p1a: Ceruledge|Ceruledge, M|100\/100\n|turn|5\n|\n|t:|1699040249\n|move|p1a: Ceruledge|Swords Dance|p1a: Ceruledge\n|-boost|p1a: Ceruledge|atk|2\n|move|p2a: Ursaluna|Earthquake|p1a: Ceruledge\n|-supereffective|p1a: Ceruledge\n|-damage|p1a: Ceruledge|22\/100\n|-ability|p1a: Ceruledge|Weak Armor|boost\n|-unboost|p1a: Ceruledge|def|1\n|-boost|p1a: Ceruledge|spe|2\n|\n|upkeep\n|turn|6\n|\n|t:|1699040260\n|move|p1a: Ceruledge|Close Combat|p2a: Ursaluna\n|-supereffective|p2a: Ursaluna\n|-damage|p2a: Ursaluna|0 fnt\n|-unboost|p1a: Ceruledge|def|1\n|-unboost|p1a: Ceruledge|spd|1\n|faint|p2a: Ursaluna\n|\n|upkeep\n|\n|t:|1699040269\n|switch|p2a: Greninja|Greninja, M|100\/100\n|turn|7\n|\n|t:|1699040275\n|-terastallize|p2a: Greninja|Fire\n|move|p1a: Ceruledge|Close Combat|p2a: Greninja\n|-damage|p2a: Greninja|0 fnt\n|-unboost|p1a: Ceruledge|def|1\n|-unboost|p1a: Ceruledge|spd|1\n|faint|p2a: Greninja\n|\n|upkeep\n|\n|t:|1699040286\n|switch|p2a: Zacian|Zacian-Crowned|100\/100\n|-ability|p2a: Zacian|Intrepid Sword|boost\n|-boost|p2a: Zacian|atk|1\n|turn|8\n|\n|t:|1699040292\n|move|p1a: Ceruledge|Bitter Blade|p2a: Zacian\n|-supereffective|p2a: Zacian\n|-damage|p2a: Zacian|0 fnt\n|-heal|p1a: Ceruledge|78\/100|[from] drain|[of] p2a: Zacian\n|faint|p2a: Zacian\n|\n|upkeep\n|\n|t:|1699040298\n|switch|p2a: Ceruledge|Ceruledge, M|100\/100\n|turn|9\n|\n|t:|1699040304\n|move|p1a: Ceruledge|Shadow Sneak|p2a: Ceruledge\n|-supereffective|p2a: Ceruledge\n|-damage|p2a: Ceruledge|0 fnt\n|faint|p2a: Ceruledge\n|\n|upkeep\n|\n|t:|1699040310\n|switch|p2a: Kingambit|Kingambit, M, shiny|100\/100\n|-activate|p2a: Kingambit|ability: Supreme Overlord\n|-start|p2a: Kingambit|fallen5|[silent]\n|turn|10\n|\n|t:|1699040315\n|move|p2a: Kingambit|Sucker Punch|p1a: Ceruledge\n|-supereffective|p1a: Ceruledge\n|-damage|p1a: Ceruledge|0 fnt\n|faint|p1a: Ceruledge\n|\n|upkeep\n|\n|t:|1699040325\n|switch|p1a: Koraidon|Koraidon|100\/100\n|-weather|SunnyDay|[from] ability: Orichalcum Pulse|[of] p1a: Koraidon\n|-activate|p1a: Koraidon|Orichalcum Pulse|[source]\n|turn|11\n|\n|t:|1699040334\n|move|p1a: Koraidon|Flare Blitz|p2a: Kingambit\n|-supereffective|p2a: Kingambit\n|-damage|p2a: Kingambit|0 fnt\n|faint|p2a: Kingambit\n|-end|p2a: Kingambit|fallen5|[silent]\n|-damage|p1a: Koraidon|61\/100|[from] Recoil\n|-damage|p1a: Koraidon|52\/100|[from] item: Life Orb\n|\n|win|ThatOnePerson1432\n|raw|ThatOnePerson1432's rating: 1195 &rarr; <strong>1222<\/strong><br \/>(+27 for winning)\n|raw|Oakwings's rating: 1223 &rarr; <strong>1196<\/strong><br \/>(-27 for losing)\n|l|\u2606Oakwings\n","uploadtime":1699040345,"views":10,"p1id":"thatoneperson1432","p2id":"oakwings","formatid":"gen9anythinggoes","rating":1196,"private":0,"password":""}