{"id":"gen9anythinggoes-1984820521","p1":"British_Mango","p2":"techninja850","format":"[Gen 9] Anything Goes","log":"|j|\u2606British_Mango\n|j|\u2606techninja850\n|t:|1699301768\n|gametype|singles\n|player|p1|British_Mango|2|1282\n|player|p2|techninja850|265|1216\n|teamsize|p1|6\n|teamsize|p2|6\n|gen|9\n|tier|[Gen 9] Anything Goes\n|rated|\n|rule|HP Percentage Mod: HP is shown in percentages\n|rule|Endless Battle Clause: Forcing endless battles is banned\n|clearpoke\n|poke|p1|Samurott-Hisui, F|\n|poke|p1|Walking Wake|\n|poke|p1|Ting-Lu|\n|poke|p1|Gliscor, F|\n|poke|p1|Torkoal, M|\n|poke|p1|Ceruledge, M|\n|poke|p2|Oshawott, M|\n|poke|p2|Greninja-*, M|\n|poke|p2|Gliscor, F|\n|poke|p2|Grimmsnarl, M|\n|poke|p2|Gengar, F|\n|poke|p2|Kingambit, M|\n|teampreview\n|\n|t:|1699301772\n|start\n|switch|p1a: Torkoal|Torkoal, M|100\/100\n|switch|p2a: Steven Adams|Grimmsnarl, M, shiny|100\/100\n|-weather|SunnyDay|[from] ability: Drought|[of] p1a: Torkoal\n|turn|1\n|\n|t:|1699301780\n|move|p2a: Steven Adams|Light Screen|p2a: Steven Adams\n|-sidestart|p2: techninja850|move: Light Screen\n|move|p1a: Torkoal|Yawn|p2a: Steven Adams\n|-start|p2a: Steven Adams|move: Yawn|[of] p1a: Torkoal\n|\n|-weather|SunnyDay|[upkeep]\n|upkeep\n|turn|2\n|\n|t:|1699301795\n|switch|p2a: Ken Carti Carson|Gliscor, F, shiny|100\/100\n|move|p1a: Torkoal|Eruption|p2a: Ken Carti Carson\n|-damage|p2a: Ken Carti Carson|38\/100\n|\n|-weather|SunnyDay|[upkeep]\n|-status|p2a: Ken Carti Carson|tox|[from] item: Toxic Orb\n|upkeep\n|turn|3\n|\n|t:|1699301807\n|move|p2a: Ken Carti Carson|Protect|p2a: Ken Carti Carson\n|-singleturn|p2a: Ken Carti Carson|Protect\n|move|p1a: Torkoal|Eruption|p2a: Ken Carti Carson\n|-activate|p2a: Ken Carti Carson|move: Protect\n|\n|-weather|SunnyDay|[upkeep]\n|-heal|p2a: Ken Carti Carson|51\/100 tox|[from] ability: Poison Heal\n|upkeep\n|turn|4\n|\n|t:|1699301814\n|move|p2a: Ken Carti Carson|Earthquake|p1a: Torkoal\n|-supereffective|p1a: Torkoal\n|-damage|p1a: Torkoal|55\/100\n|move|p1a: Torkoal|Eruption|p2a: Ken Carti Carson\n|-damage|p2a: Ken Carti Carson|21\/100 tox\n|\n|-weather|SunnyDay|[upkeep]\n|-heal|p2a: Ken Carti Carson|34\/100 tox|[from] ability: Poison Heal\n|upkeep\n|turn|5\n|\n|t:|1699301823\n|switch|p1a: Walking Wake|Walking Wake|100\/100\n|-activate|p1a: Walking Wake|ability: Protosynthesis\n|-start|p1a: Walking Wake|protosynthesisspa\n|move|p2a: Ken Carti Carson|Protect||[still]\n|-fail|p2a: Ken Carti Carson\n|\n|-weather|none\n|-end|p1a: Walking Wake|Protosynthesis\n|-heal|p2a: Ken Carti Carson|46\/100 tox|[from] ability: Poison Heal\n|upkeep\n|turn|6\n|\n|t:|1699301843\n|move|p1a: Walking Wake|Hydro Steam|p2a: Ken Carti Carson\n|-supereffective|p2a: Ken Carti Carson\n|-crit|p2a: Ken Carti Carson\n|-damage|p2a: Ken Carti Carson|0 fnt\n|faint|p2a: Ken Carti Carson\n|-damage|p1a: Walking Wake|91\/100|[from] item: Life Orb\n|\n|upkeep\n|\n|t:|1699301857\n|switch|p2a: Dattebayo|Greninja, M, shiny|100\/100\n|turn|7\n|\n|t:|1699301871\n|-end|p1a: Walking Wake|Protosynthesis|[silent]\n|switch|p1a: Torkoal|Torkoal, M|55\/100\n|-weather|SunnyDay|[from] ability: Drought|[of] p1a: Torkoal\n|move|p2a: Dattebayo|Acrobatics|p1a: Torkoal\n|-start|p2a: Dattebayo|typechange|Flying|[from] ability: Protean\n|-damage|p1a: Torkoal|19\/100\n|-damage|p2a: Dattebayo|84\/100|[from] item: Rocky Helmet|[of] p1a: Torkoal\n|\n|-weather|SunnyDay|[upkeep]\n|upkeep\n|turn|8\n|\n|t:|1699301884\n|move|p2a: Dattebayo|Acrobatics|p1a: Torkoal\n|-damage|p1a: Torkoal|0 fnt\n|-damage|p2a: Dattebayo|68\/100|[from] item: Rocky Helmet|[of] p1a: Torkoal\n|faint|p1a: Torkoal\n|\n|-weather|SunnyDay|[upkeep]\n|-sideend|p2: techninja850|move: Light Screen\n|upkeep\n|\n|t:|1699301887\n|switch|p1a: Walking Wake|Walking Wake|91\/100\n|-activate|p1a: Walking Wake|ability: Protosynthesis\n|-start|p1a: Walking Wake|protosynthesisspa\n|turn|9\n|\n|t:|1699301890\n|move|p2a: Dattebayo|Acrobatics|p1a: Walking Wake\n|-damage|p1a: Walking Wake|44\/100\n|move|p1a: Walking Wake|Hydro Steam|p2a: Dattebayo\n|-damage|p2a: Dattebayo|0 fnt\n|faint|p2a: Dattebayo\n|-damage|p1a: Walking Wake|34\/100|[from] item: Life Orb\n|\n|-weather|SunnyDay|[upkeep]\n|upkeep\n|\n|t:|1699301901\n|switch|p2a: MasterBaiter|Gengar, F|100\/100\n|turn|10\n|\n|t:|1699301906\n|move|p2a: MasterBaiter|Energy Ball|p1a: Walking Wake\n|-damage|p1a: Walking Wake|0 fnt\n|faint|p1a: Walking Wake\n|-end|p1a: Walking Wake|Protosynthesis|[silent]\n|\n|-weather|SunnyDay|[upkeep]\n|upkeep\n|\n|t:|1699301916\n|switch|p1a: Ting-Lu|Ting-Lu|100\/100\n|-ability|p1a: Ting-Lu|Vessel of Ruin\n|turn|11\n|\n|t:|1699301922\n|move|p2a: MasterBaiter|Dazzling Gleam|p1a: Ting-Lu\n|-supereffective|p1a: Ting-Lu\n|-damage|p1a: Ting-Lu|76\/100\n|move|p1a: Ting-Lu|Fissure|p2a: MasterBaiter|[miss]\n|-miss|p1a: Ting-Lu|p2a: MasterBaiter\n|\n|-weather|none\n|-heal|p1a: Ting-Lu|82\/100|[from] item: Leftovers\n|upkeep\n|turn|12\n|\n|t:|1699301933\n|move|p2a: MasterBaiter|Destiny Bond|p2a: MasterBaiter\n|-singlemove|p2a: MasterBaiter|Destiny Bond\n|move|p1a: Ting-Lu|Stomping Tantrum|p2a: MasterBaiter\n|-supereffective|p2a: MasterBaiter\n|-enditem|p2a: MasterBaiter|Focus Sash\n|-damage|p2a: MasterBaiter|1\/100\n|\n|-heal|p1a: Ting-Lu|88\/100|[from] item: Leftovers\n|upkeep\n|turn|13\n|\n|t:|1699301942\n|move|p2a: MasterBaiter|Dazzling Gleam|p1a: Ting-Lu\n|-supereffective|p1a: Ting-Lu\n|-damage|p1a: Ting-Lu|63\/100\n|move|p1a: Ting-Lu|Taunt|p2a: MasterBaiter\n|-start|p2a: MasterBaiter|move: Taunt\n|\n|-heal|p1a: Ting-Lu|69\/100|[from] item: Leftovers\n|upkeep\n|turn|14\n|\n|t:|1699301949\n|move|p2a: MasterBaiter|Dazzling Gleam|p1a: Ting-Lu\n|-supereffective|p1a: Ting-Lu\n|-damage|p1a: Ting-Lu|44\/100\n|move|p1a: Ting-Lu|Stomping Tantrum|p2a: MasterBaiter\n|-supereffective|p2a: MasterBaiter\n|-damage|p2a: MasterBaiter|0 fnt\n|faint|p2a: MasterBaiter\n|\n|-heal|p1a: Ting-Lu|50\/100|[from] item: Leftovers\n|upkeep\n|\n|t:|1699301952\n|switch|p2a: Oshiwashi :3|Oshawott, M|100\/100\n|turn|15\n|\n|t:|1699301959\n|move|p1a: Ting-Lu|Taunt|p2a: Oshiwashi :3\n|-start|p2a: Oshiwashi :3|move: Taunt\n|move|p2a: Oshiwashi :3|Avalanche|p1a: Ting-Lu\n|-supereffective|p1a: Ting-Lu\n|-damage|p1a: Ting-Lu|36\/100\n|\n|-heal|p1a: Ting-Lu|42\/100|[from] item: Leftovers\n|upkeep\n|turn|16\n|\n|t:|1699301966\n|move|p1a: Ting-Lu|Fissure|p2a: Oshiwashi :3|[miss]\n|-miss|p1a: Ting-Lu|p2a: Oshiwashi :3\n|move|p2a: Oshiwashi :3|Avalanche|p1a: Ting-Lu\n|-supereffective|p1a: Ting-Lu\n|-damage|p1a: Ting-Lu|27\/100\n|\n|-heal|p1a: Ting-Lu|33\/100|[from] item: Leftovers\n|upkeep\n|turn|17\n|\n|t:|1699301976\n|move|p1a: Ting-Lu|Stomping Tantrum|p2a: Oshiwashi :3\n|-enditem|p2a: Oshiwashi :3|Focus Sash\n|-damage|p2a: Oshiwashi :3|1\/100\n|move|p2a: Oshiwashi :3|Chilling Water|p1a: Ting-Lu\n|-supereffective|p1a: Ting-Lu\n|-crit|p1a: Ting-Lu\n|-damage|p1a: Ting-Lu|10\/100\n|-unboost|p1a: Ting-Lu|atk|1\n|\n|-heal|p1a: Ting-Lu|16\/100|[from] item: Leftovers\n|-end|p2a: Oshiwashi :3|move: Taunt\n|upkeep\n|turn|18\n|\n|t:|1699301982\n|move|p2a: Oshiwashi :3|Aqua Jet|p1a: Ting-Lu\n|-supereffective|p1a: Ting-Lu\n|-damage|p1a: Ting-Lu|0 fnt\n|faint|p1a: Ting-Lu\n|\n|upkeep\n|\n|t:|1699301985\n|switch|p1a: Samurott|Samurott-Hisui, F, shiny|100\/100\n|turn|19\n|\n|t:|1699301992\n|move|p1a: Samurott|Sucker Punch|p2a: Oshiwashi :3\n|-damage|p2a: Oshiwashi :3|0 fnt\n|faint|p2a: Oshiwashi :3\n|\n|upkeep\n|\n|t:|1699302002\n|switch|p2a: Steven Adams|Grimmsnarl, M, shiny|100\/100\n|turn|20\n|\n|t:|1699302007\n|move|p2a: Steven Adams|Reflect|p2a: Steven Adams\n|-sidestart|p2: techninja850|Reflect\n|move|p1a: Samurott|Aqua Cutter|p2a: Steven Adams\n|-damage|p2a: Steven Adams|69\/100\n|\n|upkeep\n|turn|21\n|\n|t:|1699302015\n|move|p1a: Samurott|Aqua Cutter|p2a: Steven Adams\n|-damage|p2a: Steven Adams|38\/100\n|move|p2a: Steven Adams|Spirit Break|p1a: Samurott\n|-supereffective|p1a: Samurott\n|-damage|p1a: Samurott|27\/100\n|-unboost|p1a: Samurott|spa|1\n|\n|upkeep\n|turn|22\n|\n|t:|1699302029\n|move|p1a: Samurott|Aqua Cutter|p2a: Steven Adams\n|-damage|p2a: Steven Adams|6\/100\n|move|p2a: Steven Adams|Spirit Break|p1a: Samurott\n|-supereffective|p1a: Samurott\n|-damage|p1a: Samurott|0 fnt\n|faint|p1a: Samurott\n|\n|upkeep\n|\n|t:|1699302032\n|switch|p1a: Ceruledge|Ceruledge, M|100\/100\n|turn|23\n|\n|t:|1699302048\n|move|p1a: Ceruledge|Bitter Blade|p2a: Steven Adams\n|-damage|p2a: Steven Adams|0 fnt\n|faint|p2a: Steven Adams\n|\n|upkeep\n|\n|t:|1699302052\n|switch|p2a: Mr.Clutch|Kingambit, M|100\/100\n|-activate|p2a: Mr.Clutch|ability: Supreme Overlord\n|-start|p2a: Mr.Clutch|fallen5|[silent]\n|-item|p2a: Mr.Clutch|Air Balloon\n|turn|24\n|\n|t:|1699302058\n|-terastallize|p2a: Mr.Clutch|Fairy\n|move|p1a: Ceruledge|Bitter Blade|p2a: Mr.Clutch\n|-crit|p2a: Mr.Clutch\n|-damage|p2a: Mr.Clutch|50\/100\n|-enditem|p2a: Mr.Clutch|Air Balloon\n|move|p2a: Mr.Clutch|Swords Dance|p2a: Mr.Clutch\n|-boost|p2a: Mr.Clutch|atk|2\n|\n|upkeep\n|turn|25\n|\n|t:|1699302067\n|move|p2a: Mr.Clutch|Sucker Punch|p1a: Ceruledge\n|-supereffective|p1a: Ceruledge\n|-damage|p1a: Ceruledge|0 fnt\n|faint|p1a: Ceruledge\n|\n|upkeep\n|\n|t:|1699302069\n|switch|p1a: Gliscor|Gliscor, F|100\/100\n|turn|26\n|\n|t:|1699302077\n|move|p2a: Mr.Clutch|Sucker Punch|p1a: Gliscor\n|-damage|p1a: Gliscor|0 fnt\n|faint|p1a: Gliscor\n|\n|win|techninja850\n|raw|British_Mango's rating: 1282 &rarr; <strong>1252<\/strong><br \/>(-30 for losing)\n|raw|techninja850's rating: 1216 &rarr; <strong>1246<\/strong><br \/>(+30 for winning)\n|l|\u2606British_Mango\n","uploadtime":1699302103,"views":5,"p1id":"britishmango","p2id":"techninja850","formatid":"gen9anythinggoes","rating":1246,"private":0,"password":""}