{"id":"gen9anythinggoes-1985822560","p1":"dreepy airlines","p2":"TheTrueLtaker","format":"[Gen 9] Anything Goes","log":"|j|\u2606dreepy airlines\n|j|\u2606TheTrueLtaker\n|t:|1699409929\n|gametype|singles\n|player|p1|dreepy airlines|dragontamer-gen9|\n|player|p2|TheTrueLtaker|marnie-masters3|\n|teamsize|p1|6\n|teamsize|p2|6\n|gen|9\n|tier|[Gen 9] Anything Goes\n|rated|Tournament battle\n|rule|HP Percentage Mod: HP is shown in percentages\n|rule|Endless Battle Clause: Forcing endless battles is banned\n|rule|Species Clause: Limit one of each Pok\u00e9mon\n|rule|OHKO Clause: OHKO moves are banned\n|rule|Evasion Moves Clause: Evasion moves are banned\n|rule|1 Ability Clause: Limit 1 of each ability\n|rule|Sleep Moves Clause: Sleep-inducing moves are banned\n|rule|Terastal Clause: You cannot Terastallize\n|clearpoke\n|poke|p1|Zapdos-Galar|\n|poke|p1|Roaring Moon|\n|poke|p1|Sandy Shocks|\n|poke|p1|Darkrai|\n|poke|p1|Corviknight, M|\n|poke|p1|Ogerpon-Hearthflame, F|\n|poke|p2|Slither Wing|\n|poke|p2|Drednaw, M|\n|poke|p2|Cresselia, F|\n|poke|p2|Ogerpon-Hearthflame, F|\n|poke|p2|Darkrai|\n|poke|p2|Sandy Shocks|\n|teampreview\n|j|%Iolanthe\n|inactive|Battle timer is ON: inactive players will automatically lose when time's up. (requested by TheTrueLtaker)\n|inactive|dreepy airlines also wants the timer to be on.\n|c|\u2606TheTrueLtaker|glhf\n|c|\u2606dreepy airlines|hf\n|\n|t:|1699409944\n|start\n|switch|p1a: Darkrai|Darkrai|100\/100\n|switch|p2a: Cresselia|Cresselia, F|100\/100\n|turn|1\n|l|%Iolanthe\n|\n|t:|1699409962\n|move|p2a: Cresselia|Light Screen|p2a: Cresselia\n|-sidestart|p2: TheTrueLtaker|move: Light Screen\n|move|p1a: Darkrai|Nasty Plot|p1a: Darkrai\n|-boost|p1a: Darkrai|spa|2\n|\n|upkeep\n|turn|2\n|\n|t:|1699409976\n|switch|p2a: Slither Wing|Slither Wing|100\/100\n|move|p1a: Darkrai|Fiery Wrath|p2a: Slither Wing\n|-resisted|p2a: Slither Wing\n|-damage|p2a: Slither Wing|79\/100\n|\n|upkeep\n|turn|3\n|\n|t:|1699409984\n|move|p2a: Slither Wing|Leech Life||[still]\n|cant|p1a: Darkrai|ability: Dazzling|Leech Life|[of] p2a: Slither Wing\n|move|p1a: Darkrai|Psychic|p2a: Slither Wing\n|-supereffective|p2a: Slither Wing\n|-damage|p2a: Slither Wing|23\/100\n|\n|upkeep\n|turn|4\n|c|\u2606TheTrueLtaker|thats so\n|c|\u2606TheTrueLtaker|lame\n|\n|t:|1699410000\n|switch|p2a: Darkrai|Darkrai|100\/100\n|move|p1a: Darkrai|Psychic|p2a: Darkrai\n|-immune|p2a: Darkrai\n|\n|upkeep\n|turn|5\n|c|\u2606dreepy airlines|why?\n|c|\u2606TheTrueLtaker|its weak\n|\n|t:|1699410025\n|move|p1a: Darkrai|Focus Blast|p2a: Darkrai|[miss]\n|-miss|p1a: Darkrai|p2a: Darkrai\n|move|p2a: Darkrai|Focus Blast|p1a: Darkrai\n|-supereffective|p1a: Darkrai\n|-damage|p1a: Darkrai|0 fnt\n|faint|p1a: Darkrai\n|\n|upkeep\n|inactive|dreepy airlines has 120 seconds left.\n|\n|t:|1699410035\n|switch|p1a: Roaring Moon|Roaring Moon|100\/100\n|turn|6\n|\n|t:|1699410040\n|move|p1a: Roaring Moon|Dragon Darts|p2a: Darkrai\n|-damage|p2a: Darkrai|46\/100\n|-anim|p1a: Roaring Moon|Dragon Darts|p2a: Darkrai\n|-damage|p2a: Darkrai|0 fnt\n|faint|p2a: Darkrai\n|\n|upkeep\n|\n|t:|1699410047\n|switch|p2a: Slither Wing|Slither Wing|23\/100\n|turn|7\n|\n|t:|1699410052\n|switch|p1a: Corviknight|Corviknight, M|100\/100\n|move|p2a: Slither Wing|Drain Punch|p1a: Corviknight\n|-damage|p1a: Corviknight|69\/100\n|-heal|p2a: Slither Wing|40\/100|[from] drain|[of] p1a: Corviknight\n|-damage|p2a: Slither Wing|23\/100|[from] item: Rocky Helmet|[of] p1a: Corviknight\n|-damage|p2a: Slither Wing|13\/100|[from] item: Life Orb\n|\n|upkeep\n|turn|8\n|\n|t:|1699410072\n|move|p2a: Slither Wing|Bulk Up|p2a: Slither Wing\n|-boost|p2a: Slither Wing|atk|1\n|-boost|p2a: Slither Wing|def|1\n|move|p1a: Corviknight|U-turn|p2a: Slither Wing\n|-resisted|p2a: Slither Wing\n|-damage|p2a: Slither Wing|9\/100\n|\n|t:|1699410078\n|switch|p1a: Zapdos|Zapdos-Galar|100\/100|[from] U-turn\n|-ability|p1a: Zapdos|Sword of Ruin\n|\n|-sideend|p2: TheTrueLtaker|move: Light Screen\n|upkeep\n|turn|9\n|\n|t:|1699410085\n|switch|p1a: Corviknight|Corviknight, M|69\/100\n|move|p2a: Slither Wing|Drain Punch|p1a: Corviknight\n|-damage|p1a: Corviknight|13\/100\n|-heal|p2a: Slither Wing|38\/100|[from] drain|[of] p1a: Corviknight\n|-damage|p2a: Slither Wing|22\/100|[from] item: Rocky Helmet|[of] p1a: Corviknight\n|-damage|p2a: Slither Wing|12\/100|[from] item: Life Orb\n|\n|upkeep\n|turn|10\n|\n|t:|1699410094\n|move|p2a: Slither Wing|Drain Punch|p1a: Corviknight\n|-damage|p1a: Corviknight|0 fnt\n|-heal|p2a: Slither Wing|19\/100|[from] drain|[of] p1a: Corviknight\n|-damage|p2a: Slither Wing|2\/100|[from] item: Rocky Helmet|[of] p1a: Corviknight\n|faint|p1a: Corviknight\n|-damage|p2a: Slither Wing|0 fnt|[from] item: Life Orb\n|faint|p2a: Slither Wing\n|\n|upkeep\n|\n|t:|1699410105\n|switch|p2a: Cresselia|Cresselia, F|100\/100\n|switch|p1a: Ogerpon|Ogerpon-Hearthflame, F|100\/100\n|turn|11\n|\n|t:|1699410116\n|move|p1a: Ogerpon|Swords Dance|p1a: Ogerpon\n|-boost|p1a: Ogerpon|atk|2\n|move|p2a: Cresselia|Teleport|p2a: Cresselia\n|\n|t:|1699410121\n|switch|p2a: Sandy Shocks|Sandy Shocks|100\/100|[from] Teleport\n|-fieldstart|move: Electric Terrain|[from] ability: Hadron Engine|[of] p2a: Sandy Shocks\n|\n|upkeep\n|turn|12\n|\n|t:|1699410130\n|switch|p1a: Sandy Shocks|Sandy Shocks|100\/100\n|-activate|p1a: Sandy Shocks|ability: Hadron Engine\n|move|p2a: Sandy Shocks|Power Gem|p1a: Sandy Shocks\n|-resisted|p1a: Sandy Shocks\n|-damage|p1a: Sandy Shocks|78\/100\n|\n|upkeep\n|turn|13\n|\n|t:|1699410141\n|switch|p2a: Cresselia|Cresselia, F|100\/100\n|move|p1a: Sandy Shocks|Volt Switch|p2a: Cresselia\n|-damage|p2a: Cresselia|70\/100\n|\n|t:|1699410146\n|switch|p1a: Ogerpon|Ogerpon-Hearthflame, F|100\/100|[from] Volt Switch\n|\n|upkeep\n|turn|14\n|\n|t:|1699410151\n|move|p2a: Cresselia|Reflect|p2a: Cresselia\n|-sidestart|p2: TheTrueLtaker|Reflect\n|move|p1a: Ogerpon|Swords Dance|p1a: Ogerpon\n|-boost|p1a: Ogerpon|atk|2\n|\n|upkeep\n|turn|15\n|\n|t:|1699410162\n|switch|p2a: Ogerpon|Ogerpon-Hearthflame, F|100\/100\n|move|p1a: Ogerpon|Flower Trick|p2a: Ogerpon\n|-resisted|p2a: Ogerpon\n|-crit|p2a: Ogerpon\n|-damage|p2a: Ogerpon|41\/100\n|\n|-fieldend|move: Electric Terrain\n|upkeep\n|turn|16\n|\n|t:|1699410167\n|move|p1a: Ogerpon|Flower Trick|p2a: Ogerpon\n|-resisted|p2a: Ogerpon\n|-crit|p2a: Ogerpon\n|-damage|p2a: Ogerpon|0 fnt\n|faint|p2a: Ogerpon\n|\n|upkeep\n|\n|t:|1699410171\n|switch|p2a: Sandy Shocks|Sandy Shocks|100\/100\n|-fieldstart|move: Electric Terrain|[from] ability: Hadron Engine|[of] p2a: Sandy Shocks\n|turn|17\n|\n|t:|1699410181\n|switch|p2a: Drednaw|Drednaw, M|100\/100\n|move|p1a: Ogerpon|Flower Trick|p2a: Drednaw\n|-supereffective|p2a: Drednaw\n|-crit|p2a: Drednaw\n|-enditem|p2a: Drednaw|Focus Sash\n|-damage|p2a: Drednaw|1\/100\n|\n|upkeep\n|turn|18\n|\n|t:|1699410188\n|move|p2a: Drednaw|Jet Punch|p1a: Ogerpon\n|-damage|p1a: Ogerpon|57\/100\n|move|p1a: Ogerpon|Flower Trick|p2a: Drednaw\n|-supereffective|p2a: Drednaw\n|-crit|p2a: Drednaw\n|-damage|p2a: Drednaw|0 fnt\n|faint|p2a: Drednaw\n|\n|upkeep\n|c|\u2606TheTrueLtaker|gg\n|-message|TheTrueLtaker forfeited.\n|\n|win|dreepy airlines\n|n|\u2606dreepy airlines|dreepyairlines\n|n|\u2606TheTrueLtaker|thetrueltaker\n|l|\u2606TheTrueLtaker\n","uploadtime":1699410199,"views":4,"p1id":"dreepyairlines","p2id":"thetrueltaker","formatid":"gen9anythinggoes","rating":0,"private":0,"password":""}