{"id":"gen9anythinggoes-1973143599","p1":"TreBucet","p2":"Tony162673","format":"[Gen 9] Anything Goes","log":"|j|\u2606TreBucet\n|j|\u2606Tony162673\n|t:|1697932465\n|gametype|singles\n|player|p1|TreBucet|veteranf|1107\n|player|p2|Tony162673|102|1074\n|teamsize|p1|6\n|teamsize|p2|6\n|gen|9\n|tier|[Gen 9] Anything Goes\n|rated|\n|rule|HP Percentage Mod: HP is shown in percentages\n|rule|Endless Battle Clause: Forcing endless battles is banned\n|clearpoke\n|poke|p1|Espathra, F|\n|poke|p1|Kingambit, F|\n|poke|p1|Ribombee, M|\n|poke|p1|Houndstone, M|\n|poke|p1|Glimmora, M|\n|poke|p1|Calyrex-Shadow|\n|poke|p2|Zapdos|\n|poke|p2|Glimmora, M|\n|poke|p2|Calyrex-Shadow|\n|poke|p2|Passimian, F|\n|poke|p2|Zamazenta-*|\n|poke|p2|Clodsire, F|\n|teampreview\n|\n|t:|1697932473\n|start\n|switch|p1a: da mora|Glimmora, M|100\/100\n|switch|p2a: Glimmora|Glimmora, M, shiny|100\/100\n|turn|1\n|c|\u2606TreBucet|lol\n|c|\u2606TreBucet|what r the odds\n|\n|t:|1697932491\n|move|p1a: da mora|Power Gem|p2a: Glimmora\n|-damage|p2a: Glimmora|70\/100\n|move|p2a: Glimmora|Stealth Rock|p1a: da mora\n|-sidestart|p1: TreBucet|move: Stealth Rock\n|\n|-heal|p2a: Glimmora|76\/100|[from] item: Leftovers\n|upkeep\n|turn|2\n|\n|t:|1697932504\n|move|p1a: da mora|Mortal Spin|p2a: Glimmora\n|-resisted|p2a: Glimmora\n|-damage|p2a: Glimmora|74\/100\n|-activate|p2a: Glimmora|ability: Toxic Debris\n|-sidestart|p1: TreBucet|move: Toxic Spikes\n|-sideend|p1: TreBucet|Toxic Spikes|[from] move: Mortal Spin|[of] p1a: da mora\n|-sideend|p1: TreBucet|Stealth Rock|[from] move: Mortal Spin|[of] p1a: da mora\n|move|p2a: Glimmora|Spikes|p1a: da mora\n|-sidestart|p1: TreBucet|Spikes\n|\n|-heal|p2a: Glimmora|80\/100|[from] item: Leftovers\n|upkeep\n|turn|3\n|\n|t:|1697932515\n|move|p1a: da mora|Explosion|p2a: Glimmora\n|-resisted|p2a: Glimmora\n|-damage|p2a: Glimmora|61\/100\n|-activate|p2a: Glimmora|ability: Toxic Debris\n|-sidestart|p1: TreBucet|move: Toxic Spikes\n|faint|p1a: da mora\n|move|p2a: Glimmora|Stealth Rock|p1: da mora\n|-sidestart|p1: TreBucet|move: Stealth Rock\n|\n|-heal|p2a: Glimmora|67\/100|[from] item: Leftovers\n|upkeep\n|\n|t:|1697932524\n|switch|p1a: gimmick fail|Calyrex-Shadow|100\/100\n|-ability|p1a: gimmick fail|As One\n|-ability|p1a: gimmick fail|Unnerve\n|-damage|p1a: gimmick fail|88\/100|[from] Spikes\n|-status|p1a: gimmick fail|psn\n|-damage|p1a: gimmick fail|76\/100 psn|[from] Stealth Rock\n|turn|4\n|\n|t:|1697932535\n|move|p1a: gimmick fail|Astral Barrage|p2a: Glimmora\n|-damage|p2a: Glimmora|0 fnt\n|faint|p2a: Glimmora\n|-ability|p1a: gimmick fail|Grim Neigh|boost\n|-boost|p1a: gimmick fail|spa|1\n|\n|-damage|p1a: gimmick fail|64\/100 psn|[from] psn\n|upkeep\n|\n|t:|1697932546\n|switch|p2a: Calyrex|Calyrex-Shadow|100\/100\n|-ability|p2a: Calyrex|As One\n|-ability|p2a: Calyrex|Unnerve\n|turn|5\n|\n|t:|1697932554\n|switch|p1a: the bee|Ribombee, M|100\/100\n|-damage|p1a: the bee|88\/100|[from] Spikes\n|-status|p1a: the bee|psn\n|-damage|p1a: the bee|63\/100 psn|[from] Stealth Rock\n|move|p2a: Calyrex|Astral Barrage|p1a: the bee\n|-damage|p1a: the bee|0 fnt\n|faint|p1a: the bee\n|-ability|p2a: Calyrex|Grim Neigh|boost\n|-boost|p2a: Calyrex|spa|1\n|\n|upkeep\n|\n|t:|1697932568\n|switch|p1a: the hound|Houndstone, M|100\/100\n|-damage|p1a: the hound|88\/100|[from] Spikes\n|-status|p1a: the hound|psn\n|-damage|p1a: the hound|76\/100 psn|[from] Stealth Rock\n|turn|6\n|\n|t:|1697932576\n|-terastallize|p1a: the hound|Normal\n|move|p2a: Calyrex|Astral Barrage|p1a: the hound\n|-immune|p1a: the hound\n|move|p1a: the hound|Crunch|p2a: Calyrex\n|-supereffective|p2a: Calyrex\n|-damage|p2a: Calyrex|0 fnt\n|faint|p2a: Calyrex\n|\n|-damage|p1a: the hound|64\/100 psn|[from] psn\n|upkeep\n|\n|t:|1697932589\n|switch|p2a: Zamazenta|Zamazenta-Crowned|100\/100\n|-ability|p2a: Zamazenta|Dauntless Shield|boost\n|-boost|p2a: Zamazenta|def|1\n|turn|7\n|\n|t:|1697932597\n|switch|p1a: gimmick fail|Calyrex-Shadow|64\/100 psn\n|-ability|p1a: gimmick fail|As One\n|-ability|p1a: gimmick fail|Unnerve\n|-damage|p1a: gimmick fail|51\/100 psn|[from] Spikes\n|-damage|p1a: gimmick fail|39\/100 psn|[from] Stealth Rock\n|move|p2a: Zamazenta|Hyper Beam|p1a: gimmick fail\n|-immune|p1a: gimmick fail\n|\n|-damage|p1a: gimmick fail|27\/100 psn|[from] psn\n|upkeep\n|turn|8\n|\n|t:|1697932612\n|move|p1a: gimmick fail|Astral Barrage|p2a: Zamazenta\n|-damage|p2a: Zamazenta|54\/100\n|move|p2a: Zamazenta|Behemoth Bash|p1a: gimmick fail\n|-damage|p1a: gimmick fail|0 fnt\n|faint|p1a: gimmick fail\n|\n|upkeep\n|c|\u2606TreBucet|i shoudlve went with boots ngl\n|\n|t:|1697932627\n|switch|p1a: the pathra|Espathra, F|100\/100\n|-damage|p1a: the pathra|88\/100|[from] Spikes\n|-status|p1a: the pathra|psn\n|-damage|p1a: the pathra|76\/100 psn|[from] Stealth Rock\n|turn|9\n|\n|t:|1697932636\n|move|p2a: Zamazenta|Iron Defense|p2a: Zamazenta\n|-boost|p2a: Zamazenta|def|2\n|-ability|p1a: the pathra|Opportunist|boost\n|-boost|p1a: the pathra|def|2\n|move|p1a: the pathra|Night Shade|p2a: Zamazenta\n|-damage|p2a: Zamazenta|28\/100\n|\n|-damage|p1a: the pathra|63\/100 psn|[from] psn\n|upkeep\n|turn|10\n|\n|t:|1697932645\n|move|p2a: Zamazenta|Behemoth Bash|p1a: the pathra\n|-damage|p1a: the pathra|31\/100 psn\n|move|p1a: the pathra|Baton Pass|p1a: the pathra\n|\n|t:|1697932649\n|switch|p1a: the gambit|Kingambit, F, shiny|100\/100|[from] Baton Pass\n|-damage|p1a: the gambit|88\/100|[from] Spikes\n|-damage|p1a: the gambit|82\/100|[from] Stealth Rock\n|-activate|p1a: the gambit|ability: Supreme Overlord\n|-start|p1a: the gambit|fallen3|[silent]\n|\n|upkeep\n|turn|11\n|\n|t:|1697932659\n|move|p2a: Zamazenta|Hyper Beam|p1a: the gambit\n|-resisted|p1a: the gambit\n|-crit|p1a: the gambit\n|-damage|p1a: the gambit|56\/100\n|-mustrecharge|p2a: Zamazenta\n|move|p1a: the gambit|Kowtow Cleave|p2a: Zamazenta\n|-resisted|p2a: Zamazenta\n|-damage|p2a: Zamazenta|19\/100\n|\n|upkeep\n|turn|12\n|\n|t:|1697932668\n|cant|p2a: Zamazenta|recharge\n|move|p1a: the gambit|Kowtow Cleave|p2a: Zamazenta\n|-resisted|p2a: Zamazenta\n|-damage|p2a: Zamazenta|10\/100\n|\n|upkeep\n|turn|13\n|\n|t:|1697932675\n|move|p2a: Zamazenta|Behemoth Bash|p1a: the gambit\n|-resisted|p1a: the gambit\n|-damage|p1a: the gambit|47\/100\n|move|p1a: the gambit|Kowtow Cleave|p2a: Zamazenta\n|-resisted|p2a: Zamazenta\n|-damage|p2a: Zamazenta|2\/100\n|\n|upkeep\n|turn|14\n|\n|t:|1697932684\n|move|p2a: Zamazenta|Hyper Beam|p1a: the gambit\n|-resisted|p1a: the gambit\n|-damage|p1a: the gambit|32\/100\n|-mustrecharge|p2a: Zamazenta\n|move|p1a: the gambit|Kowtow Cleave|p2a: Zamazenta\n|-resisted|p2a: Zamazenta\n|-damage|p2a: Zamazenta|0 fnt\n|faint|p2a: Zamazenta\n|\n|upkeep\n|\n|t:|1697932695\n|switch|p2a: Passimian|Passimian, F|100\/100\n|turn|15\n|\n|t:|1697932701\n|move|p1a: the gambit|Kowtow Cleave|p2a: Passimian\n|-resisted|p2a: Passimian\n|-damage|p2a: Passimian|69\/100\n|move|p2a: Passimian|Counter|p1a: the gambit\n|-damage|p1a: the gambit|0 fnt\n|faint|p1a: the gambit\n|-end|p1a: the gambit|fallen3|[silent]\n|\n|-heal|p2a: Passimian|75\/100|[from] item: Leftovers\n|upkeep\n|\n|t:|1697932709\n|switch|p1a: the hound|Houndstone, M, tera:Normal|64\/100 psn\n|-damage|p1a: the hound|51\/100 psn|[from] Spikes\n|-damage|p1a: the hound|39\/100 psn|[from] Stealth Rock\n|turn|16\n|\n|t:|1697932715\n|move|p1a: the hound|Last Respects|p2a: Passimian\n|-damage|p2a: Passimian|0 fnt\n|faint|p2a: Passimian\n|\n|-damage|p1a: the hound|27\/100 psn|[from] psn\n|upkeep\n|\n|t:|1697932722\n|switch|p2a: Clodsire|Clodsire, F|100\/100\n|turn|17\n|\n|t:|1697932728\n|move|p1a: the hound|Last Respects|p2a: Clodsire\n|-damage|p2a: Clodsire|0 fnt\n|faint|p2a: Clodsire\n|\n|-damage|p1a: the hound|15\/100 psn|[from] psn\n|upkeep\n|\n|t:|1697932735\n|switch|p2a: Zapdos|Zapdos, shiny|100\/100\n|turn|18\n|\n|t:|1697932742\n|move|p1a: the hound|Last Respects|p2a: Zapdos\n|-damage|p2a: Zapdos|0 fnt\n|faint|p2a: Zapdos\n|\n|win|TreBucet\n|raw|TreBucet's rating: 1107 &rarr; <strong>1130<\/strong><br \/>(+23 for winning)\n|raw|Tony162673's rating: 1074 &rarr; <strong>1055<\/strong><br \/>(-19 for losing)\n|c|\u2606TreBucet|gg\n|c|\u2606TreBucet|that was close\n|c|\u2606TreBucet|i thought you'd hit me before i could at the end\n","uploadtime":1697932772,"views":9,"p1id":"trebucet","p2id":"tony162673","formatid":"gen9anythinggoes","rating":1055,"private":0,"password":""}