{"id":"gen9anythinggoes-1982233513","p1":"vhindel","p2":"OmarHenryKasOscar","format":"[Gen 9] Anything Goes","log":"|j|\u2606vhindel\n|j|\u2606OmarHenryKasOscar\n|t:|1698982332\n|gametype|singles\n|player|p1|vhindel|266|1041\n|player|p2|OmarHenryKasOscar|artist|1015\n|teamsize|p1|6\n|teamsize|p2|6\n|gen|9\n|tier|[Gen 9] Anything Goes\n|rated|\n|rule|HP Percentage Mod: HP is shown in percentages\n|rule|Endless Battle Clause: Forcing endless battles is banned\n|clearpoke\n|poke|p1|Rillaboom, F|\n|poke|p1|Gliscor, F|\n|poke|p1|Hawlucha, M|\n|poke|p1|Drifblim, F|\n|poke|p1|Clefable, F|\n|poke|p1|Cinderace, F|\n|poke|p2|Kyogre|\n|poke|p2|Groudon|\n|poke|p2|Haxorus, F|\n|poke|p2|Articuno|\n|poke|p2|Crawdaunt, M|\n|poke|p2|Landorus-Therian, M|\n|teampreview\n|c|\u2606OmarHenryKasOscar|GLHF\n|\n|t:|1698982341\n|start\n|switch|p1a: Drifblim|Drifblim, F|100\/100\n|switch|p2a: Haxorus|Haxorus, F|100\/100\n|-ability|p2a: Haxorus|Mold Breaker\n|turn|1\n|\n|t:|1698982353\n|move|p2a: Haxorus|Taunt|p1a: Drifblim\n|-start|p1a: Drifblim|move: Taunt\n|cant|p1a: Drifblim|move: Taunt|Substitute\n|\n|upkeep\n|turn|2\n|\n|t:|1698982359\n|switch|p2a: Crawdaunt|Crawdaunt, M|100\/100\n|move|p1a: Drifblim|Shadow Ball|p2a: Crawdaunt\n|-resisted|p2a: Crawdaunt\n|-damage|p2a: Crawdaunt|91\/100\n|\n|upkeep\n|turn|3\n|\n|t:|1698982370\n|switch|p2a: Landorus|Landorus-Therian, M|100\/100\n|-ability|p2a: Landorus|Intimidate|boost\n|-unboost|p1a: Drifblim|atk|1\n|move|p1a: Drifblim|Shadow Ball|p2a: Landorus\n|-damage|p2a: Landorus|73\/100\n|\n|-heal|p2a: Landorus|79\/100|[from] item: Leftovers\n|-end|p1a: Drifblim|move: Taunt\n|upkeep\n|turn|4\n|\n|t:|1698982382\n|move|p2a: Landorus|Taunt|p1a: Drifblim\n|-start|p1a: Drifblim|move: Taunt\n|move|p1a: Drifblim|Shadow Ball|p2a: Landorus\n|-damage|p2a: Landorus|50\/100\n|\n|-heal|p2a: Landorus|56\/100|[from] item: Leftovers\n|upkeep\n|turn|5\n|\n|t:|1698982391\n|move|p2a: Landorus|Gravity|p2a: Landorus\n|-fieldstart|move: Gravity\n|move|p1a: Drifblim|Shadow Ball|p2a: Landorus\n|-damage|p2a: Landorus|31\/100\n|\n|-heal|p2a: Landorus|37\/100|[from] item: Leftovers\n|upkeep\n|turn|6\n|\n|t:|1698982399\n|move|p2a: Landorus|Fissure|p1a: Drifblim|[miss]\n|-miss|p2a: Landorus|p1a: Drifblim\n|move|p1a: Drifblim|Shadow Ball|p2a: Landorus\n|-damage|p2a: Landorus|8\/100\n|\n|-heal|p2a: Landorus|14\/100|[from] item: Leftovers\n|-end|p1a: Drifblim|move: Taunt\n|upkeep\n|turn|7\n|\n|t:|1698982410\n|move|p2a: Landorus|Fissure|p1a: Drifblim\n|-damage|p1a: Drifblim|0 fnt\n|faint|p1a: Drifblim\n|-ohko\n|\n|-heal|p2a: Landorus|20\/100|[from] item: Leftovers\n|upkeep\n|\n|t:|1698982425\n|switch|p1a: Hawlucha|Hawlucha, M|100\/100\n|turn|8\n|\n|t:|1698982432\n|move|p1a: Hawlucha|Bulk Up|p1a: Hawlucha\n|-boost|p1a: Hawlucha|atk|1\n|-boost|p1a: Hawlucha|def|1\n|move|p2a: Landorus|Taunt|p1a: Hawlucha\n|-start|p1a: Hawlucha|move: Taunt\n|\n|-heal|p2a: Landorus|26\/100|[from] item: Leftovers\n|upkeep\n|turn|9\n|\n|t:|1698982442\n|-activate|p1a: Hawlucha|move: Struggle\n|move|p1a: Hawlucha|Struggle|p2a: Landorus\n|-damage|p2a: Landorus|5\/100\n|-damage|p1a: Hawlucha|76\/100|[from] recoil\n|move|p2a: Landorus|Fissure|p1a: Hawlucha\n|-damage|p1a: Hawlucha|0 fnt\n|faint|p1a: Hawlucha\n|-ohko\n|\n|-heal|p2a: Landorus|11\/100|[from] item: Leftovers\n|-fieldend|move: Gravity\n|upkeep\n|l|\u2606vhindel\n|player|p1|\n|c|\u2606OmarHenryKasOscar|COME BACK\n|c|\u2606OmarHenryKasOscar|MY COMRAD PLS\n|inactive|Battle timer is ON: inactive players will automatically lose when time's up. (requested by OmarHenryKasOscar)\n|inactive|vhindel has 30 seconds to reconnect!\n|inactive|vhindel has 20 seconds to reconnect!\n|inactive|vhindel has 15 seconds to reconnect!\n|inactive|vhindel has 10 seconds to reconnect!\n|inactive|vhindel has 5 seconds to reconnect!\n|-message|vhindel lost due to inactivity.\n|\n|win|OmarHenryKasOscar\n|raw|vhindel's rating: 1041 &rarr; <strong>1024<\/strong><br \/>(-17 for losing)\n|raw|OmarHenryKasOscar's rating: 1015 &rarr; <strong>1056<\/strong><br \/>(+41 for winning)\n|l|\u2606OmarHenryKasOscar\n|j|\u2606OmarHenryKasOscar\n|player|p2|OmarHenryKasOscar|artist\n","uploadtime":1698982873,"views":3,"p1id":"vhindel","p2id":"omarhenrykasoscar","formatid":"gen9anythinggoes","rating":1024,"private":0,"password":""}