{"id":"gen9anythinggoes-1993327558","p1":"wer2834","p2":"JayzonAlcantara","format":"[Gen 9] Anything Goes","log":"|j|\u2606wer2834\n|j|\u2606JayzonAlcantara\n|t:|1700299149\n|gametype|singles\n|player|p1|wer2834|266|1295\n|player|p2|JayzonAlcantara|cynthia-gen4|1328\n|teamsize|p1|6\n|teamsize|p2|6\n|gen|9\n|tier|[Gen 9] Anything Goes\n|rated|\n|rule|HP Percentage Mod: HP is shown in percentages\n|rule|Endless Battle Clause: Forcing endless battles is banned\n|clearpoke\n|poke|p1|Masquerain, M|\n|poke|p1|Infernape, F|\n|poke|p1|Calyrex-Shadow|\n|poke|p1|Zacian-*|\n|poke|p1|Shaymin-Sky|\n|poke|p1|Kingambit, F|\n|poke|p2|Hippowdon, M|\n|poke|p2|Ceruledge, M|\n|poke|p2|Vivillon-Icy Snow, M|\n|poke|p2|Houndstone, F|\n|poke|p2|Calyrex-Shadow|\n|poke|p2|Iron Bundle|\n|teampreview\n|inactive|Battle timer is ON: inactive players will automatically lose when time's up. (requested by wer2834)\n|\n|t:|1700299167\n|start\n|switch|p1a: Shaymin|Shaymin-Sky|100\/100\n|switch|p2a: 1 hit|Vivillon-Icy Snow, M, shiny|100\/100\n|turn|1\n|\n|t:|1700299173\n|-terastallize|p2a: 1 hit|Fire\n|move|p1a: Shaymin|Air Slash|p2a: 1 hit\n|-enditem|p2a: 1 hit|Focus Sash\n|-damage|p2a: 1 hit|1\/100\n|cant|p2a: 1 hit|flinch\n|\n|upkeep\n|turn|2\n|\n|t:|1700299180\n|move|p1a: Shaymin|Air Slash|p2a: 1 hit\n|-damage|p2a: 1 hit|0 fnt\n|faint|p2a: 1 hit\n|\n|upkeep\n|\n|t:|1700299185\n|switch|p2a: penguin engine|Iron Bundle|100\/100\n|-enditem|p2a: penguin engine|Booster Energy\n|-activate|p2a: penguin engine|ability: Quark Drive|[fromitem]\n|-start|p2a: penguin engine|quarkdrivespa\n|turn|3\n|\n|t:|1700299191\n|move|p1a: Shaymin|Air Slash|p2a: penguin engine\n|-damage|p2a: penguin engine|0 fnt\n|faint|p2a: penguin engine\n|-end|p2a: penguin engine|Quark Drive|[silent]\n|\n|upkeep\n|\n|t:|1700299197\n|switch|p2a: horse and sht|Calyrex-Shadow|100\/100\n|-ability|p2a: horse and sht|As One\n|-ability|p2a: horse and sht|Unnerve\n|turn|4\n|\n|t:|1700299200\n|switch|p1a: Kingambit|Kingambit, F|100\/100\n|-item|p1a: Kingambit|Air Balloon\n|move|p2a: horse and sht|Astral Barrage|p1a: Kingambit\n|-resisted|p1a: Kingambit\n|-damage|p1a: Kingambit|60\/100\n|-enditem|p1a: Kingambit|Air Balloon\n|\n|upkeep\n|turn|5\n|\n|t:|1700299214\n|switch|p2a: bulok|Ceruledge, M|100\/100\n|move|p1a: Kingambit|Iron Head|p2a: bulok\n|-resisted|p2a: bulok\n|-damage|p2a: bulok|66\/100\n|-ability|p2a: bulok|Weak Armor|boost\n|-unboost|p2a: bulok|def|1\n|-boost|p2a: bulok|spe|2\n|\n|upkeep\n|turn|6\n|\n|t:|1700299219\n|move|p1a: Kingambit|Sucker Punch||[still]\n|-fail|p1a: Kingambit\n|move|p2a: bulok|Disable|p1a: Kingambit\n|-start|p1a: Kingambit|Disable|Sucker Punch\n|\n|upkeep\n|turn|7\n|\n|t:|1700299227\n|switch|p2a: horse and sht|Calyrex-Shadow|100\/100\n|-ability|p2a: horse and sht|As One\n|-ability|p2a: horse and sht|Unnerve\n|-end|p1a: Kingambit|fallenundefined|[silent]\n|switch|p1a: Infernape|Infernape, F, shiny|100\/100\n|\n|upkeep\n|turn|8\n|\n|t:|1700299236\n|move|p2a: horse and sht|Astral Barrage|p1a: Infernape\n|-enditem|p1a: Infernape|Focus Sash\n|-damage|p1a: Infernape|1\/100\n|move|p1a: Infernape|Knock Off|p2a: horse and sht\n|-supereffective|p2a: horse and sht\n|-damage|p2a: horse and sht|0 fnt\n|-enditem|p2a: horse and sht|Choice Scarf|[from] move: Knock Off|[of] p1a: Infernape\n|faint|p2a: horse and sht\n|\n|upkeep\n|\n|t:|1700299248\n|switch|p2a: fatt|Hippowdon, M, shiny|100\/100\n|-weather|Sandstorm|[from] ability: Sand Stream|[of] p2a: fatt\n|turn|9\n|\n|t:|1700299252\n|move|p1a: Infernape|Raging Fury|p2a: fatt\n|-damage|p2a: fatt|60\/100\n|move|p2a: fatt|Stealth Rock|p1a: Infernape\n|-sidestart|p1: wer2834|move: Stealth Rock\n|\n|-weather|Sandstorm|[upkeep]\n|-damage|p1a: Infernape|0 fnt|[from] Sandstorm\n|faint|p1a: Infernape\n|upkeep\n|\n|t:|1700299255\n|switch|p1a: Masquerain|Masquerain, M|100\/100\n|-damage|p1a: Masquerain|51\/100|[from] Stealth Rock\n|-ability|p1a: Masquerain|Intimidate|boost\n|-unboost|p2a: fatt|atk|1\n|turn|10\n|\n|t:|1700299265\n|switch|p2a: bulok|Ceruledge, M|66\/100\n|move|p1a: Masquerain|Sticky Web|p2a: bulok\n|-sidestart|p2: JayzonAlcantara|move: Sticky Web\n|\n|-weather|Sandstorm|[upkeep]\n|-damage|p2a: bulok|60\/100|[from] Sandstorm\n|-damage|p1a: Masquerain|45\/100|[from] Sandstorm\n|upkeep\n|turn|11\n|\n|t:|1700299269\n|move|p2a: bulok|Fire Blast|p1a: Masquerain|[miss]\n|-miss|p2a: bulok|p1a: Masquerain\n|move|p1a: Masquerain|Stun Spore|p2a: bulok\n|-status|p2a: bulok|par\n|\n|-weather|Sandstorm|[upkeep]\n|-damage|p1a: Masquerain|39\/100|[from] Sandstorm\n|-damage|p2a: bulok|54\/100 par|[from] Sandstorm\n|upkeep\n|turn|12\n|\n|t:|1700299275\n|move|p1a: Masquerain|Icy Wind|p2a: bulok\n|-resisted|p2a: bulok\n|-damage|p2a: bulok|44\/100 par\n|-unboost|p2a: bulok|spe|1\n|move|p2a: bulok|Fire Blast|p1a: Masquerain\n|-supereffective|p1a: Masquerain\n|-damage|p1a: Masquerain|0 fnt\n|faint|p1a: Masquerain\n|\n|-weather|Sandstorm|[upkeep]\n|-damage|p2a: bulok|38\/100 par|[from] Sandstorm\n|upkeep\n|\n|t:|1700299279\n|switch|p1a: Kingambit|Kingambit, F|60\/100\n|-damage|p1a: Kingambit|54\/100|[from] Stealth Rock\n|-activate|p1a: Kingambit|ability: Supreme Overlord\n|-start|p1a: Kingambit|fallen2|[silent]\n|turn|13\n|\n|t:|1700299291\n|switch|p2a: fatt|Hippowdon, M, shiny|60\/100\n|-activate|p2a: fatt|move: Sticky Web\n|-unboost|p2a: fatt|spe|1\n|move|p1a: Kingambit|Swords Dance|p1a: Kingambit\n|-boost|p1a: Kingambit|atk|2\n|\n|-weather|Sandstorm|[upkeep]\n|upkeep\n|turn|14\n|\n|t:|1700299296\n|switch|p2a: bulok|Ceruledge, M|38\/100 par\n|-activate|p2a: bulok|move: Sticky Web\n|-unboost|p2a: bulok|spe|1\n|move|p1a: Kingambit|Iron Head|p2a: bulok\n|-resisted|p2a: bulok\n|-damage|p2a: bulok|0 fnt\n|faint|p2a: bulok\n|\n|-weather|Sandstorm|[upkeep]\n|upkeep\n|\n|t:|1700299299\n|switch|p2a: fatt|Hippowdon, M, shiny|60\/100\n|-activate|p2a: fatt|move: Sticky Web\n|-unboost|p2a: fatt|spe|1\n|turn|15\n|\n|t:|1700299306\n|move|p1a: Kingambit|Iron Head|p2a: fatt\n|-damage|p2a: fatt|4\/100\n|move|p2a: fatt|Earthquake|p1a: Kingambit\n|-supereffective|p1a: Kingambit\n|-damage|p1a: Kingambit|0 fnt\n|faint|p1a: Kingambit\n|-end|p1a: Kingambit|fallen2|[silent]\n|\n|-weather|Sandstorm|[upkeep]\n|upkeep\n|\n|t:|1700299309\n|switch|p1a: Calyrex|Calyrex-Shadow|100\/100\n|-ability|p1a: Calyrex|As One\n|-ability|p1a: Calyrex|Unnerve\n|-damage|p1a: Calyrex|88\/100|[from] Stealth Rock\n|turn|16\n|\n|t:|1700299320\n|move|p1a: Calyrex|Astral Barrage|p2a: fatt\n|-damage|p2a: fatt|0 fnt\n|faint|p2a: fatt\n|-ability|p1a: Calyrex|Grim Neigh|boost\n|-boost|p1a: Calyrex|spa|1\n|\n|-weather|none\n|-heal|p1a: Calyrex|94\/100|[from] item: Leftovers\n|upkeep\n|\n|t:|1700299326\n|switch|p2a: grave in head|Houndstone, F, shiny|100\/100\n|-activate|p2a: grave in head|move: Sticky Web\n|-unboost|p2a: grave in head|spe|1\n|turn|17\n|\n|t:|1700299329\n|-terastallize|p1a: Calyrex|Normal\n|move|p2a: grave in head|Shadow Sneak|p1a: Calyrex\n|-immune|p1a: Calyrex\n|move|p1a: Calyrex|Substitute|p1a: Calyrex\n|-start|p1a: Calyrex|Substitute\n|-damage|p1a: Calyrex|69\/100\n|\n|-heal|p1a: Calyrex|76\/100|[from] item: Leftovers\n|upkeep\n|turn|18\n|-message|JayzonAlcantara forfeited.\n|\n|win|wer2834\n|raw|wer2834's rating: 1295 &rarr; <strong>1322<\/strong><br \/>(+27 for winning)\n|raw|JayzonAlcantara's rating: 1328 &rarr; <strong>1306<\/strong><br \/>(-22 for losing)\n|l|\u2606JayzonAlcantara\n","uploadtime":1700299347,"views":7,"p1id":"wer2834","p2id":"jayzonalcantara","formatid":"gen9anythinggoes","rating":1306,"private":0,"password":""}