{"id":"gen9anythinggoes-1980078103","p1":"SuperJabroniBros","p2":"hoenn militian","format":"[Gen 9] Anything Goes","log":"|j|\u2606SuperJabroniBros\n|j|\u203dhoenn militian\n|t:|1698754953\n|gametype|singles\n|player|p1|SuperJabroniBros|plasmagrunt|1625\n|player|p2|hoenn militian|101|1773\n|teamsize|p1|6\n|teamsize|p2|6\n|gen|9\n|tier|[Gen 9] Anything Goes\n|rated|\n|rule|HP Percentage Mod: HP is shown in percentages\n|rule|Endless Battle Clause: Forcing endless battles is banned\n|clearpoke\n|poke|p1|Calyrex-Shadow|\n|poke|p1|Koraidon|\n|poke|p1|Zamazenta-*|\n|poke|p1|Arceus-Fairy|\n|poke|p1|Kyogre|\n|poke|p1|Ribombee, M|\n|poke|p2|Miraidon|\n|poke|p2|Grimmsnarl, M|\n|poke|p2|Skeledirge, M|\n|poke|p2|Blissey, F|\n|poke|p2|Moltres|\n|poke|p2|Calyrex-Ice|\n|teampreview\n|inactive|Battle timer is ON: inactive players will automatically lose when time's up. (requested by SuperJabroniBros)\n|\n|t:|1698754962\n|start\n|switch|p1a: Ribombee|Ribombee, M|100\/100\n|switch|p2a: Miraidon|Miraidon|100\/100\n|-fieldstart|move: Electric Terrain|[from] ability: Hadron Engine|[of] p2a: Miraidon\n|turn|1\n|\n|t:|1698754984\n|move|p2a: Miraidon|Electro Drift|p1a: Ribombee\n|-crit|p1a: Ribombee\n|-enditem|p1a: Ribombee|Focus Sash\n|-damage|p1a: Ribombee|1\/100\n|move|p1a: Ribombee|Sticky Web|p2a: Miraidon\n|-sidestart|p2: hoenn militian|move: Sticky Web\n|\n|upkeep\n|turn|2\n|\n|t:|1698754992\n|move|p2a: Miraidon|U-turn|p1a: Ribombee\n|-resisted|p1a: Ribombee\n|-damage|p1a: Ribombee|0 fnt\n|faint|p1a: Ribombee\n|\n|t:|1698754997\n|switch|p2a: Grimmsnarl|Grimmsnarl, M|100\/100|[from] U-turn\n|\n|upkeep\n|\n|t:|1698755009\n|switch|p1a: Zamazenta|Zamazenta-Crowned|100\/100\n|-ability|p1a: Zamazenta|Dauntless Shield|boost\n|-boost|p1a: Zamazenta|def|1\n|turn|3\n|\n|t:|1698755014\n|move|p2a: Grimmsnarl|Parting Shot|p1a: Zamazenta\n|-unboost|p1a: Zamazenta|atk|1\n|-unboost|p1a: Zamazenta|spa|1\n|\n|t:|1698755018\n|switch|p2a: Moltres|Moltres|100\/100|[from] Parting Shot\n|move|p1a: Zamazenta|Behemoth Bash|p2a: Moltres\n|-resisted|p2a: Moltres\n|-damage|p2a: Moltres|87\/100\n|-status|p1a: Zamazenta|brn|[from] ability: Flame Body|[of] p2a: Moltres\n|\n|-damage|p1a: Zamazenta|94\/100 brn|[from] brn\n|upkeep\n|turn|4\n|\n|t:|1698755035\n|switch|p1a: Kyogre|Kyogre|100\/100\n|-weather|RainDance|[from] ability: Drizzle|[of] p1a: Kyogre\n|move|p2a: Moltres|U-turn|p1a: Kyogre\n|-damage|p1a: Kyogre|85\/100\n|\n|t:|1698755043\n|switch|p2a: Grimmsnarl|Grimmsnarl, M|100\/100|[from] U-turn\n|\n|-weather|RainDance|[upkeep]\n|upkeep\n|turn|5\n|\n|t:|1698755048\n|move|p2a: Grimmsnarl|Parting Shot|p1a: Kyogre\n|-unboost|p1a: Kyogre|atk|1\n|-unboost|p1a: Kyogre|spa|1\n|\n|t:|1698755051\n|switch|p2a: Blissey|Blissey, F|100\/100|[from] Parting Shot\n|move|p1a: Kyogre|Thunder|p2a: Blissey\n|-damage|p2a: Blissey|85\/100\n|\n|-weather|RainDance|[upkeep]\n|-fieldend|move: Electric Terrain\n|upkeep\n|turn|6\n|\n|t:|1698755061\n|switch|p1a: Koraidon|Koraidon|100\/100\n|-weather|SunnyDay|[from] ability: Orichalcum Pulse|[of] p1a: Koraidon\n|-activate|p1a: Koraidon|Orichalcum Pulse|[source]\n|move|p2a: Blissey|Stealth Rock|p1a: Koraidon\n|-sidestart|p1: SuperJabroniBros|move: Stealth Rock\n|\n|-weather|SunnyDay|[upkeep]\n|upkeep\n|turn|7\n|\n|t:|1698755068\n|switch|p2a: Moltres|Moltres|87\/100\n|move|p1a: Koraidon|Collision Course|p2a: Moltres\n|-resisted|p2a: Moltres\n|-damage|p2a: Moltres|64\/100\n|\n|-weather|SunnyDay|[upkeep]\n|upkeep\n|turn|8\n|\n|t:|1698755077\n|move|p1a: Koraidon|Swords Dance|p1a: Koraidon\n|-boost|p1a: Koraidon|atk|2\n|move|p2a: Moltres|Roost|p2a: Moltres\n|-heal|p2a: Moltres|100\/100\n|-singleturn|p2a: Moltres|move: Roost\n|\n|-weather|SunnyDay|[upkeep]\n|upkeep\n|turn|9\n|\n|t:|1698755085\n|move|p1a: Koraidon|Collision Course|p2a: Moltres\n|-resisted|p2a: Moltres\n|-damage|p2a: Moltres|50\/100\n|-status|p1a: Koraidon|brn|[from] ability: Flame Body|[of] p2a: Moltres\n|move|p2a: Moltres|Will-O-Wisp|p1a: Koraidon\n|-fail|p1a: Koraidon|brn\n|\n|-weather|SunnyDay|[upkeep]\n|-damage|p1a: Koraidon|94\/100 brn|[from] brn\n|upkeep\n|turn|10\n|\n|t:|1698755095\n|move|p1a: Koraidon|Scale Shot|p2a: Moltres\n|-damage|p2a: Moltres|38\/100\n|-damage|p2a: Moltres|27\/100\n|-damage|p2a: Moltres|14\/100\n|-damage|p2a: Moltres|2\/100\n|-damage|p2a: Moltres|0 fnt\n|faint|p2a: Moltres\n|-hitcount|p2: Moltres|5\n|-unboost|p1a: Koraidon|def|1\n|-boost|p1a: Koraidon|spe|1\n|\n|-weather|none\n|-damage|p1a: Koraidon|88\/100 brn|[from] brn\n|upkeep\n|\n|t:|1698755108\n|switch|p2a: Skeledirge|Skeledirge, M|100\/100\n|turn|11\n|\n|t:|1698755114\n|move|p1a: Koraidon|Scale Shot|p2a: Skeledirge\n|-damage|p2a: Skeledirge|97\/100\n|-damage|p2a: Skeledirge|93\/100\n|-damage|p2a: Skeledirge|89\/100\n|-crit|p2a: Skeledirge\n|-damage|p2a: Skeledirge|83\/100\n|-hitcount|p2a: Skeledirge|4\n|-unboost|p1a: Koraidon|def|1\n|-boost|p1a: Koraidon|spe|1\n|move|p2a: Skeledirge|Torch Song|p1a: Koraidon\n|-resisted|p1a: Koraidon\n|-damage|p1a: Koraidon|73\/100 brn\n|-boost|p2a: Skeledirge|spa|1\n|\n|-damage|p1a: Koraidon|67\/100 brn|[from] brn\n|upkeep\n|turn|12\n|\n|t:|1698755129\n|move|p1a: Koraidon|Swords Dance|p1a: Koraidon\n|-boost|p1a: Koraidon|atk|2\n|move|p2a: Skeledirge|Hex|p1a: Koraidon\n|-damage|p1a: Koraidon|1\/100 brn\n|\n|-damage|p1a: Koraidon|0 fnt|[from] brn\n|faint|p1a: Koraidon\n|upkeep\n|\n|t:|1698755141\n|switch|p1a: Calyrex|Calyrex-Shadow|100\/100\n|-ability|p1a: Calyrex|As One\n|-ability|p1a: Calyrex|Unnerve\n|-damage|p1a: Calyrex|88\/100|[from] Stealth Rock\n|turn|13\n|\n|t:|1698755148\n|switch|p2a: Grimmsnarl|Grimmsnarl, M|100\/100\n|move|p1a: Calyrex|Astral Barrage|p2a: Grimmsnarl\n|-resisted|p2a: Grimmsnarl\n|-damage|p2a: Grimmsnarl|73\/100\n|\n|upkeep\n|turn|14\n|\n|t:|1698755155\n|move|p1a: Calyrex|Astral Barrage|p2a: Grimmsnarl\n|-resisted|p2a: Grimmsnarl\n|-damage|p2a: Grimmsnarl|46\/100\n|move|p2a: Grimmsnarl|Spirit Break|p1a: Calyrex\n|-damage|p1a: Calyrex|54\/100\n|-unboost|p1a: Calyrex|spa|1\n|\n|upkeep\n|turn|15\n|\n|t:|1698755175\n|move|p1a: Calyrex|Astral Barrage|p2a: Grimmsnarl\n|-resisted|p2a: Grimmsnarl\n|-damage|p2a: Grimmsnarl|26\/100\n|move|p2a: Grimmsnarl|Foul Play|p1a: Calyrex\n|-supereffective|p1a: Calyrex\n|-damage|p1a: Calyrex|0 fnt\n|faint|p1a: Calyrex\n|\n|upkeep\n|\n|t:|1698755182\n|switch|p1a: Arceus|Arceus-Fairy|100\/100\n|-damage|p1a: Arceus|88\/100|[from] Stealth Rock\n|turn|16\n|j| Araceli_2.0\n|\n|t:|1698755186\n|move|p2a: Grimmsnarl|Parting Shot|p1a: Arceus\n|-unboost|p1a: Arceus|atk|1\n|-unboost|p1a: Arceus|spa|1\n|\n|t:|1698755196\n|switch|p2a: Calyrex|Calyrex-Ice|100\/100|[from] Parting Shot\n|-ability|p2a: Calyrex|As One\n|-ability|p2a: Calyrex|Unnerve\n|move|p1a: Arceus|Calm Mind|p1a: Arceus\n|-boost|p1a: Arceus|spa|1\n|-boost|p1a: Arceus|spd|1\n|\n|upkeep\n|turn|17\n|\n|t:|1698755206\n|move|p1a: Arceus|Judgment|p2a: Calyrex\n|-damage|p2a: Calyrex|60\/100\n|move|p2a: Calyrex|Glacial Lance|p1a: Arceus\n|-damage|p1a: Arceus|22\/100\n|\n|upkeep\n|turn|18\n|\n|t:|1698755214\n|move|p1a: Arceus|Judgment|p2a: Calyrex\n|-damage|p2a: Calyrex|20\/100\n|move|p2a: Calyrex|Glacial Lance|p1a: Arceus\n|-damage|p1a: Arceus|0 fnt\n|faint|p1a: Arceus\n|-ability|p2a: Calyrex|Chilling Neigh|boost\n|-boost|p2a: Calyrex|atk|1\n|\n|upkeep\n|\n|t:|1698755217\n|switch|p1a: Kyogre|Kyogre|85\/100\n|-damage|p1a: Kyogre|73\/100|[from] Stealth Rock\n|-weather|RainDance|[from] ability: Drizzle|[of] p1a: Kyogre\n|turn|19\n|\n|t:|1698755226\n|move|p1a: Kyogre|Origin Pulse|p2a: Calyrex|[miss]\n|-miss|p1a: Kyogre|p2a: Calyrex\n|move|p2a: Calyrex|Glacial Lance|p1a: Kyogre\n|-resisted|p1a: Kyogre\n|-damage|p1a: Kyogre|11\/100\n|\n|-weather|RainDance|[upkeep]\n|upkeep\n|turn|20\n|\n|t:|1698755234\n|move|p1a: Kyogre|Origin Pulse|p2a: Calyrex\n|-damage|p2a: Calyrex|0 fnt\n|faint|p2a: Calyrex\n|\n|-weather|RainDance|[upkeep]\n|upkeep\n|\n|t:|1698755239\n|switch|p2a: Grimmsnarl|Grimmsnarl, M|26\/100\n|turn|21\n|\n|t:|1698755245\n|move|p2a: Grimmsnarl|Sucker Punch|p1a: Kyogre\n|-damage|p1a: Kyogre|0 fnt\n|faint|p1a: Kyogre\n|\n|-weather|RainDance|[upkeep]\n|upkeep\n|\n|t:|1698755247\n|switch|p1a: Zamazenta|Zamazenta-Crowned|94\/100 brn\n|-damage|p1a: Zamazenta|91\/100 brn|[from] Stealth Rock\n|turn|22\n|\n|t:|1698755253\n|move|p2a: Grimmsnarl|Parting Shot|p1a: Zamazenta\n|-unboost|p1a: Zamazenta|atk|1\n|-unboost|p1a: Zamazenta|spa|1\n|\n|t:|1698755259\n|switch|p2a: Skeledirge|Skeledirge, M|83\/100|[from] Parting Shot\n|move|p1a: Zamazenta|Behemoth Bash|p2a: Skeledirge\n|-resisted|p2a: Skeledirge\n|-damage|p2a: Skeledirge|75\/100\n|\n|-weather|RainDance|[upkeep]\n|-damage|p1a: Zamazenta|85\/100 brn|[from] brn\n|upkeep\n|turn|23\n|j| AnimeZZZZ5\n|\n|t:|1698755267\n|move|p1a: Zamazenta|Behemoth Bash|p2a: Skeledirge\n|-resisted|p2a: Skeledirge\n|-damage|p2a: Skeledirge|67\/100\n|move|p2a: Skeledirge|Torch Song|p1a: Zamazenta\n|-supereffective|p1a: Zamazenta\n|-damage|p1a: Zamazenta|66\/100 brn\n|-boost|p2a: Skeledirge|spa|1\n|\n|-weather|none\n|-damage|p1a: Zamazenta|60\/100 brn|[from] brn\n|upkeep\n|turn|24\n|l| Araceli_2.0\n|\n|t:|1698755277\n|move|p1a: Zamazenta|Behemoth Bash|p2a: Skeledirge\n|-resisted|p2a: Skeledirge\n|-damage|p2a: Skeledirge|59\/100\n|move|p2a: Skeledirge|Torch Song|p1a: Zamazenta\n|-supereffective|p1a: Zamazenta\n|-damage|p1a: Zamazenta|3\/100 brn\n|-boost|p2a: Skeledirge|spa|1\n|\n|-damage|p1a: Zamazenta|0 fnt|[from] brn\n|faint|p1a: Zamazenta\n|\n|win|hoenn militian\n|upkeep\n|raw|SuperJabroniBros's rating: 1625 &rarr; <strong>1613<\/strong><br \/>(-12 for losing)\n|raw|hoenn militian's rating: 1773 &rarr; <strong>1785<\/strong><br \/>(+12 for winning)\n|l|\u2606SuperJabroniBros\n","uploadtime":1698755308,"views":6,"p1id":"superjabronibros","p2id":"hoennmilitian","formatid":"gen9anythinggoes","rating":1613,"private":0,"password":""}