{"id":"gen9anythinggoes-1998682097","p1":"Rowan_Rocket","p2":"DexTrainerRed","format":"[Gen 9] Anything Goes","log":"|j|\u2606Rowan_Rocket\n|j|\u2606DexTrainerRed\n|t:|1700971855\n|gametype|singles\n|player|p1|Rowan_Rocket|rocketgruntf|1079\n|player|p2|DexTrainerRed|ash-kalos|1218\n|teamsize|p1|6\n|teamsize|p2|6\n|gen|9\n|tier|[Gen 9] Anything Goes\n|rated|\n|rule|HP Percentage Mod: HP is shown in percentages\n|rule|Endless Battle Clause: Forcing endless battles is banned\n|clearpoke\n|poke|p1|Ninetales-Alola, M|\n|poke|p1|Cetitan, M|\n|poke|p1|Avalugg-Hisui, F|\n|poke|p1|Eiscue, F|\n|poke|p1|Sandslash-Alola, F|\n|poke|p1|Frosmoth, F|\n|poke|p2|Meowscarada, M|\n|poke|p2|Talonflame, M|\n|poke|p2|Primeape, M|\n|poke|p2|Krookodile, M|\n|poke|p2|Gengar, M|\n|poke|p2|Gardevoir, M|\n|teampreview\n|inactive|Battle timer is ON: inactive players will automatically lose when time's up. (requested by DexTrainerRed)\n|\n|t:|1700971865\n|start\n|switch|p1a: Ninetales|Ninetales-Alola, M|100\/100\n|switch|p2a: Gengar|Gengar, M|100\/100\n|-weather|Snow|[from] ability: Snow Warning|[of] p1a: Ninetales\n|turn|1\n|\n|t:|1700971870\n|move|p2a: Gengar|Sludge Bomb|p1a: Ninetales\n|-supereffective|p1a: Ninetales\n|-damage|p1a: Ninetales|0 fnt\n|faint|p1a: Ninetales\n|\n|-weather|Snow|[upkeep]\n|upkeep\n|\n|t:|1700971873\n|switch|p1a: Cetitan|Cetitan, M|100\/100\n|turn|2\n|\n|t:|1700971879\n|move|p2a: Gengar|Sludge Bomb|p1a: Cetitan\n|-crit|p1a: Cetitan\n|-damage|p1a: Cetitan|63\/100\n|move|p1a: Cetitan|Knock Off|p2a: Gengar\n|-supereffective|p2a: Gengar\n|-damage|p2a: Gengar|0 fnt\n|-start|p1a: Cetitan|Disable|Knock Off|[from] ability: Cursed Body|[of] p2a: Gengar\n|-enditem|p2a: Gengar|Black Sludge|[from] move: Knock Off|[of] p1a: Cetitan\n|faint|p2a: Gengar\n|\n|-weather|Snow|[upkeep]\n|upkeep\n|\n|t:|1700971888\n|switch|p2a: Gardevoir|Gardevoir, M|100\/100\n|turn|3\n|\n|t:|1700971892\n|move|p2a: Gardevoir|Reflect|p2a: Gardevoir\n|-sidestart|p2: DexTrainerRed|Reflect\n|move|p1a: Cetitan|Heavy Slam|p2a: Gardevoir\n|-supereffective|p2a: Gardevoir\n|-damage|p2a: Gardevoir|30\/100\n|\n|-weather|Snow|[upkeep]\n|upkeep\n|turn|4\n|\n|t:|1700971897\n|move|p2a: Gardevoir|Light Screen|p2a: Gardevoir\n|-sidestart|p2: DexTrainerRed|move: Light Screen\n|move|p1a: Cetitan|Heavy Slam|p2a: Gardevoir\n|-supereffective|p2a: Gardevoir\n|-damage|p2a: Gardevoir|0 fnt\n|faint|p2a: Gardevoir\n|\n|-weather|Snow|[upkeep]\n|upkeep\n|\n|t:|1700971903\n|switch|p2a: Primeape|Primeape, M|100\/100\n|turn|5\n|\n|t:|1700971930\n|move|p2a: Primeape|Cross Chop|p1a: Cetitan\n|-supereffective|p1a: Cetitan\n|-damage|p1a: Cetitan|6\/100\n|move|p1a: Cetitan|Heavy Slam|p2a: Primeape\n|-damage|p2a: Primeape|75\/100\n|\n|-weather|Snow|[upkeep]\n|-end|p1a: Cetitan|Disable\n|upkeep\n|turn|6\n|inactive|DexTrainerRed has 120 seconds left.\n|\n|t:|1700971974\n|move|p1a: Cetitan|Ice Shard|p2a: Primeape\n|-damage|p2a: Primeape|63\/100\n|move|p2a: Primeape|Earthquake|p1a: Cetitan\n|-damage|p1a: Cetitan|0 fnt\n|faint|p1a: Cetitan\n|\n|-weather|Snow|[upkeep]\n|upkeep\n|inactive|Rowan_Rocket has 120 seconds left.\n|\n|t:|1700972001\n|switch|p1a: Sandslash|Sandslash-Alola, F|100\/100\n|turn|7\n|\n|t:|1700972003\n|move|p1a: Sandslash|Brick Break|p2a: Primeape\n|-sideend|p2: DexTrainerRed|Reflect\n|-sideend|p2: DexTrainerRed|move: Light Screen\n|-damage|p2a: Primeape|34\/100\n|move|p2a: Primeape|Cross Chop|p1a: Sandslash|[miss]\n|-miss|p2a: Primeape|p1a: Sandslash\n|\n|-weather|Snow|[upkeep]\n|upkeep\n|turn|8\n|\n|t:|1700972011\n|move|p1a: Sandslash|Ice Spinner|p2a: Primeape\n|-damage|p2a: Primeape|0 fnt\n|faint|p2a: Primeape\n|\n|-weather|none\n|upkeep\n|\n|t:|1700972017\n|switch|p2a: Talonflame|Talonflame, M|100\/100\n|turn|9\n|\n|t:|1700972025\n|move|p2a: Talonflame|Flame Charge|p1a: Sandslash\n|-supereffective|p1a: Sandslash\n|-damage|p1a: Sandslash|21\/100\n|-boost|p2a: Talonflame|spe|1\n|move|p1a: Sandslash|Ice Spinner|p2a: Talonflame\n|-damage|p2a: Talonflame|52\/100\n|\n|upkeep\n|turn|10\n|\n|t:|1700972039\n|move|p1a: Sandslash|Ice Shard|p2a: Talonflame\n|-damage|p2a: Talonflame|27\/100\n|move|p2a: Talonflame|Flame Charge|p1a: Sandslash\n|-supereffective|p1a: Sandslash\n|-damage|p1a: Sandslash|0 fnt\n|-boost|p2a: Talonflame|spe|1\n|faint|p1a: Sandslash\n|\n|upkeep\n|\n|t:|1700972044\n|switch|p1a: Avalugg|Avalugg-Hisui, F|100\/100\n|turn|11\n|\n|t:|1700972055\n|move|p2a: Talonflame|U-turn|p1a: Avalugg\n|-damage|p1a: Avalugg|92\/100\n|-damage|p2a: Talonflame|11\/100|[from] item: Rocky Helmet|[of] p1a: Avalugg\n|inactive|DexTrainerRed has 120 seconds left.\n|\n|t:|1700972102\n|switch|p2a: Krookodile|Krookodile, M|100\/100|[from] U-turn\n|move|p1a: Avalugg|Iron Defense|p1a: Avalugg\n|-boost|p1a: Avalugg|def|2\n|\n|upkeep\n|turn|12\n|\n|t:|1700972112\n|move|p2a: Krookodile|Brick Break|p1a: Avalugg\n|-supereffective|p1a: Avalugg\n|-damage|p1a: Avalugg|69\/100\n|-damage|p2a: Krookodile|84\/100|[from] item: Rocky Helmet|[of] p1a: Avalugg\n|move|p1a: Avalugg|Body Press|p2a: Krookodile\n|-supereffective|p2a: Krookodile\n|-damage|p2a: Krookodile|0 fnt\n|faint|p2a: Krookodile\n|\n|upkeep\n|\n|t:|1700972120\n|switch|p2a: Meowscarada|Meowscarada, M|100\/100\n|turn|13\n|\n|t:|1700972123\n|move|p2a: Meowscarada|Flower Trick|p1a: Avalugg\n|-start|p2a: Meowscarada|typechange|Grass|[from] ability: Protean\n|-supereffective|p1a: Avalugg\n|-crit|p1a: Avalugg\n|-damage|p1a: Avalugg|19\/100\n|move|p1a: Avalugg|Body Press|p2a: Meowscarada\n|-crit|p2a: Meowscarada\n|-damage|p2a: Meowscarada|0 fnt\n|faint|p2a: Meowscarada\n|\n|upkeep\n|inactive|DexTrainerRed has 120 seconds left.\n|\n|t:|1700972132\n|switch|p2a: Talonflame|Talonflame, M|11\/100\n|turn|14\n|\n|t:|1700972137\n|move|p2a: Talonflame|Will-O-Wisp|p1a: Avalugg|[miss]\n|-miss|p2a: Talonflame|p1a: Avalugg\n|move|p1a: Avalugg|Recover|p1a: Avalugg\n|-heal|p1a: Avalugg|69\/100\n|\n|upkeep\n|turn|15\n|\n|t:|1700972144\n|move|p2a: Talonflame|Will-O-Wisp|p1a: Avalugg\n|-status|p1a: Avalugg|brn\n|move|p1a: Avalugg|Iron Defense|p1a: Avalugg\n|-boost|p1a: Avalugg|def|2\n|\n|-damage|p1a: Avalugg|62\/100 brn|[from] brn\n|upkeep\n|turn|16\n|\n|t:|1700972157\n|move|p2a: Talonflame|Will-O-Wisp|p1a: Avalugg\n|-fail|p1a: Avalugg|brn\n|move|p1a: Avalugg|Iron Defense|p1a: Avalugg\n|-boost|p1a: Avalugg|def|2\n|\n|-damage|p1a: Avalugg|56\/100 brn|[from] brn\n|upkeep\n|turn|17\n|\n|t:|1700972172\n|move|p2a: Talonflame|Will-O-Wisp|p1a: Avalugg\n|-fail|p1a: Avalugg|brn\n|move|p1a: Avalugg|Iron Defense|p1a: Avalugg\n|-boost|p1a: Avalugg|def|0\n|\n|-damage|p1a: Avalugg|50\/100 brn|[from] brn\n|upkeep\n|turn|18\n|inactive|DexTrainerRed has 120 seconds left.\n|inactive|DexTrainerRed has 90 seconds left.\n|\n|t:|1700972253\n|move|p2a: Talonflame|Will-O-Wisp|p1a: Avalugg\n|-fail|p1a: Avalugg|brn\n|move|p1a: Avalugg|Recover|p1a: Avalugg\n|-heal|p1a: Avalugg|99\/100 brn\n|\n|-damage|p1a: Avalugg|94\/100 brn|[from] brn\n|upkeep\n|turn|19\n|\n|t:|1700972262\n|move|p2a: Talonflame|U-turn|p1a: Avalugg\n|-damage|p1a: Avalugg|92\/100 brn\n|-damage|p2a: Talonflame|0 fnt|[from] item: Rocky Helmet|[of] p1a: Avalugg\n|faint|p2a: Talonflame\n|\n|win|Rowan_Rocket\n|raw|Rowan_Rocket's rating: 1079 &rarr; <strong>1118<\/strong><br \/>(+39 for winning)\n|raw|DexTrainerRed's rating: 1218 &rarr; <strong>1183<\/strong><br \/>(-35 for losing)\n|l|\u2606DexTrainerRed\n","uploadtime":1700972278,"views":9,"p1id":"rowanrocket","p2id":"dextrainerred","formatid":"gen9anythinggoes","rating":1118,"private":0,"password":""}