{"id":"gen9anythinggoes-2000011919","p1":"Night_Nightboy","p2":"wrongytREAL","format":"[Gen 9] Anything Goes","log":"|j|\u2606Night_Nightboy\n|j|\u2606wrongytREAL\n|t:|1701141002\n|gametype|singles\n|player|p1|Night_Nightboy|101|1120\n|player|p2|wrongytREAL|2|1051\n|teamsize|p1|6\n|teamsize|p2|6\n|gen|9\n|tier|[Gen 9] Anything Goes\n|rated|\n|rule|HP Percentage Mod: HP is shown in percentages\n|rule|Endless Battle Clause: Forcing endless battles is banned\n|clearpoke\n|poke|p1|Zacian-*|\n|poke|p1|Dragapult, M|\n|poke|p1|Shaymin-Sky|\n|poke|p1|Diancie|\n|poke|p1|Gholdengo|\n|poke|p1|Dialga-Origin|\n|poke|p2|Annihilape, M|\n|poke|p2|Arceus-Dark|\n|poke|p2|Koraidon|\n|poke|p2|Spectrier|\n|poke|p2|Blissey, F|\n|poke|p2|Rayquaza|\n|teampreview\n|c|\u2606wrongytREAL|on god\n|\n|t:|1701141027\n|start\n|switch|p1a: Diancie|Diancie, shiny|100\/100\n|switch|p2a: Annihilape|Annihilape, M|100\/100\n|turn|1\n|c|\u2606wrongytREAL|music fire\n|\n|t:|1701141034\n|-terastallize|p1a: Diancie|Water\n|move|p2a: Annihilape|Final Gambit|p1a: Diancie\n|-enditem|p1a: Diancie|Focus Sash\n|-damage|p1a: Diancie|1\/100\n|faint|p2a: Annihilape\n|move|p1a: Diancie|Diamond Storm|p2: Annihilape|[notarget]\n|-fail|p1a: Diancie\n|\n|upkeep\n|\n|t:|1701141042\n|switch|p2a: Blissey|Blissey, F|100\/100\n|turn|2\n|\n|t:|1701141050\n|switch|p2a: Spectrier|Spectrier|100\/100\n|move|p1a: Diancie|Diamond Storm|p2a: Spectrier\n|-damage|p2a: Spectrier|48\/100\n|\n|upkeep\n|turn|3\n|\n|t:|1701141062\n|move|p2a: Spectrier|Stomping Tantrum|p1a: Diancie\n|-damage|p1a: Diancie|0 fnt\n|faint|p1a: Diancie\n|-ability|p2a: Spectrier|Grim Neigh|boost\n|-boost|p2a: Spectrier|spa|1\n|\n|upkeep\n|\n|t:|1701141069\n|switch|p1a: Dragapult|Dragapult, M, shiny|100\/100\n|turn|4\n|\n|t:|1701141073\n|move|p2a: Spectrier|Protect|p2a: Spectrier\n|-singleturn|p2a: Spectrier|Protect\n|move|p1a: Dragapult|Dragon Darts|p2a: Spectrier\n|-activate|p2a: Spectrier|move: Protect\n|\n|upkeep\n|turn|5\n|\n|t:|1701141077\n|move|p1a: Dragapult|Dragon Darts|p2a: Spectrier\n|-damage|p2a: Spectrier|10\/100\n|-anim|p1a: Dragapult|Dragon Darts|p2a: Spectrier\n|-damage|p2a: Spectrier|0 fnt\n|faint|p2a: Spectrier\n|\n|upkeep\n|\n|t:|1701141082\n|switch|p2a: Koraidon|Koraidon|100\/100\n|-weather|SunnyDay|[from] ability: Orichalcum Pulse|[of] p2a: Koraidon\n|-activate|p2a: Koraidon|Orichalcum Pulse|[source]\n|turn|6\n|\n|t:|1701141094\n|move|p1a: Dragapult|Dragon Darts|p2a: Koraidon\n|-supereffective|p2a: Koraidon\n|-damage|p2a: Koraidon|65\/100\n|-anim|p1a: Dragapult|Dragon Darts|p2a: Koraidon\n|-supereffective|p2a: Koraidon\n|-damage|p2a: Koraidon|28\/100\n|move|p2a: Koraidon|Collision Course|p1a: Dragapult\n|-immune|p1a: Dragapult\n|\n|-weather|SunnyDay|[upkeep]\n|upkeep\n|turn|7\n|\n|t:|1701141102\n|move|p1a: Dragapult|Dragon Darts|p2a: Koraidon\n|-supereffective|p2a: Koraidon\n|-damage|p2a: Koraidon|0 fnt\n|faint|p2a: Koraidon\n|\n|-weather|SunnyDay|[upkeep]\n|upkeep\n|\n|t:|1701141105\n|switch|p2a: Arceus|Arceus-Dark|100\/100\n|turn|8\n|\n|t:|1701141114\n|move|p1a: Dragapult|Dragon Darts|p2a: Arceus\n|-damage|p2a: Arceus|85\/100\n|-anim|p1a: Dragapult|Dragon Darts|p2a: Arceus\n|-damage|p2a: Arceus|68\/100\n|move|p2a: Arceus|Foul Play|p1a: Dragapult\n|-supereffective|p1a: Dragapult\n|-enditem|p1a: Dragapult|Focus Sash\n|-damage|p1a: Dragapult|1\/100\n|\n|-weather|SunnyDay|[upkeep]\n|upkeep\n|turn|9\n|\n|t:|1701141125\n|switch|p1a: Zacian|Zacian-Crowned, shiny|100\/100\n|-ability|p1a: Zacian|Intrepid Sword|boost\n|-boost|p1a: Zacian|atk|1\n|move|p2a: Arceus|Foul Play|p1a: Zacian\n|-resisted|p1a: Zacian\n|-damage|p1a: Zacian|46\/100\n|\n|-weather|SunnyDay|[upkeep]\n|upkeep\n|turn|10\n|\n|t:|1701141133\n|move|p1a: Zacian|Sacred Sword|p2a: Arceus\n|-supereffective|p2a: Arceus\n|-damage|p2a: Arceus|0 fnt\n|faint|p2a: Arceus\n|\n|-weather|none\n|upkeep\n|\n|t:|1701141137\n|switch|p2a: Rayquaza|Rayquaza|100\/100\n|-ability|p2a: Rayquaza|Air Lock\n|turn|11\n|\n|t:|1701141145\n|move|p1a: Zacian|Moonblast|p2a: Rayquaza\n|-supereffective|p2a: Rayquaza\n|-damage|p2a: Rayquaza|45\/100\n|move|p2a: Rayquaza|Draco Meteor|p1a: Zacian\n|-immune|p1a: Zacian\n|\n|upkeep\n|turn|12\n|\n|t:|1701141155\n|move|p1a: Zacian|Moonblast|p2a: Rayquaza\n|-supereffective|p2a: Rayquaza\n|-damage|p2a: Rayquaza|0 fnt\n|faint|p2a: Rayquaza\n|\n|upkeep\n|\n|t:|1701141158\n|switch|p2a: Blissey|Blissey, F|100\/100\n|turn|13\n|n|!wrongytREAL|wrongytreal\n|-message|wrongytREAL forfeited.\n|\n|win|Night_Nightboy\n|raw|Night_Nightboy's rating: 1120 &rarr; <strong>1140<\/strong><br \/>(+20 for winning)\n|raw|wrongytREAL's rating: 1051 &rarr; <strong>1037<\/strong><br \/>(-14 for losing)\n|l|!wrongytREAL\n","uploadtime":1701141181,"views":0,"p1id":"nightnightboy","p2id":"wrongytreal","formatid":"gen9anythinggoes","rating":1037,"private":0,"password":""}