{"id":"gen9anythinggoes-1974134302","p1":"buxihuangsho","p2":"Naturally Noah","format":"[Gen 9] Anything Goes","log":"|j|\u2606buxihuangsho\n|j|\u2606Naturally Noah\n|t:|1698060489\n|gametype|singles\n|player|p1|buxihuangsho|burglar|1105\n|player|p2|Naturally Noah|blackbelt-gen4dp|1080\n|teamsize|p1|6\n|teamsize|p2|6\n|gen|9\n|tier|[Gen 9] Anything Goes\n|rated|\n|rule|HP Percentage Mod: HP is shown in percentages\n|rule|Endless Battle Clause: Forcing endless battles is banned\n|clearpoke\n|poke|p1|Dachsbun, F|\n|poke|p1|Clodsire, M|\n|poke|p1|Skeledirge, M|\n|poke|p1|Blissey, F|\n|poke|p1|Giratina|\n|poke|p1|Miraidon|\n|poke|p2|Drifblim, M|\n|poke|p2|Clefable, F|\n|poke|p2|Zacian-*|\n|poke|p2|Goodra-Hisui, M|\n|poke|p2|Flutter Mane|\n|poke|p2|Dudunsparce-*, M|\n|teampreview\n|inactive|Battle timer is ON: inactive players will automatically lose when time's up. (requested by buxihuangsho)\n|\n|t:|1698060502\n|start\n|switch|p1a: Miraidon|Miraidon|100\/100\n|switch|p2a: Drifblim|Drifblim, M|100\/100\n|-fieldstart|move: Electric Terrain|[from] ability: Hadron Engine|[of] p1a: Miraidon\n|turn|1\n|\n|t:|1698060511\n|move|p1a: Miraidon|Volt Switch|p2a: Drifblim\n|-supereffective|p2a: Drifblim\n|-enditem|p2a: Drifblim|Focus Sash\n|-damage|p2a: Drifblim|1\/100\n|\n|t:|1698060517\n|switch|p1a: Dachsbun|Dachsbun, F|100\/100|[from] Volt Switch\n|move|p2a: Drifblim|Minimize|p2a: Drifblim\n|-boost|p2a: Drifblim|evasion|2\n|\n|upkeep\n|turn|2\n|\n|t:|1698060526\n|move|p2a: Drifblim|Minimize|p2a: Drifblim\n|-boost|p2a: Drifblim|evasion|2\n|move|p1a: Dachsbun|Yawn|p2a: Drifblim\n|-start|p2a: Drifblim|move: Yawn|[of] p1a: Dachsbun\n|\n|upkeep\n|turn|3\n|\n|t:|1698060534\n|move|p2a: Drifblim|Baton Pass|p2a: Drifblim\n|\n|t:|1698060536\n|switch|p2a: Clefable|Clefable, F|100\/100|[from] Baton Pass\n|move|p1a: Dachsbun|Roar|p2a: Clefable\n|drag|p2a: Zacian|Zacian-Crowned|100\/100\n|-ability|p2a: Zacian|Intrepid Sword|boost\n|-boost|p2a: Zacian|atk|1\n|\n|upkeep\n|turn|4\n|\n|t:|1698060546\n|switch|p1a: Skeledirge|Skeledirge, M|100\/100\n|move|p2a: Zacian|Swords Dance|p2a: Zacian\n|-boost|p2a: Zacian|atk|2\n|\n|upkeep\n|turn|5\n|\n|t:|1698060563\n|-terastallize|p2a: Zacian|Fairy\n|move|p2a: Zacian|Play Rough|p1a: Skeledirge\n|-resisted|p1a: Skeledirge\n|-damage|p1a: Skeledirge|81\/100\n|move|p1a: Skeledirge|Torch Song|p2a: Zacian\n|-damage|p2a: Zacian|74\/100\n|-boost|p1a: Skeledirge|spa|1\n|\n|-fieldend|move: Electric Terrain\n|upkeep\n|turn|6\n|\n|t:|1698060576\n|move|p2a: Zacian|Behemoth Blade|p1a: Skeledirge\n|-resisted|p1a: Skeledirge\n|-damage|p1a: Skeledirge|65\/100\n|move|p1a: Skeledirge|Will-O-Wisp|p2a: Zacian\n|-status|p2a: Zacian|brn\n|\n|-damage|p2a: Zacian|68\/100 brn|[from] brn\n|upkeep\n|turn|7\n|\n|t:|1698060584\n|switch|p2a: Drifblim|Drifblim, M|1\/100\n|move|p1a: Skeledirge|Slack Off|p1a: Skeledirge\n|-heal|p1a: Skeledirge|100\/100\n|\n|upkeep\n|turn|8\n|\n|t:|1698060590\n|move|p2a: Drifblim|Minimize|p2a: Drifblim\n|-boost|p2a: Drifblim|evasion|2\n|move|p1a: Skeledirge|Hex|p2a: Drifblim\n|-supereffective|p2a: Drifblim\n|-damage|p2a: Drifblim|0 fnt\n|faint|p2a: Drifblim\n|\n|upkeep\n|\n|t:|1698060593\n|switch|p2a: Clefable|Clefable, F|100\/100\n|turn|9\n|\n|t:|1698060606\n|switch|p1a: Clodsire|Clodsire, M, shiny|100\/100\n|move|p2a: Clefable|Cosmic Power|p2a: Clefable\n|-boost|p2a: Clefable|def|1\n|-boost|p2a: Clefable|spd|1\n|\n|upkeep\n|turn|10\n|\n|t:|1698060614\n|move|p2a: Clefable|Cosmic Power|p2a: Clefable\n|-boost|p2a: Clefable|def|1\n|-boost|p2a: Clefable|spd|1\n|move|p1a: Clodsire|Toxic|p2a: Clefable\n|-status|p2a: Clefable|tox\n|\n|upkeep\n|turn|11\n|\n|t:|1698060618\n|switch|p1a: Dachsbun|Dachsbun, F|100\/100\n|move|p2a: Clefable|Cosmic Power|p2a: Clefable\n|-boost|p2a: Clefable|def|1\n|-boost|p2a: Clefable|spd|1\n|\n|upkeep\n|turn|12\n|\n|t:|1698060622\n|move|p2a: Clefable|Cosmic Power|p2a: Clefable\n|-boost|p2a: Clefable|def|1\n|-boost|p2a: Clefable|spd|1\n|move|p1a: Dachsbun|Roar|p2a: Clefable\n|drag|p2a: Goodra|Goodra-Hisui, M, shiny|100\/100\n|\n|upkeep\n|turn|13\n|\n|t:|1698060627\n|move|p1a: Dachsbun|Yawn|p2a: Goodra\n|-start|p2a: Goodra|move: Yawn|[of] p1a: Dachsbun\n|move|p2a: Goodra|Heavy Slam|p1a: Dachsbun\n|-supereffective|p1a: Dachsbun\n|-damage|p1a: Dachsbun|43\/100\n|-damage|p2a: Goodra|84\/100|[from] item: Rocky Helmet|[of] p1a: Dachsbun\n|\n|upkeep\n|turn|14\n|\n|t:|1698060634\n|switch|p2a: Clefable|Clefable, F|100\/100 tox\n|move|p1a: Dachsbun|Protect||[still]\n|-fail|p1a: Dachsbun\n|\n|upkeep\n|turn|15\n|\n|t:|1698060638\n|move|p2a: Clefable|Protect|p2a: Clefable\n|-singleturn|p2a: Clefable|Protect\n|move|p1a: Dachsbun|Wish|p1a: Dachsbun\n|\n|upkeep\n|turn|16\n|\n|t:|1698060643\n|move|p2a: Clefable|Cosmic Power|p2a: Clefable\n|-boost|p2a: Clefable|def|1\n|-boost|p2a: Clefable|spd|1\n|move|p1a: Dachsbun|Roar|p2a: Clefable\n|drag|p2a: Goodra|Goodra-Hisui, M, shiny|84\/100\n|\n|-heal|p1a: Dachsbun|93\/100|[from] move: Wish|[wisher] Dachsbun\n|upkeep\n|turn|17\n|\n|t:|1698060647\n|switch|p1a: Skeledirge|Skeledirge, M|100\/100\n|move|p2a: Goodra|Heavy Slam|p1a: Skeledirge\n|-resisted|p1a: Skeledirge\n|-damage|p1a: Skeledirge|96\/100\n|\n|upkeep\n|turn|18\n|\n|t:|1698060654\n|move|p1a: Skeledirge|Hex|p2a: Goodra\n|-damage|p2a: Goodra|74\/100\n|move|p2a: Goodra|Earthquake|p1a: Skeledirge\n|-supereffective|p1a: Skeledirge\n|-damage|p1a: Skeledirge|66\/100\n|\n|upkeep\n|turn|19\n|\n|t:|1698060666\n|switch|p2a: Clefable|Clefable, F|100\/100 tox\n|move|p1a: Skeledirge|Slack Off|p1a: Skeledirge\n|-heal|p1a: Skeledirge|100\/100\n|\n|upkeep\n|turn|20\n|\n|t:|1698060671\n|switch|p1a: Dachsbun|Dachsbun, F|93\/100\n|move|p2a: Clefable|Cosmic Power|p2a: Clefable\n|-boost|p2a: Clefable|def|1\n|-boost|p2a: Clefable|spd|1\n|\n|upkeep\n|turn|21\n|\n|t:|1698060676\n|move|p2a: Clefable|Baton Pass|p2a: Clefable\n|\n|t:|1698060680\n|switch|p2a: Goodra|Goodra-Hisui, M, shiny|74\/100|[from] Baton Pass\n|move|p1a: Dachsbun|Roar|p2a: Goodra\n|drag|p2a: Clefable|Clefable, F|100\/100 tox\n|\n|upkeep\n|turn|22\n|\n|t:|1698060685\n|move|p1a: Dachsbun|Yawn||[still]\n|-fail|p1a: Dachsbun\n|move|p2a: Clefable|Cosmic Power|p2a: Clefable\n|-boost|p2a: Clefable|def|1\n|-boost|p2a: Clefable|spd|1\n|\n|upkeep\n|turn|23\n|\n|t:|1698060692\n|move|p2a: Clefable|Cosmic Power|p2a: Clefable\n|-boost|p2a: Clefable|def|1\n|-boost|p2a: Clefable|spd|1\n|move|p1a: Dachsbun|Roar|p2a: Clefable\n|drag|p2a: Dudunsparce|Dudunsparce, M|100\/100\n|\n|upkeep\n|turn|24\n|\n|t:|1698060712\n|switch|p1a: Giratina|Giratina, shiny|100\/100\n|-ability|p1a: Giratina|Pressure\n|switch|p2a: Clefable|Clefable, F|100\/100 tox\n|\n|upkeep\n|turn|25\n|\n|t:|1698060721\n|switch|p1a: Blissey|Blissey, F|100\/100\n|move|p2a: Clefable|Cosmic Power|p2a: Clefable\n|-boost|p2a: Clefable|def|1\n|-boost|p2a: Clefable|spd|1\n|\n|upkeep\n|turn|26\n|\n|t:|1698060724\n|move|p2a: Clefable|Cosmic Power|p2a: Clefable\n|-boost|p2a: Clefable|def|1\n|-boost|p2a: Clefable|spd|1\n|move|p1a: Blissey|Stealth Rock|p2a: Clefable\n|-sidestart|p2: Naturally Noah|move: Stealth Rock\n|\n|upkeep\n|turn|27\n|\n|t:|1698060729\n|switch|p1a: Dachsbun|Dachsbun, F|93\/100\n|move|p2a: Clefable|Cosmic Power|p2a: Clefable\n|-boost|p2a: Clefable|def|1\n|-boost|p2a: Clefable|spd|1\n|\n|upkeep\n|turn|28\n|\n|t:|1698060738\n|switch|p2a: Zacian|Zacian-Crowned, tera:Fairy|68\/100 brn\n|-damage|p2a: Zacian|55\/100 brn|[from] Stealth Rock\n|move|p1a: Dachsbun|Roar|p2a: Zacian\n|drag|p2a: Dudunsparce|Dudunsparce, M|100\/100\n|-damage|p2a: Dudunsparce|88\/100|[from] Stealth Rock\n|\n|upkeep\n|turn|29\n|\n|t:|1698060752\n|switch|p2a: Zacian|Zacian-Crowned, tera:Fairy|55\/100 brn\n|-damage|p2a: Zacian|43\/100 brn|[from] Stealth Rock\n|move|p1a: Dachsbun|Protect||[still]\n|-fail|p1a: Dachsbun\n|\n|-damage|p2a: Zacian|37\/100 brn|[from] brn\n|upkeep\n|turn|30\n|\n|t:|1698060756\n|switch|p1a: Skeledirge|Skeledirge, M|100\/100\n|move|p2a: Zacian|Behemoth Blade|p1a: Skeledirge\n|-resisted|p1a: Skeledirge\n|-damage|p1a: Skeledirge|92\/100\n|\n|-damage|p2a: Zacian|31\/100 brn|[from] brn\n|upkeep\n|turn|31\n|\n|t:|1698060760\n|switch|p2a: Flutter Mane|Flutter Mane|100\/100\n|-damage|p2a: Flutter Mane|88\/100|[from] Stealth Rock\n|move|p1a: Skeledirge|Torch Song|p2a: Flutter Mane\n|-damage|p2a: Flutter Mane|60\/100\n|-boost|p1a: Skeledirge|spa|1\n|\n|upkeep\n|turn|32\n|\n|t:|1698060767\n|switch|p1a: Blissey|Blissey, F|100\/100\n|move|p2a: Flutter Mane|Mean Look|p1a: Blissey\n|-activate|p1a: Blissey|trapped\n|\n|upkeep\n|turn|33\n|\n|t:|1698060773\n|move|p2a: Flutter Mane|Perish Song|p2a: Flutter Mane\n|-start|p1a: Blissey|perish3|[silent]\n|-start|p2a: Flutter Mane|perish3|[silent]\n|-fieldactivate|move: Perish Song\n|move|p1a: Blissey|Shadow Ball|p2a: Flutter Mane\n|-supereffective|p2a: Flutter Mane\n|-damage|p2a: Flutter Mane|34\/100\n|-unboost|p2a: Flutter Mane|spd|1\n|\n|-start|p2a: Flutter Mane|perish3\n|-start|p1a: Blissey|perish3\n|upkeep\n|turn|34\n|\n|t:|1698060780\n|-end|p2a: Flutter Mane|Protosynthesis|[silent]\n|switch|p2a: Clefable|Clefable, F|100\/100 tox\n|move|p1a: Blissey|Shadow Ball|p2a: Clefable\n|-damage|p2a: Clefable|87\/100 tox\n|\n|-start|p1a: Blissey|perish2\n|upkeep\n|turn|35\n|\n|t:|1698060784\n|switch|p1a: Dachsbun|Dachsbun, F|93\/100\n|move|p2a: Clefable|Cosmic Power|p2a: Clefable\n|-boost|p2a: Clefable|def|1\n|-boost|p2a: Clefable|spd|1\n|\n|upkeep\n|turn|36\n|\n|t:|1698060802\n|move|p2a: Clefable|Protect|p2a: Clefable\n|-singleturn|p2a: Clefable|Protect\n|move|p1a: Dachsbun|Roar|p2a: Clefable\n|drag|p2a: Zacian|Zacian-Crowned, tera:Fairy|31\/100 brn\n|-damage|p2a: Zacian|18\/100 brn|[from] Stealth Rock\n|\n|-damage|p2a: Zacian|12\/100 brn|[from] brn\n|upkeep\n|turn|37\n|\n|t:|1698060808\n|move|p1a: Dachsbun|Protect|p1a: Dachsbun\n|-singleturn|p1a: Dachsbun|Protect\n|move|p2a: Zacian|Behemoth Blade|p1a: Dachsbun\n|-activate|p1a: Dachsbun|move: Protect\n|\n|-damage|p2a: Zacian|6\/100 brn|[from] brn\n|upkeep\n|turn|38\n|\n|t:|1698060813\n|switch|p1a: Skeledirge|Skeledirge, M|92\/100\n|move|p2a: Zacian|Behemoth Blade|p1a: Skeledirge\n|-resisted|p1a: Skeledirge\n|-damage|p1a: Skeledirge|84\/100\n|\n|-damage|p2a: Zacian|0 fnt|[from] brn\n|faint|p2a: Zacian\n|upkeep\n|\n|t:|1698060817\n|switch|p2a: Goodra|Goodra-Hisui, M, shiny|74\/100\n|-damage|p2a: Goodra|68\/100|[from] Stealth Rock\n|turn|39\n|\n|t:|1698060823\n|move|p1a: Skeledirge|Torch Song|p2a: Goodra\n|-damage|p2a: Goodra|54\/100\n|-boost|p1a: Skeledirge|spa|1\n|move|p2a: Goodra|Thunderbolt|p1a: Skeledirge\n|-damage|p1a: Skeledirge|54\/100\n|\n|upkeep\n|turn|40\n|\n|t:|1698060830\n|move|p1a: Skeledirge|Slack Off|p1a: Skeledirge\n|-heal|p1a: Skeledirge|100\/100\n|move|p2a: Goodra|Thunderbolt|p1a: Skeledirge\n|-damage|p1a: Skeledirge|72\/100\n|\n|upkeep\n|turn|41\n|\n|t:|1698060834\n|move|p1a: Skeledirge|Torch Song|p2a: Goodra\n|-damage|p2a: Goodra|38\/100\n|-boost|p1a: Skeledirge|spa|1\n|move|p2a: Goodra|Thunderbolt|p1a: Skeledirge\n|-damage|p1a: Skeledirge|43\/100\n|\n|upkeep\n|turn|42\n|\n|t:|1698060836\n|move|p1a: Skeledirge|Slack Off|p1a: Skeledirge\n|-heal|p1a: Skeledirge|93\/100\n|move|p2a: Goodra|Thunderbolt|p1a: Skeledirge\n|-damage|p1a: Skeledirge|64\/100\n|\n|upkeep\n|turn|43\n|\n|t:|1698060844\n|switch|p2a: Flutter Mane|Flutter Mane|34\/100\n|-damage|p2a: Flutter Mane|21\/100|[from] Stealth Rock\n|move|p1a: Skeledirge|Torch Song|p2a: Flutter Mane\n|-damage|p2a: Flutter Mane|0 fnt\n|-boost|p1a: Skeledirge|spa|1\n|faint|p2a: Flutter Mane\n|-end|p2a: Flutter Mane|Protosynthesis|[silent]\n|\n|upkeep\n|\n|t:|1698060849\n|switch|p2a: Clefable|Clefable, F|87\/100 tox\n|turn|44\n|\n|t:|1698060852\n|move|p1a: Skeledirge|Torch Song|p2a: Clefable\n|-damage|p2a: Clefable|16\/100 tox\n|-boost|p1a: Skeledirge|spa|1\n|move|p2a: Clefable|Cosmic Power|p2a: Clefable\n|-boost|p2a: Clefable|def|1\n|-boost|p2a: Clefable|spd|1\n|\n|upkeep\n|turn|45\n|\n|t:|1698060855\n|move|p1a: Skeledirge|Torch Song|p2a: Clefable\n|-damage|p2a: Clefable|0 fnt\n|-boost|p1a: Skeledirge|spa|1\n|faint|p2a: Clefable\n|\n|upkeep\n|\n|t:|1698060857\n|switch|p2a: Dudunsparce|Dudunsparce, M|88\/100\n|-damage|p2a: Dudunsparce|76\/100|[from] Stealth Rock\n|turn|46\n|\n|t:|1698060859\n|move|p1a: Skeledirge|Torch Song|p2a: Dudunsparce\n|-damage|p2a: Dudunsparce|0 fnt\n|-boost|p1a: Skeledirge|spa|1\n|faint|p2a: Dudunsparce\n|\n|upkeep\n|\n|t:|1698060861\n|switch|p2a: Goodra|Goodra-Hisui, M, shiny|38\/100\n|-damage|p2a: Goodra|32\/100|[from] Stealth Rock\n|turn|47\n|\n|t:|1698060865\n|move|p1a: Skeledirge|Torch Song|p2a: Goodra\n|-damage|p2a: Goodra|0 fnt\n|faint|p2a: Goodra\n|\n|win|buxihuangsho\n|raw|buxihuangsho's rating: 1105 &rarr; <strong>1128<\/strong><br \/>(+23 for winning)\n|raw|Naturally Noah's rating: 1080 &rarr; <strong>1060<\/strong><br \/>(-20 for losing)\n|l|\u2606Naturally Noah\n","uploadtime":1698060869,"views":16,"p1id":"buxihuangsho","p2id":"naturallynoah","formatid":"gen9anythinggoes","rating":1060,"private":0,"password":""}