{"id":"gen9anythinggoes-1973560002","p1":"BrushIsHotaf","p2":"Shagg51","format":"[Gen 9] Anything Goes","log":"|j|\u2606BrushIsHotaf\n|j|\u2606Shagg51\n|t:|1697990811\n|gametype|singles\n|player|p1|BrushIsHotaf|veteran|1000\n|player|p2|Shagg51|cheryl|1101\n|teamsize|p1|5\n|teamsize|p2|6\n|gen|9\n|tier|[Gen 9] Anything Goes\n|rated|\n|rule|HP Percentage Mod: HP is shown in percentages\n|rule|Endless Battle Clause: Forcing endless battles is banned\n|clearpoke\n|poke|p1|Cyclizar, F|\n|poke|p1|Drifblim, F|\n|poke|p1|Espathra, M|\n|poke|p1|Gliscor, F|\n|poke|p1|Mew|\n|poke|p2|Ceruledge, M|\n|poke|p2|Blissey, F|\n|poke|p2|Iron Valiant|\n|poke|p2|Heatran, F|\n|poke|p2|Gliscor, F|\n|poke|p2|Calyrex-Shadow|\n|teampreview\n|c|\u2606BrushIsHotaf|calyrex\n|c|\u2606BrushIsHotaf|shadow\n|\n|t:|1697990825\n|start\n|switch|p1a: Cyclizar|Cyclizar, F|100\/100\n|switch|p2a: Gliscor|Gliscor, F|100\/100\n|turn|1\n|\n|t:|1697990830\n|move|p1a: Cyclizar|Shed Tail|p1a: Cyclizar\n|-start|p1a: Cyclizar|Substitute|[from] move: Shed Tail\n|-damage|p1a: Cyclizar|50\/100\n|-enditem|p1a: Cyclizar|Sitrus Berry|[eat]\n|-heal|p1a: Cyclizar|75\/100|[from] item: Sitrus Berry\n|\n|t:|1697990836\n|switch|p1a: Drifblim|Drifblim, F|100\/100|[from] Shed Tail\n|move|p2a: Gliscor|Agility|p2a: Gliscor\n|-boost|p2a: Gliscor|spe|2\n|\n|-status|p2a: Gliscor|tox|[from] item: Toxic Orb\n|upkeep\n|turn|2\n|\n|t:|1697990846\n|move|p2a: Gliscor|Baton Pass|p2a: Gliscor\n|\n|t:|1697990847\n|switch|p2a: Calyrex|Calyrex-Shadow|100\/100|[from] Baton Pass\n|-ability|p2a: Calyrex|As One\n|-ability|p2a: Calyrex|Unnerve\n|move|p1a: Drifblim|Minimize|p1a: Drifblim\n|-boost|p1a: Drifblim|evasion|2\n|\n|upkeep\n|turn|3\n|\n|t:|1697990856\n|-terastallize|p2a: Calyrex|Steel\n|move|p2a: Calyrex|Nasty Plot|p2a: Calyrex\n|-boost|p2a: Calyrex|spa|2\n|move|p1a: Drifblim|Minimize|p1a: Drifblim\n|-boost|p1a: Drifblim|evasion|2\n|\n|upkeep\n|turn|4\n|\n|t:|1697990864\n|move|p2a: Calyrex|Agility|p2a: Calyrex\n|-boost|p2a: Calyrex|spe|2\n|move|p1a: Drifblim|Minimize|p1a: Drifblim\n|-boost|p1a: Drifblim|evasion|2\n|\n|upkeep\n|turn|5\n|\n|t:|1697990871\n|move|p2a: Calyrex|Nasty Plot|p2a: Calyrex\n|-boost|p2a: Calyrex|spa|2\n|move|p1a: Drifblim|Clear Smog|p2a: Calyrex\n|-immune|p2a: Calyrex\n|\n|upkeep\n|turn|6\n|\n|t:|1697990880\n|move|p2a: Calyrex|Nasty Plot|p2a: Calyrex\n|-boost|p2a: Calyrex|spa|2\n|move|p1a: Drifblim|Baton Pass|p1a: Drifblim\n|\n|t:|1697990885\n|switch|p1a: Espathra|Espathra, M|100\/100|[from] Baton Pass\n|\n|upkeep\n|turn|7\n|\n|t:|1697990895\n|move|p2a: Calyrex|Astral Barrage|p1a: Espathra|[miss]\n|-miss|p2a: Calyrex|p1a: Espathra\n|move|p1a: Espathra|Calm Mind|p1a: Espathra\n|-boost|p1a: Espathra|spa|1\n|-boost|p1a: Espathra|spd|1\n|\n|-ability|p1a: Espathra|Speed Boost|boost\n|-boost|p1a: Espathra|spe|1\n|upkeep\n|turn|8\n|\n|t:|1697990905\n|move|p2a: Calyrex|Baton Pass|p2a: Calyrex\n|\n|t:|1697990907\n|switch|p2a: Ceruledge|Ceruledge, M|100\/100|[from] Baton Pass\n|move|p1a: Espathra|Calm Mind|p1a: Espathra\n|-boost|p1a: Espathra|spa|1\n|-boost|p1a: Espathra|spd|1\n|\n|-ability|p1a: Espathra|Speed Boost|boost\n|-boost|p1a: Espathra|spe|1\n|upkeep\n|turn|9\n|\n|t:|1697990922\n|move|p2a: Ceruledge|Flamethrower|p1a: Espathra|[miss]\n|-miss|p2a: Ceruledge|p1a: Espathra\n|move|p1a: Espathra|Calm Mind|p1a: Espathra\n|-boost|p1a: Espathra|spa|1\n|-boost|p1a: Espathra|spd|1\n|\n|-ability|p1a: Espathra|Speed Boost|boost\n|-boost|p1a: Espathra|spe|1\n|upkeep\n|turn|10\n|inactive|Battle timer is ON: inactive players will automatically lose when time's up. (requested by Shagg51)\n|\n|t:|1697990933\n|move|p1a: Espathra|Baton Pass|p1a: Espathra\n|\n|t:|1697990937\n|switch|p1a: Gliscor|Gliscor, F|100\/100|[from] Baton Pass\n|move|p2a: Ceruledge|Flamethrower|p1a: Gliscor\n|-end|p1a: Gliscor|Substitute\n|\n|-status|p1a: Gliscor|tox|[from] item: Toxic Orb\n|upkeep\n|turn|11\n|\n|t:|1697990948\n|move|p2a: Ceruledge|Flamethrower|p1a: Gliscor\n|-damage|p1a: Gliscor|34\/100 tox\n|move|p1a: Gliscor|Swords Dance|p1a: Gliscor\n|-boost|p1a: Gliscor|atk|2\n|\n|-heal|p1a: Gliscor|47\/100 tox|[from] ability: Poison Heal\n|upkeep\n|turn|12\n|\n|t:|1697990956\n|move|p1a: Gliscor|Protect|p1a: Gliscor\n|-singleturn|p1a: Gliscor|Protect\n|move|p2a: Ceruledge|Flamethrower|p1a: Gliscor\n|-activate|p1a: Gliscor|move: Protect\n|\n|-heal|p1a: Gliscor|59\/100 tox|[from] ability: Poison Heal\n|upkeep\n|turn|13\n|\n|t:|1697990963\n|move|p1a: Gliscor|Protect||[still]\n|-fail|p1a: Gliscor\n|move|p2a: Ceruledge|Flamethrower|p1a: Gliscor|[miss]\n|-miss|p2a: Ceruledge|p1a: Gliscor\n|\n|-heal|p1a: Gliscor|71\/100 tox|[from] ability: Poison Heal\n|upkeep\n|turn|14\n|\n|t:|1697990971\n|move|p2a: Ceruledge|Flamethrower|p1a: Gliscor|[miss]\n|-miss|p2a: Ceruledge|p1a: Gliscor\n|move|p1a: Gliscor|Baton Pass|p1a: Gliscor\n|\n|t:|1697990975\n|switch|p1a: Mew|Mew|100\/100|[from] Baton Pass\n|\n|upkeep\n|turn|15\n|\n|t:|1697990981\n|move|p2a: Ceruledge|Flamethrower|p1a: Mew|[miss]\n|-miss|p2a: Ceruledge|p1a: Mew\n|move|p1a: Mew|Stored Power|p2a: Ceruledge\n|-damage|p2a: Ceruledge|0 fnt\n|faint|p2a: Ceruledge\n|\n|upkeep\n|\n|t:|1697990987\n|switch|p2a: Blissey|Blissey, F|100\/100\n|turn|16\n|\n|t:|1697990991\n|move|p1a: Mew|Stored Power|p2a: Blissey\n|-damage|p2a: Blissey|0 fnt\n|faint|p2a: Blissey\n|\n|upkeep\n|\n|t:|1697990994\n|switch|p2a: Heatran|Heatran, F|100\/100\n|turn|17\n|\n|t:|1697990998\n|move|p1a: Mew|Stored Power|p2a: Heatran\n|-resisted|p2a: Heatran\n|-damage|p2a: Heatran|0 fnt\n|faint|p2a: Heatran\n|\n|upkeep\n|\n|t:|1697991002\n|switch|p2a: Iron Valiant|Iron Valiant|100\/100\n|-enditem|p2a: Iron Valiant|Booster Energy\n|-activate|p2a: Iron Valiant|ability: Quark Drive|[fromitem]\n|-start|p2a: Iron Valiant|quarkdrivespe\n|turn|18\n|\n|t:|1697991007\n|move|p1a: Mew|Stored Power|p2a: Iron Valiant\n|-supereffective|p2a: Iron Valiant\n|-damage|p2a: Iron Valiant|0 fnt\n|faint|p2a: Iron Valiant\n|-end|p2a: Iron Valiant|Quark Drive|[silent]\n|\n|upkeep\n|-message|Shagg51 forfeited.\n|\n|win|BrushIsHotaf\n|raw|BrushIsHotaf's rating: 1000 &rarr; <strong>1051<\/strong><br \/>(+51 for winning)\n|raw|Shagg51's rating: 1101 &rarr; <strong>1069<\/strong><br \/>(-32 for losing)\n|l|\u2606Shagg51\n","uploadtime":1697991022,"views":18,"p1id":"brushishotaf","p2id":"shagg51","formatid":"gen9anythinggoes","rating":1051,"private":0,"password":""}