{"id":"gen9anythinggoes-1973606963","p1":"Frank the Tree","p2":"environmentlover","format":"[Gen 9] Anything Goes","log":"|j|\u2606Frank the Tree\n|j|\u2606environmentlover\n|t:|1697995568\n|gametype|singles\n|player|p1|Frank the Tree|colress|1107\n|player|p2|environmentlover|1|1100\n|teamsize|p1|6\n|teamsize|p2|6\n|gen|9\n|tier|[Gen 9] Anything Goes\n|rated|\n|rule|HP Percentage Mod: HP is shown in percentages\n|rule|Endless Battle Clause: Forcing endless battles is banned\n|clearpoke\n|poke|p1|Gliscor, M|\n|poke|p1|Cyclizar, M|\n|poke|p1|Okidogi, M|\n|poke|p1|Oricorio-Sensu, F|\n|poke|p1|Gardevoir, F|\n|poke|p1|Tinkaton, F|\n|poke|p2|Koraidon|\n|poke|p2|Alomomola, M|\n|poke|p2|Chien-Pao|\n|poke|p2|Iron Treads|\n|poke|p2|Flutter Mane|\n|poke|p2|Iron Bundle|\n|teampreview\n|\n|t:|1697995582\n|start\n|switch|p1a: Toby|Gliscor, M|100\/100\n|switch|p2a: Bandit|Alomomola, M|100\/100\n|turn|1\n|\n|t:|1697995591\n|move|p1a: Toby|Toxic Spikes|p2a: Bandit\n|-sidestart|p2: environmentlover|move: Toxic Spikes\n|move|p2a: Bandit|Whirlpool|p1a: Toby\n|-supereffective|p1a: Toby\n|-damage|p1a: Toby|82\/100\n|-activate|p1a: Toby|move: Whirlpool|[of] p2a: Bandit\n|\n|-damage|p1a: Toby|70\/100|[from] move: Whirlpool|[partiallytrapped]\n|-status|p1a: Toby|tox|[from] item: Toxic Orb\n|upkeep\n|turn|2\n|\n|t:|1697995604\n|move|p1a: Toby|Stealth Rock|p2a: Bandit\n|-sidestart|p2: environmentlover|move: Stealth Rock\n|move|p2a: Bandit|Wish|p2a: Bandit\n|\n|-heal|p1a: Toby|82\/100 tox|[from] ability: Poison Heal\n|-damage|p1a: Toby|70\/100 tox|[from] move: Whirlpool|[partiallytrapped]\n|upkeep\n|turn|3\n|\n|t:|1697995613\n|move|p1a: Toby|Facade|p2a: Bandit\n|-damage|p2a: Bandit|80\/100\n|move|p2a: Bandit|Chilling Water|p1a: Toby\n|-supereffective|p1a: Toby\n|-damage|p1a: Toby|43\/100 tox\n|-unboost|p1a: Toby|atk|1\n|\n|-heal|p2a: Bandit|100\/100|[from] move: Wish|[wisher] Bandit\n|-heal|p1a: Toby|55\/100 tox|[from] ability: Poison Heal\n|-damage|p1a: Toby|43\/100 tox|[from] move: Whirlpool|[partiallytrapped]\n|upkeep\n|turn|4\n|l|\u2606Frank the Tree\n|player|p1|\n|j|\u2606Frank the Tree\n|player|p1|Frank the Tree|colress\n|\n|t:|1697995656\n|move|p1a: Toby|Facade|p2a: Bandit\n|-damage|p2a: Bandit|87\/100\n|move|p2a: Bandit|Chilling Water|p1a: Toby\n|-supereffective|p1a: Toby\n|-damage|p1a: Toby|17\/100 tox\n|-unboost|p1a: Toby|atk|1\n|\n|-heal|p1a: Toby|30\/100 tox|[from] ability: Poison Heal\n|-damage|p1a: Toby|17\/100 tox|[from] move: Whirlpool|[partiallytrapped]\n|upkeep\n|turn|5\n|\n|t:|1697995669\n|move|p1a: Toby|Earthquake|p2a: Bandit\n|-damage|p2a: Bandit|76\/100\n|move|p2a: Bandit|Chilling Water|p1a: Toby\n|-supereffective|p1a: Toby\n|-damage|p1a: Toby|0 fnt\n|faint|p1a: Toby\n|\n|upkeep\n|\n|t:|1697995678\n|switch|p1a: Dogy|Okidogi, M|100\/100\n|turn|6\n|\n|t:|1697995685\n|move|p2a: Bandit|Whirlpool|p1a: Dogy|[miss]\n|-miss|p2a: Bandit|p1a: Dogy\n|move|p1a: Dogy|Roar|p2a: Bandit\n|drag|p2a: Bowling ball|Iron Treads|100\/100\n|-damage|p2a: Bowling ball|97\/100|[from] Stealth Rock\n|\n|upkeep\n|turn|7\n|\n|t:|1697995700\n|move|p2a: Bowling ball|Rapid Spin|p1a: Dogy\n|-damage|p1a: Dogy|87\/100\n|-boost|p2a: Bowling ball|spe|1\n|-sideend|p2: environmentlover|Toxic Spikes|[from] move: Rapid Spin|[of] p2a: Bowling ball\n|-sideend|p2: environmentlover|Stealth Rock|[from] move: Rapid Spin|[of] p2a: Bowling ball\n|move|p1a: Dogy|Drain Punch|p2a: Bowling ball\n|-supereffective|p2a: Bowling ball\n|-damage|p2a: Bowling ball|32\/100\n|-heal|p1a: Dogy|100\/100|[from] drain|[of] p2a: Bowling ball\n|-damage|p1a: Dogy|84\/100|[from] item: Rocky Helmet|[of] p2a: Bowling ball\n|-heal|p1a: Dogy|91\/100|[from] item: Shell Bell|[of] p2a: Bowling ball\n|\n|upkeep\n|turn|8\n|\n|t:|1697995713\n|-end|p2a: Bowling ball|Quark Drive|[silent]\n|switch|p2a: DoritoJollyRancher|Flutter Mane|100\/100\n|move|p1a: Dogy|Drain Punch|p2a: DoritoJollyRancher\n|-immune|p2a: DoritoJollyRancher\n|\n|upkeep\n|turn|9\n|\n|t:|1697995736\n|move|p2a: DoritoJollyRancher|Substitute|p2a: DoritoJollyRancher\n|-start|p2a: DoritoJollyRancher|Substitute\n|-damage|p2a: DoritoJollyRancher|75\/100\n|move|p1a: Dogy|Knock Off|p2a: DoritoJollyRancher\n|-end|p2a: DoritoJollyRancher|Substitute\n|\n|-heal|p2a: DoritoJollyRancher|81\/100|[from] item: Leftovers\n|upkeep\n|turn|10\n|\n|t:|1697995752\n|-end|p2a: DoritoJollyRancher|Protosynthesis|[silent]\n|switch|p2a: Bandit|Alomomola, M|100\/100\n|move|p1a: Dogy|Knock Off|p2a: Bandit\n|-damage|p2a: Bandit|85\/100\n|-status|p2a: Bandit|tox|[from] ability: Toxic Chain|[of] p1a: Dogy\n|-enditem|p2a: Bandit|Heavy-Duty Boots|[from] move: Knock Off|[of] p1a: Dogy\n|-heal|p1a: Dogy|93\/100|[from] item: Shell Bell|[of] p2a: Bandit\n|\n|-damage|p2a: Bandit|79\/100 tox|[from] psn\n|upkeep\n|turn|11\n|\n|t:|1697995764\n|move|p2a: Bandit|Wish|p2a: Bandit\n|move|p1a: Dogy|Roar|p2a: Bandit\n|drag|p2a: Iphone|Koraidon|100\/100\n|-weather|SunnyDay|[from] ability: Orichalcum Pulse|[of] p2a: Iphone\n|-activate|p2a: Iphone|Orichalcum Pulse|[source]\n|\n|-weather|SunnyDay|[upkeep]\n|upkeep\n|turn|12\n|\n|t:|1697995781\n|move|p2a: Iphone|Drain Punch|p1a: Dogy\n|-resisted|p1a: Dogy\n|-damage|p1a: Dogy|66\/100\n|-damage|p2a: Iphone|91\/100|[from] item: Life Orb\n|move|p1a: Dogy|Ice Punch|p2a: Iphone\n|-supereffective|p2a: Iphone\n|-damage|p2a: Iphone|52\/100\n|-status|p2a: Iphone|tox|[from] ability: Toxic Chain|[of] p1a: Dogy\n|-heal|p1a: Dogy|70\/100|[from] item: Shell Bell|[of] p2a: Iphone\n|\n|-weather|SunnyDay|[upkeep]\n|-heal|p2a: Iphone|100\/100 tox|[from] move: Wish|[wisher] Bandit\n|-damage|p2a: Iphone|94\/100 tox|[from] psn\n|upkeep\n|turn|13\n|\n|t:|1697995796\n|move|p2a: Iphone|Fire Fang|p1a: Dogy|[miss]\n|-miss|p2a: Iphone|p1a: Dogy\n|move|p1a: Dogy|Ice Punch|p2a: Iphone\n|-supereffective|p2a: Iphone\n|-damage|p2a: Iphone|50\/100 tox\n|-heal|p1a: Dogy|75\/100|[from] item: Shell Bell|[of] p2a: Iphone\n|\n|-weather|SunnyDay|[upkeep]\n|-damage|p2a: Iphone|38\/100 tox|[from] psn\n|upkeep\n|turn|14\n|-message|environmentlover forfeited.\n|\n|win|Frank the Tree\n|raw|Frank the Tree's rating: 1107 &rarr; <strong>1131<\/strong><br \/>(+24 for winning)\n|raw|environmentlover's rating: 1100 &rarr; <strong>1076<\/strong><br \/>(-24 for losing)\n|l|\u2606environmentlover\n","uploadtime":1697995812,"views":9,"p1id":"frankthetree","p2id":"environmentlover","formatid":"gen9anythinggoes","rating":1076,"private":0,"password":""}