{"id":"gen9anythinggoes-1996262509","p1":"bb\/c who're?","p2":"temptx","format":"[Gen 9] Anything Goes","log":"|j|\u203dbb\/c who're?\n|j|\u2606temptx\n|t:|1700665223\n|gametype|singles\n|player|p1|bb\/c who're?|2|1401\n|player|p2|temptx|skyla|1589\n|teamsize|p1|6\n|teamsize|p2|6\n|gen|9\n|tier|[Gen 9] Anything Goes\n|rated|\n|rule|HP Percentage Mod: HP is shown in percentages\n|rule|Endless Battle Clause: Forcing endless battles is banned\n|clearpoke\n|poke|p1|Ribombee, M|\n|poke|p1|Calyrex-Shadow|\n|poke|p1|Koraidon|\n|poke|p1|Arceus|\n|poke|p1|Zacian-*|\n|poke|p1|Eternatus|\n|poke|p2|Blissey, F|\n|poke|p2|Kyogre|\n|poke|p2|Arceus|\n|poke|p2|Zacian-*|\n|poke|p2|Calyrex-Shadow|\n|poke|p2|Eternatus|\n|teampreview\n|inactive|Battle timer is ON: inactive players will automatically lose when time's up. (requested by bb\/c who're?)\n|\n|t:|1700665233\n|start\n|switch|p1a: Ribombee|Ribombee, M|100\/100\n|switch|p2a: Kyogre|Kyogre|100\/100\n|-weather|RainDance|[from] ability: Drizzle|[of] p2a: Kyogre\n|turn|1\n|\n|t:|1700665239\n|move|p2a: Kyogre|Water Spout|p1a: Ribombee\n|-enditem|p1a: Ribombee|Focus Sash\n|-damage|p1a: Ribombee|1\/100\n|move|p1a: Ribombee|Sticky Web|p2a: Kyogre\n|-sidestart|p2: temptx|move: Sticky Web\n|\n|-weather|RainDance|[upkeep]\n|upkeep\n|turn|2\n|\n|t:|1700665254\n|move|p2a: Kyogre|Water Spout|p1a: Ribombee\n|-damage|p1a: Ribombee|0 fnt\n|faint|p1a: Ribombee\n|\n|-weather|RainDance|[upkeep]\n|upkeep\n|\n|t:|1700665255\n|switch|p1a: Koraidon|Koraidon|100\/100\n|-weather|SunnyDay|[from] ability: Orichalcum Pulse|[of] p1a: Koraidon\n|-activate|p1a: Koraidon|Orichalcum Pulse|[source]\n|turn|3\n|\n|t:|1700665264\n|switch|p2a: Eternatus|Eternatus|100\/100\n|-activate|p2a: Eternatus|move: Sticky Web\n|-unboost|p2a: Eternatus|spe|1\n|-ability|p2a: Eternatus|Pressure\n|move|p1a: Koraidon|Scale Shot|p2a: Eternatus\n|-supereffective|p2a: Eternatus\n|-damage|p2a: Eternatus|73\/100\n|-supereffective|p2a: Eternatus\n|-damage|p2a: Eternatus|47\/100\n|-enditem|p2a: Eternatus|Sitrus Berry|[eat]\n|-heal|p2a: Eternatus|72\/100|[from] item: Sitrus Berry\n|-supereffective|p2a: Eternatus\n|-damage|p2a: Eternatus|45\/100\n|-supereffective|p2a: Eternatus\n|-damage|p2a: Eternatus|18\/100\n|-supereffective|p2a: Eternatus\n|-damage|p2a: Eternatus|0 fnt\n|faint|p2a: Eternatus\n|-hitcount|p2: Eternatus|5\n|-unboost|p1a: Koraidon|def|1\n|-boost|p1a: Koraidon|spe|1\n|\n|-weather|SunnyDay|[upkeep]\n|upkeep\n|n| lapilu lapali|lapilulapali\n|inactive|temptx has 120 seconds left.\n|n| get mogged L|lapilulapali\n|\n|t:|1700665305\n|switch|p2a: Zacian|Zacian-Crowned|100\/100\n|-activate|p2a: Zacian|move: Sticky Web\n|-unboost|p2a: Zacian|spe|1\n|-ability|p2a: Zacian|Intrepid Sword|boost\n|-boost|p2a: Zacian|atk|1\n|turn|4\n|n| get mogged L|getmoggedl\n|\n|t:|1700665326\n|move|p1a: Koraidon|Flare Blitz|p2a: Zacian\n|-supereffective|p2a: Zacian\n|-damage|p2a: Zacian|0 fnt\n|faint|p2a: Zacian\n|-damage|p1a: Koraidon|69\/100|[from] Recoil\n|\n|-weather|SunnyDay|[upkeep]\n|upkeep\n|c| get mogged L|bruh that was so unfair\n|c| get mogged L|i was about to beat you\n|\n|t:|1700665340\n|switch|p2a: Arceus|Arceus|100\/100\n|turn|5\n|\n|t:|1700665350\n|switch|p1a: Arceus|Arceus|100\/100\n|move|p2a: Arceus|Swords Dance|p2a: Arceus\n|-boost|p2a: Arceus|atk|2\n|\n|-weather|SunnyDay|[upkeep]\n|upkeep\n|turn|6\n|\n|t:|1700665356\n|move|p2a: Arceus|Extreme Speed|p1a: Arceus\n|-damage|p1a: Arceus|39\/100\n|move|p1a: Arceus|Swords Dance|p1a: Arceus\n|-boost|p1a: Arceus|atk|2\n|\n|-weather|SunnyDay|[upkeep]\n|upkeep\n|turn|7\n|\n|t:|1700665362\n|switch|p1a: Calyrex|Calyrex-Shadow|100\/100\n|-ability|p1a: Calyrex|As One\n|-ability|p1a: Calyrex|Unnerve\n|move|p2a: Arceus|Extreme Speed|p1a: Calyrex\n|-immune|p1a: Calyrex\n|\n|-weather|none\n|upkeep\n|turn|8\n|\n|t:|1700665371\n|move|p1a: Calyrex|Psychic|p2a: Arceus\n|-damage|p2a: Arceus|49\/100\n|-damage|p1a: Calyrex|91\/100|[from] item: Life Orb\n|move|p2a: Arceus|Swords Dance|p2a: Arceus\n|-boost|p2a: Arceus|atk|2\n|\n|upkeep\n|turn|9\n|\n|t:|1700665378\n|switch|p2a: Blissey|Blissey, F|100\/100\n|-activate|p2a: Blissey|move: Sticky Web\n|-unboost|p2a: Blissey|spe|1\n|move|p1a: Calyrex|Psychic|p2a: Blissey\n|-damage|p2a: Blissey|79\/100\n|-damage|p1a: Calyrex|81\/100|[from] item: Life Orb\n|\n|-heal|p2a: Blissey|85\/100|[from] item: Leftovers\n|upkeep\n|turn|10\n|\n|t:|1700665385\n|switch|p1a: Koraidon|Koraidon|69\/100\n|-weather|SunnyDay|[from] ability: Orichalcum Pulse|[of] p1a: Koraidon\n|-activate|p1a: Koraidon|Orichalcum Pulse|[source]\n|move|p2a: Blissey|Stealth Rock|p1a: Koraidon\n|-sidestart|p1: bb\/c who're?|move: Stealth Rock\n|\n|-weather|SunnyDay|[upkeep]\n|-heal|p2a: Blissey|91\/100|[from] item: Leftovers\n|upkeep\n|turn|11\n|\n|t:|1700665395\n|switch|p2a: Calyrex|Calyrex-Shadow|100\/100\n|-ability|p2a: Calyrex|As One\n|-ability|p2a: Calyrex|Unnerve\n|-activate|p2a: Calyrex|move: Sticky Web\n|-unboost|p2a: Calyrex|spe|1\n|move|p1a: Koraidon|Scale Shot|p2a: Calyrex\n|-damage|p2a: Calyrex|78\/100\n|-damage|p2a: Calyrex|56\/100\n|-damage|p2a: Calyrex|34\/100\n|-damage|p2a: Calyrex|13\/100\n|-damage|p2a: Calyrex|0 fnt\n|faint|p2a: Calyrex\n|-hitcount|p2: Calyrex|5\n|-unboost|p1a: Koraidon|def|1\n|-boost|p1a: Koraidon|spe|1\n|\n|-weather|SunnyDay|[upkeep]\n|upkeep\n|\n|t:|1700665411\n|switch|p2a: Arceus|Arceus|49\/100\n|turn|12\n|\n|t:|1700665429\n|switch|p1a: Zacian|Zacian-Crowned|100\/100\n|-damage|p1a: Zacian|94\/100|[from] Stealth Rock\n|-ability|p1a: Zacian|Intrepid Sword|boost\n|-boost|p1a: Zacian|atk|1\n|-terastallize|p2a: Arceus|Steel\n|move|p2a: Arceus|Recover|p2a: Arceus\n|-heal|p2a: Arceus|99\/100\n|\n|-weather|SunnyDay|[upkeep]\n|upkeep\n|turn|13\n|\n|t:|1700665445\n|move|p1a: Zacian|Swords Dance|p1a: Zacian\n|-boost|p1a: Zacian|atk|2\n|move|p2a: Arceus|Swords Dance|p2a: Arceus\n|-boost|p2a: Arceus|atk|2\n|\n|-weather|SunnyDay|[upkeep]\n|upkeep\n|turn|14\n|\n|t:|1700665450\n|move|p2a: Arceus|Extreme Speed|p1a: Zacian\n|-resisted|p1a: Zacian\n|-damage|p1a: Zacian|51\/100\n|move|p1a: Zacian|Behemoth Blade|p2a: Arceus\n|-resisted|p2a: Arceus\n|-damage|p2a: Arceus|46\/100\n|\n|-weather|none\n|upkeep\n|turn|15\n|\n|t:|1700665461\n|move|p2a: Arceus|Extreme Speed|p1a: Zacian\n|-resisted|p1a: Zacian\n|-damage|p1a: Zacian|12\/100\n|move|p1a: Zacian|Behemoth Blade|p2a: Arceus\n|-resisted|p2a: Arceus\n|-damage|p2a: Arceus|0 fnt\n|faint|p2a: Arceus\n|\n|upkeep\n|\n|t:|1700665475\n|switch|p2a: Blissey|Blissey, F|91\/100\n|-activate|p2a: Blissey|move: Sticky Web\n|-unboost|p2a: Blissey|spe|1\n|turn|16\n|\n|t:|1700665485\n|move|p1a: Zacian|Trailblaze|p2a: Blissey\n|-damage|p2a: Blissey|0 fnt\n|-boost|p1a: Zacian|spe|1\n|faint|p2a: Blissey\n|\n|upkeep\n|\n|t:|1700665488\n|switch|p2a: Kyogre|Kyogre|100\/100\n|-activate|p2a: Kyogre|move: Sticky Web\n|-unboost|p2a: Kyogre|spe|1\n|-weather|RainDance|[from] ability: Drizzle|[of] p2a: Kyogre\n|turn|17\n|\n|t:|1700665498\n|move|p1a: Zacian|Trailblaze|p2a: Kyogre\n|-supereffective|p2a: Kyogre\n|-damage|p2a: Kyogre|0 fnt\n|-boost|p1a: Zacian|spe|1\n|faint|p2a: Kyogre\n|\n|win|bb\/c who're?\n|raw|bb&#x2f;c who&apos;re?'s rating: 1439 &rarr; <strong>1467<\/strong><br \/>(+28 for winning)\n|raw|temptx's rating: 1589 &rarr; <strong>1561<\/strong><br \/>(-28 for losing)\n|l|\u2606temptx\n","uploadtime":1700665506,"views":0,"p1id":"bbcwhore","p2id":"temptx","formatid":"gen9anythinggoes","rating":1467,"private":0,"password":""}