{"id":"gen9anythinggoes-1987259462","p1":"KatySimp","p2":"kurapaki","format":"[Gen 9] Anything Goes","log":"|j|\u2606KatySimp\n|j|\u2606kurapaki\n|t:|1699570399\n|gametype|singles\n|player|p1|KatySimp|whitney|1056\n|player|p2|kurapaki|265|1162\n|teamsize|p1|6\n|teamsize|p2|6\n|gen|9\n|tier|[Gen 9] Anything Goes\n|rated|\n|rule|HP Percentage Mod: HP is shown in percentages\n|rule|Endless Battle Clause: Forcing endless battles is banned\n|clearpoke\n|poke|p1|Ribombee, M|\n|poke|p1|Regieleki|\n|poke|p1|Zoroark-Hisui, M|\n|poke|p1|Dondozo, M|\n|poke|p1|Arceus-Ghost|\n|poke|p1|Zacian-*|\n|poke|p2|Arceus-Water|\n|poke|p2|Mewtwo|\n|poke|p2|Zacian-*|\n|poke|p2|Glaceon, F|\n|poke|p2|Scream Tail|\n|poke|p2|Mew|\n|teampreview\n|\n|t:|1699570409\n|start\n|switch|p1a: autistic child|Ribombee, M|100\/100\n|switch|p2a: Mew|Mew|100\/100\n|turn|1\n|\n|t:|1699570417\n|move|p1a: autistic child|Sticky Web|p2a: Mew\n|-sidestart|p2: kurapaki|move: Sticky Web\n|move|p2a: Mew|Taunt|p1a: autistic child\n|-start|p1a: autistic child|move: Taunt\n|\n|upkeep\n|turn|2\n|\n|t:|1699570422\n|move|p1a: autistic child|U-turn|p2a: Mew\n|-supereffective|p2a: Mew\n|-damage|p2a: Mew|81\/100\n|\n|t:|1699570428\n|switch|p1a: dawg|Zacian-Crowned|100\/100|[from] U-turn\n|move|p2a: Mew|Swords Dance|p2a: Mew\n|-boost|p2a: Mew|atk|2\n|\n|upkeep\n|turn|3\n|\n|t:|1699570441\n|move|p1a: dawg|Bitter Malice|p2a: Mew\n|-supereffective|p2a: Mew\n|-damage|p2a: Mew|12\/100\n|-unboost|p2a: Mew|atk|1\n|-damage|p1a: dawg|91\/100|[from] item: Life Orb\n|move|p2a: Mew|Baton Pass|p2a: Mew\n|\n|t:|1699570449\n|switch|p2a: Zacian|Zacian-Crowned|100\/100|[from] Baton Pass\n|-activate|p2a: Zacian|move: Sticky Web\n|-unboost|p2a: Zacian|spe|1\n|-ability|p2a: Zacian|Intrepid Sword|boost\n|-boost|p2a: Zacian|atk|1\n|\n|upkeep\n|turn|4\n|\n|t:|1699570462\n|move|p1a: dawg|Bitter Malice|p2a: Zacian\n|-damage|p2a: Zacian|55\/100\n|-unboost|p2a: Zacian|atk|1\n|-damage|p1a: dawg|81\/100|[from] item: Life Orb\n|move|p2a: Zacian|Sacred Sword|p1a: dawg\n|-immune|p1a: dawg\n|\n|upkeep\n|turn|5\n|\n|t:|1699570472\n|move|p1a: dawg|Bitter Malice|p2a: Zacian\n|-damage|p2a: Zacian|14\/100\n|-unboost|p2a: Zacian|atk|1\n|-damage|p1a: dawg|71\/100|[from] item: Life Orb\n|move|p2a: Zacian|Behemoth Blade|p1a: dawg\n|-damage|p1a: dawg|0 fnt\n|replace|p1a: cuming chornicles|Zoroark-Hisui, M\n|-end|p1a: cuming chornicles|Illusion\n|faint|p1a: cuming chornicles\n|\n|upkeep\n|\n|t:|1699570488\n|switch|p1a: battalion|Dondozo, M|100\/100\n|turn|6\n|\n|t:|1699570492\n|move|p2a: Zacian|Behemoth Blade|p1a: battalion\n|-resisted|p1a: battalion\n|-damage|p1a: battalion|87\/100\n|move|p1a: battalion|Curse|p1a: battalion\n|-unboost|p1a: battalion|spe|1\n|-boost|p1a: battalion|atk|1\n|-boost|p1a: battalion|def|1\n|\n|-heal|p1a: battalion|94\/100|[from] item: Leftovers\n|upkeep\n|turn|7\n|\n|t:|1699570509\n|switch|p2a: Screamy|Scream Tail|100\/100\n|-activate|p2a: Screamy|move: Sticky Web\n|-unboost|p2a: Screamy|spe|1\n|move|p1a: battalion|Curse|p1a: battalion\n|-unboost|p1a: battalion|spe|1\n|-boost|p1a: battalion|atk|1\n|-boost|p1a: battalion|def|1\n|\n|-heal|p1a: battalion|99\/100|[from] item: Leftovers\n|upkeep\n|turn|8\n|\n|t:|1699570520\n|move|p2a: Screamy|Calm Mind|p2a: Screamy\n|-boost|p2a: Screamy|spa|1\n|-boost|p2a: Screamy|spd|1\n|move|p1a: battalion|Curse|p1a: battalion\n|-unboost|p1a: battalion|spe|1\n|-boost|p1a: battalion|atk|1\n|-boost|p1a: battalion|def|1\n|\n|-heal|p1a: battalion|100\/100|[from] item: Leftovers\n|upkeep\n|turn|9\n|\n|t:|1699570529\n|move|p2a: Screamy|Calm Mind|p2a: Screamy\n|-boost|p2a: Screamy|spa|1\n|-boost|p2a: Screamy|spd|1\n|move|p1a: battalion|Curse|p1a: battalion\n|-unboost|p1a: battalion|spe|1\n|-boost|p1a: battalion|atk|1\n|-boost|p1a: battalion|def|1\n|\n|upkeep\n|turn|10\n|\n|t:|1699570536\n|move|p2a: Screamy|Calm Mind|p2a: Screamy\n|-boost|p2a: Screamy|spa|1\n|-boost|p2a: Screamy|spd|1\n|move|p1a: battalion|Liquidation|p2a: Screamy\n|-damage|p2a: Screamy|44\/100\n|\n|-heal|p2a: Screamy|51\/100|[from] item: Leftovers\n|upkeep\n|turn|11\n|\n|t:|1699570544\n|move|p2a: Screamy|Protect|p2a: Screamy\n|-singleturn|p2a: Screamy|Protect\n|move|p1a: battalion|Liquidation|p2a: Screamy\n|-activate|p2a: Screamy|move: Protect\n|\n|-heal|p2a: Screamy|57\/100|[from] item: Leftovers\n|upkeep\n|turn|12\n|\n|t:|1699570551\n|move|p2a: Screamy|Calm Mind|p2a: Screamy\n|-boost|p2a: Screamy|spa|1\n|-boost|p2a: Screamy|spd|1\n|move|p1a: battalion|Liquidation|p2a: Screamy\n|-damage|p2a: Screamy|3\/100\n|\n|-heal|p2a: Screamy|9\/100|[from] item: Leftovers\n|upkeep\n|turn|13\n|\n|t:|1699570563\n|move|p2a: Screamy|Baton Pass|p2a: Screamy\n|inactive|Battle timer is ON: inactive players will automatically lose when time's up. (requested by KatySimp)\n|\n|t:|1699570593\n|-end|p2a: Screamy|Protosynthesis|[silent]\n|switch|p2a: Mewtwo|Mewtwo|100\/100|[from] Baton Pass\n|-ability|p2a: Mewtwo|Pressure\n|move|p1a: battalion|Liquidation|p2a: Mewtwo\n|-damage|p2a: Mewtwo|1\/100\n|\n|upkeep\n|turn|14\n|\n|t:|1699570618\n|move|p2a: Mewtwo|Dark Pulse|p1a: battalion\n|-damage|p1a: battalion|67\/100\n|cant|p1a: battalion|flinch\n|\n|-heal|p1a: battalion|74\/100|[from] item: Leftovers\n|upkeep\n|turn|15\n|\n|t:|1699570624\n|move|p2a: Mewtwo|Dark Pulse|p1a: battalion\n|-damage|p1a: battalion|42\/100\n|move|p1a: battalion|Liquidation|p2a: Mewtwo\n|-damage|p2a: Mewtwo|0 fnt\n|faint|p2a: Mewtwo\n|\n|-heal|p1a: battalion|48\/100|[from] item: Leftovers\n|upkeep\n|\n|t:|1699570633\n|switch|p2a: Arceus|Arceus-Water|100\/100\n|-activate|p2a: Arceus|move: Sticky Web\n|-unboost|p2a: Arceus|spe|1\n|turn|16\n|\n|t:|1699570643\n|-terastallize|p1a: battalion|Dragon\n|move|p2a: Arceus|Dazzling Gleam|p1a: battalion\n|-supereffective|p1a: battalion\n|-damage|p1a: battalion|0 fnt\n|faint|p1a: battalion\n|\n|upkeep\n|\n|t:|1699570650\n|switch|p1a: speed lover|Regieleki|100\/100\n|turn|17\n|\n|t:|1699570664\n|switch|p2a: Glaceon|Glaceon, F|100\/100\n|move|p1a: speed lover|Thunderbolt|p2a: Glaceon\n|-damage|p2a: Glaceon|40\/100\n|\n|upkeep\n|turn|18\n|\n|t:|1699570672\n|move|p1a: speed lover|Thunderbolt|p2a: Glaceon\n|-damage|p2a: Glaceon|0 fnt\n|faint|p2a: Glaceon\n|\n|upkeep\n|\n|t:|1699570678\n|switch|p2a: Screamy|Scream Tail|9\/100\n|-activate|p2a: Screamy|move: Sticky Web\n|-unboost|p2a: Screamy|spe|1\n|turn|19\n|\n|t:|1699570682\n|move|p2a: Screamy|Protect|p2a: Screamy\n|-singleturn|p2a: Screamy|Protect\n|move|p1a: speed lover|Thunderbolt|p2a: Screamy\n|-activate|p2a: Screamy|move: Protect\n|\n|-heal|p2a: Screamy|15\/100|[from] item: Leftovers\n|upkeep\n|turn|20\n|\n|t:|1699570701\n|move|p2a: Screamy|Protect||[still]\n|-fail|p2a: Screamy\n|move|p1a: speed lover|Thunderbolt|p2a: Screamy\n|-crit|p2a: Screamy\n|-damage|p2a: Screamy|0 fnt\n|faint|p2a: Screamy\n|-end|p2a: Screamy|Protosynthesis|[silent]\n|\n|upkeep\n|\n|t:|1699570711\n|switch|p2a: Mew|Mew|12\/100\n|-activate|p2a: Mew|move: Sticky Web\n|-unboost|p2a: Mew|spe|1\n|turn|21\n|\n|t:|1699570717\n|move|p1a: speed lover|Thunderbolt|p2a: Mew\n|-damage|p2a: Mew|0 fnt\n|faint|p2a: Mew\n|\n|upkeep\n|\n|t:|1699570723\n|switch|p2a: Arceus|Arceus-Water|100\/100\n|-activate|p2a: Arceus|move: Sticky Web\n|-unboost|p2a: Arceus|spe|1\n|turn|22\n|\n|t:|1699570727\n|move|p1a: speed lover|Thunderbolt|p2a: Arceus\n|-supereffective|p2a: Arceus\n|-damage|p2a: Arceus|0 fnt\n|faint|p2a: Arceus\n|\n|upkeep\n|\n|t:|1699570732\n|switch|p2a: Zacian|Zacian-Crowned|14\/100\n|-activate|p2a: Zacian|move: Sticky Web\n|-unboost|p2a: Zacian|spe|1\n|turn|23\n|\n|t:|1699570756\n|move|p1a: speed lover|Thunderbolt|p2a: Zacian\n|-damage|p2a: Zacian|0 fnt\n|faint|p2a: Zacian\n|\n|win|KatySimp\n|raw|KatySimp's rating: 1056 &rarr; <strong>1097<\/strong><br \/>(+41 for winning)\n|raw|kurapaki's rating: 1162 &rarr; <strong>1130<\/strong><br \/>(-32 for losing)\n","uploadtime":1699570762,"views":4,"p1id":"katysimp","p2id":"kurapaki","formatid":"gen9anythinggoes","rating":1097,"private":0,"password":""}