{"id":"gen9anythinggoes-1998218389","p1":"sumitvs138","p2":"hoenn militian","format":"[Gen 9] Anything Goes","log":"|j|\u2606sumitvs138\n|j|\u2606hoenn militian\n|t:|1700914668\n|gametype|singles\n|player|p1|sumitvs138|youngcouple-gen4dp|1608\n|player|p2|hoenn militian|169|1776\n|teamsize|p1|6\n|teamsize|p2|6\n|gen|9\n|tier|[Gen 9] Anything Goes\n|rated|\n|rule|HP Percentage Mod: HP is shown in percentages\n|rule|Endless Battle Clause: Forcing endless battles is banned\n|clearpoke\n|poke|p1|Glimmora, M|\n|poke|p1|Calyrex-Shadow|\n|poke|p1|Iron Leaves|\n|poke|p1|Basculegion, M|\n|poke|p1|Arceus|\n|poke|p1|Miraidon|\n|poke|p2|Miraidon|\n|poke|p2|Grimmsnarl, M|\n|poke|p2|Skeledirge, F|\n|poke|p2|Moltres|\n|poke|p2|Blissey, F|\n|poke|p2|Calyrex-Ice|\n|teampreview\n|\n|t:|1700914684\n|start\n|switch|p1a: Glimmora|Glimmora, M|100\/100\n|switch|p2a: Miraidon|Miraidon|100\/100\n|-fieldstart|move: Electric Terrain|[from] ability: Hadron Engine|[of] p2a: Miraidon\n|turn|1\n|\n|t:|1700914693\n|move|p2a: Miraidon|Dragon Pulse|p1a: Glimmora\n|-damage|p1a: Glimmora|49\/100\n|move|p1a: Glimmora|Toxic|p2a: Miraidon\n|-status|p2a: Miraidon|tox\n|\n|-damage|p2a: Miraidon|94\/100 tox|[from] psn\n|upkeep\n|turn|2\n|\n|t:|1700914701\n|move|p2a: Miraidon|Electro Drift|p1a: Glimmora\n|-damage|p1a: Glimmora|0 fnt\n|faint|p1a: Glimmora\n|\n|-damage|p2a: Miraidon|82\/100 tox|[from] psn\n|upkeep\n|\n|t:|1700914710\n|switch|p1a: Arceus|Arceus|100\/100\n|turn|3\n|\n|t:|1700914713\n|switch|p2a: Skeledirge|Skeledirge, F|100\/100\n|move|p1a: Arceus|Swords Dance|p1a: Arceus\n|-boost|p1a: Arceus|atk|2\n|\n|upkeep\n|turn|4\n|\n|t:|1700914722\n|move|p1a: Arceus|Shadow Claw|p2a: Skeledirge\n|-supereffective|p2a: Skeledirge\n|-damage|p2a: Skeledirge|74\/100\n|move|p2a: Skeledirge|Will-O-Wisp|p1a: Arceus\n|-status|p1a: Arceus|brn\n|\n|-damage|p1a: Arceus|94\/100 brn|[from] brn\n|upkeep\n|turn|5\n|\n|t:|1700914749\n|switch|p1a: Calyrex|Calyrex-Shadow|100\/100\n|-ability|p1a: Calyrex|As One\n|-ability|p1a: Calyrex|Unnerve\n|move|p2a: Skeledirge|Will-O-Wisp|p1a: Calyrex\n|-status|p1a: Calyrex|brn\n|\n|-damage|p1a: Calyrex|94\/100 brn|[from] brn\n|-fieldend|move: Electric Terrain\n|upkeep\n|turn|6\n|inactive|Battle timer is ON: inactive players will automatically lose when time's up. (requested by hoenn militian)\n|\n|t:|1700914775\n|switch|p2a: Grimmsnarl|Grimmsnarl, M|100\/100\n|move|p1a: Calyrex|Grass Knot|p2a: Grimmsnarl\n|-damage|p2a: Grimmsnarl|75\/100\n|\n|-damage|p1a: Calyrex|88\/100 brn|[from] brn\n|upkeep\n|turn|7\n|\n|t:|1700914798\n|switch|p1a: Miraidon|Miraidon|100\/100\n|-fieldstart|move: Electric Terrain|[from] ability: Hadron Engine|[of] p1a: Miraidon\n|move|p2a: Grimmsnarl|Spirit Break|p1a: Miraidon\n|-supereffective|p1a: Miraidon\n|-damage|p1a: Miraidon|41\/100\n|-unboost|p1a: Miraidon|spa|1\n|\n|upkeep\n|turn|8\n|\n|t:|1700914807\n|move|p2a: Grimmsnarl|Parting Shot|p1a: Miraidon\n|-unboost|p1a: Miraidon|atk|1\n|-unboost|p1a: Miraidon|spa|1\n|\n|t:|1700914812\n|switch|p2a: Blissey|Blissey, F|100\/100|[from] Parting Shot\n|move|p1a: Miraidon|Volt Switch|p2a: Blissey\n|-damage|p2a: Blissey|91\/100\n|\n|t:|1700914827\n|switch|p1a: Iron Leaves|Iron Leaves|100\/100|[from] Volt Switch\n|-activate|p1a: Iron Leaves|ability: Quark Drive\n|-start|p1a: Iron Leaves|quarkdriveatk\n|\n|upkeep\n|turn|9\n|\n|t:|1700914834\n|switch|p2a: Moltres|Moltres|100\/100\n|move|p1a: Iron Leaves|Psyblade|p2a: Moltres\n|-damage|p2a: Moltres|35\/100\n|\n|upkeep\n|turn|10\n|\n|t:|1700914840\n|switch|p2a: Grimmsnarl|Grimmsnarl, M|75\/100\n|move|p1a: Iron Leaves|Psyblade|p2a: Grimmsnarl\n|-immune|p2a: Grimmsnarl\n|\n|upkeep\n|turn|11\n|\n|t:|1700914860\n|-end|p1a: Iron Leaves|Quark Drive|[silent]\n|switch|p1a: Arceus|Arceus|94\/100 brn\n|move|p2a: Grimmsnarl|Parting Shot|p1a: Arceus\n|-unboost|p1a: Arceus|atk|1\n|-unboost|p1a: Arceus|spa|1\n|\n|t:|1700914867\n|switch|p2a: Blissey|Blissey, F|91\/100|[from] Parting Shot\n|\n|-damage|p1a: Arceus|88\/100 brn|[from] brn\n|-fieldend|move: Electric Terrain\n|upkeep\n|turn|12\n|\n|t:|1700914875\n|move|p1a: Arceus|Extreme Speed|p2a: Blissey\n|-damage|p2a: Blissey|60\/100\n|move|p2a: Blissey|Stealth Rock|p1a: Arceus\n|-sidestart|p1: sumitvs138|move: Stealth Rock\n|\n|-damage|p1a: Arceus|82\/100 brn|[from] brn\n|upkeep\n|turn|13\n|\n|t:|1700914887\n|move|p1a: Arceus|Extreme Speed|p2a: Blissey\n|-damage|p2a: Blissey|28\/100\n|move|p2a: Blissey|Soft-Boiled|p2a: Blissey\n|-heal|p2a: Blissey|78\/100\n|\n|-damage|p1a: Arceus|76\/100 brn|[from] brn\n|upkeep\n|turn|14\n|\n|t:|1700914896\n|switch|p1a: Basculegion|Basculegion, M|100\/100\n|-damage|p1a: Basculegion|88\/100|[from] Stealth Rock\n|move|p2a: Blissey|Heal Bell|p2a: Blissey\n|-activate|p2a: Blissey|move: Heal Bell\n|-curestatus|p2: Miraidon|tox|[msg]\n|\n|upkeep\n|turn|15\n|\n|t:|1700914906\n|switch|p2a: Miraidon|Miraidon|82\/100\n|-fieldstart|move: Electric Terrain|[from] ability: Hadron Engine|[of] p2a: Miraidon\n|move|p1a: Basculegion|Wave Crash|p2a: Miraidon\n|-resisted|p2a: Miraidon\n|-damage|p2a: Miraidon|47\/100\n|-damage|p1a: Basculegion|78\/100|[from] Recoil\n|\n|upkeep\n|turn|16\n|\n|t:|1700914916\n|switch|p1a: Miraidon|Miraidon|41\/100\n|-damage|p1a: Miraidon|29\/100|[from] Stealth Rock\n|-activate|p1a: Miraidon|ability: Hadron Engine\n|move|p2a: Miraidon|Dragon Pulse|p1a: Miraidon\n|-supereffective|p1a: Miraidon\n|-damage|p1a: Miraidon|0 fnt\n|faint|p1a: Miraidon\n|\n|upkeep\n|\n|t:|1700914933\n|switch|p1a: Iron Leaves|Iron Leaves|100\/100\n|-damage|p1a: Iron Leaves|88\/100|[from] Stealth Rock\n|-activate|p1a: Iron Leaves|ability: Quark Drive\n|-start|p1a: Iron Leaves|quarkdriveatk\n|turn|17\n|\n|t:|1700914941\n|move|p2a: Miraidon|Protect|p2a: Miraidon\n|-singleturn|p2a: Miraidon|Protect\n|move|p1a: Iron Leaves|Leaf Blade|p2a: Miraidon\n|-activate|p2a: Miraidon|move: Protect\n|\n|upkeep\n|turn|18\n|\n|t:|1700914954\n|-end|p1a: Iron Leaves|Quark Drive|[silent]\n|switch|p1a: Calyrex|Calyrex-Shadow|88\/100 brn\n|-ability|p1a: Calyrex|As One\n|-ability|p1a: Calyrex|Unnerve\n|-damage|p1a: Calyrex|76\/100 brn|[from] Stealth Rock\n|switch|p2a: Moltres|Moltres|35\/100\n|\n|-damage|p1a: Calyrex|70\/100 brn|[from] brn\n|upkeep\n|turn|19\n|\n|t:|1700914966\n|switch|p2a: Grimmsnarl|Grimmsnarl, M|75\/100\n|move|p1a: Calyrex|Astral Barrage|p2a: Grimmsnarl\n|-resisted|p2a: Grimmsnarl\n|-damage|p2a: Grimmsnarl|45\/100\n|\n|-damage|p1a: Calyrex|64\/100 brn|[from] brn\n|-fieldend|move: Electric Terrain\n|upkeep\n|turn|20\n|\n|t:|1700914978\n|move|p1a: Calyrex|Astral Barrage|p2a: Grimmsnarl\n|-resisted|p2a: Grimmsnarl\n|-damage|p2a: Grimmsnarl|17\/100\n|move|p2a: Grimmsnarl|Spirit Break|p1a: Calyrex\n|-damage|p1a: Calyrex|27\/100 brn\n|-unboost|p1a: Calyrex|spa|1\n|\n|-damage|p1a: Calyrex|21\/100 brn|[from] brn\n|upkeep\n|turn|21\n|\n|t:|1700914989\n|move|p2a: Grimmsnarl|Sucker Punch|p1a: Calyrex\n|-supereffective|p1a: Calyrex\n|-damage|p1a: Calyrex|0 fnt\n|faint|p1a: Calyrex\n|\n|upkeep\n|\n|t:|1700914997\n|switch|p1a: Basculegion|Basculegion, M|78\/100\n|-damage|p1a: Basculegion|65\/100|[from] Stealth Rock\n|turn|22\n|\n|t:|1700915004\n|move|p1a: Basculegion|Aqua Jet|p2a: Grimmsnarl\n|-damage|p2a: Grimmsnarl|0 fnt\n|faint|p2a: Grimmsnarl\n|\n|upkeep\n|\n|t:|1700915008\n|switch|p2a: Calyrex|Calyrex-Ice|100\/100\n|-ability|p2a: Calyrex|As One\n|-ability|p2a: Calyrex|Unnerve\n|turn|23\n|\n|t:|1700915015\n|switch|p1a: Iron Leaves|Iron Leaves|88\/100\n|-damage|p1a: Iron Leaves|76\/100|[from] Stealth Rock\n|move|p2a: Calyrex|Glacial Lance|p1a: Iron Leaves\n|-supereffective|p1a: Iron Leaves\n|-damage|p1a: Iron Leaves|0 fnt\n|faint|p1a: Iron Leaves\n|-end|p1a: Iron Leaves|Quark Drive|[silent]\n|-ability|p2a: Calyrex|Chilling Neigh|boost\n|-boost|p2a: Calyrex|atk|1\n|\n|upkeep\n|\n|t:|1700915026\n|switch|p1a: Basculegion|Basculegion, M|65\/100\n|-damage|p1a: Basculegion|53\/100|[from] Stealth Rock\n|turn|24\n|\n|t:|1700915034\n|switch|p2a: Moltres|Moltres|35\/100\n|move|p1a: Basculegion|Last Respects|p2a: Moltres\n|-damage|p2a: Moltres|0 fnt\n|faint|p2a: Moltres\n|\n|upkeep\n|\n|t:|1700915042\n|switch|p2a: Blissey|Blissey, F|78\/100\n|turn|25\n|\n|t:|1700915045\n|switch|p1a: Arceus|Arceus|76\/100 brn\n|-damage|p1a: Arceus|64\/100 brn|[from] Stealth Rock\n|move|p2a: Blissey|Seismic Toss|p1a: Arceus\n|-damage|p1a: Arceus|38\/100 brn\n|\n|-damage|p1a: Arceus|32\/100 brn|[from] brn\n|upkeep\n|turn|26\n|\n|t:|1700915057\n|switch|p2a: Calyrex|Calyrex-Ice|100\/100\n|-ability|p2a: Calyrex|As One\n|-ability|p2a: Calyrex|Unnerve\n|-terastallize|p1a: Arceus|Normal\n|move|p1a: Arceus|Extreme Speed|p2a: Calyrex\n|-damage|p2a: Calyrex|82\/100\n|\n|-damage|p1a: Arceus|26\/100 brn|[from] brn\n|upkeep\n|turn|27\n|\n|t:|1700915070\n|move|p1a: Arceus|Shadow Claw|p2a: Calyrex\n|-supereffective|p2a: Calyrex\n|-damage|p2a: Calyrex|68\/100\n|move|p2a: Calyrex|Glacial Lance|p1a: Arceus\n|-damage|p1a: Arceus|0 fnt\n|faint|p1a: Arceus\n|-ability|p2a: Calyrex|Chilling Neigh|boost\n|-boost|p2a: Calyrex|atk|1\n|\n|upkeep\n|\n|t:|1700915082\n|switch|p1a: Basculegion|Basculegion, M|53\/100\n|-damage|p1a: Basculegion|41\/100|[from] Stealth Rock\n|turn|28\n|\n|t:|1700915098\n|move|p1a: Basculegion|Last Respects|p2a: Calyrex\n|-supereffective|p2a: Calyrex\n|-damage|p2a: Calyrex|0 fnt\n|faint|p2a: Calyrex\n|\n|upkeep\n|\n|t:|1700915102\n|switch|p2a: Blissey|Blissey, F|78\/100\n|turn|29\n|-message|sumitvs138 forfeited.\n|\n|win|hoenn militian\n|raw|sumitvs138's rating: 1608 &rarr; <strong>1597<\/strong><br \/>(-11 for losing)\n|raw|hoenn militian's rating: 1776 &rarr; <strong>1787<\/strong><br \/>(+11 for winning)\n|l|\u2606sumitvs138\n","uploadtime":1700915126,"views":2,"p1id":"sumitvs138","p2id":"hoennmilitian","formatid":"gen9anythinggoes","rating":1597,"private":0,"password":""}