{"id":"gen9anythinggoes-1972677441","p1":"Main Ubers","p2":"Tvrtko420","format":"[Gen 9] Anything Goes","log":"|j|\u2606Main Ubers\n|j|\u2606Tvrtko420\n|t:|1697875847\n|gametype|singles\n|player|p1|Main Ubers|peonia|1747\n|player|p2|Tvrtko420|red-masters2|1750\n|teamsize|p1|6\n|teamsize|p2|6\n|gen|9\n|tier|[Gen 9] Anything Goes\n|rated|\n|rule|HP Percentage Mod: HP is shown in percentages\n|rule|Endless Battle Clause: Forcing endless battles is banned\n|clearpoke\n|poke|p1|Grimmsnarl, M|\n|poke|p1|Glimmora, F|\n|poke|p1|Arceus|\n|poke|p1|Arceus-Ground|\n|poke|p1|Koraidon|\n|poke|p1|Calyrex-Shadow|\n|poke|p2|Calyrex-Shadow|\n|poke|p2|Koraidon|\n|poke|p2|Arceus|\n|poke|p2|Zacian-*|\n|poke|p2|Koraidon|\n|poke|p2|Leavanny, F|\n|teampreview\n|\n|t:|1697875855\n|start\n|switch|p1a: Glimmora|Glimmora, F|100\/100\n|switch|p2a: Koraidon|Koraidon|100\/100\n|-weather|SunnyDay|[from] ability: Orichalcum Pulse|[of] p2a: Koraidon\n|-activate|p2a: Koraidon|Orichalcum Pulse|[source]\n|turn|1\n|\n|t:|1697875867\n|move|p2a: Koraidon|Taunt|p1a: Glimmora\n|-start|p1a: Glimmora|move: Taunt\n|cant|p1a: Glimmora|move: Taunt|Stealth Rock\n|\n|-weather|SunnyDay|[upkeep]\n|upkeep\n|turn|2\n|\n|t:|1697875871\n|move|p2a: Koraidon|Close Combat|p1a: Glimmora\n|-enditem|p1a: Glimmora|Focus Sash\n|-damage|p1a: Glimmora|1\/100\n|-unboost|p2a: Koraidon|def|1\n|-unboost|p2a: Koraidon|spd|1\n|-activate|p1a: Glimmora|ability: Toxic Debris\n|-sidestart|p2: Tvrtko420|move: Toxic Spikes\n|move|p1a: Glimmora|Mud Shot|p2a: Koraidon\n|-crit|p2a: Koraidon\n|-damage|p2a: Koraidon|60\/100\n|-unboost|p2a: Koraidon|spe|1\n|\n|-weather|SunnyDay|[upkeep]\n|upkeep\n|turn|3\n|inactive|Battle timer is ON: inactive players will automatically lose when time's up. (requested by Tvrtko420)\n|\n|t:|1697875894\n|switch|p1a: Koraidon|Koraidon|100\/100\n|-activate|p1a: Koraidon|ability: Orichalcum Pulse\n|switch|p2a: Leavanny|Leavanny, F|100\/100\n|-status|p2a: Leavanny|psn\n|\n|-weather|SunnyDay|[upkeep]\n|-damage|p2a: Leavanny|88\/100 psn|[from] psn\n|upkeep\n|turn|4\n|\n|t:|1697875921\n|move|p2a: Leavanny|Sticky Web|p1a: Koraidon\n|-sidestart|p1: Main Ubers|move: Sticky Web\n|move|p1a: Koraidon|Scale Shot|p2a: Leavanny\n|-damage|p2a: Leavanny|62\/100 psn\n|-damage|p2a: Leavanny|38\/100 psn\n|-damage|p2a: Leavanny|11\/100 psn\n|-damage|p2a: Leavanny|0 fnt\n|faint|p2a: Leavanny\n|-hitcount|p2: Leavanny|4\n|-unboost|p1a: Koraidon|def|1\n|-boost|p1a: Koraidon|spe|1\n|\n|-weather|SunnyDay|[upkeep]\n|upkeep\n|inactive|Tvrtko420 has 120 seconds left.\n|\n|t:|1697875954\n|switch|p2a: Koraidon|Koraidon|60\/100\n|-status|p2a: Koraidon|psn\n|-activate|p2a: Koraidon|ability: Orichalcum Pulse\n|turn|5\n|\n|t:|1697875961\n|move|p1a: Koraidon|Low Kick|p2a: Koraidon\n|-damage|p2a: Koraidon|0 fnt\n|faint|p2a: Koraidon\n|\n|-weather|none\n|upkeep\n|inactive|Tvrtko420 has 90 seconds left.\n|\n|t:|1697875981\n|switch|p2a: Zacian|Zacian-Crowned|100\/100\n|-ability|p2a: Zacian|Intrepid Sword|boost\n|-boost|p2a: Zacian|atk|1\n|turn|6\n|\n|t:|1697875986\n|move|p1a: Koraidon|Flare Blitz|p2a: Zacian\n|-supereffective|p2a: Zacian\n|-damage|p2a: Zacian|33\/100\n|-damage|p1a: Koraidon|77\/100|[from] Recoil\n|move|p2a: Zacian|Play Rough|p1a: Koraidon\n|-supereffective|p1a: Koraidon\n|-damage|p1a: Koraidon|0 fnt\n|faint|p1a: Koraidon\n|\n|upkeep\n|\n|t:|1697876001\n|switch|p1a: Arceus|Arceus|100\/100\n|-activate|p1a: Arceus|move: Sticky Web\n|-unboost|p1a: Arceus|spe|1\n|turn|7\n|\n|t:|1697876004\n|move|p2a: Zacian|Behemoth Blade|p1a: Arceus\n|-damage|p1a: Arceus|41\/100\n|move|p1a: Arceus|Bulk Up|p1a: Arceus\n|-boost|p1a: Arceus|atk|1\n|-boost|p1a: Arceus|def|1\n|\n|-heal|p1a: Arceus|47\/100|[from] item: Leftovers\n|upkeep\n|turn|8\n|inactive|Tvrtko420 has 120 seconds left.\n|\n|t:|1697876012\n|switch|p2a: Arceus|Arceus|100\/100\n|-status|p2a: Arceus|psn\n|move|p1a: Arceus|Recover|p1a: Arceus\n|-heal|p1a: Arceus|97\/100\n|\n|-heal|p1a: Arceus|100\/100|[from] item: Leftovers\n|-damage|p2a: Arceus|88\/100 psn|[from] psn\n|upkeep\n|turn|9\n|\n|t:|1697876016\n|move|p2a: Arceus|Taunt|p1a: Arceus\n|-start|p1a: Arceus|move: Taunt\n|cant|p1a: Arceus|move: Taunt|Bulk Up\n|\n|-heal|p2a: Arceus|94\/100 psn|[from] item: Leftovers\n|-damage|p2a: Arceus|82\/100 psn|[from] psn\n|upkeep\n|turn|10\n|\n|t:|1697876019\n|move|p1a: Arceus|Extreme Speed|p2a: Arceus\n|-damage|p2a: Arceus|37\/100 psn\n|move|p2a: Arceus|Swords Dance|p2a: Arceus\n|-boost|p2a: Arceus|atk|2\n|\n|-heal|p2a: Arceus|43\/100 psn|[from] item: Leftovers\n|-damage|p2a: Arceus|31\/100 psn|[from] psn\n|upkeep\n|turn|11\n|\n|t:|1697876025\n|move|p2a: Arceus|Extreme Speed|p1a: Arceus\n|-damage|p1a: Arceus|63\/100\n|move|p1a: Arceus|Extreme Speed|p2a: Arceus\n|-damage|p2a: Arceus|0 fnt\n|faint|p2a: Arceus\n|\n|-heal|p1a: Arceus|69\/100|[from] item: Leftovers\n|-end|p1a: Arceus|move: Taunt\n|upkeep\n|\n|t:|1697876038\n|switch|p2a: Koraidon|Koraidon|100\/100\n|-status|p2a: Koraidon|psn\n|-weather|SunnyDay|[from] ability: Orichalcum Pulse|[of] p2a: Koraidon\n|-activate|p2a: Koraidon|Orichalcum Pulse|[source]\n|turn|12\n|j| GUESSWHOTPRADO\n|\n|t:|1697876048\n|-terastallize|p2a: Koraidon|Steel\n|move|p1a: Arceus|Extreme Speed|p2a: Koraidon\n|-resisted|p2a: Koraidon\n|-damage|p2a: Koraidon|75\/100 psn\n|move|p2a: Koraidon|Swords Dance|p2a: Koraidon\n|-boost|p2a: Koraidon|atk|2\n|\n|-weather|SunnyDay|[upkeep]\n|-heal|p1a: Arceus|75\/100|[from] item: Leftovers\n|-damage|p2a: Koraidon|63\/100 psn|[from] psn\n|upkeep\n|turn|13\n|\n|t:|1697876073\n|switch|p1a: Glimmora|Glimmora, F|1\/100\n|-activate|p1a: Glimmora|move: Sticky Web\n|-unboost|p1a: Glimmora|spe|1\n|move|p2a: Koraidon|Drain Punch|p1a: Glimmora\n|-damage|p1a: Glimmora|0 fnt\n|-heal|p2a: Koraidon|63\/100 psn|[from] drain|[of] p1a: Glimmora\n|-activate|p1a: Glimmora|ability: Toxic Debris\n|-sidestart|p2: Tvrtko420|move: Toxic Spikes\n|faint|p1a: Glimmora\n|\n|-weather|SunnyDay|[upkeep]\n|-damage|p2a: Koraidon|50\/100 psn|[from] psn\n|upkeep\n|\n|t:|1697876091\n|switch|p1a: Arceus|Arceus-Ground|100\/100\n|-activate|p1a: Arceus|move: Sticky Web\n|-unboost|p1a: Arceus|spe|1\n|turn|14\n|inactive|Tvrtko420 has 120 seconds left.\n|\n|t:|1697876135\n|switch|p1a: Calyrex|Calyrex-Shadow|100\/100\n|-ability|p1a: Calyrex|As One\n|-ability|p1a: Calyrex|Unnerve\n|-activate|p1a: Calyrex|move: Sticky Web\n|-unboost|p1a: Calyrex|spe|1\n|move|p2a: Koraidon|Drain Punch|p1a: Calyrex\n|-immune|p1a: Calyrex\n|\n|-weather|SunnyDay|[upkeep]\n|-damage|p2a: Koraidon|38\/100 psn|[from] psn\n|upkeep\n|turn|15\n|\n|t:|1697876144\n|move|p2a: Koraidon|Scale Shot|p1a: Calyrex\n|-damage|p1a: Calyrex|66\/100\n|-damage|p1a: Calyrex|28\/100\n|-damage|p1a: Calyrex|0 fnt\n|faint|p1a: Calyrex\n|-hitcount|p1: Calyrex|3\n|-unboost|p2a: Koraidon|def|1\n|-boost|p2a: Koraidon|spe|1\n|\n|-weather|SunnyDay|[upkeep]\n|-damage|p2a: Koraidon|25\/100 psn|[from] psn\n|upkeep\n|\n|t:|1697876156\n|switch|p1a: Arceus|Arceus|75\/100\n|-activate|p1a: Arceus|move: Sticky Web\n|-unboost|p1a: Arceus|spe|1\n|turn|16\n|inactive|Tvrtko420 has 120 seconds left.\n|\n|t:|1697876181\n|-terastallize|p1a: Arceus|Normal\n|move|p1a: Arceus|Extreme Speed|p2a: Koraidon\n|-resisted|p2a: Koraidon\n|-damage|p2a: Koraidon|0 fnt\n|faint|p2a: Koraidon\n|\n|-weather|none\n|-heal|p1a: Arceus|82\/100|[from] item: Leftovers\n|upkeep\n|\n|t:|1697876192\n|switch|p2a: Zacian|Zacian-Crowned|33\/100\n|turn|17\n|\n|t:|1697876198\n|move|p2a: Zacian|Behemoth Blade|p1a: Arceus\n|-damage|p1a: Arceus|42\/100\n|move|p1a: Arceus|Bulk Up|p1a: Arceus\n|-boost|p1a: Arceus|atk|1\n|-boost|p1a: Arceus|def|1\n|\n|-heal|p1a: Arceus|49\/100|[from] item: Leftovers\n|upkeep\n|turn|18\n|\n|t:|1697876207\n|move|p2a: Zacian|Behemoth Blade|p1a: Arceus\n|-damage|p1a: Arceus|24\/100\n|move|p1a: Arceus|Recover|p1a: Arceus\n|-heal|p1a: Arceus|74\/100\n|\n|-heal|p1a: Arceus|80\/100|[from] item: Leftovers\n|upkeep\n|turn|19\n|\n|t:|1697876212\n|move|p1a: Arceus|Extreme Speed|p2a: Zacian\n|-resisted|p2a: Zacian\n|-damage|p2a: Zacian|0 fnt\n|faint|p2a: Zacian\n|\n|-heal|p1a: Arceus|86\/100|[from] item: Leftovers\n|upkeep\n|\n|t:|1697876220\n|switch|p2a: Calyrex|Calyrex-Shadow|100\/100\n|-ability|p2a: Calyrex|As One\n|-ability|p2a: Calyrex|Unnerve\n|-status|p2a: Calyrex|tox\n|turn|20\n|\n|t:|1697876223\n|move|p2a: Calyrex|Nasty Plot|p2a: Calyrex\n|-boost|p2a: Calyrex|spa|2\n|move|p1a: Arceus|Shadow Claw|p2a: Calyrex\n|-supereffective|p2a: Calyrex\n|-damage|p2a: Calyrex|0 fnt\n|faint|p2a: Calyrex\n|\n|win|Main Ubers\n|raw|Main Ubers's rating: 1747 &rarr; <strong>1767<\/strong><br \/>(+20 for winning)\n|raw|Tvrtko420's rating: 1750 &rarr; <strong>1730<\/strong><br \/>(-20 for losing)\n|l|\u2606Main Ubers\n|l| GUESSWHOTPRADO\n","uploadtime":1697876236,"views":16,"p1id":"mainubers","p2id":"tvrtko420","formatid":"gen9anythinggoes","rating":1730,"private":0,"password":""}