{"id":"gen9anythinggoes-1974043211","p1":"LordPizza1211","p2":"fletchermed","format":"[Gen 9] Anything Goes","log":"|j|\u2606LordPizza1211\n|j|\u2606fletchermed\n|t:|1698047003\n|gametype|singles\n|player|p1|LordPizza1211|blue|\n|player|p2|fletchermed|maid|\n|teamsize|p1|6\n|teamsize|p2|6\n|gen|9\n|tier|[Gen 9] Anything Goes\n|rule|HP Percentage Mod: HP is shown in percentages\n|rule|Endless Battle Clause: Forcing endless battles is banned\n|clearpoke\n|poke|p1|Jolteon, F|\n|poke|p1|Charizard, M|\n|poke|p1|Dragapult, M|\n|poke|p1|Kingambit, M|\n|poke|p1|Salamence, M|\n|poke|p1|Gardevoir, F|\n|poke|p2|Fezandipiti, M|\n|poke|p2|Alomomola, F|\n|poke|p2|Corviknight, M|\n|poke|p2|Clodsire, M|\n|poke|p2|Miraidon|\n|poke|p2|Maushold-Four|\n|teampreview\n|\n|t:|1698047015\n|start\n|switch|p1a: Jolteon|Jolteon, F, shiny|100\/100\n|switch|p2a: \ud83d\uded2|Fezandipiti, M|100\/100\n|turn|1\n|\n|t:|1698047023\n|move|p1a: Jolteon|Sunny Day|p1a: Jolteon\n|-weather|SunnyDay\n|move|p2a: \ud83d\uded2|Beat Up|p1a: Jolteon\n|-damage|p1a: Jolteon|92\/100\n|-status|p1a: Jolteon|tox|[from] ability: Toxic Chain|[of] p2a: \ud83d\uded2\n|-damage|p1a: Jolteon|84\/100 tox\n|-damage|p1a: Jolteon|76\/100 tox\n|-damage|p1a: Jolteon|68\/100 tox\n|-damage|p1a: Jolteon|61\/100 tox\n|-damage|p1a: Jolteon|54\/100 tox\n|-hitcount|p1a: Jolteon|6\n|\n|-weather|SunnyDay|[upkeep]\n|-damage|p1a: Jolteon|48\/100 tox|[from] psn\n|upkeep\n|turn|2\n|\n|t:|1698047039\n|move|p2a: \ud83d\uded2|Protect|p2a: \ud83d\uded2\n|-singleturn|p2a: \ud83d\uded2|Protect\n|move|p1a: Jolteon|Volt Switch|p2a: \ud83d\uded2\n|-activate|p2a: \ud83d\uded2|move: Protect\n|\n|-weather|SunnyDay|[upkeep]\n|-damage|p1a: Jolteon|37\/100 tox|[from] psn\n|upkeep\n|turn|3\n|\n|t:|1698047049\n|move|p1a: Jolteon|Volt Switch|p2a: \ud83d\uded2\n|-damage|p2a: \ud83d\uded2|69\/100\n|\n|t:|1698047052\n|switch|p1a: Charizard|Charizard, M, shiny|100\/100|[from] Volt Switch\n|move|p2a: \ud83d\uded2|Roost|p2a: \ud83d\uded2\n|-heal|p2a: \ud83d\uded2|100\/100\n|-singleturn|p2a: \ud83d\uded2|move: Roost\n|\n|-weather|SunnyDay|[upkeep]\n|-damage|p1a: Charizard|88\/100|[from] ability: Solar Power|[of] p1a: Charizard\n|-heal|p1a: Charizard|94\/100|[from] item: Leftovers\n|upkeep\n|turn|4\n|\n|t:|1698047070\n|move|p1a: Charizard|Weather Ball|p2a: \ud83d\uded2\n|-damage|p2a: \ud83d\uded2|10\/100\n|move|p2a: \ud83d\uded2|Beat Up|p1a: Charizard\n|-damage|p1a: Charizard|89\/100\n|-damage|p1a: Charizard|84\/100\n|-status|p1a: Charizard|tox|[from] ability: Toxic Chain|[of] p2a: \ud83d\uded2\n|-damage|p1a: Charizard|79\/100 tox\n|-damage|p1a: Charizard|74\/100 tox\n|-damage|p1a: Charizard|69\/100 tox\n|-damage|p1a: Charizard|64\/100 tox\n|-hitcount|p1a: Charizard|6\n|\n|-weather|SunnyDay|[upkeep]\n|-damage|p1a: Charizard|52\/100 tox|[from] ability: Solar Power|[of] p1a: Charizard\n|-heal|p1a: Charizard|58\/100 tox|[from] item: Leftovers\n|-damage|p1a: Charizard|52\/100 tox|[from] psn\n|upkeep\n|turn|5\n|c|\u2606LordPizza1211|What is that move \ud83d\ude2d\n|\n|t:|1698047097\n|switch|p2a: \ud83c\ude36\ud83c\udf9f\ud83c\udff4\ud83e\uddf4\ud83d\ude28|Clodsire, M|100\/100\n|move|p1a: Charizard|Dragon Pulse|p2a: \ud83c\ude36\ud83c\udf9f\ud83c\udff4\ud83e\uddf4\ud83d\ude28\n|-damage|p2a: \ud83c\ude36\ud83c\udf9f\ud83c\udff4\ud83e\uddf4\ud83d\ude28|79\/100\n|\n|-weather|none\n|-heal|p1a: Charizard|58\/100 tox|[from] item: Leftovers\n|-heal|p2a: \ud83c\ude36\ud83c\udf9f\ud83c\udff4\ud83e\uddf4\ud83d\ude28|85\/100|[from] item: Leftovers\n|-damage|p1a: Charizard|46\/100 tox|[from] psn\n|upkeep\n|turn|6\n|\n|t:|1698047111\n|move|p1a: Charizard|Earthquake|p2a: \ud83c\ude36\ud83c\udf9f\ud83c\udff4\ud83e\uddf4\ud83d\ude28\n|-supereffective|p2a: \ud83c\ude36\ud83c\udf9f\ud83c\udff4\ud83e\uddf4\ud83d\ude28\n|-damage|p2a: \ud83c\ude36\ud83c\udf9f\ud83c\udff4\ud83e\uddf4\ud83d\ude28|42\/100\n|move|p2a: \ud83c\ude36\ud83c\udf9f\ud83c\udff4\ud83e\uddf4\ud83d\ude28|Recover|p2a: \ud83c\ude36\ud83c\udf9f\ud83c\udff4\ud83e\uddf4\ud83d\ude28\n|-heal|p2a: \ud83c\ude36\ud83c\udf9f\ud83c\udff4\ud83e\uddf4\ud83d\ude28|92\/100\n|\n|-heal|p1a: Charizard|52\/100 tox|[from] item: Leftovers\n|-heal|p2a: \ud83c\ude36\ud83c\udf9f\ud83c\udff4\ud83e\uddf4\ud83d\ude28|98\/100|[from] item: Leftovers\n|-damage|p1a: Charizard|33\/100 tox|[from] psn\n|upkeep\n|turn|7\n|\n|t:|1698047130\n|move|p1a: Charizard|Earthquake|p2a: \ud83c\ude36\ud83c\udf9f\ud83c\udff4\ud83e\uddf4\ud83d\ude28\n|-supereffective|p2a: \ud83c\ude36\ud83c\udf9f\ud83c\udff4\ud83e\uddf4\ud83d\ude28\n|-damage|p2a: \ud83c\ude36\ud83c\udf9f\ud83c\udff4\ud83e\uddf4\ud83d\ude28|57\/100\n|move|p2a: \ud83c\ude36\ud83c\udf9f\ud83c\udff4\ud83e\uddf4\ud83d\ude28|Recover|p2a: \ud83c\ude36\ud83c\udf9f\ud83c\udff4\ud83e\uddf4\ud83d\ude28\n|-heal|p2a: \ud83c\ude36\ud83c\udf9f\ud83c\udff4\ud83e\uddf4\ud83d\ude28|100\/100\n|\n|-heal|p1a: Charizard|40\/100 tox|[from] item: Leftovers\n|-damage|p1a: Charizard|15\/100 tox|[from] psn\n|upkeep\n|turn|8\n|\n|t:|1698047141\n|move|p1a: Charizard|Earthquake|p2a: \ud83c\ude36\ud83c\udf9f\ud83c\udff4\ud83e\uddf4\ud83d\ude28\n|-supereffective|p2a: \ud83c\ude36\ud83c\udf9f\ud83c\udff4\ud83e\uddf4\ud83d\ude28\n|-damage|p2a: \ud83c\ude36\ud83c\udf9f\ud83c\udff4\ud83e\uddf4\ud83d\ude28|54\/100\n|move|p2a: \ud83c\ude36\ud83c\udf9f\ud83c\udff4\ud83e\uddf4\ud83d\ude28|Stealth Rock|p1a: Charizard\n|-sidestart|p1: LordPizza1211|move: Stealth Rock\n|\n|-heal|p1a: Charizard|21\/100 tox|[from] item: Leftovers\n|-heal|p2a: \ud83c\ude36\ud83c\udf9f\ud83c\udff4\ud83e\uddf4\ud83d\ude28|61\/100|[from] item: Leftovers\n|-damage|p1a: Charizard|0 fnt|[from] psn\n|faint|p1a: Charizard\n|upkeep\n|\n|t:|1698047156\n|switch|p1a: Salamence|Salamence, M, shiny|100\/100\n|-damage|p1a: Salamence|76\/100|[from] Stealth Rock\n|turn|9\n|\n|t:|1698047171\n|move|p1a: Salamence|Brick Break|p2a: \ud83c\ude36\ud83c\udf9f\ud83c\udff4\ud83e\uddf4\ud83d\ude28\n|-resisted|p2a: \ud83c\ude36\ud83c\udf9f\ud83c\udff4\ud83e\uddf4\ud83d\ude28\n|-damage|p2a: \ud83c\ude36\ud83c\udf9f\ud83c\udff4\ud83e\uddf4\ud83d\ude28|47\/100\n|move|p2a: \ud83c\ude36\ud83c\udf9f\ud83c\udff4\ud83e\uddf4\ud83d\ude28|Toxic|p1a: Salamence\n|-status|p1a: Salamence|tox\n|\n|-heal|p2a: \ud83c\ude36\ud83c\udf9f\ud83c\udff4\ud83e\uddf4\ud83d\ude28|53\/100|[from] item: Leftovers\n|-damage|p1a: Salamence|70\/100 tox|[from] psn\n|upkeep\n|turn|10\n|\n|t:|1698047184\n|move|p1a: Salamence|Crunch|p2a: \ud83c\ude36\ud83c\udf9f\ud83c\udff4\ud83e\uddf4\ud83d\ude28\n|-damage|p2a: \ud83c\ude36\ud83c\udf9f\ud83c\udff4\ud83e\uddf4\ud83d\ude28|24\/100\n|move|p2a: \ud83c\ude36\ud83c\udf9f\ud83c\udff4\ud83e\uddf4\ud83d\ude28|Recover|p2a: \ud83c\ude36\ud83c\udf9f\ud83c\udff4\ud83e\uddf4\ud83d\ude28\n|-heal|p2a: \ud83c\ude36\ud83c\udf9f\ud83c\udff4\ud83e\uddf4\ud83d\ude28|74\/100\n|\n|-heal|p2a: \ud83c\ude36\ud83c\udf9f\ud83c\udff4\ud83e\uddf4\ud83d\ude28|80\/100|[from] item: Leftovers\n|-damage|p1a: Salamence|58\/100 tox|[from] psn\n|upkeep\n|turn|11\n|\n|t:|1698047201\n|move|p1a: Salamence|Double-Edge|p2a: \ud83c\ude36\ud83c\udf9f\ud83c\udff4\ud83e\uddf4\ud83d\ude28\n|-damage|p2a: \ud83c\ude36\ud83c\udf9f\ud83c\udff4\ud83e\uddf4\ud83d\ude28|33\/100\n|-damage|p1a: Salamence|36\/100 tox|[from] Recoil\n|move|p2a: \ud83c\ude36\ud83c\udf9f\ud83c\udff4\ud83e\uddf4\ud83d\ude28|Toxic|p1a: Salamence\n|-fail|p1a: Salamence|tox\n|\n|-heal|p2a: \ud83c\ude36\ud83c\udf9f\ud83c\udff4\ud83e\uddf4\ud83d\ude28|39\/100|[from] item: Leftovers\n|-damage|p1a: Salamence|18\/100 tox|[from] psn\n|upkeep\n|-enditem|p1a: Salamence|Aguav Berry|[eat]\n|-heal|p1a: Salamence|51\/100 tox|[from] item: Aguav Berry\n|turn|12\n|\n|t:|1698047214\n|move|p1a: Salamence|Double-Edge|p2a: \ud83c\ude36\ud83c\udf9f\ud83c\udff4\ud83e\uddf4\ud83d\ude28\n|-damage|p2a: \ud83c\ude36\ud83c\udf9f\ud83c\udff4\ud83e\uddf4\ud83d\ude28|0 fnt\n|faint|p2a: \ud83c\ude36\ud83c\udf9f\ud83c\udff4\ud83e\uddf4\ud83d\ude28\n|-ability|p1a: Salamence|Moxie|boost\n|-boost|p1a: Salamence|atk|1\n|-damage|p1a: Salamence|33\/100 tox|[from] Recoil\n|\n|-damage|p1a: Salamence|9\/100 tox|[from] psn\n|upkeep\n|c|\u2606fletchermed|miss click on that toxic\n|\n|t:|1698047227\n|switch|p2a: \ud83d\udc43\ud83d\udc85\ud83d\udd13\u26f5|Alomomola, F|100\/100\n|turn|13\n|\n|t:|1698047235\n|move|p1a: Salamence|Air Slash|p2a: \ud83d\udc43\ud83d\udc85\ud83d\udd13\u26f5|[miss]\n|-miss|p1a: Salamence|p2a: \ud83d\udc43\ud83d\udc85\ud83d\udd13\u26f5\n|move|p2a: \ud83d\udc43\ud83d\udc85\ud83d\udd13\u26f5|Wish|p2a: \ud83d\udc43\ud83d\udc85\ud83d\udd13\u26f5\n|\n|-damage|p1a: Salamence|0 fnt|[from] psn\n|faint|p1a: Salamence\n|upkeep\n|\n|t:|1698047243\n|switch|p1a: Jolteon|Jolteon, F, shiny|37\/100 tox\n|-damage|p1a: Jolteon|24\/100 tox|[from] Stealth Rock\n|turn|14\n|\n|t:|1698047250\n|move|p1a: Jolteon|Thunderbolt|p2a: \ud83d\udc43\ud83d\udc85\ud83d\udd13\u26f5\n|-supereffective|p2a: \ud83d\udc43\ud83d\udc85\ud83d\udd13\u26f5\n|-damage|p2a: \ud83d\udc43\ud83d\udc85\ud83d\udd13\u26f5|0 fnt\n|faint|p2a: \ud83d\udc43\ud83d\udc85\ud83d\udd13\u26f5\n|\n|-damage|p1a: Jolteon|19\/100 tox|[from] psn\n|upkeep\n|\n|t:|1698047253\n|switch|p2a: \ud83d\uded2|Fezandipiti, M|10\/100\n|turn|15\n|\n|t:|1698047263\n|move|p2a: \ud83d\uded2|Protect|p2a: \ud83d\uded2\n|-singleturn|p2a: \ud83d\uded2|Protect\n|move|p1a: Jolteon|Volt Switch|p2a: \ud83d\uded2\n|-activate|p2a: \ud83d\uded2|move: Protect\n|\n|-damage|p1a: Jolteon|7\/100 tox|[from] psn\n|upkeep\n|turn|16\n|\n|t:|1698047276\n|switch|p2a: \ud83d\udc5f\ud83e\udd50\ud83e\uddbc\ud83d\ude01|Miraidon|100\/100\n|-fieldstart|move: Electric Terrain|[from] ability: Hadron Engine|[of] p2a: \ud83d\udc5f\ud83e\udd50\ud83e\uddbc\ud83d\ude01\n|move|p1a: Jolteon|Volt Switch|p2a: \ud83d\udc5f\ud83e\udd50\ud83e\uddbc\ud83d\ude01\n|-resisted|p2a: \ud83d\udc5f\ud83e\udd50\ud83e\uddbc\ud83d\ude01\n|-damage|p2a: \ud83d\udc5f\ud83e\udd50\ud83e\uddbc\ud83d\ude01|91\/100\n|\n|t:|1698047288\n|switch|p1a: Dragapult|Dragapult, M, shiny|100\/100|[from] Volt Switch\n|-damage|p1a: Dragapult|88\/100|[from] Stealth Rock\n|\n|upkeep\n|turn|17\n|\n|t:|1698047298\n|-terastallize|p2a: \ud83d\udc5f\ud83e\udd50\ud83e\uddbc\ud83d\ude01|Fairy\n|move|p2a: \ud83d\udc5f\ud83e\udd50\ud83e\uddbc\ud83d\ude01|Dazzling Gleam|p1a: Dragapult\n|-supereffective|p1a: Dragapult\n|-damage|p1a: Dragapult|0 fnt\n|faint|p1a: Dragapult\n|\n|upkeep\n|\n|t:|1698047306\n|switch|p1a: Gardevoir|Gardevoir, F, shiny|100\/100\n|-damage|p1a: Gardevoir|88\/100|[from] Stealth Rock\n|turn|18\n|\n|t:|1698047321\n|switch|p2a: \ud83e\udd23\ud83e\udd23\ud83e\udd23\ud83d\ude0e\ud83d\ude0e\ud83d\ude0d\ud83d\ude0d|Maushold-Four|100\/100\n|move|p1a: Gardevoir|Trick|p2a: \ud83e\udd23\ud83e\udd23\ud83e\udd23\ud83d\ude0e\ud83d\ude0e\ud83d\ude0d\ud83d\ude0d\n|-activate|p1a: Gardevoir|move: Trick|[of] p2a: \ud83e\udd23\ud83e\udd23\ud83e\udd23\ud83d\ude0e\ud83d\ude0e\ud83d\ude0d\ud83d\ude0d\n|-item|p2a: \ud83e\udd23\ud83e\udd23\ud83e\udd23\ud83d\ude0e\ud83d\ude0e\ud83d\ude0d\ud83d\ude0d|Choice Scarf|[from] move: Trick\n|-item|p1a: Gardevoir|Wide Lens|[from] move: Trick\n|\n|upkeep\n|turn|19\n|\n|t:|1698047334\n|move|p2a: \ud83e\udd23\ud83e\udd23\ud83e\udd23\ud83d\ude0e\ud83d\ude0e\ud83d\ude0d\ud83d\ude0d|Population Bomb|p1a: Gardevoir\n|-damage|p1a: Gardevoir|65\/100\n|-hitcount|p1a: Gardevoir|1\n|move|p1a: Gardevoir|Will-O-Wisp|p2a: \ud83e\udd23\ud83e\udd23\ud83e\udd23\ud83d\ude0e\ud83d\ude0e\ud83d\ude0d\ud83d\ude0d\n|-status|p2a: \ud83e\udd23\ud83e\udd23\ud83e\udd23\ud83d\ude0e\ud83d\ude0e\ud83d\ude0d\ud83d\ude0d|brn\n|\n|-damage|p2a: \ud83e\udd23\ud83e\udd23\ud83e\udd23\ud83d\ude0e\ud83d\ude0e\ud83d\ude0d\ud83d\ude0d|94\/100 brn|[from] brn\n|upkeep\n|turn|20\n|\n|t:|1698047345\n|move|p2a: \ud83e\udd23\ud83e\udd23\ud83e\udd23\ud83d\ude0e\ud83d\ude0e\ud83d\ude0d\ud83d\ude0d|Population Bomb|p1a: Gardevoir\n|-damage|p1a: Gardevoir|55\/100\n|-damage|p1a: Gardevoir|45\/100\n|-damage|p1a: Gardevoir|34\/100\n|-damage|p1a: Gardevoir|25\/100\n|-damage|p1a: Gardevoir|15\/100\n|-crit|p1a: Gardevoir\n|-damage|p1a: Gardevoir|0 fnt\n|faint|p1a: Gardevoir\n|-hitcount|p1: Gardevoir|6\n|\n|-damage|p2a: \ud83e\udd23\ud83e\udd23\ud83e\udd23\ud83d\ude0e\ud83d\ude0e\ud83d\ude0d\ud83d\ude0d|88\/100 brn|[from] brn\n|-fieldend|move: Electric Terrain\n|upkeep\n|\n|t:|1698047360\n|switch|p1a: Jolteon|Jolteon, F, shiny|7\/100 tox\n|-damage|p1a: Jolteon|0 fnt|[from] Stealth Rock\n|faint|p1a: Jolteon\n|\n|t:|1698047364\n|switch|p1a: Kingambit|Kingambit, M, shiny|100\/100\n|-damage|p1a: Kingambit|94\/100|[from] Stealth Rock\n|-activate|p1a: Kingambit|ability: Supreme Overlord\n|-start|p1a: Kingambit|fallen5|[silent]\n|turn|21\n|\n|t:|1698047372\n|move|p2a: \ud83e\udd23\ud83e\udd23\ud83e\udd23\ud83d\ude0e\ud83d\ude0e\ud83d\ude0d\ud83d\ude0d|Population Bomb|p1a: Kingambit\n|-resisted|p1a: Kingambit\n|-damage|p1a: Kingambit|92\/100\n|-hitcount|p1a: Kingambit|1\n|move|p1a: Kingambit|Focus Blast|p2a: \ud83e\udd23\ud83e\udd23\ud83e\udd23\ud83d\ude0e\ud83d\ude0e\ud83d\ude0d\ud83d\ude0d|[miss]\n|-miss|p1a: Kingambit|p2a: \ud83e\udd23\ud83e\udd23\ud83e\udd23\ud83d\ude0e\ud83d\ude0e\ud83d\ude0d\ud83d\ude0d\n|\n|-damage|p2a: \ud83e\udd23\ud83e\udd23\ud83e\udd23\ud83d\ude0e\ud83d\ude0e\ud83d\ude0d\ud83d\ude0d|82\/100 brn|[from] brn\n|upkeep\n|turn|22\n|\n|t:|1698047383\n|move|p2a: \ud83e\udd23\ud83e\udd23\ud83e\udd23\ud83d\ude0e\ud83d\ude0e\ud83d\ude0d\ud83d\ude0d|Population Bomb|p1a: Kingambit\n|-resisted|p1a: Kingambit\n|-damage|p1a: Kingambit|90\/100\n|-resisted|p1a: Kingambit\n|-damage|p1a: Kingambit|88\/100\n|-resisted|p1a: Kingambit\n|-damage|p1a: Kingambit|86\/100\n|-hitcount|p1a: Kingambit|3\n|move|p1a: Kingambit|Focus Blast|p2a: \ud83e\udd23\ud83e\udd23\ud83e\udd23\ud83d\ude0e\ud83d\ude0e\ud83d\ude0d\ud83d\ude0d\n|-supereffective|p2a: \ud83e\udd23\ud83e\udd23\ud83e\udd23\ud83d\ude0e\ud83d\ude0e\ud83d\ude0d\ud83d\ude0d\n|-damage|p2a: \ud83e\udd23\ud83e\udd23\ud83e\udd23\ud83d\ude0e\ud83d\ude0e\ud83d\ude0d\ud83d\ude0d|0 fnt\n|faint|p2a: \ud83e\udd23\ud83e\udd23\ud83e\udd23\ud83d\ude0e\ud83d\ude0e\ud83d\ude0d\ud83d\ude0d\n|\n|upkeep\n|\n|t:|1698047393\n|switch|p2a: \ud83d\udc5f\ud83e\udd50\ud83e\uddbc\ud83d\ude01|Miraidon, tera:Fairy|91\/100\n|-fieldstart|move: Electric Terrain|[from] ability: Hadron Engine|[of] p2a: \ud83d\udc5f\ud83e\udd50\ud83e\uddbc\ud83d\ude01\n|turn|23\n|\n|t:|1698047399\n|move|p2a: \ud83d\udc5f\ud83e\udd50\ud83e\uddbc\ud83d\ude01|Dazzling Gleam|p1a: Kingambit\n|-damage|p1a: Kingambit|23\/100\n|move|p1a: Kingambit|Focus Blast|p2a: \ud83d\udc5f\ud83e\udd50\ud83e\uddbc\ud83d\ude01\n|-resisted|p2a: \ud83d\udc5f\ud83e\udd50\ud83e\uddbc\ud83d\ude01\n|-damage|p2a: \ud83d\udc5f\ud83e\udd50\ud83e\uddbc\ud83d\ude01|78\/100\n|\n|upkeep\n|turn|24\n|\n|t:|1698047406\n|move|p2a: \ud83d\udc5f\ud83e\udd50\ud83e\uddbc\ud83d\ude01|Dazzling Gleam|p1a: Kingambit\n|-damage|p1a: Kingambit|0 fnt\n|faint|p1a: Kingambit\n|-end|p1a: Kingambit|fallen5|[silent]\n|\n|win|fletchermed\n|c|\u2606fletchermed|gg\n|c|\u2606LordPizza1211|Damn gg\n|c|\u2606fletchermed|fezandipiti is funny\n|c|\u2606LordPizza1211|that toxic chain garbage \ud83d\udc80\n|c|\u2606LordPizza1211|hooolllyyy\n|c|\u2606fletchermed|if you didnt kill my alomomola\n|c|\u2606LordPizza1211|and funny name\n|c|\u2606fletchermed|I wouldve been able to use fezandipiti again\n|c|\u2606LordPizza1211|What.\n|c|\u2606fletchermed|wish\n|c|\u2606LordPizza1211|does it have that revive move\n|c|\u2606LordPizza1211|ohhh\n|c|\u2606fletchermed|no\n|c|\u2606fletchermed|it would have healed fezandipiti by 50%\n|c|\u2606LordPizza1211|damn right\u2026\n|c|\u2606LordPizza1211|yea\u2026 that\u2019s annoying lol\n|c|\u2606fletchermed|alright im going to do some random battles\n|c|\u2606fletchermed|you should try to make a team to counter this\n|c|\u2606fletchermed|lol\n|c|\u2606LordPizza1211|jolteon prevented that\n|c|\u2606LordPizza1211|ill try\u2026\n","uploadtime":1698047515,"views":21,"p1id":"lordpizza1211","p2id":"fletchermed","formatid":"gen9anythinggoes","rating":0,"private":0,"password":""}