{"id":"gen9anythinggoes-1973638735","p1":"Lucasoduncu","p2":"temp6e","format":"[Gen 9] Anything Goes","log":"|j|\u2606Lucasoduncu\n|j|\u2606temp6e\n|t:|1697998688\n|gametype|singles\n|player|p1|Lucasoduncu|cameraman|1066\n|player|p2|temp6e|lucas-gen4pt|1068\n|teamsize|p1|6\n|teamsize|p2|6\n|gen|9\n|tier|[Gen 9] Anything Goes\n|rated|\n|rule|HP Percentage Mod: HP is shown in percentages\n|rule|Endless Battle Clause: Forcing endless battles is banned\n|clearpoke\n|poke|p1|Grimmsnarl, M|\n|poke|p1|Bisharp, F|\n|poke|p1|Samurott-Hisui, F|\n|poke|p1|Krookodile, F|\n|poke|p1|Vullaby, F|\n|poke|p1|Zarude|\n|poke|p2|Wigglytuff, M|\n|poke|p2|Dialga|\n|poke|p2|Mamoswine, M|\n|poke|p2|Slowbro-Galar, M|\n|poke|p2|Lucario, F|\n|poke|p2|Krookodile, M|\n|teampreview\n|\n|t:|1697998697\n|start\n|switch|p1a: Bisharp|Bisharp, F, shiny|100\/100\n|switch|p2a: Lucario|Lucario, F|100\/100\n|-ability|p1a: Bisharp|Pressure\n|turn|1\n|\n|t:|1697998708\n|move|p1a: Bisharp|Torment|p2a: Lucario\n|-start|p2a: Lucario|Torment\n|move|p2a: Lucario|Circle Throw|p1a: Bisharp\n|-supereffective|p1a: Bisharp\n|-damage|p1a: Bisharp|43\/100\n|drag|p1a: Zarude|Zarude|100\/100\n|\n|upkeep\n|turn|2\n|\n|t:|1697998718\n|move|p1a: Zarude|Hyper Voice|p2a: Lucario\n|-resisted|p2a: Lucario\n|-damage|p2a: Lucario|85\/100\n|-enditem|p1a: Zarude|Throat Spray\n|-boost|p1a: Zarude|spa|1|[from] item: Throat Spray\n|move|p2a: Lucario|Brick Break|p1a: Zarude\n|-supereffective|p1a: Zarude\n|-damage|p1a: Zarude|34\/100\n|\n|upkeep\n|turn|3\n|\n|t:|1697998728\n|move|p1a: Zarude|Mud Shot|p2a: Lucario|[miss]\n|-miss|p1a: Zarude|p2a: Lucario\n|move|p2a: Lucario|Circle Throw|p1a: Zarude\n|-supereffective|p1a: Zarude\n|-damage|p1a: Zarude|0 fnt\n|faint|p1a: Zarude\n|\n|upkeep\n|\n|t:|1697998738\n|switch|p1a: Krookodile|Krookodile, F, shiny|100\/100\n|-ability|p1a: Krookodile|Intimidate|boost\n|-unboost|p2a: Lucario|atk|1\n|turn|4\n|\n|t:|1697998742\n|move|p1a: Krookodile|Bite|p2a: Lucario\n|-resisted|p2a: Lucario\n|-damage|p2a: Lucario|65\/100\n|move|p2a: Lucario|Brick Break|p1a: Krookodile\n|-supereffective|p1a: Krookodile\n|-damage|p1a: Krookodile|48\/100\n|\n|upkeep\n|turn|5\n|\n|t:|1697998750\n|move|p1a: Krookodile|Rock Slide|p2a: Lucario\n|-resisted|p2a: Lucario\n|-damage|p2a: Lucario|56\/100\n|move|p2a: Lucario|Circle Throw|p1a: Krookodile|[miss]\n|-miss|p2a: Lucario|p1a: Krookodile\n|\n|upkeep\n|turn|6\n|\n|t:|1697998758\n|move|p1a: Krookodile|Bite|p2a: Lucario\n|-resisted|p2a: Lucario\n|-damage|p2a: Lucario|35\/100\n|move|p2a: Lucario|Brick Break|p1a: Krookodile\n|-supereffective|p1a: Krookodile\n|-damage|p1a: Krookodile|0 fnt\n|faint|p1a: Krookodile\n|\n|upkeep\n|\n|t:|1697998765\n|switch|p1a: Vullaby|Vullaby, F, shiny|100\/100\n|turn|7\n|\n|t:|1697998770\n|move|p2a: Lucario|Bullet Punch|p1a: Vullaby\n|-damage|p1a: Vullaby|81\/100\n|-ability|p1a: Vullaby|Weak Armor|boost\n|-unboost|p1a: Vullaby|def|1\n|-boost|p1a: Vullaby|spe|2\n|move|p1a: Vullaby|Nasty Plot|p1a: Vullaby\n|-boost|p1a: Vullaby|spa|2\n|\n|upkeep\n|turn|8\n|\n|t:|1697998780\n|move|p1a: Vullaby|Air Slash|p2a: Lucario\n|-damage|p2a: Lucario|0 fnt\n|faint|p2a: Lucario\n|\n|upkeep\n|\n|t:|1697998785\n|switch|p2a: Dialga|Dialga|100\/100\n|-ability|p2a: Dialga|Pressure\n|turn|9\n|\n|t:|1697998795\n|move|p1a: Vullaby|Dark Pulse|p2a: Dialga\n|-damage|p2a: Dialga|52\/100\n|cant|p2a: Dialga|flinch\n|\n|upkeep\n|turn|10\n|\n|t:|1697998802\n|move|p1a: Vullaby|Dark Pulse|p2a: Dialga\n|-damage|p2a: Dialga|4\/100\n|cant|p2a: Dialga|flinch\n|\n|upkeep\n|turn|11\n|inactive|Battle timer is ON: inactive players will automatically lose when time's up. (requested by Lucasoduncu)\n|\n|t:|1697998814\n|switch|p2a: Mamoswine|Mamoswine, M|100\/100\n|move|p1a: Vullaby|Air Slash|p2a: Mamoswine\n|-damage|p2a: Mamoswine|35\/100\n|\n|upkeep\n|turn|12\n|\n|t:|1697998823\n|move|p1a: Vullaby|Dark Pulse|p2a: Mamoswine\n|-damage|p2a: Mamoswine|0 fnt\n|faint|p2a: Mamoswine\n|\n|upkeep\n|inactive|temp6e has 120 seconds left.\n|inactive|temp6e has 90 seconds left.\n|inactive|temp6e has 60 seconds left.\n|inactive|temp6e has 30 seconds left.\n|inactive|temp6e has 20 seconds left.\n|inactive|temp6e has 15 seconds left.\n|inactive|temp6e has 10 seconds left.\n|inactive|temp6e has 5 seconds left.\n|inactiveoff|Battle timer is now OFF.\n|inactive|Battle timer is ON: inactive players will automatically lose when time's up. (requested by Lucasoduncu)\n|inactive|temp6e has 10 seconds left this turn.\n|inactive|temp6e has 5 seconds left.\n|-message|temp6e lost due to inactivity.\n|\n|win|Lucasoduncu\n|raw|Lucasoduncu's rating: 1066 &rarr; <strong>1096<\/strong><br \/>(+30 for winning)\n|raw|temp6e's rating: 1068 &rarr; <strong>1048<\/strong><br \/>(-20 for losing)\n","uploadtime":1697999005,"views":11,"p1id":"lucasoduncu","p2id":"temp6e","formatid":"gen9anythinggoes","rating":1048,"private":0,"password":""}