{"id":"gen9anythinggoes-1983931768","p1":"boobag","p2":"Kingu01","format":"[Gen 9] Anything Goes","log":"|j|\u2606boobag\n|j|\u2606Kingu01\n|t:|1699201331\n|gametype|singles\n|player|p1|boobag|pokemaniac|\n|player|p2|Kingu01|cameraman|\n|teamsize|p1|6\n|teamsize|p2|6\n|gen|9\n|tier|[Gen 9] Anything Goes\n|rule|HP Percentage Mod: HP is shown in percentages\n|rule|Endless Battle Clause: Forcing endless battles is banned\n|clearpoke\n|poke|p1|Krookodile, F|\n|poke|p1|Gliscor, F|\n|poke|p1|Tornadus-Therian, M|\n|poke|p1|Pawmot, F|\n|poke|p1|Gengar, F|\n|poke|p1|Ludicolo, F|\n|poke|p2|Dragonite, F|\n|poke|p2|Cinderace, M|\n|poke|p2|Great Tusk|\n|poke|p2|Chi-Yu|\n|poke|p2|Veluza, M|\n|poke|p2|Sneasler, F|\n|teampreview\n|j| caligulahar\n|c|\u2606boobag|mb LOL\n|c|\u2606Kingu01|ok we up\n|\n|t:|1699201350\n|start\n|switch|p1a: Ludicolo|Ludicolo, F|100\/100\n|switch|p2a: Veluza|Veluza, M|100\/100\n|turn|1\n|\n|t:|1699201357\n|move|p2a: Veluza|Fillet Away|p2a: Veluza\n|-boost|p2a: Veluza|atk|2\n|-boost|p2a: Veluza|spa|2\n|-boost|p2a: Veluza|spe|2\n|-damage|p2a: Veluza|50\/100\n|-enditem|p2a: Veluza|Sitrus Berry|[eat]\n|-heal|p2a: Veluza|75\/100|[from] item: Sitrus Berry\n|move|p1a: Ludicolo|Rain Dance|p1a: Ludicolo\n|-weather|RainDance\n|\n|-weather|RainDance|[upkeep]\n|upkeep\n|turn|2\n|\n|t:|1699201386\n|move|p2a: Veluza|Psycho Cut|p1a: Ludicolo\n|-damage|p1a: Ludicolo|0 fnt\n|faint|p1a: Ludicolo\n|\n|-weather|RainDance|[upkeep]\n|upkeep\n|c|\u2606Kingu01|50\/50\n|c|\u2606Kingu01|sad day\n|\n|t:|1699201414\n|switch|p1a: Thris|Tornadus-Therian, M|100\/100\n|turn|3\n|\n|t:|1699201433\n|move|p2a: Veluza|Aqua Cutter|p1a: Thris\n|-damage|p1a: Thris|0 fnt\n|faint|p1a: Thris\n|\n|-weather|RainDance|[upkeep]\n|upkeep\n|c|\u2606boobag|unlucky chat\n|c|\u2606Kingu01|very unlucky chat\n|\n|t:|1699201443\n|switch|p1a: Phris|Pawmot, F, shiny|100\/100\n|turn|4\n|\n|t:|1699201452\n|move|p2a: Veluza|Psycho Cut|p1a: Phris\n|-supereffective|p1a: Phris\n|-damage|p1a: Phris|0 fnt\n|faint|p1a: Phris\n|\n|-weather|RainDance|[upkeep]\n|upkeep\n|\n|t:|1699201458\n|switch|p1a: Ghris|Gliscor, F, shiny|100\/100\n|turn|5\n|\n|t:|1699201464\n|move|p2a: Veluza|Aqua Cutter|p1a: Ghris\n|-supereffective|p1a: Ghris\n|-damage|p1a: Ghris|0 fnt\n|faint|p1a: Ghris\n|\n|-weather|none\n|upkeep\n|\n|t:|1699201482\n|switch|p1a: Genghris|Gengar, F|100\/100\n|turn|6\n|\n|t:|1699201495\n|move|p2a: Veluza|Psycho Cut|p1a: Genghris\n|-supereffective|p1a: Genghris\n|-crit|p1a: Genghris\n|-damage|p1a: Genghris|0 fnt\n|faint|p1a: Genghris\n|\n|upkeep\n|\n|t:|1699201505\n|switch|p1a: Khris|Krookodile, F|100\/100\n|turn|7\n|c|\u2606boobag|just a speedy guy\n|\n|t:|1699201512\n|move|p2a: Veluza|Aqua Cutter|p1a: Khris\n|-supereffective|p1a: Khris\n|-damage|p1a: Khris|0 fnt\n|faint|p1a: Khris\n|\n|win|Kingu01\n|c|\u2606Kingu01|he just so fast\n","uploadtime":1699201521,"views":18,"p1id":"boobag","p2id":"kingu01","formatid":"gen9anythinggoes","rating":0,"private":0,"password":""}