{"id":"gen9anythinggoes-1991809192","p1":"lucifero123","p2":"br142951","format":"[Gen 9] Anything Goes","log":"|j|\u2606lucifero123\n|j|\u2606br142951\n|t:|1700121319\n|gametype|singles\n|player|p1|lucifero123|169|1507\n|player|p2|br142951|101|1634\n|teamsize|p1|6\n|teamsize|p2|6\n|gen|9\n|tier|[Gen 9] Anything Goes\n|rated|\n|rule|HP Percentage Mod: HP is shown in percentages\n|rule|Endless Battle Clause: Forcing endless battles is banned\n|clearpoke\n|poke|p1|Espeon, M|\n|poke|p1|Gliscor, M|\n|poke|p1|Arceus-Flying|\n|poke|p1|Annihilape, M|\n|poke|p1|Zacian-*|\n|poke|p1|Chi-Yu|\n|poke|p2|Zapdos|\n|poke|p2|Urshifu-*, M|\n|poke|p2|Ursaluna-Bloodmoon, M|\n|poke|p2|Calyrex-Shadow|\n|poke|p2|Chien-Pao|\n|poke|p2|Jirachi|\n|teampreview\n|inactive|Battle timer is ON: inactive players will automatically lose when time's up. (requested by br142951)\n|\n|t:|1700121332\n|start\n|switch|p1a: Arceus|Arceus-Flying|100\/100\n|switch|p2a: Jirachi|Jirachi|100\/100\n|turn|1\n|\n|t:|1700121340\n|move|p2a: Jirachi|Stealth Rock|p1a: Arceus\n|-sidestart|p1: lucifero123|move: Stealth Rock\n|move|p1a: Arceus|Taunt|p2a: Jirachi\n|-start|p2a: Jirachi|move: Taunt\n|\n|upkeep\n|turn|2\n|\n|t:|1700121352\n|switch|p2a: Chien-Pao|Chien-Pao|100\/100\n|-ability|p2a: Chien-Pao|Sword of Ruin\n|move|p1a: Arceus|Stealth Rock|p2a: Chien-Pao\n|-sidestart|p2: br142951|move: Stealth Rock\n|\n|upkeep\n|turn|3\n|\n|t:|1700121372\n|move|p1a: Arceus|Judgment|p2a: Chien-Pao\n|-damage|p2a: Chien-Pao|20\/100\n|move|p2a: Chien-Pao|Ice Spinner|p1a: Arceus\n|-supereffective|p1a: Arceus\n|-damage|p1a: Arceus|4\/100\n|\n|upkeep\n|turn|4\n|\n|t:|1700121379\n|move|p2a: Chien-Pao|Ice Shard|p1a: Arceus\n|-supereffective|p1a: Arceus\n|-damage|p1a: Arceus|0 fnt\n|faint|p1a: Arceus\n|\n|upkeep\n|\n|t:|1700121398\n|switch|p1a: Chi-Yu|Chi-Yu|100\/100\n|-damage|p1a: Chi-Yu|76\/100|[from] Stealth Rock\n|-ability|p1a: Chi-Yu|Beads of Ruin\n|turn|5\n|\n|t:|1700121405\n|move|p2a: Chien-Pao|Sucker Punch|p1a: Chi-Yu\n|-resisted|p1a: Chi-Yu\n|-damage|p1a: Chi-Yu|35\/100\n|move|p1a: Chi-Yu|Dark Pulse|p2a: Chien-Pao\n|-resisted|p2a: Chien-Pao\n|-damage|p2a: Chien-Pao|0 fnt\n|faint|p2a: Chien-Pao\n|\n|upkeep\n|\n|t:|1700121411\n|switch|p2a: Ursaluna|Ursaluna-Bloodmoon, M|100\/100\n|-damage|p2a: Ursaluna|94\/100|[from] Stealth Rock\n|turn|6\n|\n|t:|1700121418\n|move|p2a: Ursaluna|Vacuum Wave|p1a: Chi-Yu\n|-supereffective|p1a: Chi-Yu\n|-damage|p1a: Chi-Yu|0 fnt\n|faint|p1a: Chi-Yu\n|\n|upkeep\n|\n|t:|1700121429\n|switch|p1a: Gliscor|Gliscor, M, shiny|100\/100\n|-damage|p1a: Gliscor|88\/100|[from] Stealth Rock\n|turn|7\n|\n|t:|1700121435\n|move|p1a: Gliscor|Toxic|p2a: Ursaluna\n|-status|p2a: Ursaluna|tox\n|move|p2a: Ursaluna|Blood Moon|p1a: Gliscor\n|-damage|p1a: Gliscor|0 fnt\n|faint|p1a: Gliscor\n|\n|-damage|p2a: Ursaluna|88\/100 tox|[from] psn\n|upkeep\n|\n|t:|1700121451\n|switch|p1a: Annihilape|Annihilape, M|100\/100\n|-damage|p1a: Annihilape|94\/100|[from] Stealth Rock\n|turn|8\n|\n|t:|1700121458\n|move|p1a: Annihilape|Bulk Up|p1a: Annihilape\n|-boost|p1a: Annihilape|atk|1\n|-boost|p1a: Annihilape|def|1\n|move|p2a: Ursaluna|Moonblast|p1a: Annihilape\n|-supereffective|p1a: Annihilape\n|-damage|p1a: Annihilape|46\/100\n|\n|-heal|p1a: Annihilape|52\/100|[from] item: Leftovers\n|-damage|p2a: Ursaluna|76\/100 tox|[from] psn\n|upkeep\n|turn|9\n|\n|t:|1700121466\n|move|p1a: Annihilape|Drain Punch|p2a: Ursaluna\n|-supereffective|p2a: Ursaluna\n|-damage|p2a: Ursaluna|15\/100 tox\n|-heal|p1a: Annihilape|84\/100|[from] drain|[of] p2a: Ursaluna\n|move|p2a: Ursaluna|Blood Moon|p1a: Annihilape\n|-damage|p1a: Annihilape|34\/100\n|\n|-heal|p1a: Annihilape|40\/100|[from] item: Leftovers\n|-damage|p2a: Ursaluna|0 fnt|[from] psn\n|faint|p2a: Ursaluna\n|upkeep\n|\n|t:|1700121484\n|switch|p2a: Urshifu|Urshifu-Rapid-Strike, M|100\/100\n|-damage|p2a: Urshifu|94\/100|[from] Stealth Rock\n|turn|10\n|\n|t:|1700121492\n|move|p2a: Urshifu|Surging Strikes|p1a: Annihilape\n|-crit|p1a: Annihilape\n|-damage|p1a: Annihilape|12\/100\n|-crit|p1a: Annihilape\n|-damage|p1a: Annihilape|0 fnt\n|faint|p1a: Annihilape\n|-hitcount|p1: Annihilape|2\n|\n|upkeep\n|\n|t:|1700121499\n|switch|p1a: Zacian|Zacian|100\/100\n|-damage|p1a: Zacian|88\/100|[from] Stealth Rock\n|-ability|p1a: Zacian|Intrepid Sword|boost\n|-boost|p1a: Zacian|atk|1\n|turn|11\n|\n|t:|1700121505\n|switch|p2a: Zapdos|Zapdos|100\/100\n|-damage|p2a: Zapdos|76\/100|[from] Stealth Rock\n|move|p1a: Zacian|Play Rough|p2a: Zapdos\n|-damage|p2a: Zapdos|5\/100\n|-damage|p1a: Zacian|72\/100|[from] item: Rocky Helmet|[of] p2a: Zapdos\n|-status|p1a: Zacian|par|[from] ability: Static|[of] p2a: Zapdos\n|\n|upkeep\n|turn|12\n|\n|t:|1700121514\n|move|p2a: Zapdos|Endure|p2a: Zapdos\n|-singleturn|p2a: Zapdos|move: Endure\n|cant|p1a: Zacian|par\n|\n|upkeep\n|turn|13\n|\n|t:|1700121519\n|move|p2a: Zapdos|Discharge|p1a: Zacian\n|-damage|p1a: Zacian|38\/100 par\n|move|p1a: Zacian|Play Rough|p2a: Zapdos\n|-damage|p2a: Zapdos|0 fnt\n|-damage|p1a: Zacian|21\/100 par|[from] item: Rocky Helmet|[of] p2a: Zapdos\n|faint|p2a: Zapdos\n|\n|upkeep\n|\n|t:|1700121527\n|switch|p2a: Calyrex|Calyrex-Shadow|100\/100\n|-ability|p2a: Calyrex|As One\n|-ability|p2a: Calyrex|Unnerve\n|-damage|p2a: Calyrex|88\/100|[from] Stealth Rock\n|turn|14\n|c|\u2606br142951|hurry up loser\n|inactive|lucifero123 has 120 seconds left.\n|c|\u2606br142951|bich fck u\n|c|\u2606br142951|shit\n|l|\u2606lucifero123\n|inactive|lucifero123 disconnected and has a minute to reconnect!\n|player|p1|\n|inactive|lucifero123 has 30 seconds to reconnect!\n|inactive|lucifero123 has 20 seconds to reconnect!\n|inactive|lucifero123 has 15 seconds to reconnect!\n|inactive|lucifero123 has 10 seconds to reconnect!\n|inactive|lucifero123 has 5 seconds to reconnect!\n|-message|lucifero123 lost due to inactivity.\n|\n|win|br142951\n|raw|lucifero123's rating: 1507 &rarr; <strong>1494<\/strong><br \/>(-13 for losing)\n|raw|br142951's rating: 1634 &rarr; <strong>1647<\/strong><br \/>(+13 for winning)\n","uploadtime":1700121569,"views":4,"p1id":"lucifero123","p2id":"br142951","formatid":"gen9anythinggoes","rating":1494,"private":0,"password":""}