{"id":"gen9anythinggoes-1977597318","p1":"SUPERNOVASCHRONOS","p2":"LingLing007","format":"[Gen 9] Anything Goes","log":"|j|\u2606SUPERNOVASCHRONOS\n|j|\u2606LingLing007\n|t:|1698430503\n|gametype|singles\n|player|p1|SUPERNOVASCHRONOS|grimsley|1094\n|player|p2|LingLing007|proton|1211\n|teamsize|p1|6\n|teamsize|p2|6\n|gen|9\n|tier|[Gen 9] Anything Goes\n|rated|\n|rule|HP Percentage Mod: HP is shown in percentages\n|rule|Endless Battle Clause: Forcing endless battles is banned\n|clearpoke\n|poke|p1|Regieleki|\n|poke|p1|Azumarill, F|\n|poke|p1|Great Tusk|\n|poke|p1|Articuno-Galar|\n|poke|p1|Baxcalibur, F|\n|poke|p1|Meowscarada, F|\n|poke|p2|Roaring Moon|\n|poke|p2|Gengar, M|\n|poke|p2|Corviknight, F|\n|poke|p2|Ursaluna-Bloodmoon, M|\n|poke|p2|Indeedee-F, F|\n|poke|p2|Flutter Mane|\n|teampreview\n|\n|t:|1698430517\n|start\n|switch|p1a: Great Tusk|Great Tusk|100\/100\n|switch|p2a: Gengar|Gengar, M|100\/100\n|turn|1\n|inactive|Battle timer is ON: inactive players will automatically lose when time's up. (requested by LingLing007)\n|\n|t:|1698430523\n|move|p2a: Gengar|Mean Look|p1a: Great Tusk\n|-activate|p1a: Great Tusk|trapped\n|move|p1a: Great Tusk|Stealth Rock|p2a: Gengar\n|-sidestart|p2: LingLing007|move: Stealth Rock\n|\n|upkeep\n|turn|2\n|\n|t:|1698430531\n|move|p2a: Gengar|Encore|p1a: Great Tusk\n|-start|p1a: Great Tusk|Encore\n|-enditem|p1a: Great Tusk|Mental Herb\n|-end|p1a: Great Tusk|Encore\n|move|p1a: Great Tusk|Knock Off|p2a: Gengar\n|-supereffective|p2a: Gengar\n|-damage|p2a: Gengar|10\/100\n|-start|p1a: Great Tusk|Disable|Knock Off|[from] ability: Cursed Body|[of] p2a: Gengar\n|-enditem|p2a: Gengar|Focus Sash|[from] move: Knock Off|[of] p1a: Great Tusk\n|\n|upkeep\n|turn|3\n|\n|t:|1698430549\n|move|p2a: Gengar|Destiny Bond|p2a: Gengar\n|-singlemove|p2a: Gengar|Destiny Bond\n|move|p1a: Great Tusk|Stone Edge|p2a: Gengar\n|-damage|p2a: Gengar|0 fnt\n|faint|p2a: Gengar\n|-activate|p2a: Gengar|move: Destiny Bond\n|faint|p1a: Great Tusk\n|-end|p1a: Great Tusk|Protosynthesis|[silent]\n|\n|upkeep\n|\n|t:|1698430574\n|switch|p2a: Corviknight|Corviknight, F|100\/100\n|switch|p1a: Meowscarada|Meowscarada, F|100\/100\n|-damage|p2a: Corviknight|88\/100|[from] Stealth Rock\n|turn|4\n|\n|t:|1698430588\n|switch|p1a: Azumarill|Azumarill, F|100\/100\n|move|p2a: Corviknight|Defog|p1a: Azumarill\n|-unboost|p1a: Azumarill|evasion|1\n|-sideend|p2: LingLing007|Stealth Rock|[from] move: Defog|[of] p2a: Corviknight\n|\n|-heal|p2a: Corviknight|94\/100|[from] item: Leftovers\n|upkeep\n|turn|5\n|\n|t:|1698430603\n|move|p2a: Corviknight|Iron Defense|p2a: Corviknight\n|-boost|p2a: Corviknight|def|2\n|move|p1a: Azumarill|Play Rough|p2a: Corviknight\n|-resisted|p2a: Corviknight\n|-damage|p2a: Corviknight|88\/100\n|\n|-heal|p2a: Corviknight|95\/100|[from] item: Leftovers\n|upkeep\n|turn|6\n|\n|t:|1698430612\n|move|p2a: Corviknight|Body Press|p1a: Azumarill\n|-resisted|p1a: Azumarill\n|-damage|p1a: Azumarill|80\/100\n|move|p1a: Azumarill|Belly Drum|p1a: Azumarill\n|-damage|p1a: Azumarill|30\/100\n|-setboost|p1a: Azumarill|atk|6|[from] move: Belly Drum\n|\n|-heal|p2a: Corviknight|100\/100|[from] item: Leftovers\n|-heal|p1a: Azumarill|36\/100|[from] item: Leftovers\n|upkeep\n|turn|7\n|\n|t:|1698430622\n|move|p2a: Corviknight|Iron Defense|p2a: Corviknight\n|-boost|p2a: Corviknight|def|2\n|move|p1a: Azumarill|Liquidation|p2a: Corviknight\n|-damage|p2a: Corviknight|72\/100\n|\n|-heal|p2a: Corviknight|79\/100|[from] item: Leftovers\n|-heal|p1a: Azumarill|42\/100|[from] item: Leftovers\n|upkeep\n|turn|8\n|\n|t:|1698430630\n|move|p2a: Corviknight|Iron Defense|p2a: Corviknight\n|-boost|p2a: Corviknight|def|2\n|move|p1a: Azumarill|Liquidation|p2a: Corviknight\n|-damage|p2a: Corviknight|56\/100\n|\n|-heal|p2a: Corviknight|62\/100|[from] item: Leftovers\n|-heal|p1a: Azumarill|49\/100|[from] item: Leftovers\n|upkeep\n|turn|9\n|\n|t:|1698430639\n|-terastallize|p1a: Azumarill|Water\n|move|p2a: Corviknight|Body Press|p1a: Azumarill\n|-damage|p1a: Azumarill|0 fnt\n|faint|p1a: Azumarill\n|\n|-heal|p2a: Corviknight|68\/100|[from] item: Leftovers\n|upkeep\n|\n|t:|1698430648\n|switch|p1a: Baxcalibur|Baxcalibur, F|100\/100\n|turn|10\n|\n|t:|1698430652\n|move|p1a: Baxcalibur|Dragon Claw|p2a: Corviknight\n|-resisted|p2a: Corviknight\n|-damage|p2a: Corviknight|62\/100\n|-damage|p1a: Baxcalibur|91\/100|[from] item: Life Orb\n|move|p2a: Corviknight|Body Press|p1a: Baxcalibur\n|-supereffective|p1a: Baxcalibur\n|-damage|p1a: Baxcalibur|0 fnt\n|faint|p1a: Baxcalibur\n|\n|-heal|p2a: Corviknight|68\/100|[from] item: Leftovers\n|upkeep\n|\n|t:|1698430661\n|switch|p1a: Articuno|Articuno-Galar|100\/100\n|turn|11\n|\n|t:|1698430680\n|move|p1a: Articuno|Psychic|p2a: Corviknight\n|-resisted|p2a: Corviknight\n|-damage|p2a: Corviknight|45\/100\n|move|p2a: Corviknight|Body Press|p1a: Articuno\n|-resisted|p1a: Articuno\n|-damage|p1a: Articuno|76\/100\n|\n|-heal|p2a: Corviknight|51\/100|[from] item: Leftovers\n|upkeep\n|turn|12\n|\n|t:|1698430699\n|move|p1a: Articuno|Psychic|p2a: Corviknight\n|-resisted|p2a: Corviknight\n|-damage|p2a: Corviknight|27\/100\n|move|p2a: Corviknight|Roost|p2a: Corviknight\n|-heal|p2a: Corviknight|77\/100\n|-singleturn|p2a: Corviknight|move: Roost\n|\n|-heal|p2a: Corviknight|83\/100|[from] item: Leftovers\n|upkeep\n|turn|13\n|\n|t:|1698430708\n|switch|p1a: Meowscarada|Meowscarada, F|100\/100\n|move|p2a: Corviknight|Body Press|p1a: Meowscarada\n|-supereffective|p1a: Meowscarada\n|-damage|p1a: Meowscarada|0 fnt\n|faint|p1a: Meowscarada\n|\n|-heal|p2a: Corviknight|89\/100|[from] item: Leftovers\n|upkeep\n|\n|t:|1698430716\n|switch|p1a: Articuno|Articuno-Galar|76\/100\n|turn|14\n|\n|t:|1698430727\n|move|p1a: Articuno|Shadow Ball|p2a: Corviknight\n|-damage|p2a: Corviknight|62\/100\n|move|p2a: Corviknight|Body Press|p1a: Articuno\n|-resisted|p1a: Articuno\n|-crit|p1a: Articuno\n|-damage|p1a: Articuno|43\/100\n|\n|-heal|p2a: Corviknight|69\/100|[from] item: Leftovers\n|upkeep\n|turn|15\n|\n|t:|1698430735\n|move|p1a: Articuno|Shadow Ball|p2a: Corviknight\n|-damage|p2a: Corviknight|38\/100\n|move|p2a: Corviknight|Body Press|p1a: Articuno\n|-resisted|p1a: Articuno\n|-damage|p1a: Articuno|18\/100\n|\n|-heal|p2a: Corviknight|45\/100|[from] item: Leftovers\n|upkeep\n|turn|16\n|\n|t:|1698430743\n|move|p1a: Articuno|Shadow Ball|p2a: Corviknight\n|-damage|p2a: Corviknight|17\/100\n|move|p2a: Corviknight|Roost|p2a: Corviknight\n|-heal|p2a: Corviknight|67\/100\n|-singleturn|p2a: Corviknight|move: Roost\n|\n|-heal|p2a: Corviknight|73\/100|[from] item: Leftovers\n|upkeep\n|turn|17\n|\n|t:|1698430751\n|move|p1a: Articuno|Shadow Ball|p2a: Corviknight\n|-damage|p2a: Corviknight|43\/100\n|move|p2a: Corviknight|Body Press|p1a: Articuno\n|-resisted|p1a: Articuno\n|-damage|p1a: Articuno|0 fnt\n|faint|p1a: Articuno\n|\n|-heal|p2a: Corviknight|50\/100|[from] item: Leftovers\n|upkeep\n|\n|t:|1698430759\n|switch|p1a: Regieleki|Regieleki|100\/100\n|turn|18\n|\n|t:|1698430763\n|move|p1a: Regieleki|Thunder Wave|p2a: Corviknight\n|-status|p2a: Corviknight|par\n|move|p2a: Corviknight|Body Press|p1a: Regieleki\n|-enditem|p1a: Regieleki|Focus Sash\n|-damage|p1a: Regieleki|1\/100\n|\n|-heal|p2a: Corviknight|56\/100 par|[from] item: Leftovers\n|upkeep\n|turn|19\n|\n|t:|1698430771\n|move|p1a: Regieleki|Thunder|p2a: Corviknight|[miss]\n|-miss|p1a: Regieleki|p2a: Corviknight\n|move|p2a: Corviknight|Body Press|p1a: Regieleki\n|-damage|p1a: Regieleki|0 fnt\n|faint|p1a: Regieleki\n|\n|win|LingLing007\n|raw|SUPERNOVASCHRONOS's rating: 1094 &rarr; <strong>1078<\/strong><br \/>(-16 for losing)\n|raw|LingLing007's rating: 1211 &rarr; <strong>1228<\/strong><br \/>(+17 for winning)\n|c|\u2606LingLing007|gg\n|l|\u2606SUPERNOVASCHRONOS\n","uploadtime":1698430783,"views":5,"p1id":"supernovaschronos","p2id":"lingling007","formatid":"gen9anythinggoes","rating":1078,"private":0,"password":""}