{"id":"gen9anythinggoes-1986820799","p1":"eavox","p2":"Firegamer112a","format":"[Gen 9] Anything Goes","log":"|j|\u2606eavox\n|j|\u2606Firegamer112a\n|t:|1699530112\n|gametype|singles\n|player|p1|eavox|erika-gen2|1649\n|player|p2|Firegamer112a|grimsley|1619\n|teamsize|p1|6\n|teamsize|p2|6\n|gen|9\n|tier|[Gen 9] Anything Goes\n|rated|\n|rule|HP Percentage Mod: HP is shown in percentages\n|rule|Endless Battle Clause: Forcing endless battles is banned\n|clearpoke\n|poke|p1|Chien-Pao|\n|poke|p1|Zacian-*|\n|poke|p1|Eternatus|\n|poke|p1|Ting-Lu|\n|poke|p1|Landorus-Therian, M|\n|poke|p1|Koraidon|\n|poke|p2|Calyrex-Shadow|\n|poke|p2|Arceus|\n|poke|p2|Zacian-*|\n|poke|p2|Miraidon|\n|poke|p2|Ditto|\n|poke|p2|Ting-Lu|\n|teampreview\n|inactive|Battle timer is ON: inactive players will automatically lose when time's up. (requested by eavox)\n|\n|t:|1699530124\n|start\n|switch|p1a: D\u00e9m\u00e9t\u00e9ros|Landorus-Therian, M|100\/100\n|switch|p2a: Ting-Lu|Ting-Lu|100\/100\n|-ability|p1a: D\u00e9m\u00e9t\u00e9ros|Intimidate|boost\n|-unboost|p2a: Ting-Lu|atk|1\n|-ability|p2a: Ting-Lu|Vessel of Ruin\n|turn|1\n|\n|t:|1699530127\n|move|p1a: D\u00e9m\u00e9t\u00e9ros|Taunt|p2a: Ting-Lu\n|-start|p2a: Ting-Lu|move: Taunt\n|cant|p2a: Ting-Lu|move: Taunt|Stealth Rock\n|\n|upkeep\n|turn|2\n|j| laprasplayer\n|\n|t:|1699530139\n|switch|p2a: Ditto|Ditto|100\/100\n|-transform|p2a: Ditto|p1a: D\u00e9m\u00e9t\u00e9ros|[from] ability: Imposter\n|-ability|p2a: Ditto|Intimidate|boost\n|-unboost|p1a: D\u00e9m\u00e9t\u00e9ros|atk|1\n|move|p1a: D\u00e9m\u00e9t\u00e9ros|Stealth Rock|p2a: Ditto\n|-sidestart|p2: Firegamer112a|move: Stealth Rock\n|\n|upkeep\n|turn|3\n|\n|t:|1699530159\n|move|p2a: Ditto|Stealth Rock|p1a: D\u00e9m\u00e9t\u00e9ros\n|-sidestart|p1: eavox|move: Stealth Rock\n|move|p1a: D\u00e9m\u00e9t\u00e9ros|Taunt|p2a: Ditto\n|-start|p2a: Ditto|move: Taunt\n|\n|upkeep\n|turn|4\n|\n|t:|1699530164\n|switch|p2a: Ting-Lu|Ting-Lu|100\/100\n|-damage|p2a: Ting-Lu|94\/100|[from] Stealth Rock\n|-ability|p2a: Ting-Lu|Vessel of Ruin\n|move|p1a: D\u00e9m\u00e9t\u00e9ros|U-turn|p2a: Ting-Lu\n|-supereffective|p2a: Ting-Lu\n|-damage|p2a: Ting-Lu|78\/100\n|\n|t:|1699530173\n|switch|p1a: Zacian|Zacian-Crowned|100\/100|[from] U-turn\n|-damage|p1a: Zacian|94\/100|[from] Stealth Rock\n|-ability|p1a: Zacian|Intrepid Sword|boost\n|-boost|p1a: Zacian|atk|1\n|\n|upkeep\n|turn|5\n|\n|t:|1699530178\n|-terastallize|p1a: Zacian|Flying\n|move|p1a: Zacian|Substitute|p1a: Zacian\n|-start|p1a: Zacian|Substitute\n|-damage|p1a: Zacian|69\/100\n|move|p2a: Ting-Lu|Fissure|p1a: Zacian\n|-immune|p1a: Zacian\n|\n|upkeep\n|turn|6\n|c|\u2606eavox|lol.\n|\n|t:|1699530189\n|move|p1a: Zacian|Play Rough|p2a: Ting-Lu\n|-supereffective|p2a: Ting-Lu\n|-damage|p2a: Ting-Lu|0 fnt\n|faint|p2a: Ting-Lu\n|\n|upkeep\n|\n|t:|1699530196\n|switch|p2a: Zacian|Zacian-Crowned|100\/100\n|-damage|p2a: Zacian|94\/100|[from] Stealth Rock\n|-ability|p2a: Zacian|Intrepid Sword|boost\n|-boost|p2a: Zacian|atk|1\n|turn|7\n|c| laprasplayer|that is very funny\n|\n|t:|1699530207\n|move|p2a: Zacian|Behemoth Blade|p1a: Zacian\n|-end|p1a: Zacian|Substitute\n|move|p1a: Zacian|Behemoth Blade|p2a: Zacian\n|-damage|p2a: Zacian|11\/100\n|\n|upkeep\n|turn|8\n|\n|t:|1699530211\n|switch|p1a: D\u00e9m\u00e9t\u00e9ros|Landorus-Therian, M|100\/100\n|-damage|p1a: D\u00e9m\u00e9t\u00e9ros|88\/100|[from] Stealth Rock\n|-ability|p1a: D\u00e9m\u00e9t\u00e9ros|Intimidate|boost\n|-unboost|p2a: Zacian|atk|1\n|move|p2a: Zacian|Behemoth Blade|p1a: D\u00e9m\u00e9t\u00e9ros\n|-damage|p1a: D\u00e9m\u00e9t\u00e9ros|50\/100\n|-damage|p2a: Zacian|0 fnt|[from] item: Rocky Helmet|[of] p1a: D\u00e9m\u00e9t\u00e9ros\n|faint|p2a: Zacian\n|\n|upkeep\n|\n|t:|1699530217\n|switch|p2a: Time to Wake Up|Calyrex-Shadow|100\/100\n|-ability|p2a: Time to Wake Up|As One\n|-ability|p2a: Time to Wake Up|Unnerve\n|-damage|p2a: Time to Wake Up|88\/100|[from] Stealth Rock\n|turn|9\n|\n|t:|1699530223\n|switch|p1a: Dinglu|Ting-Lu|100\/100\n|-damage|p1a: Dinglu|94\/100|[from] Stealth Rock\n|-ability|p1a: Dinglu|Vessel of Ruin\n|move|p2a: Time to Wake Up|Trick|p1a: Dinglu\n|-activate|p2a: Time to Wake Up|move: Trick|[of] p1a: Dinglu\n|-item|p1a: Dinglu|Choice Scarf|[from] move: Trick\n|-item|p2a: Time to Wake Up|Leftovers|[from] move: Trick\n|\n|-heal|p2a: Time to Wake Up|94\/100|[from] item: Leftovers\n|upkeep\n|turn|10\n|\n|t:|1699530228\n|move|p2a: Time to Wake Up|Grass Knot|p1a: Dinglu\n|-supereffective|p1a: Dinglu\n|-damage|p1a: Dinglu|55\/100\n|move|p1a: Dinglu|Earthquake|p2a: Time to Wake Up\n|-damage|p2a: Time to Wake Up|47\/100\n|\n|-heal|p2a: Time to Wake Up|53\/100|[from] item: Leftovers\n|upkeep\n|turn|11\n|\n|t:|1699530235\n|switch|p2a: Picture in Motion|Arceus|100\/100\n|move|p1a: Dinglu|Earthquake|p2a: Picture in Motion\n|-damage|p2a: Picture in Motion|74\/100\n|\n|upkeep\n|turn|12\n|c|\u2606eavox|what are these names\n|c| laprasplayer|They stole the names from taxfraud\n|\n|t:|1699530260\n|switch|p1a: Koraidon|Koraidon|100\/100\n|-damage|p1a: Koraidon|94\/100|[from] Stealth Rock\n|-weather|SunnyDay|[from] ability: Orichalcum Pulse|[of] p1a: Koraidon\n|-activate|p1a: Koraidon|Orichalcum Pulse|[source]\n|move|p2a: Picture in Motion|Swords Dance|p2a: Picture in Motion\n|-boost|p2a: Picture in Motion|atk|2\n|\n|-weather|SunnyDay|[upkeep]\n|upkeep\n|turn|13\n|\n|t:|1699530272\n|move|p2a: Picture in Motion|Extreme Speed|p1a: Koraidon\n|-crit|p1a: Koraidon\n|-damage|p1a: Koraidon|0 fnt\n|faint|p1a: Koraidon\n|\n|-weather|SunnyDay|[upkeep]\n|upkeep\n|c|\u2606eavox|;\n|c|\u2606eavox|and that's ggs\n|inactive|eavox has 120 seconds left.\n|\n|t:|1699530283\n|switch|p1a: \u00c9thernathos|Eternatus|100\/100\n|-ability|p1a: \u00c9thernathos|Pressure\n|turn|14\n|\n|t:|1699530286\n|move|p1a: \u00c9thernathos|Dynamax Cannon|p2a: Picture in Motion\n|-crit|p2a: Picture in Motion\n|-damage|p2a: Picture in Motion|30\/100\n|move|p2a: Picture in Motion|Swords Dance|p2a: Picture in Motion\n|-boost|p2a: Picture in Motion|atk|2\n|\n|-weather|SunnyDay|[upkeep]\n|upkeep\n|turn|15\n|\n|t:|1699530289\n|move|p1a: \u00c9thernathos|Dynamax Cannon|p2a: Picture in Motion\n|-damage|p2a: Picture in Motion|0 fnt\n|faint|p2a: Picture in Motion\n|\n|-weather|SunnyDay|[upkeep]\n|upkeep\n|c| laprasplayer|what\n|c|\u2606eavox|nvm\n|\n|t:|1699530306\n|switch|p2a: Miraidon|Miraidon|100\/100\n|-fieldstart|move: Electric Terrain|[from] ability: Hadron Engine|[of] p2a: Miraidon\n|turn|16\n|\n|t:|1699530309\n|switch|p1a: Dinglu|Ting-Lu|55\/100\n|-damage|p1a: Dinglu|49\/100|[from] Stealth Rock\n|-ability|p1a: Dinglu|Vessel of Ruin\n|-terastallize|p2a: Miraidon|Fairy\n|move|p2a: Miraidon|Agility|p2a: Miraidon\n|-boost|p2a: Miraidon|spe|2\n|\n|-weather|none\n|upkeep\n|turn|17\n|\n|t:|1699530313\n|move|p2a: Miraidon|Dazzling Gleam|p1a: Dinglu\n|-supereffective|p1a: Dinglu\n|-damage|p1a: Dinglu|2\/100\n|move|p1a: Dinglu|Whirlwind|p2a: Miraidon\n|drag|p2a: Time to Wake Up|Calyrex-Shadow|53\/100\n|-ability|p2a: Time to Wake Up|As One\n|-ability|p2a: Time to Wake Up|Unnerve\n|-damage|p2a: Time to Wake Up|40\/100|[from] Stealth Rock\n|\n|-heal|p2a: Time to Wake Up|47\/100|[from] item: Leftovers\n|upkeep\n|turn|18\n|\n|t:|1699530320\n|switch|p1a: D\u00e9m\u00e9t\u00e9ros|Landorus-Therian, M|50\/100\n|-damage|p1a: D\u00e9m\u00e9t\u00e9ros|37\/100|[from] Stealth Rock\n|-ability|p1a: D\u00e9m\u00e9t\u00e9ros|Intimidate|boost\n|-unboost|p2a: Time to Wake Up|atk|1\n|move|p2a: Time to Wake Up|Astral Barrage|p1a: D\u00e9m\u00e9t\u00e9ros\n|-damage|p1a: D\u00e9m\u00e9t\u00e9ros|0 fnt\n|faint|p1a: D\u00e9m\u00e9t\u00e9ros\n|-ability|p2a: Time to Wake Up|Grim Neigh|boost\n|-boost|p2a: Time to Wake Up|spa|1\n|\n|-heal|p2a: Time to Wake Up|53\/100|[from] item: Leftovers\n|upkeep\n|\n|t:|1699530322\n|switch|p1a: Baojian|Chien-Pao|100\/100\n|-damage|p1a: Baojian|76\/100|[from] Stealth Rock\n|-ability|p1a: Baojian|Sword of Ruin\n|turn|19\n|\n|t:|1699530332\n|move|p1a: Baojian|Ice Shard|p2a: Time to Wake Up\n|-damage|p2a: Time to Wake Up|0 fnt\n|faint|p2a: Time to Wake Up\n|\n|upkeep\n|\n|t:|1699530336\n|switch|p2a: Miraidon|Miraidon, tera:Fairy|100\/100\n|-activate|p2a: Miraidon|ability: Hadron Engine\n|turn|20\n|\n|t:|1699530341\n|switch|p1a: Dinglu|Ting-Lu|2\/100\n|-damage|p1a: Dinglu|0 fnt|[from] Stealth Rock\n|faint|p1a: Dinglu\n|move|p2a: Miraidon|Agility|p2a: Miraidon\n|-boost|p2a: Miraidon|spe|2\n|\n|-fieldend|move: Electric Terrain\n|upkeep\n|\n|t:|1699530355\n|switch|p1a: \u00c9thernathos|Eternatus|100\/100\n|-ability|p1a: \u00c9thernathos|Pressure\n|turn|21\n|\n|t:|1699530360\n|move|p2a: Miraidon|Draco Meteor|p1a: \u00c9thernathos\n|-supereffective|p1a: \u00c9thernathos\n|-damage|p1a: \u00c9thernathos|10\/100\n|-unboost|p2a: Miraidon|spa|2\n|move|p1a: \u00c9thernathos|Flamethrower|p2a: Miraidon\n|-damage|p2a: Miraidon|73\/100\n|\n|upkeep\n|turn|22\n|\n|t:|1699530367\n|move|p2a: Miraidon|Dazzling Gleam|p1a: \u00c9thernathos\n|-damage|p1a: \u00c9thernathos|0 fnt\n|faint|p1a: \u00c9thernathos\n|\n|upkeep\n|\n|t:|1699530372\n|switch|p1a: Zacian|Zacian-Crowned, tera:Flying|69\/100\n|-damage|p1a: Zacian|44\/100|[from] Stealth Rock\n|turn|23\n|\n|t:|1699530380\n|move|p2a: Miraidon|Electro Drift|p1a: Zacian\n|-supereffective|p1a: Zacian\n|-damage|p1a: Zacian|0 fnt\n|faint|p1a: Zacian\n|\n|upkeep\n|\n|t:|1699530382\n|switch|p1a: Baojian|Chien-Pao|76\/100\n|-damage|p1a: Baojian|51\/100|[from] Stealth Rock\n|-ability|p1a: Baojian|Sword of Ruin\n|turn|24\n|\n|t:|1699530386\n|move|p1a: Baojian|Ice Shard|p2a: Miraidon\n|-damage|p2a: Miraidon|29\/100\n|move|p2a: Miraidon|Dazzling Gleam|p1a: Baojian\n|-supereffective|p1a: Baojian\n|-damage|p1a: Baojian|0 fnt\n|faint|p1a: Baojian\n|\n|win|Firegamer112a\n|raw|eavox's rating: 1649 &rarr; <strong>1627<\/strong><br \/>(-22 for losing)\n|raw|Firegamer112a's rating: 1619 &rarr; <strong>1641<\/strong><br \/>(+22 for winning)\n|c|\u2606eavox|sus\n|l|\u2606Firegamer112a\n|c|\u2606eavox|i cannot cook the cp\n|c| laprasplayer|whoa\n|c| laprasplayer|cook the other ice wallbreaker\n|c| laprasplayer|bazcalibur\n","uploadtime":1699530554,"views":4,"p1id":"eavox","p2id":"firegamer112a","formatid":"gen9anythinggoes","rating":1627,"private":0,"password":""}