{"id":"gen9anythinggoes-1983295450","p1":"Plasminho","p2":"Da1ba Nana","format":"[Gen 9] Anything Goes","log":"|j|\u2606Plasminho\n|j|\u2606Da1ba Nana\n|t:|1699115247\n|gametype|singles\n|player|p1|Plasminho|rocketgrunt|1062\n|player|p2|Da1ba Nana|baker|1232\n|teamsize|p1|6\n|teamsize|p2|6\n|gen|9\n|tier|[Gen 9] Anything Goes\n|rated|\n|rule|HP Percentage Mod: HP is shown in percentages\n|rule|Endless Battle Clause: Forcing endless battles is banned\n|clearpoke\n|poke|p1|Oranguru, M|\n|poke|p1|Darkrai|\n|poke|p1|Sableye, M|\n|poke|p1|Tyranitar, M|\n|poke|p1|Toxapex, F|\n|poke|p1|Raichu, M|\n|poke|p2|Heracross, M|\n|poke|p2|Blissey, F|\n|poke|p2|Bellibolt, F|\n|poke|p2|Vigoroth, F|\n|poke|p2|Infernape, M|\n|poke|p2|Sandslash-Alola, M|\n|teampreview\n|\n|t:|1699115258\n|start\n|switch|p1a: Oranguru|Oranguru, M|100\/100\n|switch|p2a: Blissey|Blissey, F|100\/100\n|turn|1\n|\n|t:|1699115266\n|move|p2a: Blissey|Trick|p1a: Oranguru\n|-activate|p2a: Blissey|move: Trick|[of] p1a: Oranguru\n|-item|p1a: Oranguru|Choice Specs|[from] move: Trick\n|-item|p2a: Blissey|Colbur Berry|[from] move: Trick\n|move|p1a: Oranguru|Trick Room|p1a: Oranguru\n|-fieldstart|move: Trick Room|[of] p1a: Oranguru\n|\n|upkeep\n|turn|2\n|\n|t:|1699115282\n|switch|p1a: Toxapex|Toxapex, F|100\/100\n|move|p2a: Blissey|Flamethrower|p1a: Toxapex\n|-resisted|p1a: Toxapex\n|-damage|p1a: Toxapex|93\/100\n|\n|-heal|p1a: Toxapex|99\/100|[from] item: Black Sludge\n|upkeep\n|turn|3\n|\n|t:|1699115290\n|move|p1a: Toxapex|Toxic|p2a: Blissey\n|-status|p2a: Blissey|tox\n|move|p2a: Blissey|Trick|p1a: Toxapex\n|-activate|p2a: Blissey|move: Trick|[of] p1a: Toxapex\n|-item|p1a: Toxapex|Colbur Berry|[from] move: Trick\n|-item|p2a: Blissey|Black Sludge|[from] move: Trick\n|\n|-damage|p2a: Blissey|88\/100 tox|[from] item: Black Sludge\n|-damage|p2a: Blissey|82\/100 tox|[from] psn\n|upkeep\n|turn|4\n|\n|t:|1699115302\n|switch|p2a: Sandslash|Sandslash-Alola, M|100\/100\n|move|p1a: Toxapex|Ice Beam|p2a: Sandslash\n|-resisted|p2a: Sandslash\n|-damage|p2a: Sandslash|96\/100\n|\n|upkeep\n|turn|5\n|\n|t:|1699115324\n|move|p1a: Toxapex|Toxic|p2a: Sandslash\n|-immune|p2a: Sandslash\n|move|p2a: Sandslash|Earthquake|p1a: Toxapex\n|-supereffective|p1a: Toxapex\n|-damage|p1a: Toxapex|48\/100\n|\n|-fieldend|move: Trick Room\n|upkeep\n|turn|6\n|\n|t:|1699115372\n|move|p2a: Sandslash|Rapid Spin|p1a: Toxapex\n|-damage|p1a: Toxapex|35\/100\n|-boost|p2a: Sandslash|spe|1\n|move|p1a: Toxapex|Toxic|p2a: Sandslash\n|-immune|p2a: Sandslash\n|\n|upkeep\n|turn|7\n|\n|t:|1699115380\n|move|p2a: Sandslash|Earthquake|p1a: Toxapex\n|-supereffective|p1a: Toxapex\n|-damage|p1a: Toxapex|0 fnt\n|faint|p1a: Toxapex\n|\n|upkeep\n|\n|t:|1699115397\n|switch|p1a: Oranguru|Oranguru, M|100\/100\n|turn|8\n|\n|t:|1699115401\n|move|p2a: Sandslash|Icicle Spear|p1a: Oranguru\n|-damage|p1a: Oranguru|87\/100\n|-damage|p1a: Oranguru|75\/100\n|-damage|p1a: Oranguru|61\/100\n|-damage|p1a: Oranguru|47\/100\n|-hitcount|p1a: Oranguru|4\n|move|p1a: Oranguru|Trick Room|p1a: Oranguru\n|-fieldstart|move: Trick Room|[of] p1a: Oranguru\n|\n|upkeep\n|turn|9\n|\n|t:|1699115418\n|switch|p1a: Tyranitar|Tyranitar, M|100\/100\n|-weather|Sandstorm|[from] ability: Sand Stream|[of] p1a: Tyranitar\n|move|p2a: Sandslash|Icicle Spear|p1a: Tyranitar\n|-damage|p1a: Tyranitar|91\/100\n|-damage|p1a: Tyranitar|81\/100\n|-damage|p1a: Tyranitar|72\/100\n|-damage|p1a: Tyranitar|63\/100\n|-hitcount|p1a: Tyranitar|4\n|\n|-weather|Sandstorm|[upkeep]\n|upkeep\n|turn|10\n|\n|t:|1699115436\n|move|p1a: Tyranitar|Earthquake|p2a: Sandslash\n|-supereffective|p2a: Sandslash\n|-damage|p2a: Sandslash|37\/100\n|move|p2a: Sandslash|Low Kick|p1a: Tyranitar\n|-supereffective|p1a: Tyranitar\n|-damage|p1a: Tyranitar|0 fnt\n|faint|p1a: Tyranitar\n|\n|-weather|Sandstorm|[upkeep]\n|upkeep\n|\n|t:|1699115461\n|switch|p1a: Oranguru|Oranguru, M|47\/100\n|turn|11\n|\n|t:|1699115468\n|move|p1a: Oranguru|Psychic|p2a: Sandslash\n|-resisted|p2a: Sandslash\n|-damage|p2a: Sandslash|0 fnt\n|faint|p2a: Sandslash\n|\n|-weather|Sandstorm|[upkeep]\n|-damage|p1a: Oranguru|41\/100|[from] Sandstorm\n|upkeep\n|\n|t:|1699115475\n|switch|p2a: Bellibolt|Bellibolt, F|100\/100\n|turn|12\n|\n|t:|1699115479\n|move|p1a: Oranguru|Psychic|p2a: Bellibolt\n|-damage|p2a: Bellibolt|39\/100\n|-start|p2a: Bellibolt|Charge|Psychic|[from] ability: Electromorphosis\n|move|p2a: Bellibolt|Thunderbolt|p1a: Oranguru\n|-damage|p1a: Oranguru|0 fnt\n|faint|p1a: Oranguru\n|-end|p2a: Bellibolt|Charge|[silent]\n|\n|-weather|Sandstorm|[upkeep]\n|-damage|p2a: Bellibolt|33\/100|[from] Sandstorm\n|-heal|p2a: Bellibolt|39\/100|[from] item: Leftovers\n|-fieldend|move: Trick Room\n|upkeep\n|\n|t:|1699115508\n|switch|p1a: Raichu|Raichu, M|100\/100\n|turn|13\n|\n|t:|1699115513\n|move|p1a: Raichu|Nasty Plot|p1a: Raichu\n|-boost|p1a: Raichu|spa|2\n|move|p2a: Bellibolt|Slack Off|p2a: Bellibolt\n|-heal|p2a: Bellibolt|89\/100\n|\n|-weather|none\n|-heal|p2a: Bellibolt|95\/100|[from] item: Leftovers\n|upkeep\n|turn|14\n|\n|t:|1699115523\n|move|p1a: Raichu|Nasty Plot|p1a: Raichu\n|-boost|p1a: Raichu|spa|2\n|move|p2a: Bellibolt|Acid Spray|p1a: Raichu\n|-damage|p1a: Raichu|87\/100\n|-unboost|p1a: Raichu|spd|2\n|\n|-heal|p2a: Bellibolt|100\/100|[from] item: Leftovers\n|upkeep\n|turn|15\n|\n|t:|1699115536\n|move|p1a: Raichu|Thunderbolt|p2a: Bellibolt\n|-resisted|p2a: Bellibolt\n|-damage|p2a: Bellibolt|37\/100\n|-start|p2a: Bellibolt|Charge|Thunderbolt|[from] ability: Electromorphosis\n|-damage|p1a: Raichu|77\/100|[from] item: Life Orb\n|move|p2a: Bellibolt|Acid Spray|p1a: Raichu\n|-damage|p1a: Raichu|49\/100\n|-unboost|p1a: Raichu|spd|2\n|\n|-heal|p2a: Bellibolt|43\/100|[from] item: Leftovers\n|upkeep\n|turn|16\n|\n|t:|1699115547\n|move|p1a: Raichu|Grass Knot|p2a: Bellibolt\n|-crit|p2a: Bellibolt\n|-damage|p2a: Bellibolt|0 fnt\n|faint|p2a: Bellibolt\n|-damage|p1a: Raichu|39\/100|[from] item: Life Orb\n|\n|upkeep\n|\n|t:|1699115549\n|switch|p2a: Heracross|Heracross, M|100\/100\n|turn|17\n|\n|t:|1699115557\n|move|p2a: Heracross|Megahorn|p1a: Raichu\n|-damage|p1a: Raichu|0 fnt\n|faint|p1a: Raichu\n|-ability|p2a: Heracross|Moxie|boost\n|-boost|p2a: Heracross|atk|1\n|\n|upkeep\n|\n|t:|1699115566\n|switch|p1a: Darkrai|Darkrai|100\/100\n|turn|18\n|\n|t:|1699115569\n|move|p2a: Heracross|Megahorn|p1a: Darkrai\n|-supereffective|p1a: Darkrai\n|-damage|p1a: Darkrai|0 fnt\n|faint|p1a: Darkrai\n|-ability|p2a: Heracross|Moxie|boost\n|-boost|p2a: Heracross|atk|1\n|\n|upkeep\n|\n|t:|1699115579\n|switch|p1a: Sableye|Sableye, M|100\/100\n|turn|19\n|\n|t:|1699115582\n|move|p1a: Sableye|Taunt|p2a: Heracross\n|-start|p2a: Heracross|move: Taunt\n|move|p2a: Heracross|Megahorn|p1a: Sableye|[miss]\n|-miss|p2a: Heracross|p1a: Sableye\n|\n|upkeep\n|turn|20\n|\n|t:|1699115589\n|move|p1a: Sableye|Will-O-Wisp|p2a: Heracross|[miss]\n|-miss|p1a: Sableye|p2a: Heracross\n|move|p2a: Heracross|Megahorn|p1a: Sableye\n|-damage|p1a: Sableye|0 fnt\n|faint|p1a: Sableye\n|\n|win|Da1ba Nana\n|raw|Plasminho's rating: 1062 &rarr; <strong>1051<\/strong><br \/>(-11 for losing)\n|raw|Da1ba Nana's rating: 1232 &rarr; <strong>1246<\/strong><br \/>(+14 for winning)\n|l|\u2606Plasminho\n","uploadtime":1699115598,"views":5,"p1id":"plasminho","p2id":"da1banana","formatid":"gen9anythinggoes","rating":1051,"private":0,"password":""}