{"id":"gen9anythinggoes-1999027089","p1":"kzootops","p2":"BananaXD","format":"[Gen 9] Anything Goes","log":"|j|\u2606kzootops\n|j|\u2606BananaXD\n|t:|1701025347\n|gametype|singles\n|player|p1|kzootops|rood|\n|player|p2|BananaXD|skyla|\n|teamsize|p1|6\n|teamsize|p2|6\n|gen|9\n|tier|[Gen 9] Anything Goes\n|rule|HP Percentage Mod: HP is shown in percentages\n|rule|Endless Battle Clause: Forcing endless battles is banned\n|clearpoke\n|poke|p1|Thundurus-Therian, M|\n|poke|p1|Ting-Lu|\n|poke|p1|Quaquaval, F|\n|poke|p1|Forretress, M|\n|poke|p1|Bellibolt, F|\n|poke|p1|Goodra, F|\n|poke|p2|Landorus-Therian, M|\n|poke|p2|Tyranitar, F|\n|poke|p2|Conkeldurr, F|\n|poke|p2|Shiftry, M|\n|poke|p2|Iron Moth|\n|poke|p2|Scizor, F|\n|teampreview\n|c|\u2606BananaXD|glhf\n|c|\u2606kzootops|u2\n|\n|t:|1701025464\n|start\n|switch|p1a: Quaquaval|Quaquaval, F|100\/100\n|switch|p2a: Urouge|Conkeldurr, F|100\/100\n|turn|1\n|\n|t:|1701025508\n|move|p1a: Quaquaval|Flip Turn|p2a: Urouge\n|-damage|p2a: Urouge|74\/100\n|\n|t:|1701025517\n|switch|p1a: Bellibolt|Bellibolt, F|100\/100|[from] Flip Turn\n|move|p2a: Urouge|Close Combat|p1a: Bellibolt\n|-damage|p1a: Bellibolt|40\/100\n|-unboost|p2a: Urouge|def|1\n|-unboost|p2a: Urouge|spd|1\n|-start|p1a: Bellibolt|Charge|Close Combat|[from] ability: Electromorphosis\n|\n|upkeep\n|turn|2\n|\n|t:|1701025555\n|switch|p2a: X-Drake|Tyranitar, F|100\/100\n|-weather|Sandstorm|[from] ability: Sand Stream|[of] p2a: X-Drake\n|move|p1a: Bellibolt|Sucker Punch||[still]\n|-fail|p1a: Bellibolt\n|\n|-weather|Sandstorm|[upkeep]\n|-damage|p1a: Bellibolt|34\/100|[from] Sandstorm\n|upkeep\n|turn|3\n|\n|t:|1701025607\n|switch|p1a: Forretress|Forretress, M|100\/100\n|move|p2a: X-Drake|Knock Off|p1a: Forretress\n|-damage|p1a: Forretress|69\/100\n|-damage|p2a: X-Drake|84\/100|[from] item: Rocky Helmet|[of] p1a: Forretress\n|-enditem|p1a: Forretress|Rocky Helmet|[from] move: Knock Off|[of] p2a: X-Drake\n|\n|-weather|Sandstorm|[upkeep]\n|upkeep\n|turn|4\n|\n|t:|1701025639\n|move|p2a: X-Drake|Flamethrower|p1a: Forretress\n|-supereffective|p1a: Forretress\n|-damage|p1a: Forretress|0 fnt\n|faint|p1a: Forretress\n|\n|-weather|Sandstorm|[upkeep]\n|upkeep\n|\n|t:|1701025663\n|switch|p1a: Ting-Lu|Ting-Lu|100\/100\n|-ability|p1a: Ting-Lu|Vessel of Ruin\n|turn|5\n|\n|t:|1701025734\n|switch|p2a: Whitebeard|Landorus-Therian, M|100\/100\n|-ability|p2a: Whitebeard|Intimidate|boost\n|-unboost|p1a: Ting-Lu|atk|1\n|move|p1a: Ting-Lu|Stealth Rock|p2a: Whitebeard\n|-sidestart|p2: BananaXD|move: Stealth Rock\n|\n|-weather|Sandstorm|[upkeep]\n|upkeep\n|turn|6\n|\n|t:|1701025763\n|switch|p2a: Greenbull|Shiftry, M|100\/100\n|-damage|p2a: Greenbull|88\/100|[from] Stealth Rock\n|switch|p1a: Goodra|Goodra, F|100\/100\n|\n|-weather|none\n|upkeep\n|turn|7\n|\n|t:|1701025797\n|-terastallize|p2a: Greenbull|Dark\n|move|p2a: Greenbull|Tailwind|p2a: Greenbull\n|-sidestart|p2: BananaXD|move: Tailwind\n|-ability|p2a: Greenbull|Wind Rider|boost\n|-boost|p2a: Greenbull|atk|1\n|move|p1a: Goodra|Knock Off|p2a: Greenbull\n|-resisted|p2a: Greenbull\n|-damage|p2a: Greenbull|70\/100\n|-enditem|p2a: Greenbull|Black Glasses|[from] move: Knock Off|[of] p1a: Goodra\n|\n|upkeep\n|turn|8\n|\n|t:|1701025841\n|switch|p1a: Ting-Lu|Ting-Lu|100\/100\n|-ability|p1a: Ting-Lu|Vessel of Ruin\n|move|p2a: Greenbull|Knock Off|p1a: Ting-Lu\n|-resisted|p1a: Ting-Lu\n|-damage|p1a: Ting-Lu|82\/100\n|-enditem|p1a: Ting-Lu|Leftovers|[from] move: Knock Off|[of] p2a: Greenbull\n|\n|upkeep\n|turn|9\n|\n|t:|1701025855\n|move|p2a: Greenbull|Leaf Blade|p1a: Ting-Lu\n|-supereffective|p1a: Ting-Lu\n|-damage|p1a: Ting-Lu|31\/100\n|move|p1a: Ting-Lu|Body Press|p2a: Greenbull\n|-supereffective|p2a: Greenbull\n|-damage|p2a: Greenbull|0 fnt\n|faint|p2a: Greenbull\n|\n|upkeep\n|\n|t:|1701025889\n|switch|p2a: Kidd|Scizor, F|100\/100\n|-damage|p2a: Kidd|88\/100|[from] Stealth Rock\n|turn|10\n|\n|t:|1701025944\n|move|p2a: Kidd|U-turn|p1a: Ting-Lu\n|-supereffective|p1a: Ting-Lu\n|-crit|p1a: Ting-Lu\n|-damage|p1a: Ting-Lu|0 fnt\n|faint|p1a: Ting-Lu\n|\n|t:|1701025979\n|switch|p2a: Urouge|Conkeldurr, F|74\/100|[from] U-turn\n|-damage|p2a: Urouge|68\/100|[from] Stealth Rock\n|\n|-sideend|p2: BananaXD|move: Tailwind\n|upkeep\n|\n|t:|1701025996\n|switch|p1a: Thundurus|Thundurus-Therian, M|100\/100\n|turn|11\n|\n|t:|1701026022\n|move|p1a: Thundurus|Psychic|p2a: Urouge\n|-supereffective|p2a: Urouge\n|-damage|p2a: Urouge|0 fnt\n|faint|p2a: Urouge\n|\n|upkeep\n|\n|t:|1701026144\n|switch|p2a: Whitebeard|Landorus-Therian, M|100\/100\n|-damage|p2a: Whitebeard|88\/100|[from] Stealth Rock\n|-ability|p2a: Whitebeard|Intimidate|boost\n|-unboost|p1a: Thundurus|atk|1\n|turn|12\n|\n|t:|1701026187\n|move|p1a: Thundurus|Psychic|p2a: Whitebeard\n|-damage|p2a: Whitebeard|20\/100\n|move|p2a: Whitebeard|Rock Slide|p1a: Thundurus\n|-supereffective|p1a: Thundurus\n|-damage|p1a: Thundurus|21\/100\n|\n|upkeep\n|turn|13\n|\n|t:|1701026208\n|switch|p2a: X-Drake|Tyranitar, F|84\/100\n|-damage|p2a: X-Drake|72\/100|[from] Stealth Rock\n|-weather|Sandstorm|[from] ability: Sand Stream|[of] p2a: X-Drake\n|move|p1a: Thundurus|Psychic|p2a: X-Drake\n|-immune|p2a: X-Drake\n|\n|-weather|Sandstorm|[upkeep]\n|-damage|p1a: Thundurus|15\/100|[from] Sandstorm\n|upkeep\n|turn|14\n|\n|t:|1701026235\n|switch|p1a: Bellibolt|Bellibolt, F|34\/100\n|move|p2a: X-Drake|Knock Off|p1a: Bellibolt\n|-damage|p1a: Bellibolt|0 fnt\n|-enditem|p1a: Bellibolt|Assault Vest|[from] move: Knock Off|[of] p2a: X-Drake\n|faint|p1a: Bellibolt\n|\n|-weather|Sandstorm|[upkeep]\n|upkeep\n|\n|t:|1701026243\n|switch|p1a: Quaquaval|Quaquaval, F|100\/100\n|turn|15\n|j| bareraptor\n|\n|t:|1701026314\n|move|p1a: Quaquaval|Aqua Step|p2a: X-Drake\n|-supereffective|p2a: X-Drake\n|-damage|p2a: X-Drake|6\/100\n|-boost|p1a: Quaquaval|spe|1\n|move|p2a: X-Drake|Knock Off|p1a: Quaquaval\n|-resisted|p1a: Quaquaval\n|-damage|p1a: Quaquaval|62\/100\n|-enditem|p1a: Quaquaval|Choice Scarf|[from] move: Knock Off|[of] p2a: X-Drake\n|\n|-weather|Sandstorm|[upkeep]\n|-damage|p1a: Quaquaval|55\/100|[from] Sandstorm\n|upkeep\n|turn|16\n|\n|t:|1701026341\n|switch|p2a: Whitebeard|Landorus-Therian, M|20\/100\n|-damage|p2a: Whitebeard|7\/100|[from] Stealth Rock\n|-ability|p2a: Whitebeard|Intimidate|boost\n|-unboost|p1a: Quaquaval|atk|1\n|move|p1a: Quaquaval|Aqua Step|p2a: Whitebeard\n|-supereffective|p2a: Whitebeard\n|-damage|p2a: Whitebeard|0 fnt\n|-boost|p1a: Quaquaval|spe|1\n|faint|p2a: Whitebeard\n|-ability|p1a: Quaquaval|Moxie|boost\n|-boost|p1a: Quaquaval|atk|1\n|\n|-weather|Sandstorm|[upkeep]\n|-damage|p1a: Quaquaval|49\/100|[from] Sandstorm\n|upkeep\n|\n|t:|1701026355\n|switch|p2a: Kidd|Scizor, F|88\/100\n|-damage|p2a: Kidd|76\/100|[from] Stealth Rock\n|turn|17\n|\n|t:|1701026418\n|move|p2a: Kidd|Bullet Punch|p1a: Quaquaval\n|-resisted|p1a: Quaquaval\n|-damage|p1a: Quaquaval|14\/100\n|move|p1a: Quaquaval|Close Combat|p2a: Kidd\n|-damage|p2a: Kidd|13\/100\n|-unboost|p1a: Quaquaval|def|1\n|-unboost|p1a: Quaquaval|spd|1\n|\n|-weather|none\n|upkeep\n|turn|18\n|\n|t:|1701026434\n|switch|p1a: Thundurus|Thundurus-Therian, M|15\/100\n|move|p2a: Kidd|Bullet Punch|p1a: Thundurus\n|-resisted|p1a: Thundurus\n|-damage|p1a: Thundurus|0 fnt\n|faint|p1a: Thundurus\n|\n|upkeep\n|\n|t:|1701026440\n|switch|p1a: Goodra|Goodra, F|100\/100\n|turn|19\n|\n|t:|1701026466\n|move|p2a: Kidd|Bullet Punch|p1a: Goodra\n|-damage|p1a: Goodra|30\/100\n|move|p1a: Goodra|Knock Off|p2a: Kidd\n|-damage|p2a: Kidd|0 fnt\n|-enditem|p2a: Kidd|Choice Band|[from] move: Knock Off|[of] p1a: Goodra\n|faint|p2a: Kidd\n|\n|upkeep\n|\n|t:|1701026485\n|switch|p2a: Ace|Iron Moth|100\/100\n|-damage|p2a: Ace|76\/100|[from] Stealth Rock\n|-enditem|p2a: Ace|Booster Energy\n|-activate|p2a: Ace|ability: Quark Drive|[fromitem]\n|-start|p2a: Ace|quarkdrivespa\n|turn|20\n|\n|t:|1701026499\n|move|p2a: Ace|Sludge Wave|p1a: Goodra\n|-crit|p1a: Goodra\n|-damage|p1a: Goodra|0 fnt\n|faint|p1a: Goodra\n|\n|upkeep\n|\n|t:|1701026505\n|switch|p1a: Quaquaval|Quaquaval, F|14\/100\n|turn|21\n|\n|t:|1701026512\n|move|p2a: Ace|Psychic|p1a: Quaquaval\n|-supereffective|p1a: Quaquaval\n|-damage|p1a: Quaquaval|0 fnt\n|faint|p1a: Quaquaval\n|\n|win|BananaXD\n|c|\u2606BananaXD|gg\n|c|\u2606kzootops|gg\n|c|\u2606BananaXD|the duck almost pulled it back\n","uploadtime":1701026535,"views":27,"p1id":"kzootops","p2id":"bananaxd","formatid":"gen9anythinggoes","rating":0,"private":0,"password":""}