{"id":"gen9anythinggoes-1981365790","p1":"CdogThePro","p2":"AquaDragon360","format":"[Gen 9] Anything Goes","log":"|j|\u2606CdogThePro\n|j|\u2606AquaDragon360\n|t:|1698887999\n|gametype|singles\n|player|p1|CdogThePro|dawn|\n|player|p2|AquaDragon360|1|\n|teamsize|p1|6\n|teamsize|p2|6\n|gen|9\n|tier|[Gen 9] Anything Goes\n|rule|HP Percentage Mod: HP is shown in percentages\n|rule|Endless Battle Clause: Forcing endless battles is banned\n|clearpoke\n|poke|p1|Cryogonal|\n|poke|p1|Chien-Pao|\n|poke|p1|Grimmsnarl, M|\n|poke|p1|Kleavor, F|\n|poke|p1|Samurott-Hisui, F|\n|poke|p1|Slowbro-Galar, F|\n|poke|p2|Oricorio, F|\n|poke|p2|Cresselia, F|\n|poke|p2|Ursaluna, M|\n|poke|p2|Avalugg-Hisui, F|\n|poke|p2|Perrserker, F|\n|poke|p2|Chi-Yu|\n|teampreview\n|c|\u2606AquaDragon360|gl\n|\n|t:|1698888022\n|start\n|switch|p1a: Stoner|Kleavor, F|100\/100\n|switch|p2a: Oricorio|Oricorio, F|100\/100\n|turn|1\n|\n|t:|1698888041\n|switch|p2a: Cresselia|Cresselia, F|100\/100\n|move|p1a: Stoner|Stone Axe|p2a: Cresselia\n|-damage|p2a: Cresselia|49\/100\n|-sidestart|p2: AquaDragon360|move: Stealth Rock\n|\n|upkeep\n|turn|2\n|\n|t:|1698888051\n|switch|p2a: Perrserker|Perrserker, F|100\/100\n|-damage|p2a: Perrserker|94\/100|[from] Stealth Rock\n|move|p1a: Stoner|Stone Axe|p2a: Perrserker\n|-resisted|p2a: Perrserker\n|-damage|p2a: Perrserker|42\/100\n|\n|upkeep\n|turn|3\n|\n|t:|1698888059\n|move|p1a: Stoner|Stone Axe|p2a: Perrserker\n|-resisted|p2a: Perrserker\n|-damage|p2a: Perrserker|0 fnt\n|faint|p2a: Perrserker\n|\n|upkeep\n|\n|t:|1698888070\n|switch|p2a: Ursaluna|Ursaluna, M|100\/100\n|-damage|p2a: Ursaluna|94\/100|[from] Stealth Rock\n|turn|4\n|\n|t:|1698888075\n|move|p1a: Stoner|Stone Axe|p2a: Ursaluna\n|-resisted|p2a: Ursaluna\n|-damage|p2a: Ursaluna|60\/100\n|move|p2a: Ursaluna|Rock Slide|p1a: Stoner\n|-supereffective|p1a: Stoner\n|-damage|p1a: Stoner|38\/100\n|\n|-status|p2a: Ursaluna|brn|[from] item: Flame Orb\n|upkeep\n|turn|5\n|\n|t:|1698888083\n|move|p1a: Stoner|Stone Axe|p2a: Ursaluna\n|-resisted|p2a: Ursaluna\n|-damage|p2a: Ursaluna|26\/100 brn\n|move|p2a: Ursaluna|Rock Slide|p1a: Stoner\n|-supereffective|p1a: Stoner\n|-damage|p1a: Stoner|0 fnt\n|faint|p1a: Stoner\n|\n|-damage|p2a: Ursaluna|20\/100 brn|[from] brn\n|upkeep\n|c|\u2606AquaDragon360|thing hurts\n|\n|t:|1698888106\n|switch|p1a: Not Banded|Chien-Pao|100\/100\n|-ability|p1a: Not Banded|Sword of Ruin\n|turn|6\n|\n|t:|1698888128\n|switch|p2a: Chi-Yu|Chi-Yu|100\/100\n|-damage|p2a: Chi-Yu|76\/100|[from] Stealth Rock\n|-ability|p2a: Chi-Yu|Beads of Ruin\n|move|p1a: Not Banded|Sacred Sword|p2a: Chi-Yu\n|-supereffective|p2a: Chi-Yu\n|-damage|p2a: Chi-Yu|0 fnt\n|faint|p2a: Chi-Yu\n|\n|upkeep\n|\n|t:|1698888136\n|switch|p2a: Oricorio|Oricorio, F|100\/100\n|turn|7\n|\n|t:|1698888158\n|switch|p1a: Shellder|Slowbro-Galar, F|100\/100\n|move|p2a: Oricorio|Quiver Dance|p2a: Oricorio\n|-boost|p2a: Oricorio|spa|1\n|-boost|p2a: Oricorio|spd|1\n|-boost|p2a: Oricorio|spe|1\n|\n|upkeep\n|turn|8\n|\n|t:|1698888175\n|-terastallize|p2a: Oricorio|Electric\n|move|p2a: Oricorio|Quiver Dance|p2a: Oricorio\n|-boost|p2a: Oricorio|spa|1\n|-boost|p2a: Oricorio|spd|1\n|-boost|p2a: Oricorio|spe|1\n|move|p1a: Shellder|Trick Room|p1a: Shellder\n|-fieldstart|move: Trick Room|[of] p1a: Shellder\n|\n|upkeep\n|turn|9\n|\n|t:|1698888183\n|move|p1a: Shellder|Psyshock|p2a: Oricorio\n|-damage|p2a: Oricorio|67\/100\n|move|p2a: Oricorio|Revelation Dance|p1a: Shellder\n|-crit|p1a: Shellder\n|-damage|p1a: Shellder|0 fnt\n|faint|p1a: Shellder\n|\n|upkeep\n|c|\u2606AquaDragon360|interesting\n|\n|t:|1698888203\n|switch|p1a: Ryu|Samurott-Hisui, F|100\/100\n|turn|10\n|\n|t:|1698888214\n|move|p1a: Ryu|Ceaseless Edge|p2a: Oricorio\n|-damage|p2a: Oricorio|24\/100\n|-sidestart|p2: AquaDragon360|Spikes\n|move|p2a: Oricorio|Revelation Dance|p1a: Ryu\n|-supereffective|p1a: Ryu\n|-crit|p1a: Ryu\n|-damage|p1a: Ryu|0 fnt\n|faint|p1a: Ryu\n|\n|upkeep\n|\n|t:|1698888231\n|switch|p1a: Fairy Bread|Grimmsnarl, M, shiny|100\/100\n|turn|11\n|\n|t:|1698888239\n|move|p1a: Fairy Bread|False Surrender|p2a: Oricorio\n|-damage|p2a: Oricorio|0 fnt\n|faint|p2a: Oricorio\n|\n|upkeep\n|\n|t:|1698888248\n|switch|p2a: Cresselia|Cresselia, F|49\/100\n|-damage|p2a: Cresselia|36\/100|[from] Stealth Rock\n|turn|12\n|\n|t:|1698888256\n|move|p1a: Fairy Bread|False Surrender|p2a: Cresselia\n|-supereffective|p2a: Cresselia\n|-damage|p2a: Cresselia|0 fnt\n|faint|p2a: Cresselia\n|\n|-fieldend|move: Trick Room\n|upkeep\n|\n|t:|1698888268\n|switch|p2a: Avalugg|Avalugg-Hisui, F|100\/100\n|-damage|p2a: Avalugg|75\/100|[from] Stealth Rock\n|-damage|p2a: Avalugg|63\/100|[from] Spikes\n|turn|13\n|c|\u2606AquaDragon360|ggs probably\n|\n|t:|1698888282\n|move|p1a: Fairy Bread|Bulk Up|p1a: Fairy Bread\n|-boost|p1a: Fairy Bread|atk|1\n|-boost|p1a: Fairy Bread|def|1\n|move|p2a: Avalugg|Recover|p2a: Avalugg\n|-heal|p2a: Avalugg|100\/100\n|\n|upkeep\n|turn|14\n|\n|t:|1698888289\n|move|p1a: Fairy Bread|Bulk Up|p1a: Fairy Bread\n|-boost|p1a: Fairy Bread|atk|1\n|-boost|p1a: Fairy Bread|def|1\n|move|p2a: Avalugg|Mountain Gale|p1a: Fairy Bread\n|-damage|p1a: Fairy Bread|72\/100\n|\n|-heal|p1a: Fairy Bread|78\/100|[from] item: Leftovers\n|upkeep\n|turn|15\n|\n|t:|1698888296\n|move|p1a: Fairy Bread|Bulk Up|p1a: Fairy Bread\n|-boost|p1a: Fairy Bread|atk|1\n|-boost|p1a: Fairy Bread|def|1\n|move|p2a: Avalugg|Mountain Gale|p1a: Fairy Bread\n|-damage|p1a: Fairy Bread|53\/100\n|\n|-heal|p1a: Fairy Bread|59\/100|[from] item: Leftovers\n|upkeep\n|turn|16\n|\n|t:|1698888300\n|move|p1a: Fairy Bread|Drain Punch|p2a: Avalugg\n|-supereffective|p2a: Avalugg\n|-damage|p2a: Avalugg|0 fnt\n|-heal|p1a: Fairy Bread|100\/100|[from] drain|[of] p2a: Avalugg\n|faint|p2a: Avalugg\n|\n|upkeep\n|\n|t:|1698888303\n|switch|p2a: Ursaluna|Ursaluna, M|20\/100 brn\n|-damage|p2a: Ursaluna|14\/100 brn|[from] Stealth Rock\n|-damage|p2a: Ursaluna|1\/100 brn|[from] Spikes\n|turn|17\n|\n|t:|1698888306\n|move|p1a: Fairy Bread|Drain Punch|p2a: Ursaluna\n|-supereffective|p2a: Ursaluna\n|-damage|p2a: Ursaluna|0 fnt\n|faint|p2a: Ursaluna\n|\n|win|CdogThePro\n|c|\u2606AquaDragon360|I should have change my Chi-yu\n|c|\u2606CdogThePro|I didnt even have to whip out the sheer cold cryogonal\n|c|\u2606AquaDragon360|gg\n|c|\u2606AquaDragon360|shouldn't\n|c|\u2606CdogThePro|I was expecting annihilape\n|c|\u2606AquaDragon360|that was a bait lol\n|c|\u2606CdogThePro|Well\n|l|\u2606AquaDragon360\n|c|\u2606CdogThePro|I had tera ghost cryogonal specifically for ursaluna and it didnt even matter\n","uploadtime":1698888381,"views":15,"p1id":"cdogthepro","p2id":"aquadragon360","formatid":"gen9anythinggoes","rating":0,"private":0,"password":""}