{"id":"gen9anythinggoes-1988877812","p1":"Raymond R3ddington","p2":"Pheonix11","format":"[Gen 9] Anything Goes","log":"|j|\u203dRaymond R3ddington\n|j|\u2606Pheonix11\n|t:|1699779411\n|gametype|singles\n|player|p1|Raymond R3ddington|giovanni|1195\n|player|p2|Pheonix11|170|1217\n|teamsize|p1|6\n|teamsize|p2|6\n|gen|9\n|tier|[Gen 9] Anything Goes\n|rated|\n|rule|HP Percentage Mod: HP is shown in percentages\n|rule|Endless Battle Clause: Forcing endless battles is banned\n|clearpoke\n|poke|p1|Noivern, M|\n|poke|p1|Kyogre|\n|poke|p1|Glalie, F|\n|poke|p1|Iron Treads|\n|poke|p1|Torterra, F|\n|poke|p1|Golem, M|\n|poke|p2|Toxapex, F|\n|poke|p2|Umbreon, F|\n|poke|p2|Cresselia, F|\n|poke|p2|Goodra-Hisui, M|\n|poke|p2|Arceus|\n|poke|p2|Diancie|\n|teampreview\n|inactive|Battle timer is ON: inactive players will automatically lose when time's up. (requested by Raymond R3ddington)\n|\n|t:|1699779417\n|start\n|switch|p1a: Golem|Golem, M|100\/100\n|switch|p2a: Toxapex|Toxapex, F|100\/100\n|turn|1\n|\n|t:|1699779420\n|move|p1a: Golem|Stealth Rock|p2a: Toxapex\n|-sidestart|p2: Pheonix11|move: Stealth Rock\n|move|p2a: Toxapex|Toxic|p1a: Golem\n|-status|p1a: Golem|tox\n|\n|-damage|p1a: Golem|95\/100 tox|[from] psn\n|upkeep\n|turn|2\n|\n|t:|1699779430\n|move|p2a: Toxapex|Protect|p2a: Toxapex\n|-singleturn|p2a: Toxapex|Protect\n|move|p1a: Golem|Earthquake|p2a: Toxapex\n|-activate|p2a: Toxapex|move: Protect\n|\n|-damage|p1a: Golem|83\/100 tox|[from] psn\n|upkeep\n|turn|3\n|\n|t:|1699779435\n|switch|p2a: Cresselia|Cresselia, F|100\/100\n|-damage|p2a: Cresselia|88\/100|[from] Stealth Rock\n|move|p1a: Golem|Earthquake|p2a: Cresselia\n|-immune|p2a: Cresselia|[from] ability: Levitate\n|\n|-damage|p1a: Golem|65\/100 tox|[from] psn\n|upkeep\n|turn|4\n|\n|t:|1699779442\n|move|p2a: Cresselia|Protect|p2a: Cresselia\n|-singleturn|p2a: Cresselia|Protect\n|move|p1a: Golem|Heavy Slam|p2a: Cresselia\n|-activate|p2a: Cresselia|move: Protect\n|\n|-damage|p1a: Golem|41\/100 tox|[from] psn\n|upkeep\n|turn|5\n|\n|t:|1699779450\n|switch|p2a: Toxapex|Toxapex, F|100\/100\n|-damage|p2a: Toxapex|88\/100|[from] Stealth Rock\n|move|p1a: Golem|Heavy Slam|p2a: Toxapex\n|-resisted|p2a: Toxapex\n|-damage|p2a: Toxapex|75\/100\n|\n|-heal|p2a: Toxapex|81\/100|[from] item: Leftovers\n|-damage|p1a: Golem|11\/100 tox|[from] psn\n|upkeep\n|turn|6\n|\n|t:|1699779469\n|switch|p1a: Iron Treads|Iron Treads|100\/100\n|-enditem|p1a: Iron Treads|Booster Energy\n|-activate|p1a: Iron Treads|ability: Quark Drive|[fromitem]\n|-start|p1a: Iron Treads|quarkdrivespe\n|move|p2a: Toxapex|Protect||[still]\n|-fail|p2a: Toxapex\n|\n|-heal|p2a: Toxapex|87\/100|[from] item: Leftovers\n|upkeep\n|turn|7\n|\n|t:|1699779481\n|move|p2a: Toxapex|Protect|p2a: Toxapex\n|-singleturn|p2a: Toxapex|Protect\n|move|p1a: Iron Treads|Rapid Spin|p2a: Toxapex\n|-activate|p2a: Toxapex|move: Protect\n|\n|-heal|p2a: Toxapex|94\/100|[from] item: Leftovers\n|upkeep\n|turn|8\n|\n|t:|1699779501\n|switch|p2a: Arceus|Arceus|100\/100\n|-damage|p2a: Arceus|88\/100|[from] Stealth Rock\n|move|p1a: Iron Treads|Earthquake|p2a: Arceus\n|-damage|p2a: Arceus|63\/100\n|\n|-heal|p2a: Arceus|69\/100|[from] item: Leftovers\n|upkeep\n|turn|9\n|\n|t:|1699779508\n|move|p1a: Iron Treads|Iron Head|p2a: Arceus\n|-damage|p2a: Arceus|46\/100\n|cant|p2a: Arceus|flinch\n|\n|-heal|p2a: Arceus|53\/100|[from] item: Leftovers\n|upkeep\n|turn|10\n|\n|t:|1699779518\n|move|p1a: Iron Treads|Iron Head|p2a: Arceus\n|-damage|p2a: Arceus|30\/100\n|cant|p2a: Arceus|flinch\n|\n|-heal|p2a: Arceus|36\/100|[from] item: Leftovers\n|upkeep\n|turn|11\n|\n|t:|1699779523\n|move|p1a: Iron Treads|Iron Head|p2a: Arceus\n|-damage|p2a: Arceus|12\/100\n|move|p2a: Arceus|Recover|p2a: Arceus\n|-heal|p2a: Arceus|62\/100\n|\n|-heal|p2a: Arceus|69\/100|[from] item: Leftovers\n|upkeep\n|turn|12\n|\n|t:|1699779533\n|move|p2a: Arceus|Protect|p2a: Arceus\n|-singleturn|p2a: Arceus|Protect\n|move|p1a: Iron Treads|Iron Head|p2a: Arceus\n|-activate|p2a: Arceus|move: Protect\n|\n|-heal|p2a: Arceus|75\/100|[from] item: Leftovers\n|upkeep\n|turn|13\n|\n|t:|1699779537\n|move|p1a: Iron Treads|Rollout|p2a: Arceus\n|-damage|p2a: Arceus|69\/100\n|move|p2a: Arceus|Cosmic Power|p2a: Arceus\n|-boost|p2a: Arceus|def|1\n|-boost|p2a: Arceus|spd|1\n|\n|-heal|p2a: Arceus|75\/100|[from] item: Leftovers\n|upkeep\n|turn|14\n|\n|t:|1699779542\n|move|p1a: Iron Treads|Rollout|p2a: Arceus|[from]lockedmove\n|-damage|p2a: Arceus|67\/100\n|move|p2a: Arceus|Cosmic Power|p2a: Arceus\n|-boost|p2a: Arceus|def|1\n|-boost|p2a: Arceus|spd|1\n|\n|-heal|p2a: Arceus|73\/100|[from] item: Leftovers\n|upkeep\n|turn|15\n|\n|t:|1699779545\n|move|p1a: Iron Treads|Rollout|p2a: Arceus|[from]lockedmove\n|-damage|p2a: Arceus|61\/100\n|move|p2a: Arceus|Cosmic Power|p2a: Arceus\n|-boost|p2a: Arceus|def|1\n|-boost|p2a: Arceus|spd|1\n|\n|-heal|p2a: Arceus|67\/100|[from] item: Leftovers\n|upkeep\n|turn|16\n|\n|t:|1699779566\n|move|p1a: Iron Treads|Rollout|p2a: Arceus|[from]lockedmove\n|-damage|p2a: Arceus|49\/100\n|move|p2a: Arceus|Cosmic Power|p2a: Arceus\n|-boost|p2a: Arceus|def|1\n|-boost|p2a: Arceus|spd|1\n|\n|-heal|p2a: Arceus|55\/100|[from] item: Leftovers\n|upkeep\n|turn|17\n|\n|t:|1699779572\n|move|p2a: Arceus|Protect|p2a: Arceus\n|-singleturn|p2a: Arceus|Protect\n|move|p1a: Iron Treads|Rollout|p2a: Arceus|[from]lockedmove\n|-activate|p2a: Arceus|move: Protect\n|\n|-heal|p2a: Arceus|61\/100|[from] item: Leftovers\n|upkeep\n|turn|18\n|\n|t:|1699779578\n|move|p1a: Iron Treads|Iron Head|p2a: Arceus\n|-damage|p2a: Arceus|54\/100\n|move|p2a: Arceus|Recover|p2a: Arceus\n|-heal|p2a: Arceus|100\/100\n|\n|upkeep\n|turn|19\n|\n|t:|1699779585\n|-end|p1a: Iron Treads|Quark Drive|[silent]\n|switch|p1a: Golem|Golem, M|11\/100 tox\n|move|p2a: Arceus|Cosmic Power|p2a: Arceus\n|-boost|p2a: Arceus|def|1\n|-boost|p2a: Arceus|spd|1\n|\n|-damage|p1a: Golem|5\/100 tox|[from] psn\n|upkeep\n|turn|20\n|-enditem|p1a: Golem|Custap Berry|[eat]\n|-activate|p1a: Golem|item: Custap Berry|[consumed]\n|\n|t:|1699779592\n|move|p2a: Arceus|Protect|p2a: Arceus\n|-singleturn|p2a: Arceus|Protect\n|move|p1a: Golem|Explosion|p2a: Arceus\n|-activate|p2a: Arceus|move: Protect\n|faint|p1a: Golem\n|\n|upkeep\n|\n|t:|1699779607\n|switch|p1a: Kyogre|Kyogre|100\/100\n|-weather|RainDance|[from] ability: Drizzle|[of] p1a: Kyogre\n|turn|21\n|c|\u2606Pheonix11|Sweep?\n|\n|t:|1699779615\n|move|p1a: Kyogre|Sheer Cold|p2a: Arceus|[miss]\n|-miss|p1a: Kyogre|p2a: Arceus\n|move|p2a: Arceus|Cosmic Power|p2a: Arceus\n|-boost|p2a: Arceus|def|1\n|-boost|p2a: Arceus|spd|1\n|\n|-weather|RainDance|[upkeep]\n|upkeep\n|turn|22\n|\n|t:|1699779619\n|move|p1a: Kyogre|Sheer Cold|p2a: Arceus|[miss]\n|-miss|p1a: Kyogre|p2a: Arceus\n|move|p2a: Arceus|Body Press|p1a: Kyogre\n|-damage|p1a: Kyogre|0 fnt\n|faint|p1a: Kyogre\n|\n|-weather|RainDance|[upkeep]\n|upkeep\n|c|\u2606Pheonix11|Sweep\n|\n|t:|1699779633\n|switch|p1a: Noivern|Noivern, M|100\/100\n|turn|23\n|\n|t:|1699779636\n|move|p1a: Noivern|Boomburst|p2a: Arceus\n|-damage|p2a: Arceus|94\/100\n|move|p2a: Arceus|Body Press|p1a: Noivern\n|-resisted|p1a: Noivern\n|-damage|p1a: Noivern|37\/100\n|\n|-weather|RainDance|[upkeep]\n|-heal|p2a: Arceus|99\/100|[from] item: Leftovers\n|upkeep\n|turn|24\n|\n|t:|1699779643\n|move|p1a: Noivern|Flamethrower|p2a: Arceus\n|-damage|p2a: Arceus|98\/100\n|move|p2a: Arceus|Body Press|p1a: Noivern\n|-resisted|p1a: Noivern\n|-damage|p1a: Noivern|0 fnt\n|faint|p1a: Noivern\n|\n|-weather|RainDance|[upkeep]\n|-heal|p2a: Arceus|100\/100|[from] item: Leftovers\n|upkeep\n|c|\u2606Pheonix11|Lol\n|c|\u2606Pheonix11|This was probably my fastest game ever\n|inactive|Raymond R3ddington has 120 seconds left.\n|\n|t:|1699779687\n|switch|p1a: Glalie|Glalie, F|100\/100\n|turn|25\n|\n|t:|1699779691\n|move|p1a: Glalie|Protect|p1a: Glalie\n|-singleturn|p1a: Glalie|Protect\n|move|p2a: Arceus|Body Press|p1a: Glalie\n|-activate|p1a: Glalie|move: Protect\n|\n|-weather|none\n|-ability|p1a: Glalie|Moody|boost\n|-boost|p1a: Glalie|def|2\n|-unboost|p1a: Glalie|spe|1\n|upkeep\n|turn|26\n|inactive|Raymond R3ddington has 120 seconds left.\n|l|\u203dRaymond R3ddington\n|inactive|Raymond R3ddington disconnected and has a minute to reconnect!\n|player|p1|\n|j|\u203dRaymond R3ddington\n|inactive|Raymond R3ddington reconnected and has 105 seconds left.\n|player|p1|Raymond R3ddington|giovanni\n|\n|t:|1699779724\n|-terastallize|p1a: Glalie|Water\n|move|p2a: Arceus|Body Press|p1a: Glalie\n|-damage|p1a: Glalie|34\/100\n|move|p1a: Glalie|Freeze-Dry|p2a: Arceus\n|-damage|p2a: Arceus|97\/100\n|\n|-heal|p2a: Arceus|100\/100|[from] item: Leftovers\n|-heal|p1a: Glalie|40\/100|[from] item: Leftovers\n|-ability|p1a: Glalie|Moody|boost\n|-boost|p1a: Glalie|atk|2\n|-unboost|p1a: Glalie|spa|1\n|upkeep\n|turn|27\n|\n|t:|1699779734\n|move|p1a: Glalie|Protect|p1a: Glalie\n|-singleturn|p1a: Glalie|Protect\n|move|p2a: Arceus|Body Press|p1a: Glalie\n|-activate|p1a: Glalie|move: Protect\n|\n|-heal|p1a: Glalie|46\/100|[from] item: Leftovers\n|-ability|p1a: Glalie|Moody|boost\n|-boost|p1a: Glalie|atk|2\n|-unboost|p1a: Glalie|spa|1\n|upkeep\n|turn|28\n|\n|t:|1699779750\n|move|p2a: Arceus|Body Press|p1a: Glalie\n|-damage|p1a: Glalie|0 fnt\n|faint|p1a: Glalie\n|\n|upkeep\n|inactive|Raymond R3ddington has 90 seconds left.\n|inactive|Raymond R3ddington has 60 seconds left.\n|inactive|Raymond R3ddington has 30 seconds left.\n|inactive|Raymond R3ddington has 20 seconds left.\n|inactive|Raymond R3ddington has 15 seconds left.\n|inactive|Raymond R3ddington has 10 seconds left.\n|c|\u2606Pheonix11|Gg ez\n|inactive|Raymond R3ddington has 5 seconds left.\n|-message|Raymond R3ddington lost due to inactivity.\n|\n|win|Pheonix11\n|raw|Raymond R3ddington's rating: 1195 &rarr; <strong>1173<\/strong><br \/>(-22 for losing)\n|raw|Pheonix11's rating: 1238 &rarr; <strong>1260<\/strong><br \/>(+22 for winning)\n","uploadtime":1699779775,"views":4,"p1id":"raymondr3ddington","p2id":"pheonix11","formatid":"gen9anythinggoes","rating":1173,"private":0,"password":""}