{"id":"gen9anythinggoes-1978308918","p1":"LeunamTG","p2":"Red Krow","format":"[Gen 9] Anything Goes","log":"|j|\u2606LeunamTG\n|j|\u2606Red Krow\n|t:|1698523493\n|gametype|singles\n|player|p1|LeunamTG|skyla|\n|player|p2|Red Krow|grimsley|\n|teamsize|p1|6\n|teamsize|p2|6\n|gen|9\n|tier|[Gen 9] Anything Goes\n|rule|HP Percentage Mod: HP is shown in percentages\n|rule|Endless Battle Clause: Forcing endless battles is banned\n|clearpoke\n|poke|p1|Dragapult, M|\n|poke|p1|Electrode-Hisui|\n|poke|p1|Florges-Blue, F|\n|poke|p1|Hariyama, M|\n|poke|p1|Heatran, F|\n|poke|p1|Samurott-Hisui, F|\n|poke|p2|Hoopa-Unbound|\n|poke|p2|Empoleon, F|\n|poke|p2|Ursaluna-Bloodmoon, M|\n|poke|p2|Mimikyu, F|\n|poke|p2|Ribombee, F|\n|poke|p2|Avalugg, M|\n|teampreview\n|c|\u2606Red Krow|GL HF\n|j| Pokeley_PlaysYT\n|c|\u2606Red Krow|\u00bfHab\u00eda que anunciar tera?\n|l| Pokeley_PlaysYT\n|c|\u2606LeunamTG|Nope, pero si quieres te los recuerdo.\n|c|\u2606Red Krow|No, los puedo mirar\n|c|\u2606Red Krow|Era por si hab\u00eda que decir el que llevamos este combate en concreto\n|\n|t:|1698523625\n|start\n|switch|p1a: Samurott|Samurott-Hisui, F, shiny|100\/100\n|switch|p2a: Compro oro|Hoopa-Unbound|100\/100\n|turn|1\n|\n|t:|1698523632\n|switch|p2a: Frozen piss|Avalugg, M, shiny|100\/100\n|move|p1a: Samurott|X-Scissor|p2a: Frozen piss\n|-damage|p2a: Frozen piss|79\/100\n|\n|-heal|p2a: Frozen piss|85\/100|[from] item: Leftovers\n|upkeep\n|turn|2\n|\n|t:|1698523664\n|switch|p1a: Hariyama|Hariyama, M, shiny|100\/100\n|-terastallize|p2a: Frozen piss|Fighting\n|move|p2a: Frozen piss|Avalanche|p1a: Hariyama\n|-damage|p1a: Hariyama|87\/100\n|\n|-heal|p1a: Hariyama|94\/100|[from] item: Leftovers\n|-heal|p2a: Frozen piss|91\/100|[from] item: Leftovers\n|upkeep\n|turn|3\n|\n|t:|1698523706\n|move|p1a: Hariyama|Knock Off|p2a: Frozen piss\n|-resisted|p2a: Frozen piss\n|-damage|p2a: Frozen piss|84\/100\n|-enditem|p2a: Frozen piss|Leftovers|[from] move: Knock Off|[of] p1a: Hariyama\n|move|p2a: Frozen piss|Body Press|p1a: Hariyama\n|-damage|p1a: Hariyama|45\/100\n|\n|-heal|p1a: Hariyama|51\/100|[from] item: Leftovers\n|upkeep\n|turn|4\n|\n|t:|1698523722\n|move|p1a: Hariyama|Bulk Up|p1a: Hariyama\n|-boost|p1a: Hariyama|atk|1\n|-boost|p1a: Hariyama|def|1\n|move|p2a: Frozen piss|Recover|p2a: Frozen piss\n|-heal|p2a: Frozen piss|100\/100\n|\n|-heal|p1a: Hariyama|57\/100|[from] item: Leftovers\n|upkeep\n|turn|5\n|\n|t:|1698523746\n|switch|p2a: Betty Boop|Mimikyu, F, shiny|100\/100\n|move|p1a: Hariyama|Drain Punch|p2a: Betty Boop\n|-immune|p2a: Betty Boop\n|\n|-heal|p1a: Hariyama|63\/100|[from] item: Leftovers\n|upkeep\n|turn|6\n|\n|t:|1698523766\n|-terastallize|p1a: Hariyama|Steel\n|move|p2a: Betty Boop|Play Rough|p1a: Hariyama\n|-resisted|p1a: Hariyama\n|-crit|p1a: Hariyama\n|-damage|p1a: Hariyama|28\/100\n|-damage|p2a: Betty Boop|91\/100|[from] item: Life Orb\n|move|p1a: Hariyama|Knock Off|p2a: Betty Boop\n|-activate|p2a: Betty Boop|ability: Disguise\n|-damage|p2a: Betty Boop|91\/100\n|-enditem|p2a: Betty Boop|Life Orb|[from] move: Knock Off|[of] p1a: Hariyama\n|detailschange|p2a: Betty Boop|Mimikyu-Busted, F, shiny\n|-damage|p2a: Betty Boop|78\/100|[from] pokemon: Mimikyu-Busted\n|\n|-heal|p1a: Hariyama|34\/100|[from] item: Leftovers\n|upkeep\n|turn|7\n|\n|t:|1698523793\n|switch|p2a: Frozen piss|Avalugg, M, shiny, tera:Fighting|100\/100\n|move|p1a: Hariyama|Drain Punch|p2a: Frozen piss\n|-damage|p2a: Frozen piss|73\/100\n|-heal|p1a: Hariyama|45\/100|[from] drain|[of] p2a: Frozen piss\n|\n|-heal|p1a: Hariyama|52\/100|[from] item: Leftovers\n|upkeep\n|turn|8\n|\n|t:|1698523803\n|move|p1a: Hariyama|Bulk Up|p1a: Hariyama\n|-boost|p1a: Hariyama|atk|1\n|-boost|p1a: Hariyama|def|1\n|move|p2a: Frozen piss|Recover|p2a: Frozen piss\n|-heal|p2a: Frozen piss|100\/100\n|\n|-heal|p1a: Hariyama|58\/100|[from] item: Leftovers\n|upkeep\n|turn|9\n|\n|t:|1698523808\n|move|p1a: Hariyama|Drain Punch|p2a: Frozen piss\n|-damage|p2a: Frozen piss|68\/100\n|-heal|p1a: Hariyama|71\/100|[from] drain|[of] p2a: Frozen piss\n|move|p2a: Frozen piss|Body Press|p1a: Hariyama\n|-supereffective|p1a: Hariyama\n|-damage|p1a: Hariyama|26\/100\n|\n|-heal|p1a: Hariyama|32\/100|[from] item: Leftovers\n|upkeep\n|turn|10\n|\n|t:|1698523839\n|move|p1a: Hariyama|Drain Punch|p2a: Frozen piss\n|-damage|p2a: Frozen piss|35\/100\n|-heal|p1a: Hariyama|46\/100|[from] drain|[of] p2a: Frozen piss\n|move|p2a: Frozen piss|Body Press|p1a: Hariyama\n|-supereffective|p1a: Hariyama\n|-damage|p1a: Hariyama|0 fnt\n|faint|p1a: Hariyama\n|\n|upkeep\n|\n|t:|1698523900\n|switch|p1a: Heatran|Heatran, F|100\/100\n|turn|11\n|\n|t:|1698523916\n|switch|p2a: Pingu pingu|Empoleon, F|100\/100\n|move|p1a: Heatran|Lava Plume|p2a: Pingu pingu\n|-damage|p2a: Pingu pingu|78\/100\n|-status|p2a: Pingu pingu|brn\n|\n|-heal|p2a: Pingu pingu|85\/100 brn|[from] item: Leftovers\n|-damage|p2a: Pingu pingu|78\/100 brn|[from] brn\n|upkeep\n|turn|12\n|\n|t:|1698523950\n|move|p1a: Heatran|Stealth Rock|p2a: Pingu pingu\n|-sidestart|p2: Red Krow|move: Stealth Rock\n|move|p2a: Pingu pingu|Knock Off|p1a: Heatran\n|-crit|p1a: Heatran\n|-damage|p1a: Heatran|92\/100\n|-enditem|p1a: Heatran|Leftovers|[from] move: Knock Off|[of] p2a: Pingu pingu\n|\n|-heal|p2a: Pingu pingu|85\/100 brn|[from] item: Leftovers\n|-damage|p2a: Pingu pingu|78\/100 brn|[from] brn\n|upkeep\n|turn|13\n|\n|t:|1698523961\n|switch|p1a: Samurott|Samurott-Hisui, F, shiny|100\/100\n|move|p2a: Pingu pingu|Flip Turn|p1a: Samurott\n|-resisted|p1a: Samurott\n|-damage|p1a: Samurott|96\/100\n|\n|t:|1698523969\n|switch|p2a: Frozen piss|Avalugg, M, shiny, tera:Fighting|35\/100|[from] Flip Turn\n|-damage|p2a: Frozen piss|29\/100|[from] Stealth Rock\n|\n|upkeep\n|turn|14\n|\n|t:|1698524004\n|switch|p1a: Dragapult|Dragapult, M|100\/100\n|move|p2a: Frozen piss|Recover|p2a: Frozen piss\n|-heal|p2a: Frozen piss|79\/100\n|\n|upkeep\n|turn|15\n|\n|t:|1698524012\n|switch|p2a: Pingu pingu|Empoleon, F|78\/100 brn\n|-damage|p2a: Pingu pingu|72\/100 brn|[from] Stealth Rock\n|move|p1a: Dragapult|U-turn|p2a: Pingu pingu\n|-resisted|p2a: Pingu pingu\n|-damage|p2a: Pingu pingu|63\/100 brn\n|\n|t:|1698524019\n|switch|p1a: Samurott|Samurott-Hisui, F, shiny|96\/100|[from] U-turn\n|\n|-heal|p2a: Pingu pingu|70\/100 brn|[from] item: Leftovers\n|-damage|p2a: Pingu pingu|63\/100 brn|[from] brn\n|upkeep\n|turn|16\n|\n|t:|1698524046\n|move|p1a: Samurott|Ceaseless Edge|p2a: Pingu pingu\n|-damage|p2a: Pingu pingu|10\/100 brn\n|-sidestart|p2: Red Krow|Spikes\n|move|p2a: Pingu pingu|Roost|p2a: Pingu pingu\n|-heal|p2a: Pingu pingu|60\/100 brn\n|-singleturn|p2a: Pingu pingu|move: Roost\n|\n|-heal|p2a: Pingu pingu|66\/100 brn|[from] item: Leftovers\n|-damage|p2a: Pingu pingu|60\/100 brn|[from] brn\n|upkeep\n|turn|17\n|\n|t:|1698524059\n|move|p1a: Samurott|Razor Shell|p2a: Pingu pingu\n|-resisted|p2a: Pingu pingu\n|-damage|p2a: Pingu pingu|30\/100 brn\n|-unboost|p2a: Pingu pingu|def|1\n|-ability|p2a: Pingu pingu|Competitive|boost\n|-boost|p2a: Pingu pingu|spa|2\n|move|p2a: Pingu pingu|Flip Turn|p1a: Samurott\n|-resisted|p1a: Samurott\n|-damage|p1a: Samurott|91\/100\n|\n|t:|1698524111\n|switch|p2a: Rimbombante|Ribombee, F, shiny|100\/100|[from] Flip Turn\n|-damage|p2a: Rimbombante|76\/100|[from] Stealth Rock\n|-damage|p2a: Rimbombante|63\/100|[from] Spikes\n|\n|upkeep\n|turn|18\n|\n|t:|1698524124\n|switch|p1a: Heatran|Heatran, F|92\/100\n|move|p2a: Rimbombante|Moonblast|p1a: Heatran\n|-resisted|p1a: Heatran\n|-damage|p1a: Heatran|84\/100\n|-unboost|p1a: Heatran|spa|1\n|\n|upkeep\n|turn|19\n|\n|t:|1698524135\n|move|p2a: Rimbombante|Sticky Web|p1a: Heatran\n|-sidestart|p1: LeunamTG|move: Sticky Web\n|move|p1a: Heatran|Lava Plume|p2a: Rimbombante\n|-supereffective|p2a: Rimbombante\n|-damage|p2a: Rimbombante|0 fnt\n|faint|p2a: Rimbombante\n|\n|upkeep\n|\n|t:|1698524253\n|switch|p2a: Compro oro|Hoopa-Unbound|100\/100\n|-damage|p2a: Compro oro|88\/100|[from] Stealth Rock\n|-damage|p2a: Compro oro|76\/100|[from] Spikes\n|turn|20\n|\n|t:|1698524264\n|move|p2a: Compro oro|Drain Punch|p1a: Heatran\n|-supereffective|p1a: Heatran\n|-damage|p1a: Heatran|49\/100\n|-heal|p2a: Compro oro|95\/100|[from] drain|[of] p1a: Heatran\n|move|p1a: Heatran|Will-O-Wisp|p2a: Compro oro\n|-status|p2a: Compro oro|brn\n|\n|-damage|p2a: Compro oro|89\/100 brn|[from] brn\n|upkeep\n|turn|21\n|\n|t:|1698524303\n|move|p2a: Compro oro|Gunk Shot|p1a: Heatran\n|-immune|p1a: Heatran\n|move|p1a: Heatran|Lava Plume|p2a: Compro oro\n|-damage|p2a: Compro oro|77\/100 brn\n|\n|-damage|p2a: Compro oro|71\/100 brn|[from] brn\n|upkeep\n|turn|22\n|\n|t:|1698524334\n|switch|p1a: Samurott|Samurott-Hisui, F, shiny|91\/100\n|-activate|p1a: Samurott|move: Sticky Web\n|-unboost|p1a: Samurott|spe|1\n|move|p2a: Compro oro|Gunk Shot|p1a: Samurott\n|-damage|p1a: Samurott|65\/100\n|\n|-damage|p2a: Compro oro|65\/100 brn|[from] brn\n|upkeep\n|turn|23\n|\n|t:|1698524342\n|move|p2a: Compro oro|Drain Punch|p1a: Samurott\n|-supereffective|p1a: Samurott\n|-damage|p1a: Samurott|34\/100\n|-heal|p2a: Compro oro|82\/100 brn|[from] drain|[of] p1a: Samurott\n|move|p1a: Samurott|Razor Shell|p2a: Compro oro\n|-damage|p2a: Compro oro|0 fnt\n|faint|p2a: Compro oro\n|\n|upkeep\n|\n|t:|1698524356\n|switch|p2a: Frozen piss|Avalugg, M, shiny, tera:Fighting|79\/100\n|-damage|p2a: Frozen piss|73\/100|[from] Stealth Rock\n|-damage|p2a: Frozen piss|60\/100|[from] Spikes\n|turn|24\n|\n|t:|1698524366\n|switch|p1a: Florges|Florges-Blue, F, shiny|100\/100\n|-activate|p1a: Florges|move: Sticky Web\n|-unboost|p1a: Florges|spe|1\n|move|p2a: Frozen piss|Avalanche|p1a: Florges\n|-damage|p1a: Florges|62\/100\n|\n|upkeep\n|turn|25\n|\n|t:|1698524377\n|move|p1a: Florges|Moonblast|p2a: Frozen piss\n|-supereffective|p2a: Frozen piss\n|-damage|p2a: Frozen piss|0 fnt\n|faint|p2a: Frozen piss\n|\n|upkeep\n|\n|t:|1698524392\n|switch|p2a: URSS|Ursaluna-Bloodmoon, M|100\/100\n|-damage|p2a: URSS|94\/100|[from] Stealth Rock\n|-damage|p2a: URSS|82\/100|[from] Spikes\n|turn|26\n|\n|t:|1698524401\n|move|p1a: Florges|Moonblast|p2a: URSS\n|-damage|p2a: URSS|34\/100\n|move|p2a: URSS|Calm Mind|p2a: URSS\n|-boost|p2a: URSS|spa|1\n|-boost|p2a: URSS|spd|1\n|\n|-heal|p2a: URSS|40\/100|[from] item: Leftovers\n|upkeep\n|turn|27\n|\n|t:|1698524406\n|move|p1a: Florges|Moonblast|p2a: URSS\n|-damage|p2a: URSS|8\/100\n|move|p2a: URSS|Moonlight|p2a: URSS\n|-heal|p2a: URSS|58\/100\n|\n|-heal|p2a: URSS|64\/100|[from] item: Leftovers\n|upkeep\n|turn|28\n|\n|t:|1698524423\n|switch|p1a: Samurott|Samurott-Hisui, F, shiny|34\/100\n|-activate|p1a: Samurott|move: Sticky Web\n|-unboost|p1a: Samurott|spe|1\n|move|p2a: URSS|Hyper Voice|p1a: Samurott\n|-damage|p1a: Samurott|0 fnt\n|faint|p1a: Samurott\n|\n|-heal|p2a: URSS|70\/100|[from] item: Leftovers\n|upkeep\n|\n|t:|1698524478\n|switch|p1a: Electrode|Electrode-Hisui, shiny|100\/100\n|turn|29\n|\n|t:|1698524488\n|move|p1a: Electrode|Leaf Storm|p2a: URSS\n|-supereffective|p2a: URSS\n|-damage|p2a: URSS|3\/100\n|-unboost|p1a: Electrode|spa|2\n|move|p2a: URSS|Moonlight|p2a: URSS\n|-heal|p2a: URSS|53\/100\n|\n|-heal|p2a: URSS|59\/100|[from] item: Leftovers\n|upkeep\n|turn|30\n|\n|t:|1698524500\n|switch|p1a: Florges|Florges-Blue, F, shiny|62\/100\n|-activate|p1a: Florges|move: Sticky Web\n|-unboost|p1a: Florges|spe|1\n|move|p2a: URSS|Moonlight|p2a: URSS\n|-heal|p2a: URSS|100\/100\n|\n|upkeep\n|turn|31\n|\n|t:|1698524506\n|move|p1a: Florges|Trick|p2a: URSS\n|-activate|p1a: Florges|move: Trick|[of] p2a: URSS\n|-item|p2a: URSS|Choice Scarf|[from] move: Trick\n|-item|p1a: Florges|Leftovers|[from] move: Trick\n|move|p2a: URSS|Calm Mind|p2a: URSS\n|-boost|p2a: URSS|spa|1\n|-boost|p2a: URSS|spd|1\n|\n|-heal|p1a: Florges|68\/100|[from] item: Leftovers\n|upkeep\n|turn|32\n|\n|t:|1698524521\n|switch|p2a: Pingu pingu|Empoleon, F|30\/100 brn\n|-damage|p2a: Pingu pingu|24\/100 brn|[from] Stealth Rock\n|-damage|p2a: Pingu pingu|12\/100 brn|[from] Spikes\n|move|p1a: Florges|Moonblast|p2a: Pingu pingu\n|-resisted|p2a: Pingu pingu\n|-damage|p2a: Pingu pingu|0 fnt\n|faint|p2a: Pingu pingu\n|\n|-heal|p1a: Florges|74\/100|[from] item: Leftovers\n|upkeep\n|\n|t:|1698524526\n|switch|p2a: URSS|Ursaluna-Bloodmoon, M|100\/100\n|-damage|p2a: URSS|94\/100|[from] Stealth Rock\n|-damage|p2a: URSS|82\/100|[from] Spikes\n|turn|33\n|\n|t:|1698524533\n|move|p2a: URSS|Hyper Voice|p1a: Florges\n|-damage|p1a: Florges|34\/100\n|move|p1a: Florges|Moonblast|p2a: URSS\n|-damage|p2a: URSS|28\/100\n|\n|-heal|p1a: Florges|40\/100|[from] item: Leftovers\n|upkeep\n|turn|34\n|\n|t:|1698524546\n|switch|p1a: Heatran|Heatran, F|49\/100\n|-activate|p1a: Heatran|move: Sticky Web\n|-unboost|p1a: Heatran|spe|1\n|move|p2a: URSS|Hyper Voice|p1a: Heatran\n|-resisted|p1a: Heatran\n|-damage|p1a: Heatran|26\/100\n|\n|upkeep\n|turn|35\n|\n|t:|1698524554\n|move|p2a: URSS|Hyper Voice|p1a: Heatran\n|-resisted|p1a: Heatran\n|-damage|p1a: Heatran|2\/100\n|move|p1a: Heatran|Lava Plume|p2a: URSS\n|-damage|p2a: URSS|0 fnt\n|faint|p2a: URSS\n|\n|upkeep\n|\n|t:|1698524557\n|switch|p2a: Betty Boop|Mimikyu-Busted, F, shiny|78\/100\n|-damage|p2a: Betty Boop|66\/100|[from] Stealth Rock\n|-damage|p2a: Betty Boop|53\/100|[from] Spikes\n|turn|36\n|c|\u2606Red Krow|gg\n|\n|t:|1698524571\n|move|p2a: Betty Boop|Swords Dance|p2a: Betty Boop\n|-boost|p2a: Betty Boop|atk|2\n|move|p1a: Heatran|Will-O-Wisp|p2a: Betty Boop\n|-status|p2a: Betty Boop|brn\n|\n|-damage|p2a: Betty Boop|48\/100 brn|[from] brn\n|upkeep\n|turn|37\n|\n|t:|1698524583\n|move|p2a: Betty Boop|Drain Punch|p1a: Heatran\n|-supereffective|p1a: Heatran\n|-damage|p1a: Heatran|0 fnt\n|-heal|p2a: Betty Boop|48\/100 brn|[from] drain|[of] p1a: Heatran\n|faint|p1a: Heatran\n|\n|-damage|p2a: Betty Boop|42\/100 brn|[from] brn\n|upkeep\n|\n|t:|1698524588\n|switch|p1a: Electrode|Electrode-Hisui, shiny|100\/100\n|turn|38\n|\n|t:|1698524595\n|move|p1a: Electrode|Thunderbolt|p2a: Betty Boop\n|-damage|p2a: Betty Boop|0 fnt\n|faint|p2a: Betty Boop\n|\n|win|LeunamTG\n|c|\u2606LeunamTG|ggwp\n","uploadtime":1698524602,"views":35,"p1id":"leunamtg","p2id":"redkrow","formatid":"gen9anythinggoes","rating":0,"private":0,"password":""}