{"id":"gen9anythinggoes-1991309683","p1":"my3rdaccbruh","p2":"YoungEsq","format":"[Gen 9] Anything Goes","log":"|j|\u2606my3rdaccbruh\n|j|\u2606YoungEsq\n|t:|1700066380\n|gametype|singles\n|player|p1|my3rdaccbruh|marlon|1259\n|player|p2|YoungEsq|170|1282\n|teamsize|p1|6\n|teamsize|p2|6\n|gen|9\n|tier|[Gen 9] Anything Goes\n|rated|\n|rule|HP Percentage Mod: HP is shown in percentages\n|rule|Endless Battle Clause: Forcing endless battles is banned\n|clearpoke\n|poke|p1|Calyrex-Shadow|\n|poke|p1|Zacian-*|\n|poke|p1|Darkrai|\n|poke|p1|Ceruledge, M|\n|poke|p1|Zoroark-Hisui, F|\n|poke|p1|Shaymin-Sky|\n|poke|p2|Ting-Lu|\n|poke|p2|Gholdengo|\n|poke|p2|Roaring Moon|\n|poke|p2|Chi-Yu|\n|poke|p2|Samurott-Hisui, F|\n|poke|p2|Mandibuzz, F|\n|teampreview\n|inactive|Battle timer is ON: inactive players will automatically lose when time's up. (requested by my3rdaccbruh)\n|\n|t:|1700066410\n|start\n|switch|p1a: Calyrex|Calyrex-Shadow|100\/100\n|switch|p2a: Roaring Moon|Roaring Moon|100\/100\n|-enditem|p2a: Roaring Moon|Booster Energy\n|-activate|p2a: Roaring Moon|ability: Protosynthesis|[fromitem]\n|-start|p2a: Roaring Moon|protosynthesisatk\n|turn|1\n|\n|t:|1700066420\n|move|p1a: Calyrex|Trick|p2a: Roaring Moon\n|-activate|p1a: Calyrex|move: Trick|[of] p2a: Roaring Moon\n|-item|p2a: Roaring Moon|Choice Scarf|[from] move: Trick\n|-enditem|p1a: Calyrex|Choice Scarf|[silent]|[from] move: Trick\n|move|p2a: Roaring Moon|Dragon Dance|p2a: Roaring Moon\n|-boost|p2a: Roaring Moon|atk|1\n|-boost|p2a: Roaring Moon|spe|1\n|\n|upkeep\n|turn|2\n|\n|t:|1700066431\n|-end|p2a: Roaring Moon|Protosynthesis|[silent]\n|switch|p2a: Samurott|Samurott-Hisui, F|100\/100\n|move|p1a: Calyrex|Focus Blast|p2a: Samurott\n|-supereffective|p2a: Samurott\n|-damage|p2a: Samurott|18\/100\n|\n|upkeep\n|turn|3\n|\n|t:|1700066438\n|move|p1a: Calyrex|Focus Blast|p2a: Samurott\n|-supereffective|p2a: Samurott\n|-damage|p2a: Samurott|0 fnt\n|faint|p2a: Samurott\n|\n|upkeep\n|\n|t:|1700066443\n|switch|p2a: Chi-Yu|Chi-Yu|100\/100\n|-ability|p2a: Chi-Yu|Beads of Ruin\n|turn|4\n|\n|t:|1700066450\n|move|p2a: Chi-Yu|Dark Pulse|p1a: Calyrex\n|-supereffective|p1a: Calyrex\n|-damage|p1a: Calyrex|0 fnt\n|replace|p1a: Zoroark|Zoroark-Hisui, F\n|-end|p1a: Zoroark|Illusion\n|faint|p1a: Zoroark\n|\n|upkeep\n|\n|t:|1700066476\n|switch|p1a: Ceruledge|Ceruledge, M|100\/100\n|turn|5\n|\n|t:|1700066480\n|-terastallize|p1a: Ceruledge|Normal\n|move|p2a: Chi-Yu|Dark Pulse|p1a: Ceruledge\n|-damage|p1a: Ceruledge|46\/100\n|move|p1a: Ceruledge|Swords Dance|p1a: Ceruledge\n|-boost|p1a: Ceruledge|atk|2\n|\n|upkeep\n|turn|6\n|c|\u2606my3rdaccbruh|...\n|\n|t:|1700066497\n|move|p1a: Ceruledge|Shadow Sneak|p2a: Chi-Yu\n|-resisted|p2a: Chi-Yu\n|-damage|p2a: Chi-Yu|74\/100\n|move|p2a: Chi-Yu|Dark Pulse|p1a: Ceruledge\n|-damage|p1a: Ceruledge|0 fnt\n|faint|p1a: Ceruledge\n|\n|upkeep\n|c|\u2606my3rdaccbruh|OO I MESSED UP\n|\n|t:|1700066508\n|switch|p1a: Darkrai|Darkrai|100\/100\n|turn|7\n|inactive|my3rdaccbruh has 120 seconds left.\n|\n|t:|1700066529\n|switch|p2a: Roaring Moon|Roaring Moon|100\/100\n|move|p1a: Darkrai|Dark Pulse|p2a: Roaring Moon\n|-resisted|p2a: Roaring Moon\n|-damage|p2a: Roaring Moon|79\/100\n|\n|upkeep\n|turn|8\n|inactive|my3rdaccbruh has 120 seconds left.\n|\n|t:|1700066536\n|move|p2a: Roaring Moon|Dragon Claw|p1a: Darkrai\n|-damage|p1a: Darkrai|42\/100\n|move|p1a: Darkrai|Nasty Plot|p1a: Darkrai\n|-boost|p1a: Darkrai|spa|2\n|\n|upkeep\n|turn|9\n|\n|t:|1700066544\n|move|p2a: Roaring Moon|Dragon Claw|p1a: Darkrai\n|-damage|p1a: Darkrai|0 fnt\n|faint|p1a: Darkrai\n|\n|upkeep\n|\n|t:|1700066549\n|switch|p1a: Shaymin|Shaymin-Sky, shiny|100\/100\n|turn|10\n|\n|t:|1700066557\n|-end|p2a: Roaring Moon|Protosynthesis|[silent]\n|switch|p2a: Mandibuzz|Mandibuzz, F|100\/100\n|move|p1a: Shaymin|Leech Seed|p2a: Mandibuzz\n|-start|p2a: Mandibuzz|move: Leech Seed\n|\n|-damage|p2a: Mandibuzz|88\/100|[from] Leech Seed|[of] p1a: Shaymin\n|upkeep\n|turn|11\n|\n|t:|1700066563\n|move|p1a: Shaymin|Substitute|p1a: Shaymin\n|-start|p1a: Shaymin|Substitute\n|-damage|p1a: Shaymin|76\/100\n|move|p2a: Mandibuzz|Toxic||[still]\n|-fail|p2a: Mandibuzz\n|\n|-heal|p1a: Shaymin|82\/100|[from] item: Leftovers\n|-damage|p2a: Mandibuzz|75\/100|[from] Leech Seed|[of] p1a: Shaymin\n|-heal|p1a: Shaymin|97\/100|[silent]\n|upkeep\n|turn|12\n|\n|t:|1700066570\n|switch|p2a: Ting-Lu|Ting-Lu|100\/100\n|-ability|p2a: Ting-Lu|Vessel of Ruin\n|move|p1a: Shaymin|Air Slash|p2a: Ting-Lu\n|-damage|p2a: Ting-Lu|85\/100\n|\n|-heal|p1a: Shaymin|100\/100|[from] item: Leftovers\n|-heal|p2a: Ting-Lu|91\/100|[from] item: Leftovers\n|upkeep\n|turn|13\n|\n|t:|1700066579\n|move|p1a: Shaymin|Leech Seed|p2a: Ting-Lu\n|-start|p2a: Ting-Lu|move: Leech Seed\n|move|p2a: Ting-Lu|Whirlwind|p1a: Shaymin\n|drag|p1a: Calyrex|Calyrex-Shadow|100\/100\n|-ability|p1a: Calyrex|As One\n|-ability|p1a: Calyrex|Unnerve\n|\n|-heal|p2a: Ting-Lu|98\/100|[from] item: Leftovers\n|-damage|p2a: Ting-Lu|85\/100|[from] Leech Seed|[of] p1a: Calyrex\n|upkeep\n|turn|14\n|inactive|my3rdaccbruh has 120 seconds left.\n|\n|t:|1700066612\n|switch|p2a: Mandibuzz|Mandibuzz, F|75\/100\n|move|p1a: Calyrex|Giga Drain|p2a: Mandibuzz\n|-resisted|p2a: Mandibuzz\n|-damage|p2a: Mandibuzz|66\/100\n|\n|upkeep\n|turn|15\n|inactive|my3rdaccbruh has 120 seconds left.\n|\n|t:|1700066644\n|switch|p1a: Zacian|Zacian-Crowned|100\/100\n|-ability|p1a: Zacian|Intrepid Sword|boost\n|-boost|p1a: Zacian|atk|1\n|move|p2a: Mandibuzz|Toxic|p1a: Zacian\n|-immune|p1a: Zacian\n|\n|upkeep\n|turn|16\n|c|\u2606my3rdaccbruh|knew it\n|\n|t:|1700066652\n|switch|p2a: Ting-Lu|Ting-Lu|85\/100\n|-ability|p2a: Ting-Lu|Vessel of Ruin\n|move|p1a: Zacian|Swords Dance|p1a: Zacian\n|-boost|p1a: Zacian|atk|2\n|\n|-heal|p2a: Ting-Lu|91\/100|[from] item: Leftovers\n|upkeep\n|turn|17\n|\n|t:|1700066662\n|move|p1a: Zacian|Play Rough|p2a: Ting-Lu\n|-supereffective|p2a: Ting-Lu\n|-damage|p2a: Ting-Lu|0 fnt\n|faint|p2a: Ting-Lu\n|\n|upkeep\n|\n|t:|1700066665\n|switch|p2a: Chi-Yu|Chi-Yu|74\/100\n|-ability|p2a: Chi-Yu|Beads of Ruin\n|turn|18\n|\n|t:|1700066671\n|-terastallize|p2a: Chi-Yu|Poison\n|move|p2a: Chi-Yu|Flamethrower|p1a: Zacian\n|-supereffective|p1a: Zacian\n|-damage|p1a: Zacian|0 fnt\n|faint|p1a: Zacian\n|\n|upkeep\n|\n|t:|1700066677\n|switch|p1a: Calyrex|Calyrex-Shadow|100\/100\n|-ability|p1a: Calyrex|As One\n|-ability|p1a: Calyrex|Unnerve\n|turn|19\n|inactive|my3rdaccbruh has 120 seconds left.\n|\n|t:|1700066685\n|switch|p2a: Mandibuzz|Mandibuzz, F|66\/100\n|move|p1a: Calyrex|Astral Barrage|p2a: Mandibuzz\n|-resisted|p2a: Mandibuzz\n|-damage|p2a: Mandibuzz|44\/100\n|\n|upkeep\n|turn|20\n|inactive|my3rdaccbruh has 120 seconds left.\n|\n|t:|1700066698\n|move|p1a: Calyrex|Nasty Plot|p1a: Calyrex\n|-boost|p1a: Calyrex|spa|2\n|move|p2a: Mandibuzz|Roost|p2a: Mandibuzz\n|-heal|p2a: Mandibuzz|94\/100\n|-singleturn|p2a: Mandibuzz|move: Roost\n|\n|upkeep\n|turn|21\n|\n|t:|1700066708\n|move|p1a: Calyrex|Giga Drain|p2a: Mandibuzz\n|-resisted|p2a: Mandibuzz\n|-damage|p2a: Mandibuzz|76\/100\n|move|p2a: Mandibuzz|Foul Play|p1a: Calyrex\n|-supereffective|p1a: Calyrex\n|-damage|p1a: Calyrex|0 fnt\n|faint|p1a: Calyrex\n|\n|upkeep\n|inactive|my3rdaccbruh has 120 seconds left.\n|\n|t:|1700066718\n|switch|p1a: Shaymin|Shaymin-Sky, shiny|100\/100\n|turn|22\n|\n|t:|1700066724\n|switch|p2a: Gholdengo|Gholdengo|100\/100\n|-item|p2a: Gholdengo|Air Balloon\n|move|p1a: Shaymin|Substitute|p1a: Shaymin\n|-start|p1a: Shaymin|Substitute\n|-damage|p1a: Shaymin|76\/100\n|\n|-heal|p1a: Shaymin|82\/100|[from] item: Leftovers\n|upkeep\n|turn|23\n|inactive|my3rdaccbruh has 120 seconds left.\n|\n|t:|1700066770\n|move|p1a: Shaymin|Leech Seed|p2a: Gholdengo\n|-immune|p2a: Gholdengo|[from] ability: Good as Gold\n|move|p2a: Gholdengo|Nasty Plot|p2a: Gholdengo\n|-boost|p2a: Gholdengo|spa|2\n|\n|-heal|p1a: Shaymin|88\/100|[from] item: Leftovers\n|upkeep\n|turn|24\n|\n|t:|1700066779\n|move|p1a: Shaymin|Air Slash|p2a: Gholdengo\n|-resisted|p2a: Gholdengo\n|-damage|p2a: Gholdengo|78\/100\n|-enditem|p2a: Gholdengo|Air Balloon\n|cant|p2a: Gholdengo|flinch\n|\n|-heal|p1a: Shaymin|94\/100|[from] item: Leftovers\n|upkeep\n|turn|25\n|\n|t:|1700066787\n|move|p1a: Shaymin|Air Slash|p2a: Gholdengo\n|-resisted|p2a: Gholdengo\n|-damage|p2a: Gholdengo|55\/100\n|move|p2a: Gholdengo|Make It Rain|p1a: Shaymin\n|-end|p1a: Shaymin|Substitute\n|-unboost|p2a: Gholdengo|spa|1\n|\n|-heal|p1a: Shaymin|99\/100|[from] item: Leftovers\n|upkeep\n|turn|26\n|\n|t:|1700066801\n|switch|p2a: Chi-Yu|Chi-Yu, tera:Poison|74\/100\n|-ability|p2a: Chi-Yu|Beads of Ruin\n|move|p1a: Shaymin|Substitute|p1a: Shaymin\n|-start|p1a: Shaymin|Substitute\n|-damage|p1a: Shaymin|75\/100\n|\n|-heal|p1a: Shaymin|81\/100|[from] item: Leftovers\n|upkeep\n|turn|27\n|\n|t:|1700066811\n|move|p2a: Chi-Yu|Flamethrower|p1a: Shaymin\n|-supereffective|p1a: Shaymin\n|-end|p1a: Shaymin|Substitute\n|move|p1a: Shaymin|Leech Seed|p2a: Chi-Yu\n|-start|p2a: Chi-Yu|move: Leech Seed\n|\n|-heal|p1a: Shaymin|88\/100|[from] item: Leftovers\n|-damage|p2a: Chi-Yu|62\/100|[from] Leech Seed|[of] p1a: Shaymin\n|-heal|p1a: Shaymin|97\/100|[silent]\n|upkeep\n|turn|28\n|\n|t:|1700066821\n|move|p2a: Chi-Yu|Flamethrower|p1a: Shaymin\n|-supereffective|p1a: Shaymin\n|-damage|p1a: Shaymin|0 fnt\n|faint|p1a: Shaymin\n|\n|win|YoungEsq\n|raw|my3rdaccbruh's rating: 1259 &rarr; <strong>1236<\/strong><br \/>(-23 for losing)\n|raw|YoungEsq's rating: 1282 &rarr; <strong>1305<\/strong><br \/>(+23 for winning)\n","uploadtime":1700066824,"views":5,"p1id":"my3rdaccbruh","p2id":"youngesq","formatid":"gen9anythinggoes","rating":1236,"private":0,"password":""}