{"id":"gen9anythinggoes-1998096173","p1":"aaditya69","p2":"GildedSapphire","format":"[Gen 9] Anything Goes","log":"|j|\u2606aaditya69\n|j|\u2606GildedSapphire\n|t:|1700890626\n|gametype|singles\n|player|p1|aaditya69|101|1167\n|player|p2|GildedSapphire|wallace|1224\n|teamsize|p1|6\n|teamsize|p2|6\n|gen|9\n|tier|[Gen 9] Anything Goes\n|rated|\n|rule|HP Percentage Mod: HP is shown in percentages\n|rule|Endless Battle Clause: Forcing endless battles is banned\n|clearpoke\n|poke|p1|Calyrex-Shadow|\n|poke|p1|Ditto|\n|poke|p1|Maushold-Four|\n|poke|p1|Dragapult, F|\n|poke|p1|Toxapex, F|\n|poke|p1|Flutter Mane|\n|poke|p2|Meowscarada, M|\n|poke|p2|Drifblim, M|\n|poke|p2|Clodsire, M|\n|poke|p2|Gholdengo|\n|poke|p2|Espathra, M|\n|poke|p2|Calyrex-Shadow|\n|teampreview\n|\n|t:|1700890635\n|start\n|switch|p1a: Toxapex|Toxapex, F|100\/100\n|switch|p2a: Clodsire|Clodsire, M|100\/100\n|turn|1\n|c|\u2606GildedSapphire|oh yay another calyrex team :\\\n|\n|t:|1700890644\n|move|p1a: Toxapex|Toxic Spikes|p2a: Clodsire\n|-sidestart|p2: GildedSapphire|move: Toxic Spikes\n|move|p2a: Clodsire|Spikes|p1a: Toxapex\n|-sidestart|p1: aaditya69|Spikes\n|\n|upkeep\n|turn|2\n|\n|t:|1700890658\n|move|p1a: Toxapex|Infestation|p2a: Clodsire\n|-resisted|p2a: Clodsire\n|-damage|p2a: Clodsire|99\/100\n|-activate|p2a: Clodsire|move: Infestation|[of] p1a: Toxapex\n|move|p2a: Clodsire|Spikes|p1a: Toxapex\n|-sidestart|p1: aaditya69|Spikes\n|\n|-heal|p2a: Clodsire|100\/100|[from] item: Leftovers\n|-damage|p2a: Clodsire|88\/100|[from] move: Infestation|[partiallytrapped]\n|upkeep\n|turn|3\n|\n|t:|1700890666\n|move|p1a: Toxapex|Toxic Spikes|p2a: Clodsire\n|-sidestart|p2: GildedSapphire|move: Toxic Spikes\n|move|p2a: Clodsire|Spikes|p1a: Toxapex\n|-sidestart|p1: aaditya69|Spikes\n|\n|-heal|p2a: Clodsire|94\/100|[from] item: Leftovers\n|-damage|p2a: Clodsire|82\/100|[from] move: Infestation|[partiallytrapped]\n|upkeep\n|turn|4\n|\n|t:|1700890676\n|move|p1a: Toxapex|Toxic Spikes||[still]\n|-fail|p1a: Toxapex\n|move|p2a: Clodsire|Earthquake|p1a: Toxapex\n|-supereffective|p1a: Toxapex\n|-damage|p1a: Toxapex|66\/100\n|\n|-heal|p2a: Clodsire|88\/100|[from] item: Leftovers\n|-damage|p2a: Clodsire|75\/100|[from] move: Infestation|[partiallytrapped]\n|upkeep\n|turn|5\n|\n|t:|1700890684\n|move|p1a: Toxapex|Recover|p1a: Toxapex\n|-heal|p1a: Toxapex|100\/100\n|move|p2a: Clodsire|Recover|p2a: Clodsire\n|-heal|p2a: Clodsire|100\/100\n|\n|-damage|p2a: Clodsire|88\/100|[from] move: Infestation|[partiallytrapped]\n|upkeep\n|turn|6\n|\n|t:|1700890691\n|move|p1a: Toxapex|Infestation|p2a: Clodsire\n|-resisted|p2a: Clodsire\n|-damage|p2a: Clodsire|87\/100\n|move|p2a: Clodsire|Earthquake|p1a: Toxapex\n|-supereffective|p1a: Toxapex\n|-damage|p1a: Toxapex|65\/100\n|\n|-heal|p2a: Clodsire|93\/100|[from] item: Leftovers\n|-damage|p2a: Clodsire|81\/100|[from] move: Infestation|[partiallytrapped]\n|upkeep\n|turn|7\n|\n|t:|1700890704\n|move|p1a: Toxapex|Recover|p1a: Toxapex\n|-heal|p1a: Toxapex|100\/100\n|move|p2a: Clodsire|Earthquake|p1a: Toxapex\n|-supereffective|p1a: Toxapex\n|-damage|p1a: Toxapex|70\/100\n|\n|-heal|p2a: Clodsire|87\/100|[from] item: Leftovers\n|-end|p2a: Clodsire|Infestation|[partiallytrapped]\n|upkeep\n|turn|8\n|inactive|Battle timer is ON: inactive players will automatically lose when time's up. (requested by aaditya69)\n|\n|t:|1700890715\n|move|p1a: Toxapex|Infestation|p2a: Clodsire\n|-resisted|p2a: Clodsire\n|-damage|p2a: Clodsire|86\/100\n|-activate|p2a: Clodsire|move: Infestation|[of] p1a: Toxapex\n|move|p2a: Clodsire|Recover|p2a: Clodsire\n|-heal|p2a: Clodsire|100\/100\n|\n|-damage|p2a: Clodsire|88\/100|[from] move: Infestation|[partiallytrapped]\n|upkeep\n|turn|9\n|\n|t:|1700890721\n|move|p1a: Toxapex|Recover|p1a: Toxapex\n|-heal|p1a: Toxapex|100\/100\n|move|p2a: Clodsire|Earthquake|p1a: Toxapex\n|-supereffective|p1a: Toxapex\n|-damage|p1a: Toxapex|66\/100\n|\n|-heal|p2a: Clodsire|94\/100|[from] item: Leftovers\n|-damage|p2a: Clodsire|82\/100|[from] move: Infestation|[partiallytrapped]\n|upkeep\n|turn|10\n|\n|t:|1700890731\n|move|p1a: Toxapex|Toxic Spikes||[still]\n|-fail|p1a: Toxapex\n|move|p2a: Clodsire|Earthquake|p1a: Toxapex\n|-supereffective|p1a: Toxapex\n|-damage|p1a: Toxapex|34\/100\n|\n|-heal|p2a: Clodsire|88\/100|[from] item: Leftovers\n|-damage|p2a: Clodsire|75\/100|[from] move: Infestation|[partiallytrapped]\n|upkeep\n|turn|11\n|\n|t:|1700890738\n|move|p1a: Toxapex|Recover|p1a: Toxapex\n|-heal|p1a: Toxapex|85\/100\n|move|p2a: Clodsire|Earthquake|p1a: Toxapex\n|-supereffective|p1a: Toxapex\n|-damage|p1a: Toxapex|52\/100\n|\n|-heal|p2a: Clodsire|82\/100|[from] item: Leftovers\n|-damage|p2a: Clodsire|69\/100|[from] move: Infestation|[partiallytrapped]\n|upkeep\n|turn|12\n|\n|t:|1700890747\n|move|p1a: Toxapex|Recover|p1a: Toxapex\n|-heal|p1a: Toxapex|100\/100\n|move|p2a: Clodsire|Earthquake|p1a: Toxapex\n|-supereffective|p1a: Toxapex\n|-damage|p1a: Toxapex|69\/100\n|\n|-heal|p2a: Clodsire|75\/100|[from] item: Leftovers\n|-end|p2a: Clodsire|Infestation|[partiallytrapped]\n|upkeep\n|turn|13\n|\n|t:|1700890757\n|switch|p2a: Drifblim|Drifblim, M|100\/100\n|move|p1a: Toxapex|Infestation|p2a: Drifblim\n|-resisted|p2a: Drifblim\n|-damage|p2a: Drifblim|99\/100\n|-activate|p2a: Drifblim|move: Infestation|[of] p1a: Toxapex\n|\n|-damage|p2a: Drifblim|88\/100|[from] move: Infestation|[partiallytrapped]\n|upkeep\n|turn|14\n|\n|t:|1700890764\n|move|p2a: Drifblim|Defog|p1a: Toxapex\n|-unboost|p1a: Toxapex|evasion|1\n|-sideend|p1: aaditya69|Spikes|[from] move: Defog|[of] p2a: Drifblim\n|-sideend|p2: GildedSapphire|Toxic Spikes|[from] move: Defog|[of] p2a: Drifblim\n|move|p1a: Toxapex|Recover|p1a: Toxapex\n|-heal|p1a: Toxapex|100\/100\n|\n|-damage|p2a: Drifblim|75\/100|[from] move: Infestation|[partiallytrapped]\n|upkeep\n|turn|15\n|\n|t:|1700890773\n|move|p2a: Drifblim|Minimize|p2a: Drifblim\n|-boost|p2a: Drifblim|evasion|2\n|move|p1a: Toxapex|Toxic Spikes|p2a: Drifblim\n|-sidestart|p2: GildedSapphire|move: Toxic Spikes\n|\n|-damage|p2a: Drifblim|63\/100|[from] move: Infestation|[partiallytrapped]\n|upkeep\n|turn|16\n|\n|t:|1700890783\n|move|p2a: Drifblim|Minimize|p2a: Drifblim\n|-boost|p2a: Drifblim|evasion|2\n|move|p1a: Toxapex|Haze|p1a: Toxapex\n|-clearallboost\n|\n|-damage|p2a: Drifblim|51\/100|[from] move: Infestation|[partiallytrapped]\n|upkeep\n|turn|17\n|\n|t:|1700890792\n|move|p2a: Drifblim|Minimize|p2a: Drifblim\n|-boost|p2a: Drifblim|evasion|2\n|move|p1a: Toxapex|Recover||[still]\n|-fail|p1a: Toxapex|heal\n|\n|-damage|p2a: Drifblim|38\/100|[from] move: Infestation|[partiallytrapped]\n|upkeep\n|turn|18\n|\n|t:|1700890802\n|move|p2a: Drifblim|Minimize|p2a: Drifblim\n|-boost|p2a: Drifblim|evasion|2\n|move|p1a: Toxapex|Haze|p1a: Toxapex\n|-clearallboost\n|\n|-end|p2a: Drifblim|Infestation|[partiallytrapped]\n|upkeep\n|turn|19\n|\n|t:|1700890808\n|move|p2a: Drifblim|Air Slash|p1a: Toxapex\n|-damage|p1a: Toxapex|80\/100\n|move|p1a: Toxapex|Infestation|p2a: Drifblim\n|-resisted|p2a: Drifblim\n|-damage|p2a: Drifblim|38\/100\n|-activate|p2a: Drifblim|move: Infestation|[of] p1a: Toxapex\n|\n|-damage|p2a: Drifblim|26\/100|[from] move: Infestation|[partiallytrapped]\n|upkeep\n|turn|20\n|\n|t:|1700890819\n|switch|p2a: Espathra|Espathra, M|100\/100\n|-status|p2a: Espathra|psn\n|move|p1a: Toxapex|Recover|p1a: Toxapex\n|-heal|p1a: Toxapex|100\/100\n|\n|-damage|p2a: Espathra|88\/100 psn|[from] psn\n|upkeep\n|turn|21\n|\n|t:|1700890827\n|move|p2a: Espathra|Lumina Crash|p1a: Toxapex\n|-supereffective|p1a: Toxapex\n|-damage|p1a: Toxapex|31\/100\n|-unboost|p1a: Toxapex|spd|2\n|move|p1a: Toxapex|Infestation|p2a: Espathra\n|-supereffective|p2a: Espathra\n|-damage|p2a: Espathra|78\/100 psn\n|-activate|p2a: Espathra|move: Infestation|[of] p1a: Toxapex\n|\n|-heal|p2a: Espathra|84\/100 psn|[from] item: Leftovers\n|-damage|p2a: Espathra|72\/100 psn|[from] psn\n|-damage|p2a: Espathra|60\/100 psn|[from] move: Infestation|[partiallytrapped]\n|-ability|p2a: Espathra|Speed Boost|boost\n|-boost|p2a: Espathra|spe|1\n|upkeep\n|turn|22\n|\n|t:|1700890842\n|move|p2a: Espathra|Protect|p2a: Espathra\n|-singleturn|p2a: Espathra|Protect\n|move|p1a: Toxapex|Haze|p1a: Toxapex\n|-clearallboost\n|\n|-heal|p2a: Espathra|66\/100 psn|[from] item: Leftovers\n|-damage|p2a: Espathra|53\/100 psn|[from] psn\n|-damage|p2a: Espathra|41\/100 psn|[from] move: Infestation|[partiallytrapped]\n|-ability|p2a: Espathra|Speed Boost|boost\n|-boost|p2a: Espathra|spe|1\n|upkeep\n|turn|23\n|\n|t:|1700890851\n|move|p2a: Espathra|Lumina Crash|p1a: Toxapex\n|-supereffective|p1a: Toxapex\n|-damage|p1a: Toxapex|0 fnt\n|faint|p1a: Toxapex\n|\n|-heal|p2a: Espathra|47\/100 psn|[from] item: Leftovers\n|-damage|p2a: Espathra|35\/100 psn|[from] psn\n|-end|p2a: Espathra|Infestation|[partiallytrapped]|[silent]\n|-ability|p2a: Espathra|Speed Boost|boost\n|-boost|p2a: Espathra|spe|1\n|upkeep\n|\n|t:|1700890859\n|switch|p1a: Maushold|Maushold-Four|100\/100\n|turn|24\n|\n|t:|1700890864\n|move|p2a: Espathra|Baton Pass|p2a: Espathra\n|\n|t:|1700890866\n|switch|p2a: Gholdengo|Gholdengo|100\/100|[from] Baton Pass\n|-item|p2a: Gholdengo|Air Balloon\n|move|p1a: Maushold|Tidy Up|p1a: Maushold\n|-sideend|p2: GildedSapphire|Toxic Spikes\n|-activate|p1a: Maushold|move: Tidy Up\n|-boost|p1a: Maushold|atk|1\n|-boost|p1a: Maushold|spe|1\n|\n|upkeep\n|turn|25\n|\n|t:|1700890875\n|move|p2a: Gholdengo|Make It Rain|p1a: Maushold\n|-damage|p1a: Maushold|0 fnt\n|-unboost|p2a: Gholdengo|spa|1\n|faint|p1a: Maushold\n|\n|upkeep\n|\n|t:|1700890883\n|switch|p1a: Ditto|Ditto, shiny|100\/100\n|-transform|p1a: Ditto|p2a: Gholdengo|[from] ability: Imposter\n|turn|26\n|\n|t:|1700890891\n|move|p1a: Ditto|Shadow Ball|p2a: Gholdengo\n|-supereffective|p2a: Gholdengo\n|-damage|p2a: Gholdengo|32\/100\n|-enditem|p2a: Gholdengo|Air Balloon\n|move|p2a: Gholdengo|Shadow Ball|p1a: Ditto\n|-supereffective|p1a: Ditto\n|-damage|p1a: Ditto|36\/100\n|\n|upkeep\n|turn|27\n|\n|t:|1700890899\n|move|p1a: Ditto|Shadow Ball|p2a: Gholdengo\n|-supereffective|p2a: Gholdengo\n|-damage|p2a: Gholdengo|0 fnt\n|faint|p2a: Gholdengo\n|\n|upkeep\n|\n|t:|1700890906\n|switch|p2a: Clodsire|Clodsire, M|75\/100\n|turn|28\n|\n|t:|1700890909\n|move|p1a: Ditto|Shadow Ball|p2a: Clodsire\n|-damage|p2a: Clodsire|52\/100\n|move|p2a: Clodsire|Earthquake|p1a: Ditto\n|-supereffective|p1a: Ditto\n|-damage|p1a: Ditto|0 fnt\n|faint|p1a: Ditto\n|\n|-heal|p2a: Clodsire|58\/100|[from] item: Leftovers\n|upkeep\n|\n|t:|1700890914\n|switch|p1a: Calyrex|Calyrex-Shadow|100\/100\n|-ability|p1a: Calyrex|As One\n|-ability|p1a: Calyrex|Unnerve\n|turn|29\n|\n|t:|1700890922\n|move|p1a: Calyrex|Astral Barrage|p2a: Clodsire\n|-damage|p2a: Clodsire|0 fnt\n|faint|p2a: Clodsire\n|-ability|p1a: Calyrex|Grim Neigh|boost\n|-boost|p1a: Calyrex|spa|1\n|\n|upkeep\n|\n|t:|1700890933\n|switch|p2a: Meowscarada|Meowscarada, M|100\/100\n|turn|30\n|\n|t:|1700890938\n|-terastallize|p2a: Meowscarada|Grass\n|move|p2a: Meowscarada|Sucker Punch|p1a: Calyrex\n|-supereffective|p1a: Calyrex\n|-damage|p1a: Calyrex|0 fnt\n|faint|p1a: Calyrex\n|\n|upkeep\n|c|\u2606GildedSapphire|NICE\n|\n|t:|1700890945\n|switch|p1a: Flutter Mane|Flutter Mane|100\/100\n|turn|31\n|\n|t:|1700890953\n|-terastallize|p1a: Flutter Mane|Fire\n|move|p1a: Flutter Mane|Moonblast|p2a: Meowscarada\n|-damage|p2a: Meowscarada|22\/100\n|move|p2a: Meowscarada|Flower Trick|p1a: Flutter Mane\n|-resisted|p1a: Flutter Mane\n|-crit|p1a: Flutter Mane\n|-damage|p1a: Flutter Mane|24\/100\n|\n|upkeep\n|turn|32\n|\n|t:|1700890961\n|move|p2a: Meowscarada|Sucker Punch|p1a: Flutter Mane\n|-damage|p1a: Flutter Mane|0 fnt\n|faint|p1a: Flutter Mane\n|-end|p1a: Flutter Mane|Protosynthesis|[silent]\n|\n|upkeep\n|\n|t:|1700890965\n|switch|p1a: Dragapult|Dragapult, F|100\/100\n|turn|33\n|\n|t:|1700890970\n|move|p1a: Dragapult|Substitute|p1a: Dragapult\n|-start|p1a: Dragapult|Substitute\n|-damage|p1a: Dragapult|76\/100\n|move|p2a: Meowscarada|Flower Trick|p1a: Dragapult\n|-resisted|p1a: Dragapult\n|-crit|p1a: Dragapult\n|-end|p1a: Dragapult|Substitute\n|\n|-heal|p1a: Dragapult|82\/100|[from] item: Leftovers\n|upkeep\n|turn|34\n|\n|t:|1700890978\n|move|p2a: Meowscarada|Sucker Punch||[still]\n|-fail|p2a: Meowscarada\n|move|p1a: Dragapult|Dragon Dance|p1a: Dragapult\n|-boost|p1a: Dragapult|atk|1\n|-boost|p1a: Dragapult|spe|1\n|\n|-heal|p1a: Dragapult|88\/100|[from] item: Leftovers\n|upkeep\n|turn|35\n|\n|t:|1700890985\n|move|p2a: Meowscarada|Sucker Punch||[still]\n|-fail|p2a: Meowscarada\n|move|p1a: Dragapult|Dragon Dance|p1a: Dragapult\n|-boost|p1a: Dragapult|atk|1\n|-boost|p1a: Dragapult|spe|1\n|\n|-heal|p1a: Dragapult|94\/100|[from] item: Leftovers\n|upkeep\n|turn|36\n|\n|t:|1700890997\n|move|p1a: Dragapult|Substitute|p1a: Dragapult\n|-start|p1a: Dragapult|Substitute\n|-damage|p1a: Dragapult|69\/100\n|move|p2a: Meowscarada|Flower Trick|p1a: Dragapult\n|-resisted|p1a: Dragapult\n|-crit|p1a: Dragapult\n|-end|p1a: Dragapult|Substitute\n|\n|-heal|p1a: Dragapult|75\/100|[from] item: Leftovers\n|upkeep\n|turn|37\n|\n|t:|1700891006\n|move|p1a: Dragapult|Dragon Dance|p1a: Dragapult\n|-boost|p1a: Dragapult|atk|1\n|-boost|p1a: Dragapult|spe|1\n|move|p2a: Meowscarada|Knock Off|p1a: Dragapult\n|-supereffective|p1a: Dragapult\n|-damage|p1a: Dragapult|0 fnt\n|-enditem|p1a: Dragapult|Leftovers|[from] move: Knock Off|[of] p2a: Meowscarada\n|faint|p1a: Dragapult\n|\n|win|GildedSapphire\n|raw|aaditya69's rating: 1167 &rarr; <strong>1146<\/strong><br \/>(-21 for losing)\n|raw|GildedSapphire's rating: 1224 &rarr; <strong>1245<\/strong><br \/>(+21 for winning)\n|c|\u2606GildedSapphire|gg\n","uploadtime":1700891021,"views":1,"p1id":"aaditya69","p2id":"gildedsapphire","formatid":"gen9anythinggoes","rating":1146,"private":0,"password":""}