{"id":"gen9anythinggoes-1973216137","p1":"meloninnamelon","p2":"Shelmett","format":"[Gen 9] Anything Goes","log":"|j|\u2606meloninnamelon\n|j|\u2606Shelmett\n|t:|1697940463\n|gametype|singles\n|player|p1|meloninnamelon|lucas|1000\n|player|p2|Shelmett|roxie|1044\n|teamsize|p1|6\n|teamsize|p2|6\n|gen|9\n|tier|[Gen 9] Anything Goes\n|rated|\n|rule|HP Percentage Mod: HP is shown in percentages\n|rule|Endless Battle Clause: Forcing endless battles is banned\n|clearpoke\n|poke|p1|Snorlax, M|\n|poke|p1|Golduck, F|\n|poke|p1|Dragonite, M|\n|poke|p1|Ninetales, F|\n|poke|p1|Pikachu, M|\n|poke|p1|Scyther, M|\n|poke|p2|Seviper, M|\n|poke|p2|Seviper, F|\n|poke|p2|Seviper, M|\n|poke|p2|Seviper, F|\n|poke|p2|Seviper, F|\n|poke|p2|Seviper, M|\n|teampreview\n|\n|t:|1697940476\n|start\n|switch|p1a: Snorlax|Snorlax, M|100\/100\n|switch|p2a: Seviper|Seviper, M|100\/100\n|turn|1\n|\n|t:|1697940483\n|move|p2a: Seviper|Gunk Shot|p1a: Snorlax\n|-damage|p1a: Snorlax|13\/100\n|move|p1a: Snorlax|Body Slam|p2a: Seviper\n|-damage|p2a: Seviper|44\/100\n|\n|upkeep\n|turn|2\n|\n|t:|1697940500\n|move|p2a: Seviper|Gunk Shot|p1a: Snorlax|[miss]\n|-miss|p2a: Seviper|p1a: Snorlax\n|move|p1a: Snorlax|Zen Headbutt|p2a: Seviper\n|-supereffective|p2a: Seviper\n|-damage|p2a: Seviper|0 fnt\n|faint|p2a: Seviper\n|\n|upkeep\n|inactive|Battle timer is ON: inactive players will automatically lose when time's up. (requested by meloninnamelon)\n|\n|t:|1697940525\n|switch|p2a: Seviper|Seviper, M|100\/100\n|turn|3\n|\n|t:|1697940531\n|switch|p1a: Dragonite|Dragonite, M|100\/100\n|move|p2a: Seviper|Sludge Bomb|p1a: Dragonite\n|-damage|p1a: Dragonite|83\/100\n|\n|upkeep\n|turn|4\n|\n|t:|1697940538\n|move|p2a: Seviper|Sludge Bomb|p1a: Dragonite\n|-damage|p1a: Dragonite|41\/100\n|move|p1a: Dragonite|Draco Meteor|p2a: Seviper\n|-damage|p2a: Seviper|19\/100\n|-unboost|p1a: Dragonite|spa|2\n|\n|upkeep\n|turn|5\n|\n|t:|1697940548\n|move|p2a: Seviper|Sludge Bomb|p1a: Dragonite\n|-damage|p1a: Dragonite|3\/100\n|-status|p1a: Dragonite|psn\n|move|p1a: Dragonite|Dragon Rush|p2a: Seviper|[miss]\n|-miss|p1a: Dragonite|p2a: Seviper\n|\n|-damage|p1a: Dragonite|0 fnt|[from] psn\n|faint|p1a: Dragonite\n|upkeep\n|\n|t:|1697940558\n|switch|p1a: Pikachu|Pikachu, M|100\/100\n|turn|6\n|\n|t:|1697940567\n|move|p1a: Pikachu|Iron Tail|p2a: Seviper\n|-damage|p2a: Seviper|0 fnt\n|faint|p2a: Seviper\n|\n|upkeep\n|\n|t:|1697940572\n|switch|p2a: Seviper|Seviper, F|100\/100\n|turn|7\n|\n|t:|1697940581\n|-terastallize|p1a: Pikachu|Electric\n|move|p1a: Pikachu|Iron Tail|p2a: Seviper|[miss]\n|-miss|p1a: Pikachu|p2a: Seviper\n|move|p2a: Seviper|Earthquake|p1a: Pikachu\n|-supereffective|p1a: Pikachu\n|-damage|p1a: Pikachu|0 fnt\n|faint|p1a: Pikachu\n|\n|upkeep\n|\n|t:|1697940589\n|switch|p1a: Ninetales|Ninetales, F|100\/100\n|-weather|SunnyDay|[from] ability: Drought|[of] p1a: Ninetales\n|turn|8\n|\n|t:|1697940594\n|move|p1a: Ninetales|Fire Blast|p2a: Seviper\n|-damage|p2a: Seviper|32\/100\n|-status|p2a: Seviper|brn\n|move|p2a: Seviper|Earthquake|p1a: Ninetales\n|-supereffective|p1a: Ninetales\n|-crit|p1a: Ninetales\n|-damage|p1a: Ninetales|39\/100\n|\n|-weather|SunnyDay|[upkeep]\n|-activate|p2a: Seviper|ability: Shed Skin\n|-curestatus|p2a: Seviper|brn|[msg]\n|upkeep\n|turn|9\n|\n|t:|1697940605\n|move|p1a: Ninetales|Flamethrower|p2a: Seviper\n|-damage|p2a: Seviper|0 fnt\n|faint|p2a: Seviper\n|\n|-weather|SunnyDay|[upkeep]\n|upkeep\n|\n|t:|1697940617\n|switch|p2a: Seviper|Seviper, F|100\/100\n|turn|10\n|\n|t:|1697940622\n|move|p1a: Ninetales|Fire Blast|p2a: Seviper\n|-damage|p2a: Seviper|35\/100\n|move|p2a: Seviper|Sludge Bomb|p1a: Ninetales\n|-damage|p1a: Ninetales|0 fnt\n|faint|p1a: Ninetales\n|\n|-weather|SunnyDay|[upkeep]\n|upkeep\n|\n|t:|1697940632\n|switch|p1a: Golduck|Golduck, F|100\/100\n|-ability|p1a: Golduck|Cloud Nine\n|turn|11\n|\n|t:|1697940637\n|move|p1a: Golduck|Ice Beam|p2a: Seviper\n|-damage|p2a: Seviper|11\/100\n|move|p2a: Seviper|Sludge Bomb|p1a: Golduck\n|-damage|p1a: Golduck|13\/100\n|-status|p1a: Golduck|psn\n|\n|-weather|SunnyDay|[upkeep]\n|-damage|p1a: Golduck|1\/100 psn|[from] psn\n|upkeep\n|turn|12\n|\n|t:|1697940646\n|move|p1a: Golduck|Ice Beam|p2a: Seviper\n|-damage|p2a: Seviper|0 fnt\n|faint|p2a: Seviper\n|\n|-weather|none\n|-damage|p1a: Golduck|0 fnt|[from] psn\n|faint|p1a: Golduck\n|upkeep\n|\n|t:|1697940654\n|switch|p1a: Snorlax|Snorlax, M|13\/100\n|switch|p2a: Seviper|Seviper, M|100\/100\n|turn|13\n|\n|t:|1697940659\n|move|p2a: Seviper|Sludge Bomb|p1a: Snorlax\n|-crit|p1a: Snorlax\n|-damage|p1a: Snorlax|0 fnt\n|faint|p1a: Snorlax\n|\n|upkeep\n|\n|t:|1697940664\n|switch|p1a: Scyther|Scyther, M|100\/100\n|turn|14\n|\n|t:|1697940672\n|move|p1a: Scyther|X-Scissor|p2a: Seviper\n|-resisted|p2a: Seviper\n|-damage|p2a: Seviper|64\/100\n|move|p2a: Seviper|Glare|p1a: Scyther\n|-status|p1a: Scyther|par\n|\n|upkeep\n|turn|15\n|\n|t:|1697940679\n|-terastallize|p2a: Seviper|Flying\n|move|p2a: Seviper|Tera Blast|p1a: Scyther|[anim] Tera Blast Flying\n|-supereffective|p1a: Scyther\n|-damage|p1a: Scyther|0 fnt\n|faint|p1a: Scyther\n|\n|win|Shelmett\n|raw|meloninnamelon's rating: 1000 &rarr; <strong>1000<\/strong><br \/>(+0 for losing)\n|raw|Shelmett's rating: 1044 &rarr; <strong>1073<\/strong><br \/>(+29 for winning)\n|c|\u2606Shelmett|gg\n","uploadtime":1697940685,"views":10,"p1id":"meloninnamelon","p2id":"shelmett","formatid":"gen9anythinggoes","rating":1000,"private":0,"password":""}