{"id":"gen9anythinggoes-1981991346","p1":"Extendozebra7","p2":"Model Niko Niko Ni","format":"[Gen 9] Anything Goes","log":"|j|\u2606Extendozebra7\n|j|\u2606Model Niko Niko Ni\n|t:|1698957694\n|gametype|singles\n|player|p1|Extendozebra7|gambler|1235\n|player|p2|Model Niko Niko Ni|dawn|1230\n|teamsize|p1|5\n|teamsize|p2|6\n|gen|9\n|tier|[Gen 9] Anything Goes\n|rated|\n|rule|HP Percentage Mod: HP is shown in percentages\n|rule|Endless Battle Clause: Forcing endless battles is banned\n|clearpoke\n|poke|p1|Jirachi|\n|poke|p1|Rotom-Frost|\n|poke|p1|Ditto|\n|poke|p1|Seviper, F|\n|poke|p1|Primeape, M|\n|poke|p2|Ursaluna-Bloodmoon, M|\n|poke|p2|Rillaboom, M|\n|poke|p2|Clefable, F|\n|poke|p2|Glimmora, M|\n|poke|p2|Roaring Moon|\n|poke|p2|Skeledirge, F|\n|teampreview\n|inactive|Battle timer is ON: inactive players will automatically lose when time's up. (requested by Extendozebra7)\n|\n|t:|1698957709\n|start\n|switch|p1a: Ditto|Ditto|100\/100\n|switch|p2a: Glimmora|Glimmora, M|100\/100\n|-transform|p1a: Ditto|p2a: Glimmora|[from] ability: Imposter\n|turn|1\n|\n|t:|1698957740\n|move|p1a: Ditto|Spikes|p2a: Glimmora\n|-sidestart|p2: Model Niko Niko Ni|Spikes\n|move|p2a: Glimmora|Stealth Rock|p1a: Ditto\n|-sidestart|p1: Extendozebra7|move: Stealth Rock\n|\n|upkeep\n|turn|2\n|\n|t:|1698957748\n|switch|p1a: Jirachi|Jirachi|100\/100\n|-damage|p1a: Jirachi|94\/100|[from] Stealth Rock\n|move|p2a: Glimmora|Mortal Spin|p1a: Jirachi\n|-immune|p1a: Jirachi\n|\n|upkeep\n|turn|3\n|\n|t:|1698957757\n|switch|p2a: Clefable|Clefable, F|100\/100\n|move|p1a: Jirachi|Wish|p1a: Jirachi\n|\n|upkeep\n|turn|4\n|\n|t:|1698957764\n|move|p1a: Jirachi|Flash Cannon|p2a: Clefable\n|-supereffective|p2a: Clefable\n|-damage|p2a: Clefable|32\/100\n|-unboost|p2a: Clefable|spd|1\n|move|p2a: Clefable|Flamethrower|p1a: Jirachi\n|-supereffective|p1a: Jirachi\n|-damage|p1a: Jirachi|32\/100\n|-enditem|p1a: Jirachi|Weakness Policy\n|-boost|p1a: Jirachi|atk|2|[from] item: Weakness Policy\n|-boost|p1a: Jirachi|spa|2|[from] item: Weakness Policy\n|\n|-heal|p1a: Jirachi|82\/100|[from] move: Wish|[wisher] Jirachi\n|upkeep\n|turn|5\n|inactive|Model Niko Niko Ni has 120 seconds left.\n|\n|t:|1698957798\n|move|p1a: Jirachi|Flash Cannon|p2a: Clefable\n|-supereffective|p2a: Clefable\n|-damage|p2a: Clefable|0 fnt\n|faint|p2a: Clefable\n|\n|upkeep\n|\n|t:|1698957801\n|switch|p2a: Skeledirge|Skeledirge, F|100\/100\n|-damage|p2a: Skeledirge|88\/100|[from] Spikes\n|turn|6\n|\n|t:|1698957812\n|move|p1a: Jirachi|Protect|p1a: Jirachi\n|-singleturn|p1a: Jirachi|Protect\n|move|p2a: Skeledirge|Yawn|p1a: Jirachi\n|-activate|p1a: Jirachi|move: Protect\n|\n|upkeep\n|turn|7\n|\n|t:|1698957822\n|move|p1a: Jirachi|Psyshock|p2a: Skeledirge\n|-damage|p2a: Skeledirge|67\/100\n|move|p2a: Skeledirge|Yawn|p1a: Jirachi\n|-start|p1a: Jirachi|move: Yawn|[of] p2a: Skeledirge\n|\n|upkeep\n|turn|8\n|\n|t:|1698957829\n|move|p1a: Jirachi|Wish|p1a: Jirachi\n|move|p2a: Skeledirge|Torch Song|p1a: Jirachi\n|-supereffective|p1a: Jirachi\n|-damage|p1a: Jirachi|28\/100\n|-boost|p2a: Skeledirge|spa|1\n|-enditem|p2a: Skeledirge|Throat Spray\n|-boost|p2a: Skeledirge|spa|1|[from] item: Throat Spray\n|\n|-end|p1a: Jirachi|move: Yawn|[silent]\n|-status|p1a: Jirachi|slp\n|upkeep\n|turn|9\n|\n|t:|1698957840\n|cant|p1a: Jirachi|slp\n|move|p2a: Skeledirge|Torch Song|p1a: Jirachi\n|-supereffective|p1a: Jirachi\n|-damage|p1a: Jirachi|0 fnt\n|-boost|p2a: Skeledirge|spa|1\n|faint|p1a: Jirachi\n|\n|upkeep\n|\n|t:|1698957848\n|switch|p1a: Ditto|Ditto|100\/100\n|-damage|p1a: Ditto|88\/100|[from] Stealth Rock\n|-transform|p1a: Ditto|p2a: Skeledirge|[from] ability: Imposter\n|turn|10\n|\n|t:|1698957859\n|-terastallize|p2a: Skeledirge|Fairy\n|move|p1a: Ditto|Hex|p2a: Skeledirge\n|-damage|p2a: Skeledirge|41\/100\n|move|p2a: Skeledirge|Yawn|p1a: Ditto\n|-start|p1a: Ditto|move: Yawn|[of] p2a: Skeledirge\n|\n|upkeep\n|turn|11\n|\n|t:|1698957870\n|switch|p1a: Primeape|Primeape, M|100\/100\n|-damage|p1a: Primeape|95\/100|[from] Stealth Rock\n|move|p2a: Skeledirge|Hex|p1a: Primeape\n|-damage|p1a: Primeape|44\/100\n|\n|upkeep\n|turn|12\n|\n|t:|1698957882\n|move|p1a: Primeape|Rage Fist|p2a: Skeledirge\n|-damage|p2a: Skeledirge|26\/100\n|move|p2a: Skeledirge|Torch Song|p1a: Primeape\n|-damage|p1a: Primeape|0 fnt\n|-boost|p2a: Skeledirge|spa|1\n|faint|p1a: Primeape\n|\n|upkeep\n|\n|t:|1698957890\n|switch|p1a: Ditto|Ditto|88\/100\n|-damage|p1a: Ditto|76\/100|[from] Stealth Rock\n|-transform|p1a: Ditto|p2a: Skeledirge|[from] ability: Imposter\n|-start|p1a: Ditto|typechange|Fire\/Ghost|[silent]\n|turn|13\n|\n|t:|1698957897\n|switch|p2a: Ursaluna|Ursaluna-Bloodmoon, M|100\/100\n|-damage|p2a: Ursaluna|88\/100|[from] Spikes\n|move|p1a: Ditto|Torch Song|p2a: Ursaluna\n|-damage|p2a: Ursaluna|0 fnt\n|-boost|p1a: Ditto|spa|1\n|faint|p2a: Ursaluna\n|\n|upkeep\n|\n|t:|1698957905\n|switch|p2a: Roaring Moon|Roaring Moon|100\/100\n|-damage|p2a: Roaring Moon|88\/100|[from] Spikes\n|-enditem|p2a: Roaring Moon|Booster Energy\n|-activate|p2a: Roaring Moon|ability: Protosynthesis|[fromitem]\n|-start|p2a: Roaring Moon|protosynthesisatk\n|turn|14\n|\n|t:|1698957917\n|-terastallize|p1a: Ditto|Normal\n|move|p2a: Roaring Moon|Knock Off|p1a: Ditto\n|-damage|p1a: Ditto|20\/100\n|-enditem|p1a: Ditto|Choice Scarf|[from] move: Knock Off|[of] p2a: Roaring Moon\n|move|p1a: Ditto|Torch Song|p2a: Roaring Moon\n|-resisted|p2a: Roaring Moon\n|-damage|p2a: Roaring Moon|40\/100\n|-boost|p1a: Ditto|spa|1\n|\n|upkeep\n|turn|15\n|\n|t:|1698957932\n|move|p1a: Ditto|Protect|p1a: Ditto\n|-singleturn|p1a: Ditto|Protect\n|move|p2a: Roaring Moon|Acrobatics|p1a: Ditto\n|-activate|p1a: Ditto|move: Protect\n|\n|upkeep\n|turn|16\n|\n|t:|1698957938\n|move|p2a: Roaring Moon|Acrobatics|p1a: Ditto\n|-damage|p1a: Ditto|0 fnt\n|faint|p1a: Ditto\n|\n|upkeep\n|\n|t:|1698957956\n|switch|p1a: Rotom|Rotom-Frost|100\/100\n|-damage|p1a: Rotom|76\/100|[from] Stealth Rock\n|turn|17\n|c|\u2606Model Niko Niko Ni|Ditto scarf is the cheapest shit next to full ditto teams and legendary spamming godddddddddddd that shit made my head pulse\n|c|\u2606Model Niko Niko Ni|lol\n|inactive|Model Niko Niko Ni has 120 seconds left.\n|\n|t:|1698957990\n|move|p2a: Roaring Moon|Knock Off|p1a: Rotom\n|-damage|p1a: Rotom|2\/100\n|-enditem|p1a: Rotom|Bright Powder|[from] move: Knock Off|[of] p2a: Roaring Moon\n|move|p1a: Rotom|Double Team|p1a: Rotom\n|-boost|p1a: Rotom|evasion|1\n|\n|upkeep\n|turn|18\n|c|\u2606Model Niko Niko Ni|OH HELLLL NAH\n|\n|t:|1698958006\n|move|p2a: Roaring Moon|Acrobatics|p1a: Rotom\n|-resisted|p1a: Rotom\n|-damage|p1a: Rotom|0 fnt\n|faint|p1a: Rotom\n|\n|upkeep\n|\n|t:|1698958013\n|switch|p1a: Seviper|Seviper, F|100\/100\n|-damage|p1a: Seviper|88\/100|[from] Stealth Rock\n|turn|19\n|\n|t:|1698958031\n|move|p2a: Roaring Moon|Knock Off|p1a: Seviper\n|-crit|p1a: Seviper\n|-damage|p1a: Seviper|0 fnt\n|-enditem|p1a: Seviper|Choice Band|[from] move: Knock Off|[of] p2a: Roaring Moon\n|faint|p1a: Seviper\n|\n|win|Model Niko Niko Ni\n|raw|Extendozebra7's rating: 1235 &rarr; <strong>1210<\/strong><br \/>(-25 for losing)\n|raw|Model Niko Niko Ni's rating: 1230 &rarr; <strong>1255<\/strong><br \/>(+25 for winning)\n","uploadtime":1698957980,"views":5,"p1id":"extendozebra7","p2id":"modelnikonikoni","formatid":"gen9anythinggoes","rating":1210,"private":0,"password":""}