{"id":"gen9anythinggoes-1977573223","p1":"Glistering Aeon","p2":"pollinosis","format":"[Gen 9] Anything Goes","log":"|j|\u2606Glistering Aeon\n|j|\u2606pollinosis\n|t:|1698428459\n|gametype|singles\n|player|p1|Glistering Aeon|winona|\n|player|p2|pollinosis|candice|\n|teamsize|p1|6\n|teamsize|p2|6\n|gen|9\n|tier|[Gen 9] Anything Goes\n|rule|HP Percentage Mod: HP is shown in percentages\n|rule|Endless Battle Clause: Forcing endless battles is banned\n|clearpoke\n|poke|p1|Kingambit, M|\n|poke|p1|Baxcalibur, M|\n|poke|p1|Crocalor, M|\n|poke|p1|Azelf|\n|poke|p1|Regieleki|\n|poke|p1|Articuno-Galar|\n|poke|p2|Hippowdon, M|\n|poke|p2|Meowscarada, M|\n|poke|p2|Rotom-Fan|\n|poke|p2|Glimmora, F|\n|poke|p2|Staraptor, M|\n|poke|p2|Arcanine, M|\n|teampreview\n|j| PorygonTheBot\n|c| PorygonTheBot|Porygon has digitized into the match... booting up... successfully calibrating stats!\n|c|\u2606pollinosis|glhf\n|j| Sigtrick\n|c|\u2606Glistering Aeon|glhf\n|\n|t:|1698428517\n|start\n|switch|p1a: Azelf|Azelf|100\/100\n|switch|p2a: Green|Meowscarada, M|100\/100\n|turn|1\n|\n|t:|1698428528\n|move|p1a: Azelf|U-turn|p2a: Green\n|-supereffective|p2a: Green\n|-enditem|p2a: Green|Focus Sash\n|-damage|p2a: Green|1\/100\n|j| SacredTomba\n|\n|t:|1698428548\n|switch|p1a: Kingambit|Kingambit, M|100\/100|[from] U-turn\n|-item|p1a: Kingambit|Air Balloon\n|move|p2a: Green|Flower Trick|p1a: Kingambit\n|-start|p2a: Green|typechange|Grass|[from] ability: Protean\n|-resisted|p1a: Kingambit\n|-crit|p1a: Kingambit\n|-damage|p1a: Kingambit|83\/100\n|-enditem|p1a: Kingambit|Air Balloon\n|\n|upkeep\n|turn|2\n|\n|t:|1698428564\n|-end|p1a: Kingambit|fallenundefined|[silent]\n|switch|p1a: Articuno|Articuno-Galar|100\/100\n|move|p2a: Green|Low Kick|p1a: Articuno\n|-resisted|p1a: Articuno\n|-damage|p1a: Articuno|93\/100\n|\n|upkeep\n|turn|3\n|j| Kaiokaner\n|\n|t:|1698428579\n|switch|p1a: Kingambit|Kingambit, M|83\/100\n|move|p2a: Green|Power Gem|p1a: Kingambit\n|-resisted|p1a: Kingambit\n|-damage|p1a: Kingambit|75\/100\n|\n|upkeep\n|turn|4\n|\n|t:|1698428584\n|move|p2a: Green|Sucker Punch|p1a: Kingambit\n|-resisted|p1a: Kingambit\n|-damage|p1a: Kingambit|68\/100\n|move|p1a: Kingambit|Sucker Punch||[still]\n|-fail|p1a: Kingambit\n|\n|upkeep\n|turn|5\n|\n|t:|1698428592\n|switch|p2a: Was Doing Tasks|Hippowdon, M|100\/100\n|-weather|Sandstorm|[from] ability: Sand Stream|[of] p2a: Was Doing Tasks\n|move|p1a: Kingambit|Sucker Punch||[still]\n|-fail|p1a: Kingambit\n|\n|-weather|Sandstorm|[upkeep]\n|upkeep\n|turn|6\n|\n|t:|1698428603\n|-end|p1a: Kingambit|fallenundefined|[silent]\n|switch|p1a: Regieleki|Regieleki|100\/100\n|move|p2a: Was Doing Tasks|Stealth Rock|p1a: Regieleki\n|-sidestart|p1: Glistering Aeon|move: Stealth Rock\n|\n|-weather|Sandstorm|[upkeep]\n|-damage|p1a: Regieleki|94\/100|[from] Sandstorm\n|upkeep\n|turn|7\n|\n|t:|1698428608\n|move|p1a: Regieleki|Reflect|p1a: Regieleki\n|-sidestart|p1: Glistering Aeon|Reflect\n|move|p2a: Was Doing Tasks|Whirlwind|p1a: Regieleki\n|drag|p1a: Baxcalibur|Baxcalibur, M|100\/100\n|-damage|p1a: Baxcalibur|76\/100|[from] Stealth Rock\n|\n|-weather|Sandstorm|[upkeep]\n|-damage|p1a: Baxcalibur|70\/100|[from] Sandstorm\n|upkeep\n|turn|8\n|\n|t:|1698428619\n|switch|p2a: Blue (Crewmate)|Glimmora, F|100\/100\n|move|p1a: Baxcalibur|Icicle Spear|p2a: Blue (Crewmate)\n|-damage|p2a: Blue (Crewmate)|83\/100\n|-activate|p2a: Blue (Crewmate)|ability: Toxic Debris\n|-sidestart|p1: Glistering Aeon|move: Toxic Spikes\n|-damage|p2a: Blue (Crewmate)|65\/100\n|-activate|p2a: Blue (Crewmate)|ability: Toxic Debris\n|-sidestart|p1: Glistering Aeon|move: Toxic Spikes\n|-damage|p2a: Blue (Crewmate)|50\/100\n|-damage|p2a: Blue (Crewmate)|34\/100\n|-hitcount|p2a: Blue (Crewmate)|4\n|\n|-weather|Sandstorm|[upkeep]\n|-damage|p1a: Baxcalibur|63\/100|[from] Sandstorm\n|upkeep\n|turn|9\n|\n|t:|1698428644\n|switch|p1a: Kingambit|Kingambit, M|68\/100\n|-damage|p1a: Kingambit|62\/100|[from] Stealth Rock\n|switch|p2a: Impostor \ud83d\ude08|Arcanine, M|100\/100\n|-ability|p2a: Impostor \ud83d\ude08|Intimidate|boost\n|-unboost|p1a: Kingambit|atk|1\n|\n|-weather|none\n|upkeep\n|turn|10\n|c| Kaiokaner|oh my god its an among us team\n|\n|t:|1698428704\n|-end|p1a: Kingambit|fallenundefined|[silent]\n|switch|p1a: Azelf|Azelf|100\/100\n|-damage|p1a: Azelf|88\/100|[from] Stealth Rock\n|move|p2a: Impostor \ud83d\ude08|Flare Blitz|p1a: Azelf\n|-damage|p1a: Azelf|28\/100\n|-damage|p2a: Impostor \ud83d\ude08|84\/100|[from] Recoil\n|\n|upkeep\n|turn|11\n|\n|t:|1698428725\n|switch|p2a: Green|Meowscarada, M|1\/100\n|move|p1a: Azelf|Psychic|p2a: Green\n|-immune|p2a: Green\n|\n|upkeep\n|turn|12\n|\n|t:|1698428749\n|switch|p1a: Kingambit|Kingambit, M|62\/100\n|-damage|p1a: Kingambit|56\/100|[from] Stealth Rock\n|move|p2a: Green|Low Kick|p1a: Kingambit\n|-start|p2a: Green|typechange|Fighting|[from] ability: Protean\n|-supereffective|p1a: Kingambit\n|-damage|p1a: Kingambit|0 fnt\n|faint|p1a: Kingambit\n|-end|p1a: Kingambit|fallenundefined|[silent]\n|\n|upkeep\n|\n|t:|1698428752\n|switch|p1a: Regieleki|Regieleki|94\/100\n|-damage|p1a: Regieleki|82\/100|[from] Stealth Rock\n|-status|p1a: Regieleki|tox\n|turn|13\n|\n|t:|1698428765\n|move|p2a: Green|Sucker Punch|p1a: Regieleki\n|-damage|p1a: Regieleki|69\/100 tox\n|move|p1a: Regieleki|Rapid Spin|p2a: Green\n|-damage|p2a: Green|0 fnt\n|-boost|p1a: Regieleki|spe|1\n|-sideend|p1: Glistering Aeon|Toxic Spikes|[from] move: Rapid Spin|[of] p1a: Regieleki\n|-sideend|p1: Glistering Aeon|Stealth Rock|[from] move: Rapid Spin|[of] p1a: Regieleki\n|faint|p2a: Green\n|\n|-damage|p1a: Regieleki|63\/100 tox|[from] psn\n|upkeep\n|\n|t:|1698428769\n|switch|p2a: Was Doing Tasks|Hippowdon, M|100\/100\n|-weather|Sandstorm|[from] ability: Sand Stream|[of] p2a: Was Doing Tasks\n|turn|14\n|\n|t:|1698428780\n|switch|p1a: Azelf|Azelf|28\/100\n|move|p2a: Was Doing Tasks|Stealth Rock|p1a: Azelf\n|-sidestart|p1: Glistering Aeon|move: Stealth Rock\n|\n|-weather|Sandstorm|[upkeep]\n|-damage|p1a: Azelf|22\/100|[from] Sandstorm\n|-sideend|p1: Glistering Aeon|Reflect\n|upkeep\n|turn|15\n|\n|t:|1698428792\n|switch|p2a: Red (sus)|Rotom-Fan, shiny|100\/100\n|move|p1a: Azelf|Trick|p2a: Red (sus)\n|-activate|p1a: Azelf|move: Trick|[of] p2a: Red (sus)\n|-item|p2a: Red (sus)|Choice Scarf|[from] move: Trick\n|-item|p1a: Azelf|Choice Scarf|[from] move: Trick\n|\n|-weather|Sandstorm|[upkeep]\n|-damage|p1a: Azelf|16\/100|[from] Sandstorm\n|-damage|p2a: Red (sus)|94\/100|[from] Sandstorm\n|upkeep\n|turn|16\n|c| Kaiokaner|LOL\n|c|\u2606Glistering Aeon|Pleasure doing business\n|c| Kaiokaner|what a fair trade\n|c|\u2606pollinosis|hand shake emoji\n|\n|t:|1698428819\n|-terastallize|p2a: Red (sus)|Steel\n|move|p1a: Azelf|Psychic|p2a: Red (sus)\n|-resisted|p2a: Red (sus)\n|-damage|p2a: Red (sus)|68\/100\n|move|p2a: Red (sus)|Volt Switch|p1a: Azelf\n|-damage|p1a: Azelf|0 fnt\n|faint|p1a: Azelf\n|\n|t:|1698428833\n|switch|p2a: Was Doing Tasks|Hippowdon, M|100\/100|[from] Volt Switch\n|\n|-weather|Sandstorm|[upkeep]\n|upkeep\n|\n|t:|1698428876\n|switch|p1a: Baxcalibur|Baxcalibur, M|63\/100\n|-damage|p1a: Baxcalibur|39\/100|[from] Stealth Rock\n|turn|17\n|\n|t:|1698428882\n|move|p1a: Baxcalibur|Dragon Dance|p1a: Baxcalibur\n|-boost|p1a: Baxcalibur|atk|1\n|-boost|p1a: Baxcalibur|spe|1\n|move|p2a: Was Doing Tasks|Earthquake|p1a: Baxcalibur\n|-damage|p1a: Baxcalibur|0 fnt\n|faint|p1a: Baxcalibur\n|\n|-weather|Sandstorm|[upkeep]\n|upkeep\n|\n|t:|1698428886\n|switch|p1a: Crocalor|Crocalor, M|100\/100\n|-damage|p1a: Crocalor|76\/100|[from] Stealth Rock\n|turn|18\n|\n|t:|1698428902\n|move|p1a: Crocalor|Slack Off|p1a: Crocalor\n|-heal|p1a: Crocalor|100\/100\n|move|p2a: Was Doing Tasks|Whirlwind|p1a: Crocalor\n|drag|p1a: Articuno|Articuno-Galar|93\/100\n|-damage|p1a: Articuno|68\/100|[from] Stealth Rock\n|\n|-weather|none\n|upkeep\n|turn|19\n|\n|t:|1698428930\n|switch|p2a: Red (sus)|Rotom-Fan, shiny, tera:Steel|68\/100\n|move|p1a: Articuno|Agility|p1a: Articuno\n|-boost|p1a: Articuno|spe|2\n|\n|upkeep\n|turn|20\n|\n|t:|1698428999\n|switch|p1a: Regieleki|Regieleki|63\/100 tox\n|-damage|p1a: Regieleki|50\/100 tox|[from] Stealth Rock\n|move|p2a: Red (sus)|Trick|p1a: Regieleki\n|-activate|p2a: Red (sus)|move: Trick|[of] p1a: Regieleki\n|-item|p1a: Regieleki|Choice Scarf|[from] move: Trick\n|-item|p2a: Red (sus)|Light Clay|[from] move: Trick\n|\n|-damage|p1a: Regieleki|44\/100 tox|[from] psn\n|upkeep\n|turn|21\n|\n|t:|1698429015\n|switch|p2a: Blue (Crewmate)|Glimmora, F|34\/100\n|move|p1a: Regieleki|Reflect|p1a: Regieleki\n|-sidestart|p1: Glistering Aeon|Reflect\n|\n|-damage|p1a: Regieleki|32\/100 tox|[from] psn\n|upkeep\n|turn|22\n|\n|t:|1698429022\n|move|p1a: Regieleki|Reflect||[still]\n|-fail|p1a: Regieleki\n|move|p2a: Blue (Crewmate)|Power Gem|p1a: Regieleki\n|-damage|p1a: Regieleki|0 fnt\n|faint|p1a: Regieleki\n|\n|upkeep\n|\n|t:|1698429031\n|switch|p1a: Articuno|Articuno-Galar|68\/100\n|-damage|p1a: Articuno|43\/100|[from] Stealth Rock\n|turn|23\n|\n|t:|1698429039\n|switch|p2a: Red (sus)|Rotom-Fan, shiny, tera:Steel|68\/100\n|-terastallize|p1a: Articuno|Fairy\n|move|p1a: Articuno|Calm Mind|p1a: Articuno\n|-boost|p1a: Articuno|spa|1\n|-boost|p1a: Articuno|spd|1\n|\n|upkeep\n|turn|24\n|\n|t:|1698429071\n|move|p1a: Articuno|Agility|p1a: Articuno\n|-boost|p1a: Articuno|spe|2\n|move|p2a: Red (sus)|Tera Blast|p1a: Articuno|[anim] Tera Blast Steel\n|-supereffective|p1a: Articuno\n|-damage|p1a: Articuno|0 fnt\n|faint|p1a: Articuno\n|\n|upkeep\n|\n|t:|1698429074\n|switch|p1a: Crocalor|Crocalor, M|100\/100\n|-damage|p1a: Crocalor|76\/100|[from] Stealth Rock\n|turn|25\n|c|\u2606Glistering Aeon|gg\n|\n|t:|1698429088\n|move|p2a: Red (sus)|Trick|p1a: Crocalor\n|-activate|p2a: Red (sus)|move: Trick|[of] p1a: Crocalor\n|-item|p1a: Crocalor|Light Clay|[from] move: Trick\n|-item|p2a: Red (sus)|Eviolite|[from] move: Trick\n|move|p1a: Crocalor|Flamethrower|p2a: Red (sus)\n|-supereffective|p2a: Red (sus)\n|-damage|p2a: Red (sus)|5\/100\n|\n|-sideend|p1: Glistering Aeon|Reflect\n|upkeep\n|turn|26\n|\n|t:|1698429094\n|move|p2a: Red (sus)|Volt Switch|p1a: Crocalor\n|-damage|p1a: Crocalor|26\/100\n|\n|t:|1698429096\n|switch|p2a: Blue (Crewmate)|Glimmora, F|34\/100|[from] Volt Switch\n|move|p1a: Crocalor|Flamethrower|p2a: Blue (Crewmate)\n|-resisted|p2a: Blue (Crewmate)\n|-damage|p2a: Blue (Crewmate)|14\/100\n|\n|upkeep\n|turn|27\n|\n|t:|1698429103\n|move|p2a: Blue (Crewmate)|Power Gem|p1a: Crocalor\n|-supereffective|p1a: Crocalor\n|-damage|p1a: Crocalor|0 fnt\n|faint|p1a: Crocalor\n|\n|win|pollinosis\n|c|\u2606pollinosis|gg\n|l| PorygonTheBot\n","uploadtime":1698429104,"views":27,"p1id":"glisteringaeon","p2id":"pollinosis","formatid":"gen9anythinggoes","rating":0,"private":0,"password":""}