{"id":"gen9anythinggoes-1971649900","p1":"TIKIMAN_Yo","p2":"YoungEsq","format":"[Gen 9] Anything Goes","log":"|j|\u2606TIKIMAN_Yo\n|j|\u2606YoungEsq\n|t:|1697757184\n|gametype|singles\n|player|p1|TIKIMAN_Yo|2|1289\n|player|p2|YoungEsq|2|1392\n|teamsize|p1|6\n|teamsize|p2|6\n|gen|9\n|tier|[Gen 9] Anything Goes\n|rated|\n|rule|HP Percentage Mod: HP is shown in percentages\n|rule|Endless Battle Clause: Forcing endless battles is banned\n|clearpoke\n|poke|p1|Espeon, M|\n|poke|p1|Hatterene, F|\n|poke|p1|Darkrai|\n|poke|p1|Dialga-Origin|\n|poke|p1|Shaymin-Sky|\n|poke|p1|Mewtwo|\n|poke|p2|Ting-Lu|\n|poke|p2|Gholdengo|\n|poke|p2|Roaring Moon|\n|poke|p2|Chi-Yu|\n|poke|p2|Samurott-Hisui, F|\n|poke|p2|Mandibuzz, F|\n|teampreview\n|inactive|Battle timer is ON: inactive players will automatically lose when time's up. (requested by YoungEsq)\n|\n|t:|1697757187\n|start\n|switch|p1a: Espeon|Espeon, M, shiny|100\/100\n|switch|p2a: Ting-Lu|Ting-Lu|100\/100\n|-ability|p2a: Ting-Lu|Vessel of Ruin\n|turn|1\n|\n|t:|1697757217\n|move|p1a: Espeon|Light Screen|p1a: Espeon\n|-sidestart|p1: TIKIMAN_Yo|move: Light Screen\n|move|p2a: Ting-Lu|Ruination|p1a: Espeon\n|-damage|p1a: Espeon|50\/100\n|\n|upkeep\n|turn|2\n|\n|t:|1697757222\n|move|p1a: Espeon|Reflect|p1a: Espeon\n|-sidestart|p1: TIKIMAN_Yo|Reflect\n|move|p2a: Ting-Lu|Ruination|p1a: Espeon\n|-damage|p1a: Espeon|26\/100\n|\n|upkeep\n|turn|3\n|\n|t:|1697757235\n|switch|p1a: Dialga|Dialga-Origin|100\/100\n|-ability|p1a: Dialga|Pressure\n|move|p2a: Ting-Lu|Earthquake|p1a: Dialga\n|-supereffective|p1a: Dialga\n|-damage|p1a: Dialga|73\/100\n|\n|upkeep\n|turn|4\n|\n|t:|1697757245\n|move|p2a: Ting-Lu|Ruination|p1a: Dialga\n|-damage|p1a: Dialga|37\/100\n|move|p1a: Dialga|Dragon Tail|p2a: Ting-Lu\n|-damage|p2a: Ting-Lu|89\/100\n|drag|p2a: Gholdengo|Gholdengo|100\/100\n|-item|p2a: Gholdengo|Air Balloon\n|\n|upkeep\n|turn|5\n|\n|t:|1697757262\n|move|p1a: Dialga|Thunder Wave|p2a: Gholdengo\n|-immune|p2a: Gholdengo|[from] ability: Good as Gold\n|move|p2a: Gholdengo|Shadow Ball|p1a: Dialga\n|-damage|p1a: Dialga|20\/100\n|\n|upkeep\n|turn|6\n|\n|t:|1697757271\n|move|p2a: Gholdengo|Nasty Plot|p2a: Gholdengo\n|-boost|p2a: Gholdengo|spa|2\n|move|p1a: Dialga|Dragon Tail|p2a: Gholdengo\n|-resisted|p2a: Gholdengo\n|-damage|p2a: Gholdengo|87\/100\n|-enditem|p2a: Gholdengo|Air Balloon\n|drag|p2a: Mandibuzz|Mandibuzz, F|100\/100\n|\n|upkeep\n|turn|7\n|\n|t:|1697757281\n|move|p1a: Dialga|Thunder Wave|p2a: Mandibuzz\n|-status|p2a: Mandibuzz|par\n|move|p2a: Mandibuzz|Foul Play|p1a: Dialga\n|-damage|p1a: Dialga|10\/100\n|\n|upkeep\n|turn|8\n|\n|t:|1697757291\n|move|p1a: Dialga|Roar of Time|p2a: Mandibuzz\n|-damage|p2a: Mandibuzz|43\/100 par\n|-mustrecharge|p1a: Dialga\n|move|p2a: Mandibuzz|Foul Play|p1a: Dialga\n|-damage|p1a: Dialga|0 fnt\n|faint|p1a: Dialga\n|\n|-sideend|p1: TIKIMAN_Yo|move: Light Screen\n|upkeep\n|\n|t:|1697757302\n|switch|p1a: Espeon|Espeon, M, shiny|26\/100\n|turn|9\n|\n|t:|1697757307\n|move|p1a: Espeon|Light Screen|p1a: Espeon\n|-sidestart|p1: TIKIMAN_Yo|move: Light Screen\n|move|p2a: Mandibuzz|Foul Play|p1a: Espeon\n|-supereffective|p1a: Espeon\n|-damage|p1a: Espeon|0 fnt\n|faint|p1a: Espeon\n|\n|-sideend|p1: TIKIMAN_Yo|Reflect\n|upkeep\n|\n|t:|1697757317\n|switch|p1a: Shaymin|Shaymin-Sky|100\/100\n|turn|10\n|\n|t:|1697757321\n|move|p1a: Shaymin|Air Slash|p2a: Mandibuzz\n|-damage|p2a: Mandibuzz|21\/100 par\n|cant|p2a: Mandibuzz|flinch\n|\n|upkeep\n|turn|11\n|\n|t:|1697757326\n|move|p1a: Shaymin|Air Slash|p2a: Mandibuzz\n|-damage|p2a: Mandibuzz|0 fnt\n|faint|p2a: Mandibuzz\n|\n|upkeep\n|\n|t:|1697757344\n|switch|p2a: Chi-Yu|Chi-Yu|100\/100\n|-ability|p2a: Chi-Yu|Beads of Ruin\n|turn|12\n|\n|t:|1697757362\n|switch|p2a: Ting-Lu|Ting-Lu|89\/100\n|-ability|p2a: Ting-Lu|Vessel of Ruin\n|move|p1a: Shaymin|Earth Power|p2a: Ting-Lu\n|-damage|p2a: Ting-Lu|75\/100\n|\n|-heal|p2a: Ting-Lu|82\/100|[from] item: Leftovers\n|upkeep\n|turn|13\n|\n|t:|1697757373\n|move|p1a: Shaymin|Seed Flare|p2a: Ting-Lu\n|-supereffective|p2a: Ting-Lu\n|-damage|p2a: Ting-Lu|31\/100\n|-unboost|p2a: Ting-Lu|spd|2\n|move|p2a: Ting-Lu|Stealth Rock|p1a: Shaymin\n|-sidestart|p1: TIKIMAN_Yo|move: Stealth Rock\n|\n|-heal|p2a: Ting-Lu|38\/100|[from] item: Leftovers\n|upkeep\n|turn|14\n|\n|t:|1697757383\n|switch|p2a: Gholdengo|Gholdengo|87\/100\n|move|p1a: Shaymin|Seed Flare|p2a: Gholdengo\n|-resisted|p2a: Gholdengo\n|-damage|p2a: Gholdengo|47\/100\n|-unboost|p2a: Gholdengo|spd|2\n|\n|upkeep\n|turn|15\n|\n|t:|1697757392\n|move|p1a: Shaymin|Seed Flare|p2a: Gholdengo|[miss]\n|-miss|p1a: Shaymin|p2a: Gholdengo\n|move|p2a: Gholdengo|Recover|p2a: Gholdengo\n|-heal|p2a: Gholdengo|97\/100\n|\n|upkeep\n|turn|16\n|\n|t:|1697757405\n|switch|p2a: Ting-Lu|Ting-Lu|38\/100\n|-ability|p2a: Ting-Lu|Vessel of Ruin\n|move|p1a: Shaymin|Seed Flare|p2a: Ting-Lu\n|-supereffective|p2a: Ting-Lu\n|-damage|p2a: Ting-Lu|0 fnt\n|faint|p2a: Ting-Lu\n|\n|-sideend|p1: TIKIMAN_Yo|move: Light Screen\n|upkeep\n|\n|t:|1697757413\n|switch|p2a: Chi-Yu|Chi-Yu|100\/100\n|-ability|p2a: Chi-Yu|Beads of Ruin\n|turn|17\n|\n|t:|1697757419\n|move|p2a: Chi-Yu|Overheat|p1a: Shaymin|[miss]\n|-miss|p2a: Chi-Yu|p1a: Shaymin\n|move|p1a: Shaymin|Seed Flare|p2a: Chi-Yu\n|-resisted|p2a: Chi-Yu\n|-damage|p2a: Chi-Yu|61\/100\n|-unboost|p2a: Chi-Yu|spd|2\n|\n|upkeep\n|turn|18\n|\n|t:|1697757428\n|move|p2a: Chi-Yu|Overheat|p1a: Shaymin\n|-supereffective|p1a: Shaymin\n|-damage|p1a: Shaymin|0 fnt\n|-unboost|p2a: Chi-Yu|spa|2\n|faint|p1a: Shaymin\n|\n|upkeep\n|\n|t:|1697757434\n|switch|p1a: Hatterene|Hatterene, F|100\/100\n|-damage|p1a: Hatterene|88\/100|[from] Stealth Rock\n|turn|19\n|\n|t:|1697757443\n|switch|p2a: Samurott|Samurott-Hisui, F|100\/100\n|move|p1a: Hatterene|Calm Mind|p1a: Hatterene\n|-boost|p1a: Hatterene|spa|1\n|-boost|p1a: Hatterene|spd|1\n|\n|-heal|p1a: Hatterene|94\/100|[from] item: Leftovers\n|upkeep\n|turn|20\n|\n|t:|1697757464\n|-terastallize|p1a: Hatterene|Water\n|move|p2a: Samurott|Knock Off|p1a: Hatterene\n|-damage|p1a: Hatterene|57\/100\n|-enditem|p1a: Hatterene|Leftovers|[from] move: Knock Off|[of] p2a: Samurott\n|move|p1a: Hatterene|Draining Kiss|p2a: Samurott\n|-supereffective|p2a: Samurott\n|-enditem|p2a: Samurott|Roseli Berry|[eat]\n|-enditem|p2a: Samurott|Roseli Berry|[weaken]\n|-damage|p2a: Samurott|62\/100\n|-heal|p1a: Hatterene|89\/100|[from] drain|[of] p2a: Samurott\n|\n|upkeep\n|turn|21\n|\n|t:|1697757481\n|switch|p2a: Gholdengo|Gholdengo|97\/100\n|move|p1a: Hatterene|Draining Kiss|p2a: Gholdengo\n|-resisted|p2a: Gholdengo\n|-damage|p2a: Gholdengo|76\/100\n|-heal|p1a: Hatterene|100\/100|[from] drain|[of] p2a: Gholdengo\n|\n|upkeep\n|turn|22\n|\n|t:|1697757489\n|move|p2a: Gholdengo|Nasty Plot|p2a: Gholdengo\n|-boost|p2a: Gholdengo|spa|2\n|move|p1a: Hatterene|Mystical Fire|p2a: Gholdengo\n|-supereffective|p2a: Gholdengo\n|-damage|p2a: Gholdengo|2\/100\n|-unboost|p2a: Gholdengo|spa|1\n|\n|upkeep\n|turn|23\n|\n|t:|1697757497\n|move|p2a: Gholdengo|Make It Rain|p1a: Hatterene\n|-resisted|p1a: Hatterene\n|-damage|p1a: Hatterene|66\/100\n|-unboost|p2a: Gholdengo|spa|1\n|move|p1a: Hatterene|Draining Kiss|p2a: Gholdengo\n|-resisted|p2a: Gholdengo\n|-damage|p2a: Gholdengo|0 fnt\n|-heal|p1a: Hatterene|67\/100|[from] drain|[of] p2a: Gholdengo\n|faint|p2a: Gholdengo\n|\n|upkeep\n|\n|t:|1697757512\n|switch|p2a: Roaring Moon|Roaring Moon|100\/100\n|-enditem|p2a: Roaring Moon|Booster Energy\n|-activate|p2a: Roaring Moon|ability: Protosynthesis|[fromitem]\n|-start|p2a: Roaring Moon|protosynthesisatk\n|turn|24\n|\n|t:|1697757518\n|-terastallize|p2a: Roaring Moon|Flying\n|move|p2a: Roaring Moon|Dragon Dance|p2a: Roaring Moon\n|-boost|p2a: Roaring Moon|atk|1\n|-boost|p2a: Roaring Moon|spe|1\n|move|p1a: Hatterene|Draining Kiss|p2a: Roaring Moon\n|-damage|p2a: Roaring Moon|67\/100\n|-heal|p1a: Hatterene|95\/100|[from] drain|[of] p2a: Roaring Moon\n|\n|upkeep\n|turn|25\n|\n|t:|1697757532\n|move|p2a: Roaring Moon|Dragon Dance|p2a: Roaring Moon\n|-boost|p2a: Roaring Moon|atk|1\n|-boost|p2a: Roaring Moon|spe|1\n|move|p1a: Hatterene|Psyshock|p2a: Roaring Moon\n|-damage|p2a: Roaring Moon|2\/100\n|\n|upkeep\n|turn|26\n|\n|t:|1697757540\n|move|p2a: Roaring Moon|Acrobatics|p1a: Hatterene\n|-damage|p1a: Hatterene|0 fnt\n|faint|p1a: Hatterene\n|\n|upkeep\n|\n|t:|1697757549\n|switch|p1a: Mewtwo|Mewtwo, shiny|100\/100\n|-ability|p1a: Mewtwo|Unnerve\n|-damage|p1a: Mewtwo|88\/100|[from] Stealth Rock\n|turn|27\n|\n|t:|1697757558\n|move|p2a: Roaring Moon|Acrobatics|p1a: Mewtwo\n|-damage|p1a: Mewtwo|0 fnt\n|faint|p1a: Mewtwo\n|\n|upkeep\n|-message|TIKIMAN_Yo forfeited.\n|\n|win|YoungEsq\n|raw|TIKIMAN_Yo's rating: 1289 &rarr; <strong>1271<\/strong><br \/>(-18 for losing)\n|raw|YoungEsq's rating: 1392 &rarr; <strong>1406<\/strong><br \/>(+14 for winning)\n|l|\u2606TIKIMAN_Yo\n","uploadtime":1697757566,"views":9,"p1id":"tikimanyo","p2id":"youngesq","formatid":"gen9anythinggoes","rating":1271,"private":0,"password":""}