{"id":"gen9anythinggoes-1992804830","p1":"Daice","p2":"No0b69","format":"[Gen 9] Anything Goes","log":"|j|\u2606Daice\n|j|\u2606No0b69\n|t:|1700236952\n|gametype|singles\n|player|p1|Daice|iris|1045\n|player|p2|No0b69|265|1004\n|teamsize|p1|6\n|teamsize|p2|6\n|gen|9\n|tier|[Gen 9] Anything Goes\n|rated|\n|rule|HP Percentage Mod: HP is shown in percentages\n|rule|Endless Battle Clause: Forcing endless battles is banned\n|clearpoke\n|poke|p1|Cyclizar, F|\n|poke|p1|Glimmora, M|\n|poke|p1|Drifblim, F|\n|poke|p1|Espathra, F|\n|poke|p1|Armarouge, M|\n|poke|p1|Dudunsparce-*, F|\n|poke|p2|Calyrex-Shadow|\n|poke|p2|Zacian-*|\n|poke|p2|Rayquaza|\n|poke|p2|Roaring Moon|\n|poke|p2|Urshifu-*, M|\n|poke|p2|Hoopa-Unbound|\n|teampreview\n|\n|t:|1700236965\n|start\n|switch|p1a: Ore|Glimmora, M|100\/100\n|switch|p2a: Urshifu|Urshifu-Rapid-Strike, M|100\/100\n|turn|1\n|\n|t:|1700236972\n|move|p1a: Ore|Spiky Shield|p1a: Ore\n|-singleturn|p1a: Ore|move: Protect\n|move|p2a: Urshifu|Chilling Water|p1a: Ore\n|-activate|p1a: Ore|move: Protect\n|\n|upkeep\n|turn|2\n|\n|t:|1700236981\n|-terastallize|p1a: Ore|Grass\n|move|p1a: Ore|Spikes|p2a: Urshifu\n|-sidestart|p2: No0b69|Spikes\n|move|p2a: Urshifu|Chilling Water|p1a: Ore\n|-resisted|p1a: Ore\n|-damage|p1a: Ore|91\/100\n|-unboost|p1a: Ore|atk|1\n|\n|upkeep\n|turn|3\n|\n|t:|1700236988\n|-singleturn|p2a: Urshifu|move: Focus Punch\n|move|p1a: Ore|Spikes|p2a: Urshifu\n|-sidestart|p2: No0b69|Spikes\n|move|p2a: Urshifu|Focus Punch|p1a: Ore\n|-crit|p1a: Ore\n|-damage|p1a: Ore|0 fnt\n|-activate|p1a: Ore|ability: Toxic Debris\n|-sidestart|p2: No0b69|move: Toxic Spikes\n|faint|p1a: Ore\n|\n|upkeep\n|\n|t:|1700237013\n|switch|p1a: Cyclone|Cyclizar, F|100\/100\n|turn|4\n|\n|t:|1700237018\n|-singleturn|p2a: Urshifu|move: Focus Punch\n|move|p1a: Cyclone|Shed Tail|p1a: Cyclone\n|-start|p1a: Cyclone|Substitute|[from] move: Shed Tail\n|-damage|p1a: Cyclone|50\/100\n|\n|t:|1700237022\n|switch|p1a: Bloon|Drifblim, F|100\/100|[from] Shed Tail\n|move|p2a: Urshifu|Focus Punch|p1a: Bloon\n|-immune|p1a: Bloon\n|\n|upkeep\n|turn|5\n|\n|t:|1700237029\n|-singleturn|p2a: Urshifu|move: Focus Punch\n|move|p1a: Bloon|Fling|p2a: Urshifu\n|-resisted|p2a: Urshifu\n|-damage|p2a: Urshifu|97\/100\n|-status|p2a: Urshifu|par\n|-enditem|p1a: Bloon|Light Ball|[from] move: Fling\n|cant|p2a: Urshifu|par\n|\n|upkeep\n|turn|6\n|\n|t:|1700237038\n|move|p1a: Bloon|Minimize|p1a: Bloon\n|-boost|p1a: Bloon|evasion|2\n|cant|p2a: Urshifu|par\n|\n|upkeep\n|turn|7\n|\n|t:|1700237045\n|move|p1a: Bloon|Minimize|p1a: Bloon\n|-boost|p1a: Bloon|evasion|2\n|cant|p2a: Urshifu|par\n|\n|upkeep\n|turn|8\n|\n|t:|1700237054\n|switch|p2a: Hoopa|Hoopa-Unbound|100\/100\n|-damage|p2a: Hoopa|84\/100|[from] Spikes\n|-status|p2a: Hoopa|psn\n|move|p1a: Bloon|Minimize|p1a: Bloon\n|-boost|p1a: Bloon|evasion|2\n|\n|-damage|p2a: Hoopa|72\/100 psn|[from] psn\n|upkeep\n|turn|9\n|\n|t:|1700237066\n|move|p1a: Bloon|Baton Pass|p1a: Bloon\n|\n|t:|1700237067\n|switch|p1a: Bord|Espathra, F|100\/100|[from] Baton Pass\n|move|p2a: Hoopa|Drain Punch|p1a: Bord\n|-resisted|p1a: Bord\n|-activate|p1a: Bord|move: Substitute|[damage]\n|-heal|p2a: Hoopa|81\/100 psn|[from] drain|[of] p1a: Bord\n|\n|-damage|p2a: Hoopa|68\/100 psn|[from] psn\n|upkeep\n|turn|10\n|\n|t:|1700237077\n|move|p1a: Bord|Calm Mind|p1a: Bord\n|-boost|p1a: Bord|spa|1\n|-boost|p1a: Bord|spd|1\n|move|p2a: Hoopa|Energy Ball|p1a: Bord\n|-end|p1a: Bord|Substitute\n|\n|-damage|p2a: Hoopa|56\/100 psn|[from] psn\n|-ability|p1a: Bord|Speed Boost|boost\n|-boost|p1a: Bord|spe|1\n|upkeep\n|turn|11\n|\n|t:|1700237092\n|move|p1a: Bord|Substitute|p1a: Bord\n|-start|p1a: Bord|Substitute\n|-damage|p1a: Bord|76\/100\n|move|p2a: Hoopa|Energy Ball|p1a: Bord|[miss]\n|-miss|p2a: Hoopa|p1a: Bord\n|\n|-heal|p1a: Bord|82\/100|[from] item: Leftovers\n|-damage|p2a: Hoopa|44\/100 psn|[from] psn\n|-ability|p1a: Bord|Speed Boost|boost\n|-boost|p1a: Bord|spe|1\n|upkeep\n|turn|12\n|n|!No0b69|no0b69\n|\n|t:|1700237111\n|-singleturn|p2a: Hoopa|move: Focus Punch\n|move|p1a: Bord|Calm Mind|p1a: Bord\n|-boost|p1a: Bord|spa|1\n|-boost|p1a: Bord|spd|1\n|move|p2a: Hoopa|Focus Punch|p1a: Bord|[miss]\n|-miss|p2a: Hoopa|p1a: Bord\n|\n|-heal|p1a: Bord|88\/100|[from] item: Leftovers\n|-damage|p2a: Hoopa|31\/100 psn|[from] psn\n|-ability|p1a: Bord|Speed Boost|boost\n|-boost|p1a: Bord|spe|1\n|upkeep\n|turn|13\n|\n|t:|1700237122\n|move|p1a: Bord|Calm Mind|p1a: Bord\n|-boost|p1a: Bord|spa|1\n|-boost|p1a: Bord|spd|1\n|move|p2a: Hoopa|Drain Punch|p1a: Bord|[miss]\n|-miss|p2a: Hoopa|p1a: Bord\n|\n|-heal|p1a: Bord|94\/100|[from] item: Leftovers\n|-damage|p2a: Hoopa|19\/100 psn|[from] psn\n|-ability|p1a: Bord|Speed Boost|boost\n|-boost|p1a: Bord|spe|1\n|upkeep\n|turn|14\n|\n|t:|1700237132\n|move|p1a: Bord|Calm Mind|p1a: Bord\n|-boost|p1a: Bord|spa|1\n|-boost|p1a: Bord|spd|1\n|move|p2a: Hoopa|Calm Mind|p2a: Hoopa\n|-boost|p2a: Hoopa|spa|1\n|-boost|p2a: Hoopa|spd|1\n|\n|-heal|p1a: Bord|99\/100|[from] item: Leftovers\n|-damage|p2a: Hoopa|7\/100 psn|[from] psn\n|-ability|p1a: Bord|Speed Boost|boost\n|-boost|p1a: Bord|spe|1\n|upkeep\n|turn|15\n|\n|t:|1700237142\n|move|p1a: Bord|Calm Mind|p1a: Bord\n|-boost|p1a: Bord|spa|1\n|-boost|p1a: Bord|spd|1\n|move|p2a: Hoopa|Calm Mind|p2a: Hoopa\n|-boost|p2a: Hoopa|spa|1\n|-boost|p2a: Hoopa|spd|1\n|\n|-heal|p1a: Bord|100\/100|[from] item: Leftovers\n|-damage|p2a: Hoopa|0 fnt|[from] psn\n|faint|p2a: Hoopa\n|-ability|p1a: Bord|Speed Boost|boost\n|-boost|p1a: Bord|spe|1\n|upkeep\n|\n|t:|1700237153\n|switch|p2a: Roaring Moon|Roaring Moon|100\/100\n|-damage|p2a: Roaring Moon|84\/100|[from] Spikes\n|-status|p2a: Roaring Moon|psn\n|turn|16\n|\n|t:|1700237198\n|move|p1a: Bord|Calm Mind|p1a: Bord\n|-boost|p1a: Bord|spa|1\n|-boost|p1a: Bord|spd|1\n|move|p2a: Roaring Moon|Draco Meteor|p1a: Bord|[miss]\n|-miss|p2a: Roaring Moon|p1a: Bord\n|\n|-damage|p2a: Roaring Moon|72\/100 psn|[from] psn\n|upkeep\n|turn|17\n|\n|t:|1700237209\n|move|p1a: Bord|Baton Pass|p1a: Bord\n|\n|t:|1700237211\n|switch|p1a: DunDUN|Dudunsparce-Three-Segment, F|100\/100|[from] Baton Pass\n|move|p2a: Roaring Moon|Dragon Dance|p2a: Roaring Moon\n|-boost|p2a: Roaring Moon|atk|1\n|-boost|p2a: Roaring Moon|spe|1\n|\n|-damage|p2a: Roaring Moon|59\/100 psn|[from] psn\n|upkeep\n|turn|18\n|\n|t:|1700237226\n|move|p1a: DunDUN|Coil|p1a: DunDUN\n|-boost|p1a: DunDUN|atk|1\n|-boost|p1a: DunDUN|def|1\n|-boost|p1a: DunDUN|accuracy|1\n|move|p2a: Roaring Moon|Double-Edge|p1a: DunDUN\n|-end|p1a: DunDUN|Substitute\n|-damage|p2a: Roaring Moon|51\/100 psn|[from] Recoil|[of] p1a: DunDUN\n|\n|-damage|p2a: Roaring Moon|39\/100 psn|[from] psn\n|upkeep\n|turn|19\n|\n|t:|1700237236\n|move|p1a: DunDUN|Coil|p1a: DunDUN\n|-boost|p1a: DunDUN|atk|1\n|-boost|p1a: DunDUN|def|1\n|-boost|p1a: DunDUN|accuracy|1\n|move|p2a: Roaring Moon|Draco Meteor|p1a: DunDUN\n|-damage|p1a: DunDUN|94\/100\n|-unboost|p2a: Roaring Moon|spa|2\n|\n|-damage|p2a: Roaring Moon|26\/100 psn|[from] psn\n|upkeep\n|turn|20\n|\n|t:|1700237269\n|move|p1a: DunDUN|Coil|p1a: DunDUN\n|-boost|p1a: DunDUN|atk|1\n|-boost|p1a: DunDUN|def|1\n|-boost|p1a: DunDUN|accuracy|1\n|move|p2a: Roaring Moon|Dragon Claw|p1a: DunDUN|[miss]\n|-miss|p2a: Roaring Moon|p1a: DunDUN\n|\n|-damage|p2a: Roaring Moon|14\/100 psn|[from] psn\n|upkeep\n|turn|21\n|inactive|Battle timer is ON: inactive players will automatically lose when time's up. (requested by Daice)\n|\n|t:|1700237342\n|-terastallize|p2a: Roaring Moon|Dragon\n|move|p1a: DunDUN|Coil|p1a: DunDUN\n|-boost|p1a: DunDUN|atk|1\n|-boost|p1a: DunDUN|def|1\n|-boost|p1a: DunDUN|accuracy|1\n|move|p2a: Roaring Moon|Draco Meteor|p1a: DunDUN\n|-damage|p1a: DunDUN|90\/100\n|-unboost|p2a: Roaring Moon|spa|2\n|\n|-damage|p2a: Roaring Moon|2\/100 psn|[from] psn\n|upkeep\n|turn|22\n|\n|t:|1700237363\n|move|p1a: DunDUN|Coil|p1a: DunDUN\n|-boost|p1a: DunDUN|atk|1\n|-boost|p1a: DunDUN|def|1\n|-boost|p1a: DunDUN|accuracy|1\n|move|p2a: Roaring Moon|Double-Edge|p1a: DunDUN\n|-damage|p1a: DunDUN|75\/100\n|-damage|p2a: Roaring Moon|0 fnt|[from] Recoil\n|faint|p2a: Roaring Moon\n|-end|p2a: Roaring Moon|Protosynthesis|[silent]\n|\n|upkeep\n|\n|t:|1700237372\n|switch|p2a: Rayquaza|Rayquaza|100\/100\n|-ability|p2a: Rayquaza|Air Lock\n|turn|23\n|\n|t:|1700237378\n|move|p1a: DunDUN|Coil|p1a: DunDUN\n|-boost|p1a: DunDUN|atk|1\n|-boost|p1a: DunDUN|def|1\n|-boost|p1a: DunDUN|accuracy|1\n|move|p2a: Rayquaza|Blizzard|p1a: DunDUN|[miss]\n|-miss|p2a: Rayquaza|p1a: DunDUN\n|\n|upkeep\n|turn|24\n|\n|t:|1700237386\n|move|p1a: DunDUN|Baton Pass|p1a: DunDUN\n|\n|t:|1700237388\n|switch|p1a: Bord|Espathra, F|100\/100|[from] Baton Pass\n|move|p2a: Rayquaza|Draco Meteor|p1a: Bord\n|-damage|p1a: Bord|79\/100\n|-unboost|p2a: Rayquaza|spa|2\n|\n|-heal|p1a: Bord|85\/100|[from] item: Leftovers\n|upkeep\n|turn|25\n|\n|t:|1700237397\n|move|p1a: Bord|Substitute|p1a: Bord\n|-start|p1a: Bord|Substitute\n|-damage|p1a: Bord|60\/100\n|move|p2a: Rayquaza|Bulk Up|p2a: Rayquaza\n|-boost|p2a: Rayquaza|atk|1\n|-boost|p2a: Rayquaza|def|1\n|\n|-heal|p1a: Bord|66\/100|[from] item: Leftovers\n|upkeep\n|turn|26\n|\n|t:|1700237404\n|move|p1a: Bord|Baton Pass|p1a: Bord\n|\n|t:|1700237406\n|switch|p1a: Raven|Armarouge, M|100\/100|[from] Baton Pass\n|move|p2a: Rayquaza|Bulk Up|p2a: Rayquaza\n|-boost|p2a: Rayquaza|atk|1\n|-boost|p2a: Rayquaza|def|1\n|\n|upkeep\n|turn|27\n|\n|t:|1700237433\n|move|p1a: Raven|Stored Power|p2a: Rayquaza\n|-crit|p2a: Rayquaza\n|-enditem|p2a: Rayquaza|Focus Sash\n|-damage|p2a: Rayquaza|1\/100\n|move|p2a: Rayquaza|Body Slam|p1a: Raven\n|-activate|p1a: Raven|move: Substitute|[damage]\n|\n|upkeep\n|turn|28\n|\n|t:|1700237458\n|move|p1a: Raven|Stored Power|p2a: Rayquaza\n|-damage|p2a: Rayquaza|0 fnt\n|faint|p2a: Rayquaza\n|\n|upkeep\n|\n|t:|1700237464\n|switch|p2a: Urshifu|Urshifu-Rapid-Strike, M|97\/100 par\n|-damage|p2a: Urshifu|81\/100 par|[from] Spikes\n|turn|29\n|inactive|No0b69 has 120 seconds left.\n|c|\u2606Daice|gg\n|inactive|No0b69 has 90 seconds left.\n|n|\u2606No0b69|no0b69\n|inactive|No0b69 has 60 seconds left.\n|\n|t:|1700237546\n|move|p1a: Raven|Stored Power|p2a: Urshifu\n|-supereffective|p2a: Urshifu\n|-damage|p2a: Urshifu|0 fnt\n|faint|p2a: Urshifu\n|\n|upkeep\n|\n|t:|1700237553\n|switch|p2a: Zacian|Zacian-Crowned|100\/100\n|-damage|p2a: Zacian|84\/100|[from] Spikes\n|-ability|p2a: Zacian|Intrepid Sword|boost\n|-boost|p2a: Zacian|atk|1\n|turn|30\n|\n|t:|1700237558\n|move|p1a: Raven|Stored Power|p2a: Zacian\n|-resisted|p2a: Zacian\n|-damage|p2a: Zacian|0 fnt\n|faint|p2a: Zacian\n|\n|upkeep\n|-message|No0b69 forfeited.\n|\n|win|Daice\n|raw|Daice's rating: 1081 &rarr; <strong>1103<\/strong><br \/>(+22 for winning)\n|raw|No0b69's rating: 1004 &rarr; <strong>1000<\/strong><br \/>(-4 for losing)\n|l|\u2606No0b69\n","uploadtime":1700237103,"views":4,"p1id":"daice","p2id":"no0b69","formatid":"gen9anythinggoes","rating":1000,"private":0,"password":""}