{"id":"gen9anythinggoes-1980879899","p1":"PokeGuy737","p2":"CheeseMaster3000","format":"[Gen 9] Anything Goes","log":"|j|\u2606PokeGuy737\n|j|\u203dCheeseMaster3000\n|t:|1698845354\n|gametype|singles\n|player|p1|PokeGuy737|riley|1116\n|player|p2|CheeseMaster3000|ingo|1145\n|teamsize|p1|6\n|teamsize|p2|6\n|gen|9\n|tier|[Gen 9] Anything Goes\n|rated|\n|rule|HP Percentage Mod: HP is shown in percentages\n|rule|Endless Battle Clause: Forcing endless battles is banned\n|clearpoke\n|poke|p1|Landorus-Therian, M|\n|poke|p1|Sneasler, M|\n|poke|p1|Empoleon, M|\n|poke|p1|Volcarona, M|\n|poke|p1|Chien-Pao|\n|poke|p1|Dragapult, M|\n|poke|p2|Drifblim, F|\n|poke|p2|Calyrex-Shadow|\n|poke|p2|Jirachi|\n|poke|p2|Ninetales-Alola, F|\n|poke|p2|Breloom, F|\n|poke|p2|Scream Tail|\n|teampreview\n|\n|t:|1698845376\n|start\n|switch|p1a: Landorus|Landorus-Therian, M|100\/100\n|switch|p2a: Jirachi|Jirachi|100\/100\n|-ability|p1a: Landorus|Intimidate|boost\n|-unboost|p2a: Jirachi|atk|1\n|turn|1\n|\n|t:|1698845385\n|move|p1a: Landorus|Earthquake|p2a: Jirachi\n|-supereffective|p2a: Jirachi\n|-damage|p2a: Jirachi|0 fnt\n|faint|p2a: Jirachi\n|-damage|p1a: Landorus|91\/100|[from] item: Life Orb\n|\n|upkeep\n|\n|t:|1698845392\n|switch|p2a: Drifblim|Drifblim, F|100\/100\n|turn|2\n|\n|t:|1698845400\n|move|p2a: Drifblim|Minimize|p2a: Drifblim\n|-boost|p2a: Drifblim|evasion|2\n|move|p1a: Landorus|Rock Slide|p2a: Drifblim\n|-supereffective|p2a: Drifblim\n|-damage|p2a: Drifblim|9\/100\n|-damage|p1a: Landorus|81\/100|[from] item: Life Orb\n|\n|upkeep\n|turn|3\n|\n|t:|1698845408\n|move|p2a: Drifblim|Minimize|p2a: Drifblim\n|-boost|p2a: Drifblim|evasion|2\n|move|p1a: Landorus|Rock Slide|p2a: Drifblim\n|-supereffective|p2a: Drifblim\n|-damage|p2a: Drifblim|0 fnt\n|faint|p2a: Drifblim\n|-damage|p1a: Landorus|71\/100|[from] item: Life Orb\n|\n|upkeep\n|c|\u2606PokeGuy737|lol\n|\n|t:|1698845417\n|switch|p2a: Calyrex|Calyrex-Shadow|100\/100\n|-ability|p2a: Calyrex|As One\n|-ability|p2a: Calyrex|Unnerve\n|turn|4\n|\n|t:|1698845422\n|move|p2a: Calyrex|Astral Barrage|p1a: Landorus\n|-damage|p1a: Landorus|0 fnt\n|faint|p1a: Landorus\n|-ability|p2a: Calyrex|Grim Neigh|boost\n|-boost|p2a: Calyrex|spa|1\n|\n|upkeep\n|\n|t:|1698845429\n|switch|p1a: Chien-Pao|Chien-Pao|100\/100\n|-ability|p1a: Chien-Pao|Sword of Ruin\n|turn|5\n|\n|t:|1698845436\n|move|p1a: Chien-Pao|Sucker Punch|p2a: Calyrex\n|-supereffective|p2a: Calyrex\n|-enditem|p2a: Calyrex|Focus Sash\n|-damage|p2a: Calyrex|1\/100\n|move|p2a: Calyrex|Draining Kiss|p1a: Chien-Pao\n|-supereffective|p1a: Chien-Pao\n|-damage|p1a: Chien-Pao|16\/100\n|-heal|p2a: Calyrex|61\/100|[from] drain|[of] p1a: Chien-Pao\n|\n|upkeep\n|turn|6\n|\n|t:|1698845444\n|move|p1a: Chien-Pao|Sucker Punch||[still]\n|-fail|p1a: Chien-Pao\n|move|p2a: Calyrex|Substitute|p2a: Calyrex\n|-start|p2a: Calyrex|Substitute\n|-damage|p2a: Calyrex|37\/100\n|\n|upkeep\n|turn|7\n|\n|t:|1698845451\n|move|p1a: Chien-Pao|Sucker Punch|p2a: Calyrex\n|-supereffective|p2a: Calyrex\n|-end|p2a: Calyrex|Substitute\n|move|p2a: Calyrex|Astral Barrage|p1a: Chien-Pao\n|-resisted|p1a: Chien-Pao\n|-damage|p1a: Chien-Pao|0 fnt\n|faint|p1a: Chien-Pao\n|-ability|p2a: Calyrex|Grim Neigh|boost\n|-boost|p2a: Calyrex|spa|1\n|\n|upkeep\n|\n|t:|1698845460\n|switch|p1a: Dragapult|Dragapult, M|100\/100\n|turn|8\n|\n|t:|1698845466\n|-terastallize|p1a: Dragapult|Dragon\n|move|p2a: Calyrex|Astral Barrage|p1a: Dragapult\n|-damage|p1a: Dragapult|0 fnt\n|faint|p1a: Dragapult\n|-ability|p2a: Calyrex|Grim Neigh|boost\n|-boost|p2a: Calyrex|spa|1\n|\n|upkeep\n|\n|t:|1698845473\n|switch|p1a: Empoleon|Empoleon, M|100\/100\n|turn|9\n|\n|t:|1698845478\n|move|p2a: Calyrex|Astral Barrage|p1a: Empoleon\n|-damage|p1a: Empoleon|0 fnt\n|faint|p1a: Empoleon\n|-ability|p2a: Calyrex|Grim Neigh|boost\n|-boost|p2a: Calyrex|spa|1\n|\n|upkeep\n|\n|t:|1698845485\n|switch|p1a: Volcarona|Volcarona, M|100\/100\n|turn|10\n|\n|t:|1698845487\n|move|p2a: Calyrex|Astral Barrage|p1a: Volcarona\n|-damage|p1a: Volcarona|0 fnt\n|faint|p1a: Volcarona\n|-ability|p2a: Calyrex|Grim Neigh|boost\n|-boost|p2a: Calyrex|spa|1\n|\n|upkeep\n|-message|PokeGuy737 forfeited.\n|\n|win|CheeseMaster3000\n|raw|PokeGuy737's rating: 1116 &rarr; <strong>1093<\/strong><br \/>(-23 for losing)\n|raw|CheeseMaster3000's rating: 1145 &rarr; <strong>1168<\/strong><br \/>(+23 for winning)\n|l|\u2606PokeGuy737\n","uploadtime":1698845499,"views":20,"p1id":"pokeguy737","p2id":"cheesemaster3000","formatid":"gen9anythinggoes","rating":1093,"private":0,"password":""}