{"id":"gen9anythinggoes-1995201001","p1":"Darealrastabwoy007","p2":"Tic-Tac-Toe Guru","format":"[Gen 9] Anything Goes","log":"|j|\u2606Darealrastabwoy007\n|j|\u2606Tic-Tac-Toe Guru\n|t:|1700533932\n|gametype|singles\n|player|p1|Darealrastabwoy007|blackbelt-gen4|1535\n|player|p2|Tic-Tac-Toe Guru|rood|1575\n|teamsize|p1|6\n|teamsize|p2|6\n|gen|9\n|tier|[Gen 9] Anything Goes\n|rated|\n|rule|HP Percentage Mod: HP is shown in percentages\n|rule|Endless Battle Clause: Forcing endless battles is banned\n|clearpoke\n|poke|p1|Ninetales-Alola, F|\n|poke|p1|Arcanine-Hisui, F|\n|poke|p1|Miraidon|\n|poke|p1|Weezing-Galar, M|\n|poke|p1|Zamazenta-*|\n|poke|p1|Calyrex-Shadow|\n|poke|p2|Ribombee, M|\n|poke|p2|Iron Treads|\n|poke|p2|Koraidon|\n|poke|p2|Miraidon|\n|poke|p2|Arceus|\n|poke|p2|Calyrex-Shadow|\n|teampreview\n|\n|t:|1700533949\n|start\n|switch|p1a: Miraidon|Miraidon|100\/100\n|switch|p2a: Ribombee|Ribombee, M|100\/100\n|-fieldstart|move: Electric Terrain|[from] ability: Hadron Engine|[of] p1a: Miraidon\n|turn|1\n|\n|t:|1700533973\n|move|p1a: Miraidon|Electro Drift|p2a: Ribombee\n|-enditem|p2a: Ribombee|Focus Sash\n|-damage|p2a: Ribombee|1\/100\n|move|p2a: Ribombee|Sticky Web|p1a: Miraidon\n|-sidestart|p1: Darealrastabwoy007|move: Sticky Web\n|\n|upkeep\n|turn|2\n|\n|t:|1700533992\n|move|p1a: Miraidon|Electro Drift|p2a: Ribombee\n|-damage|p2a: Ribombee|0 fnt\n|faint|p2a: Ribombee\n|\n|upkeep\n|\n|t:|1700533995\n|switch|p2a: Iron Treads|Iron Treads|100\/100\n|-activate|p2a: Iron Treads|ability: Quark Drive\n|-start|p2a: Iron Treads|quarkdriveatk\n|turn|3\n|\n|t:|1700534002\n|switch|p1a: Weezing|Weezing-Galar, M|100\/100\n|move|p2a: Iron Treads|Stealth Rock|p1a: Weezing\n|-sidestart|p1: Darealrastabwoy007|move: Stealth Rock\n|\n|upkeep\n|turn|4\n|\n|t:|1700534009\n|move|p2a: Iron Treads|Iron Head|p1a: Weezing\n|-supereffective|p1a: Weezing\n|-damage|p1a: Weezing|24\/100\n|-enditem|p1a: Weezing|Iapapa Berry|[eat]\n|-heal|p1a: Weezing|58\/100|[from] item: Iapapa Berry\n|cant|p1a: Weezing|flinch\n|\n|upkeep\n|turn|5\n|\n|t:|1700534019\n|switch|p1a: Arcanine|Arcanine-Hisui, F|100\/100\n|-activate|p1a: Arcanine|move: Sticky Web\n|-unboost|p1a: Arcanine|spe|1\n|-damage|p1a: Arcanine|76\/100|[from] Stealth Rock\n|-ability|p1a: Arcanine|Intimidate|boost\n|-unboost|p2a: Iron Treads|atk|1\n|move|p2a: Iron Treads|Iron Head|p1a: Arcanine\n|-damage|p1a: Arcanine|40\/100\n|\n|-heal|p1a: Arcanine|46\/100|[from] item: Leftovers\n|-fieldend|move: Electric Terrain\n|-end|p2a: Iron Treads|Quark Drive\n|upkeep\n|turn|6\n|\n|t:|1700534033\n|-end|p2a: Iron Treads|Quark Drive|[silent]\n|switch|p2a: Miraidon|Miraidon|100\/100\n|-fieldstart|move: Electric Terrain|[from] ability: Hadron Engine|[of] p2a: Miraidon\n|move|p1a: Arcanine|Protect||[still]\n|-fail|p1a: Arcanine\n|\n|-heal|p1a: Arcanine|52\/100|[from] item: Leftovers\n|upkeep\n|turn|7\n|\n|t:|1700534043\n|move|p2a: Miraidon|Volt Switch|p1a: Arcanine\n|-damage|p1a: Arcanine|0 fnt\n|faint|p1a: Arcanine\n|\n|t:|1700534057\n|switch|p2a: Iron Treads|Iron Treads|100\/100|[from] Volt Switch\n|-activate|p2a: Iron Treads|ability: Quark Drive\n|-start|p2a: Iron Treads|quarkdriveatk\n|\n|upkeep\n|\n|t:|1700534068\n|switch|p1a: Zamazenta|Zamazenta|100\/100\n|-activate|p1a: Zamazenta|move: Sticky Web\n|-unboost|p1a: Zamazenta|spe|1\n|-damage|p1a: Zamazenta|94\/100|[from] Stealth Rock\n|-ability|p1a: Zamazenta|Dauntless Shield|boost\n|-boost|p1a: Zamazenta|def|1\n|turn|8\n|\n|t:|1700534086\n|move|p2a: Iron Treads|Iron Head|p1a: Zamazenta\n|-damage|p1a: Zamazenta|61\/100\n|move|p1a: Zamazenta|Brick Break|p2a: Iron Treads\n|-supereffective|p2a: Iron Treads\n|-damage|p2a: Iron Treads|39\/100\n|\n|upkeep\n|turn|9\n|\n|t:|1700534105\n|move|p2a: Iron Treads|Earthquake|p1a: Zamazenta\n|-damage|p1a: Zamazenta|23\/100\n|move|p1a: Zamazenta|Brick Break|p2a: Iron Treads\n|-supereffective|p2a: Iron Treads\n|-damage|p2a: Iron Treads|0 fnt\n|faint|p2a: Iron Treads\n|-end|p2a: Iron Treads|Quark Drive|[silent]\n|\n|upkeep\n|\n|t:|1700534113\n|switch|p2a: Miraidon|Miraidon|100\/100\n|-activate|p2a: Miraidon|ability: Hadron Engine\n|turn|10\n|\n|t:|1700534122\n|move|p2a: Miraidon|Volt Switch|p1a: Zamazenta\n|-damage|p1a: Zamazenta|0 fnt\n|faint|p1a: Zamazenta\n|\n|t:|1700534129\n|switch|p2a: Calyrex|Calyrex-Shadow|100\/100|[from] Volt Switch\n|-ability|p2a: Calyrex|As One\n|-ability|p2a: Calyrex|Unnerve\n|\n|-fieldend|move: Electric Terrain\n|upkeep\n|\n|t:|1700534138\n|switch|p1a: Miraidon|Miraidon|100\/100\n|-activate|p1a: Miraidon|move: Sticky Web\n|-unboost|p1a: Miraidon|spe|1\n|-damage|p1a: Miraidon|88\/100|[from] Stealth Rock\n|-fieldstart|move: Electric Terrain|[from] ability: Hadron Engine|[of] p1a: Miraidon\n|turn|11\n|\n|t:|1700534146\n|move|p2a: Calyrex|Astral Barrage|p1a: Miraidon\n|-damage|p1a: Miraidon|24\/100\n|move|p1a: Miraidon|Electro Drift|p2a: Calyrex\n|-damage|p2a: Calyrex|17\/100\n|\n|-heal|p2a: Calyrex|23\/100|[from] item: Leftovers\n|upkeep\n|turn|12\n|\n|t:|1700534174\n|switch|p1a: Ninetales|Ninetales-Alola, F|100\/100\n|-activate|p1a: Ninetales|move: Sticky Web\n|-unboost|p1a: Ninetales|spe|1\n|-damage|p1a: Ninetales|76\/100|[from] Stealth Rock\n|-weather|Snow|[from] ability: Snow Warning|[of] p1a: Ninetales\n|move|p2a: Calyrex|Draining Kiss|p1a: Ninetales\n|-damage|p1a: Ninetales|52\/100\n|-heal|p2a: Calyrex|37\/100|[from] drain|[of] p1a: Ninetales\n|\n|-weather|Snow|[upkeep]\n|-heal|p2a: Calyrex|43\/100|[from] item: Leftovers\n|upkeep\n|turn|13\n|\n|t:|1700534188\n|move|p1a: Ninetales|Protect|p1a: Ninetales\n|-singleturn|p1a: Ninetales|Protect\n|move|p2a: Calyrex|Astral Barrage|p1a: Ninetales\n|-activate|p1a: Ninetales|move: Protect\n|\n|-weather|Snow|[upkeep]\n|-heal|p2a: Calyrex|49\/100|[from] item: Leftovers\n|upkeep\n|turn|14\n|\n|t:|1700534208\n|move|p2a: Calyrex|Astral Barrage|p1a: Ninetales\n|-damage|p1a: Ninetales|0 fnt\n|faint|p1a: Ninetales\n|-ability|p2a: Calyrex|Grim Neigh|boost\n|-boost|p2a: Calyrex|spa|1\n|\n|-weather|Snow|[upkeep]\n|-heal|p2a: Calyrex|55\/100|[from] item: Leftovers\n|upkeep\n|-message|Darealrastabwoy007 forfeited.\n|\n|win|Tic-Tac-Toe Guru\n|raw|Darealrastabwoy007's rating: 1519 &rarr; <strong>1502<\/strong><br \/>(-17 for losing)\n|raw|Tic-Tac-Toe Guru's rating: 1575 &rarr; <strong>1592<\/strong><br \/>(+17 for winning)\n|l|\u2606Darealrastabwoy007\n|l|\u2606Tic-Tac-Toe Guru\n","uploadtime":1700534399,"views":0,"p1id":"darealrastabwoy007","p2id":"tictactoeguru","formatid":"gen9anythinggoes","rating":1502,"private":0,"password":""}