{"id":"gen9anythinggoes-1978832799","p1":"Clandestinechampy","p2":"MasterNev","format":"[Gen 9] Anything Goes","log":"|j|\u2606Clandestinechampy\n|j|\u2606MasterNev\n|t:|1698600576\n|gametype|singles\n|player|p1|Clandestinechampy|juggler|1668\n|player|p2|MasterNev|gentleman-gen4|1570\n|teamsize|p1|6\n|teamsize|p2|6\n|gen|9\n|tier|[Gen 9] Anything Goes\n|rated|\n|rule|HP Percentage Mod: HP is shown in percentages\n|rule|Endless Battle Clause: Forcing endless battles is banned\n|clearpoke\n|poke|p1|Espeon, F|\n|poke|p1|Skeledirge, M|\n|poke|p1|Ditto|\n|poke|p1|Garganacl, M|\n|poke|p1|Iron Bundle|\n|poke|p1|Clodsire, M|\n|poke|p2|Ribombee, M|\n|poke|p2|Meowscarada, M|\n|poke|p2|Gholdengo|\n|poke|p2|Great Tusk|\n|poke|p2|Kingambit, F|\n|poke|p2|Torkoal, F|\n|teampreview\n|inactive|Battle timer is ON: inactive players will automatically lose when time's up. (requested by Clandestinechampy)\n|\n|t:|1698600640\n|start\n|switch|p1a: Jangle|Iron Bundle|100\/100\n|switch|p2a: Ribombee|Ribombee, M|100\/100\n|turn|1\n|\n|t:|1698600647\n|switch|p2a: Torkoal|Torkoal, F|100\/100\n|move|p1a: Jangle|Flip Turn|p2a: Torkoal\n|-supereffective|p2a: Torkoal\n|-damage|p2a: Torkoal|76\/100\n|\n|t:|1698600655\n|-end|p1a: Jangle|Quark Drive|[silent]\n|switch|p1a: Morton|Garganacl, M|100\/100|[from] Flip Turn\n|\n|upkeep\n|turn|2\n|\n|t:|1698600673\n|switch|p1a: Viv|Espeon, F|100\/100\n|switch|p2a: Gholdengo|Gholdengo|100\/100\n|\n|upkeep\n|turn|3\n|\n|t:|1698600679\n|switch|p1a: Skipper|Clodsire, M|100\/100\n|move|p2a: Gholdengo|Shadow Ball|p1a: Skipper\n|-damage|p1a: Skipper|78\/100\n|\n|-heal|p1a: Skipper|84\/100|[from] item: Leftovers\n|upkeep\n|turn|4\n|\n|t:|1698600691\n|switch|p2a: Meowscarada|Meowscarada, M|100\/100\n|move|p1a: Skipper|Toxic|p2a: Meowscarada\n|-status|p2a: Meowscarada|tox\n|\n|-heal|p1a: Skipper|90\/100|[from] item: Leftovers\n|-damage|p2a: Meowscarada|94\/100 tox|[from] psn\n|upkeep\n|turn|5\n|\n|t:|1698600702\n|switch|p1a: Echo|Skeledirge, M, shiny|100\/100\n|move|p2a: Meowscarada|Flower Trick|p1a: Echo\n|-start|p2a: Meowscarada|typechange|Grass|[from] ability: Protean\n|-resisted|p1a: Echo\n|-crit|p1a: Echo\n|-damage|p1a: Echo|69\/100\n|\n|-heal|p1a: Echo|75\/100|[from] item: Leftovers\n|-damage|p2a: Meowscarada|82\/100 tox|[from] psn\n|upkeep\n|turn|6\n|\n|t:|1698600715\n|switch|p2a: Torkoal|Torkoal, F|76\/100\n|move|p1a: Echo|Slack Off|p1a: Echo\n|-heal|p1a: Echo|100\/100\n|\n|upkeep\n|turn|7\n|inactive|MasterNev has 120 seconds left.\n|inactive|MasterNev has 90 seconds left.\n|inactive|MasterNev has 60 seconds left.\n|\n|t:|1698600809\n|move|p1a: Echo|Torch Song|p2a: Torkoal\n|-resisted|p2a: Torkoal\n|-damage|p2a: Torkoal|61\/100\n|-boost|p1a: Echo|spa|1\n|move|p2a: Torkoal|Yawn|p1a: Echo\n|-start|p1a: Echo|move: Yawn|[of] p2a: Torkoal\n|\n|upkeep\n|turn|8\n|\n|t:|1698600819\n|switch|p1a: Viv|Espeon, F|100\/100\n|move|p2a: Torkoal|Clear Smog|p1a: Viv\n|-damage|p1a: Viv|87\/100\n|-clearboost|p1a: Viv\n|\n|upkeep\n|turn|9\n|\n|t:|1698600827\n|switch|p2a: Gholdengo|Gholdengo|100\/100\n|move|p1a: Viv|Trick|p2a: Gholdengo\n|-immune|p2a: Gholdengo|[from] ability: Good as Gold\n|\n|upkeep\n|turn|10\n|\n|t:|1698600837\n|switch|p1a: Skipper|Clodsire, M|90\/100\n|move|p2a: Gholdengo|Make It Rain|p1a: Skipper\n|-damage|p1a: Skipper|56\/100\n|-unboost|p2a: Gholdengo|spa|1\n|\n|-heal|p1a: Skipper|62\/100|[from] item: Leftovers\n|upkeep\n|turn|11\n|\n|t:|1698600848\n|move|p2a: Gholdengo|Make It Rain|p1a: Skipper\n|-crit|p1a: Skipper\n|-damage|p1a: Skipper|4\/100\n|-unboost|p2a: Gholdengo|spa|1\n|move|p1a: Skipper|Earthquake|p2a: Gholdengo\n|-supereffective|p2a: Gholdengo\n|-damage|p2a: Gholdengo|36\/100\n|\n|-heal|p1a: Skipper|11\/100|[from] item: Leftovers\n|upkeep\n|turn|12\n|\n|t:|1698600860\n|switch|p1a: Echo|Skeledirge, M, shiny|100\/100\n|move|p2a: Gholdengo|Make It Rain|p1a: Echo\n|-resisted|p1a: Echo\n|-damage|p1a: Echo|74\/100\n|-unboost|p2a: Gholdengo|spa|1\n|\n|-heal|p1a: Echo|80\/100|[from] item: Leftovers\n|upkeep\n|turn|13\n|inactive|MasterNev has 90 seconds left.\n|\n|t:|1698600876\n|switch|p2a: Ribombee|Ribombee, M|100\/100\n|move|p1a: Echo|Torch Song|p2a: Ribombee\n|-supereffective|p2a: Ribombee\n|-enditem|p2a: Ribombee|Focus Sash\n|-damage|p2a: Ribombee|1\/100\n|-boost|p1a: Echo|spa|1\n|\n|-heal|p1a: Echo|86\/100|[from] item: Leftovers\n|upkeep\n|turn|14\n|\n|t:|1698600888\n|switch|p1a: Viv|Espeon, F|87\/100\n|move|p2a: Ribombee|Trick|p1a: Viv\n|-activate|p2a: Ribombee|move: Trick|[of] p1a: Viv\n|-enditem|p1a: Viv|Choice Scarf|[silent]|[from] move: Trick\n|-item|p2a: Ribombee|Choice Scarf|[from] move: Trick\n|\n|upkeep\n|turn|15\n|\n|t:|1698600903\n|move|p2a: Ribombee|Moonblast|p1a: Viv\n|-damage|p1a: Viv|32\/100\n|move|p1a: Viv|Trick|p2a: Ribombee\n|-activate|p1a: Viv|move: Trick|[of] p2a: Ribombee\n|-enditem|p2a: Ribombee|Choice Scarf|[silent]|[from] move: Trick\n|-item|p1a: Viv|Choice Scarf|[from] move: Trick\n|\n|upkeep\n|turn|16\n|\n|t:|1698600916\n|switch|p2a: Meowscarada|Meowscarada, M|82\/100 tox\n|move|p1a: Viv|Psyshock|p2a: Meowscarada\n|-immune|p2a: Meowscarada\n|\n|-damage|p2a: Meowscarada|76\/100 tox|[from] psn\n|upkeep\n|turn|17\n|\n|t:|1698600926\n|switch|p1a: Morton|Garganacl, M|100\/100\n|move|p2a: Meowscarada|U-turn|p1a: Morton\n|-start|p2a: Meowscarada|typechange|Bug|[from] ability: Protean\n|-damage|p1a: Morton|69\/100\n|\n|t:|1698600936\n|switch|p2a: Gholdengo|Gholdengo|36\/100|[from] U-turn\n|\n|-heal|p1a: Morton|75\/100|[from] item: Leftovers\n|upkeep\n|turn|18\n|\n|t:|1698600944\n|-terastallize|p2a: Gholdengo|Steel\n|-terastallize|p1a: Morton|Ghost\n|move|p2a: Gholdengo|Make It Rain|p1a: Morton\n|-damage|p1a: Morton|7\/100\n|-unboost|p2a: Gholdengo|spa|1\n|move|p1a: Morton|Stealth Rock|p2a: Gholdengo\n|-sidestart|p2: MasterNev|move: Stealth Rock\n|\n|-heal|p1a: Morton|13\/100|[from] item: Leftovers\n|upkeep\n|turn|19\n|\n|t:|1698600959\n|switch|p1a: Echo|Skeledirge, M, shiny|86\/100\n|move|p2a: Gholdengo|Make It Rain|p1a: Echo\n|-resisted|p1a: Echo\n|-damage|p1a: Echo|47\/100\n|-unboost|p2a: Gholdengo|spa|1\n|\n|-heal|p1a: Echo|53\/100|[from] item: Leftovers\n|upkeep\n|turn|20\n|inactive|MasterNev has 120 seconds left.\n|inactive|MasterNev has 90 seconds left.\n|\n|t:|1698601022\n|switch|p2a: Torkoal|Torkoal, F|61\/100\n|-damage|p2a: Torkoal|36\/100|[from] Stealth Rock\n|move|p1a: Echo|Will-O-Wisp|p2a: Torkoal\n|-immune|p2a: Torkoal\n|\n|-heal|p1a: Echo|59\/100|[from] item: Leftovers\n|upkeep\n|turn|21\n|\n|t:|1698601034\n|switch|p1a: Viv|Espeon, F|32\/100\n|move|p2a: Torkoal|Yawn|p1a: Viv\n|move|p1a: Viv|Yawn|p2a: Torkoal|[from]ability: Magic Bounce\n|-start|p2a: Torkoal|move: Yawn|[of] p1a: Viv\n|\n|upkeep\n|turn|22\n|inactive|Clandestinechampy has 120 seconds left.\n|\n|t:|1698601061\n|move|p1a: Viv|Dazzling Gleam|p2a: Torkoal\n|-resisted|p2a: Torkoal\n|-damage|p2a: Torkoal|21\/100\n|-enditem|p2a: Torkoal|Aguav Berry|[eat]\n|-heal|p2a: Torkoal|55\/100|[from] item: Aguav Berry\n|move|p2a: Torkoal|Rapid Spin|p1a: Viv\n|-damage|p1a: Viv|12\/100\n|-boost|p2a: Torkoal|spe|1\n|-sideend|p2: MasterNev|Stealth Rock|[from] move: Rapid Spin|[of] p2a: Torkoal\n|\n|-end|p2a: Torkoal|move: Yawn|[silent]\n|-status|p2a: Torkoal|slp\n|upkeep\n|turn|23\n|inactive|MasterNev has 90 seconds left.\n|inactive|Clandestinechampy has 120 seconds left.\n|inactive|MasterNev has 60 seconds left.\n|\n|t:|1698601101\n|switch|p1a: Morton|Garganacl, M, tera:Ghost|13\/100\n|cant|p2a: Torkoal|slp\n|\n|-heal|p1a: Morton|19\/100|[from] item: Leftovers\n|upkeep\n|turn|24\n|\n|t:|1698601109\n|move|p1a: Morton|Stealth Rock|p2a: Torkoal\n|-sidestart|p2: MasterNev|move: Stealth Rock\n|cant|p2a: Torkoal|slp\n|\n|-heal|p1a: Morton|25\/100|[from] item: Leftovers\n|upkeep\n|turn|25\n|inactive|Clandestinechampy has 120 seconds left.\n|\n|t:|1698601143\n|move|p1a: Morton|Recover|p1a: Morton\n|-heal|p1a: Morton|75\/100\n|cant|p2a: Torkoal|slp\n|\n|-heal|p1a: Morton|82\/100|[from] item: Leftovers\n|upkeep\n|turn|26\n|\n|t:|1698601151\n|move|p1a: Morton|Salt Cure|p2a: Torkoal\n|-supereffective|p2a: Torkoal\n|-damage|p2a: Torkoal|35\/100 slp\n|-start|p2a: Torkoal|Salt Cure\n|-curestatus|p2a: Torkoal|slp|[msg]\n|move|p2a: Torkoal|Yawn|p1a: Morton\n|-immune|p1a: Morton|[from] ability: Purifying Salt\n|\n|-heal|p1a: Morton|88\/100|[from] item: Leftovers\n|-damage|p2a: Torkoal|22\/100|[from] Salt Cure\n|upkeep\n|turn|27\n|\n|t:|1698601165\n|switch|p1a: Viv|Espeon, F|12\/100\n|switch|p2a: Meowscarada|Meowscarada, M|76\/100 tox\n|-damage|p2a: Meowscarada|64\/100 tox|[from] Stealth Rock\n|\n|-damage|p2a: Meowscarada|58\/100 tox|[from] psn\n|upkeep\n|turn|28\n|inactive|MasterNev has 90 seconds left.\n|\n|t:|1698601174\n|move|p1a: Viv|Dazzling Gleam|p2a: Meowscarada\n|-supereffective|p2a: Meowscarada\n|-damage|p2a: Meowscarada|0 fnt\n|faint|p2a: Meowscarada\n|\n|upkeep\n|inactive|MasterNev has 90 seconds left.\n|\n|t:|1698601183\n|switch|p2a: Great Tusk|Great Tusk|100\/100\n|-damage|p2a: Great Tusk|97\/100|[from] Stealth Rock\n|-enditem|p2a: Great Tusk|Booster Energy\n|-activate|p2a: Great Tusk|ability: Protosynthesis|[fromitem]\n|-start|p2a: Great Tusk|protosynthesisspe\n|turn|29\n|\n|t:|1698601190\n|switch|p1a: Morton|Garganacl, M, tera:Ghost|88\/100\n|move|p2a: Great Tusk|Bulk Up|p2a: Great Tusk\n|-boost|p2a: Great Tusk|atk|1\n|-boost|p2a: Great Tusk|def|1\n|\n|-heal|p1a: Morton|94\/100|[from] item: Leftovers\n|upkeep\n|turn|30\n|inactive|Clandestinechampy has 120 seconds left.\n|\n|t:|1698601209\n|move|p2a: Great Tusk|Headlong Rush|p1a: Morton\n|-damage|p1a: Morton|47\/100\n|-unboost|p2a: Great Tusk|def|1\n|-unboost|p2a: Great Tusk|spd|1\n|move|p1a: Morton|Curse|p2a: Great Tusk\n|-start|p2a: Great Tusk|Curse|[of] p1a: Morton\n|-damage|p1a: Morton|0 fnt\n|faint|p1a: Morton\n|\n|-damage|p2a: Great Tusk|73\/100|[from] Curse\n|upkeep\n|inactive|Clandestinechampy has 120 seconds left.\n|inactive|Clandestinechampy has 90 seconds left.\n|\n|t:|1698601244\n|switch|p1a: Viv|Espeon, F|12\/100\n|turn|31\n|\n|t:|1698601268\n|move|p1a: Viv|Dazzling Gleam|p2a: Great Tusk\n|-supereffective|p2a: Great Tusk\n|-damage|p2a: Great Tusk|0 fnt\n|faint|p2a: Great Tusk\n|-end|p2a: Great Tusk|Protosynthesis|[silent]\n|\n|upkeep\n|\n|t:|1698601279\n|switch|p2a: Gholdengo|Gholdengo, tera:Steel|36\/100\n|-damage|p2a: Gholdengo|30\/100|[from] Stealth Rock\n|turn|32\n|\n|t:|1698601292\n|switch|p1a: Skipper|Clodsire, M|11\/100\n|move|p2a: Gholdengo|Shadow Ball|p1a: Skipper\n|-damage|p1a: Skipper|0 fnt\n|faint|p1a: Skipper\n|\n|upkeep\n|\n|t:|1698601310\n|switch|p1a: Viv|Espeon, F|12\/100\n|turn|33\n|\n|t:|1698601315\n|move|p1a: Viv|Psyshock|p2a: Gholdengo\n|-resisted|p2a: Gholdengo\n|-damage|p2a: Gholdengo|4\/100\n|move|p2a: Gholdengo|Shadow Ball|p1a: Viv\n|-supereffective|p1a: Viv\n|-damage|p1a: Viv|0 fnt\n|faint|p1a: Viv\n|\n|upkeep\n|\n|t:|1698601325\n|switch|p1a: Jangle|Iron Bundle|100\/100\n|turn|34\n|inactive|MasterNev has 120 seconds left.\n|\n|t:|1698601343\n|move|p1a: Jangle|Ice Beam|p2a: Gholdengo\n|-resisted|p2a: Gholdengo\n|-damage|p2a: Gholdengo|0 fnt\n|faint|p2a: Gholdengo\n|\n|upkeep\n|\n|t:|1698601346\n|switch|p2a: Torkoal|Torkoal, F|22\/100\n|-damage|p2a: Torkoal|0 fnt|[from] Stealth Rock\n|faint|p2a: Torkoal\n|\n|t:|1698601348\n|switch|p2a: Ribombee|Ribombee, M|1\/100\n|-damage|p2a: Ribombee|0 fnt|[from] Stealth Rock\n|faint|p2a: Ribombee\n|\n|t:|1698601349\n|switch|p2a: Kingambit|Kingambit, F|100\/100\n|-damage|p2a: Kingambit|94\/100|[from] Stealth Rock\n|-activate|p2a: Kingambit|ability: Supreme Overlord\n|-start|p2a: Kingambit|fallen5|[silent]\n|turn|35\n|\n|t:|1698601362\n|move|p1a: Jangle|Hydro Pump|p2a: Kingambit\n|-damage|p2a: Kingambit|40\/100\n|move|p2a: Kingambit|Swords Dance|p2a: Kingambit\n|-boost|p2a: Kingambit|atk|2\n|\n|upkeep\n|turn|36\n|\n|t:|1698601370\n|-end|p1a: Jangle|Quark Drive|[silent]\n|switch|p1a: Echo|Skeledirge, M, shiny|59\/100\n|move|p2a: Kingambit|Kowtow Cleave|p1a: Echo\n|-supereffective|p1a: Echo\n|-damage|p1a: Echo|0 fnt\n|faint|p1a: Echo\n|\n|upkeep\n|\n|t:|1698601378\n|switch|p1a: Jangle|Iron Bundle|100\/100\n|turn|37\n|inactive|MasterNev has 120 seconds left.\n|\n|t:|1698601416\n|move|p2a: Kingambit|Sucker Punch|p1a: Jangle\n|-damage|p1a: Jangle|0 fnt\n|faint|p1a: Jangle\n|-end|p1a: Jangle|Quark Drive|[silent]\n|\n|upkeep\n|\n|t:|1698601421\n|switch|p1a: Imago|Ditto|100\/100\n|-transform|p1a: Imago|p2a: Kingambit|[from] ability: Imposter\n|-activate|p1a: Imago|ability: Supreme Overlord\n|-start|p1a: Imago|fallen5|[silent]\n|turn|38\n|\n|t:|1698601430\n|move|p1a: Imago|Kowtow Cleave|p2a: Kingambit\n|-resisted|p2a: Kingambit\n|-damage|p2a: Kingambit|0 fnt\n|faint|p2a: Kingambit\n|-end|p2a: Kingambit|fallen5|[silent]\n|\n|win|Clandestinechampy\n|raw|Clandestinechampy's rating: 1668 &rarr; <strong>1683<\/strong><br \/>(+15 for winning)\n|raw|MasterNev's rating: 1570 &rarr; <strong>1555<\/strong><br \/>(-15 for losing)\n|c|\u2606MasterNev|gg\n|l|\u2606MasterNev\n|l|\u2606Clandestinechampy\n","uploadtime":1698601461,"views":8,"p1id":"clandestinechampy","p2id":"masternev","formatid":"gen9anythinggoes","rating":1555,"private":0,"password":""}