{"id":"gen9anythinggoes-1997971331","p1":"455ty","p2":"bobbyxpiki","format":"[Gen 9] Anything Goes","log":"|j|\u2606455ty\n|j|\u2606bobbyxpiki\n|t:|1700873757\n|gametype|singles\n|player|p1|455ty|ruinmaniac|1000\n|player|p2|bobbyxpiki|101|1114\n|teamsize|p1|6\n|teamsize|p2|6\n|gen|9\n|tier|[Gen 9] Anything Goes\n|rated|\n|rule|HP Percentage Mod: HP is shown in percentages\n|rule|Endless Battle Clause: Forcing endless battles is banned\n|clearpoke\n|poke|p1|Garganacl, M|\n|poke|p1|Iron Valiant|\n|poke|p1|Skeledirge, M|\n|poke|p1|Roaring Moon|\n|poke|p1|Palafin, M|\n|poke|p1|Gholdengo|\n|poke|p2|Kingambit, M|\n|poke|p2|Roaring Moon|\n|poke|p2|Pikachu, F|\n|poke|p2|Volcarona, F|\n|poke|p2|Baxcalibur, M|\n|poke|p2|Gyarados, M|\n|teampreview\n|inactive|Battle timer is ON: inactive players will automatically lose when time's up. (requested by 455ty)\n|\n|t:|1700873778\n|start\n|switch|p1a: Boulder|Garganacl, M|100\/100\n|switch|p2a: Piki|Pikachu, F|100\/100\n|turn|1\n|\n|t:|1700873783\n|switch|p2a: Kingambit|Kingambit, M, shiny|100\/100\n|move|p1a: Boulder|Body Press|p2a: Kingambit\n|-supereffective|p2a: Kingambit\n|-damage|p2a: Kingambit|22\/100\n|\n|upkeep\n|turn|2\n|\n|t:|1700873790\n|move|p2a: Kingambit|Brick Break|p1a: Boulder\n|-supereffective|p1a: Boulder\n|-damage|p1a: Boulder|47\/100\n|move|p1a: Boulder|Salt Cure|p2a: Kingambit\n|-resisted|p2a: Kingambit\n|-damage|p2a: Kingambit|15\/100\n|-start|p2a: Kingambit|Salt Cure\n|\n|-heal|p1a: Boulder|53\/100|[from] item: Leftovers\n|-damage|p2a: Kingambit|0 fnt|[from] Salt Cure\n|faint|p2a: Kingambit\n|-end|p2a: Kingambit|fallenundefined|[silent]\n|upkeep\n|\n|t:|1700873803\n|switch|p2a: Gyarados|Gyarados, M, shiny|100\/100\n|-ability|p2a: Gyarados|Intimidate|boost\n|-unboost|p1a: Boulder|atk|1\n|turn|3\n|\n|t:|1700873808\n|move|p2a: Gyarados|Earthquake|p1a: Boulder\n|-supereffective|p1a: Boulder\n|-damage|p1a: Boulder|0 fnt\n|faint|p1a: Boulder\n|-damage|p2a: Gyarados|91\/100|[from] item: Life Orb\n|\n|upkeep\n|\n|t:|1700873823\n|switch|p1a: Billonare|Gholdengo|100\/100\n|turn|4\n|inactive|bobbyxpiki has 120 seconds left.\n|\n|t:|1700873858\n|move|p1a: Billonare|Trick|p2a: Gyarados\n|-activate|p1a: Billonare|move: Trick|[of] p2a: Gyarados\n|-item|p2a: Gyarados|Choice Specs|[from] move: Trick\n|-item|p1a: Billonare|Life Orb|[from] move: Trick\n|move|p2a: Gyarados|Earthquake|p1a: Billonare\n|-supereffective|p1a: Billonare\n|-damage|p1a: Billonare|21\/100\n|\n|upkeep\n|turn|5\n|inactive|bobbyxpiki has 120 seconds left.\n|\n|t:|1700873872\n|move|p1a: Billonare|Shadow Ball|p2a: Gyarados\n|-crit|p2a: Gyarados\n|-damage|p2a: Gyarados|12\/100\n|-damage|p1a: Billonare|11\/100|[from] item: Life Orb\n|move|p2a: Gyarados|Earthquake|p1a: Billonare\n|-supereffective|p1a: Billonare\n|-damage|p1a: Billonare|0 fnt\n|faint|p1a: Billonare\n|\n|upkeep\n|\n|t:|1700873888\n|switch|p1a: Craig Jr.|Skeledirge, M|100\/100\n|turn|6\n|\n|t:|1700873891\n|move|p2a: Gyarados|Earthquake|p1a: Craig Jr.\n|-supereffective|p1a: Craig Jr.\n|-damage|p1a: Craig Jr.|35\/100\n|move|p1a: Craig Jr.|Torch Song|p2a: Gyarados\n|-resisted|p2a: Gyarados\n|-damage|p2a: Gyarados|0 fnt\n|-boost|p1a: Craig Jr.|spa|1\n|faint|p2a: Gyarados\n|\n|upkeep\n|\n|t:|1700873908\n|switch|p2a: Piki|Pikachu, F|100\/100\n|turn|7\n|\n|t:|1700873912\n|move|p2a: Piki|Fake Out|p1a: Craig Jr.\n|-immune|p1a: Craig Jr.\n|move|p1a: Craig Jr.|Torch Song|p2a: Piki\n|-damage|p2a: Piki|0 fnt\n|-boost|p1a: Craig Jr.|spa|1\n|faint|p2a: Piki\n|\n|upkeep\n|inactive|bobbyxpiki has 120 seconds left.\n|\n|t:|1700873934\n|switch|p2a: Volcarona|Volcarona, F, shiny|100\/100\n|turn|8\n|\n|t:|1700873963\n|move|p2a: Volcarona|Sunny Day|p2a: Volcarona\n|-weather|SunnyDay\n|move|p1a: Craig Jr.|Torch Song|p2a: Volcarona\n|-enditem|p2a: Volcarona|Focus Sash\n|-damage|p2a: Volcarona|1\/100\n|-boost|p1a: Craig Jr.|spa|1\n|\n|-weather|SunnyDay|[upkeep]\n|upkeep\n|turn|9\n|\n|t:|1700873971\n|move|p2a: Volcarona|Light Screen|p2a: Volcarona\n|-sidestart|p2: bobbyxpiki|move: Light Screen\n|move|p1a: Craig Jr.|Torch Song|p2a: Volcarona\n|-damage|p2a: Volcarona|0 fnt\n|-boost|p1a: Craig Jr.|spa|1\n|faint|p2a: Volcarona\n|\n|-weather|SunnyDay|[upkeep]\n|upkeep\n|\n|t:|1700873974\n|switch|p2a: Bobby|Roaring Moon, shiny|100\/100\n|-activate|p2a: Bobby|ability: Protosynthesis\n|-start|p2a: Bobby|protosynthesisatk\n|turn|10\n|\n|t:|1700873983\n|move|p2a: Bobby|Crunch|p1a: Craig Jr.\n|-supereffective|p1a: Craig Jr.\n|-damage|p1a: Craig Jr.|0 fnt\n|faint|p1a: Craig Jr.\n|\n|-weather|SunnyDay|[upkeep]\n|upkeep\n|\n|t:|1700873997\n|switch|p1a: Koku|Roaring Moon|100\/100\n|-activate|p1a: Koku|ability: Protosynthesis\n|-start|p1a: Koku|protosynthesisatk\n|turn|11\n|\n|t:|1700874007\n|-terastallize|p2a: Bobby|Dragon\n|move|p1a: Koku|Outrage|p2a: Bobby\n|-supereffective|p2a: Bobby\n|-damage|p2a: Bobby|0 fnt\n|faint|p2a: Bobby\n|-end|p2a: Bobby|Protosynthesis|[silent]\n|\n|-weather|SunnyDay|[upkeep]\n|upkeep\n|\n|t:|1700874012\n|switch|p2a: Baxcalibur|Baxcalibur, M, shiny|100\/100\n|turn|12\n|\n|t:|1700874017\n|move|p1a: Koku|Outrage|p2a: Baxcalibur|[from]lockedmove\n|-supereffective|p2a: Baxcalibur\n|-damage|p2a: Baxcalibur|0 fnt\n|faint|p2a: Baxcalibur\n|\n|win|455ty\n|raw|455ty's rating: 1000 &rarr; <strong>1053<\/strong><br \/>(+53 for winning)\n|raw|bobbyxpiki's rating: 1114 &rarr; <strong>1081<\/strong><br \/>(-33 for losing)\n|l|\u2606bobbyxpiki\n","uploadtime":1700874024,"views":3,"p1id":"455ty","p2id":"bobbyxpiki","formatid":"gen9anythinggoes","rating":1053,"private":0,"password":""}