{"id":"gen9anythinggoes-1989498832","p1":"Petar420","p2":"Zen077","format":"[Gen 9] Anything Goes","log":"|j|\u2606Petar420\n|j|\u2606Zen077\n|t:|1699860978\n|gametype|singles\n|player|p1|Petar420|red-masters2|1763\n|player|p2|Zen077|ash-alola|1663\n|teamsize|p1|6\n|teamsize|p2|6\n|gen|9\n|tier|[Gen 9] Anything Goes\n|rated|\n|rule|HP Percentage Mod: HP is shown in percentages\n|rule|Endless Battle Clause: Forcing endless battles is banned\n|clearpoke\n|poke|p1|Magearna|\n|poke|p1|Grimmsnarl, M|\n|poke|p1|Mew|\n|poke|p1|Miraidon|\n|poke|p1|Oricorio-Pom-Pom, F|\n|poke|p1|Farigiraf, M|\n|poke|p2|Ditto|\n|poke|p2|Pawmot, F|\n|poke|p2|Corviknight, F|\n|poke|p2|Zacian-*|\n|poke|p2|Calyrex-Shadow|\n|poke|p2|Koraidon|\n|teampreview\n|inactive|Battle timer is ON: inactive players will automatically lose when time's up. (requested by Zen077)\n|\n|t:|1699860994\n|start\n|switch|p1a: Grimmsnarl|Grimmsnarl, M|100\/100\n|switch|p2a: Koraidon|Koraidon|100\/100\n|-weather|SunnyDay|[from] ability: Orichalcum Pulse|[of] p2a: Koraidon\n|-activate|p2a: Koraidon|Orichalcum Pulse|[source]\n|turn|1\n|\n|t:|1699861003\n|switch|p2a: Corviknight|Corviknight, F|100\/100\n|-ability|p2a: Corviknight|Pressure\n|move|p1a: Grimmsnarl|Reflect|p1a: Grimmsnarl\n|-sidestart|p1: Petar420|Reflect\n|\n|-weather|SunnyDay|[upkeep]\n|upkeep\n|turn|2\n|\n|t:|1699861008\n|move|p1a: Grimmsnarl|Taunt|p2a: Corviknight\n|-start|p2a: Corviknight|move: Taunt\n|move|p2a: Corviknight|Brave Bird|p1a: Grimmsnarl\n|-damage|p1a: Grimmsnarl|81\/100\n|-damage|p2a: Corviknight|94\/100|[from] Recoil\n|\n|-weather|SunnyDay|[upkeep]\n|upkeep\n|turn|3\n|\n|t:|1699861015\n|move|p1a: Grimmsnarl|Light Screen|p1a: Grimmsnarl\n|-sidestart|p1: Petar420|move: Light Screen\n|move|p2a: Corviknight|Brave Bird|p1a: Grimmsnarl\n|-damage|p1a: Grimmsnarl|63\/100\n|-damage|p2a: Corviknight|88\/100|[from] Recoil\n|\n|-weather|SunnyDay|[upkeep]\n|upkeep\n|turn|4\n|\n|t:|1699861024\n|move|p1a: Grimmsnarl|Parting Shot|p2a: Corviknight\n|-unboost|p2a: Corviknight|atk|1\n|-unboost|p2a: Corviknight|spa|1\n|\n|t:|1699861028\n|switch|p1a: Oricorio|Oricorio-Pom-Pom, F|100\/100|[from] Parting Shot\n|move|p2a: Corviknight|Brave Bird|p1a: Oricorio\n|-resisted|p1a: Oricorio\n|-damage|p1a: Oricorio|92\/100\n|-damage|p2a: Corviknight|86\/100|[from] Recoil\n|\n|-weather|SunnyDay|[upkeep]\n|-end|p2a: Corviknight|move: Taunt\n|upkeep\n|turn|5\n|\n|t:|1699861036\n|move|p1a: Oricorio|Quiver Dance|p1a: Oricorio\n|-boost|p1a: Oricorio|spa|1\n|-boost|p1a: Oricorio|spd|1\n|-boost|p1a: Oricorio|spe|1\n|move|p2a: Corviknight|Body Press|p1a: Oricorio\n|-resisted|p1a: Oricorio\n|-damage|p1a: Oricorio|84\/100\n|\n|-weather|none\n|upkeep\n|turn|6\n|\n|t:|1699861042\n|move|p1a: Oricorio|Quiver Dance|p1a: Oricorio\n|-boost|p1a: Oricorio|spa|1\n|-boost|p1a: Oricorio|spd|1\n|-boost|p1a: Oricorio|spe|1\n|move|p2a: Corviknight|Defog|p1a: Oricorio\n|-unboost|p1a: Oricorio|evasion|1\n|-sideend|p1: Petar420|Reflect\n|-sideend|p1: Petar420|move: Light Screen\n|\n|upkeep\n|turn|7\n|\n|t:|1699861057\n|move|p1a: Oricorio|Baton Pass|p1a: Oricorio\n|\n|t:|1699861059\n|switch|p1a: Mew|Mew|100\/100|[from] Baton Pass\n|move|p2a: Corviknight|Body Press|p1a: Mew\n|-resisted|p1a: Mew\n|-damage|p1a: Mew|91\/100\n|\n|upkeep\n|turn|8\n|\n|t:|1699861082\n|move|p1a: Mew|Amnesia|p1a: Mew\n|-boost|p1a: Mew|spd|2\n|move|p2a: Corviknight|Body Press|p1a: Mew\n|-resisted|p1a: Mew\n|-damage|p1a: Mew|81\/100\n|\n|upkeep\n|turn|9\n|\n|t:|1699861095\n|move|p1a: Mew|Iron Defense|p1a: Mew\n|-boost|p1a: Mew|def|2\n|move|p2a: Corviknight|Body Press|p1a: Mew\n|-resisted|p1a: Mew\n|-damage|p1a: Mew|76\/100\n|\n|upkeep\n|turn|10\n|\n|t:|1699861113\n|move|p1a: Mew|Iron Defense|p1a: Mew\n|-boost|p1a: Mew|def|2\n|move|p2a: Corviknight|Body Press|p1a: Mew\n|-resisted|p1a: Mew\n|-damage|p1a: Mew|73\/100\n|\n|upkeep\n|turn|11\n|\n|t:|1699861128\n|switch|p2a: Ditto|Ditto|100\/100\n|-transform|p2a: Ditto|p1a: Mew|[from] ability: Imposter\n|move|p1a: Mew|Iron Defense|p1a: Mew\n|-boost|p1a: Mew|def|2\n|\n|upkeep\n|turn|12\n|\n|t:|1699861134\n|move|p2a: Ditto|Baton Pass|p2a: Ditto\n|\n|t:|1699861137\n|switch|p2a: Calyrex|Calyrex-Shadow|100\/100|[from] Baton Pass\n|-ability|p2a: Calyrex|As One\n|-ability|p2a: Calyrex|Unnerve\n|move|p1a: Mew|Taunt|p2a: Calyrex\n|-start|p2a: Calyrex|move: Taunt\n|\n|upkeep\n|turn|13\n|\n|t:|1699861147\n|move|p2a: Calyrex|Astral Barrage|p1a: Mew\n|-supereffective|p1a: Mew\n|-damage|p1a: Mew|0 fnt\n|faint|p1a: Mew\n|-ability|p2a: Calyrex|Grim Neigh|boost\n|-boost|p2a: Calyrex|spa|1\n|\n|upkeep\n|\n|t:|1699861163\n|switch|p1a: Farigiraf|Farigiraf, M|100\/100\n|turn|14\n|\n|t:|1699861173\n|move|p2a: Calyrex|Psychic|p1a: Farigiraf\n|-resisted|p1a: Farigiraf\n|-damage|p1a: Farigiraf|28\/100\n|move|p1a: Farigiraf|Roar|p2a: Calyrex\n|drag|p2a: Zacian|Zacian-Crowned|100\/100\n|-ability|p2a: Zacian|Intrepid Sword|boost\n|-boost|p2a: Zacian|atk|1\n|\n|upkeep\n|turn|15\n|\n|t:|1699861189\n|switch|p1a: Magearna|Magearna|100\/100\n|move|p2a: Zacian|Behemoth Blade|p1a: Magearna\n|-damage|p1a: Magearna|34\/100\n|\n|upkeep\n|turn|16\n|\n|t:|1699861195\n|move|p2a: Zacian|Behemoth Blade|p1a: Magearna\n|-damage|p1a: Magearna|0 fnt\n|faint|p1a: Magearna\n|\n|upkeep\n|\n|t:|1699861197\n|switch|p1a: Grimmsnarl|Grimmsnarl, M|63\/100\n|turn|17\n|\n|t:|1699861202\n|move|p1a: Grimmsnarl|Reflect|p1a: Grimmsnarl\n|-sidestart|p1: Petar420|Reflect\n|move|p2a: Zacian|Behemoth Blade|p1a: Grimmsnarl\n|-supereffective|p1a: Grimmsnarl\n|-damage|p1a: Grimmsnarl|0 fnt\n|faint|p1a: Grimmsnarl\n|\n|upkeep\n|\n|t:|1699861206\n|switch|p1a: Oricorio|Oricorio-Pom-Pom, F|84\/100\n|turn|18\n|\n|t:|1699861213\n|move|p2a: Zacian|Behemoth Blade|p1a: Oricorio\n|-resisted|p1a: Oricorio\n|-damage|p1a: Oricorio|54\/100\n|move|p1a: Oricorio|Quiver Dance|p1a: Oricorio\n|-boost|p1a: Oricorio|spa|1\n|-boost|p1a: Oricorio|spd|1\n|-boost|p1a: Oricorio|spe|1\n|\n|upkeep\n|turn|19\n|\n|t:|1699861224\n|switch|p2a: Corviknight|Corviknight, F|86\/100\n|-ability|p2a: Corviknight|Pressure\n|move|p1a: Oricorio|Quiver Dance|p1a: Oricorio\n|-boost|p1a: Oricorio|spa|1\n|-boost|p1a: Oricorio|spd|1\n|-boost|p1a: Oricorio|spe|1\n|\n|upkeep\n|turn|20\n|\n|t:|1699861229\n|move|p1a: Oricorio|Taunt|p2a: Corviknight\n|-start|p2a: Corviknight|move: Taunt\n|cant|p2a: Corviknight|move: Taunt|Defog\n|\n|upkeep\n|turn|21\n|j| FlamingThunderG0d\n|\n|t:|1699861237\n|move|p1a: Oricorio|Baton Pass|p1a: Oricorio\n|\n|t:|1699861239\n|switch|p1a: Farigiraf|Farigiraf, M|28\/100|[from] Baton Pass\n|move|p2a: Corviknight|Brave Bird|p1a: Farigiraf\n|-damage|p1a: Farigiraf|12\/100\n|-enditem|p1a: Farigiraf|Starf Berry|[eat]\n|-boost|p1a: Farigiraf|def|2|[from] item: Starf Berry\n|-damage|p2a: Corviknight|80\/100|[from] Recoil\n|\n|upkeep\n|turn|22\n|\n|t:|1699861261\n|move|p2a: Corviknight|Body Press|p1a: Farigiraf\n|-damage|p1a: Farigiraf|5\/100\n|move|p1a: Farigiraf|Roar|p2a: Corviknight\n|drag|p2a: Zacian|Zacian-Crowned|100\/100\n|\n|-activate|p1a: Farigiraf|ability: Cud Chew\n|-enditem|p1a: Farigiraf|Starf Berry|[eat]\n|-boost|p1a: Farigiraf|spa|2|[from] item: Starf Berry\n|upkeep\n|turn|23\n|\n|t:|1699861270\n|move|p1a: Farigiraf|Baton Pass|p1a: Farigiraf\n|\n|t:|1699861280\n|switch|p1a: Miraidon|Miraidon|100\/100|[from] Baton Pass\n|-fieldstart|move: Electric Terrain|[from] ability: Hadron Engine|[of] p1a: Miraidon\n|move|p2a: Zacian|Behemoth Blade|p1a: Miraidon\n|-resisted|p1a: Miraidon\n|-damage|p1a: Miraidon|93\/100\n|\n|-heal|p1a: Miraidon|99\/100|[from] item: Leftovers\n|upkeep\n|turn|24\n|\n|t:|1699861292\n|switch|p2a: Corviknight|Corviknight, F|80\/100\n|-ability|p2a: Corviknight|Pressure\n|move|p1a: Miraidon|Parabolic Charge|p2a: Corviknight\n|-supereffective|p2a: Corviknight\n|-damage|p2a: Corviknight|0 fnt\n|-heal|p1a: Miraidon|100\/100|[from] drain|[of] p2a: Corviknight\n|faint|p2a: Corviknight\n|\n|-sideend|p1: Petar420|Reflect\n|upkeep\n|\n|t:|1699861296\n|switch|p2a: Ditto|Ditto|100\/100\n|-transform|p2a: Ditto|p1a: Miraidon|[from] ability: Imposter\n|-activate|p2a: Ditto|ability: Hadron Engine\n|turn|25\n|\n|t:|1699861312\n|-terastallize|p1a: Miraidon|Ice\n|move|p2a: Ditto|Parabolic Charge|p1a: Miraidon\n|-damage|p1a: Miraidon|25\/100\n|move|p1a: Miraidon|Tera Blast|p2a: Ditto|[anim] Tera Blast Ice\n|-supereffective|p2a: Ditto\n|-crit|p2a: Ditto\n|-damage|p2a: Ditto|0 fnt\n|faint|p2a: Ditto\n|\n|-heal|p1a: Miraidon|31\/100|[from] item: Leftovers\n|upkeep\n|\n|t:|1699861337\n|switch|p2a: Zacian|Zacian-Crowned|100\/100\n|turn|26\n|\n|t:|1699861342\n|-terastallize|p2a: Zacian|Ground\n|move|p1a: Miraidon|Parabolic Charge|p2a: Zacian\n|-immune|p2a: Zacian\n|move|p2a: Zacian|Behemoth Blade|p1a: Miraidon\n|-supereffective|p1a: Miraidon\n|-damage|p1a: Miraidon|0 fnt\n|faint|p1a: Miraidon\n|\n|upkeep\n|c|\u2606Petar420|lol\n|c|\u2606Petar420|gg\n|-message|Petar420 forfeited.\n|\n|win|Zen077\n|raw|Petar420's rating: 1763 &rarr; <strong>1737<\/strong><br \/>(-26 for losing)\n|raw|Zen077's rating: 1663 &rarr; <strong>1689<\/strong><br \/>(+26 for winning)\n|c|\u2606Zen077|Gg\n|c|\u2606Zen077|Nice match\n|l|\u2606Petar420\n","uploadtime":1699861645,"views":5,"p1id":"petar420","p2id":"zen077","formatid":"gen9anythinggoes","rating":1689,"private":0,"password":""}