{"id":"gen9anythinggoes-1988262628","p1":"rainq1","p2":"Funny jumpiiiiiii","format":"[Gen 9] Anything Goes","log":"|j|\u2606rainq1\n|j|\u2606Funny jumpiiiiiii\n|t:|1699697115\n|gametype|singles\n|player|p1|rainq1|lady-gen4|1542\n|player|p2|Funny jumpiiiiiii|dawn|1466\n|teamsize|p1|6\n|teamsize|p2|6\n|gen|9\n|tier|[Gen 9] Anything Goes\n|rated|\n|rule|HP Percentage Mod: HP is shown in percentages\n|rule|Endless Battle Clause: Forcing endless battles is banned\n|clearpoke\n|poke|p1|Ditto|\n|poke|p1|Calyrex-Shadow|\n|poke|p1|Toxapex, F|\n|poke|p1|Ting-Lu|\n|poke|p1|Eternatus|\n|poke|p1|Arceus|\n|poke|p2|Ting-Lu|\n|poke|p2|Ditto|\n|poke|p2|Arceus|\n|poke|p2|Calyrex-Shadow|\n|poke|p2|Toxapex, F|\n|poke|p2|Eternatus|\n|teampreview\n|inactive|Battle timer is ON: inactive players will automatically lose when time's up. (requested by rainq1)\n|c|\u2606Funny jumpiiiiiii|\u4f60\u597d\n|\n|t:|1699697140\n|start\n|switch|p1a: Ting-Lu|Ting-Lu|100\/100\n|switch|p2a: Ting-Lu|Ting-Lu|100\/100\n|-ability|p2a: Ting-Lu|Vessel of Ruin\n|-ability|p1a: Ting-Lu|Vessel of Ruin\n|turn|1\n|\n|t:|1699697146\n|move|p2a: Ting-Lu|Spikes|p1a: Ting-Lu\n|-sidestart|p1: rainq1|Spikes\n|move|p1a: Ting-Lu|Stealth Rock|p2a: Ting-Lu\n|-sidestart|p2: Funny jumpiiiiiii|move: Stealth Rock\n|\n|upkeep\n|turn|2\n|\n|t:|1699697150\n|move|p2a: Ting-Lu|Stealth Rock|p1a: Ting-Lu\n|-sidestart|p1: rainq1|move: Stealth Rock\n|move|p1a: Ting-Lu|Spikes|p2a: Ting-Lu\n|-sidestart|p2: Funny jumpiiiiiii|Spikes\n|\n|upkeep\n|turn|3\n|\n|t:|1699697157\n|move|p2a: Ting-Lu|Spikes|p1a: Ting-Lu\n|-sidestart|p1: rainq1|Spikes\n|move|p1a: Ting-Lu|Spikes|p2a: Ting-Lu\n|-sidestart|p2: Funny jumpiiiiiii|Spikes\n|\n|upkeep\n|turn|4\n|\n|t:|1699697161\n|move|p2a: Ting-Lu|Spikes|p1a: Ting-Lu\n|-sidestart|p1: rainq1|Spikes\n|move|p1a: Ting-Lu|Spikes|p2a: Ting-Lu\n|-sidestart|p2: Funny jumpiiiiiii|Spikes\n|\n|upkeep\n|turn|5\n|\n|t:|1699697164\n|move|p2a: Ting-Lu|Whirlwind|p1a: Ting-Lu\n|drag|p1a: Ditto|Ditto, shiny|100\/100\n|-damage|p1a: Ditto|75\/100|[from] Spikes\n|-damage|p1a: Ditto|63\/100|[from] Stealth Rock\n|-transform|p1a: Ditto|p2a: Ting-Lu|[from] ability: Imposter\n|-ability|p1a: Ditto|Vessel of Ruin\n|\n|upkeep\n|turn|6\n|\n|t:|1699697175\n|move|p1a: Ditto|Whirlwind|p2a: Ting-Lu\n|drag|p2a: Arceus|Arceus|100\/100\n|-damage|p2a: Arceus|88\/100|[from] Stealth Rock\n|-damage|p2a: Arceus|63\/100|[from] Spikes\n|\n|-heal|p2a: Arceus|69\/100|[from] item: Leftovers\n|upkeep\n|turn|7\n|\n|t:|1699697180\n|move|p2a: Arceus|Will-O-Wisp|p1a: Ditto\n|-status|p1a: Ditto|brn\n|move|p1a: Ditto|Whirlwind|p2a: Arceus\n|drag|p2a: Ditto|Ditto, shiny|100\/100\n|-damage|p2a: Ditto|88\/100|[from] Stealth Rock\n|-damage|p2a: Ditto|63\/100|[from] Spikes\n|\n|-damage|p1a: Ditto|57\/100 brn|[from] brn\n|upkeep\n|turn|8\n|\n|t:|1699697188\n|switch|p2a: Eternatus|Eternatus|100\/100\n|-ability|p2a: Eternatus|Pressure\n|move|p1a: Ditto|Whirlwind|p2a: Eternatus\n|drag|p2a: Ditto|Ditto, shiny|63\/100\n|-damage|p2a: Ditto|51\/100|[from] Stealth Rock\n|-damage|p2a: Ditto|26\/100|[from] Spikes\n|\n|-damage|p1a: Ditto|51\/100 brn|[from] brn\n|upkeep\n|turn|9\n|\n|t:|1699697196\n|switch|p2a: Eternatus|Eternatus|100\/100\n|-ability|p2a: Eternatus|Pressure\n|move|p1a: Ditto|Whirlwind|p2a: Eternatus\n|drag|p2a: Calyrex|Calyrex-Shadow|100\/100\n|-ability|p2a: Calyrex|As One\n|-ability|p2a: Calyrex|Unnerve\n|-damage|p2a: Calyrex|88\/100|[from] Stealth Rock\n|-damage|p2a: Calyrex|63\/100|[from] Spikes\n|\n|-damage|p1a: Ditto|45\/100 brn|[from] brn\n|upkeep\n|turn|10\n|\n|t:|1699697201\n|switch|p1a: Ting-Lu|Ting-Lu|100\/100\n|-damage|p1a: Ting-Lu|76\/100|[from] Spikes\n|-damage|p1a: Ting-Lu|69\/100|[from] Stealth Rock\n|-ability|p1a: Ting-Lu|Vessel of Ruin\n|move|p2a: Calyrex|Grass Knot|p1a: Ting-Lu\n|-supereffective|p1a: Ting-Lu\n|-damage|p1a: Ting-Lu|24\/100\n|\n|-heal|p1a: Ting-Lu|30\/100|[from] item: Leftovers\n|upkeep\n|turn|11\n|\n|t:|1699697211\n|move|p2a: Calyrex|Grass Knot|p1a: Ting-Lu\n|-supereffective|p1a: Ting-Lu\n|-damage|p1a: Ting-Lu|0 fnt\n|faint|p1a: Ting-Lu\n|-ability|p2a: Calyrex|Grim Neigh|boost\n|-boost|p2a: Calyrex|spa|1\n|\n|upkeep\n|inactive|rainq1 has 120 seconds left.\n|\n|t:|1699697240\n|switch|p1a: Calyrex|Calyrex-Shadow|100\/100\n|-ability|p1a: Calyrex|As One\n|-ability|p1a: Calyrex|Unnerve\n|-damage|p1a: Calyrex|76\/100|[from] Spikes\n|-damage|p1a: Calyrex|63\/100|[from] Stealth Rock\n|turn|12\n|inactive|rainq1 has 120 seconds left.\n|\n|t:|1699697254\n|switch|p2a: Eternatus|Eternatus|100\/100\n|-ability|p2a: Eternatus|Pressure\n|-terastallize|p1a: Calyrex|Normal\n|move|p1a: Calyrex|Psyshock|p2a: Eternatus\n|-supereffective|p2a: Eternatus\n|-damage|p2a: Eternatus|28\/100\n|\n|upkeep\n|turn|13\n|\n|t:|1699697262\n|switch|p2a: Ditto|Ditto, shiny|26\/100\n|-damage|p2a: Ditto|14\/100|[from] Stealth Rock\n|-damage|p2a: Ditto|0 fnt|[from] Spikes\n|faint|p2a: Ditto\n|move|p1a: Calyrex|Psyshock|p2: Ditto|[notarget]\n|-fail|p1a: Calyrex\n|\n|upkeep\n|\n|t:|1699697270\n|switch|p2a: Ting-Lu|Ting-Lu|100\/100\n|-damage|p2a: Ting-Lu|94\/100|[from] Stealth Rock\n|-damage|p2a: Ting-Lu|69\/100|[from] Spikes\n|-ability|p2a: Ting-Lu|Vessel of Ruin\n|turn|14\n|\n|t:|1699697277\n|switch|p1a: Eternatus|Eternatus|100\/100\n|-ability|p1a: Eternatus|Pressure\n|move|p2a: Ting-Lu|Whirlwind|p1a: Eternatus\n|drag|p1a: Toxapex|Toxapex, F|100\/100\n|-damage|p1a: Toxapex|76\/100|[from] Spikes\n|-damage|p1a: Toxapex|64\/100|[from] Stealth Rock\n|\n|-heal|p2a: Ting-Lu|76\/100|[from] item: Leftovers\n|upkeep\n|turn|15\n|\n|t:|1699697287\n|move|p2a: Ting-Lu|Earthquake|p1a: Toxapex\n|-supereffective|p1a: Toxapex\n|-damage|p1a: Toxapex|21\/100\n|move|p1a: Toxapex|Toxic|p2a: Ting-Lu\n|-status|p2a: Ting-Lu|tox\n|\n|-heal|p2a: Ting-Lu|82\/100 tox|[from] item: Leftovers\n|-damage|p2a: Ting-Lu|76\/100 tox|[from] psn\n|upkeep\n|turn|16\n|\n|t:|1699697293\n|switch|p1a: Eternatus|Eternatus|100\/100\n|-ability|p1a: Eternatus|Pressure\n|move|p2a: Ting-Lu|Whirlwind|p1a: Eternatus\n|drag|p1a: Arceus|Arceus|100\/100\n|-damage|p1a: Arceus|76\/100|[from] Spikes\n|-damage|p1a: Arceus|63\/100|[from] Stealth Rock\n|\n|-heal|p1a: Arceus|69\/100|[from] item: Leftovers\n|-heal|p2a: Ting-Lu|82\/100 tox|[from] item: Leftovers\n|-damage|p2a: Ting-Lu|69\/100 tox|[from] psn\n|upkeep\n|turn|17\n|\n|t:|1699697304\n|move|p1a: Arceus|Extreme Speed|p2a: Ting-Lu\n|-damage|p2a: Ting-Lu|44\/100 tox\n|move|p2a: Ting-Lu|Whirlwind|p1a: Arceus\n|drag|p1a: Ditto|Ditto, shiny|45\/100 brn\n|-damage|p1a: Ditto|20\/100 brn|[from] Spikes\n|-damage|p1a: Ditto|8\/100 brn|[from] Stealth Rock\n|-transform|p1a: Ditto|p2a: Ting-Lu|[from] ability: Imposter\n|-ability|p1a: Ditto|Vessel of Ruin\n|\n|-heal|p2a: Ting-Lu|50\/100 tox|[from] item: Leftovers\n|-damage|p2a: Ting-Lu|32\/100 tox|[from] psn\n|-damage|p1a: Ditto|2\/100 brn|[from] brn\n|upkeep\n|turn|18\n|\n|t:|1699697311\n|move|p2a: Ting-Lu|Earthquake|p1a: Ditto\n|-damage|p1a: Ditto|0 fnt\n|faint|p1a: Ditto\n|\n|-heal|p2a: Ting-Lu|38\/100 tox|[from] item: Leftovers\n|-damage|p2a: Ting-Lu|13\/100 tox|[from] psn\n|upkeep\n|\n|t:|1699697318\n|switch|p1a: Calyrex|Calyrex-Shadow, tera:Normal|63\/100\n|-ability|p1a: Calyrex|As One\n|-ability|p1a: Calyrex|Unnerve\n|-damage|p1a: Calyrex|38\/100|[from] Spikes\n|-damage|p1a: Calyrex|26\/100|[from] Stealth Rock\n|turn|19\n|\n|t:|1699697325\n|switch|p2a: Toxapex|Toxapex, F|100\/100\n|-damage|p2a: Toxapex|88\/100|[from] Stealth Rock\n|-damage|p2a: Toxapex|64\/100|[from] Spikes\n|move|p1a: Calyrex|Psyshock|p2a: Toxapex\n|-supereffective|p2a: Toxapex\n|-damage|p2a: Toxapex|4\/100\n|\n|upkeep\n|turn|20\n|\n|t:|1699697335\n|switch|p2a: Ting-Lu|Ting-Lu|13\/100 tox\n|-damage|p2a: Ting-Lu|7\/100 tox|[from] Stealth Rock\n|-damage|p2a: Ting-Lu|0 fnt|[from] Spikes\n|faint|p2a: Ting-Lu\n|move|p1a: Calyrex|Psyshock|p2: Ting-Lu|[notarget]\n|-fail|p1a: Calyrex\n|\n|upkeep\n|\n|t:|1699697339\n|switch|p2a: Arceus|Arceus|69\/100\n|-damage|p2a: Arceus|57\/100|[from] Stealth Rock\n|-damage|p2a: Arceus|32\/100|[from] Spikes\n|turn|21\n|j| isurmomcuteaf\n|\n|t:|1699697347\n|move|p2a: Arceus|Extreme Speed|p1a: Calyrex\n|-damage|p1a: Calyrex|0 fnt\n|faint|p1a: Calyrex\n|\n|-heal|p2a: Arceus|38\/100|[from] item: Leftovers\n|upkeep\n|\n|t:|1699697359\n|switch|p1a: Eternatus|Eternatus|100\/100\n|-ability|p1a: Eternatus|Pressure\n|turn|22\n|\n|t:|1699697366\n|switch|p2a: Eternatus|Eternatus|28\/100\n|-ability|p2a: Eternatus|Pressure\n|move|p1a: Eternatus|Sludge Bomb|p2a: Eternatus\n|-resisted|p2a: Eternatus\n|-damage|p2a: Eternatus|14\/100\n|\n|upkeep\n|turn|23\n|\n|t:|1699697373\n|move|p1a: Eternatus|Sludge Bomb|p2a: Eternatus\n|-resisted|p2a: Eternatus\n|-damage|p2a: Eternatus|1\/100\n|move|p2a: Eternatus|Recover|p2a: Eternatus\n|-heal|p2a: Eternatus|51\/100\n|\n|upkeep\n|turn|24\n|\n|t:|1699697376\n|move|p1a: Eternatus|Flamethrower|p2a: Eternatus\n|-resisted|p2a: Eternatus\n|-damage|p2a: Eternatus|43\/100\n|move|p2a: Eternatus|Recover|p2a: Eternatus\n|-heal|p2a: Eternatus|93\/100\n|\n|upkeep\n|turn|25\n|\n|t:|1699697382\n|move|p1a: Eternatus|Toxic Spikes|p2a: Eternatus\n|-sidestart|p2: Funny jumpiiiiiii|move: Toxic Spikes\n|move|p2a: Eternatus|Flamethrower|p1a: Eternatus\n|-resisted|p1a: Eternatus\n|-damage|p1a: Eternatus|92\/100\n|\n|upkeep\n|turn|26\n|\n|t:|1699697385\n|move|p1a: Eternatus|Toxic Spikes|p2a: Eternatus\n|-sidestart|p2: Funny jumpiiiiiii|move: Toxic Spikes\n|move|p2a: Eternatus|Flamethrower|p1a: Eternatus\n|-resisted|p1a: Eternatus\n|-damage|p1a: Eternatus|83\/100\n|\n|upkeep\n|turn|27\n|\n|t:|1699697390\n|move|p1a: Eternatus|Flamethrower|p2a: Eternatus\n|-resisted|p2a: Eternatus\n|-damage|p2a: Eternatus|84\/100\n|move|p2a: Eternatus|Flamethrower|p1a: Eternatus\n|-resisted|p1a: Eternatus\n|-crit|p1a: Eternatus\n|-damage|p1a: Eternatus|70\/100\n|\n|upkeep\n|turn|28\n|\n|t:|1699697397\n|switch|p1a: Toxapex|Toxapex, F|55\/100\n|-damage|p1a: Toxapex|30\/100|[from] Spikes\n|-damage|p1a: Toxapex|18\/100|[from] Stealth Rock\n|move|p2a: Eternatus|Flamethrower|p1a: Toxapex\n|-resisted|p1a: Toxapex\n|-damage|p1a: Toxapex|6\/100\n|\n|upkeep\n|turn|29\n|\n|t:|1699697402\n|move|p2a: Eternatus|Flamethrower|p1a: Toxapex\n|-resisted|p1a: Toxapex\n|-damage|p1a: Toxapex|0 fnt\n|faint|p1a: Toxapex\n|\n|upkeep\n|\n|t:|1699697405\n|switch|p1a: Arceus|Arceus|69\/100\n|-damage|p1a: Arceus|45\/100|[from] Spikes\n|-damage|p1a: Arceus|32\/100|[from] Stealth Rock\n|turn|30\n|\n|t:|1699697408\n|move|p2a: Eternatus|Sludge Bomb|p1a: Arceus\n|-damage|p1a: Arceus|4\/100\n|move|p1a: Arceus|Swords Dance|p1a: Arceus\n|-boost|p1a: Arceus|atk|2\n|\n|-heal|p1a: Arceus|10\/100|[from] item: Leftovers\n|upkeep\n|turn|31\n|\n|t:|1699697411\n|switch|p2a: Toxapex|Toxapex, F|37\/100\n|-damage|p2a: Toxapex|25\/100|[from] Stealth Rock\n|-damage|p2a: Toxapex|0 fnt|[from] Spikes\n|-sideend|p2: Funny jumpiiiiiii|move: Toxic Spikes|[of] p2a: Toxapex\n|faint|p2a: Toxapex\n|move|p1a: Arceus|Extreme Speed|p2: Toxapex|[notarget]\n|-fail|p1a: Arceus\n|\n|-heal|p1a: Arceus|16\/100|[from] item: Leftovers\n|upkeep\n|\n|t:|1699697415\n|switch|p2a: Calyrex|Calyrex-Shadow|63\/100\n|-ability|p2a: Calyrex|As One\n|-ability|p2a: Calyrex|Unnerve\n|-damage|p2a: Calyrex|51\/100|[from] Stealth Rock\n|-damage|p2a: Calyrex|26\/100|[from] Spikes\n|turn|32\n|\n|t:|1699697421\n|move|p2a: Calyrex|Psyshock|p1a: Arceus\n|-damage|p1a: Arceus|0 fnt\n|faint|p1a: Arceus\n|-ability|p2a: Calyrex|Grim Neigh|boost\n|-boost|p2a: Calyrex|spa|1\n|\n|upkeep\n|\n|t:|1699697424\n|switch|p1a: Eternatus|Eternatus|70\/100\n|-ability|p1a: Eternatus|Pressure\n|turn|33\n|\n|t:|1699697426\n|move|p2a: Calyrex|Psyshock|p1a: Eternatus\n|-supereffective|p1a: Eternatus\n|-damage|p1a: Eternatus|0 fnt\n|faint|p1a: Eternatus\n|\n|win|Funny jumpiiiiiii\n|raw|rainq1's rating: 1542 &rarr; <strong>1518<\/strong><br \/>(-24 for losing)\n|raw|Funny jumpiiiiiii's rating: 1466 &rarr; <strong>1490<\/strong><br \/>(+24 for winning)\n|l|\u2606rainq1\n","uploadtime":1699697436,"views":4,"p1id":"rainq1","p2id":"funnyjumpiiiiiii","formatid":"gen9anythinggoes","rating":1490,"private":0,"password":""}