{"id":"gen9anythinggoes-1979001370","p1":"BTT2023","p2":"PhotosFromJames","format":"[Gen 9] Anything Goes","log":"|j|\u2606BTT2023\n|j|\u2606PhotosFromJames\n|t:|1698619658\n|gametype|singles\n|player|p1|BTT2023|red|1176\n|player|p2|PhotosFromJames|169|1216\n|teamsize|p1|6\n|teamsize|p2|6\n|gen|9\n|tier|[Gen 9] Anything Goes\n|rated|\n|rule|HP Percentage Mod: HP is shown in percentages\n|rule|Endless Battle Clause: Forcing endless battles is banned\n|clearpoke\n|poke|p1|Rayquaza|\n|poke|p1|Talonflame, F|\n|poke|p1|Corviknight, M|\n|poke|p1|Charizard, M|\n|poke|p1|Hawlucha, M|\n|poke|p1|Mightyena, M|\n|poke|p2|Arboliva, F|\n|poke|p2|Ceruledge, M|\n|poke|p2|Glimmora, F|\n|poke|p2|Mandibuzz, F|\n|poke|p2|Clodsire, F|\n|poke|p2|Sneasler, M|\n|teampreview\n|c|\u2606BTT2023|Go Team Sky!\n|\n|t:|1698619678\n|start\n|switch|p1a: Mightyena|Mightyena, M|100\/100\n|switch|p2a: Glimmora|Glimmora, F|100\/100\n|turn|1\n|\n|t:|1698619691\n|move|p1a: Mightyena|Crunch|p2a: Glimmora\n|-damage|p2a: Glimmora|68\/100\n|-activate|p2a: Glimmora|ability: Toxic Debris\n|-sidestart|p1: BTT2023|move: Toxic Spikes\n|-damage|p1a: Mightyena|91\/100|[from] item: Life Orb\n|move|p2a: Glimmora|Power Gem|p1a: Mightyena\n|-damage|p1a: Mightyena|12\/100\n|\n|upkeep\n|turn|2\n|\n|t:|1698619701\n|move|p1a: Mightyena|Crunch|p2a: Glimmora\n|-damage|p2a: Glimmora|36\/100\n|-activate|p2a: Glimmora|ability: Toxic Debris\n|-sidestart|p1: BTT2023|move: Toxic Spikes\n|-damage|p1a: Mightyena|2\/100|[from] item: Life Orb\n|move|p2a: Glimmora|Power Gem|p1a: Mightyena\n|-damage|p1a: Mightyena|0 fnt\n|faint|p1a: Mightyena\n|\n|upkeep\n|\n|t:|1698619730\n|switch|p1a: Corviknight|Corviknight, M|100\/100\n|-ability|p1a: Corviknight|Pressure\n|turn|3\n|\n|t:|1698619761\n|switch|p2a: Arboliva|Arboliva, F|100\/100\n|move|p1a: Corviknight|Iron Head|p2a: Arboliva\n|-damage|p2a: Arboliva|76\/100\n|\n|upkeep\n|turn|4\n|\n|t:|1698619769\n|move|p1a: Corviknight|Defog|p2a: Arboliva\n|-unboost|p2a: Arboliva|evasion|1\n|-sideend|p1: BTT2023|Toxic Spikes|[from] move: Defog|[of] p1a: Corviknight\n|move|p2a: Arboliva|Leech Seed|p1a: Corviknight\n|-start|p1a: Corviknight|move: Leech Seed\n|\n|-damage|p1a: Corviknight|88\/100|[from] Leech Seed|[of] p2a: Arboliva\n|-heal|p2a: Arboliva|90\/100|[silent]\n|upkeep\n|turn|5\n|\n|t:|1698619813\n|move|p1a: Corviknight|Defog|p2a: Arboliva\n|-unboost|p2a: Arboliva|evasion|1\n|move|p2a: Arboliva|Substitute|p2a: Arboliva\n|-start|p2a: Arboliva|Substitute\n|-damage|p2a: Arboliva|66\/100\n|\n|-heal|p1a: Corviknight|94\/100|[from] item: Leftovers\n|-damage|p1a: Corviknight|82\/100|[from] Leech Seed|[of] p2a: Arboliva\n|-heal|p2a: Arboliva|80\/100|[silent]\n|upkeep\n|turn|6\n|\n|t:|1698619822\n|move|p1a: Corviknight|U-turn|p2a: Arboliva\n|-supereffective|p2a: Arboliva\n|-end|p2a: Arboliva|Substitute\n|\n|t:|1698619835\n|switch|p1a: Talonflame|Talonflame, F|100\/100|[from] U-turn\n|move|p2a: Arboliva|Strength Sap|p1a: Talonflame\n|-unboost|p1a: Talonflame|atk|1\n|-heal|p2a: Arboliva|100\/100\n|\n|upkeep\n|turn|7\n|\n|t:|1698619864\n|switch|p2a: Mandibuzz|Mandibuzz, F|100\/100\n|move|p1a: Talonflame|Will-O-Wisp|p2a: Mandibuzz\n|-status|p2a: Mandibuzz|brn\n|\n|-damage|p2a: Mandibuzz|94\/100 brn|[from] brn\n|upkeep\n|turn|8\n|\n|t:|1698619874\n|move|p1a: Talonflame|Flame Charge|p2a: Mandibuzz\n|-damage|p2a: Mandibuzz|89\/100 brn\n|-boost|p1a: Talonflame|spe|1\n|move|p2a: Mandibuzz|Toxic|p1a: Talonflame\n|-status|p1a: Talonflame|tox\n|\n|-damage|p1a: Talonflame|94\/100 tox|[from] psn\n|-damage|p2a: Mandibuzz|83\/100 brn|[from] brn\n|upkeep\n|turn|9\n|\n|t:|1698619883\n|move|p1a: Talonflame|Brave Bird|p2a: Mandibuzz\n|-damage|p2a: Mandibuzz|69\/100 brn\n|-damage|p1a: Talonflame|89\/100 tox|[from] Recoil\n|move|p2a: Mandibuzz|Knock Off|p1a: Talonflame\n|-damage|p1a: Talonflame|74\/100 tox\n|-enditem|p1a: Talonflame|Heavy-Duty Boots|[from] move: Knock Off|[of] p2a: Mandibuzz\n|\n|-damage|p1a: Talonflame|62\/100 tox|[from] psn\n|-damage|p2a: Mandibuzz|63\/100 brn|[from] brn\n|upkeep\n|turn|10\n|\n|t:|1698619906\n|move|p1a: Talonflame|Flame Charge|p2a: Mandibuzz\n|-damage|p2a: Mandibuzz|57\/100 brn\n|-boost|p1a: Talonflame|spe|1\n|move|p2a: Mandibuzz|Roost|p2a: Mandibuzz\n|-heal|p2a: Mandibuzz|100\/100 brn\n|-singleturn|p2a: Mandibuzz|move: Roost\n|\n|-damage|p1a: Talonflame|43\/100 tox|[from] psn\n|-damage|p2a: Mandibuzz|94\/100 brn|[from] brn\n|upkeep\n|turn|11\n|\n|t:|1698619939\n|move|p1a: Talonflame|Brave Bird|p2a: Mandibuzz\n|-damage|p2a: Mandibuzz|82\/100 brn\n|-damage|p1a: Talonflame|38\/100 tox|[from] Recoil\n|move|p2a: Mandibuzz|U-turn|p1a: Talonflame\n|-resisted|p1a: Talonflame\n|-damage|p1a: Talonflame|36\/100 tox\n|\n|t:|1698619945\n|switch|p2a: Clodsire|Clodsire, F|100\/100|[from] U-turn\n|\n|-damage|p1a: Talonflame|12\/100 tox|[from] psn\n|upkeep\n|turn|12\n|\n|t:|1698619951\n|move|p1a: Talonflame|Will-O-Wisp|p2a: Clodsire\n|-status|p2a: Clodsire|brn\n|move|p2a: Clodsire|Spikes|p1a: Talonflame\n|-sidestart|p1: BTT2023|Spikes\n|\n|-damage|p1a: Talonflame|0 fnt|[from] psn\n|faint|p1a: Talonflame\n|-damage|p2a: Clodsire|94\/100 brn|[from] brn\n|upkeep\n|\n|t:|1698619971\n|switch|p1a: Rayquaza|Rayquaza|100\/100\n|-ability|p1a: Rayquaza|Air Lock\n|turn|13\n|\n|t:|1698619993\n|switch|p2a: Mandibuzz|Mandibuzz, F|82\/100 brn\n|move|p1a: Rayquaza|Dragon Dance|p1a: Rayquaza\n|-boost|p1a: Rayquaza|atk|1\n|-boost|p1a: Rayquaza|spe|1\n|\n|-damage|p2a: Mandibuzz|75\/100 brn|[from] brn\n|upkeep\n|turn|14\n|\n|t:|1698620000\n|move|p1a: Rayquaza|Dragon Dance|p1a: Rayquaza\n|-boost|p1a: Rayquaza|atk|1\n|-boost|p1a: Rayquaza|spe|1\n|move|p2a: Mandibuzz|Toxic|p1a: Rayquaza\n|-status|p1a: Rayquaza|tox\n|\n|-damage|p1a: Rayquaza|95\/100 tox|[from] psn\n|-damage|p2a: Mandibuzz|69\/100 brn|[from] brn\n|upkeep\n|turn|15\n|\n|t:|1698620016\n|switch|p2a: Clodsire|Clodsire, F|94\/100 brn\n|move|p1a: Rayquaza|Extreme Speed|p2a: Clodsire\n|-damage|p2a: Clodsire|68\/100 brn\n|\n|-heal|p2a: Clodsire|74\/100 brn|[from] item: Leftovers\n|-damage|p1a: Rayquaza|83\/100 tox|[from] psn\n|-damage|p2a: Clodsire|68\/100 brn|[from] brn\n|upkeep\n|turn|16\n|\n|t:|1698620027\n|move|p1a: Rayquaza|Earthquake|p2a: Clodsire\n|-supereffective|p2a: Clodsire\n|-damage|p2a: Clodsire|11\/100 brn\n|move|p2a: Clodsire|Recover|p2a: Clodsire\n|-heal|p2a: Clodsire|61\/100 brn\n|\n|-heal|p2a: Clodsire|67\/100 brn|[from] item: Leftovers\n|-damage|p1a: Rayquaza|65\/100 tox|[from] psn\n|-damage|p2a: Clodsire|61\/100 brn|[from] brn\n|upkeep\n|turn|17\n|\n|t:|1698620037\n|switch|p2a: Mandibuzz|Mandibuzz, F|69\/100 brn\n|move|p1a: Rayquaza|Earthquake|p2a: Mandibuzz\n|-immune|p2a: Mandibuzz\n|\n|-damage|p1a: Rayquaza|41\/100 tox|[from] psn\n|-damage|p2a: Mandibuzz|63\/100 brn|[from] brn\n|upkeep\n|turn|18\n|\n|t:|1698620043\n|switch|p2a: Ceruledge|Ceruledge, M|100\/100\n|move|p1a: Rayquaza|Dragon Ascent|p2a: Ceruledge\n|-damage|p2a: Ceruledge|0 fnt\n|-unboost|p1a: Rayquaza|def|1\n|-unboost|p1a: Rayquaza|spd|1\n|faint|p2a: Ceruledge\n|\n|-damage|p1a: Rayquaza|11\/100 tox|[from] psn\n|upkeep\n|\n|t:|1698620056\n|switch|p2a: Clodsire|Clodsire, F|61\/100 brn\n|turn|19\n|\n|t:|1698620062\n|move|p1a: Rayquaza|Dragon Ascent|p2a: Clodsire\n|-damage|p2a: Clodsire|8\/100 brn\n|-unboost|p1a: Rayquaza|def|1\n|-unboost|p1a: Rayquaza|spd|1\n|move|p2a: Clodsire|Recover|p2a: Clodsire\n|-heal|p2a: Clodsire|58\/100 brn\n|\n|-heal|p2a: Clodsire|64\/100 brn|[from] item: Leftovers\n|-damage|p1a: Rayquaza|0 fnt|[from] psn\n|faint|p1a: Rayquaza\n|-damage|p2a: Clodsire|58\/100 brn|[from] brn\n|upkeep\n|\n|t:|1698620077\n|switch|p1a: Hawlucha|Hawlucha, M|100\/100\n|-ability|p1a: Hawlucha|Mold Breaker\n|turn|20\n|\n|t:|1698620136\n|move|p1a: Hawlucha|Swords Dance|p1a: Hawlucha\n|-boost|p1a: Hawlucha|atk|2\n|move|p2a: Clodsire|Recover|p2a: Clodsire\n|-heal|p2a: Clodsire|100\/100 brn\n|\n|-damage|p2a: Clodsire|94\/100 brn|[from] brn\n|upkeep\n|turn|21\n|\n|t:|1698620143\n|move|p1a: Hawlucha|Swords Dance|p1a: Hawlucha\n|-boost|p1a: Hawlucha|atk|2\n|move|p2a: Clodsire|Haze|p2a: Clodsire\n|-clearallboost\n|\n|-heal|p2a: Clodsire|100\/100 brn|[from] item: Leftovers\n|-damage|p2a: Clodsire|94\/100 brn|[from] brn\n|upkeep\n|turn|22\n|\n|t:|1698620149\n|switch|p2a: Mandibuzz|Mandibuzz, F|63\/100 brn\n|move|p1a: Hawlucha|Swords Dance|p1a: Hawlucha\n|-boost|p1a: Hawlucha|atk|2\n|\n|-damage|p2a: Mandibuzz|57\/100 brn|[from] brn\n|upkeep\n|turn|23\n|\n|t:|1698620157\n|move|p1a: Hawlucha|Close Combat|p2a: Mandibuzz\n|-damage|p2a: Mandibuzz|3\/100 brn\n|-unboost|p1a: Hawlucha|def|1\n|-unboost|p1a: Hawlucha|spd|1\n|move|p2a: Mandibuzz|Toxic|p1a: Hawlucha\n|-status|p1a: Hawlucha|tox\n|\n|-damage|p1a: Hawlucha|94\/100 tox|[from] psn\n|-damage|p2a: Mandibuzz|0 fnt|[from] brn\n|faint|p2a: Mandibuzz\n|upkeep\n|\n|t:|1698620170\n|switch|p2a: Clodsire|Clodsire, F|94\/100 brn\n|turn|24\n|\n|t:|1698620178\n|move|p1a: Hawlucha|Baton Pass|p1a: Hawlucha\n|\n|t:|1698620184\n|switch|p1a: Charizard|Charizard, M|100\/100|[from] Baton Pass\n|move|p2a: Clodsire|Spikes|p1a: Charizard\n|-sidestart|p1: BTT2023|Spikes\n|\n|-heal|p2a: Clodsire|100\/100 brn|[from] item: Leftovers\n|-damage|p2a: Clodsire|94\/100 brn|[from] brn\n|upkeep\n|turn|25\n|\n|t:|1698620235\n|move|p1a: Charizard|Flamethrower|p2a: Clodsire\n|-damage|p2a: Clodsire|52\/100 brn\n|move|p2a: Clodsire|Haze|p2a: Clodsire\n|-clearallboost\n|\n|-heal|p2a: Clodsire|59\/100 brn|[from] item: Leftovers\n|-damage|p2a: Clodsire|52\/100 brn|[from] brn\n|upkeep\n|turn|26\n|\n|t:|1698620252\n|move|p1a: Charizard|Flamethrower|p2a: Clodsire\n|-damage|p2a: Clodsire|5\/100 brn\n|move|p2a: Clodsire|Recover|p2a: Clodsire\n|-heal|p2a: Clodsire|56\/100 brn\n|\n|-heal|p2a: Clodsire|62\/100 brn|[from] item: Leftovers\n|-damage|p2a: Clodsire|56\/100 brn|[from] brn\n|upkeep\n|turn|27\n|\n|t:|1698620260\n|move|p1a: Charizard|Flamethrower|p2a: Clodsire\n|-damage|p2a: Clodsire|12\/100 brn\n|move|p2a: Clodsire|Recover|p2a: Clodsire\n|-heal|p2a: Clodsire|62\/100 brn\n|\n|-heal|p2a: Clodsire|68\/100 brn|[from] item: Leftovers\n|-damage|p2a: Clodsire|62\/100 brn|[from] brn\n|upkeep\n|turn|28\n|\n|t:|1698620268\n|move|p1a: Charizard|Flamethrower|p2a: Clodsire\n|-damage|p2a: Clodsire|18\/100 brn\n|move|p2a: Clodsire|Recover|p2a: Clodsire\n|-heal|p2a: Clodsire|68\/100 brn\n|\n|-heal|p2a: Clodsire|74\/100 brn|[from] item: Leftovers\n|-damage|p2a: Clodsire|68\/100 brn|[from] brn\n|upkeep\n|turn|29\n|\n|t:|1698620275\n|move|p1a: Charizard|Flamethrower|p2a: Clodsire\n|-damage|p2a: Clodsire|24\/100 brn\n|move|p2a: Clodsire|Recover|p2a: Clodsire\n|-heal|p2a: Clodsire|74\/100 brn\n|\n|-heal|p2a: Clodsire|80\/100 brn|[from] item: Leftovers\n|-damage|p2a: Clodsire|74\/100 brn|[from] brn\n|upkeep\n|turn|30\n|\n|t:|1698620301\n|move|p1a: Charizard|Flamethrower|p2a: Clodsire\n|-damage|p2a: Clodsire|29\/100 brn\n|move|p2a: Clodsire|Recover|p2a: Clodsire\n|-heal|p2a: Clodsire|79\/100 brn\n|\n|-heal|p2a: Clodsire|85\/100 brn|[from] item: Leftovers\n|-damage|p2a: Clodsire|79\/100 brn|[from] brn\n|upkeep\n|turn|31\n|\n|t:|1698620309\n|switch|p2a: Glimmora|Glimmora, F|36\/100\n|move|p1a: Charizard|Flamethrower|p2a: Glimmora\n|-resisted|p2a: Glimmora\n|-damage|p2a: Glimmora|11\/100\n|\n|upkeep\n|turn|32\n|\n|t:|1698620317\n|move|p1a: Charizard|Flamethrower|p2a: Glimmora\n|-resisted|p2a: Glimmora\n|-crit|p2a: Glimmora\n|-damage|p2a: Glimmora|0 fnt\n|faint|p2a: Glimmora\n|\n|upkeep\n|\n|t:|1698620381\n|switch|p2a: Sneasler|Sneasler, M|100\/100\n|-ability|p2a: Sneasler|Pressure\n|turn|33\n|inactive|Battle timer is ON: inactive players will automatically lose when time's up. (requested by BTT2023)\n|\n|t:|1698620387\n|move|p1a: Charizard|Flamethrower|p2a: Sneasler\n|-damage|p2a: Sneasler|29\/100\n|move|p2a: Sneasler|Close Combat|p1a: Charizard\n|-resisted|p1a: Charizard\n|-damage|p1a: Charizard|49\/100\n|-unboost|p2a: Sneasler|def|1\n|-unboost|p2a: Sneasler|spd|1\n|-enditem|p2a: Sneasler|White Herb\n|-clearnegativeboost|p2a: Sneasler|[silent]\n|\n|upkeep\n|turn|34\n|\n|t:|1698620409\n|move|p1a: Charizard|Flamethrower|p2a: Sneasler\n|-damage|p2a: Sneasler|0 fnt\n|faint|p2a: Sneasler\n|\n|upkeep\n|\n|t:|1698620417\n|switch|p2a: Arboliva|Arboliva, F|100\/100\n|turn|35\n|\n|t:|1698620422\n|move|p1a: Charizard|Flamethrower|p2a: Arboliva\n|-supereffective|p2a: Arboliva\n|-damage|p2a: Arboliva|17\/100\n|-enditem|p2a: Arboliva|Sitrus Berry|[eat]\n|-heal|p2a: Arboliva|42\/100|[from] item: Sitrus Berry\n|move|p2a: Arboliva|Leech Seed|p1a: Charizard\n|-start|p1a: Charizard|move: Leech Seed\n|\n|-damage|p1a: Charizard|37\/100|[from] Leech Seed|[of] p2a: Arboliva\n|-heal|p2a: Arboliva|52\/100|[silent]\n|-item|p2a: Arboliva|Sitrus Berry|[from] ability: Harvest\n|upkeep\n|turn|36\n|\n|t:|1698620434\n|switch|p2a: Clodsire|Clodsire, F|79\/100 brn\n|-terastallize|p1a: Charizard|Fire\n|move|p1a: Charizard|Flamethrower|p2a: Clodsire\n|-damage|p2a: Clodsire|14\/100 brn\n|\n|-heal|p2a: Clodsire|20\/100 brn|[from] item: Leftovers\n|-damage|p1a: Charizard|24\/100|[from] Leech Seed|[of] p2a: Clodsire\n|-heal|p2a: Clodsire|29\/100 brn|[silent]\n|-damage|p2a: Clodsire|22\/100 brn|[from] brn\n|upkeep\n|turn|37\n|\n|t:|1698620449\n|move|p1a: Charizard|Flamethrower|p2a: Clodsire\n|-damage|p2a: Clodsire|0 fnt\n|faint|p2a: Clodsire\n|\n|upkeep\n|\n|t:|1698620451\n|switch|p2a: Arboliva|Arboliva, F|52\/100\n|turn|38\n|\n|t:|1698620454\n|move|p1a: Charizard|Flamethrower|p2a: Arboliva\n|-supereffective|p2a: Arboliva\n|-damage|p2a: Arboliva|0 fnt\n|faint|p2a: Arboliva\n|\n|win|BTT2023\n|raw|BTT2023's rating: 1176 &rarr; <strong>1204<\/strong><br \/>(+28 for winning)\n|raw|PhotosFromJames's rating: 1216 &rarr; <strong>1188<\/strong><br \/>(-28 for losing)\n|c|\u2606BTT2023|GG :)\n","uploadtime":1698620460,"views":9,"p1id":"btt2023","p2id":"photosfromjames","formatid":"gen9anythinggoes","rating":1188,"private":0,"password":""}