{"id":"gen9anythinggoes-1989434100","p1":"Rowan_Rocket","p2":"Smurfcatrocks","format":"[Gen 9] Anything Goes","log":"|j|\u2606Rowan_Rocket\n|j|\u2606Smurfcatrocks\n|t:|1699849878\n|gametype|singles\n|player|p1|Rowan_Rocket|rocketgruntf|1102\n|player|p2|Smurfcatrocks|n|1018\n|teamsize|p1|6\n|teamsize|p2|6\n|gen|9\n|tier|[Gen 9] Anything Goes\n|rated|\n|rule|HP Percentage Mod: HP is shown in percentages\n|rule|Endless Battle Clause: Forcing endless battles is banned\n|clearpoke\n|poke|p1|Weezing, M|\n|poke|p1|Arbok, M|\n|poke|p1|Ariados, M|\n|poke|p1|Persian-Alola, F|\n|poke|p1|Mabosstiff, F|\n|poke|p1|Drifblim, M|\n|poke|p2|Lilligant-Hisui, F|\n|poke|p2|Scream Tail|\n|poke|p2|Kyogre|\n|poke|p2|Typhlosion, M|\n|poke|p2|Brute Bonnet|\n|poke|p2|Gliscor, F|\n|teampreview\n|\n|t:|1699849892\n|start\n|switch|p1a: Ariados|Ariados, M|100\/100\n|switch|p2a: Scream Tail|Scream Tail|100\/100\n|turn|1\n|\n|t:|1699849901\n|move|p1a: Ariados|Toxic Thread|p2a: Scream Tail\n|-unboost|p2a: Scream Tail|spe|1\n|-status|p2a: Scream Tail|psn\n|move|p2a: Scream Tail|Trick Room|p2a: Scream Tail\n|-fieldstart|move: Trick Room|[of] p2a: Scream Tail\n|\n|-damage|p2a: Scream Tail|88\/100 psn|[from] psn\n|upkeep\n|turn|2\n|\n|t:|1699849911\n|move|p1a: Ariados|Knock Off|p2a: Scream Tail\n|-damage|p2a: Scream Tail|77\/100 psn\n|-enditem|p2a: Scream Tail|Quick Claw|[from] move: Knock Off|[of] p1a: Ariados\n|move|p2a: Scream Tail|Sunny Day|p2a: Scream Tail\n|-weather|SunnyDay\n|-activate|p2a: Scream Tail|ability: Protosynthesis\n|-start|p2a: Scream Tail|protosynthesisdef\n|\n|-weather|SunnyDay|[upkeep]\n|-damage|p2a: Scream Tail|64\/100 psn|[from] psn\n|upkeep\n|turn|3\n|\n|t:|1699849927\n|move|p1a: Ariados|Sticky Web|p2a: Scream Tail\n|-sidestart|p2: Smurfcatrocks|move: Sticky Web\n|move|p2a: Scream Tail|Baton Pass|p2a: Scream Tail\n|\n|t:|1699849936\n|-end|p2a: Scream Tail|Protosynthesis|[silent]\n|switch|p2a: Lilligant|Lilligant-Hisui, F, shiny|100\/100|[from] Baton Pass\n|-activate|p2a: Lilligant|move: Sticky Web\n|-unboost|p2a: Lilligant|spe|1\n|\n|-weather|SunnyDay|[upkeep]\n|upkeep\n|turn|4\n|\n|t:|1699849949\n|move|p1a: Ariados|Toxic Thread|p2a: Lilligant\n|-unboost|p2a: Lilligant|spe|1\n|-status|p2a: Lilligant|psn\n|move|p2a: Lilligant|Air Slash|p1a: Ariados\n|-supereffective|p1a: Ariados\n|-damage|p1a: Ariados|74\/100\n|\n|-weather|SunnyDay|[upkeep]\n|-damage|p2a: Lilligant|88\/100 psn|[from] psn\n|upkeep\n|turn|5\n|\n|t:|1699849959\n|move|p1a: Ariados|Leech Life|p2a: Lilligant\n|-damage|p2a: Lilligant|42\/100 psn\n|-heal|p1a: Ariados|93\/100|[from] drain|[of] p2a: Lilligant\n|move|p2a: Lilligant|Victory Dance|p2a: Lilligant\n|-boost|p2a: Lilligant|atk|1\n|-boost|p2a: Lilligant|def|1\n|-boost|p2a: Lilligant|spe|1\n|\n|-weather|SunnyDay|[upkeep]\n|-damage|p2a: Lilligant|30\/100 psn|[from] psn\n|-fieldend|move: Trick Room\n|upkeep\n|turn|6\n|\n|t:|1699849972\n|move|p2a: Lilligant|Axe Kick|p1a: Ariados\n|-resisted|p1a: Ariados\n|-damage|p1a: Ariados|74\/100\n|-heal|p2a: Lilligant|33\/100 psn|[from] item: Shell Bell|[of] p1a: Ariados\n|move|p1a: Ariados|Leech Life|p2a: Lilligant\n|-damage|p2a: Lilligant|2\/100 psn\n|-heal|p1a: Ariados|87\/100|[from] drain|[of] p2a: Lilligant\n|\n|-weather|none\n|-damage|p2a: Lilligant|0 fnt|[from] psn\n|faint|p2a: Lilligant\n|upkeep\n|\n|t:|1699849993\n|switch|p2a: Scream Tail|Scream Tail|64\/100 psn\n|-activate|p2a: Scream Tail|move: Sticky Web\n|-unboost|p2a: Scream Tail|spe|1\n|turn|7\n|\n|t:|1699850001\n|move|p1a: Ariados|Leech Life|p2a: Scream Tail\n|-damage|p2a: Scream Tail|50\/100 psn\n|-heal|p1a: Ariados|96\/100|[from] drain|[of] p2a: Scream Tail\n|move|p2a: Scream Tail|Trick Room|p2a: Scream Tail\n|-fieldstart|move: Trick Room|[of] p2a: Scream Tail\n|\n|-damage|p2a: Scream Tail|38\/100 psn|[from] psn\n|upkeep\n|turn|8\n|\n|t:|1699850012\n|move|p1a: Ariados|Knock Off|p2a: Scream Tail\n|-damage|p2a: Scream Tail|30\/100 psn\n|move|p2a: Scream Tail|Calm Mind|p2a: Scream Tail\n|-boost|p2a: Scream Tail|spa|1\n|-boost|p2a: Scream Tail|spd|1\n|\n|-damage|p2a: Scream Tail|17\/100 psn|[from] psn\n|upkeep\n|turn|9\n|\n|t:|1699850030\n|move|p1a: Ariados|Leech Life|p2a: Scream Tail\n|-crit|p2a: Scream Tail\n|-damage|p2a: Scream Tail|0 fnt\n|-heal|p1a: Ariados|100\/100|[from] drain|[of] p2a: Scream Tail\n|faint|p2a: Scream Tail\n|-end|p2a: Scream Tail|Protosynthesis|[silent]\n|\n|upkeep\n|\n|t:|1699850037\n|switch|p2a: Typhlosion|Typhlosion, M, shiny|100\/100\n|-activate|p2a: Typhlosion|move: Sticky Web\n|-unboost|p2a: Typhlosion|spe|1\n|turn|10\n|\n|t:|1699850046\n|move|p1a: Ariados|Toxic Thread|p2a: Typhlosion\n|-unboost|p2a: Typhlosion|spe|1\n|-status|p2a: Typhlosion|psn\n|move|p2a: Typhlosion|Extrasensory|p1a: Ariados\n|-supereffective|p1a: Ariados\n|-damage|p1a: Ariados|32\/100\n|\n|-damage|p2a: Typhlosion|88\/100 psn|[from] psn\n|upkeep\n|turn|11\n|\n|t:|1699850063\n|switch|p1a: Mabosstiff|Mabosstiff, F|100\/100\n|move|p2a: Typhlosion|Flame Charge|p1a: Mabosstiff\n|-crit|p1a: Mabosstiff\n|-damage|p1a: Mabosstiff|74\/100\n|-boost|p2a: Typhlosion|spe|1\n|\n|-damage|p2a: Typhlosion|76\/100 psn|[from] psn\n|-fieldend|move: Trick Room\n|upkeep\n|turn|12\n|\n|t:|1699850080\n|switch|p2a: Gliscor|Gliscor, F, shiny|100\/100\n|move|p1a: Mabosstiff|Crunch|p2a: Gliscor\n|-damage|p2a: Gliscor|56\/100\n|\n|-status|p2a: Gliscor|tox|[from] item: Toxic Orb\n|upkeep\n|turn|13\n|\n|t:|1699850103\n|move|p2a: Gliscor|Facade|p1a: Mabosstiff\n|-damage|p1a: Mabosstiff|16\/100\n|move|p1a: Mabosstiff|Crunch|p2a: Gliscor\n|-damage|p2a: Gliscor|15\/100 tox\n|\n|-heal|p2a: Gliscor|27\/100 tox|[from] ability: Poison Heal\n|upkeep\n|turn|14\n|\n|t:|1699850124\n|move|p2a: Gliscor|Facade|p1a: Mabosstiff\n|-damage|p1a: Mabosstiff|0 fnt\n|faint|p1a: Mabosstiff\n|\n|-heal|p2a: Gliscor|39\/100 tox|[from] ability: Poison Heal\n|upkeep\n|\n|t:|1699850133\n|switch|p1a: Persian|Persian-Alola, F|100\/100\n|turn|15\n|\n|t:|1699850138\n|move|p1a: Persian|Foul Play|p2a: Gliscor\n|-crit|p2a: Gliscor\n|-damage|p2a: Gliscor|0 fnt\n|faint|p2a: Gliscor\n|\n|upkeep\n|\n|t:|1699850149\n|switch|p2a: Typhlosion|Typhlosion, M, shiny|76\/100 psn\n|-activate|p2a: Typhlosion|move: Sticky Web\n|-unboost|p2a: Typhlosion|spe|1\n|turn|16\n|\n|t:|1699850171\n|move|p1a: Persian|Parting Shot|p2a: Typhlosion\n|-unboost|p2a: Typhlosion|atk|1\n|-unboost|p2a: Typhlosion|spa|1\n|\n|t:|1699850185\n|switch|p1a: Weezing|Weezing, M|100\/100|[from] Parting Shot\n|move|p2a: Typhlosion|Flamethrower|p1a: Weezing\n|-damage|p1a: Weezing|71\/100\n|\n|-damage|p2a: Typhlosion|63\/100 psn|[from] psn\n|upkeep\n|turn|17\n|\n|t:|1699850199\n|move|p2a: Typhlosion|Extrasensory|p1a: Weezing\n|-supereffective|p1a: Weezing\n|-damage|p1a: Weezing|35\/100\n|move|p1a: Weezing|Toxic Spikes|p2a: Typhlosion\n|-sidestart|p2: Smurfcatrocks|move: Toxic Spikes\n|\n|-damage|p2a: Typhlosion|51\/100 psn|[from] psn\n|upkeep\n|turn|18\n|\n|t:|1699850212\n|switch|p1a: Persian|Persian-Alola, F|100\/100\n|move|p2a: Typhlosion|Extrasensory|p1a: Persian\n|-immune|p1a: Persian\n|\n|-damage|p2a: Typhlosion|38\/100 psn|[from] psn\n|upkeep\n|turn|19\n|\n|t:|1699850231\n|switch|p2a: Brute Bonnet|Brute Bonnet, shiny|100\/100\n|-activate|p2a: Brute Bonnet|move: Sticky Web\n|-unboost|p2a: Brute Bonnet|spe|1\n|-status|p2a: Brute Bonnet|psn\n|move|p1a: Persian|Parting Shot|p2a: Brute Bonnet\n|-unboost|p2a: Brute Bonnet|atk|1\n|-unboost|p2a: Brute Bonnet|spa|1\n|\n|t:|1699850239\n|switch|p1a: Weezing|Weezing, M|35\/100|[from] Parting Shot\n|\n|-damage|p2a: Brute Bonnet|88\/100 psn|[from] psn\n|upkeep\n|turn|20\n|\n|t:|1699850250\n|move|p1a: Weezing|Pain Split|p2a: Brute Bonnet\n|-sethp|p2a: Brute Bonnet|55\/100 psn|[from] move: Pain Split|[silent]\n|-sethp|p1a: Weezing|86\/100|[from] move: Pain Split\n|move|p2a: Brute Bonnet|Energy Ball|p1a: Weezing\n|-resisted|p1a: Weezing\n|-damage|p1a: Weezing|75\/100\n|-damage|p2a: Brute Bonnet|45\/100 psn|[from] item: Life Orb\n|\n|-damage|p2a: Brute Bonnet|33\/100 psn|[from] psn\n|upkeep\n|turn|21\n|\n|t:|1699850262\n|move|p1a: Weezing|Toxic Spikes|p2a: Brute Bonnet\n|-sidestart|p2: Smurfcatrocks|move: Toxic Spikes\n|move|p2a: Brute Bonnet|Synthesis|p2a: Brute Bonnet\n|-heal|p2a: Brute Bonnet|83\/100 psn\n|\n|-damage|p2a: Brute Bonnet|70\/100 psn|[from] psn\n|upkeep\n|turn|22\n|\n|t:|1699850283\n|move|p1a: Weezing|Sludge Bomb|p2a: Brute Bonnet\n|-supereffective|p2a: Brute Bonnet\n|-damage|p2a: Brute Bonnet|37\/100 psn\n|move|p2a: Brute Bonnet|Close Combat|p1a: Weezing\n|-resisted|p1a: Weezing\n|-damage|p1a: Weezing|61\/100\n|-unboost|p2a: Brute Bonnet|def|1\n|-unboost|p2a: Brute Bonnet|spd|1\n|-damage|p2a: Brute Bonnet|20\/100 psn|[from] item: Rocky Helmet|[of] p1a: Weezing\n|-damage|p2a: Brute Bonnet|10\/100 psn|[from] item: Life Orb\n|\n|-damage|p2a: Brute Bonnet|0 fnt|[from] psn\n|faint|p2a: Brute Bonnet\n|-end|p2a: Brute Bonnet|Protosynthesis|[silent]\n|upkeep\n|inactive|Battle timer is ON: inactive players will automatically lose when time's up. (requested by Rowan_Rocket)\n|-message|Smurfcatrocks forfeited.\n|\n|win|Rowan_Rocket\n|raw|Rowan_Rocket's rating: 1102 &rarr; <strong>1121<\/strong><br \/>(+19 for winning)\n|raw|Smurfcatrocks's rating: 1018 &rarr; <strong>1008<\/strong><br \/>(-10 for losing)\n|l|\u2606Smurfcatrocks\n","uploadtime":1699850349,"views":14,"p1id":"rowanrocket","p2id":"smurfcatrocks","formatid":"gen9anythinggoes","rating":1008,"private":0,"password":""}