{"id":"gen9anythinggoes-1978267442","p1":"Harley Kaas","p2":"Lucasoduncu","format":"[Gen 9] Anything Goes","log":"|j|\u2606Harley Kaas\n|j|\u2606Lucasoduncu\n|t:|1698518944\n|gametype|singles\n|player|p1|Harley Kaas|unknownf|1115\n|player|p2|Lucasoduncu|cameraman|1019\n|teamsize|p1|6\n|teamsize|p2|6\n|gen|9\n|tier|[Gen 9] Anything Goes\n|rated|\n|rule|HP Percentage Mod: HP is shown in percentages\n|rule|Endless Battle Clause: Forcing endless battles is banned\n|clearpoke\n|poke|p1|Oricorio, F|\n|poke|p1|Gliscor, M|\n|poke|p1|Sylveon, F|\n|poke|p1|Zoroark-Hisui, F|\n|poke|p1|Palafin, M|\n|poke|p1|Gallade, M|\n|poke|p2|Ogerpon, F|\n|poke|p2|Trevenant, M|\n|poke|p2|Tsareena, F|\n|poke|p2|Rotom-Mow|\n|poke|p2|Sawsbuck-Autumn, M|\n|poke|p2|Lombre, F|\n|teampreview\n|inactive|Battle timer is ON: inactive players will automatically lose when time's up. (requested by Lucasoduncu)\n|\n|t:|1698518976\n|start\n|switch|p1a: Palafin|Palafin, M, shiny|100\/100\n|switch|p2a: Rotom|Rotom-Mow, shiny|100\/100\n|turn|1\n|\n|t:|1698518982\n|move|p1a: Palafin|Flip Turn|p2a: Rotom\n|-resisted|p2a: Rotom\n|-damage|p2a: Rotom|89\/100\n|\n|t:|1698518987\n|detailschange|p1a: Palafin|Palafin-Hero, M, shiny\n|switch|p1a: Oricorio|Oricorio, F, shiny|100\/100|[from] Flip Turn\n|move|p2a: Rotom|Trick|p1a: Oricorio\n|-activate|p2a: Rotom|move: Trick|[of] p1a: Oricorio\n|-item|p1a: Oricorio|Lagging Tail|[from] move: Trick\n|-item|p2a: Rotom|Leftovers|[from] move: Trick\n|\n|-heal|p2a: Rotom|96\/100|[from] item: Leftovers\n|upkeep\n|turn|2\n|\n|t:|1698518998\n|move|p2a: Rotom|Astonish|p1a: Oricorio\n|-damage|p1a: Oricorio|92\/100\n|move|p1a: Oricorio|Substitute|p1a: Oricorio\n|-start|p1a: Oricorio|Substitute\n|-damage|p1a: Oricorio|67\/100\n|\n|-heal|p2a: Rotom|100\/100|[from] item: Leftovers\n|upkeep\n|turn|3\n|\n|t:|1698519004\n|move|p2a: Rotom|Astonish|p1a: Oricorio\n|-activate|p1a: Oricorio|move: Substitute|[damage]\n|move|p1a: Oricorio|Calm Mind|p1a: Oricorio\n|-boost|p1a: Oricorio|spa|1\n|-boost|p1a: Oricorio|spd|1\n|\n|upkeep\n|turn|4\n|\n|t:|1698519010\n|move|p2a: Rotom|Astonish|p1a: Oricorio\n|-activate|p1a: Oricorio|move: Substitute|[damage]\n|move|p1a: Oricorio|Calm Mind|p1a: Oricorio\n|-boost|p1a: Oricorio|spa|1\n|-boost|p1a: Oricorio|spd|1\n|\n|upkeep\n|turn|5\n|\n|t:|1698519016\n|move|p2a: Rotom|Astonish|p1a: Oricorio\n|-end|p1a: Oricorio|Substitute\n|move|p1a: Oricorio|Calm Mind|p1a: Oricorio\n|-boost|p1a: Oricorio|spa|1\n|-boost|p1a: Oricorio|spd|1\n|\n|upkeep\n|turn|6\n|\n|t:|1698519024\n|move|p2a: Rotom|Thunder Wave|p1a: Oricorio\n|-status|p1a: Oricorio|par\n|move|p1a: Oricorio|Revelation Dance|p2a: Rotom\n|-supereffective|p2a: Rotom\n|-crit|p2a: Rotom\n|-damage|p2a: Rotom|0 fnt\n|faint|p2a: Rotom\n|\n|upkeep\n|\n|t:|1698519027\n|switch|p2a: Lombre|Lombre, F, shiny|100\/100\n|turn|7\n|\n|t:|1698519035\n|move|p2a: Lombre|Leech Seed|p1a: Oricorio\n|-start|p1a: Oricorio|move: Leech Seed\n|cant|p1a: Oricorio|par\n|\n|-damage|p1a: Oricorio|54\/100 par|[from] Leech Seed|[of] p2a: Lombre\n|upkeep\n|turn|8\n|\n|t:|1698519041\n|move|p2a: Lombre|Metronome|p2a: Lombre\n|move|p2a: Lombre|Skitter Smack|p1a: Oricorio|[from]move: Metronome\n|-resisted|p1a: Oricorio\n|-damage|p1a: Oricorio|51\/100 par\n|-unboost|p1a: Oricorio|spa|1\n|move|p1a: Oricorio|Revelation Dance|p2a: Lombre\n|-damage|p2a: Lombre|51\/100\n|\n|-damage|p1a: Oricorio|39\/100 par|[from] Leech Seed|[of] p2a: Lombre\n|-heal|p2a: Lombre|63\/100|[silent]\n|upkeep\n|turn|9\n|\n|t:|1698519052\n|move|p2a: Lombre|Metronome|p2a: Lombre\n|move|p2a: Lombre|Mud-Slap|p1a: Oricorio|[from]move: Metronome\n|-immune|p1a: Oricorio\n|cant|p1a: Oricorio|par\n|\n|-damage|p1a: Oricorio|27\/100 par|[from] Leech Seed|[of] p2a: Lombre\n|-heal|p2a: Lombre|74\/100|[silent]\n|upkeep\n|turn|10\n|\n|t:|1698519060\n|move|p2a: Lombre|Metronome|p2a: Lombre\n|move|p2a: Lombre|Chloroblast|p1a: Oricorio|[from]move: Metronome\n|-resisted|p1a: Oricorio\n|-damage|p1a: Oricorio|21\/100 par\n|-damage|p2a: Lombre|24\/100|[from] Recoil\n|cant|p1a: Oricorio|par\n|\n|-damage|p1a: Oricorio|9\/100 par|[from] Leech Seed|[of] p2a: Lombre\n|-heal|p2a: Lombre|35\/100|[silent]\n|upkeep\n|turn|11\n|\n|t:|1698519070\n|move|p2a: Lombre|Metronome|p2a: Lombre\n|move|p2a: Lombre|Trop Kick|p1a: Oricorio|[from]move: Metronome\n|-resisted|p1a: Oricorio\n|-damage|p1a: Oricorio|5\/100 par\n|-unboost|p1a: Oricorio|atk|1\n|cant|p1a: Oricorio|par\n|\n|-damage|p1a: Oricorio|0 fnt|[from] Leech Seed|[of] p2a: Lombre\n|-heal|p2a: Lombre|38\/100|[silent]\n|faint|p1a: Oricorio\n|upkeep\n|\n|t:|1698519089\n|switch|p1a: Gliscor|Gliscor, M, shiny|100\/100\n|turn|12\n|\n|t:|1698519093\n|move|p1a: Gliscor|Dual Wingbeat|p2a: Lombre|[miss]\n|-miss|p1a: Gliscor|p2a: Lombre\n|move|p2a: Lombre|Metronome|p2a: Lombre\n|move|p2a: Lombre|Headbutt|p1a: Gliscor|[from]move: Metronome\n|-damage|p1a: Gliscor|93\/100\n|\n|-status|p1a: Gliscor|tox|[from] item: Toxic Orb\n|upkeep\n|turn|13\n|\n|t:|1698519101\n|move|p1a: Gliscor|Dual Wingbeat|p2a: Lombre\n|-supereffective|p2a: Lombre\n|-damage|p2a: Lombre|0 fnt\n|faint|p2a: Lombre\n|-hitcount|p2: Lombre|1\n|\n|-heal|p1a: Gliscor|100\/100 tox|[from] ability: Poison Heal\n|upkeep\n|\n|t:|1698519106\n|switch|p2a: Sawsbuck|Sawsbuck-Autumn, M, shiny|100\/100\n|turn|14\n|\n|t:|1698519112\n|move|p1a: Gliscor|Dual Wingbeat|p2a: Sawsbuck\n|-supereffective|p2a: Sawsbuck\n|-damage|p2a: Sawsbuck|48\/100\n|-supereffective|p2a: Sawsbuck\n|-damage|p2a: Sawsbuck|0 fnt\n|faint|p2a: Sawsbuck\n|-hitcount|p2: Sawsbuck|2\n|\n|upkeep\n|\n|t:|1698519116\n|switch|p2a: Tsareena|Tsareena, F, shiny|100\/100\n|turn|15\n|\n|t:|1698519120\n|move|p1a: Gliscor|Dual Wingbeat|p2a: Tsareena\n|-supereffective|p2a: Tsareena\n|-damage|p2a: Tsareena|67\/100\n|-supereffective|p2a: Tsareena\n|-damage|p2a: Tsareena|36\/100\n|-hitcount|p2a: Tsareena|2\n|move|p2a: Tsareena|Leaf Storm|p1a: Gliscor\n|-damage|p1a: Gliscor|42\/100 tox\n|-unboost|p2a: Tsareena|spa|2\n|\n|-heal|p2a: Tsareena|42\/100|[from] item: Leftovers\n|-heal|p1a: Gliscor|55\/100 tox|[from] ability: Poison Heal\n|upkeep\n|turn|16\n|\n|t:|1698519131\n|move|p1a: Gliscor|Dual Wingbeat|p2a: Tsareena\n|-supereffective|p2a: Tsareena\n|-damage|p2a: Tsareena|7\/100\n|-supereffective|p2a: Tsareena\n|-damage|p2a: Tsareena|0 fnt\n|faint|p2a: Tsareena\n|-hitcount|p2: Tsareena|2\n|\n|-heal|p1a: Gliscor|67\/100 tox|[from] ability: Poison Heal\n|upkeep\n|\n|t:|1698519134\n|switch|p2a: Ogerpon|Ogerpon, F|100\/100\n|turn|17\n|\n|t:|1698519142\n|-terastallize|p2a: Ogerpon|Grass\n|detailschange|p2a: Ogerpon|Ogerpon-Teal-Tera, F, tera:Grass\n|-ability|p2a: Ogerpon|Embody Aspect (Teal)|boost\n|-boost|p2a: Ogerpon|spe|1\n|move|p2a: Ogerpon|Ivy Cudgel|p1a: Gliscor\n|-damage|p1a: Gliscor|0 fnt\n|faint|p1a: Gliscor\n|\n|upkeep\n|\n|t:|1698519151\n|switch|p1a: Sylveon|Sylveon, F, shiny|100\/100\n|turn|18\n|\n|t:|1698519154\n|move|p2a: Ogerpon|Ivy Cudgel|p1a: Sylveon\n|-damage|p1a: Sylveon|12\/100\n|move|p1a: Sylveon|Calm Mind|p1a: Sylveon\n|-boost|p1a: Sylveon|spa|1\n|-boost|p1a: Sylveon|spd|1\n|\n|upkeep\n|turn|19\n|\n|t:|1698519159\n|move|p2a: Ogerpon|Knock Off|p1a: Sylveon\n|-resisted|p1a: Sylveon\n|-damage|p1a: Sylveon|0 fnt\n|-enditem|p1a: Sylveon|Focus Sash|[from] move: Knock Off|[of] p2a: Ogerpon\n|faint|p1a: Sylveon\n|\n|upkeep\n|\n|t:|1698519169\n|switch|p1a: Palafin|Palafin-Hero, M, shiny|100\/100\n|-activate|p1a: Palafin|ability: Zero to Hero\n|turn|20\n|\n|t:|1698519173\n|move|p2a: Ogerpon|Ivy Cudgel|p1a: Palafin\n|-supereffective|p1a: Palafin\n|-damage|p1a: Palafin|0 fnt\n|faint|p1a: Palafin\n|\n|upkeep\n|\n|t:|1698519177\n|switch|p1a: Gallade|Gallade, M, shiny|100\/100\n|turn|21\n|\n|t:|1698519183\n|move|p2a: Ogerpon|Knock Off|p1a: Gallade\n|-supereffective|p1a: Gallade\n|-damage|p1a: Gallade|0 fnt\n|-damage|p2a: Ogerpon|84\/100|[from] item: Rocky Helmet|[of] p1a: Gallade\n|replace|p1a: Zoroark|Zoroark-Hisui, F, shiny\n|-end|p1a: Zoroark|Illusion\n|-enditem|p1a: Zoroark|Rocky Helmet|[from] move: Knock Off|[of] p2a: Ogerpon\n|faint|p1a: Zoroark\n|\n|upkeep\n|\n|t:|1698519191\n|switch|p1a: Gallade|Gallade, M, shiny|100\/100\n|turn|22\n|\n|t:|1698519204\n|-terastallize|p1a: Gallade|Ghost\n|move|p2a: Ogerpon|Ivy Cudgel|p1a: Gallade\n|-damage|p1a: Gallade|0 fnt\n|faint|p1a: Gallade\n|\n|win|Lucasoduncu\n|raw|Harley Kaas's rating: 1115 &rarr; <strong>1083<\/strong><br \/>(-32 for losing)\n|raw|Lucasoduncu's rating: 1019 &rarr; <strong>1066<\/strong><br \/>(+47 for winning)\n|l|\u2606Harley Kaas\n","uploadtime":1698519214,"views":13,"p1id":"harleykaas","p2id":"lucasoduncu","formatid":"gen9anythinggoes","rating":1066,"private":0,"password":""}