{"id":"gen9anythinggoes-1985116521","p1":"Squirtle Soldier","p2":"idunnoagoodnam","format":"[Gen 9] Anything Goes","log":"|j|\u2606Squirtle Soldier\n|j|\u2606idunnoagoodnam\n|t:|1699333145\n|gametype|singles\n|player|p1|Squirtle Soldier|2|\n|player|p2|idunnoagoodnam|gambler|\n|teamsize|p1|6\n|teamsize|p2|6\n|gen|9\n|tier|[Gen 9] Anything Goes\n|rule|HP Percentage Mod: HP is shown in percentages\n|rule|Endless Battle Clause: Forcing endless battles is banned\n|clearpoke\n|poke|p1|Snorlax, M|\n|poke|p1|Grimmsnarl, M|\n|poke|p1|Articuno|\n|poke|p1|Slowbro-Galar, F|\n|poke|p1|Gengar, F|\n|poke|p1|Clefable, M|\n|poke|p2|Grimmsnarl, M|\n|poke|p2|Snorlax, M|\n|poke|p2|Articuno|\n|poke|p2|Dusclops, F|\n|poke|p2|Scream Tail|\n|poke|p2|Arboliva, F|\n|teampreview\n|inactive|Battle timer is ON: inactive players will automatically lose when time's up. (requested by Squirtle Soldier)\n|\n|t:|1699333177\n|start\n|switch|p1a: Clefable|Clefable, M|100\/100\n|switch|p2a: Dusclops|Dusclops, F|100\/100\n|-ability|p2a: Dusclops|Pressure\n|turn|1\n|\n|t:|1699333180\n|move|p1a: Clefable|Metronome|p1a: Clefable\n|move|p1a: Clefable|Knock Off|p2a: Dusclops|[from]move: Metronome\n|-supereffective|p2a: Dusclops\n|-damage|p2a: Dusclops|77\/100\n|-enditem|p2a: Dusclops|Eviolite|[from] move: Knock Off|[of] p1a: Clefable\n|move|p2a: Dusclops|Metronome|p2a: Dusclops\n|move|p2a: Dusclops|Energy Ball|p1a: Clefable|[from]move: Metronome\n|-damage|p1a: Clefable|86\/100\n|\n|upkeep\n|turn|2\n|\n|t:|1699333207\n|move|p1a: Clefable|Metronome|p1a: Clefable\n|move|p1a: Clefable|Slam|p2a: Dusclops|[from]move: Metronome\n|-immune|p2a: Dusclops\n|move|p2a: Dusclops|Metronome|p2a: Dusclops\n|move|p2a: Dusclops|Final Gambit|p1a: Clefable|[from]move: Metronome\n|-damage|p1a: Clefable|31\/100\n|faint|p2a: Dusclops\n|\n|upkeep\n|\n|t:|1699333219\n|switch|p2a: Grimmsnarl|Grimmsnarl, M|100\/100\n|turn|3\n|\n|t:|1699333221\n|move|p2a: Grimmsnarl|Metronome|p2a: Grimmsnarl\n|move|p2a: Grimmsnarl|Powder Snow|p1a: Clefable|[from]move: Metronome\n|-damage|p1a: Clefable|22\/100\n|move|p1a: Clefable|Metronome|p1a: Clefable\n|move|p1a: Clefable|Cut|p2a: Grimmsnarl|[from]move: Metronome\n|-damage|p2a: Grimmsnarl|90\/100\n|\n|-heal|p2a: Grimmsnarl|96\/100|[from] item: Leftovers\n|upkeep\n|turn|4\n|\n|t:|1699333234\n|move|p2a: Grimmsnarl|Metronome|p2a: Grimmsnarl\n|move|p2a: Grimmsnarl|Grass Pledge|p1a: Clefable|[from]move: Metronome\n|-damage|p1a: Clefable|3\/100\n|move|p1a: Clefable|Metronome|p1a: Clefable\n|move|p1a: Clefable|Syrup Bomb|p2a: Grimmsnarl|[from]move: Metronome\n|-damage|p2a: Grimmsnarl|78\/100\n|-start|p2a: Grimmsnarl|Syrup Bomb\n|\n|-heal|p2a: Grimmsnarl|84\/100|[from] item: Leftovers\n|-unboost|p2a: Grimmsnarl|spe|1\n|upkeep\n|turn|5\n|\n|t:|1699333246\n|move|p2a: Grimmsnarl|Metronome|p2a: Grimmsnarl\n|move|p2a: Grimmsnarl|Encore||[from]move: Metronome|[still]\n|-fail|p2a: Grimmsnarl\n|move|p1a: Clefable|Metronome|p1a: Clefable\n|move|p1a: Clefable|Air Slash|p2a: Grimmsnarl|[from]move: Metronome\n|-damage|p2a: Grimmsnarl|61\/100\n|\n|-heal|p2a: Grimmsnarl|68\/100|[from] item: Leftovers\n|-unboost|p2a: Grimmsnarl|spe|1\n|upkeep\n|turn|6\n|\n|t:|1699333255\n|move|p2a: Grimmsnarl|Metronome|p2a: Grimmsnarl\n|move|p2a: Grimmsnarl|Acupressure|p2a: Grimmsnarl|[from]move: Metronome\n|-boost|p2a: Grimmsnarl|spe|2\n|move|p1a: Clefable|Metronome|p1a: Clefable\n|move|p1a: Clefable|Confide|p2a: Grimmsnarl|[from]move: Metronome\n|-unboost|p2a: Grimmsnarl|spa|1\n|\n|-heal|p2a: Grimmsnarl|74\/100|[from] item: Leftovers\n|-unboost|p2a: Grimmsnarl|spe|1\n|upkeep\n|turn|7\n|\n|t:|1699333267\n|move|p2a: Grimmsnarl|Metronome|p2a: Grimmsnarl\n|move|p2a: Grimmsnarl|Rain Dance|p2a: Grimmsnarl|[from]move: Metronome\n|-weather|RainDance\n|move|p1a: Clefable|Metronome|p1a: Clefable\n|move|p1a: Clefable|Hyper Beam|p2a: Grimmsnarl|[from]move: Metronome\n|-damage|p2a: Grimmsnarl|27\/100\n|-mustrecharge|p1a: Clefable\n|\n|-weather|RainDance|[upkeep]\n|-heal|p2a: Grimmsnarl|33\/100|[from] item: Leftovers\n|-end|p2a: Grimmsnarl|Syrup Bomb|[silent]\n|upkeep\n|turn|8\n|\n|t:|1699333278\n|switch|p2a: Scream Tail|Scream Tail|100\/100\n|-enditem|p2a: Scream Tail|Booster Energy\n|-activate|p2a: Scream Tail|ability: Protosynthesis|[fromitem]\n|-start|p2a: Scream Tail|protosynthesisspd\n|cant|p1a: Clefable|recharge\n|\n|-weather|RainDance|[upkeep]\n|upkeep\n|turn|9\n|\n|t:|1699333285\n|move|p2a: Scream Tail|Metronome|p2a: Scream Tail\n|move|p2a: Scream Tail|Lock-On|p1a: Clefable|[from]move: Metronome\n|-activate|p2a: Scream Tail|move: Lock-On|[of] p1a: Clefable\n|move|p1a: Clefable|Metronome|p1a: Clefable\n|move|p1a: Clefable|Bitter Blade|p2a: Scream Tail|[from]move: Metronome\n|-damage|p2a: Scream Tail|95\/100\n|-heal|p1a: Clefable|5\/100|[from] drain|[of] p2a: Scream Tail\n|\n|-weather|RainDance|[upkeep]\n|upkeep\n|turn|10\n|\n|t:|1699333293\n|move|p2a: Scream Tail|Metronome|p2a: Scream Tail\n|move|p2a: Scream Tail|Double Team|p2a: Scream Tail|[from]move: Metronome\n|-boost|p2a: Scream Tail|evasion|1\n|move|p1a: Clefable|Metronome|p1a: Clefable\n|move|p1a: Clefable|Surf|p2a: Scream Tail|[from]move: Metronome\n|-damage|p2a: Scream Tail|76\/100\n|\n|-weather|RainDance|[upkeep]\n|upkeep\n|turn|11\n|\n|t:|1699333301\n|switch|p1a: Gengar|Gengar, F|100\/100\n|move|p2a: Scream Tail|Metronome|p2a: Scream Tail\n|move|p2a: Scream Tail|Amnesia|p2a: Scream Tail|[from]move: Metronome\n|-boost|p2a: Scream Tail|spd|2\n|\n|-weather|none\n|upkeep\n|turn|12\n|\n|t:|1699333308\n|move|p1a: Gengar|Metronome|p1a: Gengar\n|move|p1a: Gengar|Gust|p2a: Scream Tail|[from]move: Metronome\n|-damage|p2a: Scream Tail|72\/100\n|move|p2a: Scream Tail|Metronome|p2a: Scream Tail\n|move|p2a: Scream Tail|Clanging Scales|p1a: Gengar|[from]move: Metronome\n|-damage|p1a: Gengar|76\/100\n|-unboost|p2a: Scream Tail|def|1\n|\n|upkeep\n|turn|13\n|\n|t:|1699333317\n|move|p1a: Gengar|Metronome|p1a: Gengar\n|move|p1a: Gengar|Fire Blast|p2a: Scream Tail|[from]move: Metronome\n|-damage|p2a: Scream Tail|61\/100\n|move|p2a: Scream Tail|Metronome|p2a: Scream Tail\n|move|p2a: Scream Tail|Surf|p1a: Gengar|[from]move: Metronome\n|-damage|p1a: Gengar|58\/100\n|\n|upkeep\n|turn|14\n|\n|t:|1699333327\n|move|p1a: Gengar|Metronome|p1a: Gengar\n|move|p1a: Gengar|Revelation Dance|p2a: Scream Tail|[from]move: Metronome\n|-supereffective|p2a: Scream Tail\n|-damage|p2a: Scream Tail|37\/100\n|move|p2a: Scream Tail|Metronome|p2a: Scream Tail\n|move|p2a: Scream Tail|Volt Switch|p1a: Gengar|[from]move: Metronome\n|-damage|p1a: Gengar|42\/100\n|-start|p2a: Scream Tail|Disable|Metronome|[from] ability: Cursed Body|[of] p1a: Gengar\n|\n|t:|1699333340\n|-end|p2a: Scream Tail|Protosynthesis|[silent]\n|switch|p2a: Grimmsnarl|Grimmsnarl, M|33\/100|[from] Volt Switch\n|\n|-heal|p2a: Grimmsnarl|39\/100|[from] item: Leftovers\n|upkeep\n|turn|15\n|\n|t:|1699333343\n|move|p2a: Grimmsnarl|Metronome|p2a: Grimmsnarl\n|move|p2a: Grimmsnarl|Nasty Plot|p2a: Grimmsnarl|[from]move: Metronome\n|-boost|p2a: Grimmsnarl|spa|2\n|move|p1a: Gengar|Metronome|p1a: Gengar\n|move|p1a: Gengar|Spore|p2a: Grimmsnarl|[from]move: Metronome\n|-status|p2a: Grimmsnarl|slp|[from] move: Spore\n|\n|-heal|p2a: Grimmsnarl|45\/100 slp|[from] item: Leftovers\n|upkeep\n|turn|16\n|\n|t:|1699333351\n|cant|p2a: Grimmsnarl|slp\n|move|p1a: Gengar|Metronome|p1a: Gengar\n|move|p1a: Gengar|Gigaton Hammer|p2a: Grimmsnarl|[from]move: Metronome\n|-supereffective|p2a: Grimmsnarl\n|-damage|p2a: Grimmsnarl|0 fnt\n|faint|p2a: Grimmsnarl\n|\n|upkeep\n|\n|t:|1699333363\n|switch|p2a: Scream Tail|Scream Tail|37\/100\n|turn|17\n|\n|t:|1699333366\n|move|p1a: Gengar|Metronome|p1a: Gengar\n|move|p1a: Gengar|Aurora Veil||[from]move: Metronome|[still]\n|-fail|p1a: Gengar\n|move|p2a: Scream Tail|Metronome|p2a: Scream Tail\n|move|p2a: Scream Tail|Harden|p2a: Scream Tail|[from]move: Metronome\n|-boost|p2a: Scream Tail|def|1\n|\n|upkeep\n|turn|18\n|\n|t:|1699333372\n|move|p1a: Gengar|Metronome|p1a: Gengar\n|move|p1a: Gengar|Boomburst|p2a: Scream Tail|[from]move: Metronome\n|-damage|p2a: Scream Tail|2\/100\n|move|p2a: Scream Tail|Metronome|p2a: Scream Tail\n|move|p2a: Scream Tail|Water Pledge|p1a: Gengar|[from]move: Metronome\n|-damage|p1a: Gengar|23\/100\n|-start|p2a: Scream Tail|Disable|Metronome|[from] ability: Cursed Body|[of] p1a: Gengar\n|\n|upkeep\n|turn|19\n|\n|t:|1699333381\n|move|p1a: Gengar|Metronome|p1a: Gengar\n|move|p1a: Gengar|Spin Out|p2a: Scream Tail|[from]move: Metronome\n|-supereffective|p2a: Scream Tail\n|-crit|p2a: Scream Tail\n|-damage|p2a: Scream Tail|0 fnt\n|-unboost|p1a: Gengar|spe|2\n|faint|p2a: Scream Tail\n|-end|p2a: Scream Tail|Protosynthesis|[silent]\n|\n|upkeep\n|\n|t:|1699333389\n|switch|p2a: Arboliva|Arboliva, F|100\/100\n|turn|20\n|\n|t:|1699333390\n|move|p1a: Gengar|Metronome|p1a: Gengar\n|move|p1a: Gengar|Spin Out|p2a: Arboliva|[from]move: Metronome\n|-damage|p2a: Arboliva|88\/100\n|-unboost|p1a: Gengar|spe|2\n|move|p2a: Arboliva|Metronome|p2a: Arboliva\n|move|p2a: Arboliva|Solar Beam||[from]move: Metronome|[still]\n|-prepare|p2a: Arboliva|Solar Beam\n|\n|upkeep\n|turn|21\n|\n|t:|1699333404\n|switch|p1a: Snorlax|Snorlax, M|100\/100\n|move|p2a: Arboliva|Solar Beam|p1a: Snorlax|[from]lockedmove\n|-damage|p1a: Snorlax|71\/100\n|\n|-heal|p1a: Snorlax|77\/100|[from] item: Leftovers\n|upkeep\n|turn|22\n|\n|t:|1699333411\n|switch|p2a: Articuno|Articuno, shiny|100\/100\n|-ability|p2a: Articuno|Pressure\n|move|p1a: Snorlax|Fissure|p2a: Articuno\n|-immune|p2a: Articuno\n|\n|-heal|p1a: Snorlax|84\/100|[from] item: Leftovers\n|upkeep\n|turn|23\n|\n|t:|1699333420\n|switch|p1a: Slowbro|Slowbro-Galar, F|100\/100\n|move|p2a: Articuno|Sheer Cold|p1a: Slowbro\n|-damage|p1a: Slowbro|0 fnt\n|faint|p1a: Slowbro\n|-ohko\n|\n|upkeep\n|\n|t:|1699333431\n|switch|p1a: Grimmsnarl|Grimmsnarl, M|100\/100\n|turn|24\n|\n|t:|1699333434\n|move|p1a: Grimmsnarl|Metronome|p1a: Grimmsnarl\n|move|p1a: Grimmsnarl|Swagger|p2a: Articuno|[from]move: Metronome\n|-boost|p2a: Articuno|atk|2\n|-start|p2a: Articuno|confusion\n|-activate|p2a: Articuno|confusion\n|move|p2a: Articuno|Sheer Cold|p1a: Grimmsnarl|[miss]\n|-miss|p2a: Articuno|p1a: Grimmsnarl\n|\n|-damage|p1a: Grimmsnarl|88\/100|[from] item: Sticky Barb\n|upkeep\n|turn|25\n|\n|t:|1699333442\n|move|p1a: Grimmsnarl|Metronome|p1a: Grimmsnarl\n|move|p1a: Grimmsnarl|Earthquake|p2a: Articuno|[from]move: Metronome\n|-immune|p2a: Articuno\n|-end|p2a: Articuno|confusion\n|move|p2a: Articuno|Sheer Cold|p1a: Grimmsnarl\n|-damage|p1a: Grimmsnarl|0 fnt\n|faint|p1a: Grimmsnarl\n|-ohko\n|\n|upkeep\n|\n|t:|1699333448\n|switch|p1a: Gengar|Gengar, F|23\/100\n|turn|26\n|\n|t:|1699333453\n|move|p1a: Gengar|Metronome|p1a: Gengar\n|move|p1a: Gengar|Brine|p2a: Articuno|[from]move: Metronome\n|-damage|p2a: Articuno|86\/100\n|move|p2a: Articuno|Sheer Cold|p1a: Gengar\n|-damage|p1a: Gengar|0 fnt\n|-start|p2a: Articuno|Disable|Sheer Cold|[from] ability: Cursed Body|[of] p1a: Gengar\n|faint|p1a: Gengar\n|-ohko\n|\n|upkeep\n|\n|t:|1699333459\n|switch|p1a: Articuno|Articuno|100\/100\n|-ability|p1a: Articuno|Pressure\n|turn|27\n|\n|t:|1699333465\n|switch|p2a: Arboliva|Arboliva, F|88\/100\n|move|p1a: Articuno|Sheer Cold|p2a: Arboliva|[miss]\n|-miss|p1a: Articuno|p2a: Arboliva\n|\n|upkeep\n|turn|28\n|\n|t:|1699333476\n|switch|p2a: Articuno|Articuno, shiny|86\/100\n|-ability|p2a: Articuno|Pressure\n|move|p1a: Articuno|Sheer Cold|p2a: Articuno\n|-immune|p2a: Articuno|[ohko]\n|\n|upkeep\n|turn|29\n|\n|t:|1699333503\n|switch|p2a: Arboliva|Arboliva, F|88\/100\n|move|p1a: Articuno|Sheer Cold|p2a: Arboliva|[miss]\n|-miss|p1a: Articuno|p2a: Arboliva\n|\n|upkeep\n|turn|30\n|\n|t:|1699333509\n|switch|p1a: Clefable|Clefable, M|5\/100\n|switch|p2a: Articuno|Articuno, shiny|86\/100\n|-ability|p2a: Articuno|Pressure\n|\n|upkeep\n|turn|31\n|\n|t:|1699333516\n|switch|p1a: Articuno|Articuno|100\/100\n|-ability|p1a: Articuno|Pressure\n|move|p2a: Articuno|Sheer Cold|p1a: Articuno\n|-immune|p1a: Articuno|[ohko]\n|\n|upkeep\n|turn|32\n|\n|t:|1699333519\n|move|p1a: Articuno|Sheer Cold|p2a: Articuno\n|-immune|p2a: Articuno|[ohko]\n|move|p2a: Articuno|Sheer Cold|p1a: Articuno\n|-immune|p1a: Articuno|[ohko]\n|\n|upkeep\n|turn|33\n|\n|t:|1699333523\n|move|p1a: Articuno|Sheer Cold|p2a: Articuno\n|-immune|p2a: Articuno|[ohko]\n|-enditem|p1a: Articuno|Leppa Berry|[eat]\n|-activate|p1a: Articuno|item: Leppa Berry|Sheer Cold|[consumed]\n|-activate|p2a: Articuno|move: Struggle\n|move|p2a: Articuno|Struggle|p1a: Articuno\n|-damage|p1a: Articuno|93\/100\n|-damage|p2a: Articuno|61\/100|[from] recoil\n|\n|upkeep\n|turn|34\n|\n|t:|1699333533\n|switch|p1a: Snorlax|Snorlax, M|84\/100\n|switch|p2a: Arboliva|Arboliva, F|88\/100\n|\n|-heal|p1a: Snorlax|90\/100|[from] item: Leftovers\n|upkeep\n|turn|35\n|\n|t:|1699333538\n|move|p2a: Arboliva|Metronome|p2a: Arboliva\n|move|p2a: Arboliva|Sleep Powder|p1a: Snorlax|[from]move: Metronome\n|-status|p1a: Snorlax|slp|[from] move: Sleep Powder\n|cant|p1a: Snorlax|slp\n|\n|-heal|p1a: Snorlax|96\/100 slp|[from] item: Leftovers\n|upkeep\n|turn|36\n|\n|t:|1699333544\n|move|p2a: Arboliva|Metronome|p2a: Arboliva\n|move|p2a: Arboliva|Strength Sap|p1a: Snorlax|[from]move: Metronome\n|-unboost|p1a: Snorlax|atk|1\n|-heal|p2a: Arboliva|100\/100\n|cant|p1a: Snorlax|slp\n|\n|-heal|p1a: Snorlax|100\/100 slp|[from] item: Leftovers\n|upkeep\n|turn|37\n|\n|t:|1699333554\n|move|p2a: Arboliva|Metronome|p2a: Arboliva\n|move|p2a: Arboliva|Leech Life|p1a: Snorlax|[from]move: Metronome\n|-damage|p1a: Snorlax|92\/100 slp\n|cant|p1a: Snorlax|slp\n|\n|-heal|p1a: Snorlax|98\/100 slp|[from] item: Leftovers\n|upkeep\n|turn|38\n|\n|t:|1699333561\n|switch|p2a: Articuno|Articuno, shiny|61\/100\n|-ability|p2a: Articuno|Pressure\n|-curestatus|p1a: Snorlax|slp|[msg]\n|move|p1a: Snorlax|Fissure|p2a: Articuno\n|-immune|p2a: Articuno\n|\n|-heal|p1a: Snorlax|100\/100|[from] item: Leftovers\n|upkeep\n|turn|39\n|\n|t:|1699333574\n|-activate|p2a: Articuno|move: Struggle\n|move|p2a: Articuno|Struggle|p1a: Snorlax\n|-damage|p1a: Snorlax|95\/100\n|-damage|p2a: Articuno|36\/100|[from] recoil\n|move|p1a: Snorlax|Metronome|p1a: Snorlax\n|move|p1a: Snorlax|Frenzy Plant|p2a: Articuno|[from]move: Metronome\n|-resisted|p2a: Articuno\n|-damage|p2a: Articuno|30\/100\n|-mustrecharge|p1a: Snorlax\n|\n|-heal|p1a: Snorlax|100\/100|[from] item: Leftovers\n|upkeep\n|turn|40\n|\n|t:|1699333584\n|switch|p2a: Snorlax|Snorlax, M|100\/100\n|cant|p1a: Snorlax|recharge\n|\n|upkeep\n|turn|41\n|\n|t:|1699333587\n|move|p1a: Snorlax|Fissure|p2a: Snorlax|[miss]\n|-miss|p1a: Snorlax|p2a: Snorlax\n|move|p2a: Snorlax|Fissure|p1a: Snorlax|[miss]\n|-miss|p2a: Snorlax|p1a: Snorlax\n|\n|upkeep\n|turn|42\n|\n|t:|1699333592\n|move|p1a: Snorlax|Fissure|p2a: Snorlax\n|-damage|p2a: Snorlax|0 fnt\n|faint|p2a: Snorlax\n|-ohko\n|\n|upkeep\n|\n|t:|1699333597\n|switch|p2a: Arboliva|Arboliva, F|100\/100\n|turn|43\n|\n|t:|1699333600\n|move|p2a: Arboliva|Metronome|p2a: Arboliva\n|move|p2a: Arboliva|Flip Turn|p1a: Snorlax|[from]move: Metronome\n|-damage|p1a: Snorlax|95\/100\n|\n|t:|1699333604\n|switch|p2a: Articuno|Articuno, shiny|30\/100|[from] Flip Turn\n|-ability|p2a: Articuno|Pressure\n|move|p1a: Snorlax|Metronome|p1a: Snorlax\n|move|p1a: Snorlax|Power Swap|p2a: Articuno|[from]move: Metronome\n|-swapboost|p1a: Snorlax|p2a: Articuno|atk, spa|[from] move: Power Swap\n|\n|-heal|p1a: Snorlax|100\/100|[from] item: Leftovers\n|upkeep\n|turn|44\n|\n|t:|1699333616\n|switch|p2a: Arboliva|Arboliva, F|100\/100\n|move|p1a: Snorlax|Metronome|p1a: Snorlax\n|move|p1a: Snorlax|Inferno|p2a: Arboliva|[from]move: Metronome\n|-supereffective|p2a: Arboliva\n|-damage|p2a: Arboliva|78\/100\n|-status|p2a: Arboliva|brn\n|\n|-damage|p2a: Arboliva|72\/100 brn|[from] brn\n|upkeep\n|turn|45\n|\n|t:|1699333626\n|switch|p2a: Articuno|Articuno, shiny|30\/100\n|-ability|p2a: Articuno|Pressure\n|move|p1a: Snorlax|Fissure|p2a: Articuno\n|-immune|p2a: Articuno\n|\n|upkeep\n|turn|46\n|\n|t:|1699333633\n|switch|p2a: Arboliva|Arboliva, F|72\/100 brn\n|move|p1a: Snorlax|Metronome|p1a: Snorlax\n|move|p1a: Snorlax|Fury Swipes|p2a: Arboliva|[from]move: Metronome\n|-damage|p2a: Arboliva|66\/100 brn\n|-damage|p2a: Arboliva|60\/100 brn\n|-damage|p2a: Arboliva|55\/100 brn\n|-hitcount|p2a: Arboliva|3\n|\n|-damage|p2a: Arboliva|49\/100 brn|[from] brn\n|upkeep\n|-enditem|p2a: Arboliva|Sitrus Berry|[eat]\n|-heal|p2a: Arboliva|74\/100 brn|[from] item: Sitrus Berry\n|turn|47\n|\n|t:|1699333645\n|move|p2a: Arboliva|Metronome|p2a: Arboliva\n|move|p2a: Arboliva|Aqua Tail|p1a: Snorlax|[from]move: Metronome\n|-damage|p1a: Snorlax|96\/100\n|move|p1a: Snorlax|Metronome|p1a: Snorlax\n|move|p1a: Snorlax|Cotton Guard|p1a: Snorlax|[from]move: Metronome\n|-boost|p1a: Snorlax|def|3\n|\n|-heal|p1a: Snorlax|100\/100|[from] item: Leftovers\n|-damage|p2a: Arboliva|67\/100 brn|[from] brn\n|-item|p2a: Arboliva|Sitrus Berry|[from] ability: Harvest\n|upkeep\n|turn|48\n|\n|t:|1699333656\n|move|p2a: Arboliva|Metronome|p2a: Arboliva\n|move|p2a: Arboliva|Brutal Swing|p1a: Snorlax|[from]move: Metronome\n|-damage|p1a: Snorlax|99\/100\n|move|p1a: Snorlax|Metronome|p1a: Snorlax\n|move|p1a: Snorlax|Court Change||[from]move: Metronome|[still]\n|-swapsideconditions\n|-fail|p1a: Snorlax\n|\n|-heal|p1a: Snorlax|100\/100|[from] item: Leftovers\n|-damage|p2a: Arboliva|61\/100 brn|[from] brn\n|upkeep\n|turn|49\n|\n|t:|1699333664\n|move|p2a: Arboliva|Metronome|p2a: Arboliva\n|move|p2a: Arboliva|Steel Wing|p1a: Snorlax|[from]move: Metronome\n|-crit|p1a: Snorlax\n|-damage|p1a: Snorlax|96\/100\n|move|p1a: Snorlax|Metronome|p1a: Snorlax\n|move|p1a: Snorlax|U-turn|p2a: Arboliva|[from]move: Metronome\n|-supereffective|p2a: Arboliva\n|-damage|p2a: Arboliva|33\/100 brn\n|-enditem|p2a: Arboliva|Sitrus Berry|[eat]\n|-heal|p2a: Arboliva|58\/100 brn|[from] item: Sitrus Berry\n|\n|t:|1699333681\n|switch|p1a: Clefable|Clefable, M|5\/100|[from] U-turn\n|\n|-damage|p2a: Arboliva|52\/100 brn|[from] brn\n|-item|p2a: Arboliva|Sitrus Berry|[from] ability: Harvest\n|upkeep\n|turn|50\n|\n|t:|1699333687\n|move|p1a: Clefable|Metronome|p1a: Clefable\n|move|p1a: Clefable|Explosion|p2a: Arboliva|[from]move: Metronome\n|-damage|p2a: Arboliva|10\/100 brn\n|-enditem|p2a: Arboliva|Sitrus Berry|[eat]\n|-heal|p2a: Arboliva|35\/100 brn|[from] item: Sitrus Berry\n|faint|p1a: Clefable\n|move|p2a: Arboliva|Metronome|p2a: Arboliva\n|move|p2a: Arboliva|Blaze Kick|p1: Clefable|[from]move: Metronome|[notarget]\n|-fail|p2a: Arboliva\n|\n|-damage|p2a: Arboliva|29\/100 brn|[from] brn\n|-item|p2a: Arboliva|Sitrus Berry|[from] ability: Harvest\n|upkeep\n|-enditem|p2a: Arboliva|Sitrus Berry|[eat]\n|-heal|p2a: Arboliva|54\/100 brn|[from] item: Sitrus Berry\n|\n|t:|1699333707\n|switch|p1a: Articuno|Articuno|93\/100\n|-ability|p1a: Articuno|Pressure\n|turn|51\n|\n|t:|1699333712\n|switch|p2a: Articuno|Articuno, shiny|30\/100\n|-ability|p2a: Articuno|Pressure\n|move|p1a: Articuno|Sheer Cold|p2a: Articuno\n|-immune|p2a: Articuno|[ohko]\n|\n|upkeep\n|turn|52\n|\n|t:|1699333722\n|move|p1a: Articuno|Sheer Cold|p2a: Articuno\n|-immune|p2a: Articuno|[ohko]\n|-activate|p2a: Articuno|move: Struggle\n|move|p2a: Articuno|Struggle|p1a: Articuno\n|-damage|p1a: Articuno|85\/100\n|-damage|p2a: Articuno|5\/100|[from] recoil\n|\n|upkeep\n|turn|53\n|\n|t:|1699333729\n|switch|p2a: Arboliva|Arboliva, F|54\/100 brn\n|move|p1a: Articuno|Sheer Cold|p2a: Arboliva\n|-damage|p2a: Arboliva|0 fnt\n|faint|p2a: Arboliva\n|-ohko\n|\n|upkeep\n|\n|t:|1699333732\n|switch|p2a: Articuno|Articuno, shiny|5\/100\n|-ability|p2a: Articuno|Pressure\n|turn|54\n|\n|t:|1699333735\n|switch|p1a: Snorlax|Snorlax, M|96\/100\n|-activate|p2a: Articuno|move: Struggle\n|move|p2a: Articuno|Struggle|p1a: Snorlax\n|-damage|p1a: Snorlax|90\/100\n|-damage|p2a: Articuno|0 fnt|[from] recoil\n|faint|p2a: Articuno\n|\n|win|Squirtle Soldier\n","uploadtime":1699333746,"views":5,"p1id":"squirtlesoldier","p2id":"idunnoagoodnam","formatid":"gen9anythinggoes","rating":0,"private":0,"password":""}