{"id":"gen9anythinggoes-1974777510","p1":"WomboBombo","p2":"Soru87","format":"[Gen 9] Anything Goes","log":"|j|\u2606WomboBombo\n|j|\u2606Soru87\n|t:|1698122647\n|gametype|singles\n|player|p1|WomboBombo|ethan|\n|player|p2|Soru87|iris-gen5bw2|\n|teamsize|p1|6\n|teamsize|p2|6\n|gen|9\n|tier|[Gen 9] Anything Goes\n|rule|HP Percentage Mod: HP is shown in percentages\n|rule|Endless Battle Clause: Forcing endless battles is banned\n|clearpoke\n|poke|p1|Clefable, F|\n|poke|p1|Manaphy|\n|poke|p1|Corviknight, M|\n|poke|p1|Landorus-Therian, M|\n|poke|p1|Dragapult, M|\n|poke|p1|Torterra, M|\n|poke|p2|Piloswine, F|\n|poke|p2|Ursaluna-Bloodmoon, M|\n|poke|p2|Cresselia, F|\n|poke|p2|Zoroark-Hisui, F|\n|poke|p2|Umbreon, M|\n|poke|p2|Iron Hands|\n|teampreview\n|j| caligulahar\n|j| theblandino\n|\n|t:|1698122681\n|start\n|switch|p1a: Terra|Landorus-Therian, M|100\/100\n|switch|p2a: Isshin|Piloswine, F|100\/100\n|-ability|p1a: Terra|Intimidate|boost\n|-unboost|p2a: Isshin|atk|1\n|turn|1\n|j| Coomie1\n|\n|t:|1698122699\n|move|p1a: Terra|Stealth Rock|p2a: Isshin\n|-sidestart|p2: Soru87|move: Stealth Rock\n|move|p2a: Isshin|Avalanche|p1a: Terra\n|-supereffective|p1a: Terra\n|-damage|p1a: Terra|60\/100\n|\n|-heal|p1a: Terra|66\/100|[from] item: Leftovers\n|upkeep\n|turn|2\n|l| Coomie1\n|\n|t:|1698122708\n|move|p1a: Terra|U-turn|p2a: Isshin\n|-damage|p2a: Isshin|86\/100\n|\n|t:|1698122728\n|switch|p1a: Manamo|Manaphy|100\/100|[from] U-turn\n|move|p2a: Isshin|Avalanche|p1a: Manamo\n|-resisted|p1a: Manamo\n|-damage|p1a: Manamo|93\/100\n|\n|-heal|p1a: Manamo|99\/100|[from] item: Leftovers\n|upkeep\n|turn|3\n|\n|t:|1698122756\n|switch|p2a: Andy|Ursaluna-Bloodmoon, M|100\/100\n|-damage|p2a: Andy|94\/100|[from] Stealth Rock\n|move|p1a: Manamo|Tail Glow|p1a: Manamo\n|-boost|p1a: Manamo|spa|3\n|\n|-heal|p1a: Manamo|100\/100|[from] item: Leftovers\n|upkeep\n|turn|4\n|\n|t:|1698122780\n|move|p1a: Manamo|Scald|p2a: Andy\n|-supereffective|p2a: Andy\n|-damage|p2a: Andy|0 fnt\n|faint|p2a: Andy\n|\n|upkeep\n|\n|t:|1698122793\n|switch|p2a: Ichico|Cresselia, F, shiny|100\/100\n|-damage|p2a: Ichico|88\/100|[from] Stealth Rock\n|turn|5\n|\n|t:|1698122803\n|move|p1a: Manamo|Tail Glow|p1a: Manamo\n|-boost|p1a: Manamo|spa|3\n|move|p2a: Ichico|Light Screen|p2a: Ichico\n|-sidestart|p2: Soru87|move: Light Screen\n|\n|upkeep\n|turn|6\n|\n|t:|1698122812\n|move|p1a: Manamo|Energy Ball|p2a: Ichico\n|-damage|p2a: Ichico|60\/100\n|move|p2a: Ichico|Trick Room|p2a: Ichico\n|-fieldstart|move: Trick Room|[of] p2a: Ichico\n|\n|upkeep\n|turn|7\n|\n|t:|1698122819\n|switch|p2a: Void|Iron Hands, shiny|100\/100\n|-damage|p2a: Void|94\/100|[from] Stealth Rock\n|-enditem|p2a: Void|Booster Energy\n|-activate|p2a: Void|ability: Quark Drive|[fromitem]\n|-start|p2a: Void|quarkdriveatk\n|move|p1a: Manamo|Scald|p2a: Void\n|-damage|p2a: Void|17\/100\n|-status|p2a: Void|brn\n|\n|-damage|p2a: Void|11\/100 brn|[from] brn\n|upkeep\n|turn|8\n|\n|t:|1698122854\n|move|p2a: Void|Thunder Punch|p1a: Manamo\n|-supereffective|p1a: Manamo\n|-damage|p1a: Manamo|46\/100\n|move|p1a: Manamo|Baton Pass|p1a: Manamo\n|\n|t:|1698122858\n|switch|p1a: Suke|Clefable, F|100\/100|[from] Baton Pass\n|\n|-damage|p2a: Void|5\/100 brn|[from] brn\n|upkeep\n|turn|9\n|\n|t:|1698122863\n|move|p2a: Void|Iron Head|p1a: Suke\n|-supereffective|p1a: Suke\n|-damage|p1a: Suke|69\/100\n|move|p1a: Suke|Moonblast|p2a: Void\n|-supereffective|p2a: Void\n|-damage|p2a: Void|0 fnt\n|faint|p2a: Void\n|-end|p2a: Void|Quark Drive|[silent]\n|\n|-heal|p1a: Suke|75\/100|[from] item: Leftovers\n|upkeep\n|\n|t:|1698122882\n|switch|p2a: Ichico|Cresselia, F, shiny|100\/100\n|-damage|p2a: Ichico|88\/100|[from] Stealth Rock\n|turn|10\n|\n|t:|1698122906\n|move|p1a: Suke|Thunder Wave|p2a: Ichico\n|-status|p2a: Ichico|par\n|cant|p2a: Ichico|par\n|\n|-heal|p1a: Suke|81\/100|[from] item: Leftovers\n|-fieldend|move: Trick Room\n|upkeep\n|turn|11\n|\n|t:|1698122917\n|move|p2a: Ichico|Shadow Ball|p1a: Suke\n|-damage|p1a: Suke|20\/100\n|move|p1a: Suke|Moonblast|p2a: Ichico\n|-crit|p2a: Ichico\n|-damage|p2a: Ichico|0 fnt\n|replace|p2a: Mui|Zoroark-Hisui, F, shiny\n|-end|p2a: Mui|Illusion\n|faint|p2a: Mui\n|\n|-heal|p1a: Suke|26\/100|[from] item: Leftovers\n|upkeep\n|\n|t:|1698122932\n|switch|p2a: Isshin|Piloswine, F|86\/100\n|-damage|p2a: Isshin|73\/100|[from] Stealth Rock\n|turn|12\n|\n|t:|1698122937\n|move|p1a: Suke|Wish|p1a: Suke\n|move|p2a: Isshin|Avalanche|p1a: Suke\n|-damage|p1a: Suke|8\/100\n|\n|-heal|p1a: Suke|14\/100|[from] item: Leftovers\n|-sideend|p2: Soru87|move: Light Screen\n|upkeep\n|turn|13\n|\n|t:|1698122946\n|move|p1a: Suke|Protect|p1a: Suke\n|-singleturn|p1a: Suke|Protect\n|move|p2a: Isshin|Earthquake|p1a: Suke\n|-activate|p1a: Suke|move: Protect\n|\n|-heal|p1a: Suke|64\/100|[from] move: Wish|[wisher] Suke\n|-heal|p1a: Suke|70\/100|[from] item: Leftovers\n|upkeep\n|turn|14\n|\n|t:|1698122955\n|move|p2a: Isshin|Protect|p2a: Isshin\n|-singleturn|p2a: Isshin|Protect\n|move|p1a: Suke|Moonblast|p2a: Isshin\n|-activate|p2a: Isshin|move: Protect\n|\n|-heal|p1a: Suke|76\/100|[from] item: Leftovers\n|upkeep\n|turn|15\n|\n|t:|1698122962\n|move|p1a: Suke|Moonblast|p2a: Isshin\n|-damage|p2a: Isshin|0 fnt\n|faint|p2a: Isshin\n|\n|-heal|p1a: Suke|82\/100|[from] item: Leftovers\n|upkeep\n|\n|t:|1698122967\n|switch|p2a: Ichico|Cresselia, F, shiny|60\/100\n|-damage|p2a: Ichico|48\/100|[from] Stealth Rock\n|turn|16\n|\n|t:|1698122971\n|move|p2a: Ichico|Light Screen|p2a: Ichico\n|-sidestart|p2: Soru87|move: Light Screen\n|move|p1a: Suke|Moonblast|p2a: Ichico\n|-damage|p2a: Ichico|11\/100\n|\n|-heal|p1a: Suke|88\/100|[from] item: Leftovers\n|upkeep\n|turn|17\n|\n|t:|1698122978\n|move|p1a: Suke|Moonblast|p2a: Ichico\n|-damage|p2a: Ichico|0 fnt\n|faint|p2a: Ichico\n|\n|-heal|p1a: Suke|94\/100|[from] item: Leftovers\n|upkeep\n|\n|t:|1698122983\n|switch|p2a: Shen|Umbreon, M, shiny|100\/100\n|-damage|p2a: Shen|88\/100|[from] Stealth Rock\n|turn|18\n|\n|t:|1698122994\n|move|p2a: Shen|Toxic|p1a: Suke\n|-status|p1a: Suke|tox\n|move|p1a: Suke|Moonblast|p2a: Shen\n|-supereffective|p2a: Shen\n|-crit|p2a: Shen\n|-damage|p2a: Shen|0 fnt\n|faint|p2a: Shen\n|\n|win|WomboBombo\n|c| caligulahar|gg\n|l|\u2606Soru87\n|l|\u2606WomboBombo\n|l| theblandino\n","uploadtime":1698123053,"views":26,"p1id":"wombobombo","p2id":"soru87","formatid":"gen9anythinggoes","rating":0,"private":0,"password":""}