{"id":"gen9anythinggoes-1985837649","p1":"000Epsilon","p2":"br142951","format":"[Gen 9] Anything Goes","log":"|j|\u2606000Epsilon\n|j|\u2606br142951\n|t:|1699411613\n|gametype|singles\n|player|p1|000Epsilon|nate|1357\n|player|p2|br142951|1|1447\n|teamsize|p1|6\n|teamsize|p2|6\n|gen|9\n|tier|[Gen 9] Anything Goes\n|rated|\n|rule|HP Percentage Mod: HP is shown in percentages\n|rule|Endless Battle Clause: Forcing endless battles is banned\n|clearpoke\n|poke|p1|Ribombee, M|\n|poke|p1|Gliscor, F|\n|poke|p1|Gholdengo|\n|poke|p1|Ting-Lu|\n|poke|p1|Clodsire, M|\n|poke|p1|Glimmora, F|\n|poke|p2|Kyogre|\n|poke|p2|Ting-Lu|\n|poke|p2|Rayquaza|\n|poke|p2|Rillaboom, F|\n|poke|p2|Ogerpon-Hearthflame, F|\n|poke|p2|Flutter Mane|\n|teampreview\n|inactive|Battle timer is ON: inactive players will automatically lose when time's up. (requested by br142951)\n|\n|t:|1699411621\n|start\n|switch|p1a: Ribombee|Ribombee, M|100\/100\n|switch|p2a: Rayquaza|Rayquaza|100\/100\n|-ability|p2a: Rayquaza|Air Lock\n|turn|1\n|\n|t:|1699411629\n|move|p1a: Ribombee|Sticky Web|p2a: Rayquaza\n|-sidestart|p2: br142951|move: Sticky Web\n|move|p2a: Rayquaza|Stealth Rock|p1a: Ribombee\n|-sidestart|p1: 000Epsilon|move: Stealth Rock\n|\n|upkeep\n|turn|2\n|\n|t:|1699411635\n|move|p1a: Ribombee|Stun Spore|p2a: Rayquaza\n|-status|p2a: Rayquaza|par\n|move|p2a: Rayquaza|Rock Slide|p1a: Ribombee\n|-supereffective|p1a: Ribombee\n|-damage|p1a: Ribombee|2\/100\n|\n|upkeep\n|turn|3\n|\n|t:|1699411643\n|move|p1a: Ribombee|U-turn|p2a: Rayquaza\n|-resisted|p2a: Rayquaza\n|-damage|p2a: Rayquaza|93\/100 par\n|\n|t:|1699411647\n|switch|p1a: Glimmora|Glimmora, F|100\/100|[from] U-turn\n|-damage|p1a: Glimmora|88\/100|[from] Stealth Rock\n|move|p2a: Rayquaza|Rock Slide|p1a: Glimmora\n|-damage|p1a: Glimmora|61\/100\n|-activate|p1a: Glimmora|ability: Toxic Debris\n|-sidestart|p2: br142951|move: Toxic Spikes\n|-enditem|p1a: Glimmora|Red Card|[of] p2a: Rayquaza\n|drag|p2a: Rillaboom|Rillaboom, F|100\/100\n|-activate|p2a: Rillaboom|move: Sticky Web\n|-unboost|p2a: Rillaboom|spe|1\n|-status|p2a: Rillaboom|psn\n|-fieldstart|move: Grassy Terrain|[from] ability: Grassy Surge|[of] p2a: Rillaboom\n|-enditem|p2a: Rillaboom|Grassy Seed\n|-boost|p2a: Rillaboom|def|1|[from] item: Grassy Seed\n|\n|-heal|p1a: Glimmora|67\/100|[from] Grassy Terrain\n|-damage|p2a: Rillaboom|88\/100 psn|[from] psn\n|upkeep\n|turn|4\n|\n|t:|1699411670\n|move|p1a: Glimmora|Mortal Spin|p2a: Rillaboom\n|-supereffective|p2a: Rillaboom\n|-damage|p2a: Rillaboom|79\/100 psn\n|-sideend|p1: 000Epsilon|Stealth Rock|[from] move: Mortal Spin|[of] p1a: Glimmora\n|move|p2a: Rillaboom|Hammer Arm|p1a: Glimmora\n|-damage|p1a: Glimmora|28\/100\n|-unboost|p2a: Rillaboom|spe|1\n|-activate|p1a: Glimmora|ability: Toxic Debris\n|-sidestart|p2: br142951|move: Toxic Spikes\n|\n|-heal|p1a: Glimmora|35\/100|[from] Grassy Terrain\n|-heal|p2a: Rillaboom|85\/100 psn|[from] Grassy Terrain\n|-damage|p2a: Rillaboom|73\/100 psn|[from] psn\n|upkeep\n|turn|5\n|\n|t:|1699411683\n|move|p2a: Rillaboom|Grassy Glide|p1a: Glimmora\n|-damage|p1a: Glimmora|0 fnt\n|faint|p1a: Glimmora\n|\n|-heal|p2a: Rillaboom|79\/100 psn|[from] Grassy Terrain\n|-damage|p2a: Rillaboom|66\/100 psn|[from] psn\n|upkeep\n|\n|t:|1699411691\n|switch|p1a: Clodsire|Clodsire, M|100\/100\n|turn|6\n|\n|t:|1699411698\n|move|p2a: Rillaboom|Grassy Glide|p1a: Clodsire\n|-damage|p1a: Clodsire|56\/100\n|-enditem|p1a: Clodsire|Red Card|[of] p2a: Rillaboom\n|drag|p2a: Kyogre|Kyogre|100\/100\n|-activate|p2a: Kyogre|move: Sticky Web\n|-unboost|p2a: Kyogre|spe|1\n|-status|p2a: Kyogre|tox\n|-weather|RainDance|[from] ability: Drizzle|[of] p2a: Kyogre\n|move|p1a: Clodsire|Stealth Rock|p2a: Kyogre\n|-sidestart|p2: br142951|move: Stealth Rock\n|\n|-weather|RainDance|[upkeep]\n|-heal|p1a: Clodsire|62\/100|[from] Grassy Terrain\n|-damage|p2a: Kyogre|94\/100 tox|[from] psn\n|upkeep\n|turn|7\n|\n|t:|1699411720\n|move|p2a: Kyogre|Water Spout|p1a: Clodsire\n|-heal|p1a: Clodsire|87\/100|[from] ability: Water Absorb|[of] p2a: Kyogre\n|move|p1a: Clodsire|Spikes|p2a: Kyogre\n|-sidestart|p2: br142951|Spikes\n|\n|-weather|RainDance|[upkeep]\n|-heal|p2a: Kyogre|100\/100 tox|[from] Grassy Terrain\n|-heal|p1a: Clodsire|93\/100|[from] Grassy Terrain\n|-damage|p2a: Kyogre|88\/100 tox|[from] psn\n|-fieldend|move: Grassy Terrain\n|upkeep\n|turn|8\n|\n|t:|1699411729\n|switch|p2a: Rayquaza|Rayquaza|93\/100 par\n|-damage|p2a: Rayquaza|68\/100 par|[from] Stealth Rock\n|-ability|p2a: Rayquaza|Air Lock\n|move|p1a: Clodsire|Spikes|p2a: Rayquaza\n|-sidestart|p2: br142951|Spikes\n|\n|-weather|RainDance|[upkeep]\n|upkeep\n|turn|9\n|\n|t:|1699411740\n|move|p2a: Rayquaza|Tailwind|p2a: Rayquaza\n|-sidestart|p2: br142951|move: Tailwind\n|move|p1a: Clodsire|Spikes|p2a: Rayquaza\n|-sidestart|p2: br142951|Spikes\n|\n|-weather|RainDance|[upkeep]\n|upkeep\n|turn|10\n|\n|t:|1699411746\n|switch|p1a: Ting-Lu|Ting-Lu|100\/100\n|-ability|p1a: Ting-Lu|Vessel of Ruin\n|move|p2a: Rayquaza|Scale Shot|p1a: Ting-Lu\n|-damage|p1a: Ting-Lu|95\/100\n|-damage|p1a: Ting-Lu|88\/100\n|-damage|p1a: Ting-Lu|82\/100\n|-damage|p1a: Ting-Lu|77\/100\n|-crit|p1a: Ting-Lu\n|-damage|p1a: Ting-Lu|67\/100\n|-hitcount|p1a: Ting-Lu|5\n|-enditem|p1a: Ting-Lu|Red Card|[of] p2a: Rayquaza\n|-unboost|p2a: Rayquaza|def|1\n|-boost|p2a: Rayquaza|spe|1\n|drag|p2a: Rillaboom|Rillaboom, F|66\/100 psn\n|-activate|p2a: Rillaboom|move: Sticky Web\n|-unboost|p2a: Rillaboom|spe|1\n|-damage|p2a: Rillaboom|54\/100 psn|[from] Stealth Rock\n|-damage|p2a: Rillaboom|29\/100 psn|[from] Spikes\n|-fieldstart|move: Grassy Terrain|[from] ability: Grassy Surge|[of] p2a: Rillaboom\n|\n|-weather|none\n|-heal|p2a: Rillaboom|35\/100 psn|[from] Grassy Terrain\n|-heal|p1a: Ting-Lu|73\/100|[from] Grassy Terrain\n|-damage|p2a: Rillaboom|23\/100 psn|[from] psn\n|upkeep\n|turn|11\n|inactive|br142951 has 120 seconds left.\n|\n|t:|1699411781\n|move|p2a: Rillaboom|Fake Out|p1a: Ting-Lu\n|-damage|p1a: Ting-Lu|67\/100\n|cant|p1a: Ting-Lu|flinch\n|\n|-heal|p2a: Rillaboom|29\/100 psn|[from] Grassy Terrain\n|-heal|p1a: Ting-Lu|74\/100|[from] Grassy Terrain\n|-damage|p2a: Rillaboom|17\/100 psn|[from] psn\n|upkeep\n|turn|12\n|\n|t:|1699411789\n|move|p2a: Rillaboom|Grassy Glide|p1a: Ting-Lu\n|-supereffective|p1a: Ting-Lu\n|-damage|p1a: Ting-Lu|40\/100\n|move|p1a: Ting-Lu|Whirlwind|p2a: Rillaboom\n|drag|p2a: Kyogre|Kyogre|88\/100 tox\n|-activate|p2a: Kyogre|move: Sticky Web\n|-unboost|p2a: Kyogre|spe|1\n|-damage|p2a: Kyogre|76\/100 tox|[from] Stealth Rock\n|-damage|p2a: Kyogre|51\/100 tox|[from] Spikes\n|-weather|RainDance|[from] ability: Drizzle|[of] p2a: Kyogre\n|\n|-weather|RainDance|[upkeep]\n|-heal|p2a: Kyogre|57\/100 tox|[from] Grassy Terrain\n|-heal|p1a: Ting-Lu|46\/100|[from] Grassy Terrain\n|-damage|p2a: Kyogre|51\/100 tox|[from] psn\n|-sideend|p2: br142951|move: Tailwind\n|upkeep\n|turn|13\n|\n|t:|1699411806\n|switch|p1a: Clodsire|Clodsire, M|93\/100\n|move|p2a: Kyogre|Blizzard|p1a: Clodsire\n|-supereffective|p1a: Clodsire\n|-damage|p1a: Clodsire|48\/100\n|\n|-weather|RainDance|[upkeep]\n|-heal|p2a: Kyogre|57\/100 tox|[from] Grassy Terrain\n|-heal|p1a: Clodsire|54\/100|[from] Grassy Terrain\n|-damage|p2a: Kyogre|45\/100 tox|[from] psn\n|upkeep\n|turn|14\n|\n|t:|1699411815\n|move|p2a: Kyogre|Blizzard|p1a: Clodsire|[miss]\n|-miss|p2a: Kyogre|p1a: Clodsire\n|move|p1a: Clodsire|Recover|p1a: Clodsire\n|-heal|p1a: Clodsire|100\/100\n|\n|-weather|RainDance|[upkeep]\n|-heal|p2a: Kyogre|51\/100 tox|[from] Grassy Terrain\n|-damage|p2a: Kyogre|32\/100 tox|[from] psn\n|-fieldend|move: Grassy Terrain\n|upkeep\n|turn|15\n|\n|t:|1699411825\n|move|p2a: Kyogre|Blizzard|p1a: Clodsire\n|-supereffective|p1a: Clodsire\n|-damage|p1a: Clodsire|56\/100\n|move|p1a: Clodsire|Earth Power|p2a: Kyogre\n|-damage|p2a: Kyogre|19\/100 tox\n|\n|-weather|RainDance|[upkeep]\n|-damage|p2a: Kyogre|0 fnt|[from] psn\n|faint|p2a: Kyogre\n|upkeep\n|\n|t:|1699411842\n|switch|p2a: Ting-Lu|Ting-Lu|100\/100\n|-activate|p2a: Ting-Lu|move: Sticky Web\n|-unboost|p2a: Ting-Lu|spe|1\n|-status|p2a: Ting-Lu|tox\n|-damage|p2a: Ting-Lu|94\/100 tox|[from] Stealth Rock\n|-damage|p2a: Ting-Lu|69\/100 tox|[from] Spikes\n|-ability|p2a: Ting-Lu|Vessel of Ruin\n|turn|16\n|\n|t:|1699411852\n|switch|p1a: Gliscor|Gliscor, F|100\/100\n|move|p2a: Ting-Lu|Earthquake|p1a: Gliscor\n|-immune|p1a: Gliscor\n|\n|-weather|none\n|-heal|p2a: Ting-Lu|76\/100 tox|[from] item: Leftovers\n|-damage|p2a: Ting-Lu|69\/100 tox|[from] psn\n|-status|p1a: Gliscor|tox|[from] item: Toxic Orb\n|upkeep\n|turn|17\n|\n|t:|1699411863\n|move|p1a: Gliscor|Earthquake|p2a: Ting-Lu\n|-damage|p2a: Ting-Lu|57\/100 tox\n|move|p2a: Ting-Lu|Ruination|p1a: Gliscor\n|-damage|p1a: Gliscor|50\/100 tox\n|\n|-heal|p2a: Ting-Lu|63\/100 tox|[from] item: Leftovers\n|-heal|p1a: Gliscor|63\/100 tox|[from] ability: Poison Heal\n|-damage|p2a: Ting-Lu|51\/100 tox|[from] psn\n|upkeep\n|turn|18\n|\n|t:|1699411872\n|move|p1a: Gliscor|Protect|p1a: Gliscor\n|-singleturn|p1a: Gliscor|Protect\n|move|p2a: Ting-Lu|Whirlwind|p1a: Gliscor\n|drag|p1a: Gholdengo|Gholdengo|100\/100\n|-item|p1a: Gholdengo|Air Balloon\n|\n|-heal|p2a: Ting-Lu|57\/100 tox|[from] item: Leftovers\n|-damage|p2a: Ting-Lu|38\/100 tox|[from] psn\n|upkeep\n|turn|19\n|\n|t:|1699411884\n|move|p1a: Gholdengo|Nasty Plot|p1a: Gholdengo\n|-boost|p1a: Gholdengo|spa|2\n|move|p2a: Ting-Lu|Ruination|p1a: Gholdengo\n|-damage|p1a: Gholdengo|51\/100\n|-enditem|p1a: Gholdengo|Air Balloon\n|\n|-heal|p2a: Ting-Lu|44\/100 tox|[from] item: Leftovers\n|-damage|p2a: Ting-Lu|20\/100 tox|[from] psn\n|upkeep\n|turn|20\n|\n|t:|1699411893\n|move|p1a: Gholdengo|Dazzling Gleam|p2a: Ting-Lu\n|-supereffective|p2a: Ting-Lu\n|-damage|p2a: Ting-Lu|0 fnt\n|faint|p2a: Ting-Lu\n|\n|upkeep\n|\n|t:|1699411910\n|switch|p2a: Rillaboom|Rillaboom, F|17\/100 psn\n|-activate|p2a: Rillaboom|move: Sticky Web\n|-unboost|p2a: Rillaboom|spe|1\n|-damage|p2a: Rillaboom|4\/100 psn|[from] Stealth Rock\n|-damage|p2a: Rillaboom|0 fnt|[from] Spikes\n|faint|p2a: Rillaboom\n|\n|t:|1699411916\n|switch|p2a: Rayquaza|Rayquaza|68\/100 par\n|-damage|p2a: Rayquaza|44\/100 par|[from] Stealth Rock\n|-ability|p2a: Rayquaza|Air Lock\n|turn|21\n|\n|t:|1699411922\n|move|p1a: Gholdengo|Dazzling Gleam|p2a: Rayquaza\n|-supereffective|p2a: Rayquaza\n|-damage|p2a: Rayquaza|0 fnt\n|faint|p2a: Rayquaza\n|\n|upkeep\n|-message|br142951 forfeited.\n|\n|win|000Epsilon\n|raw|000Epsilon's rating: 1357 &rarr; <strong>1382<\/strong><br \/>(+25 for winning)\n|raw|br142951's rating: 1447 &rarr; <strong>1422<\/strong><br \/>(-25 for losing)\n|l|\u2606br142951\n","uploadtime":1699411934,"views":5,"p1id":"000epsilon","p2id":"br142951","formatid":"gen9anythinggoes","rating":1382,"private":0,"password":""}