{"id":"gen9anythinggoes-1972665066","p1":"GlamorousGigalith","p2":"Suechan","format":"[Gen 9] Anything Goes","log":"|j|\u2606GlamorousGigalith\n|j|\u2606Suechan\n|t:|1697873510\n|gametype|singles\n|player|p1|GlamorousGigalith|nate|1664\n|player|p2|Suechan|swimmerf-gen4|1531\n|teamsize|p1|6\n|teamsize|p2|6\n|gen|9\n|tier|[Gen 9] Anything Goes\n|rated|\n|rule|HP Percentage Mod: HP is shown in percentages\n|rule|Endless Battle Clause: Forcing endless battles is banned\n|clearpoke\n|poke|p1|Calyrex-Ice|\n|poke|p1|Arceus-Fairy|\n|poke|p1|Kyogre|\n|poke|p1|Arceus-Dark|\n|poke|p1|Ursaluna, F|\n|poke|p1|Flutter Mane|\n|poke|p2|Arceus|\n|poke|p2|Arceus-Grass|\n|poke|p2|Koraidon|\n|poke|p2|Calyrex-Ice|\n|poke|p2|Rayquaza|\n|poke|p2|Ursaluna-Bloodmoon, M|\n|teampreview\n|inactive|Battle timer is ON: inactive players will automatically lose when time's up. (requested by Suechan)\n|\n|t:|1697873518\n|start\n|switch|p1a: Flutter Mane|Flutter Mane|100\/100\n|switch|p2a: Rayquaza|Rayquaza|100\/100\n|-ability|p2a: Rayquaza|Air Lock\n|turn|1\n|\n|t:|1697873530\n|move|p2a: Rayquaza|Stealth Rock|p1a: Flutter Mane\n|-sidestart|p1: GlamorousGigalith|move: Stealth Rock\n|move|p1a: Flutter Mane|Trick Room|p1a: Flutter Mane\n|-fieldstart|move: Trick Room|[of] p1a: Flutter Mane\n|\n|upkeep\n|turn|2\n|\n|t:|1697873535\n|move|p1a: Flutter Mane|Moonblast|p2a: Rayquaza\n|-supereffective|p2a: Rayquaza\n|-enditem|p2a: Rayquaza|Focus Sash\n|-damage|p2a: Rayquaza|1\/100\n|move|p2a: Rayquaza|Dragon Ascent|p1a: Flutter Mane\n|-enditem|p1a: Flutter Mane|Focus Sash\n|-damage|p1a: Flutter Mane|1\/100\n|-unboost|p2a: Rayquaza|def|1\n|-unboost|p2a: Rayquaza|spd|1\n|\n|upkeep\n|turn|3\n|\n|t:|1697873548\n|switch|p2a: Calyrex|Calyrex-Ice|100\/100\n|-ability|p2a: Calyrex|As One\n|-ability|p2a: Calyrex|Unnerve\n|move|p1a: Flutter Mane|Moonblast|p2a: Calyrex\n|-damage|p2a: Calyrex|65\/100\n|\n|upkeep\n|turn|4\n|\n|t:|1697873564\n|move|p2a: Calyrex|Glacial Lance|p1a: Flutter Mane\n|-damage|p1a: Flutter Mane|0 fnt\n|faint|p1a: Flutter Mane\n|-end|p1a: Flutter Mane|Protosynthesis|[silent]\n|-ability|p2a: Calyrex|Chilling Neigh|boost\n|-boost|p2a: Calyrex|atk|1\n|\n|upkeep\n|\n|t:|1697873572\n|switch|p1a: Calyrex|Calyrex-Ice|100\/100\n|-ability|p1a: Calyrex|As One\n|-ability|p1a: Calyrex|Unnerve\n|turn|5\n|\n|t:|1697873581\n|-terastallize|p2a: Calyrex|Ice\n|move|p1a: Calyrex|Glacial Lance|p2a: Calyrex\n|-resisted|p2a: Calyrex\n|-damage|p2a: Calyrex|41\/100\n|move|p2a: Calyrex|Glacial Lance|p1a: Calyrex\n|-resisted|p1a: Calyrex\n|-damage|p1a: Calyrex|29\/100\n|\n|-fieldend|move: Trick Room\n|upkeep\n|turn|6\n|\n|t:|1697873597\n|switch|p2a: Rayquaza|Rayquaza|1\/100\n|-ability|p2a: Rayquaza|Air Lock\n|move|p1a: Calyrex|Close Combat|p2a: Rayquaza\n|-resisted|p2a: Rayquaza\n|-damage|p2a: Rayquaza|0 fnt\n|-unboost|p1a: Calyrex|def|1\n|-unboost|p1a: Calyrex|spd|1\n|faint|p2a: Rayquaza\n|-ability|p1a: Calyrex|Chilling Neigh|boost\n|-boost|p1a: Calyrex|atk|1\n|\n|upkeep\n|\n|t:|1697873610\n|switch|p2a: Ursaluna|Ursaluna-Bloodmoon, M|100\/100\n|turn|7\n|\n|t:|1697873615\n|move|p2a: Ursaluna|Vacuum Wave|p1a: Calyrex\n|-damage|p1a: Calyrex|13\/100\n|move|p1a: Calyrex|Trick Room|p1a: Calyrex\n|-fieldstart|move: Trick Room|[of] p1a: Calyrex\n|\n|upkeep\n|turn|8\n|\n|t:|1697873624\n|switch|p1a: Ursaluna|Ursaluna, F|100\/100\n|-damage|p1a: Ursaluna|94\/100|[from] Stealth Rock\n|move|p2a: Ursaluna|Vacuum Wave|p1a: Ursaluna\n|-supereffective|p1a: Ursaluna\n|-damage|p1a: Ursaluna|69\/100\n|\n|-status|p1a: Ursaluna|brn|[from] item: Flame Orb\n|upkeep\n|turn|9\n|\n|t:|1697873636\n|move|p1a: Ursaluna|Close Combat|p2a: Ursaluna\n|-supereffective|p2a: Ursaluna\n|-damage|p2a: Ursaluna|0 fnt\n|-unboost|p1a: Ursaluna|def|1\n|-unboost|p1a: Ursaluna|spd|1\n|faint|p2a: Ursaluna\n|\n|-damage|p1a: Ursaluna|62\/100 brn|[from] brn\n|upkeep\n|\n|t:|1697873647\n|switch|p2a: Arceus|Arceus-Grass|100\/100\n|turn|10\n|\n|t:|1697873651\n|move|p1a: Ursaluna|Facade|p2a: Arceus\n|-damage|p2a: Arceus|21\/100\n|move|p2a: Arceus|Judgment|p1a: Ursaluna\n|-supereffective|p1a: Ursaluna\n|-damage|p1a: Ursaluna|0 fnt\n|faint|p1a: Ursaluna\n|\n|upkeep\n|\n|t:|1697873654\n|switch|p1a: Calyrex|Calyrex-Ice|13\/100\n|-ability|p1a: Calyrex|As One\n|-ability|p1a: Calyrex|Unnerve\n|turn|11\n|\n|t:|1697873672\n|move|p1a: Calyrex|Close Combat|p2a: Arceus\n|-damage|p2a: Arceus|0 fnt\n|-unboost|p1a: Calyrex|def|1\n|-unboost|p1a: Calyrex|spd|1\n|faint|p2a: Arceus\n|-ability|p1a: Calyrex|Chilling Neigh|boost\n|-boost|p1a: Calyrex|atk|1\n|\n|-fieldend|move: Trick Room\n|upkeep\n|\n|t:|1697873692\n|switch|p2a: Arceus|Arceus|100\/100\n|turn|12\n|\n|t:|1697873697\n|move|p2a: Arceus|Extreme Speed|p1a: Calyrex\n|-damage|p1a: Calyrex|0 fnt\n|faint|p1a: Calyrex\n|\n|upkeep\n|\n|t:|1697873702\n|switch|p1a: Arceus|Arceus-Dark|100\/100\n|-damage|p1a: Arceus|88\/100|[from] Stealth Rock\n|turn|13\n|\n|t:|1697873708\n|move|p1a: Arceus|Trick Room|p1a: Arceus\n|-fieldstart|move: Trick Room|[of] p1a: Arceus\n|move|p2a: Arceus|Trick Room|p2a: Arceus\n|-fieldend|move: Trick Room\n|\n|upkeep\n|turn|14\n|\n|t:|1697873714\n|move|p1a: Arceus|Trick Room|p1a: Arceus\n|-fieldstart|move: Trick Room|[of] p1a: Arceus\n|move|p2a: Arceus|Trick Room|p2a: Arceus\n|-fieldend|move: Trick Room\n|\n|upkeep\n|turn|15\n|\n|t:|1697873724\n|move|p1a: Arceus|Trick Room|p1a: Arceus\n|-fieldstart|move: Trick Room|[of] p1a: Arceus\n|move|p2a: Arceus|Trick Room|p2a: Arceus\n|-fieldend|move: Trick Room\n|\n|upkeep\n|turn|16\n|\n|t:|1697873733\n|move|p2a: Arceus|Extreme Speed|p1a: Arceus\n|-damage|p1a: Arceus|66\/100\n|move|p1a: Arceus|Trick Room|p1a: Arceus\n|-fieldstart|move: Trick Room|[of] p1a: Arceus\n|\n|upkeep\n|turn|17\n|\n|t:|1697873744\n|move|p1a: Arceus|Foul Play|p2a: Arceus\n|-damage|p2a: Arceus|76\/100\n|move|p2a: Arceus|Roar|p1a: Arceus\n|drag|p1a: Arceus|Arceus-Fairy|100\/100\n|-damage|p1a: Arceus|88\/100|[from] Stealth Rock\n|\n|upkeep\n|turn|18\n|\n|t:|1697873764\n|move|p2a: Arceus|Healing Wish|p2a: Arceus\n|faint|p2a: Arceus\n|move|p1a: Arceus|Judgment|p2: Arceus|[notarget]\n|-fail|p1a: Arceus\n|\n|upkeep\n|\n|t:|1697873770\n|switch|p2a: Calyrex|Calyrex-Ice, tera:Ice|41\/100\n|-ability|p2a: Calyrex|As One\n|-ability|p2a: Calyrex|Unnerve\n|-heal|p2a: Calyrex|100\/100|[from] move: Healing Wish\n|turn|19\n|\n|t:|1697873779\n|switch|p1a: Arceus|Arceus-Dark|66\/100\n|-damage|p1a: Arceus|53\/100|[from] Stealth Rock\n|move|p2a: Calyrex|Glacial Lance|p1a: Arceus\n|-crit|p1a: Arceus\n|-damage|p1a: Arceus|0 fnt\n|faint|p1a: Arceus\n|-ability|p2a: Calyrex|Chilling Neigh|boost\n|-boost|p2a: Calyrex|atk|1\n|\n|upkeep\n|\n|t:|1697873796\n|switch|p1a: Kyogre|Kyogre|100\/100\n|-damage|p1a: Kyogre|88\/100|[from] Stealth Rock\n|-weather|RainDance|[from] ability: Drizzle|[of] p1a: Kyogre\n|turn|20\n|\n|t:|1697873804\n|move|p2a: Calyrex|Glacial Lance|p1a: Kyogre\n|-resisted|p1a: Kyogre\n|-damage|p1a: Kyogre|0 fnt\n|faint|p1a: Kyogre\n|-ability|p2a: Calyrex|Chilling Neigh|boost\n|-boost|p2a: Calyrex|atk|1\n|\n|-weather|RainDance|[upkeep]\n|-fieldend|move: Trick Room\n|upkeep\n|\n|t:|1697873807\n|switch|p1a: Arceus|Arceus-Fairy|88\/100\n|-damage|p1a: Arceus|76\/100|[from] Stealth Rock\n|turn|21\n|\n|t:|1697873824\n|-terastallize|p1a: Arceus|Water\n|move|p1a: Arceus|Judgment|p2a: Calyrex\n|-damage|p2a: Calyrex|68\/100\n|move|p2a: Calyrex|Glacial Lance|p1a: Arceus\n|-resisted|p1a: Arceus\n|-damage|p1a: Arceus|0 fnt\n|faint|p1a: Arceus\n|\n|win|Suechan\n|raw|GlamorousGigalith's rating: 1664 &rarr; <strong>1637<\/strong><br \/>(-27 for losing)\n|raw|Suechan's rating: 1531 &rarr; <strong>1558<\/strong><br \/>(+27 for winning)\n|l|\u2606GlamorousGigalith\n","uploadtime":1697873862,"views":13,"p1id":"glamorousgigalith","p2id":"suechan","formatid":"gen9anythinggoes","rating":1558,"private":0,"password":""}