{"id":"gen9anythinggoes-1971460759","p1":"YoungEsq","p2":"Max358","format":"[Gen 9] Anything Goes","log":"|j|\u2606YoungEsq\n|j|\u2606Max358\n|t:|1697740267\n|gametype|singles\n|player|p1|YoungEsq|2|1325\n|player|p2|Max358|1|1325\n|teamsize|p1|6\n|teamsize|p2|6\n|gen|9\n|tier|[Gen 9] Anything Goes\n|rated|\n|rule|HP Percentage Mod: HP is shown in percentages\n|rule|Endless Battle Clause: Forcing endless battles is banned\n|clearpoke\n|poke|p1|Ting-Lu|\n|poke|p1|Gholdengo|\n|poke|p1|Roaring Moon|\n|poke|p1|Chi-Yu|\n|poke|p1|Samurott-Hisui, M|\n|poke|p1|Mandibuzz, F|\n|poke|p2|Vaporeon, M|\n|poke|p2|Gholdengo|\n|poke|p2|Drifblim, F|\n|poke|p2|Espeon, M|\n|poke|p2|Espathra, F|\n|poke|p2|Skeledirge, M|\n|teampreview\n|inactive|Battle timer is ON: inactive players will automatically lose when time's up. (requested by YoungEsq)\n|\n|t:|1697740271\n|start\n|switch|p1a: Ting-Lu|Ting-Lu|100\/100\n|switch|p2a: Drifblim|Drifblim, F|100\/100\n|-ability|p1a: Ting-Lu|Vessel of Ruin\n|turn|1\n|\n|t:|1697740278\n|move|p2a: Drifblim|Minimize|p2a: Drifblim\n|-boost|p2a: Drifblim|evasion|2\n|move|p1a: Ting-Lu|Whirlwind|p2a: Drifblim\n|drag|p2a: Espeon|Espeon, M|100\/100\n|\n|upkeep\n|turn|2\n|\n|t:|1697740284\n|switch|p2a: Drifblim|Drifblim, F|100\/100\n|move|p1a: Ting-Lu|Ruination|p2a: Drifblim\n|-damage|p2a: Drifblim|51\/100\n|\n|upkeep\n|turn|3\n|\n|t:|1697740287\n|move|p2a: Drifblim|Minimize|p2a: Drifblim\n|-boost|p2a: Drifblim|evasion|2\n|move|p1a: Ting-Lu|Whirlwind|p2a: Drifblim\n|drag|p2a: Espathra|Espathra, F|100\/100\n|\n|upkeep\n|turn|4\n|\n|t:|1697740294\n|move|p2a: Espathra|Calm Mind|p2a: Espathra\n|-boost|p2a: Espathra|spa|1\n|-boost|p2a: Espathra|spd|1\n|move|p1a: Ting-Lu|Stealth Rock|p2a: Espathra\n|-sidestart|p2: Max358|move: Stealth Rock\n|\n|-ability|p2a: Espathra|Speed Boost|boost\n|-boost|p2a: Espathra|spe|1\n|upkeep\n|turn|5\n|\n|t:|1697740296\n|move|p2a: Espathra|Protect|p2a: Espathra\n|-singleturn|p2a: Espathra|Protect\n|move|p1a: Ting-Lu|Whirlwind|p2a: Espathra\n|drag|p2a: Vaporeon|Vaporeon, M|100\/100\n|-damage|p2a: Vaporeon|88\/100|[from] Stealth Rock\n|\n|-heal|p2a: Vaporeon|94\/100|[from] item: Leftovers\n|upkeep\n|turn|6\n|\n|t:|1697740304\n|switch|p1a: Mandibuzz|Mandibuzz, F|100\/100\n|move|p2a: Vaporeon|Acid Armor|p2a: Vaporeon\n|-boost|p2a: Vaporeon|def|2\n|\n|-heal|p2a: Vaporeon|99\/100|[from] item: Leftovers\n|upkeep\n|turn|7\n|\n|t:|1697740309\n|move|p1a: Mandibuzz|Toxic|p2a: Vaporeon\n|-status|p2a: Vaporeon|tox\n|move|p2a: Vaporeon|Wish|p2a: Vaporeon\n|\n|-heal|p2a: Vaporeon|100\/100 tox|[from] item: Leftovers\n|-damage|p2a: Vaporeon|94\/100 tox|[from] psn\n|upkeep\n|turn|8\n|\n|t:|1697740315\n|switch|p1a: Ting-Lu|Ting-Lu|100\/100\n|-ability|p1a: Ting-Lu|Vessel of Ruin\n|move|p2a: Vaporeon|Baton Pass|p2a: Vaporeon\n|\n|t:|1697740321\n|switch|p2a: Espathra|Espathra, F|100\/100|[from] Baton Pass\n|-damage|p2a: Espathra|88\/100|[from] Stealth Rock\n|\n|-heal|p2a: Espathra|100\/100|[from] move: Wish|[wisher] Vaporeon\n|upkeep\n|turn|9\n|\n|t:|1697740323\n|move|p2a: Espathra|Protect|p2a: Espathra\n|-singleturn|p2a: Espathra|Protect\n|move|p1a: Ting-Lu|Whirlwind|p2a: Espathra\n|drag|p2a: Vaporeon|Vaporeon, M|94\/100 tox\n|-damage|p2a: Vaporeon|82\/100 tox|[from] Stealth Rock\n|\n|-heal|p2a: Vaporeon|88\/100 tox|[from] item: Leftovers\n|-damage|p2a: Vaporeon|82\/100 tox|[from] psn\n|upkeep\n|turn|10\n|l|\u2606Max358\n|inactive|Max358 disconnected and has a minute to reconnect!\n|player|p2|\n|inactive|Max358 has 30 seconds to reconnect!\n|inactive|Max358 has 20 seconds to reconnect!\n|inactive|Max358 has 15 seconds to reconnect!\n|inactive|Max358 has 10 seconds to reconnect!\n|inactive|Max358 has 5 seconds to reconnect!\n|-message|Max358 lost due to inactivity.\n|\n|win|YoungEsq\n|raw|YoungEsq's rating: 1325 &rarr; <strong>1345<\/strong><br \/>(+20 for winning)\n|raw|Max358's rating: 1325 &rarr; <strong>1305<\/strong><br \/>(-20 for losing)\n","uploadtime":1697740394,"views":7,"p1id":"youngesq","p2id":"max358","formatid":"gen9anythinggoes","rating":1305,"private":0,"password":""}