{"id":"gen9anythinggoes-1972927104","p1":"MelloBello","p2":"phantoxelol1092","format":"[Gen 9] Anything Goes","log":"|j|\u2606MelloBello\n|j|\u2606phantoxelol1092\n|t:|1697909666\n|gametype|singles\n|player|p1|MelloBello|darach-caitlin|1151\n|player|p2|phantoxelol1092|169|1046\n|teamsize|p1|6\n|teamsize|p2|6\n|gen|9\n|tier|[Gen 9] Anything Goes\n|rated|\n|rule|HP Percentage Mod: HP is shown in percentages\n|rule|Endless Battle Clause: Forcing endless battles is banned\n|clearpoke\n|poke|p1|Alomomola, M|\n|poke|p1|Calyrex-Shadow|\n|poke|p1|Volcarona, F|\n|poke|p1|Forretress, F|\n|poke|p1|Masquerain, F|\n|poke|p1|Iron Valiant|\n|poke|p2|Garchomp, F|\n|poke|p2|Palossand, M|\n|poke|p2|Cyclizar, M|\n|poke|p2|Ogerpon-Cornerstone, F|\n|poke|p2|Talonflame, M|\n|poke|p2|Blissey, F|\n|teampreview\n|\n|t:|1697909671\n|start\n|switch|p1a: Forretress|Forretress, F|100\/100\n|switch|p2a: Palossand|Palossand, M, shiny|100\/100\n|turn|1\n|\n|t:|1697909684\n|move|p1a: Forretress|Toxic Spikes|p2a: Palossand\n|-sidestart|p2: phantoxelol1092|move: Toxic Spikes\n|move|p2a: Palossand|Stealth Rock|p1a: Forretress\n|-sidestart|p1: MelloBello|move: Stealth Rock\n|\n|upkeep\n|turn|2\n|\n|t:|1697909689\n|move|p1a: Forretress|Toxic Spikes|p2a: Palossand\n|-sidestart|p2: phantoxelol1092|move: Toxic Spikes\n|move|p2a: Palossand|Stealth Rock||[still]\n|-fail|p2a: Palossand\n|\n|upkeep\n|turn|3\n|\n|t:|1697909703\n|move|p1a: Forretress|Spikes|p2a: Palossand\n|-sidestart|p2: phantoxelol1092|Spikes\n|move|p2a: Palossand|Ancient Power|p1a: Forretress\n|-damage|p1a: Forretress|80\/100\n|\n|-heal|p1a: Forretress|86\/100|[from] item: Leftovers\n|upkeep\n|turn|4\n|\n|t:|1697909714\n|move|p1a: Forretress|Spikes|p2a: Palossand\n|-sidestart|p2: phantoxelol1092|Spikes\n|move|p2a: Palossand|Giga Drain|p1a: Forretress\n|-resisted|p1a: Forretress\n|-damage|p1a: Forretress|81\/100\n|\n|-heal|p1a: Forretress|87\/100|[from] item: Leftovers\n|upkeep\n|turn|5\n|inactive|Battle timer is ON: inactive players will automatically lose when time's up. (requested by MelloBello)\n|\n|t:|1697909731\n|move|p1a: Forretress|Spikes|p2a: Palossand\n|-sidestart|p2: phantoxelol1092|Spikes\n|move|p2a: Palossand|Giga Drain|p1a: Forretress\n|-resisted|p1a: Forretress\n|-damage|p1a: Forretress|81\/100\n|\n|-heal|p1a: Forretress|87\/100|[from] item: Leftovers\n|upkeep\n|turn|6\n|\n|t:|1697909739\n|switch|p2a: Garchomp|Garchomp, F, shiny|100\/100\n|move|p1a: Forretress|Stealth Rock|p2a: Garchomp\n|-sidestart|p2: phantoxelol1092|move: Stealth Rock\n|\n|-heal|p1a: Forretress|94\/100|[from] item: Leftovers\n|upkeep\n|turn|7\n|\n|t:|1697909749\n|move|p2a: Garchomp|Earthquake|p1a: Forretress\n|-damage|p1a: Forretress|56\/100\n|move|p1a: Forretress|Rapid Spin|p2a: Garchomp\n|-damage|p2a: Garchomp|90\/100\n|-boost|p1a: Forretress|spe|1\n|-damage|p1a: Forretress|44\/100|[from] ability: Rough Skin|[of] p2a: Garchomp\n|-sideend|p1: MelloBello|Stealth Rock|[from] move: Rapid Spin|[of] p1a: Forretress\n|\n|-heal|p1a: Forretress|50\/100|[from] item: Leftovers\n|upkeep\n|turn|8\n|\n|t:|1697909761\n|move|p1a: Forretress|Rapid Spin|p2a: Garchomp\n|-damage|p2a: Garchomp|80\/100\n|-boost|p1a: Forretress|spe|1\n|-damage|p1a: Forretress|38\/100|[from] ability: Rough Skin|[of] p2a: Garchomp\n|move|p2a: Garchomp|Earthquake|p1a: Forretress\n|-damage|p1a: Forretress|0 fnt\n|faint|p1a: Forretress\n|\n|upkeep\n|\n|t:|1697909772\n|switch|p1a: Masquerain|Masquerain, F|100\/100\n|-ability|p1a: Masquerain|Intimidate|boost\n|-unboost|p2a: Garchomp|atk|1\n|turn|9\n|\n|t:|1697909796\n|-terastallize|p2a: Garchomp|Fire\n|move|p2a: Garchomp|Tera Blast|p1a: Masquerain|[anim] Tera Blast Fire\n|-supereffective|p1a: Masquerain\n|-damage|p1a: Masquerain|28\/100\n|move|p1a: Masquerain|Sticky Web|p2a: Garchomp\n|-sidestart|p2: phantoxelol1092|move: Sticky Web\n|\n|upkeep\n|turn|10\n|\n|t:|1697909806\n|move|p2a: Garchomp|Tera Blast|p1a: Masquerain|[anim] Tera Blast Fire\n|-supereffective|p1a: Masquerain\n|-damage|p1a: Masquerain|0 fnt\n|faint|p1a: Masquerain\n|\n|upkeep\n|inactive|MelloBello has 120 seconds left.\n|\n|t:|1697909833\n|switch|p1a: Iron Valiant|Iron Valiant|100\/100\n|turn|11\n|\n|t:|1697909853\n|move|p1a: Iron Valiant|Calm Mind|p1a: Iron Valiant\n|-boost|p1a: Iron Valiant|spa|1\n|-boost|p1a: Iron Valiant|spd|1\n|move|p2a: Garchomp|Outrage|p1a: Iron Valiant\n|-immune|p1a: Iron Valiant\n|\n|upkeep\n|turn|12\n|\n|t:|1697909870\n|switch|p2a: Palossand|Palossand, M, shiny|100\/100\n|move|p1a: Iron Valiant|Ice Punch|p2a: Palossand\n|-supereffective|p2a: Palossand\n|-damage|p2a: Palossand|58\/100\n|\n|upkeep\n|turn|13\n|inactive|phantoxelol1092 has 120 seconds left.\n|\n|t:|1697909920\n|switch|p2a: Ogerpon|Ogerpon-Cornerstone, F|100\/100\n|-status|p2a: Ogerpon|tox\n|-damage|p2a: Ogerpon|76\/100 tox|[from] Spikes\n|-damage|p2a: Ogerpon|63\/100 tox|[from] Stealth Rock\n|-activate|p2a: Ogerpon|move: Sticky Web\n|-unboost|p2a: Ogerpon|spe|1\n|move|p1a: Iron Valiant|Ice Punch|p2a: Ogerpon\n|-supereffective|p2a: Ogerpon\n|-damage|p2a: Ogerpon|4\/100 tox\n|\n|-damage|p2a: Ogerpon|0 fnt|[from] psn\n|faint|p2a: Ogerpon\n|upkeep\n|inactive|phantoxelol1092 has 90 seconds left.\n|\n|t:|1697909932\n|switch|p2a: Garchomp|Garchomp, F, shiny, tera:Fire|80\/100\n|turn|14\n|\n|t:|1697909938\n|move|p1a: Iron Valiant|Psycho Cut|p2a: Garchomp\n|-crit|p2a: Garchomp\n|-damage|p2a: Garchomp|50\/100\n|move|p2a: Garchomp|Earthquake|p1a: Iron Valiant\n|-damage|p1a: Iron Valiant|36\/100\n|\n|upkeep\n|turn|15\n|\n|t:|1697909947\n|-end|p1a: Iron Valiant|Quark Drive|[silent]\n|switch|p1a: Alomomola|Alomomola, M|100\/100\n|move|p2a: Garchomp|Earthquake|p1a: Alomomola\n|-damage|p1a: Alomomola|61\/100\n|\n|upkeep\n|turn|16\n|\n|t:|1697909960\n|switch|p2a: Cyclizar|Cyclizar, M, shiny|100\/100\n|-status|p2a: Cyclizar|tox\n|-damage|p2a: Cyclizar|76\/100 tox|[from] Spikes\n|-damage|p2a: Cyclizar|63\/100 tox|[from] Stealth Rock\n|-activate|p2a: Cyclizar|move: Sticky Web\n|-unboost|p2a: Cyclizar|spe|1\n|move|p1a: Alomomola|Wish|p1a: Alomomola\n|\n|-damage|p2a: Cyclizar|57\/100 tox|[from] psn\n|upkeep\n|turn|17\n|\n|t:|1697909978\n|move|p1a: Alomomola|Flip Turn|p2a: Cyclizar\n|-resisted|p2a: Cyclizar\n|-damage|p2a: Cyclizar|46\/100 tox\n|\n|t:|1697909992\n|switch|p1a: Calyrex|Calyrex-Shadow|100\/100|[from] Flip Turn\n|-ability|p1a: Calyrex|As One\n|-ability|p1a: Calyrex|Unnerve\n|move|p2a: Cyclizar|Acrobatics|p1a: Calyrex\n|-damage|p1a: Calyrex|72\/100\n|\n|-heal|p1a: Calyrex|100\/100|[from] move: Wish|[wisher] Alomomola\n|-damage|p2a: Cyclizar|34\/100 tox|[from] psn\n|upkeep\n|turn|18\n|inactive|phantoxelol1092 has 90 seconds left.\n|\n|t:|1697910016\n|move|p1a: Calyrex|Astral Barrage|p2a: Cyclizar\n|-immune|p2a: Cyclizar\n|move|p2a: Cyclizar|Power Whip|p1a: Calyrex\n|-damage|p1a: Calyrex|70\/100\n|\n|-activate|p2a: Cyclizar|ability: Shed Skin\n|-curestatus|p2a: Cyclizar|tox|[msg]\n|upkeep\n|turn|19\n|\n|t:|1697910030\n|move|p1a: Calyrex|Dark Pulse|p2a: Cyclizar\n|-damage|p2a: Cyclizar|0 fnt\n|faint|p2a: Cyclizar\n|-ability|p1a: Calyrex|Grim Neigh|boost\n|-boost|p1a: Calyrex|spa|1\n|\n|upkeep\n|inactive|phantoxelol1092 has 90 seconds left.\n|\n|t:|1697910043\n|switch|p2a: Blissey|Blissey, F, shiny|100\/100\n|-status|p2a: Blissey|tox\n|-damage|p2a: Blissey|75\/100 tox|[from] Spikes\n|-damage|p2a: Blissey|63\/100 tox|[from] Stealth Rock\n|-activate|p2a: Blissey|move: Sticky Web\n|-unboost|p2a: Blissey|spe|1\n|turn|20\n|inactive|phantoxelol1092 has 90 seconds left.\n|\n|t:|1697910056\n|move|p1a: Calyrex|Giga Drain|p2a: Blissey\n|-damage|p2a: Blissey|43\/100 tox\n|-heal|p1a: Calyrex|89\/100|[from] drain|[of] p2a: Blissey\n|move|p2a: Blissey|Dazzling Gleam|p1a: Calyrex\n|-damage|p1a: Calyrex|73\/100\n|\n|-damage|p2a: Blissey|37\/100 tox|[from] psn\n|upkeep\n|turn|21\n|\n|t:|1697910073\n|switch|p2a: Talonflame|Talonflame, M, shiny|100\/100\n|-damage|p2a: Talonflame|50\/100|[from] Stealth Rock\n|move|p1a: Calyrex|Giga Drain|p2a: Talonflame\n|-resisted|p2a: Talonflame\n|-damage|p2a: Talonflame|36\/100\n|-heal|p1a: Calyrex|80\/100|[from] drain|[of] p2a: Talonflame\n|\n|-heal|p2a: Talonflame|42\/100|[from] item: Leftovers\n|upkeep\n|turn|22\n|\n|t:|1697910083\n|move|p1a: Calyrex|Astral Barrage|p2a: Talonflame\n|-damage|p2a: Talonflame|0 fnt\n|faint|p2a: Talonflame\n|-ability|p1a: Calyrex|Grim Neigh|boost\n|-boost|p1a: Calyrex|spa|1\n|\n|upkeep\n|\n|t:|1697910092\n|switch|p2a: Palossand|Palossand, M, shiny|58\/100\n|turn|23\n|inactive|phantoxelol1092 has 90 seconds left.\n|\n|t:|1697910132\n|move|p1a: Calyrex|Astral Barrage|p2a: Palossand\n|-supereffective|p2a: Palossand\n|-damage|p2a: Palossand|0 fnt\n|faint|p2a: Palossand\n|-ability|p1a: Calyrex|Grim Neigh|boost\n|-boost|p1a: Calyrex|spa|1\n|\n|upkeep\n|\n|t:|1697910139\n|switch|p2a: Garchomp|Garchomp, F, shiny, tera:Fire|50\/100\n|turn|24\n|\n|t:|1697910146\n|move|p1a: Calyrex|Giga Drain|p2a: Garchomp\n|-resisted|p2a: Garchomp\n|-damage|p2a: Garchomp|10\/100\n|-heal|p1a: Calyrex|100\/100|[from] drain|[of] p2a: Garchomp\n|move|p2a: Garchomp|Poison Jab|p1a: Calyrex\n|-resisted|p1a: Calyrex\n|-damage|p1a: Calyrex|87\/100\n|\n|upkeep\n|turn|25\n|\n|t:|1697910156\n|move|p1a: Calyrex|Dark Pulse|p2a: Garchomp\n|-damage|p2a: Garchomp|0 fnt\n|faint|p2a: Garchomp\n|-ability|p1a: Calyrex|Grim Neigh|boost\n|-boost|p1a: Calyrex|spa|1\n|\n|upkeep\n|\n|t:|1697910161\n|switch|p2a: Blissey|Blissey, F, shiny|37\/100 tox\n|-damage|p2a: Blissey|12\/100 tox|[from] Spikes\n|-damage|p2a: Blissey|0 fnt|[from] Stealth Rock\n|-activate|p2a: Blissey|move: Sticky Web\n|faint|p2a: Blissey\n|\n|win|MelloBello\n|raw|MelloBello's rating: 1151 &rarr; <strong>1169<\/strong><br \/>(+18 for winning)\n|raw|phantoxelol1092's rating: 1046 &rarr; <strong>1034<\/strong><br \/>(-12 for losing)\n|l|\u2606phantoxelol1092\n","uploadtime":1697910174,"views":16,"p1id":"mellobello","p2id":"phantoxelol1092","formatid":"gen9anythinggoes","rating":1034,"private":0,"password":""}