{"id":"gen9anythinggoes-1979056446","p1":"HydreigonHailer","p2":"Pert0011","format":"[Gen 9] Anything Goes","log":"|j|\u2606HydreigonHailer\n|j|\u2606Pert0011\n|t:|1698626610\n|gametype|singles\n|player|p1|HydreigonHailer|red|1272\n|player|p2|Pert0011|265|1272\n|teamsize|p1|6\n|teamsize|p2|6\n|gen|9\n|tier|[Gen 9] Anything Goes\n|rated|\n|rule|HP Percentage Mod: HP is shown in percentages\n|rule|Endless Battle Clause: Forcing endless battles is banned\n|clearpoke\n|poke|p1|Zoroark-Hisui, M|\n|poke|p1|Arceus-Flying|\n|poke|p1|Ogerpon-Hearthflame, F|\n|poke|p1|Toxapex, F|\n|poke|p1|Dudunsparce-*, F|\n|poke|p1|Zoroark, F|\n|poke|p2|Okidogi, M|\n|poke|p2|Manaphy|\n|poke|p2|Kingambit, M|\n|poke|p2|Ditto|\n|poke|p2|Ninetales-Alola, F|\n|poke|p2|Baxcalibur, F|\n|teampreview\n|inactive|Battle timer is ON: inactive players will automatically lose when time's up. (requested by Pert0011)\n|\n|t:|1698626618\n|start\n|switch|p1a: Toxapex|Toxapex, F|100\/100\n|switch|p2a: Ditto|Ditto, shiny|100\/100\n|-transform|p2a: Ditto|p1a: Toxapex|[from] ability: Imposter\n|turn|1\n|\n|t:|1698626625\n|move|p2a: Ditto|Toxic Spikes|p1a: Toxapex\n|-sidestart|p1: HydreigonHailer|move: Toxic Spikes\n|move|p1a: Toxapex|Toxic Spikes|p2a: Ditto\n|-sidestart|p2: Pert0011|move: Toxic Spikes\n|\n|upkeep\n|turn|2\n|\n|t:|1698626631\n|switch|p2a: Kingambit|Kingambit, M, shiny|100\/100\n|-item|p2a: Kingambit|Air Balloon\n|move|p1a: Toxapex|Toxic Spikes|p2a: Kingambit\n|-sidestart|p2: Pert0011|move: Toxic Spikes\n|\n|upkeep\n|turn|3\n|\n|t:|1698626635\n|-terastallize|p2a: Kingambit|Steel\n|move|p2a: Kingambit|Swords Dance|p2a: Kingambit\n|-boost|p2a: Kingambit|atk|2\n|move|p1a: Toxapex|Surf|p2a: Kingambit\n|-damage|p2a: Kingambit|80\/100\n|-enditem|p2a: Kingambit|Air Balloon\n|\n|upkeep\n|turn|4\n|\n|t:|1698626642\n|switch|p1a: Dudunsparce|Dudunsparce-Three-Segment, F|100\/100\n|move|p2a: Kingambit|Swords Dance|p2a: Kingambit\n|-boost|p2a: Kingambit|atk|2\n|\n|upkeep\n|turn|5\n|\n|t:|1698626647\n|move|p2a: Kingambit|Kowtow Cleave|p1a: Dudunsparce\n|-damage|p1a: Dudunsparce|0 fnt\n|faint|p1a: Dudunsparce\n|\n|upkeep\n|\n|t:|1698626652\n|switch|p1a: Toxapex|Toxapex, F|100\/100\n|-sideend|p1: HydreigonHailer|move: Toxic Spikes|[of] p1a: Toxapex\n|turn|6\n|\n|t:|1698626659\n|move|p2a: Kingambit|Iron Head|p1a: Toxapex\n|-resisted|p1a: Toxapex\n|-damage|p1a: Toxapex|48\/100\n|move|p1a: Toxapex|Surf|p2a: Kingambit\n|-damage|p2a: Kingambit|59\/100\n|\n|upkeep\n|turn|7\n|\n|t:|1698626663\n|switch|p1a: Furry Bait|Zoroark, F|100\/100\n|move|p2a: Kingambit|Kowtow Cleave|p1a: Furry Bait\n|-supereffective|p1a: Furry Bait\n|-damage|p1a: Furry Bait|0 fnt\n|-damage|p2a: Kingambit|43\/100|[from] item: Rocky Helmet|[of] p1a: Furry Bait\n|replace|p1a: SIKE! Its a man|Zoroark-Hisui, M\n|-end|p1a: SIKE! Its a man|Illusion\n|faint|p1a: SIKE! Its a man\n|\n|upkeep\n|\n|t:|1698626670\n|switch|p1a: Ogerpon|Ogerpon-Hearthflame, F|100\/100\n|-ability|p1a: Ogerpon|Mold Breaker\n|turn|8\n|\n|t:|1698626678\n|-terastallize|p1a: Ogerpon|Fire\n|detailschange|p1a: Ogerpon|Ogerpon-Hearthflame-Tera, F, tera:Fire\n|-ability|p1a: Ogerpon|Embody Aspect (Hearthflame)|boost\n|-boost|p1a: Ogerpon|atk|1\n|move|p1a: Ogerpon|Ivy Cudgel|p2a: Kingambit\n|-supereffective|p2a: Kingambit\n|-damage|p2a: Kingambit|0 fnt\n|faint|p2a: Kingambit\n|-end|p2a: Kingambit|fallenundefined|[silent]\n|\n|upkeep\n|\n|t:|1698626680\n|switch|p2a: Manaphy|Manaphy, shiny|100\/100\n|-status|p2a: Manaphy|tox\n|turn|9\n|\n|t:|1698626687\n|move|p1a: Ogerpon|Horn Leech|p2a: Manaphy\n|-supereffective|p2a: Manaphy\n|-damage|p2a: Manaphy|0 fnt\n|faint|p2a: Manaphy\n|\n|upkeep\n|\n|t:|1698626690\n|switch|p2a: Okidogi|Okidogi, M|100\/100\n|-sideend|p2: Pert0011|move: Toxic Spikes|[of] p2a: Okidogi\n|turn|10\n|\n|t:|1698626694\n|move|p1a: Ogerpon|Ivy Cudgel|p2a: Okidogi\n|-damage|p2a: Okidogi|0 fnt\n|faint|p2a: Okidogi\n|\n|upkeep\n|\n|t:|1698626697\n|switch|p2a: Ninetales|Ninetales-Alola, F, shiny|100\/100\n|-weather|Snow|[from] ability: Snow Warning|[of] p2a: Ninetales\n|turn|11\n|\n|t:|1698626701\n|move|p1a: Ogerpon|Ivy Cudgel|p2a: Ninetales\n|-supereffective|p2a: Ninetales\n|-damage|p2a: Ninetales|0 fnt\n|faint|p2a: Ninetales\n|\n|-weather|Snow|[upkeep]\n|upkeep\n|\n|t:|1698626704\n|switch|p2a: Ditto|Ditto, shiny|100\/100\n|turn|12\n|\n|t:|1698626710\n|move|p1a: Ogerpon|Swords Dance|p1a: Ogerpon\n|-boost|p1a: Ogerpon|atk|2\n|move|p2a: Ditto|Transform||[still]\n|-fail|p2a: Ditto\n|\n|-weather|Snow|[upkeep]\n|upkeep\n|turn|13\n|c|\u2606Pert0011|Bro u sick\n|c|\u2606Pert0011|suck\n|\n|t:|1698626729\n|move|p1a: Ogerpon|Ivy Cudgel|p2a: Ditto\n|-damage|p2a: Ditto|0 fnt\n|faint|p2a: Ditto\n|\n|-weather|Snow|[upkeep]\n|upkeep\n|c|\u2606HydreigonHailer|says the one losing\n|\n|t:|1698626731\n|switch|p2a: Baxcalibur|Baxcalibur, F, shiny|100\/100\n|turn|14\n|\n|t:|1698626737\n|move|p1a: Ogerpon|Ivy Cudgel|p2a: Baxcalibur\n|-damage|p2a: Baxcalibur|0 fnt\n|faint|p2a: Baxcalibur\n|\n|win|HydreigonHailer\n|raw|HydreigonHailer's rating: 1272 &rarr; <strong>1297<\/strong><br \/>(+25 for winning)\n|raw|Pert0011's rating: 1272 &rarr; <strong>1247<\/strong><br \/>(-25 for losing)\n|c|\u2606HydreigonHailer|gg\n|c|\u2606Pert0011|Ur crinhe\n|c|\u2606HydreigonHailer|spelling\n|c|\u2606Pert0011|Your a loser\n|c|\u2606HydreigonHailer|alright\n|c|\u2606Pert0011|nothing in life\n|c|\u2606HydreigonHailer|says the one complaining on pokemon\n|c|\u2606Pert0011|Your a pebble in life\n|c|\u2606HydreigonHailer|sure man\n|c|\u2606Pert0011|Absolute stepping stone\n|c|\u2606HydreigonHailer|ok\n","uploadtime":1698626823,"views":12,"p1id":"hydreigonhailer","p2id":"pert0011","formatid":"gen9anythinggoes","rating":1247,"private":0,"password":""}