{"id":"gen9anythinggoes-1987362484","p1":"DaAceBandit","p2":"trafficsucks","format":"[Gen 9] Anything Goes","log":"|j|\u2606DaAceBandit\n|j|\u2606trafficsucks\n|t:|1699581921\n|gametype|singles\n|player|p1|DaAceBandit|169|1145\n|player|p2|trafficsucks|pokemonrangerf-gen4|1078\n|teamsize|p1|6\n|teamsize|p2|6\n|gen|9\n|tier|[Gen 9] Anything Goes\n|rated|\n|rule|HP Percentage Mod: HP is shown in percentages\n|rule|Endless Battle Clause: Forcing endless battles is banned\n|clearpoke\n|poke|p1|Komala, M|\n|poke|p1|Carbink|\n|poke|p1|Overqwil, M|\n|poke|p1|Sinistcha-Masterpiece|\n|poke|p1|Zoroark-Hisui, F|\n|poke|p1|Mew|\n|poke|p2|Toxapex, M|\n|poke|p2|Corviknight, M|\n|poke|p2|Dragapult, F|\n|poke|p2|Maushold-Four|\n|poke|p2|Iron Hands|\n|poke|p2|Flutter Mane|\n|teampreview\n|inactive|Battle timer is ON: inactive players will automatically lose when time's up. (requested by DaAceBandit)\n|c|\u2606trafficsucks|gl\n|\n|t:|1699581943\n|start\n|switch|p1a: Overqwil|Overqwil, M|100\/100\n|switch|p2a: Toxapex|Toxapex, M, shiny|100\/100\n|turn|1\n|\n|t:|1699581954\n|move|p1a: Overqwil|Toxic Spikes|p2a: Toxapex\n|-sidestart|p2: trafficsucks|move: Toxic Spikes\n|move|p2a: Toxapex|Surf|p1a: Overqwil\n|-damage|p1a: Overqwil|70\/100\n|\n|upkeep\n|turn|2\n|\n|t:|1699581965\n|switch|p1a: Mew|Mew, shiny|100\/100\n|move|p2a: Toxapex|Ice Beam|p1a: Mew\n|-damage|p1a: Mew|93\/100\n|\n|upkeep\n|turn|3\n|\n|t:|1699581971\n|move|p1a: Mew|Substitute|p1a: Mew\n|-start|p1a: Mew|Substitute\n|-damage|p1a: Mew|68\/100\n|move|p2a: Toxapex|Toxic||[still]\n|-fail|p2a: Toxapex\n|\n|upkeep\n|turn|4\n|\n|t:|1699581978\n|move|p1a: Mew|Imprison|p1a: Mew\n|-start|p1a: Mew|move: Imprison\n|move|p2a: Toxapex|Surf|p1a: Mew\n|-activate|p1a: Mew|move: Substitute|[damage]\n|\n|upkeep\n|turn|5\n|\n|t:|1699581988\n|move|p1a: Mew|Psyshock|p2a: Toxapex\n|-supereffective|p2a: Toxapex\n|-damage|p2a: Toxapex|63\/100\n|move|p2a: Toxapex|Ice Beam|p1a: Mew\n|-activate|p1a: Mew|move: Substitute|[damage]\n|\n|-heal|p2a: Toxapex|69\/100|[from] item: Black Sludge\n|upkeep\n|turn|6\n|\n|t:|1699581999\n|switch|p2a: Dragapult|Dragapult, F|100\/100\n|-status|p2a: Dragapult|psn\n|move|p1a: Mew|Psyshock|p2a: Dragapult\n|-damage|p2a: Dragapult|71\/100 psn\n|\n|-damage|p2a: Dragapult|59\/100 psn|[from] psn\n|upkeep\n|turn|7\n|\n|t:|1699582008\n|move|p2a: Dragapult|Draco Meteor|p1a: Mew|[miss]\n|-miss|p2a: Dragapult|p1a: Mew\n|move|p1a: Mew|Transform|p2a: Dragapult\n|-transform|p1a: Mew|p2a: Dragapult\n|\n|-damage|p2a: Dragapult|47\/100 psn|[from] psn\n|upkeep\n|turn|8\n|\n|t:|1699582021\n|-activate|p2a: Dragapult|move: Struggle\n|move|p2a: Dragapult|Struggle|p1a: Mew\n|-damage|p1a: Mew|57\/100\n|-damage|p2a: Dragapult|22\/100 psn|[from] recoil\n|move|p1a: Mew|Shadow Ball|p2a: Dragapult\n|-supereffective|p2a: Dragapult\n|-damage|p2a: Dragapult|0 fnt\n|faint|p2a: Dragapult\n|\n|upkeep\n|\n|t:|1699582032\n|switch|p2a: Toxapex|Toxapex, M, shiny|100\/100\n|-sideend|p2: trafficsucks|move: Toxic Spikes|[of] p2a: Toxapex\n|turn|9\n|\n|t:|1699582039\n|move|p1a: Mew|Shadow Ball|p2a: Toxapex\n|-crit|p2a: Toxapex\n|-damage|p2a: Toxapex|59\/100\n|move|p2a: Toxapex|Surf|p1a: Mew\n|-resisted|p1a: Mew\n|-end|p1a: Mew|Substitute\n|\n|-heal|p2a: Toxapex|65\/100|[from] item: Black Sludge\n|upkeep\n|turn|10\n|\n|t:|1699582049\n|switch|p1a: Overqwil|Overqwil, M|70\/100\n|move|p2a: Toxapex|Toxic|p1a: Overqwil\n|-immune|p1a: Overqwil\n|\n|-heal|p2a: Toxapex|72\/100|[from] item: Black Sludge\n|upkeep\n|turn|11\n|\n|t:|1699582057\n|move|p1a: Overqwil|Toxic Spikes|p2a: Toxapex\n|-sidestart|p2: trafficsucks|move: Toxic Spikes\n|move|p2a: Toxapex|Surf|p1a: Overqwil\n|-damage|p1a: Overqwil|42\/100\n|\n|-heal|p2a: Toxapex|78\/100|[from] item: Black Sludge\n|upkeep\n|turn|12\n|\n|t:|1699582065\n|switch|p1a: Komala|Komala, M|100\/100\n|-ability|p1a: Komala|Comatose\n|move|p2a: Toxapex|Surf|p1a: Komala\n|-damage|p1a: Komala|86\/100\n|\n|-heal|p2a: Toxapex|84\/100|[from] item: Black Sludge\n|upkeep\n|turn|13\n|\n|t:|1699582074\n|move|p1a: Komala|Yawn|p2a: Toxapex\n|-start|p2a: Toxapex|move: Yawn|[of] p1a: Komala\n|move|p2a: Toxapex|Ice Beam|p1a: Komala\n|-damage|p1a: Komala|76\/100\n|\n|-heal|p2a: Toxapex|90\/100|[from] item: Black Sludge\n|upkeep\n|turn|14\n|\n|t:|1699582082\n|switch|p1a: Mew|Mew, shiny|57\/100\n|move|p2a: Toxapex|Toxic|p1a: Mew\n|-status|p1a: Mew|tox\n|-activate|p1a: Mew|ability: Synchronize\n|-immune|p2a: Toxapex\n|\n|-heal|p2a: Toxapex|97\/100|[from] item: Black Sludge\n|-damage|p1a: Mew|51\/100 tox|[from] psn\n|-end|p2a: Toxapex|move: Yawn|[silent]\n|-status|p2a: Toxapex|slp\n|upkeep\n|turn|15\n|\n|t:|1699582094\n|switch|p2a: Iron Hands|Iron Hands|100\/100\n|-status|p2a: Iron Hands|psn\n|move|p1a: Mew|Imprison|p1a: Mew\n|-start|p1a: Mew|move: Imprison\n|\n|-damage|p1a: Mew|39\/100 tox|[from] psn\n|-damage|p2a: Iron Hands|88\/100 psn|[from] psn\n|upkeep\n|turn|16\n|\n|t:|1699582103\n|move|p1a: Mew|Transform|p2a: Iron Hands\n|-transform|p1a: Mew|p2a: Iron Hands\n|cant|p2a: Iron Hands|move: Imprison|Drain Punch\n|\n|-damage|p2a: Iron Hands|76\/100 psn|[from] psn\n|-damage|p1a: Mew|20\/100 tox|[from] psn\n|upkeep\n|turn|17\n|\n|t:|1699582112\n|move|p1a: Mew|Drain Punch|p2a: Iron Hands\n|-damage|p2a: Iron Hands|53\/100 psn\n|-heal|p1a: Mew|33\/100 tox|[from] drain|[of] p2a: Iron Hands\n|-activate|p2a: Iron Hands|move: Struggle\n|move|p2a: Iron Hands|Struggle|p1a: Mew\n|-damage|p1a: Mew|20\/100 tox\n|-damage|p2a: Iron Hands|28\/100 psn|[from] recoil\n|\n|-damage|p1a: Mew|0 fnt|[from] psn\n|faint|p1a: Mew\n|-end|p1a: Mew|Quark Drive|[silent]\n|-damage|p2a: Iron Hands|16\/100 psn|[from] psn\n|upkeep\n|\n|t:|1699582126\n|switch|p1a: Overqwil|Overqwil, M|100\/100\n|turn|18\n|\n|t:|1699582130\n|move|p1a: Overqwil|Nasty Plot|p1a: Overqwil\n|-boost|p1a: Overqwil|spa|2\n|move|p2a: Iron Hands|Drain Punch|p1a: Overqwil\n|-immune|p1a: Overqwil\n|\n|-damage|p2a: Iron Hands|3\/100 psn|[from] psn\n|upkeep\n|turn|19\n|\n|t:|1699582145\n|-end|p2a: Iron Hands|Quark Drive|[silent]\n|switch|p2a: Corviknight|Corviknight, M|100\/100\n|-ability|p2a: Corviknight|Pressure\n|move|p1a: Overqwil|Flamethrower|p2a: Corviknight\n|-supereffective|p2a: Corviknight\n|-damage|p2a: Corviknight|8\/100\n|\n|-heal|p2a: Corviknight|14\/100|[from] item: Leftovers\n|upkeep\n|turn|20\n|\n|t:|1699582156\n|move|p1a: Overqwil|Bitter Malice|p2a: Corviknight\n|-crit|p2a: Corviknight\n|-damage|p2a: Corviknight|0 fnt\n|faint|p2a: Corviknight\n|\n|upkeep\n|\n|t:|1699582162\n|switch|p2a: Flutter Mane|Flutter Mane|100\/100\n|-status|p2a: Flutter Mane|psn\n|turn|21\n|\n|t:|1699582168\n|move|p1a: Overqwil|Bitter Malice|p2a: Flutter Mane\n|-supereffective|p2a: Flutter Mane\n|-damage|p2a: Flutter Mane|0 fnt\n|faint|p2a: Flutter Mane\n|-end|p2a: Flutter Mane|Protosynthesis|[silent]\n|\n|upkeep\n|\n|t:|1699582175\n|switch|p2a: Maushold|Maushold-Four, shiny|100\/100\n|-status|p2a: Maushold|psn\n|turn|22\n|\n|t:|1699582182\n|move|p1a: Overqwil|Flamethrower|p2a: Maushold\n|-damage|p2a: Maushold|20\/100 psn\n|move|p2a: Maushold|Population Bomb|p1a: Overqwil\n|-immune|p1a: Overqwil\n|\n|-damage|p2a: Maushold|8\/100 psn|[from] psn\n|upkeep\n|turn|23\n|-message|trafficsucks forfeited.\n|\n|win|DaAceBandit\n|raw|DaAceBandit's rating: 1145 &rarr; <strong>1165<\/strong><br \/>(+20 for winning)\n|raw|trafficsucks's rating: 1078 &rarr; <strong>1060<\/strong><br \/>(-18 for losing)\n|l|\u2606trafficsucks\n|c|\u2606DaAceBandit|Im starting to think your confused\n","uploadtime":1699582204,"views":10,"p1id":"daacebandit","p2id":"trafficsucks","formatid":"gen9anythinggoes","rating":1060,"private":0,"password":""}