{"id":"gen9anythinggoes-1984862793","p1":"doofyfisher","p2":"frog daddy 224","format":"[Gen 9] Anything Goes","log":"|j|\u2606doofyfisher\n|j|\u2606frog daddy 224\n|t:|1699305477\n|gametype|singles\n|player|p1|doofyfisher|n|\n|player|p2|frog daddy 224|n|\n|teamsize|p1|6\n|teamsize|p2|6\n|gen|9\n|tier|[Gen 9] Anything Goes\n|rule|HP Percentage Mod: HP is shown in percentages\n|rule|Endless Battle Clause: Forcing endless battles is banned\n|clearpoke\n|poke|p1|Sylveon, M|\n|poke|p1|Annihilape, F|\n|poke|p1|Mew|\n|poke|p1|Volcanion|\n|poke|p1|Iron Hands|\n|poke|p1|Garchomp, M|\n|poke|p2|Scream Tail|\n|poke|p2|Glimmora, F|\n|poke|p2|Dragapult, M|\n|poke|p2|Arcanine, M|\n|poke|p2|Zapdos|\n|poke|p2|Slowking, F|\n|teampreview\n|\n|t:|1699305481\n|start\n|switch|p1a: Garchomp|Garchomp, M|100\/100\n|switch|p2a: Scream Tail|Scream Tail|100\/100\n|turn|1\n|\n|t:|1699305490\n|move|p2a: Scream Tail|Reflect|p2a: Scream Tail\n|-sidestart|p2: frog daddy 224|Reflect\n|move|p1a: Garchomp|Earthquake|p2a: Scream Tail\n|-crit|p2a: Scream Tail\n|-damage|p2a: Scream Tail|25\/100\n|-damage|p1a: Garchomp|91\/100|[from] item: Life Orb\n|\n|upkeep\n|turn|2\n|\n|t:|1699305507\n|move|p2a: Scream Tail|Stealth Rock|p1a: Garchomp\n|-sidestart|p1: doofyfisher|move: Stealth Rock\n|move|p1a: Garchomp|Earthquake|p2a: Scream Tail\n|-damage|p2a: Scream Tail|0 fnt\n|faint|p2a: Scream Tail\n|-end|p2a: Scream Tail|Protosynthesis|[silent]\n|-damage|p1a: Garchomp|81\/100|[from] item: Life Orb\n|\n|upkeep\n|\n|t:|1699305517\n|switch|p2a: Slowking|Slowking, F|100\/100\n|turn|3\n|\n|t:|1699305522\n|move|p1a: Garchomp|Earthquake|p2a: Slowking\n|-damage|p2a: Slowking|67\/100\n|-damage|p1a: Garchomp|71\/100|[from] item: Life Orb\n|move|p2a: Slowking|Curse|p2a: Slowking\n|-unboost|p2a: Slowking|spe|1\n|-boost|p2a: Slowking|atk|1\n|-boost|p2a: Slowking|def|1\n|\n|-heal|p2a: Slowking|73\/100|[from] item: Leftovers\n|upkeep\n|turn|4\n|\n|t:|1699305534\n|move|p1a: Garchomp|Earthquake|p2a: Slowking\n|-damage|p2a: Slowking|50\/100\n|-damage|p1a: Garchomp|61\/100|[from] item: Life Orb\n|move|p2a: Slowking|Curse|p2a: Slowking\n|-unboost|p2a: Slowking|spe|1\n|-boost|p2a: Slowking|atk|1\n|-boost|p2a: Slowking|def|1\n|\n|-heal|p2a: Slowking|56\/100|[from] item: Leftovers\n|upkeep\n|turn|5\n|\n|t:|1699305544\n|move|p1a: Garchomp|Earthquake|p2a: Slowking\n|-damage|p2a: Slowking|39\/100\n|-damage|p1a: Garchomp|51\/100|[from] item: Life Orb\n|move|p2a: Slowking|Slack Off|p2a: Slowking\n|-heal|p2a: Slowking|90\/100\n|\n|-heal|p2a: Slowking|96\/100|[from] item: Leftovers\n|upkeep\n|turn|6\n|\n|t:|1699305570\n|switch|p1a: Mew|Mew|100\/100\n|-damage|p1a: Mew|88\/100|[from] Stealth Rock\n|move|p2a: Slowking|Curse|p2a: Slowking\n|-unboost|p2a: Slowking|spe|1\n|-boost|p2a: Slowking|atk|1\n|-boost|p2a: Slowking|def|1\n|\n|-heal|p2a: Slowking|100\/100|[from] item: Leftovers\n|upkeep\n|turn|7\n|\n|t:|1699305583\n|move|p1a: Mew|Knock Off|p2a: Slowking\n|-supereffective|p2a: Slowking\n|-damage|p2a: Slowking|88\/100\n|-enditem|p2a: Slowking|Leftovers|[from] move: Knock Off|[of] p1a: Mew\n|move|p2a: Slowking|Curse|p2a: Slowking\n|-unboost|p2a: Slowking|spe|1\n|-boost|p2a: Slowking|atk|1\n|-boost|p2a: Slowking|def|1\n|\n|upkeep\n|turn|8\n|\n|t:|1699305601\n|move|p1a: Mew|Flare Blitz|p2a: Slowking\n|-resisted|p2a: Slowking\n|-damage|p2a: Slowking|85\/100\n|-damage|p1a: Mew|87\/100|[from] Recoil\n|move|p2a: Slowking|Earthquake|p1a: Mew\n|-damage|p1a: Mew|36\/100\n|\n|-sideend|p2: frog daddy 224|Reflect\n|upkeep\n|turn|9\n|\n|t:|1699305612\n|move|p1a: Mew|Knock Off|p2a: Slowking\n|-supereffective|p2a: Slowking\n|-damage|p2a: Slowking|70\/100\n|move|p2a: Slowking|Earthquake|p1a: Mew\n|-damage|p1a: Mew|0 fnt\n|faint|p1a: Mew\n|\n|upkeep\n|\n|t:|1699305617\n|switch|p1a: Sylveon|Sylveon, M, shiny|100\/100\n|-damage|p1a: Sylveon|88\/100|[from] Stealth Rock\n|turn|10\n|\n|t:|1699305632\n|move|p1a: Sylveon|Hyper Voice|p2a: Slowking\n|-damage|p2a: Slowking|34\/100\n|move|p2a: Slowking|Zen Headbutt|p1a: Sylveon\n|-damage|p1a: Sylveon|0 fnt\n|faint|p1a: Sylveon\n|\n|upkeep\n|\n|t:|1699305641\n|switch|p1a: Volcanion|Volcanion|100\/100\n|-damage|p1a: Volcanion|76\/100|[from] Stealth Rock\n|turn|11\n|\n|t:|1699305648\n|move|p1a: Volcanion|Earth Power|p2a: Slowking\n|-damage|p2a: Slowking|11\/100\n|move|p2a: Slowking|Earthquake|p1a: Volcanion\n|-supereffective|p1a: Volcanion\n|-damage|p1a: Volcanion|0 fnt\n|faint|p1a: Volcanion\n|\n|upkeep\n|\n|t:|1699305661\n|switch|p1a: Annihilape|Annihilape, F|100\/100\n|-damage|p1a: Annihilape|94\/100|[from] Stealth Rock\n|turn|12\n|\n|t:|1699305667\n|move|p1a: Annihilape|Rage Fist|p2a: Slowking\n|-supereffective|p2a: Slowking\n|-damage|p2a: Slowking|0 fnt\n|faint|p2a: Slowking\n|\n|upkeep\n|\n|t:|1699305673\n|switch|p2a: Zapdos|Zapdos|100\/100\n|turn|13\n|\n|t:|1699305682\n|switch|p1a: Iron Hands|Iron Hands|100\/100\n|-damage|p1a: Iron Hands|94\/100|[from] Stealth Rock\n|-enditem|p1a: Iron Hands|Booster Energy\n|-activate|p1a: Iron Hands|ability: Quark Drive|[fromitem]\n|-start|p1a: Iron Hands|quarkdriveatk\n|move|p2a: Zapdos|Discharge|p1a: Iron Hands\n|-resisted|p1a: Iron Hands\n|-damage|p1a: Iron Hands|76\/100\n|\n|upkeep\n|turn|14\n|\n|t:|1699305695\n|move|p2a: Zapdos|Hurricane|p1a: Iron Hands\n|-damage|p1a: Iron Hands|27\/100\n|move|p1a: Iron Hands|Thunder Punch|p2a: Zapdos\n|-damage|p2a: Zapdos|42\/100\n|\n|upkeep\n|turn|15\n|\n|t:|1699305705\n|move|p2a: Zapdos|Roost|p2a: Zapdos\n|-heal|p2a: Zapdos|92\/100\n|-singleturn|p2a: Zapdos|move: Roost\n|move|p1a: Iron Hands|Thunder Punch|p2a: Zapdos\n|-resisted|p2a: Zapdos\n|-damage|p2a: Zapdos|66\/100\n|\n|upkeep\n|turn|16\n|\n|t:|1699305719\n|move|p2a: Zapdos|Hurricane|p1a: Iron Hands|[miss]\n|-miss|p2a: Zapdos|p1a: Iron Hands\n|move|p1a: Iron Hands|Thunder Punch|p2a: Zapdos\n|-damage|p2a: Zapdos|14\/100\n|\n|upkeep\n|turn|17\n|\n|t:|1699305723\n|move|p2a: Zapdos|Hurricane|p1a: Iron Hands\n|-damage|p1a: Iron Hands|0 fnt\n|faint|p1a: Iron Hands\n|-end|p1a: Iron Hands|Quark Drive|[silent]\n|\n|upkeep\n|\n|t:|1699305727\n|switch|p1a: Garchomp|Garchomp, M|51\/100\n|-damage|p1a: Garchomp|45\/100|[from] Stealth Rock\n|turn|18\n|\n|t:|1699305732\n|move|p1a: Garchomp|Stone Edge|p2a: Zapdos\n|-supereffective|p2a: Zapdos\n|-damage|p2a: Zapdos|0 fnt\n|faint|p2a: Zapdos\n|-damage|p1a: Garchomp|36\/100|[from] item: Life Orb\n|\n|upkeep\n|\n|t:|1699305734\n|switch|p2a: Arcanine|Arcanine, M|100\/100\n|-ability|p2a: Arcanine|Intimidate|boost\n|-unboost|p1a: Garchomp|atk|1\n|turn|19\n|\n|t:|1699305744\n|move|p1a: Garchomp|Earthquake|p2a: Arcanine\n|-supereffective|p2a: Arcanine\n|-damage|p2a: Arcanine|5\/100\n|-damage|p1a: Garchomp|26\/100|[from] item: Life Orb\n|move|p2a: Arcanine|Play Rough|p1a: Garchomp\n|-supereffective|p1a: Garchomp\n|-damage|p1a: Garchomp|0 fnt\n|-damage|p2a: Arcanine|0 fnt|[from] ability: Rough Skin|[of] p1a: Garchomp\n|faint|p1a: Garchomp\n|faint|p2a: Arcanine\n|\n|upkeep\n|\n|t:|1699305755\n|switch|p1a: Annihilape|Annihilape, F|94\/100\n|switch|p2a: Glimmora|Glimmora, F|100\/100\n|-damage|p1a: Annihilape|88\/100|[from] Stealth Rock\n|-item|p2a: Glimmora|Air Balloon\n|turn|20\n|\n|t:|1699305760\n|move|p1a: Annihilape|Bulk Up|p1a: Annihilape\n|-boost|p1a: Annihilape|atk|1\n|-boost|p1a: Annihilape|def|1\n|move|p2a: Glimmora|Mortal Spin|p1a: Annihilape\n|-resisted|p1a: Annihilape\n|-damage|p1a: Annihilape|86\/100\n|-status|p1a: Annihilape|psn\n|\n|-damage|p1a: Annihilape|73\/100 psn|[from] psn\n|upkeep\n|turn|21\n|\n|t:|1699305770\n|move|p1a: Annihilape|Rage Fist|p2a: Glimmora\n|-damage|p2a: Glimmora|36\/100\n|-activate|p2a: Glimmora|ability: Toxic Debris\n|-sidestart|p1: doofyfisher|move: Toxic Spikes\n|-enditem|p2a: Glimmora|Air Balloon\n|move|p2a: Glimmora|Earth Power|p1a: Annihilape\n|-damage|p1a: Annihilape|47\/100 psn\n|-enditem|p1a: Annihilape|Sitrus Berry|[eat]\n|-heal|p1a: Annihilape|72\/100 psn|[from] item: Sitrus Berry\n|\n|-damage|p1a: Annihilape|60\/100 psn|[from] psn\n|upkeep\n|turn|22\n|\n|t:|1699305783\n|move|p1a: Annihilape|Rage Fist|p2a: Glimmora\n|-damage|p2a: Glimmora|0 fnt\n|-activate|p2a: Glimmora|ability: Toxic Debris\n|-sidestart|p1: doofyfisher|move: Toxic Spikes\n|faint|p2a: Glimmora\n|\n|-damage|p1a: Annihilape|47\/100 psn|[from] psn\n|upkeep\n|\n|t:|1699305788\n|switch|p2a: Dragapult|Dragapult, M|100\/100\n|turn|23\n|\n|t:|1699305792\n|move|p2a: Dragapult|Hex|p1a: Annihilape\n|-supereffective|p1a: Annihilape\n|-damage|p1a: Annihilape|0 fnt\n|faint|p1a: Annihilape\n|\n|win|frog daddy 224\n","uploadtime":1699305800,"views":4,"p1id":"doofyfisher","p2id":"frogdaddy224","formatid":"gen9anythinggoes","rating":0,"private":0,"password":""}