{"id":"gen9anythinggoes-1986800311","p1":"Allan383","p2":"Shallow_42","format":"[Gen 9] Anything Goes","log":"|j|\u2606Allan383\n|j|\u2606Shallow_42\n|t:|1699527149\n|gametype|singles\n|player|p1|Allan383|265|\n|player|p2|Shallow_42|palmer|\n|teamsize|p1|6\n|teamsize|p2|6\n|gen|9\n|tier|[Gen 9] Anything Goes\n|rule|HP Percentage Mod: HP is shown in percentages\n|rule|Endless Battle Clause: Forcing endless battles is banned\n|clearpoke\n|poke|p1|Yanmega, M|\n|poke|p1|Kricketune, M|\n|poke|p1|Jirachi|\n|poke|p1|Ursaluna, M|\n|poke|p1|Overqwil, M|\n|poke|p1|Krookodile, M|\n|poke|p2|Yanmega, M|\n|poke|p2|Mamoswine, M|\n|poke|p2|Empoleon, M|\n|poke|p2|Ursaluna, M|\n|poke|p2|Quagsire, F|\n|poke|p2|Tropius, F|\n|teampreview\n|inactive|Battle timer is ON: inactive players will automatically lose when time's up. (requested by Shallow_42)\n|\n|t:|1699527158\n|start\n|switch|p1a: Kricketune|Kricketune, M, shiny|100\/100\n|switch|p2a: Quagsire|Quagsire, F|100\/100\n|turn|1\n|j| Cagampang.33\n|\n|t:|1699527172\n|move|p1a: Kricketune|Trailblaze|p2a: Quagsire\n|-supereffective|p2a: Quagsire\n|-damage|p2a: Quagsire|23\/100\n|-boost|p1a: Kricketune|spe|1\n|move|p2a: Quagsire|Stealth Rock|p1a: Kricketune\n|-sidestart|p1: Allan383|move: Stealth Rock\n|\n|-heal|p2a: Quagsire|29\/100|[from] item: Leftovers\n|upkeep\n|turn|2\n|l| Cagampang.33\n|\n|t:|1699527191\n|move|p1a: Kricketune|Sticky Web|p2a: Quagsire\n|-sidestart|p2: Shallow_42|move: Sticky Web\n|move|p2a: Quagsire|Recover|p2a: Quagsire\n|-heal|p2a: Quagsire|79\/100\n|\n|-heal|p2a: Quagsire|85\/100|[from] item: Leftovers\n|upkeep\n|turn|3\n|\n|t:|1699527199\n|move|p1a: Kricketune|Trailblaze|p2a: Quagsire\n|-supereffective|p2a: Quagsire\n|-damage|p2a: Quagsire|17\/100\n|-boost|p1a: Kricketune|spe|1\n|move|p2a: Quagsire|Avalanche|p1a: Kricketune\n|-crit|p1a: Kricketune\n|-damage|p1a: Kricketune|26\/100\n|\n|-heal|p2a: Quagsire|23\/100|[from] item: Leftovers\n|upkeep\n|turn|4\n|\n|t:|1699527212\n|move|p1a: Kricketune|Fell Stinger|p2a: Quagsire\n|-damage|p2a: Quagsire|0 fnt\n|faint|p2a: Quagsire\n|-boost|p1a: Kricketune|atk|3\n|\n|upkeep\n|\n|t:|1699527226\n|switch|p2a: Mamoswine|Mamoswine, M|100\/100\n|-activate|p2a: Mamoswine|move: Sticky Web\n|-unboost|p2a: Mamoswine|spe|1\n|turn|5\n|\n|t:|1699527235\n|move|p1a: Kricketune|Fell Stinger|p2a: Mamoswine\n|-damage|p2a: Mamoswine|17\/100\n|move|p2a: Mamoswine|Rock Blast|p1a: Kricketune\n|-supereffective|p1a: Kricketune\n|-crit|p1a: Kricketune\n|-damage|p1a: Kricketune|0 fnt\n|faint|p1a: Kricketune\n|-hitcount|p1: Kricketune|1\n|\n|upkeep\n|\n|t:|1699527259\n|switch|p1a: Jirachi|Jirachi, shiny|100\/100\n|-damage|p1a: Jirachi|94\/100|[from] Stealth Rock\n|turn|6\n|\n|t:|1699527268\n|move|p2a: Mamoswine|Ice Shard|p1a: Jirachi\n|-resisted|p1a: Jirachi\n|-damage|p1a: Jirachi|85\/100\n|move|p1a: Jirachi|Meteor Mash|p2a: Mamoswine\n|-supereffective|p2a: Mamoswine\n|-damage|p2a: Mamoswine|0 fnt\n|faint|p2a: Mamoswine\n|-damage|p1a: Jirachi|75\/100|[from] item: Life Orb\n|\n|upkeep\n|\n|t:|1699527283\n|switch|p2a: Ursaluna|Ursaluna, M|100\/100\n|-activate|p2a: Ursaluna|move: Sticky Web\n|-unboost|p2a: Ursaluna|spe|1\n|turn|7\n|\n|t:|1699527295\n|-terastallize|p1a: Jirachi|Flying\n|move|p1a: Jirachi|Meteor Mash|p2a: Ursaluna\n|-damage|p2a: Ursaluna|63\/100\n|-boost|p1a: Jirachi|atk|1\n|-damage|p1a: Jirachi|65\/100|[from] item: Life Orb\n|move|p2a: Ursaluna|Earthquake|p1a: Jirachi\n|-immune|p1a: Jirachi\n|\n|-status|p2a: Ursaluna|brn|[from] item: Flame Orb\n|upkeep\n|turn|8\n|\n|t:|1699527309\n|move|p1a: Jirachi|Ice Punch|p2a: Ursaluna\n|-supereffective|p2a: Ursaluna\n|-damage|p2a: Ursaluna|2\/100 brn\n|-damage|p1a: Jirachi|55\/100|[from] item: Life Orb\n|move|p2a: Ursaluna|Facade|p1a: Jirachi\n|-damage|p1a: Jirachi|0 fnt\n|faint|p1a: Jirachi\n|\n|-damage|p2a: Ursaluna|0 fnt|[from] brn\n|faint|p2a: Ursaluna\n|upkeep\n|\n|t:|1699527324\n|switch|p1a: Yanmega|Yanmega, M, shiny|100\/100\n|switch|p2a: Tropius|Tropius, F|100\/100\n|-damage|p1a: Yanmega|51\/100|[from] Stealth Rock\n|turn|9\n|\n|t:|1699527347\n|move|p1a: Yanmega|Bug Buzz|p2a: Tropius\n|-damage|p2a: Tropius|56\/100\n|-heal|p1a: Yanmega|58\/100|[from] item: Shell Bell|[of] p2a: Tropius\n|move|p2a: Tropius|Substitute|p2a: Tropius\n|-start|p2a: Tropius|Substitute\n|-damage|p2a: Tropius|31\/100\n|-enditem|p2a: Tropius|Sitrus Berry|[eat]\n|-heal|p2a: Tropius|56\/100|[from] item: Sitrus Berry\n|\n|upkeep\n|turn|10\n|\n|t:|1699527358\n|move|p1a: Yanmega|Ancient Power|p2a: Tropius\n|-supereffective|p2a: Tropius\n|-end|p2a: Tropius|Substitute\n|move|p2a: Tropius|Dragon Dance|p2a: Tropius\n|-boost|p2a: Tropius|atk|1\n|-boost|p2a: Tropius|spe|1\n|\n|-item|p2a: Tropius|Sitrus Berry|[from] ability: Harvest\n|upkeep\n|turn|11\n|\n|t:|1699527383\n|move|p1a: Yanmega|Ancient Power|p2a: Tropius\n|-supereffective|p2a: Tropius\n|-damage|p2a: Tropius|18\/100\n|-enditem|p2a: Tropius|Sitrus Berry|[eat]\n|-heal|p2a: Tropius|43\/100|[from] item: Sitrus Berry\n|-heal|p1a: Yanmega|64\/100|[from] item: Shell Bell|[of] p2a: Tropius\n|move|p2a: Tropius|Fly||[still]\n|-prepare|p2a: Tropius|Fly\n|\n|-item|p2a: Tropius|Sitrus Berry|[from] ability: Harvest\n|upkeep\n|-enditem|p2a: Tropius|Sitrus Berry|[eat]\n|-heal|p2a: Tropius|68\/100|[from] item: Sitrus Berry\n|turn|12\n|\n|t:|1699527402\n|move|p1a: Yanmega|Air Slash|p2a: Tropius|[miss]\n|-miss|p1a: Yanmega|p2a: Tropius\n|move|p2a: Tropius|Fly|p1a: Yanmega|[from]lockedmove\n|-supereffective|p1a: Yanmega\n|-crit|p1a: Yanmega\n|-damage|p1a: Yanmega|0 fnt\n|faint|p1a: Yanmega\n|\n|-item|p2a: Tropius|Sitrus Berry|[from] ability: Harvest\n|upkeep\n|inactive|Allan383 has 270 seconds left.\n|\n|t:|1699527417\n|switch|p1a: Overqwil|Overqwil, M|100\/100\n|-damage|p1a: Overqwil|88\/100|[from] Stealth Rock\n|turn|13\n|inactive|Allan383 has 270 seconds left.\n|\n|t:|1699527432\n|switch|p2a: Empoleon|Empoleon, M|100\/100\n|-activate|p2a: Empoleon|move: Sticky Web\n|-unboost|p2a: Empoleon|spe|1\n|move|p1a: Overqwil|Barb Barrage|p2a: Empoleon\n|-immune|p2a: Empoleon\n|\n|upkeep\n|turn|14\n|inactive|Allan383 has 270 seconds left.\n|\n|t:|1699527446\n|switch|p1a: Krookodile|Krookodile, M|100\/100\n|-damage|p1a: Krookodile|94\/100|[from] Stealth Rock\n|-ability|p1a: Krookodile|Intimidate|boost\n|-unboost|p2a: Empoleon|atk|1\n|move|p2a: Empoleon|Flash Cannon|p1a: Krookodile\n|-damage|p1a: Krookodile|44\/100\n|\n|upkeep\n|turn|15\n|inactive|Allan383 has 270 seconds left.\n|\n|t:|1699527458\n|move|p2a: Empoleon|Vacuum Wave|p1a: Krookodile\n|-supereffective|p1a: Krookodile\n|-damage|p1a: Krookodile|8\/100\n|move|p1a: Krookodile|Close Combat|p2a: Empoleon\n|-supereffective|p2a: Empoleon\n|-damage|p2a: Empoleon|0 fnt\n|-unboost|p1a: Krookodile|def|1\n|-unboost|p1a: Krookodile|spd|1\n|faint|p2a: Empoleon\n|\n|upkeep\n|\n|t:|1699527469\n|switch|p2a: Yanmega|Yanmega, M|100\/100\n|turn|16\n|\n|t:|1699527475\n|move|p2a: Yanmega|Giga Drain|p1a: Krookodile\n|-supereffective|p1a: Krookodile\n|-damage|p1a: Krookodile|0 fnt\n|faint|p1a: Krookodile\n|\n|-ability|p2a: Yanmega|Speed Boost|boost\n|-boost|p2a: Yanmega|spe|1\n|upkeep\n|\n|t:|1699527483\n|switch|p1a: Overqwil|Overqwil, M|88\/100\n|-damage|p1a: Overqwil|76\/100|[from] Stealth Rock\n|turn|17\n|\n|t:|1699527494\n|move|p2a: Yanmega|Air Slash|p1a: Overqwil\n|-damage|p1a: Overqwil|11\/100\n|move|p1a: Overqwil|Barb Barrage|p2a: Yanmega\n|-damage|p2a: Yanmega|66\/100\n|-status|p2a: Yanmega|psn\n|\n|-damage|p2a: Yanmega|54\/100 psn|[from] psn\n|-ability|p2a: Yanmega|Speed Boost|boost\n|-boost|p2a: Yanmega|spe|1\n|upkeep\n|turn|18\n|\n|t:|1699527505\n|move|p1a: Overqwil|Aqua Jet|p2a: Yanmega\n|-damage|p2a: Yanmega|37\/100 psn\n|move|p2a: Yanmega|Air Slash|p1a: Overqwil\n|-damage|p1a: Overqwil|0 fnt\n|faint|p1a: Overqwil\n|\n|-damage|p2a: Yanmega|25\/100 psn|[from] psn\n|-ability|p2a: Yanmega|Speed Boost|boost\n|-boost|p2a: Yanmega|spe|1\n|upkeep\n|\n|t:|1699527517\n|switch|p1a: Ursaluna|Ursaluna, M, shiny|100\/100\n|-damage|p1a: Ursaluna|94\/100|[from] Stealth Rock\n|turn|19\n|\n|t:|1699527530\n|move|p2a: Yanmega|Giga Drain|p1a: Ursaluna\n|-supereffective|p1a: Ursaluna\n|-damage|p1a: Ursaluna|44\/100\n|-heal|p2a: Yanmega|57\/100 psn|[from] drain|[of] p1a: Ursaluna\n|move|p1a: Ursaluna|Avalanche|p2a: Yanmega\n|-supereffective|p2a: Yanmega\n|-damage|p2a: Yanmega|0 fnt\n|faint|p2a: Yanmega\n|\n|-status|p1a: Ursaluna|brn|[from] item: Flame Orb\n|upkeep\n|\n|t:|1699527542\n|switch|p2a: Tropius|Tropius, F|68\/100\n|turn|20\n|\n|t:|1699527551\n|move|p2a: Tropius|Leaf Blade|p1a: Ursaluna\n|-supereffective|p1a: Ursaluna\n|-damage|p1a: Ursaluna|2\/100 brn\n|move|p1a: Ursaluna|Avalanche|p2a: Tropius\n|-supereffective|p2a: Tropius\n|-damage|p2a: Tropius|0 fnt\n|faint|p2a: Tropius\n|\n|win|Allan383\n","uploadtime":1699527564,"views":5,"p1id":"allan383","p2id":"shallow42","formatid":"gen9anythinggoes","rating":0,"private":0,"password":""}