{"id":"gen9anythinggoes-1987208872","p1":"Tedtosterone","p2":"Flacko2nice","format":"[Gen 9] Anything Goes","log":"|j|\u2606Tedtosterone\n|j|\u2606Flacko2nice\n|t:|1699565439\n|gametype|singles\n|player|p1|Tedtosterone|ghetsis-gen5bw|\n|player|p2|Flacko2nice|ingo|\n|teamsize|p1|6\n|teamsize|p2|6\n|gen|9\n|tier|[Gen 9] Anything Goes\n|rule|HP Percentage Mod: HP is shown in percentages\n|rule|Endless Battle Clause: Forcing endless battles is banned\n|clearpoke\n|poke|p1|Samurott-Hisui, M|\n|poke|p1|Kingambit, M|\n|poke|p1|Baxcalibur, M|\n|poke|p1|Mimikyu, F|\n|poke|p1|Slowking-Galar, M|\n|poke|p1|Arcanine-Hisui, M|\n|poke|p2|Annihilape, F|\n|poke|p2|Hatterene, F|\n|poke|p2|Greninja-*, M|\n|poke|p2|Grimmsnarl, M|\n|poke|p2|Brambleghast, F|\n|poke|p2|Enamorus, F|\n|teampreview\n|\n|t:|1699565443\n|start\n|switch|p1a: Jin|Samurott-Hisui, M|100\/100\n|switch|p2a: Pain 1993|Grimmsnarl, M, shiny|100\/100\n|turn|1\n|\n|t:|1699565449\n|move|p1a: Jin|Ceaseless Edge|p2a: Pain 1993\n|-resisted|p2a: Pain 1993\n|-damage|p2a: Pain 1993|88\/100\n|-sidestart|p2: Flacko2nice|Spikes\n|move|p2a: Pain 1993|Play Rough|p1a: Jin\n|-supereffective|p1a: Jin\n|-damage|p1a: Jin|11\/100\n|\n|upkeep\n|turn|2\n|j| caligulahar\n|\n|t:|1699565458\n|move|p1a: Jin|Knock Off|p2a: Pain 1993\n|-resisted|p2a: Pain 1993\n|-damage|p2a: Pain 1993|75\/100\n|-enditem|p2a: Pain 1993|Light Clay|[from] move: Knock Off|[of] p1a: Jin\n|move|p2a: Pain 1993|Play Rough|p1a: Jin\n|-supereffective|p1a: Jin\n|-damage|p1a: Jin|0 fnt\n|faint|p1a: Jin\n|\n|upkeep\n|\n|t:|1699565466\n|switch|p1a: Duke|Slowking-Galar, M|100\/100\n|turn|3\n|\n|t:|1699565469\n|move|p2a: Pain 1993|Light Screen|p2a: Pain 1993\n|-sidestart|p2: Flacko2nice|move: Light Screen\n|move|p1a: Duke|Sludge Bomb|p2a: Pain 1993\n|-supereffective|p2a: Pain 1993\n|-damage|p2a: Pain 1993|48\/100\n|\n|upkeep\n|turn|4\n|j| theblandino\n|\n|t:|1699565474\n|move|p2a: Pain 1993|Reflect|p2a: Pain 1993\n|-sidestart|p2: Flacko2nice|Reflect\n|move|p1a: Duke|Sludge Bomb|p2a: Pain 1993\n|-supereffective|p2a: Pain 1993\n|-damage|p2a: Pain 1993|21\/100\n|-status|p2a: Pain 1993|psn\n|\n|-damage|p2a: Pain 1993|8\/100 psn|[from] psn\n|upkeep\n|turn|5\n|\n|t:|1699565482\n|move|p2a: Pain 1993|Parting Shot|p1a: Duke\n|-unboost|p1a: Duke|atk|1\n|-unboost|p1a: Duke|spa|1\n|\n|t:|1699565491\n|switch|p2a: 21 Savage|Greninja, M|100\/100|[from] Parting Shot\n|-damage|p2a: 21 Savage|88\/100|[from] Spikes\n|move|p1a: Duke|Sludge Bomb|p2a: 21 Savage\n|-damage|p2a: 21 Savage|71\/100\n|-status|p2a: 21 Savage|psn\n|\n|-damage|p2a: 21 Savage|59\/100 psn|[from] psn\n|upkeep\n|turn|6\n|\n|t:|1699565501\n|switch|p2a: Take Care|Hatterene, F|100\/100\n|-damage|p2a: Take Care|88\/100|[from] Spikes\n|move|p1a: Duke|Chilly Reception|p1a: Duke\n|-weather|Snow\n|\n|t:|1699565512\n|switch|p1a: Gooner|Mimikyu, F, shiny|100\/100|[from] Chilly Reception\n|\n|-weather|Snow|[upkeep]\n|-heal|p2a: Take Care|94\/100|[from] item: Leftovers\n|upkeep\n|turn|7\n|\n|t:|1699565523\n|move|p1a: Gooner|Swords Dance|p1a: Gooner\n|-boost|p1a: Gooner|atk|2\n|move|p2a: Take Care|Psychic|p1a: Gooner\n|-activate|p1a: Gooner|ability: Disguise\n|-damage|p1a: Gooner|100\/100\n|detailschange|p1a: Gooner|Mimikyu-Busted, F, shiny\n|-damage|p1a: Gooner|88\/100|[from] pokemon: Mimikyu-Busted\n|\n|-weather|Snow|[upkeep]\n|-heal|p2a: Take Care|99\/100|[from] item: Leftovers\n|-sideend|p2: Flacko2nice|move: Light Screen\n|upkeep\n|turn|8\n|\n|t:|1699565533\n|move|p1a: Gooner|Shadow Claw|p2a: Take Care\n|-supereffective|p2a: Take Care\n|-damage|p2a: Take Care|36\/100\n|-damage|p1a: Gooner|78\/100|[from] item: Life Orb\n|move|p2a: Take Care|Trick Room|p2a: Take Care\n|-fieldstart|move: Trick Room|[of] p2a: Take Care\n|\n|-weather|Snow|[upkeep]\n|-heal|p2a: Take Care|42\/100|[from] item: Leftovers\n|-sideend|p2: Flacko2nice|Reflect\n|upkeep\n|turn|9\n|\n|t:|1699565546\n|move|p1a: Gooner|Shadow Sneak|p2a: Take Care\n|-supereffective|p2a: Take Care\n|-damage|p2a: Take Care|0 fnt\n|faint|p2a: Take Care\n|-damage|p1a: Gooner|68\/100|[from] item: Life Orb\n|\n|-weather|Snow|[upkeep]\n|upkeep\n|\n|t:|1699565567\n|switch|p2a: Marvin's Room|Enamorus, F|100\/100\n|turn|10\n|\n|t:|1699565575\n|move|p2a: Marvin's Room|Superpower|p1a: Gooner\n|-immune|p1a: Gooner\n|move|p1a: Gooner|Shadow Claw|p2a: Marvin's Room\n|-damage|p2a: Marvin's Room|0 fnt\n|faint|p2a: Marvin's Room\n|-damage|p1a: Gooner|58\/100|[from] item: Life Orb\n|\n|-weather|none\n|upkeep\n|\n|t:|1699565589\n|switch|p2a: Pain 1993|Grimmsnarl, M, shiny|8\/100 psn\n|-damage|p2a: Pain 1993|0 fnt|[from] Spikes\n|faint|p2a: Pain 1993\n|\n|t:|1699565594\n|switch|p2a: 21 Savage|Greninja, M|59\/100 psn\n|-damage|p2a: 21 Savage|46\/100 psn|[from] Spikes\n|turn|11\n|\n|t:|1699565598\n|move|p2a: 21 Savage|Water Shuriken|p1a: Gooner\n|-damage|p1a: Gooner|45\/100\n|-damage|p1a: Gooner|32\/100\n|-hitcount|p1a: Gooner|2\n|move|p1a: Gooner|Play Rough|p2a: 21 Savage\n|-supereffective|p2a: 21 Savage\n|-damage|p2a: 21 Savage|0 fnt\n|faint|p2a: 21 Savage\n|-damage|p1a: Gooner|22\/100|[from] item: Life Orb\n|\n|upkeep\n|\n|t:|1699565616\n|switch|p2a: For All The Apes|Annihilape, F, shiny|100\/100\n|-damage|p2a: For All The Apes|88\/100|[from] Spikes\n|turn|12\n|\n|t:|1699565622\n|move|p1a: Gooner|Shadow Sneak|p2a: For All The Apes\n|-supereffective|p2a: For All The Apes\n|-damage|p2a: For All The Apes|0 fnt\n|faint|p2a: For All The Apes\n|-damage|p1a: Gooner|12\/100|[from] item: Life Orb\n|\n|-fieldend|move: Trick Room\n|upkeep\n|\n|t:|1699565628\n|switch|p2a: Brambleghast|Brambleghast, F|100\/100\n|-damage|p2a: Brambleghast|88\/100|[from] Spikes\n|turn|13\n|\n|t:|1699565634\n|move|p2a: Brambleghast|Protect|p2a: Brambleghast\n|-singleturn|p2a: Brambleghast|Protect\n|move|p1a: Gooner|Shadow Sneak|p2a: Brambleghast\n|-activate|p2a: Brambleghast|move: Protect\n|\n|upkeep\n|turn|14\n|\n|t:|1699565640\n|move|p1a: Gooner|Shadow Sneak|p2a: Brambleghast\n|-supereffective|p2a: Brambleghast\n|-damage|p2a: Brambleghast|0 fnt\n|faint|p2a: Brambleghast\n|-damage|p1a: Gooner|2\/100|[from] item: Life Orb\n|\n|win|Tedtosterone\n|l|\u2606Flacko2nice\n","uploadtime":1699565648,"views":15,"p1id":"tedtosterone","p2id":"flacko2nice","formatid":"gen9anythinggoes","rating":0,"private":0,"password":""}