{"id":"gen9anythinggoes-1999981961","p1":"wuboosies","p2":"Tinkisgaming","format":"[Gen 9] Anything Goes","log":"|j|\u2606wuboosies\n|j|\u2606Tinkisgaming\n|t:|1701137393\n|gametype|singles\n|player|p1|wuboosies|101|\n|player|p2|Tinkisgaming|ghetsis|\n|teamsize|p1|6\n|teamsize|p2|6\n|gen|9\n|tier|[Gen 9] Anything Goes\n|rule|HP Percentage Mod: HP is shown in percentages\n|rule|Endless Battle Clause: Forcing endless battles is banned\n|clearpoke\n|poke|p1|Dipplin, M|\n|poke|p1|Orthworm, F|\n|poke|p1|Milotic, F|\n|poke|p1|Lycanroc-Dusk, F|\n|poke|p1|Hatterene, F|\n|poke|p1|Iron Treads|\n|poke|p2|Iron Moth|\n|poke|p2|Glimmora, M|\n|poke|p2|Scream Tail|\n|poke|p2|Ogerpon-Wellspring, F|\n|poke|p2|Spiritomb, F|\n|poke|p2|Krookodile, M|\n|teampreview\n|c|\u2606Tinkisgaming|good luck\n|\n|t:|1701137432\n|start\n|switch|p1a: Bigass Hat|Hatterene, F|100\/100\n|switch|p2a: bonk!!!|Ogerpon-Wellspring, F|100\/100\n|turn|1\n|\n|t:|1701137450\n|move|p2a: bonk!!!|Ivy Cudgel|p1a: Bigass Hat|[anim] Ivy Cudgel Water\n|-damage|p1a: Bigass Hat|29\/100\n|move|p1a: Bigass Hat|Trick||[still]\n|-fail|p1a: Bigass Hat\n|\n|-status|p1a: Bigass Hat|brn|[from] item: Flame Orb\n|upkeep\n|turn|2\n|\n|t:|1701137462\n|move|p2a: bonk!!!|Ivy Cudgel|p1a: Bigass Hat|[anim] Ivy Cudgel Water\n|-damage|p1a: Bigass Hat|0 fnt\n|faint|p1a: Bigass Hat\n|\n|upkeep\n|\n|t:|1701137483\n|switch|p1a: CANDY KING|Dipplin, M, shiny|100\/100\n|turn|3\n|\n|t:|1701137492\n|move|p2a: bonk!!!|Taunt|p1a: CANDY KING\n|-start|p1a: CANDY KING|move: Taunt\n|move|p1a: CANDY KING|Giga Drain|p2a: bonk!!!\n|-damage|p2a: bonk!!!|72\/100\n|\n|upkeep\n|turn|4\n|\n|t:|1701137498\n|move|p2a: bonk!!!|U-turn|p1a: CANDY KING\n|-supereffective|p1a: CANDY KING\n|-damage|p1a: CANDY KING|75\/100\n|\n|t:|1701137509\n|switch|p2a: AHHHHHHH|Scream Tail|100\/100|[from] U-turn\n|move|p1a: CANDY KING|Giga Drain|p2a: AHHHHHHH\n|-damage|p2a: AHHHHHHH|81\/100\n|-heal|p1a: CANDY KING|85\/100|[from] drain|[of] p2a: AHHHHHHH\n|\n|-heal|p2a: AHHHHHHH|87\/100|[from] item: Leftovers\n|upkeep\n|turn|5\n|\n|t:|1701137519\n|switch|p1a: Squiggle Squaggle|Orthworm, F|100\/100\n|move|p2a: AHHHHHHH|Light Screen|p2a: AHHHHHHH\n|-sidestart|p2: Tinkisgaming|move: Light Screen\n|\n|-heal|p2a: AHHHHHHH|94\/100|[from] item: Leftovers\n|upkeep\n|turn|6\n|j| alien ass farm\n|\n|t:|1701137529\n|move|p2a: AHHHHHHH|Reflect|p2a: AHHHHHHH\n|-sidestart|p2: Tinkisgaming|Reflect\n|move|p1a: Squiggle Squaggle|Shed Tail|p1a: Squiggle Squaggle\n|-start|p1a: Squiggle Squaggle|Substitute|[from] move: Shed Tail\n|-damage|p1a: Squiggle Squaggle|50\/100\n|\n|t:|1701137533\n|switch|p1a: Barki3sha|Lycanroc-Dusk, F|100\/100|[from] Shed Tail\n|\n|-heal|p2a: AHHHHHHH|99\/100|[from] item: Leftovers\n|upkeep\n|turn|7\n|\n|t:|1701137539\n|move|p2a: AHHHHHHH|Psychic|p1a: Barki3sha\n|-end|p1a: Barki3sha|Substitute\n|move|p1a: Barki3sha|Brick Break|p2a: AHHHHHHH\n|-sideend|p2: Tinkisgaming|Reflect\n|-sideend|p2: Tinkisgaming|move: Light Screen\n|-resisted|p2a: AHHHHHHH\n|-damage|p2a: AHHHHHHH|88\/100\n|\n|-heal|p2a: AHHHHHHH|95\/100|[from] item: Leftovers\n|upkeep\n|turn|8\n|j| pbrake12\n|\n|t:|1701137564\n|switch|p1a: Squiggle Squaggle|Orthworm, F|50\/100\n|move|p2a: AHHHHHHH|Encore||[still]\n|-fail|p2a: AHHHHHHH\n|\n|-heal|p2a: AHHHHHHH|100\/100|[from] item: Leftovers\n|upkeep\n|turn|9\n|j| Bigsmokemorel\n|\n|t:|1701137578\n|move|p2a: AHHHHHHH|Reflect|p2a: AHHHHHHH\n|-sidestart|p2: Tinkisgaming|Reflect\n|move|p1a: Squiggle Squaggle|Heavy Slam|p2a: AHHHHHHH\n|-supereffective|p2a: AHHHHHHH\n|-damage|p2a: AHHHHHHH|67\/100\n|\n|-heal|p2a: AHHHHHHH|73\/100|[from] item: Leftovers\n|upkeep\n|turn|10\n|\n|t:|1701137607\n|move|p2a: AHHHHHHH|Psychic|p1a: Squiggle Squaggle\n|-resisted|p1a: Squiggle Squaggle\n|-damage|p1a: Squiggle Squaggle|25\/100\n|move|p1a: Squiggle Squaggle|Heavy Slam|p2a: AHHHHHHH\n|-supereffective|p2a: AHHHHHHH\n|-crit|p2a: AHHHHHHH\n|-damage|p2a: AHHHHHHH|0 fnt\n|faint|p2a: AHHHHHHH\n|-end|p2a: AHHHHHHH|Protosynthesis|[silent]\n|\n|upkeep\n|n|\u2606wuboosies|wuboosies\n|\n|t:|1701137628\n|switch|p2a: bonk!!!|Ogerpon-Wellspring, F|72\/100\n|turn|11\n|c|\u2606wuboosies|o\n|c|\u2606wuboosies|also i registered so i can talk now\n|c|\u2606Tinkisgaming|W\n|c| alien ass farm|chris saw me get 24th in my own draft league with orthworm and said i know what i must do\n|\n|t:|1701137663\n|move|p2a: bonk!!!|Ivy Cudgel|p1a: Squiggle Squaggle|[anim] Ivy Cudgel Water\n|-damage|p1a: Squiggle Squaggle|0 fnt\n|faint|p1a: Squiggle Squaggle\n|\n|upkeep\n|\n|t:|1701137679\n|switch|p1a: CANDY KING|Dipplin, M, shiny|85\/100\n|turn|12\n|\n|t:|1701137684\n|move|p2a: bonk!!!|U-turn|p1a: CANDY KING\n|-supereffective|p1a: CANDY KING\n|-damage|p1a: CANDY KING|59\/100\n|\n|t:|1701137694\n|switch|p2a: spooky|Spiritomb, F|100\/100|[from] U-turn\n|move|p1a: CANDY KING|Giga Drain|p2a: spooky\n|-damage|p2a: spooky|76\/100\n|-heal|p1a: CANDY KING|69\/100|[from] drain|[of] p2a: spooky\n|\n|upkeep\n|turn|13\n|\n|t:|1701137710\n|switch|p1a: Lady of the Lake|Milotic, F, shiny|100\/100\n|move|p2a: spooky|Toxic|p1a: Lady of the Lake\n|-status|p1a: Lady of the Lake|tox\n|\n|-damage|p1a: Lady of the Lake|94\/100 tox|[from] psn\n|-sideend|p2: Tinkisgaming|Reflect\n|upkeep\n|turn|14\n|j| butter dk\n|\n|t:|1701137723\n|move|p1a: Lady of the Lake|Aqua Ring|p1a: Lady of the Lake\n|-start|p1a: Lady of the Lake|Aqua Ring\n|move|p2a: spooky|Poltergeist|p1a: Lady of the Lake\n|-activate|p1a: Lady of the Lake|move: Poltergeist|Leftovers\n|-damage|p1a: Lady of the Lake|35\/100 tox\n|\n|-heal|p1a: Lady of the Lake|41\/100 tox|[from] item: Leftovers\n|-heal|p1a: Lady of the Lake|47\/100 tox|[from] Aqua Ring\n|-damage|p1a: Lady of the Lake|35\/100 tox|[from] psn\n|upkeep\n|turn|15\n|\n|t:|1701137743\n|move|p1a: Lady of the Lake|Scald|p2a: spooky\n|-damage|p2a: spooky|43\/100\n|-status|p2a: spooky|brn\n|move|p2a: spooky|Poltergeist|p1a: Lady of the Lake\n|-activate|p1a: Lady of the Lake|move: Poltergeist|Leftovers\n|-damage|p1a: Lady of the Lake|3\/100 tox\n|\n|-heal|p1a: Lady of the Lake|9\/100 tox|[from] item: Leftovers\n|-heal|p1a: Lady of the Lake|15\/100 tox|[from] Aqua Ring\n|-damage|p1a: Lady of the Lake|0 fnt|[from] psn\n|faint|p1a: Lady of the Lake\n|-damage|p2a: spooky|37\/100 brn|[from] brn\n|upkeep\n|\n|t:|1701137765\n|switch|p1a: Vroom|Iron Treads|100\/100\n|-enditem|p1a: Vroom|Booster Energy\n|-activate|p1a: Vroom|ability: Quark Drive|[fromitem]\n|-start|p1a: Vroom|quarkdrivespe\n|turn|16\n|\n|t:|1701137774\n|move|p1a: Vroom|Earthquake|p2a: spooky\n|-damage|p2a: spooky|0 fnt\n|faint|p2a: spooky\n|\n|upkeep\n|\n|t:|1701137784\n|switch|p2a: bonk!!!|Ogerpon-Wellspring, F|72\/100\n|turn|17\n|\n|t:|1701137809\n|move|p1a: Vroom|Body Press|p2a: bonk!!!\n|-damage|p2a: bonk!!!|45\/100\n|move|p2a: bonk!!!|Ivy Cudgel|p1a: Vroom|[anim] Ivy Cudgel Water\n|-supereffective|p1a: Vroom\n|-crit|p1a: Vroom\n|-damage|p1a: Vroom|0 fnt\n|faint|p1a: Vroom\n|-end|p1a: Vroom|Quark Drive|[silent]\n|\n|upkeep\n|\n|t:|1701137819\n|switch|p1a: CANDY KING|Dipplin, M, shiny|69\/100\n|turn|18\n|\n|t:|1701137824\n|move|p2a: bonk!!!|U-turn|p1a: CANDY KING\n|-supereffective|p1a: CANDY KING\n|-damage|p1a: CANDY KING|47\/100\n|\n|t:|1701137834\n|switch|p2a: mothron|Iron Moth|100\/100|[from] U-turn\n|-enditem|p2a: mothron|Booster Energy\n|-activate|p2a: mothron|ability: Quark Drive|[fromitem]\n|-start|p2a: mothron|quarkdrivespa\n|move|p1a: CANDY KING|Recover|p1a: CANDY KING\n|-heal|p1a: CANDY KING|97\/100\n|\n|upkeep\n|turn|19\n|\n|t:|1701137846\n|move|p1a: CANDY KING|Sucker Punch|p2a: mothron\n|-damage|p2a: mothron|76\/100\n|move|p2a: mothron|Sludge Wave|p1a: CANDY KING\n|-supereffective|p1a: CANDY KING\n|-damage|p1a: CANDY KING|0 fnt\n|faint|p1a: CANDY KING\n|\n|upkeep\n|\n|t:|1701137852\n|switch|p1a: Barki3sha|Lycanroc-Dusk, F|100\/100\n|turn|20\n|\n|t:|1701137874\n|-terastallize|p2a: mothron|Steel\n|move|p1a: Barki3sha|Accelerock|p2a: mothron\n|-resisted|p2a: mothron\n|-damage|p2a: mothron|42\/100\n|move|p2a: mothron|U-turn|p1a: Barki3sha\n|-damage|p1a: Barki3sha|84\/100\n|\n|t:|1701137880\n|-end|p2a: mothron|Quark Drive|[silent]\n|switch|p2a: scott|Krookodile, M|100\/100|[from] U-turn\n|\n|upkeep\n|turn|21\n|\n|t:|1701137884\n|move|p1a: Barki3sha|Accelerock|p2a: scott\n|-resisted|p2a: scott\n|-damage|p2a: scott|79\/100\n|move|p2a: scott|Earthquake|p1a: Barki3sha\n|-supereffective|p1a: Barki3sha\n|-damage|p1a: Barki3sha|0 fnt\n|faint|p1a: Barki3sha\n|\n|win|Tinkisgaming\n|c|\u2606wuboosies|gg\n|c|\u2606Tinkisgaming|gg\n|l|\u2606wuboosies\n","uploadtime":1701137894,"views":19,"p1id":"wuboosies","p2id":"tinkisgaming","formatid":"gen9anythinggoes","rating":0,"private":0,"password":""}