{"id":"gen9anythinggoes-1976683958","p1":"Lucasoduncu","p2":"LilNasX Next","format":"[Gen 9] Anything Goes","log":"|j|\u2606Lucasoduncu\n|j|\u2606LilNasX Next\n|t:|1698333201\n|gametype|singles\n|player|p1|Lucasoduncu|cameraman|1024\n|player|p2|LilNasX Next|acetrainer-gen4dp|1030\n|teamsize|p1|6\n|teamsize|p2|6\n|gen|9\n|tier|[Gen 9] Anything Goes\n|rated|\n|rule|HP Percentage Mod: HP is shown in percentages\n|rule|Endless Battle Clause: Forcing endless battles is banned\n|clearpoke\n|poke|p1|Annihilape, M|\n|poke|p1|Ninetales, F|\n|poke|p1|Ogerpon-Cornerstone, F|\n|poke|p1|Corviknight, F|\n|poke|p1|Dusclops, F|\n|poke|p1|Klefki, F|\n|poke|p2|Mimikyu, M|\n|poke|p2|Basculegion, M|\n|poke|p2|Trevenant, M|\n|poke|p2|Revavroom, F|\n|poke|p2|Cramorant, M|\n|poke|p2|Cyclizar, M|\n|teampreview\n|\n|t:|1698333207\n|start\n|switch|p1a: Annihilape|Annihilape, M, shiny|100\/100\n|switch|p2a: Mimikyu|Mimikyu, M|100\/100\n|turn|1\n|\n|t:|1698333214\n|move|p1a: Annihilape|Overheat|p2a: Mimikyu\n|-activate|p2a: Mimikyu|ability: Disguise\n|-damage|p2a: Mimikyu|100\/100\n|-unboost|p1a: Annihilape|spa|2\n|detailschange|p2a: Mimikyu|Mimikyu-Busted, M\n|-damage|p2a: Mimikyu|88\/100|[from] pokemon: Mimikyu-Busted\n|move|p2a: Mimikyu|Trick|p1a: Annihilape\n|-activate|p2a: Mimikyu|move: Trick|[of] p1a: Annihilape\n|-item|p1a: Annihilape|Choice Specs|[from] move: Trick\n|-item|p2a: Mimikyu|Scope Lens|[from] move: Trick\n|\n|upkeep\n|turn|2\n|\n|t:|1698333228\n|switch|p2a: Cyclizar|Cyclizar, M|100\/100\n|move|p1a: Annihilape|Overheat|p2a: Cyclizar\n|-resisted|p2a: Cyclizar\n|-damage|p2a: Cyclizar|85\/100\n|-unboost|p1a: Annihilape|spa|2\n|\n|-heal|p2a: Cyclizar|91\/100|[from] item: Leftovers\n|upkeep\n|turn|3\n|\n|t:|1698333242\n|switch|p1a: Ninetales|Ninetales, F, shiny|100\/100\n|-weather|SunnyDay|[from] ability: Drought|[of] p1a: Ninetales\n|move|p2a: Cyclizar|Shift Gear|p2a: Cyclizar\n|-boost|p2a: Cyclizar|spe|2\n|-boost|p2a: Cyclizar|atk|1\n|\n|-weather|SunnyDay|[upkeep]\n|-heal|p2a: Cyclizar|97\/100|[from] item: Leftovers\n|upkeep\n|turn|4\n|\n|t:|1698333255\n|move|p2a: Cyclizar|Outrage|p1a: Ninetales\n|-damage|p1a: Ninetales|22\/100\n|move|p1a: Ninetales|Hypnosis|p2a: Cyclizar|[miss]\n|-miss|p1a: Ninetales|p2a: Cyclizar\n|\n|-weather|SunnyDay|[upkeep]\n|-heal|p2a: Cyclizar|100\/100|[from] item: Leftovers\n|upkeep\n|turn|5\n|inactive|Battle timer is ON: inactive players will automatically lose when time's up. (requested by Lucasoduncu)\n|\n|t:|1698333272\n|move|p2a: Cyclizar|Outrage|p1a: Ninetales|[from]lockedmove\n|-damage|p1a: Ninetales|0 fnt\n|faint|p1a: Ninetales\n|-start|p2a: Cyclizar|confusion|[fatigue]\n|\n|-weather|SunnyDay|[upkeep]\n|upkeep\n|\n|t:|1698333277\n|switch|p1a: Ogerpon|Ogerpon-Cornerstone, F|100\/100\n|turn|6\n|\n|t:|1698333292\n|-activate|p2a: Cyclizar|confusion\n|-damage|p2a: Cyclizar|79\/100|[from] confusion\n|move|p1a: Ogerpon|Counter||[still]\n|-fail|p1a: Ogerpon\n|\n|-weather|SunnyDay|[upkeep]\n|-heal|p2a: Cyclizar|85\/100|[from] item: Leftovers\n|upkeep\n|turn|7\n|\n|t:|1698333300\n|-activate|p2a: Cyclizar|confusion\n|move|p2a: Cyclizar|Shed Tail|p2a: Cyclizar\n|-start|p2a: Cyclizar|Substitute|[from] move: Shed Tail\n|-damage|p2a: Cyclizar|34\/100\n|\n|t:|1698333306\n|switch|p2a: Trevenant|Trevenant, M|100\/100|[from] Shed Tail\n|move|p1a: Ogerpon|Ivy Cudgel|p2a: Trevenant\n|-end|p2a: Trevenant|Substitute\n|\n|-weather|none\n|upkeep\n|turn|8\n|\n|t:|1698333316\n|move|p1a: Ogerpon|Swords Dance|p1a: Ogerpon\n|-boost|p1a: Ogerpon|atk|2\n|move|p2a: Trevenant|Substitute|p2a: Trevenant\n|-start|p2a: Trevenant|Substitute\n|-damage|p2a: Trevenant|76\/100\n|\n|upkeep\n|turn|9\n|\n|t:|1698333324\n|move|p1a: Ogerpon|Ivy Cudgel|p2a: Trevenant\n|-end|p2a: Trevenant|Substitute\n|move|p2a: Trevenant|Poltergeist|p1a: Ogerpon\n|-activate|p1a: Ogerpon|move: Poltergeist|Cornerstone Mask\n|-damage|p1a: Ogerpon|43\/100\n|\n|upkeep\n|turn|10\n|\n|t:|1698333332\n|-terastallize|p1a: Ogerpon|Rock\n|detailschange|p1a: Ogerpon|Ogerpon-Cornerstone-Tera, F, tera:Rock\n|-ability|p1a: Ogerpon|Embody Aspect (Cornerstone)|boost\n|-boost|p1a: Ogerpon|def|1\n|move|p1a: Ogerpon|Ivy Cudgel|p2a: Trevenant\n|-damage|p2a: Trevenant|0 fnt\n|faint|p2a: Trevenant\n|\n|upkeep\n|\n|t:|1698333343\n|switch|p2a: Revavroom|Revavroom, F|100\/100\n|turn|11\n|\n|t:|1698333351\n|move|p1a: Ogerpon|Ivy Cudgel|p2a: Revavroom\n|-resisted|p2a: Revavroom\n|-crit|p2a: Revavroom\n|-damage|p2a: Revavroom|0 fnt\n|faint|p2a: Revavroom\n|\n|upkeep\n|\n|t:|1698333359\n|switch|p2a: Mimikyu|Mimikyu-Busted, M|88\/100\n|turn|12\n|\n|t:|1698333364\n|move|p1a: Ogerpon|Ivy Cudgel|p2a: Mimikyu\n|-crit|p2a: Mimikyu\n|-damage|p2a: Mimikyu|0 fnt\n|faint|p2a: Mimikyu\n|\n|upkeep\n|\n|t:|1698333371\n|switch|p2a: Cyclizar|Cyclizar, M|68\/100\n|turn|13\n|\n|t:|1698333375\n|move|p1a: Ogerpon|Reversal|p2a: Cyclizar\n|-supereffective|p2a: Cyclizar\n|-damage|p2a: Cyclizar|0 fnt\n|faint|p2a: Cyclizar\n|\n|upkeep\n|\n|t:|1698333386\n|switch|p2a: Basculegion|Basculegion, M|100\/100\n|turn|14\n|\n|t:|1698333390\n|move|p1a: Ogerpon|Ivy Cudgel|p2a: Basculegion\n|-damage|p2a: Basculegion|0 fnt\n|faint|p2a: Basculegion\n|\n|upkeep\n|-message|LilNasX Next forfeited.\n|\n|win|Lucasoduncu\n|raw|Lucasoduncu's rating: 1024 &rarr; <strong>1061<\/strong><br \/>(+37 for winning)\n|raw|LilNasX Next's rating: 1030 &rarr; <strong>1015<\/strong><br \/>(-15 for losing)\n|l|\u2606LilNasX Next\n","uploadtime":1698333399,"views":9,"p1id":"lucasoduncu","p2id":"lilnasxnext","formatid":"gen9anythinggoes","rating":1015,"private":0,"password":""}