{"id":"gen9anythinggoes-1979013279","p1":"mvwnsd","p2":"a lil monster","format":"[Gen 9] Anything Goes","log":"|j|\u2606mvwnsd\n|j|\u2606a lil monster\n|t:|1698621133\n|gametype|singles\n|player|p1|mvwnsd|265|\n|player|p2|a lil monster|101|\n|teamsize|p1|6\n|teamsize|p2|6\n|gen|9\n|tier|[Gen 9] Anything Goes\n|rule|HP Percentage Mod: HP is shown in percentages\n|rule|Endless Battle Clause: Forcing endless battles is banned\n|clearpoke\n|poke|p1|Quagsire, F|\n|poke|p1|Diancie|\n|poke|p1|Regieleki|\n|poke|p1|Slowbro, F|\n|poke|p1|Ditto|\n|poke|p1|Arcanine-Hisui, M|\n|poke|p2|Breloom, F|\n|poke|p2|Roaring Moon|\n|poke|p2|Corviknight, F|\n|poke|p2|Skeledirge, M|\n|poke|p2|Garganacl, M|\n|poke|p2|Espathra, F|\n|teampreview\n|\n|t:|1698621142\n|start\n|switch|p1a: Regieleki|Regieleki|100\/100\n|switch|p2a: Breloom|Breloom, F|100\/100\n|turn|1\n|j| BlightLupus\n|\n|t:|1698621149\n|move|p1a: Regieleki|Volt Switch|p2a: Breloom\n|-resisted|p2a: Breloom\n|-damage|p2a: Breloom|48\/100\n|-damage|p1a: Regieleki|91\/100|[from] item: Life Orb\n|c| BlightLupus|Ello~\n|c|\u2606mvwnsd|henlo\n|\n|t:|1698621163\n|switch|p1a: Slowbro|Slowbro, F|100\/100|[from] Volt Switch\n|move|p2a: Breloom|Spore|p1a: Slowbro\n|-status|p1a: Slowbro|slp|[from] move: Spore\n|\n|upkeep\n|turn|2\n|\n|t:|1698621180\n|switch|p1a: Regieleki|Regieleki|91\/100\n|move|p2a: Breloom|Swords Dance|p2a: Breloom\n|-boost|p2a: Breloom|atk|2\n|\n|upkeep\n|turn|3\n|\n|t:|1698621186\n|move|p2a: Breloom|Mach Punch|p1a: Regieleki\n|-damage|p1a: Regieleki|0 fnt\n|faint|p1a: Regieleki\n|\n|upkeep\n|\n|t:|1698621193\n|switch|p1a: Ditto|Ditto|100\/100\n|-transform|p1a: Ditto|p2a: Breloom|[from] ability: Imposter\n|turn|4\n|\n|t:|1698621202\n|switch|p2a: Corviknight|Corviknight, F, shiny|100\/100\n|-ability|p2a: Corviknight|Pressure\n|move|p1a: Ditto|Mach Punch|p2a: Corviknight\n|-damage|p2a: Corviknight|64\/100\n|-damage|p1a: Ditto|84\/100|[from] item: Rocky Helmet|[of] p2a: Corviknight\n|\n|upkeep\n|turn|5\n|\n|t:|1698621226\n|switch|p1a: Quagsire|Quagsire, F|100\/100\n|move|p2a: Corviknight|Roost|p2a: Corviknight\n|-heal|p2a: Corviknight|100\/100\n|-singleturn|p2a: Corviknight|move: Roost\n|\n|upkeep\n|turn|6\n|\n|t:|1698621233\n|move|p2a: Corviknight|U-turn|p1a: Quagsire\n|-damage|p1a: Quagsire|91\/100\n|\n|t:|1698621251\n|switch|p2a: Skeledirge|Skeledirge, M, shiny|100\/100|[from] U-turn\n|move|p1a: Quagsire|Curse|p1a: Quagsire\n|-unboost|p1a: Quagsire|spe|1\n|-boost|p1a: Quagsire|atk|1\n|-boost|p1a: Quagsire|def|1\n|\n|-heal|p1a: Quagsire|97\/100|[from] item: Leftovers\n|upkeep\n|turn|7\n|\n|t:|1698621262\n|-terastallize|p2a: Skeledirge|Fairy\n|move|p2a: Skeledirge|Will-O-Wisp|p1a: Quagsire\n|-status|p1a: Quagsire|brn\n|move|p1a: Quagsire|Waterfall|p2a: Skeledirge\n|-damage|p2a: Skeledirge|90\/100\n|\n|-heal|p2a: Skeledirge|96\/100|[from] item: Leftovers\n|-heal|p1a: Quagsire|100\/100 brn|[from] item: Leftovers\n|-damage|p1a: Quagsire|94\/100 brn|[from] brn\n|upkeep\n|turn|8\n|\n|t:|1698621284\n|switch|p2a: Breloom|Breloom, F|48\/100\n|switch|p1a: Diancie|Diancie|100\/100\n|\n|upkeep\n|turn|9\n|\n|t:|1698621294\n|-terastallize|p1a: Diancie|Steel\n|move|p2a: Breloom|Bullet Seed|p1a: Diancie\n|-resisted|p1a: Diancie\n|-damage|p1a: Diancie|93\/100\n|-resisted|p1a: Diancie\n|-damage|p1a: Diancie|86\/100\n|-resisted|p1a: Diancie\n|-damage|p1a: Diancie|78\/100\n|-resisted|p1a: Diancie\n|-damage|p1a: Diancie|70\/100\n|-hitcount|p1a: Diancie|4\n|move|p1a: Diancie|Diamond Storm|p2a: Breloom\n|-resisted|p2a: Breloom\n|-damage|p2a: Breloom|21\/100\n|-boost|p1a: Diancie|def|2\n|\n|upkeep\n|turn|10\n|\n|t:|1698621311\n|move|p2a: Breloom|Mach Punch|p1a: Diancie\n|-supereffective|p1a: Diancie\n|-damage|p1a: Diancie|47\/100\n|move|p1a: Diancie|Moonblast|p2a: Breloom\n|-supereffective|p2a: Breloom\n|-damage|p2a: Breloom|0 fnt\n|faint|p2a: Breloom\n|\n|upkeep\n|\n|t:|1698621322\n|switch|p2a: Skeledirge|Skeledirge, M, shiny, tera:Fairy|96\/100\n|turn|11\n|\n|t:|1698621327\n|move|p2a: Skeledirge|Torch Song|p1a: Diancie\n|-supereffective|p1a: Diancie\n|-damage|p1a: Diancie|22\/100\n|-boost|p2a: Skeledirge|spa|1\n|move|p1a: Diancie|Tera Blast|p2a: Skeledirge|[anim] Tera Blast Steel\n|-supereffective|p2a: Skeledirge\n|-damage|p2a: Skeledirge|47\/100\n|\n|-heal|p2a: Skeledirge|53\/100|[from] item: Leftovers\n|upkeep\n|turn|12\n|\n|t:|1698621335\n|move|p2a: Skeledirge|Torch Song|p1a: Diancie\n|-supereffective|p1a: Diancie\n|-damage|p1a: Diancie|0 fnt\n|-boost|p2a: Skeledirge|spa|1\n|faint|p1a: Diancie\n|\n|-heal|p2a: Skeledirge|59\/100|[from] item: Leftovers\n|upkeep\n|\n|t:|1698621342\n|switch|p1a: Ditto|Ditto|84\/100\n|-transform|p1a: Ditto|p2a: Skeledirge|[from] ability: Imposter\n|turn|13\n|\n|t:|1698621354\n|move|p1a: Ditto|Torch Song|p2a: Skeledirge\n|-damage|p2a: Skeledirge|37\/100\n|-boost|p1a: Ditto|spa|1\n|move|p2a: Skeledirge|Hex|p1a: Ditto\n|-supereffective|p1a: Ditto\n|-damage|p1a: Ditto|31\/100\n|\n|-heal|p2a: Skeledirge|44\/100|[from] item: Leftovers\n|upkeep\n|turn|14\n|\n|t:|1698621362\n|move|p1a: Ditto|Torch Song|p2a: Skeledirge\n|-damage|p2a: Skeledirge|22\/100\n|-boost|p1a: Ditto|spa|1\n|move|p2a: Skeledirge|Hex|p1a: Ditto\n|-supereffective|p1a: Ditto\n|-damage|p1a: Ditto|0 fnt\n|faint|p1a: Ditto\n|\n|-heal|p2a: Skeledirge|28\/100|[from] item: Leftovers\n|upkeep\n|\n|t:|1698621375\n|switch|p1a: Arcanine|Arcanine-Hisui, M|100\/100\n|turn|15\n|\n|t:|1698621379\n|move|p1a: Arcanine|Power Gem|p2a: Skeledirge\n|-damage|p2a: Skeledirge|3\/100\n|move|p2a: Skeledirge|Slack Off|p2a: Skeledirge\n|-heal|p2a: Skeledirge|53\/100\n|\n|-heal|p2a: Skeledirge|59\/100|[from] item: Leftovers\n|upkeep\n|turn|16\n|\n|t:|1698621386\n|switch|p1a: Quagsire|Quagsire, F|94\/100 brn\n|move|p2a: Skeledirge|Slack Off|p2a: Skeledirge\n|-heal|p2a: Skeledirge|100\/100\n|\n|-heal|p1a: Quagsire|100\/100 brn|[from] item: Leftovers\n|-damage|p1a: Quagsire|94\/100 brn|[from] brn\n|upkeep\n|turn|17\n|\n|t:|1698621393\n|move|p2a: Skeledirge|Hex|p1a: Quagsire\n|-damage|p1a: Quagsire|36\/100 brn\n|move|p1a: Quagsire|Curse|p1a: Quagsire\n|-unboost|p1a: Quagsire|spe|1\n|-boost|p1a: Quagsire|atk|1\n|-boost|p1a: Quagsire|def|1\n|\n|-heal|p1a: Quagsire|42\/100 brn|[from] item: Leftovers\n|-damage|p1a: Quagsire|36\/100 brn|[from] brn\n|upkeep\n|turn|18\n|\n|t:|1698621403\n|move|p2a: Skeledirge|Hex|p1a: Quagsire\n|-damage|p1a: Quagsire|0 fnt\n|faint|p1a: Quagsire\n|\n|upkeep\n|c|\u2606mvwnsd|3%\n|c|\u2606mvwnsd|you gotta be fucking kidding\n|\n|t:|1698621412\n|switch|p1a: Slowbro|Slowbro, F|100\/100 slp\n|turn|19\n|\n|t:|1698621419\n|move|p2a: Skeledirge|Hex|p1a: Slowbro\n|-supereffective|p1a: Slowbro\n|-damage|p1a: Slowbro|0 fnt\n|faint|p1a: Slowbro\n|\n|upkeep\n|\n|t:|1698621423\n|switch|p1a: Arcanine|Arcanine-Hisui, M|100\/100\n|turn|20\n|\n|t:|1698621429\n|move|p1a: Arcanine|Flamethrower|p2a: Skeledirge\n|-damage|p2a: Skeledirge|74\/100\n|move|p2a: Skeledirge|Hex|p1a: Arcanine\n|-damage|p1a: Arcanine|40\/100\n|\n|-heal|p2a: Skeledirge|80\/100|[from] item: Leftovers\n|upkeep\n|turn|21\n|\n|t:|1698621437\n|move|p1a: Arcanine|Flamethrower|p2a: Skeledirge\n|-damage|p2a: Skeledirge|51\/100\n|move|p2a: Skeledirge|Hex|p1a: Arcanine\n|-damage|p1a: Arcanine|0 fnt\n|faint|p1a: Arcanine\n|\n|win|a lil monster\n|l|\u2606mvwnsd\n|c|\u2606a lil monster|gg\n","uploadtime":1698621453,"views":16,"p1id":"mvwnsd","p2id":"alilmonster","formatid":"gen9anythinggoes","rating":0,"private":0,"password":""}