{"id":"gen9anythinggoes-1984132855","p1":"PrettyMan","p2":"Plozz","format":"[Gen 9] Anything Goes","log":"|j|\u2606PrettyMan\n|j|\u2606Plozz\n|t:|1699222098\n|gametype|singles\n|player|p1|PrettyMan|169|\n|player|p2|Plozz|palmer|\n|teamsize|p1|6\n|teamsize|p2|6\n|gen|9\n|tier|[Gen 9] Anything Goes\n|rule|HP Percentage Mod: HP is shown in percentages\n|rule|Endless Battle Clause: Forcing endless battles is banned\n|clearpoke\n|poke|p1|Dondozo, M|\n|poke|p1|Torkoal, M|\n|poke|p1|Slither Wing|\n|poke|p1|Sandy Shocks|\n|poke|p1|Tropius, F|\n|poke|p1|Masquerain, F|\n|poke|p2|Iron Moth|\n|poke|p2|Appletun, F|\n|poke|p2|Roaring Moon|\n|poke|p2|Mamoswine, F|\n|poke|p2|Corviknight, F|\n|poke|p2|Iron Valiant|\n|teampreview\n|\n|t:|1699222106\n|start\n|switch|p1a: Anakin|Sandy Shocks|100\/100\n|switch|p2a: Primigenius|Mamoswine, F|100\/100\n|turn|1\n|j| Fidget2000\n|j| blazing_leaf\n|\n|t:|1699222138\n|move|p2a: Primigenius|Earthquake|p1a: Anakin\n|-supereffective|p1a: Anakin\n|-damage|p1a: Anakin|14\/100\n|move|p1a: Anakin|Body Press|p2a: Primigenius\n|-supereffective|p2a: Primigenius\n|-damage|p2a: Primigenius|55\/100\n|\n|upkeep\n|turn|2\n|j| ejorange\n|\n|t:|1699222191\n|-end|p1a: Anakin|Protosynthesis|[silent]\n|switch|p1a: Nanners|Tropius, F|100\/100\n|move|p2a: Primigenius|Earthquake|p1a: Nanners\n|-immune|p1a: Nanners\n|\n|upkeep\n|turn|3\n|c| ejorange|Tropius sweep coming right up\n|\n|t:|1699222226\n|switch|p2a: Population I|Iron Moth|100\/100\n|-enditem|p2a: Population I|Booster Energy\n|-activate|p2a: Population I|ability: Quark Drive|[fromitem]\n|-start|p2a: Population I|quarkdrivespe\n|switch|p1a: The Great|Dondozo, M|100\/100\n|\n|upkeep\n|turn|4\n|\n|t:|1699222290\n|-end|p2a: Population I|Quark Drive|[silent]\n|switch|p2a: Ambrosia|Appletun, F|100\/100\n|switch|p1a: Anakin|Sandy Shocks|14\/100\n|\n|upkeep\n|turn|5\n|\n|t:|1699222312\n|move|p1a: Anakin|Volt Switch|p2a: Ambrosia\n|-resisted|p2a: Ambrosia\n|-damage|p2a: Ambrosia|96\/100\n|\n|t:|1699222317\n|-end|p1a: Anakin|Protosynthesis|[silent]\n|switch|p1a: Shucks|Masquerain, F|100\/100|[from] Volt Switch\n|-ability|p1a: Shucks|Intimidate|boost\n|-unboost|p2a: Ambrosia|atk|1\n|move|p2a: Ambrosia|Apple Acid|p1a: Shucks\n|-resisted|p1a: Shucks\n|-damage|p1a: Shucks|93\/100\n|-unboost|p1a: Shucks|spd|1\n|\n|-heal|p2a: Ambrosia|100\/100|[from] item: Leftovers\n|upkeep\n|turn|6\n|c| ejorange|Chunky 4%\n|\n|t:|1699222346\n|switch|p2a: Deflection|Corviknight, F|100\/100\n|-ability|p2a: Deflection|Pressure\n|move|p1a: Shucks|Sticky Web|p2a: Deflection\n|-sidestart|p2: Plozz|move: Sticky Web\n|\n|upkeep\n|turn|7\n|\n|t:|1699222358\n|-terastallize|p1a: Shucks|Rock\n|move|p1a: Shucks|Quiver Dance|p1a: Shucks\n|-boost|p1a: Shucks|spa|1\n|-boost|p1a: Shucks|spd|1\n|-boost|p1a: Shucks|spe|1\n|move|p2a: Deflection|Brave Bird|p1a: Shucks\n|-resisted|p1a: Shucks\n|-damage|p1a: Shucks|64\/100\n|-damage|p2a: Deflection|92\/100|[from] Recoil\n|\n|upkeep\n|turn|8\n|\n|t:|1699222382\n|move|p1a: Shucks|Quiver Dance|p1a: Shucks\n|-boost|p1a: Shucks|spa|1\n|-boost|p1a: Shucks|spd|1\n|-boost|p1a: Shucks|spe|1\n|move|p2a: Deflection|Defog|p1a: Shucks\n|-unboost|p1a: Shucks|evasion|1\n|-sideend|p2: Plozz|Sticky Web|[from] move: Defog|[of] p2a: Deflection\n|\n|upkeep\n|turn|9\n|\n|t:|1699222403\n|move|p1a: Shucks|Quiver Dance|p1a: Shucks\n|-boost|p1a: Shucks|spa|1\n|-boost|p1a: Shucks|spd|1\n|-boost|p1a: Shucks|spe|1\n|move|p2a: Deflection|U-turn|p1a: Shucks\n|-damage|p1a: Shucks|44\/100\n|\n|t:|1699222497\n|switch|p2a: Primigenius|Mamoswine, F|55\/100|[from] U-turn\n|\n|upkeep\n|turn|10\n|c| ejorange|Bullet punch\n|c| ejorange|It\u2019s actually a Scizor\n|\n|t:|1699222542\n|move|p2a: Primigenius|Ice Shard|p1a: Shucks\n|-damage|p1a: Shucks|13\/100\n|move|p1a: Shucks|Giga Drain|p2a: Primigenius\n|-supereffective|p2a: Primigenius\n|-damage|p2a: Primigenius|0 fnt\n|-heal|p1a: Shucks|41\/100|[from] drain|[of] p2a: Primigenius\n|faint|p2a: Primigenius\n|\n|upkeep\n|\n|t:|1699222560\n|switch|p2a: Deflection|Corviknight, F|92\/100\n|-ability|p2a: Deflection|Pressure\n|turn|11\n|\n|t:|1699222602\n|move|p1a: Shucks|Tera Blast|p2a: Deflection|[anim] Tera Blast Rock\n|-damage|p2a: Deflection|24\/100\n|move|p2a: Deflection|Brave Bird|p1a: Shucks\n|-resisted|p1a: Shucks\n|-damage|p1a: Shucks|13\/100\n|-damage|p2a: Deflection|16\/100|[from] Recoil\n|\n|upkeep\n|turn|12\n|c| ejorange|I will say I was not expecting giga drain\n|\n|t:|1699222661\n|move|p1a: Shucks|Tera Blast|p2a: Deflection|[anim] Tera Blast Rock\n|-damage|p2a: Deflection|0 fnt\n|faint|p2a: Deflection\n|\n|upkeep\n|\n|t:|1699222665\n|switch|p2a: Ambrosia|Appletun, F|100\/100\n|turn|13\n|\n|t:|1699222692\n|move|p1a: Shucks|Sticky Web|p2a: Ambrosia\n|-sidestart|p2: Plozz|move: Sticky Web\n|move|p2a: Ambrosia|Apple Acid|p1a: Shucks\n|-supereffective|p1a: Shucks\n|-crit|p1a: Shucks\n|-damage|p1a: Shucks|0 fnt\n|faint|p1a: Shucks\n|\n|upkeep\n|c| ejorange|Crit mattered\n|c| ejorange|Any time miles\n|\n|t:|1699222721\n|switch|p1a: Toulpe|Torkoal, M|100\/100\n|-weather|SunnyDay|[from] ability: Drought|[of] p1a: Toulpe\n|turn|14\n|\n|t:|1699222725\n|move|p2a: Ambrosia|Leech Seed|p1a: Toulpe\n|-start|p1a: Toulpe|move: Leech Seed\n|move|p1a: Toulpe|Stealth Rock|p2a: Ambrosia\n|-sidestart|p2: Plozz|move: Stealth Rock\n|\n|-weather|SunnyDay|[upkeep]\n|-damage|p1a: Toulpe|88\/100|[from] Leech Seed|[of] p2a: Ambrosia\n|upkeep\n|turn|15\n|\n|t:|1699222734\n|switch|p1a: Sir Wing|Slither Wing|100\/100\n|-activate|p1a: Sir Wing|ability: Protosynthesis\n|-start|p1a: Sir Wing|protosynthesisatk\n|move|p2a: Ambrosia|Apple Acid|p1a: Sir Wing\n|-resisted|p1a: Sir Wing\n|-damage|p1a: Sir Wing|87\/100\n|-unboost|p1a: Sir Wing|spd|1\n|\n|-weather|SunnyDay|[upkeep]\n|-heal|p1a: Sir Wing|93\/100|[from] item: Leftovers\n|upkeep\n|turn|16\n|\n|t:|1699222754\n|switch|p2a: Population I|Iron Moth|100\/100\n|-activate|p2a: Population I|move: Sticky Web\n|-unboost|p2a: Population I|spe|1\n|-damage|p2a: Population I|76\/100|[from] Stealth Rock\n|move|p1a: Sir Wing|Close Combat|p2a: Population I\n|-resisted|p2a: Population I\n|-damage|p2a: Population I|12\/100\n|-unboost|p1a: Sir Wing|def|1\n|-unboost|p1a: Sir Wing|spd|1\n|\n|-weather|SunnyDay|[upkeep]\n|-heal|p1a: Sir Wing|99\/100|[from] item: Leftovers\n|upkeep\n|turn|17\n|\n|t:|1699222776\n|move|p1a: Sir Wing|Close Combat|p2a: Population I\n|-resisted|p2a: Population I\n|-damage|p2a: Population I|0 fnt\n|-unboost|p1a: Sir Wing|def|1\n|-unboost|p1a: Sir Wing|spd|1\n|faint|p2a: Population I\n|-end|p2a: Population I|Quark Drive|[silent]\n|\n|-weather|SunnyDay|[upkeep]\n|-heal|p1a: Sir Wing|100\/100|[from] item: Leftovers\n|upkeep\n|\n|t:|1699222809\n|switch|p2a: Apollo|Roaring Moon|100\/100\n|-activate|p2a: Apollo|move: Sticky Web\n|-unboost|p2a: Apollo|spe|1\n|-damage|p2a: Apollo|88\/100|[from] Stealth Rock\n|-activate|p2a: Apollo|ability: Protosynthesis\n|-start|p2a: Apollo|protosynthesisatk\n|turn|18\n|c| ejorange|Yeah that sounds like not what you meant to do rip\n|\n|t:|1699222894\n|-end|p2a: Apollo|Protosynthesis|[silent]\n|switch|p2a: Superluminal|Iron Valiant|100\/100\n|-activate|p2a: Superluminal|move: Sticky Web\n|-unboost|p2a: Superluminal|spe|1\n|-damage|p2a: Superluminal|94\/100|[from] Stealth Rock\n|move|p1a: Sir Wing|Close Combat|p2a: Superluminal\n|-resisted|p2a: Superluminal\n|-damage|p2a: Superluminal|44\/100\n|-unboost|p1a: Sir Wing|def|1\n|-unboost|p1a: Sir Wing|spd|1\n|\n|-weather|none\n|-end|p1a: Sir Wing|Protosynthesis\n|upkeep\n|turn|19\n|\n|t:|1699222916\n|move|p2a: Superluminal|Moonblast|p1a: Sir Wing\n|-supereffective|p1a: Sir Wing\n|-damage|p1a: Sir Wing|0 fnt\n|faint|p1a: Sir Wing\n|-end|p1a: Sir Wing|Protosynthesis|[silent]\n|\n|upkeep\n|\n|t:|1699222950\n|switch|p1a: Toulpe|Torkoal, M|88\/100\n|-weather|SunnyDay|[from] ability: Drought|[of] p1a: Toulpe\n|turn|20\n|c| ejorange|The damage is in the stealth rocks only\n|\n|t:|1699222968\n|-end|p2a: Superluminal|Quark Drive|[silent]\n|switch|p2a: Ambrosia|Appletun, F|100\/100\n|-activate|p2a: Ambrosia|move: Sticky Web\n|-unboost|p2a: Ambrosia|spe|1\n|-damage|p2a: Ambrosia|88\/100|[from] Stealth Rock\n|move|p1a: Toulpe|Clear Smog|p2a: Ambrosia\n|-supereffective|p2a: Ambrosia\n|-damage|p2a: Ambrosia|74\/100\n|-clearboost|p2a: Ambrosia\n|\n|-weather|SunnyDay|[upkeep]\n|-heal|p2a: Ambrosia|80\/100|[from] item: Leftovers\n|upkeep\n|turn|21\n|\n|t:|1699222987\n|switch|p1a: Nanners|Tropius, F|100\/100\n|move|p2a: Ambrosia|Leech Seed|p1a: Nanners\n|-immune|p1a: Nanners\n|\n|-weather|SunnyDay|[upkeep]\n|-heal|p2a: Ambrosia|87\/100|[from] item: Leftovers\n|upkeep\n|turn|22\n|\n|t:|1699222993\n|move|p1a: Nanners|Air Slash|p2a: Ambrosia\n|-supereffective|p2a: Ambrosia\n|-damage|p2a: Ambrosia|58\/100\n|move|p2a: Ambrosia|Apple Acid|p1a: Nanners\n|-resisted|p1a: Nanners\n|-damage|p1a: Nanners|94\/100\n|-unboost|p1a: Nanners|spd|1\n|\n|-weather|SunnyDay|[upkeep]\n|-heal|p2a: Ambrosia|64\/100|[from] item: Leftovers\n|upkeep\n|turn|23\n|\n|t:|1699223011\n|move|p1a: Nanners|Air Slash|p2a: Ambrosia\n|-supereffective|p2a: Ambrosia\n|-damage|p2a: Ambrosia|36\/100\n|move|p2a: Ambrosia|Recover|p2a: Ambrosia\n|-heal|p2a: Ambrosia|86\/100\n|\n|-weather|SunnyDay|[upkeep]\n|-heal|p2a: Ambrosia|92\/100|[from] item: Leftovers\n|upkeep\n|turn|24\n|\n|t:|1699223017\n|move|p2a: Ambrosia|Dragon Pulse|p1a: Nanners\n|-damage|p1a: Nanners|52\/100\n|move|p1a: Nanners|U-turn|p2a: Ambrosia\n|-supereffective|p2a: Ambrosia\n|-damage|p2a: Ambrosia|70\/100\n|\n|t:|1699223028\n|switch|p1a: Anakin|Sandy Shocks|14\/100|[from] U-turn\n|-activate|p1a: Anakin|ability: Protosynthesis\n|-start|p1a: Anakin|protosynthesisspe\n|\n|-weather|none\n|-end|p1a: Anakin|Protosynthesis\n|-heal|p2a: Ambrosia|76\/100|[from] item: Leftovers\n|upkeep\n|turn|25\n|\n|t:|1699223037\n|move|p1a: Anakin|Volt Switch|p2a: Ambrosia\n|-resisted|p2a: Ambrosia\n|-damage|p2a: Ambrosia|72\/100\n|\n|t:|1699223058\n|-end|p1a: Anakin|Protosynthesis|[silent]\n|switch|p1a: Nanners|Tropius, F|52\/100|[from] Volt Switch\n|move|p2a: Ambrosia|Apple Acid|p1a: Nanners\n|-resisted|p1a: Nanners\n|-damage|p1a: Nanners|45\/100\n|-unboost|p1a: Nanners|spd|1\n|-enditem|p1a: Nanners|Sitrus Berry|[eat]\n|-heal|p1a: Nanners|70\/100|[from] item: Sitrus Berry\n|\n|-heal|p2a: Ambrosia|78\/100|[from] item: Leftovers\n|upkeep\n|turn|26\n|c| ejorange|Lol\n|\n|t:|1699223077\n|move|p1a: Nanners|U-turn|p2a: Ambrosia\n|-supereffective|p2a: Ambrosia\n|-damage|p2a: Ambrosia|56\/100\n|\n|t:|1699223080\n|switch|p1a: Toulpe|Torkoal, M|88\/100|[from] U-turn\n|-weather|SunnyDay|[from] ability: Drought|[of] p1a: Toulpe\n|move|p2a: Ambrosia|Dragon Pulse|p1a: Toulpe\n|-damage|p1a: Toulpe|49\/100\n|\n|-weather|SunnyDay|[upkeep]\n|-heal|p2a: Ambrosia|63\/100|[from] item: Leftovers\n|upkeep\n|turn|27\n|\n|t:|1699223099\n|move|p2a: Ambrosia|Recover|p2a: Ambrosia\n|-heal|p2a: Ambrosia|100\/100\n|move|p1a: Toulpe|Body Press|p2a: Ambrosia\n|-damage|p2a: Ambrosia|67\/100\n|\n|-weather|SunnyDay|[upkeep]\n|-heal|p2a: Ambrosia|73\/100|[from] item: Leftovers\n|upkeep\n|turn|28\n|\n|t:|1699223110\n|switch|p1a: Nanners|Tropius, F|70\/100\n|move|p2a: Ambrosia|Dragon Pulse|p1a: Nanners\n|-damage|p1a: Nanners|44\/100\n|\n|-weather|SunnyDay|[upkeep]\n|-heal|p2a: Ambrosia|80\/100|[from] item: Leftovers\n|-item|p1a: Nanners|Sitrus Berry|[from] ability: Harvest\n|upkeep\n|-enditem|p1a: Nanners|Sitrus Berry|[eat]\n|-heal|p1a: Nanners|69\/100|[from] item: Sitrus Berry\n|turn|29\n|\n|t:|1699223123\n|move|p1a: Nanners|Air Slash|p2a: Ambrosia\n|-supereffective|p2a: Ambrosia\n|-damage|p2a: Ambrosia|51\/100\n|move|p2a: Ambrosia|Apple Acid|p1a: Nanners\n|-resisted|p1a: Nanners\n|-damage|p1a: Nanners|62\/100\n|-unboost|p1a: Nanners|spd|1\n|\n|-weather|SunnyDay|[upkeep]\n|-heal|p2a: Ambrosia|57\/100|[from] item: Leftovers\n|-item|p1a: Nanners|Sitrus Berry|[from] ability: Harvest\n|upkeep\n|turn|30\n|\n|t:|1699223130\n|move|p2a: Ambrosia|Recover|p2a: Ambrosia\n|-heal|p2a: Ambrosia|100\/100\n|move|p1a: Nanners|Air Slash|p2a: Ambrosia|[miss]\n|-miss|p1a: Nanners|p2a: Ambrosia\n|\n|-weather|none\n|upkeep\n|turn|31\n|c| ejorange|He does have sun\n|\n|t:|1699223137\n|move|p1a: Nanners|U-turn|p2a: Ambrosia\n|-supereffective|p2a: Ambrosia\n|-damage|p2a: Ambrosia|78\/100\n|\n|t:|1699223145\n|switch|p1a: Toulpe|Torkoal, M|49\/100|[from] U-turn\n|-weather|SunnyDay|[from] ability: Drought|[of] p1a: Toulpe\n|move|p2a: Ambrosia|Dragon Pulse|p1a: Toulpe\n|-damage|p1a: Toulpe|12\/100\n|\n|-weather|SunnyDay|[upkeep]\n|-heal|p2a: Ambrosia|84\/100|[from] item: Leftovers\n|upkeep\n|turn|32\n|c| ejorange|Ah you beat me to it\n|\n|t:|1699223183\n|switch|p1a: Nanners|Tropius, F|62\/100\n|move|p2a: Ambrosia|Dragon Pulse|p1a: Nanners\n|-damage|p1a: Nanners|34\/100\n|-enditem|p1a: Nanners|Sitrus Berry|[eat]\n|-heal|p1a: Nanners|59\/100|[from] item: Sitrus Berry\n|\n|-weather|SunnyDay|[upkeep]\n|-heal|p2a: Ambrosia|90\/100|[from] item: Leftovers\n|-item|p1a: Nanners|Sitrus Berry|[from] ability: Harvest\n|upkeep\n|turn|33\n|\n|t:|1699223194\n|move|p2a: Ambrosia|Apple Acid|p1a: Nanners\n|-resisted|p1a: Nanners\n|-damage|p1a: Nanners|53\/100\n|-unboost|p1a: Nanners|spd|1\n|move|p1a: Nanners|Air Slash|p2a: Ambrosia\n|-supereffective|p2a: Ambrosia\n|-damage|p2a: Ambrosia|61\/100\n|\n|-weather|SunnyDay|[upkeep]\n|-heal|p2a: Ambrosia|67\/100|[from] item: Leftovers\n|upkeep\n|turn|34\n|\n|t:|1699223228\n|move|p2a: Ambrosia|Dragon Pulse|p1a: Nanners\n|-damage|p1a: Nanners|13\/100\n|-enditem|p1a: Nanners|Sitrus Berry|[eat]\n|-heal|p1a: Nanners|38\/100|[from] item: Sitrus Berry\n|move|p1a: Nanners|U-turn|p2a: Ambrosia\n|-supereffective|p2a: Ambrosia\n|-damage|p2a: Ambrosia|44\/100\n|\n|t:|1699223243\n|switch|p1a: Toulpe|Torkoal, M|12\/100|[from] U-turn\n|\n|-weather|SunnyDay|[upkeep]\n|-heal|p2a: Ambrosia|50\/100|[from] item: Leftovers\n|upkeep\n|turn|35\n|\n|t:|1699223247\n|switch|p1a: Nanners|Tropius, F|38\/100\n|move|p2a: Ambrosia|Recover|p2a: Ambrosia\n|-heal|p2a: Ambrosia|100\/100\n|\n|-weather|none\n|-item|p1a: Nanners|Sitrus Berry|[from] ability: Harvest\n|upkeep\n|-enditem|p1a: Nanners|Sitrus Berry|[eat]\n|-heal|p1a: Nanners|63\/100|[from] item: Sitrus Berry\n|turn|36\n|c|\u2606Plozz|!dt harvest\n|raw|<ul class=\"utilichart\"><li class=\"result\"><span class=\"col namecol\"><a href=\"https:\/\/dex.pokemonshowdown.com\/abilities\/harvest\">Harvest<\/a><\/span> <span class=\"col abilitydesccol\">If last item used is a Berry, 50% chance to restore it each end of turn. 100% in Sun.<\/span> <\/li><li style=\"clear:both\"><\/li><\/ul>\n|raw|<font size=\"1\"><font color=\"#686868\">Gen:<\/font> 5<\/font>\n\n|\n|t:|1699223284\n|move|p2a: Ambrosia|Apple Acid|p1a: Nanners\n|-resisted|p1a: Nanners\n|-damage|p1a: Nanners|56\/100\n|-unboost|p1a: Nanners|spd|1\n|move|p1a: Nanners|Air Slash|p2a: Ambrosia|[miss]\n|-miss|p1a: Nanners|p2a: Ambrosia\n|\n|upkeep\n|turn|37\n|c| ejorange|New game idea, sort of like sucker punch mind games: Harvest RNG simulator\n|c| ejorange|Yeah no gust\n|\n|t:|1699223328\n|switch|p1a: Toulpe|Torkoal, M|12\/100\n|-weather|SunnyDay|[from] ability: Drought|[of] p1a: Toulpe\n|move|p2a: Ambrosia|Dragon Pulse|p1a: Toulpe\n|-damage|p1a: Toulpe|0 fnt\n|faint|p1a: Toulpe\n|\n|-weather|SunnyDay|[upkeep]\n|upkeep\n|\n|t:|1699223330\n|switch|p1a: Nanners|Tropius, F|56\/100\n|turn|38\n|\n|t:|1699223338\n|move|p1a: Nanners|Tailwind|p1a: Nanners\n|-sidestart|p1: PrettyMan|move: Tailwind\n|move|p2a: Ambrosia|Apple Acid|p1a: Nanners\n|-resisted|p1a: Nanners\n|-damage|p1a: Nanners|50\/100\n|-unboost|p1a: Nanners|spd|1\n|\n|-weather|SunnyDay|[upkeep]\n|-item|p1a: Nanners|Sitrus Berry|[from] ability: Harvest\n|upkeep\n|-enditem|p1a: Nanners|Sitrus Berry|[eat]\n|-heal|p1a: Nanners|75\/100|[from] item: Sitrus Berry\n|turn|39\n|\n|t:|1699223347\n|move|p1a: Nanners|Air Slash|p2a: Ambrosia\n|-supereffective|p2a: Ambrosia\n|-damage|p2a: Ambrosia|73\/100\n|move|p2a: Ambrosia|Apple Acid|p1a: Nanners\n|-resisted|p1a: Nanners\n|-damage|p1a: Nanners|64\/100\n|-unboost|p1a: Nanners|spd|1\n|\n|-weather|SunnyDay|[upkeep]\n|-heal|p2a: Ambrosia|79\/100|[from] item: Leftovers\n|-item|p1a: Nanners|Sitrus Berry|[from] ability: Harvest\n|upkeep\n|turn|40\n|\n|t:|1699223360\n|move|p1a: Nanners|Air Slash|p2a: Ambrosia\n|-supereffective|p2a: Ambrosia\n|-damage|p2a: Ambrosia|50\/100\n|cant|p2a: Ambrosia|flinch\n|\n|-weather|SunnyDay|[upkeep]\n|-heal|p2a: Ambrosia|57\/100|[from] item: Leftovers\n|upkeep\n|turn|41\n|\n|t:|1699223367\n|move|p1a: Nanners|Air Slash|p2a: Ambrosia\n|-supereffective|p2a: Ambrosia\n|-damage|p2a: Ambrosia|31\/100\n|move|p2a: Ambrosia|Recover|p2a: Ambrosia\n|-heal|p2a: Ambrosia|81\/100\n|\n|-weather|none\n|-heal|p2a: Ambrosia|87\/100|[from] item: Leftovers\n|-sideend|p1: PrettyMan|move: Tailwind\n|upkeep\n|turn|42\n|\n|t:|1699223374\n|move|p2a: Ambrosia|Dragon Pulse|p1a: Nanners\n|-damage|p1a: Nanners|4\/100\n|-enditem|p1a: Nanners|Sitrus Berry|[eat]\n|-heal|p1a: Nanners|29\/100|[from] item: Sitrus Berry\n|move|p1a: Nanners|Air Slash|p2a: Ambrosia\n|-supereffective|p2a: Ambrosia\n|-damage|p2a: Ambrosia|60\/100\n|\n|-heal|p2a: Ambrosia|67\/100|[from] item: Leftovers\n|-item|p1a: Nanners|Sitrus Berry|[from] ability: Harvest\n|upkeep\n|-enditem|p1a: Nanners|Sitrus Berry|[eat]\n|-heal|p1a: Nanners|53\/100|[from] item: Sitrus Berry\n|turn|43\n|\n|t:|1699223386\n|switch|p1a: Anakin|Sandy Shocks|14\/100\n|move|p2a: Ambrosia|Dragon Pulse|p1a: Anakin\n|-damage|p1a: Anakin|0 fnt\n|faint|p1a: Anakin\n|-end|p1a: Anakin|Protosynthesis|[silent]\n|\n|-heal|p2a: Ambrosia|73\/100|[from] item: Leftovers\n|upkeep\n|\n|t:|1699223390\n|switch|p1a: Nanners|Tropius, F|53\/100\n|turn|44\n|\n|t:|1699223398\n|move|p1a: Nanners|Tailwind|p1a: Nanners\n|-sidestart|p1: PrettyMan|move: Tailwind\n|move|p2a: Ambrosia|Apple Acid|p1a: Nanners\n|-resisted|p1a: Nanners\n|-damage|p1a: Nanners|47\/100\n|-unboost|p1a: Nanners|spd|1\n|\n|-heal|p2a: Ambrosia|79\/100|[from] item: Leftovers\n|-item|p1a: Nanners|Sitrus Berry|[from] ability: Harvest\n|upkeep\n|-enditem|p1a: Nanners|Sitrus Berry|[eat]\n|-heal|p1a: Nanners|71\/100|[from] item: Sitrus Berry\n|turn|45\n|\n|t:|1699223411\n|move|p1a: Nanners|Air Slash|p2a: Ambrosia\n|-supereffective|p2a: Ambrosia\n|-crit|p2a: Ambrosia\n|-damage|p2a: Ambrosia|38\/100\n|move|p2a: Ambrosia|Dragon Pulse|p1a: Nanners\n|-damage|p1a: Nanners|26\/100\n|\n|-heal|p2a: Ambrosia|44\/100|[from] item: Leftovers\n|upkeep\n|turn|46\n|\n|t:|1699223422\n|move|p1a: Nanners|Air Slash|p2a: Ambrosia\n|-supereffective|p2a: Ambrosia\n|-damage|p2a: Ambrosia|14\/100\n|move|p2a: Ambrosia|Dragon Pulse|p1a: Nanners\n|-damage|p1a: Nanners|0 fnt\n|faint|p1a: Nanners\n|\n|-heal|p2a: Ambrosia|20\/100|[from] item: Leftovers\n|upkeep\n|\n|t:|1699223430\n|switch|p1a: The Great|Dondozo, M|100\/100\n|turn|47\n|\n|t:|1699223435\n|move|p1a: The Great|Body Press|p2a: Ambrosia\n|-damage|p2a: Ambrosia|0 fnt\n|faint|p2a: Ambrosia\n|\n|-sideend|p1: PrettyMan|move: Tailwind\n|upkeep\n|c| ejorange|Gottem\n|c| Fidget2000|the greeeeeed\n|\n|t:|1699223460\n|switch|p2a: Apollo|Roaring Moon|88\/100\n|-activate|p2a: Apollo|move: Sticky Web\n|-unboost|p2a: Apollo|spe|1\n|-damage|p2a: Apollo|76\/100|[from] Stealth Rock\n|turn|48\n|\n|t:|1699223477\n|move|p2a: Apollo|Knock Off|p1a: The Great\n|-damage|p1a: The Great|64\/100\n|-enditem|p1a: The Great|Leftovers|[from] move: Knock Off|[of] p2a: Apollo\n|move|p1a: The Great|Body Press|p2a: Apollo\n|-supereffective|p2a: Apollo\n|-damage|p2a: Apollo|1\/100\n|\n|upkeep\n|turn|49\n|\n|t:|1699223486\n|move|p2a: Apollo|Knock Off|p1a: The Great\n|-damage|p1a: The Great|39\/100\n|move|p1a: The Great|Rest|p1a: The Great\n|-status|p1a: The Great|slp|[from] move: Rest\n|-heal|p1a: The Great|100\/100 slp|[silent]\n|\n|upkeep\n|turn|50\n|\n|t:|1699223491\n|move|p2a: Apollo|Knock Off|p1a: The Great\n|-damage|p1a: The Great|76\/100 slp\n|cant|p1a: The Great|slp\n|move|p1a: The Great|Sleep Talk|p1a: The Great\n|move|p1a: The Great|Body Press|p2a: Apollo|[from]move: Sleep Talk\n|-supereffective|p2a: Apollo\n|-damage|p2a: Apollo|0 fnt\n|faint|p2a: Apollo\n|-end|p2a: Apollo|Protosynthesis|[silent]\n|\n|upkeep\n|\n|t:|1699223498\n|switch|p2a: Superluminal|Iron Valiant|44\/100\n|-activate|p2a: Superluminal|move: Sticky Web\n|-unboost|p2a: Superluminal|spe|1\n|-damage|p2a: Superluminal|38\/100|[from] Stealth Rock\n|turn|51\n|\n|t:|1699223506\n|move|p2a: Superluminal|Trick|p1a: The Great\n|-activate|p2a: Superluminal|move: Trick|[of] p1a: The Great\n|-item|p1a: The Great|Choice Scarf|[from] move: Trick\n|-enditem|p2a: Superluminal|Choice Scarf|[silent]|[from] move: Trick\n|cant|p1a: The Great|slp\n|move|p1a: The Great|Sleep Talk|p1a: The Great\n|move|p1a: The Great|Liquidation|p2a: Superluminal|[from]move: Sleep Talk\n|-damage|p2a: Superluminal|0 fnt\n|faint|p2a: Superluminal\n|-end|p2a: Superluminal|Quark Drive|[silent]\n|\n|win|PrettyMan\n|c| Fidget2000|noooooooooo\n|c| Fidget2000|so close\n|c| ejorange|DAMN!\n|c| ejorange|CLOSE GAME!\n","uploadtime":1699223535,"views":13,"p1id":"prettyman","p2id":"plozz","formatid":"gen9anythinggoes","rating":0,"private":0,"password":""}