{"id":"gen9anythinggoes-1988966057","p1":"CapnTophat","p2":"ImATrollAtThisGame","format":"[Gen 9] Anything Goes","log":"|j|\u2606CapnTophat\n|j|\u2606ImATrollAtThisGame\n|t:|1699795730\n|gametype|singles\n|player|p1|CapnTophat|wallace|1341\n|player|p2|ImATrollAtThisGame|clown|1302\n|teamsize|p1|6\n|teamsize|p2|6\n|gen|9\n|tier|[Gen 9] Anything Goes\n|rated|\n|rule|HP Percentage Mod: HP is shown in percentages\n|rule|Endless Battle Clause: Forcing endless battles is banned\n|clearpoke\n|poke|p1|Annihilape, F|\n|poke|p1|Annihilape, M|\n|poke|p1|Annihilape, F|\n|poke|p1|Annihilape, M|\n|poke|p1|Annihilape, M|\n|poke|p1|Annihilape, M|\n|poke|p2|Donphan, L1, F|\n|poke|p2|Sneasler, F|\n|poke|p2|Hawlucha, F|\n|poke|p2|Arceus-Ghost|\n|poke|p2|Hatterene, F|\n|poke|p2|Gliscor, M|\n|teampreview\n|inactive|Battle timer is ON: inactive players will automatically lose when time's up. (requested by CapnTophat)\n|inactive|ImATrollAtThisGame also wants the timer to be on.\n|\n|t:|1699795744\n|start\n|switch|p1a: Annihilape|Annihilape, F|100\/100\n|switch|p2a: Hatterene|Hatterene, F|100\/100\n|turn|1\n|\n|t:|1699795748\n|move|p1a: Annihilape|Final Gambit|p2a: Hatterene\n|-damage|p2a: Hatterene|0 fnt\n|faint|p1a: Annihilape\n|faint|p2a: Hatterene\n|\n|upkeep\n|\n|t:|1699795756\n|switch|p1a: Annihilape|Annihilape, M|100\/100\n|switch|p2a: Gliscor|Gliscor, M|100\/100\n|turn|2\n|\n|t:|1699795759\n|move|p2a: Gliscor|Substitute|p2a: Gliscor\n|-start|p2a: Gliscor|Substitute\n|-damage|p2a: Gliscor|76\/100\n|move|p1a: Annihilape|Ice Punch|p2a: Gliscor\n|-supereffective|p2a: Gliscor\n|-end|p2a: Gliscor|Substitute\n|\n|-status|p2a: Gliscor|tox|[from] item: Toxic Orb\n|upkeep\n|turn|3\n|\n|t:|1699795767\n|-terastallize|p2a: Gliscor|Normal\n|move|p2a: Gliscor|Substitute|p2a: Gliscor\n|-start|p2a: Gliscor|Substitute\n|-damage|p2a: Gliscor|51\/100 tox\n|move|p1a: Annihilape|Ice Punch|p2a: Gliscor\n|-crit|p2a: Gliscor\n|-end|p2a: Gliscor|Substitute\n|\n|-heal|p2a: Gliscor|63\/100 tox|[from] ability: Poison Heal\n|upkeep\n|turn|4\n|\n|t:|1699795774\n|move|p2a: Gliscor|Protect|p2a: Gliscor\n|-singleturn|p2a: Gliscor|Protect\n|move|p1a: Annihilape|Ice Punch|p2a: Gliscor\n|-activate|p2a: Gliscor|move: Protect\n|\n|-heal|p2a: Gliscor|76\/100 tox|[from] ability: Poison Heal\n|upkeep\n|turn|5\n|\n|t:|1699795779\n|move|p2a: Gliscor|Substitute|p2a: Gliscor\n|-start|p2a: Gliscor|Substitute\n|-damage|p2a: Gliscor|51\/100 tox\n|move|p1a: Annihilape|Ice Punch|p2a: Gliscor\n|-end|p2a: Gliscor|Substitute\n|\n|-heal|p2a: Gliscor|63\/100 tox|[from] ability: Poison Heal\n|upkeep\n|turn|6\n|\n|t:|1699795784\n|move|p2a: Gliscor|Toxic|p1a: Annihilape\n|-status|p1a: Annihilape|tox\n|move|p1a: Annihilape|Ice Punch|p2a: Gliscor\n|-damage|p2a: Gliscor|35\/100 tox\n|\n|-heal|p2a: Gliscor|47\/100 tox|[from] ability: Poison Heal\n|-damage|p1a: Annihilape|94\/100 tox|[from] psn\n|upkeep\n|turn|7\n|\n|t:|1699795798\n|switch|p1a: Annihilape|Annihilape, F|100\/100\n|move|p2a: Gliscor|Protect||[still]\n|-fail|p2a: Gliscor\n|\n|-heal|p2a: Gliscor|60\/100 tox|[from] ability: Poison Heal\n|upkeep\n|turn|8\n|\n|t:|1699795806\n|move|p2a: Gliscor|Protect|p2a: Gliscor\n|-singleturn|p2a: Gliscor|Protect\n|move|p1a: Annihilape|Focus Blast|p2a: Gliscor\n|-activate|p2a: Gliscor|move: Protect\n|\n|-heal|p2a: Gliscor|72\/100 tox|[from] ability: Poison Heal\n|upkeep\n|turn|9\n|\n|t:|1699795811\n|move|p2a: Gliscor|Substitute|p2a: Gliscor\n|-start|p2a: Gliscor|Substitute\n|-damage|p2a: Gliscor|47\/100 tox\n|move|p1a: Annihilape|Focus Blast|p2a: Gliscor\n|-supereffective|p2a: Gliscor\n|-end|p2a: Gliscor|Substitute\n|\n|-heal|p2a: Gliscor|60\/100 tox|[from] ability: Poison Heal\n|upkeep\n|turn|10\n|\n|t:|1699795821\n|switch|p1a: Annihilape|Annihilape, M|100\/100\n|move|p2a: Gliscor|Substitute|p2a: Gliscor\n|-start|p2a: Gliscor|Substitute\n|-damage|p2a: Gliscor|35\/100 tox\n|\n|-heal|p2a: Gliscor|47\/100 tox|[from] ability: Poison Heal\n|upkeep\n|turn|11\n|\n|t:|1699795824\n|move|p2a: Gliscor|Toxic|p1a: Annihilape\n|-status|p1a: Annihilape|tox\n|move|p1a: Annihilape|Taunt|p2a: Gliscor\n|-start|p2a: Gliscor|move: Taunt\n|\n|-heal|p2a: Gliscor|60\/100 tox|[from] ability: Poison Heal\n|-damage|p1a: Annihilape|94\/100 tox|[from] psn\n|upkeep\n|turn|12\n|\n|t:|1699795837\n|switch|p2a: Arceus|Arceus-Ghost|100\/100\n|move|p1a: Annihilape|Rage Fist|p2a: Arceus\n|-supereffective|p2a: Arceus\n|-damage|p2a: Arceus|74\/100\n|\n|-heal|p1a: Annihilape|100\/100 tox|[from] item: Leftovers\n|-damage|p1a: Annihilape|88\/100 tox|[from] psn\n|upkeep\n|turn|13\n|\n|t:|1699795843\n|move|p2a: Arceus|Judgment|p1a: Annihilape\n|-supereffective|p1a: Annihilape\n|-damage|p1a: Annihilape|0 fnt\n|faint|p1a: Annihilape\n|\n|upkeep\n|\n|t:|1699795856\n|switch|p1a: Annihilape|Annihilape, M|94\/100 tox\n|turn|14\n|\n|t:|1699795860\n|-terastallize|p1a: Annihilape|Dark\n|move|p1a: Annihilape|Night Slash|p2a: Arceus\n|-supereffective|p2a: Arceus\n|-damage|p2a: Arceus|1\/100\n|move|p2a: Arceus|Judgment|p1a: Annihilape\n|-resisted|p1a: Annihilape\n|-damage|p1a: Annihilape|58\/100 tox\n|\n|-damage|p1a: Annihilape|52\/100 tox|[from] psn\n|upkeep\n|turn|15\n|\n|t:|1699795865\n|move|p1a: Annihilape|Night Slash|p2a: Arceus\n|-supereffective|p2a: Arceus\n|-damage|p2a: Arceus|0 fnt\n|faint|p2a: Arceus\n|\n|-damage|p1a: Annihilape|40\/100 tox|[from] psn\n|upkeep\n|\n|t:|1699795868\n|switch|p2a: Gliscor|Gliscor, M, tera:Normal|60\/100 tox\n|turn|16\n|\n|t:|1699795871\n|switch|p1a: Annihilape|Annihilape, M|100\/100\n|move|p2a: Gliscor|Protect||[still]\n|-fail|p2a: Gliscor\n|\n|-heal|p2a: Gliscor|72\/100 tox|[from] ability: Poison Heal\n|upkeep\n|turn|17\n|\n|t:|1699795874\n|move|p1a: Annihilape|Close Combat|p2a: Gliscor\n|-supereffective|p2a: Gliscor\n|-damage|p2a: Gliscor|0 fnt\n|-unboost|p1a: Annihilape|def|1\n|-unboost|p1a: Annihilape|spd|1\n|faint|p2a: Gliscor\n|\n|upkeep\n|\n|t:|1699795882\n|switch|p2a: Hawlucha|Hawlucha, F|100\/100\n|turn|18\n|\n|t:|1699795886\n|switch|p1a: Annihilape|Annihilape, F|100\/100\n|move|p2a: Hawlucha|Swords Dance|p2a: Hawlucha\n|-boost|p2a: Hawlucha|atk|2\n|\n|upkeep\n|turn|19\n|\n|t:|1699795888\n|move|p2a: Hawlucha|Swords Dance|p2a: Hawlucha\n|-boost|p2a: Hawlucha|atk|2\n|move|p1a: Annihilape|Thunderbolt|p2a: Hawlucha\n|-supereffective|p2a: Hawlucha\n|-damage|p2a: Hawlucha|4\/100\n|\n|upkeep\n|turn|20\n|\n|t:|1699795896\n|move|p2a: Hawlucha|Acrobatics|p1a: Annihilape\n|-supereffective|p1a: Annihilape\n|-damage|p1a: Annihilape|0 fnt\n|faint|p1a: Annihilape\n|\n|upkeep\n|\n|t:|1699795899\n|switch|p1a: Annihilape|Annihilape, M|100\/100\n|turn|21\n|\n|t:|1699795901\n|move|p1a: Annihilape|U-turn|p2a: Hawlucha\n|-resisted|p2a: Hawlucha\n|-damage|p2a: Hawlucha|0 fnt\n|faint|p2a: Hawlucha\n|\n|t:|1699795905\n|switch|p1a: Annihilape|Annihilape, M, tera:Dark|40\/100 tox|[from] U-turn\n|\n|-damage|p1a: Annihilape|34\/100 tox|[from] psn\n|upkeep\n|\n|t:|1699795908\n|switch|p2a: Donphan|Donphan, L1, F, shiny|100\/100\n|turn|22\n|\n|t:|1699795913\n|move|p2a: Donphan|Protect|p2a: Donphan\n|-singleturn|p2a: Donphan|Protect\n|move|p1a: Annihilape|Ice Punch|p2a: Donphan\n|-activate|p2a: Donphan|move: Protect\n|\n|-damage|p1a: Annihilape|22\/100 tox|[from] psn\n|upkeep\n|turn|23\n|\n|t:|1699795918\n|move|p1a: Annihilape|Ice Punch|p2a: Donphan\n|-supereffective|p2a: Donphan\n|-ability|p2a: Donphan|Sturdy\n|-damage|p2a: Donphan|8\/100\n|move|p2a: Donphan|Endeavor|p1a: Annihilape\n|-damage|p1a: Annihilape|1\/100 tox\n|-heal|p2a: Donphan|77\/100|[from] item: Shell Bell|[of] p1a: Annihilape\n|\n|-damage|p1a: Annihilape|0 fnt|[from] psn\n|faint|p1a: Annihilape\n|upkeep\n|\n|t:|1699795925\n|switch|p1a: Annihilape|Annihilape, M|100\/100\n|turn|24\n|\n|t:|1699795934\n|move|p2a: Donphan|Protect|p2a: Donphan\n|-singleturn|p2a: Donphan|Protect\n|move|p1a: Annihilape|Rage Fist|p2a: Donphan\n|-activate|p2a: Donphan|move: Protect\n|\n|upkeep\n|turn|25\n|\n|t:|1699795937\n|move|p1a: Annihilape|Rage Fist|p2a: Donphan\n|-damage|p2a: Donphan|0 fnt\n|faint|p2a: Donphan\n|\n|upkeep\n|\n|t:|1699795940\n|switch|p2a: Sneasler|Sneasler, F|100\/100\n|turn|26\n|\n|t:|1699795944\n|move|p2a: Sneasler|Dire Claw|p1a: Annihilape\n|-resisted|p1a: Annihilape\n|-crit|p1a: Annihilape\n|-damage|p1a: Annihilape|63\/100\n|move|p1a: Annihilape|Counter|p2a: Sneasler\n|-damage|p2a: Sneasler|10\/100\n|\n|upkeep\n|turn|27\n|\n|t:|1699795953\n|move|p2a: Sneasler|Acrobatics|p1a: Annihilape\n|-supereffective|p1a: Annihilape\n|-damage|p1a: Annihilape|16\/100\n|move|p1a: Annihilape|Rage Fist|p2a: Sneasler\n|-damage|p2a: Sneasler|0 fnt\n|faint|p2a: Sneasler\n|\n|win|CapnTophat\n|raw|CapnTophat's rating: 1341 &rarr; <strong>1359<\/strong><br \/>(+18 for winning)\n|raw|ImATrollAtThisGame's rating: 1302 &rarr; <strong>1284<\/strong><br \/>(-18 for losing)\n|l|\u2606ImATrollAtThisGame\n","uploadtime":1699795979,"views":4,"p1id":"capntophat","p2id":"imatrollatthisgame","formatid":"gen9anythinggoes","rating":1284,"private":0,"password":""}