{"id":"gen9anythinggoes-1994395776","p1":"The crimson wooper","p2":"pokemondeoxys12","format":"[Gen 9] Anything Goes","log":"|j|\u2606The crimson wooper\n|j|\u2606pokemondeoxys12\n|t:|1700439087\n|gametype|singles\n|player|p1|The crimson wooper|2|1313\n|player|p2|pokemondeoxys12|102|1152\n|teamsize|p1|6\n|teamsize|p2|6\n|gen|9\n|tier|[Gen 9] Anything Goes\n|rated|\n|rule|HP Percentage Mod: HP is shown in percentages\n|rule|Endless Battle Clause: Forcing endless battles is banned\n|clearpoke\n|poke|p1|Calyrex-Shadow|\n|poke|p1|Magearna|\n|poke|p1|Arceus|\n|poke|p1|Arceus-Ground|\n|poke|p1|Dialga|\n|poke|p1|Regieleki|\n|poke|p2|Ogerpon-Hearthflame, F|\n|poke|p2|Gallade, M|\n|poke|p2|Umbreon, M|\n|poke|p2|Gholdengo|\n|poke|p2|Gyarados, F|\n|poke|p2|Dragonite, F|\n|teampreview\n|inactive|Battle timer is ON: inactive players will automatically lose when time's up. (requested by The crimson wooper)\n|\n|t:|1700439094\n|start\n|switch|p1a: RAAAAAAAAH|Dialga|100\/100\n|switch|p2a: Ogerpon|Ogerpon-Hearthflame, F|100\/100\n|-ability|p2a: Ogerpon|Mold Breaker\n|-ability|p1a: RAAAAAAAAH|Pressure\n|turn|1\n|\n|t:|1700439107\n|move|p2a: Ogerpon|Ivy Cudgel|p1a: RAAAAAAAAH|[anim] Ivy Cudgel Fire\n|-crit|p1a: RAAAAAAAAH\n|-damage|p1a: RAAAAAAAAH|40\/100\n|move|p1a: RAAAAAAAAH|Thunder Wave|p2a: Ogerpon\n|-status|p2a: Ogerpon|par\n|\n|upkeep\n|turn|2\n|\n|t:|1700439113\n|move|p1a: RAAAAAAAAH|Stealth Rock|p2a: Ogerpon\n|-sidestart|p2: pokemondeoxys12|move: Stealth Rock\n|cant|p2a: Ogerpon|par\n|\n|upkeep\n|turn|3\n|\n|t:|1700439117\n|move|p2a: Ogerpon|Ivy Cudgel|p1a: RAAAAAAAAH|[anim] Ivy Cudgel Fire\n|-crit|p1a: RAAAAAAAAH\n|-damage|p1a: RAAAAAAAAH|0 fnt\n|faint|p1a: RAAAAAAAAH\n|\n|upkeep\n|\n|t:|1700439130\n|switch|p1a: (Joke about speed)|Regieleki|100\/100\n|turn|4\n|\n|t:|1700439135\n|move|p1a: (Joke about speed)|Volt Switch|p2a: Ogerpon\n|-resisted|p2a: Ogerpon\n|-damage|p2a: Ogerpon|85\/100 par\n|\n|t:|1700439142\n|switch|p1a: Arceus|Arceus|100\/100|[from] Volt Switch\n|move|p2a: Ogerpon|Stomping Tantrum|p1a: Arceus\n|-damage|p1a: Arceus|83\/100\n|\n|upkeep\n|turn|5\n|\n|t:|1700439152\n|switch|p2a: Gallade|Gallade, M, shiny|100\/100\n|-damage|p2a: Gallade|94\/100|[from] Stealth Rock\n|move|p1a: Arceus|Swords Dance|p1a: Arceus\n|-boost|p1a: Arceus|atk|2\n|\n|upkeep\n|turn|6\n|\n|t:|1700439160\n|move|p1a: Arceus|Extreme Speed|p2a: Gallade\n|-damage|p2a: Gallade|0 fnt\n|faint|p2a: Gallade\n|\n|upkeep\n|\n|t:|1700439166\n|switch|p2a: Dragonite|Dragonite, F, shiny|100\/100\n|-damage|p2a: Dragonite|76\/100|[from] Stealth Rock\n|turn|7\n|\n|t:|1700439172\n|switch|p2a: Gholdengo|Gholdengo|100\/100\n|-damage|p2a: Gholdengo|94\/100|[from] Stealth Rock\n|move|p1a: Arceus|Extreme Speed|p2a: Gholdengo\n|-immune|p2a: Gholdengo\n|\n|upkeep\n|turn|8\n|\n|t:|1700439182\n|move|p1a: Arceus|Shadow Claw|p2a: Gholdengo\n|-supereffective|p2a: Gholdengo\n|-damage|p2a: Gholdengo|9\/100\n|-damage|p1a: Arceus|66\/100|[from] item: Rocky Helmet|[of] p2a: Gholdengo\n|move|p2a: Gholdengo|Make It Rain|p1a: Arceus\n|-damage|p1a: Arceus|31\/100\n|-unboost|p2a: Gholdengo|spa|1\n|\n|upkeep\n|turn|9\n|\n|t:|1700439192\n|move|p1a: Arceus|Recover|p1a: Arceus\n|-heal|p1a: Arceus|81\/100\n|move|p2a: Gholdengo|Thunderbolt|p1a: Arceus\n|-damage|p1a: Arceus|69\/100\n|\n|upkeep\n|turn|10\n|c|\u2606pokemondeoxys12|bro stop legend spamming\n|inactive|pokemondeoxys12 has 120 seconds left.\n|c|\u2606pokemondeoxys12|fight me whan you have a real team\n|-message|pokemondeoxys12 forfeited.\n|\n|win|The crimson wooper\n|raw|The crimson wooper's rating: 1313 &rarr; <strong>1324<\/strong><br \/>(+11 for winning)\n|raw|pokemondeoxys12's rating: 1152 &rarr; <strong>1138<\/strong><br \/>(-14 for losing)\n|l|\u2606pokemondeoxys12\n|c|\u2606The crimson wooper|The fuck\n","uploadtime":1700439694,"views":4,"p1id":"thecrimsonwooper","p2id":"pokemondeoxys12","formatid":"gen9anythinggoes","rating":1138,"private":0,"password":""}