{"id":"gen9anythinggoes-1980147307","p1":"Krawo","p2":"WollyWillsWissenTV","format":"[Gen 9] Anything Goes","log":"|j|\u2606Krawo\n|j|\u2606WollyWillsWissenTV\n|t:|1698761471\n|gametype|singles\n|player|p1|Krawo|170|\n|player|p2|WollyWillsWissenTV|1|\n|teamsize|p1|6\n|teamsize|p2|6\n|gen|9\n|tier|[Gen 9] Anything Goes\n|rule|HP Percentage Mod: HP is shown in percentages\n|rule|Endless Battle Clause: Forcing endless battles is banned\n|clearpoke\n|poke|p1|Groudon|\n|poke|p1|Walking Wake|\n|poke|p1|Okidogi, M|\n|poke|p1|Dialga-Origin|\n|poke|p1|Cinderace, M|\n|poke|p1|Flutter Mane|\n|poke|p2|Lilligant-Hisui, F|\n|poke|p2|Torkoal, F|\n|poke|p2|Sylveon, F|\n|poke|p2|Landorus, M|\n|poke|p2|Mewtwo|\n|poke|p2|Dialga|\n|teampreview\n|c|\u2606WollyWillsWissenTV|Gl hf\n|c|\u2606Krawo|hf\n|\n|t:|1698761510\n|start\n|switch|p1a: Yui|Walking Wake|100\/100\n|switch|p2a: Landorus|Landorus, M|100\/100\n|turn|1\n|\n|t:|1698761522\n|switch|p2a: Sylveon|Sylveon, F, shiny|100\/100\n|move|p1a: Yui|Flip Turn|p2a: Sylveon\n|-damage|p2a: Sylveon|87\/100\n|\n|t:|1698761527\n|-end|p1a: Yui|Protosynthesis|[silent]\n|switch|p1a: Leon|Dialga-Origin|100\/100|[from] Flip Turn\n|-ability|p1a: Leon|Pressure\n|\n|-heal|p2a: Sylveon|93\/100|[from] item: Leftovers\n|upkeep\n|turn|2\n|\n|t:|1698761543\n|switch|p2a: Landorus|Landorus, M|100\/100\n|move|p1a: Leon|Stealth Rock|p2a: Landorus\n|-sidestart|p2: WollyWillsWissenTV|move: Stealth Rock\n|\n|upkeep\n|turn|3\n|\n|t:|1698761554\n|switch|p1a: Marvin|Groudon|100\/100\n|-weather|SunnyDay|[from] ability: Drought|[of] p1a: Marvin\n|move|p2a: Landorus|Earth Power|p1a: Marvin\n|-damage|p1a: Marvin|35\/100\n|\n|-weather|SunnyDay|[upkeep]\n|-heal|p1a: Marvin|42\/100|[from] item: Leftovers\n|upkeep\n|turn|4\n|\n|t:|1698761565\n|switch|p1a: Yui|Walking Wake|100\/100\n|-activate|p1a: Yui|ability: Protosynthesis\n|-start|p1a: Yui|protosynthesisspd\n|move|p2a: Landorus|Earth Power|p1a: Yui\n|-damage|p1a: Yui|72\/100\n|\n|-weather|SunnyDay|[upkeep]\n|upkeep\n|turn|5\n|\n|t:|1698761581\n|switch|p2a: Sylveon|Sylveon, F, shiny|93\/100\n|-damage|p2a: Sylveon|80\/100|[from] Stealth Rock\n|move|p1a: Yui|Hydro Steam|p2a: Sylveon\n|-damage|p2a: Sylveon|46\/100\n|\n|-weather|SunnyDay|[upkeep]\n|-heal|p2a: Sylveon|52\/100|[from] item: Leftovers\n|upkeep\n|turn|6\n|\n|t:|1698761588\n|move|p1a: Yui|Flip Turn|p2a: Sylveon\n|-damage|p2a: Sylveon|46\/100\n|\n|t:|1698761593\n|-end|p1a: Yui|Protosynthesis|[silent]\n|switch|p1a: Leon|Dialga-Origin|100\/100|[from] Flip Turn\n|-ability|p1a: Leon|Pressure\n|move|p2a: Sylveon|Wish|p2a: Sylveon\n|\n|-weather|SunnyDay|[upkeep]\n|-heal|p2a: Sylveon|52\/100|[from] item: Leftovers\n|upkeep\n|turn|7\n|\n|t:|1698761610\n|move|p2a: Sylveon|Protect|p2a: Sylveon\n|-singleturn|p2a: Sylveon|Protect\n|move|p1a: Leon|Ice Beam|p2a: Sylveon\n|-activate|p2a: Sylveon|move: Protect\n|\n|-weather|none\n|-heal|p2a: Sylveon|100\/100|[from] move: Wish|[wisher] Sylveon\n|upkeep\n|turn|8\n|\n|t:|1698761626\n|switch|p2a: Landorus|Landorus, M|100\/100\n|-damage|p2a: Landorus|88\/100|[from] Stealth Rock\n|move|p1a: Leon|Heavy Slam|p2a: Landorus\n|-damage|p2a: Landorus|31\/100\n|\n|upkeep\n|turn|9\n|\n|t:|1698761637\n|switch|p1a: Yui|Walking Wake|72\/100\n|move|p2a: Landorus|Earth Power|p1a: Yui\n|-damage|p1a: Yui|36\/100\n|\n|upkeep\n|turn|10\n|\n|t:|1698761711\n|move|p2a: Landorus|Earth Power|p1a: Yui\n|-damage|p1a: Yui|0 fnt\n|faint|p1a: Yui\n|-end|p1a: Yui|Protosynthesis|[silent]\n|\n|upkeep\n|\n|t:|1698761724\n|switch|p1a: Majora|Flutter Mane|100\/100\n|turn|11\n|\n|t:|1698761789\n|-end|p1a: Majora|Protosynthesis|[silent]\n|switch|p1a: TariolischLPHD|Okidogi, M|100\/100\n|switch|p2a: Torkoal|Torkoal, F|100\/100\n|-damage|p2a: Torkoal|76\/100|[from] Stealth Rock\n|-weather|SunnyDay|[from] ability: Drought|[of] p2a: Torkoal\n|\n|-weather|SunnyDay|[upkeep]\n|upkeep\n|turn|12\n|\n|t:|1698761804\n|move|p1a: TariolischLPHD|Knock Off|p2a: Torkoal\n|-damage|p2a: Torkoal|54\/100\n|-enditem|p2a: Torkoal|Heat Rock|[from] move: Knock Off|[of] p1a: TariolischLPHD\n|move|p2a: Torkoal|Stealth Rock|p1a: TariolischLPHD\n|-sidestart|p1: Krawo|move: Stealth Rock\n|\n|-weather|SunnyDay|[upkeep]\n|upkeep\n|turn|13\n|\n|t:|1698761817\n|move|p1a: TariolischLPHD|Drain Punch|p2a: Torkoal\n|-damage|p2a: Torkoal|28\/100\n|move|p2a: Torkoal|Rapid Spin|p1a: TariolischLPHD\n|-damage|p1a: TariolischLPHD|95\/100\n|-boost|p2a: Torkoal|spe|1\n|-sideend|p2: WollyWillsWissenTV|Stealth Rock|[from] move: Rapid Spin|[of] p2a: Torkoal\n|\n|-weather|SunnyDay|[upkeep]\n|-heal|p1a: TariolischLPHD|100\/100|[from] item: Leftovers\n|upkeep\n|turn|14\n|\n|t:|1698761826\n|move|p1a: TariolischLPHD|Poison Jab|p2a: Torkoal\n|-damage|p2a: Torkoal|4\/100\n|-status|p2a: Torkoal|tox|[from] ability: Toxic Chain|[of] p1a: TariolischLPHD\n|move|p2a: Torkoal|Lava Plume|p1a: TariolischLPHD\n|-damage|p1a: TariolischLPHD|60\/100\n|\n|-weather|SunnyDay|[upkeep]\n|-heal|p1a: TariolischLPHD|66\/100|[from] item: Leftovers\n|-damage|p2a: Torkoal|0 fnt|[from] psn\n|faint|p2a: Torkoal\n|upkeep\n|\n|t:|1698761838\n|switch|p2a: Landorus|Landorus, M|31\/100\n|turn|15\n|\n|t:|1698761876\n|switch|p1a: Marvin|Groudon|42\/100\n|-damage|p1a: Marvin|35\/100|[from] Stealth Rock\n|move|p2a: Landorus|Earth Power|p1a: Marvin\n|-damage|p1a: Marvin|0 fnt\n|faint|p1a: Marvin\n|\n|-weather|SunnyDay|[upkeep]\n|upkeep\n|\n|t:|1698761884\n|switch|p1a: Mana|Cinderace, M|100\/100\n|-damage|p1a: Mana|76\/100|[from] Stealth Rock\n|turn|16\n|\n|t:|1698761892\n|move|p1a: Mana|Pyro Ball|p2a: Landorus\n|-damage|p2a: Landorus|0 fnt\n|faint|p2a: Landorus\n|\n|-weather|SunnyDay|[upkeep]\n|upkeep\n|\n|t:|1698761923\n|switch|p2a: Lilligant|Lilligant-Hisui, F|100\/100\n|turn|17\n|\n|t:|1698761931\n|switch|p1a: TariolischLPHD|Okidogi, M|66\/100\n|-damage|p1a: TariolischLPHD|60\/100|[from] Stealth Rock\n|move|p2a: Lilligant|Close Combat|p1a: TariolischLPHD\n|-resisted|p1a: TariolischLPHD\n|-damage|p1a: TariolischLPHD|43\/100\n|-unboost|p2a: Lilligant|def|1\n|-unboost|p2a: Lilligant|spd|1\n|\n|-weather|SunnyDay|[upkeep]\n|-heal|p1a: TariolischLPHD|49\/100|[from] item: Leftovers\n|upkeep\n|turn|18\n|\n|t:|1698761972\n|switch|p2a: Mewtwo|Mewtwo|100\/100\n|-ability|p2a: Mewtwo|Pressure\n|move|p1a: TariolischLPHD|Drain Punch|p2a: Mewtwo\n|-resisted|p2a: Mewtwo\n|-damage|p2a: Mewtwo|84\/100\n|-heal|p1a: TariolischLPHD|57\/100|[from] drain|[of] p2a: Mewtwo\n|\n|-weather|none\n|-heal|p1a: TariolischLPHD|63\/100|[from] item: Leftovers\n|upkeep\n|turn|19\n|\n|t:|1698761995\n|switch|p1a: Leon|Dialga-Origin|100\/100\n|-damage|p1a: Leon|94\/100|[from] Stealth Rock\n|-ability|p1a: Leon|Pressure\n|move|p2a: Mewtwo|Psystrike|p1a: Leon\n|-resisted|p1a: Leon\n|-damage|p1a: Leon|73\/100\n|\n|upkeep\n|turn|20\n|\n|t:|1698762057\n|switch|p2a: Lilligant|Lilligant-Hisui, F|100\/100\n|move|p1a: Leon|Dragon Pulse|p2a: Lilligant\n|-damage|p2a: Lilligant|30\/100\n|\n|upkeep\n|turn|21\n|\n|t:|1698762071\n|switch|p1a: TariolischLPHD|Okidogi, M|63\/100\n|-damage|p1a: TariolischLPHD|57\/100|[from] Stealth Rock\n|move|p2a: Lilligant|Aerial Ace|p1a: TariolischLPHD\n|-supereffective|p1a: TariolischLPHD\n|-damage|p1a: TariolischLPHD|35\/100\n|\n|-heal|p1a: TariolischLPHD|41\/100|[from] item: Leftovers\n|upkeep\n|turn|22\n|\n|t:|1698762080\n|move|p2a: Lilligant|Aerial Ace|p1a: TariolischLPHD\n|-supereffective|p1a: TariolischLPHD\n|-damage|p1a: TariolischLPHD|19\/100\n|move|p1a: TariolischLPHD|Knock Off|p2a: Lilligant\n|-resisted|p2a: Lilligant\n|-crit|p2a: Lilligant\n|-damage|p2a: Lilligant|0 fnt\n|-enditem|p2a: Lilligant|Choice Scarf|[from] move: Knock Off|[of] p1a: TariolischLPHD\n|faint|p2a: Lilligant\n|\n|-heal|p1a: TariolischLPHD|25\/100|[from] item: Leftovers\n|upkeep\n|\n|t:|1698762095\n|switch|p2a: Dialga|Dialga|100\/100\n|-ability|p2a: Dialga|Pressure\n|turn|23\n|\n|t:|1698762111\n|move|p2a: Dialga|Draco Meteor|p1a: TariolischLPHD\n|-damage|p1a: TariolischLPHD|0 fnt\n|-unboost|p2a: Dialga|spa|2\n|faint|p1a: TariolischLPHD\n|\n|upkeep\n|\n|t:|1698762115\n|switch|p1a: Mana|Cinderace, M|76\/100\n|-damage|p1a: Mana|51\/100|[from] Stealth Rock\n|turn|24\n|\n|t:|1698762124\n|switch|p2a: Sylveon|Sylveon, F, shiny|100\/100\n|move|p1a: Mana|Court Change|p1a: Mana\n|-start|p1a: Mana|typechange|Normal|[from] ability: Libero\n|-swapsideconditions\n|-activate|p1a: Mana|move: Court Change\n|\n|upkeep\n|turn|25\n|\n|t:|1698762133\n|switch|p1a: Leon|Dialga-Origin|73\/100\n|-ability|p1a: Leon|Pressure\n|move|p2a: Sylveon|Hyper Voice|p1a: Leon\n|-damage|p1a: Leon|51\/100\n|\n|upkeep\n|turn|26\n|\n|t:|1698762144\n|move|p1a: Leon|Heavy Slam|p2a: Sylveon\n|-supereffective|p2a: Sylveon\n|-damage|p2a: Sylveon|18\/100\n|move|p2a: Sylveon|Hyper Voice|p1a: Leon\n|-damage|p1a: Leon|29\/100\n|\n|-heal|p2a: Sylveon|24\/100|[from] item: Leftovers\n|upkeep\n|turn|27\n|\n|t:|1698762149\n|move|p1a: Leon|Heavy Slam|p2a: Sylveon\n|-supereffective|p2a: Sylveon\n|-damage|p2a: Sylveon|0 fnt\n|faint|p2a: Sylveon\n|\n|upkeep\n|\n|t:|1698762155\n|switch|p2a: Dialga|Dialga|100\/100\n|-damage|p2a: Dialga|94\/100|[from] Stealth Rock\n|-ability|p2a: Dialga|Pressure\n|turn|28\n|\n|t:|1698762164\n|move|p2a: Dialga|Heavy Slam|p1a: Leon\n|-resisted|p1a: Leon\n|-crit|p1a: Leon\n|-damage|p1a: Leon|21\/100\n|move|p1a: Leon|Dragon Pulse|p2a: Dialga\n|-damage|p2a: Dialga|62\/100\n|\n|upkeep\n|turn|29\n|\n|t:|1698762174\n|move|p2a: Dialga|Draco Meteor|p1a: Leon|[miss]\n|-miss|p2a: Dialga|p1a: Leon\n|move|p1a: Leon|Dragon Pulse|p2a: Dialga\n|-crit|p2a: Dialga\n|-damage|p2a: Dialga|14\/100\n|\n|upkeep\n|turn|30\n|\n|t:|1698762180\n|move|p2a: Dialga|Draco Meteor|p1a: Leon\n|-damage|p1a: Leon|0 fnt\n|-unboost|p2a: Dialga|spa|2\n|faint|p1a: Leon\n|\n|upkeep\n|\n|t:|1698762183\n|switch|p1a: Mana|Cinderace, M|51\/100\n|turn|31\n|\n|t:|1698762188\n|move|p1a: Mana|Sucker Punch|p2a: Dialga\n|-start|p1a: Mana|typechange|Dark|[from] ability: Libero\n|-damage|p2a: Dialga|0 fnt\n|faint|p2a: Dialga\n|\n|upkeep\n|\n|t:|1698762192\n|switch|p2a: Mewtwo|Mewtwo|84\/100\n|-damage|p2a: Mewtwo|72\/100|[from] Stealth Rock\n|-ability|p2a: Mewtwo|Pressure\n|turn|32\n|\n|t:|1698762203\n|move|p1a: Mana|Sucker Punch|p2a: Mewtwo\n|-supereffective|p2a: Mewtwo\n|-damage|p2a: Mewtwo|0 fnt\n|faint|p2a: Mewtwo\n|\n|win|Krawo\n|c|\u2606WollyWillsWissenTV|Gg\n|c|\u2606Krawo|gg\n|c|\u2606WollyWillsWissenTV|Du schickst ja oder?\n|c|\u2606Krawo|Jo aber erst n\u00e4chste Woche damit es nicht zu verwirrung kommt\n","uploadtime":1698762235,"views":13,"p1id":"krawo","p2id":"wollywillswissentv","formatid":"gen9anythinggoes","rating":0,"private":0,"password":""}