{"id":"gen9anythinggoes-1977342419","p1":"Glaceran","p2":"lkl303","format":"[Gen 9] Anything Goes","log":"|j|\u2606Glaceran\n|j|\u2606lkl303\n|t:|1698407531\n|gametype|singles\n|player|p1|Glaceran|wally-gen3|1439\n|player|p2|lkl303|265|1472\n|teamsize|p1|6\n|teamsize|p2|6\n|gen|9\n|tier|[Gen 9] Anything Goes\n|rated|\n|rule|HP Percentage Mod: HP is shown in percentages\n|rule|Endless Battle Clause: Forcing endless battles is banned\n|clearpoke\n|poke|p1|Ceruledge, F|\n|poke|p1|Calyrex-Shadow|\n|poke|p1|Baxcalibur, M|\n|poke|p1|Skeledirge, M|\n|poke|p1|Corviknight, F|\n|poke|p1|Cyclizar, M|\n|poke|p2|Miraidon|\n|poke|p2|Miraidon|\n|poke|p2|Miraidon|\n|poke|p2|Kyogre|\n|poke|p2|Kyogre|\n|poke|p2|Kyogre|\n|teampreview\n|\n|t:|1698407540\n|start\n|switch|p1a: Cyclizar|Cyclizar, M|100\/100\n|switch|p2a: Miraidon|Miraidon|100\/100\n|-fieldstart|move: Electric Terrain|[from] ability: Hadron Engine|[of] p2a: Miraidon\n|turn|1\n|\n|t:|1698407546\n|switch|p1a: Corviknight|Corviknight, F|100\/100\n|-ability|p1a: Corviknight|Pressure\n|move|p2a: Miraidon|Dragon Pulse|p1a: Corviknight\n|-resisted|p1a: Corviknight\n|-damage|p1a: Corviknight|72\/100\n|\n|-heal|p1a: Corviknight|78\/100|[from] item: Leftovers\n|upkeep\n|turn|2\n|c|\u2606Glaceran|scarf\n|c|\u2606Glaceran|yes?\n|\n|t:|1698407555\n|switch|p2a: Kyogre|Kyogre|100\/100\n|-weather|RainDance|[from] ability: Drizzle|[of] p2a: Kyogre\n|move|p1a: Corviknight|U-turn|p2a: Kyogre\n|-damage|p2a: Kyogre|84\/100\n|\n|t:|1698407562\n|switch|p1a: Baxcalibur|Baxcalibur, M|100\/100|[from] U-turn\n|\n|-weather|RainDance|[upkeep]\n|upkeep\n|turn|3\n|\n|t:|1698407580\n|move|p2a: Kyogre|Water Spout|p1a: Baxcalibur\n|-resisted|p1a: Baxcalibur\n|-damage|p1a: Baxcalibur|34\/100\n|move|p1a: Baxcalibur|Scale Shot|p2a: Kyogre\n|-damage|p2a: Kyogre|70\/100\n|-damage|p2a: Kyogre|54\/100\n|-damage|p2a: Kyogre|37\/100\n|-damage|p2a: Kyogre|22\/100\n|-hitcount|p2a: Kyogre|4\n|-unboost|p1a: Baxcalibur|def|1\n|-boost|p1a: Baxcalibur|spe|1\n|\n|-weather|RainDance|[upkeep]\n|upkeep\n|turn|4\n|\n|t:|1698407594\n|switch|p2a: Miraidon|Miraidon|100\/100\n|-activate|p2a: Miraidon|ability: Hadron Engine\n|move|p1a: Baxcalibur|Icicle Spear|p2a: Miraidon\n|-supereffective|p2a: Miraidon\n|-damage|p2a: Miraidon|72\/100\n|-supereffective|p2a: Miraidon\n|-damage|p2a: Miraidon|40\/100\n|-supereffective|p2a: Miraidon\n|-damage|p2a: Miraidon|12\/100\n|-supereffective|p2a: Miraidon\n|-damage|p2a: Miraidon|0 fnt\n|faint|p2a: Miraidon\n|-hitcount|p2: Miraidon|4\n|\n|-weather|RainDance|[upkeep]\n|upkeep\n|\n|t:|1698407607\n|switch|p2a: Kyogre|Kyogre|100\/100\n|turn|5\n|\n|t:|1698407611\n|move|p1a: Baxcalibur|Scale Shot|p2a: Kyogre\n|-damage|p2a: Kyogre|84\/100\n|-damage|p2a: Kyogre|68\/100\n|-damage|p2a: Kyogre|53\/100\n|-damage|p2a: Kyogre|36\/100\n|-hitcount|p2a: Kyogre|4\n|-unboost|p1a: Baxcalibur|def|1\n|-boost|p1a: Baxcalibur|spe|1\n|move|p2a: Kyogre|Water Spout|p1a: Baxcalibur\n|-resisted|p1a: Baxcalibur\n|-damage|p1a: Baxcalibur|7\/100\n|\n|-weather|RainDance|[upkeep]\n|-fieldend|move: Electric Terrain\n|upkeep\n|turn|6\n|\n|t:|1698407621\n|move|p1a: Baxcalibur|Scale Shot|p2a: Kyogre\n|-damage|p2a: Kyogre|20\/100\n|-damage|p2a: Kyogre|3\/100\n|-damage|p2a: Kyogre|0 fnt\n|faint|p2a: Kyogre\n|-hitcount|p2: Kyogre|3\n|-unboost|p1a: Baxcalibur|def|1\n|-boost|p1a: Baxcalibur|spe|1\n|\n|-weather|none\n|upkeep\n|\n|t:|1698407632\n|switch|p2a: Miraidon|Miraidon|100\/100\n|-fieldstart|move: Electric Terrain|[from] ability: Hadron Engine|[of] p2a: Miraidon\n|turn|7\n|\n|t:|1698407636\n|move|p2a: Miraidon|Protect|p2a: Miraidon\n|-singleturn|p2a: Miraidon|Protect\n|move|p1a: Baxcalibur|Icicle Spear|p2a: Miraidon\n|-activate|p2a: Miraidon|move: Protect\n|\n|upkeep\n|turn|8\n|\n|t:|1698407643\n|move|p2a: Miraidon|Protect|p2a: Miraidon\n|-singleturn|p2a: Miraidon|Protect\n|move|p1a: Baxcalibur|Icicle Spear|p2a: Miraidon\n|-activate|p2a: Miraidon|move: Protect\n|\n|upkeep\n|turn|9\n|\n|t:|1698407651\n|switch|p2a: Kyogre|Kyogre|100\/100\n|-weather|RainDance|[from] ability: Drizzle|[of] p2a: Kyogre\n|move|p1a: Baxcalibur|Icicle Spear|p2a: Kyogre\n|-resisted|p2a: Kyogre\n|-crit|p2a: Kyogre\n|-damage|p2a: Kyogre|90\/100\n|-resisted|p2a: Kyogre\n|-damage|p2a: Kyogre|82\/100\n|-resisted|p2a: Kyogre\n|-damage|p2a: Kyogre|73\/100\n|-resisted|p2a: Kyogre\n|-damage|p2a: Kyogre|66\/100\n|-resisted|p2a: Kyogre\n|-damage|p2a: Kyogre|58\/100\n|-hitcount|p2a: Kyogre|5\n|\n|-weather|RainDance|[upkeep]\n|upkeep\n|turn|10\n|\n|t:|1698407669\n|move|p1a: Baxcalibur|Scale Shot|p2a: Kyogre\n|-damage|p2a: Kyogre|42\/100\n|-damage|p2a: Kyogre|25\/100\n|-damage|p2a: Kyogre|10\/100\n|-damage|p2a: Kyogre|0 fnt\n|faint|p2a: Kyogre\n|-hitcount|p2: Kyogre|4\n|-unboost|p1a: Baxcalibur|def|1\n|-boost|p1a: Baxcalibur|spe|1\n|\n|-weather|RainDance|[upkeep]\n|upkeep\n|-message|lkl303 forfeited.\n|\n|win|Glaceran\n|raw|Glaceran's rating: 1439 &rarr; <strong>1461<\/strong><br \/>(+22 for winning)\n|raw|lkl303's rating: 1472 &rarr; <strong>1450<\/strong><br \/>(-22 for losing)\n|l|\u2606lkl303\n","uploadtime":1698407757,"views":7,"p1id":"glaceran","p2id":"lkl303","formatid":"gen9anythinggoes","rating":1450,"private":0,"password":""}