{"id":"gen9anythinggoes-1979924864","p1":"Dumbfudge","p2":"UnShallow","format":"[Gen 9] Anything Goes","log":"|j|\u2606Dumbfudge\n|j|\u2606UnShallow\n|t:|1698730427\n|gametype|singles\n|player|p1|Dumbfudge|blackbelt-gen4dp|1232\n|player|p2|UnShallow|winona|1339\n|teamsize|p1|6\n|teamsize|p2|6\n|gen|9\n|tier|[Gen 9] Anything Goes\n|rated|\n|rule|HP Percentage Mod: HP is shown in percentages\n|rule|Endless Battle Clause: Forcing endless battles is banned\n|clearpoke\n|poke|p1|Zacian-*|\n|poke|p1|Calyrex-Shadow|\n|poke|p1|Breloom, F|\n|poke|p1|Espathra, M|\n|poke|p1|Regieleki|\n|poke|p1|Dudunsparce-*, F|\n|poke|p2|Scizor, M|\n|poke|p2|Iron Valiant|\n|poke|p2|Salamence, M|\n|poke|p2|Ribombee, F|\n|poke|p2|Dondozo, M|\n|poke|p2|Clefable, F|\n|teampreview\n|inactive|Battle timer is ON: inactive players will automatically lose when time's up. (requested by UnShallow)\n|\n|t:|1698730432\n|start\n|switch|p1a: Dudunsparce|Dudunsparce, F|100\/100\n|switch|p2a: Ribombee|Ribombee, F|100\/100\n|turn|1\n|\n|t:|1698730445\n|move|p2a: Ribombee|Sticky Web|p1a: Dudunsparce\n|-sidestart|p1: Dumbfudge|move: Sticky Web\n|move|p1a: Dudunsparce|Coil|p1a: Dudunsparce\n|-boost|p1a: Dudunsparce|atk|1\n|-boost|p1a: Dudunsparce|def|1\n|-boost|p1a: Dudunsparce|accuracy|1\n|\n|upkeep\n|turn|2\n|\n|t:|1698730453\n|move|p2a: Ribombee|Quiver Dance|p2a: Ribombee\n|-boost|p2a: Ribombee|spa|1\n|-boost|p2a: Ribombee|spd|1\n|-boost|p2a: Ribombee|spe|1\n|move|p1a: Dudunsparce|Baton Pass|p1a: Dudunsparce\n|\n|t:|1698730463\n|switch|p1a: Whooping cough|Zacian-Crowned|100\/100|[from] Baton Pass\n|-activate|p1a: Whooping cough|move: Sticky Web\n|-unboost|p1a: Whooping cough|spe|1\n|-ability|p1a: Whooping cough|Intrepid Sword|boost\n|-boost|p1a: Whooping cough|atk|1\n|\n|upkeep\n|turn|3\n|\n|t:|1698730479\n|switch|p2a: Dondozo|Dondozo, M, shiny|100\/100\n|-terastallize|p1a: Whooping cough|Steel\n|move|p1a: Whooping cough|Behemoth Blade|p2a: Dondozo\n|-resisted|p2a: Dondozo\n|-damage|p2a: Dondozo|82\/100\n|\n|-heal|p2a: Dondozo|88\/100|[from] item: Leftovers\n|upkeep\n|turn|4\n|\n|t:|1698730489\n|move|p1a: Whooping cough|Play Rough|p2a: Dondozo\n|-damage|p2a: Dondozo|66\/100\n|-unboost|p2a: Dondozo|atk|1\n|move|p2a: Dondozo|Curse|p2a: Dondozo\n|-unboost|p2a: Dondozo|spe|1\n|-boost|p2a: Dondozo|atk|1\n|-boost|p2a: Dondozo|def|1\n|\n|-heal|p2a: Dondozo|72\/100|[from] item: Leftovers\n|upkeep\n|turn|5\n|\n|t:|1698730502\n|switch|p1a: Breloom|Breloom, F|100\/100\n|-activate|p1a: Breloom|move: Sticky Web\n|-unboost|p1a: Breloom|spe|1\n|move|p2a: Dondozo|Curse|p2a: Dondozo\n|-unboost|p2a: Dondozo|spe|1\n|-boost|p2a: Dondozo|atk|1\n|-boost|p2a: Dondozo|def|1\n|\n|-heal|p2a: Dondozo|78\/100|[from] item: Leftovers\n|upkeep\n|turn|6\n|\n|t:|1698730513\n|move|p1a: Breloom|Spore|p2a: Dondozo\n|-status|p2a: Dondozo|slp|[from] move: Spore\n|cant|p2a: Dondozo|slp\n|\n|-heal|p2a: Dondozo|84\/100 slp|[from] item: Leftovers\n|upkeep\n|turn|7\n|\n|t:|1698730521\n|move|p1a: Breloom|Substitute|p1a: Breloom\n|-start|p1a: Breloom|Substitute\n|-damage|p1a: Breloom|76\/100\n|cant|p2a: Dondozo|slp\n|\n|-heal|p2a: Dondozo|90\/100 slp|[from] item: Leftovers\n|upkeep\n|turn|8\n|\n|t:|1698730529\n|move|p1a: Breloom|Leech Seed|p2a: Dondozo\n|-start|p2a: Dondozo|move: Leech Seed\n|cant|p2a: Dondozo|slp\n|\n|-heal|p2a: Dondozo|97\/100 slp|[from] item: Leftovers\n|-damage|p2a: Dondozo|84\/100 slp|[from] Leech Seed|[of] p1a: Breloom\n|-heal|p1a: Breloom|99\/100|[silent]\n|upkeep\n|turn|9\n|\n|t:|1698730538\n|-singleturn|p1a: Breloom|move: Focus Punch\n|-curestatus|p2a: Dondozo|slp|[msg]\n|move|p2a: Dondozo|Body Press|p1a: Breloom\n|-end|p1a: Breloom|Substitute\n|move|p1a: Breloom|Focus Punch|p2a: Dondozo\n|-damage|p2a: Dondozo|65\/100\n|\n|-heal|p2a: Dondozo|72\/100|[from] item: Leftovers\n|-damage|p2a: Dondozo|59\/100|[from] Leech Seed|[of] p1a: Breloom\n|-heal|p1a: Breloom|100\/100|[silent]\n|upkeep\n|turn|10\n|\n|t:|1698730551\n|switch|p2a: Ribombee|Ribombee, F|100\/100\n|move|p1a: Breloom|Spore|p2a: Ribombee\n|-status|p2a: Ribombee|slp|[from] move: Spore\n|\n|upkeep\n|turn|11\n|\n|t:|1698730558\n|-singleturn|p1a: Breloom|move: Focus Punch\n|cant|p2a: Ribombee|slp\n|move|p1a: Breloom|Focus Punch|p2a: Ribombee\n|-resisted|p2a: Ribombee\n|-damage|p2a: Ribombee|64\/100 slp\n|\n|upkeep\n|turn|12\n|\n|t:|1698730570\n|-curestatus|p2a: Ribombee|slp|[msg]\n|move|p2a: Ribombee|Bug Buzz|p1a: Breloom\n|-damage|p1a: Breloom|35\/100\n|move|p1a: Breloom|Leech Seed|p2a: Ribombee\n|-start|p2a: Ribombee|move: Leech Seed\n|\n|-damage|p2a: Ribombee|52\/100|[from] Leech Seed|[of] p1a: Breloom\n|-heal|p1a: Breloom|47\/100|[silent]\n|upkeep\n|turn|13\n|\n|t:|1698730581\n|switch|p1a: Dudunsparce|Dudunsparce, F|100\/100\n|-activate|p1a: Dudunsparce|move: Sticky Web\n|-unboost|p1a: Dudunsparce|spe|1\n|move|p2a: Ribombee|Moonblast|p1a: Dudunsparce\n|-damage|p1a: Dudunsparce|68\/100\n|\n|-damage|p2a: Ribombee|39\/100|[from] Leech Seed|[of] p1a: Dudunsparce\n|-heal|p1a: Dudunsparce|77\/100|[silent]\n|upkeep\n|turn|14\n|\n|t:|1698730595\n|move|p2a: Ribombee|Bug Buzz|p1a: Dudunsparce\n|-damage|p1a: Dudunsparce|46\/100\n|move|p1a: Dudunsparce|Air Slash|p2a: Ribombee\n|-supereffective|p2a: Ribombee\n|-damage|p2a: Ribombee|0 fnt\n|faint|p2a: Ribombee\n|\n|upkeep\n|\n|t:|1698730601\n|switch|p2a: Clefable|Clefable, F|100\/100\n|turn|15\n|\n|t:|1698730605\n|move|p2a: Clefable|Cosmic Power|p2a: Clefable\n|-boost|p2a: Clefable|def|1\n|-boost|p2a: Clefable|spd|1\n|move|p1a: Dudunsparce|Roost|p1a: Dudunsparce\n|-heal|p1a: Dudunsparce|96\/100\n|-singleturn|p1a: Dudunsparce|move: Roost\n|\n|upkeep\n|turn|16\n|\n|t:|1698730613\n|move|p2a: Clefable|Cosmic Power|p2a: Clefable\n|-boost|p2a: Clefable|def|1\n|-boost|p2a: Clefable|spd|1\n|move|p1a: Dudunsparce|Coil|p1a: Dudunsparce\n|-boost|p1a: Dudunsparce|atk|1\n|-boost|p1a: Dudunsparce|def|1\n|-boost|p1a: Dudunsparce|accuracy|1\n|\n|upkeep\n|turn|17\n|\n|t:|1698730621\n|move|p2a: Clefable|Cosmic Power|p2a: Clefable\n|-boost|p2a: Clefable|def|1\n|-boost|p2a: Clefable|spd|1\n|move|p1a: Dudunsparce|Baton Pass|p1a: Dudunsparce\n|\n|t:|1698730626\n|switch|p1a: Calyrex|Calyrex-Shadow|100\/100|[from] Baton Pass\n|-ability|p1a: Calyrex|As One\n|-ability|p1a: Calyrex|Unnerve\n|-activate|p1a: Calyrex|move: Sticky Web\n|-unboost|p1a: Calyrex|spe|1\n|\n|upkeep\n|turn|18\n|\n|t:|1698730638\n|move|p1a: Calyrex|Haze|p1a: Calyrex\n|-clearallboost\n|move|p2a: Clefable|Cosmic Power|p2a: Clefable\n|-boost|p2a: Clefable|def|1\n|-boost|p2a: Clefable|spd|1\n|\n|upkeep\n|turn|19\n|\n|t:|1698730647\n|move|p1a: Calyrex|Astral Barrage|p2a: Clefable\n|-damage|p2a: Clefable|54\/100\n|move|p2a: Clefable|Cosmic Power|p2a: Clefable\n|-boost|p2a: Clefable|def|1\n|-boost|p2a: Clefable|spd|1\n|\n|-heal|p2a: Clefable|60\/100|[from] item: Leftovers\n|upkeep\n|turn|20\n|\n|t:|1698730657\n|move|p1a: Calyrex|Haze|p1a: Calyrex\n|-clearallboost\n|move|p2a: Clefable|Moonlight|p2a: Clefable\n|-heal|p2a: Clefable|100\/100\n|\n|upkeep\n|turn|21\n|\n|t:|1698730664\n|move|p1a: Calyrex|Giga Drain|p2a: Clefable\n|-damage|p2a: Clefable|70\/100\n|move|p2a: Clefable|Cosmic Power|p2a: Clefable\n|-boost|p2a: Clefable|def|1\n|-boost|p2a: Clefable|spd|1\n|\n|-heal|p2a: Clefable|76\/100|[from] item: Leftovers\n|upkeep\n|turn|22\n|\n|t:|1698730674\n|move|p1a: Calyrex|Astral Barrage|p2a: Clefable\n|-damage|p2a: Clefable|31\/100\n|move|p2a: Clefable|Cosmic Power|p2a: Clefable\n|-boost|p2a: Clefable|def|1\n|-boost|p2a: Clefable|spd|1\n|\n|-heal|p2a: Clefable|37\/100|[from] item: Leftovers\n|upkeep\n|turn|23\n|\n|t:|1698730685\n|move|p1a: Calyrex|Astral Barrage|p2a: Clefable\n|-damage|p2a: Clefable|1\/100\n|move|p2a: Clefable|Baton Pass|p2a: Clefable\n|\n|t:|1698730697\n|switch|p2a: Scizor|Scizor, M, shiny|100\/100|[from] Baton Pass\n|\n|upkeep\n|turn|24\n|\n|t:|1698730702\n|move|p1a: Calyrex|Haze|p1a: Calyrex\n|-clearallboost\n|move|p2a: Scizor|Swords Dance|p2a: Scizor\n|-boost|p2a: Scizor|atk|2\n|\n|upkeep\n|turn|25\n|\n|t:|1698730709\n|-terastallize|p2a: Scizor|Steel\n|move|p2a: Scizor|Bullet Punch|p1a: Calyrex\n|-crit|p1a: Calyrex\n|-enditem|p1a: Calyrex|Focus Sash\n|-damage|p1a: Calyrex|1\/100\n|move|p1a: Calyrex|Astral Barrage|p2a: Scizor\n|-damage|p2a: Scizor|0 fnt\n|faint|p2a: Scizor\n|-ability|p1a: Calyrex|Grim Neigh|boost\n|-boost|p1a: Calyrex|spa|1\n|\n|upkeep\n|\n|t:|1698730723\n|switch|p2a: Iron Valiant|Iron Valiant|100\/100\n|-enditem|p2a: Iron Valiant|Booster Energy\n|-activate|p2a: Iron Valiant|ability: Quark Drive|[fromitem]\n|-start|p2a: Iron Valiant|quarkdrivespe\n|turn|26\n|\n|t:|1698730730\n|move|p2a: Iron Valiant|Psycho Cut|p1a: Calyrex\n|-resisted|p1a: Calyrex\n|-damage|p1a: Calyrex|0 fnt\n|faint|p1a: Calyrex\n|\n|upkeep\n|\n|t:|1698730736\n|switch|p1a: Dudunsparce|Dudunsparce, F|96\/100\n|-activate|p1a: Dudunsparce|move: Sticky Web\n|-unboost|p1a: Dudunsparce|spe|1\n|turn|27\n|\n|t:|1698730743\n|move|p2a: Iron Valiant|Close Combat|p1a: Dudunsparce\n|-supereffective|p1a: Dudunsparce\n|-damage|p1a: Dudunsparce|1\/100\n|-unboost|p2a: Iron Valiant|def|1\n|-unboost|p2a: Iron Valiant|spd|1\n|-damage|p2a: Iron Valiant|84\/100|[from] item: Rocky Helmet|[of] p1a: Dudunsparce\n|move|p1a: Dudunsparce|Roost|p1a: Dudunsparce\n|-heal|p1a: Dudunsparce|51\/100\n|-singleturn|p1a: Dudunsparce|move: Roost\n|\n|upkeep\n|turn|28\n|\n|t:|1698730756\n|move|p2a: Iron Valiant|Close Combat|p1a: Dudunsparce\n|-supereffective|p1a: Dudunsparce\n|-damage|p1a: Dudunsparce|0 fnt\n|-unboost|p2a: Iron Valiant|def|1\n|-unboost|p2a: Iron Valiant|spd|1\n|-damage|p2a: Iron Valiant|67\/100|[from] item: Rocky Helmet|[of] p1a: Dudunsparce\n|faint|p1a: Dudunsparce\n|\n|upkeep\n|\n|t:|1698730767\n|switch|p1a: Espathra|Espathra, M|100\/100\n|-activate|p1a: Espathra|move: Sticky Web\n|-unboost|p1a: Espathra|spe|1\n|turn|29\n|\n|t:|1698730774\n|move|p1a: Espathra|Protect|p1a: Espathra\n|-singleturn|p1a: Espathra|Protect\n|move|p2a: Iron Valiant|Moonblast|p1a: Espathra\n|-activate|p1a: Espathra|move: Protect\n|\n|-ability|p1a: Espathra|Speed Boost|boost\n|-boost|p1a: Espathra|spe|1\n|upkeep\n|turn|30\n|\n|t:|1698730784\n|-end|p2a: Iron Valiant|Quark Drive|[silent]\n|switch|p2a: Salamence|Salamence, M, shiny|100\/100\n|move|p1a: Espathra|Hypnosis|p2a: Salamence\n|-status|p2a: Salamence|slp|[from] move: Hypnosis\n|\n|-ability|p1a: Espathra|Speed Boost|boost\n|-boost|p1a: Espathra|spe|1\n|upkeep\n|turn|31\n|\n|t:|1698730799\n|move|p1a: Espathra|Substitute|p1a: Espathra\n|-start|p1a: Espathra|Substitute\n|-damage|p1a: Espathra|76\/100\n|cant|p2a: Salamence|slp\n|\n|-ability|p1a: Espathra|Speed Boost|boost\n|-boost|p1a: Espathra|spe|1\n|upkeep\n|turn|32\n|\n|t:|1698730808\n|move|p1a: Espathra|Baton Pass|p1a: Espathra\n|\n|t:|1698730810\n|switch|p1a: Breloom|Breloom, F|47\/100|[from] Baton Pass\n|-activate|p1a: Breloom|move: Sticky Web\n|-unboost|p1a: Breloom|spe|1\n|cant|p2a: Salamence|slp\n|\n|upkeep\n|turn|33\n|\n|t:|1698730818\n|-singleturn|p1a: Breloom|move: Focus Punch\n|-curestatus|p2a: Salamence|slp|[msg]\n|move|p2a: Salamence|Substitute|p2a: Salamence\n|-start|p2a: Salamence|Substitute\n|-damage|p2a: Salamence|76\/100\n|move|p1a: Breloom|Focus Punch|p2a: Salamence\n|-resisted|p2a: Salamence\n|-end|p2a: Salamence|Substitute\n|\n|-heal|p2a: Salamence|82\/100|[from] item: Leftovers\n|upkeep\n|turn|34\n|\n|t:|1698730830\n|move|p1a: Breloom|Spore|p2a: Salamence\n|-status|p2a: Salamence|slp|[from] move: Spore\n|cant|p2a: Salamence|slp\n|\n|-heal|p2a: Salamence|88\/100 slp|[from] item: Leftovers\n|upkeep\n|turn|35\n|\n|t:|1698730839\n|move|p1a: Breloom|Substitute|p1a: Breloom\n|-fail|p1a: Breloom|move: Substitute\n|-curestatus|p2a: Salamence|slp|[msg]\n|move|p2a: Salamence|Dragon Dance|p2a: Salamence\n|-boost|p2a: Salamence|atk|1\n|-boost|p2a: Salamence|spe|1\n|\n|-heal|p2a: Salamence|94\/100|[from] item: Leftovers\n|upkeep\n|turn|36\n|\n|t:|1698730848\n|move|p2a: Salamence|Dual Wingbeat|p1a: Breloom\n|-supereffective|p1a: Breloom\n|-end|p1a: Breloom|Substitute\n|-supereffective|p1a: Breloom\n|-damage|p1a: Breloom|0 fnt\n|faint|p1a: Breloom\n|-ability|p2a: Salamence|Moxie|boost\n|-boost|p2a: Salamence|atk|1\n|-hitcount|p1: Breloom|2\n|\n|-heal|p2a: Salamence|99\/100|[from] item: Leftovers\n|upkeep\n|\n|t:|1698730864\n|switch|p1a: Espathra|Espathra, M|76\/100\n|-activate|p1a: Espathra|move: Sticky Web\n|-unboost|p1a: Espathra|spe|1\n|turn|37\n|\n|t:|1698730869\n|move|p1a: Espathra|Protect|p1a: Espathra\n|-singleturn|p1a: Espathra|Protect\n|move|p2a: Salamence|Substitute|p2a: Salamence\n|-start|p2a: Salamence|Substitute\n|-damage|p2a: Salamence|75\/100\n|\n|-heal|p2a: Salamence|81\/100|[from] item: Leftovers\n|-ability|p1a: Espathra|Speed Boost|boost\n|-boost|p1a: Espathra|spe|1\n|upkeep\n|turn|38\n|\n|t:|1698730881\n|move|p2a: Salamence|Dragon Dance|p2a: Salamence\n|-boost|p2a: Salamence|atk|1\n|-boost|p2a: Salamence|spe|1\n|move|p1a: Espathra|Substitute|p1a: Espathra\n|-start|p1a: Espathra|Substitute\n|-damage|p1a: Espathra|51\/100\n|\n|-heal|p2a: Salamence|87\/100|[from] item: Leftovers\n|-ability|p1a: Espathra|Speed Boost|boost\n|-boost|p1a: Espathra|spe|1\n|upkeep\n|turn|39\n|\n|t:|1698730892\n|move|p2a: Salamence|Dragon Dance|p2a: Salamence\n|-boost|p2a: Salamence|atk|1\n|-boost|p2a: Salamence|spe|1\n|move|p1a: Espathra|Baton Pass|p1a: Espathra\n|\n|t:|1698730899\n|switch|p1a: Whooping cough|Zacian-Crowned, tera:Steel|100\/100|[from] Baton Pass\n|-activate|p1a: Whooping cough|move: Sticky Web\n|-unboost|p1a: Whooping cough|spe|1\n|\n|-heal|p2a: Salamence|93\/100|[from] item: Leftovers\n|upkeep\n|turn|40\n|\n|t:|1698730907\n|move|p2a: Salamence|Dual Wingbeat|p1a: Whooping cough\n|-resisted|p1a: Whooping cough\n|-end|p1a: Whooping cough|Substitute\n|-resisted|p1a: Whooping cough\n|-damage|p1a: Whooping cough|69\/100\n|-hitcount|p1a: Whooping cough|2\n|move|p1a: Whooping cough|Behemoth Blade|p2a: Salamence\n|-end|p2a: Salamence|Substitute\n|\n|-heal|p2a: Salamence|99\/100|[from] item: Leftovers\n|upkeep\n|turn|41\n|\n|t:|1698730922\n|move|p2a: Salamence|Dual Wingbeat|p1a: Whooping cough\n|-resisted|p1a: Whooping cough\n|-damage|p1a: Whooping cough|34\/100\n|-resisted|p1a: Whooping cough\n|-damage|p1a: Whooping cough|1\/100\n|-hitcount|p1a: Whooping cough|2\n|move|p1a: Whooping cough|Behemoth Blade|p2a: Salamence\n|-damage|p2a: Salamence|10\/100\n|\n|-heal|p2a: Salamence|16\/100|[from] item: Leftovers\n|upkeep\n|turn|42\n|\n|t:|1698730933\n|move|p1a: Whooping cough|Quick Attack|p2a: Salamence\n|-damage|p2a: Salamence|0 fnt\n|faint|p2a: Salamence\n|\n|upkeep\n|\n|t:|1698730938\n|switch|p2a: Dondozo|Dondozo, M, shiny|59\/100\n|turn|43\n|\n|t:|1698730951\n|switch|p1a: Espathra|Espathra, M|51\/100\n|-activate|p1a: Espathra|move: Sticky Web\n|-unboost|p1a: Espathra|spe|1\n|move|p2a: Dondozo|Liquidation|p1a: Espathra\n|-damage|p1a: Espathra|13\/100\n|\n|-heal|p2a: Dondozo|65\/100|[from] item: Leftovers\n|upkeep\n|turn|44\n|\n|t:|1698730961\n|move|p1a: Espathra|Hypnosis|p2a: Dondozo|[miss]\n|-miss|p1a: Espathra|p2a: Dondozo\n|move|p2a: Dondozo|Curse|p2a: Dondozo\n|-unboost|p2a: Dondozo|spe|1\n|-boost|p2a: Dondozo|atk|1\n|-boost|p2a: Dondozo|def|1\n|\n|-heal|p2a: Dondozo|72\/100|[from] item: Leftovers\n|-ability|p1a: Espathra|Speed Boost|boost\n|-boost|p1a: Espathra|spe|1\n|upkeep\n|turn|45\n|\n|t:|1698730972\n|move|p1a: Espathra|Hypnosis|p2a: Dondozo|[miss]\n|-miss|p1a: Espathra|p2a: Dondozo\n|move|p2a: Dondozo|Liquidation|p1a: Espathra\n|-damage|p1a: Espathra|0 fnt\n|faint|p1a: Espathra\n|\n|-heal|p2a: Dondozo|78\/100|[from] item: Leftovers\n|upkeep\n|\n|t:|1698730982\n|switch|p1a: Regieleki|Regieleki|100\/100\n|-activate|p1a: Regieleki|move: Sticky Web\n|-unboost|p1a: Regieleki|spe|1\n|turn|46\n|\n|t:|1698730987\n|move|p1a: Regieleki|Thunder Cage|p2a: Dondozo\n|-supereffective|p2a: Dondozo\n|-damage|p2a: Dondozo|0 fnt\n|faint|p2a: Dondozo\n|\n|upkeep\n|\n|t:|1698730992\n|switch|p2a: Clefable|Clefable, F|1\/100\n|turn|47\n|\n|t:|1698730996\n|move|p1a: Regieleki|Thunderbolt|p2a: Clefable\n|-damage|p2a: Clefable|0 fnt\n|faint|p2a: Clefable\n|\n|upkeep\n|\n|t:|1698731000\n|switch|p2a: Iron Valiant|Iron Valiant|67\/100\n|turn|48\n|\n|t:|1698731006\n|move|p2a: Iron Valiant|Close Combat|p1a: Regieleki\n|-damage|p1a: Regieleki|15\/100\n|-unboost|p2a: Iron Valiant|def|1\n|-unboost|p2a: Iron Valiant|spd|1\n|move|p1a: Regieleki|Thunder Cage|p2a: Iron Valiant\n|-damage|p2a: Iron Valiant|0 fnt\n|faint|p2a: Iron Valiant\n|-end|p2a: Iron Valiant|Quark Drive|[silent]\n|\n|win|Dumbfudge\n|raw|Dumbfudge's rating: 1232 &rarr; <strong>1264<\/strong><br \/>(+32 for winning)\n|raw|UnShallow's rating: 1339 &rarr; <strong>1313<\/strong><br \/>(-26 for losing)\n|l|\u2606UnShallow\n","uploadtime":1698731031,"views":8,"p1id":"dumbfudge","p2id":"unshallow","formatid":"gen9anythinggoes","rating":1264,"private":0,"password":""}