{"id":"gen9anythinggoes-1982324011","p1":"bediv","p2":"What to do in Gen9","format":"[Gen 9] Anything Goes","log":"|j|\u2606bediv\n|j|\u2606What to do in Gen9\n|t:|1698997494\n|gametype|singles\n|player|p1|bediv|steven|1465\n|player|p2|What to do in Gen9|preschooler|1516\n|teamsize|p1|6\n|teamsize|p2|6\n|gen|9\n|tier|[Gen 9] Anything Goes\n|rated|\n|rule|HP Percentage Mod: HP is shown in percentages\n|rule|Endless Battle Clause: Forcing endless battles is banned\n|clearpoke\n|poke|p1|Glimmora, F|\n|poke|p1|Chansey, F|\n|poke|p1|Wo-Chien|\n|poke|p1|Calyrex-Shadow|\n|poke|p1|Toxapex, M|\n|poke|p1|Dondozo, F|\n|poke|p2|Forretress, M|\n|poke|p2|Blissey, F|\n|poke|p2|Dondozo, F|\n|poke|p2|Clodsire, M|\n|poke|p2|Toxapex, F|\n|poke|p2|Skeledirge, F|\n|teampreview\n|inactive|Battle timer is ON: inactive players will automatically lose when time's up. (requested by What to do in Gen9)\n|\n|t:|1698997504\n|start\n|switch|p1a: Glimmora|Glimmora, F|100\/100\n|switch|p2a: Forretress|Forretress, M|100\/100\n|turn|1\n|\n|t:|1698997512\n|switch|p2a: Blissey|Blissey, F|100\/100\n|move|p1a: Glimmora|Earth Power|p2a: Blissey\n|-damage|p2a: Blissey|90\/100\n|\n|upkeep\n|turn|2\n|\n|t:|1698997518\n|move|p1a: Glimmora|Mortal Spin|p2a: Blissey\n|-damage|p2a: Blissey|85\/100\n|-status|p2a: Blissey|psn\n|move|p2a: Blissey|Sing|p1a: Glimmora|[miss]\n|-miss|p2a: Blissey|p1a: Glimmora\n|\n|-damage|p2a: Blissey|73\/100 psn|[from] psn\n|upkeep\n|turn|3\n|\n|t:|1698997529\n|switch|p1a: Wo-Chien|Wo-Chien|100\/100\n|-ability|p1a: Wo-Chien|Tablets of Ruin\n|move|p2a: Blissey|Sing|p1a: Wo-Chien\n|-status|p1a: Wo-Chien|slp|[from] move: Sing\n|\n|-damage|p2a: Blissey|60\/100 psn|[from] psn\n|upkeep\n|turn|4\n|\n|t:|1698997538\n|cant|p1a: Wo-Chien|slp\n|move|p2a: Blissey|Soft-Boiled|p2a: Blissey\n|-heal|p2a: Blissey|100\/100 psn\n|\n|-damage|p2a: Blissey|88\/100 psn|[from] psn\n|upkeep\n|turn|5\n|\n|t:|1698997552\n|-curestatus|p2a: Blissey|psn|[from] ability: Natural Cure\n|switch|p2a: Clodsire|Clodsire, M|100\/100\n|-curestatus|p1a: Wo-Chien|slp|[msg]\n|move|p1a: Wo-Chien|Leech Seed|p2a: Clodsire\n|-start|p2a: Clodsire|move: Leech Seed\n|\n|-damage|p2a: Clodsire|88\/100|[from] Leech Seed|[of] p1a: Wo-Chien\n|upkeep\n|turn|6\n|\n|t:|1698997566\n|move|p1a: Wo-Chien|Protect|p1a: Wo-Chien\n|-singleturn|p1a: Wo-Chien|Protect\n|move|p2a: Clodsire|Toxic|p1a: Wo-Chien\n|-activate|p1a: Wo-Chien|move: Protect\n|\n|-damage|p2a: Clodsire|76\/100|[from] Leech Seed|[of] p1a: Wo-Chien\n|upkeep\n|turn|7\n|\n|t:|1698997579\n|move|p1a: Wo-Chien|Substitute|p1a: Wo-Chien\n|-start|p1a: Wo-Chien|Substitute\n|-damage|p1a: Wo-Chien|76\/100\n|move|p2a: Clodsire|Spikes|p1a: Wo-Chien\n|-sidestart|p1: bediv|Spikes\n|\n|-damage|p2a: Clodsire|64\/100|[from] Leech Seed|[of] p1a: Wo-Chien\n|-heal|p1a: Wo-Chien|95\/100|[silent]\n|upkeep\n|turn|8\n|\n|t:|1698997587\n|move|p1a: Wo-Chien|Dark Pulse|p2a: Clodsire\n|-damage|p2a: Clodsire|50\/100\n|move|p2a: Clodsire|Spikes|p1a: Wo-Chien\n|-sidestart|p1: bediv|Spikes\n|\n|-damage|p2a: Clodsire|38\/100|[from] Leech Seed|[of] p1a: Wo-Chien\n|-heal|p1a: Wo-Chien|100\/100|[silent]\n|upkeep\n|turn|9\n|\n|t:|1698997599\n|move|p1a: Wo-Chien|Dark Pulse|p2a: Clodsire\n|-crit|p2a: Clodsire\n|-damage|p2a: Clodsire|18\/100\n|move|p2a: Clodsire|Recover|p2a: Clodsire\n|-heal|p2a: Clodsire|69\/100\n|\n|-damage|p2a: Clodsire|56\/100|[from] Leech Seed|[of] p1a: Wo-Chien\n|upkeep\n|turn|10\n|\n|t:|1698997609\n|switch|p1a: Toxapex|Toxapex, M|100\/100\n|-damage|p1a: Toxapex|84\/100|[from] Spikes\n|move|p2a: Clodsire|Recover|p2a: Clodsire\n|-heal|p2a: Clodsire|100\/100\n|\n|-heal|p1a: Toxapex|90\/100|[from] item: Black Sludge\n|-damage|p2a: Clodsire|88\/100|[from] Leech Seed|[of] p1a: Toxapex\n|-heal|p1a: Toxapex|100\/100|[silent]\n|upkeep\n|turn|11\n|\n|t:|1698997620\n|move|p1a: Toxapex|Liquidation|p2a: Clodsire\n|-supereffective|p2a: Clodsire\n|-damage|p2a: Clodsire|44\/100\n|move|p2a: Clodsire|Spikes|p1a: Toxapex\n|-sidestart|p1: bediv|Spikes\n|\n|-damage|p2a: Clodsire|31\/100|[from] Leech Seed|[of] p1a: Toxapex\n|upkeep\n|turn|12\n|\n|t:|1698997628\n|switch|p2a: Toxapex|Toxapex, F|100\/100\n|move|p1a: Toxapex|Liquidation|p2a: Toxapex\n|-resisted|p2a: Toxapex\n|-damage|p2a: Toxapex|94\/100\n|\n|-heal|p2a: Toxapex|100\/100|[from] item: Leftovers\n|upkeep\n|turn|13\n|\n|t:|1698997639\n|move|p1a: Toxapex|Toxic Spikes|p2a: Toxapex\n|-sidestart|p2: What to do in Gen9|move: Toxic Spikes\n|move|p2a: Toxapex|Toxic Spikes|p1a: Toxapex\n|-sidestart|p1: bediv|move: Toxic Spikes\n|\n|upkeep\n|turn|14\n|\n|t:|1698997646\n|move|p2a: Toxapex|Toxic Spikes|p1a: Toxapex\n|-sidestart|p1: bediv|move: Toxic Spikes\n|move|p1a: Toxapex|Toxic Spikes|p2a: Toxapex\n|-sidestart|p2: What to do in Gen9|move: Toxic Spikes\n|\n|upkeep\n|turn|15\n|\n|t:|1698997651\n|switch|p2a: Forretress|Forretress, M|100\/100\n|move|p1a: Toxapex|Liquidation|p2a: Forretress\n|-damage|p2a: Forretress|90\/100\n|\n|upkeep\n|turn|16\n|\n|t:|1698997663\n|move|p2a: Forretress|Rapid Spin|p1a: Toxapex\n|-damage|p1a: Toxapex|93\/100\n|-boost|p2a: Forretress|spe|1\n|-sideend|p2: What to do in Gen9|Toxic Spikes|[from] move: Rapid Spin|[of] p2a: Forretress\n|move|p1a: Toxapex|Liquidation|p2a: Forretress\n|-damage|p2a: Forretress|80\/100\n|\n|-heal|p1a: Toxapex|99\/100|[from] item: Black Sludge\n|upkeep\n|turn|17\n|\n|t:|1698997674\n|move|p2a: Forretress|Stealth Rock|p1a: Toxapex\n|-sidestart|p1: bediv|move: Stealth Rock\n|move|p1a: Toxapex|Liquidation|p2a: Forretress\n|-damage|p2a: Forretress|69\/100\n|\n|-heal|p1a: Toxapex|100\/100|[from] item: Black Sludge\n|upkeep\n|turn|18\n|\n|t:|1698997682\n|move|p1a: Toxapex|Liquidation|p2a: Forretress\n|-damage|p2a: Forretress|59\/100\n|move|p2a: Forretress|Counter|p1a: Toxapex\n|-damage|p1a: Toxapex|76\/100\n|\n|-heal|p1a: Toxapex|82\/100|[from] item: Black Sludge\n|upkeep\n|turn|19\n|\n|t:|1698997706\n|move|p1a: Toxapex|Liquidation|p2a: Forretress\n|-damage|p2a: Forretress|48\/100\n|-unboost|p2a: Forretress|def|1\n|move|p2a: Forretress|Counter|p1a: Toxapex\n|-damage|p1a: Toxapex|58\/100\n|\n|-heal|p1a: Toxapex|64\/100|[from] item: Black Sludge\n|upkeep\n|turn|20\n|\n|t:|1698997716\n|move|p1a: Toxapex|Recover|p1a: Toxapex\n|-heal|p1a: Toxapex|100\/100\n|move|p2a: Forretress|Counter||[still]\n|-fail|p2a: Forretress\n|\n|upkeep\n|turn|21\n|\n|t:|1698997722\n|move|p1a: Toxapex|Liquidation|p2a: Forretress\n|-damage|p2a: Forretress|32\/100\n|move|p2a: Forretress|Counter|p1a: Toxapex\n|-damage|p1a: Toxapex|63\/100\n|\n|-heal|p1a: Toxapex|69\/100|[from] item: Black Sludge\n|upkeep\n|turn|22\n|\n|t:|1698997731\n|move|p2a: Forretress|Rest|p2a: Forretress\n|-status|p2a: Forretress|slp|[from] move: Rest\n|-heal|p2a: Forretress|100\/100 slp|[silent]\n|-enditem|p2a: Forretress|Chesto Berry|[eat]\n|-curestatus|p2a: Forretress|slp|[msg]\n|move|p1a: Toxapex|Toxic Spikes|p2a: Forretress\n|-sidestart|p2: What to do in Gen9|move: Toxic Spikes\n|\n|-heal|p1a: Toxapex|75\/100|[from] item: Black Sludge\n|upkeep\n|turn|23\n|\n|t:|1698997741\n|move|p2a: Forretress|Rapid Spin|p1a: Toxapex\n|-damage|p1a: Toxapex|68\/100\n|-boost|p2a: Forretress|spe|1\n|-sideend|p2: What to do in Gen9|Toxic Spikes|[from] move: Rapid Spin|[of] p2a: Forretress\n|move|p1a: Toxapex|Toxic Spikes|p2a: Forretress\n|-sidestart|p2: What to do in Gen9|move: Toxic Spikes\n|\n|-heal|p1a: Toxapex|75\/100|[from] item: Black Sludge\n|upkeep\n|turn|24\n|\n|t:|1698997750\n|move|p2a: Forretress|Rapid Spin|p1a: Toxapex\n|-damage|p1a: Toxapex|67\/100\n|-boost|p2a: Forretress|spe|1\n|-sideend|p2: What to do in Gen9|Toxic Spikes|[from] move: Rapid Spin|[of] p2a: Forretress\n|move|p1a: Toxapex|Liquidation|p2a: Forretress\n|-damage|p2a: Forretress|82\/100\n|\n|-heal|p1a: Toxapex|73\/100|[from] item: Black Sludge\n|upkeep\n|turn|25\n|\n|t:|1698997759\n|move|p1a: Toxapex|Liquidation|p2a: Forretress\n|-damage|p2a: Forretress|65\/100\n|move|p2a: Forretress|Counter|p1a: Toxapex\n|-damage|p1a: Toxapex|32\/100\n|\n|-heal|p1a: Toxapex|38\/100|[from] item: Black Sludge\n|upkeep\n|turn|26\n|\n|t:|1698997767\n|move|p2a: Forretress|Rapid Spin|p1a: Toxapex\n|-damage|p1a: Toxapex|31\/100\n|-boost|p2a: Forretress|spe|1\n|move|p1a: Toxapex|Recover|p1a: Toxapex\n|-heal|p1a: Toxapex|81\/100\n|\n|-heal|p1a: Toxapex|88\/100|[from] item: Black Sludge\n|upkeep\n|turn|27\n|\n|t:|1698997776\n|move|p1a: Toxapex|Liquidation|p2a: Forretress\n|-damage|p2a: Forretress|48\/100\n|-unboost|p2a: Forretress|def|1\n|move|p2a: Forretress|Counter|p1a: Toxapex\n|-damage|p1a: Toxapex|50\/100\n|\n|-heal|p1a: Toxapex|56\/100|[from] item: Black Sludge\n|upkeep\n|turn|28\n|\n|t:|1698997785\n|move|p2a: Forretress|Rest|p2a: Forretress\n|-status|p2a: Forretress|slp|[from] move: Rest\n|-heal|p2a: Forretress|100\/100 slp|[silent]\n|move|p1a: Toxapex|Recover|p1a: Toxapex\n|-heal|p1a: Toxapex|100\/100\n|\n|upkeep\n|turn|29\n|\n|t:|1698997793\n|move|p1a: Toxapex|Liquidation|p2a: Forretress\n|-damage|p2a: Forretress|77\/100 slp\n|cant|p2a: Forretress|slp\n|\n|upkeep\n|turn|30\n|\n|t:|1698997798\n|move|p1a: Toxapex|Liquidation|p2a: Forretress\n|-damage|p2a: Forretress|54\/100 slp\n|cant|p2a: Forretress|slp\n|\n|upkeep\n|turn|31\n|\n|t:|1698997804\n|move|p1a: Toxapex|Liquidation|p2a: Forretress\n|-damage|p2a: Forretress|33\/100 slp\n|-curestatus|p2a: Forretress|slp|[msg]\n|move|p2a: Forretress|Counter|p1a: Toxapex\n|-damage|p1a: Toxapex|50\/100\n|\n|-heal|p1a: Toxapex|57\/100|[from] item: Black Sludge\n|upkeep\n|turn|32\n|\n|t:|1698997814\n|move|p2a: Forretress|Rest|p2a: Forretress\n|-status|p2a: Forretress|slp|[from] move: Rest\n|-heal|p2a: Forretress|100\/100 slp|[silent]\n|move|p1a: Toxapex|Recover|p1a: Toxapex\n|-heal|p1a: Toxapex|100\/100\n|\n|upkeep\n|turn|33\n|\n|t:|1698997822\n|move|p1a: Toxapex|Liquidation|p2a: Forretress\n|-damage|p2a: Forretress|78\/100 slp\n|cant|p2a: Forretress|slp\n|\n|upkeep\n|turn|34\n|\n|t:|1698997828\n|move|p1a: Toxapex|Liquidation|p2a: Forretress\n|-damage|p2a: Forretress|55\/100 slp\n|cant|p2a: Forretress|slp\n|\n|upkeep\n|turn|35\n|\n|t:|1698997839\n|switch|p2a: Clodsire|Clodsire, M|31\/100\n|switch|p1a: Glimmora|Glimmora, F|100\/100\n|-damage|p1a: Glimmora|76\/100|[from] Spikes\n|-sideend|p1: bediv|move: Toxic Spikes|[of] p1a: Glimmora\n|-damage|p1a: Glimmora|63\/100|[from] Stealth Rock\n|\n|upkeep\n|turn|36\n|\n|t:|1698997848\n|switch|p2a: Forretress|Forretress, M|55\/100 slp\n|move|p1a: Glimmora|Mortal Spin|p2a: Forretress\n|-immune|p2a: Forretress\n|\n|upkeep\n|turn|37\n|\n|t:|1698997868\n|switch|p1a: Wo-Chien|Wo-Chien|100\/100\n|-damage|p1a: Wo-Chien|76\/100|[from] Spikes\n|-damage|p1a: Wo-Chien|63\/100|[from] Stealth Rock\n|-ability|p1a: Wo-Chien|Tablets of Ruin\n|switch|p2a: Blissey|Blissey, F|88\/100\n|\n|upkeep\n|turn|38\n|\n|t:|1698997879\n|switch|p2a: Clodsire|Clodsire, M|31\/100\n|move|p1a: Wo-Chien|Leech Seed|p2a: Clodsire\n|-start|p2a: Clodsire|move: Leech Seed\n|\n|-damage|p2a: Clodsire|19\/100|[from] Leech Seed|[of] p1a: Wo-Chien\n|-heal|p1a: Wo-Chien|83\/100|[silent]\n|upkeep\n|turn|39\n|\n|t:|1698997887\n|-terastallize|p2a: Clodsire|Dark\n|move|p1a: Wo-Chien|Protect|p1a: Wo-Chien\n|-singleturn|p1a: Wo-Chien|Protect\n|move|p2a: Clodsire|Recover|p2a: Clodsire\n|-heal|p2a: Clodsire|69\/100\n|\n|-damage|p2a: Clodsire|57\/100|[from] Leech Seed|[of] p1a: Wo-Chien\n|-heal|p1a: Wo-Chien|100\/100|[silent]\n|upkeep\n|turn|40\n|\n|t:|1698997897\n|move|p1a: Wo-Chien|Substitute|p1a: Wo-Chien\n|-start|p1a: Wo-Chien|Substitute\n|-damage|p1a: Wo-Chien|76\/100\n|move|p2a: Clodsire|Recover|p2a: Clodsire\n|-heal|p2a: Clodsire|100\/100\n|\n|-damage|p2a: Clodsire|88\/100|[from] Leech Seed|[of] p1a: Wo-Chien\n|-heal|p1a: Wo-Chien|95\/100|[silent]\n|upkeep\n|turn|41\n|\n|t:|1698997908\n|switch|p2a: Blissey|Blissey, F|88\/100\n|move|p1a: Wo-Chien|Dark Pulse|p2a: Blissey\n|-crit|p2a: Blissey\n|-damage|p2a: Blissey|74\/100\n|\n|upkeep\n|turn|42\n|\n|t:|1698997915\n|move|p1a: Wo-Chien|Leech Seed|p2a: Blissey\n|-start|p2a: Blissey|move: Leech Seed\n|move|p2a: Blissey|Sing|p1a: Wo-Chien|[miss]\n|-miss|p2a: Blissey|p1a: Wo-Chien\n|\n|-damage|p2a: Blissey|61\/100|[from] Leech Seed|[of] p1a: Wo-Chien\n|-heal|p1a: Wo-Chien|100\/100|[silent]\n|upkeep\n|turn|43\n|\n|t:|1698997924\n|move|p1a: Wo-Chien|Dark Pulse|p2a: Blissey\n|-damage|p2a: Blissey|51\/100\n|move|p2a: Blissey|Soft-Boiled|p2a: Blissey\n|-heal|p2a: Blissey|100\/100\n|\n|-damage|p2a: Blissey|88\/100|[from] Leech Seed|[of] p1a: Wo-Chien\n|upkeep\n|turn|44\n|\n|t:|1698997933\n|move|p1a: Wo-Chien|Dark Pulse|p2a: Blissey\n|-damage|p2a: Blissey|79\/100\n|move|p2a: Blissey|Sing|p1a: Wo-Chien\n|-status|p1a: Wo-Chien|slp|[from] move: Sing\n|\n|-damage|p2a: Blissey|66\/100|[from] Leech Seed|[of] p1a: Wo-Chien\n|upkeep\n|turn|45\n|\n|t:|1698997942\n|cant|p1a: Wo-Chien|slp\n|move|p2a: Blissey|Heal Bell|p2a: Blissey\n|-activate|p2a: Blissey|move: Heal Bell\n|-curestatus|p2: Forretress|slp|[msg]\n|\n|-damage|p2a: Blissey|54\/100|[from] Leech Seed|[of] p1a: Wo-Chien\n|upkeep\n|turn|46\n|\n|t:|1698997958\n|cant|p1a: Wo-Chien|slp\n|move|p2a: Blissey|Soft-Boiled|p2a: Blissey\n|-heal|p2a: Blissey|100\/100\n|\n|-damage|p2a: Blissey|88\/100|[from] Leech Seed|[of] p1a: Wo-Chien\n|upkeep\n|turn|47\n|\n|t:|1698997966\n|cant|p1a: Wo-Chien|slp\n|move|p2a: Blissey|Seismic Toss|p1a: Wo-Chien\n|-end|p1a: Wo-Chien|Substitute\n|\n|-damage|p2a: Blissey|76\/100|[from] Leech Seed|[of] p1a: Wo-Chien\n|upkeep\n|turn|48\n|\n|t:|1698997975\n|-curestatus|p1a: Wo-Chien|slp|[msg]\n|move|p1a: Wo-Chien|Substitute|p1a: Wo-Chien\n|-start|p1a: Wo-Chien|Substitute\n|-damage|p1a: Wo-Chien|76\/100\n|move|p2a: Blissey|Seismic Toss|p1a: Wo-Chien\n|-end|p1a: Wo-Chien|Substitute\n|\n|-damage|p2a: Blissey|63\/100|[from] Leech Seed|[of] p1a: Wo-Chien\n|-heal|p1a: Wo-Chien|100\/100|[silent]\n|upkeep\n|turn|49\n|\n|t:|1698997986\n|move|p1a: Wo-Chien|Substitute|p1a: Wo-Chien\n|-start|p1a: Wo-Chien|Substitute\n|-damage|p1a: Wo-Chien|76\/100\n|move|p2a: Blissey|Sing|p1a: Wo-Chien\n|-status|p1a: Wo-Chien|slp|[from] move: Sing\n|\n|-damage|p2a: Blissey|51\/100|[from] Leech Seed|[of] p1a: Wo-Chien\n|-heal|p1a: Wo-Chien|100\/100 slp|[silent]\n|upkeep\n|turn|50\n|\n|t:|1698997995\n|cant|p1a: Wo-Chien|slp\n|move|p2a: Blissey|Soft-Boiled|p2a: Blissey\n|-heal|p2a: Blissey|100\/100\n|\n|-damage|p2a: Blissey|88\/100|[from] Leech Seed|[of] p1a: Wo-Chien\n|upkeep\n|turn|51\n|\n|t:|1698998002\n|switch|p2a: Skeledirge|Skeledirge, F|100\/100\n|cant|p1a: Wo-Chien|slp\n|\n|upkeep\n|turn|52\n|\n|t:|1698998010\n|switch|p1a: Chansey|Chansey, F|100\/100\n|-damage|p1a: Chansey|75\/100|[from] Spikes\n|-damage|p1a: Chansey|63\/100|[from] Stealth Rock\n|move|p2a: Skeledirge|Torch Song|p1a: Chansey\n|-damage|p1a: Chansey|56\/100\n|-boost|p2a: Skeledirge|spa|1\n|\n|upkeep\n|turn|53\n|\n|t:|1698998028\n|move|p2a: Skeledirge|Torch Song|p1a: Chansey\n|-damage|p1a: Chansey|45\/100\n|-boost|p2a: Skeledirge|spa|1\n|move|p1a: Chansey|Heal Bell|p1a: Chansey\n|-activate|p1a: Chansey|move: Heal Bell\n|-curestatus|p1: Wo-Chien|slp|[msg]\n|\n|upkeep\n|turn|54\n|\n|t:|1698998037\n|move|p2a: Skeledirge|Torch Song|p1a: Chansey\n|-damage|p1a: Chansey|31\/100\n|-boost|p2a: Skeledirge|spa|1\n|move|p1a: Chansey|Soft-Boiled|p1a: Chansey\n|-heal|p1a: Chansey|81\/100\n|\n|upkeep\n|turn|55\n|\n|t:|1698998045\n|move|p2a: Skeledirge|Torch Song|p1a: Chansey\n|-damage|p1a: Chansey|66\/100\n|-boost|p2a: Skeledirge|spa|1\n|move|p1a: Chansey|Shadow Ball|p2a: Skeledirge\n|-supereffective|p2a: Skeledirge\n|-damage|p2a: Skeledirge|84\/100\n|\n|upkeep\n|turn|56\n|\n|t:|1698998067\n|move|p2a: Skeledirge|Torch Song|p1a: Chansey\n|-damage|p1a: Chansey|45\/100\n|-boost|p2a: Skeledirge|spa|1\n|move|p1a: Chansey|Stealth Rock|p2a: Skeledirge\n|-sidestart|p2: What to do in Gen9|move: Stealth Rock\n|\n|upkeep\n|turn|57\n|\n|t:|1698998078\n|move|p2a: Skeledirge|Torch Song|p1a: Chansey\n|-damage|p1a: Chansey|22\/100\n|-boost|p2a: Skeledirge|spa|1\n|move|p1a: Chansey|Soft-Boiled|p1a: Chansey\n|-heal|p1a: Chansey|72\/100\n|\n|upkeep\n|turn|58\n|\n|t:|1698998086\n|move|p2a: Skeledirge|Will-O-Wisp|p1a: Chansey\n|-status|p1a: Chansey|brn\n|move|p1a: Chansey|Soft-Boiled|p1a: Chansey\n|-heal|p1a: Chansey|100\/100 brn\n|\n|-damage|p1a: Chansey|94\/100 brn|[from] brn\n|upkeep\n|turn|59\n|\n|t:|1698998095\n|move|p2a: Skeledirge|Torch Song|p1a: Chansey\n|-damage|p1a: Chansey|67\/100 brn\n|move|p1a: Chansey|Shadow Ball|p2a: Skeledirge\n|-supereffective|p2a: Skeledirge\n|-damage|p2a: Skeledirge|67\/100\n|\n|-damage|p1a: Chansey|61\/100 brn|[from] brn\n|upkeep\n|turn|60\n|\n|t:|1698998104\n|move|p2a: Skeledirge|Torch Song|p1a: Chansey\n|-damage|p1a: Chansey|36\/100 brn\n|move|p1a: Chansey|Shadow Ball|p2a: Skeledirge\n|-supereffective|p2a: Skeledirge\n|-crit|p2a: Skeledirge\n|-damage|p2a: Skeledirge|42\/100\n|\n|-damage|p1a: Chansey|30\/100 brn|[from] brn\n|upkeep\n|turn|61\n|\n|t:|1698998114\n|move|p2a: Skeledirge|Torch Song|p1a: Chansey\n|-damage|p1a: Chansey|3\/100 brn\n|move|p1a: Chansey|Soft-Boiled|p1a: Chansey\n|-heal|p1a: Chansey|53\/100 brn\n|\n|-damage|p1a: Chansey|47\/100 brn|[from] brn\n|upkeep\n|turn|62\n|\n|t:|1698998122\n|move|p2a: Skeledirge|Slack Off|p2a: Skeledirge\n|-heal|p2a: Skeledirge|92\/100\n|move|p1a: Chansey|Soft-Boiled|p1a: Chansey\n|-heal|p1a: Chansey|97\/100 brn\n|\n|-damage|p1a: Chansey|90\/100 brn|[from] brn\n|upkeep\n|turn|63\n|\n|t:|1698998130\n|move|p2a: Skeledirge|Torch Song|p1a: Chansey\n|-damage|p1a: Chansey|65\/100 brn\n|move|p1a: Chansey|Heal Bell|p1a: Chansey\n|-activate|p1a: Chansey|move: Heal Bell\n|-curestatus|p1a: Chansey|brn|[msg]\n|\n|upkeep\n|turn|64\n|\n|t:|1698998139\n|move|p2a: Skeledirge|Will-O-Wisp|p1a: Chansey\n|-status|p1a: Chansey|brn\n|move|p1a: Chansey|Shadow Ball|p2a: Skeledirge\n|-supereffective|p2a: Skeledirge\n|-damage|p2a: Skeledirge|75\/100\n|\n|-damage|p1a: Chansey|58\/100 brn|[from] brn\n|upkeep\n|turn|65\n|\n|t:|1698998149\n|move|p2a: Skeledirge|Torch Song|p1a: Chansey\n|-damage|p1a: Chansey|32\/100 brn\n|move|p1a: Chansey|Shadow Ball|p2a: Skeledirge\n|-supereffective|p2a: Skeledirge\n|-crit|p2a: Skeledirge\n|-damage|p2a: Skeledirge|50\/100\n|\n|-damage|p1a: Chansey|26\/100 brn|[from] brn\n|upkeep\n|turn|66\n|\n|t:|1698998159\n|move|p2a: Skeledirge|Torch Song|p1a: Chansey\n|-damage|p1a: Chansey|0 fnt\n|faint|p1a: Chansey\n|\n|upkeep\n|\n|t:|1698998164\n|switch|p1a: Calyrex|Calyrex-Shadow|100\/100\n|-ability|p1a: Calyrex|As One\n|-ability|p1a: Calyrex|Unnerve\n|-damage|p1a: Calyrex|76\/100|[from] Spikes\n|-damage|p1a: Calyrex|63\/100|[from] Stealth Rock\n|turn|67\n|\n|t:|1698998172\n|switch|p2a: Clodsire|Clodsire, M, tera:Dark|88\/100\n|move|p1a: Calyrex|Astral Barrage|p2a: Clodsire\n|-resisted|p2a: Clodsire\n|-damage|p2a: Clodsire|62\/100\n|-damage|p1a: Calyrex|53\/100|[from] item: Life Orb\n|\n|upkeep\n|turn|68\n|\n|t:|1698998187\n|switch|p1a: Wo-Chien|Wo-Chien|100\/100\n|-damage|p1a: Wo-Chien|76\/100|[from] Spikes\n|-damage|p1a: Wo-Chien|63\/100|[from] Stealth Rock\n|-ability|p1a: Wo-Chien|Tablets of Ruin\n|move|p2a: Clodsire|Recover|p2a: Clodsire\n|-heal|p2a: Clodsire|100\/100\n|\n|upkeep\n|turn|69\n|\n|t:|1698998197\n|move|p1a: Wo-Chien|Substitute|p1a: Wo-Chien\n|-start|p1a: Wo-Chien|Substitute\n|-damage|p1a: Wo-Chien|38\/100\n|move|p2a: Clodsire|Toxic||[still]\n|-fail|p2a: Clodsire\n|\n|upkeep\n|turn|70\n|\n|t:|1698998205\n|switch|p2a: Forretress|Forretress, M|55\/100\n|-damage|p2a: Forretress|42\/100|[from] Stealth Rock\n|move|p1a: Wo-Chien|Leech Seed|p2a: Forretress\n|-start|p2a: Forretress|move: Leech Seed\n|\n|-damage|p2a: Forretress|30\/100|[from] Leech Seed|[of] p1a: Wo-Chien\n|-heal|p1a: Wo-Chien|54\/100|[silent]\n|upkeep\n|turn|71\n|\n|t:|1698998215\n|move|p1a: Wo-Chien|Dark Pulse|p2a: Forretress\n|-damage|p2a: Forretress|0 fnt\n|faint|p2a: Forretress\n|\n|upkeep\n|\n|t:|1698998220\n|switch|p2a: Blissey|Blissey, F|88\/100\n|turn|72\n|\n|t:|1698998224\n|move|p1a: Wo-Chien|Leech Seed|p2a: Blissey\n|-start|p2a: Blissey|move: Leech Seed\n|move|p2a: Blissey|Sing|p1a: Wo-Chien\n|-status|p1a: Wo-Chien|slp|[from] move: Sing\n|\n|-damage|p2a: Blissey|76\/100|[from] Leech Seed|[of] p1a: Wo-Chien\n|-heal|p1a: Wo-Chien|85\/100 slp|[silent]\n|upkeep\n|turn|73\n|\n|t:|1698998237\n|switch|p1a: Glimmora|Glimmora, F|63\/100\n|-damage|p1a: Glimmora|38\/100|[from] Spikes\n|-damage|p1a: Glimmora|26\/100|[from] Stealth Rock\n|switch|p2a: Skeledirge|Skeledirge, F|50\/100\n|\n|upkeep\n|turn|74\n|\n|t:|1698998249\n|move|p1a: Glimmora|Mortal Spin|p2a: Skeledirge\n|-resisted|p2a: Skeledirge\n|-damage|p2a: Skeledirge|48\/100\n|-status|p2a: Skeledirge|psn\n|-sideend|p1: bediv|Spikes|[from] move: Mortal Spin|[of] p1a: Glimmora\n|-sideend|p1: bediv|Stealth Rock|[from] move: Mortal Spin|[of] p1a: Glimmora\n|move|p2a: Skeledirge|Hex|p1a: Glimmora\n|-damage|p1a: Glimmora|1\/100\n|\n|-damage|p2a: Skeledirge|36\/100 psn|[from] psn\n|upkeep\n|turn|75\n|\n|t:|1698998265\n|switch|p2a: Blissey|Blissey, F|76\/100\n|move|p1a: Glimmora|Spikes|p2a: Blissey\n|-sidestart|p2: What to do in Gen9|Spikes\n|\n|upkeep\n|turn|76\n|\n|t:|1698998275\n|move|p1a: Glimmora|Spikes|p2a: Blissey\n|-sidestart|p2: What to do in Gen9|Spikes\n|move|p2a: Blissey|Seismic Toss|p1a: Glimmora\n|-damage|p1a: Glimmora|0 fnt\n|-activate|p1a: Glimmora|ability: Toxic Debris\n|-sidestart|p2: What to do in Gen9|move: Toxic Spikes\n|faint|p1a: Glimmora\n|\n|upkeep\n|\n|t:|1698998284\n|switch|p1a: Wo-Chien|Wo-Chien|85\/100 slp\n|-ability|p1a: Wo-Chien|Tablets of Ruin\n|turn|77\n|\n|t:|1698998292\n|switch|p2a: Toxapex|Toxapex, F|100\/100\n|-damage|p2a: Toxapex|88\/100|[from] Stealth Rock\n|-damage|p2a: Toxapex|72\/100|[from] Spikes\n|-sideend|p2: What to do in Gen9|move: Toxic Spikes|[of] p2a: Toxapex\n|cant|p1a: Wo-Chien|slp\n|\n|-heal|p2a: Toxapex|78\/100|[from] item: Leftovers\n|upkeep\n|turn|78\n|\n|t:|1698998307\n|switch|p1a: Toxapex|Toxapex, M|100\/100\n|move|p2a: Toxapex|Toxic Spikes|p1a: Toxapex\n|-sidestart|p1: bediv|move: Toxic Spikes\n|\n|-heal|p2a: Toxapex|84\/100|[from] item: Leftovers\n|upkeep\n|turn|79\n|\n|t:|1698998317\n|move|p2a: Toxapex|Toxic Spikes|p1a: Toxapex\n|-sidestart|p1: bediv|move: Toxic Spikes\n|move|p1a: Toxapex|Toxic Spikes|p2a: Toxapex\n|-sidestart|p2: What to do in Gen9|move: Toxic Spikes\n|\n|-heal|p2a: Toxapex|90\/100|[from] item: Leftovers\n|upkeep\n|turn|80\n|\n|t:|1698998327\n|switch|p2a: Blissey|Blissey, F|76\/100\n|move|p1a: Toxapex|Toxic Spikes|p2a: Blissey\n|-sidestart|p2: What to do in Gen9|move: Toxic Spikes\n|\n|upkeep\n|turn|81\n|\n|t:|1698998334\n|switch|p1a: Wo-Chien|Wo-Chien|85\/100 slp\n|-ability|p1a: Wo-Chien|Tablets of Ruin\n|move|p2a: Blissey|Heal Bell|p2a: Blissey\n|-activate|p2a: Blissey|move: Heal Bell\n|-curestatus|p2: Skeledirge|psn|[msg]\n|\n|upkeep\n|turn|82\n|\n|t:|1698998344\n|switch|p2a: Toxapex|Toxapex, F|100\/100\n|-damage|p2a: Toxapex|88\/100|[from] Stealth Rock\n|-damage|p2a: Toxapex|72\/100|[from] Spikes\n|-sideend|p2: What to do in Gen9|move: Toxic Spikes|[of] p2a: Toxapex\n|cant|p1a: Wo-Chien|slp\n|\n|-heal|p2a: Toxapex|78\/100|[from] item: Leftovers\n|upkeep\n|turn|83\n|\n|t:|1698998356\n|switch|p2a: Clodsire|Clodsire, M, tera:Dark|100\/100\n|cant|p1a: Wo-Chien|slp\n|\n|upkeep\n|turn|84\n|\n|t:|1698998364\n|-curestatus|p1a: Wo-Chien|slp|[msg]\n|move|p1a: Wo-Chien|Protect|p1a: Wo-Chien\n|-singleturn|p1a: Wo-Chien|Protect\n|move|p2a: Clodsire|Spikes|p1a: Wo-Chien\n|-sidestart|p1: bediv|Spikes\n|\n|upkeep\n|turn|85\n|\n|t:|1698998373\n|move|p1a: Wo-Chien|Leech Seed|p2a: Clodsire\n|-start|p2a: Clodsire|move: Leech Seed\n|move|p2a: Clodsire|Spikes|p1a: Wo-Chien\n|-sidestart|p1: bediv|Spikes\n|\n|-damage|p2a: Clodsire|88\/100|[from] Leech Seed|[of] p1a: Wo-Chien\n|-heal|p1a: Wo-Chien|100\/100|[silent]\n|upkeep\n|turn|86\n|\n|t:|1698998381\n|move|p1a: Wo-Chien|Substitute|p1a: Wo-Chien\n|-start|p1a: Wo-Chien|Substitute\n|-damage|p1a: Wo-Chien|76\/100\n|move|p2a: Clodsire|Toxic||[still]\n|-fail|p2a: Clodsire\n|\n|-damage|p2a: Clodsire|76\/100|[from] Leech Seed|[of] p1a: Wo-Chien\n|-heal|p1a: Wo-Chien|95\/100|[silent]\n|upkeep\n|turn|87\n|\n|t:|1698998390\n|move|p1a: Wo-Chien|Dark Pulse|p2a: Clodsire\n|-resisted|p2a: Clodsire\n|-damage|p2a: Clodsire|69\/100\n|move|p2a: Clodsire|Spikes|p1a: Wo-Chien\n|-sidestart|p1: bediv|Spikes\n|\n|-damage|p2a: Clodsire|56\/100|[from] Leech Seed|[of] p1a: Wo-Chien\n|-heal|p1a: Wo-Chien|100\/100|[silent]\n|upkeep\n|turn|88\n|\n|t:|1698998400\n|move|p1a: Wo-Chien|Dark Pulse|p2a: Clodsire\n|-resisted|p2a: Clodsire\n|-damage|p2a: Clodsire|49\/100\n|move|p2a: Clodsire|Recover|p2a: Clodsire\n|-heal|p2a: Clodsire|99\/100\n|\n|-damage|p2a: Clodsire|87\/100|[from] Leech Seed|[of] p1a: Wo-Chien\n|upkeep\n|turn|89\n|\n|t:|1698998409\n|switch|p2a: Blissey|Blissey, F|76\/100\n|move|p1a: Wo-Chien|Dark Pulse|p2a: Blissey\n|-damage|p2a: Blissey|66\/100\n|\n|upkeep\n|turn|90\n|\n|t:|1698998417\n|move|p1a: Wo-Chien|Leech Seed|p2a: Blissey\n|-start|p2a: Blissey|move: Leech Seed\n|move|p2a: Blissey|Sing|p1a: Wo-Chien|[miss]\n|-miss|p2a: Blissey|p1a: Wo-Chien\n|\n|-damage|p2a: Blissey|53\/100|[from] Leech Seed|[of] p1a: Wo-Chien\n|upkeep\n|turn|91\n|\n|t:|1698998426\n|move|p1a: Wo-Chien|Dark Pulse|p2a: Blissey\n|-damage|p2a: Blissey|44\/100\n|move|p2a: Blissey|Soft-Boiled|p2a: Blissey\n|-heal|p2a: Blissey|94\/100\n|\n|-damage|p2a: Blissey|82\/100|[from] Leech Seed|[of] p1a: Wo-Chien\n|upkeep\n|turn|92\n|\n|t:|1698998440\n|move|p1a: Wo-Chien|Dark Pulse|p2a: Blissey\n|-damage|p2a: Blissey|72\/100\n|move|p2a: Blissey|Sing|p1a: Wo-Chien|[miss]\n|-miss|p2a: Blissey|p1a: Wo-Chien\n|\n|-damage|p2a: Blissey|59\/100|[from] Leech Seed|[of] p1a: Wo-Chien\n|upkeep\n|turn|93\n|\n|t:|1698998450\n|move|p1a: Wo-Chien|Dark Pulse|p2a: Blissey\n|-damage|p2a: Blissey|50\/100\n|move|p2a: Blissey|Sing|p1a: Wo-Chien|[miss]\n|-miss|p2a: Blissey|p1a: Wo-Chien\n|\n|-damage|p2a: Blissey|37\/100|[from] Leech Seed|[of] p1a: Wo-Chien\n|upkeep\n|turn|94\n|\n|t:|1698998459\n|move|p1a: Wo-Chien|Dark Pulse|p2a: Blissey\n|-damage|p2a: Blissey|27\/100\n|move|p2a: Blissey|Soft-Boiled|p2a: Blissey\n|-heal|p2a: Blissey|77\/100\n|\n|-damage|p2a: Blissey|65\/100|[from] Leech Seed|[of] p1a: Wo-Chien\n|upkeep\n|turn|95\n|\n|t:|1698998467\n|move|p1a: Wo-Chien|Dark Pulse|p2a: Blissey\n|-damage|p2a: Blissey|56\/100\n|move|p2a: Blissey|Sing|p1a: Wo-Chien\n|-status|p1a: Wo-Chien|slp|[from] move: Sing\n|\n|-damage|p2a: Blissey|43\/100|[from] Leech Seed|[of] p1a: Wo-Chien\n|upkeep\n|turn|96\n|\n|t:|1698998479\n|cant|p1a: Wo-Chien|slp\n|move|p2a: Blissey|Soft-Boiled|p2a: Blissey\n|-heal|p2a: Blissey|93\/100\n|\n|-damage|p2a: Blissey|81\/100|[from] Leech Seed|[of] p1a: Wo-Chien\n|upkeep\n|turn|97\n|\n|t:|1698998487\n|switch|p2a: Skeledirge|Skeledirge, F|36\/100\n|cant|p1a: Wo-Chien|slp\n|\n|upkeep\n|turn|98\n|\n|t:|1698998493\n|cant|p1a: Wo-Chien|slp\n|move|p2a: Skeledirge|Slack Off|p2a: Skeledirge\n|-heal|p2a: Skeledirge|86\/100\n|\n|upkeep\n|turn|99\n|\n|t:|1698998498\n|-curestatus|p1a: Wo-Chien|slp|[msg]\n|move|p1a: Wo-Chien|Leech Seed|p2a: Skeledirge\n|-start|p2a: Skeledirge|move: Leech Seed\n|move|p2a: Skeledirge|Torch Song|p1a: Wo-Chien\n|-supereffective|p1a: Wo-Chien\n|-damage|p1a: Wo-Chien|61\/100\n|-boost|p2a: Skeledirge|spa|1\n|\n|-damage|p2a: Skeledirge|73\/100|[from] Leech Seed|[of] p1a: Wo-Chien\n|-heal|p1a: Wo-Chien|79\/100|[silent]\n|upkeep\n|turn|100\n|\n|t:|1698998512\n|move|p1a: Wo-Chien|Dark Pulse|p2a: Skeledirge\n|-supereffective|p2a: Skeledirge\n|-damage|p2a: Skeledirge|13\/100\n|move|p2a: Skeledirge|Torch Song|p1a: Wo-Chien\n|-supereffective|p1a: Wo-Chien\n|-crit|p1a: Wo-Chien\n|-damage|p1a: Wo-Chien|0 fnt\n|-boost|p2a: Skeledirge|spa|1\n|faint|p1a: Wo-Chien\n|\n|upkeep\n|\n|t:|1698998525\n|switch|p1a: Toxapex|Toxapex, M|100\/100\n|-sideend|p1: bediv|move: Toxic Spikes|[of] p1a: Toxapex\n|-damage|p1a: Toxapex|75\/100|[from] Spikes\n|turn|101\n|\n|t:|1698998534\n|move|p1a: Toxapex|Baneful Bunker|p1a: Toxapex\n|-singleturn|p1a: Toxapex|move: Protect\n|move|p2a: Skeledirge|Slack Off|p2a: Skeledirge\n|-heal|p2a: Skeledirge|63\/100\n|\n|-heal|p1a: Toxapex|82\/100|[from] item: Black Sludge\n|-damage|p2a: Skeledirge|51\/100|[from] Leech Seed|[of] p1a: Toxapex\n|-heal|p1a: Toxapex|99\/100|[silent]\n|upkeep\n|turn|102\n|\n|t:|1698998544\n|move|p2a: Skeledirge|Will-O-Wisp|p1a: Toxapex|[miss]\n|-miss|p2a: Skeledirge|p1a: Toxapex\n|move|p1a: Toxapex|Toxic Spikes|p2a: Skeledirge\n|-sidestart|p2: What to do in Gen9|move: Toxic Spikes\n|\n|-heal|p1a: Toxapex|100\/100|[from] item: Black Sludge\n|-damage|p2a: Skeledirge|38\/100|[from] Leech Seed|[of] p1a: Toxapex\n|upkeep\n|turn|103\n|inactive|bediv has 120 seconds left.\n|\n|t:|1698998564\n|move|p1a: Toxapex|Baneful Bunker|p1a: Toxapex\n|-singleturn|p1a: Toxapex|move: Protect\n|move|p2a: Skeledirge|Slack Off|p2a: Skeledirge\n|-heal|p2a: Skeledirge|88\/100\n|\n|-damage|p2a: Skeledirge|76\/100|[from] Leech Seed|[of] p1a: Toxapex\n|upkeep\n|turn|104\n|c|\u2606What to do in Gen9|just to tell u\n|inactive|bediv has 120 seconds left.\n|c|\u2606What to do in Gen9|im all heavy duty boots\n|\n|t:|1698998585\n|switch|p2a: Toxapex|Toxapex, F|100\/100\n|-damage|p2a: Toxapex|88\/100|[from] Stealth Rock\n|-damage|p2a: Toxapex|72\/100|[from] Spikes\n|-sideend|p2: What to do in Gen9|move: Toxic Spikes|[of] p2a: Toxapex\n|switch|p1a: Dondozo|Dondozo, F|100\/100\n|-damage|p1a: Dondozo|75\/100|[from] Spikes\n|\n|-heal|p1a: Dondozo|82\/100|[from] item: Leftovers\n|-heal|p2a: Toxapex|78\/100|[from] item: Leftovers\n|upkeep\n|turn|105\n|\n|t:|1698998599\n|move|p1a: Dondozo|Curse|p1a: Dondozo\n|-unboost|p1a: Dondozo|spe|1\n|-boost|p1a: Dondozo|atk|1\n|-boost|p1a: Dondozo|def|1\n|move|p2a: Toxapex|Toxic|p1a: Dondozo\n|-status|p1a: Dondozo|tox\n|\n|-heal|p2a: Toxapex|84\/100|[from] item: Leftovers\n|-heal|p1a: Dondozo|88\/100 tox|[from] item: Leftovers\n|-damage|p1a: Dondozo|82\/100 tox|[from] psn\n|upkeep\n|turn|106\n|\n|t:|1698998612\n|move|p2a: Toxapex|Toxic Spikes|p1a: Dondozo\n|-sidestart|p1: bediv|move: Toxic Spikes\n|move|p1a: Dondozo|Rest|p1a: Dondozo\n|-status|p1a: Dondozo|slp|[from] move: Rest\n|-heal|p1a: Dondozo|100\/100 slp|[silent]\n|\n|-heal|p2a: Toxapex|90\/100|[from] item: Leftovers\n|upkeep\n|turn|107\n|\n|t:|1698998621\n|move|p2a: Toxapex|Toxic Spikes|p1a: Dondozo\n|-sidestart|p1: bediv|move: Toxic Spikes\n|cant|p1a: Dondozo|slp\n|move|p1a: Dondozo|Sleep Talk|p1a: Dondozo\n|move|p1a: Dondozo|Curse|p1a: Dondozo|[from]move: Sleep Talk\n|-unboost|p1a: Dondozo|spe|1\n|-boost|p1a: Dondozo|atk|1\n|-boost|p1a: Dondozo|def|1\n|\n|-heal|p2a: Toxapex|97\/100|[from] item: Leftovers\n|upkeep\n|turn|108\n|\n|t:|1698998632\n|move|p2a: Toxapex|Haze|p2a: Toxapex\n|-clearallboost\n|cant|p1a: Dondozo|slp\n|move|p1a: Dondozo|Sleep Talk|p1a: Dondozo\n|move|p1a: Dondozo|Waterfall|p2a: Toxapex|[from]move: Sleep Talk\n|-resisted|p2a: Toxapex\n|-damage|p2a: Toxapex|88\/100\n|\n|-heal|p2a: Toxapex|94\/100|[from] item: Leftovers\n|upkeep\n|turn|109\n|inactive|bediv has 90 seconds left.\n|\n|t:|1698998650\n|move|p2a: Toxapex|Toxic Spikes||[still]\n|-fail|p2a: Toxapex\n|-curestatus|p1a: Dondozo|slp|[msg]\n|move|p1a: Dondozo|Curse|p1a: Dondozo\n|-unboost|p1a: Dondozo|spe|1\n|-boost|p1a: Dondozo|atk|1\n|-boost|p1a: Dondozo|def|1\n|\n|-heal|p2a: Toxapex|99\/100|[from] item: Leftovers\n|upkeep\n|turn|110\n|inactive|bediv has 90 seconds left.\n|\n|t:|1698998660\n|move|p2a: Toxapex|Toxic|p1a: Dondozo\n|-status|p1a: Dondozo|tox\n|move|p1a: Dondozo|Waterfall|p2a: Toxapex\n|-resisted|p2a: Toxapex\n|-damage|p2a: Toxapex|87\/100\n|\n|-heal|p2a: Toxapex|93\/100|[from] item: Leftovers\n|-damage|p1a: Dondozo|94\/100 tox|[from] psn\n|upkeep\n|turn|111\n|\n|t:|1698998670\n|move|p2a: Toxapex|Haze|p2a: Toxapex\n|-clearallboost\n|move|p1a: Dondozo|Waterfall|p2a: Toxapex\n|-resisted|p2a: Toxapex\n|-damage|p2a: Toxapex|85\/100\n|\n|-heal|p2a: Toxapex|91\/100|[from] item: Leftovers\n|-heal|p1a: Dondozo|100\/100 tox|[from] item: Leftovers\n|-damage|p1a: Dondozo|88\/100 tox|[from] psn\n|upkeep\n|turn|112\n|\n|t:|1698998681\n|move|p2a: Toxapex|Baneful Bunker|p2a: Toxapex\n|-singleturn|p2a: Toxapex|move: Protect\n|move|p1a: Dondozo|Rest|p1a: Dondozo\n|-status|p1a: Dondozo|slp|[from] move: Rest\n|-heal|p1a: Dondozo|100\/100 slp|[silent]\n|\n|-heal|p2a: Toxapex|98\/100|[from] item: Leftovers\n|upkeep\n|turn|113\n|\n|t:|1698998692\n|switch|p2a: Skeledirge|Skeledirge, F|76\/100\n|cant|p1a: Dondozo|slp\n|move|p1a: Dondozo|Sleep Talk|p1a: Dondozo\n|move|p1a: Dondozo|Waterfall|p2a: Skeledirge|[from]move: Sleep Talk\n|-supereffective|p2a: Skeledirge\n|-damage|p2a: Skeledirge|42\/100\n|\n|upkeep\n|turn|114\n|\n|t:|1698998702\n|move|p2a: Skeledirge|Slack Off|p2a: Skeledirge\n|-heal|p2a: Skeledirge|92\/100\n|cant|p1a: Dondozo|slp\n|move|p1a: Dondozo|Sleep Talk|p1a: Dondozo\n|move|p1a: Dondozo|Curse|p1a: Dondozo|[from]move: Sleep Talk\n|-unboost|p1a: Dondozo|spe|1\n|-boost|p1a: Dondozo|atk|1\n|-boost|p1a: Dondozo|def|1\n|\n|upkeep\n|turn|115\n|\n|t:|1698998712\n|move|p2a: Skeledirge|Hex|p1a: Dondozo\n|-damage|p1a: Dondozo|70\/100 slp\n|-curestatus|p1a: Dondozo|slp|[msg]\n|move|p1a: Dondozo|Waterfall|p2a: Skeledirge\n|-supereffective|p2a: Skeledirge\n|-damage|p2a: Skeledirge|54\/100\n|\n|-heal|p1a: Dondozo|76\/100|[from] item: Leftovers\n|upkeep\n|turn|116\n|\n|t:|1698998722\n|switch|p2a: Toxapex|Toxapex, F|100\/100\n|-damage|p2a: Toxapex|88\/100|[from] Stealth Rock\n|-damage|p2a: Toxapex|72\/100|[from] Spikes\n|move|p1a: Dondozo|Waterfall|p2a: Toxapex\n|-resisted|p2a: Toxapex\n|-damage|p2a: Toxapex|59\/100\n|\n|-heal|p2a: Toxapex|66\/100|[from] item: Leftovers\n|-heal|p1a: Dondozo|82\/100|[from] item: Leftovers\n|upkeep\n|turn|117\n|\n|t:|1698998734\n|move|p2a: Toxapex|Toxic|p1a: Dondozo\n|-status|p1a: Dondozo|tox\n|move|p1a: Dondozo|Waterfall|p2a: Toxapex\n|-resisted|p2a: Toxapex\n|-damage|p2a: Toxapex|54\/100\n|\n|-heal|p2a: Toxapex|61\/100|[from] item: Leftovers\n|-heal|p1a: Dondozo|88\/100 tox|[from] item: Leftovers\n|-damage|p1a: Dondozo|82\/100 tox|[from] psn\n|upkeep\n|turn|118\n|inactive|bediv has 60 seconds left.\n|\n|t:|1698998744\n|move|p2a: Toxapex|Haze|p2a: Toxapex\n|-clearallboost\n|move|p1a: Dondozo|Waterfall|p2a: Toxapex\n|-resisted|p2a: Toxapex\n|-damage|p2a: Toxapex|53\/100\n|\n|-heal|p2a: Toxapex|59\/100|[from] item: Leftovers\n|-heal|p1a: Dondozo|88\/100 tox|[from] item: Leftovers\n|-damage|p1a: Dondozo|76\/100 tox|[from] psn\n|upkeep\n|turn|119\n|inactive|bediv has 60 seconds left.\n|\n|t:|1698998756\n|move|p2a: Toxapex|Baneful Bunker|p2a: Toxapex\n|-singleturn|p2a: Toxapex|move: Protect\n|move|p1a: Dondozo|Rest|p1a: Dondozo\n|-status|p1a: Dondozo|slp|[from] move: Rest\n|-heal|p1a: Dondozo|100\/100 slp|[silent]\n|\n|-heal|p2a: Toxapex|65\/100|[from] item: Leftovers\n|upkeep\n|turn|120\n|\n|t:|1698998766\n|switch|p2a: Dondozo|Dondozo, F|100\/100\n|cant|p1a: Dondozo|slp\n|move|p1a: Dondozo|Sleep Talk|p1a: Dondozo\n|move|p1a: Dondozo|Curse|p1a: Dondozo|[from]move: Sleep Talk\n|-unboost|p1a: Dondozo|spe|1\n|-boost|p1a: Dondozo|atk|1\n|-boost|p1a: Dondozo|def|1\n|\n|upkeep\n|turn|121\n|\n|t:|1698998777\n|move|p2a: Dondozo|Curse|p2a: Dondozo\n|-unboost|p2a: Dondozo|spe|1\n|-boost|p2a: Dondozo|atk|1\n|-boost|p2a: Dondozo|def|1\n|cant|p1a: Dondozo|slp\n|move|p1a: Dondozo|Sleep Talk|p1a: Dondozo\n|move|p1a: Dondozo|Waterfall|p2a: Dondozo|[from]move: Sleep Talk\n|-resisted|p2a: Dondozo\n|-damage|p2a: Dondozo|94\/100\n|\n|upkeep\n|turn|122\n|\n|t:|1698998789\n|move|p2a: Dondozo|Curse|p2a: Dondozo\n|-unboost|p2a: Dondozo|spe|1\n|-boost|p2a: Dondozo|atk|1\n|-boost|p2a: Dondozo|def|1\n|-curestatus|p1a: Dondozo|slp|[msg]\n|move|p1a: Dondozo|Curse|p1a: Dondozo\n|-unboost|p1a: Dondozo|spe|1\n|-boost|p1a: Dondozo|atk|1\n|-boost|p1a: Dondozo|def|1\n|\n|upkeep\n|turn|123\n|\n|t:|1698998799\n|move|p2a: Dondozo|Curse|p2a: Dondozo\n|-unboost|p2a: Dondozo|spe|1\n|-boost|p2a: Dondozo|atk|1\n|-boost|p2a: Dondozo|def|1\n|move|p1a: Dondozo|Curse|p1a: Dondozo\n|-unboost|p1a: Dondozo|spe|1\n|-boost|p1a: Dondozo|atk|1\n|-boost|p1a: Dondozo|def|1\n|\n|upkeep\n|turn|124\n|\n|t:|1698998808\n|move|p1a: Dondozo|Curse|p1a: Dondozo\n|-unboost|p1a: Dondozo|spe|1\n|-boost|p1a: Dondozo|atk|1\n|-boost|p1a: Dondozo|def|1\n|move|p2a: Dondozo|Curse|p2a: Dondozo\n|-unboost|p2a: Dondozo|spe|1\n|-boost|p2a: Dondozo|atk|1\n|-boost|p2a: Dondozo|def|1\n|\n|upkeep\n|turn|125\n|\n|t:|1698998817\n|move|p2a: Dondozo|Curse|p2a: Dondozo\n|-unboost|p2a: Dondozo|spe|1\n|-boost|p2a: Dondozo|atk|1\n|-boost|p2a: Dondozo|def|1\n|move|p1a: Dondozo|Curse|p1a: Dondozo\n|-unboost|p1a: Dondozo|spe|1\n|-boost|p1a: Dondozo|atk|1\n|-boost|p1a: Dondozo|def|1\n|\n|upkeep\n|turn|126\n|\n|t:|1698998826\n|move|p2a: Dondozo|Curse|p2a: Dondozo\n|-unboost|p2a: Dondozo|spe|1\n|-boost|p2a: Dondozo|atk|1\n|-boost|p2a: Dondozo|def|1\n|move|p1a: Dondozo|Waterfall|p2a: Dondozo\n|-resisted|p2a: Dondozo\n|-damage|p2a: Dondozo|88\/100\n|\n|upkeep\n|turn|127\n|\n|t:|1698998834\n|move|p1a: Dondozo|Curse|p1a: Dondozo\n|-unboost|p1a: Dondozo|spe|1\n|-boost|p1a: Dondozo|atk|1\n|-boost|p1a: Dondozo|def|1\n|move|p2a: Dondozo|Body Press|p1a: Dondozo\n|-damage|p1a: Dondozo|84\/100\n|\n|-heal|p1a: Dondozo|91\/100|[from] item: Leftovers\n|upkeep\n|turn|128\n|\n|t:|1698998845\n|-terastallize|p1a: Dondozo|Water\n|move|p1a: Dondozo|Waterfall|p2a: Dondozo\n|-resisted|p2a: Dondozo\n|-damage|p2a: Dondozo|81\/100\n|move|p2a: Dondozo|Body Press|p1a: Dondozo\n|-damage|p1a: Dondozo|72\/100\n|\n|-heal|p1a: Dondozo|78\/100|[from] item: Leftovers\n|upkeep\n|turn|129\n|\n|t:|1698998856\n|move|p1a: Dondozo|Waterfall|p2a: Dondozo\n|-resisted|p2a: Dondozo\n|-damage|p2a: Dondozo|73\/100\n|move|p2a: Dondozo|Body Press|p1a: Dondozo\n|-crit|p1a: Dondozo\n|-damage|p1a: Dondozo|54\/100\n|\n|-heal|p1a: Dondozo|61\/100|[from] item: Leftovers\n|upkeep\n|turn|130\n|\n|t:|1698998865\n|move|p2a: Dondozo|Body Press|p1a: Dondozo\n|-damage|p1a: Dondozo|43\/100\n|move|p1a: Dondozo|Waterfall|p2a: Dondozo\n|-resisted|p2a: Dondozo\n|-damage|p2a: Dondozo|65\/100\n|\n|-heal|p1a: Dondozo|49\/100|[from] item: Leftovers\n|upkeep\n|turn|131\n|\n|t:|1698998874\n|move|p2a: Dondozo|Body Press|p1a: Dondozo\n|-damage|p1a: Dondozo|33\/100\n|move|p1a: Dondozo|Rest|p1a: Dondozo\n|-status|p1a: Dondozo|slp|[from] move: Rest\n|-heal|p1a: Dondozo|100\/100 slp|[silent]\n|\n|upkeep\n|turn|132\n|\n|t:|1698998885\n|cant|p1a: Dondozo|slp\n|move|p1a: Dondozo|Sleep Talk|p1a: Dondozo\n|move|p1a: Dondozo|Rest||[from]move: Sleep Talk|[still]\n|-fail|p1a: Dondozo\n|move|p2a: Dondozo|Body Press|p1a: Dondozo\n|-damage|p1a: Dondozo|84\/100 slp\n|\n|-heal|p1a: Dondozo|90\/100 slp|[from] item: Leftovers\n|upkeep\n|turn|133\n|inactive|bediv has 30 seconds left.\n|\n|t:|1698998896\n|cant|p1a: Dondozo|slp\n|move|p1a: Dondozo|Sleep Talk|p1a: Dondozo\n|move|p1a: Dondozo|Curse|p1a: Dondozo|[from]move: Sleep Talk\n|move|p2a: Dondozo|Body Press|p1a: Dondozo\n|-damage|p1a: Dondozo|75\/100 slp\n|\n|-heal|p1a: Dondozo|81\/100 slp|[from] item: Leftovers\n|upkeep\n|turn|134\n|inactive|bediv has 30 seconds left.\n|\n|t:|1698998907\n|move|p2a: Dondozo|Waterfall|p1a: Dondozo\n|-resisted|p1a: Dondozo\n|-damage|p1a: Dondozo|72\/100 slp\n|-curestatus|p1a: Dondozo|slp|[msg]\n|cant|p1a: Dondozo|flinch\n|\n|-heal|p1a: Dondozo|78\/100|[from] item: Leftovers\n|upkeep\n|turn|135\n|inactive|bediv has 30 seconds left this turn.\n|\n|t:|1698998916\n|move|p2a: Dondozo|Body Press|p1a: Dondozo\n|-damage|p1a: Dondozo|61\/100\n|move|p1a: Dondozo|Waterfall|p2a: Dondozo\n|-resisted|p2a: Dondozo\n|-damage|p2a: Dondozo|57\/100\n|\n|-heal|p1a: Dondozo|67\/100|[from] item: Leftovers\n|upkeep\n|turn|136\n|inactive|bediv has 30 seconds left this turn.\n|inactive|bediv has 20 seconds left.\n|\n|t:|1698998927\n|move|p2a: Dondozo|Rest|p2a: Dondozo\n|-status|p2a: Dondozo|slp|[from] move: Rest\n|-heal|p2a: Dondozo|100\/100 slp|[silent]\n|move|p1a: Dondozo|Waterfall|p2a: Dondozo\n|-resisted|p2a: Dondozo\n|-damage|p2a: Dondozo|92\/100 slp\n|\n|-heal|p1a: Dondozo|73\/100|[from] item: Leftovers\n|upkeep\n|turn|137\n|inactive|bediv has 25 seconds left this turn.\n|inactive|bediv has 20 seconds left.\n|inactive|bediv has 15 seconds left.\n|\n|t:|1698998939\n|cant|p2a: Dondozo|slp\n|move|p1a: Dondozo|Waterfall|p2a: Dondozo\n|-resisted|p2a: Dondozo\n|-damage|p2a: Dondozo|85\/100 slp\n|\n|-heal|p1a: Dondozo|79\/100|[from] item: Leftovers\n|upkeep\n|turn|138\n|inactive|bediv has 20 seconds left this turn.\n|inactive|bediv has 15 seconds left.\n|c|\u2606What to do in Gen9|woah\n|inactive|bediv has 10 seconds left.\n|\n|t:|1698998951\n|move|p1a: Dondozo|Waterfall|p2a: Dondozo\n|-resisted|p2a: Dondozo\n|-damage|p2a: Dondozo|76\/100 slp\n|cant|p2a: Dondozo|slp\n|\n|-heal|p1a: Dondozo|85\/100|[from] item: Leftovers\n|upkeep\n|turn|139\n|inactive|bediv has 15 seconds left this turn.\n|inactive|bediv has 10 seconds left.\n|\n|t:|1698998959\n|move|p1a: Dondozo|Waterfall|p2a: Dondozo\n|-resisted|p2a: Dondozo\n|-damage|p2a: Dondozo|67\/100 slp\n|-curestatus|p2a: Dondozo|slp|[msg]\n|move|p2a: Dondozo|Body Press|p1a: Dondozo\n|-damage|p1a: Dondozo|69\/100\n|\n|-heal|p1a: Dondozo|75\/100|[from] item: Leftovers\n|upkeep\n|turn|140\n|inactive|bediv has 15 seconds left this turn.\n|inactive|bediv has 10 seconds left.\n|\n|t:|1698998972\n|move|p2a: Dondozo|Body Press|p1a: Dondozo\n|-damage|p1a: Dondozo|57\/100\n|move|p1a: Dondozo|Waterfall|p2a: Dondozo\n|-resisted|p2a: Dondozo\n|-damage|p2a: Dondozo|59\/100\n|\n|-heal|p1a: Dondozo|63\/100|[from] item: Leftovers\n|upkeep\n|turn|141\n|inactive|bediv has 15 seconds left this turn.\n|inactive|bediv has 10 seconds left.\n|\n|t:|1698998981\n|move|p1a: Dondozo|Waterfall|p2a: Dondozo\n|-resisted|p2a: Dondozo\n|-damage|p2a: Dondozo|50\/100\n|cant|p2a: Dondozo|flinch\n|\n|-heal|p1a: Dondozo|69\/100|[from] item: Leftovers\n|upkeep\n|turn|142\n|inactive|bediv has 15 seconds left this turn.\n|inactive|bediv has 10 seconds left.\n|\n|t:|1698998989\n|move|p1a: Dondozo|Waterfall|p2a: Dondozo\n|-resisted|p2a: Dondozo\n|-damage|p2a: Dondozo|42\/100\n|cant|p2a: Dondozo|flinch\n|\n|-heal|p1a: Dondozo|75\/100|[from] item: Leftovers\n|upkeep\n|turn|143\n|inactive|bediv has 15 seconds left this turn.\n|inactive|bediv has 10 seconds left.\n|\n|t:|1698998997\n|move|p1a: Dondozo|Waterfall|p2a: Dondozo\n|-resisted|p2a: Dondozo\n|-damage|p2a: Dondozo|34\/100\n|move|p2a: Dondozo|Rest|p2a: Dondozo\n|-status|p2a: Dondozo|slp|[from] move: Rest\n|-heal|p2a: Dondozo|100\/100 slp|[silent]\n|\n|-heal|p1a: Dondozo|82\/100|[from] item: Leftovers\n|upkeep\n|turn|144\n|inactive|bediv has 15 seconds left this turn.\n|inactive|bediv has 10 seconds left.\n|inactive|bediv has 5 seconds left.\n|\n|t:|1698999007\n|move|p1a: Dondozo|Waterfall|p2a: Dondozo\n|-resisted|p2a: Dondozo\n|-damage|p2a: Dondozo|92\/100 slp\n|cant|p2a: Dondozo|slp\n|\n|-heal|p1a: Dondozo|88\/100|[from] item: Leftovers\n|upkeep\n|turn|145\n|inactive|bediv has 10 seconds left this turn.\n|inactive|bediv has 5 seconds left.\n|\n|t:|1698999016\n|move|p1a: Dondozo|Sleep Talk||[still]\n|-fail|p1a: Dondozo\n|cant|p2a: Dondozo|slp\n|\n|-heal|p1a: Dondozo|94\/100|[from] item: Leftovers\n|upkeep\n|turn|146\n|inactive|bediv has 10 seconds left this turn.\n|inactive|bediv has 5 seconds left.\n|\n|t:|1698999024\n|move|p1a: Dondozo|Sleep Talk||[still]\n|-fail|p1a: Dondozo\n|-curestatus|p2a: Dondozo|slp|[msg]\n|move|p2a: Dondozo|Waterfall|p1a: Dondozo\n|-resisted|p1a: Dondozo\n|-damage|p1a: Dondozo|86\/100\n|\n|-heal|p1a: Dondozo|92\/100|[from] item: Leftovers\n|upkeep\n|turn|147\n|inactive|bediv has 10 seconds left this turn.\n|inactive|bediv has 5 seconds left.\n|\n|t:|1698999034\n|move|p2a: Dondozo|Waterfall|p1a: Dondozo\n|-resisted|p1a: Dondozo\n|-damage|p1a: Dondozo|84\/100\n|move|p1a: Dondozo|Sleep Talk||[still]\n|-fail|p1a: Dondozo\n|\n|-heal|p1a: Dondozo|90\/100|[from] item: Leftovers\n|upkeep\n|turn|148\n|inactive|bediv has 10 seconds left this turn.\n|inactive|bediv has 5 seconds left.\n|\n|t:|1698999042\n|move|p1a: Dondozo|Curse|p1a: Dondozo\n|move|p2a: Dondozo|Waterfall|p1a: Dondozo\n|-resisted|p1a: Dondozo\n|-damage|p1a: Dondozo|82\/100\n|\n|-heal|p1a: Dondozo|88\/100|[from] item: Leftovers\n|upkeep\n|turn|149\n|inactive|bediv has 10 seconds left this turn.\n|inactive|bediv has 5 seconds left.\n|\n|t:|1698999050\n|move|p1a: Dondozo|Curse|p1a: Dondozo\n|move|p2a: Dondozo|Body Press|p1a: Dondozo\n|-damage|p1a: Dondozo|71\/100\n|\n|-heal|p1a: Dondozo|77\/100|[from] item: Leftovers\n|upkeep\n|turn|150\n|inactive|bediv has 10 seconds left this turn.\n|inactive|bediv has 5 seconds left.\n|\n|t:|1698999058\n|move|p1a: Dondozo|Curse|p1a: Dondozo\n|move|p2a: Dondozo|Body Press|p1a: Dondozo\n|-damage|p1a: Dondozo|59\/100\n|\n|-heal|p1a: Dondozo|65\/100|[from] item: Leftovers\n|upkeep\n|turn|151\n|inactive|bediv has 10 seconds left this turn.\n|inactive|bediv has 5 seconds left.\n|\n|t:|1698999066\n|move|p1a: Dondozo|Rest|p1a: Dondozo\n|-status|p1a: Dondozo|slp|[from] move: Rest\n|-heal|p1a: Dondozo|100\/100 slp|[silent]\n|move|p2a: Dondozo|Waterfall|p1a: Dondozo\n|-resisted|p1a: Dondozo\n|-damage|p1a: Dondozo|93\/100 slp\n|\n|-heal|p1a: Dondozo|99\/100 slp|[from] item: Leftovers\n|upkeep\n|turn|152\n|inactive|bediv has 10 seconds left this turn.\n|inactive|bediv has 5 seconds left.\n|-message|bediv lost due to inactivity.\n|\n|win|What to do in Gen9\n|raw|bediv's rating: 1465 &rarr; <strong>1448<\/strong><br \/>(-17 for losing)\n|raw|What to do in Gen9's rating: 1516 &rarr; <strong>1533<\/strong><br \/>(+17 for winning)\n|c|\u2606What to do in Gen9|woah\n|l|\u2606What to do in Gen9\n|l|\u2606bediv\n","uploadtime":1698999104,"views":8,"p1id":"bediv","p2id":"whattodoingen9","formatid":"gen9anythinggoes","rating":1448,"private":0,"password":""}