{"id":"gen9anythinggoes-1983151604","p1":"Vphil","p2":"Sargenbob","format":"[Gen 9] Anything Goes","log":"|j|\u2606Vphil\n|j|\u2606Sargenbob\n|t:|1699096680\n|gametype|singles\n|player|p1|Vphil|1|1185\n|player|p2|Sargenbob|red|1279\n|teamsize|p1|6\n|teamsize|p2|6\n|gen|9\n|tier|[Gen 9] Anything Goes\n|rated|\n|rule|HP Percentage Mod: HP is shown in percentages\n|rule|Endless Battle Clause: Forcing endless battles is banned\n|clearpoke\n|poke|p1|Primeape, F|\n|poke|p1|Tauros-Paldea-Aqua, M|\n|poke|p1|Tauros-Paldea-Blaze, M|\n|poke|p1|Camerupt, M|\n|poke|p1|Krookodile, F|\n|poke|p1|Crabominable, M|\n|poke|p2|Koraidon|\n|poke|p2|Flutter Mane|\n|poke|p2|Wo-Chien|\n|poke|p2|Calyrex-Shadow|\n|poke|p2|Zoroark-Hisui, F|\n|poke|p2|Skeledirge, M|\n|teampreview\n|inactive|Battle timer is ON: inactive players will automatically lose when time's up. (requested by Sargenbob)\n|\n|t:|1699096699\n|start\n|switch|p1a: Tauros|Tauros-Paldea-Blaze, M|100\/100\n|switch|p2a: Oliver|Koraidon|100\/100\n|-weather|SunnyDay|[from] ability: Orichalcum Pulse|[of] p2a: Oliver\n|-activate|p2a: Oliver|Orichalcum Pulse|[source]\n|turn|1\n|\n|t:|1699096710\n|-terastallize|p1a: Tauros|Psychic\n|move|p2a: Oliver|Swords Dance|p2a: Oliver\n|-boost|p2a: Oliver|atk|2\n|move|p1a: Tauros|Zen Headbutt|p2a: Oliver\n|-supereffective|p2a: Oliver\n|-damage|p2a: Oliver|35\/100\n|\n|-weather|SunnyDay|[upkeep]\n|-heal|p2a: Oliver|41\/100|[from] item: Leftovers\n|upkeep\n|turn|2\n|\n|t:|1699096721\n|move|p2a: Oliver|Dragon Claw|p1a: Tauros\n|-damage|p1a: Tauros|14\/100\n|move|p1a: Tauros|Zen Headbutt|p2a: Oliver\n|-supereffective|p2a: Oliver\n|-damage|p2a: Oliver|0 fnt\n|faint|p2a: Oliver\n|\n|-weather|SunnyDay|[upkeep]\n|upkeep\n|\n|t:|1699096727\n|switch|p2a: Matt|Skeledirge, M|100\/100\n|turn|3\n|\n|t:|1699096738\n|move|p1a: Tauros|Zen Headbutt|p2a: Matt\n|-damage|p2a: Matt|65\/100\n|move|p2a: Matt|Torch Song|p1a: Tauros\n|-crit|p1a: Tauros\n|-damage|p1a: Tauros|0 fnt\n|-boost|p2a: Matt|spa|1\n|faint|p1a: Tauros\n|\n|-weather|SunnyDay|[upkeep]\n|-heal|p2a: Matt|72\/100|[from] item: Leftovers\n|upkeep\n|\n|t:|1699096759\n|switch|p1a: Krookodile|Krookodile, F|100\/100\n|turn|4\n|\n|t:|1699096764\n|-terastallize|p2a: Matt|Fairy\n|move|p1a: Krookodile|Knock Off|p2a: Matt\n|-resisted|p2a: Matt\n|-damage|p2a: Matt|53\/100\n|-enditem|p2a: Matt|Leftovers|[from] move: Knock Off|[of] p1a: Krookodile\n|move|p2a: Matt|Tera Blast|p1a: Krookodile|[anim] Tera Blast Fairy\n|-supereffective|p1a: Krookodile\n|-damage|p1a: Krookodile|21\/100\n|\n|-weather|SunnyDay|[upkeep]\n|upkeep\n|turn|5\n|\n|t:|1699096782\n|switch|p1a: Camerupt|Camerupt, M|100\/100\n|move|p2a: Matt|Tera Blast|p1a: Camerupt|[anim] Tera Blast Fairy\n|-resisted|p1a: Camerupt\n|-damage|p1a: Camerupt|71\/100\n|\n|-weather|none\n|upkeep\n|turn|6\n|\n|t:|1699096792\n|move|p2a: Matt|Tera Blast|p1a: Camerupt|[anim] Tera Blast Fairy\n|-resisted|p1a: Camerupt\n|-damage|p1a: Camerupt|42\/100\n|move|p1a: Camerupt|Yawn|p2a: Matt\n|-start|p2a: Matt|move: Yawn|[of] p1a: Camerupt\n|\n|upkeep\n|turn|7\n|\n|t:|1699096799\n|switch|p2a: Lucy|Flutter Mane|100\/100\n|move|p1a: Camerupt|Fissure|p2a: Lucy|[miss]\n|-miss|p1a: Camerupt|p2a: Lucy\n|\n|upkeep\n|turn|8\n|\n|t:|1699096806\n|move|p2a: Lucy|Moonblast|p1a: Camerupt\n|-resisted|p1a: Camerupt\n|-damage|p1a: Camerupt|13\/100\n|-damage|p2a: Lucy|91\/100|[from] item: Life Orb\n|move|p1a: Camerupt|Fissure|p2a: Lucy|[miss]\n|-miss|p1a: Camerupt|p2a: Lucy\n|\n|upkeep\n|turn|9\n|\n|t:|1699096813\n|move|p2a: Lucy|Moonblast|p1a: Camerupt\n|-resisted|p1a: Camerupt\n|-damage|p1a: Camerupt|0 fnt\n|faint|p1a: Camerupt\n|-damage|p2a: Lucy|81\/100|[from] item: Life Orb\n|\n|upkeep\n|\n|t:|1699096826\n|switch|p1a: Tauros|Tauros-Paldea-Aqua, M|100\/100\n|turn|10\n|\n|t:|1699096830\n|move|p2a: Lucy|Moonblast|p1a: Tauros\n|-supereffective|p1a: Tauros\n|-damage|p1a: Tauros|0 fnt\n|faint|p1a: Tauros\n|-damage|p2a: Lucy|71\/100|[from] item: Life Orb\n|\n|upkeep\n|c|\u2606Vphil|Boring and lame. Trying to hard. Have some fun messing around\n|inactive|Vphil has 120 seconds left.\n|c|\u2606Sargenbob|says u\n|inactive|Vphil has 90 seconds left.\n|c|\u2606Sargenbob|Don't care + didn't ask + L + Ratio + soyjak + beta + cringe + stfu + cope + seethe + ok boomer + incel + virgin + Karen + Kyle + \ud83e\udd21\ud83e\udd21\ud83e\udd21 + you are not just a clown, you are the entire circus + \ud83d\udc85\ud83d\udc85\ud83d\udc85 + nah this ain't it + do better + check your privilege + pronouns in bio + anime pfp + \ud83e\udd22\ud83e\udd22\ud83e\udd2e\ud83e\udd2e + the cognitive dissonance is real with this one + small dick energy + \ud83d\ude02\ud83d\ude02\ud83e\udd23\ud83e\udd23 + lol copium + snowflake + \ud83d\udea9\ud83d\udea9\ud83d\udea9 + those tears taste delicious + Lisa Simpson meme template saying that your opinion is wrong + \ud83d\ude12\ud83d\ude44\ud83e\uddd0\ud83e\udd28 + wojak meme in which I'm the chad + average your opinion fan vs average my opinion enjoyer\n|inactive|Vphil has 60 seconds left.\n|n|!Sargenbob|sargenbob\n|inactive|Vphil has 30 seconds left.\n|inactive|Vphil has 20 seconds left.\n|inactive|Vphil has 15 seconds left.\n|inactive|Vphil has 10 seconds left.\n|inactive|Vphil has 5 seconds left.\n|-message|Vphil lost due to inactivity.\n|\n|win|Sargenbob\n|raw|Vphil's rating: 1155 &rarr; <strong>1139<\/strong><br \/>(-16 for losing)\n|raw|Sargenbob's rating: 1279 &rarr; <strong>1295<\/strong><br \/>(+16 for winning)\n","uploadtime":1699096930,"views":9,"p1id":"vphil","p2id":"sargenbob","formatid":"gen9anythinggoes","rating":1139,"private":0,"password":""}