{"id":"gen9anythinggoes-1975540058","p1":"Treeckoguy1","p2":"joshant-","format":"[Gen 9] Anything Goes","log":"|j|\u2606Treeckoguy1\n|j|\u2606joshant-\n|t:|1698202500\n|gametype|singles\n|player|p1|Treeckoguy1|2|1333\n|player|p2|joshant-|170|1444\n|teamsize|p1|6\n|teamsize|p2|6\n|gen|9\n|tier|[Gen 9] Anything Goes\n|rated|\n|rule|HP Percentage Mod: HP is shown in percentages\n|rule|Endless Battle Clause: Forcing endless battles is banned\n|clearpoke\n|poke|p1|Cinderace, M|\n|poke|p1|Baxcalibur, F|\n|poke|p1|Tinkaton, F|\n|poke|p1|Salandit, M|\n|poke|p1|Enamorus, F|\n|poke|p1|Avalugg-Hisui, M|\n|poke|p2|Pelipper, M|\n|poke|p2|Floatzel, F|\n|poke|p2|Dragonite, F|\n|poke|p2|Magnezone|\n|poke|p2|Crawdaunt, M|\n|poke|p2|Quagsire, M|\n|teampreview\n|\n|t:|1698202529\n|start\n|switch|p1a: Ooo a wallet|Tinkaton, F|100\/100\n|switch|p2a: Pelipper|Pelipper, M|100\/100\n|-weather|RainDance|[from] ability: Drizzle|[of] p2a: Pelipper\n|turn|1\n|\n|t:|1698202535\n|move|p1a: Ooo a wallet|Thunder Wave|p2a: Pelipper\n|-status|p2a: Pelipper|par\n|move|p2a: Pelipper|U-turn|p1a: Ooo a wallet\n|-resisted|p1a: Ooo a wallet\n|-damage|p1a: Ooo a wallet|98\/100\n|\n|t:|1698202540\n|switch|p2a: Floatzel|Floatzel, F|100\/100|[from] U-turn\n|\n|-weather|RainDance|[upkeep]\n|upkeep\n|turn|2\n|\n|t:|1698202559\n|switch|p1a: Melty melterson|Salandit, M|100\/100\n|move|p2a: Floatzel|Liquidation|p1a: Melty melterson\n|-supereffective|p1a: Melty melterson\n|-damage|p1a: Melty melterson|0 fnt\n|faint|p1a: Melty melterson\n|\n|-weather|RainDance|[upkeep]\n|upkeep\n|\n|t:|1698202562\n|switch|p1a: The Rock|Avalugg-Hisui, M|100\/100\n|turn|3\n|\n|t:|1698202584\n|move|p2a: Floatzel|Liquidation|p1a: The Rock\n|-supereffective|p1a: The Rock\n|-ability|p1a: The Rock|Sturdy\n|-damage|p1a: The Rock|1\/100\n|-enditem|p1a: The Rock|Salac Berry|[eat]\n|-boost|p1a: The Rock|spe|1|[from] item: Salac Berry\n|move|p1a: The Rock|Rock Slide|p2a: Floatzel\n|-damage|p2a: Floatzel|24\/100\n|\n|-weather|RainDance|[upkeep]\n|upkeep\n|turn|4\n|\n|t:|1698202592\n|move|p2a: Floatzel|Liquidation|p1a: The Rock\n|-supereffective|p1a: The Rock\n|-damage|p1a: The Rock|0 fnt\n|faint|p1a: The Rock\n|\n|-weather|RainDance|[upkeep]\n|upkeep\n|\n|t:|1698202602\n|switch|p1a: Trade Deal \ud83d\udd25|Baxcalibur, F|100\/100\n|turn|5\n|\n|t:|1698202614\n|switch|p2a: Magnezone|Magnezone|100\/100\n|move|p1a: Trade Deal \ud83d\udd25|Dragon Dance|p1a: Trade Deal \ud83d\udd25\n|-boost|p1a: Trade Deal \ud83d\udd25|atk|1\n|-boost|p1a: Trade Deal \ud83d\udd25|spe|1\n|\n|-weather|RainDance|[upkeep]\n|upkeep\n|turn|6\n|\n|t:|1698202626\n|switch|p1a: Ooo a wallet|Tinkaton, F|98\/100\n|move|p2a: Magnezone|Body Press|p1a: Ooo a wallet\n|-damage|p1a: Ooo a wallet|68\/100\n|\n|-weather|RainDance|[upkeep]\n|upkeep\n|turn|7\n|\n|t:|1698202633\n|move|p1a: Ooo a wallet|Stealth Rock|p2a: Magnezone\n|-sidestart|p2: joshant-|move: Stealth Rock\n|move|p2a: Magnezone|Iron Defense|p2a: Magnezone\n|-boost|p2a: Magnezone|def|2\n|\n|-weather|RainDance|[upkeep]\n|upkeep\n|turn|8\n|\n|t:|1698202637\n|move|p1a: Ooo a wallet|Encore|p2a: Magnezone\n|-start|p2a: Magnezone|Encore\n|move|p2a: Magnezone|Iron Defense|p2a: Magnezone\n|-boost|p2a: Magnezone|def|2\n|\n|-weather|none\n|upkeep\n|turn|9\n|\n|t:|1698202645\n|move|p1a: Ooo a wallet|Gigaton Hammer|p2a: Magnezone\n|-resisted|p2a: Magnezone\n|-damage|p2a: Magnezone|98\/100\n|move|p2a: Magnezone|Iron Defense|p2a: Magnezone\n|-boost|p2a: Magnezone|def|2\n|\n|-heal|p2a: Magnezone|100\/100|[from] item: Leftovers\n|upkeep\n|turn|10\n|\n|t:|1698202653\n|move|p1a: Ooo a wallet|Stealth Rock||[still]\n|-fail|p1a: Ooo a wallet\n|move|p2a: Magnezone|Iron Defense|p2a: Magnezone\n|-boost|p2a: Magnezone|def|0\n|\n|-end|p2a: Magnezone|Encore\n|upkeep\n|turn|11\n|\n|t:|1698202655\n|move|p1a: Ooo a wallet|Encore|p2a: Magnezone\n|-start|p2a: Magnezone|Encore\n|move|p2a: Magnezone|Iron Defense|p2a: Magnezone\n|-boost|p2a: Magnezone|def|0\n|\n|upkeep\n|turn|12\n|c|\u2606joshant-|why\n|\n|t:|1698202662\n|move|p1a: Ooo a wallet|Thunder Wave|p2a: Magnezone\n|-immune|p2a: Magnezone\n|move|p2a: Magnezone|Iron Defense|p2a: Magnezone\n|-boost|p2a: Magnezone|def|0\n|\n|upkeep\n|turn|13\n|\n|t:|1698202666\n|move|p1a: Ooo a wallet|Thunder Wave|p2a: Magnezone\n|-immune|p2a: Magnezone\n|move|p2a: Magnezone|Iron Defense|p2a: Magnezone\n|-boost|p2a: Magnezone|def|0\n|\n|-end|p2a: Magnezone|Encore\n|upkeep\n|turn|14\n|\n|t:|1698202668\n|move|p1a: Ooo a wallet|Encore|p2a: Magnezone\n|-start|p2a: Magnezone|Encore\n|move|p2a: Magnezone|Iron Defense|p2a: Magnezone\n|-boost|p2a: Magnezone|def|0\n|\n|upkeep\n|turn|15\n|c|\u2606joshant-|bro\n|\n|t:|1698202676\n|move|p1a: Ooo a wallet|Thunder Wave|p2a: Magnezone\n|-immune|p2a: Magnezone\n|move|p2a: Magnezone|Iron Defense|p2a: Magnezone\n|-boost|p2a: Magnezone|def|0\n|\n|upkeep\n|turn|16\n|\n|t:|1698202679\n|move|p1a: Ooo a wallet|Thunder Wave|p2a: Magnezone\n|-immune|p2a: Magnezone\n|move|p2a: Magnezone|Iron Defense|p2a: Magnezone\n|-boost|p2a: Magnezone|def|0\n|\n|-end|p2a: Magnezone|Encore\n|upkeep\n|turn|17\n|\n|t:|1698202683\n|move|p1a: Ooo a wallet|Encore|p2a: Magnezone\n|-start|p2a: Magnezone|Encore\n|move|p2a: Magnezone|Iron Defense|p2a: Magnezone\n|-boost|p2a: Magnezone|def|0\n|\n|upkeep\n|turn|18\n|\n|t:|1698202684\n|move|p1a: Ooo a wallet|Stealth Rock||[still]\n|-fail|p1a: Ooo a wallet\n|move|p2a: Magnezone|Iron Defense|p2a: Magnezone\n|-boost|p2a: Magnezone|def|0\n|\n|upkeep\n|turn|19\n|\n|t:|1698202688\n|move|p1a: Ooo a wallet|Stealth Rock||[still]\n|-fail|p1a: Ooo a wallet\n|move|p2a: Magnezone|Iron Defense|p2a: Magnezone\n|-boost|p2a: Magnezone|def|0\n|\n|-end|p2a: Magnezone|Encore\n|upkeep\n|turn|20\n|\n|t:|1698202690\n|move|p1a: Ooo a wallet|Encore|p2a: Magnezone\n|-start|p2a: Magnezone|Encore\n|move|p2a: Magnezone|Iron Defense|p2a: Magnezone\n|-boost|p2a: Magnezone|def|0\n|\n|upkeep\n|turn|21\n|\n|t:|1698202694\n|move|p1a: Ooo a wallet|Stealth Rock||[still]\n|-fail|p1a: Ooo a wallet\n|move|p2a: Magnezone|Iron Defense|p2a: Magnezone\n|-boost|p2a: Magnezone|def|0\n|\n|upkeep\n|turn|22\n|\n|t:|1698202696\n|move|p1a: Ooo a wallet|Stealth Rock||[still]\n|-fail|p1a: Ooo a wallet\n|move|p2a: Magnezone|Iron Defense|p2a: Magnezone\n|-boost|p2a: Magnezone|def|0\n|\n|-end|p2a: Magnezone|Encore\n|upkeep\n|turn|23\n|\n|t:|1698202703\n|move|p1a: Ooo a wallet|Encore|p2a: Magnezone\n|-start|p2a: Magnezone|Encore\n|move|p2a: Magnezone|Iron Defense|p2a: Magnezone\n|-boost|p2a: Magnezone|def|0\n|\n|upkeep\n|turn|24\n|\n|t:|1698202705\n|move|p1a: Ooo a wallet|Stealth Rock||[still]\n|-fail|p1a: Ooo a wallet\n|move|p2a: Magnezone|Iron Defense|p2a: Magnezone\n|-boost|p2a: Magnezone|def|0\n|\n|upkeep\n|turn|25\n|\n|t:|1698202710\n|move|p1a: Ooo a wallet|Thunder Wave|p2a: Magnezone|[miss]\n|-miss|p1a: Ooo a wallet|p2a: Magnezone\n|move|p2a: Magnezone|Iron Defense|p2a: Magnezone\n|-boost|p2a: Magnezone|def|0\n|\n|-end|p2a: Magnezone|Encore\n|upkeep\n|turn|26\n|\n|t:|1698202713\n|move|p1a: Ooo a wallet|Encore|p2a: Magnezone\n|-start|p2a: Magnezone|Encore\n|move|p2a: Magnezone|Iron Defense|p2a: Magnezone\n|-boost|p2a: Magnezone|def|0\n|\n|upkeep\n|turn|27\n|\n|t:|1698202717\n|move|p1a: Ooo a wallet|Stealth Rock||[still]\n|-fail|p1a: Ooo a wallet\n|move|p2a: Magnezone|Iron Defense|p2a: Magnezone\n|-boost|p2a: Magnezone|def|0\n|\n|upkeep\n|turn|28\n|\n|t:|1698202719\n|move|p1a: Ooo a wallet|Gigaton Hammer|p2a: Magnezone\n|-resisted|p2a: Magnezone\n|-damage|p2a: Magnezone|98\/100\n|move|p2a: Magnezone|Iron Defense|p2a: Magnezone\n|-boost|p2a: Magnezone|def|0\n|\n|-heal|p2a: Magnezone|100\/100|[from] item: Leftovers\n|-end|p2a: Magnezone|Encore\n|upkeep\n|turn|29\n|\n|t:|1698202723\n|move|p1a: Ooo a wallet|Encore|p2a: Magnezone\n|-start|p2a: Magnezone|Encore\n|move|p2a: Magnezone|Iron Defense|p2a: Magnezone\n|-boost|p2a: Magnezone|def|0\n|\n|upkeep\n|turn|30\n|\n|t:|1698202726\n|move|p1a: Ooo a wallet|Gigaton Hammer|p2a: Magnezone\n|-resisted|p2a: Magnezone\n|-damage|p2a: Magnezone|98\/100\n|move|p2a: Magnezone|Iron Defense|p2a: Magnezone\n|-boost|p2a: Magnezone|def|0\n|\n|-heal|p2a: Magnezone|100\/100|[from] item: Leftovers\n|-end|p2a: Magnezone|Encore\n|upkeep\n|turn|31\n|\n|t:|1698202730\n|move|p1a: Ooo a wallet|Thunder Wave|p2a: Magnezone\n|-immune|p2a: Magnezone\n|move|p2a: Magnezone|Body Press|p1a: Ooo a wallet\n|-damage|p1a: Ooo a wallet|0 fnt\n|faint|p1a: Ooo a wallet\n|\n|upkeep\n|c|\u2606joshant-|youre ridiculous\n|c|\u2606joshant-|nice one\n|\n|t:|1698202742\n|switch|p1a: UWU|Enamorus, F|100\/100\n|turn|32\n|\n|t:|1698202748\n|move|p1a: UWU|Mystical Fire|p2a: Magnezone\n|-supereffective|p2a: Magnezone\n|-damage|p2a: Magnezone|63\/100\n|-unboost|p2a: Magnezone|spa|1\n|move|p2a: Magnezone|Volt Switch|p1a: UWU\n|-supereffective|p1a: UWU\n|-damage|p1a: UWU|59\/100\n|\n|t:|1698202764\n|switch|p2a: Dragonite|Dragonite, F|100\/100|[from] Volt Switch\n|-damage|p2a: Dragonite|76\/100|[from] Stealth Rock\n|\n|-heal|p1a: UWU|65\/100|[from] item: Leftovers\n|upkeep\n|turn|33\n|\n|t:|1698202767\n|move|p2a: Dragonite|Thunder Punch|p1a: UWU\n|-supereffective|p1a: UWU\n|-damage|p1a: UWU|0 fnt\n|faint|p1a: UWU\n|\n|upkeep\n|\n|t:|1698202780\n|switch|p1a: Trade Deal \ud83d\udd25|Baxcalibur, F|100\/100\n|turn|34\n|\n|t:|1698202785\n|switch|p2a: Magnezone|Magnezone|63\/100\n|-damage|p2a: Magnezone|57\/100|[from] Stealth Rock\n|move|p1a: Trade Deal \ud83d\udd25|Substitute|p1a: Trade Deal \ud83d\udd25\n|-start|p1a: Trade Deal \ud83d\udd25|Substitute\n|-damage|p1a: Trade Deal \ud83d\udd25|76\/100\n|\n|-heal|p2a: Magnezone|63\/100|[from] item: Leftovers\n|upkeep\n|turn|35\n|\n|t:|1698202789\n|-terastallize|p1a: Trade Deal \ud83d\udd25|Dragon\n|move|p1a: Trade Deal \ud83d\udd25|Dragon Dance|p1a: Trade Deal \ud83d\udd25\n|-boost|p1a: Trade Deal \ud83d\udd25|atk|1\n|-boost|p1a: Trade Deal \ud83d\udd25|spe|1\n|move|p2a: Magnezone|Body Press|p1a: Trade Deal \ud83d\udd25\n|-activate|p1a: Trade Deal \ud83d\udd25|move: Substitute|[damage]\n|\n|-heal|p2a: Magnezone|69\/100|[from] item: Leftovers\n|upkeep\n|turn|36\n|\n|t:|1698202798\n|move|p1a: Trade Deal \ud83d\udd25|Dragon Dance|p1a: Trade Deal \ud83d\udd25\n|-boost|p1a: Trade Deal \ud83d\udd25|atk|1\n|-boost|p1a: Trade Deal \ud83d\udd25|spe|1\n|move|p2a: Magnezone|Volt Switch|p1a: Trade Deal \ud83d\udd25\n|-resisted|p1a: Trade Deal \ud83d\udd25\n|-end|p1a: Trade Deal \ud83d\udd25|Substitute\n|\n|t:|1698202807\n|switch|p2a: Dragonite|Dragonite, F|76\/100|[from] Volt Switch\n|-damage|p2a: Dragonite|51\/100|[from] Stealth Rock\n|\n|upkeep\n|turn|37\n|\n|t:|1698202812\n|-terastallize|p2a: Dragonite|Fairy\n|move|p1a: Trade Deal \ud83d\udd25|Ice Shard|p2a: Dragonite\n|-damage|p2a: Dragonite|0 fnt\n|faint|p2a: Dragonite\n|\n|upkeep\n|\n|t:|1698202818\n|switch|p2a: Quagsire|Quagsire, M|100\/100\n|-damage|p2a: Quagsire|95\/100|[from] Stealth Rock\n|turn|38\n|\n|t:|1698202822\n|move|p1a: Trade Deal \ud83d\udd25|Substitute|p1a: Trade Deal \ud83d\udd25\n|-start|p1a: Trade Deal \ud83d\udd25|Substitute\n|-damage|p1a: Trade Deal \ud83d\udd25|51\/100\n|move|p2a: Quagsire|Earthquake|p1a: Trade Deal \ud83d\udd25\n|-end|p1a: Trade Deal \ud83d\udd25|Substitute\n|\n|-heal|p2a: Quagsire|100\/100|[from] item: Leftovers\n|upkeep\n|turn|39\n|\n|t:|1698202833\n|move|p1a: Trade Deal \ud83d\udd25|Glaive Rush|p2a: Quagsire\n|-damage|p2a: Quagsire|0 fnt\n|-singlemove|p1a: Trade Deal \ud83d\udd25|Glaive Rush|[silent]\n|faint|p2a: Quagsire\n|\n|upkeep\n|\n|t:|1698202840\n|switch|p2a: Floatzel|Floatzel, F|24\/100\n|-damage|p2a: Floatzel|12\/100|[from] Stealth Rock\n|turn|40\n|\n|t:|1698202842\n|move|p1a: Trade Deal \ud83d\udd25|Ice Shard|p2a: Floatzel\n|-resisted|p2a: Floatzel\n|-damage|p2a: Floatzel|0 fnt\n|faint|p2a: Floatzel\n|\n|upkeep\n|\n|t:|1698202847\n|switch|p2a: Pelipper|Pelipper, M|100\/100 par\n|-damage|p2a: Pelipper|76\/100 par|[from] Stealth Rock\n|-weather|RainDance|[from] ability: Drizzle|[of] p2a: Pelipper\n|turn|41\n|\n|t:|1698202851\n|move|p1a: Trade Deal \ud83d\udd25|Substitute|p1a: Trade Deal \ud83d\udd25\n|-start|p1a: Trade Deal \ud83d\udd25|Substitute\n|-damage|p1a: Trade Deal \ud83d\udd25|26\/100\n|cant|p2a: Pelipper|par\n|\n|-weather|RainDance|[upkeep]\n|upkeep\n|turn|42\n|\n|t:|1698202856\n|move|p1a: Trade Deal \ud83d\udd25|Glaive Rush|p2a: Pelipper\n|-damage|p2a: Pelipper|0 fnt\n|-singlemove|p1a: Trade Deal \ud83d\udd25|Glaive Rush|[silent]\n|faint|p2a: Pelipper\n|\n|-weather|RainDance|[upkeep]\n|upkeep\n|\n|t:|1698202860\n|switch|p2a: Magnezone|Magnezone|69\/100\n|-damage|p2a: Magnezone|63\/100|[from] Stealth Rock\n|turn|43\n|\n|t:|1698202863\n|move|p1a: Trade Deal \ud83d\udd25|Glaive Rush|p2a: Magnezone\n|-resisted|p2a: Magnezone\n|-damage|p2a: Magnezone|0 fnt\n|-singlemove|p1a: Trade Deal \ud83d\udd25|Glaive Rush|[silent]\n|faint|p2a: Magnezone\n|\n|-weather|RainDance|[upkeep]\n|upkeep\n|c|\u2606joshant-|so lucky\n|\n|t:|1698202869\n|switch|p2a: Crawdaunt|Crawdaunt, M|100\/100\n|-damage|p2a: Crawdaunt|88\/100|[from] Stealth Rock\n|turn|44\n|\n|t:|1698202872\n|move|p2a: Crawdaunt|Aqua Jet|p1a: Trade Deal \ud83d\udd25\n|-resisted|p1a: Trade Deal \ud83d\udd25\n|-end|p1a: Trade Deal \ud83d\udd25|Substitute\n|move|p1a: Trade Deal \ud83d\udd25|Glaive Rush|p2a: Crawdaunt\n|-damage|p2a: Crawdaunt|0 fnt\n|-singlemove|p1a: Trade Deal \ud83d\udd25|Glaive Rush|[silent]\n|faint|p2a: Crawdaunt\n|\n|win|Treeckoguy1\n|raw|Treeckoguy1's rating: 1333 &rarr; <strong>1359<\/strong><br \/>(+26 for winning)\n|raw|joshant-'s rating: 1444 &rarr; <strong>1418<\/strong><br \/>(-26 for losing)\n|l|\u2606joshant-\n","uploadtime":1698202904,"views":24,"p1id":"treeckoguy1","p2id":"joshant","formatid":"gen9anythinggoes","rating":1359,"private":0,"password":""}