{"id":"gen9anythinggoes-1990161738","p1":"stixbtw","p2":"RiizenGaming","format":"[Gen 9] Anything Goes","log":"|j|\u2606stixbtw\n|j|\u2606RiizenGaming\n|t:|1699931391\n|gametype|singles\n|player|p1|stixbtw|linebacker|1212\n|player|p2|RiizenGaming|101|1333\n|teamsize|p1|6\n|teamsize|p2|6\n|gen|9\n|tier|[Gen 9] Anything Goes\n|rated|\n|rule|HP Percentage Mod: HP is shown in percentages\n|rule|Endless Battle Clause: Forcing endless battles is banned\n|clearpoke\n|poke|p1|Volbeat, M|\n|poke|p1|Calyrex-Shadow|\n|poke|p1|Urshifu-*, F|\n|poke|p1|Espathra, F|\n|poke|p1|Greninja-*, M|\n|poke|p1|Cyclizar, F|\n|poke|p2|Spidops, M|\n|poke|p2|Baxcalibur, F|\n|poke|p2|Kingambit, F|\n|poke|p2|Ogerpon-Hearthflame, F|\n|poke|p2|Gengar, M|\n|poke|p2|Mew|\n|teampreview\n|inactive|Battle timer is ON: inactive players will automatically lose when time's up. (requested by stixbtw)\n|\n|t:|1699931409\n|start\n|switch|p1a: Josh|Volbeat, M|100\/100\n|switch|p2a: Spooder|Spidops, M|100\/100\n|turn|1\n|\n|t:|1699931423\n|move|p1a: Josh|Taunt|p2a: Spooder\n|-start|p2a: Spooder|move: Taunt\n|cant|p2a: Spooder|move: Taunt|Sticky Web\n|\n|upkeep\n|turn|2\n|\n|t:|1699931429\n|move|p1a: Josh|Thunder Wave|p2a: Spooder|[miss]\n|-miss|p1a: Josh|p2a: Spooder\n|move|p2a: Spooder|Circle Throw|p1a: Josh\n|-resisted|p1a: Josh\n|-damage|p1a: Josh|93\/100\n|drag|p1a: Furrybait|Urshifu-Rapid-Strike, F|100\/100\n|\n|upkeep\n|turn|3\n|\n|t:|1699931436\n|move|p1a: Furrybait|Surging Strikes|p2a: Spooder\n|-crit|p2a: Spooder\n|-damage|p2a: Spooder|83\/100\n|-crit|p2a: Spooder\n|-damage|p2a: Spooder|68\/100\n|-crit|p2a: Spooder\n|-damage|p2a: Spooder|53\/100\n|-hitcount|p2a: Spooder|3\n|move|p2a: Spooder|Counter|p1a: Furrybait\n|-damage|p1a: Furrybait|71\/100\n|\n|-end|p2a: Spooder|move: Taunt\n|upkeep\n|turn|4\n|\n|t:|1699931448\n|switch|p1a: Yu-Gi-Oh 5Ds|Cyclizar, F|100\/100\n|move|p2a: Spooder|Sticky Web|p1a: Yu-Gi-Oh 5Ds\n|-sidestart|p1: stixbtw|move: Sticky Web\n|\n|upkeep\n|turn|5\n|\n|t:|1699931458\n|move|p1a: Yu-Gi-Oh 5Ds|Shed Tail|p1a: Yu-Gi-Oh 5Ds\n|-start|p1a: Yu-Gi-Oh 5Ds|Substitute|[from] move: Shed Tail\n|-damage|p1a: Yu-Gi-Oh 5Ds|50\/100\n|\n|t:|1699931467\n|switch|p1a: PSA WS +1 PR|Greninja, M|100\/100|[from] Shed Tail\n|-activate|p1a: PSA WS +1 PR|move: Sticky Web\n|-unboost|p1a: PSA WS +1 PR|spe|1\n|move|p2a: Spooder|Circle Throw|p1a: PSA WS +1 PR|[miss]\n|-miss|p2a: Spooder|p1a: PSA WS +1 PR\n|\n|upkeep\n|turn|6\n|\n|t:|1699931478\n|move|p1a: PSA WS +1 PR|Ice Beam|p2a: Spooder\n|-damage|p2a: Spooder|19\/100\n|move|p2a: Spooder|Circle Throw|p1a: PSA WS +1 PR\n|-supereffective|p1a: PSA WS +1 PR\n|-end|p1a: PSA WS +1 PR|Substitute\n|\n|upkeep\n|turn|7\n|\n|t:|1699931483\n|move|p1a: PSA WS +1 PR|Ice Beam|p2a: Spooder\n|-damage|p2a: Spooder|0 fnt\n|faint|p2a: Spooder\n|-ability|p1a: PSA WS +1 PR|Battle Bond|boost\n|-boost|p1a: PSA WS +1 PR|atk|1\n|-boost|p1a: PSA WS +1 PR|spa|1\n|-boost|p1a: PSA WS +1 PR|spe|1\n|-activate|p1a: PSA WS +1 PR|ability: Battle Bond\n|\n|upkeep\n|\n|t:|1699931498\n|switch|p2a: Bax street boi|Baxcalibur, F|100\/100\n|turn|8\n|\n|t:|1699931512\n|move|p1a: PSA WS +1 PR|Ice Beam|p2a: Bax street boi\n|-damage|p2a: Bax street boi|57\/100\n|move|p2a: Bax street boi|Glaive Rush|p1a: PSA WS +1 PR\n|-damage|p1a: PSA WS +1 PR|3\/100\n|-singlemove|p2a: Bax street boi|Glaive Rush|[silent]\n|\n|-heal|p2a: Bax street boi|63\/100|[from] item: Leftovers\n|upkeep\n|turn|9\n|\n|t:|1699931522\n|switch|p2a: Dapper beetle|Kingambit, F|100\/100\n|-activate|p2a: Dapper beetle|ability: Supreme Overlord\n|-start|p2a: Dapper beetle|fallen1|[silent]\n|-terastallize|p1a: PSA WS +1 PR|Water\n|move|p1a: PSA WS +1 PR|Water Shuriken|p2a: Dapper beetle\n|-damage|p2a: Dapper beetle|92\/100\n|-damage|p2a: Dapper beetle|82\/100\n|-crit|p2a: Dapper beetle\n|-damage|p2a: Dapper beetle|67\/100\n|-damage|p2a: Dapper beetle|57\/100\n|-hitcount|p2a: Dapper beetle|4\n|\n|upkeep\n|turn|10\n|\n|t:|1699931538\n|move|p1a: PSA WS +1 PR|Water Shuriken|p2a: Dapper beetle\n|-damage|p2a: Dapper beetle|48\/100\n|-damage|p2a: Dapper beetle|38\/100\n|-damage|p2a: Dapper beetle|28\/100\n|-damage|p2a: Dapper beetle|19\/100\n|-hitcount|p2a: Dapper beetle|4\n|move|p2a: Dapper beetle|Poison Jab|p1a: PSA WS +1 PR\n|-damage|p1a: PSA WS +1 PR|0 fnt\n|faint|p1a: PSA WS +1 PR\n|\n|upkeep\n|\n|t:|1699931554\n|switch|p1a: Yu-Gi-Oh 5Ds|Cyclizar, F|84\/100\n|turn|11\n|\n|t:|1699931560\n|-end|p2a: Dapper beetle|fallen1|[silent]\n|switch|p2a: Meowntain|Mew, shiny|100\/100\n|move|p1a: Yu-Gi-Oh 5Ds|Rapid Spin|p2a: Meowntain\n|-damage|p2a: Meowntain|89\/100\n|-boost|p1a: Yu-Gi-Oh 5Ds|spe|1\n|-sideend|p1: stixbtw|Sticky Web|[from] move: Rapid Spin|[of] p1a: Yu-Gi-Oh 5Ds\n|\n|-heal|p2a: Meowntain|95\/100|[from] item: Leftovers\n|upkeep\n|turn|12\n|\n|t:|1699931572\n|-terastallize|p2a: Meowntain|Steel\n|move|p1a: Yu-Gi-Oh 5Ds|Shed Tail|p1a: Yu-Gi-Oh 5Ds\n|-start|p1a: Yu-Gi-Oh 5Ds|Substitute|[from] move: Shed Tail\n|-damage|p1a: Yu-Gi-Oh 5Ds|33\/100\n|\n|t:|1699931598\n|switch|p1a: Furrybait|Urshifu-Rapid-Strike, F|71\/100|[from] Shed Tail\n|move|p2a: Meowntain|Bulk Up|p2a: Meowntain\n|-boost|p2a: Meowntain|atk|1\n|-boost|p2a: Meowntain|def|1\n|\n|-heal|p2a: Meowntain|100\/100|[from] item: Leftovers\n|upkeep\n|turn|13\n|\n|t:|1699931606\n|move|p1a: Furrybait|Aura Sphere|p2a: Meowntain\n|-supereffective|p2a: Meowntain\n|-damage|p2a: Meowntain|70\/100\n|move|p2a: Meowntain|Bulk Up|p2a: Meowntain\n|-boost|p2a: Meowntain|atk|1\n|-boost|p2a: Meowntain|def|1\n|\n|-heal|p2a: Meowntain|76\/100|[from] item: Leftovers\n|upkeep\n|turn|14\n|\n|t:|1699931619\n|switch|p1a: Josh|Volbeat, M|93\/100\n|move|p2a: Meowntain|Dragon Dance|p2a: Meowntain\n|-boost|p2a: Meowntain|atk|1\n|-boost|p2a: Meowntain|spe|1\n|\n|-heal|p2a: Meowntain|83\/100|[from] item: Leftovers\n|upkeep\n|turn|15\n|\n|t:|1699931627\n|move|p1a: Josh|Thunder Wave|p2a: Meowntain\n|-status|p2a: Meowntain|par\n|-activate|p2a: Meowntain|ability: Synchronize\n|-status|p1a: Josh|par\n|move|p2a: Meowntain|Dragon Dance|p2a: Meowntain\n|-boost|p2a: Meowntain|atk|1\n|-boost|p2a: Meowntain|spe|1\n|\n|-heal|p2a: Meowntain|89\/100 par|[from] item: Leftovers\n|upkeep\n|turn|16\n|\n|t:|1699931638\n|move|p1a: Josh|Taunt|p2a: Meowntain\n|-start|p2a: Meowntain|move: Taunt\n|cant|p2a: Meowntain|move: Taunt|Dragon Dance\n|\n|-heal|p2a: Meowntain|95\/100 par|[from] item: Leftovers\n|upkeep\n|turn|17\n|\n|t:|1699931646\n|switch|p1a: Furrybait|Urshifu-Rapid-Strike, F|71\/100\n|cant|p2a: Meowntain|par\n|\n|-heal|p2a: Meowntain|100\/100 par|[from] item: Leftovers\n|upkeep\n|turn|18\n|\n|t:|1699931651\n|move|p1a: Furrybait|U-turn|p2a: Meowntain\n|-resisted|p2a: Meowntain\n|-damage|p2a: Meowntain|97\/100 par\n|\n|t:|1699931660\n|switch|p1a: Yu-Gi-Oh 5Ds|Cyclizar, F|67\/100|[from] U-turn\n|move|p2a: Meowntain|Psychic|p1a: Yu-Gi-Oh 5Ds\n|-damage|p1a: Yu-Gi-Oh 5Ds|19\/100\n|\n|-heal|p2a: Meowntain|100\/100 par|[from] item: Leftovers\n|-end|p2a: Meowntain|move: Taunt\n|upkeep\n|turn|19\n|\n|t:|1699931665\n|move|p2a: Meowntain|Baton Pass|p2a: Meowntain\n|\n|t:|1699931671\n|switch|p2a: Ooga booga|Ogerpon-Hearthflame, F|100\/100|[from] Baton Pass\n|-ability|p2a: Ooga booga|Mold Breaker\n|move|p1a: Yu-Gi-Oh 5Ds|Dragon Tail|p2a: Ooga booga\n|-damage|p2a: Ooga booga|87\/100\n|drag|p2a: Meowntain|Mew, shiny, tera:Steel|100\/100 par\n|\n|upkeep\n|turn|20\n|\n|t:|1699931683\n|switch|p1a: Espathra|Espathra, F|100\/100\n|move|p2a: Meowntain|Psychic|p1a: Espathra\n|-resisted|p1a: Espathra\n|-damage|p1a: Espathra|82\/100\n|\n|upkeep\n|turn|21\n|\n|t:|1699931687\n|move|p1a: Espathra|Calm Mind|p1a: Espathra\n|-boost|p1a: Espathra|spa|1\n|-boost|p1a: Espathra|spd|1\n|move|p2a: Meowntain|Dragon Dance|p2a: Meowntain\n|-boost|p2a: Meowntain|atk|1\n|-boost|p2a: Meowntain|spe|1\n|-enditem|p1a: Espathra|Mirror Herb\n|-boost|p1a: Espathra|atk|1|[from] item: Mirror Herb\n|-boost|p1a: Espathra|spe|1|[from] item: Mirror Herb\n|-ability|p1a: Espathra|Opportunist|boost\n|-boost|p1a: Espathra|atk|1\n|-boost|p1a: Espathra|spe|1\n|\n|upkeep\n|turn|22\n|\n|t:|1699931696\n|move|p1a: Espathra|Calm Mind|p1a: Espathra\n|-boost|p1a: Espathra|spa|1\n|-boost|p1a: Espathra|spd|1\n|move|p2a: Meowntain|Bulk Up|p2a: Meowntain\n|-boost|p2a: Meowntain|atk|1\n|-boost|p2a: Meowntain|def|1\n|-ability|p1a: Espathra|Opportunist|boost\n|-boost|p1a: Espathra|atk|1\n|-boost|p1a: Espathra|def|1\n|\n|upkeep\n|turn|23\n|\n|t:|1699931700\n|move|p1a: Espathra|Calm Mind|p1a: Espathra\n|-boost|p1a: Espathra|spa|1\n|-boost|p1a: Espathra|spd|1\n|cant|p2a: Meowntain|par\n|\n|upkeep\n|turn|24\n|\n|t:|1699931705\n|move|p1a: Espathra|Stored Power|p2a: Meowntain\n|-resisted|p2a: Meowntain\n|-damage|p2a: Meowntain|0 fnt\n|faint|p2a: Meowntain\n|\n|upkeep\n|-message|RiizenGaming forfeited.\n|\n|win|stixbtw\n|raw|stixbtw's rating: 1212 &rarr; <strong>1245<\/strong><br \/>(+33 for winning)\n|raw|RiizenGaming's rating: 1333 &rarr; <strong>1306<\/strong><br \/>(-27 for losing)\n|l|\u2606RiizenGaming\n","uploadtime":1699931729,"views":10,"p1id":"stixbtw","p2id":"riizengaming","formatid":"gen9anythinggoes","rating":1245,"private":0,"password":""}