{"id":"gen9anythinggoes-1993896887","p1":"Jojospicydong","p2":"jeezus1023","format":"[Gen 9] Anything Goes","log":"|j|\u2606Jojospicydong\n|j|\u2606jeezus1023\n|t:|1700371766\n|gametype|singles\n|player|p1|Jojospicydong|cameraman|\n|player|p2|jeezus1023|clair|\n|teamsize|p1|6\n|teamsize|p2|6\n|gen|9\n|tier|[Gen 9] Anything Goes\n|rule|HP Percentage Mod: HP is shown in percentages\n|rule|Endless Battle Clause: Forcing endless battles is banned\n|clearpoke\n|poke|p1|Flutter Mane|\n|poke|p1|Dragapult, F|\n|poke|p1|Azumarill, M|\n|poke|p1|Sandaconda, F|\n|poke|p1|Slowking-Galar, M|\n|poke|p1|Komala, F|\n|poke|p2|Walking Wake|\n|poke|p2|Mimikyu, M|\n|poke|p2|Garchomp, M|\n|poke|p2|Oricorio, M|\n|poke|p2|Muk-Alola, M|\n|poke|p2|Annihilape, M|\n|teampreview\n|\n|t:|1700371793\n|start\n|switch|p1a: Sacussy|Sandaconda, F|100\/100\n|switch|p2a: Demon|Garchomp, M|100\/100\n|turn|1\n|\n|t:|1700371802\n|move|p2a: Demon|Spikes|p1a: Sacussy\n|-sidestart|p1: Jojospicydong|Spikes\n|move|p1a: Sacussy|Coil|p1a: Sacussy\n|-boost|p1a: Sacussy|atk|1\n|-boost|p1a: Sacussy|def|1\n|-boost|p1a: Sacussy|accuracy|1\n|\n|upkeep\n|turn|2\n|\n|t:|1700371821\n|move|p2a: Demon|Spikes|p1a: Sacussy\n|-sidestart|p1: Jojospicydong|Spikes\n|move|p1a: Sacussy|Dragon Rush|p2a: Demon\n|-supereffective|p2a: Demon\n|-damage|p2a: Demon|27\/100\n|-damage|p1a: Sacussy|88\/100|[from] ability: Rough Skin|[of] p2a: Demon\n|\n|-heal|p1a: Sacussy|94\/100|[from] item: Leftovers\n|upkeep\n|turn|3\n|\n|t:|1700371848\n|switch|p2a: Diable Jambe|Oricorio, M, shiny|100\/100\n|move|p1a: Sacussy|Glare|p2a: Diable Jambe\n|-status|p2a: Diable Jambe|par\n|\n|-heal|p1a: Sacussy|99\/100|[from] item: Leftovers\n|upkeep\n|turn|4\n|\n|t:|1700371857\n|move|p1a: Sacussy|Dragon Rush|p2a: Diable Jambe\n|-damage|p2a: Diable Jambe|50\/100 par\n|cant|p2a: Diable Jambe|par\n|\n|-heal|p1a: Sacussy|100\/100|[from] item: Leftovers\n|upkeep\n|turn|5\n|\n|t:|1700371865\n|move|p1a: Sacussy|Dragon Rush|p2a: Diable Jambe\n|-damage|p2a: Diable Jambe|2\/100 par\n|move|p2a: Diable Jambe|Air Slash|p1a: Sacussy\n|-damage|p1a: Sacussy|67\/100\n|\n|-heal|p1a: Sacussy|73\/100|[from] item: Leftovers\n|upkeep\n|turn|6\n|\n|t:|1700371874\n|move|p1a: Sacussy|Dragon Rush|p2a: Diable Jambe\n|-damage|p2a: Diable Jambe|0 fnt\n|faint|p2a: Diable Jambe\n|\n|-heal|p1a: Sacussy|79\/100|[from] item: Leftovers\n|upkeep\n|\n|t:|1700371879\n|switch|p2a: Body Bag|Walking Wake|100\/100\n|-enditem|p2a: Body Bag|Booster Energy\n|-activate|p2a: Body Bag|ability: Protosynthesis|[fromitem]\n|-start|p2a: Body Bag|protosynthesisspe\n|turn|7\n|\n|t:|1700371896\n|switch|p1a: wehttaMselleD|Slowking-Galar, M|100\/100\n|-damage|p1a: wehttaMselleD|84\/100|[from] Spikes\n|move|p2a: Body Bag|Hydro Steam|p1a: wehttaMselleD\n|-damage|p1a: wehttaMselleD|59\/100\n|\n|-heal|p1a: wehttaMselleD|65\/100|[from] item: Black Sludge\n|upkeep\n|turn|8\n|\n|t:|1700371911\n|-end|p2a: Body Bag|Protosynthesis|[silent]\n|switch|p2a: LSD|Muk-Alola, M|100\/100\n|move|p1a: wehttaMselleD|Slack Off|p1a: wehttaMselleD\n|-heal|p1a: wehttaMselleD|100\/100\n|\n|upkeep\n|turn|9\n|\n|t:|1700371927\n|switch|p1a: SleepyJoe|Komala, F|100\/100\n|-ability|p1a: SleepyJoe|Comatose\n|move|p2a: LSD|Knock Off|p1a: SleepyJoe\n|-damage|p1a: SleepyJoe|32\/100\n|-enditem|p1a: SleepyJoe|Heavy-Duty Boots|[from] move: Knock Off|[of] p2a: LSD\n|\n|upkeep\n|turn|10\n|\n|t:|1700371940\n|switch|p2a: Demon|Garchomp, M|27\/100\n|move|p1a: SleepyJoe|Rapid Spin|p2a: Demon\n|-damage|p2a: Demon|6\/100\n|-boost|p1a: SleepyJoe|spe|1\n|-damage|p1a: SleepyJoe|20\/100|[from] ability: Rough Skin|[of] p2a: Demon\n|-sideend|p1: Jojospicydong|Spikes|[from] move: Rapid Spin|[of] p1a: SleepyJoe\n|\n|upkeep\n|turn|11\n|\n|t:|1700371955\n|move|p1a: SleepyJoe|Ice Spinner|p2a: Demon\n|-supereffective|p2a: Demon\n|-damage|p2a: Demon|0 fnt\n|-damage|p1a: SleepyJoe|7\/100|[from] ability: Rough Skin|[of] p2a: Demon\n|faint|p2a: Demon\n|\n|upkeep\n|\n|t:|1700371969\n|switch|p2a: Tommy Devito|Annihilape, M|100\/100\n|turn|12\n|\n|t:|1700371984\n|move|p1a: SleepyJoe|Sucker Punch|p2a: Tommy Devito\n|-damage|p2a: Tommy Devito|81\/100\n|move|p2a: Tommy Devito|Drain Punch|p1a: SleepyJoe\n|-supereffective|p1a: SleepyJoe\n|-damage|p1a: SleepyJoe|0 fnt\n|-heal|p2a: Tommy Devito|84\/100|[from] drain|[of] p1a: SleepyJoe\n|faint|p1a: SleepyJoe\n|\n|-heal|p2a: Tommy Devito|90\/100|[from] item: Leftovers\n|upkeep\n|\n|t:|1700372009\n|switch|p1a: Flutter Mane|Flutter Mane|100\/100\n|-enditem|p1a: Flutter Mane|Booster Energy\n|-activate|p1a: Flutter Mane|ability: Protosynthesis|[fromitem]\n|-start|p1a: Flutter Mane|protosynthesisspe\n|turn|13\n|\n|t:|1700372017\n|move|p1a: Flutter Mane|Moonblast|p2a: Tommy Devito\n|-supereffective|p2a: Tommy Devito\n|-damage|p2a: Tommy Devito|29\/100\n|move|p2a: Tommy Devito|Rage Fist|p1a: Flutter Mane\n|-supereffective|p1a: Flutter Mane\n|-damage|p1a: Flutter Mane|0 fnt\n|faint|p1a: Flutter Mane\n|-end|p1a: Flutter Mane|Protosynthesis|[silent]\n|\n|-heal|p2a: Tommy Devito|35\/100|[from] item: Leftovers\n|upkeep\n|\n|t:|1700372037\n|switch|p1a: Empress Cixi|Dragapult, F, shiny|100\/100\n|turn|14\n|\n|t:|1700372044\n|switch|p2a: LSD|Muk-Alola, M|100\/100\n|move|p1a: Empress Cixi|Shadow Ball|p2a: LSD\n|-resisted|p2a: LSD\n|-damage|p2a: LSD|89\/100\n|\n|upkeep\n|turn|15\n|\n|t:|1700372055\n|switch|p1a: Sacussy|Sandaconda, F|79\/100\n|move|p2a: LSD|Knock Off|p1a: Sacussy\n|-damage|p1a: Sacussy|52\/100\n|-enditem|p1a: Sacussy|Leftovers|[from] move: Knock Off|[of] p2a: LSD\n|\n|upkeep\n|turn|16\n|\n|t:|1700372073\n|switch|p2a: Eldritch Horror|Mimikyu, M, shiny|100\/100\n|move|p1a: Sacussy|Glare|p2a: Eldritch Horror\n|-status|p2a: Eldritch Horror|par\n|\n|upkeep\n|turn|17\n|\n|t:|1700372081\n|move|p1a: Sacussy|Coil|p1a: Sacussy\n|-boost|p1a: Sacussy|atk|1\n|-boost|p1a: Sacussy|def|1\n|-boost|p1a: Sacussy|accuracy|1\n|cant|p2a: Eldritch Horror|par\n|\n|upkeep\n|turn|18\n|\n|t:|1700372089\n|move|p1a: Sacussy|Coil|p1a: Sacussy\n|-boost|p1a: Sacussy|atk|1\n|-boost|p1a: Sacussy|def|1\n|-boost|p1a: Sacussy|accuracy|1\n|move|p2a: Eldritch Horror|Trailblaze|p1a: Sacussy\n|-supereffective|p1a: Sacussy\n|-damage|p1a: Sacussy|42\/100\n|-boost|p2a: Eldritch Horror|spe|1\n|\n|upkeep\n|turn|19\n|\n|t:|1700372100\n|move|p2a: Eldritch Horror|Swords Dance|p2a: Eldritch Horror\n|-boost|p2a: Eldritch Horror|atk|2\n|move|p1a: Sacussy|Rest|p1a: Sacussy\n|-status|p1a: Sacussy|slp|[from] move: Rest\n|-heal|p1a: Sacussy|100\/100 slp|[silent]\n|\n|upkeep\n|turn|20\n|\n|t:|1700372108\n|switch|p1a: wehttaMselleD|Slowking-Galar, M|100\/100\n|cant|p2a: Eldritch Horror|par\n|\n|upkeep\n|turn|21\n|\n|t:|1700372116\n|move|p2a: Eldritch Horror|Shadow Sneak|p1a: wehttaMselleD\n|-supereffective|p1a: wehttaMselleD\n|-damage|p1a: wehttaMselleD|18\/100\n|move|p1a: wehttaMselleD|Sludge Bomb|p2a: Eldritch Horror\n|-activate|p2a: Eldritch Horror|ability: Disguise\n|-damage|p2a: Eldritch Horror|100\/100 par\n|detailschange|p2a: Eldritch Horror|Mimikyu-Busted, M, shiny\n|-damage|p2a: Eldritch Horror|88\/100 par|[from] pokemon: Mimikyu-Busted\n|\n|-heal|p1a: wehttaMselleD|24\/100|[from] item: Black Sludge\n|upkeep\n|turn|22\n|\n|t:|1700372127\n|switch|p1a: Sacussy|Sandaconda, F|100\/100 slp\n|move|p2a: Eldritch Horror|Shadow Sneak|p1a: Sacussy\n|-crit|p1a: Sacussy\n|-damage|p1a: Sacussy|72\/100 slp\n|\n|upkeep\n|turn|23\n|\n|t:|1700372139\n|move|p2a: Eldritch Horror|Swords Dance|p2a: Eldritch Horror\n|-boost|p2a: Eldritch Horror|atk|2\n|cant|p1a: Sacussy|slp\n|\n|upkeep\n|turn|24\n|\n|t:|1700372148\n|move|p2a: Eldritch Horror|Trailblaze|p1a: Sacussy\n|-supereffective|p1a: Sacussy\n|-damage|p1a: Sacussy|17\/100 slp\n|-boost|p2a: Eldritch Horror|spe|1\n|cant|p1a: Sacussy|slp\n|\n|upkeep\n|turn|25\n|\n|t:|1700372175\n|move|p2a: Eldritch Horror|Trailblaze|p1a: Sacussy\n|-supereffective|p1a: Sacussy\n|-damage|p1a: Sacussy|0 fnt\n|-boost|p2a: Eldritch Horror|spe|1\n|faint|p1a: Sacussy\n|\n|upkeep\n|\n|t:|1700372183\n|switch|p1a: DongFuxiang|Azumarill, M, shiny|100\/100\n|turn|26\n|l|\u2606jeezus1023\n|player|p2|\n|l|\u2606Jojospicydong\n|player|p1|\n|j|\u2606Jojospicydong\n|player|p1|Jojospicydong|cameraman\n|j|\u2606jeezus1023\n|player|p2|jeezus1023|clair\n|\n|t:|1700372236\n|move|p1a: DongFuxiang|Aqua Jet|p2a: Eldritch Horror\n|-damage|p2a: Eldritch Horror|52\/100 par\n|move|p2a: Eldritch Horror|Trailblaze|p1a: DongFuxiang\n|-supereffective|p1a: DongFuxiang\n|-damage|p1a: DongFuxiang|0 fnt\n|-boost|p2a: Eldritch Horror|spe|1\n|faint|p1a: DongFuxiang\n|\n|upkeep\n|\n|t:|1700372249\n|switch|p1a: wehttaMselleD|Slowking-Galar, M|57\/100\n|turn|27\n|l|\u2606jeezus1023\n|player|p2|\n|j|\u2606jeezus1023\n|player|p2|jeezus1023|clair\n|\n|t:|1700372333\n|move|p2a: Eldritch Horror|Shadow Sneak|p1a: wehttaMselleD\n|-supereffective|p1a: wehttaMselleD\n|-crit|p1a: wehttaMselleD\n|-damage|p1a: wehttaMselleD|0 fnt\n|faint|p1a: wehttaMselleD\n|\n|upkeep\n|\n|t:|1700372338\n|switch|p1a: Empress Cixi|Dragapult, F, shiny|100\/100\n|turn|28\n|\n|t:|1700372344\n|cant|p2a: Eldritch Horror|par\n|move|p1a: Empress Cixi|Shadow Ball|p2a: Eldritch Horror\n|-supereffective|p2a: Eldritch Horror\n|-damage|p2a: Eldritch Horror|0 fnt\n|faint|p2a: Eldritch Horror\n|\n|upkeep\n|c|\u2606jeezus1023|my internet on some shit rn lol\n|\n|t:|1700372359\n|switch|p2a: LSD|Muk-Alola, M|89\/100\n|turn|29\n|\n|t:|1700372364\n|move|p1a: Empress Cixi|Shadow Ball|p2a: LSD\n|-resisted|p2a: LSD\n|-damage|p2a: LSD|77\/100\n|-unboost|p2a: LSD|spd|1\n|move|p2a: LSD|Knock Off|p1a: Empress Cixi\n|-supereffective|p1a: Empress Cixi\n|-damage|p1a: Empress Cixi|0 fnt\n|-enditem|p1a: Empress Cixi|Choice Specs|[from] move: Knock Off|[of] p2a: LSD\n|faint|p1a: Empress Cixi\n|\n|win|jeezus1023\n|c|\u2606jeezus1023|gg\n|c|\u2606Jojospicydong|Gg\n","uploadtime":1700372378,"views":40,"p1id":"jojospicydong","p2id":"jeezus1023","formatid":"gen9anythinggoes","rating":0,"private":0,"password":""}