{"id":"gen9anythinggoes-1998043137","p1":"puddlesbassdee","p2":"Mr Pinehurst","format":"[Gen 9] Anything Goes","log":"|j|\u2606puddlesbassdee\n|j|\u2606Mr Pinehurst\n|t:|1700882835\n|gametype|singles\n|player|p1|puddlesbassdee|265|1122\n|player|p2|Mr Pinehurst|266|1220\n|teamsize|p1|6\n|teamsize|p2|6\n|gen|9\n|tier|[Gen 9] Anything Goes\n|rated|\n|rule|HP Percentage Mod: HP is shown in percentages\n|rule|Endless Battle Clause: Forcing endless battles is banned\n|clearpoke\n|poke|p1|Annihilape, M|\n|poke|p1|Koraidon|\n|poke|p1|Pachirisu, F|\n|poke|p1|Walking Wake|\n|poke|p1|Murkrow, F|\n|poke|p1|Roaring Moon|\n|poke|p2|Maushold-Four|\n|poke|p2|Flutter Mane|\n|poke|p2|Miraidon|\n|poke|p2|Rabsca, M|\n|poke|p2|Garganacl, F|\n|poke|p2|Houndstone, M|\n|teampreview\n|\n|t:|1700882844\n|start\n|switch|p1a: Murkrow|Murkrow, F|100\/100\n|switch|p2a: DeMarco|Miraidon|100\/100\n|-fieldstart|move: Electric Terrain|[from] ability: Hadron Engine|[of] p2a: DeMarco\n|turn|1\n|\n|t:|1700882863\n|-terastallize|p2a: DeMarco|Electric\n|move|p1a: Murkrow|Tailwind|p1a: Murkrow\n|-sidestart|p1: puddlesbassdee|move: Tailwind\n|move|p2a: DeMarco|Electro Drift|p1a: Murkrow\n|-supereffective|p1a: Murkrow\n|-damage|p1a: Murkrow|0 fnt\n|faint|p1a: Murkrow\n|\n|upkeep\n|\n|t:|1700882897\n|switch|p1a: Koraidon|Koraidon|100\/100\n|-weather|SunnyDay|[from] ability: Orichalcum Pulse|[of] p1a: Koraidon\n|-activate|p1a: Koraidon|Orichalcum Pulse|[source]\n|turn|2\n|\n|t:|1700882912\n|move|p1a: Koraidon|Collision Course|p2a: DeMarco\n|-damage|p2a: DeMarco|0 fnt\n|faint|p2a: DeMarco\n|-damage|p1a: Koraidon|91\/100|[from] item: Life Orb\n|\n|-weather|SunnyDay|[upkeep]\n|upkeep\n|\n|t:|1700882915\n|switch|p2a: Flutter Mane|Flutter Mane, shiny|100\/100\n|-activate|p2a: Flutter Mane|ability: Protosynthesis\n|-start|p2a: Flutter Mane|protosynthesisspe\n|turn|3\n|\n|t:|1700882930\n|move|p1a: Koraidon|Flame Charge|p2a: Flutter Mane\n|-damage|p2a: Flutter Mane|0 fnt\n|-boost|p1a: Koraidon|spe|1\n|faint|p2a: Flutter Mane\n|-end|p2a: Flutter Mane|Protosynthesis|[silent]\n|-damage|p1a: Koraidon|81\/100|[from] item: Life Orb\n|\n|-weather|SunnyDay|[upkeep]\n|upkeep\n|\n|t:|1700882947\n|switch|p2a: Rabsca|Rabsca, M, shiny|100\/100\n|turn|4\n|\n|t:|1700882956\n|switch|p2a: SSSReplacement|Garganacl, F, shiny|100\/100\n|move|p1a: Koraidon|Flame Charge|p2a: SSSReplacement\n|-resisted|p2a: SSSReplacement\n|-damage|p2a: SSSReplacement|84\/100\n|-boost|p1a: Koraidon|spe|1\n|-damage|p1a: Koraidon|71\/100|[from] item: Life Orb\n|\n|-weather|SunnyDay|[upkeep]\n|-heal|p2a: SSSReplacement|91\/100|[from] item: Leftovers\n|-sideend|p1: puddlesbassdee|move: Tailwind\n|upkeep\n|turn|5\n|\n|t:|1700882975\n|move|p1a: Koraidon|Collision Course|p2a: SSSReplacement\n|-supereffective|p2a: SSSReplacement\n|-damage|p2a: SSSReplacement|0 fnt\n|faint|p2a: SSSReplacement\n|-damage|p1a: Koraidon|61\/100|[from] item: Life Orb\n|\n|-weather|SunnyDay|[upkeep]\n|-fieldend|move: Electric Terrain\n|upkeep\n|inactive|Battle timer is ON: inactive players will automatically lose when time's up. (requested by puddlesbassdee)\n|inactiveoff|Battle timer is now OFF.\n|\n|t:|1700882981\n|switch|p2a: Maushold|Maushold-Four|100\/100\n|turn|6\n|\n|t:|1700882985\n|move|p1a: Koraidon|Collision Course|p2a: Maushold\n|-supereffective|p2a: Maushold\n|-damage|p2a: Maushold|0 fnt\n|faint|p2a: Maushold\n|-damage|p1a: Koraidon|51\/100|[from] item: Life Orb\n|\n|-weather|none\n|upkeep\n|\n|t:|1700883002\n|switch|p2a: Rabsca|Rabsca, M, shiny|100\/100\n|turn|7\n|\n|t:|1700883007\n|move|p1a: Koraidon|Flame Charge|p2a: Rabsca\n|-supereffective|p2a: Rabsca\n|-crit|p2a: Rabsca\n|-damage|p2a: Rabsca|32\/100\n|-boost|p1a: Koraidon|spe|1\n|-damage|p1a: Koraidon|41\/100|[from] item: Life Orb\n|move|p2a: Rabsca|Trick Room|p2a: Rabsca\n|-fieldstart|move: Trick Room|[of] p2a: Rabsca\n|\n|upkeep\n|turn|8\n|\n|t:|1700883027\n|switch|p1a: Roaring Moon|Roaring Moon|100\/100\n|move|p2a: Rabsca|Revival Blessing|p2a: Rabsca\n|-enditem|p2a: Rabsca|Leppa Berry|[eat]\n|-activate|p2a: Rabsca|item: Leppa Berry|Revival Blessing|[consumed]\n|\n|t:|1700883045\n|-heal|p2: Flutter Mane|50\/100|[from] move: Revival Blessing\n|\n|upkeep\n|turn|9\n|\n|t:|1700883056\n|move|p2a: Rabsca|Revival Blessing|p2a: Rabsca\n|\n|t:|1700883070\n|-heal|p2: DeMarco|50\/100|[from] move: Revival Blessing\n|move|p1a: Roaring Moon|Crunch|p2a: Rabsca\n|-supereffective|p2a: Rabsca\n|-damage|p2a: Rabsca|0 fnt\n|faint|p2a: Rabsca\n|\n|upkeep\n|\n|t:|1700883072\n|switch|p2a: Houndstone|Houndstone, M|100\/100\n|turn|10\n|\n|t:|1700883080\n|move|p2a: Houndstone|Last Respects|p1a: Roaring Moon\n|-resisted|p1a: Roaring Moon\n|-damage|p1a: Roaring Moon|14\/100\n|move|p1a: Roaring Moon|Crunch|p2a: Houndstone\n|-supereffective|p2a: Houndstone\n|-damage|p2a: Houndstone|56\/100\n|-unboost|p2a: Houndstone|def|1\n|\n|upkeep\n|turn|11\n|\n|t:|1700883093\n|move|p2a: Houndstone|Last Respects|p1a: Roaring Moon\n|-resisted|p1a: Roaring Moon\n|-damage|p1a: Roaring Moon|0 fnt\n|faint|p1a: Roaring Moon\n|-end|p1a: Roaring Moon|Protosynthesis|[silent]\n|\n|-fieldend|move: Trick Room\n|upkeep\n|\n|t:|1700883100\n|switch|p1a: Koraidon|Koraidon|41\/100\n|-weather|SunnyDay|[from] ability: Orichalcum Pulse|[of] p1a: Koraidon\n|-activate|p1a: Koraidon|Orichalcum Pulse|[source]\n|turn|12\n|\n|t:|1700883108\n|switch|p2a: DeMarco|Miraidon|50\/100\n|-fieldstart|move: Electric Terrain|[from] ability: Hadron Engine|[of] p2a: DeMarco\n|move|p1a: Koraidon|Dragon Claw|p2a: DeMarco\n|-supereffective|p2a: DeMarco\n|-damage|p2a: DeMarco|0 fnt\n|faint|p2a: DeMarco\n|-damage|p1a: Koraidon|31\/100|[from] item: Life Orb\n|\n|-weather|SunnyDay|[upkeep]\n|upkeep\n|\n|t:|1700883118\n|switch|p2a: Flutter Mane|Flutter Mane, shiny|50\/100\n|-activate|p2a: Flutter Mane|ability: Protosynthesis\n|-start|p2a: Flutter Mane|protosynthesisspe\n|turn|13\n|\n|t:|1700883125\n|move|p2a: Flutter Mane|Moonblast|p1a: Koraidon\n|-supereffective|p1a: Koraidon\n|-crit|p1a: Koraidon\n|-damage|p1a: Koraidon|0 fnt\n|faint|p1a: Koraidon\n|-damage|p2a: Flutter Mane|41\/100|[from] item: Life Orb\n|\n|-weather|SunnyDay|[upkeep]\n|upkeep\n|\n|t:|1700883136\n|switch|p1a: Walking Wake|Walking Wake|100\/100\n|-activate|p1a: Walking Wake|ability: Protosynthesis\n|-start|p1a: Walking Wake|protosynthesisspa\n|turn|14\n|\n|t:|1700883143\n|move|p2a: Flutter Mane|Moonblast|p1a: Walking Wake\n|-supereffective|p1a: Walking Wake\n|-damage|p1a: Walking Wake|0 fnt\n|faint|p1a: Walking Wake\n|-end|p1a: Walking Wake|Protosynthesis|[silent]\n|-damage|p2a: Flutter Mane|31\/100|[from] item: Life Orb\n|\n|-weather|SunnyDay|[upkeep]\n|upkeep\n|\n|t:|1700883150\n|switch|p1a: Pachirisu|Pachirisu, F|100\/100\n|turn|15\n|\n|t:|1700883160\n|move|p2a: Flutter Mane|Mystical Fire|p1a: Pachirisu\n|-damage|p1a: Pachirisu|30\/100\n|-unboost|p1a: Pachirisu|spa|1\n|-damage|p2a: Flutter Mane|21\/100|[from] item: Life Orb\n|move|p1a: Pachirisu|Nuzzle|p2a: Flutter Mane\n|-damage|p2a: Flutter Mane|11\/100\n|-status|p2a: Flutter Mane|par\n|\n|-weather|SunnyDay|[upkeep]\n|upkeep\n|turn|16\n|\n|t:|1700883172\n|move|p1a: Pachirisu|Nuzzle|p2a: Flutter Mane\n|-damage|p2a: Flutter Mane|1\/100 par\n|move|p2a: Flutter Mane|Moonblast|p1a: Pachirisu\n|-damage|p1a: Pachirisu|0 fnt\n|faint|p1a: Pachirisu\n|-damage|p2a: Flutter Mane|0 fnt|[from] item: Life Orb\n|faint|p2a: Flutter Mane\n|-end|p2a: Flutter Mane|Protosynthesis|[silent]\n|\n|-weather|none\n|-fieldend|move: Electric Terrain\n|upkeep\n|\n|t:|1700883181\n|switch|p2a: Houndstone|Houndstone, M|56\/100\n|switch|p1a: Annihilape|Annihilape, M|100\/100\n|turn|17\n|\n|t:|1700883186\n|move|p1a: Annihilape|Rage Fist|p2a: Houndstone\n|-supereffective|p2a: Houndstone\n|-damage|p2a: Houndstone|31\/100\n|move|p2a: Houndstone|Last Respects|p1a: Annihilape\n|-supereffective|p1a: Annihilape\n|-damage|p1a: Annihilape|0 fnt\n|faint|p1a: Annihilape\n|\n|win|Mr Pinehurst\n|raw|puddlesbassdee's rating: 1122 &rarr; <strong>1107<\/strong><br \/>(-15 for losing)\n|raw|Mr Pinehurst's rating: 1273 &rarr; <strong>1288<\/strong><br \/>(+15 for winning)\n|l|\u2606puddlesbassdee\n","uploadtime":1700883216,"views":0,"p1id":"puddlesbassdee","p2id":"mrpinehurst","formatid":"gen9anythinggoes","rating":1107,"private":0,"password":""}