{"id":"gen9anythinggoes-1972440690","p1":"Spiders Georgette","p2":"RATAROBOT","format":"[Gen 9] Anything Goes","log":"|j|\u2606Spiders Georgette\n|j|\u2606RATAROBOT\n|t:|1697843110\n|gametype|singles\n|player|p1|Spiders Georgette|yellow|1040\n|player|p2|RATAROBOT|bugcatcher-gen4dp|1000\n|teamsize|p1|6\n|teamsize|p2|6\n|gen|9\n|tier|[Gen 9] Anything Goes\n|rated|\n|rule|HP Percentage Mod: HP is shown in percentages\n|rule|Endless Battle Clause: Forcing endless battles is banned\n|clearpoke\n|poke|p1|Ariados, F|\n|poke|p1|Ariados, M|\n|poke|p1|Ariados, M|\n|poke|p1|Ariados, M|\n|poke|p1|Ariados, M|\n|poke|p1|Ariados, F|\n|poke|p2|Decidueye, M|\n|poke|p2|Kyogre|\n|poke|p2|Cinderace, F|\n|poke|p2|Dragapult, M|\n|poke|p2|Regieleki|\n|poke|p2|Toxapex, M|\n|teampreview\n|\n|t:|1697843120\n|start\n|switch|p1a: Ariauno|Ariados, M|100\/100\n|switch|p2a: Kyogre|Kyogre|100\/100\n|-weather|RainDance|[from] ability: Drizzle|[of] p2a: Kyogre\n|turn|1\n|\n|t:|1697843130\n|move|p2a: Kyogre|Aqua Tail|p1a: Ariauno\n|-damage|p1a: Ariauno|38\/100\n|move|p1a: Ariauno|Sticky Web|p2a: Kyogre\n|-sidestart|p2: RATAROBOT|move: Sticky Web\n|\n|-weather|RainDance|[upkeep]\n|upkeep\n|turn|2\n|\n|t:|1697843137\n|move|p1a: Ariauno|Toxic Spikes|p2a: Kyogre\n|-sidestart|p2: RATAROBOT|move: Toxic Spikes\n|move|p2a: Kyogre|Avalanche|p1a: Ariauno\n|-damage|p1a: Ariauno|18\/100\n|\n|-weather|RainDance|[upkeep]\n|upkeep\n|turn|3\n|\n|t:|1697843144\n|move|p2a: Kyogre|Aqua Tail|p1a: Ariauno\n|-damage|p1a: Ariauno|0 fnt\n|faint|p1a: Ariauno\n|\n|-weather|RainDance|[upkeep]\n|upkeep\n|\n|t:|1697843150\n|switch|p1a: Ariacinco|Ariados, M|100\/100\n|turn|4\n|\n|t:|1697843156\n|move|p2a: Kyogre|Ancient Power|p1a: Ariacinco\n|-supereffective|p1a: Ariacinco\n|-damage|p1a: Ariacinco|62\/100\n|move|p1a: Ariacinco|Toxic Spikes|p2a: Kyogre\n|-sidestart|p2: RATAROBOT|move: Toxic Spikes\n|\n|-weather|RainDance|[upkeep]\n|upkeep\n|turn|5\n|\n|t:|1697843163\n|move|p1a: Ariacinco|Infestation|p2a: Kyogre\n|-damage|p2a: Kyogre|98\/100\n|-activate|p2a: Kyogre|move: Infestation|[of] p1a: Ariacinco\n|move|p2a: Kyogre|Avalanche|p1a: Ariacinco\n|-damage|p1a: Ariacinco|24\/100\n|\n|-weather|none\n|-heal|p2a: Kyogre|100\/100|[from] item: Leftovers\n|-damage|p2a: Kyogre|88\/100|[from] move: Infestation|[partiallytrapped]\n|upkeep\n|turn|6\n|\n|t:|1697843172\n|move|p1a: Ariacinco|Sucker Punch|p2a: Kyogre\n|-damage|p2a: Kyogre|75\/100\n|move|p2a: Kyogre|Blizzard|p1a: Ariacinco\n|-damage|p1a: Ariacinco|0 fnt\n|faint|p1a: Ariacinco\n|\n|-heal|p2a: Kyogre|81\/100|[from] item: Leftovers\n|-end|p2a: Kyogre|Infestation|[partiallytrapped]|[silent]\n|upkeep\n|\n|t:|1697843182\n|switch|p1a: Ariaseis|Ariados, F|100\/100\n|turn|7\n|\n|t:|1697843187\n|move|p2a: Kyogre|Aqua Tail|p1a: Ariaseis\n|-damage|p1a: Ariaseis|56\/100\n|move|p1a: Ariaseis|Trailblaze|p2a: Kyogre\n|-supereffective|p2a: Kyogre\n|-damage|p2a: Kyogre|54\/100\n|-boost|p1a: Ariaseis|spe|1\n|\n|-heal|p2a: Kyogre|60\/100|[from] item: Leftovers\n|upkeep\n|turn|8\n|\n|t:|1697843203\n|switch|p2a: Decidueye|Decidueye, M, shiny|100\/100\n|-activate|p2a: Decidueye|move: Sticky Web\n|-unboost|p2a: Decidueye|spe|1\n|-status|p2a: Decidueye|tox\n|move|p1a: Ariaseis|Trailblaze|p2a: Decidueye\n|-resisted|p2a: Decidueye\n|-damage|p2a: Decidueye|92\/100 tox\n|-boost|p1a: Ariaseis|spe|1\n|\n|-heal|p2a: Decidueye|98\/100 tox|[from] item: Leftovers\n|-damage|p2a: Decidueye|92\/100 tox|[from] psn\n|upkeep\n|turn|9\n|\n|t:|1697843218\n|move|p1a: Ariaseis|Megahorn|p2a: Decidueye\n|-damage|p2a: Decidueye|20\/100 tox\n|move|p2a: Decidueye|Acrobatics|p1a: Ariaseis\n|-supereffective|p1a: Ariaseis\n|-damage|p1a: Ariaseis|14\/100\n|\n|-heal|p2a: Decidueye|26\/100 tox|[from] item: Leftovers\n|-damage|p2a: Decidueye|14\/100 tox|[from] psn\n|upkeep\n|turn|10\n|\n|t:|1697843228\n|move|p1a: Ariaseis|Sucker Punch|p2a: Decidueye\n|-supereffective|p2a: Decidueye\n|-damage|p2a: Decidueye|0 fnt\n|faint|p2a: Decidueye\n|\n|upkeep\n|\n|t:|1697843229\n|switch|p2a: Toxapex|Toxapex, M, shiny|100\/100\n|-activate|p2a: Toxapex|move: Sticky Web\n|-unboost|p2a: Toxapex|spe|1\n|-sideend|p2: RATAROBOT|move: Toxic Spikes|[of] p2a: Toxapex\n|turn|11\n|\n|t:|1697843244\n|move|p1a: Ariaseis|Megahorn|p2a: Toxapex\n|-resisted|p2a: Toxapex\n|-damage|p2a: Toxapex|81\/100\n|move|p2a: Toxapex|Poison Jab|p1a: Ariaseis\n|-resisted|p1a: Ariaseis\n|-damage|p1a: Ariaseis|1\/100\n|\n|-heal|p2a: Toxapex|87\/100|[from] item: Leftovers\n|upkeep\n|turn|12\n|\n|t:|1697843254\n|move|p1a: Ariaseis|Sucker Punch|p2a: Toxapex\n|-damage|p2a: Toxapex|71\/100\n|move|p2a: Toxapex|Body Slam|p1a: Ariaseis\n|-damage|p1a: Ariaseis|0 fnt\n|faint|p1a: Ariaseis\n|\n|-heal|p2a: Toxapex|77\/100|[from] item: Leftovers\n|upkeep\n|\n|t:|1697843268\n|switch|p1a: Ariatres|Ariados, M|100\/100\n|turn|13\n|\n|t:|1697843273\n|switch|p2a: Cinderace|Cinderace, F|100\/100\n|-activate|p2a: Cinderace|move: Sticky Web\n|-unboost|p2a: Cinderace|spe|1\n|move|p1a: Ariatres|Infestation|p2a: Cinderace\n|-resisted|p2a: Cinderace\n|-damage|p2a: Cinderace|98\/100\n|-activate|p2a: Cinderace|move: Infestation|[of] p1a: Ariatres\n|\n|-damage|p2a: Cinderace|85\/100|[from] move: Infestation|[partiallytrapped]\n|upkeep\n|turn|14\n|\n|t:|1697843284\n|move|p1a: Ariatres|Protect|p1a: Ariatres\n|-singleturn|p1a: Ariatres|Protect\n|move|p2a: Cinderace|Court Change|p2a: Cinderace\n|-swapsideconditions\n|-activate|p2a: Cinderace|move: Court Change\n|\n|-damage|p2a: Cinderace|73\/100|[from] move: Infestation|[partiallytrapped]\n|upkeep\n|turn|15\n|\n|t:|1697843292\n|move|p1a: Ariatres|Toxic Thread|p2a: Cinderace\n|-unboost|p2a: Cinderace|spe|1\n|-status|p2a: Cinderace|psn\n|move|p2a: Cinderace|Counter||[still]\n|-fail|p2a: Cinderace\n|\n|-damage|p2a: Cinderace|60\/100 psn|[from] psn\n|-damage|p2a: Cinderace|48\/100 psn|[from] move: Infestation|[partiallytrapped]\n|upkeep\n|turn|16\n|\n|t:|1697843318\n|-terastallize|p2a: Cinderace|Fire\n|move|p1a: Ariatres|Protect|p1a: Ariatres\n|-singleturn|p1a: Ariatres|Protect\n|move|p2a: Cinderace|Counter||[still]\n|-fail|p2a: Cinderace\n|\n|-damage|p2a: Cinderace|36\/100 psn|[from] psn\n|-damage|p2a: Cinderace|23\/100 psn|[from] move: Infestation|[partiallytrapped]\n|upkeep\n|turn|17\n|\n|t:|1697843333\n|move|p2a: Cinderace|Agility|p2a: Cinderace\n|-boost|p2a: Cinderace|spe|2\n|move|p1a: Ariatres|Knock Off|p2a: Cinderace\n|-damage|p2a: Cinderace|0 fnt\n|-enditem|p2a: Cinderace|Life Orb|[from] move: Knock Off|[of] p1a: Ariatres\n|faint|p2a: Cinderace\n|\n|upkeep\n|\n|t:|1697843346\n|switch|p2a: Regieleki|Regieleki|100\/100\n|turn|18\n|\n|t:|1697843351\n|move|p2a: Regieleki|Agility|p2a: Regieleki\n|-boost|p2a: Regieleki|spe|2\n|move|p1a: Ariatres|Toxic Thread|p2a: Regieleki\n|-unboost|p2a: Regieleki|spe|1\n|-status|p2a: Regieleki|psn\n|\n|-damage|p2a: Regieleki|88\/100 psn|[from] psn\n|upkeep\n|turn|19\n|\n|t:|1697843371\n|move|p2a: Regieleki|Ancient Power|p1a: Ariatres\n|-supereffective|p1a: Ariatres\n|-damage|p1a: Ariatres|76\/100\n|move|p1a: Ariatres|Infestation|p2a: Regieleki\n|-damage|p2a: Regieleki|81\/100 psn\n|-activate|p2a: Regieleki|move: Infestation|[of] p1a: Ariatres\n|\n|-heal|p2a: Regieleki|87\/100 psn|[from] item: Leftovers\n|-damage|p2a: Regieleki|74\/100 psn|[from] psn\n|-damage|p2a: Regieleki|62\/100 psn|[from] move: Infestation|[partiallytrapped]\n|upkeep\n|turn|20\n|\n|t:|1697843383\n|move|p1a: Ariatres|Protect|p1a: Ariatres\n|-singleturn|p1a: Ariatres|Protect\n|move|p2a: Regieleki|Body Slam|p1a: Ariatres\n|-activate|p1a: Ariatres|move: Protect\n|\n|-heal|p2a: Regieleki|68\/100 psn|[from] item: Leftovers\n|-damage|p2a: Regieleki|56\/100 psn|[from] psn\n|-damage|p2a: Regieleki|43\/100 psn|[from] move: Infestation|[partiallytrapped]\n|upkeep\n|turn|21\n|\n|t:|1697843403\n|move|p2a: Regieleki|Acrobatics|p1a: Ariatres\n|-supereffective|p1a: Ariatres\n|-damage|p1a: Ariatres|36\/100\n|move|p1a: Ariatres|Knock Off|p2a: Regieleki\n|-damage|p2a: Regieleki|10\/100 psn\n|-enditem|p2a: Regieleki|Leftovers|[from] move: Knock Off|[of] p1a: Ariatres\n|\n|-damage|p2a: Regieleki|0 fnt|[from] psn\n|faint|p2a: Regieleki\n|upkeep\n|\n|t:|1697843419\n|switch|p2a: Dragapult|Dragapult, M|100\/100\n|turn|22\n|\n|t:|1697843428\n|move|p2a: Dragapult|Disable|p1a: Ariatres\n|-start|p1a: Ariatres|Disable|Knock Off\n|move|p1a: Ariatres|Toxic Thread|p2a: Dragapult\n|-unboost|p2a: Dragapult|spe|1\n|-status|p2a: Dragapult|psn\n|\n|-damage|p2a: Dragapult|88\/100 psn|[from] psn\n|upkeep\n|turn|23\n|\n|t:|1697843437\n|move|p2a: Dragapult|Body Slam|p1a: Ariatres\n|-damage|p1a: Ariatres|3\/100\n|-status|p1a: Ariatres|par\n|move|p1a: Ariatres|Infestation|p2a: Dragapult\n|-resisted|p2a: Dragapult\n|-damage|p2a: Dragapult|86\/100 psn\n|-activate|p2a: Dragapult|move: Infestation|[of] p1a: Ariatres\n|\n|-heal|p2a: Dragapult|92\/100 psn|[from] item: Leftovers\n|-damage|p2a: Dragapult|79\/100 psn|[from] psn\n|-damage|p2a: Dragapult|67\/100 psn|[from] move: Infestation|[partiallytrapped]\n|upkeep\n|turn|24\n|\n|t:|1697843448\n|move|p1a: Ariatres|Protect|p1a: Ariatres\n|-singleturn|p1a: Ariatres|Protect\n|move|p2a: Dragapult|Body Slam|p1a: Ariatres\n|-activate|p1a: Ariatres|move: Protect\n|\n|-heal|p2a: Dragapult|73\/100 psn|[from] item: Leftovers\n|-damage|p2a: Dragapult|61\/100 psn|[from] psn\n|-damage|p2a: Dragapult|48\/100 psn|[from] move: Infestation|[partiallytrapped]\n|upkeep\n|turn|25\n|\n|t:|1697843472\n|move|p2a: Dragapult|Curse|p1a: Ariatres\n|-start|p1a: Ariatres|Curse|[of] p2a: Dragapult\n|-damage|p2a: Dragapult|0 fnt\n|faint|p2a: Dragapult\n|move|p1a: Ariatres|Toxic Thread|p2: Dragapult|[notarget]\n|-fail|p1a: Ariatres\n|\n|-damage|p1a: Ariatres|0 fnt|[from] Curse\n|faint|p1a: Ariatres\n|upkeep\n|\n|t:|1697843483\n|switch|p2a: Toxapex|Toxapex, M, shiny|77\/100\n|switch|p1a: Ariacuatro|Ariados, M|100\/100\n|-activate|p1a: Ariacuatro|move: Sticky Web\n|-unboost|p1a: Ariacuatro|spe|1\n|turn|26\n|\n|t:|1697843491\n|move|p2a: Toxapex|Poison Jab|p1a: Ariacuatro\n|-resisted|p1a: Ariacuatro\n|-damage|p1a: Ariacuatro|87\/100\n|move|p1a: Ariacuatro|Infestation|p2a: Toxapex\n|-resisted|p2a: Toxapex\n|-damage|p2a: Toxapex|75\/100\n|-activate|p2a: Toxapex|move: Infestation|[of] p1a: Ariacuatro\n|\n|-heal|p2a: Toxapex|81\/100|[from] item: Leftovers\n|-damage|p2a: Toxapex|69\/100|[from] move: Infestation|[partiallytrapped]\n|upkeep\n|turn|27\n|\n|t:|1697843507\n|move|p2a: Toxapex|Surf|p1a: Ariacuatro\n|-damage|p1a: Ariacuatro|68\/100\n|move|p1a: Ariacuatro|Leech Life|p2a: Toxapex\n|-resisted|p2a: Toxapex\n|-damage|p2a: Toxapex|59\/100\n|-heal|p1a: Ariacuatro|72\/100|[from] drain|[of] p2a: Toxapex\n|\n|-heal|p2a: Toxapex|65\/100|[from] item: Leftovers\n|-damage|p2a: Toxapex|52\/100|[from] move: Infestation|[partiallytrapped]\n|upkeep\n|turn|28\n|\n|t:|1697843523\n|move|p2a: Toxapex|Body Slam|p1a: Ariacuatro\n|-damage|p1a: Ariacuatro|53\/100\n|-status|p1a: Ariacuatro|par\n|cant|p1a: Ariacuatro|par\n|\n|-heal|p2a: Toxapex|58\/100|[from] item: Leftovers\n|-damage|p2a: Toxapex|46\/100|[from] move: Infestation|[partiallytrapped]\n|upkeep\n|turn|29\n|\n|t:|1697843536\n|move|p2a: Toxapex|Poison Jab|p1a: Ariacuatro\n|-resisted|p1a: Ariacuatro\n|-damage|p1a: Ariacuatro|39\/100 par\n|move|p1a: Ariacuatro|Foul Play|p2a: Toxapex\n|-damage|p2a: Toxapex|33\/100\n|\n|-heal|p2a: Toxapex|39\/100|[from] item: Leftovers\n|-damage|p2a: Toxapex|26\/100|[from] move: Infestation|[partiallytrapped]\n|upkeep\n|turn|30\n|\n|t:|1697843556\n|move|p2a: Toxapex|Liquidation|p1a: Ariacuatro\n|-damage|p1a: Ariacuatro|10\/100 par\n|move|p1a: Ariacuatro|Leech Life|p2a: Toxapex\n|-resisted|p2a: Toxapex\n|-damage|p2a: Toxapex|16\/100\n|-heal|p1a: Ariacuatro|14\/100 par|[from] drain|[of] p2a: Toxapex\n|\n|-heal|p2a: Toxapex|22\/100|[from] item: Leftovers\n|-damage|p2a: Toxapex|10\/100|[from] move: Infestation|[partiallytrapped]\n|upkeep\n|turn|31\n|\n|t:|1697843574\n|move|p1a: Ariacuatro|Protect|p1a: Ariacuatro\n|-singleturn|p1a: Ariacuatro|Protect\n|move|p2a: Toxapex|Liquidation|p1a: Ariacuatro\n|-activate|p1a: Ariacuatro|move: Protect\n|\n|-heal|p2a: Toxapex|16\/100|[from] item: Leftovers\n|-end|p2a: Toxapex|Infestation|[partiallytrapped]\n|upkeep\n|turn|32\n|\n|t:|1697843584\n|move|p2a: Toxapex|Liquidation|p1a: Ariacuatro\n|-damage|p1a: Ariacuatro|0 fnt\n|faint|p1a: Ariacuatro\n|\n|-heal|p2a: Toxapex|22\/100|[from] item: Leftovers\n|upkeep\n|\n|t:|1697843587\n|switch|p1a: Ariados|Ariados, F|100\/100\n|-activate|p1a: Ariados|move: Sticky Web\n|-unboost|p1a: Ariados|spe|1\n|turn|33\n|\n|t:|1697843599\n|-terastallize|p1a: Ariados|Steel\n|move|p2a: Toxapex|Liquidation|p1a: Ariados\n|-damage|p1a: Ariados|72\/100\n|move|p1a: Ariados|Substitute|p1a: Ariados\n|-start|p1a: Ariados|Substitute\n|-damage|p1a: Ariados|47\/100\n|\n|-heal|p2a: Toxapex|28\/100|[from] item: Leftovers\n|-heal|p1a: Ariados|53\/100|[from] item: Leftovers\n|upkeep\n|turn|34\n|\n|t:|1697843614\n|move|p2a: Toxapex|Poison Jab|p1a: Ariados\n|-immune|p1a: Ariados\n|move|p1a: Ariados|Infestation|p2a: Toxapex\n|-resisted|p2a: Toxapex\n|-damage|p2a: Toxapex|26\/100\n|-activate|p2a: Toxapex|move: Infestation|[of] p1a: Ariados\n|\n|-heal|p2a: Toxapex|32\/100|[from] item: Leftovers\n|-heal|p1a: Ariados|59\/100|[from] item: Leftovers\n|-damage|p2a: Toxapex|20\/100|[from] move: Infestation|[partiallytrapped]\n|upkeep\n|turn|35\n|\n|t:|1697843624\n|move|p1a: Ariados|Protect|p1a: Ariados\n|-singleturn|p1a: Ariados|Protect\n|move|p2a: Toxapex|Poison Jab|p1a: Ariados\n|-activate|p1a: Ariados|move: Protect\n|\n|-heal|p2a: Toxapex|26\/100|[from] item: Leftovers\n|-heal|p1a: Ariados|65\/100|[from] item: Leftovers\n|-damage|p2a: Toxapex|13\/100|[from] move: Infestation|[partiallytrapped]\n|upkeep\n|turn|36\n|\n|t:|1697843633\n|move|p2a: Toxapex|Poison Jab|p1a: Ariados\n|-immune|p1a: Ariados\n|move|p1a: Ariados|Leech Life|p2a: Toxapex\n|-resisted|p2a: Toxapex\n|-damage|p2a: Toxapex|3\/100\n|-heal|p1a: Ariados|70\/100|[from] drain|[of] p2a: Toxapex\n|\n|-heal|p2a: Toxapex|9\/100|[from] item: Leftovers\n|-heal|p1a: Ariados|76\/100|[from] item: Leftovers\n|-damage|p2a: Toxapex|0 fnt|[from] move: Infestation|[partiallytrapped]\n|faint|p2a: Toxapex\n|upkeep\n|\n|t:|1697843646\n|switch|p2a: Kyogre|Kyogre|60\/100\n|-weather|RainDance|[from] ability: Drizzle|[of] p2a: Kyogre\n|turn|37\n|\n|t:|1697843657\n|move|p2a: Kyogre|Blizzard|p1a: Ariados\n|-resisted|p1a: Ariados\n|-activate|p1a: Ariados|move: Substitute|[damage]\n|move|p1a: Ariados|Infestation|p2a: Kyogre\n|-damage|p2a: Kyogre|56\/100\n|-activate|p2a: Kyogre|move: Infestation|[of] p1a: Ariados\n|\n|-weather|RainDance|[upkeep]\n|-heal|p2a: Kyogre|62\/100|[from] item: Leftovers\n|-heal|p1a: Ariados|82\/100|[from] item: Leftovers\n|-damage|p2a: Kyogre|50\/100|[from] move: Infestation|[partiallytrapped]\n|upkeep\n|turn|38\n|\n|t:|1697843680\n|move|p1a: Ariados|Protect|p1a: Ariados\n|-singleturn|p1a: Ariados|Protect\n|move|p2a: Kyogre|Blizzard|p1a: Ariados\n|-activate|p1a: Ariados|move: Protect\n|\n|-weather|RainDance|[upkeep]\n|-heal|p2a: Kyogre|56\/100|[from] item: Leftovers\n|-heal|p1a: Ariados|88\/100|[from] item: Leftovers\n|-damage|p2a: Kyogre|43\/100|[from] move: Infestation|[partiallytrapped]\n|upkeep\n|turn|39\n|\n|t:|1697843692\n|move|p2a: Kyogre|Blizzard|p1a: Ariados\n|-resisted|p1a: Ariados\n|-end|p1a: Ariados|Substitute\n|move|p1a: Ariados|Leech Life|p2a: Kyogre\n|-damage|p2a: Kyogre|17\/100\n|-heal|p1a: Ariados|100\/100|[from] drain|[of] p2a: Kyogre\n|\n|-weather|RainDance|[upkeep]\n|-heal|p2a: Kyogre|23\/100|[from] item: Leftovers\n|-damage|p2a: Kyogre|11\/100|[from] move: Infestation|[partiallytrapped]\n|upkeep\n|turn|40\n|\n|t:|1697843703\n|move|p2a: Kyogre|Blizzard|p1a: Ariados|[miss]\n|-miss|p2a: Kyogre|p1a: Ariados\n|move|p1a: Ariados|Leech Life|p2a: Kyogre\n|-damage|p2a: Kyogre|0 fnt\n|faint|p2a: Kyogre\n|\n|win|Spiders Georgette\n|raw|Spiders Georgette's rating: 1040 &rarr; <strong>1070<\/strong><br \/>(+30 for winning)\n|raw|RATAROBOT's rating: 1000 &rarr; <strong>1000<\/strong><br \/>(+0 for losing)\n|l|\u2606RATAROBOT\n","uploadtime":1697843716,"views":8,"p1id":"spidersgeorgette","p2id":"ratarobot","formatid":"gen9anythinggoes","rating":1000,"private":0,"password":""}