{"id":"gen9anythinggoes-1984901071","p1":"nduifjgvbfgtnh","p2":"samiew","format":"[Gen 9] Anything Goes","log":"|j|\u2606nduifjgvbfgtnh\n|j|\u2606samiew\n|t:|1699309023\n|gametype|singles\n|player|p1|nduifjgvbfgtnh|flannery|1106\n|player|p2|samiew|dahlia|1160\n|teamsize|p1|6\n|teamsize|p2|6\n|gen|9\n|tier|[Gen 9] Anything Goes\n|rated|\n|rule|HP Percentage Mod: HP is shown in percentages\n|rule|Endless Battle Clause: Forcing endless battles is banned\n|clearpoke\n|poke|p1|Iron Valiant|\n|poke|p1|Palafin, F|\n|poke|p1|Glimmora, M|\n|poke|p1|Gholdengo|\n|poke|p1|Espathra, F|\n|poke|p1|Chi-Yu|\n|poke|p2|Bellibolt, M|\n|poke|p2|Gliscor, M|\n|poke|p2|Garganacl, M|\n|poke|p2|Goodra-Hisui, F|\n|poke|p2|Clodsire, M|\n|poke|p2|Pelipper, F|\n|teampreview\n|inactive|Battle timer is ON: inactive players will automatically lose when time's up. (requested by samiew)\n|\n|t:|1699309040\n|start\n|switch|p1a: Glimmora|Glimmora, M|100\/100\n|switch|p2a: Gliscor|Gliscor, M|100\/100\n|turn|1\n|\n|t:|1699309050\n|move|p1a: Glimmora|Stealth Rock|p2a: Gliscor\n|-sidestart|p2: samiew|move: Stealth Rock\n|move|p2a: Gliscor|Spikes|p1a: Glimmora\n|-sidestart|p1: nduifjgvbfgtnh|Spikes\n|\n|-status|p2a: Gliscor|tox|[from] item: Toxic Orb\n|upkeep\n|turn|2\n|\n|t:|1699309058\n|move|p1a: Glimmora|Mortal Spin|p2a: Gliscor\n|-resisted|p2a: Gliscor\n|-damage|p2a: Gliscor|99\/100 tox\n|-sideend|p1: nduifjgvbfgtnh|Spikes|[from] move: Mortal Spin|[of] p1a: Glimmora\n|move|p2a: Gliscor|Spikes|p1a: Glimmora\n|-sidestart|p1: nduifjgvbfgtnh|Spikes\n|\n|-heal|p2a: Gliscor|100\/100 tox|[from] ability: Poison Heal\n|upkeep\n|turn|3\n|\n|t:|1699309065\n|move|p1a: Glimmora|Spikes|p2a: Gliscor\n|-sidestart|p2: samiew|Spikes\n|move|p2a: Gliscor|Earthquake|p1a: Glimmora\n|-supereffective|p1a: Glimmora\n|-enditem|p1a: Glimmora|Focus Sash\n|-damage|p1a: Glimmora|1\/100\n|-activate|p1a: Glimmora|ability: Toxic Debris\n|-sidestart|p2: samiew|move: Toxic Spikes\n|\n|upkeep\n|turn|4\n|\n|t:|1699309074\n|move|p1a: Glimmora|Mortal Spin|p2a: Gliscor\n|-resisted|p2a: Gliscor\n|-damage|p2a: Gliscor|99\/100 tox\n|-sideend|p1: nduifjgvbfgtnh|Spikes|[from] move: Mortal Spin|[of] p1a: Glimmora\n|move|p2a: Gliscor|Earthquake|p1a: Glimmora\n|-supereffective|p1a: Glimmora\n|-damage|p1a: Glimmora|0 fnt\n|-activate|p1a: Glimmora|ability: Toxic Debris\n|-sidestart|p2: samiew|move: Toxic Spikes\n|faint|p1a: Glimmora\n|\n|-heal|p2a: Gliscor|100\/100 tox|[from] ability: Poison Heal\n|upkeep\n|\n|t:|1699309087\n|switch|p1a: Palafin|Palafin, F|100\/100\n|turn|5\n|\n|t:|1699309090\n|switch|p2a: Clodsire|Clodsire, M|100\/100\n|-damage|p2a: Clodsire|94\/100|[from] Stealth Rock\n|-damage|p2a: Clodsire|82\/100|[from] Spikes\n|-sideend|p2: samiew|move: Toxic Spikes|[of] p2a: Clodsire\n|move|p1a: Palafin|Flip Turn|p2a: Clodsire\n|-heal|p2a: Clodsire|100\/100|[from] ability: Water Absorb|[of] p1a: Palafin\n|\n|upkeep\n|turn|6\n|\n|t:|1699309101\n|detailschange|p1a: Palafin|Palafin-Hero, F\n|switch|p1a: Iron Valiant|Iron Valiant|100\/100\n|move|p2a: Clodsire|Toxic Spikes|p1a: Iron Valiant\n|-sidestart|p1: nduifjgvbfgtnh|move: Toxic Spikes\n|\n|upkeep\n|turn|7\n|\n|t:|1699309107\n|move|p1a: Iron Valiant|Calm Mind|p1a: Iron Valiant\n|-boost|p1a: Iron Valiant|spa|1\n|-boost|p1a: Iron Valiant|spd|1\n|move|p2a: Clodsire|Poison Jab|p1a: Iron Valiant\n|-supereffective|p1a: Iron Valiant\n|-damage|p1a: Iron Valiant|48\/100\n|-status|p1a: Iron Valiant|psn\n|\n|-damage|p1a: Iron Valiant|35\/100 psn|[from] psn\n|upkeep\n|turn|8\n|\n|t:|1699309118\n|move|p1a: Iron Valiant|Moonblast|p2a: Clodsire\n|-resisted|p2a: Clodsire\n|-damage|p2a: Clodsire|78\/100\n|-damage|p1a: Iron Valiant|26\/100 psn|[from] item: Life Orb\n|move|p2a: Clodsire|Toxic Spikes|p1a: Iron Valiant\n|-sidestart|p1: nduifjgvbfgtnh|move: Toxic Spikes\n|\n|-heal|p2a: Clodsire|84\/100|[from] item: Black Sludge\n|-damage|p1a: Iron Valiant|13\/100 psn|[from] psn\n|upkeep\n|turn|9\n|\n|t:|1699309126\n|move|p1a: Iron Valiant|Moonblast|p2a: Clodsire\n|-resisted|p2a: Clodsire\n|-damage|p2a: Clodsire|59\/100\n|-unboost|p2a: Clodsire|spa|1\n|-damage|p1a: Iron Valiant|4\/100 psn|[from] item: Life Orb\n|move|p2a: Clodsire|Recover|p2a: Clodsire\n|-heal|p2a: Clodsire|100\/100\n|\n|-damage|p1a: Iron Valiant|0 fnt|[from] psn\n|faint|p1a: Iron Valiant\n|-end|p1a: Iron Valiant|Quark Drive|[silent]\n|upkeep\n|\n|t:|1699309137\n|switch|p1a: Gholdengo|Gholdengo|100\/100\n|turn|10\n|\n|t:|1699309141\n|move|p1a: Gholdengo|Nasty Plot|p1a: Gholdengo\n|-boost|p1a: Gholdengo|spa|2\n|move|p2a: Clodsire|Earthquake|p1a: Gholdengo\n|-supereffective|p1a: Gholdengo\n|-damage|p1a: Gholdengo|40\/100\n|\n|-heal|p1a: Gholdengo|46\/100|[from] item: Leftovers\n|upkeep\n|turn|11\n|\n|t:|1699309155\n|move|p1a: Gholdengo|Make It Rain|p2a: Clodsire\n|-damage|p2a: Clodsire|31\/100\n|-unboost|p1a: Gholdengo|spa|1\n|move|p2a: Clodsire|Earthquake|p1a: Gholdengo\n|-supereffective|p1a: Gholdengo\n|-damage|p1a: Gholdengo|0 fnt\n|faint|p1a: Gholdengo\n|\n|-heal|p2a: Clodsire|38\/100|[from] item: Black Sludge\n|upkeep\n|\n|t:|1699309165\n|switch|p1a: Espathra|Espathra, F|100\/100\n|-status|p1a: Espathra|tox\n|turn|12\n|\n|t:|1699309174\n|switch|p2a: Pelipper|Pelipper, F|100\/100\n|-weather|RainDance|[from] ability: Drizzle|[of] p2a: Pelipper\n|move|p1a: Espathra|Protect||[still]\n|-fail|p1a: Espathra\n|\n|-weather|RainDance|[upkeep]\n|-damage|p1a: Espathra|94\/100 tox|[from] psn\n|-ability|p1a: Espathra|Speed Boost|boost\n|-boost|p1a: Espathra|spe|1\n|upkeep\n|turn|13\n|\n|t:|1699309185\n|move|p1a: Espathra|Calm Mind|p1a: Espathra\n|-boost|p1a: Espathra|spa|1\n|-boost|p1a: Espathra|spd|1\n|move|p2a: Pelipper|Hurricane|p1a: Espathra\n|-damage|p1a: Espathra|42\/100 tox\n|\n|-weather|RainDance|[upkeep]\n|-heal|p1a: Espathra|49\/100 tox|[from] item: Leftovers\n|-damage|p1a: Espathra|36\/100 tox|[from] psn\n|-ability|p1a: Espathra|Speed Boost|boost\n|-boost|p1a: Espathra|spe|1\n|upkeep\n|turn|14\n|\n|t:|1699309196\n|move|p1a: Espathra|Protect|p1a: Espathra\n|-singleturn|p1a: Espathra|Protect\n|move|p2a: Pelipper|Hurricane|p1a: Espathra\n|-activate|p1a: Espathra|move: Protect\n|\n|-weather|RainDance|[upkeep]\n|-heal|p1a: Espathra|42\/100 tox|[from] item: Leftovers\n|-damage|p1a: Espathra|24\/100 tox|[from] psn\n|-ability|p1a: Espathra|Speed Boost|boost\n|-boost|p1a: Espathra|spe|1\n|upkeep\n|turn|15\n|\n|t:|1699309207\n|move|p1a: Espathra|Baton Pass|p1a: Espathra\n|\n|t:|1699309214\n|switch|p1a: Chi-Yu|Chi-Yu|100\/100|[from] Baton Pass\n|-ability|p1a: Chi-Yu|Beads of Ruin\n|move|p2a: Pelipper|Hurricane|p1a: Chi-Yu\n|-damage|p1a: Chi-Yu|63\/100\n|\n|-weather|RainDance|[upkeep]\n|upkeep\n|turn|16\n|\n|t:|1699309224\n|move|p1a: Chi-Yu|Psychic|p2a: Pelipper\n|-damage|p2a: Pelipper|0 fnt\n|faint|p2a: Pelipper\n|\n|-weather|none\n|upkeep\n|c|\u2606samiew|lame as fuck\n|\n|t:|1699309238\n|switch|p2a: Goodra|Goodra-Hisui, F|100\/100\n|-damage|p2a: Goodra|94\/100|[from] Stealth Rock\n|-damage|p2a: Goodra|82\/100|[from] Spikes\n|turn|17\n|\n|t:|1699309248\n|move|p1a: Chi-Yu|Flamethrower|p2a: Goodra\n|-damage|p2a: Goodra|32\/100\n|-status|p2a: Goodra|brn\n|move|p2a: Goodra|Dragon Tail|p1a: Chi-Yu\n|-damage|p1a: Chi-Yu|48\/100\n|drag|p1a: Palafin|Palafin-Hero, F|100\/100\n|-status|p1a: Palafin|tox\n|-activate|p1a: Palafin|ability: Zero to Hero\n|\n|-heal|p2a: Goodra|38\/100 brn|[from] item: Leftovers\n|-damage|p1a: Palafin|94\/100 tox|[from] psn\n|-damage|p2a: Goodra|32\/100 brn|[from] brn\n|upkeep\n|turn|18\n|\n|t:|1699309262\n|switch|p2a: Clodsire|Clodsire, M|38\/100\n|-damage|p2a: Clodsire|31\/100|[from] Stealth Rock\n|-damage|p2a: Clodsire|19\/100|[from] Spikes\n|move|p1a: Palafin|Drain Punch|p2a: Clodsire\n|-resisted|p2a: Clodsire\n|-damage|p2a: Clodsire|0 fnt\n|-heal|p1a: Palafin|100\/100 tox|[from] drain|[of] p2a: Clodsire\n|faint|p2a: Clodsire\n|\n|-damage|p1a: Palafin|88\/100 tox|[from] psn\n|upkeep\n|\n|t:|1699309281\n|switch|p2a: Billy|Bellibolt, M|100\/100\n|turn|19\n|\n|t:|1699309289\n|move|p1a: Palafin|Drain Punch|p2a: Billy\n|-damage|p2a: Billy|78\/100\n|-heal|p1a: Palafin|100\/100 tox|[from] drain|[of] p2a: Billy\n|-start|p2a: Billy|Charge|Drain Punch|[from] ability: Electromorphosis\n|move|p2a: Billy|Parabolic Charge|p1a: Palafin\n|-supereffective|p1a: Palafin\n|-damage|p1a: Palafin|0 fnt\n|-heal|p2a: Billy|100\/100|[from] drain|[of] p1a: Palafin\n|faint|p1a: Palafin\n|-end|p2a: Billy|Charge|[silent]\n|\n|upkeep\n|c|\u2606samiew|byeeee\n|\n|t:|1699309300\n|switch|p1a: Chi-Yu|Chi-Yu|48\/100\n|-ability|p1a: Chi-Yu|Beads of Ruin\n|turn|20\n|\n|t:|1699309308\n|-terastallize|p1a: Chi-Yu|Fire\n|move|p1a: Chi-Yu|Nasty Plot|p1a: Chi-Yu\n|-boost|p1a: Chi-Yu|spa|2\n|move|p2a: Billy|Parabolic Charge|p1a: Chi-Yu\n|-damage|p1a: Chi-Yu|22\/100\n|\n|upkeep\n|turn|21\n|c|\u2606samiew|broken ability\n|c|\u2606samiew|so dumb\n|\n|t:|1699309319\n|-terastallize|p2a: Billy|Water\n|move|p1a: Chi-Yu|Psychic|p2a: Billy\n|-damage|p2a: Billy|15\/100\n|-start|p2a: Billy|Charge|Psychic|[from] ability: Electromorphosis\n|move|p2a: Billy|Parabolic Charge|p1a: Chi-Yu\n|-damage|p1a: Chi-Yu|0 fnt\n|-heal|p2a: Billy|22\/100|[from] drain|[of] p1a: Chi-Yu\n|faint|p1a: Chi-Yu\n|-end|p2a: Billy|Charge|[silent]\n|\n|upkeep\n|c|\u2606nduifjgvbfgtnh|k?\n|\n|t:|1699309328\n|switch|p1a: Espathra|Espathra, F|24\/100 tox\n|turn|22\n|\n|t:|1699309333\n|move|p1a: Espathra|Protect|p1a: Espathra\n|-singleturn|p1a: Espathra|Protect\n|move|p2a: Billy|Parabolic Charge|p1a: Espathra\n|-activate|p1a: Espathra|move: Protect\n|\n|-heal|p1a: Espathra|30\/100 tox|[from] item: Leftovers\n|-damage|p1a: Espathra|24\/100 tox|[from] psn\n|-ability|p1a: Espathra|Speed Boost|boost\n|-boost|p1a: Espathra|spe|1\n|upkeep\n|turn|23\n|\n|t:|1699309344\n|move|p1a: Espathra|Stored Power|p2a: Billy\n|-damage|p2a: Billy|2\/100\n|-start|p2a: Billy|Charge|Stored Power|[from] ability: Electromorphosis\n|move|p2a: Billy|Slack Off|p2a: Billy\n|-heal|p2a: Billy|52\/100\n|\n|-heal|p1a: Espathra|30\/100 tox|[from] item: Leftovers\n|-damage|p1a: Espathra|18\/100 tox|[from] psn\n|-ability|p1a: Espathra|Speed Boost|boost\n|-boost|p1a: Espathra|spe|1\n|upkeep\n|turn|24\n|\n|t:|1699309355\n|move|p1a: Espathra|Stored Power|p2a: Billy\n|-damage|p2a: Billy|25\/100\n|-start|p2a: Billy|Charge|Stored Power|[from] ability: Electromorphosis\n|move|p2a: Billy|Parabolic Charge|p1a: Espathra\n|-damage|p1a: Espathra|0 fnt\n|-heal|p2a: Billy|32\/100|[from] drain|[of] p1a: Espathra\n|faint|p1a: Espathra\n|-end|p2a: Billy|Charge|[silent]\n|\n|win|samiew\n|raw|nduifjgvbfgtnh's rating: 1106 &rarr; <strong>1085<\/strong><br \/>(-21 for losing)\n|raw|samiew's rating: 1160 &rarr; <strong>1181<\/strong><br \/>(+21 for winning)\n","uploadtime":1699309230,"views":5,"p1id":"nduifjgvbfgtnh","p2id":"samiew","formatid":"gen9anythinggoes","rating":1085,"private":0,"password":""}