{"id":"gen9anythinggoes-1976192290","p1":"Hyperbeam Boys","p2":"Cutecat1122","format":"[Gen 9] Anything Goes","log":"|j|\u2606Hyperbeam Boys\n|j|\u2606Cutecat1122\n|t:|1698272231\n|gametype|singles\n|player|p1|Hyperbeam Boys|2|1702\n|player|p2|Cutecat1122|cheryl|1740\n|teamsize|p1|6\n|teamsize|p2|6\n|gen|9\n|tier|[Gen 9] Anything Goes\n|rated|\n|rule|HP Percentage Mod: HP is shown in percentages\n|rule|Endless Battle Clause: Forcing endless battles is banned\n|clearpoke\n|poke|p1|Grimmsnarl, M|\n|poke|p1|Glimmora, M|\n|poke|p1|Koraidon|\n|poke|p1|Arceus-Ground|\n|poke|p1|Arceus|\n|poke|p1|Calyrex-Shadow|\n|poke|p2|Calyrex-Shadow|\n|poke|p2|Arceus|\n|poke|p2|Koraidon|\n|poke|p2|Miraidon|\n|poke|p2|Ting-Lu|\n|poke|p2|Kyogre|\n|teampreview\n|inactive|Battle timer is ON: inactive players will automatically lose when time's up. (requested by Cutecat1122)\n|\n|t:|1698272254\n|start\n|switch|p1a: Glimmora|Glimmora, M|100\/100\n|switch|p2a: Kyogre|Kyogre|100\/100\n|-weather|RainDance|[from] ability: Drizzle|[of] p2a: Kyogre\n|turn|1\n|\n|t:|1698272263\n|move|p1a: Glimmora|Mud Shot|p2a: Kyogre\n|-damage|p2a: Kyogre|87\/100\n|-unboost|p2a: Kyogre|spe|1\n|move|p2a: Kyogre|Water Spout|p1a: Glimmora\n|-supereffective|p1a: Glimmora\n|-enditem|p1a: Glimmora|Focus Sash\n|-damage|p1a: Glimmora|1\/100\n|\n|-weather|RainDance|[upkeep]\n|-heal|p2a: Kyogre|94\/100|[from] item: Leftovers\n|upkeep\n|turn|2\n|\n|t:|1698272278\n|move|p1a: Glimmora|Stealth Rock|p2a: Kyogre\n|-sidestart|p2: Cutecat1122|move: Stealth Rock\n|move|p2a: Kyogre|Ice Beam|p1a: Glimmora\n|-damage|p1a: Glimmora|0 fnt\n|faint|p1a: Glimmora\n|\n|-weather|RainDance|[upkeep]\n|-heal|p2a: Kyogre|99\/100|[from] item: Leftovers\n|upkeep\n|inactive|Hyperbeam Boys has 120 seconds left.\n|\n|t:|1698272313\n|switch|p1a: Koraidon|Koraidon|100\/100\n|-weather|SunnyDay|[from] ability: Orichalcum Pulse|[of] p1a: Koraidon\n|-activate|p1a: Koraidon|Orichalcum Pulse|[source]\n|turn|3\n|\n|t:|1698272343\n|move|p1a: Koraidon|Swords Dance|p1a: Koraidon\n|-boost|p1a: Koraidon|atk|2\n|move|p2a: Kyogre|Thunder Wave|p1a: Koraidon\n|-status|p1a: Koraidon|par\n|\n|-weather|SunnyDay|[upkeep]\n|-heal|p2a: Kyogre|100\/100|[from] item: Leftovers\n|upkeep\n|turn|4\n|inactive|Hyperbeam Boys has 120 seconds left.\n|\n|t:|1698272354\n|cant|p1a: Koraidon|par\n|move|p2a: Kyogre|Ice Beam|p1a: Koraidon\n|-supereffective|p1a: Koraidon\n|-damage|p1a: Koraidon|22\/100 par\n|\n|-weather|SunnyDay|[upkeep]\n|upkeep\n|turn|5\n|\n|t:|1698272358\n|move|p1a: Koraidon|Scale Shot|p2a: Kyogre\n|-damage|p2a: Kyogre|69\/100\n|-damage|p2a: Kyogre|33\/100\n|-damage|p2a: Kyogre|1\/100\n|-damage|p2a: Kyogre|0 fnt\n|faint|p2a: Kyogre\n|-hitcount|p2: Kyogre|4\n|-unboost|p1a: Koraidon|def|1\n|-boost|p1a: Koraidon|spe|1\n|\n|-weather|SunnyDay|[upkeep]\n|upkeep\n|\n|t:|1698272373\n|switch|p2a: Arceus|Arceus|100\/100\n|turn|6\n|\n|t:|1698272379\n|move|p2a: Arceus|Extreme Speed|p1a: Koraidon\n|-crit|p1a: Koraidon\n|-damage|p1a: Koraidon|0 fnt\n|faint|p1a: Koraidon\n|\n|-weather|SunnyDay|[upkeep]\n|upkeep\n|l|\u2606Hyperbeam Boys\n|inactive|Hyperbeam Boys disconnected and has a minute to reconnect!\n|player|p1|\n|j|\u2606Hyperbeam Boys\n|inactive|Hyperbeam Boys reconnected and has 140 seconds left.\n|player|p1|Hyperbeam Boys|2\n|inactive|Hyperbeam Boys has 120 seconds left.\n|\n|t:|1698272416\n|switch|p1a: Grimmsnarl|Grimmsnarl, M|100\/100\n|turn|7\n|\n|t:|1698272430\n|move|p1a: Grimmsnarl|Reflect|p1a: Grimmsnarl\n|-sidestart|p1: Hyperbeam Boys|Reflect\n|move|p2a: Arceus|Swords Dance|p2a: Arceus\n|-boost|p2a: Arceus|atk|2\n|\n|-weather|none\n|upkeep\n|turn|8\n|\n|t:|1698272434\n|move|p1a: Grimmsnarl|Taunt|p2a: Arceus\n|-start|p2a: Arceus|move: Taunt\n|cant|p2a: Arceus|move: Taunt|Swords Dance\n|\n|upkeep\n|turn|9\n|\n|t:|1698272446\n|move|p2a: Arceus|Extreme Speed|p1a: Grimmsnarl\n|-damage|p1a: Grimmsnarl|52\/100\n|move|p1a: Grimmsnarl|Parting Shot|p2a: Arceus\n|-unboost|p2a: Arceus|atk|1\n|-unboost|p2a: Arceus|spa|1\n|inactive|Hyperbeam Boys has 120 seconds left.\n|\n|t:|1698272466\n|switch|p1a: Arceus|Arceus|100\/100|[from] Parting Shot\n|\n|upkeep\n|turn|10\n|\n|t:|1698272493\n|move|p2a: Arceus|Extreme Speed|p1a: Arceus\n|-damage|p1a: Arceus|78\/100\n|move|p1a: Arceus|Bulk Up|p1a: Arceus\n|-boost|p1a: Arceus|atk|1\n|-boost|p1a: Arceus|def|1\n|\n|-heal|p1a: Arceus|84\/100|[from] item: Leftovers\n|-end|p2a: Arceus|move: Taunt\n|upkeep\n|turn|11\n|\n|t:|1698272503\n|move|p1a: Arceus|Bulk Up|p1a: Arceus\n|-boost|p1a: Arceus|atk|1\n|-boost|p1a: Arceus|def|1\n|move|p2a: Arceus|Swords Dance|p2a: Arceus\n|-boost|p2a: Arceus|atk|2\n|\n|-heal|p1a: Arceus|90\/100|[from] item: Leftovers\n|upkeep\n|turn|12\n|\n|t:|1698272517\n|move|p1a: Arceus|Bulk Up|p1a: Arceus\n|-boost|p1a: Arceus|atk|1\n|-boost|p1a: Arceus|def|1\n|move|p2a: Arceus|Swords Dance|p2a: Arceus\n|-boost|p2a: Arceus|atk|2\n|\n|-heal|p1a: Arceus|96\/100|[from] item: Leftovers\n|upkeep\n|turn|13\n|\n|t:|1698272529\n|move|p2a: Arceus|Extreme Speed|p1a: Arceus\n|-damage|p1a: Arceus|73\/100\n|move|p1a: Arceus|Bulk Up|p1a: Arceus\n|-boost|p1a: Arceus|atk|1\n|-boost|p1a: Arceus|def|1\n|\n|-heal|p1a: Arceus|79\/100|[from] item: Leftovers\n|upkeep\n|turn|14\n|inactive|Cutecat1122 has 120 seconds left.\n|\n|t:|1698272572\n|move|p2a: Arceus|Extreme Speed|p1a: Arceus\n|-damage|p1a: Arceus|61\/100\n|move|p1a: Arceus|Bulk Up|p1a: Arceus\n|-boost|p1a: Arceus|atk|1\n|-boost|p1a: Arceus|def|1\n|\n|-heal|p1a: Arceus|67\/100|[from] item: Leftovers\n|-sideend|p1: Hyperbeam Boys|Reflect\n|upkeep\n|turn|15\n|\n|t:|1698272584\n|move|p2a: Arceus|Extreme Speed|p1a: Arceus\n|-damage|p1a: Arceus|38\/100\n|move|p1a: Arceus|Bulk Up|p1a: Arceus\n|-boost|p1a: Arceus|atk|1\n|-boost|p1a: Arceus|def|1\n|\n|-heal|p1a: Arceus|44\/100|[from] item: Leftovers\n|upkeep\n|turn|16\n|\n|t:|1698272588\n|move|p2a: Arceus|Extreme Speed|p1a: Arceus\n|-damage|p1a: Arceus|15\/100\n|move|p1a: Arceus|Recover|p1a: Arceus\n|-heal|p1a: Arceus|65\/100\n|\n|-heal|p1a: Arceus|71\/100|[from] item: Leftovers\n|upkeep\n|turn|17\n|j| pikatchouk\n|\n|t:|1698272600\n|move|p1a: Arceus|Recover|p1a: Arceus\n|-heal|p1a: Arceus|100\/100\n|move|p2a: Arceus|Swords Dance|p2a: Arceus\n|-boost|p2a: Arceus|atk|1\n|\n|upkeep\n|turn|18\n|\n|t:|1698272604\n|move|p1a: Arceus|Extreme Speed|p2a: Arceus\n|-damage|p2a: Arceus|6\/100\n|move|p2a: Arceus|Extreme Speed|p1a: Arceus\n|-damage|p1a: Arceus|70\/100\n|\n|-heal|p1a: Arceus|76\/100|[from] item: Leftovers\n|upkeep\n|turn|19\n|\n|t:|1698272613\n|move|p1a: Arceus|Recover|p1a: Arceus\n|-heal|p1a: Arceus|100\/100\n|move|p2a: Arceus|Recover|p2a: Arceus\n|-heal|p2a: Arceus|56\/100\n|\n|upkeep\n|turn|20\n|\n|t:|1698272619\n|move|p1a: Arceus|Extreme Speed|p2a: Arceus\n|-damage|p2a: Arceus|0 fnt\n|faint|p2a: Arceus\n|\n|upkeep\n|\n|t:|1698272635\n|switch|p2a: Calyrex|Calyrex-Shadow|100\/100\n|-ability|p2a: Calyrex|As One\n|-ability|p2a: Calyrex|Unnerve\n|-damage|p2a: Calyrex|88\/100|[from] Stealth Rock\n|turn|21\n|\n|t:|1698272644\n|move|p2a: Calyrex|Encore|p1a: Arceus\n|-start|p1a: Arceus|Encore\n|move|p1a: Arceus|Extreme Speed|p2a: Calyrex\n|-immune|p2a: Calyrex\n|\n|upkeep\n|turn|22\n|\n|t:|1698272651\n|switch|p1a: Grimmsnarl|Grimmsnarl, M|52\/100\n|move|p2a: Calyrex|Nasty Plot|p2a: Calyrex\n|-boost|p2a: Calyrex|spa|2\n|\n|upkeep\n|turn|23\n|\n|t:|1698272663\n|move|p1a: Grimmsnarl|Light Screen|p1a: Grimmsnarl\n|-sidestart|p1: Hyperbeam Boys|move: Light Screen\n|move|p2a: Calyrex|Nasty Plot|p2a: Calyrex\n|-boost|p2a: Calyrex|spa|2\n|\n|upkeep\n|turn|24\n|\n|t:|1698272669\n|move|p1a: Grimmsnarl|Parting Shot|p2a: Calyrex\n|-unboost|p2a: Calyrex|atk|1\n|-unboost|p2a: Calyrex|spa|1\n|\n|t:|1698272674\n|switch|p1a: Arceus|Arceus|100\/100|[from] Parting Shot\n|move|p2a: Calyrex|Encore||[still]\n|-fail|p2a: Calyrex\n|\n|upkeep\n|turn|25\n|\n|t:|1698272686\n|-terastallize|p2a: Calyrex|Fighting\n|move|p2a: Calyrex|Tera Blast|p1a: Arceus|[anim] Tera Blast Fighting\n|-supereffective|p1a: Arceus\n|-damage|p1a: Arceus|29\/100\n|move|p1a: Arceus|Shadow Claw|p2a: Calyrex\n|-damage|p2a: Calyrex|61\/100\n|\n|-heal|p1a: Arceus|35\/100|[from] item: Leftovers\n|upkeep\n|turn|26\n|\n|t:|1698272698\n|move|p1a: Arceus|Extreme Speed|p2a: Calyrex\n|-crit|p2a: Calyrex\n|-damage|p2a: Calyrex|0 fnt\n|faint|p2a: Calyrex\n|\n|-heal|p1a: Arceus|41\/100|[from] item: Leftovers\n|upkeep\n|\n|t:|1698272707\n|switch|p2a: Ting-Lu|Ting-Lu|100\/100\n|-damage|p2a: Ting-Lu|94\/100|[from] Stealth Rock\n|-ability|p2a: Ting-Lu|Vessel of Ruin\n|turn|27\n|\n|t:|1698272726\n|switch|p1a: Grimmsnarl|Grimmsnarl, M|52\/100\n|move|p2a: Ting-Lu|Spikes|p1a: Grimmsnarl\n|-sidestart|p1: Hyperbeam Boys|Spikes\n|\n|-heal|p2a: Ting-Lu|100\/100|[from] item: Leftovers\n|upkeep\n|turn|28\n|\n|t:|1698272734\n|move|p1a: Grimmsnarl|Taunt|p2a: Ting-Lu\n|-hint|Since gen 7, Dark is immune to Prankster moves.\n|-immune|p2a: Ting-Lu\n|move|p2a: Ting-Lu|Spikes|p1a: Grimmsnarl\n|-sidestart|p1: Hyperbeam Boys|Spikes\n|\n|upkeep\n|turn|29\n|\n|t:|1698272738\n|move|p1a: Grimmsnarl|Reflect|p1a: Grimmsnarl\n|-sidestart|p1: Hyperbeam Boys|Reflect\n|move|p2a: Ting-Lu|Spikes|p1a: Grimmsnarl\n|-sidestart|p1: Hyperbeam Boys|Spikes\n|\n|upkeep\n|turn|30\n|\n|t:|1698272748\n|move|p1a: Grimmsnarl|Taunt|p2a: Ting-Lu\n|-hint|Since gen 7, Dark is immune to Prankster moves.\n|-immune|p2a: Ting-Lu\n|move|p2a: Ting-Lu|Ruination|p1a: Grimmsnarl\n|-damage|p1a: Grimmsnarl|26\/100\n|\n|-sideend|p1: Hyperbeam Boys|move: Light Screen\n|upkeep\n|turn|31\n|\n|t:|1698272757\n|move|p1a: Grimmsnarl|Reflect||[still]\n|-fail|p1a: Grimmsnarl\n|move|p2a: Ting-Lu|Earthquake|p1a: Grimmsnarl\n|-damage|p1a: Grimmsnarl|1\/100\n|\n|upkeep\n|turn|32\n|\n|t:|1698272763\n|move|p1a: Grimmsnarl|Parting Shot|p2a: Ting-Lu\n|-hint|Since gen 7, Dark is immune to Prankster moves.\n|-immune|p2a: Ting-Lu\n|move|p2a: Ting-Lu|Earthquake|p1a: Grimmsnarl\n|-damage|p1a: Grimmsnarl|0 fnt\n|faint|p1a: Grimmsnarl\n|\n|upkeep\n|inactive|Hyperbeam Boys has 120 seconds left.\n|\n|t:|1698272798\n|switch|p1a: Arceus|Arceus-Ground|100\/100\n|-damage|p1a: Arceus|76\/100|[from] Spikes\n|turn|33\n|\n|t:|1698272803\n|move|p1a: Arceus|Dragon Dance|p1a: Arceus\n|-boost|p1a: Arceus|atk|1\n|-boost|p1a: Arceus|spe|1\n|move|p2a: Ting-Lu|Whirlwind|p1a: Arceus\n|drag|p1a: Calyrex|Calyrex-Shadow|100\/100\n|-ability|p1a: Calyrex|As One\n|-ability|p1a: Calyrex|Unnerve\n|\n|upkeep\n|turn|34\n|\n|t:|1698272817\n|move|p1a: Calyrex|Nasty Plot|p1a: Calyrex\n|-boost|p1a: Calyrex|spa|2\n|move|p2a: Ting-Lu|Whirlwind|p1a: Calyrex\n|drag|p1a: Arceus|Arceus-Ground|76\/100\n|-damage|p1a: Arceus|51\/100|[from] Spikes\n|\n|upkeep\n|turn|35\n|\n|t:|1698272824\n|move|p1a: Arceus|Taunt|p2a: Ting-Lu\n|-start|p2a: Ting-Lu|move: Taunt\n|cant|p2a: Ting-Lu|move: Taunt|Whirlwind\n|\n|upkeep\n|turn|36\n|\n|t:|1698272828\n|move|p1a: Arceus|Dragon Dance|p1a: Arceus\n|-boost|p1a: Arceus|atk|1\n|-boost|p1a: Arceus|spe|1\n|move|p2a: Ting-Lu|Ruination|p1a: Arceus\n|-damage|p1a: Arceus|26\/100\n|\n|-sideend|p1: Hyperbeam Boys|Reflect\n|upkeep\n|turn|37\n|\n|t:|1698272834\n|move|p1a: Arceus|Earthquake|p2a: Ting-Lu\n|-damage|p2a: Ting-Lu|64\/100\n|move|p2a: Ting-Lu|Earthquake|p1a: Arceus\n|-damage|p1a: Arceus|0 fnt\n|faint|p1a: Arceus\n|\n|-heal|p2a: Ting-Lu|70\/100|[from] item: Leftovers\n|-end|p2a: Ting-Lu|move: Taunt\n|upkeep\n|\n|t:|1698272850\n|switch|p1a: Calyrex|Calyrex-Shadow|100\/100\n|-ability|p1a: Calyrex|As One\n|-ability|p1a: Calyrex|Unnerve\n|turn|38\n|\n|t:|1698272867\n|move|p1a: Calyrex|Encore|p2a: Ting-Lu\n|-start|p2a: Ting-Lu|Encore\n|move|p2a: Ting-Lu|Earthquake|p1a: Calyrex\n|-damage|p1a: Calyrex|53\/100\n|\n|-heal|p2a: Ting-Lu|76\/100|[from] item: Leftovers\n|upkeep\n|turn|39\n|\n|t:|1698272872\n|move|p1a: Calyrex|Nasty Plot|p1a: Calyrex\n|-boost|p1a: Calyrex|spa|2\n|move|p2a: Ting-Lu|Earthquake|p1a: Calyrex\n|-damage|p1a: Calyrex|5\/100\n|\n|-heal|p2a: Ting-Lu|82\/100|[from] item: Leftovers\n|upkeep\n|turn|40\n|\n|t:|1698272879\n|-terastallize|p1a: Calyrex|Fairy\n|move|p1a: Calyrex|Draining Kiss|p2a: Ting-Lu\n|-supereffective|p2a: Ting-Lu\n|-damage|p2a: Ting-Lu|0 fnt\n|-heal|p1a: Calyrex|98\/100|[from] drain|[of] p2a: Ting-Lu\n|faint|p2a: Ting-Lu\n|-ability|p1a: Calyrex|Grim Neigh|boost\n|-boost|p1a: Calyrex|spa|1\n|\n|upkeep\n|\n|t:|1698272886\n|switch|p2a: Koraidon|Koraidon|100\/100\n|-damage|p2a: Koraidon|94\/100|[from] Stealth Rock\n|-weather|SunnyDay|[from] ability: Orichalcum Pulse|[of] p2a: Koraidon\n|-activate|p2a: Koraidon|Orichalcum Pulse|[source]\n|turn|41\n|\n|t:|1698272891\n|move|p2a: Koraidon|Flare Blitz|p1a: Calyrex\n|-damage|p1a: Calyrex|0 fnt\n|faint|p1a: Calyrex\n|-damage|p2a: Koraidon|62\/100|[from] Recoil\n|\n|-weather|SunnyDay|[upkeep]\n|upkeep\n|\n|t:|1698272897\n|switch|p1a: Arceus|Arceus|41\/100\n|-damage|p1a: Arceus|16\/100|[from] Spikes\n|turn|42\n|\n|t:|1698272900\n|move|p1a: Arceus|Extreme Speed|p2a: Koraidon\n|-damage|p2a: Koraidon|31\/100\n|move|p2a: Koraidon|Flare Blitz|p1a: Arceus\n|-damage|p1a: Arceus|0 fnt\n|faint|p1a: Arceus\n|-damage|p2a: Koraidon|25\/100|[from] Recoil\n|\n|win|Cutecat1122\n|raw|Hyperbeam Boys's rating: 1702 &rarr; <strong>1686<\/strong><br \/>(-16 for losing)\n|raw|Cutecat1122's rating: 1769 &rarr; <strong>1785<\/strong><br \/>(+16 for winning)\n|c|\u2606Cutecat1122|gg\n|l|\u2606Cutecat1122\n|j|\u2606Cutecat1122\n|player|p2|Cutecat1122|cheryl\n","uploadtime":1698272980,"views":13,"p1id":"hyperbeamboys","p2id":"cutecat1122","formatid":"gen9anythinggoes","rating":1686,"private":0,"password":""}