{"id":"gen9anythinggoes-1972368123","p1":"SolaireTheHedgehog","p2":"al-my69","format":"[Gen 9] Anything Goes","log":"|j|\u2606SolaireTheHedgehog\n|j|\u2606al-my69\n|t:|1697835517\n|gametype|singles\n|player|p1|SolaireTheHedgehog|benga|1304\n|player|p2|al-my69|yellow|1322\n|teamsize|p1|6\n|teamsize|p2|6\n|gen|9\n|tier|[Gen 9] Anything Goes\n|rated|\n|rule|HP Percentage Mod: HP is shown in percentages\n|rule|Endless Battle Clause: Forcing endless battles is banned\n|clearpoke\n|poke|p1|Cinderace, F|\n|poke|p1|Ursaluna-Bloodmoon, M|\n|poke|p1|Ogerpon-Wellspring, F|\n|poke|p1|Toedscruel, F|\n|poke|p1|Ting-Lu|\n|poke|p1|Wigglytuff, M|\n|poke|p2|Gliscor, M|\n|poke|p2|Jumpluff, M|\n|poke|p2|Quaquaval, F|\n|poke|p2|Drifblim, M|\n|poke|p2|Espathra, M|\n|poke|p2|Espeon, F|\n|teampreview\n|inactive|Battle timer is ON: inactive players will automatically lose when time's up. (requested by al-my69)\n|c|\u2606SolaireTheHedgehog|glhf\n|\n|t:|1697835522\n|start\n|switch|p1a: Toedscruel|Toedscruel, F|100\/100\n|switch|p2a: blaziken at home:|Espathra, M|100\/100\n|turn|1\n|\n|t:|1697835527\n|move|p2a: blaziken at home:|Protect|p2a: blaziken at home:\n|-singleturn|p2a: blaziken at home:|Protect\n|move|p1a: Toedscruel|Knock Off|p2a: blaziken at home:\n|-activate|p2a: blaziken at home:|move: Protect\n|\n|-ability|p2a: blaziken at home:|Speed Boost|boost\n|-boost|p2a: blaziken at home:|spe|1\n|upkeep\n|turn|2\n|\n|t:|1697835533\n|-terastallize|p2a: blaziken at home:|Dark\n|move|p2a: blaziken at home:|Substitute|p2a: blaziken at home:\n|-start|p2a: blaziken at home:|Substitute\n|-damage|p2a: blaziken at home:|76\/100\n|move|p1a: Toedscruel|Knock Off|p2a: blaziken at home:\n|-resisted|p2a: blaziken at home:\n|-activate|p2a: blaziken at home:|move: Substitute|[damage]\n|\n|-heal|p2a: blaziken at home:|82\/100|[from] item: Leftovers\n|-ability|p2a: blaziken at home:|Speed Boost|boost\n|-boost|p2a: blaziken at home:|spe|1\n|upkeep\n|turn|3\n|\n|t:|1697835544\n|move|p2a: blaziken at home:|Calm Mind|p2a: blaziken at home:\n|-boost|p2a: blaziken at home:|spa|1\n|-boost|p2a: blaziken at home:|spd|1\n|move|p1a: Toedscruel|Toxic Spikes|p2a: blaziken at home:\n|-sidestart|p2: al-my69|move: Toxic Spikes\n|\n|-heal|p2a: blaziken at home:|88\/100|[from] item: Leftovers\n|-ability|p2a: blaziken at home:|Speed Boost|boost\n|-boost|p2a: blaziken at home:|spe|1\n|upkeep\n|turn|4\n|\n|t:|1697835552\n|move|p2a: blaziken at home:|Baton Pass|p2a: blaziken at home:\n|c|\u2606al-my69|so\n|c|\u2606SolaireTheHedgehog|?\n|c|\u2606al-my69|you pick death\n|c|\u2606al-my69|ok\n|\n|t:|1697835570\n|switch|p2a: plump fluff|Jumpluff, M|100\/100|[from] Baton Pass\n|move|p1a: Toedscruel|Toxic Spikes|p2a: plump fluff\n|-sidestart|p2: al-my69|move: Toxic Spikes\n|\n|upkeep\n|turn|5\n|\n|t:|1697835577\n|move|p2a: plump fluff|Cotton Guard|p2a: plump fluff\n|-boost|p2a: plump fluff|def|3\n|move|p1a: Toedscruel|Knock Off|p2a: plump fluff\n|-activate|p2a: plump fluff|move: Substitute|[damage]\n|\n|upkeep\n|turn|6\n|\n|t:|1697835582\n|move|p2a: plump fluff|Baton Pass|p2a: plump fluff\n|\n|t:|1697835585\n|switch|p2a: rizzler|Quaquaval, F|100\/100|[from] Baton Pass\n|move|p1a: Toedscruel|Knock Off|p2a: rizzler\n|-resisted|p2a: rizzler\n|-activate|p2a: rizzler|move: Substitute|[damage]\n|\n|upkeep\n|turn|7\n|\n|t:|1697835592\n|move|p2a: rizzler|Rapid Spin|p1a: Toedscruel\n|-damage|p1a: Toedscruel|81\/100\n|-boost|p2a: rizzler|spe|1\n|-sideend|p2: al-my69|Toxic Spikes|[from] move: Rapid Spin|[of] p2a: rizzler\n|move|p1a: Toedscruel|Knock Off|p2a: rizzler\n|-resisted|p2a: rizzler\n|-end|p2a: rizzler|Substitute\n|\n|upkeep\n|turn|8\n|\n|t:|1697835600\n|move|p2a: rizzler|Baton Pass|p2a: rizzler\n|\n|t:|1697835601\n|switch|p2a: no real moves?|Espeon, F|100\/100|[from] Baton Pass\n|move|p1a: Toedscruel|Knock Off|p2a: no real moves?\n|-supereffective|p2a: no real moves?\n|-damage|p2a: no real moves?|73\/100\n|-enditem|p2a: no real moves?|Leftovers|[from] move: Knock Off|[of] p1a: Toedscruel\n|\n|upkeep\n|turn|9\n|c|\u2606SolaireTheHedgehog|ok thats just annoying\n|\n|t:|1697835609\n|move|p2a: no real moves?|Stored Power|p1a: Toedscruel\n|-damage|p1a: Toedscruel|0 fnt\n|faint|p1a: Toedscruel\n|\n|upkeep\n|\n|t:|1697835618\n|switch|p1a: Ting-Lu|Ting-Lu|100\/100\n|-ability|p1a: Ting-Lu|Vessel of Ruin\n|turn|10\n|c|\u2606al-my69|and you setting up hazers is annoying\n|\n|t:|1697835631\n|move|p2a: no real moves?|Substitute|p2a: no real moves?\n|-start|p2a: no real moves?|Substitute\n|-damage|p2a: no real moves?|48\/100\n|move|p1a: Ting-Lu|Whirlwind|p2a: no real moves?\n|move|p2a: no real moves?|Whirlwind|p1a: Ting-Lu|[from]ability: Magic Bounce\n|drag|p1a: Cinderace|Cinderace, F|100\/100\n|\n|upkeep\n|turn|11\n|\n|t:|1697835640\n|move|p2a: no real moves?|Stored Power|p1a: Cinderace\n|-damage|p1a: Cinderace|0 fnt\n|faint|p1a: Cinderace\n|\n|upkeep\n|c|\u2606al-my69|i hope your family has a good christmas\n|c|\u2606SolaireTheHedgehog|dude this is far more annoying than any hazard\n|l|\u2606SolaireTheHedgehog\n|inactive|SolaireTheHedgehog disconnected and has a minute to reconnect!\n|player|p1|\n|j|\u2606SolaireTheHedgehog\n|inactive|SolaireTheHedgehog reconnected and has 105 seconds left.\n|player|p1|SolaireTheHedgehog|benga\n|\n|t:|1697835690\n|switch|p1a: Wigglytuff|Wigglytuff, M|100\/100\n|turn|12\n|c|\u2606al-my69|na\n|c|\u2606al-my69|there a difference\n|\n|t:|1697835719\n|move|p2a: no real moves?|Baton Pass|p2a: no real moves?\n|\n|t:|1697835722\n|switch|p2a: $exual Chocolate|Drifblim, M, shiny|100\/100|[from] Baton Pass\n|move|p1a: Wigglytuff|Perish Song|p1a: Wigglytuff\n|-start|p1a: Wigglytuff|perish3|[silent]\n|-start|p2a: $exual Chocolate|perish3|[silent]\n|-fieldactivate|move: Perish Song\n|\n|-start|p2a: $exual Chocolate|perish3\n|-start|p1a: Wigglytuff|perish3\n|upkeep\n|turn|13\n|inactive|SolaireTheHedgehog has 120 seconds left.\n|c|\u2606al-my69|you little fuck\n|c|\u2606SolaireTheHedgehog|yea there is this is just to actually be annoying. you can get around hazards.\n|\n|t:|1697835741\n|move|p2a: $exual Chocolate|Baton Pass|p2a: $exual Chocolate\n|\n|t:|1697835759\n|switch|p2a: no real moves?|Espeon, F|48\/100|[from] Baton Pass\n|move|p1a: Wigglytuff|Perish Song||[still]\n|-fail|p1a: Wigglytuff\n|\n|-start|p2a: no real moves?|perish2\n|-start|p1a: Wigglytuff|perish2\n|upkeep\n|turn|14\n|inactive|SolaireTheHedgehog has 120 seconds left.\n|\n|t:|1697835767\n|move|p2a: no real moves?|Stored Power|p1a: Wigglytuff\n|-damage|p1a: Wigglytuff|0 fnt\n|faint|p1a: Wigglytuff\n|\n|-start|p2a: no real moves?|perish1\n|upkeep\n|inactive|SolaireTheHedgehog has 120 seconds left.\n|\n|t:|1697835773\n|switch|p1a: Ting-Lu|Ting-Lu|100\/100\n|-ability|p1a: Ting-Lu|Vessel of Ruin\n|turn|15\n|c|\u2606SolaireTheHedgehog|i should have done that turn 1\n|inactive|al-my69 has 120 seconds left.\n|\n|t:|1697835817\n|switch|p2a: rizzler|Quaquaval, F|100\/100\n|move|p1a: Ting-Lu|Stealth Rock|p2a: rizzler\n|-sidestart|p2: al-my69|move: Stealth Rock\n|\n|upkeep\n|turn|16\n|\n|t:|1697835825\n|move|p2a: rizzler|Rapid Spin|p1a: Ting-Lu\n|-damage|p1a: Ting-Lu|95\/100\n|-boost|p2a: rizzler|spe|1\n|-sideend|p2: al-my69|Stealth Rock|[from] move: Rapid Spin|[of] p2a: rizzler\n|move|p1a: Ting-Lu|Earthquake|p2a: rizzler\n|-damage|p2a: rizzler|59\/100\n|\n|-heal|p1a: Ting-Lu|100\/100|[from] item: Leftovers\n|upkeep\n|turn|17\n|\n|t:|1697835833\n|move|p2a: rizzler|Baton Pass|p2a: rizzler\n|inactive|al-my69 has 120 seconds left.\n|\n|t:|1697835848\n|switch|p2a: plump fluff|Jumpluff, M|100\/100|[from] Baton Pass\n|move|p1a: Ting-Lu|Whirlwind|p2a: plump fluff\n|drag|p2a: Gliscor|Gliscor, M|100\/100\n|\n|-status|p2a: Gliscor|tox|[from] item: Toxic Orb\n|upkeep\n|turn|18\n|c|\u2606SolaireTheHedgehog|bye bye\n|c|\u2606al-my69|oh really\n|\n|t:|1697835859\n|switch|p1a: Ursaluna|Ursaluna-Bloodmoon, M|100\/100\n|move|p2a: Gliscor|Baton Pass|p2a: Gliscor\n|inactive|al-my69 has 120 seconds left.\n|\n|t:|1697835881\n|switch|p2a: blaziken at home:|Espathra, M, tera:Dark|88\/100|[from] Baton Pass\n|\n|-heal|p2a: blaziken at home:|94\/100|[from] item: Leftovers\n|upkeep\n|turn|19\n|c|\u2606SolaireTheHedgehog|can't believe wigglytuff actually did something useful\n|\n|t:|1697835892\n|move|p2a: blaziken at home:|Protect|p2a: blaziken at home:\n|-singleturn|p2a: blaziken at home:|Protect\n|move|p1a: Ursaluna|Trailblaze|p2a: blaziken at home:\n|-activate|p2a: blaziken at home:|move: Protect\n|\n|-heal|p2a: blaziken at home:|99\/100|[from] item: Leftovers\n|-ability|p2a: blaziken at home:|Speed Boost|boost\n|-boost|p2a: blaziken at home:|spe|1\n|upkeep\n|turn|20\n|inactive|al-my69 has 120 seconds left.\n|\n|t:|1697835929\n|move|p2a: blaziken at home:|Calm Mind|p2a: blaziken at home:\n|-boost|p2a: blaziken at home:|spa|1\n|-boost|p2a: blaziken at home:|spd|1\n|move|p1a: Ursaluna|Body Slam|p2a: blaziken at home:\n|-damage|p2a: blaziken at home:|58\/100\n|\n|-heal|p2a: blaziken at home:|64\/100|[from] item: Leftovers\n|-ability|p2a: blaziken at home:|Speed Boost|boost\n|-boost|p2a: blaziken at home:|spe|1\n|upkeep\n|turn|21\n|c|\u2606al-my69|what the hell\n|\n|t:|1697835938\n|move|p2a: blaziken at home:|Protect|p2a: blaziken at home:\n|-singleturn|p2a: blaziken at home:|Protect\n|move|p1a: Ursaluna|Body Slam|p2a: blaziken at home:\n|-activate|p2a: blaziken at home:|move: Protect\n|\n|-heal|p2a: blaziken at home:|70\/100|[from] item: Leftovers\n|-ability|p2a: blaziken at home:|Speed Boost|boost\n|-boost|p2a: blaziken at home:|spe|1\n|upkeep\n|turn|22\n|\n|t:|1697835946\n|move|p2a: blaziken at home:|Baton Pass|p2a: blaziken at home:\n|c|\u2606SolaireTheHedgehog|what do u want from me?\n|c|\u2606SolaireTheHedgehog|i had to do something\n|c|\u2606al-my69|yk\n|inactive|al-my69 has 90 seconds left.\n|c|\u2606al-my69|it a special attacker right?\n|\n|t:|1697835980\n|switch|p2a: plump fluff|Jumpluff, M|100\/100|[from] Baton Pass\n|move|p1a: Ursaluna|Body Slam|p2a: plump fluff\n|-damage|p2a: plump fluff|60\/100\n|\n|upkeep\n|turn|23\n|c|\u2606SolaireTheHedgehog|Ik i ran it mixed\n|\n|t:|1697835993\n|-terastallize|p1a: Ursaluna|Normal\n|move|p2a: plump fluff|Sleep Powder|p1a: Ursaluna\n|-status|p1a: Ursaluna|slp|[from] move: Sleep Powder\n|cant|p1a: Ursaluna|slp\n|\n|upkeep\n|turn|24\n|\n|t:|1697836005\n|switch|p1a: Ogerpon|Ogerpon-Wellspring, F|100\/100\n|move|p2a: plump fluff|Cotton Guard|p2a: plump fluff\n|-boost|p2a: plump fluff|def|3\n|\n|upkeep\n|turn|25\n|\n|t:|1697836017\n|move|p2a: plump fluff|Strength Sap|p1a: Ogerpon\n|-unboost|p1a: Ogerpon|atk|1\n|-heal|p2a: plump fluff|100\/100\n|move|p1a: Ogerpon|Ivy Cudgel|p2a: plump fluff\n|-resisted|p2a: plump fluff\n|-damage|p2a: plump fluff|90\/100\n|\n|upkeep\n|turn|26\n|c|\u2606al-my69|yoooooooo\n|c|\u2606al-my69|it the e-boy\n|\n|t:|1697836027\n|move|p1a: Ogerpon|Spiky Shield|p1a: Ogerpon\n|-singleturn|p1a: Ogerpon|move: Protect\n|move|p2a: plump fluff|Cotton Guard|p2a: plump fluff\n|-boost|p2a: plump fluff|def|3\n|\n|upkeep\n|turn|27\n|\n|t:|1697836042\n|move|p1a: Ogerpon|Spiky Shield||[still]\n|-fail|p1a: Ogerpon\n|move|p2a: plump fluff|Baton Pass|p2a: plump fluff\n|inactive|al-my69 has 120 seconds left.\n|\n|t:|1697836047\n|switch|p2a: $exual Chocolate|Drifblim, M, shiny|100\/100|[from] Baton Pass\n|\n|upkeep\n|turn|28\n|\n|t:|1697836056\n|switch|p1a: Ursaluna|Ursaluna-Bloodmoon, M, tera:Normal|100\/100 slp\n|move|p2a: $exual Chocolate|Minimize|p2a: $exual Chocolate\n|-boost|p2a: $exual Chocolate|evasion|2\n|\n|upkeep\n|turn|29\n|\n|t:|1697836072\n|move|p2a: $exual Chocolate|Minimize|p2a: $exual Chocolate\n|-boost|p2a: $exual Chocolate|evasion|2\n|-curestatus|p1a: Ursaluna|slp|[msg]\n|move|p1a: Ursaluna|Body Slam|p2a: $exual Chocolate\n|-crit|p2a: $exual Chocolate\n|-damage|p2a: $exual Chocolate|0 fnt\n|faint|p2a: $exual Chocolate\n|\n|upkeep\n|c|\u2606SolaireTheHedgehog|YOOO!!!\n|inactive|al-my69 has 120 seconds left.\n|c|\u2606al-my69|random crits are fair and balanced\n|\n|t:|1697836092\n|switch|p2a: plump fluff|Jumpluff, M|90\/100\n|turn|30\n|\n|t:|1697836096\n|switch|p1a: Ogerpon|Ogerpon-Wellspring, F|100\/100\n|move|p2a: plump fluff|Cotton Guard|p2a: plump fluff\n|-boost|p2a: plump fluff|def|3\n|\n|upkeep\n|turn|31\n|\n|t:|1697836103\n|move|p2a: plump fluff|Cotton Guard|p2a: plump fluff\n|-boost|p2a: plump fluff|def|3\n|move|p1a: Ogerpon|Tera Blast|p2a: plump fluff\n|-damage|p2a: plump fluff|76\/100\n|\n|upkeep\n|turn|32\n|\n|t:|1697836119\n|move|p1a: Ogerpon|Spiky Shield|p1a: Ogerpon\n|-singleturn|p1a: Ogerpon|move: Protect\n|move|p2a: plump fluff|Strength Sap|p1a: Ogerpon\n|-activate|p1a: Ogerpon|move: Protect\n|\n|upkeep\n|turn|33\n|\n|t:|1697836127\n|switch|p1a: Ting-Lu|Ting-Lu|100\/100\n|-ability|p1a: Ting-Lu|Vessel of Ruin\n|move|p2a: plump fluff|Strength Sap|p1a: Ting-Lu\n|-unboost|p1a: Ting-Lu|atk|1\n|-heal|p2a: plump fluff|100\/100\n|\n|upkeep\n|turn|34\n|inactive|al-my69 has 120 seconds left.\n|\n|t:|1697836164\n|move|p2a: plump fluff|Sleep Powder|p1a: Ting-Lu\n|-status|p1a: Ting-Lu|slp|[from] move: Sleep Powder\n|cant|p1a: Ting-Lu|slp\n|\n|upkeep\n|turn|35\n|\n|t:|1697836170\n|move|p2a: plump fluff|Baton Pass|p2a: plump fluff\n|\n|t:|1697836172\n|switch|p2a: no real moves?|Espeon, F|48\/100|[from] Baton Pass\n|cant|p1a: Ting-Lu|slp\n|\n|upkeep\n|turn|36\n|\n|t:|1697836178\n|move|p2a: no real moves?|Substitute|p2a: no real moves?\n|-start|p2a: no real moves?|Substitute\n|-damage|p2a: no real moves?|24\/100\n|cant|p1a: Ting-Lu|slp\n|\n|upkeep\n|turn|37\n|\n|t:|1697836183\n|move|p2a: no real moves?|Dazzling Gleam|p1a: Ting-Lu\n|-supereffective|p1a: Ting-Lu\n|-damage|p1a: Ting-Lu|70\/100 slp\n|-curestatus|p1a: Ting-Lu|slp|[msg]\n|move|p1a: Ting-Lu|Earthquake|p2a: no real moves?\n|-activate|p2a: no real moves?|move: Substitute|[damage]\n|\n|-heal|p1a: Ting-Lu|76\/100|[from] item: Leftovers\n|upkeep\n|turn|38\n|\n|t:|1697836191\n|move|p2a: no real moves?|Dazzling Gleam|p1a: Ting-Lu\n|-supereffective|p1a: Ting-Lu\n|-damage|p1a: Ting-Lu|41\/100\n|move|p1a: Ting-Lu|Earthquake|p2a: no real moves?\n|-end|p2a: no real moves?|Substitute\n|\n|-heal|p1a: Ting-Lu|47\/100|[from] item: Leftovers\n|upkeep\n|turn|39\n|\n|t:|1697836204\n|move|p2a: no real moves?|Baton Pass|p2a: no real moves?\n|\n|t:|1697836218\n|switch|p2a: Gliscor|Gliscor, M|100\/100 tox|[from] Baton Pass\n|move|p1a: Ting-Lu|Earthquake|p2a: Gliscor\n|-immune|p2a: Gliscor\n|\n|-heal|p1a: Ting-Lu|53\/100|[from] item: Leftovers\n|upkeep\n|turn|40\n|\n|t:|1697836225\n|move|p2a: Gliscor|Baton Pass|p2a: Gliscor\n|\n|t:|1697836227\n|switch|p2a: no real moves?|Espeon, F|24\/100|[from] Baton Pass\n|move|p1a: Ting-Lu|Stealth Rock|p2a: no real moves?\n|move|p2a: no real moves?|Stealth Rock|p1a: Ting-Lu|[from]ability: Magic Bounce\n|-sidestart|p1: SolaireTheHedgehog|move: Stealth Rock\n|\n|-heal|p1a: Ting-Lu|60\/100|[from] item: Leftovers\n|upkeep\n|turn|41\n|\n|t:|1697836236\n|move|p2a: no real moves?|Baton Pass|p2a: no real moves?\n|\n|t:|1697836238\n|switch|p2a: plump fluff|Jumpluff, M|100\/100|[from] Baton Pass\n|move|p1a: Ting-Lu|Earthquake|p2a: plump fluff\n|-immune|p2a: plump fluff\n|\n|-heal|p1a: Ting-Lu|66\/100|[from] item: Leftovers\n|upkeep\n|turn|42\n|\n|t:|1697836248\n|move|p2a: plump fluff|Sleep Powder|p1a: Ting-Lu\n|-status|p1a: Ting-Lu|slp|[from] move: Sleep Powder\n|cant|p1a: Ting-Lu|slp\n|\n|-heal|p1a: Ting-Lu|72\/100 slp|[from] item: Leftovers\n|upkeep\n|turn|43\n|\n|t:|1697836255\n|move|p2a: plump fluff|Baton Pass|p2a: plump fluff\n|\n|t:|1697836258\n|switch|p2a: Gliscor|Gliscor, M|100\/100 tox|[from] Baton Pass\n|cant|p1a: Ting-Lu|slp\n|\n|-heal|p1a: Ting-Lu|78\/100 slp|[from] item: Leftovers\n|upkeep\n|turn|44\n|\n|t:|1697836264\n|move|p2a: Gliscor|Substitute|p2a: Gliscor\n|-start|p2a: Gliscor|Substitute\n|-damage|p2a: Gliscor|76\/100 tox\n|-curestatus|p1a: Ting-Lu|slp|[msg]\n|move|p1a: Ting-Lu|Stealth Rock|p2a: Gliscor\n|-sidestart|p2: al-my69|move: Stealth Rock\n|\n|-heal|p1a: Ting-Lu|85\/100|[from] item: Leftovers\n|-heal|p2a: Gliscor|88\/100 tox|[from] ability: Poison Heal\n|upkeep\n|turn|45\n|\n|t:|1697836273\n|move|p2a: Gliscor|Baton Pass|p2a: Gliscor\n|\n|t:|1697836275\n|switch|p2a: no real moves?|Espeon, F|24\/100|[from] Baton Pass\n|-damage|p2a: no real moves?|12\/100|[from] Stealth Rock\n|move|p1a: Ting-Lu|Earthquake|p2a: no real moves?\n|-activate|p2a: no real moves?|move: Substitute|[damage]\n|\n|-heal|p1a: Ting-Lu|91\/100|[from] item: Leftovers\n|upkeep\n|turn|46\n|\n|t:|1697836283\n|move|p2a: no real moves?|Baton Pass|p2a: no real moves?\n|\n|t:|1697836286\n|switch|p2a: rizzler|Quaquaval, F|59\/100|[from] Baton Pass\n|move|p1a: Ting-Lu|Earthquake|p2a: rizzler\n|-crit|p2a: rizzler\n|-end|p2a: rizzler|Substitute\n|\n|-heal|p1a: Ting-Lu|97\/100|[from] item: Leftovers\n|upkeep\n|turn|47\n|\n|t:|1697836294\n|move|p2a: rizzler|Rapid Spin|p1a: Ting-Lu\n|-damage|p1a: Ting-Lu|91\/100\n|-boost|p2a: rizzler|spe|1\n|-sideend|p2: al-my69|Stealth Rock|[from] move: Rapid Spin|[of] p2a: rizzler\n|move|p1a: Ting-Lu|Whirlwind|p2a: rizzler\n|drag|p2a: no real moves?|Espeon, F|12\/100\n|\n|-heal|p1a: Ting-Lu|97\/100|[from] item: Leftovers\n|upkeep\n|turn|48\n|\n|t:|1697836303\n|move|p2a: no real moves?|Baton Pass|p2a: no real moves?\n|\n|t:|1697836315\n|switch|p2a: blaziken at home:|Espathra, M, tera:Dark|70\/100|[from] Baton Pass\n|move|p1a: Ting-Lu|Stealth Rock|p2a: blaziken at home:\n|-sidestart|p2: al-my69|move: Stealth Rock\n|\n|-heal|p2a: blaziken at home:|76\/100|[from] item: Leftovers\n|-heal|p1a: Ting-Lu|100\/100|[from] item: Leftovers\n|upkeep\n|turn|49\n|\n|t:|1697836326\n|move|p2a: blaziken at home:|Substitute|p2a: blaziken at home:\n|-start|p2a: blaziken at home:|Substitute\n|-damage|p2a: blaziken at home:|52\/100\n|move|p1a: Ting-Lu|Whirlwind|p2a: blaziken at home:\n|drag|p2a: rizzler|Quaquaval, F|59\/100\n|\n|upkeep\n|turn|50\n|\n|t:|1697836335\n|move|p2a: rizzler|Rapid Spin|p1a: Ting-Lu\n|-damage|p1a: Ting-Lu|95\/100\n|-boost|p2a: rizzler|spe|1\n|-sideend|p2: al-my69|Stealth Rock|[from] move: Rapid Spin|[of] p2a: rizzler\n|move|p1a: Ting-Lu|Earthquake|p2a: rizzler\n|-damage|p2a: rizzler|32\/100\n|\n|-heal|p1a: Ting-Lu|100\/100|[from] item: Leftovers\n|upkeep\n|turn|51\n|\n|t:|1697836345\n|move|p2a: rizzler|Baton Pass|p2a: rizzler\n|\n|t:|1697836346\n|switch|p2a: no real moves?|Espeon, F|12\/100|[from] Baton Pass\n|move|p1a: Ting-Lu|Earthquake|p2a: no real moves?\n|-damage|p2a: no real moves?|0 fnt\n|faint|p2a: no real moves?\n|\n|upkeep\n|-message|al-my69 forfeited.\n|\n|win|SolaireTheHedgehog\n|raw|SolaireTheHedgehog's rating: 1304 &rarr; <strong>1324<\/strong><br \/>(+20 for winning)\n|raw|al-my69's rating: 1303 &rarr; <strong>1283<\/strong><br \/>(-20 for losing)\n|l|\u2606al-my69\n","uploadtime":1697835739,"views":3,"p1id":"solairethehedgehog","p2id":"almy69","formatid":"gen9anythinggoes","rating":1283,"private":0,"password":""}