{"id":"gen9anythinggoes-1993309024","p1":"qinis","p2":"Emily Bodoo","format":"[Gen 9] Anything Goes","log":"|j|\u2606qinis\n|j|\u2606Emily Bodoo\n|t:|1700295219\n|gametype|singles\n|player|p1|qinis|lucas|1326\n|player|p2|Emily Bodoo|iris|1351\n|teamsize|p1|6\n|teamsize|p2|6\n|gen|9\n|tier|[Gen 9] Anything Goes\n|rated|\n|rule|HP Percentage Mod: HP is shown in percentages\n|rule|Endless Battle Clause: Forcing endless battles is banned\n|clearpoke\n|poke|p1|Ditto|\n|poke|p1|Calyrex-Shadow|\n|poke|p1|Toxapex, M|\n|poke|p1|Ting-Lu|\n|poke|p1|Eternatus|\n|poke|p1|Arceus|\n|poke|p2|Mismagius, M|\n|poke|p2|Arceus|\n|poke|p2|Haxorus, F|\n|poke|p2|Snorlax, M|\n|poke|p2|Mew|\n|poke|p2|Mudsdale, M|\n|teampreview\n|inactive|Battle timer is ON: inactive players will automatically lose when time's up. (requested by qinis)\n|\n|t:|1700295228\n|start\n|switch|p1a: Eternatus|Eternatus|100\/100\n|switch|p2a: Mew|Mew|100\/100\n|-ability|p1a: Eternatus|Pressure\n|turn|1\n|\n|t:|1700295236\n|move|p1a: Eternatus|Toxic Spikes|p2a: Mew\n|-sidestart|p2: Emily Bodoo|move: Toxic Spikes\n|move|p2a: Mew|Ice Beam|p1a: Eternatus\n|-supereffective|p1a: Eternatus\n|-damage|p1a: Eternatus|77\/100\n|\n|upkeep\n|turn|2\n|\n|t:|1700295243\n|move|p1a: Eternatus|Toxic Spikes|p2a: Mew\n|-sidestart|p2: Emily Bodoo|move: Toxic Spikes\n|move|p2a: Mew|Encore|p1a: Eternatus\n|-start|p1a: Eternatus|Encore\n|\n|upkeep\n|turn|3\n|\n|t:|1700295252\n|switch|p1a: Ditto|Ditto, shiny|100\/100\n|-transform|p1a: Ditto|p2a: Mew|[from] ability: Imposter\n|move|p2a: Mew|Imprison|p2a: Mew\n|-start|p2a: Mew|move: Imprison\n|\n|upkeep\n|turn|4\n|\n|t:|1700295266\n|switch|p1a: Arceus|Arceus|100\/100\n|switch|p2a: Arceus|Arceus|100\/100\n|-status|p2a: Arceus|tox\n|\n|-damage|p2a: Arceus|94\/100 tox|[from] psn\n|upkeep\n|turn|5\n|\n|t:|1700295277\n|move|p2a: Arceus|Judgment|p1a: Arceus\n|-damage|p1a: Arceus|50\/100\n|move|p1a: Arceus|Swords Dance|p1a: Arceus\n|-boost|p1a: Arceus|atk|2\n|\n|-heal|p1a: Arceus|57\/100|[from] item: Leftovers\n|-damage|p2a: Arceus|82\/100 tox|[from] psn\n|upkeep\n|turn|6\n|\n|t:|1700295290\n|-terastallize|p2a: Arceus|Ghost\n|move|p1a: Arceus|Extreme Speed|p2a: Arceus\n|-immune|p2a: Arceus\n|move|p2a: Arceus|Judgment|p1a: Arceus\n|-damage|p1a: Arceus|0 fnt\n|faint|p1a: Arceus\n|\n|-damage|p2a: Arceus|64\/100 tox|[from] psn\n|upkeep\n|\n|t:|1700295307\n|switch|p1a: Ditto|Ditto, shiny|100\/100\n|-transform|p1a: Ditto|p2a: Arceus|[from] ability: Imposter\n|-start|p1a: Ditto|typechange|Normal|[silent]\n|turn|7\n|\n|t:|1700295324\n|switch|p2a: Snorlax|Snorlax, M|100\/100\n|-status|p2a: Snorlax|tox\n|move|p1a: Ditto|Shadow Ball|p2a: Snorlax\n|-immune|p2a: Snorlax\n|\n|-damage|p2a: Snorlax|94\/100 tox|[from] psn\n|upkeep\n|turn|8\n|\n|t:|1700295339\n|switch|p1a: Ting-Lu|Ting-Lu|100\/100\n|-ability|p1a: Ting-Lu|Vessel of Ruin\n|move|p2a: Snorlax|Rest|p2a: Snorlax\n|-status|p2a: Snorlax|slp|[from] move: Rest\n|-heal|p2a: Snorlax|100\/100 slp|[silent]\n|\n|upkeep\n|turn|9\n|\n|t:|1700295357\n|move|p1a: Ting-Lu|Stealth Rock|p2a: Snorlax\n|-sidestart|p2: Emily Bodoo|move: Stealth Rock\n|cant|p2a: Snorlax|slp\n|move|p2a: Snorlax|Sleep Talk|p2a: Snorlax\n|move|p2a: Snorlax|Body Slam|p1a: Ting-Lu|[from]move: Sleep Talk\n|-damage|p1a: Ting-Lu|82\/100\n|\n|-heal|p1a: Ting-Lu|88\/100|[from] item: Leftovers\n|upkeep\n|turn|10\n|\n|t:|1700295371\n|move|p1a: Ting-Lu|Spikes|p2a: Snorlax\n|-sidestart|p2: Emily Bodoo|Spikes\n|cant|p2a: Snorlax|slp\n|move|p2a: Snorlax|Sleep Talk|p2a: Snorlax\n|move|p2a: Snorlax|Fissure|p1a: Ting-Lu|[from]move: Sleep Talk\n|-damage|p1a: Ting-Lu|0 fnt\n|faint|p1a: Ting-Lu\n|-ohko\n|\n|upkeep\n|\n|t:|1700295387\n|switch|p1a: Toxapex|Toxapex, M|100\/100\n|turn|11\n|\n|t:|1700295393\n|move|p1a: Toxapex|Poison Jab|p2a: Snorlax\n|-damage|p2a: Snorlax|87\/100 slp\n|-curestatus|p2a: Snorlax|slp|[msg]\n|move|p2a: Snorlax|Fissure|p1a: Toxapex|[miss]\n|-miss|p2a: Snorlax|p1a: Toxapex\n|\n|-heal|p2a: Snorlax|93\/100|[from] item: Leftovers\n|upkeep\n|turn|12\n|\n|t:|1700295405\n|move|p1a: Toxapex|Toxic|p2a: Snorlax\n|-status|p2a: Snorlax|tox\n|move|p2a: Snorlax|Fissure|p1a: Toxapex|[miss]\n|-miss|p2a: Snorlax|p1a: Toxapex\n|\n|-heal|p2a: Snorlax|99\/100 tox|[from] item: Leftovers\n|-damage|p2a: Snorlax|93\/100 tox|[from] psn\n|upkeep\n|turn|13\n|\n|t:|1700295417\n|move|p1a: Toxapex|Poison Jab|p2a: Snorlax\n|-crit|p2a: Snorlax\n|-damage|p2a: Snorlax|74\/100 tox\n|move|p2a: Snorlax|Fissure|p1a: Toxapex|[miss]\n|-miss|p2a: Snorlax|p1a: Toxapex\n|\n|-heal|p2a: Snorlax|80\/100 tox|[from] item: Leftovers\n|-damage|p2a: Snorlax|68\/100 tox|[from] psn\n|upkeep\n|turn|14\n|\n|t:|1700295429\n|move|p1a: Toxapex|Infestation|p2a: Snorlax\n|-damage|p2a: Snorlax|66\/100 tox\n|-activate|p2a: Snorlax|move: Infestation|[of] p1a: Toxapex\n|move|p2a: Snorlax|Rest|p2a: Snorlax\n|-status|p2a: Snorlax|slp|[from] move: Rest\n|-heal|p2a: Snorlax|100\/100 slp|[silent]\n|\n|-damage|p2a: Snorlax|88\/100 slp|[from] move: Infestation|[partiallytrapped]\n|upkeep\n|turn|15\n|\n|t:|1700295440\n|move|p1a: Toxapex|Toxic||[still]\n|-fail|p1a: Toxapex\n|cant|p2a: Snorlax|slp\n|move|p2a: Snorlax|Sleep Talk|p2a: Snorlax\n|move|p2a: Snorlax|Rest||[from]move: Sleep Talk|[still]\n|-fail|p2a: Snorlax\n|\n|-heal|p2a: Snorlax|94\/100 slp|[from] item: Leftovers\n|-damage|p2a: Snorlax|82\/100 slp|[from] move: Infestation|[partiallytrapped]\n|upkeep\n|turn|16\n|\n|t:|1700295455\n|switch|p1a: Calyrex|Calyrex-Shadow|100\/100\n|-ability|p1a: Calyrex|As One\n|-ability|p1a: Calyrex|Unnerve\n|cant|p2a: Snorlax|slp\n|move|p2a: Snorlax|Sleep Talk|p2a: Snorlax\n|move|p2a: Snorlax|Fissure|p1a: Calyrex|[from]move: Sleep Talk\n|-damage|p1a: Calyrex|0 fnt\n|faint|p1a: Calyrex\n|-ohko\n|\n|-heal|p2a: Snorlax|88\/100 slp|[from] item: Leftovers\n|-end|p2a: Snorlax|Infestation|[partiallytrapped]|[silent]\n|upkeep\n|\n|t:|1700295472\n|switch|p1a: Ditto|Ditto, shiny|100\/100\n|-transform|p1a: Ditto|p2a: Snorlax|[from] ability: Imposter\n|turn|17\n|\n|t:|1700295480\n|switch|p2a: Mismagius|Mismagius, M|100\/100\n|-damage|p2a: Mismagius|88\/100|[from] Stealth Rock\n|move|p1a: Ditto|Fissure|p2a: Mismagius\n|-immune|p2a: Mismagius|[from] ability: Levitate\n|\n|upkeep\n|turn|18\n|\n|t:|1700295490\n|switch|p1a: Toxapex|Toxapex, M|100\/100\n|move|p2a: Mismagius|Tera Blast|p1a: Toxapex\n|-damage|p1a: Toxapex|80\/100\n|\n|upkeep\n|turn|19\n|\n|t:|1700295498\n|switch|p2a: Snorlax|Snorlax, M|88\/100 slp\n|-damage|p2a: Snorlax|76\/100 slp|[from] Stealth Rock\n|-damage|p2a: Snorlax|63\/100 slp|[from] Spikes\n|move|p1a: Toxapex|Toxic||[still]\n|-fail|p1a: Toxapex\n|\n|-heal|p2a: Snorlax|69\/100 slp|[from] item: Leftovers\n|upkeep\n|turn|20\n|\n|t:|1700295510\n|move|p1a: Toxapex|Infestation|p2a: Snorlax\n|-damage|p2a: Snorlax|68\/100 slp\n|-activate|p2a: Snorlax|move: Infestation|[of] p1a: Toxapex\n|-curestatus|p2a: Snorlax|slp|[msg]\n|move|p2a: Snorlax|Fissure|p1a: Toxapex|[miss]\n|-miss|p2a: Snorlax|p1a: Toxapex\n|\n|-heal|p2a: Snorlax|74\/100|[from] item: Leftovers\n|-damage|p2a: Snorlax|61\/100|[from] move: Infestation|[partiallytrapped]\n|upkeep\n|turn|21\n|\n|t:|1700295522\n|move|p1a: Toxapex|Toxic|p2a: Snorlax\n|-status|p2a: Snorlax|tox\n|move|p2a: Snorlax|Fissure|p1a: Toxapex|[miss]\n|-miss|p2a: Snorlax|p1a: Toxapex\n|\n|-heal|p2a: Snorlax|67\/100 tox|[from] item: Leftovers\n|-damage|p2a: Snorlax|61\/100 tox|[from] psn\n|-damage|p2a: Snorlax|49\/100 tox|[from] move: Infestation|[partiallytrapped]\n|upkeep\n|turn|22\n|\n|t:|1700295533\n|move|p1a: Toxapex|Poison Jab|p2a: Snorlax\n|-crit|p2a: Snorlax\n|-damage|p2a: Snorlax|30\/100 tox\n|move|p2a: Snorlax|Rest|p2a: Snorlax\n|-status|p2a: Snorlax|slp|[from] move: Rest\n|-heal|p2a: Snorlax|100\/100 slp|[silent]\n|\n|-damage|p2a: Snorlax|88\/100 slp|[from] move: Infestation|[partiallytrapped]\n|upkeep\n|turn|23\n|\n|t:|1700295544\n|switch|p1a: Eternatus|Eternatus|77\/100\n|-ability|p1a: Eternatus|Pressure\n|cant|p2a: Snorlax|slp\n|move|p2a: Snorlax|Sleep Talk|p2a: Snorlax\n|move|p2a: Snorlax|Fissure|p1a: Eternatus|[from]move: Sleep Talk\n|-damage|p1a: Eternatus|0 fnt\n|faint|p1a: Eternatus\n|-ohko\n|\n|-heal|p2a: Snorlax|94\/100 slp|[from] item: Leftovers\n|-end|p2a: Snorlax|Infestation|[partiallytrapped]|[silent]\n|upkeep\n|\n|t:|1700295560\n|switch|p1a: Ditto|Ditto, shiny|100\/100\n|-transform|p1a: Ditto|p2a: Snorlax|[from] ability: Imposter\n|turn|24\n|\n|t:|1700295568\n|switch|p2a: Mismagius|Mismagius, M|88\/100\n|-damage|p2a: Mismagius|76\/100|[from] Stealth Rock\n|move|p1a: Ditto|Fissure|p2a: Mismagius\n|-immune|p2a: Mismagius|[from] ability: Levitate\n|\n|upkeep\n|turn|25\n|\n|t:|1700295579\n|switch|p1a: Toxapex|Toxapex, M|100\/100\n|move|p2a: Mismagius|Perish Song|p2a: Mismagius\n|-start|p1a: Toxapex|perish3|[silent]\n|-start|p2a: Mismagius|perish3|[silent]\n|-fieldactivate|move: Perish Song\n|\n|-start|p2a: Mismagius|perish3\n|-start|p1a: Toxapex|perish3\n|upkeep\n|turn|26\n|\n|t:|1700295590\n|switch|p2a: Snorlax|Snorlax, M|94\/100 slp\n|-damage|p2a: Snorlax|82\/100 slp|[from] Stealth Rock\n|-damage|p2a: Snorlax|69\/100 slp|[from] Spikes\n|move|p1a: Toxapex|Toxic||[still]\n|-fail|p1a: Toxapex\n|\n|-heal|p2a: Snorlax|76\/100 slp|[from] item: Leftovers\n|-start|p1a: Toxapex|perish2\n|upkeep\n|turn|27\n|\n|t:|1700295602\n|move|p1a: Toxapex|Poison Jab|p2a: Snorlax\n|-damage|p2a: Snorlax|63\/100 slp\n|cant|p2a: Snorlax|slp\n|move|p2a: Snorlax|Sleep Talk|p2a: Snorlax\n|move|p2a: Snorlax|Body Slam|p1a: Toxapex|[from]move: Sleep Talk\n|-crit|p1a: Toxapex\n|-damage|p1a: Toxapex|71\/100\n|-damage|p2a: Snorlax|46\/100 slp|[from] item: Rocky Helmet|[of] p1a: Toxapex\n|\n|-heal|p2a: Snorlax|53\/100 slp|[from] item: Leftovers\n|-start|p1a: Toxapex|perish1\n|upkeep\n|turn|28\n|\n|t:|1700295621\n|switch|p1a: Ditto|Ditto, shiny|100\/100\n|-transform|p1a: Ditto|p2a: Snorlax|[from] ability: Imposter\n|-curestatus|p2a: Snorlax|slp|[msg]\n|move|p2a: Snorlax|Rest|p2a: Snorlax\n|-status|p2a: Snorlax|slp|[from] move: Rest\n|-heal|p2a: Snorlax|100\/100 slp|[silent]\n|\n|upkeep\n|turn|29\n|\n|t:|1700295637\n|switch|p1a: Toxapex|Toxapex, M|100\/100\n|switch|p2a: Mismagius|Mismagius, M|76\/100\n|-damage|p2a: Mismagius|64\/100|[from] Stealth Rock\n|\n|upkeep\n|turn|30\n|\n|t:|1700295648\n|move|p2a: Mismagius|Shadow Ball|p1a: Toxapex\n|-damage|p1a: Toxapex|71\/100\n|move|p1a: Toxapex|Toxic|p2a: Mismagius\n|-status|p2a: Mismagius|tox\n|\n|-damage|p2a: Mismagius|58\/100 tox|[from] psn\n|upkeep\n|turn|31\n|\n|t:|1700295658\n|switch|p2a: Haxorus|Haxorus, F|100\/100\n|-ability|p2a: Haxorus|Mold Breaker\n|move|p1a: Toxapex|Infestation|p2a: Haxorus\n|-damage|p2a: Haxorus|97\/100\n|-activate|p2a: Haxorus|move: Infestation|[of] p1a: Toxapex\n|\n|-damage|p2a: Haxorus|85\/100|[from] move: Infestation|[partiallytrapped]\n|upkeep\n|turn|32\n|\n|t:|1700295667\n|move|p2a: Haxorus|Guillotine|p1a: Toxapex|[miss]\n|-miss|p2a: Haxorus|p1a: Toxapex\n|move|p1a: Toxapex|Toxic|p2a: Haxorus\n|-status|p2a: Haxorus|tox\n|\n|-damage|p2a: Haxorus|79\/100 tox|[from] psn\n|-damage|p2a: Haxorus|66\/100 tox|[from] move: Infestation|[partiallytrapped]\n|upkeep\n|turn|33\n|\n|t:|1700295679\n|move|p2a: Haxorus|Guillotine|p1a: Toxapex|[miss]\n|-miss|p2a: Haxorus|p1a: Toxapex\n|move|p1a: Toxapex|Recover|p1a: Toxapex\n|-heal|p1a: Toxapex|100\/100\n|\n|-damage|p2a: Haxorus|54\/100 tox|[from] psn\n|-damage|p2a: Haxorus|42\/100 tox|[from] move: Infestation|[partiallytrapped]\n|upkeep\n|turn|34\n|\n|t:|1700295689\n|switch|p1a: Ditto|Ditto, shiny|100\/100\n|-transform|p1a: Ditto|p2a: Haxorus|[from] ability: Imposter\n|-ability|p1a: Ditto|Mold Breaker\n|move|p2a: Haxorus|Rest|p2a: Haxorus\n|-status|p2a: Haxorus|slp|[from] move: Rest\n|-heal|p2a: Haxorus|100\/100 slp|[silent]\n|\n|-end|p2a: Haxorus|Infestation|[partiallytrapped]|[silent]\n|upkeep\n|turn|35\n|\n|t:|1700295701\n|cant|p2a: Haxorus|slp\n|move|p2a: Haxorus|Sleep Talk|p2a: Haxorus\n|move|p2a: Haxorus|Dragon Tail|p1a: Ditto|[from]move: Sleep Talk\n|-supereffective|p1a: Ditto\n|-damage|p1a: Ditto|36\/100\n|drag|p1a: Toxapex|Toxapex, M|100\/100\n|\n|upkeep\n|turn|36\n|\n|t:|1700295712\n|cant|p2a: Haxorus|slp\n|move|p2a: Haxorus|Sleep Talk|p2a: Haxorus\n|move|p2a: Haxorus|Guillotine|p1a: Toxapex|[from]move: Sleep Talk|[miss]\n|-miss|p2a: Haxorus|p1a: Toxapex\n|move|p1a: Toxapex|Infestation|p2a: Haxorus\n|-damage|p2a: Haxorus|97\/100 slp\n|-activate|p2a: Haxorus|move: Infestation|[of] p1a: Toxapex\n|\n|-damage|p2a: Haxorus|84\/100 slp|[from] move: Infestation|[partiallytrapped]\n|upkeep\n|turn|37\n|\n|t:|1700295729\n|-curestatus|p2a: Haxorus|slp|[msg]\n|move|p2a: Haxorus|Guillotine|p1a: Toxapex\n|-damage|p1a: Toxapex|0 fnt\n|-damage|p2a: Haxorus|68\/100|[from] item: Rocky Helmet|[of] p1a: Toxapex\n|faint|p1a: Toxapex\n|-ohko\n|\n|-end|p2a: Haxorus|Infestation|[partiallytrapped]|[silent]\n|upkeep\n|\n|t:|1700295738\n|switch|p1a: Ditto|Ditto, shiny|36\/100\n|-transform|p1a: Ditto|p2a: Haxorus|[from] ability: Imposter\n|-ability|p1a: Ditto|Mold Breaker\n|turn|38\n|\n|t:|1700295745\n|-terastallize|p1a: Ditto|Fairy\n|move|p1a: Ditto|Dragon Tail|p2a: Haxorus\n|-supereffective|p2a: Haxorus\n|-damage|p2a: Haxorus|14\/100\n|drag|p2a: Snorlax|Snorlax, M|100\/100 slp\n|-damage|p2a: Snorlax|88\/100 slp|[from] Stealth Rock\n|-damage|p2a: Snorlax|76\/100 slp|[from] Spikes\n|\n|-heal|p2a: Snorlax|82\/100 slp|[from] item: Leftovers\n|upkeep\n|turn|39\n|\n|t:|1700295757\n|cant|p2a: Snorlax|slp\n|move|p2a: Snorlax|Sleep Talk|p2a: Snorlax\n|move|p2a: Snorlax|Fissure|p1a: Ditto|[from]move: Sleep Talk|[miss]\n|-miss|p2a: Snorlax|p1a: Ditto\n|move|p1a: Ditto|Dragon Tail|p2a: Snorlax\n|-damage|p2a: Snorlax|62\/100 slp\n|drag|p2a: Arceus|Arceus, tera:Ghost|64\/100 tox\n|-damage|p2a: Arceus|52\/100 tox|[from] Stealth Rock\n|-damage|p2a: Arceus|40\/100 tox|[from] Spikes\n|\n|-damage|p2a: Arceus|34\/100 tox|[from] psn\n|upkeep\n|turn|40\n|\n|t:|1700295773\n|move|p2a: Arceus|Judgment|p1a: Ditto\n|-damage|p1a: Ditto|0 fnt\n|faint|p1a: Ditto\n|\n|win|Emily Bodoo\n|raw|qinis's rating: 1326 &rarr; <strong>1307<\/strong><br \/>(-19 for losing)\n|raw|Emily Bodoo's rating: 1351 &rarr; <strong>1370<\/strong><br \/>(+19 for winning)\n","uploadtime":1700295786,"views":6,"p1id":"qinis","p2id":"emilybodoo","formatid":"gen9anythinggoes","rating":1307,"private":0,"password":""}