{"id":"gen9anythinggoes-1997750733","p1":"Skudfling Judford","p2":"stevuie","format":"[Gen 9] Anything Goes","log":"|j|\u2606Skudfling Judford\n|j|\u2606stevuie\n|t:|1700848737\n|gametype|singles\n|player|p1|Skudfling Judford|whitney|1050\n|player|p2|stevuie|veteran-gen4|1053\n|teamsize|p1|6\n|teamsize|p2|6\n|gen|9\n|tier|[Gen 9] Anything Goes\n|rated|\n|rule|HP Percentage Mod: HP is shown in percentages\n|rule|Endless Battle Clause: Forcing endless battles is banned\n|clearpoke\n|poke|p1|Snorlax, F|\n|poke|p1|Snorlax, F|\n|poke|p1|Snorlax, M|\n|poke|p1|Snorlax, M|\n|poke|p1|Snorlax, F|\n|poke|p1|Snorlax, F|\n|poke|p2|Zacian-*|\n|poke|p2|Zamazenta-*|\n|poke|p2|Darkrai|\n|poke|p2|Eternatus|\n|poke|p2|Giratina|\n|poke|p2|Giratina-Origin|\n|teampreview\n|\n|t:|1700848743\n|start\n|switch|p1a: Snorlax|Snorlax, F|100\/100\n|switch|p2a: Eternatus|Eternatus, shiny|100\/100\n|-ability|p2a: Eternatus|Pressure\n|-item|p2a: Eternatus|Air Balloon\n|turn|1\n|\n|t:|1700848754\n|-terastallize|p2a: Eternatus|Poison\n|move|p2a: Eternatus|Poison Jab|p1a: Snorlax\n|-damage|p1a: Snorlax|69\/100\n|move|p1a: Snorlax|Double-Edge|p2a: Eternatus\n|-damage|p2a: Eternatus|21\/100\n|-enditem|p2a: Eternatus|Air Balloon\n|-damage|p1a: Snorlax|48\/100|[from] Recoil\n|\n|upkeep\n|turn|2\n|inactive|Battle timer is ON: inactive players will automatically lose when time's up. (requested by Skudfling Judford)\n|\n|t:|1700848764\n|move|p2a: Eternatus|Dragon Pulse|p1a: Snorlax\n|-crit|p1a: Snorlax\n|-damage|p1a: Snorlax|13\/100\n|move|p1a: Snorlax|Double-Edge|p2a: Eternatus\n|-damage|p2a: Eternatus|0 fnt\n|faint|p2a: Eternatus\n|-damage|p1a: Snorlax|7\/100|[from] Recoil\n|\n|upkeep\n|\n|t:|1700848774\n|switch|p2a: Darkrai|Darkrai|100\/100\n|turn|3\n|\n|t:|1700848778\n|move|p2a: Darkrai|Dark Void|p1a: Snorlax|[miss]\n|-miss|p2a: Darkrai|p1a: Snorlax\n|move|p1a: Snorlax|Double-Edge|p2a: Darkrai\n|-damage|p2a: Darkrai|0 fnt\n|faint|p2a: Darkrai\n|-damage|p1a: Snorlax|0 fnt|[from] Recoil\n|faint|p1a: Snorlax\n|\n|upkeep\n|\n|t:|1700848789\n|switch|p2a: Giratina|Giratina-Origin, shiny|100\/100\n|switch|p1a: Snorlax|Snorlax, M|100\/100\n|turn|4\n|\n|t:|1700848800\n|switch|p1a: Snorlax|Snorlax, F|100\/100\n|move|p2a: Giratina|Hex|p1a: Snorlax\n|-immune|p1a: Snorlax\n|\n|upkeep\n|turn|5\n|\n|t:|1700848806\n|move|p2a: Giratina|Shadow Ball|p1a: Snorlax\n|-immune|p1a: Snorlax\n|move|p1a: Snorlax|Crunch|p2a: Giratina\n|-supereffective|p2a: Giratina\n|-damage|p2a: Giratina|55\/100\n|\n|upkeep\n|turn|6\n|\n|t:|1700848813\n|move|p2a: Giratina|Draco Meteor|p1a: Snorlax\n|-damage|p1a: Snorlax|77\/100\n|-unboost|p2a: Giratina|spa|2\n|move|p1a: Snorlax|Crunch|p2a: Giratina\n|-supereffective|p2a: Giratina\n|-damage|p2a: Giratina|14\/100\n|\n|upkeep\n|turn|7\n|\n|t:|1700848826\n|move|p2a: Giratina|Ancient Power|p1a: Snorlax\n|-damage|p1a: Snorlax|74\/100\n|-boost|p2a: Giratina|atk|1\n|-boost|p2a: Giratina|def|1\n|-boost|p2a: Giratina|spa|1\n|-boost|p2a: Giratina|spd|1\n|-boost|p2a: Giratina|spe|1\n|move|p1a: Snorlax|Crunch|p2a: Giratina\n|-supereffective|p2a: Giratina\n|-damage|p2a: Giratina|0 fnt\n|faint|p2a: Giratina\n|\n|upkeep\n|\n|t:|1700848838\n|switch|p2a: Giratina|Giratina, shiny|100\/100\n|-ability|p2a: Giratina|Pressure\n|turn|8\n|\n|t:|1700848847\n|move|p2a: Giratina|Draco Meteor|p1a: Snorlax\n|-damage|p1a: Snorlax|53\/100\n|-unboost|p2a: Giratina|spa|2\n|move|p1a: Snorlax|Crunch|p2a: Giratina\n|-supereffective|p2a: Giratina\n|-damage|p2a: Giratina|67\/100\n|-unboost|p2a: Giratina|def|1\n|\n|upkeep\n|turn|9\n|\n|t:|1700848857\n|move|p2a: Giratina|Draco Meteor|p1a: Snorlax\n|-damage|p1a: Snorlax|42\/100\n|-unboost|p2a: Giratina|spa|2\n|move|p1a: Snorlax|Crunch|p2a: Giratina\n|-supereffective|p2a: Giratina\n|-damage|p2a: Giratina|16\/100\n|\n|upkeep\n|turn|10\n|\n|t:|1700848865\n|move|p2a: Giratina|Draco Meteor|p1a: Snorlax\n|-damage|p1a: Snorlax|35\/100\n|-unboost|p2a: Giratina|spa|2\n|move|p1a: Snorlax|Crunch|p2a: Giratina\n|-supereffective|p2a: Giratina\n|-damage|p2a: Giratina|0 fnt\n|faint|p2a: Giratina\n|\n|upkeep\n|\n|t:|1700848875\n|switch|p2a: Zamazenta|Zamazenta-Crowned, shiny|100\/100\n|-ability|p2a: Zamazenta|Dauntless Shield|boost\n|-boost|p2a: Zamazenta|def|1\n|turn|11\n|\n|t:|1700848881\n|move|p2a: Zamazenta|Behemoth Bash|p1a: Snorlax\n|-damage|p1a: Snorlax|1\/100\n|move|p1a: Snorlax|Earthquake|p2a: Zamazenta\n|-supereffective|p2a: Zamazenta\n|-damage|p2a: Zamazenta|64\/100\n|\n|upkeep\n|turn|12\n|\n|t:|1700848889\n|move|p2a: Zamazenta|Protect|p2a: Zamazenta\n|-singleturn|p2a: Zamazenta|Protect\n|move|p1a: Snorlax|Fire Punch|p2a: Zamazenta\n|-activate|p2a: Zamazenta|move: Protect\n|\n|upkeep\n|turn|13\n|\n|t:|1700848896\n|move|p2a: Zamazenta|Focus Blast|p1a: Snorlax\n|-supereffective|p1a: Snorlax\n|-damage|p1a: Snorlax|0 fnt\n|faint|p1a: Snorlax\n|\n|upkeep\n|\n|t:|1700848917\n|switch|p1a: Snorlax|Snorlax, F|100\/100\n|turn|14\n|\n|t:|1700848920\n|move|p2a: Zamazenta|Focus Blast|p1a: Snorlax|[miss]\n|-miss|p2a: Zamazenta|p1a: Snorlax\n|move|p1a: Snorlax|Curse|p1a: Snorlax\n|-unboost|p1a: Snorlax|spe|1\n|-boost|p1a: Snorlax|atk|1\n|-boost|p1a: Snorlax|def|1\n|\n|upkeep\n|turn|15\n|\n|t:|1700848928\n|move|p2a: Zamazenta|Focus Blast|p1a: Snorlax\n|-supereffective|p1a: Snorlax\n|-damage|p1a: Snorlax|67\/100\n|move|p1a: Snorlax|Curse|p1a: Snorlax\n|-unboost|p1a: Snorlax|spe|1\n|-boost|p1a: Snorlax|atk|1\n|-boost|p1a: Snorlax|def|1\n|\n|-heal|p1a: Snorlax|73\/100|[from] item: Leftovers\n|upkeep\n|turn|16\n|\n|t:|1700848939\n|move|p2a: Zamazenta|Protect|p2a: Zamazenta\n|-singleturn|p2a: Zamazenta|Protect\n|move|p1a: Snorlax|Curse|p1a: Snorlax\n|-unboost|p1a: Snorlax|spe|1\n|-boost|p1a: Snorlax|atk|1\n|-boost|p1a: Snorlax|def|1\n|\n|-heal|p1a: Snorlax|80\/100|[from] item: Leftovers\n|upkeep\n|turn|17\n|\n|t:|1700848949\n|move|p2a: Zamazenta|Protect|p2a: Zamazenta\n|-singleturn|p2a: Zamazenta|Protect\n|move|p1a: Snorlax|Earthquake|p2a: Zamazenta\n|-activate|p2a: Zamazenta|move: Protect\n|\n|-heal|p1a: Snorlax|86\/100|[from] item: Leftovers\n|upkeep\n|turn|18\n|\n|t:|1700848957\n|move|p2a: Zamazenta|Agility|p2a: Zamazenta\n|-boost|p2a: Zamazenta|spe|2\n|move|p1a: Snorlax|Earthquake|p2a: Zamazenta\n|-supereffective|p2a: Zamazenta\n|-damage|p2a: Zamazenta|0 fnt\n|faint|p2a: Zamazenta\n|\n|-heal|p1a: Snorlax|92\/100|[from] item: Leftovers\n|upkeep\n|\n|t:|1700848967\n|switch|p2a: Zacian|Zacian-Crowned, shiny|100\/100\n|-ability|p2a: Zacian|Intrepid Sword|boost\n|-boost|p2a: Zacian|atk|1\n|turn|19\n|\n|t:|1700848973\n|move|p2a: Zacian|Iron Defense|p2a: Zacian\n|-boost|p2a: Zacian|def|2\n|move|p1a: Snorlax|Earthquake|p2a: Zacian\n|-supereffective|p2a: Zacian\n|-damage|p2a: Zacian|32\/100\n|\n|-heal|p1a: Snorlax|98\/100|[from] item: Leftovers\n|upkeep\n|turn|20\n|\n|t:|1700848982\n|move|p2a: Zacian|Iron Defense|p2a: Zacian\n|-boost|p2a: Zacian|def|2\n|move|p1a: Snorlax|Earthquake|p2a: Zacian\n|-supereffective|p2a: Zacian\n|-damage|p2a: Zacian|0 fnt\n|faint|p2a: Zacian\n|\n|win|Skudfling Judford\n|raw|Skudfling Judford's rating: 1050 &rarr; <strong>1083<\/strong><br \/>(+33 for winning)\n|raw|stevuie's rating: 1053 &rarr; <strong>1035<\/strong><br \/>(-18 for losing)\n|c|\u2606Skudfling Judford|Snorlax\n|l|\u2606stevuie\n","uploadtime":1700848998,"views":2,"p1id":"skudflingjudford","p2id":"stevuie","formatid":"gen9anythinggoes","rating":1035,"private":0,"password":""}