{"id":"gen9anythinggoes-1990034417","p1":"uyufyttrdfghji","p2":"Mattattac","format":"[Gen 9] Anything Goes","log":"|j|\u2606uyufyttrdfghji\n|j|\u2606Mattattac\n|t:|1699917516\n|gametype|singles\n|player|p1|uyufyttrdfghji|pokemaniac|\n|player|p2|Mattattac|nate|\n|teamsize|p1|6\n|teamsize|p2|6\n|gen|9\n|tier|[Gen 9] Anything Goes\n|rule|HP Percentage Mod: HP is shown in percentages\n|rule|Endless Battle Clause: Forcing endless battles is banned\n|clearpoke\n|poke|p1|Annihilape, M|\n|poke|p1|Annihilape, F|\n|poke|p1|Annihilape, F|\n|poke|p1|Annihilape, F|\n|poke|p1|Kyogre|\n|poke|p1|Basculegion-F, F|\n|poke|p2|Urshifu-*, M|\n|poke|p2|Volcarona, M|\n|poke|p2|Ceruledge, M|\n|poke|p2|Cinderace, M|\n|poke|p2|Spidops, M|\n|poke|p2|Rillaboom, M|\n|teampreview\n|c|\u2606uyufyttrdfghji|yo\n|c|\u2606Mattattac|are you tryna last respects thing\n|c|\u2606uyufyttrdfghji|noo\n|c|\u2606uyufyttrdfghji|mabye\n|\n|t:|1699917539\n|start\n|switch|p1a: Annihilape|Annihilape, F, shiny|100\/100\n|switch|p2a: Spidops|Spidops, M, shiny|100\/100\n|turn|1\n|c|\u2606uyufyttrdfghji|ok yes\n|c|\u2606Mattattac|I mean it was hella obvious\n|\n|t:|1699917552\n|move|p1a: Annihilape|Final Gambit|p2a: Spidops\n|-damage|p2a: Spidops|0 fnt\n|faint|p1a: Annihilape\n|faint|p2a: Spidops\n|\n|upkeep\n|c|\u2606Mattattac|yep\n|c|\u2606Mattattac|knew it\n|c|\u2606uyufyttrdfghji|yeah\n|\n|t:|1699917579\n|switch|p1a: Annihilape|Annihilape, M, shiny|100\/100\n|switch|p2a: Ceruledge|Ceruledge, M, shiny|100\/100\n|turn|2\n|\n|t:|1699917586\n|move|p2a: Ceruledge|Swords Dance|p2a: Ceruledge\n|-boost|p2a: Ceruledge|atk|2\n|move|p1a: Annihilape|Final Gambit|p2a: Ceruledge\n|-immune|p2a: Ceruledge\n|\n|upkeep\n|turn|3\n|\n|t:|1699917593\n|move|p2a: Ceruledge|Swords Dance|p2a: Ceruledge\n|-boost|p2a: Ceruledge|atk|2\n|move|p1a: Annihilape|Final Gambit|p2a: Ceruledge\n|-immune|p2a: Ceruledge\n|\n|upkeep\n|turn|4\n|c|\u2606uyufyttrdfghji|kill me now\n|\n|t:|1699917602\n|move|p2a: Ceruledge|Swords Dance|p2a: Ceruledge\n|-boost|p2a: Ceruledge|atk|2\n|move|p1a: Annihilape|Final Gambit|p2a: Ceruledge\n|-immune|p2a: Ceruledge\n|\n|upkeep\n|turn|5\n|\n|t:|1699917609\n|move|p2a: Ceruledge|Shadow Sneak|p1a: Annihilape\n|-supereffective|p1a: Annihilape\n|-damage|p1a: Annihilape|0 fnt\n|faint|p1a: Annihilape\n|\n|upkeep\n|\n|t:|1699917614\n|switch|p1a: Annihilape|Annihilape, F, shiny|100\/100\n|turn|6\n|c|\u2606Mattattac|yeah\n|c|\u2606Mattattac|al\n|c|\u2606Mattattac|alr*\n|\n|t:|1699917621\n|move|p2a: Ceruledge|Shadow Sneak|p1a: Annihilape\n|-supereffective|p1a: Annihilape\n|-damage|p1a: Annihilape|0 fnt\n|faint|p1a: Annihilape\n|\n|upkeep\n|\n|t:|1699917626\n|switch|p1a: Annihilape|Annihilape, F, shiny|100\/100\n|turn|7\n|\n|t:|1699917628\n|move|p2a: Ceruledge|Shadow Sneak|p1a: Annihilape\n|-supereffective|p1a: Annihilape\n|-enditem|p1a: Annihilape|Focus Sash\n|-damage|p1a: Annihilape|1\/100\n|move|p1a: Annihilape|Final Gambit|p2a: Ceruledge\n|-immune|p2a: Ceruledge\n|\n|upkeep\n|turn|8\n|\n|t:|1699917635\n|move|p2a: Ceruledge|Shadow Sneak|p1a: Annihilape\n|-supereffective|p1a: Annihilape\n|-crit|p1a: Annihilape\n|-damage|p1a: Annihilape|0 fnt\n|faint|p1a: Annihilape\n|\n|upkeep\n|\n|t:|1699917639\n|switch|p1a: Kyogre|Kyogre, shiny|100\/100\n|-weather|RainDance|[from] ability: Drizzle|[of] p1a: Kyogre\n|turn|9\n|\n|t:|1699917646\n|move|p2a: Ceruledge|Shadow Sneak|p1a: Kyogre\n|-damage|p1a: Kyogre|14\/100\n|move|p1a: Kyogre|Water Spout|p2a: Ceruledge\n|-supereffective|p2a: Ceruledge\n|-damage|p2a: Ceruledge|54\/100\n|\n|-weather|RainDance|[upkeep]\n|-heal|p1a: Kyogre|20\/100|[from] item: Leftovers\n|-heal|p2a: Ceruledge|61\/100|[from] item: Leftovers\n|upkeep\n|turn|10\n|c|\u2606uyufyttrdfghji|how\n|\n|t:|1699917656\n|move|p2a: Ceruledge|Shadow Sneak|p1a: Kyogre\n|-damage|p1a: Kyogre|0 fnt\n|faint|p1a: Kyogre\n|\n|-weather|RainDance|[upkeep]\n|-heal|p2a: Ceruledge|67\/100|[from] item: Leftovers\n|upkeep\n|c|\u2606Mattattac|yes\n|\n|t:|1699917663\n|switch|p1a: Bass|Basculegion-F, F, shiny|100\/100\n|turn|11\n|c|\u2606Mattattac|it's based on health\n|c|\u2606Mattattac|and you barely had any\n|\n|t:|1699917668\n|move|p2a: Ceruledge|Shadow Sneak|p1a: Bass\n|-supereffective|p1a: Bass\n|-damage|p1a: Bass|0 fnt\n|faint|p1a: Bass\n|\n|win|Mattattac\n|c|\u2606uyufyttrdfghji|gg\n|l|\u2606uyufyttrdfghji\n","uploadtime":1699917671,"views":10,"p1id":"uyufyttrdfghji","p2id":"mattattac","formatid":"gen9anythinggoes","rating":0,"private":0,"password":""}