{"id":"gen9anythinggoes-1977609639","p1":"LocalEspinas","p2":"GUZMA ANDY","format":"[Gen 9] Anything Goes","log":"|j|\u2606LocalEspinas\n|j|\u2606GUZMA ANDY\n|t:|1698431579\n|gametype|singles\n|player|p1|LocalEspinas|iris-gen5bw2|1246\n|player|p2|GUZMA ANDY|hilbert-wonderlauncher|1162\n|teamsize|p1|6\n|teamsize|p2|6\n|gen|9\n|tier|[Gen 9] Anything Goes\n|rated|\n|rule|HP Percentage Mod: HP is shown in percentages\n|rule|Endless Battle Clause: Forcing endless battles is banned\n|clearpoke\n|poke|p1|Corviknight, M|\n|poke|p1|Oricorio, F|\n|poke|p1|Glimmora, M|\n|poke|p1|Iron Bundle|\n|poke|p1|Manaphy|\n|poke|p1|Orthworm, M|\n|poke|p2|Grimmsnarl, M|\n|poke|p2|Toxapex, F|\n|poke|p2|Garchomp, F|\n|poke|p2|Flutter Mane|\n|poke|p2|Dragapult, F|\n|poke|p2|Eternatus|\n|teampreview\n|\n|t:|1698431588\n|start\n|switch|p1a: Orthworm|Orthworm, M|100\/100\n|switch|p2a: Garchomp|Garchomp, F|100\/100\n|turn|1\n|\n|t:|1698431600\n|move|p2a: Garchomp|Swords Dance|p2a: Garchomp\n|-boost|p2a: Garchomp|atk|2\n|move|p1a: Orthworm|Iron Defense|p1a: Orthworm\n|-boost|p1a: Orthworm|def|2\n|\n|upkeep\n|turn|2\n|\n|t:|1698431607\n|move|p2a: Garchomp|Swords Dance|p2a: Garchomp\n|-boost|p2a: Garchomp|atk|2\n|move|p1a: Orthworm|Iron Defense|p1a: Orthworm\n|-boost|p1a: Orthworm|def|2\n|\n|upkeep\n|turn|3\n|\n|t:|1698431616\n|move|p2a: Garchomp|Swords Dance|p2a: Garchomp\n|-boost|p2a: Garchomp|atk|2\n|move|p1a: Orthworm|Iron Defense|p1a: Orthworm\n|-boost|p1a: Orthworm|def|2\n|\n|upkeep\n|turn|4\n|\n|t:|1698431627\n|-terastallize|p2a: Garchomp|Dragon\n|move|p2a: Garchomp|Dragon Rush|p1a: Orthworm|[miss]\n|-miss|p2a: Garchomp|p1a: Orthworm\n|move|p1a: Orthworm|Body Press|p2a: Garchomp\n|-damage|p2a: Garchomp|13\/100\n|-damage|p1a: Orthworm|88\/100|[from] ability: Rough Skin|[of] p2a: Garchomp\n|-damage|p1a: Orthworm|72\/100|[from] item: Rocky Helmet|[of] p2a: Garchomp\n|\n|upkeep\n|turn|5\n|\n|t:|1698431638\n|move|p2a: Garchomp|Dragon Rush|p1a: Orthworm|[miss]\n|-miss|p2a: Garchomp|p1a: Orthworm\n|move|p1a: Orthworm|Body Press|p2a: Garchomp\n|-damage|p2a: Garchomp|0 fnt\n|-damage|p1a: Orthworm|59\/100|[from] ability: Rough Skin|[of] p2a: Garchomp\n|-damage|p1a: Orthworm|43\/100|[from] item: Rocky Helmet|[of] p2a: Garchomp\n|-enditem|p1a: Orthworm|Sitrus Berry|[eat]\n|-heal|p1a: Orthworm|68\/100|[from] item: Sitrus Berry\n|faint|p2a: Garchomp\n|\n|upkeep\n|\n|t:|1698431652\n|switch|p2a: Eternatus|Eternatus|100\/100\n|-ability|p2a: Eternatus|Pressure\n|turn|6\n|\n|t:|1698431659\n|move|p2a: Eternatus|Fire Blast|p1a: Orthworm\n|-supereffective|p1a: Orthworm\n|-crit|p1a: Orthworm\n|-damage|p1a: Orthworm|0 fnt\n|faint|p1a: Orthworm\n|-damage|p2a: Eternatus|91\/100|[from] item: Life Orb\n|\n|upkeep\n|\n|t:|1698431666\n|switch|p1a: Manaphy|Manaphy, shiny|100\/100\n|turn|7\n|\n|t:|1698431675\n|-terastallize|p1a: Manaphy|Fire\n|move|p2a: Eternatus|Dynamax Cannon|p1a: Manaphy\n|-damage|p1a: Manaphy|56\/100\n|-damage|p2a: Eternatus|81\/100|[from] item: Life Orb\n|move|p1a: Manaphy|Take Heart|p1a: Manaphy\n|-boost|p1a: Manaphy|spa|1\n|-boost|p1a: Manaphy|spd|1\n|\n|-heal|p1a: Manaphy|62\/100|[from] item: Leftovers\n|upkeep\n|turn|8\n|\n|t:|1698431689\n|move|p2a: Eternatus|Sludge Bomb|p1a: Manaphy\n|-damage|p1a: Manaphy|36\/100\n|-damage|p2a: Eternatus|71\/100|[from] item: Life Orb\n|move|p1a: Manaphy|Take Heart|p1a: Manaphy\n|-boost|p1a: Manaphy|spa|1\n|-boost|p1a: Manaphy|spd|1\n|\n|-heal|p1a: Manaphy|43\/100|[from] item: Leftovers\n|upkeep\n|turn|9\n|\n|t:|1698431702\n|move|p2a: Eternatus|Sludge Bomb|p1a: Manaphy\n|-damage|p1a: Manaphy|22\/100\n|-damage|p2a: Eternatus|61\/100|[from] item: Life Orb\n|move|p1a: Manaphy|Baton Pass|p1a: Manaphy\n|\n|t:|1698431708\n|switch|p1a: Oricorio|Oricorio, F|100\/100|[from] Baton Pass\n|\n|upkeep\n|turn|10\n|\n|t:|1698431721\n|switch|p2a: Toxapex|Toxapex, F|100\/100\n|move|p1a: Oricorio|Quiver Dance|p1a: Oricorio\n|-boost|p1a: Oricorio|spa|1\n|-boost|p1a: Oricorio|spd|1\n|-boost|p1a: Oricorio|spe|1\n|\n|upkeep\n|turn|11\n|\n|t:|1698431733\n|move|p1a: Oricorio|Revelation Dance|p2a: Toxapex\n|-resisted|p2a: Toxapex\n|-damage|p2a: Toxapex|70\/100\n|move|p2a: Toxapex|Pounce|p1a: Oricorio\n|-resisted|p1a: Oricorio\n|-damage|p1a: Oricorio|98\/100\n|-unboost|p1a: Oricorio|spe|1\n|\n|-heal|p1a: Oricorio|100\/100|[from] item: Leftovers\n|-heal|p2a: Toxapex|76\/100|[from] item: Leftovers\n|upkeep\n|turn|12\n|\n|t:|1698431746\n|move|p1a: Oricorio|Quiver Dance|p1a: Oricorio\n|-boost|p1a: Oricorio|spa|1\n|-boost|p1a: Oricorio|spd|1\n|-boost|p1a: Oricorio|spe|1\n|move|p2a: Toxapex|Pounce|p1a: Oricorio\n|-resisted|p1a: Oricorio\n|-damage|p1a: Oricorio|98\/100\n|-unboost|p1a: Oricorio|spe|1\n|\n|-heal|p1a: Oricorio|100\/100|[from] item: Leftovers\n|-heal|p2a: Toxapex|82\/100|[from] item: Leftovers\n|upkeep\n|turn|13\n|\n|t:|1698431761\n|switch|p2a: Grimmsnarl|Grimmsnarl, M|100\/100\n|move|p1a: Oricorio|Quiver Dance|p1a: Oricorio\n|-boost|p1a: Oricorio|spa|1\n|-boost|p1a: Oricorio|spd|1\n|-boost|p1a: Oricorio|spe|1\n|\n|upkeep\n|turn|14\n|\n|t:|1698431770\n|move|p2a: Grimmsnarl|Light Screen|p2a: Grimmsnarl\n|-sidestart|p2: GUZMA ANDY|move: Light Screen\n|move|p1a: Oricorio|Swords Dance|p1a: Oricorio\n|-boost|p1a: Oricorio|atk|2\n|\n|upkeep\n|turn|15\n|\n|t:|1698431777\n|switch|p2a: Flutter Mane|Flutter Mane|100\/100\n|move|p1a: Oricorio|Quiver Dance|p1a: Oricorio\n|-boost|p1a: Oricorio|spa|1\n|-boost|p1a: Oricorio|spd|1\n|-boost|p1a: Oricorio|spe|1\n|\n|upkeep\n|turn|16\n|\n|t:|1698431787\n|move|p1a: Oricorio|Swords Dance|p1a: Oricorio\n|-boost|p1a: Oricorio|atk|2\n|move|p2a: Flutter Mane|Thunderbolt|p1a: Oricorio\n|-supereffective|p1a: Oricorio\n|-damage|p1a: Oricorio|66\/100\n|\n|-heal|p1a: Oricorio|72\/100|[from] item: Leftovers\n|upkeep\n|turn|17\n|\n|t:|1698431799\n|move|p1a: Oricorio|Quiver Dance|p1a: Oricorio\n|-boost|p1a: Oricorio|spa|0\n|-boost|p1a: Oricorio|spd|0\n|-boost|p1a: Oricorio|spe|1\n|move|p2a: Flutter Mane|Thunderbolt|p1a: Oricorio\n|-supereffective|p1a: Oricorio\n|-damage|p1a: Oricorio|43\/100\n|\n|-heal|p1a: Oricorio|50\/100|[from] item: Leftovers\n|upkeep\n|turn|18\n|\n|t:|1698431809\n|move|p1a: Oricorio|Swords Dance|p1a: Oricorio\n|-boost|p1a: Oricorio|atk|2\n|move|p2a: Flutter Mane|Thunderbolt|p1a: Oricorio\n|-supereffective|p1a: Oricorio\n|-damage|p1a: Oricorio|20\/100\n|-status|p1a: Oricorio|par\n|\n|-heal|p1a: Oricorio|26\/100 par|[from] item: Leftovers\n|upkeep\n|turn|19\n|\n|t:|1698431820\n|move|p1a: Oricorio|Baton Pass|p1a: Oricorio\n|\n|t:|1698431822\n|switch|p1a: UNLIMITED POWER|Corviknight, M, shiny|100\/100|[from] Baton Pass\n|move|p2a: Flutter Mane|Thunderbolt|p1a: UNLIMITED POWER\n|-supereffective|p1a: UNLIMITED POWER\n|-damage|p1a: UNLIMITED POWER|75\/100\n|\n|-heal|p1a: UNLIMITED POWER|81\/100|[from] item: Leftovers\n|upkeep\n|turn|20\n|\n|t:|1698431840\n|-end|p2a: Flutter Mane|Protosynthesis|[silent]\n|switch|p2a: Toxapex|Toxapex, F|100\/100\n|move|p1a: UNLIMITED POWER|Iron Defense|p1a: UNLIMITED POWER\n|-boost|p1a: UNLIMITED POWER|def|2\n|\n|-heal|p1a: UNLIMITED POWER|87\/100|[from] item: Leftovers\n|upkeep\n|turn|21\n|\n|t:|1698431860\n|move|p1a: UNLIMITED POWER|Power Trip|p2a: Toxapex\n|-damage|p2a: Toxapex|0 fnt\n|faint|p2a: Toxapex\n|\n|-heal|p1a: UNLIMITED POWER|93\/100|[from] item: Leftovers\n|-sideend|p2: GUZMA ANDY|move: Light Screen\n|upkeep\n|\n|t:|1698431868\n|switch|p2a: Grimmsnarl|Grimmsnarl, M|100\/100\n|turn|22\n|\n|t:|1698431875\n|move|p2a: Grimmsnarl|Reflect|p2a: Grimmsnarl\n|-sidestart|p2: GUZMA ANDY|Reflect\n|move|p1a: UNLIMITED POWER|Iron Defense|p1a: UNLIMITED POWER\n|-boost|p1a: UNLIMITED POWER|def|2\n|\n|-heal|p1a: UNLIMITED POWER|99\/100|[from] item: Leftovers\n|upkeep\n|turn|23\n|\n|t:|1698431890\n|move|p1a: UNLIMITED POWER|Iron Defense|p1a: UNLIMITED POWER\n|-boost|p1a: UNLIMITED POWER|def|2\n|move|p2a: Grimmsnarl|Spirit Break|p1a: UNLIMITED POWER\n|-resisted|p1a: UNLIMITED POWER\n|-damage|p1a: UNLIMITED POWER|97\/100\n|-ability|p1a: UNLIMITED POWER|Mirror Armor\n|-unboost|p2a: Grimmsnarl|spa|1\n|\n|-heal|p1a: UNLIMITED POWER|100\/100|[from] item: Leftovers\n|upkeep\n|turn|24\n|\n|t:|1698431902\n|move|p1a: UNLIMITED POWER|Hone Claws|p1a: UNLIMITED POWER\n|-boost|p1a: UNLIMITED POWER|atk|0\n|-boost|p1a: UNLIMITED POWER|accuracy|1\n|move|p2a: Grimmsnarl|False Surrender|p1a: UNLIMITED POWER\n|-damage|p1a: UNLIMITED POWER|95\/100\n|\n|-heal|p1a: UNLIMITED POWER|100\/100|[from] item: Leftovers\n|upkeep\n|turn|25\n|\n|t:|1698431911\n|move|p2a: Grimmsnarl|Light Screen|p2a: Grimmsnarl\n|-sidestart|p2: GUZMA ANDY|move: Light Screen\n|move|p1a: UNLIMITED POWER|Hone Claws|p1a: UNLIMITED POWER\n|-boost|p1a: UNLIMITED POWER|atk|0\n|-boost|p1a: UNLIMITED POWER|accuracy|1\n|\n|upkeep\n|turn|26\n|\n|t:|1698431924\n|switch|p2a: Eternatus|Eternatus|61\/100\n|-ability|p2a: Eternatus|Pressure\n|move|p1a: UNLIMITED POWER|Hone Claws|p1a: UNLIMITED POWER\n|-boost|p1a: UNLIMITED POWER|atk|0\n|-boost|p1a: UNLIMITED POWER|accuracy|1\n|\n|upkeep\n|turn|27\n|\n|t:|1698431940\n|move|p1a: UNLIMITED POWER|Power Trip|p2a: Eternatus\n|-damage|p2a: Eternatus|0 fnt\n|faint|p2a: Eternatus\n|\n|upkeep\n|\n|t:|1698431949\n|switch|p2a: Dragapult|Dragapult, F|100\/100\n|turn|28\n|\n|t:|1698431956\n|move|p2a: Dragapult|Outrage|p1a: UNLIMITED POWER\n|-resisted|p1a: UNLIMITED POWER\n|-damage|p1a: UNLIMITED POWER|95\/100\n|-damage|p2a: Dragapult|91\/100|[from] item: Life Orb\n|move|p1a: UNLIMITED POWER|Power Trip|p2a: Dragapult\n|-supereffective|p2a: Dragapult\n|-damage|p2a: Dragapult|0 fnt\n|faint|p2a: Dragapult\n|\n|-heal|p1a: UNLIMITED POWER|100\/100|[from] item: Leftovers\n|upkeep\n|\n|t:|1698431968\n|switch|p2a: Flutter Mane|Flutter Mane|100\/100\n|turn|29\n|\n|t:|1698431979\n|move|p1a: UNLIMITED POWER|Power Trip|p2a: Flutter Mane\n|-damage|p2a: Flutter Mane|0 fnt\n|faint|p2a: Flutter Mane\n|-end|p2a: Flutter Mane|Protosynthesis|[silent]\n|\n|-sideend|p2: GUZMA ANDY|Reflect\n|upkeep\n|\n|t:|1698431986\n|switch|p2a: Grimmsnarl|Grimmsnarl, M|100\/100\n|turn|30\n|\n|t:|1698431994\n|move|p1a: UNLIMITED POWER|Power Trip|p2a: Grimmsnarl\n|-resisted|p2a: Grimmsnarl\n|-damage|p2a: Grimmsnarl|0 fnt\n|faint|p2a: Grimmsnarl\n|\n|win|LocalEspinas\n|raw|LocalEspinas's rating: 1246 &rarr; <strong>1265<\/strong><br \/>(+19 for winning)\n|raw|GUZMA ANDY's rating: 1162 &rarr; <strong>1143<\/strong><br \/>(-19 for losing)\n|l|\u2606GUZMA ANDY\n|l|\u2606LocalEspinas\n|j|\u2606LocalEspinas\n|player|p1|LocalEspinas|iris-gen5bw2\n","uploadtime":1698432173,"views":13,"p1id":"localespinas","p2id":"guzmaandy","formatid":"gen9anythinggoes","rating":1143,"private":0,"password":""}