{"id":"gen9anythinggoes-1976414908","p1":"Dumbfudge","p2":"danteisdaante","format":"[Gen 9] Anything Goes","log":"|j|\u2606Dumbfudge\n|j|\u2606danteisdaante\n|t:|1698299308\n|gametype|singles\n|player|p1|Dumbfudge|blackbelt-gen4dp|1321\n|player|p2|danteisdaante|cheren-gen5bw2|1139\n|teamsize|p1|6\n|teamsize|p2|6\n|gen|9\n|tier|[Gen 9] Anything Goes\n|rated|\n|rule|HP Percentage Mod: HP is shown in percentages\n|rule|Endless Battle Clause: Forcing endless battles is banned\n|clearpoke\n|poke|p1|Grimmsnarl, M|\n|poke|p1|Dudunsparce-*, F|\n|poke|p1|Zacian-*|\n|poke|p1|Calyrex-Shadow|\n|poke|p1|Drifblim, F|\n|poke|p1|Darkrai|\n|poke|p2|Miraidon|\n|poke|p2|Zacian-*|\n|poke|p2|Urshifu-*, M|\n|poke|p2|Calyrex-Shadow|\n|poke|p2|Volcarona, F|\n|poke|p2|Amoonguss, F|\n|teampreview\n|inactive|Battle timer is ON: inactive players will automatically lose when time's up. (requested by Dumbfudge)\n|\n|t:|1698299332\n|start\n|switch|p1a: Zacian|Zacian-Crowned|100\/100\n|switch|p2a: Volcarona|Volcarona, F|100\/100\n|-ability|p1a: Zacian|Intrepid Sword|boost\n|-boost|p1a: Zacian|atk|1\n|turn|1\n|\n|t:|1698299347\n|-terastallize|p1a: Zacian|Steel\n|move|p1a: Zacian|Behemoth Blade|p2a: Volcarona\n|-resisted|p2a: Volcarona\n|-crit|p2a: Volcarona\n|-damage|p2a: Volcarona|0 fnt\n|faint|p2a: Volcarona\n|\n|upkeep\n|\n|t:|1698299359\n|switch|p2a: Urshifu|Urshifu, M|100\/100\n|turn|2\n|\n|t:|1698299372\n|move|p1a: Zacian|Behemoth Blade|p2a: Urshifu\n|-damage|p2a: Urshifu|0 fnt\n|faint|p2a: Urshifu\n|\n|upkeep\n|\n|t:|1698299382\n|switch|p2a: Miraidon|Miraidon|100\/100\n|-fieldstart|move: Electric Terrain|[from] ability: Hadron Engine|[of] p2a: Miraidon\n|turn|3\n|\n|t:|1698299391\n|-terastallize|p2a: Miraidon|Electric\n|move|p1a: Zacian|Behemoth Blade|p2a: Miraidon\n|-resisted|p2a: Miraidon\n|-damage|p2a: Miraidon|44\/100\n|move|p2a: Miraidon|Electro Drift|p1a: Zacian\n|-damage|p1a: Zacian|0 fnt\n|faint|p1a: Zacian\n|\n|upkeep\n|\n|t:|1698299403\n|switch|p1a: Grimmsnarl|Grimmsnarl, M|100\/100\n|turn|4\n|\n|t:|1698299416\n|move|p1a: Grimmsnarl|Reflect|p1a: Grimmsnarl\n|-sidestart|p1: Dumbfudge|Reflect\n|move|p2a: Miraidon|Flash Cannon|p1a: Grimmsnarl\n|-supereffective|p1a: Grimmsnarl\n|-damage|p1a: Grimmsnarl|5\/100\n|\n|upkeep\n|turn|5\n|\n|t:|1698299440\n|move|p1a: Grimmsnarl|Light Screen|p1a: Grimmsnarl\n|-sidestart|p1: Dumbfudge|move: Light Screen\n|move|p2a: Miraidon|Electro Drift|p1a: Grimmsnarl\n|-damage|p1a: Grimmsnarl|0 fnt\n|faint|p1a: Grimmsnarl\n|\n|upkeep\n|\n|t:|1698299448\n|switch|p1a: Dudunsparce|Dudunsparce, F|100\/100\n|turn|6\n|\n|t:|1698299456\n|move|p2a: Miraidon|Electro Drift|p1a: Dudunsparce\n|-damage|p1a: Dudunsparce|52\/100\n|-damage|p2a: Miraidon|27\/100|[from] item: Rocky Helmet|[of] p1a: Dudunsparce\n|move|p1a: Dudunsparce|Roost|p1a: Dudunsparce\n|-heal|p1a: Dudunsparce|100\/100\n|-singleturn|p1a: Dudunsparce|move: Roost\n|\n|upkeep\n|turn|7\n|\n|t:|1698299469\n|switch|p2a: Zacian|Zacian-Crowned|100\/100\n|-ability|p2a: Zacian|Intrepid Sword|boost\n|-boost|p2a: Zacian|atk|1\n|move|p1a: Dudunsparce|Roost||[still]\n|-fail|p1a: Dudunsparce|heal\n|\n|-fieldend|move: Electric Terrain\n|upkeep\n|turn|8\n|\n|t:|1698299481\n|move|p2a: Zacian|Close Combat|p1a: Dudunsparce\n|-supereffective|p1a: Dudunsparce\n|-damage|p1a: Dudunsparce|45\/100\n|-unboost|p2a: Zacian|def|1\n|-unboost|p2a: Zacian|spd|1\n|-damage|p2a: Zacian|84\/100|[from] item: Rocky Helmet|[of] p1a: Dudunsparce\n|move|p1a: Dudunsparce|Roost|p1a: Dudunsparce\n|-heal|p1a: Dudunsparce|95\/100\n|-singleturn|p1a: Dudunsparce|move: Roost\n|\n|upkeep\n|turn|9\n|\n|t:|1698299503\n|move|p2a: Zacian|Close Combat|p1a: Dudunsparce\n|-supereffective|p1a: Dudunsparce\n|-damage|p1a: Dudunsparce|41\/100\n|-unboost|p2a: Zacian|def|1\n|-unboost|p2a: Zacian|spd|1\n|-damage|p2a: Zacian|67\/100|[from] item: Rocky Helmet|[of] p1a: Dudunsparce\n|move|p1a: Dudunsparce|Roost|p1a: Dudunsparce\n|-heal|p1a: Dudunsparce|91\/100\n|-singleturn|p1a: Dudunsparce|move: Roost\n|\n|upkeep\n|turn|10\n|\n|t:|1698299518\n|move|p2a: Zacian|Trailblaze|p1a: Dudunsparce\n|-damage|p1a: Dudunsparce|80\/100\n|-boost|p2a: Zacian|spe|1\n|-damage|p2a: Zacian|51\/100|[from] item: Rocky Helmet|[of] p1a: Dudunsparce\n|move|p1a: Dudunsparce|Roost|p1a: Dudunsparce\n|-heal|p1a: Dudunsparce|100\/100\n|-singleturn|p1a: Dudunsparce|move: Roost\n|\n|upkeep\n|turn|11\n|\n|t:|1698299532\n|move|p2a: Zacian|Behemoth Blade|p1a: Dudunsparce\n|-damage|p1a: Dudunsparce|68\/100\n|-damage|p2a: Zacian|34\/100|[from] item: Rocky Helmet|[of] p1a: Dudunsparce\n|move|p1a: Dudunsparce|Roost|p1a: Dudunsparce\n|-heal|p1a: Dudunsparce|100\/100\n|-singleturn|p1a: Dudunsparce|move: Roost\n|\n|-sideend|p1: Dumbfudge|Reflect\n|upkeep\n|turn|12\n|\n|t:|1698299544\n|move|p2a: Zacian|Close Combat|p1a: Dudunsparce\n|-supereffective|p1a: Dudunsparce\n|-damage|p1a: Dudunsparce|0 fnt\n|-unboost|p2a: Zacian|def|1\n|-unboost|p2a: Zacian|spd|1\n|-damage|p2a: Zacian|17\/100|[from] item: Rocky Helmet|[of] p1a: Dudunsparce\n|faint|p1a: Dudunsparce\n|\n|-sideend|p1: Dumbfudge|move: Light Screen\n|upkeep\n|\n|t:|1698299559\n|switch|p1a: Calyrex|Calyrex-Shadow|100\/100\n|-ability|p1a: Calyrex|As One\n|-ability|p1a: Calyrex|Unnerve\n|turn|13\n|\n|t:|1698299577\n|move|p2a: Zacian|Behemoth Blade|p1a: Calyrex\n|-damage|p1a: Calyrex|3\/100\n|move|p1a: Calyrex|Agility|p1a: Calyrex\n|-boost|p1a: Calyrex|spe|2\n|\n|upkeep\n|turn|14\n|\n|t:|1698299585\n|move|p1a: Calyrex|Astral Barrage|p2a: Zacian\n|-damage|p2a: Zacian|0 fnt\n|faint|p2a: Zacian\n|-ability|p1a: Calyrex|Grim Neigh|boost\n|-boost|p1a: Calyrex|spa|1\n|\n|upkeep\n|\n|t:|1698299594\n|switch|p2a: Calyrex|Calyrex-Shadow|100\/100\n|-ability|p2a: Calyrex|As One\n|-ability|p2a: Calyrex|Unnerve\n|turn|15\n|\n|t:|1698299603\n|move|p1a: Calyrex|Astral Barrage|p2a: Calyrex\n|-supereffective|p2a: Calyrex\n|-damage|p2a: Calyrex|0 fnt\n|faint|p2a: Calyrex\n|-ability|p1a: Calyrex|Grim Neigh|boost\n|-boost|p1a: Calyrex|spa|1\n|\n|upkeep\n|\n|t:|1698299611\n|switch|p2a: Amoonguss|Amoonguss, F|100\/100\n|turn|16\n|\n|t:|1698299617\n|move|p1a: Calyrex|Astral Barrage|p2a: Amoonguss\n|-damage|p2a: Amoonguss|0 fnt\n|faint|p2a: Amoonguss\n|-ability|p1a: Calyrex|Grim Neigh|boost\n|-boost|p1a: Calyrex|spa|1\n|\n|upkeep\n|\n|t:|1698299624\n|switch|p2a: Miraidon|Miraidon, tera:Electric|27\/100\n|-fieldstart|move: Electric Terrain|[from] ability: Hadron Engine|[of] p2a: Miraidon\n|turn|17\n|\n|t:|1698299630\n|move|p1a: Calyrex|Astral Barrage|p2a: Miraidon\n|-damage|p2a: Miraidon|0 fnt\n|faint|p2a: Miraidon\n|\n|win|Dumbfudge\n|raw|Dumbfudge's rating: 1321 &rarr; <strong>1331<\/strong><br \/>(+10 for winning)\n|raw|danteisdaante's rating: 1139 &rarr; <strong>1126<\/strong><br \/>(-13 for losing)\n|l|\u2606danteisdaante\n|c|\u2606Dumbfudge|Gg\n","uploadtime":1698299646,"views":10,"p1id":"dumbfudge","p2id":"danteisdaante","formatid":"gen9anythinggoes","rating":1126,"private":0,"password":""}