{"id":"gen9anythinggoes-1987023418","p1":"BowlerHatLIVE","p2":"TreBucet","format":"[Gen 9] Anything Goes","log":"|j|\u2606BowlerHatLIVE\n|j|\u2606TreBucet\n|t:|1699549836\n|gametype|singles\n|player|p1|BowlerHatLIVE|gentleman-gen4|1104\n|player|p2|TreBucet|grimsley|1172\n|teamsize|p1|6\n|teamsize|p2|6\n|gen|9\n|tier|[Gen 9] Anything Goes\n|rated|\n|rule|HP Percentage Mod: HP is shown in percentages\n|rule|Endless Battle Clause: Forcing endless battles is banned\n|clearpoke\n|poke|p1|Regieleki|\n|poke|p1|Regieleki|\n|poke|p1|Regieleki|\n|poke|p1|Regieleki|\n|poke|p1|Regieleki|\n|poke|p1|Houndstone, M|\n|poke|p2|Houndstone, M|\n|poke|p2|Tyranitar, F|\n|poke|p2|Glimmora, M|\n|poke|p2|Flutter Mane|\n|poke|p2|Eternatus|\n|poke|p2|Zoroark, M|\n|teampreview\n|inactive|Battle timer is ON: inactive players will automatically lose when time's up. (requested by BowlerHatLIVE)\n|c|\u2606TreBucet|explosion?\n|c|\u2606BowlerHatLIVE|maybe\n|\n|t:|1699549850\n|start\n|switch|p1a: Regieleki|Regieleki, shiny|100\/100\n|switch|p2a: funny rock|Glimmora, M|100\/100\n|turn|1\n|c|\u2606BowlerHatLIVE|maybe not\n|\n|t:|1699549859\n|move|p1a: Regieleki|Thunderbolt|p2a: funny rock\n|-damage|p2a: funny rock|48\/100\n|move|p2a: funny rock|Earth Power|p1a: Regieleki\n|-supereffective|p1a: Regieleki\n|-damage|p1a: Regieleki|4\/100\n|-damage|p2a: funny rock|38\/100|[from] item: Life Orb\n|\n|upkeep\n|turn|2\n|\n|t:|1699549867\n|move|p1a: Regieleki|Explosion|p2a: funny rock\n|-enditem|p1a: Regieleki|Normal Gem|[from] gem\n|-resisted|p2a: funny rock\n|-damage|p2a: funny rock|0 fnt\n|-activate|p2a: funny rock|ability: Toxic Debris\n|-sidestart|p1: BowlerHatLIVE|move: Toxic Spikes\n|faint|p1a: Regieleki\n|faint|p2a: funny rock\n|\n|upkeep\n|c|\u2606BowlerHatLIVE|yeah it is\n|c|\u2606BowlerHatLIVE|lol\n|\n|t:|1699549877\n|switch|p1a: Regieleki|Regieleki, shiny|100\/100\n|switch|p2a: hehe|Flutter Mane|100\/100\n|-status|p1a: Regieleki|psn\n|turn|3\n|\n|t:|1699549884\n|move|p1a: Regieleki|Thunderbolt|p2a: hehe\n|-damage|p2a: hehe|55\/100\n|move|p2a: hehe|Poltergeist|p1a: Regieleki\n|-activate|p1a: Regieleki|move: Poltergeist|Normal Gem\n|-damage|p1a: Regieleki|61\/100 psn\n|\n|-damage|p1a: Regieleki|48\/100 psn|[from] psn\n|upkeep\n|turn|4\n|\n|t:|1699549894\n|move|p1a: Regieleki|Thunderbolt|p2a: hehe\n|-damage|p2a: hehe|11\/100\n|move|p2a: hehe|Hyper Voice|p1a: Regieleki\n|-damage|p1a: Regieleki|2\/100 psn\n|\n|-damage|p1a: Regieleki|0 fnt|[from] psn\n|faint|p1a: Regieleki\n|upkeep\n|\n|t:|1699549902\n|switch|p1a: Regieleki|Regieleki, shiny|100\/100\n|-status|p1a: Regieleki|psn\n|turn|5\n|\n|t:|1699549906\n|move|p1a: Regieleki|Thunderbolt|p2a: hehe\n|-damage|p2a: hehe|0 fnt\n|faint|p2a: hehe\n|-end|p2a: hehe|Protosynthesis|[silent]\n|\n|-damage|p1a: Regieleki|88\/100 psn|[from] psn\n|upkeep\n|\n|t:|1699549912\n|switch|p2a: the hound|Houndstone, M|100\/100\n|turn|6\n|\n|t:|1699549917\n|-terastallize|p1a: Regieleki|Ghost\n|move|p1a: Regieleki|Tera Blast|p2a: the hound|[anim] Tera Blast Ghost\n|-resisted|p2a: the hound\n|-damage|p2a: the hound|64\/100\n|replace|p2a: uh oh|Zoroark, M\n|-end|p2a: uh oh|Illusion\n|move|p2a: uh oh|Focus Blast|p1a: Regieleki\n|-immune|p1a: Regieleki\n|\n|-damage|p1a: Regieleki|76\/100 psn|[from] psn\n|upkeep\n|turn|7\n|\n|t:|1699549934\n|move|p1a: Regieleki|Thunderbolt|p2a: uh oh\n|-damage|p2a: uh oh|0 fnt\n|faint|p2a: uh oh\n|\n|-damage|p1a: Regieleki|64\/100 psn|[from] psn\n|upkeep\n|\n|t:|1699549941\n|switch|p2a: big man|Tyranitar, F|100\/100\n|-weather|Sandstorm|[from] ability: Sand Stream|[of] p2a: big man\n|turn|8\n|\n|t:|1699549947\n|move|p1a: Regieleki|Explosion|p2a: big man\n|-enditem|p1a: Regieleki|Normal Gem|[from] gem\n|-resisted|p2a: big man\n|-damage|p2a: big man|56\/100\n|faint|p1a: Regieleki\n|move|p2a: big man|Earthquake|p1: Regieleki|[notarget]\n|-fail|p2a: big man\n|\n|-weather|Sandstorm|[upkeep]\n|-heal|p2a: big man|62\/100|[from] item: Leftovers\n|upkeep\n|\n|t:|1699549956\n|switch|p1a: Regieleki|Regieleki, shiny|100\/100\n|-status|p1a: Regieleki|psn\n|turn|9\n|\n|t:|1699549963\n|switch|p2a: the hound|Houndstone, M|100\/100\n|move|p1a: Regieleki|Thunderbolt|p2a: the hound\n|-damage|p2a: the hound|42\/100\n|\n|-weather|Sandstorm|[upkeep]\n|-damage|p1a: Regieleki|95\/100 psn|[from] Sandstorm\n|-damage|p1a: Regieleki|82\/100 psn|[from] psn\n|upkeep\n|turn|10\n|\n|t:|1699549972\n|-terastallize|p2a: the hound|Normal\n|move|p2a: the hound|Last Respects|p1a: Regieleki\n|-damage|p1a: Regieleki|0 fnt\n|faint|p1a: Regieleki\n|\n|-weather|Sandstorm|[upkeep]\n|upkeep\n|\n|t:|1699549981\n|switch|p1a: Regieleki|Regieleki, shiny|100\/100\n|-status|p1a: Regieleki|psn\n|turn|11\n|\n|t:|1699549985\n|move|p2a: the hound|Last Respects|p1a: Regieleki\n|-damage|p1a: Regieleki|0 fnt\n|faint|p1a: Regieleki\n|\n|-weather|Sandstorm|[upkeep]\n|upkeep\n|\n|t:|1699549991\n|switch|p1a: Punisher|Houndstone, M|100\/100\n|-status|p1a: Punisher|psn\n|turn|12\n|\n|t:|1699549995\n|move|p2a: the hound|Last Respects|p1a: Punisher\n|-supereffective|p1a: Punisher\n|-damage|p1a: Punisher|0 fnt\n|faint|p1a: Punisher\n|\n|win|TreBucet\n|raw|BowlerHatLIVE's rating: 1104 &rarr; <strong>1084<\/strong><br \/>(-20 for losing)\n|raw|TreBucet's rating: 1172 &rarr; <strong>1192<\/strong><br \/>(+20 for winning)\n|c|\u2606BowlerHatLIVE|gg\n|c|\u2606TreBucet|gg\n|l|\u2606BowlerHatLIVE\n","uploadtime":1699550006,"views":5,"p1id":"bowlerhatlive","p2id":"trebucet","formatid":"gen9anythinggoes","rating":1084,"private":0,"password":""}