{"id":"gen9anythinggoes-1976511059","p1":"BeginnerForReal","p2":"JayoticNL","format":"[Gen 9] Anything Goes","log":"|j|\u2606BeginnerForReal\n|j|\u2606JayoticNL\n|t:|1698315202\n|gametype|singles\n|player|p1|BeginnerForReal|169|1209\n|player|p2|JayoticNL|emmet|1135\n|teamsize|p1|6\n|teamsize|p2|6\n|gen|9\n|tier|[Gen 9] Anything Goes\n|rated|\n|rule|HP Percentage Mod: HP is shown in percentages\n|rule|Endless Battle Clause: Forcing endless battles is banned\n|clearpoke\n|poke|p1|Maushold-Four|\n|poke|p1|Maushold-Four|\n|poke|p1|Houndstone, F|\n|poke|p1|Arbok, F|\n|poke|p1|Golduck, F|\n|poke|p1|Donphan, F|\n|poke|p2|Ditto|\n|poke|p2|Ditto|\n|poke|p2|Ditto|\n|poke|p2|Ditto|\n|poke|p2|Ditto|\n|poke|p2|Ditto|\n|teampreview\n|\n|t:|1698315207\n|start\n|switch|p1a: Donphan|Donphan, F|100\/100\n|switch|p2a: Ditto|Ditto|100\/100\n|-transform|p2a: Ditto|p1a: Donphan|[from] ability: Imposter\n|turn|1\n|c|\u2606BeginnerForReal|Oh god. I hate this\n|c|\u2606JayoticNL|Ditto :)\n|\n|t:|1698315220\n|move|p2a: Ditto|Stealth Rock|p1a: Donphan\n|-sidestart|p1: BeginnerForReal|move: Stealth Rock\n|move|p1a: Donphan|Knock Off|p2a: Ditto\n|-damage|p2a: Ditto|77\/100\n|-enditem|p2a: Ditto|Choice Scarf|[from] move: Knock Off|[of] p1a: Donphan\n|\n|upkeep\n|turn|2\n|\n|t:|1698315227\n|move|p2a: Ditto|Ancient Power|p1a: Donphan\n|-resisted|p1a: Donphan\n|-damage|p1a: Donphan|96\/100\n|move|p1a: Donphan|Rapid Spin|p2a: Ditto\n|-damage|p2a: Ditto|65\/100\n|-boost|p1a: Donphan|spe|1\n|-sideend|p1: BeginnerForReal|Stealth Rock|[from] move: Rapid Spin|[of] p1a: Donphan\n|\n|upkeep\n|turn|3\n|\n|t:|1698315235\n|move|p1a: Donphan|Rapid Spin|p2a: Ditto\n|-damage|p2a: Ditto|50\/100\n|-boost|p1a: Donphan|spe|1\n|move|p2a: Ditto|Stealth Rock|p1a: Donphan\n|-sidestart|p1: BeginnerForReal|move: Stealth Rock\n|\n|upkeep\n|turn|4\n|c|\u2606BeginnerForReal|No use for stealth rocks\n|c|\u2606BeginnerForReal|Rapid spin takes it away\n|\n|t:|1698315254\n|move|p1a: Donphan|Rapid Spin|p2a: Ditto\n|-damage|p2a: Ditto|36\/100\n|-boost|p1a: Donphan|spe|1\n|-sideend|p1: BeginnerForReal|Stealth Rock|[from] move: Rapid Spin|[of] p1a: Donphan\n|move|p2a: Ditto|Knock Off|p1a: Donphan\n|-damage|p1a: Donphan|73\/100\n|-enditem|p1a: Donphan|Focus Sash|[from] move: Knock Off|[of] p2a: Ditto\n|\n|upkeep\n|turn|5\n|c|\u2606BeginnerForReal|And I boost speed\n|c|\u2606JayoticNL|have you tried not rapid spinning\n|c|\u2606JayoticNL|i heard it helps\n|\n|t:|1698315279\n|move|p1a: Donphan|Rapid Spin|p2a: Ditto\n|-damage|p2a: Ditto|23\/100\n|-boost|p1a: Donphan|spe|1\n|move|p2a: Ditto|Knock Off|p1a: Donphan\n|-damage|p1a: Donphan|58\/100\n|\n|upkeep\n|turn|6\n|c|\u2606BeginnerForReal|If you're using ditto, you need know how to use your opponent's moves\n|\n|t:|1698315290\n|move|p1a: Donphan|Rapid Spin|p2a: Ditto\n|-damage|p2a: Ditto|9\/100\n|-boost|p1a: Donphan|spe|1\n|move|p2a: Ditto|Knock Off|p1a: Donphan\n|-damage|p1a: Donphan|41\/100\n|\n|upkeep\n|turn|7\n|c|\u2606JayoticNL|maybe you dont know how to use your own moves :\/\n|\n|t:|1698315304\n|move|p1a: Donphan|Rapid Spin|p2a: Ditto\n|-damage|p2a: Ditto|0 fnt\n|-boost|p1a: Donphan|spe|1\n|faint|p2a: Ditto\n|\n|upkeep\n|\n|t:|1698315306\n|switch|p2a: Ditto|Ditto|100\/100\n|-transform|p2a: Ditto|p1a: Donphan|[from] ability: Imposter\n|turn|8\n|c|\u2606BeginnerForReal|I use donphan for stealth rocks only. Lmao\n|\n|t:|1698315322\n|move|p2a: Ditto|Knock Off|p1a: Donphan\n|-damage|p1a: Donphan|26\/100\n|move|p1a: Donphan|Knock Off|p2a: Ditto\n|-damage|p2a: Ditto|75\/100\n|-enditem|p2a: Ditto|Choice Scarf|[from] move: Knock Off|[of] p1a: Donphan\n|\n|upkeep\n|turn|9\n|\n|t:|1698315330\n|switch|p1a: Golduck|Golduck, F|100\/100\n|move|p2a: Ditto|Knock Off|p1a: Golduck\n|-damage|p1a: Golduck|62\/100\n|-enditem|p1a: Golduck|Focus Sash|[from] move: Knock Off|[of] p2a: Ditto\n|\n|upkeep\n|turn|10\n|\n|t:|1698315338\n|move|p2a: Ditto|Stealth Rock|p1a: Golduck\n|-sidestart|p1: BeginnerForReal|move: Stealth Rock\n|move|p1a: Golduck|Haze|p1a: Golduck\n|-clearallboost\n|\n|upkeep\n|turn|11\n|\n|t:|1698315345\n|switch|p1a: Donphan|Donphan, F|26\/100\n|-damage|p1a: Donphan|20\/100|[from] Stealth Rock\n|switch|p2a: Ditto|Ditto|100\/100\n|-transform|p2a: Ditto|p1a: Donphan|[from] ability: Imposter\n|\n|upkeep\n|turn|12\n|\n|t:|1698315359\n|switch|p2a: Ditto|Ditto|75\/100\n|-transform|p2a: Ditto|p1a: Donphan|[from] ability: Imposter\n|move|p1a: Donphan|Stealth Rock|p2a: Ditto\n|-sidestart|p2: JayoticNL|move: Stealth Rock\n|\n|upkeep\n|turn|13\n|\n|t:|1698315367\n|move|p2a: Ditto|Rapid Spin|p1a: Donphan\n|-damage|p1a: Donphan|9\/100\n|-boost|p2a: Ditto|spe|1\n|-sideend|p2: JayoticNL|Stealth Rock|[from] move: Rapid Spin|[of] p2a: Ditto\n|move|p1a: Donphan|Knock Off|p2a: Ditto\n|-damage|p2a: Ditto|58\/100\n|\n|upkeep\n|turn|14\n|\n|t:|1698315374\n|move|p2a: Ditto|Knock Off|p1a: Donphan\n|-damage|p1a: Donphan|0 fnt\n|faint|p1a: Donphan\n|\n|upkeep\n|c|\u2606BeginnerForReal|Lmao\n|\n|t:|1698315383\n|switch|p1a: Golduck|Golduck, F|62\/100\n|-damage|p1a: Golduck|50\/100|[from] Stealth Rock\n|turn|15\n|\n|t:|1698315392\n|move|p2a: Ditto|Knock Off|p1a: Golduck\n|-damage|p1a: Golduck|23\/100\n|move|p1a: Golduck|Waterfall|p2a: Ditto\n|-supereffective|p2a: Ditto\n|-damage|p2a: Ditto|14\/100\n|\n|upkeep\n|turn|16\n|\n|t:|1698315400\n|switch|p2a: Ditto|Ditto|100\/100\n|-transform|p2a: Ditto|p1a: Golduck|[from] ability: Imposter\n|move|p1a: Golduck|Waterfall|p2a: Ditto\n|-resisted|p2a: Ditto\n|-damage|p2a: Ditto|83\/100\n|\n|upkeep\n|turn|17\n|\n|t:|1698315412\n|move|p2a: Ditto|Waterfall|p1a: Golduck\n|-resisted|p1a: Golduck\n|-damage|p1a: Golduck|8\/100\n|move|p1a: Golduck|Disable|p2a: Ditto\n|-start|p2a: Ditto|Disable|Waterfall\n|\n|upkeep\n|turn|18\n|\n|t:|1698315419\n|switch|p2a: Ditto|Ditto|14\/100\n|-transform|p2a: Ditto|p1a: Golduck|[from] ability: Imposter\n|move|p1a: Golduck|Ice Beam|p2a: Ditto\n|-resisted|p2a: Ditto\n|-damage|p2a: Ditto|0 fnt\n|faint|p2a: Ditto\n|\n|upkeep\n|\n|t:|1698315425\n|switch|p2a: Ditto|Ditto|83\/100\n|-transform|p2a: Ditto|p1a: Golduck|[from] ability: Imposter\n|turn|19\n|\n|t:|1698315434\n|move|p2a: Ditto|Waterfall|p1a: Golduck\n|-resisted|p1a: Golduck\n|-crit|p1a: Golduck\n|-damage|p1a: Golduck|0 fnt\n|faint|p1a: Golduck\n|\n|upkeep\n|\n|t:|1698315442\n|switch|p1a: Maushold|Maushold-Four|100\/100\n|-damage|p1a: Maushold|88\/100|[from] Stealth Rock\n|turn|20\n|\n|t:|1698315448\n|move|p2a: Ditto|Waterfall|p1a: Maushold\n|-damage|p1a: Maushold|50\/100\n|move|p1a: Maushold|Tidy Up|p1a: Maushold\n|-sideend|p1: BeginnerForReal|Stealth Rock\n|-activate|p1a: Maushold|move: Tidy Up\n|-boost|p1a: Maushold|atk|1\n|-boost|p1a: Maushold|spe|1\n|\n|upkeep\n|turn|21\n|\n|t:|1698315455\n|move|p1a: Maushold|Population Bomb|p2a: Ditto\n|-damage|p2a: Ditto|62\/100\n|-damage|p2a: Ditto|39\/100\n|-damage|p2a: Ditto|16\/100\n|-damage|p2a: Ditto|0 fnt\n|faint|p2a: Ditto\n|-hitcount|p2: Ditto|4\n|\n|upkeep\n|\n|t:|1698315459\n|switch|p2a: Ditto|Ditto|100\/100\n|-transform|p2a: Ditto|p1a: Maushold|[from] ability: Imposter\n|turn|22\n|\n|t:|1698315468\n|-terastallize|p2a: Ditto|Normal\n|move|p2a: Ditto|Population Bomb|p1a: Maushold|[miss]\n|-miss|p2a: Ditto|p1a: Maushold\n|move|p1a: Maushold|Population Bomb|p2a: Ditto\n|-damage|p2a: Ditto|74\/100\n|-damage|p2a: Ditto|51\/100\n|-damage|p2a: Ditto|25\/100\n|-damage|p2a: Ditto|0 fnt\n|faint|p2a: Ditto\n|-hitcount|p2: Ditto|4\n|\n|upkeep\n|c|\u2606BeginnerForReal|Lmao\n|c|\u2606JayoticNL|:(\n|\n|t:|1698315480\n|switch|p2a: Ditto|Ditto|100\/100\n|-transform|p2a: Ditto|p1a: Maushold|[from] ability: Imposter\n|turn|23\n|\n|t:|1698315486\n|move|p2a: Ditto|Population Bomb|p1a: Maushold\n|-damage|p1a: Maushold|26\/100\n|-damage|p1a: Maushold|0 fnt\n|faint|p1a: Maushold\n|-hitcount|p1: Maushold|2\n|\n|upkeep\n|\n|t:|1698315493\n|switch|p1a: Arbok|Arbok, F|100\/100\n|-ability|p1a: Arbok|Intimidate|boost\n|-unboost|p2a: Ditto|atk|1\n|turn|24\n|\n|t:|1698315500\n|switch|p2a: Ditto|Ditto|100\/100\n|-transform|p2a: Ditto|p1a: Arbok|[from] ability: Imposter\n|-ability|p2a: Ditto|Intimidate|boost\n|-unboost|p1a: Arbok|atk|1\n|move|p1a: Arbok|Haze|p1a: Arbok\n|-clearallboost\n|\n|upkeep\n|turn|25\n|\n|t:|1698315512\n|move|p2a: Ditto|Crunch|p1a: Arbok\n|-damage|p1a: Arbok|71\/100\n|-unboost|p1a: Arbok|def|1\n|move|p1a: Arbok|Glare|p2a: Ditto\n|-status|p2a: Ditto|par\n|\n|upkeep\n|turn|26\n|\n|t:|1698315520\n|move|p1a: Arbok|Haze|p1a: Arbok\n|-clearallboost\n|move|p2a: Ditto|Crunch|p1a: Arbok\n|-damage|p1a: Arbok|41\/100\n|\n|upkeep\n|turn|27\n|\n|t:|1698315526\n|move|p1a: Arbok|Sucker Punch|p2a: Ditto\n|-damage|p2a: Ditto|75\/100 par\n|move|p2a: Ditto|Crunch|p1a: Arbok\n|-damage|p1a: Arbok|7\/100\n|-unboost|p1a: Arbok|def|1\n|\n|upkeep\n|turn|28\n|\n|t:|1698315534\n|move|p1a: Arbok|Sucker Punch|p2a: Ditto\n|-damage|p2a: Ditto|50\/100 par\n|move|p2a: Ditto|Crunch|p1a: Arbok\n|-damage|p1a: Arbok|0 fnt\n|faint|p1a: Arbok\n|\n|upkeep\n|\n|t:|1698315541\n|switch|p1a: Houndstone|Houndstone, F|100\/100\n|turn|29\n|\n|t:|1698315547\n|-terastallize|p1a: Houndstone|Ghost\n|move|p1a: Houndstone|Last Respects|p2a: Ditto\n|-damage|p2a: Ditto|0 fnt\n|faint|p2a: Ditto\n|\n|upkeep\n|\n|t:|1698315551\n|switch|p2a: Ditto|Ditto|100\/100\n|-transform|p2a: Ditto|p1a: Houndstone|[from] ability: Imposter\n|turn|30\n|c|\u2606BeginnerForReal|Figure you'll transform into ghost\n|c|\u2606JayoticNL|well this is an issue\n|c|\u2606BeginnerForReal|So I'll just use a normal\n|\n|t:|1698315585\n|switch|p1a: Maushold|Maushold-Four|100\/100\n|move|p2a: Ditto|Play Rough|p1a: Maushold\n|-damage|p1a: Maushold|67\/100\n|\n|upkeep\n|turn|31\n|\n|t:|1698315593\n|move|p2a: Ditto|Play Rough|p1a: Maushold\n|-damage|p1a: Maushold|28\/100\n|move|p1a: Maushold|Tidy Up|p1a: Maushold\n|-boost|p1a: Maushold|atk|1\n|-boost|p1a: Maushold|spe|1\n|\n|upkeep\n|turn|32\n|\n|t:|1698315602\n|move|p1a: Maushold|Crunch|p2a: Ditto\n|-supereffective|p2a: Ditto\n|-damage|p2a: Ditto|69\/100\n|move|p2a: Ditto|Play Rough|p1a: Maushold|[miss]\n|-miss|p2a: Ditto|p1a: Maushold\n|\n|upkeep\n|turn|33\n|\n|t:|1698315609\n|move|p1a: Maushold|Crunch|p2a: Ditto\n|-supereffective|p2a: Ditto\n|-damage|p2a: Ditto|36\/100\n|move|p2a: Ditto|Play Rough|p1a: Maushold\n|-damage|p1a: Maushold|0 fnt\n|faint|p1a: Maushold\n|\n|upkeep\n|\n|t:|1698315618\n|switch|p1a: Houndstone|Houndstone, F, tera:Ghost|100\/100\n|turn|34\n|\n|t:|1698315622\n|move|p1a: Houndstone|Last Respects|p2a: Ditto\n|-supereffective|p2a: Ditto\n|-damage|p2a: Ditto|0 fnt\n|faint|p2a: Ditto\n|\n|win|BeginnerForReal\n|raw|BeginnerForReal's rating: 1209 &rarr; <strong>1229<\/strong><br \/>(+20 for winning)\n|raw|JayoticNL's rating: 1135 &rarr; <strong>1115<\/strong><br \/>(-20 for losing)\n|c|\u2606BeginnerForReal|Goodbye\n","uploadtime":1698315630,"views":10,"p1id":"beginnerforreal","p2id":"jayoticnl","formatid":"gen9anythinggoes","rating":1115,"private":0,"password":""}