{"id":"gen9anythinggoes-1976752219","p1":"ubbbber","p2":"Dvcky","format":"[Gen 9] Anything Goes","log":"|j|\u2606ubbbber\n|j|\u2606Dvcky\n|t:|1698338562\n|gametype|singles\n|player|p1|ubbbber|ingo|1138\n|player|p2|Dvcky|hilbert-wonderlauncher|1242\n|teamsize|p1|6\n|teamsize|p2|6\n|gen|9\n|tier|[Gen 9] Anything Goes\n|rated|\n|rule|HP Percentage Mod: HP is shown in percentages\n|rule|Endless Battle Clause: Forcing endless battles is banned\n|clearpoke\n|poke|p1|Garchomp, F|\n|poke|p1|Landorus-Therian, M|\n|poke|p1|Tyranitar, M|\n|poke|p1|Corviknight, M|\n|poke|p1|Arcanine-Hisui, F|\n|poke|p1|Kingambit, F|\n|poke|p2|Primeape, F|\n|poke|p2|Dunsparce, M|\n|poke|p2|Dipplin, F|\n|poke|p2|Qwilfish-Hisui, F|\n|poke|p2|Monferno, F|\n|poke|p2|Scyther, M|\n|teampreview\n|\n|t:|1698338568\n|start\n|switch|p1a: Tyranitar|Tyranitar, M|100\/100\n|switch|p2a: Scyther|Scyther, M|100\/100\n|-weather|Sandstorm|[from] ability: Sand Stream|[of] p1a: Tyranitar\n|turn|1\n|\n|t:|1698338576\n|-terastallize|p2a: Scyther|Ground\n|move|p2a: Scyther|Swords Dance|p2a: Scyther\n|-boost|p2a: Scyther|atk|2\n|move|p1a: Tyranitar|Knock Off|p2a: Scyther\n|-damage|p2a: Scyther|43\/100\n|-enditem|p2a: Scyther|Eviolite|[from] move: Knock Off|[of] p1a: Tyranitar\n|\n|-weather|Sandstorm|[upkeep]\n|upkeep\n|turn|2\n|\n|t:|1698338588\n|move|p2a: Scyther|Trailblaze|p1a: Tyranitar\n|-supereffective|p1a: Tyranitar\n|-damage|p1a: Tyranitar|22\/100\n|-boost|p2a: Scyther|spe|1\n|move|p1a: Tyranitar|Dragon Tail|p2a: Scyther\n|-damage|p2a: Scyther|9\/100\n|drag|p2a: Dunsparce|Dunsparce, M|100\/100\n|\n|-weather|Sandstorm|[upkeep]\n|-damage|p2a: Dunsparce|94\/100|[from] Sandstorm\n|upkeep\n|turn|3\n|\n|t:|1698338599\n|move|p1a: Tyranitar|Knock Off|p2a: Dunsparce\n|-damage|p2a: Dunsparce|54\/100\n|-enditem|p2a: Dunsparce|Eviolite|[from] move: Knock Off|[of] p1a: Tyranitar\n|move|p2a: Dunsparce|Body Slam|p1a: Tyranitar\n|-resisted|p1a: Tyranitar\n|-damage|p1a: Tyranitar|11\/100\n|\n|-weather|Sandstorm|[upkeep]\n|-damage|p2a: Dunsparce|47\/100|[from] Sandstorm\n|upkeep\n|turn|4\n|\n|t:|1698338606\n|move|p2a: Dunsparce|Body Slam|p1a: Tyranitar\n|-resisted|p1a: Tyranitar\n|-damage|p1a: Tyranitar|1\/100\n|-status|p1a: Tyranitar|par\n|move|p1a: Tyranitar|Dragon Tail|p2a: Dunsparce|[miss]\n|-miss|p1a: Tyranitar|p2a: Dunsparce\n|\n|-weather|Sandstorm|[upkeep]\n|-damage|p2a: Dunsparce|41\/100|[from] Sandstorm\n|upkeep\n|turn|5\n|\n|t:|1698338615\n|move|p2a: Dunsparce|Ancient Power|p1a: Tyranitar\n|-damage|p1a: Tyranitar|0 fnt\n|faint|p1a: Tyranitar\n|\n|-weather|Sandstorm|[upkeep]\n|-damage|p2a: Dunsparce|35\/100|[from] Sandstorm\n|upkeep\n|\n|t:|1698338620\n|switch|p1a: Garchomp|Garchomp, F|100\/100\n|turn|6\n|\n|t:|1698338628\n|move|p1a: Garchomp|Swords Dance|p1a: Garchomp\n|-boost|p1a: Garchomp|atk|2\n|move|p2a: Dunsparce|Body Slam|p1a: Garchomp\n|-damage|p1a: Garchomp|73\/100\n|-damage|p2a: Dunsparce|23\/100|[from] ability: Rough Skin|[of] p1a: Garchomp\n|\n|-weather|Sandstorm|[upkeep]\n|-damage|p2a: Dunsparce|17\/100|[from] Sandstorm\n|upkeep\n|turn|7\n|\n|t:|1698338640\n|move|p1a: Garchomp|Poison Jab|p2a: Dunsparce\n|-damage|p2a: Dunsparce|0 fnt\n|faint|p2a: Dunsparce\n|\n|-weather|Sandstorm|[upkeep]\n|upkeep\n|\n|t:|1698338646\n|switch|p2a: Dipplin|Dipplin, F|100\/100\n|-ability|p2a: Dipplin|Supersweet Syrup\n|-ability|p2a: Dipplin|Supersweet Syrup|boost\n|-unboost|p1a: Garchomp|evasion|1\n|turn|8\n|\n|t:|1698338650\n|-terastallize|p1a: Garchomp|Poison\n|move|p1a: Garchomp|Poison Jab|p2a: Dipplin\n|-supereffective|p2a: Dipplin\n|-damage|p2a: Dipplin|0 fnt\n|faint|p2a: Dipplin\n|\n|-weather|none\n|upkeep\n|\n|t:|1698338656\n|switch|p2a: Qwilfish|Qwilfish-Hisui, F|100\/100\n|-ability|p2a: Qwilfish|Intimidate|boost\n|-unboost|p1a: Garchomp|atk|1\n|turn|9\n|\n|t:|1698338661\n|move|p1a: Garchomp|Earthquake|p2a: Qwilfish\n|-supereffective|p2a: Qwilfish\n|-damage|p2a: Qwilfish|0 fnt\n|faint|p2a: Qwilfish\n|\n|upkeep\n|\n|t:|1698338668\n|switch|p2a: Scyther|Scyther, M, tera:Ground|9\/100\n|turn|10\n|\n|t:|1698338672\n|move|p2a: Scyther|Aerial Ace|p1a: Garchomp\n|-damage|p1a: Garchomp|28\/100\n|-damage|p2a: Scyther|0 fnt|[from] ability: Rough Skin|[of] p1a: Garchomp\n|faint|p2a: Scyther\n|move|p1a: Garchomp|Poison Jab|p2: Scyther|[notarget]\n|-fail|p1a: Garchomp\n|\n|upkeep\n|\n|t:|1698338675\n|switch|p2a: Primeape|Primeape, F|100\/100\n|turn|11\n|\n|t:|1698338682\n|move|p1a: Garchomp|Poison Jab|p2a: Primeape\n|-crit|p2a: Primeape\n|-damage|p2a: Primeape|0 fnt\n|faint|p2a: Primeape\n|\n|upkeep\n|\n|t:|1698338685\n|switch|p2a: Monferno|Monferno, F|100\/100\n|turn|12\n|\n|t:|1698338690\n|move|p2a: Monferno|Fake Out|p1a: Garchomp\n|-damage|p1a: Garchomp|19\/100\n|-damage|p2a: Monferno|88\/100|[from] ability: Rough Skin|[of] p1a: Garchomp\n|cant|p1a: Garchomp|flinch\n|\n|upkeep\n|turn|13\n|\n|t:|1698338694\n|move|p1a: Garchomp|Poison Jab|p2a: Monferno\n|-damage|p2a: Monferno|0 fnt\n|faint|p2a: Monferno\n|\n|win|ubbbber\n|raw|ubbbber's rating: 1138 &rarr; <strong>1170<\/strong><br \/>(+32 for winning)\n|raw|Dvcky's rating: 1242 &rarr; <strong>1210<\/strong><br \/>(-32 for losing)\n|l|\u2606Dvcky\n","uploadtime":1698338701,"views":7,"p1id":"ubbbber","p2id":"dvcky","formatid":"gen9anythinggoes","rating":1170,"private":0,"password":""}