{"id":"gen9anythinggoes-1986568183","p1":"LSGodzilla95","p2":"ghgghhghghgghhg","format":"[Gen 9] Anything Goes","log":"|j|\u2606LSGodzilla95\n|j|\u2606ghgghhghghgghhg\n|t:|1699492913\n|gametype|singles\n|player|p1|LSGodzilla95|1|\n|player|p2|ghgghhghghgghhg|170|\n|teamsize|p1|6\n|teamsize|p2|6\n|gen|9\n|tier|[Gen 9] Anything Goes\n|rule|HP Percentage Mod: HP is shown in percentages\n|rule|Endless Battle Clause: Forcing endless battles is banned\n|clearpoke\n|poke|p1|Toxapex, M|\n|poke|p1|Iron Valiant|\n|poke|p1|Baxcalibur, F|\n|poke|p1|Skeledirge, F|\n|poke|p1|Corviknight, F|\n|poke|p1|Cresselia, F|\n|poke|p2|Meowscarada, M|\n|poke|p2|Slowking, F|\n|poke|p2|Slowking-Galar, M|\n|poke|p2|Gengar, M|\n|poke|p2|Weezing-Galar, F|\n|poke|p2|Slowbro-Galar, F|\n|teampreview\n|\n|t:|1699492926\n|start\n|switch|p1a: Baxcalibur|Baxcalibur, F|100\/100\n|switch|p2a: Meowscarada|Meowscarada, M|100\/100\n|turn|1\n|\n|t:|1699492971\n|move|p2a: Meowscarada|Trick|p1a: Baxcalibur\n|-start|p2a: Meowscarada|typechange|Psychic|[from] ability: Protean\n|-activate|p2a: Meowscarada|move: Trick|[of] p1a: Baxcalibur\n|-item|p1a: Baxcalibur|Choice Scarf|[from] move: Trick\n|-item|p2a: Meowscarada|Loaded Dice|[from] move: Trick\n|move|p1a: Baxcalibur|Dragon Dance|p1a: Baxcalibur\n|-boost|p1a: Baxcalibur|atk|1\n|-boost|p1a: Baxcalibur|spe|1\n|\n|upkeep\n|turn|2\n|\n|t:|1699492980\n|move|p1a: Baxcalibur|Dragon Dance|p1a: Baxcalibur\n|-boost|p1a: Baxcalibur|atk|1\n|-boost|p1a: Baxcalibur|spe|1\n|move|p2a: Meowscarada|Flower Trick|p1a: Baxcalibur\n|-resisted|p1a: Baxcalibur\n|-crit|p1a: Baxcalibur\n|-damage|p1a: Baxcalibur|85\/100\n|\n|upkeep\n|turn|3\n|\n|t:|1699492994\n|switch|p1a: Skeledirge|Skeledirge, F|100\/100\n|move|p2a: Meowscarada|Flower Trick|p1a: Skeledirge\n|-resisted|p1a: Skeledirge\n|-crit|p1a: Skeledirge\n|-damage|p1a: Skeledirge|89\/100\n|\n|upkeep\n|turn|4\n|\n|t:|1699493007\n|switch|p2a: Slowbro|Slowbro-Galar, F|100\/100\n|move|p1a: Skeledirge|Will-O-Wisp|p2a: Slowbro|[miss]\n|-miss|p1a: Skeledirge|p2a: Slowbro\n|\n|upkeep\n|turn|5\n|\n|t:|1699493014\n|move|p1a: Skeledirge|Will-O-Wisp|p2a: Slowbro\n|-status|p2a: Slowbro|brn\n|move|p2a: Slowbro|Calm Mind|p2a: Slowbro\n|-boost|p2a: Slowbro|spa|1\n|-boost|p2a: Slowbro|spd|1\n|\n|-damage|p2a: Slowbro|94\/100 brn|[from] brn\n|upkeep\n|turn|6\n|\n|t:|1699493025\n|move|p1a: Skeledirge|Hex|p2a: Slowbro\n|-supereffective|p2a: Slowbro\n|-damage|p2a: Slowbro|0 fnt\n|faint|p2a: Slowbro\n|\n|upkeep\n|\n|t:|1699493036\n|switch|p2a: CSlowking|Slowking, F|100\/100\n|turn|7\n|\n|t:|1699493061\n|move|p1a: Skeledirge|Will-O-Wisp|p2a: CSlowking\n|-status|p2a: CSlowking|brn\n|move|p2a: CSlowking|Trick Room|p2a: CSlowking\n|-fieldstart|move: Trick Room|[of] p2a: CSlowking\n|\n|-damage|p2a: CSlowking|94\/100 brn|[from] brn\n|upkeep\n|turn|8\n|\n|t:|1699493072\n|switch|p2a: Slowking|Slowking-Galar, M|100\/100\n|move|p1a: Skeledirge|Hex|p2a: Slowking\n|-supereffective|p2a: Slowking\n|-damage|p2a: Slowking|81\/100\n|\n|upkeep\n|turn|9\n|\n|t:|1699493083\n|move|p2a: Slowking|Sludge Bomb|p1a: Skeledirge\n|-resisted|p1a: Skeledirge\n|-damage|p1a: Skeledirge|74\/100\n|move|p1a: Skeledirge|Torch Song|p2a: Slowking\n|-damage|p2a: Slowking|67\/100\n|-boost|p1a: Skeledirge|spa|1\n|\n|upkeep\n|turn|10\n|\n|t:|1699493115\n|move|p2a: Slowking|Ice Beam|p1a: Skeledirge\n|-resisted|p1a: Skeledirge\n|-damage|p1a: Skeledirge|64\/100\n|move|p1a: Skeledirge|Torch Song|p2a: Slowking\n|-damage|p2a: Slowking|48\/100\n|-boost|p1a: Skeledirge|spa|1\n|\n|upkeep\n|turn|11\n|\n|t:|1699493123\n|move|p2a: Slowking|Ice Beam|p1a: Skeledirge\n|-resisted|p1a: Skeledirge\n|-damage|p1a: Skeledirge|55\/100\n|move|p1a: Skeledirge|Torch Song|p2a: Slowking\n|-damage|p2a: Slowking|21\/100\n|-boost|p1a: Skeledirge|spa|1\n|\n|-fieldend|move: Trick Room\n|upkeep\n|turn|12\n|\n|t:|1699493140\n|move|p1a: Skeledirge|Torch Song|p2a: Slowking\n|-damage|p2a: Slowking|0 fnt\n|-boost|p1a: Skeledirge|spa|1\n|faint|p2a: Slowking\n|\n|upkeep\n|\n|t:|1699493147\n|switch|p2a: Gengar|Gengar, M|100\/100\n|turn|13\n|\n|t:|1699493155\n|move|p2a: Gengar|Will-O-Wisp|p1a: Skeledirge|[miss]\n|-miss|p2a: Gengar|p1a: Skeledirge\n|move|p1a: Skeledirge|Torch Song|p2a: Gengar\n|-damage|p2a: Gengar|0 fnt\n|-boost|p1a: Skeledirge|spa|1\n|-start|p1a: Skeledirge|Disable|Torch Song|[from] ability: Cursed Body|[of] p2a: Gengar\n|faint|p2a: Gengar\n|\n|upkeep\n|\n|t:|1699493165\n|switch|p2a: CSlowking|Slowking, F|100\/100 brn\n|turn|14\n|\n|t:|1699493170\n|move|p1a: Skeledirge|Hex|p2a: CSlowking\n|-supereffective|p2a: CSlowking\n|-damage|p2a: CSlowking|0 fnt\n|faint|p2a: CSlowking\n|\n|upkeep\n|\n|t:|1699493175\n|switch|p2a: Weezing|Weezing-Galar, F|100\/100\n|-ability|p2a: Weezing|Neutralizing Gas\n|turn|15\n|\n|t:|1699493189\n|move|p1a: Skeledirge|Hex|p2a: Weezing\n|-damage|p2a: Weezing|0 fnt\n|faint|p2a: Weezing\n|-end|p2a: Weezing|ability: Neutralizing Gas\n|\n|upkeep\n|\n|t:|1699493194\n|switch|p2a: Meowscarada|Meowscarada, M|100\/100\n|turn|16\n|\n|t:|1699493205\n|move|p2a: Meowscarada|Knock Off|p1a: Skeledirge\n|-start|p2a: Meowscarada|typechange|Dark|[from] ability: Protean\n|-supereffective|p1a: Skeledirge\n|-damage|p1a: Skeledirge|0 fnt\n|-enditem|p1a: Skeledirge|Heavy-Duty Boots|[from] move: Knock Off|[of] p2a: Meowscarada\n|faint|p1a: Skeledirge\n|\n|upkeep\n|\n|t:|1699493213\n|switch|p1a: Toxapex|Toxapex, M|100\/100\n|turn|17\n|\n|t:|1699493220\n|move|p2a: Meowscarada|Flower Trick|p1a: Toxapex\n|-crit|p1a: Toxapex\n|-damage|p1a: Toxapex|81\/100\n|move|p1a: Toxapex|Toxic|p2a: Meowscarada\n|-status|p2a: Meowscarada|tox\n|\n|-heal|p1a: Toxapex|88\/100|[from] item: Leftovers\n|-damage|p2a: Meowscarada|94\/100 tox|[from] psn\n|upkeep\n|turn|18\n|\n|t:|1699493238\n|move|p2a: Meowscarada|Knock Off|p1a: Toxapex\n|-damage|p1a: Toxapex|60\/100\n|-enditem|p1a: Toxapex|Leftovers|[from] move: Knock Off|[of] p2a: Meowscarada\n|move|p1a: Toxapex|Surf|p2a: Meowscarada\n|-damage|p2a: Meowscarada|67\/100 tox\n|\n|-damage|p2a: Meowscarada|55\/100 tox|[from] psn\n|upkeep\n|turn|19\n|\n|t:|1699493253\n|move|p2a: Meowscarada|Flower Trick|p1a: Toxapex\n|-crit|p1a: Toxapex\n|-damage|p1a: Toxapex|41\/100\n|move|p1a: Toxapex|Recover|p1a: Toxapex\n|-heal|p1a: Toxapex|91\/100\n|\n|-damage|p2a: Meowscarada|37\/100 tox|[from] psn\n|upkeep\n|turn|20\n|\n|t:|1699493262\n|move|p2a: Meowscarada|Flower Trick|p1a: Toxapex\n|-crit|p1a: Toxapex\n|-damage|p1a: Toxapex|70\/100\n|move|p1a: Toxapex|Recover|p1a: Toxapex\n|-heal|p1a: Toxapex|100\/100\n|\n|-damage|p2a: Meowscarada|12\/100 tox|[from] psn\n|upkeep\n|turn|21\n|\n|t:|1699493274\n|move|p2a: Meowscarada|Flower Trick|p1a: Toxapex\n|-crit|p1a: Toxapex\n|-damage|p1a: Toxapex|79\/100\n|move|p1a: Toxapex|Recover|p1a: Toxapex\n|-heal|p1a: Toxapex|100\/100\n|\n|-damage|p2a: Meowscarada|0 fnt|[from] psn\n|faint|p2a: Meowscarada\n|\n|win|LSGodzilla95\n|upkeep\n","uploadtime":1699493284,"views":10,"p1id":"lsgodzilla95","p2id":"ghgghhghghgghhg","formatid":"gen9anythinggoes","rating":0,"private":0,"password":""}