{"id":"gen9anythinggoes-1971602408","p1":"Minemi","p2":"NeonSqueaky","format":"[Gen 9] Anything Goes","log":"|j|\u2606Minemi\n|j|\u2606NeonSqueaky\n|t:|1697752328\n|gametype|singles\n|player|p1|Minemi|ingo|1386\n|player|p2|NeonSqueaky|waitress|1290\n|teamsize|p1|6\n|teamsize|p2|6\n|gen|9\n|tier|[Gen 9] Anything Goes\n|rated|\n|rule|HP Percentage Mod: HP is shown in percentages\n|rule|Endless Battle Clause: Forcing endless battles is banned\n|clearpoke\n|poke|p1|Regieleki|\n|poke|p1|Mimikyu, L2, F|\n|poke|p1|Polteageist-Antique|\n|poke|p1|Masquerain, F|\n|poke|p1|Slither Wing|\n|poke|p1|Heracross, M|\n|poke|p2|Arceus|\n|poke|p2|Maushold|\n|poke|p2|Espathra, F|\n|poke|p2|Urshifu-*, M|\n|poke|p2|Koraidon|\n|poke|p2|Basculegion, M|\n|teampreview\n|inactive|Battle timer is ON: inactive players will automatically lose when time's up. (requested by Minemi)\n|\n|t:|1697752343\n|start\n|switch|p1a: bug|Masquerain, F|100\/100\n|switch|p2a: Kung fu panda|Urshifu-Rapid-Strike, M|100\/100\n|-ability|p1a: bug|Intimidate|boost\n|-unboost|p2a: Kung fu panda|atk|1\n|turn|1\n|\n|t:|1697752350\n|move|p2a: Kung fu panda|Thunder Punch|p1a: bug\n|-supereffective|p1a: bug\n|-damage|p1a: bug|26\/100\n|-damage|p2a: Kung fu panda|91\/100|[from] item: Life Orb\n|move|p1a: bug|Sticky Web|p2a: Kung fu panda\n|-sidestart|p2: NeonSqueaky|move: Sticky Web\n|\n|upkeep\n|turn|2\n|\n|t:|1697752361\n|move|p2a: Kung fu panda|Surging Strikes|p1a: bug\n|-crit|p1a: bug\n|-damage|p1a: bug|0 fnt\n|faint|p1a: bug\n|-hitcount|p1: bug|1\n|-damage|p2a: Kung fu panda|81\/100|[from] item: Life Orb\n|\n|upkeep\n|\n|t:|1697752365\n|switch|p1a: thing|Regieleki|100\/100\n|turn|3\n|\n|t:|1697752380\n|switch|p2a: Vroooom|Koraidon|100\/100\n|-activate|p2a: Vroooom|move: Sticky Web\n|-unboost|p2a: Vroooom|spe|1\n|-weather|SunnyDay|[from] ability: Orichalcum Pulse|[of] p2a: Vroooom\n|-activate|p2a: Vroooom|Orichalcum Pulse|[source]\n|move|p1a: thing|Thunderbolt|p2a: Vroooom\n|-resisted|p2a: Vroooom\n|-damage|p2a: Vroooom|65\/100\n|-damage|p1a: thing|91\/100|[from] item: Life Orb\n|\n|-weather|SunnyDay|[upkeep]\n|upkeep\n|turn|4\n|\n|t:|1697752392\n|-terastallize|p1a: thing|Ice\n|move|p1a: thing|Tera Blast|p2a: Vroooom|[anim] Tera Blast Ice\n|-supereffective|p2a: Vroooom\n|-damage|p2a: Vroooom|0 fnt\n|faint|p2a: Vroooom\n|-damage|p1a: thing|81\/100|[from] item: Life Orb\n|\n|-weather|SunnyDay|[upkeep]\n|upkeep\n|\n|t:|1697752404\n|switch|p2a: Happy family of 3|Maushold|100\/100\n|-activate|p2a: Happy family of 3|move: Sticky Web\n|-unboost|p2a: Happy family of 3|spe|1\n|turn|5\n|\n|t:|1697752410\n|move|p1a: thing|Tera Blast|p2a: Happy family of 3|[anim] Tera Blast Ice\n|-damage|p2a: Happy family of 3|28\/100\n|-damage|p1a: thing|71\/100|[from] item: Life Orb\n|move|p2a: Happy family of 3|Population Bomb|p1a: thing\n|-damage|p1a: thing|48\/100\n|-damage|p1a: thing|27\/100\n|-damage|p1a: thing|4\/100\n|-damage|p1a: thing|0 fnt\n|faint|p1a: thing\n|-hitcount|p1: thing|4\n|\n|-weather|SunnyDay|[upkeep]\n|upkeep\n|\n|t:|1697752417\n|switch|p1a: hercules|Heracross, M|100\/100\n|turn|6\n|\n|t:|1697752430\n|move|p1a: hercules|Earthquake|p2a: Happy family of 3\n|-damage|p2a: Happy family of 3|0 fnt\n|faint|p2a: Happy family of 3\n|\n|-weather|SunnyDay|[upkeep]\n|-status|p1a: hercules|brn|[from] item: Flame Orb\n|upkeep\n|\n|t:|1697752439\n|switch|p2a: Kung fu panda|Urshifu-Rapid-Strike, M|81\/100\n|-activate|p2a: Kung fu panda|move: Sticky Web\n|-unboost|p2a: Kung fu panda|spe|1\n|turn|7\n|\n|t:|1697752447\n|move|p1a: hercules|Close Combat|p2a: Kung fu panda\n|-crit|p2a: Kung fu panda\n|-damage|p2a: Kung fu panda|0 fnt\n|-unboost|p1a: hercules|def|1\n|-unboost|p1a: hercules|spd|1\n|faint|p2a: Kung fu panda\n|\n|-weather|none\n|-damage|p1a: hercules|95\/100 brn|[from] brn\n|upkeep\n|\n|t:|1697752457\n|switch|p2a: In D. Fence|Arceus|100\/100\n|-activate|p2a: In D. Fence|move: Sticky Web\n|-unboost|p2a: In D. Fence|spe|1\n|turn|8\n|\n|t:|1697752469\n|switch|p1a: endbringer|Mimikyu, L2, F|100\/100\n|move|p2a: In D. Fence|Extreme Speed|p1a: endbringer\n|-immune|p1a: endbringer\n|\n|upkeep\n|turn|9\n|\n|t:|1697752476\n|move|p2a: In D. Fence|Dark Pulse|p1a: endbringer\n|-activate|p1a: endbringer|ability: Disguise\n|-damage|p1a: endbringer|100\/100\n|detailschange|p1a: endbringer|Mimikyu-Busted, L2, F\n|-damage|p1a: endbringer|93\/100|[from] pokemon: Mimikyu-Busted\n|move|p1a: endbringer|Curse|p2a: In D. Fence\n|-start|p2a: In D. Fence|Curse|[of] p1a: endbringer\n|-damage|p1a: endbringer|43\/100\n|\n|-damage|p2a: In D. Fence|76\/100|[from] Curse\n|upkeep\n|turn|10\n|\n|t:|1697752488\n|move|p1a: endbringer|Endure|p1a: endbringer\n|-singleturn|p1a: endbringer|move: Endure\n|move|p2a: In D. Fence|Dark Pulse|p1a: endbringer\n|-activate|p1a: endbringer|move: Endure\n|-damage|p1a: endbringer|8\/100\n|\n|-damage|p2a: In D. Fence|51\/100|[from] Curse\n|upkeep\n|turn|11\n|\n|t:|1697752497\n|switch|p1a: cup|Polteageist-Antique|100\/100\n|move|p2a: In D. Fence|Dark Pulse|p1a: cup\n|-supereffective|p1a: cup\n|-crit|p1a: cup\n|-damage|p1a: cup|11\/100\n|\n|-damage|p2a: In D. Fence|26\/100|[from] Curse\n|upkeep\n|turn|12\n|\n|t:|1697752507\n|move|p1a: cup|Metronome|p1a: cup\n|move|p1a: cup|Sandsear Storm|p2a: In D. Fence|[from]move: Metronome\n|-damage|p2a: In D. Fence|0 fnt\n|faint|p2a: In D. Fence\n|\n|upkeep\n|\n|t:|1697752514\n|switch|p2a: Death.|Basculegion, M|100\/100\n|-activate|p2a: Death.|move: Sticky Web\n|-unboost|p2a: Death.|spe|1\n|turn|13\n|\n|t:|1697752518\n|move|p2a: Death.|Aqua Jet|p1a: cup\n|-damage|p1a: cup|0 fnt\n|faint|p1a: cup\n|\n|upkeep\n|\n|t:|1697752523\n|switch|p1a: hercules|Heracross, M|95\/100 brn\n|turn|14\n|c|\u2606NeonSqueaky|Gg\n|c|\u2606NeonSqueaky|Well played\n|\n|t:|1697752534\n|move|p1a: hercules|Throat Chop|p2a: Death.\n|-supereffective|p2a: Death.\n|-damage|p2a: Death.|3\/100\n|-start|p2a: Death.|Throat Chop|[silent]\n|move|p2a: Death.|Last Respects|p1a: hercules\n|-damage|p1a: hercules|0 fnt\n|faint|p1a: hercules\n|\n|upkeep\n|\n|t:|1697752537\n|switch|p1a: evil bug|Slither Wing|100\/100\n|-enditem|p1a: evil bug|Booster Energy\n|-activate|p1a: evil bug|ability: Protosynthesis|[fromitem]\n|-start|p1a: evil bug|protosynthesisatk\n|turn|15\n|\n|t:|1697752555\n|move|p1a: evil bug|First Impression|p2a: Death.\n|-resisted|p2a: Death.\n|-damage|p2a: Death.|0 fnt\n|faint|p2a: Death.\n|\n|upkeep\n|\n|t:|1697752560\n|switch|p2a: Ostrich|Espathra, F, shiny|100\/100\n|-activate|p2a: Ostrich|move: Sticky Web\n|-unboost|p2a: Ostrich|spe|1\n|turn|16\n|\n|t:|1697752565\n|-end|p1a: evil bug|Protosynthesis|[silent]\n|switch|p1a: endbringer|Mimikyu-Busted, L2, F|8\/100\n|move|p2a: Ostrich|Calm Mind|p2a: Ostrich\n|-boost|p2a: Ostrich|spa|1\n|-boost|p2a: Ostrich|spd|1\n|\n|-ability|p2a: Ostrich|Speed Boost|boost\n|-boost|p2a: Ostrich|spe|1\n|upkeep\n|turn|17\n|-enditem|p1a: endbringer|Custap Berry|[eat]\n|-activate|p1a: endbringer|item: Custap Berry|[consumed]\n|\n|t:|1697752580\n|move|p1a: endbringer|Destiny Bond|p1a: endbringer\n|-singlemove|p1a: endbringer|Destiny Bond\n|move|p2a: Ostrich|Stored Power|p1a: endbringer\n|-damage|p1a: endbringer|0 fnt\n|faint|p1a: endbringer\n|-activate|p1a: endbringer|move: Destiny Bond\n|faint|p2a: Ostrich\n|\n|win|Minemi\n|raw|Minemi's rating: 1386 &rarr; <strong>1401<\/strong><br \/>(+15 for winning)\n|raw|NeonSqueaky's rating: 1290 &rarr; <strong>1272<\/strong><br \/>(-18 for losing)\n|c|\u2606NeonSqueaky|Whoops\n|l|\u2606NeonSqueaky\n","uploadtime":1697752597,"views":10,"p1id":"minemi","p2id":"neonsqueaky","formatid":"gen9anythinggoes","rating":1272,"private":0,"password":""}