{"id":"gen9anythinggoes-1999272058","p1":"tchantnh","p2":"kastrian","format":"[Gen 9] Anything Goes","log":"|j|\u2606tchantnh\n|j|\u2606kastrian\n|t:|1701053418\n|gametype|singles\n|player|p1|tchantnh|skierf-gen4dp|\n|player|p2|kastrian|102|\n|teamsize|p1|6\n|teamsize|p2|6\n|gen|9\n|tier|[Gen 9] Anything Goes\n|rule|HP Percentage Mod: HP is shown in percentages\n|rule|Endless Battle Clause: Forcing endless battles is banned\n|clearpoke\n|poke|p1|Komala, F|\n|poke|p1|Torkoal, F|\n|poke|p1|Sudowoodo, M|\n|poke|p1|Appletun, F|\n|poke|p1|Baxcalibur, M|\n|poke|p1|Jirachi|\n|poke|p2|Rotom-Mow|\n|poke|p2|Dragapult, F|\n|poke|p2|Qwilfish-Hisui, F|\n|poke|p2|Slowbro-Galar, F|\n|poke|p2|Bisharp, M|\n|poke|p2|Ditto|\n|teampreview\n|\n|t:|1701053496\n|start\n|switch|p1a: Torkoal|Torkoal, F|100\/100\n|switch|p2a: Qwilfish|Qwilfish-Hisui, F|100\/100\n|-ability|p2a: Qwilfish|Intimidate|boost\n|-unboost|p1a: Torkoal|atk|1\n|-weather|SunnyDay|[from] ability: Drought|[of] p1a: Torkoal\n|turn|1\n|\n|t:|1701053528\n|move|p2a: Qwilfish|Toxic|p1a: Torkoal\n|-status|p1a: Torkoal|tox\n|move|p1a: Torkoal|Eruption|p2a: Qwilfish\n|-damage|p2a: Qwilfish|0 fnt\n|faint|p2a: Qwilfish\n|\n|-weather|SunnyDay|[upkeep]\n|-damage|p1a: Torkoal|94\/100 tox|[from] psn\n|upkeep\n|\n|t:|1701053567\n|switch|p2a: Rotom|Rotom-Mow|100\/100\n|turn|2\n|\n|t:|1701053609\n|switch|p1a: Appletun|Appletun, F|100\/100\n|move|p2a: Rotom|Volt Switch|p1a: Appletun\n|-resisted|p1a: Appletun\n|-damage|p1a: Appletun|93\/100\n|\n|t:|1701053649\n|switch|p2a: Bisharp|Bisharp, M|100\/100|[from] Volt Switch\n|\n|-weather|SunnyDay|[upkeep]\n|-activate|p1a: Appletun|ability: Ripen\n|-heal|p1a: Appletun|99\/100|[from] item: Leftovers\n|upkeep\n|turn|3\n|\n|t:|1701053684\n|-terastallize|p2a: Bisharp|Fairy\n|move|p2a: Bisharp|Tera Blast|p1a: Appletun|[anim] Tera Blast Fairy\n|-supereffective|p1a: Appletun\n|-damage|p1a: Appletun|10\/100\n|move|p1a: Appletun|Apple Acid|p2a: Bisharp\n|-damage|p2a: Bisharp|65\/100\n|-unboost|p2a: Bisharp|spd|1\n|-ability|p2a: Bisharp|Defiant|boost\n|-boost|p2a: Bisharp|atk|2\n|\n|-weather|SunnyDay|[upkeep]\n|-activate|p1a: Appletun|ability: Ripen\n|-heal|p1a: Appletun|16\/100|[from] item: Leftovers\n|upkeep\n|turn|4\n|\n|t:|1701053702\n|-terastallize|p1a: Appletun|Steel\n|move|p2a: Bisharp|Tera Blast|p1a: Appletun|[anim] Tera Blast Fairy\n|-resisted|p1a: Appletun\n|-damage|p1a: Appletun|0 fnt\n|faint|p1a: Appletun\n|\n|-weather|SunnyDay|[upkeep]\n|upkeep\n|\n|t:|1701053768\n|switch|p1a: Baxcalibur|Baxcalibur, M|100\/100\n|turn|5\n|\n|t:|1701053827\n|move|p1a: Baxcalibur|Substitute|p1a: Baxcalibur\n|-start|p1a: Baxcalibur|Substitute\n|-damage|p1a: Baxcalibur|76\/100\n|move|p2a: Bisharp|Tera Blast|p1a: Baxcalibur|[anim] Tera Blast Fairy\n|-supereffective|p1a: Baxcalibur\n|-end|p1a: Baxcalibur|Substitute\n|\n|-weather|none\n|upkeep\n|turn|6\n|\n|t:|1701053848\n|move|p1a: Baxcalibur|Icicle Spear|p2a: Bisharp\n|-damage|p2a: Bisharp|55\/100\n|-damage|p2a: Bisharp|46\/100\n|-damage|p2a: Bisharp|36\/100\n|-damage|p2a: Bisharp|27\/100\n|-crit|p2a: Bisharp\n|-damage|p2a: Bisharp|11\/100\n|-hitcount|p2a: Bisharp|5\n|move|p2a: Bisharp|Tera Blast|p1a: Baxcalibur|[anim] Tera Blast Fairy\n|-supereffective|p1a: Baxcalibur\n|-damage|p1a: Baxcalibur|0 fnt\n|faint|p1a: Baxcalibur\n|\n|upkeep\n|\n|t:|1701053860\n|switch|p1a: Jirachi|Jirachi|100\/100\n|turn|7\n|\n|t:|1701053868\n|move|p2a: Bisharp|Sucker Punch||[still]\n|-fail|p2a: Bisharp\n|move|p1a: Jirachi|Stealth Rock|p2a: Bisharp\n|-sidestart|p2: kastrian|move: Stealth Rock\n|\n|upkeep\n|turn|8\n|\n|t:|1701053875\n|move|p2a: Bisharp|Sucker Punch||[still]\n|-fail|p2a: Bisharp\n|move|p1a: Jirachi|Wish|p1a: Jirachi\n|\n|upkeep\n|turn|9\n|\n|t:|1701053918\n|switch|p1a: Torkoal|Torkoal, F|94\/100 tox\n|-weather|SunnyDay|[from] ability: Drought|[of] p1a: Torkoal\n|move|p2a: Bisharp|Sucker Punch||[still]\n|-fail|p2a: Bisharp\n|\n|-weather|SunnyDay|[upkeep]\n|-heal|p1a: Torkoal|100\/100 tox|[from] move: Wish|[wisher] Jirachi\n|-damage|p1a: Torkoal|94\/100 tox|[from] psn\n|upkeep\n|turn|10\n|\n|t:|1701053938\n|move|p2a: Bisharp|Stone Edge|p1a: Torkoal\n|-supereffective|p1a: Torkoal\n|-damage|p1a: Torkoal|0 fnt\n|faint|p1a: Torkoal\n|\n|-weather|SunnyDay|[upkeep]\n|upkeep\n|\n|t:|1701053948\n|switch|p1a: Komala|Komala, F|100\/100\n|-ability|p1a: Komala|Comatose\n|turn|11\n|\n|t:|1701053978\n|move|p2a: Bisharp|Sucker Punch|p1a: Komala\n|-damage|p1a: Komala|0 fnt\n|faint|p1a: Komala\n|\n|-weather|SunnyDay|[upkeep]\n|upkeep\n|\n|t:|1701053989\n|switch|p1a: Sudowoodo|Sudowoodo, M|100\/100\n|turn|12\n|\n|t:|1701054002\n|move|p2a: Bisharp|Tera Blast|p1a: Sudowoodo|[anim] Tera Blast Fairy\n|-damage|p1a: Sudowoodo|47\/100\n|move|p1a: Sudowoodo|Spikes|p2a: Bisharp\n|-sidestart|p2: kastrian|Spikes\n|\n|-weather|SunnyDay|[upkeep]\n|upkeep\n|turn|13\n|\n|t:|1701054012\n|move|p2a: Bisharp|Tera Blast|p1a: Sudowoodo|[anim] Tera Blast Fairy\n|-damage|p1a: Sudowoodo|0 fnt\n|faint|p1a: Sudowoodo\n|\n|-weather|none\n|upkeep\n|\n|t:|1701054015\n|switch|p1a: Jirachi|Jirachi|100\/100\n|turn|14\n|\n|t:|1701054027\n|move|p2a: Bisharp|Sucker Punch|p1a: Jirachi\n|-supereffective|p1a: Jirachi\n|-damage|p1a: Jirachi|0 fnt\n|faint|p1a: Jirachi\n|\n|win|kastrian\n|l|\u2606tchantnh\n","uploadtime":1701054465,"views":5,"p1id":"tchantnh","p2id":"kastrian","formatid":"gen9anythinggoes","rating":0,"private":0,"password":""}