{"id":"gen9anythinggoes-1977827339","p1":"Sleepy_Shadowz","p2":"BananaBusCrew2","format":"[Gen 9] Anything Goes","log":"|j|\u2606Sleepy_Shadowz\n|j|\u2606BananaBusCrew2\n|t:|1698454484\n|gametype|singles\n|player|p1|Sleepy_Shadowz|170|1085\n|player|p2|BananaBusCrew2|101|1109\n|teamsize|p1|6\n|teamsize|p2|6\n|gen|9\n|tier|[Gen 9] Anything Goes\n|rated|\n|rule|HP Percentage Mod: HP is shown in percentages\n|rule|Endless Battle Clause: Forcing endless battles is banned\n|clearpoke\n|poke|p1|Gengar, M|\n|poke|p1|Haxorus, F|\n|poke|p1|Kingambit, M|\n|poke|p1|Froslass, F|\n|poke|p1|Ninetales-Alola, F|\n|poke|p1|Annihilape, F|\n|poke|p2|Decidueye-Hisui, M|\n|poke|p2|Braviary, M|\n|poke|p2|Greninja-*, M|\n|poke|p2|Iron Treads|\n|poke|p2|Klawf, M|\n|poke|p2|Skeledirge, M|\n|teampreview\n|\n|t:|1698454492\n|start\n|switch|p1a: Gengar|Gengar, M|100\/100\n|switch|p2a: BasicallyIDoWrk|Greninja, M, shiny|100\/100\n|turn|1\n|\n|t:|1698454501\n|move|p2a: BasicallyIDoWrk|Dark Pulse|p1a: Gengar\n|-start|p2a: BasicallyIDoWrk|typechange|Dark|[from] ability: Protean\n|-supereffective|p1a: Gengar\n|-damage|p1a: Gengar|0 fnt\n|-start|p2a: BasicallyIDoWrk|Disable|Dark Pulse|[from] ability: Cursed Body|[of] p1a: Gengar\n|faint|p1a: Gengar\n|\n|upkeep\n|\n|t:|1698454508\n|switch|p1a: Haxorus|Haxorus, F|100\/100\n|-ability|p1a: Haxorus|Mold Breaker\n|turn|2\n|\n|t:|1698454521\n|switch|p2a: Moo Snuckle|Braviary, M, shiny|100\/100\n|move|p1a: Haxorus|Dragon Dance|p1a: Haxorus\n|-boost|p1a: Haxorus|atk|1\n|-boost|p1a: Haxorus|spe|1\n|\n|upkeep\n|turn|3\n|\n|t:|1698454532\n|move|p1a: Haxorus|Close Combat|p2a: Moo Snuckle\n|-damage|p2a: Moo Snuckle|0 fnt\n|-unboost|p1a: Haxorus|def|1\n|-unboost|p1a: Haxorus|spd|1\n|faint|p2a: Moo Snuckle\n|\n|upkeep\n|\n|t:|1698454539\n|switch|p2a: Nogla|Klawf, M|100\/100\n|turn|4\n|\n|t:|1698454549\n|move|p1a: Haxorus|Close Combat|p2a: Nogla\n|-supereffective|p2a: Nogla\n|-enditem|p2a: Nogla|Focus Sash\n|-damage|p2a: Nogla|1\/100\n|-unboost|p1a: Haxorus|def|1\n|-unboost|p1a: Haxorus|spd|1\n|-ability|p2a: Nogla|Anger Shell|boost\n|-boost|p2a: Nogla|atk|1\n|-boost|p2a: Nogla|spa|1\n|-boost|p2a: Nogla|spe|1\n|-unboost|p2a: Nogla|def|1\n|-unboost|p2a: Nogla|spd|1\n|move|p2a: Nogla|Brick Break|p1a: Haxorus\n|-damage|p1a: Haxorus|20\/100\n|\n|upkeep\n|turn|5\n|\n|t:|1698454563\n|move|p1a: Haxorus|Close Combat|p2a: Nogla\n|-supereffective|p2a: Nogla\n|-damage|p2a: Nogla|0 fnt\n|-unboost|p1a: Haxorus|def|1\n|-unboost|p1a: Haxorus|spd|1\n|faint|p2a: Nogla\n|\n|upkeep\n|\n|t:|1698454570\n|switch|p2a: VanossGaming|Decidueye-Hisui, M, shiny|100\/100\n|turn|6\n|\n|t:|1698454575\n|-terastallize|p1a: Haxorus|Dragon\n|move|p2a: VanossGaming|Sucker Punch|p1a: Haxorus\n|-damage|p1a: Haxorus|0 fnt\n|faint|p1a: Haxorus\n|\n|upkeep\n|\n|t:|1698454601\n|switch|p1a: Ninetales|Ninetales-Alola, F|100\/100\n|-weather|Snow|[from] ability: Snow Warning|[of] p1a: Ninetales\n|turn|7\n|\n|t:|1698454608\n|switch|p2a: Terroriser|Iron Treads|100\/100\n|move|p1a: Ninetales|Calm Mind|p1a: Ninetales\n|-boost|p1a: Ninetales|spa|1\n|-boost|p1a: Ninetales|spd|1\n|\n|-weather|Snow|[upkeep]\n|upkeep\n|turn|8\n|\n|t:|1698454614\n|move|p1a: Ninetales|Hyper Beam|p2a: Terroriser\n|-resisted|p2a: Terroriser\n|-damage|p2a: Terroriser|83\/100\n|-mustrecharge|p1a: Ninetales\n|move|p2a: Terroriser|Knock Off|p1a: Ninetales\n|-resisted|p1a: Ninetales\n|-damage|p1a: Ninetales|89\/100\n|-enditem|p1a: Ninetales|Icy Rock|[from] move: Knock Off|[of] p2a: Terroriser\n|\n|-weather|Snow|[upkeep]\n|upkeep\n|turn|9\n|\n|t:|1698454623\n|cant|p1a: Ninetales|recharge\n|move|p2a: Terroriser|Earthquake|p1a: Ninetales\n|-damage|p1a: Ninetales|48\/100\n|\n|-weather|Snow|[upkeep]\n|upkeep\n|turn|10\n|\n|t:|1698454629\n|move|p1a: Ninetales|Dark Pulse|p2a: Terroriser\n|-damage|p2a: Terroriser|66\/100\n|cant|p2a: Terroriser|flinch\n|\n|-weather|Snow|[upkeep]\n|upkeep\n|turn|11\n|\n|t:|1698454635\n|move|p1a: Ninetales|Dark Pulse|p2a: Terroriser\n|-damage|p2a: Terroriser|47\/100\n|move|p2a: Terroriser|Earthquake|p1a: Ninetales\n|-damage|p1a: Ninetales|8\/100\n|\n|-weather|Snow|[upkeep]\n|upkeep\n|turn|12\n|\n|t:|1698454642\n|move|p1a: Ninetales|Dark Pulse|p2a: Terroriser\n|-damage|p2a: Terroriser|29\/100\n|cant|p2a: Terroriser|flinch\n|\n|-weather|Snow|[upkeep]\n|upkeep\n|turn|13\n|\n|t:|1698454647\n|move|p1a: Ninetales|Dark Pulse|p2a: Terroriser\n|-damage|p2a: Terroriser|10\/100\n|move|p2a: Terroriser|Rapid Spin|p1a: Ninetales\n|-damage|p1a: Ninetales|0 fnt\n|-boost|p2a: Terroriser|spe|1\n|faint|p1a: Ninetales\n|\n|-weather|Snow|[upkeep]\n|upkeep\n|\n|t:|1698454655\n|switch|p1a: Froslass|Froslass, F|100\/100\n|turn|14\n|\n|t:|1698454658\n|move|p2a: Terroriser|Knock Off|p1a: Froslass\n|-supereffective|p1a: Froslass\n|-damage|p1a: Froslass|44\/100\n|-enditem|p1a: Froslass|Icicle Plate|[from] move: Knock Off|[of] p2a: Terroriser\n|move|p1a: Froslass|Psychic|p2a: Terroriser\n|-resisted|p2a: Terroriser\n|-damage|p2a: Terroriser|3\/100\n|\n|-weather|none\n|upkeep\n|turn|15\n|\n|t:|1698454668\n|move|p2a: Terroriser|Earthquake|p1a: Froslass\n|-damage|p1a: Froslass|0 fnt\n|faint|p1a: Froslass\n|\n|upkeep\n|\n|t:|1698454672\n|switch|p1a: Annihilape|Annihilape, F|100\/100\n|turn|16\n|\n|t:|1698454677\n|move|p2a: Terroriser|Rapid Spin|p1a: Annihilape\n|-immune|p1a: Annihilape\n|move|p1a: Annihilape|Final Gambit|p2a: Terroriser\n|-damage|p2a: Terroriser|0 fnt\n|faint|p1a: Annihilape\n|faint|p2a: Terroriser\n|-end|p2a: Terroriser|Quark Drive|[silent]\n|\n|upkeep\n|\n|t:|1698454685\n|switch|p2a: VanossGaming|Decidueye-Hisui, M, shiny|100\/100\n|switch|p1a: Kingambit|Kingambit, M|100\/100\n|-activate|p1a: Kingambit|ability: Supreme Overlord\n|-start|p1a: Kingambit|fallen5|[silent]\n|turn|17\n|\n|t:|1698454705\n|move|p2a: VanossGaming|Triple Arrows|p1a: Kingambit\n|-supereffective|p1a: Kingambit\n|-crit|p1a: Kingambit\n|-damage|p1a: Kingambit|0 fnt\n|faint|p1a: Kingambit\n|-end|p1a: Kingambit|fallen5|[silent]\n|\n|win|BananaBusCrew2\n|raw|Sleepy_Shadowz's rating: 1085 &rarr; <strong>1064<\/strong><br \/>(-21 for losing)\n|raw|BananaBusCrew2's rating: 1109 &rarr; <strong>1132<\/strong><br \/>(+23 for winning)\n|l|\u2606Sleepy_Shadowz\n","uploadtime":1698454711,"views":7,"p1id":"sleepyshadowz","p2id":"bananabuscrew2","formatid":"gen9anythinggoes","rating":1064,"private":0,"password":""}