{"id":"gen9anythinggoes-1978342949","p1":"OwenDaPotato","p2":"WAWASLAYERHASHIRA","format":"[Gen 9] Anything Goes","log":"|j|\u2606OwenDaPotato\n|j|\u2606WAWASLAYERHASHIRA\n|t:|1698527305\n|gametype|singles\n|player|p1|OwenDaPotato|1|\n|player|p2|WAWASLAYERHASHIRA|266|\n|teamsize|p1|6\n|teamsize|p2|6\n|gen|9\n|tier|[Gen 9] Anything Goes\n|rule|HP Percentage Mod: HP is shown in percentages\n|rule|Endless Battle Clause: Forcing endless battles is banned\n|clearpoke\n|poke|p1|Rillaboom, F|\n|poke|p1|Heatran, M|\n|poke|p1|Slowking, F|\n|poke|p1|Dragapult, M|\n|poke|p1|Landorus-Therian, M|\n|poke|p1|Bisharp, F|\n|poke|p2|Ting-Lu|\n|poke|p2|Annihilape, M|\n|poke|p2|Glimmora, M|\n|poke|p2|Kingambit, F|\n|poke|p2|Ribombee, F|\n|poke|p2|Maushold-Four|\n|teampreview\n|c|\u2606WAWASLAYERHASHIRA|boutta get your ass whooped iphone makewr\n|\n|t:|1698527318\n|start\n|switch|p1a: Heatran|Heatran, M, shiny|100\/100\n|switch|p2a: Bowl Of Blood|Ting-Lu|100\/100\n|-ability|p2a: Bowl Of Blood|Vessel of Ruin\n|turn|1\n|c|\u2606OwenDaPotato|Whatever\n|\n|t:|1698527330\n|move|p1a: Heatran|Earth Power|p2a: Bowl Of Blood\n|-damage|p2a: Bowl Of Blood|82\/100\n|move|p2a: Bowl Of Blood|Spikes|p1a: Heatran\n|-sidestart|p1: OwenDaPotato|Spikes\n|\n|-heal|p2a: Bowl Of Blood|88\/100|[from] item: Leftovers\n|upkeep\n|turn|2\n|c|\u2606WAWASLAYERHASHIRA|watch\n|\n|t:|1698527338\n|move|p1a: Heatran|Magma Storm|p2a: Bowl Of Blood|[miss]\n|-miss|p1a: Heatran|p2a: Bowl Of Blood\n|move|p2a: Bowl Of Blood|Spikes|p1a: Heatran\n|-sidestart|p1: OwenDaPotato|Spikes\n|\n|-heal|p2a: Bowl Of Blood|94\/100|[from] item: Leftovers\n|upkeep\n|turn|3\n|\n|t:|1698527344\n|move|p1a: Heatran|Magma Storm|p2a: Bowl Of Blood|[miss]\n|-miss|p1a: Heatran|p2a: Bowl Of Blood\n|move|p2a: Bowl Of Blood|Spikes|p1a: Heatran\n|-sidestart|p1: OwenDaPotato|Spikes\n|\n|-heal|p2a: Bowl Of Blood|100\/100|[from] item: Leftovers\n|upkeep\n|turn|4\n|\n|t:|1698527352\n|move|p1a: Heatran|Magma Storm|p2a: Bowl Of Blood\n|-damage|p2a: Bowl Of Blood|68\/100\n|-activate|p2a: Bowl Of Blood|move: Magma Storm|[of] p1a: Heatran\n|move|p2a: Bowl Of Blood|Spikes||[still]\n|-fail|p2a: Bowl Of Blood\n|\n|-heal|p2a: Bowl Of Blood|74\/100|[from] item: Leftovers\n|-damage|p2a: Bowl Of Blood|61\/100|[from] move: Magma Storm|[partiallytrapped]\n|upkeep\n|turn|5\n|\n|t:|1698527362\n|move|p1a: Heatran|Flash Cannon|p2a: Bowl Of Blood\n|-damage|p2a: Bowl Of Blood|36\/100\n|move|p2a: Bowl Of Blood|Fissure|p1a: Heatran|[miss]\n|-miss|p2a: Bowl Of Blood|p1a: Heatran\n|\n|-heal|p2a: Bowl Of Blood|42\/100|[from] item: Leftovers\n|-damage|p2a: Bowl Of Blood|29\/100|[from] move: Magma Storm|[partiallytrapped]\n|upkeep\n|turn|6\n|\n|t:|1698527371\n|move|p1a: Heatran|Flash Cannon|p2a: Bowl Of Blood\n|-damage|p2a: Bowl Of Blood|5\/100\n|move|p2a: Bowl Of Blood|Rest|p2a: Bowl Of Blood\n|-status|p2a: Bowl Of Blood|slp|[from] move: Rest\n|-heal|p2a: Bowl Of Blood|100\/100 slp|[silent]\n|\n|-damage|p2a: Bowl Of Blood|88\/100 slp|[from] move: Magma Storm|[partiallytrapped]\n|upkeep\n|turn|7\n|\n|t:|1698527381\n|move|p1a: Heatran|Solar Beam||[still]\n|-prepare|p1a: Heatran|Solar Beam\n|-enditem|p1a: Heatran|Power Herb\n|-anim|p1a: Heatran|Solar Beam|p2a: Bowl Of Blood\n|-supereffective|p2a: Bowl Of Blood\n|-damage|p2a: Bowl Of Blood|39\/100 slp\n|cant|p2a: Bowl Of Blood|slp\n|\n|-heal|p2a: Bowl Of Blood|45\/100 slp|[from] item: Leftovers\n|-damage|p2a: Bowl Of Blood|33\/100 slp|[from] move: Magma Storm|[partiallytrapped]\n|upkeep\n|turn|8\n|\n|t:|1698527390\n|move|p1a: Heatran|Solar Beam||[still]\n|-prepare|p1a: Heatran|Solar Beam\n|cant|p2a: Bowl Of Blood|slp\n|\n|-heal|p2a: Bowl Of Blood|39\/100 slp|[from] item: Leftovers\n|-end|p2a: Bowl Of Blood|Magma Storm|[partiallytrapped]\n|upkeep\n|turn|9\n|\n|t:|1698527397\n|move|p1a: Heatran|Solar Beam|p2a: Bowl Of Blood|[from]lockedmove\n|-supereffective|p2a: Bowl Of Blood\n|-damage|p2a: Bowl Of Blood|0 fnt\n|faint|p2a: Bowl Of Blood\n|\n|upkeep\n|c|\u2606WAWASLAYERHASHIRA|its job is done\n|\n|t:|1698527409\n|switch|p2a: Side-eye|Glimmora, M|100\/100\n|turn|10\n|c|\u2606OwenDaPotato|The spikes are gonna hurt\n|\n|t:|1698527422\n|move|p1a: Heatran|Solar Beam||[still]\n|-prepare|p1a: Heatran|Solar Beam\n|-activate|p2a: Side-eye|move: Struggle\n|move|p2a: Side-eye|Struggle|p1a: Heatran\n|-crit|p1a: Heatran\n|-damage|p1a: Heatran|92\/100\n|-damage|p2a: Side-eye|75\/100|[from] recoil\n|\n|upkeep\n|turn|11\n|c|\u2606WAWASLAYERHASHIRA|idk why its moves rnt there but ok\n|\n|t:|1698527437\n|move|p1a: Heatran|Solar Beam|p2a: Side-eye|[from]lockedmove\n|-damage|p2a: Side-eye|37\/100\n|-activate|p2a: Side-eye|move: Struggle\n|move|p2a: Side-eye|Struggle|p1a: Heatran\n|-damage|p1a: Heatran|86\/100\n|-damage|p2a: Side-eye|12\/100|[from] recoil\n|\n|upkeep\n|turn|12\n|c|\u2606WAWASLAYERHASHIRA|chip ih\n|\n|t:|1698527445\n|move|p1a: Heatran|Magma Storm|p2a: Side-eye\n|-resisted|p2a: Side-eye\n|-damage|p2a: Side-eye|0 fnt\n|faint|p2a: Side-eye\n|\n|upkeep\n|\n|t:|1698527453\n|switch|p2a: Ricky Rat|Maushold-Four|100\/100\n|turn|13\n|c|\u2606OwenDaPotato|Oh god\n|c|\u2606WAWASLAYERHASHIRA|ricky rat knows what you did\n|\n|t:|1698527476\n|switch|p1a: Bisharp|Bisharp, F|100\/100\n|-damage|p1a: Bisharp|76\/100|[from] Spikes\n|-terastallize|p2a: Ricky Rat|Normal\n|move|p2a: Ricky Rat|Population Bomb|p1a: Bisharp|[miss]\n|-miss|p2a: Ricky Rat|p1a: Bisharp\n|\n|upkeep\n|turn|14\n|\n|t:|1698527485\n|move|p2a: Ricky Rat|Population Bomb|p1a: Bisharp\n|-resisted|p1a: Bisharp\n|-damage|p1a: Bisharp|71\/100\n|-resisted|p1a: Bisharp\n|-damage|p1a: Bisharp|66\/100\n|-resisted|p1a: Bisharp\n|-damage|p1a: Bisharp|62\/100\n|-hitcount|p1a: Bisharp|3\n|move|p1a: Bisharp|Low Kick|p2a: Ricky Rat\n|-supereffective|p2a: Ricky Rat\n|-damage|p2a: Ricky Rat|84\/100\n|\n|upkeep\n|turn|15\n|\n|t:|1698527505\n|move|p2a: Ricky Rat|Population Bomb|p1a: Bisharp\n|-resisted|p1a: Bisharp\n|-damage|p1a: Bisharp|57\/100\n|-hitcount|p1a: Bisharp|1\n|move|p1a: Bisharp|Iron Head|p2a: Ricky Rat\n|-damage|p2a: Ricky Rat|35\/100\n|\n|upkeep\n|turn|16\n|c|\u2606WAWASLAYERHASHIRA|wait hollon\n|c|\u2606OwenDaPotato|LMAO\n|c|\u2606OwenDaPotato|You saw a yt short and thought hey this thing is op\n|\n|t:|1698527552\n|move|p2a: Ricky Rat|Population Bomb|p1a: Bisharp\n|-resisted|p1a: Bisharp\n|-damage|p1a: Bisharp|52\/100\n|-resisted|p1a: Bisharp\n|-damage|p1a: Bisharp|47\/100\n|-resisted|p1a: Bisharp\n|-damage|p1a: Bisharp|42\/100\n|-resisted|p1a: Bisharp\n|-damage|p1a: Bisharp|37\/100\n|-resisted|p1a: Bisharp\n|-damage|p1a: Bisharp|33\/100\n|-resisted|p1a: Bisharp\n|-damage|p1a: Bisharp|28\/100\n|-resisted|p1a: Bisharp\n|-damage|p1a: Bisharp|23\/100\n|-hitcount|p1a: Bisharp|7\n|move|p1a: Bisharp|Iron Head|p2a: Ricky Rat\n|-damage|p2a: Ricky Rat|0 fnt\n|faint|p2a: Ricky Rat\n|\n|upkeep\n|c|\u2606WAWASLAYERHASHIRA|yeahhh\n|c|\u2606WAWASLAYERHASHIRA|but apparently not\n|c|\u2606WAWASLAYERHASHIRA|i needa tweak my team ngl\n|\n|t:|1698527568\n|switch|p2a: Tax Evasion|Kingambit, F|100\/100\n|-activate|p2a: Tax Evasion|ability: Supreme Overlord\n|-start|p2a: Tax Evasion|fallen3|[silent]\n|turn|17\n|\n|t:|1698527575\n|switch|p1a: Heatran|Heatran, M, shiny|86\/100\n|-damage|p1a: Heatran|61\/100|[from] Spikes\n|move|p2a: Tax Evasion|Sucker Punch||[still]\n|-fail|p2a: Tax Evasion\n|\n|upkeep\n|turn|18\n|\n|t:|1698527582\n|move|p2a: Tax Evasion|Sucker Punch|p1a: Heatran\n|-damage|p1a: Heatran|3\/100\n|move|p1a: Heatran|Magma Storm|p2a: Tax Evasion\n|-supereffective|p2a: Tax Evasion\n|-damage|p2a: Tax Evasion|0 fnt\n|faint|p2a: Tax Evasion\n|-end|p2a: Tax Evasion|fallen3|[silent]\n|\n|upkeep\n|c|\u2606WAWASLAYERHASHIRA|hmm\n|\n|t:|1698527592\n|switch|p2a: Terrorist|Ribombee, F|100\/100\n|turn|19\n|\n|t:|1698527612\n|switch|p1a: Dragapult|Dragapult, M, shiny|100\/100\n|-damage|p1a: Dragapult|76\/100|[from] Spikes\n|move|p2a: Terrorist|Bug Buzz|p1a: Dragapult\n|-resisted|p1a: Dragapult\n|-damage|p1a: Dragapult|48\/100\n|\n|upkeep\n|turn|20\n|\n|t:|1698527621\n|move|p1a: Dragapult|Will-O-Wisp|p2a: Terrorist|[miss]\n|-miss|p1a: Dragapult|p2a: Terrorist\n|move|p2a: Terrorist|Moonblast|p1a: Dragapult\n|-supereffective|p1a: Dragapult\n|-damage|p1a: Dragapult|0 fnt\n|faint|p1a: Dragapult\n|\n|upkeep\n|\n|t:|1698527629\n|switch|p1a: Landorus|Landorus-Therian, M|100\/100\n|-ability|p1a: Landorus|Intimidate|boost\n|-unboost|p2a: Terrorist|atk|1\n|turn|21\n|\n|t:|1698527636\n|move|p2a: Terrorist|Moonblast|p1a: Landorus\n|-damage|p1a: Landorus|61\/100\n|move|p1a: Landorus|Stealth Rock|p2a: Terrorist\n|-sidestart|p2: WAWASLAYERHASHIRA|move: Stealth Rock\n|\n|-heal|p1a: Landorus|67\/100|[from] item: Leftovers\n|upkeep\n|turn|22\n|\n|t:|1698527644\n|move|p2a: Terrorist|Calm Mind|p2a: Terrorist\n|-boost|p2a: Terrorist|spa|1\n|-boost|p2a: Terrorist|spd|1\n|move|p1a: Landorus|Earthquake|p2a: Terrorist\n|-resisted|p2a: Terrorist\n|-damage|p2a: Terrorist|53\/100\n|\n|-heal|p2a: Terrorist|60\/100|[from] item: Leftovers\n|-heal|p1a: Landorus|73\/100|[from] item: Leftovers\n|upkeep\n|turn|23\n|\n|t:|1698527654\n|move|p2a: Terrorist|Calm Mind|p2a: Terrorist\n|-boost|p2a: Terrorist|spa|1\n|-boost|p2a: Terrorist|spd|1\n|move|p1a: Landorus|Earthquake|p2a: Terrorist\n|-resisted|p2a: Terrorist\n|-damage|p2a: Terrorist|9\/100\n|\n|-heal|p2a: Terrorist|15\/100|[from] item: Leftovers\n|-heal|p1a: Landorus|79\/100|[from] item: Leftovers\n|upkeep\n|turn|24\n|\n|t:|1698527662\n|move|p2a: Terrorist|Moonblast|p1a: Landorus\n|-damage|p1a: Landorus|0 fnt\n|faint|p1a: Landorus\n|\n|-heal|p2a: Terrorist|21\/100|[from] item: Leftovers\n|upkeep\n|\n|t:|1698527670\n|switch|p1a: Slowking|Slowking, F, shiny|100\/100\n|turn|25\n|c|\u2606WAWASLAYERHASHIRA|u have no speedy mons so you're dead\n|\n|t:|1698527678\n|move|p2a: Terrorist|Bug Buzz|p1a: Slowking\n|-supereffective|p1a: Slowking\n|-damage|p1a: Slowking|0 fnt\n|faint|p1a: Slowking\n|\n|-heal|p2a: Terrorist|27\/100|[from] item: Leftovers\n|upkeep\n|\n|t:|1698527683\n|switch|p1a: Bisharp|Bisharp, F|23\/100\n|-damage|p1a: Bisharp|0 fnt|[from] Spikes\n|faint|p1a: Bisharp\n|c|\u2606OwenDaPotato|Uh oh\n|\n|t:|1698527689\n|switch|p1a: Heatran|Heatran, M, shiny|3\/100\n|-damage|p1a: Heatran|0 fnt|[from] Spikes\n|faint|p1a: Heatran\n|c|\u2606WAWASLAYERHASHIRA|zawg fell in my plan\n|\n|t:|1698527694\n|switch|p1a: Rillaboom|Rillaboom, F, shiny|100\/100\n|-damage|p1a: Rillaboom|76\/100|[from] Spikes\n|-fieldstart|move: Grassy Terrain|[from] ability: Grassy Surge|[of] p1a: Rillaboom\n|turn|26\n|\n|t:|1698527701\n|move|p2a: Terrorist|Bug Buzz|p1a: Rillaboom\n|-supereffective|p1a: Rillaboom\n|-damage|p1a: Rillaboom|0 fnt\n|faint|p1a: Rillaboom\n|\n|win|WAWASLAYERHASHIRA\n|c|\u2606OwenDaPotato|Oh\n|c|\u2606OwenDaPotato|Sad\n|c|\u2606WAWASLAYERHASHIRA|LMFAO\n|c|\u2606WAWASLAYERHASHIRA|BRO THOUGHT\n","uploadtime":1698527720,"views":8,"p1id":"owendapotato","p2id":"wawaslayerhashira","formatid":"gen9anythinggoes","rating":0,"private":0,"password":""}