{"id":"gen9anythinggoes-1977837413","p1":"jsisjixj","p2":"Insomniac89","format":"[Gen 9] Anything Goes","log":"|j|\u2606jsisjixj\n|j|\u2606Insomniac89\n|t:|1698455724\n|gametype|singles\n|player|p1|jsisjixj|170|1000\n|player|p2|Insomniac89|colress|1079\n|teamsize|p1|6\n|teamsize|p2|6\n|gen|9\n|tier|[Gen 9] Anything Goes\n|rated|\n|rule|HP Percentage Mod: HP is shown in percentages\n|rule|Endless Battle Clause: Forcing endless battles is banned\n|clearpoke\n|poke|p1|Sylveon, F|\n|poke|p1|Vaporeon, M|\n|poke|p1|Umbreon, F|\n|poke|p1|Jolteon, M|\n|poke|p1|Leafeon, M|\n|poke|p1|Glaceon, M|\n|poke|p2|Arboliva, M|\n|poke|p2|Trevenant, M|\n|poke|p2|Ogerpon-Wellspring, F|\n|poke|p2|Arcanine-Hisui, F|\n|poke|p2|Cryogonal|\n|poke|p2|Glimmora, F|\n|teampreview\n|\n|t:|1698455740\n|start\n|switch|p1a: Leafeon|Leafeon, M|100\/100\n|switch|p2a: Subnautica!!|Glimmora, F, shiny|100\/100\n|turn|1\n|\n|t:|1698455760\n|-terastallize|p1a: Leafeon|Grass\n|move|p1a: Leafeon|Leech Seed|p2a: Subnautica!!|[miss]\n|-miss|p1a: Leafeon|p2a: Subnautica!!\n|move|p2a: Subnautica!!|Toxic|p1a: Leafeon\n|-status|p1a: Leafeon|tox\n|\n|-damage|p1a: Leafeon|95\/100 tox|[from] psn\n|upkeep\n|turn|2\n|\n|t:|1698455771\n|move|p1a: Leafeon|Leech Seed|p2a: Subnautica!!\n|-start|p2a: Subnautica!!|move: Leech Seed\n|move|p2a: Subnautica!!|Spikes|p1a: Leafeon\n|-sidestart|p1: jsisjixj|Spikes\n|\n|-damage|p2a: Subnautica!!|88\/100|[from] Leech Seed|[of] p1a: Leafeon\n|-heal|p1a: Leafeon|100\/100 tox|[silent]\n|-damage|p1a: Leafeon|89\/100 tox|[from] psn\n|upkeep\n|turn|3\n|\n|t:|1698455782\n|move|p1a: Leafeon|Hyper Voice|p2a: Subnautica!!\n|-resisted|p2a: Subnautica!!\n|-damage|p2a: Subnautica!!|79\/100\n|move|p2a: Subnautica!!|Spikes|p1a: Leafeon\n|-sidestart|p1: jsisjixj|Spikes\n|\n|-damage|p2a: Subnautica!!|67\/100|[from] Leech Seed|[of] p1a: Leafeon\n|-heal|p1a: Leafeon|100\/100 tox|[silent]\n|-damage|p1a: Leafeon|83\/100 tox|[from] psn\n|upkeep\n|turn|4\n|\n|t:|1698455792\n|move|p1a: Leafeon|Calm Mind|p1a: Leafeon\n|-boost|p1a: Leafeon|spa|1\n|-boost|p1a: Leafeon|spd|1\n|move|p2a: Subnautica!!|Spikes|p1a: Leafeon\n|-sidestart|p1: jsisjixj|Spikes\n|\n|-damage|p2a: Subnautica!!|54\/100|[from] Leech Seed|[of] p1a: Leafeon\n|-heal|p1a: Leafeon|95\/100 tox|[silent]\n|-damage|p1a: Leafeon|71\/100 tox|[from] psn\n|upkeep\n|turn|5\n|\n|t:|1698455801\n|switch|p2a: Paw Patrol|Arcanine-Hisui, F|100\/100\n|move|p1a: Leafeon|Leaf Storm|p2a: Paw Patrol\n|-damage|p2a: Paw Patrol|10\/100\n|-unboost|p1a: Leafeon|spa|2\n|\n|-damage|p1a: Leafeon|41\/100 tox|[from] psn\n|upkeep\n|turn|6\n|\n|t:|1698455811\n|move|p1a: Leafeon|Hyper Voice|p2a: Paw Patrol\n|-resisted|p2a: Paw Patrol\n|-damage|p2a: Paw Patrol|4\/100\n|move|p2a: Paw Patrol|Flame Charge|p1a: Leafeon\n|-supereffective|p1a: Leafeon\n|-damage|p1a: Leafeon|0 fnt\n|-boost|p2a: Paw Patrol|spe|1\n|faint|p1a: Leafeon\n|\n|upkeep\n|\n|t:|1698455817\n|switch|p1a: Jolteon|Jolteon, M|100\/100\n|-damage|p1a: Jolteon|75\/100|[from] Spikes\n|turn|7\n|\n|t:|1698455826\n|move|p2a: Paw Patrol|Rock Tomb|p1a: Jolteon\n|-damage|p1a: Jolteon|42\/100\n|-unboost|p1a: Jolteon|spe|1\n|move|p1a: Jolteon|Volt Switch|p2a: Paw Patrol\n|-damage|p2a: Paw Patrol|0 fnt\n|faint|p2a: Paw Patrol\n|\n|t:|1698455840\n|switch|p1a: Vaporeon|Vaporeon, M|100\/100|[from] Volt Switch\n|-damage|p1a: Vaporeon|76\/100|[from] Spikes\n|\n|upkeep\n|\n|t:|1698455846\n|switch|p2a: Tremerous Trevor|Trevenant, M, shiny|100\/100\n|turn|8\n|\n|t:|1698455853\n|move|p2a: Tremerous Trevor|Grass Knot|p1a: Vaporeon\n|-supereffective|p1a: Vaporeon\n|-damage|p1a: Vaporeon|48\/100\n|move|p1a: Vaporeon|Blizzard|p2a: Tremerous Trevor\n|-supereffective|p2a: Tremerous Trevor\n|-damage|p2a: Tremerous Trevor|14\/100\n|-enditem|p2a: Tremerous Trevor|Figy Berry|[eat]\n|-heal|p2a: Tremerous Trevor|47\/100|[from] item: Figy Berry\n|\n|-item|p2a: Tremerous Trevor|Figy Berry|[from] ability: Harvest\n|upkeep\n|turn|9\n|\n|t:|1698455863\n|move|p2a: Tremerous Trevor|Grass Knot|p1a: Vaporeon\n|-supereffective|p1a: Vaporeon\n|-damage|p1a: Vaporeon|19\/100\n|move|p1a: Vaporeon|Blizzard|p2a: Tremerous Trevor\n|-supereffective|p2a: Tremerous Trevor\n|-damage|p2a: Tremerous Trevor|0 fnt\n|faint|p2a: Tremerous Trevor\n|\n|upkeep\n|\n|t:|1698455876\n|switch|p2a: That one emoji|Ogerpon-Wellspring, F|100\/100\n|turn|10\n|\n|t:|1698455895\n|switch|p1a: Glaceon|Glaceon, M|100\/100\n|-damage|p1a: Glaceon|76\/100|[from] Spikes\n|move|p2a: That one emoji|Giga Drain|p1a: Glaceon\n|-damage|p1a: Glaceon|56\/100\n|\n|upkeep\n|turn|11\n|inactive|Battle timer is ON: inactive players will automatically lose when time's up. (requested by jsisjixj)\n|\n|t:|1698455922\n|move|p2a: That one emoji|Substitute|p2a: That one emoji\n|-start|p2a: That one emoji|Substitute\n|-damage|p2a: That one emoji|76\/100\n|move|p1a: Glaceon|Icicle Spear|p2a: That one emoji\n|-activate|p2a: That one emoji|move: Substitute|[damage]\n|-activate|p2a: That one emoji|move: Substitute|[damage]\n|-hitcount|p2a: That one emoji|2\n|\n|upkeep\n|turn|12\n|\n|t:|1698455930\n|switch|p2a: Subnautica!!|Glimmora, F, shiny|54\/100\n|move|p1a: Glaceon|Icicle Spear|p2a: Subnautica!!\n|-damage|p2a: Subnautica!!|48\/100\n|-activate|p2a: Subnautica!!|ability: Toxic Debris\n|-sidestart|p1: jsisjixj|move: Toxic Spikes\n|-damage|p2a: Subnautica!!|41\/100\n|-activate|p2a: Subnautica!!|ability: Toxic Debris\n|-sidestart|p1: jsisjixj|move: Toxic Spikes\n|-damage|p2a: Subnautica!!|34\/100\n|-damage|p2a: Subnautica!!|28\/100\n|-damage|p2a: Subnautica!!|21\/100\n|-hitcount|p2a: Subnautica!!|5\n|\n|upkeep\n|turn|13\n|\n|t:|1698455949\n|move|p2a: Subnautica!!|Ancient Power|p1a: Glaceon\n|-supereffective|p1a: Glaceon\n|-damage|p1a: Glaceon|6\/100\n|move|p1a: Glaceon|Blizzard|p2a: Subnautica!!\n|-damage|p2a: Subnautica!!|0 fnt\n|faint|p2a: Subnautica!!\n|\n|upkeep\n|\n|t:|1698455956\n|switch|p2a: Wheatly|Cryogonal, shiny|100\/100\n|turn|14\n|\n|t:|1698455968\n|move|p2a: Wheatly|Freeze-Dry|p1a: Glaceon\n|-resisted|p1a: Glaceon\n|-damage|p1a: Glaceon|0 fnt\n|faint|p1a: Glaceon\n|\n|upkeep\n|\n|t:|1698455973\n|switch|p1a: Jolteon|Jolteon, M|42\/100\n|-damage|p1a: Jolteon|17\/100|[from] Spikes\n|-status|p1a: Jolteon|tox\n|turn|15\n|\n|t:|1698455982\n|move|p1a: Jolteon|Volt Switch|p2a: Wheatly\n|-damage|p2a: Wheatly|73\/100\n|\n|t:|1698455987\n|switch|p1a: Umbreon|Umbreon, F|100\/100|[from] Volt Switch\n|-damage|p1a: Umbreon|75\/100|[from] Spikes\n|-status|p1a: Umbreon|tox\n|move|p2a: Wheatly|Freeze-Dry|p1a: Umbreon\n|-damage|p1a: Umbreon|57\/100 tox\n|\n|-damage|p1a: Umbreon|50\/100 tox|[from] psn\n|upkeep\n|turn|16\n|\n|t:|1698456012\n|switch|p2a: Toxic|Arboliva, M|100\/100\n|move|p1a: Umbreon|Dark Pulse|p2a: Toxic\n|-damage|p2a: Toxic|82\/100\n|\n|-damage|p1a: Umbreon|38\/100 tox|[from] psn\n|upkeep\n|turn|17\n|\n|t:|1698456024\n|move|p1a: Umbreon|Facade|p2a: Toxic\n|-damage|p2a: Toxic|65\/100\n|move|p2a: Toxic|Leech Seed|p1a: Umbreon|[miss]\n|-miss|p2a: Toxic|p1a: Umbreon\n|\n|-damage|p1a: Umbreon|20\/100 tox|[from] psn\n|upkeep\n|turn|18\n|\n|t:|1698456035\n|move|p1a: Umbreon|Facade|p2a: Toxic\n|-damage|p2a: Toxic|48\/100\n|move|p2a: Toxic|Sunny Day|p2a: Toxic\n|-weather|SunnyDay\n|\n|-weather|SunnyDay|[upkeep]\n|-damage|p1a: Umbreon|0 fnt|[from] psn\n|faint|p1a: Umbreon\n|upkeep\n|\n|t:|1698456039\n|switch|p1a: Jolteon|Jolteon, M|17\/100 tox\n|-damage|p1a: Jolteon|0 fnt|[from] Spikes\n|faint|p1a: Jolteon\n|\n|t:|1698456041\n|switch|p1a: Vaporeon|Vaporeon, M|19\/100\n|-damage|p1a: Vaporeon|0 fnt|[from] Spikes\n|faint|p1a: Vaporeon\n|\n|t:|1698456043\n|switch|p1a: Sylveon|Sylveon, F|100\/100\n|-damage|p1a: Sylveon|75\/100|[from] Spikes\n|-status|p1a: Sylveon|tox\n|turn|19\n|\n|t:|1698456054\n|move|p1a: Sylveon|Calm Mind|p1a: Sylveon\n|-boost|p1a: Sylveon|spa|1\n|-boost|p1a: Sylveon|spd|1\n|move|p2a: Toxic|Solar Blade||[still]\n|-prepare|p2a: Toxic|Solar Blade\n|-anim|p2a: Toxic|Solar Blade|p1a: Sylveon\n|-damage|p1a: Sylveon|36\/100 tox\n|-start|p2a: Toxic|Attract|[from] ability: Cute Charm|[of] p1a: Sylveon\n|\n|-weather|SunnyDay|[upkeep]\n|-damage|p1a: Sylveon|29\/100 tox|[from] psn\n|upkeep\n|turn|20\n|\n|t:|1698456069\n|move|p1a: Sylveon|Misty Explosion|p2a: Toxic\n|-damage|p2a: Toxic|0 fnt\n|faint|p1a: Sylveon\n|faint|p2a: Toxic\n|\n|win|Insomniac89\n|raw|jsisjixj's rating: 1000 &rarr; <strong>1000<\/strong><br \/>(+0 for losing)\n|raw|Insomniac89's rating: 1079 &rarr; <strong>1101<\/strong><br \/>(+22 for winning)\n|l|\u2606jsisjixj\n","uploadtime":1698456082,"views":5,"p1id":"jsisjixj","p2id":"insomniac89","formatid":"gen9anythinggoes","rating":1000,"private":0,"password":""}