{"id":"gen9anythinggoes-1997931697","p1":"Funkoid","p2":"walRus2763","format":"[Gen 9] Anything Goes","log":"|j|\u2606Funkoid\n|j|\u2606walRus2763\n|t:|1700868920\n|gametype|singles\n|player|p1|Funkoid|sisandbro|\n|player|p2|walRus2763|rocketgrunt|\n|teamsize|p1|6\n|teamsize|p2|6\n|gen|9\n|tier|[Gen 9] Anything Goes\n|rule|HP Percentage Mod: HP is shown in percentages\n|rule|Endless Battle Clause: Forcing endless battles is banned\n|clearpoke\n|poke|p1|Mightyena, F|\n|poke|p1|Crawdaunt, F|\n|poke|p1|Ludicolo, F|\n|poke|p1|Gyarados, F|\n|poke|p1|Muk, F|\n|poke|p1|Kyogre|\n|poke|p2|Mightyena, F|\n|poke|p2|Torterra, F|\n|poke|p2|Camerupt, M|\n|poke|p2|Donphan, F|\n|poke|p2|Krookodile, M|\n|poke|p2|Groudon|\n|teampreview\n|\n|t:|1700868959\n|start\n|switch|p1a: Mightyena|Mightyena, F, shiny|100\/100\n|switch|p2a: Mightyena|Mightyena, F|100\/100\n|turn|1\n|\n|t:|1700868967\n|-terastallize|p1a: Mightyena|Dark\n|move|p2a: Mightyena|Play Rough|p1a: Mightyena\n|-supereffective|p1a: Mightyena\n|-damage|p1a: Mightyena|0 fnt\n|faint|p1a: Mightyena\n|-ability|p2a: Mightyena|Moxie|boost\n|-boost|p2a: Mightyena|atk|1\n|-damage|p2a: Mightyena|91\/100|[from] item: Life Orb\n|\n|upkeep\n|\n|t:|1700868981\n|switch|p1a: Kyogre|Kyogre, shiny|100\/100\n|-weather|RainDance|[from] ability: Drizzle|[of] p1a: Kyogre\n|turn|2\n|\n|t:|1700868993\n|move|p2a: Mightyena|Play Rough|p1a: Kyogre\n|-damage|p1a: Kyogre|54\/100\n|-damage|p2a: Mightyena|81\/100|[from] item: Life Orb\n|move|p1a: Kyogre|Hyper Beam|p2a: Mightyena\n|-damage|p2a: Mightyena|0 fnt\n|-mustrecharge|p1a: Kyogre\n|faint|p2a: Mightyena\n|\n|-weather|RainDance|[upkeep]\n|upkeep\n|\n|t:|1700869003\n|switch|p2a: Torterra|Torterra, F|100\/100\n|turn|3\n|\n|t:|1700869007\n|cant|p1a: Kyogre|recharge\n|move|p2a: Torterra|Wood Hammer|p1a: Kyogre\n|-supereffective|p1a: Kyogre\n|-damage|p1a: Kyogre|0 fnt\n|faint|p1a: Kyogre\n|-damage|p2a: Torterra|82\/100|[from] Recoil\n|\n|-weather|RainDance|[upkeep]\n|-heal|p2a: Torterra|88\/100|[from] item: Leftovers\n|upkeep\n|\n|t:|1700869026\n|switch|p1a: Ludicolo|Ludicolo, F, shiny|100\/100\n|turn|4\n|\n|t:|1700869034\n|move|p1a: Ludicolo|Ice Beam|p2a: Torterra\n|-supereffective|p2a: Torterra\n|-damage|p2a: Torterra|0 fnt\n|faint|p2a: Torterra\n|\n|-weather|RainDance|[upkeep]\n|upkeep\n|\n|t:|1700869053\n|switch|p2a: Donphan|Donphan, F|100\/100\n|turn|5\n|\n|t:|1700869071\n|move|p1a: Ludicolo|Hydro Pump|p2a: Donphan\n|-supereffective|p2a: Donphan\n|-ability|p2a: Donphan|Sturdy\n|-damage|p2a: Donphan|1\/100\n|move|p2a: Donphan|Knock Off|p1a: Ludicolo\n|-damage|p1a: Ludicolo|63\/100\n|\n|-weather|RainDance|[upkeep]\n|-heal|p2a: Donphan|7\/100|[from] item: Leftovers\n|upkeep\n|turn|6\n|\n|t:|1700869086\n|move|p1a: Ludicolo|Giga Drain|p2a: Donphan\n|-supereffective|p2a: Donphan\n|-damage|p2a: Donphan|0 fnt\n|-heal|p1a: Ludicolo|67\/100|[from] drain|[of] p2a: Donphan\n|faint|p2a: Donphan\n|\n|-weather|none\n|upkeep\n|\n|t:|1700869095\n|switch|p2a: Camerupt|Camerupt, M|100\/100\n|turn|7\n|\n|t:|1700869108\n|move|p1a: Ludicolo|Hydro Pump|p2a: Camerupt\n|-supereffective|p2a: Camerupt\n|-damage|p2a: Camerupt|0 fnt\n|faint|p2a: Camerupt\n|\n|upkeep\n|\n|t:|1700869113\n|switch|p2a: Krookodile|Krookodile, M|100\/100\n|-ability|p2a: Krookodile|Intimidate|boost\n|-unboost|p1a: Ludicolo|atk|1\n|turn|8\n|\n|t:|1700869124\n|move|p2a: Krookodile|Crunch|p1a: Ludicolo\n|-damage|p1a: Ludicolo|6\/100\n|move|p1a: Ludicolo|Hydro Pump|p2a: Krookodile\n|-supereffective|p2a: Krookodile\n|-damage|p2a: Krookodile|0 fnt\n|faint|p2a: Krookodile\n|\n|upkeep\n|\n|t:|1700869130\n|switch|p2a: Groudon|Groudon, shiny|100\/100\n|-weather|SunnyDay|[from] ability: Drought|[of] p2a: Groudon\n|turn|9\n|\n|t:|1700869150\n|-terastallize|p2a: Groudon|Electric\n|move|p2a: Groudon|Solar Beam||[still]\n|-prepare|p2a: Groudon|Solar Beam\n|-anim|p2a: Groudon|Solar Beam|p1a: Ludicolo\n|-damage|p1a: Ludicolo|0 fnt\n|faint|p1a: Ludicolo\n|\n|-weather|SunnyDay|[upkeep]\n|upkeep\n|\n|t:|1700869158\n|switch|p1a: Crawdaunt|Crawdaunt, F|100\/100\n|turn|10\n|\n|t:|1700869166\n|move|p2a: Groudon|Thunderbolt|p1a: Crawdaunt\n|-supereffective|p1a: Crawdaunt\n|-damage|p1a: Crawdaunt|0 fnt\n|faint|p1a: Crawdaunt\n|\n|-weather|SunnyDay|[upkeep]\n|upkeep\n|\n|t:|1700869172\n|switch|p1a: Muk|Muk, F, shiny|100\/100\n|turn|11\n|\n|t:|1700869181\n|move|p2a: Groudon|Precipice Blades|p1a: Muk\n|-supereffective|p1a: Muk\n|-damage|p1a: Muk|0 fnt\n|faint|p1a: Muk\n|\n|-weather|SunnyDay|[upkeep]\n|upkeep\n|\n|t:|1700869186\n|switch|p1a: Gyarados|Gyarados, F|100\/100\n|-ability|p1a: Gyarados|Intimidate|boost\n|-unboost|p2a: Groudon|atk|1\n|turn|12\n|\n|t:|1700869193\n|move|p2a: Groudon|Thunderbolt|p1a: Gyarados\n|-supereffective|p1a: Gyarados\n|-enditem|p1a: Gyarados|Focus Sash\n|-damage|p1a: Gyarados|1\/100\n|move|p1a: Gyarados|Earthquake|p2a: Groudon\n|-supereffective|p2a: Groudon\n|-damage|p2a: Groudon|49\/100\n|\n|-weather|SunnyDay|[upkeep]\n|upkeep\n|turn|13\n|\n|t:|1700869230\n|move|p2a: Groudon|Thunderbolt|p1a: Gyarados\n|-supereffective|p1a: Gyarados\n|-damage|p1a: Gyarados|0 fnt\n|faint|p1a: Gyarados\n|\n|win|walRus2763\n|l|\u2606walRus2763\n|l|\u2606Funkoid\n|j|\u2606walRus2763\n|player|p2|walRus2763|rocketgrunt\n","uploadtime":1700870332,"views":1,"p1id":"funkoid","p2id":"walrus2763","formatid":"gen9anythinggoes","rating":0,"private":0,"password":""}