{"id":"gen9anythinggoes-1998184973","p1":"AGisgood\u82cd\u54cd\u4fa0","p2":"AGLP 1","format":"[Gen 9] Anything Goes","log":"|j|\u2606AGisgood\u82cd\u54cd\u4fa0\n|j|\u2606AGLP 1\n|t:|1700908462\n|gametype|singles\n|player|p1|AGisgood\u82cd\u54cd\u4fa0|cynthia-masters|\n|player|p2|AGLP 1|anabel|\n|teamsize|p1|6\n|teamsize|p2|6\n|gen|9\n|tier|[Gen 9] Anything Goes\n|rule|HP Percentage Mod: HP is shown in percentages\n|rule|Endless Battle Clause: Forcing endless battles is banned\n|clearpoke\n|poke|p1|Blissey, F|\n|poke|p1|Gliscor, M|\n|poke|p1|Mandibuzz, F|\n|poke|p1|Dondozo, F|\n|poke|p1|Alomomola, F|\n|poke|p1|Clodsire, F|\n|poke|p2|Calyrex-Shadow|\n|poke|p2|Zacian-*|\n|poke|p2|Landorus-Therian, M|\n|poke|p2|Ting-Lu|\n|poke|p2|Koraidon|\n|poke|p2|Arceus|\n|teampreview\n|inactive|Battle timer is ON: inactive players will automatically lose when time's up. (requested by AGisgood\u82cd\u54cd\u4fa0)\n|inactive|AGLP 1 also wants the timer to be on.\n|c|\u2606AGLP 1|Every ag ladder player use this same stall team\n|\n|t:|1700908490\n|start\n|switch|p1a: Gliscor|Gliscor, M|100\/100\n|switch|p2a: Landorus|Landorus-Therian, M|100\/100\n|-ability|p2a: Landorus|Intimidate|boost\n|-unboost|p1a: Gliscor|atk|1\n|turn|1\n|\n|t:|1700908496\n|move|p1a: Gliscor|Spikes|p2a: Landorus\n|-sidestart|p2: AGLP 1|Spikes\n|move|p2a: Landorus|Taunt|p1a: Gliscor\n|-start|p1a: Gliscor|move: Taunt\n|\n|-status|p1a: Gliscor|tox|[from] item: Toxic Orb\n|upkeep\n|turn|2\n|\n|t:|1700908503\n|switch|p1a: Mandibuzz|Mandibuzz, F|100\/100\n|move|p2a: Landorus|Stealth Rock|p1a: Mandibuzz\n|-sidestart|p1: AGisgood\u82cd\u54cd\u4fa0|move: Stealth Rock\n|\n|upkeep\n|turn|3\n|\n|t:|1700908512\n|switch|p2a: Koraidon|Koraidon|100\/100\n|-damage|p2a: Koraidon|88\/100|[from] Spikes\n|-weather|SunnyDay|[from] ability: Orichalcum Pulse|[of] p2a: Koraidon\n|-activate|p2a: Koraidon|Orichalcum Pulse|[source]\n|move|p1a: Mandibuzz|Knock Off|p2a: Koraidon\n|-resisted|p2a: Koraidon\n|-damage|p2a: Koraidon|77\/100\n|-enditem|p2a: Koraidon|Loaded Dice|[from] move: Knock Off|[of] p1a: Mandibuzz\n|\n|-weather|SunnyDay|[upkeep]\n|upkeep\n|turn|4\n|\n|t:|1700908516\n|switch|p1a: Alomomola|Alomomola, F|100\/100\n|move|p2a: Koraidon|Scale Shot|p1a: Alomomola\n|-damage|p1a: Alomomola|89\/100\n|-damage|p1a: Alomomola|80\/100\n|-hitcount|p1a: Alomomola|2\n|-unboost|p2a: Koraidon|def|1\n|-boost|p2a: Koraidon|spe|1\n|\n|-weather|SunnyDay|[upkeep]\n|upkeep\n|turn|5\n|\n|t:|1700908522\n|move|p1a: Alomomola|Protect|p1a: Alomomola\n|-singleturn|p1a: Alomomola|Protect\n|move|p2a: Koraidon|Taunt|p1a: Alomomola\n|-activate|p1a: Alomomola|move: Protect\n|\n|-weather|SunnyDay|[upkeep]\n|upkeep\n|turn|6\n|\n|t:|1700908527\n|move|p2a: Koraidon|Taunt|p1a: Alomomola\n|-start|p1a: Alomomola|move: Taunt\n|move|p1a: Alomomola|Flip Turn|p2a: Koraidon\n|-resisted|p2a: Koraidon\n|-damage|p2a: Koraidon|72\/100\n|\n|t:|1700908531\n|switch|p1a: Gliscor|Gliscor, M|100\/100 tox|[from] Flip Turn\n|-damage|p1a: Gliscor|88\/100 tox|[from] Stealth Rock\n|\n|-weather|SunnyDay|[upkeep]\n|-heal|p1a: Gliscor|100\/100 tox|[from] ability: Poison Heal\n|upkeep\n|turn|7\n|\n|t:|1700908539\n|move|p2a: Koraidon|Swords Dance|p2a: Koraidon\n|-boost|p2a: Koraidon|atk|2\n|move|p1a: Gliscor|Toxic|p2a: Koraidon\n|-status|p2a: Koraidon|tox\n|\n|-weather|none\n|-damage|p2a: Koraidon|66\/100 tox|[from] psn\n|upkeep\n|turn|8\n|\n|t:|1700908546\n|move|p1a: Gliscor|Protect|p1a: Gliscor\n|-singleturn|p1a: Gliscor|Protect\n|move|p2a: Koraidon|Scale Shot|p1a: Gliscor\n|-activate|p1a: Gliscor|move: Protect\n|\n|-damage|p2a: Koraidon|53\/100 tox|[from] psn\n|upkeep\n|turn|9\n|\n|t:|1700908553\n|switch|p1a: Dondozo|Dondozo, F|100\/100\n|move|p2a: Koraidon|Scale Shot|p1a: Dondozo\n|-damage|p1a: Dondozo|94\/100\n|-damage|p1a: Dondozo|87\/100\n|-damage|p1a: Dondozo|80\/100\n|-damage|p1a: Dondozo|73\/100\n|-damage|p1a: Dondozo|67\/100\n|-hitcount|p1a: Dondozo|5\n|-unboost|p2a: Koraidon|def|1\n|-boost|p2a: Koraidon|spe|1\n|\n|-damage|p2a: Koraidon|35\/100 tox|[from] psn\n|upkeep\n|turn|10\n|\n|t:|1700908560\n|move|p2a: Koraidon|Scale Shot|p1a: Dondozo\n|-damage|p1a: Dondozo|60\/100\n|-damage|p1a: Dondozo|53\/100\n|-hitcount|p1a: Dondozo|2\n|-unboost|p2a: Koraidon|def|1\n|-boost|p2a: Koraidon|spe|1\n|move|p1a: Dondozo|Rest|p1a: Dondozo\n|-status|p1a: Dondozo|slp|[from] move: Rest\n|-heal|p1a: Dondozo|100\/100 slp|[silent]\n|\n|-damage|p2a: Koraidon|10\/100 tox|[from] psn\n|upkeep\n|turn|11\n|\n|t:|1700908565\n|switch|p1a: Alomomola|Alomomola, F|100\/100\n|move|p2a: Koraidon|Taunt|p1a: Alomomola\n|-start|p1a: Alomomola|move: Taunt\n|\n|-damage|p2a: Koraidon|0 fnt|[from] psn\n|faint|p2a: Koraidon\n|upkeep\n|c|\u2606AGLP 1|Who is the owner of this team\n|c|\u2606AGisgood\u82cd\u54cd\u4fa0|laprasplayer\n|inactive|AGLP 1 has 270 seconds left.\n|c|\u2606AGisgood\u82cd\u54cd\u4fa0|this guy\n|\n|t:|1700908596\n|switch|p2a: Zacian|Zacian-Crowned|100\/100\n|-damage|p2a: Zacian|88\/100|[from] Spikes\n|-ability|p2a: Zacian|Intrepid Sword|boost\n|-boost|p2a: Zacian|atk|1\n|turn|12\n|\n|t:|1700908605\n|move|p2a: Zacian|Swords Dance|p2a: Zacian\n|-boost|p2a: Zacian|atk|2\n|move|p1a: Alomomola|Flip Turn|p2a: Zacian\n|-damage|p2a: Zacian|73\/100\n|\n|t:|1700908610\n|switch|p1a: Dondozo|Dondozo, F|100\/100 slp|[from] Flip Turn\n|\n|upkeep\n|turn|13\n|c|\u2606AGLP 1|Best ag player is lapras player\n|\n|t:|1700908622\n|move|p2a: Zacian|Wild Charge|p1a: Dondozo\n|-supereffective|p1a: Dondozo\n|-damage|p1a: Dondozo|71\/100 slp\n|-damage|p2a: Zacian|62\/100|[from] Recoil\n|cant|p1a: Dondozo|slp\n|move|p1a: Dondozo|Sleep Talk|p1a: Dondozo\n|move|p1a: Dondozo|Body Press|p2a: Zacian|[from]move: Sleep Talk\n|-damage|p2a: Zacian|35\/100\n|\n|upkeep\n|turn|14\n|\n|t:|1700908638\n|move|p2a: Zacian|Behemoth Blade|p1a: Dondozo\n|-resisted|p1a: Dondozo\n|-crit|p1a: Dondozo\n|-damage|p1a: Dondozo|50\/100 slp\n|cant|p1a: Dondozo|slp\n|move|p1a: Dondozo|Sleep Talk|p1a: Dondozo\n|move|p1a: Dondozo|Fissure|p2a: Zacian|[from]move: Sleep Talk|[miss]\n|-miss|p1a: Dondozo|p2a: Zacian\n|\n|upkeep\n|turn|15\n|\n|t:|1700908647\n|move|p2a: Zacian|Behemoth Blade|p1a: Dondozo\n|-resisted|p1a: Dondozo\n|-damage|p1a: Dondozo|39\/100 slp\n|-curestatus|p1a: Dondozo|slp|[msg]\n|move|p1a: Dondozo|Rest|p1a: Dondozo\n|-status|p1a: Dondozo|slp|[from] move: Rest\n|-heal|p1a: Dondozo|100\/100 slp|[silent]\n|\n|upkeep\n|turn|16\n|\n|t:|1700908658\n|switch|p2a: Landorus|Landorus-Therian, M|100\/100\n|-ability|p2a: Landorus|Intimidate|boost\n|-unboost|p1a: Dondozo|atk|1\n|cant|p1a: Dondozo|slp\n|move|p1a: Dondozo|Sleep Talk|p1a: Dondozo\n|move|p1a: Dondozo|Body Press|p2a: Landorus|[from]move: Sleep Talk\n|-resisted|p2a: Landorus\n|-damage|p2a: Landorus|91\/100\n|-damage|p1a: Dondozo|84\/100 slp|[from] item: Rocky Helmet|[of] p2a: Landorus\n|\n|upkeep\n|turn|17\n|\n|t:|1700908672\n|switch|p1a: Gliscor|Gliscor, M|100\/100 tox\n|-damage|p1a: Gliscor|88\/100 tox|[from] Stealth Rock\n|move|p2a: Landorus|U-turn|p1a: Gliscor\n|-resisted|p1a: Gliscor\n|-damage|p1a: Gliscor|82\/100 tox\n|\n|t:|1700908691\n|switch|p2a: Zacian|Zacian-Crowned|35\/100|[from] U-turn\n|-damage|p2a: Zacian|22\/100|[from] Spikes\n|\n|-heal|p1a: Gliscor|94\/100 tox|[from] ability: Poison Heal\n|upkeep\n|turn|18\n|\n|t:|1700908700\n|move|p2a: Zacian|Behemoth Blade|p1a: Gliscor\n|-damage|p1a: Gliscor|60\/100 tox\n|move|p1a: Gliscor|Earthquake|p2a: Zacian\n|-supereffective|p2a: Zacian\n|-damage|p2a: Zacian|0 fnt\n|faint|p2a: Zacian\n|\n|-heal|p1a: Gliscor|73\/100 tox|[from] ability: Poison Heal\n|upkeep\n|inactive|AGLP 1 has 270 seconds left.\n|\n|t:|1700908722\n|switch|p2a: Calyrex|Calyrex-Shadow|100\/100\n|-ability|p2a: Calyrex|As One\n|-ability|p2a: Calyrex|Unnerve\n|-damage|p2a: Calyrex|88\/100|[from] Spikes\n|turn|19\n|inactive|AGLP 1 has 270 seconds left.\n|\n|t:|1700908735\n|switch|p1a: Blissey|Blissey, F|100\/100\n|move|p2a: Calyrex|Astral Barrage|p1a: Blissey\n|-immune|p1a: Blissey\n|\n|upkeep\n|turn|20\n|\n|t:|1700908742\n|switch|p2a: Landorus|Landorus-Therian, M|91\/100\n|-ability|p2a: Landorus|Intimidate|boost\n|-unboost|p1a: Blissey|atk|1\n|move|p1a: Blissey|Stealth Rock|p2a: Landorus\n|-sidestart|p2: AGLP 1|move: Stealth Rock\n|\n|upkeep\n|turn|21\n|c|\u2606AGisgood\u82cd\u54cd\u4fa0|I think the ladder does not represent anything\n|inactive|AGLP 1 has 270 seconds left.\n|c|\u2606AGLP 1|Oh really\n|\n|t:|1700908776\n|switch|p1a: Gliscor|Gliscor, M|73\/100 tox\n|-damage|p1a: Gliscor|60\/100 tox|[from] Stealth Rock\n|move|p2a: Landorus|Taunt|p1a: Gliscor\n|-start|p1a: Gliscor|move: Taunt\n|\n|-heal|p1a: Gliscor|73\/100 tox|[from] ability: Poison Heal\n|upkeep\n|turn|22\n|\n|t:|1700908790\n|switch|p1a: Alomomola|Alomomola, F|100\/100\n|move|p2a: Landorus|Taunt|p1a: Alomomola\n|-start|p1a: Alomomola|move: Taunt\n|\n|upkeep\n|turn|23\n|c|\u2606AGLP 1|Why u think this\n|\n|t:|1700908815\n|move|p2a: Landorus|U-turn|p1a: Alomomola\n|-damage|p1a: Alomomola|88\/100\n|c|\u2606AGisgood\u82cd\u54cd\u4fa0|because this ladder is dead\n|\n|t:|1700908826\n|switch|p2a: Calyrex|Calyrex-Shadow|88\/100|[from] U-turn\n|-ability|p2a: Calyrex|As One\n|-ability|p2a: Calyrex|Unnerve\n|-damage|p2a: Calyrex|76\/100|[from] Spikes\n|-damage|p2a: Calyrex|64\/100|[from] Stealth Rock\n|move|p1a: Alomomola|Flip Turn|p2a: Calyrex\n|-damage|p2a: Calyrex|45\/100\n|\n|t:|1700908835\n|switch|p1a: Blissey|Blissey, F|100\/100|[from] Flip Turn\n|\n|upkeep\n|turn|24\n|inactive|AGLP 1 has 270 seconds left.\n|\n|t:|1700908848\n|move|p2a: Calyrex|Grass Knot|p1a: Blissey\n|-damage|p1a: Blissey|91\/100\n|move|p1a: Blissey|Shadow Ball|p2a: Calyrex\n|-supereffective|p2a: Calyrex\n|-damage|p2a: Calyrex|0 fnt\n|faint|p2a: Calyrex\n|\n|upkeep\n|c|\u2606AGLP 1|Ooo shadow ball\n|c|\u2606AGisgood\u82cd\u54cd\u4fa0|people go to play ndou or sv ou\n|\n|t:|1700908861\n|switch|p2a: Ting-Lu|Ting-Lu|100\/100\n|-damage|p2a: Ting-Lu|88\/100|[from] Spikes\n|-damage|p2a: Ting-Lu|82\/100|[from] Stealth Rock\n|-ability|p2a: Ting-Lu|Vessel of Ruin\n|turn|25\n|\n|t:|1700908876\n|switch|p1a: Gliscor|Gliscor, M|73\/100 tox\n|-damage|p1a: Gliscor|60\/100 tox|[from] Stealth Rock\n|move|p2a: Ting-Lu|Spikes|p1a: Gliscor\n|-sidestart|p1: AGisgood\u82cd\u54cd\u4fa0|Spikes\n|\n|-heal|p2a: Ting-Lu|88\/100|[from] item: Leftovers\n|-heal|p1a: Gliscor|73\/100 tox|[from] ability: Poison Heal\n|upkeep\n|turn|26\n|\n|t:|1700908884\n|-terastallize|p2a: Ting-Lu|Poison\n|move|p1a: Gliscor|Toxic|p2a: Ting-Lu\n|-immune|p2a: Ting-Lu\n|move|p2a: Ting-Lu|Whirlwind|p1a: Gliscor\n|drag|p1a: Dondozo|Dondozo, F|84\/100 slp\n|\n|-heal|p2a: Ting-Lu|94\/100|[from] item: Leftovers\n|upkeep\n|turn|27\n|inactive|AGLP 1 has 270 seconds left.\n|c|\u2606AGLP 1|I cant beat stall\n|c|\u2606AGisgood\u82cd\u54cd\u4fa0|use spec kyogre or baton pass caly\n|\n|t:|1700908917\n|move|p2a: Ting-Lu|Spikes|p1a: Dondozo\n|-sidestart|p1: AGisgood\u82cd\u54cd\u4fa0|Spikes\n|cant|p1a: Dondozo|slp\n|move|p1a: Dondozo|Sleep Talk|p1a: Dondozo\n|move|p1a: Dondozo|Fissure|p2a: Ting-Lu|[from]move: Sleep Talk\n|-damage|p2a: Ting-Lu|0 fnt\n|faint|p2a: Ting-Lu\n|-ohko\n|\n|upkeep\n|\n|t:|1700908920\n|switch|p2a: Landorus|Landorus-Therian, M|91\/100\n|-damage|p2a: Landorus|78\/100|[from] Stealth Rock\n|-ability|p2a: Landorus|Intimidate|boost\n|-unboost|p1a: Dondozo|atk|1\n|turn|28\n|\n|t:|1700908926\n|switch|p1a: Gliscor|Gliscor, M|73\/100 tox\n|-damage|p1a: Gliscor|60\/100 tox|[from] Stealth Rock\n|move|p2a: Landorus|U-turn|p1a: Gliscor\n|-resisted|p1a: Gliscor\n|-crit|p1a: Gliscor\n|-damage|p1a: Gliscor|50\/100 tox\n|\n|t:|1700908942\n|switch|p2a: Arceus|Arceus|100\/100|[from] U-turn\n|\n|-heal|p1a: Gliscor|62\/100 tox|[from] ability: Poison Heal\n|upkeep\n|turn|29\n|\n|t:|1700908947\n|move|p2a: Arceus|Swords Dance|p2a: Arceus\n|-boost|p2a: Arceus|atk|2\n|move|p1a: Gliscor|Toxic|p2a: Arceus\n|-status|p2a: Arceus|tox\n|\n|-damage|p2a: Arceus|94\/100 tox|[from] psn\n|-heal|p1a: Gliscor|75\/100 tox|[from] ability: Poison Heal\n|upkeep\n|turn|30\n|\n|t:|1700908964\n|move|p1a: Gliscor|Protect|p1a: Gliscor\n|-singleturn|p1a: Gliscor|Protect\n|move|p2a: Arceus|Swords Dance|p2a: Arceus\n|-boost|p2a: Arceus|atk|2\n|\n|-damage|p2a: Arceus|82\/100 tox|[from] psn\n|-heal|p1a: Gliscor|87\/100 tox|[from] ability: Poison Heal\n|upkeep\n|turn|31\n|inactive|AGLP 1 has 270 seconds left.\n|\n|t:|1700908976\n|switch|p1a: Dondozo|Dondozo, F|84\/100 slp\n|move|p2a: Arceus|Extreme Speed|p1a: Dondozo\n|-damage|p1a: Dondozo|63\/100 slp\n|\n|-damage|p2a: Arceus|64\/100 tox|[from] psn\n|upkeep\n|turn|32\n|j| qissss\n|\n|t:|1700908980\n|move|p2a: Arceus|Extreme Speed|p1a: Dondozo\n|-damage|p1a: Dondozo|45\/100 slp\n|-curestatus|p1a: Dondozo|slp|[msg]\n|move|p1a: Dondozo|Sleep Talk||[still]\n|-fail|p1a: Dondozo\n|\n|-damage|p2a: Arceus|39\/100 tox|[from] psn\n|upkeep\n|turn|33\n|l| qissss\n|inactive|AGLP 1 has 270 seconds left.\n|\n|t:|1700909003\n|move|p2a: Arceus|Extreme Speed|p1a: Dondozo\n|-damage|p1a: Dondozo|27\/100\n|move|p1a: Dondozo|Rest|p1a: Dondozo\n|-status|p1a: Dondozo|slp|[from] move: Rest\n|-heal|p1a: Dondozo|100\/100 slp|[silent]\n|\n|-damage|p2a: Arceus|8\/100 tox|[from] psn\n|upkeep\n|turn|34\n|\n|t:|1700909007\n|move|p2a: Arceus|Extreme Speed|p1a: Dondozo\n|-damage|p1a: Dondozo|83\/100 slp\n|cant|p1a: Dondozo|slp\n|move|p1a: Dondozo|Sleep Talk|p1a: Dondozo\n|move|p1a: Dondozo|Rest||[from]move: Sleep Talk|[still]\n|-fail|p1a: Dondozo\n|\n|-damage|p2a: Arceus|0 fnt|[from] psn\n|faint|p2a: Arceus\n|upkeep\n|j| Aya Hina\n|\n|t:|1700909010\n|switch|p2a: Landorus|Landorus-Therian, M|78\/100\n|-damage|p2a: Landorus|66\/100|[from] Stealth Rock\n|-ability|p2a: Landorus|Intimidate|boost\n|-unboost|p1a: Dondozo|atk|1\n|turn|35\n|\n|t:|1700909015\n|switch|p1a: Gliscor|Gliscor, M|87\/100 tox\n|-damage|p1a: Gliscor|75\/100 tox|[from] Stealth Rock\n|move|p2a: Landorus|Earthquake|p1a: Gliscor\n|-immune|p1a: Gliscor\n|\n|-heal|p1a: Gliscor|87\/100 tox|[from] ability: Poison Heal\n|upkeep\n|turn|36\n|inactive|AGLP 1 has 270 seconds left.\n|c|\u2606AGLP 1|Gg can u pass this team\n|\n|t:|1700909053\n|move|p1a: Gliscor|Toxic|p2a: Landorus\n|-status|p2a: Landorus|tox\n|move|p2a: Landorus|U-turn|p1a: Gliscor\n|-resisted|p1a: Gliscor\n|-damage|p1a: Gliscor|80\/100 tox\n|\n|-heal|p1a: Gliscor|92\/100 tox|[from] ability: Poison Heal\n|-damage|p2a: Landorus|60\/100 tox|[from] psn\n|upkeep\n|turn|37\n|inactive|AGLP 1 has 270 seconds left.\n|c|\u2606AGisgood\u82cd\u54cd\u4fa0|ok I will spend u\n|inactive|AGisgood\u82cd\u54cd\u4fa0 has 270 seconds left.\n|c|\u2606AGLP 1|Okay thank u\n|\n|t:|1700909099\n|move|p1a: Gliscor|Spikes|p2a: Landorus\n|-sidestart|p2: AGLP 1|Spikes\n|move|p2a: Landorus|U-turn|p1a: Gliscor\n|-resisted|p1a: Gliscor\n|-damage|p1a: Gliscor|86\/100 tox\n|\n|-heal|p1a: Gliscor|98\/100 tox|[from] ability: Poison Heal\n|-damage|p2a: Landorus|48\/100 tox|[from] psn\n|upkeep\n|turn|38\n|\n|t:|1700909107\n|move|p1a: Gliscor|Spikes|p2a: Landorus\n|-sidestart|p2: AGLP 1|Spikes\n|move|p2a: Landorus|Taunt|p1a: Gliscor\n|-start|p1a: Gliscor|move: Taunt\n|\n|-heal|p1a: Gliscor|100\/100 tox|[from] ability: Poison Heal\n|-damage|p2a: Landorus|30\/100 tox|[from] psn\n|upkeep\n|turn|39\n|inactive|AGisgood\u82cd\u54cd\u4fa0 has 270 seconds left.\n|c|\u2606AGisgood\u82cd\u54cd\u4fa0|https:\/\/pokepast.es\/9b0cdff072100273\n|inactive|AGLP 1 has 240 seconds left.\n|\n|t:|1700909142\n|move|p1a: Gliscor|Earthquake|p2a: Landorus\n|-immune|p2a: Landorus\n|move|p2a: Landorus|U-turn|p1a: Gliscor\n|-resisted|p1a: Gliscor\n|-damage|p1a: Gliscor|93\/100 tox\n|\n|-heal|p1a: Gliscor|100\/100 tox|[from] ability: Poison Heal\n|-damage|p2a: Landorus|5\/100 tox|[from] psn\n|upkeep\n|turn|40\n|l| Aya Hina\n|\n|t:|1700909162\n|move|p1a: Gliscor|Earthquake|p2a: Landorus\n|-immune|p2a: Landorus\n|move|p2a: Landorus|U-turn|p1a: Gliscor\n|-resisted|p1a: Gliscor\n|-damage|p1a: Gliscor|93\/100 tox\n|\n|-heal|p1a: Gliscor|100\/100 tox|[from] ability: Poison Heal\n|-damage|p2a: Landorus|0 fnt|[from] psn\n|faint|p2a: Landorus\n|\n|win|AGisgood\u82cd\u54cd\u4fa0\n|upkeep\n|c|\u2606AGLP 1|Gg\n|l|\u2606AGisgood\u82cd\u54cd\u4fa0\n|l|\u2606AGLP 1\n","uploadtime":1700909308,"views":5,"p1id":"agisgood","p2id":"aglp1","formatid":"gen9anythinggoes","rating":0,"private":0,"password":""}