{"id":"gen9anythinggoes-1993566468","p1":"Jerome1234567","p2":"OGamer289","format":"[Gen 9] Anything Goes","log":"|j|\u2606Jerome1234567\n|j|\u2606OGamer289\n|t:|1700332481\n|gametype|singles\n|player|p1|Jerome1234567|169|\n|player|p2|OGamer289|biker-gen4|\n|teamsize|p1|6\n|teamsize|p2|6\n|gen|9\n|tier|[Gen 9] Anything Goes\n|rule|HP Percentage Mod: HP is shown in percentages\n|rule|Endless Battle Clause: Forcing endless battles is banned\n|clearpoke\n|poke|p1|Glimmora, F|\n|poke|p1|Milotic, F|\n|poke|p1|Ogerpon-Hearthflame, F|\n|poke|p1|Florges, F|\n|poke|p1|Eelektross, M|\n|poke|p1|Staraptor, M|\n|poke|p2|Alomomola, M|\n|poke|p2|Landorus-Therian, M|\n|poke|p2|Volcanion|\n|poke|p2|Cryogonal|\n|poke|p2|Salamence, M|\n|poke|p2|Jirachi|\n|teampreview\n|c|\u2606OGamer289|hf gl\n|j| Genesis94\n|c| Genesis94|Gl hf\n|\n|t:|1700332539\n|start\n|switch|p1a: Staraptor|Staraptor, M|100\/100\n|switch|p2a: SchneeaufLock|Cryogonal, shiny|100\/100\n|turn|1\n|\n|t:|1700332561\n|switch|p2a: Fich|Alomomola, M|100\/100\n|move|p1a: Staraptor|Close Combat|p2a: Fich\n|-damage|p2a: Fich|79\/100\n|-unboost|p1a: Staraptor|def|1\n|-unboost|p1a: Staraptor|spd|1\n|-damage|p1a: Staraptor|84\/100|[from] item: Rocky Helmet|[of] p2a: Fich\n|\n|upkeep\n|turn|2\n|\n|t:|1700332573\n|switch|p1a: Milotic|Milotic, F|100\/100\n|move|p2a: Fich|Flip Turn|p1a: Milotic\n|-resisted|p1a: Milotic\n|-damage|p1a: Milotic|94\/100\n|\n|t:|1700332586\n|switch|p2a: Dr. Strange|Jirachi|100\/100|[from] Flip Turn\n|\n|-status|p1a: Milotic|brn|[from] item: Flame Orb\n|upkeep\n|turn|3\n|\n|t:|1700332593\n|move|p2a: Dr. Strange|Stealth Rock|p1a: Milotic\n|-sidestart|p1: Jerome1234567|move: Stealth Rock\n|move|p1a: Milotic|Flip Turn|p2a: Dr. Strange\n|-crit|p2a: Dr. Strange\n|-damage|p2a: Dr. Strange|88\/100\n|\n|t:|1700332617\n|switch|p1a: Glimmora|Glimmora, F, shiny|100\/100|[from] Flip Turn\n|-damage|p1a: Glimmora|88\/100|[from] Stealth Rock\n|\n|upkeep\n|turn|4\n|\n|t:|1700332628\n|move|p2a: Dr. Strange|Iron Head|p1a: Glimmora\n|-supereffective|p1a: Glimmora\n|-damage|p1a: Glimmora|0 fnt\n|-activate|p1a: Glimmora|ability: Toxic Debris\n|-sidestart|p2: OGamer289|move: Toxic Spikes\n|faint|p1a: Glimmora\n|\n|upkeep\n|\n|t:|1700332650\n|switch|p1a: Milotic|Milotic, F|94\/100 brn\n|-damage|p1a: Milotic|82\/100 brn|[from] Stealth Rock\n|turn|5\n|\n|t:|1700332663\n|move|p2a: Dr. Strange|U-turn|p1a: Milotic\n|-damage|p1a: Milotic|71\/100 brn\n|\n|t:|1700332666\n|switch|p2a: SchneeaufLock|Cryogonal, shiny|100\/100|[from] U-turn\n|move|p1a: Milotic|Ice Beam|p2a: SchneeaufLock\n|-resisted|p2a: SchneeaufLock\n|-damage|p2a: SchneeaufLock|94\/100\n|\n|-damage|p1a: Milotic|64\/100 brn|[from] brn\n|upkeep\n|turn|6\n|\n|t:|1700332682\n|switch|p1a: Eelektross|Eelektross, M|100\/100\n|-damage|p1a: Eelektross|88\/100|[from] Stealth Rock\n|-terastallize|p2a: SchneeaufLock|Steel\n|move|p2a: SchneeaufLock|Rapid Spin|p1a: Eelektross\n|-damage|p1a: Eelektross|82\/100\n|-boost|p2a: SchneeaufLock|spe|1\n|-sideend|p2: OGamer289|Toxic Spikes|[from] move: Rapid Spin|[of] p2a: SchneeaufLock\n|\n|upkeep\n|turn|7\n|\n|t:|1700332703\n|move|p2a: SchneeaufLock|Freeze-Dry|p1a: Eelektross\n|-damage|p1a: Eelektross|66\/100\n|move|p1a: Eelektross|Flamethrower|p2a: SchneeaufLock\n|-supereffective|p2a: SchneeaufLock\n|-damage|p2a: SchneeaufLock|60\/100\n|\n|upkeep\n|turn|8\n|\n|t:|1700332721\n|switch|p2a: Brutal|Salamence, M, shiny|100\/100\n|-ability|p2a: Brutal|Intimidate|boost\n|-unboost|p1a: Eelektross|atk|1\n|move|p1a: Eelektross|Flamethrower|p2a: Brutal\n|-resisted|p2a: Brutal\n|-damage|p2a: Brutal|86\/100\n|\n|upkeep\n|turn|9\n|\n|t:|1700332737\n|switch|p1a: Milotic|Milotic, F|64\/100 brn\n|-damage|p1a: Milotic|52\/100 brn|[from] Stealth Rock\n|move|p2a: Brutal|Dragon Claw|p1a: Milotic\n|-damage|p1a: Milotic|31\/100 brn\n|\n|-damage|p1a: Milotic|24\/100 brn|[from] brn\n|upkeep\n|turn|10\n|\n|t:|1700332810\n|switch|p2a: SchneeaufLock|Cryogonal, shiny, tera:Steel|60\/100\n|move|p1a: Milotic|Recover|p1a: Milotic\n|-heal|p1a: Milotic|75\/100 brn\n|\n|-damage|p1a: Milotic|68\/100 brn|[from] brn\n|upkeep\n|turn|11\n|\n|t:|1700332830\n|switch|p1a: Florges|Florges, F|100\/100\n|-damage|p1a: Florges|88\/100|[from] Stealth Rock\n|move|p2a: SchneeaufLock|Freeze-Dry|p1a: Florges\n|-damage|p1a: Florges|72\/100\n|\n|-heal|p1a: Florges|78\/100|[from] item: Leftovers\n|upkeep\n|turn|12\n|\n|t:|1700332840\n|move|p2a: SchneeaufLock|Tera Blast|p1a: Florges|[anim] Tera Blast Steel\n|-supereffective|p1a: Florges\n|-damage|p1a: Florges|45\/100\n|move|p1a: Florges|Calm Mind|p1a: Florges\n|-boost|p1a: Florges|spa|1\n|-boost|p1a: Florges|spd|1\n|\n|-heal|p1a: Florges|51\/100|[from] item: Leftovers\n|upkeep\n|turn|13\n|\n|t:|1700332875\n|switch|p2a: Dr. Strange|Jirachi|88\/100\n|move|p1a: Florges|Wish|p1a: Florges\n|\n|-heal|p1a: Florges|57\/100|[from] item: Leftovers\n|upkeep\n|turn|14\n|\n|t:|1700332885\n|switch|p1a: Staraptor|Staraptor, M|84\/100\n|-damage|p1a: Staraptor|59\/100|[from] Stealth Rock\n|move|p2a: Dr. Strange|Iron Head|p1a: Staraptor\n|-damage|p1a: Staraptor|10\/100\n|\n|-heal|p1a: Staraptor|67\/100|[from] move: Wish|[wisher] Florges\n|upkeep\n|turn|15\n|\n|t:|1700332919\n|move|p1a: Staraptor|U-turn|p2a: Dr. Strange\n|-damage|p2a: Dr. Strange|61\/100\n|\n|t:|1700332939\n|switch|p1a: Milotic|Milotic, F|68\/100 brn|[from] U-turn\n|-damage|p1a: Milotic|56\/100 brn|[from] Stealth Rock\n|move|p2a: Dr. Strange|Iron Head|p1a: Milotic\n|-resisted|p1a: Milotic\n|-damage|p1a: Milotic|47\/100 brn\n|\n|-damage|p1a: Milotic|41\/100 brn|[from] brn\n|upkeep\n|turn|16\n|\n|t:|1700332950\n|move|p2a: Dr. Strange|Zen Headbutt|p1a: Milotic\n|-damage|p1a: Milotic|21\/100 brn\n|cant|p1a: Milotic|flinch\n|\n|-damage|p1a: Milotic|15\/100 brn|[from] brn\n|upkeep\n|turn|17\n|\n|t:|1700332975\n|move|p2a: Dr. Strange|Zen Headbutt|p1a: Milotic\n|-damage|p1a: Milotic|0 fnt\n|faint|p1a: Milotic\n|\n|upkeep\n|\n|t:|1700333001\n|switch|p1a: Ogerpon|Ogerpon-Hearthflame, F|100\/100\n|-damage|p1a: Ogerpon|76\/100|[from] Stealth Rock\n|-ability|p1a: Ogerpon|Mold Breaker\n|turn|18\n|\n|t:|1700333009\n|switch|p2a: Brutal|Salamence, M, shiny|86\/100\n|-ability|p2a: Brutal|Intimidate|boost\n|-unboost|p1a: Ogerpon|atk|1\n|move|p1a: Ogerpon|Knock Off|p2a: Brutal\n|-damage|p2a: Brutal|63\/100\n|-enditem|p2a: Brutal|Heavy-Duty Boots|[from] move: Knock Off|[of] p1a: Ogerpon\n|\n|upkeep\n|turn|19\n|\n|t:|1700333024\n|switch|p1a: Florges|Florges, F|57\/100\n|-damage|p1a: Florges|44\/100|[from] Stealth Rock\n|move|p2a: Brutal|Dual Wingbeat|p1a: Florges\n|-damage|p1a: Florges|22\/100\n|-damage|p1a: Florges|0 fnt\n|faint|p1a: Florges\n|-hitcount|p1: Florges|2\n|\n|upkeep\n|\n|t:|1700333038\n|switch|p1a: Eelektross|Eelektross, M|66\/100\n|-damage|p1a: Eelektross|54\/100|[from] Stealth Rock\n|turn|20\n|\n|t:|1700333048\n|move|p2a: Brutal|Roost|p2a: Brutal\n|-heal|p2a: Brutal|100\/100\n|-singleturn|p2a: Brutal|move: Roost\n|move|p1a: Eelektross|Volt Switch|p2a: Brutal\n|-resisted|p2a: Brutal\n|-damage|p2a: Brutal|81\/100\n|\n|t:|1700333062\n|switch|p1a: Staraptor|Staraptor, M|67\/100|[from] Volt Switch\n|-damage|p1a: Staraptor|42\/100|[from] Stealth Rock\n|\n|upkeep\n|turn|21\n|\n|t:|1700333077\n|switch|p2a: Fich|Alomomola, M|100\/100\n|move|p1a: Staraptor|Take Down|p2a: Fich\n|-damage|p2a: Fich|72\/100\n|-damage|p1a: Staraptor|25\/100|[from] item: Rocky Helmet|[of] p2a: Fich\n|-damage|p1a: Staraptor|13\/100|[from] Recoil\n|\n|upkeep\n|turn|22\n|\n|t:|1700333097\n|move|p1a: Staraptor|Take Down|p2a: Fich|[miss]\n|-miss|p1a: Staraptor|p2a: Fich\n|move|p2a: Fich|Flip Turn|p1a: Staraptor\n|-crit|p1a: Staraptor\n|-damage|p1a: Staraptor|0 fnt\n|faint|p1a: Staraptor\n|\n|t:|1700333136\n|switch|p2a: Mein B\u00e4r|Landorus-Therian, M|100\/100|[from] Flip Turn\n|\n|upkeep\n|\n|t:|1700333142\n|switch|p1a: Ogerpon|Ogerpon-Hearthflame, F|76\/100\n|-damage|p1a: Ogerpon|51\/100|[from] Stealth Rock\n|-ability|p1a: Ogerpon|Mold Breaker\n|turn|23\n|\n|t:|1700333151\n|move|p2a: Mein B\u00e4r|Earthquake|p1a: Ogerpon\n|-damage|p1a: Ogerpon|0 fnt\n|faint|p1a: Ogerpon\n|\n|upkeep\n|\n|t:|1700333156\n|switch|p1a: Eelektross|Eelektross, M|54\/100\n|-damage|p1a: Eelektross|42\/100|[from] Stealth Rock\n|turn|24\n|\n|t:|1700333163\n|move|p2a: Mein B\u00e4r|Stone Edge|p1a: Eelektross\n|-damage|p1a: Eelektross|0 fnt\n|faint|p1a: Eelektross\n|\n|win|OGamer289\n|c|\u2606OGamer289|gg\n|l|\u2606Jerome1234567\n|l| Genesis94\n","uploadtime":1700333238,"views":19,"p1id":"jerome1234567","p2id":"ogamer289","formatid":"gen9anythinggoes","rating":0,"private":0,"password":""}