{"id":"gen9anythinggoes-1974823507","p1":"veganballs445","p2":"Rrururr","format":"[Gen 9] Anything Goes","log":"|j|\u2606veganballs445\n|j|\u2606Rrururr\n|t:|1698130385\n|gametype|singles\n|player|p1|veganballs445|flint|1117\n|player|p2|Rrururr|169|1043\n|teamsize|p1|6\n|teamsize|p2|6\n|gen|9\n|tier|[Gen 9] Anything Goes\n|rated|\n|rule|HP Percentage Mod: HP is shown in percentages\n|rule|Endless Battle Clause: Forcing endless battles is banned\n|clearpoke\n|poke|p1|Arceus-Electric|\n|poke|p1|Groudon|\n|poke|p1|Rayquaza|\n|poke|p1|Kyogre|\n|poke|p1|Arceus-Fighting|\n|poke|p1|Glimmora, F|\n|poke|p2|Azumarill, M|\n|poke|p2|Dragonite, F|\n|poke|p2|Chien-Pao|\n|poke|p2|Glimmora, F|\n|poke|p2|Ludicolo, F|\n|poke|p2|Orthworm, M|\n|teampreview\n|\n|t:|1698130402\n|start\n|switch|p1a: HAZARD GOD|Glimmora, F|100\/100\n|switch|p2a: Glimmora|Glimmora, F|100\/100\n|-item|p1a: HAZARD GOD|Air Balloon\n|turn|1\n|\n|t:|1698130414\n|move|p2a: Glimmora|Spiky Shield|p2a: Glimmora\n|-singleturn|p2a: Glimmora|move: Protect\n|move|p1a: HAZARD GOD|Toxic|p2a: Glimmora\n|-activate|p2a: Glimmora|move: Protect\n|\n|upkeep\n|turn|2\n|\n|t:|1698130424\n|move|p2a: Glimmora|Venoshock|p1a: HAZARD GOD\n|-resisted|p1a: HAZARD GOD\n|-damage|p1a: HAZARD GOD|93\/100\n|-enditem|p1a: HAZARD GOD|Air Balloon\n|move|p1a: HAZARD GOD|Toxic|p2a: Glimmora\n|-status|p2a: Glimmora|tox\n|\n|-damage|p2a: Glimmora|94\/100 tox|[from] psn\n|upkeep\n|turn|3\n|\n|t:|1698130437\n|switch|p2a: Orthworm|Orthworm, M|100\/100\n|move|p1a: HAZARD GOD|Toxic Spikes|p2a: Orthworm\n|-sidestart|p2: Rrururr|move: Toxic Spikes\n|\n|upkeep\n|turn|4\n|\n|t:|1698130447\n|move|p1a: HAZARD GOD|Stealth Rock|p2a: Orthworm\n|-sidestart|p2: Rrururr|move: Stealth Rock\n|move|p2a: Orthworm|Wrap|p1a: HAZARD GOD\n|-resisted|p1a: HAZARD GOD\n|-damage|p1a: HAZARD GOD|91\/100\n|-activate|p1a: HAZARD GOD|move: Wrap|[of] p2a: Orthworm\n|\n|-damage|p1a: HAZARD GOD|79\/100|[from] move: Wrap|[partiallytrapped]\n|upkeep\n|turn|5\n|\n|t:|1698130457\n|move|p1a: HAZARD GOD|Toxic|p2a: Orthworm\n|-status|p2a: Orthworm|tox\n|move|p2a: Orthworm|Iron Defense|p2a: Orthworm\n|-boost|p2a: Orthworm|def|2\n|\n|-damage|p2a: Orthworm|94\/100 tox|[from] psn\n|-damage|p1a: HAZARD GOD|66\/100|[from] move: Wrap|[partiallytrapped]\n|upkeep\n|turn|6\n|\n|t:|1698130468\n|move|p1a: HAZARD GOD|Spikes|p2a: Orthworm\n|-sidestart|p2: Rrururr|Spikes\n|move|p2a: Orthworm|Iron Defense|p2a: Orthworm\n|-boost|p2a: Orthworm|def|2\n|\n|-damage|p2a: Orthworm|82\/100 tox|[from] psn\n|-damage|p1a: HAZARD GOD|54\/100|[from] move: Wrap|[partiallytrapped]\n|upkeep\n|turn|7\n|\n|t:|1698130477\n|move|p1a: HAZARD GOD|Toxic Spikes|p2a: Orthworm\n|-sidestart|p2: Rrururr|move: Toxic Spikes\n|move|p2a: Orthworm|Wrap|p1a: HAZARD GOD\n|-resisted|p1a: HAZARD GOD\n|-damage|p1a: HAZARD GOD|52\/100\n|\n|-damage|p2a: Orthworm|64\/100 tox|[from] psn\n|-damage|p1a: HAZARD GOD|40\/100|[from] move: Wrap|[partiallytrapped]\n|upkeep\n|turn|8\n|\n|t:|1698130487\n|move|p1a: HAZARD GOD|Spikes|p2a: Orthworm\n|-sidestart|p2: Rrururr|Spikes\n|move|p2a: Orthworm|Rest|p2a: Orthworm\n|-status|p2a: Orthworm|slp|[from] move: Rest\n|-heal|p2a: Orthworm|100\/100 slp|[silent]\n|\n|-damage|p1a: HAZARD GOD|27\/100|[from] move: Wrap|[partiallytrapped]\n|upkeep\n|turn|9\n|\n|t:|1698130496\n|move|p1a: HAZARD GOD|Spikes|p2a: Orthworm\n|-sidestart|p2: Rrururr|Spikes\n|cant|p2a: Orthworm|slp\n|\n|-end|p1a: HAZARD GOD|Wrap|[partiallytrapped]\n|upkeep\n|turn|10\n|\n|t:|1698130504\n|move|p1a: HAZARD GOD|Toxic||[still]\n|-fail|p1a: HAZARD GOD\n|cant|p2a: Orthworm|slp\n|\n|upkeep\n|turn|11\n|\n|t:|1698130509\n|move|p1a: HAZARD GOD|Toxic||[still]\n|-fail|p1a: HAZARD GOD\n|-curestatus|p2a: Orthworm|slp|[msg]\n|move|p2a: Orthworm|Wrap|p1a: HAZARD GOD\n|-resisted|p1a: HAZARD GOD\n|-damage|p1a: HAZARD GOD|25\/100\n|-activate|p1a: HAZARD GOD|move: Wrap|[of] p2a: Orthworm\n|\n|-damage|p1a: HAZARD GOD|13\/100|[from] move: Wrap|[partiallytrapped]\n|upkeep\n|turn|12\n|\n|t:|1698130520\n|move|p1a: HAZARD GOD|Toxic|p2a: Orthworm\n|-status|p2a: Orthworm|tox\n|move|p2a: Orthworm|Wrap|p1a: HAZARD GOD\n|-resisted|p1a: HAZARD GOD\n|-damage|p1a: HAZARD GOD|11\/100\n|\n|-damage|p2a: Orthworm|94\/100 tox|[from] psn\n|-damage|p1a: HAZARD GOD|0 fnt|[from] move: Wrap|[partiallytrapped]\n|faint|p1a: HAZARD GOD\n|upkeep\n|\n|t:|1698130531\n|switch|p1a: Groudon|Groudon, shiny|100\/100\n|-weather|SunnyDay|[from] ability: Drought|[of] p1a: Groudon\n|turn|13\n|\n|t:|1698130602\n|-terastallize|p2a: Orthworm|Electric\n|move|p1a: Groudon|Flamethrower|p2a: Orthworm\n|-damage|p2a: Orthworm|48\/100 tox\n|move|p2a: Orthworm|Iron Defense|p2a: Orthworm\n|-boost|p2a: Orthworm|def|2\n|\n|-weather|SunnyDay|[upkeep]\n|-damage|p2a: Orthworm|36\/100 tox|[from] psn\n|upkeep\n|turn|14\n|\n|t:|1698130617\n|move|p1a: Groudon|Flamethrower|p2a: Orthworm\n|-damage|p2a: Orthworm|0 fnt\n|faint|p2a: Orthworm\n|\n|-weather|SunnyDay|[upkeep]\n|upkeep\n|c|\u2606veganballs445|bitch\n|\n|t:|1698130637\n|switch|p2a: Dragonite|Dragonite, F|100\/100\n|-damage|p2a: Dragonite|75\/100|[from] Stealth Rock\n|turn|15\n|\n|t:|1698130650\n|switch|p1a: Arceus|Arceus-Electric, shiny|100\/100\n|move|p2a: Dragonite|Extreme Speed|p1a: Arceus\n|-damage|p1a: Arceus|64\/100\n|\n|-weather|SunnyDay|[upkeep]\n|upkeep\n|turn|16\n|\n|t:|1698130663\n|switch|p2a: Glimmora|Glimmora, F|94\/100 tox\n|-sideend|p2: Rrururr|move: Toxic Spikes|[of] p2a: Glimmora\n|-damage|p2a: Glimmora|82\/100 tox|[from] Stealth Rock\n|-damage|p2a: Glimmora|57\/100 tox|[from] Spikes\n|move|p1a: Arceus|Thunder|p2a: Glimmora|[miss]\n|-miss|p1a: Arceus|p2a: Glimmora\n|\n|-weather|SunnyDay|[upkeep]\n|-damage|p2a: Glimmora|51\/100 tox|[from] psn\n|upkeep\n|turn|17\n|\n|t:|1698130678\n|move|p1a: Arceus|Judgment|p2a: Glimmora\n|-damage|p2a: Glimmora|0 fnt\n|faint|p2a: Glimmora\n|\n|-weather|none\n|upkeep\n|\n|t:|1698130692\n|switch|p2a: Dragonite|Dragonite, F|75\/100\n|-damage|p2a: Dragonite|50\/100|[from] Stealth Rock\n|turn|18\n|\n|t:|1698130701\n|move|p1a: Arceus|Judgment|p2a: Dragonite\n|-damage|p2a: Dragonite|0 fnt\n|faint|p2a: Dragonite\n|\n|upkeep\n|\n|t:|1698130710\n|switch|p2a: Azumarill|Azumarill, M, shiny|100\/100\n|-damage|p2a: Azumarill|88\/100|[from] Stealth Rock\n|-damage|p2a: Azumarill|63\/100|[from] Spikes\n|turn|19\n|\n|t:|1698130725\n|move|p1a: Arceus|Judgment|p2a: Azumarill\n|-supereffective|p2a: Azumarill\n|-damage|p2a: Azumarill|0 fnt\n|faint|p2a: Azumarill\n|\n|upkeep\n|\n|t:|1698130732\n|switch|p2a: Ludicolo|Ludicolo, F|100\/100\n|-damage|p2a: Ludicolo|88\/100|[from] Stealth Rock\n|-damage|p2a: Ludicolo|63\/100|[from] Spikes\n|turn|20\n|c|\u2606veganballs445|buddy\n|c|\u2606veganballs445|do you know type matchups?\n|\n|t:|1698130808\n|switch|p1a: Groudon|Groudon, shiny|100\/100\n|-weather|SunnyDay|[from] ability: Drought|[of] p1a: Groudon\n|move|p2a: Ludicolo|Leech Seed|p1a: Groudon\n|-start|p1a: Groudon|move: Leech Seed\n|\n|-weather|SunnyDay|[upkeep]\n|-heal|p2a: Ludicolo|69\/100|[from] item: Leftovers\n|-damage|p1a: Groudon|88\/100|[from] Leech Seed|[of] p2a: Ludicolo\n|-heal|p2a: Ludicolo|83\/100|[silent]\n|upkeep\n|turn|21\n|\n|t:|1698130822\n|move|p1a: Groudon|Flamethrower|p2a: Ludicolo\n|-crit|p2a: Ludicolo\n|-damage|p2a: Ludicolo|46\/100\n|move|p2a: Ludicolo|Rain Dance|p2a: Ludicolo\n|-weather|RainDance\n|\n|-weather|RainDance|[upkeep]\n|-heal|p2a: Ludicolo|52\/100|[from] ability: Rain Dish\n|-heal|p1a: Groudon|94\/100|[from] item: Leftovers\n|-heal|p2a: Ludicolo|58\/100|[from] item: Leftovers\n|-damage|p1a: Groudon|82\/100|[from] Leech Seed|[of] p2a: Ludicolo\n|-heal|p2a: Ludicolo|72\/100|[silent]\n|upkeep\n|turn|22\n|c|\u2606veganballs445|holup\n|c|\u2606veganballs445|going on pokedex\n|c|\u2606veganballs445|for weakness\n|c|\u2606veganballs445|ok\n|c|\u2606veganballs445|got it\n|c|\u2606veganballs445|ur dead\n|\n|t:|1698130905\n|switch|p1a: Rayquaza|Rayquaza, shiny|100\/100\n|-ability|p1a: Rayquaza|Air Lock\n|move|p2a: Ludicolo|Protect||[still]\n|-fail|p2a: Ludicolo\n|\n|-weather|RainDance|[upkeep]\n|-heal|p2a: Ludicolo|78\/100|[from] item: Leftovers\n|upkeep\n|turn|23\n|\n|t:|1698130923\n|switch|p2a: Chien-Pao|Chien-Pao|100\/100\n|-damage|p2a: Chien-Pao|76\/100|[from] Stealth Rock\n|-damage|p2a: Chien-Pao|51\/100|[from] Spikes\n|-ability|p2a: Chien-Pao|Sword of Ruin\n|move|p1a: Rayquaza|Dragon Ascent|p2a: Chien-Pao\n|-damage|p2a: Chien-Pao|0 fnt\n|-unboost|p1a: Rayquaza|def|1\n|-unboost|p1a: Rayquaza|spd|1\n|faint|p2a: Chien-Pao\n|\n|-weather|RainDance|[upkeep]\n|upkeep\n|c|\u2606veganballs445|TIME TO DIE BITCH\n|c|\u2606veganballs445|NANI\n|c|\u2606veganballs445|HAHAHAHHAAAAA\n|\n|t:|1698130937\n|switch|p2a: Ludicolo|Ludicolo, F|78\/100\n|-damage|p2a: Ludicolo|65\/100|[from] Stealth Rock\n|-damage|p2a: Ludicolo|41\/100|[from] Spikes\n|turn|24\n|c|\u2606veganballs445|DUMBASS\n|\n|t:|1698130943\n|move|p1a: Rayquaza|Dragon Ascent|p2a: Ludicolo\n|-supereffective|p2a: Ludicolo\n|-damage|p2a: Ludicolo|0 fnt\n|-unboost|p1a: Rayquaza|def|1\n|-unboost|p1a: Rayquaza|spd|1\n|faint|p2a: Ludicolo\n|\n|win|veganballs445\n|raw|veganballs445's rating: 1117 &rarr; <strong>1137<\/strong><br \/>(+20 for winning)\n|raw|Rrururr's rating: 1043 &rarr; <strong>1030<\/strong><br \/>(-13 for losing)\n","uploadtime":1698130926,"views":11,"p1id":"veganballs445","p2id":"rrururr","formatid":"gen9anythinggoes","rating":1030,"private":0,"password":""}