{"id":"gen9anythinggoes-1977084612","p1":"i'm drunk xd","p2":"Cyberkevh912","format":"[Gen 9] Anything Goes","log":"|j|\u2606i'm drunk xd\n|j|\u2606Cyberkevh912\n|t:|1698369794\n|gametype|singles\n|player|p1|i'm drunk xd|cynthia|\n|player|p2|Cyberkevh912|red|\n|teamsize|p1|6\n|teamsize|p2|6\n|gen|9\n|tier|[Gen 9] Anything Goes\n|rule|HP Percentage Mod: HP is shown in percentages\n|rule|Endless Battle Clause: Forcing endless battles is banned\n|clearpoke\n|poke|p1|Ogerpon, F|\n|poke|p1|Tinkaton, F|\n|poke|p1|Iron Valiant|\n|poke|p1|Gholdengo|\n|poke|p1|Grimmsnarl, M|\n|poke|p1|Miraidon|\n|poke|p2|Landorus-Therian, M|\n|poke|p2|Greninja-*, M|\n|poke|p2|Clodsire, F|\n|poke|p2|Charizard, F|\n|poke|p2|Slowbro, F|\n|poke|p2|Decidueye, F|\n|teampreview\n|\n|t:|1698369817\n|start\n|switch|p1a: Cannapon|Ogerpon, F|100\/100\n|switch|p2a: The Feesh|Clodsire, F|100\/100\n|turn|1\n|\n|t:|1698369830\n|move|p1a: Cannapon|Swords Dance|p1a: Cannapon\n|-boost|p1a: Cannapon|atk|2\n|move|p2a: The Feesh|Spikes|p1a: Cannapon\n|-sidestart|p1: i'm drunk xd|Spikes\n|\n|upkeep\n|turn|2\n|\n|t:|1698369837\n|move|p1a: Cannapon|Knock Off|p2a: The Feesh\n|-damage|p2a: The Feesh|67\/100\n|-enditem|p2a: The Feesh|Leftovers|[from] move: Knock Off|[of] p1a: Cannapon\n|move|p2a: The Feesh|Poison Jab|p1a: Cannapon\n|-supereffective|p1a: Cannapon\n|-damage|p1a: Cannapon|15\/100\n|-enditem|p1a: Cannapon|Weakness Policy\n|-boost|p1a: Cannapon|atk|2|[from] item: Weakness Policy\n|-boost|p1a: Cannapon|spa|2|[from] item: Weakness Policy\n|\n|upkeep\n|turn|3\n|\n|t:|1698369854\n|-terastallize|p1a: Cannapon|Grass\n|detailschange|p1a: Cannapon|Ogerpon-Teal-Tera, F, tera:Grass\n|-ability|p1a: Cannapon|Embody Aspect (Teal)|boost\n|-boost|p1a: Cannapon|spe|1\n|move|p1a: Cannapon|Ivy Cudgel|p2a: The Feesh\n|-damage|p2a: The Feesh|0 fnt\n|faint|p2a: The Feesh\n|\n|upkeep\n|\n|t:|1698369864\n|switch|p2a: The Tiger|Landorus-Therian, M|100\/100\n|-ability|p2a: The Tiger|Intimidate|boost\n|-unboost|p1a: Cannapon|atk|1\n|turn|4\n|\n|t:|1698369869\n|move|p1a: Cannapon|Ivy Cudgel|p2a: The Tiger\n|-damage|p2a: The Tiger|0 fnt\n|faint|p2a: The Tiger\n|\n|upkeep\n|\n|t:|1698369874\n|switch|p2a: Charizard|Charizard, F|100\/100\n|turn|5\n|\n|t:|1698369878\n|move|p1a: Cannapon|Knock Off|p2a: Charizard\n|-damage|p2a: Charizard|0 fnt\n|-enditem|p2a: Charizard|Heavy-Duty Boots|[from] move: Knock Off|[of] p1a: Cannapon\n|faint|p2a: Charizard\n|\n|upkeep\n|\n|t:|1698369881\n|switch|p2a: The Slowest Bro|Slowbro, F|100\/100\n|turn|6\n|\n|t:|1698369885\n|move|p1a: Cannapon|Knock Off|p2a: The Slowest Bro\n|-supereffective|p2a: The Slowest Bro\n|-damage|p2a: The Slowest Bro|0 fnt\n|-enditem|p2a: The Slowest Bro|Leftovers|[from] move: Knock Off|[of] p1a: Cannapon\n|faint|p2a: The Slowest Bro\n|\n|upkeep\n|c|\u2606Cyberkevh912|i lost\n|\n|t:|1698369890\n|switch|p2a: The Sniper|Decidueye, F, shiny|100\/100\n|turn|7\n|\n|t:|1698369896\n|move|p1a: Cannapon|Ivy Cudgel|p2a: The Sniper\n|-resisted|p2a: The Sniper\n|-damage|p2a: The Sniper|2\/100\n|move|p2a: The Sniper|Poltergeist||[still]\n|-fail|p2a: The Sniper\n|\n|upkeep\n|turn|8\n|c|\u2606Cyberkevh912|fuck\n|\n|t:|1698369905\n|move|p1a: Cannapon|Knock Off|p2a: The Sniper\n|-supereffective|p2a: The Sniper\n|-damage|p2a: The Sniper|0 fnt\n|-enditem|p2a: The Sniper|Spell Tag|[from] move: Knock Off|[of] p1a: Cannapon\n|faint|p2a: The Sniper\n|\n|upkeep\n|\n|t:|1698369906\n|switch|p2a: The Lin Kwei|Greninja, M|100\/100\n|turn|9\n|\n|t:|1698369915\n|move|p1a: Cannapon|Ivy Cudgel|p2a: The Lin Kwei\n|-supereffective|p2a: The Lin Kwei\n|-crit|p2a: The Lin Kwei\n|-damage|p2a: The Lin Kwei|0 fnt\n|faint|p2a: The Lin Kwei\n|\n|win|i'm drunk xd\n|c|\u2606i'm drunk xd|I love this woman\n|c|\u2606Cyberkevh912|so glad this isn't in draft lol\n|c|\u2606Cyberkevh912|chien pao is already enough\n|c|\u2606i'm drunk xd|tinkaton counters chien pao lmao\n|c|\u2606Cyberkevh912|true\n|c|\u2606i'm drunk xd|thanks so much for the battle\n|c|\u2606i'm drunk xd|can't wait to battle against randos now haha\n|c|\u2606Cyberkevh912|have fun in your battles\n|c|\u2606Cyberkevh912|i gotta drive home now lmao\n|c|\u2606i'm drunk xd|loool drive safe\n|c|\u2606Cyberkevh912|thank you\n|c|\u2606Cyberkevh912|try not to get too tipsy\n|c|\u2606i'm drunk xd|yes moooom\n|l|\u2606Cyberkevh912\n","uploadtime":1698370035,"views":22,"p1id":"imdrunkxd","p2id":"cyberkevh912","formatid":"gen9anythinggoes","rating":0,"private":0,"password":""}