{"id":"gen9anythinggoes-1983026619","p1":"MrBoatCraft YT","p2":"Miraidon4ever","format":"[Gen 9] Anything Goes","log":"|j|\u2606MrBoatCraft YT\n|j|\u2606Miraidon4ever\n|t:|1699071891\n|gametype|singles\n|player|p1|MrBoatCraft YT|2|1372\n|player|p2|Miraidon4ever|hero2-conquest|1500\n|teamsize|p1|6\n|teamsize|p2|6\n|gen|9\n|tier|[Gen 9] Anything Goes\n|rated|\n|rule|HP Percentage Mod: HP is shown in percentages\n|rule|Endless Battle Clause: Forcing endless battles is banned\n|clearpoke\n|poke|p1|Scream Tail|\n|poke|p1|Avalugg-Hisui, F|\n|poke|p1|Vikavolt, F|\n|poke|p1|Azumarill, M|\n|poke|p1|Koraidon|\n|poke|p1|Shaymin-Sky|\n|poke|p2|Arceus|\n|poke|p2|Koraidon|\n|poke|p2|Miraidon|\n|poke|p2|Skeledirge, M|\n|poke|p2|Glimmora, F|\n|poke|p2|Arceus-Ground|\n|teampreview\n|inactive|Battle timer is ON: inactive players will automatically lose when time's up. (requested by MrBoatCraft YT)\n|\n|t:|1699071896\n|start\n|switch|p1a: Vikavolt|Vikavolt, F|100\/100\n|switch|p2a: Glimmora|Glimmora, F|100\/100\n|turn|1\n|\n|t:|1699071900\n|move|p2a: Glimmora|Mortal Spin|p1a: Vikavolt\n|-damage|p1a: Vikavolt|94\/100\n|-status|p1a: Vikavolt|psn\n|move|p1a: Vikavolt|Sticky Web|p2a: Glimmora\n|-sidestart|p2: Miraidon4ever|move: Sticky Web\n|\n|-damage|p1a: Vikavolt|82\/100 psn|[from] psn\n|upkeep\n|turn|2\n|\n|t:|1699071906\n|move|p2a: Glimmora|Stealth Rock|p1a: Vikavolt\n|-sidestart|p1: MrBoatCraft YT|move: Stealth Rock\n|move|p1a: Vikavolt|Volt Switch|p2a: Glimmora\n|-damage|p2a: Glimmora|44\/100\n|\n|t:|1699071908\n|switch|p1a: Avalugg|Avalugg-Hisui, F|100\/100|[from] Volt Switch\n|\n|upkeep\n|turn|3\n|\n|t:|1699071916\n|move|p2a: Glimmora|Mortal Spin|p1a: Avalugg\n|-resisted|p1a: Avalugg\n|-damage|p1a: Avalugg|99\/100\n|-status|p1a: Avalugg|psn\n|-sideend|p2: Miraidon4ever|Sticky Web|[from] move: Mortal Spin|[of] p2a: Glimmora\n|move|p1a: Avalugg|High Horsepower|p2a: Glimmora\n|-supereffective|p2a: Glimmora\n|-damage|p2a: Glimmora|0 fnt\n|-activate|p2a: Glimmora|ability: Toxic Debris\n|-sidestart|p1: MrBoatCraft YT|move: Toxic Spikes\n|faint|p2a: Glimmora\n|\n|-damage|p1a: Avalugg|87\/100 psn|[from] psn\n|upkeep\n|\n|t:|1699071929\n|switch|p2a: Arceus|Arceus-Ground|100\/100\n|turn|4\n|\n|t:|1699071933\n|move|p2a: Arceus|Dragon Dance|p2a: Arceus\n|-boost|p2a: Arceus|atk|1\n|-boost|p2a: Arceus|spe|1\n|move|p1a: Avalugg|Rapid Spin|p2a: Arceus\n|-damage|p2a: Arceus|88\/100\n|-boost|p1a: Avalugg|spe|1\n|-sideend|p1: MrBoatCraft YT|Toxic Spikes|[from] move: Rapid Spin|[of] p1a: Avalugg\n|-sideend|p1: MrBoatCraft YT|Stealth Rock|[from] move: Rapid Spin|[of] p1a: Avalugg\n|\n|-damage|p1a: Avalugg|74\/100 psn|[from] psn\n|upkeep\n|turn|5\n|\n|t:|1699071945\n|move|p2a: Arceus|Earthquake|p1a: Avalugg\n|-supereffective|p1a: Avalugg\n|-damage|p1a: Avalugg|0 fnt\n|faint|p1a: Avalugg\n|\n|upkeep\n|\n|t:|1699071953\n|switch|p1a: Vikavolt|Vikavolt, F|82\/100 psn\n|turn|6\n|inactive|Miraidon4ever has 120 seconds left.\n|\n|t:|1699071996\n|move|p2a: Arceus|Dragon Dance|p2a: Arceus\n|-boost|p2a: Arceus|atk|1\n|-boost|p2a: Arceus|spe|1\n|move|p1a: Vikavolt|Energy Ball|p2a: Arceus\n|-supereffective|p2a: Arceus\n|-damage|p2a: Arceus|28\/100\n|-unboost|p2a: Arceus|spd|1\n|\n|-damage|p1a: Vikavolt|69\/100 psn|[from] psn\n|upkeep\n|turn|7\n|\n|t:|1699072007\n|move|p2a: Arceus|Shadow Claw|p1a: Vikavolt\n|-damage|p1a: Vikavolt|13\/100 psn\n|move|p1a: Vikavolt|Sticky Web|p2a: Arceus\n|-sidestart|p2: Miraidon4ever|move: Sticky Web\n|\n|-damage|p1a: Vikavolt|1\/100 psn|[from] psn\n|upkeep\n|turn|8\n|\n|t:|1699072019\n|move|p2a: Arceus|Substitute|p2a: Arceus\n|-start|p2a: Arceus|Substitute\n|-damage|p2a: Arceus|3\/100\n|move|p1a: Vikavolt|Energy Ball|p2a: Arceus\n|-supereffective|p2a: Arceus\n|-end|p2a: Arceus|Substitute\n|\n|-damage|p1a: Vikavolt|0 fnt|[from] psn\n|faint|p1a: Vikavolt\n|upkeep\n|\n|t:|1699072025\n|switch|p1a: Azumarill|Azumarill, M|100\/100\n|turn|9\n|inactive|Miraidon4ever has 120 seconds left.\n|\n|t:|1699072031\n|move|p1a: Azumarill|Aqua Jet|p2a: Arceus\n|-supereffective|p2a: Arceus\n|-damage|p2a: Arceus|0 fnt\n|faint|p2a: Arceus\n|\n|upkeep\n|inactive|Miraidon4ever has 120 seconds left.\n|\n|t:|1699072040\n|switch|p2a: Arceus|Arceus|100\/100\n|turn|10\n|inactive|Miraidon4ever has 120 seconds left.\n|\n|t:|1699072074\n|switch|p1a: Koraidon|Koraidon|100\/100\n|-weather|SunnyDay|[from] ability: Orichalcum Pulse|[of] p1a: Koraidon\n|-activate|p1a: Koraidon|Orichalcum Pulse|[source]\n|move|p2a: Arceus|Swords Dance|p2a: Arceus\n|-boost|p2a: Arceus|atk|2\n|\n|-weather|SunnyDay|[upkeep]\n|upkeep\n|turn|11\n|\n|t:|1699072086\n|-terastallize|p1a: Koraidon|Steel\n|-terastallize|p2a: Arceus|Fire\n|move|p2a: Arceus|Extreme Speed|p1a: Koraidon\n|-resisted|p1a: Koraidon\n|-damage|p1a: Koraidon|64\/100\n|move|p1a: Koraidon|Collision Course|p2a: Arceus\n|-damage|p2a: Arceus|54\/100\n|\n|-weather|SunnyDay|[upkeep]\n|upkeep\n|turn|12\n|\n|t:|1699072100\n|switch|p1a: Azumarill|Azumarill, M|100\/100\n|move|p2a: Arceus|Shadow Claw|p1a: Azumarill\n|-damage|p1a: Azumarill|48\/100\n|\n|-weather|SunnyDay|[upkeep]\n|upkeep\n|turn|13\n|\n|t:|1699072105\n|move|p2a: Arceus|Extreme Speed|p1a: Azumarill\n|-damage|p1a: Azumarill|0 fnt\n|faint|p1a: Azumarill\n|\n|-weather|SunnyDay|[upkeep]\n|upkeep\n|\n|t:|1699072115\n|switch|p1a: Shaymin|Shaymin-Sky|100\/100\n|turn|14\n|\n|t:|1699072120\n|move|p2a: Arceus|Extreme Speed|p1a: Shaymin\n|-enditem|p1a: Shaymin|Focus Sash\n|-damage|p1a: Shaymin|1\/100\n|move|p1a: Shaymin|Air Slash|p2a: Arceus\n|-damage|p2a: Arceus|28\/100\n|\n|-weather|none\n|upkeep\n|turn|15\n|inactive|Miraidon4ever has 120 seconds left.\n|\n|t:|1699072133\n|move|p1a: Shaymin|Air Slash|p2a: Arceus\n|-damage|p2a: Arceus|5\/100\n|move|p2a: Arceus|Recover|p2a: Arceus\n|-heal|p2a: Arceus|55\/100\n|\n|upkeep\n|turn|16\n|inactive|Miraidon4ever has 120 seconds left.\n|\n|t:|1699072138\n|move|p2a: Arceus|Extreme Speed|p1a: Shaymin\n|-damage|p1a: Shaymin|0 fnt\n|faint|p1a: Shaymin\n|\n|upkeep\n|\n|t:|1699072146\n|switch|p1a: Scream Tail|Scream Tail|100\/100\n|-enditem|p1a: Scream Tail|Booster Energy\n|-activate|p1a: Scream Tail|ability: Protosynthesis|[fromitem]\n|-start|p1a: Scream Tail|protosynthesisspe\n|turn|17\n|\n|t:|1699072152\n|move|p2a: Arceus|Extreme Speed|p1a: Scream Tail\n|-damage|p1a: Scream Tail|33\/100\n|move|p1a: Scream Tail|Focus Blast|p2a: Arceus\n|-damage|p2a: Arceus|38\/100\n|\n|upkeep\n|turn|18\n|\n|t:|1699072159\n|move|p2a: Arceus|Extreme Speed|p1a: Scream Tail\n|-damage|p1a: Scream Tail|0 fnt\n|faint|p1a: Scream Tail\n|-end|p1a: Scream Tail|Protosynthesis|[silent]\n|\n|upkeep\n|\n|t:|1699072161\n|switch|p1a: Koraidon|Koraidon, tera:Steel|64\/100\n|-weather|SunnyDay|[from] ability: Orichalcum Pulse|[of] p1a: Koraidon\n|-activate|p1a: Koraidon|Orichalcum Pulse|[source]\n|turn|19\n|\n|t:|1699072166\n|move|p2a: Arceus|Extreme Speed|p1a: Koraidon\n|-resisted|p1a: Koraidon\n|-damage|p1a: Koraidon|25\/100\n|move|p1a: Koraidon|Collision Course|p2a: Arceus\n|-damage|p2a: Arceus|0 fnt\n|faint|p2a: Arceus\n|\n|-weather|SunnyDay|[upkeep]\n|upkeep\n|\n|t:|1699072172\n|switch|p2a: Skeledirge|Skeledirge, M, shiny|100\/100\n|turn|20\n|\n|t:|1699072175\n|move|p1a: Koraidon|Dragon Claw|p2a: Skeledirge\n|-damage|p2a: Skeledirge|59\/100\n|move|p2a: Skeledirge|Torch Song|p1a: Koraidon\n|-supereffective|p1a: Koraidon\n|-damage|p1a: Koraidon|0 fnt\n|-boost|p2a: Skeledirge|spa|1\n|faint|p1a: Koraidon\n|\n|win|Miraidon4ever\n|raw|MrBoatCraft YT's rating: 1372 &rarr; <strong>1359<\/strong><br \/>(-13 for losing)\n|raw|Miraidon4ever's rating: 1500 &rarr; <strong>1513<\/strong><br \/>(+13 for winning)\n|l|\u2606MrBoatCraft YT\n","uploadtime":1699072184,"views":7,"p1id":"mrboatcraftyt","p2id":"miraidon4ever","formatid":"gen9anythinggoes","rating":1359,"private":0,"password":""}