{"id":"gen9anythinggoes-1997343679","p1":"Hawkman100","p2":"cjrohandj","format":"[Gen 9] Anything Goes","log":"|j|\u2606Hawkman100\n|j|\u2606cjrohandj\n|t:|1700791942\n|gametype|singles\n|player|p1|Hawkman100|1|1365\n|player|p2|cjrohandj|266|1434\n|teamsize|p1|6\n|teamsize|p2|6\n|gen|9\n|tier|[Gen 9] Anything Goes\n|rated|\n|rule|HP Percentage Mod: HP is shown in percentages\n|rule|Endless Battle Clause: Forcing endless battles is banned\n|clearpoke\n|poke|p1|Iron Bundle|\n|poke|p1|Corviknight, F|\n|poke|p1|Clodsire, M|\n|poke|p1|Calyrex-Shadow|\n|poke|p1|Arceus|\n|poke|p1|Eternatus|\n|poke|p2|Cloyster, F|\n|poke|p2|Lilligant-Hisui, F|\n|poke|p2|Chien-Pao|\n|poke|p2|Koraidon|\n|poke|p2|Miraidon|\n|poke|p2|Ditto|\n|teampreview\n|inactive|Battle timer is ON: inactive players will automatically lose when time's up. (requested by cjrohandj)\n|\n|t:|1700791951\n|start\n|switch|p1a: Calyrex|Calyrex-Shadow|100\/100\n|switch|p2a: Cloyster|Cloyster, F|100\/100\n|-ability|p1a: Calyrex|As One\n|-ability|p1a: Calyrex|Unnerve\n|turn|1\n|\n|t:|1700791959\n|move|p1a: Calyrex|Grass Knot|p2a: Cloyster\n|-supereffective|p2a: Cloyster\n|-enditem|p2a: Cloyster|Focus Sash\n|-damage|p2a: Cloyster|1\/100\n|move|p2a: Cloyster|Shell Smash|p2a: Cloyster\n|-unboost|p2a: Cloyster|def|1\n|-unboost|p2a: Cloyster|spd|1\n|-boost|p2a: Cloyster|atk|2\n|-boost|p2a: Cloyster|spa|2\n|-boost|p2a: Cloyster|spe|2\n|\n|upkeep\n|turn|2\n|\n|t:|1700791968\n|move|p2a: Cloyster|Icicle Spear|p1a: Calyrex\n|-damage|p1a: Calyrex|76\/100\n|-damage|p1a: Calyrex|51\/100\n|-damage|p1a: Calyrex|24\/100\n|-damage|p1a: Calyrex|0 fnt\n|faint|p1a: Calyrex\n|-hitcount|p1: Calyrex|4\n|\n|upkeep\n|\n|t:|1700791976\n|switch|p1a: Iron Bundle|Iron Bundle|100\/100\n|-enditem|p1a: Iron Bundle|Booster Energy\n|-activate|p1a: Iron Bundle|ability: Quark Drive|[fromitem]\n|-start|p1a: Iron Bundle|quarkdrivespe\n|turn|3\n|\n|t:|1700791991\n|move|p1a: Iron Bundle|Freeze-Dry|p2a: Cloyster\n|-damage|p2a: Cloyster|0 fnt\n|faint|p2a: Cloyster\n|\n|upkeep\n|\n|t:|1700791996\n|switch|p2a: Miraidon|Miraidon|100\/100\n|-fieldstart|move: Electric Terrain|[from] ability: Hadron Engine|[of] p2a: Miraidon\n|turn|4\n|\n|t:|1700792003\n|-terastallize|p1a: Iron Bundle|Fairy\n|-terastallize|p2a: Miraidon|Fairy\n|move|p1a: Iron Bundle|Ice Beam|p2a: Miraidon\n|-damage|p2a: Miraidon|65\/100\n|move|p2a: Miraidon|Calm Mind|p2a: Miraidon\n|-boost|p2a: Miraidon|spa|1\n|-boost|p2a: Miraidon|spd|1\n|\n|-heal|p2a: Miraidon|72\/100|[from] item: Leftovers\n|upkeep\n|turn|5\n|\n|t:|1700792013\n|move|p1a: Iron Bundle|Taunt|p2a: Miraidon\n|-start|p2a: Miraidon|move: Taunt\n|cant|p2a: Miraidon|move: Taunt|Calm Mind\n|\n|-heal|p2a: Miraidon|78\/100|[from] item: Leftovers\n|upkeep\n|turn|6\n|\n|t:|1700792019\n|move|p1a: Iron Bundle|Hydro Pump|p2a: Miraidon|[miss]\n|-miss|p1a: Iron Bundle|p2a: Miraidon\n|move|p2a: Miraidon|Parabolic Charge|p1a: Iron Bundle\n|-damage|p1a: Iron Bundle|0 fnt\n|-heal|p2a: Miraidon|100\/100|[from] drain|[of] p1a: Iron Bundle\n|faint|p1a: Iron Bundle\n|-end|p1a: Iron Bundle|Quark Drive|[silent]\n|\n|upkeep\n|\n|t:|1700792031\n|switch|p1a: Eternatus|Eternatus|100\/100\n|-ability|p1a: Eternatus|Pressure\n|turn|7\n|\n|t:|1700792045\n|move|p1a: Eternatus|Sludge Bomb|p2a: Miraidon\n|-supereffective|p2a: Miraidon\n|-damage|p2a: Miraidon|53\/100\n|-status|p2a: Miraidon|psn\n|move|p2a: Miraidon|Dazzling Gleam|p1a: Eternatus\n|-damage|p1a: Eternatus|37\/100\n|\n|-heal|p1a: Eternatus|43\/100|[from] item: Leftovers\n|-heal|p2a: Miraidon|59\/100 psn|[from] item: Leftovers\n|-damage|p2a: Miraidon|47\/100 psn|[from] psn\n|-end|p2a: Miraidon|move: Taunt\n|upkeep\n|turn|8\n|\n|t:|1700792057\n|move|p1a: Eternatus|Recover|p1a: Eternatus\n|-heal|p1a: Eternatus|93\/100\n|move|p2a: Miraidon|Dazzling Gleam|p1a: Eternatus\n|-damage|p1a: Eternatus|29\/100\n|\n|-heal|p1a: Eternatus|35\/100|[from] item: Leftovers\n|-heal|p2a: Miraidon|53\/100 psn|[from] item: Leftovers\n|-damage|p2a: Miraidon|41\/100 psn|[from] psn\n|-fieldend|move: Electric Terrain\n|upkeep\n|turn|9\n|\n|t:|1700792071\n|move|p1a: Eternatus|Recover|p1a: Eternatus\n|-heal|p1a: Eternatus|85\/100\n|move|p2a: Miraidon|Dazzling Gleam|p1a: Eternatus\n|-damage|p1a: Eternatus|36\/100\n|\n|-heal|p1a: Eternatus|42\/100|[from] item: Leftovers\n|-heal|p2a: Miraidon|47\/100 psn|[from] item: Leftovers\n|-damage|p2a: Miraidon|34\/100 psn|[from] psn\n|upkeep\n|turn|10\n|\n|t:|1700792084\n|move|p1a: Eternatus|Recover|p1a: Eternatus\n|-heal|p1a: Eternatus|92\/100\n|move|p2a: Miraidon|Dazzling Gleam|p1a: Eternatus\n|-damage|p1a: Eternatus|39\/100\n|\n|-heal|p1a: Eternatus|45\/100|[from] item: Leftovers\n|-heal|p2a: Miraidon|41\/100 psn|[from] item: Leftovers\n|-damage|p2a: Miraidon|28\/100 psn|[from] psn\n|upkeep\n|turn|11\n|\n|t:|1700792097\n|move|p1a: Eternatus|Recover|p1a: Eternatus\n|-heal|p1a: Eternatus|95\/100\n|move|p2a: Miraidon|Parabolic Charge|p1a: Eternatus\n|-resisted|p1a: Eternatus\n|-damage|p1a: Eternatus|74\/100\n|-heal|p2a: Miraidon|41\/100 psn|[from] drain|[of] p1a: Eternatus\n|\n|-heal|p1a: Eternatus|80\/100|[from] item: Leftovers\n|-heal|p2a: Miraidon|47\/100 psn|[from] item: Leftovers\n|-damage|p2a: Miraidon|35\/100 psn|[from] psn\n|upkeep\n|turn|12\n|\n|t:|1700792111\n|move|p1a: Eternatus|Cosmic Power|p1a: Eternatus\n|-boost|p1a: Eternatus|def|1\n|-boost|p1a: Eternatus|spd|1\n|move|p2a: Miraidon|Parabolic Charge|p1a: Eternatus\n|-resisted|p1a: Eternatus\n|-damage|p1a: Eternatus|67\/100\n|-heal|p2a: Miraidon|43\/100 psn|[from] drain|[of] p1a: Eternatus\n|\n|-heal|p1a: Eternatus|74\/100|[from] item: Leftovers\n|-heal|p2a: Miraidon|49\/100 psn|[from] item: Leftovers\n|-damage|p2a: Miraidon|37\/100 psn|[from] psn\n|upkeep\n|turn|13\n|\n|t:|1700792122\n|move|p1a: Eternatus|Sludge Bomb|p2a: Miraidon\n|-supereffective|p2a: Miraidon\n|-damage|p2a: Miraidon|0 fnt\n|faint|p2a: Miraidon\n|\n|-heal|p1a: Eternatus|80\/100|[from] item: Leftovers\n|upkeep\n|\n|t:|1700792126\n|switch|p2a: Ditto|Ditto|100\/100\n|-transform|p2a: Ditto|p1a: Eternatus|[from] ability: Imposter\n|-ability|p2a: Ditto|Pressure\n|turn|14\n|\n|t:|1700792134\n|switch|p2a: Koraidon|Koraidon|100\/100\n|-weather|SunnyDay|[from] ability: Orichalcum Pulse|[of] p2a: Koraidon\n|-activate|p2a: Koraidon|Orichalcum Pulse|[source]\n|move|p1a: Eternatus|Fire Spin|p2a: Koraidon\n|-resisted|p2a: Koraidon\n|-damage|p2a: Koraidon|92\/100\n|-activate|p2a: Koraidon|move: Fire Spin|[of] p1a: Eternatus\n|\n|-weather|SunnyDay|[upkeep]\n|-heal|p1a: Eternatus|86\/100|[from] item: Leftovers\n|-damage|p2a: Koraidon|79\/100|[from] move: Fire Spin|[partiallytrapped]\n|upkeep\n|turn|15\n|\n|t:|1700792145\n|move|p2a: Koraidon|Swords Dance|p2a: Koraidon\n|-boost|p2a: Koraidon|atk|2\n|move|p1a: Eternatus|Sludge Bomb|p2a: Koraidon\n|-damage|p2a: Koraidon|40\/100\n|\n|-weather|SunnyDay|[upkeep]\n|-heal|p1a: Eternatus|92\/100|[from] item: Leftovers\n|-damage|p2a: Koraidon|27\/100|[from] move: Fire Spin|[partiallytrapped]\n|upkeep\n|turn|16\n|\n|t:|1700792153\n|move|p2a: Koraidon|Stomping Tantrum|p1a: Eternatus\n|-supereffective|p1a: Eternatus\n|-damage|p1a: Eternatus|22\/100\n|move|p1a: Eternatus|Sludge Bomb|p2a: Koraidon\n|-damage|p2a: Koraidon|0 fnt\n|faint|p2a: Koraidon\n|\n|-weather|SunnyDay|[upkeep]\n|-heal|p1a: Eternatus|28\/100|[from] item: Leftovers\n|upkeep\n|\n|t:|1700792161\n|switch|p2a: Chien-Pao|Chien-Pao|100\/100\n|-ability|p2a: Chien-Pao|Sword of Ruin\n|turn|17\n|\n|t:|1700792166\n|move|p2a: Chien-Pao|Ice Shard|p1a: Eternatus\n|-supereffective|p1a: Eternatus\n|-damage|p1a: Eternatus|0 fnt\n|faint|p1a: Eternatus\n|\n|-weather|SunnyDay|[upkeep]\n|upkeep\n|\n|t:|1700792178\n|switch|p1a: Arceus|Arceus|100\/100\n|turn|18\n|\n|t:|1700792187\n|move|p2a: Chien-Pao|Crunch|p1a: Arceus\n|-damage|p1a: Arceus|55\/100\n|move|p1a: Arceus|Calm Mind|p1a: Arceus\n|-boost|p1a: Arceus|spa|1\n|-boost|p1a: Arceus|spd|1\n|\n|-weather|none\n|-heal|p1a: Arceus|61\/100|[from] item: Leftovers\n|upkeep\n|turn|19\n|\n|t:|1700792194\n|move|p1a: Arceus|Extreme Speed|p2a: Chien-Pao\n|-damage|p2a: Chien-Pao|38\/100\n|move|p2a: Chien-Pao|Crunch|p1a: Arceus\n|-damage|p1a: Arceus|22\/100\n|-unboost|p1a: Arceus|def|1\n|\n|-heal|p1a: Arceus|28\/100|[from] item: Leftovers\n|upkeep\n|turn|20\n|\n|t:|1700792203\n|move|p1a: Arceus|Extreme Speed|p2a: Chien-Pao\n|-damage|p2a: Chien-Pao|0 fnt\n|faint|p2a: Chien-Pao\n|\n|-heal|p1a: Arceus|34\/100|[from] item: Leftovers\n|upkeep\n|\n|t:|1700792207\n|switch|p2a: Lilligant|Lilligant-Hisui, F|100\/100\n|turn|21\n|\n|t:|1700792213\n|move|p1a: Arceus|Extreme Speed|p2a: Lilligant\n|-damage|p2a: Lilligant|39\/100\n|move|p2a: Lilligant|Magical Leaf|p1a: Arceus\n|-damage|p1a: Arceus|25\/100\n|\n|-heal|p1a: Arceus|32\/100|[from] item: Leftovers\n|upkeep\n|turn|22\n|\n|t:|1700792220\n|switch|p2a: Ditto|Ditto|100\/100\n|-transform|p2a: Ditto|p1a: Arceus|[from] ability: Imposter\n|move|p1a: Arceus|Extreme Speed|p2a: Ditto\n|-damage|p2a: Ditto|29\/100\n|\n|-heal|p1a: Arceus|38\/100|[from] item: Leftovers\n|upkeep\n|turn|23\n|\n|t:|1700792232\n|switch|p1a: Corviknight|Corviknight, F|100\/100\n|-ability|p1a: Corviknight|Pressure\n|move|p2a: Ditto|Extreme Speed|p1a: Corviknight\n|-resisted|p1a: Corviknight\n|-damage|p1a: Corviknight|82\/100\n|-damage|p2a: Ditto|13\/100|[from] item: Rocky Helmet|[of] p1a: Corviknight\n|\n|upkeep\n|turn|24\n|l|\u2606cjrohandj\n|inactive|cjrohandj disconnected and has a minute to reconnect!\n|player|p2|\n|\n|t:|1700792241\n|switch|p2a: Lilligant|Lilligant-Hisui, F|39\/100\n|move|p1a: Corviknight|Bulk Up|p1a: Corviknight\n|-boost|p1a: Corviknight|atk|1\n|-boost|p1a: Corviknight|def|1\n|\n|upkeep\n|turn|25\n|inactive|cjrohandj has 30 seconds to reconnect!\n|inactive|cjrohandj has 20 seconds to reconnect!\n|inactive|cjrohandj has 15 seconds to reconnect!\n|inactive|cjrohandj has 10 seconds to reconnect!\n|inactive|cjrohandj has 5 seconds to reconnect!\n|-message|cjrohandj lost due to inactivity.\n|\n|win|Hawkman100\n|raw|Hawkman100's rating: 1365 &rarr; <strong>1391<\/strong><br \/>(+26 for winning)\n|raw|cjrohandj's rating: 1472 &rarr; <strong>1446<\/strong><br \/>(-26 for losing)\n","uploadtime":1700792311,"views":2,"p1id":"hawkman100","p2id":"cjrohandj","formatid":"gen9anythinggoes","rating":1391,"private":0,"password":""}