{"id":"gen9anythinggoes-1992471429","p1":"SceptileKyle","p2":"Puptup","format":"[Gen 9] Anything Goes","log":"|j|\u2606SceptileKyle\n|j|\u2606Puptup\n|t:|1700191673\n|gametype|singles\n|player|p1|SceptileKyle|169|\n|player|p2|Puptup|burglar|\n|teamsize|p1|6\n|teamsize|p2|6\n|gen|9\n|tier|[Gen 9] Anything Goes\n|rule|HP Percentage Mod: HP is shown in percentages\n|rule|Endless Battle Clause: Forcing endless battles is banned\n|clearpoke\n|poke|p1|Landorus-Therian, M|\n|poke|p1|Annihilape, F|\n|poke|p1|Volcarona, M|\n|poke|p1|Grimmsnarl, M|\n|poke|p1|Dondozo, F|\n|poke|p1|Arboliva, M|\n|poke|p2|Iron Valiant|\n|poke|p2|Gothitelle, F|\n|poke|p2|Alomomola, F|\n|poke|p2|Slowking-Galar, M|\n|poke|p2|Iron Treads|\n|poke|p2|Chesnaught, M|\n|teampreview\n|\n|t:|1700191697\n|start\n|switch|p1a: Annihilape|Annihilape, F|100\/100\n|switch|p2a: Lightly|Iron Treads, shiny|100\/100\n|turn|1\n|\n|t:|1700191709\n|move|p1a: Annihilape|Phantom Force||[still]\n|-prepare|p1a: Annihilape|Phantom Force\n|move|p2a: Lightly|Knock Off|p1a: Annihilape|[miss]\n|-miss|p2a: Lightly|p1a: Annihilape\n|\n|upkeep\n|turn|2\n|\n|t:|1700191726\n|-end|p2a: Lightly|Quark Drive|[silent]\n|switch|p2a: Greedo|Chesnaught, M|100\/100\n|move|p1a: Annihilape|Phantom Force|p2a: Greedo|[from]lockedmove\n|-damage|p2a: Greedo|76\/100\n|\n|-heal|p2a: Greedo|82\/100|[from] item: Leftovers\n|upkeep\n|turn|3\n|\n|t:|1700191732\n|switch|p1a: Volcarona|Volcarona, M|100\/100\n|move|p2a: Greedo|Spikes|p1a: Volcarona\n|-sidestart|p1: SceptileKyle|Spikes\n|\n|-heal|p2a: Greedo|88\/100|[from] item: Leftovers\n|upkeep\n|turn|4\n|\n|t:|1700191736\n|switch|p2a: Makhachev|Slowking-Galar, M|100\/100\n|move|p1a: Volcarona|Quiver Dance|p1a: Volcarona\n|-boost|p1a: Volcarona|spa|1\n|-boost|p1a: Volcarona|spd|1\n|-boost|p1a: Volcarona|spe|1\n|\n|upkeep\n|turn|5\n|\n|t:|1700191742\n|move|p1a: Volcarona|Bug Buzz|p2a: Makhachev\n|-damage|p2a: Makhachev|71\/100\n|move|p2a: Makhachev|Power Gem|p1a: Volcarona\n|-supereffective|p1a: Volcarona\n|-damage|p1a: Volcarona|40\/100\n|\n|upkeep\n|turn|6\n|\n|t:|1700191750\n|move|p1a: Volcarona|Bug Buzz|p2a: Makhachev\n|-damage|p2a: Makhachev|39\/100\n|move|p2a: Makhachev|Power Gem|p1a: Volcarona\n|-supereffective|p1a: Volcarona\n|-crit|p1a: Volcarona\n|-damage|p1a: Volcarona|0 fnt\n|faint|p1a: Volcarona\n|\n|upkeep\n|\n|t:|1700191753\n|switch|p1a: Landorus|Landorus-Therian, M|100\/100\n|-ability|p1a: Landorus|Intimidate|boost\n|-unboost|p2a: Makhachev|atk|1\n|turn|7\n|\n|t:|1700191758\n|switch|p2a: Greedo|Chesnaught, M|88\/100\n|move|p1a: Landorus|Stealth Rock|p2a: Greedo\n|-sidestart|p2: Puptup|move: Stealth Rock\n|\n|-heal|p2a: Greedo|94\/100|[from] item: Leftovers\n|upkeep\n|turn|8\n|\n|t:|1700191764\n|move|p1a: Landorus|U-turn|p2a: Greedo\n|-damage|p2a: Greedo|77\/100\n|\n|t:|1700191767\n|switch|p1a: Annihilape|Annihilape, F|100\/100|[from] U-turn\n|-damage|p1a: Annihilape|88\/100|[from] Spikes\n|move|p2a: Greedo|Wood Hammer|p1a: Annihilape\n|-damage|p1a: Annihilape|42\/100\n|-damage|p2a: Greedo|62\/100|[from] Recoil\n|\n|-heal|p2a: Greedo|68\/100|[from] item: Leftovers\n|upkeep\n|turn|9\n|\n|t:|1700191772\n|move|p1a: Annihilape|Drain Punch|p2a: Greedo\n|-damage|p2a: Greedo|47\/100\n|-heal|p1a: Annihilape|54\/100|[from] drain|[of] p2a: Greedo\n|move|p2a: Greedo|Wood Hammer|p1a: Annihilape\n|-damage|p1a: Annihilape|7\/100\n|-damage|p2a: Greedo|32\/100|[from] Recoil\n|\n|-heal|p2a: Greedo|38\/100|[from] item: Leftovers\n|upkeep\n|turn|10\n|\n|t:|1700191777\n|move|p1a: Annihilape|Drain Punch|p2a: Greedo\n|-damage|p2a: Greedo|17\/100\n|-heal|p1a: Annihilape|18\/100|[from] drain|[of] p2a: Greedo\n|move|p2a: Greedo|Synthesis|p2a: Greedo\n|-heal|p2a: Greedo|67\/100\n|\n|-heal|p2a: Greedo|73\/100|[from] item: Leftovers\n|upkeep\n|turn|11\n|\n|t:|1700191783\n|switch|p1a: Landorus|Landorus-Therian, M|100\/100\n|-ability|p1a: Landorus|Intimidate|boost\n|-unboost|p2a: Greedo|atk|1\n|move|p2a: Greedo|Spikes|p1a: Landorus\n|-sidestart|p1: SceptileKyle|Spikes\n|\n|-heal|p2a: Greedo|79\/100|[from] item: Leftovers\n|upkeep\n|turn|12\n|\n|t:|1700191789\n|move|p1a: Landorus|Taunt|p2a: Greedo\n|-start|p2a: Greedo|move: Taunt\n|cant|p2a: Greedo|move: Taunt|Spikes\n|\n|-heal|p2a: Greedo|85\/100|[from] item: Leftovers\n|upkeep\n|turn|13\n|\n|t:|1700191800\n|move|p1a: Landorus|U-turn|p2a: Greedo\n|-damage|p2a: Greedo|68\/100\n|\n|t:|1700191804\n|switch|p1a: Annihilape|Annihilape, F|18\/100|[from] U-turn\n|-damage|p1a: Annihilape|2\/100|[from] Spikes\n|move|p2a: Greedo|Wood Hammer|p1a: Annihilape\n|-damage|p1a: Annihilape|0 fnt\n|faint|p1a: Annihilape\n|-damage|p2a: Greedo|68\/100|[from] Recoil\n|\n|-heal|p2a: Greedo|74\/100|[from] item: Leftovers\n|upkeep\n|\n|t:|1700191806\n|switch|p1a: Grimmsnarl|Grimmsnarl, M|100\/100\n|-damage|p1a: Grimmsnarl|84\/100|[from] Spikes\n|turn|14\n|\n|t:|1700191809\n|switch|p2a: Lightly|Iron Treads, shiny|100\/100\n|-damage|p2a: Lightly|97\/100|[from] Stealth Rock\n|move|p1a: Grimmsnarl|Thunder Wave|p2a: Lightly\n|-immune|p2a: Lightly\n|\n|upkeep\n|turn|15\n|\n|t:|1700191811\n|move|p1a: Grimmsnarl|Reflect|p1a: Grimmsnarl\n|-sidestart|p1: SceptileKyle|Reflect\n|move|p2a: Lightly|Knock Off|p1a: Grimmsnarl\n|-resisted|p1a: Grimmsnarl\n|-damage|p1a: Grimmsnarl|79\/100\n|-enditem|p1a: Grimmsnarl|Light Clay|[from] move: Knock Off|[of] p2a: Lightly\n|\n|upkeep\n|turn|16\n|\n|t:|1700191815\n|move|p1a: Grimmsnarl|Light Screen|p1a: Grimmsnarl\n|-sidestart|p1: SceptileKyle|move: Light Screen\n|move|p2a: Lightly|Stealth Rock|p1a: Grimmsnarl\n|-sidestart|p1: SceptileKyle|move: Stealth Rock\n|\n|upkeep\n|turn|17\n|\n|t:|1700191819\n|switch|p1a: Dondozo|Dondozo, F|100\/100\n|-damage|p1a: Dondozo|84\/100|[from] Spikes\n|-damage|p1a: Dondozo|71\/100|[from] Stealth Rock\n|move|p2a: Lightly|High Horsepower|p1a: Dondozo\n|-damage|p1a: Dondozo|61\/100\n|\n|-heal|p1a: Dondozo|67\/100|[from] item: Leftovers\n|upkeep\n|turn|18\n|\n|t:|1700191822\n|-end|p2a: Lightly|Quark Drive|[silent]\n|switch|p2a: Hello Moto|Gothitelle, F, shiny|100\/100\n|-damage|p2a: Hello Moto|88\/100|[from] Stealth Rock\n|move|p1a: Dondozo|Curse|p1a: Dondozo\n|-unboost|p1a: Dondozo|spe|1\n|-boost|p1a: Dondozo|atk|1\n|-boost|p1a: Dondozo|def|1\n|\n|-heal|p1a: Dondozo|74\/100|[from] item: Leftovers\n|upkeep\n|turn|19\n|\n|t:|1700191826\n|move|p2a: Hello Moto|Trick|p1a: Dondozo\n|-activate|p2a: Hello Moto|move: Trick|[of] p1a: Dondozo\n|-item|p1a: Dondozo|Choice Scarf|[from] move: Trick\n|-item|p2a: Hello Moto|Leftovers|[from] move: Trick\n|move|p1a: Dondozo|Wave Crash|p2a: Hello Moto\n|-damage|p2a: Hello Moto|9\/100\n|-damage|p1a: Dondozo|59\/100|[from] Recoil\n|\n|-heal|p2a: Hello Moto|15\/100|[from] item: Leftovers\n|upkeep\n|turn|20\n|\n|t:|1700191831\n|switch|p2a: Greedo|Chesnaught, M|74\/100\n|-damage|p2a: Greedo|68\/100|[from] Stealth Rock\n|move|p1a: Dondozo|Wave Crash|p2a: Greedo\n|-resisted|p2a: Greedo\n|-damage|p2a: Greedo|49\/100\n|-damage|p1a: Dondozo|54\/100|[from] Recoil\n|\n|-heal|p2a: Greedo|55\/100|[from] item: Leftovers\n|-sideend|p1: SceptileKyle|move: Light Screen\n|upkeep\n|turn|21\n|\n|t:|1700191834\n|move|p2a: Greedo|Synthesis|p2a: Greedo\n|-heal|p2a: Greedo|100\/100\n|move|p1a: Dondozo|Wave Crash|p2a: Greedo\n|-resisted|p2a: Greedo\n|-damage|p2a: Greedo|82\/100\n|-damage|p1a: Dondozo|50\/100|[from] Recoil\n|\n|-heal|p2a: Greedo|88\/100|[from] item: Leftovers\n|upkeep\n|turn|22\n|\n|t:|1700191839\n|switch|p1a: Arboliva|Arboliva, M|100\/100\n|-damage|p1a: Arboliva|84\/100|[from] Spikes\n|-damage|p1a: Arboliva|71\/100|[from] Stealth Rock\n|move|p2a: Greedo|Spikes|p1a: Arboliva\n|-sidestart|p1: SceptileKyle|Spikes\n|\n|-heal|p2a: Greedo|94\/100|[from] item: Leftovers\n|-sideend|p1: SceptileKyle|Reflect\n|upkeep\n|turn|23\n|\n|t:|1700191844\n|-terastallize|p1a: Arboliva|Ground\n|move|p2a: Greedo|Body Press|p1a: Arboliva\n|-damage|p1a: Arboliva|29\/100\n|-enditem|p1a: Arboliva|Sitrus Berry|[eat]\n|-heal|p1a: Arboliva|54\/100|[from] item: Sitrus Berry\n|move|p1a: Arboliva|Substitute|p1a: Arboliva\n|-start|p1a: Arboliva|Substitute\n|-damage|p1a: Arboliva|29\/100\n|\n|-heal|p2a: Greedo|99\/100|[from] item: Leftovers\n|-item|p1a: Arboliva|Sitrus Berry|[from] ability: Harvest\n|upkeep\n|-enditem|p1a: Arboliva|Sitrus Berry|[eat]\n|-heal|p1a: Arboliva|54\/100|[from] item: Sitrus Berry\n|turn|24\n|\n|t:|1700191851\n|move|p2a: Greedo|Body Press|p1a: Arboliva\n|-end|p1a: Arboliva|Substitute\n|move|p1a: Arboliva|Hyper Voice|p2a: Greedo\n|-damage|p2a: Greedo|52\/100\n|\n|-heal|p2a: Greedo|58\/100|[from] item: Leftovers\n|-item|p1a: Arboliva|Sitrus Berry|[from] ability: Harvest\n|upkeep\n|turn|25\n|\n|t:|1700191854\n|move|p2a: Greedo|Wood Hammer|p1a: Arboliva\n|-supereffective|p1a: Arboliva\n|-damage|p1a: Arboliva|0 fnt\n|faint|p1a: Arboliva\n|-damage|p2a: Greedo|41\/100|[from] Recoil\n|\n|-heal|p2a: Greedo|47\/100|[from] item: Leftovers\n|upkeep\n|\n|t:|1700191858\n|switch|p1a: Grimmsnarl|Grimmsnarl, M|79\/100\n|-damage|p1a: Grimmsnarl|54\/100|[from] Spikes\n|-damage|p1a: Grimmsnarl|41\/100|[from] Stealth Rock\n|turn|26\n|\n|t:|1700191864\n|move|p2a: Greedo|Synthesis|p2a: Greedo\n|-heal|p2a: Greedo|97\/100\n|move|p1a: Grimmsnarl|Spirit Break|p2a: Greedo\n|-supereffective|p2a: Greedo\n|-damage|p2a: Greedo|64\/100\n|-unboost|p2a: Greedo|spa|1\n|\n|-heal|p2a: Greedo|70\/100|[from] item: Leftovers\n|upkeep\n|turn|27\n|\n|t:|1700191868\n|move|p2a: Greedo|Wood Hammer|p1a: Grimmsnarl\n|-damage|p1a: Grimmsnarl|0 fnt\n|faint|p1a: Grimmsnarl\n|-damage|p2a: Greedo|56\/100|[from] Recoil\n|\n|-heal|p2a: Greedo|62\/100|[from] item: Leftovers\n|upkeep\n|\n|t:|1700191871\n|switch|p1a: Landorus|Landorus-Therian, M|100\/100\n|-damage|p1a: Landorus|88\/100|[from] Stealth Rock\n|-ability|p1a: Landorus|Intimidate|boost\n|-unboost|p2a: Greedo|atk|1\n|turn|28\n|\n|t:|1700191877\n|move|p1a: Landorus|U-turn|p2a: Greedo\n|-damage|p2a: Greedo|45\/100\n|\n|t:|1700191879\n|switch|p1a: Dondozo|Dondozo, F|50\/100|[from] U-turn\n|-damage|p1a: Dondozo|25\/100|[from] Spikes\n|-damage|p1a: Dondozo|12\/100|[from] Stealth Rock\n|move|p2a: Greedo|Synthesis|p2a: Greedo\n|-heal|p2a: Greedo|95\/100\n|\n|-heal|p2a: Greedo|100\/100|[from] item: Leftovers\n|upkeep\n|turn|29\n|\n|t:|1700191886\n|move|p2a: Greedo|Synthesis|p2a: Greedo\n|-fail|p2a: Greedo|heal\n|move|p1a: Dondozo|Wave Crash|p2a: Greedo\n|-resisted|p2a: Greedo\n|-damage|p2a: Greedo|87\/100\n|-damage|p1a: Dondozo|9\/100|[from] Recoil\n|\n|-heal|p2a: Greedo|93\/100|[from] item: Leftovers\n|upkeep\n|turn|30\n|\n|t:|1700191893\n|switch|p2a: Gidle|Alomomola, F, shiny|100\/100\n|-damage|p2a: Gidle|88\/100|[from] Stealth Rock\n|move|p1a: Dondozo|Wave Crash|p2a: Gidle\n|-resisted|p2a: Gidle\n|-damage|p2a: Gidle|78\/100\n|-damage|p1a: Dondozo|5\/100|[from] Recoil\n|\n|-heal|p2a: Gidle|84\/100|[from] item: Leftovers\n|upkeep\n|turn|31\n|\n|t:|1700191895\n|move|p1a: Dondozo|Wave Crash|p2a: Gidle\n|-resisted|p2a: Gidle\n|-damage|p2a: Gidle|73\/100\n|-damage|p1a: Dondozo|1\/100|[from] Recoil\n|move|p2a: Gidle|Wish|p2a: Gidle\n|\n|-heal|p2a: Gidle|79\/100|[from] item: Leftovers\n|upkeep\n|turn|32\n|\n|t:|1700191905\n|switch|p2a: Tennyson|Iron Valiant|100\/100\n|-damage|p2a: Tennyson|94\/100|[from] Stealth Rock\n|move|p1a: Dondozo|Wave Crash|p2a: Tennyson\n|-damage|p2a: Tennyson|40\/100\n|-damage|p1a: Dondozo|0 fnt|[from] Recoil\n|faint|p1a: Dondozo\n|\n|-heal|p2a: Tennyson|100\/100|[from] move: Wish|[wisher] Gidle\n|upkeep\n|\n|t:|1700191909\n|switch|p1a: Landorus|Landorus-Therian, M|88\/100\n|-damage|p1a: Landorus|76\/100|[from] Stealth Rock\n|-ability|p1a: Landorus|Intimidate|boost\n|-unboost|p2a: Tennyson|atk|1\n|turn|33\n|\n|t:|1700191915\n|move|p2a: Tennyson|Moonblast|p1a: Landorus\n|-damage|p1a: Landorus|15\/100\n|-unboost|p1a: Landorus|spa|1\n|move|p1a: Landorus|Earthquake|p2a: Tennyson\n|-damage|p2a: Tennyson|27\/100\n|\n|upkeep\n|turn|34\n|\n|t:|1700191919\n|move|p2a: Tennyson|Close Combat|p1a: Landorus\n|-resisted|p1a: Landorus\n|-damage|p1a: Landorus|0 fnt\n|-unboost|p2a: Tennyson|def|1\n|-unboost|p2a: Tennyson|spd|1\n|faint|p1a: Landorus\n|\n|win|Puptup\n|l|\u2606SceptileKyle\n|l|\u2606Puptup\n|j|\u2606Puptup\n|player|p2|Puptup|burglar\n","uploadtime":1700192448,"views":8,"p1id":"sceptilekyle","p2id":"puptup","formatid":"gen9anythinggoes","rating":0,"private":0,"password":""}