{"id":"gen9anythinggoes-1992804273","p1":"Fats0","p2":"eleoele12423","format":"[Gen 9] Anything Goes","log":"|j|\u2606Fats0\n|j|\u2606eleoele12423\n|t:|1700236902\n|gametype|singles\n|player|p1|Fats0|2|1096\n|player|p2|eleoele12423|pokekid|1000\n|teamsize|p1|6\n|teamsize|p2|6\n|gen|9\n|tier|[Gen 9] Anything Goes\n|rated|\n|rule|HP Percentage Mod: HP is shown in percentages\n|rule|Endless Battle Clause: Forcing endless battles is banned\n|clearpoke\n|poke|p1|Annihilape, M|\n|poke|p1|Iron Hands|\n|poke|p1|Ogerpon-Cornerstone, F|\n|poke|p1|Ursaluna-Bloodmoon, M|\n|poke|p1|Flittle, M|\n|poke|p1|Enamorus, F|\n|poke|p2|Samurott-Hisui, M|\n|poke|p2|Toxapex, F|\n|poke|p2|Ninetales-Alola, F|\n|poke|p2|Roaring Moon|\n|poke|p2|Drifblim, M|\n|poke|p2|Cinderace, F|\n|teampreview\n|\n|t:|1700236908\n|start\n|switch|p1a: Flittle|Flittle, M|100\/100\n|switch|p2a: Drifblim|Drifblim, M|100\/100\n|turn|1\n|\n|t:|1700236919\n|move|p1a: Flittle|Calm Mind|p1a: Flittle\n|-boost|p1a: Flittle|spa|1\n|-boost|p1a: Flittle|spd|1\n|move|p2a: Drifblim|Minimize|p2a: Drifblim\n|-boost|p2a: Drifblim|evasion|2\n|\n|-ability|p1a: Flittle|Speed Boost|boost\n|-boost|p1a: Flittle|spe|1\n|upkeep\n|turn|2\n|\n|t:|1700236926\n|move|p1a: Flittle|Calm Mind|p1a: Flittle\n|-boost|p1a: Flittle|spa|1\n|-boost|p1a: Flittle|spd|1\n|move|p2a: Drifblim|Minimize|p2a: Drifblim\n|-boost|p2a: Drifblim|evasion|2\n|\n|-ability|p1a: Flittle|Speed Boost|boost\n|-boost|p1a: Flittle|spe|1\n|upkeep\n|turn|3\n|\n|t:|1700236933\n|move|p1a: Flittle|Calm Mind|p1a: Flittle\n|-boost|p1a: Flittle|spa|1\n|-boost|p1a: Flittle|spd|1\n|move|p2a: Drifblim|Minimize|p2a: Drifblim\n|-boost|p2a: Drifblim|evasion|2\n|\n|-ability|p1a: Flittle|Speed Boost|boost\n|-boost|p1a: Flittle|spe|1\n|upkeep\n|turn|4\n|\n|t:|1700236941\n|move|p1a: Flittle|Calm Mind|p1a: Flittle\n|-boost|p1a: Flittle|spa|1\n|-boost|p1a: Flittle|spd|1\n|move|p2a: Drifblim|Baton Pass|p2a: Drifblim\n|\n|t:|1700236946\n|switch|p2a: Cinderace|Cinderace, F|100\/100|[from] Baton Pass\n|\n|-ability|p1a: Flittle|Speed Boost|boost\n|-boost|p1a: Flittle|spe|1\n|upkeep\n|turn|5\n|\n|t:|1700236967\n|move|p1a: Flittle|Protect|p1a: Flittle\n|-singleturn|p1a: Flittle|Protect\n|move|p2a: Cinderace|Substitute|p2a: Cinderace\n|-start|p2a: Cinderace|Substitute\n|-damage|p2a: Cinderace|76\/100\n|\n|-ability|p1a: Flittle|Speed Boost|boost\n|-boost|p1a: Flittle|spe|1\n|upkeep\n|turn|6\n|\n|t:|1700236974\n|move|p1a: Flittle|Calm Mind|p1a: Flittle\n|-boost|p1a: Flittle|spa|1\n|-boost|p1a: Flittle|spd|1\n|move|p2a: Cinderace|Swords Dance|p2a: Cinderace\n|-boost|p2a: Cinderace|atk|2\n|\n|-ability|p1a: Flittle|Speed Boost|boost\n|-boost|p1a: Flittle|spe|1\n|upkeep\n|turn|7\n|\n|t:|1700236985\n|move|p1a: Flittle|Calm Mind|p1a: Flittle\n|-boost|p1a: Flittle|spa|1\n|-boost|p1a: Flittle|spd|1\n|move|p2a: Cinderace|Swords Dance|p2a: Cinderace\n|-boost|p2a: Cinderace|atk|2\n|\n|upkeep\n|turn|8\n|\n|t:|1700236991\n|move|p1a: Flittle|Psychic|p2a: Cinderace|[miss]\n|-miss|p1a: Flittle|p2a: Cinderace\n|move|p2a: Cinderace|Swords Dance|p2a: Cinderace\n|-boost|p2a: Cinderace|atk|2\n|\n|upkeep\n|turn|9\n|\n|t:|1700236998\n|move|p1a: Flittle|Psychic|p2a: Cinderace|[miss]\n|-miss|p1a: Flittle|p2a: Cinderace\n|move|p2a: Cinderace|Baton Pass|p2a: Cinderace\n|\n|t:|1700237003\n|switch|p2a: Roaring Moon|Roaring Moon|100\/100|[from] Baton Pass\n|\n|upkeep\n|turn|10\n|\n|t:|1700237007\n|move|p1a: Flittle|Baton Pass|p1a: Flittle\n|\n|t:|1700237017\n|switch|p1a: Enamorus|Enamorus, F|100\/100|[from] Baton Pass\n|move|p2a: Roaring Moon|Acrobatics|p1a: Enamorus\n|-damage|p1a: Enamorus|0 fnt\n|faint|p1a: Enamorus\n|\n|upkeep\n|\n|t:|1700237021\n|switch|p1a: Flittle|Flittle, M|100\/100\n|turn|11\n|\n|t:|1700237028\n|move|p1a: Flittle|Protect|p1a: Flittle\n|-singleturn|p1a: Flittle|Protect\n|move|p2a: Roaring Moon|Acrobatics|p1a: Flittle\n|-activate|p1a: Flittle|move: Protect\n|\n|-ability|p1a: Flittle|Speed Boost|boost\n|-boost|p1a: Flittle|spe|1\n|upkeep\n|turn|12\n|\n|t:|1700237037\n|move|p1a: Flittle|Calm Mind|p1a: Flittle\n|-boost|p1a: Flittle|spa|1\n|-boost|p1a: Flittle|spd|1\n|move|p2a: Roaring Moon|Acrobatics|p1a: Flittle\n|-enditem|p1a: Flittle|Focus Sash\n|-damage|p1a: Flittle|1\/100\n|\n|-ability|p1a: Flittle|Speed Boost|boost\n|-boost|p1a: Flittle|spe|1\n|upkeep\n|turn|13\n|\n|t:|1700237050\n|move|p1a: Flittle|Protect|p1a: Flittle\n|-singleturn|p1a: Flittle|Protect\n|move|p2a: Roaring Moon|Knock Off|p1a: Flittle\n|-activate|p1a: Flittle|move: Protect\n|\n|-ability|p1a: Flittle|Speed Boost|boost\n|-boost|p1a: Flittle|spe|1\n|upkeep\n|turn|14\n|\n|t:|1700237060\n|move|p1a: Flittle|Baton Pass|p1a: Flittle\n|\n|t:|1700237062\n|switch|p1a: Annihilape|Annihilape, M|100\/100|[from] Baton Pass\n|move|p2a: Roaring Moon|Knock Off|p1a: Annihilape\n|-enditem|p1a: Annihilape|Focus Sash\n|-damage|p1a: Annihilape|1\/100\n|\n|upkeep\n|turn|15\n|\n|t:|1700237069\n|move|p1a: Annihilape|Rage Fist|p2a: Roaring Moon|[miss]\n|-miss|p1a: Annihilape|p2a: Roaring Moon\n|move|p2a: Roaring Moon|Acrobatics|p1a: Annihilape\n|-supereffective|p1a: Annihilape\n|-damage|p1a: Annihilape|0 fnt\n|faint|p1a: Annihilape\n|\n|upkeep\n|\n|t:|1700237072\n|switch|p1a: Iron Hands|Iron Hands|100\/100\n|-enditem|p1a: Iron Hands|Booster Energy\n|-activate|p1a: Iron Hands|ability: Quark Drive|[fromitem]\n|-start|p1a: Iron Hands|quarkdriveatk\n|turn|16\n|\n|t:|1700237083\n|move|p2a: Roaring Moon|Earthquake|p1a: Iron Hands\n|-supereffective|p1a: Iron Hands\n|-damage|p1a: Iron Hands|0 fnt\n|faint|p1a: Iron Hands\n|-end|p1a: Iron Hands|Quark Drive|[silent]\n|\n|upkeep\n|\n|t:|1700237086\n|switch|p1a: Ogerpon|Ogerpon-Cornerstone, F|100\/100\n|turn|17\n|\n|t:|1700237092\n|move|p1a: Ogerpon|Ivy Cudgel|p2a: Roaring Moon|[anim] Ivy Cudgel Rock|[miss]\n|-miss|p1a: Ogerpon|p2a: Roaring Moon\n|move|p2a: Roaring Moon|Acrobatics|p1a: Ogerpon\n|-ability|p1a: Ogerpon|Sturdy\n|-damage|p1a: Ogerpon|1\/100\n|\n|upkeep\n|turn|18\n|\n|t:|1700237102\n|move|p1a: Ogerpon|Spiky Shield|p1a: Ogerpon\n|-singleturn|p1a: Ogerpon|move: Protect\n|move|p2a: Roaring Moon|Knock Off|p1a: Ogerpon\n|-activate|p1a: Ogerpon|move: Protect\n|-damage|p2a: Roaring Moon|88\/100|[from] Spiky Shield|[of] p1a: Ogerpon\n|\n|upkeep\n|turn|19\n|\n|t:|1700237109\n|move|p1a: Ogerpon|Ivy Cudgel|p2a: Roaring Moon|[anim] Ivy Cudgel Rock|[miss]\n|-miss|p1a: Ogerpon|p2a: Roaring Moon\n|move|p2a: Roaring Moon|Acrobatics|p1a: Ogerpon\n|-damage|p1a: Ogerpon|0 fnt\n|faint|p1a: Ogerpon\n|\n|upkeep\n|\n|t:|1700237113\n|switch|p1a: Ursaluna|Ursaluna-Bloodmoon, M|100\/100\n|turn|20\n|\n|t:|1700237121\n|move|p1a: Ursaluna|Vacuum Wave|p2a: Roaring Moon\n|-supereffective|p2a: Roaring Moon\n|-end|p2a: Roaring Moon|Substitute\n|move|p2a: Roaring Moon|Acrobatics|p1a: Ursaluna\n|-damage|p1a: Ursaluna|0 fnt\n|faint|p1a: Ursaluna\n|\n|upkeep\n|\n|t:|1700237128\n|switch|p1a: Flittle|Flittle, M|1\/100\n|turn|21\n|\n|t:|1700237145\n|-terastallize|p2a: Roaring Moon|Dragon\n|move|p2a: Roaring Moon|Acrobatics|p1a: Flittle\n|-damage|p1a: Flittle|0 fnt\n|faint|p1a: Flittle\n|\n|win|eleoele12423\n|raw|Fats0's rating: 1096 &rarr; <strong>1065<\/strong><br \/>(-31 for losing)\n|raw|eleoele12423's rating: 1000 &rarr; <strong>1051<\/strong><br \/>(+51 for winning)\n|l|\u2606Fats0\n","uploadtime":1700237153,"views":7,"p1id":"fats0","p2id":"eleoele12423","formatid":"gen9anythinggoes","rating":1051,"private":0,"password":""}