{"id":"gen9anythinggoes-1980298640","p1":"Terra_Spectrum8293","p2":"Dhenrf","format":"[Gen 9] Anything Goes","log":"|j|\u2606Terra_Spectrum8293\n|j|\u2606Dhenrf\n|t:|1698773384\n|gametype|singles\n|player|p1|Terra_Spectrum8293|nessa|\n|player|p2|Dhenrf|lady-gen4|\n|teamsize|p1|6\n|teamsize|p2|3\n|gen|9\n|tier|[Gen 9] Anything Goes\n|rule|HP Percentage Mod: HP is shown in percentages\n|rule|Endless Battle Clause: Forcing endless battles is banned\n|clearpoke\n|poke|p1|Grimmsnarl, M|\n|poke|p1|Haxorus, F|\n|poke|p1|Polteageist|\n|poke|p1|Flapple, M|\n|poke|p1|Scream Tail|\n|poke|p1|Zacian-*|\n|poke|p2|Jirachi|\n|poke|p2|Falinks|\n|poke|p2|Drifblim, M|\n|teampreview\n|inactive|Battle timer is ON: inactive players will automatically lose when time's up. (requested by Dhenrf)\n|inactive|Terra_Spectrum8293 also wants the timer to be on.\n|c|\u2606Dhenrf|gl\n|\n|t:|1698773388\n|start\n|switch|p1a: Abominable Orc|Grimmsnarl, M, shiny|100\/100\n|switch|p2a: Drifblim|Drifblim, M|100\/100\n|turn|1\n|\n|t:|1698773393\n|move|p1a: Abominable Orc|Taunt|p2a: Drifblim\n|-start|p2a: Drifblim|move: Taunt\n|cant|p2a: Drifblim|move: Taunt|Minimize\n|\n|upkeep\n|turn|2\n|\n|t:|1698773398\n|switch|p2a: Jirachi|Jirachi|100\/100\n|move|p1a: Abominable Orc|Light Screen|p1a: Abominable Orc\n|-sidestart|p1: Terra_Spectrum8293|move: Light Screen\n|\n|upkeep\n|turn|3\n|\n|t:|1698773404\n|move|p1a: Abominable Orc|Taunt|p2a: Jirachi\n|-start|p2a: Jirachi|move: Taunt\n|cant|p2a: Jirachi|move: Taunt|Thunder Wave\n|\n|upkeep\n|turn|4\n|\n|t:|1698773408\n|move|p1a: Abominable Orc|Reflect|p1a: Abominable Orc\n|-sidestart|p1: Terra_Spectrum8293|Reflect\n|move|p2a: Jirachi|Iron Head|p1a: Abominable Orc\n|-supereffective|p1a: Abominable Orc\n|-damage|p1a: Abominable Orc|70\/100\n|\n|upkeep\n|turn|5\n|\n|t:|1698773412\n|move|p1a: Abominable Orc|Sucker Punch|p2a: Jirachi\n|-supereffective|p2a: Jirachi\n|-damage|p2a: Jirachi|51\/100\n|move|p2a: Jirachi|Iron Head|p1a: Abominable Orc\n|-supereffective|p1a: Abominable Orc\n|-damage|p1a: Abominable Orc|40\/100\n|\n|-heal|p2a: Jirachi|58\/100|[from] item: Leftovers\n|-end|p2a: Jirachi|move: Taunt\n|upkeep\n|turn|6\n|\n|t:|1698773421\n|move|p1a: Abominable Orc|Taunt|p2a: Jirachi\n|-start|p2a: Jirachi|move: Taunt\n|cant|p2a: Jirachi|move: Taunt|Thunder Wave\n|\n|-heal|p2a: Jirachi|64\/100|[from] item: Leftovers\n|upkeep\n|turn|7\n|\n|t:|1698773428\n|move|p1a: Abominable Orc|Sucker Punch|p2a: Jirachi\n|-supereffective|p2a: Jirachi\n|-damage|p2a: Jirachi|19\/100\n|move|p2a: Jirachi|Iron Head|p1a: Abominable Orc\n|-supereffective|p1a: Abominable Orc\n|-damage|p1a: Abominable Orc|9\/100\n|\n|-heal|p2a: Jirachi|25\/100|[from] item: Leftovers\n|upkeep\n|turn|8\n|\n|t:|1698773435\n|switch|p2a: Drifblim|Drifblim, M|100\/100\n|move|p1a: Abominable Orc|Sucker Punch||[still]\n|-fail|p1a: Abominable Orc\n|\n|upkeep\n|turn|9\n|\n|t:|1698773440\n|switch|p2a: Jirachi|Jirachi|25\/100\n|move|p1a: Abominable Orc|Taunt|p2a: Jirachi\n|-start|p2a: Jirachi|move: Taunt\n|\n|-heal|p2a: Jirachi|31\/100|[from] item: Leftovers\n|-sideend|p1: Terra_Spectrum8293|move: Light Screen\n|upkeep\n|turn|10\n|\n|t:|1698773447\n|switch|p2a: Falinks|Falinks|100\/100\n|move|p1a: Abominable Orc|Sucker Punch||[still]\n|-fail|p1a: Abominable Orc\n|\n|upkeep\n|turn|11\n|\n|t:|1698773452\n|move|p1a: Abominable Orc|Taunt|p2a: Falinks\n|-start|p2a: Falinks|move: Taunt\n|move|p2a: Falinks|Brick Break|p1a: Abominable Orc\n|-sideend|p1: Terra_Spectrum8293|Reflect\n|-damage|p1a: Abominable Orc|0 fnt\n|faint|p1a: Abominable Orc\n|\n|upkeep\n|\n|t:|1698773459\n|switch|p1a: Slurp|Polteageist|100\/100\n|turn|12\n|\n|t:|1698773463\n|move|p1a: Slurp|Shell Smash|p1a: Slurp\n|-unboost|p1a: Slurp|def|1\n|-unboost|p1a: Slurp|spd|1\n|-boost|p1a: Slurp|atk|2\n|-boost|p1a: Slurp|spa|2\n|-boost|p1a: Slurp|spe|2\n|-enditem|p1a: Slurp|White Herb\n|-clearnegativeboost|p1a: Slurp|[silent]\n|move|p2a: Falinks|High Horsepower|p1a: Slurp\n|-damage|p1a: Slurp|46\/100\n|-ability|p1a: Slurp|Weak Armor|boost\n|-unboost|p1a: Slurp|def|1\n|-boost|p1a: Slurp|spe|2\n|\n|upkeep\n|turn|13\n|\n|t:|1698773475\n|switch|p2a: Jirachi|Jirachi|31\/100\n|move|p1a: Slurp|Baton Pass|p1a: Slurp\n|\n|t:|1698773480\n|switch|p1a: Sakura|Zacian-Crowned|100\/100|[from] Baton Pass\n|-ability|p1a: Sakura|Intrepid Sword|boost\n|-boost|p1a: Sakura|atk|1\n|\n|-heal|p2a: Jirachi|37\/100|[from] item: Leftovers\n|upkeep\n|turn|14\n|\n|t:|1698773489\n|move|p1a: Sakura|Close Combat|p2a: Jirachi\n|-damage|p2a: Jirachi|0 fnt\n|-unboost|p1a: Sakura|def|1\n|-unboost|p1a: Sakura|spd|1\n|faint|p2a: Jirachi\n|\n|upkeep\n|\n|t:|1698773491\n|switch|p2a: Drifblim|Drifblim, M|100\/100\n|turn|15\n|\n|t:|1698773499\n|move|p1a: Sakura|Behemoth Blade|p2a: Drifblim\n|-enditem|p2a: Drifblim|Focus Sash\n|-damage|p2a: Drifblim|1\/100\n|move|p2a: Drifblim|Minimize|p2a: Drifblim\n|-boost|p2a: Drifblim|evasion|2\n|\n|upkeep\n|turn|16\n|\n|t:|1698773508\n|move|p1a: Sakura|Behemoth Blade|p2a: Drifblim|[miss]\n|-miss|p1a: Sakura|p2a: Drifblim\n|move|p2a: Drifblim|Baton Pass|p2a: Drifblim\n|\n|t:|1698773510\n|switch|p2a: Falinks|Falinks|100\/100|[from] Baton Pass\n|\n|upkeep\n|turn|17\n|\n|t:|1698773515\n|move|p1a: Sakura|Play Rough|p2a: Falinks\n|-supereffective|p2a: Falinks\n|-damage|p2a: Falinks|0 fnt\n|faint|p2a: Falinks\n|\n|upkeep\n|\n|t:|1698773517\n|switch|p2a: Drifblim|Drifblim, M|1\/100\n|turn|18\n|\n|t:|1698773523\n|move|p1a: Sakura|Trailblaze|p2a: Drifblim\n|-resisted|p2a: Drifblim\n|-damage|p2a: Drifblim|0 fnt\n|-boost|p1a: Sakura|spe|1\n|faint|p2a: Drifblim\n|\n|win|Terra_Spectrum8293\n|l|\u2606Dhenrf\n","uploadtime":1698773540,"views":6,"p1id":"terraspectrum8293","p2id":"dhenrf","formatid":"gen9anythinggoes","rating":0,"private":0,"password":""}