{"id":"gen9anythinggoes-1980496849","p1":"RiizenGaming","p2":"Jammy booy","format":"[Gen 9] Anything Goes","log":"|j|\u2606RiizenGaming\n|j|\u2606Jammy booy\n|t:|1698790584\n|gametype|singles\n|player|p1|RiizenGaming|1|1245\n|player|p2|Jammy booy|ghetsis|1146\n|teamsize|p1|6\n|teamsize|p2|6\n|gen|9\n|tier|[Gen 9] Anything Goes\n|rated|\n|rule|HP Percentage Mod: HP is shown in percentages\n|rule|Endless Battle Clause: Forcing endless battles is banned\n|clearpoke\n|poke|p1|Gengar, M|\n|poke|p1|Noivern, M|\n|poke|p1|Vivillon, M|\n|poke|p1|Kleavor, M|\n|poke|p1|Charizard, F|\n|poke|p1|Chien-Pao|\n|poke|p2|Zoroark-Hisui, F|\n|poke|p2|Kingambit, M|\n|poke|p2|Okidogi, M|\n|poke|p2|Regieleki|\n|poke|p2|Rayquaza|\n|poke|p2|Zacian-*|\n|teampreview\n|inactive|Battle timer is ON: inactive players will automatically lose when time's up. (requested by Jammy booy)\n|\n|t:|1698790591\n|start\n|switch|p1a: Gengar|Gengar, M|100\/100\n|switch|p2a: Rayquaza|Rayquaza|100\/100\n|turn|1\n|\n|t:|1698790614\n|move|p1a: Gengar|Shadow Ball|p2a: Rayquaza\n|-immune|p2a: Rayquaza\n|move|p2a: Rayquaza|Dark Pulse|p1a: Gengar\n|-supereffective|p1a: Gengar\n|-damage|p1a: Gengar|0 fnt\n|faint|p1a: Gengar\n|\n|upkeep\n|c|\u2606Jammy booy|Lol\n|\n|t:|1698790626\n|switch|p1a: Vivillon|Vivillon, M|100\/100\n|turn|2\n|\n|t:|1698790645\n|switch|p2a: Zacian|Zacian-Crowned|100\/100\n|-ability|p2a: Zacian|Intrepid Sword|boost\n|-boost|p2a: Zacian|atk|1\n|move|p1a: Vivillon|Sleep Powder|p2a: Zacian\n|-status|p2a: Zacian|slp|[from] move: Sleep Powder\n|\n|upkeep\n|turn|3\n|\n|t:|1698790653\n|cant|p2a: Zacian|slp\n|move|p1a: Vivillon|Quiver Dance|p1a: Vivillon\n|-boost|p1a: Vivillon|spa|1\n|-boost|p1a: Vivillon|spd|1\n|-boost|p1a: Vivillon|spe|1\n|\n|upkeep\n|turn|4\n|\n|t:|1698790663\n|-curestatus|p2a: Zacian|slp|[msg]\n|move|p2a: Zacian|Fire Fang|p1a: Vivillon\n|-supereffective|p1a: Vivillon\n|-enditem|p1a: Vivillon|Focus Sash\n|-damage|p1a: Vivillon|1\/100\n|move|p1a: Vivillon|Substitute|p1a: Vivillon\n|-fail|p1a: Vivillon|move: Substitute|[weak]\n|\n|upkeep\n|turn|5\n|\n|t:|1698790675\n|move|p2a: Zacian|Behemoth Blade|p1a: Vivillon\n|-damage|p1a: Vivillon|0 fnt\n|faint|p1a: Vivillon\n|\n|upkeep\n|\n|t:|1698790679\n|switch|p1a: Charizard|Charizard, F, shiny|100\/100\n|turn|6\n|c|\u2606Jammy booy|Lol\n|\n|t:|1698790697\n|move|p2a: Zacian|Play Rough|p1a: Charizard\n|-resisted|p1a: Charizard\n|-damage|p1a: Charizard|50\/100\n|move|p1a: Charizard|Flamethrower|p2a: Zacian\n|-supereffective|p2a: Zacian\n|-damage|p2a: Zacian|8\/100\n|-damage|p1a: Charizard|40\/100|[from] item: Life Orb\n|\n|upkeep\n|turn|7\n|inactive|RiizenGaming has 120 seconds left.\n|\n|t:|1698790738\n|move|p2a: Zacian|Play Rough|p1a: Charizard\n|-resisted|p1a: Charizard\n|-damage|p1a: Charizard|0 fnt\n|faint|p1a: Charizard\n|\n|upkeep\n|\n|t:|1698790742\n|switch|p1a: Kleavor|Kleavor, M|100\/100\n|turn|8\n|inactive|RiizenGaming has 120 seconds left.\n|\n|t:|1698790753\n|switch|p2a: Okidogi|Okidogi, M|100\/100\n|move|p1a: Kleavor|Stone Axe|p2a: Okidogi\n|-resisted|p2a: Okidogi\n|-damage|p2a: Okidogi|64\/100\n|-sidestart|p2: Jammy booy|move: Stealth Rock\n|\n|upkeep\n|turn|9\n|\n|t:|1698790763\n|switch|p1a: Noivern|Noivern, M, shiny|100\/100\n|move|p2a: Okidogi|Close Combat|p1a: Noivern\n|-resisted|p1a: Noivern\n|-damage|p1a: Noivern|66\/100\n|-unboost|p2a: Okidogi|def|1\n|-unboost|p2a: Okidogi|spd|1\n|\n|upkeep\n|turn|10\n|\n|t:|1698790776\n|switch|p2a: Rayquaza|Rayquaza|100\/100\n|-damage|p2a: Rayquaza|88\/100|[from] Stealth Rock\n|move|p1a: Noivern|Roost|p1a: Noivern\n|-heal|p1a: Noivern|100\/100\n|-singleturn|p1a: Noivern|move: Roost\n|\n|upkeep\n|turn|11\n|\n|t:|1698790794\n|switch|p1a: Kleavor|Kleavor, M|100\/100\n|move|p2a: Rayquaza|Dark Pulse|p1a: Kleavor\n|-damage|p1a: Kleavor|31\/100\n|\n|upkeep\n|turn|12\n|\n|t:|1698790800\n|move|p2a: Rayquaza|Dark Pulse|p1a: Kleavor\n|-damage|p1a: Kleavor|0 fnt\n|faint|p1a: Kleavor\n|\n|upkeep\n|\n|t:|1698790805\n|switch|p1a: Chien-Pao|Chien-Pao|100\/100\n|-ability|p1a: Chien-Pao|Sword of Ruin\n|turn|13\n|\n|t:|1698790817\n|switch|p2a: Kingambit|Kingambit, M|100\/100\n|-damage|p2a: Kingambit|94\/100|[from] Stealth Rock\n|move|p1a: Chien-Pao|Ice Spinner|p2a: Kingambit\n|-resisted|p2a: Kingambit\n|-damage|p2a: Kingambit|67\/100\n|\n|upkeep\n|turn|14\n|\n|t:|1698790830\n|switch|p1a: Noivern|Noivern, M, shiny|100\/100\n|move|p2a: Kingambit|Poison Jab|p1a: Noivern\n|-crit|p1a: Noivern\n|-damage|p1a: Noivern|29\/100\n|-damage|p2a: Kingambit|57\/100|[from] item: Life Orb\n|\n|upkeep\n|turn|15\n|\n|t:|1698790848\n|move|p1a: Noivern|Air Slash|p2a: Kingambit\n|-resisted|p2a: Kingambit\n|-damage|p2a: Kingambit|29\/100\n|move|p2a: Kingambit|Poison Jab|p1a: Noivern\n|-damage|p1a: Noivern|0 fnt\n|faint|p1a: Noivern\n|-damage|p2a: Kingambit|20\/100|[from] item: Life Orb\n|\n|upkeep\n|\n|t:|1698790853\n|switch|p1a: Chien-Pao|Chien-Pao|100\/100\n|-ability|p1a: Chien-Pao|Sword of Ruin\n|turn|16\n|\n|t:|1698790863\n|-end|p2a: Kingambit|fallenundefined|[silent]\n|switch|p2a: Regieleki|Regieleki|100\/100\n|-damage|p2a: Regieleki|88\/100|[from] Stealth Rock\n|move|p1a: Chien-Pao|Sacred Sword|p2a: Regieleki\n|-damage|p2a: Regieleki|0 fnt\n|faint|p2a: Regieleki\n|\n|upkeep\n|c|\u2606Jammy booy|Nooo\n|\n|t:|1698790878\n|switch|p2a: Zacian|Zacian-Crowned|8\/100\n|-damage|p2a: Zacian|2\/100|[from] Stealth Rock\n|turn|17\n|\n|t:|1698790889\n|-terastallize|p1a: Chien-Pao|Dark\n|move|p2a: Zacian|Close Combat|p1a: Chien-Pao\n|-supereffective|p1a: Chien-Pao\n|-damage|p1a: Chien-Pao|0 fnt\n|-unboost|p2a: Zacian|def|1\n|-unboost|p2a: Zacian|spd|1\n|faint|p1a: Chien-Pao\n|\n|win|Jammy booy\n|raw|RiizenGaming's rating: 1245 &rarr; <strong>1213<\/strong><br \/>(-32 for losing)\n|raw|Jammy booy's rating: 1146 &rarr; <strong>1178<\/strong><br \/>(+32 for winning)\n|l|\u2606RiizenGaming\n","uploadtime":1698790900,"views":8,"p1id":"riizengaming","p2id":"jammybooy","formatid":"gen9anythinggoes","rating":1178,"private":0,"password":""}