{"id":"gen9anythinggoes-1982432692","p1":"DarkStocks","p2":"sun.pdf","format":"[Gen 9] Anything Goes","log":"|j|\u203dDarkStocks\n|j|\u2606sun.pdf\n|t:|1699014044\n|gametype|singles\n|player|p1|DarkStocks|102|1056\n|player|p2|sun.pdf|102|1131\n|teamsize|p1|6\n|teamsize|p2|6\n|gen|9\n|tier|[Gen 9] Anything Goes\n|rated|\n|rule|HP Percentage Mod: HP is shown in percentages\n|rule|Endless Battle Clause: Forcing endless battles is banned\n|clearpoke\n|poke|p1|Glimmora, M|\n|poke|p1|Iron Hands|\n|poke|p1|Farigiraf, F|\n|poke|p1|Dragapult, F|\n|poke|p1|Gliscor, M|\n|poke|p1|Magearna|\n|poke|p2|Meowscarada, M|\n|poke|p2|Gallade, M|\n|poke|p2|Scizor, M|\n|poke|p2|Sylveon, M|\n|poke|p2|Greninja-*, M|\n|poke|p2|Umbreon, F|\n|teampreview\n|inactive|Battle timer is ON: inactive players will automatically lose when time's up. (requested by sun.pdf)\n|\n|t:|1699014052\n|start\n|switch|p1a: Glimmora|Glimmora, M|100\/100\n|switch|p2a: Moonlight|Umbreon, F, shiny|100\/100\n|turn|1\n|\n|t:|1699014059\n|move|p1a: Glimmora|Toxic Spikes|p2a: Moonlight\n|-sidestart|p2: sun.pdf|move: Toxic Spikes\n|move|p2a: Moonlight|Calm Mind|p2a: Moonlight\n|-boost|p2a: Moonlight|spa|1\n|-boost|p2a: Moonlight|spd|1\n|\n|upkeep\n|turn|2\n|\n|t:|1699014088\n|move|p1a: Glimmora|Spikes|p2a: Moonlight\n|-sidestart|p2: sun.pdf|Spikes\n|move|p2a: Moonlight|Calm Mind|p2a: Moonlight\n|-boost|p2a: Moonlight|spa|1\n|-boost|p2a: Moonlight|spd|1\n|\n|upkeep\n|turn|3\n|l|\u2606sun.pdf\n|inactive|sun.pdf disconnected and has a minute to reconnect!\n|player|p2|\n|j|\u2606sun.pdf\n|inactive|sun.pdf reconnected and has 115 seconds left.\n|player|p2|sun.pdf|serena-masters\n|\n|t:|1699014132\n|move|p1a: Glimmora|Spikes|p2a: Moonlight\n|-sidestart|p2: sun.pdf|Spikes\n|move|p2a: Moonlight|Calm Mind|p2a: Moonlight\n|-boost|p2a: Moonlight|spa|1\n|-boost|p2a: Moonlight|spd|1\n|\n|upkeep\n|turn|4\n|\n|t:|1699014139\n|move|p1a: Glimmora|Spikes|p2a: Moonlight\n|-sidestart|p2: sun.pdf|Spikes\n|move|p2a: Moonlight|Calm Mind|p2a: Moonlight\n|-boost|p2a: Moonlight|spa|1\n|-boost|p2a: Moonlight|spd|1\n|\n|upkeep\n|turn|5\n|\n|t:|1699014144\n|move|p1a: Glimmora|Spikes||[still]\n|-fail|p1a: Glimmora\n|move|p2a: Moonlight|Stored Power|p1a: Glimmora\n|-supereffective|p1a: Glimmora\n|-enditem|p1a: Glimmora|Focus Sash\n|-damage|p1a: Glimmora|1\/100\n|\n|upkeep\n|turn|6\n|\n|t:|1699014150\n|move|p1a: Glimmora|Toxic Spikes|p2a: Moonlight\n|-sidestart|p2: sun.pdf|move: Toxic Spikes\n|move|p2a: Moonlight|Stored Power|p1a: Glimmora\n|-supereffective|p1a: Glimmora\n|-damage|p1a: Glimmora|0 fnt\n|faint|p1a: Glimmora\n|\n|upkeep\n|\n|t:|1699014156\n|switch|p1a: Magearna|Magearna|100\/100\n|turn|7\n|\n|t:|1699014161\n|move|p1a: Magearna|Dazzling Gleam|p2a: Moonlight\n|-supereffective|p2a: Moonlight\n|-damage|p2a: Moonlight|80\/100\n|move|p2a: Moonlight|Stored Power|p1a: Magearna\n|-resisted|p1a: Magearna\n|-damage|p1a: Magearna|59\/100\n|\n|upkeep\n|turn|8\n|\n|t:|1699014169\n|move|p1a: Magearna|Flash Cannon|p2a: Moonlight\n|-damage|p2a: Moonlight|72\/100\n|move|p2a: Moonlight|Stored Power|p1a: Magearna\n|-resisted|p1a: Magearna\n|-crit|p1a: Magearna\n|-damage|p1a: Magearna|0 fnt\n|faint|p1a: Magearna\n|\n|upkeep\n|\n|t:|1699014176\n|switch|p1a: Iron Hands|Iron Hands|100\/100\n|turn|9\n|\n|t:|1699014193\n|move|p1a: Iron Hands|Fake Out|p2a: Moonlight\n|-damage|p2a: Moonlight|60\/100\n|cant|p2a: Moonlight|flinch\n|\n|upkeep\n|turn|10\n|\n|t:|1699014198\n|move|p2a: Moonlight|Stored Power|p1a: Iron Hands\n|-supereffective|p1a: Iron Hands\n|-damage|p1a: Iron Hands|0 fnt\n|faint|p1a: Iron Hands\n|-end|p1a: Iron Hands|Quark Drive|[silent]\n|\n|upkeep\n|\n|t:|1699014203\n|switch|p1a: Dragapult|Dragapult, F|100\/100\n|turn|11\n|\n|t:|1699014208\n|move|p1a: Dragapult|Phantom Force||[still]\n|-prepare|p1a: Dragapult|Phantom Force\n|move|p2a: Moonlight|Stored Power|p1a: Dragapult|[miss]\n|-miss|p2a: Moonlight|p1a: Dragapult\n|\n|upkeep\n|turn|12\n|\n|t:|1699014213\n|move|p1a: Dragapult|Phantom Force|p2a: Moonlight|[from]lockedmove\n|-resisted|p2a: Moonlight\n|-damage|p2a: Moonlight|45\/100\n|move|p2a: Moonlight|Stored Power|p1a: Dragapult\n|-enditem|p1a: Dragapult|Focus Sash\n|-damage|p1a: Dragapult|1\/100\n|\n|upkeep\n|turn|13\n|\n|t:|1699014224\n|move|p1a: Dragapult|Draco Meteor|p2a: Moonlight\n|-damage|p2a: Moonlight|33\/100\n|-unboost|p1a: Dragapult|spa|2\n|move|p2a: Moonlight|Baton Pass|p2a: Moonlight\n|\n|t:|1699014229\n|switch|p2a: Greninja|Greninja, M|100\/100|[from] Baton Pass\n|-status|p2a: Greninja|tox\n|-damage|p2a: Greninja|76\/100 tox|[from] Spikes\n|\n|-damage|p2a: Greninja|70\/100 tox|[from] psn\n|upkeep\n|turn|14\n|\n|t:|1699014236\n|move|p2a: Greninja|Water Shuriken|p1a: Dragapult\n|-resisted|p1a: Dragapult\n|-damage|p1a: Dragapult|0 fnt\n|faint|p1a: Dragapult\n|-ability|p2a: Greninja|Battle Bond|boost\n|-boost|p2a: Greninja|atk|1\n|-boost|p2a: Greninja|spa|1\n|-boost|p2a: Greninja|spe|1\n|-activate|p2a: Greninja|ability: Battle Bond\n|-hitcount|p1: Dragapult|1\n|\n|-damage|p2a: Greninja|58\/100 tox|[from] psn\n|upkeep\n|\n|t:|1699014246\n|switch|p1a: Gliscor|Gliscor, M|100\/100\n|turn|15\n|\n|t:|1699014252\n|move|p2a: Greninja|Water Shuriken|p1a: Gliscor\n|-supereffective|p1a: Gliscor\n|-damage|p1a: Gliscor|38\/100\n|-supereffective|p1a: Gliscor\n|-damage|p1a: Gliscor|0 fnt\n|faint|p1a: Gliscor\n|-hitcount|p1: Gliscor|2\n|\n|-damage|p2a: Greninja|40\/100 tox|[from] psn\n|upkeep\n|\n|t:|1699014260\n|switch|p1a: Farigiraf|Farigiraf, F|100\/100\n|turn|16\n|\n|t:|1699014263\n|move|p2a: Greninja|Dark Pulse|p1a: Farigiraf\n|-supereffective|p1a: Farigiraf\n|-damage|p1a: Farigiraf|0 fnt\n|faint|p1a: Farigiraf\n|\n|win|sun.pdf\n|raw|DarkStocks's rating: 1056 &rarr; <strong>1042<\/strong><br \/>(-14 for losing)\n|raw|sun.pdf's rating: 1131 &rarr; <strong>1151<\/strong><br \/>(+20 for winning)\n|l|\u203dDarkStocks\n","uploadtime":1699014275,"views":10,"p1id":"darkstocks","p2id":"sunpdf","formatid":"gen9anythinggoes","rating":1042,"private":0,"password":""}