{"id":"gen9anythinggoes-1985416106","p1":"SmudgeDaBoi","p2":"jerry_g13","format":"[Gen 9] Anything Goes","log":"|j|\u2606SmudgeDaBoi\n|j|\u2606jerry_g13\n|t:|1699372864\n|gametype|singles\n|player|p1|SmudgeDaBoi|1|1126\n|player|p2|jerry_g13|sabrina|1146\n|teamsize|p1|6\n|teamsize|p2|6\n|gen|9\n|tier|[Gen 9] Anything Goes\n|rated|\n|rule|HP Percentage Mod: HP is shown in percentages\n|rule|Endless Battle Clause: Forcing endless battles is banned\n|clearpoke\n|poke|p1|Gliscor, F|\n|poke|p1|Rayquaza|\n|poke|p1|Arceus|\n|poke|p1|Lucario, M|\n|poke|p1|Miraidon|\n|poke|p1|Mew|\n|poke|p2|Slowbro-Galar, M|\n|poke|p2|Slowpoke, F|\n|poke|p2|Slowbro, F|\n|poke|p2|Slowking, M|\n|poke|p2|Slowking-Galar, F|\n|poke|p2|Slowpoke-Galar, M|\n|teampreview\n|c|\u2606SmudgeDaBoi|Let\u2019s have a good game k?\n|\n|t:|1699372881\n|start\n|switch|p1a: Gliscor|Gliscor, F, shiny|100\/100\n|switch|p2a: Slowking|Slowking, M|100\/100\n|turn|1\n|c|\u2606jerry_g13|okie dogi\n|\n|t:|1699372892\n|move|p1a: Gliscor|Sludge Bomb|p2a: Slowking\n|-damage|p2a: Slowking|93\/100\n|move|p2a: Slowking|Reflect|p2a: Slowking\n|-sidestart|p2: jerry_g13|Reflect\n|\n|-status|p1a: Gliscor|tox|[from] item: Toxic Orb\n|upkeep\n|turn|2\n|\n|t:|1699372902\n|move|p1a: Gliscor|Earthquake|p2a: Slowking\n|-damage|p2a: Slowking|71\/100\n|move|p2a: Slowking|Light Screen|p2a: Slowking\n|-sidestart|p2: jerry_g13|move: Light Screen\n|\n|upkeep\n|turn|3\n|\n|t:|1699372907\n|move|p1a: Gliscor|Ice Fang|p2a: Slowking\n|-resisted|p2a: Slowking\n|-damage|p2a: Slowking|66\/100\n|move|p2a: Slowking|Trick Room|p2a: Slowking\n|-fieldstart|move: Trick Room|[of] p2a: Slowking\n|\n|upkeep\n|turn|4\n|\n|t:|1699372913\n|move|p2a: Slowking|Chilly Reception|p2a: Slowking\n|-weather|Snow\n|\n|t:|1699372918\n|switch|p2a: Slowking|Slowking-Galar, F|100\/100|[from] Chilly Reception\n|move|p1a: Gliscor|Earthquake|p2a: Slowking\n|-supereffective|p2a: Slowking\n|-damage|p2a: Slowking|59\/100\n|-enditem|p2a: Slowking|Kee Berry|[eat]\n|-boost|p2a: Slowking|def|1|[from] item: Kee Berry\n|\n|-weather|Snow|[upkeep]\n|upkeep\n|turn|5\n|\n|t:|1699372927\n|-terastallize|p2a: Slowking|Ice\n|move|p2a: Slowking|Blizzard|p1a: Gliscor\n|-supereffective|p1a: Gliscor\n|-crit|p1a: Gliscor\n|-damage|p1a: Gliscor|0 fnt\n|faint|p1a: Gliscor\n|\n|-weather|Snow|[upkeep]\n|upkeep\n|\n|t:|1699372935\n|switch|p1a: Lucario|Lucario, M, shiny|100\/100\n|turn|6\n|\n|t:|1699372938\n|move|p2a: Slowking|Calm Mind|p2a: Slowking\n|-boost|p2a: Slowking|spa|1\n|-boost|p2a: Slowking|spd|1\n|move|p1a: Lucario|Close Combat|p2a: Slowking\n|-supereffective|p2a: Slowking\n|-damage|p2a: Slowking|35\/100\n|-unboost|p1a: Lucario|def|1\n|-unboost|p1a: Lucario|spd|1\n|\n|-weather|Snow|[upkeep]\n|upkeep\n|turn|7\n|\n|t:|1699372950\n|move|p2a: Slowking|Stored Power|p1a: Lucario\n|-crit|p1a: Lucario\n|-damage|p1a: Lucario|0 fnt\n|faint|p1a: Lucario\n|\n|-weather|Snow|[upkeep]\n|-fieldend|move: Trick Room\n|upkeep\n|\n|t:|1699372956\n|switch|p1a: Miraidon|Miraidon|100\/100\n|-fieldstart|move: Electric Terrain|[from] ability: Hadron Engine|[of] p1a: Miraidon\n|-enditem|p1a: Miraidon|Electric Seed\n|-boost|p1a: Miraidon|def|1|[from] item: Electric Seed\n|turn|8\n|\n|t:|1699372965\n|move|p1a: Miraidon|Electro Drift|p2a: Slowking\n|-damage|p2a: Slowking|14\/100\n|move|p2a: Slowking|Blizzard|p1a: Miraidon\n|-supereffective|p1a: Miraidon\n|-damage|p1a: Miraidon|0 fnt\n|faint|p1a: Miraidon\n|\n|-weather|none\n|-sideend|p2: jerry_g13|Reflect\n|upkeep\n|\n|t:|1699372973\n|switch|p1a: Mew|Mew, shiny|100\/100\n|turn|9\n|\n|t:|1699372978\n|-terastallize|p1a: Mew|Fighting\n|move|p1a: Mew|Aura Sphere|p2a: Slowking\n|-supereffective|p2a: Slowking\n|-damage|p2a: Slowking|0 fnt\n|faint|p2a: Slowking\n|\n|-sideend|p2: jerry_g13|move: Light Screen\n|upkeep\n|inactive|Battle timer is ON: inactive players will automatically lose when time's up. (requested by jerry_g13)\n|\n|t:|1699372987\n|switch|p2a: Slowking|Slowking, M|99\/100\n|turn|10\n|\n|t:|1699372991\n|move|p1a: Mew|Ancient Power|p2a: Slowking\n|-damage|p2a: Slowking|91\/100\n|move|p2a: Slowking|Light Screen|p2a: Slowking\n|-sidestart|p2: jerry_g13|move: Light Screen\n|\n|upkeep\n|turn|11\n|\n|t:|1699372999\n|move|p1a: Mew|Dazzling Gleam|p2a: Slowking\n|-damage|p2a: Slowking|86\/100\n|move|p2a: Slowking|Reflect|p2a: Slowking\n|-sidestart|p2: jerry_g13|Reflect\n|\n|upkeep\n|turn|12\n|\n|t:|1699373005\n|move|p1a: Mew|Psychic|p2a: Slowking\n|-resisted|p2a: Slowking\n|-damage|p2a: Slowking|81\/100\n|move|p2a: Slowking|Trick Room|p2a: Slowking\n|-fieldstart|move: Trick Room|[of] p2a: Slowking\n|\n|-fieldend|move: Electric Terrain\n|upkeep\n|turn|13\n|\n|t:|1699373015\n|move|p2a: Slowking|Chilly Reception|p2a: Slowking\n|-weather|Snow\n|\n|t:|1699373018\n|switch|p2a: Slowbro|Slowbro, F|100\/100|[from] Chilly Reception\n|move|p1a: Mew|Dazzling Gleam|p2a: Slowbro\n|-damage|p2a: Slowbro|94\/100\n|\n|-weather|Snow|[upkeep]\n|upkeep\n|turn|14\n|c|\u2606SmudgeDaBoi|Wow nice team!\n|c|\u2606jerry_g13|thx\n|\n|t:|1699373029\n|move|p2a: Slowbro|Future Sight|p1a: Mew\n|-start|p2a: Slowbro|move: Future Sight\n|move|p1a: Mew|Dazzling Gleam|p2a: Slowbro\n|-damage|p2a: Slowbro|87\/100\n|\n|-weather|Snow|[upkeep]\n|upkeep\n|turn|15\n|\n|t:|1699373036\n|move|p2a: Slowbro|Psychic|p1a: Mew\n|-supereffective|p1a: Mew\n|-damage|p1a: Mew|26\/100\n|move|p1a: Mew|Ancient Power|p2a: Slowbro\n|-damage|p2a: Slowbro|83\/100\n|\n|-weather|Snow|[upkeep]\n|-heal|p1a: Mew|32\/100|[from] item: Leftovers\n|upkeep\n|turn|16\n|\n|t:|1699373045\n|move|p2a: Slowbro|Psychic|p1a: Mew\n|-supereffective|p1a: Mew\n|-damage|p1a: Mew|0 fnt\n|faint|p1a: Mew\n|\n|-weather|Snow|[upkeep]\n|-hint|Future Sight did not hit because the target is fainted.\n|-fieldend|move: Trick Room\n|upkeep\n|\n|t:|1699373058\n|switch|p1a: Rayquaza|Rayquaza, shiny|100\/100\n|-ability|p1a: Rayquaza|Air Lock\n|turn|17\n|\n|t:|1699373067\n|move|p1a: Rayquaza|Dragon Ascent|p2a: Slowbro\n|-damage|p2a: Slowbro|54\/100\n|-unboost|p1a: Rayquaza|def|1\n|-unboost|p1a: Rayquaza|spd|1\n|move|p2a: Slowbro|Scald|p1a: Rayquaza\n|-resisted|p1a: Rayquaza\n|-damage|p1a: Rayquaza|76\/100\n|-status|p1a: Rayquaza|brn\n|\n|-weather|none\n|-damage|p1a: Rayquaza|70\/100 brn|[from] brn\n|-sideend|p2: jerry_g13|move: Light Screen\n|upkeep\n|turn|18\n|\n|t:|1699373082\n|move|p1a: Rayquaza|Dragon Ascent|p2a: Slowbro\n|-damage|p2a: Slowbro|40\/100\n|-unboost|p1a: Rayquaza|def|1\n|-unboost|p1a: Rayquaza|spd|1\n|move|p2a: Slowbro|Future Sight|p1a: Rayquaza\n|-start|p2a: Slowbro|move: Future Sight\n|\n|-damage|p1a: Rayquaza|64\/100 brn|[from] brn\n|-sideend|p2: jerry_g13|Reflect\n|upkeep\n|turn|19\n|\n|t:|1699373090\n|switch|p2a: Slowpoke|Slowpoke-Galar, M|100\/100\n|move|p1a: Rayquaza|Dragon Ascent|p2a: Slowpoke\n|-damage|p2a: Slowpoke|70\/100\n|-unboost|p1a: Rayquaza|def|1\n|-unboost|p1a: Rayquaza|spd|1\n|\n|-heal|p2a: Slowpoke|76\/100|[from] item: Leftovers\n|-damage|p1a: Rayquaza|58\/100 brn|[from] brn\n|upkeep\n|turn|20\n|\n|t:|1699373101\n|move|p2a: Slowpoke|Protect|p2a: Slowpoke\n|-singleturn|p2a: Slowpoke|Protect\n|move|p1a: Rayquaza|Extreme Speed|p2a: Slowpoke\n|-activate|p2a: Slowpoke|move: Protect\n|\n|-end|p1a: Rayquaza|move: Future Sight\n|-damage|p1a: Rayquaza|0 fnt\n|faint|p1a: Rayquaza\n|-heal|p2a: Slowpoke|82\/100|[from] item: Leftovers\n|upkeep\n|\n|t:|1699373111\n|switch|p1a: Arceus|Arceus, shiny|100\/100\n|turn|21\n|\n|t:|1699373119\n|move|p1a: Arceus|Ice Beam|p2a: Slowpoke\n|-damage|p2a: Slowpoke|37\/100\n|move|p2a: Slowpoke|Yawn|p1a: Arceus\n|-start|p1a: Arceus|move: Yawn|[of] p2a: Slowpoke\n|\n|-heal|p2a: Slowpoke|43\/100|[from] item: Leftovers\n|upkeep\n|turn|22\n|\n|t:|1699373126\n|move|p2a: Slowpoke|Protect|p2a: Slowpoke\n|-singleturn|p2a: Slowpoke|Protect\n|move|p1a: Arceus|Ice Beam|p2a: Slowpoke\n|-activate|p2a: Slowpoke|move: Protect\n|\n|-heal|p2a: Slowpoke|49\/100|[from] item: Leftovers\n|-end|p1a: Arceus|move: Yawn|[silent]\n|-status|p1a: Arceus|slp\n|upkeep\n|turn|23\n|\n|t:|1699373137\n|switch|p2a: Slowking|Slowking, M|100\/100\n|cant|p1a: Arceus|slp\n|\n|upkeep\n|turn|24\n|\n|t:|1699373142\n|cant|p1a: Arceus|slp\n|move|p2a: Slowking|Light Screen|p2a: Slowking\n|-sidestart|p2: jerry_g13|move: Light Screen\n|\n|upkeep\n|turn|25\n|\n|t:|1699373147\n|-curestatus|p1a: Arceus|slp|[msg]\n|move|p1a: Arceus|Ice Beam|p2a: Slowking\n|-resisted|p2a: Slowking\n|-damage|p2a: Slowking|97\/100\n|move|p2a: Slowking|Trick Room|p2a: Slowking\n|-fieldstart|move: Trick Room|[of] p2a: Slowking\n|\n|upkeep\n|turn|26\n|\n|t:|1699373156\n|move|p2a: Slowking|Chilly Reception|p2a: Slowking\n|-weather|Snow\n|\n|t:|1699373161\n|switch|p2a: Slowpoke|Slowpoke, F|100\/100|[from] Chilly Reception\n|move|p1a: Arceus|Ice Beam|p2a: Slowpoke\n|-resisted|p2a: Slowpoke\n|-damage|p2a: Slowpoke|94\/100\n|\n|-weather|Snow|[upkeep]\n|upkeep\n|turn|27\n|\n|t:|1699373172\n|move|p2a: Slowpoke|Curse|p2a: Slowpoke\n|-unboost|p2a: Slowpoke|spe|1\n|-boost|p2a: Slowpoke|atk|1\n|-boost|p2a: Slowpoke|def|1\n|move|p1a: Arceus|Ice Beam|p2a: Slowpoke\n|-resisted|p2a: Slowpoke\n|-damage|p2a: Slowpoke|87\/100\n|\n|-weather|Snow|[upkeep]\n|upkeep\n|turn|28\n|\n|t:|1699373180\n|move|p2a: Slowpoke|Curse|p2a: Slowpoke\n|-unboost|p2a: Slowpoke|spe|1\n|-boost|p2a: Slowpoke|atk|1\n|-boost|p2a: Slowpoke|def|1\n|move|p1a: Arceus|Ice Beam|p2a: Slowpoke\n|-resisted|p2a: Slowpoke\n|-damage|p2a: Slowpoke|80\/100\n|\n|-weather|Snow|[upkeep]\n|upkeep\n|turn|29\n|\n|t:|1699373192\n|move|p2a: Slowpoke|Earthquake|p1a: Arceus\n|-damage|p1a: Arceus|79\/100\n|move|p1a: Arceus|Ice Beam|p2a: Slowpoke\n|-resisted|p2a: Slowpoke\n|-damage|p2a: Slowpoke|73\/100\n|\n|-weather|Snow|[upkeep]\n|-heal|p1a: Arceus|85\/100|[from] item: Leftovers\n|-fieldend|move: Trick Room\n|upkeep\n|turn|30\n|\n|t:|1699373201\n|move|p1a: Arceus|Aura Sphere|p2a: Slowpoke\n|-resisted|p2a: Slowpoke\n|-damage|p2a: Slowpoke|66\/100\n|move|p2a: Slowpoke|Curse|p2a: Slowpoke\n|-unboost|p2a: Slowpoke|spe|1\n|-boost|p2a: Slowpoke|atk|1\n|-boost|p2a: Slowpoke|def|1\n|\n|-weather|none\n|-heal|p1a: Arceus|91\/100|[from] item: Leftovers\n|upkeep\n|turn|31\n|\n|t:|1699373212\n|move|p1a: Arceus|Ice Beam|p2a: Slowpoke\n|-resisted|p2a: Slowpoke\n|-damage|p2a: Slowpoke|59\/100\n|move|p2a: Slowpoke|Curse|p2a: Slowpoke\n|-unboost|p2a: Slowpoke|spe|1\n|-boost|p2a: Slowpoke|atk|1\n|-boost|p2a: Slowpoke|def|1\n|\n|-heal|p1a: Arceus|97\/100|[from] item: Leftovers\n|-sideend|p2: jerry_g13|move: Light Screen\n|upkeep\n|turn|32\n|\n|t:|1699373221\n|move|p1a: Arceus|Ice Beam|p2a: Slowpoke\n|-resisted|p2a: Slowpoke\n|-damage|p2a: Slowpoke|44\/100\n|move|p2a: Slowpoke|Slack Off|p2a: Slowpoke\n|-heal|p2a: Slowpoke|94\/100\n|\n|-heal|p1a: Arceus|100\/100|[from] item: Leftovers\n|upkeep\n|turn|33\n|\n|t:|1699373229\n|move|p1a: Arceus|Ice Beam|p2a: Slowpoke\n|-resisted|p2a: Slowpoke\n|-damage|p2a: Slowpoke|81\/100\n|move|p2a: Slowpoke|Zen Headbutt|p1a: Arceus\n|-damage|p1a: Arceus|60\/100\n|\n|-heal|p1a: Arceus|66\/100|[from] item: Leftovers\n|upkeep\n|turn|34\n|\n|t:|1699373237\n|move|p1a: Arceus|Ice Beam|p2a: Slowpoke\n|-resisted|p2a: Slowpoke\n|-damage|p2a: Slowpoke|66\/100\n|move|p2a: Slowpoke|Curse|p2a: Slowpoke\n|-unboost|p2a: Slowpoke|spe|1\n|-boost|p2a: Slowpoke|atk|1\n|-boost|p2a: Slowpoke|def|1\n|\n|-heal|p1a: Arceus|73\/100|[from] item: Leftovers\n|upkeep\n|turn|35\n|\n|t:|1699373247\n|move|p1a: Arceus|Future Sight|p2a: Slowpoke\n|-start|p1a: Arceus|move: Future Sight\n|move|p2a: Slowpoke|Curse|p2a: Slowpoke\n|-unboost|p2a: Slowpoke|spe|1\n|-boost|p2a: Slowpoke|atk|1\n|-boost|p2a: Slowpoke|def|1\n|\n|-heal|p1a: Arceus|79\/100|[from] item: Leftovers\n|upkeep\n|turn|36\n|\n|t:|1699373263\n|move|p1a: Arceus|Ice Beam|p2a: Slowpoke\n|-resisted|p2a: Slowpoke\n|-damage|p2a: Slowpoke|52\/100\n|-status|p2a: Slowpoke|frz\n|cant|p2a: Slowpoke|frz\n|\n|-heal|p1a: Arceus|85\/100|[from] item: Leftovers\n|upkeep\n|turn|37\n|\n|t:|1699373271\n|move|p1a: Arceus|Aura Sphere|p2a: Slowpoke\n|-resisted|p2a: Slowpoke\n|-damage|p2a: Slowpoke|38\/100 frz\n|cant|p2a: Slowpoke|frz\n|\n|-end|p2a: Slowpoke|move: Future Sight\n|-resisted|p2a: Slowpoke\n|-damage|p2a: Slowpoke|18\/100 frz\n|-heal|p1a: Arceus|91\/100|[from] item: Leftovers\n|upkeep\n|turn|38\n|\n|t:|1699373280\n|move|p1a: Arceus|Aura Sphere|p2a: Slowpoke\n|-resisted|p2a: Slowpoke\n|-damage|p2a: Slowpoke|4\/100 frz\n|cant|p2a: Slowpoke|frz\n|\n|-heal|p1a: Arceus|97\/100|[from] item: Leftovers\n|upkeep\n|turn|39\n|\n|t:|1699373287\n|move|p1a: Arceus|Aura Sphere|p2a: Slowpoke\n|-resisted|p2a: Slowpoke\n|-damage|p2a: Slowpoke|0 fnt\n|faint|p2a: Slowpoke\n|\n|-heal|p1a: Arceus|100\/100|[from] item: Leftovers\n|upkeep\n|\n|t:|1699373294\n|switch|p2a: Slowking|Slowking, M|100\/100\n|turn|40\n|\n|t:|1699373300\n|move|p1a: Arceus|Dragon Dance|p1a: Arceus\n|-boost|p1a: Arceus|atk|1\n|-boost|p1a: Arceus|spe|1\n|move|p2a: Slowking|Light Screen|p2a: Slowking\n|-sidestart|p2: jerry_g13|move: Light Screen\n|\n|upkeep\n|turn|41\n|\n|t:|1699373305\n|move|p1a: Arceus|Dragon Dance|p1a: Arceus\n|-boost|p1a: Arceus|atk|1\n|-boost|p1a: Arceus|spe|1\n|move|p2a: Slowking|Trick Room|p2a: Slowking\n|-fieldstart|move: Trick Room|[of] p2a: Slowking\n|\n|upkeep\n|turn|42\n|\n|t:|1699373310\n|move|p2a: Slowking|Chilly Reception|p2a: Slowking\n|-weather|Snow\n|\n|t:|1699373313\n|switch|p2a: Slowbro|Slowbro-Galar, M|100\/100|[from] Chilly Reception\n|move|p1a: Arceus|Dragon Dance|p1a: Arceus\n|-boost|p1a: Arceus|atk|1\n|-boost|p1a: Arceus|spe|1\n|\n|-weather|Snow|[upkeep]\n|upkeep\n|turn|43\n|\n|t:|1699373321\n|move|p2a: Slowbro|Belly Drum|p2a: Slowbro\n|-damage|p2a: Slowbro|50\/100\n|-setboost|p2a: Slowbro|atk|6|[from] move: Belly Drum\n|-enditem|p2a: Slowbro|Sitrus Berry|[eat]\n|-heal|p2a: Slowbro|75\/100|[from] item: Sitrus Berry\n|move|p1a: Arceus|Ice Beam|p2a: Slowbro\n|-damage|p2a: Slowbro|62\/100\n|\n|-weather|Snow|[upkeep]\n|upkeep\n|turn|44\n|-activate|p2a: Slowbro|ability: Quick Draw\n|\n|t:|1699373333\n|move|p2a: Slowbro|Drain Punch|p1a: Arceus\n|-supereffective|p1a: Arceus\n|-damage|p1a: Arceus|0 fnt\n|-heal|p2a: Slowbro|100\/100|[from] drain|[of] p1a: Arceus\n|faint|p1a: Arceus\n|\n|win|jerry_g13\n|raw|SmudgeDaBoi's rating: 1126 &rarr; <strong>1102<\/strong><br \/>(-24 for losing)\n|raw|jerry_g13's rating: 1146 &rarr; <strong>1170<\/strong><br \/>(+24 for winning)\n|c|\u2606jerry_g13|gg\n|c|\u2606SmudgeDaBoi|Gg\n|l|\u2606SmudgeDaBoi\n","uploadtime":1699373344,"views":3,"p1id":"smudgedaboi","p2id":"jerryg13","formatid":"gen9anythinggoes","rating":1102,"private":0,"password":""}