{"id":"gen9anythinggoes-1974414477","p1":"ResurrectedDragon","p2":"ph03n11x","format":"[Gen 9] Anything Goes","log":"|j|\u2606ResurrectedDragon\n|j|\u2606ph03n11x\n|t:|1698085089\n|gametype|singles\n|player|p1|ResurrectedDragon|unknown|1143\n|player|p2|ph03n11x|benga|1194\n|teamsize|p1|6\n|teamsize|p2|6\n|gen|9\n|tier|[Gen 9] Anything Goes\n|rated|\n|rule|HP Percentage Mod: HP is shown in percentages\n|rule|Endless Battle Clause: Forcing endless battles is banned\n|clearpoke\n|poke|p1|Scizor, M|\n|poke|p1|Chi-Yu|\n|poke|p1|Pelipper, F|\n|poke|p1|Garganacl, M|\n|poke|p1|Zacian-*|\n|poke|p1|Toxapex, F|\n|poke|p2|Charizard, M|\n|poke|p2|Regieleki|\n|poke|p2|Giratina-Origin|\n|poke|p2|Darkrai|\n|poke|p2|Rillaboom, F|\n|poke|p2|Iron Bundle|\n|teampreview\n|c|\u2606ph03n11x|hi\n|c|\u2606ResurrectedDragon|hi\n|\n|t:|1698085115\n|start\n|switch|p1a: Scizor|Scizor, M|100\/100\n|switch|p2a: cracked Delibird|Iron Bundle, shiny|100\/100\n|turn|1\n|\n|t:|1698085136\n|move|p2a: cracked Delibird|Freeze-Dry|p1a: Scizor\n|-resisted|p1a: Scizor\n|-damage|p1a: Scizor|82\/100\n|-status|p1a: Scizor|frz\n|cant|p1a: Scizor|frz\n|\n|upkeep\n|turn|2\n|c|\u2606ph03n11x|omg sorry\n|c|\u2606ph03n11x|thats so lucky\n|\n|t:|1698085158\n|-end|p2a: cracked Delibird|Quark Drive|[silent]\n|switch|p2a: Charizard|Charizard, M, shiny|100\/100\n|cant|p1a: Scizor|frz\n|\n|upkeep\n|turn|3\n|\n|t:|1698085164\n|switch|p1a: Toxapex|Toxapex, F|100\/100\n|move|p2a: Charizard|Flamethrower|p1a: Toxapex\n|-resisted|p1a: Toxapex\n|-damage|p1a: Toxapex|87\/100\n|\n|-heal|p1a: Toxapex|93\/100|[from] item: Leftovers\n|upkeep\n|turn|4\n|\n|t:|1698085176\n|switch|p2a: Regieleki|Regieleki, shiny|100\/100\n|move|p1a: Toxapex|Toxic|p2a: Regieleki\n|-status|p2a: Regieleki|tox\n|\n|-heal|p1a: Toxapex|99\/100|[from] item: Leftovers\n|-damage|p2a: Regieleki|95\/100 tox|[from] psn\n|upkeep\n|turn|5\n|\n|t:|1698085187\n|move|p1a: Toxapex|Baneful Bunker|p1a: Toxapex\n|-singleturn|p1a: Toxapex|move: Protect\n|move|p2a: Regieleki|Electro Ball|p1a: Toxapex\n|-activate|p1a: Toxapex|move: Protect\n|\n|-heal|p1a: Toxapex|100\/100|[from] item: Leftovers\n|-damage|p2a: Regieleki|83\/100 tox|[from] psn\n|upkeep\n|turn|6\n|\n|t:|1698085197\n|switch|p1a: Scizor|Scizor, M|82\/100 frz\n|move|p2a: Regieleki|Electro Ball|p1a: Scizor\n|-damage|p1a: Scizor|32\/100 frz\n|\n|-damage|p2a: Regieleki|65\/100 tox|[from] psn\n|upkeep\n|turn|7\n|\n|t:|1698085209\n|cant|p1a: Scizor|frz\n|move|p2a: Regieleki|Electro Ball|p1a: Scizor\n|-damage|p1a: Scizor|0 fnt\n|faint|p1a: Scizor\n|\n|-damage|p2a: Regieleki|41\/100 tox|[from] psn\n|upkeep\n|\n|t:|1698085217\n|switch|p1a: Garganacl|Garganacl, M|100\/100\n|turn|8\n|\n|t:|1698085222\n|switch|p2a: Rillaboom|Rillaboom, F, shiny|100\/100\n|-fieldstart|move: Grassy Terrain|[from] ability: Grassy Surge|[of] p2a: Rillaboom\n|move|p1a: Garganacl|Earth Power|p2a: Rillaboom\n|-resisted|p2a: Rillaboom\n|-damage|p2a: Rillaboom|92\/100\n|\n|-heal|p2a: Rillaboom|98\/100|[from] Grassy Terrain\n|-heal|p2a: Rillaboom|100\/100|[from] item: Leftovers\n|upkeep\n|turn|9\n|\n|t:|1698085239\n|move|p2a: Rillaboom|Grassy Glide|p1a: Garganacl\n|-supereffective|p1a: Garganacl\n|-damage|p1a: Garganacl|51\/100\n|move|p1a: Garganacl|Salt Cure|p2a: Rillaboom\n|-damage|p2a: Rillaboom|79\/100\n|-start|p2a: Rillaboom|Salt Cure\n|\n|-heal|p2a: Rillaboom|85\/100|[from] Grassy Terrain\n|-heal|p2a: Rillaboom|91\/100|[from] item: Leftovers\n|-heal|p1a: Garganacl|58\/100|[from] Grassy Terrain\n|-damage|p2a: Rillaboom|79\/100|[from] Salt Cure\n|upkeep\n|turn|10\n|\n|t:|1698085252\n|move|p2a: Rillaboom|Giga Drain|p1a: Garganacl\n|-supereffective|p1a: Garganacl\n|-damage|p1a: Garganacl|13\/100\n|-heal|p2a: Rillaboom|100\/100|[from] drain|[of] p1a: Garganacl\n|-enditem|p1a: Garganacl|Sitrus Berry|[eat]\n|-heal|p1a: Garganacl|38\/100|[from] item: Sitrus Berry\n|move|p1a: Garganacl|Ice Punch|p2a: Rillaboom\n|-supereffective|p2a: Rillaboom\n|-damage|p2a: Rillaboom|45\/100\n|-status|p2a: Rillaboom|frz\n|\n|-heal|p2a: Rillaboom|52\/100 frz|[from] Grassy Terrain\n|-heal|p2a: Rillaboom|58\/100 frz|[from] item: Leftovers\n|-heal|p1a: Garganacl|44\/100|[from] Grassy Terrain\n|-damage|p2a: Rillaboom|45\/100 frz|[from] Salt Cure\n|upkeep\n|turn|11\n|\n|t:|1698085270\n|switch|p1a: Pelipper|Pelipper, F|100\/100\n|-curestatus|p2a: Rillaboom|frz|[msg]\n|move|p2a: Rillaboom|Giga Drain|p1a: Pelipper\n|-damage|p1a: Pelipper|68\/100\n|-heal|p2a: Rillaboom|61\/100|[from] drain|[of] p1a: Pelipper\n|\n|-heal|p2a: Rillaboom|67\/100|[from] Grassy Terrain\n|-heal|p2a: Rillaboom|73\/100|[from] item: Leftovers\n|-damage|p2a: Rillaboom|61\/100|[from] Salt Cure\n|upkeep\n|turn|12\n|\n|t:|1698085285\n|move|p2a: Rillaboom|Giga Drain|p1a: Pelipper\n|-damage|p1a: Pelipper|35\/100\n|-heal|p2a: Rillaboom|76\/100|[from] drain|[of] p1a: Pelipper\n|move|p1a: Pelipper|Ice Beam|p2a: Rillaboom\n|-supereffective|p2a: Rillaboom\n|-damage|p2a: Rillaboom|0 fnt\n|faint|p2a: Rillaboom\n|\n|-fieldend|move: Grassy Terrain\n|upkeep\n|\n|t:|1698085294\n|switch|p2a: Regieleki|Regieleki, shiny|41\/100 tox\n|turn|13\n|\n|t:|1698085311\n|switch|p1a: Zacian|Zacian-Crowned|100\/100\n|-ability|p1a: Zacian|Intrepid Sword|boost\n|-boost|p1a: Zacian|atk|1\n|move|p2a: Regieleki|Electro Ball|p1a: Zacian\n|-damage|p1a: Zacian|67\/100\n|\n|-damage|p2a: Regieleki|35\/100 tox|[from] psn\n|upkeep\n|turn|14\n|\n|t:|1698085323\n|move|p2a: Regieleki|Volt Switch|p1a: Zacian\n|-damage|p1a: Zacian|33\/100\n|\n|t:|1698085326\n|switch|p2a: cracked Delibird|Iron Bundle, shiny|100\/100|[from] Volt Switch\n|move|p1a: Zacian|Trailblaze|p2a: cracked Delibird\n|-supereffective|p2a: cracked Delibird\n|-damage|p2a: cracked Delibird|36\/100\n|-boost|p1a: Zacian|spe|1\n|\n|upkeep\n|turn|15\n|\n|t:|1698085336\n|move|p1a: Zacian|Trailblaze|p2a: cracked Delibird\n|-supereffective|p2a: cracked Delibird\n|-damage|p2a: cracked Delibird|0 fnt\n|-boost|p1a: Zacian|spe|1\n|faint|p2a: cracked Delibird\n|-end|p2a: cracked Delibird|Quark Drive|[silent]\n|\n|upkeep\n|\n|t:|1698085348\n|switch|p2a: Regieleki|Regieleki, shiny|35\/100 tox\n|turn|16\n|\n|t:|1698085354\n|move|p1a: Zacian|Trailblaze|p2a: Regieleki\n|-damage|p2a: Regieleki|0 fnt\n|-boost|p1a: Zacian|spe|1\n|faint|p2a: Regieleki\n|\n|upkeep\n|\n|t:|1698085366\n|switch|p2a: Charizard|Charizard, M, shiny|100\/100\n|turn|17\n|\n|t:|1698085373\n|move|p1a: Zacian|Play Rough|p2a: Charizard|[miss]\n|-miss|p1a: Zacian|p2a: Charizard\n|move|p2a: Charizard|Flamethrower|p1a: Zacian\n|-supereffective|p1a: Zacian\n|-damage|p1a: Zacian|0 fnt\n|faint|p1a: Zacian\n|\n|upkeep\n|\n|t:|1698085381\n|switch|p1a: Garganacl|Garganacl, M|44\/100\n|turn|18\n|\n|t:|1698085387\n|move|p2a: Charizard|Focus Blast|p1a: Garganacl|[miss]\n|-miss|p2a: Charizard|p1a: Garganacl\n|move|p1a: Garganacl|Salt Cure|p2a: Charizard\n|-supereffective|p2a: Charizard\n|-damage|p2a: Charizard|0 fnt\n|faint|p2a: Charizard\n|\n|upkeep\n|\n|t:|1698085394\n|switch|p2a: Darkrai|Darkrai|100\/100\n|turn|19\n|\n|t:|1698085399\n|move|p2a: Darkrai|Hypnosis|p1a: Garganacl|[miss]\n|-miss|p2a: Darkrai|p1a: Garganacl\n|move|p1a: Garganacl|Salt Cure|p2a: Darkrai\n|-damage|p2a: Darkrai|74\/100\n|-start|p2a: Darkrai|Salt Cure\n|\n|-damage|p2a: Darkrai|61\/100|[from] Salt Cure\n|upkeep\n|turn|20\n|\n|t:|1698085408\n|move|p2a: Darkrai|Hypnosis|p1a: Garganacl\n|-immune|p1a: Garganacl|[from] ability: Purifying Salt\n|move|p1a: Garganacl|Ice Punch|p2a: Darkrai\n|-damage|p2a: Darkrai|30\/100\n|\n|-damage|p2a: Darkrai|17\/100|[from] Salt Cure\n|upkeep\n|-enditem|p2a: Darkrai|Figy Berry|[eat]\n|-heal|p2a: Darkrai|50\/100|[from] item: Figy Berry\n|-start|p2a: Darkrai|confusion\n|turn|21\n|\n|t:|1698085423\n|-activate|p2a: Darkrai|confusion\n|-damage|p2a: Darkrai|42\/100|[from] confusion\n|move|p1a: Garganacl|Rock Slide|p2a: Darkrai\n|-damage|p2a: Darkrai|0 fnt\n|faint|p2a: Darkrai\n|\n|upkeep\n|\n|t:|1698085429\n|switch|p2a: Giratina|Giratina-Origin, shiny|100\/100\n|turn|22\n|\n|t:|1698085433\n|move|p2a: Giratina|Shadow Force||[still]\n|-prepare|p2a: Giratina|Shadow Force\n|move|p1a: Garganacl|Ice Punch|p2a: Giratina|[miss]\n|-miss|p1a: Garganacl|p2a: Giratina\n|\n|upkeep\n|turn|23\n|\n|t:|1698085441\n|switch|p1a: Toxapex|Toxapex, F|100\/100\n|move|p2a: Giratina|Shadow Force|p1a: Toxapex|[from]lockedmove\n|-damage|p1a: Toxapex|55\/100\n|\n|-heal|p1a: Toxapex|61\/100|[from] item: Leftovers\n|upkeep\n|turn|24\n|\n|t:|1698085451\n|move|p2a: Giratina|Dragon Pulse|p1a: Toxapex\n|-damage|p1a: Toxapex|32\/100\n|move|p1a: Toxapex|Toxic|p2a: Giratina\n|-status|p2a: Giratina|tox\n|\n|-heal|p1a: Toxapex|38\/100|[from] item: Leftovers\n|-damage|p2a: Giratina|94\/100 tox|[from] psn\n|upkeep\n|turn|25\n|\n|t:|1698085459\n|move|p2a: Giratina|Dragon Pulse|p1a: Toxapex\n|-damage|p1a: Toxapex|11\/100\n|move|p1a: Toxapex|Liquidation|p2a: Giratina\n|-resisted|p2a: Giratina\n|-crit|p2a: Giratina\n|-damage|p2a: Giratina|86\/100 tox\n|\n|-heal|p1a: Toxapex|17\/100|[from] item: Leftovers\n|-damage|p2a: Giratina|74\/100 tox|[from] psn\n|upkeep\n|turn|26\n|\n|t:|1698085468\n|move|p1a: Toxapex|Baneful Bunker|p1a: Toxapex\n|-singleturn|p1a: Toxapex|move: Protect\n|move|p2a: Giratina|Dragon Pulse|p1a: Toxapex\n|-activate|p1a: Toxapex|move: Protect\n|\n|-heal|p1a: Toxapex|23\/100|[from] item: Leftovers\n|-damage|p2a: Giratina|55\/100 tox|[from] psn\n|upkeep\n|turn|27\n|\n|t:|1698085479\n|switch|p1a: Garganacl|Garganacl, M|44\/100\n|move|p2a: Giratina|Dragon Pulse|p1a: Garganacl\n|-damage|p1a: Garganacl|8\/100\n|\n|-damage|p2a: Giratina|31\/100 tox|[from] psn\n|upkeep\n|turn|28\n|\n|t:|1698085485\n|move|p2a: Giratina|Rest|p2a: Giratina\n|-status|p2a: Giratina|slp|[from] move: Rest\n|-heal|p2a: Giratina|100\/100 slp|[silent]\n|move|p1a: Garganacl|Salt Cure|p2a: Giratina\n|-damage|p2a: Giratina|91\/100 slp\n|-start|p2a: Giratina|Salt Cure\n|\n|-damage|p2a: Giratina|79\/100 slp|[from] Salt Cure\n|upkeep\n|turn|29\n|\n|t:|1698085496\n|cant|p2a: Giratina|slp\n|move|p2a: Giratina|Sleep Talk|p2a: Giratina\n|move|p2a: Giratina|Dragon Pulse|p1a: Garganacl|[from]move: Sleep Talk\n|-damage|p1a: Garganacl|0 fnt\n|faint|p1a: Garganacl\n|\n|-damage|p2a: Giratina|66\/100 slp|[from] Salt Cure\n|upkeep\n|\n|t:|1698085503\n|switch|p1a: Chi-Yu|Chi-Yu|100\/100\n|-ability|p1a: Chi-Yu|Beads of Ruin\n|turn|30\n|\n|t:|1698085509\n|-terastallize|p1a: Chi-Yu|Dark\n|move|p1a: Chi-Yu|Hex|p2a: Giratina\n|-supereffective|p2a: Giratina\n|-damage|p2a: Giratina|0 fnt\n|faint|p2a: Giratina\n|\n|win|ResurrectedDragon\n|raw|ResurrectedDragon's rating: 1143 &rarr; <strong>1172<\/strong><br \/>(+29 for winning)\n|raw|ph03n11x's rating: 1194 &rarr; <strong>1165<\/strong><br \/>(-29 for losing)\n|c|\u2606ph03n11x|gg\n|c|\u2606ResurrectedDragon|gg\n|c|\u2606ph03n11x|wp\n","uploadtime":1698085524,"views":7,"p1id":"resurrecteddragon","p2id":"ph03n11x","formatid":"gen9anythinggoes","rating":1165,"private":0,"password":""}