{"id":"gen9anythinggoes-1978560155","p1":"wagumbo","p2":"Babooshkania","format":"[Gen 9] Anything Goes","log":"|j|\u2606wagumbo\n|j|\u2606Babooshkania\n|t:|1698556049\n|gametype|singles\n|player|p1|wagumbo|101|1000\n|player|p2|Babooshkania|2|1000\n|teamsize|p1|6\n|teamsize|p2|6\n|gen|9\n|tier|[Gen 9] Anything Goes\n|rated|\n|rule|HP Percentage Mod: HP is shown in percentages\n|rule|Endless Battle Clause: Forcing endless battles is banned\n|clearpoke\n|poke|p1|Mew|\n|poke|p1|Mew|\n|poke|p1|Mew|\n|poke|p1|Mew|\n|poke|p1|Mew|\n|poke|p1|Mew|\n|poke|p2|Gliscor, F|\n|poke|p2|Milotic, M|\n|poke|p2|Mimikyu, F|\n|poke|p2|Clodsire, F|\n|poke|p2|Volcarona, F|\n|poke|p2|Hydreigon, F|\n|teampreview\n|c|\u2606wagumbo|quake, child\n|\n|t:|1698556055\n|start\n|switch|p1a: Ted Kennedy|Mew|100\/100\n|switch|p2a: Clodsire|Clodsire, F|100\/100\n|turn|1\n|c|\u2606wagumbo|you face the teds\n|\n|t:|1698556064\n|move|p1a: Ted Kennedy|Metronome|p1a: Ted Kennedy\n|move|p1a: Ted Kennedy|No Retreat|p1a: Ted Kennedy|[from]move: Metronome\n|-boost|p1a: Ted Kennedy|atk|1\n|-boost|p1a: Ted Kennedy|def|1\n|-boost|p1a: Ted Kennedy|spa|1\n|-boost|p1a: Ted Kennedy|spd|1\n|-boost|p1a: Ted Kennedy|spe|1\n|-start|p1a: Ted Kennedy|move: No Retreat\n|move|p2a: Clodsire|Toxic Spikes|p1a: Ted Kennedy\n|-sidestart|p1: wagumbo|move: Toxic Spikes\n|\n|upkeep\n|turn|2\n|\n|t:|1698556071\n|move|p1a: Ted Kennedy|Metronome|p1a: Ted Kennedy\n|move|p1a: Ted Kennedy|Imprison|p1a: Ted Kennedy|[from]move: Metronome\n|-start|p1a: Ted Kennedy|move: Imprison\n|move|p2a: Clodsire|Spikes|p1a: Ted Kennedy\n|-sidestart|p1: wagumbo|Spikes\n|\n|upkeep\n|turn|3\n|\n|t:|1698556077\n|move|p1a: Ted Kennedy|Metronome|p1a: Ted Kennedy\n|move|p1a: Ted Kennedy|Lock-On|p2a: Clodsire|[from]move: Metronome\n|-activate|p1a: Ted Kennedy|move: Lock-On|[of] p2a: Clodsire\n|move|p2a: Clodsire|Stealth Rock|p1a: Ted Kennedy\n|-sidestart|p1: wagumbo|move: Stealth Rock\n|\n|upkeep\n|turn|4\n|\n|t:|1698556086\n|move|p1a: Ted Kennedy|Metronome|p1a: Ted Kennedy\n|move|p1a: Ted Kennedy|Aromatic Mist|null|[from]move: Metronome|[notarget]\n|-fail|p1a: Ted Kennedy\n|move|p2a: Clodsire|Spikes|p1a: Ted Kennedy\n|-sidestart|p1: wagumbo|Spikes\n|\n|upkeep\n|turn|5\n|\n|t:|1698556091\n|move|p1a: Ted Kennedy|Metronome|p1a: Ted Kennedy\n|move|p1a: Ted Kennedy|Poison Gas|p2a: Clodsire|[from]move: Metronome|[miss]\n|-miss|p1a: Ted Kennedy|p2a: Clodsire\n|move|p2a: Clodsire|Spikes|p1a: Ted Kennedy\n|-sidestart|p1: wagumbo|Spikes\n|\n|upkeep\n|turn|6\n|c|\u2606wagumbo|this ted sucks ass\n|\n|t:|1698556100\n|move|p1a: Ted Kennedy|Metronome|p1a: Ted Kennedy\n|move|p1a: Ted Kennedy|Thunder|p2a: Clodsire|[from]move: Metronome\n|-immune|p2a: Clodsire\n|move|p2a: Clodsire|Yawn|p1a: Ted Kennedy\n|-start|p1a: Ted Kennedy|move: Yawn|[of] p2a: Clodsire\n|\n|upkeep\n|turn|7\n|\n|t:|1698556111\n|switch|p2a: Hydreigon|Hydreigon, F|100\/100\n|move|p1a: Ted Kennedy|Metronome|p1a: Ted Kennedy\n|move|p1a: Ted Kennedy|Vine Whip|p2a: Hydreigon|[from]move: Metronome\n|-resisted|p2a: Hydreigon\n|-damage|p2a: Hydreigon|92\/100\n|\n|-end|p1a: Ted Kennedy|move: Yawn|[silent]\n|-status|p1a: Ted Kennedy|slp\n|upkeep\n|turn|8\n|\n|t:|1698556120\n|cant|p1a: Ted Kennedy|slp\n|move|p2a: Hydreigon|Nasty Plot|p2a: Hydreigon\n|-boost|p2a: Hydreigon|spa|2\n|\n|upkeep\n|turn|9\n|\n|t:|1698556125\n|cant|p1a: Ted Kennedy|slp\n|move|p2a: Hydreigon|Nasty Plot|p2a: Hydreigon\n|-boost|p2a: Hydreigon|spa|2\n|\n|upkeep\n|turn|10\n|\n|t:|1698556130\n|-curestatus|p1a: Ted Kennedy|slp|[msg]\n|move|p1a: Ted Kennedy|Metronome|p1a: Ted Kennedy\n|move|p1a: Ted Kennedy|Misty Terrain|p1a: Ted Kennedy|[from]move: Metronome\n|-fieldstart|move: Misty Terrain\n|move|p2a: Hydreigon|Nasty Plot|p2a: Hydreigon\n|-boost|p2a: Hydreigon|spa|2\n|\n|upkeep\n|turn|11\n|\n|t:|1698556137\n|move|p1a: Ted Kennedy|Metronome|p1a: Ted Kennedy\n|move|p1a: Ted Kennedy|Swallow||[from]move: Metronome|[still]\n|-fail|p1a: Ted Kennedy\n|move|p2a: Hydreigon|Dark Pulse|p1a: Ted Kennedy\n|-supereffective|p1a: Ted Kennedy\n|-enditem|p1a: Ted Kennedy|Focus Sash\n|-damage|p1a: Ted Kennedy|1\/100\n|\n|upkeep\n|turn|12\n|\n|t:|1698556145\n|move|p1a: Ted Kennedy|Metronome|p1a: Ted Kennedy\n|move|p1a: Ted Kennedy|Electric Terrain|p1a: Ted Kennedy|[from]move: Metronome\n|-fieldstart|move: Electric Terrain\n|move|p2a: Hydreigon|Dark Pulse|p1a: Ted Kennedy\n|-supereffective|p1a: Ted Kennedy\n|-damage|p1a: Ted Kennedy|0 fnt\n|faint|p1a: Ted Kennedy\n|\n|upkeep\n|\n|t:|1698556151\n|switch|p1a: Ted Kaczynski|Mew|100\/100\n|-status|p1a: Ted Kaczynski|psn\n|-damage|p1a: Ted Kaczynski|76\/100 psn|[from] Spikes\n|-damage|p1a: Ted Kaczynski|63\/100 psn|[from] Stealth Rock\n|turn|13\n|\n|t:|1698556157\n|move|p2a: Hydreigon|Dark Pulse|p1a: Ted Kaczynski\n|-supereffective|p1a: Ted Kaczynski\n|-damage|p1a: Ted Kaczynski|0 fnt\n|faint|p1a: Ted Kaczynski\n|\n|upkeep\n|-message|wagumbo forfeited.\n|\n|win|Babooshkania\n|raw|wagumbo's rating: 1000 &rarr; <strong>1000<\/strong><br \/>(+0 for losing)\n|raw|Babooshkania's rating: 1000 &rarr; <strong>1040<\/strong><br \/>(+40 for winning)\n|l|\u2606wagumbo\n","uploadtime":1698556100,"views":5,"p1id":"wagumbo","p2id":"babooshkania","formatid":"gen9anythinggoes","rating":1000,"private":0,"password":""}