{"id":"gen9anythinggoes-1972013006","p1":"Koolaid90","p2":"IceBerryCoffee","format":"[Gen 9] Anything Goes","log":"|j|\u2606Koolaid90\n|j|\u2606IceBerryCoffee\n|t:|1697804750\n|gametype|singles\n|player|p1|Koolaid90|n|1367\n|player|p2|IceBerryCoffee|170|1384\n|teamsize|p1|6\n|teamsize|p2|6\n|gen|9\n|tier|[Gen 9] Anything Goes\n|rated|\n|rule|HP Percentage Mod: HP is shown in percentages\n|rule|Endless Battle Clause: Forcing endless battles is banned\n|clearpoke\n|poke|p1|Gholdengo|\n|poke|p1|Rayquaza|\n|poke|p1|Blissey, F|\n|poke|p1|Ogerpon-Hearthflame, F|\n|poke|p1|Kricketune, F|\n|poke|p1|Iron Treads|\n|poke|p2|Staraptor, F|\n|poke|p2|Torterra, F|\n|poke|p2|Uxie|\n|poke|p2|Palkia-Origin|\n|poke|p2|Calyrex-Shadow|\n|poke|p2|Arcanine, F|\n|teampreview\n|inactive|Battle timer is ON: inactive players will automatically lose when time's up. (requested by Koolaid90)\n|\n|t:|1697804764\n|start\n|switch|p1a: Kricketune|Kricketune, F|100\/100\n|switch|p2a: Staraptor|Staraptor, F|100\/100\n|turn|1\n|\n|t:|1697804769\n|move|p2a: Staraptor|Brave Bird|p1a: Kricketune\n|-supereffective|p1a: Kricketune\n|-enditem|p1a: Kricketune|Focus Sash\n|-damage|p1a: Kricketune|1\/100\n|-damage|p2a: Staraptor|63\/100|[from] Recoil\n|move|p1a: Kricketune|Sticky Web|p2a: Staraptor\n|-sidestart|p2: IceBerryCoffee|move: Sticky Web\n|\n|upkeep\n|turn|2\n|\n|t:|1697804776\n|move|p2a: Staraptor|Brave Bird|p1a: Kricketune\n|-supereffective|p1a: Kricketune\n|-damage|p1a: Kricketune|0 fnt\n|faint|p1a: Kricketune\n|-damage|p2a: Staraptor|62\/100|[from] Recoil\n|\n|upkeep\n|\n|t:|1697804781\n|switch|p1a: Gholdengo|Gholdengo|100\/100\n|turn|3\n|\n|t:|1697804788\n|switch|p2a: Uxie|Uxie|100\/100\n|move|p1a: Gholdengo|Nasty Plot|p1a: Gholdengo\n|-boost|p1a: Gholdengo|spa|2\n|\n|upkeep\n|turn|4\n|\n|t:|1697804796\n|move|p2a: Uxie|Memento|p1a: Gholdengo\n|-immune|p1a: Gholdengo|[from] ability: Good as Gold\n|move|p1a: Gholdengo|Shadow Ball|p2a: Uxie\n|-supereffective|p2a: Uxie\n|-damage|p2a: Uxie|0 fnt\n|faint|p2a: Uxie\n|\n|upkeep\n|\n|t:|1697804803\n|switch|p2a: Calyrex|Calyrex-Shadow|100\/100\n|-ability|p2a: Calyrex|As One\n|-ability|p2a: Calyrex|Unnerve\n|turn|5\n|\n|t:|1697804809\n|-terastallize|p2a: Calyrex|Dark\n|move|p2a: Calyrex|Astral Barrage|p1a: Gholdengo\n|-supereffective|p1a: Gholdengo\n|-damage|p1a: Gholdengo|0 fnt\n|faint|p1a: Gholdengo\n|-ability|p2a: Calyrex|Grim Neigh|boost\n|-boost|p2a: Calyrex|spa|1\n|\n|upkeep\n|\n|t:|1697804813\n|switch|p1a: Blissey|Blissey, F|100\/100\n|turn|6\n|\n|t:|1697804830\n|switch|p2a: Staraptor|Staraptor, F|62\/100\n|move|p1a: Blissey|Thunder Wave|p2a: Staraptor\n|-status|p2a: Staraptor|par\n|\n|upkeep\n|turn|7\n|\n|t:|1697804838\n|switch|p1a: Iron Treads|Iron Treads|100\/100\n|move|p2a: Staraptor|Brave Bird|p1a: Iron Treads\n|-resisted|p1a: Iron Treads\n|-damage|p1a: Iron Treads|67\/100\n|-damage|p2a: Staraptor|51\/100 par|[from] Recoil\n|\n|upkeep\n|turn|8\n|\n|t:|1697804858\n|switch|p2a: Arcanine|Arcanine, F|100\/100\n|-ability|p2a: Arcanine|Intimidate|boost\n|-unboost|p1a: Iron Treads|atk|1\n|move|p1a: Iron Treads|Ice Spinner|p2a: Arcanine\n|-resisted|p2a: Arcanine\n|-damage|p2a: Arcanine|94\/100\n|\n|upkeep\n|turn|9\n|\n|t:|1697804866\n|-end|p1a: Iron Treads|Quark Drive|[silent]\n|switch|p1a: Rayquaza|Rayquaza, shiny|100\/100\n|-ability|p1a: Rayquaza|Air Lock\n|move|p2a: Arcanine|Will-O-Wisp|p1a: Rayquaza|[miss]\n|-miss|p2a: Arcanine|p1a: Rayquaza\n|\n|upkeep\n|turn|10\n|\n|t:|1697804875\n|move|p1a: Rayquaza|Earthquake|p2a: Arcanine\n|-supereffective|p2a: Arcanine\n|-damage|p2a: Arcanine|14\/100\n|-damage|p1a: Rayquaza|91\/100|[from] item: Life Orb\n|move|p2a: Arcanine|Will-O-Wisp|p1a: Rayquaza\n|-status|p1a: Rayquaza|brn\n|\n|-damage|p1a: Rayquaza|85\/100 brn|[from] brn\n|upkeep\n|turn|11\n|\n|t:|1697804889\n|switch|p2a: Torterra|Torterra, F|100\/100\n|-activate|p2a: Torterra|move: Sticky Web\n|-unboost|p2a: Torterra|spe|1\n|-enditem|p2a: Torterra|White Herb\n|-clearnegativeboost|p2a: Torterra|[silent]\n|move|p1a: Rayquaza|Extreme Speed|p2a: Torterra\n|-damage|p2a: Torterra|82\/100\n|-damage|p1a: Rayquaza|75\/100 brn|[from] item: Life Orb\n|\n|-damage|p1a: Rayquaza|69\/100 brn|[from] brn\n|upkeep\n|turn|12\n|\n|t:|1697804901\n|move|p1a: Rayquaza|Dragon Ascent|p2a: Torterra\n|-supereffective|p2a: Torterra\n|-damage|p2a: Torterra|0 fnt\n|-unboost|p1a: Rayquaza|def|1\n|-unboost|p1a: Rayquaza|spd|1\n|faint|p2a: Torterra\n|-damage|p1a: Rayquaza|59\/100 brn|[from] item: Life Orb\n|\n|-damage|p1a: Rayquaza|53\/100 brn|[from] brn\n|upkeep\n|\n|t:|1697804915\n|switch|p2a: Palkia|Palkia-Origin|100\/100\n|-activate|p2a: Palkia|move: Sticky Web\n|-unboost|p2a: Palkia|spe|1\n|-ability|p2a: Palkia|Pressure\n|turn|13\n|\n|t:|1697804926\n|move|p1a: Rayquaza|Outrage|p2a: Palkia\n|-supereffective|p2a: Palkia\n|-damage|p2a: Palkia|6\/100\n|-damage|p1a: Rayquaza|43\/100 brn|[from] item: Life Orb\n|move|p2a: Palkia|Dragon Tail|p1a: Rayquaza\n|-supereffective|p1a: Rayquaza\n|-damage|p1a: Rayquaza|0 fnt\n|faint|p1a: Rayquaza\n|\n|upkeep\n|\n|t:|1697804935\n|switch|p1a: Ogerpon|Ogerpon-Hearthflame, F|100\/100\n|-ability|p1a: Ogerpon|Mold Breaker\n|turn|14\n|\n|t:|1697804940\n|move|p1a: Ogerpon|Swords Dance|p1a: Ogerpon\n|-boost|p1a: Ogerpon|atk|2\n|move|p2a: Palkia|Draco Meteor|p1a: Ogerpon\n|-damage|p1a: Ogerpon|0 fnt\n|-unboost|p2a: Palkia|spa|2\n|faint|p1a: Ogerpon\n|\n|upkeep\n|\n|t:|1697804949\n|switch|p1a: Blissey|Blissey, F|100\/100\n|turn|15\n|\n|t:|1697804955\n|move|p1a: Blissey|Dazzling Gleam|p2a: Palkia\n|-supereffective|p2a: Palkia\n|-damage|p2a: Palkia|0 fnt\n|faint|p2a: Palkia\n|\n|upkeep\n|\n|t:|1697804959\n|switch|p2a: Staraptor|Staraptor, F|51\/100 par\n|turn|16\n|\n|t:|1697804962\n|cant|p2a: Staraptor|par\n|move|p1a: Blissey|Seismic Toss|p2a: Staraptor\n|-damage|p2a: Staraptor|19\/100 par\n|\n|upkeep\n|turn|17\n|\n|t:|1697804966\n|move|p2a: Staraptor|Close Combat|p1a: Blissey\n|-supereffective|p1a: Blissey\n|-damage|p1a: Blissey|19\/100\n|-unboost|p2a: Staraptor|def|1\n|-unboost|p2a: Staraptor|spd|1\n|move|p1a: Blissey|Seismic Toss|p2a: Staraptor\n|-damage|p2a: Staraptor|0 fnt\n|faint|p2a: Staraptor\n|\n|-heal|p1a: Blissey|25\/100|[from] item: Leftovers\n|upkeep\n|\n|t:|1697804979\n|switch|p2a: Arcanine|Arcanine, F|14\/100\n|-ability|p2a: Arcanine|Intimidate|boost\n|-unboost|p1a: Blissey|atk|1\n|turn|18\n|\n|t:|1697804983\n|move|p2a: Arcanine|Flare Blitz|p1a: Blissey\n|-damage|p1a: Blissey|0 fnt\n|faint|p1a: Blissey\n|-damage|p2a: Arcanine|0 fnt|[from] Recoil\n|faint|p2a: Arcanine\n|\n|upkeep\n|\n|t:|1697804989\n|switch|p2a: Calyrex|Calyrex-Shadow, tera:Dark|100\/100\n|switch|p1a: Iron Treads|Iron Treads|67\/100\n|-ability|p2a: Calyrex|As One\n|-ability|p2a: Calyrex|Unnerve\n|turn|19\n|\n|t:|1697804996\n|-terastallize|p1a: Iron Treads|Ground\n|move|p2a: Calyrex|Astral Barrage|p1a: Iron Treads\n|-damage|p1a: Iron Treads|1\/100\n|move|p1a: Iron Treads|Earthquake|p2a: Calyrex\n|-damage|p2a: Calyrex|20\/100\n|\n|upkeep\n|turn|20\n|\n|t:|1697805003\n|move|p2a: Calyrex|Astral Barrage|p1a: Iron Treads\n|-damage|p1a: Iron Treads|0 fnt\n|faint|p1a: Iron Treads\n|-end|p1a: Iron Treads|Quark Drive|[silent]\n|\n|win|IceBerryCoffee\n|raw|Koolaid90's rating: 1367 &rarr; <strong>1348<\/strong><br \/>(-19 for losing)\n|raw|IceBerryCoffee's rating: 1384 &rarr; <strong>1403<\/strong><br \/>(+19 for winning)\n|l|\u2606Koolaid90\n","uploadtime":1697805011,"views":7,"p1id":"koolaid90","p2id":"iceberrycoffee","formatid":"gen9anythinggoes","rating":1348,"private":0,"password":""}