{"id":"gen9anythinggoes-1999912423","p1":"SerpySerper56","p2":"QuackRibbit","format":"[Gen 9] Anything Goes","log":"|j|\u2606SerpySerper56\n|j|\u2606QuackRibbit\n|t:|1701129271\n|gametype|singles\n|player|p1|SerpySerper56|elesa|1000\n|player|p2|QuackRibbit|266|1000\n|teamsize|p1|6\n|teamsize|p2|6\n|gen|9\n|tier|[Gen 9] Anything Goes\n|rated|\n|rule|HP Percentage Mod: HP is shown in percentages\n|rule|Endless Battle Clause: Forcing endless battles is banned\n|clearpoke\n|poke|p1|Ditto|\n|poke|p1|Iron Valiant|\n|poke|p1|Muk-Alola, M|\n|poke|p1|Annihilape, F|\n|poke|p1|Regieleki|\n|poke|p1|Ogerpon-Hearthflame, F|\n|poke|p2|Annihilape, M|\n|poke|p2|Annihilape, F|\n|poke|p2|Annihilape, M|\n|poke|p2|Annihilape, F|\n|poke|p2|Annihilape, M|\n|poke|p2|Kingambit, M|\n|teampreview\n|inactive|Battle timer is ON: inactive players will automatically lose when time's up. (requested by SerpySerper56)\n|\n|t:|1701129283\n|start\n|switch|p1a: Honey Honey|Muk-Alola, M, shiny|100\/100\n|switch|p2a: Annihilape|Annihilape, M|100\/100\n|turn|1\n|\n|t:|1701129288\n|move|p2a: Annihilape|Final Gambit|p1a: Honey Honey\n|-damage|p1a: Honey Honey|13\/100\n|faint|p2a: Annihilape\n|move|p1a: Honey Honey|Minimize|p1a: Honey Honey\n|-boost|p1a: Honey Honey|evasion|2\n|\n|-heal|p1a: Honey Honey|19\/100|[from] item: Black Sludge\n|upkeep\n|\n|t:|1701129295\n|switch|p2a: Annihilape|Annihilape, F|100\/100\n|turn|2\n|\n|t:|1701129298\n|move|p2a: Annihilape|Final Gambit|p1a: Honey Honey|[miss]\n|-miss|p2a: Annihilape|p1a: Honey Honey\n|move|p1a: Honey Honey|Minimize|p1a: Honey Honey\n|-boost|p1a: Honey Honey|evasion|2\n|\n|-heal|p1a: Honey Honey|25\/100|[from] item: Black Sludge\n|upkeep\n|turn|3\n|\n|t:|1701129306\n|move|p2a: Annihilape|Final Gambit|p1a: Honey Honey|[miss]\n|-miss|p2a: Annihilape|p1a: Honey Honey\n|move|p1a: Honey Honey|Minimize|p1a: Honey Honey\n|-boost|p1a: Honey Honey|evasion|2\n|\n|-heal|p1a: Honey Honey|31\/100|[from] item: Black Sludge\n|upkeep\n|turn|4\n|\n|t:|1701129313\n|move|p2a: Annihilape|Final Gambit|p1a: Honey Honey\n|-damage|p1a: Honey Honey|0 fnt\n|faint|p2a: Annihilape\n|faint|p1a: Honey Honey\n|\n|upkeep\n|\n|t:|1701129326\n|switch|p2a: Annihilape|Annihilape, M|100\/100\n|switch|p1a: Make Me Blue|Regieleki, shiny|100\/100\n|turn|5\n|\n|t:|1701129331\n|move|p1a: Make Me Blue|Thunder Cage|p2a: Annihilape\n|-damage|p2a: Annihilape|38\/100\n|-activate|p2a: Annihilape|move: Thunder Cage|[of] p1a: Make Me Blue\n|-damage|p1a: Make Me Blue|91\/100|[from] item: Life Orb\n|move|p2a: Annihilape|Final Gambit|p1a: Make Me Blue\n|-damage|p1a: Make Me Blue|45\/100\n|faint|p2a: Annihilape\n|\n|upkeep\n|\n|t:|1701129339\n|switch|p2a: Annihilape|Annihilape, F|100\/100\n|turn|6\n|\n|t:|1701129343\n|move|p1a: Make Me Blue|Thunder Cage|p2a: Annihilape\n|-crit|p2a: Annihilape\n|-damage|p2a: Annihilape|7\/100\n|-activate|p2a: Annihilape|move: Thunder Cage|[of] p1a: Make Me Blue\n|-damage|p1a: Make Me Blue|35\/100|[from] item: Life Orb\n|move|p2a: Annihilape|Final Gambit|p1a: Make Me Blue\n|-damage|p1a: Make Me Blue|28\/100\n|faint|p2a: Annihilape\n|\n|upkeep\n|\n|t:|1701129352\n|switch|p2a: Annihilape|Annihilape, M|100\/100\n|turn|7\n|\n|t:|1701129356\n|move|p1a: Make Me Blue|Thunder Cage|p2a: Annihilape\n|-damage|p2a: Annihilape|41\/100\n|-activate|p2a: Annihilape|move: Thunder Cage|[of] p1a: Make Me Blue\n|-damage|p1a: Make Me Blue|18\/100|[from] item: Life Orb\n|move|p2a: Annihilape|Final Gambit|p1a: Make Me Blue\n|-damage|p1a: Make Me Blue|0 fnt\n|faint|p2a: Annihilape\n|faint|p1a: Make Me Blue\n|\n|upkeep\n|\n|t:|1701129366\n|switch|p1a: The Grapevine|Ogerpon-Hearthflame, F|100\/100\n|switch|p2a: Kingambit|Kingambit, M, shiny|100\/100\n|-ability|p1a: The Grapevine|Mold Breaker\n|-activate|p2a: Kingambit|ability: Supreme Overlord\n|-start|p2a: Kingambit|fallen5|[silent]\n|turn|8\n|\n|t:|1701129376\n|-terastallize|p2a: Kingambit|Dark\n|move|p1a: The Grapevine|Ivy Cudgel|p2a: Kingambit|[anim] Ivy Cudgel Fire\n|-damage|p2a: Kingambit|61\/100\n|move|p2a: Kingambit|Foul Play|p1a: The Grapevine\n|-damage|p1a: The Grapevine|0 fnt\n|faint|p1a: The Grapevine\n|\n|upkeep\n|\n|t:|1701129387\n|switch|p1a: Someone Else|Ditto, shiny|100\/100\n|-transform|p1a: Someone Else|p2a: Kingambit|[from] ability: Imposter\n|-activate|p1a: Someone Else|ability: Supreme Overlord\n|-start|p1a: Someone Else|fallen3|[silent]\n|-start|p1a: Someone Else|typechange|Dark\/Steel|[silent]\n|turn|9\n|\n|t:|1701129395\n|move|p1a: Someone Else|Iron Head|p2a: Kingambit\n|-damage|p2a: Kingambit|25\/100\n|-enditem|p2a: Kingambit|Aguav Berry|[eat]\n|-heal|p2a: Kingambit|58\/100|[from] item: Aguav Berry\n|move|p2a: Kingambit|Foul Play|p1a: Someone Else\n|-resisted|p1a: Someone Else\n|-damage|p1a: Someone Else|61\/100\n|\n|upkeep\n|turn|10\n|\n|t:|1701129418\n|move|p1a: Someone Else|Iron Head|p2a: Kingambit\n|-damage|p2a: Kingambit|24\/100\n|move|p2a: Kingambit|Flash Cannon|p1a: Someone Else\n|-resisted|p1a: Someone Else\n|-damage|p1a: Someone Else|32\/100\n|\n|upkeep\n|turn|11\n|\n|t:|1701129434\n|move|p1a: Someone Else|Iron Head|p2a: Kingambit\n|-damage|p2a: Kingambit|0 fnt\n|faint|p2a: Kingambit\n|-end|p2a: Kingambit|fallen5|[silent]\n|\n|win|SerpySerper56\n|raw|SerpySerper56's rating: 1000 &rarr; <strong>1040<\/strong><br \/>(+40 for winning)\n|raw|QuackRibbit's rating: 1000 &rarr; <strong>1000<\/strong><br \/>(+0 for losing)\n|c|\u2606SerpySerper56|Gg\n","uploadtime":1701129446,"views":6,"p1id":"serpyserper56","p2id":"quackribbit","formatid":"gen9anythinggoes","rating":1000,"private":0,"password":""}