{"id":"gen9anythinggoes-1984794550","p1":"Isaidht","p2":"ItzSpork","format":"[Gen 9] Anything Goes","log":"|j|\u2606Isaidht\n|j|\u203dItzSpork\n|t:|1699299566\n|gametype|singles\n|player|p1|Isaidht|hilbert|1126\n|player|p2|ItzSpork|170|1042\n|teamsize|p1|6\n|teamsize|p2|6\n|gen|9\n|tier|[Gen 9] Anything Goes\n|rated|\n|rule|HP Percentage Mod: HP is shown in percentages\n|rule|Endless Battle Clause: Forcing endless battles is banned\n|clearpoke\n|poke|p1|Orthworm, M|\n|poke|p1|Drifblim, F|\n|poke|p1|Clefable, M|\n|poke|p1|Espathra, F|\n|poke|p1|Dudunsparce-*, F|\n|poke|p1|Drifblim, M|\n|poke|p2|Sinistcha-Masterpiece|\n|poke|p2|Zoroark-Hisui, F|\n|poke|p2|Quaquaval, M|\n|poke|p2|Lurantis, M|\n|poke|p2|Maushold-Four|\n|poke|p2|Arcanine-Hisui, M|\n|teampreview\n|inactive|Battle timer is ON: inactive players will automatically lose when time's up. (requested by Isaidht)\n|\n|t:|1699299574\n|start\n|switch|p1a: Orthworm|Orthworm, M|100\/100\n|switch|p2a: Lurantis|Lurantis, M|100\/100\n|turn|1\n|\n|t:|1699299582\n|move|p2a: Lurantis|Nasty Plot|p2a: Lurantis\n|-boost|p2a: Lurantis|spa|2\n|move|p1a: Orthworm|Shed Tail|p1a: Orthworm\n|-start|p1a: Orthworm|Substitute|[from] move: Shed Tail\n|-damage|p1a: Orthworm|50\/100\n|-enditem|p1a: Orthworm|Sitrus Berry|[eat]\n|-heal|p1a: Orthworm|75\/100|[from] item: Sitrus Berry\n|\n|t:|1699299586\n|switch|p1a: Drifblim|Drifblim, F, shiny|100\/100|[from] Shed Tail\n|\n|upkeep\n|turn|2\n|\n|t:|1699299599\n|move|p2a: Lurantis|Bitter Malice|p1a: Drifblim\n|-supereffective|p1a: Drifblim\n|-end|p1a: Drifblim|Substitute\n|move|p1a: Drifblim|Minimize|p1a: Drifblim\n|-boost|p1a: Drifblim|evasion|2\n|\n|upkeep\n|turn|3\n|\n|t:|1699299610\n|-terastallize|p1a: Drifblim|Ground\n|move|p2a: Lurantis|Bitter Malice|p1a: Drifblim|[miss]\n|-miss|p2a: Lurantis|p1a: Drifblim\n|move|p1a: Drifblim|Minimize|p1a: Drifblim\n|-boost|p1a: Drifblim|evasion|2\n|\n|upkeep\n|turn|4\n|\n|t:|1699299620\n|move|p2a: Lurantis|Extrasensory|p1a: Drifblim|[miss]\n|-miss|p2a: Lurantis|p1a: Drifblim\n|move|p1a: Drifblim|Minimize|p1a: Drifblim\n|-boost|p1a: Drifblim|evasion|2\n|\n|upkeep\n|turn|5\n|\n|t:|1699299634\n|move|p2a: Lurantis|Bitter Malice|p1a: Drifblim\n|-damage|p1a: Drifblim|0 fnt\n|faint|p1a: Drifblim\n|\n|upkeep\n|\n|t:|1699299640\n|switch|p1a: Dudunsparce|Dudunsparce, F|100\/100\n|turn|6\n|\n|t:|1699299644\n|move|p2a: Lurantis|Hyper Voice|p1a: Dudunsparce\n|-damage|p1a: Dudunsparce|27\/100\n|move|p1a: Dudunsparce|Substitute|p1a: Dudunsparce\n|-start|p1a: Dudunsparce|Substitute\n|-damage|p1a: Dudunsparce|2\/100\n|\n|upkeep\n|turn|7\n|\n|t:|1699299653\n|move|p2a: Lurantis|Hyper Voice|p1a: Dudunsparce\n|-damage|p1a: Dudunsparce|0 fnt\n|faint|p1a: Dudunsparce\n|\n|upkeep\n|\n|t:|1699299661\n|switch|p1a: Espathra|Espathra, F|100\/100\n|turn|8\n|\n|t:|1699299666\n|move|p2a: Lurantis|Hyper Voice|p1a: Espathra\n|-damage|p1a: Espathra|0 fnt\n|faint|p1a: Espathra\n|\n|upkeep\n|\n|t:|1699299678\n|switch|p1a: Clefable|Clefable, M|100\/100\n|turn|9\n|\n|t:|1699299683\n|move|p2a: Lurantis|Hyper Voice|p1a: Clefable\n|-crit|p1a: Clefable\n|-damage|p1a: Clefable|0 fnt\n|faint|p1a: Clefable\n|\n|upkeep\n|-message|Isaidht forfeited.\n|\n|win|ItzSpork\n|raw|Isaidht's rating: 1126 &rarr; <strong>1095<\/strong><br \/>(-31 for losing)\n|raw|ItzSpork's rating: 1042 &rarr; <strong>1084<\/strong><br \/>(+42 for winning)\n|l|\u2606Isaidht\n","uploadtime":1699299709,"views":5,"p1id":"isaidht","p2id":"itzspork","formatid":"gen9anythinggoes","rating":1084,"private":0,"password":""}