{"id":"gen9anythinggoes-1996494365","p1":"Deathscythe57","p2":"TheWafflwz","format":"[Gen 9] Anything Goes","log":"|j|\u2606Deathscythe57\n|j|\u2606TheWafflwz\n|t:|1700687483\n|gametype|singles\n|player|p1|Deathscythe57|2|1114\n|player|p2|TheWafflwz|mallow-masters|1031\n|teamsize|p1|6\n|teamsize|p2|6\n|gen|9\n|tier|[Gen 9] Anything Goes\n|rated|\n|rule|HP Percentage Mod: HP is shown in percentages\n|rule|Endless Battle Clause: Forcing endless battles is banned\n|clearpoke\n|poke|p1|Garchomp, F|\n|poke|p1|Walking Wake|\n|poke|p1|Hoopa-Unbound|\n|poke|p1|Toxapex, F|\n|poke|p1|Regieleki|\n|poke|p1|Calyrex-Shadow|\n|poke|p2|Shaymin-Sky|\n|poke|p2|Shaymin-Sky|\n|poke|p2|Shaymin-Sky|\n|poke|p2|Shaymin-Sky|\n|poke|p2|Shaymin-Sky|\n|poke|p2|Shaymin-Sky|\n|teampreview\n|inactive|Battle timer is ON: inactive players will automatically lose when time's up. (requested by TheWafflwz)\n|\n|t:|1700687486\n|start\n|switch|p1a: Garchomp|Garchomp, F, shiny|100\/100\n|switch|p2a: Shaymin|Shaymin-Sky, shiny|100\/100\n|turn|1\n|\n|t:|1700687492\n|move|p2a: Shaymin|Air Slash|p1a: Garchomp\n|-damage|p1a: Garchomp|56\/100\n|cant|p1a: Garchomp|flinch\n|\n|upkeep\n|turn|2\n|\n|t:|1700687498\n|move|p2a: Shaymin|Air Slash|p1a: Garchomp\n|-damage|p1a: Garchomp|7\/100\n|move|p1a: Garchomp|Earthquake|p2a: Shaymin\n|-immune|p2a: Shaymin\n|\n|upkeep\n|turn|3\n|\n|t:|1700687507\n|switch|p1a: Toxapex|Toxapex, F|100\/100\n|move|p2a: Shaymin|Air Slash|p1a: Toxapex\n|-damage|p1a: Toxapex|69\/100\n|\n|-heal|p1a: Toxapex|75\/100|[from] item: Leftovers\n|upkeep\n|turn|4\n|\n|t:|1700687514\n|move|p2a: Shaymin|Air Slash|p1a: Toxapex\n|-damage|p1a: Toxapex|43\/100\n|cant|p1a: Toxapex|flinch\n|\n|-heal|p1a: Toxapex|49\/100|[from] item: Leftovers\n|upkeep\n|turn|5\n|\n|t:|1700687521\n|switch|p1a: Regieleki|Regieleki|100\/100\n|move|p2a: Shaymin|Air Slash|p1a: Regieleki\n|-resisted|p1a: Regieleki\n|-damage|p1a: Regieleki|62\/100\n|\n|-heal|p1a: Regieleki|68\/100|[from] item: Leftovers\n|upkeep\n|turn|6\n|\n|t:|1700687528\n|move|p2a: Shaymin|Air Slash|p1a: Regieleki\n|-resisted|p1a: Regieleki\n|-damage|p1a: Regieleki|28\/100\n|cant|p1a: Regieleki|flinch\n|\n|-heal|p1a: Regieleki|34\/100|[from] item: Leftovers\n|upkeep\n|turn|7\n|\n|t:|1700687535\n|move|p1a: Regieleki|Extreme Speed|p2a: Shaymin\n|-damage|p2a: Shaymin|76\/100\n|move|p2a: Shaymin|Air Slash|p1a: Regieleki\n|-resisted|p1a: Regieleki\n|-damage|p1a: Regieleki|0 fnt\n|faint|p1a: Regieleki\n|\n|upkeep\n|\n|t:|1700687543\n|switch|p1a: Calyrex|Calyrex-Shadow|100\/100\n|-ability|p1a: Calyrex|As One\n|-ability|p1a: Calyrex|Unnerve\n|turn|8\n|\n|t:|1700687556\n|move|p2a: Shaymin|Air Slash|p1a: Calyrex\n|-damage|p1a: Calyrex|66\/100\n|cant|p1a: Calyrex|flinch\n|\n|upkeep\n|turn|9\n|c|\u2606Deathscythe57|this is so toxic\n|\n|t:|1700687579\n|move|p2a: Shaymin|Air Slash|p1a: Calyrex\n|-damage|p1a: Calyrex|37\/100\n|cant|p1a: Calyrex|flinch\n|\n|upkeep\n|turn|10\n|c|\u2606Deathscythe57|why\n|c|\u2606Deathscythe57|how are you having fun\n|\n|t:|1700687599\n|move|p2a: Shaymin|Air Slash|p1a: Calyrex\n|-damage|p1a: Calyrex|4\/100\n|cant|p1a: Calyrex|flinch\n|\n|upkeep\n|turn|11\n|\n|t:|1700687608\n|move|p2a: Shaymin|Air Slash|p1a: Calyrex\n|-crit|p1a: Calyrex\n|-damage|p1a: Calyrex|0 fnt\n|faint|p1a: Calyrex\n|\n|upkeep\n|\n|t:|1700687614\n|switch|p1a: Hoopa|Hoopa-Unbound|100\/100\n|turn|12\n|\n|t:|1700687620\n|move|p2a: Shaymin|Air Slash|p1a: Hoopa\n|-damage|p1a: Hoopa|66\/100\n|cant|p1a: Hoopa|flinch\n|\n|upkeep\n|turn|13\n|\n|t:|1700687634\n|move|p2a: Shaymin|Air Slash|p1a: Hoopa\n|-damage|p1a: Hoopa|33\/100\n|cant|p1a: Hoopa|flinch\n|\n|upkeep\n|turn|14\n|c|\u2606Deathscythe57|die in a dumpster fire you ficking disgrace to humanity\n|-message|Deathscythe57 forfeited.\n|\n|win|TheWafflwz\n|raw|Deathscythe57's rating: 1114 &rarr; <strong>1083<\/strong><br \/>(-31 for losing)\n|raw|TheWafflwz's rating: 1031 &rarr; <strong>1075<\/strong><br \/>(+44 for winning)\n|l|\u2606Deathscythe57\n","uploadtime":1700687660,"views":0,"p1id":"deathscythe57","p2id":"thewafflwz","formatid":"gen9anythinggoes","rating":1075,"private":0,"password":""}