{"id":"gen9anythinggoes-1980099002","p1":"Janplayer","p2":"fletchermed","format":"[Gen 9] Anything Goes","log":"|j|\u2606Janplayer\n|j|\u2606fletchermed\n|t:|1698757098\n|gametype|singles\n|player|p1|Janplayer|pokekid|1176\n|player|p2|fletchermed|maid|1271\n|teamsize|p1|6\n|teamsize|p2|6\n|gen|9\n|tier|[Gen 9] Anything Goes\n|rated|\n|rule|HP Percentage Mod: HP is shown in percentages\n|rule|Endless Battle Clause: Forcing endless battles is banned\n|clearpoke\n|poke|p1|Drifblim, F|\n|poke|p1|Miraidon|\n|poke|p1|Espathra, F|\n|poke|p1|Maushold-Four|\n|poke|p1|Koraidon|\n|poke|p1|Hatterene, F|\n|poke|p2|Fezandipiti, M|\n|poke|p2|Gliscor, F|\n|poke|p2|Blissey, F|\n|poke|p2|Dondozo, M|\n|poke|p2|Drifblim, M|\n|poke|p2|Eternatus|\n|teampreview\n|\n|t:|1698757111\n|start\n|switch|p1a: Drifblim|Drifblim, F|100\/100\n|switch|p2a: \ud83e\uddcd\u200d\u2640\ufe0f|Drifblim, M|100\/100\n|turn|1\n|\n|t:|1698757118\n|move|p2a: \ud83e\uddcd\u200d\u2640\ufe0f|Minimize|p2a: \ud83e\uddcd\u200d\u2640\ufe0f\n|-boost|p2a: \ud83e\uddcd\u200d\u2640\ufe0f|evasion|2\n|move|p1a: Drifblim|Minimize|p1a: Drifblim\n|-boost|p1a: Drifblim|evasion|2\n|\n|upkeep\n|turn|2\n|\n|t:|1698757121\n|move|p2a: \ud83e\uddcd\u200d\u2640\ufe0f|Minimize|p2a: \ud83e\uddcd\u200d\u2640\ufe0f\n|-boost|p2a: \ud83e\uddcd\u200d\u2640\ufe0f|evasion|2\n|move|p1a: Drifblim|Minimize|p1a: Drifblim\n|-boost|p1a: Drifblim|evasion|2\n|\n|upkeep\n|turn|3\n|\n|t:|1698757124\n|move|p2a: \ud83e\uddcd\u200d\u2640\ufe0f|Minimize|p2a: \ud83e\uddcd\u200d\u2640\ufe0f\n|-boost|p2a: \ud83e\uddcd\u200d\u2640\ufe0f|evasion|2\n|move|p1a: Drifblim|Minimize|p1a: Drifblim\n|-boost|p1a: Drifblim|evasion|2\n|\n|upkeep\n|turn|4\n|\n|t:|1698757126\n|move|p2a: \ud83e\uddcd\u200d\u2640\ufe0f|Stockpile|p2a: \ud83e\uddcd\u200d\u2640\ufe0f\n|-start|p2a: \ud83e\uddcd\u200d\u2640\ufe0f|stockpile1\n|-boost|p2a: \ud83e\uddcd\u200d\u2640\ufe0f|def|1\n|-boost|p2a: \ud83e\uddcd\u200d\u2640\ufe0f|spd|1\n|move|p1a: Drifblim|Substitute|p1a: Drifblim\n|-start|p1a: Drifblim|Substitute\n|-damage|p1a: Drifblim|76\/100\n|\n|upkeep\n|turn|5\n|\n|t:|1698757133\n|move|p2a: \ud83e\uddcd\u200d\u2640\ufe0f|Stockpile|p2a: \ud83e\uddcd\u200d\u2640\ufe0f\n|-start|p2a: \ud83e\uddcd\u200d\u2640\ufe0f|stockpile2\n|-boost|p2a: \ud83e\uddcd\u200d\u2640\ufe0f|def|1\n|-boost|p2a: \ud83e\uddcd\u200d\u2640\ufe0f|spd|1\n|move|p1a: Drifblim|Baton Pass|p1a: Drifblim\n|\n|t:|1698757136\n|switch|p1a: Espathra|Espathra, F|100\/100|[from] Baton Pass\n|\n|upkeep\n|turn|6\n|\n|t:|1698757139\n|move|p1a: Espathra|Calm Mind|p1a: Espathra\n|-boost|p1a: Espathra|spa|1\n|-boost|p1a: Espathra|spd|1\n|move|p2a: \ud83e\uddcd\u200d\u2640\ufe0f|Stockpile|p2a: \ud83e\uddcd\u200d\u2640\ufe0f\n|-start|p2a: \ud83e\uddcd\u200d\u2640\ufe0f|stockpile3\n|-boost|p2a: \ud83e\uddcd\u200d\u2640\ufe0f|def|1\n|-boost|p2a: \ud83e\uddcd\u200d\u2640\ufe0f|spd|1\n|\n|-ability|p1a: Espathra|Speed Boost|boost\n|-boost|p1a: Espathra|spe|1\n|upkeep\n|turn|7\n|\n|t:|1698757145\n|move|p1a: Espathra|Calm Mind|p1a: Espathra\n|-boost|p1a: Espathra|spa|1\n|-boost|p1a: Espathra|spd|1\n|move|p2a: \ud83e\uddcd\u200d\u2640\ufe0f|Amnesia|p2a: \ud83e\uddcd\u200d\u2640\ufe0f\n|-boost|p2a: \ud83e\uddcd\u200d\u2640\ufe0f|spd|2\n|\n|-ability|p1a: Espathra|Speed Boost|boost\n|-boost|p1a: Espathra|spe|1\n|upkeep\n|turn|8\n|\n|t:|1698757147\n|move|p1a: Espathra|Calm Mind|p1a: Espathra\n|-boost|p1a: Espathra|spa|1\n|-boost|p1a: Espathra|spd|1\n|move|p2a: \ud83e\uddcd\u200d\u2640\ufe0f|Amnesia|p2a: \ud83e\uddcd\u200d\u2640\ufe0f\n|-boost|p2a: \ud83e\uddcd\u200d\u2640\ufe0f|spd|1\n|\n|-ability|p1a: Espathra|Speed Boost|boost\n|-boost|p1a: Espathra|spe|1\n|upkeep\n|turn|9\n|\n|t:|1698757151\n|move|p1a: Espathra|Calm Mind|p1a: Espathra\n|-boost|p1a: Espathra|spa|1\n|-boost|p1a: Espathra|spd|1\n|move|p2a: \ud83e\uddcd\u200d\u2640\ufe0f|Baton Pass|p2a: \ud83e\uddcd\u200d\u2640\ufe0f\n|\n|t:|1698757155\n|switch|p2a: \ud83d\udc4f|Dondozo, M|100\/100|[from] Baton Pass\n|\n|-ability|p1a: Espathra|Speed Boost|boost\n|-boost|p1a: Espathra|spe|1\n|upkeep\n|turn|10\n|\n|t:|1698757165\n|move|p1a: Espathra|Calm Mind|p1a: Espathra\n|-boost|p1a: Espathra|spa|1\n|-boost|p1a: Espathra|spd|1\n|move|p2a: \ud83d\udc4f|Curse|p2a: \ud83d\udc4f\n|-unboost|p2a: \ud83d\udc4f|spe|1\n|-boost|p2a: \ud83d\udc4f|atk|1\n|-boost|p2a: \ud83d\udc4f|def|1\n|\n|-ability|p1a: Espathra|Speed Boost|boost\n|-boost|p1a: Espathra|spe|1\n|upkeep\n|turn|11\n|inactive|Battle timer is ON: inactive players will automatically lose when time's up. (requested by fletchermed)\n|\n|t:|1698757185\n|move|p1a: Espathra|Calm Mind|p1a: Espathra\n|-boost|p1a: Espathra|spa|1\n|-boost|p1a: Espathra|spd|1\n|move|p2a: \ud83d\udc4f|Curse|p2a: \ud83d\udc4f\n|-unboost|p2a: \ud83d\udc4f|spe|1\n|-boost|p2a: \ud83d\udc4f|atk|1\n|-boost|p2a: \ud83d\udc4f|def|1\n|\n|-ability|p1a: Espathra|Speed Boost|boost\n|-boost|p1a: Espathra|spe|1\n|upkeep\n|turn|12\n|\n|t:|1698757191\n|move|p1a: Espathra|Stored Power|p2a: \ud83d\udc4f|[miss]\n|-miss|p1a: Espathra|p2a: \ud83d\udc4f\n|move|p2a: \ud83d\udc4f|Curse|p2a: \ud83d\udc4f\n|-unboost|p2a: \ud83d\udc4f|spe|1\n|-boost|p2a: \ud83d\udc4f|atk|1\n|-boost|p2a: \ud83d\udc4f|def|1\n|\n|upkeep\n|turn|13\n|\n|t:|1698757195\n|move|p1a: Espathra|Stored Power|p2a: \ud83d\udc4f|[miss]\n|-miss|p1a: Espathra|p2a: \ud83d\udc4f\n|move|p2a: \ud83d\udc4f|Curse|p2a: \ud83d\udc4f\n|-unboost|p2a: \ud83d\udc4f|spe|1\n|-boost|p2a: \ud83d\udc4f|atk|1\n|\n|upkeep\n|turn|14\n|\n|t:|1698757198\n|move|p1a: Espathra|Stored Power|p2a: \ud83d\udc4f\n|-damage|p2a: \ud83d\udc4f|62\/100\n|move|p2a: \ud83d\udc4f|Curse|p2a: \ud83d\udc4f\n|-unboost|p2a: \ud83d\udc4f|spe|1\n|-boost|p2a: \ud83d\udc4f|atk|1\n|\n|-heal|p2a: \ud83d\udc4f|68\/100|[from] item: Leftovers\n|upkeep\n|turn|15\n|\n|t:|1698757201\n|move|p1a: Espathra|Stored Power|p2a: \ud83d\udc4f|[miss]\n|-miss|p1a: Espathra|p2a: \ud83d\udc4f\n|move|p2a: \ud83d\udc4f|Curse|p2a: \ud83d\udc4f\n|-unboost|p2a: \ud83d\udc4f|spe|1\n|-boost|p2a: \ud83d\udc4f|atk|1\n|\n|-heal|p2a: \ud83d\udc4f|74\/100|[from] item: Leftovers\n|upkeep\n|turn|16\n|\n|t:|1698757204\n|move|p1a: Espathra|Stored Power|p2a: \ud83d\udc4f\n|-damage|p2a: \ud83d\udc4f|33\/100\n|move|p2a: \ud83d\udc4f|Liquidation|p1a: Espathra\n|-end|p1a: Espathra|Substitute\n|\n|-heal|p2a: \ud83d\udc4f|39\/100|[from] item: Leftovers\n|upkeep\n|turn|17\n|\n|t:|1698757208\n|move|p1a: Espathra|Stored Power|p2a: \ud83d\udc4f|[miss]\n|-miss|p1a: Espathra|p2a: \ud83d\udc4f\n|move|p2a: \ud83d\udc4f|Rest|p2a: \ud83d\udc4f\n|-status|p2a: \ud83d\udc4f|slp|[from] move: Rest\n|-heal|p2a: \ud83d\udc4f|100\/100 slp|[silent]\n|\n|upkeep\n|turn|18\n|\n|t:|1698757211\n|move|p1a: Espathra|Stored Power|p2a: \ud83d\udc4f|[miss]\n|-miss|p1a: Espathra|p2a: \ud83d\udc4f\n|cant|p2a: \ud83d\udc4f|slp\n|move|p2a: \ud83d\udc4f|Sleep Talk|p2a: \ud83d\udc4f\n|move|p2a: \ud83d\udc4f|Rest||[from]move: Sleep Talk|[still]\n|-fail|p2a: \ud83d\udc4f\n|\n|upkeep\n|turn|19\n|\n|t:|1698757217\n|move|p1a: Espathra|Stored Power|p2a: \ud83d\udc4f|[miss]\n|-miss|p1a: Espathra|p2a: \ud83d\udc4f\n|cant|p2a: \ud83d\udc4f|slp\n|move|p2a: \ud83d\udc4f|Sleep Talk|p2a: \ud83d\udc4f\n|move|p2a: \ud83d\udc4f|Rest||[from]move: Sleep Talk|[still]\n|-fail|p2a: \ud83d\udc4f\n|\n|upkeep\n|turn|20\n|inactive|Janplayer has 120 seconds left.\n|\n|t:|1698757269\n|move|p1a: Espathra|Stored Power|p2a: \ud83d\udc4f\n|-damage|p2a: \ud83d\udc4f|62\/100 slp\n|-curestatus|p2a: \ud83d\udc4f|slp|[msg]\n|move|p2a: \ud83d\udc4f|Sleep Talk||[still]\n|-fail|p2a: \ud83d\udc4f\n|\n|-heal|p2a: \ud83d\udc4f|69\/100|[from] item: Leftovers\n|upkeep\n|turn|21\n|\n|t:|1698757277\n|move|p1a: Espathra|Baton Pass|p1a: Espathra\n|\n|t:|1698757280\n|switch|p1a: Miraidon|Miraidon|100\/100|[from] Baton Pass\n|-fieldstart|move: Electric Terrain|[from] ability: Hadron Engine|[of] p1a: Miraidon\n|move|p2a: \ud83d\udc4f|Liquidation|p1a: Miraidon\n|-resisted|p1a: Miraidon\n|-damage|p1a: Miraidon|43\/100\n|\n|-heal|p2a: \ud83d\udc4f|75\/100|[from] item: Leftovers\n|upkeep\n|turn|22\n|inactive|Janplayer has 120 seconds left.\n|\n|t:|1698757290\n|move|p1a: Miraidon|Electro Drift|p2a: \ud83d\udc4f\n|-supereffective|p2a: \ud83d\udc4f\n|-damage|p2a: \ud83d\udc4f|30\/100\n|move|p2a: \ud83d\udc4f|Liquidation|p1a: Miraidon\n|-resisted|p1a: Miraidon\n|-damage|p1a: Miraidon|0 fnt\n|faint|p1a: Miraidon\n|\n|-heal|p2a: \ud83d\udc4f|36\/100|[from] item: Leftovers\n|upkeep\n|inactive|Janplayer has 120 seconds left.\n|\n|t:|1698757296\n|switch|p1a: Maushold|Maushold-Four|100\/100\n|turn|23\n|\n|t:|1698757299\n|move|p1a: Maushold|Bite|p2a: \ud83d\udc4f|[miss]\n|-miss|p1a: Maushold|p2a: \ud83d\udc4f\n|move|p2a: \ud83d\udc4f|Rest||[still]\n|-activate|p2a: \ud83d\udc4f|move: Electric Terrain\n|-fail|p2a: \ud83d\udc4f\n|\n|-heal|p2a: \ud83d\udc4f|43\/100|[from] item: Leftovers\n|upkeep\n|turn|24\n|\n|t:|1698757311\n|move|p1a: Maushold|Population Bomb|p2a: \ud83d\udc4f|[miss]\n|-miss|p1a: Maushold|p2a: \ud83d\udc4f\n|move|p2a: \ud83d\udc4f|Liquidation|p1a: Maushold\n|-damage|p1a: Maushold|0 fnt\n|faint|p1a: Maushold\n|\n|-heal|p2a: \ud83d\udc4f|49\/100|[from] item: Leftovers\n|upkeep\n|\n|t:|1698757314\n|switch|p1a: Drifblim|Drifblim, F|76\/100\n|turn|25\n|\n|t:|1698757320\n|move|p1a: Drifblim|Air Slash|p2a: \ud83d\udc4f\n|-crit|p2a: \ud83d\udc4f\n|-damage|p2a: \ud83d\udc4f|24\/100\n|move|p2a: \ud83d\udc4f|Liquidation|p1a: Drifblim\n|-damage|p1a: Drifblim|0 fnt\n|faint|p1a: Drifblim\n|\n|-heal|p2a: \ud83d\udc4f|30\/100|[from] item: Leftovers\n|-fieldend|move: Electric Terrain\n|upkeep\n|\n|t:|1698757325\n|switch|p1a: Espathra|Espathra, F|100\/100\n|turn|26\n|\n|t:|1698757329\n|switch|p1a: Hatterene|Hatterene, F, shiny|100\/100\n|move|p2a: \ud83d\udc4f|Rest|p2a: \ud83d\udc4f\n|-status|p2a: \ud83d\udc4f|slp|[from] move: Rest\n|-heal|p2a: \ud83d\udc4f|100\/100 slp|[silent]\n|\n|upkeep\n|turn|27\n|\n|t:|1698757334\n|move|p1a: Hatterene|Dazzling Gleam|p2a: \ud83d\udc4f|[miss]\n|-miss|p1a: Hatterene|p2a: \ud83d\udc4f\n|cant|p2a: \ud83d\udc4f|slp\n|move|p2a: \ud83d\udc4f|Sleep Talk|p2a: \ud83d\udc4f\n|move|p2a: \ud83d\udc4f|Liquidation|p1a: Hatterene|[from]move: Sleep Talk\n|-damage|p1a: Hatterene|0 fnt\n|faint|p1a: Hatterene\n|\n|upkeep\n|-message|Janplayer forfeited.\n|\n|win|fletchermed\n|raw|Janplayer's rating: 1176 &rarr; <strong>1158<\/strong><br \/>(-18 for losing)\n|raw|fletchermed's rating: 1271 &rarr; <strong>1289<\/strong><br \/>(+18 for winning)\n|l|\u2606Janplayer\n","uploadtime":1698757343,"views":3,"p1id":"janplayer","p2id":"fletchermed","formatid":"gen9anythinggoes","rating":1158,"private":0,"password":""}