{"id":"gen9anythinggoes-1977271533","p1":"Catsa","p2":"Hzozv","format":"[Gen 9] Anything Goes","log":"|j|\u2606Catsa\n|j|\u2606Hzozv\n|t:|1698397290\n|gametype|singles\n|player|p1|Catsa|kimonogirl|1324\n|player|p2|Hzozv|lusamine-nihilego|1449\n|teamsize|p1|6\n|teamsize|p2|6\n|gen|9\n|tier|[Gen 9] Anything Goes\n|rated|\n|rule|HP Percentage Mod: HP is shown in percentages\n|rule|Endless Battle Clause: Forcing endless battles is banned\n|clearpoke\n|poke|p1|Gliscor, F|\n|poke|p1|Blissey, F|\n|poke|p1|Slowbro, M|\n|poke|p1|Toxapex, F|\n|poke|p1|Meowscarada, M|\n|poke|p1|Flutter Mane|\n|poke|p2|Gliscor, M|\n|poke|p2|Mew|\n|poke|p2|Drifblim, F|\n|poke|p2|Espeon, M|\n|poke|p2|Calyrex-Shadow|\n|poke|p2|Krookodile, F|\n|teampreview\n|inactive|Battle timer is ON: inactive players will automatically lose when time's up. (requested by Hzozv)\n|\n|t:|1698397295\n|start\n|switch|p1a: Meowscarada|Meowscarada, M|100\/100\n|switch|p2a: Drifblim|Drifblim, F|100\/100\n|turn|1\n|\n|t:|1698397300\n|-terastallize|p2a: Drifblim|Dragon\n|move|p1a: Meowscarada|Knock Off|p2a: Drifblim\n|-start|p1a: Meowscarada|typechange|Dark|[from] ability: Protean\n|-damage|p2a: Drifblim|63\/100\n|-enditem|p2a: Drifblim|Sitrus Berry|[from] move: Knock Off|[of] p1a: Meowscarada\n|move|p2a: Drifblim|Substitute|p2a: Drifblim\n|-start|p2a: Drifblim|Substitute\n|-damage|p2a: Drifblim|38\/100\n|\n|upkeep\n|turn|2\n|\n|t:|1698397314\n|move|p2a: Drifblim|Minimize|p2a: Drifblim\n|-boost|p2a: Drifblim|evasion|2\n|move|p1a: Meowscarada|U-turn|p2a: Drifblim\n|-activate|p2a: Drifblim|move: Substitute|[damage]\n|\n|t:|1698397319\n|switch|p1a: Flutter Mane|Flutter Mane|100\/100|[from] U-turn\n|\n|upkeep\n|turn|3\n|\n|t:|1698397327\n|move|p2a: Drifblim|Minimize|p2a: Drifblim\n|-boost|p2a: Drifblim|evasion|2\n|move|p1a: Flutter Mane|Moonblast|p2a: Drifblim|[miss]\n|-miss|p1a: Flutter Mane|p2a: Drifblim\n|\n|upkeep\n|turn|4\n|\n|t:|1698397334\n|-end|p1a: Flutter Mane|Protosynthesis|[silent]\n|switch|p1a: Meowscarada|Meowscarada, M|100\/100\n|move|p2a: Drifblim|Baton Pass|p2a: Drifblim\n|\n|t:|1698397339\n|switch|p2a: Gliscor|Gliscor, M|100\/100|[from] Baton Pass\n|\n|-status|p2a: Gliscor|tox|[from] item: Toxic Orb\n|upkeep\n|turn|5\n|\n|t:|1698397344\n|move|p1a: Meowscarada|Flower Trick|p2a: Gliscor\n|-start|p1a: Meowscarada|typechange|Grass|[from] ability: Protean\n|-crit|p2a: Gliscor\n|-end|p2a: Gliscor|Substitute\n|move|p2a: Gliscor|Agility|p2a: Gliscor\n|-boost|p2a: Gliscor|spe|2\n|\n|upkeep\n|turn|6\n|\n|t:|1698397366\n|move|p2a: Gliscor|Substitute|p2a: Gliscor\n|-start|p2a: Gliscor|Substitute\n|-damage|p2a: Gliscor|76\/100 tox\n|move|p1a: Meowscarada|Flower Trick|p2a: Gliscor\n|-crit|p2a: Gliscor\n|-end|p2a: Gliscor|Substitute\n|\n|-heal|p2a: Gliscor|88\/100 tox|[from] ability: Poison Heal\n|upkeep\n|turn|7\n|\n|t:|1698397376\n|move|p2a: Gliscor|Agility|p2a: Gliscor\n|-boost|p2a: Gliscor|spe|2\n|move|p1a: Meowscarada|Flower Trick|p2a: Gliscor\n|-crit|p2a: Gliscor\n|-damage|p2a: Gliscor|46\/100 tox\n|\n|-heal|p2a: Gliscor|58\/100 tox|[from] ability: Poison Heal\n|upkeep\n|turn|8\n|\n|t:|1698397388\n|move|p2a: Gliscor|Baton Pass|p2a: Gliscor\n|\n|t:|1698397390\n|switch|p2a: Drifblim|Drifblim, F, tera:Dragon|38\/100|[from] Baton Pass\n|move|p1a: Meowscarada|Flower Trick|p2a: Drifblim\n|-resisted|p2a: Drifblim\n|-crit|p2a: Drifblim\n|-damage|p2a: Drifblim|17\/100\n|\n|upkeep\n|turn|9\n|\n|t:|1698397397\n|move|p2a: Drifblim|Strength Sap|p1a: Meowscarada\n|-unboost|p1a: Meowscarada|atk|1\n|-heal|p2a: Drifblim|81\/100\n|move|p1a: Meowscarada|Flower Trick|p2a: Drifblim\n|-resisted|p2a: Drifblim\n|-crit|p2a: Drifblim\n|-damage|p2a: Drifblim|60\/100\n|\n|upkeep\n|turn|10\n|\n|t:|1698397406\n|switch|p1a: Toxapex|Toxapex, F|100\/100\n|move|p2a: Drifblim|Substitute|p2a: Drifblim\n|-start|p2a: Drifblim|Substitute\n|-damage|p2a: Drifblim|35\/100\n|\n|upkeep\n|turn|11\n|\n|t:|1698397415\n|move|p2a: Drifblim|Baton Pass|p2a: Drifblim\n|\n|t:|1698397419\n|switch|p2a: Gliscor|Gliscor, M|58\/100 tox|[from] Baton Pass\n|move|p1a: Toxapex|Haze|p1a: Toxapex\n|-clearallboost\n|\n|-heal|p2a: Gliscor|70\/100 tox|[from] ability: Poison Heal\n|upkeep\n|turn|12\n|\n|t:|1698397430\n|switch|p1a: Slowbro|Slowbro, M|100\/100\n|move|p2a: Gliscor|Agility|p2a: Gliscor\n|-boost|p2a: Gliscor|spe|2\n|\n|-heal|p2a: Gliscor|83\/100 tox|[from] ability: Poison Heal\n|upkeep\n|turn|13\n|\n|t:|1698397438\n|move|p2a: Gliscor|Taunt|p1a: Slowbro\n|-start|p1a: Slowbro|move: Taunt\n|move|p1a: Slowbro|Scald|p2a: Gliscor\n|-supereffective|p2a: Gliscor\n|-end|p2a: Gliscor|Substitute\n|\n|-heal|p2a: Gliscor|95\/100 tox|[from] ability: Poison Heal\n|upkeep\n|turn|14\n|\n|t:|1698397447\n|move|p2a: Gliscor|Baton Pass|p2a: Gliscor\n|\n|t:|1698397449\n|switch|p2a: Mew|Mew|100\/100|[from] Baton Pass\n|move|p1a: Slowbro|Scald|p2a: Mew\n|-damage|p2a: Mew|79\/100\n|\n|-heal|p2a: Mew|85\/100|[from] item: Leftovers\n|upkeep\n|turn|15\n|\n|t:|1698397458\n|switch|p1a: Meowscarada|Meowscarada, M|100\/100\n|move|p2a: Mew|Calm Mind|p2a: Mew\n|-boost|p2a: Mew|spa|1\n|-boost|p2a: Mew|spd|1\n|\n|-heal|p2a: Mew|91\/100|[from] item: Leftovers\n|upkeep\n|turn|16\n|\n|t:|1698397467\n|move|p2a: Mew|Bulk Up|p2a: Mew\n|-boost|p2a: Mew|atk|1\n|-boost|p2a: Mew|def|1\n|move|p1a: Meowscarada|Knock Off|p2a: Mew\n|-start|p1a: Meowscarada|typechange|Dark|[from] ability: Protean\n|-supereffective|p2a: Mew\n|-damage|p2a: Mew|45\/100\n|-enditem|p2a: Mew|Leftovers|[from] move: Knock Off|[of] p1a: Meowscarada\n|\n|upkeep\n|turn|17\n|\n|t:|1698397478\n|move|p2a: Mew|Baton Pass|p2a: Mew\n|\n|t:|1698397480\n|switch|p2a: Gliscor|Gliscor, M|95\/100 tox|[from] Baton Pass\n|move|p1a: Meowscarada|Flower Trick|p2a: Gliscor\n|-crit|p2a: Gliscor\n|-damage|p2a: Gliscor|67\/100 tox\n|\n|-heal|p2a: Gliscor|79\/100 tox|[from] ability: Poison Heal\n|upkeep\n|turn|18\n|\n|t:|1698397489\n|switch|p1a: Toxapex|Toxapex, F|100\/100\n|move|p2a: Gliscor|Agility|p2a: Gliscor\n|-boost|p2a: Gliscor|spe|2\n|\n|-heal|p2a: Gliscor|91\/100 tox|[from] ability: Poison Heal\n|upkeep\n|turn|19\n|\n|t:|1698397497\n|move|p2a: Gliscor|Taunt|p1a: Toxapex\n|-start|p1a: Toxapex|move: Taunt\n|cant|p1a: Toxapex|move: Taunt|Haze\n|\n|-heal|p2a: Gliscor|100\/100 tox|[from] ability: Poison Heal\n|upkeep\n|turn|20\n|-message|Catsa forfeited.\n|\n|win|Hzozv\n|raw|Catsa's rating: 1324 &rarr; <strong>1311<\/strong><br \/>(-13 for losing)\n|raw|Hzozv's rating: 1449 &rarr; <strong>1462<\/strong><br \/>(+13 for winning)\n|l|\u2606Catsa\n","uploadtime":1698397511,"views":6,"p1id":"catsa","p2id":"hzozv","formatid":"gen9anythinggoes","rating":1311,"private":0,"password":""}