{"id":"gen9anythinggoes-1986372608","p1":"Leafeon2009","p2":"setharonishiny","format":"[Gen 9] Anything Goes","log":"|j|\u2606Leafeon2009\n|j|\u2606setharonishiny\n|t:|1699473326\n|gametype|singles\n|player|p1|Leafeon2009|hilbert|1073\n|player|p2|setharonishiny|salvatore|1183\n|teamsize|p1|6\n|teamsize|p2|6\n|gen|9\n|tier|[Gen 9] Anything Goes\n|rated|\n|rule|HP Percentage Mod: HP is shown in percentages\n|rule|Endless Battle Clause: Forcing endless battles is banned\n|clearpoke\n|poke|p1|Roaring Moon|\n|poke|p1|Iron Hands|\n|poke|p1|Ceruledge, F|\n|poke|p1|Dachsbun, M|\n|poke|p1|Veluza, F|\n|poke|p1|Leafeon, M|\n|poke|p2|Gliscor, F|\n|poke|p2|Empoleon, M|\n|poke|p2|Mesprit|\n|poke|p2|Houndstone, M|\n|poke|p2|Drifblim, M|\n|poke|p2|Lucario, M|\n|teampreview\n|inactive|Battle timer is ON: inactive players will automatically lose when time's up. (requested by setharonishiny)\n|\n|t:|1699473352\n|start\n|switch|p1a: Blade|Leafeon, M, shiny|100\/100\n|switch|p2a: Cloud|Drifblim, M, shiny|100\/100\n|turn|1\n|c|\u2606setharonishiny|rainbow\n|\n|t:|1699473365\n|move|p1a: Blade|Sunny Day|p1a: Blade\n|-weather|SunnyDay\n|move|p2a: Cloud|Minimize|p2a: Cloud\n|-boost|p2a: Cloud|evasion|2\n|\n|-weather|SunnyDay|[upkeep]\n|upkeep\n|turn|2\n|\n|t:|1699473380\n|switch|p1a: Draco|Roaring Moon, shiny|100\/100\n|-activate|p1a: Draco|ability: Protosynthesis\n|-start|p1a: Draco|protosynthesisatk\n|move|p2a: Cloud|Minimize|p2a: Cloud\n|-boost|p2a: Cloud|evasion|2\n|\n|-weather|SunnyDay|[upkeep]\n|upkeep\n|turn|3\n|\n|t:|1699473390\n|move|p1a: Draco|Crunch|p2a: Cloud\n|-supereffective|p2a: Cloud\n|-damage|p2a: Cloud|0 fnt\n|faint|p2a: Cloud\n|\n|-weather|SunnyDay|[upkeep]\n|upkeep\n|\n|t:|1699473397\n|switch|p2a: Cobalt|Lucario, M, shiny|100\/100\n|turn|4\n|\n|t:|1699473417\n|-end|p1a: Draco|Protosynthesis|[silent]\n|switch|p1a: Spirit|Ceruledge, F, shiny|100\/100\n|move|p2a: Cobalt|Aura Sphere|p1a: Spirit\n|-immune|p1a: Spirit\n|\n|-weather|SunnyDay|[upkeep]\n|upkeep\n|turn|5\n|\n|t:|1699473429\n|switch|p2a: Crown|Empoleon, M, shiny|100\/100\n|move|p1a: Spirit|Bitter Blade|p2a: Crown\n|-damage|p2a: Crown|7\/100\n|-damage|p1a: Spirit|91\/100|[from] item: Life Orb\n|\n|-weather|none\n|upkeep\n|turn|6\n|\n|t:|1699473444\n|move|p1a: Spirit|Shadow Sneak|p2a: Crown\n|-damage|p2a: Crown|0 fnt\n|faint|p2a: Crown\n|-damage|p1a: Spirit|81\/100|[from] item: Life Orb\n|\n|upkeep\n|\n|t:|1699473452\n|switch|p2a: Jetpack|Gliscor, F, shiny|100\/100\n|turn|7\n|\n|t:|1699473466\n|switch|p1a: Blade|Leafeon, M, shiny|100\/100\n|-terastallize|p2a: Jetpack|Water\n|move|p2a: Jetpack|Protect||[still]\n|-fail|p2a: Jetpack\n|\n|-status|p2a: Jetpack|tox|[from] item: Toxic Orb\n|upkeep\n|turn|8\n|\n|t:|1699473477\n|switch|p2a: Cobalt|Lucario, M, shiny|100\/100\n|move|p1a: Blade|Sunny Day|p1a: Blade\n|-weather|SunnyDay\n|\n|-weather|SunnyDay|[upkeep]\n|upkeep\n|turn|9\n|\n|t:|1699473488\n|switch|p1a: Spirit|Ceruledge, F, shiny|81\/100\n|move|p2a: Cobalt|Psychic|p1a: Spirit\n|-damage|p1a: Spirit|46\/100\n|\n|-weather|SunnyDay|[upkeep]\n|upkeep\n|turn|10\n|\n|t:|1699473498\n|move|p2a: Cobalt|Psychic|p1a: Spirit\n|-damage|p1a: Spirit|13\/100\n|move|p1a: Spirit|Bitter Blade|p2a: Cobalt\n|-supereffective|p2a: Cobalt\n|-crit|p2a: Cobalt\n|-damage|p2a: Cobalt|0 fnt\n|-heal|p1a: Spirit|61\/100|[from] drain|[of] p2a: Cobalt\n|faint|p2a: Cobalt\n|-damage|p1a: Spirit|51\/100|[from] item: Life Orb\n|\n|-weather|SunnyDay|[upkeep]\n|upkeep\n|\n|t:|1699473502\n|switch|p2a: Jetpack|Gliscor, F, shiny, tera:Water|100\/100 tox\n|turn|11\n|\n|t:|1699473515\n|move|p1a: Spirit|Solar Blade||[still]\n|-prepare|p1a: Spirit|Solar Blade\n|-anim|p1a: Spirit|Solar Blade|p2a: Jetpack\n|-supereffective|p2a: Jetpack\n|-damage|p2a: Jetpack|27\/100 tox\n|-damage|p1a: Spirit|41\/100|[from] item: Life Orb\n|move|p2a: Jetpack|Swords Dance|p2a: Jetpack\n|-boost|p2a: Jetpack|atk|2\n|\n|-weather|SunnyDay|[upkeep]\n|-heal|p2a: Jetpack|40\/100 tox|[from] ability: Poison Heal\n|upkeep\n|turn|12\n|\n|t:|1699473524\n|move|p2a: Jetpack|Protect|p2a: Jetpack\n|-singleturn|p2a: Jetpack|Protect\n|move|p1a: Spirit|Solar Blade||[still]\n|-prepare|p1a: Spirit|Solar Blade\n|-anim|p1a: Spirit|Solar Blade|p2a: Jetpack\n|-activate|p2a: Jetpack|move: Protect\n|\n|-weather|none\n|-heal|p2a: Jetpack|52\/100 tox|[from] ability: Poison Heal\n|upkeep\n|turn|13\n|\n|t:|1699473536\n|switch|p1a: Blade|Leafeon, M, shiny|100\/100\n|move|p2a: Jetpack|High Horsepower|p1a: Blade\n|-resisted|p1a: Blade\n|-damage|p1a: Blade|69\/100\n|\n|-heal|p1a: Blade|75\/100|[from] item: Leftovers\n|-heal|p2a: Jetpack|65\/100 tox|[from] ability: Poison Heal\n|upkeep\n|turn|14\n|\n|t:|1699473545\n|move|p1a: Blade|Sunny Day|p1a: Blade\n|-weather|SunnyDay\n|move|p2a: Jetpack|High Horsepower|p1a: Blade\n|-resisted|p1a: Blade\n|-damage|p1a: Blade|42\/100\n|\n|-weather|SunnyDay|[upkeep]\n|-heal|p1a: Blade|48\/100|[from] item: Leftovers\n|-heal|p2a: Jetpack|77\/100 tox|[from] ability: Poison Heal\n|upkeep\n|turn|15\n|\n|t:|1699473553\n|move|p1a: Blade|Synthesis|p1a: Blade\n|-heal|p1a: Blade|100\/100\n|move|p2a: Jetpack|High Horsepower|p1a: Blade\n|-resisted|p1a: Blade\n|-damage|p1a: Blade|68\/100\n|\n|-weather|SunnyDay|[upkeep]\n|-heal|p1a: Blade|74\/100|[from] item: Leftovers\n|-heal|p2a: Jetpack|90\/100 tox|[from] ability: Poison Heal\n|upkeep\n|turn|16\n|\n|t:|1699473562\n|move|p1a: Blade|Leaf Blade|p2a: Jetpack\n|-supereffective|p2a: Jetpack\n|-crit|p2a: Jetpack\n|-damage|p2a: Jetpack|16\/100 tox\n|move|p2a: Jetpack|Swords Dance|p2a: Jetpack\n|-boost|p2a: Jetpack|atk|2\n|\n|-weather|SunnyDay|[upkeep]\n|-heal|p1a: Blade|80\/100|[from] item: Leftovers\n|-heal|p2a: Jetpack|29\/100 tox|[from] ability: Poison Heal\n|upkeep\n|turn|17\n|\n|t:|1699473571\n|move|p2a: Jetpack|Protect|p2a: Jetpack\n|-singleturn|p2a: Jetpack|Protect\n|move|p1a: Blade|Leaf Blade|p2a: Jetpack\n|-activate|p2a: Jetpack|move: Protect\n|\n|-weather|SunnyDay|[upkeep]\n|-heal|p1a: Blade|86\/100|[from] item: Leftovers\n|-heal|p2a: Jetpack|41\/100 tox|[from] ability: Poison Heal\n|upkeep\n|turn|18\n|\n|t:|1699473579\n|move|p1a: Blade|Leaf Blade|p2a: Jetpack\n|-supereffective|p2a: Jetpack\n|-damage|p2a: Jetpack|0 fnt\n|faint|p2a: Jetpack\n|\n|-weather|none\n|-heal|p1a: Blade|92\/100|[from] item: Leftovers\n|upkeep\n|-message|setharonishiny forfeited.\n|\n|win|Leafeon2009\n|raw|Leafeon2009's rating: 1073 &rarr; <strong>1111<\/strong><br \/>(+38 for winning)\n|raw|setharonishiny's rating: 1183 &rarr; <strong>1150<\/strong><br \/>(-33 for losing)\n|l|\u2606setharonishiny\n|c|\u2606Leafeon2009|Gg\n","uploadtime":1699473598,"views":13,"p1id":"leafeon2009","p2id":"setharonishiny","formatid":"gen9anythinggoes","rating":1111,"private":0,"password":""}