{"id":"gen9anythinggoes-1974668703","p1":"fish esp","p2":"poulpws","format":"[Gen 9] Anything Goes","log":"|j|\u2606fish esp\n|j|\u2606poulpws\n|t:|1698108575\n|gametype|singles\n|player|p1|fish esp|maid|1174\n|player|p2|poulpws|janitor|1224\n|teamsize|p1|6\n|teamsize|p2|6\n|gen|9\n|tier|[Gen 9] Anything Goes\n|rated|\n|rule|HP Percentage Mod: HP is shown in percentages\n|rule|Endless Battle Clause: Forcing endless battles is banned\n|clearpoke\n|poke|p1|Fezandipiti, M|\n|poke|p1|Gliscor, M|\n|poke|p1|Blissey, F|\n|poke|p1|Dondozo, F|\n|poke|p1|Drifblim, F|\n|poke|p1|Eternatus|\n|poke|p2|Skeledirge, F|\n|poke|p2|Krookodile, F|\n|poke|p2|Sinistcha-Masterpiece|\n|poke|p2|Azumarill, F|\n|poke|p2|Gastrodon, F|\n|poke|p2|Revavroom, M|\n|teampreview\n|\n|t:|1698108583\n|start\n|switch|p1a: \ud83e\uddcd\u200d\u2640\ufe0f|Drifblim, F|100\/100\n|switch|p2a: Revavroom|Revavroom, M|100\/100\n|turn|1\n|\n|t:|1698108589\n|move|p1a: \ud83e\uddcd\u200d\u2640\ufe0f|Minimize|p1a: \ud83e\uddcd\u200d\u2640\ufe0f\n|-boost|p1a: \ud83e\uddcd\u200d\u2640\ufe0f|evasion|2\n|move|p2a: Revavroom|Shift Gear|p2a: Revavroom\n|-boost|p2a: Revavroom|spe|2\n|-boost|p2a: Revavroom|atk|1\n|\n|upkeep\n|turn|2\n|\n|t:|1698108598\n|move|p2a: Revavroom|Gunk Shot|p1a: \ud83e\uddcd\u200d\u2640\ufe0f\n|-resisted|p1a: \ud83e\uddcd\u200d\u2640\ufe0f\n|-damage|p1a: \ud83e\uddcd\u200d\u2640\ufe0f|39\/100\n|move|p1a: \ud83e\uddcd\u200d\u2640\ufe0f|Minimize|p1a: \ud83e\uddcd\u200d\u2640\ufe0f\n|-boost|p1a: \ud83e\uddcd\u200d\u2640\ufe0f|evasion|2\n|\n|upkeep\n|turn|3\n|\n|t:|1698108605\n|move|p2a: Revavroom|Iron Head|p1a: \ud83e\uddcd\u200d\u2640\ufe0f\n|-damage|p1a: \ud83e\uddcd\u200d\u2640\ufe0f|0 fnt\n|faint|p1a: \ud83e\uddcd\u200d\u2640\ufe0f\n|\n|upkeep\n|\n|t:|1698108609\n|switch|p1a: \ud83d\udc4f|Dondozo, F|100\/100\n|turn|4\n|\n|t:|1698108612\n|switch|p2a: Sinistcha|Sinistcha-Masterpiece|100\/100\n|move|p1a: \ud83d\udc4f|Curse|p1a: \ud83d\udc4f\n|-unboost|p1a: \ud83d\udc4f|spe|1\n|-boost|p1a: \ud83d\udc4f|atk|1\n|-boost|p1a: \ud83d\udc4f|def|1\n|\n|upkeep\n|turn|5\n|\n|t:|1698108622\n|move|p2a: Sinistcha|Matcha Gotcha|p1a: \ud83d\udc4f|[miss]\n|-miss|p2a: Sinistcha|p1a: \ud83d\udc4f\n|move|p1a: \ud83d\udc4f|Curse|p1a: \ud83d\udc4f\n|-unboost|p1a: \ud83d\udc4f|spe|1\n|-boost|p1a: \ud83d\udc4f|atk|1\n|-boost|p1a: \ud83d\udc4f|def|1\n|\n|upkeep\n|turn|6\n|\n|t:|1698108629\n|move|p2a: Sinistcha|Matcha Gotcha|p1a: \ud83d\udc4f|[miss]\n|-miss|p2a: Sinistcha|p1a: \ud83d\udc4f\n|move|p1a: \ud83d\udc4f|Liquidation|p2a: Sinistcha\n|-resisted|p2a: Sinistcha\n|-damage|p2a: Sinistcha|79\/100\n|\n|-heal|p2a: Sinistcha|85\/100|[from] item: Leftovers\n|upkeep\n|turn|7\n|\n|t:|1698108638\n|move|p2a: Sinistcha|Matcha Gotcha|p1a: \ud83d\udc4f\n|-supereffective|p1a: \ud83d\udc4f\n|-damage|p1a: \ud83d\udc4f|55\/100\n|-heal|p2a: Sinistcha|100\/100|[from] drain|[of] p1a: \ud83d\udc4f\n|move|p1a: \ud83d\udc4f|Curse|p1a: \ud83d\udc4f\n|-unboost|p1a: \ud83d\udc4f|spe|1\n|-boost|p1a: \ud83d\udc4f|atk|1\n|-boost|p1a: \ud83d\udc4f|def|1\n|\n|-heal|p1a: \ud83d\udc4f|61\/100|[from] item: Leftovers\n|upkeep\n|turn|8\n|\n|t:|1698108649\n|move|p2a: Sinistcha|Matcha Gotcha|p1a: \ud83d\udc4f\n|-supereffective|p1a: \ud83d\udc4f\n|-damage|p1a: \ud83d\udc4f|14\/100\n|move|p1a: \ud83d\udc4f|Rest|p1a: \ud83d\udc4f\n|-status|p1a: \ud83d\udc4f|slp|[from] move: Rest\n|-heal|p1a: \ud83d\udc4f|100\/100 slp|[silent]\n|\n|upkeep\n|turn|9\n|\n|t:|1698108657\n|move|p2a: Sinistcha|Calm Mind|p2a: Sinistcha\n|-boost|p2a: Sinistcha|spa|1\n|-boost|p2a: Sinistcha|spd|1\n|cant|p1a: \ud83d\udc4f|slp\n|move|p1a: \ud83d\udc4f|Sleep Talk|p1a: \ud83d\udc4f\n|move|p1a: \ud83d\udc4f|Curse|p1a: \ud83d\udc4f|[from]move: Sleep Talk\n|-unboost|p1a: \ud83d\udc4f|spe|1\n|-boost|p1a: \ud83d\udc4f|atk|1\n|-boost|p1a: \ud83d\udc4f|def|1\n|\n|upkeep\n|turn|10\n|\n|t:|1698108671\n|move|p2a: Sinistcha|Calm Mind|p2a: Sinistcha\n|-boost|p2a: Sinistcha|spa|1\n|-boost|p2a: Sinistcha|spd|1\n|cant|p1a: \ud83d\udc4f|slp\n|move|p1a: \ud83d\udc4f|Sleep Talk|p1a: \ud83d\udc4f\n|move|p1a: \ud83d\udc4f|Curse|p1a: \ud83d\udc4f|[from]move: Sleep Talk\n|-unboost|p1a: \ud83d\udc4f|spe|1\n|-boost|p1a: \ud83d\udc4f|atk|1\n|-boost|p1a: \ud83d\udc4f|def|1\n|\n|upkeep\n|turn|11\n|\n|t:|1698108682\n|move|p2a: Sinistcha|Matcha Gotcha|p1a: \ud83d\udc4f\n|-supereffective|p1a: \ud83d\udc4f\n|-damage|p1a: \ud83d\udc4f|58\/100 slp\n|-curestatus|p1a: \ud83d\udc4f|slp|[msg]\n|move|p1a: \ud83d\udc4f|Curse|p1a: \ud83d\udc4f\n|-unboost|p1a: \ud83d\udc4f|spe|1\n|-boost|p1a: \ud83d\udc4f|atk|1\n|-boost|p1a: \ud83d\udc4f|def|1\n|\n|-heal|p1a: \ud83d\udc4f|64\/100|[from] item: Leftovers\n|upkeep\n|turn|12\n|\n|t:|1698108693\n|move|p2a: Sinistcha|Matcha Gotcha|p1a: \ud83d\udc4f\n|-supereffective|p1a: \ud83d\udc4f\n|-damage|p1a: \ud83d\udc4f|22\/100\n|-status|p1a: \ud83d\udc4f|brn\n|move|p1a: \ud83d\udc4f|Rest|p1a: \ud83d\udc4f\n|-status|p1a: \ud83d\udc4f|slp|[from] move: Rest\n|-heal|p1a: \ud83d\udc4f|100\/100 slp|[silent]\n|\n|upkeep\n|turn|13\n|\n|t:|1698108703\n|move|p2a: Sinistcha|Matcha Gotcha|p1a: \ud83d\udc4f\n|-supereffective|p1a: \ud83d\udc4f\n|-damage|p1a: \ud83d\udc4f|55\/100 slp\n|cant|p1a: \ud83d\udc4f|slp\n|move|p1a: \ud83d\udc4f|Sleep Talk|p1a: \ud83d\udc4f\n|move|p1a: \ud83d\udc4f|Curse|p1a: \ud83d\udc4f|[from]move: Sleep Talk\n|\n|-heal|p1a: \ud83d\udc4f|61\/100 slp|[from] item: Leftovers\n|upkeep\n|turn|14\n|\n|t:|1698108713\n|move|p2a: Sinistcha|Matcha Gotcha|p1a: \ud83d\udc4f\n|-supereffective|p1a: \ud83d\udc4f\n|-damage|p1a: \ud83d\udc4f|20\/100 slp\n|cant|p1a: \ud83d\udc4f|slp\n|move|p1a: \ud83d\udc4f|Sleep Talk|p1a: \ud83d\udc4f\n|move|p1a: \ud83d\udc4f|Rest||[from]move: Sleep Talk|[still]\n|-fail|p1a: \ud83d\udc4f\n|\n|-heal|p1a: \ud83d\udc4f|26\/100 slp|[from] item: Leftovers\n|upkeep\n|turn|15\n|\n|t:|1698108725\n|move|p2a: Sinistcha|Matcha Gotcha|p1a: \ud83d\udc4f\n|-supereffective|p1a: \ud83d\udc4f\n|-damage|p1a: \ud83d\udc4f|0 fnt\n|faint|p1a: \ud83d\udc4f\n|\n|upkeep\n|\n|t:|1698108728\n|switch|p1a: \ud83d\uded2|Fezandipiti, M|100\/100\n|turn|16\n|\n|t:|1698108736\n|-terastallize|p2a: Sinistcha|Steel\n|move|p1a: \ud83d\uded2|Beat Up|p2a: Sinistcha\n|-damage|p2a: Sinistcha|97\/100\n|-damage|p2a: Sinistcha|94\/100\n|-damage|p2a: Sinistcha|93\/100\n|-damage|p2a: Sinistcha|90\/100\n|-hitcount|p2a: Sinistcha|4\n|move|p2a: Sinistcha|Calm Mind|p2a: Sinistcha\n|-boost|p2a: Sinistcha|spa|1\n|-boost|p2a: Sinistcha|spd|1\n|\n|-heal|p2a: Sinistcha|96\/100|[from] item: Leftovers\n|upkeep\n|turn|17\n|\n|t:|1698108749\n|move|p1a: \ud83d\uded2|Beat Up|p2a: Sinistcha\n|-damage|p2a: Sinistcha|93\/100\n|-damage|p2a: Sinistcha|89\/100\n|-damage|p2a: Sinistcha|88\/100\n|-damage|p2a: Sinistcha|85\/100\n|-hitcount|p2a: Sinistcha|4\n|cant|p2a: Sinistcha|flinch\n|\n|-heal|p2a: Sinistcha|91\/100|[from] item: Leftovers\n|upkeep\n|turn|18\n|\n|t:|1698108760\n|move|p1a: \ud83d\uded2|Beat Up|p2a: Sinistcha\n|-damage|p2a: Sinistcha|87\/100\n|-damage|p2a: Sinistcha|84\/100\n|-damage|p2a: Sinistcha|83\/100\n|-damage|p2a: Sinistcha|80\/100\n|-hitcount|p2a: Sinistcha|4\n|cant|p2a: Sinistcha|flinch\n|\n|-heal|p2a: Sinistcha|86\/100|[from] item: Leftovers\n|upkeep\n|turn|19\n|\n|t:|1698108771\n|move|p1a: \ud83d\uded2|Beat Up|p2a: Sinistcha\n|-damage|p2a: Sinistcha|83\/100\n|-damage|p2a: Sinistcha|80\/100\n|-damage|p2a: Sinistcha|79\/100\n|-damage|p2a: Sinistcha|76\/100\n|-hitcount|p2a: Sinistcha|4\n|move|p2a: Sinistcha|Strength Sap|p1a: \ud83d\uded2\n|-unboost|p1a: \ud83d\uded2|atk|1\n|-heal|p2a: Sinistcha|100\/100\n|\n|upkeep\n|turn|20\n|\n|t:|1698108784\n|switch|p1a: \ud83d\udee9|Blissey, F|100\/100\n|move|p2a: Sinistcha|Calm Mind|p2a: Sinistcha\n|-boost|p2a: Sinistcha|spa|1\n|-boost|p2a: Sinistcha|spd|1\n|\n|upkeep\n|turn|21\n|\n|t:|1698108793\n|move|p2a: Sinistcha|Matcha Gotcha|p1a: \ud83d\udee9\n|-damage|p1a: \ud83d\udee9|60\/100\n|-status|p1a: \ud83d\udee9|brn\n|move|p1a: \ud83d\udee9|Thunder|p2a: Sinistcha\n|-damage|p2a: Sinistcha|92\/100\n|-status|p2a: Sinistcha|par\n|\n|-heal|p1a: \ud83d\udee9|67\/100 brn|[from] item: Leftovers\n|-heal|p2a: Sinistcha|98\/100 par|[from] item: Leftovers\n|-damage|p1a: \ud83d\udee9|60\/100 brn|[from] brn\n|upkeep\n|turn|22\n|\n|t:|1698108806\n|move|p1a: \ud83d\udee9|Soft-Boiled|p1a: \ud83d\udee9\n|-heal|p1a: \ud83d\udee9|100\/100 brn\n|move|p2a: Sinistcha|Calm Mind|p2a: Sinistcha\n|-boost|p2a: Sinistcha|spa|1\n|-boost|p2a: Sinistcha|spd|1\n|\n|-heal|p2a: Sinistcha|100\/100 par|[from] item: Leftovers\n|-damage|p1a: \ud83d\udee9|94\/100 brn|[from] brn\n|upkeep\n|turn|23\n|\n|t:|1698108816\n|switch|p1a: \ud83d\udc68\u200d\ud83d\udcbb|Gliscor, M|100\/100\n|move|p2a: Sinistcha|Calm Mind|p2a: Sinistcha\n|-boost|p2a: Sinistcha|spa|1\n|-boost|p2a: Sinistcha|spd|1\n|\n|-status|p1a: \ud83d\udc68\u200d\ud83d\udcbb|tox|[from] item: Toxic Orb\n|upkeep\n|turn|24\n|\n|t:|1698108825\n|move|p1a: \ud83d\udc68\u200d\ud83d\udcbb|Earthquake|p2a: Sinistcha\n|-supereffective|p2a: Sinistcha\n|-damage|p2a: Sinistcha|54\/100 par\n|move|p2a: Sinistcha|Matcha Gotcha|p1a: \ud83d\udc68\u200d\ud83d\udcbb\n|-damage|p1a: \ud83d\udc68\u200d\ud83d\udcbb|0 fnt\n|-heal|p2a: Sinistcha|96\/100 par|[from] drain|[of] p1a: \ud83d\udc68\u200d\ud83d\udcbb\n|faint|p1a: \ud83d\udc68\u200d\ud83d\udcbb\n|\n|-heal|p2a: Sinistcha|100\/100 par|[from] item: Leftovers\n|upkeep\n|\n|t:|1698108835\n|switch|p1a: \ud83d\udee9|Blissey, F|94\/100 brn\n|turn|25\n|\n|t:|1698108840\n|move|p1a: \ud83d\udee9|Seismic Toss|p2a: Sinistcha\n|-damage|p2a: Sinistcha|72\/100 par\n|cant|p2a: Sinistcha|par\n|\n|-heal|p1a: \ud83d\udee9|100\/100 brn|[from] item: Leftovers\n|-heal|p2a: Sinistcha|78\/100 par|[from] item: Leftovers\n|-damage|p1a: \ud83d\udee9|94\/100 brn|[from] brn\n|upkeep\n|turn|26\n|\n|t:|1698108850\n|move|p1a: \ud83d\udee9|Seismic Toss|p2a: Sinistcha\n|-damage|p2a: Sinistcha|49\/100 par\n|move|p2a: Sinistcha|Matcha Gotcha|p1a: \ud83d\udee9\n|-damage|p1a: \ud83d\udee9|40\/100 brn\n|-heal|p2a: Sinistcha|100\/100 par|[from] drain|[of] p1a: \ud83d\udee9\n|\n|-heal|p1a: \ud83d\udee9|46\/100 brn|[from] item: Leftovers\n|-damage|p1a: \ud83d\udee9|40\/100 brn|[from] brn\n|upkeep\n|turn|27\n|\n|t:|1698108861\n|move|p1a: \ud83d\udee9|Soft-Boiled|p1a: \ud83d\udee9\n|-heal|p1a: \ud83d\udee9|90\/100 brn\n|move|p2a: Sinistcha|Matcha Gotcha|p1a: \ud83d\udee9\n|-damage|p1a: \ud83d\udee9|38\/100 brn\n|\n|-heal|p1a: \ud83d\udee9|44\/100 brn|[from] item: Leftovers\n|-damage|p1a: \ud83d\udee9|38\/100 brn|[from] brn\n|upkeep\n|turn|28\n|\n|t:|1698108870\n|move|p1a: \ud83d\udee9|Soft-Boiled|p1a: \ud83d\udee9\n|-heal|p1a: \ud83d\udee9|88\/100 brn\n|move|p2a: Sinistcha|Matcha Gotcha|p1a: \ud83d\udee9|[miss]\n|-miss|p2a: Sinistcha|p1a: \ud83d\udee9\n|\n|-heal|p1a: \ud83d\udee9|94\/100 brn|[from] item: Leftovers\n|-damage|p1a: \ud83d\udee9|88\/100 brn|[from] brn\n|upkeep\n|turn|29\n|\n|t:|1698108880\n|move|p1a: \ud83d\udee9|Seismic Toss|p2a: Sinistcha\n|-damage|p2a: Sinistcha|72\/100 par\n|move|p2a: Sinistcha|Matcha Gotcha|p1a: \ud83d\udee9\n|-damage|p1a: \ud83d\udee9|41\/100 brn\n|-heal|p2a: Sinistcha|100\/100 par|[from] drain|[of] p1a: \ud83d\udee9\n|\n|-heal|p1a: \ud83d\udee9|47\/100 brn|[from] item: Leftovers\n|-damage|p1a: \ud83d\udee9|41\/100 brn|[from] brn\n|upkeep\n|turn|30\n|-message|fish esp forfeited.\n|\n|win|poulpws\n|raw|fish esp's rating: 1174 &rarr; <strong>1153<\/strong><br \/>(-21 for losing)\n|raw|poulpws's rating: 1224 &rarr; <strong>1245<\/strong><br \/>(+21 for winning)\n|l|\u2606fish esp\n","uploadtime":1698108896,"views":10,"p1id":"fishesp","p2id":"poulpws","formatid":"gen9anythinggoes","rating":1153,"private":0,"password":""}