{"id":"gen9anythinggoes-1975544230","p1":"MelloBello","p2":"NoHopeNoJoy","format":"[Gen 9] Anything Goes","log":"|j|\u2606MelloBello\n|j|\u2606NoHopeNoJoy\n|t:|1698202987\n|gametype|singles\n|player|p1|MelloBello|102|1212\n|player|p2|NoHopeNoJoy|169|1057\n|teamsize|p1|6\n|teamsize|p2|6\n|gen|9\n|tier|[Gen 9] Anything Goes\n|rated|\n|rule|HP Percentage Mod: HP is shown in percentages\n|rule|Endless Battle Clause: Forcing endless battles is banned\n|clearpoke\n|poke|p1|Alomomola, M|\n|poke|p1|Calyrex-Shadow|\n|poke|p1|Volcarona, F|\n|poke|p1|Forretress, M|\n|poke|p1|Masquerain, M|\n|poke|p1|Iron Valiant|\n|poke|p2|Annihilape, M|\n|poke|p2|Snorlax, F|\n|poke|p2|Brambleghast, M|\n|poke|p2|Clefable, M|\n|poke|p2|Clefable, F|\n|poke|p2|Kleavor, F|\n|teampreview\n|inactive|Battle timer is ON: inactive players will automatically lose when time's up. (requested by NoHopeNoJoy)\n|\n|t:|1698202994\n|start\n|switch|p1a: Forretress|Forretress, M|100\/100\n|switch|p2a: Snorlax|Snorlax, F|100\/100\n|turn|1\n|\n|t:|1698203003\n|move|p1a: Forretress|Stealth Rock|p2a: Snorlax\n|-sidestart|p2: NoHopeNoJoy|move: Stealth Rock\n|move|p2a: Snorlax|Body Slam|p1a: Forretress\n|-resisted|p1a: Forretress\n|-damage|p1a: Forretress|84\/100\n|-status|p1a: Forretress|par\n|-damage|p2a: Snorlax|84\/100|[from] item: Rocky Helmet|[of] p1a: Forretress\n|\n|-heal|p2a: Snorlax|90\/100|[from] item: Leftovers\n|upkeep\n|turn|2\n|\n|t:|1698203013\n|switch|p2a: Brambleghast|Brambleghast, M|100\/100\n|move|p1a: Forretress|Toxic Spikes|p2a: Brambleghast\n|-sidestart|p2: NoHopeNoJoy|move: Toxic Spikes\n|\n|upkeep\n|turn|3\n|\n|t:|1698203020\n|move|p2a: Brambleghast|Disable|p1a: Forretress\n|-start|p1a: Forretress|Disable|Toxic Spikes\n|cant|p1a: Forretress|par\n|\n|upkeep\n|turn|4\n|\n|t:|1698203026\n|move|p2a: Brambleghast|Rapid Spin|p1a: Forretress\n|-resisted|p1a: Forretress\n|-damage|p1a: Forretress|80\/100 par\n|-boost|p2a: Brambleghast|spe|1\n|-damage|p2a: Brambleghast|84\/100|[from] item: Rocky Helmet|[of] p1a: Forretress\n|-sideend|p2: NoHopeNoJoy|Toxic Spikes|[from] move: Rapid Spin|[of] p2a: Brambleghast\n|-sideend|p2: NoHopeNoJoy|Stealth Rock|[from] move: Rapid Spin|[of] p2a: Brambleghast\n|move|p1a: Forretress|Spikes|p2a: Brambleghast\n|-sidestart|p2: NoHopeNoJoy|Spikes\n|\n|upkeep\n|turn|5\n|\n|t:|1698203037\n|switch|p1a: Iron Valiant|Iron Valiant|100\/100\n|-enditem|p1a: Iron Valiant|Booster Energy\n|-activate|p1a: Iron Valiant|ability: Quark Drive|[fromitem]\n|-start|p1a: Iron Valiant|quarkdrivespe\n|move|p2a: Brambleghast|Shadow Ball|p1a: Iron Valiant\n|-damage|p1a: Iron Valiant|48\/100\n|-unboost|p1a: Iron Valiant|spd|1\n|\n|upkeep\n|turn|6\n|\n|t:|1698203050\n|move|p1a: Iron Valiant|Fire Punch|p2a: Brambleghast\n|-supereffective|p2a: Brambleghast\n|-damage|p2a: Brambleghast|0 fnt\n|faint|p2a: Brambleghast\n|\n|upkeep\n|\n|t:|1698203054\n|switch|p2a: Clefable|Clefable, M|100\/100\n|turn|7\n|\n|t:|1698203060\n|-end|p1a: Iron Valiant|Quark Drive|[silent]\n|switch|p1a: Forretress|Forretress, M|80\/100 par\n|move|p2a: Clefable|Moonblast|p1a: Forretress\n|-resisted|p1a: Forretress\n|-damage|p1a: Forretress|54\/100 par\n|\n|upkeep\n|turn|8\n|\n|t:|1698203069\n|move|p2a: Clefable|Moonblast|p1a: Forretress\n|-resisted|p1a: Forretress\n|-damage|p1a: Forretress|30\/100 par\n|move|p1a: Forretress|Toxic Spikes|p2a: Clefable\n|-sidestart|p2: NoHopeNoJoy|move: Toxic Spikes\n|\n|upkeep\n|turn|9\n|\n|t:|1698203075\n|move|p2a: Clefable|Moonblast|p1a: Forretress\n|-resisted|p1a: Forretress\n|-damage|p1a: Forretress|3\/100 par\n|cant|p1a: Forretress|par\n|\n|upkeep\n|turn|10\n|\n|t:|1698203081\n|move|p2a: Clefable|Moonblast|p1a: Forretress\n|-resisted|p1a: Forretress\n|-damage|p1a: Forretress|0 fnt\n|faint|p1a: Forretress\n|\n|upkeep\n|\n|t:|1698203087\n|switch|p1a: Calyrex|Calyrex-Shadow|100\/100\n|-ability|p1a: Calyrex|As One\n|-ability|p1a: Calyrex|Unnerve\n|turn|11\n|\n|t:|1698203095\n|switch|p1a: Alomomola|Alomomola, M|100\/100\n|move|p2a: Clefable|Moonblast|p1a: Alomomola\n|-damage|p1a: Alomomola|62\/100\n|\n|upkeep\n|turn|12\n|\n|t:|1698203102\n|move|p2a: Clefable|Moonblast|p1a: Alomomola\n|-damage|p1a: Alomomola|22\/100\n|move|p1a: Alomomola|Wish|p1a: Alomomola\n|\n|upkeep\n|turn|13\n|\n|t:|1698203113\n|move|p2a: Clefable|Moonblast|p1a: Alomomola\n|-damage|p1a: Alomomola|0 fnt\n|faint|p1a: Alomomola\n|\n|upkeep\n|\n|t:|1698203118\n|switch|p1a: Masquerain|Masquerain, M|100\/100\n|-ability|p1a: Masquerain|Intimidate|boost\n|-unboost|p2a: Clefable|atk|1\n|turn|14\n|\n|t:|1698203125\n|switch|p2a: Snorlax|Snorlax, F|90\/100\n|-damage|p2a: Snorlax|78\/100|[from] Spikes\n|move|p1a: Masquerain|Whirlwind|p2a: Snorlax\n|drag|p2a: Clefable|Clefable, F|100\/100\n|-status|p2a: Clefable|psn\n|\n|upkeep\n|turn|15\n|\n|t:|1698203134\n|switch|p2a: Snorlax|Snorlax, F|78\/100\n|-damage|p2a: Snorlax|65\/100|[from] Spikes\n|move|p1a: Masquerain|Whirlwind|p2a: Snorlax\n|drag|p2a: Annihilape|Annihilape, M|100\/100\n|-damage|p2a: Annihilape|88\/100|[from] Spikes\n|-status|p2a: Annihilape|psn\n|\n|-heal|p2a: Annihilape|94\/100 psn|[from] item: Leftovers\n|-damage|p2a: Annihilape|82\/100 psn|[from] psn\n|upkeep\n|turn|16\n|c|\u2606NoHopeNoJoy|...\n|\n|t:|1698203147\n|move|p2a: Annihilape|Rage Fist|p1a: Masquerain\n|-damage|p1a: Masquerain|61\/100\n|move|p1a: Masquerain|Whirlwind|p2a: Annihilape\n|drag|p2a: Snorlax|Snorlax, F|65\/100\n|-damage|p2a: Snorlax|53\/100|[from] Spikes\n|\n|-heal|p2a: Snorlax|59\/100|[from] item: Leftovers\n|upkeep\n|turn|17\n|\n|t:|1698203157\n|move|p2a: Snorlax|Body Slam|p1a: Masquerain\n|-damage|p1a: Masquerain|0 fnt\n|faint|p1a: Masquerain\n|\n|-heal|p2a: Snorlax|65\/100|[from] item: Leftovers\n|upkeep\n|\n|t:|1698203164\n|switch|p1a: Calyrex|Calyrex-Shadow|100\/100\n|-ability|p1a: Calyrex|As One\n|-ability|p1a: Calyrex|Unnerve\n|turn|18\n|\n|t:|1698203173\n|move|p1a: Calyrex|Nasty Plot|p1a: Calyrex\n|-boost|p1a: Calyrex|spa|2\n|move|p2a: Snorlax|Crunch|p1a: Calyrex\n|-supereffective|p1a: Calyrex\n|-enditem|p1a: Calyrex|Focus Sash\n|-damage|p1a: Calyrex|1\/100\n|\n|-heal|p2a: Snorlax|71\/100|[from] item: Leftovers\n|upkeep\n|turn|19\n|\n|t:|1698203183\n|move|p1a: Calyrex|Giga Drain|p2a: Snorlax\n|-damage|p2a: Snorlax|28\/100\n|-heal|p1a: Calyrex|34\/100|[from] drain|[of] p2a: Snorlax\n|move|p2a: Snorlax|Crunch|p1a: Calyrex\n|-supereffective|p1a: Calyrex\n|-damage|p1a: Calyrex|0 fnt\n|faint|p1a: Calyrex\n|\n|-heal|p2a: Snorlax|34\/100|[from] item: Leftovers\n|upkeep\n|\n|t:|1698203193\n|switch|p1a: Volcarona|Volcarona, F, shiny|100\/100\n|turn|20\n|\n|t:|1698203201\n|move|p1a: Volcarona|Fiery Dance|p2a: Snorlax\n|-damage|p2a: Snorlax|7\/100\n|move|p2a: Snorlax|Body Slam|p1a: Volcarona\n|-damage|p1a: Volcarona|48\/100\n|\n|-heal|p2a: Snorlax|13\/100|[from] item: Leftovers\n|upkeep\n|turn|21\n|\n|t:|1698203209\n|move|p1a: Volcarona|Fiery Dance|p2a: Snorlax\n|-damage|p2a: Snorlax|0 fnt\n|faint|p2a: Snorlax\n|\n|upkeep\n|\n|t:|1698203212\n|switch|p2a: Kleavor|Kleavor, F|100\/100\n|-damage|p2a: Kleavor|88\/100|[from] Spikes\n|-status|p2a: Kleavor|psn\n|turn|22\n|\n|t:|1698203221\n|move|p2a: Kleavor|Stone Axe|p1a: Volcarona\n|-supereffective|p1a: Volcarona\n|-damage|p1a: Volcarona|0 fnt\n|-sidestart|p1: MelloBello|move: Stealth Rock\n|faint|p1a: Volcarona\n|\n|-damage|p2a: Kleavor|76\/100 psn|[from] psn\n|upkeep\n|\n|t:|1698203228\n|switch|p1a: Iron Valiant|Iron Valiant|48\/100\n|-damage|p1a: Iron Valiant|42\/100|[from] Stealth Rock\n|turn|23\n|-message|NoHopeNoJoy forfeited.\n|\n|win|MelloBello\n|raw|MelloBello's rating: 1212 &rarr; <strong>1227<\/strong><br \/>(+15 for winning)\n|raw|NoHopeNoJoy's rating: 1057 &rarr; <strong>1046<\/strong><br \/>(-11 for losing)\n|l|\u2606NoHopeNoJoy\n","uploadtime":1698203241,"views":19,"p1id":"mellobello","p2id":"nohopenojoy","formatid":"gen9anythinggoes","rating":1046,"private":0,"password":""}