{"id":"gen9anythinggoes-1984649665","p1":"AGisgood","p2":"pikatchouk 2","format":"[Gen 9] Anything Goes","log":"|j|\u2606AGisgood\n|j|\u2606pikatchouk 2\n|t:|1699287795\n|gametype|singles\n|player|p1|AGisgood|cynthia-masters|1740\n|player|p2|pikatchouk 2|169|1669\n|teamsize|p1|6\n|teamsize|p2|6\n|gen|9\n|tier|[Gen 9] Anything Goes\n|rated|\n|rule|HP Percentage Mod: HP is shown in percentages\n|rule|Endless Battle Clause: Forcing endless battles is banned\n|clearpoke\n|poke|p1|Arceus-Ground|\n|poke|p1|Arceus|\n|poke|p1|Calyrex-Shadow|\n|poke|p1|Zacian-*|\n|poke|p1|Ting-Lu|\n|poke|p1|Koraidon|\n|poke|p2|Miraidon|\n|poke|p2|Ting-Lu|\n|poke|p2|Calyrex-Shadow|\n|poke|p2|Toxapex, M|\n|poke|p2|Zacian-*|\n|poke|p2|Arceus|\n|teampreview\n|inactive|Battle timer is ON: inactive players will automatically lose when time's up. (requested by AGisgood)\n|\n|t:|1699287812\n|start\n|switch|p1a: Calyrex|Calyrex-Shadow|100\/100\n|switch|p2a: Toxapex|Toxapex, M|100\/100\n|-ability|p1a: Calyrex|As One\n|-ability|p1a: Calyrex|Unnerve\n|turn|1\n|\n|t:|1699287818\n|switch|p2a: Ting-Lu|Ting-Lu|100\/100\n|-ability|p2a: Ting-Lu|Vessel of Ruin\n|move|p1a: Calyrex|Nasty Plot|p1a: Calyrex\n|-boost|p1a: Calyrex|spa|2\n|\n|upkeep\n|turn|2\n|\n|t:|1699287826\n|move|p1a: Calyrex|Nasty Plot|p1a: Calyrex\n|-boost|p1a: Calyrex|spa|2\n|move|p2a: Ting-Lu|Whirlwind|p1a: Calyrex\n|drag|p1a: Arceus|Arceus-Ground|100\/100\n|\n|upkeep\n|turn|3\n|\n|t:|1699287849\n|move|p1a: Arceus|Will-O-Wisp|p2a: Ting-Lu|[miss]\n|-miss|p1a: Arceus|p2a: Ting-Lu\n|move|p2a: Ting-Lu|Ruination|p1a: Arceus\n|-damage|p1a: Arceus|50\/100\n|\n|upkeep\n|turn|4\n|inactive|pikatchouk 2 has 120 seconds left.\n|\n|t:|1699287876\n|switch|p2a: Arceus|Arceus|100\/100\n|move|p1a: Arceus|Recover|p1a: Arceus\n|-heal|p1a: Arceus|100\/100\n|\n|upkeep\n|turn|5\n|inactive|pikatchouk 2 has 120 seconds left.\n|\n|t:|1699287881\n|move|p1a: Arceus|Will-O-Wisp|p2a: Arceus\n|-status|p2a: Arceus|brn\n|move|p2a: Arceus|Taunt|p1a: Arceus\n|-start|p1a: Arceus|move: Taunt\n|\n|-damage|p2a: Arceus|94\/100 brn|[from] brn\n|upkeep\n|turn|6\n|inactive|pikatchouk 2 has 120 seconds left.\n|\n|t:|1699287896\n|move|p1a: Arceus|Judgment|p2a: Arceus\n|-damage|p2a: Arceus|58\/100 brn\n|move|p2a: Arceus|Swords Dance|p2a: Arceus\n|-boost|p2a: Arceus|atk|2\n|\n|-heal|p2a: Arceus|64\/100 brn|[from] item: Leftovers\n|-damage|p2a: Arceus|58\/100 brn|[from] brn\n|upkeep\n|turn|7\n|inactive|pikatchouk 2 has 120 seconds left.\n|\n|t:|1699287908\n|move|p2a: Arceus|Extreme Speed|p1a: Arceus\n|-damage|p1a: Arceus|74\/100\n|move|p1a: Arceus|Judgment|p2a: Arceus\n|-damage|p2a: Arceus|21\/100 brn\n|\n|-heal|p2a: Arceus|27\/100 brn|[from] item: Leftovers\n|-damage|p2a: Arceus|21\/100 brn|[from] brn\n|upkeep\n|turn|8\n|\n|t:|1699287918\n|switch|p2a: Zacian|Zacian-Crowned|100\/100\n|-ability|p2a: Zacian|Intrepid Sword|boost\n|-boost|p2a: Zacian|atk|1\n|move|p1a: Arceus|Judgment|p2a: Zacian\n|-supereffective|p2a: Zacian\n|-damage|p2a: Zacian|12\/100\n|\n|-end|p1a: Arceus|move: Taunt\n|upkeep\n|turn|9\n|\n|t:|1699287926\n|move|p2a: Zacian|Behemoth Blade|p1a: Arceus\n|-damage|p1a: Arceus|22\/100\n|move|p1a: Arceus|Ice Beam|p2a: Zacian\n|-resisted|p2a: Zacian\n|-damage|p2a: Zacian|1\/100\n|\n|upkeep\n|turn|10\n|\n|t:|1699287932\n|switch|p2a: Calyrex|Calyrex-Shadow|100\/100\n|-ability|p2a: Calyrex|As One\n|-ability|p2a: Calyrex|Unnerve\n|move|p1a: Arceus|Recover|p1a: Arceus\n|-heal|p1a: Arceus|72\/100\n|\n|upkeep\n|turn|11\n|inactive|pikatchouk 2 has 120 seconds left.\n|\n|t:|1699287962\n|switch|p1a: Arceus|Arceus|100\/100\n|move|p2a: Calyrex|Nasty Plot|p2a: Calyrex\n|-boost|p2a: Calyrex|spa|2\n|\n|upkeep\n|turn|12\n|inactive|pikatchouk 2 has 120 seconds left.\n|\n|t:|1699287975\n|-terastallize|p2a: Calyrex|Grass\n|move|p2a: Calyrex|Grass Knot|p1a: Arceus\n|-damage|p1a: Arceus|3\/100\n|move|p1a: Arceus|Shadow Claw|p2a: Calyrex\n|-crit|p2a: Calyrex\n|-damage|p2a: Calyrex|55\/100\n|\n|-heal|p1a: Arceus|9\/100|[from] item: Leftovers\n|upkeep\n|turn|13\n|inactive|pikatchouk 2 has 120 seconds left.\n|\n|t:|1699287985\n|move|p1a: Arceus|Extreme Speed|p2a: Calyrex\n|-damage|p2a: Calyrex|4\/100\n|move|p2a: Calyrex|Grass Knot|p1a: Arceus\n|-damage|p1a: Arceus|0 fnt\n|faint|p1a: Arceus\n|-ability|p2a: Calyrex|Grim Neigh|boost\n|-boost|p2a: Calyrex|spa|1\n|\n|upkeep\n|\n|t:|1699287990\n|switch|p1a: Koraidon|Koraidon|100\/100\n|-weather|SunnyDay|[from] ability: Orichalcum Pulse|[of] p1a: Koraidon\n|-activate|p1a: Koraidon|Orichalcum Pulse|[source]\n|turn|14\n|\n|t:|1699287996\n|move|p1a: Koraidon|U-turn|p2a: Calyrex\n|-supereffective|p2a: Calyrex\n|-damage|p2a: Calyrex|0 fnt\n|faint|p2a: Calyrex\n|\n|t:|1699288000\n|switch|p1a: Arceus|Arceus-Ground|72\/100|[from] U-turn\n|\n|-weather|SunnyDay|[upkeep]\n|upkeep\n|\n|t:|1699288011\n|switch|p2a: Zacian|Zacian-Crowned|1\/100\n|turn|15\n|\n|t:|1699288016\n|switch|p2a: Toxapex|Toxapex, M|100\/100\n|move|p1a: Arceus|Will-O-Wisp|p2a: Toxapex\n|-status|p2a: Toxapex|brn\n|\n|-weather|SunnyDay|[upkeep]\n|-damage|p2a: Toxapex|95\/100 brn|[from] brn\n|upkeep\n|turn|16\n|\n|t:|1699288028\n|move|p1a: Arceus|Judgment|p2a: Toxapex\n|-supereffective|p2a: Toxapex\n|-damage|p2a: Toxapex|9\/100 brn\n|move|p2a: Toxapex|Toxic Spikes|p1a: Arceus\n|-sidestart|p1: AGisgood|move: Toxic Spikes\n|\n|-weather|SunnyDay|[upkeep]\n|-damage|p2a: Toxapex|3\/100 brn|[from] brn\n|upkeep\n|turn|17\n|\n|t:|1699288035\n|move|p1a: Arceus|Ice Beam|p2a: Toxapex\n|-resisted|p2a: Toxapex\n|-damage|p2a: Toxapex|0 fnt\n|faint|p2a: Toxapex\n|\n|-weather|SunnyDay|[upkeep]\n|upkeep\n|\n|t:|1699288037\n|switch|p2a: Zacian|Zacian-Crowned|1\/100\n|turn|18\n|\n|t:|1699288040\n|move|p2a: Zacian|Behemoth Blade|p1a: Arceus\n|-damage|p1a: Arceus|38\/100\n|move|p1a: Arceus|Will-O-Wisp|p2a: Zacian\n|-status|p2a: Zacian|brn\n|\n|-weather|none\n|-damage|p2a: Zacian|0 fnt|[from] brn\n|faint|p2a: Zacian\n|upkeep\n|\n|t:|1699288044\n|switch|p2a: Miraidon|Miraidon|100\/100\n|-fieldstart|move: Electric Terrain|[from] ability: Hadron Engine|[of] p2a: Miraidon\n|turn|19\n|\n|t:|1699288051\n|switch|p1a: Zacian|Zacian-Crowned|100\/100\n|-ability|p1a: Zacian|Intrepid Sword|boost\n|-boost|p1a: Zacian|atk|1\n|move|p2a: Miraidon|Draco Meteor|p1a: Zacian\n|-immune|p1a: Zacian\n|\n|upkeep\n|turn|20\n|\n|t:|1699288056\n|switch|p2a: Arceus|Arceus|21\/100 brn\n|move|p1a: Zacian|Substitute|p1a: Zacian\n|-start|p1a: Zacian|Substitute\n|-damage|p1a: Zacian|76\/100\n|\n|-heal|p2a: Arceus|27\/100 brn|[from] item: Leftovers\n|-damage|p2a: Arceus|21\/100 brn|[from] brn\n|upkeep\n|turn|21\n|\n|t:|1699288059\n|move|p2a: Arceus|Extreme Speed|p1a: Zacian\n|-resisted|p1a: Zacian\n|-activate|p1a: Zacian|move: Substitute|[damage]\n|move|p1a: Zacian|Behemoth Blade|p2a: Arceus\n|-damage|p2a: Arceus|0 fnt\n|faint|p2a: Arceus\n|\n|upkeep\n|\n|t:|1699288062\n|switch|p2a: Ting-Lu|Ting-Lu|100\/100\n|-ability|p2a: Ting-Lu|Vessel of Ruin\n|turn|22\n|\n|t:|1699288065\n|move|p1a: Zacian|Play Rough|p2a: Ting-Lu\n|-supereffective|p2a: Ting-Lu\n|-damage|p2a: Ting-Lu|7\/100\n|move|p2a: Ting-Lu|Whirlwind|p1a: Zacian\n|drag|p1a: Calyrex|Calyrex-Shadow|100\/100\n|-ability|p1a: Calyrex|As One\n|-ability|p1a: Calyrex|Unnerve\n|\n|-heal|p2a: Ting-Lu|13\/100|[from] item: Leftovers\n|upkeep\n|turn|23\n|\n|t:|1699288071\n|move|p1a: Calyrex|Tera Blast|p2a: Ting-Lu\n|-damage|p2a: Ting-Lu|0 fnt\n|faint|p2a: Ting-Lu\n|-ability|p1a: Calyrex|Grim Neigh|boost\n|-boost|p1a: Calyrex|spa|1\n|\n|-fieldend|move: Electric Terrain\n|upkeep\n|\n|t:|1699288073\n|switch|p2a: Miraidon|Miraidon|100\/100\n|-fieldstart|move: Electric Terrain|[from] ability: Hadron Engine|[of] p2a: Miraidon\n|turn|24\n|-message|pikatchouk 2 forfeited.\n|\n|win|AGisgood\n|raw|AGisgood's rating: 1740 &rarr; <strong>1756<\/strong><br \/>(+16 for winning)\n|raw|pikatchouk 2's rating: 1669 &rarr; <strong>1653<\/strong><br \/>(-16 for losing)\n|l|\u2606pikatchouk 2\n|l|\u2606AGisgood\n","uploadtime":1699288197,"views":5,"p1id":"agisgood","p2id":"pikatchouk2","formatid":"gen9anythinggoes","rating":1653,"private":0,"password":""}