{"id":"gen9anythinggoes-1985516280","p1":"stwo22","p2":"gabbybabbyishawt","format":"[Gen 9] Anything Goes","log":"|j|\u2606stwo22\n|j|\u203dgabbybabbyishawt\n|t:|1699381075\n|gametype|singles\n|player|p1|stwo22|red|1000\n|player|p2|gabbybabbyishawt|102|1025\n|teamsize|p1|6\n|teamsize|p2|6\n|gen|9\n|tier|[Gen 9] Anything Goes\n|rated|\n|rule|HP Percentage Mod: HP is shown in percentages\n|rule|Endless Battle Clause: Forcing endless battles is banned\n|clearpoke\n|poke|p1|Greninja-*, M|\n|poke|p1|Garchomp, M|\n|poke|p1|Ceruledge, M|\n|poke|p1|Kingambit, F|\n|poke|p1|Sneasler, M|\n|poke|p1|Dragonite, M|\n|poke|p2|Wooper-Paldea, M|\n|poke|p2|Wooper-Paldea, M|\n|poke|p2|Wooper-Paldea, M|\n|poke|p2|Wooper-Paldea, F|\n|poke|p2|Wooper-Paldea, M|\n|poke|p2|Kingambit, M|\n|teampreview\n|c|\u2606stwo22|please no\n|\n|t:|1699381096\n|start\n|switch|p1a: Greninja|Greninja, M|100\/100\n|switch|p2a: Wooper|Wooper-Paldea, M|100\/100\n|turn|1\n|\n|t:|1699381107\n|move|p1a: Greninja|Waterfall|p2a: Wooper\n|-supereffective|p2a: Wooper\n|-damage|p2a: Wooper|1\/100\n|move|p2a: Wooper|Counter|p1a: Greninja\n|-damage|p1a: Greninja|0 fnt\n|faint|p1a: Greninja\n|\n|upkeep\n|\n|t:|1699381119\n|switch|p1a: Ceruledge|Ceruledge, M, shiny|100\/100\n|turn|2\n|\n|t:|1699381127\n|-terastallize|p1a: Ceruledge|Water\n|move|p1a: Ceruledge|Swords Dance|p1a: Ceruledge\n|-boost|p1a: Ceruledge|atk|2\n|move|p2a: Wooper|Earth Power|p1a: Ceruledge\n|-damage|p1a: Ceruledge|74\/100\n|-unboost|p1a: Ceruledge|spd|1\n|\n|upkeep\n|turn|3\n|\n|t:|1699381136\n|move|p1a: Ceruledge|Bitter Blade|p2a: Wooper\n|-damage|p2a: Wooper|0 fnt\n|-heal|p1a: Ceruledge|75\/100|[from] drain|[of] p2a: Wooper\n|faint|p2a: Wooper\n|\n|upkeep\n|\n|t:|1699381138\n|switch|p2a: Wooper|Wooper-Paldea, M|100\/100\n|turn|4\n|\n|t:|1699381144\n|move|p1a: Ceruledge|Tera Blast|p2a: Wooper|[anim] Tera Blast Water\n|-supereffective|p2a: Wooper\n|-enditem|p2a: Wooper|Focus Sash\n|-damage|p2a: Wooper|1\/100\n|move|p2a: Wooper|Counter|p1a: Ceruledge\n|-damage|p1a: Ceruledge|0 fnt\n|faint|p1a: Ceruledge\n|\n|upkeep\n|\n|t:|1699381148\n|switch|p1a: Garchomp|Garchomp, M|100\/100\n|turn|5\n|\n|t:|1699381152\n|move|p1a: Garchomp|Earthquake|p2a: Wooper\n|-supereffective|p2a: Wooper\n|-damage|p2a: Wooper|0 fnt\n|faint|p2a: Wooper\n|\n|upkeep\n|\n|t:|1699381171\n|switch|p2a: Wooper|Wooper-Paldea, M|100\/100\n|turn|6\n|\n|t:|1699381177\n|move|p1a: Garchomp|Swords Dance|p1a: Garchomp\n|-boost|p1a: Garchomp|atk|2\n|move|p2a: Wooper|Counter||[still]\n|-fail|p2a: Wooper\n|\n|upkeep\n|turn|7\n|\n|t:|1699381180\n|move|p1a: Garchomp|Earthquake|p2a: Wooper\n|-supereffective|p2a: Wooper\n|-crit|p2a: Wooper\n|-enditem|p2a: Wooper|Focus Sash\n|-damage|p2a: Wooper|1\/100\n|move|p2a: Wooper|Counter|p1a: Garchomp\n|-damage|p1a: Garchomp|0 fnt\n|-damage|p2a: Wooper|0 fnt|[from] ability: Rough Skin|[of] p1a: Garchomp\n|faint|p1a: Garchomp\n|faint|p2a: Wooper\n|\n|upkeep\n|\n|t:|1699381190\n|switch|p1a: Kingambit|Kingambit, F|100\/100\n|switch|p2a: Wooper|Wooper-Paldea, F|100\/100\n|turn|8\n|\n|t:|1699381196\n|switch|p1a: Sneasler|Sneasler, M|100\/100\n|-ability|p1a: Sneasler|Pressure\n|move|p2a: Wooper|Counter||[still]\n|-fail|p2a: Wooper\n|\n|upkeep\n|turn|9\n|\n|t:|1699381211\n|move|p1a: Sneasler|Counter||[still]\n|-fail|p1a: Sneasler\n|move|p2a: Wooper|Counter||[still]\n|-fail|p2a: Wooper\n|\n|upkeep\n|turn|10\n|l|\u203dgabbybabbyishawt\n|player|p2|\n|inactive|Battle timer is ON: inactive players will automatically lose when time's up. (requested by stwo22)\n|j|\u203dgabbybabbyishawt\n|inactive|gabbybabbyishawt reconnected and has 150 seconds left.\n|player|p2|gabbybabbyishawt|102\n|n|\u203dgabbybabbyishawt|gabbybabbyishawt\n|n|\u203dgabbybabbyishawt|gabbybabbyishawt\n|n|\u203dgabbybabbyishawt|gabbybabbyishawt\n|n|\u203dgabbybabbyishawt|gabbybabbyishawt\n|n|\u203dgabbybabbyishawt|gabbybabbyishawt\n|\n|t:|1699381256\n|move|p1a: Sneasler|Dire Claw|p2a: Wooper\n|-resisted|p2a: Wooper\n|-damage|p2a: Wooper|79\/100\n|-status|p2a: Wooper|par\n|move|p2a: Wooper|Counter|p1a: Sneasler\n|-damage|p1a: Sneasler|56\/100\n|\n|-heal|p1a: Sneasler|62\/100|[from] item: Leftovers\n|upkeep\n|turn|11\n|\n|t:|1699381265\n|move|p1a: Sneasler|Close Combat|p2a: Wooper\n|-resisted|p2a: Wooper\n|-damage|p2a: Wooper|16\/100 par\n|-unboost|p1a: Sneasler|def|1\n|-unboost|p1a: Sneasler|spd|1\n|move|p2a: Wooper|Counter|p1a: Sneasler\n|-damage|p1a: Sneasler|0 fnt\n|faint|p1a: Sneasler\n|\n|upkeep\n|\n|t:|1699381273\n|switch|p1a: Dragonite|Dragonite, M|100\/100\n|turn|12\n|\n|t:|1699381281\n|move|p1a: Dragonite|Ice Beam|p2a: Wooper\n|-supereffective|p2a: Wooper\n|-damage|p2a: Wooper|0 fnt\n|faint|p2a: Wooper\n|\n|upkeep\n|\n|t:|1699381285\n|switch|p2a: Wooper|Wooper-Paldea, M|100\/100\n|turn|13\n|\n|t:|1699381287\n|move|p1a: Dragonite|Ice Beam|p2a: Wooper\n|-supereffective|p2a: Wooper\n|-enditem|p2a: Wooper|Focus Sash\n|-damage|p2a: Wooper|1\/100\n|move|p2a: Wooper|Counter||[still]\n|-fail|p2a: Wooper\n|\n|upkeep\n|turn|14\n|\n|t:|1699381298\n|move|p1a: Dragonite|Ice Beam|p2a: Wooper\n|-supereffective|p2a: Wooper\n|-damage|p2a: Wooper|0 fnt\n|faint|p2a: Wooper\n|\n|upkeep\n|\n|t:|1699381300\n|switch|p2a: Kingambit|Kingambit, M, shiny|100\/100\n|-activate|p2a: Kingambit|ability: Supreme Overlord\n|-start|p2a: Kingambit|fallen5|[silent]\n|turn|15\n|\n|t:|1699381310\n|move|p2a: Kingambit|Sucker Punch|p1a: Dragonite\n|-damage|p1a: Dragonite|27\/100\n|move|p1a: Dragonite|Draco Meteor|p2a: Kingambit\n|-resisted|p2a: Kingambit\n|-damage|p2a: Kingambit|82\/100\n|-unboost|p1a: Dragonite|spa|2\n|\n|-heal|p1a: Dragonite|33\/100|[from] item: Leftovers\n|upkeep\n|turn|16\n|\n|t:|1699381315\n|move|p2a: Kingambit|Sucker Punch|p1a: Dragonite\n|-damage|p1a: Dragonite|0 fnt\n|faint|p1a: Dragonite\n|\n|upkeep\n|\n|t:|1699381320\n|switch|p1a: Kingambit|Kingambit, F|100\/100\n|turn|17\n|\n|t:|1699381325\n|-terastallize|p2a: Kingambit|Flying\n|move|p2a: Kingambit|Brick Break|p1a: Kingambit\n|-supereffective|p1a: Kingambit\n|-damage|p1a: Kingambit|0 fnt\n|faint|p1a: Kingambit\n|\n|win|gabbybabbyishawt\n|raw|stwo22's rating: 1000 &rarr; <strong>1000<\/strong><br \/>(+0 for losing)\n|raw|gabbybabbyishawt's rating: 1025 &rarr; <strong>1059<\/strong><br \/>(+34 for winning)\n|c|\u2606stwo22|gg\n","uploadtime":1699381340,"views":9,"p1id":"stwo22","p2id":"gabbybabbyishawt","formatid":"gen9anythinggoes","rating":1000,"private":0,"password":""}