{"id":"gen9anythinggoes-1972780028","p1":"TreBucet","p2":"we66","format":"[Gen 9] Anything Goes","log":"|j|\u2606TreBucet\n|j|\u2606we66\n|t:|1697893995\n|gametype|singles\n|player|p1|TreBucet|veteranf|1050\n|player|p2|we66|brycenman|1040\n|teamsize|p1|6\n|teamsize|p2|3\n|gen|9\n|tier|[Gen 9] Anything Goes\n|rated|\n|rule|HP Percentage Mod: HP is shown in percentages\n|rule|Endless Battle Clause: Forcing endless battles is banned\n|clearpoke\n|poke|p1|Calyrex-Shadow|\n|poke|p1|Regieleki|\n|poke|p1|Eternatus|\n|poke|p1|Zamazenta-*|\n|poke|p1|Groudon|\n|poke|p1|Jirachi|\n|poke|p2|Dragapult, M|\n|poke|p2|Haxorus, F|\n|poke|p2|Jolteon, F|\n|teampreview\n|\n|t:|1697894004\n|start\n|switch|p1a: Eternatus|Eternatus, shiny|100\/100\n|switch|p2a: Haxorus|Haxorus, F, shiny|100\/100\n|-ability|p1a: Eternatus|Pressure\n|turn|1\n|\n|t:|1697894012\n|-terastallize|p1a: Eternatus|Poison\n|move|p1a: Eternatus|Dynamax Cannon|p2a: Haxorus\n|-supereffective|p2a: Haxorus\n|-damage|p2a: Haxorus|0 fnt\n|faint|p2a: Haxorus\n|\n|upkeep\n|\n|t:|1697894021\n|switch|p2a: Jolteon|Jolteon, F, shiny|100\/100\n|turn|2\n|\n|t:|1697894025\n|move|p1a: Eternatus|Gunk Shot|p2a: Jolteon\n|-damage|p2a: Jolteon|18\/100\n|-status|p2a: Jolteon|psn\n|move|p2a: Jolteon|Double Kick|p1a: Eternatus\n|-resisted|p1a: Eternatus\n|-damage|p1a: Eternatus|97\/100\n|-resisted|p1a: Eternatus\n|-damage|p1a: Eternatus|95\/100\n|-hitcount|p1a: Eternatus|2\n|\n|-heal|p1a: Eternatus|100\/100|[from] item: Black Sludge\n|-damage|p2a: Jolteon|6\/100 psn|[from] psn\n|upkeep\n|turn|3\n|\n|t:|1697894039\n|switch|p1a: Jirachi|Jirachi, shiny|100\/100\n|move|p2a: Jolteon|Double Kick|p1a: Jirachi\n|-damage|p1a: Jirachi|95\/100\n|-damage|p1a: Jirachi|89\/100\n|-hitcount|p1a: Jirachi|2\n|\n|-damage|p2a: Jolteon|0 fnt|[from] psn\n|faint|p2a: Jolteon\n|upkeep\n|\n|t:|1697894053\n|switch|p2a: Dragapult|Dragapult, M, shiny|100\/100\n|turn|4\n|\n|t:|1697894060\n|move|p2a: Dragapult|Body Slam|p1a: Jirachi\n|-resisted|p1a: Jirachi\n|-damage|p1a: Jirachi|75\/100\n|move|p1a: Jirachi|Doom Desire|p2a: Dragapult\n|-start|p1a: Jirachi|Doom Desire\n|\n|upkeep\n|turn|5\n|\n|t:|1697894066\n|move|p2a: Dragapult|Body Slam|p1a: Jirachi\n|-resisted|p1a: Jirachi\n|-damage|p1a: Jirachi|62\/100\n|move|p1a: Jirachi|Cosmic Power|p1a: Jirachi\n|-boost|p1a: Jirachi|def|1\n|-boost|p1a: Jirachi|spd|1\n|\n|upkeep\n|turn|6\n|\n|t:|1697894073\n|move|p2a: Dragapult|Body Slam|p1a: Jirachi\n|-resisted|p1a: Jirachi\n|-damage|p1a: Jirachi|54\/100\n|-status|p1a: Jirachi|par\n|move|p1a: Jirachi|Cosmic Power|p1a: Jirachi\n|-boost|p1a: Jirachi|def|1\n|-boost|p1a: Jirachi|spd|1\n|\n|-end|p2a: Dragapult|move: Doom Desire\n|-damage|p2a: Dragapult|20\/100\n|upkeep\n|turn|7\n|\n|t:|1697894083\n|move|p2a: Dragapult|Body Slam|p1a: Jirachi\n|-resisted|p1a: Jirachi\n|-damage|p1a: Jirachi|47\/100 par\n|cant|p1a: Jirachi|par\n|\n|upkeep\n|turn|8\n|c|\u2606TreBucet|how did I not put in baton pass\n|c|\u2606TreBucet|woops\n|inactive|Battle timer is ON: inactive players will automatically lose when time's up. (requested by we66)\n|\n|t:|1697894103\n|switch|p1a: Zamazenta|Zamazenta|100\/100\n|-ability|p1a: Zamazenta|Dauntless Shield|boost\n|-boost|p1a: Zamazenta|def|1\n|move|p2a: Dragapult|Body Slam|p1a: Zamazenta\n|-damage|p1a: Zamazenta|82\/100\n|-status|p1a: Zamazenta|par\n|\n|-heal|p1a: Zamazenta|88\/100 par|[from] item: Leftovers\n|upkeep\n|turn|9\n|\n|t:|1697894126\n|move|p2a: Dragapult|Body Slam|p1a: Zamazenta\n|-damage|p1a: Zamazenta|68\/100 par\n|move|p1a: Zamazenta|Psychic Fangs|p2a: Dragapult\n|-damage|p2a: Dragapult|0 fnt\n|faint|p2a: Dragapult\n|\n|win|TreBucet\n|raw|TreBucet's rating: 1050 &rarr; <strong>1082<\/strong><br \/>(+32 for winning)\n|raw|we66's rating: 1040 &rarr; <strong>1024<\/strong><br \/>(-16 for losing)\n|c|\u2606TreBucet|gg\n|l|\u2606we66\n","uploadtime":1697894138,"views":5,"p1id":"trebucet","p2id":"we66","formatid":"gen9anythinggoes","rating":1024,"private":0,"password":""}