{"id":"gen9anythinggoes-1982084959","p1":"Jackatwar6","p2":"el daner","format":"[Gen 9] Anything Goes","log":"|j|\u2606Jackatwar6\n|j|\u2606el daner\n|t:|1698966308\n|gametype|singles\n|player|p1|Jackatwar6|ghetsis|1232\n|player|p2|el daner|hiker-gen4|1157\n|teamsize|p1|6\n|teamsize|p2|6\n|gen|9\n|tier|[Gen 9] Anything Goes\n|rated|\n|rule|HP Percentage Mod: HP is shown in percentages\n|rule|Endless Battle Clause: Forcing endless battles is banned\n|clearpoke\n|poke|p1|Sneasler, F|\n|poke|p1|Tsareena, F|\n|poke|p1|Calyrex-Shadow|\n|poke|p1|Corviknight, M|\n|poke|p1|Gliscor, F|\n|poke|p1|Samurott-Hisui, M|\n|poke|p2|Chandelure, F|\n|poke|p2|Milotic, M|\n|poke|p2|Garchomp, M|\n|poke|p2|Trevenant, M|\n|poke|p2|Sylveon, M|\n|poke|p2|Salazzle, F|\n|teampreview\n|inactive|Battle timer is ON: inactive players will automatically lose when time's up. (requested by Jackatwar6)\n|\n|t:|1698966316\n|start\n|switch|p1a: Gliscor|Gliscor, F|100\/100\n|switch|p2a: Chandelure|Chandelure, F|100\/100\n|turn|1\n|\n|t:|1698966323\n|move|p2a: Chandelure|Trick|p1a: Gliscor\n|-activate|p2a: Chandelure|move: Trick|[of] p1a: Gliscor\n|-item|p1a: Gliscor|Choice Scarf|[from] move: Trick\n|-item|p2a: Chandelure|Toxic Orb|[from] move: Trick\n|move|p1a: Gliscor|Swords Dance|p1a: Gliscor\n|-boost|p1a: Gliscor|atk|2\n|\n|-status|p2a: Chandelure|tox|[from] item: Toxic Orb\n|upkeep\n|turn|2\n|\n|t:|1698966342\n|switch|p1a: Samurott|Samurott-Hisui, M|100\/100\n|switch|p2a: Milotic|Milotic, M|100\/100\n|\n|-status|p2a: Milotic|brn|[from] item: Flame Orb\n|upkeep\n|turn|3\n|\n|t:|1698966350\n|move|p1a: Samurott|Swords Dance|p1a: Samurott\n|-boost|p1a: Samurott|atk|2\n|move|p2a: Milotic|Dragon Dance|p2a: Milotic\n|-boost|p2a: Milotic|atk|1\n|-boost|p2a: Milotic|spe|1\n|\n|-damage|p2a: Milotic|94\/100 brn|[from] brn\n|upkeep\n|turn|4\n|\n|t:|1698966357\n|move|p2a: Milotic|Dragon Dance|p2a: Milotic\n|-boost|p2a: Milotic|atk|1\n|-boost|p2a: Milotic|spe|1\n|move|p1a: Samurott|Ceaseless Edge|p2a: Milotic\n|-damage|p2a: Milotic|19\/100 brn\n|-sidestart|p2: el daner|Spikes\n|\n|-damage|p2a: Milotic|13\/100 brn|[from] brn\n|upkeep\n|turn|5\n|\n|t:|1698966369\n|-terastallize|p2a: Milotic|Normal\n|move|p2a: Milotic|Facade|p1a: Samurott\n|-damage|p1a: Samurott|0 fnt\n|faint|p1a: Samurott\n|\n|-damage|p2a: Milotic|7\/100 brn|[from] brn\n|upkeep\n|\n|t:|1698966379\n|switch|p1a: BASED|Sneasler, F|100\/100\n|turn|6\n|\n|t:|1698966394\n|move|p1a: BASED|Endure|p1a: BASED\n|-singleturn|p1a: BASED|move: Endure\n|move|p2a: Milotic|Facade|p1a: BASED\n|-activate|p1a: BASED|move: Endure\n|-damage|p1a: BASED|1\/100\n|-enditem|p1a: BASED|Liechi Berry|[eat]\n|-boost|p1a: BASED|atk|1|[from] item: Liechi Berry\n|\n|-damage|p2a: Milotic|1\/100 brn|[from] brn\n|upkeep\n|turn|7\n|c|\u2606el daner|did i play against you earlier\n|\n|t:|1698966420\n|move|p1a: BASED|Reversal|p2a: Milotic\n|-supereffective|p2a: Milotic\n|-damage|p2a: Milotic|0 fnt\n|faint|p2a: Milotic\n|\n|upkeep\n|inactive|el daner has 120 seconds left.\n|\n|t:|1698966437\n|switch|p2a: Garchomp|Garchomp, M|100\/100\n|-damage|p2a: Garchomp|88\/100|[from] Spikes\n|turn|8\n|\n|t:|1698966441\n|move|p1a: BASED|Reversal|p2a: Garchomp\n|-damage|p2a: Garchomp|0 fnt\n|-damage|p1a: BASED|0 fnt|[from] ability: Rough Skin|[of] p2a: Garchomp\n|faint|p2a: Garchomp\n|faint|p1a: BASED\n|\n|upkeep\n|inactive|el daner has 120 seconds left.\n|\n|t:|1698966459\n|switch|p1a: Gliscor|Gliscor, F|100\/100\n|switch|p2a: Chandelure|Chandelure, F|100\/100 tox\n|-damage|p2a: Chandelure|88\/100 tox|[from] Spikes\n|turn|9\n|inactive|el daner has 120 seconds left.\n|\n|t:|1698966474\n|move|p1a: Gliscor|Earthquake|p2a: Chandelure\n|-supereffective|p2a: Chandelure\n|-damage|p2a: Chandelure|0 fnt\n|faint|p2a: Chandelure\n|\n|upkeep\n|\n|t:|1698966485\n|switch|p2a: Trevenant|Trevenant, M|100\/100\n|-damage|p2a: Trevenant|88\/100|[from] Spikes\n|turn|10\n|\n|t:|1698966491\n|move|p1a: Gliscor|Earthquake|p2a: Trevenant\n|-resisted|p2a: Trevenant\n|-damage|p2a: Trevenant|61\/100\n|move|p2a: Trevenant|Will-O-Wisp|p1a: Gliscor\n|-status|p1a: Gliscor|brn\n|\n|-damage|p1a: Gliscor|94\/100 brn|[from] brn\n|upkeep\n|turn|11\n|\n|t:|1698966498\n|move|p1a: Gliscor|Earthquake|p2a: Trevenant\n|-resisted|p2a: Trevenant\n|-damage|p2a: Trevenant|47\/100\n|-enditem|p2a: Trevenant|Sitrus Berry|[eat]\n|-heal|p2a: Trevenant|72\/100|[from] item: Sitrus Berry\n|move|p2a: Trevenant|Leech Seed|p1a: Gliscor\n|-start|p1a: Gliscor|move: Leech Seed\n|\n|-damage|p1a: Gliscor|82\/100 brn|[from] Leech Seed|[of] p2a: Trevenant\n|-heal|p2a: Trevenant|84\/100|[silent]\n|-damage|p1a: Gliscor|76\/100 brn|[from] brn\n|-item|p2a: Trevenant|Sitrus Berry|[from] ability: Harvest\n|upkeep\n|turn|12\n|\n|t:|1698966510\n|switch|p1a: Cringe as hell|Calyrex-Shadow|100\/100\n|-ability|p1a: Cringe as hell|As One\n|-ability|p1a: Cringe as hell|Unnerve\n|move|p2a: Trevenant|Hex|p1a: Cringe as hell\n|-supereffective|p1a: Cringe as hell\n|-damage|p1a: Cringe as hell|11\/100\n|\n|upkeep\n|turn|13\n|c|\u2606el daner|so true\n|c|\u2606el daner|is cringe as hell\n|\n|t:|1698966524\n|move|p1a: Cringe as hell|Astral Barrage|p2a: Trevenant\n|-supereffective|p2a: Trevenant\n|-damage|p2a: Trevenant|0 fnt\n|faint|p2a: Trevenant\n|-ability|p1a: Cringe as hell|Grim Neigh|boost\n|-boost|p1a: Cringe as hell|spa|1\n|\n|upkeep\n|c|\u2606el daner|fucking dumbass horse\n|inactive|el daner has 120 seconds left.\n|\n|t:|1698966542\n|switch|p2a: Sylveon|Sylveon, M|100\/100\n|-damage|p2a: Sylveon|88\/100|[from] Spikes\n|turn|14\n|inactive|el daner has 120 seconds left.\n|inactive|Jackatwar6 has 120 seconds left.\n|inactive|Jackatwar6 has 90 seconds left.\n|\n|t:|1698966617\n|move|p2a: Sylveon|Protect|p2a: Sylveon\n|-singleturn|p2a: Sylveon|Protect\n|move|p1a: Cringe as hell|Astral Barrage|p2a: Sylveon\n|-activate|p2a: Sylveon|move: Protect\n|\n|-heal|p2a: Sylveon|94\/100|[from] item: Leftovers\n|upkeep\n|turn|15\n|\n|t:|1698966625\n|move|p1a: Cringe as hell|Astral Barrage|p2a: Sylveon\n|-damage|p2a: Sylveon|2\/100\n|move|p2a: Sylveon|Hyper Voice|p1a: Cringe as hell\n|-damage|p1a: Cringe as hell|0 fnt\n|faint|p1a: Cringe as hell\n|\n|-heal|p2a: Sylveon|8\/100|[from] item: Leftovers\n|upkeep\n|inactive|Jackatwar6 has 90 seconds left.\n|j|@ken\n|l|@ken\n|c|\u2606Jackatwar6|Ye he cringe thanks for killing him for me\n|\n|t:|1698966656\n|switch|p1a: Corviknight|Corviknight, M|100\/100\n|-ability|p1a: Corviknight|Pressure\n|turn|16\n|\n|t:|1698966668\n|move|p2a: Sylveon|Protect|p2a: Sylveon\n|-singleturn|p2a: Sylveon|Protect\n|move|p1a: Corviknight|Body Press|p2a: Sylveon\n|-activate|p2a: Sylveon|move: Protect\n|\n|-heal|p2a: Sylveon|14\/100|[from] item: Leftovers\n|upkeep\n|turn|17\n|\n|t:|1698966685\n|switch|p2a: Salazzle|Salazzle, F|100\/100\n|-damage|p2a: Salazzle|88\/100|[from] Spikes\n|move|p1a: Corviknight|Body Press|p2a: Salazzle\n|-resisted|p2a: Salazzle\n|-damage|p2a: Salazzle|65\/100\n|\n|upkeep\n|turn|18\n|\n|t:|1698966693\n|move|p2a: Salazzle|Flamethrower|p1a: Corviknight\n|-supereffective|p1a: Corviknight\n|-damage|p1a: Corviknight|0 fnt\n|faint|p1a: Corviknight\n|-damage|p2a: Salazzle|56\/100|[from] item: Life Orb\n|\n|upkeep\n|\n|t:|1698966696\n|switch|p1a: Gliscor|Gliscor, F|76\/100 brn\n|turn|19\n|\n|t:|1698966711\n|move|p1a: Gliscor|Earthquake|p2a: Salazzle\n|-supereffective|p2a: Salazzle\n|-damage|p2a: Salazzle|0 fnt\n|faint|p2a: Salazzle\n|\n|-damage|p1a: Gliscor|70\/100 brn|[from] brn\n|upkeep\n|\n|t:|1698966716\n|switch|p2a: Sylveon|Sylveon, M|14\/100\n|-damage|p2a: Sylveon|1\/100|[from] Spikes\n|turn|20\n|\n|t:|1698966722\n|move|p2a: Sylveon|Protect|p2a: Sylveon\n|-singleturn|p2a: Sylveon|Protect\n|move|p1a: Gliscor|Earthquake|p2a: Sylveon\n|-activate|p2a: Sylveon|move: Protect\n|\n|-heal|p2a: Sylveon|7\/100|[from] item: Leftovers\n|-damage|p1a: Gliscor|63\/100 brn|[from] brn\n|upkeep\n|turn|21\n|c|\u2606el daner|it'd be really funny if you swords dance\n|inactive|el daner has 120 seconds left.\n|c|\u2606el daner|or switch\n|c|\u2606el daner|forgot about scarf\n|c|\u2606Jackatwar6|Challenge accepted\n|inactive|Jackatwar6 has 90 seconds left.\n|c|\u2606Jackatwar6|But first\n|c|\u2606Jackatwar6|Wait can\u2019t I\u2019m scarfed shit\n|\n|t:|1698966787\n|move|p1a: Gliscor|Earthquake|p2a: Sylveon\n|-damage|p2a: Sylveon|0 fnt\n|faint|p2a: Sylveon\n|\n|win|Jackatwar6\n|raw|Jackatwar6's rating: 1232 &rarr; <strong>1252<\/strong><br \/>(+20 for winning)\n|raw|el daner's rating: 1157 &rarr; <strong>1137<\/strong><br \/>(-20 for losing)\n","uploadtime":1698966535,"views":3,"p1id":"jackatwar6","p2id":"eldaner","formatid":"gen9anythinggoes","rating":1137,"private":0,"password":""}