{"id":"gen9anythinggoes-1971531439","p1":"The_Last_Cringe","p2":"MemeMimicks","format":"[Gen 9] Anything Goes","log":"|j|\u2606The_Last_Cringe\n|j|\u2606MemeMimicks\n|t:|1697745962\n|gametype|singles\n|player|p1|The_Last_Cringe|pokemaniac|1146\n|player|p2|MemeMimicks|emmet|1276\n|teamsize|p1|6\n|teamsize|p2|6\n|gen|9\n|tier|[Gen 9] Anything Goes\n|rated|\n|rule|HP Percentage Mod: HP is shown in percentages\n|rule|Endless Battle Clause: Forcing endless battles is banned\n|clearpoke\n|poke|p1|Gyarados, M|\n|poke|p1|Clodsire, F|\n|poke|p1|Garchomp, F|\n|poke|p1|Volcarona, F|\n|poke|p1|Meowscarada, F|\n|poke|p1|Mimikyu, F|\n|poke|p2|Cyclizar, M|\n|poke|p2|Annihilape, F|\n|poke|p2|Staraptor, F|\n|poke|p2|Calyrex-Shadow|\n|poke|p2|Ogerpon-Hearthflame, F|\n|poke|p2|Ursaluna-Bloodmoon, M|\n|teampreview\n|\n|t:|1697745965\n|start\n|switch|p1a: Clodsire|Clodsire, F|100\/100\n|switch|p2a: Annihilape|Annihilape, F|100\/100\n|turn|1\n|\n|t:|1697745969\n|move|p2a: Annihilape|Final Gambit|p1a: Clodsire\n|-damage|p1a: Clodsire|0 fnt\n|faint|p2a: Annihilape\n|faint|p1a: Clodsire\n|\n|upkeep\n|\n|t:|1697745980\n|switch|p2a: Staraptor|Staraptor, F|100\/100\n|switch|p1a: Gyarados|Gyarados, M|100\/100\n|-ability|p2a: Staraptor|Intimidate|boost\n|-unboost|p1a: Gyarados|atk|1\n|-ability|p1a: Gyarados|Intimidate|boost\n|-unboost|p2a: Staraptor|atk|1\n|turn|2\n|\n|t:|1697745987\n|move|p2a: Staraptor|Final Gambit|p1a: Gyarados\n|-damage|p1a: Gyarados|0 fnt\n|faint|p2a: Staraptor\n|faint|p1a: Gyarados\n|\n|upkeep\n|\n|t:|1697745996\n|switch|p2a: Cyclizar|Cyclizar, M|100\/100\n|switch|p1a: Mimikyu|Mimikyu, F|100\/100\n|turn|3\n|\n|t:|1697746003\n|move|p2a: Cyclizar|Shed Tail|p2a: Cyclizar\n|-start|p2a: Cyclizar|Substitute|[from] move: Shed Tail\n|-damage|p2a: Cyclizar|50\/100\n|\n|t:|1697746007\n|switch|p2a: Ursaluna|Ursaluna-Bloodmoon, M|100\/100|[from] Shed Tail\n|move|p1a: Mimikyu|Play Rough|p2a: Ursaluna|[miss]\n|-miss|p1a: Mimikyu|p2a: Ursaluna\n|\n|upkeep\n|turn|4\n|\n|t:|1697746015\n|move|p1a: Mimikyu|Play Rough|p2a: Ursaluna|[miss]\n|-miss|p1a: Mimikyu|p2a: Ursaluna\n|move|p2a: Ursaluna|Blood Moon|p1a: Mimikyu\n|-activate|p1a: Mimikyu|ability: Disguise\n|-damage|p1a: Mimikyu|100\/100\n|detailschange|p1a: Mimikyu|Mimikyu-Busted, F\n|-damage|p1a: Mimikyu|88\/100|[from] pokemon: Mimikyu-Busted\n|\n|upkeep\n|turn|5\n|\n|t:|1697746026\n|move|p1a: Mimikyu|Play Rough|p2a: Ursaluna\n|-end|p2a: Ursaluna|Substitute\n|move|p2a: Ursaluna|Calm Mind|p2a: Ursaluna\n|-boost|p2a: Ursaluna|spa|1\n|-boost|p2a: Ursaluna|spd|1\n|\n|upkeep\n|turn|6\n|\n|t:|1697746033\n|switch|p1a: Garchomp|Garchomp, F|100\/100\n|move|p2a: Ursaluna|Blood Moon|p1a: Garchomp\n|-damage|p1a: Garchomp|0 fnt\n|faint|p1a: Garchomp\n|\n|upkeep\n|\n|t:|1697746040\n|switch|p1a: Meowscarada|Meowscarada, F|100\/100\n|turn|7\n|\n|t:|1697746046\n|-terastallize|p2a: Ursaluna|Poison\n|move|p1a: Meowscarada|Giga Drain|p2a: Ursaluna\n|-start|p1a: Meowscarada|typechange|Grass|[from] ability: Protean\n|-resisted|p2a: Ursaluna\n|-damage|p2a: Ursaluna|91\/100\n|move|p2a: Ursaluna|Moonlight|p2a: Ursaluna\n|-heal|p2a: Ursaluna|100\/100\n|\n|upkeep\n|turn|8\n|\n|t:|1697746056\n|move|p1a: Meowscarada|Dark Pulse|p2a: Ursaluna\n|-damage|p2a: Ursaluna|88\/100\n|move|p2a: Ursaluna|Blood Moon|p1a: Meowscarada\n|-damage|p1a: Meowscarada|0 fnt\n|faint|p1a: Meowscarada\n|\n|upkeep\n|\n|t:|1697746061\n|switch|p1a: Volcarona|Volcarona, F|100\/100\n|turn|9\n|\n|t:|1697746065\n|move|p1a: Volcarona|Psychic|p2a: Ursaluna\n|-supereffective|p2a: Ursaluna\n|-damage|p2a: Ursaluna|45\/100\n|move|p2a: Ursaluna|Moonlight|p2a: Ursaluna\n|-heal|p2a: Ursaluna|95\/100\n|\n|upkeep\n|turn|10\n|\n|t:|1697746071\n|move|p1a: Volcarona|Psychic|p2a: Ursaluna\n|-supereffective|p2a: Ursaluna\n|-damage|p2a: Ursaluna|52\/100\n|-unboost|p2a: Ursaluna|spd|1\n|move|p2a: Ursaluna|Blood Moon|p1a: Volcarona\n|-damage|p1a: Volcarona|0 fnt\n|faint|p1a: Volcarona\n|\n|upkeep\n|-message|The_Last_Cringe forfeited.\n|\n|win|MemeMimicks\n|raw|The_Last_Cringe's rating: 1146 &rarr; <strong>1130<\/strong><br \/>(-16 for losing)\n|raw|MemeMimicks's rating: 1276 &rarr; <strong>1292<\/strong><br \/>(+16 for winning)\n|l|\u2606The_Last_Cringe\n","uploadtime":1697746085,"views":12,"p1id":"thelastcringe","p2id":"mememimicks","formatid":"gen9anythinggoes","rating":1130,"private":0,"password":""}