{"id":"gen9anythinggoes-1977677036","p1":"Echo_the clown","p2":"Thricicle","format":"[Gen 9] Anything Goes","log":"|j|\u2606Echo_the clown\n|j|\u2606Thricicle\n|t:|1698437751\n|gametype|singles\n|player|p1|Echo_the clown|harlequin|1052\n|player|p2|Thricicle|265|1053\n|teamsize|p1|6\n|teamsize|p2|6\n|gen|9\n|tier|[Gen 9] Anything Goes\n|rated|\n|rule|HP Percentage Mod: HP is shown in percentages\n|rule|Endless Battle Clause: Forcing endless battles is banned\n|clearpoke\n|poke|p1|Thundurus, M|\n|poke|p1|Rayquaza|\n|poke|p1|Arcanine, M|\n|poke|p1|Urshifu-*, F|\n|poke|p1|Mamoswine, M|\n|poke|p1|Hatterene, F|\n|poke|p2|Oricorio, M|\n|poke|p2|Quagsire, F|\n|poke|p2|Farigiraf, F|\n|poke|p2|Muk, M|\n|poke|p2|Snorlax, M|\n|poke|p2|Gardevoir, F|\n|teampreview\n|\n|t:|1698437755\n|start\n|switch|p1a: bobby|Mamoswine, M|100\/100\n|switch|p2a: Gardevoir|Gardevoir, F|100\/100\n|-ability|p2a: Gardevoir|Oblivious|[from] ability: Trace|[of] p1a: bobby\n|turn|1\n|\n|t:|1698437762\n|move|p1a: bobby|Earthquake|p2a: Gardevoir\n|-damage|p2a: Gardevoir|46\/100\n|move|p2a: Gardevoir|Light Screen|p2a: Gardevoir\n|-sidestart|p2: Thricicle|move: Light Screen\n|\n|upkeep\n|turn|2\n|\n|t:|1698437768\n|move|p1a: bobby|Earthquake|p2a: Gardevoir\n|-damage|p2a: Gardevoir|0 fnt\n|faint|p2a: Gardevoir\n|\n|upkeep\n|\n|t:|1698437775\n|switch|p2a: Oricorio|Oricorio, M|100\/100\n|turn|3\n|\n|t:|1698437779\n|move|p2a: Oricorio|Quiver Dance|p2a: Oricorio\n|-boost|p2a: Oricorio|spa|1\n|-boost|p2a: Oricorio|spd|1\n|-boost|p2a: Oricorio|spe|1\n|move|p1a: bobby|Icy Wind|p2a: Oricorio\n|-damage|p2a: Oricorio|93\/100\n|-unboost|p2a: Oricorio|spe|1\n|\n|upkeep\n|turn|4\n|\n|t:|1698437787\n|switch|p1a: the circus dog|Arcanine, M|100\/100\n|-ability|p1a: the circus dog|Intimidate|boost\n|-unboost|p2a: Oricorio|atk|1\n|move|p2a: Oricorio|Quiver Dance|p2a: Oricorio\n|-boost|p2a: Oricorio|spa|1\n|-boost|p2a: Oricorio|spd|1\n|-boost|p2a: Oricorio|spe|1\n|\n|upkeep\n|turn|5\n|\n|t:|1698437795\n|move|p2a: Oricorio|Quiver Dance|p2a: Oricorio\n|-boost|p2a: Oricorio|spa|1\n|-boost|p2a: Oricorio|spd|1\n|-boost|p2a: Oricorio|spe|1\n|move|p1a: the circus dog|Crunch|p2a: Oricorio\n|-damage|p2a: Oricorio|64\/100\n|\n|-sideend|p2: Thricicle|move: Light Screen\n|upkeep\n|turn|6\n|\n|t:|1698437805\n|move|p1a: the circus dog|Extreme Speed|p2a: Oricorio\n|-damage|p2a: Oricorio|37\/100\n|move|p2a: Oricorio|Quiver Dance|p2a: Oricorio\n|-boost|p2a: Oricorio|spa|1\n|-boost|p2a: Oricorio|spd|1\n|-boost|p2a: Oricorio|spe|1\n|\n|upkeep\n|turn|7\n|\n|t:|1698437811\n|move|p2a: Oricorio|Baton Pass|p2a: Oricorio\n|\n|t:|1698437816\n|switch|p2a: Farigiraf|Farigiraf, F|100\/100|[from] Baton Pass\n|move|p1a: the circus dog|Crunch|p2a: Farigiraf\n|-supereffective|p2a: Farigiraf\n|-damage|p2a: Farigiraf|51\/100\n|\n|upkeep\n|turn|8\n|\n|t:|1698437822\n|-terastallize|p2a: Farigiraf|Fire\n|move|p2a: Farigiraf|Tera Blast|p1a: the circus dog|[anim] Tera Blast Fire\n|-resisted|p1a: the circus dog\n|-damage|p1a: the circus dog|36\/100\n|move|p1a: the circus dog|Crunch|p2a: Farigiraf\n|-damage|p2a: Farigiraf|26\/100\n|\n|upkeep\n|turn|9\n|\n|t:|1698437829\n|move|p1a: the circus dog|Extreme Speed|p2a: Farigiraf\n|-damage|p2a: Farigiraf|4\/100\n|move|p2a: Farigiraf|Tera Blast|p1a: the circus dog|[anim] Tera Blast Fire\n|-resisted|p1a: the circus dog\n|-damage|p1a: the circus dog|0 fnt\n|faint|p1a: the circus dog\n|\n|upkeep\n|\n|t:|1698437840\n|switch|p1a: bobby|Mamoswine, M|100\/100\n|turn|10\n|\n|t:|1698437842\n|move|p2a: Farigiraf|Tera Blast|p1a: bobby|[anim] Tera Blast Fire\n|-supereffective|p1a: bobby\n|-damage|p1a: bobby|0 fnt\n|faint|p1a: bobby\n|\n|upkeep\n|\n|t:|1698437847\n|switch|p1a: strongest Pokemon|Urshifu, F|100\/100\n|turn|11\n|\n|t:|1698437852\n|move|p2a: Farigiraf|Tera Blast|p1a: strongest Pokemon|[anim] Tera Blast Fire\n|-damage|p1a: strongest Pokemon|0 fnt\n|faint|p1a: strongest Pokemon\n|\n|upkeep\n|\n|t:|1698437858\n|switch|p1a: Ring master|Thundurus, M|100\/100\n|turn|12\n|inactive|Battle timer is ON: inactive players will automatically lose when time's up. (requested by Thricicle)\n|\n|t:|1698437861\n|move|p2a: Farigiraf|Tera Blast|p1a: Ring master|[anim] Tera Blast Fire\n|-damage|p1a: Ring master|0 fnt\n|faint|p1a: Ring master\n|\n|upkeep\n|\n|t:|1698437865\n|switch|p1a: the circus snake|Rayquaza|100\/100\n|-ability|p1a: the circus snake|Air Lock\n|turn|13\n|\n|t:|1698437869\n|move|p2a: Farigiraf|Tera Blast|p1a: the circus snake|[anim] Tera Blast Fire\n|-resisted|p1a: the circus snake\n|-damage|p1a: the circus snake|41\/100\n|move|p1a: the circus snake|Hurricane|p2a: Farigiraf|[miss]\n|-miss|p1a: the circus snake|p2a: Farigiraf\n|\n|upkeep\n|turn|14\n|\n|t:|1698437875\n|move|p2a: Farigiraf|Tera Blast|p1a: the circus snake|[anim] Tera Blast Fire\n|-resisted|p1a: the circus snake\n|-crit|p1a: the circus snake\n|-damage|p1a: the circus snake|0 fnt\n|faint|p1a: the circus snake\n|\n|upkeep\n|\n|t:|1698437879\n|switch|p1a: mad lady|Hatterene, F|100\/100\n|turn|15\n|\n|t:|1698437884\n|move|p2a: Farigiraf|Tera Blast|p1a: mad lady|[anim] Tera Blast Fire\n|-damage|p1a: mad lady|0 fnt\n|faint|p1a: mad lady\n|\n|win|Thricicle\n|raw|Echo_the clown's rating: 1052 &rarr; <strong>1034<\/strong><br \/>(-18 for losing)\n|raw|Thricicle's rating: 1053 &rarr; <strong>1085<\/strong><br \/>(+32 for winning)\n|c|\u2606Thricicle|omg I finally won a game, gg!\n|c|\u2606Echo_the clown|gg\n","uploadtime":1698437893,"views":11,"p1id":"echotheclown","p2id":"thricicle","formatid":"gen9anythinggoes","rating":1034,"private":0,"password":""}