{"id":"gen9anythinggoes-1998648766","p1":"Vale.plop","p2":"Mr Fruitville","format":"[Gen 9] Anything Goes","log":"|j|\u2606Vale.plop\n|j|\u2606Mr Fruitville\n|t:|1700967425\n|gametype|singles\n|player|p1|Vale.plop|hilda-wonderlauncher|1220\n|player|p2|Mr Fruitville|266|1185\n|teamsize|p1|6\n|teamsize|p2|6\n|gen|9\n|tier|[Gen 9] Anything Goes\n|rated|\n|rule|HP Percentage Mod: HP is shown in percentages\n|rule|Endless Battle Clause: Forcing endless battles is banned\n|clearpoke\n|poke|p1|Dragapult, F|\n|poke|p1|Ceruledge, F|\n|poke|p1|Garchomp, M|\n|poke|p1|Espathra, M|\n|poke|p1|Calyrex-Shadow|\n|poke|p1|Zacian-*|\n|poke|p2|Maushold-Four|\n|poke|p2|Flutter Mane|\n|poke|p2|Miraidon|\n|poke|p2|Rabsca, M|\n|poke|p2|Garganacl, F|\n|poke|p2|Houndstone, M|\n|teampreview\n|\n|t:|1700967433\n|start\n|switch|p1a: Eee|Espathra, M|100\/100\n|switch|p2a: DeMarco|Miraidon|100\/100\n|-fieldstart|move: Electric Terrain|[from] ability: Hadron Engine|[of] p2a: DeMarco\n|turn|1\n|\n|t:|1700967444\n|switch|p2a: Maushold|Maushold-Four|100\/100\n|move|p1a: Eee|Confuse Ray|p2a: Maushold\n|-start|p2a: Maushold|confusion\n|\n|upkeep\n|turn|2\n|\n|t:|1700967461\n|-activate|p2a: Maushold|confusion\n|move|p2a: Maushold|Encore|p1a: Eee\n|-start|p1a: Eee|Encore\n|move|p1a: Eee|Confuse Ray||[still]\n|-fail|p1a: Eee\n|\n|upkeep\n|turn|3\n|\n|t:|1700967473\n|switch|p1a: Dee|Dragapult, F, shiny|100\/100\n|-end|p2a: Maushold|confusion\n|move|p2a: Maushold|Tidy Up|p2a: Maushold\n|-boost|p2a: Maushold|atk|1\n|-boost|p2a: Maushold|spe|1\n|\n|upkeep\n|turn|4\n|\n|t:|1700967480\n|switch|p1a: Eee|Espathra, M|100\/100\n|move|p2a: Maushold|Tidy Up|p2a: Maushold\n|-boost|p2a: Maushold|atk|1\n|-boost|p2a: Maushold|spe|1\n|-ability|p1a: Eee|Opportunist|boost\n|-boost|p1a: Eee|atk|1\n|-boost|p1a: Eee|spe|1\n|\n|upkeep\n|turn|5\n|\n|t:|1700967491\n|move|p2a: Maushold|Population Bomb|p1a: Eee\n|-damage|p1a: Eee|72\/100\n|-damage|p1a: Eee|41\/100\n|-hitcount|p1a: Eee|2\n|move|p1a: Eee|Baton Pass|p1a: Eee\n|\n|t:|1700967500\n|switch|p1a: Igni|Ceruledge, F, shiny|100\/100|[from] Baton Pass\n|\n|-fieldend|move: Electric Terrain\n|upkeep\n|turn|6\n|\n|t:|1700967508\n|-terastallize|p1a: Igni|Fire\n|move|p2a: Maushold|Baton Pass|p2a: Maushold\n|\n|t:|1700967511\n|switch|p2a: SSSReplacement|Garganacl, F, shiny|100\/100|[from] Baton Pass\n|move|p1a: Igni|Bitter Blade|p2a: SSSReplacement\n|-resisted|p2a: SSSReplacement\n|-damage|p2a: SSSReplacement|47\/100\n|\n|-heal|p2a: SSSReplacement|53\/100|[from] item: Leftovers\n|upkeep\n|turn|7\n|\n|t:|1700967535\n|move|p1a: Igni|Bitter Blade|p2a: SSSReplacement\n|-resisted|p2a: SSSReplacement\n|-damage|p2a: SSSReplacement|5\/100\n|move|p2a: SSSReplacement|Salt Cure|p1a: Igni\n|-supereffective|p1a: Igni\n|-damage|p1a: Igni|22\/100\n|-start|p1a: Igni|Salt Cure\n|-ability|p1a: Igni|Weak Armor|boost\n|-unboost|p1a: Igni|def|1\n|-boost|p1a: Igni|spe|2\n|\n|-heal|p2a: SSSReplacement|11\/100|[from] item: Leftovers\n|-damage|p1a: Igni|9\/100|[from] Salt Cure\n|upkeep\n|turn|8\n|\n|t:|1700967547\n|move|p1a: Igni|Bitter Blade|p2a: SSSReplacement\n|-resisted|p2a: SSSReplacement\n|-crit|p2a: SSSReplacement\n|-damage|p2a: SSSReplacement|0 fnt\n|-heal|p1a: Igni|17\/100|[from] drain|[of] p2a: SSSReplacement\n|faint|p2a: SSSReplacement\n|\n|-damage|p1a: Igni|5\/100|[from] Salt Cure\n|upkeep\n|\n|t:|1700967567\n|switch|p2a: DeMarco|Miraidon|100\/100\n|-fieldstart|move: Electric Terrain|[from] ability: Hadron Engine|[of] p2a: DeMarco\n|turn|9\n|\n|t:|1700967580\n|switch|p2a: Maushold|Maushold-Four|100\/100\n|move|p1a: Igni|Bitter Blade|p2a: Maushold\n|-crit|p2a: Maushold\n|-damage|p2a: Maushold|0 fnt\n|-heal|p1a: Igni|54\/100|[from] drain|[of] p2a: Maushold\n|faint|p2a: Maushold\n|\n|-damage|p1a: Igni|42\/100|[from] Salt Cure\n|upkeep\n|\n|t:|1700967603\n|switch|p2a: Houndstone|Houndstone, M|100\/100\n|turn|10\n|\n|t:|1700967605\n|move|p2a: Houndstone|Shadow Sneak|p1a: Igni\n|-damage|p1a: Igni|2\/100\n|-ability|p1a: Igni|Weak Armor|boost\n|-unboost|p1a: Igni|def|1\n|-boost|p1a: Igni|spe|2\n|move|p1a: Igni|Bitter Blade|p2a: Houndstone\n|-damage|p2a: Houndstone|0 fnt\n|-heal|p1a: Igni|61\/100|[from] drain|[of] p2a: Houndstone\n|faint|p2a: Houndstone\n|\n|-damage|p1a: Igni|49\/100|[from] Salt Cure\n|upkeep\n|\n|t:|1700967616\n|switch|p2a: DeMarco|Miraidon|100\/100\n|-activate|p2a: DeMarco|ability: Hadron Engine\n|turn|11\n|\n|t:|1700967625\n|move|p1a: Igni|Bitter Blade|p2a: DeMarco\n|-resisted|p2a: DeMarco\n|-damage|p2a: DeMarco|26\/100\n|-heal|p1a: Igni|92\/100|[from] drain|[of] p2a: DeMarco\n|move|p2a: DeMarco|Electro Drift|p1a: Igni\n|-damage|p1a: Igni|0 fnt\n|faint|p1a: Igni\n|\n|upkeep\n|\n|t:|1700967640\n|switch|p1a: Eee|Espathra, M|41\/100\n|turn|12\n|\n|t:|1700967654\n|switch|p2a: Rabsca|Rabsca, M, shiny|100\/100\n|move|p1a: Eee|Confuse Ray|p2a: Rabsca\n|-start|p2a: Rabsca|confusion\n|\n|upkeep\n|turn|13\n|\n|t:|1700967663\n|move|p1a: Eee|Calm Mind|p1a: Eee\n|-boost|p1a: Eee|spa|1\n|-boost|p1a: Eee|spd|1\n|-activate|p2a: Rabsca|confusion\n|move|p2a: Rabsca|Trick Room|p2a: Rabsca\n|-fieldstart|move: Trick Room|[of] p2a: Rabsca\n|\n|-fieldend|move: Electric Terrain\n|upkeep\n|turn|14\n|\n|t:|1700967669\n|-end|p2a: Rabsca|confusion\n|move|p2a: Rabsca|Revival Blessing|p2a: Rabsca\n|-enditem|p2a: Rabsca|Leppa Berry|[eat]\n|-activate|p2a: Rabsca|item: Leppa Berry|Revival Blessing|[consumed]\n|\n|t:|1700967673\n|-heal|p2: Houndstone|50\/100|[from] move: Revival Blessing\n|move|p1a: Eee|Calm Mind|p1a: Eee\n|-boost|p1a: Eee|spa|1\n|-boost|p1a: Eee|spd|1\n|\n|upkeep\n|turn|15\n|\n|t:|1700967680\n|move|p2a: Rabsca|Revival Blessing|p2a: Rabsca\n|\n|t:|1700967682\n|-heal|p2: SSSReplacement|50\/100|[from] move: Revival Blessing\n|move|p1a: Eee|Baton Pass|p1a: Eee\n|\n|t:|1700967698\n|switch|p1a: Trix|Calyrex-Shadow|100\/100|[from] Baton Pass\n|-ability|p1a: Trix|As One\n|-ability|p1a: Trix|Unnerve\n|\n|upkeep\n|turn|16\n|\n|t:|1700967708\n|move|p2a: Rabsca|Memento|p1a: Trix\n|-unboost|p1a: Trix|atk|2\n|-unboost|p1a: Trix|spa|2\n|faint|p2a: Rabsca\n|move|p1a: Trix|Astral Barrage|p2: Rabsca|[notarget]\n|-fail|p1a: Trix\n|\n|upkeep\n|\n|t:|1700967734\n|switch|p2a: DeMarco|Miraidon|26\/100\n|-fieldstart|move: Electric Terrain|[from] ability: Hadron Engine|[of] p2a: DeMarco\n|turn|17\n|\n|t:|1700967738\n|move|p1a: Trix|Astral Barrage|p2a: DeMarco\n|-damage|p2a: DeMarco|0 fnt\n|faint|p2a: DeMarco\n|-ability|p1a: Trix|Grim Neigh|boost\n|-boost|p1a: Trix|spa|1\n|\n|-fieldend|move: Trick Room\n|upkeep\n|\n|t:|1700967746\n|switch|p2a: Flutter Mane|Flutter Mane, shiny|100\/100\n|turn|18\n|\n|t:|1700967751\n|move|p2a: Flutter Mane|Shadow Ball|p1a: Trix\n|-supereffective|p1a: Trix\n|-damage|p1a: Trix|0 fnt\n|faint|p1a: Trix\n|-damage|p2a: Flutter Mane|91\/100|[from] item: Life Orb\n|\n|upkeep\n|\n|t:|1700967769\n|switch|p1a: Zacian|Zacian-Crowned|100\/100\n|-ability|p1a: Zacian|Intrepid Sword|boost\n|-boost|p1a: Zacian|atk|1\n|turn|19\n|\n|t:|1700967775\n|move|p2a: Flutter Mane|Shadow Ball|p1a: Zacian\n|-damage|p1a: Zacian|49\/100\n|-damage|p2a: Flutter Mane|81\/100|[from] item: Life Orb\n|move|p1a: Zacian|Behemoth Blade|p2a: Flutter Mane\n|-supereffective|p2a: Flutter Mane\n|-damage|p2a: Flutter Mane|0 fnt\n|faint|p2a: Flutter Mane\n|-end|p2a: Flutter Mane|Protosynthesis|[silent]\n|\n|upkeep\n|\n|t:|1700967783\n|switch|p2a: Houndstone|Houndstone, M|50\/100\n|turn|20\n|\n|t:|1700967788\n|move|p1a: Zacian|Behemoth Blade|p2a: Houndstone\n|-damage|p2a: Houndstone|3\/100\n|move|p2a: Houndstone|Last Respects|p1a: Zacian\n|-crit|p1a: Zacian\n|-damage|p1a: Zacian|0 fnt\n|faint|p1a: Zacian\n|\n|upkeep\n|\n|t:|1700967800\n|switch|p1a: Grim|Garchomp, M, shiny|100\/100\n|turn|21\n|\n|t:|1700967810\n|move|p2a: Houndstone|Shadow Sneak|p1a: Grim\n|-crit|p1a: Grim\n|-damage|p1a: Grim|74\/100\n|-damage|p2a: Houndstone|0 fnt|[from] ability: Rough Skin|[of] p1a: Grim\n|faint|p2a: Houndstone\n|move|p1a: Grim|Outrage|p2: Houndstone|[notarget]\n|-fail|p1a: Grim\n|\n|-fieldend|move: Electric Terrain\n|upkeep\n|\n|t:|1700967817\n|switch|p2a: SSSReplacement|Garganacl, F, shiny|50\/100\n|turn|22\n|\n|t:|1700967826\n|-terastallize|p2a: SSSReplacement|Fairy\n|move|p1a: Grim|Outrage|p2a: SSSReplacement\n|-immune|p2a: SSSReplacement\n|move|p2a: SSSReplacement|Iron Defense|p2a: SSSReplacement\n|-boost|p2a: SSSReplacement|def|2\n|\n|-heal|p2a: SSSReplacement|57\/100|[from] item: Leftovers\n|upkeep\n|turn|23\n|\n|t:|1700967843\n|move|p1a: Grim|Outrage|p2a: SSSReplacement\n|-immune|p2a: SSSReplacement\n|move|p2a: SSSReplacement|Recover|p2a: SSSReplacement\n|-heal|p2a: SSSReplacement|100\/100\n|\n|upkeep\n|turn|24\n|inactive|Battle timer is ON: inactive players will automatically lose when time's up. (requested by Mr Fruitville)\n|\n|t:|1700967853\n|switch|p1a: Dee|Dragapult, F, shiny|100\/100\n|move|p2a: SSSReplacement|Iron Defense|p2a: SSSReplacement\n|-boost|p2a: SSSReplacement|def|2\n|\n|upkeep\n|turn|25\n|\n|t:|1700967860\n|move|p1a: Dee|Thunder Wave|p2a: SSSReplacement\n|-immune|p2a: SSSReplacement|[from] ability: Purifying Salt\n|move|p2a: SSSReplacement|Salt Cure|p1a: Dee\n|-damage|p1a: Dee|84\/100\n|-start|p1a: Dee|Salt Cure\n|\n|-damage|p1a: Dee|72\/100|[from] Salt Cure\n|upkeep\n|turn|26\n|\n|t:|1700967869\n|move|p1a: Dee|Double Team|p1a: Dee\n|-boost|p1a: Dee|evasion|1\n|move|p2a: SSSReplacement|Iron Defense|p2a: SSSReplacement\n|-boost|p2a: SSSReplacement|def|2\n|\n|-damage|p1a: Dee|60\/100|[from] Salt Cure\n|upkeep\n|turn|27\n|\n|t:|1700967875\n|move|p1a: Dee|Double Team|p1a: Dee\n|-boost|p1a: Dee|evasion|1\n|move|p2a: SSSReplacement|Salt Cure|p1a: Dee\n|-crit|p1a: Dee\n|-damage|p1a: Dee|36\/100\n|\n|-damage|p1a: Dee|24\/100|[from] Salt Cure\n|upkeep\n|turn|28\n|\n|t:|1700967883\n|move|p1a: Dee|Baton Pass|p1a: Dee\n|\n|t:|1700967889\n|switch|p1a: Grim|Garchomp, M, shiny|74\/100|[from] Baton Pass\n|move|p2a: SSSReplacement|Salt Cure|p1a: Grim|[miss]\n|-miss|p2a: SSSReplacement|p1a: Grim\n|\n|upkeep\n|turn|29\n|\n|t:|1700967899\n|move|p1a: Grim|Earthquake|p2a: SSSReplacement\n|-damage|p2a: SSSReplacement|87\/100\n|move|p2a: SSSReplacement|Body Press|p1a: Grim\n|-damage|p1a: Grim|0 fnt\n|-damage|p2a: SSSReplacement|75\/100|[from] ability: Rough Skin|[of] p1a: Grim\n|faint|p1a: Grim\n|\n|-heal|p2a: SSSReplacement|81\/100|[from] item: Leftovers\n|upkeep\n|\n|t:|1700967908\n|switch|p1a: Eee|Espathra, M|41\/100\n|turn|30\n|\n|t:|1700967916\n|move|p1a: Eee|Confuse Ray|p2a: SSSReplacement\n|-start|p2a: SSSReplacement|confusion\n|-activate|p2a: SSSReplacement|confusion\n|-damage|p2a: SSSReplacement|79\/100|[from] confusion\n|\n|-heal|p2a: SSSReplacement|86\/100|[from] item: Leftovers\n|upkeep\n|turn|31\n|\n|t:|1700967928\n|move|p1a: Eee|Calm Mind|p1a: Eee\n|-boost|p1a: Eee|spa|1\n|-boost|p1a: Eee|spd|1\n|-activate|p2a: SSSReplacement|confusion\n|-damage|p2a: SSSReplacement|84\/100|[from] confusion\n|\n|-heal|p2a: SSSReplacement|90\/100|[from] item: Leftovers\n|upkeep\n|turn|32\n|\n|t:|1700967935\n|move|p1a: Eee|Calm Mind|p1a: Eee\n|-boost|p1a: Eee|spa|1\n|-boost|p1a: Eee|spd|1\n|-activate|p2a: SSSReplacement|confusion\n|move|p2a: SSSReplacement|Salt Cure|p1a: Eee\n|-damage|p1a: Eee|24\/100\n|-start|p1a: Eee|Salt Cure\n|\n|-heal|p2a: SSSReplacement|96\/100|[from] item: Leftovers\n|-damage|p1a: Eee|12\/100|[from] Salt Cure\n|upkeep\n|turn|33\n|\n|t:|1700967944\n|move|p1a: Eee|Baton Pass|p1a: Eee\n|\n|t:|1700967946\n|switch|p1a: Dee|Dragapult, F, shiny|24\/100|[from] Baton Pass\n|-end|p2a: SSSReplacement|confusion\n|move|p2a: SSSReplacement|Salt Cure|p1a: Dee\n|-damage|p1a: Dee|8\/100\n|-start|p1a: Dee|Salt Cure\n|\n|-heal|p2a: SSSReplacement|100\/100|[from] item: Leftovers\n|-damage|p1a: Dee|0 fnt|[from] Salt Cure\n|faint|p1a: Dee\n|upkeep\n|\n|t:|1700967956\n|switch|p1a: Eee|Espathra, M|12\/100\n|turn|34\n|\n|t:|1700967960\n|move|p1a: Eee|Confuse Ray|p2a: SSSReplacement\n|-start|p2a: SSSReplacement|confusion\n|-activate|p2a: SSSReplacement|confusion\n|move|p2a: SSSReplacement|Salt Cure|p1a: Eee\n|-damage|p1a: Eee|0 fnt\n|faint|p1a: Eee\n|\n|win|Mr Fruitville\n|raw|Vale.plop's rating: 1220 &rarr; <strong>1192<\/strong><br \/>(-28 for losing)\n|raw|Mr Fruitville's rating: 1185 &rarr; <strong>1213<\/strong><br \/>(+28 for winning)\n|l|\u2606Vale.plop\n","uploadtime":1700967977,"views":0,"p1id":"valeplop","p2id":"mrfruitville","formatid":"gen9anythinggoes","rating":1192,"private":0,"password":""}