{"id":"gen9anythinggoes-1999228479","p1":"Lickilicky7","p2":"Nuwyrm","format":"[Gen 9] Anything Goes","log":"|j|\u2606Lickilicky7\n|j|\u2606Nuwyrm\n|t:|1701048083\n|gametype|singles\n|player|p1|Lickilicky7|guitarist|\n|player|p2|Nuwyrm|larry|\n|teamsize|p1|6\n|teamsize|p2|6\n|gen|9\n|tier|[Gen 9] Anything Goes\n|rule|HP Percentage Mod: HP is shown in percentages\n|rule|Endless Battle Clause: Forcing endless battles is banned\n|clearpoke\n|poke|p1|Garganacl, M|\n|poke|p1|Spectrier|\n|poke|p1|Sneasler, M|\n|poke|p1|Cloyster, M|\n|poke|p1|Indeedee-F, F|\n|poke|p1|Donphan, F|\n|poke|p2|Walking Wake|\n|poke|p2|Qwilfish-Hisui, M|\n|poke|p2|Cresselia, F|\n|poke|p2|Bellibolt, M|\n|poke|p2|Great Tusk|\n|poke|p2|Sylveon, F|\n|teampreview\n|j| FLOOR IT\n|j| Jxjpenguin\n|c| Jxjpenguin|Howdy\n|\n|t:|1701048120\n|start\n|switch|p1a: L\u00f6ded Diper|Spectrier|100\/100\n|switch|p2a: BARBER|Qwilfish-Hisui, M|100\/100\n|-ability|p2a: BARBER|Intimidate|boost\n|-unboost|p1a: L\u00f6ded Diper|atk|1\n|turn|1\n|\n|t:|1701048144\n|switch|p1a: Greater Tusk|Donphan, F|100\/100\n|move|p2a: BARBER|Toxic|p1a: Greater Tusk\n|-status|p1a: Greater Tusk|tox\n|\n|-damage|p1a: Greater Tusk|94\/100 tox|[from] psn\n|upkeep\n|turn|2\n|c| Jxjpenguin|Imagine toxic stalling\n|\n|t:|1701048167\n|switch|p2a: MALASADA|Cresselia, F|100\/100\n|move|p1a: Greater Tusk|Stealth Rock|p2a: MALASADA\n|-sidestart|p2: Nuwyrm|move: Stealth Rock\n|\n|-damage|p1a: Greater Tusk|82\/100 tox|[from] psn\n|upkeep\n|turn|3\n|\n|t:|1701048177\n|move|p2a: MALASADA|Calm Mind|p2a: MALASADA\n|-boost|p2a: MALASADA|spa|1\n|-boost|p2a: MALASADA|spd|1\n|move|p1a: Greater Tusk|Knock Off|p2a: MALASADA\n|-supereffective|p2a: MALASADA\n|-crit|p2a: MALASADA\n|-damage|p2a: MALASADA|37\/100\n|-enditem|p2a: MALASADA|Sitrus Berry|[from] move: Knock Off|[of] p1a: Greater Tusk\n|\n|-damage|p1a: Greater Tusk|64\/100 tox|[from] psn\n|upkeep\n|turn|4\n|\n|t:|1701048198\n|switch|p1a: L\u00f6ded Diper|Spectrier|100\/100\n|move|p2a: MALASADA|Moonlight|p2a: MALASADA\n|-heal|p2a: MALASADA|87\/100\n|\n|upkeep\n|turn|5\n|\n|t:|1701048232\n|move|p1a: L\u00f6ded Diper|Shadow Ball|p2a: MALASADA\n|-supereffective|p2a: MALASADA\n|-damage|p2a: MALASADA|28\/100\n|move|p2a: MALASADA|Calm Mind|p2a: MALASADA\n|-boost|p2a: MALASADA|spa|1\n|-boost|p2a: MALASADA|spd|1\n|\n|upkeep\n|turn|6\n|\n|t:|1701048242\n|move|p1a: L\u00f6ded Diper|Shadow Ball|p2a: MALASADA\n|-supereffective|p2a: MALASADA\n|-damage|p2a: MALASADA|0 fnt\n|faint|p2a: MALASADA\n|-ability|p1a: L\u00f6ded Diper|Grim Neigh|boost\n|-boost|p1a: L\u00f6ded Diper|spa|1\n|\n|upkeep\n|c| Jxjpenguin|How did Dom get Larry as a sprite\n|\n|t:|1701048254\n|switch|p2a: BOOGIEWOOGIE|Bellibolt, M|100\/100\n|-damage|p2a: BOOGIEWOOGIE|88\/100|[from] Stealth Rock\n|turn|7\n|\n|t:|1701048263\n|-terastallize|p2a: BOOGIEWOOGIE|Dark\n|move|p1a: L\u00f6ded Diper|Shadow Ball|p2a: BOOGIEWOOGIE\n|-resisted|p2a: BOOGIEWOOGIE\n|-damage|p2a: BOOGIEWOOGIE|56\/100\n|-start|p2a: BOOGIEWOOGIE|Charge|Shadow Ball|[from] ability: Electromorphosis\n|move|p2a: BOOGIEWOOGIE|Parabolic Charge|p1a: L\u00f6ded Diper\n|-damage|p1a: L\u00f6ded Diper|42\/100\n|-heal|p2a: BOOGIEWOOGIE|80\/100|[from] drain|[of] p1a: L\u00f6ded Diper\n|-end|p2a: BOOGIEWOOGIE|Charge|[silent]\n|\n|upkeep\n|turn|8\n|\n|t:|1701048284\n|switch|p1a: Greg|Garganacl, M|100\/100\n|move|p2a: BOOGIEWOOGIE|Tera Blast|p1a: Greg|[anim] Tera Blast Dark\n|-damage|p1a: Greg|80\/100\n|\n|-heal|p1a: Greg|87\/100|[from] item: Leftovers\n|upkeep\n|turn|9\n|j| Ryno5311\n|\n|t:|1701048298\n|move|p2a: BOOGIEWOOGIE|Volt Switch|p1a: Greg\n|-damage|p1a: Greg|71\/100\n|c| Jxjpenguin|Greg pog\n|\n|t:|1701048306\n|switch|p2a: LANDO TUSK|Great Tusk|100\/100|[from] Volt Switch\n|-damage|p2a: LANDO TUSK|97\/100|[from] Stealth Rock\n|-enditem|p2a: LANDO TUSK|Booster Energy\n|-activate|p2a: LANDO TUSK|ability: Protosynthesis|[fromitem]\n|-start|p2a: LANDO TUSK|protosynthesisspe\n|move|p1a: Greg|Salt Cure|p2a: LANDO TUSK\n|-resisted|p2a: LANDO TUSK\n|-damage|p2a: LANDO TUSK|95\/100\n|-start|p2a: LANDO TUSK|Salt Cure\n|\n|-heal|p1a: Greg|77\/100|[from] item: Leftovers\n|-damage|p2a: LANDO TUSK|83\/100|[from] Salt Cure\n|upkeep\n|turn|10\n|\n|t:|1701048328\n|switch|p1a: Ur Mom|Indeedee-F, F|100\/100\n|-fieldstart|move: Psychic Terrain|[from] ability: Psychic Surge|[of] p1a: Ur Mom\n|move|p2a: LANDO TUSK|Earthquake|p1a: Ur Mom\n|-damage|p1a: Ur Mom|34\/100\n|\n|-damage|p2a: LANDO TUSK|70\/100|[from] Salt Cure\n|upkeep\n|turn|11\n|\n|t:|1701048356\n|switch|p1a: Don't Stop Meow|Sneasler, M|100\/100\n|-item|p1a: Don't Stop Meow|Air Balloon\n|move|p2a: LANDO TUSK|Earthquake|p1a: Don't Stop Meow\n|-immune|p1a: Don't Stop Meow\n|\n|-damage|p2a: LANDO TUSK|58\/100|[from] Salt Cure\n|upkeep\n|turn|12\n|\n|t:|1701048378\n|switch|p1a: L\u00f6ded Diper|Spectrier|42\/100\n|move|p2a: LANDO TUSK|Rapid Spin|p1a: L\u00f6ded Diper\n|-immune|p1a: L\u00f6ded Diper\n|\n|-damage|p2a: LANDO TUSK|46\/100|[from] Salt Cure\n|upkeep\n|turn|13\n|\n|t:|1701048393\n|move|p2a: LANDO TUSK|Rock Slide|p1a: L\u00f6ded Diper\n|-damage|p1a: L\u00f6ded Diper|8\/100\n|move|p1a: L\u00f6ded Diper|Draining Kiss|p2a: LANDO TUSK\n|-supereffective|p2a: LANDO TUSK\n|-damage|p2a: LANDO TUSK|0 fnt\n|-heal|p1a: L\u00f6ded Diper|50\/100|[from] drain|[of] p2a: LANDO TUSK\n|faint|p2a: LANDO TUSK\n|-end|p2a: LANDO TUSK|Protosynthesis|[silent]\n|-ability|p1a: L\u00f6ded Diper|Grim Neigh|boost\n|-boost|p1a: L\u00f6ded Diper|spa|1\n|\n|upkeep\n|\n|t:|1701048403\n|switch|p2a: NOAHBOZO|Walking Wake|100\/100\n|-damage|p2a: NOAHBOZO|88\/100|[from] Stealth Rock\n|turn|14\n|c|\u2606Nuwyrm|omg I feel like enemy AI rn\n|c| Jxjpenguin|Lmao\n|\n|t:|1701048424\n|move|p1a: L\u00f6ded Diper|Draining Kiss|p2a: NOAHBOZO\n|-supereffective|p2a: NOAHBOZO\n|-damage|p2a: NOAHBOZO|0 fnt\n|-heal|p1a: L\u00f6ded Diper|100\/100|[from] drain|[of] p2a: NOAHBOZO\n|faint|p2a: NOAHBOZO\n|-end|p2a: NOAHBOZO|Protosynthesis|[silent]\n|-ability|p1a: L\u00f6ded Diper|Grim Neigh|boost\n|-boost|p1a: L\u00f6ded Diper|spa|1\n|\n|upkeep\n|\n|t:|1701048431\n|switch|p2a: BOOGIEWOOGIE|Bellibolt, M, tera:Dark|80\/100\n|-damage|p2a: BOOGIEWOOGIE|68\/100|[from] Stealth Rock\n|turn|15\n|\n|t:|1701048444\n|move|p1a: L\u00f6ded Diper|Draining Kiss|p2a: BOOGIEWOOGIE\n|-supereffective|p2a: BOOGIEWOOGIE\n|-damage|p2a: BOOGIEWOOGIE|0 fnt\n|faint|p2a: BOOGIEWOOGIE\n|-ability|p1a: L\u00f6ded Diper|Grim Neigh|boost\n|-boost|p1a: L\u00f6ded Diper|spa|1\n|\n|upkeep\n|\n|t:|1701048450\n|switch|p2a: CRAZY!!!!|Sylveon, F|100\/100\n|-damage|p2a: CRAZY!!!!|88\/100|[from] Stealth Rock\n|turn|16\n|\n|t:|1701048458\n|move|p1a: L\u00f6ded Diper|Draining Kiss|p2a: CRAZY!!!!\n|-damage|p2a: CRAZY!!!!|36\/100\n|move|p2a: CRAZY!!!!|Calm Mind|p2a: CRAZY!!!!\n|-boost|p2a: CRAZY!!!!|spa|1\n|-boost|p2a: CRAZY!!!!|spd|1\n|\n|-heal|p2a: CRAZY!!!!|42\/100|[from] item: Leftovers\n|upkeep\n|turn|17\n|\n|t:|1701048480\n|move|p2a: CRAZY!!!!|Protect|p2a: CRAZY!!!!\n|-singleturn|p2a: CRAZY!!!!|Protect\n|move|p1a: L\u00f6ded Diper|Draining Kiss|p2a: CRAZY!!!!\n|-activate|p2a: CRAZY!!!!|move: Protect\n|\n|-heal|p2a: CRAZY!!!!|48\/100|[from] item: Leftovers\n|-fieldend|move: Psychic Terrain\n|upkeep\n|turn|18\n|\n|t:|1701048490\n|move|p1a: L\u00f6ded Diper|Draining Kiss|p2a: CRAZY!!!!\n|-damage|p2a: CRAZY!!!!|12\/100\n|move|p2a: CRAZY!!!!|Calm Mind|p2a: CRAZY!!!!\n|-boost|p2a: CRAZY!!!!|spa|1\n|-boost|p2a: CRAZY!!!!|spd|1\n|\n|-heal|p2a: CRAZY!!!!|18\/100|[from] item: Leftovers\n|upkeep\n|turn|19\n|\n|t:|1701048499\n|move|p2a: CRAZY!!!!|Protect|p2a: CRAZY!!!!\n|-singleturn|p2a: CRAZY!!!!|Protect\n|move|p1a: L\u00f6ded Diper|Draining Kiss|p2a: CRAZY!!!!\n|-activate|p2a: CRAZY!!!!|move: Protect\n|\n|-heal|p2a: CRAZY!!!!|24\/100|[from] item: Leftovers\n|upkeep\n|turn|20\n|\n|t:|1701048545\n|move|p1a: L\u00f6ded Diper|Draining Kiss|p2a: CRAZY!!!!\n|-damage|p2a: CRAZY!!!!|0 fnt\n|faint|p2a: CRAZY!!!!\n|-ability|p1a: L\u00f6ded Diper|Grim Neigh|boost\n|-boost|p1a: L\u00f6ded Diper|spa|1\n|\n|upkeep\n|\n|t:|1701048551\n|switch|p2a: BARBER|Qwilfish-Hisui, M|100\/100\n|-damage|p2a: BARBER|88\/100|[from] Stealth Rock\n|-ability|p2a: BARBER|Intimidate|boost\n|-unboost|p1a: L\u00f6ded Diper|atk|1\n|turn|21\n|\n|t:|1701048559\n|move|p1a: L\u00f6ded Diper|Draining Kiss|p2a: BARBER\n|-damage|p2a: BARBER|24\/100\n|move|p2a: BARBER|Toxic|p1a: L\u00f6ded Diper\n|-status|p1a: L\u00f6ded Diper|tox\n|\n|-damage|p1a: L\u00f6ded Diper|94\/100 tox|[from] psn\n|upkeep\n|turn|22\n|l| Ryno5311\n|\n|t:|1701048568\n|move|p1a: L\u00f6ded Diper|Draining Kiss|p2a: BARBER\n|-damage|p2a: BARBER|0 fnt\n|-heal|p1a: L\u00f6ded Diper|100\/100 tox|[from] drain|[of] p2a: BARBER\n|faint|p2a: BARBER\n|\n|win|Lickilicky7\n|c| Jxjpenguin|Gg\n|c|\u2606Lickilicky7|gg\n|l| FLOOR IT\n|c|\u2606Nuwyrm|gg\n|l| Jxjpenguin\n","uploadtime":1701048609,"views":29,"p1id":"lickilicky7","p2id":"nuwyrm","formatid":"gen9anythinggoes","rating":0,"private":0,"password":""}