{"id":"gen9anythinggoes-1973864722","p1":"TheM3ta","p2":"asdfghjklon","format":"[Gen 9] Anything Goes","log":"|j|\u2606TheM3ta\n|j|\u2606asdfghjklon\n|t:|1698021987\n|gametype|singles\n|player|p1|TheM3ta|psychic-gen4|1000\n|player|p2|asdfghjklon|ingo|1113\n|teamsize|p1|6\n|teamsize|p2|6\n|gen|9\n|tier|[Gen 9] Anything Goes\n|rated|\n|rule|HP Percentage Mod: HP is shown in percentages\n|rule|Endless Battle Clause: Forcing endless battles is banned\n|clearpoke\n|poke|p1|Ditto|\n|poke|p1|Ditto|\n|poke|p1|Ditto|\n|poke|p1|Ditto|\n|poke|p1|Ditto|\n|poke|p1|Ditto|\n|poke|p2|Decidueye, M|\n|poke|p2|Charizard, F|\n|poke|p2|Ribombee, F|\n|poke|p2|Mimikyu, M|\n|poke|p2|Ditto|\n|poke|p2|Gengar, F|\n|teampreview\n|inactive|Battle timer is ON: inactive players will automatically lose when time's up. (requested by TheM3ta)\n|\n|t:|1698021991\n|start\n|switch|p1a: Ditto|Ditto, shiny|100\/100\n|switch|p2a: the f-|Ditto, shiny|100\/100\n|-transform|p1a: Ditto|p2a: the f-|[from] ability: Imposter\n|turn|1\n|c|\u2606asdfghjklon|and now\n|c|\u2606asdfghjklon|nobody can win\n|inactive|TheM3ta has 120 seconds left.\n|inactive|asdfghjklon has 120 seconds left.\n|inactive|TheM3ta has 90 seconds left.\n|\n|t:|1698022080\n|move|p2a: the f-|Transform||[still]\n|-fail|p2a: the f-\n|move|p1a: Ditto|Transform||[still]\n|-fail|p1a: Ditto\n|\n|upkeep\n|turn|2\n|inactive|asdfghjklon has 120 seconds left.\n|\n|t:|1698022093\n|move|p2a: the f-|Transform||[still]\n|-fail|p2a: the f-\n|move|p1a: Ditto|Transform||[still]\n|-fail|p1a: Ditto\n|\n|upkeep\n|turn|3\n|\n|t:|1698022096\n|move|p1a: Ditto|Transform||[still]\n|-fail|p1a: Ditto\n|move|p2a: the f-|Transform||[still]\n|-fail|p2a: the f-\n|\n|upkeep\n|turn|4\n|\n|t:|1698022100\n|move|p2a: the f-|Transform||[still]\n|-fail|p2a: the f-\n|move|p1a: Ditto|Transform||[still]\n|-fail|p1a: Ditto\n|\n|upkeep\n|turn|5\n|\n|t:|1698022106\n|move|p1a: Ditto|Transform||[still]\n|-fail|p1a: Ditto\n|move|p2a: the f-|Transform||[still]\n|-fail|p2a: the f-\n|\n|upkeep\n|turn|6\n|j| Shnipe_Cizy\n|\n|t:|1698022116\n|move|p2a: the f-|Transform||[still]\n|-fail|p2a: the f-\n|-activate|p1a: Ditto|move: Struggle\n|move|p1a: Ditto|Struggle|p2a: the f-\n|-crit|p2a: the f-\n|-damage|p2a: the f-|89\/100\n|-damage|p1a: Ditto|75\/100|[from] recoil\n|\n|-heal|p1a: Ditto|81\/100|[from] item: Leftovers\n|upkeep\n|turn|7\n|\n|t:|1698022127\n|-activate|p1a: Ditto|move: Struggle\n|move|p1a: Ditto|Struggle|p2a: the f-\n|-damage|p2a: the f-|82\/100\n|-damage|p1a: Ditto|57\/100|[from] recoil\n|move|p2a: the f-|Transform||[still]\n|-fail|p2a: the f-\n|\n|-heal|p1a: Ditto|62\/100|[from] item: Leftovers\n|upkeep\n|turn|8\n|\n|t:|1698022136\n|-activate|p1a: Ditto|move: Struggle\n|move|p1a: Ditto|Struggle|p2a: the f-\n|-damage|p2a: the f-|74\/100\n|-damage|p1a: Ditto|37\/100|[from] recoil\n|move|p2a: the f-|Transform||[still]\n|-fail|p2a: the f-\n|\n|-heal|p1a: Ditto|43\/100|[from] item: Leftovers\n|upkeep\n|turn|9\n|\n|t:|1698022149\n|-activate|p1a: Ditto|move: Struggle\n|move|p1a: Ditto|Struggle|p2a: the f-\n|-damage|p2a: the f-|67\/100\n|-damage|p1a: Ditto|18\/100|[from] recoil\n|move|p2a: the f-|Transform||[still]\n|-fail|p2a: the f-\n|\n|-heal|p1a: Ditto|24\/100|[from] item: Leftovers\n|upkeep\n|turn|10\n|inactive|TheM3ta has 120 seconds left.\n|\n|t:|1698022157\n|move|p2a: the f-|Transform||[still]\n|-fail|p2a: the f-\n|-activate|p1a: Ditto|move: Struggle\n|move|p1a: Ditto|Struggle|p2a: the f-\n|-damage|p2a: the f-|59\/100\n|-damage|p1a: Ditto|0 fnt|[from] recoil\n|faint|p1a: Ditto\n|\n|upkeep\n|inactive|TheM3ta has 120 seconds left.\n|\n|t:|1698022164\n|switch|p1a: Ditto|Ditto, shiny|100\/100\n|-transform|p1a: Ditto|p2a: the f-|[from] ability: Imposter\n|turn|11\n|\n|t:|1698022169\n|move|p2a: the f-|Transform||[still]\n|-fail|p2a: the f-\n|move|p1a: Ditto|Transform||[still]\n|-fail|p1a: Ditto\n|\n|upkeep\n|turn|12\n|l| Shnipe_Cizy\n|\n|t:|1698022196\n|move|p2a: the f-|Transform||[still]\n|-fail|p2a: the f-\n|move|p1a: Ditto|Transform||[still]\n|-fail|p1a: Ditto\n|\n|upkeep\n|turn|13\n|\n|t:|1698022200\n|move|p1a: Ditto|Transform||[still]\n|-fail|p1a: Ditto\n|move|p2a: the f-|Transform||[still]\n|-fail|p2a: the f-\n|\n|upkeep\n|turn|14\n|\n|t:|1698022206\n|move|p2a: the f-|Transform||[still]\n|-fail|p2a: the f-\n|move|p1a: Ditto|Transform||[still]\n|-fail|p1a: Ditto\n|\n|upkeep\n|turn|15\n|\n|t:|1698022210\n|move|p1a: Ditto|Transform||[still]\n|-fail|p1a: Ditto\n|move|p2a: the f-|Transform||[still]\n|-fail|p2a: the f-\n|\n|upkeep\n|turn|16\n|\n|t:|1698022216\n|-activate|p1a: Ditto|move: Struggle\n|move|p1a: Ditto|Struggle|p2a: the f-\n|-damage|p2a: the f-|52\/100\n|-damage|p1a: Ditto|75\/100|[from] recoil\n|move|p2a: the f-|Transform||[still]\n|-fail|p2a: the f-\n|\n|-heal|p1a: Ditto|81\/100|[from] item: Leftovers\n|upkeep\n|turn|17\n|\n|t:|1698022222\n|-activate|p1a: Ditto|move: Struggle\n|move|p1a: Ditto|Struggle|p2a: the f-\n|-damage|p2a: the f-|45\/100\n|-damage|p1a: Ditto|57\/100|[from] recoil\n|-activate|p2a: the f-|move: Struggle\n|move|p2a: the f-|Struggle|p1a: Ditto\n|-damage|p1a: Ditto|49\/100\n|-damage|p2a: the f-|20\/100|[from] recoil\n|-enditem|p2a: the f-|Aguav Berry|[eat]\n|-heal|p2a: the f-|53\/100|[from] item: Aguav Berry\n|\n|-heal|p1a: Ditto|55\/100|[from] item: Leftovers\n|upkeep\n|turn|18\n|\n|t:|1698022229\n|-activate|p1a: Ditto|move: Struggle\n|move|p1a: Ditto|Struggle|p2a: the f-\n|-damage|p2a: the f-|45\/100\n|-damage|p1a: Ditto|30\/100|[from] recoil\n|-activate|p2a: the f-|move: Struggle\n|move|p2a: the f-|Struggle|p1a: Ditto\n|-damage|p1a: Ditto|22\/100\n|-damage|p2a: the f-|20\/100|[from] recoil\n|\n|-heal|p1a: Ditto|28\/100|[from] item: Leftovers\n|upkeep\n|turn|19\n|\n|t:|1698022236\n|-activate|p1a: Ditto|move: Struggle\n|move|p1a: Ditto|Struggle|p2a: the f-\n|-damage|p2a: the f-|13\/100\n|-damage|p1a: Ditto|3\/100|[from] recoil\n|-activate|p2a: the f-|move: Struggle\n|move|p2a: the f-|Struggle|p1a: Ditto\n|-damage|p1a: Ditto|0 fnt\n|faint|p1a: Ditto\n|-damage|p2a: the f-|0 fnt|[from] recoil\n|faint|p2a: the f-\n|\n|upkeep\n|\n|t:|1698022245\n|switch|p1a: Ditto|Ditto, shiny|100\/100\n|switch|p2a: R- BOMB|Ribombee, F, shiny|100\/100\n|-transform|p1a: Ditto|p2a: R- BOMB|[from] ability: Imposter\n|turn|20\n|\n|t:|1698022257\n|move|p1a: Ditto|Sticky Web|p2a: R- BOMB\n|-sidestart|p2: asdfghjklon|move: Sticky Web\n|move|p2a: R- BOMB|Sticky Web|p1a: Ditto\n|-sidestart|p1: TheM3ta|move: Sticky Web\n|\n|upkeep\n|turn|21\n|\n|t:|1698022278\n|move|p2a: R- BOMB|Psychic|p1a: Ditto\n|-damage|p1a: Ditto|59\/100\n|move|p1a: Ditto|Psychic|p2a: R- BOMB\n|-damage|p2a: R- BOMB|57\/100\n|\n|-heal|p1a: Ditto|65\/100|[from] item: Leftovers\n|upkeep\n|turn|22\n|\n|t:|1698022283\n|move|p2a: R- BOMB|Psychic|p1a: Ditto\n|-damage|p1a: Ditto|29\/100\n|move|p1a: Ditto|Psychic|p2a: R- BOMB\n|-damage|p2a: R- BOMB|11\/100\n|\n|-heal|p1a: Ditto|35\/100|[from] item: Leftovers\n|upkeep\n|turn|23\n|\n|t:|1698022294\n|move|p2a: R- BOMB|Psychic|p1a: Ditto\n|-damage|p1a: Ditto|0 fnt\n|faint|p1a: Ditto\n|\n|upkeep\n|\n|t:|1698022298\n|switch|p1a: Ditto|Ditto, shiny|100\/100\n|-activate|p1a: Ditto|move: Sticky Web\n|-unboost|p1a: Ditto|spe|1\n|-transform|p1a: Ditto|p2a: R- BOMB|[from] ability: Imposter\n|turn|24\n|\n|t:|1698022323\n|move|p2a: R- BOMB|Psychic|p1a: Ditto\n|-damage|p1a: Ditto|64\/100\n|move|p1a: Ditto|Psychic|p2a: R- BOMB\n|-damage|p2a: R- BOMB|0 fnt\n|faint|p2a: R- BOMB\n|\n|-heal|p1a: Ditto|70\/100|[from] item: Leftovers\n|upkeep\n|\n|t:|1698022328\n|switch|p2a: FlameHead|Charizard, F|100\/100\n|turn|25\n|\n|t:|1698022336\n|switch|p1a: Ditto|Ditto, shiny|100\/100\n|-activate|p1a: Ditto|move: Sticky Web\n|-unboost|p1a: Ditto|spe|1\n|-transform|p1a: Ditto|p2a: FlameHead|[from] ability: Imposter\n|move|p2a: FlameHead|Flamethrower|p1a: Ditto\n|-resisted|p1a: Ditto\n|-damage|p1a: Ditto|72\/100\n|\n|-heal|p1a: Ditto|78\/100|[from] item: Leftovers\n|upkeep\n|turn|26\n|\n|t:|1698022351\n|move|p1a: Ditto|Air Slash|p2a: FlameHead\n|-damage|p2a: FlameHead|53\/100\n|move|p2a: FlameHead|Air Slash|p1a: Ditto\n|-damage|p1a: Ditto|33\/100\n|\n|-heal|p1a: Ditto|39\/100|[from] item: Leftovers\n|upkeep\n|turn|27\n|\n|t:|1698022357\n|move|p2a: FlameHead|Air Slash|p1a: Ditto\n|-damage|p1a: Ditto|0 fnt\n|faint|p1a: Ditto\n|\n|upkeep\n|\n|t:|1698022360\n|switch|p1a: Ditto|Ditto, shiny|70\/100\n|-activate|p1a: Ditto|move: Sticky Web\n|-unboost|p1a: Ditto|spe|1\n|-transform|p1a: Ditto|p2a: FlameHead|[from] ability: Imposter\n|turn|28\n|\n|t:|1698022364\n|move|p1a: Ditto|Air Slash|p2a: FlameHead\n|-damage|p2a: FlameHead|8\/100\n|move|p2a: FlameHead|Air Slash|p1a: Ditto\n|-damage|p1a: Ditto|26\/100\n|\n|-heal|p1a: Ditto|32\/100|[from] item: Leftovers\n|upkeep\n|turn|29\n|\n|t:|1698022374\n|move|p2a: FlameHead|Air Slash|p1a: Ditto\n|-damage|p1a: Ditto|0 fnt\n|faint|p1a: Ditto\n|\n|upkeep\n|\n|t:|1698022377\n|switch|p1a: Ditto|Ditto, shiny|100\/100\n|-activate|p1a: Ditto|move: Sticky Web\n|-unboost|p1a: Ditto|spe|1\n|-transform|p1a: Ditto|p2a: FlameHead|[from] ability: Imposter\n|turn|30\n|\n|t:|1698022380\n|move|p1a: Ditto|Air Slash|p2a: FlameHead\n|-damage|p2a: FlameHead|0 fnt\n|faint|p2a: FlameHead\n|\n|upkeep\n|\n|t:|1698022385\n|switch|p2a: Mini|Mimikyu, M, shiny|100\/100\n|-activate|p2a: Mini|move: Sticky Web\n|-unboost|p2a: Mini|spe|1\n|turn|31\n|\n|t:|1698022395\n|move|p1a: Ditto|Air Slash|p2a: Mini\n|-activate|p2a: Mini|ability: Disguise\n|-damage|p2a: Mini|100\/100\n|detailschange|p2a: Mini|Mimikyu-Busted, M, shiny\n|-damage|p2a: Mini|88\/100|[from] pokemon: Mimikyu-Busted\n|cant|p2a: Mini|flinch\n|\n|upkeep\n|turn|32\n|\n|t:|1698022406\n|-terastallize|p1a: Ditto|Steel\n|move|p1a: Ditto|Flamethrower|p2a: Mini\n|-damage|p2a: Mini|32\/100\n|-status|p2a: Mini|brn\n|move|p2a: Mini|Swords Dance|p2a: Mini\n|-boost|p2a: Mini|atk|2\n|\n|-damage|p2a: Mini|26\/100 brn|[from] brn\n|upkeep\n|turn|33\n|\n|t:|1698022414\n|move|p2a: Mini|Shadow Sneak|p1a: Ditto\n|-damage|p1a: Ditto|67\/100\n|-damage|p2a: Mini|16\/100 brn|[from] item: Life Orb\n|move|p1a: Ditto|Flamethrower|p2a: Mini\n|-damage|p2a: Mini|0 fnt\n|faint|p2a: Mini\n|\n|-heal|p1a: Ditto|73\/100|[from] item: Leftovers\n|upkeep\n|\n|t:|1698022418\n|switch|p2a: Gengar|Gengar, F|100\/100\n|-activate|p2a: Gengar|move: Sticky Web\n|-unboost|p2a: Gengar|spe|1\n|turn|34\n|j| Shnipe_Cizy\n|inactive|asdfghjklon has 120 seconds left.\n|inactive|asdfghjklon has 90 seconds left.\n|\n|t:|1698022490\n|move|p1a: Ditto|Air Slash|p2a: Gengar\n|-damage|p2a: Gengar|41\/100\n|-start|p1a: Ditto|Disable|Air Slash|[from] ability: Cursed Body|[of] p2a: Gengar\n|move|p2a: Gengar|Shadow Ball|p1a: Ditto\n|-damage|p1a: Ditto|6\/100\n|-damage|p2a: Gengar|32\/100|[from] item: Life Orb\n|\n|-heal|p1a: Ditto|12\/100|[from] item: Leftovers\n|upkeep\n|turn|35\n|\n|t:|1698022500\n|move|p1a: Ditto|Flamethrower|p2a: Gengar\n|-damage|p2a: Gengar|0 fnt\n|faint|p2a: Gengar\n|\n|-heal|p1a: Ditto|18\/100|[from] item: Leftovers\n|upkeep\n|\n|t:|1698022503\n|switch|p2a: Hawkeye|Decidueye, M, shiny|100\/100\n|-activate|p2a: Hawkeye|move: Sticky Web\n|-unboost|p2a: Hawkeye|spe|1\n|turn|36\n|\n|t:|1698022514\n|-terastallize|p2a: Hawkeye|Ghost\n|move|p1a: Ditto|Flamethrower|p2a: Hawkeye\n|-damage|p2a: Hawkeye|34\/100\n|move|p2a: Hawkeye|Air Slash|p1a: Ditto\n|-resisted|p1a: Ditto\n|-damage|p1a: Ditto|4\/100\n|\n|-heal|p1a: Ditto|10\/100|[from] item: Leftovers\n|-heal|p2a: Hawkeye|40\/100|[from] item: Leftovers\n|upkeep\n|turn|37\n|inactive|asdfghjklon has 90 seconds left.\n|\n|t:|1698022529\n|move|p1a: Ditto|Flamethrower|p2a: Hawkeye\n|-damage|p2a: Hawkeye|0 fnt\n|faint|p2a: Hawkeye\n|\n|win|TheM3ta\n|raw|TheM3ta's rating: 1000 &rarr; <strong>1053<\/strong><br \/>(+53 for winning)\n|raw|asdfghjklon's rating: 1113 &rarr; <strong>1080<\/strong><br \/>(-33 for losing)\n|c|\u2606TheM3ta|gg\n|c|\u2606asdfghjklon|gg (GOD DAMNIT)\n|l| Shnipe_Cizy\n|l|\u2606asdfghjklon\n","uploadtime":1698022554,"views":7,"p1id":"them3ta","p2id":"asdfghjklon","formatid":"gen9anythinggoes","rating":1053,"private":0,"password":""}