{"id":"gen9anythinggoes-1996591611","p1":"Fardulf07","p2":"Josharius","format":"[Gen 9] Anything Goes","log":"|j|\u2606Fardulf07\n|j|\u2606Josharius\n|t:|1700698026\n|gametype|singles\n|player|p1|Fardulf07|gardenia|\n|player|p2|Josharius|ethan|\n|teamsize|p1|6\n|teamsize|p2|6\n|gen|9\n|tier|[Gen 9] Anything Goes\n|rule|HP Percentage Mod: HP is shown in percentages\n|rule|Endless Battle Clause: Forcing endless battles is banned\n|clearpoke\n|poke|p1|Toxapex, M|\n|poke|p1|Garganacl, F|\n|poke|p1|Naclstack, F|\n|poke|p1|Roaring Moon|\n|poke|p1|Ribombee, M|\n|poke|p1|Regieleki|\n|poke|p2|Sandy Shocks|\n|poke|p2|Floatzel, F|\n|poke|p2|Iron Leaves|\n|poke|p2|Klefki, M|\n|poke|p2|Torkoal, M|\n|poke|p2|Lilligant-Hisui, F|\n|teampreview\n|\n|t:|1700698031\n|start\n|switch|p1a: Ribombee|Ribombee, M|100\/100\n|switch|p2a: Strikes Thrice|Sandy Shocks|100\/100\n|turn|1\n|j| caligulahar\n|\n|t:|1700698049\n|-end|p2a: Strikes Thrice|Protosynthesis|[silent]\n|switch|p2a: Helmfire|Torkoal, M|100\/100\n|-weather|SunnyDay|[from] ability: Drought|[of] p2a: Helmfire\n|move|p1a: Ribombee|Substitute|p1a: Ribombee\n|-start|p1a: Ribombee|Substitute\n|-damage|p1a: Ribombee|76\/100\n|\n|-weather|SunnyDay|[upkeep]\n|-heal|p1a: Ribombee|82\/100|[from] item: Leftovers\n|upkeep\n|turn|2\n|\n|t:|1700698093\n|move|p1a: Ribombee|Quiver Dance|p1a: Ribombee\n|-boost|p1a: Ribombee|spa|1\n|-boost|p1a: Ribombee|spd|1\n|-boost|p1a: Ribombee|spe|1\n|move|p2a: Helmfire|Lava Plume|p1a: Ribombee\n|-supereffective|p1a: Ribombee\n|-end|p1a: Ribombee|Substitute\n|\n|-weather|SunnyDay|[upkeep]\n|-heal|p1a: Ribombee|88\/100|[from] item: Leftovers\n|upkeep\n|turn|3\n|\n|t:|1700698106\n|move|p1a: Ribombee|Quiver Dance|p1a: Ribombee\n|-boost|p1a: Ribombee|spa|1\n|-boost|p1a: Ribombee|spd|1\n|-boost|p1a: Ribombee|spe|1\n|move|p2a: Helmfire|Lava Plume|p1a: Ribombee\n|-supereffective|p1a: Ribombee\n|-damage|p1a: Ribombee|36\/100\n|\n|-weather|SunnyDay|[upkeep]\n|-heal|p1a: Ribombee|42\/100|[from] item: Leftovers\n|upkeep\n|turn|4\n|\n|t:|1700698115\n|move|p1a: Ribombee|Substitute|p1a: Ribombee\n|-start|p1a: Ribombee|Substitute\n|-damage|p1a: Ribombee|18\/100\n|move|p2a: Helmfire|Yawn||[still]\n|-fail|p2a: Helmfire\n|\n|-weather|SunnyDay|[upkeep]\n|-heal|p1a: Ribombee|24\/100|[from] item: Leftovers\n|upkeep\n|turn|5\n|\n|t:|1700698123\n|move|p1a: Ribombee|Quiver Dance|p1a: Ribombee\n|-boost|p1a: Ribombee|spa|1\n|-boost|p1a: Ribombee|spd|1\n|-boost|p1a: Ribombee|spe|1\n|move|p2a: Helmfire|Lava Plume|p1a: Ribombee\n|-supereffective|p1a: Ribombee\n|-end|p1a: Ribombee|Substitute\n|\n|-weather|SunnyDay|[upkeep]\n|-heal|p1a: Ribombee|30\/100|[from] item: Leftovers\n|upkeep\n|turn|6\n|\n|t:|1700698150\n|move|p1a: Ribombee|Substitute|p1a: Ribombee\n|-start|p1a: Ribombee|Substitute\n|-damage|p1a: Ribombee|5\/100\n|move|p2a: Helmfire|Yawn||[still]\n|-fail|p2a: Helmfire\n|\n|-weather|SunnyDay|[upkeep]\n|-heal|p1a: Ribombee|11\/100|[from] item: Leftovers\n|upkeep\n|turn|7\n|\n|t:|1700698157\n|move|p1a: Ribombee|Quiver Dance|p1a: Ribombee\n|-boost|p1a: Ribombee|spa|1\n|-boost|p1a: Ribombee|spd|1\n|-boost|p1a: Ribombee|spe|1\n|move|p2a: Helmfire|Yawn||[still]\n|-fail|p2a: Helmfire\n|\n|-weather|SunnyDay|[upkeep]\n|-heal|p1a: Ribombee|18\/100|[from] item: Leftovers\n|upkeep\n|turn|8\n|\n|t:|1700698170\n|move|p1a: Ribombee|Quiver Dance|p1a: Ribombee\n|-boost|p1a: Ribombee|spa|1\n|-boost|p1a: Ribombee|spd|1\n|-boost|p1a: Ribombee|spe|1\n|move|p2a: Helmfire|Rapid Spin|p1a: Ribombee\n|-activate|p1a: Ribombee|move: Substitute|[damage]\n|-boost|p2a: Helmfire|spe|1\n|\n|-weather|none\n|-heal|p1a: Ribombee|24\/100|[from] item: Leftovers\n|upkeep\n|turn|9\n|\n|t:|1700698179\n|move|p1a: Ribombee|Quiver Dance|p1a: Ribombee\n|-boost|p1a: Ribombee|spa|1\n|-boost|p1a: Ribombee|spd|1\n|-boost|p1a: Ribombee|spe|1\n|move|p2a: Helmfire|Lava Plume|p1a: Ribombee\n|-supereffective|p1a: Ribombee\n|-end|p1a: Ribombee|Substitute\n|\n|-heal|p1a: Ribombee|30\/100|[from] item: Leftovers\n|upkeep\n|turn|10\n|\n|t:|1700698190\n|move|p1a: Ribombee|Baton Pass|p1a: Ribombee\n|\n|t:|1700698192\n|switch|p1a: Regieleki|Regieleki|100\/100|[from] Baton Pass\n|move|p2a: Helmfire|Body Press|p1a: Regieleki\n|-damage|p1a: Regieleki|40\/100\n|\n|upkeep\n|turn|11\n|\n|t:|1700698200\n|move|p1a: Regieleki|Thunderbolt|p2a: Helmfire\n|-damage|p2a: Helmfire|0 fnt\n|faint|p2a: Helmfire\n|-damage|p1a: Regieleki|30\/100|[from] item: Life Orb\n|\n|upkeep\n|\n|t:|1700698205\n|switch|p2a: Strikes Thrice|Sandy Shocks|100\/100\n|turn|12\n|\n|t:|1700698215\n|move|p1a: Regieleki|Ancient Power|p2a: Strikes Thrice\n|-resisted|p2a: Strikes Thrice\n|-damage|p2a: Strikes Thrice|42\/100\n|-damage|p1a: Regieleki|20\/100|[from] item: Life Orb\n|move|p2a: Strikes Thrice|Earth Power|p1a: Regieleki\n|-supereffective|p1a: Regieleki\n|-damage|p1a: Regieleki|0 fnt\n|faint|p1a: Regieleki\n|\n|upkeep\n|\n|t:|1700698241\n|switch|p1a: Toxapex|Toxapex, M|100\/100\n|turn|13\n|\n|t:|1700698257\n|move|p2a: Strikes Thrice|Earth Power|p1a: Toxapex\n|-supereffective|p1a: Toxapex\n|-damage|p1a: Toxapex|0 fnt\n|faint|p1a: Toxapex\n|\n|upkeep\n|\n|t:|1700698264\n|switch|p1a: Roaring Moon|Roaring Moon|100\/100\n|-enditem|p1a: Roaring Moon|Booster Energy\n|-activate|p1a: Roaring Moon|ability: Protosynthesis|[fromitem]\n|-start|p1a: Roaring Moon|protosynthesisatk\n|turn|14\n|\n|t:|1700698272\n|-end|p2a: Strikes Thrice|Protosynthesis|[silent]\n|switch|p2a: Seta Kis|Klefki, M|100\/100\n|move|p1a: Roaring Moon|Dragon Claw|p2a: Seta Kis\n|-immune|p2a: Seta Kis\n|\n|upkeep\n|turn|15\n|\n|t:|1700698292\n|-end|p1a: Roaring Moon|Protosynthesis|[silent]\n|switch|p1a: Garganacl|Garganacl, F|100\/100\n|move|p2a: Seta Kis|Reflect|p2a: Seta Kis\n|-sidestart|p2: Josharius|Reflect\n|\n|upkeep\n|turn|16\n|\n|t:|1700698306\n|move|p2a: Seta Kis|Thunder Wave|p1a: Garganacl\n|-immune|p1a: Garganacl|[from] ability: Purifying Salt\n|move|p1a: Garganacl|Salt Cure|p2a: Seta Kis\n|-resisted|p2a: Seta Kis\n|-damage|p2a: Seta Kis|96\/100\n|-start|p2a: Seta Kis|Salt Cure\n|\n|-damage|p2a: Seta Kis|71\/100|[from] Salt Cure\n|upkeep\n|turn|17\n|\n|t:|1700698319\n|switch|p2a: Lawn Motor|Iron Leaves|100\/100\n|-enditem|p2a: Lawn Motor|Booster Energy\n|-activate|p2a: Lawn Motor|ability: Quark Drive|[fromitem]\n|-start|p2a: Lawn Motor|quarkdriveatk\n|move|p1a: Garganacl|Stealth Rock|p2a: Lawn Motor\n|-sidestart|p2: Josharius|move: Stealth Rock\n|\n|upkeep\n|turn|18\n|\n|t:|1700698328\n|move|p2a: Lawn Motor|Close Combat|p1a: Garganacl\n|-supereffective|p1a: Garganacl\n|-damage|p1a: Garganacl|45\/100\n|-unboost|p2a: Lawn Motor|def|1\n|-unboost|p2a: Lawn Motor|spd|1\n|move|p1a: Garganacl|Salt Cure|p2a: Lawn Motor\n|-damage|p2a: Lawn Motor|88\/100\n|-start|p2a: Lawn Motor|Salt Cure\n|\n|-heal|p1a: Garganacl|51\/100|[from] item: Leftovers\n|-damage|p2a: Lawn Motor|75\/100|[from] Salt Cure\n|upkeep\n|turn|19\n|\n|t:|1700698344\n|move|p2a: Lawn Motor|Close Combat|p1a: Garganacl\n|-supereffective|p1a: Garganacl\n|-damage|p1a: Garganacl|0 fnt\n|-unboost|p2a: Lawn Motor|def|1\n|-unboost|p2a: Lawn Motor|spd|1\n|faint|p1a: Garganacl\n|\n|-damage|p2a: Lawn Motor|63\/100|[from] Salt Cure\n|upkeep\n|\n|t:|1700698353\n|switch|p1a: Ribombee|Ribombee, M|30\/100\n|turn|20\n|\n|t:|1700698364\n|move|p1a: Ribombee|Substitute|p1a: Ribombee\n|-start|p1a: Ribombee|Substitute\n|-damage|p1a: Ribombee|5\/100\n|move|p2a: Lawn Motor|Psyblade|p1a: Ribombee\n|-end|p1a: Ribombee|Substitute\n|\n|-heal|p1a: Ribombee|11\/100|[from] item: Leftovers\n|-damage|p2a: Lawn Motor|50\/100|[from] Salt Cure\n|upkeep\n|turn|21\n|\n|t:|1700698393\n|move|p1a: Ribombee|Substitute|p1a: Ribombee\n|-fail|p1a: Ribombee|move: Substitute|[weak]\n|move|p2a: Lawn Motor|Psyblade|p1a: Ribombee\n|-damage|p1a: Ribombee|0 fnt\n|faint|p1a: Ribombee\n|\n|-damage|p2a: Lawn Motor|38\/100|[from] Salt Cure\n|upkeep\n|\n|t:|1700698399\n|switch|p1a: Naclstack|Naclstack, F|100\/100\n|turn|22\n|\n|t:|1700698409\n|move|p2a: Lawn Motor|Close Combat|p1a: Naclstack\n|-supereffective|p1a: Naclstack\n|-damage|p1a: Naclstack|41\/100\n|-unboost|p2a: Lawn Motor|def|1\n|-unboost|p2a: Lawn Motor|spd|1\n|move|p1a: Naclstack|Salt Cure|p2a: Lawn Motor\n|-damage|p2a: Lawn Motor|24\/100\n|\n|-damage|p2a: Lawn Motor|11\/100|[from] Salt Cure\n|-sideend|p2: Josharius|Reflect\n|upkeep\n|turn|23\n|\n|t:|1700698419\n|move|p1a: Naclstack|Protect|p1a: Naclstack\n|-singleturn|p1a: Naclstack|Protect\n|move|p2a: Lawn Motor|Close Combat|p1a: Naclstack\n|-activate|p1a: Naclstack|move: Protect\n|\n|-damage|p2a: Lawn Motor|0 fnt|[from] Salt Cure\n|faint|p2a: Lawn Motor\n|-end|p2a: Lawn Motor|Quark Drive|[silent]\n|upkeep\n|\n|t:|1700698427\n|switch|p2a: Surfing Surprise|Floatzel, F|100\/100\n|turn|24\n|\n|t:|1700698438\n|move|p2a: Surfing Surprise|Wave Crash|p1a: Naclstack\n|-supereffective|p1a: Naclstack\n|-crit|p1a: Naclstack\n|-damage|p1a: Naclstack|0 fnt\n|faint|p1a: Naclstack\n|-damage|p2a: Surfing Surprise|87\/100|[from] Recoil\n|\n|upkeep\n|\n|t:|1700698443\n|switch|p1a: Roaring Moon|Roaring Moon|100\/100\n|turn|25\n|\n|t:|1700698447\n|switch|p2a: Seta Kis|Klefki, M|71\/100\n|-damage|p2a: Seta Kis|65\/100|[from] Stealth Rock\n|move|p1a: Roaring Moon|Dragon Dance|p1a: Roaring Moon\n|-boost|p1a: Roaring Moon|atk|1\n|-boost|p1a: Roaring Moon|spe|1\n|\n|upkeep\n|turn|26\n|\n|t:|1700698456\n|move|p1a: Roaring Moon|Dragon Dance|p1a: Roaring Moon\n|-boost|p1a: Roaring Moon|atk|1\n|-boost|p1a: Roaring Moon|spe|1\n|move|p2a: Seta Kis|Play Rough|p1a: Roaring Moon\n|-supereffective|p1a: Roaring Moon\n|-damage|p1a: Roaring Moon|0 fnt\n|faint|p1a: Roaring Moon\n|-end|p1a: Roaring Moon|Protosynthesis|[silent]\n|\n|win|Josharius\n|l|\u2606Fardulf07\n","uploadtime":1700698466,"views":5,"p1id":"fardulf07","p2id":"josharius","formatid":"gen9anythinggoes","rating":0,"private":0,"password":""}