{"id":"gen9anythinggoes-1994002049","p1":"Sherlock4580","p2":"Cipla","format":"[Gen 9] Anything Goes","log":"|j|\u2606Sherlock4580\n|j|\u2606Cipla\n|t:|1700391462\n|gametype|singles\n|player|p1|Sherlock4580|silver|1000\n|player|p2|Cipla|170|1000\n|teamsize|p1|3\n|teamsize|p2|6\n|gen|9\n|tier|[Gen 9] Anything Goes\n|rated|\n|rule|HP Percentage Mod: HP is shown in percentages\n|rule|Endless Battle Clause: Forcing endless battles is banned\n|clearpoke\n|poke|p1|Darkrai|\n|poke|p1|Magearna|\n|poke|p1|Magearna|\n|poke|p2|Charizard, M|\n|poke|p2|Gyarados, M|\n|poke|p2|Toxtricity-Low-Key, M|\n|poke|p2|Grimmsnarl, M|\n|poke|p2|Dragapult, M|\n|poke|p2|Copperajah, M|\n|teampreview\n|inactive|Battle timer is ON: inactive players will automatically lose when time's up. (requested by Cipla)\n|\n|t:|1700391499\n|start\n|switch|p1a: Magearna|Magearna|100\/100\n|switch|p2a: Copperajah|Copperajah, M|100\/100\n|turn|1\n|\n|t:|1700391505\n|move|p1a: Magearna|Substitute|p1a: Magearna\n|-start|p1a: Magearna|Substitute\n|-damage|p1a: Magearna|76\/100\n|move|p2a: Copperajah|Earthquake|p1a: Magearna\n|-supereffective|p1a: Magearna\n|-end|p1a: Magearna|Substitute\n|\n|upkeep\n|turn|2\n|\n|t:|1700391513\n|move|p1a: Magearna|Shift Gear|p1a: Magearna\n|-boost|p1a: Magearna|spe|2\n|-boost|p1a: Magearna|atk|1\n|move|p2a: Copperajah|Earthquake|p1a: Magearna\n|-supereffective|p1a: Magearna\n|-damage|p1a: Magearna|35\/100\n|\n|upkeep\n|turn|3\n|\n|t:|1700391526\n|move|p1a: Magearna|Baton Pass|p1a: Magearna\n|\n|t:|1700391528\n|switch|p1a: Magearna|Magearna|100\/100|[from] Baton Pass\n|move|p2a: Copperajah|Earthquake|p1a: Magearna\n|-supereffective|p1a: Magearna\n|-damage|p1a: Magearna|45\/100\n|\n|upkeep\n|turn|4\n|\n|t:|1700391537\n|move|p1a: Magearna|Iron Defense|p1a: Magearna\n|-boost|p1a: Magearna|def|2\n|move|p2a: Copperajah|Earthquake|p1a: Magearna\n|-supereffective|p1a: Magearna\n|-damage|p1a: Magearna|15\/100\n|\n|upkeep\n|turn|5\n|\n|t:|1700391544\n|move|p1a: Magearna|Baton Pass|p1a: Magearna\n|\n|t:|1700391546\n|switch|p1a: Darkrai|Darkrai|100\/100|[from] Baton Pass\n|move|p2a: Copperajah|Earthquake|p1a: Darkrai\n|-damage|p1a: Darkrai|77\/100\n|\n|upkeep\n|turn|6\n|\n|t:|1700391557\n|move|p1a: Darkrai|Dark Pulse|p2a: Copperajah\n|-damage|p2a: Copperajah|54\/100\n|move|p2a: Copperajah|Heavy Slam|p1a: Darkrai\n|-damage|p1a: Darkrai|39\/100\n|\n|-heal|p2a: Copperajah|60\/100|[from] item: Leftovers\n|upkeep\n|turn|7\n|\n|t:|1700391565\n|move|p1a: Darkrai|Dark Void|p2a: Copperajah\n|-status|p2a: Copperajah|slp|[from] move: Dark Void\n|cant|p2a: Copperajah|slp\n|\n|-heal|p2a: Copperajah|66\/100 slp|[from] item: Leftovers\n|-damage|p2a: Copperajah|54\/100 slp|[from] ability: Bad Dreams|[of] p1a: Darkrai\n|upkeep\n|turn|8\n|\n|t:|1700391574\n|move|p1a: Darkrai|Dark Pulse|p2a: Copperajah\n|-damage|p2a: Copperajah|12\/100 slp\n|cant|p2a: Copperajah|slp\n|\n|-heal|p2a: Copperajah|18\/100 slp|[from] item: Leftovers\n|-damage|p2a: Copperajah|6\/100 slp|[from] ability: Bad Dreams|[of] p1a: Darkrai\n|upkeep\n|turn|9\n|\n|t:|1700391582\n|move|p1a: Darkrai|Dark Pulse|p2a: Copperajah\n|-damage|p2a: Copperajah|0 fnt\n|faint|p2a: Copperajah\n|\n|upkeep\n|\n|t:|1700391591\n|switch|p2a: Gyarados|Gyarados, M|100\/100\n|-ability|p2a: Gyarados|Intimidate|boost\n|-unboost|p1a: Darkrai|atk|1\n|turn|10\n|\n|t:|1700391600\n|move|p1a: Darkrai|Dark Void|p2a: Gyarados\n|-status|p2a: Gyarados|slp|[from] move: Dark Void\n|cant|p2a: Gyarados|slp\n|\n|-damage|p2a: Gyarados|88\/100 slp|[from] ability: Bad Dreams|[of] p1a: Darkrai\n|upkeep\n|turn|11\n|\n|t:|1700391607\n|move|p1a: Darkrai|Dark Pulse|p2a: Gyarados\n|-damage|p2a: Gyarados|45\/100 slp\n|cant|p2a: Gyarados|slp\n|\n|-heal|p2a: Gyarados|51\/100 slp|[from] item: Leftovers\n|-damage|p2a: Gyarados|39\/100 slp|[from] ability: Bad Dreams|[of] p1a: Darkrai\n|upkeep\n|turn|12\n|\n|t:|1700391614\n|move|p1a: Darkrai|Dark Pulse|p2a: Gyarados\n|-damage|p2a: Gyarados|0 fnt\n|faint|p2a: Gyarados\n|\n|upkeep\n|\n|t:|1700391620\n|switch|p2a: Toxtricity|Toxtricity-Low-Key, M|100\/100\n|turn|13\n|\n|t:|1700391627\n|-terastallize|p1a: Darkrai|Psychic\n|move|p1a: Darkrai|Psychic|p2a: Toxtricity\n|-supereffective|p2a: Toxtricity\n|-damage|p2a: Toxtricity|0 fnt\n|faint|p2a: Toxtricity\n|\n|upkeep\n|\n|t:|1700391634\n|switch|p2a: Grimmsnarl|Grimmsnarl, M|100\/100\n|turn|14\n|\n|t:|1700391640\n|move|p2a: Grimmsnarl|Sucker Punch||[still]\n|-fail|p2a: Grimmsnarl\n|move|p1a: Darkrai|Dark Void|p2a: Grimmsnarl\n|-status|p2a: Grimmsnarl|slp|[from] move: Dark Void\n|\n|-damage|p2a: Grimmsnarl|88\/100 slp|[from] ability: Bad Dreams|[of] p1a: Darkrai\n|upkeep\n|turn|15\n|\n|t:|1700391647\n|cant|p2a: Grimmsnarl|slp\n|move|p1a: Darkrai|Dark Pulse|p2a: Grimmsnarl\n|-resisted|p2a: Grimmsnarl\n|-damage|p2a: Grimmsnarl|73\/100 slp\n|\n|-heal|p2a: Grimmsnarl|79\/100 slp|[from] item: Leftovers\n|-damage|p2a: Grimmsnarl|67\/100 slp|[from] ability: Bad Dreams|[of] p1a: Darkrai\n|upkeep\n|turn|16\n|\n|t:|1700391655\n|cant|p2a: Grimmsnarl|slp\n|move|p1a: Darkrai|Dark Pulse|p2a: Grimmsnarl\n|-resisted|p2a: Grimmsnarl\n|-damage|p2a: Grimmsnarl|53\/100 slp\n|\n|-heal|p2a: Grimmsnarl|59\/100 slp|[from] item: Leftovers\n|-damage|p2a: Grimmsnarl|47\/100 slp|[from] ability: Bad Dreams|[of] p1a: Darkrai\n|upkeep\n|turn|17\n|\n|t:|1700391663\n|-curestatus|p2a: Grimmsnarl|slp|[msg]\n|move|p2a: Grimmsnarl|Sucker Punch|p1a: Darkrai\n|-supereffective|p1a: Darkrai\n|-damage|p1a: Darkrai|0 fnt\n|faint|p1a: Darkrai\n|\n|-heal|p2a: Grimmsnarl|53\/100|[from] item: Leftovers\n|upkeep\n|\n|t:|1700391668\n|switch|p1a: Magearna|Magearna|15\/100\n|turn|18\n|\n|t:|1700391674\n|move|p2a: Grimmsnarl|Sucker Punch||[still]\n|-fail|p2a: Grimmsnarl\n|move|p1a: Magearna|Iron Defense|p1a: Magearna\n|-boost|p1a: Magearna|def|2\n|\n|-heal|p2a: Grimmsnarl|59\/100|[from] item: Leftovers\n|upkeep\n|turn|19\n|\n|t:|1700391681\n|move|p1a: Magearna|Rest|p1a: Magearna\n|-status|p1a: Magearna|slp|[from] move: Rest\n|-enditem|p1a: Magearna|Lum Berry|[eat]\n|-curestatus|p1a: Magearna|slp|[msg]\n|-heal|p1a: Magearna|100\/100|[silent]\n|move|p2a: Grimmsnarl|Dark Pulse|p1a: Magearna\n|-resisted|p1a: Magearna\n|-crit|p1a: Magearna\n|-damage|p1a: Magearna|88\/100\n|\n|-heal|p2a: Grimmsnarl|65\/100|[from] item: Leftovers\n|upkeep\n|turn|20\n|\n|t:|1700391692\n|move|p1a: Magearna|Iron Defense|p1a: Magearna\n|-boost|p1a: Magearna|def|2\n|move|p2a: Grimmsnarl|Hyper Beam|p1a: Magearna\n|-resisted|p1a: Magearna\n|-damage|p1a: Magearna|79\/100\n|-mustrecharge|p2a: Grimmsnarl\n|\n|-heal|p2a: Grimmsnarl|71\/100|[from] item: Leftovers\n|upkeep\n|turn|21\n|\n|t:|1700391700\n|move|p1a: Magearna|Iron Defense|p1a: Magearna\n|-boost|p1a: Magearna|def|2\n|cant|p2a: Grimmsnarl|recharge\n|\n|-heal|p2a: Grimmsnarl|77\/100|[from] item: Leftovers\n|upkeep\n|turn|22\n|\n|t:|1700391706\n|move|p2a: Grimmsnarl|Sucker Punch||[still]\n|-fail|p2a: Grimmsnarl\n|move|p1a: Magearna|Baton Pass|p1a: Magearna\n|\n|t:|1700391708\n|switch|p1a: Magearna|Magearna|35\/100|[from] Baton Pass\n|\n|-heal|p2a: Grimmsnarl|83\/100|[from] item: Leftovers\n|upkeep\n|turn|23\n|\n|t:|1700391714\n|move|p2a: Grimmsnarl|Nasty Plot|p2a: Grimmsnarl\n|-boost|p2a: Grimmsnarl|spa|2\n|move|p1a: Magearna|Substitute|p1a: Magearna\n|-start|p1a: Magearna|Substitute\n|-damage|p1a: Magearna|11\/100\n|-enditem|p1a: Magearna|Aguav Berry|[eat]\n|-heal|p1a: Magearna|44\/100|[from] item: Aguav Berry\n|\n|-heal|p2a: Grimmsnarl|89\/100|[from] item: Leftovers\n|upkeep\n|turn|24\n|\n|t:|1700391722\n|move|p2a: Grimmsnarl|Nasty Plot|p2a: Grimmsnarl\n|-boost|p2a: Grimmsnarl|spa|2\n|move|p1a: Magearna|Calm Mind|p1a: Magearna\n|-boost|p1a: Magearna|spa|1\n|-boost|p1a: Magearna|spd|1\n|\n|-heal|p2a: Grimmsnarl|95\/100|[from] item: Leftovers\n|upkeep\n|turn|25\n|\n|t:|1700391730\n|move|p2a: Grimmsnarl|Sucker Punch||[still]\n|-fail|p2a: Grimmsnarl\n|move|p1a: Magearna|Calm Mind|p1a: Magearna\n|-boost|p1a: Magearna|spa|1\n|-boost|p1a: Magearna|spd|1\n|\n|-heal|p2a: Grimmsnarl|100\/100|[from] item: Leftovers\n|upkeep\n|turn|26\n|\n|t:|1700391738\n|move|p2a: Grimmsnarl|Sucker Punch||[still]\n|-fail|p2a: Grimmsnarl\n|move|p1a: Magearna|Shift Gear|p1a: Magearna\n|-boost|p1a: Magearna|spe|2\n|-boost|p1a: Magearna|atk|1\n|\n|upkeep\n|turn|27\n|\n|t:|1700391744\n|move|p1a: Magearna|Shift Gear|p1a: Magearna\n|-boost|p1a: Magearna|spe|2\n|-boost|p1a: Magearna|atk|1\n|move|p2a: Grimmsnarl|Dark Pulse|p1a: Magearna\n|-resisted|p1a: Magearna\n|-activate|p1a: Magearna|move: Substitute|[damage]\n|\n|upkeep\n|turn|28\n|\n|t:|1700391752\n|switch|p2a: Dragapult|Dragapult, M|100\/100\n|move|p1a: Magearna|Calm Mind|p1a: Magearna\n|-boost|p1a: Magearna|spa|1\n|-boost|p1a: Magearna|spd|1\n|\n|upkeep\n|turn|29\n|\n|t:|1700391758\n|move|p1a: Magearna|Calm Mind|p1a: Magearna\n|-boost|p1a: Magearna|spa|1\n|-boost|p1a: Magearna|spd|1\n|move|p2a: Dragapult|Dragon Dance|p2a: Dragapult\n|-boost|p2a: Dragapult|atk|1\n|-boost|p2a: Dragapult|spe|1\n|\n|upkeep\n|turn|30\n|\n|t:|1700391768\n|move|p2a: Dragapult|Dragon Dance|p2a: Dragapult\n|-boost|p2a: Dragapult|atk|1\n|-boost|p2a: Dragapult|spe|1\n|move|p1a: Magearna|Calm Mind|p1a: Magearna\n|-boost|p1a: Magearna|spa|1\n|-boost|p1a: Magearna|spd|1\n|\n|upkeep\n|turn|31\n|\n|t:|1700391774\n|move|p2a: Dragapult|Draco Meteor|p1a: Magearna\n|-immune|p1a: Magearna\n|move|p1a: Magearna|Calm Mind|p1a: Magearna\n|-boost|p1a: Magearna|spa|1\n|-boost|p1a: Magearna|spd|1\n|\n|upkeep\n|turn|32\n|\n|t:|1700391781\n|move|p2a: Dragapult|Shadow Ball|p1a: Magearna\n|-activate|p1a: Magearna|move: Substitute|[damage]\n|move|p1a: Magearna|Shift Gear|p1a: Magearna\n|-boost|p1a: Magearna|spe|2\n|-boost|p1a: Magearna|atk|1\n|\n|upkeep\n|turn|33\n|\n|t:|1700391809\n|move|p2a: Dragapult|Shadow Ball|p1a: Magearna\n|-end|p1a: Magearna|Substitute\n|move|p1a: Magearna|Calm Mind|p1a: Magearna\n|-boost|p1a: Magearna|spa|0\n|-boost|p1a: Magearna|spd|0\n|\n|upkeep\n|turn|34\n|\n|t:|1700391816\n|move|p2a: Dragapult|Shadow Ball|p1a: Magearna\n|-damage|p1a: Magearna|37\/100\n|-unboost|p1a: Magearna|spd|1\n|move|p1a: Magearna|Substitute|p1a: Magearna\n|-start|p1a: Magearna|Substitute\n|-damage|p1a: Magearna|12\/100\n|\n|upkeep\n|turn|35\n|\n|t:|1700391823\n|move|p2a: Dragapult|Shadow Ball|p1a: Magearna\n|-activate|p1a: Magearna|move: Substitute|[damage]\n|move|p1a: Magearna|Baton Pass|p1a: Magearna\n|\n|t:|1700391828\n|switch|p1a: Magearna|Magearna|79\/100|[from] Baton Pass\n|\n|upkeep\n|turn|36\n|\n|t:|1700391842\n|move|p2a: Dragapult|Shadow Ball|p1a: Magearna\n|-activate|p1a: Magearna|move: Substitute|[damage]\n|move|p1a: Magearna|Iron Defense|p1a: Magearna\n|-boost|p1a: Magearna|def|0\n|\n|upkeep\n|turn|37\n|\n|t:|1700391848\n|move|p2a: Dragapult|Shadow Ball|p1a: Magearna\n|-activate|p1a: Magearna|move: Substitute|[damage]\n|move|p1a: Magearna|Iron Defense|p1a: Magearna\n|-boost|p1a: Magearna|def|0\n|\n|upkeep\n|turn|38\n|\n|t:|1700391854\n|move|p2a: Dragapult|Shadow Ball|p1a: Magearna\n|-end|p1a: Magearna|Substitute\n|move|p1a: Magearna|Iron Defense|p1a: Magearna\n|-boost|p1a: Magearna|def|0\n|\n|upkeep\n|turn|39\n|\n|t:|1700391859\n|move|p2a: Dragapult|Shadow Ball|p1a: Magearna\n|-damage|p1a: Magearna|72\/100\n|move|p1a: Magearna|Substitute|p1a: Magearna\n|-start|p1a: Magearna|Substitute\n|-damage|p1a: Magearna|47\/100\n|\n|upkeep\n|turn|40\n|\n|t:|1700391865\n|move|p2a: Dragapult|Shadow Ball|p1a: Magearna\n|-activate|p1a: Magearna|move: Substitute|[damage]\n|move|p1a: Magearna|Iron Defense|p1a: Magearna\n|-boost|p1a: Magearna|def|0\n|\n|upkeep\n|turn|41\n|\n|t:|1700391871\n|move|p2a: Dragapult|Phantom Force||[still]\n|-prepare|p2a: Dragapult|Phantom Force\n|move|p1a: Magearna|Rest|p1a: Magearna\n|-status|p1a: Magearna|slp|[from] move: Rest\n|-heal|p1a: Magearna|100\/100 slp|[silent]\n|\n|upkeep\n|turn|42\n|\n|t:|1700391878\n|move|p2a: Dragapult|Phantom Force|p1a: Magearna|[from]lockedmove\n|-activate|p1a: Magearna|move: Substitute|[damage]\n|cant|p1a: Magearna|slp\n|\n|upkeep\n|turn|43\n|\n|t:|1700391887\n|move|p2a: Dragapult|Phantom Force||[still]\n|-prepare|p2a: Dragapult|Phantom Force\n|cant|p1a: Magearna|slp\n|\n|upkeep\n|turn|44\n|\n|t:|1700391908\n|move|p2a: Dragapult|Phantom Force|p1a: Magearna|[from]lockedmove\n|-end|p1a: Magearna|Substitute\n|-curestatus|p1a: Magearna|slp|[msg]\n|move|p1a: Magearna|Baton Pass|p1a: Magearna\n|\n|t:|1700391913\n|switch|p1a: Magearna|Magearna|12\/100|[from] Baton Pass\n|\n|upkeep\n|turn|45\n|\n|t:|1700391920\n|move|p2a: Dragapult|Shadow Ball|p1a: Magearna\n|-damage|p1a: Magearna|3\/100\n|move|p1a: Magearna|Baton Pass|p1a: Magearna\n|\n|t:|1700391923\n|switch|p1a: Magearna|Magearna|100\/100|[from] Baton Pass\n|\n|upkeep\n|turn|46\n|\n|t:|1700391927\n|move|p2a: Dragapult|Shadow Ball|p1a: Magearna\n|-damage|p1a: Magearna|95\/100\n|-unboost|p1a: Magearna|spd|1\n|move|p1a: Magearna|Substitute|p1a: Magearna\n|-start|p1a: Magearna|Substitute\n|-damage|p1a: Magearna|70\/100\n|\n|upkeep\n|turn|47\n|\n|t:|1700391946\n|switch|p2a: Charizard|Charizard, M|100\/100\n|move|p1a: Magearna|Iron Defense|p1a: Magearna\n|-boost|p1a: Magearna|def|0\n|\n|upkeep\n|turn|48\n|\n|t:|1700391953\n|move|p1a: Magearna|Iron Defense|p1a: Magearna\n|-boost|p1a: Magearna|def|0\n|move|p2a: Charizard|Swords Dance|p2a: Charizard\n|-boost|p2a: Charizard|atk|2\n|\n|upkeep\n|turn|49\n|\n|t:|1700391963\n|move|p1a: Magearna|Iron Defense|p1a: Magearna\n|-boost|p1a: Magearna|def|0\n|move|p2a: Charizard|Swords Dance|p2a: Charizard\n|-boost|p2a: Charizard|atk|2\n|\n|upkeep\n|turn|50\n|\n|t:|1700391968\n|move|p1a: Magearna|Iron Defense|p1a: Magearna\n|-boost|p1a: Magearna|def|0\n|move|p2a: Charizard|Swords Dance|p2a: Charizard\n|-boost|p2a: Charizard|atk|2\n|\n|upkeep\n|turn|51\n|\n|t:|1700391976\n|move|p1a: Magearna|Substitute|p1a: Magearna\n|-fail|p1a: Magearna|move: Substitute\n|move|p2a: Charizard|Air Slash|p1a: Magearna\n|-resisted|p1a: Magearna\n|-crit|p1a: Magearna\n|-activate|p1a: Magearna|move: Substitute|[damage]\n|\n|upkeep\n|turn|52\n|\n|t:|1700391983\n|move|p1a: Magearna|Iron Defense|p1a: Magearna\n|-boost|p1a: Magearna|def|0\n|move|p2a: Charizard|Air Slash|p1a: Magearna\n|-resisted|p1a: Magearna\n|-activate|p1a: Magearna|move: Substitute|[damage]\n|\n|upkeep\n|turn|53\n|\n|t:|1700391993\n|move|p1a: Magearna|Iron Defense|p1a: Magearna\n|-boost|p1a: Magearna|def|0\n|move|p2a: Charizard|Air Slash|p1a: Magearna\n|-resisted|p1a: Magearna\n|-activate|p1a: Magearna|move: Substitute|[damage]\n|\n|upkeep\n|turn|54\n|\n|t:|1700392004\n|move|p1a: Magearna|Iron Defense|p1a: Magearna\n|-boost|p1a: Magearna|def|0\n|move|p2a: Charizard|Dragon Pulse|p1a: Magearna\n|-immune|p1a: Magearna\n|\n|upkeep\n|turn|55\n|\n|t:|1700392011\n|move|p1a: Magearna|Iron Defense|p1a: Magearna\n|-boost|p1a: Magearna|def|0\n|move|p2a: Charizard|Fire Blast|p1a: Magearna|[miss]\n|-miss|p2a: Charizard|p1a: Magearna\n|\n|upkeep\n|turn|56\n|\n|t:|1700392029\n|move|p1a: Magearna|Iron Defense|p1a: Magearna\n|-boost|p1a: Magearna|def|0\n|move|p2a: Charizard|Air Slash|p1a: Magearna\n|-resisted|p1a: Magearna\n|-activate|p1a: Magearna|move: Substitute|[damage]\n|\n|upkeep\n|turn|57\n|\n|t:|1700392038\n|move|p1a: Magearna|Baton Pass|p1a: Magearna\n|\n|t:|1700392040\n|switch|p1a: Magearna|Magearna|3\/100|[from] Baton Pass\n|move|p2a: Charizard|Air Slash|p1a: Magearna\n|-resisted|p1a: Magearna\n|-end|p1a: Magearna|Substitute\n|\n|upkeep\n|turn|58\n|\n|t:|1700392049\n|move|p1a: Magearna|Baton Pass|p1a: Magearna\n|\n|t:|1700392051\n|switch|p1a: Magearna|Magearna|70\/100|[from] Baton Pass\n|move|p2a: Charizard|Fire Blast|p1a: Magearna\n|-supereffective|p1a: Magearna\n|-damage|p1a: Magearna|52\/100\n|\n|upkeep\n|turn|59\n|\n|t:|1700392059\n|move|p1a: Magearna|Substitute|p1a: Magearna\n|-start|p1a: Magearna|Substitute\n|-damage|p1a: Magearna|27\/100\n|move|p2a: Charizard|Fire Blast|p1a: Magearna\n|-supereffective|p1a: Magearna\n|-activate|p1a: Magearna|move: Substitute|[damage]\n|\n|upkeep\n|turn|60\n|\n|t:|1700392067\n|move|p1a: Magearna|Rest|p1a: Magearna\n|-status|p1a: Magearna|slp|[from] move: Rest\n|-heal|p1a: Magearna|100\/100 slp|[silent]\n|move|p2a: Charizard|Air Slash|p1a: Magearna\n|-resisted|p1a: Magearna\n|-activate|p1a: Magearna|move: Substitute|[damage]\n|\n|upkeep\n|turn|61\n|\n|t:|1700392087\n|cant|p1a: Magearna|slp\n|move|p2a: Charizard|Air Slash|p1a: Magearna\n|-resisted|p1a: Magearna\n|-activate|p1a: Magearna|move: Substitute|[damage]\n|\n|upkeep\n|turn|62\n|\n|t:|1700392093\n|cant|p1a: Magearna|slp\n|move|p2a: Charizard|Air Slash|p1a: Magearna\n|-resisted|p1a: Magearna\n|-end|p1a: Magearna|Substitute\n|\n|upkeep\n|turn|63\n|\n|t:|1700392100\n|-curestatus|p1a: Magearna|slp|[msg]\n|move|p1a: Magearna|Substitute|p1a: Magearna\n|-start|p1a: Magearna|Substitute\n|-damage|p1a: Magearna|75\/100\n|move|p2a: Charizard|Fire Blast|p1a: Magearna\n|-supereffective|p1a: Magearna\n|-activate|p1a: Magearna|move: Substitute|[damage]\n|\n|upkeep\n|turn|64\n|\n|t:|1700392110\n|move|p1a: Magearna|Iron Defense|p1a: Magearna\n|-boost|p1a: Magearna|def|0\n|move|p2a: Charizard|Air Slash|p1a: Magearna\n|-resisted|p1a: Magearna\n|-activate|p1a: Magearna|move: Substitute|[damage]\n|\n|upkeep\n|turn|65\n|\n|t:|1700392121\n|move|p1a: Magearna|Iron Defense|p1a: Magearna\n|-boost|p1a: Magearna|def|0\n|move|p2a: Charizard|Air Slash|p1a: Magearna\n|-resisted|p1a: Magearna\n|-activate|p1a: Magearna|move: Substitute|[damage]\n|\n|upkeep\n|turn|66\n|\n|t:|1700392130\n|switch|p2a: Grimmsnarl|Grimmsnarl, M|100\/100\n|move|p1a: Magearna|Iron Defense|p1a: Magearna\n|-boost|p1a: Magearna|def|0\n|\n|upkeep\n|turn|67\n|\n|t:|1700392138\n|move|p1a: Magearna|Iron Defense|p1a: Magearna\n|-boost|p1a: Magearna|def|0\n|move|p2a: Grimmsnarl|Hyper Beam|p1a: Magearna|[miss]\n|-miss|p2a: Grimmsnarl|p1a: Magearna\n|\n|upkeep\n|turn|68\n|\n|t:|1700392145\n|move|p1a: Magearna|Iron Defense|p1a: Magearna\n|-boost|p1a: Magearna|def|0\n|move|p2a: Grimmsnarl|Hyper Beam|p1a: Magearna\n|-resisted|p1a: Magearna\n|-end|p1a: Magearna|Substitute\n|-mustrecharge|p2a: Grimmsnarl\n|\n|upkeep\n|turn|69\n|\n|t:|1700392152\n|move|p1a: Magearna|Substitute|p1a: Magearna\n|-start|p1a: Magearna|Substitute\n|-damage|p1a: Magearna|50\/100\n|cant|p2a: Grimmsnarl|recharge\n|\n|upkeep\n|turn|70\n|\n|t:|1700392157\n|move|p1a: Magearna|Rest|p1a: Magearna\n|-status|p1a: Magearna|slp|[from] move: Rest\n|-heal|p1a: Magearna|100\/100 slp|[silent]\n|move|p2a: Grimmsnarl|Hyper Beam|p1a: Magearna\n|-resisted|p1a: Magearna\n|-crit|p1a: Magearna\n|-activate|p1a: Magearna|move: Substitute|[damage]\n|-mustrecharge|p2a: Grimmsnarl\n|\n|upkeep\n|turn|71\n|\n|t:|1700392167\n|cant|p1a: Magearna|slp\n|cant|p2a: Grimmsnarl|recharge\n|\n|upkeep\n|turn|72\n|\n|t:|1700392175\n|move|p2a: Grimmsnarl|Sucker Punch||[still]\n|-fail|p2a: Grimmsnarl\n|cant|p1a: Magearna|slp\n|\n|upkeep\n|turn|73\n|\n|t:|1700392181\n|-curestatus|p1a: Magearna|slp|[msg]\n|move|p1a: Magearna|Iron Defense|p1a: Magearna\n|-boost|p1a: Magearna|def|0\n|move|p2a: Grimmsnarl|Dark Pulse|p1a: Magearna\n|-resisted|p1a: Magearna\n|-activate|p1a: Magearna|move: Substitute|[damage]\n|\n|upkeep\n|turn|74\n|\n|t:|1700392200\n|move|p2a: Grimmsnarl|Sucker Punch||[still]\n|-fail|p2a: Grimmsnarl\n|move|p1a: Magearna|Iron Defense|p1a: Magearna\n|-boost|p1a: Magearna|def|0\n|\n|upkeep\n|turn|75\n|\n|t:|1700392220\n|move|p1a: Magearna|Rest|p1a: Magearna\n|-fail|p1a: Magearna|heal\n|move|p2a: Grimmsnarl|Hyper Beam|p1a: Magearna|[miss]\n|-miss|p2a: Grimmsnarl|p1a: Magearna\n|\n|upkeep\n|turn|76\n|-message|Cipla forfeited.\n|\n|win|Sherlock4580\n|raw|Sherlock4580's rating: 1000 &rarr; <strong>1040<\/strong><br \/>(+40 for winning)\n|raw|Cipla's rating: 1000 &rarr; <strong>1000<\/strong><br \/>(+0 for losing)\n|l|\u2606Cipla\n","uploadtime":1700392235,"views":2,"p1id":"sherlock4580","p2id":"cipla","formatid":"gen9anythinggoes","rating":1000,"private":0,"password":""}