{"id":"gen9anythinggoes-1972559827","p1":"Haxxhatred","p2":"iamdogewastaken","format":"[Gen 9] Anything Goes","log":"|j|\u2606Haxxhatred\n|j|\u2606iamdogewastaken\n|t:|1697857081\n|gametype|singles\n|player|p1|Haxxhatred|266|1000\n|player|p2|iamdogewastaken|lucas|1157\n|teamsize|p1|6\n|teamsize|p2|6\n|gen|9\n|tier|[Gen 9] Anything Goes\n|rated|\n|rule|HP Percentage Mod: HP is shown in percentages\n|rule|Endless Battle Clause: Forcing endless battles is banned\n|clearpoke\n|poke|p1|Dragapult, M|\n|poke|p1|Iron Valiant|\n|poke|p1|Arceus|\n|poke|p1|Grimmsnarl, M|\n|poke|p1|Giratina-Origin|\n|poke|p1|Dialga|\n|poke|p2|Okidogi, M|\n|poke|p2|Baxcalibur, F|\n|poke|p2|Miraidon|\n|poke|p2|Darkrai|\n|poke|p2|Giratina-Origin|\n|poke|p2|Dugtrio, F|\n|teampreview\n|inactive|Battle timer is ON: inactive players will automatically lose when time's up. (requested by iamdogewastaken)\n|inactive|iamdogewastaken has 120 seconds left.\n|\n|t:|1697857112\n|start\n|switch|p1a: Giratina|Giratina-Origin|100\/100\n|switch|p2a: Darkrai|Darkrai|100\/100\n|turn|1\n|\n|t:|1697857122\n|switch|p1a: Grimmsnarl|Grimmsnarl, M|100\/100\n|move|p2a: Darkrai|Hypnosis|p1a: Grimmsnarl\n|-status|p1a: Grimmsnarl|slp|[from] move: Hypnosis\n|-enditem|p1a: Grimmsnarl|Lum Berry|[eat]\n|-curestatus|p1a: Grimmsnarl|slp|[msg]\n|\n|upkeep\n|turn|2\n|\n|t:|1697857142\n|move|p1a: Grimmsnarl|Misty Terrain|p1a: Grimmsnarl\n|-fieldstart|move: Misty Terrain\n|move|p2a: Darkrai|Focus Blast|p1a: Grimmsnarl|[miss]\n|-miss|p2a: Darkrai|p1a: Grimmsnarl\n|\n|upkeep\n|turn|3\n|\n|t:|1697857148\n|move|p2a: Darkrai|Focus Blast|p1a: Grimmsnarl|[miss]\n|-miss|p2a: Darkrai|p1a: Grimmsnarl\n|move|p1a: Grimmsnarl|Play Rough|p2a: Darkrai\n|-supereffective|p2a: Darkrai\n|-damage|p2a: Darkrai|0 fnt\n|faint|p2a: Darkrai\n|\n|upkeep\n|\n|t:|1697857162\n|switch|p2a: Baxcalibur|Baxcalibur, F|100\/100\n|turn|4\n|\n|t:|1697857167\n|move|p2a: Baxcalibur|Icicle Spear|p1a: Grimmsnarl\n|-damage|p1a: Grimmsnarl|84\/100\n|-damage|p1a: Grimmsnarl|69\/100\n|-damage|p1a: Grimmsnarl|53\/100\n|-damage|p1a: Grimmsnarl|36\/100\n|-hitcount|p1a: Grimmsnarl|4\n|move|p1a: Grimmsnarl|Play Rough|p2a: Baxcalibur\n|-supereffective|p2a: Baxcalibur\n|-damage|p2a: Baxcalibur|7\/100\n|\n|upkeep\n|turn|5\n|\n|t:|1697857186\n|switch|p1a: Arceus|Arceus|100\/100\n|move|p2a: Baxcalibur|Icicle Spear|p1a: Arceus\n|-damage|p1a: Arceus|91\/100\n|-damage|p1a: Arceus|80\/100\n|-damage|p1a: Arceus|70\/100\n|-damage|p1a: Arceus|60\/100\n|-hitcount|p1a: Arceus|4\n|\n|upkeep\n|turn|6\n|\n|t:|1697857200\n|switch|p2a: Dugtrio|Dugtrio, F|100\/100\n|move|p1a: Arceus|Recover|p1a: Arceus\n|-heal|p1a: Arceus|100\/100\n|\n|-fieldend|Misty Terrain\n|upkeep\n|turn|7\n|\n|t:|1697857211\n|move|p1a: Arceus|Extreme Speed|p2a: Dugtrio\n|-enditem|p2a: Dugtrio|Focus Sash\n|-damage|p2a: Dugtrio|1\/100\n|-damage|p1a: Arceus|91\/100|[from] item: Life Orb\n|move|p2a: Dugtrio|Fissure|p1a: Arceus|[miss]\n|-miss|p2a: Dugtrio|p1a: Arceus\n|\n|upkeep\n|turn|8\n|\n|t:|1697857222\n|move|p1a: Arceus|Extreme Speed|p2a: Dugtrio\n|-damage|p2a: Dugtrio|0 fnt\n|faint|p2a: Dugtrio\n|-damage|p1a: Arceus|81\/100|[from] item: Life Orb\n|\n|upkeep\n|\n|t:|1697857229\n|switch|p2a: Miraidon|Miraidon|100\/100\n|-fieldstart|move: Electric Terrain|[from] ability: Hadron Engine|[of] p2a: Miraidon\n|turn|9\n|\n|t:|1697857250\n|switch|p1a: Dragapult|Dragapult, M|100\/100\n|move|p2a: Miraidon|Electro Drift|p1a: Dragapult\n|-resisted|p1a: Dragapult\n|-damage|p1a: Dragapult|59\/100\n|\n|upkeep\n|turn|10\n|\n|t:|1697857260\n|move|p1a: Dragapult|Dragon Dance|p1a: Dragapult\n|-boost|p1a: Dragapult|atk|1\n|-boost|p1a: Dragapult|spe|1\n|move|p2a: Miraidon|Dragon Pulse|p1a: Dragapult\n|-supereffective|p1a: Dragapult\n|-damage|p1a: Dragapult|0 fnt\n|faint|p1a: Dragapult\n|\n|upkeep\n|\n|t:|1697857275\n|switch|p1a: Iron Valiant|Iron Valiant, shiny|100\/100\n|-activate|p1a: Iron Valiant|ability: Quark Drive\n|-start|p1a: Iron Valiant|quarkdriveatk\n|turn|11\n|\n|t:|1697857282\n|move|p1a: Iron Valiant|Spirit Break|p2a: Miraidon\n|-supereffective|p2a: Miraidon\n|-damage|p2a: Miraidon|5\/100\n|-unboost|p2a: Miraidon|spa|1\n|move|p2a: Miraidon|Overheat|p1a: Iron Valiant\n|-damage|p1a: Iron Valiant|52\/100\n|-unboost|p2a: Miraidon|spa|2\n|\n|upkeep\n|turn|12\n|\n|t:|1697857292\n|switch|p2a: Giratina|Giratina-Origin|100\/100\n|move|p1a: Iron Valiant|Spirit Break|p2a: Giratina\n|-supereffective|p2a: Giratina\n|-damage|p2a: Giratina|28\/100\n|-unboost|p2a: Giratina|spa|1\n|\n|upkeep\n|turn|13\n|\n|t:|1697857309\n|move|p1a: Iron Valiant|Spirit Break|p2a: Giratina\n|-supereffective|p2a: Giratina\n|-damage|p2a: Giratina|0 fnt\n|faint|p2a: Giratina\n|\n|-fieldend|move: Electric Terrain\n|-end|p1a: Iron Valiant|Quark Drive\n|upkeep\n|\n|t:|1697857321\n|switch|p2a: Okidogi|Okidogi, M|100\/100\n|turn|14\n|\n|t:|1697857330\n|-end|p1a: Iron Valiant|Quark Drive|[silent]\n|switch|p1a: Giratina|Giratina-Origin|100\/100\n|move|p2a: Okidogi|Drain Punch|p1a: Giratina\n|-immune|p1a: Giratina\n|\n|upkeep\n|turn|15\n|\n|t:|1697857339\n|move|p2a: Okidogi|Knock Off|p1a: Giratina\n|-supereffective|p1a: Giratina\n|-damage|p1a: Giratina|66\/100\n|move|p1a: Giratina|Poltergeist|p2a: Okidogi\n|-activate|p2a: Okidogi|move: Poltergeist|Leftovers\n|-damage|p2a: Okidogi|44\/100\n|\n|-heal|p2a: Okidogi|50\/100|[from] item: Leftovers\n|upkeep\n|turn|16\n|-message|iamdogewastaken forfeited.\n|\n|win|Haxxhatred\n|raw|Haxxhatred's rating: 1000 &rarr; <strong>1057<\/strong><br \/>(+57 for winning)\n|raw|iamdogewastaken's rating: 1157 &rarr; <strong>1121<\/strong><br \/>(-36 for losing)\n|l|\u2606iamdogewastaken\n","uploadtime":1697857352,"views":9,"p1id":"haxxhatred","p2id":"iamdogewastaken","formatid":"gen9anythinggoes","rating":1057,"private":0,"password":""}