{"id":"gen9anythinggoes-1977066039","p1":"Zachary_Stewart757","p2":"Hex Offenders","format":"[Gen 9] Anything Goes","log":"|j|\u2606Zachary_Stewart757\n|j|\u2606Hex Offenders\n|t:|1698367719\n|gametype|singles\n|player|p1|Zachary_Stewart757|fisherman-gen4|\n|player|p2|Hex Offenders|linebacker|\n|teamsize|p1|6\n|teamsize|p2|6\n|gen|9\n|tier|[Gen 9] Anything Goes\n|rule|HP Percentage Mod: HP is shown in percentages\n|rule|Endless Battle Clause: Forcing endless battles is banned\n|clearpoke\n|poke|p1|Ursaluna, M|\n|poke|p1|Magnezone|\n|poke|p1|Ceruledge, F|\n|poke|p1|Breloom, F|\n|poke|p1|Tyranitar, F|\n|poke|p1|Gardevoir, F|\n|poke|p2|Azumarill, M|\n|poke|p2|Electrode-Hisui|\n|poke|p2|Snorlax, M|\n|poke|p2|Baxcalibur, M|\n|poke|p2|Slowking-Galar, F|\n|poke|p2|Infernape, M|\n|teampreview\n|\n|t:|1698367728\n|start\n|switch|p1a: Ursaluna|Ursaluna, M|100\/100\n|switch|p2a: Darth Slow|Slowking-Galar, F|100\/100\n|turn|1\n|\n|t:|1698367742\n|move|p1a: Ursaluna|Headlong Rush|p2a: Darth Slow\n|-supereffective|p2a: Darth Slow\n|-damage|p2a: Darth Slow|0 fnt\n|-unboost|p1a: Ursaluna|def|1\n|-unboost|p1a: Ursaluna|spd|1\n|faint|p2a: Darth Slow\n|\n|-status|p1a: Ursaluna|brn|[from] item: Flame Orb\n|upkeep\n|\n|t:|1698367772\n|switch|p2a: Twinkie|Azumarill, M|100\/100\n|turn|2\n|\n|t:|1698367780\n|switch|p1a: Magnezone|Magnezone|100\/100\n|move|p2a: Twinkie|Hydro Pump|p1a: Magnezone|[miss]\n|-miss|p2a: Twinkie|p1a: Magnezone\n|\n|upkeep\n|turn|3\n|\n|t:|1698367790\n|switch|p2a: My Right Ball|Electrode-Hisui|100\/100\n|move|p1a: Magnezone|Thunderbolt|p2a: My Right Ball\n|-resisted|p2a: My Right Ball\n|-damage|p2a: My Right Ball|87\/100\n|\n|upkeep\n|turn|4\n|\n|t:|1698367822\n|switch|p1a: Ursaluna|Ursaluna, M|100\/100 brn\n|move|p2a: My Right Ball|Discharge|p1a: Ursaluna\n|-immune|p1a: Ursaluna\n|\n|-damage|p1a: Ursaluna|94\/100 brn|[from] brn\n|upkeep\n|turn|5\n|\n|t:|1698367884\n|switch|p2a: Twinkie|Azumarill, M|100\/100\n|switch|p1a: Tyranitar|Tyranitar, F|100\/100\n|-weather|Sandstorm|[from] ability: Sand Stream|[of] p1a: Tyranitar\n|\n|-weather|Sandstorm|[upkeep]\n|-damage|p2a: Twinkie|94\/100|[from] Sandstorm\n|-heal|p2a: Twinkie|100\/100|[from] item: Leftovers\n|upkeep\n|turn|6\n|\n|t:|1698367904\n|move|p1a: Tyranitar|Body Slam|p2a: Twinkie\n|-damage|p2a: Twinkie|70\/100\n|-status|p2a: Twinkie|par\n|cant|p2a: Twinkie|par\n|\n|-weather|Sandstorm|[upkeep]\n|-damage|p2a: Twinkie|64\/100 par|[from] Sandstorm\n|-heal|p2a: Twinkie|70\/100 par|[from] item: Leftovers\n|upkeep\n|turn|7\n|\n|t:|1698367925\n|switch|p2a: Monkey D Luffy|Infernape, M|100\/100\n|move|p1a: Tyranitar|Dragon Dance|p1a: Tyranitar\n|-boost|p1a: Tyranitar|atk|1\n|-boost|p1a: Tyranitar|spe|1\n|\n|-weather|Sandstorm|[upkeep]\n|-damage|p2a: Monkey D Luffy|94\/100|[from] Sandstorm\n|upkeep\n|turn|8\n|\n|t:|1698367945\n|switch|p1a: Ursaluna|Ursaluna, M|94\/100 brn\n|move|p2a: Monkey D Luffy|Drain Punch|p1a: Ursaluna\n|-supereffective|p1a: Ursaluna\n|-damage|p1a: Ursaluna|43\/100 brn\n|-heal|p2a: Monkey D Luffy|100\/100|[from] drain|[of] p1a: Ursaluna\n|\n|-weather|Sandstorm|[upkeep]\n|-damage|p2a: Monkey D Luffy|94\/100|[from] Sandstorm\n|-damage|p1a: Ursaluna|37\/100 brn|[from] brn\n|upkeep\n|turn|9\n|\n|t:|1698367996\n|switch|p2a: Twinkie|Azumarill, M|70\/100 par\n|move|p1a: Ursaluna|Headlong Rush|p2a: Twinkie\n|-damage|p2a: Twinkie|0 fnt\n|-unboost|p1a: Ursaluna|def|1\n|-unboost|p1a: Ursaluna|spd|1\n|faint|p2a: Twinkie\n|\n|-weather|none\n|-damage|p1a: Ursaluna|31\/100 brn|[from] brn\n|upkeep\n|\n|t:|1698368009\n|switch|p2a: Monkey D Luffy|Infernape, M|94\/100\n|turn|10\n|\n|t:|1698368017\n|move|p2a: Monkey D Luffy|Drain Punch|p1a: Ursaluna\n|-supereffective|p1a: Ursaluna\n|-damage|p1a: Ursaluna|0 fnt\n|-heal|p2a: Monkey D Luffy|100\/100|[from] drain|[of] p1a: Ursaluna\n|faint|p1a: Ursaluna\n|\n|upkeep\n|\n|t:|1698368023\n|switch|p1a: Ceruledge|Ceruledge, F|100\/100\n|turn|11\n|\n|t:|1698368070\n|switch|p2a: Pancake|Snorlax, M|100\/100\n|move|p1a: Ceruledge|Swords Dance|p1a: Ceruledge\n|-boost|p1a: Ceruledge|atk|2\n|\n|upkeep\n|turn|12\n|\n|t:|1698368094\n|move|p1a: Ceruledge|Flame Charge|p2a: Pancake\n|-damage|p2a: Pancake|76\/100\n|-boost|p1a: Ceruledge|spe|1\n|move|p2a: Pancake|Heavy Slam|p1a: Ceruledge\n|-resisted|p1a: Ceruledge\n|-damage|p1a: Ceruledge|79\/100\n|\n|upkeep\n|turn|13\n|\n|t:|1698368106\n|move|p1a: Ceruledge|Bitter Blade|p2a: Pancake\n|-damage|p2a: Pancake|30\/100\n|-heal|p1a: Ceruledge|100\/100|[from] drain|[of] p2a: Pancake\n|move|p2a: Pancake|Earthquake|p1a: Ceruledge\n|-supereffective|p1a: Ceruledge\n|-damage|p1a: Ceruledge|30\/100\n|\n|upkeep\n|turn|14\n|\n|t:|1698368114\n|switch|p2a: Monkey D Luffy|Infernape, M|100\/100\n|move|p1a: Ceruledge|Bitter Blade|p2a: Monkey D Luffy\n|-resisted|p2a: Monkey D Luffy\n|-damage|p2a: Monkey D Luffy|36\/100\n|-heal|p1a: Ceruledge|63\/100|[from] drain|[of] p2a: Monkey D Luffy\n|\n|upkeep\n|turn|15\n|\n|t:|1698368157\n|switch|p2a: My Right Ball|Electrode-Hisui|87\/100\n|move|p1a: Ceruledge|Bitter Blade|p2a: My Right Ball\n|-supereffective|p2a: My Right Ball\n|-damage|p2a: My Right Ball|0 fnt\n|-heal|p1a: Ceruledge|100\/100|[from] drain|[of] p2a: My Right Ball\n|-damage|p1a: Ceruledge|76\/100|[from] ability: Aftermath|[of] p2a: My Right Ball\n|faint|p2a: My Right Ball\n|\n|upkeep\n|\n|t:|1698368170\n|switch|p2a: Pancake|Snorlax, M|30\/100\n|turn|16\n|\n|t:|1698368173\n|move|p1a: Ceruledge|Bitter Blade|p2a: Pancake\n|-damage|p2a: Pancake|0 fnt\n|-heal|p1a: Ceruledge|99\/100|[from] drain|[of] p2a: Pancake\n|faint|p2a: Pancake\n|\n|upkeep\n|\n|t:|1698368181\n|switch|p2a: Icecalibur|Baxcalibur, M|100\/100\n|turn|17\n|\n|t:|1698368192\n|move|p1a: Ceruledge|Bitter Blade|p2a: Icecalibur\n|-damage|p2a: Icecalibur|22\/100\n|-heal|p1a: Ceruledge|100\/100|[from] drain|[of] p2a: Icecalibur\n|move|p2a: Icecalibur|Earthquake|p1a: Ceruledge\n|-supereffective|p1a: Ceruledge\n|-damage|p1a: Ceruledge|7\/100\n|\n|upkeep\n|turn|18\n|\n|t:|1698368227\n|move|p1a: Ceruledge|Bitter Blade|p2a: Icecalibur\n|-damage|p2a: Icecalibur|0 fnt\n|-heal|p1a: Ceruledge|21\/100|[from] drain|[of] p2a: Icecalibur\n|faint|p2a: Icecalibur\n|\n|upkeep\n|\n|t:|1698368232\n|switch|p2a: Monkey D Luffy|Infernape, M|36\/100\n|turn|19\n|\n|t:|1698368240\n|move|p1a: Ceruledge|Bitter Blade|p2a: Monkey D Luffy\n|-resisted|p2a: Monkey D Luffy\n|-damage|p2a: Monkey D Luffy|0 fnt\n|-heal|p1a: Ceruledge|39\/100|[from] drain|[of] p2a: Monkey D Luffy\n|faint|p2a: Monkey D Luffy\n|\n|win|Zachary_Stewart757\n|l|\u2606Hex Offenders\n","uploadtime":1698368282,"views":11,"p1id":"zacharystewart757","p2id":"hexoffenders","formatid":"gen9anythinggoes","rating":0,"private":0,"password":""}