{"id":"gen9anythinggoes-1977993874","p1":"MrMimeIsMrKetchum","p2":"GUZMA ANDY","format":"[Gen 9] Anything Goes","log":"|j|\u2606MrMimeIsMrKetchum\n|j|\u2606GUZMA ANDY\n|t:|1698480468\n|gametype|singles\n|player|p1|MrMimeIsMrKetchum|swimmerf-gen4|1243\n|player|p2|GUZMA ANDY|hilbert-wonderlauncher|1161\n|teamsize|p1|6\n|teamsize|p2|6\n|gen|9\n|tier|[Gen 9] Anything Goes\n|rated|\n|rule|HP Percentage Mod: HP is shown in percentages\n|rule|Endless Battle Clause: Forcing endless battles is banned\n|clearpoke\n|poke|p1|Hatterene, F|\n|poke|p1|Glimmora, F|\n|poke|p1|Dugtrio, F|\n|poke|p1|Dugtrio, F|\n|poke|p1|Dugtrio, F|\n|poke|p1|Scovillain, F|\n|poke|p2|Grimmsnarl, M|\n|poke|p2|Toxapex, M|\n|poke|p2|Garchomp, F|\n|poke|p2|Flutter Mane|\n|poke|p2|Dragapult, M|\n|poke|p2|Chien-Pao|\n|teampreview\n|inactive|Battle timer is ON: inactive players will automatically lose when time's up. (requested by MrMimeIsMrKetchum)\n|\n|t:|1698480476\n|start\n|switch|p1a: Glimmora|Glimmora, F, shiny|100\/100\n|switch|p2a: Toxapex|Toxapex, M|100\/100\n|turn|1\n|\n|t:|1698480482\n|switch|p1a: Hatterene|Hatterene, F, shiny|100\/100\n|move|p2a: Toxapex|Toxic Spikes|p1a: Hatterene\n|move|p1a: Hatterene|Toxic Spikes|p2a: Toxapex|[from]ability: Magic Bounce\n|-sidestart|p2: GUZMA ANDY|move: Toxic Spikes\n|\n|upkeep\n|turn|2\n|\n|t:|1698480503\n|switch|p1a: Glimmora|Glimmora, F, shiny|100\/100\n|move|p2a: Toxapex|Pounce|p1a: Glimmora\n|-resisted|p1a: Glimmora\n|-damage|p1a: Glimmora|97\/100\n|-unboost|p1a: Glimmora|spe|1\n|-activate|p1a: Glimmora|ability: Toxic Debris\n|-sidestart|p2: GUZMA ANDY|move: Toxic Spikes\n|\n|upkeep\n|turn|3\n|\n|t:|1698480519\n|switch|p1a: Hatterene|Hatterene, F, shiny|100\/100\n|switch|p2a: Flutter Mane|Flutter Mane|100\/100\n|-status|p2a: Flutter Mane|tox\n|\n|-damage|p2a: Flutter Mane|95\/100 tox|[from] psn\n|upkeep\n|turn|4\n|\n|t:|1698480534\n|-terastallize|p2a: Flutter Mane|Fairy\n|move|p2a: Flutter Mane|Thunderbolt|p1a: Hatterene\n|-damage|p1a: Hatterene|56\/100\n|move|p1a: Hatterene|Light Screen|p1a: Hatterene\n|-sidestart|p1: MrMimeIsMrKetchum|move: Light Screen\n|\n|-damage|p2a: Flutter Mane|83\/100 tox|[from] psn\n|upkeep\n|turn|5\n|\n|t:|1698480543\n|switch|p1a: Dugtrio|Dugtrio, F, shiny|100\/100\n|move|p2a: Flutter Mane|Thunderbolt|p1a: Dugtrio\n|-immune|p1a: Dugtrio\n|\n|-damage|p2a: Flutter Mane|65\/100 tox|[from] psn\n|upkeep\n|turn|6\n|\n|t:|1698480559\n|move|p1a: Dugtrio|Protect|p1a: Dugtrio\n|-singleturn|p1a: Dugtrio|Protect\n|move|p2a: Flutter Mane|Thunderbolt|p1a: Dugtrio\n|-activate|p1a: Dugtrio|move: Protect\n|\n|-damage|p2a: Flutter Mane|41\/100 tox|[from] psn\n|upkeep\n|turn|7\n|\n|t:|1698480568\n|move|p2a: Flutter Mane|Thunderbolt|p1a: Dugtrio\n|-immune|p1a: Dugtrio\n|move|p1a: Dugtrio|Substitute|p1a: Dugtrio\n|-start|p1a: Dugtrio|Substitute\n|-damage|p1a: Dugtrio|76\/100\n|\n|-heal|p1a: Dugtrio|82\/100|[from] item: Leftovers\n|-damage|p2a: Flutter Mane|11\/100 tox|[from] psn\n|upkeep\n|turn|8\n|\n|t:|1698480582\n|move|p1a: Dugtrio|Protect|p1a: Dugtrio\n|-singleturn|p1a: Dugtrio|Protect\n|move|p2a: Flutter Mane|Thunderbolt|p1a: Dugtrio\n|-activate|p1a: Dugtrio|move: Protect\n|\n|-heal|p1a: Dugtrio|88\/100|[from] item: Leftovers\n|-damage|p2a: Flutter Mane|0 fnt|[from] psn\n|faint|p2a: Flutter Mane\n|-end|p2a: Flutter Mane|Protosynthesis|[silent]\n|upkeep\n|\n|t:|1698480594\n|switch|p2a: Garchomp|Garchomp, F|100\/100\n|-status|p2a: Garchomp|tox\n|turn|9\n|\n|t:|1698480601\n|move|p2a: Garchomp|Swords Dance|p2a: Garchomp\n|-boost|p2a: Garchomp|atk|2\n|move|p1a: Dugtrio|Sand Attack|p2a: Garchomp\n|-unboost|p2a: Garchomp|accuracy|1\n|\n|-heal|p1a: Dugtrio|94\/100|[from] item: Leftovers\n|-damage|p2a: Garchomp|94\/100 tox|[from] psn\n|upkeep\n|turn|10\n|\n|t:|1698480616\n|move|p2a: Garchomp|Earthquake|p1a: Dugtrio|[miss]\n|-miss|p2a: Garchomp|p1a: Dugtrio\n|move|p1a: Dugtrio|Sand Attack|p2a: Garchomp\n|-unboost|p2a: Garchomp|accuracy|1\n|\n|-heal|p1a: Dugtrio|100\/100|[from] item: Leftovers\n|-damage|p2a: Garchomp|82\/100 tox|[from] psn\n|upkeep\n|turn|11\n|\n|t:|1698480631\n|move|p1a: Dugtrio|Protect|p1a: Dugtrio\n|-singleturn|p1a: Dugtrio|Protect\n|move|p2a: Garchomp|Earthquake|p1a: Dugtrio\n|-activate|p1a: Dugtrio|move: Protect\n|\n|-damage|p2a: Garchomp|64\/100 tox|[from] psn\n|-sideend|p1: MrMimeIsMrKetchum|move: Light Screen\n|upkeep\n|turn|12\n|\n|t:|1698480641\n|move|p2a: Garchomp|Earthquake|p1a: Dugtrio\n|-end|p1a: Dugtrio|Substitute\n|move|p1a: Dugtrio|Substitute|p1a: Dugtrio\n|-start|p1a: Dugtrio|Substitute\n|-damage|p1a: Dugtrio|76\/100\n|\n|-heal|p1a: Dugtrio|82\/100|[from] item: Leftovers\n|-damage|p2a: Garchomp|39\/100 tox|[from] psn\n|upkeep\n|turn|13\n|\n|t:|1698480652\n|move|p1a: Dugtrio|Protect|p1a: Dugtrio\n|-singleturn|p1a: Dugtrio|Protect\n|move|p2a: Garchomp|Earthquake|p1a: Dugtrio\n|-activate|p1a: Dugtrio|move: Protect\n|\n|-heal|p1a: Dugtrio|88\/100|[from] item: Leftovers\n|-damage|p2a: Garchomp|8\/100 tox|[from] psn\n|upkeep\n|turn|14\n|\n|t:|1698480662\n|move|p2a: Garchomp|Earthquake|p1a: Dugtrio\n|-crit|p1a: Dugtrio\n|-end|p1a: Dugtrio|Substitute\n|move|p1a: Dugtrio|Substitute|p1a: Dugtrio\n|-start|p1a: Dugtrio|Substitute\n|-damage|p1a: Dugtrio|63\/100\n|\n|-heal|p1a: Dugtrio|69\/100|[from] item: Leftovers\n|-damage|p2a: Garchomp|0 fnt|[from] psn\n|faint|p2a: Garchomp\n|upkeep\n|\n|t:|1698480674\n|switch|p2a: Dragapult|Dragapult, M|100\/100\n|-status|p2a: Dragapult|tox\n|turn|15\n|\n|t:|1698480682\n|move|p2a: Dragapult|Dragon Darts|p1a: Dugtrio\n|-damage|p1a: Dugtrio|16\/100\n|-anim|p2a: Dragapult|Dragon Darts|p1a: Dugtrio\n|-damage|p1a: Dugtrio|0 fnt\n|faint|p1a: Dugtrio\n|\n|-damage|p2a: Dragapult|95\/100 tox|[from] psn\n|upkeep\n|\n|t:|1698480710\n|switch|p1a: Dugtrio|Dugtrio, F, shiny|100\/100\n|turn|16\n|\n|t:|1698480717\n|move|p1a: Dugtrio|Protect|p1a: Dugtrio\n|-singleturn|p1a: Dugtrio|Protect\n|move|p2a: Dragapult|Dragon Dance|p2a: Dragapult\n|-boost|p2a: Dragapult|atk|1\n|-boost|p2a: Dragapult|spe|1\n|\n|-damage|p2a: Dragapult|83\/100 tox|[from] psn\n|upkeep\n|turn|17\n|\n|t:|1698480728\n|move|p2a: Dragapult|Dragon Darts|p1a: Dugtrio\n|-damage|p1a: Dugtrio|12\/100\n|-anim|p2a: Dragapult|Dragon Darts|p1a: Dugtrio\n|-damage|p1a: Dugtrio|0 fnt\n|faint|p1a: Dugtrio\n|\n|-damage|p2a: Dragapult|65\/100 tox|[from] psn\n|upkeep\n|\n|t:|1698480732\n|switch|p1a: Dugtrio|Dugtrio, F, shiny|100\/100\n|turn|18\n|\n|t:|1698480738\n|move|p2a: Dragapult|Dragon Darts|p1a: Dugtrio\n|-damage|p1a: Dugtrio|18\/100\n|-anim|p2a: Dragapult|Dragon Darts|p1a: Dugtrio\n|-damage|p1a: Dugtrio|0 fnt\n|faint|p1a: Dugtrio\n|\n|-damage|p2a: Dragapult|41\/100 tox|[from] psn\n|upkeep\n|\n|t:|1698480748\n|switch|p1a: Glimmora|Glimmora, F, shiny|97\/100\n|turn|19\n|\n|t:|1698480753\n|move|p2a: Dragapult|Outrage|p1a: Glimmora\n|-damage|p1a: Glimmora|0 fnt\n|faint|p1a: Glimmora\n|\n|-damage|p2a: Dragapult|11\/100 tox|[from] psn\n|upkeep\n|\n|t:|1698480759\n|switch|p1a: Hatterene|Hatterene, F, shiny|56\/100\n|turn|20\n|\n|t:|1698480766\n|move|p2a: Dragapult|Outrage|p1a: Hatterene|[from]lockedmove\n|-immune|p1a: Hatterene\n|move|p1a: Hatterene|Reflect|p1a: Hatterene\n|-sidestart|p1: MrMimeIsMrKetchum|Reflect\n|\n|-damage|p2a: Dragapult|0 fnt|[from] psn\n|faint|p2a: Dragapult\n|upkeep\n|\n|t:|1698480778\n|switch|p2a: Chien-Pao|Chien-Pao|100\/100\n|-status|p2a: Chien-Pao|tox\n|-ability|p2a: Chien-Pao|Sword of Ruin\n|turn|21\n|\n|t:|1698480794\n|move|p2a: Chien-Pao|Icicle Crash|p1a: Hatterene|[miss]\n|-miss|p2a: Chien-Pao|p1a: Hatterene\n|move|p1a: Hatterene|Magic Powder|p2a: Chien-Pao\n|-start|p2a: Chien-Pao|typechange|Psychic\n|\n|-damage|p2a: Chien-Pao|95\/100 tox|[from] psn\n|upkeep\n|turn|22\n|\n|t:|1698480803\n|move|p2a: Chien-Pao|Icicle Crash|p1a: Hatterene\n|-damage|p1a: Hatterene|33\/100\n|move|p1a: Hatterene|Light Screen|p1a: Hatterene\n|-sidestart|p1: MrMimeIsMrKetchum|move: Light Screen\n|\n|-damage|p2a: Chien-Pao|83\/100 tox|[from] psn\n|upkeep\n|turn|23\n|\n|t:|1698480820\n|move|p2a: Chien-Pao|Icicle Crash|p1a: Hatterene\n|-crit|p1a: Hatterene\n|-damage|p1a: Hatterene|0 fnt\n|faint|p1a: Hatterene\n|\n|-damage|p2a: Chien-Pao|65\/100 tox|[from] psn\n|upkeep\n|\n|t:|1698480823\n|switch|p1a: Scovillain|Scovillain, F, shiny|100\/100\n|turn|24\n|\n|t:|1698480829\n|-terastallize|p1a: Scovillain|Fire\n|move|p2a: Chien-Pao|Icicle Crash|p1a: Scovillain\n|-resisted|p1a: Scovillain\n|-damage|p1a: Scovillain|82\/100\n|cant|p1a: Scovillain|flinch\n|\n|-heal|p1a: Scovillain|88\/100|[from] item: Leftovers\n|-damage|p2a: Chien-Pao|41\/100 tox|[from] psn\n|-ability|p1a: Scovillain|Moody|boost\n|-boost|p1a: Scovillain|atk|2\n|-unboost|p1a: Scovillain|spa|1\n|upkeep\n|turn|25\n|\n|t:|1698480852\n|switch|p2a: Toxapex|Toxapex, M|100\/100\n|-sideend|p2: GUZMA ANDY|move: Toxic Spikes|[of] p2a: Toxapex\n|move|p1a: Scovillain|Substitute|p1a: Scovillain\n|-start|p1a: Scovillain|Substitute\n|-damage|p1a: Scovillain|63\/100\n|\n|-heal|p1a: Scovillain|69\/100|[from] item: Leftovers\n|-ability|p1a: Scovillain|Moody|boost\n|-boost|p1a: Scovillain|def|2\n|-unboost|p1a: Scovillain|spd|1\n|upkeep\n|turn|26\n|\n|t:|1698480867\n|move|p1a: Scovillain|Leech Seed|p2a: Toxapex|[miss]\n|-miss|p1a: Scovillain|p2a: Toxapex\n|move|p2a: Toxapex|Pounce|p1a: Scovillain\n|-resisted|p1a: Scovillain\n|-activate|p1a: Scovillain|move: Substitute|[damage]\n|\n|-heal|p1a: Scovillain|75\/100|[from] item: Leftovers\n|-ability|p1a: Scovillain|Moody|boost\n|-boost|p1a: Scovillain|spd|2\n|-unboost|p1a: Scovillain|spa|1\n|upkeep\n|turn|27\n|\n|t:|1698480880\n|move|p1a: Scovillain|Leech Seed|p2a: Toxapex\n|-start|p2a: Toxapex|move: Leech Seed\n|move|p2a: Toxapex|Pounce|p1a: Scovillain\n|-resisted|p1a: Scovillain\n|-activate|p1a: Scovillain|move: Substitute|[damage]\n|\n|-heal|p1a: Scovillain|81\/100|[from] item: Leftovers\n|-damage|p2a: Toxapex|88\/100|[from] Leech Seed|[of] p1a: Scovillain\n|-heal|p1a: Scovillain|91\/100|[silent]\n|-sideend|p1: MrMimeIsMrKetchum|Reflect\n|-ability|p1a: Scovillain|Moody|boost\n|-boost|p1a: Scovillain|atk|2\n|-unboost|p1a: Scovillain|spa|1\n|upkeep\n|turn|28\n|\n|t:|1698480892\n|move|p1a: Scovillain|Protect|p1a: Scovillain\n|-singleturn|p1a: Scovillain|Protect\n|move|p2a: Toxapex|Pounce|p1a: Scovillain\n|-activate|p1a: Scovillain|move: Protect\n|\n|-heal|p1a: Scovillain|97\/100|[from] item: Leftovers\n|-heal|p2a: Toxapex|94\/100|[from] item: Leftovers\n|-damage|p2a: Toxapex|82\/100|[from] Leech Seed|[of] p1a: Scovillain\n|-heal|p1a: Scovillain|100\/100|[silent]\n|-ability|p1a: Scovillain|Moody|boost\n|-boost|p1a: Scovillain|def|2\n|-unboost|p1a: Scovillain|spd|1\n|upkeep\n|turn|29\n|\n|t:|1698480909\n|switch|p2a: Grimmsnarl|Grimmsnarl, M|100\/100\n|move|p1a: Scovillain|Leech Seed|p2a: Grimmsnarl\n|-start|p2a: Grimmsnarl|move: Leech Seed\n|\n|-damage|p2a: Grimmsnarl|88\/100|[from] Leech Seed|[of] p1a: Scovillain\n|-sideend|p1: MrMimeIsMrKetchum|move: Light Screen\n|-ability|p1a: Scovillain|Moody|boost\n|-boost|p1a: Scovillain|def|2\n|-unboost|p1a: Scovillain|spd|1\n|upkeep\n|turn|30\n|\n|t:|1698480923\n|move|p1a: Scovillain|Protect|p1a: Scovillain\n|-singleturn|p1a: Scovillain|Protect\n|move|p2a: Grimmsnarl|Spirit Break|p1a: Scovillain\n|-activate|p1a: Scovillain|move: Protect\n|\n|-damage|p2a: Grimmsnarl|75\/100|[from] Leech Seed|[of] p1a: Scovillain\n|-ability|p1a: Scovillain|Moody|boost\n|-boost|p1a: Scovillain|spa|2\n|-unboost|p1a: Scovillain|atk|1\n|upkeep\n|turn|31\n|\n|t:|1698480933\n|move|p1a: Scovillain|Flamethrower|p2a: Grimmsnarl\n|-damage|p2a: Grimmsnarl|50\/100\n|move|p2a: Grimmsnarl|Spirit Break|p1a: Scovillain\n|-resisted|p1a: Scovillain\n|-activate|p1a: Scovillain|move: Substitute|[damage]\n|\n|-damage|p2a: Grimmsnarl|37\/100|[from] Leech Seed|[of] p1a: Scovillain\n|-ability|p1a: Scovillain|Moody|boost\n|-boost|p1a: Scovillain|atk|2\n|-unboost|p1a: Scovillain|spe|1\n|upkeep\n|turn|32\n|inactive|GUZMA ANDY has 120 seconds left.\n|\n|t:|1698480950\n|move|p1a: Scovillain|Protect|p1a: Scovillain\n|-singleturn|p1a: Scovillain|Protect\n|move|p2a: Grimmsnarl|Reflect|p2a: Grimmsnarl\n|-sidestart|p2: GUZMA ANDY|Reflect\n|\n|-damage|p2a: Grimmsnarl|25\/100|[from] Leech Seed|[of] p1a: Scovillain\n|-ability|p1a: Scovillain|Moody|boost\n|-boost|p1a: Scovillain|atk|1\n|-unboost|p1a: Scovillain|spe|1\n|upkeep\n|turn|33\n|\n|t:|1698480961\n|move|p2a: Grimmsnarl|Spirit Break|p1a: Scovillain\n|-resisted|p1a: Scovillain\n|-activate|p1a: Scovillain|move: Substitute|[damage]\n|move|p1a: Scovillain|Substitute|p1a: Scovillain\n|-fail|p1a: Scovillain|move: Substitute\n|\n|-damage|p2a: Grimmsnarl|12\/100|[from] Leech Seed|[of] p1a: Scovillain\n|-ability|p1a: Scovillain|Moody|boost\n|-boost|p1a: Scovillain|spa|2\n|-unboost|p1a: Scovillain|def|1\n|upkeep\n|turn|34\n|\n|t:|1698480971\n|move|p1a: Scovillain|Protect|p1a: Scovillain\n|-singleturn|p1a: Scovillain|Protect\n|move|p2a: Grimmsnarl|Light Screen|p2a: Grimmsnarl\n|-sidestart|p2: GUZMA ANDY|move: Light Screen\n|\n|-damage|p2a: Grimmsnarl|0 fnt|[from] Leech Seed|[of] p1a: Scovillain\n|faint|p2a: Grimmsnarl\n|-ability|p1a: Scovillain|Moody|boost\n|-boost|p1a: Scovillain|spd|2\n|-unboost|p1a: Scovillain|atk|1\n|upkeep\n|inactive|GUZMA ANDY has 120 seconds left.\n|\n|t:|1698480982\n|switch|p2a: Chien-Pao|Chien-Pao|41\/100 tox\n|-ability|p2a: Chien-Pao|Sword of Ruin\n|turn|35\n|\n|t:|1698480990\n|move|p2a: Chien-Pao|Haze|p2a: Chien-Pao\n|-clearallboost\n|move|p1a: Scovillain|Substitute|p1a: Scovillain\n|-fail|p1a: Scovillain|move: Substitute\n|\n|-damage|p2a: Chien-Pao|35\/100 tox|[from] psn\n|-ability|p1a: Scovillain|Moody|boost\n|-boost|p1a: Scovillain|spe|2\n|-unboost|p1a: Scovillain|spa|1\n|upkeep\n|turn|36\n|\n|t:|1698481003\n|switch|p2a: Toxapex|Toxapex, M|100\/100\n|move|p1a: Scovillain|Protect||[still]\n|-fail|p1a: Scovillain\n|\n|-ability|p1a: Scovillain|Moody|boost\n|-boost|p1a: Scovillain|spe|2\n|-unboost|p1a: Scovillain|spd|1\n|upkeep\n|turn|37\n|\n|t:|1698481014\n|move|p1a: Scovillain|Leech Seed|p2a: Toxapex\n|-start|p2a: Toxapex|move: Leech Seed\n|move|p2a: Toxapex|Pounce|p1a: Scovillain\n|-resisted|p1a: Scovillain\n|-activate|p1a: Scovillain|move: Substitute|[damage]\n|\n|-damage|p2a: Toxapex|88\/100|[from] Leech Seed|[of] p1a: Scovillain\n|-ability|p1a: Scovillain|Moody|boost\n|-boost|p1a: Scovillain|spd|2\n|-unboost|p1a: Scovillain|spa|1\n|upkeep\n|turn|38\n|\n|t:|1698481025\n|move|p2a: Toxapex|Baneful Bunker|p2a: Toxapex\n|-singleturn|p2a: Toxapex|move: Protect\n|move|p1a: Scovillain|Flamethrower|p2a: Toxapex\n|-activate|p2a: Toxapex|move: Protect\n|\n|-heal|p2a: Toxapex|94\/100|[from] item: Leftovers\n|-damage|p2a: Toxapex|82\/100|[from] Leech Seed|[of] p1a: Scovillain\n|-ability|p1a: Scovillain|Moody|boost\n|-boost|p1a: Scovillain|spd|2\n|-unboost|p1a: Scovillain|spe|1\n|upkeep\n|turn|39\n|\n|t:|1698481038\n|move|p1a: Scovillain|Flamethrower|p2a: Toxapex\n|-resisted|p2a: Toxapex\n|-damage|p2a: Toxapex|78\/100\n|move|p2a: Toxapex|Pounce|p1a: Scovillain\n|-resisted|p1a: Scovillain\n|-end|p1a: Scovillain|Substitute\n|\n|-heal|p2a: Toxapex|84\/100|[from] item: Leftovers\n|-damage|p2a: Toxapex|72\/100|[from] Leech Seed|[of] p1a: Scovillain\n|-sideend|p2: GUZMA ANDY|Reflect\n|-ability|p1a: Scovillain|Moody|boost\n|-boost|p1a: Scovillain|atk|2\n|-unboost|p1a: Scovillain|spe|1\n|upkeep\n|turn|40\n|\n|t:|1698481050\n|move|p1a: Scovillain|Substitute|p1a: Scovillain\n|-start|p1a: Scovillain|Substitute\n|-damage|p1a: Scovillain|76\/100\n|move|p2a: Toxapex|Pounce|p1a: Scovillain\n|-resisted|p1a: Scovillain\n|-activate|p1a: Scovillain|move: Substitute|[damage]\n|\n|-heal|p1a: Scovillain|82\/100|[from] item: Leftovers\n|-heal|p2a: Toxapex|78\/100|[from] item: Leftovers\n|-damage|p2a: Toxapex|66\/100|[from] Leech Seed|[of] p1a: Scovillain\n|-heal|p1a: Scovillain|92\/100|[silent]\n|-ability|p1a: Scovillain|Moody|boost\n|-boost|p1a: Scovillain|atk|2\n|-unboost|p1a: Scovillain|spa|1\n|upkeep\n|turn|41\n|\n|t:|1698481071\n|move|p1a: Scovillain|Flamethrower|p2a: Toxapex\n|-resisted|p2a: Toxapex\n|-damage|p2a: Toxapex|63\/100\n|move|p2a: Toxapex|Pounce|p1a: Scovillain\n|-resisted|p1a: Scovillain\n|-activate|p1a: Scovillain|move: Substitute|[damage]\n|\n|-heal|p1a: Scovillain|98\/100|[from] item: Leftovers\n|-heal|p2a: Toxapex|69\/100|[from] item: Leftovers\n|-damage|p2a: Toxapex|57\/100|[from] Leech Seed|[of] p1a: Scovillain\n|-heal|p1a: Scovillain|100\/100|[silent]\n|-sideend|p2: GUZMA ANDY|move: Light Screen\n|-ability|p1a: Scovillain|Moody|boost\n|-boost|p1a: Scovillain|atk|2\n|-unboost|p1a: Scovillain|def|1\n|upkeep\n|turn|42\n|\n|t:|1698481085\n|move|p1a: Scovillain|Flamethrower|p2a: Toxapex\n|-resisted|p2a: Toxapex\n|-damage|p2a: Toxapex|49\/100\n|-status|p2a: Toxapex|brn\n|move|p2a: Toxapex|Pounce|p1a: Scovillain\n|-resisted|p1a: Scovillain\n|-activate|p1a: Scovillain|move: Substitute|[damage]\n|\n|-heal|p2a: Toxapex|56\/100 brn|[from] item: Leftovers\n|-damage|p2a: Toxapex|43\/100 brn|[from] Leech Seed|[of] p1a: Scovillain\n|-damage|p2a: Toxapex|37\/100 brn|[from] brn\n|-ability|p1a: Scovillain|Moody|boost\n|-boost|p1a: Scovillain|spe|2\n|-unboost|p1a: Scovillain|spa|1\n|upkeep\n|turn|43\n|\n|t:|1698481100\n|move|p1a: Scovillain|Leech Seed||[still]\n|-fail|p1a: Scovillain\n|move|p2a: Toxapex|Recover|p2a: Toxapex\n|-heal|p2a: Toxapex|87\/100 brn\n|\n|-heal|p2a: Toxapex|93\/100 brn|[from] item: Leftovers\n|-damage|p2a: Toxapex|81\/100 brn|[from] Leech Seed|[of] p1a: Scovillain\n|-damage|p2a: Toxapex|75\/100 brn|[from] brn\n|-ability|p1a: Scovillain|Moody|boost\n|-boost|p1a: Scovillain|def|2\n|-unboost|p1a: Scovillain|spd|1\n|upkeep\n|turn|44\n|\n|t:|1698481116\n|move|p1a: Scovillain|Leech Seed||[still]\n|-fail|p1a: Scovillain\n|move|p2a: Toxapex|Pounce|p1a: Scovillain\n|-resisted|p1a: Scovillain\n|-activate|p1a: Scovillain|move: Substitute|[damage]\n|\n|-heal|p2a: Toxapex|81\/100 brn|[from] item: Leftovers\n|-damage|p2a: Toxapex|69\/100 brn|[from] Leech Seed|[of] p1a: Scovillain\n|-damage|p2a: Toxapex|63\/100 brn|[from] brn\n|-ability|p1a: Scovillain|Moody|boost\n|-boost|p1a: Scovillain|def|2\n|-unboost|p1a: Scovillain|spd|1\n|upkeep\n|turn|45\n|\n|t:|1698481129\n|move|p1a: Scovillain|Leech Seed||[still]\n|-fail|p1a: Scovillain\n|move|p2a: Toxapex|Pounce|p1a: Scovillain\n|-resisted|p1a: Scovillain\n|-activate|p1a: Scovillain|move: Substitute|[damage]\n|\n|-heal|p2a: Toxapex|69\/100 brn|[from] item: Leftovers\n|-damage|p2a: Toxapex|57\/100 brn|[from] Leech Seed|[of] p1a: Scovillain\n|-damage|p2a: Toxapex|50\/100 brn|[from] brn\n|-ability|p1a: Scovillain|Moody|boost\n|-boost|p1a: Scovillain|def|2\n|-unboost|p1a: Scovillain|atk|1\n|upkeep\n|turn|46\n|\n|t:|1698481142\n|move|p1a: Scovillain|Protect|p1a: Scovillain\n|-singleturn|p1a: Scovillain|Protect\n|move|p2a: Toxapex|Recover|p2a: Toxapex\n|-heal|p2a: Toxapex|100\/100 brn\n|\n|-damage|p2a: Toxapex|88\/100 brn|[from] Leech Seed|[of] p1a: Scovillain\n|-damage|p2a: Toxapex|82\/100 brn|[from] brn\n|-ability|p1a: Scovillain|Moody|boost\n|-boost|p1a: Scovillain|spa|2\n|-unboost|p1a: Scovillain|spd|1\n|upkeep\n|turn|47\n|\n|t:|1698481154\n|move|p1a: Scovillain|Flamethrower|p2a: Toxapex\n|-resisted|p2a: Toxapex\n|-damage|p2a: Toxapex|74\/100 brn\n|move|p2a: Toxapex|Pounce|p1a: Scovillain\n|-resisted|p1a: Scovillain\n|-activate|p1a: Scovillain|move: Substitute|[damage]\n|\n|-heal|p2a: Toxapex|80\/100 brn|[from] item: Leftovers\n|-damage|p2a: Toxapex|67\/100 brn|[from] Leech Seed|[of] p1a: Scovillain\n|-damage|p2a: Toxapex|61\/100 brn|[from] brn\n|-ability|p1a: Scovillain|Moody|boost\n|-boost|p1a: Scovillain|spe|2\n|-unboost|p1a: Scovillain|def|1\n|upkeep\n|turn|48\n|\n|t:|1698481167\n|move|p1a: Scovillain|Flamethrower|p2a: Toxapex\n|-resisted|p2a: Toxapex\n|-damage|p2a: Toxapex|53\/100 brn\n|move|p2a: Toxapex|Pounce|p1a: Scovillain\n|-resisted|p1a: Scovillain\n|-activate|p1a: Scovillain|move: Substitute|[damage]\n|\n|-heal|p2a: Toxapex|59\/100 brn|[from] item: Leftovers\n|-damage|p2a: Toxapex|47\/100 brn|[from] Leech Seed|[of] p1a: Scovillain\n|-damage|p2a: Toxapex|41\/100 brn|[from] brn\n|-ability|p1a: Scovillain|Moody|boost\n|-boost|p1a: Scovillain|atk|1\n|-unboost|p1a: Scovillain|spa|1\n|upkeep\n|turn|49\n|inactive|GUZMA ANDY has 120 seconds left.\n|\n|t:|1698481187\n|move|p1a: Scovillain|Flamethrower|p2a: Toxapex\n|-resisted|p2a: Toxapex\n|-damage|p2a: Toxapex|35\/100 brn\n|move|p2a: Toxapex|Pounce|p1a: Scovillain\n|-resisted|p1a: Scovillain\n|-activate|p1a: Scovillain|move: Substitute|[damage]\n|\n|-heal|p2a: Toxapex|41\/100 brn|[from] item: Leftovers\n|-damage|p2a: Toxapex|29\/100 brn|[from] Leech Seed|[of] p1a: Scovillain\n|-damage|p2a: Toxapex|22\/100 brn|[from] brn\n|-ability|p1a: Scovillain|Moody|boost\n|-boost|p1a: Scovillain|spa|2\n|-unboost|p1a: Scovillain|spe|1\n|upkeep\n|turn|50\n|inactive|GUZMA ANDY has 120 seconds left.\n|\n|t:|1698481202\n|move|p1a: Scovillain|Flamethrower|p2a: Toxapex\n|-resisted|p2a: Toxapex\n|-damage|p2a: Toxapex|12\/100 brn\n|move|p2a: Toxapex|Recover|p2a: Toxapex\n|-heal|p2a: Toxapex|62\/100 brn\n|\n|-heal|p2a: Toxapex|68\/100 brn|[from] item: Leftovers\n|-damage|p2a: Toxapex|56\/100 brn|[from] Leech Seed|[of] p1a: Scovillain\n|-damage|p2a: Toxapex|50\/100 brn|[from] brn\n|-ability|p1a: Scovillain|Moody|boost\n|-boost|p1a: Scovillain|spd|2\n|-unboost|p1a: Scovillain|def|1\n|upkeep\n|turn|51\n|inactive|GUZMA ANDY has 120 seconds left.\n|\n|t:|1698481216\n|move|p1a: Scovillain|Flamethrower|p2a: Toxapex\n|-resisted|p2a: Toxapex\n|-damage|p2a: Toxapex|40\/100 brn\n|move|p2a: Toxapex|Pounce|p1a: Scovillain\n|-resisted|p1a: Scovillain\n|-activate|p1a: Scovillain|move: Substitute|[damage]\n|\n|-heal|p2a: Toxapex|46\/100 brn|[from] item: Leftovers\n|-damage|p2a: Toxapex|34\/100 brn|[from] Leech Seed|[of] p1a: Scovillain\n|-damage|p2a: Toxapex|28\/100 brn|[from] brn\n|-ability|p1a: Scovillain|Moody|boost\n|-boost|p1a: Scovillain|spd|2\n|-unboost|p1a: Scovillain|atk|1\n|upkeep\n|turn|52\n|inactive|GUZMA ANDY has 120 seconds left.\n|\n|t:|1698481229\n|move|p1a: Scovillain|Flamethrower|p2a: Toxapex\n|-resisted|p2a: Toxapex\n|-damage|p2a: Toxapex|18\/100 brn\n|move|p2a: Toxapex|Recover|p2a: Toxapex\n|-heal|p2a: Toxapex|68\/100 brn\n|\n|-heal|p2a: Toxapex|74\/100 brn|[from] item: Leftovers\n|-damage|p2a: Toxapex|62\/100 brn|[from] Leech Seed|[of] p1a: Scovillain\n|-damage|p2a: Toxapex|56\/100 brn|[from] brn\n|-ability|p1a: Scovillain|Moody|boost\n|-boost|p1a: Scovillain|spa|2\n|-unboost|p1a: Scovillain|atk|1\n|upkeep\n|turn|53\n|inactive|GUZMA ANDY has 120 seconds left.\n|\n|t:|1698481243\n|move|p2a: Toxapex|Baneful Bunker|p2a: Toxapex\n|-singleturn|p2a: Toxapex|move: Protect\n|move|p1a: Scovillain|Flamethrower|p2a: Toxapex\n|-activate|p2a: Toxapex|move: Protect\n|\n|-heal|p2a: Toxapex|62\/100 brn|[from] item: Leftovers\n|-damage|p2a: Toxapex|49\/100 brn|[from] Leech Seed|[of] p1a: Scovillain\n|-damage|p2a: Toxapex|43\/100 brn|[from] brn\n|-ability|p1a: Scovillain|Moody|boost\n|-boost|p1a: Scovillain|atk|2\n|-unboost|p1a: Scovillain|spd|1\n|upkeep\n|turn|54\n|inactive|GUZMA ANDY has 120 seconds left.\n|\n|t:|1698481256\n|move|p1a: Scovillain|Flamethrower|p2a: Toxapex\n|-resisted|p2a: Toxapex\n|-damage|p2a: Toxapex|21\/100 brn\n|move|p2a: Toxapex|Recover|p2a: Toxapex\n|-heal|p2a: Toxapex|71\/100 brn\n|\n|-heal|p2a: Toxapex|77\/100 brn|[from] item: Leftovers\n|-damage|p2a: Toxapex|65\/100 brn|[from] Leech Seed|[of] p1a: Scovillain\n|-damage|p2a: Toxapex|59\/100 brn|[from] brn\n|-ability|p1a: Scovillain|Moody|boost\n|-boost|p1a: Scovillain|spa|2\n|-unboost|p1a: Scovillain|spd|1\n|upkeep\n|turn|55\n|inactive|GUZMA ANDY has 120 seconds left.\n|\n|t:|1698481270\n|move|p1a: Scovillain|Leech Seed||[still]\n|-fail|p1a: Scovillain\n|move|p2a: Toxapex|Pounce|p1a: Scovillain\n|-resisted|p1a: Scovillain\n|-activate|p1a: Scovillain|move: Substitute|[damage]\n|\n|-heal|p2a: Toxapex|65\/100 brn|[from] item: Leftovers\n|-damage|p2a: Toxapex|53\/100 brn|[from] Leech Seed|[of] p1a: Scovillain\n|-damage|p2a: Toxapex|47\/100 brn|[from] brn\n|-ability|p1a: Scovillain|Moody|boost\n|-boost|p1a: Scovillain|spd|2\n|-unboost|p1a: Scovillain|atk|1\n|upkeep\n|turn|56\n|inactive|GUZMA ANDY has 120 seconds left.\n|\n|t:|1698481283\n|move|p1a: Scovillain|Flamethrower|p2a: Toxapex\n|-resisted|p2a: Toxapex\n|-damage|p2a: Toxapex|6\/100 brn\n|move|p2a: Toxapex|Recover|p2a: Toxapex\n|-heal|p2a: Toxapex|56\/100 brn\n|\n|-heal|p2a: Toxapex|62\/100 brn|[from] item: Leftovers\n|-damage|p2a: Toxapex|50\/100 brn|[from] Leech Seed|[of] p1a: Scovillain\n|-damage|p2a: Toxapex|44\/100 brn|[from] brn\n|-ability|p1a: Scovillain|Moody|boost\n|-boost|p1a: Scovillain|spe|1\n|-unboost|p1a: Scovillain|spa|1\n|upkeep\n|turn|57\n|inactive|GUZMA ANDY has 120 seconds left.\n|\n|t:|1698481297\n|move|p1a: Scovillain|Leech Seed||[still]\n|-fail|p1a: Scovillain\n|move|p2a: Toxapex|Recover|p2a: Toxapex\n|-heal|p2a: Toxapex|94\/100 brn\n|\n|-heal|p2a: Toxapex|99\/100 brn|[from] item: Leftovers\n|-damage|p2a: Toxapex|88\/100 brn|[from] Leech Seed|[of] p1a: Scovillain\n|-damage|p2a: Toxapex|81\/100 brn|[from] brn\n|-ability|p1a: Scovillain|Moody|boost\n|-boost|p1a: Scovillain|spd|2\n|-unboost|p1a: Scovillain|atk|1\n|upkeep\n|turn|58\n|inactive|GUZMA ANDY has 120 seconds left.\n|\n|t:|1698481311\n|switch|p2a: Chien-Pao|Chien-Pao|35\/100 tox\n|-ability|p2a: Chien-Pao|Sword of Ruin\n|move|p1a: Scovillain|Leech Seed|p2a: Chien-Pao\n|-start|p2a: Chien-Pao|move: Leech Seed\n|\n|-damage|p2a: Chien-Pao|22\/100 tox|[from] Leech Seed|[of] p1a: Scovillain\n|-damage|p2a: Chien-Pao|16\/100 tox|[from] psn\n|-ability|p1a: Scovillain|Moody|boost\n|-boost|p1a: Scovillain|def|2\n|-unboost|p1a: Scovillain|spe|1\n|upkeep\n|turn|59\n|inactive|GUZMA ANDY has 120 seconds left.\n|\n|t:|1698481324\n|move|p1a: Scovillain|Flamethrower|p2a: Chien-Pao\n|-supereffective|p2a: Chien-Pao\n|-damage|p2a: Chien-Pao|0 fnt\n|faint|p2a: Chien-Pao\n|\n|-ability|p1a: Scovillain|Moody|boost\n|-boost|p1a: Scovillain|spe|1\n|-unboost|p1a: Scovillain|atk|1\n|upkeep\n|\n|t:|1698481332\n|switch|p2a: Toxapex|Toxapex, M|100\/100 brn\n|turn|60\n|inactive|GUZMA ANDY has 120 seconds left.\n|\n|t:|1698481337\n|move|p1a: Scovillain|Leech Seed|p2a: Toxapex\n|-start|p2a: Toxapex|move: Leech Seed\n|move|p2a: Toxapex|Pounce|p1a: Scovillain\n|-resisted|p1a: Scovillain\n|-activate|p1a: Scovillain|move: Substitute|[damage]\n|\n|-damage|p2a: Toxapex|88\/100 brn|[from] Leech Seed|[of] p1a: Scovillain\n|-damage|p2a: Toxapex|82\/100 brn|[from] brn\n|-ability|p1a: Scovillain|Moody|boost\n|-boost|p1a: Scovillain|def|1\n|-unboost|p1a: Scovillain|atk|1\n|upkeep\n|turn|61\n|inactive|GUZMA ANDY has 120 seconds left.\n|\n|t:|1698481348\n|move|p1a: Scovillain|Flamethrower|p2a: Toxapex\n|-resisted|p2a: Toxapex\n|-damage|p2a: Toxapex|47\/100 brn\n|move|p2a: Toxapex|Pounce|p1a: Scovillain\n|-resisted|p1a: Scovillain\n|-end|p1a: Scovillain|Substitute\n|\n|-heal|p2a: Toxapex|53\/100 brn|[from] item: Leftovers\n|-damage|p2a: Toxapex|41\/100 brn|[from] Leech Seed|[of] p1a: Scovillain\n|-damage|p2a: Toxapex|35\/100 brn|[from] brn\n|-ability|p1a: Scovillain|Moody|boost\n|-boost|p1a: Scovillain|atk|2\n|-unboost|p1a: Scovillain|spd|1\n|upkeep\n|turn|62\n|inactive|GUZMA ANDY has 120 seconds left.\n|\n|t:|1698481365\n|move|p1a: Scovillain|Substitute|p1a: Scovillain\n|-start|p1a: Scovillain|Substitute\n|-damage|p1a: Scovillain|76\/100\n|move|p2a: Toxapex|Recover|p2a: Toxapex\n|-heal|p2a: Toxapex|85\/100 brn\n|\n|-heal|p1a: Scovillain|82\/100|[from] item: Leftovers\n|-heal|p2a: Toxapex|91\/100 brn|[from] item: Leftovers\n|-damage|p2a: Toxapex|79\/100 brn|[from] Leech Seed|[of] p1a: Scovillain\n|-heal|p1a: Scovillain|92\/100|[silent]\n|-damage|p2a: Toxapex|73\/100 brn|[from] brn\n|-ability|p1a: Scovillain|Moody|boost\n|-boost|p1a: Scovillain|spa|2\n|-unboost|p1a: Scovillain|def|1\n|upkeep\n|turn|63\n|inactive|GUZMA ANDY has 120 seconds left.\n|\n|t:|1698481388\n|move|p1a: Scovillain|Flamethrower|p2a: Toxapex\n|-resisted|p2a: Toxapex\n|-damage|p2a: Toxapex|27\/100 brn\n|move|p2a: Toxapex|Pounce|p1a: Scovillain\n|-resisted|p1a: Scovillain\n|-activate|p1a: Scovillain|move: Substitute|[damage]\n|\n|-heal|p1a: Scovillain|98\/100|[from] item: Leftovers\n|-heal|p2a: Toxapex|33\/100 brn|[from] item: Leftovers\n|-damage|p2a: Toxapex|21\/100 brn|[from] Leech Seed|[of] p1a: Scovillain\n|-heal|p1a: Scovillain|100\/100|[silent]\n|-damage|p2a: Toxapex|15\/100 brn|[from] brn\n|-ability|p1a: Scovillain|Moody|boost\n|-boost|p1a: Scovillain|def|1\n|-unboost|p1a: Scovillain|atk|1\n|upkeep\n|turn|64\n|inactive|GUZMA ANDY has 90 seconds left.\n|\n|t:|1698481423\n|move|p2a: Toxapex|Baneful Bunker|p2a: Toxapex\n|-singleturn|p2a: Toxapex|move: Protect\n|move|p1a: Scovillain|Flamethrower|p2a: Toxapex\n|-activate|p2a: Toxapex|move: Protect\n|\n|-heal|p2a: Toxapex|21\/100 brn|[from] item: Leftovers\n|-damage|p2a: Toxapex|9\/100 brn|[from] Leech Seed|[of] p1a: Scovillain\n|-damage|p2a: Toxapex|3\/100 brn|[from] brn\n|-ability|p1a: Scovillain|Moody|boost\n|-boost|p1a: Scovillain|spa|2\n|-unboost|p1a: Scovillain|def|1\n|upkeep\n|turn|65\n|inactive|GUZMA ANDY has 90 seconds left.\n|\n|t:|1698481437\n|move|p1a: Scovillain|Flamethrower|p2a: Toxapex\n|-resisted|p2a: Toxapex\n|-damage|p2a: Toxapex|0 fnt\n|faint|p2a: Toxapex\n|\n|win|MrMimeIsMrKetchum\n|raw|MrMimeIsMrKetchum's rating: 1243 &rarr; <strong>1262<\/strong><br \/>(+19 for winning)\n|raw|GUZMA ANDY's rating: 1161 &rarr; <strong>1142<\/strong><br \/>(-19 for losing)\n|c|\u2606MrMimeIsMrKetchum|gg\n|l|\u2606GUZMA ANDY\n|l|\u2606MrMimeIsMrKetchum\n","uploadtime":1698481468,"views":7,"p1id":"mrmimeismrketchum","p2id":"guzmaandy","formatid":"gen9anythinggoes","rating":1142,"private":0,"password":""}