{"id":"gen9anythinggoes-1981174553","p1":"rozenspark","p2":"SnowyDawn17","format":"[Gen 9] Anything Goes","log":"|j|\u2606rozenspark\n|j|\u2606SnowyDawn17\n|t:|1698869681\n|gametype|singles\n|player|p1|rozenspark|1|\n|player|p2|SnowyDawn17|bellelba|\n|teamsize|p1|6\n|teamsize|p2|6\n|gen|9\n|tier|[Gen 9] Anything Goes\n|rule|HP Percentage Mod: HP is shown in percentages\n|rule|Endless Battle Clause: Forcing endless battles is banned\n|clearpoke\n|poke|p1|Munchlax, M|\n|poke|p1|Munchlax, F|\n|poke|p1|Munchlax, F|\n|poke|p1|Munchlax, F|\n|poke|p1|Munchlax, F|\n|poke|p1|Munchlax, M|\n|poke|p2|Munchlax, M|\n|poke|p2|Munchlax, M|\n|poke|p2|Munchlax, F|\n|poke|p2|Munchlax, M|\n|poke|p2|Munchlax, F|\n|poke|p2|Munchlax, M|\n|teampreview\n|\n|t:|1698869687\n|start\n|switch|p1a: Munchlax|Munchlax, M|100\/100\n|switch|p2a: Munchlax|Munchlax, M|100\/100\n|turn|1\n|\n|t:|1698869694\n|move|p2a: Munchlax|Metronome|p2a: Munchlax\n|move|p2a: Munchlax|Waterfall|p1a: Munchlax|[from]move: Metronome\n|-damage|p1a: Munchlax|72\/100\n|move|p1a: Munchlax|Metronome|p1a: Munchlax\n|move|p1a: Munchlax|Recycle||[from]move: Metronome|[still]\n|-fail|p1a: Munchlax\n|\n|upkeep\n|turn|2\n|\n|t:|1698869703\n|move|p2a: Munchlax|Metronome|p2a: Munchlax\n|move|p2a: Munchlax|Grassy Terrain|p2a: Munchlax|[from]move: Metronome\n|-fieldstart|move: Grassy Terrain\n|move|p1a: Munchlax|Metronome|p1a: Munchlax\n|move|p1a: Munchlax|Heat Wave|p2a: Munchlax|[from]move: Metronome\n|-damage|p2a: Munchlax|91\/100\n|\n|-heal|p2a: Munchlax|97\/100|[from] Grassy Terrain\n|-heal|p1a: Munchlax|78\/100|[from] Grassy Terrain\n|upkeep\n|turn|3\n|\n|t:|1698869713\n|move|p2a: Munchlax|Metronome|p2a: Munchlax\n|move|p2a: Munchlax|Triple Arrows|p1a: Munchlax|[from]move: Metronome\n|-supereffective|p1a: Munchlax\n|-damage|p1a: Munchlax|15\/100\n|cant|p1a: Munchlax|flinch\n|\n|-heal|p2a: Munchlax|100\/100|[from] Grassy Terrain\n|-heal|p1a: Munchlax|21\/100|[from] Grassy Terrain\n|upkeep\n|turn|4\n|\n|t:|1698869724\n|move|p2a: Munchlax|Metronome|p2a: Munchlax\n|move|p2a: Munchlax|Tail Whip|p1a: Munchlax|[from]move: Metronome\n|-unboost|p1a: Munchlax|def|1\n|move|p1a: Munchlax|Metronome|p1a: Munchlax\n|move|p1a: Munchlax|Roar of Time|p2a: Munchlax|[from]move: Metronome\n|-damage|p2a: Munchlax|84\/100\n|-mustrecharge|p1a: Munchlax\n|\n|-heal|p2a: Munchlax|91\/100|[from] Grassy Terrain\n|-heal|p1a: Munchlax|27\/100|[from] Grassy Terrain\n|upkeep\n|turn|5\n|\n|t:|1698869736\n|move|p2a: Munchlax|Metronome|p2a: Munchlax\n|move|p2a: Munchlax|Endeavor|p1a: Munchlax|[from]move: Metronome\n|-immune|p1a: Munchlax\n|cant|p1a: Munchlax|recharge\n|\n|-heal|p2a: Munchlax|97\/100|[from] Grassy Terrain\n|-heal|p1a: Munchlax|33\/100|[from] Grassy Terrain\n|upkeep\n|turn|6\n|\n|t:|1698869746\n|move|p2a: Munchlax|Metronome|p2a: Munchlax\n|move|p2a: Munchlax|Glaive Rush|p1a: Munchlax|[from]move: Metronome\n|-damage|p1a: Munchlax|0 fnt\n|-singlemove|p2a: Munchlax|Glaive Rush|[silent]\n|faint|p1a: Munchlax\n|\n|-heal|p2a: Munchlax|100\/100|[from] Grassy Terrain\n|-fieldend|move: Grassy Terrain\n|upkeep\n|\n|t:|1698869754\n|switch|p1a: Munchlax|Munchlax, F|100\/100\n|turn|7\n|\n|t:|1698869758\n|move|p2a: Munchlax|Metronome|p2a: Munchlax\n|move|p2a: Munchlax|Water Gun|p1a: Munchlax|[from]move: Metronome\n|-damage|p1a: Munchlax|96\/100\n|move|p1a: Munchlax|Metronome|p1a: Munchlax\n|move|p1a: Munchlax|Wish|p1a: Munchlax|[from]move: Metronome\n|\n|upkeep\n|turn|8\n|\n|t:|1698869765\n|move|p2a: Munchlax|Metronome|p2a: Munchlax\n|move|p2a: Munchlax|Flame Wheel|p1a: Munchlax|[from]move: Metronome\n|-damage|p1a: Munchlax|75\/100\n|move|p1a: Munchlax|Metronome|p1a: Munchlax\n|move|p1a: Munchlax|Will-O-Wisp|p2a: Munchlax|[from]move: Metronome\n|-status|p2a: Munchlax|brn\n|\n|-heal|p1a: Munchlax|100\/100|[from] move: Wish|[wisher] Munchlax\n|-damage|p2a: Munchlax|94\/100 brn|[from] brn\n|upkeep\n|turn|9\n|\n|t:|1698869776\n|move|p2a: Munchlax|Metronome|p2a: Munchlax\n|move|p2a: Munchlax|Eruption|p1a: Munchlax|[from]move: Metronome\n|-damage|p1a: Munchlax|88\/100\n|move|p1a: Munchlax|Metronome|p1a: Munchlax\n|move|p1a: Munchlax|Burning Jealousy|p2a: Munchlax|[from]move: Metronome\n|-damage|p2a: Munchlax|86\/100 brn\n|\n|-damage|p2a: Munchlax|80\/100 brn|[from] brn\n|upkeep\n|turn|10\n|\n|t:|1698869786\n|move|p2a: Munchlax|Metronome|p2a: Munchlax\n|move|p2a: Munchlax|Eruption|p1a: Munchlax|[from]move: Metronome\n|-damage|p1a: Munchlax|75\/100\n|move|p1a: Munchlax|Metronome|p1a: Munchlax\n|move|p1a: Munchlax|Supersonic|p2a: Munchlax|[from]move: Metronome\n|-start|p2a: Munchlax|confusion\n|\n|-damage|p2a: Munchlax|74\/100 brn|[from] brn\n|upkeep\n|turn|11\n|\n|t:|1698869796\n|-activate|p2a: Munchlax|confusion\n|move|p2a: Munchlax|Metronome|p2a: Munchlax\n|move|p2a: Munchlax|Victory Dance|p2a: Munchlax|[from]move: Metronome\n|-boost|p2a: Munchlax|atk|1\n|-boost|p2a: Munchlax|def|1\n|-boost|p2a: Munchlax|spe|1\n|move|p1a: Munchlax|Metronome|p1a: Munchlax\n|move|p1a: Munchlax|Frenzy Plant|p2a: Munchlax|[from]move: Metronome\n|-damage|p2a: Munchlax|57\/100 brn\n|-mustrecharge|p1a: Munchlax\n|\n|-damage|p2a: Munchlax|51\/100 brn|[from] brn\n|upkeep\n|turn|12\n|\n|t:|1698869807\n|-activate|p2a: Munchlax|confusion\n|move|p2a: Munchlax|Metronome|p2a: Munchlax\n|move|p2a: Munchlax|Psybeam|p1a: Munchlax|[from]move: Metronome\n|-damage|p1a: Munchlax|69\/100\n|-start|p1a: Munchlax|confusion\n|cant|p1a: Munchlax|recharge\n|\n|-damage|p2a: Munchlax|45\/100 brn|[from] brn\n|upkeep\n|turn|13\n|\n|t:|1698869816\n|-end|p2a: Munchlax|confusion\n|move|p2a: Munchlax|Metronome|p2a: Munchlax\n|move|p2a: Munchlax|Mist|p2a: Munchlax|[from]move: Metronome\n|-sidestart|p2: SnowyDawn17|Mist\n|-activate|p1a: Munchlax|confusion\n|move|p1a: Munchlax|Metronome|p1a: Munchlax\n|move|p1a: Munchlax|Stone Axe|p2a: Munchlax|[from]move: Metronome\n|-damage|p2a: Munchlax|29\/100 brn\n|-sidestart|p2: SnowyDawn17|move: Stealth Rock\n|\n|-damage|p2a: Munchlax|23\/100 brn|[from] brn\n|upkeep\n|turn|14\n|\n|t:|1698869827\n|move|p2a: Munchlax|Metronome|p2a: Munchlax\n|move|p2a: Munchlax|Court Change|p2a: Munchlax|[from]move: Metronome\n|-swapsideconditions\n|-activate|p2a: Munchlax|move: Court Change\n|-activate|p1a: Munchlax|confusion\n|move|p1a: Munchlax|Metronome|p1a: Munchlax\n|move|p1a: Munchlax|Frenzy Plant|p2a: Munchlax|[from]move: Metronome\n|-damage|p2a: Munchlax|6\/100 brn\n|-mustrecharge|p1a: Munchlax\n|\n|-damage|p2a: Munchlax|0 fnt|[from] brn\n|faint|p2a: Munchlax\n|upkeep\n|\n|t:|1698869840\n|switch|p2a: Munchlax|Munchlax, M|100\/100\n|turn|15\n|\n|t:|1698869844\n|move|p2a: Munchlax|Metronome|p2a: Munchlax\n|move|p2a: Munchlax|Leech Life|p1a: Munchlax|[from]move: Metronome\n|-damage|p1a: Munchlax|41\/100\n|cant|p1a: Munchlax|recharge\n|\n|upkeep\n|turn|16\n|\n|t:|1698869850\n|move|p2a: Munchlax|Metronome|p2a: Munchlax\n|move|p2a: Munchlax|Bone Rush|p1a: Munchlax|[from]move: Metronome\n|-damage|p1a: Munchlax|32\/100\n|-damage|p1a: Munchlax|23\/100\n|-damage|p1a: Munchlax|14\/100\n|-damage|p1a: Munchlax|6\/100\n|-damage|p1a: Munchlax|0 fnt\n|faint|p1a: Munchlax\n|-hitcount|p1: Munchlax|5\n|\n|upkeep\n|\n|t:|1698869861\n|switch|p1a: Munchlax|Munchlax, F|100\/100\n|-damage|p1a: Munchlax|88\/100|[from] Stealth Rock\n|turn|17\n|\n|t:|1698869866\n|move|p2a: Munchlax|Metronome|p2a: Munchlax\n|move|p2a: Munchlax|Confusion|p1a: Munchlax|[from]move: Metronome\n|-damage|p1a: Munchlax|83\/100\n|move|p1a: Munchlax|Metronome|p1a: Munchlax\n|move|p1a: Munchlax|Torch Song|p2a: Munchlax|[from]move: Metronome\n|-damage|p2a: Munchlax|92\/100\n|-boost|p1a: Munchlax|spa|1\n|\n|-sideend|p1: rozenspark|Mist\n|upkeep\n|turn|18\n|\n|t:|1698869879\n|move|p2a: Munchlax|Metronome|p2a: Munchlax\n|move|p2a: Munchlax|Scary Face|p1a: Munchlax|[from]move: Metronome\n|-unboost|p1a: Munchlax|spe|2\n|move|p1a: Munchlax|Metronome|p1a: Munchlax\n|move|p1a: Munchlax|Disarming Voice|p2a: Munchlax|[from]move: Metronome\n|-damage|p2a: Munchlax|85\/100\n|\n|upkeep\n|turn|19\n|\n|t:|1698869889\n|move|p2a: Munchlax|Metronome|p2a: Munchlax\n|move|p2a: Munchlax|Growth|p2a: Munchlax|[from]move: Metronome\n|-boost|p2a: Munchlax|atk|1\n|-boost|p2a: Munchlax|spa|1\n|move|p1a: Munchlax|Metronome|p1a: Munchlax\n|move|p1a: Munchlax|Tailwind|p1a: Munchlax|[from]move: Metronome\n|-sidestart|p1: rozenspark|move: Tailwind\n|\n|upkeep\n|turn|20\n|\n|t:|1698869897\n|move|p2a: Munchlax|Metronome|p2a: Munchlax\n|move|p2a: Munchlax|Swords Dance|p2a: Munchlax|[from]move: Metronome\n|-boost|p2a: Munchlax|atk|2\n|move|p1a: Munchlax|Metronome|p1a: Munchlax\n|move|p1a: Munchlax|Steel Wing|p2a: Munchlax|[from]move: Metronome\n|-damage|p2a: Munchlax|62\/100\n|\n|upkeep\n|turn|21\n|\n|t:|1698869906\n|move|p2a: Munchlax|Metronome|p2a: Munchlax\n|move|p2a: Munchlax|Fury Attack|p1a: Munchlax|[from]move: Metronome\n|-damage|p1a: Munchlax|62\/100\n|-crit|p1a: Munchlax\n|-damage|p1a: Munchlax|32\/100\n|-damage|p1a: Munchlax|13\/100\n|-hitcount|p1a: Munchlax|3\n|move|p1a: Munchlax|Metronome|p1a: Munchlax\n|move|p1a: Munchlax|Blast Burn|p2a: Munchlax|[from]move: Metronome\n|-damage|p2a: Munchlax|36\/100\n|-mustrecharge|p1a: Munchlax\n|\n|upkeep\n|turn|22\n|\n|t:|1698869919\n|move|p2a: Munchlax|Metronome|p2a: Munchlax\n|move|p2a: Munchlax|Tackle|p1a: Munchlax|[from]move: Metronome\n|-damage|p1a: Munchlax|0 fnt\n|faint|p1a: Munchlax\n|\n|-sideend|p1: rozenspark|move: Tailwind\n|upkeep\n|\n|t:|1698869928\n|switch|p1a: Munchlax|Munchlax, F|100\/100\n|-damage|p1a: Munchlax|88\/100|[from] Stealth Rock\n|turn|23\n|\n|t:|1698869934\n|move|p2a: Munchlax|Metronome|p2a: Munchlax\n|move|p2a: Munchlax|Mist|p2a: Munchlax|[from]move: Metronome\n|-sidestart|p2: SnowyDawn17|Mist\n|move|p1a: Munchlax|Metronome|p1a: Munchlax\n|move|p1a: Munchlax|Wonder Room|p1a: Munchlax|[from]move: Metronome\n|-fieldstart|move: Wonder Room|[of] p1a: Munchlax\n|\n|upkeep\n|turn|24\n|\n|t:|1698869940\n|move|p2a: Munchlax|Metronome|p2a: Munchlax\n|move|p2a: Munchlax|Extreme Speed|p1a: Munchlax|[from]move: Metronome\n|-damage|p1a: Munchlax|35\/100\n|move|p1a: Munchlax|Metronome|p1a: Munchlax\n|move|p1a: Munchlax|Whirlwind|p2a: Munchlax|[from]move: Metronome\n|drag|p2a: Munchlax|Munchlax, F|100\/100\n|\n|upkeep\n|turn|25\n|\n|t:|1698869948\n|move|p2a: Munchlax|Metronome|p2a: Munchlax\n|move|p2a: Munchlax|Stored Power|p1a: Munchlax|[from]move: Metronome\n|-damage|p1a: Munchlax|31\/100\n|move|p1a: Munchlax|Metronome|p1a: Munchlax\n|move|p1a: Munchlax|Trick Room|p1a: Munchlax|[from]move: Metronome\n|-fieldstart|move: Trick Room|[of] p1a: Munchlax\n|\n|upkeep\n|turn|26\n|\n|t:|1698869955\n|move|p1a: Munchlax|Metronome|p1a: Munchlax\n|move|p1a: Munchlax|Coaching|null|[from]move: Metronome|[notarget]\n|-fail|p1a: Munchlax\n|move|p2a: Munchlax|Metronome|p2a: Munchlax\n|move|p2a: Munchlax|Forest's Curse|p1a: Munchlax|[from]move: Metronome\n|-start|p1a: Munchlax|typeadd|Grass|[from] move: Forest's Curse\n|\n|upkeep\n|turn|27\n|\n|t:|1698869962\n|move|p1a: Munchlax|Metronome|p1a: Munchlax\n|move|p1a: Munchlax|Megahorn|p2a: Munchlax|[from]move: Metronome|[miss]\n|-miss|p1a: Munchlax|p2a: Munchlax\n|move|p2a: Munchlax|Metronome|p2a: Munchlax\n|move|p2a: Munchlax|Rock Throw|p1a: Munchlax|[from]move: Metronome\n|-damage|p1a: Munchlax|21\/100\n|\n|-sideend|p2: SnowyDawn17|Mist\n|-fieldend|move: Wonder Room\n|upkeep\n|turn|28\n|\n|t:|1698869971\n|move|p1a: Munchlax|Metronome|p1a: Munchlax\n|move|p1a: Munchlax|Trick Room|p1a: Munchlax|[from]move: Metronome\n|-fieldend|move: Trick Room\n|move|p2a: Munchlax|Metronome|p2a: Munchlax\n|move|p2a: Munchlax|Superpower|p1a: Munchlax|[from]move: Metronome\n|-supereffective|p1a: Munchlax\n|-damage|p1a: Munchlax|0 fnt\n|-unboost|p2a: Munchlax|atk|1\n|-unboost|p2a: Munchlax|def|1\n|faint|p1a: Munchlax\n|\n|upkeep\n|\n|t:|1698869981\n|switch|p1a: Munchlax|Munchlax, F|100\/100\n|-damage|p1a: Munchlax|88\/100|[from] Stealth Rock\n|turn|29\n|\n|t:|1698869986\n|move|p2a: Munchlax|Metronome|p2a: Munchlax\n|move|p2a: Munchlax|Pluck|p1a: Munchlax|[from]move: Metronome\n|-damage|p1a: Munchlax|75\/100\n|move|p1a: Munchlax|Metronome|p1a: Munchlax\n|move|p1a: Munchlax|Burning Jealousy|p2a: Munchlax|[from]move: Metronome\n|-damage|p2a: Munchlax|93\/100\n|\n|upkeep\n|turn|30\n|\n|t:|1698869994\n|move|p2a: Munchlax|Metronome|p2a: Munchlax\n|move|p2a: Munchlax|Barb Barrage|p1a: Munchlax|[from]move: Metronome\n|-damage|p1a: Munchlax|61\/100\n|-status|p1a: Munchlax|psn\n|move|p1a: Munchlax|Metronome|p1a: Munchlax\n|move|p1a: Munchlax|Sand Attack|p2a: Munchlax|[from]move: Metronome\n|-unboost|p2a: Munchlax|accuracy|1\n|\n|-damage|p1a: Munchlax|48\/100 psn|[from] psn\n|upkeep\n|turn|31\n|\n|t:|1698870005\n|move|p2a: Munchlax|Metronome|p2a: Munchlax\n|move|p2a: Munchlax|Double Hit|p1a: Munchlax|[from]move: Metronome|[miss]\n|-miss|p2a: Munchlax|p1a: Munchlax\n|move|p1a: Munchlax|Metronome|p1a: Munchlax\n|move|p1a: Munchlax|Crush Claw|p2a: Munchlax|[from]move: Metronome\n|-damage|p2a: Munchlax|31\/100\n|-unboost|p2a: Munchlax|def|1\n|\n|-damage|p1a: Munchlax|36\/100 psn|[from] psn\n|upkeep\n|turn|32\n|\n|t:|1698870016\n|move|p2a: Munchlax|Metronome|p2a: Munchlax\n|move|p2a: Munchlax|Dark Void|p1a: Munchlax|[from]move: Metronome\n|-fail|p2a: Munchlax|move: Dark Void\n|-hint|Only a Pokemon whose form is Darkrai can use this move.\n|move|p1a: Munchlax|Metronome|p1a: Munchlax\n|move|p1a: Munchlax|Axe Kick|p2a: Munchlax|[from]move: Metronome\n|-supereffective|p2a: Munchlax\n|-crit|p2a: Munchlax\n|-damage|p2a: Munchlax|0 fnt\n|faint|p2a: Munchlax\n|\n|-damage|p1a: Munchlax|23\/100 psn|[from] psn\n|upkeep\n|\n|t:|1698870027\n|switch|p2a: Munchlax|Munchlax, F|100\/100\n|turn|33\n|\n|t:|1698870031\n|move|p2a: Munchlax|Metronome|p2a: Munchlax\n|move|p2a: Munchlax|Torment|p1a: Munchlax|[from]move: Metronome\n|-start|p1a: Munchlax|Torment\n|move|p1a: Munchlax|Metronome|p1a: Munchlax\n|move|p1a: Munchlax|Psybeam|p2a: Munchlax|[from]move: Metronome\n|-damage|p2a: Munchlax|94\/100\n|\n|-damage|p1a: Munchlax|11\/100 psn|[from] psn\n|upkeep\n|turn|34\n|\n|t:|1698870039\n|move|p2a: Munchlax|Metronome|p2a: Munchlax\n|move|p2a: Munchlax|Dragon Pulse|p1a: Munchlax|[from]move: Metronome\n|-damage|p1a: Munchlax|3\/100 psn\n|-activate|p1a: Munchlax|move: Struggle\n|move|p1a: Munchlax|Struggle|p2a: Munchlax\n|-damage|p2a: Munchlax|77\/100\n|-damage|p1a: Munchlax|0 fnt|[from] recoil\n|faint|p1a: Munchlax\n|\n|upkeep\n|\n|t:|1698870049\n|switch|p1a: Munchlax|Munchlax, M|100\/100\n|-damage|p1a: Munchlax|88\/100|[from] Stealth Rock\n|turn|35\n|\n|t:|1698870054\n|move|p2a: Munchlax|Metronome|p2a: Munchlax\n|move|p2a: Munchlax|Forest's Curse|p1a: Munchlax|[from]move: Metronome\n|-start|p1a: Munchlax|typeadd|Grass|[from] move: Forest's Curse\n|move|p1a: Munchlax|Metronome|p1a: Munchlax\n|move|p1a: Munchlax|Wrap|p2a: Munchlax|[from]move: Metronome\n|-damage|p2a: Munchlax|69\/100\n|-activate|p2a: Munchlax|move: Wrap|[of] p1a: Munchlax\n|\n|-damage|p2a: Munchlax|56\/100|[from] move: Wrap|[partiallytrapped]\n|upkeep\n|turn|36\n|\n|t:|1698870064\n|move|p2a: Munchlax|Metronome|p2a: Munchlax\n|move|p2a: Munchlax|Payback|p1a: Munchlax|[from]move: Metronome\n|-damage|p1a: Munchlax|72\/100\n|move|p1a: Munchlax|Metronome|p1a: Munchlax\n|move|p1a: Munchlax|Fake Tears|p2a: Munchlax|[from]move: Metronome\n|-unboost|p2a: Munchlax|spd|2\n|\n|-damage|p2a: Munchlax|44\/100|[from] move: Wrap|[partiallytrapped]\n|upkeep\n|turn|37\n|\n|t:|1698870074\n|move|p2a: Munchlax|Metronome|p2a: Munchlax\n|move|p2a: Munchlax|Expanding Force|p1a: Munchlax|[from]move: Metronome\n|-crit|p1a: Munchlax\n|-damage|p1a: Munchlax|61\/100\n|move|p1a: Munchlax|Metronome|p1a: Munchlax\n|move|p1a: Munchlax|Gravity|p1a: Munchlax|[from]move: Metronome\n|-fieldstart|move: Gravity\n|\n|-damage|p2a: Munchlax|31\/100|[from] move: Wrap|[partiallytrapped]\n|upkeep\n|turn|38\n|\n|t:|1698870083\n|move|p2a: Munchlax|Metronome|p2a: Munchlax\n|move|p2a: Munchlax|Reflect Type|p1a: Munchlax|[from]move: Metronome\n|-start|p2a: Munchlax|typechange|[from] move: Reflect Type|[of] p1a: Munchlax\n|move|p1a: Munchlax|Metronome|p1a: Munchlax\n|move|p1a: Munchlax|Ice Fang|p2a: Munchlax|[from]move: Metronome\n|-supereffective|p2a: Munchlax\n|-damage|p2a: Munchlax|0 fnt\n|faint|p2a: Munchlax\n|\n|upkeep\n|\n|t:|1698870091\n|switch|p2a: Munchlax|Munchlax, M|36\/100\n|turn|39\n|\n|t:|1698870094\n|move|p2a: Munchlax|Metronome|p2a: Munchlax\n|move|p2a: Munchlax|Toxic Thread|p1a: Munchlax|[from]move: Metronome\n|-unboost|p1a: Munchlax|spe|1\n|-status|p1a: Munchlax|psn\n|move|p1a: Munchlax|Metronome|p1a: Munchlax\n|move|p1a: Munchlax|Tickle|p2a: Munchlax|[from]move: Metronome\n|-unboost|p2a: Munchlax|atk|1\n|-unboost|p2a: Munchlax|def|1\n|\n|-damage|p1a: Munchlax|48\/100 psn|[from] psn\n|upkeep\n|turn|40\n|\n|t:|1698870105\n|move|p2a: Munchlax|Metronome|p2a: Munchlax\n|move|p2a: Munchlax|Scary Face|p1a: Munchlax|[from]move: Metronome\n|-unboost|p1a: Munchlax|spe|2\n|move|p1a: Munchlax|Metronome|p1a: Munchlax\n|move|p1a: Munchlax|Eerie Impulse|p2a: Munchlax|[from]move: Metronome\n|-unboost|p2a: Munchlax|spa|2\n|\n|-damage|p1a: Munchlax|36\/100 psn|[from] psn\n|upkeep\n|turn|41\n|\n|t:|1698870118\n|move|p2a: Munchlax|Metronome|p2a: Munchlax\n|move|p2a: Munchlax|Accelerock|p1a: Munchlax|[from]move: Metronome\n|-damage|p1a: Munchlax|27\/100 psn\n|move|p1a: Munchlax|Metronome|p1a: Munchlax\n|move|p1a: Munchlax|Stored Power|p2a: Munchlax|[from]move: Metronome\n|-damage|p2a: Munchlax|34\/100\n|\n|-damage|p1a: Munchlax|15\/100 psn|[from] psn\n|-fieldend|move: Gravity\n|upkeep\n|turn|42\n|\n|t:|1698870127\n|move|p2a: Munchlax|Metronome|p2a: Munchlax\n|move|p2a: Munchlax|Amnesia|p2a: Munchlax|[from]move: Metronome\n|-boost|p2a: Munchlax|spd|2\n|move|p1a: Munchlax|Metronome|p1a: Munchlax\n|move|p1a: Munchlax|Ember|p2a: Munchlax|[from]move: Metronome\n|-damage|p2a: Munchlax|31\/100\n|\n|-damage|p1a: Munchlax|2\/100 psn|[from] psn\n|upkeep\n|turn|43\n|\n|t:|1698870136\n|move|p2a: Munchlax|Metronome|p2a: Munchlax\n|move|p2a: Munchlax|Peck|p1a: Munchlax|[from]move: Metronome\n|-supereffective|p1a: Munchlax\n|-damage|p1a: Munchlax|0 fnt\n|faint|p1a: Munchlax\n|\n|win|SnowyDawn17\n","uploadtime":1698870149,"views":6,"p1id":"rozenspark","p2id":"snowydawn17","formatid":"gen9anythinggoes","rating":0,"private":0,"password":""}