{"id":"gen9anythinggoes-1977064827","p1":"manual damage","p2":"HanzKrautsmann","format":"[Gen 9] Anything Goes","log":"|j|\u2606manual damage\n|j|\u2606HanzKrautsmann\n|t:|1698367584\n|gametype|singles\n|player|p1|manual damage|cynthia|1046\n|player|p2|HanzKrautsmann|fisherman-gen4|1094\n|teamsize|p1|6\n|teamsize|p2|6\n|gen|9\n|tier|[Gen 9] Anything Goes\n|rated|\n|rule|HP Percentage Mod: HP is shown in percentages\n|rule|Endless Battle Clause: Forcing endless battles is banned\n|clearpoke\n|poke|p1|Darkrai|\n|poke|p1|Pawmot, M|\n|poke|p1|Annihilape, M|\n|poke|p1|Calyrex-Shadow|\n|poke|p1|Zacian-*|\n|poke|p1|Amoonguss, M|\n|poke|p2|Drifblim, M|\n|poke|p2|Clefable, F|\n|poke|p2|Calyrex-Shadow|\n|poke|p2|Shaymin-Sky|\n|poke|p2|Thundurus, M|\n|poke|p2|Espathra, F|\n|teampreview\n|\n|t:|1698367597\n|start\n|switch|p1a: Darkrai|Darkrai, shiny|100\/100\n|switch|p2a: Espathra|Espathra, F, shiny|100\/100\n|turn|1\n|\n|t:|1698367604\n|move|p1a: Darkrai|Hypnosis|p2a: Espathra|[miss]\n|-miss|p1a: Darkrai|p2a: Espathra\n|move|p2a: Espathra|Substitute|p2a: Espathra\n|-start|p2a: Espathra|Substitute\n|-damage|p2a: Espathra|76\/100\n|\n|-heal|p2a: Espathra|82\/100|[from] item: Leftovers\n|-ability|p2a: Espathra|Speed Boost|boost\n|-boost|p2a: Espathra|spe|1\n|upkeep\n|turn|2\n|\n|t:|1698367613\n|move|p1a: Darkrai|Hex|p2a: Espathra\n|-supereffective|p2a: Espathra\n|-end|p2a: Espathra|Substitute\n|move|p2a: Espathra|Baton Pass|p2a: Espathra\n|\n|t:|1698367617\n|switch|p2a: Drifblim|Drifblim, M, shiny|100\/100|[from] Baton Pass\n|\n|upkeep\n|turn|3\n|\n|t:|1698367623\n|move|p2a: Drifblim|Substitute|p2a: Drifblim\n|-start|p2a: Drifblim|Substitute\n|-damage|p2a: Drifblim|75\/100\n|move|p1a: Darkrai|Hypnosis|p2a: Drifblim|[miss]\n|-miss|p1a: Darkrai|p2a: Drifblim\n|\n|upkeep\n|turn|4\n|\n|t:|1698367628\n|move|p2a: Drifblim|Minimize|p2a: Drifblim\n|-boost|p2a: Drifblim|evasion|2\n|move|p1a: Darkrai|Hex|p2a: Drifblim|[miss]\n|-miss|p1a: Darkrai|p2a: Drifblim\n|\n|upkeep\n|turn|5\n|c|\u2606HanzKrautsmann|yeah good luck with hypnosis now\n|\n|t:|1698367636\n|move|p2a: Drifblim|Minimize|p2a: Drifblim\n|-boost|p2a: Drifblim|evasion|2\n|move|p1a: Darkrai|Hex|p2a: Drifblim|[miss]\n|-miss|p1a: Darkrai|p2a: Drifblim\n|\n|upkeep\n|turn|6\n|\n|t:|1698367644\n|move|p2a: Drifblim|Minimize|p2a: Drifblim\n|-boost|p2a: Drifblim|evasion|2\n|move|p1a: Darkrai|Hex|p2a: Drifblim\n|-supereffective|p2a: Drifblim\n|-end|p2a: Drifblim|Substitute\n|\n|upkeep\n|turn|7\n|\n|t:|1698367651\n|move|p2a: Drifblim|Substitute|p2a: Drifblim\n|-start|p2a: Drifblim|Substitute\n|-damage|p2a: Drifblim|50\/100\n|move|p1a: Darkrai|Hypnosis|p2a: Drifblim|[miss]\n|-miss|p1a: Darkrai|p2a: Drifblim\n|\n|upkeep\n|turn|8\n|-message|manual damage forfeited.\n|\n|win|HanzKrautsmann\n|raw|manual damage's rating: 1046 &rarr; <strong>1031<\/strong><br \/>(-15 for losing)\n|raw|HanzKrautsmann's rating: 1094 &rarr; <strong>1116<\/strong><br \/>(+22 for winning)\n|l|\u2606manual damage\n|c|\u2606HanzKrautsmann|LMAO\n","uploadtime":1698367664,"views":7,"p1id":"manualdamage","p2id":"hanzkrautsmann","formatid":"gen9anythinggoes","rating":1031,"private":0,"password":""}