{"id":"gen9anythinggoes-1999488713","p1":"Fred64303","p2":"dgzdr","format":"[Gen 9] Anything Goes","log":"|j|\u2606Fred64303\n|j|\u2606dgzdr\n|t:|1701088074\n|gametype|singles\n|player|p1|Fred64303|lucas|1226\n|player|p2|dgzdr|2|1183\n|teamsize|p1|6\n|teamsize|p2|6\n|gen|9\n|tier|[Gen 9] Anything Goes\n|rated|\n|rule|HP Percentage Mod: HP is shown in percentages\n|rule|Endless Battle Clause: Forcing endless battles is banned\n|clearpoke\n|poke|p1|Talonflame, M|\n|poke|p1|Scizor, M|\n|poke|p1|Calyrex-Shadow|\n|poke|p1|Empoleon, M|\n|poke|p1|Miraidon|\n|poke|p1|Heracross, M|\n|poke|p2|Drifblim, M|\n|poke|p2|Yanmega, F|\n|poke|p2|Hatterene, F|\n|poke|p2|Ditto|\n|poke|p2|Clefable, F|\n|poke|p2|Wigglytuff, M|\n|teampreview\n|inactive|Battle timer is ON: inactive players will automatically lose when time's up. (requested by Fred64303)\n|c|\u2606dgzdr|glhf\n|\n|t:|1701088099\n|start\n|switch|p1a: Talonflame|Talonflame, M, shiny|100\/100\n|switch|p2a: im unhitable|Drifblim, M|100\/100\n|turn|1\n|\n|t:|1701088109\n|move|p1a: Talonflame|Dual Wingbeat|p2a: im unhitable\n|-damage|p2a: im unhitable|69\/100\n|-damage|p2a: im unhitable|35\/100\n|-hitcount|p2a: im unhitable|2\n|move|p2a: im unhitable|Minimize|p2a: im unhitable\n|-boost|p2a: im unhitable|evasion|2\n|\n|upkeep\n|turn|2\n|\n|t:|1701088125\n|move|p1a: Talonflame|Dual Wingbeat|p2a: im unhitable\n|-damage|p2a: im unhitable|2\/100\n|-damage|p2a: im unhitable|0 fnt\n|faint|p2a: im unhitable\n|-hitcount|p2: im unhitable|2\n|\n|upkeep\n|inactive|dgzdr has 120 seconds left.\n|c|\u2606Fred64303|Do it\n|inactive|dgzdr has 90 seconds left.\n|c|\u2606Fred64303|Common\n|\n|t:|1701088200\n|switch|p2a: im tank|Clefable, F|100\/100\n|turn|3\n|c|\u2606dgzdr|welp i had bad luck\n|\n|t:|1701088210\n|move|p1a: Talonflame|Dual Wingbeat|p2a: im tank\n|-damage|p2a: im tank|75\/100\n|-damage|p2a: im tank|47\/100\n|-hitcount|p2a: im tank|2\n|move|p2a: im tank|Cosmic Power|p2a: im tank\n|-boost|p2a: im tank|def|1\n|-boost|p2a: im tank|spd|1\n|\n|-heal|p2a: im tank|53\/100|[from] item: Leftovers\n|upkeep\n|turn|4\n|\n|t:|1701088223\n|switch|p1a: Scizor|Scizor, M|100\/100\n|move|p2a: im tank|Protect||[still]\n|-fail|p2a: im tank\n|\n|-heal|p2a: im tank|59\/100|[from] item: Leftovers\n|upkeep\n|turn|5\n|\n|t:|1701088238\n|-terastallize|p1a: Scizor|Water\n|move|p2a: im tank|Protect|p2a: im tank\n|-singleturn|p2a: im tank|Protect\n|move|p1a: Scizor|Swords Dance|p1a: Scizor\n|-boost|p1a: Scizor|atk|2\n|\n|-heal|p2a: im tank|65\/100|[from] item: Leftovers\n|upkeep\n|turn|6\n|\n|t:|1701088251\n|move|p1a: Scizor|Swords Dance|p1a: Scizor\n|-boost|p1a: Scizor|atk|2\n|move|p2a: im tank|Cosmic Power|p2a: im tank\n|-boost|p2a: im tank|def|1\n|-boost|p2a: im tank|spd|1\n|\n|-heal|p2a: im tank|71\/100|[from] item: Leftovers\n|upkeep\n|turn|7\n|\n|t:|1701088260\n|move|p1a: Scizor|Swords Dance|p1a: Scizor\n|-boost|p1a: Scizor|atk|2\n|move|p2a: im tank|Cosmic Power|p2a: im tank\n|-boost|p2a: im tank|def|1\n|-boost|p2a: im tank|spd|1\n|\n|-heal|p2a: im tank|77\/100|[from] item: Leftovers\n|upkeep\n|turn|8\n|\n|t:|1701088269\n|move|p2a: im tank|Protect|p2a: im tank\n|-singleturn|p2a: im tank|Protect\n|move|p1a: Scizor|Bullet Punch|p2a: im tank\n|-activate|p2a: im tank|move: Protect\n|\n|-heal|p2a: im tank|83\/100|[from] item: Leftovers\n|upkeep\n|turn|9\n|inactive|dgzdr has 120 seconds left.\n|\n|t:|1701088288\n|-terastallize|p2a: im tank|Ground\n|move|p1a: Scizor|Bullet Punch|p2a: im tank\n|-crit|p2a: im tank\n|-damage|p2a: im tank|0 fnt\n|faint|p2a: im tank\n|\n|upkeep\n|\n|t:|1701088292\n|switch|p2a: im you|Ditto|100\/100\n|-transform|p2a: im you|p1a: Scizor|[from] ability: Imposter\n|-start|p2a: im you|typechange|Bug\/Steel|[silent]\n|turn|10\n|inactive|dgzdr has 120 seconds left.\n|c|\u2606Fred64303|No u are not me\n|\n|t:|1701088321\n|move|p2a: im you|Bullet Punch|p1a: Scizor\n|-resisted|p1a: Scizor\n|-damage|p1a: Scizor|22\/100\n|move|p1a: Scizor|Bullet Punch|p2a: im you\n|-resisted|p2a: im you\n|-damage|p2a: im you|5\/100\n|\n|upkeep\n|turn|11\n|inactive|dgzdr has 120 seconds left.\n|inactive|Fred64303 has 120 seconds left.\n|\n|t:|1701088336\n|move|p2a: im you|Bullet Punch|p1a: Scizor\n|-resisted|p1a: Scizor\n|-damage|p1a: Scizor|0 fnt\n|faint|p1a: Scizor\n|\n|upkeep\n|inactive|Fred64303 has 120 seconds left.\n|\n|t:|1701088346\n|switch|p1a: Calyrex|Calyrex-Shadow|100\/100\n|-ability|p1a: Calyrex|As One\n|-ability|p1a: Calyrex|Unnerve\n|turn|12\n|inactive|Fred64303 has 120 seconds left.\n|\n|t:|1701088354\n|move|p2a: im you|Bullet Punch|p1a: Calyrex\n|-damage|p1a: Calyrex|0 fnt\n|faint|p1a: Calyrex\n|\n|upkeep\n|inactive|Fred64303 has 120 seconds left.\n|\n|t:|1701088364\n|switch|p1a: Heracross|Heracross, M|100\/100\n|turn|13\n|inactive|Fred64303 has 120 seconds left.\n|\n|t:|1701088370\n|move|p2a: im you|Bullet Punch|p1a: Heracross\n|-damage|p1a: Heracross|0 fnt\n|faint|p1a: Heracross\n|\n|upkeep\n|inactive|Fred64303 has 120 seconds left.\n|\n|t:|1701088378\n|switch|p1a: Miraidon|Miraidon|100\/100\n|-fieldstart|move: Electric Terrain|[from] ability: Hadron Engine|[of] p1a: Miraidon\n|turn|14\n|\n|t:|1701088387\n|move|p2a: im you|Bullet Punch|p1a: Miraidon\n|-resisted|p1a: Miraidon\n|-damage|p1a: Miraidon|33\/100\n|move|p1a: Miraidon|Electro Drift|p2a: im you\n|-damage|p2a: im you|0 fnt\n|faint|p2a: im you\n|\n|upkeep\n|\n|t:|1701088391\n|switch|p2a: im normal|Yanmega, F|100\/100\n|turn|15\n|-message|dgzdr forfeited.\n|\n|win|Fred64303\n|raw|Fred64303's rating: 1226 &rarr; <strong>1248<\/strong><br \/>(+22 for winning)\n|raw|dgzdr's rating: 1183 &rarr; <strong>1161<\/strong><br \/>(-22 for losing)\n|l|\u2606dgzdr\n|c|\u2606Fred64303|Looser\n","uploadtime":1701088421,"views":10,"p1id":"fred64303","p2id":"dgzdr","formatid":"gen9anythinggoes","rating":1161,"private":0,"password":""}