{"id":"gen9anythinggoes-1985628276","p1":"fartingpoo","p2":"arcadius7","format":"[Gen 9] Anything Goes","log":"|j|\u2606fartingpoo\n|j|\u2606arcadius7\n|t:|1699390391\n|gametype|singles\n|player|p1|fartingpoo|policeman-gen4|1107\n|player|p2|arcadius7|1|1060\n|teamsize|p1|6\n|teamsize|p2|6\n|gen|9\n|tier|[Gen 9] Anything Goes\n|rated|\n|rule|HP Percentage Mod: HP is shown in percentages\n|rule|Endless Battle Clause: Forcing endless battles is banned\n|clearpoke\n|poke|p1|Mimikyu, M|\n|poke|p1|Azumarill, F|\n|poke|p1|Maushold|\n|poke|p1|Mimikyu, F|\n|poke|p1|Politoed, M|\n|poke|p1|Crabominable, M|\n|poke|p2|Greninja-*, M|\n|poke|p2|Maushold|\n|poke|p2|Garchomp, F|\n|poke|p2|Basculegion-F, F|\n|poke|p2|Arboliva, M|\n|poke|p2|Pikachu-Original, M|\n|teampreview\n|\n|t:|1699390398\n|start\n|switch|p1a: Crabominable|Crabominable, M, shiny|100\/100\n|switch|p2a: Greninja|Greninja, M|100\/100\n|turn|1\n|c|\u2606arcadius7|YES\n|c|\u2606arcadius7|FINALLY\n|c|\u2606arcadius7|SOMEONE WITHOUT 6 LEGENDARIES\n|\n|t:|1699390422\n|-terastallize|p1a: Crabominable|Fighting\n|move|p2a: Greninja|Dark Pulse|p1a: Crabominable\n|-resisted|p1a: Crabominable\n|-damage|p1a: Crabominable|81\/100\n|move|p1a: Crabominable|Drain Punch|p2a: Greninja\n|-supereffective|p2a: Greninja\n|-damage|p2a: Greninja|0 fnt\n|-heal|p1a: Crabominable|100\/100|[from] drain|[of] p2a: Greninja\n|faint|p2a: Greninja\n|\n|upkeep\n|\n|t:|1699390436\n|switch|p2a: Maushold|Maushold|100\/100\n|turn|2\n|\n|t:|1699390440\n|move|p2a: Maushold|Population Bomb|p1a: Crabominable\n|-damage|p1a: Crabominable|93\/100\n|-damage|p1a: Crabominable|84\/100\n|-damage|p1a: Crabominable|77\/100\n|-damage|p1a: Crabominable|68\/100\n|-damage|p1a: Crabominable|60\/100\n|-damage|p1a: Crabominable|52\/100\n|-crit|p1a: Crabominable\n|-damage|p1a: Crabominable|39\/100\n|-damage|p1a: Crabominable|31\/100\n|-damage|p1a: Crabominable|24\/100\n|-damage|p1a: Crabominable|16\/100\n|-hitcount|p1a: Crabominable|10\n|move|p1a: Crabominable|Drain Punch|p2a: Maushold\n|-supereffective|p2a: Maushold\n|-damage|p2a: Maushold|0 fnt\n|-heal|p1a: Crabominable|52\/100|[from] drain|[of] p2a: Maushold\n|faint|p2a: Maushold\n|\n|upkeep\n|\n|t:|1699390460\n|switch|p2a: Garchomp|Garchomp, F|100\/100\n|turn|3\n|\n|t:|1699390463\n|move|p2a: Garchomp|Outrage|p1a: Crabominable\n|-damage|p1a: Crabominable|0 fnt\n|faint|p1a: Crabominable\n|\n|upkeep\n|\n|t:|1699390471\n|switch|p1a: Politoed|Politoed, M, shiny|100\/100\n|turn|4\n|\n|t:|1699390474\n|move|p2a: Garchomp|Outrage|p1a: Politoed|[from]lockedmove\n|-crit|p1a: Politoed\n|-damage|p1a: Politoed|0 fnt\n|faint|p1a: Politoed\n|\n|upkeep\n|\n|t:|1699390481\n|switch|p1a: Azumarill|Azumarill, F|100\/100\n|turn|5\n|\n|t:|1699390486\n|move|p2a: Garchomp|Outrage|p1a: Azumarill|[from]lockedmove\n|-immune|p1a: Azumarill\n|-start|p2a: Garchomp|confusion|[fatigue]\n|move|p1a: Azumarill|Sing|p2a: Garchomp|[miss]\n|-miss|p1a: Azumarill|p2a: Garchomp\n|\n|upkeep\n|turn|6\n|\n|t:|1699390500\n|switch|p2a: Pikachu|Pikachu-Original, M|100\/100\n|move|p1a: Azumarill|Sing|p2a: Pikachu|[miss]\n|-miss|p1a: Azumarill|p2a: Pikachu\n|\n|upkeep\n|turn|7\n|\n|t:|1699390509\n|move|p2a: Pikachu|Discharge|p1a: Azumarill\n|-supereffective|p1a: Azumarill\n|-damage|p1a: Azumarill|40\/100\n|-status|p1a: Azumarill|par\n|move|p1a: Azumarill|Sing|p2a: Pikachu\n|-status|p2a: Pikachu|slp|[from] move: Sing\n|\n|upkeep\n|turn|8\n|\n|t:|1699390527\n|cant|p2a: Pikachu|slp\n|move|p1a: Azumarill|Belly Drum||[still]\n|-fail|p1a: Azumarill\n|\n|upkeep\n|turn|9\n|\n|t:|1699390535\n|switch|p1a: Mimikyu|Mimikyu, F, shiny|100\/100\n|-curestatus|p2a: Pikachu|slp|[msg]\n|move|p2a: Pikachu|Discharge|p1a: Mimikyu\n|-activate|p1a: Mimikyu|ability: Disguise\n|-damage|p1a: Mimikyu|100\/100\n|detailschange|p1a: Mimikyu|Mimikyu-Busted, F, shiny\n|-damage|p1a: Mimikyu|88\/100|[from] pokemon: Mimikyu-Busted\n|\n|upkeep\n|turn|10\n|\n|t:|1699390546\n|move|p1a: Mimikyu|Swords Dance|p1a: Mimikyu\n|-boost|p1a: Mimikyu|atk|2\n|move|p2a: Pikachu|Discharge|p1a: Mimikyu\n|-damage|p1a: Mimikyu|50\/100\n|-status|p1a: Mimikyu|par\n|\n|upkeep\n|turn|11\n|\n|t:|1699390557\n|move|p2a: Pikachu|Quick Attack|p1a: Mimikyu\n|-immune|p1a: Mimikyu\n|move|p1a: Mimikyu|Drain Punch|p2a: Pikachu\n|-damage|p2a: Pikachu|0 fnt\n|-heal|p1a: Mimikyu|92\/100 par|[from] drain|[of] p2a: Pikachu\n|faint|p2a: Pikachu\n|\n|upkeep\n|\n|t:|1699390569\n|switch|p2a: Leaf|Arboliva, M|100\/100\n|turn|12\n|\n|t:|1699390573\n|move|p1a: Mimikyu|Drain Punch|p2a: Leaf\n|-supereffective|p2a: Leaf\n|-damage|p2a: Leaf|0 fnt\n|-heal|p1a: Mimikyu|100\/100 par|[from] drain|[of] p2a: Leaf\n|faint|p2a: Leaf\n|\n|upkeep\n|\n|t:|1699390580\n|switch|p2a: Garchomp|Garchomp, F|100\/100\n|turn|13\n|\n|t:|1699390594\n|move|p2a: Garchomp|Outrage|p1a: Mimikyu\n|-immune|p1a: Mimikyu\n|move|p1a: Mimikyu|Play Rough|p2a: Garchomp\n|-supereffective|p2a: Garchomp\n|-damage|p2a: Garchomp|0 fnt\n|-damage|p1a: Mimikyu|88\/100 par|[from] ability: Rough Skin|[of] p2a: Garchomp\n|faint|p2a: Garchomp\n|\n|upkeep\n|\n|t:|1699390606\n|switch|p2a: Basculegion|Basculegion-F, F|100\/100\n|-ability|p2a: Basculegion|Mold Breaker\n|turn|14\n|\n|t:|1699390615\n|-terastallize|p2a: Basculegion|Water\n|move|p2a: Basculegion|Last Respects|p1a: Mimikyu\n|-supereffective|p1a: Mimikyu\n|-damage|p1a: Mimikyu|0 fnt\n|faint|p1a: Mimikyu\n|\n|upkeep\n|\n|t:|1699390623\n|switch|p1a: Maushold|Maushold, shiny|100\/100\n|turn|15\n|\n|t:|1699390629\n|move|p1a: Maushold|Bullet Seed|p2a: Basculegion\n|-supereffective|p2a: Basculegion\n|-damage|p2a: Basculegion|77\/100\n|-supereffective|p2a: Basculegion\n|-crit|p2a: Basculegion\n|-damage|p2a: Basculegion|46\/100\n|-supereffective|p2a: Basculegion\n|-damage|p2a: Basculegion|24\/100\n|-supereffective|p2a: Basculegion\n|-damage|p2a: Basculegion|0 fnt\n|faint|p2a: Basculegion\n|-hitcount|p2: Basculegion|4\n|\n|win|fartingpoo\n|raw|fartingpoo's rating: 1107 &rarr; <strong>1129<\/strong><br \/>(+22 for winning)\n|raw|arcadius7's rating: 1060 &rarr; <strong>1044<\/strong><br \/>(-16 for losing)\n|l|\u2606arcadius7\n","uploadtime":1699390648,"views":4,"p1id":"fartingpoo","p2id":"arcadius7","formatid":"gen9anythinggoes","rating":1044,"private":0,"password":""}