{"id":"gen9anythinggoes-1987221212","p1":"darksquidTwitch","p2":"darkrai is op","format":"[Gen 9] Anything Goes","log":"|j|\u2606darksquidTwitch\n|j|\u2606darkrai is op\n|t:|1699566600\n|gametype|singles\n|player|p1|darksquidTwitch|volkner|1277\n|player|p2|darkrai is op|giovanni|1314\n|teamsize|p1|6\n|teamsize|p2|6\n|gen|9\n|tier|[Gen 9] Anything Goes\n|rated|\n|rule|HP Percentage Mod: HP is shown in percentages\n|rule|Endless Battle Clause: Forcing endless battles is banned\n|clearpoke\n|poke|p1|Calyrex-Shadow|\n|poke|p1|Zamazenta-*|\n|poke|p1|Baxcalibur, F|\n|poke|p1|Arceus-Ground|\n|poke|p1|Regieleki|\n|poke|p1|Ditto|\n|poke|p2|Leavanny, M|\n|poke|p2|Hydreigon, M|\n|poke|p2|Gengar, F|\n|poke|p2|Slither Wing|\n|poke|p2|Gyarados, F|\n|poke|p2|Mew|\n|teampreview\n|\n|t:|1699566609\n|start\n|switch|p1a: Arceus|Arceus-Ground, shiny|100\/100\n|switch|p2a: Leavanny|Leavanny, M, shiny|100\/100\n|turn|1\n|c|\u2606darkrai is op|glhf\n|\n|t:|1699566619\n|move|p1a: Arceus|Ice Beam|p2a: Leavanny\n|-supereffective|p2a: Leavanny\n|-damage|p2a: Leavanny|32\/100\n|move|p2a: Leavanny|Sticky Web|p1a: Arceus\n|-sidestart|p1: darksquidTwitch|move: Sticky Web\n|\n|upkeep\n|turn|2\n|inactive|Battle timer is ON: inactive players will automatically lose when time's up. (requested by darksquidTwitch)\n|\n|t:|1699566635\n|move|p1a: Arceus|Ice Beam|p2a: Leavanny\n|-supereffective|p2a: Leavanny\n|-damage|p2a: Leavanny|0 fnt\n|faint|p2a: Leavanny\n|\n|upkeep\n|\n|t:|1699566641\n|switch|p2a: Gyarados|Gyarados, F, shiny|100\/100\n|turn|3\n|\n|t:|1699566645\n|move|p1a: Arceus|Thunderbolt|p2a: Gyarados\n|-supereffective|p2a: Gyarados\n|-damage|p2a: Gyarados|0 fnt\n|faint|p2a: Gyarados\n|\n|upkeep\n|\n|t:|1699566657\n|switch|p2a: Mew|Mew, shiny|100\/100\n|turn|4\n|\n|t:|1699566661\n|move|p1a: Arceus|Calm Mind|p1a: Arceus\n|-boost|p1a: Arceus|spa|1\n|-boost|p1a: Arceus|spd|1\n|move|p2a: Mew|Imprison|p2a: Mew\n|-start|p2a: Mew|move: Imprison\n|\n|upkeep\n|turn|5\n|\n|t:|1699566668\n|move|p1a: Arceus|Calm Mind|p1a: Arceus\n|-boost|p1a: Arceus|spa|1\n|-boost|p1a: Arceus|spd|1\n|move|p2a: Mew|Transform|p1a: Arceus\n|-transform|p2a: Mew|p1a: Arceus\n|\n|upkeep\n|turn|6\n|\n|t:|1699566681\n|-activate|p1a: Arceus|move: Struggle\n|move|p1a: Arceus|Struggle|p2a: Mew\n|-damage|p2a: Mew|93\/100\n|-damage|p1a: Arceus|76\/100|[from] recoil\n|move|p2a: Mew|Calm Mind|p2a: Mew\n|-boost|p2a: Mew|spa|1\n|-boost|p2a: Mew|spd|1\n|\n|upkeep\n|turn|7\n|\n|t:|1699566690\n|-activate|p1a: Arceus|move: Struggle\n|move|p1a: Arceus|Struggle|p2a: Mew\n|-damage|p2a: Mew|86\/100\n|-damage|p1a: Arceus|51\/100|[from] recoil\n|move|p2a: Mew|Calm Mind|p2a: Mew\n|-boost|p2a: Mew|spa|1\n|-boost|p2a: Mew|spd|1\n|\n|upkeep\n|turn|8\n|\n|t:|1699566701\n|-activate|p1a: Arceus|move: Struggle\n|move|p1a: Arceus|Struggle|p2a: Mew\n|-damage|p2a: Mew|78\/100\n|-damage|p1a: Arceus|26\/100|[from] recoil\n|move|p2a: Mew|Calm Mind|p2a: Mew\n|-boost|p2a: Mew|spa|1\n|-boost|p2a: Mew|spd|1\n|\n|upkeep\n|turn|9\n|\n|t:|1699566710\n|-activate|p1a: Arceus|move: Struggle\n|move|p1a: Arceus|Struggle|p2a: Mew\n|-damage|p2a: Mew|71\/100\n|-damage|p1a: Arceus|1\/100|[from] recoil\n|move|p2a: Mew|Calm Mind|p2a: Mew\n|-boost|p2a: Mew|spa|1\n|-boost|p2a: Mew|spd|1\n|\n|upkeep\n|turn|10\n|\n|t:|1699566718\n|-activate|p1a: Arceus|move: Struggle\n|move|p1a: Arceus|Struggle|p2a: Mew\n|-damage|p2a: Mew|63\/100\n|-damage|p1a: Arceus|0 fnt|[from] recoil\n|faint|p1a: Arceus\n|move|p2a: Mew|Ice Beam|p1: Arceus|[notarget]\n|-fail|p2a: Mew\n|\n|upkeep\n|\n|t:|1699566728\n|switch|p1a: Kugelblitz|Regieleki, shiny|100\/100\n|turn|11\n|\n|t:|1699566732\n|move|p1a: Kugelblitz|Rapid Spin|p2a: Mew\n|-damage|p2a: Mew|56\/100\n|-boost|p1a: Kugelblitz|spe|1\n|-sideend|p1: darksquidTwitch|Sticky Web|[from] move: Rapid Spin|[of] p1a: Kugelblitz\n|move|p2a: Mew|Judgment|p1a: Kugelblitz\n|-damage|p1a: Kugelblitz|0 fnt\n|faint|p1a: Kugelblitz\n|\n|upkeep\n|\n|t:|1699566741\n|switch|p1a: Sus|Ditto|100\/100\n|turn|12\n|\n|t:|1699566745\n|move|p2a: Mew|Ice Beam|p1a: Sus\n|-damage|p1a: Sus|0 fnt\n|faint|p1a: Sus\n|\n|upkeep\n|\n|t:|1699566755\n|switch|p1a: GeisterPferd|Calyrex-Shadow|100\/100\n|-ability|p1a: GeisterPferd|As One\n|-ability|p1a: GeisterPferd|Unnerve\n|turn|13\n|\n|t:|1699566761\n|move|p1a: GeisterPferd|Energy Ball|p2a: Mew\n|-supereffective|p2a: Mew\n|-damage|p2a: Mew|42\/100\n|move|p2a: Mew|Thunderbolt|p1a: GeisterPferd\n|-damage|p1a: GeisterPferd|18\/100\n|-status|p1a: GeisterPferd|par\n|\n|upkeep\n|turn|14\n|\n|t:|1699566777\n|move|p2a: Mew|Thunderbolt|p1a: GeisterPferd\n|-damage|p1a: GeisterPferd|0 fnt\n|faint|p1a: GeisterPferd\n|\n|upkeep\n|\n|t:|1699566787\n|switch|p1a: Zamazenta|Zamazenta-Crowned, shiny|100\/100\n|-ability|p1a: Zamazenta|Dauntless Shield|boost\n|-boost|p1a: Zamazenta|def|1\n|turn|15\n|\n|t:|1699566795\n|move|p2a: Mew|Judgment|p1a: Zamazenta\n|-resisted|p1a: Zamazenta\n|-damage|p1a: Zamazenta|53\/100\n|move|p1a: Zamazenta|Ice Fang|p2a: Mew\n|-supereffective|p2a: Mew\n|-damage|p2a: Mew|8\/100\n|\n|upkeep\n|turn|16\n|\n|t:|1699566804\n|move|p2a: Mew|Thunderbolt|p1a: Zamazenta\n|-damage|p1a: Zamazenta|0 fnt\n|faint|p1a: Zamazenta\n|\n|upkeep\n|\n|t:|1699566810\n|switch|p1a: Baxcalibur|Baxcalibur, F, shiny|100\/100\n|turn|17\n|\n|t:|1699566818\n|move|p2a: Mew|Judgment|p1a: Baxcalibur\n|-damage|p1a: Baxcalibur|0 fnt\n|faint|p1a: Baxcalibur\n|\n|win|darkrai is op\n|raw|darksquidTwitch's rating: 1277 &rarr; <strong>1255<\/strong><br \/>(-22 for losing)\n|raw|darkrai is op's rating: 1314 &rarr; <strong>1332<\/strong><br \/>(+18 for winning)\n","uploadtime":1699566835,"views":15,"p1id":"darksquidtwitch","p2id":"darkraiisop","formatid":"gen9anythinggoes","rating":1255,"private":0,"password":""}