{"id":"gen9anythinggoes-1975346271","p1":"UnIuckyy","p2":"Nasty N","format":"[Gen 9] Anything Goes","log":"|j|\u2606UnIuckyy\n|j|\u2606Nasty N\n|t:|1698181866\n|gametype|singles\n|player|p1|UnIuckyy|steven|1171\n|player|p2|Nasty N|n|1247\n|teamsize|p1|6\n|teamsize|p2|6\n|gen|9\n|tier|[Gen 9] Anything Goes\n|rated|\n|rule|HP Percentage Mod: HP is shown in percentages\n|rule|Endless Battle Clause: Forcing endless battles is banned\n|clearpoke\n|poke|p1|Garganacl, F|\n|poke|p1|Garganacl, M|\n|poke|p1|Garganacl, M|\n|poke|p1|Garganacl, M|\n|poke|p1|Garganacl, F|\n|poke|p1|Kingambit, F|\n|poke|p2|Pawmot, F|\n|poke|p2|Pawmot, M|\n|poke|p2|Pawmot, F|\n|poke|p2|Pawmot, F|\n|poke|p2|Basculegion, M|\n|poke|p2|Mandibuzz, F|\n|teampreview\n|inactive|Battle timer is ON: inactive players will automatically lose when time's up. (requested by Nasty N)\n|\n|t:|1698181870\n|start\n|switch|p1a: 1|Garganacl, F, shiny|100\/100\n|switch|p2a: Basculegion|Basculegion, M, shiny|100\/100\n|turn|1\n|c|\u2606UnIuckyy|oh\n|\n|t:|1698181876\n|move|p2a: Basculegion|Wave Crash|p1a: 1\n|-supereffective|p1a: 1\n|-crit|p1a: 1\n|-ability|p1a: 1|Sturdy\n|-damage|p1a: 1|1\/100\n|-damage|p2a: Basculegion|71\/100|[from] Recoil\n|move|p1a: 1|Salt Cure|p2a: Basculegion\n|-damage|p2a: Basculegion|47\/100\n|-start|p2a: Basculegion|Salt Cure\n|\n|-damage|p2a: Basculegion|22\/100|[from] Salt Cure\n|upkeep\n|turn|2\n|\n|t:|1698181891\n|move|p2a: Basculegion|Wave Crash|p1a: 1\n|-supereffective|p1a: 1\n|-damage|p1a: 1|0 fnt\n|faint|p1a: 1\n|-damage|p2a: Basculegion|21\/100|[from] Recoil\n|\n|-damage|p2a: Basculegion|0 fnt|[from] Salt Cure\n|faint|p2a: Basculegion\n|upkeep\n|\n|t:|1698181904\n|switch|p2a: Pawmot|Pawmot, M|100\/100\n|switch|p1a: 2|Garganacl, M|100\/100\n|turn|3\n|\n|t:|1698181914\n|move|p2a: Pawmot|Close Combat|p1a: 2\n|-supereffective|p1a: 2\n|-damage|p1a: 2|8\/100\n|-unboost|p2a: Pawmot|def|1\n|-unboost|p2a: Pawmot|spd|1\n|move|p1a: 2|Salt Cure|p2a: Pawmot\n|-resisted|p2a: Pawmot\n|-damage|p2a: Pawmot|80\/100\n|-start|p2a: Pawmot|Salt Cure\n|\n|-damage|p2a: Pawmot|67\/100|[from] Salt Cure\n|upkeep\n|turn|4\n|\n|t:|1698181927\n|move|p2a: Pawmot|Revival Blessing|p2a: Pawmot\n|\n|t:|1698181929\n|-heal|p2: Basculegion|50\/100|[from] move: Revival Blessing\n|move|p1a: 2|Explosion|p2a: Pawmot\n|-damage|p2a: Pawmot|0 fnt\n|faint|p1a: 2\n|faint|p2a: Pawmot\n|\n|upkeep\n|\n|t:|1698181941\n|switch|p2a: Basculegion|Basculegion, M, shiny|50\/100\n|switch|p1a: 3|Garganacl, M|100\/100\n|turn|5\n|\n|t:|1698181949\n|move|p2a: Basculegion|Last Respects|p1a: 3\n|-damage|p1a: 3|28\/100\n|move|p1a: 3|Salt Cure|p2a: Basculegion\n|-damage|p2a: Basculegion|28\/100\n|-start|p2a: Basculegion|Salt Cure\n|\n|-damage|p2a: Basculegion|3\/100|[from] Salt Cure\n|upkeep\n|turn|6\n|\n|t:|1698181957\n|move|p2a: Basculegion|Last Respects|p1a: 3\n|-damage|p1a: 3|0 fnt\n|faint|p1a: 3\n|\n|-damage|p2a: Basculegion|0 fnt|[from] Salt Cure\n|faint|p2a: Basculegion\n|upkeep\n|\n|t:|1698181969\n|switch|p2a: Mandibuzz|Mandibuzz, F|100\/100\n|switch|p1a: 4|Garganacl, M|100\/100\n|turn|7\n|\n|t:|1698181975\n|move|p2a: Mandibuzz|Toxic|p1a: 4\n|-status|p1a: 4|tox\n|move|p1a: 4|Salt Cure|p2a: Mandibuzz\n|-supereffective|p2a: Mandibuzz\n|-damage|p2a: Mandibuzz|82\/100\n|-start|p2a: Mandibuzz|Salt Cure\n|\n|-damage|p1a: 4|94\/100 tox|[from] psn\n|-damage|p2a: Mandibuzz|70\/100|[from] Salt Cure\n|upkeep\n|turn|8\n|\n|t:|1698181984\n|move|p2a: Mandibuzz|Knock Off|p1a: 4\n|-damage|p1a: 4|74\/100 tox\n|-enditem|p1a: 4|Assault Vest|[from] move: Knock Off|[of] p2a: Mandibuzz\n|move|p1a: 4|Stone Edge|p2a: Mandibuzz|[miss]\n|-miss|p1a: 4|p2a: Mandibuzz\n|\n|-damage|p1a: 4|62\/100 tox|[from] psn\n|-damage|p2a: Mandibuzz|57\/100|[from] Salt Cure\n|upkeep\n|turn|9\n|\n|t:|1698181997\n|move|p2a: Mandibuzz|Knock Off|p1a: 4\n|-damage|p1a: 4|50\/100 tox\n|move|p1a: 4|Stone Edge|p2a: Mandibuzz\n|-supereffective|p2a: Mandibuzz\n|-damage|p2a: Mandibuzz|7\/100\n|\n|-damage|p1a: 4|32\/100 tox|[from] psn\n|-damage|p2a: Mandibuzz|0 fnt|[from] Salt Cure\n|faint|p2a: Mandibuzz\n|upkeep\n|\n|t:|1698182001\n|switch|p2a: Pawmot|Pawmot, F|100\/100\n|turn|10\n|\n|t:|1698182014\n|move|p2a: Pawmot|Double Shock|p1a: 4\n|-damage|p1a: 4|0 fnt\n|-start|p2a: Pawmot|typechange|???\/Fighting|[from] move: Double Shock\n|faint|p1a: 4\n|\n|upkeep\n|\n|t:|1698182020\n|switch|p1a: 5|Garganacl, F|100\/100\n|turn|11\n|\n|t:|1698182028\n|move|p2a: Pawmot|Revival Blessing|p2a: Pawmot\n|\n|t:|1698182031\n|-heal|p2: Basculegion|50\/100|[from] move: Revival Blessing\n|move|p1a: 5|Explosion|p2a: Pawmot\n|-enditem|p2a: Pawmot|Focus Sash\n|-damage|p2a: Pawmot|1\/100\n|faint|p1a: 5\n|\n|upkeep\n|\n|t:|1698182039\n|switch|p1a: Thor|Kingambit, F, shiny|100\/100\n|-activate|p1a: Thor|ability: Supreme Overlord\n|-start|p1a: Thor|fallen5|[silent]\n|turn|12\n|\n|t:|1698182044\n|-terastallize|p1a: Thor|Ghost\n|move|p2a: Pawmot|Wish|p2a: Pawmot\n|move|p1a: Thor|Swords Dance|p1a: Thor\n|-boost|p1a: Thor|atk|2\n|\n|upkeep\n|turn|13\n|\n|t:|1698182054\n|move|p2a: Pawmot|Double Shock||[still]\n|-fail|p2a: Pawmot|move: Double Shock\n|move|p1a: Thor|Swords Dance|p1a: Thor\n|-boost|p1a: Thor|atk|2\n|\n|-heal|p2a: Pawmot|51\/100|[from] move: Wish|[wisher] Pawmot\n|upkeep\n|turn|14\n|\n|t:|1698182062\n|move|p1a: Thor|Sucker Punch||[still]\n|-fail|p1a: Thor\n|move|p2a: Pawmot|Wish|p2a: Pawmot\n|\n|upkeep\n|turn|15\n|\n|t:|1698182066\n|move|p2a: Pawmot|Double Shock||[still]\n|-fail|p2a: Pawmot|move: Double Shock\n|move|p1a: Thor|Swords Dance|p1a: Thor\n|-boost|p1a: Thor|atk|2\n|\n|-heal|p2a: Pawmot|100\/100|[from] move: Wish|[wisher] Pawmot\n|upkeep\n|turn|16\n|\n|t:|1698182074\n|move|p1a: Thor|Sucker Punch|p2a: Pawmot\n|-resisted|p2a: Pawmot\n|-damage|p2a: Pawmot|0 fnt\n|faint|p2a: Pawmot\n|\n|upkeep\n|c|\u2606UnIuckyy|!stats double shock\n|raw|<ul class=\"utilichart\"><li class=\"result\"><span class=\"col movenamecol\"><a href=\"https:\/\/dex.pokemonshowdown.com\/moves\/doubleshock\">Double Shock<\/a><\/span> <span class=\"col typecol\"><img src=\"\/\/play.pokemonshowdown.com\/sprites\/types\/Electric.png\" alt=\"Electric\" width=\"32\" height=\"14\"><img src=\"\/\/play.pokemonshowdown.com\/sprites\/categories\/Physical.png\" alt=\"Physical\" width=\"32\" height=\"14\"><\/span> <span class=\"col labelcol\"><em>Power<\/em><br>120<\/span> <span class=\"col widelabelcol\"><em>Accuracy<\/em><br>100%<\/span> <span class=\"col pplabelcol\"><em>PP<\/em><br>8<\/span> <span class=\"col movedesccol\">User's Electric type: typeless; must be Electric.<\/span> <\/li><li style=\"clear:both\"><\/li><\/ul>\n\n|inactive|Nasty N has 120 seconds left.\n|\n|t:|1698182105\n|switch|p2a: Pawmot|Pawmot, F|100\/100\n|turn|17\n|\n|t:|1698182113\n|move|p1a: Thor|Sucker Punch|p2a: Pawmot\n|-resisted|p2a: Pawmot\n|-enditem|p2a: Pawmot|Focus Sash\n|-damage|p2a: Pawmot|1\/100\n|move|p2a: Pawmot|Double Shock|p1a: Thor\n|-damage|p1a: Thor|50\/100\n|-start|p2a: Pawmot|typechange|???\/Fighting|[from] move: Double Shock\n|\n|upkeep\n|turn|18\n|\n|t:|1698182122\n|move|p2a: Pawmot|Revival Blessing|p2a: Pawmot\n|\n|t:|1698182124\n|-heal|p2: Mandibuzz|50\/100|[from] move: Revival Blessing\n|move|p1a: Thor|Iron Head|p2a: Pawmot\n|-damage|p2a: Pawmot|0 fnt\n|faint|p2a: Pawmot\n|\n|upkeep\n|c|\u2606UnIuckyy|ggs\n|\n|t:|1698182127\n|switch|p2a: Pawmot|Pawmot, F|100\/100\n|turn|19\n|\n|t:|1698182132\n|-terastallize|p2a: Pawmot|Electric\n|move|p1a: Thor|Sucker Punch|p2a: Pawmot\n|-enditem|p2a: Pawmot|Focus Sash\n|-damage|p2a: Pawmot|1\/100\n|move|p2a: Pawmot|Double Shock|p1a: Thor\n|-damage|p1a: Thor|0 fnt\n|-start|p2a: Pawmot|typechange|Electric|[from] move: Double Shock\n|faint|p1a: Thor\n|-end|p1a: Thor|fallen5|[silent]\n|\n|win|Nasty N\n|raw|UnIuckyy's rating: 1171 &rarr; <strong>1151<\/strong><br \/>(-20 for losing)\n|raw|Nasty N's rating: 1247 &rarr; <strong>1267<\/strong><br \/>(+20 for winning)\n","uploadtime":1698182135,"views":7,"p1id":"uniuckyy","p2id":"nastyn","formatid":"gen9anythinggoes","rating":1151,"private":0,"password":""}