{"id":"gen9anythinggoes-1988634927","p1":"Zakoulinis","p2":"LingLing007","format":"[Gen 9] Anything Goes","log":"|j|\u2606Zakoulinis\n|j|\u2606LingLing007\n|t:|1699744482\n|gametype|singles\n|player|p1|Zakoulinis|102|1267\n|player|p2|LingLing007|cynthia-masters2|1314\n|teamsize|p1|6\n|teamsize|p2|6\n|gen|9\n|tier|[Gen 9] Anything Goes\n|rated|\n|rule|HP Percentage Mod: HP is shown in percentages\n|rule|Endless Battle Clause: Forcing endless battles is banned\n|clearpoke\n|poke|p1|Politoed, M|\n|poke|p1|Kilowattrel, F|\n|poke|p1|Beartic, F|\n|poke|p1|Ludicolo, M|\n|poke|p1|Alomomola, F|\n|poke|p1|Kommo-o, F|\n|poke|p2|Samurott-Hisui, M|\n|poke|p2|Kommo-o, M|\n|poke|p2|Orthworm, F|\n|poke|p2|Clefable, F|\n|poke|p2|Skeledirge, M|\n|poke|p2|Shaymin-Sky|\n|teampreview\n|inactive|Battle timer is ON: inactive players will automatically lose when time's up. (requested by LingLing007)\n|\n|t:|1699744493\n|start\n|switch|p1a: Kommo-o|Kommo-o, F|100\/100\n|switch|p2a: Orthworm|Orthworm, F|100\/100\n|turn|1\n|\n|t:|1699744504\n|move|p1a: Kommo-o|Clangorous Soul|p1a: Kommo-o\n|-boost|p1a: Kommo-o|atk|1\n|-boost|p1a: Kommo-o|def|1\n|-boost|p1a: Kommo-o|spa|1\n|-boost|p1a: Kommo-o|spd|1\n|-boost|p1a: Kommo-o|spe|1\n|-damage|p1a: Kommo-o|68\/100\n|-enditem|p1a: Kommo-o|Throat Spray\n|-boost|p1a: Kommo-o|spa|1|[from] item: Throat Spray\n|move|p2a: Orthworm|Shed Tail|p2a: Orthworm\n|-start|p2a: Orthworm|Substitute|[from] move: Shed Tail\n|-damage|p2a: Orthworm|50\/100\n|\n|t:|1699744510\n|switch|p2a: Clefable|Clefable, F|100\/100|[from] Shed Tail\n|\n|upkeep\n|turn|2\n|\n|t:|1699744522\n|move|p1a: Kommo-o|Flash Cannon|p2a: Clefable\n|-supereffective|p2a: Clefable\n|-end|p2a: Clefable|Substitute\n|move|p2a: Clefable|Cosmic Power|p2a: Clefable\n|-boost|p2a: Clefable|def|1\n|-boost|p2a: Clefable|spd|1\n|\n|upkeep\n|turn|3\n|\n|t:|1699744527\n|move|p1a: Kommo-o|Flash Cannon|p2a: Clefable\n|-supereffective|p2a: Clefable\n|-damage|p2a: Clefable|69\/100\n|move|p2a: Clefable|Cosmic Power|p2a: Clefable\n|-boost|p2a: Clefable|def|1\n|-boost|p2a: Clefable|spd|1\n|\n|-heal|p2a: Clefable|75\/100|[from] item: Leftovers\n|upkeep\n|turn|4\n|\n|t:|1699744532\n|move|p1a: Kommo-o|Flash Cannon|p2a: Clefable\n|-supereffective|p2a: Clefable\n|-damage|p2a: Clefable|52\/100\n|move|p2a: Clefable|Cosmic Power|p2a: Clefable\n|-boost|p2a: Clefable|def|1\n|-boost|p2a: Clefable|spd|1\n|\n|-heal|p2a: Clefable|58\/100|[from] item: Leftovers\n|upkeep\n|turn|5\n|\n|t:|1699744542\n|switch|p1a: Politoed|Politoed, M|100\/100\n|-weather|RainDance|[from] ability: Drizzle|[of] p1a: Politoed\n|move|p2a: Clefable|Cosmic Power|p2a: Clefable\n|-boost|p2a: Clefable|def|1\n|-boost|p2a: Clefable|spd|1\n|\n|-weather|RainDance|[upkeep]\n|-heal|p2a: Clefable|64\/100|[from] item: Leftovers\n|upkeep\n|turn|6\n|\n|t:|1699744547\n|move|p1a: Politoed|Hypnosis|p2a: Clefable\n|-status|p2a: Clefable|slp|[from] move: Hypnosis\n|cant|p2a: Clefable|slp\n|\n|-weather|RainDance|[upkeep]\n|-heal|p2a: Clefable|70\/100 slp|[from] item: Leftovers\n|upkeep\n|turn|7\n|\n|t:|1699744559\n|switch|p1a: Beartic|Beartic, F|100\/100\n|-curestatus|p2a: Clefable|slp|[msg]\n|move|p2a: Clefable|Charge Beam|p1a: Beartic\n|-damage|p1a: Beartic|88\/100\n|-boost|p2a: Clefable|spa|1\n|\n|-weather|RainDance|[upkeep]\n|-heal|p2a: Clefable|76\/100|[from] item: Leftovers\n|upkeep\n|turn|8\n|\n|t:|1699744566\n|move|p1a: Beartic|Icicle Spear|p2a: Clefable\n|-damage|p2a: Clefable|72\/100\n|-damage|p2a: Clefable|68\/100\n|-damage|p2a: Clefable|64\/100\n|-damage|p2a: Clefable|60\/100\n|-damage|p2a: Clefable|56\/100\n|-hitcount|p2a: Clefable|5\n|move|p2a: Clefable|Cosmic Power|p2a: Clefable\n|-boost|p2a: Clefable|def|1\n|-boost|p2a: Clefable|spd|1\n|\n|-weather|RainDance|[upkeep]\n|-heal|p2a: Clefable|62\/100|[from] item: Leftovers\n|upkeep\n|turn|9\n|\n|t:|1699744572\n|move|p1a: Beartic|Icicle Spear|p2a: Clefable\n|-damage|p2a: Clefable|59\/100\n|-damage|p2a: Clefable|55\/100\n|-damage|p2a: Clefable|52\/100\n|-damage|p2a: Clefable|49\/100\n|-crit|p2a: Clefable\n|-damage|p2a: Clefable|32\/100\n|-hitcount|p2a: Clefable|5\n|move|p2a: Clefable|Cosmic Power|p2a: Clefable\n|-boost|p2a: Clefable|def|1\n|-boost|p2a: Clefable|spd|1\n|\n|-weather|RainDance|[upkeep]\n|-heal|p2a: Clefable|38\/100|[from] item: Leftovers\n|upkeep\n|turn|10\n|\n|t:|1699744576\n|move|p1a: Beartic|Icicle Spear|p2a: Clefable\n|-damage|p2a: Clefable|35\/100\n|-damage|p2a: Clefable|32\/100\n|-damage|p2a: Clefable|29\/100\n|-damage|p2a: Clefable|26\/100\n|-hitcount|p2a: Clefable|4\n|move|p2a: Clefable|Moonlight|p2a: Clefable\n|-heal|p2a: Clefable|51\/100\n|\n|-weather|RainDance|[upkeep]\n|-heal|p2a: Clefable|57\/100|[from] item: Leftovers\n|upkeep\n|turn|11\n|\n|t:|1699744589\n|move|p1a: Beartic|Icicle Spear|p2a: Clefable\n|-damage|p2a: Clefable|54\/100\n|-damage|p2a: Clefable|51\/100\n|-damage|p2a: Clefable|48\/100\n|-damage|p2a: Clefable|45\/100\n|-damage|p2a: Clefable|42\/100\n|-hitcount|p2a: Clefable|5\n|move|p2a: Clefable|Charge Beam|p1a: Beartic\n|-damage|p1a: Beartic|66\/100\n|-boost|p2a: Clefable|spa|1\n|\n|-weather|RainDance|[upkeep]\n|-heal|p2a: Clefable|48\/100|[from] item: Leftovers\n|upkeep\n|turn|12\n|\n|t:|1699744602\n|move|p1a: Beartic|Icicle Spear|p2a: Clefable\n|-damage|p2a: Clefable|45\/100\n|-damage|p2a: Clefable|42\/100\n|-damage|p2a: Clefable|39\/100\n|-damage|p2a: Clefable|36\/100\n|-damage|p2a: Clefable|33\/100\n|-hitcount|p2a: Clefable|5\n|move|p2a: Clefable|Charge Beam|p1a: Beartic|[miss]\n|-miss|p2a: Clefable|p1a: Beartic\n|\n|-weather|none\n|-heal|p2a: Clefable|39\/100|[from] item: Leftovers\n|upkeep\n|turn|13\n|\n|t:|1699744608\n|switch|p1a: Alomomola|Alomomola, F|100\/100\n|move|p2a: Clefable|Charge Beam|p1a: Alomomola\n|-supereffective|p1a: Alomomola\n|-damage|p1a: Alomomola|65\/100\n|-boost|p2a: Clefable|spa|1\n|\n|-heal|p2a: Clefable|45\/100|[from] item: Leftovers\n|-heal|p1a: Alomomola|71\/100|[from] item: Leftovers\n|upkeep\n|turn|14\n|\n|t:|1699744614\n|move|p2a: Clefable|Stored Power|p1a: Alomomola\n|-damage|p1a: Alomomola|0 fnt\n|faint|p1a: Alomomola\n|\n|-heal|p2a: Clefable|51\/100|[from] item: Leftovers\n|upkeep\n|\n|t:|1699744624\n|switch|p1a: Politoed|Politoed, M|100\/100\n|-weather|RainDance|[from] ability: Drizzle|[of] p1a: Politoed\n|turn|15\n|\n|t:|1699744633\n|move|p1a: Politoed|Ice Beam|p2a: Clefable\n|-damage|p2a: Clefable|45\/100\n|move|p2a: Clefable|Charge Beam|p1a: Politoed\n|-supereffective|p1a: Politoed\n|-damage|p1a: Politoed|48\/100\n|\n|-weather|RainDance|[upkeep]\n|-heal|p2a: Clefable|51\/100|[from] item: Leftovers\n|upkeep\n|turn|16\n|\n|t:|1699744639\n|move|p1a: Politoed|Hypnosis|p2a: Clefable\n|-status|p2a: Clefable|slp|[from] move: Hypnosis\n|cant|p2a: Clefable|slp\n|\n|-weather|RainDance|[upkeep]\n|-heal|p2a: Clefable|57\/100 slp|[from] item: Leftovers\n|upkeep\n|turn|17\n|\n|t:|1699744641\n|move|p1a: Politoed|Surf|p2a: Clefable\n|-damage|p2a: Clefable|43\/100 slp\n|cant|p2a: Clefable|slp\n|\n|-weather|RainDance|[upkeep]\n|-heal|p2a: Clefable|49\/100 slp|[from] item: Leftovers\n|upkeep\n|turn|18\n|\n|t:|1699744644\n|move|p1a: Politoed|Surf|p2a: Clefable\n|-damage|p2a: Clefable|33\/100 slp\n|-curestatus|p2a: Clefable|slp|[msg]\n|move|p2a: Clefable|Charge Beam|p1a: Politoed\n|-supereffective|p1a: Politoed\n|-damage|p1a: Politoed|0 fnt\n|-boost|p2a: Clefable|spa|1\n|faint|p1a: Politoed\n|\n|-weather|RainDance|[upkeep]\n|-heal|p2a: Clefable|40\/100|[from] item: Leftovers\n|upkeep\n|\n|t:|1699744650\n|switch|p1a: Ludicolo|Ludicolo, M|100\/100\n|turn|19\n|\n|t:|1699744656\n|move|p1a: Ludicolo|Waterfall|p2a: Clefable\n|-damage|p2a: Clefable|32\/100\n|move|p2a: Clefable|Moonlight|p2a: Clefable\n|-heal|p2a: Clefable|57\/100\n|\n|-weather|RainDance|[upkeep]\n|-heal|p2a: Clefable|63\/100|[from] item: Leftovers\n|upkeep\n|turn|20\n|\n|t:|1699744675\n|move|p1a: Ludicolo|Waterfall|p2a: Clefable\n|-damage|p2a: Clefable|57\/100\n|move|p2a: Clefable|Stored Power|p1a: Ludicolo\n|-damage|p1a: Ludicolo|0 fnt\n|faint|p1a: Ludicolo\n|\n|-weather|RainDance|[upkeep]\n|-heal|p2a: Clefable|63\/100|[from] item: Leftovers\n|upkeep\n|\n|t:|1699744679\n|switch|p1a: Kilowattrel|Kilowattrel, F|100\/100\n|turn|21\n|\n|t:|1699744684\n|move|p1a: Kilowattrel|Hurricane|p2a: Clefable\n|-damage|p2a: Clefable|50\/100\n|move|p2a: Clefable|Stored Power|p1a: Kilowattrel\n|-damage|p1a: Kilowattrel|0 fnt\n|faint|p1a: Kilowattrel\n|\n|-weather|RainDance|[upkeep]\n|-heal|p2a: Clefable|56\/100|[from] item: Leftovers\n|upkeep\n|\n|t:|1699744687\n|switch|p1a: Beartic|Beartic, F|66\/100\n|turn|22\n|\n|t:|1699744696\n|move|p1a: Beartic|Icicle Spear|p2a: Clefable\n|-damage|p2a: Clefable|53\/100\n|-damage|p2a: Clefable|50\/100\n|-damage|p2a: Clefable|47\/100\n|-damage|p2a: Clefable|44\/100\n|-damage|p2a: Clefable|41\/100\n|-hitcount|p2a: Clefable|5\n|move|p2a: Clefable|Charge Beam|p1a: Beartic\n|-damage|p1a: Beartic|21\/100\n|-boost|p2a: Clefable|spa|1\n|\n|-weather|none\n|-heal|p2a: Clefable|47\/100|[from] item: Leftovers\n|upkeep\n|turn|23\n|\n|t:|1699744700\n|move|p1a: Beartic|Icicle Spear|p2a: Clefable\n|-damage|p2a: Clefable|44\/100\n|-damage|p2a: Clefable|41\/100\n|-damage|p2a: Clefable|38\/100\n|-damage|p2a: Clefable|36\/100\n|-damage|p2a: Clefable|33\/100\n|-hitcount|p2a: Clefable|5\n|move|p2a: Clefable|Moonlight|p2a: Clefable\n|-heal|p2a: Clefable|83\/100\n|\n|-heal|p2a: Clefable|89\/100|[from] item: Leftovers\n|upkeep\n|turn|24\n|\n|t:|1699744713\n|move|p1a: Beartic|Icicle Spear|p2a: Clefable\n|-crit|p2a: Clefable\n|-damage|p2a: Clefable|71\/100\n|-damage|p2a: Clefable|68\/100\n|-damage|p2a: Clefable|65\/100\n|-damage|p2a: Clefable|62\/100\n|-damage|p2a: Clefable|60\/100\n|-hitcount|p2a: Clefable|5\n|move|p2a: Clefable|Charge Beam|p1a: Beartic\n|-damage|p1a: Beartic|0 fnt\n|-boost|p2a: Clefable|spa|1\n|faint|p1a: Beartic\n|\n|-heal|p2a: Clefable|66\/100|[from] item: Leftovers\n|upkeep\n|\n|t:|1699744715\n|switch|p1a: Kommo-o|Kommo-o, F|68\/100\n|turn|25\n|\n|t:|1699744718\n|-terastallize|p1a: Kommo-o|Steel\n|move|p1a: Kommo-o|Flash Cannon|p2a: Clefable\n|-supereffective|p2a: Clefable\n|-damage|p2a: Clefable|49\/100\n|move|p2a: Clefable|Stored Power|p1a: Kommo-o\n|-resisted|p1a: Kommo-o\n|-damage|p1a: Kommo-o|0 fnt\n|faint|p1a: Kommo-o\n|\n|win|LingLing007\n|raw|Zakoulinis's rating: 1267 &rarr; <strong>1245<\/strong><br \/>(-22 for losing)\n|raw|LingLing007's rating: 1314 &rarr; <strong>1331<\/strong><br \/>(+17 for winning)\n|c|\u2606LingLing007|gg\n","uploadtime":1699744727,"views":17,"p1id":"zakoulinis","p2id":"lingling007","formatid":"gen9anythinggoes","rating":1245,"private":0,"password":""}