{"id":"gen9anythinggoes-1989101276","p1":"dbuddy42","p2":"kingripoff","format":"[Gen 9] Anything Goes","log":"|j|\u2606dbuddy42\n|j|\u2606kingripoff\n|t:|1699812292\n|gametype|singles\n|player|p1|dbuddy42|169|\n|player|p2|kingripoff|266|\n|teamsize|p1|6\n|teamsize|p2|6\n|gen|9\n|tier|[Gen 9] Anything Goes\n|rule|HP Percentage Mod: HP is shown in percentages\n|rule|Endless Battle Clause: Forcing endless battles is banned\n|clearpoke\n|poke|p1|Chi-Yu|\n|poke|p1|Goodra-Hisui, F|\n|poke|p1|Iron Jugulis|\n|poke|p1|Toxapex, M|\n|poke|p1|Ambipom, F|\n|poke|p1|Great Tusk|\n|poke|p2|Manaphy|\n|poke|p2|Torterra, M|\n|poke|p2|Infernape, M|\n|poke|p2|Corviknight, F|\n|poke|p2|Tyranitar, M|\n|poke|p2|Iron Hands|\n|teampreview\n|\n|t:|1699812324\n|start\n|switch|p1a: Great Tusk|Great Tusk|100\/100\n|switch|p2a: Torterra|Torterra, M|100\/100\n|turn|1\n|\n|t:|1699812332\n|move|p2a: Torterra|Shell Smash|p2a: Torterra\n|-unboost|p2a: Torterra|def|1\n|-unboost|p2a: Torterra|spd|1\n|-boost|p2a: Torterra|atk|2\n|-boost|p2a: Torterra|spa|2\n|-boost|p2a: Torterra|spe|2\n|-enditem|p2a: Torterra|White Herb\n|-clearnegativeboost|p2a: Torterra|[silent]\n|move|p1a: Great Tusk|Stealth Rock|p2a: Torterra\n|-sidestart|p2: kingripoff|move: Stealth Rock\n|\n|upkeep\n|turn|2\n|\n|t:|1699812343\n|move|p2a: Torterra|Bullet Seed|p1a: Great Tusk\n|-supereffective|p1a: Great Tusk\n|-damage|p1a: Great Tusk|71\/100\n|-supereffective|p1a: Great Tusk\n|-damage|p1a: Great Tusk|43\/100\n|-supereffective|p1a: Great Tusk\n|-damage|p1a: Great Tusk|16\/100\n|-hitcount|p1a: Great Tusk|3\n|move|p1a: Great Tusk|Ice Spinner|p2a: Torterra\n|-supereffective|p2a: Torterra\n|-damage|p2a: Torterra|0 fnt\n|faint|p2a: Torterra\n|\n|-heal|p1a: Great Tusk|22\/100|[from] item: Leftovers\n|upkeep\n|\n|t:|1699812362\n|switch|p2a: Manaphy|Manaphy|100\/100\n|-damage|p2a: Manaphy|88\/100|[from] Stealth Rock\n|turn|3\n|\n|t:|1699812367\n|move|p2a: Manaphy|Tail Glow|p2a: Manaphy\n|-boost|p2a: Manaphy|spa|3\n|move|p1a: Great Tusk|Headlong Rush|p2a: Manaphy\n|-damage|p2a: Manaphy|13\/100\n|-unboost|p1a: Great Tusk|def|1\n|-unboost|p1a: Great Tusk|spd|1\n|\n|-heal|p2a: Manaphy|20\/100|[from] item: Leftovers\n|-heal|p1a: Great Tusk|29\/100|[from] item: Leftovers\n|upkeep\n|turn|4\n|\n|t:|1699812377\n|move|p2a: Manaphy|Scald|p1a: Great Tusk\n|-supereffective|p1a: Great Tusk\n|-damage|p1a: Great Tusk|0 fnt\n|faint|p1a: Great Tusk\n|-end|p1a: Great Tusk|Protosynthesis|[silent]\n|\n|-heal|p2a: Manaphy|26\/100|[from] item: Leftovers\n|upkeep\n|\n|t:|1699812384\n|switch|p1a: Ambipom|Ambipom, F|100\/100\n|turn|5\n|\n|t:|1699812394\n|-terastallize|p1a: Ambipom|Normal\n|move|p1a: Ambipom|Fake Out|p2a: Manaphy\n|-damage|p2a: Manaphy|0 fnt\n|faint|p2a: Manaphy\n|\n|upkeep\n|\n|t:|1699812400\n|switch|p2a: Infernape|Infernape, M|100\/100\n|-damage|p2a: Infernape|88\/100|[from] Stealth Rock\n|turn|6\n|\n|t:|1699812405\n|switch|p1a: Toxapex|Toxapex, M|100\/100\n|move|p2a: Infernape|Swords Dance|p2a: Infernape\n|-boost|p2a: Infernape|atk|2\n|\n|upkeep\n|turn|7\n|\n|t:|1699812414\n|move|p2a: Infernape|Thunder Punch|p1a: Toxapex\n|-supereffective|p1a: Toxapex\n|-damage|p1a: Toxapex|20\/100\n|-damage|p2a: Infernape|78\/100|[from] item: Life Orb\n|move|p1a: Toxapex|Surf|p2a: Infernape\n|-supereffective|p2a: Infernape\n|-damage|p2a: Infernape|24\/100\n|\n|-heal|p1a: Toxapex|26\/100|[from] item: Black Sludge\n|upkeep\n|turn|8\n|\n|t:|1699812439\n|switch|p1a: Iron Jugulis|Iron Jugulis|100\/100\n|move|p2a: Infernape|Thunder Punch|p1a: Iron Jugulis\n|-supereffective|p1a: Iron Jugulis\n|-damage|p1a: Iron Jugulis|0 fnt\n|faint|p1a: Iron Jugulis\n|-end|p1a: Iron Jugulis|Quark Drive|[silent]\n|-damage|p2a: Infernape|14\/100|[from] item: Life Orb\n|\n|upkeep\n|\n|t:|1699812447\n|switch|p1a: Ambipom|Ambipom, F, tera:Normal|100\/100\n|turn|9\n|\n|t:|1699812454\n|switch|p2a: Corviknight|Corviknight, F|100\/100\n|-damage|p2a: Corviknight|88\/100|[from] Stealth Rock\n|move|p1a: Ambipom|Fake Out|p2a: Corviknight\n|-resisted|p2a: Corviknight\n|-damage|p2a: Corviknight|76\/100\n|-damage|p1a: Ambipom|84\/100|[from] item: Rocky Helmet|[of] p2a: Corviknight\n|\n|upkeep\n|turn|10\n|\n|t:|1699812463\n|switch|p1a: Toxapex|Toxapex, M|60\/100\n|move|p2a: Corviknight|Iron Defense|p2a: Corviknight\n|-boost|p2a: Corviknight|def|2\n|\n|-heal|p1a: Toxapex|66\/100|[from] item: Black Sludge\n|upkeep\n|turn|11\n|\n|t:|1699812479\n|move|p2a: Corviknight|Brave Bird|p1a: Toxapex\n|-damage|p1a: Toxapex|43\/100\n|-damage|p2a: Corviknight|70\/100|[from] Recoil\n|move|p1a: Toxapex|Haze|p1a: Toxapex\n|-clearallboost\n|\n|-heal|p1a: Toxapex|49\/100|[from] item: Black Sludge\n|upkeep\n|turn|12\n|\n|t:|1699812490\n|switch|p2a: Iron Hands|Iron Hands|100\/100\n|-damage|p2a: Iron Hands|94\/100|[from] Stealth Rock\n|switch|p1a: Goodra|Goodra-Hisui, F|100\/100\n|\n|upkeep\n|turn|13\n|\n|t:|1699812510\n|move|p2a: Iron Hands|Swords Dance|p2a: Iron Hands\n|-boost|p2a: Iron Hands|atk|2\n|move|p1a: Goodra|Flamethrower|p2a: Iron Hands\n|-damage|p2a: Iron Hands|74\/100\n|\n|upkeep\n|turn|14\n|\n|t:|1699812518\n|move|p2a: Iron Hands|Drain Punch|p1a: Goodra\n|-supereffective|p1a: Goodra\n|-damage|p1a: Goodra|0 fnt\n|-heal|p2a: Iron Hands|100\/100|[from] drain|[of] p1a: Goodra\n|faint|p1a: Goodra\n|\n|upkeep\n|\n|t:|1699812527\n|switch|p1a: Chi-Yu|Chi-Yu|100\/100\n|-ability|p1a: Chi-Yu|Beads of Ruin\n|turn|15\n|\n|t:|1699812533\n|move|p1a: Chi-Yu|Overheat|p2a: Iron Hands\n|-damage|p2a: Iron Hands|6\/100\n|-unboost|p1a: Chi-Yu|spa|2\n|move|p2a: Iron Hands|Drain Punch|p1a: Chi-Yu\n|-supereffective|p1a: Chi-Yu\n|-damage|p1a: Chi-Yu|0 fnt\n|-heal|p2a: Iron Hands|32\/100|[from] drain|[of] p1a: Chi-Yu\n|faint|p1a: Chi-Yu\n|\n|upkeep\n|\n|t:|1699812544\n|switch|p1a: Ambipom|Ambipom, F, tera:Normal|84\/100\n|turn|16\n|\n|t:|1699812556\n|-end|p2a: Iron Hands|Quark Drive|[silent]\n|switch|p2a: Corviknight|Corviknight, F|70\/100\n|-damage|p2a: Corviknight|58\/100|[from] Stealth Rock\n|move|p1a: Ambipom|Fake Out|p2a: Corviknight\n|-resisted|p2a: Corviknight\n|-damage|p2a: Corviknight|45\/100\n|-damage|p1a: Ambipom|68\/100|[from] item: Rocky Helmet|[of] p2a: Corviknight\n|\n|upkeep\n|turn|17\n|\n|t:|1699812563\n|move|p1a: Ambipom|Last Resort|p2a: Corviknight\n|-resisted|p2a: Corviknight\n|-damage|p2a: Corviknight|17\/100\n|-damage|p1a: Ambipom|51\/100|[from] item: Rocky Helmet|[of] p2a: Corviknight\n|move|p2a: Corviknight|Body Press|p1a: Ambipom\n|-supereffective|p1a: Ambipom\n|-damage|p1a: Ambipom|0 fnt\n|faint|p1a: Ambipom\n|\n|upkeep\n|\n|t:|1699812571\n|switch|p1a: Toxapex|Toxapex, M|82\/100\n|turn|18\n|\n|t:|1699812577\n|move|p2a: Corviknight|Body Press|p1a: Toxapex\n|-resisted|p1a: Toxapex\n|-damage|p1a: Toxapex|75\/100\n|move|p1a: Toxapex|Surf|p2a: Corviknight\n|-damage|p2a: Corviknight|0 fnt\n|faint|p2a: Corviknight\n|\n|-heal|p1a: Toxapex|81\/100|[from] item: Black Sludge\n|upkeep\n|\n|t:|1699812591\n|switch|p2a: Infernape|Infernape, M|14\/100\n|-damage|p2a: Infernape|2\/100|[from] Stealth Rock\n|turn|19\n|\n|t:|1699812598\n|move|p2a: Infernape|Thunder Punch|p1a: Toxapex\n|-supereffective|p1a: Toxapex\n|-damage|p1a: Toxapex|39\/100\n|-damage|p2a: Infernape|0 fnt|[from] item: Life Orb\n|faint|p2a: Infernape\n|move|p1a: Toxapex|Surf|p2: Infernape|[notarget]\n|-fail|p1a: Toxapex\n|\n|-heal|p1a: Toxapex|46\/100|[from] item: Black Sludge\n|upkeep\n|\n|t:|1699812606\n|switch|p2a: Iron Hands|Iron Hands|32\/100\n|-damage|p2a: Iron Hands|26\/100|[from] Stealth Rock\n|turn|20\n|\n|t:|1699812613\n|move|p2a: Iron Hands|Thunder Punch|p1a: Toxapex\n|-supereffective|p1a: Toxapex\n|-damage|p1a: Toxapex|0 fnt\n|faint|p1a: Toxapex\n|\n|win|kingripoff\n|c|\u2606dbuddy42|gg\n|c|\u2606kingripoff|gg\n","uploadtime":1699812626,"views":36,"p1id":"dbuddy42","p2id":"kingripoff","formatid":"gen9anythinggoes","rating":0,"private":0,"password":""}