{"id":"gen9anythinggoes-1993846382","p1":"Elite2008","p2":"Poyo90","format":"[Gen 9] Anything Goes","log":"|j|\u2606Elite2008\n|j|\u2606Poyo90\n|t:|1700364616\n|gametype|singles\n|player|p1|Elite2008|ghetsis-gen5bw|1011\n|player|p2|Poyo90|hau|1127\n|teamsize|p1|6\n|teamsize|p2|6\n|gen|9\n|tier|[Gen 9] Anything Goes\n|rated|\n|rule|HP Percentage Mod: HP is shown in percentages\n|rule|Endless Battle Clause: Forcing endless battles is banned\n|clearpoke\n|poke|p1|Maushold-Four|\n|poke|p1|Maushold-Four|\n|poke|p1|Maushold-Four|\n|poke|p1|Maushold-Four|\n|poke|p1|Maushold-Four|\n|poke|p1|Maushold-Four|\n|poke|p2|Great Tusk|\n|poke|p2|Iron Moth|\n|poke|p2|Munkidori, M|\n|poke|p2|Weezing-Galar, F|\n|poke|p2|Electrode-Hisui|\n|poke|p2|Hatterene, F|\n|teampreview\n|inactive|Battle timer is ON: inactive players will automatically lose when time's up. (requested by Poyo90)\n|inactive|Elite2008 also wants the timer to be on.\n|c|\u2606Poyo90|that's a lot of mouses!\n|\n|t:|1700364630\n|start\n|switch|p1a: Maushold|Maushold-Four|100\/100\n|switch|p2a: Electrode|Electrode-Hisui|100\/100\n|turn|1\n|c|\u2606Elite2008|i got this from my freind\n|\n|t:|1700364645\n|move|p2a: Electrode|Volt Switch|p1a: Maushold\n|-crit|p1a: Maushold\n|-damage|p1a: Maushold|11\/100\n|\n|t:|1700364665\n|switch|p2a: Weezing|Weezing-Galar, F|100\/100|[from] Volt Switch\n|-ability|p2a: Weezing|Neutralizing Gas\n|move|p1a: Maushold|Population Bomb|p2a: Weezing\n|-damage|p2a: Weezing|94\/100\n|-damage|p2a: Weezing|86\/100\n|-damage|p2a: Weezing|80\/100\n|-damage|p2a: Weezing|74\/100\n|-hitcount|p2a: Weezing|4\n|\n|-heal|p2a: Weezing|80\/100|[from] item: Leftovers\n|upkeep\n|turn|2\n|\n|t:|1700364680\n|move|p1a: Maushold|Population Bomb|p2a: Weezing\n|-crit|p2a: Weezing\n|-damage|p2a: Weezing|69\/100\n|-damage|p2a: Weezing|63\/100\n|-damage|p2a: Weezing|56\/100\n|-damage|p2a: Weezing|50\/100\n|-damage|p2a: Weezing|43\/100\n|-damage|p2a: Weezing|37\/100\n|-damage|p2a: Weezing|30\/100\n|-damage|p2a: Weezing|24\/100\n|-damage|p2a: Weezing|17\/100\n|-damage|p2a: Weezing|10\/100\n|-hitcount|p2a: Weezing|10\n|cant|p2a: Weezing|flinch\n|\n|-heal|p2a: Weezing|16\/100|[from] item: Leftovers\n|upkeep\n|turn|3\n|c|\u2606Poyo90|bruh\n|\n|t:|1700364701\n|move|p1a: Maushold|Population Bomb|p2a: Weezing\n|-damage|p2a: Weezing|9\/100\n|-hitcount|p2a: Weezing|1\n|move|p2a: Weezing|Toxic Spikes|p1a: Maushold\n|-sidestart|p1: Elite2008|move: Toxic Spikes\n|\n|-heal|p2a: Weezing|15\/100|[from] item: Leftovers\n|upkeep\n|turn|4\n|\n|t:|1700364710\n|move|p1a: Maushold|Population Bomb|p2a: Weezing\n|-damage|p2a: Weezing|8\/100\n|-damage|p2a: Weezing|2\/100\n|-damage|p2a: Weezing|0 fnt\n|faint|p2a: Weezing\n|-end|p2a: Weezing|ability: Neutralizing Gas\n|-hitcount|p2: Weezing|3\n|\n|upkeep\n|\n|t:|1700364717\n|switch|p2a: Iron Moth|Iron Moth|100\/100\n|turn|5\n|\n|t:|1700364731\n|move|p1a: Maushold|Population Bomb|p2a: Iron Moth\n|-damage|p2a: Iron Moth|89\/100\n|-damage|p2a: Iron Moth|77\/100\n|-damage|p2a: Iron Moth|65\/100\n|-damage|p2a: Iron Moth|53\/100\n|-damage|p2a: Iron Moth|39\/100\n|-damage|p2a: Iron Moth|25\/100\n|-damage|p2a: Iron Moth|13\/100\n|-damage|p2a: Iron Moth|1\/100\n|-damage|p2a: Iron Moth|0 fnt\n|faint|p2a: Iron Moth\n|-end|p2a: Iron Moth|Quark Drive|[silent]\n|-hitcount|p2: Iron Moth|9\n|\n|upkeep\n|\n|t:|1700364733\n|switch|p2a: Munkidori|Munkidori, M|100\/100\n|turn|6\n|c|\u2606Poyo90|I think I'm gonna lose\n|\n|t:|1700364748\n|move|p2a: Munkidori|Fake Out|p1a: Maushold\n|-damage|p1a: Maushold|0 fnt\n|faint|p1a: Maushold\n|\n|upkeep\n|c|\u2606Elite2008|no im prolly gonna maushold sucks\n|\n|t:|1700364769\n|switch|p1a: Maushold|Maushold-Four|100\/100\n|-status|p1a: Maushold|psn\n|turn|7\n|\n|t:|1700364775\n|switch|p2a: Great Tusk|Great Tusk|100\/100\n|move|p1a: Maushold|Population Bomb|p2a: Great Tusk\n|-damage|p2a: Great Tusk|95\/100\n|-damage|p2a: Great Tusk|90\/100\n|-damage|p2a: Great Tusk|84\/100\n|-damage|p2a: Great Tusk|78\/100\n|-damage|p2a: Great Tusk|72\/100\n|-hitcount|p2a: Great Tusk|5\n|\n|-damage|p1a: Maushold|88\/100 psn|[from] psn\n|upkeep\n|turn|8\n|\n|t:|1700364788\n|move|p1a: Maushold|Population Bomb|p2a: Great Tusk|[miss]\n|-miss|p1a: Maushold|p2a: Great Tusk\n|move|p2a: Great Tusk|Play Rough|p1a: Maushold\n|-damage|p1a: Maushold|18\/100 psn\n|\n|-damage|p1a: Maushold|5\/100 psn|[from] psn\n|upkeep\n|turn|9\n|c|\u2606Poyo90|If all you're maushold havfe max spoeed then you probably win\n|inactive|Poyo90 has 120 seconds left.\n|\n|t:|1700364820\n|move|p1a: Maushold|Population Bomb|p2a: Great Tusk\n|-damage|p2a: Great Tusk|67\/100\n|-damage|p2a: Great Tusk|61\/100\n|-damage|p2a: Great Tusk|55\/100\n|-damage|p2a: Great Tusk|49\/100\n|-damage|p2a: Great Tusk|44\/100\n|-damage|p2a: Great Tusk|38\/100\n|-damage|p2a: Great Tusk|33\/100\n|-damage|p2a: Great Tusk|27\/100\n|-damage|p2a: Great Tusk|21\/100\n|-damage|p2a: Great Tusk|16\/100\n|-hitcount|p2a: Great Tusk|10\n|cant|p2a: Great Tusk|flinch\n|\n|-damage|p1a: Maushold|0 fnt|[from] psn\n|faint|p1a: Maushold\n|upkeep\n|c|\u2606Elite2008|ah\n|c|\u2606Poyo90|let me rephrase that\n|inactive|Elite2008 has 120 seconds left.\n|\n|t:|1700364837\n|switch|p1a: Maushold|Maushold-Four|100\/100\n|-status|p1a: Maushold|psn\n|turn|10\n|c|\u2606Poyo90|If all your maushold have max speed then you win\n|inactive|Elite2008 has 120 seconds left.\n|c|\u2606Elite2008|ok\n|l|\u2606Elite2008\n|inactive|Elite2008 disconnected and has a minute to reconnect!\n|player|p1|\n|c|\u2606Poyo90|*probably\n|j|\u2606Elite2008\n|inactive|Elite2008 reconnected and has 110 seconds left.\n|player|p1|Elite2008|ghetsis-gen5bw\n|\n|t:|1700364867\n|move|p1a: Maushold|Population Bomb|p2a: Great Tusk|[miss]\n|-miss|p1a: Maushold|p2a: Great Tusk\n|move|p2a: Great Tusk|Play Rough|p1a: Maushold\n|-damage|p1a: Maushold|32\/100 psn\n|\n|-damage|p1a: Maushold|20\/100 psn|[from] psn\n|upkeep\n|turn|11\n|c|\u2606Poyo90|nvm\n|inactive|Poyo90 has 120 seconds left.\n|c|\u2606Poyo90|If all your maushold have max speed, don't miss, and have all the hits, then you win\n|\n|t:|1700364902\n|move|p1a: Maushold|Population Bomb|p2a: Great Tusk|[miss]\n|-miss|p1a: Maushold|p2a: Great Tusk\n|move|p2a: Great Tusk|Play Rough|p1a: Maushold\n|-damage|p1a: Maushold|0 fnt\n|faint|p1a: Maushold\n|\n|upkeep\n|c|\u2606Poyo90|whut\n|\n|t:|1700364916\n|switch|p1a: Maushold|Maushold-Four|100\/100\n|-status|p1a: Maushold|psn\n|turn|12\n|\n|t:|1700364920\n|move|p1a: Maushold|Population Bomb|p2a: Great Tusk|[miss]\n|-miss|p1a: Maushold|p2a: Great Tusk\n|move|p2a: Great Tusk|Play Rough|p1a: Maushold\n|-damage|p1a: Maushold|29\/100 psn\n|\n|-damage|p1a: Maushold|16\/100 psn|[from] psn\n|upkeep\n|turn|13\n|c|\u2606Poyo90|huh\n|inactive|Elite2008 has 120 seconds left.\n|c|\u2606Elite2008|that sucks\n|\n|t:|1700364931\n|move|p1a: Maushold|Population Bomb|p2a: Great Tusk\n|-damage|p2a: Great Tusk|10\/100\n|-damage|p2a: Great Tusk|4\/100\n|-damage|p2a: Great Tusk|0 fnt\n|faint|p2a: Great Tusk\n|-end|p2a: Great Tusk|Protosynthesis|[silent]\n|-hitcount|p2: Great Tusk|3\n|\n|-damage|p1a: Maushold|4\/100 psn|[from] psn\n|upkeep\n|c|\u2606Poyo90|I think they need glasses\n|\n|t:|1700364939\n|switch|p2a: Munkidori|Munkidori, M|100\/100\n|turn|14\n|\n|t:|1700364944\n|move|p1a: Maushold|Population Bomb|p2a: Munkidori\n|-damage|p2a: Munkidori|89\/100\n|-hitcount|p2a: Munkidori|1\n|cant|p2a: Munkidori|flinch\n|\n|-damage|p1a: Maushold|0 fnt|[from] psn\n|faint|p1a: Maushold\n|upkeep\n|\n|t:|1700364952\n|switch|p1a: Maushold|Maushold-Four|100\/100\n|-status|p1a: Maushold|psn\n|turn|15\n|\n|t:|1700364957\n|move|p1a: Maushold|Population Bomb|p2a: Munkidori\n|-damage|p2a: Munkidori|77\/100\n|-damage|p2a: Munkidori|64\/100\n|-damage|p2a: Munkidori|52\/100\n|-damage|p2a: Munkidori|40\/100\n|-damage|p2a: Munkidori|27\/100\n|-damage|p2a: Munkidori|15\/100\n|-damage|p2a: Munkidori|2\/100\n|-damage|p2a: Munkidori|0 fnt\n|faint|p2a: Munkidori\n|-hitcount|p2: Munkidori|8\n|\n|-damage|p1a: Maushold|88\/100 psn|[from] psn\n|upkeep\n|\n|t:|1700364959\n|switch|p2a: Electrode|Electrode-Hisui|100\/100\n|turn|16\n|c|\u2606Elite2008|if i lose its cuz i keep missing\n|\n|t:|1700364984\n|move|p2a: Electrode|Volt Switch|p1a: Maushold\n|-damage|p1a: Maushold|29\/100 psn\n|c|\u2606Poyo90|yes\n|\n|t:|1700364988\n|switch|p2a: Hatterene|Hatterene, F|100\/100|[from] Volt Switch\n|move|p1a: Maushold|Population Bomb|p2a: Hatterene\n|-damage|p2a: Hatterene|92\/100\n|-damage|p2a: Hatterene|84\/100\n|-damage|p2a: Hatterene|76\/100\n|-damage|p2a: Hatterene|67\/100\n|-damage|p2a: Hatterene|58\/100\n|-damage|p2a: Hatterene|49\/100\n|-hitcount|p2a: Hatterene|6\n|\n|-heal|p2a: Hatterene|55\/100|[from] item: Leftovers\n|-damage|p1a: Maushold|16\/100 psn|[from] psn\n|upkeep\n|turn|17\n|\n|t:|1700365005\n|move|p1a: Maushold|Population Bomb|p2a: Hatterene\n|-damage|p2a: Hatterene|47\/100\n|-damage|p2a: Hatterene|38\/100\n|-damage|p2a: Hatterene|30\/100\n|-damage|p2a: Hatterene|22\/100\n|-damage|p2a: Hatterene|13\/100\n|-damage|p2a: Hatterene|5\/100\n|-damage|p2a: Hatterene|0 fnt\n|faint|p2a: Hatterene\n|-hitcount|p2: Hatterene|7\n|\n|-damage|p1a: Maushold|4\/100 psn|[from] psn\n|upkeep\n|\n|t:|1700365008\n|switch|p2a: Electrode|Electrode-Hisui|100\/100\n|turn|18\n|\n|t:|1700365021\n|move|p2a: Electrode|Chloroblast|p1a: Maushold\n|-damage|p1a: Maushold|0 fnt\n|faint|p1a: Maushold\n|-damage|p2a: Electrode|50\/100|[from] Recoil\n|\n|upkeep\n|\n|t:|1700365027\n|switch|p1a: Maushold|Maushold-Four|100\/100\n|-status|p1a: Maushold|psn\n|turn|19\n|c|\u2606Elite2008|nah i lose\n|c|\u2606Poyo90|idk let's see\n|\n|t:|1700365040\n|move|p2a: Electrode|Chloroblast|p1a: Maushold\n|-damage|p1a: Maushold|0 fnt\n|faint|p1a: Maushold\n|-damage|p2a: Electrode|0 fnt|[from] Recoil\n|faint|p2a: Electrode\n|\n|win|Poyo90\n|raw|Elite2008's rating: 1011 &rarr; <strong>1003<\/strong><br \/>(-8 for losing)\n|raw|Poyo90's rating: 1127 &rarr; <strong>1144<\/strong><br \/>(+17 for winning)\n|c|\u2606Poyo90|yeah gg wp\n|c|\u2606Elite2008|gg lol\n|l|\u2606Elite2008\n","uploadtime":1700365060,"views":2,"p1id":"elite2008","p2id":"poyo90","formatid":"gen9anythinggoes","rating":1003,"private":0,"password":""}