{"id":"gen9anythinggoes-1971426674","p1":"maestroo","p2":"Jamelisgod","format":"[Gen 9] Anything Goes","log":"|j|\u2606maestroo\n|j|\u2606Jamelisgod\n|t:|1697737585\n|gametype|singles\n|player|p1|maestroo|red|1237\n|player|p2|Jamelisgod|1|1231\n|teamsize|p1|6\n|teamsize|p2|6\n|gen|9\n|tier|[Gen 9] Anything Goes\n|rated|\n|rule|HP Percentage Mod: HP is shown in percentages\n|rule|Endless Battle Clause: Forcing endless battles is banned\n|clearpoke\n|poke|p1|Urshifu-*, M|\n|poke|p1|Scream Tail|\n|poke|p1|Espathra, F|\n|poke|p1|Drifblim, M|\n|poke|p1|Farigiraf, F|\n|poke|p1|Gengar, M|\n|poke|p2|Ninetales-Alola, F|\n|poke|p2|Miraidon|\n|poke|p2|Iron Hands|\n|poke|p2|Hydreigon, M|\n|poke|p2|Iron Valiant|\n|poke|p2|Donphan, M|\n|teampreview\n|\n|t:|1697737595\n|start\n|switch|p1a: Gengar|Gengar, M|100\/100\n|switch|p2a: Ninetales|Ninetales-Alola, F, shiny|100\/100\n|-weather|Snow|[from] ability: Snow Warning|[of] p2a: Ninetales\n|turn|1\n|inactive|Battle timer is ON: inactive players will automatically lose when time's up. (requested by maestroo)\n|\n|t:|1697737604\n|move|p1a: Gengar|Toxic Spikes|p2a: Ninetales\n|-sidestart|p2: Jamelisgod|move: Toxic Spikes\n|move|p2a: Ninetales|Aurora Veil|p2a: Ninetales\n|-sidestart|p2: Jamelisgod|move: Aurora Veil\n|\n|-weather|Snow|[upkeep]\n|upkeep\n|turn|2\n|\n|t:|1697737612\n|switch|p2a: Donphan|Donphan, M, shiny|100\/100\n|-status|p2a: Donphan|psn\n|move|p1a: Gengar|Perish Song|p1a: Gengar\n|-start|p1a: Gengar|perish3|[silent]\n|-start|p2a: Donphan|perish3|[silent]\n|-fieldactivate|move: Perish Song\n|\n|-weather|Snow|[upkeep]\n|-damage|p2a: Donphan|88\/100 psn|[from] psn\n|-start|p1a: Gengar|perish3\n|-start|p2a: Donphan|perish3\n|upkeep\n|turn|3\n|\n|t:|1697737625\n|move|p1a: Gengar|Hex|p2a: Donphan\n|-damage|p2a: Donphan|45\/100 psn\n|move|p2a: Donphan|Stealth Rock|p1a: Gengar\n|-sidestart|p1: maestroo|move: Stealth Rock\n|\n|-weather|Snow|[upkeep]\n|-damage|p2a: Donphan|32\/100 psn|[from] psn\n|-start|p1a: Gengar|perish2\n|-start|p2a: Donphan|perish2\n|upkeep\n|turn|4\n|\n|t:|1697737639\n|switch|p2a: Miraidon|Miraidon|100\/100\n|-status|p2a: Miraidon|psn\n|-fieldstart|move: Electric Terrain|[from] ability: Hadron Engine|[of] p2a: Miraidon\n|move|p1a: Gengar|Hex|p2a: Miraidon\n|-damage|p2a: Miraidon|70\/100 psn\n|\n|-weather|Snow|[upkeep]\n|-damage|p2a: Miraidon|57\/100 psn|[from] psn\n|-start|p1a: Gengar|perish1\n|upkeep\n|turn|5\n|\n|t:|1697737653\n|move|p2a: Miraidon|Electro Drift|p1a: Gengar\n|-enditem|p1a: Gengar|Focus Sash\n|-damage|p1a: Gengar|1\/100\n|move|p1a: Gengar|Perish Song|p1a: Gengar\n|-start|p2a: Miraidon|perish3|[silent]\n|-fieldactivate|move: Perish Song\n|\n|-weather|none\n|-damage|p2a: Miraidon|45\/100 psn|[from] psn\n|-start|p2a: Miraidon|perish3\n|-start|p1a: Gengar|perish0\n|faint|p1a: Gengar\n|upkeep\n|\n|t:|1697737667\n|switch|p1a: Scream Tail|Scream Tail|100\/100\n|-damage|p1a: Scream Tail|88\/100|[from] Stealth Rock\n|-enditem|p1a: Scream Tail|Booster Energy\n|-activate|p1a: Scream Tail|ability: Protosynthesis|[fromitem]\n|-start|p1a: Scream Tail|protosynthesisspe\n|turn|6\n|inactive|Jamelisgod has 120 seconds left.\n|\n|t:|1697737697\n|move|p1a: Scream Tail|Amnesia|p1a: Scream Tail\n|-boost|p1a: Scream Tail|spd|2\n|move|p2a: Miraidon|Volt Switch|p1a: Scream Tail\n|-damage|p1a: Scream Tail|65\/100\n|inactive|Jamelisgod has 120 seconds left.\n|\n|t:|1697737706\n|switch|p2a: Donphan|Donphan, M, shiny|32\/100 psn|[from] Volt Switch\n|\n|-damage|p2a: Donphan|20\/100 psn|[from] psn\n|upkeep\n|turn|7\n|\n|t:|1697737718\n|move|p1a: Scream Tail|Baton Pass|p1a: Scream Tail\n|\n|t:|1697737720\n|-end|p1a: Scream Tail|Protosynthesis|[silent]\n|switch|p1a: Drifblim|Drifblim, M, shiny|100\/100|[from] Baton Pass\n|-damage|p1a: Drifblim|75\/100|[from] Stealth Rock\n|move|p2a: Donphan|Rapid Spin|p1a: Drifblim\n|-immune|p1a: Drifblim\n|\n|-damage|p2a: Donphan|7\/100 psn|[from] psn\n|upkeep\n|turn|8\n|\n|t:|1697737734\n|move|p2a: Donphan|Ice Shard|p1a: Drifblim\n|-supereffective|p1a: Drifblim\n|-damage|p1a: Drifblim|45\/100\n|-enditem|p1a: Drifblim|Sitrus Berry|[eat]\n|-heal|p1a: Drifblim|70\/100|[from] item: Sitrus Berry\n|move|p1a: Drifblim|Substitute|p1a: Drifblim\n|-start|p1a: Drifblim|Substitute\n|-damage|p1a: Drifblim|45\/100\n|\n|-damage|p2a: Donphan|0 fnt|[from] psn\n|faint|p2a: Donphan\n|-sideend|p2: Jamelisgod|move: Aurora Veil\n|-fieldend|move: Electric Terrain\n|upkeep\n|\n|t:|1697737746\n|switch|p2a: Ninetales|Ninetales-Alola, F, shiny|100\/100\n|-status|p2a: Ninetales|psn\n|-weather|Snow|[from] ability: Snow Warning|[of] p2a: Ninetales\n|turn|9\n|\n|t:|1697737758\n|move|p1a: Drifblim|Minimize|p1a: Drifblim\n|-boost|p1a: Drifblim|evasion|2\n|move|p2a: Ninetales|Aurora Veil|p2a: Ninetales\n|-sidestart|p2: Jamelisgod|move: Aurora Veil\n|\n|-weather|Snow|[upkeep]\n|-damage|p2a: Ninetales|88\/100 psn|[from] psn\n|upkeep\n|turn|10\n|\n|t:|1697737766\n|move|p1a: Drifblim|Minimize|p1a: Drifblim\n|-boost|p1a: Drifblim|evasion|2\n|move|p2a: Ninetales|Encore|p1a: Drifblim\n|-start|p1a: Drifblim|Encore\n|\n|-weather|Snow|[upkeep]\n|-damage|p2a: Ninetales|76\/100 psn|[from] psn\n|upkeep\n|turn|11\n|\n|t:|1697737774\n|move|p1a: Drifblim|Minimize|p1a: Drifblim\n|-boost|p1a: Drifblim|evasion|2\n|move|p2a: Ninetales|Blizzard|p1a: Drifblim\n|-supereffective|p1a: Drifblim\n|-end|p1a: Drifblim|Substitute\n|\n|-weather|Snow|[upkeep]\n|-damage|p2a: Ninetales|64\/100 psn|[from] psn\n|upkeep\n|turn|12\n|\n|t:|1697737783\n|move|p1a: Drifblim|Minimize|p1a: Drifblim\n|-boost|p1a: Drifblim|evasion|0\n|move|p2a: Ninetales|Blizzard|p1a: Drifblim\n|-supereffective|p1a: Drifblim\n|-damage|p1a: Drifblim|0 fnt\n|faint|p1a: Drifblim\n|\n|-weather|Snow|[upkeep]\n|-damage|p2a: Ninetales|52\/100 psn|[from] psn\n|upkeep\n|c|\u2606maestroo|ok\n|\n|t:|1697737792\n|switch|p1a: Scream Tail|Scream Tail|65\/100\n|-damage|p1a: Scream Tail|53\/100|[from] Stealth Rock\n|turn|13\n|c|\u2606Jamelisgod|Can\u2019t miss in snow\n|c|\u2606Jamelisgod|lol\n|c|\u2606maestroo|i know\n|c|\u2606maestroo|i fortgit it heh\n|c|\u2606Jamelisgod|I just learned it lol\n|inactive|Jamelisgod has 120 seconds left.\n|\n|t:|1697737822\n|move|p1a: Scream Tail|Amnesia|p1a: Scream Tail\n|-boost|p1a: Scream Tail|spd|2\n|move|p2a: Ninetales|Encore|p1a: Scream Tail\n|-start|p1a: Scream Tail|Encore\n|\n|-weather|none\n|-damage|p2a: Ninetales|40\/100 psn|[from] psn\n|upkeep\n|turn|14\n|inactive|Jamelisgod has 120 seconds left.\n|inactive|maestroo has 120 seconds left.\n|c|\u2606maestroo|maaaaan\n|\n|t:|1697737856\n|switch|p2a: Iron Valiant|Iron Valiant, shiny|100\/100\n|-status|p2a: Iron Valiant|psn\n|move|p1a: Scream Tail|Amnesia|p1a: Scream Tail\n|-boost|p1a: Scream Tail|spd|2\n|\n|-damage|p2a: Iron Valiant|88\/100 psn|[from] psn\n|upkeep\n|turn|15\n|inactive|maestroo has 120 seconds left.\n|inactive|Jamelisgod has 120 seconds left.\n|\n|t:|1697737867\n|move|p1a: Scream Tail|Amnesia|p1a: Scream Tail\n|-boost|p1a: Scream Tail|spd|2\n|move|p2a: Iron Valiant|Knock Off|p1a: Scream Tail\n|-damage|p1a: Scream Tail|31\/100\n|\n|-damage|p2a: Iron Valiant|76\/100 psn|[from] psn\n|upkeep\n|turn|16\n|inactive|Jamelisgod has 120 seconds left.\n|\n|t:|1697737879\n|move|p1a: Scream Tail|Amnesia|p1a: Scream Tail\n|-boost|p1a: Scream Tail|spd|0\n|move|p2a: Iron Valiant|Close Combat|p1a: Scream Tail\n|-resisted|p1a: Scream Tail\n|-crit|p1a: Scream Tail\n|-damage|p1a: Scream Tail|10\/100\n|-unboost|p2a: Iron Valiant|def|1\n|-unboost|p2a: Iron Valiant|spd|1\n|\n|-damage|p2a: Iron Valiant|63\/100 psn|[from] psn\n|-end|p1a: Scream Tail|Encore\n|-sideend|p2: Jamelisgod|move: Aurora Veil\n|upkeep\n|turn|17\n|inactive|Jamelisgod has 120 seconds left.\n|\n|t:|1697737893\n|move|p1a: Scream Tail|Baton Pass|p1a: Scream Tail\n|\n|t:|1697737898\n|-end|p1a: Scream Tail|Protosynthesis|[silent]\n|switch|p1a: Espathra|Espathra, F|100\/100|[from] Baton Pass\n|-damage|p1a: Espathra|88\/100|[from] Stealth Rock\n|move|p2a: Iron Valiant|Spirit Break|p1a: Espathra\n|-damage|p1a: Espathra|26\/100\n|-unboost|p1a: Espathra|spa|1\n|\n|-heal|p1a: Espathra|32\/100|[from] item: Leftovers\n|-damage|p2a: Iron Valiant|51\/100 psn|[from] psn\n|upkeep\n|turn|18\n|\n|t:|1697737910\n|move|p1a: Espathra|Protect|p1a: Espathra\n|-singleturn|p1a: Espathra|Protect\n|move|p2a: Iron Valiant|Knock Off|p1a: Espathra\n|-activate|p1a: Espathra|move: Protect\n|\n|-heal|p1a: Espathra|39\/100|[from] item: Leftovers\n|-damage|p2a: Iron Valiant|38\/100 psn|[from] psn\n|-ability|p1a: Espathra|Speed Boost|boost\n|-boost|p1a: Espathra|spe|1\n|upkeep\n|turn|19\n|\n|t:|1697737919\n|move|p1a: Espathra|Substitute|p1a: Espathra\n|-start|p1a: Espathra|Substitute\n|-damage|p1a: Espathra|14\/100\n|move|p2a: Iron Valiant|Knock Off|p1a: Espathra\n|-supereffective|p1a: Espathra\n|-end|p1a: Espathra|Substitute\n|\n|-heal|p1a: Espathra|20\/100|[from] item: Leftovers\n|-damage|p2a: Iron Valiant|26\/100 psn|[from] psn\n|-ability|p1a: Espathra|Speed Boost|boost\n|-boost|p1a: Espathra|spe|1\n|upkeep\n|turn|20\n|inactive|Jamelisgod has 120 seconds left.\n|\n|t:|1697737957\n|-end|p2a: Iron Valiant|Quark Drive|[silent]\n|switch|p2a: Iron Hands|Iron Hands|100\/100\n|-status|p2a: Iron Hands|psn\n|move|p1a: Espathra|Protect||[still]\n|-fail|p1a: Espathra\n|\n|-heal|p1a: Espathra|26\/100|[from] item: Leftovers\n|-damage|p2a: Iron Hands|88\/100 psn|[from] psn\n|-ability|p1a: Espathra|Speed Boost|boost\n|-boost|p1a: Espathra|spe|1\n|upkeep\n|turn|21\n|\n|t:|1697737972\n|move|p2a: Iron Hands|Fake Out|p1a: Espathra\n|-damage|p1a: Espathra|4\/100\n|cant|p1a: Espathra|flinch\n|\n|-heal|p1a: Espathra|10\/100|[from] item: Leftovers\n|-damage|p2a: Iron Hands|76\/100 psn|[from] psn\n|-ability|p1a: Espathra|Speed Boost|boost\n|-boost|p1a: Espathra|spe|1\n|upkeep\n|turn|22\n|inactive|Jamelisgod has 120 seconds left.\n|\n|t:|1697737988\n|-terastallize|p2a: Iron Hands|Dark\n|move|p1a: Espathra|Baton Pass|p1a: Espathra\n|\n|t:|1697738000\n|switch|p1a: Urshifu|Urshifu-Rapid-Strike, M|100\/100|[from] Baton Pass\n|move|p2a: Iron Hands|Drain Punch|p1a: Urshifu\n|-damage|p1a: Urshifu|58\/100\n|-heal|p2a: Iron Hands|92\/100 psn|[from] drain|[of] p1a: Urshifu\n|\n|-damage|p2a: Iron Hands|80\/100 psn|[from] psn\n|upkeep\n|turn|23\n|inactive|Jamelisgod has 120 seconds left.\n|\n|t:|1697738013\n|-end|p2a: Iron Hands|Quark Drive|[silent]\n|switch|p2a: Miraidon|Miraidon|45\/100 psn\n|-fieldstart|move: Electric Terrain|[from] ability: Hadron Engine|[of] p2a: Miraidon\n|move|p1a: Urshifu|Drain Punch|p2a: Miraidon\n|-damage|p2a: Miraidon|3\/100 psn\n|-heal|p1a: Urshifu|79\/100|[from] drain|[of] p2a: Miraidon\n|\n|-damage|p2a: Miraidon|0 fnt|[from] psn\n|faint|p2a: Miraidon\n|upkeep\n|c|\u2606maestroo|its being rly fun\n|inactive|Jamelisgod has 90 seconds left.\n|\n|t:|1697738052\n|switch|p2a: Iron Hands|Iron Hands, tera:Dark|80\/100 psn\n|-activate|p2a: Iron Hands|ability: Quark Drive\n|-start|p2a: Iron Hands|quarkdriveatk\n|turn|24\n|inactive|Jamelisgod has 90 seconds left.\n|\n|t:|1697738064\n|move|p2a: Iron Hands|Fake Out|p1a: Urshifu\n|-damage|p1a: Urshifu|58\/100\n|cant|p1a: Urshifu|flinch\n|\n|-damage|p2a: Iron Hands|67\/100 psn|[from] psn\n|upkeep\n|turn|25\n|inactive|Jamelisgod has 90 seconds left.\n|\n|t:|1697738074\n|move|p1a: Urshifu|Drain Punch|p2a: Iron Hands\n|-supereffective|p2a: Iron Hands\n|-damage|p2a: Iron Hands|5\/100 psn\n|-heal|p1a: Urshifu|99\/100|[from] drain|[of] p2a: Iron Hands\n|move|p2a: Iron Hands|Wild Charge|p1a: Urshifu\n|-supereffective|p1a: Urshifu\n|-damage|p1a: Urshifu|0 fnt\n|faint|p1a: Urshifu\n|-damage|p2a: Iron Hands|0 fnt|[from] Recoil\n|faint|p2a: Iron Hands\n|-end|p2a: Iron Hands|Quark Drive|[silent]\n|\n|upkeep\n|c|\u2606maestroo|ufff\n|inactive|Jamelisgod has 90 seconds left.\n|c|\u2606maestroo|think i win\n|\n|t:|1697738094\n|switch|p1a: Espathra|Espathra, F|10\/100\n|switch|p2a: Iron Valiant|Iron Valiant, shiny|26\/100 psn\n|-damage|p1a: Espathra|0 fnt|[from] Stealth Rock\n|faint|p1a: Espathra\n|-activate|p2a: Iron Valiant|ability: Quark Drive\n|-start|p2a: Iron Valiant|quarkdriveatk\n|c|\u2606maestroo|nice game\n|\n|t:|1697738102\n|switch|p1a: Scream Tail|Scream Tail|10\/100\n|-damage|p1a: Scream Tail|0 fnt|[from] Stealth Rock\n|faint|p1a: Scream Tail\n|-end|p1a: Scream Tail|Protosynthesis|[silent]\n|\n|t:|1697738105\n|switch|p1a: Farigiraf|Farigiraf, F|100\/100\n|-damage|p1a: Farigiraf|88\/100|[from] Stealth Rock\n|turn|26\n|inactive|Jamelisgod has 90 seconds left.\n|\n|t:|1697738127\n|-terastallize|p1a: Farigiraf|Fairy\n|move|p2a: Iron Valiant|Knock Off|p1a: Farigiraf\n|-resisted|p1a: Farigiraf\n|-damage|p1a: Farigiraf|60\/100\n|-enditem|p1a: Farigiraf|Starf Berry|[from] move: Knock Off|[of] p2a: Iron Valiant\n|move|p1a: Farigiraf|Substitute|p1a: Farigiraf\n|-start|p1a: Farigiraf|Substitute\n|-damage|p1a: Farigiraf|35\/100\n|\n|-damage|p2a: Iron Valiant|13\/100 psn|[from] psn\n|upkeep\n|turn|27\n|c|\u2606maestroo|i mean\n|c|\u2606maestroo|u win\n|\n|t:|1697738141\n|move|p2a: Iron Valiant|Close Combat|p1a: Farigiraf\n|-resisted|p1a: Farigiraf\n|-end|p1a: Farigiraf|Substitute\n|-unboost|p2a: Iron Valiant|def|1\n|-unboost|p2a: Iron Valiant|spd|1\n|move|p1a: Farigiraf|Substitute|p1a: Farigiraf\n|-start|p1a: Farigiraf|Substitute\n|-damage|p1a: Farigiraf|10\/100\n|\n|-damage|p2a: Iron Valiant|1\/100 psn|[from] psn\n|-fieldend|move: Electric Terrain\n|-end|p2a: Iron Valiant|Quark Drive\n|upkeep\n|turn|28\n|\n|t:|1697738156\n|move|p2a: Iron Valiant|Close Combat|p1a: Farigiraf\n|-resisted|p1a: Farigiraf\n|-end|p1a: Farigiraf|Substitute\n|-unboost|p2a: Iron Valiant|def|1\n|-unboost|p2a: Iron Valiant|spd|1\n|move|p1a: Farigiraf|Stored Power|p2a: Iron Valiant\n|-supereffective|p2a: Iron Valiant\n|-damage|p2a: Iron Valiant|0 fnt\n|faint|p2a: Iron Valiant\n|-end|p2a: Iron Valiant|Quark Drive|[silent]\n|\n|upkeep\n|c|\u2606Jamelisgod|Gg\n|c|\u2606maestroo|gg man\n|\n|t:|1697738168\n|switch|p2a: Hydreigon|Hydreigon, M|100\/100\n|turn|29\n|c|\u2606maestroo|i enjoyed it\n|\n|t:|1697738173\n|move|p2a: Hydreigon|Flash Cannon|p1a: Farigiraf\n|-supereffective|p1a: Farigiraf\n|-damage|p1a: Farigiraf|0 fnt\n|faint|p1a: Farigiraf\n|\n|win|Jamelisgod\n|raw|maestroo's rating: 1237 &rarr; <strong>1212<\/strong><br \/>(-25 for losing)\n|raw|Jamelisgod's rating: 1231 &rarr; <strong>1256<\/strong><br \/>(+25 for winning)\n|l|\u2606maestroo\n|c|\u2606Jamelisgod|It was a good fight\n","uploadtime":1697738197,"views":4,"p1id":"maestroo","p2id":"jamelisgod","formatid":"gen9anythinggoes","rating":1212,"private":0,"password":""}