{"id":"gen9anythinggoes-1972682588","p1":"Main Ubers","p2":"Tvrtko420","format":"[Gen 9] Anything Goes","log":"|j|\u2606Main Ubers\n|j|\u2606Tvrtko420\n|t:|1697876860\n|gametype|singles\n|player|p1|Main Ubers|peonia|1780\n|player|p2|Tvrtko420|red-masters2|1740\n|teamsize|p1|6\n|teamsize|p2|6\n|gen|9\n|tier|[Gen 9] Anything Goes\n|rated|\n|rule|HP Percentage Mod: HP is shown in percentages\n|rule|Endless Battle Clause: Forcing endless battles is banned\n|clearpoke\n|poke|p1|Grimmsnarl, M|\n|poke|p1|Glimmora, F|\n|poke|p1|Arceus|\n|poke|p1|Arceus-Ground|\n|poke|p1|Koraidon|\n|poke|p1|Calyrex-Shadow|\n|poke|p2|Calyrex-Shadow|\n|poke|p2|Koraidon|\n|poke|p2|Arceus|\n|poke|p2|Zacian-*|\n|poke|p2|Koraidon|\n|poke|p2|Leavanny, F|\n|teampreview\n|inactive|Battle timer is ON: inactive players will automatically lose when time's up. (requested by Main Ubers)\n|\n|t:|1697876881\n|start\n|switch|p1a: Glimmora|Glimmora, F|100\/100\n|switch|p2a: Koraidon|Koraidon|100\/100\n|-weather|SunnyDay|[from] ability: Orichalcum Pulse|[of] p2a: Koraidon\n|-activate|p2a: Koraidon|Orichalcum Pulse|[source]\n|turn|1\n|\n|t:|1697876902\n|move|p2a: Koraidon|Taunt|p1a: Glimmora\n|-start|p1a: Glimmora|move: Taunt\n|move|p1a: Glimmora|Mud Shot|p2a: Koraidon\n|-damage|p2a: Koraidon|81\/100\n|-unboost|p2a: Koraidon|spe|1\n|\n|-weather|SunnyDay|[upkeep]\n|upkeep\n|turn|2\n|\n|t:|1697876911\n|move|p1a: Glimmora|Mortal Spin|p2a: Koraidon\n|-damage|p2a: Koraidon|76\/100\n|-status|p2a: Koraidon|psn\n|move|p2a: Koraidon|Close Combat|p1a: Glimmora\n|-damage|p1a: Glimmora|3\/100\n|-unboost|p2a: Koraidon|def|1\n|-unboost|p2a: Koraidon|spd|1\n|-activate|p1a: Glimmora|ability: Toxic Debris\n|-sidestart|p2: Tvrtko420|move: Toxic Spikes\n|\n|-weather|SunnyDay|[upkeep]\n|-damage|p2a: Koraidon|63\/100 psn|[from] psn\n|upkeep\n|turn|3\n|\n|t:|1697876921\n|switch|p1a: Arceus|Arceus|100\/100\n|switch|p2a: Leavanny|Leavanny, F|100\/100\n|-status|p2a: Leavanny|psn\n|\n|-weather|SunnyDay|[upkeep]\n|-damage|p2a: Leavanny|88\/100 psn|[from] psn\n|upkeep\n|turn|4\n|\n|t:|1697876928\n|move|p2a: Leavanny|Sticky Web|p1a: Arceus\n|-sidestart|p1: Main Ubers|move: Sticky Web\n|move|p1a: Arceus|Bulk Up|p1a: Arceus\n|-boost|p1a: Arceus|atk|1\n|-boost|p1a: Arceus|def|1\n|\n|-weather|SunnyDay|[upkeep]\n|-damage|p2a: Leavanny|76\/100 psn|[from] psn\n|upkeep\n|turn|5\n|\n|t:|1697876937\n|switch|p2a: Arceus|Arceus|100\/100\n|-status|p2a: Arceus|psn\n|move|p1a: Arceus|Extreme Speed|p2a: Arceus\n|-damage|p2a: Arceus|59\/100 psn\n|\n|-weather|none\n|-heal|p2a: Arceus|65\/100 psn|[from] item: Leftovers\n|-damage|p2a: Arceus|52\/100 psn|[from] psn\n|upkeep\n|turn|6\n|\n|t:|1697876943\n|move|p1a: Arceus|Extreme Speed|p2a: Arceus\n|-damage|p2a: Arceus|5\/100 psn\n|move|p2a: Arceus|Taunt|p1a: Arceus\n|-start|p1a: Arceus|move: Taunt\n|\n|-heal|p2a: Arceus|11\/100 psn|[from] item: Leftovers\n|-damage|p2a: Arceus|0 fnt|[from] psn\n|faint|p2a: Arceus\n|upkeep\n|inactive|Tvrtko420 has 120 seconds left.\n|\n|t:|1697876996\n|switch|p2a: Koraidon|Koraidon|63\/100 psn\n|-weather|SunnyDay|[from] ability: Orichalcum Pulse|[of] p2a: Koraidon\n|-activate|p2a: Koraidon|Orichalcum Pulse|[source]\n|turn|7\n|\n|t:|1697877002\n|switch|p1a: Glimmora|Glimmora, F|3\/100\n|-activate|p1a: Glimmora|move: Sticky Web\n|-unboost|p1a: Glimmora|spe|1\n|move|p2a: Koraidon|Close Combat|p1a: Glimmora\n|-damage|p1a: Glimmora|0 fnt\n|-unboost|p2a: Koraidon|def|1\n|-unboost|p2a: Koraidon|spd|1\n|-activate|p1a: Glimmora|ability: Toxic Debris\n|-sidestart|p2: Tvrtko420|move: Toxic Spikes\n|faint|p1a: Glimmora\n|\n|-weather|SunnyDay|[upkeep]\n|-damage|p2a: Koraidon|51\/100 psn|[from] psn\n|upkeep\n|inactive|Main Ubers has 120 seconds left.\n|\n|t:|1697877032\n|switch|p1a: Arceus|Arceus|100\/100\n|-activate|p1a: Arceus|move: Sticky Web\n|-unboost|p1a: Arceus|spe|1\n|turn|8\n|inactive|Tvrtko420 has 120 seconds left.\n|\n|t:|1697877067\n|switch|p1a: Calyrex|Calyrex-Shadow|100\/100\n|-ability|p1a: Calyrex|As One\n|-ability|p1a: Calyrex|Unnerve\n|-activate|p1a: Calyrex|move: Sticky Web\n|-unboost|p1a: Calyrex|spe|1\n|move|p2a: Koraidon|Close Combat|p1a: Calyrex\n|-immune|p1a: Calyrex\n|\n|-weather|SunnyDay|[upkeep]\n|-damage|p2a: Koraidon|39\/100 psn|[from] psn\n|upkeep\n|turn|9\n|inactive|Main Ubers has 120 seconds left.\n|inactive|Main Ubers has 90 seconds left.\n|\n|t:|1697877133\n|move|p2a: Koraidon|Flare Blitz|p1a: Calyrex\n|-damage|p1a: Calyrex|18\/100\n|-damage|p2a: Koraidon|8\/100 psn|[from] Recoil\n|move|p1a: Calyrex|Draining Kiss|p2a: Koraidon\n|-supereffective|p2a: Koraidon\n|-damage|p2a: Koraidon|0 fnt\n|-heal|p1a: Calyrex|23\/100|[from] drain|[of] p2a: Koraidon\n|faint|p2a: Koraidon\n|-ability|p1a: Calyrex|Grim Neigh|boost\n|-boost|p1a: Calyrex|spa|1\n|\n|-weather|SunnyDay|[upkeep]\n|-heal|p1a: Calyrex|29\/100|[from] item: Leftovers\n|upkeep\n|inactive|Tvrtko420 has 90 seconds left.\n|\n|t:|1697877166\n|switch|p2a: Calyrex|Calyrex-Shadow|100\/100\n|-ability|p2a: Calyrex|As One\n|-ability|p2a: Calyrex|Unnerve\n|-status|p2a: Calyrex|tox\n|turn|10\n|\n|t:|1697877184\n|switch|p1a: Arceus|Arceus|100\/100\n|-activate|p1a: Arceus|move: Sticky Web\n|-unboost|p1a: Arceus|spe|1\n|-terastallize|p2a: Calyrex|Grass\n|move|p2a: Calyrex|Giga Drain|p1a: Arceus\n|-damage|p1a: Arceus|69\/100\n|\n|-weather|SunnyDay|[upkeep]\n|-heal|p1a: Arceus|75\/100|[from] item: Leftovers\n|-damage|p2a: Calyrex|94\/100 tox|[from] psn\n|upkeep\n|turn|11\n|inactive|Main Ubers has 90 seconds left.\n|\n|t:|1697877193\n|move|p2a: Calyrex|Nasty Plot|p2a: Calyrex\n|-boost|p2a: Calyrex|spa|2\n|move|p1a: Arceus|Bulk Up|p1a: Arceus\n|-boost|p1a: Arceus|atk|1\n|-boost|p1a: Arceus|def|1\n|\n|-weather|none\n|-heal|p2a: Calyrex|100\/100 tox|[from] item: Leftovers\n|-heal|p1a: Arceus|82\/100|[from] item: Leftovers\n|-damage|p2a: Calyrex|88\/100 tox|[from] psn\n|upkeep\n|turn|12\n|inactive|Main Ubers has 90 seconds left.\n|\n|t:|1697877207\n|move|p2a: Calyrex|Giga Drain|p1a: Arceus\n|-damage|p1a: Arceus|22\/100\n|-heal|p2a: Calyrex|100\/100 tox|[from] drain|[of] p1a: Arceus\n|move|p1a: Arceus|Recover|p1a: Arceus\n|-heal|p1a: Arceus|72\/100\n|\n|-heal|p1a: Arceus|78\/100|[from] item: Leftovers\n|-damage|p2a: Calyrex|82\/100 tox|[from] psn\n|upkeep\n|turn|13\n|inactive|Main Ubers has 90 seconds left.\n|\n|t:|1697877217\n|move|p2a: Calyrex|Nasty Plot|p2a: Calyrex\n|-boost|p2a: Calyrex|spa|2\n|move|p1a: Arceus|Recover|p1a: Arceus\n|-heal|p1a: Arceus|100\/100\n|\n|-heal|p2a: Calyrex|88\/100 tox|[from] item: Leftovers\n|-damage|p2a: Calyrex|64\/100 tox|[from] psn\n|upkeep\n|turn|14\n|\n|t:|1697877220\n|move|p1a: Arceus|Extreme Speed|p2a: Calyrex\n|-damage|p2a: Calyrex|0 fnt\n|faint|p2a: Calyrex\n|\n|upkeep\n|\n|t:|1697877225\n|switch|p2a: Koraidon|Koraidon|100\/100\n|-status|p2a: Koraidon|tox\n|-weather|SunnyDay|[from] ability: Orichalcum Pulse|[of] p2a: Koraidon\n|-activate|p2a: Koraidon|Orichalcum Pulse|[source]\n|turn|15\n|\n|t:|1697877235\n|move|p2a: Koraidon|Swords Dance|p2a: Koraidon\n|-boost|p2a: Koraidon|atk|2\n|move|p1a: Arceus|Bulk Up|p1a: Arceus\n|-boost|p1a: Arceus|atk|1\n|-boost|p1a: Arceus|def|1\n|\n|-weather|SunnyDay|[upkeep]\n|-damage|p2a: Koraidon|94\/100 tox|[from] psn\n|upkeep\n|turn|16\n|\n|t:|1697877242\n|-terastallize|p1a: Arceus|Normal\n|move|p1a: Arceus|Extreme Speed|p2a: Koraidon\n|-damage|p2a: Koraidon|11\/100 tox\n|move|p2a: Koraidon|Drain Punch|p1a: Arceus\n|-supereffective|p1a: Arceus\n|-damage|p1a: Arceus|20\/100\n|-heal|p2a: Koraidon|55\/100 tox|[from] drain|[of] p1a: Arceus\n|\n|-weather|SunnyDay|[upkeep]\n|-heal|p1a: Arceus|26\/100|[from] item: Leftovers\n|-damage|p2a: Koraidon|43\/100 tox|[from] psn\n|upkeep\n|turn|17\n|\n|t:|1697877254\n|switch|p2a: Zacian|Zacian-Crowned|100\/100\n|-ability|p2a: Zacian|Intrepid Sword|boost\n|-boost|p2a: Zacian|atk|1\n|move|p1a: Arceus|Extreme Speed|p2a: Zacian\n|-resisted|p2a: Zacian\n|-damage|p2a: Zacian|49\/100\n|\n|-weather|SunnyDay|[upkeep]\n|-heal|p1a: Arceus|32\/100|[from] item: Leftovers\n|upkeep\n|turn|18\n|\n|t:|1697877260\n|move|p1a: Arceus|Extreme Speed|p2a: Zacian\n|-resisted|p2a: Zacian\n|-damage|p2a: Zacian|0 fnt\n|faint|p2a: Zacian\n|\n|-weather|SunnyDay|[upkeep]\n|-heal|p1a: Arceus|39\/100|[from] item: Leftovers\n|upkeep\n|\n|t:|1697877265\n|switch|p2a: Leavanny|Leavanny, F|76\/100 psn\n|turn|19\n|-message|Tvrtko420 forfeited.\n|\n|win|Main Ubers\n|raw|Main Ubers's rating: 1780 &rarr; <strong>1798<\/strong><br \/>(+18 for winning)\n|raw|Tvrtko420's rating: 1740 &rarr; <strong>1722<\/strong><br \/>(-18 for losing)\n|l|\u2606Main Ubers\n","uploadtime":1697877276,"views":23,"p1id":"mainubers","p2id":"tvrtko420","formatid":"gen9anythinggoes","rating":1722,"private":0,"password":""}