{"id":"gen9anythinggoes-1974929588","p1":"Lapin2111","p2":"Danlik","format":"[Gen 9] Anything Goes","log":"|j|\u2606Lapin2111\n|j|\u203dDanlik\n|t:|1698145994\n|gametype|singles\n|player|p1|Lapin2111|caitlin|1589\n|player|p2|Danlik|169|1526\n|teamsize|p1|6\n|teamsize|p2|6\n|gen|9\n|tier|[Gen 9] Anything Goes\n|rated|\n|rule|HP Percentage Mod: HP is shown in percentages\n|rule|Endless Battle Clause: Forcing endless battles is banned\n|clearpoke\n|poke|p1|Annihilape, M|\n|poke|p1|Arceus-Ground|\n|poke|p1|Zacian-*|\n|poke|p1|Miraidon|\n|poke|p1|Koraidon|\n|poke|p1|Rayquaza|\n|poke|p2|Miraidon|\n|poke|p2|Houndstone, M|\n|poke|p2|Tyranitar, M|\n|poke|p2|Iron Treads|\n|poke|p2|Ceruledge, F|\n|poke|p2|Ogerpon-Hearthflame, F|\n|teampreview\n|inactive|Battle timer is ON: inactive players will automatically lose when time's up. (requested by Lapin2111)\n|\n|t:|1698145999\n|start\n|switch|p1a: Annihilape|Annihilape, M, shiny|100\/100\n|switch|p2a: Miraidon|Miraidon|100\/100\n|-fieldstart|move: Electric Terrain|[from] ability: Hadron Engine|[of] p2a: Miraidon\n|turn|1\n|\n|t:|1698146027\n|move|p2a: Miraidon|Electro Drift|p1a: Annihilape\n|-damage|p1a: Annihilape|23\/100\n|move|p1a: Annihilape|Stealth Rock|p2a: Miraidon\n|-sidestart|p2: Danlik|move: Stealth Rock\n|\n|upkeep\n|turn|2\n|\n|t:|1698146038\n|switch|p1a: Arceus|Arceus-Ground, shiny|100\/100\n|move|p2a: Miraidon|Electro Drift|p1a: Arceus\n|-immune|p1a: Arceus\n|\n|upkeep\n|turn|3\n|\n|t:|1698146046\n|-terastallize|p2a: Miraidon|Grass\n|move|p2a: Miraidon|Tera Blast|p1a: Arceus|[anim] Tera Blast Grass\n|-supereffective|p1a: Arceus\n|-damage|p1a: Arceus|16\/100\n|move|p1a: Arceus|Dragon Dance|p1a: Arceus\n|-boost|p1a: Arceus|atk|1\n|-boost|p1a: Arceus|spe|1\n|\n|upkeep\n|turn|4\n|\n|t:|1698146052\n|move|p1a: Arceus|Earthquake|p2a: Miraidon\n|-resisted|p2a: Miraidon\n|-damage|p2a: Miraidon|49\/100\n|move|p2a: Miraidon|Tera Blast|p1a: Arceus|[anim] Tera Blast Grass\n|-supereffective|p1a: Arceus\n|-damage|p1a: Arceus|0 fnt\n|faint|p1a: Arceus\n|\n|upkeep\n|\n|t:|1698146056\n|switch|p1a: Koraidon|Koraidon|100\/100\n|-weather|SunnyDay|[from] ability: Orichalcum Pulse|[of] p1a: Koraidon\n|-activate|p1a: Koraidon|Orichalcum Pulse|[source]\n|turn|5\n|\n|t:|1698146079\n|move|p2a: Miraidon|Draco Meteor|p1a: Koraidon\n|-supereffective|p1a: Koraidon\n|-damage|p1a: Koraidon|0 fnt\n|-unboost|p2a: Miraidon|spa|2\n|faint|p1a: Koraidon\n|\n|-weather|SunnyDay|[upkeep]\n|-fieldend|move: Electric Terrain\n|upkeep\n|\n|t:|1698146083\n|switch|p1a: Zacian|Zacian-Crowned, shiny|100\/100\n|-ability|p1a: Zacian|Intrepid Sword|boost\n|-boost|p1a: Zacian|atk|1\n|turn|6\n|\n|t:|1698146093\n|switch|p2a: Iron Treads|Iron Treads|100\/100\n|-damage|p2a: Iron Treads|97\/100|[from] Stealth Rock\n|-enditem|p2a: Iron Treads|Booster Energy\n|-activate|p2a: Iron Treads|ability: Quark Drive|[fromitem]\n|-start|p2a: Iron Treads|quarkdrivespe\n|move|p1a: Zacian|Swords Dance|p1a: Zacian\n|-boost|p1a: Zacian|atk|2\n|\n|-weather|SunnyDay|[upkeep]\n|upkeep\n|turn|7\n|\n|t:|1698146102\n|move|p2a: Iron Treads|Rapid Spin|p1a: Zacian\n|-resisted|p1a: Zacian\n|-damage|p1a: Zacian|94\/100\n|-boost|p2a: Iron Treads|spe|1\n|-sideend|p2: Danlik|Stealth Rock|[from] move: Rapid Spin|[of] p2a: Iron Treads\n|move|p1a: Zacian|Trailblaze|p2a: Iron Treads\n|-damage|p2a: Iron Treads|53\/100\n|-boost|p1a: Zacian|spe|1\n|\n|-weather|SunnyDay|[upkeep]\n|upkeep\n|turn|8\n|\n|t:|1698146113\n|-terastallize|p1a: Zacian|Fairy\n|move|p2a: Iron Treads|Knock Off|p1a: Zacian\n|-resisted|p1a: Zacian\n|-damage|p1a: Zacian|86\/100\n|move|p1a: Zacian|Trailblaze|p2a: Iron Treads\n|-damage|p2a: Iron Treads|10\/100\n|-boost|p1a: Zacian|spe|1\n|\n|-weather|SunnyDay|[upkeep]\n|upkeep\n|turn|9\n|\n|t:|1698146122\n|move|p1a: Zacian|Swords Dance|p1a: Zacian\n|-boost|p1a: Zacian|atk|2\n|move|p2a: Iron Treads|Earthquake|p1a: Zacian\n|-damage|p1a: Zacian|46\/100\n|\n|-weather|none\n|upkeep\n|turn|10\n|j| pikatchouk\n|\n|t:|1698146127\n|move|p1a: Zacian|Trailblaze|p2a: Iron Treads\n|-damage|p2a: Iron Treads|0 fnt\n|-boost|p1a: Zacian|spe|1\n|faint|p2a: Iron Treads\n|-end|p2a: Iron Treads|Quark Drive|[silent]\n|\n|upkeep\n|\n|t:|1698146144\n|switch|p2a: Ogerpon|Ogerpon-Hearthflame, F|100\/100\n|-ability|p2a: Ogerpon|Mold Breaker\n|turn|11\n|\n|t:|1698146152\n|move|p1a: Zacian|Behemoth Blade|p2a: Ogerpon\n|-resisted|p2a: Ogerpon\n|-damage|p2a: Ogerpon|0 fnt\n|faint|p2a: Ogerpon\n|\n|upkeep\n|\n|t:|1698146158\n|switch|p2a: Ceruledge|Ceruledge, F|100\/100\n|turn|12\n|j| uncle abortion\n|\n|t:|1698146164\n|move|p1a: Zacian|Behemoth Blade|p2a: Ceruledge\n|-resisted|p2a: Ceruledge\n|-enditem|p2a: Ceruledge|Focus Sash\n|-damage|p2a: Ceruledge|1\/100\n|-ability|p2a: Ceruledge|Weak Armor|boost\n|-unboost|p2a: Ceruledge|def|1\n|-boost|p2a: Ceruledge|spe|2\n|move|p2a: Ceruledge|Bitter Blade|p1a: Zacian\n|-damage|p1a: Zacian|0 fnt\n|-heal|p2a: Ceruledge|26\/100|[from] drain|[of] p1a: Zacian\n|faint|p1a: Zacian\n|\n|upkeep\n|\n|t:|1698146171\n|switch|p1a: Rayquaza|Rayquaza, shiny|100\/100\n|-ability|p1a: Rayquaza|Air Lock\n|turn|13\n|\n|t:|1698146186\n|move|p2a: Ceruledge|Bitter Blade|p1a: Rayquaza\n|-resisted|p1a: Rayquaza\n|-damage|p1a: Rayquaza|73\/100\n|-heal|p2a: Ceruledge|43\/100|[from] drain|[of] p1a: Rayquaza\n|move|p1a: Rayquaza|Earthquake|p2a: Ceruledge\n|-supereffective|p2a: Ceruledge\n|-damage|p2a: Ceruledge|0 fnt\n|faint|p2a: Ceruledge\n|\n|upkeep\n|\n|t:|1698146194\n|switch|p2a: Miraidon|Miraidon, tera:Grass|49\/100\n|-fieldstart|move: Electric Terrain|[from] ability: Hadron Engine|[of] p2a: Miraidon\n|turn|14\n|\n|t:|1698146203\n|move|p1a: Rayquaza|Extreme Speed|p2a: Miraidon\n|-damage|p2a: Miraidon|16\/100\n|move|p2a: Miraidon|Draco Meteor|p1a: Rayquaza\n|-supereffective|p1a: Rayquaza\n|-damage|p1a: Rayquaza|0 fnt\n|-unboost|p2a: Miraidon|spa|2\n|faint|p1a: Rayquaza\n|\n|upkeep\n|\n|t:|1698146209\n|switch|p1a: Miraidon|Miraidon|100\/100\n|-activate|p1a: Miraidon|ability: Hadron Engine\n|turn|15\n|\n|t:|1698146215\n|move|p1a: Miraidon|Electro Drift|p2a: Miraidon\n|-resisted|p2a: Miraidon\n|-damage|p2a: Miraidon|0 fnt\n|faint|p2a: Miraidon\n|\n|upkeep\n|\n|t:|1698146222\n|switch|p2a: Tyranitar|Tyranitar, M|100\/100\n|-weather|Sandstorm|[from] ability: Sand Stream|[of] p2a: Tyranitar\n|turn|16\n|\n|t:|1698146228\n|move|p1a: Miraidon|Electro Drift|p2a: Tyranitar\n|-damage|p2a: Tyranitar|52\/100\n|move|p2a: Tyranitar|Earthquake|p1a: Miraidon\n|-supereffective|p1a: Miraidon\n|-damage|p1a: Miraidon|27\/100\n|\n|-weather|Sandstorm|[upkeep]\n|-damage|p1a: Miraidon|21\/100|[from] Sandstorm\n|upkeep\n|turn|17\n|\n|t:|1698146236\n|switch|p1a: Annihilape|Annihilape, M, shiny|23\/100\n|move|p2a: Tyranitar|Earthquake|p1a: Annihilape\n|-damage|p1a: Annihilape|0 fnt\n|faint|p1a: Annihilape\n|\n|-weather|Sandstorm|[upkeep]\n|upkeep\n|\n|t:|1698146244\n|switch|p1a: Miraidon|Miraidon|21\/100\n|-activate|p1a: Miraidon|ability: Hadron Engine\n|turn|18\n|\n|t:|1698146248\n|move|p1a: Miraidon|Electro Drift|p2a: Tyranitar\n|-damage|p2a: Tyranitar|0 fnt\n|faint|p2a: Tyranitar\n|\n|-weather|Sandstorm|[upkeep]\n|-damage|p1a: Miraidon|15\/100|[from] Sandstorm\n|-fieldend|move: Electric Terrain\n|upkeep\n|\n|t:|1698146255\n|switch|p2a: Houndstone|Houndstone, M|100\/100\n|turn|19\n|\n|t:|1698146258\n|move|p1a: Miraidon|Electro Drift|p2a: Houndstone\n|-damage|p2a: Houndstone|37\/100\n|move|p2a: Houndstone|Last Respects|p1a: Miraidon\n|-damage|p1a: Miraidon|0 fnt\n|faint|p1a: Miraidon\n|\n|win|Danlik\n|raw|Lapin2111's rating: 1589 &rarr; <strong>1565<\/strong><br \/>(-24 for losing)\n|raw|Danlik's rating: 1526 &rarr; <strong>1550<\/strong><br \/>(+24 for winning)\n|l|\u2606Lapin2111\n|l|\u203dDanlik\n|l| uncle abortion\n","uploadtime":1698146333,"views":10,"p1id":"lapin2111","p2id":"danlik","formatid":"gen9anythinggoes","rating":1550,"private":0,"password":""}