{"id":"gen9anythinggoes-1987122402","p1":"ynxjdjdjfbxjxnsn","p2":"NikDaStik","format":"[Gen 9] Anything Goes","log":"|j|\u2606ynxjdjdjfbxjxnsn\n|j|\u2606NikDaStik\n|t:|1699557890\n|gametype|singles\n|player|p1|ynxjdjdjfbxjxnsn|harlequin|1000\n|player|p2|NikDaStik|170|1070\n|teamsize|p1|6\n|teamsize|p2|6\n|gen|9\n|tier|[Gen 9] Anything Goes\n|rated|\n|rule|HP Percentage Mod: HP is shown in percentages\n|rule|Endless Battle Clause: Forcing endless battles is banned\n|clearpoke\n|poke|p1|Garchomp, F|\n|poke|p1|Ditto|\n|poke|p1|Dudunsparce-*, F|\n|poke|p1|Calyrex-Shadow|\n|poke|p1|Mewtwo|\n|poke|p1|Regieleki|\n|poke|p2|Uxie|\n|poke|p2|Cloyster, F|\n|poke|p2|Charizard, M|\n|poke|p2|Clefable, M|\n|poke|p2|Slaking, F|\n|poke|p2|Regieleki|\n|teampreview\n|c|\u2606NikDaStik|Brother\n|\n|t:|1699557906\n|start\n|switch|p1a: Dudunsparce|Dudunsparce-Three-Segment, F|100\/100\n|switch|p2a: Setup + Die|Uxie|100\/100\n|turn|1\n|\n|t:|1699557913\n|move|p2a: Setup + Die|Reflect|p2a: Setup + Die\n|-sidestart|p2: NikDaStik|Reflect\n|move|p1a: Dudunsparce|Coil|p1a: Dudunsparce\n|-boost|p1a: Dudunsparce|atk|1\n|-boost|p1a: Dudunsparce|def|1\n|-boost|p1a: Dudunsparce|accuracy|1\n|\n|upkeep\n|turn|2\n|\n|t:|1699557917\n|move|p2a: Setup + Die|Light Screen|p2a: Setup + Die\n|-sidestart|p2: NikDaStik|move: Light Screen\n|move|p1a: Dudunsparce|Coil|p1a: Dudunsparce\n|-boost|p1a: Dudunsparce|atk|1\n|-boost|p1a: Dudunsparce|def|1\n|-boost|p1a: Dudunsparce|accuracy|1\n|\n|upkeep\n|turn|3\n|\n|t:|1699557920\n|move|p2a: Setup + Die|Encore|p1a: Dudunsparce\n|-start|p1a: Dudunsparce|Encore\n|move|p1a: Dudunsparce|Coil|p1a: Dudunsparce\n|-boost|p1a: Dudunsparce|atk|1\n|-boost|p1a: Dudunsparce|def|1\n|-boost|p1a: Dudunsparce|accuracy|1\n|\n|upkeep\n|turn|4\n|\n|t:|1699557923\n|move|p2a: Setup + Die|Memento|p1a: Dudunsparce\n|-unboost|p1a: Dudunsparce|atk|2\n|-unboost|p1a: Dudunsparce|spa|2\n|faint|p2a: Setup + Die\n|move|p1a: Dudunsparce|Coil|p1a: Dudunsparce\n|-boost|p1a: Dudunsparce|atk|1\n|-boost|p1a: Dudunsparce|def|1\n|-boost|p1a: Dudunsparce|accuracy|1\n|\n|upkeep\n|\n|t:|1699557930\n|switch|p2a: Lizard God|Charizard, M, shiny|100\/100\n|turn|5\n|\n|t:|1699557934\n|move|p2a: Lizard God|Belly Drum|p2a: Lizard God\n|-damage|p2a: Lizard God|50\/100\n|-setboost|p2a: Lizard God|atk|6|[from] move: Belly Drum\n|move|p1a: Dudunsparce|Coil|p1a: Dudunsparce\n|-boost|p1a: Dudunsparce|atk|1\n|-boost|p1a: Dudunsparce|def|1\n|-boost|p1a: Dudunsparce|accuracy|1\n|\n|-end|p1a: Dudunsparce|Encore\n|upkeep\n|turn|6\n|\n|t:|1699557938\n|move|p2a: Lizard God|Substitute|p2a: Lizard God\n|-start|p2a: Lizard God|Substitute\n|-damage|p2a: Lizard God|26\/100\n|move|p1a: Dudunsparce|Coil|p1a: Dudunsparce\n|-boost|p1a: Dudunsparce|atk|1\n|-boost|p1a: Dudunsparce|def|1\n|-boost|p1a: Dudunsparce|accuracy|1\n|\n|upkeep\n|turn|7\n|\n|t:|1699557942\n|move|p2a: Lizard God|Fire Fang|p1a: Dudunsparce\n|-damage|p1a: Dudunsparce|72\/100\n|move|p1a: Dudunsparce|Agility|p1a: Dudunsparce\n|-boost|p1a: Dudunsparce|spe|2\n|\n|-heal|p1a: Dudunsparce|78\/100|[from] item: Leftovers\n|upkeep\n|turn|8\n|\n|t:|1699557946\n|move|p2a: Lizard God|Air Slash|p1a: Dudunsparce\n|-damage|p1a: Dudunsparce|56\/100\n|cant|p1a: Dudunsparce|flinch\n|\n|-heal|p1a: Dudunsparce|62\/100|[from] item: Leftovers\n|-sideend|p2: NikDaStik|Reflect\n|upkeep\n|turn|9\n|\n|t:|1699557949\n|move|p2a: Lizard God|Air Slash|p1a: Dudunsparce\n|-damage|p1a: Dudunsparce|39\/100\n|cant|p1a: Dudunsparce|flinch\n|\n|-heal|p1a: Dudunsparce|45\/100|[from] item: Leftovers\n|-sideend|p2: NikDaStik|move: Light Screen\n|upkeep\n|turn|10\n|\n|t:|1699557959\n|move|p2a: Lizard God|Air Slash|p1a: Dudunsparce\n|-damage|p1a: Dudunsparce|21\/100\n|move|p1a: Dudunsparce|Baton Pass|p1a: Dudunsparce\n|\n|t:|1699557964\n|switch|p1a: Garchomp|Garchomp, F|100\/100|[from] Baton Pass\n|\n|upkeep\n|turn|11\n|\n|t:|1699557973\n|move|p1a: Garchomp|Shadow Claw|p2a: Lizard God\n|-end|p2a: Lizard God|Substitute\n|move|p2a: Lizard God|Air Slash|p1a: Garchomp\n|-damage|p1a: Garchomp|69\/100\n|\n|-heal|p1a: Garchomp|76\/100|[from] item: Leftovers\n|upkeep\n|turn|12\n|\n|t:|1699557979\n|move|p1a: Garchomp|Shadow Claw|p2a: Lizard God\n|-damage|p2a: Lizard God|0 fnt\n|faint|p2a: Lizard God\n|\n|-heal|p1a: Garchomp|82\/100|[from] item: Leftovers\n|upkeep\n|\n|t:|1699557982\n|switch|p2a: My Mother|Slaking, F, shiny|100\/100\n|turn|13\n|\n|t:|1699557985\n|move|p1a: Garchomp|Earthquake|p2a: My Mother\n|-damage|p2a: My Mother|0 fnt\n|faint|p2a: My Mother\n|\n|-heal|p1a: Garchomp|88\/100|[from] item: Leftovers\n|upkeep\n|\n|t:|1699557990\n|switch|p2a: Gambling Man|Clefable, M, shiny|100\/100\n|turn|14\n|\n|t:|1699557995\n|move|p1a: Garchomp|Earthquake|p2a: Gambling Man\n|-damage|p2a: Gambling Man|0 fnt\n|faint|p2a: Gambling Man\n|\n|-heal|p1a: Garchomp|94\/100|[from] item: Leftovers\n|upkeep\n|\n|t:|1699557997\n|switch|p2a: Boop!|Cloyster, F, shiny|100\/100\n|turn|15\n|\n|t:|1699558003\n|move|p1a: Garchomp|Earthquake|p2a: Boop!\n|-enditem|p2a: Boop!|Focus Sash\n|-damage|p2a: Boop!|1\/100\n|move|p2a: Boop!|Shell Smash|p2a: Boop!\n|-unboost|p2a: Boop!|def|1\n|-unboost|p2a: Boop!|spd|1\n|-boost|p2a: Boop!|atk|2\n|-boost|p2a: Boop!|spa|2\n|-boost|p2a: Boop!|spe|2\n|\n|-heal|p1a: Garchomp|99\/100|[from] item: Leftovers\n|upkeep\n|turn|16\n|\n|t:|1699558012\n|move|p1a: Garchomp|Earthquake|p2a: Boop!\n|-damage|p2a: Boop!|0 fnt\n|faint|p2a: Boop!\n|\n|-heal|p1a: Garchomp|100\/100|[from] item: Leftovers\n|upkeep\n|\n|t:|1699558014\n|switch|p2a: ZAPPP!!|Regieleki, shiny|100\/100\n|turn|17\n|c|\u2606NikDaStik|Exllsion\n|\n|t:|1699558024\n|move|p1a: Garchomp|Earthquake|p2a: ZAPPP!!\n|-supereffective|p2a: ZAPPP!!\n|-damage|p2a: ZAPPP!!|0 fnt\n|faint|p2a: ZAPPP!!\n|\n|win|ynxjdjdjfbxjxnsn\n|raw|ynxjdjdjfbxjxnsn's rating: 1000 &rarr; <strong>1048<\/strong><br \/>(+48 for winning)\n|raw|NikDaStik's rating: 1070 &rarr; <strong>1045<\/strong><br \/>(-25 for losing)\n|l|\u2606NikDaStik\n","uploadtime":1699558039,"views":8,"p1id":"ynxjdjdjfbxjxnsn","p2id":"nikdastik","formatid":"gen9anythinggoes","rating":1045,"private":0,"password":""}