{"id":"gen9anythinggoes-1991850416","p1":"Peyton2010","p2":"hoenn militian","format":"[Gen 9] Anything Goes","log":"|j|\u2606Peyton2010\n|j|\u2606hoenn militian\n|t:|1700128259\n|gametype|singles\n|player|p1|Peyton2010|red|1657\n|player|p2|hoenn militian|170|1740\n|teamsize|p1|6\n|teamsize|p2|6\n|gen|9\n|tier|[Gen 9] Anything Goes\n|rated|\n|rule|HP Percentage Mod: HP is shown in percentages\n|rule|Endless Battle Clause: Forcing endless battles is banned\n|clearpoke\n|poke|p1|Glimmora, M|\n|poke|p1|Spidops, F|\n|poke|p1|Calyrex-Shadow|\n|poke|p1|Regieleki|\n|poke|p1|Ogerpon-Wellspring, F|\n|poke|p1|Gholdengo|\n|poke|p2|Miraidon|\n|poke|p2|Grimmsnarl, M|\n|poke|p2|Skeledirge, M|\n|poke|p2|Blissey, F|\n|poke|p2|Moltres|\n|poke|p2|Calyrex-Ice|\n|teampreview\n|inactive|Battle timer is ON: inactive players will automatically lose when time's up. (requested by Peyton2010)\n|\n|t:|1700128266\n|start\n|switch|p1a: Spidops|Spidops, F|100\/100\n|switch|p2a: Miraidon|Miraidon|100\/100\n|-fieldstart|move: Electric Terrain|[from] ability: Hadron Engine|[of] p2a: Miraidon\n|turn|1\n|\n|t:|1700128272\n|move|p2a: Miraidon|Dragon Pulse|p1a: Spidops\n|-crit|p1a: Spidops\n|-damage|p1a: Spidops|24\/100\n|move|p1a: Spidops|Sticky Web|p2a: Miraidon\n|-sidestart|p2: hoenn militian|move: Sticky Web\n|\n|upkeep\n|turn|2\n|\n|t:|1700128277\n|move|p2a: Miraidon|Dragon Pulse|p1a: Spidops\n|-damage|p1a: Spidops|0 fnt\n|faint|p1a: Spidops\n|\n|upkeep\n|\n|t:|1700128280\n|switch|p1a: Glimmora|Glimmora, M|100\/100\n|turn|3\n|\n|t:|1700128287\n|move|p2a: Miraidon|Electro Drift|p1a: Glimmora\n|-damage|p1a: Glimmora|17\/100\n|move|p1a: Glimmora|Stealth Rock|p2a: Miraidon\n|-sidestart|p2: hoenn militian|move: Stealth Rock\n|\n|upkeep\n|turn|4\n|\n|t:|1700128293\n|move|p2a: Miraidon|Dragon Pulse|p1a: Glimmora\n|-damage|p1a: Glimmora|0 fnt\n|faint|p1a: Glimmora\n|\n|upkeep\n|\n|t:|1700128296\n|switch|p1a: Gholdengo|Gholdengo|100\/100\n|turn|5\n|\n|t:|1700128300\n|move|p2a: Miraidon|U-turn|p1a: Gholdengo\n|-resisted|p1a: Gholdengo\n|-damage|p1a: Gholdengo|97\/100\n|\n|t:|1700128307\n|switch|p2a: Grimmsnarl|Grimmsnarl, M|100\/100|[from] U-turn\n|move|p1a: Gholdengo|Dazzling Gleam|p2a: Grimmsnarl\n|-supereffective|p2a: Grimmsnarl\n|-crit|p2a: Grimmsnarl\n|-damage|p2a: Grimmsnarl|35\/100\n|\n|-fieldend|move: Electric Terrain\n|upkeep\n|turn|6\n|\n|t:|1700128315\n|switch|p2a: Moltres|Moltres|100\/100\n|move|p1a: Gholdengo|Dazzling Gleam|p2a: Moltres\n|-resisted|p2a: Moltres\n|-damage|p2a: Moltres|85\/100\n|\n|upkeep\n|turn|7\n|\n|t:|1700128322\n|move|p1a: Gholdengo|Shadow Ball|p2a: Moltres\n|-damage|p2a: Moltres|40\/100\n|-unboost|p2a: Moltres|spd|1\n|move|p2a: Moltres|Burning Jealousy|p1a: Gholdengo\n|-supereffective|p1a: Gholdengo\n|-damage|p1a: Gholdengo|30\/100\n|\n|upkeep\n|turn|8\n|\n|t:|1700128330\n|move|p1a: Gholdengo|Shadow Ball|p2a: Moltres\n|-damage|p2a: Moltres|0 fnt\n|faint|p2a: Moltres\n|\n|upkeep\n|\n|t:|1700128335\n|switch|p2a: Miraidon|Miraidon|100\/100\n|-fieldstart|move: Electric Terrain|[from] ability: Hadron Engine|[of] p2a: Miraidon\n|turn|9\n|\n|t:|1700128339\n|move|p2a: Miraidon|Electro Drift|p1a: Gholdengo\n|-damage|p1a: Gholdengo|0 fnt\n|faint|p1a: Gholdengo\n|\n|upkeep\n|\n|t:|1700128343\n|switch|p1a: Ogerpon|Ogerpon-Wellspring, F|100\/100\n|turn|10\n|\n|t:|1700128347\n|move|p2a: Miraidon|Electro Drift|p1a: Ogerpon\n|-damage|p1a: Ogerpon|7\/100\n|move|p1a: Ogerpon|Play Rough|p2a: Miraidon\n|-supereffective|p2a: Miraidon\n|-damage|p2a: Miraidon|42\/100\n|\n|upkeep\n|turn|11\n|j| Mark Zuckrberg\n|\n|t:|1700128355\n|move|p2a: Miraidon|Dragon Pulse|p1a: Ogerpon\n|-damage|p1a: Ogerpon|0 fnt\n|faint|p1a: Ogerpon\n|\n|upkeep\n|\n|t:|1700128357\n|switch|p1a: Calyrex|Calyrex-Shadow|100\/100\n|-ability|p1a: Calyrex|As One\n|-ability|p1a: Calyrex|Unnerve\n|turn|12\n|\n|t:|1700128374\n|switch|p2a: Blissey|Blissey, F|100\/100\n|move|p1a: Calyrex|Astral Barrage|p2a: Blissey\n|-immune|p2a: Blissey\n|\n|upkeep\n|turn|13\n|\n|t:|1700128381\n|switch|p2a: Grimmsnarl|Grimmsnarl, M|35\/100\n|move|p1a: Calyrex|Psyshock|p2a: Grimmsnarl\n|-immune|p2a: Grimmsnarl\n|\n|-fieldend|move: Electric Terrain\n|upkeep\n|turn|14\n|\n|t:|1700128395\n|switch|p1a: Regieleki|Regieleki|100\/100\n|move|p2a: Grimmsnarl|Sucker Punch||[still]\n|-fail|p2a: Grimmsnarl\n|\n|upkeep\n|turn|15\n|\n|t:|1700128405\n|move|p2a: Grimmsnarl|Parting Shot|p1a: Regieleki\n|-unboost|p1a: Regieleki|atk|1\n|-unboost|p1a: Regieleki|spa|1\n|\n|t:|1700128409\n|switch|p2a: Blissey|Blissey, F|100\/100|[from] Parting Shot\n|move|p1a: Regieleki|Thunderbolt|p2a: Blissey\n|-damage|p2a: Blissey|90\/100\n|-status|p2a: Blissey|par\n|\n|upkeep\n|turn|16\n|\n|t:|1700128416\n|move|p1a: Regieleki|Thunderbolt|p2a: Blissey\n|-damage|p2a: Blissey|80\/100 par\n|move|p2a: Blissey|Stealth Rock|p1a: Regieleki\n|-sidestart|p1: Peyton2010|move: Stealth Rock\n|\n|upkeep\n|turn|17\n|\n|t:|1700128422\n|-curestatus|p2a: Blissey|par|[from] ability: Natural Cure\n|switch|p2a: Skeledirge|Skeledirge, M|100\/100\n|move|p1a: Regieleki|Volt Switch|p2a: Skeledirge\n|-damage|p2a: Skeledirge|62\/100\n|\n|t:|1700128424\n|switch|p1a: Calyrex|Calyrex-Shadow|100\/100|[from] Volt Switch\n|-ability|p1a: Calyrex|As One\n|-ability|p1a: Calyrex|Unnerve\n|-damage|p1a: Calyrex|88\/100|[from] Stealth Rock\n|\n|upkeep\n|turn|18\n|\n|t:|1700128435\n|switch|p2a: Blissey|Blissey, F|80\/100\n|move|p1a: Calyrex|Astral Barrage|p2a: Blissey\n|-immune|p2a: Blissey\n|\n|upkeep\n|turn|19\n|\n|t:|1700128447\n|move|p1a: Calyrex|Psyshock|p2a: Blissey\n|-damage|p2a: Blissey|0 fnt\n|faint|p2a: Blissey\n|-ability|p1a: Calyrex|Grim Neigh|boost\n|-boost|p1a: Calyrex|spa|1\n|\n|upkeep\n|\n|t:|1700128453\n|switch|p2a: Grimmsnarl|Grimmsnarl, M|35\/100\n|turn|20\n|\n|t:|1700128457\n|-terastallize|p1a: Calyrex|Fighting\n|move|p2a: Grimmsnarl|Thunder Wave|p1a: Calyrex\n|-status|p1a: Calyrex|par\n|move|p1a: Calyrex|Tera Blast|p2a: Grimmsnarl|[anim] Tera Blast Fighting\n|-damage|p2a: Grimmsnarl|0 fnt\n|faint|p2a: Grimmsnarl\n|-ability|p1a: Calyrex|Grim Neigh|boost\n|-boost|p1a: Calyrex|spa|1\n|\n|upkeep\n|\n|t:|1700128467\n|switch|p2a: Miraidon|Miraidon|42\/100\n|-fieldstart|move: Electric Terrain|[from] ability: Hadron Engine|[of] p2a: Miraidon\n|turn|21\n|\n|t:|1700128472\n|move|p2a: Miraidon|Electro Drift|p1a: Calyrex\n|-crit|p1a: Calyrex\n|-damage|p1a: Calyrex|0 fnt\n|faint|p1a: Calyrex\n|\n|upkeep\n|-message|Peyton2010 forfeited.\n|\n|win|hoenn militian\n|raw|Peyton2010's rating: 1657 &rarr; <strong>1642<\/strong><br \/>(-15 for losing)\n|raw|hoenn militian's rating: 1740 &rarr; <strong>1755<\/strong><br \/>(+15 for winning)\n|l|\u2606Peyton2010\n","uploadtime":1700128534,"views":5,"p1id":"peyton2010","p2id":"hoennmilitian","formatid":"gen9anythinggoes","rating":1642,"private":0,"password":""}