{"id":"gen9anythinggoes-1978388244","p1":"bla5t3r75","p2":"Omega Tyson","format":"[Gen 9] Anything Goes","log":"|j|\u2606bla5t3r75\n|j|\u2606Omega Tyson\n|t:|1698532564\n|gametype|singles\n|player|p1|bla5t3r75|guitarist|\n|player|p2|Omega Tyson|palmer|\n|teamsize|p1|6\n|teamsize|p2|6\n|gen|9\n|tier|[Gen 9] Anything Goes\n|rule|HP Percentage Mod: HP is shown in percentages\n|rule|Endless Battle Clause: Forcing endless battles is banned\n|clearpoke\n|poke|p1|Magearna|\n|poke|p1|Ursaluna, M|\n|poke|p1|Arcanine-Hisui, M|\n|poke|p1|Leavanny, F|\n|poke|p1|Tauros-Paldea-Aqua, M|\n|poke|p1|Dragapult, F|\n|poke|p2|Armarouge, F|\n|poke|p2|Scizor, M|\n|poke|p2|Sandy Shocks|\n|poke|p2|Infernape, M|\n|poke|p2|Zoroark-Hisui, M|\n|poke|p2|Iron Valiant|\n|teampreview\n|c|\u2606bla5t3r75|:3\n|\n|t:|1698532625\n|start\n|switch|p1a: Jinbe|Tauros-Paldea-Aqua, M|100\/100\n|switch|p2a: Kinetic|Sandy Shocks, shiny|100\/100\n|-ability|p1a: Jinbe|Intimidate|boost\n|-unboost|p2a: Kinetic|atk|1\n|turn|1\n|\n|t:|1698532640\n|-terastallize|p1a: Jinbe|Grass\n|move|p2a: Kinetic|Protect|p2a: Kinetic\n|-singleturn|p2a: Kinetic|Protect\n|move|p1a: Jinbe|Close Combat|p2a: Kinetic\n|-activate|p2a: Kinetic|move: Protect\n|\n|upkeep\n|turn|2\n|-activate|p2a: Kinetic|item: Quick Claw\n|\n|t:|1698532648\n|move|p2a: Kinetic|Sunny Day|p2a: Kinetic\n|-weather|SunnyDay\n|-activate|p2a: Kinetic|ability: Protosynthesis\n|-start|p2a: Kinetic|protosynthesisspa\n|move|p1a: Jinbe|Close Combat|p2a: Kinetic\n|-damage|p2a: Kinetic|53\/100\n|-unboost|p1a: Jinbe|def|1\n|-unboost|p1a: Jinbe|spd|1\n|\n|-weather|SunnyDay|[upkeep]\n|upkeep\n|turn|3\n|\n|t:|1698532658\n|move|p1a: Jinbe|Close Combat|p2a: Kinetic\n|-crit|p2a: Kinetic\n|-damage|p2a: Kinetic|0 fnt\n|-unboost|p1a: Jinbe|def|1\n|-unboost|p1a: Jinbe|spd|1\n|faint|p2a: Kinetic\n|-end|p2a: Kinetic|Protosynthesis|[silent]\n|\n|-weather|SunnyDay|[upkeep]\n|upkeep\n|\n|t:|1698532672\n|switch|p2a: Cross|Scizor, M|100\/100\n|turn|4\n|\n|t:|1698532676\n|switch|p1a: Archie|Arcanine-Hisui, M|100\/100\n|move|p2a: Cross|X-Scissor|p1a: Archie\n|-resisted|p1a: Archie\n|-damage|p1a: Archie|75\/100\n|\n|-weather|SunnyDay|[upkeep]\n|upkeep\n|turn|5\n|\n|t:|1698532701\n|switch|p2a: Son Goku|Infernape, M|100\/100\n|move|p1a: Archie|Flare Blitz|p2a: Son Goku\n|-resisted|p2a: Son Goku\n|-damage|p2a: Son Goku|45\/100\n|\n|-weather|SunnyDay|[upkeep]\n|upkeep\n|turn|6\n|\n|t:|1698532712\n|move|p2a: Son Goku|Fake Out|p1a: Archie\n|-resisted|p1a: Archie\n|-damage|p1a: Archie|69\/100\n|cant|p1a: Archie|flinch\n|\n|-weather|none\n|upkeep\n|turn|7\n|\n|t:|1698532720\n|move|p1a: Archie|Extreme Speed|p2a: Son Goku\n|-damage|p2a: Son Goku|12\/100\n|move|p2a: Son Goku|Drain Punch|p1a: Archie\n|-supereffective|p1a: Archie\n|-damage|p1a: Archie|0 fnt\n|-heal|p2a: Son Goku|47\/100|[from] drain|[of] p1a: Archie\n|faint|p1a: Archie\n|\n|upkeep\n|\n|t:|1698532734\n|switch|p1a: Juri|Dragapult, F|100\/100\n|turn|8\n|\n|t:|1698532756\n|switch|p2a: Cross|Scizor, M|100\/100\n|move|p1a: Juri|Shadow Ball|p2a: Cross\n|-damage|p2a: Cross|37\/100\n|\n|-heal|p2a: Cross|43\/100|[from] item: Leftovers\n|upkeep\n|turn|9\n|\n|t:|1698532765\n|move|p1a: Juri|Shadow Ball|p2a: Cross\n|-damage|p2a: Cross|0 fnt\n|faint|p2a: Cross\n|\n|upkeep\n|\n|t:|1698532777\n|switch|p2a: Hakumen|Iron Valiant, shiny|100\/100\n|turn|10\n|\n|t:|1698532804\n|switch|p1a: Maggie|Magearna|100\/100\n|move|p2a: Hakumen|Electric Terrain|p2a: Hakumen\n|-fieldstart|move: Electric Terrain\n|-activate|p2a: Hakumen|ability: Quark Drive\n|-start|p2a: Hakumen|quarkdriveatk\n|\n|upkeep\n|turn|11\n|\n|t:|1698532828\n|-terastallize|p2a: Hakumen|Fairy\n|move|p2a: Hakumen|Close Combat|p1a: Maggie\n|-damage|p1a: Maggie|49\/100\n|-unboost|p2a: Hakumen|def|1\n|-unboost|p2a: Hakumen|spd|1\n|move|p1a: Maggie|Spikes|p2a: Hakumen\n|-sidestart|p2: Omega Tyson|Spikes\n|\n|-heal|p1a: Maggie|55\/100|[from] item: Leftovers\n|upkeep\n|turn|12\n|\n|t:|1698532858\n|switch|p1a: Jinbe|Tauros-Paldea-Aqua, M, tera:Grass|100\/100\n|-ability|p1a: Jinbe|Intimidate|boost\n|-unboost|p2a: Hakumen|atk|1\n|move|p2a: Hakumen|Close Combat|p1a: Jinbe\n|-damage|p1a: Jinbe|30\/100\n|-unboost|p2a: Hakumen|def|1\n|-unboost|p2a: Hakumen|spd|1\n|\n|-heal|p1a: Jinbe|36\/100|[from] item: Leftovers\n|upkeep\n|turn|13\n|\n|t:|1698532870\n|move|p1a: Jinbe|Trailblaze|p2a: Hakumen\n|-damage|p2a: Hakumen|37\/100\n|-boost|p1a: Jinbe|spe|1\n|move|p2a: Hakumen|Psycho Cut|p1a: Jinbe\n|-damage|p1a: Jinbe|7\/100\n|\n|-heal|p1a: Jinbe|14\/100|[from] item: Leftovers\n|upkeep\n|turn|14\n|\n|t:|1698532882\n|move|p1a: Jinbe|Trailblaze|p2a: Hakumen\n|-damage|p2a: Hakumen|0 fnt\n|-boost|p1a: Jinbe|spe|1\n|faint|p2a: Hakumen\n|-end|p2a: Hakumen|Quark Drive|[silent]\n|\n|-heal|p1a: Jinbe|20\/100|[from] item: Leftovers\n|-fieldend|move: Electric Terrain\n|upkeep\n|\n|t:|1698532896\n|switch|p2a: Erza|Armarouge, F, shiny|100\/100\n|-damage|p2a: Erza|88\/100|[from] Spikes\n|turn|15\n|\n|t:|1698532902\n|move|p1a: Jinbe|Wave Crash|p2a: Erza\n|-supereffective|p2a: Erza\n|-damage|p2a: Erza|0 fnt\n|faint|p2a: Erza\n|-damage|p1a: Jinbe|0 fnt|[from] Recoil\n|faint|p1a: Jinbe\n|\n|upkeep\n|\n|t:|1698532910\n|switch|p1a: Ron|Ursaluna, M|100\/100\n|switch|p2a: Son Goku|Infernape, M|47\/100\n|-damage|p2a: Son Goku|35\/100|[from] Spikes\n|turn|16\n|\n|t:|1698532916\n|move|p2a: Son Goku|Drain Punch|p1a: Ron\n|-supereffective|p1a: Ron\n|-damage|p1a: Ron|29\/100\n|-heal|p2a: Son Goku|82\/100|[from] drain|[of] p1a: Ron\n|move|p1a: Ron|Earthquake|p2a: Son Goku\n|-supereffective|p2a: Son Goku\n|-damage|p2a: Son Goku|0 fnt\n|faint|p2a: Son Goku\n|\n|-status|p1a: Ron|brn|[from] item: Flame Orb\n|upkeep\n|\n|t:|1698532927\n|switch|p2a: Grimmjow|Zoroark-Hisui, M, shiny|100\/100\n|-damage|p2a: Grimmjow|88\/100|[from] Spikes\n|turn|17\n|\n|t:|1698532936\n|switch|p1a: Gwen|Leavanny, F|100\/100\n|move|p2a: Grimmjow|Detect||[still]\n|-fail|p2a: Grimmjow\n|\n|upkeep\n|turn|18\n|\n|t:|1698532946\n|move|p1a: Gwen|Knock Off|p2a: Grimmjow\n|-supereffective|p2a: Grimmjow\n|-damage|p2a: Grimmjow|0 fnt\n|-enditem|p2a: Grimmjow|Life Orb|[from] move: Knock Off|[of] p1a: Gwen\n|faint|p2a: Grimmjow\n|\n|win|bla5t3r75\n|c|\u2606bla5t3r75|gg\n","uploadtime":1698532960,"views":10,"p1id":"bla5t3r75","p2id":"omegatyson","formatid":"gen9anythinggoes","rating":0,"private":0,"password":""}