{"id":"gen9anythinggoes-1972605939","p1":"AmayoriAishi","p2":"ClanMacKay2","format":"[Gen 9] Anything Goes","log":"|j|\u2606AmayoriAishi\n|j|\u2606ClanMacKay2\n|t:|1697863327\n|gametype|singles\n|player|p1|AmayoriAishi|rocketgruntf|1108\n|player|p2|ClanMacKay2|170|1162\n|teamsize|p1|6\n|teamsize|p2|6\n|gen|9\n|tier|[Gen 9] Anything Goes\n|rated|\n|rule|HP Percentage Mod: HP is shown in percentages\n|rule|Endless Battle Clause: Forcing endless battles is banned\n|clearpoke\n|poke|p1|Bronzong|\n|poke|p1|Breloom, F|\n|poke|p1|Ceruledge, F|\n|poke|p1|Azumarill, F|\n|poke|p1|Miraidon|\n|poke|p1|Garchomp, F|\n|poke|p2|Skeledirge, M|\n|poke|p2|Spidops, F|\n|poke|p2|Tinkaton, F|\n|poke|p2|Annihilape, F|\n|poke|p2|Ogerpon-Wellspring, F|\n|poke|p2|Spiritomb, F|\n|teampreview\n|\n|t:|1697863339\n|start\n|switch|p1a: Breloom|Breloom, F|100\/100\n|switch|p2a: Arantxa|Spidops, F, shiny|100\/100\n|turn|1\n|\n|t:|1697863348\n|move|p1a: Breloom|Bulk Up|p1a: Breloom\n|-boost|p1a: Breloom|atk|1\n|-boost|p1a: Breloom|def|1\n|move|p2a: Arantxa|Knock Off|p1a: Breloom\n|-resisted|p1a: Breloom\n|-damage|p1a: Breloom|91\/100\n|-enditem|p1a: Breloom|Expert Belt|[from] move: Knock Off|[of] p2a: Arantxa\n|\n|upkeep\n|turn|2\n|\n|t:|1697863356\n|move|p1a: Breloom|Substitute|p1a: Breloom\n|-start|p1a: Breloom|Substitute\n|-damage|p1a: Breloom|66\/100\n|move|p2a: Arantxa|Lunge|p1a: Breloom\n|-end|p1a: Breloom|Substitute\n|\n|upkeep\n|turn|3\n|\n|t:|1697863362\n|move|p1a: Breloom|Leech Seed|p2a: Arantxa\n|-start|p2a: Arantxa|move: Leech Seed\n|move|p2a: Arantxa|Lunge|p1a: Breloom\n|-crit|p1a: Breloom\n|-damage|p1a: Breloom|7\/100\n|-unboost|p1a: Breloom|atk|1\n|\n|-damage|p2a: Arantxa|88\/100|[from] Leech Seed|[of] p1a: Breloom\n|-heal|p1a: Breloom|17\/100|[silent]\n|upkeep\n|turn|4\n|inactive|Battle timer is ON: inactive players will automatically lose when time's up. (requested by AmayoriAishi)\n|\n|t:|1697863372\n|move|p1a: Breloom|Substitute|p1a: Breloom\n|-fail|p1a: Breloom|move: Substitute|[weak]\n|move|p2a: Arantxa|Lunge|p1a: Breloom\n|-damage|p1a: Breloom|0 fnt\n|faint|p1a: Breloom\n|\n|upkeep\n|\n|t:|1697863376\n|switch|p1a: Ceruledge|Ceruledge, F|100\/100\n|turn|5\n|\n|t:|1697863389\n|switch|p2a: Julio|Skeledirge, M|100\/100\n|move|p1a: Ceruledge|Bulk Up|p1a: Ceruledge\n|-boost|p1a: Ceruledge|atk|1\n|-boost|p1a: Ceruledge|def|1\n|\n|upkeep\n|turn|6\n|\n|t:|1697863402\n|move|p1a: Ceruledge|Poison Jab|p2a: Julio\n|-resisted|p2a: Julio\n|-damage|p2a: Julio|90\/100\n|move|p2a: Julio|Hex|p1a: Ceruledge\n|-supereffective|p1a: Ceruledge\n|-damage|p1a: Ceruledge|43\/100\n|\n|upkeep\n|turn|7\n|\n|t:|1697863411\n|switch|p1a: Azumarill|Azumarill, F|100\/100\n|move|p2a: Julio|Hex|p1a: Azumarill\n|-damage|p1a: Azumarill|76\/100\n|\n|-heal|p1a: Azumarill|82\/100|[from] item: Leftovers\n|upkeep\n|turn|8\n|\n|t:|1697863419\n|move|p2a: Julio|Will-O-Wisp|p1a: Azumarill\n|-status|p1a: Azumarill|brn\n|move|p1a: Azumarill|Perish Song|p1a: Azumarill\n|-start|p1a: Azumarill|perish3|[silent]\n|-start|p2a: Julio|perish3|[silent]\n|-fieldactivate|move: Perish Song\n|\n|-heal|p1a: Azumarill|89\/100 brn|[from] item: Leftovers\n|-damage|p1a: Azumarill|82\/100 brn|[from] brn\n|-start|p2a: Julio|perish3\n|-start|p1a: Azumarill|perish3\n|upkeep\n|turn|9\n|\n|t:|1697863432\n|switch|p2a: Mar\u00eda|Ogerpon-Wellspring, F|100\/100\n|move|p1a: Azumarill|Play Rough|p2a: Mar\u00eda\n|-damage|p2a: Mar\u00eda|81\/100\n|\n|-heal|p1a: Azumarill|89\/100 brn|[from] item: Leftovers\n|-damage|p1a: Azumarill|82\/100 brn|[from] brn\n|-start|p1a: Azumarill|perish2\n|upkeep\n|turn|10\n|\n|t:|1697863443\n|move|p2a: Mar\u00eda|Horn Leech|p1a: Azumarill\n|-supereffective|p1a: Azumarill\n|-damage|p1a: Azumarill|0 fnt\n|-heal|p2a: Mar\u00eda|100\/100|[from] drain|[of] p1a: Azumarill\n|faint|p1a: Azumarill\n|\n|upkeep\n|\n|t:|1697863450\n|switch|p1a: Miraidon|Miraidon|100\/100\n|-fieldstart|move: Electric Terrain|[from] ability: Hadron Engine|[of] p1a: Miraidon\n|turn|11\n|\n|t:|1697863476\n|switch|p2a: Falkirk|Spiritomb, F|100\/100\n|move|p1a: Miraidon|Thunder Wave|p2a: Falkirk\n|-status|p2a: Falkirk|par\n|\n|upkeep\n|turn|12\n|\n|t:|1697863484\n|move|p1a: Miraidon|Calm Mind|p1a: Miraidon\n|-boost|p1a: Miraidon|spa|1\n|-boost|p1a: Miraidon|spd|1\n|move|p2a: Falkirk|Hypnosis|p1a: Miraidon|[miss]\n|-miss|p2a: Falkirk|p1a: Miraidon\n|\n|upkeep\n|turn|13\n|\n|t:|1697863498\n|move|p1a: Miraidon|Thunder|p2a: Falkirk|[miss]\n|-miss|p1a: Miraidon|p2a: Falkirk\n|move|p2a: Falkirk|Hypnosis|p1a: Miraidon|[miss]\n|-miss|p2a: Falkirk|p1a: Miraidon\n|\n|upkeep\n|turn|14\n|\n|t:|1697863504\n|move|p1a: Miraidon|Flash Cannon|p2a: Falkirk\n|-damage|p2a: Falkirk|42\/100 par\n|move|p2a: Falkirk|Hypnosis|p1a: Miraidon\n|-activate|p1a: Miraidon|move: Electric Terrain\n|\n|upkeep\n|turn|15\n|\n|t:|1697863513\n|switch|p2a: Julio|Skeledirge, M|90\/100\n|move|p1a: Miraidon|Flash Cannon|p2a: Julio\n|-resisted|p2a: Julio\n|-damage|p2a: Julio|75\/100\n|\n|-fieldend|move: Electric Terrain\n|upkeep\n|turn|16\n|\n|t:|1697863521\n|move|p1a: Miraidon|Thunder Wave|p2a: Julio\n|-status|p2a: Julio|par\n|cant|p2a: Julio|par\n|\n|upkeep\n|turn|17\n|\n|t:|1697863527\n|move|p1a: Miraidon|Calm Mind|p1a: Miraidon\n|-boost|p1a: Miraidon|spa|1\n|-boost|p1a: Miraidon|spd|1\n|move|p2a: Julio|Will-O-Wisp|p1a: Miraidon\n|-status|p1a: Miraidon|brn\n|\n|-damage|p1a: Miraidon|94\/100 brn|[from] brn\n|upkeep\n|turn|18\n|\n|t:|1697863540\n|move|p1a: Miraidon|Thunder|p2a: Julio|[miss]\n|-miss|p1a: Miraidon|p2a: Julio\n|move|p2a: Julio|Torch Song|p1a: Miraidon\n|-resisted|p1a: Miraidon\n|-damage|p1a: Miraidon|82\/100 brn\n|-boost|p2a: Julio|spa|1\n|-enditem|p2a: Julio|Throat Spray\n|-boost|p2a: Julio|spa|1|[from] item: Throat Spray\n|\n|-heal|p1a: Miraidon|88\/100 brn|[from] item: Leftovers\n|-damage|p1a: Miraidon|82\/100 brn|[from] brn\n|upkeep\n|turn|19\n|\n|t:|1697863553\n|move|p1a: Miraidon|Flash Cannon|p2a: Julio\n|-resisted|p2a: Julio\n|-damage|p2a: Julio|63\/100 par\n|-unboost|p2a: Julio|spd|1\n|cant|p2a: Julio|par\n|\n|-heal|p1a: Miraidon|88\/100 brn|[from] item: Leftovers\n|-damage|p1a: Miraidon|82\/100 brn|[from] brn\n|upkeep\n|turn|20\n|\n|t:|1697863562\n|move|p1a: Miraidon|Flash Cannon|p2a: Julio\n|-resisted|p2a: Julio\n|-damage|p2a: Julio|46\/100 par\n|cant|p2a: Julio|par\n|\n|-heal|p1a: Miraidon|88\/100 brn|[from] item: Leftovers\n|-damage|p1a: Miraidon|82\/100 brn|[from] brn\n|upkeep\n|turn|21\n|\n|t:|1697863574\n|move|p1a: Miraidon|Thunder|p2a: Julio\n|-crit|p2a: Julio\n|-damage|p2a: Julio|0 fnt\n|faint|p2a: Julio\n|\n|-heal|p1a: Miraidon|88\/100 brn|[from] item: Leftovers\n|-damage|p1a: Miraidon|82\/100 brn|[from] brn\n|upkeep\n|\n|t:|1697863583\n|switch|p2a: Ivette|Tinkaton, F|100\/100\n|-ability|p2a: Ivette|Mold Breaker\n|turn|22\n|\n|t:|1697863589\n|move|p2a: Ivette|Play Rough|p1a: Miraidon\n|-supereffective|p1a: Miraidon\n|-damage|p1a: Miraidon|15\/100 brn\n|move|p1a: Miraidon|Thunder Wave|p2a: Ivette\n|-status|p2a: Ivette|par\n|\n|-heal|p1a: Miraidon|21\/100 brn|[from] item: Leftovers\n|-damage|p1a: Miraidon|15\/100 brn|[from] brn\n|upkeep\n|turn|23\n|\n|t:|1697863599\n|move|p1a: Miraidon|Thunder|p2a: Ivette\n|-damage|p2a: Ivette|0 fnt\n|faint|p2a: Ivette\n|\n|-heal|p1a: Miraidon|21\/100 brn|[from] item: Leftovers\n|-damage|p1a: Miraidon|15\/100 brn|[from] brn\n|upkeep\n|\n|t:|1697863607\n|switch|p2a: Falkirk|Spiritomb, F|42\/100 par\n|turn|24\n|\n|t:|1697863612\n|move|p2a: Falkirk|Sucker Punch|p1a: Miraidon\n|-damage|p1a: Miraidon|0 fnt\n|faint|p1a: Miraidon\n|\n|upkeep\n|\n|t:|1697863616\n|switch|p1a: Bronzong|Bronzong|100\/100\n|turn|25\n|\n|t:|1697863626\n|move|p1a: Bronzong|Block||[still]\n|-fail|p1a: Bronzong\n|move|p2a: Falkirk|Shadow Ball|p1a: Bronzong\n|-supereffective|p1a: Bronzong\n|-damage|p1a: Bronzong|62\/100\n|\n|-heal|p1a: Bronzong|68\/100|[from] item: Leftovers\n|upkeep\n|turn|26\n|\n|t:|1697863635\n|move|p1a: Bronzong|Substitute|p1a: Bronzong\n|-start|p1a: Bronzong|Substitute\n|-damage|p1a: Bronzong|43\/100\n|cant|p2a: Falkirk|par\n|\n|-heal|p1a: Bronzong|49\/100|[from] item: Leftovers\n|upkeep\n|turn|27\n|\n|t:|1697863643\n|move|p1a: Bronzong|Calm Mind|p1a: Bronzong\n|-boost|p1a: Bronzong|spa|1\n|-boost|p1a: Bronzong|spd|1\n|move|p2a: Falkirk|Shadow Ball|p1a: Bronzong\n|-supereffective|p1a: Bronzong\n|-damage|p1a: Bronzong|25\/100\n|-unboost|p1a: Bronzong|spd|1\n|\n|-heal|p1a: Bronzong|32\/100|[from] item: Leftovers\n|upkeep\n|turn|28\n|\n|t:|1697863659\n|-terastallize|p1a: Bronzong|Steel\n|move|p1a: Bronzong|Rock Blast|p2a: Falkirk|[miss]\n|-miss|p1a: Bronzong|p2a: Falkirk\n|move|p2a: Falkirk|Shadow Ball|p1a: Bronzong\n|-damage|p1a: Bronzong|13\/100\n|\n|-heal|p1a: Bronzong|19\/100|[from] item: Leftovers\n|upkeep\n|turn|29\n|\n|t:|1697863670\n|move|p2a: Falkirk|Sucker Punch|p1a: Bronzong\n|-damage|p1a: Bronzong|2\/100\n|move|p1a: Bronzong|Rock Blast|p2a: Falkirk\n|-crit|p2a: Falkirk\n|-damage|p2a: Falkirk|35\/100 par\n|-damage|p2a: Falkirk|30\/100 par\n|-damage|p2a: Falkirk|26\/100 par\n|-hitcount|p2a: Falkirk|3\n|\n|-heal|p1a: Bronzong|8\/100|[from] item: Leftovers\n|upkeep\n|turn|30\n|\n|t:|1697863687\n|cant|p2a: Falkirk|par\n|move|p1a: Bronzong|Rock Blast|p2a: Falkirk\n|-damage|p2a: Falkirk|21\/100 par\n|-damage|p2a: Falkirk|16\/100 par\n|-damage|p2a: Falkirk|11\/100 par\n|-hitcount|p2a: Falkirk|3\n|\n|-heal|p1a: Bronzong|14\/100|[from] item: Leftovers\n|upkeep\n|turn|31\n|\n|t:|1697863696\n|cant|p2a: Falkirk|par\n|move|p1a: Bronzong|Rock Blast|p2a: Falkirk\n|-damage|p2a: Falkirk|7\/100 par\n|-damage|p2a: Falkirk|2\/100 par\n|-crit|p2a: Falkirk\n|-damage|p2a: Falkirk|0 fnt\n|faint|p2a: Falkirk\n|-hitcount|p2: Falkirk|3\n|\n|-heal|p1a: Bronzong|20\/100|[from] item: Leftovers\n|upkeep\n|\n|t:|1697863701\n|switch|p2a: Kelly|Annihilape, F|100\/100\n|turn|32\n|\n|t:|1697863713\n|move|p2a: Kelly|Drain Punch|p1a: Bronzong\n|-supereffective|p1a: Bronzong\n|-end|p1a: Bronzong|Substitute\n|move|p1a: Bronzong|Calm Mind|p1a: Bronzong\n|-boost|p1a: Bronzong|spa|1\n|-boost|p1a: Bronzong|spd|1\n|\n|-heal|p1a: Bronzong|26\/100|[from] item: Leftovers\n|upkeep\n|turn|33\n|\n|t:|1697863728\n|move|p2a: Kelly|Drain Punch|p1a: Bronzong\n|-supereffective|p1a: Bronzong\n|-damage|p1a: Bronzong|0 fnt\n|faint|p1a: Bronzong\n|\n|upkeep\n|\n|t:|1697863738\n|switch|p1a: Garchomp|Garchomp, F|100\/100\n|turn|34\n|\n|t:|1697863751\n|switch|p2a: Arantxa|Spidops, F, shiny|88\/100\n|move|p1a: Garchomp|Shadow Claw|p2a: Arantxa\n|-damage|p2a: Arantxa|64\/100\n|-damage|p1a: Garchomp|84\/100|[from] item: Rocky Helmet|[of] p2a: Arantxa\n|\n|upkeep\n|turn|35\n|\n|t:|1697863759\n|switch|p1a: Ceruledge|Ceruledge, F|43\/100\n|move|p2a: Arantxa|Silk Trap||[still]\n|-fail|p2a: Arantxa\n|\n|upkeep\n|turn|36\n|\n|t:|1697863765\n|-terastallize|p2a: Arantxa|Dark\n|move|p1a: Ceruledge|Bitter Blade|p2a: Arantxa\n|-damage|p2a: Arantxa|22\/100\n|-heal|p1a: Ceruledge|62\/100|[from] drain|[of] p2a: Arantxa\n|-damage|p1a: Ceruledge|46\/100|[from] item: Rocky Helmet|[of] p2a: Arantxa\n|move|p2a: Arantxa|Knock Off|p1a: Ceruledge\n|-supereffective|p1a: Ceruledge\n|-damage|p1a: Ceruledge|0 fnt\n|-enditem|p1a: Ceruledge|Focus Sash|[from] move: Knock Off|[of] p2a: Arantxa\n|faint|p1a: Ceruledge\n|\n|upkeep\n|\n|t:|1697863778\n|switch|p1a: Garchomp|Garchomp, F|84\/100\n|turn|37\n|\n|t:|1697863782\n|move|p2a: Arantxa|Silk Trap|p2a: Arantxa\n|-singleturn|p2a: Arantxa|Protect\n|move|p1a: Garchomp|Poison Jab|p2a: Arantxa\n|-activate|p2a: Arantxa|move: Protect\n|-unboost|p1a: Garchomp|spe|1\n|\n|upkeep\n|turn|38\n|\n|t:|1697863790\n|move|p1a: Garchomp|Shadow Claw|p2a: Arantxa\n|-resisted|p2a: Arantxa\n|-damage|p2a: Arantxa|11\/100\n|-damage|p1a: Garchomp|68\/100|[from] item: Rocky Helmet|[of] p2a: Arantxa\n|move|p2a: Arantxa|Lunge|p1a: Garchomp\n|-damage|p1a: Garchomp|40\/100\n|-unboost|p1a: Garchomp|atk|1\n|-damage|p2a: Arantxa|0 fnt|[from] ability: Rough Skin|[of] p1a: Garchomp\n|faint|p2a: Arantxa\n|\n|upkeep\n|\n|t:|1697863802\n|switch|p2a: Mar\u00eda|Ogerpon-Wellspring, F|100\/100\n|turn|39\n|\n|t:|1697863809\n|move|p2a: Mar\u00eda|Ivy Cudgel|p1a: Garchomp\n|-damage|p1a: Garchomp|0 fnt\n|faint|p1a: Garchomp\n|\n|win|ClanMacKay2\n|raw|AmayoriAishi's rating: 1108 &rarr; <strong>1087<\/strong><br \/>(-21 for losing)\n|raw|ClanMacKay2's rating: 1162 &rarr; <strong>1183<\/strong><br \/>(+21 for winning)\n|l|\u2606AmayoriAishi\n|c|\u2606ClanMacKay2|Gg\n","uploadtime":1697863822,"views":14,"p1id":"amayoriaishi","p2id":"clanmackay2","formatid":"gen9anythinggoes","rating":1087,"private":0,"password":""}