{"id":"gen9anythinggoes-1997856866","p1":"nietinazer","p2":"Akralt","format":"[Gen 9] Anything Goes","log":"|j|\u2606nietinazer\n|j|\u2606Akralt\n|t:|1700860339\n|gametype|singles\n|player|p1|nietinazer|steven|1277\n|player|p2|Akralt|falkner|1171\n|teamsize|p1|6\n|teamsize|p2|6\n|gen|9\n|tier|[Gen 9] Anything Goes\n|rated|\n|rule|HP Percentage Mod: HP is shown in percentages\n|rule|Endless Battle Clause: Forcing endless battles is banned\n|clearpoke\n|poke|p1|Sneasler, M|\n|poke|p1|Drednaw, F|\n|poke|p1|Kingambit, M|\n|poke|p1|Annihilape, M|\n|poke|p1|Ceruledge, M|\n|poke|p1|Kommo-o, M|\n|poke|p2|Tinkaton, F|\n|poke|p2|Tinkaton, F|\n|poke|p2|Tinkaton, F|\n|poke|p2|Tinkaton, F|\n|poke|p2|Tinkaton, F|\n|poke|p2|Flutter Mane|\n|teampreview\n|inactive|Battle timer is ON: inactive players will automatically lose when time's up. (requested by nietinazer)\n|inactive|Akralt also wants the timer to be on.\n|\n|t:|1700860347\n|start\n|switch|p1a: Golden guy|Sneasler, M, shiny|100\/100\n|switch|p2a: REINHARDT2|Tinkaton, F|100\/100\n|-ability|p2a: REINHARDT2|Mold Breaker\n|turn|1\n|\n|t:|1700860356\n|switch|p2a: :3|Tinkaton, F|100\/100\n|-ability|p2a: :3|Mold Breaker\n|move|p1a: Golden guy|Fake Out|p2a: :3\n|-enditem|p1a: Golden guy|Normal Gem|[from] gem\n|-resisted|p2a: :3\n|-damage|p2a: :3|90\/100\n|-enditem|p2a: :3|Red Card|[of] p1a: Golden guy\n|drag|p1a: Knukldragur|Annihilape, M|100\/100\n|\n|upkeep\n|turn|2\n|\n|t:|1700860373\n|move|p2a: :3|Thunder Wave|p1a: Knukldragur\n|-status|p1a: Knukldragur|par\n|move|p1a: Knukldragur|Bulk Up|p1a: Knukldragur\n|-boost|p1a: Knukldragur|atk|1\n|-boost|p1a: Knukldragur|def|1\n|\n|upkeep\n|turn|3\n|\n|t:|1700860379\n|move|p2a: :3|Encore|p1a: Knukldragur\n|-start|p1a: Knukldragur|Encore\n|cant|p1a: Knukldragur|par\n|\n|upkeep\n|turn|4\n|\n|t:|1700860386\n|move|p2a: :3|Metronome|p2a: :3\n|move|p2a: :3|Outrage|p1a: Knukldragur|[from]move: Metronome\n|-damage|p1a: Knukldragur|87\/100 par\n|move|p1a: Knukldragur|Bulk Up|p1a: Knukldragur\n|-boost|p1a: Knukldragur|atk|1\n|-boost|p1a: Knukldragur|def|1\n|\n|upkeep\n|turn|5\n|\n|t:|1700860392\n|move|p2a: :3|Outrage|p1a: Knukldragur|[from]lockedmove\n|-damage|p1a: Knukldragur|77\/100 par\n|move|p1a: Knukldragur|Bulk Up|p1a: Knukldragur\n|-boost|p1a: Knukldragur|atk|1\n|-boost|p1a: Knukldragur|def|1\n|\n|-end|p1a: Knukldragur|Encore\n|upkeep\n|turn|6\n|\n|t:|1700860396\n|move|p2a: :3|Outrage|p1a: Knukldragur|[from]lockedmove\n|-crit|p1a: Knukldragur\n|-damage|p1a: Knukldragur|43\/100 par\n|-start|p2a: :3|confusion|[fatigue]\n|cant|p1a: Knukldragur|par\n|\n|upkeep\n|turn|7\n|\n|t:|1700860402\n|-activate|p2a: :3|confusion\n|move|p2a: :3|Encore|p1a: Knukldragur\n|-start|p1a: Knukldragur|Encore\n|move|p1a: Knukldragur|Bulk Up|p1a: Knukldragur\n|-boost|p1a: Knukldragur|atk|1\n|-boost|p1a: Knukldragur|def|1\n|\n|upkeep\n|turn|8\n|\n|t:|1700860406\n|-end|p2a: :3|confusion\n|move|p2a: :3|Metronome|p2a: :3\n|move|p2a: :3|Acid Armor|p2a: :3|[from]move: Metronome\n|-boost|p2a: :3|def|2\n|move|p1a: Knukldragur|Bulk Up|p1a: Knukldragur\n|-boost|p1a: Knukldragur|atk|1\n|-boost|p1a: Knukldragur|def|1\n|\n|upkeep\n|turn|9\n|\n|t:|1700860411\n|move|p2a: :3|Metronome|p2a: :3\n|move|p2a: :3|Astonish|p1a: Knukldragur|[from]move: Metronome\n|-supereffective|p1a: Knukldragur\n|-damage|p1a: Knukldragur|40\/100 par\n|-enditem|p1a: Knukldragur|Weakness Policy\n|-boost|p1a: Knukldragur|atk|1|[from] item: Weakness Policy\n|-boost|p1a: Knukldragur|spa|2|[from] item: Weakness Policy\n|cant|p1a: Knukldragur|par\n|\n|-end|p1a: Knukldragur|Encore\n|upkeep\n|turn|10\n|\n|t:|1700860423\n|move|p2a: :3|Encore|p1a: Knukldragur\n|-start|p1a: Knukldragur|Encore\n|move|p1a: Knukldragur|Bulk Up|p1a: Knukldragur\n|-boost|p1a: Knukldragur|atk|0\n|-boost|p1a: Knukldragur|def|1\n|\n|upkeep\n|turn|11\n|\n|t:|1700860425\n|move|p2a: :3|Metronome|p2a: :3\n|move|p2a: :3|Blast Burn|p1a: Knukldragur|[from]move: Metronome\n|-damage|p1a: Knukldragur|19\/100 par\n|-mustrecharge|p2a: :3\n|move|p1a: Knukldragur|Bulk Up|p1a: Knukldragur\n|-boost|p1a: Knukldragur|atk|0\n|-boost|p1a: Knukldragur|def|0\n|\n|upkeep\n|turn|12\n|\n|t:|1700860430\n|cant|p2a: :3|recharge\n|cant|p1a: Knukldragur|par\n|\n|-end|p1a: Knukldragur|Encore\n|upkeep\n|turn|13\n|\n|t:|1700860432\n|move|p2a: :3|Encore|p1a: Knukldragur\n|-start|p1a: Knukldragur|Encore\n|move|p1a: Knukldragur|Bulk Up|p1a: Knukldragur\n|-boost|p1a: Knukldragur|atk|0\n|-boost|p1a: Knukldragur|def|0\n|\n|upkeep\n|turn|14\n|\n|t:|1700860434\n|move|p2a: :3|Metronome|p2a: :3\n|move|p2a: :3|Fell Stinger|p1a: Knukldragur|[from]move: Metronome\n|-resisted|p1a: Knukldragur\n|-damage|p1a: Knukldragur|18\/100 par\n|move|p1a: Knukldragur|Bulk Up|p1a: Knukldragur\n|-boost|p1a: Knukldragur|atk|0\n|-boost|p1a: Knukldragur|def|0\n|\n|upkeep\n|turn|15\n|\n|t:|1700860441\n|move|p2a: :3|Metronome|p2a: :3\n|move|p2a: :3|Rock Slide|p1a: Knukldragur|[from]move: Metronome\n|-resisted|p1a: Knukldragur\n|-damage|p1a: Knukldragur|17\/100 par\n|cant|p1a: Knukldragur|par\n|\n|-end|p1a: Knukldragur|Encore\n|upkeep\n|turn|16\n|\n|t:|1700860446\n|move|p2a: :3|Encore|p1a: Knukldragur\n|-start|p1a: Knukldragur|Encore\n|cant|p1a: Knukldragur|par\n|\n|upkeep\n|turn|17\n|\n|t:|1700860452\n|switch|p2a: Cat|Flutter Mane|100\/100\n|-enditem|p2a: Cat|Booster Energy\n|-activate|p2a: Cat|ability: Protosynthesis|[fromitem]\n|-start|p2a: Cat|protosynthesisspe\n|move|p1a: Knukldragur|Bulk Up|p1a: Knukldragur\n|-boost|p1a: Knukldragur|atk|0\n|-boost|p1a: Knukldragur|def|0\n|\n|upkeep\n|turn|18\n|\n|t:|1700860455\n|move|p2a: Cat|Moonblast|p1a: Knukldragur\n|-supereffective|p1a: Knukldragur\n|-damage|p1a: Knukldragur|0 fnt\n|faint|p1a: Knukldragur\n|\n|upkeep\n|\n|t:|1700860458\n|switch|p1a: Terror|Ceruledge, M|100\/100\n|turn|19\n|\n|t:|1700860462\n|move|p1a: Terror|Shadow Sneak|p2a: Cat\n|-supereffective|p2a: Cat\n|-damage|p2a: Cat|16\/100\n|move|p2a: Cat|Shadow Ball|p1a: Terror\n|-supereffective|p1a: Terror\n|-damage|p1a: Terror|0 fnt\n|faint|p1a: Terror\n|\n|upkeep\n|\n|t:|1700860466\n|switch|p1a: Turblerb|Drednaw, F, shiny|100\/100\n|turn|20\n|\n|t:|1700860470\n|move|p2a: Cat|Energy Ball|p1a: Turblerb\n|-supereffective|p1a: Turblerb\n|-damage|p1a: Turblerb|0 fnt\n|faint|p1a: Turblerb\n|\n|upkeep\n|\n|t:|1700860474\n|switch|p1a: Daihundo|Kingambit, M|100\/100\n|-activate|p1a: Daihundo|ability: Supreme Overlord\n|-start|p1a: Daihundo|fallen3|[silent]\n|turn|21\n|\n|t:|1700860480\n|-end|p2a: Cat|Protosynthesis|[silent]\n|switch|p2a: :3|Tinkaton, F|90\/100\n|-ability|p2a: :3|Mold Breaker\n|move|p1a: Daihundo|Sucker Punch||[still]\n|-fail|p1a: Daihundo\n|\n|upkeep\n|turn|22\n|\n|t:|1700860486\n|move|p2a: :3|Encore|p1a: Daihundo\n|-start|p1a: Daihundo|Encore\n|move|p1a: Daihundo|Sucker Punch||[still]\n|-fail|p1a: Daihundo\n|\n|upkeep\n|turn|23\n|\n|t:|1700860493\n|move|p1a: Daihundo|Sucker Punch||[still]\n|-fail|p1a: Daihundo\n|move|p2a: :3|Thunder Wave|p1a: Daihundo|[miss]\n|-miss|p2a: :3|p1a: Daihundo\n|\n|upkeep\n|turn|24\n|\n|t:|1700860499\n|move|p1a: Daihundo|Sucker Punch||[still]\n|-fail|p1a: Daihundo\n|move|p2a: :3|Thunder Wave|p1a: Daihundo\n|-status|p1a: Daihundo|par\n|\n|-end|p1a: Daihundo|Encore\n|upkeep\n|turn|25\n|\n|t:|1700860503\n|-end|p1a: Daihundo|fallen3|[silent]\n|switch|p1a: Mis\u00e9ricorde|Kommo-o, M, shiny|100\/100\n|move|p2a: :3|Encore||[still]\n|-fail|p2a: :3\n|\n|upkeep\n|turn|26\n|\n|t:|1700860511\n|-terastallize|p1a: Mis\u00e9ricorde|Fire\n|move|p2a: :3|Thunder Wave|p1a: Mis\u00e9ricorde\n|-status|p1a: Mis\u00e9ricorde|par\n|cant|p1a: Mis\u00e9ricorde|par\n|\n|upkeep\n|turn|27\n|\n|t:|1700860518\n|move|p2a: :3|Metronome|p2a: :3\n|move|p2a: :3|Ice Beam|p1a: Mis\u00e9ricorde|[from]move: Metronome\n|-resisted|p1a: Mis\u00e9ricorde\n|-damage|p1a: Mis\u00e9ricorde|95\/100 par\n|cant|p1a: Mis\u00e9ricorde|par\n|\n|upkeep\n|turn|28\n|\n|t:|1700860524\n|move|p2a: :3|Metronome|p2a: :3\n|move|p2a: :3|Heal Bell||[from]move: Metronome|[still]\n|-activate|p2a: :3|move: Heal Bell\n|-fail|p2a: :3\n|cant|p1a: Mis\u00e9ricorde|par\n|\n|upkeep\n|turn|29\n|\n|t:|1700860531\n|move|p2a: :3|Metronome|p2a: :3\n|move|p2a: :3|Thrash|p1a: Mis\u00e9ricorde|[from]move: Metronome\n|-damage|p1a: Mis\u00e9ricorde|77\/100 par\n|move|p1a: Mis\u00e9ricorde|Drain Punch|p2a: :3\n|-crit|p2a: :3\n|-damage|p2a: :3|33\/100\n|-heal|p1a: Mis\u00e9ricorde|100\/100 par|[from] drain|[of] p2a: :3\n|\n|upkeep\n|turn|30\n|\n|t:|1700860541\n|move|p2a: :3|Thrash|p1a: Mis\u00e9ricorde|[from]lockedmove\n|-damage|p1a: Mis\u00e9ricorde|84\/100 par\n|move|p1a: Mis\u00e9ricorde|Drain Punch|p2a: :3\n|-damage|p2a: :3|0 fnt\n|-heal|p1a: Mis\u00e9ricorde|98\/100 par|[from] drain|[of] p2a: :3\n|faint|p2a: :3\n|\n|upkeep\n|\n|t:|1700860550\n|switch|p2a: REINHARDT1|Tinkaton, F|100\/100\n|-ability|p2a: REINHARDT1|Mold Breaker\n|turn|31\n|\n|t:|1700860555\n|-terastallize|p2a: REINHARDT1|Ground\n|move|p2a: REINHARDT1|Tera Blast|p1a: Mis\u00e9ricorde|[anim] Tera Blast Ground\n|-supereffective|p1a: Mis\u00e9ricorde\n|-damage|p1a: Mis\u00e9ricorde|50\/100 par\n|move|p1a: Mis\u00e9ricorde|Drain Punch|p2a: REINHARDT1\n|-damage|p2a: REINHARDT1|38\/100\n|-heal|p1a: Mis\u00e9ricorde|78\/100 par|[from] drain|[of] p2a: REINHARDT1\n|\n|upkeep\n|turn|32\n|\n|t:|1700860580\n|move|p2a: REINHARDT1|Tera Blast|p1a: Mis\u00e9ricorde|[anim] Tera Blast Ground\n|-supereffective|p1a: Mis\u00e9ricorde\n|-damage|p1a: Mis\u00e9ricorde|34\/100 par\n|move|p1a: Mis\u00e9ricorde|Scale Shot|p2a: REINHARDT1\n|-damage|p2a: REINHARDT1|18\/100\n|-damage|p2a: REINHARDT1|0 fnt\n|faint|p2a: REINHARDT1\n|-hitcount|p2: REINHARDT1|2\n|-unboost|p1a: Mis\u00e9ricorde|def|1\n|-boost|p1a: Mis\u00e9ricorde|spe|1\n|\n|upkeep\n|\n|t:|1700860589\n|switch|p2a: REINHARDT4|Tinkaton, F|100\/100\n|-ability|p2a: REINHARDT4|Mold Breaker\n|turn|33\n|\n|t:|1700860594\n|move|p2a: REINHARDT4|Rock Slide|p1a: Mis\u00e9ricorde\n|-supereffective|p1a: Mis\u00e9ricorde\n|-damage|p1a: Mis\u00e9ricorde|0 fnt\n|faint|p1a: Mis\u00e9ricorde\n|\n|upkeep\n|\n|t:|1700860598\n|switch|p1a: Golden guy|Sneasler, M, shiny|100\/100\n|turn|34\n|\n|t:|1700860602\n|move|p1a: Golden guy|Fake Out|p2a: REINHARDT4\n|-resisted|p2a: REINHARDT4\n|-damage|p2a: REINHARDT4|92\/100\n|-damage|p1a: Golden guy|84\/100|[from] item: Rocky Helmet|[of] p2a: REINHARDT4\n|cant|p2a: REINHARDT4|flinch\n|\n|upkeep\n|turn|35\n|\n|t:|1700860607\n|move|p1a: Golden guy|Shadow Claw|p2a: REINHARDT4\n|-damage|p2a: REINHARDT4|65\/100\n|-damage|p1a: Golden guy|67\/100|[from] item: Rocky Helmet|[of] p2a: REINHARDT4\n|move|p2a: REINHARDT4|Rock Tomb|p1a: Golden guy\n|-resisted|p1a: Golden guy\n|-damage|p1a: Golden guy|58\/100\n|-unboost|p1a: Golden guy|spe|1\n|\n|upkeep\n|turn|36\n|\n|t:|1700860617\n|move|p1a: Golden guy|Shadow Claw|p2a: REINHARDT4\n|-damage|p2a: REINHARDT4|36\/100\n|-damage|p1a: Golden guy|42\/100|[from] item: Rocky Helmet|[of] p2a: REINHARDT4\n|move|p2a: REINHARDT4|Rock Tomb|p1a: Golden guy\n|-resisted|p1a: Golden guy\n|-damage|p1a: Golden guy|31\/100\n|-unboost|p1a: Golden guy|spe|1\n|\n|upkeep\n|turn|37\n|\n|t:|1700860627\n|move|p2a: REINHARDT4|Rock Tomb|p1a: Golden guy\n|-resisted|p1a: Golden guy\n|-damage|p1a: Golden guy|23\/100\n|-unboost|p1a: Golden guy|spe|1\n|move|p1a: Golden guy|Shadow Claw|p2a: REINHARDT4\n|-damage|p2a: REINHARDT4|11\/100\n|-damage|p1a: Golden guy|6\/100|[from] item: Rocky Helmet|[of] p2a: REINHARDT4\n|\n|upkeep\n|turn|38\n|\n|t:|1700860631\n|move|p2a: REINHARDT4|Play Rough|p1a: Golden guy\n|-damage|p1a: Golden guy|0 fnt\n|faint|p1a: Golden guy\n|\n|upkeep\n|\n|t:|1700860633\n|switch|p1a: Daihundo|Kingambit, M|100\/100 par\n|-activate|p1a: Daihundo|ability: Supreme Overlord\n|-start|p1a: Daihundo|fallen5|[silent]\n|turn|39\n|\n|t:|1700860641\n|move|p2a: REINHARDT4|Metronome|p2a: REINHARDT4\n|move|p2a: REINHARDT4|Scald|p1a: Daihundo|[from]move: Metronome\n|-damage|p1a: Daihundo|87\/100 par\n|move|p1a: Daihundo|Brick Break|p2a: REINHARDT4\n|-damage|p2a: REINHARDT4|0 fnt\n|-damage|p1a: Daihundo|71\/100 par|[from] item: Rocky Helmet|[of] p2a: REINHARDT4\n|faint|p2a: REINHARDT4\n|\n|upkeep\n|\n|t:|1700860661\n|switch|p2a: REINHARDT|Tinkaton, F|100\/100\n|-ability|p2a: REINHARDT|Mold Breaker\n|turn|40\n|\n|t:|1700860666\n|move|p1a: Daihundo|Sucker Punch||[still]\n|-fail|p1a: Daihundo\n|move|p2a: REINHARDT|Metronome|p2a: REINHARDT\n|move|p2a: REINHARDT|Trop Kick|p1a: Daihundo|[from]move: Metronome\n|-resisted|p1a: Daihundo\n|-damage|p1a: Daihundo|65\/100 par\n|-unboost|p1a: Daihundo|atk|1\n|\n|upkeep\n|turn|41\n|\n|t:|1700860695\n|move|p2a: REINHARDT|Metronome|p2a: REINHARDT\n|move|p2a: REINHARDT|Toxic Thread||[from]move: Metronome|[still]\n|-unboost|p1a: Daihundo|spe|1\n|-fail|p2a: REINHARDT\n|cant|p1a: Daihundo|par\n|\n|upkeep\n|turn|42\n|\n|t:|1700860702\n|move|p2a: REINHARDT|Sweet Kiss|p1a: Daihundo\n|-start|p1a: Daihundo|confusion\n|-activate|p1a: Daihundo|confusion\n|move|p1a: Daihundo|Swords Dance|p1a: Daihundo\n|-boost|p1a: Daihundo|atk|2\n|\n|upkeep\n|turn|43\n|\n|t:|1700860707\n|-activate|p1a: Daihundo|confusion\n|-damage|p1a: Daihundo|48\/100 par|[from] confusion\n|move|p2a: REINHARDT|Metronome|p2a: REINHARDT\n|move|p2a: REINHARDT|Skill Swap|p1a: Daihundo|[from]move: Metronome\n|-activate|p2a: REINHARDT|move: Skill Swap|Supreme Overlord|Mold Breaker|[of] p1a: Daihundo\n|-end|p1a: Daihundo|fallen5|[silent]\n|-activate|p2a: REINHARDT|ability: Supreme Overlord\n|-start|p2a: REINHARDT|fallen3|[silent]\n|-ability|p1a: Daihundo|Mold Breaker\n|\n|upkeep\n|turn|44\n|\n|t:|1700860717\n|-activate|p1a: Daihundo|confusion\n|cant|p1a: Daihundo|par\n|move|p2a: REINHARDT|Metronome|p2a: REINHARDT\n|move|p2a: REINHARDT|Psystrike|p1a: Daihundo|[from]move: Metronome\n|-immune|p1a: Daihundo\n|\n|upkeep\n|turn|45\n|\n|t:|1700860724\n|-end|p1a: Daihundo|confusion\n|cant|p1a: Daihundo|par\n|move|p2a: REINHARDT|Metronome|p2a: REINHARDT\n|move|p2a: REINHARDT|Burn Up||[from]move: Metronome|[still]\n|-fail|p2a: REINHARDT|move: Burn Up\n|\n|upkeep\n|turn|46\n|\n|t:|1700860733\n|move|p2a: REINHARDT|Metronome|p2a: REINHARDT\n|move|p2a: REINHARDT|Overheat|p1a: Daihundo|[from]move: Metronome|[miss]\n|-miss|p2a: REINHARDT|p1a: Daihundo\n|move|p1a: Daihundo|Iron Head|p2a: REINHARDT\n|-damage|p2a: REINHARDT|5\/100\n|\n|upkeep\n|turn|47\n|\n|t:|1700860738\n|move|p2a: REINHARDT|Metronome|p2a: REINHARDT\n|move|p2a: REINHARDT|Tail Whip|p1a: Daihundo|[from]move: Metronome\n|-unboost|p1a: Daihundo|def|1\n|move|p1a: Daihundo|Iron Head|p2a: REINHARDT\n|-damage|p2a: REINHARDT|0 fnt\n|faint|p2a: REINHARDT\n|-end|p2a: REINHARDT|fallen3|[silent]\n|\n|upkeep\n|\n|t:|1700860745\n|switch|p2a: REINHARDT2|Tinkaton, F|100\/100\n|-ability|p2a: REINHARDT2|Mold Breaker\n|turn|48\n|\n|t:|1700860752\n|move|p2a: REINHARDT2|Gigaton Hammer|p1a: Daihundo\n|-resisted|p1a: Daihundo\n|-damage|p1a: Daihundo|17\/100 par\n|move|p1a: Daihundo|Iron Head|p2a: REINHARDT2\n|-damage|p2a: REINHARDT2|0 fnt\n|faint|p2a: REINHARDT2\n|\n|upkeep\n|\n|t:|1700860758\n|switch|p2a: Cat|Flutter Mane|16\/100\n|turn|49\n|\n|t:|1700860760\n|cant|p1a: Daihundo|par\n|move|p2a: Cat|Mystical Fire|p1a: Daihundo\n|-supereffective|p1a: Daihundo\n|-damage|p1a: Daihundo|0 fnt\n|faint|p1a: Daihundo\n|\n|win|Akralt\n|raw|nietinazer's rating: 1277 &rarr; <strong>1245<\/strong><br \/>(-32 for losing)\n|raw|Akralt's rating: 1171 &rarr; <strong>1203<\/strong><br \/>(+32 for winning)\n|l|\u2606nietinazer\n","uploadtime":1700860769,"views":4,"p1id":"nietinazer","p2id":"akralt","formatid":"gen9anythinggoes","rating":1203,"private":0,"password":""}