{"id":"gen9anythinggoes-1988407125","p1":"herofantasy","p2":"Everphilix","format":"[Gen 9] Anything Goes","log":"|j|\u2606herofantasy\n|j|\u2606Everphilix\n|t:|1699719522\n|gametype|singles\n|player|p1|herofantasy|blackbelt-gen4dp|1435\n|player|p2|Everphilix|lass-gen4dp|1517\n|teamsize|p1|6\n|teamsize|p2|6\n|gen|9\n|tier|[Gen 9] Anything Goes\n|rated|\n|rule|HP Percentage Mod: HP is shown in percentages\n|rule|Endless Battle Clause: Forcing endless battles is banned\n|clearpoke\n|poke|p1|Calyrex-Shadow|\n|poke|p1|Koraidon|\n|poke|p1|Arceus-Ground|\n|poke|p1|Arceus-Water|\n|poke|p1|Arceus|\n|poke|p1|Arceus-Fairy|\n|poke|p2|Dondozo, M|\n|poke|p2|Krookodile, F|\n|poke|p2|Kingambit, F|\n|poke|p2|Trevenant, F|\n|poke|p2|Yanmega, F|\n|poke|p2|Ninetales, F|\n|teampreview\n|inactive|Battle timer is ON: inactive players will automatically lose when time's up. (requested by Everphilix)\n|\n|t:|1699719526\n|start\n|switch|p1a: Calyrex|Calyrex-Shadow|100\/100\n|switch|p2a: Ninetales|Ninetales, F, shiny|100\/100\n|-ability|p1a: Calyrex|As One\n|-ability|p1a: Calyrex|Unnerve\n|-weather|SunnyDay|[from] ability: Drought|[of] p2a: Ninetales\n|turn|1\n|\n|t:|1699719539\n|switch|p2a: \u87f2\u7db2\u96a8\u4fbf\u4f60|Kingambit, F|100\/100\n|move|p1a: Calyrex|Astral Barrage|p2a: \u87f2\u7db2\u96a8\u4fbf\u4f60\n|-resisted|p2a: \u87f2\u7db2\u96a8\u4fbf\u4f60\n|-damage|p2a: \u87f2\u7db2\u96a8\u4fbf\u4f60|76\/100\n|\n|-weather|SunnyDay|[upkeep]\n|upkeep\n|turn|2\n|\n|t:|1699719550\n|switch|p1a: Koraidon|Koraidon|100\/100\n|-activate|p1a: Koraidon|ability: Orichalcum Pulse\n|move|p2a: \u87f2\u7db2\u96a8\u4fbf\u4f60|Low Kick|p1a: Koraidon\n|-damage|p1a: Koraidon|58\/100\n|\n|-weather|SunnyDay|[upkeep]\n|upkeep\n|turn|3\n|\n|t:|1699719559\n|switch|p2a: \u5f37\u5316\u96a8\u4fbf\u4f60|Dondozo, M, shiny|100\/100\n|move|p1a: Koraidon|Flare Blitz|p2a: \u5f37\u5316\u96a8\u4fbf\u4f60\n|-resisted|p2a: \u5f37\u5316\u96a8\u4fbf\u4f60\n|-damage|p2a: \u5f37\u5316\u96a8\u4fbf\u4f60|77\/100\n|-damage|p1a: Koraidon|41\/100|[from] item: Rocky Helmet|[of] p2a: \u5f37\u5316\u96a8\u4fbf\u4f60\n|-damage|p1a: Koraidon|29\/100|[from] Recoil\n|-damage|p1a: Koraidon|19\/100|[from] item: Life Orb\n|\n|-weather|SunnyDay|[upkeep]\n|upkeep\n|turn|4\n|\n|t:|1699719572\n|-terastallize|p1a: Koraidon|Fighting\n|move|p1a: Koraidon|Collision Course|p2a: \u5f37\u5316\u96a8\u4fbf\u4f60\n|-damage|p2a: \u5f37\u5316\u96a8\u4fbf\u4f60|19\/100\n|-damage|p1a: Koraidon|3\/100|[from] item: Rocky Helmet|[of] p2a: \u5f37\u5316\u96a8\u4fbf\u4f60\n|-damage|p1a: Koraidon|0 fnt|[from] item: Life Orb\n|faint|p1a: Koraidon\n|move|p2a: \u5f37\u5316\u96a8\u4fbf\u4f60|Wave Crash|p1: Koraidon|[notarget]\n|-fail|p2a: \u5f37\u5316\u96a8\u4fbf\u4f60\n|\n|-weather|SunnyDay|[upkeep]\n|upkeep\n|\n|t:|1699719590\n|switch|p1a: Calyrex|Calyrex-Shadow|100\/100\n|-ability|p1a: Calyrex|As One\n|-ability|p1a: Calyrex|Unnerve\n|turn|5\n|\n|t:|1699719598\n|switch|p2a: \u6232\u6cd5\u96a8\u4fbf\u4f60|Krookodile, F, shiny|100\/100\n|move|p1a: Calyrex|Astral Barrage|p2a: \u6232\u6cd5\u96a8\u4fbf\u4f60\n|-resisted|p2a: \u6232\u6cd5\u96a8\u4fbf\u4f60\n|-damage|p2a: \u6232\u6cd5\u96a8\u4fbf\u4f60|45\/100\n|\n|-weather|none\n|upkeep\n|turn|6\n|\n|t:|1699719607\n|move|p2a: \u6232\u6cd5\u96a8\u4fbf\u4f60|Knock Off|p1a: Calyrex\n|-supereffective|p1a: Calyrex\n|-enditem|p1a: Calyrex|Focus Sash\n|-damage|p1a: Calyrex|1\/100\n|move|p1a: Calyrex|Astral Barrage|p2a: \u6232\u6cd5\u96a8\u4fbf\u4f60\n|-resisted|p2a: \u6232\u6cd5\u96a8\u4fbf\u4f60\n|-damage|p2a: \u6232\u6cd5\u96a8\u4fbf\u4f60|0 fnt\n|faint|p2a: \u6232\u6cd5\u96a8\u4fbf\u4f60\n|-ability|p1a: Calyrex|Grim Neigh|boost\n|-boost|p1a: Calyrex|spa|1\n|\n|upkeep\n|\n|t:|1699719619\n|switch|p2a: \u7761\u89ba\u96a8\u4fbf\u4f60|Yanmega, F, shiny|100\/100\n|turn|7\n|\n|t:|1699719630\n|move|p2a: \u7761\u89ba\u96a8\u4fbf\u4f60|Detect|p2a: \u7761\u89ba\u96a8\u4fbf\u4f60\n|-singleturn|p2a: \u7761\u89ba\u96a8\u4fbf\u4f60|Protect\n|move|p1a: Calyrex|Taunt|p2a: \u7761\u89ba\u96a8\u4fbf\u4f60\n|-activate|p2a: \u7761\u89ba\u96a8\u4fbf\u4f60|move: Protect\n|\n|-ability|p2a: \u7761\u89ba\u96a8\u4fbf\u4f60|Speed Boost|boost\n|-boost|p2a: \u7761\u89ba\u96a8\u4fbf\u4f60|spe|1\n|upkeep\n|turn|8\n|\n|t:|1699719641\n|move|p2a: \u7761\u89ba\u96a8\u4fbf\u4f60|Bug Buzz|p1a: Calyrex\n|-damage|p1a: Calyrex|0 fnt\n|faint|p1a: Calyrex\n|-damage|p2a: \u7761\u89ba\u96a8\u4fbf\u4f60|91\/100|[from] item: Life Orb\n|\n|-ability|p2a: \u7761\u89ba\u96a8\u4fbf\u4f60|Speed Boost|boost\n|-boost|p2a: \u7761\u89ba\u96a8\u4fbf\u4f60|spe|1\n|upkeep\n|\n|t:|1699719649\n|switch|p1a: Arceus|Arceus-Fairy|100\/100\n|turn|9\n|\n|t:|1699719659\n|move|p2a: \u7761\u89ba\u96a8\u4fbf\u4f60|Shadow Ball|p1a: Arceus\n|-damage|p1a: Arceus|80\/100\n|-damage|p2a: \u7761\u89ba\u96a8\u4fbf\u4f60|81\/100|[from] item: Life Orb\n|move|p1a: Arceus|Calm Mind|p1a: Arceus\n|-boost|p1a: Arceus|spa|1\n|-boost|p1a: Arceus|spd|1\n|\n|-ability|p2a: \u7761\u89ba\u96a8\u4fbf\u4f60|Speed Boost|boost\n|-boost|p2a: \u7761\u89ba\u96a8\u4fbf\u4f60|spe|1\n|upkeep\n|turn|10\n|\n|t:|1699719670\n|switch|p2a: Ninetales|Ninetales, F, shiny|100\/100\n|-weather|SunnyDay|[from] ability: Drought|[of] p2a: Ninetales\n|move|p1a: Arceus|Calm Mind|p1a: Arceus\n|-boost|p1a: Arceus|spa|1\n|-boost|p1a: Arceus|spd|1\n|\n|-weather|SunnyDay|[upkeep]\n|upkeep\n|turn|11\n|\n|t:|1699719680\n|move|p1a: Arceus|Judgment|p2a: Ninetales\n|-resisted|p2a: Ninetales\n|-damage|p2a: Ninetales|41\/100\n|move|p2a: Ninetales|Fire Blast|p1a: Arceus\n|-damage|p1a: Arceus|49\/100\n|-status|p1a: Arceus|brn\n|\n|-weather|SunnyDay|[upkeep]\n|-damage|p1a: Arceus|43\/100 brn|[from] brn\n|upkeep\n|turn|12\n|\n|t:|1699719692\n|switch|p2a: \u96a8\u4fbf\u4f60\u66ff\u8eab|Trevenant, F, shiny|100\/100\n|move|p1a: Arceus|Judgment|p2a: \u96a8\u4fbf\u4f60\u66ff\u8eab\n|-damage|p2a: \u96a8\u4fbf\u4f60\u66ff\u8eab|28\/100\n|-enditem|p2a: \u96a8\u4fbf\u4f60\u66ff\u8eab|Sitrus Berry|[eat]\n|-heal|p2a: \u96a8\u4fbf\u4f60\u66ff\u8eab|53\/100|[from] item: Sitrus Berry\n|\n|-weather|SunnyDay|[upkeep]\n|-damage|p1a: Arceus|37\/100 brn|[from] brn\n|-item|p2a: \u96a8\u4fbf\u4f60\u66ff\u8eab|Sitrus Berry|[from] ability: Harvest\n|upkeep\n|turn|13\n|\n|t:|1699719705\n|move|p2a: \u96a8\u4fbf\u4f60\u66ff\u8eab|Protect|p2a: \u96a8\u4fbf\u4f60\u66ff\u8eab\n|-singleturn|p2a: \u96a8\u4fbf\u4f60\u66ff\u8eab|Protect\n|move|p1a: Arceus|Judgment|p2a: \u96a8\u4fbf\u4f60\u66ff\u8eab\n|-activate|p2a: \u96a8\u4fbf\u4f60\u66ff\u8eab|move: Protect\n|\n|-weather|SunnyDay|[upkeep]\n|-damage|p1a: Arceus|31\/100 brn|[from] brn\n|upkeep\n|turn|14\n|\n|t:|1699719723\n|switch|p2a: \u7761\u89ba\u96a8\u4fbf\u4f60|Yanmega, F, shiny|81\/100\n|move|p1a: Arceus|Judgment|p2a: \u7761\u89ba\u96a8\u4fbf\u4f60\n|-damage|p2a: \u7761\u89ba\u96a8\u4fbf\u4f60|0 fnt\n|faint|p2a: \u7761\u89ba\u96a8\u4fbf\u4f60\n|\n|-weather|none\n|-damage|p1a: Arceus|25\/100 brn|[from] brn\n|upkeep\n|\n|t:|1699719734\n|switch|p2a: Ninetales|Ninetales, F, shiny|41\/100\n|-weather|SunnyDay|[from] ability: Drought|[of] p2a: Ninetales\n|turn|15\n|\n|t:|1699719739\n|move|p1a: Arceus|Judgment|p2a: Ninetales\n|-resisted|p2a: Ninetales\n|-damage|p2a: Ninetales|0 fnt\n|faint|p2a: Ninetales\n|\n|-weather|SunnyDay|[upkeep]\n|-damage|p1a: Arceus|19\/100 brn|[from] brn\n|upkeep\n|\n|t:|1699719756\n|switch|p2a: \u87f2\u7db2\u96a8\u4fbf\u4f60|Kingambit, F|76\/100\n|turn|16\n|\n|t:|1699719764\n|move|p2a: \u87f2\u7db2\u96a8\u4fbf\u4f60|Sucker Punch|p1a: Arceus\n|-resisted|p1a: Arceus\n|-damage|p1a: Arceus|6\/100 brn\n|move|p1a: Arceus|Judgment|p2a: \u87f2\u7db2\u96a8\u4fbf\u4f60\n|-damage|p2a: \u87f2\u7db2\u96a8\u4fbf\u4f60|14\/100\n|\n|-weather|SunnyDay|[upkeep]\n|-damage|p1a: Arceus|0 fnt|[from] brn\n|faint|p1a: Arceus\n|upkeep\n|\n|t:|1699719776\n|switch|p1a: Arceus|Arceus|100\/100\n|turn|17\n|\n|t:|1699719789\n|switch|p2a: \u96a8\u4fbf\u4f60\u66ff\u8eab|Trevenant, F, shiny|53\/100\n|move|p1a: Arceus|Swords Dance|p1a: Arceus\n|-boost|p1a: Arceus|atk|2\n|\n|-weather|SunnyDay|[upkeep]\n|upkeep\n|turn|18\n|\n|t:|1699719797\n|move|p1a: Arceus|Shadow Claw|p2a: \u96a8\u4fbf\u4f60\u66ff\u8eab\n|-supereffective|p2a: \u96a8\u4fbf\u4f60\u66ff\u8eab\n|-damage|p2a: \u96a8\u4fbf\u4f60\u66ff\u8eab|0 fnt\n|faint|p2a: \u96a8\u4fbf\u4f60\u66ff\u8eab\n|\n|-weather|SunnyDay|[upkeep]\n|upkeep\n|\n|t:|1699719804\n|switch|p2a: \u5f37\u5316\u96a8\u4fbf\u4f60|Dondozo, M, shiny|19\/100\n|turn|19\n|\n|t:|1699719808\n|move|p1a: Arceus|Extreme Speed|p2a: \u5f37\u5316\u96a8\u4fbf\u4f60\n|-damage|p2a: \u5f37\u5316\u96a8\u4fbf\u4f60|1\/100\n|-damage|p1a: Arceus|84\/100|[from] item: Rocky Helmet|[of] p2a: \u5f37\u5316\u96a8\u4fbf\u4f60\n|move|p2a: \u5f37\u5316\u96a8\u4fbf\u4f60|Rest|p2a: \u5f37\u5316\u96a8\u4fbf\u4f60\n|-status|p2a: \u5f37\u5316\u96a8\u4fbf\u4f60|slp|[from] move: Rest\n|-heal|p2a: \u5f37\u5316\u96a8\u4fbf\u4f60|100\/100 slp|[silent]\n|\n|-weather|none\n|upkeep\n|turn|20\n|\n|t:|1699719819\n|move|p1a: Arceus|Swords Dance|p1a: Arceus\n|-boost|p1a: Arceus|atk|2\n|cant|p2a: \u5f37\u5316\u96a8\u4fbf\u4f60|slp\n|move|p2a: \u5f37\u5316\u96a8\u4fbf\u4f60|Sleep Talk|p2a: \u5f37\u5316\u96a8\u4fbf\u4f60\n|move|p2a: \u5f37\u5316\u96a8\u4fbf\u4f60|Fissure|p1a: Arceus|[from]move: Sleep Talk\n|-damage|p1a: Arceus|0 fnt\n|faint|p1a: Arceus\n|-ohko\n|\n|upkeep\n|\n|t:|1699719831\n|switch|p1a: Arceus|Arceus-Ground|100\/100\n|turn|21\n|\n|t:|1699719836\n|move|p1a: Arceus|Earthquake|p2a: \u5f37\u5316\u96a8\u4fbf\u4f60\n|-damage|p2a: \u5f37\u5316\u96a8\u4fbf\u4f60|79\/100 slp\n|cant|p2a: \u5f37\u5316\u96a8\u4fbf\u4f60|slp\n|move|p2a: \u5f37\u5316\u96a8\u4fbf\u4f60|Sleep Talk|p2a: \u5f37\u5316\u96a8\u4fbf\u4f60\n|move|p2a: \u5f37\u5316\u96a8\u4fbf\u4f60|Rest||[from]move: Sleep Talk|[still]\n|-fail|p2a: \u5f37\u5316\u96a8\u4fbf\u4f60\n|\n|upkeep\n|turn|22\n|\n|t:|1699719852\n|move|p1a: Arceus|Taunt|p2a: \u5f37\u5316\u96a8\u4fbf\u4f60\n|-start|p2a: \u5f37\u5316\u96a8\u4fbf\u4f60|move: Taunt\n|-curestatus|p2a: \u5f37\u5316\u96a8\u4fbf\u4f60|slp|[msg]\n|move|p2a: \u5f37\u5316\u96a8\u4fbf\u4f60|Fissure|p1a: Arceus|[miss]\n|-miss|p2a: \u5f37\u5316\u96a8\u4fbf\u4f60|p1a: Arceus\n|\n|upkeep\n|turn|23\n|inactive|Everphilix has 120 seconds left.\n|\n|t:|1699719877\n|move|p1a: Arceus|Shadow Claw|p2a: \u5f37\u5316\u96a8\u4fbf\u4f60\n|-damage|p2a: \u5f37\u5316\u96a8\u4fbf\u4f60|70\/100\n|-damage|p1a: Arceus|84\/100|[from] item: Rocky Helmet|[of] p2a: \u5f37\u5316\u96a8\u4fbf\u4f60\n|move|p2a: \u5f37\u5316\u96a8\u4fbf\u4f60|Fissure|p1a: Arceus|[miss]\n|-miss|p2a: \u5f37\u5316\u96a8\u4fbf\u4f60|p1a: Arceus\n|\n|upkeep\n|turn|24\n|inactive|Everphilix has 120 seconds left.\n|\n|t:|1699719900\n|move|p1a: Arceus|Dragon Dance|p1a: Arceus\n|-boost|p1a: Arceus|atk|1\n|-boost|p1a: Arceus|spe|1\n|move|p2a: \u5f37\u5316\u96a8\u4fbf\u4f60|Fissure|p1a: Arceus\n|-damage|p1a: Arceus|0 fnt\n|faint|p1a: Arceus\n|-ohko\n|\n|-end|p2a: \u5f37\u5316\u96a8\u4fbf\u4f60|move: Taunt\n|upkeep\n|\n|t:|1699719910\n|switch|p1a: Arceus|Arceus-Water|100\/100\n|turn|25\n|\n|t:|1699719917\n|move|p1a: Arceus|Calm Mind|p1a: Arceus\n|-boost|p1a: Arceus|spa|1\n|-boost|p1a: Arceus|spd|1\n|move|p2a: \u5f37\u5316\u96a8\u4fbf\u4f60|Fissure|p1a: Arceus|[miss]\n|-miss|p2a: \u5f37\u5316\u96a8\u4fbf\u4f60|p1a: Arceus\n|\n|upkeep\n|turn|26\n|\n|t:|1699719926\n|move|p1a: Arceus|Earth Power|p2a: \u5f37\u5316\u96a8\u4fbf\u4f60\n|-damage|p2a: \u5f37\u5316\u96a8\u4fbf\u4f60|49\/100\n|move|p2a: \u5f37\u5316\u96a8\u4fbf\u4f60|Fissure|p1a: Arceus|[miss]\n|-miss|p2a: \u5f37\u5316\u96a8\u4fbf\u4f60|p1a: Arceus\n|\n|upkeep\n|turn|27\n|\n|t:|1699719939\n|move|p1a: Arceus|Earth Power|p2a: \u5f37\u5316\u96a8\u4fbf\u4f60\n|-damage|p2a: \u5f37\u5316\u96a8\u4fbf\u4f60|27\/100\n|move|p2a: \u5f37\u5316\u96a8\u4fbf\u4f60|Rest|p2a: \u5f37\u5316\u96a8\u4fbf\u4f60\n|-status|p2a: \u5f37\u5316\u96a8\u4fbf\u4f60|slp|[from] move: Rest\n|-heal|p2a: \u5f37\u5316\u96a8\u4fbf\u4f60|100\/100 slp|[silent]\n|\n|upkeep\n|turn|28\n|\n|t:|1699719948\n|move|p1a: Arceus|Earth Power|p2a: \u5f37\u5316\u96a8\u4fbf\u4f60\n|-damage|p2a: \u5f37\u5316\u96a8\u4fbf\u4f60|76\/100 slp\n|cant|p2a: \u5f37\u5316\u96a8\u4fbf\u4f60|slp\n|move|p2a: \u5f37\u5316\u96a8\u4fbf\u4f60|Sleep Talk|p2a: \u5f37\u5316\u96a8\u4fbf\u4f60\n|move|p2a: \u5f37\u5316\u96a8\u4fbf\u4f60|Rest||[from]move: Sleep Talk|[still]\n|-fail|p2a: \u5f37\u5316\u96a8\u4fbf\u4f60\n|\n|upkeep\n|turn|29\n|\n|t:|1699719958\n|move|p1a: Arceus|Judgment|p2a: \u5f37\u5316\u96a8\u4fbf\u4f60\n|-resisted|p2a: \u5f37\u5316\u96a8\u4fbf\u4f60\n|-damage|p2a: \u5f37\u5316\u96a8\u4fbf\u4f60|52\/100 slp\n|cant|p2a: \u5f37\u5316\u96a8\u4fbf\u4f60|slp\n|move|p2a: \u5f37\u5316\u96a8\u4fbf\u4f60|Sleep Talk|p2a: \u5f37\u5316\u96a8\u4fbf\u4f60\n|move|p2a: \u5f37\u5316\u96a8\u4fbf\u4f60|Rest||[from]move: Sleep Talk|[still]\n|-fail|p2a: \u5f37\u5316\u96a8\u4fbf\u4f60\n|\n|upkeep\n|turn|30\n|\n|t:|1699719968\n|move|p1a: Arceus|Earth Power|p2a: \u5f37\u5316\u96a8\u4fbf\u4f60\n|-damage|p2a: \u5f37\u5316\u96a8\u4fbf\u4f60|30\/100 slp\n|-curestatus|p2a: \u5f37\u5316\u96a8\u4fbf\u4f60|slp|[msg]\n|move|p2a: \u5f37\u5316\u96a8\u4fbf\u4f60|Fissure|p1a: Arceus|[miss]\n|-miss|p2a: \u5f37\u5316\u96a8\u4fbf\u4f60|p1a: Arceus\n|\n|upkeep\n|turn|31\n|\n|t:|1699719981\n|move|p1a: Arceus|Earth Power|p2a: \u5f37\u5316\u96a8\u4fbf\u4f60\n|-damage|p2a: \u5f37\u5316\u96a8\u4fbf\u4f60|7\/100\n|move|p2a: \u5f37\u5316\u96a8\u4fbf\u4f60|Rest|p2a: \u5f37\u5316\u96a8\u4fbf\u4f60\n|-status|p2a: \u5f37\u5316\u96a8\u4fbf\u4f60|slp|[from] move: Rest\n|-heal|p2a: \u5f37\u5316\u96a8\u4fbf\u4f60|100\/100 slp|[silent]\n|\n|upkeep\n|turn|32\n|\n|t:|1699719992\n|move|p1a: Arceus|Judgment|p2a: \u5f37\u5316\u96a8\u4fbf\u4f60\n|-resisted|p2a: \u5f37\u5316\u96a8\u4fbf\u4f60\n|-damage|p2a: \u5f37\u5316\u96a8\u4fbf\u4f60|79\/100 slp\n|cant|p2a: \u5f37\u5316\u96a8\u4fbf\u4f60|slp\n|move|p2a: \u5f37\u5316\u96a8\u4fbf\u4f60|Sleep Talk|p2a: \u5f37\u5316\u96a8\u4fbf\u4f60\n|move|p2a: \u5f37\u5316\u96a8\u4fbf\u4f60|Fissure|p1a: Arceus|[from]move: Sleep Talk\n|-damage|p1a: Arceus|0 fnt\n|faint|p1a: Arceus\n|-ohko\n|\n|win|Everphilix\n|raw|herofantasy's rating: 1435 &rarr; <strong>1420<\/strong><br \/>(-15 for losing)\n|raw|Everphilix's rating: 1532 &rarr; <strong>1547<\/strong><br \/>(+15 for winning)\n","uploadtime":1699720007,"views":3,"p1id":"herofantasy","p2id":"everphilix","formatid":"gen9anythinggoes","rating":1420,"private":0,"password":""}