{"id":"gen9anythinggoes-1979620254","p1":"Mr. Deliwyrm","p2":"FLynngozer","format":"[Gen 9] Anything Goes","log":"|j|\u2606Mr. Deliwyrm\n|j|\u2606FLynngozer\n|t:|1698697315\n|gametype|singles\n|player|p1|Mr. Deliwyrm|giovanni|1027\n|player|p2|FLynngozer|preschoolerf|1000\n|teamsize|p1|6\n|teamsize|p2|6\n|gen|9\n|tier|[Gen 9] Anything Goes\n|rated|\n|rule|HP Percentage Mod: HP is shown in percentages\n|rule|Endless Battle Clause: Forcing endless battles is banned\n|clearpoke\n|poke|p1|Delibird, M|\n|poke|p1|Delibird, M|\n|poke|p1|Delibird, M|\n|poke|p1|Delibird, M|\n|poke|p1|Delibird, M|\n|poke|p1|Delibird, M|\n|poke|p2|Blissey, F|\n|poke|p2|Gengar, M|\n|poke|p2|Iron Hands|\n|poke|p2|Kingambit, M|\n|poke|p2|Dragapult, F|\n|poke|p2|Corviknight, M|\n|teampreview\n|c|\u2606Mr. Deliwyrm|glhf\n|\n|t:|1698697327\n|start\n|switch|p1a: Deliwyrm|Delibird, M, shiny|100\/100\n|switch|p2a: Blissey|Blissey, F|100\/100\n|turn|1\n|\n|t:|1698697335\n|move|p1a: Deliwyrm|Tailwind|p1a: Deliwyrm\n|-sidestart|p1: Mr. Deliwyrm|move: Tailwind\n|move|p2a: Blissey|Stealth Rock|p1a: Deliwyrm\n|-sidestart|p1: Mr. Deliwyrm|move: Stealth Rock\n|\n|upkeep\n|turn|2\n|\n|t:|1698697344\n|switch|p1a: Deliwyrm IV|Delibird, M, shiny|100\/100\n|move|p2a: Blissey|Seismic Toss|p1a: Deliwyrm IV\n|-damage|p1a: Deliwyrm IV|66\/100\n|\n|upkeep\n|turn|3\n|\n|t:|1698697355\n|move|p1a: Deliwyrm IV|Rapid Spin|p2a: Blissey\n|-damage|p2a: Blissey|77\/100\n|-boost|p1a: Deliwyrm IV|spe|1\n|-damage|p1a: Deliwyrm IV|50\/100|[from] item: Rocky Helmet|[of] p2a: Blissey\n|-sideend|p1: Mr. Deliwyrm|Stealth Rock|[from] move: Rapid Spin|[of] p1a: Deliwyrm IV\n|move|p2a: Blissey|Seismic Toss|p1a: Deliwyrm IV\n|-damage|p1a: Deliwyrm IV|16\/100\n|\n|upkeep\n|turn|4\n|\n|t:|1698697364\n|move|p1a: Deliwyrm IV|Destiny Bond|p1a: Deliwyrm IV\n|-singlemove|p1a: Deliwyrm IV|Destiny Bond\n|move|p2a: Blissey|Seismic Toss|p1a: Deliwyrm IV\n|-damage|p1a: Deliwyrm IV|0 fnt\n|faint|p1a: Deliwyrm IV\n|-activate|p1a: Deliwyrm IV|move: Destiny Bond\n|faint|p2a: Blissey\n|\n|-sideend|p1: Mr. Deliwyrm|move: Tailwind\n|upkeep\n|\n|t:|1698697376\n|switch|p1a: Bob|Delibird, M, shiny|100\/100\n|switch|p2a: Gengar|Gengar, M, shiny|100\/100\n|-item|p2a: Gengar|Air Balloon\n|turn|5\n|\n|t:|1698697390\n|move|p2a: Gengar|Shadow Ball|p1a: Bob\n|-damage|p1a: Bob|0 fnt\n|faint|p1a: Bob\n|\n|upkeep\n|\n|t:|1698697400\n|switch|p1a: Deliwyrm II|Delibird, M, shiny|100\/100\n|turn|6\n|\n|t:|1698697406\n|move|p2a: Gengar|Shadow Ball|p1a: Deliwyrm II\n|-enditem|p1a: Deliwyrm II|Focus Sash\n|-damage|p1a: Deliwyrm II|1\/100\n|move|p1a: Deliwyrm II|Avalanche|p2a: Gengar\n|-damage|p2a: Gengar|0 fnt\n|-start|p1a: Deliwyrm II|Disable|Avalanche|[from] ability: Cursed Body|[of] p2a: Gengar\n|-enditem|p2a: Gengar|Air Balloon\n|faint|p2a: Gengar\n|\n|upkeep\n|\n|t:|1698697420\n|switch|p2a: Iron Hands|Iron Hands|100\/100\n|-enditem|p2a: Iron Hands|Booster Energy\n|-activate|p2a: Iron Hands|ability: Quark Drive|[fromitem]\n|-start|p2a: Iron Hands|quarkdriveatk\n|turn|7\n|\n|t:|1698697428\n|move|p1a: Deliwyrm II|Reversal|p2a: Iron Hands\n|-damage|p2a: Iron Hands|59\/100\n|move|p2a: Iron Hands|Thunder Punch|p1a: Deliwyrm II\n|-supereffective|p1a: Deliwyrm II\n|-damage|p1a: Deliwyrm II|0 fnt\n|faint|p1a: Deliwyrm II\n|\n|upkeep\n|\n|t:|1698697441\n|switch|p1a: Deliwyrm III jr.|Delibird, M, shiny|100\/100\n|turn|8\n|\n|t:|1698697459\n|move|p1a: Deliwyrm III jr.|Destiny Bond|p1a: Deliwyrm III jr.\n|-singlemove|p1a: Deliwyrm III jr.|Destiny Bond\n|move|p2a: Iron Hands|Fire Punch|p1a: Deliwyrm III jr.\n|-supereffective|p1a: Deliwyrm III jr.\n|-damage|p1a: Deliwyrm III jr.|0 fnt\n|faint|p1a: Deliwyrm III jr.\n|-activate|p1a: Deliwyrm III jr.|move: Destiny Bond\n|faint|p2a: Iron Hands\n|-end|p2a: Iron Hands|Quark Drive|[silent]\n|\n|upkeep\n|n|\u2606FLynngozer|flynngozer\n|\n|t:|1698697491\n|switch|p1a: Deliwyrm III|Delibird, M, shiny|100\/100\n|switch|p2a: Kingambit|Kingambit, M|100\/100\n|-activate|p2a: Kingambit|ability: Supreme Overlord\n|-start|p2a: Kingambit|fallen3|[silent]\n|turn|9\n|c|\u2606FLynngozer|sorry had to register rq\n|\n|t:|1698697505\n|switch|p1a: Deliwyrm|Delibird, M, shiny|100\/100\n|move|p2a: Kingambit|Iron Head|p1a: Deliwyrm\n|-supereffective|p1a: Deliwyrm\n|-enditem|p1a: Deliwyrm|Focus Sash\n|-damage|p1a: Deliwyrm|1\/100\n|\n|upkeep\n|turn|10\n|c|\u2606Mr. Deliwyrm|understandable\n|c|\u2606Mr. Deliwyrm|so what do you think?\n|c|\u2606FLynngozer|I think birb\n|\n|t:|1698697524\n|move|p1a: Deliwyrm|Reversal|p2a: Kingambit\n|-supereffective|p2a: Kingambit\n|-damage|p2a: Kingambit|0 fnt\n|faint|p2a: Kingambit\n|-end|p2a: Kingambit|fallen3|[silent]\n|\n|upkeep\n|\n|t:|1698697529\n|switch|p2a: Dragapult|Dragapult, F, shiny|100\/100\n|turn|11\n|\n|t:|1698697534\n|move|p2a: Dragapult|U-turn|p1a: Deliwyrm\n|-resisted|p1a: Deliwyrm\n|-damage|p1a: Deliwyrm|0 fnt\n|faint|p1a: Deliwyrm\n|\n|t:|1698697540\n|switch|p2a: Corviknight|Corviknight, M, shiny|100\/100|[from] U-turn\n|\n|upkeep\n|c|\u2606Mr. Deliwyrm|i think im screwed but also birb\n|\n|t:|1698697552\n|switch|p1a: Deliwyrm III|Delibird, M, shiny|100\/100\n|turn|12\n|\n|t:|1698697560\n|move|p1a: Deliwyrm III|Destiny Bond|p1a: Deliwyrm III\n|-singlemove|p1a: Deliwyrm III|Destiny Bond\n|move|p2a: Corviknight|Body Press|p1a: Deliwyrm III\n|-damage|p1a: Deliwyrm III|25\/100\n|\n|upkeep\n|turn|13\n|\n|t:|1698697567\n|-terastallize|p2a: Corviknight|Flying\n|move|p1a: Deliwyrm III|Destiny Bond||[still]\n|-fail|p1a: Deliwyrm III\n|move|p2a: Corviknight|Brave Bird|p1a: Deliwyrm III\n|-damage|p1a: Deliwyrm III|0 fnt\n|faint|p1a: Deliwyrm III\n|-damage|p2a: Corviknight|96\/100|[from] Recoil\n|\n|win|FLynngozer\n|raw|Mr. Deliwyrm's rating: 1027 &rarr; <strong>1012<\/strong><br \/>(-15 for losing)\n|raw|FLynngozer's rating: 1000 &rarr; <strong>1043<\/strong><br \/>(+43 for winning)\n|c|\u2606Mr. Deliwyrm|gg\n|c|\u2606FLynngozer|gg anyways\n","uploadtime":1698697581,"views":6,"p1id":"mrdeliwyrm","p2id":"flynngozer","formatid":"gen9anythinggoes","rating":1012,"private":0,"password":""}