{"id":"gen9anythinggoes-1998688025","p1":"Lageon","p2":"Jangod67","format":"[Gen 9] Anything Goes","log":"|j|\u2606Lageon\n|j|\u2606Jangod67\n|t:|1700972694\n|gametype|singles\n|player|p1|Lageon|265|\n|player|p2|Jangod67|170|\n|teamsize|p1|6\n|teamsize|p2|6\n|gen|9\n|tier|[Gen 9] Anything Goes\n|rule|HP Percentage Mod: HP is shown in percentages\n|rule|Endless Battle Clause: Forcing endless battles is banned\n|clearpoke\n|poke|p1|Pelipper, F|\n|poke|p1|Goodra-Hisui, M|\n|poke|p1|Rotom-Wash|\n|poke|p1|Kilowattrel, M|\n|poke|p1|Basculegion, M|\n|poke|p1|Scizor, F|\n|poke|p2|Gliscor, F|\n|poke|p2|Manaphy|\n|poke|p2|Kingambit, F|\n|poke|p2|Grimmsnarl, M|\n|poke|p2|Sinistcha|\n|poke|p2|Alomomola, M|\n|teampreview\n|\n|t:|1700972711\n|start\n|switch|p1a: Mascot|Pelipper, F, shiny|100\/100\n|switch|p2a: Grimmsnarl|Grimmsnarl, M|100\/100\n|-weather|RainDance|[from] ability: Drizzle|[of] p1a: Mascot\n|turn|1\n|\n|t:|1700972721\n|move|p2a: Grimmsnarl|Light Screen|p2a: Grimmsnarl\n|-sidestart|p2: Jangod67|move: Light Screen\n|move|p1a: Mascot|U-turn|p2a: Grimmsnarl\n|-damage|p2a: Grimmsnarl|89\/100\n|\n|t:|1700972725\n|switch|p1a: Scizor|Scizor, F, shiny|100\/100|[from] U-turn\n|\n|-weather|RainDance|[upkeep]\n|upkeep\n|turn|2\n|\n|t:|1700972761\n|move|p2a: Grimmsnarl|Reflect|p2a: Grimmsnarl\n|-sidestart|p2: Jangod67|Reflect\n|move|p1a: Scizor|Brick Break|p2a: Grimmsnarl\n|-sideend|p2: Jangod67|Reflect\n|-sideend|p2: Jangod67|move: Light Screen\n|-damage|p2a: Grimmsnarl|39\/100\n|-damage|p1a: Scizor|91\/100|[from] item: Life Orb\n|\n|-weather|RainDance|[upkeep]\n|upkeep\n|turn|3\n|\n|t:|1700972804\n|switch|p2a: Gliscor|Gliscor, F|100\/100\n|move|p1a: Scizor|Knock Off|p2a: Gliscor\n|-damage|p2a: Gliscor|66\/100\n|-enditem|p2a: Gliscor|Toxic Orb|[from] move: Knock Off|[of] p1a: Scizor\n|-damage|p1a: Scizor|81\/100|[from] item: Life Orb\n|\n|-weather|RainDance|[upkeep]\n|upkeep\n|turn|4\n|\n|t:|1700972818\n|switch|p1a: Spin Cycle|Rotom-Wash, shiny|100\/100\n|move|p2a: Gliscor|Toxic Spikes|p1a: Spin Cycle\n|-sidestart|p1: Lageon|move: Toxic Spikes\n|\n|-weather|RainDance|[upkeep]\n|upkeep\n|turn|5\n|\n|t:|1700972838\n|switch|p2a: Alomomola|Alomomola, M|100\/100\n|move|p1a: Spin Cycle|Hydro Pump|p2a: Alomomola|[miss]\n|-miss|p1a: Spin Cycle|p2a: Alomomola\n|\n|-weather|RainDance|[upkeep]\n|upkeep\n|turn|6\n|\n|t:|1700972848\n|move|p1a: Spin Cycle|Volt Switch|p2a: Alomomola\n|-supereffective|p2a: Alomomola\n|-damage|p2a: Alomomola|66\/100\n|\n|t:|1700972875\n|switch|p1a: Electric Boogaloo|Kilowattrel, M, shiny|100\/100|[from] Volt Switch\n|move|p2a: Alomomola|Snowscape|p2a: Alomomola\n|-weather|Snow\n|\n|-weather|Snow|[upkeep]\n|-heal|p2a: Alomomola|73\/100|[from] item: Leftovers\n|upkeep\n|turn|7\n|\n|t:|1700972885\n|move|p1a: Electric Boogaloo|U-turn|p2a: Alomomola\n|-damage|p2a: Alomomola|65\/100\n|\n|t:|1700972888\n|switch|p1a: Mascot|Pelipper, F, shiny|100\/100|[from] U-turn\n|-weather|RainDance|[from] ability: Drizzle|[of] p1a: Mascot\n|move|p2a: Alomomola|Flip Turn|p1a: Mascot\n|-resisted|p1a: Mascot\n|-damage|p1a: Mascot|91\/100\n|\n|t:|1700972895\n|switch|p2a: Gliscor|Gliscor, F|66\/100|[from] Flip Turn\n|\n|-weather|RainDance|[upkeep]\n|upkeep\n|turn|8\n|\n|t:|1700972903\n|move|p2a: Gliscor|Toxic Spikes|p1a: Mascot\n|-sidestart|p1: Lageon|move: Toxic Spikes\n|move|p1a: Mascot|Surf|p2a: Gliscor\n|-supereffective|p2a: Gliscor\n|-damage|p2a: Gliscor|0 fnt\n|faint|p2a: Gliscor\n|\n|-weather|RainDance|[upkeep]\n|upkeep\n|\n|t:|1700972918\n|switch|p2a: Grimmsnarl|Grimmsnarl, M|39\/100\n|turn|9\n|\n|t:|1700972924\n|move|p2a: Grimmsnarl|Light Screen|p2a: Grimmsnarl\n|-sidestart|p2: Jangod67|move: Light Screen\n|move|p1a: Mascot|U-turn|p2a: Grimmsnarl\n|-damage|p2a: Grimmsnarl|28\/100\n|\n|t:|1700972930\n|switch|p1a: Scizor|Scizor, F, shiny|81\/100|[from] U-turn\n|\n|-weather|RainDance|[upkeep]\n|upkeep\n|turn|10\n|\n|t:|1700972935\n|switch|p2a: Manaphy|Manaphy|100\/100\n|move|p1a: Scizor|Bullet Punch|p2a: Manaphy\n|-resisted|p2a: Manaphy\n|-damage|p2a: Manaphy|80\/100\n|-damage|p1a: Scizor|71\/100|[from] item: Life Orb\n|\n|-weather|RainDance|[upkeep]\n|-heal|p2a: Manaphy|86\/100|[from] item: Leftovers\n|upkeep\n|turn|11\n|\n|t:|1700972945\n|move|p2a: Manaphy|Tail Glow|p2a: Manaphy\n|-boost|p2a: Manaphy|spa|3\n|move|p1a: Scizor|Brick Break|p2a: Manaphy\n|-sideend|p2: Jangod67|move: Light Screen\n|-damage|p2a: Manaphy|47\/100\n|-damage|p1a: Scizor|61\/100|[from] item: Life Orb\n|\n|-weather|RainDance|[upkeep]\n|-heal|p2a: Manaphy|53\/100|[from] item: Leftovers\n|upkeep\n|turn|12\n|\n|t:|1700972969\n|move|p2a: Manaphy|Surf|p1a: Scizor\n|-damage|p1a: Scizor|0 fnt\n|faint|p1a: Scizor\n|\n|-weather|RainDance|[upkeep]\n|-heal|p2a: Manaphy|59\/100|[from] item: Leftovers\n|upkeep\n|\n|t:|1700972977\n|switch|p1a: Electric Boogaloo|Kilowattrel, M, shiny|100\/100\n|turn|13\n|\n|t:|1700972986\n|-terastallize|p2a: Manaphy|Electric\n|move|p1a: Electric Boogaloo|Thunder|p2a: Manaphy\n|-resisted|p2a: Manaphy\n|-damage|p2a: Manaphy|37\/100\n|move|p2a: Manaphy|Surf|p1a: Electric Boogaloo\n|-damage|p1a: Electric Boogaloo|0 fnt\n|faint|p1a: Electric Boogaloo\n|\n|-weather|RainDance|[upkeep]\n|-heal|p2a: Manaphy|43\/100|[from] item: Leftovers\n|upkeep\n|\n|t:|1700972997\n|switch|p1a: Jimbe|Basculegion, M, shiny|100\/100\n|-status|p1a: Jimbe|tox\n|turn|14\n|\n|t:|1700973005\n|switch|p2a: Alomomola|Alomomola, M|98\/100\n|move|p1a: Jimbe|Wave Crash|p2a: Alomomola\n|-resisted|p2a: Alomomola\n|-damage|p2a: Alomomola|44\/100\n|-damage|p1a: Jimbe|76\/100 tox|[from] Recoil\n|\n|-weather|none\n|-heal|p2a: Alomomola|50\/100|[from] item: Leftovers\n|-damage|p1a: Jimbe|70\/100 tox|[from] psn\n|upkeep\n|turn|15\n|\n|t:|1700973015\n|switch|p1a: Mascot|Pelipper, F, shiny|91\/100\n|-weather|RainDance|[from] ability: Drizzle|[of] p1a: Mascot\n|move|p2a: Alomomola|Healing Wish|p2a: Alomomola\n|faint|p2a: Alomomola\n|\n|-weather|RainDance|[upkeep]\n|upkeep\n|\n|t:|1700973021\n|switch|p2a: Manaphy|Manaphy, tera:Electric|43\/100\n|-heal|p2a: Manaphy|100\/100|[from] move: Healing Wish\n|turn|16\n|\n|t:|1700973033\n|switch|p1a: Spin Cycle|Rotom-Wash, shiny|100\/100\n|move|p2a: Manaphy|Tail Glow|p2a: Manaphy\n|-boost|p2a: Manaphy|spa|3\n|\n|-weather|RainDance|[upkeep]\n|upkeep\n|turn|17\n|\n|t:|1700973040\n|move|p2a: Manaphy|Energy Ball|p1a: Spin Cycle\n|-supereffective|p1a: Spin Cycle\n|-damage|p1a: Spin Cycle|0 fnt\n|faint|p1a: Spin Cycle\n|\n|-weather|RainDance|[upkeep]\n|upkeep\n|\n|t:|1700973047\n|switch|p1a: Jimbe|Basculegion, M, shiny|70\/100 tox\n|turn|18\n|\n|t:|1700973085\n|move|p1a: Jimbe|Wave Crash|p2a: Manaphy\n|-damage|p2a: Manaphy|0 fnt\n|faint|p2a: Manaphy\n|-damage|p1a: Jimbe|40\/100 tox|[from] Recoil\n|\n|-weather|RainDance|[upkeep]\n|-damage|p1a: Jimbe|34\/100 tox|[from] psn\n|upkeep\n|\n|t:|1700973112\n|switch|p2a: Grimmsnarl|Grimmsnarl, M|28\/100\n|turn|19\n|\n|t:|1700973120\n|move|p2a: Grimmsnarl|Reflect|p2a: Grimmsnarl\n|-sidestart|p2: Jangod67|Reflect\n|move|p1a: Jimbe|Wave Crash|p2a: Grimmsnarl\n|-damage|p2a: Grimmsnarl|0 fnt\n|faint|p2a: Grimmsnarl\n|-damage|p1a: Jimbe|25\/100 tox|[from] Recoil\n|\n|-weather|RainDance|[upkeep]\n|-damage|p1a: Jimbe|13\/100 tox|[from] psn\n|upkeep\n|\n|t:|1700973129\n|switch|p2a: Sinistcha|Sinistcha|100\/100\n|turn|20\n|\n|t:|1700973132\n|switch|p1a: Gary the Snail|Goodra-Hisui, M, shiny|100\/100\n|move|p2a: Sinistcha|Trick Room|p2a: Sinistcha\n|-fieldstart|move: Trick Room|[of] p2a: Sinistcha\n|\n|-weather|RainDance|[upkeep]\n|upkeep\n|turn|21\n|\n|t:|1700973144\n|move|p1a: Gary the Snail|Ice Beam|p2a: Sinistcha\n|-supereffective|p2a: Sinistcha\n|-damage|p2a: Sinistcha|29\/100\n|move|p2a: Sinistcha|Energy Ball|p1a: Gary the Snail\n|-ability|p1a: Gary the Snail|Sap Sipper|boost\n|-boost|p1a: Gary the Snail|atk|1\n|\n|-weather|RainDance|[upkeep]\n|upkeep\n|turn|22\n|\n|t:|1700973155\n|move|p1a: Gary the Snail|Ice Beam|p2a: Sinistcha\n|-supereffective|p2a: Sinistcha\n|-damage|p2a: Sinistcha|0 fnt\n|faint|p2a: Sinistcha\n|\n|-weather|none\n|upkeep\n|\n|t:|1700973160\n|switch|p2a: Kingambit|Kingambit, F|100\/100\n|-activate|p2a: Kingambit|ability: Supreme Overlord\n|-start|p2a: Kingambit|fallen5|[silent]\n|turn|23\n|\n|t:|1700973187\n|move|p2a: Kingambit|Foul Play|p1a: Gary the Snail\n|-damage|p1a: Gary the Snail|15\/100\n|move|p1a: Gary the Snail|Earthquake|p2a: Kingambit\n|-supereffective|p2a: Kingambit\n|-damage|p2a: Kingambit|76\/100\n|\n|upkeep\n|turn|24\n|\n|t:|1700973193\n|move|p2a: Kingambit|Foul Play|p1a: Gary the Snail\n|-damage|p1a: Gary the Snail|0 fnt\n|faint|p1a: Gary the Snail\n|\n|-fieldend|move: Trick Room\n|upkeep\n|\n|t:|1700973198\n|switch|p1a: Mascot|Pelipper, F, shiny|91\/100\n|-weather|RainDance|[from] ability: Drizzle|[of] p1a: Mascot\n|turn|25\n|\n|t:|1700973207\n|move|p1a: Mascot|Surf|p2a: Kingambit\n|-damage|p2a: Kingambit|32\/100\n|move|p2a: Kingambit|Foul Play|p1a: Mascot\n|-damage|p1a: Mascot|64\/100\n|\n|-weather|RainDance|[upkeep]\n|upkeep\n|turn|26\n|\n|t:|1700973227\n|move|p1a: Mascot|Surf|p2a: Kingambit\n|-damage|p2a: Kingambit|0 fnt\n|faint|p2a: Kingambit\n|-end|p2a: Kingambit|fallen5|[silent]\n|\n|win|Lageon\n","uploadtime":1700973251,"views":8,"p1id":"lageon","p2id":"jangod67","formatid":"gen9anythinggoes","rating":0,"private":0,"password":""}