{"id":"gen9anythinggoes-1996215797","p1":"loquesea27","p2":"Shadowclonekoko","format":"[Gen 9] Anything Goes","log":"|j|\u2606loquesea27\n|j|\u2606Shadowclonekoko\n|t:|1700660188\n|gametype|singles\n|player|p1|loquesea27|roxie|1157\n|player|p2|Shadowclonekoko|dawn|1285\n|teamsize|p1|6\n|teamsize|p2|6\n|gen|9\n|tier|[Gen 9] Anything Goes\n|rated|\n|rule|HP Percentage Mod: HP is shown in percentages\n|rule|Endless Battle Clause: Forcing endless battles is banned\n|clearpoke\n|poke|p1|Rabsca, F|\n|poke|p1|Clawitzer, M|\n|poke|p1|Revavroom, F|\n|poke|p1|Forretress, F|\n|poke|p1|Heracross, F|\n|poke|p1|Lokix, F|\n|poke|p2|Calyrex-Shadow|\n|poke|p2|Drifblim, M|\n|poke|p2|Miraidon|\n|poke|p2|Sneasler, M|\n|poke|p2|Volcarona, F|\n|poke|p2|Maushold|\n|teampreview\n|inactive|Battle timer is ON: inactive players will automatically lose when time's up. (requested by Shadowclonekoko)\n|\n|t:|1700660204\n|start\n|switch|p1a: Lokix|Lokix, F|100\/100\n|switch|p2a: Maushold|Maushold|100\/100\n|turn|1\n|\n|t:|1700660214\n|move|p1a: Lokix|First Impression|p2a: Maushold\n|-damage|p2a: Maushold|53\/100\n|move|p2a: Maushold|Tidy Up|p2a: Maushold\n|-boost|p2a: Maushold|atk|1\n|-boost|p2a: Maushold|spe|1\n|\n|upkeep\n|turn|2\n|\n|t:|1700660221\n|move|p1a: Lokix|Sucker Punch|p2a: Maushold\n|-damage|p2a: Maushold|15\/100\n|move|p2a: Maushold|Population Bomb|p1a: Lokix\n|-damage|p1a: Lokix|77\/100\n|-damage|p1a: Lokix|57\/100\n|-damage|p1a: Lokix|35\/100\n|-damage|p1a: Lokix|13\/100\n|-damage|p1a: Lokix|0 fnt\n|faint|p1a: Lokix\n|-hitcount|p1: Lokix|5\n|\n|upkeep\n|\n|t:|1700660225\n|switch|p1a: Rabsca|Rabsca, F|100\/100\n|turn|3\n|\n|t:|1700660230\n|move|p2a: Maushold|Population Bomb|p1a: Rabsca\n|-damage|p1a: Rabsca|84\/100\n|-damage|p1a: Rabsca|66\/100\n|-damage|p1a: Rabsca|49\/100\n|-damage|p1a: Rabsca|32\/100\n|-damage|p1a: Rabsca|17\/100\n|-damage|p1a: Rabsca|0 fnt\n|faint|p1a: Rabsca\n|-hitcount|p1: Rabsca|6\n|\n|upkeep\n|\n|t:|1700660233\n|switch|p1a: Forretress|Forretress, F|100\/100\n|turn|4\n|\n|t:|1700660237\n|move|p2a: Maushold|Population Bomb|p1a: Forretress\n|-resisted|p1a: Forretress\n|-damage|p1a: Forretress|95\/100\n|-resisted|p1a: Forretress\n|-damage|p1a: Forretress|90\/100\n|-resisted|p1a: Forretress\n|-damage|p1a: Forretress|84\/100\n|-resisted|p1a: Forretress\n|-damage|p1a: Forretress|79\/100\n|-resisted|p1a: Forretress\n|-damage|p1a: Forretress|74\/100\n|-resisted|p1a: Forretress\n|-damage|p1a: Forretress|69\/100\n|-resisted|p1a: Forretress\n|-damage|p1a: Forretress|63\/100\n|-resisted|p1a: Forretress\n|-damage|p1a: Forretress|58\/100\n|-resisted|p1a: Forretress\n|-damage|p1a: Forretress|53\/100\n|-resisted|p1a: Forretress\n|-damage|p1a: Forretress|47\/100\n|-hitcount|p1a: Forretress|10\n|move|p1a: Forretress|Ice Spinner|p2a: Maushold\n|-damage|p2a: Maushold|0 fnt\n|faint|p2a: Maushold\n|\n|upkeep\n|\n|t:|1700660241\n|switch|p2a: Sneasler|Sneasler, M|100\/100\n|turn|5\n|\n|t:|1700660245\n|move|p2a: Sneasler|Fake Out|p1a: Forretress\n|-enditem|p2a: Sneasler|Normal Gem|[from] gem\n|-resisted|p1a: Forretress\n|-damage|p1a: Forretress|41\/100\n|cant|p1a: Forretress|flinch\n|\n|upkeep\n|turn|6\n|\n|t:|1700660248\n|move|p2a: Sneasler|Close Combat|p1a: Forretress\n|-damage|p1a: Forretress|0 fnt\n|-unboost|p2a: Sneasler|def|1\n|-unboost|p2a: Sneasler|spd|1\n|faint|p1a: Forretress\n|\n|upkeep\n|\n|t:|1700660257\n|switch|p1a: Heracross|Heracross, F|100\/100\n|turn|7\n|\n|t:|1700660264\n|-terastallize|p1a: Heracross|Normal\n|move|p2a: Sneasler|Dire Claw|p1a: Heracross\n|-crit|p1a: Heracross\n|-damage|p1a: Heracross|24\/100\n|move|p1a: Heracross|Stone Edge|p2a: Sneasler\n|-resisted|p2a: Sneasler\n|-damage|p2a: Sneasler|68\/100\n|\n|-status|p1a: Heracross|brn|[from] item: Flame Orb\n|upkeep\n|turn|8\n|-message|loquesea27 forfeited.\n|\n|win|Shadowclonekoko\n|raw|loquesea27's rating: 1157 &rarr; <strong>1141<\/strong><br \/>(-16 for losing)\n|raw|Shadowclonekoko's rating: 1285 &rarr; <strong>1301<\/strong><br \/>(+16 for winning)\n|l|\u2606loquesea27\n","uploadtime":1700660275,"views":1,"p1id":"loquesea27","p2id":"shadowclonekoko","formatid":"gen9anythinggoes","rating":1141,"private":0,"password":""}