{"id":"gen9anythinggoes-1973192366","p1":"ImGoodATM","p2":"Shadowkipz13","format":"[Gen 9] Anything Goes","log":"|j|\u2606ImGoodATM\n|j|\u2606Shadowkipz13\n|t:|1697937820\n|gametype|singles\n|player|p1|ImGoodATM|will|1250\n|player|p2|Shadowkipz13|petrel|1333\n|teamsize|p1|6\n|teamsize|p2|6\n|gen|9\n|tier|[Gen 9] Anything Goes\n|rated|\n|rule|HP Percentage Mod: HP is shown in percentages\n|rule|Endless Battle Clause: Forcing endless battles is banned\n|clearpoke\n|poke|p1|Cloyster, F|\n|poke|p1|Orthworm, M|\n|poke|p1|Espeon, F|\n|poke|p1|Mimikyu, M|\n|poke|p1|Cinderace, F|\n|poke|p1|Espathra, M|\n|poke|p2|Infernape, M|\n|poke|p2|Ogerpon-Wellspring, F|\n|poke|p2|Ribombee, F|\n|poke|p2|Maushold|\n|poke|p2|Tyranitar, M|\n|poke|p2|Ursaluna-Bloodmoon, M|\n|teampreview\n|l|\u2606ImGoodATM\n|player|p1|\n|j|\u2606ImGoodATM\n|player|p1|ImGoodATM|will\n|n|\u2606ImGoodATM|imgoodatm\n|\n|t:|1697937833\n|start\n|switch|p1a: Orthworm|Orthworm, M|100\/100\n|switch|p2a: Mountainous|Tyranitar, M|100\/100\n|-weather|Sandstorm|[from] ability: Sand Stream|[of] p2a: Mountainous\n|turn|1\n|\n|t:|1697937837\n|move|p1a: Orthworm|Shed Tail|p1a: Orthworm\n|-start|p1a: Orthworm|Substitute|[from] move: Shed Tail\n|-damage|p1a: Orthworm|50\/100\n|-enditem|p1a: Orthworm|Sitrus Berry|[eat]\n|-heal|p1a: Orthworm|75\/100|[from] item: Sitrus Berry\n|\n|t:|1697937839\n|switch|p1a: Cloyster|Cloyster, F|100\/100|[from] Shed Tail\n|move|p2a: Mountainous|Earthquake|p1a: Cloyster\n|-activate|p1a: Cloyster|move: Substitute|[damage]\n|\n|-weather|Sandstorm|[upkeep]\n|-damage|p1a: Cloyster|94\/100|[from] Sandstorm\n|upkeep\n|turn|2\n|\n|t:|1697937844\n|move|p1a: Cloyster|Shell Smash|p1a: Cloyster\n|-unboost|p1a: Cloyster|def|1\n|-unboost|p1a: Cloyster|spd|1\n|-boost|p1a: Cloyster|atk|2\n|-boost|p1a: Cloyster|spa|2\n|-boost|p1a: Cloyster|spe|2\n|move|p2a: Mountainous|Smack Down|p1a: Cloyster\n|-supereffective|p1a: Cloyster\n|-end|p1a: Cloyster|Substitute\n|\n|-weather|Sandstorm|[upkeep]\n|-damage|p1a: Cloyster|88\/100|[from] Sandstorm\n|upkeep\n|turn|3\n|\n|t:|1697937864\n|switch|p2a: The Family|Maushold|100\/100\n|move|p1a: Cloyster|Drill Run|p2a: The Family\n|-crit|p2a: The Family\n|-damage|p2a: The Family|0 fnt\n|faint|p2a: The Family\n|\n|-weather|Sandstorm|[upkeep]\n|-damage|p1a: Cloyster|82\/100|[from] Sandstorm\n|upkeep\n|\n|t:|1697937870\n|switch|p2a: Faye|Ribombee, F|100\/100\n|turn|4\n|\n|t:|1697937872\n|move|p1a: Cloyster|Rock Blast|p2a: Faye\n|-supereffective|p2a: Faye\n|-damage|p2a: Faye|42\/100\n|-supereffective|p2a: Faye\n|-damage|p2a: Faye|0 fnt\n|faint|p2a: Faye\n|-hitcount|p2: Faye|2\n|\n|-weather|Sandstorm|[upkeep]\n|-damage|p1a: Cloyster|76\/100|[from] Sandstorm\n|upkeep\n|\n|t:|1697937880\n|switch|p2a: Gogeta|Infernape, M|100\/100\n|turn|5\n|\n|t:|1697937883\n|move|p2a: Gogeta|Mach Punch|p1a: Cloyster\n|-supereffective|p1a: Cloyster\n|-damage|p1a: Cloyster|15\/100\n|move|p1a: Cloyster|Drill Run|p2a: Gogeta\n|-supereffective|p2a: Gogeta\n|-damage|p2a: Gogeta|0 fnt\n|faint|p2a: Gogeta\n|\n|-weather|none\n|upkeep\n|\n|t:|1697937910\n|switch|p2a: Majora|Ogerpon-Wellspring, F|100\/100\n|turn|6\n|\n|t:|1697937915\n|move|p1a: Cloyster|Icicle Spear|p2a: Majora\n|-damage|p2a: Majora|72\/100\n|-crit|p2a: Majora\n|-damage|p2a: Majora|24\/100\n|-damage|p2a: Majora|0 fnt\n|faint|p2a: Majora\n|-hitcount|p2: Majora|3\n|\n|upkeep\n|c|\u2606Shadowkipz13|Well gg\n|c|\u2606ImGoodATM|Finally!\n|\n|t:|1697937929\n|switch|p2a: Mountainous|Tyranitar, M|100\/100\n|-weather|Sandstorm|[from] ability: Sand Stream|[of] p2a: Mountainous\n|turn|7\n|c|\u2606ImGoodATM|razor claw barely works\n|\n|t:|1697937941\n|-terastallize|p1a: Cloyster|Rock\n|move|p1a: Cloyster|Drill Run|p2a: Mountainous\n|-supereffective|p2a: Mountainous\n|-damage|p2a: Mountainous|27\/100\n|move|p2a: Mountainous|Smack Down|p1a: Cloyster\n|-damage|p1a: Cloyster|0 fnt\n|faint|p1a: Cloyster\n|\n|-weather|Sandstorm|[upkeep]\n|upkeep\n|c|\u2606Shadowkipz13|Well swept\n|\n|t:|1697937952\n|switch|p1a: Espathra|Espathra, M|100\/100\n|turn|8\n|\n|t:|1697937956\n|move|p1a: Espathra|Protect|p1a: Espathra\n|-singleturn|p1a: Espathra|Protect\n|move|p2a: Mountainous|Knock Off|p1a: Espathra\n|-activate|p1a: Espathra|move: Protect\n|\n|-weather|Sandstorm|[upkeep]\n|-damage|p1a: Espathra|94\/100|[from] Sandstorm\n|-ability|p1a: Espathra|Speed Boost|boost\n|-boost|p1a: Espathra|spe|1\n|upkeep\n|turn|9\n|\n|t:|1697937958\n|move|p1a: Espathra|Calm Mind|p1a: Espathra\n|-boost|p1a: Espathra|spa|1\n|-boost|p1a: Espathra|spd|1\n|move|p2a: Mountainous|Knock Off|p1a: Espathra\n|-supereffective|p1a: Espathra\n|-damage|p1a: Espathra|0 fnt\n|-enditem|p1a: Espathra|Focus Sash|[from] move: Knock Off|[of] p2a: Mountainous\n|faint|p1a: Espathra\n|\n|-weather|Sandstorm|[upkeep]\n|upkeep\n|\n|t:|1697937965\n|switch|p1a: Cinderace|Cinderace, F|100\/100\n|turn|10\n|\n|t:|1697937972\n|move|p1a: Cinderace|High Jump Kick|p2a: Mountainous\n|-start|p1a: Cinderace|typechange|Fighting|[from] ability: Libero\n|-supereffective|p2a: Mountainous\n|-damage|p2a: Mountainous|0 fnt\n|faint|p2a: Mountainous\n|\n|-weather|Sandstorm|[upkeep]\n|-damage|p1a: Cinderace|95\/100|[from] Sandstorm\n|upkeep\n|\n|t:|1697937974\n|switch|p2a: Freddy Fazbear|Ursaluna-Bloodmoon, M|100\/100\n|turn|11\n|\n|t:|1697937985\n|-terastallize|p2a: Freddy Fazbear|Ghost\n|move|p1a: Cinderace|High Jump Kick|p2a: Freddy Fazbear\n|-immune|p2a: Freddy Fazbear\n|-damage|p1a: Cinderace|45\/100|[from] highjumpkick\n|move|p2a: Freddy Fazbear|Calm Mind|p2a: Freddy Fazbear\n|-boost|p2a: Freddy Fazbear|spa|1\n|-boost|p2a: Freddy Fazbear|spd|1\n|\n|-weather|none\n|upkeep\n|turn|12\n|\n|t:|1697937990\n|move|p1a: Cinderace|Pyro Ball|p2a: Freddy Fazbear\n|-damage|p2a: Freddy Fazbear|75\/100\n|move|p2a: Freddy Fazbear|Earth Power|p1a: Cinderace\n|-damage|p1a: Cinderace|0 fnt\n|faint|p1a: Cinderace\n|\n|upkeep\n|\n|t:|1697937993\n|switch|p1a: Mimikyu|Mimikyu, M|100\/100\n|turn|13\n|\n|t:|1697937997\n|move|p1a: Mimikyu|Swords Dance|p1a: Mimikyu\n|-boost|p1a: Mimikyu|atk|2\n|move|p2a: Freddy Fazbear|Earth Power|p1a: Mimikyu\n|-activate|p1a: Mimikyu|ability: Disguise\n|-damage|p1a: Mimikyu|100\/100\n|detailschange|p1a: Mimikyu|Mimikyu-Busted, M\n|-damage|p1a: Mimikyu|88\/100|[from] pokemon: Mimikyu-Busted\n|\n|upkeep\n|turn|14\n|\n|t:|1697938003\n|move|p1a: Mimikyu|Shadow Sneak|p2a: Freddy Fazbear\n|-supereffective|p2a: Freddy Fazbear\n|-damage|p2a: Freddy Fazbear|16\/100\n|-enditem|p2a: Freddy Fazbear|Wiki Berry|[eat]\n|-heal|p2a: Freddy Fazbear|49\/100|[from] item: Wiki Berry\n|-damage|p1a: Mimikyu|78\/100|[from] item: Life Orb\n|move|p2a: Freddy Fazbear|Blood Moon|p1a: Mimikyu\n|-damage|p1a: Mimikyu|0 fnt\n|faint|p1a: Mimikyu\n|\n|upkeep\n|\n|t:|1697938006\n|switch|p1a: Espeon|Espeon, F|100\/100\n|turn|15\n|\n|t:|1697938009\n|move|p1a: Espeon|Shadow Ball|p2a: Freddy Fazbear\n|-supereffective|p2a: Freddy Fazbear\n|-damage|p2a: Freddy Fazbear|5\/100\n|move|p2a: Freddy Fazbear|Moonlight|p2a: Freddy Fazbear\n|-heal|p2a: Freddy Fazbear|56\/100\n|\n|upkeep\n|turn|16\n|\n|t:|1697938018\n|move|p1a: Espeon|Psych Up|p2a: Freddy Fazbear\n|-copyboost|p1a: Espeon|p2a: Freddy Fazbear|[from] move: Psych Up\n|move|p2a: Freddy Fazbear|Moonlight|p2a: Freddy Fazbear\n|-heal|p2a: Freddy Fazbear|100\/100\n|\n|upkeep\n|turn|17\n|\n|t:|1697938022\n|move|p1a: Espeon|Shadow Ball|p2a: Freddy Fazbear\n|-supereffective|p2a: Freddy Fazbear\n|-damage|p2a: Freddy Fazbear|37\/100\n|move|p2a: Freddy Fazbear|Blood Moon|p1a: Espeon\n|-damage|p1a: Espeon|0 fnt\n|faint|p1a: Espeon\n|\n|upkeep\n|\n|t:|1697938025\n|switch|p1a: Orthworm|Orthworm, M|75\/100\n|turn|18\n|c|\u2606ImGoodATM|I lost :(\n|c|\u2606Shadowkipz13|Not yet\n|c|\u2606ImGoodATM|Ursaluna bloodmoon is broke\n|\n|t:|1697938044\n|move|p1a: Orthworm|Stealth Rock|p2a: Freddy Fazbear\n|-sidestart|p2: Shadowkipz13|move: Stealth Rock\n|move|p2a: Freddy Fazbear|Moonlight|p2a: Freddy Fazbear\n|-heal|p2a: Freddy Fazbear|87\/100\n|\n|upkeep\n|turn|19\n|c|\u2606Shadowkipz13|Oh...\n|c|\u2606Shadowkipz13|Support\n|c|\u2606ImGoodATM|I don\u2019t have any damaging moves\n|c|\u2606ImGoodATM|other than body press\n|\n|t:|1697938065\n|move|p1a: Orthworm|Shed Tail|p1a: Orthworm\n|-fail|p1a: Orthworm\n|move|p2a: Freddy Fazbear|Blood Moon|p1a: Orthworm\n|-resisted|p1a: Orthworm\n|-damage|p1a: Orthworm|0 fnt\n|faint|p1a: Orthworm\n|\n|win|Shadowkipz13\n|raw|ImGoodATM's rating: 1250 &rarr; <strong>1231<\/strong><br \/>(-19 for losing)\n|raw|Shadowkipz13's rating: 1333 &rarr; <strong>1348<\/strong><br \/>(+15 for winning)\n|c|\u2606ImGoodATM|Gg\n|c|\u2606Shadowkipz13|I'm sorry...I just wanted to practice a team\n|c|\u2606Shadowkipz13|Gg\n|c|\u2606ImGoodATM|It\u2019s fine\n|c|\u2606Shadowkipz13|Practicing for SV\n|c|\u2606ImGoodATM|Ah\n|c|\u2606Shadowkipz13|You did extremely well\n|c|\u2606ImGoodATM|You too!\n|c|\u2606Shadowkipz13|Thank you!\n|c|\u2606ImGoodATM|This team has swept so many people lmaoo\n|c|\u2606ImGoodATM|Just with Cloyster\n|c|\u2606Shadowkipz13|Shoot, I believe it\n|c|\u2606Shadowkipz13|If drill run had 1 shot, i wouldn't have anything to stop it\n|c|\u2606ImGoodATM|Shed tail + amazing bulk gives on orthworm allows Cloyster a free shell smash\n|c|\u2606Shadowkipz13|Insane\n|c|\u2606Shadowkipz13|Forgot about shed tail tbh\n|l|\u2606ImGoodATM\n|c|\u2606Shadowkipz13|Skeledirge and other sound moves sorta nullified it\n","uploadtime":1697938098,"views":7,"p1id":"imgoodatm","p2id":"shadowkipz13","formatid":"gen9anythinggoes","rating":1231,"private":0,"password":""}