{"id":"gen9anythinggoes-1977969016","p1":"steezusbreezus","p2":"BananaBusCrew4","format":"[Gen 9] Anything Goes","log":"|j|\u2606steezusbreezus\n|j|\u2606BananaBusCrew4\n|t:|1698475265\n|gametype|singles\n|player|p1|steezusbreezus|266|1145\n|player|p2|BananaBusCrew4|265|1169\n|teamsize|p1|6\n|teamsize|p2|6\n|gen|9\n|tier|[Gen 9] Anything Goes\n|rated|\n|rule|HP Percentage Mod: HP is shown in percentages\n|rule|Endless Battle Clause: Forcing endless battles is banned\n|clearpoke\n|poke|p1|Gliscor, M|\n|poke|p1|Clefable, M|\n|poke|p1|Corviknight, F|\n|poke|p1|Arcanine-Hisui, M|\n|poke|p1|Glimmora, M|\n|poke|p1|Great Tusk|\n|poke|p2|Decidueye-Hisui, M|\n|poke|p2|Braviary, M|\n|poke|p2|Greninja-*, M|\n|poke|p2|Iron Treads|\n|poke|p2|Klawf, M|\n|poke|p2|Skeledirge, M|\n|teampreview\n|\n|t:|1698475273\n|start\n|switch|p1a: Glimmora|Glimmora, M|100\/100\n|switch|p2a: BasicallyIDoWrk|Greninja, M, shiny|100\/100\n|turn|1\n|\n|t:|1698475278\n|move|p2a: BasicallyIDoWrk|Water Shuriken|p1a: Glimmora\n|-start|p2a: BasicallyIDoWrk|typechange|Water|[from] ability: Protean\n|-supereffective|p1a: Glimmora\n|-damage|p1a: Glimmora|77\/100\n|-supereffective|p1a: Glimmora\n|-damage|p1a: Glimmora|54\/100\n|-supereffective|p1a: Glimmora\n|-damage|p1a: Glimmora|33\/100\n|-supereffective|p1a: Glimmora\n|-crit|p1a: Glimmora\n|-damage|p1a: Glimmora|0 fnt\n|faint|p1a: Glimmora\n|-hitcount|p1: Glimmora|4\n|\n|upkeep\n|\n|t:|1698475288\n|switch|p1a: Corviknight|Corviknight, F|100\/100\n|turn|2\n|\n|t:|1698475296\n|switch|p2a: SilentDroidd|Skeledirge, M, shiny|100\/100\n|move|p1a: Corviknight|Iron Defense|p1a: Corviknight\n|-boost|p1a: Corviknight|def|2\n|\n|upkeep\n|turn|3\n|\n|t:|1698475302\n|move|p1a: Corviknight|Tailwind|p1a: Corviknight\n|-sidestart|p1: steezusbreezus|move: Tailwind\n|move|p2a: SilentDroidd|Torch Song|p1a: Corviknight\n|-supereffective|p1a: Corviknight\n|-damage|p1a: Corviknight|31\/100\n|-boost|p2a: SilentDroidd|spa|1\n|\n|-heal|p1a: Corviknight|37\/100|[from] item: Leftovers\n|upkeep\n|turn|4\n|\n|t:|1698475306\n|switch|p1a: Gliscor|Gliscor, M|100\/100\n|move|p2a: SilentDroidd|Torch Song|p1a: Gliscor\n|-damage|p1a: Gliscor|60\/100\n|-boost|p2a: SilentDroidd|spa|1\n|\n|-heal|p1a: Gliscor|67\/100|[from] item: Leftovers\n|upkeep\n|turn|5\n|\n|t:|1698475312\n|move|p1a: Gliscor|Agility|p1a: Gliscor\n|-boost|p1a: Gliscor|spe|2\n|move|p2a: SilentDroidd|Will-O-Wisp|p1a: Gliscor|[miss]\n|-miss|p2a: SilentDroidd|p1a: Gliscor\n|\n|-heal|p1a: Gliscor|73\/100|[from] item: Leftovers\n|upkeep\n|turn|6\n|\n|t:|1698475318\n|move|p1a: Gliscor|Swords Dance|p1a: Gliscor\n|-boost|p1a: Gliscor|atk|2\n|move|p2a: SilentDroidd|Torch Song|p1a: Gliscor\n|-damage|p1a: Gliscor|19\/100\n|-boost|p2a: SilentDroidd|spa|1\n|\n|-heal|p1a: Gliscor|25\/100|[from] item: Leftovers\n|-sideend|p1: steezusbreezus|move: Tailwind\n|upkeep\n|turn|7\n|\n|t:|1698475322\n|move|p1a: Gliscor|Baton Pass|p1a: Gliscor\n|\n|t:|1698475324\n|switch|p1a: Arcanine|Arcanine-Hisui, M|100\/100|[from] Baton Pass\n|move|p2a: SilentDroidd|Will-O-Wisp|p1a: Arcanine\n|-immune|p1a: Arcanine\n|\n|upkeep\n|turn|8\n|\n|t:|1698475329\n|move|p1a: Arcanine|Crunch|p2a: SilentDroidd\n|-supereffective|p2a: SilentDroidd\n|-damage|p2a: SilentDroidd|66\/100\n|-unboost|p2a: SilentDroidd|def|1\n|move|p2a: SilentDroidd|Earth Power|p1a: Arcanine\n|-supereffective|p1a: Arcanine\n|-damage|p1a: Arcanine|0 fnt\n|faint|p1a: Arcanine\n|\n|-heal|p2a: SilentDroidd|72\/100|[from] item: Leftovers\n|upkeep\n|\n|t:|1698475341\n|switch|p1a: Great Tusk|Great Tusk|100\/100\n|turn|9\n|inactive|Battle timer is ON: inactive players will automatically lose when time's up. (requested by BananaBusCrew4)\n|\n|t:|1698475346\n|switch|p2a: Moo Snuckle|Braviary, M, shiny|100\/100\n|move|p1a: Great Tusk|Earthquake|p2a: Moo Snuckle\n|-immune|p2a: Moo Snuckle\n|\n|upkeep\n|turn|10\n|\n|t:|1698475352\n|-end|p1a: Great Tusk|Protosynthesis|[silent]\n|switch|p1a: Corviknight|Corviknight, F|37\/100\n|move|p2a: Moo Snuckle|Bulk Up|p2a: Moo Snuckle\n|-boost|p2a: Moo Snuckle|atk|1\n|-boost|p2a: Moo Snuckle|def|1\n|\n|-heal|p1a: Corviknight|44\/100|[from] item: Leftovers\n|upkeep\n|turn|11\n|\n|t:|1698475356\n|move|p2a: Moo Snuckle|Close Combat|p1a: Corviknight\n|-damage|p1a: Corviknight|0 fnt\n|-unboost|p2a: Moo Snuckle|def|1\n|-unboost|p2a: Moo Snuckle|spd|1\n|faint|p1a: Corviknight\n|\n|upkeep\n|\n|t:|1698475359\n|switch|p1a: Clefable|Clefable, M|100\/100\n|turn|12\n|\n|t:|1698475363\n|move|p2a: Moo Snuckle|Brave Bird|p1a: Clefable\n|-damage|p1a: Clefable|23\/100\n|-damage|p2a: Moo Snuckle|71\/100|[from] Recoil\n|move|p1a: Clefable|Cosmic Power|p1a: Clefable\n|-boost|p1a: Clefable|def|1\n|-boost|p1a: Clefable|spd|1\n|\n|-heal|p2a: Moo Snuckle|77\/100|[from] item: Leftovers\n|-heal|p1a: Clefable|29\/100|[from] item: Leftovers\n|upkeep\n|turn|13\n|\n|t:|1698475371\n|move|p2a: Moo Snuckle|Brave Bird|p1a: Clefable\n|-damage|p1a: Clefable|0 fnt\n|faint|p1a: Clefable\n|-damage|p2a: Moo Snuckle|66\/100|[from] Recoil\n|\n|-heal|p2a: Moo Snuckle|72\/100|[from] item: Leftovers\n|upkeep\n|\n|t:|1698475375\n|switch|p1a: Gliscor|Gliscor, M|25\/100\n|turn|14\n|\n|t:|1698475382\n|-terastallize|p1a: Gliscor|Steel\n|move|p2a: Moo Snuckle|Agility|p2a: Moo Snuckle\n|-boost|p2a: Moo Snuckle|spe|2\n|move|p1a: Gliscor|Agility|p1a: Gliscor\n|-boost|p1a: Gliscor|spe|2\n|\n|-heal|p2a: Moo Snuckle|79\/100|[from] item: Leftovers\n|-heal|p1a: Gliscor|31\/100|[from] item: Leftovers\n|upkeep\n|turn|15\n|\n|t:|1698475389\n|move|p2a: Moo Snuckle|Close Combat|p1a: Gliscor\n|-supereffective|p1a: Gliscor\n|-damage|p1a: Gliscor|0 fnt\n|-unboost|p2a: Moo Snuckle|def|1\n|-unboost|p2a: Moo Snuckle|spd|1\n|faint|p1a: Gliscor\n|\n|-heal|p2a: Moo Snuckle|85\/100|[from] item: Leftovers\n|upkeep\n|\n|t:|1698475392\n|switch|p1a: Great Tusk|Great Tusk|100\/100\n|turn|16\n|\n|t:|1698475398\n|move|p2a: Moo Snuckle|Brave Bird|p1a: Great Tusk\n|-supereffective|p1a: Great Tusk\n|-damage|p1a: Great Tusk|0 fnt\n|faint|p1a: Great Tusk\n|-end|p1a: Great Tusk|Protosynthesis|[silent]\n|-damage|p2a: Moo Snuckle|49\/100|[from] Recoil\n|\n|win|BananaBusCrew4\n|raw|steezusbreezus's rating: 1145 &rarr; <strong>1122<\/strong><br \/>(-23 for losing)\n|raw|BananaBusCrew4's rating: 1169 &rarr; <strong>1192<\/strong><br \/>(+23 for winning)\n|l|\u2606steezusbreezus\n","uploadtime":1698475413,"views":8,"p1id":"steezusbreezus","p2id":"bananabuscrew4","formatid":"gen9anythinggoes","rating":1122,"private":0,"password":""}