{"id":"gen9anythinggoes-1995105888","p1":"en fills","p2":"Luigi3641","format":"[Gen 9] Anything Goes","log":"|j|\u2606en fills\n|j|\u2606Luigi3641\n|t:|1700523187\n|gametype|singles\n|player|p1|en fills|cynthia-gen4|1142\n|player|p2|Luigi3641|juggler|1216\n|teamsize|p1|6\n|teamsize|p2|6\n|gen|9\n|tier|[Gen 9] Anything Goes\n|rated|\n|rule|HP Percentage Mod: HP is shown in percentages\n|rule|Endless Battle Clause: Forcing endless battles is banned\n|clearpoke\n|poke|p1|Glimmora, F|\n|poke|p1|Espathra, F|\n|poke|p1|Gogoat, F|\n|poke|p1|Veluza, F|\n|poke|p1|Avalugg, F|\n|poke|p1|Kingambit, F|\n|poke|p2|Cetitan, F|\n|poke|p2|Frosmoth, F|\n|poke|p2|Toxtricity, M|\n|poke|p2|Meloetta|\n|poke|p2|Zoroark, M|\n|poke|p2|Brute Bonnet|\n|teampreview\n|inactive|Battle timer is ON: inactive players will automatically lose when time's up. (requested by en fills)\n|\n|t:|1700523200\n|start\n|switch|p1a: Gli mora|Glimmora, F, shiny|100\/100\n|switch|p2a: Toxtricity|Toxtricity, M|100\/100\n|-item|p1a: Gli mora|Air Balloon\n|turn|1\n|c|\u2606Luigi3641|Glhf\n|\n|t:|1700523213\n|move|p2a: Toxtricity|Nasty Plot|p2a: Toxtricity\n|-boost|p2a: Toxtricity|spa|2\n|move|p1a: Gli mora|Stealth Rock|p2a: Toxtricity\n|-sidestart|p2: Luigi3641|move: Stealth Rock\n|\n|upkeep\n|turn|2\n|\n|t:|1700523220\n|move|p2a: Toxtricity|Dark Pulse|p1a: Gli mora\n|-crit|p1a: Gli mora\n|-damage|p1a: Gli mora|0 fnt\n|-enditem|p1a: Gli mora|Air Balloon\n|faint|p1a: Gli mora\n|\n|upkeep\n|\n|t:|1700523238\n|switch|p1a: A align|Avalugg, F, shiny|100\/100\n|turn|3\n|\n|t:|1700523249\n|move|p2a: Toxtricity|Flamethrower|p1a: A align\n|-supereffective|p1a: A align\n|-damage|p1a: A align|0 fnt\n|faint|p1a: A align\n|\n|upkeep\n|\n|t:|1700523266\n|switch|p1a: Espathr and|Espathra, F, shiny|100\/100\n|turn|4\n|\n|t:|1700523269\n|move|p2a: Toxtricity|Dark Pulse|p1a: Espathr and\n|-supereffective|p1a: Espathr and\n|-damage|p1a: Espathr and|0 fnt\n|faint|p1a: Espathr and\n|\n|upkeep\n|\n|t:|1700523280\n|switch|p1a: Kingambit|Kingambit, F, shiny|100\/100\n|-activate|p1a: Kingambit|ability: Supreme Overlord\n|-start|p1a: Kingambit|fallen3|[silent]\n|turn|5\n|inactive|en fills has 120 seconds left.\n|\n|t:|1700523329\n|move|p2a: Toxtricity|Flamethrower|p1a: Kingambit\n|-supereffective|p1a: Kingambit\n|-damage|p1a: Kingambit|0 fnt\n|faint|p1a: Kingambit\n|-end|p1a: Kingambit|fallen3|[silent]\n|\n|upkeep\n|\n|t:|1700523333\n|switch|p1a: Velu Zack|Veluza, F, shiny|100\/100\n|turn|6\n|\n|t:|1700523341\n|move|p2a: Toxtricity|Dark Pulse|p1a: Velu Zack\n|-supereffective|p1a: Velu Zack\n|-damage|p1a: Velu Zack|0 fnt\n|faint|p1a: Velu Zack\n|\n|upkeep\n|\n|t:|1700523344\n|switch|p1a: Goats|Gogoat, F, shiny|100\/100\n|turn|7\n|inactive|en fills has 120 seconds left.\n|\n|t:|1700523365\n|move|p2a: Toxtricity|Sludge Bomb|p1a: Goats\n|-supereffective|p1a: Goats\n|-damage|p1a: Goats|0 fnt\n|faint|p1a: Goats\n|\n|win|Luigi3641\n|raw|en fills's rating: 1142 &rarr; <strong>1122<\/strong><br \/>(-20 for losing)\n|raw|Luigi3641's rating: 1216 &rarr; <strong>1236<\/strong><br \/>(+20 for winning)\n|l|\u2606en fills\n","uploadtime":1700523378,"views":0,"p1id":"enfills","p2id":"luigi3641","formatid":"gen9anythinggoes","rating":1122,"private":0,"password":""}