{"id":"gen9anythinggoes-1996340886","p1":"KaenSoul","p2":"jb291","format":"[Gen 9] Anything Goes","log":"|j|\u2606KaenSoul\n|j|\u2606jb291\n|inactive|Battle timer is ON: inactive players will automatically lose when time's up.\n|t:|1700672807\n|gametype|singles\n|player|p1|KaenSoul|iono|\n|player|p2|jb291|korrina-masters|\n|teamsize|p1|6\n|teamsize|p2|6\n|gen|9\n|tier|[Gen 9] Anything Goes\n|rated|Tournament battle\n|rule|HP Percentage Mod: HP is shown in percentages\n|rule|Endless Battle Clause: Forcing endless battles is banned\n|rule|Re-Evolution Mod: Pok\u00e9mon gain the boosts they would gain from evolving again\n|rule|Sleep Moves Clause: Sleep-inducing moves are banned\n|rule|Species Clause: Limit one of each Pok\u00e9mon\n|rule|OHKO Clause: OHKO moves are banned\n|rule|Evasion Moves Clause: Evasion moves are banned\n|rule|Terastal Clause: You cannot Terastallize\n|clearpoke\n|poke|p1|Ninetales-Alola, M|\n|poke|p1|Garchomp, M|\n|poke|p1|Slowking-Galar, M|\n|poke|p1|Tsareena, F|\n|poke|p1|Lokix, F|\n|poke|p1|Ditto|\n|poke|p2|Umbreon, F|\n|poke|p2|Clodsire, F|\n|poke|p2|Toxapex, M|\n|poke|p2|Garganacl, M|\n|poke|p2|Corviknight, F|\n|poke|p2|Dipplin, M|\n|teampreview\n|inactive|jb291 also wants the timer to be on.\n|j|#UT\n|c|\u2606KaenSoul|glhf\n|j| archaludonBeliever\n|j| Dogpraxis\n|\n|t:|1700672829\n|start\n|switch|p1a: Garchomp|Garchomp, M|100\/100\n|switch|p2a: Garganacl|Garganacl, M|100\/100\n|turn|1\n|j|%Gimmickyasitgets\n|\n|t:|1700672840\n|switch|p2a: Corviknight|Corviknight, F|100\/100\n|-ability|p2a: Corviknight|Pressure\n|move|p1a: Garchomp|Substitute|p1a: Garchomp\n|-start|p1a: Garchomp|Substitute\n|-damage|p1a: Garchomp|76\/100\n|\n|-heal|p1a: Garchomp|82\/100|[from] item: Leftovers\n|upkeep\n|turn|2\n|\n|t:|1700672844\n|move|p1a: Garchomp|Swords Dance|p1a: Garchomp\n|-boost|p1a: Garchomp|atk|2\n|move|p2a: Corviknight|Iron Defense|p2a: Corviknight\n|-boost|p2a: Corviknight|def|2\n|\n|-heal|p1a: Garchomp|88\/100|[from] item: Leftovers\n|upkeep\n|turn|3\n|\n|t:|1700672853\n|move|p1a: Garchomp|Fire Fang|p2a: Corviknight\n|-supereffective|p2a: Corviknight\n|-damage|p2a: Corviknight|77\/100\n|cant|p2a: Corviknight|flinch\n|\n|-heal|p1a: Garchomp|94\/100|[from] item: Leftovers\n|-heal|p2a: Corviknight|84\/100|[from] item: Leftovers\n|upkeep\n|turn|4\n|\n|t:|1700672873\n|switch|p1a: Ninetales|Ninetales-Alola, M|100\/100\n|-weather|Snow|[from] ability: Snow Warning|[of] p1a: Ninetales\n|move|p2a: Corviknight|Brave Bird|p1a: Ninetales\n|-damage|p1a: Ninetales|78\/100\n|-damage|p2a: Corviknight|77\/100|[from] Recoil\n|\n|-weather|Snow|[upkeep]\n|-heal|p2a: Corviknight|83\/100|[from] item: Leftovers\n|upkeep\n|turn|5\n|\n|t:|1700672880\n|switch|p2a: Garganacl|Garganacl, M|100\/100\n|move|p1a: Ninetales|Encore||[still]\n|-fail|p1a: Ninetales\n|\n|-weather|Snow|[upkeep]\n|upkeep\n|turn|6\n|l| archaludonBeliever\n|\n|t:|1700672897\n|switch|p1a: Ditto|Ditto|100\/100\n|-transform|p1a: Ditto|p2a: Garganacl|[from] ability: Imposter\n|move|p2a: Garganacl|Stealth Rock|p1a: Ditto\n|-sidestart|p1: KaenSoul|move: Stealth Rock\n|\n|-weather|Snow|[upkeep]\n|upkeep\n|turn|7\n|\n|t:|1700672904\n|switch|p2a: Clodsire|Clodsire, F|100\/100\n|move|p1a: Ditto|Stealth Rock|p2a: Clodsire\n|-sidestart|p2: jb291|move: Stealth Rock\n|\n|-weather|Snow|[upkeep]\n|upkeep\n|turn|8\n|\n|t:|1700672915\n|switch|p1a: Tsareena|Tsareena, F|100\/100\n|move|p2a: Clodsire|Spikes|p1a: Tsareena\n|-sidestart|p1: KaenSoul|Spikes\n|\n|-weather|none\n|upkeep\n|turn|9\n|j|#Giagantic\n|\n|t:|1700672922\n|switch|p2a: Toxapex|Toxapex, M|100\/100\n|-damage|p2a: Toxapex|88\/100|[from] Stealth Rock\n|move|p1a: Tsareena|Knock Off|p2a: Toxapex\n|-damage|p2a: Toxapex|70\/100\n|-damage|p1a: Tsareena|84\/100|[from] item: Rocky Helmet|[of] p2a: Toxapex\n|-enditem|p2a: Toxapex|Rocky Helmet|[from] move: Knock Off|[of] p1a: Tsareena\n|\n|upkeep\n|turn|10\n|l|#Giagantic\n|\n|t:|1700672933\n|switch|p1a: Ditto|Ditto|100\/100\n|-damage|p1a: Ditto|88\/100|[from] Stealth Rock\n|-damage|p1a: Ditto|76\/100|[from] Spikes\n|-transform|p1a: Ditto|p2a: Toxapex|[from] ability: Imposter\n|move|p2a: Toxapex|Toxic Spikes|p1a: Ditto\n|-sidestart|p1: KaenSoul|move: Toxic Spikes\n|\n|upkeep\n|turn|11\n|\n|t:|1700672941\n|switch|p2a: Clodsire|Clodsire, F|100\/100\n|-damage|p2a: Clodsire|94\/100|[from] Stealth Rock\n|move|p1a: Ditto|Toxic Spikes|p2a: Clodsire\n|-sidestart|p2: jb291|move: Toxic Spikes\n|\n|-heal|p2a: Clodsire|100\/100|[from] item: Leftovers\n|upkeep\n|turn|12\n|\n|t:|1700672951\n|switch|p1a: Tsareena|Tsareena, F|84\/100\n|move|p2a: Clodsire|Toxic|p1a: Tsareena\n|-status|p1a: Tsareena|tox\n|\n|-damage|p1a: Tsareena|78\/100 tox|[from] psn\n|upkeep\n|turn|13\n|j|@longhiep341\n|\n|t:|1700672962\n|switch|p2a: Toxapex|Toxapex, M|100\/100\n|-damage|p2a: Toxapex|88\/100|[from] Stealth Rock\n|-sideend|p2: jb291|move: Toxic Spikes|[of] p2a: Toxapex\n|move|p1a: Tsareena|Rapid Spin|p2a: Toxapex\n|-damage|p2a: Toxapex|78\/100\n|-boost|p1a: Tsareena|spe|1\n|-sideend|p1: KaenSoul|Spikes|[from] move: Rapid Spin|[of] p1a: Tsareena\n|-sideend|p1: KaenSoul|Toxic Spikes|[from] move: Rapid Spin|[of] p1a: Tsareena\n|-sideend|p1: KaenSoul|Stealth Rock|[from] move: Rapid Spin|[of] p1a: Tsareena\n|\n|-damage|p1a: Tsareena|65\/100 tox|[from] psn\n|upkeep\n|turn|14\n|\n|t:|1700672971\n|switch|p1a: Slowking|Slowking-Galar, M|100\/100\n|move|p2a: Toxapex|Toxic Spikes|p1a: Slowking\n|-sidestart|p1: KaenSoul|move: Toxic Spikes\n|\n|upkeep\n|turn|15\n|\n|t:|1700672985\n|switch|p2a: Corviknight|Corviknight, F|83\/100\n|-damage|p2a: Corviknight|70\/100|[from] Stealth Rock\n|-ability|p2a: Corviknight|Pressure\n|move|p1a: Slowking|Calm Mind|p1a: Slowking\n|-boost|p1a: Slowking|spa|1\n|-boost|p1a: Slowking|spd|1\n|\n|-heal|p2a: Corviknight|77\/100|[from] item: Leftovers\n|upkeep\n|turn|16\n|\n|t:|1700672989\n|move|p2a: Corviknight|Defog|p1a: Slowking\n|-unboost|p1a: Slowking|evasion|1\n|-sideend|p1: KaenSoul|Toxic Spikes|[from] move: Defog|[of] p2a: Corviknight\n|-sideend|p2: jb291|Stealth Rock|[from] move: Defog|[of] p2a: Corviknight\n|move|p1a: Slowking|Calm Mind|p1a: Slowking\n|-boost|p1a: Slowking|spa|1\n|-boost|p1a: Slowking|spd|1\n|\n|-heal|p2a: Corviknight|83\/100|[from] item: Leftovers\n|upkeep\n|turn|17\n|inactive|jb291 has 120 seconds left.\n|\n|t:|1700673025\n|switch|p2a: Garganacl|Garganacl, M|100\/100\n|move|p1a: Slowking|Calm Mind|p1a: Slowking\n|-boost|p1a: Slowking|spa|1\n|-boost|p1a: Slowking|spd|1\n|\n|upkeep\n|turn|18\n|\n|t:|1700673031\n|move|p1a: Slowking|Psyshock|p2a: Garganacl\n|-damage|p2a: Garganacl|47\/100\n|move|p2a: Garganacl|Salt Cure|p1a: Slowking\n|-damage|p1a: Slowking|89\/100\n|\n|-heal|p2a: Garganacl|53\/100|[from] item: Leftovers\n|upkeep\n|turn|19\n|\n|t:|1700673042\n|move|p1a: Slowking|Sludge Bomb|p2a: Garganacl\n|-resisted|p2a: Garganacl\n|-damage|p2a: Garganacl|21\/100\n|move|p2a: Garganacl|Recover|p2a: Garganacl\n|-heal|p2a: Garganacl|71\/100\n|\n|-heal|p2a: Garganacl|77\/100|[from] item: Leftovers\n|upkeep\n|turn|20\n|\n|t:|1700673048\n|move|p1a: Slowking|Calm Mind|p1a: Slowking\n|-boost|p1a: Slowking|spa|1\n|-boost|p1a: Slowking|spd|1\n|move|p2a: Garganacl|Recover|p2a: Garganacl\n|-heal|p2a: Garganacl|100\/100\n|\n|upkeep\n|turn|21\n|\n|t:|1700673063\n|move|p1a: Slowking|Psyshock|p2a: Garganacl\n|-damage|p2a: Garganacl|37\/100\n|move|p2a: Garganacl|Stealth Rock|p1a: Slowking\n|-sidestart|p1: KaenSoul|move: Stealth Rock\n|\n|-heal|p2a: Garganacl|43\/100|[from] item: Leftovers\n|upkeep\n|turn|22\n|c|%Gimmickyasitgets|good old glowking..\n|l| Dogpraxis\n|\n|t:|1700673077\n|switch|p2a: Umbreon|Umbreon, F|100\/100\n|move|p1a: Slowking|Psyshock|p2a: Umbreon\n|-immune|p2a: Umbreon\n|\n|upkeep\n|turn|23\n|\n|t:|1700673080\n|switch|p2a: Toxapex|Toxapex, M|100\/100\n|move|p1a: Slowking|Sludge Bomb|p2a: Toxapex\n|-resisted|p2a: Toxapex\n|-damage|p2a: Toxapex|64\/100\n|\n|upkeep\n|turn|24\n|\n|t:|1700673090\n|switch|p2a: Umbreon|Umbreon, F|100\/100\n|move|p1a: Slowking|Psyshock|p2a: Umbreon\n|-immune|p2a: Umbreon\n|\n|upkeep\n|turn|25\n|\n|t:|1700673093\n|switch|p2a: Corviknight|Corviknight, F|83\/100\n|-ability|p2a: Corviknight|Pressure\n|move|p1a: Slowking|Sludge Bomb|p2a: Corviknight\n|-immune|p2a: Corviknight\n|\n|-heal|p2a: Corviknight|89\/100|[from] item: Leftovers\n|upkeep\n|turn|26\n|\n|t:|1700673113\n|move|p2a: Corviknight|Iron Defense|p2a: Corviknight\n|-boost|p2a: Corviknight|def|2\n|move|p1a: Slowking|Calm Mind|p1a: Slowking\n|-boost|p1a: Slowking|spa|1\n|-boost|p1a: Slowking|spd|1\n|\n|-heal|p2a: Corviknight|95\/100|[from] item: Leftovers\n|upkeep\n|turn|27\n|\n|t:|1700673117\n|move|p2a: Corviknight|Iron Defense|p2a: Corviknight\n|-boost|p2a: Corviknight|def|2\n|move|p1a: Slowking|Psyshock|p2a: Corviknight\n|-resisted|p2a: Corviknight\n|-damage|p2a: Corviknight|85\/100\n|\n|-heal|p2a: Corviknight|91\/100|[from] item: Leftovers\n|upkeep\n|turn|28\n|\n|t:|1700673121\n|move|p2a: Corviknight|Brave Bird|p1a: Slowking\n|-damage|p1a: Slowking|64\/100\n|-damage|p2a: Corviknight|84\/100|[from] Recoil\n|move|p1a: Slowking|Calm Mind|p1a: Slowking\n|-boost|p1a: Slowking|spa|1\n|-boost|p1a: Slowking|spd|1\n|\n|-heal|p2a: Corviknight|90\/100|[from] item: Leftovers\n|upkeep\n|turn|29\n|\n|t:|1700673125\n|move|p2a: Corviknight|Brave Bird|p1a: Slowking\n|-damage|p1a: Slowking|37\/100\n|-damage|p2a: Corviknight|82\/100|[from] Recoil\n|move|p1a: Slowking|Slack Off|p1a: Slowking\n|-heal|p1a: Slowking|87\/100\n|\n|-heal|p2a: Corviknight|88\/100|[from] item: Leftovers\n|upkeep\n|turn|30\n|c|\u2606KaenSoul|i legit have no way out of id corv\n|inactive|KaenSoul has 120 seconds left.\n|\n|t:|1700673163\n|switch|p1a: Ditto|Ditto|100\/100\n|-damage|p1a: Ditto|88\/100|[from] Stealth Rock\n|-transform|p1a: Ditto|p2a: Corviknight|[from] ability: Imposter\n|-ability|p1a: Ditto|Pressure\n|move|p2a: Corviknight|Brave Bird|p1a: Ditto\n|-resisted|p1a: Ditto\n|-damage|p1a: Ditto|84\/100\n|-damage|p2a: Corviknight|87\/100|[from] Recoil\n|\n|-heal|p2a: Corviknight|93\/100|[from] item: Leftovers\n|upkeep\n|turn|31\n|inactive|KaenSoul has 120 seconds left.\n|c|\u2606KaenSoul|oh nvm\n|\n|t:|1700673174\n|switch|p2a: Garganacl|Garganacl, M|43\/100\n|move|p1a: Ditto|Defog|p2a: Garganacl\n|-unboost|p2a: Garganacl|evasion|1\n|-sideend|p1: KaenSoul|Stealth Rock|[from] move: Defog|[of] p1a: Ditto\n|\n|-heal|p2a: Garganacl|49\/100|[from] item: Leftovers\n|upkeep\n|turn|32\n|inactive|KaenSoul has 120 seconds left.\n|\n|t:|1700673182\n|switch|p1a: Slowking|Slowking-Galar, M|100\/100\n|move|p2a: Garganacl|Recover|p2a: Garganacl\n|-heal|p2a: Garganacl|99\/100\n|\n|-heal|p2a: Garganacl|100\/100|[from] item: Leftovers\n|upkeep\n|turn|33\n|\n|t:|1700673186\n|move|p1a: Slowking|Calm Mind|p1a: Slowking\n|-boost|p1a: Slowking|spa|1\n|-boost|p1a: Slowking|spd|1\n|move|p2a: Garganacl|Stealth Rock|p1a: Slowking\n|-sidestart|p1: KaenSoul|move: Stealth Rock\n|\n|upkeep\n|turn|34\n|\n|t:|1700673188\n|switch|p2a: Toxapex|Toxapex, M|98\/100\n|move|p1a: Slowking|Calm Mind|p1a: Slowking\n|-boost|p1a: Slowking|spa|1\n|-boost|p1a: Slowking|spd|1\n|\n|upkeep\n|turn|35\n|\n|t:|1700673192\n|move|p1a: Slowking|Psyshock|p2a: Toxapex\n|-supereffective|p2a: Toxapex\n|-damage|p2a: Toxapex|22\/100\n|move|p2a: Toxapex|Haze|p2a: Toxapex\n|-clearallboost\n|\n|upkeep\n|turn|36\n|\n|t:|1700673198\n|switch|p2a: Corviknight|Corviknight, F|93\/100\n|-ability|p2a: Corviknight|Pressure\n|move|p1a: Slowking|Psyshock|p2a: Corviknight\n|-resisted|p2a: Corviknight\n|-damage|p2a: Corviknight|85\/100\n|\n|-heal|p2a: Corviknight|91\/100|[from] item: Leftovers\n|upkeep\n|turn|37\n|\n|t:|1700673203\n|switch|p1a: Ditto|Ditto|84\/100\n|-damage|p1a: Ditto|71\/100|[from] Stealth Rock\n|-transform|p1a: Ditto|p2a: Corviknight|[from] ability: Imposter\n|-ability|p1a: Ditto|Pressure\n|move|p2a: Corviknight|Iron Defense|p2a: Corviknight\n|-boost|p2a: Corviknight|def|2\n|\n|-heal|p2a: Corviknight|97\/100|[from] item: Leftovers\n|upkeep\n|turn|38\n|\n|t:|1700673213\n|switch|p2a: Toxapex|Toxapex, M|55\/100\n|move|p1a: Ditto|Defog|p2a: Toxapex\n|-unboost|p2a: Toxapex|evasion|1\n|-sideend|p1: KaenSoul|Stealth Rock|[from] move: Defog|[of] p1a: Ditto\n|\n|upkeep\n|turn|39\n|\n|t:|1700673218\n|switch|p1a: Slowking|Slowking-Galar, M|100\/100\n|move|p2a: Toxapex|Toxic Spikes|p1a: Slowking\n|-sidestart|p1: KaenSoul|move: Toxic Spikes\n|\n|upkeep\n|turn|40\n|\n|t:|1700673222\n|switch|p1a: Ditto|Ditto|71\/100\n|-status|p1a: Ditto|psn\n|-transform|p1a: Ditto|p2a: Toxapex|[from] ability: Imposter\n|switch|p2a: Garganacl|Garganacl, M|100\/100\n|\n|-damage|p1a: Ditto|59\/100 psn|[from] psn\n|upkeep\n|turn|41\n|\n|t:|1700673228\n|move|p1a: Ditto|Recover|p1a: Ditto\n|-heal|p1a: Ditto|100\/100 psn\n|move|p2a: Garganacl|Stealth Rock|p1a: Ditto\n|-sidestart|p1: KaenSoul|move: Stealth Rock\n|\n|-damage|p1a: Ditto|88\/100 psn|[from] psn\n|upkeep\n|turn|42\n|\n|t:|1700673237\n|switch|p1a: Slowking|Slowking-Galar, M|100\/100\n|-sideend|p1: KaenSoul|move: Toxic Spikes|[of] p1a: Slowking\n|-damage|p1a: Slowking|88\/100|[from] Stealth Rock\n|switch|p2a: Dipplin|Dipplin, M|100\/100\n|\n|upkeep\n|turn|43\n|\n|t:|1700673240\n|move|p1a: Slowking|Calm Mind|p1a: Slowking\n|-boost|p1a: Slowking|spa|1\n|-boost|p1a: Slowking|spd|1\n|move|p2a: Dipplin|Dragon Tail|p1a: Slowking\n|-damage|p1a: Slowking|72\/100\n|drag|p1a: Tsareena|Tsareena, F|65\/100 tox\n|\n|-damage|p1a: Tsareena|59\/100 tox|[from] psn\n|upkeep\n|turn|44\n|\n|t:|1700673252\n|move|p1a: Tsareena|U-turn|p2a: Dipplin\n|-supereffective|p2a: Dipplin\n|-damage|p2a: Dipplin|82\/100\n|\n|t:|1700673260\n|switch|p1a: Ninetales|Ninetales-Alola, M|78\/100|[from] U-turn\n|-damage|p1a: Ninetales|53\/100|[from] Stealth Rock\n|-weather|Snow|[from] ability: Snow Warning|[of] p1a: Ninetales\n|move|p2a: Dipplin|Infestation|p1a: Ninetales\n|-resisted|p1a: Ninetales\n|-damage|p1a: Ninetales|51\/100\n|-activate|p1a: Ninetales|move: Infestation|[of] p2a: Dipplin\n|\n|-weather|Snow|[upkeep]\n|-damage|p1a: Ninetales|39\/100|[from] move: Infestation|[partiallytrapped]\n|upkeep\n|turn|45\n|\n|t:|1700673268\n|switch|p2a: Corviknight|Corviknight, F|97\/100\n|-ability|p2a: Corviknight|Pressure\n|move|p1a: Ninetales|Freeze-Dry|p2a: Corviknight\n|-damage|p2a: Corviknight|78\/100\n|\n|-weather|Snow|[upkeep]\n|-heal|p2a: Corviknight|84\/100|[from] item: Leftovers\n|-end|p1a: Ninetales|Infestation|[partiallytrapped]|[silent]\n|upkeep\n|turn|46\n|\n|t:|1700673271\n|switch|p2a: Garganacl|Garganacl, M|100\/100\n|move|p1a: Ninetales|Aurora Veil|p1a: Ninetales\n|-sidestart|p1: KaenSoul|move: Aurora Veil\n|\n|-weather|Snow|[upkeep]\n|upkeep\n|turn|47\n|j| AAATD AHHHHHHHHHH\n|\n|t:|1700673278\n|switch|p1a: Slowking|Slowking-Galar, M|100\/100\n|-damage|p1a: Slowking|88\/100|[from] Stealth Rock\n|move|p2a: Garganacl|Salt Cure|p1a: Slowking\n|-damage|p1a: Slowking|83\/100\n|\n|-weather|Snow|[upkeep]\n|upkeep\n|turn|48\n|l| AAATD AHHHHHHHHHH\n|\n|t:|1700673282\n|switch|p1a: Garchomp|Garchomp, M|94\/100\n|-damage|p1a: Garchomp|88\/100|[from] Stealth Rock\n|switch|p2a: Toxapex|Toxapex, M|88\/100\n|\n|-weather|none\n|-heal|p1a: Garchomp|94\/100|[from] item: Leftovers\n|upkeep\n|turn|49\n|\n|t:|1700673286\n|switch|p2a: Umbreon|Umbreon, F|100\/100\n|move|p1a: Garchomp|Substitute|p1a: Garchomp\n|-start|p1a: Garchomp|Substitute\n|-damage|p1a: Garchomp|69\/100\n|\n|-heal|p1a: Garchomp|75\/100|[from] item: Leftovers\n|upkeep\n|turn|50\n|\n|t:|1700673290\n|move|p1a: Garchomp|Earthquake|p2a: Umbreon\n|-damage|p2a: Umbreon|79\/100\n|move|p2a: Umbreon|Foul Play|p1a: Garchomp\n|-activate|p1a: Garchomp|move: Substitute|[damage]\n|\n|-heal|p1a: Garchomp|82\/100|[from] item: Leftovers\n|-heal|p2a: Umbreon|85\/100|[from] item: Leftovers\n|upkeep\n|turn|51\n|\n|t:|1700673295\n|move|p1a: Garchomp|Earthquake|p2a: Umbreon\n|-damage|p2a: Umbreon|61\/100\n|move|p2a: Umbreon|Foul Play|p1a: Garchomp\n|-end|p1a: Garchomp|Substitute\n|\n|-heal|p1a: Garchomp|88\/100|[from] item: Leftovers\n|-heal|p2a: Umbreon|68\/100|[from] item: Leftovers\n|upkeep\n|turn|52\n|\n|t:|1700673299\n|move|p1a: Garchomp|Substitute|p1a: Garchomp\n|-start|p1a: Garchomp|Substitute\n|-damage|p1a: Garchomp|63\/100\n|move|p2a: Umbreon|Wish|p2a: Umbreon\n|\n|-heal|p1a: Garchomp|69\/100|[from] item: Leftovers\n|-heal|p2a: Umbreon|74\/100|[from] item: Leftovers\n|upkeep\n|turn|53\n|\n|t:|1700673303\n|move|p1a: Garchomp|Earthquake|p2a: Umbreon\n|-damage|p2a: Umbreon|51\/100\n|move|p2a: Umbreon|Foul Play|p1a: Garchomp\n|-activate|p1a: Garchomp|move: Substitute|[damage]\n|\n|-heal|p2a: Umbreon|100\/100|[from] move: Wish|[wisher] Umbreon\n|-heal|p1a: Garchomp|75\/100|[from] item: Leftovers\n|-sideend|p1: KaenSoul|move: Aurora Veil\n|upkeep\n|turn|54\n|\n|t:|1700673308\n|move|p1a: Garchomp|Earthquake|p2a: Umbreon\n|-damage|p2a: Umbreon|76\/100\n|move|p2a: Umbreon|Foul Play|p1a: Garchomp\n|-end|p1a: Garchomp|Substitute\n|\n|-heal|p1a: Garchomp|81\/100|[from] item: Leftovers\n|-heal|p2a: Umbreon|82\/100|[from] item: Leftovers\n|upkeep\n|turn|55\n|\n|t:|1700673313\n|switch|p1a: Ditto|Ditto|100\/100 psn\n|-damage|p1a: Ditto|88\/100 psn|[from] Stealth Rock\n|-transform|p1a: Ditto|p2a: Umbreon|[from] ability: Imposter\n|move|p2a: Umbreon|Toxic|p1a: Ditto|[miss]\n|-miss|p2a: Umbreon|p1a: Ditto\n|\n|-heal|p2a: Umbreon|88\/100|[from] item: Leftovers\n|-damage|p1a: Ditto|76\/100 psn|[from] psn\n|upkeep\n|turn|56\n|\n|t:|1700673316\n|move|p2a: Umbreon|Protect|p2a: Umbreon\n|-singleturn|p2a: Umbreon|Protect\n|move|p1a: Ditto|Wish|p1a: Ditto\n|\n|-heal|p2a: Umbreon|95\/100|[from] item: Leftovers\n|-damage|p1a: Ditto|63\/100 psn|[from] psn\n|upkeep\n|turn|57\n|\n|t:|1700673322\n|switch|p1a: Ninetales|Ninetales-Alola, M|39\/100\n|-damage|p1a: Ninetales|14\/100|[from] Stealth Rock\n|-weather|Snow|[from] ability: Snow Warning|[of] p1a: Ninetales\n|move|p2a: Umbreon|Toxic|p1a: Ninetales|[miss]\n|-miss|p2a: Umbreon|p1a: Ninetales\n|\n|-weather|Snow|[upkeep]\n|-heal|p1a: Ninetales|50\/100|[from] move: Wish|[wisher] Ditto\n|-heal|p2a: Umbreon|100\/100|[from] item: Leftovers\n|upkeep\n|turn|58\n|\n|t:|1700673333\n|switch|p1a: Slowking|Slowking-Galar, M|100\/100\n|-damage|p1a: Slowking|88\/100|[from] Stealth Rock\n|move|p2a: Umbreon|Toxic|p1a: Slowking\n|-immune|p1a: Slowking\n|\n|-weather|Snow|[upkeep]\n|upkeep\n|turn|59\n|\n|t:|1700673338\n|switch|p2a: Garganacl|Garganacl, M|100\/100\n|move|p1a: Slowking|Calm Mind|p1a: Slowking\n|-boost|p1a: Slowking|spa|1\n|-boost|p1a: Slowking|spd|1\n|\n|-weather|Snow|[upkeep]\n|upkeep\n|turn|60\n|\n|t:|1700673343\n|switch|p2a: Corviknight|Corviknight, F|84\/100\n|-ability|p2a: Corviknight|Pressure\n|move|p1a: Slowking|Calm Mind|p1a: Slowking\n|-boost|p1a: Slowking|spa|1\n|-boost|p1a: Slowking|spd|1\n|\n|-weather|Snow|[upkeep]\n|-heal|p2a: Corviknight|90\/100|[from] item: Leftovers\n|upkeep\n|turn|61\n|\n|t:|1700673346\n|move|p2a: Corviknight|Iron Defense|p2a: Corviknight\n|-boost|p2a: Corviknight|def|2\n|move|p1a: Slowking|Calm Mind|p1a: Slowking\n|-boost|p1a: Slowking|spa|1\n|-boost|p1a: Slowking|spd|1\n|\n|-weather|none\n|-heal|p2a: Corviknight|96\/100|[from] item: Leftovers\n|upkeep\n|turn|62\n|\n|t:|1700673350\n|move|p2a: Corviknight|Brave Bird|p1a: Slowking\n|-damage|p1a: Slowking|62\/100\n|-damage|p2a: Corviknight|89\/100|[from] Recoil\n|move|p1a: Slowking|Calm Mind|p1a: Slowking\n|-boost|p1a: Slowking|spa|1\n|-boost|p1a: Slowking|spd|1\n|\n|-heal|p2a: Corviknight|95\/100|[from] item: Leftovers\n|upkeep\n|turn|63\n|\n|t:|1700673354\n|move|p2a: Corviknight|Brave Bird|p1a: Slowking\n|-damage|p1a: Slowking|36\/100\n|-damage|p2a: Corviknight|87\/100|[from] Recoil\n|move|p1a: Slowking|Calm Mind|p1a: Slowking\n|-boost|p1a: Slowking|spa|1\n|-boost|p1a: Slowking|spd|1\n|\n|-heal|p2a: Corviknight|93\/100|[from] item: Leftovers\n|upkeep\n|turn|64\n|\n|t:|1700673358\n|move|p2a: Corviknight|Brave Bird|p1a: Slowking\n|-damage|p1a: Slowking|9\/100\n|-damage|p2a: Corviknight|85\/100|[from] Recoil\n|move|p1a: Slowking|Slack Off|p1a: Slowking\n|-heal|p1a: Slowking|59\/100\n|\n|-heal|p2a: Corviknight|92\/100|[from] item: Leftovers\n|upkeep\n|turn|65\n|\n|t:|1700673363\n|move|p2a: Corviknight|Brave Bird|p1a: Slowking\n|-damage|p1a: Slowking|34\/100\n|-damage|p2a: Corviknight|84\/100|[from] Recoil\n|move|p1a: Slowking|Slack Off|p1a: Slowking\n|-heal|p1a: Slowking|84\/100\n|\n|-heal|p2a: Corviknight|90\/100|[from] item: Leftovers\n|upkeep\n|turn|66\n|\n|t:|1700673365\n|move|p2a: Corviknight|Brave Bird|p1a: Slowking\n|-damage|p1a: Slowking|59\/100\n|-damage|p2a: Corviknight|83\/100|[from] Recoil\n|move|p1a: Slowking|Calm Mind|p1a: Slowking\n|-boost|p1a: Slowking|spa|1\n|-boost|p1a: Slowking|spd|1\n|\n|-heal|p2a: Corviknight|89\/100|[from] item: Leftovers\n|upkeep\n|turn|67\n|\n|t:|1700673373\n|switch|p1a: Ditto|Ditto|63\/100 psn\n|-damage|p1a: Ditto|51\/100 psn|[from] Stealth Rock\n|-transform|p1a: Ditto|p2a: Corviknight|[from] ability: Imposter\n|-ability|p1a: Ditto|Pressure\n|move|p2a: Corviknight|Brave Bird|p1a: Ditto\n|-resisted|p1a: Ditto\n|-damage|p1a: Ditto|45\/100 psn\n|-damage|p2a: Corviknight|88\/100|[from] Recoil\n|\n|-heal|p2a: Corviknight|94\/100|[from] item: Leftovers\n|-damage|p1a: Ditto|32\/100 psn|[from] psn\n|upkeep\n|turn|68\n|\n|t:|1700673381\n|switch|p2a: Garganacl|Garganacl, M|100\/100\n|move|p1a: Ditto|Roost|p1a: Ditto\n|-heal|p1a: Ditto|82\/100 psn\n|-singleturn|p1a: Ditto|move: Roost\n|\n|-damage|p1a: Ditto|70\/100 psn|[from] psn\n|upkeep\n|turn|69\n|\n|t:|1700673388\n|switch|p1a: Slowking|Slowking-Galar, M|92\/100\n|-damage|p1a: Slowking|79\/100|[from] Stealth Rock\n|switch|p2a: Dipplin|Dipplin, M|82\/100\n|\n|upkeep\n|turn|70\n|\n|t:|1700673396\n|switch|p1a: Lokix|Lokix, F|100\/100\n|move|p2a: Dipplin|Dragon Tail|p1a: Lokix\n|-damage|p1a: Lokix|82\/100\n|drag|p1a: Slowking|Slowking-Galar, M|100\/100\n|-damage|p1a: Slowking|88\/100|[from] Stealth Rock\n|\n|upkeep\n|turn|71\n|\n|t:|1700673402\n|switch|p2a: Corviknight|Corviknight, F|94\/100\n|-ability|p2a: Corviknight|Pressure\n|move|p1a: Slowking|Calm Mind|p1a: Slowking\n|-boost|p1a: Slowking|spa|1\n|-boost|p1a: Slowking|spd|1\n|\n|-heal|p2a: Corviknight|99\/100|[from] item: Leftovers\n|upkeep\n|turn|72\n|\n|t:|1700673411\n|switch|p2a: Toxapex|Toxapex, M|100\/100\n|move|p1a: Slowking|Calm Mind|p1a: Slowking\n|-boost|p1a: Slowking|spa|1\n|-boost|p1a: Slowking|spd|1\n|\n|upkeep\n|turn|73\n|\n|t:|1700673415\n|switch|p2a: Umbreon|Umbreon, F|100\/100\n|move|p1a: Slowking|Psyshock|p2a: Umbreon\n|-immune|p2a: Umbreon\n|\n|upkeep\n|turn|74\n|\n|t:|1700673418\n|switch|p2a: Corviknight|Corviknight, F|99\/100\n|-ability|p2a: Corviknight|Pressure\n|move|p1a: Slowking|Calm Mind|p1a: Slowking\n|-boost|p1a: Slowking|spa|1\n|-boost|p1a: Slowking|spd|1\n|\n|-heal|p2a: Corviknight|100\/100|[from] item: Leftovers\n|upkeep\n|turn|75\n|\n|t:|1700673425\n|move|p2a: Corviknight|Iron Defense|p2a: Corviknight\n|-boost|p2a: Corviknight|def|2\n|move|p1a: Slowking|Calm Mind|p1a: Slowking\n|-boost|p1a: Slowking|spa|1\n|-boost|p1a: Slowking|spd|1\n|\n|upkeep\n|turn|76\n|\n|t:|1700673429\n|move|p2a: Corviknight|Iron Defense|p2a: Corviknight\n|-boost|p2a: Corviknight|def|2\n|move|p1a: Slowking|Calm Mind|p1a: Slowking\n|-boost|p1a: Slowking|spa|1\n|-boost|p1a: Slowking|spd|1\n|\n|upkeep\n|turn|77\n|\n|t:|1700673431\n|move|p2a: Corviknight|Brave Bird|p1a: Slowking\n|-damage|p1a: Slowking|59\/100\n|-damage|p2a: Corviknight|92\/100|[from] Recoil\n|move|p1a: Slowking|Calm Mind|p1a: Slowking\n|-boost|p1a: Slowking|spa|1\n|-boost|p1a: Slowking|spd|1\n|\n|-heal|p2a: Corviknight|98\/100|[from] item: Leftovers\n|upkeep\n|turn|78\n|\n|t:|1700673435\n|move|p2a: Corviknight|Brave Bird|p1a: Slowking\n|-damage|p1a: Slowking|32\/100\n|-damage|p2a: Corviknight|90\/100|[from] Recoil\n|move|p1a: Slowking|Slack Off|p1a: Slowking\n|-heal|p1a: Slowking|82\/100\n|\n|-heal|p2a: Corviknight|96\/100|[from] item: Leftovers\n|upkeep\n|turn|79\n|\n|t:|1700673441\n|move|p2a: Corviknight|Iron Defense|p2a: Corviknight\n|-boost|p2a: Corviknight|def|2\n|move|p1a: Slowking|Calm Mind|p1a: Slowking\n|-boost|p1a: Slowking|spa|0\n|-boost|p1a: Slowking|spd|0\n|\n|-heal|p2a: Corviknight|100\/100|[from] item: Leftovers\n|upkeep\n|turn|80\n|\n|t:|1700673444\n|move|p2a: Corviknight|Iron Defense|p2a: Corviknight\n|-boost|p2a: Corviknight|def|0\n|move|p1a: Slowking|Calm Mind|p1a: Slowking\n|-boost|p1a: Slowking|spa|0\n|-boost|p1a: Slowking|spd|0\n|\n|upkeep\n|turn|81\n|\n|t:|1700673449\n|move|p2a: Corviknight|Iron Defense|p2a: Corviknight\n|-boost|p2a: Corviknight|def|0\n|move|p1a: Slowking|Calm Mind|p1a: Slowking\n|-boost|p1a: Slowking|spa|0\n|-boost|p1a: Slowking|spd|0\n|\n|upkeep\n|turn|82\n|\n|t:|1700673456\n|move|p2a: Corviknight|Iron Defense|p2a: Corviknight\n|-boost|p2a: Corviknight|def|0\n|move|p1a: Slowking|Calm Mind|p1a: Slowking\n|-boost|p1a: Slowking|spa|0\n|-boost|p1a: Slowking|spd|0\n|\n|upkeep\n|turn|83\n|\n|t:|1700673469\n|move|p2a: Corviknight|Brave Bird|p1a: Slowking\n|-damage|p1a: Slowking|55\/100\n|-damage|p2a: Corviknight|93\/100|[from] Recoil\n|move|p1a: Slowking|Calm Mind|p1a: Slowking\n|-boost|p1a: Slowking|spa|0\n|-boost|p1a: Slowking|spd|0\n|\n|-heal|p2a: Corviknight|99\/100|[from] item: Leftovers\n|upkeep\n|turn|84\n|\n|t:|1700673478\n|move|p2a: Corviknight|Brave Bird|p1a: Slowking\n|-damage|p1a: Slowking|29\/100\n|-damage|p2a: Corviknight|91\/100|[from] Recoil\n|move|p1a: Slowking|Slack Off|p1a: Slowking\n|-heal|p1a: Slowking|79\/100\n|\n|-heal|p2a: Corviknight|97\/100|[from] item: Leftovers\n|upkeep\n|turn|85\n|\n|t:|1700673482\n|switch|p1a: Ditto|Ditto|70\/100 psn\n|-damage|p1a: Ditto|58\/100 psn|[from] Stealth Rock\n|-transform|p1a: Ditto|p2a: Corviknight|[from] ability: Imposter\n|-ability|p1a: Ditto|Pressure\n|move|p2a: Corviknight|Iron Defense|p2a: Corviknight\n|-boost|p2a: Corviknight|def|0\n|\n|-heal|p2a: Corviknight|100\/100|[from] item: Leftovers\n|-damage|p1a: Ditto|45\/100 psn|[from] psn\n|upkeep\n|turn|86\n|\n|t:|1700673486\n|switch|p2a: Garganacl|Garganacl, M|100\/100\n|move|p1a: Ditto|Roost|p1a: Ditto\n|-heal|p1a: Ditto|95\/100 psn\n|-singleturn|p1a: Ditto|move: Roost\n|\n|-damage|p1a: Ditto|83\/100 psn|[from] psn\n|upkeep\n|turn|87\n|\n|t:|1700673495\n|switch|p1a: Slowking|Slowking-Galar, M|100\/100\n|-damage|p1a: Slowking|88\/100|[from] Stealth Rock\n|switch|p2a: Clodsire|Clodsire, F|100\/100\n|\n|upkeep\n|turn|88\n|\n|t:|1700673516\n|switch|p1a: Ditto|Ditto|83\/100 psn\n|-damage|p1a: Ditto|71\/100 psn|[from] Stealth Rock\n|-transform|p1a: Ditto|p2a: Clodsire|[from] ability: Imposter\n|switch|p2a: Toxapex|Toxapex, M|100\/100\n|\n|-damage|p1a: Ditto|58\/100 psn|[from] psn\n|upkeep\n|turn|89\n|\n|t:|1700673527\n|switch|p2a: Dipplin|Dipplin, M|82\/100\n|move|p1a: Ditto|Recover|p1a: Ditto\n|-heal|p1a: Ditto|100\/100 psn\n|\n|-damage|p1a: Ditto|88\/100 psn|[from] psn\n|upkeep\n|turn|90\n|\n|t:|1700673540\n|switch|p1a: Lokix|Lokix, F|82\/100\n|move|p2a: Dipplin|Infestation|p1a: Lokix\n|-supereffective|p1a: Lokix\n|-damage|p1a: Lokix|67\/100\n|-activate|p1a: Lokix|move: Infestation|[of] p2a: Dipplin\n|\n|-damage|p1a: Lokix|55\/100|[from] move: Infestation|[partiallytrapped]\n|upkeep\n|turn|91\n|\n|t:|1700673545\n|move|p1a: Lokix|Swords Dance|p1a: Lokix\n|-boost|p1a: Lokix|atk|2\n|move|p2a: Dipplin|Recover|p2a: Dipplin\n|-heal|p2a: Dipplin|100\/100\n|\n|-damage|p1a: Lokix|43\/100|[from] move: Infestation|[partiallytrapped]\n|upkeep\n|turn|92\n|\n|t:|1700673550\n|move|p1a: Lokix|Leech Life|p2a: Dipplin\n|-supereffective|p2a: Dipplin\n|-damage|p2a: Dipplin|46\/100\n|-heal|p1a: Lokix|77\/100|[from] drain|[of] p2a: Dipplin\n|move|p2a: Dipplin|Dragon Tail|p1a: Lokix\n|-damage|p1a: Lokix|56\/100\n|drag|p1a: Garchomp|Garchomp, M|81\/100\n|-damage|p1a: Garchomp|75\/100|[from] Stealth Rock\n|\n|-heal|p1a: Garchomp|81\/100|[from] item: Leftovers\n|upkeep\n|turn|93\n|\n|t:|1700673558\n|move|p1a: Garchomp|Substitute|p1a: Garchomp\n|-start|p1a: Garchomp|Substitute\n|-damage|p1a: Garchomp|56\/100\n|move|p2a: Dipplin|Recover|p2a: Dipplin\n|-heal|p2a: Dipplin|96\/100\n|\n|-heal|p1a: Garchomp|63\/100|[from] item: Leftovers\n|upkeep\n|turn|94\n|\n|t:|1700673564\n|switch|p2a: Umbreon|Umbreon, F|100\/100\n|move|p1a: Garchomp|Swords Dance|p1a: Garchomp\n|-boost|p1a: Garchomp|atk|2\n|\n|-heal|p1a: Garchomp|69\/100|[from] item: Leftovers\n|upkeep\n|turn|95\n|\n|t:|1700673568\n|move|p1a: Garchomp|Earthquake|p2a: Umbreon\n|-damage|p2a: Umbreon|55\/100\n|move|p2a: Umbreon|Foul Play|p1a: Garchomp\n|-end|p1a: Garchomp|Substitute\n|\n|-heal|p1a: Garchomp|75\/100|[from] item: Leftovers\n|-heal|p2a: Umbreon|61\/100|[from] item: Leftovers\n|upkeep\n|turn|96\n|\n|t:|1700673572\n|move|p1a: Garchomp|Earthquake|p2a: Umbreon\n|-crit|p2a: Umbreon\n|-damage|p2a: Umbreon|0 fnt\n|faint|p2a: Umbreon\n|\n|-heal|p1a: Garchomp|81\/100|[from] item: Leftovers\n|upkeep\n|\n|t:|1700673575\n|switch|p2a: Corviknight|Corviknight, F|100\/100\n|-ability|p2a: Corviknight|Pressure\n|turn|97\n|\n|t:|1700673580\n|move|p1a: Garchomp|Swords Dance|p1a: Garchomp\n|-boost|p1a: Garchomp|atk|2\n|move|p2a: Corviknight|Iron Defense|p2a: Corviknight\n|-boost|p2a: Corviknight|def|2\n|\n|-heal|p1a: Garchomp|87\/100|[from] item: Leftovers\n|upkeep\n|turn|98\n|\n|t:|1700673582\n|move|p1a: Garchomp|Swords Dance|p1a: Garchomp\n|-boost|p1a: Garchomp|atk|2\n|move|p2a: Corviknight|Iron Defense|p2a: Corviknight\n|-boost|p2a: Corviknight|def|2\n|\n|-heal|p1a: Garchomp|93\/100|[from] item: Leftovers\n|upkeep\n|turn|99\n|\n|t:|1700673584\n|move|p1a: Garchomp|Substitute|p1a: Garchomp\n|-start|p1a: Garchomp|Substitute\n|-damage|p1a: Garchomp|68\/100\n|move|p2a: Corviknight|Brave Bird|p1a: Garchomp\n|-end|p1a: Garchomp|Substitute\n|-damage|p2a: Corviknight|93\/100|[from] Recoil|[of] p1a: Garchomp\n|\n|-heal|p1a: Garchomp|75\/100|[from] item: Leftovers\n|-heal|p2a: Corviknight|99\/100|[from] item: Leftovers\n|upkeep\n|turn|100\n|\n|t:|1700673588\n|move|p1a: Garchomp|Substitute|p1a: Garchomp\n|-start|p1a: Garchomp|Substitute\n|-damage|p1a: Garchomp|50\/100\n|move|p2a: Corviknight|Brave Bird|p1a: Garchomp\n|-end|p1a: Garchomp|Substitute\n|-damage|p2a: Corviknight|91\/100|[from] Recoil|[of] p1a: Garchomp\n|\n|-heal|p1a: Garchomp|56\/100|[from] item: Leftovers\n|-heal|p2a: Corviknight|97\/100|[from] item: Leftovers\n|upkeep\n|turn|101\n|\n|t:|1700673594\n|move|p1a: Garchomp|Substitute|p1a: Garchomp\n|-start|p1a: Garchomp|Substitute\n|-damage|p1a: Garchomp|31\/100\n|move|p2a: Corviknight|Brave Bird|p1a: Garchomp\n|-end|p1a: Garchomp|Substitute\n|-damage|p2a: Corviknight|89\/100|[from] Recoil|[of] p1a: Garchomp\n|\n|-heal|p1a: Garchomp|37\/100|[from] item: Leftovers\n|-heal|p2a: Corviknight|95\/100|[from] item: Leftovers\n|upkeep\n|turn|102\n|\n|t:|1700673599\n|switch|p1a: Ditto|Ditto|88\/100 psn\n|-damage|p1a: Ditto|76\/100 psn|[from] Stealth Rock\n|-transform|p1a: Ditto|p2a: Corviknight|[from] ability: Imposter\n|-ability|p1a: Ditto|Pressure\n|move|p2a: Corviknight|Brave Bird|p1a: Ditto\n|-resisted|p1a: Ditto\n|-damage|p1a: Ditto|72\/100 psn\n|-damage|p2a: Corviknight|94\/100|[from] Recoil\n|\n|-heal|p2a: Corviknight|100\/100|[from] item: Leftovers\n|-damage|p1a: Ditto|59\/100 psn|[from] psn\n|upkeep\n|turn|103\n|\n|t:|1700673604\n|switch|p2a: Garganacl|Garganacl, M|100\/100\n|move|p1a: Ditto|Roost|p1a: Ditto\n|-heal|p1a: Ditto|100\/100 psn\n|-singleturn|p1a: Ditto|move: Roost\n|\n|-damage|p1a: Ditto|88\/100 psn|[from] psn\n|upkeep\n|turn|104\n|\n|t:|1700673614\n|switch|p1a: Slowking|Slowking-Galar, M|100\/100\n|-damage|p1a: Slowking|88\/100|[from] Stealth Rock\n|switch|p2a: Dipplin|Dipplin, M|96\/100\n|\n|upkeep\n|turn|105\n|\n|t:|1700673620\n|move|p1a: Slowking|Calm Mind|p1a: Slowking\n|-boost|p1a: Slowking|spa|1\n|-boost|p1a: Slowking|spd|1\n|move|p2a: Dipplin|Dragon Tail|p1a: Slowking\n|-damage|p1a: Slowking|72\/100\n|drag|p1a: Garchomp|Garchomp, M|37\/100\n|-damage|p1a: Garchomp|31\/100|[from] Stealth Rock\n|\n|-heal|p1a: Garchomp|37\/100|[from] item: Leftovers\n|upkeep\n|turn|106\n|\n|t:|1700673629\n|switch|p1a: Ninetales|Ninetales-Alola, M|50\/100\n|-damage|p1a: Ninetales|25\/100|[from] Stealth Rock\n|-weather|Snow|[from] ability: Snow Warning|[of] p1a: Ninetales\n|move|p2a: Dipplin|Giga Drain|p1a: Ninetales\n|-damage|p1a: Ninetales|2\/100\n|-heal|p2a: Dipplin|100\/100|[from] drain|[of] p1a: Ninetales\n|\n|-weather|Snow|[upkeep]\n|upkeep\n|turn|107\n|\n|t:|1700673634\n|switch|p2a: Toxapex|Toxapex, M|100\/100\n|move|p1a: Ninetales|Aurora Veil|p1a: Ninetales\n|-sidestart|p1: KaenSoul|move: Aurora Veil\n|\n|-weather|Snow|[upkeep]\n|upkeep\n|turn|108\n|\n|t:|1700673637\n|move|p1a: Ninetales|Freeze-Dry|p2a: Toxapex\n|-supereffective|p2a: Toxapex\n|-damage|p2a: Toxapex|71\/100\n|move|p2a: Toxapex|Toxic Spikes|p1a: Ninetales\n|-sidestart|p1: KaenSoul|move: Toxic Spikes\n|\n|-weather|Snow|[upkeep]\n|upkeep\n|turn|109\n|\n|t:|1700673641\n|switch|p2a: Garganacl|Garganacl, M|100\/100\n|move|p1a: Ninetales|Encore||[still]\n|-fail|p1a: Ninetales\n|\n|-weather|Snow|[upkeep]\n|upkeep\n|turn|110\n|\n|t:|1700673644\n|move|p1a: Ninetales|Nasty Plot|p1a: Ninetales\n|-boost|p1a: Ninetales|spa|2\n|move|p2a: Garganacl|Salt Cure|p1a: Ninetales\n|-supereffective|p1a: Ninetales\n|-damage|p1a: Ninetales|0 fnt\n|faint|p1a: Ninetales\n|\n|-weather|none\n|upkeep\n|\n|t:|1700673649\n|switch|p1a: Slowking|Slowking-Galar, M|100\/100\n|-damage|p1a: Slowking|88\/100|[from] Stealth Rock\n|-sideend|p1: KaenSoul|move: Toxic Spikes|[of] p1a: Slowking\n|turn|111\n|\n|t:|1700673661\n|switch|p1a: Ditto|Ditto|88\/100 psn\n|-damage|p1a: Ditto|76\/100 psn|[from] Stealth Rock\n|-transform|p1a: Ditto|p2a: Garganacl|[from] ability: Imposter\n|switch|p2a: Toxapex|Toxapex, M|100\/100\n|\n|-damage|p1a: Ditto|63\/100 psn|[from] psn\n|upkeep\n|turn|112\n|\n|t:|1700673669\n|move|p1a: Ditto|Recover|p1a: Ditto\n|-heal|p1a: Ditto|100\/100 psn\n|move|p2a: Toxapex|Toxic Spikes|p1a: Ditto\n|-sidestart|p1: KaenSoul|move: Toxic Spikes\n|\n|-damage|p1a: Ditto|88\/100 psn|[from] psn\n|upkeep\n|turn|113\n|\n|t:|1700673675\n|switch|p2a: Dipplin|Dipplin, M|100\/100\n|move|p1a: Ditto|Recover|p1a: Ditto\n|-heal|p1a: Ditto|100\/100 psn\n|\n|-damage|p1a: Ditto|88\/100 psn|[from] psn\n|upkeep\n|turn|114\n|\n|t:|1700673679\n|switch|p1a: Slowking|Slowking-Galar, M|100\/100\n|-damage|p1a: Slowking|88\/100|[from] Stealth Rock\n|-sideend|p1: KaenSoul|move: Toxic Spikes|[of] p1a: Slowking\n|move|p2a: Dipplin|Infestation|p1a: Slowking\n|-damage|p1a: Slowking|86\/100\n|-activate|p1a: Slowking|move: Infestation|[of] p2a: Dipplin\n|\n|-damage|p1a: Slowking|74\/100|[from] move: Infestation|[partiallytrapped]\n|-sideend|p1: KaenSoul|move: Aurora Veil\n|upkeep\n|turn|115\n|\n|t:|1700673684\n|move|p2a: Dipplin|Infestation|p1a: Slowking\n|-damage|p1a: Slowking|70\/100\n|move|p1a: Slowking|Calm Mind|p1a: Slowking\n|-boost|p1a: Slowking|spa|1\n|-boost|p1a: Slowking|spd|1\n|\n|-damage|p1a: Slowking|58\/100|[from] move: Infestation|[partiallytrapped]\n|upkeep\n|turn|116\n|\n|t:|1700673688\n|move|p2a: Dipplin|Infestation|p1a: Slowking\n|-damage|p1a: Slowking|55\/100\n|move|p1a: Slowking|Sludge Bomb|p2a: Dipplin\n|-supereffective|p2a: Dipplin\n|-damage|p2a: Dipplin|34\/100\n|\n|-damage|p1a: Slowking|43\/100|[from] move: Infestation|[partiallytrapped]\n|upkeep\n|turn|117\n|\n|t:|1700673694\n|switch|p2a: Corviknight|Corviknight, F|100\/100\n|-ability|p2a: Corviknight|Pressure\n|move|p1a: Slowking|Sludge Bomb|p2a: Corviknight\n|-immune|p2a: Corviknight\n|\n|-end|p1a: Slowking|Infestation|[partiallytrapped]|[silent]\n|upkeep\n|turn|118\n|\n|t:|1700673700\n|switch|p2a: Toxapex|Toxapex, M|100\/100\n|move|p1a: Slowking|Slack Off|p1a: Slowking\n|-heal|p1a: Slowking|93\/100\n|\n|upkeep\n|turn|119\n|\n|t:|1700673703\n|move|p1a: Slowking|Calm Mind|p1a: Slowking\n|-boost|p1a: Slowking|spa|1\n|-boost|p1a: Slowking|spd|1\n|move|p2a: Toxapex|Haze|p2a: Toxapex\n|-clearallboost\n|\n|upkeep\n|turn|120\n|\n|t:|1700673711\n|switch|p1a: Tsareena|Tsareena, F|59\/100 tox\n|move|p2a: Toxapex|Toxic Spikes|p1a: Tsareena\n|-sidestart|p1: KaenSoul|move: Toxic Spikes\n|\n|-damage|p1a: Tsareena|53\/100 tox|[from] psn\n|upkeep\n|turn|121\n|\n|t:|1700673715\n|move|p2a: Toxapex|Baneful Bunker|p2a: Toxapex\n|-singleturn|p2a: Toxapex|move: Protect\n|move|p1a: Tsareena|Rapid Spin|p2a: Toxapex\n|-activate|p2a: Toxapex|move: Protect\n|\n|-damage|p1a: Tsareena|41\/100 tox|[from] psn\n|upkeep\n|turn|122\n|j| Dogpraxis\n|\n|t:|1700673722\n|move|p1a: Tsareena|Rapid Spin|p2a: Toxapex\n|-damage|p2a: Toxapex|92\/100\n|-boost|p1a: Tsareena|spe|1\n|-sideend|p1: KaenSoul|Toxic Spikes|[from] move: Rapid Spin|[of] p1a: Tsareena\n|-sideend|p1: KaenSoul|Stealth Rock|[from] move: Rapid Spin|[of] p1a: Tsareena\n|move|p2a: Toxapex|Toxic Spikes|p1a: Tsareena\n|-sidestart|p1: KaenSoul|move: Toxic Spikes\n|\n|-damage|p1a: Tsareena|22\/100 tox|[from] psn\n|upkeep\n|turn|123\n|\n|t:|1700673728\n|switch|p1a: Slowking|Slowking-Galar, M|100\/100\n|-sideend|p1: KaenSoul|move: Toxic Spikes|[of] p1a: Slowking\n|move|p2a: Toxapex|Toxic Spikes|p1a: Slowking\n|-sidestart|p1: KaenSoul|move: Toxic Spikes\n|\n|upkeep\n|turn|124\n|\n|t:|1700673736\n|switch|p1a: Lokix|Lokix, F|56\/100\n|switch|p2a: Garganacl|Garganacl, M|100\/100\n|\n|upkeep\n|turn|125\n|\n|t:|1700673744\n|switch|p1a: Ditto|Ditto|88\/100 psn\n|-transform|p1a: Ditto|p2a: Garganacl|[from] ability: Imposter\n|move|p2a: Garganacl|Stealth Rock|p1a: Ditto\n|-sidestart|p1: KaenSoul|move: Stealth Rock\n|\n|-damage|p1a: Ditto|76\/100 psn|[from] psn\n|upkeep\n|turn|126\n|\n|t:|1700673749\n|move|p1a: Ditto|Stealth Rock|p2a: Garganacl\n|-sidestart|p2: jb291|move: Stealth Rock\n|move|p2a: Garganacl|Salt Cure|p1a: Ditto\n|-damage|p1a: Ditto|61\/100 psn\n|-start|p1a: Ditto|Salt Cure\n|\n|-damage|p1a: Ditto|49\/100 psn|[from] psn\n|-damage|p1a: Ditto|37\/100 psn|[from] Salt Cure\n|upkeep\n|turn|127\n|\n|t:|1700673756\n|switch|p1a: Slowking|Slowking-Galar, M|100\/100\n|-sideend|p1: KaenSoul|move: Toxic Spikes|[of] p1a: Slowking\n|-damage|p1a: Slowking|88\/100|[from] Stealth Rock\n|switch|p2a: Clodsire|Clodsire, F|100\/100\n|-damage|p2a: Clodsire|94\/100|[from] Stealth Rock\n|\n|-heal|p2a: Clodsire|100\/100|[from] item: Leftovers\n|upkeep\n|turn|128\n|\n|t:|1700673763\n|move|p1a: Slowking|Calm Mind|p1a: Slowking\n|-boost|p1a: Slowking|spa|1\n|-boost|p1a: Slowking|spd|1\n|move|p2a: Clodsire|Spikes|p1a: Slowking\n|-sidestart|p1: KaenSoul|Spikes\n|\n|upkeep\n|turn|129\n|\n|t:|1700673767\n|switch|p2a: Toxapex|Toxapex, M|100\/100\n|-damage|p2a: Toxapex|88\/100|[from] Stealth Rock\n|move|p1a: Slowking|Calm Mind|p1a: Slowking\n|-boost|p1a: Slowking|spa|1\n|-boost|p1a: Slowking|spd|1\n|\n|upkeep\n|turn|130\n|\n|t:|1700673771\n|switch|p2a: Corviknight|Corviknight, F|100\/100\n|-damage|p2a: Corviknight|88\/100|[from] Stealth Rock\n|-ability|p2a: Corviknight|Pressure\n|move|p1a: Slowking|Psyshock|p2a: Corviknight\n|-resisted|p2a: Corviknight\n|-damage|p2a: Corviknight|72\/100\n|\n|-heal|p2a: Corviknight|78\/100|[from] item: Leftovers\n|upkeep\n|turn|131\n|\n|t:|1700673780\n|move|p2a: Corviknight|Iron Defense|p2a: Corviknight\n|-boost|p2a: Corviknight|def|2\n|move|p1a: Slowking|Calm Mind|p1a: Slowking\n|-boost|p1a: Slowking|spa|1\n|-boost|p1a: Slowking|spd|1\n|\n|-heal|p2a: Corviknight|84\/100|[from] item: Leftovers\n|upkeep\n|turn|132\n|\n|t:|1700673789\n|move|p2a: Corviknight|Iron Defense|p2a: Corviknight\n|-boost|p2a: Corviknight|def|2\n|move|p1a: Slowking|Psyshock|p2a: Corviknight\n|-resisted|p2a: Corviknight\n|-damage|p2a: Corviknight|75\/100\n|\n|-heal|p2a: Corviknight|82\/100|[from] item: Leftovers\n|upkeep\n|turn|133\n|\n|t:|1700673794\n|switch|p1a: Tsareena|Tsareena, F|22\/100 tox\n|move|p2a: Corviknight|Roost|p2a: Corviknight\n|-heal|p2a: Corviknight|100\/100\n|-singleturn|p2a: Corviknight|move: Roost\n|\n|-damage|p1a: Tsareena|16\/100 tox|[from] psn\n|upkeep\n|turn|134\n|\n|t:|1700673799\n|switch|p2a: Garganacl|Garganacl, M|100\/100\n|-damage|p2a: Garganacl|88\/100|[from] Stealth Rock\n|move|p1a: Tsareena|Knock Off|p2a: Garganacl\n|-damage|p2a: Garganacl|69\/100\n|-enditem|p2a: Garganacl|Leftovers|[from] move: Knock Off|[of] p1a: Tsareena\n|\n|-damage|p1a: Tsareena|4\/100 tox|[from] psn\n|upkeep\n|turn|135\n|\n|t:|1700673804\n|move|p2a: Garganacl|Protect|p2a: Garganacl\n|-singleturn|p2a: Garganacl|Protect\n|move|p1a: Tsareena|Rapid Spin|p2a: Garganacl\n|-activate|p2a: Garganacl|move: Protect\n|\n|-damage|p1a: Tsareena|0 fnt|[from] psn\n|faint|p1a: Tsareena\n|upkeep\n|l|@longhiep341\n|\n|t:|1700673813\n|switch|p1a: Garchomp|Garchomp, M|37\/100\n|-damage|p1a: Garchomp|31\/100|[from] Stealth Rock\n|-damage|p1a: Garchomp|19\/100|[from] Spikes\n|turn|136\n|\n|t:|1700673816\n|move|p1a: Garchomp|Earthquake|p2a: Garganacl\n|-supereffective|p2a: Garganacl\n|-damage|p2a: Garganacl|5\/100\n|move|p2a: Garganacl|Salt Cure|p1a: Garchomp\n|-resisted|p1a: Garchomp\n|-damage|p1a: Garchomp|13\/100\n|-start|p1a: Garchomp|Salt Cure\n|\n|-heal|p1a: Garchomp|19\/100|[from] item: Leftovers\n|-damage|p1a: Garchomp|6\/100|[from] Salt Cure\n|upkeep\n|turn|137\n|\n|t:|1700673825\n|move|p1a: Garchomp|Fire Fang|p2a: Garganacl\n|-resisted|p2a: Garganacl\n|-damage|p2a: Garganacl|0 fnt\n|faint|p2a: Garganacl\n|\n|-heal|p1a: Garchomp|13\/100|[from] item: Leftovers\n|-damage|p1a: Garchomp|0 fnt|[from] Salt Cure\n|faint|p1a: Garchomp\n|upkeep\n|\n|t:|1700673841\n|switch|p1a: Ditto|Ditto|37\/100 psn\n|switch|p2a: Dipplin|Dipplin, M|34\/100\n|-damage|p1a: Ditto|24\/100 psn|[from] Stealth Rock\n|-damage|p1a: Ditto|12\/100 psn|[from] Spikes\n|-transform|p1a: Ditto|p2a: Dipplin|[from] ability: Imposter\n|-damage|p2a: Dipplin|21\/100|[from] Stealth Rock\n|turn|138\n|c|\u2606KaenSoul|damn the one i didnt want\n|\n|t:|1700673859\n|move|p1a: Ditto|Recover|p1a: Ditto\n|-heal|p1a: Ditto|62\/100 psn\n|move|p2a: Dipplin|Recover|p2a: Dipplin\n|-heal|p2a: Dipplin|71\/100\n|\n|-damage|p1a: Ditto|50\/100 psn|[from] psn\n|upkeep\n|turn|139\n|\n|t:|1700673866\n|switch|p1a: Slowking|Slowking-Galar, M|100\/100\n|-damage|p1a: Slowking|88\/100|[from] Stealth Rock\n|-damage|p1a: Slowking|76\/100|[from] Spikes\n|move|p2a: Dipplin|Infestation|p1a: Slowking\n|-damage|p1a: Slowking|72\/100\n|-activate|p1a: Slowking|move: Infestation|[of] p2a: Dipplin\n|\n|-damage|p1a: Slowking|60\/100|[from] move: Infestation|[partiallytrapped]\n|upkeep\n|turn|140\n|\n|t:|1700673878\n|switch|p2a: Corviknight|Corviknight, F|100\/100\n|-damage|p2a: Corviknight|88\/100|[from] Stealth Rock\n|-ability|p2a: Corviknight|Pressure\n|move|p1a: Slowking|Sludge Bomb|p2a: Corviknight\n|-immune|p2a: Corviknight\n|\n|-heal|p2a: Corviknight|94\/100|[from] item: Leftovers\n|-end|p1a: Slowking|Infestation|[partiallytrapped]|[silent]\n|upkeep\n|turn|141\n|\n|t:|1700673883\n|switch|p2a: Dipplin|Dipplin, M|71\/100\n|-damage|p2a: Dipplin|59\/100|[from] Stealth Rock\n|switch|p1a: Ditto|Ditto|50\/100 psn\n|-damage|p1a: Ditto|37\/100 psn|[from] Stealth Rock\n|-damage|p1a: Ditto|25\/100 psn|[from] Spikes\n|-transform|p1a: Ditto|p2a: Dipplin|[from] ability: Imposter\n|\n|-damage|p1a: Ditto|13\/100 psn|[from] psn\n|upkeep\n|turn|142\n|\n|t:|1700673891\n|move|p1a: Ditto|Recover|p1a: Ditto\n|-heal|p1a: Ditto|63\/100 psn\n|move|p2a: Dipplin|Infestation|p1a: Ditto\n|-supereffective|p1a: Ditto\n|-damage|p1a: Ditto|49\/100 psn\n|-activate|p1a: Ditto|move: Infestation|[of] p2a: Dipplin\n|\n|-damage|p1a: Ditto|37\/100 psn|[from] psn\n|-damage|p1a: Ditto|25\/100 psn|[from] move: Infestation|[partiallytrapped]\n|upkeep\n|turn|143\n|\n|t:|1700673895\n|move|p1a: Ditto|Recover|p1a: Ditto\n|-heal|p1a: Ditto|75\/100 psn\n|move|p2a: Dipplin|Infestation|p1a: Ditto\n|-supereffective|p1a: Ditto\n|-damage|p1a: Ditto|63\/100 psn\n|\n|-damage|p1a: Ditto|50\/100 psn|[from] psn\n|-damage|p1a: Ditto|38\/100 psn|[from] move: Infestation|[partiallytrapped]\n|upkeep\n|turn|144\n|l| Dogpraxis\n|\n|t:|1700673898\n|move|p1a: Ditto|Recover|p1a: Ditto\n|-heal|p1a: Ditto|88\/100 psn\n|move|p2a: Dipplin|Infestation|p1a: Ditto\n|-supereffective|p1a: Ditto\n|-damage|p1a: Ditto|75\/100 psn\n|\n|-damage|p1a: Ditto|62\/100 psn|[from] psn\n|-damage|p1a: Ditto|50\/100 psn|[from] move: Infestation|[partiallytrapped]\n|upkeep\n|turn|145\n|\n|t:|1700673906\n|move|p1a: Ditto|Recover|p1a: Ditto\n|-heal|p1a: Ditto|99\/100 psn\n|move|p2a: Dipplin|Infestation|p1a: Ditto\n|-supereffective|p1a: Ditto\n|-damage|p1a: Ditto|86\/100 psn\n|\n|-damage|p1a: Ditto|74\/100 psn|[from] psn\n|-damage|p1a: Ditto|61\/100 psn|[from] move: Infestation|[partiallytrapped]\n|upkeep\n|turn|146\n|\n|t:|1700673909\n|move|p1a: Ditto|Recover|p1a: Ditto\n|-heal|p1a: Ditto|100\/100 psn\n|move|p2a: Dipplin|Dragon Tail|p1a: Ditto\n|-supereffective|p1a: Ditto\n|-damage|p1a: Ditto|68\/100 psn\n|drag|p1a: Slowking|Slowking-Galar, M|93\/100\n|-damage|p1a: Slowking|80\/100|[from] Stealth Rock\n|-damage|p1a: Slowking|68\/100|[from] Spikes\n|\n|upkeep\n|turn|147\n|\n|t:|1700673919\n|switch|p2a: Corviknight|Corviknight, F|94\/100\n|-damage|p2a: Corviknight|82\/100|[from] Stealth Rock\n|-ability|p2a: Corviknight|Pressure\n|switch|p1a: Ditto|Ditto|68\/100 psn\n|-damage|p1a: Ditto|56\/100 psn|[from] Stealth Rock\n|-damage|p1a: Ditto|44\/100 psn|[from] Spikes\n|-transform|p1a: Ditto|p2a: Corviknight|[from] ability: Imposter\n|-ability|p1a: Ditto|Pressure\n|\n|-heal|p2a: Corviknight|88\/100|[from] item: Leftovers\n|-damage|p1a: Ditto|31\/100 psn|[from] psn\n|upkeep\n|turn|148\n|\n|t:|1700673927\n|switch|p2a: Clodsire|Clodsire, F|100\/100\n|-damage|p2a: Clodsire|94\/100|[from] Stealth Rock\n|move|p1a: Ditto|Defog|p2a: Clodsire\n|-unboost|p2a: Clodsire|evasion|1\n|-sideend|p2: jb291|Stealth Rock|[from] move: Defog|[of] p1a: Ditto\n|-sideend|p1: KaenSoul|Spikes|[from] move: Defog|[of] p1a: Ditto\n|-sideend|p1: KaenSoul|Stealth Rock|[from] move: Defog|[of] p1a: Ditto\n|\n|-heal|p2a: Clodsire|100\/100|[from] item: Leftovers\n|-damage|p1a: Ditto|19\/100 psn|[from] psn\n|upkeep\n|turn|149\n|\n|t:|1700673933\n|switch|p1a: Slowking|Slowking-Galar, M|100\/100\n|move|p2a: Clodsire|Spikes|p1a: Slowking\n|-sidestart|p1: KaenSoul|Spikes\n|\n|upkeep\n|turn|150\n|\n|t:|1700673936\n|switch|p1a: Ditto|Ditto|19\/100 psn\n|-damage|p1a: Ditto|7\/100 psn|[from] Spikes\n|-transform|p1a: Ditto|p2a: Clodsire|[from] ability: Imposter\n|move|p2a: Clodsire|Spikes|p1a: Ditto\n|-sidestart|p1: KaenSoul|Spikes\n|\n|-damage|p1a: Ditto|0 fnt|[from] psn\n|faint|p1a: Ditto\n|upkeep\n|\n|t:|1700673938\n|switch|p1a: Lokix|Lokix, F|56\/100\n|turn|151\n|\n|t:|1700673942\n|move|p1a: Lokix|Swords Dance|p1a: Lokix\n|-boost|p1a: Lokix|atk|2\n|move|p2a: Clodsire|Toxic|p1a: Lokix\n|-status|p1a: Lokix|tox\n|\n|-damage|p1a: Lokix|50\/100 tox|[from] psn\n|upkeep\n|turn|152\n|\n|t:|1700673945\n|move|p1a: Lokix|Swords Dance|p1a: Lokix\n|-boost|p1a: Lokix|atk|2\n|move|p2a: Clodsire|Spikes|p1a: Lokix\n|-sidestart|p1: KaenSoul|Spikes\n|\n|-damage|p1a: Lokix|38\/100 tox|[from] psn\n|upkeep\n|turn|153\n|\n|t:|1700673949\n|move|p1a: Lokix|Leech Life|p2a: Clodsire\n|-resisted|p2a: Clodsire\n|-damage|p2a: Clodsire|69\/100\n|-heal|p1a: Lokix|65\/100 tox|[from] drain|[of] p2a: Clodsire\n|move|p2a: Clodsire|Recover|p2a: Clodsire\n|-heal|p2a: Clodsire|100\/100\n|\n|-damage|p1a: Lokix|46\/100 tox|[from] psn\n|upkeep\n|turn|154\n|\n|t:|1700673952\n|move|p1a: Lokix|Leech Life|p2a: Clodsire\n|-resisted|p2a: Clodsire\n|-damage|p2a: Clodsire|66\/100\n|-heal|p1a: Lokix|76\/100 tox|[from] drain|[of] p2a: Clodsire\n|move|p2a: Clodsire|Recover|p2a: Clodsire\n|-heal|p2a: Clodsire|100\/100\n|\n|-damage|p1a: Lokix|52\/100 tox|[from] psn\n|upkeep\n|turn|155\n|\n|t:|1700673963\n|move|p1a: Lokix|Leech Life|p2a: Clodsire\n|-resisted|p2a: Clodsire\n|-crit|p2a: Clodsire\n|-damage|p2a: Clodsire|50\/100\n|-heal|p1a: Lokix|95\/100 tox|[from] drain|[of] p2a: Clodsire\n|move|p2a: Clodsire|Recover|p2a: Clodsire\n|-heal|p2a: Clodsire|99\/100\n|\n|-heal|p2a: Clodsire|100\/100|[from] item: Leftovers\n|-damage|p1a: Lokix|64\/100 tox|[from] psn\n|upkeep\n|turn|156\n|c|\u2606KaenSoul|man i like ass again lost the moment i let ditto get poisoned u.u\n|inactive|KaenSoul has 120 seconds left.\n|c|\u2606KaenSoul|*i played like ass\n|c|\u2606KaenSoul|that did sound funny tho\n|\n|t:|1700673998\n|move|p1a: Lokix|Leech Life|p2a: Clodsire\n|-resisted|p2a: Clodsire\n|-damage|p2a: Clodsire|65\/100\n|-heal|p1a: Lokix|94\/100 tox|[from] drain|[of] p2a: Clodsire\n|move|p2a: Clodsire|Recover|p2a: Clodsire\n|-heal|p2a: Clodsire|100\/100\n|\n|-damage|p1a: Lokix|58\/100 tox|[from] psn\n|upkeep\n|turn|157\n|\n|t:|1700674002\n|move|p1a: Lokix|Leech Life|p2a: Clodsire\n|-resisted|p2a: Clodsire\n|-damage|p2a: Clodsire|69\/100\n|-heal|p1a: Lokix|84\/100 tox|[from] drain|[of] p2a: Clodsire\n|move|p2a: Clodsire|Earthquake|p1a: Lokix\n|-resisted|p1a: Lokix\n|-damage|p1a: Lokix|69\/100 tox\n|\n|-heal|p2a: Clodsire|75\/100|[from] item: Leftovers\n|-damage|p1a: Lokix|26\/100 tox|[from] psn\n|upkeep\n|turn|158\n|\n|t:|1700674005\n|move|p1a: Lokix|Leech Life|p2a: Clodsire\n|-resisted|p2a: Clodsire\n|-damage|p2a: Clodsire|43\/100\n|-heal|p1a: Lokix|53\/100 tox|[from] drain|[of] p2a: Clodsire\n|move|p2a: Clodsire|Recover|p2a: Clodsire\n|-heal|p2a: Clodsire|93\/100\n|\n|-heal|p2a: Clodsire|99\/100|[from] item: Leftovers\n|-damage|p1a: Lokix|4\/100 tox|[from] psn\n|upkeep\n|turn|159\n|\n|t:|1700674008\n|move|p1a: Lokix|Leech Life|p2a: Clodsire\n|-resisted|p2a: Clodsire\n|-damage|p2a: Clodsire|67\/100\n|-heal|p1a: Lokix|32\/100 tox|[from] drain|[of] p2a: Clodsire\n|move|p2a: Clodsire|Recover|p2a: Clodsire\n|-heal|p2a: Clodsire|100\/100\n|\n|-damage|p1a: Lokix|0 fnt|[from] psn\n|faint|p1a: Lokix\n|upkeep\n|\n|t:|1700674010\n|switch|p1a: Slowking|Slowking-Galar, M|100\/100\n|-damage|p1a: Slowking|75\/100|[from] Spikes\n|turn|160\n|\n|t:|1700674015\n|move|p1a: Slowking|Psyshock|p2a: Clodsire\n|-supereffective|p2a: Clodsire\n|-damage|p2a: Clodsire|39\/100\n|move|p2a: Clodsire|Earthquake|p1a: Slowking\n|-supereffective|p1a: Slowking\n|-damage|p1a: Slowking|33\/100\n|\n|-heal|p2a: Clodsire|45\/100|[from] item: Leftovers\n|upkeep\n|turn|161\n|\n|t:|1700674020\n|switch|p2a: Corviknight|Corviknight, F|88\/100\n|-ability|p2a: Corviknight|Pressure\n|move|p1a: Slowking|Psyshock|p2a: Corviknight\n|-resisted|p2a: Corviknight\n|-crit|p2a: Corviknight\n|-damage|p2a: Corviknight|75\/100\n|\n|-heal|p2a: Corviknight|81\/100|[from] item: Leftovers\n|upkeep\n|turn|162\n|\n|t:|1700674023\n|move|p2a: Corviknight|Brave Bird|p1a: Slowking\n|-damage|p1a: Slowking|5\/100\n|-damage|p2a: Corviknight|72\/100|[from] Recoil\n|move|p1a: Slowking|Sludge Bomb|p2a: Corviknight\n|-immune|p2a: Corviknight\n|\n|-heal|p2a: Corviknight|78\/100|[from] item: Leftovers\n|upkeep\n|turn|163\n|\n|t:|1700674026\n|move|p2a: Corviknight|Brave Bird|p1a: Slowking\n|-damage|p1a: Slowking|0 fnt\n|faint|p1a: Slowking\n|-damage|p2a: Corviknight|77\/100|[from] Recoil\n|\n|win|jb291\n|n|\u2606KaenSoul|kaensoul\n|n|\u2606jb291|jb291\n|n|@UT|ut\n|n| Gimmickyasitgets|gimmickyasitgets\n","uploadtime":1700674028,"views":0,"p1id":"kaensoul","p2id":"jb291","formatid":"gen9anythinggoes","rating":0,"private":0,"password":""}