{"id":"gen9anythinggoes-1977668966","p1":"TheShade87","p2":"NicouilleDroite","format":"[Gen 9] Anything Goes","log":"|j|\u2606TheShade87\n|j|\u2606NicouilleDroite\n|t:|1698436980\n|gametype|singles\n|player|p1|TheShade87|1|1389\n|player|p2|NicouilleDroite|janitor|1476\n|teamsize|p1|6\n|teamsize|p2|6\n|gen|9\n|tier|[Gen 9] Anything Goes\n|rated|\n|rule|HP Percentage Mod: HP is shown in percentages\n|rule|Endless Battle Clause: Forcing endless battles is banned\n|clearpoke\n|poke|p1|Great Tusk|\n|poke|p1|Annihilape, M|\n|poke|p1|Ceruledge, M|\n|poke|p1|Zacian-*|\n|poke|p1|Toxapex, F|\n|poke|p1|Meowscarada, F|\n|poke|p2|Volcarona, M|\n|poke|p2|Greninja-*, M|\n|poke|p2|Chi-Yu|\n|poke|p2|Toxapex, M|\n|poke|p2|Iron Bundle|\n|poke|p2|Sneasler, F|\n|teampreview\n|inactive|Battle timer is ON: inactive players will automatically lose when time's up. (requested by NicouilleDroite)\n|inactive|TheShade87 also wants the timer to be on.\n|\n|t:|1698437005\n|start\n|switch|p1a: Zacian|Zacian-Crowned|100\/100\n|switch|p2a: Iron Bundle|Iron Bundle, shiny|100\/100\n|-ability|p1a: Zacian|Intrepid Sword|boost\n|-boost|p1a: Zacian|atk|1\n|turn|1\n|\n|t:|1698437011\n|-end|p2a: Iron Bundle|Quark Drive|[silent]\n|switch|p2a: Toxapex|Toxapex, M, shiny|100\/100\n|move|p1a: Zacian|Behemoth Blade|p2a: Toxapex\n|-resisted|p2a: Toxapex\n|-damage|p2a: Toxapex|76\/100\n|-damage|p1a: Zacian|84\/100|[from] item: Rocky Helmet|[of] p2a: Toxapex\n|\n|upkeep\n|turn|2\n|\n|t:|1698437017\n|move|p1a: Zacian|Psychic Fangs|p2a: Toxapex\n|-supereffective|p2a: Toxapex\n|-damage|p2a: Toxapex|12\/100\n|-damage|p1a: Zacian|67\/100|[from] item: Rocky Helmet|[of] p2a: Toxapex\n|move|p2a: Toxapex|Infestation|p1a: Zacian\n|-resisted|p1a: Zacian\n|-damage|p1a: Zacian|67\/100\n|-activate|p1a: Zacian|move: Infestation|[of] p2a: Toxapex\n|\n|-damage|p1a: Zacian|54\/100|[from] move: Infestation|[partiallytrapped]\n|upkeep\n|turn|3\n|\n|t:|1698437026\n|switch|p2a: Chi-Yu|Chi-Yu|100\/100\n|-ability|p2a: Chi-Yu|Beads of Ruin\n|move|p1a: Zacian|Play Rough|p2a: Chi-Yu|[miss]\n|-miss|p1a: Zacian|p2a: Chi-Yu\n|\n|-end|p1a: Zacian|Infestation|[partiallytrapped]|[silent]\n|upkeep\n|turn|4\n|\n|t:|1698437033\n|move|p2a: Chi-Yu|Overheat|p1a: Zacian\n|-supereffective|p1a: Zacian\n|-damage|p1a: Zacian|0 fnt\n|-unboost|p2a: Chi-Yu|spa|2\n|faint|p1a: Zacian\n|\n|upkeep\n|\n|t:|1698437042\n|switch|p1a: Annihilape|Annihilape, M, shiny|100\/100\n|turn|5\n|\n|t:|1698437045\n|switch|p2a: Sneasler|Sneasler, F|100\/100\n|move|p1a: Annihilape|Drain Punch|p2a: Sneasler\n|-resisted|p2a: Sneasler\n|-damage|p2a: Sneasler|65\/100\n|\n|upkeep\n|turn|6\n|\n|t:|1698437057\n|switch|p1a: Toxapex|Toxapex, F|100\/100\n|move|p2a: Sneasler|Acrobatics|p1a: Toxapex\n|-damage|p1a: Toxapex|87\/100\n|\n|-heal|p1a: Toxapex|93\/100|[from] item: Leftovers\n|upkeep\n|turn|7\n|\n|t:|1698437069\n|switch|p2a: Toxapex|Toxapex, M, shiny|45\/100\n|move|p1a: Toxapex|Liquidation|p2a: Toxapex\n|-resisted|p2a: Toxapex\n|-damage|p2a: Toxapex|39\/100\n|-damage|p1a: Toxapex|77\/100|[from] item: Rocky Helmet|[of] p2a: Toxapex\n|\n|-heal|p1a: Toxapex|83\/100|[from] item: Leftovers\n|upkeep\n|turn|8\n|\n|t:|1698437077\n|switch|p1a: Great Tusk|Great Tusk|100\/100\n|move|p2a: Toxapex|Recover|p2a: Toxapex\n|-heal|p2a: Toxapex|89\/100\n|\n|upkeep\n|turn|9\n|\n|t:|1698437083\n|move|p1a: Great Tusk|Earthquake|p2a: Toxapex\n|-supereffective|p2a: Toxapex\n|-damage|p2a: Toxapex|24\/100\n|move|p2a: Toxapex|Toxic|p1a: Great Tusk\n|-status|p1a: Great Tusk|tox\n|\n|-damage|p1a: Great Tusk|94\/100 tox|[from] psn\n|upkeep\n|turn|10\n|\n|t:|1698437093\n|switch|p2a: Iron Bundle|Iron Bundle, shiny|100\/100\n|move|p1a: Great Tusk|Earthquake|p2a: Iron Bundle\n|-damage|p2a: Iron Bundle|40\/100\n|\n|-damage|p1a: Great Tusk|82\/100 tox|[from] psn\n|upkeep\n|turn|11\n|\n|t:|1698437104\n|-end|p1a: Great Tusk|Protosynthesis|[silent]\n|switch|p1a: Toxapex|Toxapex, F|100\/100\n|move|p2a: Iron Bundle|Freeze-Dry|p1a: Toxapex\n|-supereffective|p1a: Toxapex\n|-crit|p1a: Toxapex\n|-damage|p1a: Toxapex|10\/100\n|\n|-heal|p1a: Toxapex|16\/100|[from] item: Leftovers\n|upkeep\n|turn|12\n|\n|t:|1698437113\n|switch|p1a: Ceruledge|Ceruledge, M|100\/100\n|move|p2a: Iron Bundle|Freeze-Dry|p1a: Ceruledge\n|-resisted|p1a: Ceruledge\n|-damage|p1a: Ceruledge|80\/100\n|-status|p1a: Ceruledge|frz\n|\n|upkeep\n|turn|13\n|\n|t:|1698437123\n|-end|p2a: Iron Bundle|Quark Drive|[silent]\n|switch|p2a: Volcarona|Volcarona, M, shiny|100\/100\n|cant|p1a: Ceruledge|frz\n|\n|upkeep\n|turn|14\n|\n|t:|1698437129\n|move|p2a: Volcarona|Quiver Dance|p2a: Volcarona\n|-boost|p2a: Volcarona|spa|1\n|-boost|p2a: Volcarona|spd|1\n|-boost|p2a: Volcarona|spe|1\n|cant|p1a: Ceruledge|frz\n|\n|upkeep\n|turn|15\n|\n|t:|1698437134\n|switch|p1a: Toxapex|Toxapex, F|49\/100\n|move|p2a: Volcarona|Quiver Dance|p2a: Volcarona\n|-boost|p2a: Volcarona|spa|1\n|-boost|p2a: Volcarona|spd|1\n|-boost|p2a: Volcarona|spe|1\n|\n|-heal|p1a: Toxapex|55\/100|[from] item: Leftovers\n|upkeep\n|turn|16\n|\n|t:|1698437139\n|move|p2a: Volcarona|Giga Drain|p1a: Toxapex\n|-damage|p1a: Toxapex|3\/100\n|move|p1a: Toxapex|Liquidation|p2a: Volcarona\n|-supereffective|p2a: Volcarona\n|-damage|p2a: Volcarona|36\/100\n|\n|-heal|p2a: Volcarona|42\/100|[from] item: Leftovers\n|-heal|p1a: Toxapex|9\/100|[from] item: Leftovers\n|upkeep\n|turn|17\n|\n|t:|1698437148\n|switch|p1a: Annihilape|Annihilape, M, shiny|100\/100\n|move|p2a: Volcarona|Giga Drain|p1a: Annihilape\n|-damage|p1a: Annihilape|53\/100\n|-heal|p2a: Volcarona|74\/100|[from] drain|[of] p1a: Annihilape\n|\n|-heal|p2a: Volcarona|81\/100|[from] item: Leftovers\n|upkeep\n|turn|18\n|\n|t:|1698437155\n|-terastallize|p2a: Volcarona|Normal\n|move|p2a: Volcarona|Fiery Dance|p1a: Annihilape\n|-damage|p1a: Annihilape|0 fnt\n|-boost|p2a: Volcarona|spa|1\n|faint|p1a: Annihilape\n|\n|-heal|p2a: Volcarona|87\/100|[from] item: Leftovers\n|upkeep\n|\n|t:|1698437166\n|switch|p1a: Great Tusk|Great Tusk|82\/100 tox\n|turn|19\n|\n|t:|1698437172\n|move|p2a: Volcarona|Giga Drain|p1a: Great Tusk\n|-supereffective|p1a: Great Tusk\n|-damage|p1a: Great Tusk|0 fnt\n|-heal|p2a: Volcarona|100\/100|[from] drain|[of] p1a: Great Tusk\n|faint|p1a: Great Tusk\n|-end|p1a: Great Tusk|Protosynthesis|[silent]\n|\n|upkeep\n|\n|t:|1698437177\n|switch|p1a: Meowscarada|Meowscarada, F|100\/100\n|turn|20\n|\n|t:|1698437182\n|move|p2a: Volcarona|Bug Buzz|p1a: Meowscarada\n|-supereffective|p1a: Meowscarada\n|-damage|p1a: Meowscarada|0 fnt\n|faint|p1a: Meowscarada\n|\n|upkeep\n|\n|t:|1698437187\n|switch|p1a: Toxapex|Toxapex, F|42\/100\n|turn|21\n|\n|t:|1698437189\n|switch|p1a: Ceruledge|Ceruledge, M|80\/100 frz\n|move|p2a: Volcarona|Giga Drain|p1a: Ceruledge\n|-resisted|p1a: Ceruledge\n|-damage|p1a: Ceruledge|40\/100 frz\n|\n|upkeep\n|turn|22\n|\n|t:|1698437197\n|switch|p1a: Toxapex|Toxapex, F|75\/100\n|move|p2a: Volcarona|Bug Buzz|p1a: Toxapex\n|-resisted|p1a: Toxapex\n|-damage|p1a: Toxapex|22\/100\n|\n|-heal|p1a: Toxapex|28\/100|[from] item: Leftovers\n|upkeep\n|turn|23\n|-message|TheShade87 forfeited.\n|\n|win|NicouilleDroite\n|raw|TheShade87's rating: 1389 &rarr; <strong>1374<\/strong><br \/>(-15 for losing)\n|raw|NicouilleDroite's rating: 1476 &rarr; <strong>1491<\/strong><br \/>(+15 for winning)\n|l|\u2606TheShade87\n","uploadtime":1698437372,"views":9,"p1id":"theshade87","p2id":"nicouilledroite","formatid":"gen9anythinggoes","rating":1374,"private":0,"password":""}