{"id":"gen9anythinggoes-1984999015","p1":"cesarislh","p2":"iiiiiiiiivfj","format":"[Gen 9] Anything Goes","log":"|j|\u2606cesarislh\n|j|\u2606iiiiiiiiivfj\n|t:|1699319144\n|gametype|singles\n|player|p1|cesarislh|riley|1046\n|player|p2|iiiiiiiiivfj|shauntal|1043\n|teamsize|p1|6\n|teamsize|p2|6\n|gen|9\n|tier|[Gen 9] Anything Goes\n|rated|\n|rule|HP Percentage Mod: HP is shown in percentages\n|rule|Endless Battle Clause: Forcing endless battles is banned\n|clearpoke\n|poke|p1|Pelipper, M|\n|poke|p1|Greninja-*, F|\n|poke|p1|Iron Valiant|\n|poke|p1|Ampharos, F|\n|poke|p1|Ninetales, M|\n|poke|p1|Great Tusk|\n|poke|p2|Zoroark-Hisui, M|\n|poke|p2|Zamazenta-*|\n|poke|p2|Samurott-Hisui, M|\n|poke|p2|Zacian-*|\n|poke|p2|Moltres-Galar|\n|poke|p2|Skeledirge, F|\n|teampreview\n|\n|t:|1699319158\n|start\n|switch|p1a: Pelipper|Pelipper, M, shiny|100\/100\n|switch|p2a: Raisin|Samurott-Hisui, M|100\/100\n|-weather|RainDance|[from] ability: Drizzle|[of] p1a: Pelipper\n|turn|1\n|\n|t:|1699319168\n|move|p2a: Raisin|Hex|p1a: Pelipper\n|-damage|p1a: Pelipper|63\/100\n|move|p1a: Pelipper|Tailwind|p1a: Pelipper\n|-sidestart|p1: cesarislh|move: Tailwind\n|\n|-weather|RainDance|[upkeep]\n|-heal|p1a: Pelipper|69\/100|[from] item: Leftovers\n|upkeep\n|turn|2\n|\n|t:|1699319178\n|move|p1a: Pelipper|Hurricane|p2a: Raisin\n|-damage|p2a: Raisin|24\/100\n|replace|p2a: Abbacchio_kinn|Zoroark-Hisui, M, shiny\n|-end|p2a: Abbacchio_kinn|Illusion\n|move|p2a: Abbacchio_kinn|Hex|p1a: Pelipper\n|-damage|p1a: Pelipper|33\/100\n|\n|-weather|RainDance|[upkeep]\n|-heal|p1a: Pelipper|40\/100|[from] item: Leftovers\n|upkeep\n|turn|3\n|\n|t:|1699319189\n|move|p1a: Pelipper|Protect|p1a: Pelipper\n|-singleturn|p1a: Pelipper|Protect\n|move|p2a: Abbacchio_kinn|Protect||[still]\n|-fail|p2a: Abbacchio_kinn\n|\n|-weather|RainDance|[upkeep]\n|-heal|p1a: Pelipper|46\/100|[from] item: Leftovers\n|upkeep\n|turn|4\n|\n|t:|1699319202\n|switch|p2a: Org|Moltres-Galar|100\/100\n|move|p1a: Pelipper|Roost|p1a: Pelipper\n|-heal|p1a: Pelipper|96\/100\n|-singleturn|p1a: Pelipper|move: Roost\n|\n|-weather|RainDance|[upkeep]\n|-heal|p1a: Pelipper|100\/100|[from] item: Leftovers\n|-sideend|p1: cesarislh|move: Tailwind\n|upkeep\n|turn|5\n|\n|t:|1699319213\n|move|p2a: Org|Acrobatics|p1a: Pelipper\n|-damage|p1a: Pelipper|79\/100\n|move|p1a: Pelipper|Tailwind|p1a: Pelipper\n|-sidestart|p1: cesarislh|move: Tailwind\n|\n|-weather|none\n|-heal|p1a: Pelipper|86\/100|[from] item: Leftovers\n|upkeep\n|turn|6\n|\n|t:|1699319223\n|move|p1a: Pelipper|Hurricane|p2a: Org|[miss]\n|-miss|p1a: Pelipper|p2a: Org\n|move|p2a: Org|Nasty Plot|p2a: Org\n|-boost|p2a: Org|spa|2\n|\n|-heal|p1a: Pelipper|92\/100|[from] item: Leftovers\n|upkeep\n|turn|7\n|\n|t:|1699319233\n|switch|p1a: Greninja|Greninja, F|100\/100\n|move|p2a: Org|Dark Pulse|p1a: Greninja\n|-resisted|p1a: Greninja\n|-damage|p1a: Greninja|55\/100\n|\n|upkeep\n|turn|8\n|\n|t:|1699319241\n|move|p1a: Greninja|Ice Beam|p2a: Org\n|-start|p1a: Greninja|typechange|Ice|[from] ability: Protean\n|-supereffective|p2a: Org\n|-damage|p2a: Org|37\/100\n|-ability|p2a: Org|Berserk|boost\n|-boost|p2a: Org|spa|1\n|move|p2a: Org|Acrobatics|p1a: Greninja\n|-damage|p1a: Greninja|22\/100\n|\n|-sideend|p1: cesarislh|move: Tailwind\n|upkeep\n|turn|9\n|\n|t:|1699319252\n|move|p1a: Greninja|Ice Beam|p2a: Org\n|-supereffective|p2a: Org\n|-damage|p2a: Org|0 fnt\n|faint|p2a: Org\n|\n|upkeep\n|\n|t:|1699319257\n|switch|p2a: Sans I'm ready|Skeledirge, F|100\/100\n|turn|10\n|\n|t:|1699319264\n|switch|p1a: Pelipper|Pelipper, M, shiny|92\/100\n|-weather|RainDance|[from] ability: Drizzle|[of] p1a: Pelipper\n|switch|p2a: Raisin|Samurott-Hisui, M|100\/100\n|\n|-weather|RainDance|[upkeep]\n|-heal|p1a: Pelipper|98\/100|[from] item: Leftovers\n|upkeep\n|turn|11\n|\n|t:|1699319273\n|move|p2a: Raisin|Aqua Cutter|p1a: Pelipper\n|-resisted|p1a: Pelipper\n|-crit|p1a: Pelipper\n|-damage|p1a: Pelipper|36\/100\n|move|p1a: Pelipper|Tailwind|p1a: Pelipper\n|-sidestart|p1: cesarislh|move: Tailwind\n|\n|-weather|RainDance|[upkeep]\n|-heal|p1a: Pelipper|42\/100|[from] item: Leftovers\n|upkeep\n|turn|12\n|\n|t:|1699319284\n|move|p1a: Pelipper|Hurricane|p2a: Raisin\n|-damage|p2a: Raisin|56\/100\n|move|p2a: Raisin|Aqua Cutter|p1a: Pelipper\n|-resisted|p1a: Pelipper\n|-damage|p1a: Pelipper|2\/100\n|\n|-weather|RainDance|[upkeep]\n|-heal|p1a: Pelipper|8\/100|[from] item: Leftovers\n|upkeep\n|turn|13\n|\n|t:|1699319293\n|move|p1a: Pelipper|Hurricane|p2a: Raisin\n|-damage|p2a: Raisin|8\/100\n|move|p2a: Raisin|Aqua Cutter|p1a: Pelipper\n|-resisted|p1a: Pelipper\n|-damage|p1a: Pelipper|0 fnt\n|faint|p1a: Pelipper\n|\n|-weather|RainDance|[upkeep]\n|upkeep\n|\n|t:|1699319304\n|switch|p1a: Ampharos|Ampharos, F, shiny|100\/100\n|turn|14\n|\n|t:|1699319309\n|switch|p2a: Sans I'm ready|Skeledirge, F|100\/100\n|move|p1a: Ampharos|Thunder|p2a: Sans I'm ready\n|-crit|p2a: Sans I'm ready\n|-damage|p2a: Sans I'm ready|41\/100\n|\n|-weather|none\n|-sideend|p1: cesarislh|move: Tailwind\n|upkeep\n|turn|15\n|\n|t:|1699319320\n|move|p2a: Sans I'm ready|Fire Pledge|p1a: Ampharos\n|-damage|p1a: Ampharos|73\/100\n|move|p1a: Ampharos|Power Gem|p2a: Sans I'm ready\n|-supereffective|p2a: Sans I'm ready\n|-damage|p2a: Sans I'm ready|8\/100\n|\n|-heal|p1a: Ampharos|80\/100|[from] item: Leftovers\n|upkeep\n|turn|16\n|\n|t:|1699319330\n|move|p2a: Sans I'm ready|Ember|p1a: Ampharos\n|-damage|p1a: Ampharos|59\/100\n|move|p1a: Ampharos|Power Gem|p2a: Sans I'm ready\n|-supereffective|p2a: Sans I'm ready\n|-damage|p2a: Sans I'm ready|0 fnt\n|faint|p2a: Sans I'm ready\n|\n|-heal|p1a: Ampharos|65\/100|[from] item: Leftovers\n|upkeep\n|\n|t:|1699319334\n|switch|p2a: Raisin|Samurott-Hisui, M|24\/100\n|turn|17\n|\n|t:|1699319342\n|move|p2a: Raisin|Brick Break|p1a: Ampharos\n|-damage|p1a: Ampharos|43\/100\n|move|p1a: Ampharos|Thunder|p2a: Raisin|[miss]\n|-miss|p1a: Ampharos|p2a: Raisin\n|\n|-heal|p1a: Ampharos|50\/100|[from] item: Leftovers\n|upkeep\n|turn|18\n|\n|t:|1699319351\n|move|p2a: Raisin|Protect|p2a: Raisin\n|-singleturn|p2a: Raisin|Protect\n|move|p1a: Ampharos|Electric Terrain|p1a: Ampharos\n|-fieldstart|move: Electric Terrain\n|\n|-heal|p1a: Ampharos|56\/100|[from] item: Leftovers\n|upkeep\n|turn|19\n|\n|t:|1699319359\n|move|p2a: Raisin|Flamethrower|p1a: Ampharos\n|-crit|p1a: Ampharos\n|-damage|p1a: Ampharos|9\/100\n|move|p1a: Ampharos|Volt Switch|p2a: Raisin\n|-damage|p2a: Raisin|0 fnt\n|replace|p2a: Abbacchio_kinn|Zoroark-Hisui, M, shiny\n|-end|p2a: Abbacchio_kinn|Illusion\n|faint|p2a: Abbacchio_kinn\n|-message|iiiiiiiiivfj forfeited.\n|\n|win|cesarislh\n|raw|cesarislh's rating: 1046 &rarr; <strong>1079<\/strong><br \/>(+33 for winning)\n|raw|iiiiiiiiivfj's rating: 1043 &rarr; <strong>1027<\/strong><br \/>(-16 for losing)\n|l|\u2606iiiiiiiiivfj\n","uploadtime":1699319533,"views":6,"p1id":"cesarislh","p2id":"iiiiiiiiivfj","formatid":"gen9anythinggoes","rating":1027,"private":0,"password":""}