{"id":"gen9anythinggoes-1989618958","p1":"F0rgo Wolf","p2":"Crrecrefe","format":"[Gen 9] Anything Goes","log":"|j|\u2606F0rgo Wolf\n|j|\u2606Crrecrefe\n|t:|1699879602\n|gametype|singles\n|player|p1|F0rgo Wolf|169|1074\n|player|p2|Crrecrefe|pokekid|1048\n|teamsize|p1|6\n|teamsize|p2|6\n|gen|9\n|tier|[Gen 9] Anything Goes\n|rated|\n|rule|HP Percentage Mod: HP is shown in percentages\n|rule|Endless Battle Clause: Forcing endless battles is banned\n|clearpoke\n|poke|p1|Miraidon|\n|poke|p1|Zoroark, M|\n|poke|p1|Ogerpon-Cornerstone, F|\n|poke|p1|Quaquaval, F|\n|poke|p1|Skeledirge, F|\n|poke|p1|Meowscarada, F|\n|poke|p2|Toxapex, F|\n|poke|p2|Inteleon, M|\n|poke|p2|Zacian-*|\n|poke|p2|Groudon|\n|poke|p2|Drifblim, M|\n|poke|p2|Vikavolt, F|\n|teampreview\n|inactive|Battle timer is ON: inactive players will automatically lose when time's up. (requested by Crrecrefe)\n|\n|t:|1699879609\n|start\n|switch|p1a: Miraidon|Miraidon|100\/100\n|switch|p2a: Drifblim|Drifblim, M, shiny|100\/100\n|-fieldstart|move: Electric Terrain|[from] ability: Hadron Engine|[of] p1a: Miraidon\n|turn|1\n|c|\u2606F0rgo Wolf|May the best player win\n|\n|t:|1699879628\n|move|p1a: Miraidon|Electro Drift|p2a: Drifblim\n|-supereffective|p2a: Drifblim\n|-damage|p2a: Drifblim|0 fnt\n|-damage|p1a: Miraidon|76\/100|[from] ability: Aftermath|[of] p2a: Drifblim\n|faint|p2a: Drifblim\n|\n|upkeep\n|\n|t:|1699879636\n|switch|p2a: Vikavolt|Vikavolt, F, shiny|100\/100\n|turn|2\n|\n|t:|1699879640\n|move|p1a: Miraidon|Power Gem|p2a: Vikavolt\n|-supereffective|p2a: Vikavolt\n|-damage|p2a: Vikavolt|0 fnt\n|faint|p2a: Vikavolt\n|\n|upkeep\n|\n|t:|1699879646\n|switch|p2a: Toxapex|Toxapex, F|100\/100\n|turn|3\n|\n|t:|1699879653\n|move|p1a: Miraidon|Electro Drift|p2a: Toxapex\n|-supereffective|p2a: Toxapex\n|-damage|p2a: Toxapex|0 fnt\n|faint|p2a: Toxapex\n|\n|upkeep\n|\n|t:|1699879662\n|switch|p2a: Groudon|Groudon, shiny|100\/100\n|-weather|SunnyDay|[from] ability: Drought|[of] p2a: Groudon\n|turn|4\n|\n|t:|1699879668\n|move|p1a: Miraidon|Power Gem|p2a: Groudon\n|-resisted|p2a: Groudon\n|-damage|p2a: Groudon|79\/100\n|move|p2a: Groudon|Precipice Blades|p1a: Miraidon\n|-supereffective|p1a: Miraidon\n|-damage|p1a: Miraidon|0 fnt\n|faint|p1a: Miraidon\n|\n|-weather|SunnyDay|[upkeep]\n|upkeep\n|\n|t:|1699879680\n|switch|p1a: Quaquaval|Quaquaval, F|100\/100\n|turn|5\n|\n|t:|1699879684\n|move|p1a: Quaquaval|Aqua Step|p2a: Groudon\n|-supereffective|p2a: Groudon\n|-damage|p2a: Groudon|60\/100\n|-boost|p1a: Quaquaval|spe|1\n|move|p2a: Groudon|Stealth Rock|p1a: Quaquaval\n|-sidestart|p1: F0rgo Wolf|move: Stealth Rock\n|\n|-weather|SunnyDay|[upkeep]\n|upkeep\n|turn|6\n|\n|t:|1699879692\n|move|p1a: Quaquaval|Aqua Step|p2a: Groudon\n|-supereffective|p2a: Groudon\n|-damage|p2a: Groudon|42\/100\n|-boost|p1a: Quaquaval|spe|1\n|-enditem|p2a: Groudon|Sitrus Berry|[eat]\n|-heal|p2a: Groudon|67\/100|[from] item: Sitrus Berry\n|move|p2a: Groudon|Precipice Blades|p1a: Quaquaval\n|-damage|p1a: Quaquaval|19\/100\n|-enditem|p1a: Quaquaval|Salac Berry|[eat]\n|-boost|p1a: Quaquaval|spe|1|[from] item: Salac Berry\n|\n|-weather|SunnyDay|[upkeep]\n|upkeep\n|turn|7\n|\n|t:|1699879706\n|move|p1a: Quaquaval|Ice Spinner|p2a: Groudon\n|-supereffective|p2a: Groudon\n|-damage|p2a: Groudon|44\/100\n|-fieldend|move: Electric Terrain\n|move|p2a: Groudon|Spikes|p1a: Quaquaval\n|-sidestart|p1: F0rgo Wolf|Spikes\n|\n|-weather|SunnyDay|[upkeep]\n|upkeep\n|turn|8\n|\n|t:|1699879714\n|move|p1a: Quaquaval|Close Combat|p2a: Groudon\n|-damage|p2a: Groudon|13\/100\n|-unboost|p1a: Quaquaval|def|1\n|-unboost|p1a: Quaquaval|spd|1\n|move|p2a: Groudon|Precipice Blades|p1a: Quaquaval|[miss]\n|-miss|p2a: Groudon|p1a: Quaquaval\n|\n|-weather|none\n|upkeep\n|turn|9\n|\n|t:|1699879724\n|move|p2a: Groudon|Protect|p2a: Groudon\n|-singleturn|p2a: Groudon|Protect\n|move|p1a: Quaquaval|Aqua Step|p2a: Groudon\n|-activate|p2a: Groudon|move: Protect\n|\n|upkeep\n|turn|10\n|\n|t:|1699879731\n|move|p1a: Quaquaval|Aqua Step|p2a: Groudon\n|-supereffective|p2a: Groudon\n|-damage|p2a: Groudon|0 fnt\n|-boost|p1a: Quaquaval|spe|1\n|faint|p2a: Groudon\n|\n|upkeep\n|\n|t:|1699879736\n|switch|p2a: Inteleon|Inteleon, M, shiny|100\/100\n|turn|11\n|\n|t:|1699879741\n|move|p1a: Quaquaval|Ice Spinner|p2a: Inteleon\n|-resisted|p2a: Inteleon\n|-damage|p2a: Inteleon|83\/100\n|move|p2a: Inteleon|Swords Dance|p2a: Inteleon\n|-boost|p2a: Inteleon|atk|2\n|\n|upkeep\n|turn|12\n|\n|t:|1699879748\n|move|p1a: Quaquaval|Close Combat|p2a: Inteleon\n|-damage|p2a: Inteleon|0 fnt\n|-unboost|p1a: Quaquaval|def|1\n|-unboost|p1a: Quaquaval|spd|1\n|faint|p2a: Inteleon\n|\n|upkeep\n|\n|t:|1699879755\n|switch|p2a: Zacian|Zacian-Crowned, shiny|100\/100\n|-ability|p2a: Zacian|Intrepid Sword|boost\n|-boost|p2a: Zacian|atk|1\n|turn|13\n|\n|t:|1699879763\n|-terastallize|p2a: Zacian|Steel\n|move|p1a: Quaquaval|Aqua Cutter|p2a: Zacian\n|-damage|p2a: Zacian|51\/100\n|move|p2a: Zacian|Behemoth Blade|p1a: Quaquaval\n|-resisted|p1a: Quaquaval\n|-damage|p1a: Quaquaval|0 fnt\n|faint|p1a: Quaquaval\n|\n|upkeep\n|\n|t:|1699879774\n|switch|p1a: Skeledirge|Skeledirge, F|100\/100\n|-damage|p1a: Skeledirge|76\/100|[from] Stealth Rock\n|-damage|p1a: Skeledirge|63\/100|[from] Spikes\n|turn|14\n|\n|t:|1699879781\n|-terastallize|p1a: Skeledirge|Fire\n|move|p2a: Zacian|Behemoth Blade|p1a: Skeledirge\n|-resisted|p1a: Skeledirge\n|-damage|p1a: Skeledirge|28\/100\n|move|p1a: Skeledirge|Torch Song|p2a: Zacian\n|-supereffective|p2a: Zacian\n|-damage|p2a: Zacian|0 fnt\n|-boost|p1a: Skeledirge|spa|1\n|faint|p2a: Zacian\n|-enditem|p1a: Skeledirge|Throat Spray\n|\n|win|F0rgo Wolf\n|raw|F0rgo Wolf's rating: 1074 &rarr; <strong>1101<\/strong><br \/>(+27 for winning)\n|raw|Crrecrefe's rating: 1048 &rarr; <strong>1032<\/strong><br \/>(-16 for losing)\n|l|\u2606Crrecrefe\n","uploadtime":1699879796,"views":3,"p1id":"f0rgowolf","p2id":"crrecrefe","formatid":"gen9anythinggoes","rating":1032,"private":0,"password":""}