{"id":"gen9anythinggoes-1972891979","p1":"14242 propped in","p2":"Darius50585","format":"[Gen 9] Anything Goes","log":"|j|\u260614242 propped in\n|j|\u2606Darius50585\n|t:|1697906160\n|gametype|singles\n|player|p1|14242 propped in|102|1127\n|player|p2|Darius50585|170|1231\n|teamsize|p1|6\n|teamsize|p2|6\n|gen|9\n|tier|[Gen 9] Anything Goes\n|rated|\n|rule|HP Percentage Mod: HP is shown in percentages\n|rule|Endless Battle Clause: Forcing endless battles is banned\n|clearpoke\n|poke|p1|Bagon, F|\n|poke|p1|Mew|\n|poke|p1|Charizard, F|\n|poke|p1|Meloetta|\n|poke|p1|Decidueye-Hisui, M|\n|poke|p1|Mimikyu, F|\n|poke|p2|Noivern, F|\n|poke|p2|Slaking, M|\n|poke|p2|Magcargo, F|\n|poke|p2|Leafeon, M|\n|poke|p2|Tauros-Paldea-Aqua, M|\n|poke|p2|Sandy Shocks|\n|teampreview\n|c|\u2606Darius50585|glhf\n|\n|t:|1697906175\n|start\n|switch|p1a: Bagon|Bagon, F|100\/100\n|switch|p2a: SuperFast|Magcargo, F, shiny|100\/100\n|turn|1\n|c|\u260614242 propped in|I\u2019m scared of that slaking\n|\n|t:|1697906182\n|move|p1a: Bagon|Dragon Dance|p1a: Bagon\n|-boost|p1a: Bagon|atk|1\n|-boost|p1a: Bagon|spe|1\n|move|p2a: SuperFast|Shell Smash|p2a: SuperFast\n|-unboost|p2a: SuperFast|def|1\n|-unboost|p2a: SuperFast|spd|1\n|-boost|p2a: SuperFast|atk|2\n|-boost|p2a: SuperFast|spa|2\n|-boost|p2a: SuperFast|spe|2\n|\n|upkeep\n|turn|2\n|c|\u2606Darius50585|I'm scared of this bagon\n|c|\u260614242 propped in|cap\n|\n|t:|1697906194\n|move|p2a: SuperFast|Shell Smash|p2a: SuperFast\n|-unboost|p2a: SuperFast|def|1\n|-unboost|p2a: SuperFast|spd|1\n|-boost|p2a: SuperFast|atk|2\n|-boost|p2a: SuperFast|spa|2\n|-boost|p2a: SuperFast|spe|2\n|move|p1a: Bagon|Thunder Fang|p2a: SuperFast\n|-enditem|p2a: SuperFast|Focus Sash\n|-damage|p2a: SuperFast|1\/100\n|-ability|p2a: SuperFast|Weak Armor|boost\n|-unboost|p2a: SuperFast|def|1\n|-boost|p2a: SuperFast|spe|2\n|\n|upkeep\n|turn|3\n|\n|t:|1697906206\n|move|p2a: SuperFast|Power Gem|p1a: Bagon\n|-damage|p1a: Bagon|0 fnt\n|faint|p1a: Bagon\n|\n|upkeep\n|\n|t:|1697906211\n|switch|p1a: Mimikyu|Mimikyu, F|100\/100\n|turn|4\n|c|\u2606Darius50585|still\n|\n|t:|1697906214\n|move|p1a: Mimikyu|Shadow Sneak|p2a: SuperFast\n|-damage|p2a: SuperFast|0 fnt\n|faint|p2a: SuperFast\n|\n|upkeep\n|\n|t:|1697906217\n|switch|p2a: Tauros|Tauros-Paldea-Aqua, M|100\/100\n|-ability|p2a: Tauros|Intimidate|boost\n|-unboost|p1a: Mimikyu|atk|1\n|turn|5\n|c|\u260614242 propped in|superslow\n|\n|t:|1697906222\n|move|p2a: Tauros|Iron Head|p1a: Mimikyu\n|-activate|p1a: Mimikyu|ability: Disguise\n|-damage|p1a: Mimikyu|100\/100\n|detailschange|p1a: Mimikyu|Mimikyu-Busted, F\n|-damage|p1a: Mimikyu|88\/100|[from] pokemon: Mimikyu-Busted\n|move|p1a: Mimikyu|Swords Dance|p1a: Mimikyu\n|-boost|p1a: Mimikyu|atk|2\n|\n|upkeep\n|turn|6\n|\n|t:|1697906236\n|-terastallize|p1a: Mimikyu|Ghost\n|move|p2a: Tauros|Iron Head|p1a: Mimikyu\n|-damage|p1a: Mimikyu|28\/100\n|-enditem|p1a: Mimikyu|Sitrus Berry|[eat]\n|-heal|p1a: Mimikyu|53\/100|[from] item: Sitrus Berry\n|move|p1a: Mimikyu|Play Rough|p2a: Tauros|[miss]\n|-miss|p1a: Mimikyu|p2a: Tauros\n|\n|upkeep\n|turn|7\n|c|\u2606Darius50585|poggers\n|\n|t:|1697906249\n|move|p1a: Mimikyu|Shadow Sneak|p2a: Tauros\n|-damage|p2a: Tauros|66\/100\n|move|p2a: Tauros|Iron Head|p1a: Mimikyu\n|-damage|p1a: Mimikyu|0 fnt\n|faint|p1a: Mimikyu\n|\n|upkeep\n|c|\u260614242 propped in|breh\n|\n|t:|1697906255\n|switch|p1a: Charizard|Charizard, F|100\/100\n|turn|8\n|\n|t:|1697906264\n|switch|p1a: Meloetta|Meloetta|100\/100\n|switch|p2a: Laziday|Slaking, M, shiny|100\/100\n|\n|upkeep\n|turn|9\n|c|\u260614242 propped in|wrong guy oopsies\n|\n|t:|1697906280\n|switch|p1a: dangerous chickin.|Decidueye-Hisui, M, shiny|100\/100\n|move|p2a: Laziday|Body Slam|p1a: dangerous chickin.\n|-damage|p1a: dangerous chickin.|49\/100\n|\n|upkeep\n|turn|10\n|c|\u2606Darius50585|*loud snoring*\n|c|\u260614242 propped in|heh\n|\n|t:|1697906295\n|switch|p2a: Tauros|Tauros-Paldea-Aqua, M|66\/100\n|-ability|p2a: Tauros|Intimidate|boost\n|-fail|p1a: dangerous chickin.|unboost|Attack|[from] ability: Scrappy|[of] p1a: dangerous chickin.\n|move|p1a: dangerous chickin.|Substitute|p1a: dangerous chickin.\n|-start|p1a: dangerous chickin.|Substitute\n|-damage|p1a: dangerous chickin.|24\/100\n|\n|upkeep\n|turn|11\n|\n|t:|1697906304\n|move|p2a: Tauros|Close Combat|p1a: dangerous chickin.\n|-end|p1a: dangerous chickin.|Substitute\n|-unboost|p2a: Tauros|def|1\n|-unboost|p2a: Tauros|spd|1\n|move|p1a: dangerous chickin.|Swords Dance|p1a: dangerous chickin.\n|-boost|p1a: dangerous chickin.|atk|2\n|\n|upkeep\n|turn|12\n|c|\u2606Darius50585|aw crap\n|c|\u260614242 propped in|most funny ag player in tiwn\n|c|\u260614242 propped in|town\n|c|\u2606Darius50585|ima die\n|c|\u260614242 propped in|your thing outspeeds though you\u2019re fine\n|\n|t:|1697906324\n|move|p2a: Tauros|Close Combat|p1a: dangerous chickin.\n|-damage|p1a: dangerous chickin.|0 fnt\n|-unboost|p2a: Tauros|def|1\n|-unboost|p2a: Tauros|spd|1\n|faint|p1a: dangerous chickin.\n|\n|upkeep\n|c|\u2606Darius50585|rip water bull\n|\n|t:|1697906331\n|switch|p1a: Mew|Mew|100\/100\n|turn|13\n|\n|t:|1697906335\n|switch|p2a: Laziday|Slaking, M, shiny|100\/100\n|move|p1a: Mew|Dragon Dance|p1a: Mew\n|-boost|p1a: Mew|atk|1\n|-boost|p1a: Mew|spe|1\n|\n|upkeep\n|turn|14\n|\n|t:|1697906343\n|move|p1a: Mew|Drain Punch|p2a: Laziday\n|-supereffective|p2a: Laziday\n|-damage|p2a: Laziday|57\/100\n|move|p2a: Laziday|Knock Off|p1a: Mew\n|-supereffective|p1a: Mew\n|-damage|p1a: Mew|41\/100\n|-enditem|p1a: Mew|Weakness Policy\n|-boost|p1a: Mew|atk|2|[from] item: Weakness Policy\n|-boost|p1a: Mew|spa|2|[from] item: Weakness Policy\n|\n|-heal|p2a: Laziday|64\/100|[from] item: Leftovers\n|upkeep\n|turn|15\n|c|\u260614242 propped in|mew\n|c|\u2606Darius50585|OH SH-\n|c|\u260614242 propped in|You fucking suck\n|\n|t:|1697906360\n|move|p1a: Mew|Dragon Dance|p1a: Mew\n|-boost|p1a: Mew|atk|1\n|-boost|p1a: Mew|spe|1\n|cant|p2a: Laziday|ability: Truant\n|\n|-heal|p2a: Laziday|70\/100|[from] item: Leftovers\n|upkeep\n|turn|16\n|\n|t:|1697906366\n|move|p1a: Mew|Drain Punch|p2a: Laziday\n|-supereffective|p2a: Laziday\n|-damage|p2a: Laziday|0 fnt\n|-heal|p1a: Mew|83\/100|[from] drain|[of] p2a: Laziday\n|faint|p2a: Laziday\n|\n|upkeep\n|c|\u2606Darius50585|nice.\n|c|\u260614242 propped in|nice health btw\n|\n|t:|1697906377\n|switch|p2a: Tauros|Tauros-Paldea-Aqua, M|66\/100\n|-ability|p2a: Tauros|Intimidate|boost\n|-unboost|p1a: Mew|atk|1\n|turn|17\n|c|\u2606Darius50585|ikr\n|\n|t:|1697906385\n|move|p1a: Mew|Drain Punch|p2a: Tauros\n|-damage|p2a: Tauros|0 fnt\n|-heal|p1a: Mew|100\/100|[from] drain|[of] p2a: Tauros\n|faint|p2a: Tauros\n|\n|upkeep\n|\n|t:|1697906389\n|switch|p2a: Mintyboom|Noivern, F, shiny|100\/100\n|turn|18\n|\n|t:|1697906393\n|move|p1a: Mew|Crunch|p2a: Mintyboom\n|-damage|p2a: Mintyboom|18\/100\n|move|p2a: Mintyboom|Boomburst|p1a: Mew\n|-damage|p1a: Mew|46\/100\n|\n|upkeep\n|turn|19\n|\n|t:|1697906400\n|move|p1a: Mew|Crunch|p2a: Mintyboom\n|-damage|p2a: Mintyboom|0 fnt\n|faint|p2a: Mintyboom\n|\n|upkeep\n|c|\u2606Darius50585|prob should've tera\n|\n|t:|1697906409\n|switch|p2a: Leafie|Leafeon, M|100\/100\n|turn|20\n|c|\u260614242 propped in|mew is stronker than mewtwo\n|\n|t:|1697906418\n|move|p1a: Mew|X-Scissor|p2a: Leafie\n|-supereffective|p2a: Leafie\n|-damage|p2a: Leafie|0 fnt\n|faint|p2a: Leafie\n|\n|upkeep\n|\n|t:|1697906421\n|switch|p2a: Sandy Cheeks|Sandy Shocks|100\/100\n|turn|21\n|c|\u2606Darius50585|fr\n|\n|t:|1697906433\n|move|p1a: Mew|Drain Punch|p2a: Sandy Cheeks\n|-damage|p2a: Sandy Cheeks|29\/100\n|-heal|p1a: Mew|76\/100|[from] drain|[of] p2a: Sandy Cheeks\n|move|p2a: Sandy Cheeks|Thunderbolt|p1a: Mew\n|-damage|p1a: Mew|16\/100\n|\n|upkeep\n|turn|22\n|c|\u2606Darius50585|NOOOOOOOOOOOO\n|\n|t:|1697906444\n|move|p1a: Mew|Drain Punch|p2a: Sandy Cheeks\n|-damage|p2a: Sandy Cheeks|0 fnt\n|-heal|p1a: Mew|28\/100|[from] drain|[of] p2a: Sandy Cheeks\n|faint|p2a: Sandy Cheeks\n|-end|p2a: Sandy Cheeks|Protosynthesis|[silent]\n|\n|win|14242 propped in\n|raw|14242 propped in's rating: 1127 &rarr; <strong>1159<\/strong><br \/>(+32 for winning)\n|raw|Darius50585's rating: 1231 &rarr; <strong>1199<\/strong><br \/>(-32 for losing)\n|c|\u2606Darius50585|gg\n|c|\u260614242 propped in|ggs\n|l|\u2606Darius50585\n","uploadtime":1697906355,"views":10,"p1id":"14242proppedin","p2id":"darius50585","formatid":"gen9anythinggoes","rating":1159,"private":0,"password":""}