{"id":"gen9anythinggoes-1988764450","p1":"slice 1020","p2":"Tamara Lettuce","format":"[Gen 9] Anything Goes","log":"|j|\u2606slice 1020\n|j|\u2606Tamara Lettuce\n|t:|1699760148\n|gametype|singles\n|player|p1|slice 1020|burgh|1114\n|player|p2|Tamara Lettuce|bellepa|1041\n|teamsize|p1|6\n|teamsize|p2|6\n|gen|9\n|tier|[Gen 9] Anything Goes\n|rated|\n|rule|HP Percentage Mod: HP is shown in percentages\n|rule|Endless Battle Clause: Forcing endless battles is banned\n|clearpoke\n|poke|p1|Clefable, F|\n|poke|p1|Drifblim, F|\n|poke|p1|Quagsire, M|\n|poke|p1|Grafaiai, M|\n|poke|p1|Scizor, F|\n|poke|p1|Houndstone, F|\n|poke|p2|Umbreon, M|\n|poke|p2|Muk-Alola, F|\n|poke|p2|Primeape, F|\n|poke|p2|Yanma, M|\n|poke|p2|Ninetales-Alola, M|\n|poke|p2|Torkoal, M|\n|teampreview\n|\n|t:|1699760157\n|start\n|switch|p1a: Drifblim|Drifblim, F|100\/100\n|switch|p2a: Muk|Muk-Alola, F|100\/100\n|turn|1\n|\n|t:|1699760162\n|move|p1a: Drifblim|Substitute|p1a: Drifblim\n|-start|p1a: Drifblim|Substitute\n|-damage|p1a: Drifblim|76\/100\n|move|p2a: Muk|Mean Look||[still]\n|-fail|p2a: Muk\n|\n|-heal|p1a: Drifblim|82\/100|[from] item: Leftovers\n|upkeep\n|turn|2\n|\n|t:|1699760179\n|move|p1a: Drifblim|Minimize|p1a: Drifblim\n|-boost|p1a: Drifblim|evasion|2\n|move|p2a: Muk|Taunt|p1a: Drifblim\n|-start|p1a: Drifblim|move: Taunt\n|\n|-heal|p1a: Drifblim|88\/100|[from] item: Leftovers\n|upkeep\n|turn|3\n|\n|t:|1699760187\n|-activate|p1a: Drifblim|move: Struggle\n|move|p1a: Drifblim|Struggle|p2a: Muk\n|-damage|p2a: Muk|93\/100\n|-damage|p1a: Drifblim|63\/100|[from] recoil\n|move|p2a: Muk|Clear Smog|p1a: Drifblim\n|-resisted|p1a: Drifblim\n|-activate|p1a: Drifblim|move: Substitute|[damage]\n|\n|-heal|p1a: Drifblim|69\/100|[from] item: Leftovers\n|-heal|p2a: Muk|99\/100|[from] item: Leftovers\n|upkeep\n|turn|4\n|c|\u2606slice 1020|why did u hurt me in this way\n|\n|t:|1699760200\n|-activate|p1a: Drifblim|move: Struggle\n|move|p1a: Drifblim|Struggle|p2a: Muk\n|-damage|p2a: Muk|92\/100\n|-damage|p1a: Drifblim|44\/100|[from] recoil\n|move|p2a: Muk|Clear Smog|p1a: Drifblim\n|-resisted|p1a: Drifblim\n|-activate|p1a: Drifblim|move: Substitute|[damage]\n|\n|-heal|p1a: Drifblim|50\/100|[from] item: Leftovers\n|-heal|p2a: Muk|98\/100|[from] item: Leftovers\n|upkeep\n|turn|5\n|\n|t:|1699760212\n|-activate|p1a: Drifblim|move: Struggle\n|move|p1a: Drifblim|Struggle|p2a: Muk\n|-damage|p2a: Muk|90\/100\n|-damage|p1a: Drifblim|25\/100|[from] recoil\n|move|p2a: Muk|Clear Smog|p1a: Drifblim\n|-resisted|p1a: Drifblim\n|-activate|p1a: Drifblim|move: Substitute|[damage]\n|\n|-heal|p1a: Drifblim|31\/100|[from] item: Leftovers\n|-heal|p2a: Muk|96\/100|[from] item: Leftovers\n|-end|p1a: Drifblim|move: Taunt\n|upkeep\n|turn|6\n|\n|t:|1699760225\n|move|p1a: Drifblim|Strength Sap|p2a: Muk\n|-unboost|p2a: Muk|atk|1\n|-heal|p1a: Drifblim|70\/100\n|move|p2a: Muk|Taunt|p1a: Drifblim|[miss]\n|-miss|p2a: Muk|p1a: Drifblim\n|\n|-heal|p1a: Drifblim|76\/100|[from] item: Leftovers\n|-heal|p2a: Muk|100\/100|[from] item: Leftovers\n|upkeep\n|turn|7\n|\n|t:|1699760237\n|-terastallize|p2a: Muk|Ghost\n|move|p1a: Drifblim|Minimize|p1a: Drifblim\n|-boost|p1a: Drifblim|evasion|2\n|move|p2a: Muk|Curse|p1a: Drifblim\n|-start|p1a: Drifblim|Curse|[of] p2a: Muk\n|-damage|p2a: Muk|50\/100\n|\n|-heal|p1a: Drifblim|82\/100|[from] item: Leftovers\n|-heal|p2a: Muk|57\/100|[from] item: Leftovers\n|-damage|p1a: Drifblim|57\/100|[from] Curse\n|upkeep\n|turn|8\n|\n|t:|1699760252\n|switch|p2a: Torkoal|Torkoal, M|100\/100\n|-weather|SunnyDay|[from] ability: Drought|[of] p2a: Torkoal\n|move|p1a: Drifblim|Minimize|p1a: Drifblim\n|-boost|p1a: Drifblim|evasion|2\n|\n|-weather|SunnyDay|[upkeep]\n|-heal|p1a: Drifblim|63\/100|[from] item: Leftovers\n|-damage|p1a: Drifblim|38\/100|[from] Curse\n|upkeep\n|turn|9\n|\n|t:|1699760263\n|move|p1a: Drifblim|Baton Pass|p1a: Drifblim\n|\n|t:|1699760266\n|switch|p1a: Clefable|Clefable, F|100\/100|[from] Baton Pass\n|move|p2a: Torkoal|Shell Smash|p2a: Torkoal\n|-unboost|p2a: Torkoal|def|1\n|-unboost|p2a: Torkoal|spd|1\n|-boost|p2a: Torkoal|atk|2\n|-boost|p2a: Torkoal|spa|2\n|-boost|p2a: Torkoal|spe|2\n|-enditem|p2a: Torkoal|White Herb\n|-clearnegativeboost|p2a: Torkoal|[silent]\n|\n|-weather|SunnyDay|[upkeep]\n|upkeep\n|turn|10\n|\n|t:|1699760277\n|move|p2a: Torkoal|Shell Smash|p2a: Torkoal\n|-unboost|p2a: Torkoal|def|1\n|-unboost|p2a: Torkoal|spd|1\n|-boost|p2a: Torkoal|atk|2\n|-boost|p2a: Torkoal|spa|2\n|-boost|p2a: Torkoal|spe|2\n|move|p1a: Clefable|Cosmic Power|p1a: Clefable\n|-boost|p1a: Clefable|def|1\n|-boost|p1a: Clefable|spd|1\n|\n|-weather|SunnyDay|[upkeep]\n|upkeep\n|turn|11\n|c|\u2606slice 1020|im scared\n|\n|t:|1699760292\n|move|p2a: Torkoal|Flare Blitz|p1a: Clefable\n|-end|p1a: Clefable|Substitute\n|-damage|p2a: Torkoal|93\/100|[from] Recoil|[of] p1a: Clefable\n|move|p1a: Clefable|Cosmic Power|p1a: Clefable\n|-boost|p1a: Clefable|def|1\n|-boost|p1a: Clefable|spd|1\n|\n|-weather|SunnyDay|[upkeep]\n|upkeep\n|turn|12\n|\n|t:|1699760300\n|move|p2a: Torkoal|Flare Blitz|p1a: Clefable\n|-damage|p1a: Clefable|0 fnt\n|faint|p1a: Clefable\n|-damage|p2a: Torkoal|47\/100|[from] Recoil\n|\n|-weather|none\n|upkeep\n|c|\u2606slice 1020|OH SHIT\n|\n|t:|1699760309\n|switch|p1a: Quagsire|Quagsire, M|100\/100\n|turn|13\n|\n|t:|1699760318\n|switch|p2a: Yanma|Yanma, M|100\/100\n|move|p1a: Quagsire|Earthquake|p2a: Yanma\n|-immune|p2a: Yanma\n|\n|upkeep\n|turn|14\n|\n|t:|1699760332\n|move|p2a: Yanma|Hypnosis|p1a: Quagsire|[miss]\n|-miss|p2a: Yanma|p1a: Quagsire\n|move|p1a: Quagsire|Ice Punch|p2a: Yanma\n|-supereffective|p2a: Yanma\n|-damage|p2a: Yanma|33\/100\n|\n|upkeep\n|turn|15\n|\n|t:|1699760339\n|switch|p1a: Drifblim|Drifblim, F|38\/100\n|move|p2a: Yanma|Hypnosis|p1a: Drifblim\n|-status|p1a: Drifblim|slp|[from] move: Hypnosis\n|\n|-heal|p1a: Drifblim|45\/100 slp|[from] item: Leftovers\n|upkeep\n|turn|16\n|\n|t:|1699760364\n|move|p2a: Yanma|Air Slash|p1a: Drifblim\n|-crit|p1a: Drifblim\n|-damage|p1a: Drifblim|15\/100 slp\n|cant|p1a: Drifblim|slp\n|\n|-heal|p1a: Drifblim|21\/100 slp|[from] item: Leftovers\n|upkeep\n|turn|17\n|\n|t:|1699760371\n|move|p2a: Yanma|Air Slash|p1a: Drifblim\n|-damage|p1a: Drifblim|1\/100 slp\n|cant|p1a: Drifblim|slp\n|\n|-heal|p1a: Drifblim|7\/100 slp|[from] item: Leftovers\n|upkeep\n|turn|18\n|\n|t:|1699760378\n|move|p2a: Yanma|Air Slash|p1a: Drifblim\n|-damage|p1a: Drifblim|0 fnt\n|faint|p1a: Drifblim\n|\n|upkeep\n|\n|t:|1699760384\n|switch|p1a: Grafaiai|Grafaiai, M|100\/100\n|turn|19\n|\n|t:|1699760387\n|move|p1a: Grafaiai|Substitute|p1a: Grafaiai\n|-start|p1a: Grafaiai|Substitute\n|-damage|p1a: Grafaiai|76\/100\n|move|p2a: Yanma|Hypnosis||[still]\n|-fail|p2a: Yanma\n|\n|-heal|p1a: Grafaiai|82\/100|[from] item: Leftovers\n|upkeep\n|turn|20\n|\n|t:|1699760394\n|switch|p2a: Torkoal|Torkoal, M|47\/100\n|-weather|SunnyDay|[from] ability: Drought|[of] p2a: Torkoal\n|move|p1a: Grafaiai|Swords Dance|p1a: Grafaiai\n|-boost|p1a: Grafaiai|atk|2\n|\n|-weather|SunnyDay|[upkeep]\n|-heal|p1a: Grafaiai|88\/100|[from] item: Leftovers\n|upkeep\n|turn|21\n|\n|t:|1699760405\n|move|p1a: Grafaiai|Toxic|p2a: Torkoal\n|-status|p2a: Torkoal|tox\n|move|p2a: Torkoal|Earthquake|p1a: Grafaiai\n|-supereffective|p1a: Grafaiai\n|-end|p1a: Grafaiai|Substitute\n|\n|-weather|SunnyDay|[upkeep]\n|-heal|p1a: Grafaiai|94\/100|[from] item: Leftovers\n|-damage|p2a: Torkoal|41\/100 tox|[from] psn\n|upkeep\n|turn|22\n|\n|t:|1699760414\n|move|p1a: Grafaiai|Substitute|p1a: Grafaiai\n|-start|p1a: Grafaiai|Substitute\n|-damage|p1a: Grafaiai|69\/100\n|move|p2a: Torkoal|Earthquake|p1a: Grafaiai\n|-supereffective|p1a: Grafaiai\n|-end|p1a: Grafaiai|Substitute\n|\n|-weather|SunnyDay|[upkeep]\n|-heal|p1a: Grafaiai|75\/100|[from] item: Leftovers\n|-damage|p2a: Torkoal|29\/100 tox|[from] psn\n|upkeep\n|turn|23\n|\n|t:|1699760424\n|move|p1a: Grafaiai|Baton Pass|p1a: Grafaiai\n|\n|t:|1699760429\n|switch|p1a: Quagsire|Quagsire, M|100\/100|[from] Baton Pass\n|move|p2a: Torkoal|Earthquake|p1a: Quagsire\n|-damage|p1a: Quagsire|72\/100\n|\n|-weather|SunnyDay|[upkeep]\n|-heal|p1a: Quagsire|78\/100|[from] item: Leftovers\n|-damage|p2a: Torkoal|11\/100 tox|[from] psn\n|upkeep\n|turn|24\n|\n|t:|1699760440\n|move|p2a: Torkoal|Earthquake|p1a: Quagsire\n|-damage|p1a: Quagsire|52\/100\n|move|p1a: Quagsire|Waterfall|p2a: Torkoal\n|-supereffective|p2a: Torkoal\n|-damage|p2a: Torkoal|0 fnt\n|faint|p2a: Torkoal\n|\n|-weather|none\n|-heal|p1a: Quagsire|58\/100|[from] item: Leftovers\n|upkeep\n|\n|t:|1699760458\n|switch|p2a: Yanma|Yanma, M|33\/100\n|turn|25\n|\n|t:|1699760463\n|move|p2a: Yanma|Hypnosis|p1a: Quagsire\n|-status|p1a: Quagsire|slp|[from] move: Hypnosis\n|cant|p1a: Quagsire|slp\n|\n|-heal|p1a: Quagsire|64\/100 slp|[from] item: Leftovers\n|upkeep\n|turn|26\n|\n|t:|1699760471\n|move|p2a: Yanma|Bug Buzz|p1a: Quagsire\n|-damage|p1a: Quagsire|28\/100 slp\n|cant|p1a: Quagsire|slp\n|\n|-heal|p1a: Quagsire|34\/100 slp|[from] item: Leftovers\n|upkeep\n|turn|27\n|\n|t:|1699760479\n|move|p2a: Yanma|Bug Buzz|p1a: Quagsire\n|-damage|p1a: Quagsire|0 fnt\n|faint|p1a: Quagsire\n|\n|upkeep\n|\n|t:|1699760483\n|switch|p1a: Grafaiai|Grafaiai, M|75\/100\n|turn|28\n|\n|t:|1699760488\n|move|p1a: Grafaiai|Toxic|p2a: Yanma\n|-status|p2a: Yanma|tox\n|move|p2a: Yanma|Air Slash|p1a: Grafaiai\n|-damage|p1a: Grafaiai|39\/100\n|\n|-heal|p1a: Grafaiai|45\/100|[from] item: Leftovers\n|-damage|p2a: Yanma|27\/100 tox|[from] psn\n|upkeep\n|turn|29\n|\n|t:|1699760497\n|move|p1a: Grafaiai|Substitute|p1a: Grafaiai\n|-start|p1a: Grafaiai|Substitute\n|-damage|p1a: Grafaiai|20\/100\n|move|p2a: Yanma|Air Slash|p1a: Grafaiai\n|-end|p1a: Grafaiai|Substitute\n|\n|-heal|p1a: Grafaiai|27\/100|[from] item: Leftovers\n|-damage|p2a: Yanma|16\/100 tox|[from] psn\n|upkeep\n|turn|30\n|\n|t:|1699760506\n|move|p1a: Grafaiai|Swords Dance|p1a: Grafaiai\n|-boost|p1a: Grafaiai|atk|2\n|move|p2a: Yanma|Air Slash|p1a: Grafaiai\n|-damage|p1a: Grafaiai|0 fnt\n|faint|p1a: Grafaiai\n|\n|-damage|p2a: Yanma|0 fnt|[from] psn\n|faint|p2a: Yanma\n|upkeep\n|\n|t:|1699760521\n|switch|p1a: Scizor|Scizor, F|100\/100\n|switch|p2a: Primeape|Primeape, F|100\/100\n|turn|31\n|\n|t:|1699760530\n|move|p1a: Scizor|Bullet Punch|p2a: Primeape\n|-damage|p2a: Primeape|57\/100\n|move|p2a: Primeape|Close Combat|p1a: Scizor\n|-damage|p1a: Scizor|25\/100\n|-unboost|p2a: Primeape|def|1\n|-unboost|p2a: Primeape|spd|1\n|\n|-heal|p1a: Scizor|31\/100|[from] item: Leftovers\n|upkeep\n|turn|32\n|\n|t:|1699760539\n|move|p1a: Scizor|Bullet Punch|p2a: Primeape\n|-damage|p2a: Primeape|0 fnt\n|faint|p2a: Primeape\n|\n|-heal|p1a: Scizor|37\/100|[from] item: Leftovers\n|upkeep\n|\n|t:|1699760565\n|switch|p2a: Umbreon|Umbreon, M, shiny|100\/100\n|turn|33\n|\n|t:|1699760572\n|move|p1a: Scizor|Bullet Punch|p2a: Umbreon\n|-damage|p2a: Umbreon|83\/100\n|move|p2a: Umbreon|Wish|p2a: Umbreon\n|\n|-heal|p1a: Scizor|43\/100|[from] item: Leftovers\n|-heal|p2a: Umbreon|90\/100|[from] item: Leftovers\n|upkeep\n|turn|34\n|\n|t:|1699760579\n|switch|p2a: Muk|Muk-Alola, F, tera:Ghost|57\/100\n|move|p1a: Scizor|Bullet Punch|p2a: Muk\n|-damage|p2a: Muk|32\/100\n|\n|-heal|p2a: Muk|79\/100|[from] move: Wish|[wisher] Umbreon\n|-heal|p1a: Scizor|49\/100|[from] item: Leftovers\n|-heal|p2a: Muk|85\/100|[from] item: Leftovers\n|upkeep\n|turn|35\n|\n|t:|1699760591\n|move|p1a: Scizor|Bullet Punch|p2a: Muk\n|-damage|p2a: Muk|60\/100\n|move|p2a: Muk|Mean Look|p1a: Scizor\n|-activate|p1a: Scizor|trapped\n|\n|-heal|p1a: Scizor|56\/100|[from] item: Leftovers\n|-heal|p2a: Muk|66\/100|[from] item: Leftovers\n|upkeep\n|turn|36\n|\n|t:|1699760598\n|move|p1a: Scizor|Bullet Punch|p2a: Muk\n|-damage|p2a: Muk|43\/100\n|move|p2a: Muk|Curse|p1a: Scizor\n|-start|p1a: Scizor|Curse|[of] p2a: Muk\n|-damage|p2a: Muk|0 fnt\n|faint|p2a: Muk\n|\n|-heal|p1a: Scizor|62\/100|[from] item: Leftovers\n|-damage|p1a: Scizor|37\/100|[from] Curse\n|upkeep\n|\n|t:|1699760616\n|switch|p2a: Umbreon|Umbreon, M, shiny|90\/100\n|turn|37\n|\n|t:|1699760622\n|move|p1a: Scizor|Bullet Punch|p2a: Umbreon\n|-damage|p2a: Umbreon|73\/100\n|move|p2a: Umbreon|Curse|p2a: Umbreon\n|-unboost|p2a: Umbreon|spe|1\n|-boost|p2a: Umbreon|atk|1\n|-boost|p2a: Umbreon|def|1\n|\n|-heal|p1a: Scizor|43\/100|[from] item: Leftovers\n|-heal|p2a: Umbreon|79\/100|[from] item: Leftovers\n|-damage|p1a: Scizor|18\/100|[from] Curse\n|upkeep\n|turn|38\n|\n|t:|1699760632\n|move|p1a: Scizor|Bullet Punch|p2a: Umbreon\n|-damage|p2a: Umbreon|67\/100\n|move|p2a: Umbreon|Wish|p2a: Umbreon\n|\n|-heal|p1a: Scizor|24\/100|[from] item: Leftovers\n|-heal|p2a: Umbreon|73\/100|[from] item: Leftovers\n|-damage|p1a: Scizor|0 fnt|[from] Curse\n|faint|p1a: Scizor\n|upkeep\n|\n|t:|1699760645\n|switch|p1a: Houndstone|Houndstone, F|100\/100\n|turn|39\n|\n|t:|1699760653\n|move|p2a: Umbreon|Protect|p2a: Umbreon\n|-singleturn|p2a: Umbreon|Protect\n|move|p1a: Houndstone|Last Respects|p2a: Umbreon\n|-activate|p2a: Umbreon|move: Protect\n|\n|-heal|p2a: Umbreon|100\/100|[from] move: Wish|[wisher] Umbreon\n|upkeep\n|turn|40\n|\n|t:|1699760664\n|move|p1a: Houndstone|Last Respects|p2a: Umbreon\n|-resisted|p2a: Umbreon\n|-damage|p2a: Umbreon|63\/100\n|move|p2a: Umbreon|Wish|p2a: Umbreon\n|\n|-heal|p2a: Umbreon|69\/100|[from] item: Leftovers\n|upkeep\n|turn|41\n|\n|t:|1699760673\n|move|p1a: Houndstone|Last Respects|p2a: Umbreon\n|-resisted|p2a: Umbreon\n|-damage|p2a: Umbreon|36\/100\n|move|p2a: Umbreon|Curse|p2a: Umbreon\n|-unboost|p2a: Umbreon|spe|1\n|-boost|p2a: Umbreon|atk|1\n|-boost|p2a: Umbreon|def|1\n|\n|-heal|p2a: Umbreon|86\/100|[from] move: Wish|[wisher] Umbreon\n|-heal|p2a: Umbreon|92\/100|[from] item: Leftovers\n|upkeep\n|turn|42\n|\n|t:|1699760683\n|move|p1a: Houndstone|Last Respects|p2a: Umbreon\n|-resisted|p2a: Umbreon\n|-damage|p2a: Umbreon|67\/100\n|move|p2a: Umbreon|Wish|p2a: Umbreon\n|\n|-heal|p2a: Umbreon|73\/100|[from] item: Leftovers\n|upkeep\n|turn|43\n|\n|t:|1699760691\n|move|p1a: Houndstone|Last Respects|p2a: Umbreon\n|-resisted|p2a: Umbreon\n|-damage|p2a: Umbreon|48\/100\n|move|p2a: Umbreon|Curse|p2a: Umbreon\n|-unboost|p2a: Umbreon|spe|1\n|-boost|p2a: Umbreon|atk|1\n|-boost|p2a: Umbreon|def|1\n|\n|-heal|p2a: Umbreon|98\/100|[from] move: Wish|[wisher] Umbreon\n|-heal|p2a: Umbreon|100\/100|[from] item: Leftovers\n|upkeep\n|turn|44\n|\n|t:|1699760702\n|-terastallize|p1a: Houndstone|Ghost\n|move|p1a: Houndstone|Last Respects|p2a: Umbreon\n|-resisted|p2a: Umbreon\n|-damage|p2a: Umbreon|75\/100\n|move|p2a: Umbreon|Wish|p2a: Umbreon\n|\n|-heal|p2a: Umbreon|81\/100|[from] item: Leftovers\n|upkeep\n|turn|45\n|\n|t:|1699760710\n|move|p1a: Houndstone|Last Respects|p2a: Umbreon\n|-resisted|p2a: Umbreon\n|-damage|p2a: Umbreon|52\/100\n|move|p2a: Umbreon|Curse|p2a: Umbreon\n|-unboost|p2a: Umbreon|spe|1\n|-boost|p2a: Umbreon|atk|1\n|-boost|p2a: Umbreon|def|1\n|\n|-heal|p2a: Umbreon|100\/100|[from] move: Wish|[wisher] Umbreon\n|upkeep\n|turn|46\n|\n|t:|1699760733\n|move|p1a: Houndstone|Last Respects|p2a: Umbreon\n|-resisted|p2a: Umbreon\n|-damage|p2a: Umbreon|76\/100\n|move|p2a: Umbreon|Wish|p2a: Umbreon\n|\n|-heal|p2a: Umbreon|82\/100|[from] item: Leftovers\n|upkeep\n|turn|47\n|\n|t:|1699760740\n|move|p1a: Houndstone|Last Respects|p2a: Umbreon\n|-resisted|p2a: Umbreon\n|-damage|p2a: Umbreon|59\/100\n|move|p2a: Umbreon|Curse|p2a: Umbreon\n|-unboost|p2a: Umbreon|spe|1\n|-boost|p2a: Umbreon|atk|1\n|-boost|p2a: Umbreon|def|1\n|\n|-heal|p2a: Umbreon|100\/100|[from] move: Wish|[wisher] Umbreon\n|upkeep\n|turn|48\n|\n|t:|1699760751\n|move|p1a: Houndstone|Last Respects|p2a: Umbreon\n|-resisted|p2a: Umbreon\n|-damage|p2a: Umbreon|80\/100\n|move|p2a: Umbreon|Wish|p2a: Umbreon\n|\n|-heal|p2a: Umbreon|86\/100|[from] item: Leftovers\n|upkeep\n|turn|49\n|\n|t:|1699760757\n|move|p1a: Houndstone|Last Respects|p2a: Umbreon\n|-resisted|p2a: Umbreon\n|-damage|p2a: Umbreon|65\/100\n|move|p2a: Umbreon|Curse|p2a: Umbreon\n|-unboost|p2a: Umbreon|spe|1\n|-boost|p2a: Umbreon|atk|1\n|-boost|p2a: Umbreon|def|1\n|\n|-heal|p2a: Umbreon|100\/100|[from] move: Wish|[wisher] Umbreon\n|upkeep\n|turn|50\n|\n|t:|1699760768\n|move|p1a: Houndstone|Last Respects|p2a: Umbreon\n|-resisted|p2a: Umbreon\n|-damage|p2a: Umbreon|84\/100\n|move|p2a: Umbreon|Mean Look||[still]\n|-fail|p2a: Umbreon\n|\n|-heal|p2a: Umbreon|90\/100|[from] item: Leftovers\n|upkeep\n|turn|51\n|\n|t:|1699760774\n|move|p1a: Houndstone|Last Respects|p2a: Umbreon\n|-resisted|p2a: Umbreon\n|-damage|p2a: Umbreon|73\/100\n|move|p2a: Umbreon|Wish|p2a: Umbreon\n|\n|-heal|p2a: Umbreon|79\/100|[from] item: Leftovers\n|upkeep\n|turn|52\n|\n|t:|1699760783\n|move|p2a: Umbreon|Protect|p2a: Umbreon\n|-singleturn|p2a: Umbreon|Protect\n|move|p1a: Houndstone|Last Respects|p2a: Umbreon\n|-activate|p2a: Umbreon|move: Protect\n|\n|-heal|p2a: Umbreon|100\/100|[from] move: Wish|[wisher] Umbreon\n|upkeep\n|turn|53\n|\n|t:|1699760790\n|move|p1a: Houndstone|Last Respects|p2a: Umbreon\n|-resisted|p2a: Umbreon\n|-damage|p2a: Umbreon|82\/100\n|move|p2a: Umbreon|Wish|p2a: Umbreon\n|\n|-heal|p2a: Umbreon|88\/100|[from] item: Leftovers\n|upkeep\n|turn|54\n|\n|t:|1699760811\n|move|p2a: Umbreon|Protect|p2a: Umbreon\n|-singleturn|p2a: Umbreon|Protect\n|move|p1a: Houndstone|Last Respects|p2a: Umbreon\n|-activate|p2a: Umbreon|move: Protect\n|\n|-heal|p2a: Umbreon|100\/100|[from] move: Wish|[wisher] Umbreon\n|upkeep\n|turn|55\n|\n|t:|1699760819\n|-activate|p1a: Houndstone|move: Struggle\n|move|p1a: Houndstone|Struggle|p2a: Umbreon\n|-damage|p2a: Umbreon|97\/100\n|-damage|p1a: Houndstone|76\/100|[from] recoil\n|move|p2a: Umbreon|Wish|p2a: Umbreon\n|\n|-heal|p2a: Umbreon|100\/100|[from] item: Leftovers\n|upkeep\n|turn|56\n|\n|t:|1699760826\n|-activate|p1a: Houndstone|move: Struggle\n|move|p1a: Houndstone|Struggle|p2a: Umbreon\n|-damage|p2a: Umbreon|97\/100\n|-damage|p1a: Houndstone|51\/100|[from] recoil\n|move|p2a: Umbreon|Mean Look||[still]\n|-fail|p2a: Umbreon\n|\n|-heal|p2a: Umbreon|100\/100|[from] move: Wish|[wisher] Umbreon\n|upkeep\n|turn|57\n|\n|t:|1699760835\n|-activate|p1a: Houndstone|move: Struggle\n|move|p1a: Houndstone|Struggle|p2a: Umbreon\n|-damage|p2a: Umbreon|97\/100\n|-damage|p1a: Houndstone|26\/100|[from] recoil\n|move|p2a: Umbreon|Mean Look||[still]\n|-fail|p2a: Umbreon\n|\n|-heal|p2a: Umbreon|100\/100|[from] item: Leftovers\n|upkeep\n|turn|58\n|\n|t:|1699760842\n|-activate|p1a: Houndstone|move: Struggle\n|move|p1a: Houndstone|Struggle|p2a: Umbreon\n|-damage|p2a: Umbreon|97\/100\n|-damage|p1a: Houndstone|1\/100|[from] recoil\n|move|p2a: Umbreon|Mean Look||[still]\n|-fail|p2a: Umbreon\n|\n|-heal|p2a: Umbreon|100\/100|[from] item: Leftovers\n|upkeep\n|turn|59\n|\n|t:|1699760851\n|-activate|p1a: Houndstone|move: Struggle\n|move|p1a: Houndstone|Struggle|p2a: Umbreon\n|-damage|p2a: Umbreon|97\/100\n|-damage|p1a: Houndstone|0 fnt|[from] recoil\n|faint|p1a: Houndstone\n|\n|win|Tamara Lettuce\n|raw|slice 1020's rating: 1114 &rarr; <strong>1084<\/strong><br \/>(-30 for losing)\n|raw|Tamara Lettuce's rating: 1041 &rarr; <strong>1082<\/strong><br \/>(+41 for winning)\n|l|\u2606slice 1020\n","uploadtime":1699760864,"views":9,"p1id":"slice1020","p2id":"tamaralettuce","formatid":"gen9anythinggoes","rating":1082,"private":0,"password":""}