{"id":"gen9anythinggoes-1992131148","p1":"zooki18","p2":"Azelfie14","format":"[Gen 9] Anything Goes","log":"|j|\u2606zooki18\n|j|\u2606Azelfie14\n|t:|1700157619\n|gametype|singles\n|player|p1|zooki18|lass-gen1rb|\n|player|p2|Azelfie14|proton|\n|teamsize|p1|3\n|teamsize|p2|3\n|gen|9\n|tier|[Gen 9] Anything Goes\n|rule|HP Percentage Mod: HP is shown in percentages\n|rule|Endless Battle Clause: Forcing endless battles is banned\n|clearpoke\n|poke|p1|Mew|\n|poke|p1|Mew|\n|poke|p1|Mew|\n|poke|p2|Mew|\n|poke|p2|Mew|\n|poke|p2|Mew|\n|teampreview\n|\n|t:|1700157627\n|start\n|switch|p1a: homo|Mew|100\/100\n|switch|p2a: Weird ass dog|Mew|100\/100\n|turn|1\n|\n|t:|1700157636\n|switch|p1a: woah|Mew, shiny|100\/100\n|move|p2a: Weird ass dog|Metronome|p2a: Weird ass dog\n|move|p2a: Weird ass dog|Future Sight|p1a: woah|[from]move: Metronome\n|-start|p2a: Weird ass dog|move: Future Sight\n|\n|upkeep\n|turn|2\n|\n|t:|1700157649\n|move|p1a: woah|Metronome|p1a: woah\n|move|p1a: woah|Sandsear Storm|p2a: Weird ass dog|[from]move: Metronome\n|-damage|p2a: Weird ass dog|79\/100\n|move|p2a: Weird ass dog|Metronome|p2a: Weird ass dog\n|move|p2a: Weird ass dog|Draining Kiss|p1a: woah|[from]move: Metronome\n|-damage|p1a: woah|89\/100\n|-heal|p2a: Weird ass dog|87\/100|[from] drain|[of] p1a: woah\n|\n|upkeep\n|turn|3\n|\n|t:|1700157657\n|move|p2a: Weird ass dog|Metronome|p2a: Weird ass dog\n|move|p2a: Weird ass dog|Brutal Swing|p1a: woah|[from]move: Metronome\n|-supereffective|p1a: woah\n|-damage|p1a: woah|62\/100\n|move|p1a: woah|Metronome|p1a: woah\n|move|p1a: woah|Powder Snow|p2a: Weird ass dog|[from]move: Metronome\n|-damage|p2a: Weird ass dog|79\/100\n|\n|-end|p1a: woah|move: Future Sight\n|-resisted|p1a: woah\n|-damage|p1a: woah|43\/100\n|upkeep\n|turn|4\n|\n|t:|1700157667\n|move|p2a: Weird ass dog|Metronome|p2a: Weird ass dog\n|move|p2a: Weird ass dog|Skitter Smack|p1a: woah|[from]move: Metronome\n|-supereffective|p1a: woah\n|-damage|p1a: woah|11\/100\n|-unboost|p1a: woah|spa|1\n|move|p1a: woah|Metronome|p1a: woah\n|move|p1a: woah|Imprison|p1a: woah|[from]move: Metronome\n|-start|p1a: woah|move: Imprison\n|\n|upkeep\n|turn|5\n|\n|t:|1700157677\n|move|p1a: woah|Metronome|p1a: woah\n|move|p1a: woah|Leafage|p2a: Weird ass dog|[from]move: Metronome\n|-damage|p2a: Weird ass dog|69\/100\n|-activate|p2a: Weird ass dog|move: Struggle\n|move|p2a: Weird ass dog|Struggle|p1a: woah\n|-damage|p1a: woah|0 fnt\n|faint|p1a: woah\n|-damage|p2a: Weird ass dog|44\/100|[from] recoil\n|\n|upkeep\n|\n|t:|1700157686\n|switch|p1a: homo|Mew|100\/100\n|turn|6\n|\n|t:|1700157689\n|move|p1a: homo|Metronome|p1a: homo\n|move|p1a: homo|Nasty Plot|p1a: homo|[from]move: Metronome\n|-boost|p1a: homo|spa|2\n|move|p2a: Weird ass dog|Metronome|p2a: Weird ass dog\n|move|p2a: Weird ass dog|Ice Punch|p1a: homo|[from]move: Metronome\n|-damage|p1a: homo|83\/100\n|\n|upkeep\n|turn|7\n|\n|t:|1700157696\n|move|p1a: homo|Metronome|p1a: homo\n|move|p1a: homo|Throat Chop|p2a: Weird ass dog|[from]move: Metronome\n|-supereffective|p2a: Weird ass dog\n|-damage|p2a: Weird ass dog|10\/100\n|-start|p2a: Weird ass dog|Throat Chop|[silent]\n|move|p2a: Weird ass dog|Metronome|p2a: Weird ass dog\n|move|p2a: Weird ass dog|Revelation Dance|p1a: homo|[from]move: Metronome\n|-resisted|p1a: homo\n|-damage|p1a: homo|69\/100\n|\n|upkeep\n|turn|8\n|\n|t:|1700157705\n|move|p1a: homo|Metronome|p1a: homo\n|move|p1a: homo|Disarming Voice|p2a: Weird ass dog|[from]move: Metronome\n|-damage|p2a: Weird ass dog|0 fnt\n|faint|p2a: Weird ass dog\n|\n|upkeep\n|\n|t:|1700157709\n|switch|p2a: Scrink|Mew|100\/100\n|turn|9\n|\n|t:|1700157712\n|move|p2a: Scrink|Metronome|p2a: Scrink\n|move|p2a: Scrink|Double Kick|p1a: homo|[from]move: Metronome\n|-resisted|p1a: homo\n|-damage|p1a: homo|65\/100\n|-resisted|p1a: homo\n|-damage|p1a: homo|62\/100\n|-hitcount|p1a: homo|2\n|move|p1a: homo|Metronome|p1a: homo\n|move|p1a: homo|Aqua Step|p2a: Scrink|[from]move: Metronome\n|-damage|p2a: Scrink|82\/100\n|-boost|p1a: homo|spe|1\n|\n|upkeep\n|turn|10\n|\n|t:|1700157722\n|move|p1a: homo|Metronome|p1a: homo\n|move|p1a: homo|Amnesia|p1a: homo|[from]move: Metronome\n|-boost|p1a: homo|spd|2\n|move|p2a: Scrink|Metronome|p2a: Scrink\n|move|p2a: Scrink|Swallow||[from]move: Metronome|[still]\n|-fail|p2a: Scrink\n|\n|upkeep\n|turn|11\n|\n|t:|1700157729\n|move|p1a: homo|Metronome|p1a: homo\n|move|p1a: homo|Attract|p2a: Scrink|[from]move: Metronome\n|-immune|p2a: Scrink\n|move|p2a: Scrink|Metronome|p2a: Scrink\n|move|p2a: Scrink|Aerial Ace|p1a: homo|[from]move: Metronome\n|-damage|p1a: homo|48\/100\n|\n|upkeep\n|turn|12\n|\n|t:|1700157735\n|move|p1a: homo|Metronome|p1a: homo\n|move|p1a: homo|Hyper Beam|p2a: Scrink|[from]move: Metronome\n|-damage|p2a: Scrink|18\/100\n|-mustrecharge|p1a: homo\n|move|p2a: Scrink|Metronome|p2a: Scrink\n|move|p2a: Scrink|Razor Shell|p1a: homo|[from]move: Metronome\n|-damage|p1a: homo|30\/100\n|\n|upkeep\n|turn|13\n|\n|t:|1700157742\n|cant|p1a: homo|recharge\n|move|p2a: Scrink|Metronome|p2a: Scrink\n|move|p2a: Scrink|Ice Spinner|p1a: homo|[from]move: Metronome\n|-damage|p1a: homo|10\/100\n|\n|upkeep\n|turn|14\n|\n|t:|1700157747\n|move|p1a: homo|Metronome|p1a: homo\n|move|p1a: homo|Aqua Jet|p2a: Scrink|[from]move: Metronome\n|-damage|p2a: Scrink|9\/100\n|move|p2a: Scrink|Metronome|p2a: Scrink\n|move|p2a: Scrink|Retaliate|p1a: homo|[from]move: Metronome\n|-damage|p1a: homo|0 fnt\n|faint|p1a: homo\n|\n|upkeep\n|\n|t:|1700157757\n|switch|p1a: dam|Mew|100\/100\n|turn|15\n|\n|t:|1700157762\n|move|p2a: Scrink|Metronome|p2a: Scrink\n|move|p2a: Scrink|Spirit Shackle|p1a: dam|[from]move: Metronome\n|-supereffective|p1a: dam\n|-damage|p1a: dam|65\/100\n|-activate|p1a: dam|trapped\n|move|p1a: dam|Metronome|p1a: dam\n|move|p1a: dam|Horn Leech|p2a: Scrink|[from]move: Metronome\n|-damage|p2a: Scrink|0 fnt\n|-heal|p1a: dam|70\/100|[from] drain|[of] p2a: Scrink\n|faint|p2a: Scrink\n|\n|upkeep\n|\n|t:|1700157772\n|switch|p2a: sams|Mew, shiny|100\/100\n|turn|16\n|\n|t:|1700157775\n|move|p1a: dam|Metronome|p1a: dam\n|move|p1a: dam|Brine|p2a: sams|[from]move: Metronome\n|-damage|p2a: sams|86\/100\n|move|p2a: sams|Metronome|p2a: sams\n|move|p2a: sams|Hammer Arm|p1a: dam|[from]move: Metronome|[miss]\n|-miss|p2a: sams|p1a: dam\n|\n|upkeep\n|turn|17\n|\n|t:|1700157782\n|move|p1a: dam|Metronome|p1a: dam\n|move|p1a: dam|Energy Ball|p2a: sams|[from]move: Metronome\n|-damage|p2a: sams|66\/100\n|move|p2a: sams|Metronome|p2a: sams\n|move|p2a: sams|Accelerock|p1a: dam|[from]move: Metronome\n|-damage|p1a: dam|61\/100\n|\n|upkeep\n|turn|18\n|\n|t:|1700157789\n|move|p1a: dam|Metronome|p1a: dam\n|move|p1a: dam|Nasty Plot|p1a: dam|[from]move: Metronome\n|-boost|p1a: dam|spa|2\n|move|p2a: sams|Metronome|p2a: sams\n|move|p2a: sams|Heal Bell||[from]move: Metronome|[still]\n|-activate|p2a: sams|move: Heal Bell\n|-fail|p2a: sams\n|\n|upkeep\n|turn|19\n|\n|t:|1700157797\n|move|p1a: dam|Metronome|p1a: dam\n|move|p1a: dam|Power Whip|p2a: sams|[from]move: Metronome\n|-damage|p2a: sams|37\/100\n|move|p2a: sams|Metronome|p2a: sams\n|move|p2a: sams|Cross Chop|p1a: dam|[from]move: Metronome\n|-resisted|p1a: dam\n|-damage|p1a: dam|49\/100\n|\n|upkeep\n|turn|20\n|\n|t:|1700157806\n|move|p1a: dam|Metronome|p1a: dam\n|move|p1a: dam|Arm Thrust|p2a: sams|[from]move: Metronome\n|-resisted|p2a: sams\n|-damage|p2a: sams|35\/100\n|-resisted|p2a: sams\n|-damage|p2a: sams|33\/100\n|-hitcount|p2a: sams|2\n|move|p2a: sams|Metronome|p2a: sams\n|move|p2a: sams|Ice Hammer|p1a: dam|[from]move: Metronome\n|-damage|p1a: dam|24\/100\n|-unboost|p2a: sams|spe|1\n|\n|upkeep\n|turn|21\n|\n|t:|1700157816\n|move|p1a: dam|Metronome|p1a: dam\n|move|p1a: dam|Triple Arrows|p2a: sams|[from]move: Metronome\n|-resisted|p2a: sams\n|-damage|p2a: sams|22\/100\n|cant|p2a: sams|flinch\n|\n|upkeep\n|turn|22\n|\n|t:|1700157822\n|move|p1a: dam|Metronome|p1a: dam\n|move|p1a: dam|Brick Break|p2a: sams|[from]move: Metronome\n|-resisted|p2a: sams\n|-crit|p2a: sams\n|-damage|p2a: sams|9\/100\n|move|p2a: sams|Metronome|p2a: sams\n|move|p2a: sams|Rest|p2a: sams|[from]move: Metronome\n|-status|p2a: sams|slp|[from] move: Rest\n|-heal|p2a: sams|100\/100 slp|[silent]\n|\n|upkeep\n|turn|23\n|\n|t:|1700157830\n|move|p1a: dam|Metronome|p1a: dam\n|move|p1a: dam|Infestation|p2a: sams|[from]move: Metronome\n|-supereffective|p2a: sams\n|-damage|p2a: sams|83\/100 slp\n|-activate|p2a: sams|move: Infestation|[of] p1a: dam\n|cant|p2a: sams|slp\n|\n|-damage|p2a: sams|71\/100 slp|[from] move: Infestation|[partiallytrapped]\n|upkeep\n|turn|24\n|\n|t:|1700157838\n|move|p1a: dam|Metronome|p1a: dam\n|move|p1a: dam|Feather Dance|p2a: sams|[from]move: Metronome\n|-unboost|p2a: sams|atk|2\n|cant|p2a: sams|slp\n|\n|-damage|p2a: sams|59\/100 slp|[from] move: Infestation|[partiallytrapped]\n|upkeep\n|turn|25\n|\n|t:|1700157845\n|move|p1a: dam|Metronome|p1a: dam\n|move|p1a: dam|Sacred Sword|p2a: sams|[from]move: Metronome\n|-resisted|p2a: sams\n|-damage|p2a: sams|49\/100 slp\n|-curestatus|p2a: sams|slp|[msg]\n|move|p2a: sams|Metronome|p2a: sams\n|move|p2a: sams|Retaliate|p1a: dam|[from]move: Metronome\n|-damage|p1a: dam|17\/100\n|\n|-damage|p2a: sams|37\/100|[from] move: Infestation|[partiallytrapped]\n|upkeep\n|turn|26\n|\n|t:|1700157855\n|move|p1a: dam|Metronome|p1a: dam\n|move|p1a: dam|Giga Drain|p2a: sams|[from]move: Metronome\n|-damage|p2a: sams|4\/100\n|-heal|p1a: dam|33\/100|[from] drain|[of] p2a: sams\n|move|p2a: sams|Metronome|p2a: sams\n|move|p2a: sams|Hone Claws|p2a: sams|[from]move: Metronome\n|-boost|p2a: sams|atk|1\n|-boost|p2a: sams|accuracy|1\n|\n|-damage|p2a: sams|0 fnt|[from] move: Infestation|[partiallytrapped]\n|faint|p2a: sams\n|\n|win|zooki18\n|upkeep\n|l|\u2606Azelfie14\n","uploadtime":1700157885,"views":4,"p1id":"zooki18","p2id":"azelfie14","formatid":"gen9anythinggoes","rating":0,"private":0,"password":""}