{"id":"gen9anythinggoes-1998883304","p1":"squi101","p2":"Un0eg0","format":"[Gen 9] Anything Goes","log":"|j|\u2606squi101\n|j|\u2606Un0eg0\n|t:|1701008214\n|gametype|singles\n|player|p1|squi101|shauntal|1407\n|player|p2|Un0eg0|ash|1579\n|teamsize|p1|6\n|teamsize|p2|6\n|gen|9\n|tier|[Gen 9] Anything Goes\n|rated|\n|rule|HP Percentage Mod: HP is shown in percentages\n|rule|Endless Battle Clause: Forcing endless battles is banned\n|clearpoke\n|poke|p1|Calyrex-Shadow|\n|poke|p1|Miraidon|\n|poke|p1|Ribombee, M|\n|poke|p1|Koraidon|\n|poke|p1|Arceus|\n|poke|p1|Arceus-Ghost|\n|poke|p2|Lycanroc-Dusk, F|\n|poke|p2|Kingambit, F|\n|poke|p2|Iron Hands|\n|poke|p2|Iron Moth|\n|poke|p2|Greninja-*, M|\n|poke|p2|Ceruledge, F|\n|teampreview\n|inactive|Battle timer is ON: inactive players will automatically lose when time's up. (requested by Un0eg0)\n|\n|t:|1701008233\n|start\n|switch|p1a: Ribombee|Ribombee, M|100\/100\n|switch|p2a: Ultimate Big Chill|Iron Moth|100\/100\n|turn|1\n|\n|t:|1701008240\n|move|p2a: Ultimate Big Chill|Fiery Dance|p1a: Ribombee\n|-supereffective|p1a: Ribombee\n|-enditem|p1a: Ribombee|Focus Sash\n|-damage|p1a: Ribombee|1\/100\n|move|p1a: Ribombee|Tailwind|p1a: Ribombee\n|-sidestart|p1: squi101|move: Tailwind\n|\n|upkeep\n|turn|2\n|\n|t:|1701008244\n|move|p1a: Ribombee|Sticky Web|p2a: Ultimate Big Chill\n|-sidestart|p2: Un0eg0|move: Sticky Web\n|move|p2a: Ultimate Big Chill|Fiery Dance|p1a: Ribombee\n|-supereffective|p1a: Ribombee\n|-damage|p1a: Ribombee|0 fnt\n|faint|p1a: Ribombee\n|\n|upkeep\n|\n|t:|1701008253\n|switch|p1a: Koraidon|Koraidon|100\/100\n|-weather|SunnyDay|[from] ability: Orichalcum Pulse|[of] p1a: Koraidon\n|-activate|p1a: Koraidon|Orichalcum Pulse|[source]\n|turn|3\n|\n|t:|1701008282\n|move|p1a: Koraidon|Swords Dance|p1a: Koraidon\n|-boost|p1a: Koraidon|atk|2\n|move|p2a: Ultimate Big Chill|Fiery Dance|p1a: Koraidon\n|-resisted|p1a: Koraidon\n|-crit|p1a: Koraidon\n|-damage|p1a: Koraidon|50\/100\n|\n|-weather|SunnyDay|[upkeep]\n|upkeep\n|turn|4\n|inactive|squi101 has 120 seconds left.\n|\n|t:|1701008315\n|move|p1a: Koraidon|Scale Shot|p2a: Ultimate Big Chill\n|-damage|p2a: Ultimate Big Chill|35\/100\n|-damage|p2a: Ultimate Big Chill|0 fnt\n|faint|p2a: Ultimate Big Chill\n|-end|p2a: Ultimate Big Chill|Quark Drive|[silent]\n|-hitcount|p2: Ultimate Big Chill|2\n|-unboost|p1a: Koraidon|def|1\n|-boost|p1a: Koraidon|spe|1\n|\n|-weather|SunnyDay|[upkeep]\n|-sideend|p1: squi101|move: Tailwind\n|upkeep\n|\n|t:|1701008327\n|switch|p2a: Megaman|Ceruledge, F|100\/100\n|-activate|p2a: Megaman|move: Sticky Web\n|-unboost|p2a: Megaman|spe|1\n|turn|5\n|\n|t:|1701008333\n|move|p2a: Megaman|Shadow Sneak|p1a: Koraidon\n|-damage|p1a: Koraidon|22\/100\n|move|p1a: Koraidon|Scale Shot|p2a: Megaman\n|-damage|p2a: Megaman|47\/100\n|-ability|p2a: Megaman|Weak Armor|boost\n|-unboost|p2a: Megaman|def|1\n|-boost|p2a: Megaman|spe|2\n|-damage|p2a: Megaman|0 fnt\n|faint|p2a: Megaman\n|-hitcount|p2: Megaman|2\n|-unboost|p1a: Koraidon|def|1\n|-boost|p1a: Koraidon|spe|1\n|\n|-weather|SunnyDay|[upkeep]\n|upkeep\n|\n|t:|1701008339\n|switch|p2a: Rock Leone|Lycanroc-Dusk, F|100\/100\n|-activate|p2a: Rock Leone|move: Sticky Web\n|-unboost|p2a: Rock Leone|spe|1\n|turn|6\n|\n|t:|1701008354\n|move|p2a: Rock Leone|Accelerock|p1a: Koraidon\n|-resisted|p1a: Koraidon\n|-damage|p1a: Koraidon|1\/100\n|move|p1a: Koraidon|Scale Shot|p2a: Rock Leone\n|-damage|p2a: Rock Leone|46\/100\n|-damage|p2a: Rock Leone|0 fnt\n|faint|p2a: Rock Leone\n|-hitcount|p2: Rock Leone|2\n|-unboost|p1a: Koraidon|def|1\n|-boost|p1a: Koraidon|spe|1\n|\n|-weather|SunnyDay|[upkeep]\n|upkeep\n|\n|t:|1701008358\n|switch|p2a: Naruto|Greninja, M|100\/100\n|-activate|p2a: Naruto|move: Sticky Web\n|-unboost|p2a: Naruto|spe|1\n|turn|7\n|\n|t:|1701008366\n|move|p2a: Naruto|Water Shuriken|p1a: Koraidon\n|-resisted|p1a: Koraidon\n|-damage|p1a: Koraidon|0 fnt\n|faint|p1a: Koraidon\n|-ability|p2a: Naruto|Battle Bond|boost\n|-boost|p2a: Naruto|atk|1\n|-boost|p2a: Naruto|spa|1\n|-boost|p2a: Naruto|spe|1\n|-activate|p2a: Naruto|ability: Battle Bond\n|-hitcount|p1: Koraidon|1\n|-damage|p2a: Naruto|91\/100|[from] item: Life Orb\n|\n|-weather|none\n|upkeep\n|\n|t:|1701008371\n|switch|p1a: Miraidon|Miraidon|100\/100\n|-fieldstart|move: Electric Terrain|[from] ability: Hadron Engine|[of] p1a: Miraidon\n|turn|8\n|\n|t:|1701008376\n|move|p2a: Naruto|Water Shuriken|p1a: Miraidon\n|-resisted|p1a: Miraidon\n|-damage|p1a: Miraidon|94\/100\n|-resisted|p1a: Miraidon\n|-damage|p1a: Miraidon|88\/100\n|-resisted|p1a: Miraidon\n|-damage|p1a: Miraidon|82\/100\n|-hitcount|p1a: Miraidon|3\n|-damage|p2a: Naruto|81\/100|[from] item: Life Orb\n|move|p1a: Miraidon|Electro Drift|p2a: Naruto\n|-supereffective|p2a: Naruto\n|-damage|p2a: Naruto|0 fnt\n|faint|p2a: Naruto\n|\n|upkeep\n|\n|t:|1701008377\n|switch|p2a: Hanayama|Iron Hands|100\/100\n|-activate|p2a: Hanayama|move: Sticky Web\n|-unboost|p2a: Hanayama|spe|1\n|-activate|p2a: Hanayama|ability: Quark Drive\n|-start|p2a: Hanayama|quarkdriveatk\n|turn|9\n|\n|t:|1701008399\n|move|p1a: Miraidon|Draco Meteor|p2a: Hanayama\n|-damage|p2a: Hanayama|54\/100\n|-unboost|p1a: Miraidon|spa|2\n|move|p2a: Hanayama|Earthquake|p1a: Miraidon\n|-supereffective|p1a: Miraidon\n|-damage|p1a: Miraidon|0 fnt\n|faint|p1a: Miraidon\n|\n|upkeep\n|\n|t:|1701008413\n|switch|p1a: Arceus|Arceus|100\/100\n|turn|10\n|\n|t:|1701008418\n|-terastallize|p2a: Hanayama|Fighting\n|move|p1a: Arceus|Swords Dance|p1a: Arceus\n|-boost|p1a: Arceus|atk|2\n|move|p2a: Hanayama|Drain Punch|p1a: Arceus\n|-supereffective|p1a: Arceus\n|-damage|p1a: Arceus|0 fnt\n|-heal|p2a: Hanayama|99\/100|[from] drain|[of] p1a: Arceus\n|faint|p1a: Arceus\n|\n|upkeep\n|\n|t:|1701008423\n|switch|p1a: Arceus|Arceus-Ghost|100\/100\n|turn|11\n|\n|t:|1701008429\n|move|p1a: Arceus|Thunder Wave|p2a: Hanayama\n|-status|p2a: Hanayama|par\n|move|p2a: Hanayama|Wild Charge|p1a: Arceus\n|-damage|p1a: Arceus|52\/100\n|-damage|p2a: Hanayama|88\/100 par|[from] Recoil\n|\n|upkeep\n|turn|12\n|\n|t:|1701008437\n|move|p1a: Arceus|Substitute|p1a: Arceus\n|-start|p1a: Arceus|Substitute\n|-damage|p1a: Arceus|28\/100\n|move|p2a: Hanayama|Wild Charge|p1a: Arceus\n|-end|p1a: Arceus|Substitute\n|-damage|p2a: Hanayama|82\/100 par|[from] Recoil|[of] p1a: Arceus\n|\n|-fieldend|move: Electric Terrain\n|-end|p2a: Hanayama|Quark Drive\n|upkeep\n|turn|13\n|\n|t:|1701008444\n|move|p1a: Arceus|Substitute|p1a: Arceus\n|-start|p1a: Arceus|Substitute\n|-damage|p1a: Arceus|3\/100\n|move|p2a: Hanayama|Wild Charge|p1a: Arceus\n|-end|p1a: Arceus|Substitute\n|-damage|p2a: Hanayama|76\/100 par|[from] Recoil|[of] p1a: Arceus\n|\n|upkeep\n|turn|14\n|\n|t:|1701008447\n|move|p1a: Arceus|Recover|p1a: Arceus\n|-heal|p1a: Arceus|53\/100\n|cant|p2a: Hanayama|par\n|\n|upkeep\n|turn|15\n|\n|t:|1701008450\n|move|p1a: Arceus|Substitute|p1a: Arceus\n|-start|p1a: Arceus|Substitute\n|-damage|p1a: Arceus|28\/100\n|move|p2a: Hanayama|Wild Charge|p1a: Arceus\n|-end|p1a: Arceus|Substitute\n|-damage|p2a: Hanayama|70\/100 par|[from] Recoil|[of] p1a: Arceus\n|\n|upkeep\n|turn|16\n|\n|t:|1701008453\n|move|p1a: Arceus|Substitute|p1a: Arceus\n|-start|p1a: Arceus|Substitute\n|-damage|p1a: Arceus|3\/100\n|cant|p2a: Hanayama|par\n|\n|upkeep\n|turn|17\n|\n|t:|1701008457\n|move|p1a: Arceus|Hex|p2a: Hanayama\n|-damage|p2a: Hanayama|38\/100 par\n|move|p2a: Hanayama|Wild Charge|p1a: Arceus\n|-end|p1a: Arceus|Substitute\n|-damage|p2a: Hanayama|32\/100 par|[from] Recoil|[of] p1a: Arceus\n|\n|upkeep\n|turn|18\n|\n|t:|1701008461\n|-end|p2a: Hanayama|Quark Drive|[silent]\n|switch|p2a: Alien X|Kingambit, F|100\/100\n|-activate|p2a: Alien X|move: Sticky Web\n|-unboost|p2a: Alien X|spe|1\n|-activate|p2a: Alien X|ability: Supreme Overlord\n|-start|p2a: Alien X|fallen4|[silent]\n|move|p1a: Arceus|Recover|p1a: Arceus\n|-heal|p1a: Arceus|53\/100\n|\n|upkeep\n|turn|19\n|\n|t:|1701008477\n|-terastallize|p1a: Arceus|Fairy\n|move|p1a: Arceus|Thunder Wave|p2a: Alien X\n|-status|p2a: Alien X|par\n|move|p2a: Alien X|Kowtow Cleave|p1a: Arceus\n|-resisted|p1a: Arceus\n|-damage|p1a: Arceus|37\/100\n|\n|upkeep\n|turn|20\n|\n|t:|1701008481\n|move|p1a: Arceus|Substitute|p1a: Arceus\n|-start|p1a: Arceus|Substitute\n|-damage|p1a: Arceus|12\/100\n|move|p2a: Alien X|Iron Head|p1a: Arceus\n|-supereffective|p1a: Arceus\n|-end|p1a: Arceus|Substitute\n|\n|upkeep\n|turn|21\n|\n|t:|1701008484\n|move|p1a: Arceus|Recover|p1a: Arceus\n|-heal|p1a: Arceus|62\/100\n|move|p2a: Alien X|Iron Head|p1a: Arceus\n|-supereffective|p1a: Arceus\n|-damage|p1a: Arceus|0 fnt\n|faint|p1a: Arceus\n|\n|upkeep\n|\n|t:|1701008488\n|switch|p1a: Calyrex|Calyrex-Shadow|100\/100\n|-ability|p1a: Calyrex|As One\n|-ability|p1a: Calyrex|Unnerve\n|turn|22\n|\n|t:|1701008492\n|move|p1a: Calyrex|Astral Barrage|p2a: Alien X\n|-resisted|p2a: Alien X\n|-damage|p2a: Alien X|71\/100 par\n|cant|p2a: Alien X|par\n|\n|upkeep\n|turn|23\n|\n|t:|1701008498\n|move|p2a: Alien X|Sucker Punch|p1a: Calyrex\n|-supereffective|p1a: Calyrex\n|-damage|p1a: Calyrex|0 fnt\n|faint|p1a: Calyrex\n|\n|win|Un0eg0\n|raw|squi101's rating: 1407 &rarr; <strong>1395<\/strong><br \/>(-12 for losing)\n|raw|Un0eg0's rating: 1557 &rarr; <strong>1569<\/strong><br \/>(+12 for winning)\n|c|\u2606Un0eg0|Ggwp\n|l|\u2606squi101\n","uploadtime":1701008515,"views":0,"p1id":"squi101","p2id":"un0eg0","formatid":"gen9anythinggoes","rating":1395,"private":0,"password":""}