{"id":"gen9anythinggoes-1985109181","p1":"Gex0n","p2":"Lilly's_Artz","format":"[Gen 9] Anything Goes","log":"|j|\u2606Gex0n\n|j|\u2606Lilly's_Artz\n|t:|1699332085\n|gametype|singles\n|player|p1|Gex0n|drayden|1074\n|player|p2|Lilly's_Artz|skyla|1098\n|teamsize|p1|6\n|teamsize|p2|6\n|gen|9\n|tier|[Gen 9] Anything Goes\n|rated|\n|rule|HP Percentage Mod: HP is shown in percentages\n|rule|Endless Battle Clause: Forcing endless battles is banned\n|clearpoke\n|poke|p1|Torterra, F|\n|poke|p1|Clefable, F|\n|poke|p1|Electrode|\n|poke|p1|Zoroark, F|\n|poke|p1|Gengar, F|\n|poke|p1|Vivillon-Monsoon, F|\n|poke|p2|Basculegion, M|\n|poke|p2|Sneasler, F|\n|poke|p2|Lilligant-Hisui, F|\n|poke|p2|Eevee, M|\n|poke|p2|Calyrex-Shadow|\n|poke|p2|Tinkaton, F|\n|teampreview\n|\n|t:|1699332101\n|start\n|switch|p1a: Torterra|Torterra, F, shiny|100\/100\n|switch|p2a: Fishy|Basculegion, M|100\/100\n|turn|1\n|\n|t:|1699332122\n|switch|p2a: \ud83e\uddcb|Sneasler, F|100\/100\n|-ability|p2a: \ud83e\uddcb|Pressure\n|move|p1a: Torterra|Substitute|p1a: Torterra\n|-start|p1a: Torterra|Substitute\n|-damage|p1a: Torterra|76\/100\n|\n|upkeep\n|turn|2\n|\n|t:|1699332136\n|move|p2a: \ud83e\uddcb|Fire Punch|p1a: Torterra\n|-end|p1a: Torterra|Substitute\n|move|p1a: Torterra|Swords Dance|p1a: Torterra\n|-boost|p1a: Torterra|atk|2\n|\n|upkeep\n|turn|3\n|\n|t:|1699332148\n|move|p2a: \ud83e\uddcb|Fire Punch|p1a: Torterra\n|-damage|p1a: Torterra|22\/100\n|replace|p1a: Zoroark|Zoroark, F\n|-end|p1a: Zoroark|Illusion\n|move|p1a: Zoroark|Knock Off|p2a: \ud83e\uddcb\n|-resisted|p2a: \ud83e\uddcb\n|-damage|p2a: \ud83e\uddcb|7\/100\n|-enditem|p2a: \ud83e\uddcb|Choice Specs|[from] move: Knock Off|[of] p1a: Zoroark\n|-damage|p1a: Zoroark|12\/100|[from] item: Life Orb\n|\n|upkeep\n|turn|4\n|\n|t:|1699332162\n|move|p2a: \ud83e\uddcb|Fire Punch|p1a: Zoroark\n|-damage|p1a: Zoroark|0 fnt\n|faint|p1a: Zoroark\n|\n|upkeep\n|\n|t:|1699332167\n|switch|p1a: Gengar|Gengar, F|100\/100\n|turn|5\n|\n|t:|1699332180\n|switch|p2a: Fishy|Basculegion, M|100\/100\n|move|p1a: Gengar|Destiny Bond|p1a: Gengar\n|-singlemove|p1a: Gengar|Destiny Bond\n|\n|upkeep\n|turn|6\n|\n|t:|1699332187\n|move|p2a: Fishy|Last Respects|p1a: Gengar\n|-supereffective|p1a: Gengar\n|-damage|p1a: Gengar|18\/100\n|-start|p2a: Fishy|Disable|Last Respects|[from] ability: Cursed Body|[of] p1a: Gengar\n|move|p1a: Gengar|Toxic|p2a: Fishy\n|-status|p2a: Fishy|tox\n|\n|-damage|p2a: Fishy|94\/100 tox|[from] psn\n|upkeep\n|turn|7\n|\n|t:|1699332200\n|switch|p2a: Sha|Calyrex-Shadow|100\/100\n|-ability|p2a: Sha|As One\n|-ability|p2a: Sha|Unnerve\n|move|p1a: Gengar|Dark Pulse|p2a: Sha\n|-supereffective|p2a: Sha\n|-damage|p2a: Sha|11\/100\n|\n|upkeep\n|turn|8\n|\n|t:|1699332216\n|move|p2a: Sha|Astral Barrage|p1a: Gengar\n|-supereffective|p1a: Gengar\n|-damage|p1a: Gengar|0 fnt\n|faint|p1a: Gengar\n|-ability|p2a: Sha|Grim Neigh|boost\n|-boost|p2a: Sha|spa|1\n|\n|upkeep\n|\n|t:|1699332220\n|switch|p1a: Electrode|Electrode|100\/100\n|turn|9\n|\n|t:|1699332233\n|switch|p2a: Best boi|Eevee, M, shiny|100\/100\n|move|p1a: Electrode|Light Screen|p1a: Electrode\n|-sidestart|p1: Gex0n|move: Light Screen\n|\n|upkeep\n|turn|10\n|\n|t:|1699332241\n|move|p1a: Electrode|Thunder Wave|p2a: Best boi\n|-status|p2a: Best boi|par\n|move|p2a: Best boi|Shadow Ball|p1a: Electrode\n|-damage|p1a: Electrode|94\/100\n|\n|upkeep\n|turn|11\n|\n|t:|1699332249\n|move|p1a: Electrode|Electric Terrain|p1a: Electrode\n|-fieldstart|move: Electric Terrain\n|move|p2a: Best boi|Double-Edge|p1a: Electrode\n|-crit|p1a: Electrode\n|-damage|p1a: Electrode|0 fnt\n|-damage|p2a: Best boi|76\/100 par|[from] ability: Aftermath|[of] p1a: Electrode\n|faint|p1a: Electrode\n|-damage|p2a: Best boi|44\/100 par|[from] Recoil\n|\n|upkeep\n|\n|t:|1699332259\n|switch|p1a: Clefable|Clefable, F, shiny|100\/100\n|turn|12\n|\n|t:|1699332271\n|-terastallize|p1a: Clefable|Steel\n|move|p1a: Clefable|Encore|p2a: Best boi\n|-start|p2a: Best boi|Encore\n|move|p2a: Best boi|Double-Edge|p1a: Clefable\n|-resisted|p1a: Clefable\n|-crit|p1a: Clefable\n|-damage|p1a: Clefable|59\/100\n|-damage|p2a: Best boi|27\/100 par|[from] Recoil\n|\n|-heal|p1a: Clefable|65\/100|[from] item: Leftovers\n|upkeep\n|turn|13\n|\n|t:|1699332286\n|move|p1a: Clefable|Cosmic Power|p1a: Clefable\n|-boost|p1a: Clefable|def|1\n|-boost|p1a: Clefable|spd|1\n|move|p2a: Best boi|Double-Edge|p1a: Clefable\n|-resisted|p1a: Clefable\n|-damage|p1a: Clefable|45\/100\n|-damage|p2a: Best boi|18\/100 par|[from] Recoil\n|\n|-heal|p1a: Clefable|51\/100|[from] item: Leftovers\n|upkeep\n|turn|14\n|\n|t:|1699332300\n|switch|p2a: Tinkaton|Tinkaton, F|100\/100\n|-ability|p2a: Tinkaton|Mold Breaker\n|move|p1a: Clefable|Cosmic Power|p1a: Clefable\n|-boost|p1a: Clefable|def|1\n|-boost|p1a: Clefable|spd|1\n|\n|-heal|p1a: Clefable|57\/100|[from] item: Leftovers\n|upkeep\n|turn|15\n|\n|t:|1699332320\n|move|p2a: Tinkaton|Gigaton Hammer|p1a: Clefable\n|-resisted|p1a: Clefable\n|-damage|p1a: Clefable|42\/100\n|move|p1a: Clefable|Cosmic Power|p1a: Clefable\n|-boost|p1a: Clefable|def|1\n|-boost|p1a: Clefable|spd|1\n|\n|-heal|p1a: Clefable|48\/100|[from] item: Leftovers\n|-fieldend|move: Electric Terrain\n|upkeep\n|turn|16\n|\n|t:|1699332328\n|switch|p2a: Petal|Lilligant-Hisui, F|100\/100\n|move|p1a: Clefable|Cosmic Power|p1a: Clefable\n|-boost|p1a: Clefable|def|1\n|-boost|p1a: Clefable|spd|1\n|\n|-heal|p1a: Clefable|54\/100|[from] item: Leftovers\n|-sideend|p1: Gex0n|move: Light Screen\n|upkeep\n|turn|17\n|\n|t:|1699332336\n|move|p2a: Petal|Victory Dance|p2a: Petal\n|-boost|p2a: Petal|atk|1\n|-boost|p2a: Petal|def|1\n|-boost|p2a: Petal|spe|1\n|move|p1a: Clefable|Draining Kiss|p2a: Petal\n|-supereffective|p2a: Petal\n|-crit|p2a: Petal\n|-damage|p2a: Petal|39\/100\n|-heal|p1a: Clefable|94\/100|[from] drain|[of] p2a: Petal\n|-damage|p1a: Clefable|78\/100|[from] item: Rocky Helmet|[of] p2a: Petal\n|\n|-heal|p1a: Clefable|84\/100|[from] item: Leftovers\n|upkeep\n|turn|18\n|\n|t:|1699332348\n|move|p2a: Petal|Air Slash|p1a: Clefable\n|-resisted|p1a: Clefable\n|-damage|p1a: Clefable|83\/100\n|move|p1a: Clefable|Draining Kiss|p2a: Petal\n|-supereffective|p2a: Petal\n|-damage|p2a: Petal|0 fnt\n|-heal|p1a: Clefable|100\/100|[from] drain|[of] p2a: Petal\n|-damage|p1a: Clefable|84\/100|[from] item: Rocky Helmet|[of] p2a: Petal\n|faint|p2a: Petal\n|\n|-heal|p1a: Clefable|90\/100|[from] item: Leftovers\n|upkeep\n|\n|t:|1699332355\n|switch|p2a: \ud83e\uddcb|Sneasler, F|7\/100\n|-ability|p2a: \ud83e\uddcb|Pressure\n|turn|19\n|\n|t:|1699332363\n|move|p2a: \ud83e\uddcb|Fire Punch|p1a: Clefable\n|-supereffective|p1a: Clefable\n|-damage|p1a: Clefable|70\/100\n|move|p1a: Clefable|Cosmic Power|p1a: Clefable\n|-boost|p1a: Clefable|def|1\n|-boost|p1a: Clefable|spd|1\n|\n|-heal|p1a: Clefable|76\/100|[from] item: Leftovers\n|upkeep\n|turn|20\n|\n|t:|1699332373\n|move|p2a: \ud83e\uddcb|Substitute|p2a: \ud83e\uddcb\n|-fail|p2a: \ud83e\uddcb|move: Substitute|[weak]\n|move|p1a: Clefable|Encore|p2a: \ud83e\uddcb\n|-start|p2a: \ud83e\uddcb|Encore\n|\n|-heal|p1a: Clefable|82\/100|[from] item: Leftovers\n|upkeep\n|turn|21\n|\n|t:|1699332382\n|move|p2a: \ud83e\uddcb|Substitute|p2a: \ud83e\uddcb\n|-fail|p2a: \ud83e\uddcb|move: Substitute|[weak]\n|move|p1a: Clefable|Cosmic Power|p1a: Clefable\n|-boost|p1a: Clefable|def|1\n|-boost|p1a: Clefable|spd|1\n|\n|-heal|p1a: Clefable|89\/100|[from] item: Leftovers\n|upkeep\n|turn|22\n|\n|t:|1699332387\n|move|p2a: \ud83e\uddcb|Substitute|p2a: \ud83e\uddcb\n|-fail|p2a: \ud83e\uddcb|move: Substitute|[weak]\n|move|p1a: Clefable|Baton Pass|p1a: Clefable\n|\n|t:|1699332397\n|switch|p1a: Torterra|Torterra, F, shiny|100\/100|[from] Baton Pass\n|\n|upkeep\n|turn|23\n|\n|t:|1699332407\n|switch|p2a: Tinkaton|Tinkaton, F|100\/100\n|-ability|p2a: Tinkaton|Mold Breaker\n|move|p1a: Torterra|Shell Smash|p1a: Torterra\n|-unboost|p1a: Torterra|def|1\n|-unboost|p1a: Torterra|spd|1\n|-boost|p1a: Torterra|atk|2\n|-boost|p1a: Torterra|spa|2\n|-boost|p1a: Torterra|spe|2\n|\n|upkeep\n|turn|24\n|\n|t:|1699332417\n|move|p1a: Torterra|Shell Smash|p1a: Torterra\n|-unboost|p1a: Torterra|def|1\n|-unboost|p1a: Torterra|spd|1\n|-boost|p1a: Torterra|atk|2\n|-boost|p1a: Torterra|spa|2\n|-boost|p1a: Torterra|spe|2\n|move|p2a: Tinkaton|Ice Hammer|p1a: Torterra\n|-supereffective|p1a: Torterra\n|-damage|p1a: Torterra|69\/100\n|-unboost|p2a: Tinkaton|spe|1\n|\n|upkeep\n|turn|25\n|\n|t:|1699332433\n|move|p1a: Torterra|Headlong Rush|p2a: Tinkaton\n|-supereffective|p2a: Tinkaton\n|-enditem|p2a: Tinkaton|Focus Sash\n|-damage|p2a: Tinkaton|1\/100\n|-unboost|p1a: Torterra|def|1\n|-unboost|p1a: Torterra|spd|1\n|move|p2a: Tinkaton|Ice Hammer|p1a: Torterra\n|-supereffective|p1a: Torterra\n|-damage|p1a: Torterra|26\/100\n|-unboost|p2a: Tinkaton|spe|1\n|\n|upkeep\n|turn|26\n|\n|t:|1699332449\n|switch|p2a: Fishy|Basculegion, M|94\/100 tox\n|move|p1a: Torterra|Rock Blast|p2a: Fishy\n|-damage|p2a: Fishy|59\/100 tox\n|-damage|p2a: Fishy|23\/100 tox\n|-damage|p2a: Fishy|0 fnt\n|faint|p2a: Fishy\n|-hitcount|p2: Fishy|3\n|\n|upkeep\n|\n|t:|1699332457\n|switch|p2a: Sha|Calyrex-Shadow|11\/100\n|-ability|p2a: Sha|As One\n|-ability|p2a: Sha|Unnerve\n|turn|27\n|\n|t:|1699332466\n|move|p1a: Torterra|Rock Blast|p2a: Sha\n|-damage|p2a: Sha|0 fnt\n|faint|p2a: Sha\n|-hitcount|p2: Sha|1\n|\n|upkeep\n|\n|t:|1699332480\n|switch|p2a: Best boi|Eevee, M, shiny|18\/100 par\n|turn|28\n|\n|t:|1699332487\n|move|p2a: Best boi|Protect|p2a: Best boi\n|-singleturn|p2a: Best boi|Protect\n|move|p1a: Torterra|Trailblaze|p2a: Best boi\n|-activate|p2a: Best boi|move: Protect\n|\n|upkeep\n|turn|29\n|\n|t:|1699332496\n|move|p1a: Torterra|Trailblaze|p2a: Best boi\n|-damage|p2a: Best boi|0 fnt\n|-boost|p1a: Torterra|spe|1\n|faint|p2a: Best boi\n|\n|upkeep\n|c|\u2606Lilly's_Artz|F u\n|c|\u2606Lilly's_Artz|F u c k  y o u\n|\n|t:|1699332523\n|switch|p2a: Tinkaton|Tinkaton, F|1\/100\n|-ability|p2a: Tinkaton|Mold Breaker\n|turn|30\n|c|\u2606Gex0n|O.o?\n|\n|t:|1699332547\n|move|p1a: Torterra|Rock Blast|p2a: Tinkaton\n|-resisted|p2a: Tinkaton\n|-damage|p2a: Tinkaton|0 fnt\n|faint|p2a: Tinkaton\n|-hitcount|p2: Tinkaton|1\n|\n|upkeep\n|\n|t:|1699332552\n|switch|p2a: \ud83e\uddcb|Sneasler, F|7\/100\n|-ability|p2a: \ud83e\uddcb|Pressure\n|turn|31\n|\n|t:|1699332560\n|move|p1a: Torterra|Trailblaze|p2a: \ud83e\uddcb\n|-resisted|p2a: \ud83e\uddcb\n|-damage|p2a: \ud83e\uddcb|0 fnt\n|-boost|p1a: Torterra|spe|1\n|faint|p2a: \ud83e\uddcb\n|\n|win|Gex0n\n|raw|Gex0n's rating: 1074 &rarr; <strong>1105<\/strong><br \/>(+31 for winning)\n|raw|Lilly&apos;s_Artz's rating: 1098 &rarr; <strong>1072<\/strong><br \/>(-26 for losing)\n","uploadtime":1699332514,"views":4,"p1id":"gex0n","p2id":"lillysartz","formatid":"gen9anythinggoes","rating":1072,"private":0,"password":""}