{"id":"gen9anythinggoes-1997786980","p1":"ecarrots","p2":"chaosjan","format":"[Gen 9] Anything Goes","log":"|j|\u2606ecarrots\n|j|\u2606chaosjan\n|t:|1700852611\n|gametype|singles\n|player|p1|ecarrots|2|1157\n|player|p2|chaosjan|bruno|1162\n|teamsize|p1|6\n|teamsize|p2|6\n|gen|9\n|tier|[Gen 9] Anything Goes\n|rated|\n|rule|HP Percentage Mod: HP is shown in percentages\n|rule|Endless Battle Clause: Forcing endless battles is banned\n|clearpoke\n|poke|p1|Basculegion, M|\n|poke|p1|Manaphy|\n|poke|p1|Glimmora, M|\n|poke|p1|Manaphy|\n|poke|p1|Glimmora, M|\n|poke|p1|Basculegion, M|\n|poke|p2|Zacian-*|\n|poke|p2|Zamazenta-*|\n|poke|p2|Arceus-Steel|\n|poke|p2|Rayquaza|\n|poke|p2|Tornadus, M|\n|poke|p2|Urshifu-*, F|\n|teampreview\n|inactive|Battle timer is ON: inactive players will automatically lose when time's up. (requested by chaosjan)\n|\n|t:|1700852619\n|start\n|switch|p1a: Glimmora|Glimmora, M, shiny|100\/100\n|switch|p2a: Notshukle|Zamazenta-Crowned, shiny|100\/100\n|-ability|p2a: Notshukle|Dauntless Shield|boost\n|-boost|p2a: Notshukle|def|1\n|turn|1\n|\n|t:|1700852628\n|-terastallize|p2a: Notshukle|Fighting\n|move|p2a: Notshukle|Substitute|p2a: Notshukle\n|-start|p2a: Notshukle|Substitute\n|-damage|p2a: Notshukle|76\/100\n|move|p1a: Glimmora|Spikes|p2a: Notshukle\n|-sidestart|p2: chaosjan|Spikes\n|\n|upkeep\n|turn|2\n|\n|t:|1700852639\n|move|p2a: Notshukle|Iron Defense|p2a: Notshukle\n|-boost|p2a: Notshukle|def|2\n|move|p1a: Glimmora|Stealth Rock|p2a: Notshukle\n|-sidestart|p2: chaosjan|move: Stealth Rock\n|\n|upkeep\n|turn|3\n|\n|t:|1700852646\n|move|p2a: Notshukle|Iron Defense|p2a: Notshukle\n|-boost|p2a: Notshukle|def|2\n|move|p1a: Glimmora|Toxic Spikes|p2a: Notshukle\n|-sidestart|p2: chaosjan|move: Toxic Spikes\n|\n|upkeep\n|turn|4\n|\n|t:|1700852653\n|move|p2a: Notshukle|Iron Defense|p2a: Notshukle\n|-boost|p2a: Notshukle|def|1\n|move|p1a: Glimmora|Spikes|p2a: Notshukle\n|-sidestart|p2: chaosjan|Spikes\n|\n|upkeep\n|turn|5\n|\n|t:|1700852659\n|move|p2a: Notshukle|Body Press|p1a: Glimmora\n|-damage|p1a: Glimmora|0 fnt\n|-activate|p1a: Glimmora|ability: Toxic Debris\n|-sidestart|p2: chaosjan|move: Toxic Spikes\n|faint|p1a: Glimmora\n|\n|upkeep\n|\n|t:|1700852666\n|switch|p1a: Manaphy|Manaphy, shiny|100\/100\n|turn|6\n|\n|t:|1700852671\n|move|p2a: Notshukle|Body Press|p1a: Manaphy\n|-enditem|p1a: Manaphy|Focus Sash\n|-damage|p1a: Manaphy|1\/100\n|move|p1a: Manaphy|Heart Swap|p2a: Notshukle\n|-swapboost|p1a: Manaphy|p2a: Notshukle|[from] move: Heart Swap\n|\n|upkeep\n|turn|7\n|\n|t:|1700852682\n|move|p2a: Notshukle|Crunch|p1a: Manaphy\n|-damage|p1a: Manaphy|0 fnt\n|faint|p1a: Manaphy\n|\n|upkeep\n|\n|t:|1700852687\n|switch|p1a: Glimmora|Glimmora, M, shiny|100\/100\n|turn|8\n|\n|t:|1700852692\n|move|p2a: Notshukle|Body Press|p1a: Glimmora\n|-damage|p1a: Glimmora|32\/100\n|move|p1a: Glimmora|Spikes|p2a: Notshukle\n|-sidestart|p2: chaosjan|Spikes\n|\n|upkeep\n|turn|9\n|\n|t:|1700852702\n|move|p2a: Notshukle|Body Press|p1a: Glimmora\n|-damage|p1a: Glimmora|0 fnt\n|faint|p1a: Glimmora\n|\n|upkeep\n|\n|t:|1700852707\n|switch|p1a: Manaphy|Manaphy, shiny|100\/100\n|turn|10\n|\n|t:|1700852714\n|move|p2a: Notshukle|Body Press|p1a: Manaphy\n|-damage|p1a: Manaphy|41\/100\n|move|p1a: Manaphy|Acid Armor|p1a: Manaphy\n|-boost|p1a: Manaphy|def|2\n|\n|upkeep\n|turn|11\n|\n|t:|1700852722\n|move|p2a: Notshukle|Iron Defense|p2a: Notshukle\n|-boost|p2a: Notshukle|def|2\n|move|p1a: Manaphy|Acid Armor|p1a: Manaphy\n|-boost|p1a: Manaphy|def|2\n|\n|upkeep\n|turn|12\n|\n|t:|1700852728\n|move|p2a: Notshukle|Iron Defense|p2a: Notshukle\n|-boost|p2a: Notshukle|def|2\n|move|p1a: Manaphy|Heart Swap|p2a: Notshukle\n|-swapboost|p1a: Manaphy|p2a: Notshukle|[from] move: Heart Swap\n|\n|upkeep\n|turn|13\n|\n|t:|1700852736\n|move|p2a: Notshukle|Body Press|p1a: Manaphy\n|-damage|p1a: Manaphy|0 fnt\n|faint|p1a: Manaphy\n|\n|upkeep\n|\n|t:|1700852740\n|switch|p1a: Basculegion|Basculegion, M, shiny|100\/100\n|turn|14\n|\n|t:|1700852749\n|move|p2a: Notshukle|Crunch|p1a: Basculegion\n|-supereffective|p1a: Basculegion\n|-damage|p1a: Basculegion|44\/100\n|move|p1a: Basculegion|Last Respects|p2a: Notshukle\n|-end|p2a: Notshukle|Substitute\n|\n|-heal|p1a: Basculegion|50\/100|[from] item: Leftovers\n|upkeep\n|turn|15\n|\n|t:|1700852759\n|move|p2a: Notshukle|Crunch|p1a: Basculegion\n|-supereffective|p1a: Basculegion\n|-damage|p1a: Basculegion|0 fnt\n|faint|p1a: Basculegion\n|\n|upkeep\n|\n|t:|1700852763\n|switch|p1a: Basculegion|Basculegion, M, shiny|100\/100\n|turn|16\n|\n|t:|1700852767\n|move|p2a: Notshukle|Crunch|p1a: Basculegion\n|-supereffective|p1a: Basculegion\n|-damage|p1a: Basculegion|44\/100\n|-unboost|p1a: Basculegion|def|1\n|move|p1a: Basculegion|Last Respects|p2a: Notshukle\n|-crit|p2a: Notshukle\n|-damage|p2a: Notshukle|0 fnt\n|faint|p2a: Notshukle\n|\n|-heal|p1a: Basculegion|50\/100|[from] item: Leftovers\n|upkeep\n|\n|t:|1700852784\n|switch|p2a: Schwarzgurt|Urshifu-Rapid-Strike, F|100\/100\n|turn|17\n|\n|t:|1700852792\n|move|p2a: Schwarzgurt|Swords Dance|p2a: Schwarzgurt\n|-boost|p2a: Schwarzgurt|atk|2\n|move|p1a: Basculegion|Last Respects|p2a: Schwarzgurt\n|-damage|p2a: Schwarzgurt|0 fnt\n|faint|p2a: Schwarzgurt\n|\n|-heal|p1a: Basculegion|56\/100|[from] item: Leftovers\n|upkeep\n|\n|t:|1700852807\n|switch|p2a: \ud83e\udd26\ud83e\udd26\ud83e\udd26\ud83e\udd26|Zacian-Crowned, shiny|100\/100\n|-damage|p2a: \ud83e\udd26\ud83e\udd26\ud83e\udd26\ud83e\udd26|76\/100|[from] Spikes\n|-damage|p2a: \ud83e\udd26\ud83e\udd26\ud83e\udd26\ud83e\udd26|69\/100|[from] Stealth Rock\n|-ability|p2a: \ud83e\udd26\ud83e\udd26\ud83e\udd26\ud83e\udd26|Intrepid Sword|boost\n|-boost|p2a: \ud83e\udd26\ud83e\udd26\ud83e\udd26\ud83e\udd26|atk|1\n|turn|18\n|\n|t:|1700852818\n|move|p2a: \ud83e\udd26\ud83e\udd26\ud83e\udd26\ud83e\udd26|Dig||[still]\n|-prepare|p2a: \ud83e\udd26\ud83e\udd26\ud83e\udd26\ud83e\udd26|Dig\n|move|p1a: Basculegion|Last Respects|p2a: \ud83e\udd26\ud83e\udd26\ud83e\udd26\ud83e\udd26|[miss]\n|-miss|p1a: Basculegion|p2a: \ud83e\udd26\ud83e\udd26\ud83e\udd26\ud83e\udd26\n|\n|-heal|p1a: Basculegion|62\/100|[from] item: Leftovers\n|upkeep\n|turn|19\n|\n|t:|1700852826\n|move|p1a: Basculegion|Protect|p1a: Basculegion\n|-singleturn|p1a: Basculegion|Protect\n|move|p2a: \ud83e\udd26\ud83e\udd26\ud83e\udd26\ud83e\udd26|Dig|p1a: Basculegion|[from]lockedmove\n|-activate|p1a: Basculegion|move: Protect\n|\n|-heal|p1a: Basculegion|68\/100|[from] item: Leftovers\n|upkeep\n|turn|20\n|\n|t:|1700852835\n|move|p2a: \ud83e\udd26\ud83e\udd26\ud83e\udd26\ud83e\udd26|Dazzling Gleam|p1a: Basculegion\n|-damage|p1a: Basculegion|42\/100\n|move|p1a: Basculegion|Last Respects|p2a: \ud83e\udd26\ud83e\udd26\ud83e\udd26\ud83e\udd26\n|-damage|p2a: \ud83e\udd26\ud83e\udd26\ud83e\udd26\ud83e\udd26|0 fnt\n|faint|p2a: \ud83e\udd26\ud83e\udd26\ud83e\udd26\ud83e\udd26\n|\n|-heal|p1a: Basculegion|48\/100|[from] item: Leftovers\n|upkeep\n|\n|t:|1700852849\n|switch|p2a: Uncreative|Rayquaza, shiny|100\/100\n|-ability|p2a: Uncreative|Air Lock\n|turn|21\n|\n|t:|1700852856\n|move|p2a: Uncreative|Dragon Claw|p1a: Basculegion\n|-damage|p1a: Basculegion|0 fnt\n|faint|p1a: Basculegion\n|\n|win|chaosjan\n|raw|ecarrots's rating: 1157 &rarr; <strong>1132<\/strong><br \/>(-25 for losing)\n|raw|chaosjan's rating: 1162 &rarr; <strong>1187<\/strong><br \/>(+25 for winning)\n|c|\u2606ecarrots|gg\n|l|\u2606ecarrots\n","uploadtime":1700852880,"views":0,"p1id":"ecarrots","p2id":"chaosjan","formatid":"gen9anythinggoes","rating":1132,"private":0,"password":""}