{"id":"gen9anythinggoes-1976569903","p1":"Oofoofbidoof","p2":"Lucasoduncu","format":"[Gen 9] Anything Goes","log":"|j|\u2606Oofoofbidoof\n|j|\u2606Lucasoduncu\n|t:|1698322896\n|gametype|singles\n|player|p1|Oofoofbidoof|emmet|1000\n|player|p2|Lucasoduncu|cameraman|1067\n|teamsize|p1|6\n|teamsize|p2|6\n|gen|9\n|tier|[Gen 9] Anything Goes\n|rated|\n|rule|HP Percentage Mod: HP is shown in percentages\n|rule|Endless Battle Clause: Forcing endless battles is banned\n|clearpoke\n|poke|p1|Maushold-Four|\n|poke|p1|Maushold-Four|\n|poke|p1|Maushold-Four|\n|poke|p1|Maushold-Four|\n|poke|p1|Maushold-Four|\n|poke|p1|Basculegion, M|\n|poke|p2|Darkrai|\n|poke|p2|Sableye, F|\n|poke|p2|Gengar, M|\n|poke|p2|Murkrow, M|\n|poke|p2|Giratina|\n|poke|p2|Houndoom, F|\n|teampreview\n|inactive|Battle timer is ON: inactive players will automatically lose when time's up. (requested by Oofoofbidoof)\n|\n|t:|1698322904\n|start\n|switch|p1a: Maushold|Maushold-Four|100\/100\n|switch|p2a: Krows|Murkrow, M|100\/100\n|turn|1\n|\n|t:|1698322908\n|move|p1a: Maushold|Tidy Up|p1a: Maushold\n|-boost|p1a: Maushold|atk|1\n|-boost|p1a: Maushold|spe|1\n|move|p2a: Krows|Mud-Slap|p1a: Maushold\n|-damage|p1a: Maushold|94\/100\n|-unboost|p1a: Maushold|accuracy|1\n|\n|upkeep\n|turn|2\n|\n|t:|1698322916\n|move|p1a: Maushold|Population Bomb|p2a: Krows|[miss]\n|-miss|p1a: Maushold|p2a: Krows\n|move|p2a: Krows|Mud-Slap|p1a: Maushold\n|-damage|p1a: Maushold|87\/100\n|-unboost|p1a: Maushold|accuracy|1\n|\n|upkeep\n|turn|3\n|\n|t:|1698322918\n|move|p2a: Krows|Spite|p1a: Maushold\n|-activate|p1a: Maushold|move: Spite|Population Bomb|4\n|move|p1a: Maushold|Population Bomb|p2a: Krows|[miss]\n|-miss|p1a: Maushold|p2a: Krows\n|\n|upkeep\n|turn|4\n|\n|t:|1698322923\n|move|p2a: Krows|Mean Look|p1a: Maushold\n|-activate|p1a: Maushold|trapped\n|move|p1a: Maushold|Population Bomb|p2a: Krows\n|-damage|p2a: Krows|87\/100\n|-damage|p2a: Krows|71\/100\n|-damage|p2a: Krows|56\/100\n|-damage|p2a: Krows|42\/100\n|-damage|p2a: Krows|28\/100\n|-damage|p2a: Krows|15\/100\n|-crit|p2a: Krows\n|-damage|p2a: Krows|0 fnt\n|faint|p2a: Krows\n|-hitcount|p2: Krows|7\n|\n|upkeep\n|\n|t:|1698322934\n|switch|p2a: In The Shadows|Gengar, M, shiny|100\/100\n|turn|5\n|\n|t:|1698322939\n|move|p1a: Maushold|Beat Up|p2a: In The Shadows\n|-supereffective|p2a: In The Shadows\n|-damage|p2a: In The Shadows|72\/100\n|-start|p1a: Maushold|Disable|Beat Up|[from] ability: Cursed Body|[of] p2a: In The Shadows\n|-supereffective|p2a: In The Shadows\n|-damage|p2a: In The Shadows|45\/100\n|-supereffective|p2a: In The Shadows\n|-damage|p2a: In The Shadows|17\/100\n|-supereffective|p2a: In The Shadows\n|-damage|p2a: In The Shadows|0 fnt\n|faint|p2a: In The Shadows\n|-hitcount|p2: In The Shadows|4\n|\n|upkeep\n|\n|t:|1698322944\n|switch|p2a: NightMare|Darkrai, shiny|100\/100\n|turn|6\n|\n|t:|1698322952\n|move|p1a: Maushold|Population Bomb|p2a: NightMare\n|-damage|p2a: NightMare|78\/100\n|-damage|p2a: NightMare|55\/100\n|-damage|p2a: NightMare|31\/100\n|-hitcount|p2a: NightMare|3\n|move|p2a: NightMare|Swords Dance|p2a: NightMare\n|-boost|p2a: NightMare|atk|2\n|\n|upkeep\n|turn|7\n|\n|t:|1698322960\n|-terastallize|p2a: NightMare|Ghost\n|move|p1a: Maushold|Population Bomb|p2a: NightMare\n|-immune|p2a: NightMare\n|move|p2a: NightMare|Drain Punch|p1a: Maushold\n|-supereffective|p1a: Maushold\n|-damage|p1a: Maushold|0 fnt\n|-heal|p2a: NightMare|76\/100|[from] drain|[of] p1a: Maushold\n|faint|p1a: Maushold\n|\n|upkeep\n|\n|t:|1698322974\n|switch|p1a: Basculegion|Basculegion, M, shiny|100\/100\n|turn|8\n|\n|t:|1698322978\n|move|p2a: NightMare|Knock Off|p1a: Basculegion\n|-supereffective|p1a: Basculegion\n|-damage|p1a: Basculegion|0 fnt\n|-enditem|p1a: Basculegion|Choice Band|[from] move: Knock Off|[of] p2a: NightMare\n|faint|p1a: Basculegion\n|\n|upkeep\n|\n|t:|1698322980\n|switch|p1a: Maushold|Maushold-Four|100\/100\n|turn|9\n|\n|t:|1698322984\n|move|p1a: Maushold|Beat Up|p2a: NightMare\n|-supereffective|p2a: NightMare\n|-damage|p2a: NightMare|64\/100\n|-supereffective|p2a: NightMare\n|-damage|p2a: NightMare|51\/100\n|-supereffective|p2a: NightMare\n|-damage|p2a: NightMare|39\/100\n|-supereffective|p2a: NightMare\n|-damage|p2a: NightMare|27\/100\n|-hitcount|p2a: NightMare|4\n|move|p2a: NightMare|Knock Off|p1a: Maushold\n|-damage|p1a: Maushold|0 fnt\n|-enditem|p1a: Maushold|King's Rock|[from] move: Knock Off|[of] p2a: NightMare\n|faint|p1a: Maushold\n|\n|upkeep\n|\n|t:|1698322994\n|switch|p1a: Maushold|Maushold-Four|100\/100\n|turn|10\n|\n|t:|1698322996\n|move|p1a: Maushold|Beat Up|p2a: NightMare\n|-supereffective|p2a: NightMare\n|-damage|p2a: NightMare|16\/100\n|-supereffective|p2a: NightMare\n|-damage|p2a: NightMare|3\/100\n|-supereffective|p2a: NightMare\n|-damage|p2a: NightMare|0 fnt\n|faint|p2a: NightMare\n|-hitcount|p2: NightMare|3\n|\n|upkeep\n|\n|t:|1698323002\n|switch|p2a: Stallking|Sableye, F|100\/100\n|turn|11\n|\n|t:|1698323010\n|move|p1a: Maushold|Beat Up|p2a: Stallking\n|-damage|p2a: Stallking|94\/100\n|-damage|p2a: Stallking|88\/100\n|-damage|p2a: Stallking|81\/100\n|-hitcount|p2a: Stallking|3\n|cant|p2a: Stallking|flinch\n|\n|upkeep\n|turn|12\n|\n|t:|1698323016\n|move|p1a: Maushold|Beat Up|p2a: Stallking\n|-damage|p2a: Stallking|75\/100\n|-damage|p2a: Stallking|68\/100\n|-damage|p2a: Stallking|61\/100\n|-hitcount|p2a: Stallking|3\n|cant|p2a: Stallking|flinch\n|\n|upkeep\n|turn|13\n|\n|t:|1698323024\n|move|p1a: Maushold|Beat Up|p2a: Stallking\n|-damage|p2a: Stallking|55\/100\n|-damage|p2a: Stallking|48\/100\n|-damage|p2a: Stallking|42\/100\n|-hitcount|p2a: Stallking|3\n|move|p2a: Stallking|Recover|p2a: Stallking\n|-heal|p2a: Stallking|92\/100\n|\n|upkeep\n|turn|14\n|\n|t:|1698323036\n|move|p1a: Maushold|Tidy Up|p1a: Maushold\n|-boost|p1a: Maushold|atk|1\n|-boost|p1a: Maushold|spe|1\n|move|p2a: Stallking|Thunder Wave|p1a: Maushold\n|-status|p1a: Maushold|par\n|\n|upkeep\n|turn|15\n|\n|t:|1698323043\n|move|p1a: Maushold|Beat Up|p2a: Stallking\n|-damage|p2a: Stallking|83\/100\n|-damage|p2a: Stallking|74\/100\n|-damage|p2a: Stallking|65\/100\n|-hitcount|p2a: Stallking|3\n|move|p2a: Stallking|Leer|p1a: Maushold\n|-unboost|p1a: Maushold|def|1\n|\n|upkeep\n|turn|16\n|\n|t:|1698323051\n|cant|p1a: Maushold|par\n|move|p2a: Stallking|Fury Swipes|p1a: Maushold\n|-damage|p1a: Maushold|89\/100 par\n|-damage|p1a: Maushold|79\/100 par\n|-hitcount|p1a: Maushold|2\n|\n|upkeep\n|turn|17\n|\n|t:|1698323056\n|move|p1a: Maushold|Tidy Up|p1a: Maushold\n|-boost|p1a: Maushold|atk|1\n|-boost|p1a: Maushold|spe|1\n|move|p2a: Stallking|Fury Swipes|p1a: Maushold\n|-damage|p1a: Maushold|69\/100 par\n|-damage|p1a: Maushold|58\/100 par\n|-damage|p1a: Maushold|47\/100 par\n|-damage|p1a: Maushold|36\/100 par\n|-damage|p1a: Maushold|26\/100 par\n|-hitcount|p1a: Maushold|5\n|\n|upkeep\n|turn|18\n|\n|t:|1698323068\n|cant|p1a: Maushold|par\n|move|p2a: Stallking|Fury Swipes|p1a: Maushold\n|-damage|p1a: Maushold|16\/100 par\n|-damage|p1a: Maushold|5\/100 par\n|-hitcount|p1a: Maushold|2\n|\n|upkeep\n|turn|19\n|\n|t:|1698323074\n|cant|p1a: Maushold|par\n|move|p2a: Stallking|Fury Swipes|p1a: Maushold\n|-damage|p1a: Maushold|0 fnt\n|faint|p1a: Maushold\n|-hitcount|p1: Maushold|1\n|\n|upkeep\n|\n|t:|1698323077\n|switch|p1a: Maushold|Maushold-Four|100\/100\n|turn|20\n|\n|t:|1698323082\n|move|p1a: Maushold|Beat Up|p2a: Stallking\n|-damage|p2a: Stallking|58\/100\n|-damage|p2a: Stallking|51\/100\n|-hitcount|p2a: Stallking|2\n|move|p2a: Stallking|Thunder Wave|p1a: Maushold|[miss]\n|-miss|p2a: Stallking|p1a: Maushold\n|\n|upkeep\n|turn|21\n|\n|t:|1698323090\n|move|p1a: Maushold|Beat Up|p2a: Stallking\n|-damage|p2a: Stallking|45\/100\n|-damage|p2a: Stallking|39\/100\n|-hitcount|p2a: Stallking|2\n|move|p2a: Stallking|Thunder Wave|p1a: Maushold\n|-status|p1a: Maushold|par\n|\n|upkeep\n|turn|22\n|\n|t:|1698323097\n|cant|p1a: Maushold|par\n|move|p2a: Stallking|Fury Swipes|p1a: Maushold\n|-damage|p1a: Maushold|93\/100 par\n|-damage|p1a: Maushold|86\/100 par\n|-hitcount|p1a: Maushold|2\n|\n|upkeep\n|turn|23\n|\n|t:|1698323101\n|move|p1a: Maushold|Beat Up|p2a: Stallking\n|-damage|p2a: Stallking|32\/100\n|-damage|p2a: Stallking|26\/100\n|-hitcount|p2a: Stallking|2\n|cant|p2a: Stallking|flinch\n|\n|upkeep\n|turn|24\n|\n|t:|1698323107\n|cant|p1a: Maushold|par\n|move|p2a: Stallking|Fury Swipes|p1a: Maushold\n|-damage|p1a: Maushold|79\/100 par\n|-damage|p1a: Maushold|71\/100 par\n|-damage|p1a: Maushold|64\/100 par\n|-hitcount|p1a: Maushold|3\n|\n|upkeep\n|turn|25\n|\n|t:|1698323114\n|cant|p1a: Maushold|par\n|move|p2a: Stallking|Fury Swipes|p1a: Maushold\n|-damage|p1a: Maushold|57\/100 par\n|-damage|p1a: Maushold|50\/100 par\n|-hitcount|p1a: Maushold|2\n|\n|upkeep\n|turn|26\n|\n|t:|1698323120\n|move|p1a: Maushold|Beat Up|p2a: Stallking\n|-damage|p2a: Stallking|21\/100\n|-damage|p2a: Stallking|15\/100\n|-hitcount|p2a: Stallking|2\n|cant|p2a: Stallking|flinch\n|\n|upkeep\n|turn|27\n|\n|t:|1698323126\n|move|p1a: Maushold|Beat Up|p2a: Stallking\n|-damage|p2a: Stallking|8\/100\n|-damage|p2a: Stallking|1\/100\n|-hitcount|p2a: Stallking|2\n|move|p2a: Stallking|Fury Swipes|p1a: Maushold\n|-damage|p1a: Maushold|43\/100 par\n|-crit|p1a: Maushold\n|-damage|p1a: Maushold|32\/100 par\n|-damage|p1a: Maushold|24\/100 par\n|-damage|p1a: Maushold|17\/100 par\n|-hitcount|p1a: Maushold|4\n|\n|upkeep\n|turn|28\n|\n|t:|1698323136\n|move|p1a: Maushold|Beat Up|p2a: Stallking\n|-damage|p2a: Stallking|0 fnt\n|faint|p2a: Stallking\n|-hitcount|p2: Stallking|1\n|\n|upkeep\n|\n|t:|1698323139\n|switch|p2a: Hell Dog|Houndoom, F, shiny|100\/100\n|turn|29\n|\n|t:|1698323142\n|move|p2a: Hell Dog|Beat Up|p1a: Maushold\n|-damage|p1a: Maushold|8\/100 par\n|-damage|p1a: Maushold|0 fnt\n|faint|p1a: Maushold\n|-hitcount|p1: Maushold|2\n|\n|upkeep\n|\n|t:|1698323145\n|switch|p1a: Maushold|Maushold-Four|100\/100\n|turn|30\n|\n|t:|1698323151\n|-terastallize|p1a: Maushold|Dark\n|move|p1a: Maushold|Tidy Up|p1a: Maushold\n|-boost|p1a: Maushold|atk|1\n|-boost|p1a: Maushold|spe|1\n|move|p2a: Hell Dog|Beat Up|p1a: Maushold\n|-resisted|p1a: Maushold\n|-crit|p1a: Maushold\n|-damage|p1a: Maushold|93\/100\n|-resisted|p1a: Maushold\n|-damage|p1a: Maushold|88\/100\n|-hitcount|p1a: Maushold|2\n|\n|upkeep\n|turn|31\n|\n|t:|1698323159\n|move|p1a: Maushold|Population Bomb|p2a: Hell Dog\n|-damage|p2a: Hell Dog|65\/100\n|-damage|p2a: Hell Dog|30\/100\n|-damage|p2a: Hell Dog|0 fnt\n|faint|p2a: Hell Dog\n|-hitcount|p2: Hell Dog|3\n|\n|upkeep\n|\n|t:|1698323161\n|switch|p2a: The Devil|Giratina|100\/100\n|-ability|p2a: The Devil|Pressure\n|turn|32\n|\n|t:|1698323168\n|move|p1a: Maushold|Beat Up|p2a: The Devil\n|-supereffective|p2a: The Devil\n|-damage|p2a: The Devil|88\/100\n|-hitcount|p2a: The Devil|1\n|move|p2a: The Devil|Body Slam|p1a: Maushold\n|-damage|p1a: Maushold|50\/100\n|\n|upkeep\n|turn|33\n|\n|t:|1698323175\n|move|p1a: Maushold|Beat Up|p2a: The Devil\n|-supereffective|p2a: The Devil\n|-damage|p2a: The Devil|74\/100\n|-hitcount|p2a: The Devil|1\n|move|p2a: The Devil|Body Slam|p1a: Maushold\n|-damage|p1a: Maushold|9\/100\n|\n|upkeep\n|turn|34\n|\n|t:|1698323181\n|move|p1a: Maushold|Beat Up|p2a: The Devil\n|-supereffective|p2a: The Devil\n|-damage|p2a: The Devil|60\/100\n|-hitcount|p2a: The Devil|1\n|move|p2a: The Devil|Shadow Force||[still]\n|-prepare|p2a: The Devil|Shadow Force\n|\n|upkeep\n|turn|35\n|\n|t:|1698323185\n|move|p1a: Maushold|Beat Up|p2a: The Devil|[miss]\n|-miss|p1a: Maushold|p2a: The Devil\n|move|p2a: The Devil|Shadow Force|p1a: Maushold|[from]lockedmove\n|-resisted|p1a: Maushold\n|-damage|p1a: Maushold|0 fnt\n|faint|p1a: Maushold\n|\n|win|Lucasoduncu\n|raw|Oofoofbidoof's rating: 1000 &rarr; <strong>1000<\/strong><br \/>(+0 for losing)\n|raw|Lucasoduncu's rating: 1067 &rarr; <strong>1091<\/strong><br \/>(+24 for winning)\n|l|\u2606Oofoofbidoof\n","uploadtime":1698323194,"views":15,"p1id":"oofoofbidoof","p2id":"lucasoduncu","formatid":"gen9anythinggoes","rating":1000,"private":0,"password":""}