{"id":"gen9anythinggoes-1988686800","p1":"Jethro Chin","p2":"Bestmontop","format":"[Gen 9] Anything Goes","log":"|j|\u2606Jethro Chin\n|j|\u2606Bestmontop\n|t:|1699750629\n|gametype|singles\n|player|p1|Jethro Chin|schoolkid-gen4|1050\n|player|p2|Bestmontop|clerk|1000\n|teamsize|p1|6\n|teamsize|p2|6\n|gen|9\n|tier|[Gen 9] Anything Goes\n|rated|\n|rule|HP Percentage Mod: HP is shown in percentages\n|rule|Endless Battle Clause: Forcing endless battles is banned\n|clearpoke\n|poke|p1|Kricketune, F|\n|poke|p1|Polteageist|\n|poke|p1|Maushold-Four|\n|poke|p1|Zoroark-Hisui, F|\n|poke|p1|Spectrier|\n|poke|p1|Calyrex-Ice|\n|poke|p2|Calyrex-Shadow|\n|poke|p2|Miraidon|\n|poke|p2|Slowking-Galar, F|\n|poke|p2|Ribombee, F|\n|poke|p2|Urshifu-*, F|\n|poke|p2|Chien-Pao|\n|teampreview\n|\n|t:|1699750640\n|start\n|switch|p1a: ChecksumError|Polteageist|100\/100\n|switch|p2a: Ribombee|Ribombee, F|100\/100\n|turn|1\n|\n|t:|1699750650\n|move|p2a: Ribombee|Quiver Dance|p2a: Ribombee\n|-boost|p2a: Ribombee|spa|1\n|-boost|p2a: Ribombee|spd|1\n|-boost|p2a: Ribombee|spe|1\n|move|p1a: ChecksumError|Shell Smash|p1a: ChecksumError\n|-unboost|p1a: ChecksumError|def|1\n|-unboost|p1a: ChecksumError|spd|1\n|-boost|p1a: ChecksumError|atk|2\n|-boost|p1a: ChecksumError|spa|2\n|-boost|p1a: ChecksumError|spe|2\n|\n|upkeep\n|turn|2\n|\n|t:|1699750671\n|move|p2a: Ribombee|Baton Pass|p2a: Ribombee\n|\n|t:|1699750676\n|switch|p2a: Slowking|Slowking-Galar, F|100\/100|[from] Baton Pass\n|move|p1a: ChecksumError|Shell Smash|p1a: ChecksumError\n|-unboost|p1a: ChecksumError|def|1\n|-unboost|p1a: ChecksumError|spd|1\n|-boost|p1a: ChecksumError|atk|2\n|-boost|p1a: ChecksumError|spa|2\n|-boost|p1a: ChecksumError|spe|2\n|\n|upkeep\n|turn|3\n|\n|t:|1699750691\n|move|p1a: ChecksumError|Dark Pulse|p2a: Slowking\n|-supereffective|p2a: Slowking\n|-damage|p2a: Slowking|9\/100\n|-enditem|p2a: Slowking|Red Card|[of] p1a: ChecksumError\n|drag|p1a: Spectrier|Spectrier|100\/100\n|cant|p2a: Slowking|flinch\n|\n|upkeep\n|turn|4\n|\n|t:|1699750705\n|move|p1a: Spectrier|Hex|p2a: Slowking\n|-supereffective|p2a: Slowking\n|-damage|p2a: Slowking|0 fnt\n|faint|p2a: Slowking\n|-ability|p1a: Spectrier|Grim Neigh|boost\n|-boost|p1a: Spectrier|spa|1\n|\n|upkeep\n|\n|t:|1699750714\n|switch|p2a: Calyrex|Calyrex-Shadow|100\/100\n|-ability|p2a: Calyrex|As One\n|-ability|p2a: Calyrex|Unnerve\n|turn|5\n|\n|t:|1699750728\n|move|p2a: Calyrex|Astral Barrage|p1a: Spectrier\n|-supereffective|p1a: Spectrier\n|-damage|p1a: Spectrier|0 fnt\n|faint|p1a: Spectrier\n|-ability|p2a: Calyrex|Grim Neigh|boost\n|-boost|p2a: Calyrex|spa|1\n|\n|upkeep\n|\n|t:|1699750735\n|switch|p1a: ChecksumError|Polteageist|100\/100\n|turn|6\n|\n|t:|1699750741\n|move|p2a: Calyrex|Astral Barrage|p1a: ChecksumError\n|-supereffective|p1a: ChecksumError\n|-enditem|p1a: ChecksumError|Focus Sash\n|-damage|p1a: ChecksumError|1\/100\n|move|p1a: ChecksumError|Shell Smash|p1a: ChecksumError\n|-unboost|p1a: ChecksumError|def|1\n|-unboost|p1a: ChecksumError|spd|1\n|-boost|p1a: ChecksumError|atk|2\n|-boost|p1a: ChecksumError|spa|2\n|-boost|p1a: ChecksumError|spe|2\n|\n|upkeep\n|turn|7\n|\n|t:|1699750754\n|switch|p2a: Ribombee|Ribombee, F|100\/100\n|-terastallize|p1a: ChecksumError|Ghost\n|move|p1a: ChecksumError|Shadow Ball|p2a: Ribombee\n|-enditem|p2a: Ribombee|Focus Sash\n|-damage|p2a: Ribombee|1\/100\n|\n|upkeep\n|turn|8\n|\n|t:|1699750766\n|move|p1a: ChecksumError|Shadow Ball|p2a: Ribombee\n|-damage|p2a: Ribombee|0 fnt\n|faint|p2a: Ribombee\n|\n|upkeep\n|\n|t:|1699750772\n|switch|p2a: Urshifu|Urshifu-Rapid-Strike, F|100\/100\n|turn|9\n|\n|t:|1699750788\n|move|p2a: Urshifu|Aqua Jet|p1a: ChecksumError\n|-damage|p1a: ChecksumError|0 fnt\n|faint|p1a: ChecksumError\n|-damage|p2a: Urshifu|91\/100|[from] item: Life Orb\n|\n|upkeep\n|\n|t:|1699750792\n|switch|p1a: Maushold|Maushold-Four|100\/100\n|turn|10\n|\n|t:|1699750803\n|move|p1a: Maushold|Population Bomb|p2a: Urshifu|[miss]\n|-miss|p1a: Maushold|p2a: Urshifu\n|move|p2a: Urshifu|Bulk Up|p2a: Urshifu\n|-boost|p2a: Urshifu|atk|1\n|-boost|p2a: Urshifu|def|1\n|\n|upkeep\n|turn|11\n|\n|t:|1699750811\n|move|p1a: Maushold|Population Bomb|p2a: Urshifu\n|-damage|p2a: Urshifu|87\/100\n|-damage|p2a: Urshifu|83\/100\n|-damage|p2a: Urshifu|79\/100\n|-damage|p2a: Urshifu|75\/100\n|-damage|p2a: Urshifu|71\/100\n|-damage|p2a: Urshifu|67\/100\n|-damage|p2a: Urshifu|64\/100\n|-crit|p2a: Urshifu\n|-damage|p2a: Urshifu|55\/100\n|-damage|p2a: Urshifu|51\/100\n|-damage|p2a: Urshifu|47\/100\n|-hitcount|p2a: Urshifu|10\n|move|p2a: Urshifu|Surging Strikes|p1a: Maushold\n|-crit|p1a: Maushold\n|-damage|p1a: Maushold|47\/100\n|-crit|p1a: Maushold\n|-damage|p1a: Maushold|0 fnt\n|faint|p1a: Maushold\n|-hitcount|p1: Maushold|2\n|-damage|p2a: Urshifu|37\/100|[from] item: Life Orb\n|\n|upkeep\n|\n|t:|1699750827\n|switch|p1a: Kricketune|Kricketune, F, shiny|100\/100\n|turn|12\n|\n|t:|1699750837\n|move|p1a: Kricketune|Detect|p1a: Kricketune\n|-singleturn|p1a: Kricketune|Protect\n|move|p2a: Urshifu|Surging Strikes|p1a: Kricketune\n|-crit|p1a: Kricketune\n|-damage|p1a: Kricketune|19\/100\n|-damage|p2a: Urshifu|21\/100|[from] item: Rocky Helmet|[of] p1a: Kricketune\n|replace|p1a: Zoroark|Zoroark-Hisui, F, shiny\n|-end|p1a: Zoroark|Illusion\n|-crit|p1a: Zoroark\n|-damage|p1a: Zoroark|0 fnt\n|-damage|p2a: Urshifu|5\/100|[from] item: Rocky Helmet|[of] p1a: Zoroark\n|faint|p1a: Zoroark\n|-hitcount|p1: Zoroark|2\n|-damage|p2a: Urshifu|0 fnt|[from] item: Life Orb\n|faint|p2a: Urshifu\n|\n|upkeep\n|\n|t:|1699750857\n|switch|p1a: Calyrex|Calyrex-Ice|100\/100\n|switch|p2a: Miraidon|Miraidon|100\/100\n|-ability|p1a: Calyrex|As One\n|-ability|p1a: Calyrex|Unnerve\n|-fieldstart|move: Electric Terrain|[from] ability: Hadron Engine|[of] p2a: Miraidon\n|turn|13\n|\n|t:|1699750874\n|move|p2a: Miraidon|Electro Drift|p1a: Calyrex\n|-damage|p1a: Calyrex|21\/100\n|-enditem|p1a: Calyrex|Eject Button\n|-damage|p2a: Miraidon|91\/100|[from] item: Life Orb\n|\n|t:|1699750877\n|switch|p1a: Kricketune|Kricketune, F, shiny|100\/100\n|\n|upkeep\n|turn|14\n|\n|t:|1699750888\n|move|p2a: Miraidon|Electro Drift|p1a: Kricketune\n|-damage|p1a: Kricketune|0 fnt\n|faint|p1a: Kricketune\n|-damage|p2a: Miraidon|81\/100|[from] item: Life Orb\n|\n|upkeep\n|\n|t:|1699750890\n|switch|p1a: Calyrex|Calyrex-Ice|21\/100\n|-ability|p1a: Calyrex|As One\n|-ability|p1a: Calyrex|Unnerve\n|turn|15\n|-message|Jethro Chin forfeited.\n|\n|win|Bestmontop\n|raw|Jethro Chin's rating: 1050 &rarr; <strong>1030<\/strong><br \/>(-20 for losing)\n|raw|Bestmontop's rating: 1000 &rarr; <strong>1046<\/strong><br \/>(+46 for winning)\n|l|\u2606Jethro Chin\n|c|\u2606Bestmontop|Gg\n","uploadtime":1699750910,"views":5,"p1id":"jethrochin","p2id":"bestmontop","formatid":"gen9anythinggoes","rating":1030,"private":0,"password":""}