{"id":"gen9anythinggoes-1995126679","p1":"yaboi441","p2":"doofusmitch","format":"[Gen 9] Anything Goes","log":"|j|\u2606yaboi441\n|j|\u2606doofusmitch\n|t:|1700525509\n|gametype|singles\n|player|p1|yaboi441|linebacker|1000\n|player|p2|doofusmitch|265|1026\n|teamsize|p1|6\n|teamsize|p2|6\n|gen|9\n|tier|[Gen 9] Anything Goes\n|rated|\n|rule|HP Percentage Mod: HP is shown in percentages\n|rule|Endless Battle Clause: Forcing endless battles is banned\n|clearpoke\n|poke|p1|Palafin, M|\n|poke|p1|Regieleki|\n|poke|p1|Ogerpon-Hearthflame, F|\n|poke|p1|Rayquaza|\n|poke|p1|Espathra, F|\n|poke|p1|Ursaluna-Bloodmoon, M|\n|poke|p2|Gholdengo|\n|poke|p2|Annihilape, M|\n|poke|p2|Gengar, F|\n|poke|p2|Armarouge, M|\n|poke|p2|Tinkaton, F|\n|poke|p2|Gliscor, F|\n|teampreview\n|\n|t:|1700525520\n|start\n|switch|p1a: Road Runner|Espathra, F, shiny|100\/100\n|switch|p2a: hamma woman|Tinkaton, F, shiny|100\/100\n|-ability|p2a: hamma woman|Mold Breaker\n|-item|p2a: hamma woman|Air Balloon\n|turn|1\n|inactive|Battle timer is ON: inactive players will automatically lose when time's up. (requested by doofusmitch)\n|c|\u2606doofusmitch|yooo\n|\n|t:|1700525548\n|move|p1a: Road Runner|Calm Mind|p1a: Road Runner\n|-boost|p1a: Road Runner|spa|1\n|-boost|p1a: Road Runner|spd|1\n|move|p2a: hamma woman|Stealth Rock|p1a: Road Runner\n|-sidestart|p1: yaboi441|move: Stealth Rock\n|\n|-ability|p1a: Road Runner|Speed Boost|boost\n|-boost|p1a: Road Runner|spe|1\n|upkeep\n|turn|2\n|\n|t:|1700525576\n|move|p1a: Road Runner|Protect|p1a: Road Runner\n|-singleturn|p1a: Road Runner|Protect\n|move|p2a: hamma woman|Thunder Wave|p1a: Road Runner\n|-activate|p1a: Road Runner|move: Protect\n|\n|-ability|p1a: Road Runner|Speed Boost|boost\n|-boost|p1a: Road Runner|spe|1\n|upkeep\n|turn|3\n|\n|t:|1700525588\n|-terastallize|p1a: Road Runner|Fire\n|move|p1a: Road Runner|Tera Blast|p2a: hamma woman|[anim] Tera Blast Fire\n|-supereffective|p2a: hamma woman\n|-damage|p2a: hamma woman|5\/100\n|-enditem|p2a: hamma woman|Air Balloon\n|move|p2a: hamma woman|Thunder Wave|p1a: Road Runner\n|-status|p1a: Road Runner|par\n|\n|-ability|p1a: Road Runner|Speed Boost|boost\n|-boost|p1a: Road Runner|spe|1\n|upkeep\n|turn|4\n|inactive|yaboi441 has 120 seconds left.\n|\n|t:|1700525606\n|move|p1a: Road Runner|Protect|p1a: Road Runner\n|-singleturn|p1a: Road Runner|Protect\n|move|p2a: hamma woman|Knock Off|p1a: Road Runner\n|-activate|p1a: Road Runner|move: Protect\n|\n|-ability|p1a: Road Runner|Speed Boost|boost\n|-boost|p1a: Road Runner|spe|1\n|upkeep\n|turn|5\n|inactive|yaboi441 has 120 seconds left.\n|\n|t:|1700525619\n|move|p1a: Road Runner|Lumina Crash|p2a: hamma woman\n|-resisted|p2a: hamma woman\n|-crit|p2a: hamma woman\n|-damage|p2a: hamma woman|0 fnt\n|faint|p2a: hamma woman\n|\n|-ability|p1a: Road Runner|Speed Boost|boost\n|-boost|p1a: Road Runner|spe|1\n|upkeep\n|\n|t:|1700525627\n|switch|p2a: Gliscor|Gliscor, F|100\/100\n|turn|6\n|\n|t:|1700525634\n|move|p1a: Road Runner|Lumina Crash|p2a: Gliscor\n|-damage|p2a: Gliscor|28\/100\n|-unboost|p2a: Gliscor|spd|2\n|move|p2a: Gliscor|Sludge Bomb|p1a: Road Runner\n|-damage|p1a: Road Runner|91\/100 par\n|\n|-heal|p1a: Road Runner|97\/100 par|[from] item: Leftovers\n|-ability|p1a: Road Runner|Speed Boost|boost\n|-boost|p1a: Road Runner|spe|1\n|-status|p2a: Gliscor|tox|[from] item: Toxic Orb\n|upkeep\n|turn|7\n|\n|t:|1700525647\n|cant|p1a: Road Runner|par\n|move|p2a: Gliscor|Counter||[still]\n|-fail|p2a: Gliscor\n|\n|-heal|p1a: Road Runner|100\/100 par|[from] item: Leftovers\n|-heal|p2a: Gliscor|41\/100 tox|[from] ability: Poison Heal\n|upkeep\n|turn|8\n|\n|t:|1700525658\n|move|p1a: Road Runner|Tera Blast|p2a: Gliscor|[anim] Tera Blast Fire\n|-damage|p2a: Gliscor|0 fnt\n|faint|p2a: Gliscor\n|\n|upkeep\n|\n|t:|1700525665\n|switch|p2a: armor fire|Armarouge, M, shiny|100\/100\n|turn|9\n|\n|t:|1700525674\n|move|p1a: Road Runner|Tera Blast|p2a: armor fire|[anim] Tera Blast Fire\n|-start|p2a: armor fire|ability: Flash Fire\n|move|p2a: armor fire|Aura Sphere|p1a: Road Runner\n|-damage|p1a: Road Runner|73\/100 par\n|\n|-heal|p1a: Road Runner|79\/100 par|[from] item: Leftovers\n|upkeep\n|turn|10\n|\n|t:|1700525684\n|cant|p1a: Road Runner|par\n|move|p2a: armor fire|Dark Pulse|p1a: Road Runner\n|-damage|p1a: Road Runner|49\/100 par\n|\n|-heal|p1a: Road Runner|55\/100 par|[from] item: Leftovers\n|upkeep\n|turn|11\n|\n|t:|1700525692\n|move|p1a: Road Runner|Lumina Crash|p2a: armor fire\n|-resisted|p2a: armor fire\n|-crit|p2a: armor fire\n|-damage|p2a: armor fire|57\/100\n|-unboost|p2a: armor fire|spd|2\n|move|p2a: armor fire|Dark Pulse|p1a: Road Runner\n|-damage|p1a: Road Runner|29\/100 par\n|\n|-heal|p1a: Road Runner|35\/100 par|[from] item: Leftovers\n|upkeep\n|turn|12\n|\n|t:|1700525704\n|move|p1a: Road Runner|Protect|p1a: Road Runner\n|-singleturn|p1a: Road Runner|Protect\n|move|p2a: armor fire|Aura Sphere|p1a: Road Runner\n|-activate|p1a: Road Runner|move: Protect\n|\n|-heal|p1a: Road Runner|41\/100 par|[from] item: Leftovers\n|upkeep\n|turn|13\n|\n|t:|1700525727\n|move|p1a: Road Runner|Lumina Crash|p2a: armor fire\n|-resisted|p2a: armor fire\n|-damage|p2a: armor fire|0 fnt\n|faint|p2a: armor fire\n|\n|-heal|p1a: Road Runner|47\/100 par|[from] item: Leftovers\n|upkeep\n|\n|t:|1700525738\n|switch|p2a: gold dude|Gholdengo, shiny|100\/100\n|turn|14\n|\n|t:|1700525742\n|move|p1a: Road Runner|Tera Blast|p2a: gold dude|[anim] Tera Blast Fire\n|-supereffective|p2a: gold dude\n|-damage|p2a: gold dude|0 fnt\n|faint|p2a: gold dude\n|\n|-heal|p1a: Road Runner|53\/100 par|[from] item: Leftovers\n|upkeep\n|\n|t:|1700525750\n|switch|p2a: monkey-hand|Annihilape, M, shiny|100\/100\n|turn|15\n|\n|t:|1700525757\n|-terastallize|p2a: monkey-hand|Fire\n|move|p1a: Road Runner|Lumina Crash|p2a: monkey-hand\n|-damage|p2a: monkey-hand|49\/100\n|-unboost|p2a: monkey-hand|spd|2\n|-enditem|p2a: monkey-hand|Sitrus Berry|[eat]\n|-heal|p2a: monkey-hand|74\/100|[from] item: Sitrus Berry\n|move|p2a: monkey-hand|Bulk Up|p2a: monkey-hand\n|-boost|p2a: monkey-hand|atk|1\n|-boost|p2a: monkey-hand|def|1\n|\n|-heal|p1a: Road Runner|59\/100 par|[from] item: Leftovers\n|upkeep\n|turn|16\n|\n|t:|1700525773\n|move|p1a: Road Runner|Lumina Crash|p2a: monkey-hand\n|-damage|p2a: monkey-hand|0 fnt\n|faint|p2a: monkey-hand\n|\n|-heal|p1a: Road Runner|65\/100 par|[from] item: Leftovers\n|upkeep\n|\n|t:|1700525781\n|switch|p2a: your shadow|Gengar, F, shiny|100\/100\n|turn|17\n|\n|t:|1700525792\n|move|p1a: Road Runner|Lumina Crash|p2a: your shadow\n|-supereffective|p2a: your shadow\n|-enditem|p2a: your shadow|Focus Sash\n|-damage|p2a: your shadow|1\/100\n|-unboost|p2a: your shadow|spd|2\n|move|p2a: your shadow|Thunderbolt|p1a: Road Runner\n|-crit|p1a: Road Runner\n|-damage|p1a: Road Runner|0 fnt\n|faint|p1a: Road Runner\n|\n|upkeep\n|\n|t:|1700525801\n|switch|p1a: Eleki|Regieleki, shiny|100\/100\n|-damage|p1a: Eleki|88\/100|[from] Stealth Rock\n|turn|18\n|\n|t:|1700525814\n|move|p1a: Eleki|Volt Switch|p2a: your shadow\n|-damage|p2a: your shadow|0 fnt\n|faint|p2a: your shadow\n|\n|win|yaboi441\n|raw|yaboi441's rating: 1000 &rarr; <strong>1043<\/strong><br \/>(+43 for winning)\n|raw|doofusmitch's rating: 1026 &rarr; <strong>1011<\/strong><br \/>(-15 for losing)\n","uploadtime":1700525821,"views":0,"p1id":"yaboi441","p2id":"doofusmitch","formatid":"gen9anythinggoes","rating":1011,"private":0,"password":""}