{"id":"gen9anythinggoes-1978347328","p1":"BTT2023","p2":"Showdown Showcase","format":"[Gen 9] Anything Goes","log":"|j|\u2606BTT2023\n|j|\u2606Showdown Showcase\n|t:|1698527796\n|gametype|singles\n|player|p1|BTT2023|red|1216\n|player|p2|Showdown Showcase|266|1120\n|teamsize|p1|6\n|teamsize|p2|6\n|gen|9\n|tier|[Gen 9] Anything Goes\n|rated|\n|rule|HP Percentage Mod: HP is shown in percentages\n|rule|Endless Battle Clause: Forcing endless battles is banned\n|clearpoke\n|poke|p1|Charizard, M|\n|poke|p1|Pikachu, M|\n|poke|p1|Quaquaval, M|\n|poke|p1|Meowscarada, F|\n|poke|p1|Koraidon|\n|poke|p1|Gholdengo|\n|poke|p2|Iron Hands|\n|poke|p2|Camerupt, M|\n|poke|p2|Gliscor, F|\n|poke|p2|Shaymin-Sky|\n|poke|p2|Goodra-Hisui, F|\n|poke|p2|Slowking, M|\n|teampreview\n|\n|t:|1698527817\n|start\n|switch|p1a: Gholdengo|Gholdengo|100\/100\n|switch|p2a: Raging Bolt|Iron Hands|100\/100\n|-item|p1a: Gholdengo|Air Balloon\n|turn|1\n|\n|t:|1698527827\n|move|p1a: Gholdengo|Nasty Plot|p1a: Gholdengo\n|-boost|p1a: Gholdengo|spa|2\n|move|p2a: Raging Bolt|Thunder Punch|p1a: Gholdengo\n|-damage|p1a: Gholdengo|64\/100\n|-enditem|p1a: Gholdengo|Air Balloon\n|\n|upkeep\n|turn|2\n|\n|t:|1698527835\n|move|p1a: Gholdengo|Shadow Ball|p2a: Raging Bolt\n|-damage|p2a: Raging Bolt|27\/100\n|move|p2a: Raging Bolt|Earthquake|p1a: Gholdengo\n|-supereffective|p1a: Gholdengo\n|-damage|p1a: Gholdengo|0 fnt\n|faint|p1a: Gholdengo\n|\n|upkeep\n|\n|t:|1698527870\n|switch|p1a: Charizard|Charizard, M|100\/100\n|turn|3\n|inactive|Battle timer is ON: inactive players will automatically lose when time's up. (requested by Showdown Showcase)\n|\n|t:|1698527874\n|move|p1a: Charizard|Acrobatics|p2a: Raging Bolt\n|-damage|p2a: Raging Bolt|12\/100\n|-damage|p1a: Charizard|84\/100|[from] item: Rocky Helmet|[of] p2a: Raging Bolt\n|move|p2a: Raging Bolt|Drain Punch|p1a: Charizard\n|-resisted|p1a: Charizard\n|-damage|p1a: Charizard|57\/100\n|-heal|p2a: Raging Bolt|21\/100|[from] drain|[of] p1a: Charizard\n|\n|upkeep\n|turn|4\n|\n|t:|1698527880\n|move|p1a: Charizard|Flare Blitz|p2a: Raging Bolt\n|-damage|p2a: Raging Bolt|0 fnt\n|-damage|p1a: Charizard|40\/100|[from] item: Rocky Helmet|[of] p2a: Raging Bolt\n|faint|p2a: Raging Bolt\n|-end|p2a: Raging Bolt|Quark Drive|[silent]\n|-damage|p1a: Charizard|30\/100|[from] Recoil\n|\n|upkeep\n|\n|t:|1698527890\n|switch|p2a: IronSoldier(Keldeo|Slowking, M|100\/100\n|turn|5\n|\n|t:|1698527897\n|-terastallize|p1a: Charizard|Dark\n|move|p1a: Charizard|Crunch|p2a: IronSoldier(Keldeo\n|-supereffective|p2a: IronSoldier(Keldeo\n|-damage|p2a: IronSoldier(Keldeo|30\/100\n|move|p2a: IronSoldier(Keldeo|Power Gem|p1a: Charizard\n|-damage|p1a: Charizard|2\/100\n|-enditem|p1a: Charizard|Aguav Berry|[eat]\n|-heal|p1a: Charizard|35\/100|[from] item: Aguav Berry\n|\n|upkeep\n|turn|6\n|\n|t:|1698527912\n|move|p1a: Charizard|Crunch|p2a: IronSoldier(Keldeo\n|-supereffective|p2a: IronSoldier(Keldeo\n|-damage|p2a: IronSoldier(Keldeo|0 fnt\n|faint|p2a: IronSoldier(Keldeo\n|\n|upkeep\n|\n|t:|1698527920\n|switch|p2a: Move:Flare Wing|Shaymin-Sky|100\/100\n|turn|7\n|\n|t:|1698527923\n|move|p2a: Move:Flare Wing|Air Slash|p1a: Charizard\n|-damage|p1a: Charizard|0 fnt\n|faint|p1a: Charizard\n|\n|upkeep\n|\n|t:|1698527933\n|switch|p1a: Koraidon|Koraidon|100\/100\n|-weather|SunnyDay|[from] ability: Orichalcum Pulse|[of] p1a: Koraidon\n|-activate|p1a: Koraidon|Orichalcum Pulse|[source]\n|turn|8\n|\n|t:|1698527938\n|move|p1a: Koraidon|Flame Charge|p2a: Move:Flare Wing\n|-supereffective|p2a: Move:Flare Wing\n|-damage|p2a: Move:Flare Wing|30\/100\n|-boost|p1a: Koraidon|spe|1\n|move|p2a: Move:Flare Wing|Air Slash|p1a: Koraidon\n|-supereffective|p1a: Koraidon\n|-damage|p1a: Koraidon|44\/100\n|\n|-weather|SunnyDay|[upkeep]\n|upkeep\n|turn|9\n|\n|t:|1698527949\n|move|p1a: Koraidon|Flame Charge|p2a: Move:Flare Wing\n|-supereffective|p2a: Move:Flare Wing\n|-damage|p2a: Move:Flare Wing|0 fnt\n|-boost|p1a: Koraidon|spe|1\n|faint|p2a: Move:Flare Wing\n|\n|-weather|SunnyDay|[upkeep]\n|upkeep\n|\n|t:|1698527959\n|switch|p2a: Blazing Blitz|Camerupt, M|100\/100\n|turn|10\n|\n|t:|1698527970\n|switch|p1a: Quaquaval|Quaquaval, M|100\/100\n|move|p2a: Blazing Blitz|Earth Power|p1a: Quaquaval\n|-damage|p1a: Quaquaval|44\/100\n|\n|-weather|SunnyDay|[upkeep]\n|upkeep\n|turn|11\n|\n|t:|1698527980\n|move|p1a: Quaquaval|Aqua Step|p2a: Blazing Blitz\n|-supereffective|p2a: Blazing Blitz\n|-enditem|p2a: Blazing Blitz|Focus Sash\n|-damage|p2a: Blazing Blitz|1\/100\n|-boost|p1a: Quaquaval|spe|1\n|move|p2a: Blazing Blitz|Ancient Power|p1a: Quaquaval\n|-resisted|p1a: Quaquaval\n|-damage|p1a: Quaquaval|31\/100\n|\n|-weather|SunnyDay|[upkeep]\n|upkeep\n|turn|12\n|inactive|Showdown Showcase has 120 seconds left.\n|\n|t:|1698528016\n|move|p1a: Quaquaval|Aqua Step|p2a: Blazing Blitz\n|-supereffective|p2a: Blazing Blitz\n|-damage|p2a: Blazing Blitz|0 fnt\n|-boost|p1a: Quaquaval|spe|1\n|faint|p2a: Blazing Blitz\n|-ability|p1a: Quaquaval|Moxie|boost\n|-boost|p1a: Quaquaval|atk|1\n|\n|-weather|none\n|upkeep\n|\n|t:|1698528025\n|switch|p2a: Archaludon|Goodra-Hisui, F|100\/100\n|turn|13\n|\n|t:|1698528029\n|move|p1a: Quaquaval|Close Combat|p2a: Archaludon\n|-supereffective|p2a: Archaludon\n|-damage|p2a: Archaludon|0 fnt\n|-unboost|p1a: Quaquaval|def|1\n|-unboost|p1a: Quaquaval|spd|1\n|faint|p2a: Archaludon\n|-ability|p1a: Quaquaval|Moxie|boost\n|-boost|p1a: Quaquaval|atk|1\n|\n|upkeep\n|\n|t:|1698528037\n|switch|p2a: Pokerus Test|Gliscor, F|100\/100\n|turn|14\n|\n|t:|1698528043\n|-terastallize|p2a: Pokerus Test|Ground\n|move|p1a: Quaquaval|Aqua Step|p2a: Pokerus Test\n|-supereffective|p2a: Pokerus Test\n|-damage|p2a: Pokerus Test|0 fnt\n|-boost|p1a: Quaquaval|spe|1\n|faint|p2a: Pokerus Test\n|\n|win|BTT2023\n|raw|BTT2023's rating: 1216 &rarr; <strong>1234<\/strong><br \/>(+18 for winning)\n|raw|Showdown Showcase's rating: 1120 &rarr; <strong>1102<\/strong><br \/>(-18 for losing)\n|c|\u2606BTT2023|GG :)\n","uploadtime":1698528052,"views":9,"p1id":"btt2023","p2id":"showdownshowcase","formatid":"gen9anythinggoes","rating":1102,"private":0,"password":""}