{"id":"gen9anythinggoes-1983984131","p1":"forgolittle","p2":"That one omnivert","format":"[Gen 9] Anything Goes","log":"|j|\u2606forgolittle\n|j|\u2606That one omnivert\n|t:|1699206818\n|gametype|singles\n|player|p1|forgolittle|dragontamer|1000\n|player|p2|That one omnivert|emmet|1002\n|teamsize|p1|6\n|teamsize|p2|6\n|gen|9\n|tier|[Gen 9] Anything Goes\n|rated|\n|rule|HP Percentage Mod: HP is shown in percentages\n|rule|Endless Battle Clause: Forcing endless battles is banned\n|clearpoke\n|poke|p1|Banette, M|\n|poke|p1|Annihilape, F|\n|poke|p1|Dusknoir, F|\n|poke|p1|Gengar, F|\n|poke|p1|Mismagius, M|\n|poke|p1|Houndstone, M|\n|poke|p2|Tauros-Paldea-Combat, M|\n|poke|p2|Cinderace, F|\n|poke|p2|Maushold-Four|\n|poke|p2|Glimmora, M|\n|poke|p2|Kingambit, M|\n|poke|p2|Annihilape, M|\n|teampreview\n|\n|t:|1699206825\n|start\n|switch|p1a: Mr. Hands|Dusknoir, F, shiny|100\/100\n|switch|p2a: Glimmora|Glimmora, M|100\/100\n|-ability|p1a: Mr. Hands|Pressure\n|turn|1\n|c|\u2606That one omnivert|NOT MR HANDS\n|\n|t:|1699206846\n|move|p2a: Glimmora|Spikes|p1a: Mr. Hands\n|-sidestart|p1: forgolittle|Spikes\n|move|p1a: Mr. Hands|Fire Punch|p2a: Glimmora\n|-resisted|p2a: Glimmora\n|-damage|p2a: Glimmora|89\/100\n|-damage|p1a: Mr. Hands|84\/100|[from] item: Rocky Helmet|[of] p2a: Glimmora\n|-activate|p2a: Glimmora|ability: Toxic Debris\n|-sidestart|p1: forgolittle|move: Toxic Spikes\n|\n|upkeep\n|turn|2\n|c|\u2606forgolittle|Lol\n|\n|t:|1699206862\n|switch|p1a: Stat Monster|Gengar, F|100\/100\n|-damage|p1a: Stat Monster|88\/100|[from] Spikes\n|-sideend|p1: forgolittle|move: Toxic Spikes|[of] p1a: Stat Monster\n|move|p2a: Glimmora|Spikes|p1a: Stat Monster\n|-sidestart|p1: forgolittle|Spikes\n|\n|-heal|p1a: Stat Monster|94\/100|[from] item: Black Sludge\n|upkeep\n|turn|3\n|c|\u2606That one omnivert|ENUMCLAW WASHINGTON\n|\n|t:|1699206875\n|move|p1a: Stat Monster|Toxic Spikes|p2a: Glimmora\n|-sidestart|p2: That one omnivert|move: Toxic Spikes\n|move|p2a: Glimmora|Spikes|p1a: Stat Monster\n|-sidestart|p1: forgolittle|Spikes\n|\n|-heal|p1a: Stat Monster|99\/100|[from] item: Black Sludge\n|upkeep\n|turn|4\n|\n|t:|1699206893\n|switch|p1a: Fear|Banette, M, shiny|100\/100\n|-damage|p1a: Fear|75\/100|[from] Spikes\n|move|p2a: Glimmora|Acid Armor|p2a: Glimmora\n|-boost|p2a: Glimmora|def|2\n|\n|upkeep\n|turn|5\n|\n|t:|1699206913\n|move|p2a: Glimmora|Acid Armor|p2a: Glimmora\n|-boost|p2a: Glimmora|def|2\n|move|p1a: Fear|Psychic|p2a: Glimmora\n|-supereffective|p2a: Glimmora\n|-damage|p2a: Glimmora|60\/100\n|-unboost|p2a: Glimmora|spd|1\n|\n|upkeep\n|turn|6\n|\n|t:|1699206922\n|move|p2a: Glimmora|Acid Armor|p2a: Glimmora\n|-boost|p2a: Glimmora|def|2\n|move|p1a: Fear|Phantom Force||[still]\n|-prepare|p1a: Fear|Phantom Force\n|\n|upkeep\n|turn|7\n|\n|t:|1699206931\n|move|p2a: Glimmora|Spikes||[still]\n|-fail|p2a: Glimmora\n|move|p1a: Fear|Phantom Force|p2a: Glimmora|[from]lockedmove\n|-damage|p2a: Glimmora|50\/100\n|-damage|p1a: Fear|59\/100|[from] item: Rocky Helmet|[of] p2a: Glimmora\n|-activate|p2a: Glimmora|ability: Toxic Debris\n|-sidestart|p1: forgolittle|move: Toxic Spikes\n|\n|upkeep\n|turn|8\n|\n|t:|1699206945\n|switch|p1a: Why Grass?|Mismagius, M, shiny|100\/100\n|move|p2a: Glimmora|Substitute|p2a: Glimmora\n|-start|p2a: Glimmora|Substitute\n|-damage|p2a: Glimmora|25\/100\n|\n|upkeep\n|turn|9\n|\n|t:|1699206977\n|move|p1a: Why Grass?|Energy Ball|p2a: Glimmora\n|-end|p2a: Glimmora|Substitute\n|move|p2a: Glimmora|Spikes||[still]\n|-fail|p2a: Glimmora\n|\n|upkeep\n|turn|10\n|c|\u2606That one omnivert|dude your entire team is ghost types\n|n|!That one omnivert|thatoneomnivert\n|\n|t:|1699207011\n|move|p1a: Why Grass?|Grass Knot|p2a: Glimmora\n|-damage|p2a: Glimmora|0 fnt\n|-damage|p1a: Why Grass?|84\/100|[from] item: Rocky Helmet|[of] p2a: Glimmora\n|faint|p2a: Glimmora\n|\n|upkeep\n|c|\u2606forgolittle|Yeah\n|\n|t:|1699207021\n|switch|p2a: Annihilape|Annihilape, M|100\/100\n|-status|p2a: Annihilape|psn\n|turn|11\n|\n|t:|1699207031\n|move|p1a: Why Grass?|Hex|p2a: Annihilape\n|-supereffective|p2a: Annihilape\n|-damage|p2a: Annihilape|0 fnt\n|faint|p2a: Annihilape\n|\n|upkeep\n|\n|t:|1699207038\n|switch|p2a: Cinderace|Cinderace, F|100\/100\n|-status|p2a: Cinderace|psn\n|turn|12\n|\n|t:|1699207044\n|move|p2a: Cinderace|Flamethrower|p1a: Why Grass?\n|-crit|p1a: Why Grass?\n|-damage|p1a: Why Grass?|39\/100\n|move|p1a: Why Grass?|Hex|p2a: Cinderace\n|-damage|p2a: Cinderace|9\/100 psn\n|-enditem|p2a: Cinderace|Aguav Berry|[eat]\n|-heal|p2a: Cinderace|43\/100 psn|[from] item: Aguav Berry\n|\n|-damage|p2a: Cinderace|30\/100 psn|[from] psn\n|upkeep\n|turn|13\n|\n|t:|1699207061\n|move|p2a: Cinderace|Flamethrower|p1a: Why Grass?\n|-damage|p1a: Why Grass?|0 fnt\n|faint|p1a: Why Grass?\n|\n|-damage|p2a: Cinderace|18\/100 psn|[from] psn\n|upkeep\n|\n|t:|1699207074\n|switch|p1a: Fear|Banette, M, shiny|59\/100\n|-damage|p1a: Fear|34\/100|[from] Spikes\n|-status|p1a: Fear|psn\n|turn|14\n|\n|t:|1699207080\n|move|p2a: Cinderace|Facade|p1a: Fear\n|-immune|p1a: Fear\n|move|p1a: Fear|Hex|p2a: Cinderace\n|-damage|p2a: Cinderace|0 fnt\n|faint|p2a: Cinderace\n|\n|-damage|p1a: Fear|22\/100 psn|[from] psn\n|upkeep\n|\n|t:|1699207095\n|switch|p2a: Maushold|Maushold-Four|100\/100\n|-status|p2a: Maushold|psn\n|turn|15\n|\n|t:|1699207106\n|move|p2a: Maushold|Substitute|p2a: Maushold\n|-start|p2a: Maushold|Substitute\n|-damage|p2a: Maushold|76\/100 psn\n|move|p1a: Fear|Psychic|p2a: Maushold\n|-activate|p2a: Maushold|move: Substitute|[damage]\n|\n|-damage|p2a: Maushold|63\/100 psn|[from] psn\n|-damage|p1a: Fear|9\/100 psn|[from] psn\n|upkeep\n|turn|16\n|\n|t:|1699207118\n|move|p2a: Maushold|Agility|p2a: Maushold\n|-boost|p2a: Maushold|spe|2\n|move|p1a: Fear|Psychic|p2a: Maushold\n|-end|p2a: Maushold|Substitute\n|\n|-damage|p2a: Maushold|51\/100 psn|[from] psn\n|-damage|p1a: Fear|0 fnt|[from] psn\n|faint|p1a: Fear\n|upkeep\n|\n|t:|1699207129\n|switch|p1a: Ahh Monkey|Annihilape, F, shiny|100\/100\n|-damage|p1a: Ahh Monkey|76\/100|[from] Spikes\n|-status|p1a: Ahh Monkey|psn\n|turn|17\n|\n|t:|1699207140\n|move|p2a: Maushold|Substitute|p2a: Maushold\n|-start|p2a: Maushold|Substitute\n|-damage|p2a: Maushold|26\/100 psn\n|move|p1a: Ahh Monkey|Close Combat|p2a: Maushold\n|-supereffective|p2a: Maushold\n|-end|p2a: Maushold|Substitute\n|-unboost|p1a: Ahh Monkey|def|1\n|-unboost|p1a: Ahh Monkey|spd|1\n|\n|-damage|p2a: Maushold|14\/100 psn|[from] psn\n|-damage|p1a: Ahh Monkey|63\/100 psn|[from] psn\n|upkeep\n|turn|18\n|\n|t:|1699207150\n|move|p2a: Maushold|Baton Pass|p2a: Maushold\n|\n|t:|1699207158\n|switch|p2a: Tauros|Tauros-Paldea-Combat, M|100\/100|[from] Baton Pass\n|-status|p2a: Tauros|psn\n|move|p1a: Ahh Monkey|Lash Out|p2a: Tauros\n|-resisted|p2a: Tauros\n|-damage|p2a: Tauros|86\/100 psn\n|\n|-damage|p2a: Tauros|74\/100 psn|[from] psn\n|-damage|p1a: Ahh Monkey|51\/100 psn|[from] psn\n|upkeep\n|turn|19\n|\n|t:|1699207171\n|move|p2a: Tauros|Bulk Up|p2a: Tauros\n|-boost|p2a: Tauros|atk|1\n|-boost|p2a: Tauros|def|1\n|move|p1a: Ahh Monkey|Drain Punch|p2a: Tauros\n|-crit|p2a: Tauros\n|-damage|p2a: Tauros|0 fnt\n|-heal|p1a: Ahh Monkey|80\/100 psn|[from] drain|[of] p2a: Tauros\n|faint|p2a: Tauros\n|\n|-damage|p1a: Ahh Monkey|68\/100 psn|[from] psn\n|upkeep\n|\n|t:|1699207181\n|switch|p2a: Maushold|Maushold-Four|14\/100 psn\n|turn|20\n|\n|t:|1699207192\n|move|p2a: Maushold|Agility|p2a: Maushold\n|-boost|p2a: Maushold|spe|2\n|move|p1a: Ahh Monkey|Close Combat|p2a: Maushold\n|-supereffective|p2a: Maushold\n|-damage|p2a: Maushold|0 fnt\n|-unboost|p1a: Ahh Monkey|def|1\n|-unboost|p1a: Ahh Monkey|spd|1\n|faint|p2a: Maushold\n|\n|-damage|p1a: Ahh Monkey|55\/100 psn|[from] psn\n|upkeep\n|c|\u2606forgolittle|Gotta love lucky crits\n|\n|t:|1699207203\n|switch|p2a: Kingambit|Kingambit, M|100\/100\n|-activate|p2a: Kingambit|ability: Supreme Overlord\n|-start|p2a: Kingambit|fallen5|[silent]\n|turn|21\n|\n|t:|1699207212\n|move|p1a: Ahh Monkey|Drain Punch|p2a: Kingambit\n|-supereffective|p2a: Kingambit\n|-damage|p2a: Kingambit|0 fnt\n|-heal|p1a: Ahh Monkey|100\/100 psn|[from] drain|[of] p2a: Kingambit\n|faint|p2a: Kingambit\n|-end|p2a: Kingambit|fallen5|[silent]\n|\n|win|forgolittle\n|raw|forgolittle's rating: 1000 &rarr; <strong>1040<\/strong><br \/>(+40 for winning)\n|raw|That one omnivert's rating: 1002 &rarr; <strong>1000<\/strong><br \/>(-2 for losing)\n","uploadtime":1699206999,"views":2,"p1id":"forgolittle","p2id":"thatoneomnivert","formatid":"gen9anythinggoes","rating":1000,"private":0,"password":""}