{"id":"gen9anythinggoes-1976048822","p1":"WoolyShabadoo","p2":"Nasty N","format":"[Gen 9] Anything Goes","log":"|j|\u2606WoolyShabadoo\n|j|\u2606Nasty N\n|t:|1698259370\n|gametype|singles\n|player|p1|WoolyShabadoo|workerice|1235\n|player|p2|Nasty N|n|1285\n|teamsize|p1|6\n|teamsize|p2|6\n|gen|9\n|tier|[Gen 9] Anything Goes\n|rated|\n|rule|HP Percentage Mod: HP is shown in percentages\n|rule|Endless Battle Clause: Forcing endless battles is banned\n|clearpoke\n|poke|p1|Torterra, M|\n|poke|p1|Giratina-Origin|\n|poke|p1|Ninetales-Alola, M|\n|poke|p1|Ninetales, M|\n|poke|p1|Iron Valiant|\n|poke|p1|Milotic, F|\n|poke|p2|Pawmot, M|\n|poke|p2|Pawmot, M|\n|poke|p2|Pawmot, M|\n|poke|p2|Pawmot, F|\n|poke|p2|Basculegion, M|\n|poke|p2|Mandibuzz, F|\n|teampreview\n|inactive|Battle timer is ON: inactive players will automatically lose when time's up. (requested by Nasty N)\n|\n|t:|1698259391\n|start\n|switch|p1a: Mr. Serious|Ninetales-Alola, M|100\/100\n|switch|p2a: Basculegion|Basculegion, M, shiny|100\/100\n|-weather|Snow|[from] ability: Snow Warning|[of] p1a: Mr. Serious\n|turn|1\n|\n|t:|1698259403\n|move|p2a: Basculegion|Wave Crash|p1a: Mr. Serious\n|-damage|p1a: Mr. Serious|24\/100\n|-damage|p2a: Basculegion|81\/100|[from] Recoil\n|move|p1a: Mr. Serious|Aurora Veil|p1a: Mr. Serious\n|-sidestart|p1: WoolyShabadoo|move: Aurora Veil\n|\n|-weather|Snow|[upkeep]\n|upkeep\n|turn|2\n|\n|t:|1698259416\n|move|p2a: Basculegion|Wave Crash|p1a: Mr. Serious\n|-damage|p1a: Mr. Serious|0 fnt\n|faint|p1a: Mr. Serious\n|-damage|p2a: Basculegion|76\/100|[from] Recoil\n|\n|-weather|Snow|[upkeep]\n|upkeep\n|\n|t:|1698259429\n|switch|p1a: King Bingus|Torterra, M|100\/100\n|turn|3\n|\n|t:|1698259433\n|move|p2a: Basculegion|Wave Crash|p1a: King Bingus\n|-damage|p1a: King Bingus|66\/100\n|-damage|p2a: Basculegion|66\/100|[from] Recoil\n|move|p1a: King Bingus|Shell Smash|p1a: King Bingus\n|-unboost|p1a: King Bingus|def|1\n|-unboost|p1a: King Bingus|spd|1\n|-boost|p1a: King Bingus|atk|2\n|-boost|p1a: King Bingus|spa|2\n|-boost|p1a: King Bingus|spe|2\n|-enditem|p1a: King Bingus|White Herb\n|-clearnegativeboost|p1a: King Bingus|[silent]\n|\n|-weather|Snow|[upkeep]\n|upkeep\n|turn|4\n|\n|t:|1698259445\n|move|p1a: King Bingus|Wood Hammer|p2a: Basculegion\n|-supereffective|p2a: Basculegion\n|-damage|p2a: Basculegion|0 fnt\n|faint|p2a: Basculegion\n|-damage|p1a: King Bingus|41\/100|[from] Recoil\n|\n|-weather|Snow|[upkeep]\n|upkeep\n|\n|t:|1698259449\n|switch|p2a: Pawmot|Pawmot, M, shiny|100\/100\n|turn|5\n|\n|t:|1698259453\n|move|p1a: King Bingus|Headlong Rush|p2a: Pawmot\n|-supereffective|p2a: Pawmot\n|-enditem|p2a: Pawmot|Focus Sash\n|-damage|p2a: Pawmot|1\/100\n|-unboost|p1a: King Bingus|def|1\n|-unboost|p1a: King Bingus|spd|1\n|move|p2a: Pawmot|Revival Blessing|p2a: Pawmot\n|\n|t:|1698259460\n|-heal|p2: Basculegion|50\/100|[from] move: Revival Blessing\n|\n|-weather|none\n|upkeep\n|turn|6\n|\n|t:|1698259467\n|move|p1a: King Bingus|Headlong Rush|p2a: Pawmot\n|-supereffective|p2a: Pawmot\n|-damage|p2a: Pawmot|0 fnt\n|-unboost|p1a: King Bingus|def|1\n|-unboost|p1a: King Bingus|spd|1\n|faint|p2a: Pawmot\n|\n|upkeep\n|\n|t:|1698259490\n|switch|p2a: Basculegion|Basculegion, M, shiny|50\/100\n|turn|7\n|\n|t:|1698259493\n|move|p1a: King Bingus|Wood Hammer|p2a: Basculegion\n|-supereffective|p2a: Basculegion\n|-damage|p2a: Basculegion|0 fnt\n|faint|p2a: Basculegion\n|-damage|p1a: King Bingus|22\/100|[from] Recoil\n|\n|upkeep\n|\n|t:|1698259498\n|switch|p2a: Pawmot|Pawmot, M, shiny|100\/100\n|turn|8\n|\n|t:|1698259504\n|move|p1a: King Bingus|Headlong Rush|p2a: Pawmot\n|-supereffective|p2a: Pawmot\n|-enditem|p2a: Pawmot|Focus Sash\n|-damage|p2a: Pawmot|1\/100\n|-unboost|p1a: King Bingus|def|1\n|-unboost|p1a: King Bingus|spd|1\n|move|p2a: Pawmot|Revival Blessing|p2a: Pawmot\n|\n|t:|1698259511\n|-heal|p2: Basculegion|50\/100|[from] move: Revival Blessing\n|\n|-sideend|p1: WoolyShabadoo|move: Aurora Veil\n|upkeep\n|turn|9\n|\n|t:|1698259517\n|move|p1a: King Bingus|Headlong Rush|p2a: Pawmot\n|-supereffective|p2a: Pawmot\n|-damage|p2a: Pawmot|0 fnt\n|-unboost|p1a: King Bingus|def|1\n|-unboost|p1a: King Bingus|spd|1\n|faint|p2a: Pawmot\n|\n|upkeep\n|\n|t:|1698259523\n|switch|p2a: Basculegion|Basculegion, M, shiny|50\/100\n|turn|10\n|inactive|WoolyShabadoo has 120 seconds left.\n|\n|t:|1698259553\n|move|p2a: Basculegion|Aqua Jet|p1a: King Bingus\n|-damage|p1a: King Bingus|0 fnt\n|faint|p1a: King Bingus\n|\n|upkeep\n|inactive|WoolyShabadoo has 120 seconds left.\n|\n|t:|1698259565\n|switch|p1a: Mrs. Arson|Giratina-Origin|100\/100\n|turn|11\n|\n|t:|1698259569\n|move|p2a: Basculegion|Aqua Jet|p1a: Mrs. Arson\n|-resisted|p1a: Mrs. Arson\n|-damage|p1a: Mrs. Arson|91\/100\n|move|p1a: Mrs. Arson|Dragon Pulse|p2a: Basculegion\n|-damage|p2a: Basculegion|0 fnt\n|faint|p2a: Basculegion\n|\n|upkeep\n|\n|t:|1698259583\n|switch|p2a: Pawmot|Pawmot, M, shiny|100\/100\n|turn|12\n|\n|t:|1698259592\n|move|p2a: Pawmot|Revival Blessing|p2a: Pawmot\n|\n|t:|1698259594\n|-heal|p2: Basculegion|50\/100|[from] move: Revival Blessing\n|move|p1a: Mrs. Arson|Dragon Pulse|p2a: Pawmot\n|-enditem|p2a: Pawmot|Focus Sash\n|-damage|p2a: Pawmot|1\/100\n|\n|upkeep\n|turn|13\n|\n|t:|1698259602\n|move|p2a: Pawmot|Double Shock|p1a: Mrs. Arson\n|-resisted|p1a: Mrs. Arson\n|-damage|p1a: Mrs. Arson|70\/100\n|-start|p2a: Pawmot|typechange|???\/Fighting|[from] move: Double Shock\n|move|p1a: Mrs. Arson|Dragon Pulse|p2a: Pawmot\n|-damage|p2a: Pawmot|0 fnt\n|faint|p2a: Pawmot\n|\n|upkeep\n|\n|t:|1698259607\n|switch|p2a: Basculegion|Basculegion, M, shiny|50\/100\n|turn|14\n|c|\u2606WoolyShabadoo|wait do all these deaths power up last respects?\n|c|\u2606WoolyShabadoo|lo\n|c|\u2606WoolyShabadoo|lol\n|\n|t:|1698259627\n|move|p2a: Basculegion|Last Respects|p1a: Mrs. Arson\n|-supereffective|p1a: Mrs. Arson\n|-damage|p1a: Mrs. Arson|0 fnt\n|faint|p1a: Mrs. Arson\n|\n|upkeep\n|inactive|WoolyShabadoo has 120 seconds left.\n|\n|t:|1698259647\n|switch|p1a: Mrs. 1st degree|Iron Valiant|100\/100\n|-enditem|p1a: Mrs. 1st degree|Booster Energy\n|-activate|p1a: Mrs. 1st degree|ability: Quark Drive|[fromitem]\n|-start|p1a: Mrs. 1st degree|quarkdrivespe\n|turn|15\n|\n|t:|1698259658\n|move|p1a: Mrs. 1st degree|Knock Off|p2a: Basculegion\n|-supereffective|p2a: Basculegion\n|-damage|p2a: Basculegion|0 fnt\n|-enditem|p2a: Basculegion|Choice Scarf|[from] move: Knock Off|[of] p1a: Mrs. 1st degree\n|faint|p2a: Basculegion\n|\n|upkeep\n|\n|t:|1698259668\n|switch|p2a: Pawmot|Pawmot, F, shiny|100\/100\n|turn|16\n|inactive|WoolyShabadoo has 120 seconds left.\n|\n|t:|1698259698\n|move|p1a: Mrs. 1st degree|Swords Dance|p1a: Mrs. 1st degree\n|-boost|p1a: Mrs. 1st degree|atk|2\n|move|p2a: Pawmot|Double Shock|p1a: Mrs. 1st degree\n|-damage|p1a: Mrs. 1st degree|31\/100\n|-start|p2a: Pawmot|typechange|???\/Fighting|[from] move: Double Shock\n|\n|upkeep\n|turn|17\n|inactive|WoolyShabadoo has 120 seconds left.\n|\n|t:|1698259710\n|move|p1a: Mrs. 1st degree|Spirit Break|p2a: Pawmot\n|-supereffective|p2a: Pawmot\n|-enditem|p2a: Pawmot|Focus Sash\n|-damage|p2a: Pawmot|1\/100\n|-unboost|p2a: Pawmot|spa|1\n|move|p2a: Pawmot|Close Combat|p1a: Mrs. 1st degree\n|-resisted|p1a: Mrs. 1st degree\n|-damage|p1a: Mrs. 1st degree|0 fnt\n|-unboost|p2a: Pawmot|def|1\n|-unboost|p2a: Pawmot|spd|1\n|faint|p1a: Mrs. 1st degree\n|-end|p1a: Mrs. 1st degree|Quark Drive|[silent]\n|\n|upkeep\n|inactive|WoolyShabadoo has 120 seconds left.\n|\n|t:|1698259722\n|switch|p1a: Mr. Silly|Ninetales, M|100\/100\n|turn|18\n|inactive|WoolyShabadoo has 120 seconds left.\n|\n|t:|1698259728\n|move|p2a: Pawmot|Revival Blessing|p2a: Pawmot\n|\n|t:|1698259730\n|-heal|p2: Basculegion|50\/100|[from] move: Revival Blessing\n|move|p1a: Mr. Silly|Shadow Ball|p2a: Pawmot\n|-damage|p2a: Pawmot|0 fnt\n|faint|p2a: Pawmot\n|\n|upkeep\n|\n|t:|1698259735\n|switch|p2a: Basculegion|Basculegion, M, shiny|50\/100\n|turn|19\n|\n|t:|1698259740\n|move|p2a: Basculegion|Last Respects|p1a: Mr. Silly\n|-damage|p1a: Mr. Silly|0 fnt\n|faint|p1a: Mr. Silly\n|\n|upkeep\n|\n|t:|1698259742\n|switch|p1a: Queen Bingle|Milotic, F|100\/100\n|turn|20\n|\n|t:|1698259746\n|move|p2a: Basculegion|Last Respects|p1a: Queen Bingle\n|-damage|p1a: Queen Bingle|0 fnt\n|faint|p1a: Queen Bingle\n|\n|win|Nasty N\n|raw|WoolyShabadoo's rating: 1235 &rarr; <strong>1214<\/strong><br \/>(-21 for losing)\n|raw|Nasty N's rating: 1285 &rarr; <strong>1306<\/strong><br \/>(+21 for winning)\n","uploadtime":1698259749,"views":6,"p1id":"woolyshabadoo","p2id":"nastyn","formatid":"gen9anythinggoes","rating":1214,"private":0,"password":""}