{"id":"gen9anythinggoes-1981164218","p1":"Dumbfudge","p2":"Prowertastic","format":"[Gen 9] Anything Goes","log":"|j|\u2606Dumbfudge\n|j|\u2606Prowertastic\n|t:|1698868807\n|gametype|singles\n|player|p1|Dumbfudge|blackbelt-gen4dp|1353\n|player|p2|Prowertastic|169|1325\n|teamsize|p1|6\n|teamsize|p2|6\n|gen|9\n|tier|[Gen 9] Anything Goes\n|rated|\n|rule|HP Percentage Mod: HP is shown in percentages\n|rule|Endless Battle Clause: Forcing endless battles is banned\n|clearpoke\n|poke|p1|Breloom, M|\n|poke|p1|Giratina-Origin|\n|poke|p1|Calyrex-Shadow|\n|poke|p1|Zacian-*|\n|poke|p1|Shaymin-Sky|\n|poke|p1|Espathra, M|\n|poke|p2|Pawmot, M|\n|poke|p2|Greninja-*, M|\n|poke|p2|Shaymin-Sky|\n|poke|p2|Ceruledge, F|\n|poke|p2|Tinkaton, F|\n|poke|p2|Baxcalibur, M|\n|teampreview\n|inactive|Battle timer is ON: inactive players will automatically lose when time's up. (requested by Dumbfudge)\n|\n|t:|1698868815\n|start\n|switch|p1a: Shaymin|Shaymin-Sky|100\/100\n|switch|p2a: Baxcalibur|Baxcalibur, M|100\/100\n|turn|1\n|\n|t:|1698868823\n|move|p1a: Shaymin|Air Slash|p2a: Baxcalibur\n|-damage|p2a: Baxcalibur|61\/100\n|cant|p2a: Baxcalibur|flinch\n|\n|upkeep\n|turn|2\n|\n|t:|1698868828\n|move|p1a: Shaymin|Air Slash|p2a: Baxcalibur\n|-damage|p2a: Baxcalibur|26\/100\n|cant|p2a: Baxcalibur|flinch\n|\n|upkeep\n|turn|3\n|\n|t:|1698868837\n|switch|p2a: Tinkaton|Tinkaton, F|100\/100\n|move|p1a: Shaymin|Air Slash|p2a: Tinkaton\n|-resisted|p2a: Tinkaton\n|-damage|p2a: Tinkaton|79\/100\n|\n|upkeep\n|turn|4\n|\n|t:|1698868844\n|move|p2a: Tinkaton|Fake Out|p1a: Shaymin\n|-damage|p1a: Shaymin|87\/100\n|cant|p1a: Shaymin|flinch\n|\n|upkeep\n|turn|5\n|\n|t:|1698868852\n|move|p1a: Shaymin|Air Slash|p2a: Tinkaton\n|-resisted|p2a: Tinkaton\n|-crit|p2a: Tinkaton\n|-damage|p2a: Tinkaton|49\/100\n|cant|p2a: Tinkaton|flinch\n|\n|upkeep\n|turn|6\n|\n|t:|1698868858\n|move|p1a: Shaymin|Air Slash|p2a: Tinkaton\n|-resisted|p2a: Tinkaton\n|-damage|p2a: Tinkaton|30\/100\n|cant|p2a: Tinkaton|flinch\n|\n|upkeep\n|turn|7\n|\n|t:|1698868864\n|move|p1a: Shaymin|Air Slash|p2a: Tinkaton\n|-resisted|p2a: Tinkaton\n|-damage|p2a: Tinkaton|10\/100\n|cant|p2a: Tinkaton|flinch\n|\n|upkeep\n|turn|8\n|\n|t:|1698868870\n|move|p1a: Shaymin|Air Slash|p2a: Tinkaton\n|-resisted|p2a: Tinkaton\n|-damage|p2a: Tinkaton|0 fnt\n|faint|p2a: Tinkaton\n|\n|upkeep\n|\n|t:|1698868881\n|switch|p2a: Greninja|Greninja, M|100\/100\n|turn|9\n|\n|t:|1698868885\n|move|p1a: Shaymin|Air Slash|p2a: Greninja\n|-damage|p2a: Greninja|44\/100\n|cant|p2a: Greninja|flinch\n|\n|upkeep\n|turn|10\n|\n|t:|1698868892\n|move|p1a: Shaymin|Air Slash|p2a: Greninja\n|-damage|p2a: Greninja|0 fnt\n|faint|p2a: Greninja\n|\n|upkeep\n|\n|t:|1698868906\n|switch|p2a: Ceruledge|Ceruledge, F|100\/100\n|turn|11\n|\n|t:|1698868910\n|move|p1a: Shaymin|Air Slash|p2a: Ceruledge|[miss]\n|-miss|p1a: Shaymin|p2a: Ceruledge\n|move|p2a: Ceruledge|Bitter Blade|p1a: Shaymin\n|-supereffective|p1a: Shaymin\n|-damage|p1a: Shaymin|0 fnt\n|faint|p1a: Shaymin\n|\n|upkeep\n|\n|t:|1698868935\n|switch|p1a: Whooping cough|Zacian-Crowned|100\/100\n|-ability|p1a: Whooping cough|Intrepid Sword|boost\n|-boost|p1a: Whooping cough|atk|1\n|turn|12\n|\n|t:|1698868942\n|-terastallize|p1a: Whooping cough|Steel\n|move|p1a: Whooping cough|Behemoth Blade|p2a: Ceruledge\n|-resisted|p2a: Ceruledge\n|-damage|p2a: Ceruledge|22\/100\n|move|p2a: Ceruledge|Iron Head|p1a: Whooping cough\n|-resisted|p1a: Whooping cough\n|-damage|p1a: Whooping cough|86\/100\n|\n|-heal|p2a: Ceruledge|28\/100|[from] item: Leftovers\n|upkeep\n|turn|13\n|\n|t:|1698868954\n|move|p1a: Whooping cough|Behemoth Blade|p2a: Ceruledge\n|-resisted|p2a: Ceruledge\n|-damage|p2a: Ceruledge|0 fnt\n|faint|p2a: Ceruledge\n|\n|upkeep\n|\n|t:|1698868967\n|switch|p2a: Pawmot|Pawmot, M|100\/100\n|turn|14\n|\n|t:|1698868977\n|-terastallize|p2a: Pawmot|Water\n|move|p1a: Whooping cough|Behemoth Blade|p2a: Pawmot\n|-resisted|p2a: Pawmot\n|-damage|p2a: Pawmot|2\/100\n|move|p2a: Pawmot|Brick Break|p1a: Whooping cough\n|-supereffective|p1a: Whooping cough\n|-damage|p1a: Whooping cough|7\/100\n|\n|upkeep\n|turn|15\n|\n|t:|1698868989\n|move|p1a: Whooping cough|Quick Attack|p2a: Pawmot\n|-damage|p2a: Pawmot|0 fnt\n|faint|p2a: Pawmot\n|\n|upkeep\n|\n|t:|1698868997\n|switch|p2a: Baxcalibur|Baxcalibur, M|26\/100\n|turn|16\n|\n|t:|1698869001\n|move|p2a: Baxcalibur|Protect|p2a: Baxcalibur\n|-singleturn|p2a: Baxcalibur|Protect\n|move|p1a: Whooping cough|Behemoth Blade|p2a: Baxcalibur\n|-activate|p2a: Baxcalibur|move: Protect\n|\n|upkeep\n|turn|17\n|\n|t:|1698869009\n|move|p1a: Whooping cough|Behemoth Blade|p2a: Baxcalibur\n|-supereffective|p2a: Baxcalibur\n|-damage|p2a: Baxcalibur|0 fnt\n|-damage|p1a: Whooping cough|0 fnt|[from] item: Rocky Helmet|[of] p2a: Baxcalibur\n|faint|p2a: Baxcalibur\n|faint|p1a: Whooping cough\n|\n|upkeep\n|\n|t:|1698869022\n|switch|p1a: Espathra|Espathra, M|100\/100\n|switch|p2a: Shaymin|Shaymin-Sky|100\/100\n|turn|18\n|\n|t:|1698869031\n|move|p1a: Espathra|Protect|p1a: Espathra\n|-singleturn|p1a: Espathra|Protect\n|move|p2a: Shaymin|Air Slash|p1a: Espathra\n|-activate|p1a: Espathra|move: Protect\n|\n|-ability|p1a: Espathra|Speed Boost|boost\n|-boost|p1a: Espathra|spe|1\n|upkeep\n|turn|19\n|\n|t:|1698869040\n|move|p1a: Espathra|Substitute|p1a: Espathra\n|-start|p1a: Espathra|Substitute\n|-damage|p1a: Espathra|76\/100\n|move|p2a: Shaymin|Air Slash|p1a: Espathra\n|-end|p1a: Espathra|Substitute\n|\n|-ability|p1a: Espathra|Speed Boost|boost\n|-boost|p1a: Espathra|spe|1\n|upkeep\n|turn|20\n|\n|t:|1698869052\n|move|p1a: Espathra|Protect|p1a: Espathra\n|-singleturn|p1a: Espathra|Protect\n|move|p2a: Shaymin|Air Slash|p1a: Espathra\n|-activate|p1a: Espathra|move: Protect\n|\n|-ability|p1a: Espathra|Speed Boost|boost\n|-boost|p1a: Espathra|spe|1\n|upkeep\n|turn|21\n|\n|t:|1698869066\n|move|p1a: Espathra|Substitute|p1a: Espathra\n|-start|p1a: Espathra|Substitute\n|-damage|p1a: Espathra|51\/100\n|move|p2a: Shaymin|Air Slash|p1a: Espathra\n|-end|p1a: Espathra|Substitute\n|\n|-ability|p1a: Espathra|Speed Boost|boost\n|-boost|p1a: Espathra|spe|1\n|upkeep\n|turn|22\n|\n|t:|1698869075\n|move|p1a: Espathra|Hypnosis|p2a: Shaymin\n|-status|p2a: Shaymin|slp|[from] move: Hypnosis\n|cant|p2a: Shaymin|slp\n|\n|-ability|p1a: Espathra|Speed Boost|boost\n|-boost|p1a: Espathra|spe|1\n|upkeep\n|turn|23\n|\n|t:|1698869084\n|move|p1a: Espathra|Substitute|p1a: Espathra\n|-start|p1a: Espathra|Substitute\n|-damage|p1a: Espathra|26\/100\n|cant|p2a: Shaymin|slp\n|\n|-ability|p1a: Espathra|Speed Boost|boost\n|-boost|p1a: Espathra|spe|1\n|upkeep\n|turn|24\n|\n|t:|1698869092\n|move|p1a: Espathra|Baton Pass|p1a: Espathra\n|\n|t:|1698869101\n|switch|p1a: Calyrex|Calyrex-Shadow|100\/100|[from] Baton Pass\n|-ability|p1a: Calyrex|As One\n|-ability|p1a: Calyrex|Unnerve\n|-curestatus|p2a: Shaymin|slp|[msg]\n|move|p2a: Shaymin|Air Slash|p1a: Calyrex\n|-end|p1a: Calyrex|Substitute\n|\n|upkeep\n|turn|25\n|\n|t:|1698869113\n|move|p1a: Calyrex|Astral Barrage|p2a: Shaymin\n|-damage|p2a: Shaymin|0 fnt\n|faint|p2a: Shaymin\n|\n|win|Dumbfudge\n|raw|Dumbfudge's rating: 1353 &rarr; <strong>1371<\/strong><br \/>(+18 for winning)\n|raw|Prowertastic's rating: 1325 &rarr; <strong>1307<\/strong><br \/>(-18 for losing)\n|l|\u2606Prowertastic\n","uploadtime":1698869138,"views":8,"p1id":"dumbfudge","p2id":"prowertastic","formatid":"gen9anythinggoes","rating":1307,"private":0,"password":""}