{"id":"gen9anythinggoes-1983806159","p1":"BrickRocks","p2":"PPG151","format":"[Gen 9] Anything Goes","log":"|j|\u2606BrickRocks\n|j|\u2606PPG151\n|t:|1699184584\n|gametype|singles\n|player|p1|BrickRocks|lance|1116\n|player|p2|PPG151|ethan|1000\n|teamsize|p1|6\n|teamsize|p2|6\n|gen|9\n|tier|[Gen 9] Anything Goes\n|rated|\n|rule|HP Percentage Mod: HP is shown in percentages\n|rule|Endless Battle Clause: Forcing endless battles is banned\n|clearpoke\n|poke|p1|Zacian-*|\n|poke|p1|Ceruledge, M|\n|poke|p1|Ursaluna-Bloodmoon, M|\n|poke|p1|Moltres-Galar|\n|poke|p1|Rotom-Wash|\n|poke|p1|Maushold-Four|\n|poke|p2|Torterra, M|\n|poke|p2|Chandelure, F|\n|poke|p2|Kilowattrel, M|\n|poke|p2|Clefable, F|\n|poke|p2|Dragonite, F|\n|poke|p2|Gyarados, M|\n|teampreview\n|inactive|Battle timer is ON: inactive players will automatically lose when time's up. (requested by BrickRocks)\n|\n|t:|1699184623\n|start\n|switch|p1a: Moltres|Moltres-Galar, shiny|100\/100\n|switch|p2a: Torterra|Torterra, M|100\/100\n|turn|1\n|\n|t:|1699184636\n|switch|p2a: Clefable|Clefable, F|100\/100\n|move|p1a: Moltres|Hurricane|p2a: Clefable|[miss]\n|-miss|p1a: Moltres|p2a: Clefable\n|\n|upkeep\n|turn|2\n|\n|t:|1699184644\n|move|p1a: Moltres|Protect|p1a: Moltres\n|-singleturn|p1a: Moltres|Protect\n|move|p2a: Clefable|Moonblast|p1a: Moltres\n|-activate|p1a: Moltres|move: Protect\n|\n|upkeep\n|turn|3\n|\n|t:|1699184653\n|switch|p1a: Zacian|Zacian-Crowned, shiny|100\/100\n|-ability|p1a: Zacian|Intrepid Sword|boost\n|-boost|p1a: Zacian|atk|1\n|move|p2a: Clefable|Cosmic Power|p2a: Clefable\n|-boost|p2a: Clefable|def|1\n|-boost|p2a: Clefable|spd|1\n|\n|upkeep\n|turn|4\n|\n|t:|1699184665\n|-terastallize|p2a: Clefable|Poison\n|move|p1a: Zacian|Behemoth Blade|p2a: Clefable\n|-damage|p2a: Clefable|49\/100\n|move|p2a: Clefable|Tera Blast|p1a: Zacian|[anim] Tera Blast Poison\n|-immune|p1a: Zacian\n|\n|-heal|p2a: Clefable|55\/100|[from] item: Leftovers\n|upkeep\n|turn|5\n|\n|t:|1699184680\n|move|p1a: Zacian|Sacred Sword|p2a: Clefable\n|-resisted|p2a: Clefable\n|-damage|p2a: Clefable|34\/100\n|move|p2a: Clefable|Baton Pass|p2a: Clefable\n|\n|t:|1699184688\n|switch|p2a: Chandelure|Chandelure, F|100\/100|[from] Baton Pass\n|\n|upkeep\n|turn|6\n|\n|t:|1699184699\n|switch|p1a: Ursaluna|Ursaluna-Bloodmoon, M|100\/100\n|move|p2a: Chandelure|Flamethrower|p1a: Ursaluna\n|-damage|p1a: Ursaluna|34\/100\n|\n|upkeep\n|turn|7\n|\n|t:|1699184710\n|move|p2a: Chandelure|Flamethrower|p1a: Ursaluna\n|-crit|p1a: Ursaluna\n|-damage|p1a: Ursaluna|0 fnt\n|faint|p1a: Ursaluna\n|\n|upkeep\n|\n|t:|1699184716\n|switch|p1a: Rotom|Rotom-Wash|100\/100\n|turn|8\n|\n|t:|1699184724\n|switch|p2a: Torterra|Torterra, M|100\/100\n|move|p1a: Rotom|Dark Pulse|p2a: Torterra\n|-damage|p2a: Torterra|76\/100\n|\n|upkeep\n|turn|9\n|\n|t:|1699184734\n|move|p1a: Rotom|Hydro Pump|p2a: Torterra\n|-damage|p2a: Torterra|25\/100\n|move|p2a: Torterra|Crunch|p1a: Rotom\n|-damage|p1a: Rotom|69\/100\n|-damage|p2a: Torterra|9\/100|[from] item: Rocky Helmet|[of] p1a: Rotom\n|\n|upkeep\n|turn|10\n|-activate|p2a: Torterra|item: Quick Claw\n|\n|t:|1699184745\n|move|p2a: Torterra|Crunch|p1a: Rotom\n|-damage|p1a: Rotom|38\/100\n|-damage|p2a: Torterra|0 fnt|[from] item: Rocky Helmet|[of] p1a: Rotom\n|faint|p2a: Torterra\n|move|p1a: Rotom|Will-O-Wisp|p2: Torterra|[notarget]\n|-fail|p1a: Rotom\n|\n|upkeep\n|\n|t:|1699184768\n|switch|p2a: Dragonite|Dragonite, F|100\/100\n|turn|11\n|\n|t:|1699184773\n|move|p2a: Dragonite|Dragon Dance|p2a: Dragonite\n|-boost|p2a: Dragonite|atk|1\n|-boost|p2a: Dragonite|spe|1\n|move|p1a: Rotom|Discharge|p2a: Dragonite\n|-damage|p2a: Dragonite|64\/100\n|\n|upkeep\n|turn|12\n|\n|t:|1699184780\n|move|p2a: Dragonite|Dragon Claw|p1a: Rotom\n|-damage|p1a: Rotom|0 fnt\n|-damage|p2a: Dragonite|48\/100|[from] item: Rocky Helmet|[of] p1a: Rotom\n|faint|p1a: Rotom\n|\n|upkeep\n|\n|t:|1699184795\n|switch|p1a: Moltres|Moltres-Galar, shiny|100\/100\n|turn|13\n|\n|t:|1699184799\n|move|p2a: Dragonite|Dragon Dance|p2a: Dragonite\n|-boost|p2a: Dragonite|atk|1\n|-boost|p2a: Dragonite|spe|1\n|-enditem|p1a: Moltres|Mirror Herb\n|-boost|p1a: Moltres|atk|1|[from] item: Mirror Herb\n|-boost|p1a: Moltres|spe|1|[from] item: Mirror Herb\n|move|p1a: Moltres|Ancient Power|p2a: Dragonite\n|-supereffective|p2a: Dragonite\n|-damage|p2a: Dragonite|12\/100\n|\n|upkeep\n|turn|14\n|\n|t:|1699184810\n|move|p2a: Dragonite|Fly||[still]\n|-prepare|p2a: Dragonite|Fly\n|-enditem|p2a: Dragonite|Power Herb\n|-anim|p2a: Dragonite|Fly|p1a: Moltres\n|-damage|p1a: Moltres|0 fnt\n|faint|p1a: Moltres\n|\n|upkeep\n|\n|t:|1699184814\n|switch|p1a: Ceruledge|Ceruledge, M|100\/100\n|turn|15\n|\n|t:|1699184818\n|move|p2a: Dragonite|Dragon Claw|p1a: Ceruledge\n|-damage|p1a: Ceruledge|0 fnt\n|faint|p1a: Ceruledge\n|\n|upkeep\n|\n|t:|1699184822\n|switch|p1a: Maushold|Maushold-Four|100\/100\n|turn|16\n|\n|t:|1699184827\n|move|p2a: Dragonite|Dragon Claw|p1a: Maushold\n|-enditem|p1a: Maushold|Focus Sash\n|-damage|p1a: Maushold|1\/100\n|move|p1a: Maushold|Population Bomb|p2a: Dragonite\n|-damage|p2a: Dragonite|3\/100\n|-damage|p2a: Dragonite|0 fnt\n|faint|p2a: Dragonite\n|-hitcount|p2: Dragonite|2\n|\n|upkeep\n|\n|t:|1699184844\n|switch|p2a: Chandelure|Chandelure, F|100\/100\n|turn|17\n|\n|t:|1699184849\n|move|p1a: Maushold|U-turn|p2a: Chandelure\n|-resisted|p2a: Chandelure\n|-damage|p2a: Chandelure|94\/100\n|\n|t:|1699184853\n|switch|p1a: Zacian|Zacian-Crowned, shiny|100\/100|[from] U-turn\n|move|p2a: Chandelure|Flamethrower|p1a: Zacian\n|-supereffective|p1a: Zacian\n|-damage|p1a: Zacian|0 fnt\n|faint|p1a: Zacian\n|\n|upkeep\n|\n|t:|1699184855\n|switch|p1a: Maushold|Maushold-Four|1\/100\n|turn|18\n|\n|t:|1699184864\n|move|p1a: Maushold|Population Bomb|p2a: Chandelure\n|-immune|p2a: Chandelure\n|move|p2a: Chandelure|Flamethrower|p1a: Maushold\n|-damage|p1a: Maushold|0 fnt\n|faint|p1a: Maushold\n|\n|win|PPG151\n|raw|BrickRocks's rating: 1116 &rarr; <strong>1083<\/strong><br \/>(-33 for losing)\n|raw|PPG151's rating: 1000 &rarr; <strong>1053<\/strong><br \/>(+53 for winning)\n|l|\u2606BrickRocks\n","uploadtime":1699184889,"views":5,"p1id":"brickrocks","p2id":"ppg151","formatid":"gen9anythinggoes","rating":1053,"private":0,"password":""}