{"id":"gen9anythinggoes-1978520355","p1":"Zy1ex","p2":"NewMarioGame","format":"[Gen 9] Anything Goes","log":"|j|\u2606Zy1ex\n|j|\u2606NewMarioGame\n|t:|1698549859\n|gametype|singles\n|player|p1|Zy1ex|265|1025\n|player|p2|NewMarioGame|101|1051\n|teamsize|p1|6\n|teamsize|p2|6\n|gen|9\n|tier|[Gen 9] Anything Goes\n|rated|\n|rule|HP Percentage Mod: HP is shown in percentages\n|rule|Endless Battle Clause: Forcing endless battles is banned\n|clearpoke\n|poke|p1|Annihilape, M|\n|poke|p1|Annihilape, F|\n|poke|p1|Annihilape, F|\n|poke|p1|Annihilape, M|\n|poke|p1|Annihilape, M|\n|poke|p1|Wooper-Paldea, F|\n|poke|p2|Sawsbuck, M|\n|poke|p2|Indeedee, M|\n|poke|p2|Quaquaval, M|\n|poke|p2|Maushold|\n|poke|p2|Iron Moth|\n|poke|p2|Glimmora, M|\n|teampreview\n|\n|t:|1698549880\n|start\n|switch|p1a: Annihilape|Annihilape, M|100\/100\n|switch|p2a: Iron Moth|Iron Moth|100\/100\n|turn|1\n|inactive|Battle timer is ON: inactive players will automatically lose when time's up. (requested by NewMarioGame)\n|\n|t:|1698549884\n|move|p1a: Annihilape|Final Gambit|p2a: Iron Moth\n|-damage|p2a: Iron Moth|0 fnt\n|faint|p1a: Annihilape\n|faint|p2a: Iron Moth\n|-end|p2a: Iron Moth|Quark Drive|[silent]\n|\n|upkeep\n|\n|t:|1698549894\n|switch|p2a: Quaquaval|Quaquaval, M|100\/100\n|switch|p1a: Annihilape|Annihilape, F|100\/100\n|turn|2\n|\n|t:|1698549910\n|move|p1a: Annihilape|Final Gambit|p2a: Quaquaval\n|-damage|p2a: Quaquaval|0 fnt\n|faint|p1a: Annihilape\n|faint|p2a: Quaquaval\n|\n|upkeep\n|\n|t:|1698549914\n|switch|p2a: Indeedee|Indeedee, M|100\/100\n|switch|p1a: Annihilape|Annihilape, F|100\/100\n|-fieldstart|move: Psychic Terrain|[from] ability: Psychic Surge|[of] p2a: Indeedee\n|turn|3\n|\n|t:|1698549921\n|move|p1a: Annihilape|Final Gambit|p2a: Indeedee\n|-damage|p2a: Indeedee|0 fnt\n|faint|p1a: Annihilape\n|faint|p2a: Indeedee\n|\n|upkeep\n|\n|t:|1698549931\n|switch|p2a: Glimmora|Glimmora, M|100\/100\n|switch|p1a: Annihilape|Annihilape, M|100\/100\n|turn|4\n|\n|t:|1698549935\n|move|p1a: Annihilape|Final Gambit|p2a: Glimmora\n|-damage|p2a: Glimmora|0 fnt\n|faint|p1a: Annihilape\n|faint|p2a: Glimmora\n|\n|upkeep\n|\n|t:|1698549941\n|switch|p2a: Sawsbuck|Sawsbuck, M|100\/100\n|switch|p1a: Annihilape|Annihilape, M|100\/100\n|turn|5\n|\n|t:|1698549944\n|move|p1a: Annihilape|Final Gambit|p2a: Sawsbuck\n|-damage|p2a: Sawsbuck|0 fnt\n|faint|p1a: Annihilape\n|faint|p2a: Sawsbuck\n|\n|upkeep\n|\n|t:|1698549948\n|switch|p2a: Maushold|Maushold|100\/100\n|switch|p1a: Wooper|Wooper-Paldea, F|100\/100\n|turn|6\n|\n|t:|1698549955\n|move|p2a: Maushold|Tidy Up|p2a: Maushold\n|-boost|p2a: Maushold|atk|1\n|-boost|p2a: Maushold|spe|1\n|move|p1a: Wooper|Counter||[still]\n|-fail|p1a: Wooper\n|\n|upkeep\n|turn|7\n|\n|t:|1698549962\n|move|p2a: Maushold|Encore|p1a: Wooper\n|-start|p1a: Wooper|Encore\n|move|p1a: Wooper|Counter||[still]\n|-fail|p1a: Wooper\n|\n|-fieldend|move: Psychic Terrain\n|upkeep\n|turn|8\n|\n|t:|1698549967\n|move|p2a: Maushold|Tidy Up|p2a: Maushold\n|-boost|p2a: Maushold|atk|1\n|-boost|p2a: Maushold|spe|1\n|move|p1a: Wooper|Counter||[still]\n|-fail|p1a: Wooper\n|\n|upkeep\n|turn|9\n|\n|t:|1698549971\n|move|p2a: Maushold|Tidy Up|p2a: Maushold\n|-boost|p2a: Maushold|atk|1\n|-boost|p2a: Maushold|spe|1\n|move|p1a: Wooper|Counter||[still]\n|-fail|p1a: Wooper\n|\n|-end|p1a: Wooper|Encore\n|upkeep\n|turn|10\n|\n|t:|1698549977\n|move|p2a: Maushold|Population Bomb|p1a: Wooper\n|-damage|p1a: Wooper|71\/100\n|-damage|p1a: Wooper|43\/100\n|-damage|p1a: Wooper|16\/100\n|-damage|p1a: Wooper|0 fnt\n|faint|p1a: Wooper\n|-hitcount|p1: Wooper|4\n|\n|win|NewMarioGame\n|raw|Zy1ex's rating: 1025 &rarr; <strong>1012<\/strong><br \/>(-13 for losing)\n|raw|NewMarioGame's rating: 1051 &rarr; <strong>1081<\/strong><br \/>(+30 for winning)\n|c|\u2606NewMarioGame|gg\n|l|\u2606Zy1ex\n","uploadtime":1698549988,"views":6,"p1id":"zy1ex","p2id":"newmariogame","formatid":"gen9anythinggoes","rating":1012,"private":0,"password":""}