{"id":"gen9anythinggoes-1982038460","p1":"DraykaKris13","p2":"Dariokemon-88","format":"[Gen 9] Anything Goes","log":"|j|\u2606DraykaKris13\n|j|\u2606Dariokemon-88\n|t:|1698961848\n|gametype|singles\n|player|p1|DraykaKris13|iris-gen5bw2|\n|player|p2|Dariokemon-88|lucas|\n|teamsize|p1|6\n|teamsize|p2|6\n|gen|9\n|tier|[Gen 9] Anything Goes\n|rule|HP Percentage Mod: HP is shown in percentages\n|rule|Endless Battle Clause: Forcing endless battles is banned\n|clearpoke\n|poke|p1|Roaring Moon|\n|poke|p1|Corviknight, M|\n|poke|p1|Zoroark-Hisui, M|\n|poke|p1|Ursaluna-Bloodmoon, M|\n|poke|p1|Baxcalibur, F|\n|poke|p1|Skeledirge, F|\n|poke|p2|Dragonite, F|\n|poke|p2|Roaring Moon|\n|poke|p2|Baxcalibur, M|\n|poke|p2|Dragapult, F|\n|poke|p2|Goodra-Hisui, M|\n|poke|p2|Garchomp, F|\n|teampreview\n|\n|t:|1698961858\n|start\n|switch|p1a: Dark Side|Ursaluna-Bloodmoon, M|100\/100\n|switch|p2a: Garchomp|Garchomp, F|100\/100\n|turn|1\n|\n|t:|1698961871\n|move|p2a: Garchomp|Swords Dance|p2a: Garchomp\n|-boost|p2a: Garchomp|atk|2\n|move|p1a: Dark Side|Moonblast|p2a: Garchomp\n|-supereffective|p2a: Garchomp\n|-damage|p2a: Garchomp|0 fnt\n|faint|p2a: Garchomp\n|-damage|p1a: Dark Side|91\/100|[from] item: Life Orb\n|\n|upkeep\n|\n|t:|1698961892\n|switch|p2a: Roaring Moon|Roaring Moon|100\/100\n|turn|2\n|\n|t:|1698961898\n|move|p2a: Roaring Moon|Knock Off|p1a: Dark Side\n|-damage|p1a: Dark Side|47\/100\n|-enditem|p1a: Dark Side|Life Orb|[from] move: Knock Off|[of] p2a: Roaring Moon\n|move|p1a: Dark Side|Moonblast|p2a: Roaring Moon\n|-supereffective|p2a: Roaring Moon\n|-damage|p2a: Roaring Moon|0 fnt\n|faint|p2a: Roaring Moon\n|-end|p2a: Roaring Moon|Protosynthesis|[silent]\n|\n|upkeep\n|\n|t:|1698961921\n|switch|p2a: Dragonite|Dragonite, F|100\/100\n|turn|3\n|\n|t:|1698961931\n|move|p2a: Dragonite|Earthquake|p1a: Dark Side\n|-damage|p1a: Dark Side|18\/100\n|move|p1a: Dark Side|Blood Moon|p2a: Dragonite\n|-damage|p2a: Dragonite|59\/100\n|\n|upkeep\n|turn|4\n|\n|t:|1698961939\n|move|p2a: Dragonite|Earthquake|p1a: Dark Side\n|-damage|p1a: Dark Side|0 fnt\n|faint|p1a: Dark Side\n|\n|upkeep\n|\n|t:|1698961945\n|switch|p1a: My December|Baxcalibur, F, shiny|100\/100\n|turn|5\n|\n|t:|1698961955\n|move|p2a: Dragonite|Earthquake|p1a: My December\n|-damage|p1a: My December|66\/100\n|move|p1a: My December|Scale Shot|p2a: Dragonite\n|-supereffective|p2a: Dragonite\n|-damage|p2a: Dragonite|25\/100\n|-enditem|p2a: Dragonite|Weakness Policy\n|-boost|p2a: Dragonite|atk|2|[from] item: Weakness Policy\n|-boost|p2a: Dragonite|spa|2|[from] item: Weakness Policy\n|-supereffective|p2a: Dragonite\n|-damage|p2a: Dragonite|0 fnt\n|faint|p2a: Dragonite\n|-hitcount|p2: Dragonite|2\n|-unboost|p1a: My December|def|1\n|-boost|p1a: My December|spe|1\n|\n|upkeep\n|\n|t:|1698961972\n|switch|p2a: Dragapult|Dragapult, F|100\/100\n|turn|6\n|\n|t:|1698961983\n|move|p2a: Dragapult|Dragon Pulse|p1a: My December\n|-supereffective|p1a: My December\n|-damage|p1a: My December|0 fnt\n|faint|p1a: My December\n|\n|upkeep\n|\n|t:|1698961990\n|switch|p1a: Invincible|Roaring Moon, shiny|100\/100\n|turn|7\n|\n|t:|1698961996\n|switch|p2a: Goodra|Goodra-Hisui, M|100\/100\n|move|p1a: Invincible|Bitter Malice|p2a: Goodra\n|-damage|p2a: Goodra|84\/100\n|-unboost|p2a: Goodra|atk|1\n|\n|upkeep\n|turn|8\n|\n|t:|1698962016\n|-terastallize|p1a: Invincible|Fighting\n|move|p1a: Invincible|Tera Blast|p2a: Goodra|[anim] Tera Blast Fighting\n|-supereffective|p2a: Goodra\n|-damage|p2a: Goodra|47\/100\n|move|p2a: Goodra|Dragon Pulse|p1a: Invincible\n|-damage|p1a: Invincible|15\/100\n|replace|p1a: Never Again|Zoroark-Hisui, M\n|-end|p1a: Never Again|Illusion\n|\n|upkeep\n|turn|9\n|\n|t:|1698962029\n|move|p1a: Never Again|Bitter Malice|p2a: Goodra\n|-damage|p2a: Goodra|31\/100\n|-unboost|p2a: Goodra|atk|1\n|move|p2a: Goodra|Flash Cannon|p1a: Never Again\n|-damage|p1a: Never Again|0 fnt\n|faint|p1a: Never Again\n|\n|upkeep\n|\n|t:|1698962043\n|switch|p1a: Kelly|Skeledirge, F, shiny|100\/100\n|turn|10\n|\n|t:|1698962050\n|switch|p2a: Baxcalibur|Baxcalibur, M|100\/100\n|move|p1a: Kelly|Torch Song|p2a: Baxcalibur\n|-damage|p2a: Baxcalibur|57\/100\n|-boost|p1a: Kelly|spa|1\n|-ability|p2a: Baxcalibur|Thermal Exchange|boost\n|-boost|p2a: Baxcalibur|atk|1\n|-enditem|p1a: Kelly|Throat Spray\n|-boost|p1a: Kelly|spa|1|[from] item: Throat Spray\n|\n|upkeep\n|turn|11\n|\n|t:|1698962062\n|switch|p1a: Breakaway|Corviknight, M, shiny|100\/100\n|-terastallize|p2a: Baxcalibur|Ground\n|move|p2a: Baxcalibur|Earthquake|p1a: Breakaway\n|-immune|p1a: Breakaway\n|\n|upkeep\n|turn|12\n|\n|t:|1698962073\n|switch|p2a: Dragapult|Dragapult, F|100\/100\n|move|p1a: Breakaway|Iron Defense|p1a: Breakaway\n|-boost|p1a: Breakaway|def|2\n|\n|upkeep\n|turn|13\n|\n|t:|1698962082\n|switch|p1a: Kelly|Skeledirge, F, shiny|100\/100\n|move|p2a: Dragapult|Flamethrower|p1a: Kelly\n|-resisted|p1a: Kelly\n|-damage|p1a: Kelly|83\/100\n|\n|upkeep\n|turn|14\n|\n|t:|1698962092\n|switch|p2a: Baxcalibur|Baxcalibur, M, tera:Ground|57\/100\n|move|p1a: Kelly|Yawn|p2a: Baxcalibur\n|-start|p2a: Baxcalibur|move: Yawn|[of] p1a: Kelly\n|\n|upkeep\n|turn|15\n|\n|t:|1698962108\n|switch|p1a: Breakaway|Corviknight, M, shiny|100\/100\n|move|p2a: Baxcalibur|Earthquake|p1a: Breakaway\n|-immune|p1a: Breakaway\n|\n|-end|p2a: Baxcalibur|move: Yawn|[silent]\n|-status|p2a: Baxcalibur|slp\n|upkeep\n|turn|16\n|\n|t:|1698962122\n|switch|p2a: Goodra|Goodra-Hisui, M|31\/100\n|move|p1a: Breakaway|Iron Head|p2a: Goodra\n|-resisted|p2a: Goodra\n|-crit|p2a: Goodra\n|-damage|p2a: Goodra|11\/100\n|-ability|p2a: Goodra|Gooey\n|-ability|p1a: Breakaway|Mirror Armor\n|-unboost|p2a: Goodra|spe|1\n|\n|upkeep\n|turn|17\n|\n|t:|1698962134\n|move|p1a: Breakaway|Iron Head|p2a: Goodra\n|-resisted|p2a: Goodra\n|-damage|p2a: Goodra|0 fnt\n|-ability|p2a: Goodra|Gooey\n|faint|p2a: Goodra\n|\n|upkeep\n|\n|t:|1698962141\n|switch|p2a: Dragapult|Dragapult, F|100\/100\n|turn|18\n|\n|t:|1698962148\n|switch|p1a: Kelly|Skeledirge, F, shiny|83\/100\n|move|p2a: Dragapult|Shadow Ball|p1a: Kelly\n|-supereffective|p1a: Kelly\n|-crit|p1a: Kelly\n|-damage|p1a: Kelly|0 fnt\n|faint|p1a: Kelly\n|\n|upkeep\n|\n|t:|1698962157\n|switch|p1a: Invincible|Roaring Moon, shiny|100\/100\n|-enditem|p1a: Invincible|Booster Energy\n|-activate|p1a: Invincible|ability: Protosynthesis|[fromitem]\n|-start|p1a: Invincible|protosynthesisspe\n|turn|19\n|\n|t:|1698962169\n|switch|p2a: Baxcalibur|Baxcalibur, M, tera:Ground|57\/100 slp\n|move|p1a: Invincible|Dragon Claw|p2a: Baxcalibur\n|-damage|p2a: Baxcalibur|12\/100 slp\n|\n|upkeep\n|turn|20\n|\n|t:|1698962177\n|move|p1a: Invincible|Dragon Claw|p2a: Baxcalibur\n|-damage|p2a: Baxcalibur|0 fnt\n|faint|p2a: Baxcalibur\n|\n|upkeep\n|\n|t:|1698962183\n|switch|p2a: Dragapult|Dragapult, F|100\/100\n|turn|21\n|\n|t:|1698962189\n|move|p1a: Invincible|Dragon Claw|p2a: Dragapult\n|-supereffective|p2a: Dragapult\n|-damage|p2a: Dragapult|0 fnt\n|faint|p2a: Dragapult\n|\n|win|DraykaKris13\n","uploadtime":1698962197,"views":6,"p1id":"draykakris13","p2id":"dariokemon88","formatid":"gen9anythinggoes","rating":0,"private":0,"password":""}