{"id":"gen9anythinggoes-1979581619","p1":"Raythel","p2":"Kmd1","format":"[Gen 9] Anything Goes","log":"|j|\u2606Raythel\n|j|\u2606Kmd1\n|t:|1698694085\n|gametype|singles\n|player|p1|Raythel|2|1247\n|player|p2|Kmd1|rancher|1340\n|teamsize|p1|6\n|teamsize|p2|6\n|gen|9\n|tier|[Gen 9] Anything Goes\n|rated|\n|rule|HP Percentage Mod: HP is shown in percentages\n|rule|Endless Battle Clause: Forcing endless battles is banned\n|clearpoke\n|poke|p1|Annihilape, M|\n|poke|p1|Ceruledge, M|\n|poke|p1|Zoroark-Hisui, M|\n|poke|p1|Palossand, M|\n|poke|p1|Houndstone, F|\n|poke|p1|Dragapult, M|\n|poke|p2|Klefki, F|\n|poke|p2|Copperajah, M|\n|poke|p2|Glalie, M|\n|poke|p2|Torkoal, M|\n|poke|p2|Masquerain, M|\n|poke|p2|Gengar, M|\n|teampreview\n|inactive|Battle timer is ON: inactive players will automatically lose when time's up. (requested by Kmd1)\n|\n|t:|1698694092\n|start\n|switch|p1a: Big Boi|Annihilape, M, shiny|100\/100\n|switch|p2a: Masquerain|Masquerain, M|100\/100\n|-ability|p2a: Masquerain|Intimidate|boost\n|-unboost|p1a: Big Boi|atk|1\n|-ability|p1a: Big Boi|Defiant|boost\n|-boost|p1a: Big Boi|atk|2\n|turn|1\n|\n|t:|1698694110\n|move|p2a: Masquerain|Stun Spore|p1a: Big Boi\n|-status|p1a: Big Boi|par\n|move|p1a: Big Boi|Bulk Up|p1a: Big Boi\n|-boost|p1a: Big Boi|atk|1\n|-boost|p1a: Big Boi|def|1\n|\n|upkeep\n|turn|2\n|\n|t:|1698694118\n|move|p2a: Masquerain|Sticky Web|p1a: Big Boi\n|-sidestart|p1: Raythel|move: Sticky Web\n|move|p1a: Big Boi|Drain Punch|p2a: Masquerain\n|-resisted|p2a: Masquerain\n|-damage|p2a: Masquerain|65\/100\n|\n|upkeep\n|turn|3\n|\n|t:|1698694123\n|move|p2a: Masquerain|Haze|p2a: Masquerain\n|-clearallboost\n|move|p1a: Big Boi|Ice Punch|p2a: Masquerain\n|-supereffective|p2a: Masquerain\n|-crit|p2a: Masquerain\n|-damage|p2a: Masquerain|0 fnt\n|faint|p2a: Masquerain\n|\n|upkeep\n|\n|t:|1698694131\n|switch|p2a: Gengar|Gengar, M|100\/100\n|turn|4\n|\n|t:|1698694135\n|move|p2a: Gengar|Toxic Spikes|p1a: Big Boi\n|-sidestart|p1: Raythel|move: Toxic Spikes\n|move|p1a: Big Boi|Bulk Up|p1a: Big Boi\n|-boost|p1a: Big Boi|atk|1\n|-boost|p1a: Big Boi|def|1\n|\n|upkeep\n|turn|5\n|\n|t:|1698694140\n|move|p2a: Gengar|Toxic Spikes|p1a: Big Boi\n|-sidestart|p1: Raythel|move: Toxic Spikes\n|move|p1a: Big Boi|Drain Punch|p2a: Gengar\n|-immune|p2a: Gengar\n|\n|upkeep\n|turn|6\n|\n|t:|1698694147\n|move|p2a: Gengar|Shadow Ball|p1a: Big Boi\n|-supereffective|p1a: Big Boi\n|-damage|p1a: Big Boi|18\/100 par\n|move|p1a: Big Boi|Rage Fist|p2a: Gengar\n|-supereffective|p2a: Gengar\n|-enditem|p2a: Gengar|Focus Sash\n|-damage|p2a: Gengar|1\/100\n|\n|-heal|p1a: Big Boi|24\/100 par|[from] item: Leftovers\n|upkeep\n|turn|7\n|\n|t:|1698694156\n|move|p2a: Gengar|Shadow Ball|p1a: Big Boi\n|-supereffective|p1a: Big Boi\n|-damage|p1a: Big Boi|0 fnt\n|faint|p1a: Big Boi\n|\n|upkeep\n|\n|t:|1698694160\n|switch|p1a: Chicken|Ceruledge, M, shiny|100\/100\n|turn|8\n|\n|t:|1698694165\n|move|p2a: Gengar|Curse|p1a: Chicken\n|-start|p1a: Chicken|Curse|[of] p2a: Gengar\n|-damage|p2a: Gengar|0 fnt\n|faint|p2a: Gengar\n|move|p1a: Chicken|Swords Dance|p1a: Chicken\n|-boost|p1a: Chicken|atk|2\n|\n|-damage|p1a: Chicken|76\/100|[from] Curse\n|upkeep\n|\n|t:|1698694180\n|switch|p2a: Copperajah|Copperajah, M|100\/100\n|turn|9\n|\n|t:|1698694186\n|move|p1a: Chicken|Bitter Blade|p2a: Copperajah\n|-supereffective|p2a: Copperajah\n|-enditem|p2a: Copperajah|Focus Sash\n|-damage|p2a: Copperajah|1\/100\n|-heal|p1a: Chicken|100\/100|[from] drain|[of] p2a: Copperajah\n|move|p2a: Copperajah|Earthquake|p1a: Chicken\n|-supereffective|p1a: Chicken\n|-damage|p1a: Chicken|0 fnt\n|faint|p1a: Chicken\n|\n|upkeep\n|\n|t:|1698694198\n|switch|p1a: Suuuuper|Dragapult, M, shiny|100\/100\n|-activate|p1a: Suuuuper|move: Sticky Web\n|-unboost|p1a: Suuuuper|spe|1\n|-status|p1a: Suuuuper|tox\n|turn|10\n|\n|t:|1698694205\n|move|p1a: Suuuuper|Substitute|p1a: Suuuuper\n|-start|p1a: Suuuuper|Substitute\n|-damage|p1a: Suuuuper|76\/100 tox\n|move|p2a: Copperajah|Iron Head|p1a: Suuuuper\n|-end|p1a: Suuuuper|Substitute\n|\n|-damage|p1a: Suuuuper|70\/100 tox|[from] psn\n|upkeep\n|turn|11\n|\n|t:|1698694211\n|move|p1a: Suuuuper|Dragon Dance|p1a: Suuuuper\n|-boost|p1a: Suuuuper|atk|1\n|-boost|p1a: Suuuuper|spe|1\n|move|p2a: Copperajah|Iron Head|p1a: Suuuuper\n|-damage|p1a: Suuuuper|0 fnt\n|faint|p1a: Suuuuper\n|\n|upkeep\n|c|\u2606Kmd1|Die draggafucko\n|\n|t:|1698694218\n|switch|p1a: Beefy|Houndstone, F, shiny|100\/100\n|-activate|p1a: Beefy|move: Sticky Web\n|-unboost|p1a: Beefy|spe|1\n|-status|p1a: Beefy|tox\n|turn|12\n|\n|t:|1698694222\n|move|p1a: Beefy|Nasty Plot|p1a: Beefy\n|-boost|p1a: Beefy|spa|2\n|move|p2a: Copperajah|Iron Head|p1a: Beefy\n|-damage|p1a: Beefy|0 fnt\n|replace|p1a: Stake|Zoroark-Hisui, M, shiny\n|-end|p1a: Stake|Illusion\n|faint|p1a: Stake\n|\n|upkeep\n|\n|t:|1698694228\n|switch|p1a: All might killer|Palossand, M, shiny|100\/100\n|-activate|p1a: All might killer|move: Sticky Web\n|-unboost|p1a: All might killer|spe|1\n|-status|p1a: All might killer|tox\n|turn|13\n|c|\u2606Kmd1|Easy wins for the young killa KMD\n|\n|t:|1698694251\n|move|p2a: Copperajah|Earthquake|p1a: All might killer\n|-damage|p1a: All might killer|68\/100 tox\n|move|p1a: All might killer|Sandstorm|p1a: All might killer\n|-weather|Sandstorm\n|\n|-weather|Sandstorm|[upkeep]\n|-heal|p1a: All might killer|75\/100 tox|[from] item: Leftovers\n|-damage|p1a: All might killer|68\/100 tox|[from] psn\n|upkeep\n|turn|14\n|\n|t:|1698694259\n|move|p2a: Copperajah|Earthquake|p1a: All might killer\n|-damage|p1a: All might killer|36\/100 tox\n|move|p1a: All might killer|Earth Power|p2a: Copperajah\n|-supereffective|p2a: Copperajah\n|-damage|p2a: Copperajah|0 fnt\n|faint|p2a: Copperajah\n|\n|-weather|Sandstorm|[upkeep]\n|-heal|p1a: All might killer|42\/100 tox|[from] item: Leftovers\n|-damage|p1a: All might killer|29\/100 tox|[from] psn\n|upkeep\n|c|\u2606Raythel|Hi\n|inactive|Kmd1 has 120 seconds left.\n|\n|t:|1698694281\n|switch|p2a: Klefki|Klefki, F|100\/100\n|turn|15\n|\n|t:|1698694291\n|move|p2a: Klefki|Magnet Rise|p2a: Klefki\n|-start|p2a: Klefki|Magnet Rise\n|move|p1a: All might killer|Earth Power|p2a: Klefki\n|-immune|p2a: Klefki\n|\n|-weather|Sandstorm|[upkeep]\n|-heal|p1a: All might killer|36\/100 tox|[from] item: Leftovers\n|-damage|p1a: All might killer|17\/100 tox|[from] psn\n|upkeep\n|turn|16\n|\n|t:|1698694302\n|move|p2a: Klefki|Spikes|p1a: All might killer\n|-sidestart|p1: Raythel|Spikes\n|move|p1a: All might killer|Shadow Ball|p2a: Klefki\n|-damage|p2a: Klefki|59\/100\n|\n|-weather|Sandstorm|[upkeep]\n|-heal|p2a: Klefki|65\/100|[from] item: Leftovers\n|-heal|p1a: All might killer|23\/100 tox|[from] item: Leftovers\n|-damage|p1a: All might killer|0 fnt|[from] psn\n|faint|p1a: All might killer\n|upkeep\n|\n|t:|1698694312\n|switch|p1a: Beefy|Houndstone, F, shiny|100\/100\n|-activate|p1a: Beefy|move: Sticky Web\n|-unboost|p1a: Beefy|spe|1\n|-status|p1a: Beefy|tox\n|-damage|p1a: Beefy|88\/100 tox|[from] Spikes\n|turn|17\n|\n|t:|1698694321\n|move|p2a: Klefki|Reflect|p2a: Klefki\n|-sidestart|p2: Kmd1|Reflect\n|move|p1a: Beefy|Last Respects|p2a: Klefki\n|-damage|p2a: Klefki|13\/100\n|\n|-weather|none\n|-heal|p2a: Klefki|19\/100|[from] item: Leftovers\n|-damage|p1a: Beefy|82\/100 tox|[from] psn\n|upkeep\n|turn|18\n|c|\u2606Kmd1|Ooof ggwp hoss\n|c|\u2606Kmd1|too bad for your own good\n|c|\u2606Raythel|Hi\n|\n|t:|1698694340\n|move|p2a: Klefki|Spikes|p1a: Beefy\n|-sidestart|p1: Raythel|Spikes\n|move|p1a: Beefy|Last Respects|p2a: Klefki\n|-damage|p2a: Klefki|0 fnt\n|faint|p2a: Klefki\n|\n|-damage|p1a: Beefy|70\/100 tox|[from] psn\n|upkeep\n|\n|t:|1698694344\n|switch|p2a: Glalie|Glalie, M|100\/100\n|turn|19\n|\n|t:|1698694356\n|move|p2a: Glalie|Protect|p2a: Glalie\n|-singleturn|p2a: Glalie|Protect\n|move|p1a: Beefy|Last Respects|p2a: Glalie\n|-activate|p2a: Glalie|move: Protect\n|\n|-damage|p1a: Beefy|51\/100 tox|[from] psn\n|-ability|p2a: Glalie|Moody|boost\n|-boost|p2a: Glalie|spd|2\n|-unboost|p2a: Glalie|def|1\n|upkeep\n|turn|20\n|\n|t:|1698694367\n|-terastallize|p1a: Beefy|Ghost\n|move|p2a: Glalie|Substitute|p2a: Glalie\n|-start|p2a: Glalie|Substitute\n|-damage|p2a: Glalie|75\/100\n|move|p1a: Beefy|Last Respects|p2a: Glalie\n|-end|p2a: Glalie|Substitute\n|\n|-heal|p2a: Glalie|82\/100|[from] item: Leftovers\n|-damage|p1a: Beefy|27\/100 tox|[from] psn\n|-ability|p2a: Glalie|Moody|boost\n|-boost|p2a: Glalie|def|2\n|-unboost|p2a: Glalie|spd|1\n|upkeep\n|turn|21\n|c|\u2606Kmd1|EZ win for KMD\n|c|\u2606Kmd1|The greatest player alive\n|l|\u2606Raythel\n|inactive|Raythel disconnected and has a minute to reconnect!\n|player|p1|\n|j|\u2606Raythel\n|inactive|Raythel reconnected and has 105 seconds left.\n|player|p1|Raythel|2\n|\n|t:|1698694416\n|move|p2a: Glalie|Protect|p2a: Glalie\n|-singleturn|p2a: Glalie|Protect\n|move|p1a: Beefy|Last Respects|p2a: Glalie\n|-activate|p2a: Glalie|move: Protect\n|\n|-heal|p2a: Glalie|88\/100|[from] item: Leftovers\n|-damage|p1a: Beefy|0 fnt|[from] psn\n|faint|p1a: Beefy\n|\n|win|Kmd1\n|upkeep\n|raw|Raythel's rating: 1247 &rarr; <strong>1229<\/strong><br \/>(-18 for losing)\n|raw|Kmd1's rating: 1340 &rarr; <strong>1355<\/strong><br \/>(+15 for winning)\n","uploadtime":1698694219,"views":3,"p1id":"raythel","p2id":"kmd1","formatid":"gen9anythinggoes","rating":1229,"private":0,"password":""}