{"id":"gen9anythinggoes-1979132151","p1":"Uerhfhzjjd","p2":"TheChillingBreeze","format":"[Gen 9] Anything Goes","log":"|j|\u2606Uerhfhzjjd\n|j|\u2606TheChillingBreeze\n|t:|1698636603\n|gametype|singles\n|player|p1|Uerhfhzjjd|102|1000\n|player|p2|TheChillingBreeze|unknown|1058\n|teamsize|p1|6\n|teamsize|p2|6\n|gen|9\n|tier|[Gen 9] Anything Goes\n|rated|\n|rule|HP Percentage Mod: HP is shown in percentages\n|rule|Endless Battle Clause: Forcing endless battles is banned\n|clearpoke\n|poke|p1|Slaking, F|\n|poke|p1|Greninja-*, M|\n|poke|p1|Ceruledge, F|\n|poke|p1|Lokix, M|\n|poke|p1|Weavile, F|\n|poke|p1|Ambipom, F|\n|poke|p2|Gardevoir, F|\n|poke|p2|Gallade, M|\n|poke|p2|Meloetta|\n|poke|p2|Rayquaza|\n|poke|p2|Eelektross, F|\n|poke|p2|Vaporeon, F|\n|teampreview\n|inactive|Battle timer is ON: inactive players will automatically lose when time's up. (requested by Uerhfhzjjd)\n|\n|t:|1698636612\n|start\n|switch|p1a: Ambipom|Ambipom, F, shiny|100\/100\n|switch|p2a: Meloetta|Meloetta|100\/100\n|turn|1\n|\n|t:|1698636622\n|move|p1a: Ambipom|Fake Out|p2a: Meloetta\n|-damage|p2a: Meloetta|60\/100\n|cant|p2a: Meloetta|flinch\n|\n|upkeep\n|turn|2\n|\n|t:|1698636628\n|move|p1a: Ambipom|Double Hit|p2a: Meloetta\n|-damage|p2a: Meloetta|25\/100\n|-damage|p2a: Meloetta|0 fnt\n|faint|p2a: Meloetta\n|-hitcount|p2: Meloetta|2\n|\n|upkeep\n|\n|t:|1698636637\n|switch|p2a: Gallade|Gallade, M|100\/100\n|turn|3\n|\n|t:|1698636643\n|switch|p1a: Ceruledge|Ceruledge, F|100\/100\n|move|p2a: Gallade|Sacred Sword|p1a: Ceruledge\n|-immune|p1a: Ceruledge\n|\n|upkeep\n|turn|4\n|\n|t:|1698636650\n|move|p2a: Gallade|Agility|p2a: Gallade\n|-boost|p2a: Gallade|spe|2\n|move|p1a: Ceruledge|Substitute|p1a: Ceruledge\n|-start|p1a: Ceruledge|Substitute\n|-damage|p1a: Ceruledge|76\/100\n|\n|upkeep\n|turn|5\n|\n|t:|1698636658\n|move|p2a: Gallade|Leaf Blade|p1a: Ceruledge\n|-resisted|p1a: Ceruledge\n|-crit|p1a: Ceruledge\n|-end|p1a: Ceruledge|Substitute\n|move|p1a: Ceruledge|Swords Dance|p1a: Ceruledge\n|-boost|p1a: Ceruledge|atk|2\n|\n|upkeep\n|turn|6\n|\n|t:|1698636668\n|move|p2a: Gallade|Leaf Blade|p1a: Ceruledge\n|-resisted|p1a: Ceruledge\n|-damage|p1a: Ceruledge|41\/100\n|-ability|p1a: Ceruledge|Weak Armor|boost\n|-unboost|p1a: Ceruledge|def|1\n|-boost|p1a: Ceruledge|spe|2\n|move|p1a: Ceruledge|Bitter Blade|p2a: Gallade\n|-damage|p2a: Gallade|0 fnt\n|-heal|p1a: Ceruledge|89\/100|[from] drain|[of] p2a: Gallade\n|faint|p2a: Gallade\n|\n|upkeep\n|\n|t:|1698636682\n|switch|p2a: Eelektross|Eelektross, F|100\/100\n|turn|7\n|\n|t:|1698636687\n|move|p1a: Ceruledge|Swords Dance|p1a: Ceruledge\n|-boost|p1a: Ceruledge|atk|2\n|move|p2a: Eelektross|Acid Spray|p1a: Ceruledge\n|-resisted|p1a: Ceruledge\n|-damage|p1a: Ceruledge|83\/100\n|-unboost|p1a: Ceruledge|spd|2\n|\n|upkeep\n|turn|8\n|\n|t:|1698636698\n|move|p1a: Ceruledge|Bitter Blade|p2a: Eelektross\n|-damage|p2a: Eelektross|0 fnt\n|-heal|p1a: Ceruledge|100\/100|[from] drain|[of] p2a: Eelektross\n|faint|p2a: Eelektross\n|\n|upkeep\n|\n|t:|1698636710\n|switch|p2a: Gardevoir|Gardevoir, F, shiny|100\/100\n|turn|9\n|\n|t:|1698636716\n|move|p1a: Ceruledge|Poltergeist|p2a: Gardevoir\n|-activate|p2a: Gardevoir|move: Poltergeist|Mind Plate\n|-supereffective|p2a: Gardevoir\n|-damage|p2a: Gardevoir|0 fnt\n|faint|p2a: Gardevoir\n|\n|upkeep\n|\n|t:|1698636722\n|switch|p2a: Rayquaza|Rayquaza|100\/100\n|-ability|p2a: Rayquaza|Air Lock\n|turn|10\n|\n|t:|1698636729\n|move|p1a: Ceruledge|Poltergeist|p2a: Rayquaza\n|-activate|p2a: Rayquaza|move: Poltergeist|Dragon Fang\n|-damage|p2a: Rayquaza|0 fnt\n|faint|p2a: Rayquaza\n|\n|upkeep\n|\n|t:|1698636735\n|switch|p2a: Vaporeon|Vaporeon, F|100\/100\n|turn|11\n|\n|t:|1698636740\n|move|p1a: Ceruledge|Poltergeist|p2a: Vaporeon\n|-activate|p2a: Vaporeon|move: Poltergeist|Wide Lens\n|-damage|p2a: Vaporeon|0 fnt\n|faint|p2a: Vaporeon\n|\n|win|Uerhfhzjjd\n|raw|Uerhfhzjjd's rating: 1000 &rarr; <strong>1047<\/strong><br \/>(+47 for winning)\n|raw|TheChillingBreeze's rating: 1058 &rarr; <strong>1036<\/strong><br \/>(-22 for losing)\n","uploadtime":1698636746,"views":13,"p1id":"uerhfhzjjd","p2id":"thechillingbreeze","formatid":"gen9anythinggoes","rating":1036,"private":0,"password":""}