{"id":"gen9anythinggoes-1975491318","p1":"testy coals","p2":"Najjsvdgsh Gs","format":"[Gen 9] Anything Goes","log":"|j|\u2606testy coals\n|j|\u2606Najjsvdgsh Gs\n|t:|1698197035\n|gametype|singles\n|player|p1|testy coals|hilbert|1035\n|player|p2|Najjsvdgsh Gs|lucas|1000\n|teamsize|p1|6\n|teamsize|p2|6\n|gen|9\n|tier|[Gen 9] Anything Goes\n|rated|\n|rule|HP Percentage Mod: HP is shown in percentages\n|rule|Endless Battle Clause: Forcing endless battles is banned\n|clearpoke\n|poke|p1|Ditto|\n|poke|p1|Ditto|\n|poke|p1|Ditto|\n|poke|p1|Ditto|\n|poke|p1|Ditto|\n|poke|p1|Calyrex-Ice|\n|poke|p2|Scovillain, F|\n|poke|p2|Azumarill, F|\n|poke|p2|Skeledirge, M|\n|poke|p2|Scream Tail|\n|poke|p2|Chandelure, F|\n|poke|p2|Clodsire, F|\n|teampreview\n|inactive|Battle timer is ON: inactive players will automatically lose when time's up. (requested by Najjsvdgsh Gs)\n|j| f1r35t0rm_96\n|c| f1r35t0rm_96|..............\n|\n|t:|1698197053\n|start\n|switch|p1a: Ditto|Ditto|100\/100\n|switch|p2a: Scream Tail|Scream Tail|100\/100\n|-transform|p1a: Ditto|p2a: Scream Tail|[from] ability: Imposter\n|-enditem|p2a: Scream Tail|Booster Energy\n|-activate|p2a: Scream Tail|ability: Protosynthesis|[fromitem]\n|-start|p2a: Scream Tail|protosynthesisspe\n|turn|1\n|c|\u2606testy coals|HEHEHEHAW\n|\n|t:|1698197068\n|move|p2a: Scream Tail|Calm Mind|p2a: Scream Tail\n|-boost|p2a: Scream Tail|spa|1\n|-boost|p2a: Scream Tail|spd|1\n|move|p1a: Ditto|Stored Power|p2a: Scream Tail\n|-resisted|p2a: Scream Tail\n|-damage|p2a: Scream Tail|99\/100\n|\n|upkeep\n|turn|2\n|\n|t:|1698197076\n|-end|p1a: Ditto|Protosynthesis|[silent]\n|switch|p1a: Calyrex|Calyrex-Ice|100\/100\n|-ability|p1a: Calyrex|As One\n|-ability|p1a: Calyrex|Unnerve\n|move|p2a: Scream Tail|Calm Mind|p2a: Scream Tail\n|-boost|p2a: Scream Tail|spa|1\n|-boost|p2a: Scream Tail|spd|1\n|\n|upkeep\n|turn|3\n|\n|t:|1698197085\n|move|p2a: Scream Tail|Calm Mind|p2a: Scream Tail\n|-boost|p2a: Scream Tail|spa|1\n|-boost|p2a: Scream Tail|spd|1\n|move|p1a: Calyrex|Glacial Lance|p2a: Scream Tail\n|-damage|p2a: Scream Tail|35\/100\n|\n|upkeep\n|turn|4\n|\n|t:|1698197096\n|-terastallize|p2a: Scream Tail|Fighting\n|move|p2a: Scream Tail|Stored Power|p1a: Calyrex\n|-resisted|p1a: Calyrex\n|-damage|p1a: Calyrex|63\/100\n|move|p1a: Calyrex|Glacial Lance|p2a: Scream Tail\n|-damage|p2a: Scream Tail|0 fnt\n|faint|p2a: Scream Tail\n|-end|p2a: Scream Tail|Protosynthesis|[silent]\n|-ability|p1a: Calyrex|Chilling Neigh|boost\n|-boost|p1a: Calyrex|atk|1\n|\n|upkeep\n|l| f1r35t0rm_96\n|\n|t:|1698197107\n|switch|p2a: Skeledirge|Skeledirge, M|100\/100\n|turn|5\n|\n|t:|1698197111\n|switch|p1a: Ditto|Ditto|100\/100\n|-transform|p1a: Ditto|p2a: Skeledirge|[from] ability: Imposter\n|move|p2a: Skeledirge|Torch Song|p1a: Ditto\n|-resisted|p1a: Ditto\n|-damage|p1a: Ditto|66\/100\n|-boost|p2a: Skeledirge|spa|1\n|\n|upkeep\n|turn|6\n|\n|t:|1698197131\n|move|p1a: Ditto|Earth Power|p2a: Skeledirge\n|-supereffective|p2a: Skeledirge\n|-damage|p2a: Skeledirge|36\/100\n|move|p2a: Skeledirge|Torch Song|p1a: Ditto\n|-resisted|p1a: Ditto\n|-damage|p1a: Ditto|29\/100\n|-boost|p2a: Skeledirge|spa|1\n|\n|upkeep\n|turn|7\n|\n|t:|1698197151\n|move|p2a: Skeledirge|Torch Song|p1a: Ditto\n|-resisted|p1a: Ditto\n|-damage|p1a: Ditto|0 fnt\n|-boost|p2a: Skeledirge|spa|1\n|faint|p1a: Ditto\n|\n|upkeep\n|\n|t:|1698197159\n|switch|p1a: Ditto|Ditto|100\/100\n|-transform|p1a: Ditto|p2a: Skeledirge|[from] ability: Imposter\n|turn|8\n|\n|t:|1698197164\n|move|p2a: Skeledirge|Torch Song|p1a: Ditto\n|-resisted|p1a: Ditto\n|-damage|p1a: Ditto|50\/100\n|-boost|p2a: Skeledirge|spa|1\n|move|p1a: Ditto|Earth Power|p2a: Skeledirge\n|-supereffective|p2a: Skeledirge\n|-damage|p2a: Skeledirge|0 fnt\n|faint|p2a: Skeledirge\n|\n|upkeep\n|\n|t:|1698197186\n|switch|p2a: Azumarill|Azumarill, F|100\/100\n|turn|9\n|\n|t:|1698197192\n|move|p1a: Ditto|Encore||[still]\n|-fail|p1a: Ditto\n|move|p2a: Azumarill|Aqua Tail|p1a: Ditto\n|-supereffective|p1a: Ditto\n|-damage|p1a: Ditto|0 fnt\n|faint|p1a: Ditto\n|\n|upkeep\n|\n|t:|1698197199\n|switch|p1a: Ditto|Ditto|100\/100\n|-transform|p1a: Ditto|p2a: Azumarill|[from] ability: Imposter\n|turn|10\n|\n|t:|1698197208\n|move|p2a: Azumarill|Encore||[still]\n|-fail|p2a: Azumarill\n|move|p1a: Ditto|Aqua Tail|p2a: Azumarill\n|-resisted|p2a: Azumarill\n|-damage|p2a: Azumarill|72\/100\n|\n|upkeep\n|turn|11\n|\n|t:|1698197219\n|move|p1a: Ditto|Encore||[still]\n|-fail|p1a: Ditto\n|move|p2a: Azumarill|Encore||[still]\n|-fail|p2a: Azumarill\n|\n|upkeep\n|turn|12\n|\n|t:|1698197233\n|move|p2a: Azumarill|Aqua Tail|p1a: Ditto\n|-resisted|p1a: Ditto\n|-damage|p1a: Ditto|55\/100\n|move|p1a: Ditto|Encore|p2a: Azumarill\n|-start|p2a: Azumarill|Encore\n|\n|upkeep\n|turn|13\n|\n|t:|1698197240\n|switch|p1a: Calyrex|Calyrex-Ice|63\/100\n|-ability|p1a: Calyrex|As One\n|-ability|p1a: Calyrex|Unnerve\n|move|p2a: Azumarill|Aqua Tail|p1a: Calyrex\n|-damage|p1a: Calyrex|19\/100\n|\n|upkeep\n|turn|14\n|\n|t:|1698197250\n|move|p1a: Calyrex|Glacial Lance|p2a: Azumarill\n|-resisted|p2a: Azumarill\n|-damage|p2a: Azumarill|32\/100\n|move|p2a: Azumarill|Aqua Tail|p1a: Calyrex\n|-damage|p1a: Calyrex|0 fnt\n|faint|p1a: Calyrex\n|\n|upkeep\n|\n|t:|1698197258\n|switch|p1a: Ditto|Ditto|100\/100\n|-transform|p1a: Ditto|p2a: Azumarill|[from] ability: Imposter\n|turn|15\n|\n|t:|1698197263\n|move|p2a: Azumarill|Aqua Tail|p1a: Ditto\n|-resisted|p1a: Ditto\n|-damage|p1a: Ditto|55\/100\n|move|p1a: Ditto|Aqua Tail|p2a: Azumarill\n|-resisted|p2a: Azumarill\n|-damage|p2a: Azumarill|4\/100\n|\n|-end|p2a: Azumarill|Encore\n|upkeep\n|turn|16\n|\n|t:|1698197274\n|move|p1a: Ditto|Aqua Tail|p2a: Azumarill\n|-resisted|p2a: Azumarill\n|-damage|p2a: Azumarill|0 fnt\n|faint|p2a: Azumarill\n|\n|upkeep\n|\n|t:|1698197277\n|switch|p2a: Clodsire|Clodsire, F|100\/100\n|turn|17\n|\n|t:|1698197285\n|switch|p1a: Ditto|Ditto|100\/100\n|-transform|p1a: Ditto|p2a: Clodsire|[from] ability: Imposter\n|move|p2a: Clodsire|Yawn|p1a: Ditto\n|-start|p1a: Ditto|move: Yawn|[of] p2a: Clodsire\n|\n|upkeep\n|turn|18\n|\n|t:|1698197293\n|move|p1a: Ditto|Yawn|p2a: Clodsire\n|-start|p2a: Clodsire|move: Yawn|[of] p1a: Ditto\n|move|p2a: Clodsire|Ancient Power|p1a: Ditto\n|-resisted|p1a: Ditto\n|-damage|p1a: Ditto|96\/100\n|\n|-end|p1a: Ditto|move: Yawn|[silent]\n|-status|p1a: Ditto|slp\n|upkeep\n|turn|19\n|\n|t:|1698197309\n|switch|p1a: Ditto|Ditto|55\/100\n|-transform|p1a: Ditto|p2a: Clodsire|[from] ability: Imposter\n|switch|p2a: Chili Jean|Scovillain, F, shiny|100\/100\n|\n|-ability|p2a: Chili Jean|Moody|boost\n|-boost|p2a: Chili Jean|spe|2\n|-unboost|p2a: Chili Jean|spa|1\n|upkeep\n|turn|20\n|\n|t:|1698197322\n|move|p2a: Chili Jean|Seed Bomb|p1a: Ditto\n|-damage|p1a: Ditto|13\/100\n|move|p1a: Ditto|Yawn|p2a: Chili Jean\n|-start|p2a: Chili Jean|move: Yawn|[of] p1a: Ditto\n|\n|-ability|p2a: Chili Jean|Moody|boost\n|-boost|p2a: Chili Jean|spe|2\n|-unboost|p2a: Chili Jean|def|1\n|upkeep\n|turn|21\n|\n|t:|1698197336\n|switch|p2a: Clodsire|Clodsire, F|100\/100\n|move|p1a: Ditto|Recover|p1a: Ditto\n|-heal|p1a: Ditto|63\/100\n|\n|upkeep\n|turn|22\n|\n|t:|1698197347\n|move|p2a: Clodsire|Yawn|p1a: Ditto\n|-start|p1a: Ditto|move: Yawn|[of] p2a: Clodsire\n|move|p1a: Ditto|Ancient Power|p2a: Clodsire\n|-resisted|p2a: Clodsire\n|-damage|p2a: Clodsire|98\/100\n|\n|-heal|p2a: Clodsire|100\/100|[from] item: Leftovers\n|upkeep\n|turn|23\n|\n|t:|1698197357\n|move|p2a: Clodsire|Ancient Power|p1a: Ditto\n|-resisted|p1a: Ditto\n|-damage|p1a: Ditto|58\/100\n|move|p1a: Ditto|Yawn|p2a: Clodsire\n|-start|p2a: Clodsire|move: Yawn|[of] p1a: Ditto\n|\n|-end|p1a: Ditto|move: Yawn|[silent]\n|-status|p1a: Ditto|slp\n|upkeep\n|turn|24\n|\n|t:|1698197374\n|switch|p1a: Ditto|Ditto|96\/100 slp\n|-transform|p1a: Ditto|p2a: Clodsire|[from] ability: Imposter\n|switch|p2a: Chili Jean|Scovillain, F, shiny|100\/100\n|\n|-ability|p2a: Chili Jean|Moody|boost\n|-boost|p2a: Chili Jean|spa|2\n|-unboost|p2a: Chili Jean|spe|1\n|upkeep\n|turn|25\n|\n|t:|1698197384\n|switch|p1a: Ditto|Ditto|55\/100\n|-transform|p1a: Ditto|p2a: Chili Jean|[from] ability: Imposter\n|move|p2a: Chili Jean|Seed Bomb|p1a: Ditto\n|-resisted|p1a: Ditto\n|-damage|p1a: Ditto|45\/100\n|\n|-ability|p1a: Ditto|Moody|boost\n|-boost|p1a: Ditto|spd|2\n|-unboost|p1a: Ditto|spa|1\n|-ability|p2a: Chili Jean|Moody|boost\n|-boost|p2a: Chili Jean|def|2\n|-unboost|p2a: Chili Jean|spa|1\n|upkeep\n|turn|26\n|\n|t:|1698197406\n|switch|p2a: Chandelure|Chandelure, F|100\/100\n|move|p1a: Ditto|Flamethrower|p2a: Chandelure\n|-resisted|p2a: Chandelure\n|-damage|p2a: Chandelure|63\/100\n|\n|-ability|p1a: Ditto|Moody|boost\n|-boost|p1a: Ditto|def|2\n|-unboost|p1a: Ditto|atk|1\n|upkeep\n|turn|27\n|\n|t:|1698197419\n|switch|p1a: Ditto|Ditto|96\/100 slp\n|-transform|p1a: Ditto|p2a: Chandelure|[from] ability: Imposter\n|move|p2a: Chandelure|Haze|p2a: Chandelure\n|-clearallboost\n|\n|upkeep\n|turn|28\n|\n|t:|1698197429\n|cant|p1a: Ditto|slp\n|move|p2a: Chandelure|Calm Mind|p2a: Chandelure\n|-boost|p2a: Chandelure|spa|1\n|-boost|p2a: Chandelure|spd|1\n|\n|upkeep\n|turn|29\n|\n|t:|1698197434\n|move|p2a: Chandelure|Calm Mind|p2a: Chandelure\n|-boost|p2a: Chandelure|spa|1\n|-boost|p2a: Chandelure|spd|1\n|-curestatus|p1a: Ditto|slp|[msg]\n|move|p1a: Ditto|Haze|p1a: Ditto\n|-clearallboost\n|\n|upkeep\n|turn|30\n|\n|t:|1698197444\n|move|p1a: Ditto|Dark Pulse|p2a: Chandelure\n|-supereffective|p2a: Chandelure\n|-damage|p2a: Chandelure|0 fnt\n|faint|p2a: Chandelure\n|\n|upkeep\n|\n|t:|1698197451\n|switch|p2a: Clodsire|Clodsire, F|100\/100\n|turn|31\n|\n|t:|1698197459\n|move|p1a: Ditto|Dark Pulse|p2a: Clodsire\n|-damage|p2a: Clodsire|79\/100\n|move|p2a: Clodsire|Yawn|p1a: Ditto\n|-start|p1a: Ditto|move: Yawn|[of] p2a: Clodsire\n|\n|-heal|p2a: Clodsire|85\/100|[from] item: Leftovers\n|upkeep\n|turn|32\n|\n|t:|1698197468\n|move|p1a: Ditto|Dark Pulse|p2a: Clodsire\n|-damage|p2a: Clodsire|61\/100\n|cant|p2a: Clodsire|flinch\n|\n|-heal|p2a: Clodsire|67\/100|[from] item: Leftovers\n|-end|p1a: Ditto|move: Yawn|[silent]\n|-status|p1a: Ditto|slp\n|upkeep\n|turn|33\n|\n|t:|1698197478\n|cant|p1a: Ditto|slp\n|move|p2a: Clodsire|Ancient Power|p1a: Ditto\n|-supereffective|p1a: Ditto\n|-damage|p1a: Ditto|72\/100 slp\n|\n|-heal|p2a: Clodsire|74\/100|[from] item: Leftovers\n|upkeep\n|turn|34\n|\n|t:|1698197488\n|cant|p1a: Ditto|slp\n|move|p2a: Clodsire|Ancient Power|p1a: Ditto\n|-supereffective|p1a: Ditto\n|-damage|p1a: Ditto|46\/100 slp\n|\n|-heal|p2a: Clodsire|80\/100|[from] item: Leftovers\n|upkeep\n|turn|35\n|\n|t:|1698197496\n|switch|p1a: Ditto|Ditto|58\/100 slp\n|-transform|p1a: Ditto|p2a: Clodsire|[from] ability: Imposter\n|move|p2a: Clodsire|Ancient Power|p1a: Ditto\n|-resisted|p1a: Ditto\n|-damage|p1a: Ditto|54\/100 slp\n|\n|-heal|p2a: Clodsire|86\/100|[from] item: Leftovers\n|upkeep\n|turn|36\n|\n|t:|1698197508\n|switch|p2a: Chili Jean|Scovillain, F, shiny|100\/100\n|cant|p1a: Ditto|slp\n|\n|-ability|p2a: Chili Jean|Moody|boost\n|-boost|p2a: Chili Jean|spe|2\n|-unboost|p2a: Chili Jean|def|1\n|upkeep\n|turn|37\n|\n|t:|1698197521\n|move|p2a: Chili Jean|Seed Bomb|p1a: Ditto\n|-crit|p1a: Ditto\n|-damage|p1a: Ditto|0 fnt\n|faint|p1a: Ditto\n|\n|-ability|p2a: Chili Jean|Moody|boost\n|-boost|p2a: Chili Jean|spd|2\n|-unboost|p2a: Chili Jean|def|1\n|upkeep\n|\n|t:|1698197528\n|switch|p1a: Ditto|Ditto|45\/100\n|-transform|p1a: Ditto|p2a: Chili Jean|[from] ability: Imposter\n|turn|38\n|\n|t:|1698197534\n|move|p2a: Chili Jean|Flamethrower|p1a: Ditto\n|-damage|p1a: Ditto|18\/100\n|move|p1a: Ditto|Flamethrower|p2a: Chili Jean\n|-damage|p2a: Chili Jean|77\/100\n|\n|-heal|p2a: Chili Jean|83\/100|[from] item: Leftovers\n|-ability|p2a: Chili Jean|Moody|boost\n|-boost|p2a: Chili Jean|spa|2\n|-unboost|p2a: Chili Jean|spd|1\n|-ability|p1a: Ditto|Moody|boost\n|-boost|p1a: Ditto|spa|2\n|-unboost|p1a: Ditto|atk|1\n|upkeep\n|turn|39\n|\n|t:|1698197549\n|move|p1a: Ditto|Protect|p1a: Ditto\n|-singleturn|p1a: Ditto|Protect\n|move|p2a: Chili Jean|Flamethrower|p1a: Ditto\n|-activate|p1a: Ditto|move: Protect\n|\n|-heal|p2a: Chili Jean|89\/100|[from] item: Leftovers\n|-ability|p2a: Chili Jean|Moody|boost\n|-boost|p2a: Chili Jean|def|2\n|-unboost|p2a: Chili Jean|spe|1\n|-ability|p1a: Ditto|Moody|boost\n|-boost|p1a: Ditto|spa|2\n|-unboost|p1a: Ditto|atk|1\n|upkeep\n|turn|40\n|\n|t:|1698197563\n|-terastallize|p1a: Ditto|Normal\n|move|p1a: Ditto|Flamethrower|p2a: Chili Jean\n|-damage|p2a: Chili Jean|0 fnt\n|faint|p2a: Chili Jean\n|\n|-ability|p1a: Ditto|Moody|boost\n|-boost|p1a: Ditto|spd|2\n|-unboost|p1a: Ditto|atk|1\n|upkeep\n|\n|t:|1698197573\n|switch|p2a: Clodsire|Clodsire, F|86\/100\n|turn|41\n|c|\u2606testy coals|HEHEHEHAW\n|\n|t:|1698197581\n|move|p1a: Ditto|Seed Bomb|p2a: Clodsire\n|-damage|p2a: Clodsire|76\/100\n|move|p2a: Clodsire|Iron Head|p1a: Ditto\n|-damage|p1a: Ditto|0 fnt\n|faint|p1a: Ditto\n|\n|-heal|p2a: Clodsire|82\/100|[from] item: Leftovers\n|upkeep\n|\n|t:|1698197588\n|switch|p1a: Ditto|Ditto|46\/100 slp\n|-transform|p1a: Ditto|p2a: Clodsire|[from] ability: Imposter\n|turn|42\n|\n|t:|1698197595\n|cant|p1a: Ditto|slp\n|move|p2a: Clodsire|Yawn||[still]\n|-fail|p2a: Clodsire\n|\n|-heal|p2a: Clodsire|89\/100|[from] item: Leftovers\n|upkeep\n|turn|43\n|\n|t:|1698197598\n|move|p2a: Clodsire|Ancient Power|p1a: Ditto\n|-resisted|p1a: Ditto\n|-damage|p1a: Ditto|42\/100 slp\n|-curestatus|p1a: Ditto|slp|[msg]\n|move|p1a: Ditto|Yawn|p2a: Clodsire\n|-start|p2a: Clodsire|move: Yawn|[of] p1a: Ditto\n|\n|-heal|p2a: Clodsire|95\/100|[from] item: Leftovers\n|upkeep\n|turn|44\n|\n|t:|1698197607\n|move|p1a: Ditto|Recover|p1a: Ditto\n|-heal|p1a: Ditto|92\/100\n|move|p2a: Clodsire|Yawn|p1a: Ditto\n|-start|p1a: Ditto|move: Yawn|[of] p2a: Clodsire\n|\n|-heal|p2a: Clodsire|100\/100|[from] item: Leftovers\n|-end|p2a: Clodsire|move: Yawn|[silent]\n|-status|p2a: Clodsire|slp\n|upkeep\n|turn|45\n|c|\u2606testy coals|we're gonna be here a while\n|\n|t:|1698197626\n|move|p1a: Ditto|Ancient Power|p2a: Clodsire\n|-resisted|p2a: Clodsire\n|-damage|p2a: Clodsire|98\/100 slp\n|cant|p2a: Clodsire|slp\n|\n|-heal|p2a: Clodsire|100\/100 slp|[from] item: Leftovers\n|-end|p1a: Ditto|move: Yawn|[silent]\n|-status|p1a: Ditto|slp\n|upkeep\n|turn|46\n|\n|t:|1698197635\n|cant|p1a: Ditto|slp\n|cant|p2a: Clodsire|slp\n|\n|upkeep\n|turn|47\n|\n|t:|1698197640\n|-curestatus|p2a: Clodsire|slp|[msg]\n|move|p2a: Clodsire|Iron Head|p1a: Ditto\n|-damage|p1a: Ditto|73\/100 slp\n|cant|p1a: Ditto|slp\n|\n|upkeep\n|turn|48\n|\n|t:|1698197648\n|-curestatus|p1a: Ditto|slp|[msg]\n|move|p1a: Ditto|Yawn|p2a: Clodsire\n|-start|p2a: Clodsire|move: Yawn|[of] p1a: Ditto\n|move|p2a: Clodsire|Ancient Power|p1a: Ditto\n|-resisted|p1a: Ditto\n|-damage|p1a: Ditto|69\/100\n|\n|upkeep\n|turn|49\n|\n|t:|1698197655\n|move|p1a: Ditto|Iron Head|p2a: Clodsire\n|-damage|p2a: Clodsire|89\/100\n|move|p2a: Clodsire|Yawn|p1a: Ditto\n|-start|p1a: Ditto|move: Yawn|[of] p2a: Clodsire\n|\n|-heal|p2a: Clodsire|95\/100|[from] item: Leftovers\n|-end|p2a: Clodsire|move: Yawn|[silent]\n|-status|p2a: Clodsire|slp\n|upkeep\n|turn|50\n|\n|t:|1698197668\n|move|p1a: Ditto|Iron Head|p2a: Clodsire\n|-damage|p2a: Clodsire|83\/100 slp\n|cant|p2a: Clodsire|slp\n|\n|-heal|p2a: Clodsire|89\/100 slp|[from] item: Leftovers\n|-end|p1a: Ditto|move: Yawn|[silent]\n|-status|p1a: Ditto|slp\n|upkeep\n|turn|51\n|\n|t:|1698197675\n|cant|p2a: Clodsire|slp\n|cant|p1a: Ditto|slp\n|\n|-heal|p2a: Clodsire|96\/100 slp|[from] item: Leftovers\n|upkeep\n|turn|52\n|\n|t:|1698197684\n|-curestatus|p2a: Clodsire|slp|[msg]\n|move|p2a: Clodsire|Iron Head|p1a: Ditto\n|-damage|p1a: Ditto|49\/100 slp\n|cant|p1a: Ditto|slp\n|\n|-heal|p2a: Clodsire|100\/100|[from] item: Leftovers\n|upkeep\n|turn|53\n|\n|t:|1698197694\n|-curestatus|p1a: Ditto|slp|[msg]\n|move|p1a: Ditto|Recover|p1a: Ditto\n|-heal|p1a: Ditto|99\/100\n|move|p2a: Clodsire|Iron Head|p1a: Ditto\n|-damage|p1a: Ditto|77\/100\n|\n|upkeep\n|turn|54\n|n|!testy coals|testycoals\n|\n|t:|1698197712\n|move|p2a: Clodsire|Iron Head|p1a: Ditto\n|-damage|p1a: Ditto|56\/100\n|move|p1a: Ditto|Yawn|p2a: Clodsire\n|-start|p2a: Clodsire|move: Yawn|[of] p1a: Ditto\n|\n|upkeep\n|turn|55\n|\n|t:|1698197719\n|move|p1a: Ditto|Yawn||[still]\n|-fail|p1a: Ditto\n|move|p2a: Clodsire|Yawn|p1a: Ditto\n|-start|p1a: Ditto|move: Yawn|[of] p2a: Clodsire\n|\n|-end|p2a: Clodsire|move: Yawn|[silent]\n|-status|p2a: Clodsire|slp\n|upkeep\n|turn|56\n|\n|t:|1698197727\n|cant|p2a: Clodsire|slp\n|move|p1a: Ditto|Yawn||[still]\n|-fail|p1a: Ditto\n|\n|-end|p1a: Ditto|move: Yawn|[silent]\n|-status|p1a: Ditto|slp\n|upkeep\n|turn|57\n|\n|t:|1698197743\n|cant|p2a: Clodsire|slp\n|cant|p1a: Ditto|slp\n|\n|upkeep\n|turn|58\n|\n|t:|1698197750\n|-curestatus|p2a: Clodsire|slp|[msg]\n|move|p2a: Clodsire|Yawn||[still]\n|-fail|p2a: Clodsire\n|-curestatus|p1a: Ditto|slp|[msg]\n|move|p1a: Ditto|Recover|p1a: Ditto\n|-heal|p1a: Ditto|100\/100\n|\n|upkeep\n|turn|59\n|\n|t:|1698197758\n|move|p2a: Clodsire|Ancient Power|p1a: Ditto\n|-resisted|p1a: Ditto\n|-damage|p1a: Ditto|96\/100\n|move|p1a: Ditto|Ancient Power|p2a: Clodsire\n|-resisted|p2a: Clodsire\n|-damage|p2a: Clodsire|98\/100\n|\n|-heal|p2a: Clodsire|100\/100|[from] item: Leftovers\n|upkeep\n|turn|60\n|\n|t:|1698197769\n|move|p2a: Clodsire|Iron Head|p1a: Ditto\n|-damage|p1a: Ditto|76\/100\n|cant|p1a: Ditto|flinch\n|\n|upkeep\n|turn|61\n|\n|t:|1698197774\n|move|p2a: Clodsire|Iron Head|p1a: Ditto\n|-damage|p1a: Ditto|56\/100\n|move|p1a: Ditto|Recover|p1a: Ditto\n|-heal|p1a: Ditto|100\/100\n|\n|upkeep\n|turn|62\n|-message|testy coals forfeited.\n|\n|win|Najjsvdgsh Gs\n|raw|testy coals's rating: 1035 &rarr; <strong>1018<\/strong><br \/>(-17 for losing)\n|raw|Najjsvdgsh Gs's rating: 1000 &rarr; <strong>1044<\/strong><br \/>(+44 for winning)\n","uploadtime":1698197705,"views":10,"p1id":"testycoals","p2id":"najjsvdgshgs","formatid":"gen9anythinggoes","rating":1018,"private":0,"password":""}