{"id":"gen9anythinggoes-1986080123","p1":"theluckyone26","p2":"YoungEsq","format":"[Gen 9] Anything Goes","log":"|j|\u2606theluckyone26\n|j|\u2606YoungEsq\n|t:|1699447809\n|gametype|singles\n|player|p1|theluckyone26|2|1307\n|player|p2|YoungEsq|265|1372\n|teamsize|p1|6\n|teamsize|p2|6\n|gen|9\n|tier|[Gen 9] Anything Goes\n|rated|\n|rule|HP Percentage Mod: HP is shown in percentages\n|rule|Endless Battle Clause: Forcing endless battles is banned\n|clearpoke\n|poke|p1|Iron Bundle|\n|poke|p1|Scovillain, M|\n|poke|p1|Calyrex-Shadow|\n|poke|p1|Sneasler, M|\n|poke|p1|Ditto|\n|poke|p1|Urshifu-*, F|\n|poke|p2|Ting-Lu|\n|poke|p2|Gholdengo|\n|poke|p2|Roaring Moon|\n|poke|p2|Chi-Yu|\n|poke|p2|Samurott-Hisui, F|\n|poke|p2|Mandibuzz, F|\n|teampreview\n|inactive|Battle timer is ON: inactive players will automatically lose when time's up. (requested by YoungEsq)\n|\n|t:|1699447813\n|start\n|switch|p1a: Iron Bundle|Iron Bundle, shiny|100\/100\n|switch|p2a: Ting-Lu|Ting-Lu|100\/100\n|-ability|p2a: Ting-Lu|Vessel of Ruin\n|-enditem|p1a: Iron Bundle|Booster Energy\n|-activate|p1a: Iron Bundle|ability: Quark Drive|[fromitem]\n|-start|p1a: Iron Bundle|quarkdrivespe\n|turn|1\n|\n|t:|1699447823\n|move|p1a: Iron Bundle|Hydro Pump|p2a: Ting-Lu\n|-supereffective|p2a: Ting-Lu\n|-damage|p2a: Ting-Lu|55\/100\n|move|p2a: Ting-Lu|Whirlwind|p1a: Iron Bundle\n|-end|p1a: Iron Bundle|Quark Drive|[silent]\n|drag|p1a: Scovillain|Scovillain, M|100\/100\n|\n|-heal|p2a: Ting-Lu|61\/100|[from] item: Leftovers\n|-ability|p1a: Scovillain|Moody|boost\n|-boost|p1a: Scovillain|spe|2\n|-unboost|p1a: Scovillain|def|1\n|upkeep\n|turn|2\n|\n|t:|1699447828\n|move|p1a: Scovillain|Leech Seed|p2a: Ting-Lu\n|-start|p2a: Ting-Lu|move: Leech Seed\n|move|p2a: Ting-Lu|Stealth Rock|p1a: Scovillain\n|-sidestart|p1: theluckyone26|move: Stealth Rock\n|\n|-heal|p2a: Ting-Lu|67\/100|[from] item: Leftovers\n|-damage|p2a: Ting-Lu|55\/100|[from] Leech Seed|[of] p1a: Scovillain\n|-ability|p1a: Scovillain|Moody|boost\n|-boost|p1a: Scovillain|def|2\n|-unboost|p1a: Scovillain|spa|1\n|upkeep\n|turn|3\n|\n|t:|1699447834\n|switch|p2a: Mandibuzz|Mandibuzz, F|100\/100\n|move|p1a: Scovillain|Substitute|p1a: Scovillain\n|-start|p1a: Scovillain|Substitute\n|-damage|p1a: Scovillain|76\/100\n|\n|-heal|p1a: Scovillain|82\/100|[from] item: Leftovers\n|-ability|p1a: Scovillain|Moody|boost\n|-boost|p1a: Scovillain|spd|2\n|-unboost|p1a: Scovillain|spe|1\n|upkeep\n|turn|4\n|\n|t:|1699447839\n|move|p1a: Scovillain|Protect|p1a: Scovillain\n|-singleturn|p1a: Scovillain|Protect\n|move|p2a: Mandibuzz|Foul Play|p1a: Scovillain\n|-activate|p1a: Scovillain|move: Protect\n|\n|-heal|p1a: Scovillain|88\/100|[from] item: Leftovers\n|-ability|p1a: Scovillain|Moody|boost\n|-boost|p1a: Scovillain|spa|2\n|-unboost|p1a: Scovillain|def|1\n|upkeep\n|turn|5\n|\n|t:|1699447846\n|switch|p2a: Ting-Lu|Ting-Lu|55\/100\n|-ability|p2a: Ting-Lu|Vessel of Ruin\n|move|p1a: Scovillain|Leech Seed|p2a: Ting-Lu\n|-start|p2a: Ting-Lu|move: Leech Seed\n|\n|-heal|p1a: Scovillain|94\/100|[from] item: Leftovers\n|-heal|p2a: Ting-Lu|61\/100|[from] item: Leftovers\n|-damage|p2a: Ting-Lu|49\/100|[from] Leech Seed|[of] p1a: Scovillain\n|-heal|p1a: Scovillain|100\/100|[silent]\n|-ability|p1a: Scovillain|Moody|boost\n|-boost|p1a: Scovillain|atk|2\n|-unboost|p1a: Scovillain|def|1\n|upkeep\n|turn|6\n|\n|t:|1699447850\n|move|p1a: Scovillain|Protect|p1a: Scovillain\n|-singleturn|p1a: Scovillain|Protect\n|move|p2a: Ting-Lu|Whirlwind|p1a: Scovillain\n|drag|p1a: Calyrex|Calyrex-Shadow|100\/100\n|-ability|p1a: Calyrex|As One\n|-ability|p1a: Calyrex|Unnerve\n|-damage|p1a: Calyrex|88\/100|[from] Stealth Rock\n|\n|-heal|p2a: Ting-Lu|55\/100|[from] item: Leftovers\n|-damage|p2a: Ting-Lu|43\/100|[from] Leech Seed|[of] p1a: Calyrex\n|-heal|p1a: Calyrex|100\/100|[silent]\n|upkeep\n|turn|7\n|\n|t:|1699447859\n|switch|p2a: Mandibuzz|Mandibuzz, F|100\/100\n|move|p1a: Calyrex|Draining Kiss|p2a: Mandibuzz\n|-supereffective|p2a: Mandibuzz\n|-damage|p2a: Mandibuzz|76\/100\n|\n|upkeep\n|turn|8\n|\n|t:|1699447866\n|move|p1a: Calyrex|Draining Kiss|p2a: Mandibuzz\n|-supereffective|p2a: Mandibuzz\n|-damage|p2a: Mandibuzz|50\/100\n|move|p2a: Mandibuzz|Toxic|p1a: Calyrex\n|-status|p1a: Calyrex|tox\n|\n|-damage|p1a: Calyrex|94\/100 tox|[from] psn\n|upkeep\n|turn|9\n|\n|t:|1699447872\n|move|p1a: Calyrex|Encore|p2a: Mandibuzz\n|-start|p2a: Mandibuzz|Encore\n|move|p2a: Mandibuzz|Toxic|p1a: Calyrex\n|-fail|p1a: Calyrex|tox\n|\n|-damage|p1a: Calyrex|82\/100 tox|[from] psn\n|upkeep\n|turn|10\n|\n|t:|1699447882\n|switch|p2a: Gholdengo|Gholdengo|100\/100\n|-item|p2a: Gholdengo|Air Balloon\n|move|p1a: Calyrex|Draining Kiss|p2a: Gholdengo\n|-resisted|p2a: Gholdengo\n|-damage|p2a: Gholdengo|87\/100\n|-heal|p1a: Calyrex|91\/100 tox|[from] drain|[of] p2a: Gholdengo\n|-enditem|p2a: Gholdengo|Air Balloon\n|\n|-damage|p1a: Calyrex|73\/100 tox|[from] psn\n|upkeep\n|turn|11\n|\n|t:|1699447893\n|-terastallize|p2a: Gholdengo|Steel\n|move|p1a: Calyrex|Astral Barrage|p2a: Gholdengo\n|-damage|p2a: Gholdengo|1\/100\n|move|p2a: Gholdengo|Shadow Ball|p1a: Calyrex\n|-supereffective|p1a: Calyrex\n|-damage|p1a: Calyrex|0 fnt\n|faint|p1a: Calyrex\n|\n|upkeep\n|\n|t:|1699447902\n|switch|p1a: Sneasler|Sneasler, M, shiny|100\/100\n|-damage|p1a: Sneasler|95\/100|[from] Stealth Rock\n|turn|12\n|\n|t:|1699447912\n|move|p1a: Sneasler|Fake Out|p2a: Gholdengo\n|-resisted|p2a: Gholdengo\n|-damage|p2a: Gholdengo|0 fnt\n|faint|p2a: Gholdengo\n|\n|upkeep\n|\n|t:|1699447915\n|switch|p2a: Ting-Lu|Ting-Lu|43\/100\n|-ability|p2a: Ting-Lu|Vessel of Ruin\n|turn|13\n|\n|t:|1699447919\n|move|p1a: Sneasler|Dire Claw|p2a: Ting-Lu\n|-resisted|p2a: Ting-Lu\n|-damage|p2a: Ting-Lu|32\/100\n|move|p2a: Ting-Lu|Earthquake|p1a: Sneasler\n|-supereffective|p1a: Sneasler\n|-damage|p1a: Sneasler|0 fnt\n|faint|p1a: Sneasler\n|\n|-heal|p2a: Ting-Lu|38\/100|[from] item: Leftovers\n|upkeep\n|\n|t:|1699447926\n|switch|p1a: Ditto|Ditto|100\/100\n|-damage|p1a: Ditto|88\/100|[from] Stealth Rock\n|-transform|p1a: Ditto|p2a: Ting-Lu|[from] ability: Imposter\n|-ability|p1a: Ditto|Vessel of Ruin\n|turn|14\n|-message|theluckyone26 forfeited.\n|\n|win|YoungEsq\n|raw|theluckyone26's rating: 1307 &rarr; <strong>1291<\/strong><br \/>(-16 for losing)\n|raw|YoungEsq's rating: 1372 &rarr; <strong>1388<\/strong><br \/>(+16 for winning)\n|l|\u2606theluckyone26\n","uploadtime":1699447938,"views":5,"p1id":"theluckyone26","p2id":"youngesq","formatid":"gen9anythinggoes","rating":1291,"private":0,"password":""}