{"id":"gen9anythinggoes-1980893677","p1":"Assault Lady","p2":"Rodan123","format":"[Gen 9] Anything Goes","log":"|j|\u2606Assault Lady\n|j|\u2606Rodan123\n|t:|1698846662\n|gametype|singles\n|player|p1|Assault Lady|klara|1115\n|player|p2|Rodan123|sabrina|1176\n|teamsize|p1|6\n|teamsize|p2|6\n|gen|9\n|tier|[Gen 9] Anything Goes\n|rated|\n|rule|HP Percentage Mod: HP is shown in percentages\n|rule|Endless Battle Clause: Forcing endless battles is banned\n|clearpoke\n|poke|p1|Calyrex-Shadow|\n|poke|p1|Miraidon|\n|poke|p1|Miraidon|\n|poke|p1|Miraidon|\n|poke|p1|Miraidon|\n|poke|p1|Koraidon|\n|poke|p2|Garchomp, F|\n|poke|p2|Florges, F|\n|poke|p2|Espathra, F|\n|poke|p2|Cyclizar, M|\n|poke|p2|Milotic, M|\n|poke|p2|Urshifu-*, F|\n|teampreview\n|inactive|Battle timer is ON: inactive players will automatically lose when time's up. (requested by Assault Lady)\n|\n|t:|1698846670\n|start\n|switch|p1a: Calyrex|Calyrex-Shadow|100\/100\n|switch|p2a: Cyclizar|Cyclizar, M|100\/100\n|-ability|p1a: Calyrex|As One\n|-ability|p1a: Calyrex|Unnerve\n|turn|1\n|\n|t:|1698846680\n|move|p1a: Calyrex|Astral Barrage|p2a: Cyclizar\n|-immune|p2a: Cyclizar\n|move|p2a: Cyclizar|Knock Off|p1a: Calyrex\n|-supereffective|p1a: Calyrex\n|-damage|p1a: Calyrex|0 fnt\n|-enditem|p1a: Calyrex|Choice Scarf|[from] move: Knock Off|[of] p2a: Cyclizar\n|faint|p1a: Calyrex\n|\n|upkeep\n|\n|t:|1698846696\n|switch|p1a: Koraidon|Koraidon|100\/100\n|-weather|SunnyDay|[from] ability: Orichalcum Pulse|[of] p1a: Koraidon\n|-activate|p1a: Koraidon|Orichalcum Pulse|[source]\n|turn|2\n|\n|t:|1698846703\n|move|p1a: Koraidon|Collision Course|p2a: Cyclizar\n|-supereffective|p2a: Cyclizar\n|-crit|p2a: Cyclizar\n|-damage|p2a: Cyclizar|0 fnt\n|faint|p2a: Cyclizar\n|\n|-weather|SunnyDay|[upkeep]\n|upkeep\n|\n|t:|1698846715\n|switch|p2a: Milotic|Milotic, M|100\/100\n|turn|3\n|\n|t:|1698846718\n|move|p1a: Koraidon|Collision Course|p2a: Milotic\n|-damage|p2a: Milotic|0 fnt\n|faint|p2a: Milotic\n|\n|-weather|SunnyDay|[upkeep]\n|upkeep\n|\n|t:|1698846725\n|switch|p2a: Florges|Florges, F|100\/100\n|turn|4\n|\n|t:|1698846729\n|move|p1a: Koraidon|Collision Course|p2a: Florges\n|-resisted|p2a: Florges\n|-damage|p2a: Florges|41\/100\n|move|p2a: Florges|Draining Kiss|p1a: Koraidon\n|-supereffective|p1a: Koraidon\n|-damage|p1a: Koraidon|22\/100\n|-heal|p2a: Florges|100\/100|[from] drain|[of] p1a: Koraidon\n|\n|-weather|SunnyDay|[upkeep]\n|upkeep\n|turn|5\n|\n|t:|1698846739\n|switch|p1a: Miraidon|Miraidon|100\/100\n|-fieldstart|move: Electric Terrain|[from] ability: Hadron Engine|[of] p1a: Miraidon\n|move|p2a: Florges|Draining Kiss|p1a: Miraidon\n|-supereffective|p1a: Miraidon\n|-damage|p1a: Miraidon|65\/100\n|\n|-weather|SunnyDay|[upkeep]\n|upkeep\n|turn|6\n|\n|t:|1698846748\n|move|p1a: Miraidon|Electro Drift|p2a: Florges\n|-damage|p2a: Florges|42\/100\n|move|p2a: Florges|Draining Kiss|p1a: Miraidon\n|-supereffective|p1a: Miraidon\n|-damage|p1a: Miraidon|29\/100\n|-heal|p2a: Florges|74\/100|[from] drain|[of] p1a: Miraidon\n|\n|-weather|none\n|-heal|p2a: Florges|80\/100|[from] item: Leftovers\n|upkeep\n|turn|7\n|\n|t:|1698846757\n|move|p1a: Miraidon|Electro Drift|p2a: Florges\n|-damage|p2a: Florges|18\/100\n|move|p2a: Florges|Draining Kiss|p1a: Miraidon\n|-supereffective|p1a: Miraidon\n|-damage|p1a: Miraidon|0 fnt\n|-heal|p2a: Florges|42\/100|[from] drain|[of] p1a: Miraidon\n|faint|p1a: Miraidon\n|\n|-heal|p2a: Florges|48\/100|[from] item: Leftovers\n|upkeep\n|\n|t:|1698846768\n|switch|p1a: Koraidon|Koraidon|22\/100\n|-weather|SunnyDay|[from] ability: Orichalcum Pulse|[of] p1a: Koraidon\n|-activate|p1a: Koraidon|Orichalcum Pulse|[source]\n|turn|8\n|\n|t:|1698846773\n|move|p1a: Koraidon|Collision Course|p2a: Florges\n|-resisted|p2a: Florges\n|-damage|p2a: Florges|0 fnt\n|faint|p2a: Florges\n|\n|-weather|SunnyDay|[upkeep]\n|upkeep\n|\n|t:|1698846791\n|switch|p2a: Garchomp|Garchomp, F|100\/100\n|turn|9\n|\n|t:|1698846803\n|-terastallize|p2a: Garchomp|Steel\n|move|p1a: Koraidon|Collision Course|p2a: Garchomp\n|-supereffective|p2a: Garchomp\n|-damage|p2a: Garchomp|0 fnt\n|-damage|p1a: Koraidon|10\/100|[from] ability: Rough Skin|[of] p2a: Garchomp\n|-damage|p1a: Koraidon|0 fnt|[from] item: Rocky Helmet|[of] p2a: Garchomp\n|faint|p2a: Garchomp\n|faint|p1a: Koraidon\n|\n|-weather|SunnyDay|[upkeep]\n|-fieldend|move: Electric Terrain\n|upkeep\n|\n|t:|1698846815\n|switch|p1a: Miraidon|Miraidon|100\/100\n|switch|p2a: Espathra|Espathra, F|100\/100\n|-fieldstart|move: Electric Terrain|[from] ability: Hadron Engine|[of] p1a: Miraidon\n|turn|10\n|\n|t:|1698846821\n|move|p1a: Miraidon|Electro Drift|p2a: Espathra\n|-damage|p2a: Espathra|0 fnt\n|faint|p2a: Espathra\n|\n|-weather|SunnyDay|[upkeep]\n|upkeep\n|\n|t:|1698846824\n|switch|p2a: Urshifu|Urshifu-Rapid-Strike, F|100\/100\n|turn|11\n|\n|t:|1698846828\n|move|p1a: Miraidon|Electro Drift|p2a: Urshifu\n|-supereffective|p2a: Urshifu\n|-damage|p2a: Urshifu|0 fnt\n|faint|p2a: Urshifu\n|\n|win|Assault Lady\n|raw|Assault Lady's rating: 1115 &rarr; <strong>1144<\/strong><br \/>(+29 for winning)\n|raw|Rodan123's rating: 1176 &rarr; <strong>1147<\/strong><br \/>(-29 for losing)\n|l|\u2606Rodan123\n","uploadtime":1698846836,"views":10,"p1id":"assaultlady","p2id":"rodan123","formatid":"gen9anythinggoes","rating":1144,"private":0,"password":""}