{"id":"gen9anythinggoes-1989053798","p1":"Blade Z Knights","p2":"Andelepirate7","format":"[Gen 9] Anything Goes","log":"|j|\u2606Blade Z Knights\n|j|\u2606Andelepirate7\n|t:|1699807036\n|gametype|singles\n|player|p1|Blade Z Knights|giovanni|1312\n|player|p2|Andelepirate7|gentleman-gen4dp|1256\n|teamsize|p1|6\n|teamsize|p2|6\n|gen|9\n|tier|[Gen 9] Anything Goes\n|rated|\n|rule|HP Percentage Mod: HP is shown in percentages\n|rule|Endless Battle Clause: Forcing endless battles is banned\n|clearpoke\n|poke|p1|Glimmora, F|\n|poke|p1|Ting-Lu|\n|poke|p1|Hippowdon, F|\n|poke|p1|Arceus|\n|poke|p1|Dusclops, F|\n|poke|p1|Torterra, M|\n|poke|p2|Breloom, F|\n|poke|p2|Volbeat, M|\n|poke|p2|Mewtwo|\n|poke|p2|Slaking, F|\n|poke|p2|Kleavor, F|\n|poke|p2|Trevenant, M|\n|teampreview\n|inactive|Battle timer is ON: inactive players will automatically lose when time's up. (requested by Blade Z Knights)\n|\n|t:|1699807042\n|start\n|switch|p1a: Dusclops|Dusclops, F|100\/100\n|switch|p2a: Volbeat|Volbeat, M, shiny|100\/100\n|-ability|p1a: Dusclops|Pressure\n|turn|1\n|\n|t:|1699807050\n|move|p2a: Volbeat|Tail Glow|p2a: Volbeat\n|-boost|p2a: Volbeat|spa|3\n|move|p1a: Dusclops|Trick Room|p1a: Dusclops\n|-fieldstart|move: Trick Room|[of] p1a: Dusclops\n|\n|upkeep\n|turn|2\n|\n|t:|1699807056\n|move|p2a: Volbeat|Tail Glow|p2a: Volbeat\n|-boost|p2a: Volbeat|spa|3\n|move|p1a: Dusclops|Will-O-Wisp|p2a: Volbeat\n|-status|p2a: Volbeat|brn\n|\n|-damage|p2a: Volbeat|95\/100 brn|[from] brn\n|upkeep\n|turn|3\n|\n|t:|1699807067\n|move|p2a: Volbeat|Baton Pass|p2a: Volbeat\n|\n|t:|1699807068\n|switch|p2a: Mewtwo|Mewtwo|100\/100|[from] Baton Pass\n|-ability|p2a: Mewtwo|Pressure\n|move|p1a: Dusclops|Night Shade|p2a: Mewtwo\n|-damage|p2a: Mewtwo|72\/100\n|\n|upkeep\n|turn|4\n|\n|t:|1699807080\n|-terastallize|p2a: Mewtwo|Psychic\n|move|p1a: Dusclops|Will-O-Wisp|p2a: Mewtwo\n|-status|p2a: Mewtwo|brn\n|move|p2a: Mewtwo|Psychic|p1a: Dusclops\n|-damage|p1a: Dusclops|0 fnt\n|faint|p1a: Dusclops\n|\n|-damage|p2a: Mewtwo|66\/100 brn|[from] brn\n|upkeep\n|\n|t:|1699807097\n|switch|p1a: Ting-Lu|Ting-Lu|100\/100\n|-ability|p1a: Ting-Lu|Vessel of Ruin\n|turn|5\n|\n|t:|1699807105\n|move|p1a: Ting-Lu|Stealth Rock|p2a: Mewtwo\n|-sidestart|p2: Andelepirate7|move: Stealth Rock\n|move|p2a: Mewtwo|Aura Sphere|p1a: Ting-Lu\n|-supereffective|p1a: Ting-Lu\n|-damage|p1a: Ting-Lu|0 fnt\n|faint|p1a: Ting-Lu\n|\n|-damage|p2a: Mewtwo|60\/100 brn|[from] brn\n|-fieldend|move: Trick Room\n|upkeep\n|\n|t:|1699807115\n|switch|p1a: Hippowdon|Hippowdon, F|100\/100\n|-weather|Sandstorm|[from] ability: Sand Stream|[of] p1a: Hippowdon\n|turn|6\n|\n|t:|1699807122\n|move|p2a: Mewtwo|Earth Power|p1a: Hippowdon\n|-damage|p1a: Hippowdon|0 fnt\n|faint|p1a: Hippowdon\n|\n|-weather|Sandstorm|[upkeep]\n|-damage|p2a: Mewtwo|53\/100 brn|[from] Sandstorm\n|-damage|p2a: Mewtwo|47\/100 brn|[from] brn\n|upkeep\n|\n|t:|1699807131\n|switch|p1a: Glimmora|Glimmora, F, shiny|100\/100\n|turn|7\n|\n|t:|1699807138\n|move|p2a: Mewtwo|Earth Power|p1a: Glimmora\n|-supereffective|p1a: Glimmora\n|-enditem|p1a: Glimmora|Focus Sash\n|-damage|p1a: Glimmora|1\/100\n|move|p1a: Glimmora|Sludge Wave|p2a: Mewtwo\n|-damage|p2a: Mewtwo|0 fnt\n|faint|p2a: Mewtwo\n|\n|-weather|Sandstorm|[upkeep]\n|upkeep\n|\n|t:|1699807148\n|switch|p2a: Kleavor|Kleavor, F|100\/100\n|-damage|p2a: Kleavor|76\/100|[from] Stealth Rock\n|turn|8\n|\n|t:|1699807157\n|move|p1a: Glimmora|Mortal Spin|p2a: Kleavor\n|-resisted|p2a: Kleavor\n|-damage|p2a: Kleavor|71\/100\n|-status|p2a: Kleavor|psn\n|move|p2a: Kleavor|Stone Axe|p1a: Glimmora\n|-damage|p1a: Glimmora|0 fnt\n|-activate|p1a: Glimmora|ability: Toxic Debris\n|-sidestart|p2: Andelepirate7|move: Toxic Spikes\n|-sidestart|p1: Blade Z Knights|move: Stealth Rock\n|faint|p1a: Glimmora\n|\n|-weather|Sandstorm|[upkeep]\n|-damage|p2a: Kleavor|59\/100 psn|[from] psn\n|upkeep\n|\n|t:|1699807170\n|switch|p1a: Arceus|Arceus|100\/100\n|-damage|p1a: Arceus|88\/100|[from] Stealth Rock\n|turn|9\n|\n|t:|1699807176\n|move|p2a: Kleavor|Stone Axe|p1a: Arceus\n|-damage|p1a: Arceus|33\/100\n|move|p1a: Arceus|Swords Dance|p1a: Arceus\n|-boost|p1a: Arceus|atk|2\n|\n|-weather|Sandstorm|[upkeep]\n|-damage|p1a: Arceus|27\/100|[from] Sandstorm\n|-damage|p2a: Kleavor|46\/100 psn|[from] psn\n|upkeep\n|turn|10\n|\n|t:|1699807187\n|-terastallize|p1a: Arceus|Normal\n|move|p1a: Arceus|Extreme Speed|p2a: Kleavor\n|-resisted|p2a: Kleavor\n|-damage|p2a: Kleavor|0 fnt\n|faint|p2a: Kleavor\n|\n|-weather|none\n|upkeep\n|\n|t:|1699807199\n|switch|p2a: Trevenant|Trevenant, M|100\/100\n|-damage|p2a: Trevenant|88\/100|[from] Stealth Rock\n|-status|p2a: Trevenant|psn\n|turn|11\n|\n|t:|1699807206\n|move|p1a: Arceus|Recover|p1a: Arceus\n|-heal|p1a: Arceus|77\/100\n|move|p2a: Trevenant|Leech Seed|p1a: Arceus\n|-start|p1a: Arceus|move: Leech Seed\n|\n|-damage|p1a: Arceus|65\/100|[from] Leech Seed|[of] p2a: Trevenant\n|-heal|p2a: Trevenant|100\/100 psn|[silent]\n|-damage|p2a: Trevenant|88\/100 psn|[from] psn\n|upkeep\n|turn|12\n|\n|t:|1699807215\n|move|p1a: Arceus|Shadow Claw|p2a: Trevenant\n|-supereffective|p2a: Trevenant\n|-damage|p2a: Trevenant|0 fnt\n|faint|p2a: Trevenant\n|\n|upkeep\n|\n|t:|1699807221\n|switch|p2a: Breloom|Breloom, F|100\/100\n|-damage|p2a: Breloom|94\/100|[from] Stealth Rock\n|-status|p2a: Breloom|psn\n|turn|13\n|\n|t:|1699807228\n|move|p1a: Arceus|Extreme Speed|p2a: Breloom\n|-damage|p2a: Breloom|0 fnt\n|faint|p2a: Breloom\n|\n|upkeep\n|l|\u2606Andelepirate7\n|inactive|Andelepirate7 disconnected and has a minute to reconnect!\n|player|p2|\n|inactive|Andelepirate7 has 30 seconds to reconnect!\n|inactive|Andelepirate7 has 20 seconds to reconnect!\n|inactive|Andelepirate7 has 15 seconds to reconnect!\n|inactive|Andelepirate7 has 10 seconds to reconnect!\n|inactive|Andelepirate7 has 5 seconds to reconnect!\n|-message|Andelepirate7 lost due to inactivity.\n|\n|win|Blade Z Knights\n|raw|Blade Z Knights's rating: 1312 &rarr; <strong>1329<\/strong><br \/>(+17 for winning)\n|raw|Andelepirate7's rating: 1256 &rarr; <strong>1235<\/strong><br \/>(-21 for losing)\n","uploadtime":1699807327,"views":4,"p1id":"bladezknights","p2id":"andelepirate7","formatid":"gen9anythinggoes","rating":1235,"private":0,"password":""}