{"id":"gen9anythinggoes-1980778245","p1":"conizi","p2":"faenskaperen","format":"[Gen 9] Anything Goes","log":"|j|\u2606conizi\n|j|\u2606faenskaperen\n|t:|1698831379\n|gametype|singles\n|player|p1|conizi|n|1129\n|player|p2|faenskaperen|170|1062\n|teamsize|p1|6\n|teamsize|p2|6\n|gen|9\n|tier|[Gen 9] Anything Goes\n|rated|\n|rule|HP Percentage Mod: HP is shown in percentages\n|rule|Endless Battle Clause: Forcing endless battles is banned\n|clearpoke\n|poke|p1|Weavile, F|\n|poke|p1|Cinderace, F|\n|poke|p1|Garchomp, M|\n|poke|p1|Sneasler, M|\n|poke|p1|Greninja-*, M|\n|poke|p1|Flutter Mane|\n|poke|p2|Maushold-Four|\n|poke|p2|Calyrex-Shadow|\n|poke|p2|Mudsdale, M|\n|poke|p2|Ditto|\n|poke|p2|Glimmora, F|\n|poke|p2|Arcanine-Hisui, M|\n|teampreview\n|\n|t:|1698831383\n|start\n|switch|p1a: Weavile|Weavile, F|100\/100\n|switch|p2a: Gangbanged|Maushold-Four|100\/100\n|-ability|p1a: Weavile|Pressure\n|turn|1\n|\n|t:|1698831389\n|-terastallize|p2a: Gangbanged|Normal\n|move|p1a: Weavile|Fake Out|p2a: Gangbanged\n|-damage|p2a: Gangbanged|79\/100\n|cant|p2a: Gangbanged|flinch\n|\n|upkeep\n|turn|2\n|\n|t:|1698831399\n|move|p1a: Weavile|Beat Up|p2a: Gangbanged\n|-damage|p2a: Gangbanged|66\/100\n|-damage|p2a: Gangbanged|54\/100\n|-damage|p2a: Gangbanged|39\/100\n|-damage|p2a: Gangbanged|25\/100\n|-damage|p2a: Gangbanged|14\/100\n|-damage|p2a: Gangbanged|6\/100\n|-hitcount|p2a: Gangbanged|6\n|move|p2a: Gangbanged|Tidy Up|p2a: Gangbanged\n|-boost|p2a: Gangbanged|atk|1\n|-boost|p2a: Gangbanged|spe|1\n|\n|upkeep\n|turn|3\n|\n|t:|1698831412\n|move|p2a: Gangbanged|Population Bomb|p1a: Weavile\n|-damage|p1a: Weavile|61\/100\n|-damage|p1a: Weavile|26\/100\n|-damage|p1a: Weavile|0 fnt\n|faint|p1a: Weavile\n|-hitcount|p1: Weavile|3\n|\n|upkeep\n|\n|t:|1698831420\n|switch|p1a: Sneasler|Sneasler, M|100\/100\n|-ability|p1a: Sneasler|Pressure\n|turn|4\n|\n|t:|1698831425\n|move|p1a: Sneasler|Fake Out|p2a: Gangbanged\n|-damage|p2a: Gangbanged|0 fnt\n|faint|p2a: Gangbanged\n|\n|upkeep\n|\n|t:|1698831432\n|switch|p2a: Don the Donkey|Mudsdale, M|100\/100\n|turn|5\n|\n|t:|1698831439\n|move|p1a: Sneasler|U-turn|p2a: Don the Donkey\n|-crit|p2a: Don the Donkey\n|-damage|p2a: Don the Donkey|72\/100\n|-ability|p2a: Don the Donkey|Stamina|boost\n|-boost|p2a: Don the Donkey|def|1\n|\n|t:|1698831444\n|switch|p1a: Greninja|Greninja, M|100\/100|[from] U-turn\n|move|p2a: Don the Donkey|Iron Defense|p2a: Don the Donkey\n|-boost|p2a: Don the Donkey|def|2\n|\n|-heal|p2a: Don the Donkey|78\/100|[from] item: Leftovers\n|upkeep\n|turn|6\n|\n|t:|1698831455\n|move|p1a: Greninja|Hydro Pump|p2a: Don the Donkey\n|-supereffective|p2a: Don the Donkey\n|-damage|p2a: Don the Donkey|0 fnt\n|faint|p2a: Don the Donkey\n|-ability|p1a: Greninja|Battle Bond|boost\n|-boost|p1a: Greninja|atk|1\n|-boost|p1a: Greninja|spa|1\n|-boost|p1a: Greninja|spe|1\n|-activate|p1a: Greninja|ability: Battle Bond\n|\n|upkeep\n|-message|faenskaperen forfeited.\n|\n|win|conizi\n|raw|conizi's rating: 1129 &rarr; <strong>1149<\/strong><br \/>(+20 for winning)\n|raw|faenskaperen's rating: 1062 &rarr; <strong>1046<\/strong><br \/>(-16 for losing)\n|l|\u2606faenskaperen\n","uploadtime":1698831466,"views":10,"p1id":"conizi","p2id":"faenskaperen","formatid":"gen9anythinggoes","rating":1046,"private":0,"password":""}