{"id":"gen9anythinggoes-1973554018","p1":"Shagg51","p2":"R.para ti","format":"[Gen 9] Anything Goes","log":"|j|\u2606Shagg51\n|j|\u2606R.para ti\n|t:|1697990188\n|gametype|singles\n|player|p1|Shagg51|cheryl|1115\n|player|p2|R.para ti|102|1183\n|teamsize|p1|6\n|teamsize|p2|6\n|gen|9\n|tier|[Gen 9] Anything Goes\n|rated|\n|rule|HP Percentage Mod: HP is shown in percentages\n|rule|Endless Battle Clause: Forcing endless battles is banned\n|clearpoke\n|poke|p1|Ceruledge, M|\n|poke|p1|Blissey, F|\n|poke|p1|Iron Valiant|\n|poke|p1|Heatran, F|\n|poke|p1|Gliscor, F|\n|poke|p1|Calyrex-Shadow|\n|poke|p2|Gothitelle, M|\n|poke|p2|Gothitelle, M|\n|poke|p2|Zacian-*|\n|poke|p2|Koraidon|\n|poke|p2|Lokix, M|\n|poke|p2|Calyrex-Shadow|\n|teampreview\n|\n|t:|1697990200\n|start\n|switch|p1a: Gliscor|Gliscor, F|100\/100\n|switch|p2a: Gothitelle|Gothitelle, M|100\/100\n|turn|1\n|\n|t:|1697990205\n|move|p2a: Gothitelle|Trick|p1a: Gliscor\n|-activate|p2a: Gothitelle|move: Trick|[of] p1a: Gliscor\n|-item|p1a: Gliscor|Choice Scarf|[from] move: Trick\n|-item|p2a: Gothitelle|Toxic Orb|[from] move: Trick\n|move|p1a: Gliscor|Swords Dance|p1a: Gliscor\n|-boost|p1a: Gliscor|atk|2\n|\n|-status|p2a: Gothitelle|tox|[from] item: Toxic Orb\n|upkeep\n|turn|2\n|\n|t:|1697990217\n|move|p1a: Gliscor|Swords Dance|p1a: Gliscor\n|-boost|p1a: Gliscor|atk|2\n|move|p2a: Gothitelle|Charm|p1a: Gliscor\n|-unboost|p1a: Gliscor|atk|2\n|\n|-damage|p2a: Gothitelle|94\/100 tox|[from] psn\n|upkeep\n|turn|3\n|\n|t:|1697990221\n|switch|p2a: Gothitelle|Gothitelle, M|100\/100\n|move|p1a: Gliscor|Swords Dance|p1a: Gliscor\n|-boost|p1a: Gliscor|atk|2\n|\n|upkeep\n|turn|4\n|\n|t:|1697990225\n|move|p1a: Gliscor|Swords Dance|p1a: Gliscor\n|-boost|p1a: Gliscor|atk|2\n|move|p2a: Gothitelle|Calm Mind|p2a: Gothitelle\n|-boost|p2a: Gothitelle|spa|1\n|-boost|p2a: Gothitelle|spd|1\n|\n|upkeep\n|turn|5\n|\n|t:|1697990233\n|move|p1a: Gliscor|Swords Dance|p1a: Gliscor\n|-boost|p1a: Gliscor|atk|0\n|move|p2a: Gothitelle|Calm Mind|p2a: Gothitelle\n|-boost|p2a: Gothitelle|spa|1\n|-boost|p2a: Gothitelle|spd|1\n|\n|upkeep\n|turn|6\n|\n|t:|1697990234\n|move|p1a: Gliscor|Swords Dance|p1a: Gliscor\n|-boost|p1a: Gliscor|atk|0\n|move|p2a: Gothitelle|Calm Mind|p2a: Gothitelle\n|-boost|p2a: Gothitelle|spa|1\n|-boost|p2a: Gothitelle|spd|1\n|\n|upkeep\n|turn|7\n|inactive|Battle timer is ON: inactive players will automatically lose when time's up. (requested by Shagg51)\n|\n|t:|1697990237\n|move|p1a: Gliscor|Swords Dance|p1a: Gliscor\n|-boost|p1a: Gliscor|atk|0\n|move|p2a: Gothitelle|Calm Mind|p2a: Gothitelle\n|-boost|p2a: Gothitelle|spa|1\n|-boost|p2a: Gothitelle|spd|1\n|\n|upkeep\n|turn|8\n|\n|t:|1697990241\n|move|p1a: Gliscor|Swords Dance|p1a: Gliscor\n|-boost|p1a: Gliscor|atk|0\n|move|p2a: Gothitelle|Calm Mind|p2a: Gothitelle\n|-boost|p2a: Gothitelle|spa|1\n|-boost|p2a: Gothitelle|spd|1\n|\n|upkeep\n|turn|9\n|\n|t:|1697990243\n|move|p1a: Gliscor|Swords Dance|p1a: Gliscor\n|-boost|p1a: Gliscor|atk|0\n|move|p2a: Gothitelle|Calm Mind|p2a: Gothitelle\n|-boost|p2a: Gothitelle|spa|1\n|-boost|p2a: Gothitelle|spd|1\n|\n|upkeep\n|turn|10\n|\n|t:|1697990246\n|move|p1a: Gliscor|Swords Dance|p1a: Gliscor\n|-boost|p1a: Gliscor|atk|0\n|move|p2a: Gothitelle|Reflect|p2a: Gothitelle\n|-sidestart|p2: R.para ti|Reflect\n|\n|upkeep\n|turn|11\n|\n|t:|1697990250\n|move|p1a: Gliscor|Swords Dance|p1a: Gliscor\n|-boost|p1a: Gliscor|atk|0\n|move|p2a: Gothitelle|Stored Power|p1a: Gliscor\n|-damage|p1a: Gliscor|0 fnt\n|faint|p1a: Gliscor\n|\n|upkeep\n|\n|t:|1697990259\n|switch|p1a: Blissey|Blissey, F|100\/100\n|turn|12\n|\n|t:|1697990264\n|move|p2a: Gothitelle|Stored Power|p1a: Blissey\n|-damage|p1a: Blissey|0 fnt\n|faint|p1a: Blissey\n|\n|upkeep\n|\n|t:|1697990268\n|switch|p1a: Iron Valiant|Iron Valiant|100\/100\n|-enditem|p1a: Iron Valiant|Booster Energy\n|-activate|p1a: Iron Valiant|ability: Quark Drive|[fromitem]\n|-start|p1a: Iron Valiant|quarkdrivespe\n|turn|13\n|\n|t:|1697990272\n|move|p1a: Iron Valiant|Double Team|p1a: Iron Valiant\n|-boost|p1a: Iron Valiant|evasion|1\n|move|p2a: Gothitelle|Stored Power|p1a: Iron Valiant\n|-supereffective|p1a: Iron Valiant\n|-damage|p1a: Iron Valiant|0 fnt\n|faint|p1a: Iron Valiant\n|-end|p1a: Iron Valiant|Quark Drive|[silent]\n|\n|upkeep\n|\n|t:|1697990278\n|switch|p1a: Heatran|Heatran, F|100\/100\n|turn|14\n|\n|t:|1697990282\n|move|p1a: Heatran|Ancient Power|p2a: Gothitelle\n|-damage|p2a: Gothitelle|97\/100\n|move|p2a: Gothitelle|Stored Power|p1a: Heatran\n|-resisted|p1a: Heatran\n|-damage|p1a: Heatran|0 fnt\n|faint|p1a: Heatran\n|\n|-heal|p2a: Gothitelle|100\/100|[from] item: Leftovers\n|-sideend|p2: R.para ti|Reflect\n|upkeep\n|\n|t:|1697990288\n|switch|p1a: Calyrex|Calyrex-Shadow|100\/100\n|-ability|p1a: Calyrex|As One\n|-ability|p1a: Calyrex|Unnerve\n|turn|15\n|\n|t:|1697990297\n|-terastallize|p1a: Calyrex|Steel\n|-terastallize|p2a: Gothitelle|Dark\n|move|p1a: Calyrex|Nasty Plot|p1a: Calyrex\n|-boost|p1a: Calyrex|spa|2\n|move|p2a: Gothitelle|Stored Power|p1a: Calyrex\n|-resisted|p1a: Calyrex\n|-damage|p1a: Calyrex|0 fnt\n|faint|p1a: Calyrex\n|\n|upkeep\n|\n|t:|1697990304\n|switch|p1a: Ceruledge|Ceruledge, M|100\/100\n|turn|16\n|\n|t:|1697990312\n|move|p1a: Ceruledge|Flamethrower|p2a: Gothitelle\n|-damage|p2a: Gothitelle|92\/100\n|move|p2a: Gothitelle|Stored Power|p1a: Ceruledge\n|-damage|p1a: Ceruledge|0 fnt\n|faint|p1a: Ceruledge\n|\n|win|R.para ti\n|raw|Shagg51's rating: 1115 &rarr; <strong>1097<\/strong><br \/>(-18 for losing)\n|raw|R.para ti's rating: 1221 &rarr; <strong>1239<\/strong><br \/>(+18 for winning)\n|l|\u2606Shagg51\n","uploadtime":1697990334,"views":14,"p1id":"shagg51","p2id":"rparati","formatid":"gen9anythinggoes","rating":1097,"private":0,"password":""}