{"id":"gen9anythinggoes-1999028302","p1":"Mr Sarasota","p2":"VeronicaDiavla","format":"[Gen 9] Anything Goes","log":"|j|\u2606Mr Sarasota\n|j|\u2606VeronicaDiavla\n|t:|1701025477\n|gametype|singles\n|player|p1|Mr Sarasota|2|1086\n|player|p2|VeronicaDiavla|ariana|1040\n|teamsize|p1|6\n|teamsize|p2|6\n|gen|9\n|tier|[Gen 9] Anything Goes\n|rated|\n|rule|HP Percentage Mod: HP is shown in percentages\n|rule|Endless Battle Clause: Forcing endless battles is banned\n|clearpoke\n|poke|p1|Maushold-Four|\n|poke|p1|Flutter Mane|\n|poke|p1|Miraidon|\n|poke|p1|Rabsca, M|\n|poke|p1|Garganacl, F|\n|poke|p1|Houndstone, M|\n|poke|p2|Cyndaquil, F|\n|poke|p2|Furret, F|\n|poke|p2|Dunsparce, F|\n|poke|p2|Houndour, F|\n|poke|p2|Scizor, M|\n|poke|p2|Hoppip, M|\n|teampreview\n|\n|t:|1701025484\n|start\n|switch|p1a: DeMarco|Miraidon|100\/100\n|switch|p2a: Cyndaquil|Cyndaquil, F|100\/100\n|-fieldstart|move: Electric Terrain|[from] ability: Hadron Engine|[of] p1a: DeMarco\n|turn|1\n|\n|t:|1701025495\n|-terastallize|p1a: DeMarco|Electric\n|move|p1a: DeMarco|Electro Drift|p2a: Cyndaquil\n|-damage|p2a: Cyndaquil|0 fnt\n|faint|p2a: Cyndaquil\n|\n|upkeep\n|\n|t:|1701025505\n|switch|p2a: Houndour|Houndour, F|100\/100\n|turn|2\n|\n|t:|1701025511\n|switch|p2a: Scizor|Scizor, M|100\/100\n|move|p1a: DeMarco|Electro Drift|p2a: Scizor\n|-crit|p2a: Scizor\n|-damage|p2a: Scizor|0 fnt\n|faint|p2a: Scizor\n|\n|upkeep\n|\n|t:|1701025524\n|switch|p2a: Hoppip|Hoppip, M|100\/100\n|turn|3\n|\n|t:|1701025526\n|move|p1a: DeMarco|Electro Drift|p2a: Hoppip\n|-damage|p2a: Hoppip|0 fnt\n|faint|p2a: Hoppip\n|\n|upkeep\n|c|\u2606VeronicaDiavla|STOP\n|\n|t:|1701025534\n|switch|p2a: Houndour|Houndour, F|100\/100\n|turn|4\n|inactive|Battle timer is ON: inactive players will automatically lose when time's up. (requested by VeronicaDiavla)\n|\n|t:|1701025541\n|move|p1a: DeMarco|Electro Drift|p2a: Houndour\n|-damage|p2a: Houndour|0 fnt\n|faint|p2a: Houndour\n|\n|upkeep\n|\n|t:|1701025546\n|switch|p2a: Furret|Furret, F|100\/100\n|-item|p1a: DeMarco|Assault Vest|[from] ability: Frisk|[of] p2a: Furret|[identify]\n|turn|5\n|\n|t:|1701025550\n|move|p2a: Furret|Double-Edge|p1a: DeMarco\n|-damage|p1a: DeMarco|55\/100\n|-damage|p2a: Furret|84\/100|[from] Recoil\n|move|p1a: DeMarco|Electro Drift|p2a: Furret\n|-damage|p2a: Furret|0 fnt\n|faint|p2a: Furret\n|\n|-fieldend|move: Electric Terrain\n|upkeep\n|\n|t:|1701025559\n|switch|p2a: Dunsparce|Dunsparce, F|100\/100\n|turn|6\n|\n|t:|1701025563\n|switch|p1a: SSSReplacement|Garganacl, F, shiny|100\/100\n|move|p2a: Dunsparce|Coil|p2a: Dunsparce\n|-boost|p2a: Dunsparce|atk|1\n|-boost|p2a: Dunsparce|def|1\n|-boost|p2a: Dunsparce|accuracy|1\n|\n|upkeep\n|turn|7\n|\n|t:|1701025572\n|move|p2a: Dunsparce|Headbutt|p1a: SSSReplacement\n|-resisted|p1a: SSSReplacement\n|-damage|p1a: SSSReplacement|88\/100\n|move|p1a: SSSReplacement|Iron Defense|p1a: SSSReplacement\n|-boost|p1a: SSSReplacement|def|2\n|\n|-heal|p1a: SSSReplacement|94\/100|[from] item: Leftovers\n|upkeep\n|turn|8\n|\n|t:|1701025580\n|move|p2a: Dunsparce|Glare|p1a: SSSReplacement\n|-immune|p1a: SSSReplacement|[from] ability: Purifying Salt\n|move|p1a: SSSReplacement|Salt Cure|p2a: Dunsparce\n|-damage|p2a: Dunsparce|86\/100\n|-start|p2a: Dunsparce|Salt Cure\n|\n|-heal|p2a: Dunsparce|93\/100|[from] item: Leftovers\n|-heal|p1a: SSSReplacement|100\/100|[from] item: Leftovers\n|-damage|p2a: Dunsparce|80\/100|[from] Salt Cure\n|upkeep\n|turn|9\n|\n|t:|1701025590\n|move|p2a: Dunsparce|Roost|p2a: Dunsparce\n|-heal|p2a: Dunsparce|100\/100\n|-singleturn|p2a: Dunsparce|move: Roost\n|move|p1a: SSSReplacement|Iron Defense|p1a: SSSReplacement\n|-boost|p1a: SSSReplacement|def|2\n|\n|-damage|p2a: Dunsparce|88\/100|[from] Salt Cure\n|upkeep\n|turn|10\n|\n|t:|1701025597\n|move|p2a: Dunsparce|Headbutt|p1a: SSSReplacement\n|-resisted|p1a: SSSReplacement\n|-damage|p1a: SSSReplacement|97\/100\n|move|p1a: SSSReplacement|Iron Defense|p1a: SSSReplacement\n|-boost|p1a: SSSReplacement|def|2\n|\n|-heal|p2a: Dunsparce|94\/100|[from] item: Leftovers\n|-heal|p1a: SSSReplacement|100\/100|[from] item: Leftovers\n|-damage|p2a: Dunsparce|82\/100|[from] Salt Cure\n|upkeep\n|turn|11\n|\n|t:|1701025606\n|move|p2a: Dunsparce|Coil|p2a: Dunsparce\n|-boost|p2a: Dunsparce|atk|1\n|-boost|p2a: Dunsparce|def|1\n|-boost|p2a: Dunsparce|accuracy|1\n|move|p1a: SSSReplacement|Body Press|p2a: Dunsparce\n|-supereffective|p2a: Dunsparce\n|-damage|p2a: Dunsparce|0 fnt\n|faint|p2a: Dunsparce\n|\n|win|Mr Sarasota\n|raw|Mr Sarasota's rating: 1086 &rarr; <strong>1110<\/strong><br \/>(+24 for winning)\n|raw|VeronicaDiavla's rating: 1040 &rarr; <strong>1026<\/strong><br \/>(-14 for losing)\n","uploadtime":1701025614,"views":0,"p1id":"mrsarasota","p2id":"veronicadiavla","formatid":"gen9anythinggoes","rating":1026,"private":0,"password":""}