{"id":"gen9anythinggoes-1983260127","p1":"Sakuta24","p2":"SuperJabroniBros","format":"[Gen 9] Anything Goes","log":"|j|\u2606Sakuta24\n|j|\u2606SuperJabroniBros\n|t:|1699111510\n|gametype|singles\n|player|p1|Sakuta24|rosa|1375\n|player|p2|SuperJabroniBros|plasmagrunt|1491\n|teamsize|p1|6\n|teamsize|p2|6\n|gen|9\n|tier|[Gen 9] Anything Goes\n|rated|\n|rule|HP Percentage Mod: HP is shown in percentages\n|rule|Endless Battle Clause: Forcing endless battles is banned\n|clearpoke\n|poke|p1|Calyrex-Shadow|\n|poke|p1|Regieleki|\n|poke|p1|Zacian-*|\n|poke|p1|Shaymin-Sky|\n|poke|p1|Ursaluna-Bloodmoon, M|\n|poke|p1|Drifblim, F|\n|poke|p2|Calyrex-Shadow|\n|poke|p2|Koraidon|\n|poke|p2|Zamazenta-*|\n|poke|p2|Arceus-Fairy|\n|poke|p2|Kyogre|\n|poke|p2|Grimmsnarl, M|\n|teampreview\n|inactive|Battle timer is ON: inactive players will automatically lose when time's up. (requested by Sakuta24)\n|inactive|SuperJabroniBros also wants the timer to be on.\n|\n|t:|1699111516\n|start\n|switch|p1a: Zacian|Zacian-Crowned|100\/100\n|switch|p2a: Grimmsnarl|Grimmsnarl, M|100\/100\n|-ability|p1a: Zacian|Intrepid Sword|boost\n|-boost|p1a: Zacian|atk|1\n|turn|1\n|\n|t:|1699111522\n|move|p2a: Grimmsnarl|Parting Shot|p1a: Zacian\n|-unboost|p1a: Zacian|atk|1\n|-unboost|p1a: Zacian|spa|1\n|\n|t:|1699111528\n|switch|p2a: Calyrex|Calyrex-Shadow|100\/100|[from] Parting Shot\n|-ability|p2a: Calyrex|As One\n|-ability|p2a: Calyrex|Unnerve\n|move|p1a: Zacian|Behemoth Blade|p2a: Calyrex\n|-damage|p2a: Calyrex|29\/100\n|\n|upkeep\n|turn|2\n|\n|t:|1699111532\n|switch|p1a: Ursaluna|Ursaluna-Bloodmoon, M|100\/100\n|move|p2a: Calyrex|Astral Barrage|p1a: Ursaluna\n|-immune|p1a: Ursaluna\n|\n|upkeep\n|turn|3\n|\n|t:|1699111537\n|move|p2a: Calyrex|Giga Drain|p1a: Ursaluna\n|-supereffective|p1a: Ursaluna\n|-damage|p1a: Ursaluna|19\/100\n|-heal|p2a: Calyrex|73\/100|[from] drain|[of] p1a: Ursaluna\n|move|p1a: Ursaluna|Snarl|p2a: Calyrex\n|-supereffective|p2a: Calyrex\n|-damage|p2a: Calyrex|0 fnt\n|faint|p2a: Calyrex\n|\n|upkeep\n|\n|t:|1699111547\n|switch|p2a: Kyogre|Kyogre|100\/100\n|-weather|RainDance|[from] ability: Drizzle|[of] p2a: Kyogre\n|turn|4\n|\n|t:|1699111553\n|move|p2a: Kyogre|Water Spout|p1a: Ursaluna\n|-supereffective|p1a: Ursaluna\n|-damage|p1a: Ursaluna|0 fnt\n|faint|p1a: Ursaluna\n|\n|-weather|RainDance|[upkeep]\n|upkeep\n|\n|t:|1699111557\n|switch|p1a: Regieleki|Regieleki, shiny|100\/100\n|turn|5\n|\n|t:|1699111571\n|move|p2a: Kyogre|Water Spout|p1a: Regieleki\n|-enditem|p1a: Regieleki|Focus Sash\n|-damage|p1a: Regieleki|1\/100\n|move|p1a: Regieleki|Thunder Wave|p2a: Kyogre\n|-status|p2a: Kyogre|par\n|\n|-weather|RainDance|[upkeep]\n|upkeep\n|turn|6\n|\n|t:|1699111576\n|move|p1a: Regieleki|Thunderbolt|p2a: Kyogre\n|-supereffective|p2a: Kyogre\n|-damage|p2a: Kyogre|24\/100 par\n|move|p2a: Kyogre|Water Spout|p1a: Regieleki\n|-damage|p1a: Regieleki|0 fnt\n|faint|p1a: Regieleki\n|\n|-weather|RainDance|[upkeep]\n|upkeep\n|\n|t:|1699111583\n|switch|p1a: Zacian|Zacian-Crowned|100\/100\n|turn|7\n|\n|t:|1699111586\n|move|p1a: Zacian|Play Rough|p2a: Kyogre\n|-damage|p2a: Kyogre|0 fnt\n|faint|p2a: Kyogre\n|\n|-weather|RainDance|[upkeep]\n|upkeep\n|\n|t:|1699111590\n|switch|p2a: Grimmsnarl|Grimmsnarl, M|100\/100\n|turn|8\n|\n|t:|1699111596\n|move|p2a: Grimmsnarl|Parting Shot|p1a: Zacian\n|-unboost|p1a: Zacian|atk|1\n|-unboost|p1a: Zacian|spa|1\n|\n|t:|1699111609\n|switch|p2a: Zamazenta|Zamazenta-Crowned|100\/100|[from] Parting Shot\n|-ability|p2a: Zamazenta|Dauntless Shield|boost\n|-boost|p2a: Zamazenta|def|1\n|move|p1a: Zacian|Behemoth Blade|p2a: Zamazenta\n|-resisted|p2a: Zamazenta\n|-damage|p2a: Zamazenta|92\/100\n|\n|-weather|none\n|upkeep\n|turn|9\n|\n|t:|1699111615\n|move|p1a: Zacian|Close Combat|p2a: Zamazenta\n|-supereffective|p2a: Zamazenta\n|-damage|p2a: Zamazenta|62\/100\n|-unboost|p1a: Zacian|def|1\n|-unboost|p1a: Zacian|spd|1\n|move|p2a: Zamazenta|Body Press|p1a: Zacian\n|-damage|p1a: Zacian|19\/100\n|\n|upkeep\n|turn|10\n|\n|t:|1699111634\n|move|p1a: Zacian|Close Combat|p2a: Zamazenta\n|-supereffective|p2a: Zamazenta\n|-damage|p2a: Zamazenta|36\/100\n|-unboost|p1a: Zacian|def|1\n|-unboost|p1a: Zacian|spd|1\n|move|p2a: Zamazenta|Body Press|p1a: Zacian\n|-damage|p1a: Zacian|0 fnt\n|faint|p1a: Zacian\n|\n|upkeep\n|\n|t:|1699111644\n|switch|p1a: Calyrex|Calyrex-Shadow|100\/100\n|-ability|p1a: Calyrex|As One\n|-ability|p1a: Calyrex|Unnerve\n|turn|11\n|\n|t:|1699111653\n|move|p1a: Calyrex|Astral Barrage|p2a: Zamazenta\n|-damage|p2a: Zamazenta|0 fnt\n|faint|p2a: Zamazenta\n|-ability|p1a: Calyrex|Grim Neigh|boost\n|-boost|p1a: Calyrex|spa|1\n|\n|upkeep\n|\n|t:|1699111658\n|switch|p2a: Grimmsnarl|Grimmsnarl, M|100\/100\n|turn|12\n|\n|t:|1699111664\n|move|p2a: Grimmsnarl|Light Screen|p2a: Grimmsnarl\n|-sidestart|p2: SuperJabroniBros|move: Light Screen\n|move|p1a: Calyrex|Taunt|p2a: Grimmsnarl\n|-start|p2a: Grimmsnarl|move: Taunt\n|\n|upkeep\n|turn|13\n|\n|t:|1699111670\n|-terastallize|p1a: Calyrex|Fairy\n|move|p1a: Calyrex|Tera Blast|p2a: Grimmsnarl|[anim] Tera Blast Fairy\n|-supereffective|p2a: Grimmsnarl\n|-damage|p2a: Grimmsnarl|41\/100\n|move|p2a: Grimmsnarl|Spirit Break|p1a: Calyrex\n|-damage|p1a: Calyrex|66\/100\n|-unboost|p1a: Calyrex|spa|1\n|\n|-heal|p2a: Grimmsnarl|47\/100|[from] item: Leftovers\n|upkeep\n|turn|14\n|\n|t:|1699111681\n|move|p1a: Calyrex|Tera Blast|p2a: Grimmsnarl|[anim] Tera Blast Fairy\n|-supereffective|p2a: Grimmsnarl\n|-damage|p2a: Grimmsnarl|8\/100\n|move|p2a: Grimmsnarl|Spirit Break|p1a: Calyrex\n|-damage|p1a: Calyrex|28\/100\n|-unboost|p1a: Calyrex|spa|1\n|\n|-heal|p2a: Grimmsnarl|14\/100|[from] item: Leftovers\n|upkeep\n|turn|15\n|\n|t:|1699111688\n|move|p2a: Grimmsnarl|Sucker Punch|p1a: Calyrex\n|-resisted|p1a: Calyrex\n|-damage|p1a: Calyrex|12\/100\n|move|p1a: Calyrex|Tera Blast|p2a: Grimmsnarl|[anim] Tera Blast Fairy\n|-supereffective|p2a: Grimmsnarl\n|-damage|p2a: Grimmsnarl|0 fnt\n|faint|p2a: Grimmsnarl\n|-ability|p1a: Calyrex|Grim Neigh|boost\n|-boost|p1a: Calyrex|spa|1\n|\n|upkeep\n|\n|t:|1699111694\n|switch|p2a: Arceus|Arceus-Fairy|100\/100\n|turn|16\n|\n|t:|1699111703\n|move|p1a: Calyrex|Tera Blast|p2a: Arceus|[anim] Tera Blast Fairy\n|-damage|p2a: Arceus|82\/100\n|move|p2a: Arceus|Judgment|p1a: Calyrex\n|-damage|p1a: Calyrex|0 fnt\n|faint|p1a: Calyrex\n|\n|-sideend|p2: SuperJabroniBros|move: Light Screen\n|upkeep\n|\n|t:|1699111712\n|switch|p1a: Drifblim|Drifblim, F, shiny|100\/100\n|turn|17\n|\n|t:|1699111718\n|move|p2a: Arceus|Judgment|p1a: Drifblim\n|-damage|p1a: Drifblim|60\/100\n|move|p1a: Drifblim|Minimize|p1a: Drifblim\n|-boost|p1a: Drifblim|evasion|2\n|\n|upkeep\n|turn|18\n|\n|t:|1699111722\n|move|p2a: Arceus|Judgment|p1a: Drifblim\n|-damage|p1a: Drifblim|20\/100\n|-enditem|p1a: Drifblim|Sitrus Berry|[eat]\n|-heal|p1a: Drifblim|45\/100|[from] item: Sitrus Berry\n|move|p1a: Drifblim|Minimize|p1a: Drifblim\n|-boost|p1a: Drifblim|evasion|2\n|\n|upkeep\n|turn|19\n|\n|t:|1699111729\n|move|p1a: Drifblim|Minimize|p1a: Drifblim\n|-boost|p1a: Drifblim|evasion|2\n|move|p2a: Arceus|Judgment|p1a: Drifblim\n|-damage|p1a: Drifblim|2\/100\n|\n|upkeep\n|turn|20\n|\n|t:|1699111738\n|move|p1a: Drifblim|Baton Pass|p1a: Drifblim\n|\n|t:|1699111740\n|switch|p1a: Shaymin|Shaymin-Sky|100\/100|[from] Baton Pass\n|move|p2a: Arceus|Judgment|p1a: Shaymin|[miss]\n|-miss|p2a: Arceus|p1a: Shaymin\n|\n|upkeep\n|turn|21\n|\n|t:|1699111746\n|move|p1a: Shaymin|Substitute|p1a: Shaymin\n|-start|p1a: Shaymin|Substitute\n|-damage|p1a: Shaymin|76\/100\n|move|p2a: Arceus|Calm Mind|p2a: Arceus\n|-boost|p2a: Arceus|spa|1\n|-boost|p2a: Arceus|spd|1\n|\n|upkeep\n|turn|22\n|\n|t:|1699111751\n|move|p1a: Shaymin|Seed Flare|p2a: Arceus|[miss]\n|-miss|p1a: Shaymin|p2a: Arceus\n|move|p2a: Arceus|Calm Mind|p2a: Arceus\n|-boost|p2a: Arceus|spa|1\n|-boost|p2a: Arceus|spd|1\n|\n|upkeep\n|turn|23\n|\n|t:|1699111756\n|move|p1a: Shaymin|Seed Flare|p2a: Arceus\n|-damage|p2a: Arceus|58\/100\n|-unboost|p2a: Arceus|spd|2\n|move|p2a: Arceus|Judgment|p1a: Shaymin\n|-end|p1a: Shaymin|Substitute\n|\n|upkeep\n|turn|24\n|\n|t:|1699111763\n|move|p1a: Shaymin|Air Slash|p2a: Arceus\n|-damage|p2a: Arceus|32\/100\n|move|p2a: Arceus|Judgment|p1a: Shaymin\n|-damage|p1a: Shaymin|0 fnt\n|faint|p1a: Shaymin\n|\n|upkeep\n|\n|t:|1699111767\n|switch|p1a: Drifblim|Drifblim, F, shiny|2\/100\n|turn|25\n|\n|t:|1699111768\n|move|p2a: Arceus|Judgment|p1a: Drifblim\n|-damage|p1a: Drifblim|0 fnt\n|faint|p1a: Drifblim\n|\n|win|SuperJabroniBros\n|raw|Sakuta24's rating: 1375 &rarr; <strong>1361<\/strong><br \/>(-14 for losing)\n|raw|SuperJabroniBros's rating: 1491 &rarr; <strong>1505<\/strong><br \/>(+14 for winning)\n|c|\u2606SuperJabroniBros|Gg\n","uploadtime":1699111780,"views":4,"p1id":"sakuta24","p2id":"superjabronibros","formatid":"gen9anythinggoes","rating":1361,"private":0,"password":""}