{"id":"gen9anythinggoes-1996595326","p1":"Fardulf07","p2":"Josharius","format":"[Gen 9] Anything Goes","log":"|j|\u2606Fardulf07\n|j|\u2606Josharius\n|t:|1700698490\n|gametype|singles\n|player|p1|Fardulf07|gardenia|\n|player|p2|Josharius|ethan|\n|teamsize|p1|6\n|teamsize|p2|6\n|gen|9\n|tier|[Gen 9] Anything Goes\n|rule|HP Percentage Mod: HP is shown in percentages\n|rule|Endless Battle Clause: Forcing endless battles is banned\n|clearpoke\n|poke|p1|Toxapex, M|\n|poke|p1|Garganacl, F|\n|poke|p1|Naclstack, M|\n|poke|p1|Roaring Moon|\n|poke|p1|Ribombee, M|\n|poke|p1|Regieleki|\n|poke|p2|Sandy Shocks|\n|poke|p2|Floatzel, M|\n|poke|p2|Iron Leaves|\n|poke|p2|Klefki, F|\n|poke|p2|Torkoal, M|\n|poke|p2|Lilligant-Hisui, F|\n|teampreview\n|\n|t:|1700698503\n|start\n|switch|p1a: Ribombee|Ribombee, M|100\/100\n|switch|p2a: Surfing Surprise|Floatzel, M|100\/100\n|turn|1\n|\n|t:|1700698509\n|move|p1a: Ribombee|Substitute|p1a: Ribombee\n|-start|p1a: Ribombee|Substitute\n|-damage|p1a: Ribombee|76\/100\n|move|p2a: Surfing Surprise|Bulk Up|p2a: Surfing Surprise\n|-boost|p2a: Surfing Surprise|atk|1\n|-boost|p2a: Surfing Surprise|def|1\n|\n|-heal|p1a: Ribombee|82\/100|[from] item: Leftovers\n|upkeep\n|turn|2\n|\n|t:|1700698516\n|move|p1a: Ribombee|Quiver Dance|p1a: Ribombee\n|-boost|p1a: Ribombee|spa|1\n|-boost|p1a: Ribombee|spd|1\n|-boost|p1a: Ribombee|spe|1\n|move|p2a: Surfing Surprise|Bulk Up|p2a: Surfing Surprise\n|-boost|p2a: Surfing Surprise|atk|1\n|-boost|p2a: Surfing Surprise|def|1\n|\n|-heal|p1a: Ribombee|88\/100|[from] item: Leftovers\n|upkeep\n|turn|3\n|j| caligulahar\n|\n|t:|1700698528\n|move|p1a: Ribombee|Quiver Dance|p1a: Ribombee\n|-boost|p1a: Ribombee|spa|1\n|-boost|p1a: Ribombee|spd|1\n|-boost|p1a: Ribombee|spe|1\n|move|p2a: Surfing Surprise|Ice Spinner|p1a: Ribombee\n|-end|p1a: Ribombee|Substitute\n|\n|-heal|p1a: Ribombee|94\/100|[from] item: Leftovers\n|upkeep\n|turn|4\n|\n|t:|1700698537\n|move|p1a: Ribombee|Substitute|p1a: Ribombee\n|-start|p1a: Ribombee|Substitute\n|-damage|p1a: Ribombee|70\/100\n|move|p2a: Surfing Surprise|Ice Spinner|p1a: Ribombee\n|-end|p1a: Ribombee|Substitute\n|\n|-heal|p1a: Ribombee|76\/100|[from] item: Leftovers\n|upkeep\n|turn|5\n|\n|t:|1700698544\n|move|p1a: Ribombee|Substitute|p1a: Ribombee\n|-start|p1a: Ribombee|Substitute\n|-damage|p1a: Ribombee|51\/100\n|move|p2a: Surfing Surprise|Ice Spinner|p1a: Ribombee\n|-end|p1a: Ribombee|Substitute\n|\n|-heal|p1a: Ribombee|57\/100|[from] item: Leftovers\n|upkeep\n|turn|6\n|\n|t:|1700698552\n|move|p1a: Ribombee|Protect|p1a: Ribombee\n|-singleturn|p1a: Ribombee|Protect\n|move|p2a: Surfing Surprise|Ice Spinner|p1a: Ribombee\n|-activate|p1a: Ribombee|move: Protect\n|\n|-heal|p1a: Ribombee|63\/100|[from] item: Leftovers\n|upkeep\n|turn|7\n|\n|t:|1700698562\n|move|p1a: Ribombee|Substitute|p1a: Ribombee\n|-start|p1a: Ribombee|Substitute\n|-damage|p1a: Ribombee|39\/100\n|move|p2a: Surfing Surprise|Ice Spinner|p1a: Ribombee\n|-end|p1a: Ribombee|Substitute\n|\n|-heal|p1a: Ribombee|45\/100|[from] item: Leftovers\n|upkeep\n|turn|8\n|\n|t:|1700698569\n|move|p1a: Ribombee|Protect|p1a: Ribombee\n|-singleturn|p1a: Ribombee|Protect\n|move|p2a: Surfing Surprise|Ice Spinner|p1a: Ribombee\n|-activate|p1a: Ribombee|move: Protect\n|\n|-heal|p1a: Ribombee|51\/100|[from] item: Leftovers\n|upkeep\n|turn|9\n|\n|t:|1700698578\n|move|p1a: Ribombee|Substitute|p1a: Ribombee\n|-start|p1a: Ribombee|Substitute\n|-damage|p1a: Ribombee|26\/100\n|move|p2a: Surfing Surprise|Ice Spinner|p1a: Ribombee\n|-end|p1a: Ribombee|Substitute\n|\n|-heal|p1a: Ribombee|32\/100|[from] item: Leftovers\n|upkeep\n|turn|10\n|\n|t:|1700698585\n|move|p1a: Ribombee|Protect|p1a: Ribombee\n|-singleturn|p1a: Ribombee|Protect\n|move|p2a: Surfing Surprise|Bulk Up|p2a: Surfing Surprise\n|-boost|p2a: Surfing Surprise|atk|1\n|-boost|p2a: Surfing Surprise|def|1\n|\n|-heal|p1a: Ribombee|39\/100|[from] item: Leftovers\n|upkeep\n|turn|11\n|\n|t:|1700698593\n|move|p1a: Ribombee|Baton Pass|p1a: Ribombee\n|\n|t:|1700698594\n|switch|p1a: Regieleki|Regieleki|100\/100|[from] Baton Pass\n|move|p2a: Surfing Surprise|Ice Spinner|p1a: Regieleki\n|-damage|p1a: Regieleki|0 fnt\n|faint|p1a: Regieleki\n|\n|upkeep\n|\n|t:|1700698616\n|switch|p1a: Naclstack|Naclstack, M|100\/100\n|turn|12\n|\n|t:|1700698622\n|move|p2a: Surfing Surprise|Wave Crash|p1a: Naclstack\n|-supereffective|p1a: Naclstack\n|-damage|p1a: Naclstack|0 fnt\n|faint|p1a: Naclstack\n|-damage|p2a: Surfing Surprise|66\/100|[from] Recoil\n|\n|upkeep\n|\n|t:|1700698627\n|switch|p1a: Garganacl|Garganacl, F|100\/100\n|turn|13\n|\n|t:|1700698639\n|move|p2a: Surfing Surprise|Wave Crash|p1a: Garganacl\n|-supereffective|p1a: Garganacl\n|-crit|p1a: Garganacl\n|-damage|p1a: Garganacl|0 fnt\n|faint|p1a: Garganacl\n|-damage|p2a: Surfing Surprise|24\/100|[from] Recoil\n|\n|upkeep\n|\n|t:|1700698668\n|switch|p1a: Ribombee|Ribombee, M|39\/100\n|turn|14\n|\n|t:|1700698674\n|move|p1a: Ribombee|Substitute|p1a: Ribombee\n|-start|p1a: Ribombee|Substitute\n|-damage|p1a: Ribombee|14\/100\n|move|p2a: Surfing Surprise|Ice Spinner|p1a: Ribombee\n|-end|p1a: Ribombee|Substitute\n|\n|-heal|p1a: Ribombee|20\/100|[from] item: Leftovers\n|upkeep\n|turn|15\n|\n|t:|1700698690\n|move|p1a: Ribombee|Baton Pass|p1a: Ribombee\n|\n|t:|1700698698\n|switch|p1a: Roaring Moon|Roaring Moon|100\/100|[from] Baton Pass\n|-enditem|p1a: Roaring Moon|Booster Energy\n|-activate|p1a: Roaring Moon|ability: Protosynthesis|[fromitem]\n|-start|p1a: Roaring Moon|protosynthesisatk\n|move|p2a: Surfing Surprise|Bulk Up|p2a: Surfing Surprise\n|-boost|p2a: Surfing Surprise|atk|1\n|-boost|p2a: Surfing Surprise|def|1\n|\n|upkeep\n|turn|16\n|\n|t:|1700698708\n|switch|p2a: Seta Kis|Klefki, F|100\/100\n|move|p1a: Roaring Moon|Dragon Claw|p2a: Seta Kis\n|-immune|p2a: Seta Kis\n|\n|upkeep\n|turn|17\n|\n|t:|1700698715\n|-end|p1a: Roaring Moon|Protosynthesis|[silent]\n|switch|p1a: Toxapex|Toxapex, M|100\/100\n|move|p2a: Seta Kis|Play Rough|p1a: Toxapex\n|-resisted|p1a: Toxapex\n|-damage|p1a: Toxapex|90\/100\n|\n|-heal|p1a: Toxapex|96\/100|[from] item: Leftovers\n|upkeep\n|turn|18\n|\n|t:|1700698755\n|switch|p2a: Strikes Thrice|Sandy Shocks|100\/100\n|switch|p1a: Roaring Moon|Roaring Moon|100\/100\n|\n|upkeep\n|turn|19\n|\n|t:|1700698769\n|-end|p2a: Strikes Thrice|Protosynthesis|[silent]\n|switch|p2a: Seta Kis|Klefki, F|100\/100\n|move|p1a: Roaring Moon|Dragon Dance|p1a: Roaring Moon\n|-boost|p1a: Roaring Moon|atk|1\n|-boost|p1a: Roaring Moon|spe|1\n|\n|upkeep\n|turn|20\n|\n|t:|1700698783\n|move|p1a: Roaring Moon|Protect|p1a: Roaring Moon\n|-singleturn|p1a: Roaring Moon|Protect\n|move|p2a: Seta Kis|Play Rough|p1a: Roaring Moon\n|-activate|p1a: Roaring Moon|move: Protect\n|\n|upkeep\n|turn|21\n|\n|t:|1700698805\n|move|p2a: Seta Kis|Thunder Wave|p1a: Roaring Moon\n|-hint|Since gen 7, Dark is immune to Prankster moves.\n|-immune|p1a: Roaring Moon\n|move|p1a: Roaring Moon|Dragon Dance|p1a: Roaring Moon\n|-boost|p1a: Roaring Moon|atk|1\n|-boost|p1a: Roaring Moon|spe|1\n|\n|upkeep\n|turn|22\n|\n|t:|1700698814\n|move|p1a: Roaring Moon|Crunch|p2a: Seta Kis\n|-resisted|p2a: Seta Kis\n|-damage|p2a: Seta Kis|45\/100\n|-unboost|p2a: Seta Kis|def|1\n|move|p2a: Seta Kis|Play Rough|p1a: Roaring Moon\n|-supereffective|p1a: Roaring Moon\n|-damage|p1a: Roaring Moon|0 fnt\n|faint|p1a: Roaring Moon\n|-end|p1a: Roaring Moon|Protosynthesis|[silent]\n|\n|upkeep\n|\n|t:|1700698833\n|switch|p1a: Ribombee|Ribombee, M|20\/100\n|turn|23\n|\n|t:|1700698842\n|move|p1a: Ribombee|Protect|p1a: Ribombee\n|-singleturn|p1a: Ribombee|Protect\n|move|p2a: Seta Kis|Play Rough|p1a: Ribombee\n|-activate|p1a: Ribombee|move: Protect\n|\n|-heal|p1a: Ribombee|26\/100|[from] item: Leftovers\n|upkeep\n|turn|24\n|\n|t:|1700698850\n|switch|p1a: Toxapex|Toxapex, M|100\/100\n|move|p2a: Seta Kis|Thunder Wave|p1a: Toxapex\n|-status|p1a: Toxapex|par\n|\n|upkeep\n|turn|25\n|\n|t:|1700698857\n|switch|p2a: Strikes Thrice|Sandy Shocks|100\/100\n|switch|p1a: Ribombee|Ribombee, M|26\/100\n|\n|-heal|p1a: Ribombee|32\/100|[from] item: Leftovers\n|upkeep\n|turn|26\n|\n|t:|1700698884\n|move|p1a: Ribombee|Quiver Dance|p1a: Ribombee\n|-boost|p1a: Ribombee|spa|1\n|-boost|p1a: Ribombee|spd|1\n|-boost|p1a: Ribombee|spe|1\n|move|p2a: Strikes Thrice|Volt Switch|p1a: Ribombee\n|-damage|p1a: Ribombee|0 fnt\n|faint|p1a: Ribombee\n|\n|t:|1700698895\n|-end|p2a: Strikes Thrice|Protosynthesis|[silent]\n|switch|p2a: Flowing Fighter|Lilligant-Hisui, F|100\/100|[from] Volt Switch\n|\n|upkeep\n|\n|t:|1700698899\n|switch|p1a: Toxapex|Toxapex, M|100\/100 par\n|turn|27\n|\n|t:|1700698910\n|move|p2a: Flowing Fighter|Close Combat|p1a: Toxapex\n|-resisted|p1a: Toxapex\n|-damage|p1a: Toxapex|84\/100 par\n|-unboost|p2a: Flowing Fighter|def|1\n|-unboost|p2a: Flowing Fighter|spd|1\n|move|p1a: Toxapex|Toxic|p2a: Flowing Fighter\n|-status|p2a: Flowing Fighter|tox\n|\n|-heal|p1a: Toxapex|91\/100 par|[from] item: Leftovers\n|-damage|p2a: Flowing Fighter|94\/100 tox|[from] psn\n|upkeep\n|turn|28\n|\n|t:|1700698927\n|move|p2a: Flowing Fighter|Solar Blade||[still]\n|-prepare|p2a: Flowing Fighter|Solar Blade\n|cant|p1a: Toxapex|par\n|\n|-heal|p2a: Flowing Fighter|100\/100 tox|[from] item: Leftovers\n|-heal|p1a: Toxapex|97\/100 par|[from] item: Leftovers\n|-damage|p2a: Flowing Fighter|88\/100 tox|[from] psn\n|upkeep\n|turn|29\n|\n|t:|1700698938\n|move|p2a: Flowing Fighter|Solar Blade|p1a: Toxapex|[from]lockedmove\n|-damage|p1a: Toxapex|61\/100 par\n|move|p1a: Toxapex|Toxic|p2a: Flowing Fighter\n|-fail|p2a: Flowing Fighter|tox\n|\n|-heal|p2a: Flowing Fighter|94\/100 tox|[from] item: Leftovers\n|-heal|p1a: Toxapex|68\/100 par|[from] item: Leftovers\n|-damage|p2a: Flowing Fighter|76\/100 tox|[from] psn\n|upkeep\n|turn|30\n|\n|t:|1700698949\n|move|p2a: Flowing Fighter|Solar Blade||[still]\n|-prepare|p2a: Flowing Fighter|Solar Blade\n|move|p1a: Toxapex|Toxic|p2a: Flowing Fighter\n|-fail|p2a: Flowing Fighter|tox\n|\n|-heal|p2a: Flowing Fighter|82\/100 tox|[from] item: Leftovers\n|-heal|p1a: Toxapex|74\/100 par|[from] item: Leftovers\n|-damage|p2a: Flowing Fighter|58\/100 tox|[from] psn\n|upkeep\n|turn|31\n|-message|Fardulf07 forfeited.\n|\n|win|Josharius\n|l|\u2606Fardulf07\n","uploadtime":1700698970,"views":6,"p1id":"fardulf07","p2id":"josharius","formatid":"gen9anythinggoes","rating":0,"private":0,"password":""}