{"id":"gen9anythinggoes-1994380036","p1":"Luigi3641","p2":"trotman","format":"[Gen 9] Anything Goes","log":"|j|\u2606Luigi3641\n|j|\u2606trotman\n|t:|1700437274\n|gametype|singles\n|player|p1|Luigi3641|juggler|1207\n|player|p2|trotman|brycenman|1272\n|teamsize|p1|6\n|teamsize|p2|6\n|gen|9\n|tier|[Gen 9] Anything Goes\n|rated|\n|rule|HP Percentage Mod: HP is shown in percentages\n|rule|Endless Battle Clause: Forcing endless battles is banned\n|clearpoke\n|poke|p1|Cetitan, F|\n|poke|p1|Frosmoth, M|\n|poke|p1|Toxtricity, M|\n|poke|p1|Meloetta|\n|poke|p1|Zoroark, F|\n|poke|p1|Brute Bonnet|\n|poke|p2|Ogerpon-Cornerstone, F|\n|poke|p2|Sinistcha-Masterpiece|\n|poke|p2|Fezandipiti, M|\n|poke|p2|Landorus-Therian, M|\n|poke|p2|Kyogre|\n|poke|p2|Regieleki|\n|teampreview\n|c|\u2606Luigi3641|Glhf\n|\n|t:|1700437287\n|start\n|switch|p1a: Frosmoth|Frosmoth, M|100\/100\n|switch|p2a: Landorus|Landorus-Therian, M|100\/100\n|-ability|p2a: Landorus|Intimidate|boost\n|-unboost|p1a: Frosmoth|atk|1\n|turn|1\n|\n|t:|1700437305\n|move|p2a: Landorus|Stealth Rock|p1a: Frosmoth\n|-sidestart|p1: Luigi3641|move: Stealth Rock\n|move|p1a: Frosmoth|Blizzard|p2a: Landorus\n|-supereffective|p2a: Landorus\n|-damage|p2a: Landorus|0 fnt\n|faint|p2a: Landorus\n|\n|upkeep\n|\n|t:|1700437313\n|switch|p2a: Ogerpon|Ogerpon-Cornerstone, F|100\/100\n|turn|2\n|\n|t:|1700437332\n|move|p2a: Ogerpon|Ivy Cudgel|p1a: Frosmoth|[anim] Ivy Cudgel Rock\n|-supereffective|p1a: Frosmoth\n|-enditem|p1a: Frosmoth|Focus Sash\n|-damage|p1a: Frosmoth|1\/100\n|move|p1a: Frosmoth|Snowscape|p1a: Frosmoth\n|-weather|Snow\n|\n|-weather|Snow|[upkeep]\n|upkeep\n|turn|3\n|\n|t:|1700437352\n|move|p2a: Ogerpon|Knock Off|p1a: Frosmoth\n|-damage|p1a: Frosmoth|0 fnt\n|faint|p1a: Frosmoth\n|\n|-weather|Snow|[upkeep]\n|upkeep\n|\n|t:|1700437378\n|switch|p1a: Meloetta|Meloetta|100\/100\n|-damage|p1a: Meloetta|88\/100|[from] Stealth Rock\n|turn|4\n|\n|t:|1700437397\n|switch|p2a: Sinistcha|Sinistcha-Masterpiece, shiny|100\/100\n|move|p1a: Meloetta|Relic Song|p2a: Sinistcha\n|-immune|p2a: Sinistcha\n|\n|-weather|Snow|[upkeep]\n|upkeep\n|turn|5\n|\n|t:|1700437407\n|move|p1a: Meloetta|Ice Punch|p2a: Sinistcha\n|-supereffective|p2a: Sinistcha\n|-damage|p2a: Sinistcha|59\/100\n|-damage|p1a: Meloetta|72\/100|[from] item: Rocky Helmet|[of] p2a: Sinistcha\n|move|p2a: Sinistcha|Stun Spore|p1a: Meloetta|[miss]\n|-miss|p2a: Sinistcha|p1a: Meloetta\n|\n|-weather|Snow|[upkeep]\n|upkeep\n|turn|6\n|\n|t:|1700437416\n|switch|p1a: Brute Bonnet|Brute Bonnet|100\/100\n|-damage|p1a: Brute Bonnet|88\/100|[from] Stealth Rock\n|-enditem|p1a: Brute Bonnet|Booster Energy\n|-activate|p1a: Brute Bonnet|ability: Protosynthesis|[fromitem]\n|-start|p1a: Brute Bonnet|protosynthesisatk\n|move|p2a: Sinistcha|Stun Spore|p1a: Brute Bonnet\n|-immune|p1a: Brute Bonnet\n|\n|-weather|none\n|upkeep\n|turn|7\n|\n|t:|1700437427\n|switch|p2a: Fezandipiti|Fezandipiti, M|100\/100\n|move|p1a: Brute Bonnet|Crunch|p2a: Fezandipiti\n|-resisted|p2a: Fezandipiti\n|-damage|p2a: Fezandipiti|80\/100\n|\n|upkeep\n|turn|8\n|\n|t:|1700437436\n|move|p2a: Fezandipiti|Light Screen|p2a: Fezandipiti\n|-sidestart|p2: trotman|move: Light Screen\n|move|p1a: Brute Bonnet|Stomping Tantrum|p2a: Fezandipiti\n|-supereffective|p2a: Fezandipiti\n|-crit|p2a: Fezandipiti\n|-damage|p2a: Fezandipiti|1\/100\n|\n|upkeep\n|turn|9\n|\n|t:|1700437442\n|move|p2a: Fezandipiti|U-turn|p1a: Brute Bonnet\n|-supereffective|p1a: Brute Bonnet\n|-damage|p1a: Brute Bonnet|42\/100\n|\n|t:|1700437452\n|switch|p2a: Sinistcha|Sinistcha-Masterpiece, shiny|59\/100|[from] U-turn\n|move|p1a: Brute Bonnet|Seed Bomb|p2a: Sinistcha\n|-resisted|p2a: Sinistcha\n|-damage|p2a: Sinistcha|32\/100\n|\n|upkeep\n|turn|10\n|\n|t:|1700437460\n|move|p2a: Sinistcha|Strength Sap|p1a: Brute Bonnet\n|-unboost|p1a: Brute Bonnet|atk|1\n|-heal|p2a: Sinistcha|100\/100\n|move|p1a: Brute Bonnet|Crunch|p2a: Sinistcha\n|-supereffective|p2a: Sinistcha\n|-crit|p2a: Sinistcha\n|-damage|p2a: Sinistcha|0 fnt\n|-damage|p1a: Brute Bonnet|25\/100|[from] item: Rocky Helmet|[of] p2a: Sinistcha\n|faint|p2a: Sinistcha\n|\n|upkeep\n|\n|t:|1700437469\n|switch|p2a: Fezandipiti|Fezandipiti, M|1\/100\n|turn|11\n|\n|t:|1700437475\n|move|p2a: Fezandipiti|U-turn|p1a: Brute Bonnet\n|-supereffective|p1a: Brute Bonnet\n|-crit|p1a: Brute Bonnet\n|-damage|p1a: Brute Bonnet|0 fnt\n|faint|p1a: Brute Bonnet\n|-end|p1a: Brute Bonnet|Protosynthesis|[silent]\n|\n|t:|1700437483\n|switch|p2a: Kyogre|Kyogre, shiny|100\/100|[from] U-turn\n|-weather|RainDance|[from] ability: Drizzle|[of] p2a: Kyogre\n|\n|-weather|RainDance|[upkeep]\n|upkeep\n|\n|t:|1700437488\n|switch|p1a: Toxtricity|Toxtricity, M|100\/100\n|-damage|p1a: Toxtricity|88\/100|[from] Stealth Rock\n|turn|12\n|\n|t:|1700437502\n|-terastallize|p2a: Kyogre|Water\n|move|p2a: Kyogre|Water Spout|p1a: Toxtricity\n|-damage|p1a: Toxtricity|0 fnt\n|replace|p1a: Zoroark|Zoroark, F\n|-end|p1a: Zoroark|Illusion\n|faint|p1a: Zoroark\n|\n|-weather|RainDance|[upkeep]\n|upkeep\n|\n|t:|1700437513\n|switch|p1a: Toxtricity|Toxtricity, M|100\/100\n|-damage|p1a: Toxtricity|88\/100|[from] Stealth Rock\n|turn|13\n|\n|t:|1700437540\n|move|p2a: Kyogre|Water Spout|p1a: Toxtricity\n|-damage|p1a: Toxtricity|0 fnt\n|faint|p1a: Toxtricity\n|\n|-weather|RainDance|[upkeep]\n|upkeep\n|\n|t:|1700437542\n|switch|p1a: Cetitan|Cetitan, F|100\/100\n|-damage|p1a: Cetitan|76\/100|[from] Stealth Rock\n|turn|14\n|\n|t:|1700437572\n|move|p2a: Kyogre|Water Spout|p1a: Cetitan\n|-damage|p1a: Cetitan|0 fnt\n|faint|p1a: Cetitan\n|\n|-weather|RainDance|[upkeep]\n|upkeep\n|\n|t:|1700437574\n|switch|p1a: Meloetta|Meloetta|72\/100\n|-damage|p1a: Meloetta|59\/100|[from] Stealth Rock\n|turn|15\n|c|\u2606Luigi3641|gg\n|\n|t:|1700437597\n|move|p2a: Kyogre|Water Spout|p1a: Meloetta\n|-damage|p1a: Meloetta|0 fnt\n|faint|p1a: Meloetta\n|\n|win|trotman\n|raw|Luigi3641's rating: 1207 &rarr; <strong>1187<\/strong><br \/>(-20 for losing)\n|raw|trotman's rating: 1272 &rarr; <strong>1292<\/strong><br \/>(+20 for winning)\n|l|\u2606Luigi3641\n","uploadtime":1700437669,"views":3,"p1id":"luigi3641","p2id":"trotman","formatid":"gen9anythinggoes","rating":1187,"private":0,"password":""}