{"id":"gen9anythinggoes-1998157635","p1":"Fred64303","p2":"Serena1111","format":"[Gen 9] Anything Goes","log":"|j|\u2606Fred64303\n|j|\u2606Serena1111\n|t:|1700902719\n|gametype|singles\n|player|p1|Fred64303|lucas|1287\n|player|p2|Serena1111|serena|1272\n|teamsize|p1|6\n|teamsize|p2|6\n|gen|9\n|tier|[Gen 9] Anything Goes\n|rated|\n|rule|HP Percentage Mod: HP is shown in percentages\n|rule|Endless Battle Clause: Forcing endless battles is banned\n|clearpoke\n|poke|p1|Talonflame, M|\n|poke|p1|Koraidon|\n|poke|p1|Calyrex-Shadow|\n|poke|p1|Eternatus|\n|poke|p1|Miraidon|\n|poke|p1|Meowscarada, M|\n|poke|p2|Annihilape, F|\n|poke|p2|Annihilape, M|\n|poke|p2|Annihilape, F|\n|poke|p2|Annihilape, M|\n|poke|p2|Annihilape, M|\n|poke|p2|Kingambit, M|\n|teampreview\n|inactive|Battle timer is ON: inactive players will automatically lose when time's up. (requested by Fred64303)\n|inactive|Serena1111 also wants the timer to be on.\n|\n|t:|1700902725\n|start\n|switch|p1a: Talonflame|Talonflame, M, shiny|100\/100\n|switch|p2a: \u70ae\u70701\u53f7|Annihilape, F|100\/100\n|turn|1\n|\n|t:|1700902738\n|move|p1a: Talonflame|Fly||[still]\n|-prepare|p1a: Talonflame|Fly\n|move|p2a: \u70ae\u70701\u53f7|Final Gambit|p1a: Talonflame|[miss]\n|-miss|p2a: \u70ae\u70701\u53f7|p1a: Talonflame\n|\n|upkeep\n|turn|2\n|\n|t:|1700902743\n|move|p1a: Talonflame|Fly|p2a: \u70ae\u70701\u53f7|[from]lockedmove\n|-supereffective|p2a: \u70ae\u70701\u53f7\n|-damage|p2a: \u70ae\u70701\u53f7|0 fnt\n|faint|p2a: \u70ae\u70701\u53f7\n|\n|upkeep\n|\n|t:|1700902748\n|switch|p2a: \u70ae\u70702\u53f7|Annihilape, M|100\/100\n|turn|3\n|\n|t:|1700902754\n|move|p1a: Talonflame|Fly||[still]\n|-prepare|p1a: Talonflame|Fly\n|move|p2a: \u70ae\u70702\u53f7|Rage Fist|p1a: Talonflame|[miss]\n|-miss|p2a: \u70ae\u70702\u53f7|p1a: Talonflame\n|\n|upkeep\n|turn|4\n|c|\u2606Fred64303|Lol\n|\n|t:|1700902778\n|move|p1a: Talonflame|Fly|p2a: \u70ae\u70702\u53f7|[from]lockedmove\n|-supereffective|p2a: \u70ae\u70702\u53f7\n|-damage|p2a: \u70ae\u70702\u53f7|0 fnt\n|faint|p2a: \u70ae\u70702\u53f7\n|\n|upkeep\n|\n|t:|1700902780\n|switch|p2a: \u70ae\u70703\u53f7|Annihilape, F|100\/100\n|turn|5\n|\n|t:|1700902799\n|move|p1a: Talonflame|Fly||[still]\n|-prepare|p1a: Talonflame|Fly\n|move|p2a: \u70ae\u70703\u53f7|Rage Fist|p1a: Talonflame|[miss]\n|-miss|p2a: \u70ae\u70703\u53f7|p1a: Talonflame\n|\n|upkeep\n|turn|6\n|c|\u2606Fred64303|Sry for  spaming fly i am bandet\n|inactive|Fred64303 has 120 seconds left.\n|\n|t:|1700902826\n|move|p1a: Talonflame|Fly|p2a: \u70ae\u70703\u53f7|[from]lockedmove\n|-supereffective|p2a: \u70ae\u70703\u53f7\n|-damage|p2a: \u70ae\u70703\u53f7|0 fnt\n|faint|p2a: \u70ae\u70703\u53f7\n|\n|upkeep\n|\n|t:|1700902831\n|switch|p2a: \u70ae\u70704\u53f7|Annihilape, M|100\/100\n|turn|7\n|\n|t:|1700902834\n|move|p1a: Talonflame|Fly||[still]\n|-prepare|p1a: Talonflame|Fly\n|move|p2a: \u70ae\u70704\u53f7|Final Gambit|p1a: Talonflame|[miss]\n|-miss|p2a: \u70ae\u70704\u53f7|p1a: Talonflame\n|\n|upkeep\n|turn|8\n|\n|t:|1700902844\n|move|p1a: Talonflame|Fly|p2a: \u70ae\u70704\u53f7|[from]lockedmove\n|-supereffective|p2a: \u70ae\u70704\u53f7\n|-damage|p2a: \u70ae\u70704\u53f7|0 fnt\n|faint|p2a: \u70ae\u70704\u53f7\n|\n|upkeep\n|\n|t:|1700902846\n|switch|p2a: \u70ae\u70705\u53f7|Annihilape, M|100\/100\n|turn|9\n|\n|t:|1700902855\n|move|p1a: Talonflame|Fly||[still]\n|-prepare|p1a: Talonflame|Fly\n|move|p2a: \u70ae\u70705\u53f7|Final Gambit|p1a: Talonflame|[miss]\n|-miss|p2a: \u70ae\u70705\u53f7|p1a: Talonflame\n|\n|upkeep\n|turn|10\n|\n|t:|1700902860\n|move|p1a: Talonflame|Fly|p2a: \u70ae\u70705\u53f7|[from]lockedmove\n|-supereffective|p2a: \u70ae\u70705\u53f7\n|-damage|p2a: \u70ae\u70705\u53f7|0 fnt\n|faint|p2a: \u70ae\u70705\u53f7\n|\n|upkeep\n|\n|t:|1700902863\n|switch|p2a: \u5927\u5c06|Kingambit, M|100\/100\n|-activate|p2a: \u5927\u5c06|ability: Supreme Overlord\n|-start|p2a: \u5927\u5c06|fallen5|[silent]\n|turn|11\n|\n|t:|1700902869\n|-terastallize|p2a: \u5927\u5c06|Dark\n|move|p1a: Talonflame|Fly||[still]\n|-prepare|p1a: Talonflame|Fly\n|move|p2a: \u5927\u5c06|Swords Dance|p2a: \u5927\u5c06\n|-boost|p2a: \u5927\u5c06|atk|2\n|\n|upkeep\n|turn|12\n|\n|t:|1700902881\n|move|p1a: Talonflame|Fly|p2a: \u5927\u5c06|[from]lockedmove\n|-damage|p2a: \u5927\u5c06|57\/100\n|move|p2a: \u5927\u5c06|Kowtow Cleave|p1a: Talonflame\n|-damage|p1a: Talonflame|0 fnt\n|faint|p1a: Talonflame\n|\n|-heal|p2a: \u5927\u5c06|64\/100|[from] item: Leftovers\n|upkeep\n|\n|t:|1700902892\n|switch|p1a: Koraidon|Koraidon|100\/100\n|-weather|SunnyDay|[from] ability: Orichalcum Pulse|[of] p1a: Koraidon\n|-activate|p1a: Koraidon|Orichalcum Pulse|[source]\n|turn|13\n|\n|t:|1700902897\n|move|p2a: \u5927\u5c06|Sucker Punch|p1a: Koraidon\n|-resisted|p1a: Koraidon\n|-damage|p1a: Koraidon|25\/100\n|move|p1a: Koraidon|Close Combat|p2a: \u5927\u5c06\n|-supereffective|p2a: \u5927\u5c06\n|-damage|p2a: \u5927\u5c06|0 fnt\n|-unboost|p1a: Koraidon|def|1\n|-unboost|p1a: Koraidon|spd|1\n|faint|p2a: \u5927\u5c06\n|-end|p2a: \u5927\u5c06|fallen5|[silent]\n|\n|win|Fred64303\n|raw|Fred64303's rating: 1287 &rarr; <strong>1311<\/strong><br \/>(+24 for winning)\n|raw|Serena1111's rating: 1272 &rarr; <strong>1248<\/strong><br \/>(-24 for losing)\n|l|\u2606Serena1111\n","uploadtime":1700902916,"views":5,"p1id":"fred64303","p2id":"serena1111","formatid":"gen9anythinggoes","rating":1248,"private":0,"password":""}