{"id":"gen9anythinggoes-1977479060","p1":"ItsCapman","p2":"jeremy261","format":"[Gen 9] Anything Goes","log":"|j|\u2606ItsCapman\n|j|\u2606jeremy261\n|t:|1698420558\n|gametype|singles\n|player|p1|ItsCapman|palmer|\n|player|p2|jeremy261|265|\n|teamsize|p1|6\n|teamsize|p2|6\n|gen|9\n|tier|[Gen 9] Anything Goes\n|rule|HP Percentage Mod: HP is shown in percentages\n|rule|Endless Battle Clause: Forcing endless battles is banned\n|clearpoke\n|poke|p1|Cresselia, F|\n|poke|p1|Okidogi, M|\n|poke|p1|Goodra-Hisui, F|\n|poke|p1|Skeledirge, F|\n|poke|p1|Ting-Lu|\n|poke|p1|Electrode-Hisui|\n|poke|p2|Inteleon, M|\n|poke|p2|Iron Valiant|\n|poke|p2|Heatran, M|\n|poke|p2|Hydreigon, F|\n|poke|p2|Munkidori, M|\n|poke|p2|Avalugg-Hisui, M|\n|teampreview\n|inactive|Battle timer is ON: inactive players will automatically lose when time's up. (requested by ItsCapman)\n|inactive|jeremy261 also wants the timer to be on.\n|inactive|ItsCapman no longer wants the timer on, but the timer is staying on because jeremy261 still does.\n|c|\u2606ItsCapman|gl hf ^^\n|inactiveoff|Battle timer is now OFF.\n|\n|t:|1698420604\n|start\n|switch|p1a: Goodra|Goodra-Hisui, F|100\/100\n|switch|p2a: Usopp|Inteleon, M, shiny|100\/100\n|turn|1\n|\n|t:|1698420623\n|move|p2a: Usopp|Substitute|p2a: Usopp\n|-start|p2a: Usopp|Substitute\n|-damage|p2a: Usopp|76\/100\n|move|p1a: Goodra|Knock Off|p2a: Usopp\n|-end|p2a: Usopp|Substitute\n|\n|upkeep\n|turn|2\n|\n|t:|1698420633\n|move|p2a: Usopp|Substitute|p2a: Usopp\n|-start|p2a: Usopp|Substitute\n|-damage|p2a: Usopp|51\/100\n|move|p1a: Goodra|Heavy Slam|p2a: Usopp\n|-resisted|p2a: Usopp\n|-crit|p2a: Usopp\n|-end|p2a: Usopp|Substitute\n|\n|upkeep\n|turn|3\n|\n|t:|1698420642\n|move|p2a: Usopp|Substitute|p2a: Usopp\n|-start|p2a: Usopp|Substitute\n|-damage|p2a: Usopp|26\/100\n|-enditem|p2a: Usopp|Sitrus Berry|[eat]\n|-heal|p2a: Usopp|51\/100|[from] item: Sitrus Berry\n|move|p1a: Goodra|Heavy Slam|p2a: Usopp\n|-resisted|p2a: Usopp\n|-end|p2a: Usopp|Substitute\n|\n|upkeep\n|turn|4\n|\n|t:|1698420659\n|move|p2a: Usopp|Scald|p1a: Goodra\n|-resisted|p1a: Goodra\n|-damage|p1a: Goodra|90\/100\n|move|p1a: Goodra|Heavy Slam|p2a: Usopp\n|-resisted|p2a: Usopp\n|-damage|p2a: Usopp|16\/100\n|\n|upkeep\n|turn|5\n|\n|t:|1698420684\n|switch|p2a: Akainu|Heatran, M, shiny|100\/100\n|move|p1a: Goodra|Heavy Slam|p2a: Akainu\n|-resisted|p2a: Akainu\n|-damage|p2a: Akainu|98\/100\n|\n|-heal|p2a: Akainu|100\/100|[from] item: Leftovers\n|upkeep\n|turn|6\n|\n|t:|1698420698\n|move|p2a: Akainu|Substitute|p2a: Akainu\n|-start|p2a: Akainu|Substitute\n|-damage|p2a: Akainu|76\/100\n|move|p1a: Goodra|Knock Off|p2a: Akainu\n|-activate|p2a: Akainu|move: Substitute|[damage]\n|\n|-heal|p2a: Akainu|82\/100|[from] item: Leftovers\n|upkeep\n|turn|7\n|\n|t:|1698420707\n|switch|p1a: Skeledirge|Skeledirge, F|100\/100\n|move|p2a: Akainu|Stealth Rock|p1a: Skeledirge\n|-sidestart|p1: ItsCapman|move: Stealth Rock\n|\n|-heal|p2a: Akainu|88\/100|[from] item: Leftovers\n|upkeep\n|turn|8\n|\n|t:|1698420725\n|move|p2a: Akainu|Flamethrower|p1a: Skeledirge\n|-resisted|p1a: Skeledirge\n|-damage|p1a: Skeledirge|80\/100\n|move|p1a: Skeledirge|Earth Power|p2a: Akainu\n|-supereffective|p2a: Akainu\n|-end|p2a: Akainu|Substitute\n|\n|-heal|p2a: Akainu|94\/100|[from] item: Leftovers\n|upkeep\n|turn|9\n|\n|t:|1698420736\n|switch|p2a: Teach|Hydreigon, F, shiny|100\/100\n|move|p1a: Skeledirge|Yawn|p2a: Teach\n|-start|p2a: Teach|move: Yawn|[of] p1a: Skeledirge\n|\n|upkeep\n|turn|10\n|\n|t:|1698420749\n|switch|p2a: Franky|Avalugg-Hisui, M, shiny|100\/100\n|move|p1a: Skeledirge|Slack Off|p1a: Skeledirge\n|-heal|p1a: Skeledirge|100\/100\n|\n|upkeep\n|turn|11\n|\n|t:|1698420771\n|switch|p2a: Teach|Hydreigon, F, shiny|100\/100\n|move|p1a: Skeledirge|Torch Song|p2a: Teach\n|-resisted|p2a: Teach\n|-damage|p2a: Teach|84\/100\n|-boost|p1a: Skeledirge|spa|1\n|-enditem|p2a: Teach|Red Card|[of] p1a: Skeledirge\n|drag|p1a: Cresselia|Cresselia, F|100\/100\n|-damage|p1a: Cresselia|88\/100|[from] Stealth Rock\n|\n|-heal|p1a: Cresselia|94\/100|[from] item: Leftovers\n|upkeep\n|turn|12\n|\n|t:|1698420800\n|switch|p2a: Luffy|Munkidori, M|100\/100\n|-terastallize|p1a: Cresselia|Electric\n|move|p1a: Cresselia|Calm Mind|p1a: Cresselia\n|-boost|p1a: Cresselia|spa|1\n|-boost|p1a: Cresselia|spd|1\n|\n|-heal|p1a: Cresselia|99\/100|[from] item: Leftovers\n|upkeep\n|turn|13\n|\n|t:|1698420822\n|move|p2a: Luffy|Trick|p1a: Cresselia\n|-activate|p2a: Luffy|move: Trick|[of] p1a: Cresselia\n|-item|p1a: Cresselia|Choice Scarf|[from] move: Trick\n|-item|p2a: Luffy|Leftovers|[from] move: Trick\n|move|p1a: Cresselia|Tera Blast|p2a: Luffy|[anim] Tera Blast Electric\n|-damage|p2a: Luffy|69\/100\n|\n|-heal|p2a: Luffy|75\/100|[from] item: Leftovers\n|upkeep\n|turn|14\n|\n|t:|1698420836\n|move|p2a: Luffy|Sludge Bomb|p1a: Cresselia\n|-damage|p1a: Cresselia|80\/100\n|move|p1a: Cresselia|Tera Blast|p2a: Luffy|[anim] Tera Blast Electric\n|-damage|p2a: Luffy|38\/100\n|\n|-heal|p2a: Luffy|44\/100|[from] item: Leftovers\n|upkeep\n|turn|15\n|\n|t:|1698420860\n|switch|p1a: Goodra|Goodra-Hisui, F|90\/100\n|-damage|p1a: Goodra|84\/100|[from] Stealth Rock\n|move|p2a: Luffy|Sludge Bomb|p1a: Goodra\n|-immune|p1a: Goodra\n|\n|-heal|p2a: Luffy|50\/100|[from] item: Leftovers\n|upkeep\n|turn|16\n|\n|t:|1698420872\n|move|p2a: Luffy|Parting Shot|p1a: Goodra\n|-unboost|p1a: Goodra|atk|1\n|-unboost|p1a: Goodra|spa|1\n|\n|t:|1698420892\n|switch|p2a: Akainu|Heatran, M, shiny|94\/100|[from] Parting Shot\n|move|p1a: Goodra|Knock Off|p2a: Akainu\n|-damage|p2a: Akainu|86\/100\n|-enditem|p2a: Akainu|Leftovers|[from] move: Knock Off|[of] p1a: Goodra\n|\n|upkeep\n|turn|17\n|\n|t:|1698420914\n|switch|p2a: Teach|Hydreigon, F, shiny|84\/100\n|switch|p1a: Skeledirge|Skeledirge, F|100\/100\n|-damage|p1a: Skeledirge|76\/100|[from] Stealth Rock\n|\n|upkeep\n|turn|18\n|\n|t:|1698420925\n|move|p2a: Teach|Dragon Dance|p2a: Teach\n|-boost|p2a: Teach|atk|1\n|-boost|p2a: Teach|spe|1\n|move|p1a: Skeledirge|Yawn|p2a: Teach\n|-start|p2a: Teach|move: Yawn|[of] p1a: Skeledirge\n|\n|upkeep\n|turn|19\n|\n|t:|1698420945\n|move|p2a: Teach|Crunch|p1a: Skeledirge\n|-supereffective|p1a: Skeledirge\n|-damage|p1a: Skeledirge|34\/100\n|move|p1a: Skeledirge|Torch Song|p2a: Teach\n|-resisted|p2a: Teach\n|-crit|p2a: Teach\n|-damage|p2a: Teach|59\/100\n|-boost|p1a: Skeledirge|spa|1\n|\n|-end|p2a: Teach|move: Yawn|[silent]\n|-status|p2a: Teach|slp\n|upkeep\n|turn|20\n|\n|t:|1698420968\n|switch|p2a: Usopp|Inteleon, M, shiny|16\/100\n|move|p1a: Skeledirge|Torch Song|p2a: Usopp\n|-resisted|p2a: Usopp\n|-damage|p2a: Usopp|0 fnt\n|-boost|p1a: Skeledirge|spa|1\n|faint|p2a: Usopp\n|\n|upkeep\n|\n|t:|1698420988\n|switch|p2a: Luffy|Munkidori, M|50\/100\n|turn|21\n|\n|t:|1698421001\n|move|p2a: Luffy|Psychic|p1a: Skeledirge\n|-damage|p1a: Skeledirge|0 fnt\n|faint|p1a: Skeledirge\n|\n|-heal|p2a: Luffy|56\/100|[from] item: Leftovers\n|upkeep\n|\n|t:|1698421011\n|switch|p1a: Ting-Lu|Ting-Lu|100\/100\n|-damage|p1a: Ting-Lu|94\/100|[from] Stealth Rock\n|-ability|p1a: Ting-Lu|Vessel of Ruin\n|turn|22\n|\n|t:|1698421021\n|move|p2a: Luffy|Parting Shot|p1a: Ting-Lu\n|-unboost|p1a: Ting-Lu|atk|1\n|-unboost|p1a: Ting-Lu|spa|1\n|\n|t:|1698421031\n|switch|p2a: Franky|Avalugg-Hisui, M, shiny|100\/100|[from] Parting Shot\n|move|p1a: Ting-Lu|Earthquake|p2a: Franky\n|-supereffective|p2a: Franky\n|-damage|p2a: Franky|82\/100\n|\n|upkeep\n|turn|23\n|\n|t:|1698421049\n|switch|p1a: Cresselia|Cresselia, F, tera:Electric|80\/100\n|-damage|p1a: Cresselia|68\/100|[from] Stealth Rock\n|-terastallize|p2a: Franky|Fairy\n|move|p2a: Franky|Avalanche|p1a: Cresselia\n|-damage|p1a: Cresselia|54\/100\n|\n|upkeep\n|turn|24\n|\n|t:|1698421072\n|switch|p2a: Akainu|Heatran, M, shiny|86\/100\n|move|p1a: Cresselia|Tera Blast|p2a: Akainu|[anim] Tera Blast Electric\n|-damage|p2a: Akainu|66\/100\n|\n|upkeep\n|turn|25\n|\n|t:|1698421085\n|switch|p1a: Ting-Lu|Ting-Lu|94\/100\n|-damage|p1a: Ting-Lu|88\/100|[from] Stealth Rock\n|-ability|p1a: Ting-Lu|Vessel of Ruin\n|move|p2a: Akainu|Flamethrower|p1a: Ting-Lu\n|-damage|p1a: Ting-Lu|72\/100\n|-enditem|p1a: Ting-Lu|Maranga Berry|[eat]\n|-boost|p1a: Ting-Lu|spd|1|[from] item: Maranga Berry\n|\n|upkeep\n|turn|26\n|\n|t:|1698421110\n|move|p2a: Akainu|Body Press|p1a: Ting-Lu\n|-supereffective|p1a: Ting-Lu\n|-damage|p1a: Ting-Lu|44\/100\n|move|p1a: Ting-Lu|Earthquake|p2a: Akainu\n|-supereffective|p2a: Akainu\n|-damage|p2a: Akainu|0 fnt\n|faint|p2a: Akainu\n|\n|upkeep\n|\n|t:|1698421120\n|switch|p2a: Zorro|Iron Valiant|100\/100\n|-enditem|p2a: Zorro|Booster Energy\n|-activate|p2a: Zorro|ability: Quark Drive|[fromitem]\n|-start|p2a: Zorro|quarkdrivespe\n|turn|27\n|\n|t:|1698421138\n|move|p2a: Zorro|Aura Sphere|p1a: Ting-Lu\n|-supereffective|p1a: Ting-Lu\n|-damage|p1a: Ting-Lu|22\/100\n|move|p1a: Ting-Lu|Rest|p1a: Ting-Lu\n|-status|p1a: Ting-Lu|slp|[from] move: Rest\n|-heal|p1a: Ting-Lu|100\/100 slp|[silent]\n|\n|upkeep\n|turn|28\n|\n|t:|1698421151\n|-end|p2a: Zorro|Quark Drive|[silent]\n|switch|p2a: Teach|Hydreigon, F, shiny|59\/100 slp\n|cant|p1a: Ting-Lu|slp\n|move|p1a: Ting-Lu|Sleep Talk|p1a: Ting-Lu\n|move|p1a: Ting-Lu|Snarl|p2a: Teach|[from]move: Sleep Talk\n|-resisted|p2a: Teach\n|-crit|p2a: Teach\n|-damage|p2a: Teach|51\/100 slp\n|-unboost|p2a: Teach|spa|1\n|\n|upkeep\n|turn|29\n|\n|t:|1698421170\n|switch|p1a: Goodra|Goodra-Hisui, F|84\/100\n|-damage|p1a: Goodra|78\/100|[from] Stealth Rock\n|cant|p2a: Teach|slp\n|\n|upkeep\n|turn|30\n|\n|t:|1698421180\n|switch|p2a: Franky|Avalugg-Hisui, M, shiny, tera:Fairy|82\/100\n|move|p1a: Goodra|Heavy Slam|p2a: Franky\n|-supereffective|p2a: Franky\n|-damage|p2a: Franky|71\/100\n|-damage|p1a: Goodra|61\/100|[from] item: Rocky Helmet|[of] p2a: Franky\n|\n|upkeep\n|turn|31\n|\n|t:|1698421194\n|move|p1a: Goodra|Ice Beam|p2a: Franky\n|-damage|p2a: Franky|27\/100\n|move|p2a: Franky|Rapid Spin|p1a: Goodra\n|-resisted|p1a: Goodra\n|-damage|p1a: Goodra|55\/100\n|-boost|p2a: Franky|spe|1\n|\n|upkeep\n|turn|32\n|\n|t:|1698421213\n|switch|p2a: Zorro|Iron Valiant|100\/100\n|move|p1a: Goodra|Ice Beam|p2a: Zorro\n|-damage|p2a: Zorro|63\/100\n|\n|upkeep\n|turn|33\n|\n|t:|1698421223\n|move|p2a: Zorro|Aura Sphere|p1a: Goodra\n|-supereffective|p1a: Goodra\n|-damage|p1a: Goodra|13\/100\n|-enditem|p1a: Goodra|Wiki Berry|[eat]\n|-heal|p1a: Goodra|47\/100|[from] item: Wiki Berry\n|move|p1a: Goodra|Heavy Slam|p2a: Zorro\n|-supereffective|p2a: Zorro\n|-damage|p2a: Zorro|0 fnt\n|faint|p2a: Zorro\n|-end|p2a: Zorro|Quark Drive|[silent]\n|\n|upkeep\n|\n|t:|1698421240\n|switch|p2a: Luffy|Munkidori, M|56\/100\n|turn|34\n|\n|t:|1698421246\n|move|p2a: Luffy|Psychic|p1a: Goodra\n|-resisted|p1a: Goodra\n|-damage|p1a: Goodra|37\/100\n|move|p1a: Goodra|Knock Off|p2a: Luffy\n|-supereffective|p2a: Luffy\n|-damage|p2a: Luffy|0 fnt\n|-enditem|p2a: Luffy|Leftovers|[from] move: Knock Off|[of] p1a: Goodra\n|faint|p2a: Luffy\n|\n|upkeep\n|\n|t:|1698421255\n|switch|p2a: Teach|Hydreigon, F, shiny|51\/100 slp\n|turn|35\n|\n|t:|1698421260\n|move|p1a: Goodra|Draco Meteor|p2a: Teach\n|-supereffective|p2a: Teach\n|-damage|p2a: Teach|0 fnt\n|-unboost|p1a: Goodra|spa|2\n|faint|p2a: Teach\n|\n|upkeep\n|\n|t:|1698421283\n|switch|p2a: Franky|Avalugg-Hisui, M, shiny, tera:Fairy|27\/100\n|turn|36\n|\n|t:|1698421288\n|move|p1a: Goodra|Ice Beam|p2a: Franky\n|-damage|p2a: Franky|6\/100\n|move|p2a: Franky|Recover|p2a: Franky\n|-heal|p2a: Franky|56\/100\n|\n|upkeep\n|turn|37\n|\n|t:|1698421309\n|switch|p1a: Cresselia|Cresselia, F, tera:Electric|54\/100\n|-damage|p1a: Cresselia|42\/100|[from] Stealth Rock\n|move|p2a: Franky|Recover|p2a: Franky\n|-heal|p2a: Franky|100\/100\n|\n|upkeep\n|turn|38\n|\n|t:|1698421320\n|move|p1a: Cresselia|Tera Blast|p2a: Franky|[anim] Tera Blast Electric\n|-damage|p2a: Franky|57\/100\n|move|p2a: Franky|Avalanche|p1a: Cresselia\n|-damage|p1a: Cresselia|14\/100\n|\n|upkeep\n|turn|39\n|\n|t:|1698421330\n|switch|p1a: Goodra|Goodra-Hisui, F|37\/100\n|-damage|p1a: Goodra|31\/100|[from] Stealth Rock\n|move|p2a: Franky|Avalanche|p1a: Goodra\n|-damage|p1a: Goodra|7\/100\n|\n|upkeep\n|turn|40\n|\n|t:|1698421341\n|move|p1a: Goodra|Ice Beam|p2a: Franky\n|-damage|p2a: Franky|11\/100\n|move|p2a: Franky|Recover|p2a: Franky\n|-heal|p2a: Franky|61\/100\n|\n|upkeep\n|turn|41\n|\n|t:|1698421348\n|move|p1a: Goodra|Ice Beam|p2a: Franky\n|-damage|p2a: Franky|16\/100\n|move|p2a: Franky|Avalanche|p1a: Goodra\n|-damage|p1a: Goodra|0 fnt\n|faint|p1a: Goodra\n|\n|upkeep\n|\n|t:|1698421355\n|switch|p1a: Electrode|Electrode-Hisui|100\/100\n|-damage|p1a: Electrode|88\/100|[from] Stealth Rock\n|turn|42\n|\n|t:|1698421362\n|move|p1a: Electrode|Thunderbolt|p2a: Franky\n|-damage|p2a: Franky|0 fnt\n|faint|p2a: Franky\n|\n|win|ItsCapman\n|c|\u2606ItsCapman|GG\n|l|\u2606jeremy261\n","uploadtime":1698421373,"views":25,"p1id":"itscapman","p2id":"jeremy261","formatid":"gen9anythinggoes","rating":0,"private":0,"password":""}