{"id":"gen9anythinggoes-1978762445","p1":"Dumbfudge","p2":"Ellippo","format":"[Gen 9] Anything Goes","log":"|j|\u2606Dumbfudge\n|j|\u2606Ellippo\n|t:|1698592131\n|gametype|singles\n|player|p1|Dumbfudge|blackbelt-gen4dp|1424\n|player|p2|Ellippo|lance|1596\n|teamsize|p1|6\n|teamsize|p2|6\n|gen|9\n|tier|[Gen 9] Anything Goes\n|rated|\n|rule|HP Percentage Mod: HP is shown in percentages\n|rule|Endless Battle Clause: Forcing endless battles is banned\n|clearpoke\n|poke|p1|Zacian-*|\n|poke|p1|Calyrex-Shadow|\n|poke|p1|Breloom, F|\n|poke|p1|Espathra, M|\n|poke|p1|Grimmsnarl, M|\n|poke|p1|Regieleki|\n|poke|p2|Basculegion, M|\n|poke|p2|Sneasler, M|\n|poke|p2|Calyrex-Shadow|\n|poke|p2|Kyogre|\n|poke|p2|Koraidon|\n|poke|p2|Arceus|\n|teampreview\n|inactive|Battle timer is ON: inactive players will automatically lose when time's up. (requested by Dumbfudge)\n|\n|t:|1698592147\n|start\n|switch|p1a: Grimmsnarl|Grimmsnarl, M|100\/100\n|switch|p2a: Sneasler|Sneasler, M|100\/100\n|turn|1\n|\n|t:|1698592156\n|move|p1a: Grimmsnarl|Reflect|p1a: Grimmsnarl\n|-sidestart|p1: Dumbfudge|Reflect\n|move|p2a: Sneasler|Dire Claw|p1a: Grimmsnarl\n|-supereffective|p1a: Grimmsnarl\n|-damage|p1a: Grimmsnarl|53\/100\n|-status|p1a: Grimmsnarl|psn\n|\n|-damage|p1a: Grimmsnarl|41\/100 psn|[from] psn\n|upkeep\n|turn|2\n|\n|t:|1698592165\n|move|p1a: Grimmsnarl|Light Screen|p1a: Grimmsnarl\n|-sidestart|p1: Dumbfudge|move: Light Screen\n|move|p2a: Sneasler|Dire Claw|p1a: Grimmsnarl\n|-supereffective|p1a: Grimmsnarl\n|-damage|p1a: Grimmsnarl|0 fnt\n|faint|p1a: Grimmsnarl\n|\n|upkeep\n|\n|t:|1698592172\n|switch|p1a: Espathra|Espathra, M|100\/100\n|turn|3\n|\n|t:|1698592178\n|move|p2a: Sneasler|Swords Dance|p2a: Sneasler\n|-boost|p2a: Sneasler|atk|2\n|move|p1a: Espathra|Substitute|p1a: Espathra\n|-start|p1a: Espathra|Substitute\n|-damage|p1a: Espathra|76\/100\n|\n|-ability|p1a: Espathra|Speed Boost|boost\n|-boost|p1a: Espathra|spe|1\n|upkeep\n|turn|4\n|\n|t:|1698592187\n|move|p1a: Espathra|Protect|p1a: Espathra\n|-singleturn|p1a: Espathra|Protect\n|move|p2a: Sneasler|Night Slash|p1a: Espathra\n|-activate|p1a: Espathra|move: Protect\n|\n|-ability|p1a: Espathra|Speed Boost|boost\n|-boost|p1a: Espathra|spe|1\n|upkeep\n|turn|5\n|\n|t:|1698592197\n|move|p1a: Espathra|Baton Pass|p1a: Espathra\n|\n|t:|1698592199\n|switch|p1a: Breloom|Breloom, F|100\/100|[from] Baton Pass\n|move|p2a: Sneasler|Night Slash|p1a: Breloom\n|-resisted|p1a: Breloom\n|-activate|p1a: Breloom|move: Substitute|[damage]\n|\n|upkeep\n|turn|6\n|\n|t:|1698592208\n|move|p1a: Breloom|Spore|p2a: Sneasler\n|-status|p2a: Sneasler|slp|[from] move: Spore\n|cant|p2a: Sneasler|slp\n|\n|upkeep\n|turn|7\n|\n|t:|1698592215\n|switch|p2a: Arceus|Arceus|100\/100\n|move|p1a: Breloom|Leech Seed|p2a: Arceus\n|-start|p2a: Arceus|move: Leech Seed\n|\n|-damage|p2a: Arceus|88\/100|[from] Leech Seed|[of] p1a: Breloom\n|upkeep\n|turn|8\n|\n|t:|1698592223\n|move|p2a: Arceus|Extreme Speed|p1a: Breloom\n|-end|p1a: Breloom|Substitute\n|move|p1a: Breloom|Spore|p2a: Arceus\n|-status|p2a: Arceus|slp|[from] move: Spore\n|\n|-damage|p2a: Arceus|76\/100 slp|[from] Leech Seed|[of] p1a: Breloom\n|-sideend|p1: Dumbfudge|Reflect\n|upkeep\n|turn|9\n|\n|t:|1698592234\n|switch|p2a: Sneasler|Sneasler, M|100\/100 slp\n|move|p1a: Breloom|Substitute|p1a: Breloom\n|-start|p1a: Breloom|Substitute\n|-damage|p1a: Breloom|76\/100\n|\n|-sideend|p1: Dumbfudge|move: Light Screen\n|upkeep\n|turn|10\n|\n|t:|1698592244\n|move|p1a: Breloom|Leech Seed|p2a: Sneasler\n|-start|p2a: Sneasler|move: Leech Seed\n|-curestatus|p2a: Sneasler|slp|[msg]\n|move|p2a: Sneasler|Dire Claw|p1a: Breloom\n|-supereffective|p1a: Breloom\n|-end|p1a: Breloom|Substitute\n|\n|-damage|p2a: Sneasler|88\/100|[from] Leech Seed|[of] p1a: Breloom\n|-heal|p1a: Breloom|90\/100|[silent]\n|upkeep\n|turn|11\n|\n|t:|1698592254\n|move|p1a: Breloom|Spore|p2a: Sneasler\n|-status|p2a: Sneasler|slp|[from] move: Spore\n|cant|p2a: Sneasler|slp\n|\n|-damage|p2a: Sneasler|76\/100 slp|[from] Leech Seed|[of] p1a: Breloom\n|-heal|p1a: Breloom|100\/100|[silent]\n|upkeep\n|turn|12\n|\n|t:|1698592262\n|switch|p2a: Koraidon|Koraidon|100\/100\n|-weather|SunnyDay|[from] ability: Orichalcum Pulse|[of] p2a: Koraidon\n|-activate|p2a: Koraidon|Orichalcum Pulse|[source]\n|move|p1a: Breloom|Substitute|p1a: Breloom\n|-start|p1a: Breloom|Substitute\n|-damage|p1a: Breloom|76\/100\n|\n|-weather|SunnyDay|[upkeep]\n|upkeep\n|turn|13\n|\n|t:|1698592271\n|move|p2a: Koraidon|Flare Blitz|p1a: Breloom\n|-supereffective|p1a: Breloom\n|-end|p1a: Breloom|Substitute\n|-damage|p2a: Koraidon|94\/100|[from] Recoil|[of] p1a: Breloom\n|move|p1a: Breloom|Spore|p2a: Koraidon\n|-status|p2a: Koraidon|slp|[from] move: Spore\n|\n|-weather|SunnyDay|[upkeep]\n|upkeep\n|turn|14\n|\n|t:|1698592282\n|switch|p2a: Sneasler|Sneasler, M|76\/100 slp\n|move|p1a: Breloom|Substitute|p1a: Breloom\n|-start|p1a: Breloom|Substitute\n|-damage|p1a: Breloom|51\/100\n|\n|-weather|SunnyDay|[upkeep]\n|upkeep\n|turn|15\n|inactive|Ellippo has 120 seconds left.\n|\n|t:|1698592314\n|-singleturn|p1a: Breloom|move: Focus Punch\n|cant|p2a: Sneasler|slp\n|move|p1a: Breloom|Focus Punch|p2a: Sneasler\n|-resisted|p2a: Sneasler\n|-damage|p2a: Sneasler|24\/100 slp\n|\n|-weather|SunnyDay|[upkeep]\n|upkeep\n|turn|16\n|\n|t:|1698592323\n|-singleturn|p1a: Breloom|move: Focus Punch\n|-curestatus|p2a: Sneasler|slp|[msg]\n|move|p2a: Sneasler|Dire Claw|p1a: Breloom\n|-supereffective|p1a: Breloom\n|-end|p1a: Breloom|Substitute\n|move|p1a: Breloom|Focus Punch|p2a: Sneasler\n|-resisted|p2a: Sneasler\n|-damage|p2a: Sneasler|0 fnt\n|faint|p2a: Sneasler\n|\n|-weather|none\n|upkeep\n|inactive|Ellippo has 120 seconds left.\n|\n|t:|1698592347\n|switch|p2a: Kyogre|Kyogre|100\/100\n|-weather|RainDance|[from] ability: Drizzle|[of] p2a: Kyogre\n|turn|17\n|\n|t:|1698592352\n|move|p1a: Breloom|Spore|p2a: Kyogre\n|-status|p2a: Kyogre|slp|[from] move: Spore\n|cant|p2a: Kyogre|slp\n|\n|-weather|RainDance|[upkeep]\n|upkeep\n|turn|18\n|\n|t:|1698592359\n|switch|p2a: Basculegion|Basculegion, M, shiny|100\/100\n|move|p1a: Breloom|Substitute|p1a: Breloom\n|-start|p1a: Breloom|Substitute\n|-damage|p1a: Breloom|26\/100\n|\n|-weather|RainDance|[upkeep]\n|upkeep\n|turn|19\n|\n|t:|1698592367\n|switch|p2a: Kyogre|Kyogre|100\/100 slp\n|move|p1a: Breloom|Spore|p2a: Kyogre\n|-fail|p2a: Kyogre|slp\n|\n|-weather|RainDance|[upkeep]\n|upkeep\n|turn|20\n|c|\u2606Dumbfudge|You should have used koraidon\n|\n|t:|1698592384\n|move|p1a: Breloom|Leech Seed|p2a: Kyogre\n|-start|p2a: Kyogre|move: Leech Seed\n|cant|p2a: Kyogre|slp\n|\n|-weather|RainDance|[upkeep]\n|-damage|p2a: Kyogre|88\/100 slp|[from] Leech Seed|[of] p1a: Breloom\n|-heal|p1a: Breloom|42\/100|[silent]\n|upkeep\n|turn|21\n|\n|t:|1698592392\n|switch|p2a: Arceus|Arceus|76\/100 slp\n|-singleturn|p1a: Breloom|move: Focus Punch\n|move|p1a: Breloom|Focus Punch|p2a: Arceus\n|-supereffective|p2a: Arceus\n|-damage|p2a: Arceus|0 fnt\n|faint|p2a: Arceus\n|\n|-weather|none\n|upkeep\n|\n|t:|1698592403\n|switch|p2a: Koraidon|Koraidon|94\/100 slp\n|-weather|SunnyDay|[from] ability: Orichalcum Pulse|[of] p2a: Koraidon\n|-activate|p2a: Koraidon|Orichalcum Pulse|[source]\n|turn|22\n|\n|t:|1698592408\n|cant|p2a: Koraidon|slp\n|move|p1a: Breloom|Leech Seed|p2a: Koraidon\n|-start|p2a: Koraidon|move: Leech Seed\n|\n|-weather|SunnyDay|[upkeep]\n|-damage|p2a: Koraidon|82\/100 slp|[from] Leech Seed|[of] p1a: Breloom\n|-heal|p1a: Breloom|58\/100|[silent]\n|upkeep\n|turn|23\n|\n|t:|1698592416\n|switch|p2a: Kyogre|Kyogre|88\/100 slp\n|-weather|RainDance|[from] ability: Drizzle|[of] p2a: Kyogre\n|-singleturn|p1a: Breloom|move: Focus Punch\n|move|p1a: Breloom|Focus Punch|p2a: Kyogre\n|-damage|p2a: Kyogre|25\/100 slp\n|\n|-weather|RainDance|[upkeep]\n|upkeep\n|turn|24\n|\n|t:|1698592426\n|-singleturn|p1a: Breloom|move: Focus Punch\n|-curestatus|p2a: Kyogre|slp|[msg]\n|move|p2a: Kyogre|Ice Beam|p1a: Breloom\n|-supereffective|p1a: Breloom\n|-end|p1a: Breloom|Substitute\n|move|p1a: Breloom|Focus Punch|p2a: Kyogre\n|-damage|p2a: Kyogre|0 fnt\n|faint|p2a: Kyogre\n|\n|-weather|RainDance|[upkeep]\n|upkeep\n|\n|t:|1698592436\n|switch|p2a: Basculegion|Basculegion, M, shiny|100\/100\n|turn|25\n|\n|t:|1698592440\n|move|p2a: Basculegion|Last Respects|p1a: Breloom\n|-crit|p1a: Breloom\n|-damage|p1a: Breloom|0 fnt\n|faint|p1a: Breloom\n|\n|-weather|RainDance|[upkeep]\n|upkeep\n|inactive|Dumbfudge has 120 seconds left.\n|c|\u2606Dumbfudge|Does last respect have priority\n|\n|t:|1698592480\n|switch|p1a: Calyrex|Calyrex-Shadow|100\/100\n|-ability|p1a: Calyrex|As One\n|-ability|p1a: Calyrex|Unnerve\n|turn|26\n|inactive|Dumbfudge has 120 seconds left.\n|\n|t:|1698592488\n|move|p2a: Basculegion|Last Respects|p1a: Calyrex\n|-supereffective|p1a: Calyrex\n|-enditem|p1a: Calyrex|Focus Sash\n|-damage|p1a: Calyrex|1\/100\n|move|p1a: Calyrex|Astral Barrage|p2a: Basculegion\n|-supereffective|p2a: Basculegion\n|-damage|p2a: Basculegion|0 fnt\n|faint|p2a: Basculegion\n|-ability|p1a: Calyrex|Grim Neigh|boost\n|-boost|p1a: Calyrex|spa|1\n|\n|-weather|RainDance|[upkeep]\n|upkeep\n|\n|t:|1698592500\n|switch|p2a: Koraidon|Koraidon|82\/100 slp\n|-weather|SunnyDay|[from] ability: Orichalcum Pulse|[of] p2a: Koraidon\n|-activate|p2a: Koraidon|Orichalcum Pulse|[source]\n|turn|27\n|\n|t:|1698592505\n|cant|p2a: Koraidon|slp\n|move|p1a: Calyrex|Astral Barrage|p2a: Koraidon\n|-damage|p2a: Koraidon|0 fnt\n|faint|p2a: Koraidon\n|-ability|p1a: Calyrex|Grim Neigh|boost\n|-boost|p1a: Calyrex|spa|1\n|\n|-weather|SunnyDay|[upkeep]\n|upkeep\n|c|\u2606Ellippo|no priority\n|\n|t:|1698592513\n|switch|p2a: Calyrex|Calyrex-Shadow|100\/100\n|-ability|p2a: Calyrex|As One\n|-ability|p2a: Calyrex|Unnerve\n|turn|28\n|\n|t:|1698592523\n|-terastallize|p1a: Calyrex|Normal\n|move|p2a: Calyrex|Psychic|p1a: Calyrex\n|-damage|p1a: Calyrex|0 fnt\n|faint|p1a: Calyrex\n|-ability|p2a: Calyrex|Grim Neigh|boost\n|-boost|p2a: Calyrex|spa|1\n|\n|-weather|SunnyDay|[upkeep]\n|upkeep\n|\n|t:|1698592541\n|switch|p1a: Regieleki|Regieleki|100\/100\n|turn|29\n|\n|t:|1698592551\n|move|p1a: Regieleki|Thunder Wave|p2a: Calyrex\n|-status|p2a: Calyrex|par\n|move|p2a: Calyrex|Astral Barrage|p1a: Regieleki\n|-damage|p1a: Regieleki|0 fnt\n|faint|p1a: Regieleki\n|-ability|p2a: Calyrex|Grim Neigh|boost\n|-boost|p2a: Calyrex|spa|1\n|\n|-weather|SunnyDay|[upkeep]\n|upkeep\n|c|\u2606Ellippo|choice scarf + swift swim\n|\n|t:|1698592566\n|switch|p1a: Zacian|Zacian-Crowned|100\/100\n|-ability|p1a: Zacian|Intrepid Sword|boost\n|-boost|p1a: Zacian|atk|1\n|turn|30\n|\n|t:|1698592573\n|move|p1a: Zacian|Behemoth Blade|p2a: Calyrex\n|-enditem|p2a: Calyrex|Focus Sash\n|-damage|p2a: Calyrex|1\/100 par\n|cant|p2a: Calyrex|par\n|\n|-weather|SunnyDay|[upkeep]\n|upkeep\n|turn|31\n|c|\u2606Ellippo|gg\n|c|\u2606Ellippo|but spore is very boring strat\n|\n|t:|1698592589\n|move|p1a: Zacian|Behemoth Blade|p2a: Calyrex\n|-damage|p2a: Calyrex|0 fnt\n|faint|p2a: Calyrex\n|\n|win|Dumbfudge\n|raw|Dumbfudge's rating: 1424 &rarr; <strong>1453<\/strong><br \/>(+29 for winning)\n|raw|Ellippo's rating: 1596 &rarr; <strong>1567<\/strong><br \/>(-29 for losing)\n|l|\u2606Ellippo\n|c|\u2606Dumbfudge|I see ok\n","uploadtime":1698592619,"views":8,"p1id":"dumbfudge","p2id":"ellippo","formatid":"gen9anythinggoes","rating":1453,"private":0,"password":""}