{"id":"gen9anythinggoes-1986354977","p1":"beyondXneuxs","p2":"iuhihiuhih","format":"[Gen 9] Anything Goes","log":"|j|\u2606beyondXneuxs\n|j|\u2606iuhihiuhih\n|t:|1699471842\n|gametype|singles\n|player|p1|beyondXneuxs|1|1052\n|player|p2|iuhihiuhih|1|1000\n|teamsize|p1|6\n|teamsize|p2|6\n|gen|9\n|tier|[Gen 9] Anything Goes\n|rated|\n|rule|HP Percentage Mod: HP is shown in percentages\n|rule|Endless Battle Clause: Forcing endless battles is banned\n|clearpoke\n|poke|p1|Drifblim, M|\n|poke|p1|Gliscor, F|\n|poke|p1|Dudunsparce-*, F|\n|poke|p1|Cetitan, M|\n|poke|p1|Cloyster, M|\n|poke|p1|Zacian-*|\n|poke|p2|Arceus|\n|poke|p2|Koraidon|\n|poke|p2|Miraidon|\n|poke|p2|Calyrex-Shadow|\n|poke|p2|Ting-Lu|\n|poke|p2|Toxapex, F|\n|teampreview\n|inactive|Battle timer is ON: inactive players will automatically lose when time's up. (requested by iuhihiuhih)\n|inactive|iuhihiuhih has 120 seconds left.\n|c|\u2606beyondXneuxs|legendarys and psuedo legendarys?\n|n|\u2606iuhihiuhih|iuhihiuhih\n|c|\u2606iuhihiuhih|are you blind\n|\n|t:|1699471896\n|start\n|switch|p1a: Balloons TD3|Drifblim, M, shiny|100\/100\n|switch|p2a: Ting-Lu|Ting-Lu|100\/100\n|-ability|p2a: Ting-Lu|Vessel of Ruin\n|turn|1\n|c|\u2606beyondXneuxs|yes\n|c|\u2606beyondXneuxs|i legaly am\n|c|\u2606iuhihiuhih|i only have legendaries\n|\n|t:|1699471912\n|move|p1a: Balloons TD3|Substitute|p1a: Balloons TD3\n|-start|p1a: Balloons TD3|Substitute\n|-damage|p1a: Balloons TD3|75\/100\n|move|p2a: Ting-Lu|Spikes|p1a: Balloons TD3\n|-sidestart|p1: beyondXneuxs|Spikes\n|\n|-heal|p1a: Balloons TD3|82\/100|[from] item: Leftovers\n|upkeep\n|turn|2\n|c|\u2606beyondXneuxs|toxapex aint legendary\n|\n|t:|1699471921\n|move|p1a: Balloons TD3|Minimize|p1a: Balloons TD3\n|-boost|p1a: Balloons TD3|evasion|2\n|move|p2a: Ting-Lu|Spikes|p1a: Balloons TD3\n|-sidestart|p1: beyondXneuxs|Spikes\n|\n|-heal|p1a: Balloons TD3|88\/100|[from] item: Leftovers\n|upkeep\n|turn|3\n|c|\u2606beyondXneuxs|its a psuedo\n|\n|t:|1699471930\n|move|p1a: Balloons TD3|Minimize|p1a: Balloons TD3\n|-boost|p1a: Balloons TD3|evasion|2\n|move|p2a: Ting-Lu|Spikes|p1a: Balloons TD3\n|-sidestart|p1: beyondXneuxs|Spikes\n|\n|-heal|p1a: Balloons TD3|94\/100|[from] item: Leftovers\n|upkeep\n|turn|4\n|\n|t:|1699471939\n|move|p1a: Balloons TD3|Minimize|p1a: Balloons TD3\n|-boost|p1a: Balloons TD3|evasion|2\n|move|p2a: Ting-Lu|Ruination|p1a: Balloons TD3|[miss]\n|-miss|p2a: Ting-Lu|p1a: Balloons TD3\n|\n|-heal|p1a: Balloons TD3|99\/100|[from] item: Leftovers\n|upkeep\n|turn|5\n|c|\u2606iuhihiuhih|uh sure\n|c|\u2606iuhihiuhih|wait what do i do now\n|inactive|iuhihiuhih has 120 seconds left.\n|c|\u2606beyondXneuxs|hurry up\n|c|\u2606iuhihiuhih|ok\n|inactive|iuhihiuhih has 90 seconds left.\n|c|\u2606iuhihiuhih|i'm jakin off wait\n|c|\u2606beyondXneuxs|bro what\n|c|\u2606iuhihiuhih|striking mi dong\n|c|\u2606beyondXneuxs|thats weird\n|inactive|iuhihiuhih has 60 seconds left.\n|c|\u2606iuhihiuhih|i love your pokemon\n|c|\u2606iuhihiuhih|AH YES\n|c|\u2606iuhihiuhih|OHNOHGOIUQAKJD\n|c|\u2606beyondXneuxs|thats mad gay\n|inactive|iuhihiuhih has 30 seconds left.\n|c|\u2606iuhihiuhih|im not gay\n|c|\u2606iuhihiuhih|i like your pokenmon\n|inactive|iuhihiuhih has 20 seconds left.\n|inactive|iuhihiuhih has 15 seconds left.\n|inactive|iuhihiuhih has 10 seconds left.\n|\n|t:|1699472080\n|move|p1a: Balloons TD3|Calm Mind|p1a: Balloons TD3\n|-boost|p1a: Balloons TD3|spa|1\n|-boost|p1a: Balloons TD3|spd|1\n|move|p2a: Ting-Lu|Whirlwind|p1a: Balloons TD3\n|drag|p1a: Dionsaur|Cetitan, M, shiny|100\/100\n|-damage|p1a: Dionsaur|75\/100|[from] Spikes\n|\n|-heal|p1a: Dionsaur|82\/100|[from] item: Leftovers\n|upkeep\n|turn|6\n|inactive|iuhihiuhih has 20 seconds left this turn.\n|inactive|iuhihiuhih has 15 seconds left.\n|c|\u2606iuhihiuhih|and free points too\n|inactive|iuhihiuhih has 10 seconds left.\n|\n|t:|1699472100\n|move|p1a: Dionsaur|Snowscape|p1a: Dionsaur\n|-weather|Snow\n|move|p2a: Ting-Lu|Whirlwind|p1a: Dionsaur\n|drag|p1a: Sword dog|Zacian-Crowned, shiny|100\/100\n|-damage|p1a: Sword dog|76\/100|[from] Spikes\n|-ability|p1a: Sword dog|Intrepid Sword|boost\n|-boost|p1a: Sword dog|atk|1\n|\n|-weather|Snow|[upkeep]\n|upkeep\n|turn|7\n|inactive|iuhihiuhih has 20 seconds left this turn.\n|inactive|iuhihiuhih has 15 seconds left.\n|\n|t:|1699472111\n|switch|p2a: Toxapex|Toxapex, F|100\/100\n|move|p1a: Sword dog|Close Combat|p2a: Toxapex\n|-resisted|p2a: Toxapex\n|-damage|p2a: Toxapex|79\/100\n|-unboost|p1a: Sword dog|def|1\n|-unboost|p1a: Sword dog|spd|1\n|-damage|p1a: Sword dog|59\/100|[from] item: Rocky Helmet|[of] p2a: Toxapex\n|\n|-weather|Snow|[upkeep]\n|upkeep\n|turn|8\n|inactive|iuhihiuhih has 25 seconds left this turn.\n|inactive|iuhihiuhih has 20 seconds left.\n|c|\u2606iuhihiuhih|oh noes Zacianz :(\n|n|\u203diuhihiuhih|iuhihiuhih\n|inactive|iuhihiuhih has 15 seconds left.\n|\n|t:|1699472133\n|switch|p1a: Slugma rock|Dudunsparce-Three-Segment, F, shiny|100\/100\n|-damage|p1a: Slugma rock|75\/100|[from] Spikes\n|move|p2a: Toxapex|Haze|p2a: Toxapex\n|-clearallboost\n|\n|-weather|Snow|[upkeep]\n|-heal|p1a: Slugma rock|82\/100|[from] item: Leftovers\n|upkeep\n|turn|9\n|inactive|iuhihiuhih has 25 seconds left this turn.\n|inactive|iuhihiuhih has 20 seconds left.\n|\n|t:|1699472142\n|move|p1a: Slugma rock|Glare|p2a: Toxapex\n|-status|p2a: Toxapex|par\n|move|p2a: Toxapex|Toxic Spikes|p1a: Slugma rock\n|-sidestart|p1: beyondXneuxs|move: Toxic Spikes\n|\n|-weather|Snow|[upkeep]\n|-heal|p1a: Slugma rock|88\/100|[from] item: Leftovers\n|upkeep\n|turn|10\n|inactive|iuhihiuhih has 30 seconds left this turn.\n|\n|t:|1699472150\n|switch|p2a: Calyrex|Calyrex-Shadow|100\/100\n|-ability|p2a: Calyrex|As One\n|-ability|p2a: Calyrex|Unnerve\n|move|p1a: Slugma rock|Headbutt|p2a: Calyrex\n|-immune|p2a: Calyrex\n|\n|-weather|none\n|-heal|p1a: Slugma rock|94\/100|[from] item: Leftovers\n|upkeep\n|turn|11\n|inactive|iuhihiuhih has 30 seconds left.\n|\n|t:|1699472159\n|move|p2a: Calyrex|Encore|p1a: Slugma rock\n|-start|p1a: Slugma rock|Encore\n|move|p1a: Slugma rock|Headbutt|p2a: Calyrex\n|-immune|p2a: Calyrex\n|\n|-heal|p1a: Slugma rock|100\/100|[from] item: Leftovers\n|upkeep\n|turn|12\n|c|\u2606beyondXneuxs|:(\n|\n|t:|1699472174\n|switch|p1a: Clam Chowder|Cloyster, M, shiny|100\/100\n|-damage|p1a: Clam Chowder|76\/100|[from] Spikes\n|-status|p1a: Clam Chowder|psn\n|move|p2a: Calyrex|Nasty Plot|p2a: Calyrex\n|-boost|p2a: Calyrex|spa|2\n|\n|-damage|p1a: Clam Chowder|63\/100 psn|[from] psn\n|upkeep\n|turn|13\n|\n|t:|1699472187\n|move|p2a: Calyrex|Astral Barrage|p1a: Clam Chowder\n|-damage|p1a: Clam Chowder|0 fnt\n|faint|p1a: Clam Chowder\n|-ability|p2a: Calyrex|Grim Neigh|boost\n|-boost|p2a: Calyrex|spa|1\n|\n|upkeep\n|\n|t:|1699472195\n|switch|p1a: Crab Bat|Gliscor, F, shiny|100\/100\n|turn|14\n|\n|t:|1699472201\n|move|p2a: Calyrex|Astral Barrage|p1a: Crab Bat\n|-damage|p1a: Crab Bat|0 fnt\n|faint|p1a: Crab Bat\n|-ability|p2a: Calyrex|Grim Neigh|boost\n|-boost|p2a: Calyrex|spa|1\n|\n|upkeep\n|c|\u2606beyondXneuxs|bro what\n|\n|t:|1699472213\n|switch|p1a: Sword dog|Zacian-Crowned, shiny|59\/100\n|-damage|p1a: Sword dog|34\/100|[from] Spikes\n|turn|15\n|\n|t:|1699472219\n|-terastallize|p1a: Sword dog|Fire\n|move|p2a: Calyrex|Astral Barrage|p1a: Sword dog\n|-damage|p1a: Sword dog|0 fnt\n|faint|p1a: Sword dog\n|-ability|p2a: Calyrex|Grim Neigh|boost\n|-boost|p2a: Calyrex|spa|1\n|\n|upkeep\n|-message|beyondXneuxs forfeited.\n|\n|win|iuhihiuhih\n|raw|beyondXneuxs's rating: 1052 &rarr; <strong>1032<\/strong><br \/>(-20 for losing)\n|raw|iuhihiuhih's rating: 1000 &rarr; <strong>1046<\/strong><br \/>(+46 for winning)\n|l|\u2606beyondXneuxs\n","uploadtime":1699472090,"views":4,"p1id":"beyondxneuxs","p2id":"iuhihiuhih","formatid":"gen9anythinggoes","rating":1032,"private":0,"password":""}