{"id":"gen9anythinggoes-1998693765","p1":"Lageon","p2":"Jangod67","format":"[Gen 9] Anything Goes","log":"|j|\u2606Lageon\n|j|\u2606Jangod67\n|t:|1700973524\n|gametype|singles\n|player|p1|Lageon|265|\n|player|p2|Jangod67|170|\n|teamsize|p1|6\n|teamsize|p2|6\n|gen|9\n|tier|[Gen 9] Anything Goes\n|rule|HP Percentage Mod: HP is shown in percentages\n|rule|Endless Battle Clause: Forcing endless battles is banned\n|clearpoke\n|poke|p1|Pelipper, M|\n|poke|p1|Goodra-Hisui, F|\n|poke|p1|Rotom-Wash|\n|poke|p1|Kilowattrel, F|\n|poke|p1|Basculegion, M|\n|poke|p1|Scizor, M|\n|poke|p2|Gliscor, M|\n|poke|p2|Manaphy|\n|poke|p2|Kingambit, M|\n|poke|p2|Sinistcha|\n|poke|p2|Alomomola, M|\n|poke|p2|Ninetales-Alola, F|\n|teampreview\n|\n|t:|1700973539\n|start\n|switch|p1a: Mascot|Pelipper, M, shiny|100\/100\n|switch|p2a: Alomomola|Alomomola, M|100\/100\n|-weather|RainDance|[from] ability: Drizzle|[of] p1a: Mascot\n|turn|1\n|\n|t:|1700973550\n|move|p1a: Mascot|U-turn|p2a: Alomomola\n|-damage|p2a: Alomomola|93\/100\n|\n|t:|1700973554\n|switch|p1a: Spin Cycle|Rotom-Wash, shiny|100\/100|[from] U-turn\n|move|p2a: Alomomola|Flip Turn|p1a: Spin Cycle\n|-resisted|p1a: Spin Cycle\n|-crit|p1a: Spin Cycle\n|-damage|p1a: Spin Cycle|81\/100\n|\n|t:|1700973559\n|switch|p2a: Ninetales|Ninetales-Alola, F|100\/100|[from] Flip Turn\n|-weather|Snow|[from] ability: Snow Warning|[of] p2a: Ninetales\n|\n|-weather|Snow|[upkeep]\n|-heal|p1a: Spin Cycle|88\/100|[from] item: Leftovers\n|upkeep\n|turn|2\n|\n|t:|1700973571\n|switch|p1a: Mascot|Pelipper, M, shiny|100\/100\n|-weather|RainDance|[from] ability: Drizzle|[of] p1a: Mascot\n|move|p2a: Ninetales|Freeze-Dry|p1a: Mascot\n|-supereffective|p1a: Mascot\n|-damage|p1a: Mascot|0 fnt\n|faint|p1a: Mascot\n|\n|-weather|RainDance|[upkeep]\n|upkeep\n|\n|t:|1700973580\n|switch|p1a: HIM|Scizor, M|100\/100\n|turn|3\n|\n|t:|1700973588\n|switch|p2a: Alomomola|Alomomola, M|100\/100\n|move|p1a: HIM|Bullet Punch|p2a: Alomomola\n|-resisted|p2a: Alomomola\n|-damage|p2a: Alomomola|84\/100\n|-damage|p1a: HIM|91\/100|[from] item: Life Orb\n|\n|-weather|RainDance|[upkeep]\n|-heal|p2a: Alomomola|90\/100|[from] item: Leftovers\n|upkeep\n|turn|4\n|\n|t:|1700973600\n|move|p1a: HIM|Knock Off|p2a: Alomomola\n|-damage|p2a: Alomomola|55\/100\n|-enditem|p2a: Alomomola|Leftovers|[from] move: Knock Off|[of] p1a: HIM\n|-damage|p1a: HIM|81\/100|[from] item: Life Orb\n|move|p2a: Alomomola|Snowscape|p2a: Alomomola\n|-weather|Snow\n|\n|-weather|Snow|[upkeep]\n|upkeep\n|turn|5\n|\n|t:|1700973608\n|switch|p2a: Manaphy|Manaphy|100\/100\n|move|p1a: HIM|U-turn|p2a: Manaphy\n|-damage|p2a: Manaphy|52\/100\n|-damage|p1a: HIM|71\/100|[from] item: Life Orb\n|\n|t:|1700973623\n|switch|p1a: Spin Cycle|Rotom-Wash, shiny|88\/100|[from] U-turn\n|\n|-weather|Snow|[upkeep]\n|-heal|p2a: Manaphy|58\/100|[from] item: Leftovers\n|-heal|p1a: Spin Cycle|94\/100|[from] item: Leftovers\n|upkeep\n|turn|6\n|\n|t:|1700973631\n|-terastallize|p2a: Manaphy|Electric\n|move|p2a: Manaphy|Tail Glow|p2a: Manaphy\n|-boost|p2a: Manaphy|spa|3\n|move|p1a: Spin Cycle|Volt Switch|p2a: Manaphy\n|-resisted|p2a: Manaphy\n|-damage|p2a: Manaphy|47\/100\n|\n|t:|1700973638\n|switch|p1a: Gary the Snail|Goodra-Hisui, F, shiny|100\/100|[from] Volt Switch\n|\n|-weather|Snow|[upkeep]\n|-heal|p2a: Manaphy|53\/100|[from] item: Leftovers\n|upkeep\n|turn|7\n|\n|t:|1700973650\n|move|p2a: Manaphy|Surf|p1a: Gary the Snail\n|-resisted|p1a: Gary the Snail\n|-damage|p1a: Gary the Snail|80\/100\n|move|p1a: Gary the Snail|Earthquake|p2a: Manaphy\n|-supereffective|p2a: Manaphy\n|-damage|p2a: Manaphy|6\/100\n|\n|-weather|Snow|[upkeep]\n|-heal|p2a: Manaphy|12\/100|[from] item: Leftovers\n|upkeep\n|turn|8\n|\n|t:|1700973682\n|switch|p2a: Ninetales|Ninetales-Alola, F|100\/100\n|move|p1a: Gary the Snail|Dragon Pulse|p2a: Ninetales\n|-immune|p2a: Ninetales\n|\n|-weather|none\n|upkeep\n|turn|9\n|\n|t:|1700973692\n|move|p2a: Ninetales|Confuse Ray|p1a: Gary the Snail\n|-start|p1a: Gary the Snail|confusion\n|-activate|p1a: Gary the Snail|confusion\n|move|p1a: Gary the Snail|Flash Cannon|p2a: Ninetales\n|-supereffective|p2a: Ninetales\n|-damage|p2a: Ninetales|0 fnt\n|faint|p2a: Ninetales\n|\n|upkeep\n|\n|t:|1700973708\n|switch|p2a: Gliscor|Gliscor, M|100\/100\n|turn|10\n|\n|t:|1700973715\n|switch|p1a: Spin Cycle|Rotom-Wash, shiny|94\/100\n|move|p2a: Gliscor|Earthquake|p1a: Spin Cycle\n|-immune|p1a: Spin Cycle|[from] ability: Levitate\n|\n|-heal|p1a: Spin Cycle|99\/100|[from] item: Leftovers\n|-status|p2a: Gliscor|tox|[from] item: Toxic Orb\n|upkeep\n|turn|11\n|j| LALHelix\n|\n|t:|1700973725\n|switch|p2a: Sinistcha|Sinistcha|100\/100\n|move|p1a: Spin Cycle|Hydro Pump|p2a: Sinistcha\n|-resisted|p2a: Sinistcha\n|-damage|p2a: Sinistcha|77\/100\n|\n|-heal|p1a: Spin Cycle|100\/100|[from] item: Leftovers\n|upkeep\n|turn|12\n|\n|t:|1700973733\n|switch|p1a: Gary the Snail|Goodra-Hisui, F, shiny|80\/100\n|move|p2a: Sinistcha|Giga Drain|p1a: Gary the Snail\n|-ability|p1a: Gary the Snail|Sap Sipper|boost\n|-boost|p1a: Gary the Snail|atk|1\n|\n|upkeep\n|turn|13\n|\n|t:|1700973748\n|move|p2a: Sinistcha|Protect|p2a: Sinistcha\n|-singleturn|p2a: Sinistcha|Protect\n|move|p1a: Gary the Snail|Ice Beam|p2a: Sinistcha\n|-activate|p2a: Sinistcha|move: Protect\n|\n|upkeep\n|turn|14\n|\n|t:|1700973770\n|switch|p2a: Gliscor|Gliscor, M|100\/100 tox\n|move|p1a: Gary the Snail|Dragon Pulse|p2a: Gliscor\n|-damage|p2a: Gliscor|59\/100 tox\n|\n|-heal|p2a: Gliscor|71\/100 tox|[from] ability: Poison Heal\n|upkeep\n|turn|15\n|\n|t:|1700973785\n|move|p2a: Gliscor|Stealth Rock|p1a: Gary the Snail\n|-sidestart|p1: Lageon|move: Stealth Rock\n|move|p1a: Gary the Snail|Ice Beam|p2a: Gliscor\n|-supereffective|p2a: Gliscor\n|-damage|p2a: Gliscor|0 fnt\n|faint|p2a: Gliscor\n|\n|upkeep\n|\n|t:|1700973823\n|switch|p2a: Alomomola|Alomomola, M|88\/100\n|turn|16\n|\n|t:|1700973830\n|switch|p1a: Spin Cycle|Rotom-Wash, shiny|100\/100\n|-damage|p1a: Spin Cycle|88\/100|[from] Stealth Rock\n|move|p2a: Alomomola|Protect||[still]\n|-fail|p2a: Alomomola\n|\n|-heal|p1a: Spin Cycle|94\/100|[from] item: Leftovers\n|upkeep\n|turn|17\n|\n|t:|1700973850\n|move|p1a: Spin Cycle|Will-O-Wisp|p2a: Alomomola|[miss]\n|-miss|p1a: Spin Cycle|p2a: Alomomola\n|move|p2a: Alomomola|Flip Turn|p1a: Spin Cycle\n|-resisted|p1a: Spin Cycle\n|-damage|p1a: Spin Cycle|85\/100\n|\n|t:|1700973855\n|switch|p2a: Sinistcha|Sinistcha|77\/100|[from] Flip Turn\n|\n|-heal|p1a: Spin Cycle|92\/100|[from] item: Leftovers\n|upkeep\n|turn|18\n|\n|t:|1700973862\n|switch|p1a: HIM|Scizor, M|71\/100\n|-damage|p1a: HIM|58\/100|[from] Stealth Rock\n|move|p2a: Sinistcha|Energy Ball|p1a: HIM\n|-resisted|p1a: HIM\n|-damage|p1a: HIM|46\/100\n|\n|upkeep\n|turn|19\n|\n|t:|1700973876\n|switch|p2a: Alomomola|Alomomola, M|100\/100\n|move|p1a: HIM|Knock Off|p2a: Alomomola\n|-damage|p2a: Alomomola|77\/100\n|-damage|p1a: HIM|37\/100|[from] item: Life Orb\n|\n|upkeep\n|turn|20\n|\n|t:|1700973904\n|move|p1a: HIM|Knock Off|p2a: Alomomola\n|-damage|p2a: Alomomola|50\/100\n|-damage|p1a: HIM|27\/100|[from] item: Life Orb\n|move|p2a: Alomomola|Flip Turn|p1a: HIM\n|-damage|p1a: HIM|10\/100\n|\n|t:|1700973934\n|switch|p2a: Sinistcha|Sinistcha|77\/100|[from] Flip Turn\n|\n|upkeep\n|turn|21\n|\n|t:|1700973940\n|move|p2a: Sinistcha|Protect|p2a: Sinistcha\n|-singleturn|p2a: Sinistcha|Protect\n|move|p1a: HIM|Bullet Punch|p2a: Sinistcha\n|-activate|p2a: Sinistcha|move: Protect\n|\n|upkeep\n|turn|22\n|\n|t:|1700973949\n|switch|p2a: Alomomola|Alomomola, M|83\/100\n|move|p1a: HIM|Bullet Punch|p2a: Alomomola\n|-resisted|p2a: Alomomola\n|-damage|p2a: Alomomola|67\/100\n|-damage|p1a: HIM|0 fnt|[from] item: Life Orb\n|faint|p1a: HIM\n|\n|upkeep\n|\n|t:|1700973958\n|switch|p1a: Electric Boogaloo|Kilowattrel, F, shiny|100\/100\n|turn|23\n|\n|t:|1700973967\n|move|p2a: Alomomola|Protect|p2a: Alomomola\n|-singleturn|p2a: Alomomola|Protect\n|move|p1a: Electric Boogaloo|Thunder|p2a: Alomomola\n|-activate|p2a: Alomomola|move: Protect\n|\n|upkeep\n|turn|24\n|\n|t:|1700973979\n|move|p1a: Electric Boogaloo|Thunder|p2a: Alomomola\n|-supereffective|p2a: Alomomola\n|-damage|p2a: Alomomola|0 fnt\n|faint|p2a: Alomomola\n|\n|upkeep\n|\n|t:|1700973984\n|switch|p2a: Manaphy|Manaphy, tera:Electric|12\/100\n|turn|25\n|\n|t:|1700974000\n|move|p1a: Electric Boogaloo|Thunder|p2a: Manaphy|[miss]\n|-miss|p1a: Electric Boogaloo|p2a: Manaphy\n|move|p2a: Manaphy|Surf|p1a: Electric Boogaloo\n|-damage|p1a: Electric Boogaloo|25\/100\n|\n|-heal|p2a: Manaphy|18\/100|[from] item: Leftovers\n|upkeep\n|turn|26\n|\n|t:|1700974007\n|move|p1a: Electric Boogaloo|Thunder|p2a: Manaphy\n|-resisted|p2a: Manaphy\n|-damage|p2a: Manaphy|0 fnt\n|faint|p2a: Manaphy\n|\n|upkeep\n|\n|t:|1700974012\n|switch|p2a: Sinistcha|Sinistcha|77\/100\n|turn|27\n|\n|t:|1700974016\n|move|p1a: Electric Boogaloo|Hurricane|p2a: Sinistcha\n|-supereffective|p2a: Sinistcha\n|-damage|p2a: Sinistcha|0 fnt\n|faint|p2a: Sinistcha\n|\n|upkeep\n|\n|t:|1700974020\n|switch|p2a: Kingambit|Kingambit, M|100\/100\n|-activate|p2a: Kingambit|ability: Supreme Overlord\n|-start|p2a: Kingambit|fallen5|[silent]\n|turn|28\n|\n|t:|1700974028\n|move|p1a: Electric Boogaloo|Thunder|p2a: Kingambit\n|-damage|p2a: Kingambit|56\/100\n|-status|p2a: Kingambit|par\n|move|p2a: Kingambit|Swords Dance|p2a: Kingambit\n|-boost|p2a: Kingambit|atk|2\n|\n|upkeep\n|turn|29\n|\n|t:|1700974036\n|move|p2a: Kingambit|Sucker Punch|p1a: Electric Boogaloo\n|-damage|p1a: Electric Boogaloo|0 fnt\n|faint|p1a: Electric Boogaloo\n|\n|upkeep\n|\n|t:|1700974046\n|switch|p1a: Gary the Snail|Goodra-Hisui, F, shiny|80\/100\n|-damage|p1a: Gary the Snail|74\/100|[from] Stealth Rock\n|turn|30\n|\n|t:|1700974052\n|move|p2a: Kingambit|Sucker Punch|p1a: Gary the Snail\n|-damage|p1a: Gary the Snail|0 fnt\n|faint|p1a: Gary the Snail\n|\n|upkeep\n|\n|t:|1700974056\n|switch|p1a: Jimbe|Basculegion, M, shiny|100\/100\n|-damage|p1a: Jimbe|88\/100|[from] Stealth Rock\n|turn|31\n|\n|t:|1700974061\n|-terastallize|p1a: Jimbe|Ice\n|cant|p2a: Kingambit|par\n|move|p1a: Jimbe|Wave Crash|p2a: Kingambit\n|-damage|p2a: Kingambit|0 fnt\n|faint|p2a: Kingambit\n|-end|p2a: Kingambit|fallen5|[silent]\n|-damage|p1a: Jimbe|70\/100|[from] Recoil\n|\n|win|Lageon\n","uploadtime":1700974073,"views":10,"p1id":"lageon","p2id":"jangod67","formatid":"gen9anythinggoes","rating":0,"private":0,"password":""}