{"id":"gen9anythinggoes-1985366797","p1":"Shadowxenble","p2":"jayden.bain","format":"[Gen 9] Anything Goes","log":"|j|\u2606Shadowxenble\n|j|\u2606jayden.bain\n|t:|1699368621\n|gametype|singles\n|player|p1|Shadowxenble|ghetsis|\n|player|p2|jayden.bain|102|\n|teamsize|p1|6\n|teamsize|p2|6\n|gen|9\n|tier|[Gen 9] Anything Goes\n|rule|HP Percentage Mod: HP is shown in percentages\n|rule|Endless Battle Clause: Forcing endless battles is banned\n|clearpoke\n|poke|p1|Zacian-*|\n|poke|p1|Calyrex-Shadow|\n|poke|p1|Regieleki|\n|poke|p1|Ting-Lu|\n|poke|p1|Miraidon|\n|poke|p1|Kyogre|\n|poke|p2|Maushold-Four|\n|poke|p2|Ceruledge, F|\n|poke|p2|Kingambit, F|\n|poke|p2|Jirachi|\n|poke|p2|Drifblim, M|\n|poke|p2|Rayquaza|\n|teampreview\n|inactive|Battle timer is ON: inactive players will automatically lose when time's up. (requested by Shadowxenble)\n|c|\u2606jayden.bain|wth u tryna pull L\n|c|\u2606Shadowxenble|?\n|c|\u2606Shadowxenble|?\n|\n|t:|1699368651\n|start\n|switch|p1a: Dead King Arthur|Calyrex-Shadow|100\/100\n|switch|p2a: Maushold|Maushold-Four, shiny|100\/100\n|-ability|p1a: Dead King Arthur|As One\n|-ability|p1a: Dead King Arthur|Unnerve\n|turn|1\n|\n|t:|1699368659\n|move|p1a: Dead King Arthur|Psyshock|p2a: Maushold\n|-damage|p2a: Maushold|28\/100\n|move|p2a: Maushold|Beat Up|p1a: Dead King Arthur\n|-supereffective|p1a: Dead King Arthur\n|-damage|p1a: Dead King Arthur|76\/100\n|-supereffective|p1a: Dead King Arthur\n|-damage|p1a: Dead King Arthur|47\/100\n|-supereffective|p1a: Dead King Arthur\n|-damage|p1a: Dead King Arthur|16\/100\n|-supereffective|p1a: Dead King Arthur\n|-damage|p1a: Dead King Arthur|0 fnt\n|faint|p1a: Dead King Arthur\n|-hitcount|p1: Dead King Arthur|4\n|\n|upkeep\n|c|\u2606jayden.bain|we eat those\n|j| Noinoinoi\n|\n|t:|1699368678\n|switch|p1a: I\u2019m fast as f boi|Regieleki|100\/100\n|turn|2\n|\n|t:|1699368685\n|move|p1a: I\u2019m fast as f boi|Explosion|p2a: Maushold\n|-damage|p2a: Maushold|0 fnt\n|faint|p1a: I\u2019m fast as f boi\n|faint|p2a: Maushold\n|\n|upkeep\n|c| Noinoinoi|Sup shadow\n|c|\u2606Shadowxenble|Sup bro\n|\n|t:|1699368702\n|switch|p1a: Blue blue whale|Kyogre|100\/100\n|switch|p2a: Drifblim|Drifblim, M|100\/100\n|-weather|RainDance|[from] ability: Drizzle|[of] p1a: Blue blue whale\n|turn|3\n|c| Noinoinoi|this the kid who roasted mzard?\n|\n|t:|1699368709\n|move|p1a: Blue blue whale|Thunder|p2a: Drifblim\n|-supereffective|p2a: Drifblim\n|-enditem|p2a: Drifblim|Focus Sash\n|-damage|p2a: Drifblim|1\/100\n|move|p2a: Drifblim|Hypnosis|p1a: Blue blue whale\n|-status|p1a: Blue blue whale|slp|[from] move: Hypnosis\n|\n|-weather|RainDance|[upkeep]\n|upkeep\n|turn|4\n|l|\u2606Shadowxenble\n|inactive|Shadowxenble disconnected and has 300 seconds to reconnect!\n|player|p1|\n|inactive|Shadowxenble has 270 seconds to reconnect!\n|c|\u2606jayden.bain|wow.\n|inactive|Shadowxenble has 240 seconds to reconnect!\n|c|\u2606jayden.bain|almost as weak as that friend of urs\n|inactive|Shadowxenble has 210 seconds to reconnect!\n|j|\u2606Shadowxenble\n|inactive|Shadowxenble reconnected and has 300 seconds left.\n|player|p1|Shadowxenble|ghetsis\n|\n|t:|1699368814\n|cant|p1a: Blue blue whale|slp\n|move|p2a: Drifblim|Minimize|p2a: Drifblim\n|-boost|p2a: Drifblim|evasion|2\n|\n|-weather|RainDance|[upkeep]\n|upkeep\n|turn|5\n|c|\u2606jayden.bain|finally\n|\n|t:|1699368821\n|-curestatus|p1a: Blue blue whale|slp|[msg]\n|move|p1a: Blue blue whale|Thunder|p2a: Drifblim\n|-supereffective|p2a: Drifblim\n|-damage|p2a: Drifblim|0 fnt\n|faint|p2a: Drifblim\n|\n|-weather|RainDance|[upkeep]\n|upkeep\n|\n|t:|1699368827\n|switch|p2a: Rayquaza|Rayquaza, shiny|100\/100\n|-ability|p2a: Rayquaza|Air Lock\n|turn|6\n|c|\u2606Shadowxenble|Bitch\n|\n|t:|1699368832\n|move|p1a: Blue blue whale|Thunder|p2a: Rayquaza\n|-damage|p2a: Rayquaza|34\/100\n|-status|p2a: Rayquaza|par\n|move|p2a: Rayquaza|Dragon Tail|p1a: Blue blue whale\n|-damage|p1a: Blue blue whale|53\/100\n|drag|p1a: Ooohh glowing bike|Miraidon|100\/100\n|-fieldstart|move: Electric Terrain|[from] ability: Hadron Engine|[of] p1a: Ooohh glowing bike\n|\n|-weather|RainDance|[upkeep]\n|upkeep\n|turn|7\n|c| Noinoinoi|Dude why y\u2019all toxic all the sudden\n|inactive|jayden.bain has 270 seconds left.\n|\n|t:|1699368862\n|move|p1a: Ooohh glowing bike|Volt Switch|p2a: Rayquaza\n|-damage|p2a: Rayquaza|0 fnt\n|faint|p2a: Rayquaza\n|\n|t:|1699368867\n|switch|p1a: Blue blue whale|Kyogre|53\/100|[from] Volt Switch\n|\n|-weather|none\n|upkeep\n|c|\u2606jayden.bain|he bein toxic im chillin\n|inactive|jayden.bain has 270 seconds left.\n|\n|t:|1699368880\n|switch|p2a: Ceruledge|Ceruledge, F|100\/100\n|turn|8\n|c|\u2606Shadowxenble|But you were the one being toxic first\n|\n|t:|1699368898\n|move|p1a: Blue blue whale|Surf|p2a: Ceruledge\n|-supereffective|p2a: Ceruledge\n|-damage|p2a: Ceruledge|0 fnt\n|faint|p2a: Ceruledge\n|\n|upkeep\n|c|\u2606jayden.bain|and u the one ghettin banned L thanks\n|inactive|jayden.bain has 270 seconds left.\n|\n|t:|1699368913\n|switch|p2a: Jirachi|Jirachi|100\/100\n|turn|9\n|c|\u2606Shadowxenble|lol this is a private match bozo\n|\n|t:|1699368929\n|move|p2a: Jirachi|Trick|p1a: Blue blue whale\n|-activate|p2a: Jirachi|move: Trick|[of] p1a: Blue blue whale\n|-item|p1a: Blue blue whale|Toxic Orb|[from] move: Trick\n|-item|p2a: Jirachi|Choice Specs|[from] move: Trick\n|move|p1a: Blue blue whale|Surf|p2a: Jirachi\n|-damage|p2a: Jirachi|45\/100\n|\n|-status|p1a: Blue blue whale|tox|[from] item: Toxic Orb\n|upkeep\n|turn|10\n|c|\u2606jayden.bain|still u can get banned L\n|\n|t:|1699368938\n|move|p2a: Jirachi|Thunder|p1a: Blue blue whale\n|-supereffective|p1a: Blue blue whale\n|-damage|p1a: Blue blue whale|0 fnt\n|faint|p1a: Blue blue whale\n|\n|-fieldend|move: Electric Terrain\n|upkeep\n|c| Noinoinoi|Bruh.\n|c| Noinoinoi|shadow u still get banned\n|\n|t:|1699368947\n|switch|p1a: Golden doge|Zacian-Crowned, shiny|100\/100\n|-ability|p1a: Golden doge|Intrepid Sword|boost\n|-boost|p1a: Golden doge|atk|1\n|turn|11\n|\n|t:|1699368955\n|-terastallize|p1a: Golden doge|Normal\n|move|p1a: Golden doge|Trailblaze|p2a: Jirachi\n|-resisted|p2a: Jirachi\n|-damage|p2a: Jirachi|31\/100\n|-boost|p1a: Golden doge|spe|1\n|move|p2a: Jirachi|Thunder|p1a: Golden doge|[miss]\n|-miss|p2a: Jirachi|p1a: Golden doge\n|\n|upkeep\n|turn|12\n|\n|t:|1699368964\n|move|p1a: Golden doge|Close Combat|p2a: Jirachi\n|-damage|p2a: Jirachi|0 fnt\n|-unboost|p1a: Golden doge|def|1\n|-unboost|p1a: Golden doge|spd|1\n|faint|p2a: Jirachi\n|\n|upkeep\n|\n|t:|1699368966\n|switch|p2a: Kingambit|Kingambit, F, shiny|100\/100\n|-activate|p2a: Kingambit|ability: Supreme Overlord\n|-start|p2a: Kingambit|fallen5|[silent]\n|turn|13\n|\n|t:|1699368971\n|-terastallize|p2a: Kingambit|Dark\n|move|p2a: Kingambit|Sucker Punch|p1a: Golden doge\n|-damage|p1a: Golden doge|0 fnt\n|faint|p1a: Golden doge\n|\n|upkeep\n|\n|t:|1699368976\n|switch|p1a: *extinct bowl*|Ting-Lu|100\/100\n|-ability|p1a: *extinct bowl*|Vessel of Ruin\n|turn|14\n|inactive|Shadowxenble has 270 seconds left.\n|c|\u2606jayden.bain|hmm\n|\n|t:|1699369012\n|move|p1a: *extinct bowl*|Spikes|p2a: Kingambit\n|-sidestart|p2: jayden.bain|Spikes\n|move|p2a: Kingambit|Brick Break|p1a: *extinct bowl*\n|-supereffective|p1a: *extinct bowl*\n|-damage|p1a: *extinct bowl*|65\/100\n|\n|-heal|p1a: *extinct bowl*|71\/100|[from] item: Leftovers\n|upkeep\n|turn|15\n|inactive|Shadowxenble has 270 seconds left.\n|\n|t:|1699369021\n|move|p1a: *extinct bowl*|Body Press|p2a: Kingambit\n|-supereffective|p2a: Kingambit\n|-damage|p2a: Kingambit|59\/100\n|move|p2a: Kingambit|Brick Break|p1a: *extinct bowl*\n|-supereffective|p1a: *extinct bowl*\n|-damage|p1a: *extinct bowl*|34\/100\n|\n|-heal|p1a: *extinct bowl*|40\/100|[from] item: Leftovers\n|upkeep\n|turn|16\n|\n|t:|1699369029\n|move|p1a: *extinct bowl*|Body Press|p2a: Kingambit\n|-supereffective|p2a: Kingambit\n|-damage|p2a: Kingambit|19\/100\n|move|p2a: Kingambit|Brick Break|p1a: *extinct bowl*\n|-supereffective|p1a: *extinct bowl*\n|-damage|p1a: *extinct bowl*|0 fnt\n|faint|p1a: *extinct bowl*\n|\n|upkeep\n|\n|t:|1699369036\n|switch|p1a: Ooohh glowing bike|Miraidon|100\/100\n|-fieldstart|move: Electric Terrain|[from] ability: Hadron Engine|[of] p1a: Ooohh glowing bike\n|turn|17\n|\n|t:|1699369046\n|move|p2a: Kingambit|Sucker Punch|p1a: Ooohh glowing bike\n|-damage|p1a: Ooohh glowing bike|13\/100\n|move|p1a: Ooohh glowing bike|Electro Drift|p2a: Kingambit\n|-damage|p2a: Kingambit|0 fnt\n|faint|p2a: Kingambit\n|-end|p2a: Kingambit|fallen5|[silent]\n|\n|win|Shadowxenble\n","uploadtime":1699368858,"views":5,"p1id":"shadowxenble","p2id":"jaydenbain","formatid":"gen9anythinggoes","rating":0,"private":0,"password":""}