{"id":"gen9anythinggoes-1975905646","p1":"jb291","p2":"MrCatKing07","format":"[Gen 9] Anything Goes","log":"|j|\u2606jb291\n|j|\u2606MrCatKing07\n|inactive|Battle timer is ON: inactive players will automatically lose when time's up.\n|t:|1698248128\n|gametype|singles\n|player|p1|jb291|cyrus-masters|\n|player|p2|MrCatKing07|hilbert-wonderlauncher|\n|teamsize|p1|6\n|teamsize|p2|6\n|gen|9\n|tier|[Gen 9] Anything Goes\n|rated|Tournament battle\n|rule|HP Percentage Mod: HP is shown in percentages\n|rule|Endless Battle Clause: Forcing endless battles is banned\n|clearpoke\n|poke|p1|Giratina-Origin|\n|poke|p1|Calyrex-Shadow|\n|poke|p1|Blissey, F|\n|poke|p1|Alomomola, M|\n|poke|p1|Dondozo, M|\n|poke|p1|Clodsire, F|\n|poke|p2|Koraidon|\n|poke|p2|Calyrex-Shadow|\n|poke|p2|Zacian-*|\n|poke|p2|Ribombee, M|\n|poke|p2|Miraidon|\n|poke|p2|Arceus|\n|teampreview\n|inactive|jb291 also wants the timer to be on.\n|inactive|MrCatKing07 also wants the timer to be on.\n|\n|t:|1698248139\n|start\n|switch|p1a: Calyrex|Calyrex-Shadow|100\/100\n|switch|p2a: \u26a0\ufe0fHAZARD\u26a0\ufe0f|Ribombee, M, shiny|100\/100\n|-ability|p1a: Calyrex|As One\n|-ability|p1a: Calyrex|Unnerve\n|turn|1\n|j|#Frozoid\n|j| Dewwm14\n|j| eavo\n|c| eavo|o\n|\n|t:|1698248151\n|switch|p1a: Blissey|Blissey, F|100\/100\n|move|p2a: \u26a0\ufe0fHAZARD\u26a0\ufe0f|Sticky Web|p1a: Blissey\n|-sidestart|p1: jb291|move: Sticky Web\n|\n|upkeep\n|turn|2\n|c| eavo|win\n|\n|t:|1698248156\n|move|p2a: \u26a0\ufe0fHAZARD\u26a0\ufe0f|Stun Spore|p1a: Blissey\n|-status|p1a: Blissey|par\n|cant|p1a: Blissey|par\n|\n|upkeep\n|turn|3\n|\n|t:|1698248163\n|move|p2a: \u26a0\ufe0fHAZARD\u26a0\ufe0f|Tailwind|p2a: \u26a0\ufe0fHAZARD\u26a0\ufe0f\n|-sidestart|p2: MrCatKing07|move: Tailwind\n|move|p1a: Blissey|Stealth Rock|p2a: \u26a0\ufe0fHAZARD\u26a0\ufe0f\n|-sidestart|p2: MrCatKing07|move: Stealth Rock\n|\n|upkeep\n|turn|4\n|l|#Frozoid\n|\n|t:|1698248170\n|switch|p2a: GOD|Arceus|100\/100\n|move|p1a: Blissey|Seismic Toss|p2a: GOD\n|-damage|p2a: GOD|78\/100\n|\n|upkeep\n|turn|5\n|\n|t:|1698248173\n|-curestatus|p1a: Blissey|par|[from] ability: Natural Cure\n|switch|p1a: Calyrex|Calyrex-Shadow|100\/100\n|-ability|p1a: Calyrex|As One\n|-ability|p1a: Calyrex|Unnerve\n|move|p2a: GOD|Swords Dance|p2a: GOD\n|-boost|p2a: GOD|atk|2\n|\n|upkeep\n|turn|6\n|j|+PrimalKyogre555\n|l|+PrimalKyogre555\n|\n|t:|1698248183\n|switch|p1a: Alomomola|Alomomola, M|100\/100\n|move|p2a: GOD|Shadow Claw|p1a: Alomomola\n|-damage|p1a: Alomomola|75\/100\n|\n|-sideend|p2: MrCatKing07|move: Tailwind\n|upkeep\n|turn|7\n|\n|t:|1698248189\n|move|p2a: GOD|Extreme Speed|p1a: Alomomola\n|-damage|p1a: Alomomola|30\/100\n|move|p1a: Alomomola|Scald|p2a: GOD\n|-damage|p2a: GOD|70\/100\n|\n|upkeep\n|turn|8\n|\n|t:|1698248192\n|switch|p1a: Dondozo|Dondozo, M|100\/100\n|move|p2a: GOD|Shadow Claw|p1a: Dondozo\n|-crit|p1a: Dondozo\n|-damage|p1a: Dondozo|85\/100\n|\n|upkeep\n|turn|9\n|\n|t:|1698248205\n|switch|p2a: Ghastly Horseman|Calyrex-Shadow|100\/100\n|-ability|p2a: Ghastly Horseman|As One\n|-ability|p2a: Ghastly Horseman|Unnerve\n|-damage|p2a: Ghastly Horseman|88\/100|[from] Stealth Rock\n|move|p1a: Dondozo|Avalanche|p2a: Ghastly Horseman\n|-damage|p2a: Ghastly Horseman|72\/100\n|\n|upkeep\n|turn|10\n|\n|t:|1698248208\n|switch|p1a: Blissey|Blissey, F|100\/100\n|move|p2a: Ghastly Horseman|Grass Knot|p1a: Blissey\n|-damage|p1a: Blissey|93\/100\n|\n|upkeep\n|turn|11\n|inactive|MrCatKing07 has 120 seconds left.\n|inactive|MrCatKing07 has 90 seconds left.\n|\n|t:|1698248270\n|switch|p2a: Crown|Zacian-Crowned, shiny|100\/100\n|-damage|p2a: Crown|94\/100|[from] Stealth Rock\n|-ability|p2a: Crown|Intrepid Sword|boost\n|-boost|p2a: Crown|atk|1\n|move|p1a: Blissey|Shadow Ball|p2a: Crown\n|-damage|p2a: Crown|81\/100\n|\n|upkeep\n|turn|12\n|\n|t:|1698248275\n|switch|p1a: Alomomola|Alomomola, M|63\/100\n|move|p2a: Crown|Close Combat|p1a: Alomomola\n|-damage|p1a: Alomomola|25\/100\n|-unboost|p2a: Crown|def|1\n|-unboost|p2a: Crown|spd|1\n|\n|upkeep\n|turn|13\n|\n|t:|1698248282\n|switch|p1a: Dondozo|Dondozo, M|85\/100\n|move|p2a: Crown|Close Combat|p1a: Dondozo\n|-damage|p1a: Dondozo|64\/100\n|-unboost|p2a: Crown|def|1\n|-unboost|p2a: Crown|spd|1\n|\n|upkeep\n|turn|14\n|j| rickzzz\n|\n|t:|1698248289\n|switch|p2a: \u26a0\ufe0fHAZARD\u26a0\ufe0f|Ribombee, M, shiny|100\/100\n|-damage|p2a: \u26a0\ufe0fHAZARD\u26a0\ufe0f|76\/100|[from] Stealth Rock\n|move|p1a: Dondozo|Avalanche|p2a: \u26a0\ufe0fHAZARD\u26a0\ufe0f\n|-damage|p2a: \u26a0\ufe0fHAZARD\u26a0\ufe0f|50\/100\n|\n|upkeep\n|turn|15\n|c|\u2606MrCatKing07|heavy duty boots?\n|\n|t:|1698248305\n|switch|p1a: Blissey|Blissey, F|93\/100\n|move|p2a: \u26a0\ufe0fHAZARD\u26a0\ufe0f|Stun Spore|p1a: Blissey\n|-status|p1a: Blissey|par\n|\n|upkeep\n|turn|16\n|l| rickzzz\n|\n|t:|1698248325\n|move|p2a: \u26a0\ufe0fHAZARD\u26a0\ufe0f|Tailwind|p2a: \u26a0\ufe0fHAZARD\u26a0\ufe0f\n|-sidestart|p2: MrCatKing07|move: Tailwind\n|move|p1a: Blissey|Seismic Toss|p2a: \u26a0\ufe0fHAZARD\u26a0\ufe0f\n|-damage|p2a: \u26a0\ufe0fHAZARD\u26a0\ufe0f|12\/100\n|\n|upkeep\n|turn|17\n|inactive|MrCatKing07 has 90 seconds left.\n|inactive|MrCatKing07 has 60 seconds left.\n|\n|t:|1698248393\n|switch|p2a: Crown|Zacian-Crowned, shiny|81\/100\n|-damage|p2a: Crown|75\/100|[from] Stealth Rock\n|move|p1a: Blissey|Seismic Toss|p2a: Crown\n|-damage|p2a: Crown|44\/100\n|\n|upkeep\n|turn|18\n|\n|t:|1698248402\n|-curestatus|p1a: Blissey|par|[from] ability: Natural Cure\n|switch|p1a: Alomomola|Alomomola, M|58\/100\n|move|p2a: Crown|Close Combat|p1a: Alomomola\n|-damage|p1a: Alomomola|34\/100\n|-unboost|p2a: Crown|def|1\n|-unboost|p2a: Crown|spd|1\n|\n|upkeep\n|turn|19\n|c|\u2606MrCatKing07|i feel like im gonna lose lol\n|\n|t:|1698248409\n|move|p2a: Crown|Behemoth Blade|p1a: Alomomola\n|-resisted|p1a: Alomomola\n|-damage|p1a: Alomomola|20\/100\n|move|p1a: Alomomola|Wish|p1a: Alomomola\n|\n|-sideend|p2: MrCatKing07|move: Tailwind\n|upkeep\n|turn|20\n|inactive|MrCatKing07 has 60 seconds left.\n|l| Dewwm14\n|\n|t:|1698248415\n|move|p1a: Alomomola|Protect|p1a: Alomomola\n|-singleturn|p1a: Alomomola|Protect\n|move|p2a: Crown|Swords Dance|p2a: Crown\n|-boost|p2a: Crown|atk|2\n|\n|-heal|p1a: Alomomola|70\/100|[from] move: Wish|[wisher] Alomomola\n|upkeep\n|turn|21\n|inactive|MrCatKing07 has 60 seconds left.\n|c| eavo|just cook my yungin'\n|inactive|MrCatKing07 has 30 seconds left.\n|inactive|MrCatKing07 has 20 seconds left.\n|inactive|MrCatKing07 has 15 seconds left.\n|inactive|MrCatKing07 has 10 seconds left.\n|inactive|MrCatKing07 has 5 seconds left.\n|c| eavo|oh rip\n|-message|MrCatKing07 lost due to inactivity.\n|\n|win|jb291\n|n|\u2606jb291|jb291\n|n|\u2606MrCatKing07|mrcatking07\n|n| eavo|eavo\n","uploadtime":1698248486,"views":26,"p1id":"jb291","p2id":"mrcatking07","formatid":"gen9anythinggoes","rating":0,"private":0,"password":""}