{"id":"gen9anythinggoes-1987112552","p1":"TaxFraud094","p2":"Docter_Peng99","format":"[Gen 9] Anything Goes","log":"|j|\u2606TaxFraud094\n|j|\u2606Docter_Peng99\n|inactive|Battle timer is ON: inactive players will automatically lose when time's up.\n|t:|1699557074\n|gametype|singles\n|player|p1|TaxFraud094|acetrainerf-gen4|\n|player|p2|Docter_Peng99|larry|\n|teamsize|p1|6\n|teamsize|p2|6\n|gen|9\n|tier|[Gen 9] Anything Goes\n|rated|Tournament battle\n|rule|Tera Type Preview: Tera Types are shown at Team Preview\n|rule|HP Percentage Mod: HP is shown in percentages\n|rule|Endless Battle Clause: Forcing endless battles is banned\n|rule|Bonus Type Mod: Pok\u00e9mon have their Tera Type added onto their current ones.\n|rule|Species Clause: Limit one of each Pok\u00e9mon\n|rule|OHKO Clause: OHKO moves are banned\n|rule|Evasion Moves Clause: Evasion moves are banned\n|rule|Sleep Moves Clause: Sleep-inducing moves are banned\n|rule|Evasion Clause: Evasion abilities, items, and moves are banned\n|rule|Evasion Abilities Clause: Evasion abilities are banned\n|rule|Evasion Items Clause: Evasion items are banned\n|rule|Terastal Clause: You cannot Terastallize\n|clearpoke\n|poke|p1|Lilligant-Hisui, F|\n|poke|p1|Torkoal, F|\n|poke|p1|Walking Wake|\n|poke|p1|Hatterene, F|\n|poke|p1|Arcanine-Hisui, F|\n|poke|p1|Ceruledge, F|\n|poke|p2|Glimmora, M|\n|poke|p2|Great Tusk|\n|poke|p2|Gholdengo|\n|poke|p2|Iron Valiant|\n|poke|p2|Dragapult, M|\n|poke|p2|Kingambit, M|\n|teampreview\n|raw|TaxFraud094's Tera Types:<br \/><psicon pokemon=\"lilliganthisui\" \/><psicon type=\"Ice\" \/> \/ <psicon pokemon=\"torkoal\" \/><psicon type=\"Fighting\" \/> \/ <psicon pokemon=\"walkingwake\" \/><psicon type=\"Fire\" \/> \/ <psicon pokemon=\"hatterene\" \/><psicon type=\"Flying\" \/> \/ <psicon pokemon=\"arcaninehisui\" \/><psicon type=\"Normal\" \/> \/ <psicon pokemon=\"ceruledge\" \/><psicon type=\"Grass\" \/>\n|raw|Docter_Peng99's Tera Types:<br \/><psicon pokemon=\"glimmora\" \/><psicon type=\"Flying\" \/> \/ <psicon pokemon=\"greattusk\" \/><psicon type=\"Water\" \/> \/ <psicon pokemon=\"gholdengo\" \/><psicon type=\"Flying\" \/> \/ <psicon pokemon=\"ironvaliant\" \/><psicon type=\"Psychic\" \/> \/ <psicon pokemon=\"dragapult\" \/><psicon type=\"Fairy\" \/> \/ <psicon pokemon=\"kingambit\" \/><psicon type=\"Ghost\" \/>\n|inactive|TaxFraud094 also wants the timer to be on.\n|j| Slothy0wl\n|c|\u2606Docter_Peng99|Glhf\n|\n|t:|1699557093\n|start\n|switch|p1a: Walking Wake|Walking Wake|100\/100\n|switch|p2a: Stealth|Glimmora, M|100\/100\n|-start|p1a: Walking Wake|typechange|Water\/Dragon\/Fire|[silent]\n|-start|p2a: Stealth|typechange|Rock\/Poison\/Flying|[silent]\n|-start|p1a: Walking Wake|typechange|Water\/Dragon\/Fire|[silent]\n|-start|p2a: Stealth|typechange|Rock\/Poison\/Flying|[silent]\n|turn|1\n|\n|t:|1699557108\n|-end|p1a: Walking Wake|Protosynthesis|[silent]\n|switch|p1a: Hatterene|Hatterene, F|100\/100\n|-start|p1a: Hatterene|typechange|Psychic\/Fairy\/Flying|[silent]\n|move|p2a: Stealth|Mortal Spin|p1a: Hatterene\n|-supereffective|p1a: Hatterene\n|-damage|p1a: Hatterene|89\/100\n|-status|p1a: Hatterene|psn\n|-enditem|p1a: Hatterene|Eject Button\n|\n|t:|1699557118\n|switch|p1a: Torkoal|Torkoal, F|100\/100\n|-start|p1a: Torkoal|typechange|Fire\/Fighting|[silent]\n|-weather|SunnyDay|[from] ability: Drought|[of] p1a: Torkoal\n|\n|-weather|SunnyDay|[upkeep]\n|upkeep\n|-start|p1a: Torkoal|typechange|Fire\/Fighting|[silent]\n|turn|2\n|\n|t:|1699557121\n|move|p2a: Stealth|Power Gem|p1a: Torkoal\n|-damage|p1a: Torkoal|56\/100\n|move|p1a: Torkoal|Rapid Spin|p2a: Stealth\n|-resisted|p2a: Stealth\n|-damage|p2a: Stealth|95\/100\n|-boost|p1a: Torkoal|spe|1\n|-activate|p2a: Stealth|ability: Toxic Debris\n|-sidestart|p1: TaxFraud094|move: Toxic Spikes\n|-sideend|p1: TaxFraud094|Toxic Spikes|[from] move: Rapid Spin|[of] p1a: Torkoal\n|\n|-weather|SunnyDay|[upkeep]\n|upkeep\n|turn|3\n|l| Slothy0wl\n|\n|t:|1699557136\n|switch|p1a: Hatterene|Hatterene, F|89\/100 psn\n|-start|p1a: Hatterene|typechange|Psychic\/Fairy\/Flying|[silent]\n|move|p2a: Stealth|Mortal Spin|p1a: Hatterene\n|-supereffective|p1a: Hatterene\n|-damage|p1a: Hatterene|78\/100 psn\n|\n|-weather|SunnyDay|[upkeep]\n|-damage|p1a: Hatterene|65\/100 psn|[from] psn\n|upkeep\n|-start|p1a: Hatterene|typechange|Psychic\/Fairy\/Flying|[silent]\n|turn|4\n|j|@kenn\n|l|\u2606Docter_Peng99\n|inactive|Docter_Peng99 disconnected and has a minute to reconnect!\n|player|p2|\n|j| mid ladder memes\n|j|\u2606Docter_Peng99\n|inactive|Docter_Peng99 reconnected and has 115 seconds left.\n|player|p2|Docter_Peng99|larry\n|\n|t:|1699557172\n|move|p2a: Stealth|Power Gem|p1a: Hatterene\n|-supereffective|p1a: Hatterene\n|-damage|p1a: Hatterene|0 fnt\n|faint|p1a: Hatterene\n|\n|-weather|SunnyDay|[upkeep]\n|upkeep\n|\n|t:|1699557178\n|switch|p1a: Walking Wake|Walking Wake|100\/100\n|-start|p1a: Walking Wake|typechange|Water\/Dragon\/Fire|[silent]\n|-activate|p1a: Walking Wake|ability: Protosynthesis\n|-start|p1a: Walking Wake|protosynthesisspa\n|-start|p1a: Walking Wake|typechange|Water\/Dragon\/Fire|[silent]\n|turn|5\n|\n|t:|1699557180\n|move|p1a: Walking Wake|Hydro Steam|p2a: Stealth\n|-supereffective|p2a: Stealth\n|-damage|p2a: Stealth|0 fnt\n|faint|p2a: Stealth\n|\n|-weather|SunnyDay|[upkeep]\n|upkeep\n|\n|t:|1699557184\n|switch|p2a: Gotta Sweep|Dragapult, M, shiny|100\/100\n|-start|p2a: Gotta Sweep|typechange|Dragon\/Ghost\/Fairy|[silent]\n|-start|p2a: Gotta Sweep|typechange|Dragon\/Ghost\/Fairy|[silent]\n|turn|6\n|\n|t:|1699557194\n|move|p2a: Gotta Sweep|Draco Meteor|p1a: Walking Wake\n|-supereffective|p1a: Walking Wake\n|-damage|p1a: Walking Wake|0 fnt\n|-unboost|p2a: Gotta Sweep|spa|2\n|faint|p1a: Walking Wake\n|-end|p1a: Walking Wake|Protosynthesis|[silent]\n|\n|-weather|SunnyDay|[upkeep]\n|upkeep\n|\n|t:|1699557218\n|switch|p1a: Lilligant|Lilligant-Hisui, F, shiny|100\/100\n|-start|p1a: Lilligant|typechange|Grass\/Fighting\/Ice|[silent]\n|-start|p1a: Lilligant|typechange|Grass\/Fighting\/Ice|[silent]\n|turn|7\n|\n|t:|1699557225\n|switch|p2a: Ancient Elephant|Great Tusk|100\/100\n|-start|p2a: Ancient Elephant|typechange|Ground\/Fighting\/Water|[silent]\n|-activate|p2a: Ancient Elephant|ability: Protosynthesis\n|-start|p2a: Ancient Elephant|protosynthesisatk\n|move|p1a: Lilligant|Ice Spinner|p2a: Ancient Elephant\n|-damage|p2a: Ancient Elephant|61\/100\n|\n|-weather|SunnyDay|[upkeep]\n|upkeep\n|-start|p2a: Ancient Elephant|typechange|Ground\/Fighting\/Water|[silent]\n|turn|8\n|\n|t:|1699557238\n|switch|p1a: Arcanine|Arcanine-Hisui, F, shiny|100\/100\n|-start|p1a: Arcanine|typechange|Fire\/Rock\/Normal|[silent]\n|move|p2a: Ancient Elephant|Close Combat|p1a: Arcanine\n|-supereffective|p1a: Arcanine\n|-damage|p1a: Arcanine|0 fnt\n|-unboost|p2a: Ancient Elephant|def|1\n|-unboost|p2a: Ancient Elephant|spd|1\n|faint|p1a: Arcanine\n|\n|-weather|none\n|-end|p2a: Ancient Elephant|Protosynthesis\n|upkeep\n|\n|t:|1699557245\n|switch|p1a: Torkoal|Torkoal, F|56\/100\n|-start|p1a: Torkoal|typechange|Fire\/Fighting|[silent]\n|-weather|SunnyDay|[from] ability: Drought|[of] p1a: Torkoal\n|-activate|p2a: Ancient Elephant|ability: Protosynthesis\n|-start|p2a: Ancient Elephant|protosynthesisatk\n|-start|p1a: Torkoal|typechange|Fire\/Fighting|[silent]\n|turn|9\n|l| mid ladder memes\n|\n|t:|1699557248\n|move|p2a: Ancient Elephant|Headlong Rush|p1a: Torkoal\n|-supereffective|p1a: Torkoal\n|-damage|p1a: Torkoal|0 fnt\n|-unboost|p2a: Ancient Elephant|def|1\n|-unboost|p2a: Ancient Elephant|spd|1\n|faint|p1a: Torkoal\n|\n|-weather|SunnyDay|[upkeep]\n|upkeep\n|j| mid ladder memes\n|\n|t:|1699557259\n|switch|p1a: Lilligant|Lilligant-Hisui, F, shiny|100\/100\n|-start|p1a: Lilligant|typechange|Grass\/Fighting\/Ice|[silent]\n|-start|p1a: Lilligant|typechange|Grass\/Fighting\/Ice|[silent]\n|turn|10\n|\n|t:|1699557265\n|move|p1a: Lilligant|Ice Spinner|p2a: Ancient Elephant\n|-damage|p2a: Ancient Elephant|0 fnt\n|faint|p2a: Ancient Elephant\n|-end|p2a: Ancient Elephant|Protosynthesis|[silent]\n|\n|-weather|SunnyDay|[upkeep]\n|upkeep\n|\n|t:|1699557268\n|switch|p2a: Anti-Defog|Gholdengo|100\/100\n|-start|p2a: Anti-Defog|typechange|Steel\/Ghost\/Flying|[silent]\n|-start|p2a: Anti-Defog|typechange|Steel\/Ghost\/Flying|[silent]\n|turn|11\n|\n|t:|1699557270\n|move|p1a: Lilligant|Ice Spinner|p2a: Anti-Defog\n|-damage|p2a: Anti-Defog|31\/100\n|move|p2a: Anti-Defog|Trick|p1a: Lilligant\n|-activate|p2a: Anti-Defog|move: Trick|[of] p1a: Lilligant\n|-item|p1a: Lilligant|Choice Scarf|[from] move: Trick\n|-item|p2a: Anti-Defog|Choice Band|[from] move: Trick\n|\n|-weather|SunnyDay|[upkeep]\n|upkeep\n|turn|12\n|\n|t:|1699557274\n|move|p1a: Lilligant|Ice Spinner|p2a: Anti-Defog\n|-damage|p2a: Anti-Defog|0 fnt\n|faint|p2a: Anti-Defog\n|\n|-weather|SunnyDay|[upkeep]\n|upkeep\n|\n|t:|1699557277\n|switch|p2a: Gotta Sweep|Dragapult, M, shiny|100\/100\n|-start|p2a: Gotta Sweep|typechange|Dragon\/Ghost\/Fairy|[silent]\n|-start|p2a: Gotta Sweep|typechange|Dragon\/Ghost\/Fairy|[silent]\n|turn|13\n|\n|t:|1699557279\n|move|p1a: Lilligant|Ice Spinner|p2a: Gotta Sweep\n|-supereffective|p2a: Gotta Sweep\n|-damage|p2a: Gotta Sweep|0 fnt\n|faint|p2a: Gotta Sweep\n|\n|-weather|SunnyDay|[upkeep]\n|upkeep\n|\n|t:|1699557281\n|switch|p2a: Metaslayer|Iron Valiant|100\/100\n|-start|p2a: Metaslayer|typechange|Fairy\/Fighting\/Psychic|[silent]\n|-enditem|p2a: Metaslayer|Booster Energy\n|-activate|p2a: Metaslayer|ability: Quark Drive|[fromitem]\n|-start|p2a: Metaslayer|quarkdrivespe\n|-start|p2a: Metaslayer|typechange|Fairy\/Fighting\/Psychic|[silent]\n|turn|14\n|\n|t:|1699557284\n|move|p1a: Lilligant|Ice Spinner|p2a: Metaslayer\n|-crit|p2a: Metaslayer\n|-damage|p2a: Metaslayer|20\/100\n|move|p2a: Metaslayer|Moonblast|p1a: Lilligant\n|-supereffective|p1a: Lilligant\n|-damage|p1a: Lilligant|0 fnt\n|faint|p1a: Lilligant\n|\n|-weather|SunnyDay|[upkeep]\n|upkeep\n|\n|t:|1699557289\n|switch|p1a: Ceruledge|Ceruledge, F|100\/100\n|-start|p1a: Ceruledge|typechange|Fire\/Ghost\/Grass|[silent]\n|-start|p1a: Ceruledge|typechange|Fire\/Ghost\/Grass|[silent]\n|turn|15\n|\n|t:|1699557293\n|move|p2a: Metaslayer|Moonblast|p1a: Ceruledge\n|-resisted|p1a: Ceruledge\n|-damage|p1a: Ceruledge|71\/100\n|move|p1a: Ceruledge|Bitter Blade|p2a: Metaslayer\n|-damage|p2a: Metaslayer|0 fnt\n|-heal|p1a: Ceruledge|81\/100|[from] drain|[of] p2a: Metaslayer\n|faint|p2a: Metaslayer\n|-end|p2a: Metaslayer|Quark Drive|[silent]\n|\n|-weather|SunnyDay|[upkeep]\n|upkeep\n|\n|t:|1699557295\n|switch|p2a: Checkmate|Kingambit, M, shiny|100\/100\n|-start|p2a: Checkmate|typechange|Dark\/Steel\/Ghost|[silent]\n|-activate|p2a: Checkmate|ability: Supreme Overlord\n|-start|p2a: Checkmate|fallen5|[silent]\n|-start|p2a: Checkmate|typechange|Dark\/Steel\/Ghost|[silent]\n|turn|16\n|\n|t:|1699557299\n|move|p2a: Checkmate|Sucker Punch||[still]\n|-fail|p2a: Checkmate\n|move|p1a: Ceruledge|Swords Dance|p1a: Ceruledge\n|-boost|p1a: Ceruledge|atk|2\n|\n|-weather|none\n|upkeep\n|turn|17\n|\n|t:|1699557302\n|move|p1a: Ceruledge|Swords Dance|p1a: Ceruledge\n|-boost|p1a: Ceruledge|atk|2\n|move|p2a: Checkmate|Kowtow Cleave|p1a: Ceruledge\n|-supereffective|p1a: Ceruledge\n|-damage|p1a: Ceruledge|0 fnt\n|faint|p1a: Ceruledge\n|\n|win|Docter_Peng99\n|n|\u2606TaxFraud094|taxfraud094\n|n|@kenn|kenn\n|n|\u2606Docter_Peng99|docterpeng99\n|n| mid ladder memes|midladdermemes\n","uploadtime":1699557304,"views":4,"p1id":"taxfraud094","p2id":"docterpeng99","formatid":"gen9anythinggoes","rating":0,"private":0,"password":""}