{"id":"gen9anythinggoes-1994981086","p1":"SilverMaracti","p2":"SonicSpeedKaleb","format":"[Gen 9] Anything Goes","log":"|j|\u2606SilverMaracti\n|j|\u2606SonicSpeedKaleb\n|t:|1700510186\n|gametype|singles\n|player|p1|SilverMaracti|steven|1257\n|player|p2|SonicSpeedKaleb|1|1305\n|teamsize|p1|6\n|teamsize|p2|6\n|gen|9\n|tier|[Gen 9] Anything Goes\n|rated|\n|rule|HP Percentage Mod: HP is shown in percentages\n|rule|Endless Battle Clause: Forcing endless battles is banned\n|clearpoke\n|poke|p1|Chi-Yu|\n|poke|p1|Roaring Moon|\n|poke|p1|Quagsire, F|\n|poke|p1|Gliscor, F|\n|poke|p1|Gholdengo|\n|poke|p1|Amoonguss, M|\n|poke|p2|Skeledirge, M|\n|poke|p2|Pawmot, M|\n|poke|p2|Gardevoir, F|\n|poke|p2|Gliscor, F|\n|poke|p2|Lycanroc, M|\n|poke|p2|Koraidon|\n|teampreview\n|c|\u2606SonicSpeedKaleb|Yes! No Glimmora or anyone else who can be annoying!\n|\n|t:|1700510197\n|start\n|switch|p1a: Bunsen|Quagsire, F, shiny|100\/100\n|switch|p2a: Gliscor|Gliscor, F|100\/100\n|turn|1\n|inactive|Battle timer is ON: inactive players will automatically lose when time's up. (requested by SonicSpeedKaleb)\n|\n|t:|1700510208\n|move|p2a: Gliscor|Swords Dance|p2a: Gliscor\n|-boost|p2a: Gliscor|atk|2\n|move|p1a: Bunsen|Spikes|p2a: Gliscor\n|-sidestart|p2: SonicSpeedKaleb|Spikes\n|\n|upkeep\n|turn|2\n|\n|t:|1700510226\n|move|p2a: Gliscor|Agility|p2a: Gliscor\n|-boost|p2a: Gliscor|spe|2\n|move|p1a: Bunsen|Spikes|p2a: Gliscor\n|-sidestart|p2: SonicSpeedKaleb|Spikes\n|\n|upkeep\n|turn|3\n|\n|t:|1700510238\n|move|p2a: Gliscor|Swords Dance|p2a: Gliscor\n|-boost|p2a: Gliscor|atk|2\n|move|p1a: Bunsen|Spikes|p2a: Gliscor\n|-sidestart|p2: SonicSpeedKaleb|Spikes\n|\n|upkeep\n|turn|4\n|\n|t:|1700510256\n|switch|p1a: Overheat Specs|Chi-Yu|100\/100\n|-ability|p1a: Overheat Specs|Beads of Ruin\n|move|p2a: Gliscor|Earthquake|p1a: Overheat Specs\n|-supereffective|p1a: Overheat Specs\n|-crit|p1a: Overheat Specs\n|-damage|p1a: Overheat Specs|0 fnt\n|faint|p1a: Overheat Specs\n|\n|upkeep\n|inactive|SilverMaracti has 120 seconds left.\n|\n|t:|1700510274\n|switch|p1a: Yummy poison|Gliscor, F|100\/100\n|turn|5\n|inactive|SilverMaracti has 120 seconds left.\n|\n|t:|1700510286\n|move|p2a: Gliscor|Baton Pass|p2a: Gliscor\n|\n|t:|1700510288\n|switch|p2a: Koraidon|Koraidon|100\/100|[from] Baton Pass\n|-damage|p2a: Koraidon|76\/100|[from] Spikes\n|-weather|SunnyDay|[from] ability: Orichalcum Pulse|[of] p2a: Koraidon\n|-activate|p2a: Koraidon|Orichalcum Pulse|[source]\n|move|p1a: Yummy poison|Knock Off|p2a: Koraidon\n|-resisted|p2a: Koraidon\n|-damage|p2a: Koraidon|66\/100\n|-enditem|p2a: Koraidon|Focus Sash|[from] move: Knock Off|[of] p1a: Yummy poison\n|\n|-weather|SunnyDay|[upkeep]\n|-status|p1a: Yummy poison|tox|[from] item: Toxic Orb\n|upkeep\n|turn|6\n|inactive|SilverMaracti has 120 seconds left.\n|\n|t:|1700510310\n|-terastallize|p2a: Koraidon|Dragon\n|move|p1a: Yummy poison|Protect|p1a: Yummy poison\n|-singleturn|p1a: Yummy poison|Protect\n|move|p2a: Koraidon|Tera Blast|p1a: Yummy poison|[anim] Tera Blast Dragon\n|-activate|p1a: Yummy poison|move: Protect\n|\n|-weather|SunnyDay|[upkeep]\n|upkeep\n|turn|7\n|inactive|SilverMaracti has 120 seconds left.\n|\n|t:|1700510326\n|switch|p1a: Reddit Gold|Gholdengo|100\/100\n|move|p2a: Koraidon|Iron Head|p1a: Reddit Gold\n|-resisted|p1a: Reddit Gold\n|-damage|p1a: Reddit Gold|45\/100\n|\n|-weather|SunnyDay|[upkeep]\n|upkeep\n|turn|8\n|inactive|SilverMaracti has 120 seconds left.\n|\n|t:|1700510341\n|move|p2a: Koraidon|Iron Head|p1a: Reddit Gold\n|-resisted|p1a: Reddit Gold\n|-damage|p1a: Reddit Gold|0 fnt\n|faint|p1a: Reddit Gold\n|\n|-weather|SunnyDay|[upkeep]\n|upkeep\n|\n|t:|1700510348\n|switch|p1a: Salamenace|Roaring Moon|100\/100\n|-activate|p1a: Salamenace|ability: Protosynthesis\n|-start|p1a: Salamenace|protosynthesisatk\n|turn|9\n|\n|t:|1700510355\n|move|p2a: Koraidon|Collision Course|p1a: Salamenace\n|-supereffective|p1a: Salamenace\n|-damage|p1a: Salamenace|0 fnt\n|faint|p1a: Salamenace\n|-end|p1a: Salamenace|Protosynthesis|[silent]\n|\n|-weather|none\n|upkeep\n|\n|t:|1700510366\n|switch|p1a: Bunsen|Quagsire, F, shiny|100\/100\n|turn|10\n|\n|t:|1700510373\n|move|p2a: Koraidon|Collision Course|p1a: Bunsen\n|-damage|p1a: Bunsen|63\/100\n|move|p1a: Bunsen|Toxic|p2a: Koraidon\n|-status|p2a: Koraidon|tox\n|\n|-heal|p1a: Bunsen|69\/100|[from] item: Leftovers\n|-damage|p2a: Koraidon|60\/100 tox|[from] psn\n|upkeep\n|turn|11\n|inactive|SilverMaracti has 120 seconds left.\n|c|\u2606SonicSpeedKaleb|What the hell?\n|\n|t:|1700510387\n|move|p2a: Koraidon|Tera Blast|p1a: Bunsen|[anim] Tera Blast Dragon\n|-damage|p1a: Bunsen|29\/100\n|move|p1a: Bunsen|Earthquake|p2a: Koraidon\n|-damage|p2a: Koraidon|35\/100 tox\n|\n|-heal|p1a: Bunsen|36\/100|[from] item: Leftovers\n|-damage|p2a: Koraidon|22\/100 tox|[from] psn\n|upkeep\n|turn|12\n|n|!SonicSpeedKaleb|sonicspeedkaleb\n|inactive|SilverMaracti has 120 seconds left.\n|\n|t:|1700510399\n|move|p2a: Koraidon|Tera Blast|p1a: Bunsen|[anim] Tera Blast Dragon\n|-damage|p1a: Bunsen|0 fnt\n|faint|p1a: Bunsen\n|\n|-damage|p2a: Koraidon|4\/100 tox|[from] psn\n|upkeep\n|\n|t:|1700510407\n|switch|p1a: Sus|Amoonguss, M|100\/100\n|turn|13\n|inactive|SilverMaracti has 120 seconds left.\n|\n|t:|1700510418\n|move|p2a: Koraidon|Dragon Claw|p1a: Sus\n|-damage|p1a: Sus|0 fnt\n|faint|p1a: Sus\n|\n|-damage|p2a: Koraidon|0 fnt|[from] psn\n|faint|p2a: Koraidon\n|upkeep\n|\n|t:|1700510427\n|switch|p2a: Pawmot|Pawmot, M|100\/100\n|switch|p1a: Yummy poison|Gliscor, F|100\/100 tox\n|-damage|p2a: Pawmot|76\/100|[from] Spikes\n|turn|14\n|\n|t:|1700510438\n|move|p2a: Pawmot|Revival Blessing|p2a: Pawmot\n|\n|t:|1700510442\n|-heal|p2: Koraidon|50\/100|[from] move: Revival Blessing\n|move|p1a: Yummy poison|Earthquake|p2a: Pawmot\n|-supereffective|p2a: Pawmot\n|-damage|p2a: Pawmot|0 fnt\n|faint|p2a: Pawmot\n|\n|upkeep\n|\n|t:|1700510455\n|switch|p2a: Lycanroc|Lycanroc, M|100\/100\n|-damage|p2a: Lycanroc|75\/100|[from] Spikes\n|turn|15\n|\n|t:|1700510469\n|move|p2a: Lycanroc|Accelerock|p1a: Yummy poison\n|-damage|p1a: Yummy poison|89\/100 tox\n|move|p1a: Yummy poison|Earthquake|p2a: Lycanroc\n|-supereffective|p2a: Lycanroc\n|-damage|p2a: Lycanroc|0 fnt\n|faint|p2a: Lycanroc\n|\n|-heal|p1a: Yummy poison|100\/100 tox|[from] ability: Poison Heal\n|upkeep\n|\n|t:|1700510480\n|switch|p2a: Koraidon|Koraidon|50\/100\n|-damage|p2a: Koraidon|25\/100|[from] Spikes\n|-weather|SunnyDay|[from] ability: Orichalcum Pulse|[of] p2a: Koraidon\n|-activate|p2a: Koraidon|Orichalcum Pulse|[source]\n|turn|16\n|\n|t:|1700510496\n|move|p2a: Koraidon|Iron Head|p1a: Yummy poison\n|-damage|p1a: Yummy poison|77\/100 tox\n|cant|p1a: Yummy poison|flinch\n|\n|-weather|SunnyDay|[upkeep]\n|-heal|p1a: Yummy poison|89\/100 tox|[from] ability: Poison Heal\n|upkeep\n|turn|17\n|\n|t:|1700510507\n|move|p2a: Koraidon|Dragon Claw|p1a: Yummy poison\n|-damage|p1a: Yummy poison|53\/100 tox\n|move|p1a: Yummy poison|Earthquake|p2a: Koraidon\n|-damage|p2a: Koraidon|0 fnt\n|faint|p2a: Koraidon\n|\n|-weather|SunnyDay|[upkeep]\n|-heal|p1a: Yummy poison|65\/100 tox|[from] ability: Poison Heal\n|upkeep\n|\n|t:|1700510519\n|switch|p2a: Gliscor|Gliscor, F|100\/100\n|turn|18\n|\n|t:|1700510522\n|move|p2a: Gliscor|Agility|p2a: Gliscor\n|-boost|p2a: Gliscor|spe|2\n|move|p1a: Yummy poison|Knock Off|p2a: Gliscor\n|-damage|p2a: Gliscor|81\/100\n|-enditem|p2a: Gliscor|Focus Sash|[from] move: Knock Off|[of] p1a: Yummy poison\n|\n|-weather|SunnyDay|[upkeep]\n|-heal|p1a: Yummy poison|78\/100 tox|[from] ability: Poison Heal\n|upkeep\n|turn|19\n|\n|t:|1700510539\n|move|p2a: Gliscor|Baton Pass|p2a: Gliscor\n|\n|t:|1700510542\n|switch|p2a: Gardevoir|Gardevoir, F|100\/100|[from] Baton Pass\n|-damage|p2a: Gardevoir|76\/100|[from] Spikes\n|-ability|p2a: Gardevoir|Poison Heal|[from] ability: Trace|[of] p1a: Yummy poison\n|move|p1a: Yummy poison|Knock Off|p2a: Gardevoir\n|-damage|p2a: Gardevoir|40\/100\n|-enditem|p2a: Gardevoir|Focus Sash|[from] move: Knock Off|[of] p1a: Yummy poison\n|\n|-weather|SunnyDay|[upkeep]\n|-heal|p1a: Yummy poison|90\/100 tox|[from] ability: Poison Heal\n|upkeep\n|turn|20\n|\n|t:|1700510558\n|move|p2a: Gardevoir|Moonblast|p1a: Yummy poison\n|-damage|p1a: Yummy poison|31\/100 tox\n|-unboost|p1a: Yummy poison|spa|1\n|move|p1a: Yummy poison|Earthquake|p2a: Gardevoir\n|-damage|p2a: Gardevoir|0 fnt\n|faint|p2a: Gardevoir\n|\n|-weather|none\n|-heal|p1a: Yummy poison|43\/100 tox|[from] ability: Poison Heal\n|upkeep\n|\n|t:|1700510566\n|switch|p2a: Skeledirge|Skeledirge, M|100\/100\n|-damage|p2a: Skeledirge|76\/100|[from] Spikes\n|turn|21\n|\n|t:|1700510575\n|move|p1a: Yummy poison|Protect|p1a: Yummy poison\n|-singleturn|p1a: Yummy poison|Protect\n|move|p2a: Skeledirge|Torch Song|p1a: Yummy poison\n|-activate|p1a: Yummy poison|move: Protect\n|\n|-heal|p1a: Yummy poison|56\/100 tox|[from] ability: Poison Heal\n|upkeep\n|turn|22\n|\n|t:|1700510585\n|move|p1a: Yummy poison|Knock Off|p2a: Skeledirge\n|-supereffective|p2a: Skeledirge\n|-damage|p2a: Skeledirge|42\/100\n|-enditem|p2a: Skeledirge|Quick Claw|[from] move: Knock Off|[of] p1a: Yummy poison\n|move|p2a: Skeledirge|Torch Song|p1a: Yummy poison\n|-damage|p1a: Yummy poison|2\/100 tox\n|-boost|p2a: Skeledirge|spa|1\n|\n|-heal|p1a: Yummy poison|15\/100 tox|[from] ability: Poison Heal\n|upkeep\n|turn|23\n|\n|t:|1700510597\n|move|p1a: Yummy poison|Protect|p1a: Yummy poison\n|-singleturn|p1a: Yummy poison|Protect\n|move|p2a: Skeledirge|Torch Song|p1a: Yummy poison\n|-activate|p1a: Yummy poison|move: Protect\n|\n|-heal|p1a: Yummy poison|27\/100 tox|[from] ability: Poison Heal\n|upkeep\n|turn|24\n|\n|t:|1700510605\n|move|p1a: Yummy poison|Earthquake|p2a: Skeledirge\n|-supereffective|p2a: Skeledirge\n|-damage|p2a: Skeledirge|0 fnt\n|faint|p2a: Skeledirge\n|\n|-heal|p1a: Yummy poison|39\/100 tox|[from] ability: Poison Heal\n|upkeep\n|-message|SonicSpeedKaleb forfeited.\n|\n|win|SilverMaracti\n|raw|SilverMaracti's rating: 1257 &rarr; <strong>1285<\/strong><br \/>(+28 for winning)\n|raw|SonicSpeedKaleb's rating: 1305 &rarr; <strong>1282<\/strong><br \/>(-23 for losing)\n|l|!SonicSpeedKaleb\n","uploadtime":1700510402,"views":0,"p1id":"silvermaracti","p2id":"sonicspeedkaleb","formatid":"gen9anythinggoes","rating":1282,"private":0,"password":""}