{"id":"gen9anythinggoes-1973776713","p1":"Poyo09t","p2":"Auby69","format":"[Gen 9] Anything Goes","log":"|j|\u2606Poyo09t\n|j|\u2606Auby69\n|t:|1698012315\n|gametype|singles\n|player|p1|Poyo09t|unknown|\n|player|p2|Auby69|lady|\n|teamsize|p1|6\n|teamsize|p2|6\n|gen|9\n|tier|[Gen 9] Anything Goes\n|rule|HP Percentage Mod: HP is shown in percentages\n|rule|Endless Battle Clause: Forcing endless battles is banned\n|clearpoke\n|poke|p1|Meowscarada, F|\n|poke|p1|Annihilape, M|\n|poke|p1|Koraidon|\n|poke|p1|Iron Valiant|\n|poke|p1|Kingambit, M|\n|poke|p1|Corviknight, F|\n|poke|p2|Meowscarada, M|\n|poke|p2|Iron Moth|\n|poke|p2|Gholdengo|\n|poke|p2|Great Tusk|\n|poke|p2|Iron Jugulis|\n|poke|p2|Dragonite, M|\n|teampreview\n|c|\u2606Poyo09t|why male\n|\n|t:|1698012330\n|start\n|switch|p1a: Kingambit|Kingambit, M|100\/100\n|switch|p2a: Meowscarada|Meowscarada, M|100\/100\n|turn|1\n|\n|t:|1698012346\n|move|p2a: Meowscarada|Spikes|p1a: Kingambit\n|-sidestart|p1: Poyo09t|Spikes\n|move|p1a: Kingambit|Iron Head|p2a: Meowscarada\n|-damage|p2a: Meowscarada|26\/100\n|\n|upkeep\n|turn|2\n|\n|t:|1698012358\n|move|p2a: Meowscarada|Knock Off|p1a: Kingambit\n|-resisted|p1a: Kingambit\n|-damage|p1a: Kingambit|88\/100\n|-enditem|p1a: Kingambit|Leftovers|[from] move: Knock Off|[of] p2a: Meowscarada\n|move|p1a: Kingambit|Kowtow Cleave|p2a: Meowscarada\n|-resisted|p2a: Meowscarada\n|-damage|p2a: Meowscarada|0 fnt\n|faint|p2a: Meowscarada\n|\n|upkeep\n|c|\u2606Poyo09t|oh its the same team\n|\n|t:|1698012379\n|switch|p2a: Iron Moth|Iron Moth|100\/100\n|-enditem|p2a: Iron Moth|Booster Energy\n|-activate|p2a: Iron Moth|ability: Quark Drive|[fromitem]\n|-start|p2a: Iron Moth|quarkdrivespa\n|turn|3\n|c|\u2606Poyo09t|i already forgot your strat\n|\n|t:|1698012396\n|move|p1a: Kingambit|Sucker Punch||[still]\n|-fail|p1a: Kingambit\n|move|p2a: Iron Moth|Agility|p2a: Iron Moth\n|-boost|p2a: Iron Moth|spe|2\n|\n|upkeep\n|turn|4\n|\n|t:|1698012405\n|move|p2a: Iron Moth|Flamethrower|p1a: Kingambit\n|-supereffective|p1a: Kingambit\n|-damage|p1a: Kingambit|0 fnt\n|faint|p1a: Kingambit\n|-end|p1a: Kingambit|fallenundefined|[silent]\n|\n|upkeep\n|c|\u2606Auby69|this is the strat\n|\n|t:|1698012414\n|switch|p1a: Koraidon|Koraidon|100\/100\n|-damage|p1a: Koraidon|88\/100|[from] Spikes\n|-weather|SunnyDay|[from] ability: Orichalcum Pulse|[of] p1a: Koraidon\n|-activate|p1a: Koraidon|Orichalcum Pulse|[source]\n|turn|5\n|c|\u2606Auby69|enjoy\n|\n|t:|1698012433\n|move|p2a: Iron Moth|Dazzling Gleam|p1a: Koraidon\n|-supereffective|p1a: Koraidon\n|-damage|p1a: Koraidon|0 fnt\n|faint|p1a: Koraidon\n|\n|-weather|SunnyDay|[upkeep]\n|upkeep\n|c|\u2606Poyo09t|of course\n|\n|t:|1698012442\n|switch|p1a: Annihilape|Annihilape, M|100\/100\n|-damage|p1a: Annihilape|88\/100|[from] Spikes\n|turn|6\n|\n|t:|1698012453\n|move|p2a: Iron Moth|Psychic|p1a: Annihilape\n|-supereffective|p1a: Annihilape\n|-damage|p1a: Annihilape|0 fnt\n|faint|p1a: Annihilape\n|\n|-weather|SunnyDay|[upkeep]\n|upkeep\n|\n|t:|1698012458\n|switch|p1a: Iron Valiant|Iron Valiant|100\/100\n|-damage|p1a: Iron Valiant|88\/100|[from] Spikes\n|turn|7\n|\n|t:|1698012483\n|move|p2a: Iron Moth|Psychic|p1a: Iron Valiant\n|-supereffective|p1a: Iron Valiant\n|-damage|p1a: Iron Valiant|0 fnt\n|faint|p1a: Iron Valiant\n|-end|p1a: Iron Valiant|Quark Drive|[silent]\n|\n|-weather|SunnyDay|[upkeep]\n|upkeep\n|\n|t:|1698012489\n|switch|p1a: Corviknight|Corviknight, F|100\/100\n|turn|8\n|\n|t:|1698012510\n|move|p2a: Iron Moth|Flamethrower|p1a: Corviknight\n|-supereffective|p1a: Corviknight\n|-damage|p1a: Corviknight|0 fnt\n|faint|p1a: Corviknight\n|\n|-weather|SunnyDay|[upkeep]\n|upkeep\n|\n|t:|1698012515\n|switch|p1a: Meowscarada|Meowscarada, F|100\/100\n|-damage|p1a: Meowscarada|88\/100|[from] Spikes\n|turn|9\n|\n|t:|1698012525\n|move|p2a: Iron Moth|Flamethrower|p1a: Meowscarada\n|-supereffective|p1a: Meowscarada\n|-damage|p1a: Meowscarada|0 fnt\n|faint|p1a: Meowscarada\n|\n|win|Auby69\n|c|\u2606Auby69|amazing\n|c|\u2606Poyo09t|why\n|c|\u2606Auby69|1 iron moth\n|c|\u2606Auby69|or\n|c|\u2606Auby69|6 pokemon\n|c|\u2606Auby69|who wins\n|c|\u2606Poyo09t|how\n|c|\u2606Poyo09t|doi win\n|c|\u2606Auby69|uh\n|c|\u2606Auby69|i have no idea how to beat this either\n|l|\u2606Poyo09t\n","uploadtime":1698013154,"views":13,"p1id":"poyo09t","p2id":"auby69","formatid":"gen9anythinggoes","rating":0,"private":0,"password":""}