{"id":"gen9anythinggoes-1991965664","p1":"Thisisnyxoy","p2":"SporisBoris","format":"[Gen 9] Anything Goes","log":"|j|\u2606Thisisnyxoy\n|j|\u2606SporisBoris\n|t:|1700143297\n|gametype|singles\n|player|p1|Thisisnyxoy|schoolkid|1133\n|player|p2|SporisBoris|riley|1183\n|teamsize|p1|6\n|teamsize|p2|6\n|gen|9\n|tier|[Gen 9] Anything Goes\n|rated|\n|rule|HP Percentage Mod: HP is shown in percentages\n|rule|Endless Battle Clause: Forcing endless battles is banned\n|clearpoke\n|poke|p1|Chien-Pao|\n|poke|p1|Perrserker, F|\n|poke|p1|Calyrex-Shadow|\n|poke|p1|Baxcalibur, M|\n|poke|p1|Ogerpon-Wellspring, F|\n|poke|p1|Garganacl, M|\n|poke|p2|Maushold-Four|\n|poke|p2|Flutter Mane|\n|poke|p2|Miraidon|\n|poke|p2|Rabsca, M|\n|poke|p2|Garganacl, F|\n|poke|p2|Houndstone, M|\n|teampreview\n|inactive|Battle timer is ON: inactive players will automatically lose when time's up. (requested by Thisisnyxoy)\n|\n|t:|1700143322\n|start\n|switch|p1a: Roll the dice|Baxcalibur, M, shiny|100\/100\n|switch|p2a: DeMarco|Miraidon|100\/100\n|-fieldstart|move: Electric Terrain|[from] ability: Hadron Engine|[of] p2a: DeMarco\n|turn|1\n|inactive|SporisBoris has 120 seconds left.\n|\n|t:|1700143354\n|-terastallize|p2a: DeMarco|Electric\n|-terastallize|p1a: Roll the dice|Poison\n|move|p2a: DeMarco|Flash Cannon|p1a: Roll the dice\n|-damage|p1a: Roll the dice|61\/100\n|move|p1a: Roll the dice|Dragon Dance|p1a: Roll the dice\n|-boost|p1a: Roll the dice|atk|1\n|-boost|p1a: Roll the dice|spe|1\n|\n|upkeep\n|turn|2\n|\n|t:|1700143364\n|move|p1a: Roll the dice|Earthquake|p2a: DeMarco\n|-supereffective|p2a: DeMarco\n|-damage|p2a: DeMarco|0 fnt\n|faint|p2a: DeMarco\n|\n|upkeep\n|\n|t:|1700143378\n|switch|p2a: Rabsca|Rabsca, M, shiny|100\/100\n|turn|3\n|\n|t:|1700143383\n|move|p1a: Roll the dice|Scale Shot|p2a: Rabsca\n|-damage|p2a: Rabsca|81\/100\n|-crit|p2a: Rabsca\n|-damage|p2a: Rabsca|52\/100\n|-damage|p2a: Rabsca|33\/100\n|-damage|p2a: Rabsca|12\/100\n|-hitcount|p2a: Rabsca|4\n|-unboost|p1a: Roll the dice|def|1\n|-boost|p1a: Roll the dice|spe|1\n|move|p2a: Rabsca|Trick Room|p2a: Rabsca\n|-fieldstart|move: Trick Room|[of] p2a: Rabsca\n|\n|upkeep\n|turn|4\n|\n|t:|1700143387\n|move|p2a: Rabsca|Revival Blessing|p2a: Rabsca\n|-enditem|p2a: Rabsca|Leppa Berry|[eat]\n|-activate|p2a: Rabsca|item: Leppa Berry|Revival Blessing|[consumed]\n|\n|t:|1700143389\n|-heal|p2: DeMarco|50\/100|[from] move: Revival Blessing\n|move|p1a: Roll the dice|Scale Shot|p2a: Rabsca\n|-damage|p2a: Rabsca|0 fnt\n|faint|p2a: Rabsca\n|-hitcount|p2: Rabsca|1\n|-unboost|p1a: Roll the dice|def|1\n|-boost|p1a: Roll the dice|spe|1\n|\n|upkeep\n|\n|t:|1700143403\n|switch|p2a: Flutter Mane|Flutter Mane, shiny|100\/100\n|turn|5\n|\n|t:|1700143409\n|move|p2a: Flutter Mane|Psyshock|p1a: Roll the dice\n|-supereffective|p1a: Roll the dice\n|-damage|p1a: Roll the dice|0 fnt\n|faint|p1a: Roll the dice\n|-damage|p2a: Flutter Mane|91\/100|[from] item: Life Orb\n|\n|-fieldend|move: Electric Terrain\n|upkeep\n|-message|Thisisnyxoy forfeited.\n|\n|win|SporisBoris\n|raw|Thisisnyxoy's rating: 1133 &rarr; <strong>1112<\/strong><br \/>(-21 for losing)\n|raw|SporisBoris's rating: 1183 &rarr; <strong>1204<\/strong><br \/>(+21 for winning)\n|l|\u2606Thisisnyxoy\n","uploadtime":1700143414,"views":5,"p1id":"thisisnyxoy","p2id":"sporisboris","formatid":"gen9anythinggoes","rating":1112,"private":0,"password":""}