{"id":"gen9anythinggoes-1974279992","p1":"GiftedPhoenix1","p2":"CigarSmokerForever","format":"[Gen 9] Anything Goes","log":"|j|\u2606GiftedPhoenix1\n|j|\u2606CigarSmokerForever\n|t:|1698074392\n|gametype|singles\n|player|p1|GiftedPhoenix1|170|\n|player|p2|CigarSmokerForever|red|\n|teamsize|p1|6\n|teamsize|p2|6\n|gen|9\n|tier|[Gen 9] Anything Goes\n|rule|HP Percentage Mod: HP is shown in percentages\n|rule|Endless Battle Clause: Forcing endless battles is banned\n|clearpoke\n|poke|p1|Chi-Yu|\n|poke|p1|Miraidon|\n|poke|p1|Calyrex-Shadow|\n|poke|p1|Cloyster, M|\n|poke|p1|Iron Valiant|\n|poke|p1|Ceruledge, F|\n|poke|p2|Calyrex-Shadow|\n|poke|p2|Zacian-*|\n|poke|p2|Groudon|\n|poke|p2|Koraidon|\n|poke|p2|Kyogre|\n|poke|p2|Chien-Pao|\n|teampreview\n|inactive|Battle timer is ON: inactive players will automatically lose when time's up. (requested by CigarSmokerForever)\n|\n|t:|1698074399\n|start\n|switch|p1a: Calyrex|Calyrex-Shadow|100\/100\n|switch|p2a: Chien-Pao|Chien-Pao|100\/100\n|-ability|p1a: Calyrex|As One\n|-ability|p1a: Calyrex|Unnerve\n|-ability|p2a: Chien-Pao|Sword of Ruin\n|turn|1\n|\n|t:|1698074409\n|move|p1a: Calyrex|Nasty Plot|p1a: Calyrex\n|-boost|p1a: Calyrex|spa|2\n|move|p2a: Chien-Pao|Throat Chop|p1a: Calyrex\n|-supereffective|p1a: Calyrex\n|-enditem|p1a: Calyrex|Focus Sash\n|-damage|p1a: Calyrex|1\/100\n|-start|p1a: Calyrex|Throat Chop|[silent]\n|\n|upkeep\n|turn|2\n|\n|t:|1698074422\n|move|p2a: Chien-Pao|Ice Shard|p1a: Calyrex\n|-damage|p1a: Calyrex|0 fnt\n|faint|p1a: Calyrex\n|\n|upkeep\n|c|\u2606CigarSmokerForever|!DT ICE SHARD\n|raw|<ul class=\"utilichart\"><li class=\"result\"><span class=\"col movenamecol\"><a href=\"https:\/\/dex.pokemonshowdown.com\/moves\/iceshard\">Ice Shard<\/a><\/span> <span class=\"col typecol\"><img src=\"\/\/play.pokemonshowdown.com\/sprites\/types\/Ice.png\" alt=\"Ice\" width=\"32\" height=\"14\"><img src=\"\/\/play.pokemonshowdown.com\/sprites\/categories\/Physical.png\" alt=\"Physical\" width=\"32\" height=\"14\"><\/span> <span class=\"col labelcol\"><em>Power<\/em><br>40<\/span> <span class=\"col widelabelcol\"><em>Accuracy<\/em><br>100%<\/span> <span class=\"col pplabelcol\"><em>PP<\/em><br>48<\/span> <span class=\"col movedesccol\">Usually goes first.<\/span> <\/li><li style=\"clear:both\"><\/li><\/ul>\n|raw|<font size=\"1\"><font color=\"#686868\">Priority:<\/font> 1&nbsp;|&ThickSpace;<font color=\"#686868\">Gen:<\/font> 4&nbsp;|&ThickSpace;<font color=\"#686868\">Z-Power:<\/font> 100&nbsp;|&ThickSpace;<font color=\"#686868\">Dynamax Power:<\/font> 90&nbsp;|&ThickSpace;<font color=\"#686868\">Target:<\/font> One Adjacent Pok\u00e9mon<\/font>\n\n|\n|t:|1698074430\n|switch|p1a: Cloyster|Cloyster, M|100\/100\n|turn|3\n|\n|t:|1698074439\n|move|p2a: Chien-Pao|Throat Chop|p1a: Cloyster\n|-damage|p1a: Cloyster|59\/100\n|-start|p1a: Cloyster|Throat Chop|[silent]\n|move|p1a: Cloyster|Shell Smash|p1a: Cloyster\n|-unboost|p1a: Cloyster|def|1\n|-unboost|p1a: Cloyster|spd|1\n|-boost|p1a: Cloyster|atk|2\n|-boost|p1a: Cloyster|spa|2\n|-boost|p1a: Cloyster|spe|2\n|\n|upkeep\n|turn|4\n|\n|t:|1698074447\n|move|p1a: Cloyster|Icicle Spear|p2a: Chien-Pao\n|-resisted|p2a: Chien-Pao\n|-crit|p2a: Chien-Pao\n|-damage|p2a: Chien-Pao|77\/100\n|-resisted|p2a: Chien-Pao\n|-damage|p2a: Chien-Pao|61\/100\n|-resisted|p2a: Chien-Pao\n|-damage|p2a: Chien-Pao|44\/100\n|-resisted|p2a: Chien-Pao\n|-damage|p2a: Chien-Pao|30\/100\n|-resisted|p2a: Chien-Pao\n|-damage|p2a: Chien-Pao|14\/100\n|-hitcount|p2a: Chien-Pao|5\n|move|p2a: Chien-Pao|Throat Chop|p1a: Cloyster\n|-damage|p1a: Cloyster|0 fnt\n|faint|p1a: Cloyster\n|\n|upkeep\n|\n|t:|1698074464\n|switch|p1a: Futurama|Miraidon|100\/100\n|-fieldstart|move: Electric Terrain|[from] ability: Hadron Engine|[of] p1a: Futurama\n|turn|5\n|\n|t:|1698074471\n|move|p2a: Chien-Pao|Ice Spinner|p1a: Futurama\n|-supereffective|p1a: Futurama\n|-damage|p1a: Futurama|0 fnt\n|-fieldend|move: Electric Terrain\n|faint|p1a: Futurama\n|\n|upkeep\n|\n|t:|1698074481\n|switch|p1a: Gardellade|Iron Valiant|100\/100\n|turn|6\n|\n|t:|1698074492\n|move|p1a: Gardellade|Shadow Sneak|p2a: Chien-Pao\n|-resisted|p2a: Chien-Pao\n|-damage|p2a: Chien-Pao|1\/100\n|-damage|p1a: Gardellade|91\/100|[from] item: Life Orb\n|move|p2a: Chien-Pao|Ice Spinner|p1a: Gardellade\n|-damage|p1a: Gardellade|26\/100\n|\n|upkeep\n|turn|7\n|\n|t:|1698074498\n|move|p2a: Chien-Pao|Ice Shard|p1a: Gardellade\n|-damage|p1a: Gardellade|0 fnt\n|faint|p1a: Gardellade\n|-end|p1a: Gardellade|Quark Drive|[silent]\n|\n|upkeep\n|\n|t:|1698074504\n|switch|p1a: Demonfish|Chi-Yu|100\/100\n|-ability|p1a: Demonfish|Beads of Ruin\n|turn|8\n|\n|t:|1698074509\n|move|p2a: Chien-Pao|Sacred Sword|p1a: Demonfish\n|-supereffective|p1a: Demonfish\n|-damage|p1a: Demonfish|0 fnt\n|faint|p1a: Demonfish\n|\n|upkeep\n|\n|t:|1698074515\n|switch|p1a: Dark Knight|Ceruledge, F|100\/100\n|turn|9\n|\n|t:|1698074519\n|move|p2a: Chien-Pao|Throat Chop|p1a: Dark Knight\n|-supereffective|p1a: Dark Knight\n|-enditem|p1a: Dark Knight|Focus Sash\n|-damage|p1a: Dark Knight|1\/100\n|-start|p1a: Dark Knight|Throat Chop|[silent]\n|-ability|p1a: Dark Knight|Weak Armor|boost\n|-unboost|p1a: Dark Knight|def|1\n|-boost|p1a: Dark Knight|spe|2\n|move|p1a: Dark Knight|Swords Dance|p1a: Dark Knight\n|-boost|p1a: Dark Knight|atk|2\n|\n|upkeep\n|turn|10\n|\n|t:|1698074531\n|move|p2a: Chien-Pao|Ice Shard|p1a: Dark Knight\n|-resisted|p1a: Dark Knight\n|-damage|p1a: Dark Knight|0 fnt\n|faint|p1a: Dark Knight\n|\n|win|CigarSmokerForever\n|l|\u2606GiftedPhoenix1\n","uploadtime":1698074547,"views":19,"p1id":"giftedphoenix1","p2id":"cigarsmokerforever","formatid":"gen9anythinggoes","rating":0,"private":0,"password":""}