{"id":"gen9anythinggoes-1981711437","p1":"hoenn militian","p2":"AGisgood","format":"[Gen 9] Anything Goes","log":"|j|\u2606hoenn militian\n|j|\u2606AGisgood\n|t:|1698935740\n|gametype|singles\n|player|p1|hoenn militian|102|1872\n|player|p2|AGisgood|cynthia-gen4|1823\n|teamsize|p1|6\n|teamsize|p2|6\n|gen|9\n|tier|[Gen 9] Anything Goes\n|rated|\n|rule|HP Percentage Mod: HP is shown in percentages\n|rule|Endless Battle Clause: Forcing endless battles is banned\n|clearpoke\n|poke|p1|Miraidon|\n|poke|p1|Grimmsnarl, M|\n|poke|p1|Skeledirge, M|\n|poke|p1|Blissey, F|\n|poke|p1|Moltres|\n|poke|p1|Calyrex-Ice|\n|poke|p2|Arceus|\n|poke|p2|Calyrex-Shadow|\n|poke|p2|Koraidon|\n|poke|p2|Ting-Lu|\n|poke|p2|Zacian-*|\n|poke|p2|Arceus-Ground|\n|teampreview\n|inactive|Battle timer is ON: inactive players will automatically lose when time's up. (requested by AGisgood)\n|\n|t:|1698935752\n|start\n|switch|p1a: Moltres|Moltres|100\/100\n|switch|p2a: Calyrex|Calyrex-Shadow|100\/100\n|-ability|p2a: Calyrex|As One\n|-ability|p2a: Calyrex|Unnerve\n|turn|1\n|inactive|hoenn militian has 120 seconds left.\n|\n|t:|1698935784\n|move|p2a: Calyrex|Nasty Plot|p2a: Calyrex\n|-boost|p2a: Calyrex|spa|2\n|move|p1a: Moltres|U-turn|p2a: Calyrex\n|-damage|p2a: Calyrex|84\/100\n|inactive|hoenn militian has 120 seconds left.\n|\n|t:|1698935792\n|switch|p1a: Grimmsnarl|Grimmsnarl, M|100\/100|[from] U-turn\n|\n|upkeep\n|turn|2\n|\n|t:|1698935804\n|-terastallize|p2a: Calyrex|Fighting\n|move|p2a: Calyrex|Tera Blast|p1a: Grimmsnarl|[anim] Tera Blast Fighting\n|-damage|p1a: Grimmsnarl|22\/100\n|move|p1a: Grimmsnarl|Spirit Break|p2a: Calyrex\n|-supereffective|p2a: Calyrex\n|-damage|p2a: Calyrex|5\/100\n|-unboost|p2a: Calyrex|spa|1\n|\n|upkeep\n|turn|3\n|\n|t:|1698935814\n|move|p1a: Grimmsnarl|Sucker Punch|p2a: Calyrex\n|-resisted|p2a: Calyrex\n|-damage|p2a: Calyrex|0 fnt\n|faint|p2a: Calyrex\n|\n|upkeep\n|\n|t:|1698935824\n|switch|p2a: Arceus|Arceus|100\/100\n|turn|4\n|\n|t:|1698935827\n|switch|p1a: Moltres|Moltres|100\/100\n|move|p2a: Arceus|Extreme Speed|p1a: Moltres\n|-damage|p1a: Moltres|72\/100\n|-status|p2a: Arceus|brn|[from] ability: Flame Body|[of] p1a: Moltres\n|\n|-damage|p2a: Arceus|94\/100 brn|[from] brn\n|upkeep\n|turn|5\n|\n|t:|1698935836\n|switch|p2a: Koraidon|Koraidon|100\/100\n|-weather|SunnyDay|[from] ability: Orichalcum Pulse|[of] p2a: Koraidon\n|-activate|p2a: Koraidon|Orichalcum Pulse|[source]\n|move|p1a: Moltres|U-turn|p2a: Koraidon\n|-resisted|p2a: Koraidon\n|-damage|p2a: Koraidon|94\/100\n|\n|t:|1698935848\n|switch|p1a: Skeledirge|Skeledirge, M|100\/100|[from] U-turn\n|\n|-weather|SunnyDay|[upkeep]\n|upkeep\n|turn|6\n|\n|t:|1698935853\n|move|p2a: Koraidon|U-turn|p1a: Skeledirge\n|-resisted|p1a: Skeledirge\n|-damage|p1a: Skeledirge|96\/100\n|\n|t:|1698935856\n|switch|p2a: Arceus|Arceus-Ground|100\/100|[from] U-turn\n|move|p1a: Skeledirge|Will-O-Wisp|p2a: Arceus\n|-status|p2a: Arceus|brn\n|\n|-weather|SunnyDay|[upkeep]\n|-damage|p2a: Arceus|94\/100 brn|[from] brn\n|upkeep\n|turn|7\n|\n|t:|1698935869\n|switch|p1a: Calyrex|Calyrex-Ice|100\/100\n|-ability|p1a: Calyrex|As One\n|-ability|p1a: Calyrex|Unnerve\n|move|p2a: Arceus|Taunt|p1a: Calyrex\n|-start|p1a: Calyrex|move: Taunt\n|\n|-weather|SunnyDay|[upkeep]\n|-damage|p2a: Arceus|88\/100 brn|[from] brn\n|upkeep\n|turn|8\n|\n|t:|1698935879\n|switch|p2a: Zacian|Zacian-Crowned|100\/100\n|-ability|p2a: Zacian|Intrepid Sword|boost\n|-boost|p2a: Zacian|atk|1\n|move|p1a: Calyrex|Glacial Lance|p2a: Zacian\n|-resisted|p2a: Zacian\n|-damage|p2a: Zacian|66\/100\n|\n|-weather|SunnyDay|[upkeep]\n|upkeep\n|turn|9\n|\n|t:|1698935895\n|switch|p1a: Skeledirge|Skeledirge, M|96\/100\n|move|p2a: Zacian|Behemoth Blade|p1a: Skeledirge\n|-resisted|p1a: Skeledirge\n|-damage|p1a: Skeledirge|79\/100\n|\n|-weather|none\n|upkeep\n|turn|10\n|\n|t:|1698935905\n|switch|p2a: Arceus|Arceus-Ground|88\/100 brn\n|move|p1a: Skeledirge|Torch Song|p2a: Arceus\n|-damage|p2a: Arceus|70\/100 brn\n|-boost|p1a: Skeledirge|spa|1\n|\n|-damage|p2a: Arceus|64\/100 brn|[from] brn\n|upkeep\n|turn|11\n|\n|t:|1698935913\n|switch|p1a: Calyrex|Calyrex-Ice|100\/100\n|-ability|p1a: Calyrex|As One\n|-ability|p1a: Calyrex|Unnerve\n|move|p2a: Arceus|Recover|p2a: Arceus\n|-heal|p2a: Arceus|100\/100 brn\n|\n|-damage|p2a: Arceus|94\/100 brn|[from] brn\n|upkeep\n|turn|12\n|-message|AGisgood forfeited.\n|\n|win|hoenn militian\n|raw|hoenn militian's rating: 1872 &rarr; <strong>1889<\/strong><br \/>(+17 for winning)\n|raw|AGisgood's rating: 1823 &rarr; <strong>1806<\/strong><br \/>(-17 for losing)\n|l|\u2606AGisgood\n","uploadtime":1698935949,"views":10,"p1id":"hoennmilitian","p2id":"agisgood","formatid":"gen9anythinggoes","rating":1806,"private":0,"password":""}