{"id":"gen9anythinggoes-1991257850","p1":"Justice0492","p2":"PokeBro LOST","format":"[Gen 9] Anything Goes","log":"|j|\u2606Justice0492\n|j|\u2606PokeBro LOST\n|t:|1700061938\n|gametype|singles\n|player|p1|Justice0492|cynthia-gen4|\n|player|p2|PokeBro LOST|169|\n|teamsize|p1|6\n|teamsize|p2|6\n|gen|9\n|tier|[Gen 9] Anything Goes\n|rule|HP Percentage Mod: HP is shown in percentages\n|rule|Endless Battle Clause: Forcing endless battles is banned\n|clearpoke\n|poke|p1|Shaymin|\n|poke|p1|Haxorus, M|\n|poke|p1|Scyther, M|\n|poke|p1|Iron Valiant|\n|poke|p1|Vaporeon, F|\n|poke|p1|Garchomp, F|\n|poke|p2|Noctowl, M|\n|poke|p2|Jirachi|\n|poke|p2|Goodra, M|\n|poke|p2|Ribombee, M|\n|poke|p2|Donphan, M|\n|poke|p2|Mienshao, M|\n|teampreview\n|\n|t:|1700061990\n|start\n|switch|p1a: Haxorus|Haxorus, M, shiny|100\/100\n|switch|p2a: MienBRO|Mienshao, M|100\/100\n|-ability|p1a: Haxorus|Mold Breaker\n|turn|1\n|\n|t:|1700062023\n|move|p1a: Haxorus|Outrage|p2a: MienBRO\n|-damage|p2a: MienBRO|0 fnt\n|faint|p2a: MienBRO\n|\n|upkeep\n|\n|t:|1700062030\n|switch|p2a: RibomBRO|Ribombee, M|100\/100\n|turn|2\n|\n|t:|1700062039\n|move|p1a: Haxorus|Outrage|p2a: RibomBRO|[from]lockedmove\n|-immune|p2a: RibomBRO\n|move|p2a: RibomBRO|Sticky Web|p1a: Haxorus\n|-sidestart|p1: Justice0492|move: Sticky Web\n|\n|upkeep\n|turn|3\n|\n|t:|1700062051\n|switch|p1a: Scyther|Scyther, M|100\/100\n|move|p2a: RibomBRO|Moonblast|p1a: Scyther\n|-damage|p1a: Scyther|45\/100\n|\n|upkeep\n|turn|4\n|\n|t:|1700062075\n|switch|p2a: GooBRO|Goodra, M, shiny|100\/100\n|move|p1a: Scyther|Dual Wingbeat|p2a: GooBRO\n|-damage|p2a: GooBRO|79\/100\n|-ability|p2a: GooBRO|Gooey\n|-unboost|p1a: Scyther|spe|1\n|-damage|p2a: GooBRO|56\/100\n|-ability|p2a: GooBRO|Gooey\n|-unboost|p1a: Scyther|spe|1\n|-hitcount|p2a: GooBRO|2\n|\n|-heal|p2a: GooBRO|63\/100|[from] item: Leftovers\n|upkeep\n|turn|5\n|\n|t:|1700062102\n|switch|p1a: Iron Valiant|Iron Valiant|100\/100\n|-activate|p1a: Iron Valiant|move: Sticky Web\n|-unboost|p1a: Iron Valiant|spe|1\n|-enditem|p1a: Iron Valiant|Booster Energy\n|-activate|p1a: Iron Valiant|ability: Quark Drive|[fromitem]\n|-start|p1a: Iron Valiant|quarkdrivespa\n|move|p2a: GooBRO|Toxic|p1a: Iron Valiant\n|-status|p1a: Iron Valiant|tox\n|\n|-heal|p2a: GooBRO|69\/100|[from] item: Leftovers\n|-damage|p1a: Iron Valiant|94\/100 tox|[from] psn\n|upkeep\n|turn|6\n|\n|t:|1700062166\n|move|p2a: GooBRO|Protect|p2a: GooBRO\n|-singleturn|p2a: GooBRO|Protect\n|move|p1a: Iron Valiant|Spirit Break|p2a: GooBRO\n|-activate|p2a: GooBRO|move: Protect\n|\n|-heal|p2a: GooBRO|75\/100|[from] item: Leftovers\n|-damage|p1a: Iron Valiant|82\/100 tox|[from] psn\n|upkeep\n|turn|7\n|\n|t:|1700062199\n|-terastallize|p2a: GooBRO|Fairy\n|move|p1a: Iron Valiant|Shadow Ball|p2a: GooBRO\n|-damage|p2a: GooBRO|54\/100\n|-unboost|p2a: GooBRO|spd|1\n|move|p2a: GooBRO|Knock Off|p1a: Iron Valiant\n|-resisted|p1a: Iron Valiant\n|-damage|p1a: Iron Valiant|77\/100 tox\n|\n|-heal|p2a: GooBRO|61\/100|[from] item: Leftovers\n|-damage|p1a: Iron Valiant|59\/100 tox|[from] psn\n|upkeep\n|turn|8\n|\n|t:|1700062260\n|move|p1a: Iron Valiant|Spirit Break|p2a: GooBRO\n|-damage|p2a: GooBRO|37\/100\n|-unboost|p2a: GooBRO|spa|1\n|-ability|p2a: GooBRO|Gooey\n|-unboost|p1a: Iron Valiant|spe|1\n|move|p2a: GooBRO|Toxic|p1a: Iron Valiant\n|-fail|p1a: Iron Valiant|tox\n|\n|-heal|p2a: GooBRO|43\/100|[from] item: Leftovers\n|-damage|p1a: Iron Valiant|34\/100 tox|[from] psn\n|upkeep\n|turn|9\n|\n|t:|1700062274\n|move|p2a: GooBRO|Protect|p2a: GooBRO\n|-singleturn|p2a: GooBRO|Protect\n|move|p1a: Iron Valiant|Spirit Break|p2a: GooBRO\n|-activate|p2a: GooBRO|move: Protect\n|\n|-heal|p2a: GooBRO|49\/100|[from] item: Leftovers\n|-damage|p1a: Iron Valiant|3\/100 tox|[from] psn\n|upkeep\n|turn|10\n|\n|t:|1700062333\n|move|p2a: GooBRO|Protect||[still]\n|-fail|p2a: GooBRO\n|move|p1a: Iron Valiant|Spirit Break|p2a: GooBRO\n|-damage|p2a: GooBRO|27\/100\n|-unboost|p2a: GooBRO|spa|1\n|-ability|p2a: GooBRO|Gooey\n|-unboost|p1a: Iron Valiant|spe|1\n|\n|-heal|p2a: GooBRO|33\/100|[from] item: Leftovers\n|-damage|p1a: Iron Valiant|0 fnt|[from] psn\n|faint|p1a: Iron Valiant\n|-end|p1a: Iron Valiant|Quark Drive|[silent]\n|upkeep\n|\n|t:|1700062367\n|switch|p1a: Haxorus|Haxorus, M, shiny|100\/100\n|-activate|p1a: Haxorus|move: Sticky Web\n|-unboost|p1a: Haxorus|spe|1\n|-ability|p1a: Haxorus|Mold Breaker\n|turn|11\n|\n|t:|1700062410\n|switch|p2a: NocBRO|Noctowl, M, shiny|100\/100\n|move|p1a: Haxorus|Poison Jab|p2a: NocBRO\n|-damage|p2a: NocBRO|68\/100\n|-status|p2a: NocBRO|psn\n|\n|-damage|p2a: NocBRO|55\/100 psn|[from] psn\n|upkeep\n|turn|12\n|\n|t:|1700062450\n|move|p1a: Haxorus|Poison Jab|p2a: NocBRO\n|-damage|p2a: NocBRO|22\/100 psn\n|move|p2a: NocBRO|Moonblast|p1a: Haxorus\n|-supereffective|p1a: Haxorus\n|-damage|p1a: Haxorus|40\/100\n|\n|-damage|p2a: NocBRO|9\/100 psn|[from] psn\n|upkeep\n|turn|13\n|\n|t:|1700062462\n|move|p1a: Haxorus|Poison Jab|p2a: NocBRO\n|-damage|p2a: NocBRO|0 fnt\n|faint|p2a: NocBRO\n|\n|upkeep\n|\n|t:|1700062467\n|switch|p2a: RibomBRO|Ribombee, M|100\/100\n|turn|14\n|\n|t:|1700062479\n|move|p2a: RibomBRO|Moonblast|p1a: Haxorus\n|-supereffective|p1a: Haxorus\n|-damage|p1a: Haxorus|0 fnt\n|faint|p1a: Haxorus\n|\n|upkeep\n|\n|t:|1700062485\n|switch|p1a: Scyther|Scyther, M|45\/100\n|turn|15\n|\n|t:|1700062506\n|-terastallize|p1a: Scyther|Ground\n|move|p2a: RibomBRO|Moonblast|p1a: Scyther\n|-damage|p1a: Scyther|0 fnt\n|faint|p1a: Scyther\n|\n|upkeep\n|\n|t:|1700062521\n|switch|p1a: Shaymin|Shaymin|100\/100\n|-activate|p1a: Shaymin|move: Sticky Web\n|-unboost|p1a: Shaymin|spe|1\n|turn|16\n|\n|t:|1700062537\n|move|p2a: RibomBRO|U-turn|p1a: Shaymin\n|-supereffective|p1a: Shaymin\n|-damage|p1a: Shaymin|74\/100\n|\n|t:|1700062540\n|switch|p2a: JiraBRO|Jirachi, shiny|100\/100|[from] U-turn\n|move|p1a: Shaymin|Air Slash|p2a: JiraBRO\n|-resisted|p2a: JiraBRO\n|-damage|p2a: JiraBRO|96\/100\n|\n|upkeep\n|turn|17\n|\n|t:|1700062558\n|move|p2a: JiraBRO|Charge Beam|p1a: Shaymin\n|-resisted|p1a: Shaymin\n|-damage|p1a: Shaymin|69\/100\n|-boost|p2a: JiraBRO|spa|1\n|move|p1a: Shaymin|Earth Power|p2a: JiraBRO\n|-supereffective|p2a: JiraBRO\n|-damage|p2a: JiraBRO|76\/100\n|\n|upkeep\n|turn|18\n|\n|t:|1700062585\n|move|p2a: JiraBRO|Psyshock|p1a: Shaymin\n|-damage|p1a: Shaymin|28\/100\n|move|p1a: Shaymin|Earth Power|p2a: JiraBRO\n|-supereffective|p2a: JiraBRO\n|-damage|p2a: JiraBRO|56\/100\n|-unboost|p2a: JiraBRO|spd|1\n|\n|upkeep\n|turn|19\n|\n|t:|1700062621\n|move|p2a: JiraBRO|Psyshock|p1a: Shaymin\n|-damage|p1a: Shaymin|0 fnt\n|faint|p1a: Shaymin\n|\n|upkeep\n|\n|t:|1700062626\n|switch|p1a: Garchomp|Garchomp, F|100\/100\n|-activate|p1a: Garchomp|move: Sticky Web\n|-unboost|p1a: Garchomp|spe|1\n|turn|20\n|\n|t:|1700062685\n|move|p2a: JiraBRO|Psyshock|p1a: Garchomp\n|-damage|p1a: Garchomp|66\/100\n|move|p1a: Garchomp|Fire Fang|p2a: JiraBRO\n|-supereffective|p2a: JiraBRO\n|-damage|p2a: JiraBRO|6\/100\n|-damage|p1a: Garchomp|56\/100|[from] item: Life Orb\n|\n|upkeep\n|turn|21\n|\n|t:|1700062698\n|move|p2a: JiraBRO|Psyshock|p1a: Garchomp\n|-damage|p1a: Garchomp|20\/100\n|move|p1a: Garchomp|Fire Fang|p2a: JiraBRO\n|-supereffective|p2a: JiraBRO\n|-damage|p2a: JiraBRO|0 fnt\n|faint|p2a: JiraBRO\n|-damage|p1a: Garchomp|10\/100|[from] item: Life Orb\n|\n|upkeep\n|\n|t:|1700062710\n|switch|p2a: RibomBRO|Ribombee, M|100\/100\n|turn|22\n|\n|t:|1700062716\n|move|p2a: RibomBRO|Moonblast|p1a: Garchomp\n|-supereffective|p1a: Garchomp\n|-damage|p1a: Garchomp|0 fnt\n|faint|p1a: Garchomp\n|\n|upkeep\n|\n|t:|1700062721\n|switch|p1a: Vaporeon|Vaporeon, F|100\/100\n|-activate|p1a: Vaporeon|move: Sticky Web\n|-unboost|p1a: Vaporeon|spe|1\n|turn|23\n|\n|t:|1700062727\n|move|p2a: RibomBRO|Energy Ball|p1a: Vaporeon\n|-supereffective|p1a: Vaporeon\n|-damage|p1a: Vaporeon|72\/100\n|move|p1a: Vaporeon|Ice Beam|p2a: RibomBRO\n|-damage|p2a: RibomBRO|61\/100\n|\n|upkeep\n|turn|24\n|\n|t:|1700062741\n|move|p2a: RibomBRO|Moonblast|p1a: Vaporeon\n|-damage|p1a: Vaporeon|51\/100\n|move|p1a: Vaporeon|Wish|p1a: Vaporeon\n|\n|upkeep\n|turn|25\n|\n|t:|1700062749\n|move|p2a: RibomBRO|U-turn|p1a: Vaporeon\n|-damage|p1a: Vaporeon|36\/100\n|\n|t:|1700062752\n|switch|p2a: DonBRO|Donphan, M, shiny|100\/100|[from] U-turn\n|move|p1a: Vaporeon|Scald|p2a: DonBRO\n|-supereffective|p2a: DonBRO\n|-damage|p2a: DonBRO|9\/100\n|-enditem|p2a: DonBRO|Weakness Policy\n|-boost|p2a: DonBRO|atk|2|[from] item: Weakness Policy\n|-boost|p2a: DonBRO|spa|2|[from] item: Weakness Policy\n|\n|-heal|p1a: Vaporeon|86\/100|[from] move: Wish|[wisher] Vaporeon\n|upkeep\n|turn|26\n|\n|t:|1700062822\n|move|p2a: DonBRO|Earthquake|p1a: Vaporeon\n|-damage|p1a: Vaporeon|0 fnt\n|faint|p1a: Vaporeon\n|\n|win|PokeBro LOST\n|c|\u2606Justice0492|Gg\n|l|\u2606Justice0492\n","uploadtime":1700062831,"views":27,"p1id":"justice0492","p2id":"pokebrolost","formatid":"gen9anythinggoes","rating":0,"private":0,"password":""}