{"id":"gen9anythinggoes-1973663600","p1":"ImGoodATM","p2":"polynotasweat","format":"[Gen 9] Anything Goes","log":"|j|\u2606ImGoodATM\n|j|\u2606polynotasweat\n|t:|1698001114\n|gametype|singles\n|player|p1|ImGoodATM|will|1298\n|player|p2|polynotasweat|hugh|1220\n|teamsize|p1|6\n|teamsize|p2|6\n|gen|9\n|tier|[Gen 9] Anything Goes\n|rated|\n|rule|HP Percentage Mod: HP is shown in percentages\n|rule|Endless Battle Clause: Forcing endless battles is banned\n|clearpoke\n|poke|p1|Cloyster, M|\n|poke|p1|Orthworm, F|\n|poke|p1|Espeon, F|\n|poke|p1|Mimikyu, M|\n|poke|p1|Cinderace, F|\n|poke|p1|Espathra, M|\n|poke|p2|Calyrex-Shadow|\n|poke|p2|Zacian-*|\n|poke|p2|Miraidon|\n|poke|p2|Manaphy|\n|poke|p2|Kingambit, M|\n|poke|p2|Koraidon|\n|teampreview\n|\n|t:|1698001118\n|start\n|switch|p1a: Orthworm|Orthworm, F|100\/100\n|switch|p2a: Manaphy|Manaphy|100\/100\n|turn|1\n|\n|t:|1698001126\n|move|p2a: Manaphy|Tail Glow|p2a: Manaphy\n|-boost|p2a: Manaphy|spa|3\n|move|p1a: Orthworm|Shed Tail|p1a: Orthworm\n|-start|p1a: Orthworm|Substitute|[from] move: Shed Tail\n|-damage|p1a: Orthworm|50\/100\n|-enditem|p1a: Orthworm|Sitrus Berry|[eat]\n|-heal|p1a: Orthworm|75\/100|[from] item: Sitrus Berry\n|\n|t:|1698001129\n|switch|p1a: Cloyster|Cloyster, M|100\/100|[from] Shed Tail\n|\n|upkeep\n|turn|2\n|\n|t:|1698001136\n|move|p1a: Cloyster|Shell Smash|p1a: Cloyster\n|-unboost|p1a: Cloyster|def|1\n|-unboost|p1a: Cloyster|spd|1\n|-boost|p1a: Cloyster|atk|2\n|-boost|p1a: Cloyster|spa|2\n|-boost|p1a: Cloyster|spe|2\n|move|p2a: Manaphy|Shadow Ball|p1a: Cloyster\n|-end|p1a: Cloyster|Substitute\n|\n|upkeep\n|turn|3\n|\n|t:|1698001148\n|move|p1a: Cloyster|Drill Run|p2a: Manaphy\n|-damage|p2a: Manaphy|60\/100\n|move|p2a: Manaphy|Heart Swap|p1a: Cloyster\n|-swapboost|p2a: Manaphy|p1a: Cloyster|[from] move: Heart Swap\n|\n|upkeep\n|turn|4\n|\n|t:|1698001158\n|switch|p1a: Espeon|Espeon, F|100\/100\n|move|p2a: Manaphy|Tail Glow|p2a: Manaphy\n|-boost|p2a: Manaphy|spa|3\n|\n|upkeep\n|turn|5\n|\n|t:|1698001163\n|move|p2a: Manaphy|Baton Pass|p2a: Manaphy\n|\n|t:|1698001165\n|switch|p2a: Calyrex|Calyrex-Shadow|100\/100|[from] Baton Pass\n|-ability|p2a: Calyrex|As One\n|-ability|p2a: Calyrex|Unnerve\n|move|p1a: Espeon|Psych Up|p2a: Calyrex\n|-copyboost|p1a: Espeon|p2a: Calyrex|[from] move: Psych Up\n|\n|upkeep\n|turn|6\n|c|\u2606polynotasweat|nice move\n|\n|t:|1698001181\n|move|p1a: Espeon|Baton Pass|p1a: Espeon\n|\n|t:|1698001184\n|switch|p1a: Espathra|Espathra, M|100\/100|[from] Baton Pass\n|move|p2a: Calyrex|Astral Barrage|p1a: Espathra\n|-supereffective|p1a: Espathra\n|-enditem|p1a: Espathra|Focus Sash\n|-damage|p1a: Espathra|1\/100\n|\n|upkeep\n|turn|7\n|inactive|Battle timer is ON: inactive players will automatically lose when time's up. (requested by polynotasweat)\n|\n|t:|1698001195\n|move|p1a: Espathra|Protect|p1a: Espathra\n|-singleturn|p1a: Espathra|Protect\n|move|p2a: Calyrex|Dark Pulse|p1a: Espathra\n|-activate|p1a: Espathra|move: Protect\n|\n|-ability|p1a: Espathra|Speed Boost|boost\n|-boost|p1a: Espathra|spe|1\n|upkeep\n|turn|8\n|\n|t:|1698001202\n|-terastallize|p1a: Espathra|Psychic\n|move|p1a: Espathra|Stored Power|p2a: Calyrex\n|-resisted|p2a: Calyrex\n|-enditem|p2a: Calyrex|Focus Sash\n|-damage|p2a: Calyrex|1\/100\n|move|p2a: Calyrex|Agility|p2a: Calyrex\n|-boost|p2a: Calyrex|spe|2\n|\n|-ability|p1a: Espathra|Speed Boost|boost\n|-boost|p1a: Espathra|spe|1\n|upkeep\n|turn|9\n|\n|t:|1698001213\n|move|p1a: Espathra|Protect|p1a: Espathra\n|-singleturn|p1a: Espathra|Protect\n|move|p2a: Calyrex|Astral Barrage|p1a: Espathra\n|-activate|p1a: Espathra|move: Protect\n|\n|-ability|p1a: Espathra|Speed Boost|boost\n|-boost|p1a: Espathra|spe|1\n|upkeep\n|turn|10\n|\n|t:|1698001223\n|move|p1a: Espathra|Stored Power|p2a: Calyrex\n|-resisted|p2a: Calyrex\n|-damage|p2a: Calyrex|0 fnt\n|faint|p2a: Calyrex\n|\n|-ability|p1a: Espathra|Speed Boost|boost\n|-boost|p1a: Espathra|spe|1\n|upkeep\n|\n|t:|1698001230\n|switch|p2a: Kingambit|Kingambit, M|100\/100\n|-activate|p2a: Kingambit|ability: Supreme Overlord\n|-start|p2a: Kingambit|fallen1|[silent]\n|turn|11\n|c|\u2606ImGoodATM|The mind tricks :O\n|\n|t:|1698001243\n|-terastallize|p2a: Kingambit|Dark\n|move|p1a: Espathra|Calm Mind|p1a: Espathra\n|-boost|p1a: Espathra|spa|1\n|-boost|p1a: Espathra|spd|1\n|move|p2a: Kingambit|Swords Dance|p2a: Kingambit\n|-boost|p2a: Kingambit|atk|2\n|\n|upkeep\n|turn|12\n|\n|t:|1698001250\n|move|p1a: Espathra|Disarming Voice|p2a: Kingambit\n|-supereffective|p2a: Kingambit\n|-enditem|p2a: Kingambit|Focus Sash\n|-damage|p2a: Kingambit|1\/100\n|move|p2a: Kingambit|Kowtow Cleave|p1a: Espathra\n|-supereffective|p1a: Espathra\n|-damage|p1a: Espathra|0 fnt\n|faint|p1a: Espathra\n|\n|upkeep\n|\n|t:|1698001259\n|switch|p1a: Mimikyu|Mimikyu, M|100\/100\n|turn|13\n|\n|t:|1698001266\n|move|p1a: Mimikyu|Shadow Sneak|p2a: Kingambit\n|-resisted|p2a: Kingambit\n|-damage|p2a: Kingambit|0 fnt\n|faint|p2a: Kingambit\n|-end|p2a: Kingambit|fallen1|[silent]\n|-damage|p1a: Mimikyu|91\/100|[from] item: Life Orb\n|\n|upkeep\n|inactive|polynotasweat has 120 seconds left.\n|\n|t:|1698001324\n|switch|p2a: Manaphy|Manaphy|60\/100\n|turn|14\n|\n|t:|1698001328\n|move|p1a: Mimikyu|Swords Dance|p1a: Mimikyu\n|-boost|p1a: Mimikyu|atk|2\n|move|p2a: Manaphy|Tail Glow|p2a: Manaphy\n|-boost|p2a: Manaphy|spa|3\n|\n|upkeep\n|turn|15\n|\n|t:|1698001333\n|move|p1a: Mimikyu|Swords Dance|p1a: Mimikyu\n|-boost|p1a: Mimikyu|atk|2\n|move|p2a: Manaphy|Shadow Ball|p1a: Mimikyu\n|-activate|p1a: Mimikyu|ability: Disguise\n|-damage|p1a: Mimikyu|91\/100\n|detailschange|p1a: Mimikyu|Mimikyu-Busted, M\n|-damage|p1a: Mimikyu|78\/100|[from] pokemon: Mimikyu-Busted\n|\n|upkeep\n|turn|16\n|\n|t:|1698001343\n|move|p1a: Mimikyu|Shadow Sneak|p2a: Manaphy\n|-damage|p2a: Manaphy|10\/100\n|-damage|p1a: Mimikyu|68\/100|[from] item: Life Orb\n|move|p2a: Manaphy|Shadow Ball|p1a: Mimikyu\n|-supereffective|p1a: Mimikyu\n|-damage|p1a: Mimikyu|0 fnt\n|faint|p1a: Mimikyu\n|\n|upkeep\n|\n|t:|1698001348\n|switch|p1a: Cinderace|Cinderace, F|100\/100\n|turn|17\n|\n|t:|1698001352\n|move|p1a: Cinderace|High Jump Kick|p2a: Manaphy\n|-start|p1a: Cinderace|typechange|Fighting|[from] ability: Libero\n|-damage|p2a: Manaphy|0 fnt\n|faint|p2a: Manaphy\n|\n|upkeep\n|\n|t:|1698001362\n|switch|p2a: Zacian|Zacian-Crowned|100\/100\n|-ability|p2a: Zacian|Intrepid Sword|boost\n|-boost|p2a: Zacian|atk|1\n|turn|18\n|\n|t:|1698001366\n|switch|p1a: Orthworm|Orthworm, F|75\/100\n|move|p2a: Zacian|Behemoth Blade|p1a: Orthworm\n|-resisted|p1a: Orthworm\n|-damage|p1a: Orthworm|54\/100\n|\n|upkeep\n|turn|19\n|\n|t:|1698001391\n|move|p1a: Orthworm|Protect|p1a: Orthworm\n|-singleturn|p1a: Orthworm|Protect\n|move|p2a: Zacian|Close Combat|p1a: Orthworm\n|-activate|p1a: Orthworm|move: Protect\n|\n|upkeep\n|turn|20\n|\n|t:|1698001397\n|move|p2a: Zacian|Play Rough|p1a: Orthworm\n|-resisted|p1a: Orthworm\n|-damage|p1a: Orthworm|34\/100\n|move|p1a: Orthworm|Body Press|p2a: Zacian\n|-damage|p2a: Zacian|77\/100\n|\n|upkeep\n|turn|21\n|\n|t:|1698001405\n|move|p1a: Orthworm|Protect|p1a: Orthworm\n|-singleturn|p1a: Orthworm|Protect\n|move|p2a: Zacian|Agility|p2a: Zacian\n|-boost|p2a: Zacian|spe|2\n|\n|upkeep\n|turn|22\n|\n|t:|1698001410\n|move|p2a: Zacian|Close Combat|p1a: Orthworm\n|-supereffective|p1a: Orthworm\n|-damage|p1a: Orthworm|0 fnt\n|-unboost|p2a: Zacian|def|1\n|-unboost|p2a: Zacian|spd|1\n|faint|p1a: Orthworm\n|\n|upkeep\n|\n|t:|1698001416\n|switch|p1a: Espeon|Espeon, F|100\/100\n|turn|23\n|\n|t:|1698001419\n|switch|p2a: Miraidon|Miraidon|100\/100\n|-fieldstart|move: Electric Terrain|[from] ability: Hadron Engine|[of] p2a: Miraidon\n|move|p1a: Espeon|Psych Up|p2a: Miraidon\n|-copyboost|p1a: Espeon|p2a: Miraidon|[from] move: Psych Up\n|\n|upkeep\n|turn|24\n|\n|t:|1698001426\n|move|p1a: Espeon|Psychic|p2a: Miraidon\n|-damage|p2a: Miraidon|64\/100\n|move|p2a: Miraidon|Electro Drift|p1a: Espeon\n|-damage|p1a: Espeon|5\/100\n|\n|upkeep\n|turn|25\n|\n|t:|1698001432\n|move|p1a: Espeon|Psychic|p2a: Miraidon\n|-damage|p2a: Miraidon|27\/100\n|move|p2a: Miraidon|Agility|p2a: Miraidon\n|-boost|p2a: Miraidon|spe|2\n|\n|upkeep\n|turn|26\n|\n|t:|1698001442\n|move|p2a: Miraidon|Discharge|p1a: Espeon\n|-damage|p1a: Espeon|0 fnt\n|faint|p1a: Espeon\n|\n|upkeep\n|\n|t:|1698001446\n|switch|p1a: Cloyster|Cloyster, M|100\/100\n|turn|27\n|\n|t:|1698001450\n|move|p2a: Miraidon|Electro Drift|p1a: Cloyster\n|-supereffective|p1a: Cloyster\n|-damage|p1a: Cloyster|0 fnt\n|faint|p1a: Cloyster\n|\n|-fieldend|move: Electric Terrain\n|upkeep\n|\n|t:|1698001453\n|switch|p1a: Cinderace|Cinderace, F|100\/100\n|turn|28\n|\n|t:|1698001469\n|move|p2a: Miraidon|Electro Drift|p1a: Cinderace\n|-damage|p1a: Cinderace|34\/100\n|move|p1a: Cinderace|High Jump Kick|p2a: Miraidon\n|-start|p1a: Cinderace|typechange|Fighting|[from] ability: Libero\n|-damage|p2a: Miraidon|0 fnt\n|faint|p2a: Miraidon\n|\n|upkeep\n|\n|t:|1698001479\n|switch|p2a: Koraidon|Koraidon|100\/100\n|-weather|SunnyDay|[from] ability: Orichalcum Pulse|[of] p2a: Koraidon\n|-activate|p2a: Koraidon|Orichalcum Pulse|[source]\n|turn|29\n|\n|t:|1698001485\n|move|p1a: Cinderace|Pyro Ball|p2a: Koraidon\n|-resisted|p2a: Koraidon\n|-damage|p2a: Koraidon|81\/100\n|move|p2a: Koraidon|Draco Meteor|p1a: Cinderace\n|-damage|p1a: Cinderace|0 fnt\n|-unboost|p2a: Koraidon|spa|2\n|faint|p1a: Cinderace\n|\n|win|polynotasweat\n|raw|ImGoodATM's rating: 1298 &rarr; <strong>1267<\/strong><br \/>(-31 for losing)\n|raw|polynotasweat's rating: 1220 &rarr; <strong>1251<\/strong><br \/>(+31 for winning)\n|c|\u2606polynotasweat|gg\n|c|\u2606polynotasweat|your pretty good\n|c|\u2606ImGoodATM|That was genuinely the most fun I\u2019ve ever had battling\n|c|\u2606polynotasweat|same\n|c|\u2606ImGoodATM|Nice to meet you man\n|c|\u2606polynotasweat|you wanna rematch with different teams?\n|c|\u2606ImGoodATM|have a good one\n|c|\u2606ImGoodATM|Nah I\u2019m good\n|c|\u2606polynotasweat|ok\n|c|\u2606ImGoodATM|Bye\n|c|\u2606polynotasweat|bye\n","uploadtime":1698001542,"views":13,"p1id":"imgoodatm","p2id":"polynotasweat","formatid":"gen9anythinggoes","rating":1251,"private":0,"password":""}