{"id":"gen9anythinggoes-1977691703","p1":"LingLing007","p2":"justamagicarp","format":"[Gen 9] Anything Goes","log":"|j|\u2606LingLing007\n|j|\u2606justamagicarp\n|t:|1698439144\n|gametype|singles\n|player|p1|LingLing007|hilbert-masters2|1373\n|player|p2|justamagicarp|flannery|1372\n|teamsize|p1|6\n|teamsize|p2|6\n|gen|9\n|tier|[Gen 9] Anything Goes\n|rated|\n|rule|HP Percentage Mod: HP is shown in percentages\n|rule|Endless Battle Clause: Forcing endless battles is banned\n|clearpoke\n|poke|p1|Roaring Moon|\n|poke|p1|Toxapex, F|\n|poke|p1|Zoroark-Hisui, M|\n|poke|p1|Polteageist-Antique|\n|poke|p1|Great Tusk|\n|poke|p1|Ninetales-Alola, F|\n|poke|p2|Samurott-Hisui, F|\n|poke|p2|Iron Valiant|\n|poke|p2|Ceruledge, M|\n|poke|p2|Zacian-*|\n|poke|p2|Kingambit, M|\n|poke|p2|Chien-Pao|\n|teampreview\n|inactive|Battle timer is ON: inactive players will automatically lose when time's up. (requested by LingLing007)\n|\n|t:|1698439150\n|start\n|switch|p1a: Great Tusk|Great Tusk|100\/100\n|switch|p2a: Ceruledge|Ceruledge, M|100\/100\n|turn|1\n|\n|t:|1698439170\n|switch|p2a: Samurott|Samurott-Hisui, F, shiny|100\/100\n|move|p1a: Great Tusk|Stealth Rock|p2a: Samurott\n|-sidestart|p2: justamagicarp|move: Stealth Rock\n|\n|upkeep\n|turn|2\n|\n|t:|1698439184\n|move|p1a: Great Tusk|Knock Off|p2a: Samurott\n|-resisted|p2a: Samurott\n|-damage|p2a: Samurott|81\/100\n|-enditem|p2a: Samurott|Focus Sash|[from] move: Knock Off|[of] p1a: Great Tusk\n|move|p2a: Samurott|Razor Shell|p1a: Great Tusk\n|-supereffective|p1a: Great Tusk\n|-damage|p1a: Great Tusk|36\/100\n|-unboost|p1a: Great Tusk|def|1\n|\n|upkeep\n|turn|3\n|\n|t:|1698439196\n|-end|p1a: Great Tusk|Protosynthesis|[silent]\n|switch|p1a: Ninetales|Ninetales-Alola, F, shiny|100\/100\n|-weather|Snow|[from] ability: Snow Warning|[of] p1a: Ninetales\n|move|p2a: Samurott|Ceaseless Edge|p1a: Ninetales\n|-resisted|p1a: Ninetales\n|-crit|p1a: Ninetales\n|-damage|p1a: Ninetales|72\/100\n|-sidestart|p1: LingLing007|Spikes\n|\n|-weather|Snow|[upkeep]\n|upkeep\n|turn|4\n|\n|t:|1698439217\n|switch|p2a: Ceruledge|Ceruledge, M|100\/100\n|-damage|p2a: Ceruledge|76\/100|[from] Stealth Rock\n|move|p1a: Ninetales|Aurora Veil|p1a: Ninetales\n|-sidestart|p1: LingLing007|move: Aurora Veil\n|\n|-weather|Snow|[upkeep]\n|upkeep\n|turn|5\n|\n|t:|1698439225\n|switch|p1a: Roaring Moon|Roaring Moon|100\/100\n|-damage|p1a: Roaring Moon|88\/100|[from] Spikes\n|-enditem|p1a: Roaring Moon|Booster Energy\n|-activate|p1a: Roaring Moon|ability: Protosynthesis|[fromitem]\n|-start|p1a: Roaring Moon|protosynthesisspe\n|move|p2a: Ceruledge|Bitter Blade|p1a: Roaring Moon\n|-resisted|p1a: Roaring Moon\n|-damage|p1a: Roaring Moon|73\/100\n|-heal|p2a: Ceruledge|85\/100|[from] drain|[of] p1a: Roaring Moon\n|\n|-weather|Snow|[upkeep]\n|upkeep\n|turn|6\n|\n|t:|1698439242\n|switch|p2a: Iron Valiant|Iron Valiant|100\/100\n|-damage|p2a: Iron Valiant|94\/100|[from] Stealth Rock\n|-enditem|p2a: Iron Valiant|Booster Energy\n|-activate|p2a: Iron Valiant|ability: Quark Drive|[fromitem]\n|-start|p2a: Iron Valiant|quarkdrivespe\n|move|p1a: Roaring Moon|Dragon Dance|p1a: Roaring Moon\n|-boost|p1a: Roaring Moon|atk|1\n|-boost|p1a: Roaring Moon|spe|1\n|\n|-weather|Snow|[upkeep]\n|upkeep\n|turn|7\n|\n|t:|1698439251\n|-terastallize|p1a: Roaring Moon|Flying\n|move|p1a: Roaring Moon|Acrobatics|p2a: Iron Valiant\n|-supereffective|p2a: Iron Valiant\n|-damage|p2a: Iron Valiant|0 fnt\n|faint|p2a: Iron Valiant\n|-end|p2a: Iron Valiant|Quark Drive|[silent]\n|\n|-weather|none\n|upkeep\n|\n|t:|1698439261\n|switch|p2a: Zacian|Zacian-Crowned|100\/100\n|-damage|p2a: Zacian|94\/100|[from] Stealth Rock\n|-ability|p2a: Zacian|Intrepid Sword|boost\n|-boost|p2a: Zacian|atk|1\n|turn|8\n|\n|t:|1698439267\n|move|p1a: Roaring Moon|Earthquake|p2a: Zacian\n|-supereffective|p2a: Zacian\n|-damage|p2a: Zacian|0 fnt\n|faint|p2a: Zacian\n|\n|upkeep\n|inactive|justamagicarp has 120 seconds left.\n|\n|t:|1698439313\n|switch|p2a: Chien-Pao|Chien-Pao|100\/100\n|-damage|p2a: Chien-Pao|76\/100|[from] Stealth Rock\n|-ability|p2a: Chien-Pao|Sword of Ruin\n|turn|9\n|\n|t:|1698439321\n|move|p1a: Roaring Moon|Acrobatics|p2a: Chien-Pao\n|-damage|p2a: Chien-Pao|0 fnt\n|faint|p2a: Chien-Pao\n|\n|upkeep\n|\n|t:|1698439332\n|switch|p2a: Samurott|Samurott-Hisui, F, shiny|81\/100\n|-damage|p2a: Samurott|68\/100|[from] Stealth Rock\n|turn|10\n|inactive|justamagicarp has 90 seconds left.\n|\n|t:|1698439356\n|move|p1a: Roaring Moon|Acrobatics|p2a: Samurott\n|-damage|p2a: Samurott|0 fnt\n|faint|p2a: Samurott\n|\n|upkeep\n|\n|t:|1698439360\n|switch|p2a: Ceruledge|Ceruledge, M|85\/100\n|-damage|p2a: Ceruledge|60\/100|[from] Stealth Rock\n|turn|11\n|\n|t:|1698439367\n|move|p2a: Ceruledge|Shadow Sneak|p1a: Roaring Moon\n|-damage|p1a: Roaring Moon|58\/100\n|move|p1a: Roaring Moon|Earthquake|p2a: Ceruledge\n|-supereffective|p2a: Ceruledge\n|-crit|p2a: Ceruledge\n|-damage|p2a: Ceruledge|0 fnt\n|faint|p2a: Ceruledge\n|\n|-sideend|p1: LingLing007|move: Aurora Veil\n|upkeep\n|\n|t:|1698439376\n|switch|p2a: Kingambit|Kingambit, M|100\/100\n|-damage|p2a: Kingambit|94\/100|[from] Stealth Rock\n|-activate|p2a: Kingambit|ability: Supreme Overlord\n|-start|p2a: Kingambit|fallen5|[silent]\n|turn|12\n|\n|t:|1698439388\n|move|p2a: Kingambit|Sucker Punch|p1a: Roaring Moon\n|-damage|p1a: Roaring Moon|0 fnt\n|faint|p1a: Roaring Moon\n|-end|p1a: Roaring Moon|Protosynthesis|[silent]\n|\n|upkeep\n|\n|t:|1698439403\n|switch|p1a: Great Tusk|Great Tusk|36\/100\n|turn|13\n|\n|t:|1698439409\n|move|p2a: Kingambit|Sucker Punch|p1a: Great Tusk\n|-resisted|p1a: Great Tusk\n|-damage|p1a: Great Tusk|19\/100\n|move|p1a: Great Tusk|Earthquake|p2a: Kingambit\n|-supereffective|p2a: Kingambit\n|-damage|p2a: Kingambit|19\/100\n|\n|upkeep\n|turn|14\n|\n|t:|1698439433\n|move|p2a: Kingambit|Sucker Punch|p1a: Great Tusk\n|-resisted|p1a: Great Tusk\n|-damage|p1a: Great Tusk|0 fnt\n|faint|p1a: Great Tusk\n|-end|p1a: Great Tusk|Protosynthesis|[silent]\n|\n|upkeep\n|\n|t:|1698439438\n|switch|p1a: Toxapex|Toxapex, F|100\/100\n|-damage|p1a: Toxapex|88\/100|[from] Spikes\n|turn|15\n|inactive|justamagicarp has 90 seconds left.\n|\n|t:|1698439466\n|move|p2a: Kingambit|Kowtow Cleave|p1a: Toxapex\n|-damage|p1a: Toxapex|30\/100\n|-damage|p2a: Kingambit|2\/100|[from] item: Rocky Helmet|[of] p1a: Toxapex\n|move|p1a: Toxapex|Haze|p1a: Toxapex\n|-clearallboost\n|\n|upkeep\n|turn|16\n|\n|t:|1698439475\n|move|p2a: Kingambit|Sucker Punch||[still]\n|-fail|p2a: Kingambit\n|move|p1a: Toxapex|Recover|p1a: Toxapex\n|-heal|p1a: Toxapex|80\/100\n|\n|upkeep\n|turn|17\n|\n|t:|1698439481\n|move|p2a: Kingambit|Kowtow Cleave|p1a: Toxapex\n|-damage|p1a: Toxapex|24\/100\n|-damage|p2a: Kingambit|0 fnt|[from] item: Rocky Helmet|[of] p1a: Toxapex\n|faint|p2a: Kingambit\n|-end|p2a: Kingambit|fallen5|[silent]\n|\n|win|LingLing007\n|raw|LingLing007's rating: 1373 &rarr; <strong>1393<\/strong><br \/>(+20 for winning)\n|raw|justamagicarp's rating: 1372 &rarr; <strong>1352<\/strong><br \/>(-20 for losing)\n|c|\u2606LingLing007|gg\n","uploadtime":1698439486,"views":8,"p1id":"lingling007","p2id":"justamagicarp","formatid":"gen9anythinggoes","rating":1352,"private":0,"password":""}