{"id":"gen9anythinggoes-1989786379","p1":"Fuan1","p2":"fletchermed","format":"[Gen 9] Anything Goes","log":"|j|\u2606Fuan1\n|j|\u2606fletchermed\n|t:|1699895640\n|gametype|singles\n|player|p1|Fuan1|red|1239\n|player|p2|fletchermed|maid|1178\n|teamsize|p1|6\n|teamsize|p2|6\n|gen|9\n|tier|[Gen 9] Anything Goes\n|rated|\n|rule|HP Percentage Mod: HP is shown in percentages\n|rule|Endless Battle Clause: Forcing endless battles is banned\n|clearpoke\n|poke|p1|Magearna|\n|poke|p1|Polteageist|\n|poke|p1|Calyrex-Shadow|\n|poke|p1|Chien-Pao|\n|poke|p1|Toxapex, F|\n|poke|p1|Espeon, M|\n|poke|p2|Drifblim, F|\n|poke|p2|Clefable, M|\n|poke|p2|Clefable, F|\n|poke|p2|Espeon, F|\n|poke|p2|Ninetales-Alola, M|\n|poke|p2|Jirachi|\n|teampreview\n|c|\u2606Fuan1|not u again\n|c|\u2606fletchermed|want to kiss or something?\n|\n|t:|1699895663\n|start\n|switch|p1a: Toxapex|Toxapex, F|100\/100\n|switch|p2a: Aftermath|Drifblim, F|100\/100\n|turn|1\n|c|\u2606Fuan1|im underage\n|c|\u2606fletchermed|me too\n|\n|t:|1699895671\n|move|p2a: Aftermath|Minimize|p2a: Aftermath\n|-boost|p2a: Aftermath|evasion|2\n|move|p1a: Toxapex|Toxic Spikes|p2a: Aftermath\n|-sidestart|p2: fletchermed|move: Toxic Spikes\n|\n|upkeep\n|turn|2\n|c|\u2606Fuan1|o nah\n|\n|t:|1699895678\n|move|p2a: Aftermath|Minimize|p2a: Aftermath\n|-boost|p2a: Aftermath|evasion|2\n|move|p1a: Toxapex|Toxic Spikes|p2a: Aftermath\n|-sidestart|p2: fletchermed|move: Toxic Spikes\n|\n|upkeep\n|turn|3\n|\n|t:|1699895682\n|move|p2a: Aftermath|Minimize|p2a: Aftermath\n|-boost|p2a: Aftermath|evasion|2\n|move|p1a: Toxapex|Haze|p1a: Toxapex\n|-clearallboost\n|\n|upkeep\n|turn|4\n|c|\u2606Fuan1|awkward\n|inactive|Battle timer is ON: inactive players will automatically lose when time's up. (requested by Fuan1)\n|\n|t:|1699895721\n|move|p1a: Toxapex|Baneful Bunker|p1a: Toxapex\n|-singleturn|p1a: Toxapex|move: Protect\n|move|p2a: Aftermath|Disable|p1a: Toxapex\n|-activate|p1a: Toxapex|move: Protect\n|\n|upkeep\n|turn|5\n|\n|t:|1699895736\n|move|p2a: Aftermath|Minimize|p2a: Aftermath\n|-boost|p2a: Aftermath|evasion|2\n|move|p1a: Toxapex|Iron Defense|p1a: Toxapex\n|-boost|p1a: Toxapex|def|2\n|\n|upkeep\n|turn|6\n|\n|t:|1699895741\n|move|p1a: Toxapex|Baneful Bunker|p1a: Toxapex\n|-singleturn|p1a: Toxapex|move: Protect\n|move|p2a: Aftermath|Minimize|p2a: Aftermath\n|-boost|p2a: Aftermath|evasion|2\n|\n|upkeep\n|turn|7\n|\n|t:|1699895747\n|move|p1a: Toxapex|Baneful Bunker||[still]\n|-fail|p1a: Toxapex\n|move|p2a: Aftermath|Minimize|p2a: Aftermath\n|-boost|p2a: Aftermath|evasion|2\n|\n|upkeep\n|turn|8\n|\n|t:|1699895751\n|move|p2a: Aftermath|Stockpile|p2a: Aftermath\n|-start|p2a: Aftermath|stockpile1\n|-boost|p2a: Aftermath|def|1\n|-boost|p2a: Aftermath|spd|1\n|move|p1a: Toxapex|Haze|p1a: Toxapex\n|-clearallboost\n|\n|upkeep\n|turn|9\n|\n|t:|1699895765\n|move|p1a: Toxapex|Baneful Bunker|p1a: Toxapex\n|-singleturn|p1a: Toxapex|move: Protect\n|move|p2a: Aftermath|Disable|p1a: Toxapex\n|-activate|p1a: Toxapex|move: Protect\n|\n|upkeep\n|turn|10\n|\n|t:|1699895776\n|switch|p1a: Espeon|Espeon, M|100\/100\n|move|p2a: Aftermath|Stockpile|p2a: Aftermath\n|-start|p2a: Aftermath|stockpile2\n|-boost|p2a: Aftermath|def|1\n|-boost|p2a: Aftermath|spd|1\n|\n|upkeep\n|turn|11\n|\n|t:|1699895781\n|move|p2a: Aftermath|Minimize|p2a: Aftermath\n|-boost|p2a: Aftermath|evasion|2\n|move|p1a: Espeon|Roar|p2a: Aftermath\n|drag|p2a: Jirachi|Jirachi|100\/100\n|\n|upkeep\n|turn|12\n|\n|t:|1699895809\n|move|p2a: Jirachi|Metronome|p2a: Jirachi\n|move|p2a: Jirachi|Solar Beam||[from]move: Metronome|[still]\n|-prepare|p2a: Jirachi|Solar Beam\n|move|p1a: Espeon|Roar|p2a: Jirachi\n|drag|p2a: Unaware|Clefable, F|100\/100\n|-status|p2a: Unaware|tox\n|\n|upkeep\n|turn|13\n|\n|t:|1699895817\n|move|p2a: Unaware|Cosmic Power|p2a: Unaware\n|-boost|p2a: Unaware|def|1\n|-boost|p2a: Unaware|spd|1\n|move|p1a: Espeon|Roar|p2a: Unaware\n|drag|p2a: Aftermath|Drifblim, F|100\/100\n|\n|upkeep\n|turn|14\n|\n|t:|1699895825\n|move|p2a: Aftermath|Baton Pass|p2a: Aftermath\n|\n|t:|1699895828\n|switch|p2a: Unaware|Clefable, F|100\/100 tox|[from] Baton Pass\n|move|p1a: Espeon|Roar|p2a: Unaware\n|drag|p2a: Snow Cloak|Ninetales-Alola, M|100\/100\n|-status|p2a: Snow Cloak|tox\n|-weather|Snow|[from] ability: Snow Warning|[of] p2a: Snow Cloak\n|\n|-weather|Snow|[upkeep]\n|-damage|p2a: Snow Cloak|94\/100 tox|[from] psn\n|upkeep\n|turn|15\n|\n|t:|1699895836\n|move|p2a: Snow Cloak|Aurora Veil|p2a: Snow Cloak\n|-sidestart|p2: fletchermed|move: Aurora Veil\n|move|p1a: Espeon|Roar|p2a: Snow Cloak\n|drag|p2a: Magic Guard|Clefable, M|100\/100\n|-status|p2a: Magic Guard|tox\n|\n|-weather|Snow|[upkeep]\n|-damage|p2a: Magic Guard|94\/100 tox|[from] psn\n|upkeep\n|turn|16\n|\n|t:|1699895848\n|move|p2a: Magic Guard|Metronome|p2a: Magic Guard\n|move|p2a: Magic Guard|Fire Lash|p1a: Espeon|[from]move: Metronome\n|-damage|p1a: Espeon|89\/100\n|-unboost|p1a: Espeon|def|1\n|move|p1a: Espeon|Roar|p2a: Magic Guard\n|drag|p2a: Unaware|Clefable, F|100\/100 tox\n|\n|-weather|Snow|[upkeep]\n|-heal|p1a: Espeon|95\/100|[from] item: Leftovers\n|upkeep\n|turn|17\n|\n|t:|1699895858\n|move|p1a: Espeon|Reflect|p1a: Espeon\n|-sidestart|p1: Fuan1|Reflect\n|move|p2a: Unaware|Metronome|p2a: Unaware\n|move|p2a: Unaware|Gigaton Hammer|p1a: Espeon|[from]move: Metronome\n|-damage|p1a: Espeon|77\/100\n|\n|-weather|Snow|[upkeep]\n|-heal|p1a: Espeon|83\/100|[from] item: Leftovers\n|upkeep\n|turn|18\n|\n|t:|1699895886\n|move|p2a: Unaware|Metronome|p2a: Unaware\n|move|p2a: Unaware|Lock-On|p1a: Espeon|[from]move: Metronome\n|-activate|p2a: Unaware|move: Lock-On|[of] p1a: Espeon\n|move|p1a: Espeon|Roar|p2a: Unaware\n|drag|p2a: Aftermath|Drifblim, F|100\/100\n|\n|-weather|none\n|-heal|p1a: Espeon|89\/100|[from] item: Leftovers\n|upkeep\n|turn|19\n|\n|t:|1699895895\n|switch|p1a: Chien-Pao|Chien-Pao|100\/100\n|-ability|p1a: Chien-Pao|Sword of Ruin\n|move|p2a: Aftermath|Disable||[still]\n|-fail|p2a: Aftermath\n|\n|-sideend|p2: fletchermed|move: Aurora Veil\n|upkeep\n|turn|20\n|\n|t:|1699895912\n|move|p1a: Chien-Pao|Crunch|p2a: Aftermath\n|-supereffective|p2a: Aftermath\n|-enditem|p2a: Aftermath|Focus Sash\n|-damage|p2a: Aftermath|1\/100\n|-unboost|p2a: Aftermath|def|1\n|move|p2a: Aftermath|Minimize|p2a: Aftermath\n|-boost|p2a: Aftermath|evasion|2\n|\n|upkeep\n|turn|21\n|\n|t:|1699895917\n|move|p2a: Aftermath|Baton Pass|p2a: Aftermath\n|\n|t:|1699895920\n|switch|p2a: Unaware|Clefable, F|100\/100 tox|[from] Baton Pass\n|move|p1a: Chien-Pao|Haze|p1a: Chien-Pao\n|-clearallboost\n|\n|-sideend|p1: Fuan1|Reflect\n|upkeep\n|turn|22\n|\n|t:|1699895924\n|move|p1a: Chien-Pao|Sacred Sword|p2a: Unaware\n|-resisted|p2a: Unaware\n|-damage|p2a: Unaware|82\/100 tox\n|move|p2a: Unaware|Cosmic Power|p2a: Unaware\n|-boost|p2a: Unaware|def|1\n|-boost|p2a: Unaware|spd|1\n|\n|-heal|p2a: Unaware|88\/100 tox|[from] item: Leftovers\n|upkeep\n|turn|23\n|\n|t:|1699895930\n|move|p1a: Chien-Pao|Haze|p1a: Chien-Pao\n|-clearallboost\n|move|p2a: Unaware|Metronome|p2a: Unaware\n|move|p2a: Unaware|Solar Blade||[from]move: Metronome|[still]\n|-prepare|p2a: Unaware|Solar Blade\n|\n|-heal|p2a: Unaware|94\/100 tox|[from] item: Leftovers\n|upkeep\n|turn|24\n|c|\u2606Fuan1|ok im done\n|c|\u2606Fuan1|u can win\n|c|\u2606fletchermed|okay\n|-message|Fuan1 forfeited.\n|\n|win|fletchermed\n|raw|Fuan1's rating: 1239 &rarr; <strong>1210<\/strong><br \/>(-29 for losing)\n|raw|fletchermed's rating: 1178 &rarr; <strong>1207<\/strong><br \/>(+29 for winning)\n|l|\u2606Fuan1\n","uploadtime":1699895944,"views":5,"p1id":"fuan1","p2id":"fletchermed","formatid":"gen9anythinggoes","rating":1207,"private":0,"password":""}