{"id":"gen9anythinggoes-1988653042","p1":"pluviamk","p2":"LingLing007","format":"[Gen 9] Anything Goes","log":"|j|\u2606pluviamk\n|j|\u2606LingLing007\n|t:|1699746567\n|gametype|singles\n|player|p1|pluviamk|roxie|1254\n|player|p2|LingLing007|cynthia-masters2|1361\n|teamsize|p1|6\n|teamsize|p2|6\n|gen|9\n|tier|[Gen 9] Anything Goes\n|rated|\n|rule|HP Percentage Mod: HP is shown in percentages\n|rule|Endless Battle Clause: Forcing endless battles is banned\n|clearpoke\n|poke|p1|Calyrex-Shadow|\n|poke|p1|Espathra, M|\n|poke|p1|Iron Bundle|\n|poke|p1|Palafin, M|\n|poke|p1|Maushold-Four|\n|poke|p1|Kingambit, F|\n|poke|p2|Gholdengo|\n|poke|p2|Gengar, M|\n|poke|p2|Skeledirge, M|\n|poke|p2|Sinistcha-Masterpiece|\n|poke|p2|Annihilape, M|\n|poke|p2|Roaring Moon|\n|teampreview\n|\n|t:|1699746597\n|start\n|switch|p1a: Wolfric|Espathra, M, shiny|100\/100\n|switch|p2a: Gholdengo|Gholdengo|100\/100\n|turn|1\n|\n|t:|1699746610\n|move|p1a: Wolfric|Shadow Ball|p2a: Gholdengo\n|-supereffective|p2a: Gholdengo\n|-damage|p2a: Gholdengo|31\/100\n|move|p2a: Gholdengo|Trick|p1a: Wolfric\n|-activate|p2a: Gholdengo|move: Trick|[of] p1a: Wolfric\n|-item|p1a: Wolfric|Choice Specs|[from] move: Trick\n|-item|p2a: Gholdengo|Expert Belt|[from] move: Trick\n|\n|upkeep\n|turn|2\n|\n|t:|1699746639\n|switch|p2a: Roaring Moon|Roaring Moon|100\/100\n|-enditem|p2a: Roaring Moon|Booster Energy\n|-activate|p2a: Roaring Moon|ability: Protosynthesis|[fromitem]\n|-start|p2a: Roaring Moon|protosynthesisspe\n|move|p1a: Wolfric|Lumina Crash|p2a: Roaring Moon\n|-immune|p2a: Roaring Moon\n|\n|upkeep\n|turn|3\n|\n|t:|1699746654\n|switch|p1a: Bundle of Joy|Iron Bundle, shiny|100\/100\n|move|p2a: Roaring Moon|Dragon Dance|p2a: Roaring Moon\n|-boost|p2a: Roaring Moon|atk|1\n|-boost|p2a: Roaring Moon|spe|1\n|\n|upkeep\n|turn|4\n|\n|t:|1699746674\n|-terastallize|p2a: Roaring Moon|Ghost\n|move|p2a: Roaring Moon|Knock Off|p1a: Bundle of Joy\n|-damage|p1a: Bundle of Joy|14\/100\n|-enditem|p1a: Bundle of Joy|Choice Specs|[from] move: Knock Off|[of] p2a: Roaring Moon\n|move|p1a: Bundle of Joy|Ice Beam|p2a: Roaring Moon\n|-damage|p2a: Roaring Moon|53\/100\n|\n|upkeep\n|turn|5\n|\n|t:|1699746685\n|move|p2a: Roaring Moon|Acrobatics|p1a: Bundle of Joy\n|-damage|p1a: Bundle of Joy|0 fnt\n|faint|p1a: Bundle of Joy\n|-end|p1a: Bundle of Joy|Quark Drive|[silent]\n|\n|upkeep\n|\n|t:|1699746694\n|switch|p1a: Suda|Calyrex-Shadow|100\/100\n|-ability|p1a: Suda|As One\n|-ability|p1a: Suda|Unnerve\n|turn|6\n|\n|t:|1699746715\n|move|p2a: Roaring Moon|Knock Off|p1a: Suda\n|-supereffective|p1a: Suda\n|-damage|p1a: Suda|0 fnt\n|-enditem|p1a: Suda|Leftovers|[from] move: Knock Off|[of] p2a: Roaring Moon\n|faint|p1a: Suda\n|\n|upkeep\n|\n|t:|1699746720\n|switch|p1a: NiNI|Palafin, M, shiny|100\/100\n|turn|7\n|\n|t:|1699746726\n|move|p1a: NiNI|Jet Punch|p2a: Roaring Moon\n|-damage|p2a: Roaring Moon|17\/100\n|-damage|p1a: NiNI|91\/100|[from] item: Life Orb\n|move|p2a: Roaring Moon|Knock Off|p1a: NiNI\n|-damage|p1a: NiNI|0 fnt\n|-enditem|p1a: NiNI|Life Orb|[from] move: Knock Off|[of] p2a: Roaring Moon\n|faint|p1a: NiNI\n|\n|upkeep\n|\n|t:|1699746732\n|switch|p1a: four Blind mice|Maushold-Four|100\/100\n|turn|8\n|\n|t:|1699746769\n|-terastallize|p1a: four Blind mice|Normal\n|move|p2a: Roaring Moon|Knock Off|p1a: four Blind mice\n|-damage|p1a: four Blind mice|0 fnt\n|-enditem|p1a: four Blind mice|King's Rock|[from] move: Knock Off|[of] p2a: Roaring Moon\n|faint|p1a: four Blind mice\n|\n|upkeep\n|\n|t:|1699746778\n|switch|p1a: Wolfric|Espathra, M, shiny|100\/100\n|turn|9\n|\n|t:|1699746784\n|move|p2a: Roaring Moon|Knock Off|p1a: Wolfric\n|-supereffective|p1a: Wolfric\n|-damage|p1a: Wolfric|0 fnt\n|-enditem|p1a: Wolfric|Choice Specs|[from] move: Knock Off|[of] p2a: Roaring Moon\n|faint|p1a: Wolfric\n|\n|upkeep\n|\n|t:|1699746790\n|switch|p1a: King|Kingambit, F, shiny|100\/100\n|-activate|p1a: King|ability: Supreme Overlord\n|-start|p1a: King|fallen5|[silent]\n|turn|10\n|\n|t:|1699746795\n|move|p2a: Roaring Moon|Earthquake|p1a: King\n|-supereffective|p1a: King\n|-damage|p1a: King|13\/100\n|move|p1a: King|Kowtow Cleave|p2a: Roaring Moon\n|-supereffective|p2a: Roaring Moon\n|-damage|p2a: Roaring Moon|0 fnt\n|faint|p2a: Roaring Moon\n|-end|p2a: Roaring Moon|Protosynthesis|[silent]\n|\n|upkeep\n|\n|t:|1699746803\n|switch|p2a: Gengar|Gengar, M|100\/100\n|turn|11\n|\n|t:|1699746814\n|move|p2a: Gengar|Destiny Bond|p2a: Gengar\n|-singlemove|p2a: Gengar|Destiny Bond\n|move|p1a: King|Kowtow Cleave|p2a: Gengar\n|-supereffective|p2a: Gengar\n|-enditem|p2a: Gengar|Focus Sash\n|-damage|p2a: Gengar|1\/100\n|\n|upkeep\n|turn|12\n|\n|t:|1699746865\n|move|p2a: Gengar|Perish Song|p2a: Gengar\n|-start|p1a: King|perish3|[silent]\n|-start|p2a: Gengar|perish3|[silent]\n|-fieldactivate|move: Perish Song\n|move|p1a: King|Kowtow Cleave|p2a: Gengar\n|-supereffective|p2a: Gengar\n|-damage|p2a: Gengar|0 fnt\n|faint|p2a: Gengar\n|\n|-start|p1a: King|perish3\n|upkeep\n|-message|pluviamk forfeited.\n|\n|win|LingLing007\n|raw|pluviamk's rating: 1254 &rarr; <strong>1236<\/strong><br \/>(-18 for losing)\n|raw|LingLing007's rating: 1361 &rarr; <strong>1375<\/strong><br \/>(+14 for winning)\n|l|\u2606pluviamk\n","uploadtime":1699746876,"views":13,"p1id":"pluviamk","p2id":"lingling007","formatid":"gen9anythinggoes","rating":1236,"private":0,"password":""}