{"id":"gen9anythinggoes-1981309106","p1":"HeyGuys300","p2":"aiohre","format":"[Gen 9] Anything Goes","log":"|j|\u2606HeyGuys300\n|j|\u2606aiohre\n|t:|1698882167\n|gametype|singles\n|player|p1|HeyGuys300|101|1000\n|player|p2|aiohre|2|1000\n|teamsize|p1|6\n|teamsize|p2|6\n|gen|9\n|tier|[Gen 9] Anything Goes\n|rated|\n|rule|HP Percentage Mod: HP is shown in percentages\n|rule|Endless Battle Clause: Forcing endless battles is banned\n|clearpoke\n|poke|p1|Volcarona, F|\n|poke|p1|Leafeon, F|\n|poke|p1|Kilowattrel, F|\n|poke|p1|Tsareena, F|\n|poke|p1|Goodra, F|\n|poke|p1|Annihilape, M|\n|poke|p2|Shaymin-Sky|\n|poke|p2|Shaymin-Sky|\n|poke|p2|Shaymin-Sky|\n|poke|p2|Shaymin-Sky|\n|poke|p2|Shaymin-Sky|\n|poke|p2|Shaymin-Sky|\n|teampreview\n|\n|t:|1698882190\n|start\n|switch|p1a: Goodra|Goodra, F, shiny|100\/100\n|switch|p2a: Shaymin|Shaymin-Sky|100\/100\n|turn|1\n|\n|t:|1698882197\n|move|p2a: Shaymin|Air Slash|p1a: Goodra\n|-damage|p1a: Goodra|86\/100\n|cant|p1a: Goodra|flinch\n|\n|upkeep\n|turn|2\n|\n|t:|1698882201\n|move|p2a: Shaymin|Air Slash|p1a: Goodra\n|-damage|p1a: Goodra|70\/100\n|cant|p1a: Goodra|flinch\n|\n|upkeep\n|turn|3\n|\n|t:|1698882207\n|move|p2a: Shaymin|Air Slash|p1a: Goodra\n|-damage|p1a: Goodra|55\/100\n|move|p1a: Goodra|Flamethrower|p2a: Shaymin\n|-supereffective|p2a: Shaymin\n|-damage|p2a: Shaymin|17\/100\n|\n|upkeep\n|turn|4\n|\n|t:|1698882213\n|move|p2a: Shaymin|Air Slash|p1a: Goodra\n|-damage|p1a: Goodra|40\/100\n|cant|p1a: Goodra|flinch\n|\n|upkeep\n|turn|5\n|\n|t:|1698882217\n|move|p2a: Shaymin|Air Slash|p1a: Goodra\n|-damage|p1a: Goodra|25\/100\n|cant|p1a: Goodra|flinch\n|\n|upkeep\n|turn|6\n|\n|t:|1698882221\n|move|p2a: Shaymin|Air Slash|p1a: Goodra\n|-damage|p1a: Goodra|8\/100\n|move|p1a: Goodra|Sludge Bomb|p2a: Shaymin\n|-supereffective|p2a: Shaymin\n|-damage|p2a: Shaymin|0 fnt\n|faint|p2a: Shaymin\n|\n|upkeep\n|\n|t:|1698882223\n|switch|p2a: Shaymin|Shaymin-Sky|100\/100\n|turn|7\n|\n|t:|1698882230\n|move|p2a: Shaymin|Air Slash|p1a: Goodra\n|-damage|p1a: Goodra|0 fnt\n|faint|p1a: Goodra\n|\n|upkeep\n|\n|t:|1698882234\n|switch|p1a: Kilowattrel|Kilowattrel, F|100\/100\n|turn|8\n|\n|t:|1698882237\n|move|p2a: Shaymin|Air Slash|p1a: Kilowattrel\n|-resisted|p1a: Kilowattrel\n|-damage|p1a: Kilowattrel|65\/100\n|cant|p1a: Kilowattrel|flinch\n|\n|upkeep\n|turn|9\n|\n|t:|1698882242\n|move|p1a: Kilowattrel|Protect|p1a: Kilowattrel\n|-singleturn|p1a: Kilowattrel|Protect\n|move|p2a: Shaymin|Air Slash|p1a: Kilowattrel\n|-activate|p1a: Kilowattrel|move: Protect\n|\n|upkeep\n|turn|10\n|\n|t:|1698882248\n|move|p2a: Shaymin|Air Slash|p1a: Kilowattrel\n|-resisted|p1a: Kilowattrel\n|-damage|p1a: Kilowattrel|30\/100\n|cant|p1a: Kilowattrel|flinch\n|\n|upkeep\n|turn|11\n|\n|t:|1698882252\n|move|p2a: Shaymin|Air Slash|p1a: Kilowattrel\n|-resisted|p1a: Kilowattrel\n|-damage|p1a: Kilowattrel|0 fnt\n|faint|p1a: Kilowattrel\n|\n|upkeep\n|inactive|Battle timer is ON: inactive players will automatically lose when time's up. (requested by aiohre)\n|\n|t:|1698882261\n|switch|p1a: Leafeon|Leafeon, F, shiny|100\/100\n|turn|12\n|\n|t:|1698882275\n|move|p2a: Shaymin|Air Slash|p1a: Leafeon\n|-supereffective|p1a: Leafeon\n|-enditem|p1a: Leafeon|Focus Sash\n|-damage|p1a: Leafeon|1\/100\n|move|p1a: Leafeon|Knock Off|p2a: Shaymin\n|-damage|p2a: Shaymin|60\/100\n|-enditem|p2a: Shaymin|Choice Scarf|[from] move: Knock Off|[of] p1a: Leafeon\n|\n|upkeep\n|turn|13\n|\n|t:|1698882285\n|move|p2a: Shaymin|Air Slash|p1a: Leafeon\n|-supereffective|p1a: Leafeon\n|-damage|p1a: Leafeon|0 fnt\n|faint|p1a: Leafeon\n|\n|upkeep\n|\n|t:|1698882289\n|switch|p1a: Annihilape|Annihilape, M|100\/100\n|turn|14\n|\n|t:|1698882299\n|move|p2a: Shaymin|Air Slash|p1a: Annihilape\n|-supereffective|p1a: Annihilape\n|-damage|p1a: Annihilape|28\/100\n|move|p1a: Annihilape|Rage Fist|p2a: Shaymin\n|-damage|p2a: Shaymin|0 fnt\n|faint|p2a: Shaymin\n|\n|upkeep\n|\n|t:|1698882300\n|switch|p2a: Shaymin|Shaymin-Sky|100\/100\n|turn|15\n|\n|t:|1698882308\n|move|p2a: Shaymin|Air Slash|p1a: Annihilape\n|-supereffective|p1a: Annihilape\n|-damage|p1a: Annihilape|0 fnt\n|faint|p1a: Annihilape\n|\n|upkeep\n|\n|t:|1698882312\n|switch|p1a: Volcarona|Volcarona, F, shiny|100\/100\n|turn|16\n|\n|t:|1698882316\n|move|p2a: Shaymin|Air Slash|p1a: Volcarona\n|-supereffective|p1a: Volcarona\n|-damage|p1a: Volcarona|25\/100\n|cant|p1a: Volcarona|flinch\n|\n|upkeep\n|turn|17\n|\n|t:|1698882320\n|move|p2a: Shaymin|Air Slash|p1a: Volcarona\n|-supereffective|p1a: Volcarona\n|-damage|p1a: Volcarona|0 fnt\n|faint|p1a: Volcarona\n|\n|upkeep\n|\n|t:|1698882324\n|switch|p1a: Tsareena|Tsareena, F, shiny|100\/100\n|turn|18\n|\n|t:|1698882328\n|move|p2a: Shaymin|Air Slash|p1a: Tsareena\n|-supereffective|p1a: Tsareena\n|-damage|p1a: Tsareena|26\/100\n|move|p1a: Tsareena|Power Whip|p2a: Shaymin\n|-resisted|p2a: Shaymin\n|-damage|p2a: Shaymin|71\/100\n|\n|upkeep\n|turn|19\n|\n|t:|1698882334\n|move|p2a: Shaymin|Air Slash|p1a: Tsareena\n|-supereffective|p1a: Tsareena\n|-damage|p1a: Tsareena|0 fnt\n|faint|p1a: Tsareena\n|\n|win|aiohre\n|raw|HeyGuys300's rating: 1000 &rarr; <strong>1000<\/strong><br \/>(+0 for losing)\n|raw|aiohre's rating: 1000 &rarr; <strong>1040<\/strong><br \/>(+40 for winning)\n|l|\u2606HeyGuys300\n","uploadtime":1698882350,"views":9,"p1id":"heyguys300","p2id":"aiohre","formatid":"gen9anythinggoes","rating":1000,"private":0,"password":""}