{"id":"gen9anythinggoes-1972324036","p1":"Xbtc e","p2":"EL BOSEMAN","format":"[Gen 9] Anything Goes","log":"|j|\u2606Xbtc e\n|j|\u203dEL BOSEMAN\n|t:|1697831418\n|gametype|singles\n|player|p1|Xbtc e|1|1061\n|player|p2|EL BOSEMAN|2|1000\n|teamsize|p1|6\n|teamsize|p2|1\n|gen|9\n|tier|[Gen 9] Anything Goes\n|rated|\n|rule|HP Percentage Mod: HP is shown in percentages\n|rule|Endless Battle Clause: Forcing endless battles is banned\n|clearpoke\n|poke|p1|Dondozo, F|\n|poke|p1|Skeledirge, M|\n|poke|p1|Cloyster, M|\n|poke|p1|Glimmora, M|\n|poke|p1|Samurott-Hisui, M|\n|poke|p1|Sinistcha|\n|poke|p2|Calyrex-Shadow|\n|teampreview\n|\n|t:|1697831424\n|start\n|switch|p1a: Sinistcha|Sinistcha|100\/100\n|switch|p2a: Calyrex|Calyrex-Shadow|100\/100\n|-ability|p2a: Calyrex|As One\n|-ability|p2a: Calyrex|Unnerve\n|turn|1\n|\n|t:|1697831432\n|-terastallize|p2a: Calyrex|Ghost\n|move|p2a: Calyrex|Astral Barrage|p1a: Sinistcha\n|-supereffective|p1a: Sinistcha\n|-damage|p1a: Sinistcha|0 fnt\n|faint|p1a: Sinistcha\n|-ability|p2a: Calyrex|Grim Neigh|boost\n|-boost|p2a: Calyrex|spa|1\n|\n|upkeep\n|\n|t:|1697831441\n|switch|p1a: Skeledirge|Skeledirge, M|100\/100\n|turn|2\n|\n|t:|1697831445\n|move|p2a: Calyrex|Astral Barrage|p1a: Skeledirge\n|-supereffective|p1a: Skeledirge\n|-damage|p1a: Skeledirge|0 fnt\n|faint|p1a: Skeledirge\n|-ability|p2a: Calyrex|Grim Neigh|boost\n|-boost|p2a: Calyrex|spa|1\n|\n|upkeep\n|\n|t:|1697831457\n|switch|p1a: Glimmora|Glimmora, M|100\/100\n|turn|3\n|\n|t:|1697831461\n|move|p2a: Calyrex|Astral Barrage|p1a: Glimmora\n|-damage|p1a: Glimmora|0 fnt\n|faint|p1a: Glimmora\n|-ability|p2a: Calyrex|Grim Neigh|boost\n|-boost|p2a: Calyrex|spa|1\n|\n|upkeep\n|\n|t:|1697831471\n|switch|p1a: Dondozo|Dondozo, F|100\/100\n|turn|4\n|\n|t:|1697831474\n|move|p2a: Calyrex|Astral Barrage|p1a: Dondozo\n|-crit|p1a: Dondozo\n|-damage|p1a: Dondozo|0 fnt\n|faint|p1a: Dondozo\n|-ability|p2a: Calyrex|Grim Neigh|boost\n|-boost|p2a: Calyrex|spa|1\n|\n|upkeep\n|\n|t:|1697831488\n|switch|p1a: Samurott|Samurott-Hisui, M, shiny|100\/100\n|turn|5\n|\n|t:|1697831492\n|move|p2a: Calyrex|Astral Barrage|p1a: Samurott\n|-resisted|p1a: Samurott\n|-damage|p1a: Samurott|0 fnt\n|faint|p1a: Samurott\n|-ability|p2a: Calyrex|Grim Neigh|boost\n|-boost|p2a: Calyrex|spa|1\n|\n|upkeep\n|\n|t:|1697831493\n|switch|p1a: Cloyster|Cloyster, M|100\/100\n|turn|6\n|\n|t:|1697831502\n|move|p1a: Cloyster|Protect|p1a: Cloyster\n|-singleturn|p1a: Cloyster|Protect\n|move|p2a: Calyrex|Astral Barrage|p1a: Cloyster\n|-activate|p1a: Cloyster|move: Protect\n|\n|upkeep\n|turn|7\n|\n|t:|1697831511\n|move|p1a: Cloyster|Ice Shard|p2a: Calyrex\n|-crit|p2a: Calyrex\n|-damage|p2a: Calyrex|77\/100\n|move|p2a: Calyrex|Astral Barrage|p1a: Cloyster\n|-damage|p1a: Cloyster|0 fnt\n|faint|p1a: Cloyster\n|\n|win|EL BOSEMAN\n|raw|Xbtc e's rating: 1061 &rarr; <strong>1039<\/strong><br \/>(-22 for losing)\n|raw|EL BOSEMAN's rating: 1000 &rarr; <strong>1047<\/strong><br \/>(+47 for winning)\n|l|\u2606Xbtc e\n","uploadtime":1697831587,"views":8,"p1id":"xbtce","p2id":"elboseman","formatid":"gen9anythinggoes","rating":1039,"private":0,"password":""}