{"id":"gen9anythinggoes-1989189404","p1":"tygor335","p2":"Torzzi","format":"[Gen 9] Anything Goes","log":"|j|\u2606tygor335\n|j|\u2606Torzzi\n|t:|1699821599\n|gametype|singles\n|player|p1|tygor335|2|1101\n|player|p2|Torzzi|unknown|1181\n|teamsize|p1|6\n|teamsize|p2|6\n|gen|9\n|tier|[Gen 9] Anything Goes\n|rated|\n|rule|HP Percentage Mod: HP is shown in percentages\n|rule|Endless Battle Clause: Forcing endless battles is banned\n|clearpoke\n|poke|p1|Iron Hands|\n|poke|p1|Pincurchin, M|\n|poke|p1|Clodsire, M|\n|poke|p1|Chansey, F|\n|poke|p1|Murkrow, F|\n|poke|p1|Enamorus, F|\n|poke|p2|Tyranitar, F|\n|poke|p2|Houndstone, M|\n|poke|p2|Amoonguss, F|\n|poke|p2|Garchomp, F|\n|poke|p2|Dugtrio, M|\n|poke|p2|Sandaconda, F|\n|teampreview\n|\n|t:|1699821609\n|start\n|switch|p1a: Pincurchin|Pincurchin, M, shiny|100\/100\n|switch|p2a: Tyranitar|Tyranitar, F, shiny|100\/100\n|-weather|Sandstorm|[from] ability: Sand Stream|[of] p2a: Tyranitar\n|-fieldstart|move: Electric Terrain|[from] ability: Electric Surge|[of] p1a: Pincurchin\n|turn|1\n|\n|t:|1699821620\n|move|p1a: Pincurchin|Protect|p1a: Pincurchin\n|-singleturn|p1a: Pincurchin|Protect\n|move|p2a: Tyranitar|Stealth Rock|p1a: Pincurchin\n|-sidestart|p1: tygor335|move: Stealth Rock\n|\n|-weather|Sandstorm|[upkeep]\n|-damage|p1a: Pincurchin|94\/100|[from] Sandstorm\n|upkeep\n|turn|2\n|\n|t:|1699821627\n|move|p2a: Tyranitar|Stone Edge|p1a: Pincurchin\n|-damage|p1a: Pincurchin|45\/100\n|move|p1a: Pincurchin|Memento|p2a: Tyranitar\n|-unboost|p2a: Tyranitar|atk|2\n|-unboost|p2a: Tyranitar|spa|2\n|faint|p1a: Pincurchin\n|\n|-weather|Sandstorm|[upkeep]\n|upkeep\n|\n|t:|1699821634\n|switch|p1a: Iron Hands|Iron Hands, shiny|100\/100\n|-damage|p1a: Iron Hands|94\/100|[from] Stealth Rock\n|-activate|p1a: Iron Hands|ability: Quark Drive\n|-start|p1a: Iron Hands|quarkdriveatk\n|turn|3\n|\n|t:|1699821641\n|switch|p2a: Houndstone|Houndstone, M, shiny|100\/100\n|move|p1a: Iron Hands|Belly Drum|p1a: Iron Hands\n|-damage|p1a: Iron Hands|44\/100\n|-setboost|p1a: Iron Hands|atk|6|[from] move: Belly Drum\n|\n|-weather|Sandstorm|[upkeep]\n|-damage|p1a: Iron Hands|38\/100|[from] Sandstorm\n|upkeep\n|turn|4\n|\n|t:|1699821653\n|-terastallize|p1a: Iron Hands|Fighting\n|move|p2a: Houndstone|Psychic Fangs|p1a: Iron Hands\n|-supereffective|p1a: Iron Hands\n|-damage|p1a: Iron Hands|6\/100\n|-enditem|p1a: Iron Hands|Figy Berry|[eat]\n|-heal|p1a: Iron Hands|39\/100|[from] item: Figy Berry\n|move|p1a: Iron Hands|Thunder Punch|p2a: Houndstone\n|-damage|p2a: Houndstone|0 fnt\n|faint|p2a: Houndstone\n|\n|-weather|Sandstorm|[upkeep]\n|-damage|p1a: Iron Hands|33\/100|[from] Sandstorm\n|upkeep\n|\n|t:|1699821671\n|switch|p2a: Garchomp|Garchomp, F, shiny|100\/100\n|turn|5\n|\n|t:|1699821675\n|move|p2a: Garchomp|Scale Shot|p1a: Iron Hands\n|-damage|p1a: Iron Hands|24\/100\n|-damage|p1a: Iron Hands|13\/100\n|-hitcount|p1a: Iron Hands|2\n|-unboost|p2a: Garchomp|def|1\n|-boost|p2a: Garchomp|spe|1\n|move|p1a: Iron Hands|Drain Punch|p2a: Garchomp\n|-damage|p2a: Garchomp|0 fnt\n|-heal|p1a: Iron Hands|53\/100|[from] drain|[of] p2a: Garchomp\n|faint|p2a: Garchomp\n|\n|-weather|none\n|-fieldend|move: Electric Terrain\n|-end|p1a: Iron Hands|Quark Drive\n|upkeep\n|\n|t:|1699821700\n|switch|p2a: Tyranitar|Tyranitar, F, shiny|100\/100\n|-weather|Sandstorm|[from] ability: Sand Stream|[of] p2a: Tyranitar\n|turn|6\n|\n|t:|1699821709\n|-terastallize|p2a: Tyranitar|Ghost\n|move|p2a: Tyranitar|Earthquake|p1a: Iron Hands\n|-damage|p1a: Iron Hands|27\/100\n|move|p1a: Iron Hands|Drain Punch|p2a: Tyranitar\n|-immune|p2a: Tyranitar\n|\n|-weather|Sandstorm|[upkeep]\n|-damage|p2a: Tyranitar|94\/100|[from] Sandstorm\n|-damage|p1a: Iron Hands|20\/100|[from] Sandstorm\n|-heal|p2a: Tyranitar|100\/100|[from] item: Leftovers\n|upkeep\n|turn|7\n|\n|t:|1699821721\n|-end|p1a: Iron Hands|Quark Drive|[silent]\n|switch|p1a: Murkrow|Murkrow, F, shiny|100\/100\n|-damage|p1a: Murkrow|76\/100|[from] Stealth Rock\n|move|p2a: Tyranitar|Stone Edge|p1a: Murkrow\n|-supereffective|p1a: Murkrow\n|-damage|p1a: Murkrow|0 fnt\n|faint|p1a: Murkrow\n|\n|-weather|Sandstorm|[upkeep]\n|-damage|p2a: Tyranitar|94\/100|[from] Sandstorm\n|-heal|p2a: Tyranitar|100\/100|[from] item: Leftovers\n|upkeep\n|\n|t:|1699821738\n|switch|p1a: Chansey|Chansey, F, shiny|100\/100\n|-damage|p1a: Chansey|88\/100|[from] Stealth Rock\n|turn|8\n|inactive|Battle timer is ON: inactive players will automatically lose when time's up. (requested by tygor335)\n|\n|t:|1699821745\n|switch|p2a: Amoonguss|Amoonguss, F, shiny|100\/100\n|move|p1a: Chansey|Shadow Ball|p2a: Amoonguss\n|-damage|p2a: Amoonguss|93\/100\n|\n|-weather|Sandstorm|[upkeep]\n|-damage|p1a: Chansey|82\/100|[from] Sandstorm\n|-damage|p2a: Amoonguss|87\/100|[from] Sandstorm\n|-heal|p2a: Amoonguss|93\/100|[from] item: Leftovers\n|upkeep\n|turn|9\n|\n|t:|1699821756\n|move|p1a: Chansey|Body Slam|p2a: Amoonguss\n|-damage|p2a: Amoonguss|87\/100\n|-status|p2a: Amoonguss|par\n|move|p2a: Amoonguss|Toxic|p1a: Chansey\n|-status|p1a: Chansey|tox\n|\n|-weather|Sandstorm|[upkeep]\n|-damage|p1a: Chansey|76\/100 tox|[from] Sandstorm\n|-damage|p2a: Amoonguss|81\/100 par|[from] Sandstorm\n|-heal|p2a: Amoonguss|87\/100 par|[from] item: Leftovers\n|-damage|p1a: Chansey|70\/100 tox|[from] psn\n|upkeep\n|turn|10\n|\n|t:|1699821769\n|switch|p1a: Enamorus|Enamorus, F|100\/100\n|-damage|p1a: Enamorus|76\/100|[from] Stealth Rock\n|cant|p2a: Amoonguss|par\n|\n|-weather|none\n|-heal|p2a: Amoonguss|94\/100 par|[from] item: Leftovers\n|upkeep\n|turn|11\n|\n|t:|1699821787\n|move|p1a: Enamorus|Superpower|p2a: Amoonguss\n|-resisted|p2a: Amoonguss\n|-damage|p2a: Amoonguss|76\/100 par\n|-boost|p1a: Enamorus|atk|1\n|-boost|p1a: Enamorus|def|1\n|move|p2a: Amoonguss|Toxic|p1a: Enamorus\n|-status|p1a: Enamorus|tox\n|\n|-heal|p2a: Amoonguss|82\/100 par|[from] item: Leftovers\n|-damage|p1a: Enamorus|69\/100 tox|[from] psn\n|upkeep\n|turn|12\n|inactive|tygor335 has 120 seconds left.\n|\n|t:|1699821821\n|switch|p2a: Tyranitar|Tyranitar, F, shiny, tera:Ghost|100\/100\n|-weather|Sandstorm|[from] ability: Sand Stream|[of] p2a: Tyranitar\n|move|p1a: Enamorus|Superpower|p2a: Tyranitar\n|-immune|p2a: Tyranitar\n|\n|-weather|Sandstorm|[upkeep]\n|-damage|p1a: Enamorus|63\/100 tox|[from] Sandstorm\n|-damage|p2a: Tyranitar|94\/100|[from] Sandstorm\n|-heal|p2a: Tyranitar|100\/100|[from] item: Leftovers\n|-damage|p1a: Enamorus|51\/100 tox|[from] psn\n|upkeep\n|turn|13\n|-message|tygor335 forfeited.\n|\n|win|Torzzi\n|raw|tygor335's rating: 1101 &rarr; <strong>1082<\/strong><br \/>(-19 for losing)\n|raw|Torzzi's rating: 1181 &rarr; <strong>1200<\/strong><br \/>(+19 for winning)\n|l|\u2606tygor335\n","uploadtime":1699821854,"views":11,"p1id":"tygor335","p2id":"torzzi","formatid":"gen9anythinggoes","rating":1082,"private":0,"password":""}