{"id":"gen9anythinggoes-1993512226","p1":"TwisterMcFister","p2":"Mouspi le goat","format":"[Gen 9] Anything Goes","log":"|j|\u2606TwisterMcFister\n|j|\u2606Mouspi le goat\n|t:|1700326576\n|gametype|singles\n|player|p1|TwisterMcFister|1|1223\n|player|p2|Mouspi le goat|red|1234\n|teamsize|p1|6\n|teamsize|p2|6\n|gen|9\n|tier|[Gen 9] Anything Goes\n|rated|\n|rule|HP Percentage Mod: HP is shown in percentages\n|rule|Endless Battle Clause: Forcing endless battles is banned\n|clearpoke\n|poke|p1|Zacian-*|\n|poke|p1|Polteageist|\n|poke|p1|Zoroark, M|\n|poke|p1|Gyarados, F|\n|poke|p1|Arceus|\n|poke|p1|Heatran, F|\n|poke|p2|Breloom, M|\n|poke|p2|Espathra, F|\n|poke|p2|Calyrex-Shadow|\n|poke|p2|Toxapex, F|\n|poke|p2|Ninetales-Alola, F|\n|poke|p2|Dugtrio, M|\n|teampreview\n|inactive|Battle timer is ON: inactive players will automatically lose when time's up. (requested by TwisterMcFister)\n|\n|t:|1700326592\n|start\n|switch|p1a: Zacian|Zacian-Crowned|100\/100\n|switch|p2a: Toxapex|Toxapex, F, shiny|100\/100\n|-ability|p1a: Zacian|Intrepid Sword|boost\n|-boost|p1a: Zacian|atk|1\n|turn|1\n|\n|t:|1700326600\n|move|p1a: Zacian|Swords Dance|p1a: Zacian\n|-boost|p1a: Zacian|atk|2\n|move|p2a: Toxapex|Toxic Spikes|p1a: Zacian\n|-sidestart|p1: TwisterMcFister|move: Toxic Spikes\n|\n|upkeep\n|turn|2\n|\n|t:|1700326605\n|move|p1a: Zacian|Swords Dance|p1a: Zacian\n|-boost|p1a: Zacian|atk|2\n|move|p2a: Toxapex|Haze|p2a: Toxapex\n|-clearallboost\n|\n|upkeep\n|turn|3\n|\n|t:|1700326612\n|move|p1a: Zacian|Swords Dance|p1a: Zacian\n|-boost|p1a: Zacian|atk|2\n|move|p2a: Toxapex|Toxic Spikes|p1a: Zacian\n|-sidestart|p1: TwisterMcFister|move: Toxic Spikes\n|\n|upkeep\n|turn|4\n|\n|t:|1700326627\n|move|p1a: Zacian|Behemoth Blade|p2a: Toxapex\n|-resisted|p2a: Toxapex\n|-damage|p2a: Toxapex|66\/100\n|move|p2a: Toxapex|Haze|p2a: Toxapex\n|-clearallboost\n|\n|-heal|p2a: Toxapex|72\/100|[from] item: Black Sludge\n|upkeep\n|turn|5\n|\n|t:|1700326636\n|move|p1a: Zacian|Swords Dance|p1a: Zacian\n|-boost|p1a: Zacian|atk|2\n|move|p2a: Toxapex|Recover|p2a: Toxapex\n|-heal|p2a: Toxapex|100\/100\n|\n|upkeep\n|turn|6\n|\n|t:|1700326643\n|move|p1a: Zacian|Sacred Sword|p2a: Toxapex\n|-resisted|p2a: Toxapex\n|-damage|p2a: Toxapex|79\/100\n|move|p2a: Toxapex|Haze|p2a: Toxapex\n|-clearallboost\n|\n|-heal|p2a: Toxapex|86\/100|[from] item: Black Sludge\n|upkeep\n|turn|7\n|\n|t:|1700326653\n|switch|p2a: Espathra|Espathra, F, shiny|100\/100\n|move|p1a: Zacian|Swords Dance|p1a: Zacian\n|-boost|p1a: Zacian|atk|2\n|\n|upkeep\n|turn|8\n|\n|t:|1700326660\n|move|p2a: Espathra|Protect|p2a: Espathra\n|-singleturn|p2a: Espathra|Protect\n|move|p1a: Zacian|Behemoth Blade|p2a: Espathra\n|-activate|p2a: Espathra|move: Protect\n|\n|-ability|p2a: Espathra|Speed Boost|boost\n|-boost|p2a: Espathra|spe|1\n|upkeep\n|turn|9\n|\n|t:|1700326670\n|move|p2a: Espathra|Substitute|p2a: Espathra\n|-start|p2a: Espathra|Substitute\n|-damage|p2a: Espathra|76\/100\n|move|p1a: Zacian|Swords Dance|p1a: Zacian\n|-boost|p1a: Zacian|atk|2\n|\n|-heal|p2a: Espathra|82\/100|[from] item: Leftovers\n|-ability|p2a: Espathra|Speed Boost|boost\n|-boost|p2a: Espathra|spe|1\n|upkeep\n|turn|10\n|\n|t:|1700326684\n|move|p2a: Espathra|Baton Pass|p2a: Espathra\n|\n|t:|1700326686\n|switch|p2a: Breloom|Breloom, M, shiny|100\/100|[from] Baton Pass\n|move|p1a: Zacian|Swords Dance|p1a: Zacian\n|-boost|p1a: Zacian|atk|2\n|\n|upkeep\n|turn|11\n|\n|t:|1700326695\n|move|p2a: Breloom|Spore|p1a: Zacian\n|-status|p1a: Zacian|slp|[from] move: Spore\n|cant|p1a: Zacian|slp\n|\n|upkeep\n|turn|12\n|\n|t:|1700326703\n|switch|p1a: Heatran|Heatran, F|100\/100\n|move|p2a: Breloom|Swords Dance|p2a: Breloom\n|-boost|p2a: Breloom|atk|2\n|\n|upkeep\n|turn|13\n|\n|t:|1700326710\n|move|p2a: Breloom|Mach Punch|p1a: Heatran\n|-supereffective|p1a: Heatran\n|-damage|p1a: Heatran|0 fnt\n|faint|p1a: Heatran\n|\n|upkeep\n|\n|t:|1700326717\n|switch|p1a: Polteageist|Polteageist|100\/100\n|-status|p1a: Polteageist|tox\n|turn|14\n|\n|t:|1700326723\n|move|p2a: Breloom|Aerial Ace|p1a: Polteageist\n|-damage|p1a: Polteageist|0 fnt\n|faint|p1a: Polteageist\n|\n|upkeep\n|\n|t:|1700326729\n|switch|p1a: Arceus|Arceus|100\/100\n|-status|p1a: Arceus|tox\n|turn|15\n|\n|t:|1700326734\n|move|p1a: Arceus|Extreme Speed|p2a: Breloom\n|-end|p2a: Breloom|Substitute\n|move|p2a: Breloom|Mach Punch|p1a: Arceus\n|-supereffective|p1a: Arceus\n|-damage|p1a: Arceus|5\/100 tox\n|-enditem|p1a: Arceus|Salac Berry|[eat]\n|-boost|p1a: Arceus|spe|1|[from] item: Salac Berry\n|\n|-damage|p1a: Arceus|0 fnt|[from] psn\n|faint|p1a: Arceus\n|upkeep\n|\n|t:|1700326745\n|switch|p1a: Gyarados|Gyarados, F|100\/100\n|-ability|p1a: Gyarados|Intimidate|boost\n|-unboost|p2a: Breloom|atk|1\n|turn|16\n|\n|t:|1700326752\n|move|p2a: Breloom|Spore|p1a: Gyarados\n|-status|p1a: Gyarados|slp|[from] move: Spore\n|cant|p1a: Gyarados|slp\n|\n|upkeep\n|turn|17\n|\n|t:|1700326759\n|switch|p1a: Zacian|Zacian-Crowned|100\/100\n|-status|p1a: Zacian|tox\n|move|p2a: Breloom|Swords Dance|p2a: Breloom\n|-boost|p2a: Breloom|atk|2\n|\n|-damage|p1a: Zacian|94\/100 tox|[from] psn\n|upkeep\n|turn|18\n|c|\u2606Mouspi le goat|it's not zoroark\n|\n|t:|1700326774\n|move|p2a: Breloom|Mach Punch|p1a: Zacian\n|-supereffective|p1a: Zacian\n|-damage|p1a: Zacian|0 fnt\n|replace|p1a: Zoroark|Zoroark, M\n|-end|p1a: Zoroark|Illusion\n|faint|p1a: Zoroark\n|\n|upkeep\n|\n|t:|1700326780\n|switch|p1a: Zacian|Zacian-Crowned|100\/100 slp\n|turn|19\n|\n|t:|1700326786\n|move|p2a: Breloom|Swords Dance|p2a: Breloom\n|-boost|p2a: Breloom|atk|2\n|cant|p1a: Zacian|slp\n|\n|upkeep\n|turn|20\n|\n|t:|1700326792\n|move|p2a: Breloom|Mach Punch|p1a: Zacian\n|-damage|p1a: Zacian|0 fnt\n|faint|p1a: Zacian\n|\n|upkeep\n|-message|TwisterMcFister forfeited.\n|\n|win|Mouspi le goat\n|raw|TwisterMcFister's rating: 1223 &rarr; <strong>1199<\/strong><br \/>(-24 for losing)\n|raw|Mouspi le goat's rating: 1234 &rarr; <strong>1258<\/strong><br \/>(+24 for winning)\n|l|\u2606TwisterMcFister\n","uploadtime":1700326806,"views":4,"p1id":"twistermcfister","p2id":"mouspilegoat","formatid":"gen9anythinggoes","rating":1199,"private":0,"password":""}