{"id":"gen9anythinggoes-1976472529","p1":"Tails72","p2":"DAG1120","format":"[Gen 9] Anything Goes","log":"|j|\u2606Tails72\n|j|\u2606DAG1120\n|inactive|Battle timer is ON: inactive players will automatically lose when time's up.\n|t:|1698309155\n|gametype|singles\n|player|p1|Tails72|volo-ginkgo|\n|player|p2|DAG1120|lance|\n|teamsize|p1|6\n|teamsize|p2|6\n|gen|9\n|tier|[Gen 9] Anything Goes\n|rated|Tournament battle\n|rule|HP Percentage Mod: HP is shown in percentages\n|rule|Endless Battle Clause: Forcing endless battles is banned\n|rule|Category Swap Mod: All physical moves become special, and vice versa\n|clearpoke\n|poke|p1|Calyrex-Ice|\n|poke|p1|Zacian-*|\n|poke|p1|Dialga|\n|poke|p1|Giratina|\n|poke|p1|Grimmsnarl, M|\n|poke|p1|Magearna|\n|poke|p2|Zacian-*|\n|poke|p2|Calyrex-Shadow|\n|poke|p2|Arceus|\n|poke|p2|Empoleon, F|\n|poke|p2|Kyogre|\n|poke|p2|Ogerpon-Hearthflame, F|\n|teampreview\n|j|*Lady Monita \u263d\n|inactive|DAG1120 also wants the timer to be on.\n|j|^RUMYMOME\n|inactive|Tails72 has 120 seconds left.\n|c|\u2606Tails72|gl hf\n|\n|t:|1698309201\n|start\n|switch|p1a: Grimmsnarl|Grimmsnarl, M|100\/100\n|switch|p2a: Arceus|Arceus|100\/100\n|turn|1\n|\n|t:|1698309208\n|move|p1a: Grimmsnarl|Reflect|p1a: Grimmsnarl\n|-sidestart|p1: Tails72|Reflect\n|move|p2a: Arceus|Nasty Plot|p2a: Arceus\n|-boost|p2a: Arceus|spa|2\n|\n|upkeep\n|turn|2\n|\n|t:|1698309216\n|move|p2a: Arceus|Extreme Speed|p1a: Grimmsnarl\n|-damage|p1a: Grimmsnarl|32\/100\n|move|p1a: Grimmsnarl|Light Screen|p1a: Grimmsnarl\n|-sidestart|p1: Tails72|move: Light Screen\n|\n|upkeep\n|turn|3\n|\n|t:|1698309223\n|switch|p1a: Giratina|Giratina|100\/100\n|-ability|p1a: Giratina|Pressure\n|move|p2a: Arceus|Extreme Speed|p1a: Giratina\n|-immune|p1a: Giratina\n|\n|upkeep\n|turn|4\n|\n|t:|1698309226\n|move|p2a: Arceus|Dragon Claw|p1a: Giratina\n|-supereffective|p1a: Giratina\n|-crit|p1a: Giratina\n|-damage|p1a: Giratina|0 fnt\n|faint|p1a: Giratina\n|\n|upkeep\n|\n|t:|1698309237\n|switch|p1a: Dialga|Dialga|100\/100\n|-ability|p1a: Dialga|Pressure\n|turn|5\n|\n|t:|1698309242\n|move|p2a: Arceus|Earthquake|p1a: Dialga\n|-supereffective|p1a: Dialga\n|-damage|p1a: Dialga|35\/100\n|move|p1a: Dialga|Trick Room|p1a: Dialga\n|-fieldstart|move: Trick Room|[of] p1a: Dialga\n|\n|-heal|p1a: Dialga|41\/100|[from] item: Leftovers\n|upkeep\n|turn|6\n|\n|t:|1698309247\n|move|p1a: Dialga|Outrage|p2a: Arceus\n|-crit|p2a: Arceus\n|-damage|p2a: Arceus|6\/100\n|move|p2a: Arceus|Earthquake|p1a: Dialga\n|-supereffective|p1a: Dialga\n|-damage|p1a: Dialga|0 fnt\n|faint|p1a: Dialga\n|\n|upkeep\n|\n|t:|1698309251\n|switch|p1a: Calyrex|Calyrex-Ice|100\/100\n|-ability|p1a: Calyrex|As One\n|-ability|p1a: Calyrex|Unnerve\n|turn|7\n|\n|t:|1698309254\n|move|p2a: Arceus|Extreme Speed|p1a: Calyrex\n|-damage|p1a: Calyrex|73\/100\n|move|p1a: Calyrex|Psystrike|p2a: Arceus\n|-damage|p2a: Arceus|0 fnt\n|faint|p2a: Arceus\n|-ability|p1a: Calyrex|Chilling Neigh|boost\n|-boost|p1a: Calyrex|atk|1\n|-damage|p1a: Calyrex|63\/100|[from] item: Life Orb\n|\n|upkeep\n|\n|t:|1698309260\n|switch|p2a: Ogerpon|Ogerpon-Hearthflame, F|100\/100\n|-ability|p2a: Ogerpon|Mold Breaker\n|turn|8\n|\n|t:|1698309274\n|-terastallize|p2a: Ogerpon|Fire\n|detailschange|p2a: Ogerpon|Ogerpon-Hearthflame-Tera, F, tera:Fire\n|-ability|p2a: Ogerpon|Embody Aspect (Hearthflame)|boost\n|-boost|p2a: Ogerpon|atk|1\n|move|p2a: Ogerpon|Spiky Shield|p2a: Ogerpon\n|-singleturn|p2a: Ogerpon|move: Protect\n|move|p1a: Calyrex|Psystrike|p2a: Ogerpon\n|-activate|p2a: Ogerpon|move: Protect\n|\n|-sideend|p1: Tails72|Reflect\n|upkeep\n|turn|9\n|\n|t:|1698309284\n|move|p1a: Calyrex|Psystrike|p2a: Ogerpon\n|-damage|p2a: Ogerpon|0 fnt\n|faint|p2a: Ogerpon\n|-ability|p1a: Calyrex|Chilling Neigh|boost\n|-boost|p1a: Calyrex|atk|1\n|-damage|p1a: Calyrex|53\/100|[from] item: Life Orb\n|\n|-sideend|p1: Tails72|move: Light Screen\n|-fieldend|move: Trick Room\n|upkeep\n|\n|t:|1698309289\n|switch|p2a: Calyrex|Calyrex-Shadow|100\/100\n|-ability|p2a: Calyrex|As One\n|-ability|p2a: Calyrex|Unnerve\n|turn|10\n|\n|t:|1698309307\n|switch|p1a: Magearna|Magearna|100\/100\n|move|p2a: Calyrex|Crunch|p1a: Magearna\n|-resisted|p1a: Magearna\n|-damage|p1a: Magearna|83\/100\n|-damage|p2a: Calyrex|91\/100|[from] item: Life Orb\n|\n|upkeep\n|turn|11\n|\n|t:|1698309317\n|move|p2a: Calyrex|Phantom Force||[still]\n|-prepare|p2a: Calyrex|Phantom Force\n|move|p1a: Magearna|Magical Torque|p2a: Calyrex|[miss]\n|-miss|p1a: Magearna|p2a: Calyrex\n|\n|upkeep\n|turn|12\n|\n|t:|1698309321\n|move|p2a: Calyrex|Phantom Force|p1a: Magearna|[from]lockedmove\n|-damage|p1a: Magearna|25\/100\n|-damage|p2a: Calyrex|81\/100|[from] item: Life Orb\n|move|p1a: Magearna|Magical Torque|p2a: Calyrex\n|-damage|p2a: Calyrex|9\/100\n|-damage|p1a: Magearna|15\/100|[from] item: Life Orb\n|\n|upkeep\n|turn|13\n|\n|t:|1698309332\n|move|p2a: Calyrex|Psyblade|p1a: Magearna\n|-resisted|p1a: Magearna\n|-damage|p1a: Magearna|0 fnt\n|faint|p1a: Magearna\n|-ability|p2a: Calyrex|Grim Neigh|boost\n|-boost|p2a: Calyrex|spa|1\n|-damage|p2a: Calyrex|0 fnt|[from] item: Life Orb\n|faint|p2a: Calyrex\n|\n|upkeep\n|\n|t:|1698309340\n|switch|p2a: Kyogre|Kyogre|100\/100\n|switch|p1a: Grimmsnarl|Grimmsnarl, M|32\/100\n|-weather|RainDance|[from] ability: Drizzle|[of] p2a: Kyogre\n|turn|14\n|\n|t:|1698309346\n|move|p1a: Grimmsnarl|Light Screen|p1a: Grimmsnarl\n|-sidestart|p1: Tails72|move: Light Screen\n|move|p2a: Kyogre|Earthquake|p1a: Grimmsnarl\n|-damage|p1a: Grimmsnarl|16\/100\n|\n|-weather|RainDance|[upkeep]\n|upkeep\n|turn|15\n|\n|t:|1698309354\n|move|p1a: Grimmsnarl|Parting Shot|p2a: Kyogre\n|-unboost|p2a: Kyogre|atk|1\n|-unboost|p2a: Kyogre|spa|1\n|\n|t:|1698309355\n|switch|p1a: Calyrex|Calyrex-Ice|53\/100|[from] Parting Shot\n|-ability|p1a: Calyrex|As One\n|-ability|p1a: Calyrex|Unnerve\n|move|p2a: Kyogre|Earthquake|p1a: Calyrex\n|-damage|p1a: Calyrex|43\/100\n|\n|-weather|RainDance|[upkeep]\n|upkeep\n|turn|16\n|\n|t:|1698309358\n|move|p2a: Kyogre|Protect|p2a: Kyogre\n|-singleturn|p2a: Kyogre|Protect\n|move|p1a: Calyrex|Trick Room|p1a: Calyrex\n|-fieldstart|move: Trick Room|[of] p1a: Calyrex\n|\n|-weather|RainDance|[upkeep]\n|upkeep\n|turn|17\n|\n|t:|1698309370\n|switch|p2a: Zacian|Zacian-Crowned|100\/100\n|-ability|p2a: Zacian|Intrepid Sword|boost\n|-boost|p2a: Zacian|atk|1\n|move|p1a: Calyrex|Giga Drain|p2a: Zacian\n|-resisted|p2a: Zacian\n|-damage|p2a: Zacian|82\/100\n|-heal|p1a: Calyrex|51\/100|[from] drain|[of] p2a: Zacian\n|-damage|p1a: Calyrex|41\/100|[from] item: Life Orb\n|\n|-weather|RainDance|[upkeep]\n|upkeep\n|turn|18\n|\n|t:|1698309387\n|-terastallize|p1a: Calyrex|Psychic\n|move|p1a: Calyrex|Psystrike|p2a: Zacian\n|-resisted|p2a: Zacian\n|-damage|p2a: Zacian|26\/100\n|-damage|p1a: Calyrex|31\/100|[from] item: Life Orb\n|move|p2a: Zacian|Flash Cannon|p1a: Calyrex\n|-damage|p1a: Calyrex|0 fnt\n|faint|p1a: Calyrex\n|\n|-weather|none\n|upkeep\n|\n|t:|1698309391\n|switch|p1a: Grimmsnarl|Grimmsnarl, M|16\/100\n|turn|19\n|\n|t:|1698309398\n|move|p1a: Grimmsnarl|Burning Jealousy|p2a: Zacian\n|-supereffective|p2a: Zacian\n|-damage|p2a: Zacian|0 fnt\n|faint|p2a: Zacian\n|\n|upkeep\n|\n|t:|1698309401\n|switch|p2a: Empoleon|Empoleon, F|100\/100\n|turn|20\n|\n|t:|1698309412\n|move|p1a: Grimmsnarl|Reflect|p1a: Grimmsnarl\n|-sidestart|p1: Tails72|Reflect\n|move|p2a: Empoleon|Liquidation|p1a: Grimmsnarl\n|-damage|p1a: Grimmsnarl|0 fnt\n|faint|p1a: Grimmsnarl\n|-damage|p2a: Empoleon|91\/100|[from] item: Life Orb\n|\n|-fieldend|move: Trick Room\n|upkeep\n|\n|t:|1698309415\n|switch|p1a: Zacian|Zacian-Crowned|100\/100\n|-ability|p1a: Zacian|Intrepid Sword|boost\n|-boost|p1a: Zacian|atk|1\n|turn|21\n|\n|t:|1698309421\n|move|p1a: Zacian|Moonblast|p2a: Empoleon\n|-resisted|p2a: Empoleon\n|-damage|p2a: Empoleon|54\/100\n|move|p2a: Empoleon|Earthquake|p1a: Zacian\n|-supereffective|p1a: Zacian\n|-crit|p1a: Zacian\n|-damage|p1a: Zacian|0 fnt\n|faint|p1a: Zacian\n|-damage|p2a: Empoleon|44\/100|[from] item: Life Orb\n|\n|win|DAG1120\n|n|\u2606Tails72|tails72\n|n|\u2606DAG1120|dag1120\n|n|*Lady Monita \u263d|ladymonita\n|n| RUMYMOME|rumymome\n","uploadtime":1698309422,"views":8,"p1id":"tails72","p2id":"dag1120","formatid":"gen9anythinggoes","rating":0,"private":0,"password":""}