{"id":"gen9anythinggoes-1979901118","p1":"Galaxy77564763g","p2":"Bakitaladelbarrio","format":"[Gen 9] Anything Goes","log":"|j|\u2606Galaxy77564763g\n|j|\u2606Bakitaladelbarrio\n|t:|1698726487\n|gametype|singles\n|player|p1|Galaxy77564763g|2|1141\n|player|p2|Bakitaladelbarrio|dawn|1112\n|teamsize|p1|6\n|teamsize|p2|6\n|gen|9\n|tier|[Gen 9] Anything Goes\n|rated|\n|rule|HP Percentage Mod: HP is shown in percentages\n|rule|Endless Battle Clause: Forcing endless battles is banned\n|clearpoke\n|poke|p1|Chi-Yu|\n|poke|p1|Gyarados, M|\n|poke|p1|Amoonguss, M|\n|poke|p1|Flutter Mane|\n|poke|p1|Calyrex-Ice|\n|poke|p1|Landorus-Therian, M|\n|poke|p2|Espathra, F|\n|poke|p2|Drifblim, M|\n|poke|p2|Jumpluff, M|\n|poke|p2|Manaphy|\n|poke|p2|Clefable, M|\n|poke|p2|Basculegion, M|\n|teampreview\n|inactive|Battle timer is ON: inactive players will automatically lose when time's up. (requested by Bakitaladelbarrio)\n|\n|t:|1698726493\n|start\n|switch|p1a: Gyarados|Gyarados, M|100\/100\n|switch|p2a: Drifblim|Drifblim, M|100\/100\n|-ability|p1a: Gyarados|Intimidate|boost\n|-unboost|p2a: Drifblim|atk|1\n|turn|1\n|\n|t:|1698726501\n|move|p2a: Drifblim|Minimize|p2a: Drifblim\n|-boost|p2a: Drifblim|evasion|2\n|move|p1a: Gyarados|Taunt|p2a: Drifblim|[miss]\n|-miss|p1a: Gyarados|p2a: Drifblim\n|\n|upkeep\n|turn|2\n|\n|t:|1698726507\n|move|p2a: Drifblim|Minimize|p2a: Drifblim\n|-boost|p2a: Drifblim|evasion|2\n|move|p1a: Gyarados|Taunt|p2a: Drifblim\n|-start|p2a: Drifblim|move: Taunt\n|\n|upkeep\n|turn|3\n|\n|t:|1698726515\n|-activate|p2a: Drifblim|move: Struggle\n|move|p2a: Drifblim|Struggle|p1a: Gyarados\n|-damage|p1a: Gyarados|96\/100\n|-damage|p2a: Drifblim|75\/100|[from] recoil\n|move|p1a: Gyarados|Waterfall|p2a: Drifblim|[miss]\n|-miss|p1a: Gyarados|p2a: Drifblim\n|\n|upkeep\n|turn|4\n|\n|t:|1698726524\n|-activate|p2a: Drifblim|move: Struggle\n|move|p2a: Drifblim|Struggle|p1a: Gyarados\n|-damage|p1a: Gyarados|91\/100\n|-damage|p2a: Drifblim|50\/100|[from] recoil\n|move|p1a: Gyarados|Waterfall|p2a: Drifblim|[miss]\n|-miss|p1a: Gyarados|p2a: Drifblim\n|\n|upkeep\n|turn|5\n|\n|t:|1698726532\n|-activate|p2a: Drifblim|move: Struggle\n|move|p2a: Drifblim|Struggle|p1a: Gyarados\n|-damage|p1a: Gyarados|87\/100\n|-damage|p2a: Drifblim|25\/100|[from] recoil\n|move|p1a: Gyarados|Waterfall|p2a: Drifblim|[miss]\n|-miss|p1a: Gyarados|p2a: Drifblim\n|\n|-end|p2a: Drifblim|move: Taunt\n|upkeep\n|turn|6\n|\n|t:|1698726543\n|move|p2a: Drifblim|Baton Pass|p2a: Drifblim\n|\n|t:|1698726549\n|switch|p2a: Espathra|Espathra, F|100\/100|[from] Baton Pass\n|move|p1a: Gyarados|Waterfall|p2a: Espathra|[miss]\n|-miss|p1a: Gyarados|p2a: Espathra\n|\n|upkeep\n|turn|7\n|\n|t:|1698726559\n|move|p2a: Espathra|Calm Mind|p2a: Espathra\n|-boost|p2a: Espathra|spa|1\n|-boost|p2a: Espathra|spd|1\n|move|p1a: Gyarados|Taunt|p2a: Espathra|[miss]\n|-miss|p1a: Gyarados|p2a: Espathra\n|\n|-ability|p2a: Espathra|Speed Boost|boost\n|-boost|p2a: Espathra|spe|1\n|upkeep\n|turn|8\n|\n|t:|1698726568\n|move|p2a: Espathra|Stored Power|p1a: Gyarados\n|-damage|p1a: Gyarados|13\/100\n|-enditem|p1a: Gyarados|Sitrus Berry|[eat]\n|-heal|p1a: Gyarados|38\/100|[from] item: Sitrus Berry\n|move|p1a: Gyarados|Taunt|p2a: Espathra|[miss]\n|-miss|p1a: Gyarados|p2a: Espathra\n|\n|-ability|p2a: Espathra|Speed Boost|boost\n|-boost|p2a: Espathra|spe|1\n|upkeep\n|turn|9\n|\n|t:|1698726583\n|move|p2a: Espathra|Stored Power|p1a: Gyarados\n|-damage|p1a: Gyarados|0 fnt\n|faint|p1a: Gyarados\n|\n|-ability|p2a: Espathra|Speed Boost|boost\n|-boost|p2a: Espathra|spe|1\n|upkeep\n|inactive|Galaxy77564763g has 120 seconds left.\n|\n|t:|1698726604\n|switch|p1a: Flutter Mane|Flutter Mane|100\/100\n|turn|10\n|\n|t:|1698726611\n|move|p2a: Espathra|Baton Pass|p2a: Espathra\n|\n|t:|1698726613\n|switch|p2a: Manaphy|Manaphy|100\/100|[from] Baton Pass\n|move|p1a: Flutter Mane|Perish Song|p1a: Flutter Mane\n|-start|p1a: Flutter Mane|perish3|[silent]\n|-start|p2a: Manaphy|perish3|[silent]\n|-fieldactivate|move: Perish Song\n|\n|-start|p2a: Manaphy|perish3\n|-start|p1a: Flutter Mane|perish3\n|upkeep\n|turn|11\n|\n|t:|1698726624\n|-end|p1a: Flutter Mane|Protosynthesis|[silent]\n|switch|p1a: Amoonguss|Amoonguss, M|100\/100\n|move|p2a: Manaphy|Take Heart|p2a: Manaphy\n|-boost|p2a: Manaphy|spa|1\n|-boost|p2a: Manaphy|spd|1\n|\n|-start|p2a: Manaphy|perish2\n|upkeep\n|turn|12\n|\n|t:|1698726634\n|move|p2a: Manaphy|Stored Power|p1a: Amoonguss\n|-supereffective|p1a: Amoonguss\n|-damage|p1a: Amoonguss|0 fnt\n|faint|p1a: Amoonguss\n|\n|-start|p2a: Manaphy|perish1\n|upkeep\n|\n|t:|1698726641\n|switch|p1a: Flutter Mane|Flutter Mane|100\/100\n|turn|13\n|\n|t:|1698726654\n|switch|p2a: Espathra|Espathra, F|100\/100\n|move|p1a: Flutter Mane|Protect||[still]\n|-fail|p1a: Flutter Mane\n|\n|upkeep\n|turn|14\n|\n|t:|1698726661\n|move|p2a: Espathra|Protect|p2a: Espathra\n|-singleturn|p2a: Espathra|Protect\n|move|p1a: Flutter Mane|Shadow Ball|p2a: Espathra\n|-activate|p2a: Espathra|move: Protect\n|\n|-ability|p2a: Espathra|Speed Boost|boost\n|-boost|p2a: Espathra|spe|1\n|upkeep\n|turn|15\n|\n|t:|1698726670\n|move|p2a: Espathra|Calm Mind|p2a: Espathra\n|-boost|p2a: Espathra|spa|1\n|-boost|p2a: Espathra|spd|1\n|move|p1a: Flutter Mane|Shadow Ball|p2a: Espathra\n|-supereffective|p2a: Espathra\n|-enditem|p2a: Espathra|Focus Sash\n|-damage|p2a: Espathra|1\/100\n|-damage|p1a: Flutter Mane|91\/100|[from] item: Life Orb\n|\n|-ability|p2a: Espathra|Speed Boost|boost\n|-boost|p2a: Espathra|spe|1\n|upkeep\n|turn|16\n|\n|t:|1698726681\n|move|p2a: Espathra|Protect|p2a: Espathra\n|-singleturn|p2a: Espathra|Protect\n|move|p1a: Flutter Mane|Shadow Ball|p2a: Espathra\n|-activate|p2a: Espathra|move: Protect\n|\n|-ability|p2a: Espathra|Speed Boost|boost\n|-boost|p2a: Espathra|spe|1\n|upkeep\n|turn|17\n|\n|t:|1698726696\n|move|p2a: Espathra|Baton Pass|p2a: Espathra\n|\n|t:|1698726707\n|switch|p2a: Manaphy|Manaphy|100\/100|[from] Baton Pass\n|move|p1a: Flutter Mane|Shadow Ball|p2a: Manaphy\n|-damage|p2a: Manaphy|71\/100\n|-unboost|p2a: Manaphy|spd|1\n|-damage|p1a: Flutter Mane|81\/100|[from] item: Life Orb\n|\n|-heal|p2a: Manaphy|77\/100|[from] item: Leftovers\n|upkeep\n|turn|18\n|\n|t:|1698726719\n|move|p2a: Manaphy|Stored Power|p1a: Flutter Mane\n|-damage|p1a: Flutter Mane|37\/100\n|move|p1a: Flutter Mane|Perish Song|p1a: Flutter Mane\n|-start|p1a: Flutter Mane|perish3|[silent]\n|-start|p2a: Manaphy|perish3|[silent]\n|-fieldactivate|move: Perish Song\n|\n|-heal|p2a: Manaphy|83\/100|[from] item: Leftovers\n|-start|p2a: Manaphy|perish3\n|-start|p1a: Flutter Mane|perish3\n|upkeep\n|turn|19\n|\n|t:|1698726730\n|-end|p1a: Flutter Mane|Protosynthesis|[silent]\n|switch|p1a: Chi-Yu|Chi-Yu|100\/100\n|-ability|p1a: Chi-Yu|Beads of Ruin\n|move|p2a: Manaphy|Scald|p1a: Chi-Yu\n|-supereffective|p1a: Chi-Yu\n|-crit|p1a: Chi-Yu\n|-damage|p1a: Chi-Yu|0 fnt\n|faint|p1a: Chi-Yu\n|\n|-heal|p2a: Manaphy|89\/100|[from] item: Leftovers\n|-start|p2a: Manaphy|perish2\n|upkeep\n|\n|t:|1698726740\n|switch|p1a: Landorus|Landorus-Therian, M|100\/100\n|-ability|p1a: Landorus|Intimidate|boost\n|-unboost|p2a: Manaphy|atk|1\n|turn|20\n|\n|t:|1698726755\n|move|p1a: Landorus|Protect|p1a: Landorus\n|-singleturn|p1a: Landorus|Protect\n|move|p2a: Manaphy|Scald|p1a: Landorus\n|-activate|p1a: Landorus|move: Protect\n|\n|-heal|p2a: Manaphy|95\/100|[from] item: Leftovers\n|-start|p2a: Manaphy|perish1\n|upkeep\n|turn|21\n|inactive|Galaxy77564763g has 120 seconds left.\n|\n|t:|1698726786\n|switch|p2a: Drifblim|Drifblim, M|25\/100\n|switch|p1a: Flutter Mane|Flutter Mane|37\/100\n|\n|upkeep\n|turn|22\n|\n|t:|1698726794\n|move|p1a: Flutter Mane|Shadow Ball|p2a: Drifblim\n|-supereffective|p2a: Drifblim\n|-damage|p2a: Drifblim|0 fnt\n|faint|p2a: Drifblim\n|-damage|p1a: Flutter Mane|27\/100|[from] item: Life Orb\n|\n|upkeep\n|\n|t:|1698726804\n|switch|p2a: Clefable|Clefable, M|100\/100\n|turn|23\n|\n|t:|1698726807\n|move|p1a: Flutter Mane|Perish Song|p1a: Flutter Mane\n|-start|p1a: Flutter Mane|perish3|[silent]\n|-start|p2a: Clefable|perish3|[silent]\n|-fieldactivate|move: Perish Song\n|move|p2a: Clefable|Moonblast|p1a: Flutter Mane\n|-damage|p1a: Flutter Mane|0 fnt\n|faint|p1a: Flutter Mane\n|-end|p1a: Flutter Mane|Protosynthesis|[silent]\n|\n|-start|p2a: Clefable|perish3\n|upkeep\n|\n|t:|1698726815\n|switch|p1a: Calyrex|Calyrex-Ice|100\/100\n|-ability|p1a: Calyrex|As One\n|-ability|p1a: Calyrex|Unnerve\n|turn|24\n|\n|t:|1698726825\n|switch|p2a: Espathra|Espathra, F|1\/100\n|move|p1a: Calyrex|Encore||[still]\n|-fail|p1a: Calyrex\n|\n|upkeep\n|turn|25\n|\n|t:|1698726832\n|move|p2a: Espathra|Protect|p2a: Espathra\n|-singleturn|p2a: Espathra|Protect\n|move|p1a: Calyrex|Zen Headbutt|p2a: Espathra\n|-activate|p2a: Espathra|move: Protect\n|\n|-ability|p2a: Espathra|Speed Boost|boost\n|-boost|p2a: Espathra|spe|1\n|upkeep\n|turn|26\n|\n|t:|1698726844\n|move|p2a: Espathra|Baton Pass|p2a: Espathra\n|\n|t:|1698726847\n|switch|p2a: Manaphy|Manaphy|95\/100|[from] Baton Pass\n|move|p1a: Calyrex|Zen Headbutt|p2a: Manaphy\n|-damage|p2a: Manaphy|33\/100\n|-damage|p1a: Calyrex|91\/100|[from] item: Life Orb\n|\n|-heal|p2a: Manaphy|40\/100|[from] item: Leftovers\n|upkeep\n|turn|27\n|\n|t:|1698726857\n|move|p2a: Manaphy|Acid Armor|p2a: Manaphy\n|-boost|p2a: Manaphy|def|2\n|move|p1a: Calyrex|Zen Headbutt|p2a: Manaphy\n|-damage|p2a: Manaphy|11\/100\n|-damage|p1a: Calyrex|81\/100|[from] item: Life Orb\n|\n|-heal|p2a: Manaphy|17\/100|[from] item: Leftovers\n|upkeep\n|turn|28\n|\n|t:|1698726868\n|move|p2a: Manaphy|Acid Armor|p2a: Manaphy\n|-boost|p2a: Manaphy|def|2\n|move|p1a: Calyrex|Glacial Lance|p2a: Manaphy\n|-resisted|p2a: Manaphy\n|-damage|p2a: Manaphy|1\/100\n|-damage|p1a: Calyrex|71\/100|[from] item: Life Orb\n|\n|-heal|p2a: Manaphy|8\/100|[from] item: Leftovers\n|upkeep\n|turn|29\n|\n|t:|1698726878\n|move|p2a: Manaphy|Acid Armor|p2a: Manaphy\n|-boost|p2a: Manaphy|def|2\n|move|p1a: Calyrex|Zen Headbutt|p2a: Manaphy\n|-damage|p2a: Manaphy|0 fnt\n|faint|p2a: Manaphy\n|-ability|p1a: Calyrex|Chilling Neigh|boost\n|-boost|p1a: Calyrex|atk|1\n|-damage|p1a: Calyrex|61\/100|[from] item: Life Orb\n|\n|upkeep\n|\n|t:|1698726890\n|switch|p2a: Espathra|Espathra, F|1\/100\n|turn|30\n|\n|t:|1698726893\n|move|p2a: Espathra|Protect|p2a: Espathra\n|-singleturn|p2a: Espathra|Protect\n|move|p1a: Calyrex|Swords Dance|p1a: Calyrex\n|-boost|p1a: Calyrex|atk|2\n|\n|-ability|p2a: Espathra|Speed Boost|boost\n|-boost|p2a: Espathra|spe|1\n|upkeep\n|turn|31\n|\n|t:|1698726904\n|move|p2a: Espathra|Baton Pass|p2a: Espathra\n|\n|t:|1698726906\n|switch|p2a: Clefable|Clefable, M|100\/100|[from] Baton Pass\n|move|p1a: Calyrex|Encore||[still]\n|-fail|p1a: Calyrex\n|\n|upkeep\n|turn|32\n|\n|t:|1698726914\n|move|p2a: Clefable|Charge Beam|p1a: Calyrex\n|-damage|p1a: Calyrex|54\/100\n|-boost|p2a: Clefable|spa|1\n|move|p1a: Calyrex|Glacial Lance|p2a: Clefable\n|-damage|p2a: Clefable|0 fnt\n|faint|p2a: Clefable\n|-ability|p1a: Calyrex|Chilling Neigh|boost\n|-boost|p1a: Calyrex|atk|1\n|-damage|p1a: Calyrex|44\/100|[from] item: Life Orb\n|\n|upkeep\n|\n|t:|1698726926\n|switch|p2a: Basculegion|Basculegion, M|100\/100\n|-ability|p2a: Basculegion|Mold Breaker\n|turn|33\n|\n|t:|1698726939\n|move|p2a: Basculegion|Last Respects|p1a: Calyrex\n|-supereffective|p1a: Calyrex\n|-crit|p1a: Calyrex\n|-damage|p1a: Calyrex|0 fnt\n|faint|p1a: Calyrex\n|\n|upkeep\n|\n|t:|1698726944\n|switch|p1a: Landorus|Landorus-Therian, M|100\/100\n|-ability|p1a: Landorus|Intimidate|boost\n|-unboost|p2a: Basculegion|atk|1\n|turn|34\n|\n|t:|1698726950\n|switch|p2a: Jumpluff|Jumpluff, M|100\/100\n|move|p1a: Landorus|Earthquake|p2a: Jumpluff\n|-immune|p2a: Jumpluff\n|\n|upkeep\n|turn|35\n|-message|Galaxy77564763g forfeited.\n|\n|win|Bakitaladelbarrio\n|raw|Galaxy77564763g's rating: 1141 &rarr; <strong>1114<\/strong><br \/>(-27 for losing)\n|raw|Bakitaladelbarrio's rating: 1112 &rarr; <strong>1139<\/strong><br \/>(+27 for winning)\n|l|\u2606Galaxy77564763g\n","uploadtime":1698726969,"views":13,"p1id":"galaxy77564763g","p2id":"bakitaladelbarrio","formatid":"gen9anythinggoes","rating":1114,"private":0,"password":""}