{"id":"gen9anythinggoes-1978090012","p1":"AGisgood\u82cd\u54cd\u4fa0","p2":"Main Ubers","format":"[Gen 9] Anything Goes","log":"|j|\u2606AGisgood\u82cd\u54cd\u4fa0\n|j|\u2606Main Ubers\n|t:|1698497832\n|gametype|singles\n|player|p1|AGisgood\u82cd\u54cd\u4fa0|cynthia-gen4|1735\n|player|p2|Main Ubers|peonia|1885\n|teamsize|p1|6\n|teamsize|p2|6\n|gen|9\n|tier|[Gen 9] Anything Goes\n|rated|\n|rule|HP Percentage Mod: HP is shown in percentages\n|rule|Endless Battle Clause: Forcing endless battles is banned\n|clearpoke\n|poke|p1|Calyrex-Shadow|\n|poke|p1|Arceus-Fairy|\n|poke|p1|Koraidon|\n|poke|p1|Kyogre|\n|poke|p1|Wo-Chien|\n|poke|p1|Zacian-*|\n|poke|p2|Grimmsnarl, M|\n|poke|p2|Glimmora, M|\n|poke|p2|Arceus|\n|poke|p2|Arceus-Ground|\n|poke|p2|Koraidon|\n|poke|p2|Calyrex-Shadow|\n|teampreview\n|inactive|Battle timer is ON: inactive players will automatically lose when time's up. (requested by Main Ubers)\n|inactive|AGisgood\u82cd\u54cd\u4fa0 also wants the timer to be on.\n|\n|t:|1698497842\n|start\n|switch|p1a: Arceus|Arceus-Fairy|100\/100\n|switch|p2a: Glimmora|Glimmora, M|100\/100\n|turn|1\n|\n|t:|1698497848\n|move|p1a: Arceus|Taunt|p2a: Glimmora\n|-start|p2a: Glimmora|move: Taunt\n|move|p2a: Glimmora|Mortal Spin|p1a: Arceus\n|-supereffective|p1a: Arceus\n|-damage|p1a: Arceus|93\/100\n|-status|p1a: Arceus|psn\n|\n|-damage|p1a: Arceus|81\/100 psn|[from] psn\n|upkeep\n|turn|2\n|\n|t:|1698497853\n|move|p1a: Arceus|Judgment|p2a: Glimmora\n|-resisted|p2a: Glimmora\n|-damage|p2a: Glimmora|68\/100\n|move|p2a: Glimmora|Mud Shot|p1a: Arceus\n|-damage|p1a: Arceus|68\/100 psn\n|-unboost|p1a: Arceus|spe|1\n|\n|-damage|p1a: Arceus|56\/100 psn|[from] psn\n|upkeep\n|turn|3\n|\n|t:|1698497860\n|move|p2a: Glimmora|Mud Shot|p1a: Arceus\n|-damage|p1a: Arceus|43\/100 psn\n|-unboost|p1a: Arceus|spe|1\n|move|p1a: Arceus|Judgment|p2a: Glimmora\n|-resisted|p2a: Glimmora\n|-damage|p2a: Glimmora|34\/100\n|\n|-damage|p1a: Arceus|30\/100 psn|[from] psn\n|-end|p2a: Glimmora|move: Taunt\n|upkeep\n|turn|4\n|\n|t:|1698497873\n|move|p2a: Glimmora|Stealth Rock|p1a: Arceus\n|-sidestart|p1: AGisgood\u82cd\u54cd\u4fa0|move: Stealth Rock\n|move|p1a: Arceus|Recover|p1a: Arceus\n|-heal|p1a: Arceus|80\/100 psn\n|\n|-damage|p1a: Arceus|68\/100 psn|[from] psn\n|upkeep\n|turn|5\n|\n|t:|1698497884\n|switch|p2a: Arceus|Arceus-Ground|100\/100\n|move|p1a: Arceus|Judgment|p2a: Arceus\n|-damage|p2a: Arceus|65\/100\n|\n|-damage|p1a: Arceus|56\/100 psn|[from] psn\n|upkeep\n|turn|6\n|\n|t:|1698497893\n|switch|p1a: Wo-Chien|Wo-Chien|100\/100\n|-damage|p1a: Wo-Chien|88\/100|[from] Stealth Rock\n|-ability|p1a: Wo-Chien|Tablets of Ruin\n|move|p2a: Arceus|Dragon Dance|p2a: Arceus\n|-boost|p2a: Arceus|atk|1\n|-boost|p2a: Arceus|spe|1\n|\n|-heal|p1a: Wo-Chien|94\/100|[from] item: Leftovers\n|upkeep\n|turn|7\n|inactive|Main Ubers has 120 seconds left.\n|\n|t:|1698497924\n|-terastallize|p2a: Arceus|Fairy\n|move|p2a: Arceus|Tera Blast|p1a: Wo-Chien|[anim] Tera Blast Fairy\n|-supereffective|p1a: Wo-Chien\n|-damage|p1a: Wo-Chien|2\/100\n|move|p1a: Wo-Chien|Leech Seed|p2a: Arceus\n|-start|p2a: Arceus|move: Leech Seed\n|\n|-heal|p1a: Wo-Chien|9\/100|[from] item: Leftovers\n|-damage|p2a: Arceus|53\/100|[from] Leech Seed|[of] p1a: Wo-Chien\n|-heal|p1a: Wo-Chien|22\/100|[silent]\n|upkeep\n|turn|8\n|\n|t:|1698497932\n|move|p1a: Wo-Chien|Protect|p1a: Wo-Chien\n|-singleturn|p1a: Wo-Chien|Protect\n|move|p2a: Arceus|Dragon Dance|p2a: Arceus\n|-boost|p2a: Arceus|atk|1\n|-boost|p2a: Arceus|spe|1\n|\n|-heal|p1a: Wo-Chien|28\/100|[from] item: Leftovers\n|-damage|p2a: Arceus|40\/100|[from] Leech Seed|[of] p1a: Wo-Chien\n|-heal|p1a: Wo-Chien|42\/100|[silent]\n|upkeep\n|turn|9\n|\n|t:|1698497936\n|move|p2a: Arceus|Tera Blast|p1a: Wo-Chien|[anim] Tera Blast Fairy\n|-supereffective|p1a: Wo-Chien\n|-damage|p1a: Wo-Chien|0 fnt\n|faint|p1a: Wo-Chien\n|\n|upkeep\n|\n|t:|1698497944\n|switch|p1a: Kyogre|Kyogre|100\/100\n|-damage|p1a: Kyogre|88\/100|[from] Stealth Rock\n|-weather|RainDance|[from] ability: Drizzle|[of] p1a: Kyogre\n|turn|10\n|\n|t:|1698497952\n|-terastallize|p1a: Kyogre|Grass\n|move|p2a: Arceus|Earthquake|p1a: Kyogre\n|-resisted|p1a: Kyogre\n|-damage|p1a: Kyogre|44\/100\n|move|p1a: Kyogre|Surf|p2a: Arceus\n|-damage|p2a: Arceus|0 fnt\n|faint|p2a: Arceus\n|\n|-weather|RainDance|[upkeep]\n|-heal|p1a: Kyogre|50\/100|[from] item: Leftovers\n|upkeep\n|inactive|Main Ubers has 120 seconds left.\n|\n|t:|1698497991\n|switch|p2a: Koraidon|Koraidon|100\/100\n|-weather|SunnyDay|[from] ability: Orichalcum Pulse|[of] p2a: Koraidon\n|-activate|p2a: Koraidon|Orichalcum Pulse|[source]\n|turn|11\n|inactive|Main Ubers has 120 seconds left.\n|\n|t:|1698498003\n|move|p2a: Koraidon|Low Kick|p1a: Kyogre\n|-damage|p1a: Kyogre|0 fnt\n|faint|p1a: Kyogre\n|\n|-weather|SunnyDay|[upkeep]\n|upkeep\n|\n|t:|1698498008\n|switch|p1a: Zacian|Zacian-Crowned|100\/100\n|-damage|p1a: Zacian|94\/100|[from] Stealth Rock\n|-ability|p1a: Zacian|Intrepid Sword|boost\n|-boost|p1a: Zacian|atk|1\n|turn|12\n|\n|t:|1698498014\n|switch|p2a: Glimmora|Glimmora, M|34\/100\n|move|p1a: Zacian|Behemoth Blade|p2a: Glimmora\n|-supereffective|p2a: Glimmora\n|-damage|p2a: Glimmora|0 fnt\n|-activate|p2a: Glimmora|ability: Toxic Debris\n|-sidestart|p1: AGisgood\u82cd\u54cd\u4fa0|move: Toxic Spikes\n|faint|p2a: Glimmora\n|\n|-weather|SunnyDay|[upkeep]\n|upkeep\n|inactive|Main Ubers has 120 seconds left.\n|\n|t:|1698498028\n|switch|p2a: Grimmsnarl|Grimmsnarl, M|100\/100\n|turn|13\n|\n|t:|1698498032\n|move|p2a: Grimmsnarl|Reflect|p2a: Grimmsnarl\n|-sidestart|p2: Main Ubers|Reflect\n|move|p1a: Zacian|Swords Dance|p1a: Zacian\n|-boost|p1a: Zacian|atk|2\n|\n|-weather|SunnyDay|[upkeep]\n|upkeep\n|turn|14\n|\n|t:|1698498037\n|move|p2a: Grimmsnarl|Taunt|p1a: Zacian\n|-start|p1a: Zacian|move: Taunt\n|move|p1a: Zacian|Behemoth Blade|p2a: Grimmsnarl\n|-supereffective|p2a: Grimmsnarl\n|-damage|p2a: Grimmsnarl|0 fnt\n|faint|p2a: Grimmsnarl\n|\n|-weather|SunnyDay|[upkeep]\n|upkeep\n|inactive|Main Ubers has 120 seconds left.\n|\n|t:|1698498075\n|switch|p2a: Calyrex|Calyrex-Shadow|100\/100\n|-ability|p2a: Calyrex|As One\n|-ability|p2a: Calyrex|Unnerve\n|turn|15\n|\n|t:|1698498084\n|move|p2a: Calyrex|Astral Barrage|p1a: Zacian\n|-damage|p1a: Zacian|34\/100\n|move|p1a: Zacian|Behemoth Blade|p2a: Calyrex\n|-damage|p2a: Calyrex|36\/100\n|\n|-weather|none\n|-heal|p2a: Calyrex|42\/100|[from] item: Leftovers\n|upkeep\n|turn|16\n|inactive|Main Ubers has 120 seconds left.\n|\n|t:|1698498095\n|move|p2a: Calyrex|Astral Barrage|p1a: Zacian\n|-damage|p1a: Zacian|0 fnt\n|faint|p1a: Zacian\n|-ability|p2a: Calyrex|Grim Neigh|boost\n|-boost|p2a: Calyrex|spa|1\n|\n|-heal|p2a: Calyrex|48\/100|[from] item: Leftovers\n|upkeep\n|\n|t:|1698498100\n|switch|p1a: Calyrex|Calyrex-Shadow|100\/100\n|-ability|p1a: Calyrex|As One\n|-ability|p1a: Calyrex|Unnerve\n|-damage|p1a: Calyrex|88\/100|[from] Stealth Rock\n|-status|p1a: Calyrex|psn\n|turn|17\n|\n|t:|1698498110\n|switch|p2a: Arceus|Arceus|100\/100\n|move|p1a: Calyrex|Psyshock|p2a: Arceus\n|-damage|p2a: Arceus|66\/100\n|\n|-heal|p2a: Arceus|72\/100|[from] item: Leftovers\n|-damage|p1a: Calyrex|76\/100 psn|[from] psn\n|upkeep\n|turn|18\n|\n|t:|1698498121\n|switch|p1a: Arceus|Arceus-Fairy|56\/100 psn\n|-damage|p1a: Arceus|43\/100 psn|[from] Stealth Rock\n|move|p2a: Arceus|Bulk Up|p2a: Arceus\n|-boost|p2a: Arceus|atk|1\n|-boost|p2a: Arceus|def|1\n|\n|-heal|p2a: Arceus|78\/100|[from] item: Leftovers\n|-damage|p1a: Arceus|31\/100 psn|[from] psn\n|upkeep\n|turn|19\n|\n|t:|1698498135\n|move|p2a: Arceus|Extreme Speed|p1a: Arceus\n|-damage|p1a: Arceus|0 fnt\n|faint|p1a: Arceus\n|\n|-heal|p2a: Arceus|84\/100|[from] item: Leftovers\n|upkeep\n|\n|t:|1698498137\n|switch|p1a: Koraidon|Koraidon|100\/100\n|-damage|p1a: Koraidon|94\/100|[from] Stealth Rock\n|-status|p1a: Koraidon|psn\n|-weather|SunnyDay|[from] ability: Orichalcum Pulse|[of] p1a: Koraidon\n|-activate|p1a: Koraidon|Orichalcum Pulse|[source]\n|turn|20\n|\n|t:|1698498144\n|move|p2a: Arceus|Extreme Speed|p1a: Koraidon\n|-damage|p1a: Koraidon|41\/100 psn\n|move|p1a: Koraidon|Close Combat|p2a: Arceus\n|-supereffective|p2a: Arceus\n|-damage|p2a: Arceus|47\/100\n|-unboost|p1a: Koraidon|def|1\n|-unboost|p1a: Koraidon|spd|1\n|\n|-weather|SunnyDay|[upkeep]\n|-heal|p2a: Arceus|54\/100|[from] item: Leftovers\n|-damage|p1a: Koraidon|28\/100 psn|[from] psn\n|-sideend|p2: Main Ubers|Reflect\n|upkeep\n|turn|21\n|-message|AGisgood\u82cd\u54cd\u4fa0 forfeited.\n|\n|win|Main Ubers\n|raw|AGisgood\u82cd\u54cd\u4fa0's rating: 1735 &rarr; <strong>1723<\/strong><br \/>(-12 for losing)\n|raw|Main Ubers's rating: 1885 &rarr; <strong>1897<\/strong><br \/>(+12 for winning)\n|l|\u2606AGisgood\u82cd\u54cd\u4fa0\n|l|\u2606Main Ubers\n","uploadtime":1698498187,"views":27,"p1id":"agisgood","p2id":"mainubers","formatid":"gen9anythinggoes","rating":1723,"private":0,"password":""}