{"id":"gen9anythinggoes-1991893177","p1":"kaizocrystal","p2":"hoenn militian","format":"[Gen 9] Anything Goes","log":"|j|\u2606kaizocrystal\n|j|\u2606hoenn militian\n|t:|1700134660\n|gametype|singles\n|player|p1|kaizocrystal|101|1487\n|player|p2|hoenn militian|170|1769\n|teamsize|p1|6\n|teamsize|p2|6\n|gen|9\n|tier|[Gen 9] Anything Goes\n|rated|\n|rule|HP Percentage Mod: HP is shown in percentages\n|rule|Endless Battle Clause: Forcing endless battles is banned\n|clearpoke\n|poke|p1|Koraidon|\n|poke|p1|Arceus|\n|poke|p1|Hatterene, F|\n|poke|p1|Gholdengo|\n|poke|p1|Cinderace, M|\n|poke|p1|Kyogre|\n|poke|p2|Miraidon|\n|poke|p2|Grimmsnarl, M|\n|poke|p2|Skeledirge, F|\n|poke|p2|Blissey, F|\n|poke|p2|Moltres|\n|poke|p2|Calyrex-Ice|\n|teampreview\n|\n|t:|1700134677\n|start\n|switch|p1a: Cinderace|Cinderace, M|100\/100\n|switch|p2a: Blissey|Blissey, F|100\/100\n|turn|1\n|\n|t:|1700134688\n|switch|p2a: Skeledirge|Skeledirge, F|100\/100\n|move|p1a: Cinderace|High Jump Kick|p2a: Skeledirge\n|-start|p1a: Cinderace|typechange|Fighting|[from] ability: Libero\n|-immune|p2a: Skeledirge\n|-damage|p1a: Cinderace|51\/100|[from] highjumpkick\n|\n|upkeep\n|turn|2\n|\n|t:|1700134701\n|move|p1a: Cinderace|Sucker Punch||[still]\n|-fail|p1a: Cinderace\n|move|p2a: Skeledirge|Will-O-Wisp|p1a: Cinderace|[miss]\n|-miss|p2a: Skeledirge|p1a: Cinderace\n|\n|upkeep\n|turn|3\n|\n|t:|1700134706\n|move|p1a: Cinderace|Taunt|p2a: Skeledirge\n|-start|p2a: Skeledirge|move: Taunt\n|move|p2a: Skeledirge|Torch Song|p1a: Cinderace\n|-damage|p1a: Cinderace|4\/100\n|-boost|p2a: Skeledirge|spa|1\n|\n|upkeep\n|turn|4\n|\n|t:|1700134715\n|switch|p2a: Grimmsnarl|Grimmsnarl, M|100\/100\n|move|p1a: Cinderace|Sucker Punch||[still]\n|-fail|p1a: Cinderace\n|\n|upkeep\n|turn|5\n|\n|t:|1700134722\n|move|p2a: Grimmsnarl|Sucker Punch||[still]\n|-fail|p2a: Grimmsnarl\n|move|p1a: Cinderace|Taunt|p2a: Grimmsnarl\n|-start|p2a: Grimmsnarl|move: Taunt\n|\n|upkeep\n|turn|6\n|\n|t:|1700134729\n|switch|p2a: Skeledirge|Skeledirge, F|100\/100\n|move|p1a: Cinderace|Sucker Punch||[still]\n|-fail|p1a: Cinderace\n|\n|upkeep\n|turn|7\n|\n|t:|1700134734\n|move|p1a: Cinderace|Sucker Punch|p2a: Skeledirge\n|-supereffective|p2a: Skeledirge\n|-damage|p2a: Skeledirge|66\/100\n|move|p2a: Skeledirge|Torch Song|p1a: Cinderace\n|-damage|p1a: Cinderace|0 fnt\n|-boost|p2a: Skeledirge|spa|1\n|faint|p1a: Cinderace\n|\n|upkeep\n|\n|t:|1700134739\n|switch|p1a: Kyogre|Kyogre|100\/100\n|-weather|RainDance|[from] ability: Drizzle|[of] p1a: Kyogre\n|turn|8\n|\n|t:|1700134745\n|switch|p2a: Blissey|Blissey, F|100\/100\n|move|p1a: Kyogre|Water Spout|p2a: Blissey\n|-damage|p2a: Blissey|65\/100\n|\n|-weather|RainDance|[upkeep]\n|upkeep\n|turn|9\n|\n|t:|1700134763\n|switch|p1a: Arceus|Arceus|100\/100\n|move|p2a: Blissey|Soft-Boiled|p2a: Blissey\n|-heal|p2a: Blissey|100\/100\n|\n|-weather|RainDance|[upkeep]\n|upkeep\n|turn|10\n|\n|t:|1700134770\n|switch|p2a: Moltres|Moltres|100\/100\n|move|p1a: Arceus|Swords Dance|p1a: Arceus\n|-boost|p1a: Arceus|atk|2\n|\n|-weather|RainDance|[upkeep]\n|upkeep\n|turn|11\n|\n|t:|1700134777\n|move|p1a: Arceus|Extreme Speed|p2a: Moltres\n|-damage|p2a: Moltres|47\/100\n|move|p2a: Moltres|Will-O-Wisp|p1a: Arceus\n|-status|p1a: Arceus|brn\n|\n|-weather|RainDance|[upkeep]\n|-damage|p1a: Arceus|94\/100 brn|[from] brn\n|upkeep\n|turn|12\n|\n|t:|1700134785\n|move|p1a: Arceus|Swords Dance|p1a: Arceus\n|-boost|p1a: Arceus|atk|2\n|move|p2a: Moltres|Roost|p2a: Moltres\n|-heal|p2a: Moltres|97\/100\n|-singleturn|p2a: Moltres|move: Roost\n|\n|-weather|none\n|-damage|p1a: Arceus|88\/100 brn|[from] brn\n|upkeep\n|turn|13\n|\n|t:|1700134795\n|switch|p2a: Skeledirge|Skeledirge, F|66\/100\n|move|p1a: Arceus|Swords Dance|p1a: Arceus\n|-boost|p1a: Arceus|atk|2\n|\n|-damage|p1a: Arceus|82\/100 brn|[from] brn\n|upkeep\n|turn|14\n|\n|t:|1700134802\n|move|p1a: Arceus|Shadow Claw|p2a: Skeledirge\n|-supereffective|p2a: Skeledirge\n|-damage|p2a: Skeledirge|52\/100\n|move|p2a: Skeledirge|Slack Off|p2a: Skeledirge\n|-heal|p2a: Skeledirge|100\/100\n|\n|-damage|p1a: Arceus|76\/100 brn|[from] brn\n|upkeep\n|turn|15\n|\n|t:|1700134811\n|move|p1a: Arceus|Extreme Speed|p2a: Skeledirge\n|-immune|p2a: Skeledirge\n|move|p2a: Skeledirge|Will-O-Wisp|p1a: Arceus\n|-fail|p1a: Arceus|brn\n|\n|-damage|p1a: Arceus|70\/100 brn|[from] brn\n|upkeep\n|turn|16\n|\n|t:|1700134818\n|move|p1a: Arceus|Earthquake|p2a: Skeledirge\n|-supereffective|p2a: Skeledirge\n|-damage|p2a: Skeledirge|81\/100\n|move|p2a: Skeledirge|Torch Song|p1a: Arceus\n|-damage|p1a: Arceus|49\/100 brn\n|-boost|p2a: Skeledirge|spa|1\n|-enditem|p1a: Arceus|Mirror Herb\n|-boost|p1a: Arceus|spa|1|[from] item: Mirror Herb\n|\n|-damage|p1a: Arceus|43\/100 brn|[from] brn\n|upkeep\n|turn|17\n|\n|t:|1700134830\n|move|p1a: Arceus|Earthquake|p2a: Skeledirge\n|-supereffective|p2a: Skeledirge\n|-damage|p2a: Skeledirge|59\/100\n|move|p2a: Skeledirge|Torch Song|p1a: Arceus\n|-crit|p1a: Arceus\n|-damage|p1a: Arceus|0 fnt\n|-boost|p2a: Skeledirge|spa|1\n|faint|p1a: Arceus\n|\n|upkeep\n|\n|t:|1700134837\n|switch|p1a: Kyogre|Kyogre|100\/100\n|-weather|RainDance|[from] ability: Drizzle|[of] p1a: Kyogre\n|turn|18\n|\n|t:|1700134851\n|switch|p2a: Blissey|Blissey, F|100\/100\n|move|p1a: Kyogre|Water Spout|p2a: Blissey\n|-damage|p2a: Blissey|62\/100\n|\n|-weather|RainDance|[upkeep]\n|upkeep\n|turn|19\n|\n|t:|1700134858\n|move|p1a: Kyogre|Water Spout|p2a: Blissey\n|-damage|p2a: Blissey|27\/100\n|move|p2a: Blissey|Soft-Boiled|p2a: Blissey\n|-heal|p2a: Blissey|77\/100\n|\n|-weather|RainDance|[upkeep]\n|upkeep\n|turn|20\n|\n|t:|1700134865\n|move|p1a: Kyogre|Water Spout|p2a: Blissey\n|-damage|p2a: Blissey|38\/100\n|move|p2a: Blissey|Seismic Toss|p1a: Kyogre\n|-damage|p1a: Kyogre|71\/100\n|\n|-weather|RainDance|[upkeep]\n|upkeep\n|turn|21\n|\n|t:|1700134872\n|move|p1a: Kyogre|Water Spout|p2a: Blissey\n|-damage|p2a: Blissey|11\/100\n|move|p2a: Blissey|Soft-Boiled|p2a: Blissey\n|-heal|p2a: Blissey|61\/100\n|\n|-weather|RainDance|[upkeep]\n|upkeep\n|turn|22\n|\n|t:|1700134879\n|switch|p1a: Koraidon|Koraidon|100\/100\n|-weather|SunnyDay|[from] ability: Orichalcum Pulse|[of] p1a: Koraidon\n|-activate|p1a: Koraidon|Orichalcum Pulse|[source]\n|move|p2a: Blissey|Stealth Rock|p1a: Koraidon\n|-sidestart|p1: kaizocrystal|move: Stealth Rock\n|\n|-weather|SunnyDay|[upkeep]\n|upkeep\n|turn|23\n|\n|t:|1700134887\n|switch|p2a: Moltres|Moltres|97\/100\n|move|p1a: Koraidon|Scale Shot|p2a: Moltres\n|-damage|p2a: Moltres|85\/100\n|-damage|p2a: Moltres|73\/100\n|-hitcount|p2a: Moltres|2\n|-unboost|p1a: Koraidon|def|1\n|-boost|p1a: Koraidon|spe|1\n|\n|-weather|SunnyDay|[upkeep]\n|upkeep\n|turn|24\n|\n|t:|1700134902\n|switch|p1a: Kyogre|Kyogre|71\/100\n|-damage|p1a: Kyogre|59\/100|[from] Stealth Rock\n|-weather|RainDance|[from] ability: Drizzle|[of] p1a: Kyogre\n|move|p2a: Moltres|Burning Jealousy|p1a: Kyogre\n|-resisted|p1a: Kyogre\n|-damage|p1a: Kyogre|54\/100\n|\n|-weather|RainDance|[upkeep]\n|upkeep\n|turn|25\n|\n|t:|1700134914\n|switch|p2a: Blissey|Blissey, F|61\/100\n|move|p1a: Kyogre|Origin Pulse|p2a: Blissey|[miss]\n|-miss|p1a: Kyogre|p2a: Blissey\n|\n|-weather|RainDance|[upkeep]\n|upkeep\n|turn|26\n|\n|t:|1700134921\n|move|p1a: Kyogre|Origin Pulse|p2a: Blissey\n|-damage|p2a: Blissey|36\/100\n|move|p2a: Blissey|Seismic Toss|p1a: Kyogre\n|-damage|p1a: Kyogre|25\/100\n|\n|-weather|RainDance|[upkeep]\n|upkeep\n|turn|27\n|\n|t:|1700134929\n|move|p1a: Kyogre|Origin Pulse|p2a: Blissey|[miss]\n|-miss|p1a: Kyogre|p2a: Blissey\n|move|p2a: Blissey|Soft-Boiled|p2a: Blissey\n|-heal|p2a: Blissey|86\/100\n|\n|-weather|RainDance|[upkeep]\n|upkeep\n|turn|28\n|\n|t:|1700134936\n|switch|p1a: Koraidon|Koraidon|100\/100\n|-damage|p1a: Koraidon|94\/100|[from] Stealth Rock\n|-weather|SunnyDay|[from] ability: Orichalcum Pulse|[of] p1a: Koraidon\n|-activate|p1a: Koraidon|Orichalcum Pulse|[source]\n|move|p2a: Blissey|Seismic Toss|p1a: Koraidon\n|-damage|p1a: Koraidon|65\/100\n|\n|-weather|SunnyDay|[upkeep]\n|upkeep\n|turn|29\n|\n|t:|1700134945\n|switch|p2a: Grimmsnarl|Grimmsnarl, M|100\/100\n|move|p1a: Koraidon|Scale Shot|p2a: Grimmsnarl\n|-immune|p2a: Grimmsnarl\n|\n|-weather|SunnyDay|[upkeep]\n|upkeep\n|turn|30\n|-message|kaizocrystal forfeited.\n|\n|win|hoenn militian\n|raw|kaizocrystal's rating: 1487 &rarr; <strong>1480<\/strong><br \/>(-7 for losing)\n|raw|hoenn militian's rating: 1769 &rarr; <strong>1776<\/strong><br \/>(+7 for winning)\n|l|\u2606kaizocrystal\n","uploadtime":1700134960,"views":6,"p1id":"kaizocrystal","p2id":"hoennmilitian","formatid":"gen9anythinggoes","rating":1480,"private":0,"password":""}