{"id":"gen9anythinggoes-1997992844","p1":"Zoe096","p2":"bob12457636744566","format":"[Gen 9] Anything Goes","log":"|j|\u2606Zoe096\n|j|\u2606bob12457636744566\n|t:|1700876412\n|gametype|singles\n|player|p1|Zoe096|scientistf|\n|player|p2|bob12457636744566|blackbelt-gen4dp|\n|teamsize|p1|6\n|teamsize|p2|1\n|gen|9\n|tier|[Gen 9] Anything Goes\n|rule|HP Percentage Mod: HP is shown in percentages\n|rule|Endless Battle Clause: Forcing endless battles is banned\n|clearpoke\n|poke|p1|Magikarp, L1, F|\n|poke|p1|Magikarp, L1, M|\n|poke|p1|Magikarp, L1, F|\n|poke|p1|Magikarp, L1, M|\n|poke|p1|Magikarp, L1, M|\n|poke|p1|Kingambit, F|\n|poke|p2|Lucario, M|\n|teampreview\n|\n|t:|1700876424\n|start\n|switch|p1a: Magikarp|Magikarp, L1, F|100\/100\n|switch|p2a: Lucario|Lucario, M|100\/100\n|turn|1\n|\n|t:|1700876433\n|move|p2a: Lucario|Brick Break|p1a: Magikarp\n|-damage|p1a: Magikarp|0 fnt\n|faint|p1a: Magikarp\n|\n|upkeep\n|\n|t:|1700876438\n|switch|p1a: Magikarp|Magikarp, L1, M|100\/100\n|turn|2\n|\n|t:|1700876442\n|move|p2a: Lucario|Brick Break|p1a: Magikarp\n|-damage|p1a: Magikarp|0 fnt\n|faint|p1a: Magikarp\n|\n|upkeep\n|\n|t:|1700876445\n|switch|p1a: Magikarp|Magikarp, L1, F|100\/100\n|turn|3\n|\n|t:|1700876449\n|move|p2a: Lucario|Brick Break|p1a: Magikarp\n|-damage|p1a: Magikarp|0 fnt\n|faint|p1a: Magikarp\n|\n|upkeep\n|\n|t:|1700876453\n|switch|p1a: Magikarp|Magikarp, L1, M|100\/100\n|turn|4\n|\n|t:|1700876456\n|move|p2a: Lucario|Brick Break|p1a: Magikarp\n|-damage|p1a: Magikarp|0 fnt\n|faint|p1a: Magikarp\n|\n|upkeep\n|\n|t:|1700876461\n|switch|p1a: Magikarp|Magikarp, L1, M|100\/100\n|turn|5\n|\n|t:|1700876464\n|move|p2a: Lucario|Brick Break|p1a: Magikarp\n|-damage|p1a: Magikarp|0 fnt\n|faint|p1a: Magikarp\n|\n|upkeep\n|\n|t:|1700876468\n|switch|p1a: Gipto|Kingambit, F, shiny|100\/100\n|-activate|p1a: Gipto|ability: Supreme Overlord\n|-start|p1a: Gipto|fallen5|[silent]\n|turn|6\n|\n|t:|1700876474\n|-terastallize|p1a: Gipto|Fighting\n|move|p1a: Gipto|Brick Break|p2a: Lucario\n|-supereffective|p2a: Lucario\n|-damage|p2a: Lucario|0 fnt\n|faint|p2a: Lucario\n|\n|win|Zoe096\n","uploadtime":1700876503,"views":11,"p1id":"zoe096","p2id":"bob12457636744566","formatid":"gen9anythinggoes","rating":0,"private":0,"password":""}