{"id":"gen9anythinggoes-1977878354","p1":"pokeauraburst$-&","p2":"Lord Rekkuza","format":"[Gen 9] Anything Goes","log":"|j|\u2606pokeauraburst$-&\n|j|\u2606Lord Rekkuza\n|inactive|Battle timer is ON: inactive players will automatically lose when time's up.\n|t:|1698460820\n|gametype|singles\n|player|p1|pokeauraburst$-&|red|\n|player|p2|Lord Rekkuza|lance-masters|\n|teamsize|p1|6\n|teamsize|p2|6\n|gen|9\n|tier|[Gen 9] Anything Goes\n|rated|Tournament battle\n|rule|HP Percentage Mod: HP is shown in percentages\n|rule|Endless Battle Clause: Forcing endless battles is banned\n|clearpoke\n|poke|p1|Calyrex-Shadow|\n|poke|p1|Koraidon|\n|poke|p1|Ribombee, F|\n|poke|p1|Miraidon|\n|poke|p1|Basculegion, M|\n|poke|p1|Zacian-*|\n|poke|p2|Ditto|\n|poke|p2|Calyrex-Shadow|\n|poke|p2|Arceus-Water|\n|poke|p2|Koraidon|\n|poke|p2|Ting-Lu|\n|poke|p2|Eternatus|\n|teampreview\n|c|\u2606pokeauraburst$-&|Glhf\n|j| ZowwyCafe\u2764\n|\n|t:|1698460840\n|start\n|switch|p1a: Basculegion|Basculegion, M|100\/100\n|switch|p2a: Calyrex|Calyrex-Shadow|100\/100\n|-ability|p2a: Calyrex|As One\n|-ability|p2a: Calyrex|Unnerve\n|turn|1\n|inactive|pokeauraburst$-& has 120 seconds left.\n|inactive|pokeauraburst$-& has 90 seconds left.\n|\n|t:|1698460905\n|switch|p1a: Miraidon|Miraidon|100\/100\n|-fieldstart|move: Electric Terrain|[from] ability: Hadron Engine|[of] p1a: Miraidon\n|move|p2a: Calyrex|Astral Barrage|p1a: Miraidon\n|-damage|p1a: Miraidon|34\/100\n|\n|upkeep\n|turn|2\n|\n|t:|1698460917\n|move|p2a: Calyrex|Astral Barrage|p1a: Miraidon\n|-damage|p1a: Miraidon|0 fnt\n|faint|p1a: Miraidon\n|-ability|p2a: Calyrex|Grim Neigh|boost\n|-boost|p2a: Calyrex|spa|1\n|\n|upkeep\n|\n|t:|1698460920\n|switch|p1a: Ribombee|Ribombee, F|100\/100\n|turn|3\n|\n|t:|1698460927\n|move|p1a: Ribombee|Stun Spore|p2a: Calyrex\n|-status|p2a: Calyrex|par\n|move|p2a: Calyrex|Taunt|p1a: Ribombee\n|-start|p1a: Ribombee|move: Taunt\n|\n|upkeep\n|turn|4\n|c|\u2606pokeauraburst$-&|Got em\n|\n|t:|1698460941\n|switch|p1a: Koraidon|Koraidon|100\/100\n|-weather|SunnyDay|[from] ability: Orichalcum Pulse|[of] p1a: Koraidon\n|-activate|p1a: Koraidon|Orichalcum Pulse|[source]\n|move|p2a: Calyrex|Astral Barrage|p1a: Koraidon\n|-damage|p1a: Koraidon|0 fnt\n|faint|p1a: Koraidon\n|-ability|p2a: Calyrex|Grim Neigh|boost\n|-boost|p2a: Calyrex|spa|1\n|\n|-weather|SunnyDay|[upkeep]\n|upkeep\n|\n|t:|1698460946\n|switch|p1a: Zacian|Zacian-Crowned|100\/100\n|-ability|p1a: Zacian|Intrepid Sword|boost\n|-boost|p1a: Zacian|atk|1\n|turn|5\n|\n|t:|1698460953\n|move|p1a: Zacian|Behemoth Blade|p2a: Calyrex\n|-damage|p2a: Calyrex|0 fnt\n|faint|p2a: Calyrex\n|\n|-weather|SunnyDay|[upkeep]\n|-fieldend|move: Electric Terrain\n|upkeep\n|j| artemisery\n|\n|t:|1698460969\n|switch|p2a: Arceus|Arceus-Water|100\/100\n|turn|6\n|\n|t:|1698460978\n|switch|p1a: Basculegion|Basculegion, M|100\/100\n|move|p2a: Arceus|Will-O-Wisp|p1a: Basculegion\n|-status|p1a: Basculegion|brn\n|\n|-weather|SunnyDay|[upkeep]\n|-damage|p1a: Basculegion|94\/100 brn|[from] brn\n|upkeep\n|turn|7\n|\n|t:|1698460986\n|switch|p2a: Eternatus|Eternatus|100\/100\n|-ability|p2a: Eternatus|Pressure\n|move|p1a: Basculegion|Flip Turn|p2a: Eternatus\n|-resisted|p2a: Eternatus\n|-damage|p2a: Eternatus|96\/100\n|-damage|p1a: Basculegion|84\/100 brn|[from] item: Life Orb\n|\n|t:|1698460989\n|switch|p1a: Ribombee|Ribombee, F|100\/100|[from] Flip Turn\n|\n|-weather|SunnyDay|[upkeep]\n|-heal|p2a: Eternatus|100\/100|[from] item: Leftovers\n|upkeep\n|turn|8\n|\n|t:|1698461002\n|move|p1a: Ribombee|Sticky Web|p2a: Eternatus\n|-sidestart|p2: Lord Rekkuza|move: Sticky Web\n|move|p2a: Eternatus|Toxic Spikes|p1a: Ribombee\n|-sidestart|p1: pokeauraburst$-&|move: Toxic Spikes\n|\n|-weather|none\n|upkeep\n|turn|9\n|j| Future king of ou\n|\n|t:|1698461024\n|switch|p1a: Calyrex|Calyrex-Shadow|100\/100\n|-ability|p1a: Calyrex|As One\n|-ability|p1a: Calyrex|Unnerve\n|switch|p2a: Arceus|Arceus-Water|100\/100\n|-activate|p2a: Arceus|move: Sticky Web\n|-unboost|p2a: Arceus|spe|1\n|\n|upkeep\n|turn|10\n|\n|t:|1698461031\n|switch|p2a: Ting-Lu|Ting-Lu|100\/100\n|-activate|p2a: Ting-Lu|move: Sticky Web\n|-unboost|p2a: Ting-Lu|spe|1\n|-ability|p2a: Ting-Lu|Vessel of Ruin\n|move|p1a: Calyrex|Grass Knot|p2a: Ting-Lu\n|-supereffective|p2a: Ting-Lu\n|-damage|p2a: Ting-Lu|56\/100\n|\n|-heal|p2a: Ting-Lu|62\/100|[from] item: Leftovers\n|upkeep\n|turn|11\n|l| artemisery\n|\n|t:|1698461039\n|switch|p1a: Zacian|Zacian-Crowned|100\/100\n|move|p2a: Ting-Lu|Earthquake|p1a: Zacian\n|-supereffective|p1a: Zacian\n|-damage|p1a: Zacian|30\/100\n|\n|-heal|p2a: Ting-Lu|68\/100|[from] item: Leftovers\n|upkeep\n|turn|12\n|\n|t:|1698461047\n|switch|p2a: Arceus|Arceus-Water|100\/100\n|-activate|p2a: Arceus|move: Sticky Web\n|-unboost|p2a: Arceus|spe|1\n|move|p1a: Zacian|Close Combat|p2a: Arceus\n|-damage|p2a: Arceus|73\/100\n|-unboost|p1a: Zacian|def|1\n|-unboost|p1a: Zacian|spd|1\n|\n|upkeep\n|turn|13\n|\n|t:|1698461057\n|switch|p1a: Ribombee|Ribombee, F|100\/100\n|-status|p1a: Ribombee|psn\n|move|p2a: Arceus|Thunderbolt|p1a: Ribombee\n|-damage|p1a: Ribombee|64\/100 psn\n|\n|-damage|p1a: Ribombee|51\/100 psn|[from] psn\n|upkeep\n|turn|14\n|\n|t:|1698461078\n|move|p1a: Ribombee|Stun Spore|p2a: Arceus\n|-status|p2a: Arceus|par\n|move|p2a: Arceus|Recover|p2a: Arceus\n|-heal|p2a: Arceus|100\/100 par\n|\n|-damage|p1a: Ribombee|39\/100 psn|[from] psn\n|upkeep\n|turn|15\n|\n|t:|1698461085\n|switch|p1a: Calyrex|Calyrex-Shadow|100\/100\n|-ability|p1a: Calyrex|As One\n|-ability|p1a: Calyrex|Unnerve\n|move|p2a: Arceus|Liquidation|p1a: Calyrex\n|-damage|p1a: Calyrex|54\/100\n|\n|upkeep\n|turn|16\n|j| goober447\n|\n|t:|1698461094\n|switch|p2a: Ting-Lu|Ting-Lu|68\/100\n|-activate|p2a: Ting-Lu|move: Sticky Web\n|-unboost|p2a: Ting-Lu|spe|1\n|-ability|p2a: Ting-Lu|Vessel of Ruin\n|move|p1a: Calyrex|Grass Knot|p2a: Ting-Lu\n|-supereffective|p2a: Ting-Lu\n|-damage|p2a: Ting-Lu|27\/100\n|\n|-heal|p2a: Ting-Lu|33\/100|[from] item: Leftovers\n|upkeep\n|turn|17\n|\n|t:|1698461102\n|switch|p1a: Ribombee|Ribombee, F|39\/100 psn\n|move|p2a: Ting-Lu|Earthquake|p1a: Ribombee\n|-resisted|p1a: Ribombee\n|-crit|p1a: Ribombee\n|-damage|p1a: Ribombee|0 fnt\n|faint|p1a: Ribombee\n|\n|-heal|p2a: Ting-Lu|39\/100|[from] item: Leftovers\n|upkeep\n|\n|t:|1698461105\n|switch|p1a: Zacian|Zacian-Crowned|30\/100\n|turn|18\n|\n|t:|1698461109\n|switch|p2a: Arceus|Arceus-Water|100\/100 par\n|-activate|p2a: Arceus|move: Sticky Web\n|-unboost|p2a: Arceus|spe|1\n|move|p1a: Zacian|Swords Dance|p1a: Zacian\n|-boost|p1a: Zacian|atk|2\n|\n|upkeep\n|turn|19\n|\n|t:|1698461115\n|move|p1a: Zacian|Play Rough|p2a: Arceus\n|-damage|p2a: Arceus|48\/100 par\n|move|p2a: Arceus|Liquidation|p1a: Zacian\n|-damage|p1a: Zacian|0 fnt\n|faint|p1a: Zacian\n|\n|upkeep\n|c|\u2606pokeauraburst$-&|Ditto\n|\n|t:|1698461129\n|switch|p1a: Basculegion|Basculegion, M|84\/100 brn\n|turn|20\n|\n|t:|1698461132\n|move|p1a: Basculegion|Last Respects|p2a: Arceus\n|-damage|p2a: Arceus|0 fnt\n|faint|p2a: Arceus\n|-damage|p1a: Basculegion|75\/100 brn|[from] item: Life Orb\n|\n|-damage|p1a: Basculegion|68\/100 brn|[from] brn\n|upkeep\n|inactive|Lord Rekkuza has 120 seconds left.\n|\n|t:|1698461173\n|switch|p2a: Eternatus|Eternatus|100\/100\n|-activate|p2a: Eternatus|move: Sticky Web\n|-unboost|p2a: Eternatus|spe|1\n|-ability|p2a: Eternatus|Pressure\n|turn|21\n|\n|t:|1698461187\n|-terastallize|p2a: Eternatus|Dark\n|move|p1a: Basculegion|Last Respects|p2a: Eternatus\n|-resisted|p2a: Eternatus\n|-damage|p2a: Eternatus|63\/100\n|-damage|p1a: Basculegion|59\/100 brn|[from] item: Life Orb\n|move|p2a: Eternatus|Dynamax Cannon|p1a: Basculegion\n|-damage|p1a: Basculegion|7\/100 brn\n|\n|-heal|p2a: Eternatus|69\/100|[from] item: Leftovers\n|-damage|p1a: Basculegion|1\/100 brn|[from] brn\n|upkeep\n|turn|22\n|\n|t:|1698461197\n|move|p1a: Basculegion|Wave Crash|p2a: Eternatus\n|-damage|p2a: Eternatus|31\/100\n|-damage|p1a: Basculegion|0 fnt|[from] Recoil\n|faint|p1a: Basculegion\n|move|p2a: Eternatus|Recover|p2a: Eternatus\n|-heal|p2a: Eternatus|81\/100\n|\n|-heal|p2a: Eternatus|87\/100|[from] item: Leftovers\n|upkeep\n|\n|t:|1698461201\n|switch|p1a: Calyrex|Calyrex-Shadow|54\/100\n|-ability|p1a: Calyrex|As One\n|-ability|p1a: Calyrex|Unnerve\n|turn|23\n|\n|t:|1698461203\n|move|p1a: Calyrex|Encore|p2a: Eternatus\n|-start|p2a: Eternatus|Encore\n|move|p2a: Eternatus|Recover|p2a: Eternatus\n|-heal|p2a: Eternatus|100\/100\n|\n|upkeep\n|turn|24\n|\n|t:|1698461212\n|switch|p2a: Koraidon|Koraidon|100\/100\n|-activate|p2a: Koraidon|move: Sticky Web\n|-unboost|p2a: Koraidon|spe|1\n|-weather|SunnyDay|[from] ability: Orichalcum Pulse|[of] p2a: Koraidon\n|-activate|p2a: Koraidon|Orichalcum Pulse|[source]\n|move|p1a: Calyrex|Nasty Plot|p1a: Calyrex\n|-boost|p1a: Calyrex|spa|2\n|\n|-weather|SunnyDay|[upkeep]\n|upkeep\n|turn|25\n|\n|t:|1698461216\n|move|p1a: Calyrex|Astral Barrage|p2a: Koraidon\n|-damage|p2a: Koraidon|0 fnt\n|faint|p2a: Koraidon\n|-ability|p1a: Calyrex|Grim Neigh|boost\n|-boost|p1a: Calyrex|spa|1\n|\n|-weather|SunnyDay|[upkeep]\n|upkeep\n|\n|t:|1698461220\n|switch|p2a: Eternatus|Eternatus, tera:Dark|100\/100\n|-activate|p2a: Eternatus|move: Sticky Web\n|-unboost|p2a: Eternatus|spe|1\n|-ability|p2a: Eternatus|Pressure\n|turn|26\n|\n|t:|1698461226\n|move|p1a: Calyrex|Grass Knot|p2a: Eternatus\n|-damage|p2a: Eternatus|35\/100\n|move|p2a: Eternatus|Dynamax Cannon|p1a: Calyrex\n|-damage|p1a: Calyrex|6\/100\n|\n|-weather|SunnyDay|[upkeep]\n|-heal|p2a: Eternatus|41\/100|[from] item: Leftovers\n|upkeep\n|turn|27\n|\n|t:|1698461230\n|move|p1a: Calyrex|Grass Knot|p2a: Eternatus\n|-damage|p2a: Eternatus|0 fnt\n|faint|p2a: Eternatus\n|-ability|p1a: Calyrex|Grim Neigh|boost\n|-boost|p1a: Calyrex|spa|1\n|\n|-weather|SunnyDay|[upkeep]\n|upkeep\n|c|\u2606pokeauraburst$-&|Ditto\n|\n|t:|1698461239\n|switch|p2a: Ditto|Ditto|100\/100\n|-activate|p2a: Ditto|move: Sticky Web\n|-unboost|p2a: Ditto|spe|1\n|-transform|p2a: Ditto|p1a: Calyrex|[from] ability: Imposter\n|turn|28\n|\n|t:|1698461247\n|-terastallize|p1a: Calyrex|Psychic\n|move|p2a: Ditto|Grass Knot|p1a: Calyrex\n|-damage|p1a: Calyrex|0 fnt\n|faint|p1a: Calyrex\n|\n|win|Lord Rekkuza\n|n|\u2606pokeauraburst$-&|pokeauraburst\n|n|\u2606Lord Rekkuza|lordrekkuza\n|n| ZowwyCafe\u2764|zowwycafe\n|n| Future king of ou|futurekingofou\n|n| goober447|goober447\n|c|\u2606pokeauraburst$-&|Wp\n|l|\u2606Lord Rekkuza\n|l| ZowwyCafe\u2764\n|l|\u2606pokeauraburst$-&\n|j| dominickpowerfu\n|l| goober447\n|l| dominickpowerfu\n","uploadtime":1698461248,"views":26,"p1id":"pokeauraburst","p2id":"lordrekkuza","formatid":"gen9anythinggoes","rating":0,"private":0,"password":""}