{"id":"gen9anythinggoes-1991613466","p1":"Cobra DMR","p2":"savagewolf98420","format":"[Gen 9] Anything Goes","log":"|j|\u2606Cobra DMR\n|j|\u2606savagewolf98420\n|t:|1700094290\n|gametype|singles\n|player|p1|Cobra DMR|sisandbro|1246\n|player|p2|savagewolf98420|koga|1189\n|teamsize|p1|6\n|teamsize|p2|6\n|gen|9\n|tier|[Gen 9] Anything Goes\n|rated|\n|rule|HP Percentage Mod: HP is shown in percentages\n|rule|Endless Battle Clause: Forcing endless battles is banned\n|clearpoke\n|poke|p1|Tarountula, F|\n|poke|p1|Hattrem, F|\n|poke|p1|Mandibuzz, F|\n|poke|p1|Mimikyu, M|\n|poke|p1|Staraptor, M|\n|poke|p1|Jolteon, M|\n|poke|p2|Muk-Alola, F|\n|poke|p2|Chesnaught, M|\n|poke|p2|Jirachi|\n|poke|p2|Heatran, F|\n|poke|p2|Calyrex-Shadow|\n|poke|p2|Slowbro, M|\n|teampreview\n|inactive|Battle timer is ON: inactive players will automatically lose when time's up. (requested by Cobra DMR)\n|\n|t:|1700094306\n|start\n|switch|p1a: Yarn|Tarountula, F|100\/100\n|switch|p2a: Heatran|Heatran, F|100\/100\n|turn|1\n|\n|t:|1700094314\n|move|p2a: Heatran|Magma Storm|p1a: Yarn|[miss]\n|-miss|p2a: Heatran|p1a: Yarn\n|move|p1a: Yarn|Sticky Web|p2a: Heatran\n|-sidestart|p2: savagewolf98420|move: Sticky Web\n|\n|upkeep\n|turn|2\n|\n|t:|1700094321\n|move|p2a: Heatran|Magma Storm|p1a: Yarn\n|-supereffective|p1a: Yarn\n|-enditem|p1a: Yarn|Focus Sash\n|-damage|p1a: Yarn|1\/100\n|-activate|p1a: Yarn|move: Magma Storm|[of] p2a: Heatran\n|move|p1a: Yarn|Spikes|p2a: Heatran\n|-sidestart|p2: savagewolf98420|Spikes\n|\n|-damage|p1a: Yarn|0 fnt|[from] move: Magma Storm|[partiallytrapped]\n|faint|p1a: Yarn\n|upkeep\n|\n|t:|1700094332\n|switch|p1a: Lil Hat|Hattrem, F|100\/100\n|turn|3\n|\n|t:|1700094343\n|move|p2a: Heatran|Taunt|p1a: Lil Hat\n|move|p1a: Lil Hat|Taunt|p2a: Heatran|[from]ability: Magic Bounce\n|-start|p2a: Heatran|move: Taunt\n|move|p1a: Lil Hat|Nuzzle|p2a: Heatran\n|-damage|p2a: Heatran|99\/100\n|-status|p2a: Heatran|par\n|-status|p1a: Lil Hat|brn|[from] ability: Flame Body|[of] p2a: Heatran\n|\n|-heal|p2a: Heatran|100\/100 par|[from] item: Leftovers\n|-damage|p1a: Lil Hat|95\/100 brn|[from] brn\n|upkeep\n|turn|4\n|\n|t:|1700094357\n|move|p1a: Lil Hat|Mystical Fire|p2a: Heatran\n|-damage|p2a: Heatran|82\/100 par\n|-unboost|p2a: Heatran|spa|1\n|cant|p2a: Heatran|par\n|\n|-heal|p2a: Heatran|88\/100 par|[from] item: Leftovers\n|-damage|p1a: Lil Hat|89\/100 brn|[from] brn\n|upkeep\n|turn|5\n|\n|t:|1700094367\n|move|p1a: Lil Hat|Mystical Fire|p2a: Heatran\n|-damage|p2a: Heatran|69\/100 par\n|-unboost|p2a: Heatran|spa|1\n|move|p2a: Heatran|Magma Storm|p1a: Lil Hat|[miss]\n|-miss|p2a: Heatran|p1a: Lil Hat\n|\n|-heal|p2a: Heatran|76\/100 par|[from] item: Leftovers\n|-damage|p1a: Lil Hat|83\/100 brn|[from] brn\n|upkeep\n|turn|6\n|\n|t:|1700094379\n|switch|p1a: Hot Wheels|Jolteon, M|100\/100\n|cant|p2a: Heatran|par\n|\n|-heal|p2a: Heatran|82\/100 par|[from] item: Leftovers\n|-end|p2a: Heatran|move: Taunt\n|-status|p1a: Hot Wheels|brn|[from] item: Flame Orb\n|upkeep\n|turn|7\n|\n|t:|1700094392\n|move|p1a: Hot Wheels|Protect|p1a: Hot Wheels\n|-singleturn|p1a: Hot Wheels|Protect\n|move|p2a: Heatran|Magma Storm|p1a: Hot Wheels\n|-activate|p1a: Hot Wheels|move: Protect\n|\n|-heal|p2a: Heatran|88\/100 par|[from] item: Leftovers\n|-damage|p1a: Hot Wheels|95\/100 brn|[from] brn\n|upkeep\n|turn|8\n|\n|t:|1700094402\n|move|p1a: Hot Wheels|Volt Switch|p2a: Heatran\n|-damage|p2a: Heatran|62\/100 par\n|\n|t:|1700094406\n|switch|p1a: Lil Hat|Hattrem, F|83\/100 brn|[from] Volt Switch\n|move|p2a: Heatran|Magma Storm|p1a: Lil Hat\n|-damage|p1a: Lil Hat|63\/100 brn\n|-activate|p1a: Lil Hat|move: Magma Storm|[of] p2a: Heatran\n|\n|-heal|p2a: Heatran|68\/100 par|[from] item: Leftovers\n|-damage|p1a: Lil Hat|57\/100 brn|[from] brn\n|-damage|p1a: Lil Hat|45\/100 brn|[from] move: Magma Storm|[partiallytrapped]\n|upkeep\n|turn|9\n|\n|t:|1700094418\n|move|p2a: Heatran|Protect|p2a: Heatran\n|-singleturn|p2a: Heatran|Protect\n|move|p1a: Lil Hat|Psychic|p2a: Heatran\n|-activate|p2a: Heatran|move: Protect\n|\n|-heal|p2a: Heatran|74\/100 par|[from] item: Leftovers\n|-damage|p1a: Lil Hat|39\/100 brn|[from] brn\n|-damage|p1a: Lil Hat|26\/100 brn|[from] move: Magma Storm|[partiallytrapped]\n|upkeep\n|turn|10\n|\n|t:|1700094431\n|move|p2a: Heatran|Protect||[still]\n|-fail|p2a: Heatran\n|move|p1a: Lil Hat|Mystical Fire|p2a: Heatran\n|-damage|p2a: Heatran|56\/100 par\n|-unboost|p2a: Heatran|spa|1\n|\n|-heal|p2a: Heatran|62\/100 par|[from] item: Leftovers\n|-damage|p1a: Lil Hat|20\/100 brn|[from] brn\n|-damage|p1a: Lil Hat|8\/100 brn|[from] move: Magma Storm|[partiallytrapped]\n|upkeep\n|turn|11\n|\n|t:|1700094443\n|cant|p2a: Heatran|par\n|move|p1a: Lil Hat|Psychic|p2a: Heatran\n|-resisted|p2a: Heatran\n|-damage|p2a: Heatran|47\/100 par\n|\n|-heal|p2a: Heatran|53\/100 par|[from] item: Leftovers\n|-damage|p1a: Lil Hat|2\/100 brn|[from] brn\n|-damage|p1a: Lil Hat|0 fnt|[from] move: Magma Storm|[partiallytrapped]\n|faint|p1a: Lil Hat\n|upkeep\n|\n|t:|1700094456\n|switch|p1a: Mandy Buzz|Mandibuzz, F|100\/100\n|turn|12\n|\n|t:|1700094461\n|move|p1a: Mandy Buzz|Iron Defense|p1a: Mandy Buzz\n|-boost|p1a: Mandy Buzz|def|2\n|move|p2a: Heatran|Magma Storm|p1a: Mandy Buzz\n|-damage|p1a: Mandy Buzz|87\/100\n|-activate|p1a: Mandy Buzz|move: Magma Storm|[of] p2a: Heatran\n|\n|-heal|p2a: Heatran|59\/100 par|[from] item: Leftovers\n|-damage|p1a: Mandy Buzz|75\/100|[from] move: Magma Storm|[partiallytrapped]\n|upkeep\n|turn|13\n|\n|t:|1700094471\n|move|p2a: Heatran|Protect|p2a: Heatran\n|-singleturn|p2a: Heatran|Protect\n|move|p1a: Mandy Buzz|Knock Off|p2a: Heatran\n|-activate|p2a: Heatran|move: Protect\n|\n|-heal|p2a: Heatran|65\/100 par|[from] item: Leftovers\n|-damage|p1a: Mandy Buzz|62\/100|[from] move: Magma Storm|[partiallytrapped]\n|upkeep\n|turn|14\n|\n|t:|1700094481\n|cant|p2a: Heatran|par\n|move|p1a: Mandy Buzz|Knock Off|p2a: Heatran\n|-damage|p2a: Heatran|45\/100 par\n|-enditem|p2a: Heatran|Leftovers|[from] move: Knock Off|[of] p1a: Mandy Buzz\n|\n|-damage|p1a: Mandy Buzz|50\/100|[from] move: Magma Storm|[partiallytrapped]\n|upkeep\n|turn|15\n|\n|t:|1700094490\n|cant|p2a: Heatran|par\n|move|p1a: Mandy Buzz|Dual Wingbeat|p2a: Heatran\n|-resisted|p2a: Heatran\n|-damage|p2a: Heatran|41\/100 par\n|-status|p1a: Mandy Buzz|brn|[from] ability: Flame Body|[of] p2a: Heatran\n|-resisted|p2a: Heatran\n|-damage|p2a: Heatran|39\/100 par\n|-hitcount|p2a: Heatran|2\n|\n|-damage|p1a: Mandy Buzz|44\/100 brn|[from] brn\n|-damage|p1a: Mandy Buzz|32\/100 brn|[from] move: Magma Storm|[partiallytrapped]\n|upkeep\n|turn|16\n|\n|t:|1700094503\n|move|p2a: Heatran|Protect|p2a: Heatran\n|-singleturn|p2a: Heatran|Protect\n|move|p1a: Mandy Buzz|Dual Wingbeat|p2a: Heatran\n|-activate|p2a: Heatran|move: Protect\n|\n|-damage|p1a: Mandy Buzz|26\/100 brn|[from] brn\n|-damage|p1a: Mandy Buzz|13\/100 brn|[from] move: Magma Storm|[partiallytrapped]\n|upkeep\n|turn|17\n|\n|t:|1700094514\n|cant|p2a: Heatran|par\n|move|p1a: Mandy Buzz|Dual Wingbeat|p2a: Heatran\n|-resisted|p2a: Heatran\n|-damage|p2a: Heatran|37\/100 par\n|-resisted|p2a: Heatran\n|-damage|p2a: Heatran|34\/100 par\n|-hitcount|p2a: Heatran|2\n|\n|-damage|p1a: Mandy Buzz|7\/100 brn|[from] brn\n|-end|p1a: Mandy Buzz|Magma Storm|[partiallytrapped]\n|upkeep\n|turn|18\n|\n|t:|1700094525\n|move|p2a: Heatran|Protect|p2a: Heatran\n|-singleturn|p2a: Heatran|Protect\n|move|p1a: Mandy Buzz|Dual Wingbeat|p2a: Heatran\n|-activate|p2a: Heatran|move: Protect\n|\n|-damage|p1a: Mandy Buzz|1\/100 brn|[from] brn\n|upkeep\n|turn|19\n|\n|t:|1700094534\n|move|p2a: Heatran|Protect||[still]\n|-fail|p2a: Heatran\n|move|p1a: Mandy Buzz|Knock Off|p2a: Heatran\n|-damage|p2a: Heatran|27\/100 par\n|\n|-damage|p1a: Mandy Buzz|0 fnt|[from] brn\n|faint|p1a: Mandy Buzz\n|upkeep\n|\n|t:|1700094542\n|switch|p1a: Burney Lomax|Mimikyu, M, shiny|100\/100\n|turn|20\n|\n|t:|1700094547\n|move|p1a: Burney Lomax|Swords Dance|p1a: Burney Lomax\n|-boost|p1a: Burney Lomax|atk|2\n|move|p2a: Heatran|Magma Storm|p1a: Burney Lomax\n|-activate|p1a: Burney Lomax|ability: Disguise\n|-damage|p1a: Burney Lomax|100\/100\n|-activate|p1a: Burney Lomax|move: Magma Storm|[of] p2a: Heatran\n|detailschange|p1a: Burney Lomax|Mimikyu-Busted, M, shiny\n|-damage|p1a: Burney Lomax|88\/100|[from] pokemon: Mimikyu-Busted\n|-enditem|p1a: Burney Lomax|Red Card|[of] p2a: Heatran\n|drag|p2a: Muk|Muk-Alola, F|100\/100\n|-activate|p2a: Muk|move: Sticky Web\n|-unboost|p2a: Muk|spe|1\n|-damage|p2a: Muk|88\/100|[from] Spikes\n|\n|-heal|p2a: Muk|94\/100|[from] item: Leftovers\n|-end|p1a: Burney Lomax|Magma Storm|[partiallytrapped]|[silent]\n|upkeep\n|turn|21\n|\n|t:|1700094567\n|move|p1a: Burney Lomax|Drain Punch|p2a: Muk\n|-damage|p2a: Muk|48\/100\n|-heal|p1a: Burney Lomax|100\/100|[from] drain|[of] p2a: Muk\n|move|p2a: Muk|Minimize|p2a: Muk\n|-boost|p2a: Muk|evasion|2\n|\n|-heal|p2a: Muk|54\/100|[from] item: Leftovers\n|upkeep\n|turn|22\n|\n|t:|1700094578\n|move|p1a: Burney Lomax|Curse|p2a: Muk\n|-start|p2a: Muk|Curse|[of] p1a: Burney Lomax\n|-damage|p1a: Burney Lomax|51\/100\n|move|p2a: Muk|Minimize|p2a: Muk\n|-boost|p2a: Muk|evasion|2\n|\n|-heal|p2a: Muk|60\/100|[from] item: Leftovers\n|-damage|p2a: Muk|35\/100|[from] Curse\n|upkeep\n|turn|23\n|\n|t:|1700094591\n|move|p1a: Burney Lomax|Shadow Sneak|p2a: Muk\n|-resisted|p2a: Muk\n|-damage|p2a: Muk|18\/100\n|move|p2a: Muk|Poison Fang|p1a: Burney Lomax\n|-damage|p1a: Burney Lomax|10\/100\n|-status|p1a: Burney Lomax|tox\n|\n|-heal|p2a: Muk|24\/100|[from] item: Leftovers\n|-damage|p1a: Burney Lomax|4\/100 tox|[from] psn\n|-damage|p2a: Muk|0 fnt|[from] Curse\n|faint|p2a: Muk\n|upkeep\n|\n|t:|1700094606\n|switch|p2a: Chesnaught|Chesnaught, M, shiny|100\/100\n|-activate|p2a: Chesnaught|move: Sticky Web\n|-unboost|p2a: Chesnaught|spe|1\n|-damage|p2a: Chesnaught|88\/100|[from] Spikes\n|turn|24\n|\n|t:|1700094613\n|move|p2a: Chesnaught|Spiky Shield|p2a: Chesnaught\n|-singleturn|p2a: Chesnaught|move: Protect\n|move|p1a: Burney Lomax|Curse|p2a: Chesnaught\n|-start|p2a: Chesnaught|Curse|[of] p1a: Burney Lomax\n|-damage|p1a: Burney Lomax|0 fnt\n|faint|p1a: Burney Lomax\n|\n|-heal|p2a: Chesnaught|94\/100|[from] item: Leftovers\n|-damage|p2a: Chesnaught|69\/100|[from] Curse\n|upkeep\n|\n|t:|1700094623\n|switch|p1a: Cozmo Cozby|Staraptor, M|100\/100\n|turn|25\n|\n|t:|1700094628\n|-terastallize|p1a: Cozmo Cozby|Flying\n|move|p1a: Cozmo Cozby|Brave Bird|p2a: Chesnaught\n|-supereffective|p2a: Chesnaught\n|-damage|p2a: Chesnaught|0 fnt\n|faint|p2a: Chesnaught\n|-damage|p1a: Cozmo Cozby|73\/100|[from] Recoil\n|\n|upkeep\n|\n|t:|1700094636\n|switch|p2a: Calyrex|Calyrex-Shadow|100\/100\n|-ability|p2a: Calyrex|As One\n|-ability|p2a: Calyrex|Unnerve\n|-activate|p2a: Calyrex|move: Sticky Web\n|-unboost|p2a: Calyrex|spe|1\n|-damage|p2a: Calyrex|88\/100|[from] Spikes\n|turn|26\n|\n|t:|1700094650\n|move|p2a: Calyrex|Astral Barrage|p1a: Cozmo Cozby\n|-damage|p1a: Cozmo Cozby|0 fnt\n|faint|p1a: Cozmo Cozby\n|-ability|p2a: Calyrex|Grim Neigh|boost\n|-boost|p2a: Calyrex|spa|1\n|\n|upkeep\n|\n|t:|1700094657\n|switch|p1a: Hot Wheels|Jolteon, M|95\/100 brn\n|turn|27\n|\n|t:|1700094661\n|move|p1a: Hot Wheels|Shadow Ball|p2a: Calyrex\n|-supereffective|p2a: Calyrex\n|-damage|p2a: Calyrex|0 fnt\n|faint|p2a: Calyrex\n|\n|-damage|p1a: Hot Wheels|89\/100 brn|[from] brn\n|upkeep\n|\n|t:|1700094669\n|switch|p2a: Slowbro|Slowbro, M, shiny|100\/100\n|-activate|p2a: Slowbro|move: Sticky Web\n|-unboost|p2a: Slowbro|spe|1\n|-damage|p2a: Slowbro|88\/100|[from] Spikes\n|turn|28\n|\n|t:|1700094679\n|-terastallize|p2a: Slowbro|Steel\n|move|p1a: Hot Wheels|Electro Ball|p2a: Slowbro\n|-damage|p2a: Slowbro|38\/100\n|move|p2a: Slowbro|Calm Mind|p2a: Slowbro\n|-boost|p2a: Slowbro|spa|1\n|-boost|p2a: Slowbro|spd|1\n|\n|-heal|p2a: Slowbro|44\/100|[from] item: Leftovers\n|-damage|p1a: Hot Wheels|83\/100 brn|[from] brn\n|upkeep\n|turn|29\n|\n|t:|1700094694\n|move|p1a: Hot Wheels|Shadow Ball|p2a: Slowbro\n|-damage|p2a: Slowbro|32\/100\n|move|p2a: Slowbro|Slack Off|p2a: Slowbro\n|-heal|p2a: Slowbro|82\/100\n|\n|-heal|p2a: Slowbro|89\/100|[from] item: Leftovers\n|-damage|p1a: Hot Wheels|77\/100 brn|[from] brn\n|upkeep\n|turn|30\n|-message|Cobra DMR forfeited.\n|\n|win|savagewolf98420\n|raw|Cobra DMR's rating: 1246 &rarr; <strong>1217<\/strong><br \/>(-29 for losing)\n|raw|savagewolf98420's rating: 1189 &rarr; <strong>1218<\/strong><br \/>(+29 for winning)\n|l|\u2606Cobra DMR\n","uploadtime":1700094711,"views":2,"p1id":"cobradmr","p2id":"savagewolf98420","formatid":"gen9anythinggoes","rating":1217,"private":0,"password":""}