{"id":"gen9anythinggoes-1981226854","p1":"noname0202","p2":"Master_Weaboo","format":"[Gen 9] Anything Goes","log":"|j|\u2606noname0202\n|j|\u2606Master_Weaboo\n|t:|1698874210\n|gametype|singles\n|player|p1|noname0202|blaine|1190\n|player|p2|Master_Weaboo|clown|1250\n|teamsize|p1|6\n|teamsize|p2|6\n|gen|9\n|tier|[Gen 9] Anything Goes\n|rated|\n|rule|HP Percentage Mod: HP is shown in percentages\n|rule|Endless Battle Clause: Forcing endless battles is banned\n|clearpoke\n|poke|p1|Maushold-Four|\n|poke|p1|Cloyster, F|\n|poke|p1|Dugtrio, M|\n|poke|p1|Dugtrio, M|\n|poke|p1|Miraidon|\n|poke|p1|Kingambit, F|\n|poke|p2|Clodsire, M|\n|poke|p2|Cramorant, F|\n|poke|p2|Breloom, F|\n|poke|p2|Gengar, M|\n|poke|p2|Roaring Moon|\n|poke|p2|Arcanine-Hisui, F|\n|teampreview\n|\n|t:|1698874222\n|start\n|switch|p1a: Maushold|Maushold-Four, shiny|100\/100\n|switch|p2a: Clodsire|Clodsire, M|100\/100\n|turn|1\n|\n|t:|1698874229\n|move|p1a: Maushold|Population Bomb|p2a: Clodsire\n|-damage|p2a: Clodsire|94\/100\n|-damage|p2a: Clodsire|88\/100\n|-damage|p2a: Clodsire|82\/100\n|-damage|p2a: Clodsire|76\/100\n|-damage|p2a: Clodsire|70\/100\n|-damage|p2a: Clodsire|64\/100\n|-damage|p2a: Clodsire|58\/100\n|-damage|p2a: Clodsire|53\/100\n|-damage|p2a: Clodsire|47\/100\n|-damage|p2a: Clodsire|41\/100\n|-hitcount|p2a: Clodsire|10\n|move|p2a: Clodsire|Toxic Spikes|p1a: Maushold\n|-sidestart|p1: noname0202|move: Toxic Spikes\n|\n|-heal|p2a: Clodsire|47\/100|[from] item: Leftovers\n|upkeep\n|turn|2\n|\n|t:|1698874245\n|move|p1a: Maushold|Population Bomb|p2a: Clodsire\n|-damage|p2a: Clodsire|41\/100\n|-damage|p2a: Clodsire|35\/100\n|-damage|p2a: Clodsire|29\/100\n|-damage|p2a: Clodsire|23\/100\n|-damage|p2a: Clodsire|17\/100\n|-damage|p2a: Clodsire|11\/100\n|-damage|p2a: Clodsire|5\/100\n|-damage|p2a: Clodsire|0 fnt\n|faint|p2a: Clodsire\n|-hitcount|p2: Clodsire|8\n|\n|upkeep\n|c|\u2606Master_Weaboo|pop bomb moment\n|\n|t:|1698874259\n|switch|p2a: Gengar|Gengar, M|100\/100\n|turn|3\n|\n|t:|1698874271\n|move|p1a: Maushold|Beat Up|p2a: Gengar\n|-supereffective|p2a: Gengar\n|-damage|p2a: Gengar|88\/100\n|-supereffective|p2a: Gengar\n|-crit|p2a: Gengar\n|-damage|p2a: Gengar|66\/100\n|-supereffective|p2a: Gengar\n|-damage|p2a: Gengar|50\/100\n|-supereffective|p2a: Gengar\n|-damage|p2a: Gengar|36\/100\n|-supereffective|p2a: Gengar\n|-crit|p2a: Gengar\n|-damage|p2a: Gengar|16\/100\n|-supereffective|p2a: Gengar\n|-crit|p2a: Gengar\n|-damage|p2a: Gengar|0 fnt\n|faint|p2a: Gengar\n|-hitcount|p2: Gengar|6\n|\n|upkeep\n|c|\u2606Master_Weaboo|what the hell\n|c|\u2606noname0202|haha\n|c|\u2606Master_Weaboo|I got beat the fuck up by a bunch of mice this game sucks\n|\n|t:|1698874294\n|switch|p2a: Breloom|Breloom, F|100\/100\n|turn|4\n|c|\u2606noname0202|happy hamily :)\n|\n|t:|1698874306\n|move|p2a: Breloom|Mach Punch|p1a: Maushold\n|-supereffective|p1a: Maushold\n|-damage|p1a: Maushold|0 fnt\n|faint|p1a: Maushold\n|\n|upkeep\n|c|\u2606Master_Weaboo|I genuinely didn't know maushold had access to that\n|\n|t:|1698874312\n|switch|p1a: Pipe bomb children|Dugtrio, M, shiny|100\/100\n|-status|p1a: Pipe bomb children|psn\n|turn|5\n|c|\u2606Master_Weaboo|should've sent breloom out first\n|c|\u2606Master_Weaboo|uh oh\n|\n|t:|1698874327\n|move|p1a: Pipe bomb children|Fissure|p2a: Breloom\n|-damage|p2a: Breloom|0 fnt\n|faint|p2a: Breloom\n|-ohko\n|\n|-damage|p1a: Pipe bomb children|88\/100 psn|[from] psn\n|upkeep\n|c|\u2606noname0202|:))\n|\n|t:|1698874334\n|switch|p2a: Cramorant|Cramorant, F|100\/100\n|turn|6\n|c|\u2606Master_Weaboo|I read pipe bomb, I assumed I was gonna get exploded\n|\n|t:|1698874350\n|move|p1a: Pipe bomb children|Rock Slide|p2a: Cramorant\n|-supereffective|p2a: Cramorant\n|-damage|p2a: Cramorant|38\/100\n|cant|p2a: Cramorant|flinch\n|\n|-damage|p1a: Pipe bomb children|76\/100 psn|[from] psn\n|upkeep\n|turn|7\n|c|\u2606Master_Weaboo|fuckin flinch\n|c|\u2606noname0202|nah better than explosion\n|c|\u2606Master_Weaboo|I've been showdowned\n|\n|t:|1698874365\n|move|p1a: Pipe bomb children|Rock Slide|p2a: Cramorant\n|-supereffective|p2a: Cramorant\n|-damage|p2a: Cramorant|0 fnt\n|faint|p2a: Cramorant\n|\n|-damage|p1a: Pipe bomb children|63\/100 psn|[from] psn\n|upkeep\n|c|\u2606noname0202|lmfaooo\n|\n|t:|1698874372\n|switch|p2a: Roaring Moon|Roaring Moon|100\/100\n|-enditem|p2a: Roaring Moon|Booster Energy\n|-activate|p2a: Roaring Moon|ability: Protosynthesis|[fromitem]\n|-start|p2a: Roaring Moon|protosynthesisspe\n|turn|8\n|c|\u2606Master_Weaboo|gg\n|c|\u2606Master_Weaboo|its jover\n|\n|t:|1698874382\n|move|p2a: Roaring Moon|Acrobatics|p1a: Pipe bomb children\n|-damage|p1a: Pipe bomb children|0 fnt\n|faint|p1a: Pipe bomb children\n|\n|upkeep\n|\n|t:|1698874386\n|switch|p1a: Pipe bomb children|Dugtrio, M, shiny|100\/100\n|-status|p1a: Pipe bomb children|psn\n|turn|9\n|c|\u2606Master_Weaboo|there is no shot I sweep with this mon\n|\n|t:|1698874393\n|move|p2a: Roaring Moon|Acrobatics|p1a: Pipe bomb children\n|-damage|p1a: Pipe bomb children|17\/100 psn\n|move|p1a: Pipe bomb children|Fissure|p2a: Roaring Moon\n|-damage|p2a: Roaring Moon|0 fnt\n|faint|p2a: Roaring Moon\n|-end|p2a: Roaring Moon|Protosynthesis|[silent]\n|-ohko\n|\n|-damage|p1a: Pipe bomb children|4\/100 psn|[from] psn\n|upkeep\n|c|\u2606noname0202|hehe\n|c|\u2606Master_Weaboo|there you go\n|c|\u2606Master_Weaboo|what's the accuracy on fissure btw\n|\n|t:|1698874411\n|switch|p2a: Arcanine|Arcanine-Hisui, F|100\/100\n|turn|10\n|c|\u2606noname0202|30%\n|c|\u2606Master_Weaboo|Ok so\n|c|\u2606Master_Weaboo|I'm gonna throw a tantrum\n|c|\u2606noname0202|lmfaoooo\n|\n|t:|1698874451\n|-terastallize|p2a: Arcanine|Fire\n|move|p2a: Arcanine|Flare Blitz|p1a: Pipe bomb children\n|-damage|p1a: Pipe bomb children|0 fnt\n|faint|p1a: Pipe bomb children\n|\n|upkeep\n|\n|t:|1698874456\n|switch|p1a: Cloyster|Cloyster, F, shiny|100\/100\n|-status|p1a: Cloyster|psn\n|turn|11\n|\n|t:|1698874460\n|move|p2a: Arcanine|Flare Blitz|p1a: Cloyster\n|-damage|p1a: Cloyster|33\/100 psn\n|move|p1a: Cloyster|Iron Defense|p1a: Cloyster\n|-boost|p1a: Cloyster|def|2\n|\n|-damage|p1a: Cloyster|21\/100 psn|[from] psn\n|upkeep\n|turn|12\n|\n|t:|1698874467\n|move|p2a: Arcanine|Flare Blitz|p1a: Cloyster\n|-damage|p1a: Cloyster|0 fnt\n|faint|p1a: Cloyster\n|\n|upkeep\n|\n|t:|1698874469\n|switch|p1a: Miraidon|Miraidon|100\/100\n|-status|p1a: Miraidon|psn\n|-fieldstart|move: Electric Terrain|[from] ability: Hadron Engine|[of] p1a: Miraidon\n|turn|13\n|\n|t:|1698874475\n|move|p2a: Arcanine|Flare Blitz|p1a: Miraidon\n|-resisted|p1a: Miraidon\n|-damage|p1a: Miraidon|72\/100 psn\n|move|p1a: Miraidon|Electro Drift|p2a: Arcanine\n|-damage|p2a: Arcanine|0 fnt\n|faint|p2a: Arcanine\n|\n|win|noname0202\n|raw|noname0202's rating: 1190 &rarr; <strong>1219<\/strong><br \/>(+29 for winning)\n|raw|Master_Weaboo's rating: 1250 &rarr; <strong>1221<\/strong><br \/>(-29 for losing)\n","uploadtime":1698874292,"views":8,"p1id":"noname0202","p2id":"masterweaboo","formatid":"gen9anythinggoes","rating":1219,"private":0,"password":""}