{"id":"gen9anythinggoes-1981669612","p1":"Timofer","p2":"castillodamianm24","format":"[Gen 9] Anything Goes","log":"|j|\u2606Timofer\n|j|\u2606castillodamianm24\n|t:|1698932130\n|gametype|singles\n|player|p1|Timofer|1|1202\n|player|p2|castillodamianm24|265|1223\n|teamsize|p1|6\n|teamsize|p2|6\n|gen|9\n|tier|[Gen 9] Anything Goes\n|rated|\n|rule|HP Percentage Mod: HP is shown in percentages\n|rule|Endless Battle Clause: Forcing endless battles is banned\n|clearpoke\n|poke|p1|Zoroark-Hisui, F|\n|poke|p1|Gholdengo|\n|poke|p1|Ceruledge, M|\n|poke|p1|Basculegion, M|\n|poke|p1|Flutter Mane|\n|poke|p1|Dragapult, F|\n|poke|p2|Miraidon|\n|poke|p2|Gardevoir, F|\n|poke|p2|Cloyster, M|\n|poke|p2|Gliscor, F|\n|poke|p2|Tinkaton, F|\n|poke|p2|Palafin, M|\n|teampreview\n|c|\u2606Timofer|Good luck!\n|c|\u2606castillodamianm24|you as well\n|\n|t:|1698932143\n|start\n|switch|p1a: Riptide|Basculegion, M, shiny|100\/100\n|switch|p2a: Cloyster|Cloyster, M, shiny|100\/100\n|turn|1\n|\n|t:|1698932148\n|move|p1a: Riptide|Trick|p2a: Cloyster\n|-activate|p1a: Riptide|move: Trick|[of] p2a: Cloyster\n|-item|p2a: Cloyster|Choice Specs|[from] move: Trick\n|-item|p1a: Riptide|Rocky Helmet|[from] move: Trick\n|move|p2a: Cloyster|Shell Smash|p2a: Cloyster\n|-unboost|p2a: Cloyster|def|1\n|-unboost|p2a: Cloyster|spd|1\n|-boost|p2a: Cloyster|atk|2\n|-boost|p2a: Cloyster|spa|2\n|-boost|p2a: Cloyster|spe|2\n|\n|upkeep\n|turn|2\n|\n|t:|1698932164\n|switch|p2a: Miraidon|Miraidon|100\/100\n|-fieldstart|move: Electric Terrain|[from] ability: Hadron Engine|[of] p2a: Miraidon\n|move|p1a: Riptide|Shadow Ball|p2a: Miraidon\n|-damage|p2a: Miraidon|64\/100\n|\n|upkeep\n|turn|3\n|\n|t:|1698932190\n|switch|p1a: Nymphia|Flutter Mane, shiny|100\/100\n|move|p2a: Miraidon|Electro Drift|p1a: Nymphia\n|-damage|p1a: Nymphia|0 fnt\n|faint|p1a: Nymphia\n|-end|p1a: Nymphia|Protosynthesis|[silent]\n|\n|upkeep\n|\n|t:|1698932202\n|switch|p1a: Sheeva|Dragapult, F|100\/100\n|turn|4\n|\n|t:|1698932216\n|-terastallize|p1a: Sheeva|Dragon\n|-terastallize|p2a: Miraidon|Electric\n|move|p1a: Sheeva|Dragon Darts|p2a: Miraidon\n|-damage|p2a: Miraidon|28\/100\n|-anim|p1a: Sheeva|Dragon Darts|p2a: Miraidon\n|-damage|p2a: Miraidon|0 fnt\n|faint|p2a: Miraidon\n|\n|upkeep\n|\n|t:|1698932228\n|switch|p2a: Gardevoir|Gardevoir, F, shiny|100\/100\n|turn|5\n|\n|t:|1698932240\n|switch|p1a: Riptide|Basculegion, M, shiny|100\/100\n|move|p2a: Gardevoir|Calm Mind|p2a: Gardevoir\n|-boost|p2a: Gardevoir|spa|1\n|-boost|p2a: Gardevoir|spd|1\n|\n|upkeep\n|turn|6\n|\n|t:|1698932249\n|move|p1a: Riptide|Shadow Ball|p2a: Gardevoir\n|-supereffective|p2a: Gardevoir\n|-enditem|p2a: Gardevoir|Kasib Berry|[eat]\n|-enditem|p2a: Gardevoir|Kasib Berry|[weaken]\n|-damage|p2a: Gardevoir|65\/100\n|move|p2a: Gardevoir|Shadow Ball|p1a: Riptide\n|-immune|p1a: Riptide\n|\n|-fieldend|move: Electric Terrain\n|upkeep\n|turn|7\n|\n|t:|1698932262\n|move|p1a: Riptide|Shadow Ball|p2a: Gardevoir\n|-supereffective|p2a: Gardevoir\n|-damage|p2a: Gardevoir|0 fnt\n|faint|p2a: Gardevoir\n|\n|upkeep\n|\n|t:|1698932267\n|switch|p2a: Cloyster|Cloyster, M, shiny|100\/100\n|turn|8\n|\n|t:|1698932276\n|move|p1a: Riptide|Flamethrower|p2a: Cloyster\n|-damage|p2a: Cloyster|41\/100\n|move|p2a: Cloyster|Icicle Spear|p1a: Riptide\n|-damage|p1a: Riptide|83\/100\n|replace|p1a: Wraith|Zoroark-Hisui, F, shiny\n|-end|p1a: Wraith|Illusion\n|-damage|p1a: Wraith|65\/100\n|-damage|p1a: Wraith|48\/100\n|-damage|p1a: Wraith|31\/100\n|-damage|p1a: Wraith|14\/100\n|-hitcount|p1a: Wraith|5\n|\n|upkeep\n|turn|9\n|\n|t:|1698932288\n|move|p1a: Wraith|Flamethrower|p2a: Cloyster\n|-damage|p2a: Cloyster|0 fnt\n|faint|p2a: Cloyster\n|\n|upkeep\n|\n|t:|1698932297\n|switch|p2a: Gliscor|Gliscor, F|100\/100\n|turn|10\n|\n|t:|1698932300\n|move|p1a: Wraith|Trick|p2a: Gliscor\n|-activate|p1a: Wraith|move: Trick|[of] p2a: Gliscor\n|-item|p2a: Gliscor|Rocky Helmet|[from] move: Trick\n|-item|p1a: Wraith|Toxic Orb|[from] move: Trick\n|move|p2a: Gliscor|Earth Power|p1a: Wraith\n|-damage|p1a: Wraith|0 fnt\n|faint|p1a: Wraith\n|\n|upkeep\n|\n|t:|1698932309\n|switch|p1a: Riptide|Basculegion, M, shiny|100\/100\n|turn|11\n|\n|t:|1698932315\n|move|p1a: Riptide|Wave Crash|p2a: Gliscor\n|-supereffective|p2a: Gliscor\n|-damage|p2a: Gliscor|0 fnt\n|-damage|p1a: Riptide|84\/100|[from] item: Rocky Helmet|[of] p2a: Gliscor\n|faint|p2a: Gliscor\n|-damage|p1a: Riptide|57\/100|[from] Recoil\n|\n|upkeep\n|\n|t:|1698932321\n|switch|p2a: Tinkaton|Tinkaton, F|100\/100\n|-ability|p2a: Tinkaton|Mold Breaker\n|turn|12\n|\n|t:|1698932328\n|move|p1a: Riptide|Wave Crash|p2a: Tinkaton\n|-damage|p2a: Tinkaton|0 fnt\n|faint|p2a: Tinkaton\n|-damage|p1a: Riptide|30\/100|[from] Recoil\n|\n|upkeep\n|\n|t:|1698932332\n|switch|p2a: Palafin|Palafin, M, shiny|100\/100\n|turn|13\n|\n|t:|1698932340\n|move|p1a: Riptide|Wave Crash|p2a: Palafin\n|-resisted|p2a: Palafin\n|-damage|p2a: Palafin|53\/100\n|-damage|p1a: Riptide|16\/100|[from] Recoil\n|move|p2a: Palafin|Flip Turn|p1a: Riptide\n|-resisted|p1a: Riptide\n|-damage|p1a: Riptide|6\/100\n|\n|upkeep\n|turn|14\n|l|\u2606castillodamianm24\n|player|p2|\n|inactive|Battle timer is ON: inactive players will automatically lose when time's up. (requested by Timofer)\n|c|\u2606Timofer|Gg!\n|inactive|castillodamianm24 has 30 seconds to reconnect!\n|inactive|castillodamianm24 has 20 seconds to reconnect!\n|inactive|castillodamianm24 has 15 seconds to reconnect!\n|inactive|castillodamianm24 has 10 seconds to reconnect!\n|inactive|castillodamianm24 has 5 seconds to reconnect!\n|-message|castillodamianm24 lost due to inactivity.\n|\n|win|Timofer\n|raw|Timofer's rating: 1202 &rarr; <strong>1229<\/strong><br \/>(+27 for winning)\n|raw|castillodamianm24's rating: 1223 &rarr; <strong>1196<\/strong><br \/>(-27 for losing)\n|l|\u2606Timofer\n|j|\u2606Timofer\n|player|p1|Timofer|1\n","uploadtime":1698932437,"views":8,"p1id":"timofer","p2id":"castillodamianm24","formatid":"gen9anythinggoes","rating":1196,"private":0,"password":""}