{"id":"gen9anythinggoes-1971566034","p1":"Insigificant Dog","p2":"Chris Hansen101","format":"[Gen 9] Anything Goes","log":"|j|\u2606Insigificant Dog\n|j|\u2606Chris Hansen101\n|t:|1697748945\n|gametype|singles\n|player|p1|Insigificant Dog|dawn|\n|player|p2|Chris Hansen101|hiker-gen4|\n|teamsize|p1|6\n|teamsize|p2|6\n|gen|9\n|tier|[Gen 9] Anything Goes\n|rule|HP Percentage Mod: HP is shown in percentages\n|rule|Endless Battle Clause: Forcing endless battles is banned\n|clearpoke\n|poke|p1|Annihilape, F|\n|poke|p1|Glimmora, M|\n|poke|p1|Baxcalibur, F|\n|poke|p1|Empoleon, F|\n|poke|p1|Meowscarada, M|\n|poke|p1|Regieleki|\n|poke|p2|Ting-Lu|\n|poke|p2|Toxapex, M|\n|poke|p2|Corviknight, F|\n|poke|p2|Ceruledge, M|\n|poke|p2|Gyarados, F|\n|poke|p2|Appletun, M|\n|teampreview\n|inactive|Battle timer is ON: inactive players will automatically lose when time's up. (requested by Chris Hansen101)\n|c|\u2606Chris Hansen101|I changed team\n|c|\u2606Insigificant Dog|bubby\n|c|\u2606Insigificant Dog|i can see\n|c|\u2606Insigificant Dog|bubby the appltun\n|inactive|Insigificant Dog has 270 seconds left.\n|\n|t:|1697748980\n|start\n|switch|p1a: Spik pok|Glimmora, M, shiny|100\/100\n|switch|p2a: Gyarados|Gyarados, F, shiny|100\/100\n|turn|1\n|c|\u2606Chris Hansen101|Love a appltun\n|\n|t:|1697748998\n|switch|p1a: Umbu|Meowscarada, M, shiny|100\/100\n|move|p2a: Gyarados|Waterfall|p1a: Umbu\n|-resisted|p1a: Umbu\n|-damage|p1a: Umbu|75\/100\n|\n|upkeep\n|turn|2\n|c|\u2606Insigificant Dog|ya\n|\n|t:|1697749010\n|switch|p2a: Corviknight|Corviknight, F, shiny|100\/100\n|move|p1a: Umbu|Flower Trick|p2a: Corviknight\n|-resisted|p2a: Corviknight\n|-crit|p2a: Corviknight\n|-damage|p2a: Corviknight|90\/100\n|\n|upkeep\n|turn|3\n|c|\u2606Insigificant Dog|go on youtube and search play more\n|c|\u2606Insigificant Dog|its an esports team with bubby\n|\n|t:|1697749036\n|move|p1a: Umbu|U-turn|p2a: Corviknight\n|-resisted|p2a: Corviknight\n|-damage|p2a: Corviknight|86\/100\n|-damage|p1a: Umbu|59\/100|[from] item: Rocky Helmet|[of] p2a: Corviknight\n|c|\u2606Chris Hansen101|I'll take a look\n|\n|t:|1697749042\n|switch|p1a: Boing Boing|Regieleki, shiny|100\/100|[from] U-turn\n|move|p2a: Corviknight|Bulk Up|p2a: Corviknight\n|-boost|p2a: Corviknight|atk|1\n|-boost|p2a: Corviknight|def|1\n|\n|upkeep\n|turn|4\n|\n|t:|1697749056\n|switch|p2a: Ting-Lu|Ting-Lu|100\/100\n|-ability|p2a: Ting-Lu|Vessel of Ruin\n|move|p1a: Boing Boing|Extreme Speed|p2a: Ting-Lu\n|-damage|p2a: Ting-Lu|91\/100\n|\n|-heal|p2a: Ting-Lu|97\/100|[from] item: Leftovers\n|upkeep\n|turn|5\n|\n|t:|1697749069\n|switch|p1a: Spik pok|Glimmora, M, shiny|100\/100\n|move|p2a: Ting-Lu|Stealth Rock|p1a: Spik pok\n|-sidestart|p1: Insigificant Dog|move: Stealth Rock\n|\n|-heal|p2a: Ting-Lu|100\/100|[from] item: Leftovers\n|upkeep\n|turn|6\n|\n|t:|1697749079\n|move|p1a: Spik pok|Stealth Rock|p2a: Ting-Lu\n|-sidestart|p2: Chris Hansen101|move: Stealth Rock\n|move|p2a: Ting-Lu|Whirlwind|p1a: Spik pok\n|drag|p1a: Boing Boing|Regieleki, shiny|100\/100\n|-damage|p1a: Boing Boing|88\/100|[from] Stealth Rock\n|\n|upkeep\n|turn|7\n|\n|t:|1697749090\n|move|p1a: Boing Boing|Rapid Spin|p2a: Ting-Lu\n|-damage|p2a: Ting-Lu|94\/100\n|-boost|p1a: Boing Boing|spe|1\n|-sideend|p1: Insigificant Dog|Stealth Rock|[from] move: Rapid Spin|[of] p1a: Boing Boing\n|move|p2a: Ting-Lu|Earthquake|p1a: Boing Boing\n|-supereffective|p1a: Boing Boing\n|-damage|p1a: Boing Boing|0 fnt\n|faint|p1a: Boing Boing\n|\n|-heal|p2a: Ting-Lu|100\/100|[from] item: Leftovers\n|upkeep\n|\n|t:|1697749103\n|switch|p1a: Umbu|Meowscarada, M, shiny|59\/100\n|turn|8\n|\n|t:|1697749111\n|switch|p2a: Corviknight|Corviknight, F, shiny|86\/100\n|-damage|p2a: Corviknight|73\/100|[from] Stealth Rock\n|move|p1a: Umbu|Play Rough|p2a: Corviknight\n|-resisted|p2a: Corviknight\n|-damage|p2a: Corviknight|62\/100\n|-damage|p1a: Umbu|42\/100|[from] item: Rocky Helmet|[of] p2a: Corviknight\n|\n|upkeep\n|turn|9\n|\n|t:|1697749120\n|move|p1a: Umbu|U-turn|p2a: Corviknight\n|-resisted|p2a: Corviknight\n|-damage|p2a: Corviknight|58\/100\n|-damage|p1a: Umbu|26\/100|[from] item: Rocky Helmet|[of] p2a: Corviknight\n|\n|t:|1697749129\n|switch|p1a: Spik pok|Glimmora, M, shiny|100\/100|[from] U-turn\n|move|p2a: Corviknight|Defog|p1a: Spik pok\n|-unboost|p1a: Spik pok|evasion|1\n|-sideend|p2: Chris Hansen101|Stealth Rock|[from] move: Defog|[of] p2a: Corviknight\n|\n|upkeep\n|turn|10\n|\n|t:|1697749137\n|move|p1a: Spik pok|Power Gem|p2a: Corviknight\n|-damage|p2a: Corviknight|31\/100\n|move|p2a: Corviknight|Roost|p2a: Corviknight\n|-heal|p2a: Corviknight|81\/100\n|-singleturn|p2a: Corviknight|move: Roost\n|\n|upkeep\n|turn|11\n|\n|t:|1697749150\n|switch|p2a: Gyarados|Gyarados, F, shiny|100\/100\n|move|p1a: Spik pok|Mortal Spin|p2a: Gyarados\n|-damage|p2a: Gyarados|92\/100\n|-status|p2a: Gyarados|psn\n|\n|-damage|p2a: Gyarados|80\/100 psn|[from] psn\n|upkeep\n|turn|12\n|\n|t:|1697749160\n|move|p2a: Gyarados|Dragon Dance|p2a: Gyarados\n|-boost|p2a: Gyarados|atk|1\n|-boost|p2a: Gyarados|spe|1\n|move|p1a: Spik pok|Power Gem|p2a: Gyarados\n|-supereffective|p2a: Gyarados\n|-damage|p2a: Gyarados|5\/100 psn\n|\n|-damage|p2a: Gyarados|0 fnt|[from] psn\n|faint|p2a: Gyarados\n|upkeep\n|c|\u2606Insigificant Dog|yaaaaa\n|\n|t:|1697749172\n|switch|p2a: Ting-Lu|Ting-Lu|100\/100\n|-ability|p2a: Ting-Lu|Vessel of Ruin\n|turn|13\n|c|\u2606Chris Hansen101|Rip me\n|c|\u2606Insigificant Dog|last time i wanst thinking and misclicked lots\n|\n|t:|1697749194\n|move|p1a: Spik pok|Stealth Rock|p2a: Ting-Lu\n|-sidestart|p2: Chris Hansen101|move: Stealth Rock\n|move|p2a: Ting-Lu|Earthquake|p1a: Spik pok\n|-supereffective|p1a: Spik pok\n|-damage|p1a: Spik pok|0 fnt\n|-activate|p1a: Spik pok|ability: Toxic Debris\n|-sidestart|p2: Chris Hansen101|move: Toxic Spikes\n|faint|p1a: Spik pok\n|\n|upkeep\n|inactive|Insigificant Dog has 270 seconds left.\n|\n|t:|1697749210\n|switch|p1a: bok bok|Annihilape, F, shiny|100\/100\n|turn|14\n|c|\u2606Chris Hansen101|Sometimes i panic and miss click\n|inactive|Insigificant Dog has 270 seconds left.\n|\n|t:|1697749222\n|switch|p2a: Toxapex|Toxapex, M, shiny|100\/100\n|-damage|p2a: Toxapex|88\/100|[from] Stealth Rock\n|-sideend|p2: Chris Hansen101|move: Toxic Spikes|[of] p2a: Toxapex\n|move|p1a: bok bok|Rage Fist|p2a: Toxapex\n|-damage|p2a: Toxapex|71\/100\n|-damage|p1a: bok bok|84\/100|[from] item: Rocky Helmet|[of] p2a: Toxapex\n|\n|upkeep\n|turn|15\n|\n|t:|1697749232\n|move|p1a: bok bok|Close Combat|p2a: Toxapex\n|-resisted|p2a: Toxapex\n|-damage|p2a: Toxapex|54\/100\n|-unboost|p1a: bok bok|def|1\n|-unboost|p1a: bok bok|spd|1\n|-damage|p1a: bok bok|67\/100|[from] item: Rocky Helmet|[of] p2a: Toxapex\n|move|p2a: Toxapex|Toxic Spikes|p1a: bok bok\n|-sidestart|p1: Insigificant Dog|move: Toxic Spikes\n|\n|upkeep\n|turn|16\n|c|\u2606Insigificant Dog|eh\n|\n|t:|1697749243\n|move|p1a: bok bok|Outrage|p2a: Toxapex\n|-crit|p2a: Toxapex\n|-damage|p2a: Toxapex|18\/100\n|-damage|p1a: bok bok|51\/100|[from] item: Rocky Helmet|[of] p2a: Toxapex\n|move|p2a: Toxapex|Toxic Spikes|p1a: bok bok\n|-sidestart|p1: Insigificant Dog|move: Toxic Spikes\n|\n|upkeep\n|turn|17\n|\n|t:|1697749254\n|move|p2a: Toxapex|Baneful Bunker|p2a: Toxapex\n|-singleturn|p2a: Toxapex|move: Protect\n|move|p1a: bok bok|Outrage|p2a: Toxapex|[from]lockedmove\n|-activate|p2a: Toxapex|move: Protect\n|-status|p1a: bok bok|psn\n|\n|-damage|p1a: bok bok|38\/100 psn|[from] psn\n|upkeep\n|turn|18\n|c|\u2606Insigificant Dog|my hazard removals hav gon\n|inactive|Insigificant Dog has 270 seconds left.\n|\n|t:|1697749276\n|move|p1a: bok bok|Outrage|p2a: Toxapex\n|-damage|p2a: Toxapex|0 fnt\n|-damage|p1a: bok bok|22\/100 psn|[from] item: Rocky Helmet|[of] p2a: Toxapex\n|faint|p2a: Toxapex\n|\n|-damage|p1a: bok bok|9\/100 psn|[from] psn\n|upkeep\n|inactive|Chris Hansen101 has 270 seconds left.\n|c|\u2606Chris Hansen101|Yeah i love corv for defog. I run mirror armour so it blocks magic bounce to\n|c|\u2606Insigificant Dog|hav u heard of EV and IVs#\n|\n|t:|1697749317\n|switch|p2a: Ceruledge|Ceruledge, M, shiny|100\/100\n|-damage|p2a: Ceruledge|75\/100|[from] Stealth Rock\n|turn|19\n|\n|t:|1697749324\n|move|p2a: Ceruledge|Endure|p2a: Ceruledge\n|-singleturn|p2a: Ceruledge|move: Endure\n|move|p1a: bok bok|Outrage|p2a: Ceruledge|[from]lockedmove\n|-damage|p2a: Ceruledge|24\/100\n|-ability|p2a: Ceruledge|Weak Armor|boost\n|-unboost|p2a: Ceruledge|def|1\n|-boost|p2a: Ceruledge|spe|2\n|-start|p1a: bok bok|confusion|[fatigue]\n|\n|-damage|p1a: bok bok|0 fnt|[from] psn\n|faint|p1a: bok bok\n|upkeep\n|\n|t:|1697749338\n|switch|p1a: Umbu|Meowscarada, M, shiny|26\/100\n|-status|p1a: Umbu|tox\n|turn|20\n|inactive|Chris Hansen101 has 270 seconds left.\n|c|\u2606Chris Hansen101|Yeah. Every player should use them\n|\n|t:|1697749363\n|move|p2a: Ceruledge|Close Combat|p1a: Umbu\n|-supereffective|p1a: Umbu\n|-damage|p1a: Umbu|0 fnt\n|-unboost|p2a: Ceruledge|def|1\n|-unboost|p2a: Ceruledge|spd|1\n|faint|p1a: Umbu\n|\n|upkeep\n|c|\u2606Insigificant Dog|Effort Values and I___ soming Va;les\n|\n|t:|1697749376\n|switch|p1a: Pip|Empoleon, F, shiny|100\/100\n|turn|21\n|\n|t:|1697749382\n|move|p2a: Ceruledge|Close Combat|p1a: Pip\n|-supereffective|p1a: Pip\n|-damage|p1a: Pip|18\/100\n|-unboost|p2a: Ceruledge|def|1\n|-unboost|p2a: Ceruledge|spd|1\n|move|p1a: Pip|Hydro Pump|p2a: Ceruledge\n|-supereffective|p2a: Ceruledge\n|-damage|p2a: Ceruledge|0 fnt\n|faint|p2a: Ceruledge\n|\n|-heal|p1a: Pip|24\/100|[from] item: Leftovers\n|upkeep\n|\n|t:|1697749394\n|switch|p2a: Appletun|Appletun, M, shiny|100\/100\n|-damage|p2a: Appletun|88\/100|[from] Stealth Rock\n|turn|22\n|\n|t:|1697749400\n|move|p1a: Pip|Ice Beam|p2a: Appletun\n|-supereffective|p2a: Appletun\n|-damage|p2a: Appletun|49\/100\n|-status|p2a: Appletun|frz\n|-curestatus|p2a: Appletun|frz|[msg]\n|move|p2a: Appletun|Amnesia|p2a: Appletun\n|-boost|p2a: Appletun|spd|2\n|\n|-heal|p1a: Pip|30\/100|[from] item: Leftovers\n|-heal|p2a: Appletun|55\/100|[from] item: Leftovers\n|upkeep\n|turn|23\n|inactive|Chris Hansen101 has 270 seconds left.\n|c|\u2606Chris Hansen101|Ok game\n|\n|t:|1697749418\n|move|p1a: Pip|Ice Beam|p2a: Appletun\n|-supereffective|p2a: Appletun\n|-damage|p2a: Appletun|38\/100\n|move|p2a: Appletun|Recover|p2a: Appletun\n|-heal|p2a: Appletun|88\/100\n|\n|-heal|p1a: Pip|36\/100|[from] item: Leftovers\n|-heal|p2a: Appletun|94\/100|[from] item: Leftovers\n|upkeep\n|turn|24\n|\n|t:|1697749428\n|move|p1a: Pip|Ice Beam|p2a: Appletun\n|-supereffective|p2a: Appletun\n|-damage|p2a: Appletun|76\/100\n|move|p2a: Appletun|Amnesia|p2a: Appletun\n|-boost|p2a: Appletun|spd|2\n|\n|-heal|p1a: Pip|42\/100|[from] item: Leftovers\n|-heal|p2a: Appletun|82\/100|[from] item: Leftovers\n|upkeep\n|turn|25\n|inactive|Chris Hansen101 has 270 seconds left.\n|\n|t:|1697749440\n|switch|p1a: Bax go Rawrr|Baxcalibur, F, shiny|100\/100\n|-status|p1a: Bax go Rawrr|tox\n|move|p2a: Appletun|Amnesia|p2a: Appletun\n|-boost|p2a: Appletun|spd|2\n|\n|-heal|p2a: Appletun|88\/100|[from] item: Leftovers\n|-damage|p1a: Bax go Rawrr|94\/100 tox|[from] psn\n|upkeep\n|turn|26\n|inactive|Chris Hansen101 has 270 seconds left.\n|\n|t:|1697749458\n|-terastallize|p1a: Bax go Rawrr|Dragon\n|move|p2a: Appletun|Curse|p2a: Appletun\n|-unboost|p2a: Appletun|spe|1\n|-boost|p2a: Appletun|atk|1\n|-boost|p2a: Appletun|def|1\n|move|p1a: Bax go Rawrr|Dragon Tail|p2a: Appletun\n|-supereffective|p2a: Appletun\n|-damage|p2a: Appletun|47\/100\n|drag|p2a: Ting-Lu|Ting-Lu|100\/100\n|-damage|p2a: Ting-Lu|94\/100|[from] Stealth Rock\n|-ability|p2a: Ting-Lu|Vessel of Ruin\n|\n|-heal|p2a: Ting-Lu|100\/100|[from] item: Leftovers\n|-damage|p1a: Bax go Rawrr|82\/100 tox|[from] psn\n|upkeep\n|turn|27\n|c|\u2606Insigificant Dog|hehe\n|inactive|Chris Hansen101 has 270 seconds left.\n|\n|t:|1697749475\n|move|p1a: Bax go Rawrr|Icicle Spear|p2a: Ting-Lu\n|-supereffective|p2a: Ting-Lu\n|-damage|p2a: Ting-Lu|88\/100\n|-supereffective|p2a: Ting-Lu\n|-damage|p2a: Ting-Lu|76\/100\n|-supereffective|p2a: Ting-Lu\n|-damage|p2a: Ting-Lu|63\/100\n|-supereffective|p2a: Ting-Lu\n|-damage|p2a: Ting-Lu|51\/100\n|-supereffective|p2a: Ting-Lu\n|-damage|p2a: Ting-Lu|39\/100\n|-hitcount|p2a: Ting-Lu|5\n|move|p2a: Ting-Lu|Earthquake|p1a: Bax go Rawrr\n|-damage|p1a: Bax go Rawrr|48\/100 tox\n|\n|-heal|p2a: Ting-Lu|45\/100|[from] item: Leftovers\n|-damage|p1a: Bax go Rawrr|30\/100 tox|[from] psn\n|upkeep\n|turn|28\n|inactive|Chris Hansen101 has 270 seconds left.\n|c|\u2606Chris Hansen101|I mean yeah its good to annoy people with\n|\n|t:|1697749496\n|move|p1a: Bax go Rawrr|Icicle Spear|p2a: Ting-Lu\n|-supereffective|p2a: Ting-Lu\n|-damage|p2a: Ting-Lu|33\/100\n|-supereffective|p2a: Ting-Lu\n|-damage|p2a: Ting-Lu|22\/100\n|-supereffective|p2a: Ting-Lu\n|-damage|p2a: Ting-Lu|10\/100\n|-supereffective|p2a: Ting-Lu\n|-damage|p2a: Ting-Lu|0 fnt\n|faint|p2a: Ting-Lu\n|-hitcount|p2: Ting-Lu|4\n|\n|-damage|p1a: Bax go Rawrr|5\/100 tox|[from] psn\n|upkeep\n|\n|t:|1697749507\n|switch|p2a: Corviknight|Corviknight, F, shiny|81\/100\n|-damage|p2a: Corviknight|68\/100|[from] Stealth Rock\n|turn|29\n|\n|t:|1697749520\n|move|p1a: Bax go Rawrr|Icicle Spear|p2a: Corviknight\n|-damage|p2a: Corviknight|59\/100\n|-damage|p2a: Corviknight|50\/100\n|-damage|p2a: Corviknight|41\/100\n|-damage|p2a: Corviknight|33\/100\n|-damage|p2a: Corviknight|24\/100\n|-hitcount|p2a: Corviknight|5\n|move|p2a: Corviknight|Bulk Up|p2a: Corviknight\n|-boost|p2a: Corviknight|atk|1\n|-boost|p2a: Corviknight|def|1\n|\n|-damage|p1a: Bax go Rawrr|0 fnt|[from] psn\n|faint|p1a: Bax go Rawrr\n|upkeep\n|\n|t:|1697749532\n|switch|p1a: Pip|Empoleon, F, shiny|42\/100\n|turn|30\n|\n|t:|1697749539\n|move|p1a: Pip|Hydro Pump|p2a: Corviknight\n|-damage|p2a: Corviknight|0 fnt\n|faint|p2a: Corviknight\n|\n|-heal|p1a: Pip|48\/100|[from] item: Leftovers\n|upkeep\n|c|\u2606Insigificant Dog|gg\n|c|\u2606Chris Hansen101|Yeah I've lost now. The dragon tail saved you\n|c|\u2606Insigificant Dog|ill have 2 g o\n|\n|t:|1697749561\n|switch|p2a: Appletun|Appletun, M, shiny|47\/100\n|-damage|p2a: Appletun|35\/100|[from] Stealth Rock\n|turn|31\n|c|\u2606Insigificant Dog|after this\n|\n|t:|1697749569\n|move|p1a: Pip|Ice Beam|p2a: Appletun\n|-supereffective|p2a: Appletun\n|-damage|p2a: Appletun|1\/100\n|move|p2a: Appletun|Recover|p2a: Appletun\n|-heal|p2a: Appletun|51\/100\n|\n|-heal|p1a: Pip|54\/100|[from] item: Leftovers\n|-heal|p2a: Appletun|57\/100|[from] item: Leftovers\n|upkeep\n|turn|32\n|c|\u2606Insigificant Dog|same time tommorow maybe\n|\n|t:|1697749591\n|move|p1a: Pip|Ice Beam|p2a: Appletun\n|-supereffective|p2a: Appletun\n|-damage|p2a: Appletun|21\/100\n|move|p2a: Appletun|Amnesia|p2a: Appletun\n|-boost|p2a: Appletun|spd|2\n|\n|-heal|p1a: Pip|60\/100|[from] item: Leftovers\n|-heal|p2a: Appletun|27\/100|[from] item: Leftovers\n|upkeep\n|turn|33\n|\n|t:|1697749601\n|move|p1a: Pip|Ice Beam|p2a: Appletun\n|-supereffective|p2a: Appletun\n|-damage|p2a: Appletun|9\/100\n|move|p2a: Appletun|Recover|p2a: Appletun\n|-heal|p2a: Appletun|59\/100\n|\n|-heal|p1a: Pip|66\/100|[from] item: Leftovers\n|-heal|p2a: Appletun|65\/100|[from] item: Leftovers\n|upkeep\n|turn|34\n|c|\u2606Chris Hansen101|Hold up I've survived\n|\n|t:|1697749620\n|move|p1a: Pip|Air Slash|p2a: Appletun\n|-supereffective|p2a: Appletun\n|-damage|p2a: Appletun|50\/100\n|move|p2a: Appletun|Amnesia|p2a: Appletun\n|-boost|p2a: Appletun|spd|2\n|\n|-heal|p1a: Pip|72\/100|[from] item: Leftovers\n|-heal|p2a: Appletun|56\/100|[from] item: Leftovers\n|upkeep\n|turn|35\n|inactive|Insigificant Dog has 270 seconds left.\n|c|\u2606Insigificant Dog|NO {PHYS MOVES\n|\n|t:|1697749664\n|move|p1a: Pip|Ice Beam|p2a: Appletun\n|-supereffective|p2a: Appletun\n|-damage|p2a: Appletun|45\/100\n|move|p2a: Appletun|Amnesia|p2a: Appletun\n|-boost|p2a: Appletun|spd|2\n|\n|-heal|p1a: Pip|79\/100|[from] item: Leftovers\n|-heal|p2a: Appletun|51\/100|[from] item: Leftovers\n|upkeep\n|turn|36\n|\n|t:|1697749677\n|move|p1a: Pip|Flash Cannon|p2a: Appletun\n|-damage|p2a: Appletun|44\/100\n|move|p2a: Appletun|Recover|p2a: Appletun\n|-heal|p2a: Appletun|94\/100\n|\n|-heal|p1a: Pip|85\/100|[from] item: Leftovers\n|-heal|p2a: Appletun|100\/100|[from] item: Leftovers\n|upkeep\n|turn|37\n|c|\u2606Chris Hansen101|I was meant to be tera steel but apparently I'm grass\n|\n|t:|1697749698\n|move|p1a: Pip|Hydro Pump|p2a: Appletun\n|-resisted|p2a: Appletun\n|-damage|p2a: Appletun|99\/100\n|move|p2a: Appletun|Curse|p2a: Appletun\n|-unboost|p2a: Appletun|spe|1\n|-boost|p2a: Appletun|atk|1\n|-boost|p2a: Appletun|def|1\n|\n|-heal|p1a: Pip|91\/100|[from] item: Leftovers\n|-heal|p2a: Appletun|100\/100|[from] item: Leftovers\n|upkeep\n|turn|38\n|\n|t:|1697749709\n|move|p1a: Pip|Air Slash|p2a: Appletun\n|-supereffective|p2a: Appletun\n|-damage|p2a: Appletun|93\/100\n|move|p2a: Appletun|Curse|p2a: Appletun\n|-unboost|p2a: Appletun|spe|1\n|-boost|p2a: Appletun|atk|1\n|-boost|p2a: Appletun|def|1\n|\n|-heal|p1a: Pip|97\/100|[from] item: Leftovers\n|-heal|p2a: Appletun|99\/100|[from] item: Leftovers\n|upkeep\n|turn|39\n|c|\u2606Insigificant Dog|just KO me\n|\n|t:|1697749725\n|move|p1a: Pip|Air Slash|p2a: Appletun\n|-supereffective|p2a: Appletun\n|-damage|p2a: Appletun|92\/100\n|move|p2a: Appletun|Curse|p2a: Appletun\n|-unboost|p2a: Appletun|spe|1\n|-boost|p2a: Appletun|atk|1\n|-boost|p2a: Appletun|def|1\n|\n|-heal|p1a: Pip|100\/100|[from] item: Leftovers\n|-heal|p2a: Appletun|98\/100|[from] item: Leftovers\n|upkeep\n|turn|40\n|inactive|Chris Hansen101 has 240 seconds left.\n|c|\u2606Chris Hansen101|I can't yet till I'm X4 attack since appletun is a special attacker\n|c|\u2606Insigificant Dog|do you have apple acid\n|inactive|Insigificant Dog has 240 seconds left.\n|c|\u2606Chris Hansen101|Iron head\n|\n|t:|1697749756\n|move|p1a: Pip|Hydro Pump|p2a: Appletun\n|-resisted|p2a: Appletun\n|-damage|p2a: Appletun|96\/100\n|move|p2a: Appletun|Curse|p2a: Appletun\n|-unboost|p2a: Appletun|spe|1\n|-boost|p2a: Appletun|atk|1\n|-boost|p2a: Appletun|def|1\n|\n|-heal|p2a: Appletun|100\/100|[from] item: Leftovers\n|upkeep\n|turn|41\n|inactive|Insigificant Dog has 240 seconds left.\n|inactive|Chris Hansen101 has 240 seconds left.\n|\n|t:|1697749766\n|move|p1a: Pip|Air Slash|p2a: Appletun\n|-supereffective|p2a: Appletun\n|-damage|p2a: Appletun|92\/100\n|move|p2a: Appletun|Curse|p2a: Appletun\n|-unboost|p2a: Appletun|spe|1\n|-boost|p2a: Appletun|atk|1\n|-boost|p2a: Appletun|def|1\n|\n|-heal|p2a: Appletun|99\/100|[from] item: Leftovers\n|upkeep\n|turn|42\n|inactive|Chris Hansen101 has 240 seconds left.\n|c|\u2606Chris Hansen101|I would of been tera steel for the stab bonus\n|\n|t:|1697749788\n|move|p1a: Pip|Air Slash|p2a: Appletun\n|-supereffective|p2a: Appletun\n|-damage|p2a: Appletun|91\/100\n|move|p2a: Appletun|Curse|p2a: Appletun\n|-unboost|p2a: Appletun|spe|1\n|-boost|p2a: Appletun|atk|1\n|-boost|p2a: Appletun|def|1\n|\n|-heal|p2a: Appletun|97\/100|[from] item: Leftovers\n|upkeep\n|turn|43\n|\n|t:|1697749798\n|move|p1a: Pip|Air Slash|p2a: Appletun\n|-supereffective|p2a: Appletun\n|-damage|p2a: Appletun|90\/100\n|move|p2a: Appletun|Iron Head|p1a: Pip\n|-resisted|p1a: Pip\n|-damage|p1a: Pip|86\/100\n|\n|-heal|p1a: Pip|92\/100|[from] item: Leftovers\n|-heal|p2a: Appletun|96\/100|[from] item: Leftovers\n|upkeep\n|turn|44\n|c|\u2606Chris Hansen101|I'll kill you but gonna take a little bit\n|c|\u2606Insigificant Dog|do u wanna do same time tommorow\n|inactive|Insigificant Dog has 240 seconds left.\n|\n|t:|1697749819\n|move|p1a: Pip|Air Slash|p2a: Appletun\n|-supereffective|p2a: Appletun\n|-damage|p2a: Appletun|89\/100\n|move|p2a: Appletun|Iron Head|p1a: Pip\n|-resisted|p1a: Pip\n|-damage|p1a: Pip|76\/100\n|\n|-heal|p1a: Pip|82\/100|[from] item: Leftovers\n|-heal|p2a: Appletun|95\/100|[from] item: Leftovers\n|upkeep\n|turn|45\n|inactive|Insigificant Dog has 240 seconds left.\n|\n|t:|1697749832\n|move|p1a: Pip|Ice Beam|p2a: Appletun\n|-supereffective|p2a: Appletun\n|-damage|p2a: Appletun|86\/100\n|move|p2a: Appletun|Iron Head|p1a: Pip\n|-resisted|p1a: Pip\n|-damage|p1a: Pip|66\/100\n|\n|-heal|p1a: Pip|72\/100|[from] item: Leftovers\n|-heal|p2a: Appletun|92\/100|[from] item: Leftovers\n|upkeep\n|turn|46\n|c|\u2606Chris Hansen101|Maybe depends if I'm busy or not\n|inactive|Insigificant Dog has 240 seconds left.\n|\n|t:|1697749843\n|move|p1a: Pip|Ice Beam|p2a: Appletun\n|-supereffective|p2a: Appletun\n|-damage|p2a: Appletun|83\/100\n|move|p2a: Appletun|Iron Head|p1a: Pip\n|-resisted|p1a: Pip\n|-damage|p1a: Pip|57\/100\n|\n|-heal|p1a: Pip|63\/100|[from] item: Leftovers\n|-heal|p2a: Appletun|89\/100|[from] item: Leftovers\n|upkeep\n|turn|47\n|inactive|Insigificant Dog has 240 seconds left.\n|c|\u2606Insigificant Dog|what time is it in ur time zone\n|c|\u2606Insigificant Dog|10:11 pm here\n|\n|t:|1697749882\n|move|p1a: Pip|Ice Beam|p2a: Appletun\n|-supereffective|p2a: Appletun\n|-damage|p2a: Appletun|80\/100\n|move|p2a: Appletun|Iron Head|p1a: Pip\n|-resisted|p1a: Pip\n|-damage|p1a: Pip|47\/100\n|\n|-heal|p1a: Pip|53\/100|[from] item: Leftovers\n|-heal|p2a: Appletun|86\/100|[from] item: Leftovers\n|upkeep\n|turn|48\n|\n|t:|1697749893\n|move|p1a: Pip|Ice Beam|p2a: Appletun\n|-supereffective|p2a: Appletun\n|-damage|p2a: Appletun|77\/100\n|-status|p2a: Appletun|frz\n|cant|p2a: Appletun|frz\n|\n|-heal|p1a: Pip|59\/100|[from] item: Leftovers\n|-heal|p2a: Appletun|84\/100 frz|[from] item: Leftovers\n|upkeep\n|turn|49\n|inactive|Chris Hansen101 has 210 seconds left.\n|\n|t:|1697749924\n|move|p1a: Pip|Ice Beam|p2a: Appletun\n|-supereffective|p2a: Appletun\n|-damage|p2a: Appletun|75\/100 frz\n|cant|p2a: Appletun|frz\n|\n|-heal|p1a: Pip|66\/100|[from] item: Leftovers\n|-heal|p2a: Appletun|81\/100 frz|[from] item: Leftovers\n|upkeep\n|turn|50\n|inactive|Chris Hansen101 has 210 seconds left.\n|c|\u2606Chris Hansen101|5:11pm\n|c|\u2606Insigificant Dog|coo;\n|\n|t:|1697749943\n|move|p1a: Pip|Ice Beam|p2a: Appletun\n|-supereffective|p2a: Appletun\n|-damage|p2a: Appletun|72\/100 frz\n|cant|p2a: Appletun|frz\n|\n|-heal|p1a: Pip|72\/100|[from] item: Leftovers\n|-heal|p2a: Appletun|78\/100 frz|[from] item: Leftovers\n|upkeep\n|turn|51\n|inactive|Chris Hansen101 has 210 seconds left.\n|\n|t:|1697749952\n|move|p1a: Pip|Ice Beam|p2a: Appletun\n|-supereffective|p2a: Appletun\n|-damage|p2a: Appletun|68\/100 frz\n|cant|p2a: Appletun|frz\n|\n|-heal|p1a: Pip|78\/100|[from] item: Leftovers\n|-heal|p2a: Appletun|75\/100 frz|[from] item: Leftovers\n|upkeep\n|turn|52\n|\n|t:|1697749961\n|move|p1a: Pip|Ice Beam|p2a: Appletun\n|-supereffective|p2a: Appletun\n|-damage|p2a: Appletun|65\/100 frz\n|cant|p2a: Appletun|frz\n|\n|-heal|p1a: Pip|84\/100|[from] item: Leftovers\n|-heal|p2a: Appletun|71\/100 frz|[from] item: Leftovers\n|upkeep\n|turn|53\n|\n|t:|1697749971\n|move|p1a: Pip|Ice Beam|p2a: Appletun\n|-supereffective|p2a: Appletun\n|-damage|p2a: Appletun|62\/100 frz\n|cant|p2a: Appletun|frz\n|\n|-heal|p1a: Pip|90\/100|[from] item: Leftovers\n|-heal|p2a: Appletun|68\/100 frz|[from] item: Leftovers\n|upkeep\n|turn|54\n|inactive|Insigificant Dog has 240 seconds left.\n|c|\u2606Insigificant Dog|NOOOOOoooo\n|c|\u2606Chris Hansen101|This is a battle of attrition\n|c|\u2606Insigificant Dog|i ran out of ice beam PP\n|\n|t:|1697750001\n|move|p1a: Pip|Air Slash|p2a: Appletun\n|-supereffective|p2a: Appletun\n|-damage|p2a: Appletun|60\/100 frz\n|cant|p2a: Appletun|frz\n|\n|-heal|p1a: Pip|96\/100|[from] item: Leftovers\n|-heal|p2a: Appletun|67\/100 frz|[from] item: Leftovers\n|upkeep\n|turn|55\n|c|\u2606Chris Hansen101|No crit for u\n|\n|t:|1697750011\n|move|p1a: Pip|Air Slash|p2a: Appletun\n|-supereffective|p2a: Appletun\n|-damage|p2a: Appletun|59\/100 frz\n|cant|p2a: Appletun|frz\n|\n|-heal|p1a: Pip|100\/100|[from] item: Leftovers\n|-heal|p2a: Appletun|65\/100 frz|[from] item: Leftovers\n|upkeep\n|turn|56\n|c|\u2606Insigificant Dog|air slash maybe\n|c|\u2606Insigificant Dog|crit\n|\n|t:|1697750025\n|move|p1a: Pip|Air Slash|p2a: Appletun\n|-supereffective|p2a: Appletun\n|-damage|p2a: Appletun|57\/100 frz\n|cant|p2a: Appletun|frz\n|\n|-heal|p2a: Appletun|63\/100 frz|[from] item: Leftovers\n|upkeep\n|turn|57\n|c|\u2606Chris Hansen101|Jeusus un freeze me\n|\n|t:|1697750038\n|move|p1a: Pip|Air Slash|p2a: Appletun\n|-supereffective|p2a: Appletun\n|-damage|p2a: Appletun|56\/100 frz\n|cant|p2a: Appletun|frz\n|\n|-heal|p2a: Appletun|62\/100 frz|[from] item: Leftovers\n|upkeep\n|turn|58\n|\n|t:|1697750047\n|move|p1a: Pip|Air Slash|p2a: Appletun\n|-supereffective|p2a: Appletun\n|-damage|p2a: Appletun|54\/100 frz\n|cant|p2a: Appletun|frz\n|\n|-heal|p2a: Appletun|60\/100 frz|[from] item: Leftovers\n|upkeep\n|turn|59\n|inactive|Chris Hansen101 has 240 seconds left.\n|c|\u2606Insigificant Dog|ikr\n|\n|t:|1697750062\n|move|p1a: Pip|Air Slash|p2a: Appletun\n|-supereffective|p2a: Appletun\n|-damage|p2a: Appletun|52\/100 frz\n|cant|p2a: Appletun|frz\n|\n|-heal|p2a: Appletun|58\/100 frz|[from] item: Leftovers\n|upkeep\n|turn|60\n|inactive|Chris Hansen101 has 240 seconds left.\n|c|\u2606Chris Hansen101|I swear it should only last 8 turns max\n|\n|t:|1697750079\n|move|p1a: Pip|Air Slash|p2a: Appletun\n|-supereffective|p2a: Appletun\n|-damage|p2a: Appletun|50\/100 frz\n|cant|p2a: Appletun|frz\n|\n|-heal|p2a: Appletun|57\/100 frz|[from] item: Leftovers\n|upkeep\n|turn|61\n|inactive|Insigificant Dog has 240 seconds left.\n|\n|t:|1697750093\n|move|p1a: Pip|Air Slash|p2a: Appletun\n|-supereffective|p2a: Appletun\n|-damage|p2a: Appletun|49\/100 frz\n|-curestatus|p2a: Appletun|frz|[msg]\n|cant|p2a: Appletun|flinch\n|\n|-heal|p2a: Appletun|55\/100|[from] item: Leftovers\n|upkeep\n|turn|62\n|inactive|Insigificant Dog has 240 seconds left.\n|inactive|Chris Hansen101 has 240 seconds left.\n|c|\u2606Insigificant Dog|turn 48 to turn 61 WOOW lmao\n|c|\u2606Chris Hansen101|Finally\n|\n|t:|1697750114\n|move|p1a: Pip|Air Slash|p2a: Appletun\n|-supereffective|p2a: Appletun\n|-damage|p2a: Appletun|47\/100\n|move|p2a: Appletun|Recover|p2a: Appletun\n|-heal|p2a: Appletun|97\/100\n|\n|-heal|p2a: Appletun|100\/100|[from] item: Leftovers\n|upkeep\n|turn|63\n|\n|t:|1697750123\n|move|p1a: Pip|Air Slash|p2a: Appletun\n|-supereffective|p2a: Appletun\n|-damage|p2a: Appletun|92\/100\n|move|p2a: Appletun|Iron Head|p1a: Pip\n|-resisted|p1a: Pip\n|-damage|p1a: Pip|85\/100\n|\n|-heal|p1a: Pip|91\/100|[from] item: Leftovers\n|-heal|p2a: Appletun|99\/100|[from] item: Leftovers\n|upkeep\n|turn|64\n|\n|t:|1697750133\n|move|p1a: Pip|Air Slash|p2a: Appletun\n|-supereffective|p2a: Appletun\n|-damage|p2a: Appletun|91\/100\n|move|p2a: Appletun|Iron Head|p1a: Pip\n|-resisted|p1a: Pip\n|-damage|p1a: Pip|74\/100\n|\n|-heal|p1a: Pip|81\/100|[from] item: Leftovers\n|-heal|p2a: Appletun|97\/100|[from] item: Leftovers\n|upkeep\n|turn|65\n|inactive|Insigificant Dog has 240 seconds left.\n|\n|t:|1697750143\n|move|p1a: Pip|Air Slash|p2a: Appletun\n|-supereffective|p2a: Appletun\n|-damage|p2a: Appletun|90\/100\n|cant|p2a: Appletun|flinch\n|\n|-heal|p1a: Pip|87\/100|[from] item: Leftovers\n|-heal|p2a: Appletun|96\/100|[from] item: Leftovers\n|upkeep\n|turn|66\n|inactive|Insigificant Dog has 240 seconds left.\n|c|\u2606Chris Hansen101|Thats the worst I've ever been frozen\n|\n|t:|1697750156\n|move|p1a: Pip|Air Slash|p2a: Appletun\n|-supereffective|p2a: Appletun\n|-damage|p2a: Appletun|88\/100\n|move|p2a: Appletun|Iron Head|p1a: Pip\n|-resisted|p1a: Pip\n|-crit|p1a: Pip\n|-damage|p1a: Pip|65\/100\n|\n|-heal|p1a: Pip|71\/100|[from] item: Leftovers\n|-heal|p2a: Appletun|94\/100|[from] item: Leftovers\n|upkeep\n|turn|67\n|\n|t:|1697750166\n|move|p1a: Pip|Hydro Pump|p2a: Appletun\n|-resisted|p2a: Appletun\n|-damage|p2a: Appletun|92\/100\n|move|p2a: Appletun|Iron Head|p1a: Pip\n|-resisted|p1a: Pip\n|-damage|p1a: Pip|56\/100\n|\n|-heal|p1a: Pip|62\/100|[from] item: Leftovers\n|-heal|p2a: Appletun|98\/100|[from] item: Leftovers\n|upkeep\n|turn|68\n|\n|t:|1697750177\n|move|p1a: Pip|Hydro Pump|p2a: Appletun\n|-resisted|p2a: Appletun\n|-damage|p2a: Appletun|96\/100\n|move|p2a: Appletun|Iron Head|p1a: Pip\n|-resisted|p1a: Pip\n|-damage|p1a: Pip|46\/100\n|\n|-heal|p1a: Pip|52\/100|[from] item: Leftovers\n|-heal|p2a: Appletun|100\/100|[from] item: Leftovers\n|upkeep\n|turn|69\n|\n|t:|1697750187\n|move|p1a: Pip|Hydro Pump|p2a: Appletun\n|-resisted|p2a: Appletun\n|-damage|p2a: Appletun|98\/100\n|move|p2a: Appletun|Iron Head|p1a: Pip\n|-resisted|p1a: Pip\n|-damage|p1a: Pip|37\/100\n|\n|-heal|p1a: Pip|44\/100|[from] item: Leftovers\n|-heal|p2a: Appletun|100\/100|[from] item: Leftovers\n|upkeep\n|turn|70\n|inactive|Chris Hansen101 has 270 seconds left.\n|inactive|Insigificant Dog has 240 seconds left.\n|\n|t:|1697750214\n|move|p1a: Pip|Hydro Pump|p2a: Appletun|[miss]\n|-miss|p1a: Pip|p2a: Appletun\n|move|p2a: Appletun|Iron Head|p1a: Pip\n|-resisted|p1a: Pip\n|-damage|p1a: Pip|27\/100\n|\n|-heal|p1a: Pip|33\/100|[from] item: Leftovers\n|upkeep\n|turn|71\n|inactive|Insigificant Dog has 240 seconds left.\n|\n|t:|1697750235\n|move|p1a: Pip|Air Slash|p2a: Appletun\n|-supereffective|p2a: Appletun\n|-damage|p2a: Appletun|93\/100\n|move|p2a: Appletun|Iron Head|p1a: Pip\n|-resisted|p1a: Pip\n|-crit|p1a: Pip\n|-damage|p1a: Pip|11\/100\n|\n|-heal|p1a: Pip|18\/100|[from] item: Leftovers\n|-heal|p2a: Appletun|99\/100|[from] item: Leftovers\n|upkeep\n|turn|72\n|c|\u2606Insigificant Dog|gg mate\n|\n|t:|1697750248\n|move|p1a: Pip|Air Slash|p2a: Appletun\n|-supereffective|p2a: Appletun\n|-crit|p2a: Appletun\n|-damage|p2a: Appletun|58\/100\n|cant|p2a: Appletun|flinch\n|\n|-heal|p1a: Pip|24\/100|[from] item: Leftovers\n|-heal|p2a: Appletun|64\/100|[from] item: Leftovers\n|upkeep\n|turn|73\n|c|\u2606Insigificant Dog|CRITTT\n|\n|t:|1697750264\n|move|p1a: Pip|Air Slash|p2a: Appletun\n|-supereffective|p2a: Appletun\n|-crit|p2a: Appletun\n|-damage|p2a: Appletun|19\/100\n|cant|p2a: Appletun|flinch\n|\n|-heal|p1a: Pip|30\/100|[from] item: Leftovers\n|-heal|p2a: Appletun|25\/100|[from] item: Leftovers\n|upkeep\n|turn|74\n|c|\u2606Chris Hansen101|GG\n|c|\u2606Insigificant Dog|twice inna row\n|c|\u2606Insigificant Dog|OMG\n|\n|t:|1697750280\n|move|p1a: Pip|Air Slash|p2a: Appletun\n|-supereffective|p2a: Appletun\n|-damage|p2a: Appletun|18\/100\n|move|p2a: Appletun|Recover|p2a: Appletun\n|-heal|p2a: Appletun|68\/100\n|\n|-heal|p1a: Pip|36\/100|[from] item: Leftovers\n|-heal|p2a: Appletun|74\/100|[from] item: Leftovers\n|upkeep\n|turn|75\n|c|\u2606Insigificant Dog|grrrrrr\n|c|\u2606Chris Hansen101|I was actually dying there\n|c|\u2606Insigificant Dog|call me furry i dont care\n|inactive|Chris Hansen101 has 270 seconds left.\n|\n|t:|1697750304\n|move|p1a: Pip|Flash Cannon|p2a: Appletun\n|-damage|p2a: Appletun|68\/100\n|move|p2a: Appletun|Iron Head|p1a: Pip\n|-resisted|p1a: Pip\n|-damage|p1a: Pip|21\/100\n|\n|-heal|p1a: Pip|27\/100|[from] item: Leftovers\n|-heal|p2a: Appletun|74\/100|[from] item: Leftovers\n|upkeep\n|turn|76\n|inactive|Chris Hansen101 has 270 seconds left.\n|c|\u2606Chris Hansen101|How to make appltun broken\n|c|\u2606Insigificant Dog|ya\n|\n|t:|1697750324\n|move|p1a: Pip|Flash Cannon|p2a: Appletun\n|-damage|p2a: Appletun|68\/100\n|-unboost|p2a: Appletun|spd|1\n|move|p2a: Appletun|Iron Head|p1a: Pip\n|-resisted|p1a: Pip\n|-damage|p1a: Pip|11\/100\n|\n|-heal|p1a: Pip|17\/100|[from] item: Leftovers\n|-heal|p2a: Appletun|74\/100|[from] item: Leftovers\n|upkeep\n|turn|77\n|c|\u2606Insigificant Dog|with all special attaking emppoleon\n|\n|t:|1697750345\n|move|p1a: Pip|Flash Cannon|p2a: Appletun\n|-damage|p2a: Appletun|67\/100\n|-unboost|p2a: Appletun|spd|1\n|move|p2a: Appletun|Iron Head|p1a: Pip\n|-resisted|p1a: Pip\n|-damage|p1a: Pip|2\/100\n|\n|-heal|p1a: Pip|8\/100|[from] item: Leftovers\n|-heal|p2a: Appletun|73\/100|[from] item: Leftovers\n|upkeep\n|turn|78\n|\n|t:|1697750355\n|move|p1a: Pip|Flash Cannon|p2a: Appletun\n|-damage|p2a: Appletun|65\/100\n|move|p2a: Appletun|Iron Head|p1a: Pip\n|-resisted|p1a: Pip\n|-damage|p1a: Pip|0 fnt\n|faint|p1a: Pip\n|\n|win|Chris Hansen101\n|c|\u2606Insigificant Dog|gg\n|c|\u2606Insigificant Dog|bye\n|c|\u2606Chris Hansen101|GG\n","uploadtime":1697750367,"views":8,"p1id":"insigificantdog","p2id":"chrishansen101","formatid":"gen9anythinggoes","rating":0,"private":0,"password":""}