{"id":"gen9anythinggoes-1981997049","p1":"CertifiedDumbass1","p2":"FLOOR IT","format":"[Gen 9] Anything Goes","log":"|j|\u2606CertifiedDumbass1\n|j|\u2606FLOOR IT\n|t:|1698958191\n|gametype|singles\n|player|p1|CertifiedDumbass1|170|\n|player|p2|FLOOR IT|cynthia-masters|\n|teamsize|p1|6\n|teamsize|p2|6\n|gen|9\n|tier|[Gen 9] Anything Goes\n|rule|HP Percentage Mod: HP is shown in percentages\n|rule|Endless Battle Clause: Forcing endless battles is banned\n|clearpoke\n|poke|p1|Urshifu-*, M|\n|poke|p1|Chandelure, M|\n|poke|p1|Torterra, F|\n|poke|p1|Kilowattrel, F|\n|poke|p1|Munkidori, M|\n|poke|p1|Talonflame, F|\n|poke|p2|Milotic, F|\n|poke|p2|Lycanroc-Dusk, M|\n|poke|p2|Quagsire, M|\n|poke|p2|Shaymin|\n|poke|p2|Garchomp, F|\n|poke|p2|Diancie|\n|teampreview\n|j| alexwave55\n|c|\u2606FLOOR IT|you get no good luck have fun from me Noah\n|c|\u2606FLOOR IT|just a mild afternoon\n|c| alexwave55|glhf\n|j| Frosty458\n|\n|t:|1698958241\n|start\n|switch|p1a: Mast-Ur Shifu|Urshifu-Rapid-Strike, M|100\/100\n|switch|p2a: Elysia|Diancie|100\/100\n|turn|1\n|c|\u2606CertifiedDumbass1|unfortunately for you, I didn't bring ting lu so i don't need your luck\n|\n|t:|1698958269\n|switch|p2a: Lad|Quagsire, M|100\/100\n|move|p1a: Mast-Ur Shifu|Swords Dance|p1a: Mast-Ur Shifu\n|-boost|p1a: Mast-Ur Shifu|atk|2\n|\n|upkeep\n|turn|2\n|\n|t:|1698958275\n|move|p1a: Mast-Ur Shifu|Swords Dance|p1a: Mast-Ur Shifu\n|-boost|p1a: Mast-Ur Shifu|atk|2\n|move|p2a: Lad|Toxic|p1a: Mast-Ur Shifu\n|-status|p1a: Mast-Ur Shifu|tox\n|\n|-damage|p1a: Mast-Ur Shifu|94\/100 tox|[from] psn\n|upkeep\n|turn|3\n|\n|t:|1698958289\n|move|p1a: Mast-Ur Shifu|Drain Punch|p2a: Lad\n|-damage|p2a: Lad|7\/100\n|-heal|p1a: Mast-Ur Shifu|100\/100 tox|[from] drain|[of] p2a: Lad\n|move|p2a: Lad|Earthquake|p1a: Mast-Ur Shifu\n|-damage|p1a: Mast-Ur Shifu|71\/100 tox\n|\n|-damage|p1a: Mast-Ur Shifu|58\/100 tox|[from] psn\n|upkeep\n|turn|4\n|\n|t:|1698958321\n|move|p1a: Mast-Ur Shifu|Drain Punch|p2a: Lad\n|-damage|p2a: Lad|0 fnt\n|-heal|p1a: Mast-Ur Shifu|62\/100 tox|[from] drain|[of] p2a: Lad\n|faint|p2a: Lad\n|\n|-damage|p1a: Mast-Ur Shifu|44\/100 tox|[from] psn\n|upkeep\n|\n|t:|1698958357\n|switch|p2a: Kairi|Milotic, F, shiny|100\/100\n|turn|5\n|\n|t:|1698958388\n|move|p1a: Mast-Ur Shifu|Drain Punch|p2a: Kairi\n|-damage|p2a: Kairi|0 fnt\n|-heal|p1a: Mast-Ur Shifu|98\/100 tox|[from] drain|[of] p2a: Kairi\n|faint|p2a: Kairi\n|\n|-damage|p1a: Mast-Ur Shifu|74\/100 tox|[from] psn\n|upkeep\n|\n|t:|1698958430\n|switch|p2a: Elysia|Diancie|100\/100\n|turn|6\n|\n|t:|1698958437\n|-terastallize|p2a: Elysia|Water\n|move|p1a: Mast-Ur Shifu|Surging Strikes|p2a: Elysia\n|-resisted|p2a: Elysia\n|-crit|p2a: Elysia\n|-damage|p2a: Elysia|79\/100\n|-resisted|p2a: Elysia\n|-crit|p2a: Elysia\n|-damage|p2a: Elysia|59\/100\n|-resisted|p2a: Elysia\n|-crit|p2a: Elysia\n|-damage|p2a: Elysia|38\/100\n|-hitcount|p2a: Elysia|3\n|move|p2a: Elysia|Draining Kiss|p1a: Mast-Ur Shifu\n|-supereffective|p1a: Mast-Ur Shifu\n|-crit|p1a: Mast-Ur Shifu\n|-damage|p1a: Mast-Ur Shifu|0 fnt\n|-heal|p2a: Elysia|100\/100|[from] drain|[of] p1a: Mast-Ur Shifu\n|faint|p1a: Mast-Ur Shifu\n|\n|upkeep\n|\n|t:|1698958463\n|switch|p1a: Chandelure|Munkidori, M|100\/100\n|turn|7\n|\n|t:|1698958508\n|move|p1a: Chandelure|Fake Out|p2a: Elysia\n|-damage|p2a: Elysia|96\/100\n|-status|p2a: Elysia|tox|[from] ability: Toxic Chain|[of] p1a: Chandelure\n|cant|p2a: Elysia|flinch\n|\n|-damage|p2a: Elysia|90\/100 tox|[from] psn\n|upkeep\n|turn|8\n|\n|t:|1698958521\n|move|p1a: Chandelure|Venoshock|p2a: Elysia\n|-damage|p2a: Elysia|39\/100 tox\n|move|p2a: Elysia|Diamond Storm|p1a: Chandelure\n|-crit|p1a: Chandelure\n|-damage|p1a: Chandelure|18\/100\n|-boost|p2a: Elysia|def|2\n|\n|-heal|p1a: Chandelure|24\/100|[from] item: Black Sludge\n|-damage|p2a: Elysia|27\/100 tox|[from] psn\n|upkeep\n|turn|9\n|\n|t:|1698958557\n|switch|p2a: Repede|Lycanroc-Dusk, M|100\/100\n|move|p1a: Chandelure|Venoshock|p2a: Repede\n|-resisted|p2a: Repede\n|-damage|p2a: Repede|70\/100\n|\n|-heal|p1a: Chandelure|30\/100|[from] item: Black Sludge\n|upkeep\n|turn|10\n|\n|t:|1698958573\n|move|p2a: Repede|Accelerock|p1a: Chandelure\n|-damage|p1a: Chandelure|0 fnt\n|faint|p1a: Chandelure\n|\n|upkeep\n|\n|t:|1698958587\n|switch|p1a: real life turtle|Torterra, F, shiny|100\/100\n|turn|11\n|\n|t:|1698958601\n|switch|p2a: Velvet|Garchomp, F|100\/100\n|move|p1a: real life turtle|Shell Smash|p1a: real life turtle\n|-unboost|p1a: real life turtle|def|1\n|-unboost|p1a: real life turtle|spd|1\n|-boost|p1a: real life turtle|atk|2\n|-boost|p1a: real life turtle|spa|2\n|-boost|p1a: real life turtle|spe|2\n|-enditem|p1a: real life turtle|White Herb\n|-clearnegativeboost|p1a: real life turtle|[silent]\n|\n|upkeep\n|turn|12\n|\n|t:|1698958626\n|-terastallize|p1a: real life turtle|Water\n|move|p1a: real life turtle|Earthquake|p2a: Velvet\n|-crit|p2a: Velvet\n|-damage|p2a: Velvet|0 fnt\n|faint|p2a: Velvet\n|\n|upkeep\n|\n|t:|1698958656\n|switch|p2a: Seele|Shaymin, shiny|100\/100\n|turn|13\n|\n|t:|1698958664\n|switch|p1a: Krill-o-wattrel|Kilowattrel, F|100\/100\n|move|p2a: Seele|Seed Flare|p1a: Krill-o-wattrel\n|-resisted|p1a: Krill-o-wattrel\n|-damage|p1a: Krill-o-wattrel|66\/100\n|-unboost|p1a: Krill-o-wattrel|spd|2\n|-ability|p1a: Krill-o-wattrel|Competitive|boost\n|-boost|p1a: Krill-o-wattrel|spa|2\n|\n|upkeep\n|turn|14\n|c|\u2606FLOOR IT|well thats unfortunate\n|c|\u2606CertifiedDumbass1|it was planned\n|\n|t:|1698958717\n|switch|p2a: Repede|Lycanroc-Dusk, M|70\/100\n|move|p1a: Krill-o-wattrel|Air Slash|p2a: Repede\n|-resisted|p2a: Repede\n|-damage|p2a: Repede|17\/100\n|\n|upkeep\n|turn|15\n|\n|t:|1698958727\n|move|p2a: Repede|Accelerock|p1a: Krill-o-wattrel\n|-supereffective|p1a: Krill-o-wattrel\n|-crit|p1a: Krill-o-wattrel\n|-damage|p1a: Krill-o-wattrel|0 fnt\n|faint|p1a: Krill-o-wattrel\n|\n|upkeep\n|\n|t:|1698958739\n|switch|p1a: real life turtle|Torterra, F, shiny, tera:Water|100\/100\n|turn|16\n|\n|t:|1698958746\n|move|p2a: Repede|Accelerock|p1a: real life turtle\n|-damage|p1a: real life turtle|64\/100\n|move|p1a: real life turtle|Earthquake|p2a: Repede\n|-supereffective|p2a: Repede\n|-crit|p2a: Repede\n|-damage|p2a: Repede|0 fnt\n|faint|p2a: Repede\n|\n|upkeep\n|\n|t:|1698958753\n|switch|p2a: Seele|Shaymin, shiny|100\/100\n|turn|17\n|\n|t:|1698958773\n|switch|p1a: Jimmy FallonTlame|Talonflame, F|100\/100\n|move|p2a: Seele|Substitute|p2a: Seele\n|-start|p2a: Seele|Substitute\n|-damage|p2a: Seele|75\/100\n|\n|-heal|p2a: Seele|82\/100|[from] item: Leftovers\n|upkeep\n|turn|18\n|\n|t:|1698958797\n|move|p1a: Jimmy FallonTlame|Dual Wingbeat|p2a: Seele\n|-supereffective|p2a: Seele\n|-end|p2a: Seele|Substitute\n|-supereffective|p2a: Seele\n|-damage|p2a: Seele|56\/100\n|-hitcount|p2a: Seele|2\n|move|p2a: Seele|Leech Seed|p1a: Jimmy FallonTlame\n|-start|p1a: Jimmy FallonTlame|move: Leech Seed\n|\n|-heal|p2a: Seele|63\/100|[from] item: Leftovers\n|-damage|p1a: Jimmy FallonTlame|88\/100|[from] Leech Seed|[of] p2a: Seele\n|-heal|p2a: Seele|72\/100|[silent]\n|upkeep\n|turn|19\n|l| Frosty458\n|\n|t:|1698958821\n|move|p1a: Jimmy FallonTlame|Dual Wingbeat|p2a: Seele\n|-supereffective|p2a: Seele\n|-damage|p2a: Seele|48\/100\n|-supereffective|p2a: Seele\n|-crit|p2a: Seele\n|-damage|p2a: Seele|9\/100\n|-hitcount|p2a: Seele|2\n|move|p2a: Seele|Tera Blast|p1a: Jimmy FallonTlame\n|-crit|p1a: Jimmy FallonTlame\n|-damage|p1a: Jimmy FallonTlame|47\/100\n|\n|-heal|p2a: Seele|15\/100|[from] item: Leftovers\n|-damage|p1a: Jimmy FallonTlame|35\/100|[from] Leech Seed|[of] p2a: Seele\n|-heal|p2a: Seele|25\/100|[silent]\n|upkeep\n|turn|20\n|\n|t:|1698958837\n|move|p1a: Jimmy FallonTlame|Flare Blitz|p2a: Seele\n|-supereffective|p2a: Seele\n|-damage|p2a: Seele|0 fnt\n|faint|p2a: Seele\n|-damage|p1a: Jimmy FallonTlame|25\/100|[from] Recoil\n|\n|upkeep\n|\n|t:|1698958842\n|switch|p2a: Elysia|Diancie, tera:Water|27\/100 tox\n|turn|21\n|\n|t:|1698958851\n|move|p1a: Jimmy FallonTlame|Dual Wingbeat|p2a: Elysia\n|-damage|p2a: Elysia|16\/100 tox\n|-damage|p2a: Elysia|6\/100 tox\n|-hitcount|p2a: Elysia|2\n|move|p2a: Elysia|Diamond Storm|p1a: Jimmy FallonTlame\n|-supereffective|p1a: Jimmy FallonTlame\n|-damage|p1a: Jimmy FallonTlame|0 fnt\n|-boost|p2a: Elysia|def|2\n|faint|p1a: Jimmy FallonTlame\n|\n|-damage|p2a: Elysia|0 fnt|[from] psn\n|faint|p2a: Elysia\n|\n|win|CertifiedDumbass1\n|upkeep\n|c|\u2606FLOOR IT|gg\n|c|\u2606CertifiedDumbass1|ggwp\n|c|\u2606CertifiedDumbass1|nt\n|c|\u2606FLOOR IT|aw\n|j| dancingnightmare\n|l|\u2606FLOOR IT\n|l| dancingnightmare\n","uploadtime":1698958950,"views":19,"p1id":"certifieddumbass1","p2id":"floorit","formatid":"gen9anythinggoes","rating":0,"private":0,"password":""}