{"id":"gen9anythinggoes-1981706046","p1":"hoenn militian","p2":"jojo5394","format":"[Gen 9] Anything Goes","log":"|j|\u2606hoenn militian\n|j|\u2606jojo5394\n|t:|1698935306\n|gametype|singles\n|player|p1|hoenn militian|102|1859\n|player|p2|jojo5394|265|1728\n|teamsize|p1|6\n|teamsize|p2|6\n|gen|9\n|tier|[Gen 9] Anything Goes\n|rated|\n|rule|HP Percentage Mod: HP is shown in percentages\n|rule|Endless Battle Clause: Forcing endless battles is banned\n|clearpoke\n|poke|p1|Miraidon|\n|poke|p1|Grimmsnarl, M|\n|poke|p1|Skeledirge, F|\n|poke|p1|Blissey, F|\n|poke|p1|Moltres|\n|poke|p1|Calyrex-Ice|\n|poke|p2|Calyrex-Shadow|\n|poke|p2|Arceus-Ground|\n|poke|p2|Zacian-*|\n|poke|p2|Miraidon|\n|poke|p2|Skeledirge, M|\n|poke|p2|Glimmora, F|\n|teampreview\n|\n|t:|1698935344\n|start\n|switch|p1a: Miraidon|Miraidon|100\/100\n|switch|p2a: Glimmora|Glimmora, F|100\/100\n|-fieldstart|move: Electric Terrain|[from] ability: Hadron Engine|[of] p1a: Miraidon\n|turn|1\n|\n|t:|1698935351\n|switch|p2a: Arceus|Arceus-Ground|100\/100\n|move|p1a: Miraidon|Dragon Pulse|p2a: Arceus\n|-damage|p2a: Arceus|57\/100\n|\n|upkeep\n|turn|2\n|\n|t:|1698935357\n|move|p1a: Miraidon|U-turn|p2a: Arceus\n|-damage|p2a: Arceus|48\/100\n|\n|t:|1698935360\n|switch|p1a: Moltres|Moltres|100\/100|[from] U-turn\n|move|p2a: Arceus|Dragon Dance|p2a: Arceus\n|-boost|p2a: Arceus|atk|1\n|-boost|p2a: Arceus|spe|1\n|\n|upkeep\n|turn|3\n|\n|t:|1698935367\n|move|p2a: Arceus|Extreme Speed|p1a: Moltres\n|-damage|p1a: Moltres|71\/100\n|move|p1a: Moltres|Will-O-Wisp|p2a: Arceus\n|-status|p2a: Arceus|brn\n|\n|-damage|p2a: Arceus|42\/100 brn|[from] brn\n|upkeep\n|turn|4\n|\n|t:|1698935376\n|switch|p2a: Miraidon|Miraidon|100\/100\n|-activate|p2a: Miraidon|ability: Hadron Engine\n|move|p1a: Moltres|Roost|p1a: Moltres\n|-heal|p1a: Moltres|100\/100\n|-singleturn|p1a: Moltres|move: Roost\n|\n|upkeep\n|turn|5\n|\n|t:|1698935386\n|switch|p1a: Blissey|Blissey, F|100\/100\n|move|p2a: Miraidon|Volt Switch|p1a: Blissey\n|-crit|p1a: Blissey\n|-damage|p1a: Blissey|75\/100\n|\n|t:|1698935409\n|switch|p2a: Glimmora|Glimmora, F|100\/100|[from] Volt Switch\n|\n|-fieldend|move: Electric Terrain\n|upkeep\n|turn|6\n|\n|t:|1698935415\n|move|p2a: Glimmora|Toxic Spikes|p1a: Blissey\n|-sidestart|p1: hoenn militian|move: Toxic Spikes\n|move|p1a: Blissey|Seismic Toss|p2a: Glimmora\n|-damage|p2a: Glimmora|68\/100\n|\n|upkeep\n|turn|7\n|\n|t:|1698935425\n|switch|p1a: Miraidon|Miraidon|100\/100\n|-fieldstart|move: Electric Terrain|[from] ability: Hadron Engine|[of] p1a: Miraidon\n|move|p2a: Glimmora|Toxic Spikes|p1a: Miraidon\n|-sidestart|p1: hoenn militian|move: Toxic Spikes\n|\n|upkeep\n|turn|8\n|\n|t:|1698935434\n|move|p1a: Miraidon|Electro Drift|p2a: Glimmora\n|-damage|p2a: Glimmora|0 fnt\n|faint|p2a: Glimmora\n|\n|upkeep\n|\n|t:|1698935454\n|switch|p2a: Calyrex|Calyrex-Shadow|100\/100\n|-ability|p2a: Calyrex|As One\n|-ability|p2a: Calyrex|Unnerve\n|turn|9\n|\n|t:|1698935461\n|move|p2a: Calyrex|Nasty Plot|p2a: Calyrex\n|-boost|p2a: Calyrex|spa|2\n|move|p1a: Miraidon|Electro Drift|p2a: Calyrex\n|-damage|p2a: Calyrex|7\/100\n|\n|upkeep\n|turn|10\n|\n|t:|1698935481\n|switch|p1a: Blissey|Blissey, F|75\/100\n|move|p2a: Calyrex|Astral Barrage|p1a: Blissey\n|-immune|p1a: Blissey\n|\n|upkeep\n|turn|11\n|\n|t:|1698935488\n|switch|p1a: Grimmsnarl|Grimmsnarl, M|100\/100\n|move|p2a: Calyrex|Psychic|p1a: Grimmsnarl\n|-immune|p1a: Grimmsnarl\n|\n|-fieldend|move: Electric Terrain\n|upkeep\n|turn|12\n|\n|t:|1698935495\n|move|p1a: Grimmsnarl|Sucker Punch|p2a: Calyrex\n|-supereffective|p2a: Calyrex\n|-damage|p2a: Calyrex|0 fnt\n|faint|p2a: Calyrex\n|\n|upkeep\n|\n|t:|1698935507\n|switch|p2a: Zacian|Zacian-Crowned|100\/100\n|-ability|p2a: Zacian|Intrepid Sword|boost\n|-boost|p2a: Zacian|atk|1\n|turn|13\n|\n|t:|1698935516\n|move|p1a: Grimmsnarl|Parting Shot|p2a: Zacian\n|-unboost|p2a: Zacian|atk|1\n|-unboost|p2a: Zacian|spa|1\n|\n|t:|1698935521\n|switch|p1a: Skeledirge|Skeledirge, F|100\/100|[from] Parting Shot\n|move|p2a: Zacian|Behemoth Blade|p1a: Skeledirge\n|-resisted|p1a: Skeledirge\n|-damage|p1a: Skeledirge|84\/100\n|\n|upkeep\n|turn|14\n|\n|t:|1698935529\n|switch|p2a: Skeledirge|Skeledirge, M|100\/100\n|move|p1a: Skeledirge|Hex|p2a: Skeledirge\n|-supereffective|p2a: Skeledirge\n|-damage|p2a: Skeledirge|68\/100\n|\n|-heal|p2a: Skeledirge|74\/100|[from] item: Leftovers\n|upkeep\n|turn|15\n|\n|t:|1698935536\n|switch|p1a: Miraidon|Miraidon|100\/100\n|-fieldstart|move: Electric Terrain|[from] ability: Hadron Engine|[of] p1a: Miraidon\n|move|p2a: Skeledirge|Slack Off|p2a: Skeledirge\n|-heal|p2a: Skeledirge|100\/100\n|\n|upkeep\n|turn|16\n|\n|t:|1698935544\n|switch|p2a: Arceus|Arceus-Ground|42\/100 brn\n|move|p1a: Miraidon|Dragon Pulse|p2a: Arceus\n|-damage|p2a: Arceus|0 fnt\n|faint|p2a: Arceus\n|\n|upkeep\n|\n|t:|1698935551\n|switch|p2a: Miraidon|Miraidon|100\/100\n|-activate|p2a: Miraidon|ability: Hadron Engine\n|turn|17\n|\n|t:|1698935556\n|move|p1a: Miraidon|Protect|p1a: Miraidon\n|-singleturn|p1a: Miraidon|Protect\n|move|p2a: Miraidon|Dazzling Gleam|p1a: Miraidon\n|-activate|p1a: Miraidon|move: Protect\n|\n|upkeep\n|turn|18\n|\n|t:|1698935562\n|switch|p2a: Zacian|Zacian-Crowned|100\/100\n|switch|p1a: Blissey|Blissey, F|75\/100\n|\n|upkeep\n|turn|19\n|\n|t:|1698935570\n|switch|p2a: Skeledirge|Skeledirge, M|100\/100\n|switch|p1a: Skeledirge|Skeledirge, F|84\/100\n|\n|-fieldend|move: Electric Terrain\n|upkeep\n|turn|20\n|\n|t:|1698935581\n|move|p1a: Skeledirge|Hex|p2a: Skeledirge\n|-supereffective|p2a: Skeledirge\n|-damage|p2a: Skeledirge|64\/100\n|move|p2a: Skeledirge|Torch Song|p1a: Skeledirge\n|-resisted|p1a: Skeledirge\n|-damage|p1a: Skeledirge|67\/100\n|-boost|p2a: Skeledirge|spa|1\n|\n|-heal|p2a: Skeledirge|70\/100|[from] item: Leftovers\n|upkeep\n|turn|21\n|\n|t:|1698935593\n|switch|p1a: Miraidon|Miraidon|100\/100\n|-fieldstart|move: Electric Terrain|[from] ability: Hadron Engine|[of] p1a: Miraidon\n|move|p2a: Skeledirge|Hex|p1a: Miraidon\n|-damage|p1a: Miraidon|67\/100\n|\n|-heal|p2a: Skeledirge|76\/100|[from] item: Leftovers\n|upkeep\n|turn|22\n|\n|t:|1698935601\n|move|p1a: Miraidon|Electro Drift|p2a: Skeledirge\n|-damage|p2a: Skeledirge|8\/100\n|move|p2a: Skeledirge|Slack Off|p2a: Skeledirge\n|-heal|p2a: Skeledirge|58\/100\n|\n|-heal|p2a: Skeledirge|64\/100|[from] item: Leftovers\n|upkeep\n|turn|23\n|\n|t:|1698935610\n|move|p1a: Miraidon|Electro Drift|p2a: Skeledirge\n|-damage|p2a: Skeledirge|0 fnt\n|faint|p2a: Skeledirge\n|\n|upkeep\n|\n|t:|1698935613\n|switch|p2a: Miraidon|Miraidon|100\/100\n|-activate|p2a: Miraidon|ability: Hadron Engine\n|turn|24\n|\n|t:|1698935618\n|move|p1a: Miraidon|Protect|p1a: Miraidon\n|-singleturn|p1a: Miraidon|Protect\n|move|p2a: Miraidon|Volt Switch|p1a: Miraidon\n|-activate|p1a: Miraidon|move: Protect\n|\n|upkeep\n|turn|25\n|\n|t:|1698935624\n|move|p2a: Miraidon|Volt Switch|p1a: Miraidon\n|-resisted|p1a: Miraidon\n|-damage|p1a: Miraidon|53\/100\n|\n|t:|1698935627\n|switch|p2a: Zacian|Zacian-Crowned|100\/100|[from] Volt Switch\n|move|p1a: Miraidon|Electro Drift|p2a: Zacian\n|-damage|p2a: Zacian|10\/100\n|\n|-fieldend|move: Electric Terrain\n|upkeep\n|turn|26\n|\n|t:|1698935635\n|switch|p1a: Moltres|Moltres|100\/100\n|move|p2a: Zacian|Play Rough|p1a: Moltres\n|-resisted|p1a: Moltres\n|-damage|p1a: Moltres|83\/100\n|\n|upkeep\n|turn|27\n|c|\u2606jojo5394|do you have all heavy duty boots\n|c|\u2606hoenn militian|yes\n|c|\u2606jojo5394|:|\n|-message|jojo5394 forfeited.\n|\n|win|hoenn militian\n|raw|hoenn militian's rating: 1859 &rarr; <strong>1872<\/strong><br \/>(+13 for winning)\n|raw|jojo5394's rating: 1728 &rarr; <strong>1715<\/strong><br \/>(-13 for losing)\n|l|\u2606jojo5394\n","uploadtime":1698935700,"views":10,"p1id":"hoennmilitian","p2id":"jojo5394","formatid":"gen9anythinggoes","rating":1715,"private":0,"password":""}