{"id":"gen9anythinggoes-1998899401","p1":"Rickey52011","p2":"Aziii","format":"[Gen 9] Anything Goes","log":"|j|\u2606Rickey52011\n|j|\u2606Aziii\n|t:|1701010478\n|gametype|singles\n|player|p1|Rickey52011|1|1113\n|player|p2|Aziii|265|1122\n|teamsize|p1|6\n|teamsize|p2|6\n|gen|9\n|tier|[Gen 9] Anything Goes\n|rated|\n|rule|HP Percentage Mod: HP is shown in percentages\n|rule|Endless Battle Clause: Forcing endless battles is banned\n|clearpoke\n|poke|p1|Volcanion|\n|poke|p1|Blissey, F|\n|poke|p1|Calyrex-Shadow|\n|poke|p1|Arceus-Dragon|\n|poke|p1|Zacian-*|\n|poke|p1|Miraidon|\n|poke|p2|Groudon|\n|poke|p2|Quaquaval, F|\n|poke|p2|Dunsparce, F|\n|poke|p2|Zacian-*|\n|poke|p2|Rayquaza|\n|poke|p2|Ursaluna, F|\n|teampreview\n|\n|t:|1701010485\n|start\n|switch|p1a: krakatoa|Volcanion|100\/100\n|switch|p2a: DUN POWER|Dunsparce, F|100\/100\n|turn|1\n|\n|t:|1701010501\n|move|p1a: krakatoa|Overheat|p2a: DUN POWER\n|-damage|p2a: DUN POWER|46\/100\n|-unboost|p1a: krakatoa|spa|2\n|move|p2a: DUN POWER|Coil|p2a: DUN POWER\n|-boost|p2a: DUN POWER|atk|1\n|-boost|p2a: DUN POWER|def|1\n|-boost|p2a: DUN POWER|accuracy|1\n|\n|upkeep\n|turn|2\n|\n|t:|1701010510\n|move|p1a: krakatoa|Body Slam|p2a: DUN POWER\n|-damage|p2a: DUN POWER|38\/100\n|-status|p2a: DUN POWER|par\n|move|p2a: DUN POWER|Roost|p2a: DUN POWER\n|-heal|p2a: DUN POWER|88\/100 par\n|-singleturn|p2a: DUN POWER|move: Roost\n|\n|upkeep\n|turn|3\n|c|\u2606Rickey52011|no no no no\n|\n|t:|1701010531\n|move|p1a: krakatoa|Body Slam|p2a: DUN POWER\n|-damage|p2a: DUN POWER|80\/100 par\n|move|p2a: DUN POWER|Agility|p2a: DUN POWER\n|-boost|p2a: DUN POWER|spe|2\n|\n|upkeep\n|turn|4\n|\n|t:|1701010539\n|move|p1a: krakatoa|Hydro Pump|p2a: DUN POWER\n|-damage|p2a: DUN POWER|59\/100 par\n|move|p2a: DUN POWER|Coil|p2a: DUN POWER\n|-boost|p2a: DUN POWER|atk|1\n|-boost|p2a: DUN POWER|def|1\n|-boost|p2a: DUN POWER|accuracy|1\n|\n|upkeep\n|turn|5\n|\n|t:|1701010555\n|move|p1a: krakatoa|Overheat|p2a: DUN POWER\n|-damage|p2a: DUN POWER|34\/100 par\n|-unboost|p1a: krakatoa|spa|2\n|move|p2a: DUN POWER|Coil|p2a: DUN POWER\n|-boost|p2a: DUN POWER|atk|1\n|-boost|p2a: DUN POWER|def|1\n|-boost|p2a: DUN POWER|accuracy|1\n|\n|upkeep\n|turn|6\n|c|\u2606Rickey52011|im having flash backs\n|\n|t:|1701010564\n|move|p1a: krakatoa|Overheat|p2a: DUN POWER\n|-damage|p2a: DUN POWER|18\/100 par\n|-unboost|p1a: krakatoa|spa|2\n|move|p2a: DUN POWER|Roost|p2a: DUN POWER\n|-heal|p2a: DUN POWER|68\/100 par\n|-singleturn|p2a: DUN POWER|move: Roost\n|\n|upkeep\n|turn|7\n|\n|t:|1701010576\n|switch|p1a: Zeus|Miraidon|100\/100\n|-fieldstart|move: Electric Terrain|[from] ability: Hadron Engine|[of] p1a: Zeus\n|cant|p2a: DUN POWER|par\n|\n|upkeep\n|turn|8\n|\n|t:|1701010586\n|move|p1a: Zeus|Electro Drift|p2a: DUN POWER\n|-damage|p2a: DUN POWER|5\/100 par\n|-damage|p1a: Zeus|91\/100|[from] item: Life Orb\n|move|p2a: DUN POWER|Baton Pass|p2a: DUN POWER\n|\n|t:|1701010600\n|switch|p2a: Groudon|Groudon|100\/100|[from] Baton Pass\n|-weather|SunnyDay|[from] ability: Drought|[of] p2a: Groudon\n|\n|-weather|SunnyDay|[upkeep]\n|upkeep\n|turn|9\n|\n|t:|1701010614\n|move|p2a: Groudon|Precipice Blades|p1a: Zeus\n|-supereffective|p1a: Zeus\n|-damage|p1a: Zeus|0 fnt\n|faint|p1a: Zeus\n|\n|-weather|SunnyDay|[upkeep]\n|upkeep\n|\n|t:|1701010620\n|switch|p1a: Guts|Zacian-Crowned|100\/100\n|-ability|p1a: Guts|Intrepid Sword|boost\n|-boost|p1a: Guts|atk|1\n|turn|10\n|\n|t:|1701010631\n|move|p2a: Groudon|Precipice Blades|p1a: Guts\n|-supereffective|p1a: Guts\n|-damage|p1a: Guts|0 fnt\n|faint|p1a: Guts\n|\n|-weather|SunnyDay|[upkeep]\n|upkeep\n|\n|t:|1701010638\n|switch|p1a: krakatoa|Volcanion|100\/100\n|turn|11\n|\n|t:|1701010646\n|-terastallize|p2a: Groudon|Fairy\n|move|p2a: Groudon|Zen Headbutt|p1a: krakatoa\n|-damage|p1a: krakatoa|41\/100\n|move|p1a: krakatoa|Overheat|p2a: Groudon\n|-damage|p2a: Groudon|0 fnt\n|-unboost|p1a: krakatoa|spa|2\n|faint|p2a: Groudon\n|\n|-weather|SunnyDay|[upkeep]\n|-fieldend|move: Electric Terrain\n|upkeep\n|c|\u2606Rickey52011|yes\n|\n|t:|1701010662\n|switch|p2a: Quaquaval|Quaquaval, F|100\/100\n|turn|12\n|\n|t:|1701010669\n|move|p2a: Quaquaval|Aqua Step|p1a: krakatoa\n|-heal|p1a: krakatoa|66\/100|[from] ability: Water Absorb|[of] p2a: Quaquaval\n|move|p1a: krakatoa|Body Slam|p2a: Quaquaval\n|-damage|p2a: Quaquaval|76\/100\n|\n|-weather|none\n|-heal|p2a: Quaquaval|83\/100|[from] item: Leftovers\n|upkeep\n|turn|13\n|c|\u2606Rickey52011|water absorb bi---\n|\n|t:|1701010704\n|move|p2a: Quaquaval|U-turn|p1a: krakatoa\n|-resisted|p1a: krakatoa\n|-damage|p1a: krakatoa|57\/100\n|\n|t:|1701010715\n|switch|p2a: Ursaluna|Ursaluna, F, shiny|100\/100|[from] U-turn\n|move|p1a: krakatoa|Body Slam|p2a: Ursaluna\n|-damage|p2a: Ursaluna|85\/100\n|\n|-status|p2a: Ursaluna|brn|[from] item: Flame Orb\n|upkeep\n|turn|14\n|\n|t:|1701010728\n|move|p1a: krakatoa|Body Slam|p2a: Ursaluna\n|-damage|p2a: Ursaluna|70\/100 brn\n|move|p2a: Ursaluna|Facade|p1a: krakatoa\n|-damage|p1a: krakatoa|0 fnt\n|faint|p1a: krakatoa\n|\n|-damage|p2a: Ursaluna|64\/100 brn|[from] brn\n|upkeep\n|\n|t:|1701010738\n|switch|p1a: goku|Arceus-Dragon|100\/100\n|turn|15\n|\n|t:|1701010744\n|move|p1a: goku|Protect|p1a: goku\n|-singleturn|p1a: goku|Protect\n|move|p2a: Ursaluna|Facade|p1a: goku\n|-activate|p1a: goku|move: Protect\n|\n|-damage|p2a: Ursaluna|58\/100 brn|[from] brn\n|upkeep\n|turn|16\n|\n|t:|1701010753\n|move|p1a: goku|Draco Meteor|p2a: Ursaluna\n|-damage|p2a: Ursaluna|2\/100 brn\n|-unboost|p1a: goku|spa|2\n|move|p2a: Ursaluna|Facade|p1a: goku\n|-damage|p1a: goku|21\/100\n|\n|-damage|p2a: Ursaluna|0 fnt|[from] brn\n|faint|p2a: Ursaluna\n|upkeep\n|\n|t:|1701010767\n|switch|p2a: BOOGEYMAN|Rayquaza, shiny|100\/100\n|-ability|p2a: BOOGEYMAN|Air Lock\n|turn|17\n|\n|t:|1701010775\n|move|p2a: BOOGEYMAN|Extreme Speed|p1a: goku\n|-damage|p1a: goku|0 fnt\n|faint|p1a: goku\n|\n|upkeep\n|\n|t:|1701010781\n|switch|p1a: M1 Abrams|Blissey, F, shiny|100\/100\n|turn|18\n|\n|t:|1701010792\n|switch|p2a: Quaquaval|Quaquaval, F|83\/100\n|move|p1a: M1 Abrams|Defense Curl|p1a: M1 Abrams\n|-boost|p1a: M1 Abrams|def|1\n|\n|-heal|p2a: Quaquaval|89\/100|[from] item: Leftovers\n|upkeep\n|turn|19\n|\n|t:|1701010800\n|move|p2a: Quaquaval|Aqua Step|p1a: M1 Abrams\n|-damage|p1a: M1 Abrams|78\/100\n|-boost|p2a: Quaquaval|spe|1\n|-damage|p2a: Quaquaval|72\/100|[from] item: Rocky Helmet|[of] p1a: M1 Abrams\n|move|p1a: M1 Abrams|Defense Curl|p1a: M1 Abrams\n|-boost|p1a: M1 Abrams|def|1\n|\n|-heal|p2a: Quaquaval|78\/100|[from] item: Leftovers\n|upkeep\n|turn|20\n|\n|t:|1701010812\n|move|p2a: Quaquaval|Aqua Step|p1a: M1 Abrams\n|-damage|p1a: M1 Abrams|61\/100\n|-boost|p2a: Quaquaval|spe|1\n|-damage|p2a: Quaquaval|62\/100|[from] item: Rocky Helmet|[of] p1a: M1 Abrams\n|move|p1a: M1 Abrams|Defense Curl|p1a: M1 Abrams\n|-boost|p1a: M1 Abrams|def|1\n|\n|-heal|p2a: Quaquaval|68\/100|[from] item: Leftovers\n|upkeep\n|turn|21\n|\n|t:|1701010825\n|switch|p2a: DUN POWER|Dunsparce, F|5\/100 par\n|move|p1a: M1 Abrams|Defense Curl|p1a: M1 Abrams\n|-boost|p1a: M1 Abrams|def|1\n|\n|upkeep\n|turn|22\n|\n|t:|1701010832\n|move|p1a: M1 Abrams|Body Slam|p2a: DUN POWER\n|-damage|p2a: DUN POWER|0 fnt\n|faint|p2a: DUN POWER\n|\n|upkeep\n|\n|t:|1701010846\n|switch|p2a: BOOGEYMAN|Rayquaza, shiny|100\/100\n|-ability|p2a: BOOGEYMAN|Air Lock\n|turn|23\n|\n|t:|1701010856\n|move|p2a: BOOGEYMAN|Dragon Claw|p1a: M1 Abrams\n|-damage|p1a: M1 Abrams|47\/100\n|-damage|p2a: BOOGEYMAN|84\/100|[from] item: Rocky Helmet|[of] p1a: M1 Abrams\n|move|p1a: M1 Abrams|Soft-Boiled|p1a: M1 Abrams\n|-heal|p1a: M1 Abrams|97\/100\n|\n|upkeep\n|turn|24\n|-message|Aziii forfeited.\n|\n|win|Rickey52011\n|raw|Rickey52011's rating: 1113 &rarr; <strong>1139<\/strong><br \/>(+26 for winning)\n|raw|Aziii's rating: 1122 &rarr; <strong>1096<\/strong><br \/>(-26 for losing)\n|l|\u2606Aziii\n","uploadtime":1701010869,"views":0,"p1id":"rickey52011","p2id":"aziii","formatid":"gen9anythinggoes","rating":1096,"private":0,"password":""}