{"id":"gen9anythinggoes-1983157779","p1":"Arrowesome","p2":"Dumbfudge","format":"[Gen 9] Anything Goes","log":"|j|\u2606Arrowesome\n|j|\u2606Dumbfudge\n|t:|1699097741\n|gametype|singles\n|player|p1|Arrowesome|2|1212\n|player|p2|Dumbfudge|blackbelt-gen4dp|1372\n|teamsize|p1|6\n|teamsize|p2|6\n|gen|9\n|tier|[Gen 9] Anything Goes\n|rated|\n|rule|HP Percentage Mod: HP is shown in percentages\n|rule|Endless Battle Clause: Forcing endless battles is banned\n|clearpoke\n|poke|p1|Koraidon|\n|poke|p1|Miraidon|\n|poke|p1|Ogerpon-Cornerstone, F|\n|poke|p1|Sneasler, F|\n|poke|p1|Chien-Pao|\n|poke|p1|Chi-Yu|\n|poke|p2|Giratina|\n|poke|p2|Zacian-*|\n|poke|p2|Shaymin-Sky|\n|poke|p2|Jumpluff, F|\n|poke|p2|Calyrex-Shadow|\n|poke|p2|Koraidon|\n|teampreview\n|inactive|Battle timer is ON: inactive players will automatically lose when time's up. (requested by Arrowesome)\n|inactive|Dumbfudge also wants the timer to be on.\n|\n|t:|1699097747\n|start\n|switch|p1a: Ogerpon|Ogerpon-Cornerstone, F|100\/100\n|switch|p2a: Shaymin|Shaymin-Sky|100\/100\n|turn|1\n|\n|t:|1699097758\n|move|p2a: Shaymin|Air Slash|p1a: Ogerpon\n|-damage|p1a: Ogerpon|55\/100\n|cant|p1a: Ogerpon|flinch\n|\n|upkeep\n|turn|2\n|\n|t:|1699097764\n|move|p2a: Shaymin|Air Slash|p1a: Ogerpon\n|-damage|p1a: Ogerpon|12\/100\n|cant|p1a: Ogerpon|flinch\n|\n|upkeep\n|turn|3\n|\n|t:|1699097770\n|move|p1a: Ogerpon|Spiky Shield|p1a: Ogerpon\n|-singleturn|p1a: Ogerpon|move: Protect\n|move|p2a: Shaymin|Air Slash|p1a: Ogerpon\n|-activate|p1a: Ogerpon|move: Protect\n|\n|upkeep\n|turn|4\n|\n|t:|1699097778\n|move|p2a: Shaymin|Air Slash|p1a: Ogerpon\n|-damage|p1a: Ogerpon|0 fnt\n|faint|p1a: Ogerpon\n|\n|upkeep\n|c|\u2606Dumbfudge|I got de powwa haha\n|\n|t:|1699097793\n|switch|p1a: Sneasler|Sneasler, F|100\/100\n|turn|5\n|\n|t:|1699097800\n|move|p1a: Sneasler|Fake Out|p2a: Shaymin\n|-damage|p2a: Shaymin|79\/100\n|cant|p2a: Shaymin|flinch\n|\n|upkeep\n|turn|6\n|\n|t:|1699097805\n|move|p2a: Shaymin|Air Slash|p1a: Sneasler\n|-supereffective|p1a: Sneasler\n|-damage|p1a: Sneasler|2\/100\n|cant|p1a: Sneasler|flinch\n|\n|upkeep\n|turn|7\n|\n|t:|1699097812\n|move|p2a: Shaymin|Air Slash|p1a: Sneasler\n|-supereffective|p1a: Sneasler\n|-damage|p1a: Sneasler|0 fnt\n|faint|p1a: Sneasler\n|\n|upkeep\n|\n|t:|1699097817\n|switch|p1a: Chien-Pao|Chien-Pao|100\/100\n|-ability|p1a: Chien-Pao|Sword of Ruin\n|turn|8\n|\n|t:|1699097822\n|move|p2a: Shaymin|Air Slash|p1a: Chien-Pao\n|-damage|p1a: Chien-Pao|36\/100\n|move|p1a: Chien-Pao|Ice Spinner|p2a: Shaymin\n|-supereffective|p2a: Shaymin\n|-damage|p2a: Shaymin|0 fnt\n|faint|p2a: Shaymin\n|\n|upkeep\n|\n|t:|1699097830\n|switch|p2a: Koraidon|Koraidon|100\/100\n|-weather|SunnyDay|[from] ability: Orichalcum Pulse|[of] p2a: Koraidon\n|-activate|p2a: Koraidon|Orichalcum Pulse|[source]\n|turn|9\n|\n|t:|1699097838\n|move|p2a: Koraidon|Flare Blitz|p1a: Chien-Pao\n|-supereffective|p1a: Chien-Pao\n|-damage|p1a: Chien-Pao|0 fnt\n|faint|p1a: Chien-Pao\n|-damage|p2a: Koraidon|90\/100|[from] Recoil\n|\n|-weather|SunnyDay|[upkeep]\n|upkeep\n|\n|t:|1699097858\n|switch|p1a: Koraidon|Koraidon|100\/100\n|-activate|p1a: Koraidon|ability: Orichalcum Pulse\n|turn|10\n|\n|t:|1699097865\n|-terastallize|p1a: Koraidon|Fighting\n|move|p2a: Koraidon|Collision Course|p1a: Koraidon\n|-damage|p1a: Koraidon|35\/100\n|move|p1a: Koraidon|Flame Charge|p2a: Koraidon\n|-resisted|p2a: Koraidon\n|-damage|p2a: Koraidon|69\/100\n|-boost|p1a: Koraidon|spe|1\n|-damage|p1a: Koraidon|25\/100|[from] item: Life Orb\n|\n|-weather|SunnyDay|[upkeep]\n|upkeep\n|turn|11\n|c|\u2606Dumbfudge|Wait how did speed increase\n|inactive|Dumbfudge has 120 seconds left.\n|\n|t:|1699097900\n|move|p1a: Koraidon|Dragon Claw|p2a: Koraidon\n|-supereffective|p2a: Koraidon\n|-damage|p2a: Koraidon|0 fnt\n|faint|p2a: Koraidon\n|-damage|p1a: Koraidon|15\/100|[from] item: Life Orb\n|\n|-weather|SunnyDay|[upkeep]\n|upkeep\n|inactive|Dumbfudge has 120 seconds left.\n|\n|t:|1699097909\n|switch|p2a: Jumpluff|Jumpluff, F|100\/100\n|turn|12\n|\n|t:|1699097914\n|move|p2a: Jumpluff|Sleep Powder|p1a: Koraidon\n|-status|p1a: Koraidon|slp|[from] move: Sleep Powder\n|cant|p1a: Koraidon|slp\n|\n|-weather|SunnyDay|[upkeep]\n|upkeep\n|turn|13\n|\n|t:|1699097921\n|move|p2a: Jumpluff|Substitute|p2a: Jumpluff\n|-start|p2a: Jumpluff|Substitute\n|-damage|p2a: Jumpluff|76\/100\n|cant|p1a: Koraidon|slp\n|\n|-weather|none\n|upkeep\n|turn|14\n|\n|t:|1699097933\n|-curestatus|p1a: Koraidon|slp|[msg]\n|move|p1a: Koraidon|Flame Charge|p2a: Jumpluff\n|-supereffective|p2a: Jumpluff\n|-end|p2a: Jumpluff|Substitute\n|-boost|p1a: Koraidon|spe|1\n|-damage|p1a: Koraidon|5\/100|[from] item: Life Orb\n|move|p2a: Jumpluff|Swords Dance|p2a: Jumpluff\n|-boost|p2a: Jumpluff|atk|2\n|\n|upkeep\n|turn|15\n|\n|t:|1699097947\n|move|p1a: Koraidon|Flame Charge|p2a: Jumpluff\n|-supereffective|p2a: Jumpluff\n|-damage|p2a: Jumpluff|12\/100\n|-boost|p1a: Koraidon|spe|1\n|-damage|p1a: Koraidon|0 fnt|[from] item: Life Orb\n|faint|p1a: Koraidon\n|move|p2a: Jumpluff|Baton Pass|p2a: Jumpluff\n|\n|t:|1699097959\n|switch|p2a: Whooping cough|Zacian-Crowned|100\/100|[from] Baton Pass\n|-ability|p2a: Whooping cough|Intrepid Sword|boost\n|-boost|p2a: Whooping cough|atk|1\n|\n|upkeep\n|\n|t:|1699097966\n|switch|p1a: Chi-Yu|Chi-Yu|100\/100\n|-ability|p1a: Chi-Yu|Beads of Ruin\n|turn|16\n|inactive|Dumbfudge has 120 seconds left.\n|\n|t:|1699097993\n|-terastallize|p2a: Whooping cough|Steel\n|move|p2a: Whooping cough|Behemoth Blade|p1a: Chi-Yu\n|-resisted|p1a: Chi-Yu\n|-damage|p1a: Chi-Yu|0 fnt\n|faint|p1a: Chi-Yu\n|\n|upkeep\n|c|\u2606Dumbfudge|Zawarudo\n|\n|t:|1699098015\n|switch|p1a: Miraidon|Miraidon|100\/100\n|-fieldstart|move: Electric Terrain|[from] ability: Hadron Engine|[of] p1a: Miraidon\n|turn|17\n|\n|t:|1699098026\n|move|p2a: Whooping cough|Play Rough|p1a: Miraidon\n|-supereffective|p1a: Miraidon\n|-damage|p1a: Miraidon|0 fnt\n|faint|p1a: Miraidon\n|\n|win|Dumbfudge\n|raw|Arrowesome's rating: 1212 &rarr; <strong>1198<\/strong><br \/>(-14 for losing)\n|raw|Dumbfudge's rating: 1372 &rarr; <strong>1383<\/strong><br \/>(+11 for winning)\n|c|\u2606Dumbfudge|Gg\n|l|\u2606Arrowesome\n","uploadtime":1699098066,"views":5,"p1id":"arrowesome","p2id":"dumbfudge","formatid":"gen9anythinggoes","rating":1198,"private":0,"password":""}