{"id":"gen9anythinggoes-1985034290","p1":"Bolero8008","p2":"Z Stayne","format":"[Gen 9] Anything Goes","log":"|j|\u2606Bolero8008\n|j|\u2606Z Stayne\n|t:|1699322986\n|gametype|singles\n|player|p1|Bolero8008|102|\n|player|p2|Z Stayne|1|\n|teamsize|p1|6\n|teamsize|p2|6\n|gen|9\n|tier|[Gen 9] Anything Goes\n|rule|HP Percentage Mod: HP is shown in percentages\n|rule|Endless Battle Clause: Forcing endless battles is banned\n|clearpoke\n|poke|p1|Annihilape, M|\n|poke|p1|Corviknight, M|\n|poke|p1|Clodsire, M|\n|poke|p1|Hydreigon, M|\n|poke|p1|Sylveon, F|\n|poke|p1|Slaking, M|\n|poke|p2|Volcanion|\n|poke|p2|Goodra-Hisui, M|\n|poke|p2|Greninja-*, M|\n|poke|p2|Ursaluna-Bloodmoon, M|\n|poke|p2|Jumpluff, M|\n|poke|p2|Cloyster, M|\n|teampreview\n|\n|t:|1699323002\n|start\n|switch|p1a: Sylveon|Sylveon, F|100\/100\n|switch|p2a: Itchy Balls|Jumpluff, M|100\/100\n|turn|1\n|\n|t:|1699323067\n|move|p2a: Itchy Balls|Light Screen|p2a: Itchy Balls\n|-sidestart|p2: Z Stayne|move: Light Screen\n|move|p1a: Sylveon|Light Screen|p1a: Sylveon\n|-sidestart|p1: Bolero8008|move: Light Screen\n|\n|upkeep\n|turn|2\n|\n|t:|1699323074\n|move|p2a: Itchy Balls|Reflect|p2a: Itchy Balls\n|-sidestart|p2: Z Stayne|Reflect\n|move|p1a: Sylveon|Reflect|p1a: Sylveon\n|-sidestart|p1: Bolero8008|Reflect\n|\n|upkeep\n|turn|3\n|\n|t:|1699323086\n|move|p2a: Itchy Balls|U-turn|p1a: Sylveon\n|-resisted|p1a: Sylveon\n|-damage|p1a: Sylveon|98\/100\n|\n|t:|1699323089\n|switch|p2a: Chilly Balls|Cloyster, M|100\/100|[from] U-turn\n|move|p1a: Sylveon|Baton Pass|p1a: Sylveon\n|\n|t:|1699323119\n|switch|p1a: Slaking|Slaking, M|100\/100|[from] Baton Pass\n|\n|upkeep\n|turn|4\n|\n|t:|1699323158\n|move|p1a: Slaking|Brick Break|p2a: Chilly Balls\n|-sideend|p2: Z Stayne|Reflect\n|-sideend|p2: Z Stayne|move: Light Screen\n|-supereffective|p2a: Chilly Balls\n|-damage|p2a: Chilly Balls|20\/100\n|move|p2a: Chilly Balls|Shell Smash|p2a: Chilly Balls\n|-unboost|p2a: Chilly Balls|def|1\n|-unboost|p2a: Chilly Balls|spd|1\n|-boost|p2a: Chilly Balls|atk|2\n|-boost|p2a: Chilly Balls|spa|2\n|-boost|p2a: Chilly Balls|spe|2\n|-enditem|p2a: Chilly Balls|White Herb\n|-clearnegativeboost|p2a: Chilly Balls|[silent]\n|\n|upkeep\n|turn|5\n|c|\u2606Z Stayne|big oof\n|\n|t:|1699323284\n|switch|p1a: Corviknight|Corviknight, M|100\/100\n|-ability|p1a: Corviknight|Pressure\n|move|p2a: Chilly Balls|Icicle Spear|p1a: Corviknight\n|-damage|p1a: Corviknight|94\/100\n|-damage|p1a: Corviknight|87\/100\n|-damage|p1a: Corviknight|82\/100\n|-damage|p1a: Corviknight|76\/100\n|-damage|p1a: Corviknight|70\/100\n|-hitcount|p1a: Corviknight|5\n|\n|upkeep\n|turn|6\n|\n|t:|1699323395\n|move|p2a: Chilly Balls|Icicle Spear|p1a: Corviknight\n|-damage|p1a: Corviknight|64\/100\n|-damage|p1a: Corviknight|57\/100\n|-damage|p1a: Corviknight|50\/100\n|-enditem|p1a: Corviknight|Sitrus Berry|[eat]\n|-heal|p1a: Corviknight|75\/100|[from] item: Sitrus Berry\n|-damage|p1a: Corviknight|69\/100\n|-damage|p1a: Corviknight|63\/100\n|-hitcount|p1a: Corviknight|5\n|move|p1a: Corviknight|Body Press|p2a: Chilly Balls\n|-supereffective|p2a: Chilly Balls\n|-damage|p2a: Chilly Balls|0 fnt\n|faint|p2a: Chilly Balls\n|\n|upkeep\n|\n|t:|1699323511\n|switch|p2a: Spicy Balls|Volcanion|100\/100\n|turn|7\n|\n|t:|1699323589\n|switch|p1a: Clodsire|Clodsire, M|100\/100\n|move|p2a: Spicy Balls|Fire Blast|p1a: Clodsire|[miss]\n|-miss|p2a: Spicy Balls|p1a: Clodsire\n|\n|upkeep\n|turn|8\n|\n|t:|1699323648\n|switch|p2a: Itchy Balls|Jumpluff, M|100\/100\n|move|p1a: Clodsire|Spikes|p2a: Itchy Balls\n|-sidestart|p2: Z Stayne|Spikes\n|\n|-sideend|p1: Bolero8008|move: Light Screen\n|upkeep\n|turn|9\n|\n|t:|1699323692\n|move|p2a: Itchy Balls|Reflect|p2a: Itchy Balls\n|-sidestart|p2: Z Stayne|Reflect\n|move|p1a: Clodsire|Spikes|p2a: Itchy Balls\n|-sidestart|p2: Z Stayne|Spikes\n|\n|-sideend|p1: Bolero8008|Reflect\n|upkeep\n|turn|10\n|\n|t:|1699323698\n|switch|p1a: Sylveon|Sylveon, F|98\/100\n|move|p2a: Itchy Balls|Light Screen|p2a: Itchy Balls\n|-sidestart|p2: Z Stayne|move: Light Screen\n|\n|upkeep\n|turn|11\n|\n|t:|1699323706\n|move|p2a: Itchy Balls|U-turn|p1a: Sylveon\n|-resisted|p1a: Sylveon\n|-damage|p1a: Sylveon|93\/100\n|\n|t:|1699323710\n|switch|p2a: Big Balls|Ursaluna-Bloodmoon, M|100\/100|[from] U-turn\n|-damage|p2a: Big Balls|84\/100|[from] Spikes\n|move|p1a: Sylveon|Light Screen|p1a: Sylveon\n|-sidestart|p1: Bolero8008|move: Light Screen\n|\n|-heal|p2a: Big Balls|90\/100|[from] item: Leftovers\n|upkeep\n|turn|12\n|\n|t:|1699323750\n|move|p1a: Sylveon|Baton Pass|p1a: Sylveon\n|\n|t:|1699323843\n|switch|p1a: Clodsire|Clodsire, M|100\/100|[from] Baton Pass\n|move|p2a: Big Balls|Calm Mind|p2a: Big Balls\n|-boost|p2a: Big Balls|spa|1\n|-boost|p2a: Big Balls|spd|1\n|\n|-heal|p2a: Big Balls|96\/100|[from] item: Leftovers\n|upkeep\n|turn|13\n|\n|t:|1699323865\n|move|p2a: Big Balls|Calm Mind|p2a: Big Balls\n|-boost|p2a: Big Balls|spa|1\n|-boost|p2a: Big Balls|spd|1\n|move|p1a: Clodsire|Toxic|p2a: Big Balls\n|-status|p2a: Big Balls|tox\n|\n|-heal|p2a: Big Balls|100\/100 tox|[from] item: Leftovers\n|-damage|p2a: Big Balls|94\/100 tox|[from] psn\n|upkeep\n|turn|14\n|\n|t:|1699323875\n|move|p2a: Big Balls|Calm Mind|p2a: Big Balls\n|-boost|p2a: Big Balls|spa|1\n|-boost|p2a: Big Balls|spd|1\n|move|p1a: Clodsire|Earthquake|p2a: Big Balls\n|-damage|p2a: Big Balls|86\/100 tox\n|\n|-heal|p2a: Big Balls|92\/100 tox|[from] item: Leftovers\n|-damage|p2a: Big Balls|79\/100 tox|[from] psn\n|upkeep\n|turn|15\n|\n|t:|1699323885\n|move|p2a: Big Balls|Calm Mind|p2a: Big Balls\n|-boost|p2a: Big Balls|spa|1\n|-boost|p2a: Big Balls|spd|1\n|move|p1a: Clodsire|Earthquake|p2a: Big Balls\n|-damage|p2a: Big Balls|70\/100 tox\n|\n|-heal|p2a: Big Balls|77\/100 tox|[from] item: Leftovers\n|-damage|p2a: Big Balls|58\/100 tox|[from] psn\n|upkeep\n|turn|16\n|\n|t:|1699323894\n|move|p2a: Big Balls|Moonlight|p2a: Big Balls\n|-heal|p2a: Big Balls|100\/100 tox\n|move|p1a: Clodsire|Recover||[still]\n|-fail|p1a: Clodsire|heal\n|\n|-damage|p2a: Big Balls|76\/100 tox|[from] psn\n|-sideend|p2: Z Stayne|Reflect\n|upkeep\n|turn|17\n|\n|t:|1699323938\n|move|p2a: Big Balls|Earth Power|p1a: Clodsire\n|-supereffective|p1a: Clodsire\n|-damage|p1a: Clodsire|77\/100\n|move|p1a: Clodsire|Earthquake|p2a: Big Balls\n|-damage|p2a: Big Balls|58\/100 tox\n|\n|-heal|p2a: Big Balls|64\/100 tox|[from] item: Leftovers\n|-heal|p1a: Clodsire|83\/100|[from] item: Black Sludge\n|-damage|p2a: Big Balls|33\/100 tox|[from] psn\n|-sideend|p2: Z Stayne|move: Light Screen\n|upkeep\n|turn|18\n|\n|t:|1699323949\n|move|p2a: Big Balls|Moonlight|p2a: Big Balls\n|-heal|p2a: Big Balls|83\/100 tox\n|move|p1a: Clodsire|Earthquake|p2a: Big Balls\n|-damage|p2a: Big Balls|62\/100 tox\n|\n|-heal|p2a: Big Balls|68\/100 tox|[from] item: Leftovers\n|-heal|p1a: Clodsire|90\/100|[from] item: Black Sludge\n|-damage|p2a: Big Balls|31\/100 tox|[from] psn\n|-sideend|p1: Bolero8008|move: Light Screen\n|upkeep\n|turn|19\n|\n|t:|1699323975\n|move|p2a: Big Balls|Moonlight|p2a: Big Balls\n|-heal|p2a: Big Balls|81\/100 tox\n|move|p1a: Clodsire|Recover|p1a: Clodsire\n|-heal|p1a: Clodsire|100\/100\n|\n|-heal|p2a: Big Balls|87\/100 tox|[from] item: Leftovers\n|-damage|p2a: Big Balls|43\/100 tox|[from] psn\n|upkeep\n|turn|20\n|\n|t:|1699323989\n|move|p2a: Big Balls|Earth Power|p1a: Clodsire\n|-supereffective|p1a: Clodsire\n|-damage|p1a: Clodsire|46\/100\n|-unboost|p1a: Clodsire|spd|1\n|move|p1a: Clodsire|Spikes|p2a: Big Balls\n|-sidestart|p2: Z Stayne|Spikes\n|\n|-heal|p2a: Big Balls|50\/100 tox|[from] item: Leftovers\n|-heal|p1a: Clodsire|52\/100|[from] item: Black Sludge\n|-damage|p2a: Big Balls|0 fnt|[from] psn\n|faint|p2a: Big Balls\n|upkeep\n|\n|t:|1699324015\n|switch|p2a: Itchy Balls|Jumpluff, M|100\/100\n|turn|21\n|\n|t:|1699324024\n|move|p2a: Itchy Balls|Reflect|p2a: Itchy Balls\n|-sidestart|p2: Z Stayne|Reflect\n|move|p1a: Clodsire|Recover|p1a: Clodsire\n|-heal|p1a: Clodsire|100\/100\n|\n|upkeep\n|turn|22\n|\n|t:|1699324029\n|switch|p1a: Sylveon|Sylveon, F|93\/100\n|move|p2a: Itchy Balls|Light Screen|p2a: Itchy Balls\n|-sidestart|p2: Z Stayne|move: Light Screen\n|\n|upkeep\n|turn|23\n|\n|t:|1699324036\n|move|p2a: Itchy Balls|Acrobatics|p1a: Sylveon\n|-damage|p1a: Sylveon|82\/100\n|move|p1a: Sylveon|Light Screen|p1a: Sylveon\n|-sidestart|p1: Bolero8008|move: Light Screen\n|\n|upkeep\n|turn|24\n|\n|t:|1699324044\n|move|p2a: Itchy Balls|U-turn|p1a: Sylveon\n|-resisted|p1a: Sylveon\n|-crit|p1a: Sylveon\n|-damage|p1a: Sylveon|75\/100\n|\n|t:|1699324182\n|switch|p2a: Spicy Balls|Volcanion|100\/100|[from] U-turn\n|-damage|p2a: Spicy Balls|75\/100|[from] Spikes\n|move|p1a: Sylveon|Baton Pass|p1a: Sylveon\n|\n|t:|1699324197\n|switch|p1a: Slaking|Slaking, M|100\/100|[from] Baton Pass\n|\n|-heal|p2a: Spicy Balls|82\/100|[from] item: Leftovers\n|upkeep\n|turn|25\n|\n|t:|1699324315\n|move|p1a: Slaking|Brick Break|p2a: Spicy Balls\n|-sideend|p2: Z Stayne|Reflect\n|-sideend|p2: Z Stayne|move: Light Screen\n|-damage|p2a: Spicy Balls|44\/100\n|move|p2a: Spicy Balls|Steam Eruption|p1a: Slaking|[miss]\n|-miss|p2a: Spicy Balls|p1a: Slaking\n|\n|-heal|p2a: Spicy Balls|50\/100|[from] item: Leftovers\n|upkeep\n|turn|26\n|c|\u2606Z Stayne|i seriously miss a 95% accurate move...\n|\n|t:|1699324375\n|switch|p1a: Hydreigon|Hydreigon, M|100\/100\n|move|p2a: Spicy Balls|Steam Eruption|p1a: Hydreigon\n|-resisted|p1a: Hydreigon\n|-damage|p1a: Hydreigon|82\/100\n|\n|-heal|p2a: Spicy Balls|57\/100|[from] item: Leftovers\n|upkeep\n|turn|27\n|\n|t:|1699324418\n|switch|p2a: Sticky Balls|Goodra-Hisui, M|100\/100\n|-damage|p2a: Sticky Balls|75\/100|[from] Spikes\n|move|p1a: Hydreigon|Draco Meteor|p2a: Sticky Balls\n|-damage|p2a: Sticky Balls|31\/100\n|-unboost|p1a: Hydreigon|spa|2\n|\n|upkeep\n|turn|28\n|\n|t:|1699324521\n|switch|p1a: Annihilape|Annihilape, M|100\/100\n|move|p2a: Sticky Balls|Dragon Pulse|p1a: Annihilape\n|-damage|p1a: Annihilape|88\/100\n|\n|upkeep\n|turn|29\n|\n|t:|1699324537\n|switch|p2a: Itchy Balls|Jumpluff, M|100\/100\n|move|p1a: Annihilape|Bulk Up|p1a: Annihilape\n|-boost|p1a: Annihilape|atk|1\n|-boost|p1a: Annihilape|def|1\n|\n|upkeep\n|turn|30\n|\n|t:|1699324561\n|move|p2a: Itchy Balls|Reflect|p2a: Itchy Balls\n|-sidestart|p2: Z Stayne|Reflect\n|move|p1a: Annihilape|Bulk Up|p1a: Annihilape\n|-boost|p1a: Annihilape|atk|1\n|-boost|p1a: Annihilape|def|1\n|\n|-sideend|p1: Bolero8008|move: Light Screen\n|upkeep\n|turn|31\n|\n|t:|1699324664\n|-terastallize|p2a: Itchy Balls|Fairy\n|move|p2a: Itchy Balls|Acrobatics|p1a: Annihilape\n|-supereffective|p1a: Annihilape\n|-damage|p1a: Annihilape|76\/100\n|move|p1a: Annihilape|Bulk Up|p1a: Annihilape\n|-boost|p1a: Annihilape|atk|1\n|-boost|p1a: Annihilape|def|1\n|\n|upkeep\n|turn|32\n|\n|t:|1699324675\n|switch|p2a: Blue Balls|Greninja, M|100\/100\n|-damage|p2a: Blue Balls|76\/100|[from] Spikes\n|move|p1a: Annihilape|Bulk Up|p1a: Annihilape\n|-boost|p1a: Annihilape|atk|1\n|-boost|p1a: Annihilape|def|1\n|\n|upkeep\n|turn|33\n|\n|t:|1699324687\n|move|p2a: Blue Balls|Dark Pulse|p1a: Annihilape\n|-damage|p1a: Annihilape|38\/100\n|move|p1a: Annihilape|Drain Punch|p2a: Blue Balls\n|-supereffective|p2a: Blue Balls\n|-damage|p2a: Blue Balls|0 fnt\n|-heal|p1a: Annihilape|64\/100|[from] drain|[of] p2a: Blue Balls\n|faint|p2a: Blue Balls\n|\n|upkeep\n|\n|t:|1699324727\n|switch|p2a: Spicy Balls|Volcanion|57\/100\n|-damage|p2a: Spicy Balls|32\/100|[from] Spikes\n|turn|34\n|\n|t:|1699324735\n|move|p1a: Annihilape|Rest|p1a: Annihilape\n|-status|p1a: Annihilape|slp|[from] move: Rest\n|-heal|p1a: Annihilape|100\/100 slp|[silent]\n|-enditem|p1a: Annihilape|Chesto Berry|[eat]\n|-curestatus|p1a: Annihilape|slp|[msg]\n|move|p2a: Spicy Balls|Fire Blast|p1a: Annihilape\n|-damage|p1a: Annihilape|56\/100\n|\n|-heal|p2a: Spicy Balls|38\/100|[from] item: Leftovers\n|upkeep\n|turn|35\n|\n|t:|1699324749\n|move|p1a: Annihilape|Rage Fist|p2a: Spicy Balls\n|-damage|p2a: Spicy Balls|0 fnt\n|faint|p2a: Spicy Balls\n|\n|upkeep\n|\n|t:|1699324761\n|switch|p2a: Sticky Balls|Goodra-Hisui, M|31\/100\n|-damage|p2a: Sticky Balls|6\/100|[from] Spikes\n|turn|36\n|\n|t:|1699324769\n|move|p1a: Annihilape|Drain Punch|p2a: Sticky Balls\n|-supereffective|p2a: Sticky Balls\n|-damage|p2a: Sticky Balls|0 fnt\n|-heal|p1a: Annihilape|59\/100|[from] drain|[of] p2a: Sticky Balls\n|-ability|p2a: Sticky Balls|Gooey\n|-unboost|p1a: Annihilape|spe|1\n|-ability|p1a: Annihilape|Defiant|boost\n|-boost|p1a: Annihilape|atk|2\n|faint|p2a: Sticky Balls\n|\n|upkeep\n|\n|t:|1699324779\n|switch|p2a: Itchy Balls|Jumpluff, M, tera:Fairy|100\/100\n|-damage|p2a: Itchy Balls|76\/100|[from] Spikes\n|turn|37\n|\n|t:|1699324785\n|move|p2a: Itchy Balls|Acrobatics|p1a: Annihilape\n|-supereffective|p1a: Annihilape\n|-damage|p1a: Annihilape|50\/100\n|move|p1a: Annihilape|Rage Fist|p2a: Itchy Balls\n|-damage|p2a: Itchy Balls|0 fnt\n|faint|p2a: Itchy Balls\n|\n|win|Bolero8008\n","uploadtime":1699324809,"views":25,"p1id":"bolero8008","p2id":"zstayne","formatid":"gen9anythinggoes","rating":0,"private":0,"password":""}