{"id":"gen9anythinggoes-1987976711","p1":"EpicMegaMan","p2":"gasschamber","format":"[Gen 9] Anything Goes","log":"|j|\u2606EpicMegaMan\n|j|\u2606gasschamber\n|t:|1699655115\n|gametype|singles\n|player|p1|EpicMegaMan|lucas|1125\n|player|p2|gasschamber|169|1000\n|teamsize|p1|6\n|teamsize|p2|6\n|gen|9\n|tier|[Gen 9] Anything Goes\n|rated|\n|rule|HP Percentage Mod: HP is shown in percentages\n|rule|Endless Battle Clause: Forcing endless battles is banned\n|clearpoke\n|poke|p1|Rabsca, M|\n|poke|p1|Bellibolt, M|\n|poke|p1|Skeledirge, M|\n|poke|p1|Great Tusk|\n|poke|p1|Iron Bundle|\n|poke|p1|Scream Tail|\n|poke|p2|Infernape, M|\n|poke|p2|Raichu-Alola, M|\n|poke|p2|Greninja-*, M|\n|poke|p2|Kingambit, M|\n|poke|p2|Tyranitar, M|\n|poke|p2|Mamoswine, M|\n|teampreview\n|\n|t:|1699655121\n|start\n|switch|p1a: Rabsca|Rabsca, M|100\/100\n|switch|p2a: big carpet|Mamoswine, M|100\/100\n|turn|1\n|\n|t:|1699655137\n|switch|p1a: Bellibolt|Bellibolt, M|100\/100\n|move|p2a: big carpet|Earthquake|p1a: Bellibolt\n|-supereffective|p1a: Bellibolt\n|-damage|p1a: Bellibolt|31\/100\n|-start|p1a: Bellibolt|Charge|Earthquake|[from] ability: Electromorphosis\n|-enditem|p1a: Bellibolt|Weakness Policy\n|-boost|p1a: Bellibolt|atk|2|[from] item: Weakness Policy\n|-boost|p1a: Bellibolt|spa|2|[from] item: Weakness Policy\n|\n|upkeep\n|turn|2\n|\n|t:|1699655147\n|move|p2a: big carpet|Earthquake|p1a: Bellibolt\n|-supereffective|p1a: Bellibolt\n|-damage|p1a: Bellibolt|0 fnt\n|faint|p1a: Bellibolt\n|\n|upkeep\n|\n|t:|1699655156\n|switch|p1a: Iron Bundle|Iron Bundle|100\/100\n|turn|3\n|\n|t:|1699655159\n|move|p1a: Iron Bundle|Hydro Pump|p2a: big carpet|[miss]\n|-miss|p1a: Iron Bundle|p2a: big carpet\n|move|p2a: big carpet|Earthquake|p1a: Iron Bundle\n|-damage|p1a: Iron Bundle|52\/100\n|\n|upkeep\n|turn|4\n|\n|t:|1699655166\n|move|p1a: Iron Bundle|Hydro Pump|p2a: big carpet|[miss]\n|-miss|p1a: Iron Bundle|p2a: big carpet\n|move|p2a: big carpet|Earthquake|p1a: Iron Bundle\n|-damage|p1a: Iron Bundle|0 fnt\n|faint|p1a: Iron Bundle\n|-end|p1a: Iron Bundle|Quark Drive|[silent]\n|\n|upkeep\n|\n|t:|1699655178\n|switch|p1a: Great Tusk|Great Tusk|100\/100\n|turn|5\n|\n|t:|1699655184\n|move|p1a: Great Tusk|Close Combat|p2a: big carpet\n|-supereffective|p2a: big carpet\n|-damage|p2a: big carpet|0 fnt\n|-unboost|p1a: Great Tusk|def|1\n|-unboost|p1a: Great Tusk|spd|1\n|faint|p2a: big carpet\n|\n|upkeep\n|\n|t:|1699655198\n|switch|p2a: unpaid worker|Greninja, M, shiny|100\/100\n|turn|6\n|\n|t:|1699655208\n|move|p2a: unpaid worker|Brick Break|p1a: Great Tusk\n|-damage|p1a: Great Tusk|84\/100\n|move|p1a: Great Tusk|Close Combat|p2a: unpaid worker\n|-supereffective|p2a: unpaid worker\n|-damage|p2a: unpaid worker|0 fnt\n|-unboost|p1a: Great Tusk|def|1\n|-unboost|p1a: Great Tusk|spd|1\n|faint|p2a: unpaid worker\n|\n|upkeep\n|\n|t:|1699655218\n|switch|p2a: very scary lizerd|Tyranitar, M|100\/100\n|-ability|p2a: very scary lizerd|Unnerve\n|turn|7\n|\n|t:|1699655226\n|move|p1a: Great Tusk|Headlong Rush|p2a: very scary lizerd\n|-supereffective|p2a: very scary lizerd\n|-damage|p2a: very scary lizerd|7\/100\n|-unboost|p1a: Great Tusk|def|1\n|-unboost|p1a: Great Tusk|spd|1\n|move|p2a: very scary lizerd|Earthquake|p1a: Great Tusk\n|-damage|p1a: Great Tusk|15\/100\n|\n|upkeep\n|turn|8\n|\n|t:|1699655234\n|move|p1a: Great Tusk|Headlong Rush|p2a: very scary lizerd\n|-supereffective|p2a: very scary lizerd\n|-damage|p2a: very scary lizerd|0 fnt\n|-unboost|p1a: Great Tusk|def|1\n|-unboost|p1a: Great Tusk|spd|1\n|faint|p2a: very scary lizerd\n|\n|upkeep\n|\n|t:|1699655243\n|switch|p2a: monkey d luffy|Infernape, M, shiny|100\/100\n|turn|9\n|\n|t:|1699655247\n|move|p2a: monkey d luffy|Drain Punch|p1a: Great Tusk\n|-damage|p1a: Great Tusk|0 fnt\n|faint|p1a: Great Tusk\n|-end|p1a: Great Tusk|Protosynthesis|[silent]\n|\n|upkeep\n|\n|t:|1699655253\n|switch|p1a: Skeledirge|Skeledirge, M|100\/100\n|turn|10\n|\n|t:|1699655257\n|move|p2a: monkey d luffy|Thunder Punch|p1a: Skeledirge\n|-damage|p1a: Skeledirge|83\/100\n|-status|p1a: Skeledirge|par\n|move|p1a: Skeledirge|Earth Power|p2a: monkey d luffy\n|-supereffective|p2a: monkey d luffy\n|-damage|p2a: monkey d luffy|14\/100\n|\n|upkeep\n|turn|11\n|\n|t:|1699655267\n|move|p2a: monkey d luffy|Drain Punch|p1a: Skeledirge\n|-immune|p1a: Skeledirge\n|move|p1a: Skeledirge|Earth Power|p2a: monkey d luffy\n|-supereffective|p2a: monkey d luffy\n|-crit|p2a: monkey d luffy\n|-damage|p2a: monkey d luffy|0 fnt\n|faint|p2a: monkey d luffy\n|\n|upkeep\n|\n|t:|1699655275\n|switch|p2a: cotten pick3r|Raichu-Alola, M, shiny|100\/100\n|turn|12\n|\n|t:|1699655296\n|move|p2a: cotten pick3r|Thunderbolt|p1a: Skeledirge\n|-damage|p1a: Skeledirge|55\/100 par\n|move|p1a: Skeledirge|Earth Power|p2a: cotten pick3r\n|-supereffective|p2a: cotten pick3r\n|-damage|p2a: cotten pick3r|20\/100\n|\n|upkeep\n|turn|13\n|\n|t:|1699655304\n|move|p2a: cotten pick3r|Wild Charge|p1a: Skeledirge\n|-damage|p1a: Skeledirge|27\/100 par\n|-damage|p2a: cotten pick3r|10\/100|[from] Recoil\n|cant|p1a: Skeledirge|par\n|\n|upkeep\n|turn|14\n|\n|t:|1699655309\n|move|p2a: cotten pick3r|Wild Charge|p1a: Skeledirge\n|-damage|p1a: Skeledirge|0 fnt\n|faint|p1a: Skeledirge\n|-damage|p2a: cotten pick3r|0 fnt|[from] Recoil\n|faint|p2a: cotten pick3r\n|\n|upkeep\n|\n|t:|1699655320\n|switch|p2a: white beard|Kingambit, M|100\/100\n|switch|p1a: Rabsca|Rabsca, M|100\/100\n|-activate|p2a: white beard|ability: Supreme Overlord\n|-start|p2a: white beard|fallen5|[silent]\n|turn|15\n|\n|t:|1699655326\n|move|p2a: white beard|Kowtow Cleave|p1a: Rabsca\n|-supereffective|p1a: Rabsca\n|-damage|p1a: Rabsca|0 fnt\n|faint|p1a: Rabsca\n|\n|upkeep\n|\n|t:|1699655330\n|switch|p1a: Scream Tail|Scream Tail|100\/100\n|turn|16\n|\n|t:|1699655334\n|move|p1a: Scream Tail|Thunder Wave|p2a: white beard|[miss]\n|-miss|p1a: Scream Tail|p2a: white beard\n|move|p2a: white beard|Kowtow Cleave|p1a: Scream Tail\n|-damage|p1a: Scream Tail|58\/100\n|\n|-heal|p1a: Scream Tail|64\/100|[from] item: Leftovers\n|upkeep\n|turn|17\n|\n|t:|1699655343\n|move|p1a: Scream Tail|Thunder Wave|p2a: white beard\n|-status|p2a: white beard|par\n|move|p2a: white beard|Steel Beam|p1a: Scream Tail\n|-supereffective|p1a: Scream Tail\n|-damage|p1a: Scream Tail|7\/100\n|-damage|p2a: white beard|50\/100 par|[from] steelbeam\n|\n|-heal|p1a: Scream Tail|13\/100|[from] item: Leftovers\n|upkeep\n|turn|18\n|\n|t:|1699655352\n|move|p1a: Scream Tail|Dazzling Gleam|p2a: white beard\n|-damage|p2a: white beard|32\/100 par\n|move|p2a: white beard|Kowtow Cleave|p1a: Scream Tail\n|-damage|p1a: Scream Tail|0 fnt\n|faint|p1a: Scream Tail\n|-end|p1a: Scream Tail|Protosynthesis|[silent]\n|\n|win|gasschamber\n|raw|EpicMegaMan's rating: 1125 &rarr; <strong>1091<\/strong><br \/>(-34 for losing)\n|raw|gasschamber's rating: 1000 &rarr; <strong>1054<\/strong><br \/>(+54 for winning)\n|l|\u2606EpicMegaMan\n","uploadtime":1699655511,"views":5,"p1id":"epicmegaman","p2id":"gasschamber","formatid":"gen9anythinggoes","rating":1054,"private":0,"password":""}