{"id":"gen9anythinggoes-1985131732","p1":"Tysnap05","p2":"DR4N","format":"[Gen 9] Anything Goes","log":"|j|\u2606Tysnap05\n|j|\u2606DR4N\n|t:|1699335546\n|gametype|singles\n|player|p1|Tysnap05|266|1172\n|player|p2|DR4N|lucas-gen4pt|1033\n|teamsize|p1|6\n|teamsize|p2|6\n|gen|9\n|tier|[Gen 9] Anything Goes\n|rated|\n|rule|HP Percentage Mod: HP is shown in percentages\n|rule|Endless Battle Clause: Forcing endless battles is banned\n|clearpoke\n|poke|p1|Pawmot, F|\n|poke|p1|Miraidon|\n|poke|p1|Mimikyu, M|\n|poke|p1|Arcanine-Hisui, M|\n|poke|p1|Orthworm, F|\n|poke|p1|Brute Bonnet|\n|poke|p2|Espeon, F|\n|poke|p2|Lycanroc-Dusk, M|\n|poke|p2|Pawmot, F|\n|poke|p2|Clodsire, M|\n|poke|p2|Gogoat, M|\n|poke|p2|Arcanine, M|\n|teampreview\n|\n|t:|1699335551\n|start\n|switch|p1a: Brute Bonnet|Brute Bonnet|100\/100\n|switch|p2a: Stella|Espeon, F, shiny|100\/100\n|turn|1\n|\n|t:|1699335573\n|-end|p1a: Brute Bonnet|Protosynthesis|[silent]\n|switch|p1a: Pawmot|Pawmot, F|100\/100\n|move|p2a: Stella|Trailblaze|p1a: Pawmot\n|-damage|p1a: Pawmot|91\/100\n|-boost|p2a: Stella|spe|1\n|\n|upkeep\n|turn|2\n|\n|t:|1699335580\n|move|p1a: Pawmot|Fake Out|p2a: Stella\n|-crit|p2a: Stella\n|-damage|p2a: Stella|75\/100\n|cant|p2a: Stella|flinch\n|\n|upkeep\n|turn|3\n|\n|t:|1699335588\n|move|p2a: Stella|Calm Mind|p2a: Stella\n|-boost|p2a: Stella|spa|1\n|-boost|p2a: Stella|spd|1\n|move|p1a: Pawmot|Focus Blast|p2a: Stella\n|-resisted|p2a: Stella\n|-damage|p2a: Stella|60\/100\n|\n|upkeep\n|turn|4\n|\n|t:|1699335597\n|switch|p1a: Brute Bonnet|Brute Bonnet|100\/100\n|move|p2a: Stella|Calm Mind|p2a: Stella\n|-boost|p2a: Stella|spa|1\n|-boost|p2a: Stella|spd|1\n|\n|upkeep\n|turn|5\n|\n|t:|1699335603\n|-end|p1a: Brute Bonnet|Protosynthesis|[silent]\n|switch|p1a: Pawmot|Pawmot, F|91\/100\n|move|p2a: Stella|Calm Mind|p2a: Stella\n|-boost|p2a: Stella|spa|1\n|-boost|p2a: Stella|spd|1\n|\n|upkeep\n|turn|6\n|\n|t:|1699335615\n|move|p1a: Pawmot|Fake Out|p2a: Stella\n|-damage|p2a: Stella|41\/100\n|-enditem|p2a: Stella|Sitrus Berry|[eat]\n|-heal|p2a: Stella|66\/100|[from] item: Sitrus Berry\n|cant|p2a: Stella|flinch\n|\n|upkeep\n|turn|7\n|\n|t:|1699335625\n|switch|p1a: Brute Bonnet|Brute Bonnet|100\/100\n|move|p2a: Stella|Stored Power|p1a: Brute Bonnet\n|-immune|p1a: Brute Bonnet\n|\n|upkeep\n|turn|8\n|\n|t:|1699335636\n|move|p2a: Stella|Stored Power|p1a: Brute Bonnet\n|-immune|p1a: Brute Bonnet\n|move|p1a: Brute Bonnet|Energy Ball|p2a: Stella\n|-damage|p2a: Stella|53\/100\n|\n|upkeep\n|turn|9\n|\n|t:|1699335646\n|move|p2a: Stella|Shadow Ball|p1a: Brute Bonnet\n|-resisted|p1a: Brute Bonnet\n|-damage|p1a: Brute Bonnet|76\/100\n|move|p1a: Brute Bonnet|Clear Smog|p2a: Stella\n|-damage|p2a: Stella|48\/100\n|-clearboost|p2a: Stella\n|\n|upkeep\n|turn|10\n|\n|t:|1699335663\n|switch|p2a: Mallow|Pawmot, F, shiny|100\/100\n|move|p1a: Brute Bonnet|Leaf Storm|p2a: Mallow\n|-damage|p2a: Mallow|43\/100\n|-unboost|p1a: Brute Bonnet|spa|2\n|\n|upkeep\n|turn|11\n|\n|t:|1699335676\n|move|p2a: Mallow|Nuzzle|p1a: Brute Bonnet\n|-resisted|p1a: Brute Bonnet\n|-damage|p1a: Brute Bonnet|73\/100\n|-status|p1a: Brute Bonnet|par\n|move|p1a: Brute Bonnet|Spore|p2a: Mallow\n|-status|p2a: Mallow|slp|[from] move: Spore\n|\n|upkeep\n|turn|12\n|\n|t:|1699335690\n|switch|p2a: Mick|Arcanine, M, shiny|100\/100\n|move|p1a: Brute Bonnet|Energy Ball|p2a: Mick\n|-resisted|p2a: Mick\n|-damage|p2a: Mick|92\/100\n|\n|upkeep\n|turn|13\n|\n|t:|1699335700\n|-end|p1a: Brute Bonnet|Protosynthesis|[silent]\n|switch|p1a: Arcanine|Arcanine-Hisui, M|100\/100\n|move|p2a: Mick|Hyper Voice|p1a: Arcanine\n|-resisted|p1a: Arcanine\n|-damage|p1a: Arcanine|82\/100\n|-enditem|p1a: Arcanine|Red Card|[of] p2a: Mick\n|-enditem|p2a: Mick|Throat Spray\n|-boost|p2a: Mick|spa|1|[from] item: Throat Spray\n|drag|p2a: Billy|Gogoat, M, shiny|100\/100\n|\n|upkeep\n|turn|14\n|\n|t:|1699335718\n|-terastallize|p2a: Billy|Ground\n|move|p1a: Arcanine|Flamethrower|p2a: Billy\n|-damage|p2a: Billy|66\/100\n|move|p2a: Billy|Leech Seed|p1a: Arcanine\n|-start|p1a: Arcanine|move: Leech Seed\n|\n|-damage|p1a: Arcanine|69\/100|[from] Leech Seed|[of] p2a: Billy\n|-heal|p2a: Billy|75\/100|[silent]\n|upkeep\n|turn|15\n|\n|t:|1699335727\n|switch|p1a: Orthworm|Orthworm, F|100\/100\n|move|p2a: Billy|Earthquake|p1a: Orthworm\n|-immune|p1a: Orthworm|[from] ability: Earth Eater\n|\n|upkeep\n|turn|16\n|\n|t:|1699335734\n|move|p2a: Billy|Horn Leech|p1a: Orthworm\n|-resisted|p1a: Orthworm\n|-damage|p1a: Orthworm|88\/100\n|-heal|p2a: Billy|80\/100|[from] drain|[of] p1a: Orthworm\n|-damage|p2a: Billy|63\/100|[from] item: Rocky Helmet|[of] p1a: Orthworm\n|move|p1a: Orthworm|Wrap|p2a: Billy\n|-damage|p2a: Billy|60\/100\n|-activate|p2a: Billy|move: Wrap|[of] p1a: Orthworm\n|-damage|p1a: Orthworm|71\/100|[from] item: Rocky Helmet|[of] p2a: Billy\n|\n|-damage|p2a: Billy|48\/100|[from] move: Wrap|[partiallytrapped]\n|upkeep\n|turn|17\n|\n|t:|1699335748\n|move|p2a: Billy|Leech Seed|p1a: Orthworm\n|-start|p1a: Orthworm|move: Leech Seed\n|move|p1a: Orthworm|Shed Tail|p1a: Orthworm\n|-start|p1a: Orthworm|Substitute|[from] move: Shed Tail\n|-damage|p1a: Orthworm|21\/100\n|\n|t:|1699335758\n|switch|p1a: Brute Bonnet|Brute Bonnet|73\/100 par|[from] Shed Tail\n|\n|-end|p2a: Billy|Wrap|[partiallytrapped]|[silent]\n|upkeep\n|turn|18\n|\n|t:|1699335763\n|move|p2a: Billy|Milk Drink|p2a: Billy\n|-heal|p2a: Billy|98\/100\n|move|p1a: Brute Bonnet|Spore|p2a: Billy\n|-ability|p2a: Billy|Sap Sipper|boost\n|-boost|p2a: Billy|atk|1\n|\n|upkeep\n|turn|19\n|\n|t:|1699335775\n|move|p2a: Billy|Earthquake|p1a: Brute Bonnet\n|-resisted|p1a: Brute Bonnet\n|-end|p1a: Brute Bonnet|Substitute\n|move|p1a: Brute Bonnet|Clear Smog|p2a: Billy\n|-resisted|p2a: Billy\n|-damage|p2a: Billy|94\/100\n|-clearboost|p2a: Billy\n|\n|upkeep\n|turn|20\n|\n|t:|1699335786\n|-end|p1a: Brute Bonnet|Protosynthesis|[silent]\n|switch|p1a: Orthworm|Orthworm, F|21\/100\n|move|p2a: Billy|Earthquake|p1a: Orthworm\n|-heal|p1a: Orthworm|46\/100|[from] ability: Earth Eater|[of] p2a: Billy\n|\n|upkeep\n|turn|21\n|\n|t:|1699335795\n|move|p2a: Billy|Leech Seed|p1a: Orthworm\n|-start|p1a: Orthworm|move: Leech Seed\n|move|p1a: Orthworm|Wrap|p2a: Billy\n|-damage|p2a: Billy|91\/100\n|-activate|p2a: Billy|move: Wrap|[of] p1a: Orthworm\n|-damage|p1a: Orthworm|29\/100|[from] item: Rocky Helmet|[of] p2a: Billy\n|\n|-damage|p1a: Orthworm|17\/100|[from] Leech Seed|[of] p2a: Billy\n|-heal|p2a: Billy|99\/100|[silent]\n|-damage|p2a: Billy|88\/100|[from] move: Wrap|[partiallytrapped]\n|upkeep\n|turn|22\n|\n|t:|1699335814\n|switch|p1a: Mimikyu|Mimikyu, M|100\/100\n|move|p2a: Billy|Leech Seed|p1a: Mimikyu\n|-start|p1a: Mimikyu|move: Leech Seed\n|\n|-damage|p1a: Mimikyu|88\/100|[from] Leech Seed|[of] p2a: Billy\n|-heal|p2a: Billy|94\/100|[silent]\n|-end|p2a: Billy|Wrap|[partiallytrapped]|[silent]\n|upkeep\n|turn|23\n|\n|t:|1699335824\n|switch|p1a: Brute Bonnet|Brute Bonnet|73\/100 par\n|move|p2a: Billy|Horn Leech|p1a: Brute Bonnet\n|-resisted|p1a: Brute Bonnet\n|-damage|p1a: Brute Bonnet|59\/100 par\n|-heal|p2a: Billy|100\/100|[from] drain|[of] p1a: Brute Bonnet\n|\n|upkeep\n|turn|24\n|\n|t:|1699335833\n|move|p2a: Billy|Leech Seed|p1a: Brute Bonnet\n|-immune|p1a: Brute Bonnet\n|move|p1a: Brute Bonnet|Spore|p2a: Billy\n|-ability|p2a: Billy|Sap Sipper|boost\n|-boost|p2a: Billy|atk|1\n|\n|upkeep\n|turn|25\n|\n|t:|1699335840\n|move|p2a: Billy|Horn Leech|p1a: Brute Bonnet\n|-resisted|p1a: Brute Bonnet\n|-crit|p1a: Brute Bonnet\n|-damage|p1a: Brute Bonnet|27\/100 par\n|move|p1a: Brute Bonnet|Clear Smog|p2a: Billy\n|-resisted|p2a: Billy\n|-damage|p2a: Billy|96\/100\n|-clearboost|p2a: Billy\n|\n|upkeep\n|turn|26\n|\n|t:|1699335849\n|move|p2a: Billy|Horn Leech|p1a: Brute Bonnet\n|-resisted|p1a: Brute Bonnet\n|-damage|p1a: Brute Bonnet|15\/100 par\n|-heal|p2a: Billy|100\/100|[from] drain|[of] p1a: Brute Bonnet\n|move|p1a: Brute Bonnet|Energy Ball|p2a: Billy\n|-ability|p2a: Billy|Sap Sipper|boost\n|-boost|p2a: Billy|atk|1\n|\n|upkeep\n|turn|27\n|\n|t:|1699335859\n|move|p2a: Billy|Horn Leech|p1a: Brute Bonnet\n|-resisted|p1a: Brute Bonnet\n|-damage|p1a: Brute Bonnet|0 fnt\n|faint|p1a: Brute Bonnet\n|-end|p1a: Brute Bonnet|Protosynthesis|[silent]\n|\n|upkeep\n|c|\u2606DR4N|?????\n|\n|t:|1699335863\n|switch|p1a: Orthworm|Orthworm, F|17\/100\n|turn|28\n|\n|t:|1699335866\n|move|p2a: Billy|Leech Seed|p1a: Orthworm\n|-start|p1a: Orthworm|move: Leech Seed\n|move|p1a: Orthworm|Wrap|p2a: Billy\n|-damage|p2a: Billy|98\/100\n|-activate|p2a: Billy|move: Wrap|[of] p1a: Orthworm\n|-damage|p1a: Orthworm|0 fnt|[from] item: Rocky Helmet|[of] p2a: Billy\n|faint|p1a: Orthworm\n|\n|-end|p2a: Billy|Wrap|[partiallytrapped]|[silent]\n|upkeep\n|c|\u2606DR4N|Y?\n|\n|t:|1699335887\n|switch|p1a: Arcanine|Arcanine-Hisui, M|69\/100\n|turn|29\n|\n|t:|1699335894\n|move|p1a: Arcanine|Flamethrower|p2a: Billy\n|-damage|p2a: Billy|65\/100\n|move|p2a: Billy|Leech Seed|p1a: Arcanine\n|-start|p1a: Arcanine|move: Leech Seed\n|\n|-damage|p1a: Arcanine|57\/100|[from] Leech Seed|[of] p2a: Billy\n|-heal|p2a: Billy|74\/100|[silent]\n|upkeep\n|turn|30\n|\n|t:|1699335902\n|move|p1a: Arcanine|Flamethrower|p2a: Billy\n|-damage|p2a: Billy|42\/100\n|move|p2a: Billy|Earthquake|p1a: Arcanine\n|-supereffective|p1a: Arcanine\n|-crit|p1a: Arcanine\n|-damage|p1a: Arcanine|0 fnt\n|faint|p1a: Arcanine\n|\n|upkeep\n|\n|t:|1699335908\n|switch|p1a: Pawmot|Pawmot, F|91\/100\n|turn|31\n|\n|t:|1699335919\n|move|p1a: Pawmot|Fake Out|p2a: Billy\n|-damage|p2a: Billy|32\/100\n|-damage|p1a: Pawmot|75\/100|[from] item: Rocky Helmet|[of] p2a: Billy\n|cant|p2a: Billy|flinch\n|\n|upkeep\n|turn|32\n|\n|t:|1699335926\n|move|p1a: Pawmot|Revival Blessing|p1a: Pawmot\n|\n|t:|1699335938\n|-heal|p1: Brute Bonnet|50\/100|[from] move: Revival Blessing\n|move|p2a: Billy|Leech Seed|p1a: Pawmot|[miss]\n|-miss|p2a: Billy|p1a: Pawmot\n|\n|upkeep\n|turn|33\n|\n|t:|1699335959\n|move|p1a: Pawmot|Focus Blast|p2a: Billy\n|-damage|p2a: Billy|7\/100\n|move|p2a: Billy|Milk Drink|p2a: Billy\n|-heal|p2a: Billy|57\/100\n|\n|upkeep\n|turn|34\n|\n|t:|1699335965\n|move|p1a: Pawmot|Focus Blast|p2a: Billy\n|-damage|p2a: Billy|27\/100\n|move|p2a: Billy|Milk Drink|p2a: Billy\n|-heal|p2a: Billy|77\/100\n|\n|upkeep\n|turn|35\n|\n|t:|1699335972\n|move|p1a: Pawmot|Focus Blast|p2a: Billy\n|-damage|p2a: Billy|50\/100\n|move|p2a: Billy|Earthquake|p1a: Pawmot\n|-supereffective|p1a: Pawmot\n|-damage|p1a: Pawmot|0 fnt\n|faint|p1a: Pawmot\n|\n|upkeep\n|\n|t:|1699335980\n|switch|p1a: Mimikyu|Mimikyu, M|88\/100\n|turn|36\n|\n|t:|1699335988\n|move|p1a: Mimikyu|Play Rough|p2a: Billy\n|-damage|p2a: Billy|10\/100\n|-damage|p1a: Mimikyu|72\/100|[from] item: Rocky Helmet|[of] p2a: Billy\n|move|p2a: Billy|Leech Seed|p1a: Mimikyu\n|-start|p1a: Mimikyu|move: Leech Seed\n|\n|-damage|p1a: Mimikyu|59\/100|[from] Leech Seed|[of] p2a: Billy\n|-heal|p2a: Billy|17\/100|[silent]\n|upkeep\n|turn|37\n|\n|t:|1699335998\n|switch|p2a: Bobby|Clodsire, M, shiny|100\/100\n|move|p1a: Mimikyu|Play Rough|p2a: Bobby\n|-resisted|p2a: Bobby\n|-damage|p2a: Bobby|81\/100\n|\n|-heal|p2a: Bobby|87\/100|[from] item: Black Sludge\n|-damage|p1a: Mimikyu|47\/100|[from] Leech Seed|[of] p2a: Bobby\n|-heal|p2a: Bobby|94\/100|[silent]\n|upkeep\n|turn|38\n|\n|t:|1699336006\n|move|p1a: Mimikyu|Pain Split|p2a: Bobby\n|-sethp|p2a: Bobby|60\/100|[from] move: Pain Split|[silent]\n|-sethp|p1a: Mimikyu|100\/100|[from] move: Pain Split\n|move|p2a: Bobby|Toxic Spikes|p1a: Mimikyu\n|-sidestart|p1: Tysnap05|move: Toxic Spikes\n|\n|-heal|p2a: Bobby|66\/100|[from] item: Black Sludge\n|-damage|p1a: Mimikyu|88\/100|[from] Leech Seed|[of] p2a: Bobby\n|-heal|p2a: Bobby|73\/100|[silent]\n|upkeep\n|turn|39\n|\n|t:|1699336015\n|move|p1a: Mimikyu|Shadow Ball|p2a: Bobby\n|-damage|p2a: Bobby|63\/100\n|move|p2a: Bobby|Toxic Spikes|p1a: Mimikyu\n|-sidestart|p1: Tysnap05|move: Toxic Spikes\n|\n|-heal|p2a: Bobby|70\/100|[from] item: Black Sludge\n|-damage|p1a: Mimikyu|76\/100|[from] Leech Seed|[of] p2a: Bobby\n|-heal|p2a: Bobby|76\/100|[silent]\n|upkeep\n|turn|40\n|\n|t:|1699336028\n|move|p1a: Mimikyu|Shadow Ball|p2a: Bobby\n|-damage|p2a: Bobby|67\/100\n|move|p2a: Bobby|Yawn|p1a: Mimikyu\n|-start|p1a: Mimikyu|move: Yawn|[of] p2a: Bobby\n|\n|-heal|p2a: Bobby|73\/100|[from] item: Black Sludge\n|-damage|p1a: Mimikyu|63\/100|[from] Leech Seed|[of] p2a: Bobby\n|-heal|p2a: Bobby|80\/100|[silent]\n|upkeep\n|turn|41\n|\n|t:|1699336041\n|switch|p1a: Brute Bonnet|Brute Bonnet|50\/100\n|-status|p1a: Brute Bonnet|tox\n|move|p2a: Bobby|Liquidation|p1a: Brute Bonnet\n|-resisted|p1a: Brute Bonnet\n|-damage|p1a: Brute Bonnet|44\/100 tox\n|\n|-heal|p2a: Bobby|86\/100|[from] item: Black Sludge\n|-damage|p1a: Brute Bonnet|38\/100 tox|[from] psn\n|upkeep\n|turn|42\n|c|\u2606DR4N|Who doesnt love bobby\n|\n|t:|1699336052\n|move|p1a: Brute Bonnet|Spore|p2a: Bobby\n|-status|p2a: Bobby|slp|[from] move: Spore\n|cant|p2a: Bobby|slp\n|\n|-heal|p2a: Bobby|92\/100 slp|[from] item: Black Sludge\n|-damage|p1a: Brute Bonnet|26\/100 tox|[from] psn\n|upkeep\n|turn|43\n|\n|t:|1699336063\n|move|p1a: Brute Bonnet|Energy Ball|p2a: Bobby\n|-damage|p2a: Bobby|80\/100 slp\n|-unboost|p2a: Bobby|spd|1\n|-curestatus|p2a: Bobby|slp|[msg]\n|move|p2a: Bobby|Liquidation|p1a: Brute Bonnet\n|-resisted|p1a: Brute Bonnet\n|-damage|p1a: Brute Bonnet|20\/100 tox\n|\n|-heal|p2a: Bobby|86\/100|[from] item: Black Sludge\n|-damage|p1a: Brute Bonnet|2\/100 tox|[from] psn\n|upkeep\n|turn|44\n|\n|t:|1699336074\n|move|p2a: Bobby|Protect|p2a: Bobby\n|-singleturn|p2a: Bobby|Protect\n|move|p1a: Brute Bonnet|Spore|p2a: Bobby\n|-activate|p2a: Bobby|move: Protect\n|\n|-heal|p2a: Bobby|92\/100|[from] item: Black Sludge\n|-damage|p1a: Brute Bonnet|0 fnt|[from] psn\n|faint|p1a: Brute Bonnet\n|-end|p1a: Brute Bonnet|Protosynthesis|[silent]\n|upkeep\n|\n|t:|1699336086\n|switch|p1a: Mimikyu|Mimikyu, M|63\/100\n|-status|p1a: Mimikyu|tox\n|turn|45\n|\n|t:|1699336101\n|move|p1a: Mimikyu|Pain Split|p2a: Bobby\n|-sethp|p2a: Bobby|63\/100|[from] move: Pain Split|[silent]\n|-sethp|p1a: Mimikyu|100\/100 tox|[from] move: Pain Split\n|move|p2a: Bobby|Liquidation|p1a: Mimikyu\n|-activate|p1a: Mimikyu|ability: Disguise\n|-damage|p1a: Mimikyu|100\/100 tox\n|-unboost|p1a: Mimikyu|def|1\n|detailschange|p1a: Mimikyu|Mimikyu-Busted, M\n|-damage|p1a: Mimikyu|88\/100 tox|[from] pokemon: Mimikyu-Busted\n|-enditem|p1a: Mimikyu|Red Card|[of] p2a: Bobby\n|drag|p2a: Mick|Arcanine, M, shiny|92\/100\n|\n|-damage|p1a: Mimikyu|82\/100 tox|[from] psn\n|upkeep\n|turn|46\n|\n|t:|1699336121\n|switch|p2a: Bobby|Clodsire, M, shiny|63\/100\n|move|p1a: Mimikyu|Play Rough|p2a: Bobby\n|-resisted|p2a: Bobby\n|-damage|p2a: Bobby|43\/100\n|\n|-heal|p2a: Bobby|49\/100|[from] item: Black Sludge\n|-damage|p1a: Mimikyu|70\/100 tox|[from] psn\n|upkeep\n|turn|47\n|\n|t:|1699336135\n|move|p2a: Bobby|Protect|p2a: Bobby\n|-singleturn|p2a: Bobby|Protect\n|move|p1a: Mimikyu|Shadow Ball|p2a: Bobby\n|-activate|p2a: Bobby|move: Protect\n|\n|-heal|p2a: Bobby|55\/100|[from] item: Black Sludge\n|-damage|p1a: Mimikyu|52\/100 tox|[from] psn\n|upkeep\n|turn|48\n|\n|t:|1699336152\n|switch|p2a: Billy|Gogoat, M, shiny, tera:Ground|17\/100\n|move|p1a: Mimikyu|Shadow Ball|p2a: Billy\n|-damage|p2a: Billy|2\/100\n|\n|-damage|p1a: Mimikyu|28\/100 tox|[from] psn\n|upkeep\n|turn|49\n|\n|t:|1699336162\n|switch|p2a: Bobby|Clodsire, M, shiny|55\/100\n|move|p1a: Mimikyu|Shadow Ball|p2a: Bobby\n|-damage|p2a: Bobby|47\/100\n|\n|-heal|p2a: Bobby|53\/100|[from] item: Black Sludge\n|-damage|p1a: Mimikyu|0 fnt|[from] psn\n|faint|p1a: Mimikyu\n|upkeep\n|\n|t:|1699336169\n|switch|p1a: Miraidon|Miraidon|100\/100\n|-fieldstart|move: Electric Terrain|[from] ability: Hadron Engine|[of] p1a: Miraidon\n|-item|p1a: Miraidon|Air Balloon\n|turn|50\n|\n|t:|1699336176\n|move|p2a: Bobby|Protect|p2a: Bobby\n|-singleturn|p2a: Bobby|Protect\n|move|p1a: Miraidon|Electro Drift|p2a: Bobby\n|-activate|p2a: Bobby|move: Protect\n|\n|-heal|p2a: Bobby|59\/100|[from] item: Black Sludge\n|upkeep\n|turn|51\n|\n|t:|1699336183\n|move|p1a: Miraidon|Electro Drift|p2a: Bobby\n|-immune|p2a: Bobby\n|move|p2a: Bobby|Yawn|p1a: Miraidon\n|-start|p1a: Miraidon|move: Yawn|[of] p2a: Bobby\n|\n|-heal|p2a: Bobby|65\/100|[from] item: Black Sludge\n|upkeep\n|turn|52\n|c|\u2606DR4N|Gg\n|\n|t:|1699336197\n|switch|p2a: Mick|Arcanine, M, shiny|92\/100\n|-terastallize|p1a: Miraidon|Electric\n|move|p1a: Miraidon|Dragon Tail|p2a: Mick\n|-damage|p2a: Mick|69\/100\n|drag|p2a: Mallow|Pawmot, F, shiny|43\/100 slp\n|\n|-end|p1a: Miraidon|move: Yawn|[silent]\n|-status|p1a: Miraidon|slp\n|upkeep\n|turn|53\n|inactive|Battle timer is ON: inactive players will automatically lose when time's up. (requested by DR4N)\n|\n|t:|1699336212\n|switch|p2a: Billy|Gogoat, M, shiny, tera:Ground|2\/100\n|cant|p1a: Miraidon|slp\n|\n|upkeep\n|turn|54\n|\n|t:|1699336221\n|cant|p1a: Miraidon|slp\n|move|p2a: Billy|Leech Seed|p1a: Miraidon\n|-start|p1a: Miraidon|move: Leech Seed\n|\n|-damage|p1a: Miraidon|88\/100 slp|[from] Leech Seed|[of] p2a: Billy\n|-heal|p2a: Billy|11\/100|[silent]\n|-fieldend|move: Electric Terrain\n|upkeep\n|turn|55\n|c|\u2606DR4N|Billy the mvp\n|\n|t:|1699336229\n|cant|p1a: Miraidon|slp\n|move|p2a: Billy|Earthquake|p1a: Miraidon\n|-immune|p1a: Miraidon\n|\n|-damage|p1a: Miraidon|76\/100 slp|[from] Leech Seed|[of] p2a: Billy\n|-heal|p2a: Billy|20\/100|[silent]\n|upkeep\n|turn|56\n|\n|t:|1699336237\n|-curestatus|p1a: Miraidon|slp|[msg]\n|move|p1a: Miraidon|Dragon Pulse|p2a: Billy\n|-damage|p2a: Billy|0 fnt\n|faint|p2a: Billy\n|\n|upkeep\n|c|\u2606DR4N|Billy nooo\n|\n|t:|1699336246\n|switch|p2a: Mallow|Pawmot, F, shiny|43\/100 slp\n|turn|57\n|\n|t:|1699336253\n|move|p1a: Miraidon|Dragon Pulse|p2a: Mallow\n|-damage|p2a: Mallow|0 fnt\n|faint|p2a: Mallow\n|\n|upkeep\n|\n|t:|1699336257\n|switch|p2a: Sonic|Lycanroc-Dusk, M, shiny|100\/100\n|turn|58\n|inactive|Tysnap05 has 120 seconds left.\n|l|\u2606Tysnap05\n|inactive|Tysnap05 disconnected and has a minute to reconnect!\n|player|p1|\n|inactive|Tysnap05 has 30 seconds to reconnect!\n|inactive|Tysnap05 has 20 seconds to reconnect!\n|inactive|Tysnap05 has 15 seconds to reconnect!\n|inactive|Tysnap05 has 10 seconds to reconnect!\n|inactive|Tysnap05 has 5 seconds to reconnect!\n|-message|Tysnap05 lost due to inactivity.\n|\n|win|DR4N\n|raw|Tysnap05's rating: 1172 &rarr; <strong>1137<\/strong><br \/>(-35 for losing)\n|raw|DR4N's rating: 1033 &rarr; <strong>1081<\/strong><br \/>(+48 for winning)\n","uploadtime":1699336365,"views":5,"p1id":"tysnap05","p2id":"dr4n","formatid":"gen9anythinggoes","rating":1081,"private":0,"password":""}