{"id":"gen9anythinggoes-1986905157","p1":"moneygetter69","p2":"Allanubs","format":"[Gen 9] Anything Goes","log":"|j|\u2606moneygetter69\n|j|\u2606Allanubs\n|t:|1699539684\n|gametype|singles\n|player|p1|moneygetter69|102|1089\n|player|p2|Allanubs|acetrainersnow|1183\n|teamsize|p1|6\n|teamsize|p2|6\n|gen|9\n|tier|[Gen 9] Anything Goes\n|rated|\n|rule|HP Percentage Mod: HP is shown in percentages\n|rule|Endless Battle Clause: Forcing endless battles is banned\n|clearpoke\n|poke|p1|Hoopa-Unbound|\n|poke|p1|Goodra-Hisui, M|\n|poke|p1|Dragapult, M|\n|poke|p1|Volcanion|\n|poke|p1|Ursaluna-Bloodmoon, M|\n|poke|p1|Conkeldurr, M|\n|poke|p2|Crawdaunt, M|\n|poke|p2|Volcarona, F|\n|poke|p2|Espathra, M|\n|poke|p2|Baxcalibur, F|\n|poke|p2|Regieleki|\n|poke|p2|Glimmora, F|\n|teampreview\n|inactive|Battle timer is ON: inactive players will automatically lose when time's up. (requested by Allanubs)\n|\n|t:|1699539693\n|start\n|switch|p1a: Conkeldurr|Conkeldurr, M|100\/100\n|switch|p2a: Crawdaunt|Crawdaunt, M|100\/100\n|turn|1\n|c|\u2606moneygetter69|good luck\n|c|\u2606moneygetter69|hf\n|\n|t:|1699539705\n|switch|p2a: Glimmora|Glimmora, F|100\/100\n|move|p1a: Conkeldurr|Drain Punch|p2a: Glimmora\n|-damage|p2a: Glimmora|30\/100\n|-activate|p2a: Glimmora|ability: Toxic Debris\n|-sidestart|p1: moneygetter69|move: Toxic Spikes\n|-damage|p1a: Conkeldurr|91\/100|[from] item: Life Orb\n|\n|upkeep\n|turn|2\n|\n|t:|1699539712\n|move|p2a: Glimmora|Spiky Shield|p2a: Glimmora\n|-singleturn|p2a: Glimmora|move: Protect\n|move|p1a: Conkeldurr|Earthquake|p2a: Glimmora\n|-activate|p2a: Glimmora|move: Protect\n|\n|upkeep\n|turn|3\n|\n|t:|1699539718\n|move|p2a: Glimmora|Stealth Rock|p1a: Conkeldurr\n|-sidestart|p1: moneygetter69|move: Stealth Rock\n|move|p1a: Conkeldurr|Earthquake|p2a: Glimmora\n|-supereffective|p2a: Glimmora\n|-damage|p2a: Glimmora|0 fnt\n|-activate|p2a: Glimmora|ability: Toxic Debris\n|-sidestart|p1: moneygetter69|move: Toxic Spikes\n|faint|p2a: Glimmora\n|-damage|p1a: Conkeldurr|81\/100|[from] item: Life Orb\n|\n|upkeep\n|\n|t:|1699539726\n|switch|p2a: Espathra|Espathra, M|100\/100\n|turn|4\n|\n|t:|1699539738\n|switch|p1a: Goodra|Goodra-Hisui, M|100\/100\n|-damage|p1a: Goodra|95\/100|[from] Stealth Rock\n|move|p2a: Espathra|Calm Mind|p2a: Espathra\n|-boost|p2a: Espathra|spa|1\n|-boost|p2a: Espathra|spd|1\n|\n|-heal|p1a: Goodra|100\/100|[from] item: Leftovers\n|-ability|p2a: Espathra|Speed Boost|boost\n|-boost|p2a: Espathra|spe|1\n|upkeep\n|turn|5\n|\n|t:|1699539754\n|move|p2a: Espathra|Calm Mind|p2a: Espathra\n|-boost|p2a: Espathra|spa|1\n|-boost|p2a: Espathra|spd|1\n|move|p1a: Goodra|Sludge Bomb|p2a: Espathra\n|-damage|p2a: Espathra|81\/100\n|\n|-heal|p2a: Espathra|87\/100|[from] item: Leftovers\n|-ability|p2a: Espathra|Speed Boost|boost\n|-boost|p2a: Espathra|spe|1\n|upkeep\n|turn|6\n|\n|t:|1699539766\n|move|p2a: Espathra|Stored Power|p1a: Goodra\n|-resisted|p1a: Goodra\n|-damage|p1a: Goodra|63\/100\n|move|p1a: Goodra|Sludge Bomb|p2a: Espathra\n|-damage|p2a: Espathra|67\/100\n|-status|p2a: Espathra|psn\n|\n|-heal|p2a: Espathra|73\/100 psn|[from] item: Leftovers\n|-heal|p1a: Goodra|69\/100|[from] item: Leftovers\n|-damage|p2a: Espathra|61\/100 psn|[from] psn\n|-ability|p2a: Espathra|Speed Boost|boost\n|-boost|p2a: Espathra|spe|1\n|upkeep\n|turn|7\n|\n|t:|1699539773\n|move|p2a: Espathra|Shadow Ball|p1a: Goodra\n|-damage|p1a: Goodra|36\/100\n|-unboost|p1a: Goodra|spd|1\n|move|p1a: Goodra|Acid Armor|p1a: Goodra\n|-boost|p1a: Goodra|def|2\n|\n|-heal|p2a: Espathra|67\/100 psn|[from] item: Leftovers\n|-heal|p1a: Goodra|42\/100|[from] item: Leftovers\n|-damage|p2a: Espathra|54\/100 psn|[from] psn\n|-ability|p2a: Espathra|Speed Boost|boost\n|-boost|p2a: Espathra|spe|1\n|upkeep\n|turn|8\n|\n|t:|1699539781\n|move|p2a: Espathra|Stored Power|p1a: Goodra\n|-resisted|p1a: Goodra\n|-damage|p1a: Goodra|0 fnt\n|faint|p1a: Goodra\n|\n|-heal|p2a: Espathra|60\/100 psn|[from] item: Leftovers\n|-damage|p2a: Espathra|48\/100 psn|[from] psn\n|-ability|p2a: Espathra|Speed Boost|boost\n|-boost|p2a: Espathra|spe|1\n|upkeep\n|\n|t:|1699539790\n|switch|p1a: Hoopa|Hoopa-Unbound|100\/100\n|-status|p1a: Hoopa|tox\n|-damage|p1a: Hoopa|88\/100 tox|[from] Stealth Rock\n|turn|9\n|\n|t:|1699539799\n|move|p2a: Espathra|Shadow Ball|p1a: Hoopa\n|-damage|p1a: Hoopa|43\/100 tox\n|-unboost|p1a: Hoopa|spd|1\n|move|p1a: Hoopa|Calm Mind|p1a: Hoopa\n|-boost|p1a: Hoopa|spa|1\n|-boost|p1a: Hoopa|spd|1\n|\n|-heal|p2a: Espathra|54\/100 psn|[from] item: Leftovers\n|-heal|p1a: Hoopa|49\/100 tox|[from] item: Leftovers\n|-damage|p2a: Espathra|42\/100 psn|[from] psn\n|-damage|p1a: Hoopa|43\/100 tox|[from] psn\n|-ability|p2a: Espathra|Speed Boost|boost\n|-boost|p2a: Espathra|spe|1\n|upkeep\n|turn|10\n|\n|t:|1699539809\n|move|p2a: Espathra|Shadow Ball|p1a: Hoopa\n|-damage|p1a: Hoopa|2\/100 tox\n|move|p1a: Hoopa|Dark Pulse|p2a: Espathra\n|-supereffective|p2a: Espathra\n|-crit|p2a: Espathra\n|-damage|p2a: Espathra|0 fnt\n|faint|p2a: Espathra\n|\n|-heal|p1a: Hoopa|8\/100 tox|[from] item: Leftovers\n|-damage|p1a: Hoopa|0 fnt|[from] psn\n|faint|p1a: Hoopa\n|upkeep\n|\n|t:|1699539820\n|switch|p1a: Ursaluna|Ursaluna-Bloodmoon, M|100\/100\n|switch|p2a: Crawdaunt|Crawdaunt, M|100\/100\n|-status|p1a: Ursaluna|tox\n|-damage|p1a: Ursaluna|94\/100 tox|[from] Stealth Rock\n|turn|11\n|\n|t:|1699539836\n|move|p2a: Crawdaunt|Dragon Dance|p2a: Crawdaunt\n|-boost|p2a: Crawdaunt|atk|1\n|-boost|p2a: Crawdaunt|spe|1\n|move|p1a: Ursaluna|Blood Moon|p2a: Crawdaunt\n|-damage|p2a: Crawdaunt|0 fnt\n|faint|p2a: Crawdaunt\n|\n|-damage|p1a: Ursaluna|88\/100 tox|[from] psn\n|upkeep\n|\n|t:|1699539842\n|switch|p2a: Baxcalibur|Baxcalibur, F|100\/100\n|turn|12\n|\n|t:|1699539849\n|move|p2a: Baxcalibur|Dragon Dance|p2a: Baxcalibur\n|-boost|p2a: Baxcalibur|atk|1\n|-boost|p2a: Baxcalibur|spe|1\n|-activate|p1a: Ursaluna|move: Struggle\n|move|p1a: Ursaluna|Struggle|p2a: Baxcalibur\n|-damage|p2a: Baxcalibur|94\/100\n|-damage|p1a: Ursaluna|63\/100 tox|[from] recoil\n|\n|-damage|p1a: Ursaluna|51\/100 tox|[from] psn\n|upkeep\n|turn|13\n|\n|t:|1699539857\n|-terastallize|p2a: Baxcalibur|Steel\n|move|p2a: Baxcalibur|Dragon Dance|p2a: Baxcalibur\n|-boost|p2a: Baxcalibur|atk|1\n|-boost|p2a: Baxcalibur|spe|1\n|move|p1a: Ursaluna|Blood Moon|p2a: Baxcalibur\n|-resisted|p2a: Baxcalibur\n|-damage|p2a: Baxcalibur|34\/100\n|\n|-damage|p1a: Ursaluna|33\/100 tox|[from] psn\n|upkeep\n|turn|14\n|\n|t:|1699539865\n|switch|p1a: Conkeldurr|Conkeldurr, M|81\/100\n|-status|p1a: Conkeldurr|tox\n|-damage|p1a: Conkeldurr|75\/100 tox|[from] Stealth Rock\n|move|p2a: Baxcalibur|Icicle Spear|p1a: Conkeldurr\n|-damage|p1a: Conkeldurr|46\/100 tox\n|-damage|p1a: Conkeldurr|18\/100 tox\n|-damage|p1a: Conkeldurr|0 fnt\n|faint|p1a: Conkeldurr\n|-hitcount|p1: Conkeldurr|3\n|\n|upkeep\n|\n|t:|1699539868\n|switch|p1a: Ursaluna|Ursaluna-Bloodmoon, M|33\/100 tox\n|-damage|p1a: Ursaluna|27\/100 tox|[from] Stealth Rock\n|turn|15\n|\n|t:|1699539877\n|move|p2a: Baxcalibur|Scale Shot|p1a: Ursaluna\n|-damage|p1a: Ursaluna|7\/100 tox\n|-damage|p1a: Ursaluna|0 fnt\n|faint|p1a: Ursaluna\n|-hitcount|p1: Ursaluna|2\n|-unboost|p2a: Baxcalibur|def|1\n|-boost|p2a: Baxcalibur|spe|1\n|\n|upkeep\n|\n|t:|1699539882\n|switch|p1a: Volcanion|Volcanion|100\/100\n|-status|p1a: Volcanion|tox\n|-damage|p1a: Volcanion|75\/100 tox|[from] Stealth Rock\n|turn|16\n|\n|t:|1699539889\n|move|p2a: Baxcalibur|Scale Shot|p1a: Volcanion\n|-damage|p1a: Volcanion|51\/100 tox\n|-damage|p1a: Volcanion|25\/100 tox\n|-damage|p1a: Volcanion|1\/100 tox\n|-damage|p1a: Volcanion|0 fnt\n|faint|p1a: Volcanion\n|-hitcount|p1: Volcanion|4\n|-unboost|p2a: Baxcalibur|def|1\n|-boost|p2a: Baxcalibur|spe|1\n|\n|upkeep\n|\n|t:|1699539892\n|switch|p1a: Dragapult|Dragapult, M|100\/100\n|-status|p1a: Dragapult|tox\n|-damage|p1a: Dragapult|88\/100 tox|[from] Stealth Rock\n|turn|17\n|\n|t:|1699539900\n|-terastallize|p1a: Dragapult|Fairy\n|move|p2a: Baxcalibur|Scale Shot|p1a: Dragapult\n|-immune|p1a: Dragapult\n|move|p1a: Dragapult|Psychic Fangs|p2a: Baxcalibur\n|-resisted|p2a: Baxcalibur\n|-damage|p2a: Baxcalibur|4\/100\n|\n|-heal|p1a: Dragapult|94\/100 tox|[from] item: Leftovers\n|-damage|p1a: Dragapult|88\/100 tox|[from] psn\n|upkeep\n|turn|18\n|\n|t:|1699539907\n|move|p2a: Baxcalibur|Iron Head|p1a: Dragapult\n|-supereffective|p1a: Dragapult\n|-damage|p1a: Dragapult|0 fnt\n|faint|p1a: Dragapult\n|\n|win|Allanubs\n|raw|moneygetter69's rating: 1089 &rarr; <strong>1072<\/strong><br \/>(-17 for losing)\n|raw|Allanubs's rating: 1183 &rarr; <strong>1201<\/strong><br \/>(+18 for winning)\n|l|\u2606moneygetter69\n","uploadtime":1699539916,"views":4,"p1id":"moneygetter69","p2id":"allanubs","formatid":"gen9anythinggoes","rating":1072,"private":0,"password":""}