{"id":"gen9anythinggoes-1985984313","p1":"Rahmadi007","p2":"MrMimeIsMrKetchum","format":"[Gen 9] Anything Goes","log":"|j|\u2606Rahmadi007\n|j|\u2606MrMimeIsMrKetchum\n|t:|1699434062\n|gametype|singles\n|player|p1|Rahmadi007|preschooler|1192\n|player|p2|MrMimeIsMrKetchum|swimmerf-gen4|1142\n|teamsize|p1|6\n|teamsize|p2|1\n|gen|9\n|tier|[Gen 9] Anything Goes\n|rated|\n|rule|HP Percentage Mod: HP is shown in percentages\n|rule|Endless Battle Clause: Forcing endless battles is banned\n|clearpoke\n|poke|p1|Landorus-Therian, M|\n|poke|p1|Thundurus-Therian, M|\n|poke|p1|Tornadus-Therian, M|\n|poke|p1|Enamorus-Therian, F|\n|poke|p1|Pelipper, M|\n|poke|p1|Kyogre|\n|poke|p2|Scovillain, M|\n|teampreview\n|inactive|Battle timer is ON: inactive players will automatically lose when time's up. (requested by MrMimeIsMrKetchum)\n|inactive|Rahmadi007 has 120 seconds left.\n|\n|t:|1699434098\n|start\n|switch|p1a: Beeg Meelk|Pelipper, M|100\/100\n|switch|p2a: Scovillain|Scovillain, M, shiny|100\/100\n|-weather|RainDance|[from] ability: Drizzle|[of] p1a: Beeg Meelk\n|turn|1\n|\n|t:|1699434113\n|move|p2a: Scovillain|Substitute|p2a: Scovillain\n|-start|p2a: Scovillain|Substitute\n|-damage|p2a: Scovillain|76\/100\n|move|p1a: Beeg Meelk|Hurricane|p2a: Scovillain\n|-supereffective|p2a: Scovillain\n|-end|p2a: Scovillain|Substitute\n|\n|-weather|RainDance|[upkeep]\n|-heal|p2a: Scovillain|82\/100|[from] item: Leftovers\n|-ability|p2a: Scovillain|Moody|boost\n|-boost|p2a: Scovillain|atk|2\n|-unboost|p2a: Scovillain|def|1\n|upkeep\n|turn|2\n|\n|t:|1699434124\n|move|p2a: Scovillain|Protect|p2a: Scovillain\n|-singleturn|p2a: Scovillain|Protect\n|move|p1a: Beeg Meelk|Hurricane|p2a: Scovillain\n|-activate|p2a: Scovillain|move: Protect\n|\n|-weather|RainDance|[upkeep]\n|-heal|p2a: Scovillain|88\/100|[from] item: Leftovers\n|-ability|p2a: Scovillain|Moody|boost\n|-boost|p2a: Scovillain|spd|2\n|-unboost|p2a: Scovillain|atk|1\n|upkeep\n|turn|3\n|\n|t:|1699434130\n|-terastallize|p2a: Scovillain|Fire\n|move|p2a: Scovillain|Leech Seed|p1a: Beeg Meelk\n|-start|p1a: Beeg Meelk|move: Leech Seed\n|move|p1a: Beeg Meelk|Hurricane|p2a: Scovillain\n|-damage|p2a: Scovillain|62\/100\n|\n|-weather|RainDance|[upkeep]\n|-heal|p2a: Scovillain|68\/100|[from] item: Leftovers\n|-damage|p1a: Beeg Meelk|88\/100|[from] Leech Seed|[of] p2a: Scovillain\n|-heal|p2a: Scovillain|80\/100|[silent]\n|-ability|p2a: Scovillain|Moody|boost\n|-boost|p2a: Scovillain|spe|2\n|-unboost|p2a: Scovillain|spd|1\n|upkeep\n|turn|4\n|\n|t:|1699434143\n|move|p2a: Scovillain|Substitute|p2a: Scovillain\n|-start|p2a: Scovillain|Substitute\n|-damage|p2a: Scovillain|55\/100\n|move|p1a: Beeg Meelk|Knock Off|p2a: Scovillain\n|-end|p2a: Scovillain|Substitute\n|\n|-weather|RainDance|[upkeep]\n|-heal|p2a: Scovillain|61\/100|[from] item: Leftovers\n|-heal|p1a: Beeg Meelk|94\/100|[from] item: Leftovers\n|-damage|p1a: Beeg Meelk|82\/100|[from] Leech Seed|[of] p2a: Scovillain\n|-heal|p2a: Scovillain|73\/100|[silent]\n|-ability|p2a: Scovillain|Moody|boost\n|-boost|p2a: Scovillain|atk|2\n|-unboost|p2a: Scovillain|def|1\n|upkeep\n|turn|5\n|\n|t:|1699434155\n|move|p2a: Scovillain|Protect|p2a: Scovillain\n|-singleturn|p2a: Scovillain|Protect\n|move|p1a: Beeg Meelk|Knock Off|p2a: Scovillain\n|-activate|p2a: Scovillain|move: Protect\n|\n|-weather|none\n|-heal|p2a: Scovillain|79\/100|[from] item: Leftovers\n|-heal|p1a: Beeg Meelk|88\/100|[from] item: Leftovers\n|-damage|p1a: Beeg Meelk|76\/100|[from] Leech Seed|[of] p2a: Scovillain\n|-heal|p2a: Scovillain|91\/100|[silent]\n|-ability|p2a: Scovillain|Moody|boost\n|-boost|p2a: Scovillain|spa|2\n|-unboost|p2a: Scovillain|spd|1\n|upkeep\n|turn|6\n|\n|t:|1699434161\n|move|p2a: Scovillain|Substitute|p2a: Scovillain\n|-start|p2a: Scovillain|Substitute\n|-damage|p2a: Scovillain|66\/100\n|move|p1a: Beeg Meelk|Knock Off|p2a: Scovillain\n|-end|p2a: Scovillain|Substitute\n|\n|-heal|p2a: Scovillain|72\/100|[from] item: Leftovers\n|-heal|p1a: Beeg Meelk|82\/100|[from] item: Leftovers\n|-damage|p1a: Beeg Meelk|70\/100|[from] Leech Seed|[of] p2a: Scovillain\n|-heal|p2a: Scovillain|84\/100|[silent]\n|-ability|p2a: Scovillain|Moody|boost\n|-boost|p2a: Scovillain|atk|2\n|-unboost|p2a: Scovillain|def|1\n|upkeep\n|turn|7\n|\n|t:|1699434166\n|move|p2a: Scovillain|Protect|p2a: Scovillain\n|-singleturn|p2a: Scovillain|Protect\n|move|p1a: Beeg Meelk|Knock Off|p2a: Scovillain\n|-activate|p2a: Scovillain|move: Protect\n|\n|-heal|p2a: Scovillain|90\/100|[from] item: Leftovers\n|-heal|p1a: Beeg Meelk|76\/100|[from] item: Leftovers\n|-damage|p1a: Beeg Meelk|63\/100|[from] Leech Seed|[of] p2a: Scovillain\n|-heal|p2a: Scovillain|100\/100|[silent]\n|-ability|p2a: Scovillain|Moody|boost\n|-boost|p2a: Scovillain|atk|1\n|-unboost|p2a: Scovillain|spa|1\n|upkeep\n|turn|8\n|\n|t:|1699434169\n|move|p2a: Scovillain|Substitute|p2a: Scovillain\n|-start|p2a: Scovillain|Substitute\n|-damage|p2a: Scovillain|76\/100\n|move|p1a: Beeg Meelk|Roost|p1a: Beeg Meelk\n|-heal|p1a: Beeg Meelk|100\/100\n|-singleturn|p1a: Beeg Meelk|move: Roost\n|\n|-heal|p2a: Scovillain|82\/100|[from] item: Leftovers\n|-damage|p1a: Beeg Meelk|88\/100|[from] Leech Seed|[of] p2a: Scovillain\n|-heal|p2a: Scovillain|94\/100|[silent]\n|-ability|p2a: Scovillain|Moody|boost\n|-boost|p2a: Scovillain|spa|2\n|-unboost|p2a: Scovillain|atk|1\n|upkeep\n|turn|9\n|\n|t:|1699434182\n|move|p2a: Scovillain|Protect|p2a: Scovillain\n|-singleturn|p2a: Scovillain|Protect\n|move|p1a: Beeg Meelk|Knock Off|p2a: Scovillain\n|-activate|p2a: Scovillain|move: Protect\n|\n|-heal|p2a: Scovillain|99\/100|[from] item: Leftovers\n|-heal|p1a: Beeg Meelk|94\/100|[from] item: Leftovers\n|-damage|p1a: Beeg Meelk|82\/100|[from] Leech Seed|[of] p2a: Scovillain\n|-heal|p2a: Scovillain|100\/100|[silent]\n|-ability|p2a: Scovillain|Moody|boost\n|-boost|p2a: Scovillain|atk|1\n|-unboost|p2a: Scovillain|spd|1\n|upkeep\n|turn|10\n|\n|t:|1699434187\n|move|p2a: Scovillain|Flamethrower|p1a: Beeg Meelk\n|-resisted|p1a: Beeg Meelk\n|-damage|p1a: Beeg Meelk|0 fnt\n|faint|p1a: Beeg Meelk\n|\n|-ability|p2a: Scovillain|Moody|boost\n|-boost|p2a: Scovillain|spa|2\n|-unboost|p2a: Scovillain|spe|1\n|upkeep\n|\n|t:|1699434194\n|switch|p1a: Big Feesh|Kyogre|100\/100\n|-weather|RainDance|[from] ability: Drizzle|[of] p1a: Big Feesh\n|turn|11\n|\n|t:|1699434202\n|move|p2a: Scovillain|Protect|p2a: Scovillain\n|-singleturn|p2a: Scovillain|Protect\n|move|p1a: Big Feesh|Origin Pulse|p2a: Scovillain\n|-activate|p2a: Scovillain|move: Protect\n|\n|-weather|RainDance|[upkeep]\n|-ability|p2a: Scovillain|Moody|boost\n|-boost|p2a: Scovillain|spe|2\n|-unboost|p2a: Scovillain|spa|1\n|upkeep\n|turn|12\n|\n|t:|1699434204\n|move|p2a: Scovillain|Leech Seed|p1a: Big Feesh\n|-start|p1a: Big Feesh|move: Leech Seed\n|move|p1a: Big Feesh|Origin Pulse|p2a: Scovillain|[miss]\n|-miss|p1a: Big Feesh|p2a: Scovillain\n|\n|-weather|RainDance|[upkeep]\n|-damage|p1a: Big Feesh|88\/100|[from] Leech Seed|[of] p2a: Scovillain\n|-ability|p2a: Scovillain|Moody|boost\n|-boost|p2a: Scovillain|spe|2\n|-unboost|p2a: Scovillain|def|1\n|upkeep\n|turn|13\n|\n|t:|1699434211\n|switch|p1a: Brother Lao|Landorus-Therian, M, shiny|100\/100\n|-ability|p1a: Brother Lao|Intimidate|boost\n|-immune|p2a: Scovillain\n|move|p2a: Scovillain|Protect||[still]\n|-fail|p2a: Scovillain\n|\n|-weather|RainDance|[upkeep]\n|-ability|p2a: Scovillain|Moody|boost\n|-boost|p2a: Scovillain|def|2\n|-unboost|p2a: Scovillain|spe|1\n|upkeep\n|turn|14\n|\n|t:|1699434221\n|move|p2a: Scovillain|Leech Seed|p1a: Brother Lao\n|-start|p1a: Brother Lao|move: Leech Seed\n|move|p1a: Brother Lao|Sandsear Storm|p2a: Scovillain\n|-supereffective|p2a: Scovillain\n|-end|p2a: Scovillain|Substitute\n|\n|-weather|RainDance|[upkeep]\n|-damage|p1a: Brother Lao|88\/100|[from] Leech Seed|[of] p2a: Scovillain\n|-ability|p2a: Scovillain|Moody|boost\n|-boost|p2a: Scovillain|spd|2\n|-unboost|p2a: Scovillain|def|1\n|upkeep\n|turn|15\n|\n|t:|1699434232\n|move|p2a: Scovillain|Substitute|p2a: Scovillain\n|-start|p2a: Scovillain|Substitute\n|-damage|p2a: Scovillain|76\/100\n|move|p1a: Brother Lao|Sandsear Storm|p2a: Scovillain\n|-supereffective|p2a: Scovillain\n|-end|p2a: Scovillain|Substitute\n|\n|-weather|none\n|-heal|p2a: Scovillain|82\/100|[from] item: Leftovers\n|-damage|p1a: Brother Lao|76\/100|[from] Leech Seed|[of] p2a: Scovillain\n|-heal|p2a: Scovillain|93\/100|[silent]\n|-ability|p2a: Scovillain|Moody|boost\n|-boost|p2a: Scovillain|spe|2\n|-unboost|p2a: Scovillain|atk|1\n|upkeep\n|turn|16\n|\n|t:|1699434237\n|move|p2a: Scovillain|Protect|p2a: Scovillain\n|-singleturn|p2a: Scovillain|Protect\n|move|p1a: Brother Lao|Sandsear Storm|p2a: Scovillain\n|-activate|p2a: Scovillain|move: Protect\n|\n|-heal|p2a: Scovillain|99\/100|[from] item: Leftovers\n|-damage|p1a: Brother Lao|64\/100|[from] Leech Seed|[of] p2a: Scovillain\n|-heal|p2a: Scovillain|100\/100|[silent]\n|-ability|p2a: Scovillain|Moody|boost\n|-boost|p2a: Scovillain|atk|1\n|-unboost|p2a: Scovillain|def|1\n|upkeep\n|turn|17\n|\n|t:|1699434240\n|move|p2a: Scovillain|Substitute|p2a: Scovillain\n|-start|p2a: Scovillain|Substitute\n|-damage|p2a: Scovillain|76\/100\n|move|p1a: Brother Lao|Sandsear Storm|p2a: Scovillain\n|-supereffective|p2a: Scovillain\n|-end|p2a: Scovillain|Substitute\n|\n|-heal|p2a: Scovillain|82\/100|[from] item: Leftovers\n|-damage|p1a: Brother Lao|52\/100|[from] Leech Seed|[of] p2a: Scovillain\n|-heal|p2a: Scovillain|93\/100|[silent]\n|-ability|p2a: Scovillain|Moody|boost\n|-boost|p2a: Scovillain|spd|2\n|-unboost|p2a: Scovillain|atk|1\n|upkeep\n|turn|18\n|\n|t:|1699434252\n|switch|p1a: Big Feesh|Kyogre|88\/100\n|-weather|RainDance|[from] ability: Drizzle|[of] p1a: Big Feesh\n|move|p2a: Scovillain|Substitute|p2a: Scovillain\n|-start|p2a: Scovillain|Substitute\n|-damage|p2a: Scovillain|68\/100\n|\n|-weather|RainDance|[upkeep]\n|-heal|p2a: Scovillain|74\/100|[from] item: Leftovers\n|-heal|p1a: Big Feesh|94\/100|[from] item: Leftovers\n|-ability|p2a: Scovillain|Moody|boost\n|-boost|p2a: Scovillain|def|2\n|-unboost|p2a: Scovillain|spd|1\n|upkeep\n|turn|19\n|\n|t:|1699434264\n|-terastallize|p1a: Big Feesh|Grass\n|move|p2a: Scovillain|Protect|p2a: Scovillain\n|-singleturn|p2a: Scovillain|Protect\n|move|p1a: Big Feesh|Origin Pulse|p2a: Scovillain\n|-activate|p2a: Scovillain|move: Protect\n|\n|-weather|RainDance|[upkeep]\n|-heal|p2a: Scovillain|80\/100|[from] item: Leftovers\n|-heal|p1a: Big Feesh|100\/100|[from] item: Leftovers\n|-ability|p2a: Scovillain|Moody|boost\n|-boost|p2a: Scovillain|def|2\n|-unboost|p2a: Scovillain|atk|1\n|upkeep\n|turn|20\n|\n|t:|1699434273\n|move|p2a: Scovillain|Flamethrower|p1a: Big Feesh\n|-supereffective|p1a: Big Feesh\n|-crit|p1a: Big Feesh\n|-damage|p1a: Big Feesh|0 fnt\n|faint|p1a: Big Feesh\n|\n|-weather|RainDance|[upkeep]\n|-heal|p2a: Scovillain|86\/100|[from] item: Leftovers\n|-ability|p2a: Scovillain|Moody|boost\n|-boost|p2a: Scovillain|def|2\n|-unboost|p2a: Scovillain|spd|1\n|upkeep\n|\n|t:|1699434277\n|switch|p1a: Brother Long|Thundurus-Therian, M, shiny|100\/100\n|turn|21\n|\n|t:|1699434284\n|move|p2a: Scovillain|Protect|p2a: Scovillain\n|-singleturn|p2a: Scovillain|Protect\n|move|p1a: Brother Long|Wildbolt Storm|p2a: Scovillain\n|-activate|p2a: Scovillain|move: Protect\n|\n|-weather|RainDance|[upkeep]\n|-heal|p2a: Scovillain|92\/100|[from] item: Leftovers\n|-ability|p2a: Scovillain|Moody|boost\n|-boost|p2a: Scovillain|atk|2\n|-unboost|p2a: Scovillain|spd|1\n|upkeep\n|turn|22\n|\n|t:|1699434294\n|move|p2a: Scovillain|Leech Seed|p1a: Brother Long\n|-start|p1a: Brother Long|move: Leech Seed\n|move|p1a: Brother Long|Flash Cannon|p2a: Scovillain\n|-resisted|p2a: Scovillain\n|-end|p2a: Scovillain|Substitute\n|-damage|p1a: Brother Long|91\/100|[from] item: Life Orb\n|\n|-weather|none\n|-heal|p2a: Scovillain|98\/100|[from] item: Leftovers\n|-damage|p1a: Brother Long|78\/100|[from] Leech Seed|[of] p2a: Scovillain\n|-heal|p2a: Scovillain|100\/100|[silent]\n|-ability|p2a: Scovillain|Moody|boost\n|-boost|p2a: Scovillain|spd|2\n|-unboost|p2a: Scovillain|spa|1\n|upkeep\n|turn|23\n|\n|t:|1699434299\n|switch|p1a: Brother Lao|Landorus-Therian, M, shiny|52\/100\n|-ability|p1a: Brother Lao|Intimidate|boost\n|-unboost|p2a: Scovillain|atk|1\n|move|p2a: Scovillain|Substitute|p2a: Scovillain\n|-start|p2a: Scovillain|Substitute\n|-damage|p2a: Scovillain|76\/100\n|\n|-heal|p2a: Scovillain|82\/100|[from] item: Leftovers\n|-ability|p2a: Scovillain|Moody|boost\n|-boost|p2a: Scovillain|def|2\n|-unboost|p2a: Scovillain|spe|1\n|upkeep\n|turn|24\n|\n|t:|1699434309\n|move|p2a: Scovillain|Leech Seed|p1a: Brother Lao|[miss]\n|-miss|p2a: Scovillain|p1a: Brother Lao\n|move|p1a: Brother Lao|Earthquake|p2a: Scovillain\n|-supereffective|p2a: Scovillain\n|-end|p2a: Scovillain|Substitute\n|\n|-heal|p2a: Scovillain|88\/100|[from] item: Leftovers\n|-ability|p2a: Scovillain|Moody|boost\n|-boost|p2a: Scovillain|spa|2\n|-unboost|p2a: Scovillain|atk|1\n|upkeep\n|turn|25\n|\n|t:|1699434322\n|move|p2a: Scovillain|Protect|p2a: Scovillain\n|-singleturn|p2a: Scovillain|Protect\n|move|p1a: Brother Lao|Earthquake|p2a: Scovillain\n|-activate|p2a: Scovillain|move: Protect\n|\n|-heal|p2a: Scovillain|94\/100|[from] item: Leftovers\n|-ability|p2a: Scovillain|Moody|boost\n|-boost|p2a: Scovillain|spd|2\n|-unboost|p2a: Scovillain|spa|1\n|upkeep\n|turn|26\n|\n|t:|1699434325\n|move|p2a: Scovillain|Substitute|p2a: Scovillain\n|-start|p2a: Scovillain|Substitute\n|-damage|p2a: Scovillain|69\/100\n|move|p1a: Brother Lao|Earthquake|p2a: Scovillain\n|-supereffective|p2a: Scovillain\n|-end|p2a: Scovillain|Substitute\n|\n|-heal|p2a: Scovillain|75\/100|[from] item: Leftovers\n|-ability|p2a: Scovillain|Moody|boost\n|-boost|p2a: Scovillain|atk|2\n|-unboost|p2a: Scovillain|spa|1\n|upkeep\n|turn|27\n|\n|t:|1699434330\n|switch|p1a: Brother Ying|Tornadus-Therian, M, shiny|100\/100\n|move|p2a: Scovillain|Protect||[still]\n|-fail|p2a: Scovillain\n|\n|-heal|p2a: Scovillain|81\/100|[from] item: Leftovers\n|-ability|p2a: Scovillain|Moody|boost\n|-boost|p2a: Scovillain|spd|2\n|-unboost|p2a: Scovillain|spa|1\n|upkeep\n|turn|28\n|\n|t:|1699434342\n|move|p2a: Scovillain|Substitute|p2a: Scovillain\n|-start|p2a: Scovillain|Substitute\n|-damage|p2a: Scovillain|56\/100\n|move|p1a: Brother Ying|Taunt|p2a: Scovillain\n|-start|p2a: Scovillain|move: Taunt\n|\n|-heal|p2a: Scovillain|62\/100|[from] item: Leftovers\n|-ability|p2a: Scovillain|Moody|boost\n|-boost|p2a: Scovillain|spa|2\n|-unboost|p2a: Scovillain|def|1\n|upkeep\n|turn|29\n|\n|t:|1699434353\n|move|p2a: Scovillain|Flamethrower|p1a: Brother Ying\n|-crit|p1a: Brother Ying\n|-damage|p1a: Brother Ying|0 fnt\n|faint|p1a: Brother Ying\n|\n|-heal|p2a: Scovillain|68\/100|[from] item: Leftovers\n|-ability|p2a: Scovillain|Moody|boost\n|-boost|p2a: Scovillain|def|2\n|-unboost|p2a: Scovillain|spd|1\n|upkeep\n|\n|t:|1699434363\n|switch|p1a: Brother Lao|Landorus-Therian, M, shiny|52\/100\n|-ability|p1a: Brother Lao|Intimidate|boost\n|-immune|p2a: Scovillain\n|turn|30\n|\n|t:|1699434368\n|move|p2a: Scovillain|Flamethrower|p1a: Brother Lao\n|-damage|p1a: Brother Lao|0 fnt\n|faint|p1a: Brother Lao\n|\n|-heal|p2a: Scovillain|74\/100|[from] item: Leftovers\n|-ability|p2a: Scovillain|Moody|boost\n|-boost|p2a: Scovillain|spe|1\n|-unboost|p2a: Scovillain|atk|1\n|upkeep\n|\n|t:|1699434376\n|switch|p1a: Sister Gui|Enamorus-Therian, F, shiny|100\/100\n|turn|31\n|\n|t:|1699434382\n|move|p2a: Scovillain|Flamethrower|p1a: Sister Gui\n|-damage|p1a: Sister Gui|15\/100\n|move|p1a: Sister Gui|Earth Power|p2a: Scovillain\n|-supereffective|p2a: Scovillain\n|-end|p2a: Scovillain|Substitute\n|\n|-heal|p2a: Scovillain|80\/100|[from] item: Leftovers\n|-end|p2a: Scovillain|move: Taunt\n|-ability|p2a: Scovillain|Moody|boost\n|-boost|p2a: Scovillain|atk|1\n|-unboost|p2a: Scovillain|spe|1\n|upkeep\n|turn|32\n|\n|t:|1699434390\n|move|p2a: Scovillain|Flamethrower|p1a: Sister Gui\n|-damage|p1a: Sister Gui|0 fnt\n|faint|p1a: Sister Gui\n|\n|-heal|p2a: Scovillain|86\/100|[from] item: Leftovers\n|-ability|p2a: Scovillain|Moody|boost\n|-boost|p2a: Scovillain|spd|1\n|-unboost|p2a: Scovillain|def|1\n|upkeep\n|inactive|Rahmadi007 has 120 seconds left.\n|inactive|Rahmadi007 has 90 seconds left.\n|inactive|Rahmadi007 has 60 seconds left.\n|inactive|Rahmadi007 has 30 seconds left.\n|inactive|Rahmadi007 has 20 seconds left.\n|inactive|Rahmadi007 has 15 seconds left.\n|inactive|Rahmadi007 has 10 seconds left.\n|inactive|Rahmadi007 has 5 seconds left.\n|-message|Rahmadi007 lost due to inactivity.\n|\n|win|MrMimeIsMrKetchum\n|raw|Rahmadi007's rating: 1192 &rarr; <strong>1163<\/strong><br \/>(-29 for losing)\n|raw|MrMimeIsMrKetchum's rating: 1142 &rarr; <strong>1171<\/strong><br \/>(+29 for winning)\n|c|\u2606MrMimeIsMrKetchum|gg\n","uploadtime":1699434594,"views":4,"p1id":"rahmadi007","p2id":"mrmimeismrketchum","formatid":"gen9anythinggoes","rating":1163,"private":0,"password":""}