{"id":"gen9anythinggoes-1990076347","p1":"quaxli","p2":"isurmomcuteaf","format":"[Gen 9] Anything Goes","log":"|j|\u2606quaxli\n|j|\u2606isurmomcuteaf\n|t:|1699921988\n|gametype|singles\n|player|p1|quaxli|brawly|1519\n|player|p2|isurmomcuteaf|ghetsis-gen5bw|1614\n|teamsize|p1|6\n|teamsize|p2|6\n|gen|9\n|tier|[Gen 9] Anything Goes\n|rated|\n|rule|HP Percentage Mod: HP is shown in percentages\n|rule|Endless Battle Clause: Forcing endless battles is banned\n|clearpoke\n|poke|p1|Koraidon|\n|poke|p1|Miraidon|\n|poke|p1|Zacian-*|\n|poke|p1|Ditto|\n|poke|p1|Calyrex-Shadow|\n|poke|p1|Ting-Lu|\n|poke|p2|Lycanroc-Dusk, F|\n|poke|p2|Calyrex-Shadow|\n|poke|p2|Arceus|\n|poke|p2|Zacian-*|\n|poke|p2|Koraidon|\n|poke|p2|Miraidon|\n|teampreview\n|inactive|Battle timer is ON: inactive players will automatically lose when time's up. (requested by isurmomcuteaf)\n|inactive|quaxli also wants the timer to be on.\n|c|\u2606quaxli|wassup\n|c|\u2606isurmomcuteaf|oh-\n|c|\u2606isurmomcuteaf|hi vihaan\n|inactive|quaxli has 120 seconds left.\n|inactive|isurmomcuteaf has 120 seconds left.\n|\n|t:|1699922022\n|start\n|switch|p1a: Ting-Lu|Ting-Lu|100\/100\n|switch|p2a: Supportive|Lycanroc-Dusk, F|100\/100\n|-ability|p1a: Ting-Lu|Vessel of Ruin\n|turn|1\n|c|\u2606quaxli|hey\n|c|\u2606isurmomcuteaf|uhhh\n|c|\u2606isurmomcuteaf|this is akward\n|\n|t:|1699922035\n|move|p2a: Supportive|Taunt|p1a: Ting-Lu\n|-start|p1a: Ting-Lu|move: Taunt\n|cant|p1a: Ting-Lu|move: Taunt|Stealth Rock\n|\n|upkeep\n|turn|2\n|c|\u2606quaxli|i removed cloyster\n|\n|t:|1699922038\n|move|p2a: Supportive|Stealth Rock|p1a: Ting-Lu\n|-sidestart|p1: quaxli|move: Stealth Rock\n|move|p1a: Ting-Lu|Earthquake|p2a: Supportive\n|-supereffective|p2a: Supportive\n|-enditem|p2a: Supportive|Focus Sash\n|-damage|p2a: Supportive|1\/100\n|\n|upkeep\n|turn|3\n|\n|t:|1699922043\n|move|p2a: Supportive|Close Combat|p1a: Ting-Lu\n|-supereffective|p1a: Ting-Lu\n|-damage|p1a: Ting-Lu|57\/100\n|-unboost|p2a: Supportive|def|1\n|-unboost|p2a: Supportive|spd|1\n|-damage|p2a: Supportive|0 fnt|[from] item: Rocky Helmet|[of] p1a: Ting-Lu\n|faint|p2a: Supportive\n|move|p1a: Ting-Lu|Earthquake|p2: Supportive|[notarget]\n|-fail|p1a: Ting-Lu\n|\n|-end|p1a: Ting-Lu|move: Taunt\n|upkeep\n|\n|t:|1699922049\n|switch|p2a: OutSpeed|Koraidon|100\/100\n|-weather|SunnyDay|[from] ability: Orichalcum Pulse|[of] p2a: OutSpeed\n|-activate|p2a: OutSpeed|Orichalcum Pulse|[source]\n|turn|4\n|\n|t:|1699922057\n|move|p2a: OutSpeed|Dragon Claw|p1a: Ting-Lu\n|-damage|p1a: Ting-Lu|35\/100\n|-damage|p2a: OutSpeed|84\/100|[from] item: Rocky Helmet|[of] p1a: Ting-Lu\n|move|p1a: Ting-Lu|Stealth Rock|p2a: OutSpeed\n|-sidestart|p2: isurmomcuteaf|move: Stealth Rock\n|\n|-weather|SunnyDay|[upkeep]\n|upkeep\n|turn|5\n|c|\u2606isurmomcuteaf|oh i thought u would switch\n|\n|t:|1699922071\n|switch|p2a: CrownDog|Zacian-Crowned|100\/100\n|-damage|p2a: CrownDog|94\/100|[from] Stealth Rock\n|-ability|p2a: CrownDog|Intrepid Sword|boost\n|-boost|p2a: CrownDog|atk|1\n|move|p1a: Ting-Lu|Spikes|p2a: CrownDog\n|-sidestart|p2: isurmomcuteaf|Spikes\n|\n|-weather|SunnyDay|[upkeep]\n|upkeep\n|turn|6\n|c|\u2606quaxli|scarf?\n|\n|t:|1699922079\n|move|p2a: CrownDog|Play Rough|p1a: Ting-Lu\n|-supereffective|p1a: Ting-Lu\n|-damage|p1a: Ting-Lu|0 fnt\n|-damage|p2a: CrownDog|78\/100|[from] item: Rocky Helmet|[of] p1a: Ting-Lu\n|faint|p1a: Ting-Lu\n|\n|-weather|SunnyDay|[upkeep]\n|upkeep\n|c|\u2606isurmomcuteaf|no\n|c|\u2606isurmomcuteaf|i didnt like scarf\n|c|\u2606isurmomcuteaf|too annoying\n|\n|t:|1699922094\n|switch|p1a: Zacian|Zacian-Crowned|100\/100\n|-damage|p1a: Zacian|94\/100|[from] Stealth Rock\n|-ability|p1a: Zacian|Intrepid Sword|boost\n|-boost|p1a: Zacian|atk|1\n|turn|7\n|\n|t:|1699922098\n|move|p2a: CrownDog|Behemoth Blade|p1a: Zacian\n|-damage|p1a: Zacian|11\/100\n|move|p1a: Zacian|Behemoth Blade|p2a: CrownDog\n|-damage|p2a: CrownDog|1\/100\n|\n|-weather|SunnyDay|[upkeep]\n|upkeep\n|turn|8\n|c|\u2606quaxli|lol\n|\n|t:|1699922105\n|move|p2a: CrownDog|Behemoth Blade|p1a: Zacian\n|-crit|p1a: Zacian\n|-damage|p1a: Zacian|0 fnt\n|faint|p1a: Zacian\n|\n|-weather|none\n|upkeep\n|c|\u2606isurmomcuteaf|LOL\n|c|\u2606quaxli|nah\n|\n|t:|1699922111\n|switch|p1a: Calyrex|Calyrex-Shadow|100\/100\n|-ability|p1a: Calyrex|As One\n|-ability|p1a: Calyrex|Unnerve\n|-damage|p1a: Calyrex|88\/100|[from] Stealth Rock\n|turn|9\n|\n|t:|1699922117\n|switch|p2a: E-Killer|Arceus|100\/100\n|-damage|p2a: E-Killer|88\/100|[from] Stealth Rock\n|-damage|p2a: E-Killer|76\/100|[from] Spikes\n|move|p1a: Calyrex|Giga Drain|p2a: E-Killer\n|-damage|p2a: E-Killer|54\/100\n|-heal|p1a: Calyrex|100\/100|[from] drain|[of] p2a: E-Killer\n|\n|upkeep\n|turn|10\n|\n|t:|1699922128\n|move|p1a: Calyrex|Psyshock|p2a: E-Killer\n|-damage|p2a: E-Killer|24\/100\n|move|p2a: E-Killer|Dragon Claw|p1a: Calyrex\n|-damage|p1a: Calyrex|64\/100\n|\n|upkeep\n|turn|11\n|\n|t:|1699922133\n|move|p1a: Calyrex|Psyshock|p2a: E-Killer\n|-damage|p2a: E-Killer|0 fnt\n|faint|p2a: E-Killer\n|-ability|p1a: Calyrex|Grim Neigh|boost\n|-boost|p1a: Calyrex|spa|1\n|\n|upkeep\n|\n|t:|1699922138\n|switch|p2a: CrownDog|Zacian-Crowned|1\/100\n|-damage|p2a: CrownDog|0 fnt|[from] Stealth Rock\n|faint|p2a: CrownDog\n|\n|t:|1699922149\n|switch|p2a: imnotfast???|Miraidon|100\/100\n|-damage|p2a: imnotfast???|88\/100|[from] Stealth Rock\n|-damage|p2a: imnotfast???|76\/100|[from] Spikes\n|-fieldstart|move: Electric Terrain|[from] ability: Hadron Engine|[of] p2a: imnotfast???\n|turn|12\n|\n|t:|1699922155\n|move|p1a: Calyrex|Astral Barrage|p2a: imnotfast???\n|-damage|p2a: imnotfast???|0 fnt\n|faint|p2a: imnotfast???\n|-ability|p1a: Calyrex|Grim Neigh|boost\n|-boost|p1a: Calyrex|spa|1\n|\n|upkeep\n|\n|t:|1699922159\n|switch|p2a: OutSpeed|Koraidon|84\/100\n|-damage|p2a: OutSpeed|78\/100|[from] Stealth Rock\n|-damage|p2a: OutSpeed|66\/100|[from] Spikes\n|-weather|SunnyDay|[from] ability: Orichalcum Pulse|[of] p2a: OutSpeed\n|-activate|p2a: OutSpeed|Orichalcum Pulse|[source]\n|turn|13\n|\n|t:|1699922162\n|move|p2a: OutSpeed|Flare Blitz|p1a: Calyrex\n|-damage|p1a: Calyrex|0 fnt\n|faint|p1a: Calyrex\n|-damage|p2a: OutSpeed|45\/100|[from] Recoil\n|\n|-weather|SunnyDay|[upkeep]\n|upkeep\n|c|\u2606isurmomcuteaf|yea its sscarf\n|c|\u2606quaxli|you are scarf\n|\n|t:|1699922174\n|switch|p1a: Miraidon|Miraidon|100\/100\n|-activate|p1a: Miraidon|ability: Hadron Engine\n|turn|14\n|c|\u2606isurmomcuteaf|so are you\n|c|\u2606isurmomcuteaf|and ive also lost\n|\n|t:|1699922184\n|-terastallize|p1a: Miraidon|Electric\n|move|p2a: OutSpeed|Flare Blitz|p1a: Miraidon\n|-damage|p1a: Miraidon|20\/100\n|-damage|p2a: OutSpeed|18\/100|[from] Recoil\n|move|p1a: Miraidon|Agility|p1a: Miraidon\n|-boost|p1a: Miraidon|spe|2\n|\n|-weather|SunnyDay|[upkeep]\n|upkeep\n|turn|15\n|\n|t:|1699922189\n|move|p1a: Miraidon|Parabolic Charge|p2a: OutSpeed\n|-resisted|p2a: OutSpeed\n|-damage|p2a: OutSpeed|0 fnt\n|-heal|p1a: Miraidon|30\/100|[from] drain|[of] p2a: OutSpeed\n|faint|p2a: OutSpeed\n|\n|-weather|SunnyDay|[upkeep]\n|upkeep\n|\n|t:|1699922192\n|switch|p2a: ShadowHorseRider|Calyrex-Shadow|100\/100\n|-ability|p2a: ShadowHorseRider|As One\n|-ability|p2a: ShadowHorseRider|Unnerve\n|-damage|p2a: ShadowHorseRider|88\/100|[from] Stealth Rock\n|-damage|p2a: ShadowHorseRider|76\/100|[from] Spikes\n|turn|16\n|\n|t:|1699922194\n|move|p1a: Miraidon|Parabolic Charge|p2a: ShadowHorseRider\n|-damage|p2a: ShadowHorseRider|0 fnt\n|-heal|p1a: Miraidon|67\/100|[from] drain|[of] p2a: ShadowHorseRider\n|faint|p2a: ShadowHorseRider\n|\n|win|quaxli\n|raw|quaxli's rating: 1519 &rarr; <strong>1544<\/strong><br \/>(+25 for winning)\n|raw|isurmomcuteaf's rating: 1614 &rarr; <strong>1589<\/strong><br \/>(-25 for losing)\n|c|\u2606isurmomcuteaf|gg\n|c|\u2606quaxli|gg\n|c|\u2606isurmomcuteaf|damn i dropped so much\n|c|\u2606isurmomcuteaf|OH NO\n|c|\u2606isurmomcuteaf|ERIC IS BETTER NOW\n|c|\u2606quaxli|wow yr rating so high\n|c|\u2606isurmomcuteaf|I GOTTA GET BACK U\n|c|\u2606isurmomcuteaf|UP\n|c|\u2606quaxli|lol\n|c|\u2606isurmomcuteaf|BYE\n|l|\u2606isurmomcuteaf\n|c|\u2606quaxli|challenge\n","uploadtime":1699922235,"views":5,"p1id":"quaxli","p2id":"isurmomcuteaf","formatid":"gen9anythinggoes","rating":1544,"private":0,"password":""}