{"id":"gen9anythinggoes-1998898423","p1":"Creativitxy","p2":"Rinkablu","format":"[Gen 9] Anything Goes","log":"|j|\u2606Creativitxy\n|j|\u2606Rinkablu\n|t:|1701010349\n|gametype|singles\n|player|p1|Creativitxy|cynthia-gen4|1237\n|player|p2|Rinkablu|cheren|1152\n|teamsize|p1|6\n|teamsize|p2|6\n|gen|9\n|tier|[Gen 9] Anything Goes\n|rated|\n|rule|HP Percentage Mod: HP is shown in percentages\n|rule|Endless Battle Clause: Forcing endless battles is banned\n|clearpoke\n|poke|p1|Kingambit, F|\n|poke|p1|Grimmsnarl, M|\n|poke|p1|Enamorus, F|\n|poke|p1|Ting-Lu|\n|poke|p1|Glimmora, F|\n|poke|p1|Zacian-*|\n|poke|p2|Salazzle, F|\n|poke|p2|Ribombee, M|\n|poke|p2|Salazzle, F|\n|poke|p2|Salazzle, F|\n|poke|p2|Salazzle, F|\n|poke|p2|Salazzle, F|\n|teampreview\n|inactive|Battle timer is ON: inactive players will automatically lose when time's up. (requested by Creativitxy)\n|inactive|Rinkablu also wants the timer to be on.\n|\n|t:|1701010359\n|start\n|switch|p1a: Glimmora|Glimmora, F|100\/100\n|switch|p2a: Ribombee|Ribombee, M|100\/100\n|turn|1\n|\n|t:|1701010372\n|move|p2a: Ribombee|Quiver Dance|p2a: Ribombee\n|-boost|p2a: Ribombee|spa|1\n|-boost|p2a: Ribombee|spd|1\n|-boost|p2a: Ribombee|spe|1\n|move|p1a: Glimmora|Toxic|p2a: Ribombee\n|-status|p2a: Ribombee|tox\n|\n|-damage|p2a: Ribombee|94\/100 tox|[from] psn\n|upkeep\n|turn|2\n|\n|t:|1701010380\n|move|p2a: Ribombee|Baton Pass|p2a: Ribombee\n|\n|t:|1701010390\n|switch|p2a: Salazzle|Salazzle, F|100\/100|[from] Baton Pass\n|move|p1a: Glimmora|Stealth Rock|p2a: Salazzle\n|-sidestart|p2: Rinkablu|move: Stealth Rock\n|\n|upkeep\n|turn|3\n|\n|t:|1701010396\n|move|p2a: Salazzle|Substitute|p2a: Salazzle\n|-start|p2a: Salazzle|Substitute\n|-damage|p2a: Salazzle|76\/100\n|move|p1a: Glimmora|Power Gem|p2a: Salazzle\n|-supereffective|p2a: Salazzle\n|-end|p2a: Salazzle|Substitute\n|\n|-heal|p2a: Salazzle|82\/100|[from] item: Leftovers\n|upkeep\n|turn|4\n|\n|t:|1701010403\n|move|p2a: Salazzle|Protect|p2a: Salazzle\n|-singleturn|p2a: Salazzle|Protect\n|move|p1a: Glimmora|Power Gem|p2a: Salazzle\n|-activate|p2a: Salazzle|move: Protect\n|\n|-heal|p2a: Salazzle|88\/100|[from] item: Leftovers\n|upkeep\n|turn|5\n|\n|t:|1701010408\n|-terastallize|p2a: Salazzle|Dark\n|move|p2a: Salazzle|Substitute|p2a: Salazzle\n|-start|p2a: Salazzle|Substitute\n|-damage|p2a: Salazzle|63\/100\n|move|p1a: Glimmora|Power Gem|p2a: Salazzle\n|-end|p2a: Salazzle|Substitute\n|\n|-heal|p2a: Salazzle|70\/100|[from] item: Leftovers\n|upkeep\n|turn|6\n|\n|t:|1701010416\n|move|p2a: Salazzle|Toxic|p1a: Glimmora|[miss]\n|-miss|p2a: Salazzle|p1a: Glimmora\n|move|p1a: Glimmora|Toxic|p2a: Salazzle\n|-status|p2a: Salazzle|tox\n|\n|-heal|p2a: Salazzle|76\/100 tox|[from] item: Leftovers\n|-damage|p2a: Salazzle|70\/100 tox|[from] psn\n|upkeep\n|turn|7\n|-message|Rinkablu forfeited.\n|\n|win|Creativitxy\n|raw|Creativitxy's rating: 1237 &rarr; <strong>1256<\/strong><br \/>(+19 for winning)\n|raw|Rinkablu's rating: 1152 &rarr; <strong>1133<\/strong><br \/>(-19 for losing)\n|l|\u2606Rinkablu\n","uploadtime":1701010430,"views":13,"p1id":"creativitxy","p2id":"rinkablu","formatid":"gen9anythinggoes","rating":1133,"private":0,"password":""}