{"id":"gen9anythinggoes-1991161653","p1":"puto77","p2":"LimefennecYT","format":"[Gen 9] Anything Goes","log":"|j|\u2606puto77\n|j|\u2606LimefennecYT\n|t:|1700051987\n|gametype|singles\n|player|p1|puto77|102|1000\n|player|p2|LimefennecYT|iris-gen5bw2|1103\n|teamsize|p1|6\n|teamsize|p2|6\n|gen|9\n|tier|[Gen 9] Anything Goes\n|rated|\n|rule|HP Percentage Mod: HP is shown in percentages\n|rule|Endless Battle Clause: Forcing endless battles is banned\n|clearpoke\n|poke|p1|Mewtwo|\n|poke|p1|Rayquaza|\n|poke|p1|Arceus-Fire|\n|poke|p1|Eelektross, F|\n|poke|p1|Gyarados, M|\n|poke|p1|Gardevoir, F|\n|poke|p2|Kingambit, M|\n|poke|p2|Tyranitar, F|\n|poke|p2|Annihilape, F|\n|poke|p2|Ditto|\n|poke|p2|Maushold-Four|\n|poke|p2|Sylveon, M|\n|teampreview\n|inactive|Battle timer is ON: inactive players will automatically lose when time's up. (requested by LimefennecYT)\n|\n|t:|1700052010\n|start\n|switch|p1a: Gyarados|Gyarados, M|100\/100\n|switch|p2a: Sandy|Tyranitar, F|100\/100\n|-ability|p1a: Gyarados|Intimidate|boost\n|-unboost|p2a: Sandy|atk|1\n|-weather|Sandstorm|[from] ability: Sand Stream|[of] p2a: Sandy\n|turn|1\n|\n|t:|1700052022\n|switch|p2a: Domaustic Abuse|Maushold-Four, shiny|100\/100\n|move|p1a: Gyarados|Outrage|p2a: Domaustic Abuse\n|-damage|p2a: Domaustic Abuse|68\/100\n|\n|-weather|Sandstorm|[upkeep]\n|-damage|p2a: Domaustic Abuse|62\/100|[from] Sandstorm\n|-damage|p1a: Gyarados|95\/100|[from] Sandstorm\n|-heal|p2a: Domaustic Abuse|68\/100|[from] item: Leftovers\n|-heal|p1a: Gyarados|100\/100|[from] item: Leftovers\n|upkeep\n|turn|2\n|\n|t:|1700052034\n|move|p2a: Domaustic Abuse|Population Bomb|p1a: Gyarados\n|-damage|p1a: Gyarados|95\/100\n|-damage|p1a: Gyarados|89\/100\n|-crit|p1a: Gyarados\n|-damage|p1a: Gyarados|82\/100\n|-hitcount|p1a: Gyarados|3\n|move|p1a: Gyarados|Outrage|p2a: Domaustic Abuse|[from]lockedmove\n|-damage|p2a: Domaustic Abuse|34\/100\n|-start|p1a: Gyarados|confusion|[fatigue]\n|\n|-weather|Sandstorm|[upkeep]\n|-damage|p2a: Domaustic Abuse|28\/100|[from] Sandstorm\n|-damage|p1a: Gyarados|76\/100|[from] Sandstorm\n|-heal|p2a: Domaustic Abuse|34\/100|[from] item: Leftovers\n|-heal|p1a: Gyarados|82\/100|[from] item: Leftovers\n|upkeep\n|turn|3\n|\n|t:|1700052054\n|switch|p1a: Rayquaza|Rayquaza|100\/100\n|-ability|p1a: Rayquaza|Air Lock\n|move|p2a: Domaustic Abuse|Super Fang|p1a: Rayquaza\n|-damage|p1a: Rayquaza|51\/100\n|\n|-weather|Sandstorm|[upkeep]\n|-heal|p2a: Domaustic Abuse|41\/100|[from] item: Leftovers\n|upkeep\n|turn|4\n|\n|t:|1700052074\n|move|p1a: Rayquaza|Outrage|p2a: Domaustic Abuse\n|-damage|p2a: Domaustic Abuse|0 fnt\n|faint|p2a: Domaustic Abuse\n|\n|-weather|Sandstorm|[upkeep]\n|upkeep\n|\n|t:|1700052080\n|switch|p2a: Amogus|Ditto, shiny|100\/100\n|-transform|p2a: Amogus|p1a: Rayquaza|[from] ability: Imposter\n|turn|5\n|\n|t:|1700052090\n|move|p1a: Rayquaza|Outrage|p2a: Amogus|[from]lockedmove\n|-supereffective|p2a: Amogus\n|-damage|p2a: Amogus|0 fnt\n|faint|p2a: Amogus\n|\n|-weather|none\n|upkeep\n|\n|t:|1700052097\n|switch|p2a: Sandy|Tyranitar, F|100\/100\n|-weather|Sandstorm|[from] ability: Sand Stream|[of] p2a: Sandy\n|turn|6\n|\n|t:|1700052102\n|move|p1a: Rayquaza|Outrage|p2a: Sandy|[from]lockedmove\n|-damage|p2a: Sandy|40\/100\n|-start|p1a: Rayquaza|confusion|[fatigue]\n|move|p2a: Sandy|Payback|p1a: Rayquaza\n|-damage|p1a: Rayquaza|11\/100\n|\n|-weather|Sandstorm|[upkeep]\n|upkeep\n|turn|7\n|\n|t:|1700052109\n|-activate|p1a: Rayquaza|confusion\n|move|p1a: Rayquaza|Outrage|p2a: Sandy\n|-damage|p2a: Sandy|0 fnt\n|faint|p2a: Sandy\n|\n|-weather|Sandstorm|[upkeep]\n|upkeep\n|\n|t:|1700052115\n|switch|p2a: Rose|Sylveon, M, shiny|100\/100\n|turn|8\n|\n|t:|1700052123\n|-end|p1a: Rayquaza|confusion\n|move|p1a: Rayquaza|Outrage|p2a: Rose|[from]lockedmove\n|-immune|p2a: Rose\n|-start|p1a: Rayquaza|confusion|[fatigue]\n|move|p2a: Rose|Draining Kiss|p1a: Rayquaza\n|-supereffective|p1a: Rayquaza\n|-damage|p1a: Rayquaza|0 fnt\n|faint|p1a: Rayquaza\n|\n|-weather|Sandstorm|[upkeep]\n|-damage|p2a: Rose|94\/100|[from] Sandstorm\n|upkeep\n|\n|t:|1700052139\n|switch|p1a: Mewtwo|Mewtwo|100\/100\n|-ability|p1a: Mewtwo|Pressure\n|turn|9\n|\n|t:|1700052151\n|move|p1a: Mewtwo|Future Sight|p2a: Rose\n|-start|p1a: Mewtwo|move: Future Sight\n|move|p2a: Rose|Reflect|p2a: Rose\n|-sidestart|p2: LimefennecYT|Reflect\n|\n|-weather|Sandstorm|[upkeep]\n|-damage|p1a: Mewtwo|94\/100|[from] Sandstorm\n|-damage|p2a: Rose|88\/100|[from] Sandstorm\n|-heal|p1a: Mewtwo|100\/100|[from] item: Leftovers\n|upkeep\n|turn|10\n|\n|t:|1700052164\n|-singleturn|p1a: Mewtwo|move: Focus Punch\n|move|p2a: Rose|Light Screen|p2a: Rose\n|-sidestart|p2: LimefennecYT|move: Light Screen\n|move|p1a: Mewtwo|Focus Punch|p2a: Rose\n|-resisted|p2a: Rose\n|-damage|p2a: Rose|76\/100\n|\n|-weather|none\n|upkeep\n|turn|11\n|\n|t:|1700052175\n|switch|p2a: Rage Quit|Annihilape, F|100\/100\n|move|p1a: Mewtwo|Earthquake|p2a: Rage Quit\n|-damage|p2a: Rage Quit|86\/100\n|\n|-end|p2a: Rage Quit|move: Future Sight\n|-supereffective|p2a: Rage Quit\n|-damage|p2a: Rage Quit|50\/100\n|-heal|p2a: Rage Quit|56\/100|[from] item: Leftovers\n|upkeep\n|turn|12\n|\n|t:|1700052187\n|move|p1a: Mewtwo|Earthquake|p2a: Rage Quit\n|-damage|p2a: Rage Quit|41\/100\n|move|p2a: Rage Quit|Drain Punch|p1a: Mewtwo\n|-resisted|p1a: Mewtwo\n|-damage|p1a: Mewtwo|90\/100\n|-heal|p2a: Rage Quit|46\/100|[from] drain|[of] p1a: Mewtwo\n|\n|-heal|p1a: Mewtwo|96\/100|[from] item: Leftovers\n|-heal|p2a: Rage Quit|52\/100|[from] item: Leftovers\n|upkeep\n|turn|13\n|\n|t:|1700052200\n|-singleturn|p1a: Mewtwo|move: Focus Punch\n|move|p2a: Rage Quit|Rage Fist|p1a: Mewtwo\n|-supereffective|p1a: Mewtwo\n|-damage|p1a: Mewtwo|0 fnt\n|faint|p1a: Mewtwo\n|\n|-heal|p2a: Rage Quit|58\/100|[from] item: Leftovers\n|upkeep\n|\n|t:|1700052209\n|switch|p1a: Eelektross|Eelektross, F|100\/100\n|turn|14\n|\n|t:|1700052225\n|move|p2a: Rage Quit|Drain Punch|p1a: Eelektross\n|-damage|p1a: Eelektross|72\/100\n|-heal|p2a: Rage Quit|70\/100|[from] drain|[of] p1a: Eelektross\n|move|p1a: Eelektross|Discharge|p2a: Rage Quit\n|-damage|p2a: Rage Quit|61\/100\n|\n|-heal|p2a: Rage Quit|67\/100|[from] item: Leftovers\n|upkeep\n|turn|15\n|\n|t:|1700052235\n|move|p2a: Rage Quit|Taunt|p1a: Eelektross\n|-start|p1a: Eelektross|move: Taunt\n|move|p1a: Eelektross|Discharge|p2a: Rage Quit\n|-damage|p2a: Rage Quit|59\/100\n|-status|p2a: Rage Quit|par\n|\n|-heal|p2a: Rage Quit|65\/100 par|[from] item: Leftovers\n|upkeep\n|turn|16\n|\n|t:|1700052249\n|switch|p1a: Arceus|Arceus-Fire|100\/100\n|move|p2a: Rage Quit|Rage Fist|p1a: Arceus\n|-crit|p1a: Arceus\n|-damage|p1a: Arceus|0 fnt\n|faint|p1a: Arceus\n|\n|-heal|p2a: Rage Quit|72\/100 par|[from] item: Leftovers\n|-sideend|p2: LimefennecYT|Reflect\n|upkeep\n|\n|t:|1700052258\n|switch|p1a: Gardevoir|Gardevoir, F|100\/100\n|turn|17\n|\n|t:|1700052267\n|-terastallize|p1a: Gardevoir|Psychic\n|move|p1a: Gardevoir|Dream Eater|p2a: Rage Quit\n|-immune|p2a: Rage Quit\n|cant|p2a: Rage Quit|par\n|\n|-heal|p2a: Rage Quit|78\/100 par|[from] item: Leftovers\n|-sideend|p2: LimefennecYT|move: Light Screen\n|upkeep\n|turn|18\n|\n|t:|1700052281\n|move|p1a: Gardevoir|Energy Ball|p2a: Rage Quit\n|-damage|p2a: Rage Quit|64\/100 par\n|cant|p2a: Rage Quit|par\n|\n|-heal|p2a: Rage Quit|71\/100 par|[from] item: Leftovers\n|upkeep\n|turn|19\n|\n|t:|1700052291\n|switch|p1a: Gyarados|Gyarados, M|82\/100\n|-ability|p1a: Gyarados|Intimidate|boost\n|-unboost|p2a: Rage Quit|atk|1\n|-ability|p2a: Rage Quit|Defiant|boost\n|-boost|p2a: Rage Quit|atk|2\n|move|p2a: Rage Quit|Cross Chop|p1a: Gyarados\n|-resisted|p1a: Gyarados\n|-damage|p1a: Gyarados|56\/100\n|\n|-heal|p1a: Gyarados|62\/100|[from] item: Leftovers\n|-heal|p2a: Rage Quit|77\/100 par|[from] item: Leftovers\n|upkeep\n|turn|20\n|\n|t:|1700052308\n|move|p1a: Gyarados|Outrage|p2a: Rage Quit\n|-damage|p2a: Rage Quit|43\/100 par\n|move|p2a: Rage Quit|Rage Fist|p1a: Gyarados\n|-damage|p1a: Gyarados|0 fnt\n|faint|p1a: Gyarados\n|\n|-heal|p2a: Rage Quit|49\/100 par|[from] item: Leftovers\n|upkeep\n|\n|t:|1700052316\n|switch|p1a: Eelektross|Eelektross, F|72\/100\n|turn|21\n|\n|t:|1700052325\n|move|p1a: Eelektross|Discharge|p2a: Rage Quit\n|-damage|p2a: Rage Quit|32\/100 par\n|cant|p2a: Rage Quit|par\n|\n|-heal|p2a: Rage Quit|38\/100 par|[from] item: Leftovers\n|upkeep\n|turn|22\n|\n|t:|1700052332\n|switch|p2a: Rose|Sylveon, M, shiny|76\/100\n|move|p1a: Eelektross|Discharge|p2a: Rose\n|-damage|p2a: Rose|60\/100\n|\n|upkeep\n|turn|23\n|\n|t:|1700052339\n|move|p1a: Eelektross|Discharge|p2a: Rose\n|-damage|p2a: Rose|46\/100\n|-status|p2a: Rose|par\n|cant|p2a: Rose|par\n|\n|upkeep\n|turn|24\n|\n|t:|1700052348\n|move|p1a: Eelektross|Discharge|p2a: Rose\n|-damage|p2a: Rose|30\/100 par\n|move|p2a: Rose|Draining Kiss|p1a: Eelektross\n|-damage|p1a: Eelektross|52\/100\n|-heal|p2a: Rose|44\/100 par|[from] drain|[of] p1a: Eelektross\n|\n|upkeep\n|turn|25\n|c|\u2606LimefennecYT|fucking spammer\n|\n|t:|1700052356\n|move|p1a: Eelektross|Discharge|p2a: Rose\n|-damage|p2a: Rose|29\/100 par\n|cant|p2a: Rose|par\n|\n|upkeep\n|turn|26\n|\n|t:|1700052363\n|move|p1a: Eelektross|Thunder Punch|p2a: Rose\n|-damage|p2a: Rose|0 fnt\n|-start|p1a: Eelektross|Attract|[from] ability: Cute Charm|[of] p2a: Rose\n|faint|p2a: Rose\n|-end|p1a: Eelektross|Attract|[silent]\n|\n|upkeep\n|\n|t:|1700052369\n|switch|p2a: Rage Quit|Annihilape, F|38\/100 par\n|turn|27\n|\n|t:|1700052376\n|move|p1a: Eelektross|Thunderbolt|p2a: Rage Quit\n|-damage|p2a: Rage Quit|20\/100 par\n|move|p2a: Rage Quit|Drain Punch|p1a: Eelektross\n|-damage|p1a: Eelektross|25\/100\n|-heal|p2a: Rage Quit|32\/100 par|[from] drain|[of] p1a: Eelektross\n|\n|-heal|p2a: Rage Quit|38\/100 par|[from] item: Leftovers\n|upkeep\n|turn|28\n|\n|t:|1700052399\n|move|p1a: Eelektross|Thunderbolt|p2a: Rage Quit\n|-damage|p2a: Rage Quit|20\/100 par\n|move|p2a: Rage Quit|Rage Fist|p1a: Eelektross\n|-damage|p1a: Eelektross|0 fnt\n|faint|p1a: Eelektross\n|\n|-heal|p2a: Rage Quit|26\/100 par|[from] item: Leftovers\n|upkeep\n|\n|t:|1700052406\n|switch|p1a: Gardevoir|Gardevoir, F, tera:Psychic|100\/100\n|turn|29\n|\n|t:|1700052416\n|move|p1a: Gardevoir|Dream Eater|p2a: Rage Quit\n|-immune|p2a: Rage Quit\n|move|p2a: Rage Quit|Taunt|p1a: Gardevoir\n|-start|p1a: Gardevoir|move: Taunt\n|\n|-heal|p2a: Rage Quit|32\/100 par|[from] item: Leftovers\n|upkeep\n|turn|30\n|\n|t:|1700052423\n|move|p1a: Gardevoir|Future Sight|p2a: Rage Quit\n|-start|p1a: Gardevoir|move: Future Sight\n|move|p2a: Rage Quit|Taunt||[still]\n|-fail|p2a: Rage Quit\n|\n|-heal|p2a: Rage Quit|39\/100 par|[from] item: Leftovers\n|upkeep\n|turn|31\n|\n|t:|1700052429\n|move|p1a: Gardevoir|Moonblast|p2a: Rage Quit\n|-supereffective|p2a: Rage Quit\n|-damage|p2a: Rage Quit|0 fnt\n|faint|p2a: Rage Quit\n|\n|upkeep\n|\n|t:|1700052434\n|switch|p2a: Death|Kingambit, M, shiny|100\/100\n|-activate|p2a: Death|ability: Supreme Overlord\n|-start|p2a: Death|fallen5|[silent]\n|turn|32\n|\n|t:|1700052441\n|-terastallize|p2a: Death|Dark\n|move|p2a: Death|Sucker Punch|p1a: Gardevoir\n|-supereffective|p1a: Gardevoir\n|-enditem|p1a: Gardevoir|Focus Sash\n|-damage|p1a: Gardevoir|1\/100\n|move|p1a: Gardevoir|Dream Eater|p2a: Death\n|-immune|p2a: Death\n|\n|-end|p2a: Death|move: Future Sight\n|-immune|p2a: Death\n|-end|p1a: Gardevoir|move: Taunt\n|upkeep\n|turn|33\n|\n|t:|1700052460\n|move|p2a: Death|Sucker Punch|p1a: Gardevoir\n|-supereffective|p1a: Gardevoir\n|-damage|p1a: Gardevoir|0 fnt\n|faint|p1a: Gardevoir\n|\n|win|LimefennecYT\n|raw|puto77's rating: 1000 &rarr; <strong>1000<\/strong><br \/>(+0 for losing)\n|raw|LimefennecYT's rating: 1103 &rarr; <strong>1121<\/strong><br \/>(+18 for winning)\n","uploadtime":1700052355,"views":3,"p1id":"puto77","p2id":"limefennecyt","formatid":"gen9anythinggoes","rating":1000,"private":0,"password":""}