{"id":"gen9anythinggoes-1984605751","p1":"Timpel wimpel","p2":"TRIPLE RILABOOM","format":"[Gen 9] Anything Goes","log":"|j|\u2606Timpel wimpel\n|j|\u2606TRIPLE RILABOOM\n|t:|1699284004\n|gametype|singles\n|player|p1|Timpel wimpel|acetrainer-gen4|1070\n|player|p2|TRIPLE RILABOOM|2|1000\n|teamsize|p1|6\n|teamsize|p2|2\n|gen|9\n|tier|[Gen 9] Anything Goes\n|rated|\n|rule|HP Percentage Mod: HP is shown in percentages\n|rule|Endless Battle Clause: Forcing endless battles is banned\n|clearpoke\n|poke|p1|Ceruledge, F|\n|poke|p1|Garganacl, M|\n|poke|p1|Great Tusk|\n|poke|p1|Torkoal, M|\n|poke|p1|Corviknight, F|\n|poke|p1|Walking Wake|\n|poke|p2|Vivillon-Tundra, F|\n|poke|p2|Regieleki|\n|teampreview\n|\n|t:|1699284010\n|start\n|switch|p1a: Ceruledge|Ceruledge, F|100\/100\n|switch|p2a: Regieleki|Regieleki, shiny|100\/100\n|turn|1\n|\n|t:|1699284023\n|move|p2a: Regieleki|Reflect|p2a: Regieleki\n|-sidestart|p2: TRIPLE RILABOOM|Reflect\n|move|p1a: Ceruledge|Brick Break|p2a: Regieleki\n|-sideend|p2: TRIPLE RILABOOM|Reflect\n|-damage|p2a: Regieleki|63\/100\n|\n|upkeep\n|turn|2\n|\n|t:|1699284031\n|move|p2a: Regieleki|Volt Switch|p1a: Ceruledge\n|-damage|p1a: Ceruledge|71\/100\n|\n|t:|1699284034\n|switch|p2a: Vivillon|Vivillon-Tundra, F, shiny|100\/100|[from] Volt Switch\n|move|p1a: Ceruledge|Brick Break|p2a: Vivillon\n|-resisted|p2a: Vivillon\n|-damage|p2a: Vivillon|90\/100\n|\n|-heal|p1a: Ceruledge|77\/100|[from] item: Leftovers\n|-heal|p2a: Vivillon|96\/100|[from] item: Leftovers\n|upkeep\n|turn|3\n|\n|t:|1699284056\n|-terastallize|p2a: Vivillon|Ground\n|move|p1a: Ceruledge|Bitter Blade|p2a: Vivillon\n|-damage|p2a: Vivillon|27\/100\n|-heal|p1a: Ceruledge|100\/100|[from] drain|[of] p2a: Vivillon\n|move|p2a: Vivillon|Sleep Powder|p1a: Ceruledge\n|-status|p1a: Ceruledge|slp|[from] move: Sleep Powder\n|\n|-heal|p2a: Vivillon|33\/100|[from] item: Leftovers\n|upkeep\n|turn|4\n|\n|t:|1699284068\n|cant|p1a: Ceruledge|slp\n|move|p2a: Vivillon|Substitute|p2a: Vivillon\n|-start|p2a: Vivillon|Substitute\n|-damage|p2a: Vivillon|8\/100\n|\n|-heal|p2a: Vivillon|14\/100|[from] item: Leftovers\n|upkeep\n|turn|5\n|\n|t:|1699284076\n|cant|p1a: Ceruledge|slp\n|move|p2a: Vivillon|Quiver Dance|p2a: Vivillon\n|-boost|p2a: Vivillon|spa|1\n|-boost|p2a: Vivillon|spd|1\n|-boost|p2a: Vivillon|spe|1\n|\n|-heal|p2a: Vivillon|20\/100|[from] item: Leftovers\n|upkeep\n|turn|6\n|\n|t:|1699284084\n|move|p2a: Vivillon|Quiver Dance|p2a: Vivillon\n|-boost|p2a: Vivillon|spa|1\n|-boost|p2a: Vivillon|spd|1\n|-boost|p2a: Vivillon|spe|1\n|cant|p1a: Ceruledge|slp\n|\n|-heal|p2a: Vivillon|26\/100|[from] item: Leftovers\n|upkeep\n|turn|7\n|\n|t:|1699284093\n|move|p2a: Vivillon|Hurricane|p1a: Ceruledge\n|-damage|p1a: Ceruledge|7\/100 slp\n|-start|p1a: Ceruledge|confusion\n|-curestatus|p1a: Ceruledge|slp|[msg]\n|-activate|p1a: Ceruledge|confusion\n|-damage|p1a: Ceruledge|0 fnt|[from] confusion\n|faint|p1a: Ceruledge\n|\n|-heal|p2a: Vivillon|32\/100|[from] item: Leftovers\n|upkeep\n|\n|t:|1699284105\n|switch|p1a: Walking Wake|Walking Wake|100\/100\n|turn|8\n|\n|t:|1699284112\n|move|p2a: Vivillon|Hurricane|p1a: Walking Wake\n|-damage|p1a: Walking Wake|7\/100\n|move|p1a: Walking Wake|Dragon Dance|p1a: Walking Wake\n|-boost|p1a: Walking Wake|atk|1\n|-boost|p1a: Walking Wake|spe|1\n|\n|-heal|p2a: Vivillon|38\/100|[from] item: Leftovers\n|-heal|p1a: Walking Wake|13\/100|[from] item: Leftovers\n|upkeep\n|turn|9\n|\n|t:|1699284121\n|move|p2a: Vivillon|Sleep Powder|p1a: Walking Wake\n|-status|p1a: Walking Wake|slp|[from] move: Sleep Powder\n|cant|p1a: Walking Wake|slp\n|\n|-heal|p2a: Vivillon|44\/100|[from] item: Leftovers\n|-heal|p1a: Walking Wake|19\/100 slp|[from] item: Leftovers\n|upkeep\n|turn|10\n|\n|t:|1699284131\n|move|p2a: Vivillon|Quiver Dance|p2a: Vivillon\n|-boost|p2a: Vivillon|spa|1\n|-boost|p2a: Vivillon|spd|1\n|-boost|p2a: Vivillon|spe|1\n|cant|p1a: Walking Wake|slp\n|\n|-heal|p2a: Vivillon|50\/100|[from] item: Leftovers\n|-heal|p1a: Walking Wake|26\/100 slp|[from] item: Leftovers\n|upkeep\n|turn|11\n|\n|t:|1699284141\n|move|p2a: Vivillon|Quiver Dance|p2a: Vivillon\n|-boost|p2a: Vivillon|spa|1\n|-boost|p2a: Vivillon|spd|1\n|-boost|p2a: Vivillon|spe|1\n|cant|p1a: Walking Wake|slp\n|\n|-heal|p2a: Vivillon|57\/100|[from] item: Leftovers\n|-heal|p1a: Walking Wake|32\/100 slp|[from] item: Leftovers\n|upkeep\n|turn|12\n|\n|t:|1699284150\n|move|p2a: Vivillon|Hurricane|p1a: Walking Wake\n|-damage|p1a: Walking Wake|0 fnt\n|faint|p1a: Walking Wake\n|-end|p1a: Walking Wake|Protosynthesis|[silent]\n|\n|-heal|p2a: Vivillon|63\/100|[from] item: Leftovers\n|upkeep\n|\n|t:|1699284156\n|switch|p1a: Great Tusk|Great Tusk|100\/100\n|turn|13\n|\n|t:|1699284161\n|move|p2a: Vivillon|Hurricane|p1a: Great Tusk\n|-supereffective|p1a: Great Tusk\n|-damage|p1a: Great Tusk|0 fnt\n|faint|p1a: Great Tusk\n|-end|p1a: Great Tusk|Protosynthesis|[silent]\n|\n|-heal|p2a: Vivillon|69\/100|[from] item: Leftovers\n|upkeep\n|\n|t:|1699284168\n|switch|p1a: Corviknight|Corviknight, F|100\/100\n|turn|14\n|\n|t:|1699284172\n|move|p2a: Vivillon|Hurricane|p1a: Corviknight\n|-resisted|p1a: Corviknight\n|-damage|p1a: Corviknight|26\/100\n|move|p1a: Corviknight|Brave Bird|p2a: Vivillon\n|-crit|p2a: Vivillon\n|-end|p2a: Vivillon|Substitute\n|-damage|p1a: Corviknight|17\/100|[from] Recoil|[of] p2a: Vivillon\n|\n|-heal|p2a: Vivillon|75\/100|[from] item: Leftovers\n|-heal|p1a: Corviknight|23\/100|[from] item: Leftovers\n|upkeep\n|turn|15\n|\n|t:|1699284184\n|move|p2a: Vivillon|Hurricane|p1a: Corviknight\n|-resisted|p1a: Corviknight\n|-damage|p1a: Corviknight|0 fnt\n|faint|p1a: Corviknight\n|\n|-heal|p2a: Vivillon|81\/100|[from] item: Leftovers\n|upkeep\n|\n|t:|1699284193\n|switch|p1a: Garganacl|Garganacl, M|100\/100\n|turn|16\n|\n|t:|1699284199\n|move|p2a: Vivillon|Hurricane|p1a: Garganacl\n|-resisted|p1a: Garganacl\n|-damage|p1a: Garganacl|36\/100\n|move|p1a: Garganacl|Salt Cure|p2a: Vivillon\n|-resisted|p2a: Vivillon\n|-damage|p2a: Vivillon|68\/100\n|-start|p2a: Vivillon|Salt Cure\n|\n|-heal|p2a: Vivillon|74\/100|[from] item: Leftovers\n|-heal|p1a: Garganacl|42\/100|[from] item: Leftovers\n|-damage|p2a: Vivillon|62\/100|[from] Salt Cure\n|upkeep\n|turn|17\n|\n|t:|1699284217\n|move|p2a: Vivillon|Hurricane|p1a: Garganacl\n|-resisted|p1a: Garganacl\n|-damage|p1a: Garganacl|0 fnt\n|faint|p1a: Garganacl\n|\n|-heal|p2a: Vivillon|68\/100|[from] item: Leftovers\n|-damage|p2a: Vivillon|56\/100|[from] Salt Cure\n|upkeep\n|\n|t:|1699284225\n|switch|p1a: Torkoal|Torkoal, M|100\/100\n|turn|18\n|\n|t:|1699284229\n|move|p2a: Vivillon|Hurricane|p1a: Torkoal\n|-damage|p1a: Torkoal|0 fnt\n|faint|p1a: Torkoal\n|\n|win|TRIPLE RILABOOM\n|raw|Timpel wimpel's rating: 1070 &rarr; <strong>1045<\/strong><br \/>(-25 for losing)\n|raw|TRIPLE RILABOOM's rating: 1000 &rarr; <strong>1048<\/strong><br \/>(+48 for winning)\n","uploadtime":1699284236,"views":5,"p1id":"timpelwimpel","p2id":"triplerilaboom","formatid":"gen9anythinggoes","rating":1045,"private":0,"password":""}