{"id":"gen9anythinggoes-1976015848","p1":"Voila Ouija","p2":"bonecula123","format":"[Gen 9] Anything Goes","log":"|j|\u2606Voila Ouija\n|j|\u2606bonecula123\n|t:|1698256734\n|gametype|singles\n|player|p1|Voila Ouija|1|1195\n|player|p2|bonecula123|alec-anime|1139\n|teamsize|p1|6\n|teamsize|p2|6\n|gen|9\n|tier|[Gen 9] Anything Goes\n|rated|\n|rule|HP Percentage Mod: HP is shown in percentages\n|rule|Endless Battle Clause: Forcing endless battles is banned\n|clearpoke\n|poke|p1|Toxapex, M|\n|poke|p1|Walking Wake|\n|poke|p1|Kingambit, M|\n|poke|p1|Cinderace, F|\n|poke|p1|Iron Moth|\n|poke|p1|Torkoal, F|\n|poke|p2|Chi-Yu|\n|poke|p2|Miraidon|\n|poke|p2|Houndstone, M|\n|poke|p2|Tyranitar, M|\n|poke|p2|Iron Valiant|\n|poke|p2|Chien-Pao|\n|teampreview\n|inactive|Battle timer is ON: inactive players will automatically lose when time's up. (requested by bonecula123)\n|\n|t:|1698256752\n|start\n|switch|p1a: Torkoal|Torkoal, F|100\/100\n|switch|p2a: Futurama|Miraidon|100\/100\n|-fieldstart|move: Electric Terrain|[from] ability: Hadron Engine|[of] p2a: Futurama\n|-weather|SunnyDay|[from] ability: Drought|[of] p1a: Torkoal\n|turn|1\n|c|\u2606bonecula123|sun team\n|c|\u2606bonecula123|scary\n|\n|t:|1698256765\n|move|p2a: Futurama|Volt Switch|p1a: Torkoal\n|-damage|p1a: Torkoal|0 fnt\n|faint|p1a: Torkoal\n|\n|t:|1698256770\n|switch|p2a: Demonfish|Chi-Yu|100\/100|[from] Volt Switch\n|-ability|p2a: Demonfish|Beads of Ruin\n|\n|-weather|SunnyDay|[upkeep]\n|upkeep\n|\n|t:|1698256777\n|switch|p1a: Walking Wake|Walking Wake|100\/100\n|-activate|p1a: Walking Wake|ability: Protosynthesis\n|-start|p1a: Walking Wake|protosynthesisspa\n|turn|2\n|\n|t:|1698256787\n|move|p1a: Walking Wake|Hydro Steam|p2a: Demonfish\n|-supereffective|p2a: Demonfish\n|-damage|p2a: Demonfish|0 fnt\n|faint|p2a: Demonfish\n|\n|-weather|SunnyDay|[upkeep]\n|upkeep\n|\n|t:|1698256792\n|switch|p2a: Futurama|Miraidon|100\/100\n|-activate|p2a: Futurama|ability: Hadron Engine\n|turn|3\n|\n|t:|1698256799\n|move|p2a: Futurama|Volt Switch|p1a: Walking Wake\n|-damage|p1a: Walking Wake|0 fnt\n|faint|p1a: Walking Wake\n|-end|p1a: Walking Wake|Protosynthesis|[silent]\n|\n|t:|1698256805\n|switch|p2a: Gardellade|Iron Valiant|100\/100|[from] Volt Switch\n|-activate|p2a: Gardellade|ability: Quark Drive\n|-start|p2a: Gardellade|quarkdrivespe\n|\n|-weather|SunnyDay|[upkeep]\n|upkeep\n|inactive|Voila Ouija has 120 seconds left.\n|\n|t:|1698256836\n|switch|p1a: Kingambit|Kingambit, M|100\/100\n|-activate|p1a: Kingambit|ability: Supreme Overlord\n|-start|p1a: Kingambit|fallen2|[silent]\n|turn|4\n|inactive|Voila Ouija has 120 seconds left.\n|c|\u2606bonecula123|i quad resist sucker punch\n|c|\u2606bonecula123|gl\n|\n|t:|1698256865\n|move|p2a: Gardellade|Close Combat|p1a: Kingambit\n|-supereffective|p1a: Kingambit\n|-enditem|p1a: Kingambit|Focus Sash\n|-damage|p1a: Kingambit|1\/100\n|-unboost|p2a: Gardellade|def|1\n|-unboost|p2a: Gardellade|spd|1\n|-damage|p2a: Gardellade|91\/100|[from] item: Life Orb\n|move|p1a: Kingambit|Kowtow Cleave|p2a: Gardellade\n|-resisted|p2a: Gardellade\n|-damage|p2a: Gardellade|62\/100\n|\n|-weather|SunnyDay|[upkeep]\n|upkeep\n|turn|5\n|\n|t:|1698256885\n|move|p2a: Gardellade|Shadow Sneak|p1a: Kingambit\n|-resisted|p1a: Kingambit\n|-damage|p1a: Kingambit|0 fnt\n|faint|p1a: Kingambit\n|-end|p1a: Kingambit|fallen2|[silent]\n|-damage|p2a: Gardellade|52\/100|[from] item: Life Orb\n|\n|-weather|none\n|-fieldend|move: Electric Terrain\n|-end|p2a: Gardellade|Quark Drive\n|upkeep\n|inactive|Voila Ouija has 90 seconds left.\n|\n|t:|1698256903\n|switch|p1a: Toxapex|Toxapex, M|100\/100\n|turn|6\n|inactive|Voila Ouija has 90 seconds left.\n|\n|t:|1698256915\n|move|p1a: Toxapex|Baneful Bunker|p1a: Toxapex\n|-singleturn|p1a: Toxapex|move: Protect\n|move|p2a: Gardellade|Swords Dance|p2a: Gardellade\n|-boost|p2a: Gardellade|atk|2\n|\n|upkeep\n|turn|7\n|inactive|Voila Ouija has 90 seconds left.\n|\n|t:|1698256923\n|-terastallize|p2a: Gardellade|Fairy\n|move|p2a: Gardellade|Spirit Break|p1a: Toxapex\n|-resisted|p1a: Toxapex\n|-damage|p1a: Toxapex|48\/100\n|-unboost|p1a: Toxapex|spa|1\n|-damage|p2a: Gardellade|42\/100|[from] item: Life Orb\n|move|p1a: Toxapex|Poison Jab|p2a: Gardellade\n|-supereffective|p2a: Gardellade\n|-damage|p2a: Gardellade|0 fnt\n|faint|p2a: Gardellade\n|-end|p2a: Gardellade|Quark Drive|[silent]\n|\n|-heal|p1a: Toxapex|54\/100|[from] item: Leftovers\n|upkeep\n|\n|t:|1698256932\n|switch|p2a: Futurama|Miraidon|100\/100\n|-fieldstart|move: Electric Terrain|[from] ability: Hadron Engine|[of] p2a: Futurama\n|turn|8\n|\n|t:|1698256944\n|move|p2a: Futurama|Volt Switch|p1a: Toxapex\n|-supereffective|p1a: Toxapex\n|-damage|p1a: Toxapex|0 fnt\n|faint|p1a: Toxapex\n|\n|t:|1698256950\n|switch|p2a: Murasama|Chien-Pao|100\/100|[from] Volt Switch\n|-ability|p2a: Murasama|Sword of Ruin\n|\n|upkeep\n|\n|t:|1698256958\n|switch|p1a: Iron Moth|Iron Moth|100\/100\n|-activate|p1a: Iron Moth|ability: Quark Drive\n|-start|p1a: Iron Moth|quarkdrivespa\n|turn|9\n|\n|t:|1698256981\n|move|p2a: Murasama|Sucker Punch|p1a: Iron Moth\n|-enditem|p1a: Iron Moth|Focus Sash\n|-damage|p1a: Iron Moth|1\/100\n|move|p1a: Iron Moth|Fiery Dance|p2a: Murasama\n|-supereffective|p2a: Murasama\n|-damage|p2a: Murasama|0 fnt\n|faint|p2a: Murasama\n|\n|upkeep\n|\n|t:|1698256988\n|switch|p2a: Futurama|Miraidon|100\/100\n|-activate|p2a: Futurama|ability: Hadron Engine\n|turn|10\n|inactive|Voila Ouija has 90 seconds left.\n|inactive|Voila Ouija has 60 seconds left.\n|inactive|Voila Ouija has 30 seconds left.\n|\n|t:|1698257085\n|move|p2a: Futurama|Volt Switch|p1a: Iron Moth\n|-damage|p1a: Iron Moth|0 fnt\n|faint|p1a: Iron Moth\n|-end|p1a: Iron Moth|Quark Drive|[silent]\n|inactive|Voila Ouija has 30 seconds left this turn.\n|\n|t:|1698257091\n|switch|p2a: Mate He's Big|Tyranitar, M|100\/100|[from] Volt Switch\n|-weather|Sandstorm|[from] ability: Sand Stream|[of] p2a: Mate He's Big\n|\n|-weather|Sandstorm|[upkeep]\n|upkeep\n|inactive|Voila Ouija has 30 seconds left.\n|\n|t:|1698257097\n|switch|p1a: Cinderace|Cinderace, F|100\/100\n|turn|11\n|inactive|Voila Ouija has 30 seconds left.\n|inactive|Voila Ouija has 20 seconds left.\n|inactive|Voila Ouija has 15 seconds left.\n|\n|t:|1698257127\n|move|p1a: Cinderace|Gunk Shot|p2a: Mate He's Big\n|-start|p1a: Cinderace|typechange|Poison|[from] ability: Libero\n|-resisted|p2a: Mate He's Big\n|-damage|p2a: Mate He's Big|76\/100\n|move|p2a: Mate He's Big|Rock Blast|p1a: Cinderace\n|-damage|p1a: Cinderace|81\/100\n|-damage|p1a: Cinderace|61\/100\n|-damage|p1a: Cinderace|43\/100\n|-hitcount|p1a: Cinderace|3\n|\n|-weather|Sandstorm|[upkeep]\n|-damage|p1a: Cinderace|37\/100|[from] Sandstorm\n|upkeep\n|turn|12\n|inactive|Voila Ouija has 25 seconds left this turn.\n|inactive|Voila Ouija has 20 seconds left.\n|inactive|Voila Ouija has 15 seconds left.\n|inactive|Voila Ouija has 10 seconds left.\n|\n|t:|1698257144\n|move|p1a: Cinderace|Gunk Shot|p2a: Mate He's Big|[miss]\n|-miss|p1a: Cinderace|p2a: Mate He's Big\n|move|p2a: Mate He's Big|Rock Blast|p1a: Cinderace\n|-damage|p1a: Cinderace|16\/100\n|-damage|p1a: Cinderace|0 fnt\n|faint|p1a: Cinderace\n|-hitcount|p1: Cinderace|2\n|\n|win|bonecula123\n|inactive|Voila Ouija has 15 seconds left this turn.\n|raw|Voila Ouija's rating: 1195 &rarr; <strong>1166<\/strong><br \/>(-29 for losing)\n|raw|bonecula123's rating: 1139 &rarr; <strong>1168<\/strong><br \/>(+29 for winning)\n","uploadtime":1698257178,"views":9,"p1id":"voilaouija","p2id":"bonecula123","formatid":"gen9anythinggoes","rating":1166,"private":0,"password":""}