{"id":"gen9anythinggoes-1978725578","p1":"AGisgood\u82cd\u54cd\u4fa0","p2":"eurybie","format":"[Gen 9] Anything Goes","log":"|j|\u2606AGisgood\u82cd\u54cd\u4fa0\n|j|\u2606eurybie\n|t:|1698587445\n|gametype|singles\n|player|p1|AGisgood\u82cd\u54cd\u4fa0|cynthia-masters|1767\n|player|p2|eurybie|265|1683\n|teamsize|p1|6\n|teamsize|p2|6\n|gen|9\n|tier|[Gen 9] Anything Goes\n|rated|\n|rule|HP Percentage Mod: HP is shown in percentages\n|rule|Endless Battle Clause: Forcing endless battles is banned\n|clearpoke\n|poke|p1|Arceus|\n|poke|p1|Calyrex-Shadow|\n|poke|p1|Koraidon|\n|poke|p1|Ting-Lu|\n|poke|p1|Dondozo, M|\n|poke|p1|Zacian-*|\n|poke|p2|Miraidon|\n|poke|p2|Grimmsnarl, M|\n|poke|p2|Skeledirge, F|\n|poke|p2|Blissey, F|\n|poke|p2|Moltres|\n|poke|p2|Calyrex-Ice|\n|teampreview\n|inactive|Battle timer is ON: inactive players will automatically lose when time's up. (requested by AGisgood\u82cd\u54cd\u4fa0)\n|\n|t:|1698587455\n|start\n|switch|p1a: Koraidon|Koraidon|100\/100\n|switch|p2a: Moltres|Moltres|100\/100\n|-weather|SunnyDay|[from] ability: Orichalcum Pulse|[of] p1a: Koraidon\n|-activate|p1a: Koraidon|Orichalcum Pulse|[source]\n|turn|1\n|\n|t:|1698587463\n|move|p1a: Koraidon|U-turn|p2a: Moltres\n|-resisted|p2a: Moltres\n|-damage|p2a: Moltres|95\/100\n|\n|t:|1698587466\n|switch|p1a: Ting-Lu|Ting-Lu|100\/100|[from] U-turn\n|-ability|p1a: Ting-Lu|Vessel of Ruin\n|move|p2a: Moltres|Burning Jealousy|p1a: Ting-Lu\n|-damage|p1a: Ting-Lu|82\/100\n|\n|-weather|SunnyDay|[upkeep]\n|-heal|p1a: Ting-Lu|88\/100|[from] item: Leftovers\n|upkeep\n|turn|2\n|\n|t:|1698587476\n|move|p2a: Moltres|Will-O-Wisp|p1a: Ting-Lu\n|-status|p1a: Ting-Lu|brn\n|move|p1a: Ting-Lu|Spikes|p2a: Moltres\n|-sidestart|p2: eurybie|Spikes\n|\n|-weather|SunnyDay|[upkeep]\n|-heal|p1a: Ting-Lu|94\/100 brn|[from] item: Leftovers\n|-damage|p1a: Ting-Lu|88\/100 brn|[from] brn\n|upkeep\n|turn|3\n|\n|t:|1698587488\n|move|p2a: Moltres|Burning Jealousy|p1a: Ting-Lu\n|-damage|p1a: Ting-Lu|70\/100 brn\n|move|p1a: Ting-Lu|Spikes|p2a: Moltres\n|-sidestart|p2: eurybie|Spikes\n|\n|-weather|SunnyDay|[upkeep]\n|-heal|p1a: Ting-Lu|76\/100 brn|[from] item: Leftovers\n|-damage|p1a: Ting-Lu|70\/100 brn|[from] brn\n|upkeep\n|turn|4\n|\n|t:|1698587496\n|move|p2a: Moltres|U-turn|p1a: Ting-Lu\n|-supereffective|p1a: Ting-Lu\n|-damage|p1a: Ting-Lu|52\/100 brn\n|\n|t:|1698587500\n|switch|p2a: Calyrex|Calyrex-Ice|100\/100|[from] U-turn\n|-ability|p2a: Calyrex|As One\n|-ability|p2a: Calyrex|Unnerve\n|move|p1a: Ting-Lu|Spikes|p2a: Calyrex\n|-sidestart|p2: eurybie|Spikes\n|\n|-weather|SunnyDay|[upkeep]\n|-heal|p1a: Ting-Lu|58\/100 brn|[from] item: Leftovers\n|-damage|p1a: Ting-Lu|52\/100 brn|[from] brn\n|upkeep\n|turn|5\n|\n|t:|1698587520\n|move|p2a: Calyrex|Glacial Lance|p1a: Ting-Lu\n|-supereffective|p1a: Ting-Lu\n|-damage|p1a: Ting-Lu|0 fnt\n|faint|p1a: Ting-Lu\n|-ability|p2a: Calyrex|Chilling Neigh|boost\n|-boost|p2a: Calyrex|atk|1\n|\n|-weather|none\n|upkeep\n|\n|t:|1698587525\n|switch|p1a: Zacian|Zacian-Crowned|100\/100\n|-ability|p1a: Zacian|Intrepid Sword|boost\n|-boost|p1a: Zacian|atk|1\n|turn|6\n|\n|t:|1698587535\n|switch|p2a: Skeledirge|Skeledirge, F|100\/100\n|move|p1a: Zacian|Behemoth Blade|p2a: Skeledirge\n|-resisted|p2a: Skeledirge\n|-damage|p2a: Skeledirge|83\/100\n|\n|upkeep\n|turn|7\n|\n|t:|1698587541\n|switch|p1a: Calyrex|Calyrex-Shadow|100\/100\n|-ability|p1a: Calyrex|As One\n|-ability|p1a: Calyrex|Unnerve\n|move|p2a: Skeledirge|Torch Song|p1a: Calyrex\n|-damage|p1a: Calyrex|69\/100\n|-boost|p2a: Skeledirge|spa|1\n|\n|upkeep\n|turn|8\n|\n|t:|1698587551\n|switch|p1a: Koraidon|Koraidon|100\/100\n|-weather|SunnyDay|[from] ability: Orichalcum Pulse|[of] p1a: Koraidon\n|-activate|p1a: Koraidon|Orichalcum Pulse|[source]\n|switch|p2a: Grimmsnarl|Grimmsnarl, M|100\/100\n|\n|-weather|SunnyDay|[upkeep]\n|upkeep\n|turn|9\n|\n|t:|1698587560\n|move|p2a: Grimmsnarl|Parting Shot|p1a: Koraidon\n|-unboost|p1a: Koraidon|atk|1\n|-unboost|p1a: Koraidon|spa|1\n|\n|t:|1698587564\n|switch|p2a: Moltres|Moltres|95\/100|[from] Parting Shot\n|move|p1a: Koraidon|U-turn|p2a: Moltres\n|-resisted|p2a: Moltres\n|-damage|p2a: Moltres|91\/100\n|\n|t:|1698587568\n|switch|p1a: Arceus|Arceus|100\/100|[from] U-turn\n|\n|-weather|SunnyDay|[upkeep]\n|upkeep\n|turn|10\n|\n|t:|1698587573\n|move|p1a: Arceus|Extreme Speed|p2a: Moltres\n|-damage|p2a: Moltres|63\/100\n|-status|p1a: Arceus|brn|[from] ability: Flame Body|[of] p2a: Moltres\n|move|p2a: Moltres|Burning Jealousy|p1a: Arceus\n|-crit|p1a: Arceus\n|-damage|p1a: Arceus|60\/100 brn\n|\n|-weather|SunnyDay|[upkeep]\n|-heal|p1a: Arceus|66\/100 brn|[from] item: Leftovers\n|-damage|p1a: Arceus|60\/100 brn|[from] brn\n|upkeep\n|turn|11\n|\n|t:|1698587584\n|move|p1a: Arceus|Shadow Claw|p2a: Moltres\n|-damage|p2a: Moltres|55\/100\n|move|p2a: Moltres|U-turn|p1a: Arceus\n|-damage|p1a: Arceus|51\/100 brn\n|\n|t:|1698587593\n|switch|p2a: Calyrex|Calyrex-Ice|100\/100|[from] U-turn\n|-ability|p2a: Calyrex|As One\n|-ability|p2a: Calyrex|Unnerve\n|\n|-weather|SunnyDay|[upkeep]\n|-heal|p1a: Arceus|57\/100 brn|[from] item: Leftovers\n|-damage|p1a: Arceus|51\/100 brn|[from] brn\n|upkeep\n|turn|12\n|\n|t:|1698587601\n|switch|p1a: Dondozo|Dondozo, M|100\/100\n|move|p2a: Calyrex|Glacial Lance|p1a: Dondozo\n|-resisted|p1a: Dondozo\n|-damage|p1a: Dondozo|83\/100\n|\n|-weather|none\n|-heal|p1a: Dondozo|89\/100|[from] item: Leftovers\n|upkeep\n|turn|13\n|\n|t:|1698587610\n|switch|p2a: Moltres|Moltres|55\/100\n|move|p1a: Dondozo|Liquidation|p2a: Moltres\n|-supereffective|p2a: Moltres\n|-damage|p2a: Moltres|16\/100\n|\n|-heal|p1a: Dondozo|95\/100|[from] item: Leftovers\n|upkeep\n|turn|14\n|\n|t:|1698587620\n|move|p2a: Moltres|Will-O-Wisp|p1a: Dondozo\n|-status|p1a: Dondozo|brn\n|move|p1a: Dondozo|Liquidation|p2a: Moltres\n|-supereffective|p2a: Moltres\n|-damage|p2a: Moltres|0 fnt\n|faint|p2a: Moltres\n|\n|-heal|p1a: Dondozo|100\/100 brn|[from] item: Leftovers\n|-damage|p1a: Dondozo|94\/100 brn|[from] brn\n|upkeep\n|\n|t:|1698587631\n|switch|p2a: Miraidon|Miraidon|100\/100\n|-fieldstart|move: Electric Terrain|[from] ability: Hadron Engine|[of] p2a: Miraidon\n|turn|15\n|\n|t:|1698587639\n|switch|p1a: Koraidon|Koraidon|100\/100\n|-weather|SunnyDay|[from] ability: Orichalcum Pulse|[of] p1a: Koraidon\n|-activate|p1a: Koraidon|Orichalcum Pulse|[source]\n|move|p2a: Miraidon|Electro Drift|p1a: Koraidon\n|-resisted|p1a: Koraidon\n|-damage|p1a: Koraidon|52\/100\n|\n|-weather|SunnyDay|[upkeep]\n|upkeep\n|turn|16\n|j| s3rp3rior\n|\n|t:|1698587648\n|move|p2a: Miraidon|Protect|p2a: Miraidon\n|-singleturn|p2a: Miraidon|Protect\n|move|p1a: Koraidon|U-turn|p2a: Miraidon\n|-activate|p2a: Miraidon|move: Protect\n|\n|-weather|SunnyDay|[upkeep]\n|upkeep\n|turn|17\n|\n|t:|1698587658\n|move|p1a: Koraidon|U-turn|p2a: Miraidon\n|-damage|p2a: Miraidon|66\/100\n|\n|t:|1698587662\n|switch|p1a: Zacian|Zacian-Crowned|100\/100|[from] U-turn\n|move|p2a: Miraidon|Electro Drift|p1a: Zacian\n|-damage|p1a: Zacian|23\/100\n|\n|-weather|SunnyDay|[upkeep]\n|upkeep\n|turn|18\n|\n|t:|1698587672\n|switch|p2a: Skeledirge|Skeledirge, F|83\/100\n|move|p1a: Zacian|Play Rough|p2a: Skeledirge\n|-resisted|p2a: Skeledirge\n|-damage|p2a: Skeledirge|68\/100\n|\n|-weather|SunnyDay|[upkeep]\n|upkeep\n|turn|19\n|\n|t:|1698587682\n|switch|p1a: Calyrex|Calyrex-Shadow|69\/100\n|-ability|p1a: Calyrex|As One\n|-ability|p1a: Calyrex|Unnerve\n|move|p2a: Skeledirge|Torch Song|p1a: Calyrex\n|-crit|p1a: Calyrex\n|-damage|p1a: Calyrex|4\/100\n|-boost|p2a: Skeledirge|spa|1\n|\n|-weather|none\n|-fieldend|move: Electric Terrain\n|upkeep\n|turn|20\n|\n|t:|1698587693\n|switch|p2a: Grimmsnarl|Grimmsnarl, M|100\/100\n|move|p1a: Calyrex|Astral Barrage|p2a: Grimmsnarl\n|-resisted|p2a: Grimmsnarl\n|-damage|p2a: Grimmsnarl|72\/100\n|\n|upkeep\n|turn|21\n|\n|t:|1698587701\n|-terastallize|p1a: Calyrex|Fairy\n|move|p1a: Calyrex|Tera Blast|p2a: Grimmsnarl|[anim] Tera Blast Fairy\n|-supereffective|p2a: Grimmsnarl\n|-damage|p2a: Grimmsnarl|1\/100\n|move|p2a: Grimmsnarl|Foul Play|p1a: Calyrex\n|-resisted|p1a: Calyrex\n|-damage|p1a: Calyrex|0 fnt\n|faint|p1a: Calyrex\n|\n|upkeep\n|-message|AGisgood\u82cd\u54cd\u4fa0 forfeited.\n|\n|win|eurybie\n|raw|AGisgood\u82cd\u54cd\u4fa0's rating: 1767 &rarr; <strong>1742<\/strong><br \/>(-25 for losing)\n|raw|eurybie's rating: 1683 &rarr; <strong>1708<\/strong><br \/>(+25 for winning)\n|l|\u2606AGisgood\u82cd\u54cd\u4fa0\n|l| s3rp3rior\n","uploadtime":1698587740,"views":18,"p1id":"agisgood","p2id":"eurybie","formatid":"gen9anythinggoes","rating":1708,"private":0,"password":""}