{"id":"gen9anythinggoes-1984790343","p1":"justapotatop","p2":"Henzai","format":"[Gen 9] Anything Goes","log":"|j|\u2606justapotatop\n|j|\u2606Henzai\n|t:|1699299227\n|gametype|singles\n|player|p1|justapotatop|psychic-gen4|1124\n|player|p2|Henzai|allister|1018\n|teamsize|p1|6\n|teamsize|p2|6\n|gen|9\n|tier|[Gen 9] Anything Goes\n|rated|\n|rule|HP Percentage Mod: HP is shown in percentages\n|rule|Endless Battle Clause: Forcing endless battles is banned\n|clearpoke\n|poke|p1|Diancie|\n|poke|p1|Garganacl, F|\n|poke|p1|Mewtwo|\n|poke|p1|Oricorio, F|\n|poke|p1|Pawmot, M|\n|poke|p1|Victreebel, M|\n|poke|p2|Calyrex-Ice|\n|poke|p2|Weavile, M|\n|poke|p2|Espathra, M|\n|poke|p2|Drifblim, M|\n|poke|p2|Krookodile, M|\n|poke|p2|Mewtwo|\n|teampreview\n|inactive|Battle timer is ON: inactive players will automatically lose when time's up. (requested by Henzai)\n|inactive|justapotatop has 120 seconds left.\n|inactive|justapotatop has 90 seconds left.\n|\n|t:|1699299310\n|start\n|switch|p1a: Pawmot|Pawmot, M|100\/100\n|switch|p2a: Espathra|Espathra, M, shiny|100\/100\n|turn|1\n|c|\u2606justapotatop|damnit\n|inactive|Henzai has 120 seconds left.\n|\n|t:|1699299341\n|switch|p1a: Oricorio|Oricorio, F|100\/100\n|move|p2a: Espathra|Agility|p2a: Espathra\n|-boost|p2a: Espathra|spe|2\n|\n|-ability|p2a: Espathra|Speed Boost|boost\n|-boost|p2a: Espathra|spe|1\n|upkeep\n|turn|2\n|\n|t:|1699299346\n|move|p2a: Espathra|Baton Pass|p2a: Espathra\n|\n|t:|1699299349\n|switch|p2a: Calyrex|Calyrex-Ice|100\/100|[from] Baton Pass\n|-ability|p2a: Calyrex|As One\n|-ability|p2a: Calyrex|Unnerve\n|move|p1a: Oricorio|Quiver Dance|p1a: Oricorio\n|-boost|p1a: Oricorio|spa|1\n|-boost|p1a: Oricorio|spd|1\n|-boost|p1a: Oricorio|spe|1\n|\n|upkeep\n|turn|3\n|\n|t:|1699299360\n|-terastallize|p1a: Oricorio|Ice\n|move|p1a: Oricorio|Quiver Dance|p1a: Oricorio\n|-boost|p1a: Oricorio|spa|1\n|-boost|p1a: Oricorio|spd|1\n|-boost|p1a: Oricorio|spe|1\n|move|p2a: Calyrex|Iron Defense|p2a: Calyrex\n|-boost|p2a: Calyrex|def|2\n|\n|upkeep\n|turn|4\n|\n|t:|1699299376\n|move|p1a: Oricorio|Quiver Dance|p1a: Oricorio\n|-boost|p1a: Oricorio|spa|1\n|-boost|p1a: Oricorio|spd|1\n|-boost|p1a: Oricorio|spe|1\n|move|p2a: Calyrex|Substitute|p2a: Calyrex\n|-start|p2a: Calyrex|Substitute\n|-damage|p2a: Calyrex|75\/100\n|\n|-heal|p2a: Calyrex|82\/100|[from] item: Leftovers\n|upkeep\n|turn|5\n|\n|t:|1699299380\n|move|p1a: Oricorio|Quiver Dance|p1a: Oricorio\n|-boost|p1a: Oricorio|spa|1\n|-boost|p1a: Oricorio|spd|1\n|-boost|p1a: Oricorio|spe|1\n|move|p2a: Calyrex|Baton Pass|p2a: Calyrex\n|\n|t:|1699299385\n|switch|p2a: Drifblim|Drifblim, M, shiny|100\/100|[from] Baton Pass\n|\n|upkeep\n|turn|6\n|\n|t:|1699299393\n|move|p1a: Oricorio|Air Slash|p2a: Drifblim\n|-end|p2a: Drifblim|Substitute\n|move|p2a: Drifblim|Minimize|p2a: Drifblim\n|-boost|p2a: Drifblim|evasion|2\n|\n|upkeep\n|turn|7\n|\n|t:|1699299399\n|move|p1a: Oricorio|Revelation Dance|p2a: Drifblim\n|-supereffective|p2a: Drifblim\n|-damage|p2a: Drifblim|0 fnt\n|faint|p2a: Drifblim\n|\n|upkeep\n|-message|Henzai forfeited.\n|\n|win|justapotatop\n|raw|justapotatop's rating: 1124 &rarr; <strong>1142<\/strong><br \/>(+18 for winning)\n|raw|Henzai's rating: 1018 &rarr; <strong>1009<\/strong><br \/>(-9 for losing)\n|l|\u2606Henzai\n|j| Pathfinder0515\n|l| Pathfinder0515\n|j| lzt_45\n|l| lzt_45\n|j| Van Goghachu\n|l| Van Goghachu\n|j| 07Pineapple07\n|l| 07Pineapple07\n|l|\u2606justapotatop\n|j| kipperace\n","uploadtime":1699299681,"views":4,"p1id":"justapotatop","p2id":"henzai","formatid":"gen9anythinggoes","rating":1009,"private":0,"password":""}