{"id":"gen9anythinggoes-1995491488","p1":"nosedhevj","p2":"QAsianKenzo","format":"[Gen 9] Anything Goes","log":"|j|\u2606nosedhevj\n|j|\u2606QAsianKenzo\n|t:|1700576611\n|gametype|singles\n|player|p1|nosedhevj|lucas|1000\n|player|p2|QAsianKenzo|266|1074\n|teamsize|p1|6\n|teamsize|p2|6\n|gen|9\n|tier|[Gen 9] Anything Goes\n|rated|\n|rule|HP Percentage Mod: HP is shown in percentages\n|rule|Endless Battle Clause: Forcing endless battles is banned\n|clearpoke\n|poke|p1|Dragapult, M|\n|poke|p1|Mimikyu, M|\n|poke|p1|Volcarona, M|\n|poke|p1|Kyogre|\n|poke|p1|Palafin, M|\n|poke|p1|Garchomp, F|\n|poke|p2|Arceus-Steel|\n|poke|p2|Giratina|\n|poke|p2|Rayquaza|\n|poke|p2|Regieleki|\n|poke|p2|Calyrex-Shadow|\n|poke|p2|Greninja-*, M|\n|teampreview\n|inactive|Battle timer is ON: inactive players will automatically lose when time's up. (requested by nosedhevj)\n|\n|t:|1700576620\n|start\n|switch|p1a: Palafin|Palafin, M, shiny|100\/100\n|switch|p2a: Greninja|Greninja, M|100\/100\n|turn|1\n|\n|t:|1700576631\n|switch|p2a: Regieleki|Regieleki|100\/100\n|move|p1a: Palafin|Flip Turn|p2a: Regieleki\n|-crit|p2a: Regieleki\n|-damage|p2a: Regieleki|33\/100\n|\n|t:|1700576642\n|detailschange|p1a: Palafin|Palafin-Hero, M, shiny\n|switch|p1a: Garchomp|Garchomp, F, shiny|100\/100|[from] Flip Turn\n|\n|upkeep\n|turn|2\n|\n|t:|1700576658\n|switch|p2a: Rayquaza|Rayquaza|100\/100\n|-ability|p2a: Rayquaza|Air Lock\n|move|p1a: Garchomp|Crunch|p2a: Rayquaza\n|-damage|p2a: Rayquaza|44\/100\n|-unboost|p2a: Rayquaza|def|1\n|\n|upkeep\n|turn|3\n|\n|t:|1700576668\n|move|p2a: Rayquaza|Draco Meteor|p1a: Garchomp\n|-supereffective|p1a: Garchomp\n|-damage|p1a: Garchomp|0 fnt\n|-unboost|p2a: Rayquaza|spa|2\n|faint|p1a: Garchomp\n|\n|upkeep\n|\n|t:|1700576674\n|switch|p1a: Dragapult|Dragapult, M, shiny|100\/100\n|turn|4\n|\n|t:|1700576694\n|move|p1a: Dragapult|Dragon Darts|p2a: Rayquaza\n|-supereffective|p2a: Rayquaza\n|-damage|p2a: Rayquaza|0 fnt\n|faint|p2a: Rayquaza\n|\n|upkeep\n|inactive|QAsianKenzo has 120 seconds left.\n|\n|t:|1700576712\n|switch|p2a: Giratina|Giratina|100\/100\n|-ability|p2a: Giratina|Pressure\n|turn|5\n|\n|t:|1700576724\n|move|p1a: Dragapult|Dragon Darts|p2a: Giratina\n|-supereffective|p2a: Giratina\n|-damage|p2a: Giratina|69\/100\n|-anim|p1a: Dragapult|Dragon Darts|p2a: Giratina\n|-supereffective|p2a: Giratina\n|-damage|p2a: Giratina|35\/100\n|move|p2a: Giratina|Draco Meteor|p1a: Dragapult\n|-supereffective|p1a: Dragapult\n|-damage|p1a: Dragapult|0 fnt\n|-unboost|p2a: Giratina|spa|2\n|faint|p1a: Dragapult\n|\n|upkeep\n|\n|t:|1700576736\n|switch|p1a: Palafin|Palafin-Hero, M, shiny|100\/100\n|-activate|p1a: Palafin|ability: Zero to Hero\n|turn|6\n|inactive|QAsianKenzo has 120 seconds left.\n|\n|t:|1700576766\n|switch|p2a: Regieleki|Regieleki|33\/100\n|move|p1a: Palafin|Flip Turn|p2a: Regieleki\n|-damage|p2a: Regieleki|0 fnt\n|faint|p2a: Regieleki\n|\n|t:|1700576777\n|switch|p1a: Volcarona|Volcarona, M, shiny|100\/100|[from] Flip Turn\n|\n|upkeep\n|inactive|QAsianKenzo has 120 seconds left.\n|\n|t:|1700576814\n|switch|p2a: Greninja|Greninja, M|100\/100\n|turn|7\n|\n|t:|1700576823\n|-terastallize|p1a: Volcarona|Bug\n|move|p2a: Greninja|Hydro Pump|p1a: Volcarona|[miss]\n|-miss|p2a: Greninja|p1a: Volcarona\n|move|p1a: Volcarona|Quiver Dance|p1a: Volcarona\n|-boost|p1a: Volcarona|spa|1\n|-boost|p1a: Volcarona|spd|1\n|-boost|p1a: Volcarona|spe|1\n|\n|upkeep\n|turn|8\n|\n|t:|1700576835\n|move|p1a: Volcarona|Quiver Dance|p1a: Volcarona\n|-boost|p1a: Volcarona|spa|1\n|-boost|p1a: Volcarona|spd|1\n|-boost|p1a: Volcarona|spe|1\n|move|p2a: Greninja|Hydro Pump|p1a: Volcarona\n|-damage|p1a: Volcarona|62\/100\n|\n|upkeep\n|turn|9\n|inactive|QAsianKenzo has 90 seconds left.\n|\n|t:|1700576870\n|move|p1a: Volcarona|Quiver Dance|p1a: Volcarona\n|-boost|p1a: Volcarona|spa|1\n|-boost|p1a: Volcarona|spd|1\n|-boost|p1a: Volcarona|spe|1\n|move|p2a: Greninja|Hydro Pump|p1a: Volcarona\n|-damage|p1a: Volcarona|30\/100\n|-enditem|p1a: Volcarona|Oran Berry|[eat]\n|-heal|p1a: Volcarona|33\/100|[from] item: Oran Berry\n|\n|upkeep\n|turn|10\n|\n|t:|1700576876\n|move|p1a: Volcarona|Bug Buzz|p2a: Greninja\n|-supereffective|p2a: Greninja\n|-damage|p2a: Greninja|0 fnt\n|faint|p2a: Greninja\n|\n|upkeep\n|\n|t:|1700576882\n|switch|p2a: Arceus|Arceus-Steel|100\/100\n|turn|11\n|inactive|QAsianKenzo has 90 seconds left.\n|\n|t:|1700576890\n|move|p1a: Volcarona|Bug Buzz|p2a: Arceus\n|-resisted|p2a: Arceus\n|-damage|p2a: Arceus|43\/100\n|move|p2a: Arceus|Iron Head|p1a: Volcarona\n|-damage|p1a: Volcarona|0 fnt\n|faint|p1a: Volcarona\n|\n|upkeep\n|\n|t:|1700576898\n|switch|p1a: Palafin|Palafin-Hero, M, shiny|100\/100\n|turn|12\n|inactive|QAsianKenzo has 90 seconds left.\n|\n|t:|1700576916\n|switch|p2a: Giratina|Giratina|35\/100\n|-ability|p2a: Giratina|Pressure\n|move|p1a: Palafin|Flip Turn|p2a: Giratina\n|-resisted|p2a: Giratina\n|-damage|p2a: Giratina|24\/100\n|\n|t:|1700576925\n|switch|p1a: Mimikyu|Mimikyu, M, shiny|100\/100|[from] Flip Turn\n|\n|upkeep\n|turn|13\n|inactive|QAsianKenzo has 90 seconds left.\n|\n|t:|1700576943\n|move|p1a: Mimikyu|Play Rough|p2a: Giratina\n|-supereffective|p2a: Giratina\n|-damage|p2a: Giratina|0 fnt\n|faint|p2a: Giratina\n|\n|upkeep\n|inactive|QAsianKenzo has 90 seconds left.\n|\n|t:|1700576949\n|switch|p2a: Calyrex|Calyrex-Shadow|100\/100\n|-ability|p2a: Calyrex|As One\n|-ability|p2a: Calyrex|Unnerve\n|turn|14\n|inactive|QAsianKenzo has 90 seconds left.\n|\n|t:|1700576967\n|move|p1a: Mimikyu|Shadow Sneak|p2a: Calyrex\n|-supereffective|p2a: Calyrex\n|-damage|p2a: Calyrex|3\/100\n|move|p2a: Calyrex|Astral Barrage|p1a: Mimikyu\n|-activate|p1a: Mimikyu|ability: Disguise\n|-damage|p1a: Mimikyu|100\/100\n|detailschange|p1a: Mimikyu|Mimikyu-Busted, M, shiny\n|-damage|p1a: Mimikyu|88\/100|[from] pokemon: Mimikyu-Busted\n|\n|upkeep\n|turn|15\n|inactive|QAsianKenzo has 90 seconds left.\n|\n|t:|1700576980\n|move|p1a: Mimikyu|Shadow Sneak|p2a: Calyrex\n|-supereffective|p2a: Calyrex\n|-damage|p2a: Calyrex|0 fnt\n|faint|p2a: Calyrex\n|\n|upkeep\n|inactive|QAsianKenzo has 60 seconds left.\n|inactive|QAsianKenzo has 30 seconds left.\n|inactive|QAsianKenzo has 20 seconds left.\n|inactive|QAsianKenzo has 15 seconds left.\n|inactive|QAsianKenzo has 10 seconds left.\n|inactive|QAsianKenzo has 5 seconds left.\n|-message|QAsianKenzo lost due to inactivity.\n|\n|win|nosedhevj\n|raw|nosedhevj's rating: 1000 &rarr; <strong>1048<\/strong><br \/>(+48 for winning)\n|raw|QAsianKenzo's rating: 1074 &rarr; <strong>1048<\/strong><br \/>(-26 for losing)\n","uploadtime":1700577074,"views":9,"p1id":"nosedhevj","p2id":"qasiankenzo","formatid":"gen9anythinggoes","rating":1048,"private":0,"password":""}