{"id":"gen9anythinggoes-1993990200","p1":"yippir","p2":"Poyo90","format":"[Gen 9] Anything Goes","log":"|j|\u2606yippir\n|j|\u2606Poyo90\n|t:|1700389323\n|gametype|singles\n|player|p1|yippir|roxie|1027\n|player|p2|Poyo90|hau|1123\n|teamsize|p1|6\n|teamsize|p2|6\n|gen|9\n|tier|[Gen 9] Anything Goes\n|rated|\n|rule|HP Percentage Mod: HP is shown in percentages\n|rule|Endless Battle Clause: Forcing endless battles is banned\n|clearpoke\n|poke|p1|Ditto|\n|poke|p1|Ditto|\n|poke|p1|Ditto|\n|poke|p1|Ditto|\n|poke|p1|Ditto|\n|poke|p1|Ditto|\n|poke|p2|Great Tusk|\n|poke|p2|Iron Moth|\n|poke|p2|Munkidori, M|\n|poke|p2|Weezing-Galar, F|\n|poke|p2|Electrode-Hisui|\n|poke|p2|Hatterene, F|\n|teampreview\n|inactive|Battle timer is ON: inactive players will automatically lose when time's up. (requested by Poyo90)\n|\n|t:|1700389329\n|start\n|switch|p1a: Ditto|Ditto|100\/100\n|switch|p2a: Munkidori|Munkidori, M|100\/100\n|-transform|p1a: Ditto|p2a: Munkidori|[from] ability: Imposter\n|turn|1\n|\n|t:|1700389344\n|move|p1a: Ditto|Fake Out|p2a: Munkidori\n|-damage|p2a: Munkidori|88\/100\n|cant|p2a: Munkidori|flinch\n|\n|upkeep\n|turn|2\n|\n|t:|1700389362\n|move|p1a: Ditto|Psyshock|p2a: Munkidori\n|-damage|p2a: Munkidori|20\/100\n|move|p2a: Munkidori|Psyshock|p1a: Ditto\n|-damage|p1a: Ditto|0 fnt\n|faint|p1a: Ditto\n|\n|upkeep\n|\n|t:|1700389371\n|switch|p1a: Ditto|Ditto|100\/100\n|-transform|p1a: Ditto|p2a: Munkidori|[from] ability: Imposter\n|turn|3\n|\n|t:|1700389376\n|move|p1a: Ditto|Fake Out|p2a: Munkidori\n|-damage|p2a: Munkidori|7\/100\n|cant|p2a: Munkidori|flinch\n|\n|upkeep\n|turn|4\n|\n|t:|1700389387\n|move|p1a: Ditto|Hex|p2a: Munkidori\n|-supereffective|p2a: Munkidori\n|-damage|p2a: Munkidori|0 fnt\n|faint|p2a: Munkidori\n|\n|upkeep\n|\n|t:|1700389394\n|switch|p2a: Great Tusk|Great Tusk|100\/100\n|turn|5\n|\n|t:|1700389399\n|-terastallize|p2a: Great Tusk|Fairy\n|move|p1a: Ditto|Grass Knot|p2a: Great Tusk\n|-damage|p2a: Great Tusk|37\/100\n|move|p2a: Great Tusk|Headlong Rush|p1a: Ditto\n|-supereffective|p1a: Ditto\n|-damage|p1a: Ditto|0 fnt\n|-unboost|p2a: Great Tusk|def|1\n|-unboost|p2a: Great Tusk|spd|1\n|faint|p1a: Ditto\n|\n|upkeep\n|\n|t:|1700389409\n|switch|p1a: Ditto|Ditto|100\/100\n|-transform|p1a: Ditto|p2a: Great Tusk|[from] ability: Imposter\n|-start|p1a: Ditto|typechange|Ground\/Fighting|[silent]\n|turn|6\n|\n|t:|1700389418\n|-end|p2a: Great Tusk|Protosynthesis|[silent]\n|switch|p2a: Hatterene|Hatterene, F|100\/100\n|move|p1a: Ditto|Play Rough|p2a: Hatterene\n|-damage|p2a: Hatterene|68\/100\n|-unboost|p2a: Hatterene|atk|1\n|\n|-heal|p2a: Hatterene|74\/100|[from] item: Leftovers\n|upkeep\n|turn|7\n|\n|t:|1700389431\n|move|p1a: Ditto|Play Rough|p2a: Hatterene\n|-damage|p2a: Hatterene|36\/100\n|move|p2a: Hatterene|Draining Kiss|p1a: Ditto\n|-supereffective|p1a: Ditto\n|-damage|p1a: Ditto|0 fnt\n|-heal|p2a: Hatterene|99\/100|[from] drain|[of] p1a: Ditto\n|faint|p1a: Ditto\n|-end|p1a: Ditto|Protosynthesis|[silent]\n|\n|-heal|p2a: Hatterene|100\/100|[from] item: Leftovers\n|upkeep\n|\n|t:|1700389450\n|switch|p1a: Ditto|Ditto|100\/100\n|-transform|p1a: Ditto|p2a: Hatterene|[from] ability: Imposter\n|turn|8\n|\n|t:|1700389462\n|switch|p2a: Electrode|Electrode-Hisui|100\/100\n|move|p1a: Ditto|Psychic|p2a: Electrode\n|-damage|p2a: Electrode|13\/100\n|\n|upkeep\n|turn|9\n|\n|t:|1700389470\n|move|p2a: Electrode|Chloroblast|p1a: Ditto\n|-damage|p1a: Ditto|3\/100\n|-damage|p2a: Electrode|0 fnt|[from] Recoil\n|faint|p2a: Electrode\n|move|p1a: Ditto|Psychic|p2: Electrode|[notarget]\n|-fail|p1a: Ditto\n|\n|upkeep\n|\n|t:|1700389488\n|switch|p2a: Weezing|Weezing-Galar, F|100\/100\n|-ability|p2a: Weezing|Neutralizing Gas\n|turn|10\n|\n|t:|1700389498\n|move|p2a: Weezing|Clear Smog|p1a: Ditto\n|-supereffective|p1a: Ditto\n|-damage|p1a: Ditto|0 fnt\n|-clearboost|p1a: Ditto\n|faint|p1a: Ditto\n|\n|upkeep\n|\n|t:|1700389507\n|switch|p1a: Ditto|Ditto|100\/100\n|turn|11\n|\n|t:|1700389519\n|move|p2a: Weezing|Toxic Spikes|p1a: Ditto\n|-sidestart|p1: yippir|move: Toxic Spikes\n|move|p1a: Ditto|Transform|p2a: Weezing\n|-transform|p1a: Ditto|p2a: Weezing\n|\n|upkeep\n|turn|12\n|\n|t:|1700389529\n|move|p1a: Ditto|Dazzling Gleam|p2a: Weezing\n|-resisted|p2a: Weezing\n|-crit|p2a: Weezing\n|-damage|p2a: Weezing|85\/100\n|move|p2a: Weezing|Toxic Spikes|p1a: Ditto\n|-sidestart|p1: yippir|move: Toxic Spikes\n|\n|-heal|p2a: Weezing|91\/100|[from] item: Leftovers\n|upkeep\n|turn|13\n|\n|t:|1700389537\n|switch|p2a: Iron Moth|Iron Moth|100\/100\n|move|p1a: Ditto|Toxic Spikes|p2a: Iron Moth\n|-sidestart|p2: Poyo90|move: Toxic Spikes\n|\n|upkeep\n|turn|14\n|\n|t:|1700389546\n|move|p2a: Iron Moth|Sludge Wave|p1a: Ditto\n|-damage|p1a: Ditto|13\/100\n|move|p1a: Ditto|Dazzling Gleam|p2a: Iron Moth\n|-resisted|p2a: Iron Moth\n|-damage|p2a: Iron Moth|95\/100\n|\n|upkeep\n|turn|15\n|\n|t:|1700389554\n|move|p2a: Iron Moth|Sludge Wave|p1a: Ditto\n|-damage|p1a: Ditto|0 fnt\n|faint|p1a: Ditto\n|\n|upkeep\n|\n|t:|1700389557\n|switch|p1a: Ditto|Ditto|100\/100\n|-transform|p1a: Ditto|p2a: Iron Moth|[from] ability: Imposter\n|turn|16\n|\n|t:|1700389568\n|-end|p2a: Iron Moth|Quark Drive|[silent]\n|switch|p2a: Weezing|Weezing-Galar, F|91\/100\n|-ability|p2a: Weezing|Neutralizing Gas\n|-sideend|p2: Poyo90|move: Toxic Spikes|[of] p2a: Weezing\n|-terastallize|p1a: Ditto|Ghost\n|move|p1a: Ditto|Bug Buzz|p2a: Weezing\n|-resisted|p2a: Weezing\n|-damage|p2a: Weezing|84\/100\n|\n|-heal|p2a: Weezing|90\/100|[from] item: Leftovers\n|upkeep\n|turn|17\n|\n|t:|1700389592\n|-end|p2a: Weezing|ability: Neutralizing Gas\n|switch|p2a: Iron Moth|Iron Moth|95\/100\n|move|p1a: Ditto|Sludge Wave|p2a: Iron Moth\n|-resisted|p2a: Iron Moth\n|-damage|p2a: Iron Moth|67\/100\n|\n|upkeep\n|turn|18\n|\n|t:|1700389605\n|move|p1a: Ditto|Discharge|p2a: Iron Moth\n|-damage|p2a: Iron Moth|35\/100\n|move|p2a: Iron Moth|Fiery Dance|p1a: Ditto\n|-damage|p1a: Ditto|23\/100\n|-boost|p2a: Iron Moth|spa|1\n|\n|upkeep\n|turn|19\n|\n|t:|1700389613\n|move|p1a: Ditto|Discharge|p2a: Iron Moth\n|-damage|p2a: Iron Moth|6\/100\n|move|p2a: Iron Moth|Fiery Dance|p1a: Ditto\n|-damage|p1a: Ditto|0 fnt\n|-boost|p2a: Iron Moth|spa|1\n|faint|p1a: Ditto\n|-end|p1a: Ditto|Quark Drive|[silent]\n|\n|win|Poyo90\n|raw|yippir's rating: 1027 &rarr; <strong>1017<\/strong><br \/>(-10 for losing)\n|raw|Poyo90's rating: 1123 &rarr; <strong>1141<\/strong><br \/>(+18 for winning)\n|l|\u2606yippir\n|c|\u2606Poyo90|GG wp\n","uploadtime":1700389638,"views":3,"p1id":"yippir","p2id":"poyo90","formatid":"gen9anythinggoes","rating":1017,"private":0,"password":""}