{"id":"gen9anythinggoes-2000401211","p1":"ninjago66","p2":"kwipsy","format":"[Gen 9] Anything Goes","log":"|j|\u2606ninjago66\n|j|\u2606kwipsy\n|t:|1701191717\n|gametype|singles\n|player|p1|ninjago66|veteran|1097\n|player|p2|kwipsy|1|1000\n|teamsize|p1|6\n|teamsize|p2|1\n|gen|9\n|tier|[Gen 9] Anything Goes\n|rated|\n|rule|HP Percentage Mod: HP is shown in percentages\n|rule|Endless Battle Clause: Forcing endless battles is banned\n|clearpoke\n|poke|p1|Kyogre|\n|poke|p1|Garganacl, M|\n|poke|p1|Rayquaza|\n|poke|p1|Annihilape, M|\n|poke|p1|Miraidon|\n|poke|p1|Kingambit, M|\n|poke|p2|Hawlucha, F|\n|teampreview\n|\n|t:|1701191727\n|start\n|switch|p1a: lil best|Rayquaza|100\/100\n|switch|p2a: Hawlucha|Hawlucha, F|100\/100\n|-ability|p1a: lil best|Air Lock\n|turn|1\n|\n|t:|1701191740\n|move|p2a: Hawlucha|Endure|p2a: Hawlucha\n|-singleturn|p2a: Hawlucha|move: Endure\n|move|p1a: lil best|Air Slash|p2a: Hawlucha\n|-supereffective|p2a: Hawlucha\n|-activate|p2a: Hawlucha|move: Endure\n|-damage|p2a: Hawlucha|1\/100\n|-enditem|p2a: Hawlucha|Liechi Berry|[eat]\n|-boost|p2a: Hawlucha|atk|1|[from] item: Liechi Berry\n|-damage|p1a: lil best|91\/100|[from] item: Life Orb\n|\n|upkeep\n|turn|2\n|\n|t:|1701191756\n|-terastallize|p2a: Hawlucha|Fighting\n|move|p2a: Hawlucha|Reversal|p1a: lil best\n|-resisted|p1a: lil best\n|-damage|p1a: lil best|0 fnt\n|faint|p1a: lil best\n|\n|upkeep\n|\n|t:|1701191763\n|switch|p1a: lil salty|Garganacl, M|100\/100\n|turn|3\n|\n|t:|1701191769\n|move|p2a: Hawlucha|Reversal|p1a: lil salty\n|-supereffective|p1a: lil salty\n|-damage|p1a: lil salty|0 fnt\n|faint|p1a: lil salty\n|\n|upkeep\n|\n|t:|1701191792\n|switch|p1a: lil wavey|Kyogre|100\/100\n|-weather|RainDance|[from] ability: Drizzle|[of] p1a: lil wavey\n|turn|4\n|\n|t:|1701191822\n|move|p2a: Hawlucha|Reversal|p1a: lil wavey\n|-damage|p1a: lil wavey|0 fnt\n|faint|p1a: lil wavey\n|\n|-weather|RainDance|[upkeep]\n|upkeep\n|c|\u2606ninjago66|dude\n|\n|t:|1701191827\n|switch|p1a: lil death|Annihilape, M|100\/100\n|turn|5\n|\n|t:|1701191838\n|move|p2a: Hawlucha|Acrobatics|p1a: lil death\n|-supereffective|p1a: lil death\n|-damage|p1a: lil death|0 fnt\n|faint|p1a: lil death\n|\n|-weather|RainDance|[upkeep]\n|upkeep\n|\n|t:|1701191847\n|switch|p1a: lil robot|Miraidon|100\/100\n|-fieldstart|move: Electric Terrain|[from] ability: Hadron Engine|[of] p1a: lil robot\n|turn|6\n|\n|t:|1701191864\n|move|p2a: Hawlucha|Reversal|p1a: lil robot\n|-crit|p1a: lil robot\n|-damage|p1a: lil robot|0 fnt\n|faint|p1a: lil robot\n|\n|-weather|RainDance|[upkeep]\n|upkeep\n|c|\u2606ninjago66|DUDE\n|c|\u2606ninjago66|NO WAY\n|\n|t:|1701191876\n|switch|p1a: lil himothy|Kingambit, M, shiny|100\/100\n|-activate|p1a: lil himothy|ability: Supreme Overlord\n|-start|p1a: lil himothy|fallen5|[silent]\n|turn|7\n|\n|t:|1701191894\n|move|p2a: Hawlucha|Reversal|p1a: lil himothy\n|-supereffective|p1a: lil himothy\n|-damage|p1a: lil himothy|0 fnt\n|faint|p1a: lil himothy\n|-end|p1a: lil himothy|fallen5|[silent]\n|\n|win|kwipsy\n|raw|ninjago66's rating: 1097 &rarr; <strong>1066<\/strong><br \/>(-31 for losing)\n|raw|kwipsy's rating: 1000 &rarr; <strong>1051<\/strong><br \/>(+51 for winning)\n|l|\u2606ninjago66\n|l|\u2606kwipsy\n|j|\u2606kwipsy\n|player|p2|kwipsy|1\n","uploadtime":1701191961,"views":0,"p1id":"ninjago66","p2id":"kwipsy","formatid":"gen9anythinggoes","rating":1051,"private":0,"password":""}