{"id":"gen9anythinggoes-1986209563","p1":"jerry_g13","p2":"Megasport06","format":"[Gen 9] Anything Goes","log":"|j|\u2606jerry_g13\n|j|\u2606Megasport06\n|t:|1699460051\n|gametype|singles\n|player|p1|jerry_g13|102|1174\n|player|p2|Megasport06|rancher|1166\n|teamsize|p1|6\n|teamsize|p2|6\n|gen|9\n|tier|[Gen 9] Anything Goes\n|rated|\n|rule|HP Percentage Mod: HP is shown in percentages\n|rule|Endless Battle Clause: Forcing endless battles is banned\n|clearpoke\n|poke|p1|Slowbro-Galar, M|\n|poke|p1|Slowbro, F|\n|poke|p1|Slowking-Galar, F|\n|poke|p1|Slowking, F|\n|poke|p1|Slowpoke-Galar, F|\n|poke|p1|Slowpoke, M|\n|poke|p2|Furret, M|\n|poke|p2|Manaphy|\n|poke|p2|Cramorant, M|\n|poke|p2|Mamoswine, F|\n|poke|p2|Poliwrath, F|\n|poke|p2|Kommo-o, F|\n|teampreview\n|inactive|Battle timer is ON: inactive players will automatically lose when time's up. (requested by Megasport06)\n|c|\u2606Megasport06|glhf\n|c|\u2606jerry_g13|glhf\n|\n|t:|1699460063\n|start\n|switch|p1a: Slowking|Slowking, F|100\/100\n|switch|p2a: Furret|Furret, M|100\/100\n|-item|p1a: Slowking|Light Clay|[from] ability: Frisk|[of] p2a: Furret|[identify]\n|turn|1\n|\n|t:|1699460071\n|move|p2a: Furret|Tidy Up|p2a: Furret\n|-boost|p2a: Furret|atk|1\n|-boost|p2a: Furret|spe|1\n|move|p1a: Slowking|Reflect|p1a: Slowking\n|-sidestart|p1: jerry_g13|Reflect\n|\n|upkeep\n|turn|2\n|\n|t:|1699460079\n|move|p2a: Furret|Tidy Up|p2a: Furret\n|-boost|p2a: Furret|atk|1\n|-boost|p2a: Furret|spe|1\n|move|p1a: Slowking|Light Screen|p1a: Slowking\n|-sidestart|p1: jerry_g13|move: Light Screen\n|\n|upkeep\n|turn|3\n|\n|t:|1699460084\n|move|p2a: Furret|Agility|p2a: Furret\n|-boost|p2a: Furret|spe|2\n|move|p1a: Slowking|Trick Room|p1a: Slowking\n|-fieldstart|move: Trick Room|[of] p1a: Slowking\n|\n|upkeep\n|turn|4\n|\n|t:|1699460092\n|move|p2a: Furret|Protect|p2a: Furret\n|-singleturn|p2a: Furret|Protect\n|move|p1a: Slowking|Chilly Reception|p1a: Slowking\n|-weather|Snow\n|\n|t:|1699460096\n|switch|p1a: Slowking|Slowking-Galar, F|100\/100|[from] Chilly Reception\n|\n|-weather|Snow|[upkeep]\n|upkeep\n|turn|5\n|\n|t:|1699460101\n|-terastallize|p1a: Slowking|Ice\n|move|p1a: Slowking|Blizzard|p2a: Furret\n|-crit|p2a: Furret\n|-enditem|p2a: Furret|Focus Sash\n|-damage|p2a: Furret|1\/100\n|move|p2a: Furret|Baton Pass|p2a: Furret\n|\n|t:|1699460116\n|switch|p2a: Kommo-o|Kommo-o, F|100\/100|[from] Baton Pass\n|\n|-weather|Snow|[upkeep]\n|upkeep\n|turn|6\n|\n|t:|1699460123\n|move|p2a: Kommo-o|Protect|p2a: Kommo-o\n|-singleturn|p2a: Kommo-o|Protect\n|move|p1a: Slowking|Blizzard|p2a: Kommo-o\n|-activate|p2a: Kommo-o|move: Protect\n|\n|-weather|Snow|[upkeep]\n|upkeep\n|turn|7\n|\n|t:|1699460136\n|-terastallize|p2a: Kommo-o|Fairy\n|move|p1a: Slowking|Blizzard|p2a: Kommo-o\n|-damage|p2a: Kommo-o|30\/100\n|move|p2a: Kommo-o|Clangorous Soul||[still]\n|-fail|p2a: Kommo-o\n|\n|-weather|Snow|[upkeep]\n|-fieldend|move: Trick Room\n|upkeep\n|turn|8\n|\n|t:|1699460147\n|move|p2a: Kommo-o|Boomburst|p1a: Slowking\n|-damage|p1a: Slowking|84\/100\n|-enditem|p2a: Kommo-o|Throat Spray\n|-boost|p2a: Kommo-o|spa|1|[from] item: Throat Spray\n|move|p1a: Slowking|Blizzard|p2a: Kommo-o\n|-damage|p2a: Kommo-o|0 fnt\n|faint|p2a: Kommo-o\n|\n|-weather|none\n|-sideend|p1: jerry_g13|Reflect\n|upkeep\n|\n|t:|1699460156\n|switch|p2a: Furret|Furret, M|1\/100\n|-item|p1a: Slowking|Kee Berry|[from] ability: Frisk|[of] p2a: Furret|[identify]\n|turn|9\n|\n|t:|1699460161\n|move|p2a: Furret|Protect|p2a: Furret\n|-singleturn|p2a: Furret|Protect\n|move|p1a: Slowking|Calm Mind|p1a: Slowking\n|-boost|p1a: Slowking|spa|1\n|-boost|p1a: Slowking|spd|1\n|\n|-sideend|p1: jerry_g13|move: Light Screen\n|upkeep\n|turn|10\n|\n|t:|1699460174\n|move|p2a: Furret|Baton Pass|p2a: Furret\n|\n|t:|1699460178\n|switch|p2a: Poliwrath|Poliwrath, F|100\/100|[from] Baton Pass\n|move|p1a: Slowking|Stored Power|p2a: Poliwrath\n|-supereffective|p2a: Poliwrath\n|-damage|p2a: Poliwrath|32\/100\n|-enditem|p2a: Poliwrath|Sitrus Berry|[eat]\n|-heal|p2a: Poliwrath|57\/100|[from] item: Sitrus Berry\n|\n|upkeep\n|turn|11\n|\n|t:|1699460187\n|move|p2a: Poliwrath|Taunt|p1a: Slowking\n|-start|p1a: Slowking|move: Taunt\n|move|p1a: Slowking|Stored Power|p2a: Poliwrath\n|-supereffective|p2a: Poliwrath\n|-damage|p2a: Poliwrath|0 fnt\n|faint|p2a: Poliwrath\n|\n|upkeep\n|\n|t:|1699460194\n|switch|p2a: Cramorant|Cramorant, M|100\/100\n|turn|12\n|\n|t:|1699460216\n|move|p2a: Cramorant|Surf|p1a: Slowking\n|-formechange|p2a: Cramorant|Cramorant-Gulping|\n|-damage|p1a: Slowking|66\/100\n|move|p1a: Slowking|Blizzard|p2a: Cramorant\n|-damage|p2a: Cramorant|39\/100\n|-damage|p1a: Slowking|41\/100|[from] ability: Gulp Missile|[of] p2a: Cramorant\n|-unboost|p1a: Slowking|def|1\n|-formechange|p2a: Cramorant|Cramorant|\n|\n|upkeep\n|turn|13\n|\n|t:|1699460235\n|move|p2a: Cramorant|Tera Blast|p1a: Slowking\n|-damage|p1a: Slowking|31\/100\n|move|p1a: Slowking|Blizzard|p2a: Cramorant\n|-damage|p2a: Cramorant|0 fnt\n|faint|p2a: Cramorant\n|\n|-end|p1a: Slowking|move: Taunt\n|upkeep\n|\n|t:|1699460246\n|switch|p2a: Furret|Furret, M|1\/100\n|-item|p1a: Slowking|Kee Berry|[from] ability: Frisk|[of] p2a: Furret|[identify]\n|turn|14\n|\n|t:|1699460254\n|move|p2a: Furret|Protect|p2a: Furret\n|-singleturn|p2a: Furret|Protect\n|move|p1a: Slowking|Calm Mind|p1a: Slowking\n|-boost|p1a: Slowking|spa|1\n|-boost|p1a: Slowking|spd|1\n|\n|upkeep\n|turn|15\n|\n|t:|1699460261\n|move|p2a: Furret|Tidy Up|p2a: Furret\n|-boost|p2a: Furret|atk|1\n|-boost|p2a: Furret|spe|1\n|move|p1a: Slowking|Stored Power|p2a: Furret\n|-damage|p2a: Furret|0 fnt\n|faint|p2a: Furret\n|\n|upkeep\n|\n|t:|1699460268\n|switch|p2a: Manaphy|Manaphy|100\/100\n|turn|16\n|\n|t:|1699460276\n|move|p2a: Manaphy|Protect|p2a: Manaphy\n|-singleturn|p2a: Manaphy|Protect\n|move|p1a: Slowking|Stored Power|p2a: Manaphy\n|-activate|p2a: Manaphy|move: Protect\n|\n|upkeep\n|turn|17\n|\n|t:|1699460285\n|move|p2a: Manaphy|Rain Dance|p2a: Manaphy\n|-weather|RainDance\n|move|p1a: Slowking|Stored Power|p2a: Manaphy\n|-damage|p2a: Manaphy|17\/100\n|\n|-weather|RainDance|[upkeep]\n|-heal|p2a: Manaphy|23\/100|[from] item: Leftovers\n|upkeep\n|turn|18\n|\n|t:|1699460292\n|move|p2a: Manaphy|Shadow Ball|p1a: Slowking\n|-damage|p1a: Slowking|21\/100\n|move|p1a: Slowking|Stored Power|p2a: Manaphy\n|-damage|p2a: Manaphy|0 fnt\n|faint|p2a: Manaphy\n|\n|-weather|RainDance|[upkeep]\n|upkeep\n|\n|t:|1699460299\n|switch|p2a: Mamoswine|Mamoswine, F|100\/100\n|turn|19\n|\n|t:|1699460303\n|move|p2a: Mamoswine|Protect|p2a: Mamoswine\n|-singleturn|p2a: Mamoswine|Protect\n|move|p1a: Slowking|Stored Power|p2a: Mamoswine\n|-activate|p2a: Mamoswine|move: Protect\n|\n|-weather|RainDance|[upkeep]\n|upkeep\n|turn|20\n|\n|t:|1699460311\n|move|p2a: Mamoswine|Ice Shard|p1a: Slowking\n|-resisted|p1a: Slowking\n|-damage|p1a: Slowking|5\/100\n|-enditem|p1a: Slowking|Kee Berry|[eat]\n|-boost|p1a: Slowking|def|1|[from] item: Kee Berry\n|move|p1a: Slowking|Stored Power|p2a: Mamoswine\n|-crit|p2a: Mamoswine\n|-damage|p2a: Mamoswine|0 fnt\n|faint|p2a: Mamoswine\n|\n|win|jerry_g13\n|raw|jerry_g13's rating: 1174 &rarr; <strong>1198<\/strong><br \/>(+24 for winning)\n|raw|Megasport06's rating: 1166 &rarr; <strong>1142<\/strong><br \/>(-24 for losing)\n|c|\u2606Megasport06|gg\n|c|\u2606jerry_g13|gg\n|l|\u2606Megasport06\n","uploadtime":1699460322,"views":8,"p1id":"jerryg13","p2id":"megasport06","formatid":"gen9anythinggoes","rating":1142,"private":0,"password":""}