{"id":"gen9anythinggoes-1974664613","p1":"MelloBello","p2":"Victinus","format":"[Gen 9] Anything Goes","log":"|j|\u2606MelloBello\n|j|\u2606Victinus\n|t:|1698108140\n|gametype|singles\n|player|p1|MelloBello|101|1191\n|player|p2|Victinus|rosa|1086\n|teamsize|p1|6\n|teamsize|p2|6\n|gen|9\n|tier|[Gen 9] Anything Goes\n|rated|\n|rule|HP Percentage Mod: HP is shown in percentages\n|rule|Endless Battle Clause: Forcing endless battles is banned\n|clearpoke\n|poke|p1|Mamoswine, F|\n|poke|p1|Zapdos|\n|poke|p1|Clefable, F|\n|poke|p1|Shaymin-Sky|\n|poke|p1|Gliscor, M|\n|poke|p1|Darkrai|\n|poke|p2|Diancie|\n|poke|p2|Chesnaught, M|\n|poke|p2|Mienshao, M|\n|poke|p2|Klefki, M|\n|poke|p2|Magneton|\n|poke|p2|Dusclops, M|\n|teampreview\n|inactive|Battle timer is ON: inactive players will automatically lose when time's up. (requested by Victinus)\n|\n|t:|1698108146\n|start\n|switch|p1a: Shaymin|Shaymin-Sky|100\/100\n|switch|p2a: Soul Keeper|Dusclops, M, shiny|100\/100\n|-item|p1a: Shaymin|King's Rock|[from] ability: Frisk|[of] p2a: Soul Keeper|[identify]\n|turn|1\n|c|\u2606Victinus|GLHF\n|\n|t:|1698108159\n|move|p1a: Shaymin|Air Slash|p2a: Soul Keeper\n|-damage|p2a: Soul Keeper|76\/100\n|cant|p2a: Soul Keeper|flinch\n|\n|upkeep\n|turn|2\n|\n|t:|1698108167\n|-terastallize|p2a: Soul Keeper|Ghost\n|move|p1a: Shaymin|Air Slash|p2a: Soul Keeper\n|-damage|p2a: Soul Keeper|53\/100\n|move|p2a: Soul Keeper|Calm Mind|p2a: Soul Keeper\n|-boost|p2a: Soul Keeper|spa|1\n|-boost|p2a: Soul Keeper|spd|1\n|\n|upkeep\n|turn|3\n|\n|t:|1698108181\n|move|p1a: Shaymin|Air Slash|p2a: Soul Keeper\n|-damage|p2a: Soul Keeper|37\/100\n|cant|p2a: Soul Keeper|flinch\n|\n|upkeep\n|turn|4\n|\n|t:|1698108189\n|move|p1a: Shaymin|Air Slash|p2a: Soul Keeper\n|-damage|p2a: Soul Keeper|20\/100\n|move|p2a: Soul Keeper|Shadow Ball|p1a: Shaymin\n|-damage|p1a: Shaymin|30\/100\n|\n|upkeep\n|turn|5\n|\n|t:|1698108197\n|move|p1a: Shaymin|Giga Drain|p2a: Soul Keeper\n|-crit|p2a: Soul Keeper\n|-damage|p2a: Soul Keeper|0 fnt\n|-heal|p1a: Shaymin|38\/100|[from] drain|[of] p2a: Soul Keeper\n|faint|p2a: Soul Keeper\n|\n|upkeep\n|\n|t:|1698108206\n|switch|p2a: Key Thief|Klefki, M, shiny|100\/100\n|turn|6\n|\n|t:|1698108218\n|switch|p1a: Mamoswine|Mamoswine, F|100\/100\n|move|p2a: Key Thief|Torment|p1a: Mamoswine\n|-start|p1a: Mamoswine|Torment\n|\n|upkeep\n|turn|7\n|\n|t:|1698108230\n|move|p2a: Key Thief|Calm Mind|p2a: Key Thief\n|-boost|p2a: Key Thief|spa|1\n|-boost|p2a: Key Thief|spd|1\n|move|p1a: Mamoswine|Earthquake|p2a: Key Thief\n|-supereffective|p2a: Key Thief\n|-damage|p2a: Key Thief|0 fnt\n|faint|p2a: Key Thief\n|\n|upkeep\n|\n|t:|1698108246\n|switch|p2a: Kung Fu Master|Mienshao, M, shiny|100\/100\n|turn|8\n|\n|t:|1698108260\n|move|p2a: Kung Fu Master|Fake Out|p1a: Mamoswine\n|-damage|p1a: Mamoswine|86\/100\n|cant|p1a: Mamoswine|flinch\n|\n|upkeep\n|turn|9\n|\n|t:|1698108266\n|move|p2a: Kung Fu Master|High Jump Kick|p1a: Mamoswine\n|-supereffective|p1a: Mamoswine\n|-damage|p1a: Mamoswine|0 fnt\n|faint|p1a: Mamoswine\n|\n|upkeep\n|\n|t:|1698108275\n|switch|p1a: Zapdos|Zapdos, shiny|100\/100\n|turn|10\n|\n|t:|1698108281\n|move|p2a: Kung Fu Master|Stone Edge|p1a: Zapdos\n|-supereffective|p1a: Zapdos\n|-damage|p1a: Zapdos|7\/100\n|move|p1a: Zapdos|Substitute|p1a: Zapdos\n|-fail|p1a: Zapdos|move: Substitute|[weak]\n|\n|upkeep\n|turn|11\n|\n|t:|1698108290\n|move|p2a: Kung Fu Master|U-turn|p1a: Zapdos\n|-resisted|p1a: Zapdos\n|-damage|p1a: Zapdos|0 fnt\n|faint|p1a: Zapdos\n|\n|t:|1698108300\n|switch|p2a: Balls|Magneton, shiny|100\/100|[from] U-turn\n|\n|upkeep\n|\n|t:|1698108316\n|switch|p1a: Gliscor|Gliscor, M|100\/100\n|turn|12\n|\n|t:|1698108331\n|move|p1a: Gliscor|Knock Off|p2a: Balls\n|-damage|p2a: Balls|79\/100\n|-enditem|p2a: Balls|Eviolite|[from] move: Knock Off|[of] p1a: Gliscor\n|move|p2a: Balls|Iron Defense|p2a: Balls\n|-boost|p2a: Balls|def|2\n|\n|-status|p1a: Gliscor|tox|[from] item: Toxic Orb\n|upkeep\n|turn|13\n|\n|t:|1698108342\n|move|p1a: Gliscor|Swords Dance|p1a: Gliscor\n|-boost|p1a: Gliscor|atk|2\n|move|p2a: Balls|Tri Attack|p1a: Gliscor\n|-damage|p1a: Gliscor|52\/100 tox\n|\n|-heal|p1a: Gliscor|64\/100 tox|[from] ability: Poison Heal\n|upkeep\n|turn|14\n|\n|t:|1698108351\n|move|p1a: Gliscor|Earthquake|p2a: Balls\n|-supereffective|p2a: Balls\n|-damage|p2a: Balls|0 fnt\n|faint|p2a: Balls\n|\n|-heal|p1a: Gliscor|76\/100 tox|[from] ability: Poison Heal\n|upkeep\n|\n|t:|1698108358\n|switch|p2a: Kung Fu Master|Mienshao, M, shiny|100\/100\n|turn|15\n|\n|t:|1698108362\n|move|p2a: Kung Fu Master|Fake Out|p1a: Gliscor\n|-damage|p1a: Gliscor|64\/100 tox\n|cant|p1a: Gliscor|flinch\n|\n|-heal|p1a: Gliscor|76\/100 tox|[from] ability: Poison Heal\n|upkeep\n|turn|16\n|\n|t:|1698108373\n|move|p2a: Kung Fu Master|Stone Edge|p1a: Gliscor\n|-damage|p1a: Gliscor|46\/100 tox\n|move|p1a: Gliscor|Toxic Spikes|p2a: Kung Fu Master\n|-sidestart|p2: Victinus|move: Toxic Spikes\n|\n|-heal|p1a: Gliscor|58\/100 tox|[from] ability: Poison Heal\n|upkeep\n|turn|17\n|\n|t:|1698108384\n|move|p2a: Kung Fu Master|High Jump Kick|p1a: Gliscor\n|-resisted|p1a: Gliscor\n|-damage|p1a: Gliscor|17\/100 tox\n|move|p1a: Gliscor|Earthquake|p2a: Kung Fu Master\n|-damage|p2a: Kung Fu Master|0 fnt\n|faint|p2a: Kung Fu Master\n|\n|-heal|p1a: Gliscor|30\/100 tox|[from] ability: Poison Heal\n|upkeep\n|-message|Victinus forfeited.\n|\n|win|MelloBello\n|raw|MelloBello's rating: 1191 &rarr; <strong>1209<\/strong><br \/>(+18 for winning)\n|raw|Victinus's rating: 1086 &rarr; <strong>1070<\/strong><br \/>(-16 for losing)\n|l|\u2606Victinus\n","uploadtime":1698108397,"views":8,"p1id":"mellobello","p2id":"victinus","formatid":"gen9anythinggoes","rating":1070,"private":0,"password":""}