{"id":"gen9anythinggoes-1994325067","p1":"trotman","p2":"quickwork4","format":"[Gen 9] Anything Goes","log":"|j|\u2606trotman\n|j|\u2606quickwork4\n|t:|1700431256\n|gametype|singles\n|player|p1|trotman|brycenman|1139\n|player|p2|quickwork4|2|1134\n|teamsize|p1|6\n|teamsize|p2|6\n|gen|9\n|tier|[Gen 9] Anything Goes\n|rated|\n|rule|HP Percentage Mod: HP is shown in percentages\n|rule|Endless Battle Clause: Forcing endless battles is banned\n|clearpoke\n|poke|p1|Ogerpon-Cornerstone, F|\n|poke|p1|Scream Tail|\n|poke|p1|Flutter Mane|\n|poke|p1|Amoonguss, M|\n|poke|p1|Cinderace, M|\n|poke|p1|Iron Bundle|\n|poke|p2|Palafin, F|\n|poke|p2|Espathra, M|\n|poke|p2|Miraidon|\n|poke|p2|Zacian-*|\n|poke|p2|Breloom, M|\n|poke|p2|Flutter Mane|\n|teampreview\n|c|\u2606quickwork4|hi\n|\n|t:|1700431266\n|start\n|switch|p1a: Amoonguss|Amoonguss, M, shiny|100\/100\n|switch|p2a: Palafin|Palafin, F|100\/100\n|turn|1\n|\n|t:|1700431273\n|move|p2a: Palafin|Flip Turn|p1a: Amoonguss\n|-resisted|p1a: Amoonguss\n|-damage|p1a: Amoonguss|90\/100\n|\n|t:|1700431278\n|detailschange|p2a: Palafin|Palafin-Hero, F\n|switch|p2a: Breloom|Breloom, M|100\/100|[from] Flip Turn\n|move|p1a: Amoonguss|Spore|p2a: Breloom\n|-immune|p2a: Breloom\n|\n|-heal|p1a: Amoonguss|96\/100|[from] item: Black Sludge\n|upkeep\n|turn|2\n|\n|t:|1700431288\n|move|p2a: Breloom|Poison Powder|p1a: Amoonguss\n|-immune|p1a: Amoonguss\n|move|p1a: Amoonguss|Clear Smog|p2a: Breloom\n|-supereffective|p2a: Breloom\n|-crit|p2a: Breloom\n|-damage|p2a: Breloom|3\/100\n|-clearboost|p2a: Breloom\n|\n|-heal|p2a: Breloom|9\/100|[from] item: Leftovers\n|-heal|p1a: Amoonguss|100\/100|[from] item: Black Sludge\n|upkeep\n|turn|3\n|\n|t:|1700431301\n|move|p2a: Breloom|Spore|p1a: Amoonguss\n|-immune|p1a: Amoonguss\n|move|p1a: Amoonguss|Foul Play|p2a: Breloom\n|-resisted|p2a: Breloom\n|-damage|p2a: Breloom|0 fnt\n|faint|p2a: Breloom\n|\n|upkeep\n|\n|t:|1700431307\n|switch|p2a: Espathra|Espathra, M|100\/100\n|turn|4\n|\n|t:|1700431324\n|move|p2a: Espathra|Protect|p2a: Espathra\n|-singleturn|p2a: Espathra|Protect\n|move|p1a: Amoonguss|Spore|p2a: Espathra\n|-activate|p2a: Espathra|move: Protect\n|\n|-ability|p2a: Espathra|Speed Boost|boost\n|-boost|p2a: Espathra|spe|1\n|upkeep\n|turn|5\n|\n|t:|1700431332\n|move|p2a: Espathra|Substitute|p2a: Espathra\n|-start|p2a: Espathra|Substitute\n|-damage|p2a: Espathra|76\/100\n|move|p1a: Amoonguss|Spore||[still]\n|-fail|p1a: Amoonguss\n|\n|-heal|p2a: Espathra|82\/100|[from] item: Leftovers\n|-ability|p2a: Espathra|Speed Boost|boost\n|-boost|p2a: Espathra|spe|1\n|upkeep\n|turn|6\n|\n|t:|1700431346\n|switch|p1a: Scream Tail|Scream Tail, shiny|100\/100\n|move|p2a: Espathra|Calm Mind|p2a: Espathra\n|-boost|p2a: Espathra|spa|1\n|-boost|p2a: Espathra|spd|1\n|\n|-heal|p2a: Espathra|88\/100|[from] item: Leftovers\n|-ability|p2a: Espathra|Speed Boost|boost\n|-boost|p2a: Espathra|spe|1\n|upkeep\n|turn|7\n|\n|t:|1700431355\n|move|p2a: Espathra|Calm Mind|p2a: Espathra\n|-boost|p2a: Espathra|spa|1\n|-boost|p2a: Espathra|spd|1\n|move|p1a: Scream Tail|Perish Song|p1a: Scream Tail\n|-start|p1a: Scream Tail|perish3|[silent]\n|-start|p2a: Espathra|perish3|[silent]\n|-fieldactivate|move: Perish Song\n|\n|-heal|p2a: Espathra|94\/100|[from] item: Leftovers\n|-start|p2a: Espathra|perish3\n|-start|p1a: Scream Tail|perish3\n|-ability|p2a: Espathra|Speed Boost|boost\n|-boost|p2a: Espathra|spe|1\n|upkeep\n|turn|8\n|\n|t:|1700431367\n|move|p2a: Espathra|Calm Mind|p2a: Espathra\n|-boost|p2a: Espathra|spa|1\n|-boost|p2a: Espathra|spd|1\n|move|p1a: Scream Tail|Light Screen|p1a: Scream Tail\n|-sidestart|p1: trotman|move: Light Screen\n|\n|-heal|p2a: Espathra|99\/100|[from] item: Leftovers\n|-start|p2a: Espathra|perish2\n|-start|p1a: Scream Tail|perish2\n|-ability|p2a: Espathra|Speed Boost|boost\n|-boost|p2a: Espathra|spe|1\n|upkeep\n|turn|9\n|\n|t:|1700431377\n|move|p2a: Espathra|Calm Mind|p2a: Espathra\n|-boost|p2a: Espathra|spa|1\n|-boost|p2a: Espathra|spd|1\n|move|p1a: Scream Tail|Reflect|p1a: Scream Tail\n|-sidestart|p1: trotman|Reflect\n|\n|-heal|p2a: Espathra|100\/100|[from] item: Leftovers\n|-start|p2a: Espathra|perish1\n|-start|p1a: Scream Tail|perish1\n|-ability|p2a: Espathra|Speed Boost|boost\n|-boost|p2a: Espathra|spe|1\n|upkeep\n|turn|10\n|\n|t:|1700431387\n|-end|p1a: Scream Tail|Protosynthesis|[silent]\n|switch|p1a: Amoonguss|Amoonguss, M, shiny|100\/100\n|move|p2a: Espathra|Baton Pass|p2a: Espathra\n|c|\u2606trotman|yhnx\n|c|\u2606trotman|thnx\n|\n|t:|1700431405\n|switch|p2a: Zacian|Zacian-Crowned|100\/100|[from] Baton Pass\n|-ability|p2a: Zacian|Intrepid Sword|boost\n|-boost|p2a: Zacian|atk|1\n|\n|-start|p2a: Zacian|perish0\n|faint|p2a: Zacian\n|upkeep\n|\n|t:|1700431412\n|switch|p2a: Espathra|Espathra, M|100\/100\n|turn|11\n|\n|t:|1700431427\n|switch|p1a: Cinderace|Cinderace, M, shiny|100\/100\n|move|p2a: Espathra|Protect||[still]\n|-fail|p2a: Espathra\n|\n|-ability|p2a: Espathra|Speed Boost|boost\n|-boost|p2a: Espathra|spe|1\n|upkeep\n|turn|12\n|\n|t:|1700431436\n|move|p2a: Espathra|Substitute|p2a: Espathra\n|-start|p2a: Espathra|Substitute\n|-damage|p2a: Espathra|76\/100\n|move|p1a: Cinderace|U-turn|p2a: Espathra\n|-start|p1a: Cinderace|typechange|Bug|[from] ability: Libero\n|-supereffective|p2a: Espathra\n|-end|p2a: Espathra|Substitute\n|inactive|Battle timer is ON: inactive players will automatically lose when time's up. (requested by quickwork4)\n|\n|t:|1700431454\n|switch|p1a: Amoonguss|Amoonguss, M, shiny|100\/100|[from] U-turn\n|\n|-heal|p2a: Espathra|82\/100|[from] item: Leftovers\n|-ability|p2a: Espathra|Speed Boost|boost\n|-boost|p2a: Espathra|spe|1\n|upkeep\n|turn|13\n|\n|t:|1700431462\n|move|p2a: Espathra|Protect|p2a: Espathra\n|-singleturn|p2a: Espathra|Protect\n|move|p1a: Amoonguss|Foul Play|p2a: Espathra\n|-activate|p2a: Espathra|move: Protect\n|\n|-heal|p2a: Espathra|88\/100|[from] item: Leftovers\n|-ability|p2a: Espathra|Speed Boost|boost\n|-boost|p2a: Espathra|spe|1\n|upkeep\n|turn|14\n|\n|t:|1700431478\n|move|p2a: Espathra|Substitute|p2a: Espathra\n|-start|p2a: Espathra|Substitute\n|-damage|p2a: Espathra|63\/100\n|move|p1a: Amoonguss|Foul Play|p2a: Espathra\n|-supereffective|p2a: Espathra\n|-end|p2a: Espathra|Substitute\n|\n|-heal|p2a: Espathra|69\/100|[from] item: Leftovers\n|-ability|p2a: Espathra|Speed Boost|boost\n|-boost|p2a: Espathra|spe|1\n|upkeep\n|turn|15\n|\n|t:|1700431488\n|move|p2a: Espathra|Protect|p2a: Espathra\n|-singleturn|p2a: Espathra|Protect\n|move|p1a: Amoonguss|Foul Play|p2a: Espathra\n|-activate|p2a: Espathra|move: Protect\n|\n|-heal|p2a: Espathra|75\/100|[from] item: Leftovers\n|-sideend|p1: trotman|move: Light Screen\n|-ability|p2a: Espathra|Speed Boost|boost\n|-boost|p2a: Espathra|spe|1\n|upkeep\n|turn|16\n|\n|t:|1700431504\n|move|p2a: Espathra|Substitute|p2a: Espathra\n|-start|p2a: Espathra|Substitute\n|-damage|p2a: Espathra|50\/100\n|move|p1a: Amoonguss|Foul Play|p2a: Espathra\n|-supereffective|p2a: Espathra\n|-end|p2a: Espathra|Substitute\n|\n|-heal|p2a: Espathra|56\/100|[from] item: Leftovers\n|-sideend|p1: trotman|Reflect\n|-ability|p2a: Espathra|Speed Boost|boost\n|-boost|p2a: Espathra|spe|1\n|upkeep\n|turn|17\n|\n|t:|1700431515\n|move|p2a: Espathra|Baton Pass|p2a: Espathra\n|\n|t:|1700431525\n|switch|p2a: Palafin|Palafin-Hero, F|100\/100|[from] Baton Pass\n|-activate|p2a: Palafin|ability: Zero to Hero\n|move|p1a: Amoonguss|Foul Play|p2a: Palafin\n|-damage|p2a: Palafin|56\/100\n|\n|upkeep\n|turn|18\n|\n|t:|1700431535\n|move|p2a: Palafin|Drain Punch|p1a: Amoonguss\n|-resisted|p1a: Amoonguss\n|-damage|p1a: Amoonguss|84\/100\n|-heal|p2a: Palafin|66\/100|[from] drain|[of] p1a: Amoonguss\n|move|p1a: Amoonguss|Clear Smog|p2a: Palafin\n|-damage|p2a: Palafin|49\/100\n|-clearboost|p2a: Palafin\n|\n|-heal|p1a: Amoonguss|91\/100|[from] item: Black Sludge\n|upkeep\n|turn|19\n|\n|t:|1700431545\n|move|p2a: Palafin|Jet Punch|p1a: Amoonguss\n|-resisted|p1a: Amoonguss\n|-damage|p1a: Amoonguss|68\/100\n|move|p1a: Amoonguss|Giga Drain|p2a: Palafin\n|-supereffective|p2a: Palafin\n|-crit|p2a: Palafin\n|-damage|p2a: Palafin|0 fnt\n|-heal|p1a: Amoonguss|88\/100|[from] drain|[of] p2a: Palafin\n|faint|p2a: Palafin\n|\n|-heal|p1a: Amoonguss|94\/100|[from] item: Black Sludge\n|upkeep\n|\n|t:|1700431550\n|switch|p2a: Miraidon|Miraidon|100\/100\n|-fieldstart|move: Electric Terrain|[from] ability: Hadron Engine|[of] p2a: Miraidon\n|turn|20\n|\n|t:|1700431564\n|move|p2a: Miraidon|Electro Drift|p1a: Amoonguss\n|-resisted|p1a: Amoonguss\n|-damage|p1a: Amoonguss|68\/100\n|move|p1a: Amoonguss|Foul Play|p2a: Miraidon\n|-damage|p2a: Miraidon|73\/100\n|\n|-heal|p1a: Amoonguss|74\/100|[from] item: Black Sludge\n|upkeep\n|turn|21\n|\n|t:|1700431572\n|move|p2a: Miraidon|Parabolic Charge|p1a: Amoonguss\n|-resisted|p1a: Amoonguss\n|-damage|p1a: Amoonguss|57\/100\n|-heal|p2a: Miraidon|84\/100|[from] drain|[of] p1a: Amoonguss\n|move|p1a: Amoonguss|Foul Play|p2a: Miraidon\n|-damage|p2a: Miraidon|57\/100\n|\n|-heal|p1a: Amoonguss|63\/100|[from] item: Black Sludge\n|upkeep\n|turn|22\n|\n|t:|1700431582\n|move|p2a: Miraidon|Volt Switch|p1a: Amoonguss\n|-resisted|p1a: Amoonguss\n|-damage|p1a: Amoonguss|46\/100\n|\n|t:|1700431586\n|switch|p2a: Espathra|Espathra, M|56\/100|[from] Volt Switch\n|move|p1a: Amoonguss|Foul Play|p2a: Espathra\n|-supereffective|p2a: Espathra\n|-damage|p2a: Espathra|24\/100\n|\n|-heal|p2a: Espathra|30\/100|[from] item: Leftovers\n|-heal|p1a: Amoonguss|53\/100|[from] item: Black Sludge\n|upkeep\n|turn|23\n|\n|t:|1700431595\n|move|p2a: Espathra|Protect|p2a: Espathra\n|-singleturn|p2a: Espathra|Protect\n|move|p1a: Amoonguss|Foul Play|p2a: Espathra\n|-activate|p2a: Espathra|move: Protect\n|\n|-heal|p2a: Espathra|37\/100|[from] item: Leftovers\n|-heal|p1a: Amoonguss|59\/100|[from] item: Black Sludge\n|-ability|p2a: Espathra|Speed Boost|boost\n|-boost|p2a: Espathra|spe|1\n|upkeep\n|turn|24\n|\n|t:|1700431607\n|move|p2a: Espathra|Substitute|p2a: Espathra\n|-start|p2a: Espathra|Substitute\n|-damage|p2a: Espathra|12\/100\n|move|p1a: Amoonguss|Foul Play|p2a: Espathra\n|-supereffective|p2a: Espathra\n|-end|p2a: Espathra|Substitute\n|\n|-heal|p2a: Espathra|18\/100|[from] item: Leftovers\n|-heal|p1a: Amoonguss|65\/100|[from] item: Black Sludge\n|-fieldend|move: Electric Terrain\n|-ability|p2a: Espathra|Speed Boost|boost\n|-boost|p2a: Espathra|spe|1\n|upkeep\n|turn|25\n|\n|t:|1700431617\n|move|p2a: Espathra|Protect|p2a: Espathra\n|-singleturn|p2a: Espathra|Protect\n|move|p1a: Amoonguss|Foul Play|p2a: Espathra\n|-activate|p2a: Espathra|move: Protect\n|\n|-heal|p2a: Espathra|24\/100|[from] item: Leftovers\n|-heal|p1a: Amoonguss|71\/100|[from] item: Black Sludge\n|-ability|p2a: Espathra|Speed Boost|boost\n|-boost|p2a: Espathra|spe|1\n|upkeep\n|turn|26\n|\n|t:|1700431626\n|move|p2a: Espathra|Baton Pass|p2a: Espathra\n|\n|t:|1700431630\n|switch|p2a: Flutter Mane|Flutter Mane|100\/100|[from] Baton Pass\n|move|p1a: Amoonguss|Clear Smog|p2a: Flutter Mane\n|-damage|p2a: Flutter Mane|85\/100\n|-clearboost|p2a: Flutter Mane\n|\n|-heal|p1a: Amoonguss|78\/100|[from] item: Black Sludge\n|upkeep\n|turn|27\n|\n|t:|1700431644\n|move|p2a: Flutter Mane|Shadow Ball|p1a: Amoonguss\n|-damage|p1a: Amoonguss|42\/100\n|move|p1a: Amoonguss|Spore|p2a: Flutter Mane\n|-status|p2a: Flutter Mane|slp|[from] move: Spore\n|\n|-heal|p1a: Amoonguss|48\/100|[from] item: Black Sludge\n|upkeep\n|turn|28\n|\n|t:|1700431651\n|cant|p2a: Flutter Mane|slp\n|move|p1a: Amoonguss|Giga Drain|p2a: Flutter Mane\n|-damage|p2a: Flutter Mane|61\/100 slp\n|-heal|p1a: Amoonguss|55\/100|[from] drain|[of] p2a: Flutter Mane\n|\n|-heal|p1a: Amoonguss|62\/100|[from] item: Black Sludge\n|upkeep\n|turn|29\n|\n|t:|1700431657\n|-curestatus|p2a: Flutter Mane|slp|[msg]\n|move|p2a: Flutter Mane|Shadow Ball|p1a: Amoonguss\n|-crit|p1a: Amoonguss\n|-damage|p1a: Amoonguss|10\/100\n|-unboost|p1a: Amoonguss|spd|1\n|move|p1a: Amoonguss|Giga Drain|p2a: Flutter Mane\n|-damage|p2a: Flutter Mane|34\/100\n|-heal|p1a: Amoonguss|18\/100|[from] drain|[of] p2a: Flutter Mane\n|\n|-heal|p1a: Amoonguss|24\/100|[from] item: Black Sludge\n|upkeep\n|turn|30\n|\n|t:|1700431671\n|move|p2a: Flutter Mane|Moonblast|p1a: Amoonguss\n|-resisted|p1a: Amoonguss\n|-damage|p1a: Amoonguss|0 fnt\n|faint|p1a: Amoonguss\n|\n|upkeep\n|\n|t:|1700431680\n|switch|p1a: Iron Bundle|Iron Bundle, shiny|100\/100\n|turn|31\n|\n|t:|1700431694\n|move|p1a: Iron Bundle|Ice Beam|p2a: Flutter Mane\n|-damage|p2a: Flutter Mane|0 fnt\n|faint|p2a: Flutter Mane\n|-end|p2a: Flutter Mane|Protosynthesis|[silent]\n|-damage|p1a: Iron Bundle|91\/100|[from] item: Life Orb\n|\n|upkeep\n|\n|t:|1700431700\n|switch|p2a: Espathra|Espathra, M|24\/100\n|turn|32\n|\n|t:|1700431704\n|move|p2a: Espathra|Protect|p2a: Espathra\n|-singleturn|p2a: Espathra|Protect\n|move|p1a: Iron Bundle|Ice Beam|p2a: Espathra\n|-activate|p2a: Espathra|move: Protect\n|\n|-heal|p2a: Espathra|30\/100|[from] item: Leftovers\n|-ability|p2a: Espathra|Speed Boost|boost\n|-boost|p2a: Espathra|spe|1\n|upkeep\n|turn|33\n|\n|t:|1700431712\n|move|p2a: Espathra|Substitute|p2a: Espathra\n|-start|p2a: Espathra|Substitute\n|-damage|p2a: Espathra|5\/100\n|move|p1a: Iron Bundle|Ice Beam|p2a: Espathra\n|-end|p2a: Espathra|Substitute\n|-damage|p1a: Iron Bundle|81\/100|[from] item: Life Orb\n|\n|-heal|p2a: Espathra|11\/100|[from] item: Leftovers\n|-ability|p2a: Espathra|Speed Boost|boost\n|-boost|p2a: Espathra|spe|1\n|upkeep\n|turn|34\n|c|\u2606trotman|gg\n|\n|t:|1700431722\n|move|p2a: Espathra|Protect|p2a: Espathra\n|-singleturn|p2a: Espathra|Protect\n|move|p1a: Iron Bundle|Ice Beam|p2a: Espathra\n|-activate|p2a: Espathra|move: Protect\n|\n|-heal|p2a: Espathra|17\/100|[from] item: Leftovers\n|-ability|p2a: Espathra|Speed Boost|boost\n|-boost|p2a: Espathra|spe|1\n|upkeep\n|turn|35\n|\n|t:|1700431732\n|move|p2a: Espathra|Baton Pass|p2a: Espathra\n|\n|t:|1700431735\n|switch|p2a: Miraidon|Miraidon|57\/100|[from] Baton Pass\n|-fieldstart|move: Electric Terrain|[from] ability: Hadron Engine|[of] p2a: Miraidon\n|-activate|p1a: Iron Bundle|ability: Quark Drive\n|-start|p1a: Iron Bundle|quarkdrivespe\n|move|p1a: Iron Bundle|Ice Beam|p2a: Miraidon\n|-supereffective|p2a: Miraidon\n|-damage|p2a: Miraidon|0 fnt\n|faint|p2a: Miraidon\n|-damage|p1a: Iron Bundle|71\/100|[from] item: Life Orb\n|\n|upkeep\n|c|\u2606quickwork4|you suck\n|-message|quickwork4 forfeited.\n|\n|win|trotman\n|raw|trotman's rating: 1139 &rarr; <strong>1164<\/strong><br \/>(+25 for winning)\n|raw|quickwork4's rating: 1134 &rarr; <strong>1109<\/strong><br \/>(-25 for losing)\n|c|\u2606trotman|thnx\n|l|\u2606quickwork4\n|c|\u2606trotman|and ur trash by losing to someone who sucks\n","uploadtime":1700431777,"views":1,"p1id":"trotman","p2id":"quickwork4","formatid":"gen9anythinggoes","rating":1109,"private":0,"password":""}