{"id":"gen9anythinggoes-1999136625","p1":"fishcorefishe","p2":"Mr Lakewood","format":"[Gen 9] Anything Goes","log":"|j|\u2606fishcorefishe\n|j|\u2606Mr Lakewood\n|t:|1701037118\n|gametype|singles\n|player|p1|fishcorefishe|interviewers|1173\n|player|p2|Mr Lakewood|169|1142\n|teamsize|p1|6\n|teamsize|p2|6\n|gen|9\n|tier|[Gen 9] Anything Goes\n|rated|\n|rule|HP Percentage Mod: HP is shown in percentages\n|rule|Endless Battle Clause: Forcing endless battles is banned\n|clearpoke\n|poke|p1|Garganacl, F|\n|poke|p1|Quagsire, M|\n|poke|p1|Drifblim, F|\n|poke|p1|Garchomp, M|\n|poke|p1|Spidops, F|\n|poke|p1|Maushold|\n|poke|p2|Maushold-Four|\n|poke|p2|Flutter Mane|\n|poke|p2|Miraidon|\n|poke|p2|Rabsca, M|\n|poke|p2|Garganacl, F|\n|poke|p2|Houndstone, M|\n|teampreview\n|\n|t:|1701037123\n|start\n|switch|p1a: Drifblim|Drifblim, F|100\/100\n|switch|p2a: DeMarco|Miraidon|100\/100\n|-fieldstart|move: Electric Terrain|[from] ability: Hadron Engine|[of] p2a: DeMarco\n|turn|1\n|\n|t:|1701037129\n|move|p2a: DeMarco|Electro Drift|p1a: Drifblim\n|-supereffective|p1a: Drifblim\n|-damage|p1a: Drifblim|0 fnt\n|-damage|p2a: DeMarco|76\/100|[from] ability: Aftermath|[of] p1a: Drifblim\n|faint|p1a: Drifblim\n|\n|upkeep\n|\n|t:|1701037133\n|switch|p1a: Spidops|Spidops, F|100\/100\n|turn|2\n|\n|t:|1701037137\n|-terastallize|p2a: DeMarco|Electric\n|move|p2a: DeMarco|Electro Drift|p1a: Spidops\n|-damage|p1a: Spidops|0 fnt\n|faint|p1a: Spidops\n|\n|upkeep\n|\n|t:|1701037140\n|switch|p1a: Garchomp|Garchomp, M|100\/100\n|turn|3\n|\n|t:|1701037142\n|move|p2a: DeMarco|Dragon Pulse|p1a: Garchomp\n|-supereffective|p1a: Garchomp\n|-damage|p1a: Garchomp|0 fnt\n|faint|p1a: Garchomp\n|\n|upkeep\n|\n|t:|1701037145\n|switch|p1a: da god|Quagsire, M|100\/100\n|turn|4\n|\n|t:|1701037148\n|switch|p2a: Maushold|Maushold-Four|100\/100\n|move|p1a: da god|Recover||[still]\n|-fail|p1a: da god|heal\n|\n|upkeep\n|turn|5\n|\n|t:|1701037150\n|move|p2a: Maushold|Encore|p1a: da god\n|-start|p1a: da god|Encore\n|move|p1a: da god|Recover||[still]\n|-fail|p1a: da god|heal\n|\n|-fieldend|move: Electric Terrain\n|upkeep\n|turn|6\n|\n|t:|1701037154\n|switch|p1a: Maushold|Maushold|100\/100\n|move|p2a: Maushold|Tidy Up|p2a: Maushold\n|-boost|p2a: Maushold|atk|1\n|-boost|p2a: Maushold|spe|1\n|\n|upkeep\n|turn|7\n|\n|t:|1701037157\n|move|p2a: Maushold|Population Bomb|p1a: Maushold\n|-damage|p1a: Maushold|75\/100\n|-damage|p1a: Maushold|50\/100\n|-damage|p1a: Maushold|25\/100\n|-damage|p1a: Maushold|0 fnt\n|faint|p1a: Maushold\n|-hitcount|p1: Maushold|4\n|\n|upkeep\n|\n|t:|1701037160\n|switch|p1a: da god|Quagsire, M|100\/100\n|turn|8\n|\n|t:|1701037164\n|move|p2a: Maushold|Population Bomb|p1a: da god\n|-damage|p1a: da god|93\/100\n|-damage|p1a: da god|85\/100\n|-damage|p1a: da god|78\/100\n|-damage|p1a: da god|69\/100\n|-damage|p1a: da god|62\/100\n|-damage|p1a: da god|54\/100\n|-damage|p1a: da god|45\/100\n|-damage|p1a: da god|38\/100\n|-damage|p1a: da god|30\/100\n|-damage|p1a: da god|22\/100\n|-hitcount|p1a: da god|10\n|move|p1a: da god|Earthquake|p2a: Maushold\n|-damage|p2a: Maushold|49\/100\n|\n|-heal|p1a: da god|28\/100|[from] item: Leftovers\n|upkeep\n|turn|9\n|-message|fishcorefishe forfeited.\n|\n|win|Mr Lakewood\n|raw|fishcorefishe's rating: 1173 &rarr; <strong>1146<\/strong><br \/>(-27 for losing)\n|raw|Mr Lakewood's rating: 1142 &rarr; <strong>1169<\/strong><br \/>(+27 for winning)\n|l|\u2606fishcorefishe\n","uploadtime":1701037173,"views":1,"p1id":"fishcorefishe","p2id":"mrlakewood","formatid":"gen9anythinggoes","rating":1146,"private":0,"password":""}