{"id":"gen9anythinggoes-1999345143","p1":"palboscfv","p2":"Kiiiiiiiiiiii","format":"[Gen 9] Anything Goes","log":"|j|\u2606palboscfv\n|j|\u2606Kiiiiiiiiiiii\n|t:|1701063849\n|gametype|singles\n|player|p1|palboscfv|giovanni|1222\n|player|p2|Kiiiiiiiiiiii|170|1245\n|teamsize|p1|6\n|teamsize|p2|6\n|gen|9\n|tier|[Gen 9] Anything Goes\n|rated|\n|rule|HP Percentage Mod: HP is shown in percentages\n|rule|Endless Battle Clause: Forcing endless battles is banned\n|clearpoke\n|poke|p1|Regieleki|\n|poke|p1|Grimmsnarl, M|\n|poke|p1|Gyarados, F|\n|poke|p1|Gardevoir, M|\n|poke|p1|Greninja-*, M|\n|poke|p1|Cinderace, M|\n|poke|p2|Kyogre|\n|poke|p2|Kyogre|\n|poke|p2|Kyogre|\n|poke|p2|Kyogre|\n|poke|p2|Kyogre|\n|poke|p2|Kyogre|\n|teampreview\n|\n|t:|1701063864\n|start\n|switch|p1a: Cinderace|Cinderace, M|100\/100\n|switch|p2a: Kyogre|Kyogre|100\/100\n|-weather|RainDance|[from] ability: Drizzle|[of] p2a: Kyogre\n|turn|1\n|\n|t:|1701063875\n|move|p1a: Cinderace|High Jump Kick|p2a: Kyogre\n|-start|p1a: Cinderace|typechange|Fighting|[from] ability: Libero\n|-crit|p2a: Kyogre\n|-damage|p2a: Kyogre|3\/100\n|move|p2a: Kyogre|Calm Mind|p2a: Kyogre\n|-boost|p2a: Kyogre|spa|1\n|-boost|p2a: Kyogre|spd|1\n|\n|-weather|RainDance|[upkeep]\n|upkeep\n|turn|2\n|\n|t:|1701063884\n|move|p1a: Cinderace|Iron Head|p2a: Kyogre\n|-resisted|p2a: Kyogre\n|-damage|p2a: Kyogre|0 fnt\n|faint|p2a: Kyogre\n|\n|-weather|RainDance|[upkeep]\n|upkeep\n|\n|t:|1701063887\n|switch|p2a: Kyogre|Kyogre, shiny|100\/100\n|turn|3\n|\n|t:|1701063891\n|move|p1a: Cinderace|High Jump Kick|p2a: Kyogre\n|-damage|p2a: Kyogre|38\/100\n|move|p2a: Kyogre|Water Spout|p1a: Cinderace\n|-damage|p1a: Cinderace|24\/100\n|\n|-weather|RainDance|[upkeep]\n|upkeep\n|turn|4\n|\n|t:|1701063899\n|move|p1a: Cinderace|High Jump Kick|p2a: Kyogre\n|-damage|p2a: Kyogre|0 fnt\n|faint|p2a: Kyogre\n|\n|-weather|RainDance|[upkeep]\n|upkeep\n|\n|t:|1701063903\n|switch|p2a: Kyogre|Kyogre|100\/100\n|turn|5\n|\n|t:|1701063909\n|move|p1a: Cinderace|High Jump Kick|p2a: Kyogre\n|-damage|p2a: Kyogre|35\/100\n|move|p2a: Kyogre|Water Spout|p1a: Cinderace\n|-damage|p1a: Cinderace|0 fnt\n|faint|p1a: Cinderace\n|\n|-weather|none\n|upkeep\n|\n|t:|1701063918\n|switch|p1a: Regieleki|Regieleki|100\/100\n|turn|6\n|\n|t:|1701063924\n|move|p1a: Regieleki|Volt Switch|p2a: Kyogre\n|-supereffective|p2a: Kyogre\n|-damage|p2a: Kyogre|0 fnt\n|faint|p2a: Kyogre\n|\n|t:|1701063928\n|switch|p1a: Greninja|Greninja, M, shiny|100\/100|[from] Volt Switch\n|\n|upkeep\n|\n|t:|1701063935\n|switch|p2a: Kyogre|Kyogre|100\/100\n|-weather|RainDance|[from] ability: Drizzle|[of] p2a: Kyogre\n|turn|7\n|\n|t:|1701063939\n|move|p1a: Greninja|Grass Knot|p2a: Kyogre\n|-start|p1a: Greninja|typechange|Grass|[from] ability: Protean\n|-supereffective|p2a: Kyogre\n|-damage|p2a: Kyogre|0 fnt\n|faint|p2a: Kyogre\n|-damage|p1a: Greninja|91\/100|[from] item: Life Orb\n|\n|-weather|RainDance|[upkeep]\n|upkeep\n|-message|Kiiiiiiiiiiii forfeited.\n|\n|win|palboscfv\n|raw|palboscfv's rating: 1222 &rarr; <strong>1249<\/strong><br \/>(+27 for winning)\n|raw|Kiiiiiiiiiiii's rating: 1245 &rarr; <strong>1218<\/strong><br \/>(-27 for losing)\n|l|\u2606Kiiiiiiiiiiii\n","uploadtime":1701063952,"views":0,"p1id":"palboscfv","p2id":"kiiiiiiiiiiii","formatid":"gen9anythinggoes","rating":1218,"private":0,"password":""}