{"id":"gen9anythinggoes-1975515131","p1":"hiya4322","p2":"Toasty_Llama","format":"[Gen 9] Anything Goes","log":"|j|\u2606hiya4322\n|j|\u2606Toasty_Llama\n|t:|1698199633\n|gametype|singles\n|player|p1|hiya4322|1|1118\n|player|p2|Toasty_Llama|266|1082\n|teamsize|p1|6\n|teamsize|p2|6\n|gen|9\n|tier|[Gen 9] Anything Goes\n|rated|\n|rule|HP Percentage Mod: HP is shown in percentages\n|rule|Endless Battle Clause: Forcing endless battles is banned\n|clearpoke\n|poke|p1|Darkrai|\n|poke|p1|Giratina-Origin|\n|poke|p1|Drifblim, F|\n|poke|p1|Ursaluna, M|\n|poke|p1|Miraidon|\n|poke|p1|Uxie|\n|poke|p2|Baxcalibur, M|\n|poke|p2|Ogerpon-Hearthflame, F|\n|poke|p2|Garganacl, M|\n|poke|p2|Regieleki|\n|poke|p2|Annihilape, M|\n|poke|p2|Rayquaza|\n|teampreview\n|c|\u2606hiya4322|hi\n|\n|t:|1698199648\n|start\n|switch|p1a: Drifblim|Drifblim, F|100\/100\n|switch|p2a: Ogerpon|Ogerpon-Hearthflame, F|100\/100\n|-ability|p2a: Ogerpon|Mold Breaker\n|turn|1\n|\n|t:|1698199680\n|move|p2a: Ogerpon|Substitute|p2a: Ogerpon\n|-start|p2a: Ogerpon|Substitute\n|-damage|p2a: Ogerpon|76\/100\n|move|p1a: Drifblim|Minimize|p1a: Drifblim\n|-boost|p1a: Drifblim|evasion|2\n|\n|upkeep\n|turn|2\n|\n|t:|1698199688\n|move|p2a: Ogerpon|Swords Dance|p2a: Ogerpon\n|-boost|p2a: Ogerpon|atk|2\n|move|p1a: Drifblim|Minimize|p1a: Drifblim\n|-boost|p1a: Drifblim|evasion|2\n|\n|upkeep\n|turn|3\n|\n|t:|1698199695\n|move|p2a: Ogerpon|Ivy Cudgel|p1a: Drifblim|[miss]\n|-miss|p2a: Ogerpon|p1a: Drifblim\n|move|p1a: Drifblim|Minimize|p1a: Drifblim\n|-boost|p1a: Drifblim|evasion|2\n|\n|upkeep\n|turn|4\n|\n|t:|1698199712\n|move|p2a: Ogerpon|Ivy Cudgel|p1a: Drifblim\n|-damage|p1a: Drifblim|6\/100\n|-enditem|p1a: Drifblim|Aguav Berry|[eat]\n|-heal|p1a: Drifblim|39\/100|[from] item: Aguav Berry\n|move|p1a: Drifblim|Substitute|p1a: Drifblim\n|-start|p1a: Drifblim|Substitute\n|-damage|p1a: Drifblim|14\/100\n|\n|upkeep\n|turn|5\n|\n|t:|1698199722\n|move|p2a: Ogerpon|Ivy Cudgel|p1a: Drifblim|[miss]\n|-miss|p2a: Ogerpon|p1a: Drifblim\n|move|p1a: Drifblim|Baton Pass|p1a: Drifblim\n|\n|t:|1698199726\n|switch|p1a: Uxie|Uxie|100\/100|[from] Baton Pass\n|\n|upkeep\n|turn|6\n|\n|t:|1698199733\n|move|p1a: Uxie|Amnesia|p1a: Uxie\n|-boost|p1a: Uxie|spd|2\n|move|p2a: Ogerpon|Swords Dance|p2a: Ogerpon\n|-boost|p2a: Ogerpon|atk|2\n|\n|upkeep\n|turn|7\n|\n|t:|1698199742\n|move|p1a: Uxie|Amnesia|p1a: Uxie\n|-boost|p1a: Uxie|spd|2\n|move|p2a: Ogerpon|Ivy Cudgel|p1a: Uxie\n|-end|p1a: Uxie|Substitute\n|\n|upkeep\n|turn|8\n|\n|t:|1698199749\n|move|p1a: Uxie|Mystical Power|p2a: Ogerpon\n|-end|p2a: Ogerpon|Substitute\n|-boost|p1a: Uxie|spa|1\n|move|p2a: Ogerpon|Ivy Cudgel|p1a: Uxie|[miss]\n|-miss|p2a: Ogerpon|p1a: Uxie\n|\n|upkeep\n|turn|9\n|\n|t:|1698199756\n|move|p1a: Uxie|Mystical Power|p2a: Ogerpon\n|-damage|p2a: Ogerpon|39\/100\n|-boost|p1a: Uxie|spa|1\n|move|p2a: Ogerpon|Ivy Cudgel|p1a: Uxie\n|-crit|p1a: Uxie\n|-damage|p1a: Uxie|0 fnt\n|faint|p1a: Uxie\n|\n|upkeep\n|-message|hiya4322 forfeited.\n|\n|win|Toasty_Llama\n|raw|hiya4322's rating: 1118 &rarr; <strong>1090<\/strong><br \/>(-28 for losing)\n|raw|Toasty_Llama's rating: 1082 &rarr; <strong>1113<\/strong><br \/>(+31 for winning)\n|l|\u2606hiya4322\n","uploadtime":1698199781,"views":7,"p1id":"hiya4322","p2id":"toastyllama","formatid":"gen9anythinggoes","rating":1090,"private":0,"password":""}