{"id":"gen9anythinggoes-1985921002","p1":"MEME\/\/BRAIN","p2":"merrymanchristmas","format":"[Gen 9] Anything Goes","log":"|j|\u2606MEME\/\/BRAIN\n|j|\u2606merrymanchristmas\n|t:|1699422988\n|gametype|singles\n|player|p1|MEME\/\/BRAIN|170|1029\n|player|p2|merrymanchristmas|101|1000\n|teamsize|p1|6\n|teamsize|p2|6\n|gen|9\n|tier|[Gen 9] Anything Goes\n|rated|\n|rule|HP Percentage Mod: HP is shown in percentages\n|rule|Endless Battle Clause: Forcing endless battles is banned\n|clearpoke\n|poke|p1|Cyclizar, M|\n|poke|p1|Espathra, M|\n|poke|p1|Hatterene, F|\n|poke|p1|Dragapult, M|\n|poke|p1|Medicham, F|\n|poke|p1|Shaymin-Sky|\n|poke|p2|Magnemite|\n|poke|p2|Geodude, M|\n|poke|p2|Geodude, M|\n|poke|p2|Geodude, F|\n|poke|p2|Magnemite|\n|poke|p2|Kingambit, M|\n|teampreview\n|c|\u2606merrymanchristmas|This gonna be fun\n|\n|t:|1699423001\n|start\n|switch|p1a: Cycle|Cyclizar, M, shiny|100\/100\n|switch|p2a: Magnemite|Magnemite|100\/100\n|turn|1\n|c|\u2606MEME\/\/BRAIN|another one of these teams lol\n|\n|t:|1699423009\n|move|p1a: Cycle|Shed Tail|p1a: Cycle\n|-start|p1a: Cycle|Substitute|[from] move: Shed Tail\n|-damage|p1a: Cycle|50\/100\n|\n|t:|1699423013\n|switch|p1a: BirB|Espathra, M|100\/100|[from] Shed Tail\n|move|p2a: Magnemite|Explosion|p1a: BirB\n|-end|p1a: BirB|Substitute\n|faint|p2a: Magnemite\n|\n|upkeep\n|\n|t:|1699423027\n|switch|p2a: Geodude|Geodude, M|100\/100\n|turn|2\n|\n|t:|1699423031\n|move|p1a: BirB|Calm Mind|p1a: BirB\n|-boost|p1a: BirB|spa|1\n|-boost|p1a: BirB|spd|1\n|move|p2a: Geodude|Explosion|p1a: BirB\n|-damage|p1a: BirB|52\/100\n|faint|p2a: Geodude\n|\n|-ability|p1a: BirB|Speed Boost|boost\n|-boost|p1a: BirB|spe|1\n|upkeep\n|\n|t:|1699423039\n|switch|p2a: Geodude|Geodude, M|100\/100\n|turn|3\n|\n|t:|1699423043\n|move|p1a: BirB|Roost|p1a: BirB\n|-heal|p1a: BirB|100\/100\n|-singleturn|p1a: BirB|move: Roost\n|move|p2a: Geodude|Explosion|p1a: BirB\n|-damage|p1a: BirB|47\/100\n|faint|p2a: Geodude\n|\n|-ability|p1a: BirB|Speed Boost|boost\n|-boost|p1a: BirB|spe|1\n|upkeep\n|c|\u2606merrymanchristmas|Shoot\n|\n|t:|1699423053\n|switch|p2a: Geodude|Geodude, F|100\/100\n|turn|4\n|\n|t:|1699423056\n|move|p1a: BirB|Roost|p1a: BirB\n|-heal|p1a: BirB|97\/100\n|-singleturn|p1a: BirB|move: Roost\n|move|p2a: Geodude|Explosion|p1a: BirB\n|-damage|p1a: BirB|40\/100\n|faint|p2a: Geodude\n|\n|-ability|p1a: BirB|Speed Boost|boost\n|-boost|p1a: BirB|spe|1\n|upkeep\n|\n|t:|1699423065\n|switch|p2a: Magnemite|Magnemite|100\/100\n|turn|5\n|\n|t:|1699423075\n|move|p1a: BirB|Roost|p1a: BirB\n|-heal|p1a: BirB|90\/100\n|-singleturn|p1a: BirB|move: Roost\n|move|p2a: Magnemite|Explosion|p1a: BirB\n|-damage|p1a: BirB|56\/100\n|faint|p2a: Magnemite\n|\n|-ability|p1a: BirB|Speed Boost|boost\n|-boost|p1a: BirB|spe|1\n|upkeep\n|\n|t:|1699423083\n|switch|p2a: Kingambit|Kingambit, M|100\/100\n|-activate|p2a: Kingambit|ability: Supreme Overlord\n|-start|p2a: Kingambit|fallen5|[silent]\n|turn|6\n|\n|t:|1699423089\n|-terastallize|p1a: BirB|Dark\n|move|p2a: Kingambit|Sucker Punch||[still]\n|-fail|p2a: Kingambit\n|move|p1a: BirB|Roost|p1a: BirB\n|-heal|p1a: BirB|100\/100\n|\n|-ability|p1a: BirB|Speed Boost|boost\n|-boost|p1a: BirB|spe|1\n|upkeep\n|turn|7\n|\n|t:|1699423101\n|move|p2a: Kingambit|Sucker Punch||[still]\n|-fail|p2a: Kingambit\n|move|p1a: BirB|Baton Pass|p1a: BirB\n|\n|t:|1699423105\n|switch|p1a: Medium|Medicham, F|100\/100|[from] Baton Pass\n|\n|upkeep\n|turn|8\n|\n|t:|1699423110\n|move|p2a: Kingambit|Sucker Punch|p1a: Medium\n|-damage|p1a: Medium|20\/100\n|move|p1a: Medium|Aura Sphere|p2a: Kingambit\n|-supereffective|p2a: Kingambit\n|-enditem|p2a: Kingambit|Focus Sash\n|-damage|p2a: Kingambit|1\/100\n|\n|upkeep\n|turn|9\n|\n|t:|1699423126\n|move|p2a: Kingambit|Sucker Punch||[still]\n|-fail|p2a: Kingambit\n|move|p1a: Medium|Baton Pass|p1a: Medium\n|\n|t:|1699423130\n|switch|p1a: DragQueen|Dragapult, M|100\/100|[from] Baton Pass\n|\n|upkeep\n|turn|10\n|\n|t:|1699423136\n|move|p2a: Kingambit|Sucker Punch||[still]\n|-fail|p2a: Kingambit\n|move|p1a: DragQueen|Double Team|p1a: DragQueen\n|-boost|p1a: DragQueen|evasion|1\n|\n|upkeep\n|turn|11\n|\n|t:|1699423141\n|move|p2a: Kingambit|Sucker Punch||[still]\n|-fail|p2a: Kingambit\n|move|p1a: DragQueen|Double Team|p1a: DragQueen\n|-boost|p1a: DragQueen|evasion|1\n|\n|upkeep\n|turn|12\n|\n|t:|1699423146\n|move|p2a: Kingambit|Sucker Punch||[still]\n|-fail|p2a: Kingambit\n|move|p1a: DragQueen|Double Team|p1a: DragQueen\n|-boost|p1a: DragQueen|evasion|1\n|\n|upkeep\n|turn|13\n|\n|t:|1699423157\n|-terastallize|p2a: Kingambit|Dark\n|move|p2a: Kingambit|Sucker Punch||[still]\n|-fail|p2a: Kingambit\n|move|p1a: DragQueen|Double Team|p1a: DragQueen\n|-boost|p1a: DragQueen|evasion|1\n|\n|upkeep\n|turn|14\n|n|!merrymanchristmas|merrymanchristmas\n|\n|t:|1699423184\n|move|p1a: DragQueen|Double Team|p1a: DragQueen\n|-boost|p1a: DragQueen|evasion|1\n|move|p2a: Kingambit|Facade|p1a: DragQueen\n|-immune|p1a: DragQueen\n|\n|upkeep\n|turn|15\n|\n|t:|1699423191\n|move|p1a: DragQueen|Dragon Claw|p2a: Kingambit\n|-damage|p2a: Kingambit|0 fnt\n|faint|p2a: Kingambit\n|-end|p2a: Kingambit|fallen5|[silent]\n|\n|win|MEME\/\/BRAIN\n|raw|MEME&#x2f;&#x2f;BRAIN's rating: 1029 &rarr; <strong>1062<\/strong><br \/>(+33 for winning)\n|raw|merrymanchristmas's rating: 1000 &rarr; <strong>1000<\/strong><br \/>(+0 for losing)\n","uploadtime":1699423174,"views":3,"p1id":"memebrain","p2id":"merrymanchristmas","formatid":"gen9anythinggoes","rating":1000,"private":0,"password":""}