{"id":"gen9anythinggoes-1975194410","p1":"Rmonroy","p2":"yo mAma thicc","format":"[Gen 9] Anything Goes","log":"|j|\u2606Rmonroy\n|j|\u203dyo mAma thicc\n|t:|1698169223\n|gametype|singles\n|player|p1|Rmonroy|hugh|1626\n|player|p2|yo mAma thicc|zinzolin|1710\n|teamsize|p1|6\n|teamsize|p2|6\n|gen|9\n|tier|[Gen 9] Anything Goes\n|rated|\n|rule|HP Percentage Mod: HP is shown in percentages\n|rule|Endless Battle Clause: Forcing endless battles is banned\n|clearpoke\n|poke|p1|Calyrex-Shadow|\n|poke|p1|Zacian-*|\n|poke|p1|Gliscor, M|\n|poke|p1|Ditto|\n|poke|p1|Ribombee, F|\n|poke|p1|Miraidon|\n|poke|p2|Skeledirge, F|\n|poke|p2|Blissey, F|\n|poke|p2|Arceus|\n|poke|p2|Dondozo, F|\n|poke|p2|Ditto|\n|poke|p2|Toxapex, M|\n|teampreview\n|inactive|Battle timer is ON: inactive players will automatically lose when time's up. (requested by Rmonroy)\n|\n|t:|1698169259\n|start\n|switch|p1a: Ribombee|Ribombee, F|100\/100\n|switch|p2a: Skeledirge|Skeledirge, F|100\/100\n|turn|1\n|\n|t:|1698169267\n|move|p1a: Ribombee|Stun Spore|p2a: Skeledirge\n|-status|p2a: Skeledirge|par\n|cant|p2a: Skeledirge|par\n|\n|upkeep\n|turn|2\n|\n|t:|1698169273\n|move|p1a: Ribombee|Sticky Web|p2a: Skeledirge\n|-sidestart|p2: yo mAma thicc|move: Sticky Web\n|move|p2a: Skeledirge|Torch Song|p1a: Ribombee\n|-supereffective|p1a: Ribombee\n|-enditem|p1a: Ribombee|Focus Sash\n|-damage|p1a: Ribombee|1\/100\n|-boost|p2a: Skeledirge|spa|1\n|\n|upkeep\n|turn|3\n|\n|t:|1698169285\n|move|p1a: Ribombee|Moonblast|p2a: Skeledirge\n|-resisted|p2a: Skeledirge\n|-damage|p2a: Skeledirge|78\/100 par\n|cant|p2a: Skeledirge|par\n|\n|upkeep\n|turn|4\n|\n|t:|1698169291\n|move|p1a: Ribombee|Moonblast|p2a: Skeledirge\n|-resisted|p2a: Skeledirge\n|-damage|p2a: Skeledirge|56\/100 par\n|move|p2a: Skeledirge|Slack Off|p2a: Skeledirge\n|-heal|p2a: Skeledirge|100\/100 par\n|\n|upkeep\n|turn|5\n|\n|t:|1698169298\n|move|p1a: Ribombee|Moonblast|p2a: Skeledirge\n|-resisted|p2a: Skeledirge\n|-damage|p2a: Skeledirge|78\/100 par\n|move|p2a: Skeledirge|Torch Song|p1a: Ribombee\n|-supereffective|p1a: Ribombee\n|-damage|p1a: Ribombee|0 fnt\n|-boost|p2a: Skeledirge|spa|1\n|faint|p1a: Ribombee\n|\n|upkeep\n|\n|t:|1698169308\n|switch|p1a: Gliscor|Gliscor, M|100\/100\n|turn|6\n|\n|t:|1698169311\n|move|p1a: Gliscor|Knock Off|p2a: Skeledirge\n|-supereffective|p2a: Skeledirge\n|-damage|p2a: Skeledirge|51\/100 par\n|-enditem|p2a: Skeledirge|Heavy-Duty Boots|[from] move: Knock Off|[of] p1a: Gliscor\n|move|p2a: Skeledirge|Will-O-Wisp|p1a: Gliscor\n|-status|p1a: Gliscor|brn\n|\n|-damage|p1a: Gliscor|94\/100 brn|[from] brn\n|upkeep\n|turn|7\n|\n|t:|1698169321\n|move|p1a: Gliscor|Earthquake|p2a: Skeledirge\n|-supereffective|p2a: Skeledirge\n|-damage|p2a: Skeledirge|33\/100 par\n|move|p2a: Skeledirge|Slack Off|p2a: Skeledirge\n|-heal|p2a: Skeledirge|83\/100 par\n|\n|-damage|p1a: Gliscor|88\/100 brn|[from] brn\n|upkeep\n|turn|8\n|\n|t:|1698169333\n|move|p1a: Gliscor|Earthquake|p2a: Skeledirge\n|-supereffective|p2a: Skeledirge\n|-damage|p2a: Skeledirge|64\/100 par\n|move|p2a: Skeledirge|Torch Song|p1a: Gliscor\n|-damage|p1a: Gliscor|18\/100 brn\n|-boost|p2a: Skeledirge|spa|1\n|\n|-damage|p1a: Gliscor|12\/100 brn|[from] brn\n|upkeep\n|turn|9\n|\n|t:|1698169342\n|move|p1a: Gliscor|Earthquake|p2a: Skeledirge\n|-supereffective|p2a: Skeledirge\n|-damage|p2a: Skeledirge|46\/100 par\n|cant|p2a: Skeledirge|par\n|\n|-damage|p1a: Gliscor|6\/100 brn|[from] brn\n|upkeep\n|turn|10\n|\n|t:|1698169350\n|move|p1a: Gliscor|Earthquake|p2a: Skeledirge\n|-supereffective|p2a: Skeledirge\n|-damage|p2a: Skeledirge|27\/100 par\n|move|p2a: Skeledirge|Slack Off|p2a: Skeledirge\n|-heal|p2a: Skeledirge|77\/100 par\n|\n|-damage|p1a: Gliscor|0 fnt|[from] brn\n|faint|p1a: Gliscor\n|upkeep\n|\n|t:|1698169363\n|switch|p1a: Zacian|Zacian-Crowned|100\/100\n|-ability|p1a: Zacian|Intrepid Sword|boost\n|-boost|p1a: Zacian|atk|1\n|turn|11\n|\n|t:|1698169370\n|-terastallize|p1a: Zacian|Water\n|move|p1a: Zacian|Swords Dance|p1a: Zacian\n|-boost|p1a: Zacian|atk|2\n|cant|p2a: Skeledirge|par\n|\n|upkeep\n|turn|12\n|\n|t:|1698169380\n|switch|p2a: Dondozo|Dondozo, F|100\/100\n|-activate|p2a: Dondozo|move: Sticky Web\n|-unboost|p2a: Dondozo|spe|1\n|move|p1a: Zacian|Tera Blast|p2a: Dondozo|[anim] Tera Blast Water\n|-resisted|p2a: Dondozo\n|-damage|p2a: Dondozo|90\/100\n|\n|-heal|p2a: Dondozo|97\/100|[from] item: Leftovers\n|upkeep\n|turn|13\n|\n|t:|1698169392\n|switch|p1a: Miraidon|Miraidon|100\/100\n|-fieldstart|move: Electric Terrain|[from] ability: Hadron Engine|[of] p1a: Miraidon\n|move|p2a: Dondozo|Fissure|p1a: Miraidon\n|-damage|p1a: Miraidon|0 fnt\n|faint|p1a: Miraidon\n|-ohko\n|\n|-heal|p2a: Dondozo|100\/100|[from] item: Leftovers\n|upkeep\n|\n|t:|1698169403\n|switch|p1a: Calyrex|Calyrex-Shadow|100\/100\n|-ability|p1a: Calyrex|As One\n|-ability|p1a: Calyrex|Unnerve\n|turn|14\n|\n|t:|1698169425\n|switch|p2a: Blissey|Blissey, F|100\/100\n|move|p1a: Calyrex|Grass Knot|p2a: Blissey\n|-damage|p2a: Blissey|92\/100\n|\n|upkeep\n|turn|15\n|\n|t:|1698169433\n|move|p1a: Calyrex|Psychic|p2a: Blissey\n|-damage|p2a: Blissey|77\/100\n|move|p2a: Blissey|Stealth Rock|p1a: Calyrex\n|-sidestart|p1: Rmonroy|move: Stealth Rock\n|\n|upkeep\n|turn|16\n|\n|t:|1698169440\n|switch|p1a: Ditto|Ditto|100\/100\n|-damage|p1a: Ditto|88\/100|[from] Stealth Rock\n|-transform|p1a: Ditto|p2a: Blissey|[from] ability: Imposter\n|move|p2a: Blissey|Thunder Wave|p1a: Ditto\n|-status|p1a: Ditto|par\n|\n|upkeep\n|turn|17\n|inactive|Rmonroy has 120 seconds left.\n|\n|t:|1698169485\n|switch|p2a: Skeledirge|Skeledirge, F|77\/100 par\n|-activate|p2a: Skeledirge|move: Sticky Web\n|-unboost|p2a: Skeledirge|spe|1\n|cant|p1a: Ditto|par\n|\n|-fieldend|move: Electric Terrain\n|upkeep\n|turn|18\n|c|\u2606Rmonroy|Homosexual de mierda, me cago en la inmjnda vagina de tu zorra madre por haber parido semejante pocos huevos\n|l|\u2606Rmonroy\n|inactive|Rmonroy disconnected and has a minute to reconnect!\n|player|p1|\n|inactive|Rmonroy has 30 seconds to reconnect!\n|inactive|Rmonroy has 20 seconds to reconnect!\n|inactive|Rmonroy has 15 seconds to reconnect!\n|inactive|Rmonroy has 10 seconds to reconnect!\n|inactive|Rmonroy has 5 seconds to reconnect!\n|-message|Rmonroy lost due to inactivity.\n|\n|win|yo mAma thicc\n|raw|Rmonroy's rating: 1626 &rarr; <strong>1611<\/strong><br \/>(-15 for losing)\n|raw|yo mAma thicc's rating: 1710 &rarr; <strong>1725<\/strong><br \/>(+15 for winning)\n","uploadtime":1698169551,"views":8,"p1id":"rmonroy","p2id":"yomamathicc","formatid":"gen9anythinggoes","rating":1611,"private":0,"password":""}