{"id":"gen9anythinggoes-1979789888","p1":"Iggitzy","p2":"GigaBytes7","format":"[Gen 9] Anything Goes","log":"|j|\u2606Iggitzy\n|j|\u2606GigaBytes7\n|t:|1698713486\n|gametype|singles\n|player|p1|Iggitzy|doctor|1425\n|player|p2|GigaBytes7|elaine|1696\n|teamsize|p1|6\n|teamsize|p2|6\n|gen|9\n|tier|[Gen 9] Anything Goes\n|rated|\n|rule|HP Percentage Mod: HP is shown in percentages\n|rule|Endless Battle Clause: Forcing endless battles is banned\n|clearpoke\n|poke|p1|Torkoal, M|\n|poke|p1|Koraidon|\n|poke|p1|Slither Wing|\n|poke|p1|Arboliva, F|\n|poke|p1|Walking Wake|\n|poke|p1|Lilligant-Hisui, F|\n|poke|p2|Koraidon|\n|poke|p2|Miraidon|\n|poke|p2|Ting-Lu|\n|poke|p2|Calyrex-Shadow|\n|poke|p2|Arceus|\n|poke|p2|Arceus-Water|\n|teampreview\n|inactive|Battle timer is ON: inactive players will automatically lose when time's up. (requested by GigaBytes7)\n|inactive|Iggitzy also wants the timer to be on.\n|\n|t:|1698713505\n|start\n|switch|p1a: Koraidon|Koraidon|100\/100\n|switch|p2a: Miraidon|Miraidon|100\/100\n|-fieldstart|move: Electric Terrain|[from] ability: Hadron Engine|[of] p2a: Miraidon\n|-weather|SunnyDay|[from] ability: Orichalcum Pulse|[of] p1a: Koraidon\n|-activate|p1a: Koraidon|Orichalcum Pulse|[source]\n|turn|1\n|\n|t:|1698713530\n|switch|p1a: Arboliva|Arboliva, F, shiny|100\/100\n|move|p2a: Miraidon|Draco Meteor|p1a: Arboliva\n|-damage|p1a: Arboliva|17\/100\n|-unboost|p2a: Miraidon|spa|2\n|-enditem|p1a: Arboliva|Aguav Berry|[eat]\n|-heal|p1a: Arboliva|50\/100|[from] item: Aguav Berry\n|\n|-weather|SunnyDay|[upkeep]\n|-item|p1a: Arboliva|Aguav Berry|[from] ability: Harvest\n|upkeep\n|turn|2\n|\n|t:|1698713542\n|move|p2a: Miraidon|Draco Meteor|p1a: Arboliva\n|-damage|p1a: Arboliva|5\/100\n|-unboost|p2a: Miraidon|spa|2\n|-enditem|p1a: Arboliva|Aguav Berry|[eat]\n|-heal|p1a: Arboliva|39\/100|[from] item: Aguav Berry\n|move|p1a: Arboliva|Synthesis|p1a: Arboliva\n|-heal|p1a: Arboliva|100\/100\n|\n|-weather|SunnyDay|[upkeep]\n|-item|p1a: Arboliva|Aguav Berry|[from] ability: Harvest\n|upkeep\n|turn|3\n|\n|t:|1698713552\n|switch|p2a: Koraidon|Koraidon|100\/100\n|-activate|p2a: Koraidon|ability: Orichalcum Pulse\n|move|p1a: Arboliva|Leech Seed|p2a: Koraidon\n|-start|p2a: Koraidon|move: Leech Seed\n|\n|-weather|SunnyDay|[upkeep]\n|-damage|p2a: Koraidon|88\/100|[from] Leech Seed|[of] p1a: Arboliva\n|upkeep\n|turn|4\n|\n|t:|1698713560\n|move|p1a: Arboliva|Protect|p1a: Arboliva\n|-singleturn|p1a: Arboliva|Protect\n|move|p2a: Koraidon|Close Combat|p1a: Arboliva\n|-activate|p1a: Arboliva|move: Protect\n|\n|-weather|SunnyDay|[upkeep]\n|-damage|p2a: Koraidon|76\/100|[from] Leech Seed|[of] p1a: Arboliva\n|upkeep\n|turn|5\n|\n|t:|1698713568\n|switch|p1a: Slither Wing|Slither Wing|100\/100\n|-activate|p1a: Slither Wing|ability: Protosynthesis\n|-start|p1a: Slither Wing|protosynthesisatk\n|move|p2a: Koraidon|Close Combat|p1a: Slither Wing\n|-resisted|p1a: Slither Wing\n|-damage|p1a: Slither Wing|39\/100\n|-unboost|p2a: Koraidon|def|1\n|-unboost|p2a: Koraidon|spd|1\n|\n|-weather|none\n|-end|p1a: Slither Wing|Protosynthesis\n|-damage|p2a: Koraidon|64\/100|[from] Leech Seed|[of] p1a: Slither Wing\n|-heal|p1a: Slither Wing|52\/100|[silent]\n|-fieldend|move: Electric Terrain\n|upkeep\n|turn|6\n|\n|t:|1698713582\n|move|p2a: Koraidon|Close Combat|p1a: Slither Wing\n|-resisted|p1a: Slither Wing\n|-damage|p1a: Slither Wing|8\/100\n|-unboost|p2a: Koraidon|def|1\n|-unboost|p2a: Koraidon|spd|1\n|move|p1a: Slither Wing|Close Combat|p2a: Koraidon\n|-damage|p2a: Koraidon|0 fnt\n|-unboost|p1a: Slither Wing|def|1\n|-unboost|p1a: Slither Wing|spd|1\n|faint|p2a: Koraidon\n|\n|upkeep\n|\n|t:|1698713600\n|switch|p2a: Calyrex|Calyrex-Shadow|100\/100\n|-ability|p2a: Calyrex|As One\n|-ability|p2a: Calyrex|Unnerve\n|turn|7\n|\n|t:|1698713606\n|-end|p1a: Slither Wing|Protosynthesis|[silent]\n|switch|p1a: Arboliva|Arboliva, F, shiny|100\/100\n|move|p2a: Calyrex|Draining Kiss|p1a: Arboliva\n|-damage|p1a: Arboliva|86\/100\n|\n|upkeep\n|turn|8\n|\n|t:|1698713612\n|move|p2a: Calyrex|Nasty Plot|p2a: Calyrex\n|-boost|p2a: Calyrex|spa|2\n|move|p1a: Arboliva|Leech Seed|p2a: Calyrex\n|-start|p2a: Calyrex|move: Leech Seed\n|\n|-damage|p2a: Calyrex|88\/100|[from] Leech Seed|[of] p1a: Arboliva\n|-heal|p1a: Arboliva|97\/100|[silent]\n|upkeep\n|turn|9\n|\n|t:|1698713618\n|move|p2a: Calyrex|Nasty Plot|p2a: Calyrex\n|-boost|p2a: Calyrex|spa|2\n|move|p1a: Arboliva|Dazzling Gleam|p2a: Calyrex\n|-damage|p2a: Calyrex|67\/100\n|\n|-damage|p2a: Calyrex|54\/100|[from] Leech Seed|[of] p1a: Arboliva\n|-heal|p1a: Arboliva|100\/100|[silent]\n|upkeep\n|turn|10\n|\n|t:|1698713625\n|move|p1a: Arboliva|Protect|p1a: Arboliva\n|-singleturn|p1a: Arboliva|Protect\n|move|p2a: Calyrex|Draining Kiss|p1a: Arboliva\n|-activate|p1a: Arboliva|move: Protect\n|\n|-damage|p2a: Calyrex|42\/100|[from] Leech Seed|[of] p1a: Arboliva\n|upkeep\n|turn|11\n|\n|t:|1698713631\n|move|p2a: Calyrex|Draining Kiss|p1a: Arboliva\n|-damage|p1a: Arboliva|59\/100\n|-heal|p2a: Calyrex|75\/100|[from] drain|[of] p1a: Arboliva\n|move|p1a: Arboliva|Dazzling Gleam|p2a: Calyrex\n|-damage|p2a: Calyrex|52\/100\n|\n|-damage|p2a: Calyrex|40\/100|[from] Leech Seed|[of] p1a: Arboliva\n|-heal|p1a: Arboliva|71\/100|[silent]\n|upkeep\n|turn|12\n|\n|t:|1698713639\n|move|p1a: Arboliva|Protect|p1a: Arboliva\n|-singleturn|p1a: Arboliva|Protect\n|move|p2a: Calyrex|Nasty Plot|p2a: Calyrex\n|-boost|p2a: Calyrex|spa|2\n|\n|-damage|p2a: Calyrex|27\/100|[from] Leech Seed|[of] p1a: Arboliva\n|-heal|p1a: Arboliva|82\/100|[silent]\n|upkeep\n|turn|13\n|\n|t:|1698713650\n|-terastallize|p2a: Calyrex|Fairy\n|move|p2a: Calyrex|Draining Kiss|p1a: Arboliva\n|-damage|p1a: Arboliva|0 fnt\n|-heal|p2a: Calyrex|92\/100|[from] drain|[of] p1a: Arboliva\n|faint|p1a: Arboliva\n|\n|upkeep\n|\n|t:|1698713656\n|switch|p1a: Torkoal|Torkoal, M|100\/100\n|-weather|SunnyDay|[from] ability: Drought|[of] p1a: Torkoal\n|turn|14\n|\n|t:|1698713661\n|move|p2a: Calyrex|Astral Barrage|p1a: Torkoal\n|-damage|p1a: Torkoal|0 fnt\n|faint|p1a: Torkoal\n|\n|-weather|SunnyDay|[upkeep]\n|upkeep\n|\n|t:|1698713668\n|switch|p1a: Lilligant|Lilligant-Hisui, F|100\/100\n|turn|15\n|\n|t:|1698713675\n|move|p1a: Lilligant|Solar Blade||[still]\n|-prepare|p1a: Lilligant|Solar Blade\n|-anim|p1a: Lilligant|Solar Blade|p2a: Calyrex\n|-damage|p2a: Calyrex|12\/100\n|move|p2a: Calyrex|Draining Kiss|p1a: Lilligant\n|-supereffective|p1a: Lilligant\n|-damage|p1a: Lilligant|0 fnt\n|-heal|p2a: Calyrex|88\/100|[from] drain|[of] p1a: Lilligant\n|faint|p1a: Lilligant\n|\n|-weather|SunnyDay|[upkeep]\n|upkeep\n|-message|Iggitzy forfeited.\n|\n|win|GigaBytes7\n|raw|Iggitzy's rating: 1425 &rarr; <strong>1418<\/strong><br \/>(-7 for losing)\n|raw|GigaBytes7's rating: 1696 &rarr; <strong>1703<\/strong><br \/>(+7 for winning)\n|l|\u2606Iggitzy\n","uploadtime":1698713686,"views":11,"p1id":"iggitzy","p2id":"gigabytes7","formatid":"gen9anythinggoes","rating":1418,"private":0,"password":""}