{"id":"gen9anythinggoes-1999627959","p1":"Mouspi le goat","p2":"theluckyone26","format":"[Gen 9] Anything Goes","log":"|j|\u2606Mouspi le goat\n|j|\u2606theluckyone26\n|t:|1701102566\n|gametype|singles\n|player|p1|Mouspi le goat|red|1388\n|player|p2|theluckyone26|266|1401\n|teamsize|p1|6\n|teamsize|p2|6\n|gen|9\n|tier|[Gen 9] Anything Goes\n|rated|\n|rule|HP Percentage Mod: HP is shown in percentages\n|rule|Endless Battle Clause: Forcing endless battles is banned\n|clearpoke\n|poke|p1|Breloom, M|\n|poke|p1|Espathra, F|\n|poke|p1|Calyrex-Shadow|\n|poke|p1|Toxapex, F|\n|poke|p1|Ninetales-Alola, F|\n|poke|p1|Dugtrio, M|\n|poke|p2|Iron Bundle|\n|poke|p2|Scovillain, F|\n|poke|p2|Calyrex-Shadow|\n|poke|p2|Sneasler, F|\n|poke|p2|Ditto|\n|poke|p2|Urshifu-*, M|\n|teampreview\n|inactive|Battle timer is ON: inactive players will automatically lose when time's up. (requested by Mouspi le goat)\n|\n|t:|1701102584\n|start\n|switch|p1a: Espathra|Espathra, F, shiny|100\/100\n|switch|p2a: Iron Bundle|Iron Bundle, shiny|100\/100\n|-enditem|p2a: Iron Bundle|Booster Energy\n|-activate|p2a: Iron Bundle|ability: Quark Drive|[fromitem]\n|-start|p2a: Iron Bundle|quarkdrivespe\n|turn|1\n|\n|t:|1701102591\n|move|p1a: Espathra|Protect|p1a: Espathra\n|-singleturn|p1a: Espathra|Protect\n|move|p2a: Iron Bundle|Hydro Pump|p1a: Espathra\n|-activate|p1a: Espathra|move: Protect\n|\n|-ability|p1a: Espathra|Speed Boost|boost\n|-boost|p1a: Espathra|spe|1\n|upkeep\n|turn|2\n|\n|t:|1701102598\n|move|p1a: Espathra|Protect|p1a: Espathra\n|-singleturn|p1a: Espathra|Protect\n|move|p2a: Iron Bundle|Hydro Pump|p1a: Espathra\n|-activate|p1a: Espathra|move: Protect\n|\n|-ability|p1a: Espathra|Speed Boost|boost\n|-boost|p1a: Espathra|spe|1\n|upkeep\n|turn|3\n|\n|t:|1701102605\n|move|p1a: Espathra|Substitute|p1a: Espathra\n|-start|p1a: Espathra|Substitute\n|-damage|p1a: Espathra|76\/100\n|move|p2a: Iron Bundle|Hydro Pump|p1a: Espathra\n|-end|p1a: Espathra|Substitute\n|\n|-heal|p1a: Espathra|82\/100|[from] item: Leftovers\n|-ability|p1a: Espathra|Speed Boost|boost\n|-boost|p1a: Espathra|spe|1\n|upkeep\n|turn|4\n|\n|t:|1701102615\n|move|p1a: Espathra|Substitute|p1a: Espathra\n|-start|p1a: Espathra|Substitute\n|-damage|p1a: Espathra|57\/100\n|move|p2a: Iron Bundle|Freeze-Dry|p1a: Espathra\n|-end|p1a: Espathra|Substitute\n|\n|-heal|p1a: Espathra|63\/100|[from] item: Leftovers\n|-ability|p1a: Espathra|Speed Boost|boost\n|-boost|p1a: Espathra|spe|1\n|upkeep\n|turn|5\n|\n|t:|1701102625\n|move|p1a: Espathra|Baton Pass|p1a: Espathra\n|\n|t:|1701102627\n|switch|p1a: Breloom|Breloom, M, shiny|100\/100|[from] Baton Pass\n|move|p2a: Iron Bundle|Encore||[still]\n|-fail|p2a: Iron Bundle\n|\n|upkeep\n|turn|6\n|\n|t:|1701102632\n|move|p1a: Breloom|Spore|p2a: Iron Bundle\n|-status|p2a: Iron Bundle|slp|[from] move: Spore\n|cant|p2a: Iron Bundle|slp\n|\n|upkeep\n|turn|7\n|\n|t:|1701102637\n|move|p1a: Breloom|Swords Dance|p1a: Breloom\n|-boost|p1a: Breloom|atk|2\n|cant|p2a: Iron Bundle|slp\n|\n|upkeep\n|turn|8\n|\n|t:|1701102642\n|move|p1a: Breloom|Swords Dance|p1a: Breloom\n|-boost|p1a: Breloom|atk|2\n|cant|p2a: Iron Bundle|slp\n|\n|upkeep\n|turn|9\n|\n|t:|1701102646\n|move|p1a: Breloom|Mach Punch|p2a: Iron Bundle\n|-supereffective|p2a: Iron Bundle\n|-crit|p2a: Iron Bundle\n|-damage|p2a: Iron Bundle|0 fnt\n|faint|p2a: Iron Bundle\n|-end|p2a: Iron Bundle|Quark Drive|[silent]\n|\n|upkeep\n|\n|t:|1701102650\n|switch|p2a: Ditto|Ditto|100\/100\n|-transform|p2a: Ditto|p1a: Breloom|[from] ability: Imposter\n|turn|10\n|\n|t:|1701102657\n|move|p2a: Ditto|Mach Punch|p1a: Breloom\n|-enditem|p1a: Breloom|Focus Sash\n|-damage|p1a: Breloom|1\/100\n|move|p1a: Breloom|Aerial Ace|p2a: Ditto\n|-supereffective|p2a: Ditto\n|-damage|p2a: Ditto|0 fnt\n|faint|p2a: Ditto\n|\n|upkeep\n|\n|t:|1701102660\n|switch|p2a: Sneasler|Sneasler, F, shiny|100\/100\n|turn|11\n|\n|t:|1701102666\n|-terastallize|p1a: Breloom|Ghost\n|move|p2a: Sneasler|Fake Out|p1a: Breloom\n|-immune|p1a: Breloom\n|move|p1a: Breloom|Spore|p2a: Sneasler\n|-status|p2a: Sneasler|slp|[from] move: Spore\n|\n|upkeep\n|turn|12\n|-message|theluckyone26 forfeited.\n|\n|win|Mouspi le goat\n|raw|Mouspi le goat's rating: 1388 &rarr; <strong>1409<\/strong><br \/>(+21 for winning)\n|raw|theluckyone26's rating: 1401 &rarr; <strong>1380<\/strong><br \/>(-21 for losing)\n|l|\u2606theluckyone26\n","uploadtime":1701102682,"views":1,"p1id":"mouspilegoat","p2id":"theluckyone26","formatid":"gen9anythinggoes","rating":1380,"private":0,"password":""}