{"id":"gen9anythinggoes-1989166520","p1":"Fardulf07","p2":"prof minu","format":"[Gen 9] Anything Goes","log":"|j|\u2606Fardulf07\n|j|\u2606prof minu\n|t:|1699819250\n|gametype|singles\n|player|p1|Fardulf07|gardenia|\n|player|p2|prof minu|fennel|\n|teamsize|p1|6\n|teamsize|p2|6\n|gen|9\n|tier|[Gen 9] Anything Goes\n|rule|HP Percentage Mod: HP is shown in percentages\n|rule|Endless Battle Clause: Forcing endless battles is banned\n|clearpoke\n|poke|p1|Toxapex, M|\n|poke|p1|Garganacl, F|\n|poke|p1|Naclstack, M|\n|poke|p1|Roaring Moon|\n|poke|p1|Ribombee, M|\n|poke|p1|Regieleki|\n|poke|p2|Clodsire, M|\n|poke|p2|Glaceon, F|\n|poke|p2|Basculegion, M|\n|poke|p2|Tinkaton, F|\n|poke|p2|Iron Valiant|\n|poke|p2|Quagsire, F|\n|teampreview\n|j| caligulahar\n|\n|t:|1699819271\n|start\n|switch|p1a: Ribombee|Ribombee, M|100\/100\n|switch|p2a: Ube Sago|Clodsire, M, shiny|100\/100\n|turn|1\n|\n|t:|1699819291\n|move|p1a: Ribombee|Substitute|p1a: Ribombee\n|-start|p1a: Ribombee|Substitute\n|-damage|p1a: Ribombee|76\/100\n|move|p2a: Ube Sago|Yawn||[still]\n|-fail|p2a: Ube Sago\n|\n|-heal|p1a: Ribombee|82\/100|[from] item: Leftovers\n|upkeep\n|turn|2\n|\n|t:|1699819298\n|move|p1a: Ribombee|Calm Mind|p1a: Ribombee\n|-boost|p1a: Ribombee|spa|1\n|-boost|p1a: Ribombee|spd|1\n|move|p2a: Ube Sago|Earthquake|p1a: Ribombee\n|-resisted|p1a: Ribombee\n|-end|p1a: Ribombee|Substitute\n|\n|-heal|p1a: Ribombee|88\/100|[from] item: Leftovers\n|upkeep\n|turn|3\n|\n|t:|1699819305\n|move|p1a: Ribombee|Calm Mind|p1a: Ribombee\n|-boost|p1a: Ribombee|spa|1\n|-boost|p1a: Ribombee|spd|1\n|move|p2a: Ube Sago|Yawn|p1a: Ribombee\n|-start|p1a: Ribombee|move: Yawn|[of] p2a: Ube Sago\n|\n|-heal|p1a: Ribombee|94\/100|[from] item: Leftovers\n|upkeep\n|turn|4\n|\n|t:|1699819318\n|move|p1a: Ribombee|Baton Pass|p1a: Ribombee\n|\n|t:|1699819326\n|switch|p1a: Regieleki|Regieleki|100\/100|[from] Baton Pass\n|move|p2a: Ube Sago|Yawn|p1a: Regieleki\n|-start|p1a: Regieleki|move: Yawn|[of] p2a: Ube Sago\n|\n|upkeep\n|turn|5\n|\n|t:|1699819344\n|move|p1a: Regieleki|Volt Switch|p2a: Ube Sago\n|-immune|p2a: Ube Sago\n|move|p2a: Ube Sago|Earthquake|p1a: Regieleki\n|-supereffective|p1a: Regieleki\n|-damage|p1a: Regieleki|0 fnt\n|faint|p1a: Regieleki\n|\n|upkeep\n|\n|t:|1699819363\n|switch|p1a: Toxapex|Toxapex, M|100\/100\n|turn|6\n|\n|t:|1699819368\n|move|p1a: Toxapex|Toxic Spikes|p2a: Ube Sago\n|-sidestart|p2: prof minu|move: Toxic Spikes\n|move|p2a: Ube Sago|Yawn|p1a: Toxapex\n|-start|p1a: Toxapex|move: Yawn|[of] p2a: Ube Sago\n|\n|upkeep\n|turn|7\n|\n|t:|1699819374\n|move|p1a: Toxapex|Toxic Spikes|p2a: Ube Sago\n|-sidestart|p2: prof minu|move: Toxic Spikes\n|move|p2a: Ube Sago|Earthquake|p1a: Toxapex\n|-supereffective|p1a: Toxapex\n|-damage|p1a: Toxapex|55\/100\n|\n|-heal|p1a: Toxapex|61\/100|[from] item: Leftovers\n|-end|p1a: Toxapex|move: Yawn|[silent]\n|-status|p1a: Toxapex|slp\n|upkeep\n|turn|8\n|\n|t:|1699819384\n|switch|p1a: Ribombee|Ribombee, M|94\/100\n|move|p2a: Ube Sago|Earthquake|p1a: Ribombee\n|-resisted|p1a: Ribombee\n|-damage|p1a: Ribombee|65\/100\n|\n|-heal|p1a: Ribombee|71\/100|[from] item: Leftovers\n|upkeep\n|turn|9\n|j| Tedtosterone\n|c|\u2606Fardulf07|mesic hammock way, venice florida, 2034\n|\n|t:|1699819452\n|move|p1a: Ribombee|Substitute|p1a: Ribombee\n|-start|p1a: Ribombee|Substitute\n|-damage|p1a: Ribombee|47\/100\n|move|p2a: Ube Sago|Yawn||[still]\n|-fail|p2a: Ube Sago\n|\n|-heal|p1a: Ribombee|53\/100|[from] item: Leftovers\n|upkeep\n|turn|10\n|\n|t:|1699819466\n|move|p1a: Ribombee|Calm Mind|p1a: Ribombee\n|-boost|p1a: Ribombee|spa|1\n|-boost|p1a: Ribombee|spd|1\n|move|p2a: Ube Sago|Earthquake|p1a: Ribombee\n|-resisted|p1a: Ribombee\n|-crit|p1a: Ribombee\n|-end|p1a: Ribombee|Substitute\n|\n|-heal|p1a: Ribombee|59\/100|[from] item: Leftovers\n|upkeep\n|turn|11\n|\n|t:|1699819476\n|move|p1a: Ribombee|Substitute|p1a: Ribombee\n|-start|p1a: Ribombee|Substitute\n|-damage|p1a: Ribombee|34\/100\n|move|p2a: Ube Sago|Yawn||[still]\n|-fail|p2a: Ube Sago\n|\n|-heal|p1a: Ribombee|40\/100|[from] item: Leftovers\n|upkeep\n|turn|12\n|\n|t:|1699819482\n|move|p1a: Ribombee|Calm Mind|p1a: Ribombee\n|-boost|p1a: Ribombee|spa|1\n|-boost|p1a: Ribombee|spd|1\n|move|p2a: Ube Sago|Earthquake|p1a: Ribombee\n|-resisted|p1a: Ribombee\n|-end|p1a: Ribombee|Substitute\n|\n|-heal|p1a: Ribombee|47\/100|[from] item: Leftovers\n|upkeep\n|turn|13\n|\n|t:|1699819492\n|move|p1a: Ribombee|Baton Pass|p1a: Ribombee\n|\n|t:|1699819532\n|switch|p1a: Naclstack|Naclstack, M|100\/100|[from] Baton Pass\n|move|p2a: Ube Sago|Yawn|p1a: Naclstack\n|-immune|p1a: Naclstack|[from] ability: Purifying Salt\n|\n|upkeep\n|turn|14\n|\n|t:|1699819573\n|move|p1a: Naclstack|Salt Cure|p2a: Ube Sago\n|-resisted|p2a: Ube Sago\n|-damage|p2a: Ube Sago|96\/100\n|-start|p2a: Ube Sago|Salt Cure\n|move|p2a: Ube Sago|Earthquake|p1a: Naclstack\n|-supereffective|p1a: Naclstack\n|-damage|p1a: Naclstack|65\/100\n|\n|-heal|p2a: Ube Sago|100\/100|[from] item: Black Sludge\n|-damage|p2a: Ube Sago|88\/100|[from] Salt Cure\n|upkeep\n|turn|15\n|c| Tedtosterone|https:\/\/www.zillow.com\/homedetails\/2034-Mesic-Hammock-Way-Venice-FL-34292\/99788451_zpid\/?mmlb=g,11\n|\n|t:|1699819608\n|move|p1a: Naclstack|Protect|p1a: Naclstack\n|-singleturn|p1a: Naclstack|Protect\n|move|p2a: Ube Sago|Earthquake|p1a: Naclstack\n|-activate|p1a: Naclstack|move: Protect\n|\n|-heal|p2a: Ube Sago|94\/100|[from] item: Black Sludge\n|-damage|p2a: Ube Sago|82\/100|[from] Salt Cure\n|upkeep\n|turn|16\n|\n|t:|1699819624\n|move|p1a: Naclstack|Stealth Rock|p2a: Ube Sago\n|-sidestart|p2: prof minu|move: Stealth Rock\n|move|p2a: Ube Sago|Earthquake|p1a: Naclstack\n|-supereffective|p1a: Naclstack\n|-damage|p1a: Naclstack|26\/100\n|\n|-heal|p2a: Ube Sago|88\/100|[from] item: Black Sludge\n|-damage|p2a: Ube Sago|75\/100|[from] Salt Cure\n|upkeep\n|turn|17\n|\n|t:|1699819633\n|move|p1a: Naclstack|Recover|p1a: Naclstack\n|-heal|p1a: Naclstack|76\/100\n|move|p2a: Ube Sago|Recover|p2a: Ube Sago\n|-heal|p2a: Ube Sago|100\/100\n|\n|-damage|p2a: Ube Sago|88\/100|[from] Salt Cure\n|upkeep\n|turn|18\n|\n|t:|1699819667\n|switch|p2a: Purin|Quagsire, F, shiny|100\/100\n|-status|p2a: Purin|tox\n|-damage|p2a: Purin|94\/100 tox|[from] Stealth Rock\n|move|p1a: Naclstack|Salt Cure|p2a: Purin\n|-resisted|p2a: Purin\n|-crit|p2a: Purin\n|-damage|p2a: Purin|89\/100 tox\n|-start|p2a: Purin|Salt Cure\n|\n|-damage|p2a: Purin|83\/100 tox|[from] psn\n|-damage|p2a: Purin|58\/100 tox|[from] Salt Cure\n|upkeep\n|turn|19\n|l| Tedtosterone\n|inactive|Battle timer is ON: inactive players will automatically lose when time's up. (requested by prof minu)\n|\n|t:|1699819698\n|move|p1a: Naclstack|Protect|p1a: Naclstack\n|-singleturn|p1a: Naclstack|Protect\n|move|p2a: Purin|Recover|p2a: Purin\n|-heal|p2a: Purin|100\/100 tox\n|\n|-damage|p2a: Purin|88\/100 tox|[from] psn\n|-damage|p2a: Purin|63\/100 tox|[from] Salt Cure\n|upkeep\n|turn|20\n|\n|t:|1699819710\n|move|p1a: Naclstack|Salt Cure|p2a: Purin\n|-resisted|p2a: Purin\n|-damage|p2a: Purin|60\/100 tox\n|move|p2a: Purin|Earthquake|p1a: Naclstack\n|-supereffective|p1a: Naclstack\n|-damage|p1a: Naclstack|42\/100\n|\n|-damage|p2a: Purin|42\/100 tox|[from] psn\n|-damage|p2a: Purin|17\/100 tox|[from] Salt Cure\n|upkeep\n|turn|21\n|\n|t:|1699819720\n|switch|p2a: Ube Sago|Clodsire, M, shiny|88\/100\n|-sideend|p2: prof minu|move: Toxic Spikes|[of] p2a: Ube Sago\n|-damage|p2a: Ube Sago|82\/100|[from] Stealth Rock\n|move|p1a: Naclstack|Recover|p1a: Naclstack\n|-heal|p1a: Naclstack|92\/100\n|\n|-heal|p2a: Ube Sago|88\/100|[from] item: Black Sludge\n|upkeep\n|turn|22\n|\n|t:|1699819730\n|move|p1a: Naclstack|Salt Cure|p2a: Ube Sago\n|-resisted|p2a: Ube Sago\n|-damage|p2a: Ube Sago|84\/100\n|-start|p2a: Ube Sago|Salt Cure\n|move|p2a: Ube Sago|Recover|p2a: Ube Sago\n|-heal|p2a: Ube Sago|100\/100\n|\n|-damage|p2a: Ube Sago|88\/100|[from] Salt Cure\n|upkeep\n|turn|23\n|\n|t:|1699819745\n|switch|p2a: Wagashi|Iron Valiant|100\/100\n|-damage|p2a: Wagashi|94\/100|[from] Stealth Rock\n|-enditem|p2a: Wagashi|Booster Energy\n|-activate|p2a: Wagashi|ability: Quark Drive|[fromitem]\n|-start|p2a: Wagashi|quarkdrivespe\n|-terastallize|p1a: Naclstack|Rock\n|move|p1a: Naclstack|Salt Cure|p2a: Wagashi\n|-resisted|p2a: Wagashi\n|-damage|p2a: Wagashi|83\/100\n|-start|p2a: Wagashi|Salt Cure\n|\n|-damage|p2a: Wagashi|70\/100|[from] Salt Cure\n|upkeep\n|turn|24\n|\n|t:|1699819762\n|move|p1a: Naclstack|Protect|p1a: Naclstack\n|-singleturn|p1a: Naclstack|Protect\n|move|p2a: Wagashi|Encore|p1a: Naclstack\n|-activate|p1a: Naclstack|move: Protect\n|\n|-damage|p2a: Wagashi|58\/100|[from] Salt Cure\n|upkeep\n|turn|25\n|inactive|Fardulf07 has 270 seconds left.\n|\n|t:|1699819787\n|move|p2a: Wagashi|Aura Sphere|p1a: Naclstack\n|-supereffective|p1a: Naclstack\n|-damage|p1a: Naclstack|49\/100\n|move|p1a: Naclstack|Recover|p1a: Naclstack\n|-heal|p1a: Naclstack|99\/100\n|\n|-damage|p2a: Wagashi|45\/100|[from] Salt Cure\n|upkeep\n|turn|26\n|inactive|prof minu has 270 seconds left.\n|\n|t:|1699819820\n|-end|p2a: Wagashi|Quark Drive|[silent]\n|switch|p2a: Halo Halo|Basculegion, M, shiny|100\/100\n|-damage|p2a: Halo Halo|88\/100|[from] Stealth Rock\n|move|p1a: Naclstack|Protect||[still]\n|-fail|p1a: Naclstack\n|\n|upkeep\n|turn|27\n|inactive|prof minu has 270 seconds left.\n|\n|t:|1699819835\n|move|p2a: Halo Halo|Flip Turn|p1a: Naclstack\n|-supereffective|p1a: Naclstack\n|-crit|p1a: Naclstack\n|-damage|p1a: Naclstack|42\/100\n|\n|t:|1699819838\n|switch|p2a: Ube Sago|Clodsire, M, shiny|88\/100|[from] Flip Turn\n|-damage|p2a: Ube Sago|82\/100|[from] Stealth Rock\n|move|p1a: Naclstack|Salt Cure|p2a: Ube Sago\n|-resisted|p2a: Ube Sago\n|-damage|p2a: Ube Sago|73\/100\n|-start|p2a: Ube Sago|Salt Cure\n|\n|-heal|p2a: Ube Sago|79\/100|[from] item: Black Sludge\n|-damage|p2a: Ube Sago|66\/100|[from] Salt Cure\n|upkeep\n|turn|28\n|\n|t:|1699819851\n|switch|p2a: Halo Halo|Basculegion, M, shiny|88\/100\n|-damage|p2a: Halo Halo|76\/100|[from] Stealth Rock\n|move|p1a: Naclstack|Recover|p1a: Naclstack\n|-heal|p1a: Naclstack|92\/100\n|\n|upkeep\n|turn|29\n|\n|t:|1699819858\n|move|p2a: Halo Halo|Flip Turn|p1a: Naclstack\n|-supereffective|p1a: Naclstack\n|-damage|p1a: Naclstack|55\/100\n|\n|t:|1699819866\n|switch|p2a: Ube Sago|Clodsire, M, shiny|66\/100|[from] Flip Turn\n|-damage|p2a: Ube Sago|60\/100|[from] Stealth Rock\n|move|p1a: Naclstack|Salt Cure|p2a: Ube Sago\n|-resisted|p2a: Ube Sago\n|-damage|p2a: Ube Sago|52\/100\n|-start|p2a: Ube Sago|Salt Cure\n|\n|-heal|p2a: Ube Sago|58\/100|[from] item: Black Sludge\n|-damage|p2a: Ube Sago|45\/100|[from] Salt Cure\n|upkeep\n|turn|30\n|\n|t:|1699819893\n|move|p1a: Naclstack|Recover|p1a: Naclstack\n|-heal|p1a: Naclstack|100\/100\n|move|p2a: Ube Sago|Recover|p2a: Ube Sago\n|-heal|p2a: Ube Sago|95\/100\n|\n|-heal|p2a: Ube Sago|100\/100|[from] item: Black Sludge\n|-damage|p2a: Ube Sago|88\/100|[from] Salt Cure\n|upkeep\n|turn|31\n|inactive|Fardulf07 has 270 seconds left.\n|\n|t:|1699819910\n|move|p1a: Naclstack|Salt Cure|p2a: Ube Sago\n|-resisted|p2a: Ube Sago\n|-damage|p2a: Ube Sago|80\/100\n|move|p2a: Ube Sago|Earthquake|p1a: Naclstack\n|-supereffective|p1a: Naclstack\n|-damage|p1a: Naclstack|65\/100\n|\n|-heal|p2a: Ube Sago|86\/100|[from] item: Black Sludge\n|-damage|p2a: Ube Sago|73\/100|[from] Salt Cure\n|upkeep\n|turn|32\n|\n|t:|1699819922\n|move|p1a: Naclstack|Protect|p1a: Naclstack\n|-singleturn|p1a: Naclstack|Protect\n|move|p2a: Ube Sago|Earthquake|p1a: Naclstack\n|-activate|p1a: Naclstack|move: Protect\n|\n|-heal|p2a: Ube Sago|80\/100|[from] item: Black Sludge\n|-damage|p2a: Ube Sago|67\/100|[from] Salt Cure\n|upkeep\n|turn|33\n|\n|t:|1699819934\n|move|p1a: Naclstack|Recover|p1a: Naclstack\n|-heal|p1a: Naclstack|100\/100\n|move|p2a: Ube Sago|Earthquake|p1a: Naclstack\n|-supereffective|p1a: Naclstack\n|-damage|p1a: Naclstack|61\/100\n|\n|-heal|p2a: Ube Sago|73\/100|[from] item: Black Sludge\n|-damage|p2a: Ube Sago|61\/100|[from] Salt Cure\n|upkeep\n|turn|34\n|inactive|Fardulf07 has 270 seconds left.\n|\n|t:|1699819956\n|move|p1a: Naclstack|Protect|p1a: Naclstack\n|-singleturn|p1a: Naclstack|Protect\n|move|p2a: Ube Sago|Recover|p2a: Ube Sago\n|-heal|p2a: Ube Sago|100\/100\n|\n|-damage|p2a: Ube Sago|88\/100|[from] Salt Cure\n|upkeep\n|turn|35\n|inactive|Fardulf07 has 270 seconds left.\n|inactive|prof minu has 270 seconds left.\n|\n|t:|1699819992\n|switch|p2a: Warabimochi|Tinkaton, F|100\/100\n|-damage|p2a: Warabimochi|94\/100|[from] Stealth Rock\n|-ability|p2a: Warabimochi|Mold Breaker\n|move|p1a: Naclstack|Salt Cure|p2a: Warabimochi\n|-resisted|p2a: Warabimochi\n|-damage|p2a: Warabimochi|81\/100\n|-start|p2a: Warabimochi|Salt Cure\n|\n|-damage|p2a: Warabimochi|56\/100|[from] Salt Cure\n|upkeep\n|turn|36\n|inactive|prof minu has 270 seconds left.\n|inactive|Fardulf07 has 240 seconds left.\n|\n|t:|1699820021\n|move|p1a: Naclstack|Protect|p1a: Naclstack\n|-singleturn|p1a: Naclstack|Protect\n|move|p2a: Warabimochi|Knock Off|p1a: Naclstack\n|-activate|p1a: Naclstack|move: Protect\n|\n|-damage|p2a: Warabimochi|31\/100|[from] Salt Cure\n|upkeep\n|turn|37\n|inactive|Fardulf07 has 240 seconds left.\n|inactive|prof minu has 270 seconds left.\n|\n|t:|1699820032\n|move|p2a: Warabimochi|Gigaton Hammer|p1a: Naclstack\n|-supereffective|p1a: Naclstack\n|-damage|p1a: Naclstack|0 fnt\n|faint|p1a: Naclstack\n|\n|-damage|p2a: Warabimochi|6\/100|[from] Salt Cure\n|upkeep\n|\n|t:|1699820044\n|switch|p1a: Ribombee|Ribombee, M|47\/100\n|turn|38\n|\n|t:|1699820049\n|switch|p2a: Ube Sago|Clodsire, M, shiny|88\/100\n|-damage|p2a: Ube Sago|82\/100|[from] Stealth Rock\n|move|p1a: Ribombee|Calm Mind|p1a: Ribombee\n|-boost|p1a: Ribombee|spa|1\n|-boost|p1a: Ribombee|spd|1\n|\n|-heal|p1a: Ribombee|53\/100|[from] item: Leftovers\n|-heal|p2a: Ube Sago|88\/100|[from] item: Black Sludge\n|upkeep\n|turn|39\n|inactive|Fardulf07 has 240 seconds left.\n|\n|t:|1699820071\n|move|p1a: Ribombee|Calm Mind|p1a: Ribombee\n|-boost|p1a: Ribombee|spa|1\n|-boost|p1a: Ribombee|spd|1\n|move|p2a: Ube Sago|Earthquake|p1a: Ribombee\n|-resisted|p1a: Ribombee\n|-damage|p1a: Ribombee|24\/100\n|\n|-heal|p1a: Ribombee|30\/100|[from] item: Leftovers\n|-heal|p2a: Ube Sago|94\/100|[from] item: Black Sludge\n|upkeep\n|turn|40\n|\n|t:|1699820082\n|move|p1a: Ribombee|Baton Pass|p1a: Ribombee\n|\n|t:|1699820084\n|switch|p1a: Garganacl|Garganacl, F|100\/100|[from] Baton Pass\n|move|p2a: Ube Sago|Yawn|p1a: Garganacl\n|-immune|p1a: Garganacl|[from] ability: Purifying Salt\n|\n|-heal|p2a: Ube Sago|100\/100|[from] item: Black Sludge\n|upkeep\n|turn|41\n|\n|t:|1699820113\n|move|p1a: Garganacl|Salt Cure|p2a: Ube Sago\n|-resisted|p2a: Ube Sago\n|-damage|p2a: Ube Sago|94\/100\n|-start|p2a: Ube Sago|Salt Cure\n|move|p2a: Ube Sago|Earthquake|p1a: Garganacl\n|-supereffective|p1a: Garganacl\n|-damage|p1a: Garganacl|63\/100\n|\n|-heal|p1a: Garganacl|69\/100|[from] item: Leftovers\n|-heal|p2a: Ube Sago|99\/100|[from] item: Black Sludge\n|-damage|p2a: Ube Sago|88\/100|[from] Salt Cure\n|upkeep\n|turn|42\n|inactive|Fardulf07 has 210 seconds left.\n|inactive|Fardulf07 has 180 seconds left.\n|\n|t:|1699820159\n|move|p1a: Garganacl|Protect|p1a: Garganacl\n|-singleturn|p1a: Garganacl|Protect\n|move|p2a: Ube Sago|Earthquake|p1a: Garganacl\n|-activate|p1a: Garganacl|move: Protect\n|\n|-heal|p1a: Garganacl|75\/100|[from] item: Leftovers\n|-heal|p2a: Ube Sago|94\/100|[from] item: Black Sludge\n|-damage|p2a: Ube Sago|82\/100|[from] Salt Cure\n|upkeep\n|turn|43\n|inactive|Fardulf07 has 180 seconds left.\n|\n|t:|1699820181\n|move|p1a: Garganacl|Protect||[still]\n|-fail|p1a: Garganacl\n|move|p2a: Ube Sago|Earthquake|p1a: Garganacl\n|-supereffective|p1a: Garganacl\n|-crit|p1a: Garganacl\n|-damage|p1a: Garganacl|20\/100\n|\n|-heal|p1a: Garganacl|26\/100|[from] item: Leftovers\n|-heal|p2a: Ube Sago|88\/100|[from] item: Black Sludge\n|-damage|p2a: Ube Sago|75\/100|[from] Salt Cure\n|upkeep\n|turn|44\n|\n|t:|1699820201\n|move|p1a: Garganacl|Explosion|p2a: Ube Sago\n|-damage|p2a: Ube Sago|18\/100\n|faint|p1a: Garganacl\n|move|p2a: Ube Sago|Recover|p2a: Ube Sago\n|-heal|p2a: Ube Sago|68\/100\n|\n|-heal|p2a: Ube Sago|75\/100|[from] item: Black Sludge\n|-damage|p2a: Ube Sago|62\/100|[from] Salt Cure\n|upkeep\n|\n|t:|1699820218\n|switch|p1a: Roaring Moon|Roaring Moon|100\/100\n|-enditem|p1a: Roaring Moon|Booster Energy\n|-activate|p1a: Roaring Moon|ability: Protosynthesis|[fromitem]\n|-start|p1a: Roaring Moon|protosynthesisatk\n|turn|45\n|\n|t:|1699820225\n|move|p2a: Ube Sago|Protect|p2a: Ube Sago\n|-singleturn|p2a: Ube Sago|Protect\n|move|p1a: Roaring Moon|Dragon Dance|p1a: Roaring Moon\n|-boost|p1a: Roaring Moon|atk|1\n|-boost|p1a: Roaring Moon|spe|1\n|\n|-heal|p2a: Ube Sago|68\/100|[from] item: Black Sludge\n|-damage|p2a: Ube Sago|56\/100|[from] Salt Cure\n|upkeep\n|turn|46\n|\n|t:|1699820238\n|switch|p2a: Bingsoo|Glaceon, F, shiny|100\/100\n|-damage|p2a: Bingsoo|76\/100|[from] Stealth Rock\n|move|p1a: Roaring Moon|Dragon Dance|p1a: Roaring Moon\n|-boost|p1a: Roaring Moon|atk|1\n|-boost|p1a: Roaring Moon|spe|1\n|\n|-heal|p2a: Bingsoo|82\/100|[from] item: Leftovers\n|upkeep\n|turn|47\n|\n|t:|1699820256\n|move|p1a: Roaring Moon|Dragon Claw|p2a: Bingsoo\n|-damage|p2a: Bingsoo|0 fnt\n|faint|p2a: Bingsoo\n|\n|upkeep\n|\n|t:|1699820272\n|switch|p2a: Purin|Quagsire, F, shiny|17\/100 tox\n|-damage|p2a: Purin|11\/100 tox|[from] Stealth Rock\n|turn|48\n|\n|t:|1699820282\n|move|p1a: Roaring Moon|Dragon Dance|p1a: Roaring Moon\n|-boost|p1a: Roaring Moon|atk|1\n|-boost|p1a: Roaring Moon|spe|1\n|move|p2a: Purin|Yawn|p1a: Roaring Moon\n|-start|p1a: Roaring Moon|move: Yawn|[of] p2a: Purin\n|\n|-damage|p2a: Purin|5\/100 tox|[from] psn\n|upkeep\n|turn|49\n|\n|t:|1699820309\n|move|p1a: Roaring Moon|Air Slash|p2a: Purin\n|-damage|p2a: Purin|0 fnt\n|faint|p2a: Purin\n|\n|-end|p1a: Roaring Moon|move: Yawn|[silent]\n|-status|p1a: Roaring Moon|slp\n|upkeep\n|\n|t:|1699820312\n|switch|p2a: Wagashi|Iron Valiant|45\/100\n|-damage|p2a: Wagashi|39\/100|[from] Stealth Rock\n|turn|50\n|inactive|Fardulf07 has 180 seconds left.\n|\n|t:|1699820320\n|-end|p1a: Roaring Moon|Protosynthesis|[silent]\n|switch|p1a: Ribombee|Ribombee, M|30\/100\n|move|p2a: Wagashi|Aura Sphere|p1a: Ribombee\n|-resisted|p1a: Ribombee\n|-damage|p1a: Ribombee|16\/100\n|\n|-heal|p1a: Ribombee|22\/100|[from] item: Leftovers\n|upkeep\n|turn|51\n|inactive|Fardulf07 has 180 seconds left.\n|inactive|prof minu has 270 seconds left.\n|\n|t:|1699820346\n|move|p1a: Ribombee|Calm Mind|p1a: Ribombee\n|-boost|p1a: Ribombee|spa|1\n|-boost|p1a: Ribombee|spd|1\n|move|p2a: Wagashi|Psychic|p1a: Ribombee\n|-damage|p1a: Ribombee|0 fnt\n|faint|p1a: Ribombee\n|\n|upkeep\n|\n|t:|1699820363\n|switch|p1a: Toxapex|Toxapex, M|95\/100 slp\n|turn|52\n|\n|t:|1699820368\n|move|p2a: Wagashi|Psychic|p1a: Toxapex\n|-supereffective|p1a: Toxapex\n|-damage|p1a: Toxapex|49\/100 slp\n|cant|p1a: Toxapex|slp\n|\n|-heal|p1a: Toxapex|55\/100 slp|[from] item: Leftovers\n|upkeep\n|turn|53\n|inactive|Fardulf07 has 180 seconds left.\n|\n|t:|1699820375\n|switch|p1a: Roaring Moon|Roaring Moon|100\/100 slp\n|move|p2a: Wagashi|Psychic|p1a: Roaring Moon\n|-immune|p1a: Roaring Moon\n|\n|upkeep\n|turn|54\n|\n|t:|1699820381\n|cant|p1a: Roaring Moon|slp\n|move|p2a: Wagashi|Aura Sphere|p1a: Roaring Moon\n|-supereffective|p1a: Roaring Moon\n|-damage|p1a: Roaring Moon|21\/100 slp\n|\n|upkeep\n|turn|55\n|inactive|Fardulf07 has 180 seconds left.\n|\n|t:|1699820400\n|-end|p1a: Roaring Moon|Protosynthesis|[silent]\n|switch|p1a: Toxapex|Toxapex, M|88\/100 slp\n|move|p2a: Wagashi|Aura Sphere|p1a: Toxapex\n|-resisted|p1a: Toxapex\n|-damage|p1a: Toxapex|72\/100 slp\n|\n|-heal|p1a: Toxapex|78\/100 slp|[from] item: Leftovers\n|upkeep\n|turn|56\n|inactive|Fardulf07 has 180 seconds left.\n|\n|t:|1699820411\n|move|p2a: Wagashi|Aura Sphere|p1a: Toxapex\n|-resisted|p1a: Toxapex\n|-damage|p1a: Toxapex|63\/100 slp\n|cant|p1a: Toxapex|slp\n|\n|-heal|p1a: Toxapex|69\/100 slp|[from] item: Leftovers\n|upkeep\n|turn|57\n|\n|t:|1699820418\n|move|p2a: Wagashi|Psychic|p1a: Toxapex\n|-supereffective|p1a: Toxapex\n|-damage|p1a: Toxapex|17\/100 slp\n|cant|p1a: Toxapex|slp\n|\n|-heal|p1a: Toxapex|24\/100 slp|[from] item: Leftovers\n|upkeep\n|turn|58\n|\n|t:|1699820426\n|move|p2a: Wagashi|Aura Sphere|p1a: Toxapex\n|-resisted|p1a: Toxapex\n|-damage|p1a: Toxapex|7\/100 slp\n|-curestatus|p1a: Toxapex|slp|[msg]\n|move|p1a: Toxapex|Recover|p1a: Toxapex\n|-heal|p1a: Toxapex|57\/100\n|\n|-heal|p1a: Toxapex|63\/100|[from] item: Leftovers\n|upkeep\n|turn|59\n|\n|t:|1699820438\n|move|p2a: Wagashi|Psychic|p1a: Toxapex\n|-supereffective|p1a: Toxapex\n|-damage|p1a: Toxapex|18\/100\n|move|p1a: Toxapex|Toxic|p2a: Wagashi\n|-status|p2a: Wagashi|tox\n|\n|-heal|p1a: Toxapex|24\/100|[from] item: Leftovers\n|-damage|p2a: Wagashi|33\/100 tox|[from] psn\n|upkeep\n|turn|60\n|\n|t:|1699820448\n|move|p2a: Wagashi|Psychic|p1a: Toxapex\n|-supereffective|p1a: Toxapex\n|-damage|p1a: Toxapex|0 fnt\n|faint|p1a: Toxapex\n|\n|-damage|p2a: Wagashi|20\/100 tox|[from] psn\n|upkeep\n|\n|t:|1699820454\n|switch|p1a: Roaring Moon|Roaring Moon|21\/100 slp\n|turn|61\n|\n|t:|1699820457\n|cant|p1a: Roaring Moon|slp\n|move|p2a: Wagashi|Aura Sphere|p1a: Roaring Moon\n|-supereffective|p1a: Roaring Moon\n|-damage|p1a: Roaring Moon|0 fnt\n|faint|p1a: Roaring Moon\n|-end|p1a: Roaring Moon|Protosynthesis|[silent]\n|\n|win|prof minu\n","uploadtime":1699820465,"views":14,"p1id":"fardulf07","p2id":"profminu","formatid":"gen9anythinggoes","rating":0,"private":0,"password":""}