{"id":"gen9anythinggoes-1999225976","p1":"dlcing","p2":"your_l0cal_dumbass","format":"[Gen 9] Anything Goes","log":"|j|\u2606dlcing\n|j|\u2606your_l0cal_dumbass\n|t:|1701047772\n|gametype|singles\n|player|p1|dlcing|eusine|1000\n|player|p2|your_l0cal_dumbass|lucas|1105\n|teamsize|p1|6\n|teamsize|p2|6\n|gen|9\n|tier|[Gen 9] Anything Goes\n|rated|\n|rule|HP Percentage Mod: HP is shown in percentages\n|rule|Endless Battle Clause: Forcing endless battles is banned\n|clearpoke\n|poke|p1|Lokix, F|\n|poke|p1|Weezing-Galar, M|\n|poke|p1|Bellibolt, M|\n|poke|p1|Ditto|\n|poke|p1|Spidops, M|\n|poke|p1|Eiscue, M|\n|poke|p2|Drifblim, M|\n|poke|p2|Kommo-o, F|\n|poke|p2|Ribombee, F|\n|poke|p2|Tsareena, F|\n|poke|p2|Azumarill, F|\n|poke|p2|Kingambit, M|\n|teampreview\n|c|\u2606dlcing|ah yes 2 great anything goes teams\n|c|\u2606your_l0cal_dumbass|yeah, no legends, just fun\n|inactive|Battle timer is ON: inactive players will automatically lose when time's up. (requested by dlcing)\n|\n|t:|1701047809\n|start\n|switch|p1a: Spidops|Spidops, M|100\/100\n|switch|p2a: Free Candy|Drifblim, M|100\/100\n|turn|1\n|\n|t:|1701047816\n|move|p2a: Free Candy|Minimize|p2a: Free Candy\n|-boost|p2a: Free Candy|evasion|2\n|move|p1a: Spidops|Spikes|p2a: Free Candy\n|-sidestart|p2: your_l0cal_dumbass|Spikes\n|\n|upkeep\n|turn|2\n|\n|t:|1701047821\n|move|p2a: Free Candy|Minimize|p2a: Free Candy\n|-boost|p2a: Free Candy|evasion|2\n|move|p1a: Spidops|Knock Off|p2a: Free Candy\n|-supereffective|p2a: Free Candy\n|-damage|p2a: Free Candy|64\/100\n|-enditem|p2a: Free Candy|Leftovers|[from] move: Knock Off|[of] p1a: Spidops\n|\n|upkeep\n|turn|3\n|c|\u2606dlcing|ok nvm this is gay\n|\n|t:|1701047828\n|move|p2a: Free Candy|Minimize|p2a: Free Candy\n|-boost|p2a: Free Candy|evasion|2\n|move|p1a: Spidops|Sticky Web|p2a: Free Candy\n|-sidestart|p2: your_l0cal_dumbass|move: Sticky Web\n|\n|upkeep\n|turn|4\n|\n|t:|1701047833\n|move|p2a: Free Candy|Calm Mind|p2a: Free Candy\n|-boost|p2a: Free Candy|spa|1\n|-boost|p2a: Free Candy|spd|1\n|move|p1a: Spidops|Spikes|p2a: Free Candy\n|-sidestart|p2: your_l0cal_dumbass|Spikes\n|\n|upkeep\n|turn|5\n|\n|t:|1701047839\n|move|p2a: Free Candy|Calm Mind|p2a: Free Candy\n|-boost|p2a: Free Candy|spa|1\n|-boost|p2a: Free Candy|spd|1\n|move|p1a: Spidops|Spikes|p2a: Free Candy\n|-sidestart|p2: your_l0cal_dumbass|Spikes\n|\n|upkeep\n|turn|6\n|\n|t:|1701047845\n|switch|p1a: Ditto|Ditto|100\/100\n|-transform|p1a: Ditto|p2a: Free Candy|[from] ability: Imposter\n|move|p2a: Free Candy|Calm Mind|p2a: Free Candy\n|-boost|p2a: Free Candy|spa|1\n|-boost|p2a: Free Candy|spd|1\n|\n|upkeep\n|turn|7\n|\n|t:|1701047852\n|move|p1a: Ditto|Baton Pass|p1a: Ditto\n|\n|t:|1701047854\n|switch|p1a: Eiscue|Eiscue, M|100\/100|[from] Baton Pass\n|move|p2a: Free Candy|Baton Pass|p2a: Free Candy\n|\n|t:|1701047860\n|switch|p2a: Bridge|Kommo-o, F, shiny|100\/100|[from] Baton Pass\n|-damage|p2a: Bridge|76\/100|[from] Spikes\n|-activate|p2a: Bridge|move: Sticky Web\n|-unboost|p2a: Bridge|spe|1\n|\n|upkeep\n|turn|8\n|\n|t:|1701047866\n|move|p2a: Bridge|Vacuum Wave|p1a: Eiscue|[miss]\n|-miss|p2a: Bridge|p1a: Eiscue\n|move|p1a: Eiscue|Belly Drum|p1a: Eiscue\n|-damage|p1a: Eiscue|50\/100\n|-setboost|p1a: Eiscue|atk|6|[from] move: Belly Drum\n|-enditem|p1a: Eiscue|Sitrus Berry|[eat]\n|-heal|p1a: Eiscue|75\/100|[from] item: Sitrus Berry\n|\n|upkeep\n|turn|9\n|\n|t:|1701047874\n|move|p2a: Bridge|Vacuum Wave|p1a: Eiscue\n|-supereffective|p1a: Eiscue\n|-damage|p1a: Eiscue|26\/100\n|move|p1a: Eiscue|Ice Spinner|p2a: Bridge|[miss]\n|-miss|p1a: Eiscue|p2a: Bridge\n|\n|upkeep\n|turn|10\n|\n|t:|1701047880\n|move|p2a: Bridge|Vacuum Wave|p1a: Eiscue|[miss]\n|-miss|p2a: Bridge|p1a: Eiscue\n|move|p1a: Eiscue|Ice Spinner|p2a: Bridge|[miss]\n|-miss|p1a: Eiscue|p2a: Bridge\n|\n|upkeep\n|turn|11\n|\n|t:|1701047885\n|move|p2a: Bridge|Vacuum Wave|p1a: Eiscue|[miss]\n|-miss|p2a: Bridge|p1a: Eiscue\n|move|p1a: Eiscue|Ice Spinner|p2a: Bridge|[miss]\n|-miss|p1a: Eiscue|p2a: Bridge\n|\n|upkeep\n|turn|12\n|\n|t:|1701047890\n|move|p2a: Bridge|Vacuum Wave|p1a: Eiscue|[miss]\n|-miss|p2a: Bridge|p1a: Eiscue\n|move|p1a: Eiscue|Ice Spinner|p2a: Bridge|[miss]\n|-miss|p1a: Eiscue|p2a: Bridge\n|\n|upkeep\n|turn|13\n|\n|t:|1701047895\n|move|p2a: Bridge|Vacuum Wave|p1a: Eiscue|[miss]\n|-miss|p2a: Bridge|p1a: Eiscue\n|move|p1a: Eiscue|Ice Spinner|p2a: Bridge|[miss]\n|-miss|p1a: Eiscue|p2a: Bridge\n|\n|upkeep\n|turn|14\n|c|\u2606dlcing|lol\n|\n|t:|1701047900\n|move|p2a: Bridge|Vacuum Wave|p1a: Eiscue|[miss]\n|-miss|p2a: Bridge|p1a: Eiscue\n|move|p1a: Eiscue|Ice Spinner|p2a: Bridge|[miss]\n|-miss|p1a: Eiscue|p2a: Bridge\n|\n|upkeep\n|turn|15\n|\n|t:|1701047905\n|move|p2a: Bridge|Vacuum Wave|p1a: Eiscue|[miss]\n|-miss|p2a: Bridge|p1a: Eiscue\n|move|p1a: Eiscue|Ice Spinner|p2a: Bridge|[miss]\n|-miss|p1a: Eiscue|p2a: Bridge\n|\n|upkeep\n|turn|16\n|\n|t:|1701047909\n|move|p2a: Bridge|Vacuum Wave|p1a: Eiscue|[miss]\n|-miss|p2a: Bridge|p1a: Eiscue\n|move|p1a: Eiscue|Ice Spinner|p2a: Bridge\n|-supereffective|p2a: Bridge\n|-damage|p2a: Bridge|0 fnt\n|faint|p2a: Bridge\n|\n|upkeep\n|c|\u2606dlcing|WE EAT THOSE\n|\n|t:|1701047934\n|switch|p2a: Bertha|Azumarill, F|100\/100\n|-damage|p2a: Bertha|75\/100|[from] Spikes\n|-activate|p2a: Bertha|move: Sticky Web\n|-unboost|p2a: Bertha|spe|1\n|turn|17\n|\n|t:|1701047942\n|move|p1a: Eiscue|Iron Head|p2a: Bertha\n|-damage|p2a: Bertha|0 fnt\n|faint|p2a: Bertha\n|\n|upkeep\n|\n|t:|1701047947\n|switch|p2a: Dog|Ribombee, F, shiny|100\/100\n|-damage|p2a: Dog|76\/100|[from] Spikes\n|-activate|p2a: Dog|move: Sticky Web\n|-unboost|p2a: Dog|spe|1\n|turn|18\n|\n|t:|1701047953\n|move|p2a: Dog|Pollen Puff|p1a: Eiscue|[miss]\n|-miss|p2a: Dog|p1a: Eiscue\n|move|p1a: Eiscue|Ice Spinner|p2a: Dog\n|-damage|p2a: Dog|0 fnt\n|faint|p2a: Dog\n|\n|upkeep\n|\n|t:|1701047960\n|switch|p2a: Pepper|Tsareena, F, shiny|100\/100\n|-damage|p2a: Pepper|76\/100|[from] Spikes\n|-activate|p2a: Pepper|move: Sticky Web\n|-unboost|p2a: Pepper|spe|1\n|turn|19\n|\n|t:|1701047966\n|-terastallize|p1a: Eiscue|Water\n|move|p1a: Eiscue|Liquidation|p2a: Pepper\n|-resisted|p2a: Pepper\n|-damage|p2a: Pepper|0 fnt\n|faint|p2a: Pepper\n|\n|upkeep\n|\n|t:|1701047973\n|switch|p2a: Free Candy|Drifblim, M|64\/100\n|turn|20\n|\n|t:|1701047977\n|move|p2a: Free Candy|Minimize|p2a: Free Candy\n|-boost|p2a: Free Candy|evasion|2\n|move|p1a: Eiscue|Belly Drum||[still]\n|-fail|p1a: Eiscue\n|\n|upkeep\n|turn|21\n|\n|t:|1701047987\n|move|p2a: Free Candy|Minimize|p2a: Free Candy\n|-boost|p2a: Free Candy|evasion|2\n|move|p1a: Eiscue|Ice Spinner|p2a: Free Candy|[miss]\n|-miss|p1a: Eiscue|p2a: Free Candy\n|\n|upkeep\n|turn|22\n|\n|t:|1701047993\n|move|p2a: Free Candy|Minimize|p2a: Free Candy\n|-boost|p2a: Free Candy|evasion|2\n|move|p1a: Eiscue|Liquidation|p2a: Free Candy|[miss]\n|-miss|p1a: Eiscue|p2a: Free Candy\n|\n|upkeep\n|turn|23\n|\n|t:|1701047998\n|move|p2a: Free Candy|Stockpile|p2a: Free Candy\n|-start|p2a: Free Candy|stockpile1\n|-boost|p2a: Free Candy|def|1\n|-boost|p2a: Free Candy|spd|1\n|move|p1a: Eiscue|Liquidation|p2a: Free Candy|[miss]\n|-miss|p1a: Eiscue|p2a: Free Candy\n|\n|upkeep\n|turn|24\n|\n|t:|1701048005\n|move|p2a: Free Candy|Stockpile|p2a: Free Candy\n|-start|p2a: Free Candy|stockpile2\n|-boost|p2a: Free Candy|def|1\n|-boost|p2a: Free Candy|spd|1\n|move|p1a: Eiscue|Liquidation|p2a: Free Candy|[miss]\n|-miss|p1a: Eiscue|p2a: Free Candy\n|\n|upkeep\n|turn|25\n|\n|t:|1701048012\n|move|p2a: Free Candy|Baton Pass|p2a: Free Candy\n|\n|t:|1701048014\n|switch|p2a: Lasagna|Kingambit, M|100\/100|[from] Baton Pass\n|-damage|p2a: Lasagna|76\/100|[from] Spikes\n|-activate|p2a: Lasagna|move: Sticky Web\n|-unboost|p2a: Lasagna|spe|1\n|-activate|p2a: Lasagna|ability: Supreme Overlord\n|-start|p2a: Lasagna|fallen4|[silent]\n|move|p1a: Eiscue|Liquidation|p2a: Lasagna\n|-damage|p2a: Lasagna|18\/100\n|\n|upkeep\n|turn|26\n|\n|t:|1701048025\n|move|p1a: Eiscue|Liquidation|p2a: Lasagna|[miss]\n|-miss|p1a: Eiscue|p2a: Lasagna\n|move|p2a: Lasagna|Kowtow Cleave|p1a: Eiscue\n|-activate|p1a: Eiscue|ability: Ice Face\n|-damage|p1a: Eiscue|26\/100\n|detailschange|p1a: Eiscue|Eiscue-Noice, M, tera:Water\n|\n|upkeep\n|turn|27\n|\n|t:|1701048034\n|move|p1a: Eiscue|Liquidation|p2a: Lasagna|[miss]\n|-miss|p1a: Eiscue|p2a: Lasagna\n|move|p2a: Lasagna|Kowtow Cleave|p1a: Eiscue\n|-damage|p1a: Eiscue|0 fnt\n|faint|p1a: Eiscue\n|\n|upkeep\n|c|\u2606dlcing|im dumb\n|\n|t:|1701048054\n|switch|p1a: Spidops|Spidops, M|100\/100\n|turn|28\n|\n|t:|1701048065\n|move|p1a: Spidops|First Impression|p2a: Lasagna\n|-damage|p2a: Lasagna|7\/100\n|move|p2a: Lasagna|Sucker Punch||[still]\n|-fail|p2a: Lasagna\n|\n|upkeep\n|turn|29\n|\n|t:|1701048070\n|move|p2a: Lasagna|Sucker Punch|p1a: Spidops\n|-damage|p1a: Spidops|65\/100\n|move|p1a: Spidops|Knock Off|p2a: Lasagna\n|-resisted|p2a: Lasagna\n|-damage|p2a: Lasagna|3\/100\n|-enditem|p2a: Lasagna|Chople Berry|[from] move: Knock Off|[of] p1a: Spidops\n|\n|upkeep\n|turn|30\n|\n|t:|1701048078\n|move|p2a: Lasagna|Sucker Punch|p1a: Spidops\n|-damage|p1a: Spidops|29\/100\n|move|p1a: Spidops|Knock Off|p2a: Lasagna|[miss]\n|-miss|p1a: Spidops|p2a: Lasagna\n|\n|upkeep\n|turn|31\n|\n|t:|1701048086\n|switch|p1a: Ditto|Ditto|100\/100\n|-transform|p1a: Ditto|p2a: Lasagna|[from] ability: Imposter\n|-activate|p1a: Ditto|ability: Supreme Overlord\n|-start|p1a: Ditto|fallen1|[silent]\n|move|p2a: Lasagna|Sucker Punch||[still]\n|-fail|p2a: Lasagna\n|\n|upkeep\n|turn|32\n|\n|t:|1701048096\n|move|p2a: Lasagna|Sucker Punch|p1a: Ditto\n|-resisted|p1a: Ditto\n|-damage|p1a: Ditto|90\/100\n|move|p1a: Ditto|Kowtow Cleave|p2a: Lasagna\n|-resisted|p2a: Lasagna\n|-damage|p2a: Lasagna|0 fnt\n|faint|p2a: Lasagna\n|-end|p2a: Lasagna|fallen4|[silent]\n|\n|upkeep\n|\n|t:|1701048105\n|switch|p2a: Free Candy|Drifblim, M|64\/100\n|turn|33\n|\n|t:|1701048114\n|move|p2a: Free Candy|Baton Pass||[still]\n|-fail|p2a: Free Candy\n|move|p1a: Ditto|Kowtow Cleave|p2a: Free Candy\n|-supereffective|p2a: Free Candy\n|-damage|p2a: Free Candy|0 fnt\n|-damage|p1a: Ditto|65\/100|[from] ability: Aftermath|[of] p2a: Free Candy\n|faint|p2a: Free Candy\n|\n|win|dlcing\n|raw|dlcing's rating: 1000 &rarr; <strong>1052<\/strong><br \/>(+52 for winning)\n|raw|your_l0cal_dumbass's rating: 1105 &rarr; <strong>1073<\/strong><br \/>(-32 for losing)\n|c|\u2606your_l0cal_dumbass|gg\n","uploadtime":1701048121,"views":2,"p1id":"dlcing","p2id":"yourl0caldumbass","formatid":"gen9anythinggoes","rating":1052,"private":0,"password":""}