{"id":"gen9anythinggoes-1989866330","p1":"munaphar","p2":"Increasetian","format":"[Gen 9] Anything Goes","log":"|j|\u2606munaphar\n|j|\u2606Increasetian\n|t:|1699902278\n|gametype|singles\n|player|p1|munaphar|169|\n|player|p2|Increasetian|170|\n|teamsize|p1|6\n|teamsize|p2|6\n|gen|9\n|tier|[Gen 9] Anything Goes\n|rule|HP Percentage Mod: HP is shown in percentages\n|rule|Endless Battle Clause: Forcing endless battles is banned\n|clearpoke\n|poke|p1|Frosmoth, M|\n|poke|p1|Meowscarada, M|\n|poke|p1|Roaring Moon|\n|poke|p1|Palossand, M|\n|poke|p1|Talonflame, M|\n|poke|p1|Espeon, M|\n|poke|p2|Garchomp, M|\n|poke|p2|Moltres|\n|poke|p2|Ting-Lu|\n|poke|p2|Diancie|\n|poke|p2|Drednaw, F|\n|poke|p2|Bellibolt, F|\n|teampreview\n|inactive|Battle timer is ON: inactive players will automatically lose when time's up. (requested by munaphar)\n|c|\u2606munaphar|glhf\n|\n|t:|1699902296\n|start\n|switch|p1a: NotaFurry|Meowscarada, M|100\/100\n|switch|p2a: Moltres|Moltres|100\/100\n|-ability|p2a: Moltres|Pressure\n|turn|1\n|\n|t:|1699902305\n|-terastallize|p2a: Moltres|Water\n|move|p1a: NotaFurry|U-turn|p2a: Moltres\n|-start|p1a: NotaFurry|typechange|Bug|[from] ability: Protean\n|-damage|p2a: Moltres|53\/100\n|-damage|p1a: NotaFurry|91\/100|[from] item: Life Orb\n|\n|t:|1699902335\n|switch|p1a: Simahir|Espeon, M|100\/100|[from] U-turn\n|move|p2a: Moltres|Hurricane|p1a: Simahir\n|-damage|p1a: Simahir|22\/100\n|\n|upkeep\n|turn|2\n|\n|t:|1699902346\n|move|p1a: Simahir|Psychic|p2a: Moltres\n|-damage|p2a: Moltres|0 fnt\n|faint|p2a: Moltres\n|\n|upkeep\n|\n|t:|1699902354\n|switch|p2a: Ting-Lu|Ting-Lu|100\/100\n|-ability|p2a: Ting-Lu|Vessel of Ruin\n|turn|3\n|\n|t:|1699902370\n|switch|p1a: Mothfros|Frosmoth, M|100\/100\n|move|p2a: Ting-Lu|Stone Edge|p1a: Mothfros\n|-supereffective|p1a: Mothfros\n|-damage|p1a: Mothfros|0 fnt\n|faint|p1a: Mothfros\n|\n|upkeep\n|\n|t:|1699902378\n|switch|p1a: NotaFurry|Meowscarada, M|91\/100\n|turn|4\n|\n|t:|1699902383\n|move|p1a: NotaFurry|Flower Trick|p2a: Ting-Lu\n|-start|p1a: NotaFurry|typechange|Grass|[from] ability: Protean\n|-supereffective|p2a: Ting-Lu\n|-crit|p2a: Ting-Lu\n|-damage|p2a: Ting-Lu|29\/100\n|-damage|p1a: NotaFurry|81\/100|[from] item: Life Orb\n|move|p2a: Ting-Lu|Earthquake|p1a: NotaFurry\n|-resisted|p1a: NotaFurry\n|-damage|p1a: NotaFurry|42\/100\n|\n|-heal|p2a: Ting-Lu|35\/100|[from] item: Leftovers\n|upkeep\n|turn|5\n|\n|t:|1699902396\n|move|p1a: NotaFurry|Flower Trick|p2a: Ting-Lu\n|-supereffective|p2a: Ting-Lu\n|-crit|p2a: Ting-Lu\n|-damage|p2a: Ting-Lu|0 fnt\n|faint|p2a: Ting-Lu\n|-damage|p1a: NotaFurry|32\/100|[from] item: Life Orb\n|\n|upkeep\n|\n|t:|1699902412\n|switch|p2a: Garchomp|Garchomp, M|100\/100\n|turn|6\n|\n|t:|1699902417\n|move|p1a: NotaFurry|Play Rough|p2a: Garchomp\n|-supereffective|p2a: Garchomp\n|-damage|p2a: Garchomp|17\/100\n|-damage|p1a: NotaFurry|20\/100|[from] ability: Rough Skin|[of] p2a: Garchomp\n|-damage|p1a: NotaFurry|10\/100|[from] item: Life Orb\n|move|p2a: Garchomp|Fire Blast|p1a: NotaFurry|[miss]\n|-miss|p2a: Garchomp|p1a: NotaFurry\n|\n|upkeep\n|turn|7\n|\n|t:|1699902434\n|move|p1a: NotaFurry|Flower Trick|p2a: Garchomp\n|-crit|p2a: Garchomp\n|-damage|p2a: Garchomp|0 fnt\n|faint|p2a: Garchomp\n|-damage|p1a: NotaFurry|0 fnt|[from] item: Life Orb\n|faint|p1a: NotaFurry\n|\n|upkeep\n|\n|t:|1699902454\n|switch|p1a: Roar|Roaring Moon|100\/100\n|switch|p2a: Drednaw|Drednaw, F|100\/100\n|-item|p2a: Drednaw|Air Balloon\n|-enditem|p1a: Roar|Booster Energy\n|-activate|p1a: Roar|ability: Protosynthesis|[fromitem]\n|-start|p1a: Roar|protosynthesisatk\n|turn|8\n|\n|t:|1699902466\n|move|p1a: Roar|Dragon Claw|p2a: Drednaw\n|-damage|p2a: Drednaw|22\/100\n|-enditem|p2a: Drednaw|Air Balloon\n|move|p2a: Drednaw|Crunch|p1a: Roar\n|-resisted|p1a: Roar\n|-damage|p1a: Roar|76\/100\n|\n|upkeep\n|turn|9\n|\n|t:|1699902473\n|switch|p2a: Diancie|Diancie|100\/100\n|move|p1a: Roar|Dragon Claw|p2a: Diancie\n|-immune|p2a: Diancie\n|\n|upkeep\n|turn|10\n|\n|t:|1699902479\n|move|p1a: Roar|Iron Head|p2a: Diancie\n|-supereffective|p2a: Diancie\n|-damage|p2a: Diancie|0 fnt\n|faint|p2a: Diancie\n|\n|upkeep\n|\n|t:|1699902485\n|switch|p2a: Bellibolt|Bellibolt, F|100\/100\n|turn|11\n|\n|t:|1699902490\n|move|p1a: Roar|Dragon Claw|p2a: Bellibolt\n|-damage|p2a: Bellibolt|60\/100\n|-start|p2a: Bellibolt|Charge|Dragon Claw|[from] ability: Electromorphosis\n|move|p2a: Bellibolt|Acid Spray|p1a: Roar\n|-damage|p1a: Roar|66\/100\n|-unboost|p1a: Roar|spd|2\n|\n|upkeep\n|turn|12\n|\n|t:|1699902504\n|move|p1a: Roar|Dragon Claw|p2a: Bellibolt\n|-damage|p2a: Bellibolt|20\/100\n|-start|p2a: Bellibolt|Charge|Dragon Claw|[from] ability: Electromorphosis\n|move|p2a: Bellibolt|Soak|p1a: Roar\n|-start|p1a: Roar|typechange|Water\n|\n|upkeep\n|turn|13\n|\n|t:|1699902518\n|switch|p2a: Drednaw|Drednaw, F|22\/100\n|move|p1a: Roar|Dragon Claw|p2a: Drednaw\n|-damage|p2a: Drednaw|0 fnt\n|faint|p2a: Drednaw\n|\n|upkeep\n|\n|t:|1699902524\n|switch|p2a: Bellibolt|Bellibolt, F|20\/100\n|turn|14\n|\n|t:|1699902527\n|move|p1a: Roar|Dragon Claw|p2a: Bellibolt\n|-damage|p2a: Bellibolt|0 fnt\n|faint|p2a: Bellibolt\n|\n|win|munaphar\n|l|\u2606Increasetian\n|c|\u2606munaphar|gg\n","uploadtime":1699902555,"views":10,"p1id":"munaphar","p2id":"increasetian","formatid":"gen9anythinggoes","rating":0,"private":0,"password":""}