{"id":"gen9anythinggoes-1977820209","p1":"Jinkage","p2":"iamcalvi","format":"[Gen 9] Anything Goes","log":"|j|\u2606Jinkage\n|j|\u2606iamcalvi\n|t:|1698453595\n|gametype|singles\n|player|p1|Jinkage|ghetsis|1074\n|player|p2|iamcalvi|rosa|1107\n|teamsize|p1|6\n|teamsize|p2|6\n|gen|9\n|tier|[Gen 9] Anything Goes\n|rated|\n|rule|HP Percentage Mod: HP is shown in percentages\n|rule|Endless Battle Clause: Forcing endless battles is banned\n|clearpoke\n|poke|p1|Kyogre|\n|poke|p1|Mewtwo|\n|poke|p1|Palkia|\n|poke|p1|Gholdengo|\n|poke|p1|Flutter Mane|\n|poke|p1|Palossand, M|\n|poke|p2|Krookodile, F|\n|poke|p2|Ninetales-Alola, F|\n|poke|p2|Braixen, F|\n|poke|p2|Zoroark, F|\n|poke|p2|Electrode-Hisui|\n|poke|p2|Haxorus, F|\n|teampreview\n|inactive|Battle timer is ON: inactive players will automatically lose when time's up. (requested by Jinkage)\n|c|\u2606iamcalvi|ytcf u suck ass\n|\n|t:|1698453620\n|start\n|switch|p1a: Palossand|Palossand, M, shiny|100\/100\n|switch|p2a: Electrode|Electrode-Hisui, shiny|100\/100\n|turn|1\n|c|\u2606Jinkage|why so hostile?\n|c|\u2606iamcalvi|3 legends\n|c|\u2606Jinkage|anything goes lol\n|inactive|Jinkage has 120 seconds left.\n|c|\u2606iamcalvi|i dont care if this is anything gose\n|c|\u2606Jinkage|and im not using calyrex or any cheesy stuff\n|\n|t:|1698453669\n|move|p2a: Electrode|Nasty Plot|p2a: Electrode\n|-boost|p2a: Electrode|spa|2\n|move|p1a: Palossand|Iron Defense|p1a: Palossand\n|-boost|p1a: Palossand|def|2\n|\n|upkeep\n|turn|2\n|c|\u2606iamcalvi|still\n|\n|t:|1698453676\n|move|p2a: Electrode|Extrasensory|p1a: Palossand\n|-damage|p1a: Palossand|30\/100\n|move|p1a: Palossand|Hypnosis|p2a: Electrode|[miss]\n|-miss|p1a: Palossand|p2a: Electrode\n|\n|-heal|p1a: Palossand|37\/100|[from] item: Leftovers\n|upkeep\n|turn|3\n|\n|t:|1698453686\n|move|p2a: Electrode|Extrasensory|p1a: Palossand\n|-damage|p1a: Palossand|0 fnt\n|faint|p1a: Palossand\n|\n|upkeep\n|c|\u2606Jinkage|i think you might be mad lol\n|\n|t:|1698453697\n|switch|p1a: Gholdengo|Gholdengo|100\/100\n|turn|4\n|c|\u2606iamcalvi|u think\n|\n|t:|1698453709\n|move|p2a: Electrode|Flamethrower|p1a: Gholdengo\n|-supereffective|p1a: Gholdengo\n|-damage|p1a: Gholdengo|0 fnt\n|faint|p1a: Gholdengo\n|\n|upkeep\n|\n|t:|1698453717\n|switch|p1a: Kyogre|Kyogre|100\/100\n|-weather|RainDance|[from] ability: Drizzle|[of] p1a: Kyogre\n|turn|5\n|\n|t:|1698453725\n|move|p2a: Electrode|Extrasensory|p1a: Kyogre\n|-damage|p1a: Kyogre|58\/100\n|move|p1a: Kyogre|Thunder|p2a: Electrode\n|-damage|p2a: Electrode|15\/100\n|replace|p2a: Zoroark|Zoroark, F, shiny\n|-end|p2a: Zoroark|Illusion\n|\n|-weather|RainDance|[upkeep]\n|upkeep\n|turn|6\n|inactive|Jinkage has 120 seconds left.\n|\n|t:|1698453738\n|move|p2a: Zoroark|Extrasensory|p1a: Kyogre\n|-damage|p1a: Kyogre|18\/100\n|move|p1a: Kyogre|Hydro Pump|p2a: Zoroark\n|-damage|p2a: Zoroark|0 fnt\n|faint|p2a: Zoroark\n|\n|-weather|RainDance|[upkeep]\n|upkeep\n|\n|t:|1698453746\n|switch|p2a: Electrode|Electrode-Hisui, shiny|100\/100\n|turn|7\n|inactive|Jinkage has 120 seconds left.\n|\n|t:|1698453759\n|-terastallize|p1a: Kyogre|Electric\n|move|p2a: Electrode|Seed Bomb|p1a: Kyogre\n|-damage|p1a: Kyogre|0 fnt\n|faint|p1a: Kyogre\n|\n|-weather|RainDance|[upkeep]\n|upkeep\n|inactive|Jinkage has 120 seconds left.\n|\n|t:|1698453764\n|switch|p1a: Palkia|Palkia|100\/100\n|-ability|p1a: Palkia|Pressure\n|turn|8\n|\n|t:|1698453771\n|move|p2a: Electrode|Explosion|p1a: Palkia\n|-damage|p1a: Palkia|52\/100\n|faint|p2a: Electrode\n|move|p1a: Palkia|Dragon Pulse|p2: Electrode|[notarget]\n|-fail|p1a: Palkia\n|\n|-weather|RainDance|[upkeep]\n|upkeep\n|\n|t:|1698453783\n|switch|p2a: Haxorus|Haxorus, F, shiny|100\/100\n|-ability|p2a: Haxorus|Mold Breaker\n|turn|9\n|\n|t:|1698453791\n|move|p1a: Palkia|Ice Beam|p2a: Haxorus\n|-supereffective|p2a: Haxorus\n|-damage|p2a: Haxorus|0 fnt\n|faint|p2a: Haxorus\n|\n|-weather|none\n|upkeep\n|\n|t:|1698453803\n|switch|p2a: Ninetales|Ninetales-Alola, F, shiny|100\/100\n|-weather|Snow|[from] ability: Snow Warning|[of] p2a: Ninetales\n|turn|10\n|\n|t:|1698453813\n|move|p2a: Ninetales|Freeze-Dry|p1a: Palkia\n|-supereffective|p1a: Palkia\n|-damage|p1a: Palkia|0 fnt\n|faint|p1a: Palkia\n|\n|-weather|Snow|[upkeep]\n|upkeep\n|\n|t:|1698453818\n|switch|p1a: Mewtwo|Mewtwo|100\/100\n|-ability|p1a: Mewtwo|Unnerve\n|turn|11\n|\n|t:|1698453827\n|move|p2a: Ninetales|Freeze-Dry|p1a: Mewtwo\n|-damage|p1a: Mewtwo|72\/100\n|move|p1a: Mewtwo|Fire Blast|p2a: Ninetales\n|-supereffective|p2a: Ninetales\n|-damage|p2a: Ninetales|0 fnt\n|faint|p2a: Ninetales\n|\n|-weather|Snow|[upkeep]\n|upkeep\n|\n|t:|1698453836\n|switch|p2a: Krookodile|Krookodile, F|100\/100\n|turn|12\n|\n|t:|1698453843\n|switch|p1a: Flutter Mane|Flutter Mane|100\/100\n|move|p2a: Krookodile|Knock Off|p1a: Flutter Mane\n|-damage|p1a: Flutter Mane|0 fnt\n|-enditem|p1a: Flutter Mane|Choice Scarf|[from] move: Knock Off|[of] p2a: Krookodile\n|faint|p1a: Flutter Mane\n|-end|p1a: Flutter Mane|Protosynthesis|[silent]\n|-ability|p2a: Krookodile|Moxie|boost\n|-boost|p2a: Krookodile|atk|1\n|\n|-weather|Snow|[upkeep]\n|upkeep\n|\n|t:|1698453851\n|switch|p1a: Mewtwo|Mewtwo|72\/100\n|-ability|p1a: Mewtwo|Unnerve\n|turn|13\n|\n|t:|1698453858\n|move|p1a: Mewtwo|Psychic|p2a: Krookodile\n|-immune|p2a: Krookodile\n|move|p2a: Krookodile|Knock Off|p1a: Mewtwo\n|-supereffective|p1a: Mewtwo\n|-damage|p1a: Mewtwo|0 fnt\n|-enditem|p1a: Mewtwo|Choice Specs|[from] move: Knock Off|[of] p2a: Krookodile\n|faint|p1a: Mewtwo\n|\n|win|iamcalvi\n|raw|Jinkage's rating: 1074 &rarr; <strong>1055<\/strong><br \/>(-19 for losing)\n|raw|iamcalvi's rating: 1107 &rarr; <strong>1130<\/strong><br \/>(+23 for winning)\n","uploadtime":1698453615,"views":4,"p1id":"jinkage","p2id":"iamcalvi","formatid":"gen9anythinggoes","rating":1055,"private":0,"password":""}