{"id":"gen9anythinggoes-1980377543","p1":"PuckDropped","p2":"iusepokehome","format":"[Gen 9] Anything Goes","log":"|j|\u2606PuckDropped\n|j|\u2606iusepokehome\n|t:|1698779668\n|gametype|singles\n|player|p1|PuckDropped|bruno|1045\n|player|p2|iusepokehome|cynthia|1098\n|teamsize|p1|6\n|teamsize|p2|6\n|gen|9\n|tier|[Gen 9] Anything Goes\n|rated|\n|rule|HP Percentage Mod: HP is shown in percentages\n|rule|Endless Battle Clause: Forcing endless battles is banned\n|clearpoke\n|poke|p1|Krookodile, M|\n|poke|p1|Basculegion, M|\n|poke|p1|Empoleon, M|\n|poke|p1|Calyrex-Shadow|\n|poke|p1|Drifblim, M|\n|poke|p1|Palafin, M|\n|poke|p2|Cinderace, F|\n|poke|p2|Garchomp, F|\n|poke|p2|Dragapult, F|\n|poke|p2|Landorus-Therian, M|\n|poke|p2|Rayquaza|\n|poke|p2|Hoopa-Unbound|\n|teampreview\n|\n|t:|1698779673\n|start\n|switch|p1a: Drifblim|Drifblim, M, shiny|100\/100\n|switch|p2a: strikerbazger|Cinderace, F|100\/100\n|turn|1\n|\n|t:|1698779680\n|move|p2a: strikerbazger|Bulk Up|p2a: strikerbazger\n|-start|p2a: strikerbazger|typechange|Fighting|[from] ability: Libero\n|-boost|p2a: strikerbazger|atk|1\n|-boost|p2a: strikerbazger|def|1\n|move|p1a: Drifblim|Minimize|p1a: Drifblim\n|-boost|p1a: Drifblim|evasion|2\n|\n|upkeep\n|turn|2\n|\n|t:|1698779689\n|move|p2a: strikerbazger|Bulk Up|p2a: strikerbazger\n|-boost|p2a: strikerbazger|atk|1\n|-boost|p2a: strikerbazger|def|1\n|move|p1a: Drifblim|Minimize|p1a: Drifblim\n|-boost|p1a: Drifblim|evasion|2\n|\n|upkeep\n|turn|3\n|\n|t:|1698779698\n|move|p2a: strikerbazger|Pyro Ball|p1a: Drifblim|[miss]\n|-miss|p2a: strikerbazger|p1a: Drifblim\n|move|p1a: Drifblim|Minimize|p1a: Drifblim\n|-boost|p1a: Drifblim|evasion|2\n|\n|upkeep\n|turn|4\n|\n|t:|1698779704\n|move|p2a: strikerbazger|Pyro Ball|p1a: Drifblim|[miss]\n|-miss|p2a: strikerbazger|p1a: Drifblim\n|move|p1a: Drifblim|Calm Mind|p1a: Drifblim\n|-boost|p1a: Drifblim|spa|1\n|-boost|p1a: Drifblim|spd|1\n|\n|upkeep\n|turn|5\n|\n|t:|1698779712\n|move|p2a: strikerbazger|Sucker Punch||[still]\n|-fail|p2a: strikerbazger\n|move|p1a: Drifblim|Calm Mind|p1a: Drifblim\n|-boost|p1a: Drifblim|spa|1\n|-boost|p1a: Drifblim|spd|1\n|\n|upkeep\n|turn|6\n|\n|t:|1698779718\n|move|p2a: strikerbazger|Sucker Punch||[still]\n|-fail|p2a: strikerbazger\n|move|p1a: Drifblim|Calm Mind|p1a: Drifblim\n|-boost|p1a: Drifblim|spa|1\n|-boost|p1a: Drifblim|spd|1\n|\n|upkeep\n|turn|7\n|\n|t:|1698779724\n|move|p2a: strikerbazger|Bulk Up|p2a: strikerbazger\n|-boost|p2a: strikerbazger|atk|1\n|-boost|p2a: strikerbazger|def|1\n|move|p1a: Drifblim|Calm Mind|p1a: Drifblim\n|-boost|p1a: Drifblim|spa|1\n|-boost|p1a: Drifblim|spd|1\n|\n|upkeep\n|turn|8\n|\n|t:|1698779732\n|move|p2a: strikerbazger|Bulk Up|p2a: strikerbazger\n|-boost|p2a: strikerbazger|atk|1\n|-boost|p2a: strikerbazger|def|1\n|move|p1a: Drifblim|Calm Mind|p1a: Drifblim\n|-boost|p1a: Drifblim|spa|1\n|-boost|p1a: Drifblim|spd|1\n|\n|upkeep\n|turn|9\n|inactive|Battle timer is ON: inactive players will automatically lose when time's up. (requested by PuckDropped)\n|\n|t:|1698779740\n|move|p2a: strikerbazger|Bulk Up|p2a: strikerbazger\n|-boost|p2a: strikerbazger|atk|1\n|-boost|p2a: strikerbazger|def|1\n|move|p1a: Drifblim|Calm Mind|p1a: Drifblim\n|-boost|p1a: Drifblim|spa|1\n|-boost|p1a: Drifblim|spd|1\n|\n|upkeep\n|turn|10\n|\n|t:|1698779750\n|move|p2a: strikerbazger|Bulk Up|p2a: strikerbazger\n|-boost|p2a: strikerbazger|atk|1\n|-boost|p2a: strikerbazger|def|1\n|move|p1a: Drifblim|Baton Pass|p1a: Drifblim\n|\n|t:|1698779753\n|switch|p1a: Calyrex|Calyrex-Shadow|100\/100|[from] Baton Pass\n|-ability|p1a: Calyrex|As One\n|-ability|p1a: Calyrex|Unnerve\n|\n|upkeep\n|turn|11\n|\n|t:|1698779760\n|move|p2a: strikerbazger|Sucker Punch|p1a: Calyrex|[miss]\n|-miss|p2a: strikerbazger|p1a: Calyrex\n|move|p1a: Calyrex|Astral Barrage|p2a: strikerbazger\n|-crit|p2a: strikerbazger\n|-enditem|p2a: strikerbazger|Focus Sash\n|-damage|p2a: strikerbazger|1\/100\n|\n|upkeep\n|turn|12\n|\n|t:|1698779769\n|move|p2a: strikerbazger|Sucker Punch||[still]\n|-fail|p2a: strikerbazger\n|move|p1a: Calyrex|Substitute|p1a: Calyrex\n|-start|p1a: Calyrex|Substitute\n|-damage|p1a: Calyrex|75\/100\n|\n|-heal|p1a: Calyrex|82\/100|[from] item: Leftovers\n|upkeep\n|turn|13\n|\n|t:|1698779780\n|move|p2a: strikerbazger|Sucker Punch||[still]\n|-fail|p2a: strikerbazger\n|move|p1a: Calyrex|Leech Seed|p2a: strikerbazger\n|-start|p2a: strikerbazger|move: Leech Seed\n|\n|-heal|p1a: Calyrex|88\/100|[from] item: Leftovers\n|-damage|p2a: strikerbazger|0 fnt|[from] Leech Seed|[of] p1a: Calyrex\n|-heal|p1a: Calyrex|88\/100|[silent]\n|faint|p2a: strikerbazger\n|upkeep\n|\n|t:|1698779793\n|switch|p2a: im_in_danger|Landorus-Therian, M|100\/100\n|-ability|p2a: im_in_danger|Intimidate|boost\n|-immune|p1a: Calyrex\n|turn|14\n|\n|t:|1698779812\n|move|p1a: Calyrex|Leech Seed|p2a: im_in_danger\n|-start|p2a: im_in_danger|move: Leech Seed\n|move|p2a: im_in_danger|Sandsear Storm|p1a: Calyrex\n|-activate|p1a: Calyrex|move: Substitute|[damage]\n|\n|-heal|p1a: Calyrex|94\/100|[from] item: Leftovers\n|-damage|p2a: im_in_danger|88\/100|[from] Leech Seed|[of] p1a: Calyrex\n|-heal|p1a: Calyrex|100\/100|[silent]\n|upkeep\n|turn|15\n|\n|t:|1698779821\n|move|p1a: Calyrex|Astral Barrage|p2a: im_in_danger\n|-damage|p2a: im_in_danger|0 fnt\n|faint|p2a: im_in_danger\n|\n|upkeep\n|\n|t:|1698779830\n|switch|p2a: subscribe_to_me|Hoopa-Unbound|100\/100\n|turn|16\n|\n|t:|1698779833\n|move|p1a: Calyrex|Leech Seed|p2a: subscribe_to_me\n|-start|p2a: subscribe_to_me|move: Leech Seed\n|move|p2a: subscribe_to_me|Substitute|p2a: subscribe_to_me\n|-start|p2a: subscribe_to_me|Substitute\n|-damage|p2a: subscribe_to_me|76\/100\n|\n|-damage|p2a: subscribe_to_me|63\/100|[from] Leech Seed|[of] p1a: Calyrex\n|upkeep\n|turn|17\n|\n|t:|1698779843\n|move|p1a: Calyrex|Astral Barrage|p2a: subscribe_to_me\n|-end|p2a: subscribe_to_me|Substitute\n|move|p2a: subscribe_to_me|Hyperspace Fury|p1a: Calyrex\n|-supereffective|p1a: Calyrex\n|-damage|p1a: Calyrex|0 fnt\n|-unboost|p2a: subscribe_to_me|def|1\n|faint|p1a: Calyrex\n|-damage|p2a: subscribe_to_me|53\/100|[from] item: Life Orb\n|\n|upkeep\n|inactive|PuckDropped has 120 seconds left.\n|\n|t:|1698779882\n|switch|p1a: Krookodile|Krookodile, M|100\/100\n|turn|18\n|\n|t:|1698779893\n|-terastallize|p1a: Krookodile|Dragon\n|move|p1a: Krookodile|Scale Shot|p2a: subscribe_to_me\n|-damage|p2a: subscribe_to_me|15\/100\n|-damage|p2a: subscribe_to_me|0 fnt\n|faint|p2a: subscribe_to_me\n|-ability|p1a: Krookodile|Moxie|boost\n|-boost|p1a: Krookodile|atk|1\n|-hitcount|p2: subscribe_to_me|2\n|-unboost|p1a: Krookodile|def|1\n|-boost|p1a: Krookodile|spe|1\n|\n|upkeep\n|\n|t:|1698779912\n|switch|p2a: i_got_drip|Dragapult, F|100\/100\n|turn|19\n|\n|t:|1698779927\n|move|p1a: Krookodile|Scale Shot|p2a: i_got_drip\n|-supereffective|p2a: i_got_drip\n|-damage|p2a: i_got_drip|54\/100\n|-supereffective|p2a: i_got_drip\n|-damage|p2a: i_got_drip|8\/100\n|-supereffective|p2a: i_got_drip\n|-damage|p2a: i_got_drip|0 fnt\n|faint|p2a: i_got_drip\n|-ability|p1a: Krookodile|Moxie|boost\n|-boost|p1a: Krookodile|atk|1\n|-hitcount|p2: i_got_drip|3\n|-unboost|p1a: Krookodile|def|1\n|-boost|p1a: Krookodile|spe|1\n|\n|upkeep\n|\n|t:|1698779939\n|switch|p2a: any_last_words|Rayquaza|100\/100\n|-ability|p2a: any_last_words|Air Lock\n|turn|20\n|\n|t:|1698779946\n|move|p2a: any_last_words|Extreme Speed|p1a: Krookodile\n|-damage|p1a: Krookodile|29\/100\n|move|p1a: Krookodile|Scale Shot|p2a: any_last_words\n|-supereffective|p2a: any_last_words\n|-damage|p2a: any_last_words|47\/100\n|-supereffective|p2a: any_last_words\n|-damage|p2a: any_last_words|0 fnt\n|faint|p2a: any_last_words\n|-ability|p1a: Krookodile|Moxie|boost\n|-boost|p1a: Krookodile|atk|1\n|-hitcount|p2: any_last_words|2\n|-unboost|p1a: Krookodile|def|1\n|-boost|p1a: Krookodile|spe|1\n|\n|upkeep\n|\n|t:|1698779958\n|switch|p2a: aztechshinma|Garchomp, F|100\/100\n|turn|21\n|\n|t:|1698779965\n|move|p1a: Krookodile|Scale Shot|p2a: aztechshinma\n|-supereffective|p2a: aztechshinma\n|-damage|p2a: aztechshinma|35\/100\n|-supereffective|p2a: aztechshinma\n|-damage|p2a: aztechshinma|0 fnt\n|faint|p2a: aztechshinma\n|-hitcount|p2: aztechshinma|2\n|\n|win|PuckDropped\n|raw|PuckDropped's rating: 1045 &rarr; <strong>1083<\/strong><br \/>(+38 for winning)\n|raw|iusepokehome's rating: 1098 &rarr; <strong>1070<\/strong><br \/>(-28 for losing)\n|c|\u2606PuckDropped|I think your weak to me idk :)\n|l|\u2606iusepokehome\n","uploadtime":1698779978,"views":4,"p1id":"puckdropped","p2id":"iusepokehome","formatid":"gen9anythinggoes","rating":1070,"private":0,"password":""}