{"id":"gen9anythinggoes-1983370193","p1":"Clinicbot2345","p2":"Iusjs","format":"[Gen 9] Anything Goes","log":"|j|\u2606Clinicbot2345\n|j|\u2606Iusjs\n|t:|1699122975\n|gametype|singles\n|player|p1|Clinicbot2345|ethan|1175\n|player|p2|Iusjs|102|1185\n|teamsize|p1|6\n|teamsize|p2|4\n|gen|9\n|tier|[Gen 9] Anything Goes\n|rated|\n|rule|HP Percentage Mod: HP is shown in percentages\n|rule|Endless Battle Clause: Forcing endless battles is banned\n|clearpoke\n|poke|p1|Ursaluna, M|\n|poke|p1|Breloom, M|\n|poke|p1|Torkoal, F|\n|poke|p1|Umbreon, M|\n|poke|p1|Kilowattrel, M|\n|poke|p1|Haxorus, F|\n|poke|p2|Pincurchin, F|\n|poke|p2|Regieleki|\n|poke|p2|Sinistcha|\n|poke|p2|Raichu-Alola, M|\n|teampreview\n|\n|t:|1699122982\n|start\n|switch|p1a: Torkoal|Torkoal, F|100\/100\n|switch|p2a: Pincurchin|Pincurchin, F|100\/100\n|-weather|SunnyDay|[from] ability: Drought|[of] p1a: Torkoal\n|-fieldstart|move: Electric Terrain|[from] ability: Electric Surge|[of] p2a: Pincurchin\n|turn|1\n|inactive|Battle timer is ON: inactive players will automatically lose when time's up. (requested by Iusjs)\n|\n|t:|1699122989\n|move|p1a: Torkoal|Stealth Rock|p2a: Pincurchin\n|-sidestart|p2: Iusjs|move: Stealth Rock\n|move|p2a: Pincurchin|Spikes|p1a: Torkoal\n|-sidestart|p1: Clinicbot2345|Spikes\n|\n|-weather|SunnyDay|[upkeep]\n|upkeep\n|turn|2\n|\n|t:|1699122997\n|move|p1a: Torkoal|Earth Power|p2a: Pincurchin\n|-supereffective|p2a: Pincurchin\n|-enditem|p2a: Pincurchin|Focus Sash\n|-damage|p2a: Pincurchin|1\/100\n|move|p2a: Pincurchin|Memento|p1a: Torkoal\n|-unboost|p1a: Torkoal|atk|2\n|-unboost|p1a: Torkoal|spa|2\n|faint|p2a: Pincurchin\n|\n|-weather|SunnyDay|[upkeep]\n|upkeep\n|\n|t:|1699123009\n|switch|p2a: Sinistcha|Sinistcha|100\/100\n|-damage|p2a: Sinistcha|88\/100|[from] Stealth Rock\n|-enditem|p2a: Sinistcha|Electric Seed\n|-boost|p2a: Sinistcha|def|1|[from] item: Electric Seed\n|turn|3\n|\n|t:|1699123022\n|switch|p1a: Kilowattrel|Kilowattrel, M|100\/100\n|-terastallize|p2a: Sinistcha|Ghost\n|move|p2a: Sinistcha|Calm Mind|p2a: Sinistcha\n|-boost|p2a: Sinistcha|spa|1\n|-boost|p2a: Sinistcha|spd|1\n|\n|-weather|SunnyDay|[upkeep]\n|upkeep\n|turn|4\n|\n|t:|1699123042\n|move|p1a: Kilowattrel|Volt Switch|p2a: Sinistcha\n|-damage|p2a: Sinistcha|70\/100\n|\n|t:|1699123046\n|switch|p1a: Umbreon|Umbreon, M|100\/100|[from] Volt Switch\n|-damage|p1a: Umbreon|88\/100|[from] Spikes\n|move|p2a: Sinistcha|Calm Mind|p2a: Sinistcha\n|-boost|p2a: Sinistcha|spa|1\n|-boost|p2a: Sinistcha|spd|1\n|\n|-weather|SunnyDay|[upkeep]\n|-heal|p1a: Umbreon|94\/100|[from] item: Leftovers\n|upkeep\n|turn|5\n|\n|t:|1699123058\n|move|p2a: Sinistcha|Matcha Gotcha|p1a: Umbreon\n|-damage|p1a: Umbreon|55\/100\n|-heal|p2a: Sinistcha|93\/100|[from] drain|[of] p1a: Umbreon\n|-status|p1a: Umbreon|brn\n|-activate|p1a: Umbreon|ability: Synchronize\n|-status|p2a: Sinistcha|brn\n|move|p1a: Umbreon|Toxic||[still]\n|-fail|p1a: Umbreon\n|\n|-weather|none\n|-heal|p1a: Umbreon|61\/100 brn|[from] item: Leftovers\n|-damage|p2a: Sinistcha|90\/100 brn|[from] brn\n|-damage|p1a: Umbreon|55\/100 brn|[from] brn\n|-fieldend|move: Electric Terrain\n|upkeep\n|turn|6\n|\n|t:|1699123071\n|move|p2a: Sinistcha|Calm Mind|p2a: Sinistcha\n|-boost|p2a: Sinistcha|spa|1\n|-boost|p2a: Sinistcha|spd|1\n|move|p1a: Umbreon|Dark Pulse|p2a: Sinistcha\n|-supereffective|p2a: Sinistcha\n|-damage|p2a: Sinistcha|77\/100 brn\n|\n|-heal|p1a: Umbreon|61\/100 brn|[from] item: Leftovers\n|-damage|p2a: Sinistcha|74\/100 brn|[from] brn\n|-damage|p1a: Umbreon|55\/100 brn|[from] brn\n|upkeep\n|turn|7\n|c|\u2606Iusjs|Optimal\n|\n|t:|1699123081\n|move|p2a: Sinistcha|Calm Mind|p2a: Sinistcha\n|-boost|p2a: Sinistcha|spa|1\n|-boost|p2a: Sinistcha|spd|1\n|move|p1a: Umbreon|Moonlight|p1a: Umbreon\n|-heal|p1a: Umbreon|100\/100 brn\n|\n|-damage|p2a: Sinistcha|71\/100 brn|[from] brn\n|-damage|p1a: Umbreon|94\/100 brn|[from] brn\n|upkeep\n|turn|8\n|\n|t:|1699123093\n|switch|p1a: Kilowattrel|Kilowattrel, M|100\/100\n|move|p2a: Sinistcha|Calm Mind|p2a: Sinistcha\n|-boost|p2a: Sinistcha|spa|1\n|-boost|p2a: Sinistcha|spd|1\n|\n|-damage|p2a: Sinistcha|68\/100 brn|[from] brn\n|upkeep\n|turn|9\n|\n|t:|1699123107\n|move|p1a: Kilowattrel|Thunderbolt|p2a: Sinistcha\n|-damage|p2a: Sinistcha|57\/100 brn\n|move|p2a: Sinistcha|Strength Sap|p1a: Kilowattrel\n|-unboost|p1a: Kilowattrel|atk|1\n|-heal|p2a: Sinistcha|95\/100 brn\n|\n|-damage|p2a: Sinistcha|92\/100 brn|[from] brn\n|upkeep\n|turn|10\n|\n|t:|1699123115\n|move|p1a: Kilowattrel|Tailwind|p1a: Kilowattrel\n|-sidestart|p1: Clinicbot2345|move: Tailwind\n|-start|p1a: Kilowattrel|Charge|Tailwind|[from] ability: Wind Power\n|move|p2a: Sinistcha|Shadow Ball|p1a: Kilowattrel\n|-damage|p1a: Kilowattrel|0 fnt\n|faint|p1a: Kilowattrel\n|\n|-damage|p2a: Sinistcha|89\/100 brn|[from] brn\n|upkeep\n|\n|t:|1699123123\n|switch|p1a: Haxorus|Haxorus, F|100\/100\n|-damage|p1a: Haxorus|88\/100|[from] Spikes\n|-ability|p1a: Haxorus|Mold Breaker\n|turn|11\n|\n|t:|1699123128\n|move|p2a: Sinistcha|Shadow Ball|p1a: Haxorus\n|-damage|p1a: Haxorus|0 fnt\n|faint|p1a: Haxorus\n|\n|-damage|p2a: Sinistcha|86\/100 brn|[from] brn\n|upkeep\n|inactive|Clinicbot2345 has 120 seconds left.\n|\n|t:|1699123162\n|switch|p1a: Torkoal|Torkoal, F|100\/100\n|-damage|p1a: Torkoal|88\/100|[from] Spikes\n|-weather|SunnyDay|[from] ability: Drought|[of] p1a: Torkoal\n|turn|12\n|inactive|Clinicbot2345 has 120 seconds left.\n|\n|t:|1699123179\n|move|p2a: Sinistcha|Shadow Ball|p1a: Torkoal\n|-damage|p1a: Torkoal|0 fnt\n|faint|p1a: Torkoal\n|\n|-weather|SunnyDay|[upkeep]\n|-damage|p2a: Sinistcha|83\/100 brn|[from] brn\n|upkeep\n|inactive|Clinicbot2345 has 120 seconds left.\n|\n|t:|1699123186\n|switch|p1a: Ursaluna|Ursaluna, M|100\/100\n|-damage|p1a: Ursaluna|88\/100|[from] Spikes\n|turn|13\n|\n|t:|1699123197\n|move|p1a: Ursaluna|Protect|p1a: Ursaluna\n|-singleturn|p1a: Ursaluna|Protect\n|move|p2a: Sinistcha|Matcha Gotcha|p1a: Ursaluna\n|-activate|p1a: Ursaluna|move: Protect\n|\n|-weather|SunnyDay|[upkeep]\n|-damage|p2a: Sinistcha|80\/100 brn|[from] brn\n|-sideend|p1: Clinicbot2345|move: Tailwind\n|-status|p1a: Ursaluna|brn|[from] item: Flame Orb\n|upkeep\n|turn|14\n|\n|t:|1699123209\n|move|p2a: Sinistcha|Matcha Gotcha|p1a: Ursaluna\n|-supereffective|p1a: Ursaluna\n|-damage|p1a: Ursaluna|0 fnt\n|-heal|p2a: Sinistcha|100\/100 brn|[from] drain|[of] p1a: Ursaluna\n|faint|p1a: Ursaluna\n|\n|-weather|SunnyDay|[upkeep]\n|-damage|p2a: Sinistcha|98\/100 brn|[from] brn\n|upkeep\n|-message|Clinicbot2345 forfeited.\n|\n|win|Iusjs\n|raw|Clinicbot2345's rating: 1175 &rarr; <strong>1151<\/strong><br \/>(-24 for losing)\n|raw|Iusjs's rating: 1185 &rarr; <strong>1209<\/strong><br \/>(+24 for winning)\n|l|\u2606Clinicbot2345\n","uploadtime":1699123220,"views":12,"p1id":"clinicbot2345","p2id":"iusjs","formatid":"gen9anythinggoes","rating":1151,"private":0,"password":""}