{"id":"gen9anythinggoes-1971388702","p1":"Llimac32","p2":"Jeremy647","format":"[Gen 9] Anything Goes","log":"|j|\u2606Llimac32\n|j|\u2606Jeremy647\n|t:|1697734617\n|gametype|singles\n|player|p1|Llimac32|1|1123\n|player|p2|Jeremy647|ruinmaniac|1219\n|teamsize|p1|6\n|teamsize|p2|6\n|gen|9\n|tier|[Gen 9] Anything Goes\n|rated|\n|rule|HP Percentage Mod: HP is shown in percentages\n|rule|Endless Battle Clause: Forcing endless battles is banned\n|clearpoke\n|poke|p1|Mimikyu, M|\n|poke|p1|Orthworm, F|\n|poke|p1|Torkoal, M|\n|poke|p1|Typhlosion, M|\n|poke|p1|Leavanny, M|\n|poke|p1|Walking Wake|\n|poke|p2|Roaring Moon|\n|poke|p2|Meowscarada, M|\n|poke|p2|Baxcalibur, M|\n|poke|p2|Miraidon|\n|poke|p2|Iron Bundle|\n|poke|p2|Annihilape, M|\n|teampreview\n|inactive|Battle timer is ON: inactive players will automatically lose when time's up. (requested by Jeremy647)\n|\n|t:|1697734621\n|start\n|switch|p1a: Orthworm|Orthworm, F|100\/100\n|switch|p2a: Roaring Moon|Roaring Moon|100\/100\n|-enditem|p2a: Roaring Moon|Booster Energy\n|-activate|p2a: Roaring Moon|ability: Protosynthesis|[fromitem]\n|-start|p2a: Roaring Moon|protosynthesisatk\n|turn|1\n|\n|t:|1697734628\n|move|p2a: Roaring Moon|Dragon Dance|p2a: Roaring Moon\n|-boost|p2a: Roaring Moon|atk|1\n|-boost|p2a: Roaring Moon|spe|1\n|move|p1a: Orthworm|Shed Tail|p1a: Orthworm\n|-start|p1a: Orthworm|Substitute|[from] move: Shed Tail\n|-damage|p1a: Orthworm|50\/100\n|-enditem|p1a: Orthworm|Sitrus Berry|[eat]\n|-heal|p1a: Orthworm|75\/100|[from] item: Sitrus Berry\n|\n|t:|1697734633\n|switch|p1a: Mimikyu|Mimikyu, M|100\/100|[from] Shed Tail\n|\n|upkeep\n|turn|2\n|\n|t:|1697734640\n|-terastallize|p2a: Roaring Moon|Flying\n|move|p2a: Roaring Moon|Acrobatics|p1a: Mimikyu\n|-crit|p1a: Mimikyu\n|-end|p1a: Mimikyu|Substitute\n|move|p1a: Mimikyu|Swords Dance|p1a: Mimikyu\n|-boost|p1a: Mimikyu|atk|2\n|\n|upkeep\n|turn|3\n|\n|t:|1697734654\n|move|p2a: Roaring Moon|Acrobatics|p1a: Mimikyu\n|-activate|p1a: Mimikyu|ability: Disguise\n|-damage|p1a: Mimikyu|100\/100\n|detailschange|p1a: Mimikyu|Mimikyu-Busted, M\n|-damage|p1a: Mimikyu|88\/100|[from] pokemon: Mimikyu-Busted\n|move|p1a: Mimikyu|Play Rough|p2a: Roaring Moon\n|-damage|p2a: Roaring Moon|0 fnt\n|faint|p2a: Roaring Moon\n|-end|p2a: Roaring Moon|Protosynthesis|[silent]\n|-damage|p1a: Mimikyu|78\/100|[from] item: Life Orb\n|\n|upkeep\n|\n|t:|1697734668\n|switch|p2a: Miraidon|Miraidon|100\/100\n|-fieldstart|move: Electric Terrain|[from] ability: Hadron Engine|[of] p2a: Miraidon\n|turn|4\n|\n|t:|1697734679\n|-terastallize|p1a: Mimikyu|Ghost\n|move|p1a: Mimikyu|Shadow Sneak|p2a: Miraidon\n|-damage|p2a: Miraidon|41\/100\n|-damage|p1a: Mimikyu|68\/100|[from] item: Life Orb\n|move|p2a: Miraidon|Volt Switch|p1a: Mimikyu\n|-damage|p1a: Mimikyu|0 fnt\n|faint|p1a: Mimikyu\n|l|\u2606Llimac32\n|inactive|Llimac32 disconnected and has a minute to reconnect!\n|player|p1|\n|\n|t:|1697734694\n|switch|p2a: Iron Bundle|Iron Bundle, shiny|100\/100|[from] Volt Switch\n|-activate|p2a: Iron Bundle|ability: Quark Drive\n|-start|p2a: Iron Bundle|quarkdrivespe\n|\n|upkeep\n|j|\u2606Llimac32\n|inactive|Llimac32 reconnected and has 135 seconds left.\n|player|p1|Llimac32|1\n|\n|t:|1697734720\n|switch|p1a: Orthworm|Orthworm, F|75\/100\n|turn|5\n|\n|t:|1697734750\n|move|p2a: Iron Bundle|Hydro Pump|p1a: Orthworm\n|-damage|p1a: Orthworm|0 fnt\n|faint|p1a: Orthworm\n|\n|upkeep\n|\n|t:|1697734755\n|switch|p1a: Leavanny|Leavanny, M|100\/100\n|turn|6\n|\n|t:|1697734768\n|-end|p2a: Iron Bundle|Quark Drive|[silent]\n|switch|p2a: Annihilape|Annihilape, M|100\/100\n|move|p1a: Leavanny|Sticky Web|p2a: Annihilape\n|-sidestart|p2: Jeremy647|move: Sticky Web\n|\n|upkeep\n|turn|7\n|\n|t:|1697734779\n|move|p1a: Leavanny|Knock Off|p2a: Annihilape\n|-damage|p2a: Annihilape|71\/100\n|-enditem|p2a: Annihilape|Focus Sash|[from] move: Knock Off|[of] p1a: Leavanny\n|move|p2a: Annihilape|Poison Jab|p1a: Leavanny\n|-supereffective|p1a: Leavanny\n|-damage|p1a: Leavanny|25\/100\n|\n|upkeep\n|turn|8\n|\n|t:|1697734799\n|move|p1a: Leavanny|Leaf Blade|p2a: Annihilape\n|-crit|p2a: Annihilape\n|-damage|p2a: Annihilape|8\/100\n|move|p2a: Annihilape|Poison Jab|p1a: Leavanny\n|-supereffective|p1a: Leavanny\n|-damage|p1a: Leavanny|0 fnt\n|faint|p1a: Leavanny\n|\n|-fieldend|move: Electric Terrain\n|upkeep\n|\n|t:|1697734804\n|switch|p1a: Torkoal|Torkoal, M|100\/100\n|-weather|SunnyDay|[from] ability: Drought|[of] p1a: Torkoal\n|turn|9\n|\n|t:|1697734810\n|move|p2a: Annihilape|Rage Fist|p1a: Torkoal\n|-damage|p1a: Torkoal|51\/100\n|move|p1a: Torkoal|Yawn|p2a: Annihilape\n|-immune|p2a: Annihilape|[from] ability: Vital Spirit\n|\n|-weather|SunnyDay|[upkeep]\n|-heal|p1a: Torkoal|57\/100|[from] item: Leftovers\n|upkeep\n|turn|10\n|\n|t:|1697734824\n|move|p2a: Annihilape|Rage Fist|p1a: Torkoal\n|-damage|p1a: Torkoal|8\/100\n|move|p1a: Torkoal|Flamethrower|p2a: Annihilape\n|-damage|p2a: Annihilape|0 fnt\n|faint|p2a: Annihilape\n|\n|-weather|SunnyDay|[upkeep]\n|-heal|p1a: Torkoal|14\/100|[from] item: Leftovers\n|upkeep\n|\n|t:|1697734829\n|switch|p2a: Miraidon|Miraidon|41\/100\n|-activate|p2a: Miraidon|move: Sticky Web\n|-unboost|p2a: Miraidon|spe|1\n|-fieldstart|move: Electric Terrain|[from] ability: Hadron Engine|[of] p2a: Miraidon\n|turn|11\n|\n|t:|1697734841\n|move|p2a: Miraidon|Volt Switch|p1a: Torkoal\n|-damage|p1a: Torkoal|0 fnt\n|faint|p1a: Torkoal\n|l|\u2606Llimac32\n|inactive|Llimac32 disconnected and has a minute to reconnect!\n|player|p1|\n|inactive|Jeremy647 has 120 seconds left.\n|\n|t:|1697734876\n|switch|p2a: Iron Bundle|Iron Bundle, shiny|100\/100|[from] Volt Switch\n|-activate|p2a: Iron Bundle|move: Sticky Web\n|-unboost|p2a: Iron Bundle|spe|1\n|-activate|p2a: Iron Bundle|ability: Quark Drive\n|-start|p2a: Iron Bundle|quarkdrivespa\n|\n|-weather|SunnyDay|[upkeep]\n|upkeep\n|j|\u2606Llimac32\n|inactive|Llimac32 reconnected and has 150 seconds left.\n|player|p1|Llimac32|1\n|\n|t:|1697734888\n|switch|p1a: Walking Wake|Walking Wake|100\/100\n|-activate|p1a: Walking Wake|ability: Protosynthesis\n|-start|p1a: Walking Wake|protosynthesisspa\n|turn|12\n|\n|t:|1697734900\n|move|p1a: Walking Wake|Flamethrower|p2a: Iron Bundle\n|-damage|p2a: Iron Bundle|0 fnt\n|faint|p2a: Iron Bundle\n|-end|p2a: Iron Bundle|Quark Drive|[silent]\n|\n|-weather|SunnyDay|[upkeep]\n|upkeep\n|\n|t:|1697734904\n|switch|p2a: Miraidon|Miraidon|41\/100\n|-activate|p2a: Miraidon|move: Sticky Web\n|-unboost|p2a: Miraidon|spe|1\n|-activate|p2a: Miraidon|ability: Hadron Engine\n|turn|13\n|\n|t:|1697734915\n|move|p2a: Miraidon|Electro Drift|p1a: Walking Wake\n|-damage|p1a: Walking Wake|17\/100\n|move|p1a: Walking Wake|Hydro Steam|p2a: Miraidon\n|-resisted|p2a: Miraidon\n|-damage|p2a: Miraidon|8\/100\n|\n|-weather|none\n|-end|p1a: Walking Wake|Protosynthesis\n|upkeep\n|turn|14\n|\n|t:|1697734926\n|move|p2a: Miraidon|Electro Drift|p1a: Walking Wake\n|-damage|p1a: Walking Wake|0 fnt\n|faint|p1a: Walking Wake\n|-end|p1a: Walking Wake|Protosynthesis|[silent]\n|\n|upkeep\n|\n|t:|1697734928\n|switch|p1a: Typhlosion|Typhlosion, M|100\/100\n|turn|15\n|\n|t:|1697734932\n|move|p1a: Typhlosion|Eruption|p2a: Miraidon\n|-resisted|p2a: Miraidon\n|-damage|p2a: Miraidon|0 fnt\n|faint|p2a: Miraidon\n|\n|-fieldend|move: Electric Terrain\n|upkeep\n|\n|t:|1697734949\n|switch|p2a: Baxcalibur|Baxcalibur, M|100\/100\n|-activate|p2a: Baxcalibur|move: Sticky Web\n|-unboost|p2a: Baxcalibur|spe|1\n|turn|16\n|\n|t:|1697734957\n|move|p1a: Typhlosion|Eruption|p2a: Baxcalibur\n|-damage|p2a: Baxcalibur|34\/100\n|-ability|p2a: Baxcalibur|Thermal Exchange|boost\n|-boost|p2a: Baxcalibur|atk|1\n|move|p2a: Baxcalibur|Glaive Rush|p1a: Typhlosion\n|-damage|p1a: Typhlosion|0 fnt\n|-singlemove|p2a: Baxcalibur|Glaive Rush|[silent]\n|faint|p1a: Typhlosion\n|-damage|p2a: Baxcalibur|24\/100|[from] item: Life Orb\n|\n|win|Jeremy647\n|raw|Llimac32's rating: 1123 &rarr; <strong>1105<\/strong><br \/>(-18 for losing)\n|raw|Jeremy647's rating: 1219 &rarr; <strong>1237<\/strong><br \/>(+18 for winning)\n|l|\u2606Llimac32\n","uploadtime":1697734969,"views":10,"p1id":"llimac32","p2id":"jeremy647","formatid":"gen9anythinggoes","rating":1105,"private":0,"password":""}