{"id":"gen9anythinggoes-1982947567","p1":"LingLing007","p2":"UnShallow","format":"[Gen 9] Anything Goes","log":"|j|\u2606LingLing007\n|j|\u2606UnShallow\n|t:|1699061935\n|gametype|singles\n|player|p1|LingLing007|hilbert-masters2|1289\n|player|p2|UnShallow|winona|1305\n|teamsize|p1|6\n|teamsize|p2|6\n|gen|9\n|tier|[Gen 9] Anything Goes\n|rated|\n|rule|HP Percentage Mod: HP is shown in percentages\n|rule|Endless Battle Clause: Forcing endless battles is banned\n|clearpoke\n|poke|p1|Roaring Moon|\n|poke|p1|Toxapex, F|\n|poke|p1|Gliscor, M|\n|poke|p1|Polteageist-Antique|\n|poke|p1|Tinkaton, F|\n|poke|p1|Gengar, M|\n|poke|p2|Chandelure, M|\n|poke|p2|Palafin, M|\n|poke|p2|Salamence, F|\n|poke|p2|Mewtwo|\n|poke|p2|Mimikyu, M|\n|poke|p2|Murkrow, F|\n|teampreview\n|inactive|Battle timer is ON: inactive players will automatically lose when time's up. (requested by UnShallow)\n|\n|t:|1699061946\n|start\n|switch|p1a: Tinkaton|Tinkaton, F|100\/100\n|switch|p2a: Palafin|Palafin, M, shiny|100\/100\n|-ability|p1a: Tinkaton|Mold Breaker\n|turn|1\n|\n|t:|1699061954\n|move|p2a: Palafin|Flip Turn|p1a: Tinkaton\n|-damage|p1a: Tinkaton|83\/100\n|\n|t:|1699061977\n|detailschange|p2a: Palafin|Palafin-Hero, M, shiny\n|switch|p2a: Chandelure|Chandelure, M|100\/100|[from] Flip Turn\n|move|p1a: Tinkaton|Thunder Wave|p2a: Chandelure\n|-status|p2a: Chandelure|par\n|\n|-heal|p1a: Tinkaton|89\/100|[from] item: Leftovers\n|upkeep\n|turn|2\n|\n|t:|1699061985\n|move|p1a: Tinkaton|Knock Off|p2a: Chandelure\n|-supereffective|p2a: Chandelure\n|-damage|p2a: Chandelure|51\/100 par\n|-enditem|p2a: Chandelure|Leftovers|[from] move: Knock Off|[of] p1a: Tinkaton\n|move|p2a: Chandelure|Trick Room|p2a: Chandelure\n|-fieldstart|move: Trick Room|[of] p2a: Chandelure\n|\n|-heal|p1a: Tinkaton|95\/100|[from] item: Leftovers\n|upkeep\n|turn|3\n|\n|t:|1699061993\n|switch|p1a: Toxapex|Toxapex, F|100\/100\n|move|p2a: Chandelure|Fire Blast|p1a: Toxapex\n|-resisted|p1a: Toxapex\n|-damage|p1a: Toxapex|78\/100\n|\n|upkeep\n|turn|4\n|\n|t:|1699062003\n|cant|p2a: Chandelure|par\n|move|p1a: Toxapex|Liquidation|p2a: Chandelure\n|-supereffective|p2a: Chandelure\n|-damage|p2a: Chandelure|0 fnt\n|faint|p2a: Chandelure\n|\n|upkeep\n|\n|t:|1699062010\n|switch|p2a: Mimikyu|Mimikyu, M|100\/100\n|turn|5\n|\n|t:|1699062013\n|move|p1a: Toxapex|Liquidation|p2a: Mimikyu\n|-activate|p2a: Mimikyu|ability: Disguise\n|-damage|p2a: Mimikyu|100\/100\n|detailschange|p2a: Mimikyu|Mimikyu-Busted, M\n|-damage|p2a: Mimikyu|88\/100|[from] pokemon: Mimikyu-Busted\n|move|p2a: Mimikyu|Swords Dance|p2a: Mimikyu\n|-boost|p2a: Mimikyu|atk|2\n|\n|-heal|p2a: Mimikyu|94\/100|[from] item: Leftovers\n|upkeep\n|turn|6\n|\n|t:|1699062023\n|move|p1a: Toxapex|Haze|p1a: Toxapex\n|-clearallboost\n|move|p2a: Mimikyu|Swords Dance|p2a: Mimikyu\n|-boost|p2a: Mimikyu|atk|2\n|\n|-heal|p2a: Mimikyu|99\/100|[from] item: Leftovers\n|-fieldend|move: Trick Room\n|upkeep\n|turn|7\n|\n|t:|1699062032\n|-terastallize|p2a: Mimikyu|Ghost\n|move|p2a: Mimikyu|Shadow Sneak|p1a: Toxapex\n|-damage|p1a: Toxapex|38\/100\n|-damage|p2a: Mimikyu|84\/100|[from] item: Rocky Helmet|[of] p1a: Toxapex\n|move|p1a: Toxapex|Toxic|p2a: Mimikyu\n|-status|p2a: Mimikyu|tox\n|\n|-heal|p2a: Mimikyu|90\/100 tox|[from] item: Leftovers\n|-damage|p2a: Mimikyu|84\/100 tox|[from] psn\n|upkeep\n|turn|8\n|\n|t:|1699062043\n|-terastallize|p1a: Toxapex|Normal\n|move|p2a: Mimikyu|Swords Dance|p2a: Mimikyu\n|-boost|p2a: Mimikyu|atk|2\n|move|p1a: Toxapex|Haze|p1a: Toxapex\n|-clearallboost\n|\n|-heal|p2a: Mimikyu|90\/100 tox|[from] item: Leftovers\n|-damage|p2a: Mimikyu|78\/100 tox|[from] psn\n|upkeep\n|turn|9\n|\n|t:|1699062053\n|move|p2a: Mimikyu|Drain Punch|p1a: Toxapex\n|-supereffective|p1a: Toxapex\n|-damage|p1a: Toxapex|3\/100\n|-heal|p2a: Mimikyu|99\/100 tox|[from] drain|[of] p1a: Toxapex\n|-damage|p2a: Mimikyu|83\/100 tox|[from] item: Rocky Helmet|[of] p1a: Toxapex\n|move|p1a: Toxapex|Recover|p1a: Toxapex\n|-heal|p1a: Toxapex|53\/100\n|\n|-heal|p2a: Mimikyu|89\/100 tox|[from] item: Leftovers\n|-damage|p2a: Mimikyu|71\/100 tox|[from] psn\n|upkeep\n|turn|10\n|\n|t:|1699062064\n|switch|p1a: Gengar|Gengar, M|100\/100\n|move|p2a: Mimikyu|Play Rough|p1a: Gengar\n|-resisted|p1a: Gengar\n|-damage|p1a: Gengar|61\/100\n|\n|-heal|p2a: Mimikyu|77\/100 tox|[from] item: Leftovers\n|-damage|p2a: Mimikyu|53\/100 tox|[from] psn\n|upkeep\n|turn|11\n|\n|t:|1699062075\n|move|p1a: Gengar|Taunt|p2a: Mimikyu\n|-start|p2a: Mimikyu|move: Taunt\n|cant|p2a: Mimikyu|move: Taunt|Swords Dance\n|\n|-heal|p2a: Mimikyu|59\/100 tox|[from] item: Leftovers\n|-damage|p2a: Mimikyu|29\/100 tox|[from] psn\n|upkeep\n|turn|12\n|\n|t:|1699062084\n|move|p1a: Gengar|Destiny Bond|p1a: Gengar\n|-singlemove|p1a: Gengar|Destiny Bond\n|move|p2a: Mimikyu|Play Rough|p1a: Gengar\n|-resisted|p1a: Gengar\n|-damage|p1a: Gengar|24\/100\n|-start|p2a: Mimikyu|Disable|Play Rough|[from] ability: Cursed Body|[of] p1a: Gengar\n|\n|-heal|p2a: Mimikyu|35\/100 tox|[from] item: Leftovers\n|-damage|p2a: Mimikyu|0 fnt|[from] psn\n|faint|p2a: Mimikyu\n|upkeep\n|\n|t:|1699062096\n|switch|p2a: Salamence|Salamence, F, shiny|100\/100\n|turn|13\n|\n|t:|1699062099\n|move|p1a: Gengar|Taunt|p2a: Salamence\n|-start|p2a: Salamence|move: Taunt\n|cant|p2a: Salamence|move: Taunt|Dragon Dance\n|\n|upkeep\n|turn|14\n|\n|t:|1699062105\n|move|p1a: Gengar|Destiny Bond|p1a: Gengar\n|-singlemove|p1a: Gengar|Destiny Bond\n|move|p2a: Salamence|Earthquake|p1a: Gengar\n|-supereffective|p1a: Gengar\n|-damage|p1a: Gengar|0 fnt\n|faint|p1a: Gengar\n|-activate|p1a: Gengar|move: Destiny Bond\n|faint|p2a: Salamence\n|\n|upkeep\n|\n|t:|1699062113\n|switch|p1a: Roaring Moon|Roaring Moon|100\/100\n|switch|p2a: Mewtwo|Mewtwo, shiny|100\/100\n|-ability|p2a: Mewtwo|Pressure\n|-enditem|p1a: Roaring Moon|Booster Energy\n|-activate|p1a: Roaring Moon|ability: Protosynthesis|[fromitem]\n|-start|p1a: Roaring Moon|protosynthesisspe\n|turn|15\n|\n|t:|1699062129\n|move|p1a: Roaring Moon|Dragon Dance|p1a: Roaring Moon\n|-boost|p1a: Roaring Moon|atk|1\n|-boost|p1a: Roaring Moon|spe|1\n|move|p2a: Mewtwo|Agility|p2a: Mewtwo\n|-boost|p2a: Mewtwo|spe|2\n|\n|upkeep\n|turn|16\n|\n|t:|1699062135\n|move|p1a: Roaring Moon|Knock Off|p2a: Mewtwo\n|-supereffective|p2a: Mewtwo\n|-damage|p2a: Mewtwo|0 fnt\n|-enditem|p2a: Mewtwo|Leftovers|[from] move: Knock Off|[of] p1a: Roaring Moon\n|faint|p2a: Mewtwo\n|\n|upkeep\n|\n|t:|1699062141\n|switch|p2a: Murkrow|Murkrow, F|100\/100\n|turn|17\n|\n|t:|1699062144\n|move|p1a: Roaring Moon|Knock Off|p2a: Murkrow\n|-resisted|p2a: Murkrow\n|-damage|p2a: Murkrow|16\/100\n|-enditem|p2a: Murkrow|Focus Sash|[from] move: Knock Off|[of] p1a: Roaring Moon\n|move|p2a: Murkrow|Whirlwind|p1a: Roaring Moon\n|-hint|Since gen 7, Dark is immune to Prankster moves.\n|-immune|p1a: Roaring Moon\n|\n|upkeep\n|turn|18\n|\n|t:|1699062152\n|move|p2a: Murkrow|Haze|p2a: Murkrow\n|-clearallboost\n|move|p1a: Roaring Moon|Acrobatics|p2a: Murkrow\n|-damage|p2a: Murkrow|0 fnt\n|faint|p2a: Murkrow\n|\n|upkeep\n|\n|t:|1699062159\n|switch|p2a: Palafin|Palafin-Hero, M, shiny|100\/100\n|-activate|p2a: Palafin|ability: Zero to Hero\n|turn|19\n|\n|t:|1699062164\n|move|p1a: Roaring Moon|Knock Off|p2a: Palafin\n|-damage|p2a: Palafin|49\/100\n|-enditem|p2a: Palafin|Leftovers|[from] move: Knock Off|[of] p1a: Roaring Moon\n|move|p2a: Palafin|Bulk Up|p2a: Palafin\n|-boost|p2a: Palafin|atk|1\n|-boost|p2a: Palafin|def|1\n|\n|upkeep\n|turn|20\n|\n|t:|1699062171\n|move|p1a: Roaring Moon|Dragon Dance|p1a: Roaring Moon\n|-boost|p1a: Roaring Moon|atk|1\n|-boost|p1a: Roaring Moon|spe|1\n|move|p2a: Palafin|Drain Punch|p1a: Roaring Moon\n|-supereffective|p1a: Roaring Moon\n|-damage|p1a: Roaring Moon|0 fnt\n|-heal|p2a: Palafin|99\/100|[from] drain|[of] p1a: Roaring Moon\n|faint|p1a: Roaring Moon\n|-end|p1a: Roaring Moon|Protosynthesis|[silent]\n|\n|upkeep\n|\n|t:|1699062180\n|switch|p1a: Polteageist|Polteageist-Antique|100\/100\n|turn|21\n|\n|t:|1699062185\n|move|p2a: Palafin|Zen Headbutt|p1a: Polteageist\n|-damage|p1a: Polteageist|12\/100\n|-start|p2a: Palafin|Disable|Zen Headbutt|[from] ability: Cursed Body|[of] p1a: Polteageist\n|cant|p1a: Polteageist|flinch\n|\n|upkeep\n|turn|22\n|\n|t:|1699062191\n|switch|p1a: Toxapex|Toxapex, F, tera:Normal|86\/100\n|move|p2a: Palafin|Flip Turn|p1a: Toxapex\n|-damage|p1a: Toxapex|45\/100\n|-damage|p2a: Palafin|84\/100|[from] item: Rocky Helmet|[of] p1a: Toxapex\n|\n|upkeep\n|turn|23\n|\n|t:|1699062199\n|switch|p1a: Tinkaton|Tinkaton, F|95\/100\n|-ability|p1a: Tinkaton|Mold Breaker\n|move|p2a: Palafin|Drain Punch|p1a: Tinkaton\n|-damage|p1a: Tinkaton|58\/100\n|-heal|p2a: Palafin|100\/100|[from] drain|[of] p1a: Tinkaton\n|\n|-heal|p1a: Tinkaton|64\/100|[from] item: Leftovers\n|upkeep\n|turn|24\n|\n|t:|1699062210\n|move|p2a: Palafin|Flip Turn|p1a: Tinkaton\n|-damage|p1a: Tinkaton|20\/100\n|move|p1a: Tinkaton|Thunder Wave|p2a: Palafin\n|-status|p2a: Palafin|par\n|\n|-heal|p1a: Tinkaton|26\/100|[from] item: Leftovers\n|-end|p2a: Palafin|Disable\n|upkeep\n|turn|25\n|\n|t:|1699062219\n|move|p1a: Tinkaton|Encore|p2a: Palafin\n|-start|p2a: Palafin|Encore\n|move|p2a: Palafin|Flip Turn|p1a: Tinkaton\n|-damage|p1a: Tinkaton|0 fnt\n|faint|p1a: Tinkaton\n|\n|upkeep\n|\n|t:|1699062226\n|switch|p1a: Toxapex|Toxapex, F, tera:Normal|78\/100\n|turn|26\n|\n|t:|1699062228\n|move|p2a: Palafin|Flip Turn|p1a: Toxapex\n|-damage|p1a: Toxapex|31\/100\n|-damage|p2a: Palafin|84\/100 par|[from] item: Rocky Helmet|[of] p1a: Toxapex\n|move|p1a: Toxapex|Haze|p1a: Toxapex\n|-clearallboost\n|\n|upkeep\n|turn|27\n|\n|t:|1699062235\n|move|p2a: Palafin|Flip Turn|p1a: Toxapex\n|-damage|p1a: Toxapex|2\/100\n|-damage|p2a: Palafin|68\/100 par|[from] item: Rocky Helmet|[of] p1a: Toxapex\n|move|p1a: Toxapex|Recover|p1a: Toxapex\n|-heal|p1a: Toxapex|52\/100\n|\n|-end|p2a: Palafin|Encore\n|upkeep\n|turn|28\n|\n|t:|1699062243\n|move|p2a: Palafin|Bulk Up|p2a: Palafin\n|-boost|p2a: Palafin|atk|1\n|-boost|p2a: Palafin|def|1\n|move|p1a: Toxapex|Recover|p1a: Toxapex\n|-heal|p1a: Toxapex|100\/100\n|\n|upkeep\n|turn|29\n|\n|t:|1699062250\n|cant|p2a: Palafin|par\n|move|p1a: Toxapex|Haze|p1a: Toxapex\n|-clearallboost\n|\n|upkeep\n|turn|30\n|\n|t:|1699062254\n|move|p2a: Palafin|Drain Punch|p1a: Toxapex\n|-supereffective|p1a: Toxapex\n|-damage|p1a: Toxapex|52\/100\n|-heal|p2a: Palafin|89\/100 par|[from] drain|[of] p1a: Toxapex\n|-damage|p2a: Palafin|73\/100 par|[from] item: Rocky Helmet|[of] p1a: Toxapex\n|move|p1a: Toxapex|Liquidation|p2a: Palafin\n|-resisted|p2a: Palafin\n|-damage|p2a: Palafin|63\/100 par\n|\n|upkeep\n|turn|31\n|\n|t:|1699062264\n|switch|p1a: Polteageist|Polteageist-Antique|12\/100\n|cant|p2a: Palafin|par\n|\n|upkeep\n|turn|32\n|\n|t:|1699062269\n|move|p1a: Polteageist|Giga Drain|p2a: Palafin\n|-supereffective|p2a: Palafin\n|-damage|p2a: Palafin|0 fnt\n|-heal|p1a: Polteageist|52\/100|[from] drain|[of] p2a: Palafin\n|faint|p2a: Palafin\n|\n|win|LingLing007\n|raw|LingLing007's rating: 1289 &rarr; <strong>1315<\/strong><br \/>(+26 for winning)\n|raw|UnShallow's rating: 1305 &rarr; <strong>1284<\/strong><br \/>(-21 for losing)\n|l|\u2606UnShallow\n|c|\u2606LingLing007|gg\n","uploadtime":1699062274,"views":23,"p1id":"lingling007","p2id":"unshallow","formatid":"gen9anythinggoes","rating":1284,"private":0,"password":""}