{"id":"gen9anythinggoes-1982845730","p1":"Jonusto","p2":"TTanic","format":"[Gen 9] Anything Goes","log":"|j|\u2606Jonusto\n|j|\u2606TTanic\n|t:|1699050671\n|gametype|singles\n|player|p1|Jonusto|170|\n|player|p2|TTanic|unknownf|\n|teamsize|p1|6\n|teamsize|p2|6\n|gen|9\n|tier|[Gen 9] Anything Goes\n|rule|HP Percentage Mod: HP is shown in percentages\n|rule|Endless Battle Clause: Forcing endless battles is banned\n|clearpoke\n|poke|p1|Hydreigon, M|\n|poke|p1|Scizor, F|\n|poke|p1|Garganacl, F|\n|poke|p1|Barraskewda, M|\n|poke|p1|Avalugg, F|\n|poke|p1|Cacturne, F|\n|poke|p2|Dondozo, F|\n|poke|p2|Cinderace, F|\n|poke|p2|Corviknight, F|\n|poke|p2|Krookodile, F|\n|poke|p2|Klawf, M|\n|poke|p2|Sylveon, M|\n|teampreview\n|c|\u2606Jonusto|real!!!\n|c|\u2606TTanic|Do I go first or is that you?\n|c|\u2606Jonusto|i already went\n|\n|t:|1699050724\n|start\n|switch|p1a: Hydreigon|Hydreigon, M|100\/100\n|switch|p2a: Dondozo|Dondozo, F|100\/100\n|turn|1\n|c|\u2606TTanic|Oh!!\n|c|\u2606Jonusto|pick a move\n|\n|t:|1699050756\n|move|p1a: Hydreigon|U-turn|p2a: Dondozo\n|-damage|p2a: Dondozo|94\/100\n|\n|t:|1699050776\n|switch|p1a: Garganacl|Garganacl, F|100\/100|[from] U-turn\n|move|p2a: Dondozo|Rest|p2a: Dondozo\n|-status|p2a: Dondozo|slp|[from] move: Rest\n|-heal|p2a: Dondozo|100\/100 slp|[silent]\n|\n|upkeep\n|turn|2\n|c|\u2606Jonusto|sleep talk\n|\n|t:|1699050793\n|cant|p2a: Dondozo|slp\n|move|p1a: Garganacl|Salt Cure|p2a: Dondozo\n|-damage|p2a: Dondozo|95\/100 slp\n|-start|p2a: Dondozo|Salt Cure\n|\n|-damage|p2a: Dondozo|70\/100 slp|[from] Salt Cure\n|upkeep\n|turn|3\n|c|\u2606Jonusto|you should use.... sleep talk\n|\n|t:|1699050812\n|cant|p2a: Dondozo|slp\n|move|p2a: Dondozo|Sleep Talk|p2a: Dondozo\n|move|p2a: Dondozo|Liquidation|p1a: Garganacl|[from]move: Sleep Talk\n|-supereffective|p1a: Garganacl\n|-damage|p1a: Garganacl|62\/100\n|move|p1a: Garganacl|Iron Defense|p1a: Garganacl\n|-boost|p1a: Garganacl|def|2\n|\n|-heal|p1a: Garganacl|68\/100|[from] item: Leftovers\n|-damage|p2a: Dondozo|45\/100 slp|[from] Salt Cure\n|upkeep\n|turn|4\n|c|\u2606TTanic|I did?\n|c|\u2606TTanic|DAMN\n|\n|t:|1699050827\n|move|p1a: Garganacl|Iron Defense|p1a: Garganacl\n|-boost|p1a: Garganacl|def|2\n|-curestatus|p2a: Dondozo|slp|[msg]\n|move|p2a: Dondozo|Rest|p2a: Dondozo\n|-status|p2a: Dondozo|slp|[from] move: Rest\n|-heal|p2a: Dondozo|100\/100 slp|[silent]\n|\n|-heal|p1a: Garganacl|74\/100|[from] item: Leftovers\n|-damage|p2a: Dondozo|75\/100 slp|[from] Salt Cure\n|upkeep\n|turn|5\n|\n|t:|1699050839\n|move|p1a: Garganacl|Earthquake|p2a: Dondozo\n|-damage|p2a: Dondozo|66\/100 slp\n|cant|p2a: Dondozo|slp\n|move|p2a: Dondozo|Sleep Talk|p2a: Dondozo\n|move|p2a: Dondozo|Rest||[from]move: Sleep Talk|[still]\n|-fail|p2a: Dondozo\n|\n|-heal|p1a: Garganacl|80\/100|[from] item: Leftovers\n|-damage|p2a: Dondozo|41\/100 slp|[from] Salt Cure\n|upkeep\n|turn|6\n|\n|t:|1699050854\n|move|p1a: Garganacl|Iron Defense|p1a: Garganacl\n|-boost|p1a: Garganacl|def|2\n|cant|p2a: Dondozo|slp\n|\n|-heal|p1a: Garganacl|87\/100|[from] item: Leftovers\n|-damage|p2a: Dondozo|16\/100 slp|[from] Salt Cure\n|upkeep\n|turn|7\n|\n|t:|1699050875\n|move|p1a: Garganacl|Earthquake|p2a: Dondozo\n|-damage|p2a: Dondozo|6\/100 slp\n|-curestatus|p2a: Dondozo|slp|[msg]\n|move|p2a: Dondozo|Sleep Talk||[still]\n|-fail|p2a: Dondozo\n|\n|-heal|p1a: Garganacl|93\/100|[from] item: Leftovers\n|-damage|p2a: Dondozo|0 fnt|[from] Salt Cure\n|faint|p2a: Dondozo\n|upkeep\n|c|\u2606TTanic|Oh damn-\n|c|\u2606Jonusto|poor donbozo\n|\n|t:|1699050898\n|switch|p2a: Sylveon|Sylveon, M|100\/100\n|turn|8\n|c|\u2606Jonusto|interesting choice you should use calm mind\n|\n|t:|1699050921\n|move|p2a: Sylveon|Hyper Voice|p1a: Garganacl\n|-damage|p1a: Garganacl|64\/100\n|move|p1a: Garganacl|Earthquake|p2a: Sylveon\n|-damage|p2a: Sylveon|75\/100\n|\n|-heal|p2a: Sylveon|81\/100|[from] item: Leftovers\n|-heal|p1a: Garganacl|71\/100|[from] item: Leftovers\n|upkeep\n|turn|9\n|\n|t:|1699050935\n|move|p2a: Sylveon|Calm Mind|p2a: Sylveon\n|-boost|p2a: Sylveon|spa|1\n|-boost|p2a: Sylveon|spd|1\n|move|p1a: Garganacl|Earthquake|p2a: Sylveon\n|-damage|p2a: Sylveon|55\/100\n|\n|-heal|p2a: Sylveon|61\/100|[from] item: Leftovers\n|-heal|p1a: Garganacl|77\/100|[from] item: Leftovers\n|upkeep\n|turn|10\n|c|\u2606Jonusto|twice\n|c|\u2606Jonusto|then hyper voicr\n|\n|t:|1699050956\n|move|p2a: Sylveon|Calm Mind|p2a: Sylveon\n|-boost|p2a: Sylveon|spa|1\n|-boost|p2a: Sylveon|spd|1\n|move|p1a: Garganacl|Earthquake|p2a: Sylveon\n|-damage|p2a: Sylveon|30\/100\n|\n|-heal|p2a: Sylveon|36\/100|[from] item: Leftovers\n|-heal|p1a: Garganacl|83\/100|[from] item: Leftovers\n|upkeep\n|turn|11\n|\n|t:|1699050965\n|move|p2a: Sylveon|Hyper Voice|p1a: Garganacl\n|-damage|p1a: Garganacl|27\/100\n|move|p1a: Garganacl|Salt Cure|p2a: Sylveon\n|-damage|p2a: Sylveon|20\/100\n|-start|p2a: Sylveon|Salt Cure\n|\n|-heal|p2a: Sylveon|26\/100|[from] item: Leftovers\n|-heal|p1a: Garganacl|33\/100|[from] item: Leftovers\n|-damage|p2a: Sylveon|14\/100|[from] Salt Cure\n|upkeep\n|turn|12\n|\n|t:|1699050981\n|move|p2a: Sylveon|Hyper Voice|p1a: Garganacl\n|-damage|p1a: Garganacl|0 fnt\n|faint|p1a: Garganacl\n|\n|-heal|p2a: Sylveon|20\/100|[from] item: Leftovers\n|-damage|p2a: Sylveon|7\/100|[from] Salt Cure\n|upkeep\n|c|\u2606Jonusto|you did it!#\n|\n|t:|1699050995\n|switch|p1a: Barraskewda|Barraskewda, M|100\/100\n|turn|13\n|c|\u2606TTanic|Oh! Good job Love!\n|c|\u2606Jonusto|however\n|\n|t:|1699051003\n|move|p1a: Barraskewda|Aqua Jet|p2a: Sylveon\n|-damage|p2a: Sylveon|0 fnt\n|faint|p2a: Sylveon\n|\n|upkeep\n|c|\u2606TTanic|You still have more :)\n|\n|t:|1699051013\n|switch|p2a: Klawf|Klawf, M|100\/100\n|turn|14\n|c|\u2606Jonusto|no mercy to my opponents\n|\n|t:|1699051034\n|move|p1a: Barraskewda|Close Combat|p2a: Klawf\n|-supereffective|p2a: Klawf\n|-damage|p2a: Klawf|23\/100\n|-unboost|p1a: Barraskewda|def|1\n|-unboost|p1a: Barraskewda|spd|1\n|move|p2a: Klawf|Stone Edge|p1a: Barraskewda\n|-damage|p1a: Barraskewda|0 fnt\n|faint|p1a: Barraskewda\n|\n|upkeep\n|c|\u2606TTanic|I like this game! It's fun to play with you\n|c|\u2606Jonusto|DAMN BARRA FRAGILE\n|\n|t:|1699051052\n|switch|p1a: Hydreigon|Hydreigon, M|100\/100\n|turn|15\n|c|\u2606Jonusto|u2\n|c|\u2606TTanic|HAHAHA\n|\n|t:|1699051072\n|move|p1a: Hydreigon|U-turn|p2a: Klawf\n|-damage|p2a: Klawf|9\/100\n|\n|t:|1699051085\n|switch|p1a: Cacturne|Cacturne, F|100\/100|[from] U-turn\n|move|p2a: Klawf|Knock Off|p1a: Cacturne\n|-resisted|p1a: Cacturne\n|-damage|p1a: Cacturne|77\/100\n|-enditem|p1a: Cacturne|Life Orb|[from] move: Knock Off|[of] p2a: Klawf\n|\n|upkeep\n|turn|16\n|\n|t:|1699051100\n|move|p2a: Klawf|Stone Edge|p1a: Cacturne\n|-damage|p1a: Cacturne|2\/100\n|move|p1a: Cacturne|Swords Dance|p1a: Cacturne\n|-boost|p1a: Cacturne|atk|2\n|\n|upkeep\n|turn|17\n|c|\u2606Jonusto|confidence\n|\n|t:|1699051109\n|move|p1a: Cacturne|Sucker Punch|p2a: Klawf\n|-damage|p2a: Klawf|0 fnt\n|faint|p2a: Klawf\n|\n|upkeep\n|\n|t:|1699051113\n|switch|p2a: Krookodile|Krookodile, F|100\/100\n|-ability|p2a: Krookodile|Intimidate|boost\n|-unboost|p1a: Cacturne|atk|1\n|turn|18\n|c|\u2606Jonusto|smart move love\n|\n|t:|1699051125\n|move|p2a: Krookodile|Crunch|p1a: Cacturne\n|-resisted|p1a: Cacturne\n|-damage|p1a: Cacturne|0 fnt\n|faint|p1a: Cacturne\n|\n|upkeep\n|\n|t:|1699051128\n|switch|p1a: Avalugg|Avalugg, F|100\/100\n|turn|19\n|c|\u2606TTanic|Thank you sweet heart!\n|\n|t:|1699051139\n|move|p2a: Krookodile|Earthquake|p1a: Avalugg\n|-damage|p1a: Avalugg|77\/100\n|move|p1a: Avalugg|Body Press|p2a: Krookodile\n|-supereffective|p2a: Krookodile\n|-damage|p2a: Krookodile|3\/100\n|\n|upkeep\n|turn|20\n|\n|t:|1699051149\n|move|p2a: Krookodile|Taunt|p1a: Avalugg\n|-start|p1a: Avalugg|move: Taunt\n|move|p1a: Avalugg|Avalanche|p2a: Krookodile\n|-supereffective|p2a: Krookodile\n|-crit|p2a: Krookodile\n|-damage|p2a: Krookodile|0 fnt\n|faint|p2a: Krookodile\n|\n|upkeep\n|\n|t:|1699051159\n|switch|p2a: Corviknight|Corviknight, F|100\/100\n|-ability|p2a: Corviknight|Pressure\n|turn|21\n|c|\u2606Jonusto|smart\n|\n|t:|1699051170\n|move|p2a: Corviknight|Brave Bird|p1a: Avalugg\n|-damage|p1a: Avalugg|62\/100\n|-damage|p2a: Corviknight|95\/100|[from] Recoil\n|move|p1a: Avalugg|Rapid Spin|p2a: Corviknight\n|-resisted|p2a: Corviknight\n|-damage|p2a: Corviknight|92\/100\n|-boost|p1a: Avalugg|spe|1\n|\n|-heal|p2a: Corviknight|98\/100|[from] item: Leftovers\n|upkeep\n|turn|22\n|\n|t:|1699051181\n|move|p2a: Corviknight|Brave Bird|p1a: Avalugg\n|-damage|p1a: Avalugg|47\/100\n|-damage|p2a: Corviknight|93\/100|[from] Recoil\n|move|p1a: Avalugg|Avalanche|p2a: Corviknight\n|-damage|p2a: Corviknight|63\/100\n|\n|-heal|p2a: Corviknight|69\/100|[from] item: Leftovers\n|-end|p1a: Avalugg|move: Taunt\n|upkeep\n|turn|23\n|\n|t:|1699051196\n|move|p2a: Corviknight|Brave Bird|p1a: Avalugg\n|-damage|p1a: Avalugg|33\/100\n|-damage|p2a: Corviknight|65\/100|[from] Recoil\n|move|p1a: Avalugg|Recover|p1a: Avalugg\n|-heal|p1a: Avalugg|83\/100\n|\n|-heal|p2a: Corviknight|71\/100|[from] item: Leftovers\n|upkeep\n|turn|24\n|\n|t:|1699051212\n|-terastallize|p1a: Avalugg|Fighting\n|move|p2a: Corviknight|Body Press|p1a: Avalugg\n|-damage|p1a: Avalugg|72\/100\n|move|p1a: Avalugg|Body Press|p2a: Corviknight\n|-damage|p2a: Corviknight|35\/100\n|\n|-heal|p2a: Corviknight|41\/100|[from] item: Leftovers\n|upkeep\n|turn|25\n|c|\u2606Jonusto|its time to end this!!\n|\n|t:|1699051224\n|move|p2a: Corviknight|U-turn|p1a: Avalugg\n|-resisted|p1a: Avalugg\n|-damage|p1a: Avalugg|69\/100\n|\n|t:|1699051237\n|switch|p2a: Cinderace|Cinderace, F|100\/100|[from] U-turn\n|move|p1a: Avalugg|Rapid Spin|p2a: Cinderace\n|-damage|p2a: Cinderace|80\/100\n|-boost|p1a: Avalugg|spe|1\n|\n|upkeep\n|turn|26\n|c|\u2606Jonusto|it would be a smart move if i was still ice type\n|\n|t:|1699051247\n|move|p2a: Cinderace|Pyro Ball|p1a: Avalugg|[miss]\n|-miss|p2a: Cinderace|p1a: Avalugg\n|move|p1a: Avalugg|Body Press|p2a: Cinderace\n|-damage|p2a: Cinderace|0 fnt\n|faint|p2a: Cinderace\n|\n|upkeep\n|c|\u2606TTanic|DAMN\n|\n|t:|1699051260\n|switch|p2a: Corviknight|Corviknight, F|41\/100\n|-ability|p2a: Corviknight|Pressure\n|turn|27\n|c|\u2606Jonusto|#avaluggrareoneshot\n|\n|t:|1699051281\n|move|p1a: Avalugg|Body Press|p2a: Corviknight\n|-damage|p2a: Corviknight|4\/100\n|move|p2a: Corviknight|Body Press|p1a: Avalugg\n|-damage|p1a: Avalugg|59\/100\n|\n|-heal|p2a: Corviknight|10\/100|[from] item: Leftovers\n|upkeep\n|turn|28\n|c|\u2606Jonusto|gg\n|c|\u2606TTanic|What does teratallize do?\n|\n|t:|1699051302\n|move|p2a: Corviknight|Brave Bird|p1a: Avalugg\n|-supereffective|p1a: Avalugg\n|-damage|p1a: Avalugg|29\/100\n|-damage|p2a: Corviknight|1\/100|[from] Recoil\n|move|p1a: Avalugg|Avalanche|p2a: Corviknight\n|-damage|p2a: Corviknight|0 fnt\n|faint|p2a: Corviknight\n|\n|win|Jonusto\n|c|\u2606TTanic|Well done!\n|c|\u2606Jonusto|terastallization changes your type\n|c|\u2606TTanic|Oh, is that good?\n|c|\u2606Jonusto|it can only be used once but it changes the game because youre not weak to the same moves\n|c|\u2606Jonusto|but it does add new weaknesses\n|l|\u2606Jonusto\n|c|\u2606TTanic|Thank you!\n|c|\u2606TTanic|Can we play again?\n|j|\u2606Jonusto\n|player|p1|Jonusto|170\n|c|\u2606Jonusto|yes\n|c|\u2606TTanic|Alright\n|c|\u2606Jonusto|just uhh leave this lobby\n|l|\u2606TTanic\n","uploadtime":1699052240,"views":11,"p1id":"jonusto","p2id":"ttanic","formatid":"gen9anythinggoes","rating":0,"private":0,"password":""}