{"id":"gen9anythinggoes-1977042534","p1":"MintyFreshGaming","p2":"Ace of Cakes","format":"[Gen 9] Anything Goes","log":"|j|\u2606MintyFreshGaming\n|j|\u2606Ace of Cakes\n|t:|1698365045\n|gametype|singles\n|player|p1|MintyFreshGaming|lady-gen4|1045\n|player|p2|Ace of Cakes|dancer|1166\n|teamsize|p1|6\n|teamsize|p2|6\n|gen|9\n|tier|[Gen 9] Anything Goes\n|rated|\n|rule|HP Percentage Mod: HP is shown in percentages\n|rule|Endless Battle Clause: Forcing endless battles is banned\n|clearpoke\n|poke|p1|Toxapex, M|\n|poke|p1|Umbreon, M|\n|poke|p1|Ogerpon-Hearthflame, F|\n|poke|p1|Corviknight, F|\n|poke|p1|Dragapult, M|\n|poke|p1|Kingambit, M|\n|poke|p2|Calyrex-Shadow|\n|poke|p2|Miraidon|\n|poke|p2|Miraidon|\n|poke|p2|Miraidon|\n|poke|p2|Miraidon|\n|poke|p2|Miraidon|\n|teampreview\n|\n|t:|1698365053\n|start\n|switch|p1a: Toxapex|Toxapex, M|100\/100\n|switch|p2a: Miraidon|Miraidon|100\/100\n|-fieldstart|move: Electric Terrain|[from] ability: Hadron Engine|[of] p2a: Miraidon\n|turn|1\n|\n|t:|1698365062\n|move|p2a: Miraidon|Electro Drift|p1a: Toxapex\n|-supereffective|p1a: Toxapex\n|-damage|p1a: Toxapex|0 fnt\n|faint|p1a: Toxapex\n|\n|upkeep\n|\n|t:|1698365078\n|switch|p1a: Dragapult|Dragapult, M|100\/100\n|turn|2\n|\n|t:|1698365088\n|switch|p2a: Miraidon|Miraidon|100\/100\n|-activate|p2a: Miraidon|ability: Hadron Engine\n|move|p1a: Dragapult|Dragon Darts|p2a: Miraidon\n|-supereffective|p2a: Miraidon\n|-damage|p2a: Miraidon|55\/100\n|-anim|p1a: Dragapult|Dragon Darts|p2a: Miraidon\n|-supereffective|p2a: Miraidon\n|-damage|p2a: Miraidon|9\/100\n|\n|upkeep\n|turn|3\n|\n|t:|1698365098\n|move|p1a: Dragapult|Dragon Darts|p2a: Miraidon\n|-supereffective|p2a: Miraidon\n|-damage|p2a: Miraidon|0 fnt\n|faint|p2a: Miraidon\n|\n|upkeep\n|\n|t:|1698365103\n|switch|p2a: Miraidon|Miraidon|100\/100\n|-activate|p2a: Miraidon|ability: Hadron Engine\n|turn|4\n|\n|t:|1698365109\n|move|p1a: Dragapult|Dragon Darts|p2a: Miraidon\n|-supereffective|p2a: Miraidon\n|-damage|p2a: Miraidon|59\/100\n|-anim|p1a: Dragapult|Dragon Darts|p2a: Miraidon\n|-supereffective|p2a: Miraidon\n|-damage|p2a: Miraidon|13\/100\n|move|p2a: Miraidon|Dazzling Gleam|p1a: Dragapult\n|-supereffective|p1a: Dragapult\n|-damage|p1a: Dragapult|0 fnt\n|faint|p1a: Dragapult\n|\n|upkeep\n|\n|t:|1698365119\n|switch|p1a: Corviknight|Corviknight, F|100\/100\n|-ability|p1a: Corviknight|Pressure\n|turn|5\n|\n|t:|1698365126\n|switch|p2a: Miraidon|Miraidon|100\/100\n|-activate|p2a: Miraidon|ability: Hadron Engine\n|move|p1a: Corviknight|Tailwind|p1a: Corviknight\n|-sidestart|p1: MintyFreshGaming|move: Tailwind\n|\n|-fieldend|move: Electric Terrain\n|upkeep\n|turn|6\n|\n|t:|1698365137\n|move|p1a: Corviknight|Iron Head|p2a: Miraidon\n|-resisted|p2a: Miraidon\n|-damage|p2a: Miraidon|89\/100\n|cant|p2a: Miraidon|flinch\n|\n|upkeep\n|turn|7\n|\n|t:|1698365144\n|move|p1a: Corviknight|Body Press|p2a: Miraidon\n|-damage|p2a: Miraidon|69\/100\n|move|p2a: Miraidon|Electro Drift|p1a: Corviknight\n|-supereffective|p1a: Corviknight\n|-damage|p1a: Corviknight|0 fnt\n|faint|p1a: Corviknight\n|-damage|p2a: Miraidon|59\/100|[from] item: Life Orb\n|\n|upkeep\n|\n|t:|1698365156\n|switch|p1a: Ogerpon|Ogerpon-Hearthflame, F|100\/100\n|-ability|p1a: Ogerpon|Mold Breaker\n|turn|8\n|\n|t:|1698365166\n|move|p1a: Ogerpon|Leech Seed|p2a: Miraidon\n|-start|p2a: Miraidon|move: Leech Seed\n|move|p2a: Miraidon|Dragon Pulse|p1a: Ogerpon\n|-damage|p1a: Ogerpon|32\/100\n|-damage|p2a: Miraidon|49\/100|[from] item: Life Orb\n|\n|-damage|p2a: Miraidon|37\/100|[from] Leech Seed|[of] p1a: Ogerpon\n|-heal|p1a: Ogerpon|46\/100|[silent]\n|-sideend|p1: MintyFreshGaming|move: Tailwind\n|upkeep\n|turn|9\n|\n|t:|1698365176\n|move|p1a: Ogerpon|Protect|p1a: Ogerpon\n|-singleturn|p1a: Ogerpon|Protect\n|move|p2a: Miraidon|Dragon Pulse|p1a: Ogerpon\n|-activate|p1a: Ogerpon|move: Protect\n|\n|-damage|p2a: Miraidon|24\/100|[from] Leech Seed|[of] p1a: Ogerpon\n|-heal|p1a: Ogerpon|60\/100|[silent]\n|upkeep\n|turn|10\n|\n|t:|1698365183\n|move|p2a: Miraidon|Electro Drift|p1a: Ogerpon\n|-resisted|p1a: Ogerpon\n|-damage|p1a: Ogerpon|17\/100\n|-damage|p2a: Miraidon|14\/100|[from] item: Life Orb\n|move|p1a: Ogerpon|Horn Leech|p2a: Miraidon\n|-resisted|p2a: Miraidon\n|-damage|p2a: Miraidon|0 fnt\n|-heal|p1a: Ogerpon|25\/100|[from] drain|[of] p2a: Miraidon\n|faint|p2a: Miraidon\n|\n|upkeep\n|\n|t:|1698365193\n|switch|p2a: Calyrex|Calyrex-Shadow|100\/100\n|-ability|p2a: Calyrex|As One\n|-ability|p2a: Calyrex|Unnerve\n|turn|11\n|\n|t:|1698365201\n|move|p2a: Calyrex|Tera Blast|p1a: Ogerpon\n|-damage|p1a: Ogerpon|0 fnt\n|faint|p1a: Ogerpon\n|-ability|p2a: Calyrex|Grim Neigh|boost\n|-boost|p2a: Calyrex|spa|1\n|\n|upkeep\n|\n|t:|1698365207\n|switch|p1a: Umbreon|Umbreon, M, shiny|100\/100\n|turn|12\n|\n|t:|1698365211\n|-terastallize|p2a: Calyrex|Fairy\n|move|p2a: Calyrex|Tera Blast|p1a: Umbreon|[anim] Tera Blast Fairy\n|-supereffective|p1a: Umbreon\n|-damage|p1a: Umbreon|0 fnt\n|faint|p1a: Umbreon\n|-ability|p2a: Calyrex|Grim Neigh|boost\n|-boost|p2a: Calyrex|spa|1\n|\n|upkeep\n|\n|t:|1698365218\n|switch|p1a: Kingambit|Kingambit, M|100\/100\n|-activate|p1a: Kingambit|ability: Supreme Overlord\n|-start|p1a: Kingambit|fallen5|[silent]\n|turn|13\n|\n|t:|1698365224\n|-terastallize|p1a: Kingambit|Flying\n|move|p2a: Calyrex|Tera Blast|p1a: Kingambit|[anim] Tera Blast Fairy\n|-damage|p1a: Kingambit|4\/100\n|move|p1a: Kingambit|Iron Head|p2a: Calyrex\n|-supereffective|p2a: Calyrex\n|-damage|p2a: Calyrex|0 fnt\n|faint|p2a: Calyrex\n|\n|upkeep\n|\n|t:|1698365230\n|switch|p2a: Miraidon|Miraidon|100\/100\n|-fieldstart|move: Electric Terrain|[from] ability: Hadron Engine|[of] p2a: Miraidon\n|turn|14\n|\n|t:|1698365236\n|move|p2a: Miraidon|Electro Drift|p1a: Kingambit\n|-supereffective|p1a: Kingambit\n|-crit|p1a: Kingambit\n|-damage|p1a: Kingambit|0 fnt\n|faint|p1a: Kingambit\n|-end|p1a: Kingambit|fallen5|[silent]\n|\n|win|Ace of Cakes\n|raw|MintyFreshGaming's rating: 1045 &rarr; <strong>1034<\/strong><br \/>(-11 for losing)\n|raw|Ace of Cakes's rating: 1166 &rarr; <strong>1183<\/strong><br \/>(+17 for winning)\n|l|\u2606MintyFreshGaming\n","uploadtime":1698365251,"views":4,"p1id":"mintyfreshgaming","p2id":"aceofcakes","formatid":"gen9anythinggoes","rating":1034,"private":0,"password":""}