{"id":"gen9anythinggoes-1974660977","p1":"SpectrePlay5","p2":"GigaBytes7","format":"[Gen 9] Anything Goes","log":"|j|\u2606SpectrePlay5\n|j|\u2606GigaBytes7\n|t:|1698107752\n|gametype|singles\n|player|p1|SpectrePlay5|acetrainer-gen4dp|1498\n|player|p2|GigaBytes7|elaine|1633\n|teamsize|p1|6\n|teamsize|p2|6\n|gen|9\n|tier|[Gen 9] Anything Goes\n|rated|\n|rule|HP Percentage Mod: HP is shown in percentages\n|rule|Endless Battle Clause: Forcing endless battles is banned\n|clearpoke\n|poke|p1|Cloyster, F|\n|poke|p1|Koraidon|\n|poke|p1|Zoroark-Hisui, F|\n|poke|p1|Haxorus, F|\n|poke|p1|Iron Valiant|\n|poke|p1|Lilligant-Hisui, F|\n|poke|p2|Koraidon|\n|poke|p2|Miraidon|\n|poke|p2|Ting-Lu|\n|poke|p2|Calyrex-Shadow|\n|poke|p2|Arceus|\n|poke|p2|Arceus-Water|\n|teampreview\n|inactive|Battle timer is ON: inactive players will automatically lose when time's up. (requested by GigaBytes7)\n|c|\u2606GigaBytes7|rematch\n|c|\u2606GigaBytes7|i shall hit my burn this time\n|c|\u2606SpectrePlay5|So it seems\n|c|\u2606SpectrePlay5|I hope not\n|\n|t:|1698107772\n|start\n|switch|p1a: Bullet Enthusiast|Cloyster, F, shiny|100\/100\n|switch|p2a: Miraidon|Miraidon|100\/100\n|-fieldstart|move: Electric Terrain|[from] ability: Hadron Engine|[of] p2a: Miraidon\n|turn|1\n|\n|t:|1698107778\n|move|p2a: Miraidon|Volt Switch|p1a: Bullet Enthusiast\n|-supereffective|p1a: Bullet Enthusiast\n|-damage|p1a: Bullet Enthusiast|0 fnt\n|faint|p1a: Bullet Enthusiast\n|c|\u2606GigaBytes7|no sash?\n|\n|t:|1698107785\n|switch|p2a: Koraidon|Koraidon|100\/100|[from] Volt Switch\n|-weather|SunnyDay|[from] ability: Orichalcum Pulse|[of] p2a: Koraidon\n|-activate|p2a: Koraidon|Orichalcum Pulse|[source]\n|\n|-weather|SunnyDay|[upkeep]\n|upkeep\n|c|\u2606SpectrePlay5|shoot\n|\n|t:|1698107791\n|switch|p1a: Free Healthcare|Haxorus, F, shiny|100\/100\n|-ability|p1a: Free Healthcare|Mold Breaker\n|turn|2\n|\n|t:|1698107796\n|move|p2a: Koraidon|U-turn|p1a: Free Healthcare\n|-crit|p1a: Free Healthcare\n|-damage|p1a: Free Healthcare|41\/100\n|-damage|p2a: Koraidon|84\/100|[from] item: Rocky Helmet|[of] p1a: Free Healthcare\n|\n|t:|1698107801\n|switch|p2a: Arceus|Arceus-Water|100\/100|[from] U-turn\n|move|p1a: Free Healthcare|Dragon Dance|p1a: Free Healthcare\n|-boost|p1a: Free Healthcare|atk|1\n|-boost|p1a: Free Healthcare|spe|1\n|\n|-weather|SunnyDay|[upkeep]\n|upkeep\n|turn|3\n|\n|t:|1698107807\n|move|p1a: Free Healthcare|Dragon Claw|p2a: Arceus\n|-damage|p2a: Arceus|70\/100\n|move|p2a: Arceus|Will-O-Wisp|p1a: Free Healthcare\n|-status|p1a: Free Healthcare|brn\n|\n|-weather|SunnyDay|[upkeep]\n|-damage|p1a: Free Healthcare|35\/100 brn|[from] brn\n|upkeep\n|turn|4\n|\n|t:|1698107815\n|move|p1a: Free Healthcare|Dragon Claw|p2a: Arceus\n|-damage|p2a: Arceus|52\/100\n|move|p2a: Arceus|Ice Beam|p1a: Free Healthcare\n|-supereffective|p1a: Free Healthcare\n|-crit|p1a: Free Healthcare\n|-damage|p1a: Free Healthcare|0 fnt\n|faint|p1a: Free Healthcare\n|\n|-weather|SunnyDay|[upkeep]\n|upkeep\n|\n|t:|1698107823\n|switch|p1a: Mower Clippings|Lilligant-Hisui, F, shiny|100\/100\n|turn|5\n|\n|t:|1698107828\n|switch|p2a: Miraidon|Miraidon|100\/100\n|-activate|p2a: Miraidon|ability: Hadron Engine\n|move|p1a: Mower Clippings|Leaf Blade|p2a: Miraidon\n|-resisted|p2a: Miraidon\n|-crit|p2a: Miraidon\n|-damage|p2a: Miraidon|68\/100\n|\n|-weather|none\n|-fieldend|move: Electric Terrain\n|upkeep\n|turn|6\n|\n|t:|1698107840\n|move|p2a: Miraidon|Volt Switch|p1a: Mower Clippings\n|-resisted|p1a: Mower Clippings\n|-damage|p1a: Mower Clippings|58\/100\n|c|\u2606GigaBytes7|the crits this game\n|c|\u2606GigaBytes7|so many\n|\n|t:|1698107845\n|switch|p2a: Koraidon|Koraidon|84\/100|[from] Volt Switch\n|-weather|SunnyDay|[from] ability: Orichalcum Pulse|[of] p2a: Koraidon\n|-activate|p2a: Koraidon|Orichalcum Pulse|[source]\n|move|p1a: Mower Clippings|Victory Dance|p1a: Mower Clippings\n|-boost|p1a: Mower Clippings|atk|1\n|-boost|p1a: Mower Clippings|def|1\n|-boost|p1a: Mower Clippings|spe|1\n|\n|-weather|SunnyDay|[upkeep]\n|upkeep\n|turn|7\n|c|\u2606SpectrePlay5|thx for sun\n|\n|t:|1698107857\n|move|p1a: Mower Clippings|Aerial Ace|p2a: Koraidon\n|-supereffective|p2a: Koraidon\n|-crit|p2a: Koraidon\n|-damage|p2a: Koraidon|2\/100\n|move|p2a: Koraidon|Flare Blitz|p1a: Mower Clippings\n|-supereffective|p1a: Mower Clippings\n|-damage|p1a: Mower Clippings|0 fnt\n|faint|p1a: Mower Clippings\n|-damage|p2a: Koraidon|0 fnt|[from] Recoil\n|faint|p2a: Koraidon\n|\n|-weather|SunnyDay|[upkeep]\n|upkeep\n|c|\u2606GigaBytes7|cholor?\n|c|\u2606SpectrePlay5|bruh\n|c|\u2606GigaBytes7|crit and i still didnt die\n|c|\u2606GigaBytes7|damn\n|c|\u2606GigaBytes7|hustle really is needed\n|\n|t:|1698107874\n|switch|p2a: Calyrex|Calyrex-Shadow|100\/100\n|switch|p1a: Honda Civic|Koraidon|100\/100\n|-ability|p2a: Calyrex|As One\n|-ability|p2a: Calyrex|Unnerve\n|-activate|p1a: Honda Civic|ability: Orichalcum Pulse\n|turn|8\n|c|\u2606SpectrePlay5|lost a game, I'm back on a loss streak'\n|\n|t:|1698107882\n|switch|p2a: Arceus|Arceus-Water|52\/100\n|-terastallize|p1a: Honda Civic|Fairy\n|move|p1a: Honda Civic|Flame Charge|p2a: Arceus\n|-resisted|p2a: Arceus\n|-damage|p2a: Arceus|44\/100\n|-boost|p1a: Honda Civic|spe|1\n|\n|-weather|SunnyDay|[upkeep]\n|upkeep\n|turn|9\n|c|\u2606GigaBytes7|oof\n|\n|t:|1698107895\n|-terastallize|p2a: Arceus|Fairy\n|move|p1a: Honda Civic|Collision Course|p2a: Arceus\n|-resisted|p2a: Arceus\n|-damage|p2a: Arceus|27\/100\n|move|p2a: Arceus|Recover|p2a: Arceus\n|-heal|p2a: Arceus|77\/100\n|\n|-weather|SunnyDay|[upkeep]\n|upkeep\n|turn|10\n|c|\u2606SpectrePlay5|used to it\n|\n|t:|1698107903\n|move|p1a: Honda Civic|Iron Head|p2a: Arceus\n|-supereffective|p2a: Arceus\n|-damage|p2a: Arceus|38\/100\n|move|p2a: Arceus|Will-O-Wisp|p1a: Honda Civic\n|-status|p1a: Honda Civic|brn\n|\n|-weather|none\n|-damage|p1a: Honda Civic|94\/100 brn|[from] brn\n|upkeep\n|turn|11\n|c|\u2606GigaBytes7|we all have those moments\n|\n|t:|1698107911\n|move|p1a: Honda Civic|Iron Head|p2a: Arceus\n|-supereffective|p2a: Arceus\n|-damage|p2a: Arceus|23\/100\n|move|p2a: Arceus|Recover|p2a: Arceus\n|-heal|p2a: Arceus|73\/100\n|\n|-damage|p1a: Honda Civic|88\/100 brn|[from] brn\n|upkeep\n|turn|12\n|\n|t:|1698107917\n|move|p1a: Honda Civic|Iron Head|p2a: Arceus\n|-supereffective|p2a: Arceus\n|-damage|p2a: Arceus|55\/100\n|move|p2a: Arceus|Judgment|p1a: Honda Civic\n|-damage|p1a: Honda Civic|40\/100 brn\n|\n|-damage|p1a: Honda Civic|34\/100 brn|[from] brn\n|upkeep\n|turn|13\n|\n|t:|1698107925\n|move|p1a: Honda Civic|Iron Head|p2a: Arceus\n|-supereffective|p2a: Arceus\n|-damage|p2a: Arceus|40\/100\n|cant|p2a: Arceus|flinch\n|\n|-damage|p1a: Honda Civic|28\/100 brn|[from] brn\n|upkeep\n|turn|14\n|\n|t:|1698107931\n|move|p1a: Honda Civic|Iron Head|p2a: Arceus\n|-supereffective|p2a: Arceus\n|-damage|p2a: Arceus|25\/100\n|cant|p2a: Arceus|flinch\n|\n|-damage|p1a: Honda Civic|22\/100 brn|[from] brn\n|upkeep\n|turn|15\n|c|\u2606GigaBytes7|just as a tip\n|c|\u2606GigaBytes7|cc is probably better\n|\n|t:|1698107938\n|move|p1a: Honda Civic|Iron Head|p2a: Arceus\n|-supereffective|p2a: Arceus\n|-damage|p2a: Arceus|7\/100\n|cant|p2a: Arceus|flinch\n|\n|-damage|p1a: Honda Civic|16\/100 brn|[from] brn\n|upkeep\n|turn|16\n|c|\u2606GigaBytes7|flinch hax >:(\n|c|\u2606SpectrePlay5|resist is worse than supereffective\n|\n|t:|1698107955\n|move|p1a: Honda Civic|Iron Head|p2a: Arceus\n|-supereffective|p2a: Arceus\n|-damage|p2a: Arceus|0 fnt\n|faint|p2a: Arceus\n|\n|-damage|p1a: Honda Civic|10\/100 brn|[from] brn\n|upkeep\n|c|\u2606GigaBytes7|not really\n|c|\u2606GigaBytes7|almost nothing is weak to collision course anyway\n|\n|t:|1698107975\n|switch|p2a: Arceus|Arceus|100\/100\n|turn|17\n|c|\u2606SpectrePlay5|50bp no stab 50% damage or 40bp no stab 200% damage\n|c|\u2606GigaBytes7|close combat\n|c|\u2606GigaBytes7|not whatever else you were thinking\n|c|\u2606SpectrePlay5|cc is 60bp, still worse\n|c|\u2606GigaBytes7|120?\n|c|\u2606SpectrePlay5|burn\n|c|\u2606GigaBytes7|!dt close combat\n|raw|<ul class=\"utilichart\"><li class=\"result\"><span class=\"col movenamecol\"><a href=\"https:\/\/dex.pokemonshowdown.com\/moves\/closecombat\">Close Combat<\/a><\/span> <span class=\"col typecol\"><img src=\"\/\/play.pokemonshowdown.com\/sprites\/types\/Fighting.png\" alt=\"Fighting\" width=\"32\" height=\"14\"><img src=\"\/\/play.pokemonshowdown.com\/sprites\/categories\/Physical.png\" alt=\"Physical\" width=\"32\" height=\"14\"><\/span> <span class=\"col labelcol\"><em>Power<\/em><br>120<\/span> <span class=\"col widelabelcol\"><em>Accuracy<\/em><br>100%<\/span> <span class=\"col pplabelcol\"><em>PP<\/em><br>8<\/span> <span class=\"col movedesccol\">Lowers the user's Defense and Sp. Def by 1.<\/span> <\/li><li style=\"clear:both\"><\/li><\/ul>\n|raw|<font size=\"1\"><font color=\"#686868\">Priority:<\/font> 0&nbsp;|&ThickSpace;<font color=\"#686868\">Gen:<\/font> 4&nbsp;|&ThickSpace;&#10003; Contact&nbsp;|&ThickSpace;<font color=\"#686868\">Z-Power:<\/font> 190&nbsp;|&ThickSpace;<font color=\"#686868\">Dynamax Power:<\/font> 95&nbsp;|&ThickSpace;<font color=\"#686868\">Target:<\/font> One Adjacent Pok\u00e9mon<\/font>\n\n|c|\u2606SpectrePlay5|or did you forget I'm on fire\n|inactive|SpectrePlay5 has 120 seconds left.\n|c|\u2606GigaBytes7|oh i meant in general\n|c|\u2606SpectrePlay5|!dt Collision Course\n|raw|<ul class=\"utilichart\"><li class=\"result\"><span class=\"col movenamecol\"><a href=\"https:\/\/dex.pokemonshowdown.com\/moves\/collisioncourse\">Collision Course<\/a><\/span> <span class=\"col typecol\"><img src=\"\/\/play.pokemonshowdown.com\/sprites\/types\/Fighting.png\" alt=\"Fighting\" width=\"32\" height=\"14\"><img src=\"\/\/play.pokemonshowdown.com\/sprites\/categories\/Physical.png\" alt=\"Physical\" width=\"32\" height=\"14\"><\/span> <span class=\"col labelcol\"><em>Power<\/em><br>100<\/span> <span class=\"col widelabelcol\"><em>Accuracy<\/em><br>100%<\/span> <span class=\"col pplabelcol\"><em>PP<\/em><br>8<\/span> <span class=\"col movedesccol\">Deals 1.3333x damage with supereffective hits.<\/span> <\/li><li style=\"clear:both\"><\/li><\/ul>\n|raw|<font size=\"1\"><font color=\"#686868\">Priority:<\/font> 0&nbsp;|&ThickSpace;<font color=\"#686868\">Gen:<\/font> 9&nbsp;|&ThickSpace;&#10003; Contact&nbsp;|&ThickSpace;<font color=\"#686868\">Z-Power:<\/font> 180&nbsp;|&ThickSpace;<font color=\"#686868\">Dynamax Power:<\/font> 90&nbsp;|&ThickSpace;<font color=\"#686868\">Target:<\/font> One Adjacent Pok\u00e9mon<\/font>\n\n|c|\u2606GigaBytes7|over collision course\n|c|\u2606SpectrePlay5|it's for style\n|\n|t:|1698108023\n|move|p2a: Arceus|Extreme Speed|p1a: Honda Civic\n|-damage|p1a: Honda Civic|0 fnt\n|faint|p1a: Honda Civic\n|\n|upkeep\n|c|\u2606GigaBytes7|oh\n|\n|t:|1698108028\n|switch|p1a: Genderman|Iron Valiant|100\/100\n|turn|18\n|\n|t:|1698108032\n|switch|p2a: Calyrex|Calyrex-Shadow|100\/100\n|-ability|p2a: Calyrex|As One\n|-ability|p2a: Calyrex|Unnerve\n|move|p1a: Genderman|Nasty Plot|p1a: Genderman\n|-boost|p1a: Genderman|spa|2\n|\n|upkeep\n|turn|19\n|\n|t:|1698108042\n|switch|p2a: Ting-Lu|Ting-Lu|100\/100\n|-ability|p2a: Ting-Lu|Vessel of Ruin\n|move|p1a: Genderman|Bitter Malice|p2a: Ting-Lu\n|-resisted|p2a: Ting-Lu\n|-damage|p2a: Ting-Lu|86\/100\n|-unboost|p2a: Ting-Lu|atk|1\n|\n|-heal|p2a: Ting-Lu|92\/100|[from] item: Leftovers\n|upkeep\n|turn|20\n|\n|t:|1698108055\n|move|p1a: Genderman|Sludge Bomb|p2a: Ting-Lu\n|-resisted|p2a: Ting-Lu\n|-damage|p2a: Ting-Lu|79\/100\n|move|p2a: Ting-Lu|Earthquake|p1a: Genderman\n|-damage|p1a: Genderman|50\/100\n|replace|p1a: Imposter Syndrome|Zoroark-Hisui, F, shiny\n|-end|p1a: Imposter Syndrome|Illusion\n|\n|-heal|p2a: Ting-Lu|86\/100|[from] item: Leftovers\n|upkeep\n|turn|21\n|\n|t:|1698108063\n|move|p1a: Imposter Syndrome|Flamethrower|p2a: Ting-Lu\n|-damage|p2a: Ting-Lu|59\/100\n|move|p2a: Ting-Lu|Stealth Rock|p1a: Imposter Syndrome\n|-sidestart|p1: SpectrePlay5|move: Stealth Rock\n|\n|-heal|p2a: Ting-Lu|65\/100|[from] item: Leftovers\n|upkeep\n|turn|22\n|\n|t:|1698108069\n|move|p1a: Imposter Syndrome|Flamethrower|p2a: Ting-Lu\n|-damage|p2a: Ting-Lu|39\/100\n|move|p2a: Ting-Lu|Earthquake|p1a: Imposter Syndrome\n|-damage|p1a: Imposter Syndrome|0 fnt\n|faint|p1a: Imposter Syndrome\n|\n|-heal|p2a: Ting-Lu|45\/100|[from] item: Leftovers\n|upkeep\n|\n|t:|1698108076\n|switch|p1a: Genderman|Iron Valiant|100\/100\n|-damage|p1a: Genderman|94\/100|[from] Stealth Rock\n|-enditem|p1a: Genderman|Booster Energy\n|-activate|p1a: Genderman|ability: Quark Drive|[fromitem]\n|-start|p1a: Genderman|quarkdrivespe\n|turn|23\n|\n|t:|1698108082\n|move|p1a: Genderman|Moonblast|p2a: Ting-Lu\n|-supereffective|p2a: Ting-Lu\n|-damage|p2a: Ting-Lu|3\/100\n|move|p2a: Ting-Lu|Earthquake|p1a: Genderman\n|-damage|p1a: Genderman|62\/100\n|\n|-heal|p2a: Ting-Lu|9\/100|[from] item: Leftovers\n|upkeep\n|turn|24\n|\n|t:|1698108090\n|move|p1a: Genderman|Moonblast|p2a: Ting-Lu\n|-supereffective|p2a: Ting-Lu\n|-damage|p2a: Ting-Lu|0 fnt\n|faint|p2a: Ting-Lu\n|\n|upkeep\n|\n|t:|1698108092\n|switch|p2a: Arceus|Arceus|100\/100\n|turn|25\n|\n|t:|1698108096\n|move|p2a: Arceus|Extreme Speed|p1a: Genderman\n|-damage|p1a: Genderman|4\/100\n|move|p1a: Genderman|Aura Sphere|p2a: Arceus\n|-supereffective|p2a: Arceus\n|-damage|p2a: Arceus|47\/100\n|\n|upkeep\n|turn|26\n|c|\u2606GigaBytes7|gg\n|\n|t:|1698108102\n|move|p2a: Arceus|Extreme Speed|p1a: Genderman\n|-damage|p1a: Genderman|0 fnt\n|faint|p1a: Genderman\n|-end|p1a: Genderman|Quark Drive|[silent]\n|\n|win|GigaBytes7\n|raw|SpectrePlay5's rating: 1498 &rarr; <strong>1485<\/strong><br \/>(-13 for losing)\n|raw|GigaBytes7's rating: 1633 &rarr; <strong>1646<\/strong><br \/>(+13 for winning)\n|c|\u2606SpectrePlay5|gg\n","uploadtime":1698108106,"views":9,"p1id":"spectreplay5","p2id":"gigabytes7","formatid":"gen9anythinggoes","rating":1485,"private":0,"password":""}