{"id":"gen9anythinggoes-1977750156","p1":"Saelesatirivi","p2":"Kalos Baroness","format":"[Gen 9] Anything Goes","log":"|j|\u2606Saelesatirivi\n|j|\u2606Kalos Baroness\n|t:|1698445216\n|gametype|singles\n|player|p1|Saelesatirivi|swimmerf-gen4|1479\n|player|p2|Kalos Baroness|evelyn|1516\n|teamsize|p1|6\n|teamsize|p2|6\n|gen|9\n|tier|[Gen 9] Anything Goes\n|rated|\n|rule|HP Percentage Mod: HP is shown in percentages\n|rule|Endless Battle Clause: Forcing endless battles is banned\n|clearpoke\n|poke|p1|Toxapex, F|\n|poke|p1|Miraidon|\n|poke|p1|Espathra, M|\n|poke|p1|Calyrex-Shadow|\n|poke|p1|Eternatus|\n|poke|p1|Hoopa-Unbound|\n|poke|p2|Ditto|\n|poke|p2|Wooper-Paldea, M|\n|poke|p2|Clodsire, M|\n|poke|p2|Arceus|\n|poke|p2|Eternatus|\n|poke|p2|Calyrex-Shadow|\n|teampreview\n|inactive|Battle timer is ON: inactive players will automatically lose when time's up. (requested by Saelesatirivi)\n|c|\u2606Saelesatirivi|Not you again\n|\n|t:|1698445229\n|start\n|switch|p1a: Miraidon|Miraidon|100\/100\n|switch|p2a: Gooper|Wooper-Paldea, M, shiny|100\/100\n|-fieldstart|move: Electric Terrain|[from] ability: Hadron Engine|[of] p1a: Miraidon\n|turn|1\n|c|\u2606Kalos Baroness|?\n|\n|t:|1698445241\n|move|p1a: Miraidon|Taunt|p2a: Gooper\n|-start|p2a: Gooper|move: Taunt\n|cant|p2a: Gooper|move: Taunt|Spikes\n|\n|upkeep\n|turn|2\n|\n|t:|1698445249\n|switch|p2a: Clod|Clodsire, M, shiny|100\/100\n|move|p1a: Miraidon|Dragon Pulse|p2a: Clod\n|-damage|p2a: Clod|46\/100\n|-damage|p1a: Miraidon|91\/100|[from] item: Life Orb\n|\n|-heal|p2a: Clod|53\/100|[from] item: Leftovers\n|upkeep\n|turn|3\n|\n|t:|1698445269\n|move|p1a: Miraidon|Dragon Pulse|p2a: Clod\n|-damage|p2a: Clod|0 fnt\n|faint|p2a: Clod\n|-damage|p1a: Miraidon|81\/100|[from] item: Life Orb\n|\n|upkeep\n|\n|t:|1698445275\n|switch|p2a: Blue|Ditto, shiny|100\/100\n|-transform|p2a: Blue|p1a: Miraidon|[from] ability: Imposter\n|-activate|p2a: Blue|ability: Hadron Engine\n|turn|4\n|c|\u2606Saelesatirivi|Fought against you a week a go\n|\n|t:|1698445288\n|-terastallize|p1a: Miraidon|Electric\n|move|p2a: Blue|Dragon Pulse|p1a: Miraidon\n|-damage|p1a: Miraidon|24\/100\n|move|p1a: Miraidon|Dragon Pulse|p2a: Blue\n|-supereffective|p2a: Blue\n|-damage|p2a: Blue|0 fnt\n|faint|p2a: Blue\n|-damage|p1a: Miraidon|14\/100|[from] item: Life Orb\n|\n|upkeep\n|\n|t:|1698445298\n|switch|p2a: God|Arceus, shiny|100\/100\n|turn|5\n|\n|t:|1698445306\n|switch|p1a: Calyrex|Calyrex-Shadow|100\/100\n|-ability|p1a: Calyrex|As One\n|-ability|p1a: Calyrex|Unnerve\n|move|p2a: God|Extreme Speed|p1a: Calyrex\n|-immune|p1a: Calyrex\n|\n|-fieldend|move: Electric Terrain\n|upkeep\n|turn|6\n|\n|t:|1698445317\n|move|p1a: Calyrex|Dark Pulse|p2a: God\n|-damage|p2a: God|80\/100\n|move|p2a: God|Roar|p1a: Calyrex\n|drag|p1a: Hoopa|Hoopa-Unbound|100\/100\n|\n|-heal|p2a: God|86\/100|[from] item: Leftovers\n|upkeep\n|turn|7\n|\n|t:|1698445332\n|move|p2a: God|Extreme Speed|p1a: Hoopa\n|-damage|p1a: Hoopa|41\/100\n|move|p1a: Hoopa|Focus Blast|p2a: God\n|-supereffective|p2a: God\n|-damage|p2a: God|18\/100\n|\n|-heal|p2a: God|24\/100|[from] item: Leftovers\n|upkeep\n|turn|8\n|\n|t:|1698445340\n|move|p2a: God|Extreme Speed|p1a: Hoopa\n|-damage|p1a: Hoopa|0 fnt\n|faint|p1a: Hoopa\n|\n|-heal|p2a: God|30\/100|[from] item: Leftovers\n|upkeep\n|\n|t:|1698445348\n|switch|p1a: Eternatus|Eternatus|100\/100\n|-ability|p1a: Eternatus|Pressure\n|turn|9\n|\n|t:|1698445371\n|move|p1a: Eternatus|Reflect|p1a: Eternatus\n|-sidestart|p1: Saelesatirivi|Reflect\n|move|p2a: God|Perish Song|p2a: God\n|-start|p1a: Eternatus|perish3|[silent]\n|-start|p2a: God|perish3|[silent]\n|-fieldactivate|move: Perish Song\n|\n|-heal|p2a: God|36\/100|[from] item: Leftovers\n|-start|p1a: Eternatus|perish3\n|-start|p2a: God|perish3\n|upkeep\n|turn|10\n|\n|t:|1698445379\n|move|p1a: Eternatus|Dynamax Cannon|p2a: God\n|-damage|p2a: God|7\/100\n|move|p2a: God|Recover|p2a: God\n|-heal|p2a: God|57\/100\n|\n|-heal|p2a: God|63\/100|[from] item: Leftovers\n|-start|p1a: Eternatus|perish2\n|-start|p2a: God|perish2\n|upkeep\n|turn|11\n|\n|t:|1698445391\n|move|p1a: Eternatus|Light Screen|p1a: Eternatus\n|-sidestart|p1: Saelesatirivi|move: Light Screen\n|move|p2a: God|Recover|p2a: God\n|-heal|p2a: God|100\/100\n|\n|-start|p1a: Eternatus|perish1\n|-start|p2a: God|perish1\n|upkeep\n|turn|12\n|\n|t:|1698445402\n|switch|p1a: Espathra|Espathra, M|100\/100\n|switch|p2a: Gooper|Wooper-Paldea, M, shiny|100\/100\n|\n|upkeep\n|turn|13\n|\n|t:|1698445418\n|-terastallize|p2a: Gooper|Dark\n|move|p1a: Espathra|Calm Mind|p1a: Espathra\n|-boost|p1a: Espathra|spa|1\n|-boost|p1a: Espathra|spd|1\n|move|p2a: Gooper|Spikes|p1a: Espathra\n|-sidestart|p1: Saelesatirivi|Spikes\n|\n|-sideend|p1: Saelesatirivi|Reflect\n|-ability|p1a: Espathra|Speed Boost|boost\n|-boost|p1a: Espathra|spe|1\n|upkeep\n|turn|14\n|\n|t:|1698445426\n|move|p1a: Espathra|Calm Mind|p1a: Espathra\n|-boost|p1a: Espathra|spa|1\n|-boost|p1a: Espathra|spd|1\n|move|p2a: Gooper|Yawn|p1a: Espathra\n|-start|p1a: Espathra|move: Yawn|[of] p2a: Gooper\n|\n|-ability|p1a: Espathra|Speed Boost|boost\n|-boost|p1a: Espathra|spe|1\n|upkeep\n|turn|15\n|\n|t:|1698445436\n|move|p1a: Espathra|Baton Pass|p1a: Espathra\n|\n|t:|1698445454\n|switch|p1a: Eternatus|Eternatus|100\/100|[from] Baton Pass\n|-damage|p1a: Eternatus|88\/100|[from] Spikes\n|-ability|p1a: Eternatus|Pressure\n|move|p2a: Gooper|Spikes|p1a: Eternatus\n|-sidestart|p1: Saelesatirivi|Spikes\n|\n|-heal|p1a: Eternatus|94\/100|[from] item: Leftovers\n|-sideend|p1: Saelesatirivi|move: Light Screen\n|upkeep\n|turn|16\n|\n|t:|1698445465\n|move|p1a: Eternatus|Dynamax Cannon|p2a: Gooper\n|-damage|p2a: Gooper|0 fnt\n|faint|p2a: Gooper\n|\n|-heal|p1a: Eternatus|100\/100|[from] item: Leftovers\n|upkeep\n|\n|t:|1698445471\n|switch|p2a: God|Arceus, shiny|100\/100\n|turn|17\n|\n|t:|1698445474\n|move|p1a: Eternatus|Dynamax Cannon|p2a: God\n|-damage|p2a: God|50\/100\n|move|p2a: God|Roar|p1a: Eternatus\n|drag|p1a: Miraidon|Miraidon, tera:Electric|14\/100\n|-damage|p1a: Miraidon|0 fnt|[from] Spikes\n|faint|p1a: Miraidon\n|\n|-heal|p2a: God|56\/100|[from] item: Leftovers\n|upkeep\n|\n|t:|1698445481\n|switch|p1a: Toxapex|Toxapex, F|100\/100\n|-damage|p1a: Toxapex|84\/100|[from] Spikes\n|turn|18\n|\n|t:|1698445487\n|switch|p2a: Le Grapin|Eternatus, shiny|100\/100\n|-ability|p2a: Le Grapin|Pressure\n|move|p1a: Toxapex|Toxic Spikes|p2a: Le Grapin\n|-sidestart|p2: Kalos Baroness|move: Toxic Spikes\n|\n|upkeep\n|turn|19\n|\n|t:|1698445499\n|switch|p2a: God|Arceus, shiny|56\/100\n|-status|p2a: God|psn\n|move|p1a: Toxapex|Toxic Spikes|p2a: God\n|-sidestart|p2: Kalos Baroness|move: Toxic Spikes\n|\n|-heal|p2a: God|62\/100 psn|[from] item: Leftovers\n|-damage|p2a: God|50\/100 psn|[from] psn\n|upkeep\n|turn|20\n|\n|t:|1698445509\n|move|p2a: God|Recover|p2a: God\n|-heal|p2a: God|99\/100 psn\n|move|p1a: Toxapex|Liquidation|p2a: God\n|-damage|p2a: God|87\/100 psn\n|\n|-heal|p2a: God|93\/100 psn|[from] item: Leftovers\n|-damage|p2a: God|80\/100 psn|[from] psn\n|upkeep\n|turn|21\n|\n|t:|1698445519\n|switch|p2a: Le Grapin|Eternatus, shiny|100\/100\n|-sideend|p2: Kalos Baroness|move: Toxic Spikes|[of] p2a: Le Grapin\n|-ability|p2a: Le Grapin|Pressure\n|move|p1a: Toxapex|Baneful Bunker||[still]\n|-fail|p1a: Toxapex\n|\n|upkeep\n|turn|22\n|\n|t:|1698445527\n|switch|p2a: God|Arceus, shiny|80\/100 psn\n|move|p1a: Toxapex|Toxic Spikes|p2a: God\n|-sidestart|p2: Kalos Baroness|move: Toxic Spikes\n|\n|-heal|p2a: God|87\/100 psn|[from] item: Leftovers\n|-damage|p2a: God|74\/100 psn|[from] psn\n|upkeep\n|turn|23\n|\n|t:|1698445535\n|move|p1a: Toxapex|Baneful Bunker|p1a: Toxapex\n|-singleturn|p1a: Toxapex|move: Protect\n|move|p2a: God|Roar|p1a: Toxapex\n|drag|p1a: Calyrex|Calyrex-Shadow|100\/100\n|-ability|p1a: Calyrex|As One\n|-ability|p1a: Calyrex|Unnerve\n|-damage|p1a: Calyrex|84\/100|[from] Spikes\n|\n|-heal|p2a: God|80\/100 psn|[from] item: Leftovers\n|-damage|p2a: God|68\/100 psn|[from] psn\n|upkeep\n|turn|24\n|\n|t:|1698445549\n|switch|p1a: Eternatus|Eternatus|100\/100\n|-damage|p1a: Eternatus|84\/100|[from] Spikes\n|-ability|p1a: Eternatus|Pressure\n|move|p2a: God|Roar|p1a: Eternatus\n|drag|p1a: Calyrex|Calyrex-Shadow|84\/100\n|-ability|p1a: Calyrex|As One\n|-ability|p1a: Calyrex|Unnerve\n|-damage|p1a: Calyrex|68\/100|[from] Spikes\n|\n|-heal|p2a: God|74\/100 psn|[from] item: Leftovers\n|-damage|p2a: God|62\/100 psn|[from] psn\n|upkeep\n|turn|25\n|\n|t:|1698445565\n|move|p1a: Calyrex|Dark Pulse|p2a: God\n|-damage|p2a: God|44\/100 psn\n|move|p2a: God|Recover|p2a: God\n|-heal|p2a: God|94\/100 psn\n|\n|-heal|p2a: God|99\/100 psn|[from] item: Leftovers\n|-damage|p2a: God|87\/100 psn|[from] psn\n|upkeep\n|turn|26\n|\n|t:|1698445573\n|switch|p1a: Toxapex|Toxapex, F|100\/100\n|-damage|p1a: Toxapex|84\/100|[from] Spikes\n|move|p2a: God|Roar|p1a: Toxapex\n|drag|p1a: Espathra|Espathra, M|100\/100\n|-damage|p1a: Espathra|84\/100|[from] Spikes\n|\n|-heal|p2a: God|93\/100 psn|[from] item: Leftovers\n|-damage|p2a: God|81\/100 psn|[from] psn\n|upkeep\n|turn|27\n|\n|t:|1698445586\n|move|p1a: Espathra|Protect|p1a: Espathra\n|-singleturn|p1a: Espathra|Protect\n|move|p2a: God|Extreme Speed|p1a: Espathra\n|-activate|p1a: Espathra|move: Protect\n|\n|-heal|p2a: God|87\/100 psn|[from] item: Leftovers\n|-damage|p2a: God|75\/100 psn|[from] psn\n|-ability|p1a: Espathra|Speed Boost|boost\n|-boost|p1a: Espathra|spe|1\n|upkeep\n|turn|28\n|\n|t:|1698445596\n|switch|p1a: Toxapex|Toxapex, F|100\/100\n|-damage|p1a: Toxapex|84\/100|[from] Spikes\n|move|p2a: God|Roar|p1a: Toxapex\n|drag|p1a: Espathra|Espathra, M|84\/100\n|-damage|p1a: Espathra|67\/100|[from] Spikes\n|\n|-heal|p2a: God|81\/100 psn|[from] item: Leftovers\n|-damage|p2a: God|68\/100 psn|[from] psn\n|upkeep\n|turn|29\n|\n|t:|1698445607\n|switch|p1a: Toxapex|Toxapex, F|100\/100\n|-damage|p1a: Toxapex|84\/100|[from] Spikes\n|move|p2a: God|Roar|p1a: Toxapex\n|drag|p1a: Eternatus|Eternatus|84\/100\n|-damage|p1a: Eternatus|67\/100|[from] Spikes\n|-ability|p1a: Eternatus|Pressure\n|\n|-heal|p1a: Eternatus|74\/100|[from] item: Leftovers\n|-heal|p2a: God|74\/100 psn|[from] item: Leftovers\n|-damage|p2a: God|62\/100 psn|[from] psn\n|upkeep\n|turn|30\n|\n|t:|1698445620\n|move|p1a: Eternatus|Dynamax Cannon|p2a: God\n|-damage|p2a: God|33\/100 psn\n|move|p2a: God|Recover|p2a: God\n|-heal|p2a: God|83\/100 psn\n|\n|-heal|p1a: Eternatus|80\/100|[from] item: Leftovers\n|-heal|p2a: God|89\/100 psn|[from] item: Leftovers\n|-damage|p2a: God|77\/100 psn|[from] psn\n|upkeep\n|turn|31\n|\n|t:|1698445629\n|move|p1a: Eternatus|Dynamax Cannon|p2a: God\n|-damage|p2a: God|49\/100 psn\n|move|p2a: God|Roar|p1a: Eternatus\n|drag|p1a: Calyrex|Calyrex-Shadow|68\/100\n|-ability|p1a: Calyrex|As One\n|-ability|p1a: Calyrex|Unnerve\n|-damage|p1a: Calyrex|51\/100|[from] Spikes\n|\n|-heal|p2a: God|55\/100 psn|[from] item: Leftovers\n|-damage|p2a: God|42\/100 psn|[from] psn\n|upkeep\n|turn|32\n|\n|t:|1698445641\n|move|p1a: Calyrex|Draining Kiss|p2a: God\n|-damage|p2a: God|31\/100 psn\n|-heal|p1a: Calyrex|63\/100|[from] drain|[of] p2a: God\n|move|p2a: God|Recover|p2a: God\n|-heal|p2a: God|81\/100 psn\n|\n|-heal|p2a: God|87\/100 psn|[from] item: Leftovers\n|-damage|p2a: God|74\/100 psn|[from] psn\n|upkeep\n|turn|33\n|\n|t:|1698445651\n|move|p1a: Calyrex|Draining Kiss|p2a: God\n|-damage|p2a: God|63\/100 psn\n|-heal|p1a: Calyrex|74\/100|[from] drain|[of] p2a: God\n|move|p2a: God|Roar|p1a: Calyrex\n|drag|p1a: Toxapex|Toxapex, F|100\/100\n|-damage|p1a: Toxapex|84\/100|[from] Spikes\n|\n|-heal|p2a: God|69\/100 psn|[from] item: Leftovers\n|-damage|p2a: God|56\/100 psn|[from] psn\n|upkeep\n|turn|34\n|\n|t:|1698445661\n|move|p2a: God|Recover|p2a: God\n|-heal|p2a: God|100\/100 psn\n|move|p1a: Toxapex|Toxic Spikes|p2a: God\n|-sidestart|p2: Kalos Baroness|move: Toxic Spikes\n|\n|-damage|p2a: God|88\/100 psn|[from] psn\n|upkeep\n|turn|35\n|\n|t:|1698445668\n|move|p1a: Toxapex|Liquidation|p2a: God\n|-damage|p2a: God|77\/100 psn\n|move|p2a: God|Roar|p1a: Toxapex\n|drag|p1a: Espathra|Espathra, M|67\/100\n|-damage|p1a: Espathra|51\/100|[from] Spikes\n|\n|-heal|p2a: God|83\/100 psn|[from] item: Leftovers\n|-damage|p2a: God|70\/100 psn|[from] psn\n|upkeep\n|turn|36\n|\n|t:|1698445679\n|move|p1a: Espathra|Protect|p1a: Espathra\n|-singleturn|p1a: Espathra|Protect\n|move|p2a: God|Roar|p1a: Espathra\n|drag|p1a: Eternatus|Eternatus|80\/100\n|-damage|p1a: Eternatus|63\/100|[from] Spikes\n|-ability|p1a: Eternatus|Pressure\n|\n|-heal|p1a: Eternatus|70\/100|[from] item: Leftovers\n|-heal|p2a: God|76\/100 psn|[from] item: Leftovers\n|-damage|p2a: God|64\/100 psn|[from] psn\n|upkeep\n|turn|37\n|\n|t:|1698445691\n|move|p1a: Eternatus|Recover|p1a: Eternatus\n|-heal|p1a: Eternatus|100\/100\n|move|p2a: God|Roar|p1a: Eternatus\n|drag|p1a: Toxapex|Toxapex, F|100\/100\n|-damage|p1a: Toxapex|84\/100|[from] Spikes\n|\n|-heal|p2a: God|70\/100 psn|[from] item: Leftovers\n|-damage|p2a: God|58\/100 psn|[from] psn\n|upkeep\n|turn|38\n|\n|t:|1698445702\n|move|p1a: Toxapex|Liquidation|p2a: God\n|-damage|p2a: God|46\/100 psn\n|move|p2a: God|Roar|p1a: Toxapex\n|drag|p1a: Eternatus|Eternatus|100\/100\n|-damage|p1a: Eternatus|84\/100|[from] Spikes\n|-ability|p1a: Eternatus|Pressure\n|\n|-heal|p1a: Eternatus|90\/100|[from] item: Leftovers\n|-heal|p2a: God|52\/100 psn|[from] item: Leftovers\n|-damage|p2a: God|39\/100 psn|[from] psn\n|upkeep\n|turn|39\n|\n|t:|1698445714\n|move|p1a: Eternatus|Reflect|p1a: Eternatus\n|-sidestart|p1: Saelesatirivi|Reflect\n|move|p2a: God|Roar|p1a: Eternatus\n|drag|p1a: Espathra|Espathra, M|51\/100\n|-damage|p1a: Espathra|34\/100|[from] Spikes\n|\n|-heal|p2a: God|45\/100 psn|[from] item: Leftovers\n|-damage|p2a: God|33\/100 psn|[from] psn\n|upkeep\n|turn|40\n|\n|t:|1698445723\n|move|p1a: Espathra|Protect|p1a: Espathra\n|-singleturn|p1a: Espathra|Protect\n|move|p2a: God|Extreme Speed|p1a: Espathra\n|-activate|p1a: Espathra|move: Protect\n|\n|-heal|p2a: God|39\/100 psn|[from] item: Leftovers\n|-damage|p2a: God|27\/100 psn|[from] psn\n|-ability|p1a: Espathra|Speed Boost|boost\n|-boost|p1a: Espathra|spe|1\n|upkeep\n|turn|41\n|\n|t:|1698445733\n|switch|p1a: Toxapex|Toxapex, F|100\/100\n|-damage|p1a: Toxapex|84\/100|[from] Spikes\n|move|p2a: God|Roar|p1a: Toxapex\n|drag|p1a: Espathra|Espathra, M|34\/100\n|-damage|p1a: Espathra|17\/100|[from] Spikes\n|\n|-heal|p2a: God|33\/100 psn|[from] item: Leftovers\n|-damage|p2a: God|20\/100 psn|[from] psn\n|upkeep\n|turn|42\n|\n|t:|1698445743\n|move|p1a: Espathra|Protect|p1a: Espathra\n|-singleturn|p1a: Espathra|Protect\n|move|p2a: God|Roar|p1a: Espathra\n|drag|p1a: Calyrex|Calyrex-Shadow|74\/100\n|-ability|p1a: Calyrex|As One\n|-ability|p1a: Calyrex|Unnerve\n|-damage|p1a: Calyrex|58\/100|[from] Spikes\n|\n|-heal|p2a: God|26\/100 psn|[from] item: Leftovers\n|-damage|p2a: God|14\/100 psn|[from] psn\n|upkeep\n|turn|43\n|\n|t:|1698445756\n|move|p1a: Calyrex|Dark Pulse|p2a: God\n|-damage|p2a: God|0 fnt\n|faint|p2a: God\n|-ability|p1a: Calyrex|Grim Neigh|boost\n|-boost|p1a: Calyrex|spa|1\n|\n|-sideend|p1: Saelesatirivi|Reflect\n|upkeep\n|\n|t:|1698445764\n|switch|p2a: Le Grapin|Eternatus, shiny|100\/100\n|-sideend|p2: Kalos Baroness|move: Toxic Spikes|[of] p2a: Le Grapin\n|-ability|p2a: Le Grapin|Pressure\n|turn|44\n|\n|t:|1698445781\n|switch|p1a: Toxapex|Toxapex, F|100\/100\n|-damage|p1a: Toxapex|84\/100|[from] Spikes\n|move|p2a: Le Grapin|Dynamax Cannon|p1a: Toxapex\n|-damage|p1a: Toxapex|37\/100\n|\n|upkeep\n|turn|45\n|\n|t:|1698445790\n|switch|p1a: Espathra|Espathra, M|17\/100\n|-damage|p1a: Espathra|1\/100|[from] Spikes\n|move|p2a: Le Grapin|Dynamax Cannon|p1a: Espathra\n|-damage|p1a: Espathra|0 fnt\n|faint|p1a: Espathra\n|\n|upkeep\n|\n|t:|1698445799\n|switch|p1a: Eternatus|Eternatus|90\/100\n|-damage|p1a: Eternatus|74\/100|[from] Spikes\n|-ability|p1a: Eternatus|Pressure\n|turn|46\n|\n|t:|1698445808\n|move|p2a: Le Grapin|Dynamax Cannon|p1a: Eternatus\n|-supereffective|p1a: Eternatus\n|-damage|p1a: Eternatus|0 fnt\n|faint|p1a: Eternatus\n|\n|upkeep\n|\n|t:|1698445812\n|switch|p1a: Calyrex|Calyrex-Shadow|58\/100\n|-ability|p1a: Calyrex|As One\n|-ability|p1a: Calyrex|Unnerve\n|-damage|p1a: Calyrex|41\/100|[from] Spikes\n|turn|47\n|\n|t:|1698445819\n|move|p1a: Calyrex|Astral Barrage|p2a: Le Grapin\n|-damage|p2a: Le Grapin|34\/100\n|move|p2a: Le Grapin|Dynamax Cannon|p1a: Calyrex\n|-damage|p1a: Calyrex|0 fnt\n|faint|p1a: Calyrex\n|\n|-heal|p2a: Le Grapin|40\/100|[from] item: Leftovers\n|upkeep\n|j| s3rp3rior\n|\n|t:|1698445825\n|switch|p1a: Toxapex|Toxapex, F|71\/100\n|-damage|p1a: Toxapex|54\/100|[from] Spikes\n|turn|48\n|c|\u2606Saelesatirivi|Ty for stalling\n|\n|t:|1698445831\n|switch|p2a: Death|Calyrex-Shadow|100\/100\n|-ability|p2a: Death|As One\n|-ability|p2a: Death|Unnerve\n|move|p1a: Toxapex|Liquidation|p2a: Death\n|-damage|p2a: Death|76\/100\n|\n|upkeep\n|turn|49\n|c|\u2606Saelesatirivi|gg\n|\n|t:|1698445840\n|move|p2a: Death|Psyshock|p1a: Toxapex\n|-supereffective|p1a: Toxapex\n|-damage|p1a: Toxapex|0 fnt\n|faint|p1a: Toxapex\n|\n|win|Kalos Baroness\n|raw|Saelesatirivi's rating: 1479 &rarr; <strong>1461<\/strong><br \/>(-18 for losing)\n|raw|Kalos Baroness's rating: 1516 &rarr; <strong>1534<\/strong><br \/>(+18 for winning)\n","uploadtime":1698445847,"views":3,"p1id":"saelesatirivi","p2id":"kalosbaroness","formatid":"gen9anythinggoes","rating":1461,"private":0,"password":""}