{"id":"gen9anythinggoes-1991829820","p1":"zhangdinglong","p2":"AGisgood\u82cd\u54cd\u4fa0","format":"[Gen 9] Anything Goes","log":"|j|\u2606zhangdinglong\n|j|\u2606AGisgood\u82cd\u54cd\u4fa0\n|inactive|Battle timer is ON: inactive players will automatically lose when time's up.\n|t:|1700124807\n|gametype|singles\n|player|p1|zhangdinglong|elesa-masters|\n|player|p2|AGisgood\u82cd\u54cd\u4fa0|iono|\n|teamsize|p1|6\n|teamsize|p2|6\n|gen|9\n|tier|[Gen 9] Anything Goes\n|rated|Tournament battle\n|rule|HP Percentage Mod: HP is shown in percentages\n|rule|Endless Battle Clause: Forcing endless battles is banned\n|clearpoke\n|poke|p1|Arceus|\n|poke|p1|Arceus-Grass|\n|poke|p1|Koraidon|\n|poke|p1|Calyrex-Ice|\n|poke|p1|Rayquaza|\n|poke|p1|Ursaluna-Bloodmoon, M|\n|poke|p2|Blissey, F|\n|poke|p2|Gliscor, F|\n|poke|p2|Mandibuzz, F|\n|poke|p2|Dondozo, M|\n|poke|p2|Alomomola, F|\n|poke|p2|Clodsire, F|\n|teampreview\n|inactive|AGisgood\u82cd\u54cd\u4fa0 also wants the timer to be on.\n|c|\u2606AGisgood\u82cd\u54cd\u4fa0|\u725b\u903c\n|c|\u2606zhangdinglong|\u4f60\u771fTM\n|j| GUESSWHOTPRADO\n|j| C0ld as Ice\n|c|\u2606zhangdinglong|\u6211\u5c31\u51d1\u51d1\u70ed\u95f9\n|c|\u2606AGisgood\u82cd\u54cd\u4fa0|what the\n|c|\u2606AGisgood\u82cd\u54cd\u4fa0|hell\n|inactive|zhangdinglong has 120 seconds left.\n|\n|t:|1700124837\n|start\n|switch|p1a: Calyrex|Calyrex-Ice|100\/100\n|switch|p2a: Gliscor|Gliscor, F|100\/100\n|-ability|p1a: Calyrex|As One\n|-ability|p1a: Calyrex|Unnerve\n|turn|1\n|inactive|zhangdinglong has 120 seconds left.\n|\n|t:|1700124886\n|-terastallize|p1a: Calyrex|Ice\n|move|p2a: Gliscor|Protect|p2a: Gliscor\n|-singleturn|p2a: Gliscor|Protect\n|move|p1a: Calyrex|Glacial Lance|p2a: Gliscor\n|-activate|p2a: Gliscor|move: Protect\n|\n|-status|p2a: Gliscor|tox|[from] item: Toxic Orb\n|upkeep\n|turn|2\n|\n|t:|1700124908\n|switch|p2a: Dondozo|Dondozo, M|100\/100\n|move|p1a: Calyrex|Glacial Lance|p2a: Dondozo\n|-resisted|p2a: Dondozo\n|-damage|p2a: Dondozo|63\/100\n|\n|upkeep\n|turn|3\n|\n|t:|1700124916\n|switch|p1a: Ursaluna|Ursaluna-Bloodmoon, M|100\/100\n|move|p2a: Dondozo|Rest|p2a: Dondozo\n|-status|p2a: Dondozo|slp|[from] move: Rest\n|-heal|p2a: Dondozo|100\/100 slp|[silent]\n|\n|upkeep\n|turn|4\n|\n|t:|1700124922\n|switch|p2a: Blissey|Blissey, F|100\/100\n|move|p1a: Ursaluna|Blood Moon|p2a: Blissey\n|-damage|p2a: Blissey|66\/100\n|\n|upkeep\n|turn|5\n|\n|t:|1700124929\n|switch|p1a: Calyrex|Calyrex-Ice, tera:Ice|100\/100\n|-ability|p1a: Calyrex|As One\n|-ability|p1a: Calyrex|Unnerve\n|move|p2a: Blissey|Stealth Rock|p1a: Calyrex\n|-sidestart|p1: zhangdinglong|move: Stealth Rock\n|\n|upkeep\n|turn|6\n|\n|t:|1700124957\n|switch|p2a: Dondozo|Dondozo, M|100\/100 slp\n|move|p1a: Calyrex|Seed Bomb|p2a: Dondozo\n|-supereffective|p2a: Dondozo\n|-damage|p2a: Dondozo|54\/100 slp\n|\n|upkeep\n|turn|7\n|c|\u2606zhangdinglong|\u8fd9\u90fd\u4e0d\u8fc7\u534a\n|inactive|zhangdinglong has 90 seconds left.\n|\n|t:|1700124973\n|switch|p2a: Mandibuzz|Mandibuzz, F|100\/100\n|move|p1a: Calyrex|Seed Bomb|p2a: Mandibuzz\n|-resisted|p2a: Mandibuzz\n|-damage|p2a: Mandibuzz|79\/100\n|\n|upkeep\n|turn|8\n|inactive|zhangdinglong has 90 seconds left.\n|\n|t:|1700124987\n|switch|p1a: Koraidon|Koraidon|100\/100\n|-damage|p1a: Koraidon|94\/100|[from] Stealth Rock\n|-weather|SunnyDay|[from] ability: Orichalcum Pulse|[of] p1a: Koraidon\n|-activate|p1a: Koraidon|Orichalcum Pulse|[source]\n|move|p2a: Mandibuzz|Toxic|p1a: Koraidon\n|-status|p1a: Koraidon|tox\n|\n|-weather|SunnyDay|[upkeep]\n|-damage|p1a: Koraidon|88\/100 tox|[from] psn\n|upkeep\n|turn|9\n|inactive|zhangdinglong has 90 seconds left.\n|\n|t:|1700125011\n|switch|p2a: Alomomola|Alomomola, F|100\/100\n|move|p1a: Koraidon|Outrage|p2a: Alomomola\n|-damage|p2a: Alomomola|53\/100\n|\n|-weather|SunnyDay|[upkeep]\n|-damage|p1a: Koraidon|76\/100 tox|[from] psn\n|upkeep\n|turn|10\n|\n|t:|1700125022\n|-terastallize|p2a: Alomomola|Fairy\n|move|p1a: Koraidon|Outrage|p2a: Alomomola|[from]lockedmove\n|-immune|p2a: Alomomola\n|-start|p1a: Koraidon|confusion|[fatigue]\n|move|p2a: Alomomola|Play Rough|p1a: Koraidon\n|-supereffective|p1a: Koraidon\n|-damage|p1a: Koraidon|0 fnt\n|faint|p1a: Koraidon\n|\n|-weather|SunnyDay|[upkeep]\n|upkeep\n|c|\u2606zhangdinglong|\u90fd\u4e0d\u8fc7\u534a\uff1f\n|\n|t:|1700125032\n|switch|p1a: Calyrex|Calyrex-Ice, tera:Ice|100\/100\n|-ability|p1a: Calyrex|As One\n|-ability|p1a: Calyrex|Unnerve\n|-damage|p1a: Calyrex|76\/100|[from] Stealth Rock\n|turn|11\n|\n|t:|1700125061\n|switch|p2a: Mandibuzz|Mandibuzz, F|79\/100\n|move|p1a: Calyrex|Glacial Lance|p2a: Mandibuzz\n|-supereffective|p2a: Mandibuzz\n|-damage|p2a: Mandibuzz|0 fnt\n|faint|p2a: Mandibuzz\n|-ability|p1a: Calyrex|Chilling Neigh|boost\n|-boost|p1a: Calyrex|atk|1\n|\n|-weather|SunnyDay|[upkeep]\n|upkeep\n|inactive|AGisgood\u82cd\u54cd\u4fa0 has 120 seconds left.\n|\n|t:|1700125075\n|switch|p2a: Dondozo|Dondozo, M|54\/100 slp\n|turn|12\n|\n|t:|1700125083\n|switch|p1a: Arceus|Arceus-Grass|100\/100\n|-damage|p1a: Arceus|88\/100|[from] Stealth Rock\n|cant|p2a: Dondozo|slp\n|move|p2a: Dondozo|Sleep Talk|p2a: Dondozo\n|move|p2a: Dondozo|Body Press|p1a: Arceus|[from]move: Sleep Talk\n|-damage|p1a: Arceus|70\/100\n|\n|-weather|none\n|upkeep\n|turn|13\n|\n|t:|1700125101\n|switch|p2a: Clodsire|Clodsire, F|100\/100\n|move|p1a: Arceus|Judgment|p2a: Clodsire\n|-damage|p2a: Clodsire|74\/100\n|\n|upkeep\n|turn|14\n|\n|t:|1700125108\n|move|p1a: Arceus|Taunt|p2a: Clodsire\n|-start|p2a: Clodsire|move: Taunt\n|cant|p2a: Clodsire|move: Taunt|Toxic Spikes\n|\n|upkeep\n|turn|15\n|\n|t:|1700125115\n|switch|p1a: Calyrex|Calyrex-Ice, tera:Ice|76\/100\n|-ability|p1a: Calyrex|As One\n|-ability|p1a: Calyrex|Unnerve\n|-damage|p1a: Calyrex|51\/100|[from] Stealth Rock\n|switch|p2a: Blissey|Blissey, F|66\/100\n|\n|upkeep\n|turn|16\n|\n|t:|1700125123\n|switch|p2a: Dondozo|Dondozo, M|54\/100 slp\n|move|p1a: Calyrex|Glacial Lance|p2a: Dondozo\n|-resisted|p2a: Dondozo\n|-damage|p2a: Dondozo|19\/100 slp\n|\n|upkeep\n|turn|17\n|\n|t:|1700125151\n|switch|p2a: Gliscor|Gliscor, F|100\/100 tox\n|move|p1a: Calyrex|Glacial Lance|p2a: Gliscor\n|-supereffective|p2a: Gliscor\n|-damage|p2a: Gliscor|0 fnt\n|faint|p2a: Gliscor\n|-ability|p1a: Calyrex|Chilling Neigh|boost\n|-boost|p1a: Calyrex|atk|1\n|\n|upkeep\n|c|\u2606zhangdinglong|\u8bf4\u8bdd\n|\n|t:|1700125152\n|switch|p2a: Dondozo|Dondozo, M|19\/100 slp\n|turn|18\n|c|\u2606zhangdinglong|\u53d7\u903c\n|\n|t:|1700125158\n|cant|p2a: Dondozo|slp\n|move|p2a: Dondozo|Sleep Talk|p2a: Dondozo\n|move|p2a: Dondozo|Rest||[from]move: Sleep Talk|[still]\n|-fail|p2a: Dondozo\n|move|p1a: Calyrex|Glacial Lance|p2a: Dondozo\n|-resisted|p2a: Dondozo\n|-damage|p2a: Dondozo|0 fnt\n|faint|p2a: Dondozo\n|-ability|p1a: Calyrex|Chilling Neigh|boost\n|-boost|p1a: Calyrex|atk|1\n|\n|upkeep\n|-message|AGisgood\u82cd\u54cd\u4fa0 forfeited.\n|\n|win|zhangdinglong\n|n|\u2606zhangdinglong|zhangdinglong\n|n|\u2606AGisgood\u82cd\u54cd\u4fa0|agisgood\n|n| GUESSWHOTPRADO|guesswhotprado\n|n| C0ld as Ice|c0ldasice\n|l|\u2606AGisgood\u82cd\u54cd\u4fa0\n|c|\u2606zhangdinglong|\u4e0d\u53ef\u9976\u6055\n|l|\u2606zhangdinglong\n|l| GUESSWHOTPRADO\n|j|\u2606zhangdinglong\n|player|p1|zhangdinglong|elesa-masters\n","uploadtime":1700125319,"views":5,"p1id":"zhangdinglong","p2id":"agisgood","formatid":"gen9anythinggoes","rating":0,"private":0,"password":""}