{"id":"gen9anythinggoes-1976063973","p1":"IamrandomElement","p2":"DDawnmadness","format":"[Gen 9] Anything Goes","log":"|j|\u2606IamrandomElement\n|j|\u2606DDawnmadness\n|t:|1698260603\n|gametype|singles\n|player|p1|IamrandomElement|iris-gen5bw2|1239\n|player|p2|DDawnmadness|ingo|1344\n|teamsize|p1|6\n|teamsize|p2|6\n|gen|9\n|tier|[Gen 9] Anything Goes\n|rated|\n|rule|HP Percentage Mod: HP is shown in percentages\n|rule|Endless Battle Clause: Forcing endless battles is banned\n|clearpoke\n|poke|p1|Zamazenta-*|\n|poke|p1|Maushold-Four|\n|poke|p1|Zacian-*|\n|poke|p1|Garchomp, M|\n|poke|p1|Espathra, M|\n|poke|p1|Vivillon-Monsoon, M|\n|poke|p2|Chien-Pao|\n|poke|p2|Giratina-Origin|\n|poke|p2|Espathra, M|\n|poke|p2|Arceus|\n|poke|p2|Magearna|\n|poke|p2|Ursaluna-Bloodmoon, M|\n|teampreview\n|\n|t:|1698260608\n|start\n|switch|p1a: Tax Reporter|Espathra, M|100\/100\n|switch|p2a: Espathra|Espathra, M|100\/100\n|turn|1\n|\n|t:|1698260618\n|move|p1a: Tax Reporter|Protect|p1a: Tax Reporter\n|-singleturn|p1a: Tax Reporter|Protect\n|move|p2a: Espathra|Calm Mind|p2a: Espathra\n|-boost|p2a: Espathra|spa|1\n|-boost|p2a: Espathra|spd|1\n|\n|-ability|p1a: Tax Reporter|Speed Boost|boost\n|-boost|p1a: Tax Reporter|spe|1\n|-ability|p2a: Espathra|Speed Boost|boost\n|-boost|p2a: Espathra|spe|1\n|upkeep\n|turn|2\n|\n|t:|1698260627\n|move|p1a: Tax Reporter|Calm Mind|p1a: Tax Reporter\n|-boost|p1a: Tax Reporter|spa|1\n|-boost|p1a: Tax Reporter|spd|1\n|move|p2a: Espathra|Calm Mind|p2a: Espathra\n|-boost|p2a: Espathra|spa|1\n|-boost|p2a: Espathra|spd|1\n|\n|-ability|p1a: Tax Reporter|Speed Boost|boost\n|-boost|p1a: Tax Reporter|spe|1\n|-ability|p2a: Espathra|Speed Boost|boost\n|-boost|p2a: Espathra|spe|1\n|upkeep\n|turn|3\n|l|\u2606DDawnmadness\n|player|p2|\n|j|\u2606DDawnmadness\n|player|p2|DDawnmadness|ingo\n|c|\u2606DDawnmadness|Didn\u2019t we run into each other before?\n|c|\u2606IamrandomElement|uhhhh\n|c|\u2606IamrandomElement|noooooooo\n|c|\u2606IamrandomElement|shhhh\n|\n|t:|1698260662\n|move|p1a: Tax Reporter|Calm Mind|p1a: Tax Reporter\n|-boost|p1a: Tax Reporter|spa|1\n|-boost|p1a: Tax Reporter|spd|1\n|move|p2a: Espathra|Calm Mind|p2a: Espathra\n|-boost|p2a: Espathra|spa|1\n|-boost|p2a: Espathra|spd|1\n|\n|-ability|p1a: Tax Reporter|Speed Boost|boost\n|-boost|p1a: Tax Reporter|spe|1\n|-ability|p2a: Espathra|Speed Boost|boost\n|-boost|p2a: Espathra|spe|1\n|upkeep\n|turn|4\n|c|\u2606DDawnmadness|Ok\n|\n|t:|1698260671\n|move|p1a: Tax Reporter|Baton Pass|p1a: Tax Reporter\n|\n|t:|1698260673\n|switch|p1a: Loan Shark|Vivillon-Monsoon, M, shiny|100\/100|[from] Baton Pass\n|move|p2a: Espathra|Baton Pass|p2a: Espathra\n|\n|t:|1698260680\n|switch|p2a: Giratina|Giratina-Origin|100\/100|[from] Baton Pass\n|\n|upkeep\n|turn|5\n|\n|t:|1698260687\n|move|p1a: Loan Shark|Sleep Powder|p2a: Giratina\n|-status|p2a: Giratina|slp|[from] move: Sleep Powder\n|cant|p2a: Giratina|slp\n|\n|upkeep\n|turn|6\n|\n|t:|1698260694\n|move|p1a: Loan Shark|Hurricane|p2a: Giratina\n|-damage|p2a: Giratina|75\/100 slp\n|-start|p2a: Giratina|confusion\n|cant|p2a: Giratina|slp\n|\n|upkeep\n|turn|7\n|\n|t:|1698260700\n|move|p1a: Loan Shark|Quiver Dance|p1a: Loan Shark\n|-boost|p1a: Loan Shark|spa|1\n|-boost|p1a: Loan Shark|spd|1\n|-boost|p1a: Loan Shark|spe|1\n|-curestatus|p2a: Giratina|slp|[msg]\n|-activate|p2a: Giratina|confusion\n|-damage|p2a: Giratina|69\/100|[from] confusion\n|\n|upkeep\n|turn|8\n|\n|t:|1698260706\n|move|p1a: Loan Shark|Sleep Powder|p2a: Giratina\n|-status|p2a: Giratina|slp|[from] move: Sleep Powder\n|cant|p2a: Giratina|slp\n|\n|upkeep\n|turn|9\n|\n|t:|1698260711\n|move|p1a: Loan Shark|Quiver Dance|p1a: Loan Shark\n|-boost|p1a: Loan Shark|spa|1\n|-boost|p1a: Loan Shark|spd|1\n|-boost|p1a: Loan Shark|spe|1\n|cant|p2a: Giratina|slp\n|\n|upkeep\n|turn|10\n|\n|t:|1698260718\n|move|p1a: Loan Shark|Hurricane|p2a: Giratina\n|-damage|p2a: Giratina|27\/100 slp\n|-curestatus|p2a: Giratina|slp|[msg]\n|-activate|p2a: Giratina|confusion\n|-damage|p2a: Giratina|21\/100|[from] confusion\n|\n|upkeep\n|turn|11\n|\n|t:|1698260725\n|move|p1a: Loan Shark|Sleep Powder|p2a: Giratina\n|-status|p2a: Giratina|slp|[from] move: Sleep Powder\n|cant|p2a: Giratina|slp\n|\n|upkeep\n|turn|12\n|\n|t:|1698260730\n|move|p1a: Loan Shark|Substitute|p1a: Loan Shark\n|-start|p1a: Loan Shark|Substitute\n|-damage|p1a: Loan Shark|76\/100\n|cant|p2a: Giratina|slp\n|\n|upkeep\n|turn|13\n|\n|t:|1698260733\n|move|p1a: Loan Shark|Hurricane|p2a: Giratina\n|-damage|p2a: Giratina|0 fnt\n|faint|p2a: Giratina\n|\n|upkeep\n|\n|t:|1698260737\n|switch|p2a: Arceus|Arceus|100\/100\n|turn|14\n|\n|t:|1698260743\n|move|p2a: Arceus|Extreme Speed|p1a: Loan Shark\n|-end|p1a: Loan Shark|Substitute\n|move|p1a: Loan Shark|Quiver Dance|p1a: Loan Shark\n|-boost|p1a: Loan Shark|spa|1\n|-boost|p1a: Loan Shark|spd|1\n|-boost|p1a: Loan Shark|spe|1\n|\n|upkeep\n|turn|15\n|\n|t:|1698260751\n|move|p2a: Arceus|Extreme Speed|p1a: Loan Shark\n|-damage|p1a: Loan Shark|11\/100\n|move|p1a: Loan Shark|Hurricane|p2a: Arceus\n|-damage|p2a: Arceus|0 fnt\n|faint|p2a: Arceus\n|\n|upkeep\n|\n|t:|1698260757\n|switch|p2a: Chien-Pao|Chien-Pao|100\/100\n|-ability|p2a: Chien-Pao|Sword of Ruin\n|turn|16\n|\n|t:|1698260763\n|move|p2a: Chien-Pao|Ice Shard|p1a: Loan Shark\n|-supereffective|p1a: Loan Shark\n|-damage|p1a: Loan Shark|0 fnt\n|faint|p1a: Loan Shark\n|\n|upkeep\n|\n|t:|1698260770\n|switch|p1a: Tax Reporter|Espathra, M|100\/100\n|turn|17\n|\n|t:|1698260777\n|move|p1a: Tax Reporter|Protect|p1a: Tax Reporter\n|-singleturn|p1a: Tax Reporter|Protect\n|move|p2a: Chien-Pao|Sucker Punch||[still]\n|-fail|p2a: Chien-Pao\n|\n|-ability|p1a: Tax Reporter|Speed Boost|boost\n|-boost|p1a: Tax Reporter|spe|1\n|upkeep\n|turn|18\n|\n|t:|1698260783\n|move|p2a: Chien-Pao|Ice Shard|p1a: Tax Reporter\n|-damage|p1a: Tax Reporter|64\/100\n|move|p1a: Tax Reporter|Baton Pass|p1a: Tax Reporter\n|\n|t:|1698260792\n|switch|p1a: Tax Collector|Zacian-Crowned, shiny|100\/100|[from] Baton Pass\n|-ability|p1a: Tax Collector|Intrepid Sword|boost\n|-boost|p1a: Tax Collector|atk|1\n|\n|upkeep\n|turn|19\n|\n|t:|1698260808\n|switch|p2a: Espathra|Espathra, M|100\/100\n|move|p1a: Tax Collector|Behemoth Blade|p2a: Espathra\n|-damage|p2a: Espathra|29\/100\n|\n|-heal|p2a: Espathra|36\/100|[from] item: Leftovers\n|upkeep\n|turn|20\n|\n|t:|1698260819\n|move|p2a: Espathra|Protect|p2a: Espathra\n|-singleturn|p2a: Espathra|Protect\n|move|p1a: Tax Collector|Behemoth Blade|p2a: Espathra\n|-activate|p2a: Espathra|move: Protect\n|\n|-heal|p2a: Espathra|42\/100|[from] item: Leftovers\n|-ability|p2a: Espathra|Speed Boost|boost\n|-boost|p2a: Espathra|spe|1\n|upkeep\n|turn|21\n|\n|t:|1698260829\n|-terastallize|p2a: Espathra|Steel\n|move|p1a: Tax Collector|Swords Dance|p1a: Tax Collector\n|-boost|p1a: Tax Collector|atk|2\n|move|p2a: Espathra|Roost|p2a: Espathra\n|-heal|p2a: Espathra|92\/100\n|\n|-heal|p2a: Espathra|98\/100|[from] item: Leftovers\n|-ability|p2a: Espathra|Speed Boost|boost\n|-boost|p2a: Espathra|spe|1\n|upkeep\n|turn|22\n|\n|t:|1698260841\n|-terastallize|p1a: Tax Collector|Fire\n|move|p2a: Espathra|Protect|p2a: Espathra\n|-singleturn|p2a: Espathra|Protect\n|move|p1a: Tax Collector|Swords Dance|p1a: Tax Collector\n|-boost|p1a: Tax Collector|atk|2\n|\n|-heal|p2a: Espathra|100\/100|[from] item: Leftovers\n|-ability|p2a: Espathra|Speed Boost|boost\n|-boost|p2a: Espathra|spe|1\n|upkeep\n|turn|23\n|\n|t:|1698260851\n|move|p1a: Tax Collector|Behemoth Blade|p2a: Espathra\n|-resisted|p2a: Espathra\n|-damage|p2a: Espathra|21\/100\n|move|p2a: Espathra|Calm Mind|p2a: Espathra\n|-boost|p2a: Espathra|spa|1\n|-boost|p2a: Espathra|spd|1\n|\n|-heal|p2a: Espathra|27\/100|[from] item: Leftovers\n|-ability|p2a: Espathra|Speed Boost|boost\n|-boost|p2a: Espathra|spe|1\n|upkeep\n|turn|24\n|\n|t:|1698260868\n|move|p2a: Espathra|Baton Pass|p2a: Espathra\n|\n|t:|1698260874\n|switch|p2a: Ursaluna|Ursaluna-Bloodmoon, M|100\/100|[from] Baton Pass\n|move|p1a: Tax Collector|Behemoth Blade|p2a: Ursaluna\n|-damage|p2a: Ursaluna|0 fnt\n|faint|p2a: Ursaluna\n|\n|upkeep\n|\n|t:|1698260879\n|switch|p2a: Magearna|Magearna|100\/100\n|turn|25\n|\n|t:|1698260882\n|move|p1a: Tax Collector|Behemoth Blade|p2a: Magearna\n|-damage|p2a: Magearna|0 fnt\n|faint|p2a: Magearna\n|\n|upkeep\n|\n|t:|1698260885\n|switch|p2a: Chien-Pao|Chien-Pao|100\/100\n|-ability|p2a: Chien-Pao|Sword of Ruin\n|turn|26\n|\n|t:|1698260890\n|move|p1a: Tax Collector|Behemoth Blade|p2a: Chien-Pao\n|-supereffective|p2a: Chien-Pao\n|-damage|p2a: Chien-Pao|0 fnt\n|faint|p2a: Chien-Pao\n|\n|upkeep\n|-message|DDawnmadness forfeited.\n|\n|win|IamrandomElement\n|raw|IamrandomElement's rating: 1239 &rarr; <strong>1271<\/strong><br \/>(+32 for winning)\n|raw|DDawnmadness's rating: 1344 &rarr; <strong>1318<\/strong><br \/>(-26 for losing)\n|l|\u2606DDawnmadness\n|c|\u2606IamrandomElement|gg\n","uploadtime":1698260910,"views":7,"p1id":"iamrandomelement","p2id":"ddawnmadness","formatid":"gen9anythinggoes","rating":1271,"private":0,"password":""}