{"id":"gen9anythinggoes-1996935582","p1":"Kamitami","p2":"zealo","format":"[Gen 9] Anything Goes","log":"|j|\u2606Kamitami\n|j|\u2606zealo\n|t:|1700746874\n|gametype|singles\n|player|p1|Kamitami|steven|1537\n|player|p2|zealo|zirco-unite|1665\n|teamsize|p1|6\n|teamsize|p2|6\n|gen|9\n|tier|[Gen 9] Anything Goes\n|rated|\n|rule|HP Percentage Mod: HP is shown in percentages\n|rule|Endless Battle Clause: Forcing endless battles is banned\n|clearpoke\n|poke|p1|Amoonguss, M|\n|poke|p1|Grimmsnarl, M|\n|poke|p1|Ditto|\n|poke|p1|Glalie, M|\n|poke|p1|Scovillain, M|\n|poke|p1|Miraidon|\n|poke|p2|Muk-Alola, M|\n|poke|p2|Scream Tail|\n|poke|p2|Calyrex-Shadow|\n|poke|p2|Blissey, F|\n|poke|p2|Orthworm, M|\n|poke|p2|Dondozo, F|\n|teampreview\n|inactive|Battle timer is ON: inactive players will automatically lose when time's up. (requested by Kamitami)\n|\n|t:|1700746885\n|start\n|switch|p1a: Scovillain|Scovillain, M|100\/100\n|switch|p2a: Muk|Muk-Alola, M|100\/100\n|turn|1\n|inactive|zealo has 120 seconds left.\n|inactive|zealo has 90 seconds left.\n|\n|t:|1700746947\n|move|p1a: Scovillain|Substitute|p1a: Scovillain\n|-start|p1a: Scovillain|Substitute\n|-damage|p1a: Scovillain|75\/100\n|move|p2a: Muk|Knock Off|p1a: Scovillain\n|-end|p1a: Scovillain|Substitute\n|\n|-heal|p1a: Scovillain|82\/100|[from] item: Leftovers\n|-ability|p1a: Scovillain|Moody|boost\n|-boost|p1a: Scovillain|def|2\n|-unboost|p1a: Scovillain|spd|1\n|upkeep\n|turn|2\n|\n|t:|1700746958\n|move|p1a: Scovillain|Protect|p1a: Scovillain\n|-singleturn|p1a: Scovillain|Protect\n|move|p2a: Muk|Poison Jab|p1a: Scovillain\n|-activate|p1a: Scovillain|move: Protect\n|\n|-heal|p1a: Scovillain|88\/100|[from] item: Leftovers\n|-ability|p1a: Scovillain|Moody|boost\n|-boost|p1a: Scovillain|spd|2\n|-unboost|p1a: Scovillain|spe|1\n|upkeep\n|turn|3\n|\n|t:|1700746968\n|move|p1a: Scovillain|Substitute|p1a: Scovillain\n|-start|p1a: Scovillain|Substitute\n|-damage|p1a: Scovillain|63\/100\n|move|p2a: Muk|Poison Jab|p1a: Scovillain\n|-supereffective|p1a: Scovillain\n|-end|p1a: Scovillain|Substitute\n|\n|-heal|p1a: Scovillain|69\/100|[from] item: Leftovers\n|-ability|p1a: Scovillain|Moody|boost\n|-boost|p1a: Scovillain|def|2\n|-unboost|p1a: Scovillain|spe|1\n|upkeep\n|turn|4\n|\n|t:|1700746980\n|move|p1a: Scovillain|Protect|p1a: Scovillain\n|-singleturn|p1a: Scovillain|Protect\n|move|p2a: Muk|Poison Jab|p1a: Scovillain\n|-activate|p1a: Scovillain|move: Protect\n|\n|-heal|p1a: Scovillain|75\/100|[from] item: Leftovers\n|-ability|p1a: Scovillain|Moody|boost\n|-boost|p1a: Scovillain|spa|2\n|-unboost|p1a: Scovillain|spe|1\n|upkeep\n|turn|5\n|\n|t:|1700746991\n|move|p2a: Muk|Poison Jab|p1a: Scovillain\n|-supereffective|p1a: Scovillain\n|-damage|p1a: Scovillain|39\/100\n|-status|p1a: Scovillain|psn\n|move|p1a: Scovillain|Flamethrower|p2a: Muk\n|-damage|p2a: Muk|48\/100\n|-status|p2a: Muk|brn\n|\n|-heal|p1a: Scovillain|46\/100 psn|[from] item: Leftovers\n|-damage|p1a: Scovillain|33\/100 psn|[from] psn\n|-damage|p2a: Muk|42\/100 brn|[from] brn\n|-ability|p1a: Scovillain|Moody|boost\n|-boost|p1a: Scovillain|spa|2\n|-unboost|p1a: Scovillain|atk|1\n|upkeep\n|turn|6\n|\n|t:|1700747007\n|move|p2a: Muk|Rest|p2a: Muk\n|-status|p2a: Muk|slp|[from] move: Rest\n|-heal|p2a: Muk|100\/100 slp|[silent]\n|move|p1a: Scovillain|Flamethrower|p2a: Muk\n|-damage|p2a: Muk|24\/100 slp\n|\n|-heal|p1a: Scovillain|39\/100 psn|[from] item: Leftovers\n|-damage|p1a: Scovillain|27\/100 psn|[from] psn\n|-ability|p1a: Scovillain|Moody|boost\n|-boost|p1a: Scovillain|def|2\n|-unboost|p1a: Scovillain|atk|1\n|upkeep\n|turn|7\n|\n|t:|1700747020\n|switch|p2a: Dondozo|Dondozo, F|100\/100\n|move|p1a: Scovillain|Flamethrower|p2a: Dondozo\n|-resisted|p2a: Dondozo\n|-damage|p2a: Dondozo|82\/100\n|\n|-heal|p1a: Scovillain|33\/100 psn|[from] item: Leftovers\n|-damage|p1a: Scovillain|21\/100 psn|[from] psn\n|-ability|p1a: Scovillain|Moody|boost\n|-boost|p1a: Scovillain|spe|2\n|-unboost|p1a: Scovillain|atk|1\n|upkeep\n|turn|8\n|\n|t:|1700747033\n|move|p1a: Scovillain|Giga Drain|p2a: Dondozo\n|-supereffective|p2a: Dondozo\n|-damage|p2a: Dondozo|17\/100\n|-heal|p1a: Scovillain|80\/100 psn|[from] drain|[of] p2a: Dondozo\n|move|p2a: Dondozo|Body Press|p1a: Scovillain\n|-damage|p1a: Scovillain|28\/100 psn\n|\n|-heal|p1a: Scovillain|34\/100 psn|[from] item: Leftovers\n|-damage|p1a: Scovillain|22\/100 psn|[from] psn\n|-ability|p1a: Scovillain|Moody|boost\n|-boost|p1a: Scovillain|atk|2\n|-unboost|p1a: Scovillain|spd|1\n|upkeep\n|turn|9\n|\n|t:|1700747046\n|switch|p2a: Muk|Muk-Alola, M|24\/100 slp\n|move|p1a: Scovillain|Giga Drain|p2a: Muk\n|-resisted|p2a: Muk\n|-damage|p2a: Muk|0 fnt\n|-heal|p1a: Scovillain|40\/100 psn|[from] drain|[of] p2a: Muk\n|faint|p2a: Muk\n|\n|-heal|p1a: Scovillain|46\/100 psn|[from] item: Leftovers\n|-damage|p1a: Scovillain|34\/100 psn|[from] psn\n|-ability|p1a: Scovillain|Moody|boost\n|-boost|p1a: Scovillain|spe|2\n|-unboost|p1a: Scovillain|spa|1\n|upkeep\n|\n|t:|1700747051\n|switch|p2a: Calyrex|Calyrex-Shadow|100\/100\n|-ability|p2a: Calyrex|As One\n|-ability|p2a: Calyrex|Unnerve\n|turn|10\n|\n|t:|1700747065\n|move|p2a: Calyrex|Astral Barrage|p1a: Scovillain\n|-damage|p1a: Scovillain|0 fnt\n|faint|p1a: Scovillain\n|-ability|p2a: Calyrex|Grim Neigh|boost\n|-boost|p2a: Calyrex|spa|1\n|\n|upkeep\n|\n|t:|1700747073\n|switch|p1a: Grimmsnarl|Grimmsnarl, M|100\/100\n|turn|11\n|\n|t:|1700747092\n|switch|p2a: Orthworm|Orthworm, M|100\/100\n|move|p1a: Grimmsnarl|Light Screen|p1a: Grimmsnarl\n|-sidestart|p1: Kamitami|move: Light Screen\n|\n|upkeep\n|turn|12\n|\n|t:|1700747109\n|move|p1a: Grimmsnarl|Reflect|p1a: Grimmsnarl\n|-sidestart|p1: Kamitami|Reflect\n|move|p2a: Orthworm|Iron Defense|p2a: Orthworm\n|-boost|p2a: Orthworm|def|2\n|\n|upkeep\n|turn|13\n|\n|t:|1700747115\n|move|p1a: Grimmsnarl|Parting Shot|p2a: Orthworm\n|-unboost|p2a: Orthworm|atk|1\n|-unboost|p2a: Orthworm|spa|1\n|\n|t:|1700747118\n|switch|p1a: Miraidon|Miraidon|100\/100|[from] Parting Shot\n|-fieldstart|move: Electric Terrain|[from] ability: Hadron Engine|[of] p1a: Miraidon\n|move|p2a: Orthworm|Iron Defense|p2a: Orthworm\n|-boost|p2a: Orthworm|def|2\n|\n|upkeep\n|turn|14\n|\n|t:|1700747127\n|switch|p2a: Blissey|Blissey, F|100\/100\n|move|p1a: Miraidon|Electro Drift|p2a: Blissey\n|-damage|p2a: Blissey|71\/100\n|\n|upkeep\n|turn|15\n|\n|t:|1700747135\n|switch|p1a: Glalie|Glalie, M, shiny|100\/100\n|move|p2a: Blissey|Stealth Rock|p1a: Glalie\n|-sidestart|p1: Kamitami|move: Stealth Rock\n|\n|-ability|p1a: Glalie|Moody|boost\n|-boost|p1a: Glalie|spd|2\n|-unboost|p1a: Glalie|def|1\n|upkeep\n|turn|16\n|\n|t:|1700747144\n|move|p1a: Glalie|Substitute|p1a: Glalie\n|-start|p1a: Glalie|Substitute\n|-damage|p1a: Glalie|76\/100\n|move|p2a: Blissey|Seismic Toss|p1a: Glalie\n|-end|p1a: Glalie|Substitute\n|\n|-heal|p1a: Glalie|82\/100|[from] item: Leftovers\n|-ability|p1a: Glalie|Moody|boost\n|-boost|p1a: Glalie|def|2\n|-unboost|p1a: Glalie|spe|1\n|upkeep\n|turn|17\n|\n|t:|1700747156\n|move|p1a: Glalie|Protect|p1a: Glalie\n|-singleturn|p1a: Glalie|Protect\n|move|p2a: Blissey|Seismic Toss|p1a: Glalie\n|-activate|p1a: Glalie|move: Protect\n|\n|-heal|p1a: Glalie|88\/100|[from] item: Leftovers\n|-fieldend|move: Electric Terrain\n|-ability|p1a: Glalie|Moody|boost\n|-boost|p1a: Glalie|def|2\n|-unboost|p1a: Glalie|spd|1\n|upkeep\n|turn|18\n|\n|t:|1700747167\n|move|p1a: Glalie|Substitute|p1a: Glalie\n|-start|p1a: Glalie|Substitute\n|-damage|p1a: Glalie|63\/100\n|move|p2a: Blissey|Seismic Toss|p1a: Glalie\n|-end|p1a: Glalie|Substitute\n|\n|-heal|p1a: Glalie|69\/100|[from] item: Leftovers\n|-sideend|p1: Kamitami|move: Light Screen\n|-ability|p1a: Glalie|Moody|boost\n|-boost|p1a: Glalie|spe|2\n|-unboost|p1a: Glalie|spd|1\n|upkeep\n|turn|19\n|\n|t:|1700747179\n|move|p1a: Glalie|Protect|p1a: Glalie\n|-singleturn|p1a: Glalie|Protect\n|move|p2a: Blissey|Seismic Toss|p1a: Glalie\n|-activate|p1a: Glalie|move: Protect\n|\n|-heal|p1a: Glalie|75\/100|[from] item: Leftovers\n|-sideend|p1: Kamitami|Reflect\n|-ability|p1a: Glalie|Moody|boost\n|-boost|p1a: Glalie|spd|2\n|-unboost|p1a: Glalie|spa|1\n|upkeep\n|turn|20\n|\n|t:|1700747191\n|move|p1a: Glalie|Substitute|p1a: Glalie\n|-start|p1a: Glalie|Substitute\n|-damage|p1a: Glalie|50\/100\n|move|p2a: Blissey|Seismic Toss|p1a: Glalie\n|-end|p1a: Glalie|Substitute\n|\n|-heal|p1a: Glalie|56\/100|[from] item: Leftovers\n|-ability|p1a: Glalie|Moody|boost\n|-boost|p1a: Glalie|spe|2\n|-unboost|p1a: Glalie|spd|1\n|upkeep\n|turn|21\n|\n|t:|1700747203\n|move|p1a: Glalie|Protect|p1a: Glalie\n|-singleturn|p1a: Glalie|Protect\n|move|p2a: Blissey|Stealth Rock||[still]\n|-fail|p2a: Blissey\n|\n|-heal|p1a: Glalie|62\/100|[from] item: Leftovers\n|-ability|p1a: Glalie|Moody|boost\n|-boost|p1a: Glalie|spd|2\n|-unboost|p1a: Glalie|atk|1\n|upkeep\n|turn|22\n|\n|t:|1700747213\n|move|p1a: Glalie|Substitute|p1a: Glalie\n|-start|p1a: Glalie|Substitute\n|-damage|p1a: Glalie|37\/100\n|move|p2a: Blissey|Seismic Toss|p1a: Glalie\n|-end|p1a: Glalie|Substitute\n|\n|-heal|p1a: Glalie|43\/100|[from] item: Leftovers\n|-ability|p1a: Glalie|Moody|boost\n|-boost|p1a: Glalie|spd|2\n|-unboost|p1a: Glalie|spe|1\n|upkeep\n|turn|23\n|\n|t:|1700747225\n|move|p1a: Glalie|Protect|p1a: Glalie\n|-singleturn|p1a: Glalie|Protect\n|move|p2a: Blissey|Seismic Toss|p1a: Glalie\n|-activate|p1a: Glalie|move: Protect\n|\n|-heal|p1a: Glalie|49\/100|[from] item: Leftovers\n|-ability|p1a: Glalie|Moody|boost\n|-boost|p1a: Glalie|def|2\n|-unboost|p1a: Glalie|spa|1\n|upkeep\n|turn|24\n|\n|t:|1700747236\n|move|p1a: Glalie|Substitute|p1a: Glalie\n|-start|p1a: Glalie|Substitute\n|-damage|p1a: Glalie|24\/100\n|move|p2a: Blissey|Seismic Toss|p1a: Glalie\n|-end|p1a: Glalie|Substitute\n|\n|-heal|p1a: Glalie|30\/100|[from] item: Leftovers\n|-ability|p1a: Glalie|Moody|boost\n|-boost|p1a: Glalie|def|1\n|-unboost|p1a: Glalie|atk|1\n|upkeep\n|turn|25\n|\n|t:|1700747247\n|move|p1a: Glalie|Protect|p1a: Glalie\n|-singleturn|p1a: Glalie|Protect\n|move|p2a: Blissey|Stealth Rock||[still]\n|-fail|p2a: Blissey\n|\n|-heal|p1a: Glalie|36\/100|[from] item: Leftovers\n|-ability|p1a: Glalie|Moody|boost\n|-boost|p1a: Glalie|atk|2\n|-unboost|p1a: Glalie|def|1\n|upkeep\n|turn|26\n|\n|t:|1700747258\n|move|p1a: Glalie|Substitute|p1a: Glalie\n|-start|p1a: Glalie|Substitute\n|-damage|p1a: Glalie|11\/100\n|move|p2a: Blissey|Seismic Toss|p1a: Glalie\n|-end|p1a: Glalie|Substitute\n|\n|-heal|p1a: Glalie|17\/100|[from] item: Leftovers\n|-ability|p1a: Glalie|Moody|boost\n|-boost|p1a: Glalie|atk|2\n|-unboost|p1a: Glalie|spe|1\n|upkeep\n|turn|27\n|j| Entrocefalo\n|l| Entrocefalo\n|\n|t:|1700747270\n|move|p1a: Glalie|Earthquake|p2a: Blissey\n|-damage|p2a: Blissey|21\/100\n|move|p2a: Blissey|Soft-Boiled|p2a: Blissey\n|-heal|p2a: Blissey|71\/100\n|\n|-heal|p1a: Glalie|23\/100|[from] item: Leftovers\n|-ability|p1a: Glalie|Moody|boost\n|-boost|p1a: Glalie|spa|2\n|-unboost|p1a: Glalie|def|1\n|upkeep\n|turn|28\n|\n|t:|1700747281\n|move|p1a: Glalie|Earthquake|p2a: Blissey\n|-damage|p2a: Blissey|22\/100\n|move|p2a: Blissey|Seismic Toss|p1a: Glalie\n|-damage|p1a: Glalie|0 fnt\n|faint|p1a: Glalie\n|\n|upkeep\n|\n|t:|1700747289\n|switch|p1a: Miraidon|Miraidon|100\/100\n|-damage|p1a: Miraidon|88\/100|[from] Stealth Rock\n|-fieldstart|move: Electric Terrain|[from] ability: Hadron Engine|[of] p1a: Miraidon\n|turn|29\n|\n|t:|1700747298\n|-terastallize|p2a: Blissey|Ground\n|move|p1a: Miraidon|Electro Drift|p2a: Blissey\n|-immune|p2a: Blissey\n|move|p2a: Blissey|Soft-Boiled|p2a: Blissey\n|-heal|p2a: Blissey|72\/100\n|\n|upkeep\n|turn|30\n|\n|t:|1700747309\n|switch|p1a: Amoonguss|Amoonguss, M|100\/100\n|-damage|p1a: Amoonguss|88\/100|[from] Stealth Rock\n|move|p2a: Blissey|Seismic Toss|p1a: Amoonguss\n|-damage|p1a: Amoonguss|61\/100\n|\n|-heal|p1a: Amoonguss|67\/100|[from] item: Black Sludge\n|upkeep\n|turn|31\n|\n|t:|1700747318\n|move|p2a: Blissey|Seismic Toss|p1a: Amoonguss\n|-damage|p1a: Amoonguss|40\/100\n|move|p1a: Amoonguss|Giga Drain|p2a: Blissey\n|-supereffective|p2a: Blissey\n|-damage|p2a: Blissey|58\/100\n|-heal|p1a: Amoonguss|52\/100|[from] drain|[of] p2a: Blissey\n|\n|-heal|p1a: Amoonguss|59\/100|[from] item: Black Sludge\n|upkeep\n|turn|32\n|\n|t:|1700747329\n|move|p2a: Blissey|Seismic Toss|p1a: Amoonguss\n|-damage|p1a: Amoonguss|32\/100\n|move|p1a: Amoonguss|Giga Drain|p2a: Blissey\n|-supereffective|p2a: Blissey\n|-damage|p2a: Blissey|45\/100\n|-heal|p1a: Amoonguss|43\/100|[from] drain|[of] p2a: Blissey\n|\n|-heal|p1a: Amoonguss|49\/100|[from] item: Black Sludge\n|upkeep\n|turn|33\n|\n|t:|1700747338\n|move|p2a: Blissey|Soft-Boiled|p2a: Blissey\n|-heal|p2a: Blissey|95\/100\n|move|p1a: Amoonguss|Toxic|p2a: Blissey\n|-status|p2a: Blissey|tox\n|\n|-heal|p1a: Amoonguss|55\/100|[from] item: Black Sludge\n|-damage|p2a: Blissey|89\/100 tox|[from] psn\n|-fieldend|move: Electric Terrain\n|upkeep\n|turn|34\n|\n|t:|1700747349\n|-curestatus|p2a: Blissey|tox|[from] ability: Natural Cure\n|switch|p2a: Scream Tail|Scream Tail|100\/100\n|move|p1a: Amoonguss|Giga Drain|p2a: Scream Tail\n|-crit|p2a: Scream Tail\n|-damage|p2a: Scream Tail|76\/100\n|-heal|p1a: Amoonguss|70\/100|[from] drain|[of] p2a: Scream Tail\n|\n|-heal|p1a: Amoonguss|76\/100|[from] item: Black Sludge\n|upkeep\n|turn|35\n|\n|t:|1700747360\n|move|p2a: Scream Tail|Wish|p2a: Scream Tail\n|move|p1a: Amoonguss|Toxic|p2a: Scream Tail\n|-status|p2a: Scream Tail|tox\n|\n|-heal|p1a: Amoonguss|82\/100|[from] item: Black Sludge\n|-damage|p2a: Scream Tail|69\/100 tox|[from] psn\n|upkeep\n|turn|36\n|\n|t:|1700747369\n|-end|p2a: Scream Tail|Protosynthesis|[silent]\n|switch|p2a: Dondozo|Dondozo, F|17\/100\n|move|p1a: Amoonguss|Toxic|p2a: Dondozo\n|-status|p2a: Dondozo|tox\n|\n|-heal|p2a: Dondozo|61\/100 tox|[from] move: Wish|[wisher] Scream Tail\n|-heal|p1a: Amoonguss|89\/100|[from] item: Black Sludge\n|-damage|p2a: Dondozo|54\/100 tox|[from] psn\n|upkeep\n|turn|37\n|\n|t:|1700747380\n|move|p2a: Dondozo|Rest|p2a: Dondozo\n|-status|p2a: Dondozo|slp|[from] move: Rest\n|-heal|p2a: Dondozo|100\/100 slp|[silent]\n|move|p1a: Amoonguss|Giga Drain|p2a: Dondozo\n|-supereffective|p2a: Dondozo\n|-damage|p2a: Dondozo|55\/100 slp\n|-heal|p1a: Amoonguss|100\/100|[from] drain|[of] p2a: Dondozo\n|\n|upkeep\n|turn|38\n|\n|t:|1700747389\n|cant|p2a: Dondozo|slp\n|move|p2a: Dondozo|Sleep Talk|p2a: Dondozo\n|move|p2a: Dondozo|Body Press|p1a: Amoonguss|[from]move: Sleep Talk\n|-resisted|p1a: Amoonguss\n|-crit|p1a: Amoonguss\n|-damage|p1a: Amoonguss|80\/100\n|move|p1a: Amoonguss|Giga Drain|p2a: Dondozo\n|-supereffective|p2a: Dondozo\n|-damage|p2a: Dondozo|9\/100 slp\n|-heal|p1a: Amoonguss|100\/100|[from] drain|[of] p2a: Dondozo\n|\n|upkeep\n|turn|39\n|\n|t:|1700747400\n|switch|p2a: Blissey|Blissey, F, tera:Ground|89\/100\n|move|p1a: Amoonguss|Giga Drain|p2a: Blissey\n|-supereffective|p2a: Blissey\n|-damage|p2a: Blissey|73\/100\n|\n|upkeep\n|turn|40\n|\n|t:|1700747407\n|move|p2a: Blissey|Heal Bell|p2a: Blissey\n|-activate|p2a: Blissey|move: Heal Bell\n|-curestatus|p2: Dondozo|slp|[msg]\n|-curestatus|p2: Scream Tail|tox|[msg]\n|move|p1a: Amoonguss|Toxic|p2a: Blissey\n|-status|p2a: Blissey|tox\n|\n|-damage|p2a: Blissey|67\/100 tox|[from] psn\n|upkeep\n|turn|41\n|\n|t:|1700747417\n|-curestatus|p2a: Blissey|tox|[from] ability: Natural Cure\n|switch|p2a: Calyrex|Calyrex-Shadow|100\/100\n|-ability|p2a: Calyrex|As One\n|-ability|p2a: Calyrex|Unnerve\n|move|p1a: Amoonguss|Toxic|p2a: Calyrex\n|-status|p2a: Calyrex|tox\n|\n|-damage|p2a: Calyrex|94\/100 tox|[from] psn\n|upkeep\n|turn|42\n|\n|t:|1700747429\n|switch|p1a: Grimmsnarl|Grimmsnarl, M|100\/100\n|-damage|p1a: Grimmsnarl|88\/100|[from] Stealth Rock\n|move|p2a: Calyrex|Trick|p1a: Grimmsnarl\n|-activate|p2a: Calyrex|move: Trick|[of] p1a: Grimmsnarl\n|-item|p1a: Grimmsnarl|Choice Scarf|[from] move: Trick\n|-item|p2a: Calyrex|Light Clay|[from] move: Trick\n|\n|-damage|p2a: Calyrex|82\/100 tox|[from] psn\n|upkeep\n|turn|43\n|\n|t:|1700747438\n|switch|p2a: Scream Tail|Scream Tail|69\/100\n|move|p1a: Grimmsnarl|Spirit Break|p2a: Scream Tail\n|-damage|p2a: Scream Tail|52\/100\n|-unboost|p2a: Scream Tail|spa|1\n|\n|upkeep\n|turn|44\n|\n|t:|1700747446\n|move|p2a: Scream Tail|Wish|p2a: Scream Tail\n|move|p1a: Grimmsnarl|Spirit Break|p2a: Scream Tail\n|-damage|p2a: Scream Tail|34\/100\n|-unboost|p2a: Scream Tail|spa|1\n|\n|upkeep\n|turn|45\n|\n|t:|1700747453\n|move|p2a: Scream Tail|Perish Song|p2a: Scream Tail\n|-start|p1a: Grimmsnarl|perish3|[silent]\n|-start|p2a: Scream Tail|perish3|[silent]\n|-fieldactivate|move: Perish Song\n|move|p1a: Grimmsnarl|Spirit Break|p2a: Scream Tail\n|-damage|p2a: Scream Tail|17\/100\n|-unboost|p2a: Scream Tail|spa|1\n|\n|-heal|p2a: Scream Tail|67\/100|[from] move: Wish|[wisher] Scream Tail\n|-start|p2a: Scream Tail|perish3\n|-start|p1a: Grimmsnarl|perish3\n|upkeep\n|turn|46\n|\n|t:|1700747465\n|switch|p1a: Amoonguss|Amoonguss, M|100\/100\n|-damage|p1a: Amoonguss|88\/100|[from] Stealth Rock\n|move|p2a: Scream Tail|Wish|p2a: Scream Tail\n|\n|-heal|p1a: Amoonguss|94\/100|[from] item: Black Sludge\n|-start|p2a: Scream Tail|perish2\n|upkeep\n|turn|47\n|\n|t:|1700747474\n|-end|p2a: Scream Tail|Protosynthesis|[silent]\n|switch|p2a: Blissey|Blissey, F, tera:Ground|67\/100\n|move|p1a: Amoonguss|Giga Drain|p2a: Blissey\n|-supereffective|p2a: Blissey\n|-damage|p2a: Blissey|53\/100\n|-heal|p1a: Amoonguss|100\/100|[from] drain|[of] p2a: Blissey\n|\n|-heal|p2a: Blissey|87\/100|[from] move: Wish|[wisher] Scream Tail\n|upkeep\n|turn|48\n|\n|t:|1700747484\n|move|p2a: Blissey|Heal Bell|p2a: Blissey\n|-activate|p2a: Blissey|move: Heal Bell\n|-curestatus|p2: Calyrex|tox|[msg]\n|move|p1a: Amoonguss|Toxic|p2a: Blissey\n|-status|p2a: Blissey|tox\n|\n|-damage|p2a: Blissey|81\/100 tox|[from] psn\n|upkeep\n|turn|49\n|\n|t:|1700747493\n|-curestatus|p2a: Blissey|tox|[from] ability: Natural Cure\n|switch|p2a: Scream Tail|Scream Tail|67\/100\n|move|p1a: Amoonguss|Giga Drain|p2a: Scream Tail\n|-damage|p2a: Scream Tail|53\/100\n|\n|upkeep\n|turn|50\n|\n|t:|1700747500\n|-end|p2a: Scream Tail|Protosynthesis|[silent]\n|switch|p2a: Dondozo|Dondozo, F|9\/100\n|move|p1a: Amoonguss|Toxic|p2a: Dondozo\n|-status|p2a: Dondozo|tox\n|\n|-damage|p2a: Dondozo|2\/100 tox|[from] psn\n|upkeep\n|turn|51\n|\n|t:|1700747509\n|move|p2a: Dondozo|Rest|p2a: Dondozo\n|-status|p2a: Dondozo|slp|[from] move: Rest\n|-heal|p2a: Dondozo|100\/100 slp|[silent]\n|move|p1a: Amoonguss|Giga Drain|p2a: Dondozo\n|-supereffective|p2a: Dondozo\n|-damage|p2a: Dondozo|60\/100 slp\n|\n|upkeep\n|turn|52\n|\n|t:|1700747516\n|switch|p2a: Blissey|Blissey, F, tera:Ground|81\/100\n|move|p1a: Amoonguss|Giga Drain|p2a: Blissey\n|-supereffective|p2a: Blissey\n|-damage|p2a: Blissey|67\/100\n|\n|upkeep\n|turn|53\n|\n|t:|1700747524\n|move|p2a: Blissey|Heal Bell|p2a: Blissey\n|-activate|p2a: Blissey|move: Heal Bell\n|-curestatus|p2: Dondozo|slp|[msg]\n|move|p1a: Amoonguss|Toxic|p2a: Blissey\n|-status|p2a: Blissey|tox\n|\n|-damage|p2a: Blissey|61\/100 tox|[from] psn\n|upkeep\n|turn|54\n|\n|t:|1700747536\n|move|p2a: Blissey|Soft-Boiled|p2a: Blissey\n|-heal|p2a: Blissey|100\/100 tox\n|move|p1a: Amoonguss|Toxic|p2a: Blissey\n|-fail|p2a: Blissey|tox\n|\n|-damage|p2a: Blissey|88\/100 tox|[from] psn\n|upkeep\n|turn|55\n|\n|t:|1700747545\n|-curestatus|p2a: Blissey|tox|[from] ability: Natural Cure\n|switch|p2a: Scream Tail|Scream Tail|53\/100\n|move|p1a: Amoonguss|Giga Drain|p2a: Scream Tail\n|-damage|p2a: Scream Tail|38\/100\n|\n|upkeep\n|turn|56\n|\n|t:|1700747553\n|move|p2a: Scream Tail|Wish|p2a: Scream Tail\n|move|p1a: Amoonguss|Toxic|p2a: Scream Tail\n|-status|p2a: Scream Tail|tox\n|\n|-damage|p2a: Scream Tail|32\/100 tox|[from] psn\n|upkeep\n|turn|57\n|\n|t:|1700747561\n|move|p2a: Scream Tail|Perish Song|p2a: Scream Tail\n|-start|p1a: Amoonguss|perish3|[silent]\n|-start|p2a: Scream Tail|perish3|[silent]\n|-fieldactivate|move: Perish Song\n|move|p1a: Amoonguss|Giga Drain|p2a: Scream Tail\n|-damage|p2a: Scream Tail|16\/100 tox\n|\n|-heal|p2a: Scream Tail|66\/100 tox|[from] move: Wish|[wisher] Scream Tail\n|-damage|p2a: Scream Tail|54\/100 tox|[from] psn\n|-start|p2a: Scream Tail|perish3\n|-start|p1a: Amoonguss|perish3\n|upkeep\n|turn|58\n|\n|t:|1700747577\n|-end|p2a: Scream Tail|Protosynthesis|[silent]\n|switch|p2a: Blissey|Blissey, F, tera:Ground|88\/100\n|switch|p1a: Miraidon|Miraidon|88\/100\n|-damage|p1a: Miraidon|76\/100|[from] Stealth Rock\n|-fieldstart|move: Electric Terrain|[from] ability: Hadron Engine|[of] p1a: Miraidon\n|\n|upkeep\n|turn|59\n|\n|t:|1700747588\n|move|p1a: Miraidon|Dragon Pulse|p2a: Blissey\n|-damage|p2a: Blissey|68\/100\n|move|p2a: Blissey|Seismic Toss|p1a: Miraidon\n|-damage|p1a: Miraidon|47\/100\n|\n|upkeep\n|turn|60\n|j| eavo\n|\n|t:|1700747598\n|switch|p1a: Ditto|Ditto|100\/100\n|-damage|p1a: Ditto|88\/100|[from] Stealth Rock\n|-transform|p1a: Ditto|p2a: Blissey|[from] ability: Imposter\n|move|p2a: Blissey|Seismic Toss|p1a: Ditto\n|-damage|p1a: Ditto|55\/100\n|\n|-heal|p1a: Ditto|61\/100|[from] item: Leftovers\n|upkeep\n|turn|61\n|\n|t:|1700747625\n|move|p1a: Ditto|Stealth Rock|p2a: Blissey\n|-sidestart|p2: zealo|move: Stealth Rock\n|move|p2a: Blissey|Heal Bell|p2a: Blissey\n|-activate|p2a: Blissey|move: Heal Bell\n|-curestatus|p2: Scream Tail|tox|[msg]\n|\n|-heal|p1a: Ditto|67\/100|[from] item: Leftovers\n|upkeep\n|turn|62\n|\n|t:|1700747636\n|move|p1a: Ditto|Seismic Toss|p2a: Blissey\n|-damage|p2a: Blissey|53\/100\n|move|p2a: Blissey|Seismic Toss|p1a: Ditto\n|-damage|p1a: Ditto|33\/100\n|\n|-heal|p1a: Ditto|39\/100|[from] item: Leftovers\n|-fieldend|move: Electric Terrain\n|upkeep\n|turn|63\n|\n|t:|1700747651\n|move|p2a: Blissey|Seismic Toss|p1a: Ditto\n|-damage|p1a: Ditto|6\/100\n|move|p1a: Ditto|Soft-Boiled|p1a: Ditto\n|-heal|p1a: Ditto|56\/100\n|\n|-heal|p1a: Ditto|62\/100|[from] item: Leftovers\n|upkeep\n|turn|64\n|\n|t:|1700747670\n|move|p1a: Ditto|Soft-Boiled|p1a: Ditto\n|-heal|p1a: Ditto|100\/100\n|move|p2a: Blissey|Soft-Boiled|p2a: Blissey\n|-heal|p2a: Blissey|100\/100\n|\n|upkeep\n|turn|65\n|\n|t:|1700747680\n|switch|p2a: Scream Tail|Scream Tail|54\/100\n|switch|p1a: Grimmsnarl|Grimmsnarl, M|88\/100\n|-damage|p1a: Grimmsnarl|76\/100|[from] Stealth Rock\n|\n|upkeep\n|turn|66\n|\n|t:|1700747691\n|move|p2a: Scream Tail|Wish|p2a: Scream Tail\n|move|p1a: Grimmsnarl|Spirit Break|p2a: Scream Tail\n|-damage|p2a: Scream Tail|35\/100\n|-unboost|p2a: Scream Tail|spa|1\n|\n|upkeep\n|turn|67\n|\n|t:|1700747698\n|move|p2a: Scream Tail|Dazzling Gleam|p1a: Grimmsnarl\n|-supereffective|p1a: Grimmsnarl\n|-damage|p1a: Grimmsnarl|50\/100\n|move|p1a: Grimmsnarl|Spirit Break|p2a: Scream Tail\n|-damage|p2a: Scream Tail|19\/100\n|-unboost|p2a: Scream Tail|spa|1\n|\n|-heal|p2a: Scream Tail|69\/100|[from] move: Wish|[wisher] Scream Tail\n|upkeep\n|turn|68\n|\n|t:|1700747708\n|move|p2a: Scream Tail|Wish|p2a: Scream Tail\n|move|p1a: Grimmsnarl|Spirit Break|p2a: Scream Tail\n|-damage|p2a: Scream Tail|51\/100\n|-unboost|p2a: Scream Tail|spa|1\n|\n|upkeep\n|turn|69\n|\n|t:|1700747715\n|-end|p2a: Scream Tail|Protosynthesis|[silent]\n|switch|p2a: Dondozo|Dondozo, F|60\/100\n|move|p1a: Grimmsnarl|Spirit Break|p2a: Dondozo\n|-damage|p2a: Dondozo|47\/100\n|-unboost|p2a: Dondozo|spa|1\n|\n|-heal|p2a: Dondozo|90\/100|[from] move: Wish|[wisher] Scream Tail\n|upkeep\n|turn|70\n|\n|t:|1700747726\n|switch|p1a: Amoonguss|Amoonguss, M|100\/100\n|-damage|p1a: Amoonguss|88\/100|[from] Stealth Rock\n|move|p2a: Dondozo|Body Press|p1a: Amoonguss\n|-resisted|p1a: Amoonguss\n|-damage|p1a: Amoonguss|75\/100\n|\n|-heal|p1a: Amoonguss|81\/100|[from] item: Black Sludge\n|upkeep\n|turn|71\n|\n|t:|1700747738\n|switch|p2a: Orthworm|Orthworm, M|100\/100\n|move|p1a: Amoonguss|Toxic|p2a: Orthworm\n|-immune|p2a: Orthworm\n|\n|-heal|p1a: Amoonguss|87\/100|[from] item: Black Sludge\n|upkeep\n|turn|72\n|\n|t:|1700747753\n|switch|p1a: Ditto|Ditto|100\/100\n|-damage|p1a: Ditto|88\/100|[from] Stealth Rock\n|-transform|p1a: Ditto|p2a: Orthworm|[from] ability: Imposter\n|move|p2a: Orthworm|Spikes|p1a: Ditto\n|-sidestart|p1: Kamitami|Spikes\n|\n|-heal|p1a: Ditto|94\/100|[from] item: Leftovers\n|upkeep\n|turn|73\n|\n|t:|1700747769\n|move|p1a: Ditto|Iron Defense|p1a: Ditto\n|-boost|p1a: Ditto|def|2\n|move|p2a: Orthworm|Body Press|p1a: Ditto\n|-supereffective|p1a: Ditto\n|-damage|p1a: Ditto|74\/100\n|\n|-heal|p1a: Ditto|80\/100|[from] item: Leftovers\n|upkeep\n|turn|74\n|\n|t:|1700747779\n|move|p1a: Ditto|Body Press|p2a: Orthworm\n|-supereffective|p2a: Orthworm\n|-damage|p2a: Orthworm|31\/100\n|move|p2a: Orthworm|Iron Defense|p2a: Orthworm\n|-boost|p2a: Orthworm|def|2\n|\n|-heal|p1a: Ditto|86\/100|[from] item: Leftovers\n|upkeep\n|turn|75\n|c| eavo|bro\n|\n|t:|1700747787\n|switch|p2a: Calyrex|Calyrex-Shadow|82\/100\n|-ability|p2a: Calyrex|As One\n|-ability|p2a: Calyrex|Unnerve\n|-damage|p2a: Calyrex|70\/100|[from] Stealth Rock\n|move|p1a: Ditto|Body Press|p2a: Calyrex\n|-immune|p2a: Calyrex\n|\n|-heal|p1a: Ditto|92\/100|[from] item: Leftovers\n|upkeep\n|turn|76\n|c| eavo|u doin it wrong\n|c|\u2606zealo|but am i\n|c| eavo|\u00af\u2060\\\u2060_\u2060(\u2060\u30c4\u2060)\u2060_\u2060\/\u2060\u00af\n|c|\u2606zealo|even if ditto copies me\n|c|\u2606zealo|idc\n|\n|t:|1700747812\n|switch|p1a: Grimmsnarl|Grimmsnarl, M|50\/100\n|-damage|p1a: Grimmsnarl|38\/100|[from] Stealth Rock\n|-damage|p1a: Grimmsnarl|25\/100|[from] Spikes\n|move|p2a: Calyrex|Astral Barrage|p1a: Grimmsnarl\n|-resisted|p1a: Grimmsnarl\n|-damage|p1a: Grimmsnarl|0 fnt\n|faint|p1a: Grimmsnarl\n|-ability|p2a: Calyrex|Grim Neigh|boost\n|-boost|p2a: Calyrex|spa|1\n|\n|upkeep\n|\n|t:|1700747826\n|switch|p1a: Ditto|Ditto|92\/100\n|-damage|p1a: Ditto|80\/100|[from] Stealth Rock\n|-damage|p1a: Ditto|67\/100|[from] Spikes\n|-transform|p1a: Ditto|p2a: Calyrex|[from] ability: Imposter\n|turn|77\n|\n|t:|1700747837\n|switch|p2a: Blissey|Blissey, F, tera:Ground|100\/100\n|-terastallize|p1a: Ditto|Normal\n|move|p1a: Ditto|Astral Barrage|p2a: Blissey\n|-damage|p2a: Blissey|68\/100\n|\n|-heal|p1a: Ditto|73\/100|[from] item: Leftovers\n|upkeep\n|turn|78\n|c| eavo|cute egg\n|c|\u2606zealo|yea\n|\n|t:|1700747848\n|move|p1a: Ditto|Grass Knot|p2a: Blissey\n|-supereffective|p2a: Blissey\n|-damage|p2a: Blissey|44\/100\n|move|p2a: Blissey|Soft-Boiled|p2a: Blissey\n|-heal|p2a: Blissey|94\/100\n|\n|-heal|p1a: Ditto|79\/100|[from] item: Leftovers\n|upkeep\n|turn|79\n|c|\u2606zealo|24\n|c|\u2606zealo|lmao\n|c| eavo|AYO\n|\n|t:|1700747857\n|move|p1a: Ditto|Grass Knot|p2a: Blissey\n|-supereffective|p2a: Blissey\n|-damage|p2a: Blissey|72\/100\n|move|p2a: Blissey|Seismic Toss|p1a: Ditto\n|-damage|p1a: Ditto|46\/100\n|\n|-heal|p1a: Ditto|52\/100|[from] item: Leftovers\n|upkeep\n|turn|80\n|\n|t:|1700747867\n|move|p1a: Ditto|Grass Knot|p2a: Blissey\n|-supereffective|p2a: Blissey\n|-damage|p2a: Blissey|49\/100\n|move|p2a: Blissey|Soft-Boiled|p2a: Blissey\n|-heal|p2a: Blissey|99\/100\n|\n|-heal|p1a: Ditto|58\/100|[from] item: Leftovers\n|upkeep\n|turn|81\n|c|\u2606zealo|will this be hundred bro\n|c| eavo|prolly\n|inactive|zealo has 120 seconds left.\n|\n|t:|1700747900\n|move|p1a: Ditto|Grass Knot|p2a: Blissey\n|-supereffective|p2a: Blissey\n|-damage|p2a: Blissey|77\/100\n|move|p2a: Blissey|Seismic Toss|p1a: Ditto\n|-damage|p1a: Ditto|25\/100\n|\n|-heal|p1a: Ditto|31\/100|[from] item: Leftovers\n|upkeep\n|turn|82\n|l| eavo\n|\n|t:|1700747912\n|move|p1a: Ditto|Astral Barrage|p2a: Blissey\n|-damage|p2a: Blissey|42\/100\n|move|p2a: Blissey|Seismic Toss|p1a: Ditto\n|-damage|p1a: Ditto|0 fnt\n|faint|p1a: Ditto\n|\n|upkeep\n|c|\u2606zealo|oh wtf my soft boiled pp\n|\n|t:|1700747922\n|switch|p1a: Amoonguss|Amoonguss, M|100\/100\n|-damage|p1a: Amoonguss|88\/100|[from] Stealth Rock\n|-damage|p1a: Amoonguss|76\/100|[from] Spikes\n|turn|83\n|\n|t:|1700747929\n|move|p2a: Blissey|Soft-Boiled|p2a: Blissey\n|-heal|p2a: Blissey|92\/100\n|move|p1a: Amoonguss|Giga Drain|p2a: Blissey\n|-supereffective|p2a: Blissey\n|-damage|p2a: Blissey|79\/100\n|-heal|p1a: Amoonguss|87\/100|[from] drain|[of] p2a: Blissey\n|\n|-heal|p1a: Amoonguss|93\/100|[from] item: Black Sludge\n|upkeep\n|turn|84\n|\n|t:|1700747939\n|switch|p2a: Orthworm|Orthworm, M|31\/100\n|move|p1a: Amoonguss|Toxic|p2a: Orthworm\n|-immune|p2a: Orthworm\n|\n|-heal|p1a: Amoonguss|99\/100|[from] item: Black Sludge\n|upkeep\n|turn|85\n|\n|t:|1700747947\n|switch|p1a: Miraidon|Miraidon|47\/100\n|-damage|p1a: Miraidon|34\/100|[from] Stealth Rock\n|-damage|p1a: Miraidon|22\/100|[from] Spikes\n|-fieldstart|move: Electric Terrain|[from] ability: Hadron Engine|[of] p1a: Miraidon\n|move|p2a: Orthworm|Rest||[still]\n|-activate|p2a: Orthworm|move: Electric Terrain\n|-fail|p2a: Orthworm\n|\n|upkeep\n|turn|86\n|j| eavo\n|\n|t:|1700747959\n|switch|p2a: Blissey|Blissey, F, tera:Ground|79\/100\n|move|p1a: Miraidon|Dragon Pulse|p2a: Blissey\n|-damage|p2a: Blissey|57\/100\n|\n|upkeep\n|turn|87\n|\n|t:|1700747966\n|move|p1a: Miraidon|Dragon Pulse|p2a: Blissey\n|-damage|p2a: Blissey|35\/100\n|move|p2a: Blissey|Seismic Toss|p1a: Miraidon\n|-damage|p1a: Miraidon|0 fnt\n|faint|p1a: Miraidon\n|\n|upkeep\n|l|\u2606Kamitami\n|inactive|Kamitami disconnected and has a minute to reconnect!\n|player|p1|\n|c|\u2606zealo|guy\n|c|\u2606zealo|left\n|c|\u2606zealo|lmao\n|inactive|Kamitami has 30 seconds to reconnect!\n|inactive|Kamitami has 20 seconds to reconnect!\n|inactive|Kamitami has 15 seconds to reconnect!\n|inactive|Kamitami has 10 seconds to reconnect!\n|inactive|Kamitami has 5 seconds to reconnect!\n|c|\u2606zealo|gg\n|c|\u2606zealo|no hundred\n|-message|Kamitami lost due to inactivity.\n|\n|win|zealo\n|raw|Kamitami's rating: 1537 &rarr; <strong>1524<\/strong><br \/>(-13 for losing)\n|raw|zealo's rating: 1665 &rarr; <strong>1678<\/strong><br \/>(+13 for winning)\n|c|\u2606zealo|sad\n|l|\u2606zealo\n","uploadtime":1700748056,"views":3,"p1id":"kamitami","p2id":"zealo","formatid":"gen9anythinggoes","rating":1524,"private":0,"password":""}