{"id":"gen9anythinggoes-1973424102","p1":"komisan21","p2":"DiffusedTurtle","format":"[Gen 9] Anything Goes","log":"|j|\u2606komisan21\n|j|\u2606DiffusedTurtle\n|t:|1697973213\n|gametype|singles\n|player|p1|komisan21|2|1000\n|player|p2|DiffusedTurtle|sordward-shielbert|1100\n|teamsize|p1|6\n|teamsize|p2|6\n|gen|9\n|tier|[Gen 9] Anything Goes\n|rated|\n|rule|HP Percentage Mod: HP is shown in percentages\n|rule|Endless Battle Clause: Forcing endless battles is banned\n|clearpoke\n|poke|p1|Glimmora, M|\n|poke|p1|Urshifu-*, F|\n|poke|p1|Kingambit, M|\n|poke|p1|Ogerpon-Cornerstone, F|\n|poke|p1|Iron Valiant|\n|poke|p1|Miraidon|\n|poke|p2|Espathra, F|\n|poke|p2|Magearna|\n|poke|p2|Calyrex-Ice|\n|poke|p2|Grimmsnarl, M|\n|poke|p2|Alomomola, F|\n|poke|p2|Ribombee, F|\n|teampreview\n|inactive|Battle timer is ON: inactive players will automatically lose when time's up. (requested by DiffusedTurtle)\n|\n|t:|1697973218\n|start\n|switch|p1a: Glimmora|Glimmora, M|100\/100\n|switch|p2a: halloween|Grimmsnarl, M|100\/100\n|turn|1\n|\n|t:|1697973230\n|move|p2a: halloween|Taunt|p1a: Glimmora\n|-start|p1a: Glimmora|move: Taunt\n|cant|p1a: Glimmora|move: Taunt|Stealth Rock\n|\n|upkeep\n|turn|2\n|\n|t:|1697973236\n|move|p2a: halloween|Light Screen|p2a: halloween\n|-sidestart|p2: DiffusedTurtle|move: Light Screen\n|move|p1a: Glimmora|Mortal Spin|p2a: halloween\n|-supereffective|p2a: halloween\n|-damage|p2a: halloween|86\/100\n|-status|p2a: halloween|psn\n|\n|-damage|p2a: halloween|74\/100 psn|[from] psn\n|upkeep\n|turn|3\n|\n|t:|1697973244\n|move|p2a: halloween|Reflect|p2a: halloween\n|-sidestart|p2: DiffusedTurtle|Reflect\n|move|p1a: Glimmora|Sludge Wave|p2a: halloween\n|-supereffective|p2a: halloween\n|-damage|p2a: halloween|30\/100 psn\n|\n|-damage|p2a: halloween|18\/100 psn|[from] psn\n|-end|p1a: Glimmora|move: Taunt\n|upkeep\n|turn|4\n|\n|t:|1697973250\n|move|p2a: halloween|Taunt|p1a: Glimmora\n|-start|p1a: Glimmora|move: Taunt\n|cant|p1a: Glimmora|move: Taunt|Stealth Rock\n|\n|-damage|p2a: halloween|5\/100 psn|[from] psn\n|upkeep\n|turn|5\n|\n|t:|1697973257\n|move|p2a: halloween|Parting Shot|p1a: Glimmora\n|-unboost|p1a: Glimmora|atk|1\n|-unboost|p1a: Glimmora|spa|1\n|\n|t:|1697973262\n|switch|p2a: 9mm mag|Magearna|100\/100|[from] Parting Shot\n|move|p1a: Glimmora|Mortal Spin|p2a: 9mm mag\n|-immune|p2a: 9mm mag\n|\n|upkeep\n|turn|6\n|\n|t:|1697973276\n|switch|p1a: Urshifu|Urshifu-Rapid-Strike, F|100\/100\n|move|p2a: 9mm mag|Shift Gear|p2a: 9mm mag\n|-boost|p2a: 9mm mag|spe|2\n|-boost|p2a: 9mm mag|atk|1\n|\n|upkeep\n|turn|7\n|\n|t:|1697973298\n|move|p2a: 9mm mag|Shift Gear|p2a: 9mm mag\n|-boost|p2a: 9mm mag|spe|2\n|-boost|p2a: 9mm mag|atk|1\n|move|p1a: Urshifu|Surging Strikes|p2a: 9mm mag\n|-crit|p2a: 9mm mag\n|-damage|p2a: 9mm mag|86\/100\n|-crit|p2a: 9mm mag\n|-damage|p2a: 9mm mag|72\/100\n|-crit|p2a: 9mm mag\n|-damage|p2a: 9mm mag|58\/100\n|-hitcount|p2a: 9mm mag|3\n|\n|upkeep\n|turn|8\n|inactive|DiffusedTurtle has 120 seconds left.\n|\n|t:|1697973326\n|move|p2a: 9mm mag|Baton Pass|p2a: 9mm mag\n|\n|t:|1697973329\n|switch|p2a: aloha|Alomomola, F|100\/100|[from] Baton Pass\n|move|p1a: Urshifu|Close Combat|p2a: aloha\n|-damage|p2a: aloha|84\/100\n|-unboost|p1a: Urshifu|def|1\n|-unboost|p1a: Urshifu|spd|1\n|\n|-heal|p2a: aloha|90\/100|[from] item: Leftovers\n|upkeep\n|turn|9\n|\n|t:|1697973348\n|move|p2a: aloha|Calm Mind|p2a: aloha\n|-boost|p2a: aloha|spa|1\n|-boost|p2a: aloha|spd|1\n|move|p1a: Urshifu|Poison Jab|p2a: aloha\n|-damage|p2a: aloha|82\/100\n|\n|-heal|p2a: aloha|88\/100|[from] item: Leftovers\n|-sideend|p2: DiffusedTurtle|move: Light Screen\n|upkeep\n|turn|10\n|\n|t:|1697973366\n|move|p1a: Urshifu|Protect|p1a: Urshifu\n|-singleturn|p1a: Urshifu|Protect\n|move|p2a: aloha|Aqua Ring|p2a: aloha\n|-start|p2a: aloha|Aqua Ring\n|\n|-heal|p2a: aloha|94\/100|[from] item: Leftovers\n|-heal|p2a: aloha|99\/100|[from] Aqua Ring\n|-sideend|p2: DiffusedTurtle|Reflect\n|upkeep\n|turn|11\n|\n|t:|1697973378\n|switch|p1a: Glimmora|Glimmora, M|100\/100\n|move|p2a: aloha|Calm Mind|p2a: aloha\n|-boost|p2a: aloha|spa|1\n|-boost|p2a: aloha|spd|1\n|\n|-heal|p2a: aloha|100\/100|[from] item: Leftovers\n|upkeep\n|turn|12\n|\n|t:|1697973385\n|move|p2a: aloha|Calm Mind|p2a: aloha\n|-boost|p2a: aloha|spa|1\n|-boost|p2a: aloha|spd|1\n|move|p1a: Glimmora|Stealth Rock|p2a: aloha\n|-sidestart|p2: DiffusedTurtle|move: Stealth Rock\n|\n|upkeep\n|turn|13\n|\n|t:|1697973390\n|move|p2a: aloha|Calm Mind|p2a: aloha\n|-boost|p2a: aloha|spa|1\n|-boost|p2a: aloha|spd|1\n|move|p1a: Glimmora|Mortal Spin|p2a: aloha\n|-damage|p2a: aloha|97\/100\n|-status|p2a: aloha|psn\n|\n|-heal|p2a: aloha|100\/100 psn|[from] item: Leftovers\n|-damage|p2a: aloha|88\/100 psn|[from] psn\n|upkeep\n|turn|14\n|\n|t:|1697973399\n|move|p2a: aloha|Calm Mind|p2a: aloha\n|-boost|p2a: aloha|spa|1\n|-boost|p2a: aloha|spd|1\n|move|p1a: Glimmora|Stealth Rock||[still]\n|-fail|p1a: Glimmora\n|\n|-heal|p2a: aloha|94\/100 psn|[from] item: Leftovers\n|-heal|p2a: aloha|100\/100 psn|[from] Aqua Ring\n|-damage|p2a: aloha|88\/100 psn|[from] psn\n|upkeep\n|turn|15\n|\n|t:|1697973408\n|move|p2a: aloha|Calm Mind|p2a: aloha\n|-boost|p2a: aloha|spa|1\n|-boost|p2a: aloha|spd|1\n|move|p1a: Glimmora|Sludge Wave|p2a: aloha\n|-damage|p2a: aloha|72\/100 psn\n|\n|-heal|p2a: aloha|79\/100 psn|[from] item: Leftovers\n|-heal|p2a: aloha|85\/100 psn|[from] Aqua Ring\n|-damage|p2a: aloha|72\/100 psn|[from] psn\n|upkeep\n|turn|16\n|\n|t:|1697973417\n|move|p2a: aloha|Pain Split|p1a: Glimmora\n|-sethp|p1a: Glimmora|100\/100|[from] move: Pain Split|[silent]\n|-sethp|p2a: aloha|65\/100 psn|[from] move: Pain Split\n|move|p1a: Glimmora|Earth Power|p2a: aloha\n|-damage|p2a: aloha|56\/100 psn\n|\n|-heal|p2a: aloha|62\/100 psn|[from] item: Leftovers\n|-heal|p2a: aloha|68\/100 psn|[from] Aqua Ring\n|-damage|p2a: aloha|56\/100 psn|[from] psn\n|upkeep\n|turn|17\n|\n|t:|1697973433\n|move|p2a: aloha|Pain Split|p1a: Glimmora\n|-sethp|p1a: Glimmora|98\/100|[from] move: Pain Split|[silent]\n|-sethp|p2a: aloha|57\/100 psn|[from] move: Pain Split\n|move|p1a: Glimmora|Earth Power|p2a: aloha\n|-damage|p2a: aloha|47\/100 psn\n|\n|-heal|p2a: aloha|53\/100 psn|[from] item: Leftovers\n|-heal|p2a: aloha|59\/100 psn|[from] Aqua Ring\n|-damage|p2a: aloha|47\/100 psn|[from] psn\n|upkeep\n|turn|18\n|\n|t:|1697973446\n|move|p2a: aloha|Baton Pass|p2a: aloha\n|\n|t:|1697973471\n|switch|p2a: 9mm mag|Magearna|58\/100|[from] Baton Pass\n|-damage|p2a: 9mm mag|52\/100|[from] Stealth Rock\n|move|p1a: Glimmora|Sludge Wave|p2a: 9mm mag\n|-immune|p2a: 9mm mag\n|\n|-heal|p2a: 9mm mag|58\/100|[from] Aqua Ring\n|upkeep\n|turn|19\n|\n|t:|1697973489\n|move|p2a: 9mm mag|Shift Gear|p2a: 9mm mag\n|-boost|p2a: 9mm mag|spe|2\n|-boost|p2a: 9mm mag|atk|1\n|move|p1a: Glimmora|Mortal Spin|p2a: 9mm mag\n|-immune|p2a: 9mm mag\n|\n|-heal|p2a: 9mm mag|64\/100|[from] Aqua Ring\n|upkeep\n|turn|20\n|inactive|komisan21 has 120 seconds left.\n|inactive|DiffusedTurtle has 120 seconds left.\n|\n|t:|1697973532\n|switch|p1a: Urshifu|Urshifu-Rapid-Strike, F|100\/100\n|move|p2a: 9mm mag|Calm Mind|p2a: 9mm mag\n|-boost|p2a: 9mm mag|spa|0\n|-boost|p2a: 9mm mag|spd|0\n|\n|-heal|p2a: 9mm mag|70\/100|[from] Aqua Ring\n|upkeep\n|turn|21\n|inactive|DiffusedTurtle has 90 seconds left.\n|\n|t:|1697973557\n|move|p2a: 9mm mag|Baton Pass|p2a: 9mm mag\n|\n|t:|1697973560\n|switch|p2a: aloha|Alomomola, F|80\/100 psn|[from] Baton Pass\n|-damage|p2a: aloha|68\/100 psn|[from] Stealth Rock\n|move|p1a: Urshifu|Surging Strikes|p2a: aloha\n|-resisted|p2a: aloha\n|-crit|p2a: aloha\n|-damage|p2a: aloha|62\/100 psn\n|-resisted|p2a: aloha\n|-crit|p2a: aloha\n|-damage|p2a: aloha|56\/100 psn\n|-resisted|p2a: aloha\n|-crit|p2a: aloha\n|-damage|p2a: aloha|51\/100 psn\n|-hitcount|p2a: aloha|3\n|\n|-heal|p2a: aloha|57\/100 psn|[from] item: Leftovers\n|-heal|p2a: aloha|63\/100 psn|[from] Aqua Ring\n|-damage|p2a: aloha|51\/100 psn|[from] psn\n|upkeep\n|turn|22\n|inactive|komisan21 has 120 seconds left.\n|\n|t:|1697973577\n|move|p1a: Urshifu|Protect|p1a: Urshifu\n|-singleturn|p1a: Urshifu|Protect\n|move|p2a: aloha|Pain Split|p1a: Urshifu\n|-activate|p1a: Urshifu|move: Protect\n|\n|-heal|p2a: aloha|57\/100 psn|[from] item: Leftovers\n|-heal|p2a: aloha|63\/100 psn|[from] Aqua Ring\n|-damage|p2a: aloha|51\/100 psn|[from] psn\n|upkeep\n|turn|23\n|\n|t:|1697973600\n|move|p2a: aloha|Pain Split|p1a: Urshifu\n|-sethp|p1a: Urshifu|90\/100|[from] move: Pain Split|[silent]\n|-sethp|p2a: aloha|57\/100 psn|[from] move: Pain Split\n|move|p1a: Urshifu|Poison Jab|p2a: aloha\n|-damage|p2a: aloha|40\/100 psn\n|\n|-heal|p2a: aloha|46\/100 psn|[from] item: Leftovers\n|-heal|p1a: Urshifu|96\/100|[from] item: Leftovers\n|-heal|p2a: aloha|52\/100 psn|[from] Aqua Ring\n|-damage|p2a: aloha|40\/100 psn|[from] psn\n|upkeep\n|turn|24\n|\n|t:|1697973611\n|move|p2a: aloha|Baton Pass|p2a: aloha\n|\n|t:|1697973613\n|switch|p2a: moon knight|Calyrex-Ice|100\/100|[from] Baton Pass\n|-ability|p2a: moon knight|As One\n|-ability|p2a: moon knight|Unnerve\n|-damage|p2a: moon knight|75\/100|[from] Stealth Rock\n|move|p1a: Urshifu|Poison Jab|p2a: moon knight\n|-damage|p2a: moon knight|58\/100\n|\n|-heal|p2a: moon knight|64\/100|[from] item: Leftovers\n|-heal|p1a: Urshifu|100\/100|[from] item: Leftovers\n|-heal|p2a: moon knight|70\/100|[from] Aqua Ring\n|upkeep\n|turn|25\n|\n|t:|1697973626\n|move|p1a: Urshifu|Protect|p1a: Urshifu\n|-singleturn|p1a: Urshifu|Protect\n|move|p2a: moon knight|Iron Defense|p2a: moon knight\n|-boost|p2a: moon knight|def|2\n|\n|-heal|p2a: moon knight|76\/100|[from] item: Leftovers\n|-heal|p2a: moon knight|83\/100|[from] Aqua Ring\n|upkeep\n|turn|26\n|\n|t:|1697973650\n|move|p2a: moon knight|Baton Pass|p2a: moon knight\n|\n|t:|1697973653\n|switch|p2a: aloha|Alomomola, F|73\/100 psn|[from] Baton Pass\n|-damage|p2a: aloha|61\/100 psn|[from] Stealth Rock\n|move|p1a: Urshifu|Close Combat|p2a: aloha\n|-damage|p2a: aloha|41\/100 psn\n|-unboost|p1a: Urshifu|def|1\n|-unboost|p1a: Urshifu|spd|1\n|\n|-heal|p2a: aloha|47\/100 psn|[from] item: Leftovers\n|-heal|p2a: aloha|53\/100 psn|[from] Aqua Ring\n|-damage|p2a: aloha|41\/100 psn|[from] psn\n|upkeep\n|turn|27\n|inactive|komisan21 has 120 seconds left.\n|\n|t:|1697973678\n|move|p2a: aloha|Pain Split|p1a: Urshifu\n|-sethp|p1a: Urshifu|82\/100|[from] move: Pain Split|[silent]\n|-sethp|p2a: aloha|53\/100 psn|[from] move: Pain Split\n|move|p1a: Urshifu|Poison Jab|p2a: aloha\n|-damage|p2a: aloha|44\/100 psn\n|\n|-heal|p2a: aloha|50\/100 psn|[from] item: Leftovers\n|-heal|p1a: Urshifu|88\/100|[from] item: Leftovers\n|-heal|p2a: aloha|56\/100 psn|[from] Aqua Ring\n|-damage|p2a: aloha|44\/100 psn|[from] psn\n|upkeep\n|turn|28\n|\n|t:|1697973690\n|move|p1a: Urshifu|Protect|p1a: Urshifu\n|-singleturn|p1a: Urshifu|Protect\n|move|p2a: aloha|Baton Pass|p2a: aloha\n|\n|t:|1697973696\n|switch|p2a: jai maharastra|Espathra, F|100\/100|[from] Baton Pass\n|-damage|p2a: jai maharastra|88\/100|[from] Stealth Rock\n|\n|-heal|p1a: Urshifu|95\/100|[from] item: Leftovers\n|-heal|p2a: jai maharastra|94\/100|[from] Aqua Ring\n|upkeep\n|turn|29\n|inactive|komisan21 has 90 seconds left.\n|\n|t:|1697973725\n|move|p2a: jai maharastra|Stored Power|p1a: Urshifu\n|-supereffective|p1a: Urshifu\n|-damage|p1a: Urshifu|0 fnt\n|faint|p1a: Urshifu\n|\n|-heal|p2a: jai maharastra|99\/100|[from] Aqua Ring\n|upkeep\n|inactive|komisan21 has 90 seconds left.\n|\n|t:|1697973738\n|switch|p1a: Iron Valiant|Iron Valiant|100\/100\n|-enditem|p1a: Iron Valiant|Booster Energy\n|-activate|p1a: Iron Valiant|ability: Quark Drive|[fromitem]\n|-start|p1a: Iron Valiant|quarkdrivespe\n|turn|30\n|inactive|komisan21 has 90 seconds left.\n|\n|t:|1697973743\n|move|p1a: Iron Valiant|Protect|p1a: Iron Valiant\n|-singleturn|p1a: Iron Valiant|Protect\n|move|p2a: jai maharastra|Stored Power|p1a: Iron Valiant\n|-activate|p1a: Iron Valiant|move: Protect\n|\n|-heal|p2a: jai maharastra|100\/100|[from] Aqua Ring\n|upkeep\n|turn|31\n|inactive|komisan21 has 90 seconds left.\n|\n|t:|1697973762\n|move|p2a: jai maharastra|Stored Power|p1a: Iron Valiant\n|-supereffective|p1a: Iron Valiant\n|-damage|p1a: Iron Valiant|0 fnt\n|faint|p1a: Iron Valiant\n|-end|p1a: Iron Valiant|Quark Drive|[silent]\n|\n|upkeep\n|\n|t:|1697973767\n|switch|p1a: Ogerpon|Ogerpon-Cornerstone, F|100\/100\n|turn|32\n|inactive|komisan21 has 90 seconds left.\n|\n|t:|1697973778\n|move|p1a: Ogerpon|Spiky Shield|p1a: Ogerpon\n|-singleturn|p1a: Ogerpon|move: Protect\n|move|p2a: jai maharastra|Stored Power|p1a: Ogerpon\n|-activate|p1a: Ogerpon|move: Protect\n|\n|upkeep\n|turn|33\n|inactive|komisan21 has 90 seconds left.\n|\n|t:|1697973792\n|move|p2a: jai maharastra|Stored Power|p1a: Ogerpon\n|-ability|p1a: Ogerpon|Sturdy\n|-damage|p1a: Ogerpon|1\/100\n|move|p1a: Ogerpon|Ivy Cudgel|p2a: jai maharastra\n|-damage|p2a: jai maharastra|69\/100\n|\n|-heal|p2a: jai maharastra|75\/100|[from] Aqua Ring\n|upkeep\n|turn|34\n|inactive|komisan21 has 90 seconds left.\n|\n|t:|1697973805\n|switch|p1a: Glimmora|Glimmora, M|98\/100\n|move|p2a: jai maharastra|Stored Power|p1a: Glimmora\n|-supereffective|p1a: Glimmora\n|-damage|p1a: Glimmora|0 fnt\n|faint|p1a: Glimmora\n|\n|-heal|p2a: jai maharastra|81\/100|[from] Aqua Ring\n|upkeep\n|-message|komisan21 forfeited.\n|\n|win|DiffusedTurtle\n|raw|komisan21's rating: 1000 &rarr; <strong>1000<\/strong><br \/>(+0 for losing)\n|raw|DiffusedTurtle's rating: 1100 &rarr; <strong>1118<\/strong><br \/>(+18 for winning)\n|l|\u2606komisan21\n","uploadtime":1697973819,"views":14,"p1id":"komisan21","p2id":"diffusedturtle","formatid":"gen9anythinggoes","rating":1000,"private":0,"password":""}