{"id":"gen9anythinggoes-1980764542","p1":"TraceTheDingo","p2":"name1234name5678na","format":"[Gen 9] Anything Goes","log":"|j|\u2606TraceTheDingo\n|j|\u2606name1234name5678na\n|t:|1698828638\n|gametype|singles\n|player|p1|TraceTheDingo|266|1126\n|player|p2|name1234name5678na|unknown|1000\n|teamsize|p1|6\n|teamsize|p2|6\n|gen|9\n|tier|[Gen 9] Anything Goes\n|rated|\n|rule|HP Percentage Mod: HP is shown in percentages\n|rule|Endless Battle Clause: Forcing endless battles is banned\n|clearpoke\n|poke|p1|Baxcalibur, M|\n|poke|p1|Skeledirge, F|\n|poke|p1|Palafin, M|\n|poke|p1|Toedscruel, M|\n|poke|p1|Garganacl, F|\n|poke|p1|Tinkaton, F|\n|poke|p2|Lechonk, M|\n|poke|p2|Lechonk, F|\n|poke|p2|Lechonk, M|\n|poke|p2|Lechonk, M|\n|poke|p2|Lechonk, M|\n|poke|p2|Zacian-*|\n|teampreview\n|c|\u2606name1234name5678na|i am the ultimate meme\n|c|\u2606TraceTheDingo|Oh it's beautiful\n|\n|t:|1698828660\n|start\n|switch|p1a: Habanero|Skeledirge, F|100\/100\n|switch|p2a: Lechonk|Lechonk, M|100\/100\n|turn|1\n|\n|t:|1698828669\n|move|p1a: Habanero|Torch Song|p2a: Lechonk\n|-damage|p2a: Lechonk|0 fnt\n|-boost|p1a: Habanero|spa|1\n|faint|p2a: Lechonk\n|-damage|p1a: Habanero|91\/100|[from] item: Life Orb\n|\n|upkeep\n|\n|t:|1698828675\n|switch|p2a: Lechonk|Lechonk, F|100\/100\n|turn|2\n|\n|t:|1698828679\n|move|p1a: Habanero|Torch Song|p2a: Lechonk\n|-damage|p2a: Lechonk|0 fnt\n|-boost|p1a: Habanero|spa|1\n|faint|p2a: Lechonk\n|-damage|p1a: Habanero|81\/100|[from] item: Life Orb\n|\n|upkeep\n|\n|t:|1698828686\n|switch|p2a: Lechonk|Lechonk, M|100\/100\n|turn|3\n|\n|t:|1698828690\n|move|p1a: Habanero|Torch Song|p2a: Lechonk\n|-damage|p2a: Lechonk|0 fnt\n|-boost|p1a: Habanero|spa|1\n|faint|p2a: Lechonk\n|-damage|p1a: Habanero|71\/100|[from] item: Life Orb\n|\n|upkeep\n|\n|t:|1698828698\n|switch|p2a: Lechonk|Lechonk, M|100\/100\n|turn|4\n|\n|t:|1698828706\n|move|p1a: Habanero|Torch Song|p2a: Lechonk\n|-damage|p2a: Lechonk|0 fnt\n|-boost|p1a: Habanero|spa|1\n|faint|p2a: Lechonk\n|-damage|p1a: Habanero|61\/100|[from] item: Life Orb\n|\n|upkeep\n|\n|t:|1698828713\n|switch|p2a: Lechonk|Lechonk, M|100\/100\n|turn|5\n|\n|t:|1698828717\n|move|p1a: Habanero|Torch Song|p2a: Lechonk\n|-damage|p2a: Lechonk|0 fnt\n|-boost|p1a: Habanero|spa|1\n|faint|p2a: Lechonk\n|-damage|p1a: Habanero|51\/100|[from] item: Life Orb\n|\n|upkeep\n|\n|t:|1698828720\n|switch|p2a: Zacian|Zacian-Crowned|100\/100\n|-ability|p2a: Zacian|Intrepid Sword|boost\n|-boost|p2a: Zacian|atk|1\n|turn|6\n|c|\u2606name1234name5678na|hehe\n|\n|t:|1698828729\n|move|p2a: Zacian|Iron Defense|p2a: Zacian\n|-boost|p2a: Zacian|def|2\n|move|p1a: Habanero|Torch Song|p2a: Zacian\n|-supereffective|p2a: Zacian\n|-damage|p2a: Zacian|0 fnt\n|-boost|p1a: Habanero|spa|1\n|faint|p2a: Zacian\n|-damage|p1a: Habanero|41\/100|[from] item: Life Orb\n|\n|win|TraceTheDingo\n|raw|TraceTheDingo's rating: 1126 &rarr; <strong>1142<\/strong><br \/>(+16 for winning)\n|raw|name1234name5678na's rating: 1000 &rarr; <strong>1000<\/strong><br \/>(+0 for losing)\n|c|\u2606TraceTheDingo|Gg\n|c|\u2606name1234name5678na|GG!\n","uploadtime":1698828743,"views":10,"p1id":"tracethedingo","p2id":"name1234name5678na","formatid":"gen9anythinggoes","rating":1000,"private":0,"password":""}