{"id":"gen9anythinggoes-1989313737","p1":"JokeTeamMaker","p2":"MintyWatermelon","format":"[Gen 9] Anything Goes","log":"|j|\u2606JokeTeamMaker\n|j|\u2606MintyWatermelon\n|t:|1699835222\n|gametype|singles\n|player|p1|JokeTeamMaker|maid|1057\n|player|p2|MintyWatermelon|101|1055\n|teamsize|p1|6\n|teamsize|p2|6\n|gen|9\n|tier|[Gen 9] Anything Goes\n|rated|\n|rule|HP Percentage Mod: HP is shown in percentages\n|rule|Endless Battle Clause: Forcing endless battles is banned\n|clearpoke\n|poke|p1|Ribombee, M|\n|poke|p1|Ogerpon-Cornerstone, F|\n|poke|p1|Glimmora, F|\n|poke|p1|Empoleon, F|\n|poke|p1|Walking Wake|\n|poke|p1|Samurott-Hisui, F|\n|poke|p2|Azumarill, F|\n|poke|p2|Kingambit, M|\n|poke|p2|Quagsire, M|\n|poke|p2|Salamence, M|\n|poke|p2|Garchomp, F|\n|poke|p2|Darkrai|\n|teampreview\n|\n|t:|1699835228\n|start\n|switch|p1a: Random Ribombee|Ribombee, M|100\/100\n|switch|p2a: Destroyer|Azumarill, F|100\/100\n|turn|1\n|\n|t:|1699835243\n|move|p1a: Random Ribombee|Stun Spore|p2a: Destroyer\n|-status|p2a: Destroyer|par\n|cant|p2a: Destroyer|par\n|\n|upkeep\n|turn|2\n|inactive|Battle timer is ON: inactive players will automatically lose when time's up. (requested by MintyWatermelon)\n|\n|t:|1699835250\n|move|p1a: Random Ribombee|Moonblast|p2a: Destroyer\n|-damage|p2a: Destroyer|60\/100 par\n|cant|p2a: Destroyer|par\n|\n|upkeep\n|turn|3\n|\n|t:|1699835256\n|move|p2a: Destroyer|Aqua Jet|p1a: Random Ribombee\n|-damage|p1a: Random Ribombee|50\/100\n|move|p1a: Random Ribombee|Sticky Web|p2a: Destroyer\n|-sidestart|p2: MintyWatermelon|move: Sticky Web\n|\n|upkeep\n|turn|4\n|\n|t:|1699835262\n|move|p2a: Destroyer|Aqua Jet|p1a: Random Ribombee\n|-damage|p1a: Random Ribombee|0 fnt\n|faint|p1a: Random Ribombee\n|\n|upkeep\n|\n|t:|1699835266\n|switch|p1a: Random Ogerpon|Ogerpon-Cornerstone, F|100\/100\n|turn|5\n|\n|t:|1699835285\n|-terastallize|p2a: Destroyer|Water\n|move|p1a: Random Ogerpon|Power Whip|p2a: Destroyer|[miss]\n|-miss|p1a: Random Ogerpon|p2a: Destroyer\n|move|p2a: Destroyer|Liquidation|p1a: Random Ogerpon\n|-ability|p1a: Random Ogerpon|Sturdy\n|-damage|p1a: Random Ogerpon|1\/100\n|\n|upkeep\n|turn|6\n|\n|t:|1699835295\n|cant|p2a: Destroyer|par\n|move|p1a: Random Ogerpon|Power Whip|p2a: Destroyer\n|-supereffective|p2a: Destroyer\n|-damage|p2a: Destroyer|0 fnt\n|faint|p2a: Destroyer\n|\n|upkeep\n|\n|t:|1699835308\n|switch|p2a: Kneel|Kingambit, M|100\/100\n|-activate|p2a: Kneel|move: Sticky Web\n|-unboost|p2a: Kneel|spe|1\n|-activate|p2a: Kneel|ability: Supreme Overlord\n|-start|p2a: Kneel|fallen1|[silent]\n|turn|7\n|\n|t:|1699835316\n|move|p2a: Kneel|Sucker Punch||[still]\n|-fail|p2a: Kneel\n|move|p1a: Random Ogerpon|Taunt|p2a: Kneel\n|-start|p2a: Kneel|move: Taunt\n|\n|upkeep\n|turn|8\n|\n|t:|1699835329\n|move|p1a: Random Ogerpon|Spikes|p2a: Kneel\n|-sidestart|p2: MintyWatermelon|Spikes\n|move|p2a: Kneel|Night Slash|p1a: Random Ogerpon\n|-crit|p1a: Random Ogerpon\n|-damage|p1a: Random Ogerpon|0 fnt\n|faint|p1a: Random Ogerpon\n|\n|upkeep\n|\n|t:|1699835336\n|switch|p1a: Random Glimmora|Glimmora, F|100\/100\n|turn|9\n|\n|t:|1699835354\n|move|p1a: Random Glimmora|Earth Power|p2a: Kneel\n|-supereffective|p2a: Kneel\n|-damage|p2a: Kneel|39\/100\n|move|p2a: Kneel|Kowtow Cleave|p1a: Random Glimmora\n|-damage|p1a: Random Glimmora|21\/100\n|-activate|p1a: Random Glimmora|ability: Toxic Debris\n|-sidestart|p2: MintyWatermelon|move: Toxic Spikes\n|\n|upkeep\n|turn|10\n|\n|t:|1699835369\n|-end|p2a: Kneel|fallen1|[silent]\n|switch|p2a: Excuse me sir|Quagsire, M|100\/100\n|-activate|p2a: Excuse me sir|move: Sticky Web\n|-unboost|p2a: Excuse me sir|spe|1\n|-damage|p2a: Excuse me sir|88\/100|[from] Spikes\n|-status|p2a: Excuse me sir|psn\n|move|p1a: Random Glimmora|Earth Power|p2a: Excuse me sir\n|-damage|p2a: Excuse me sir|61\/100 psn\n|\n|-heal|p2a: Excuse me sir|68\/100 psn|[from] item: Leftovers\n|-damage|p2a: Excuse me sir|55\/100 psn|[from] psn\n|upkeep\n|turn|11\n|\n|t:|1699835389\n|move|p1a: Random Glimmora|Energy Ball|p2a: Excuse me sir\n|-supereffective|p2a: Excuse me sir\n|-damage|p2a: Excuse me sir|0 fnt\n|faint|p2a: Excuse me sir\n|\n|upkeep\n|\n|t:|1699835395\n|switch|p2a: Gulp|Garchomp, F|100\/100\n|-activate|p2a: Gulp|move: Sticky Web\n|-unboost|p2a: Gulp|spe|1\n|-damage|p2a: Gulp|88\/100|[from] Spikes\n|-status|p2a: Gulp|psn\n|turn|12\n|\n|t:|1699835408\n|move|p1a: Random Glimmora|Energy Ball|p2a: Gulp\n|-damage|p2a: Gulp|57\/100 psn\n|move|p2a: Gulp|Dragon Claw|p1a: Random Glimmora\n|-damage|p1a: Random Glimmora|0 fnt\n|-activate|p1a: Random Glimmora|ability: Toxic Debris\n|-sidestart|p2: MintyWatermelon|move: Toxic Spikes\n|faint|p1a: Random Glimmora\n|\n|-damage|p2a: Gulp|45\/100 psn|[from] psn\n|upkeep\n|\n|t:|1699835417\n|switch|p1a: Random Penguin|Empoleon, F|100\/100\n|turn|13\n|\n|t:|1699835440\n|-terastallize|p1a: Random Penguin|Water\n|move|p2a: Gulp|Stone Edge|p1a: Random Penguin\n|-damage|p1a: Random Penguin|70\/100\n|move|p1a: Random Penguin|Surf|p2a: Gulp\n|-damage|p2a: Gulp|5\/100 psn\n|\n|-heal|p1a: Random Penguin|76\/100|[from] item: Leftovers\n|-damage|p2a: Gulp|0 fnt|[from] psn\n|faint|p2a: Gulp\n|upkeep\n|\n|t:|1699835451\n|switch|p2a: Dragown|Salamence, M|100\/100\n|turn|14\n|\n|t:|1699835460\n|move|p2a: Dragown|Dual Wingbeat|p1a: Random Penguin\n|-damage|p1a: Random Penguin|50\/100\n|-damage|p1a: Random Penguin|23\/100\n|-hitcount|p1a: Random Penguin|2\n|-damage|p2a: Dragown|91\/100|[from] item: Life Orb\n|move|p1a: Random Penguin|Stealth Rock|p2a: Dragown\n|-sidestart|p2: MintyWatermelon|move: Stealth Rock\n|\n|-heal|p1a: Random Penguin|29\/100|[from] item: Leftovers\n|upkeep\n|turn|15\n|\n|t:|1699835470\n|move|p2a: Dragown|Dual Wingbeat|p1a: Random Penguin\n|-damage|p1a: Random Penguin|3\/100\n|-damage|p1a: Random Penguin|0 fnt\n|faint|p1a: Random Penguin\n|-ability|p2a: Dragown|Moxie|boost\n|-boost|p2a: Dragown|atk|1\n|-hitcount|p1: Random Penguin|2\n|-damage|p2a: Dragown|81\/100|[from] item: Life Orb\n|\n|upkeep\n|\n|t:|1699835479\n|switch|p1a: Random Wake|Walking Wake|100\/100\n|-enditem|p1a: Random Wake|Booster Energy\n|-activate|p1a: Random Wake|ability: Protosynthesis|[fromitem]\n|-start|p1a: Random Wake|protosynthesisspa\n|turn|16\n|\n|t:|1699835484\n|move|p1a: Random Wake|Dragon Pulse|p2a: Dragown\n|-supereffective|p2a: Dragown\n|-damage|p2a: Dragown|0 fnt\n|faint|p2a: Dragown\n|\n|upkeep\n|\n|t:|1699835489\n|switch|p2a: Darkrai|Darkrai|100\/100\n|-activate|p2a: Darkrai|move: Sticky Web\n|-unboost|p2a: Darkrai|spe|1\n|-damage|p2a: Darkrai|88\/100|[from] Spikes\n|-status|p2a: Darkrai|tox\n|-damage|p2a: Darkrai|75\/100 tox|[from] Stealth Rock\n|turn|17\n|\n|t:|1699835503\n|move|p1a: Random Wake|Substitute|p1a: Random Wake\n|-start|p1a: Random Wake|Substitute\n|-damage|p1a: Random Wake|76\/100\n|move|p2a: Darkrai|Drain Punch|p1a: Random Wake\n|-activate|p1a: Random Wake|move: Substitute|[damage]\n|-heal|p2a: Darkrai|85\/100 tox|[from] drain|[of] p1a: Random Wake\n|\n|-damage|p2a: Darkrai|79\/100 tox|[from] psn\n|upkeep\n|turn|18\n|\n|t:|1699835516\n|move|p1a: Random Wake|Dragon Pulse|p2a: Darkrai\n|-damage|p2a: Darkrai|7\/100 tox\n|move|p2a: Darkrai|Shadow Claw|p1a: Random Wake\n|-end|p1a: Random Wake|Substitute\n|\n|-damage|p2a: Darkrai|0 fnt|[from] psn\n|faint|p2a: Darkrai\n|upkeep\n|\n|t:|1699835524\n|switch|p2a: Kneel|Kingambit, M|39\/100\n|-activate|p2a: Kneel|move: Sticky Web\n|-unboost|p2a: Kneel|spe|1\n|-damage|p2a: Kneel|26\/100|[from] Spikes\n|-damage|p2a: Kneel|20\/100|[from] Stealth Rock\n|-activate|p2a: Kneel|ability: Supreme Overlord\n|-start|p2a: Kneel|fallen5|[silent]\n|turn|19\n|\n|t:|1699835535\n|move|p1a: Random Wake|Substitute|p1a: Random Wake\n|-start|p1a: Random Wake|Substitute\n|-damage|p1a: Random Wake|51\/100\n|move|p2a: Kneel|Night Slash|p1a: Random Wake\n|-end|p1a: Random Wake|Substitute\n|\n|upkeep\n|turn|20\n|\n|t:|1699835542\n|move|p1a: Random Wake|Dragon Pulse|p2a: Kneel\n|-resisted|p2a: Kneel\n|-damage|p2a: Kneel|0 fnt\n|faint|p2a: Kneel\n|-end|p2a: Kneel|fallen5|[silent]\n|\n|win|JokeTeamMaker\n|raw|JokeTeamMaker's rating: 1057 &rarr; <strong>1088<\/strong><br \/>(+31 for winning)\n|raw|MintyWatermelon's rating: 1055 &rarr; <strong>1037<\/strong><br \/>(-18 for losing)\n","uploadtime":1699835551,"views":12,"p1id":"joketeammaker","p2id":"mintywatermelon","formatid":"gen9anythinggoes","rating":1037,"private":0,"password":""}