{"id":"gen9anythinggoes-1988158860","p1":"puhtassiom","p2":"RadvilsTTT","format":"[Gen 9] Anything Goes","log":"|j|\u2606puhtassiom\n|j|\u2606RadvilsTTT\n|t:|1699677219\n|gametype|singles\n|player|p1|puhtassiom|ghetsis-gen5bw|1079\n|player|p2|RadvilsTTT|youngster-gen4dp|1043\n|teamsize|p1|6\n|teamsize|p2|6\n|gen|9\n|tier|[Gen 9] Anything Goes\n|rated|\n|rule|HP Percentage Mod: HP is shown in percentages\n|rule|Endless Battle Clause: Forcing endless battles is banned\n|clearpoke\n|poke|p1|Greninja-*, M|\n|poke|p1|Salazzle, F|\n|poke|p1|Gholdengo|\n|poke|p1|Ogerpon-Wellspring, F|\n|poke|p1|Mimikyu, F|\n|poke|p1|Kommo-o, F|\n|poke|p2|Chesnaught, M|\n|poke|p2|Delphox, M|\n|poke|p2|Greninja-*, M|\n|poke|p2|Chesnaught, M|\n|poke|p2|Delphox, F|\n|poke|p2|Greninja-*, M|\n|teampreview\n|c|\u2606puhtassiom|what\n|c|\u2606puhtassiom|what\n|c|\u2606RadvilsTTT|lol\n|c|\u2606puhtassiom|what is this\n|\n|t:|1699677251\n|start\n|switch|p1a: inflatable boy|Gholdengo|100\/100\n|switch|p2a: Greninja|Greninja, M|100\/100\n|turn|1\n|\n|t:|1699677274\n|move|p2a: Greninja|Spikes|p1a: inflatable boy\n|-sidestart|p1: puhtassiom|Spikes\n|move|p1a: inflatable boy|Focus Blast|p2a: Greninja\n|-supereffective|p2a: Greninja\n|-enditem|p2a: Greninja|Focus Sash\n|-damage|p2a: Greninja|1\/100\n|\n|upkeep\n|turn|2\n|\n|t:|1699677299\n|switch|p1a: claka waka|Kommo-o, F|100\/100\n|-damage|p1a: claka waka|88\/100|[from] Spikes\n|move|p2a: Greninja|Spikes|p1a: claka waka\n|-sidestart|p1: puhtassiom|Spikes\n|\n|upkeep\n|turn|3\n|\n|t:|1699677310\n|move|p2a: Greninja|Taunt|p1a: claka waka\n|-start|p1a: claka waka|move: Taunt\n|move|p1a: claka waka|Body Press|p2a: Greninja\n|-supereffective|p2a: Greninja\n|-damage|p2a: Greninja|0 fnt\n|faint|p2a: Greninja\n|\n|upkeep\n|\n|t:|1699677331\n|switch|p2a: Delphox|Delphox, M, shiny|100\/100\n|turn|4\n|\n|t:|1699677345\n|switch|p1a: inflatable boy|Gholdengo|100\/100\n|-damage|p1a: inflatable boy|84\/100|[from] Spikes\n|move|p2a: Delphox|Dazzling Gleam|p1a: inflatable boy\n|-resisted|p1a: inflatable boy\n|-damage|p1a: inflatable boy|61\/100\n|\n|upkeep\n|turn|5\n|\n|t:|1699677366\n|switch|p2a: Chesnaught|Chesnaught, M, shiny|100\/100\n|move|p1a: inflatable boy|Focus Blast|p2a: Chesnaught\n|-immune|p2a: Chesnaught|[from] ability: Bulletproof\n|\n|upkeep\n|turn|6\n|\n|t:|1699677432\n|switch|p1a: clone drone|Mimikyu, F, shiny|100\/100\n|-damage|p1a: clone drone|84\/100|[from] Spikes\n|move|p2a: Chesnaught|Leech Seed|p1a: clone drone|[miss]\n|-miss|p2a: Chesnaught|p1a: clone drone\n|\n|upkeep\n|turn|7\n|\n|t:|1699677443\n|move|p1a: clone drone|Play Rough|p2a: Chesnaught|[miss]\n|-miss|p1a: clone drone|p2a: Chesnaught\n|move|p2a: Chesnaught|Leech Seed|p1a: clone drone\n|-start|p1a: clone drone|move: Leech Seed\n|\n|-damage|p1a: clone drone|72\/100|[from] Leech Seed|[of] p2a: Chesnaught\n|upkeep\n|turn|8\n|\n|t:|1699677455\n|move|p1a: clone drone|Play Rough|p2a: Chesnaught\n|-supereffective|p2a: Chesnaught\n|-damage|p2a: Chesnaught|40\/100\n|-damage|p1a: clone drone|55\/100|[from] item: Rocky Helmet|[of] p2a: Chesnaught\n|-damage|p1a: clone drone|46\/100|[from] item: Life Orb\n|move|p2a: Chesnaught|Iron Defense|p2a: Chesnaught\n|-boost|p2a: Chesnaught|def|2\n|\n|-damage|p1a: clone drone|33\/100|[from] Leech Seed|[of] p2a: Chesnaught\n|-heal|p2a: Chesnaught|48\/100|[silent]\n|upkeep\n|turn|9\n|\n|t:|1699677470\n|move|p2a: Chesnaught|Spiky Shield|p2a: Chesnaught\n|-singleturn|p2a: Chesnaught|move: Protect\n|move|p1a: clone drone|Play Rough|p2a: Chesnaught\n|-activate|p2a: Chesnaught|move: Protect\n|-damage|p1a: clone drone|21\/100|[from] Spiky Shield|[of] p2a: Chesnaught\n|\n|-damage|p1a: clone drone|8\/100|[from] Leech Seed|[of] p2a: Chesnaught\n|-heal|p2a: Chesnaught|57\/100|[silent]\n|upkeep\n|turn|10\n|\n|t:|1699677489\n|move|p2a: Chesnaught|Spiky Shield|p2a: Chesnaught\n|-singleturn|p2a: Chesnaught|move: Protect\n|move|p1a: clone drone|Play Rough|p2a: Chesnaught\n|-activate|p2a: Chesnaught|move: Protect\n|-damage|p1a: clone drone|0 fnt|[from] Spiky Shield|[of] p2a: Chesnaught\n|faint|p1a: clone drone\n|\n|upkeep\n|\n|t:|1699677501\n|switch|p1a: gwen|Salazzle, F, shiny|100\/100\n|-damage|p1a: gwen|84\/100|[from] Spikes\n|turn|11\n|\n|t:|1699677510\n|switch|p2a: Delphox|Delphox, F|100\/100\n|move|p1a: gwen|Fire Blast|p2a: Delphox|[miss]\n|-miss|p1a: gwen|p2a: Delphox\n|\n|upkeep\n|turn|12\n|\n|t:|1699677523\n|switch|p1a: ginji|Greninja, M, shiny|100\/100\n|-damage|p1a: ginji|84\/100|[from] Spikes\n|move|p2a: Delphox|Psyshock|p1a: ginji\n|-immune|p1a: ginji\n|\n|upkeep\n|turn|13\n|\n|t:|1699677534\n|switch|p2a: Greninja|Greninja, M|100\/100\n|move|p1a: ginji|Ice Beam|p2a: Greninja\n|-start|p1a: ginji|typechange|Ice|[from] ability: Protean\n|-resisted|p2a: Greninja\n|-damage|p2a: Greninja|65\/100\n|\n|upkeep\n|turn|14\n|\n|t:|1699677570\n|switch|p1a: Depresso|Ogerpon-Wellspring, F|100\/100\n|-damage|p1a: Depresso|84\/100|[from] Spikes\n|move|p2a: Greninja|Dark Pulse|p1a: Depresso\n|-start|p2a: Greninja|typechange|Dark|[from] ability: Protean\n|-damage|p1a: Depresso|45\/100\n|\n|upkeep\n|turn|15\n|\n|t:|1699677586\n|switch|p2a: Chesnaught|Chesnaught, M, shiny|57\/100\n|move|p1a: Depresso|Play Rough|p2a: Chesnaught\n|-supereffective|p2a: Chesnaught\n|-damage|p2a: Chesnaught|17\/100\n|-damage|p1a: Depresso|28\/100|[from] item: Rocky Helmet|[of] p2a: Chesnaught\n|\n|upkeep\n|turn|16\n|\n|t:|1699677599\n|switch|p1a: inflatable boy|Gholdengo|61\/100\n|-damage|p1a: inflatable boy|44\/100|[from] Spikes\n|move|p2a: Chesnaught|Spiky Shield||[still]\n|-fail|p2a: Chesnaught\n|\n|upkeep\n|turn|17\n|\n|t:|1699677640\n|switch|p1a: Depresso|Ogerpon-Wellspring, F|28\/100\n|-damage|p1a: Depresso|11\/100|[from] Spikes\n|move|p2a: Chesnaught|Spiky Shield||[still]\n|-fail|p2a: Chesnaught\n|\n|upkeep\n|turn|18\n|\n|t:|1699677658\n|move|p1a: Depresso|Play Rough|p2a: Chesnaught\n|-supereffective|p2a: Chesnaught\n|-damage|p2a: Chesnaught|0 fnt\n|-damage|p1a: Depresso|0 fnt|[from] item: Rocky Helmet|[of] p2a: Chesnaught\n|faint|p2a: Chesnaught\n|faint|p1a: Depresso\n|\n|upkeep\n|\n|t:|1699677675\n|switch|p1a: claka waka|Kommo-o, F|88\/100\n|switch|p2a: Delphox|Delphox, F|100\/100\n|-damage|p1a: claka waka|72\/100|[from] Spikes\n|turn|19\n|\n|t:|1699677686\n|move|p2a: Delphox|Dazzling Gleam|p1a: claka waka\n|-supereffective|p1a: claka waka\n|-crit|p1a: claka waka\n|-damage|p1a: claka waka|0 fnt\n|faint|p1a: claka waka\n|\n|upkeep\n|\n|t:|1699677801\n|switch|p1a: inflatable boy|Gholdengo|44\/100\n|-damage|p1a: inflatable boy|28\/100|[from] Spikes\n|turn|20\n|c|\u2606puhtassiom|nah i quit\n|-message|puhtassiom forfeited.\n|\n|win|RadvilsTTT\n|raw|puhtassiom's rating: 1079 &rarr; <strong>1053<\/strong><br \/>(-26 for losing)\n|raw|RadvilsTTT's rating: 1018 &rarr; <strong>1062<\/strong><br \/>(+44 for winning)\n|l|\u2606puhtassiom\n","uploadtime":1699677888,"views":6,"p1id":"puhtassiom","p2id":"radvilsttt","formatid":"gen9anythinggoes","rating":1053,"private":0,"password":""}