{"id":"gen9anythinggoes-1989169854","p1":"JokeTeamMaker","p2":"Wadzo","format":"[Gen 9] Anything Goes","log":"|j|\u2606JokeTeamMaker\n|j|\u2606Wadzo\n|t:|1699819600\n|gametype|singles\n|player|p1|JokeTeamMaker|maid|1003\n|player|p2|Wadzo|2|1139\n|teamsize|p1|6\n|teamsize|p2|6\n|gen|9\n|tier|[Gen 9] Anything Goes\n|rated|\n|rule|HP Percentage Mod: HP is shown in percentages\n|rule|Endless Battle Clause: Forcing endless battles is banned\n|clearpoke\n|poke|p1|Weavile, M|\n|poke|p1|Slowking, F|\n|poke|p1|Sandy Shocks|\n|poke|p1|Alomomola, F|\n|poke|p1|Azumarill, M|\n|poke|p1|Cresselia, F|\n|poke|p2|Maushold-Four|\n|poke|p2|Maushold-Four|\n|poke|p2|Maushold-Four|\n|poke|p2|Maushold-Four|\n|poke|p2|Maushold-Four|\n|poke|p2|Talonflame, M|\n|teampreview\n|\n|t:|1699819607\n|start\n|switch|p1a: Random Weavile|Weavile, M|100\/100\n|switch|p2a: Maushold|Maushold-Four|100\/100\n|-ability|p1a: Random Weavile|Pressure\n|turn|1\n|\n|t:|1699819628\n|move|p1a: Random Weavile|Icicle Crash|p2a: Maushold|[miss]\n|-miss|p1a: Random Weavile|p2a: Maushold\n|move|p2a: Maushold|Low Kick|p1a: Random Weavile\n|-supereffective|p1a: Random Weavile\n|-damage|p1a: Random Weavile|0 fnt\n|faint|p1a: Random Weavile\n|\n|upkeep\n|\n|t:|1699819636\n|switch|p1a: Random Slowking|Slowking, F|100\/100\n|turn|2\n|\n|t:|1699819642\n|move|p2a: Maushold|Trailblaze|p1a: Random Slowking\n|-supereffective|p1a: Random Slowking\n|-damage|p1a: Random Slowking|75\/100\n|-boost|p2a: Maushold|spe|1\n|move|p1a: Random Slowking|Future Sight|p2a: Maushold\n|-start|p1a: Random Slowking|move: Future Sight\n|\n|upkeep\n|turn|3\n|\n|t:|1699819659\n|move|p2a: Maushold|Population Bomb|p1a: Random Slowking\n|-damage|p1a: Random Slowking|67\/100\n|-damage|p1a: Random Slowking|59\/100\n|-damage|p1a: Random Slowking|50\/100\n|-damage|p1a: Random Slowking|41\/100\n|-damage|p1a: Random Slowking|33\/100\n|-damage|p1a: Random Slowking|25\/100\n|-damage|p1a: Random Slowking|18\/100\n|-damage|p1a: Random Slowking|10\/100\n|-damage|p1a: Random Slowking|2\/100\n|-damage|p1a: Random Slowking|0 fnt\n|faint|p1a: Random Slowking\n|-hitcount|p1: Random Slowking|10\n|\n|upkeep\n|\n|t:|1699819676\n|switch|p1a: Random Shocks|Sandy Shocks|100\/100\n|-enditem|p1a: Random Shocks|Booster Energy\n|-activate|p1a: Random Shocks|ability: Protosynthesis|[fromitem]\n|-start|p1a: Random Shocks|protosynthesisspa\n|turn|4\n|\n|t:|1699819686\n|move|p2a: Maushold|Population Bomb|p1a: Random Shocks\n|-damage|p1a: Random Shocks|88\/100\n|-crit|p1a: Random Shocks\n|-damage|p1a: Random Shocks|68\/100\n|-damage|p1a: Random Shocks|54\/100\n|-damage|p1a: Random Shocks|43\/100\n|-damage|p1a: Random Shocks|30\/100\n|-damage|p1a: Random Shocks|17\/100\n|-damage|p1a: Random Shocks|4\/100\n|-damage|p1a: Random Shocks|0 fnt\n|faint|p1a: Random Shocks\n|-end|p1a: Random Shocks|Protosynthesis|[silent]\n|-hitcount|p1: Random Shocks|8\n|\n|-end|p2a: Maushold|move: Future Sight\n|-damage|p2a: Maushold|42\/100\n|upkeep\n|\n|t:|1699819701\n|switch|p1a: Random Fish|Alomomola, F|100\/100\n|turn|5\n|\n|t:|1699819707\n|move|p2a: Maushold|Population Bomb|p1a: Random Fish\n|-damage|p1a: Random Fish|94\/100\n|-damage|p2a: Maushold|26\/100|[from] item: Rocky Helmet|[of] p1a: Random Fish\n|-damage|p1a: Random Fish|89\/100\n|-damage|p2a: Maushold|9\/100|[from] item: Rocky Helmet|[of] p1a: Random Fish\n|-damage|p1a: Random Fish|83\/100\n|-damage|p2a: Maushold|0 fnt|[from] item: Rocky Helmet|[of] p1a: Random Fish\n|faint|p2a: Maushold\n|-hitcount|p1a: Random Fish|3\n|cant|p1a: Random Fish|flinch\n|\n|upkeep\n|\n|t:|1699819732\n|switch|p2a: Talonflame|Talonflame, M|100\/100\n|turn|6\n|\n|t:|1699819739\n|-terastallize|p1a: Random Fish|Water\n|move|p2a: Talonflame|U-turn|p1a: Random Fish\n|-crit|p1a: Random Fish\n|-damage|p1a: Random Fish|72\/100\n|-damage|p2a: Talonflame|84\/100|[from] item: Rocky Helmet|[of] p1a: Random Fish\n|\n|t:|1699819747\n|switch|p2a: Maushold|Maushold-Four|100\/100|[from] U-turn\n|move|p1a: Random Fish|Scald|p2a: Maushold\n|-damage|p2a: Maushold|76\/100\n|-status|p2a: Maushold|brn\n|\n|-damage|p2a: Maushold|69\/100 brn|[from] brn\n|upkeep\n|turn|7\n|\n|t:|1699819759\n|move|p1a: Random Fish|Protect|p1a: Random Fish\n|-singleturn|p1a: Random Fish|Protect\n|move|p2a: Maushold|Trailblaze|p1a: Random Fish\n|-activate|p1a: Random Fish|move: Protect\n|\n|-damage|p2a: Maushold|63\/100 brn|[from] brn\n|upkeep\n|turn|8\n|\n|t:|1699819773\n|move|p2a: Maushold|Trailblaze|p1a: Random Fish\n|-supereffective|p1a: Random Fish\n|-damage|p1a: Random Fish|62\/100\n|-boost|p2a: Maushold|spe|1\n|-damage|p2a: Maushold|47\/100 brn|[from] item: Rocky Helmet|[of] p1a: Random Fish\n|move|p1a: Random Fish|Wish|p1a: Random Fish\n|\n|-damage|p2a: Maushold|40\/100 brn|[from] brn\n|upkeep\n|turn|9\n|\n|t:|1699819783\n|move|p1a: Random Fish|Protect|p1a: Random Fish\n|-singleturn|p1a: Random Fish|Protect\n|move|p2a: Maushold|Population Bomb|p1a: Random Fish\n|-activate|p1a: Random Fish|move: Protect\n|\n|-heal|p1a: Random Fish|100\/100|[from] move: Wish|[wisher] Random Fish\n|-damage|p2a: Maushold|34\/100 brn|[from] brn\n|upkeep\n|turn|10\n|\n|t:|1699819799\n|move|p2a: Maushold|Population Bomb|p1a: Random Fish|[miss]\n|-miss|p2a: Maushold|p1a: Random Fish\n|move|p1a: Random Fish|Wish|p1a: Random Fish\n|\n|-damage|p2a: Maushold|28\/100 brn|[from] brn\n|upkeep\n|turn|11\n|\n|t:|1699819805\n|move|p2a: Maushold|Population Bomb|p1a: Random Fish\n|-damage|p1a: Random Fish|98\/100\n|-damage|p2a: Maushold|11\/100 brn|[from] item: Rocky Helmet|[of] p1a: Random Fish\n|-damage|p1a: Random Fish|95\/100\n|-damage|p2a: Maushold|0 fnt|[from] item: Rocky Helmet|[of] p1a: Random Fish\n|faint|p2a: Maushold\n|-hitcount|p1a: Random Fish|2\n|cant|p1a: Random Fish|flinch\n|\n|-heal|p1a: Random Fish|100\/100|[from] move: Wish|[wisher] Random Fish\n|upkeep\n|\n|t:|1699819818\n|switch|p2a: Maushold|Maushold-Four|100\/100\n|turn|12\n|\n|t:|1699819825\n|move|p2a: Maushold|Population Bomb|p1a: Random Fish\n|-damage|p1a: Random Fish|94\/100\n|-damage|p2a: Maushold|84\/100|[from] item: Rocky Helmet|[of] p1a: Random Fish\n|-damage|p1a: Random Fish|88\/100\n|-damage|p2a: Maushold|67\/100|[from] item: Rocky Helmet|[of] p1a: Random Fish\n|-damage|p1a: Random Fish|81\/100\n|-damage|p2a: Maushold|51\/100|[from] item: Rocky Helmet|[of] p1a: Random Fish\n|-damage|p1a: Random Fish|76\/100\n|-damage|p2a: Maushold|34\/100|[from] item: Rocky Helmet|[of] p1a: Random Fish\n|-hitcount|p1a: Random Fish|4\n|move|p1a: Random Fish|Wish|p1a: Random Fish\n|\n|upkeep\n|turn|13\n|\n|t:|1699819839\n|move|p1a: Random Fish|Protect|p1a: Random Fish\n|-singleturn|p1a: Random Fish|Protect\n|move|p2a: Maushold|Population Bomb|p1a: Random Fish\n|-activate|p1a: Random Fish|move: Protect\n|\n|-heal|p1a: Random Fish|100\/100|[from] move: Wish|[wisher] Random Fish\n|upkeep\n|turn|14\n|inactive|Battle timer is ON: inactive players will automatically lose when time's up. (requested by JokeTeamMaker)\n|-message|Wadzo forfeited.\n|\n|win|JokeTeamMaker\n|raw|JokeTeamMaker's rating: 1003 &rarr; <strong>1057<\/strong><br \/>(+54 for winning)\n|raw|Wadzo's rating: 1139 &rarr; <strong>1105<\/strong><br \/>(-34 for losing)\n|l|\u2606Wadzo\n","uploadtime":1699819893,"views":3,"p1id":"joketeammaker","p2id":"wadzo","formatid":"gen9anythinggoes","rating":1057,"private":0,"password":""}