{"id":"gen9anythinggoes-1984734779","p1":"salted worms","p2":"Henzai","format":"[Gen 9] Anything Goes","log":"|j|\u2606salted worms\n|j|\u2606Henzai\n|t:|1699294729\n|gametype|singles\n|player|p1|salted worms|266|1044\n|player|p2|Henzai|allister|1081\n|teamsize|p1|6\n|teamsize|p2|6\n|gen|9\n|tier|[Gen 9] Anything Goes\n|rated|\n|rule|HP Percentage Mod: HP is shown in percentages\n|rule|Endless Battle Clause: Forcing endless battles is banned\n|clearpoke\n|poke|p1|Ribombee, F|\n|poke|p1|Glimmora, F|\n|poke|p1|Drifblim, M|\n|poke|p1|Hawlucha, M|\n|poke|p1|Vivillon-Pokeball, F|\n|poke|p1|Leafeon, F|\n|poke|p2|Calyrex-Ice|\n|poke|p2|Weavile, M|\n|poke|p2|Dragapult, M|\n|poke|p2|Espathra, M|\n|poke|p2|Darkrai|\n|poke|p2|Drifblim, M|\n|teampreview\n|inactive|Battle timer is ON: inactive players will automatically lose when time's up. (requested by salted worms)\n|\n|t:|1699294740\n|start\n|switch|p1a: We get bullied|Ribombee, F|100\/100\n|switch|p2a: Drifblim|Drifblim, M, shiny|100\/100\n|turn|1\n|\n|t:|1699294746\n|move|p1a: We get bullied|Stun Spore|p2a: Drifblim\n|-status|p2a: Drifblim|par\n|move|p2a: Drifblim|Minimize|p2a: Drifblim\n|-boost|p2a: Drifblim|evasion|2\n|\n|upkeep\n|turn|2\n|\n|t:|1699294753\n|move|p1a: We get bullied|Sticky Web|p2a: Drifblim\n|-sidestart|p2: Henzai|move: Sticky Web\n|move|p2a: Drifblim|Minimize|p2a: Drifblim\n|-boost|p2a: Drifblim|evasion|2\n|\n|upkeep\n|turn|3\n|\n|t:|1699294759\n|move|p1a: We get bullied|Substitute|p1a: We get bullied\n|-start|p1a: We get bullied|Substitute\n|-damage|p1a: We get bullied|76\/100\n|move|p2a: Drifblim|Defog|p1a: We get bullied\n|-sideend|p2: Henzai|Sticky Web|[from] move: Defog|[of] p2a: Drifblim\n|\n|upkeep\n|turn|4\n|\n|t:|1699294764\n|move|p1a: We get bullied|Baton Pass|p1a: We get bullied\n|\n|t:|1699294766\n|switch|p1a: All the time|Glimmora, F|100\/100|[from] Baton Pass\n|move|p2a: Drifblim|Minimize|p2a: Drifblim\n|-boost|p2a: Drifblim|evasion|2\n|\n|upkeep\n|turn|5\n|\n|t:|1699294772\n|move|p1a: All the time|Toxic Spikes|p2a: Drifblim\n|-sidestart|p2: Henzai|move: Toxic Spikes\n|move|p2a: Drifblim|Minimize|p2a: Drifblim\n|-boost|p2a: Drifblim|evasion|0\n|\n|upkeep\n|turn|6\n|\n|t:|1699294786\n|move|p1a: All the time|Toxic Spikes|p2a: Drifblim\n|-sidestart|p2: Henzai|move: Toxic Spikes\n|move|p2a: Drifblim|Calm Mind|p2a: Drifblim\n|-boost|p2a: Drifblim|spa|1\n|-boost|p2a: Drifblim|spd|1\n|\n|upkeep\n|turn|7\n|\n|t:|1699294791\n|move|p1a: All the time|Stealth Rock|p2a: Drifblim\n|-sidestart|p2: Henzai|move: Stealth Rock\n|move|p2a: Drifblim|Calm Mind|p2a: Drifblim\n|-boost|p2a: Drifblim|spa|1\n|-boost|p2a: Drifblim|spd|1\n|\n|upkeep\n|turn|8\n|\n|t:|1699294797\n|move|p1a: All the time|Spikes|p2a: Drifblim\n|-sidestart|p2: Henzai|Spikes\n|move|p2a: Drifblim|Calm Mind|p2a: Drifblim\n|-boost|p2a: Drifblim|spa|1\n|-boost|p2a: Drifblim|spd|1\n|\n|upkeep\n|turn|9\n|\n|t:|1699294802\n|move|p1a: All the time|Spikes|p2a: Drifblim\n|-sidestart|p2: Henzai|Spikes\n|cant|p2a: Drifblim|par\n|\n|upkeep\n|turn|10\n|\n|t:|1699294807\n|move|p1a: All the time|Spikes|p2a: Drifblim\n|-sidestart|p2: Henzai|Spikes\n|move|p2a: Drifblim|Defog|p1a: All the time\n|-sideend|p2: Henzai|Spikes|[from] move: Defog|[of] p2a: Drifblim\n|-sideend|p2: Henzai|Toxic Spikes|[from] move: Defog|[of] p2a: Drifblim\n|-sideend|p2: Henzai|Stealth Rock|[from] move: Defog|[of] p2a: Drifblim\n|\n|upkeep\n|turn|11\n|\n|t:|1699294815\n|move|p1a: All the time|Toxic Spikes|p2a: Drifblim\n|-sidestart|p2: Henzai|move: Toxic Spikes\n|move|p2a: Drifblim|Minimize|p2a: Drifblim\n|-boost|p2a: Drifblim|evasion|0\n|\n|upkeep\n|turn|12\n|\n|t:|1699294821\n|move|p1a: All the time|Toxic Spikes|p2a: Drifblim\n|-sidestart|p2: Henzai|move: Toxic Spikes\n|move|p2a: Drifblim|Calm Mind|p2a: Drifblim\n|-boost|p2a: Drifblim|spa|1\n|-boost|p2a: Drifblim|spd|1\n|\n|upkeep\n|turn|13\n|\n|t:|1699294829\n|move|p1a: All the time|Stealth Rock|p2a: Drifblim\n|-sidestart|p2: Henzai|move: Stealth Rock\n|cant|p2a: Drifblim|par\n|\n|upkeep\n|turn|14\n|\n|t:|1699294834\n|move|p1a: All the time|Spikes|p2a: Drifblim\n|-sidestart|p2: Henzai|Spikes\n|move|p2a: Drifblim|Calm Mind|p2a: Drifblim\n|-boost|p2a: Drifblim|spa|1\n|-boost|p2a: Drifblim|spd|1\n|\n|upkeep\n|turn|15\n|\n|t:|1699294839\n|move|p1a: All the time|Spikes|p2a: Drifblim\n|-sidestart|p2: Henzai|Spikes\n|move|p2a: Drifblim|Calm Mind|p2a: Drifblim\n|-boost|p2a: Drifblim|spa|1\n|-boost|p2a: Drifblim|spd|1\n|\n|upkeep\n|turn|16\n|\n|t:|1699294847\n|move|p1a: All the time|Toxic Spikes||[still]\n|-fail|p1a: All the time\n|move|p2a: Drifblim|Defog|p1a: All the time\n|-sideend|p2: Henzai|Spikes|[from] move: Defog|[of] p2a: Drifblim\n|-sideend|p2: Henzai|Toxic Spikes|[from] move: Defog|[of] p2a: Drifblim\n|-sideend|p2: Henzai|Stealth Rock|[from] move: Defog|[of] p2a: Drifblim\n|\n|upkeep\n|turn|17\n|\n|t:|1699294856\n|move|p1a: All the time|Toxic Spikes|p2a: Drifblim\n|-sidestart|p2: Henzai|move: Toxic Spikes\n|move|p2a: Drifblim|Baton Pass|p2a: Drifblim\n|\n|t:|1699294864\n|switch|p2a: Espathra|Espathra, M, shiny|100\/100|[from] Baton Pass\n|-status|p2a: Espathra|psn\n|\n|-damage|p2a: Espathra|88\/100 psn|[from] psn\n|upkeep\n|turn|18\n|\n|t:|1699294871\n|move|p1a: All the time|Toxic Spikes|p2a: Espathra\n|-sidestart|p2: Henzai|move: Toxic Spikes\n|move|p2a: Espathra|Agility|p2a: Espathra\n|-boost|p2a: Espathra|spe|2\n|\n|-damage|p2a: Espathra|76\/100 psn|[from] psn\n|-ability|p2a: Espathra|Speed Boost|boost\n|-boost|p2a: Espathra|spe|1\n|upkeep\n|turn|19\n|\n|t:|1699294880\n|move|p2a: Espathra|Agility|p2a: Espathra\n|-boost|p2a: Espathra|spe|2\n|move|p1a: All the time|Stealth Rock|p2a: Espathra\n|-sidestart|p2: Henzai|move: Stealth Rock\n|\n|-damage|p2a: Espathra|63\/100 psn|[from] psn\n|-ability|p2a: Espathra|Speed Boost|boost\n|-boost|p2a: Espathra|spe|1\n|upkeep\n|turn|20\n|\n|t:|1699294889\n|move|p2a: Espathra|Baton Pass|p2a: Espathra\n|\n|t:|1699294891\n|switch|p2a: Drifblim|Drifblim, M, shiny|100\/100 par|[from] Baton Pass\n|-damage|p2a: Drifblim|75\/100 par|[from] Stealth Rock\n|move|p1a: All the time|Spikes|p2a: Drifblim\n|-sidestart|p2: Henzai|Spikes\n|\n|-heal|p2a: Drifblim|82\/100 par|[from] item: Leftovers\n|upkeep\n|turn|21\n|\n|t:|1699294900\n|cant|p2a: Drifblim|par\n|move|p1a: All the time|Spikes|p2a: Drifblim\n|-sidestart|p2: Henzai|Spikes\n|\n|-heal|p2a: Drifblim|88\/100 par|[from] item: Leftovers\n|upkeep\n|turn|22\n|\n|t:|1699294906\n|move|p2a: Drifblim|Defog|p1a: All the time\n|-sideend|p2: Henzai|Spikes|[from] move: Defog|[of] p2a: Drifblim\n|-sideend|p2: Henzai|Toxic Spikes|[from] move: Defog|[of] p2a: Drifblim\n|-sideend|p2: Henzai|Stealth Rock|[from] move: Defog|[of] p2a: Drifblim\n|move|p1a: All the time|Spikes|p2a: Drifblim\n|-sidestart|p2: Henzai|Spikes\n|\n|-heal|p2a: Drifblim|94\/100 par|[from] item: Leftovers\n|upkeep\n|turn|23\n|\n|t:|1699294916\n|move|p2a: Drifblim|Baton Pass|p2a: Drifblim\n|\n|t:|1699294927\n|switch|p2a: Dragapult|Dragapult, M, shiny|100\/100|[from] Baton Pass\n|-damage|p2a: Dragapult|88\/100|[from] Spikes\n|move|p1a: All the time|Toxic Spikes|p2a: Dragapult\n|-sidestart|p2: Henzai|move: Toxic Spikes\n|\n|upkeep\n|turn|24\n|-message|salted worms forfeited.\n|\n|win|Henzai\n|raw|salted worms's rating: 1044 &rarr; <strong>1029<\/strong><br \/>(-15 for losing)\n|raw|Henzai's rating: 1081 &rarr; <strong>1106<\/strong><br \/>(+25 for winning)\n|l|\u2606salted worms\n|c|\u2606Henzai|nice\n","uploadtime":1699294951,"views":11,"p1id":"saltedworms","p2id":"henzai","formatid":"gen9anythinggoes","rating":1029,"private":0,"password":""}