{"id":"gen9anythinggoes-1984029006","p1":"YoungEsq","p2":"bevam1999","format":"[Gen 9] Anything Goes","log":"|j|\u2606YoungEsq\n|j|\u2606bevam1999\n|t:|1699211384\n|gametype|singles\n|player|p1|YoungEsq|102|1309\n|player|p2|bevam1999|102|1202\n|teamsize|p1|6\n|teamsize|p2|6\n|gen|9\n|tier|[Gen 9] Anything Goes\n|rated|\n|rule|HP Percentage Mod: HP is shown in percentages\n|rule|Endless Battle Clause: Forcing endless battles is banned\n|clearpoke\n|poke|p1|Ting-Lu|\n|poke|p1|Gholdengo|\n|poke|p1|Roaring Moon|\n|poke|p1|Chi-Yu|\n|poke|p1|Samurott-Hisui, M|\n|poke|p1|Mandibuzz, F|\n|poke|p2|Torterra, M|\n|poke|p2|Polteageist|\n|poke|p2|Cloyster, M|\n|poke|p2|Torkoal, M|\n|poke|p2|Drednaw, M|\n|poke|p2|Cinderace, F|\n|teampreview\n|\n|t:|1699211391\n|start\n|switch|p1a: Ting-Lu|Ting-Lu|100\/100\n|switch|p2a: Cloyster|Cloyster, M|100\/100\n|-ability|p1a: Ting-Lu|Vessel of Ruin\n|turn|1\n|\n|t:|1699211398\n|move|p2a: Cloyster|Shell Smash|p2a: Cloyster\n|-unboost|p2a: Cloyster|def|1\n|-unboost|p2a: Cloyster|spd|1\n|-boost|p2a: Cloyster|atk|2\n|-boost|p2a: Cloyster|spa|2\n|-boost|p2a: Cloyster|spe|2\n|move|p1a: Ting-Lu|Whirlwind|p2a: Cloyster\n|drag|p2a: Torterra|Torterra, M|100\/100\n|\n|upkeep\n|turn|2\n|\n|t:|1699211407\n|move|p2a: Torterra|Seed Bomb|p1a: Ting-Lu\n|-supereffective|p1a: Ting-Lu\n|-damage|p1a: Ting-Lu|60\/100\n|move|p1a: Ting-Lu|Stealth Rock|p2a: Torterra\n|-sidestart|p2: bevam1999|move: Stealth Rock\n|\n|-heal|p1a: Ting-Lu|66\/100|[from] item: Leftovers\n|upkeep\n|turn|3\n|\n|t:|1699211414\n|move|p2a: Torterra|Shell Smash|p2a: Torterra\n|-unboost|p2a: Torterra|def|1\n|-unboost|p2a: Torterra|spd|1\n|-boost|p2a: Torterra|atk|2\n|-boost|p2a: Torterra|spa|2\n|-boost|p2a: Torterra|spe|2\n|-enditem|p2a: Torterra|White Herb\n|-clearnegativeboost|p2a: Torterra|[silent]\n|move|p1a: Ting-Lu|Whirlwind|p2a: Torterra\n|drag|p2a: Polteageist|Polteageist|100\/100\n|-damage|p2a: Polteageist|88\/100|[from] Stealth Rock\n|\n|-heal|p1a: Ting-Lu|72\/100|[from] item: Leftovers\n|upkeep\n|turn|4\n|\n|t:|1699211419\n|move|p2a: Polteageist|Giga Drain|p1a: Ting-Lu\n|-supereffective|p1a: Ting-Lu\n|-damage|p1a: Ting-Lu|46\/100\n|-heal|p2a: Polteageist|100\/100|[from] drain|[of] p1a: Ting-Lu\n|move|p1a: Ting-Lu|Ruination|p2a: Polteageist\n|-damage|p2a: Polteageist|51\/100\n|\n|-heal|p1a: Ting-Lu|52\/100|[from] item: Leftovers\n|upkeep\n|turn|5\n|\n|t:|1699211426\n|move|p2a: Polteageist|Giga Drain|p1a: Ting-Lu\n|-supereffective|p1a: Ting-Lu\n|-damage|p1a: Ting-Lu|29\/100\n|-heal|p2a: Polteageist|74\/100|[from] drain|[of] p1a: Ting-Lu\n|move|p1a: Ting-Lu|Whirlwind|p2a: Polteageist\n|drag|p2a: Torterra|Torterra, M|100\/100\n|-damage|p2a: Torterra|94\/100|[from] Stealth Rock\n|\n|-heal|p1a: Ting-Lu|35\/100|[from] item: Leftovers\n|upkeep\n|turn|6\n|\n|t:|1699211432\n|move|p2a: Torterra|Seed Bomb|p1a: Ting-Lu\n|-supereffective|p1a: Ting-Lu\n|-damage|p1a: Ting-Lu|0 fnt\n|faint|p1a: Ting-Lu\n|\n|upkeep\n|\n|t:|1699211441\n|switch|p1a: Mandibuzz|Mandibuzz, F|100\/100\n|turn|7\n|\n|t:|1699211445\n|move|p2a: Torterra|Iron Head|p1a: Mandibuzz\n|-damage|p1a: Mandibuzz|79\/100\n|move|p1a: Mandibuzz|Toxic|p2a: Torterra|[miss]\n|-miss|p1a: Mandibuzz|p2a: Torterra\n|\n|upkeep\n|turn|8\n|\n|t:|1699211451\n|move|p2a: Torterra|Iron Head|p1a: Mandibuzz\n|-damage|p1a: Mandibuzz|58\/100\n|move|p1a: Mandibuzz|Toxic|p2a: Torterra\n|-status|p2a: Torterra|tox\n|\n|-damage|p2a: Torterra|88\/100 tox|[from] psn\n|upkeep\n|turn|9\n|inactive|Battle timer is ON: inactive players will automatically lose when time's up. (requested by YoungEsq)\n|\n|t:|1699211460\n|move|p2a: Torterra|Iron Head|p1a: Mandibuzz\n|-damage|p1a: Mandibuzz|38\/100\n|move|p1a: Mandibuzz|Foul Play|p2a: Torterra\n|-damage|p2a: Torterra|39\/100 tox\n|\n|-damage|p2a: Torterra|27\/100 tox|[from] psn\n|upkeep\n|turn|10\n|\n|t:|1699211463\n|move|p2a: Torterra|Iron Head|p1a: Mandibuzz\n|-damage|p1a: Mandibuzz|16\/100\n|cant|p1a: Mandibuzz|flinch\n|\n|-damage|p2a: Torterra|9\/100 tox|[from] psn\n|upkeep\n|turn|11\n|\n|t:|1699211466\n|move|p2a: Torterra|Iron Head|p1a: Mandibuzz\n|-damage|p1a: Mandibuzz|0 fnt\n|faint|p1a: Mandibuzz\n|\n|-damage|p2a: Torterra|0 fnt|[from] psn\n|faint|p2a: Torterra\n|upkeep\n|\n|t:|1699211477\n|switch|p2a: Cloyster|Cloyster, M|100\/100\n|switch|p1a: Samurott|Samurott-Hisui, M|100\/100\n|-damage|p2a: Cloyster|76\/100|[from] Stealth Rock\n|turn|12\n|\n|t:|1699211487\n|move|p2a: Cloyster|Rock Blast|p1a: Samurott\n|-damage|p1a: Samurott|92\/100\n|-damage|p1a: Samurott|82\/100\n|-damage|p1a: Samurott|73\/100\n|-damage|p1a: Samurott|64\/100\n|-damage|p1a: Samurott|56\/100\n|-hitcount|p1a: Samurott|5\n|move|p1a: Samurott|Ceaseless Edge|p2a: Cloyster|[miss]\n|-miss|p1a: Samurott|p2a: Cloyster\n|\n|upkeep\n|turn|13\n|\n|t:|1699211492\n|move|p2a: Cloyster|Rock Blast|p1a: Samurott\n|-damage|p1a: Samurott|47\/100\n|-damage|p1a: Samurott|37\/100\n|-damage|p1a: Samurott|28\/100\n|-damage|p1a: Samurott|19\/100\n|-damage|p1a: Samurott|9\/100\n|-hitcount|p1a: Samurott|5\n|move|p1a: Samurott|Ceaseless Edge|p2a: Cloyster\n|-damage|p2a: Cloyster|35\/100\n|-sidestart|p2: bevam1999|Spikes\n|\n|upkeep\n|turn|14\n|\n|t:|1699211496\n|move|p2a: Cloyster|Icicle Spear|p1a: Samurott\n|-resisted|p1a: Samurott\n|-damage|p1a: Samurott|2\/100\n|-resisted|p1a: Samurott\n|-damage|p1a: Samurott|0 fnt\n|faint|p1a: Samurott\n|-hitcount|p1: Samurott|2\n|\n|upkeep\n|\n|t:|1699211510\n|switch|p1a: Chi-Yu|Chi-Yu|100\/100\n|-ability|p1a: Chi-Yu|Beads of Ruin\n|turn|15\n|\n|t:|1699211513\n|move|p1a: Chi-Yu|Flamethrower|p2a: Cloyster\n|-damage|p2a: Cloyster|0 fnt\n|faint|p2a: Cloyster\n|\n|upkeep\n|\n|t:|1699211519\n|switch|p2a: Cinderace|Cinderace, F|100\/100\n|-damage|p2a: Cinderace|76\/100|[from] Stealth Rock\n|-damage|p2a: Cinderace|63\/100|[from] Spikes\n|turn|16\n|\n|t:|1699211532\n|switch|p1a: Gholdengo|Gholdengo|100\/100\n|-item|p1a: Gholdengo|Air Balloon\n|move|p2a: Cinderace|High Jump Kick|p1a: Gholdengo\n|-start|p2a: Cinderace|typechange|Fighting|[from] ability: Libero\n|-immune|p1a: Gholdengo\n|-damage|p2a: Cinderace|13\/100|[from] highjumpkick\n|\n|upkeep\n|turn|17\n|\n|t:|1699211542\n|move|p2a: Cinderace|Pyro Ball|p1a: Gholdengo|[miss]\n|-miss|p2a: Cinderace|p1a: Gholdengo\n|move|p1a: Gholdengo|Make It Rain|p2a: Cinderace\n|-damage|p2a: Cinderace|0 fnt\n|-unboost|p1a: Gholdengo|spa|1\n|faint|p2a: Cinderace\n|\n|upkeep\n|\n|t:|1699211546\n|switch|p2a: Torkoal|Torkoal, M|100\/100\n|-damage|p2a: Torkoal|76\/100|[from] Stealth Rock\n|-damage|p2a: Torkoal|63\/100|[from] Spikes\n|-weather|SunnyDay|[from] ability: Drought|[of] p2a: Torkoal\n|turn|18\n|\n|t:|1699211549\n|switch|p1a: Chi-Yu|Chi-Yu|100\/100\n|-ability|p1a: Chi-Yu|Beads of Ruin\n|move|p2a: Torkoal|Flamethrower|p1a: Chi-Yu\n|-resisted|p1a: Chi-Yu\n|-damage|p1a: Chi-Yu|65\/100\n|\n|-weather|SunnyDay|[upkeep]\n|upkeep\n|turn|19\n|c|\u2606bevam1999|ofc it misses\n|\n|t:|1699211556\n|move|p1a: Chi-Yu|Psychic|p2a: Torkoal\n|-damage|p2a: Torkoal|0 fnt\n|faint|p2a: Torkoal\n|\n|-weather|SunnyDay|[upkeep]\n|upkeep\n|\n|t:|1699211559\n|switch|p2a: Drednaw|Drednaw, M|100\/100\n|-damage|p2a: Drednaw|88\/100|[from] Stealth Rock\n|-damage|p2a: Drednaw|76\/100|[from] Spikes\n|turn|20\n|\n|t:|1699211565\n|switch|p1a: Gholdengo|Gholdengo|100\/100\n|-item|p1a: Gholdengo|Air Balloon\n|-terastallize|p2a: Drednaw|Water\n|move|p2a: Drednaw|Waterfall|p1a: Gholdengo\n|-damage|p1a: Gholdengo|70\/100\n|-enditem|p1a: Gholdengo|Air Balloon\n|\n|-weather|SunnyDay|[upkeep]\n|upkeep\n|turn|21\n|\n|t:|1699211573\n|move|p1a: Gholdengo|Make It Rain|p2a: Drednaw\n|-resisted|p2a: Drednaw\n|-damage|p2a: Drednaw|38\/100\n|-unboost|p1a: Gholdengo|spa|1\n|move|p2a: Drednaw|Waterfall|p1a: Gholdengo\n|-damage|p1a: Gholdengo|40\/100\n|\n|-weather|SunnyDay|[upkeep]\n|upkeep\n|turn|22\n|\n|t:|1699211578\n|move|p1a: Gholdengo|Shadow Ball|p2a: Drednaw\n|-damage|p2a: Drednaw|3\/100\n|move|p2a: Drednaw|Waterfall|p1a: Gholdengo\n|-damage|p1a: Gholdengo|10\/100\n|\n|-weather|none\n|upkeep\n|turn|23\n|\n|t:|1699211584\n|move|p1a: Gholdengo|Shadow Ball|p2a: Drednaw\n|-damage|p2a: Drednaw|0 fnt\n|faint|p2a: Drednaw\n|\n|upkeep\n|\n|t:|1699211586\n|switch|p2a: Polteageist|Polteageist|74\/100\n|-damage|p2a: Polteageist|61\/100|[from] Stealth Rock\n|-damage|p2a: Polteageist|49\/100|[from] Spikes\n|turn|24\n|\n|t:|1699211591\n|move|p1a: Gholdengo|Shadow Ball|p2a: Polteageist\n|-supereffective|p2a: Polteageist\n|-damage|p2a: Polteageist|0 fnt\n|faint|p2a: Polteageist\n|\n|win|YoungEsq\n|raw|YoungEsq's rating: 1309 &rarr; <strong>1323<\/strong><br \/>(+14 for winning)\n|raw|bevam1999's rating: 1202 &rarr; <strong>1184<\/strong><br \/>(-18 for losing)\n|l|\u2606bevam1999\n","uploadtime":1699211595,"views":3,"p1id":"youngesq","p2id":"bevam1999","formatid":"gen9anythinggoes","rating":1184,"private":0,"password":""}