{"id":"gen9anythinggoes-1999392870","p1":"cbreezy222","p2":"The poop bandit","format":"[Gen 9] Anything Goes","log":"|j|\u2606cbreezy222\n|j|\u2606The poop bandit\n|t:|1701072760\n|gametype|singles\n|player|p1|cbreezy222|266|1100\n|player|p2|The poop bandit|265|1002\n|teamsize|p1|6\n|teamsize|p2|6\n|gen|9\n|tier|[Gen 9] Anything Goes\n|rated|\n|rule|HP Percentage Mod: HP is shown in percentages\n|rule|Endless Battle Clause: Forcing endless battles is banned\n|clearpoke\n|poke|p1|Darkrai|\n|poke|p1|Sylveon, F|\n|poke|p1|Gliscor, M|\n|poke|p1|Rayquaza|\n|poke|p1|Volcarona, F|\n|poke|p1|Basculegion, M|\n|poke|p2|Geodude, M|\n|poke|p2|Kingambit, M|\n|poke|p2|Regidrago|\n|poke|p2|Regieleki|\n|poke|p2|Forretress, M|\n|poke|p2|Electrode-Hisui|\n|teampreview\n|\n|t:|1701072773\n|start\n|switch|p1a: Gliscor|Gliscor, M|100\/100\n|switch|p2a: Geodude|Geodude, M|100\/100\n|turn|1\n|\n|t:|1701072781\n|move|p1a: Gliscor|Toxic|p2a: Geodude\n|-status|p2a: Geodude|tox\n|move|p2a: Geodude|Explosion|p1a: Gliscor\n|-damage|p1a: Gliscor|61\/100\n|faint|p2a: Geodude\n|\n|-status|p1a: Gliscor|tox|[from] item: Toxic Orb\n|upkeep\n|\n|t:|1701072790\n|switch|p2a: Regidrago|Regidrago|100\/100\n|turn|2\n|\n|t:|1701072794\n|move|p1a: Gliscor|Toxic|p2a: Regidrago\n|-status|p2a: Regidrago|tox\n|move|p2a: Regidrago|Explosion|p1a: Gliscor\n|-damage|p1a: Gliscor|0 fnt\n|faint|p2a: Regidrago\n|faint|p1a: Gliscor\n|\n|upkeep\n|\n|t:|1701072801\n|switch|p1a: Sylveon|Sylveon, F|100\/100\n|switch|p2a: Regieleki|Regieleki|100\/100\n|turn|3\n|\n|t:|1701072808\n|move|p2a: Regieleki|Explosion|p1a: Sylveon\n|-damage|p1a: Sylveon|40\/100\n|faint|p2a: Regieleki\n|move|p1a: Sylveon|Wish|p1a: Sylveon\n|\n|-heal|p1a: Sylveon|47\/100|[from] item: Leftovers\n|upkeep\n|\n|t:|1701072814\n|switch|p2a: Forretress|Forretress, M|100\/100\n|turn|4\n|\n|t:|1701072820\n|move|p2a: Forretress|Explosion|p1a: Sylveon\n|-damage|p1a: Sylveon|0 fnt\n|faint|p2a: Forretress\n|faint|p1a: Sylveon\n|\n|upkeep\n|\n|t:|1701072828\n|switch|p1a: Rayquaza|Rayquaza|100\/100\n|switch|p2a: Electrode|Electrode-Hisui|100\/100\n|-ability|p1a: Rayquaza|Air Lock\n|turn|5\n|\n|t:|1701072838\n|move|p2a: Electrode|Explosion|p1a: Rayquaza\n|-damage|p1a: Rayquaza|45\/100\n|faint|p2a: Electrode\n|move|p1a: Rayquaza|Earthquake|p2: Electrode|[notarget]\n|-fail|p1a: Rayquaza\n|\n|upkeep\n|\n|t:|1701072846\n|switch|p2a: Kingambit|Kingambit, M|100\/100\n|-activate|p2a: Kingambit|ability: Supreme Overlord\n|-start|p2a: Kingambit|fallen5|[silent]\n|turn|6\n|\n|t:|1701072851\n|move|p2a: Kingambit|Sucker Punch|p1a: Rayquaza\n|-damage|p1a: Rayquaza|0 fnt\n|faint|p1a: Rayquaza\n|\n|upkeep\n|\n|t:|1701072858\n|switch|p1a: Volcarona|Volcarona, F|100\/100\n|turn|7\n|c|\u2606The poop bandit|weak volcarona\n|\n|t:|1701072881\n|move|p1a: Volcarona|Fiery Dance|p2a: Kingambit\n|-supereffective|p2a: Kingambit\n|-damage|p2a: Kingambit|21\/100\n|move|p2a: Kingambit|Air Slash|p1a: Volcarona\n|-supereffective|p1a: Volcarona\n|-damage|p1a: Volcarona|69\/100\n|\n|-heal|p2a: Kingambit|27\/100|[from] item: Leftovers\n|upkeep\n|turn|8\n|c|\u2606cbreezy222|wut\n|inactive|Battle timer is ON: inactive players will automatically lose when time's up. (requested by The poop bandit)\n|c|\u2606cbreezy222|weak brain with that gay ass team\n|\n|t:|1701072919\n|move|p2a: Kingambit|Sucker Punch|p1a: Volcarona\n|-damage|p1a: Volcarona|0 fnt\n|faint|p1a: Volcarona\n|\n|-heal|p2a: Kingambit|34\/100|[from] item: Leftovers\n|upkeep\n|\n|t:|1701072926\n|switch|p1a: Darkrai|Darkrai|100\/100\n|turn|9\n|\n|t:|1701072941\n|-terastallize|p2a: Kingambit|Dark\n|move|p2a: Kingambit|Sucker Punch||[still]\n|-fail|p2a: Kingambit\n|move|p1a: Darkrai|Nasty Plot|p1a: Darkrai\n|-boost|p1a: Darkrai|spa|2\n|\n|-heal|p2a: Kingambit|40\/100|[from] item: Leftovers\n|upkeep\n|turn|10\n|\n|t:|1701072952\n|move|p1a: Darkrai|Dark Pulse|p2a: Kingambit\n|-resisted|p2a: Kingambit\n|-damage|p2a: Kingambit|3\/100\n|move|p2a: Kingambit|Air Slash|p1a: Darkrai\n|-damage|p1a: Darkrai|80\/100\n|\n|-heal|p1a: Darkrai|86\/100|[from] item: Leftovers\n|-heal|p2a: Kingambit|10\/100|[from] item: Leftovers\n|upkeep\n|turn|11\n|\n|t:|1701072965\n|move|p1a: Darkrai|Nasty Plot|p1a: Darkrai\n|-boost|p1a: Darkrai|spa|2\n|move|p2a: Kingambit|Air Slash|p1a: Darkrai\n|-damage|p1a: Darkrai|67\/100\n|\n|-heal|p1a: Darkrai|73\/100|[from] item: Leftovers\n|-heal|p2a: Kingambit|16\/100|[from] item: Leftovers\n|upkeep\n|turn|12\n|\n|t:|1701072975\n|move|p1a: Darkrai|Will-O-Wisp|p2a: Kingambit\n|-status|p2a: Kingambit|brn\n|move|p2a: Kingambit|Air Slash|p1a: Darkrai\n|-damage|p1a: Darkrai|54\/100\n|\n|-heal|p1a: Darkrai|60\/100|[from] item: Leftovers\n|-heal|p2a: Kingambit|22\/100 brn|[from] item: Leftovers\n|-damage|p2a: Kingambit|16\/100 brn|[from] brn\n|upkeep\n|turn|13\n|\n|t:|1701072985\n|move|p1a: Darkrai|Dark Pulse|p2a: Kingambit\n|-resisted|p2a: Kingambit\n|-damage|p2a: Kingambit|0 fnt\n|faint|p2a: Kingambit\n|-end|p2a: Kingambit|fallen5|[silent]\n|\n|win|cbreezy222\n|raw|cbreezy222's rating: 1100 &rarr; <strong>1118<\/strong><br \/>(+18 for winning)\n|raw|The poop bandit's rating: 1002 &rarr; <strong>1000<\/strong><br \/>(-2 for losing)\n","uploadtime":1701072911,"views":0,"p1id":"cbreezy222","p2id":"thepoopbandit","formatid":"gen9anythinggoes","rating":1000,"private":0,"password":""}