{"id":"gen9anythinggoes-1993853398","p1":"Shadowkipz13","p2":"XSoulDragon","format":"[Gen 9] Anything Goes","log":"|j|\u2606Shadowkipz13\n|j|\u2606XSoulDragon\n|t:|1700365547\n|gametype|singles\n|player|p1|Shadowkipz13|petrel|1435\n|player|p2|XSoulDragon|ghetsis|1288\n|teamsize|p1|6\n|teamsize|p2|6\n|gen|9\n|tier|[Gen 9] Anything Goes\n|rated|\n|rule|HP Percentage Mod: HP is shown in percentages\n|rule|Endless Battle Clause: Forcing endless battles is banned\n|clearpoke\n|poke|p1|Infernape, M|\n|poke|p1|Ogerpon-Wellspring, F|\n|poke|p1|Ribombee, M|\n|poke|p1|Forretress, M|\n|poke|p1|Tyranitar, F|\n|poke|p1|Ursaluna-Bloodmoon, M|\n|poke|p2|Kingambit, F|\n|poke|p2|Zacian-*|\n|poke|p2|Mimikyu, F|\n|poke|p2|Dragapult, F|\n|poke|p2|Drifblim, M|\n|poke|p2|Dondozo, F|\n|teampreview\n|inactive|Battle timer is ON: inactive players will automatically lose when time's up. (requested by Shadowkipz13)\n|\n|t:|1700365597\n|start\n|switch|p1a: Freddy Fazbear|Ursaluna-Bloodmoon, M|100\/100\n|switch|p2a: Drifblim|Drifblim, M, shiny|100\/100\n|turn|1\n|\n|t:|1700365605\n|move|p2a: Drifblim|Minimize|p2a: Drifblim\n|-boost|p2a: Drifblim|evasion|2\n|move|p1a: Freddy Fazbear|Blood Moon|p2a: Drifblim\n|-damage|p2a: Drifblim|12\/100\n|-enditem|p2a: Drifblim|Sitrus Berry|[eat]\n|-heal|p2a: Drifblim|36\/100|[from] item: Sitrus Berry\n|\n|upkeep\n|turn|2\n|\n|t:|1700365621\n|move|p2a: Drifblim|Minimize|p2a: Drifblim\n|-boost|p2a: Drifblim|evasion|2\n|move|p1a: Freddy Fazbear|Calm Mind|p1a: Freddy Fazbear\n|-boost|p1a: Freddy Fazbear|spa|1\n|-boost|p1a: Freddy Fazbear|spd|1\n|\n|upkeep\n|turn|3\n|\n|t:|1700365624\n|move|p2a: Drifblim|Minimize|p2a: Drifblim\n|-boost|p2a: Drifblim|evasion|2\n|move|p1a: Freddy Fazbear|Blood Moon|p2a: Drifblim\n|-crit|p2a: Drifblim\n|-damage|p2a: Drifblim|0 fnt\n|faint|p2a: Drifblim\n|\n|upkeep\n|\n|t:|1700365631\n|switch|p2a: Zacian|Zacian-Crowned, shiny|100\/100\n|-ability|p2a: Zacian|Intrepid Sword|boost\n|-boost|p2a: Zacian|atk|1\n|turn|4\n|\n|t:|1700365637\n|move|p2a: Zacian|Sacred Sword|p1a: Freddy Fazbear\n|-supereffective|p1a: Freddy Fazbear\n|-enditem|p1a: Freddy Fazbear|Chople Berry|[eat]\n|-enditem|p1a: Freddy Fazbear|Chople Berry|[weaken]\n|-damage|p1a: Freddy Fazbear|69\/100\n|move|p1a: Freddy Fazbear|Earth Power|p2a: Zacian\n|-supereffective|p2a: Zacian\n|-damage|p2a: Zacian|0 fnt\n|faint|p2a: Zacian\n|\n|upkeep\n|inactive|XSoulDragon has 120 seconds left.\n|\n|t:|1700365672\n|switch|p2a: Dragapult|Dragapult, F, shiny|100\/100\n|turn|5\n|\n|t:|1700365676\n|move|p2a: Dragapult|Dragon Dance|p2a: Dragapult\n|-boost|p2a: Dragapult|atk|1\n|-boost|p2a: Dragapult|spe|1\n|move|p1a: Freddy Fazbear|Blood Moon|p2a: Dragapult\n|-damage|p2a: Dragapult|0 fnt\n|faint|p2a: Dragapult\n|\n|upkeep\n|\n|t:|1700365682\n|switch|p2a: Dondozo|Dondozo, F|100\/100\n|turn|6\n|\n|t:|1700365689\n|move|p1a: Freddy Fazbear|Earth Power|p2a: Dondozo\n|-damage|p2a: Dondozo|54\/100\n|move|p2a: Dondozo|Yawn|p1a: Freddy Fazbear\n|-start|p1a: Freddy Fazbear|move: Yawn|[of] p2a: Dondozo\n|\n|-heal|p2a: Dondozo|60\/100|[from] item: Leftovers\n|upkeep\n|turn|7\n|\n|t:|1700365699\n|switch|p1a: Forretress|Forretress, M|100\/100\n|move|p2a: Dondozo|Curse|p2a: Dondozo\n|-unboost|p2a: Dondozo|spe|1\n|-boost|p2a: Dondozo|atk|1\n|-boost|p2a: Dondozo|def|1\n|\n|-heal|p2a: Dondozo|66\/100|[from] item: Leftovers\n|upkeep\n|turn|8\n|\n|t:|1700365706\n|move|p1a: Forretress|Stealth Rock|p2a: Dondozo\n|-sidestart|p2: XSoulDragon|move: Stealth Rock\n|move|p2a: Dondozo|Curse|p2a: Dondozo\n|-unboost|p2a: Dondozo|spe|1\n|-boost|p2a: Dondozo|atk|1\n|-boost|p2a: Dondozo|def|1\n|\n|-heal|p2a: Dondozo|72\/100|[from] item: Leftovers\n|upkeep\n|turn|9\n|\n|t:|1700365711\n|move|p1a: Forretress|Spikes|p2a: Dondozo\n|-sidestart|p2: XSoulDragon|Spikes\n|move|p2a: Dondozo|Curse|p2a: Dondozo\n|-unboost|p2a: Dondozo|spe|1\n|-boost|p2a: Dondozo|atk|1\n|-boost|p2a: Dondozo|def|1\n|\n|-heal|p2a: Dondozo|79\/100|[from] item: Leftovers\n|upkeep\n|turn|10\n|\n|t:|1700365721\n|move|p1a: Forretress|Spikes|p2a: Dondozo\n|-sidestart|p2: XSoulDragon|Spikes\n|move|p2a: Dondozo|Curse|p2a: Dondozo\n|-unboost|p2a: Dondozo|spe|1\n|-boost|p2a: Dondozo|atk|1\n|-boost|p2a: Dondozo|def|1\n|\n|-heal|p2a: Dondozo|85\/100|[from] item: Leftovers\n|upkeep\n|turn|11\n|\n|t:|1700365723\n|move|p1a: Forretress|Spikes|p2a: Dondozo\n|-sidestart|p2: XSoulDragon|Spikes\n|move|p2a: Dondozo|Curse|p2a: Dondozo\n|-unboost|p2a: Dondozo|spe|1\n|-boost|p2a: Dondozo|atk|1\n|-boost|p2a: Dondozo|def|1\n|\n|-heal|p2a: Dondozo|91\/100|[from] item: Leftovers\n|upkeep\n|turn|12\n|\n|t:|1700365726\n|move|p1a: Forretress|Rapid Spin|p2a: Dondozo\n|-damage|p2a: Dondozo|88\/100\n|-boost|p1a: Forretress|spe|1\n|move|p2a: Dondozo|Curse|p2a: Dondozo\n|-unboost|p2a: Dondozo|spe|1\n|-boost|p2a: Dondozo|atk|1\n|-boost|p2a: Dondozo|def|1\n|\n|-heal|p2a: Dondozo|95\/100|[from] item: Leftovers\n|upkeep\n|turn|13\n|\n|t:|1700365731\n|move|p1a: Forretress|Rapid Spin|p2a: Dondozo\n|-damage|p2a: Dondozo|92\/100\n|-boost|p1a: Forretress|spe|1\n|move|p2a: Dondozo|Yawn|p1a: Forretress\n|-start|p1a: Forretress|move: Yawn|[of] p2a: Dondozo\n|\n|-heal|p2a: Dondozo|98\/100|[from] item: Leftovers\n|upkeep\n|turn|14\n|\n|t:|1700365743\n|move|p1a: Forretress|Rapid Spin|p2a: Dondozo\n|-damage|p2a: Dondozo|96\/100\n|-boost|p1a: Forretress|spe|1\n|move|p2a: Dondozo|Earthquake|p1a: Forretress\n|-damage|p1a: Forretress|8\/100\n|-enditem|p1a: Forretress|Red Card|[of] p2a: Dondozo\n|drag|p2a: Mimikyu|Mimikyu, F|100\/100\n|-damage|p2a: Mimikyu|88\/100|[from] Stealth Rock\n|-damage|p2a: Mimikyu|63\/100|[from] Spikes\n|\n|-end|p1a: Forretress|move: Yawn|[silent]\n|-status|p1a: Forretress|slp\n|upkeep\n|turn|15\n|\n|t:|1700365748\n|move|p2a: Mimikyu|Protect|p2a: Mimikyu\n|-singleturn|p2a: Mimikyu|Protect\n|cant|p1a: Forretress|slp\n|\n|upkeep\n|turn|16\n|\n|t:|1700365753\n|switch|p2a: Dondozo|Dondozo, F|96\/100\n|-damage|p2a: Dondozo|84\/100|[from] Stealth Rock\n|-damage|p2a: Dondozo|59\/100|[from] Spikes\n|-curestatus|p1a: Forretress|slp|[msg]\n|move|p1a: Forretress|Explosion|p2a: Dondozo\n|-damage|p2a: Dondozo|17\/100\n|faint|p1a: Forretress\n|\n|-heal|p2a: Dondozo|23\/100|[from] item: Leftovers\n|upkeep\n|\n|t:|1700365760\n|switch|p1a: Gogeta|Infernape, M|100\/100\n|turn|17\n|\n|t:|1700365765\n|move|p1a: Gogeta|Grass Knot|p2a: Dondozo\n|-supereffective|p2a: Dondozo\n|-damage|p2a: Dondozo|0 fnt\n|faint|p2a: Dondozo\n|\n|upkeep\n|\n|t:|1700365768\n|switch|p2a: Kingambit|Kingambit, F, shiny|100\/100\n|-damage|p2a: Kingambit|94\/100|[from] Stealth Rock\n|-damage|p2a: Kingambit|69\/100|[from] Spikes\n|-activate|p2a: Kingambit|ability: Supreme Overlord\n|-start|p2a: Kingambit|fallen4|[silent]\n|turn|18\n|\n|t:|1700365774\n|move|p1a: Gogeta|Mach Punch|p2a: Kingambit\n|-supereffective|p2a: Kingambit\n|-damage|p2a: Kingambit|4\/100\n|-enditem|p2a: Kingambit|Aguav Berry|[eat]\n|-heal|p2a: Kingambit|37\/100|[from] item: Aguav Berry\n|move|p2a: Kingambit|Sucker Punch||[still]\n|-fail|p2a: Kingambit\n|\n|upkeep\n|turn|19\n|\n|t:|1700365780\n|move|p1a: Gogeta|Mach Punch|p2a: Kingambit\n|-supereffective|p2a: Kingambit\n|-damage|p2a: Kingambit|0 fnt\n|faint|p2a: Kingambit\n|-end|p2a: Kingambit|fallen4|[silent]\n|\n|upkeep\n|\n|t:|1700365781\n|switch|p2a: Mimikyu|Mimikyu, F|63\/100\n|-damage|p2a: Mimikyu|50\/100|[from] Stealth Rock\n|-damage|p2a: Mimikyu|25\/100|[from] Spikes\n|-enditem|p2a: Mimikyu|Aguav Berry|[eat]\n|-heal|p2a: Mimikyu|59\/100|[from] item: Aguav Berry\n|turn|20\n|\n|t:|1700365793\n|move|p2a: Mimikyu|Curse|p1a: Gogeta\n|-start|p1a: Gogeta|Curse|[of] p2a: Mimikyu\n|-damage|p2a: Mimikyu|9\/100\n|move|p1a: Gogeta|Fire Punch|p2a: Mimikyu\n|-activate|p2a: Mimikyu|ability: Disguise\n|-damage|p2a: Mimikyu|9\/100\n|detailschange|p2a: Mimikyu|Mimikyu-Busted, F\n|-damage|p2a: Mimikyu|0 fnt|[from] pokemon: Mimikyu-Busted\n|faint|p2a: Mimikyu\n|\n|win|Shadowkipz13\n|raw|Shadowkipz13's rating: 1435 &rarr; <strong>1447<\/strong><br \/>(+12 for winning)\n|raw|XSoulDragon's rating: 1288 &rarr; <strong>1273<\/strong><br \/>(-15 for losing)\n|l|\u2606XSoulDragon\n","uploadtime":1700365888,"views":3,"p1id":"shadowkipz13","p2id":"xsouldragon","formatid":"gen9anythinggoes","rating":1273,"private":0,"password":""}