{"id":"gen9anythinggoes-1988314833","p1":"AGisgood\u82cd\u54cd\u4fa0","p2":"2448a","format":"[Gen 9] Anything Goes","log":"|j|\u2606AGisgood\u82cd\u54cd\u4fa0\n|j|\u26062448a\n|t:|1699707063\n|gametype|singles\n|player|p1|AGisgood\u82cd\u54cd\u4fa0|cynthia-masters|1790\n|player|p2|2448a|erika-gen2|1802\n|teamsize|p1|6\n|teamsize|p2|6\n|gen|9\n|tier|[Gen 9] Anything Goes\n|rated|\n|rule|HP Percentage Mod: HP is shown in percentages\n|rule|Endless Battle Clause: Forcing endless battles is banned\n|clearpoke\n|poke|p1|Rayquaza|\n|poke|p1|Calyrex-Shadow|\n|poke|p1|Koraidon|\n|poke|p1|Koraidon|\n|poke|p1|Leavanny, F|\n|poke|p1|Arceus-Ground|\n|poke|p2|Kingambit, F|\n|poke|p2|Eternatus|\n|poke|p2|Arceus-Fairy|\n|poke|p2|Ting-Lu|\n|poke|p2|Calyrex-Shadow|\n|poke|p2|Kyogre|\n|teampreview\n|inactive|Battle timer is ON: inactive players will automatically lose when time's up. (requested by AGisgood\u82cd\u54cd\u4fa0)\n|inactive|2448a also wants the timer to be on.\n|j| laprasplayer\n|\n|t:|1699707088\n|start\n|switch|p1a: Koraidon|Koraidon|100\/100\n|switch|p2a: Goated and Great|Arceus-Fairy|100\/100\n|-weather|SunnyDay|[from] ability: Orichalcum Pulse|[of] p1a: Koraidon\n|-activate|p1a: Koraidon|Orichalcum Pulse|[source]\n|turn|1\n|\n|t:|1699707092\n|move|p1a: Koraidon|U-turn|p2a: Goated and Great\n|-resisted|p2a: Goated and Great\n|-damage|p2a: Goated and Great|93\/100\n|\n|t:|1699707094\n|switch|p1a: Leavanny|Leavanny, F|100\/100|[from] U-turn\n|move|p2a: Goated and Great|Taunt|p1a: Leavanny\n|-start|p1a: Leavanny|move: Taunt\n|\n|-weather|SunnyDay|[upkeep]\n|upkeep\n|turn|2\n|\n|t:|1699707101\n|switch|p1a: Arceus|Arceus-Ground|100\/100\n|switch|p2a: Scam and Decent|Eternatus|100\/100\n|-ability|p2a: Scam and Decent|Pressure\n|\n|-weather|SunnyDay|[upkeep]\n|upkeep\n|turn|3\n|c| laprasplayer|fire\n|\n|t:|1699707114\n|move|p2a: Scam and Decent|Toxic Spikes|p1a: Arceus\n|-sidestart|p1: AGisgood\u82cd\u54cd\u4fa0|move: Toxic Spikes\n|move|p1a: Arceus|Taunt|p2a: Scam and Decent\n|-start|p2a: Scam and Decent|move: Taunt\n|\n|-weather|SunnyDay|[upkeep]\n|upkeep\n|turn|4\n|\n|t:|1699707122\n|switch|p2a: Broken and Unfair|Calyrex-Shadow|100\/100\n|-ability|p2a: Broken and Unfair|As One\n|-ability|p2a: Broken and Unfair|Unnerve\n|move|p1a: Arceus|Stealth Rock|p2a: Broken and Unfair\n|-sidestart|p2: 2448a|move: Stealth Rock\n|\n|-weather|SunnyDay|[upkeep]\n|upkeep\n|turn|5\n|\n|t:|1699707133\n|switch|p1a: Leavanny|Leavanny, F|100\/100\n|-status|p1a: Leavanny|psn\n|move|p2a: Broken and Unfair|Astral Barrage|p1a: Leavanny\n|-enditem|p1a: Leavanny|Focus Sash\n|-damage|p1a: Leavanny|1\/100 psn\n|\n|-weather|none\n|-damage|p1a: Leavanny|0 fnt|[from] psn\n|faint|p1a: Leavanny\n|upkeep\n|\n|t:|1699707143\n|switch|p1a: Calyrex|Calyrex-Shadow|100\/100\n|-ability|p1a: Calyrex|As One\n|-ability|p1a: Calyrex|Unnerve\n|-status|p1a: Calyrex|psn\n|turn|6\n|c|\u26062448a|what is this caly set lmao\n|\n|t:|1699707152\n|switch|p2a: Spikes and Spikes|Ting-Lu|100\/100\n|-damage|p2a: Spikes and Spikes|94\/100|[from] Stealth Rock\n|-ability|p2a: Spikes and Spikes|Vessel of Ruin\n|switch|p1a: Koraidon|Koraidon|100\/100\n|-status|p1a: Koraidon|psn\n|-weather|SunnyDay|[from] ability: Orichalcum Pulse|[of] p1a: Koraidon\n|-activate|p1a: Koraidon|Orichalcum Pulse|[source]\n|\n|-weather|SunnyDay|[upkeep]\n|-heal|p2a: Spikes and Spikes|100\/100|[from] item: Leftovers\n|-damage|p1a: Koraidon|88\/100 psn|[from] psn\n|upkeep\n|turn|7\n|\n|t:|1699707156\n|switch|p2a: Goated and Great|Arceus-Fairy|93\/100\n|-damage|p2a: Goated and Great|80\/100|[from] Stealth Rock\n|move|p1a: Koraidon|Taunt|p2a: Goated and Great\n|-start|p2a: Goated and Great|move: Taunt\n|\n|-weather|SunnyDay|[upkeep]\n|-damage|p1a: Koraidon|76\/100 psn|[from] psn\n|upkeep\n|turn|8\n|\n|t:|1699707166\n|switch|p1a: Arceus|Arceus-Ground|100\/100\n|-status|p1a: Arceus|psn\n|move|p2a: Goated and Great|Judgment|p1a: Arceus\n|-damage|p1a: Arceus|66\/100 psn\n|\n|-weather|SunnyDay|[upkeep]\n|-damage|p1a: Arceus|53\/100 psn|[from] psn\n|upkeep\n|turn|9\n|\n|t:|1699707173\n|move|p1a: Arceus|Icy Wind|p2a: Goated and Great\n|-damage|p2a: Goated and Great|68\/100\n|-unboost|p2a: Goated and Great|spe|1\n|move|p2a: Goated and Great|Judgment|p1a: Arceus\n|-damage|p1a: Arceus|15\/100 psn\n|\n|-weather|SunnyDay|[upkeep]\n|-damage|p1a: Arceus|3\/100 psn|[from] psn\n|-end|p2a: Goated and Great|move: Taunt\n|upkeep\n|turn|10\n|\n|t:|1699707176\n|move|p1a: Arceus|Judgment|p2a: Goated and Great\n|-damage|p2a: Goated and Great|31\/100\n|move|p2a: Goated and Great|Judgment|p1a: Arceus\n|-damage|p1a: Arceus|0 fnt\n|faint|p1a: Arceus\n|\n|-weather|none\n|upkeep\n|c| laprasplayer|huh\n|\n|t:|1699707184\n|switch|p1a: Koraidon|Koraidon|76\/100 psn\n|-weather|SunnyDay|[from] ability: Orichalcum Pulse|[of] p1a: Koraidon\n|-activate|p1a: Koraidon|Orichalcum Pulse|[source]\n|turn|11\n|c| laprasplayer|what is blud doing\n|\n|t:|1699707205\n|move|p1a: Koraidon|Flare Blitz|p2a: Goated and Great\n|-damage|p2a: Goated and Great|0 fnt\n|faint|p2a: Goated and Great\n|-damage|p1a: Koraidon|63\/100 psn|[from] Recoil\n|\n|-weather|SunnyDay|[upkeep]\n|-damage|p1a: Koraidon|50\/100 psn|[from] psn\n|upkeep\n|\n|t:|1699707214\n|switch|p2a: Scam and Decent|Eternatus|100\/100\n|-ability|p2a: Scam and Decent|Pressure\n|turn|12\n|\n|t:|1699707222\n|-terastallize|p2a: Scam and Decent|Fairy\n|move|p1a: Koraidon|Scale Shot|p2a: Scam and Decent\n|-immune|p2a: Scam and Decent\n|move|p2a: Scam and Decent|Toxic Spikes|p1a: Koraidon\n|-sidestart|p1: AGisgood\u82cd\u54cd\u4fa0|move: Toxic Spikes\n|\n|-weather|SunnyDay|[upkeep]\n|-damage|p1a: Koraidon|38\/100 psn|[from] psn\n|upkeep\n|turn|13\n|\n|t:|1699707229\n|move|p1a: Koraidon|Swords Dance|p1a: Koraidon\n|-boost|p1a: Koraidon|atk|2\n|move|p2a: Scam and Decent|Dragon Tail|p1a: Koraidon\n|-supereffective|p1a: Koraidon\n|-crit|p1a: Koraidon\n|-damage|p1a: Koraidon|0 fnt\n|faint|p1a: Koraidon\n|\n|-weather|SunnyDay|[upkeep]\n|upkeep\n|\n|t:|1699707231\n|switch|p1a: Rayquaza|Rayquaza, shiny|100\/100\n|-ability|p1a: Rayquaza|Air Lock\n|turn|14\n|\n|t:|1699707236\n|-terastallize|p1a: Rayquaza|Flying\n|move|p1a: Rayquaza|Dragon Ascent|p2a: Scam and Decent\n|-damage|p2a: Scam and Decent|0 fnt\n|-unboost|p1a: Rayquaza|def|1\n|-unboost|p1a: Rayquaza|spd|1\n|faint|p2a: Scam and Decent\n|\n|-weather|SunnyDay|[upkeep]\n|upkeep\n|\n|t:|1699707246\n|switch|p2a: Epitome of Mid|Kingambit, F|100\/100\n|-damage|p2a: Epitome of Mid|94\/100|[from] Stealth Rock\n|-activate|p2a: Epitome of Mid|ability: Supreme Overlord\n|-start|p2a: Epitome of Mid|fallen2|[silent]\n|turn|15\n|\n|t:|1699707248\n|switch|p1a: Koraidon|Koraidon|100\/100\n|-status|p1a: Koraidon|tox\n|-activate|p1a: Koraidon|ability: Orichalcum Pulse\n|move|p2a: Epitome of Mid|Sucker Punch||[still]\n|-fail|p2a: Epitome of Mid\n|\n|-weather|none\n|-heal|p2a: Epitome of Mid|100\/100|[from] item: Leftovers\n|-damage|p1a: Koraidon|94\/100 tox|[from] psn\n|upkeep\n|turn|16\n|\n|t:|1699707255\n|-end|p2a: Epitome of Mid|fallen2|[silent]\n|switch|p2a: Spikes and Spikes|Ting-Lu|100\/100\n|-damage|p2a: Spikes and Spikes|94\/100|[from] Stealth Rock\n|-ability|p2a: Spikes and Spikes|Vessel of Ruin\n|move|p1a: Koraidon|U-turn|p2a: Spikes and Spikes\n|-supereffective|p2a: Spikes and Spikes\n|-damage|p2a: Spikes and Spikes|65\/100\n|\n|t:|1699707258\n|switch|p1a: Rayquaza|Rayquaza, shiny, tera:Flying|100\/100|[from] U-turn\n|-ability|p1a: Rayquaza|Air Lock\n|\n|-heal|p2a: Spikes and Spikes|71\/100|[from] item: Leftovers\n|upkeep\n|turn|17\n|\n|t:|1699707262\n|move|p1a: Rayquaza|Dragon Ascent|p2a: Spikes and Spikes\n|-damage|p2a: Spikes and Spikes|0 fnt\n|-unboost|p1a: Rayquaza|def|1\n|-unboost|p1a: Rayquaza|spd|1\n|faint|p2a: Spikes and Spikes\n|\n|upkeep\n|\n|t:|1699707273\n|switch|p2a: Epitome of Mid|Kingambit, F|100\/100\n|-damage|p2a: Epitome of Mid|94\/100|[from] Stealth Rock\n|-activate|p2a: Epitome of Mid|ability: Supreme Overlord\n|-start|p2a: Epitome of Mid|fallen3|[silent]\n|turn|18\n|\n|t:|1699707280\n|switch|p1a: Koraidon|Koraidon|94\/100 tox\n|-weather|SunnyDay|[from] ability: Orichalcum Pulse|[of] p1a: Koraidon\n|-activate|p1a: Koraidon|Orichalcum Pulse|[source]\n|move|p2a: Epitome of Mid|Kowtow Cleave|p1a: Koraidon\n|-resisted|p1a: Koraidon\n|-damage|p1a: Koraidon|71\/100 tox\n|\n|-weather|SunnyDay|[upkeep]\n|-heal|p2a: Epitome of Mid|100\/100|[from] item: Leftovers\n|-damage|p1a: Koraidon|64\/100 tox|[from] psn\n|upkeep\n|turn|19\n|\n|t:|1699707286\n|-end|p2a: Epitome of Mid|fallen3|[silent]\n|switch|p2a: Damage and Damage|Kyogre|100\/100\n|-damage|p2a: Damage and Damage|88\/100|[from] Stealth Rock\n|-weather|RainDance|[from] ability: Drizzle|[of] p2a: Damage and Damage\n|move|p1a: Koraidon|U-turn|p2a: Damage and Damage\n|-damage|p2a: Damage and Damage|64\/100\n|\n|t:|1699707288\n|switch|p1a: Rayquaza|Rayquaza, shiny, tera:Flying|100\/100|[from] U-turn\n|-ability|p1a: Rayquaza|Air Lock\n|\n|-weather|RainDance|[upkeep]\n|upkeep\n|turn|20\n|\n|t:|1699707291\n|switch|p2a: Epitome of Mid|Kingambit, F|100\/100\n|-damage|p2a: Epitome of Mid|94\/100|[from] Stealth Rock\n|-activate|p2a: Epitome of Mid|ability: Supreme Overlord\n|-start|p2a: Epitome of Mid|fallen3|[silent]\n|move|p1a: Rayquaza|Dragon Ascent|p2a: Epitome of Mid\n|-resisted|p2a: Epitome of Mid\n|-damage|p2a: Epitome of Mid|29\/100\n|-unboost|p1a: Rayquaza|def|1\n|-unboost|p1a: Rayquaza|spd|1\n|\n|-weather|RainDance|[upkeep]\n|-heal|p2a: Epitome of Mid|35\/100|[from] item: Leftovers\n|upkeep\n|turn|21\n|\n|t:|1699707294\n|move|p2a: Epitome of Mid|Sucker Punch|p1a: Rayquaza\n|-damage|p1a: Rayquaza|19\/100\n|move|p1a: Rayquaza|Dragon Ascent|p2a: Epitome of Mid\n|-resisted|p2a: Epitome of Mid\n|-damage|p2a: Epitome of Mid|0 fnt\n|-unboost|p1a: Rayquaza|def|1\n|-unboost|p1a: Rayquaza|spd|1\n|faint|p2a: Epitome of Mid\n|-end|p2a: Epitome of Mid|fallen3|[silent]\n|\n|-weather|RainDance|[upkeep]\n|upkeep\n|\n|t:|1699707297\n|switch|p2a: Broken and Unfair|Calyrex-Shadow|100\/100\n|-ability|p2a: Broken and Unfair|As One\n|-ability|p2a: Broken and Unfair|Unnerve\n|-damage|p2a: Broken and Unfair|88\/100|[from] Stealth Rock\n|turn|22\n|c|\u26062448a|finally.\n|\n|t:|1699707302\n|switch|p1a: Koraidon|Koraidon|64\/100 tox\n|-weather|SunnyDay|[from] ability: Orichalcum Pulse|[of] p1a: Koraidon\n|-activate|p1a: Koraidon|Orichalcum Pulse|[source]\n|move|p2a: Broken and Unfair|Astral Barrage|p1a: Koraidon\n|-damage|p1a: Koraidon|0 fnt\n|faint|p1a: Koraidon\n|-ability|p2a: Broken and Unfair|Grim Neigh|boost\n|-boost|p2a: Broken and Unfair|spa|1\n|\n|-weather|SunnyDay|[upkeep]\n|upkeep\n|\n|t:|1699707304\n|switch|p1a: Calyrex|Calyrex-Shadow|100\/100 psn\n|-ability|p1a: Calyrex|As One\n|-ability|p1a: Calyrex|Unnerve\n|turn|23\n|\n|t:|1699707308\n|switch|p2a: Damage and Damage|Kyogre|64\/100\n|-damage|p2a: Damage and Damage|52\/100|[from] Stealth Rock\n|-weather|RainDance|[from] ability: Drizzle|[of] p2a: Damage and Damage\n|move|p1a: Calyrex|Astral Barrage|p2a: Damage and Damage\n|-damage|p2a: Damage and Damage|5\/100\n|\n|-weather|RainDance|[upkeep]\n|-damage|p1a: Calyrex|88\/100 psn|[from] psn\n|upkeep\n|turn|24\n|\n|t:|1699707311\n|move|p1a: Calyrex|Astral Barrage|p2a: Damage and Damage\n|-damage|p2a: Damage and Damage|0 fnt\n|faint|p2a: Damage and Damage\n|-ability|p1a: Calyrex|Grim Neigh|boost\n|-boost|p1a: Calyrex|spa|1\n|\n|-weather|RainDance|[upkeep]\n|-damage|p1a: Calyrex|76\/100 psn|[from] psn\n|upkeep\n|j| play a joke\n|\n|t:|1699707313\n|switch|p2a: Broken and Unfair|Calyrex-Shadow|88\/100\n|-ability|p2a: Broken and Unfair|As One\n|-ability|p2a: Broken and Unfair|Unnerve\n|-damage|p2a: Broken and Unfair|76\/100|[from] Stealth Rock\n|turn|25\n|\n|t:|1699707318\n|move|p2a: Broken and Unfair|Astral Barrage|p1a: Calyrex\n|-supereffective|p1a: Calyrex\n|-damage|p1a: Calyrex|0 fnt\n|faint|p1a: Calyrex\n|-ability|p2a: Broken and Unfair|Grim Neigh|boost\n|-boost|p2a: Broken and Unfair|spa|1\n|\n|-weather|RainDance|[upkeep]\n|upkeep\n|j| M3RKMAYHAM\n|l| M3RKMAYHAM\n|c|\u2606AGisgood\u82cd\u54cd\u4fa0|oh I lose the speed tie\n|c|\u2606AGisgood\u82cd\u54cd\u4fa0|It scarf caly\n|c|\u26062448a|!showset 5\n|c| 2448a|\/raw <div class=\"infobox\">Broken and Unfair (Calyrex-Shadow) @ Choice Scarf  <br \/>Ability: As One (Spectrier)  <br \/>Tera Type: Ghost  <br \/>EVs: 252 SpA &#x2f; 4 SpD &#x2f; 252 Spe  <br \/>Timid Nature  <br \/>IVs: 0 Atk  <br \/>- Astral Barrage  <br \/>- Encore  <br \/>- Trick  <br \/>- Psyshock  <br \/><br \/><\/div>\n|inactive|AGisgood\u82cd\u54cd\u4fa0 has 120 seconds left.\n|c|\u26062448a|gg.\n|c|\u2606AGisgood\u82cd\u54cd\u4fa0|my caly is scarf too\n|\n|t:|1699707369\n|switch|p1a: Rayquaza|Rayquaza, shiny, tera:Flying|19\/100\n|-ability|p1a: Rayquaza|Air Lock\n|turn|26\n|-message|AGisgood\u82cd\u54cd\u4fa0 forfeited.\n|\n|win|2448a\n|raw|AGisgood\u82cd\u54cd\u4fa0's rating: 1790 &rarr; <strong>1771<\/strong><br \/>(-19 for losing)\n|raw|2448a's rating: 1802 &rarr; <strong>1821<\/strong><br \/>(+19 for winning)\n|c|\u2606AGisgood\u82cd\u54cd\u4fa0|gg\n|c| laprasplayer|but his caly built different\n|c|\u26062448a|what is bro doing with dual scarf\n|c| laprasplayer|thats why it wkn\n|c| laprasplayer|won\n|c|\u26062448a|o wait is that that ass420 team\n|l|\u26062448a\n|j|\u26062448a\n|player|p2|2448a|erika-gen2\n|c| laprasplayer|LOL\n|c| laprasplayer|ass420 is funny\n|l|\u2606AGisgood\u82cd\u54cd\u4fa0\n|l| play a joke\n","uploadtime":1699707538,"views":5,"p1id":"agisgood","p2id":"2448a","formatid":"gen9anythinggoes","rating":1771,"private":0,"password":""}