{"id":"gen9anythinggoes-1973928227","p1":"Deaxthzsx","p2":"RSmile","format":"[Gen 9] Anything Goes","log":"|j|\u2606Deaxthzsx\n|j|\u2606RSmile\n|t:|1698029156\n|gametype|singles\n|player|p1|Deaxthzsx|morty|\n|player|p2|RSmile|shauna-masters|\n|teamsize|p1|6\n|teamsize|p2|6\n|gen|9\n|tier|[Gen 9] Anything Goes\n|rule|HP Percentage Mod: HP is shown in percentages\n|rule|Endless Battle Clause: Forcing endless battles is banned\n|clearpoke\n|poke|p1|Calyrex-Shadow|\n|poke|p1|Baxcalibur, F|\n|poke|p1|Chi-Yu|\n|poke|p1|Zacian-*|\n|poke|p1|Pawmot, M|\n|poke|p1|Clodsire, F|\n|poke|p2|Miraidon|\n|poke|p2|Koraidon|\n|poke|p2|Ogerpon-Hearthflame, F|\n|poke|p2|Calyrex-Shadow|\n|poke|p2|Great Tusk|\n|poke|p2|Ditto|\n|teampreview\n|inactive|Battle timer is ON: inactive players will automatically lose when time's up. (requested by RSmile)\n|c|\u2606Deaxthzsx|You ready\n|c|\u2606RSmile|yup, yup\n|c|\u2606Deaxthzsx|Let\u2019s make this epic\n|inactive|RSmile has 270 seconds left.\n|c|\u2606RSmile|waiting for carlos\n|inactive|RSmile has 240 seconds left.\n|j| CarlosBeansGaming\n|\n|t:|1698029240\n|start\n|switch|p1a: Carlos slug|Clodsire, F|100\/100\n|switch|p2a: \u30b3\u30e9\u30a4\u30c9\u30f3|Koraidon|100\/100\n|-weather|SunnyDay|[from] ability: Orichalcum Pulse|[of] p2a: \u30b3\u30e9\u30a4\u30c9\u30f3\n|-activate|p2a: \u30b3\u30e9\u30a4\u30c9\u30f3|Orichalcum Pulse|[source]\n|turn|1\n|\n|t:|1698029249\n|move|p2a: \u30b3\u30e9\u30a4\u30c9\u30f3|U-turn|p1a: Carlos slug\n|-resisted|p1a: Carlos slug\n|-damage|p1a: Carlos slug|82\/100\n|\n|t:|1698029251\n|switch|p2a: \u30e1\u30bf\u30e2\u30f3|Ditto|100\/100|[from] U-turn\n|-transform|p2a: \u30e1\u30bf\u30e2\u30f3|p1a: Carlos slug|[from] ability: Imposter\n|move|p1a: Carlos slug|Stealth Rock|p2a: \u30e1\u30bf\u30e2\u30f3\n|-sidestart|p2: RSmile|move: Stealth Rock\n|\n|-weather|SunnyDay|[upkeep]\n|-heal|p1a: Carlos slug|88\/100|[from] item: Leftovers\n|upkeep\n|turn|2\n|\n|t:|1698029261\n|switch|p2a: \u30a4\u30c0\u30a4\u30ca\u30ad\u30d0|Great Tusk|100\/100\n|-activate|p2a: \u30a4\u30c0\u30a4\u30ca\u30ad\u30d0|ability: Protosynthesis\n|-start|p2a: \u30a4\u30c0\u30a4\u30ca\u30ad\u30d0|protosynthesisdef\n|move|p1a: Carlos slug|Earthquake|p2a: \u30a4\u30c0\u30a4\u30ca\u30ad\u30d0\n|-damage|p2a: \u30a4\u30c0\u30a4\u30ca\u30ad\u30d0|89\/100\n|\n|-weather|SunnyDay|[upkeep]\n|-heal|p1a: Carlos slug|94\/100|[from] item: Leftovers\n|upkeep\n|turn|3\n|\n|t:|1698029267\n|move|p2a: \u30a4\u30c0\u30a4\u30ca\u30ad\u30d0|Earthquake|p1a: Carlos slug\n|-supereffective|p1a: Carlos slug\n|-damage|p1a: Carlos slug|0 fnt\n|faint|p1a: Carlos slug\n|\n|-weather|SunnyDay|[upkeep]\n|upkeep\n|\n|t:|1698029275\n|switch|p1a: Carlos doggo|Zacian-Crowned|100\/100\n|-ability|p1a: Carlos doggo|Intrepid Sword|boost\n|-boost|p1a: Carlos doggo|atk|1\n|turn|4\n|\n|t:|1698029301\n|-terastallize|p1a: Carlos doggo|Flying\n|-terastallize|p2a: \u30a4\u30c0\u30a4\u30ca\u30ad\u30d0|Flying\n|move|p1a: Carlos doggo|Play Rough|p2a: \u30a4\u30c0\u30a4\u30ca\u30ad\u30d0\n|-damage|p2a: \u30a4\u30c0\u30a4\u30ca\u30ad\u30d0|57\/100\n|move|p2a: \u30a4\u30c0\u30a4\u30ca\u30ad\u30d0|Earthquake|p1a: Carlos doggo\n|-immune|p1a: Carlos doggo\n|\n|-weather|SunnyDay|[upkeep]\n|upkeep\n|turn|5\n|\n|t:|1698029315\n|move|p1a: Carlos doggo|Behemoth Blade|p2a: \u30a4\u30c0\u30a4\u30ca\u30ad\u30d0\n|-damage|p2a: \u30a4\u30c0\u30a4\u30ca\u30ad\u30d0|18\/100\n|move|p2a: \u30a4\u30c0\u30a4\u30ca\u30ad\u30d0|Rapid Spin|p1a: Carlos doggo\n|-damage|p1a: Carlos doggo|85\/100\n|-boost|p2a: \u30a4\u30c0\u30a4\u30ca\u30ad\u30d0|spe|1\n|-sideend|p2: RSmile|Stealth Rock|[from] move: Rapid Spin|[of] p2a: \u30a4\u30c0\u30a4\u30ca\u30ad\u30d0\n|\n|-weather|none\n|-end|p2a: \u30a4\u30c0\u30a4\u30ca\u30ad\u30d0|Protosynthesis\n|upkeep\n|turn|6\n|c|\u2606RSmile|Should've expected this\n|c|\u2606Deaxthzsx|Yea\n|\n|t:|1698029334\n|move|p1a: Carlos doggo|Wild Charge|p2a: \u30a4\u30c0\u30a4\u30ca\u30ad\u30d0\n|-supereffective|p2a: \u30a4\u30c0\u30a4\u30ca\u30ad\u30d0\n|-damage|p2a: \u30a4\u30c0\u30a4\u30ca\u30ad\u30d0|0 fnt\n|faint|p2a: \u30a4\u30c0\u30a4\u30ca\u30ad\u30d0\n|-end|p2a: \u30a4\u30c0\u30a4\u30ca\u30ad\u30d0|Protosynthesis|[silent]\n|-damage|p1a: Carlos doggo|80\/100|[from] Recoil\n|\n|upkeep\n|\n|t:|1698029338\n|switch|p2a: \u30df\u30e9\u30a4\u30c9\u30f3|Miraidon|100\/100\n|-fieldstart|move: Electric Terrain|[from] ability: Hadron Engine|[of] p2a: \u30df\u30e9\u30a4\u30c9\u30f3\n|turn|7\n|\n|t:|1698029347\n|move|p2a: \u30df\u30e9\u30a4\u30c9\u30f3|Volt Switch|p1a: Carlos doggo\n|-supereffective|p1a: Carlos doggo\n|-damage|p1a: Carlos doggo|0 fnt\n|faint|p1a: Carlos doggo\n|\n|t:|1698029364\n|switch|p2a: \u30d0\u30c9\u30ec\u30c3\u30af\u30b9|Calyrex-Shadow|100\/100|[from] Volt Switch\n|-ability|p2a: \u30d0\u30c9\u30ec\u30c3\u30af\u30b9|As One\n|-ability|p2a: \u30d0\u30c9\u30ec\u30c3\u30af\u30b9|Unnerve\n|\n|upkeep\n|\n|t:|1698029371\n|switch|p1a: Carlos knight|Calyrex-Shadow|100\/100\n|-ability|p1a: Carlos knight|As One\n|-ability|p1a: Carlos knight|Unnerve\n|turn|8\n|\n|t:|1698029384\n|move|p2a: \u30d0\u30c9\u30ec\u30c3\u30af\u30b9|Astral Barrage|p1a: Carlos knight\n|-supereffective|p1a: Carlos knight\n|-damage|p1a: Carlos knight|0 fnt\n|faint|p1a: Carlos knight\n|-ability|p2a: \u30d0\u30c9\u30ec\u30c3\u30af\u30b9|Grim Neigh|boost\n|-boost|p2a: \u30d0\u30c9\u30ec\u30c3\u30af\u30b9|spa|1\n|\n|upkeep\n|\n|t:|1698029388\n|switch|p1a: Carlos fsh|Chi-Yu|100\/100\n|-ability|p1a: Carlos fsh|Beads of Ruin\n|turn|9\n|\n|t:|1698029396\n|switch|p2a: \u30df\u30e9\u30a4\u30c9\u30f3|Miraidon|100\/100\n|-activate|p2a: \u30df\u30e9\u30a4\u30c9\u30f3|ability: Hadron Engine\n|move|p1a: Carlos fsh|Dark Pulse|p2a: \u30df\u30e9\u30a4\u30c9\u30f3\n|-damage|p2a: \u30df\u30e9\u30a4\u30c9\u30f3|10\/100\n|\n|upkeep\n|turn|10\n|\n|t:|1698029407\n|move|p2a: \u30df\u30e9\u30a4\u30c9\u30f3|Volt Switch|p1a: Carlos fsh\n|-damage|p1a: Carlos fsh|22\/100\n|\n|t:|1698029414\n|switch|p2a: \u30b3\u30e9\u30a4\u30c9\u30f3|Koraidon|100\/100|[from] Volt Switch\n|-weather|SunnyDay|[from] ability: Orichalcum Pulse|[of] p2a: \u30b3\u30e9\u30a4\u30c9\u30f3\n|-activate|p2a: \u30b3\u30e9\u30a4\u30c9\u30f3|Orichalcum Pulse|[source]\n|move|p1a: Carlos fsh|Dark Pulse|p2a: \u30b3\u30e9\u30a4\u30c9\u30f3\n|-resisted|p2a: \u30b3\u30e9\u30a4\u30c9\u30f3\n|-damage|p2a: \u30b3\u30e9\u30a4\u30c9\u30f3|54\/100\n|\n|-weather|SunnyDay|[upkeep]\n|upkeep\n|turn|11\n|\n|t:|1698029419\n|switch|p1a: Carlos rat|Pawmot, M|100\/100\n|move|p2a: \u30b3\u30e9\u30a4\u30c9\u30f3|U-turn|p1a: Carlos rat\n|-resisted|p1a: Carlos rat\n|-damage|p1a: Carlos rat|73\/100\n|\n|t:|1698029423\n|switch|p2a: \u30d0\u30c9\u30ec\u30c3\u30af\u30b9|Calyrex-Shadow|100\/100|[from] U-turn\n|-ability|p2a: \u30d0\u30c9\u30ec\u30c3\u30af\u30b9|As One\n|-ability|p2a: \u30d0\u30c9\u30ec\u30c3\u30af\u30b9|Unnerve\n|\n|-weather|SunnyDay|[upkeep]\n|-fieldend|move: Electric Terrain\n|upkeep\n|turn|12\n|\n|t:|1698029433\n|move|p2a: \u30d0\u30c9\u30ec\u30c3\u30af\u30b9|Psyshock|p1a: Carlos rat\n|-supereffective|p1a: Carlos rat\n|-damage|p1a: Carlos rat|0 fnt\n|faint|p1a: Carlos rat\n|-ability|p2a: \u30d0\u30c9\u30ec\u30c3\u30af\u30b9|Grim Neigh|boost\n|-boost|p2a: \u30d0\u30c9\u30ec\u30c3\u30af\u30b9|spa|1\n|\n|-weather|SunnyDay|[upkeep]\n|upkeep\n|\n|t:|1698029436\n|switch|p1a: Cha cha|Baxcalibur, F|100\/100\n|turn|13\n|\n|t:|1698029446\n|move|p2a: \u30d0\u30c9\u30ec\u30c3\u30af\u30b9|Astral Barrage|p1a: Cha cha\n|-damage|p1a: Cha cha|0 fnt\n|faint|p1a: Cha cha\n|-ability|p2a: \u30d0\u30c9\u30ec\u30c3\u30af\u30b9|Grim Neigh|boost\n|-boost|p2a: \u30d0\u30c9\u30ec\u30c3\u30af\u30b9|spa|1\n|\n|-weather|SunnyDay|[upkeep]\n|upkeep\n|\n|t:|1698029449\n|switch|p1a: Carlos fsh|Chi-Yu|22\/100\n|-ability|p1a: Carlos fsh|Beads of Ruin\n|turn|14\n|c|\u2606Deaxthzsx|gg\n|\n|t:|1698029461\n|move|p2a: \u30d0\u30c9\u30ec\u30c3\u30af\u30b9|Astral Barrage|p1a: Carlos fsh\n|-resisted|p1a: Carlos fsh\n|-damage|p1a: Carlos fsh|0 fnt\n|faint|p1a: Carlos fsh\n|\n|win|RSmile\n|c|\u2606RSmile|gg\n|l|\u2606Deaxthzsx\n","uploadtime":1698029466,"views":8,"p1id":"deaxthzsx","p2id":"rsmile","formatid":"gen9anythinggoes","rating":0,"private":0,"password":""}