{"id":"gen9anythinggoes-1991191583","p1":"Alexrandom16","p2":"Novalalexal","format":"[Gen 9] Anything Goes","log":"|j|\u2606Alexrandom16\n|j|\u2606Novalalexal\n|t:|1700055505\n|gametype|singles\n|player|p1|Alexrandom16|brycenman|1049\n|player|p2|Novalalexal|101|1042\n|teamsize|p1|6\n|teamsize|p2|6\n|gen|9\n|tier|[Gen 9] Anything Goes\n|rated|\n|rule|HP Percentage Mod: HP is shown in percentages\n|rule|Endless Battle Clause: Forcing endless battles is banned\n|clearpoke\n|poke|p1|Garchomp, M|\n|poke|p1|Ceruledge, M|\n|poke|p1|Gyarados, M|\n|poke|p1|Regieleki|\n|poke|p1|Kingambit, F|\n|poke|p1|Glimmora, M|\n|poke|p2|Garchomp, F|\n|poke|p2|Vikavolt, F|\n|poke|p2|Gliscor, M|\n|poke|p2|Krookodile, F|\n|poke|p2|Sandaconda, M|\n|poke|p2|Giratina-Origin|\n|teampreview\n|\n|t:|1700055510\n|start\n|switch|p1a: Glimmora|Glimmora, M, shiny|100\/100\n|switch|p2a: Sandaconda|Sandaconda, M, shiny|100\/100\n|turn|1\n|\n|t:|1700055522\n|move|p1a: Glimmora|Stealth Rock|p2a: Sandaconda\n|-sidestart|p2: Novalalexal|move: Stealth Rock\n|move|p2a: Sandaconda|Stealth Rock|p1a: Glimmora\n|-sidestart|p1: Alexrandom16|move: Stealth Rock\n|\n|upkeep\n|turn|2\n|\n|t:|1700055528\n|move|p1a: Glimmora|Spikes|p2a: Sandaconda\n|-sidestart|p2: Novalalexal|Spikes\n|move|p2a: Sandaconda|Glare|p1a: Glimmora\n|-status|p1a: Glimmora|par\n|\n|upkeep\n|turn|3\n|\n|t:|1700055540\n|switch|p2a: Giratina|Giratina-Origin|100\/100\n|-damage|p2a: Giratina|88\/100|[from] Stealth Rock\n|move|p1a: Glimmora|Spikes|p2a: Giratina\n|-sidestart|p2: Novalalexal|Spikes\n|\n|upkeep\n|turn|4\n|\n|t:|1700055552\n|-terastallize|p2a: Giratina|Ground\n|move|p2a: Giratina|Earthquake|p1a: Glimmora\n|-supereffective|p1a: Glimmora\n|-damage|p1a: Glimmora|0 fnt\n|-activate|p1a: Glimmora|ability: Toxic Debris\n|-sidestart|p2: Novalalexal|move: Toxic Spikes\n|faint|p1a: Glimmora\n|\n|upkeep\n|\n|t:|1700055567\n|switch|p1a: Gyarados|Gyarados, M, shiny|100\/100\n|-damage|p1a: Gyarados|76\/100|[from] Stealth Rock\n|turn|5\n|\n|t:|1700055574\n|move|p1a: Gyarados|Hydro Pump|p2a: Giratina\n|-supereffective|p2a: Giratina\n|-damage|p2a: Giratina|51\/100\n|move|p2a: Giratina|Thunder Wave|p1a: Gyarados\n|-status|p1a: Gyarados|par\n|\n|-heal|p1a: Gyarados|82\/100 par|[from] item: Leftovers\n|upkeep\n|turn|6\n|\n|t:|1700055584\n|move|p2a: Giratina|Shadow Force||[still]\n|-prepare|p2a: Giratina|Shadow Force\n|move|p1a: Gyarados|Ice Fang|p2a: Giratina|[miss]\n|-miss|p1a: Gyarados|p2a: Giratina\n|\n|-heal|p1a: Gyarados|88\/100 par|[from] item: Leftovers\n|upkeep\n|turn|7\n|\n|t:|1700055592\n|move|p2a: Giratina|Shadow Force|p1a: Gyarados|[from]lockedmove\n|-damage|p1a: Gyarados|7\/100 par\n|move|p1a: Gyarados|Ice Fang|p2a: Giratina\n|-supereffective|p2a: Giratina\n|-damage|p2a: Giratina|26\/100\n|\n|-heal|p1a: Gyarados|13\/100 par|[from] item: Leftovers\n|upkeep\n|turn|8\n|\n|t:|1700055601\n|move|p2a: Giratina|Shadow Sneak|p1a: Gyarados\n|-damage|p1a: Gyarados|0 fnt\n|faint|p1a: Gyarados\n|\n|upkeep\n|\n|t:|1700055607\n|switch|p1a: Ceruledge|Ceruledge, M, shiny|100\/100\n|-damage|p1a: Ceruledge|76\/100|[from] Stealth Rock\n|turn|9\n|\n|t:|1700055616\n|move|p2a: Giratina|Thunder Wave|p1a: Ceruledge\n|-status|p1a: Ceruledge|par\n|cant|p1a: Ceruledge|par\n|\n|upkeep\n|turn|10\n|\n|t:|1700055623\n|move|p2a: Giratina|Earthquake|p1a: Ceruledge\n|-supereffective|p1a: Ceruledge\n|-damage|p1a: Ceruledge|0 fnt\n|faint|p1a: Ceruledge\n|\n|upkeep\n|\n|t:|1700055627\n|switch|p1a: Kingambit|Kingambit, F, shiny|100\/100\n|-damage|p1a: Kingambit|94\/100|[from] Stealth Rock\n|-ability|p1a: Kingambit|Pressure\n|-item|p1a: Kingambit|Air Balloon\n|turn|11\n|\n|t:|1700055636\n|-terastallize|p1a: Kingambit|Fairy\n|move|p2a: Giratina|Thunder Wave|p1a: Kingambit\n|-status|p1a: Kingambit|par\n|move|p1a: Kingambit|Iron Head|p2a: Giratina\n|-damage|p2a: Giratina|0 fnt\n|faint|p2a: Giratina\n|\n|upkeep\n|\n|t:|1700055657\n|switch|p2a: Sandaconda|Sandaconda, M, shiny|100\/100\n|-damage|p2a: Sandaconda|94\/100|[from] Stealth Rock\n|-damage|p2a: Sandaconda|78\/100|[from] Spikes\n|-status|p2a: Sandaconda|psn\n|turn|12\n|\n|t:|1700055668\n|move|p2a: Sandaconda|Rest|p2a: Sandaconda\n|-status|p2a: Sandaconda|slp|[from] move: Rest\n|-heal|p2a: Sandaconda|100\/100 slp|[silent]\n|move|p1a: Kingambit|Iron Head|p2a: Sandaconda\n|-damage|p2a: Sandaconda|70\/100 slp\n|\n|-heal|p2a: Sandaconda|76\/100 slp|[from] item: Leftovers\n|upkeep\n|turn|13\n|\n|t:|1700055677\n|cant|p2a: Sandaconda|slp\n|move|p1a: Kingambit|Iron Head|p2a: Sandaconda\n|-crit|p2a: Sandaconda\n|-damage|p2a: Sandaconda|24\/100 slp\n|\n|-heal|p2a: Sandaconda|30\/100 slp|[from] item: Leftovers\n|upkeep\n|turn|14\n|\n|t:|1700055685\n|cant|p2a: Sandaconda|slp\n|move|p1a: Kingambit|Iron Head|p2a: Sandaconda\n|-damage|p2a: Sandaconda|0 fnt\n|faint|p2a: Sandaconda\n|\n|upkeep\n|\n|t:|1700055704\n|switch|p2a: Krookodile|Krookodile, F, shiny|100\/100\n|-damage|p2a: Krookodile|94\/100|[from] Stealth Rock\n|-damage|p2a: Krookodile|78\/100|[from] Spikes\n|-status|p2a: Krookodile|psn\n|-ability|p2a: Krookodile|Intimidate|boost\n|-unboost|p1a: Kingambit|atk|1\n|turn|15\n|\n|t:|1700055714\n|move|p2a: Krookodile|Earthquake|p1a: Kingambit\n|-immune|p1a: Kingambit\n|move|p1a: Kingambit|Focus Blast|p2a: Krookodile\n|-supereffective|p2a: Krookodile\n|-damage|p2a: Krookodile|19\/100 psn\n|\n|-damage|p2a: Krookodile|7\/100 psn|[from] psn\n|upkeep\n|turn|16\n|\n|t:|1700055726\n|move|p2a: Krookodile|Fire Fang|p1a: Kingambit\n|-damage|p1a: Kingambit|79\/100 par\n|-enditem|p1a: Kingambit|Air Balloon\n|cant|p1a: Kingambit|par\n|\n|-damage|p2a: Krookodile|0 fnt|[from] psn\n|faint|p2a: Krookodile\n|upkeep\n|\n|t:|1700055736\n|switch|p2a: Garchomp|Garchomp, F|100\/100\n|-damage|p2a: Garchomp|94\/100|[from] Stealth Rock\n|-damage|p2a: Garchomp|78\/100|[from] Spikes\n|-status|p2a: Garchomp|psn\n|turn|17\n|\n|t:|1700055746\n|move|p2a: Garchomp|Swords Dance|p2a: Garchomp\n|-boost|p2a: Garchomp|atk|2\n|move|p1a: Kingambit|Iron Head|p2a: Garchomp\n|-damage|p2a: Garchomp|51\/100 psn\n|-damage|p1a: Kingambit|67\/100 par|[from] ability: Rough Skin|[of] p2a: Garchomp\n|\n|-damage|p2a: Garchomp|38\/100 psn|[from] psn\n|upkeep\n|turn|18\n|\n|t:|1700055755\n|move|p2a: Garchomp|Iron Head|p1a: Kingambit\n|-supereffective|p1a: Kingambit\n|-damage|p1a: Kingambit|0 fnt\n|faint|p1a: Kingambit\n|\n|-damage|p2a: Garchomp|26\/100 psn|[from] psn\n|upkeep\n|\n|t:|1700055762\n|switch|p1a: Garchomp|Garchomp, M, shiny|100\/100\n|-damage|p1a: Garchomp|94\/100|[from] Stealth Rock\n|turn|19\n|\n|t:|1700055771\n|move|p2a: Garchomp|Scale Shot|p1a: Garchomp\n|-supereffective|p1a: Garchomp\n|-damage|p1a: Garchomp|49\/100\n|-supereffective|p1a: Garchomp\n|-damage|p1a: Garchomp|8\/100\n|-supereffective|p1a: Garchomp\n|-damage|p1a: Garchomp|0 fnt\n|faint|p1a: Garchomp\n|-hitcount|p1: Garchomp|3\n|-unboost|p2a: Garchomp|def|1\n|-boost|p2a: Garchomp|spe|1\n|\n|-damage|p2a: Garchomp|14\/100 psn|[from] psn\n|upkeep\n|\n|t:|1700055782\n|switch|p1a: Regieleki|Regieleki, shiny|100\/100\n|-damage|p1a: Regieleki|88\/100|[from] Stealth Rock\n|turn|20\n|\n|t:|1700055787\n|move|p2a: Garchomp|Scale Shot|p1a: Regieleki\n|-damage|p1a: Regieleki|49\/100\n|-damage|p1a: Regieleki|6\/100\n|-damage|p1a: Regieleki|0 fnt\n|faint|p1a: Regieleki\n|-hitcount|p1: Regieleki|3\n|\n|win|Novalalexal\n|raw|Alexrandom16's rating: 1049 &rarr; <strong>1031<\/strong><br \/>(-18 for losing)\n|raw|Novalalexal's rating: 1042 &rarr; <strong>1076<\/strong><br \/>(+34 for winning)\n|l|\u2606Alexrandom16\n","uploadtime":1700055830,"views":13,"p1id":"alexrandom16","p2id":"novalalexal","formatid":"gen9anythinggoes","rating":1031,"private":0,"password":""}