{"id":"gen9anythinggoes-1978099644","p1":"Kamitami","p2":"AGisgood\u82cd\u54cd\u4fa0","format":"[Gen 9] Anything Goes","log":"|j|\u2606Kamitami\n|j|\u2606AGisgood\u82cd\u54cd\u4fa0\n|t:|1698499217\n|gametype|singles\n|player|p1|Kamitami|steven|1605\n|player|p2|AGisgood\u82cd\u54cd\u4fa0|cynthia-gen4|1735\n|teamsize|p1|6\n|teamsize|p2|6\n|gen|9\n|tier|[Gen 9] Anything Goes\n|rated|\n|rule|HP Percentage Mod: HP is shown in percentages\n|rule|Endless Battle Clause: Forcing endless battles is banned\n|clearpoke\n|poke|p1|Amoonguss, M|\n|poke|p1|Grimmsnarl, M|\n|poke|p1|Ditto|\n|poke|p1|Glalie, M|\n|poke|p1|Scovillain, M|\n|poke|p1|Miraidon|\n|poke|p2|Ribombee, F|\n|poke|p2|Calyrex-Shadow|\n|poke|p2|Arceus-Ground|\n|poke|p2|Arceus|\n|poke|p2|Kingambit, M|\n|poke|p2|Koraidon|\n|teampreview\n|inactive|Battle timer is ON: inactive players will automatically lose when time's up. (requested by AGisgood\u82cd\u54cd\u4fa0)\n|\n|t:|1698499230\n|start\n|switch|p1a: Scovillain|Scovillain, M|100\/100\n|switch|p2a: \u6545\u52d2\u987f\u4f60\u518d\u7a7a\u9cde\u5c04\u5c31\u6ca1\u6709\u5988\u5988|Koraidon|100\/100\n|-weather|SunnyDay|[from] ability: Orichalcum Pulse|[of] p2a: \u6545\u52d2\u987f\u4f60\u518d\u7a7a\u9cde\u5c04\u5c31\u6ca1\u6709\u5988\u5988\n|-activate|p2a: \u6545\u52d2\u987f\u4f60\u518d\u7a7a\u9cde\u5c04\u5c31\u6ca1\u6709\u5988\u5988|Orichalcum Pulse|[source]\n|turn|1\n|\n|t:|1698499240\n|move|p1a: Scovillain|Protect|p1a: Scovillain\n|-singleturn|p1a: Scovillain|Protect\n|move|p2a: \u6545\u52d2\u987f\u4f60\u518d\u7a7a\u9cde\u5c04\u5c31\u6ca1\u6709\u5988\u5988|Scale Shot|p1a: Scovillain\n|-activate|p1a: Scovillain|move: Protect\n|\n|-weather|SunnyDay|[upkeep]\n|-ability|p1a: Scovillain|Moody|boost\n|-boost|p1a: Scovillain|atk|2\n|-unboost|p1a: Scovillain|def|1\n|upkeep\n|turn|2\n|\n|t:|1698499258\n|switch|p1a: Grimmsnarl|Grimmsnarl, M|100\/100\n|move|p2a: \u6545\u52d2\u987f\u4f60\u518d\u7a7a\u9cde\u5c04\u5c31\u6ca1\u6709\u5988\u5988|Scale Shot|p1a: Grimmsnarl\n|-immune|p1a: Grimmsnarl\n|\n|-weather|SunnyDay|[upkeep]\n|upkeep\n|turn|3\n|\n|t:|1698499265\n|switch|p2a: Kingambit|Kingambit, M|100\/100\n|move|p1a: Grimmsnarl|Reflect|p1a: Grimmsnarl\n|-sidestart|p1: Kamitami|Reflect\n|\n|-weather|SunnyDay|[upkeep]\n|upkeep\n|turn|4\n|\n|t:|1698499274\n|switch|p1a: Amoonguss|Amoonguss, M|100\/100\n|move|p2a: Kingambit|Swords Dance|p2a: Kingambit\n|-boost|p2a: Kingambit|atk|2\n|\n|-weather|SunnyDay|[upkeep]\n|upkeep\n|turn|5\n|\n|t:|1698499284\n|switch|p1a: Scovillain|Scovillain, M|100\/100\n|move|p2a: Kingambit|Kowtow Cleave|p1a: Scovillain\n|-damage|p1a: Scovillain|14\/100\n|\n|-weather|none\n|-heal|p1a: Scovillain|20\/100|[from] item: Leftovers\n|-ability|p1a: Scovillain|Moody|boost\n|-boost|p1a: Scovillain|spd|2\n|-unboost|p1a: Scovillain|def|1\n|upkeep\n|turn|6\n|\n|t:|1698499295\n|move|p1a: Scovillain|Protect|p1a: Scovillain\n|-singleturn|p1a: Scovillain|Protect\n|move|p2a: Kingambit|Swords Dance|p2a: Kingambit\n|-boost|p2a: Kingambit|atk|2\n|\n|-heal|p1a: Scovillain|26\/100|[from] item: Leftovers\n|-ability|p1a: Scovillain|Moody|boost\n|-boost|p1a: Scovillain|spa|2\n|-unboost|p1a: Scovillain|atk|1\n|upkeep\n|turn|7\n|\n|t:|1698499305\n|move|p1a: Scovillain|Substitute|p1a: Scovillain\n|-start|p1a: Scovillain|Substitute\n|-damage|p1a: Scovillain|1\/100\n|move|p2a: Kingambit|Kowtow Cleave|p1a: Scovillain\n|-end|p1a: Scovillain|Substitute\n|\n|-heal|p1a: Scovillain|7\/100|[from] item: Leftovers\n|-ability|p1a: Scovillain|Moody|boost\n|-boost|p1a: Scovillain|spd|2\n|-unboost|p1a: Scovillain|spa|1\n|upkeep\n|turn|8\n|\n|t:|1698499317\n|move|p1a: Scovillain|Flamethrower|p2a: Kingambit\n|-supereffective|p2a: Kingambit\n|-crit|p2a: Kingambit\n|-damage|p2a: Kingambit|0 fnt\n|faint|p2a: Kingambit\n|-end|p2a: Kingambit|fallenundefined|[silent]\n|\n|-heal|p1a: Scovillain|14\/100|[from] item: Leftovers\n|-ability|p1a: Scovillain|Moody|boost\n|-boost|p1a: Scovillain|spa|2\n|-unboost|p1a: Scovillain|def|1\n|upkeep\n|\n|t:|1698499327\n|switch|p2a: \u6545\u52d2\u987f\u4f60\u518d\u7a7a\u9cde\u5c04\u5c31\u6ca1\u6709\u5988\u5988|Koraidon|100\/100\n|-weather|SunnyDay|[from] ability: Orichalcum Pulse|[of] p2a: \u6545\u52d2\u987f\u4f60\u518d\u7a7a\u9cde\u5c04\u5c31\u6ca1\u6709\u5988\u5988\n|-activate|p2a: \u6545\u52d2\u987f\u4f60\u518d\u7a7a\u9cde\u5c04\u5c31\u6ca1\u6709\u5988\u5988|Orichalcum Pulse|[source]\n|turn|9\n|\n|t:|1698499335\n|move|p1a: Scovillain|Protect|p1a: Scovillain\n|-singleturn|p1a: Scovillain|Protect\n|move|p2a: \u6545\u52d2\u987f\u4f60\u518d\u7a7a\u9cde\u5c04\u5c31\u6ca1\u6709\u5988\u5988|Swords Dance|p2a: \u6545\u52d2\u987f\u4f60\u518d\u7a7a\u9cde\u5c04\u5c31\u6ca1\u6709\u5988\u5988\n|-boost|p2a: \u6545\u52d2\u987f\u4f60\u518d\u7a7a\u9cde\u5c04\u5c31\u6ca1\u6709\u5988\u5988|atk|2\n|\n|-weather|SunnyDay|[upkeep]\n|-heal|p1a: Scovillain|20\/100|[from] item: Leftovers\n|-ability|p1a: Scovillain|Moody|boost\n|-boost|p1a: Scovillain|atk|2\n|-unboost|p1a: Scovillain|spe|1\n|upkeep\n|turn|10\n|\n|t:|1698499346\n|move|p2a: \u6545\u52d2\u987f\u4f60\u518d\u7a7a\u9cde\u5c04\u5c31\u6ca1\u6709\u5988\u5988|Swords Dance|p2a: \u6545\u52d2\u987f\u4f60\u518d\u7a7a\u9cde\u5c04\u5c31\u6ca1\u6709\u5988\u5988\n|-boost|p2a: \u6545\u52d2\u987f\u4f60\u518d\u7a7a\u9cde\u5c04\u5c31\u6ca1\u6709\u5988\u5988|atk|2\n|move|p1a: Scovillain|Flamethrower|p2a: \u6545\u52d2\u987f\u4f60\u518d\u7a7a\u9cde\u5c04\u5c31\u6ca1\u6709\u5988\u5988\n|-resisted|p2a: \u6545\u52d2\u987f\u4f60\u518d\u7a7a\u9cde\u5c04\u5c31\u6ca1\u6709\u5988\u5988\n|-damage|p2a: \u6545\u52d2\u987f\u4f60\u518d\u7a7a\u9cde\u5c04\u5c31\u6ca1\u6709\u5988\u5988|27\/100\n|\n|-weather|SunnyDay|[upkeep]\n|-heal|p1a: Scovillain|26\/100|[from] item: Leftovers\n|-sideend|p1: Kamitami|Reflect\n|-ability|p1a: Scovillain|Moody|boost\n|-boost|p1a: Scovillain|atk|2\n|-unboost|p1a: Scovillain|spe|1\n|upkeep\n|turn|11\n|l|\u2606AGisgood\u82cd\u54cd\u4fa0\n|inactive|AGisgood\u82cd\u54cd\u4fa0 disconnected and has a minute to reconnect!\n|player|p2|\n|inactive|AGisgood\u82cd\u54cd\u4fa0 has 30 seconds to reconnect!\n|inactive|AGisgood\u82cd\u54cd\u4fa0 has 20 seconds to reconnect!\n|j| Araceli_2.0\n|inactive|AGisgood\u82cd\u54cd\u4fa0 has 15 seconds to reconnect!\n|inactive|AGisgood\u82cd\u54cd\u4fa0 has 10 seconds to reconnect!\n|inactive|AGisgood\u82cd\u54cd\u4fa0 has 5 seconds to reconnect!\n|-message|AGisgood\u82cd\u54cd\u4fa0 lost due to inactivity.\n|\n|win|Kamitami\n|raw|Kamitami's rating: 1605 &rarr; <strong>1632<\/strong><br \/>(+27 for winning)\n|raw|AGisgood\u82cd\u54cd\u4fa0's rating: 1735 &rarr; <strong>1708<\/strong><br \/>(-27 for losing)\n|l|\u2606Kamitami\n","uploadtime":1698499430,"views":10,"p1id":"kamitami","p2id":"agisgood","formatid":"gen9anythinggoes","rating":1632,"private":0,"password":""}