{"id":"gen9anythinggoes-1983672539","p1":"NoSoyJhon","p2":"drop a draco nice","format":"[Gen 9] Anything Goes","log":"|j|\u2606NoSoyJhon\n|j|\u2606drop a draco nice\n|t:|1699157126\n|gametype|singles\n|player|p1|NoSoyJhon|gambler|1278\n|player|p2|drop a draco nice|cynthia-gen4|1263\n|teamsize|p1|6\n|teamsize|p2|6\n|gen|9\n|tier|[Gen 9] Anything Goes\n|rated|\n|rule|HP Percentage Mod: HP is shown in percentages\n|rule|Endless Battle Clause: Forcing endless battles is banned\n|clearpoke\n|poke|p1|Eiscue, F|\n|poke|p1|Iron Bundle|\n|poke|p1|Cloyster, M|\n|poke|p1|Ninetales-Alola, F|\n|poke|p1|Sandslash-Alola, F|\n|poke|p1|Abomasnow, M|\n|poke|p2|Kyogre|\n|poke|p2|Calyrex-Shadow|\n|poke|p2|Regieleki|\n|poke|p2|Zacian-*|\n|poke|p2|Darkrai|\n|poke|p2|Ribombee, M|\n|teampreview\n|inactive|Battle timer is ON: inactive players will automatically lose when time's up. (requested by drop a draco nice)\n|\n|t:|1699157134\n|start\n|switch|p1a: Ninetales|Ninetales-Alola, F|100\/100\n|switch|p2a: Regieleki|Regieleki|100\/100\n|-weather|Snow|[from] ability: Snow Warning|[of] p1a: Ninetales\n|turn|1\n|\n|t:|1699157145\n|move|p2a: Regieleki|Light Screen|p2a: Regieleki\n|-sidestart|p2: drop a draco nice|move: Light Screen\n|move|p1a: Ninetales|Agility|p1a: Ninetales\n|-boost|p1a: Ninetales|spe|2\n|\n|-weather|Snow|[upkeep]\n|upkeep\n|turn|2\n|\n|t:|1699157152\n|move|p1a: Ninetales|Baton Pass|p1a: Ninetales\n|\n|t:|1699157155\n|switch|p1a: Eiscue|Eiscue, F|100\/100|[from] Baton Pass\n|move|p2a: Regieleki|Reflect|p2a: Regieleki\n|-sidestart|p2: drop a draco nice|Reflect\n|\n|-weather|Snow|[upkeep]\n|upkeep\n|turn|3\n|\n|t:|1699157164\n|move|p2a: Regieleki|Rapid Spin|p1a: Eiscue\n|-activate|p1a: Eiscue|ability: Ice Face\n|-damage|p1a: Eiscue|100\/100\n|-boost|p2a: Regieleki|spe|1\n|detailschange|p1a: Eiscue|Eiscue-Noice, F\n|move|p1a: Eiscue|Substitute|p1a: Eiscue\n|-start|p1a: Eiscue|Substitute\n|-damage|p1a: Eiscue|76\/100\n|\n|-weather|Snow|[upkeep]\n|upkeep\n|turn|4\n|\n|t:|1699157178\n|switch|p2a: Ribombee|Ribombee, M|100\/100\n|move|p1a: Eiscue|Belly Drum|p1a: Eiscue\n|-damage|p1a: Eiscue|26\/100\n|-setboost|p1a: Eiscue|atk|6|[from] move: Belly Drum\n|\n|-weather|Snow|[upkeep]\n|upkeep\n|turn|5\n|\n|t:|1699157186\n|move|p1a: Eiscue|Icicle Spear|p2a: Ribombee\n|-damage|p2a: Ribombee|72\/100\n|-damage|p2a: Ribombee|44\/100\n|-damage|p2a: Ribombee|19\/100\n|-damage|p2a: Ribombee|0 fnt\n|faint|p2a: Ribombee\n|-hitcount|p2: Ribombee|4\n|\n|-weather|none\n|-sideend|p2: drop a draco nice|move: Light Screen\n|upkeep\n|\n|t:|1699157196\n|switch|p2a: Kyogre|Kyogre, shiny|100\/100\n|-weather|RainDance|[from] ability: Drizzle|[of] p2a: Kyogre\n|turn|6\n|\n|t:|1699157202\n|move|p1a: Eiscue|Reversal|p2a: Kyogre\n|-crit|p2a: Kyogre\n|-damage|p2a: Kyogre|0 fnt\n|faint|p2a: Kyogre\n|\n|-weather|RainDance|[upkeep]\n|-sideend|p2: drop a draco nice|Reflect\n|upkeep\n|\n|t:|1699157215\n|switch|p2a: Regieleki|Regieleki|100\/100\n|turn|7\n|\n|t:|1699157221\n|move|p1a: Eiscue|Icicle Spear|p2a: Regieleki\n|-damage|p2a: Regieleki|21\/100\n|-damage|p2a: Regieleki|0 fnt\n|faint|p2a: Regieleki\n|-hitcount|p2: Regieleki|2\n|\n|-weather|RainDance|[upkeep]\n|upkeep\n|-message|drop a draco nice forfeited.\n|\n|win|NoSoyJhon\n|raw|NoSoyJhon's rating: 1278 &rarr; <strong>1302<\/strong><br \/>(+24 for winning)\n|raw|drop a draco nice's rating: 1263 &rarr; <strong>1239<\/strong><br \/>(-24 for losing)\n|l|\u2606drop a draco nice\n","uploadtime":1699157233,"views":17,"p1id":"nosoyjhon","p2id":"dropadraconice","formatid":"gen9anythinggoes","rating":1239,"private":0,"password":""}