{"id":"gen9anythinggoes-1972325523","p1":"PurpleGenocideFish","p2":"Ygorplay321","format":"[Gen 9] Anything Goes","log":"|j|\u2606PurpleGenocideFish\n|j|\u2606Ygorplay321\n|t:|1697831552\n|gametype|singles\n|player|p1|PurpleGenocideFish|zinzolin|1236\n|player|p2|Ygorplay321|brock|1138\n|teamsize|p1|6\n|teamsize|p2|6\n|gen|9\n|tier|[Gen 9] Anything Goes\n|rated|\n|rule|HP Percentage Mod: HP is shown in percentages\n|rule|Endless Battle Clause: Forcing endless battles is banned\n|clearpoke\n|poke|p1|Glimmora, M|\n|poke|p1|Garchomp, F|\n|poke|p1|Swalot, M|\n|poke|p1|Toxicroak, M|\n|poke|p1|Charizard, M|\n|poke|p1|Annihilape, M|\n|poke|p2|Salazzle, F|\n|poke|p2|Sawsbuck-Winter, M|\n|poke|p2|Girafarig, F|\n|poke|p2|Gholdengo|\n|poke|p2|Weezing-Galar, M|\n|poke|p2|Umbreon, M|\n|teampreview\n|\n|t:|1697831565\n|start\n|switch|p1a: Grumm|Glimmora, M|100\/100\n|switch|p2a: Salazzle|Salazzle, F|100\/100\n|turn|1\n|\n|t:|1697831577\n|move|p2a: Salazzle|Toxic|p1a: Grumm\n|-status|p1a: Grumm|tox\n|move|p1a: Grumm|Stealth Rock|p2a: Salazzle\n|-sidestart|p2: Ygorplay321|move: Stealth Rock\n|\n|-damage|p1a: Grumm|94\/100 tox|[from] psn\n|upkeep\n|turn|2\n|\n|t:|1697831587\n|move|p2a: Salazzle|Flamethrower|p1a: Grumm\n|-resisted|p1a: Grumm\n|-damage|p1a: Grumm|72\/100 tox\n|move|p1a: Grumm|Spikes|p2a: Salazzle\n|-sidestart|p2: Ygorplay321|Spikes\n|\n|-damage|p1a: Grumm|59\/100 tox|[from] psn\n|upkeep\n|turn|3\n|\n|t:|1697831595\n|switch|p2a: Weezing|Weezing-Galar, M|100\/100\n|-ability|p2a: Weezing|Neutralizing Gas\n|-damage|p2a: Weezing|88\/100|[from] Stealth Rock\n|-damage|p2a: Weezing|76\/100|[from] Spikes\n|move|p1a: Grumm|Spikes|p2a: Weezing\n|-sidestart|p2: Ygorplay321|Spikes\n|\n|-heal|p2a: Weezing|82\/100|[from] item: Black Sludge\n|-damage|p1a: Grumm|41\/100 tox|[from] psn\n|upkeep\n|turn|4\n|\n|t:|1697831611\n|move|p1a: Grumm|Spikes|p2a: Weezing\n|-sidestart|p2: Ygorplay321|Spikes\n|move|p2a: Weezing|Strange Steam|p1a: Grumm\n|-resisted|p1a: Grumm\n|-damage|p1a: Grumm|18\/100 tox\n|\n|-heal|p2a: Weezing|88\/100|[from] item: Black Sludge\n|-damage|p1a: Grumm|0 fnt|[from] psn\n|faint|p1a: Grumm\n|upkeep\n|\n|t:|1697831630\n|switch|p1a: OverratedLizard|Charizard, M|100\/100\n|turn|5\n|\n|t:|1697831635\n|move|p1a: OverratedLizard|Ancient Power|p2a: Weezing\n|-damage|p2a: Weezing|62\/100\n|move|p2a: Weezing|Toxic|p1a: OverratedLizard\n|-status|p1a: OverratedLizard|tox\n|\n|-heal|p2a: Weezing|68\/100|[from] item: Black Sludge\n|-damage|p1a: OverratedLizard|94\/100 tox|[from] psn\n|upkeep\n|turn|6\n|c|\u2606Ygorplay321|You're right\n|\n|t:|1697831659\n|move|p1a: OverratedLizard|Flamethrower|p2a: Weezing\n|-damage|p2a: Weezing|14\/100\n|move|p2a: Weezing|Sludge Bomb|p1a: OverratedLizard\n|-damage|p1a: OverratedLizard|46\/100 tox\n|\n|-heal|p2a: Weezing|20\/100|[from] item: Black Sludge\n|-damage|p1a: OverratedLizard|33\/100 tox|[from] psn\n|upkeep\n|turn|7\n|\n|t:|1697831669\n|-end|p2a: Weezing|ability: Neutralizing Gas\n|switch|p2a: Girafarig|Girafarig, F|100\/100\n|-damage|p2a: Girafarig|88\/100|[from] Stealth Rock\n|-damage|p2a: Girafarig|63\/100|[from] Spikes\n|move|p1a: OverratedLizard|Ancient Power|p2a: Girafarig\n|-damage|p2a: Girafarig|42\/100\n|\n|-damage|p1a: OverratedLizard|15\/100 tox|[from] psn\n|upkeep\n|turn|8\n|\n|t:|1697831679\n|move|p1a: OverratedLizard|Flamethrower|p2a: Girafarig\n|-damage|p2a: Girafarig|0 fnt\n|faint|p2a: Girafarig\n|\n|-damage|p1a: OverratedLizard|0 fnt|[from] psn\n|faint|p1a: OverratedLizard\n|upkeep\n|\n|t:|1697831692\n|switch|p1a: Sarah|Garchomp, F|100\/100\n|switch|p2a: Gholdengo|Gholdengo|100\/100\n|-damage|p2a: Gholdengo|94\/100|[from] Stealth Rock\n|-damage|p2a: Gholdengo|70\/100|[from] Spikes\n|turn|9\n|\n|t:|1697831702\n|move|p1a: Sarah|Crunch|p2a: Gholdengo\n|-supereffective|p2a: Gholdengo\n|-damage|p2a: Gholdengo|9\/100\n|move|p2a: Gholdengo|Dazzling Gleam|p1a: Sarah\n|-supereffective|p1a: Sarah\n|-damage|p1a: Sarah|39\/100\n|\n|upkeep\n|turn|10\n|\n|t:|1697831709\n|move|p1a: Sarah|Crunch|p2a: Gholdengo\n|-supereffective|p2a: Gholdengo\n|-damage|p2a: Gholdengo|0 fnt\n|faint|p2a: Gholdengo\n|\n|upkeep\n|\n|t:|1697831715\n|switch|p2a: Umbreon|Umbreon, M|100\/100\n|-damage|p2a: Umbreon|88\/100|[from] Stealth Rock\n|-damage|p2a: Umbreon|63\/100|[from] Spikes\n|turn|11\n|\n|t:|1697831722\n|-terastallize|p2a: Umbreon|Fairy\n|move|p1a: Sarah|Stone Edge|p2a: Umbreon\n|-crit|p2a: Umbreon\n|-damage|p2a: Umbreon|30\/100\n|move|p2a: Umbreon|Calm Mind|p2a: Umbreon\n|-boost|p2a: Umbreon|spa|1\n|-boost|p2a: Umbreon|spd|1\n|\n|-heal|p2a: Umbreon|36\/100|[from] item: Leftovers\n|upkeep\n|turn|12\n|\n|t:|1697831731\n|move|p2a: Umbreon|Protect|p2a: Umbreon\n|-singleturn|p2a: Umbreon|Protect\n|move|p1a: Sarah|Earthquake|p2a: Umbreon\n|-activate|p2a: Umbreon|move: Protect\n|\n|-heal|p2a: Umbreon|42\/100|[from] item: Leftovers\n|upkeep\n|turn|13\n|\n|t:|1697831740\n|move|p1a: Sarah|Earthquake|p2a: Umbreon\n|-damage|p2a: Umbreon|8\/100\n|move|p2a: Umbreon|Moonlight|p2a: Umbreon\n|-heal|p2a: Umbreon|58\/100\n|\n|-heal|p2a: Umbreon|64\/100|[from] item: Leftovers\n|upkeep\n|turn|14\n|\n|t:|1697831747\n|move|p2a: Umbreon|Protect|p2a: Umbreon\n|-singleturn|p2a: Umbreon|Protect\n|move|p1a: Sarah|Dragon Claw|p2a: Umbreon\n|-activate|p2a: Umbreon|move: Protect\n|\n|-heal|p2a: Umbreon|71\/100|[from] item: Leftovers\n|upkeep\n|turn|15\n|\n|t:|1697831761\n|move|p1a: Sarah|Earthquake|p2a: Umbreon\n|-damage|p2a: Umbreon|38\/100\n|move|p2a: Umbreon|Dark Pulse|p1a: Sarah\n|-damage|p1a: Sarah|11\/100\n|\n|-heal|p2a: Umbreon|44\/100|[from] item: Leftovers\n|upkeep\n|turn|16\n|\n|t:|1697831768\n|move|p1a: Sarah|Earthquake|p2a: Umbreon\n|-damage|p2a: Umbreon|11\/100\n|move|p2a: Umbreon|Moonlight|p2a: Umbreon\n|-heal|p2a: Umbreon|61\/100\n|\n|-heal|p2a: Umbreon|67\/100|[from] item: Leftovers\n|upkeep\n|turn|17\n|\n|t:|1697831775\n|move|p2a: Umbreon|Protect|p2a: Umbreon\n|-singleturn|p2a: Umbreon|Protect\n|move|p1a: Sarah|Earthquake|p2a: Umbreon\n|-activate|p2a: Umbreon|move: Protect\n|\n|-heal|p2a: Umbreon|73\/100|[from] item: Leftovers\n|upkeep\n|turn|18\n|\n|t:|1697831782\n|move|p1a: Sarah|Earthquake|p2a: Umbreon\n|-crit|p2a: Umbreon\n|-damage|p2a: Umbreon|30\/100\n|move|p2a: Umbreon|Dark Pulse|p1a: Sarah\n|-damage|p1a: Sarah|0 fnt\n|faint|p1a: Sarah\n|\n|-heal|p2a: Umbreon|36\/100|[from] item: Leftovers\n|upkeep\n|\n|t:|1697831786\n|switch|p1a: VillainKermit|Toxicroak, M|100\/100\n|turn|19\n|\n|t:|1697831794\n|-terastallize|p1a: VillainKermit|Fighting\n|move|p2a: Umbreon|Protect|p2a: Umbreon\n|-singleturn|p2a: Umbreon|Protect\n|move|p1a: VillainKermit|Focus Blast|p2a: Umbreon\n|-activate|p2a: Umbreon|move: Protect\n|\n|-heal|p2a: Umbreon|42\/100|[from] item: Leftovers\n|upkeep\n|turn|20\n|\n|t:|1697831802\n|move|p1a: VillainKermit|Focus Blast|p2a: Umbreon\n|-resisted|p2a: Umbreon\n|-damage|p2a: Umbreon|28\/100\n|move|p2a: Umbreon|Moonlight|p2a: Umbreon\n|-heal|p2a: Umbreon|78\/100\n|\n|-heal|p2a: Umbreon|84\/100|[from] item: Leftovers\n|upkeep\n|turn|21\n|\n|t:|1697831811\n|move|p1a: VillainKermit|Rain Dance|p1a: VillainKermit\n|-weather|RainDance\n|move|p2a: Umbreon|Calm Mind|p2a: Umbreon\n|-boost|p2a: Umbreon|spa|1\n|-boost|p2a: Umbreon|spd|1\n|\n|-weather|RainDance|[upkeep]\n|-heal|p2a: Umbreon|90\/100|[from] item: Leftovers\n|upkeep\n|turn|22\n|\n|t:|1697831821\n|switch|p1a: InsertBadJokeHere|Swalot, M|100\/100\n|move|p2a: Umbreon|Calm Mind|p2a: Umbreon\n|-boost|p2a: Umbreon|spa|1\n|-boost|p2a: Umbreon|spd|1\n|\n|-weather|RainDance|[upkeep]\n|-heal|p2a: Umbreon|96\/100|[from] item: Leftovers\n|upkeep\n|turn|23\n|\n|t:|1697831834\n|move|p2a: Umbreon|Calm Mind|p2a: Umbreon\n|-boost|p2a: Umbreon|spa|1\n|-boost|p2a: Umbreon|spd|1\n|move|p1a: InsertBadJokeHere|Acid Armor|p1a: InsertBadJokeHere\n|-boost|p1a: InsertBadJokeHere|def|2\n|\n|-weather|RainDance|[upkeep]\n|-heal|p2a: Umbreon|100\/100|[from] item: Leftovers\n|upkeep\n|turn|24\n|\n|t:|1697831841\n|move|p2a: Umbreon|Calm Mind|p2a: Umbreon\n|-boost|p2a: Umbreon|spa|1\n|-boost|p2a: Umbreon|spd|1\n|move|p1a: InsertBadJokeHere|Acid Armor|p1a: InsertBadJokeHere\n|-boost|p1a: InsertBadJokeHere|def|2\n|\n|-weather|RainDance|[upkeep]\n|upkeep\n|turn|25\n|\n|t:|1697831848\n|move|p2a: Umbreon|Calm Mind|p2a: Umbreon\n|-boost|p2a: Umbreon|spa|1\n|-boost|p2a: Umbreon|spd|1\n|move|p1a: InsertBadJokeHere|Clear Smog|p2a: Umbreon\n|-supereffective|p2a: Umbreon\n|-damage|p2a: Umbreon|95\/100\n|-clearboost|p2a: Umbreon\n|\n|-weather|none\n|-heal|p2a: Umbreon|100\/100|[from] item: Leftovers\n|upkeep\n|turn|26\n|\n|t:|1697831857\n|move|p2a: Umbreon|Dark Pulse|p1a: InsertBadJokeHere\n|-damage|p1a: InsertBadJokeHere|83\/100\n|move|p1a: InsertBadJokeHere|Acid Armor|p1a: InsertBadJokeHere\n|-boost|p1a: InsertBadJokeHere|def|2\n|\n|upkeep\n|turn|27\n|\n|t:|1697831863\n|move|p2a: Umbreon|Dark Pulse|p1a: InsertBadJokeHere\n|-damage|p1a: InsertBadJokeHere|66\/100\n|move|p1a: InsertBadJokeHere|Body Press|p2a: Umbreon\n|-resisted|p2a: Umbreon\n|-damage|p2a: Umbreon|76\/100\n|\n|-heal|p2a: Umbreon|82\/100|[from] item: Leftovers\n|upkeep\n|turn|28\n|\n|t:|1697831873\n|move|p2a: Umbreon|Dark Pulse|p1a: InsertBadJokeHere\n|-damage|p1a: InsertBadJokeHere|49\/100\n|-enditem|p1a: InsertBadJokeHere|Sitrus Berry|[eat]\n|-heal|p1a: InsertBadJokeHere|74\/100|[from] item: Sitrus Berry\n|move|p1a: InsertBadJokeHere|Body Press|p2a: Umbreon\n|-resisted|p2a: Umbreon\n|-damage|p2a: Umbreon|56\/100\n|\n|-heal|p2a: Umbreon|62\/100|[from] item: Leftovers\n|upkeep\n|turn|29\n|\n|t:|1697831882\n|move|p2a: Umbreon|Calm Mind|p2a: Umbreon\n|-boost|p2a: Umbreon|spa|1\n|-boost|p2a: Umbreon|spd|1\n|move|p1a: InsertBadJokeHere|Body Press|p2a: Umbreon\n|-resisted|p2a: Umbreon\n|-damage|p2a: Umbreon|35\/100\n|\n|-heal|p2a: Umbreon|41\/100|[from] item: Leftovers\n|upkeep\n|turn|30\n|\n|t:|1697831889\n|move|p2a: Umbreon|Dark Pulse|p1a: InsertBadJokeHere\n|-damage|p1a: InsertBadJokeHere|45\/100\n|move|p1a: InsertBadJokeHere|Body Press|p2a: Umbreon\n|-resisted|p2a: Umbreon\n|-damage|p2a: Umbreon|16\/100\n|\n|-heal|p2a: Umbreon|22\/100|[from] item: Leftovers\n|upkeep\n|turn|31\n|\n|t:|1697831897\n|move|p2a: Umbreon|Moonlight|p2a: Umbreon\n|-heal|p2a: Umbreon|72\/100\n|move|p1a: InsertBadJokeHere|Body Press|p2a: Umbreon\n|-resisted|p2a: Umbreon\n|-damage|p2a: Umbreon|47\/100\n|\n|-heal|p2a: Umbreon|53\/100|[from] item: Leftovers\n|upkeep\n|turn|32\n|\n|t:|1697831905\n|move|p2a: Umbreon|Dark Pulse|p1a: InsertBadJokeHere\n|-damage|p1a: InsertBadJokeHere|16\/100\n|move|p1a: InsertBadJokeHere|Body Press|p2a: Umbreon\n|-resisted|p2a: Umbreon\n|-damage|p2a: Umbreon|29\/100\n|\n|-heal|p2a: Umbreon|35\/100|[from] item: Leftovers\n|upkeep\n|turn|33\n|\n|t:|1697831913\n|move|p2a: Umbreon|Moonlight|p2a: Umbreon\n|-heal|p2a: Umbreon|85\/100\n|move|p1a: InsertBadJokeHere|Body Press|p2a: Umbreon\n|-resisted|p2a: Umbreon\n|-damage|p2a: Umbreon|56\/100\n|\n|-heal|p2a: Umbreon|62\/100|[from] item: Leftovers\n|upkeep\n|turn|34\n|\n|t:|1697831921\n|move|p2a: Umbreon|Dark Pulse|p1a: InsertBadJokeHere\n|-damage|p1a: InsertBadJokeHere|0 fnt\n|faint|p1a: InsertBadJokeHere\n|\n|-heal|p2a: Umbreon|69\/100|[from] item: Leftovers\n|upkeep\n|\n|t:|1697831924\n|switch|p1a: Mon key|Annihilape, M|100\/100\n|turn|35\n|\n|t:|1697831931\n|move|p1a: Mon key|Rage Fist|p2a: Umbreon\n|-damage|p2a: Umbreon|52\/100\n|move|p2a: Umbreon|Calm Mind|p2a: Umbreon\n|-boost|p2a: Umbreon|spa|1\n|-boost|p2a: Umbreon|spd|1\n|\n|-heal|p2a: Umbreon|58\/100|[from] item: Leftovers\n|upkeep\n|turn|36\n|\n|t:|1697831938\n|move|p1a: Mon key|Shadow Punch|p2a: Umbreon\n|-damage|p2a: Umbreon|38\/100\n|move|p2a: Umbreon|Calm Mind|p2a: Umbreon\n|-boost|p2a: Umbreon|spa|1\n|-boost|p2a: Umbreon|spd|1\n|\n|-heal|p2a: Umbreon|44\/100|[from] item: Leftovers\n|upkeep\n|turn|37\n|\n|t:|1697831945\n|move|p1a: Mon key|Shadow Punch|p2a: Umbreon\n|-damage|p2a: Umbreon|23\/100\n|move|p2a: Umbreon|Dark Pulse|p1a: Mon key\n|-damage|p1a: Mon key|56\/100\n|\n|-heal|p2a: Umbreon|29\/100|[from] item: Leftovers\n|upkeep\n|turn|38\n|\n|t:|1697831952\n|move|p1a: Mon key|Rage Fist|p2a: Umbreon\n|-damage|p2a: Umbreon|0 fnt\n|faint|p2a: Umbreon\n|\n|upkeep\n|\n|t:|1697831959\n|switch|p2a: Sawsbuck|Sawsbuck-Winter, M|100\/100\n|-damage|p2a: Sawsbuck|88\/100|[from] Stealth Rock\n|-damage|p2a: Sawsbuck|63\/100|[from] Spikes\n|turn|39\n|\n|t:|1697832017\n|move|p2a: Sawsbuck|Leech Seed|p1a: Mon key\n|-start|p1a: Mon key|move: Leech Seed\n|move|p1a: Mon key|Rage Fist|p2a: Sawsbuck\n|-immune|p2a: Sawsbuck\n|\n|-heal|p2a: Sawsbuck|69\/100|[from] item: Leftovers\n|-damage|p1a: Mon key|43\/100|[from] Leech Seed|[of] p2a: Sawsbuck\n|-heal|p2a: Sawsbuck|84\/100|[silent]\n|upkeep\n|turn|40\n|\n|t:|1697832028\n|move|p2a: Sawsbuck|Seed Bomb|p1a: Mon key\n|-damage|p1a: Mon key|7\/100\n|move|p1a: Mon key|Drain Punch|p2a: Sawsbuck\n|-supereffective|p2a: Sawsbuck\n|-damage|p2a: Sawsbuck|0 fnt\n|-heal|p1a: Mon key|41\/100|[from] drain|[of] p2a: Sawsbuck\n|faint|p2a: Sawsbuck\n|\n|upkeep\n|\n|t:|1697832038\n|switch|p2a: Weezing|Weezing-Galar, M|20\/100\n|-ability|p2a: Weezing|Neutralizing Gas\n|-damage|p2a: Weezing|8\/100|[from] Stealth Rock\n|-damage|p2a: Weezing|0 fnt|[from] Spikes\n|faint|p2a: Weezing\n|-end|p2a: Weezing|ability: Neutralizing Gas\n|\n|t:|1697832046\n|switch|p2a: Salazzle|Salazzle, F|100\/100\n|-damage|p2a: Salazzle|76\/100|[from] Stealth Rock\n|-damage|p2a: Salazzle|51\/100|[from] Spikes\n|turn|41\n|\n|t:|1697832055\n|move|p2a: Salazzle|Flamethrower|p1a: Mon key\n|-damage|p1a: Mon key|0 fnt\n|faint|p1a: Mon key\n|\n|-heal|p2a: Salazzle|57\/100|[from] item: Black Sludge\n|upkeep\n|\n|t:|1697832058\n|switch|p1a: VillainKermit|Toxicroak, M, tera:Fighting|100\/100\n|turn|42\n|\n|t:|1697832062\n|move|p2a: Salazzle|Toxic|p1a: VillainKermit\n|-status|p1a: VillainKermit|tox\n|move|p1a: VillainKermit|Chilling Water|p2a: Salazzle\n|-supereffective|p2a: Salazzle\n|-damage|p2a: Salazzle|11\/100\n|-unboost|p2a: Salazzle|atk|1\n|\n|-heal|p2a: Salazzle|17\/100|[from] item: Black Sludge\n|-damage|p1a: VillainKermit|94\/100 tox|[from] psn\n|upkeep\n|turn|43\n|\n|t:|1697832078\n|move|p2a: Salazzle|Sludge Bomb|p1a: VillainKermit\n|-damage|p1a: VillainKermit|24\/100 tox\n|move|p1a: VillainKermit|Chilling Water|p2a: Salazzle\n|-supereffective|p2a: Salazzle\n|-damage|p2a: Salazzle|0 fnt\n|faint|p2a: Salazzle\n|\n|win|PurpleGenocideFish\n|raw|PurpleGenocideFish's rating: 1236 &rarr; <strong>1254<\/strong><br \/>(+18 for winning)\n|raw|Ygorplay321's rating: 1138 &rarr; <strong>1120<\/strong><br \/>(-18 for losing)\n|c|\u2606Ygorplay321|gg\n","uploadtime":1697832086,"views":11,"p1id":"purplegenocidefish","p2id":"ygorplay321","formatid":"gen9anythinggoes","rating":1120,"private":0,"password":""}