{"id":"gen9anythinggoes-1975496622","p1":"dixiedogdog","p2":"Fig Jam n Crepes","format":"[Gen 9] Anything Goes","log":"|j|\u2606dixiedogdog\n|j|\u2606Fig Jam n Crepes\n|t:|1698197604\n|gametype|singles\n|player|p1|dixiedogdog|266|1229\n|player|p2|Fig Jam n Crepes|youngn|1333\n|teamsize|p1|6\n|teamsize|p2|6\n|gen|9\n|tier|[Gen 9] Anything Goes\n|rated|\n|rule|HP Percentage Mod: HP is shown in percentages\n|rule|Endless Battle Clause: Forcing endless battles is banned\n|clearpoke\n|poke|p1|Dragonite, M|\n|poke|p1|Calyrex-Ice|\n|poke|p1|Zacian-*|\n|poke|p1|Arceus|\n|poke|p1|Iron Bundle|\n|poke|p1|Garchomp, M|\n|poke|p2|Morpeko, F|\n|poke|p2|Morpeko, M|\n|poke|p2|Morpeko, M|\n|poke|p2|Morpeko, F|\n|poke|p2|Morpeko, F|\n|poke|p2|Morpeko, M|\n|teampreview\n|\n|t:|1698197623\n|start\n|switch|p1a: Arceus|Arceus|100\/100\n|switch|p2a: Terry|Morpeko, F|100\/100\n|turn|1\n|\n|t:|1698197631\n|move|p2a: Terry|Aura Wheel|p1a: Arceus\n|-damage|p1a: Arceus|65\/100\n|-boost|p2a: Terry|spe|1\n|move|p1a: Arceus|Dragon Dance|p1a: Arceus\n|-boost|p1a: Arceus|atk|1\n|-boost|p1a: Arceus|spe|1\n|\n|-heal|p1a: Arceus|71\/100|[from] item: Leftovers\n|-formechange|p2a: Terry|Morpeko-Hangry||[from] ability: Hunger Switch\n|upkeep\n|turn|2\n|\n|t:|1698197642\n|move|p2a: Terry|Ice Fang|p1a: Arceus\n|-damage|p1a: Arceus|58\/100\n|-status|p1a: Arceus|frz\n|cant|p1a: Arceus|frz\n|\n|-heal|p1a: Arceus|64\/100 frz|[from] item: Leftovers\n|-formechange|p2a: Terry|Morpeko||[from] ability: Hunger Switch\n|upkeep\n|turn|3\n|\n|t:|1698197651\n|move|p2a: Terry|Aura Wheel|p1a: Arceus\n|-damage|p1a: Arceus|31\/100 frz\n|-boost|p2a: Terry|spe|1\n|-curestatus|p1a: Arceus|frz|[msg]\n|move|p1a: Arceus|Dragon Dance|p1a: Arceus\n|-boost|p1a: Arceus|atk|1\n|-boost|p1a: Arceus|spe|1\n|\n|-heal|p1a: Arceus|37\/100|[from] item: Leftovers\n|-formechange|p2a: Terry|Morpeko-Hangry||[from] ability: Hunger Switch\n|upkeep\n|turn|4\n|\n|t:|1698197667\n|move|p1a: Arceus|Extreme Speed|p2a: Terry\n|-enditem|p2a: Terry|Focus Sash\n|-damage|p2a: Terry|1\/100\n|move|p2a: Terry|Ice Fang|p1a: Arceus\n|-damage|p1a: Arceus|24\/100\n|-status|p1a: Arceus|frz\n|\n|-heal|p1a: Arceus|30\/100 frz|[from] item: Leftovers\n|-formechange|p2a: Terry|Morpeko||[from] ability: Hunger Switch\n|upkeep\n|turn|5\n|\n|t:|1698197678\n|cant|p1a: Arceus|frz\n|move|p2a: Terry|Aura Wheel|p1a: Arceus\n|-damage|p1a: Arceus|0 fnt\n|-boost|p2a: Terry|spe|1\n|faint|p1a: Arceus\n|\n|-formechange|p2a: Terry|Morpeko-Hangry||[from] ability: Hunger Switch\n|upkeep\n|\n|t:|1698197688\n|switch|p1a: Dragonite|Dragonite, M|100\/100\n|turn|6\n|\n|t:|1698197698\n|move|p2a: Terry|Ice Fang|p1a: Dragonite|[miss]\n|-miss|p2a: Terry|p1a: Dragonite\n|move|p1a: Dragonite|Earthquake|p2a: Terry\n|-supereffective|p2a: Terry\n|-damage|p2a: Terry|0 fnt\n|faint|p2a: Terry\n|\n|upkeep\n|\n|t:|1698197703\n|switch|p2a: Jerry|Morpeko, M, shiny|100\/100\n|turn|7\n|\n|t:|1698197710\n|move|p2a: Jerry|Aura Wheel|p1a: Dragonite\n|-damage|p1a: Dragonite|75\/100\n|-boost|p2a: Jerry|spe|1\n|move|p1a: Dragonite|Dragon Dance|p1a: Dragonite\n|-boost|p1a: Dragonite|atk|1\n|-boost|p1a: Dragonite|spe|1\n|\n|-formechange|p2a: Jerry|Morpeko-Hangry||[from] ability: Hunger Switch\n|upkeep\n|turn|8\n|\n|t:|1698197721\n|move|p2a: Jerry|Aura Wheel|p1a: Dragonite\n|-damage|p1a: Dragonite|23\/100\n|-boost|p2a: Jerry|spe|1\n|move|p1a: Dragonite|Earthquake|p2a: Jerry\n|-supereffective|p2a: Jerry\n|-enditem|p2a: Jerry|Focus Sash\n|-damage|p2a: Jerry|1\/100\n|\n|-formechange|p2a: Jerry|Morpeko||[from] ability: Hunger Switch\n|upkeep\n|turn|9\n|\n|t:|1698197731\n|move|p2a: Jerry|Aura Wheel|p1a: Dragonite\n|-damage|p1a: Dragonite|0 fnt\n|-boost|p2a: Jerry|spe|1\n|faint|p1a: Dragonite\n|\n|-formechange|p2a: Jerry|Morpeko-Hangry||[from] ability: Hunger Switch\n|upkeep\n|\n|t:|1698197747\n|switch|p1a: Zacian|Zacian-Crowned|100\/100\n|-ability|p1a: Zacian|Intrepid Sword|boost\n|-boost|p1a: Zacian|atk|1\n|turn|10\n|\n|t:|1698197755\n|move|p2a: Jerry|Protect|p2a: Jerry\n|-singleturn|p2a: Jerry|Protect\n|move|p1a: Zacian|Swords Dance|p1a: Zacian\n|-boost|p1a: Zacian|atk|2\n|\n|-formechange|p2a: Jerry|Morpeko||[from] ability: Hunger Switch\n|upkeep\n|turn|11\n|\n|t:|1698197762\n|move|p2a: Jerry|Aura Wheel|p1a: Zacian\n|-damage|p1a: Zacian|58\/100\n|-boost|p2a: Jerry|spe|1\n|move|p1a: Zacian|Behemoth Blade|p2a: Jerry\n|-resisted|p2a: Jerry\n|-damage|p2a: Jerry|0 fnt\n|faint|p2a: Jerry\n|\n|upkeep\n|\n|t:|1698197766\n|switch|p2a: Lerry|Morpeko, F|100\/100\n|turn|12\n|\n|t:|1698197779\n|move|p1a: Zacian|Behemoth Blade|p2a: Lerry\n|-resisted|p2a: Lerry\n|-enditem|p2a: Lerry|Focus Sash\n|-damage|p2a: Lerry|1\/100\n|move|p2a: Lerry|Aura Wheel|p1a: Zacian\n|-crit|p1a: Zacian\n|-damage|p1a: Zacian|0 fnt\n|-boost|p2a: Lerry|spe|1\n|faint|p1a: Zacian\n|\n|-formechange|p2a: Lerry|Morpeko-Hangry||[from] ability: Hunger Switch\n|upkeep\n|\n|t:|1698197792\n|switch|p1a: Iron Bundle|Iron Bundle|100\/100\n|turn|13\n|\n|t:|1698197795\n|move|p2a: Lerry|Protect|p2a: Lerry\n|-singleturn|p2a: Lerry|Protect\n|move|p1a: Iron Bundle|Ice Beam|p2a: Lerry\n|-activate|p2a: Lerry|move: Protect\n|\n|-formechange|p2a: Lerry|Morpeko||[from] ability: Hunger Switch\n|upkeep\n|turn|14\n|\n|t:|1698197803\n|move|p2a: Lerry|Aura Wheel|p1a: Iron Bundle\n|-supereffective|p1a: Iron Bundle\n|-damage|p1a: Iron Bundle|0 fnt\n|-boost|p2a: Lerry|spe|1\n|faint|p1a: Iron Bundle\n|-end|p1a: Iron Bundle|Quark Drive|[silent]\n|\n|-formechange|p2a: Lerry|Morpeko-Hangry||[from] ability: Hunger Switch\n|upkeep\n|\n|t:|1698197811\n|switch|p1a: Garchomp|Garchomp, M|100\/100\n|turn|15\n|\n|t:|1698197814\n|move|p2a: Lerry|Aura Wheel|p1a: Garchomp\n|-damage|p1a: Garchomp|66\/100\n|-boost|p2a: Lerry|spe|1\n|move|p1a: Garchomp|Dragon Tail|p2a: Lerry\n|-damage|p2a: Lerry|0 fnt\n|faint|p2a: Lerry\n|\n|upkeep\n|\n|t:|1698197816\n|switch|p2a: Derry|Morpeko, M|100\/100\n|turn|16\n|\n|t:|1698197826\n|move|p2a: Derry|Protect|p2a: Derry\n|-singleturn|p2a: Derry|Protect\n|move|p1a: Garchomp|Earthquake|p2a: Derry\n|-activate|p2a: Derry|move: Protect\n|\n|-formechange|p2a: Derry|Morpeko-Hangry||[from] ability: Hunger Switch\n|upkeep\n|turn|17\n|\n|t:|1698197833\n|move|p2a: Derry|Aura Wheel|p1a: Garchomp\n|-damage|p1a: Garchomp|33\/100\n|-boost|p2a: Derry|spe|1\n|move|p1a: Garchomp|Earthquake|p2a: Derry\n|-supereffective|p2a: Derry\n|-enditem|p2a: Derry|Focus Sash\n|-damage|p2a: Derry|1\/100\n|\n|-formechange|p2a: Derry|Morpeko||[from] ability: Hunger Switch\n|upkeep\n|turn|18\n|\n|t:|1698197844\n|move|p2a: Derry|Protect|p2a: Derry\n|-singleturn|p2a: Derry|Protect\n|move|p1a: Garchomp|Earthquake|p2a: Derry\n|-activate|p2a: Derry|move: Protect\n|\n|-formechange|p2a: Derry|Morpeko-Hangry||[from] ability: Hunger Switch\n|upkeep\n|turn|19\n|\n|t:|1698197851\n|move|p2a: Derry|Aura Wheel|p1a: Garchomp\n|-damage|p1a: Garchomp|0 fnt\n|-boost|p2a: Derry|spe|1\n|faint|p1a: Garchomp\n|\n|-formechange|p2a: Derry|Morpeko||[from] ability: Hunger Switch\n|upkeep\n|\n|t:|1698197857\n|switch|p1a: Calyrex|Calyrex-Ice|100\/100\n|-ability|p1a: Calyrex|As One\n|-ability|p1a: Calyrex|Unnerve\n|turn|20\n|\n|t:|1698197864\n|-terastallize|p1a: Calyrex|Fire\n|move|p2a: Derry|Aura Wheel|p1a: Calyrex\n|-damage|p1a: Calyrex|75\/100\n|-boost|p2a: Derry|spe|1\n|move|p1a: Calyrex|Trick Room|p1a: Calyrex\n|-fieldstart|move: Trick Room|[of] p1a: Calyrex\n|\n|-formechange|p2a: Derry|Morpeko-Hangry||[from] ability: Hunger Switch\n|upkeep\n|turn|21\n|\n|t:|1698197874\n|move|p2a: Derry|Protect|p2a: Derry\n|-singleturn|p2a: Derry|Protect\n|move|p1a: Calyrex|High Horsepower|p2a: Derry\n|-activate|p2a: Derry|move: Protect\n|\n|-formechange|p2a: Derry|Morpeko||[from] ability: Hunger Switch\n|upkeep\n|turn|22\n|\n|t:|1698197881\n|move|p2a: Derry|Protect|p2a: Derry\n|-singleturn|p2a: Derry|Protect\n|move|p1a: Calyrex|High Horsepower|p2a: Derry\n|-activate|p2a: Derry|move: Protect\n|\n|-formechange|p2a: Derry|Morpeko-Hangry||[from] ability: Hunger Switch\n|upkeep\n|turn|23\n|\n|t:|1698197888\n|move|p2a: Derry|Protect||[still]\n|-fail|p2a: Derry\n|move|p1a: Calyrex|High Horsepower|p2a: Derry\n|-supereffective|p2a: Derry\n|-damage|p2a: Derry|0 fnt\n|faint|p2a: Derry\n|-ability|p1a: Calyrex|Chilling Neigh|boost\n|-boost|p1a: Calyrex|atk|1\n|\n|upkeep\n|\n|t:|1698197889\n|switch|p2a: Perry|Morpeko, M|100\/100\n|turn|24\n|\n|t:|1698197897\n|move|p1a: Calyrex|Swords Dance|p1a: Calyrex\n|-boost|p1a: Calyrex|atk|2\n|move|p2a: Perry|Aura Wheel|p1a: Calyrex\n|-damage|p1a: Calyrex|46\/100\n|-boost|p2a: Perry|spe|1\n|\n|-fieldend|move: Trick Room\n|-formechange|p2a: Perry|Morpeko-Hangry||[from] ability: Hunger Switch\n|upkeep\n|turn|25\n|\n|t:|1698197905\n|move|p2a: Perry|Aura Wheel|p1a: Calyrex\n|-damage|p1a: Calyrex|16\/100\n|-boost|p2a: Perry|spe|1\n|move|p1a: Calyrex|Trick Room|p1a: Calyrex\n|-fieldstart|move: Trick Room|[of] p1a: Calyrex\n|\n|-formechange|p2a: Perry|Morpeko||[from] ability: Hunger Switch\n|upkeep\n|turn|26\n|\n|t:|1698197912\n|-terastallize|p2a: Perry|Grass\n|move|p1a: Calyrex|High Horsepower|p2a: Perry\n|-resisted|p2a: Perry\n|-enditem|p2a: Perry|Focus Sash\n|-damage|p2a: Perry|1\/100\n|move|p2a: Perry|Bullet Seed|p1a: Calyrex\n|-resisted|p1a: Calyrex\n|-damage|p1a: Calyrex|13\/100\n|-resisted|p1a: Calyrex\n|-damage|p1a: Calyrex|9\/100\n|-resisted|p1a: Calyrex\n|-damage|p1a: Calyrex|6\/100\n|-resisted|p1a: Calyrex\n|-damage|p1a: Calyrex|3\/100\n|-hitcount|p1a: Calyrex|4\n|\n|upkeep\n|turn|27\n|\n|t:|1698197927\n|move|p1a: Calyrex|High Horsepower|p2a: Perry\n|-resisted|p2a: Perry\n|-damage|p2a: Perry|0 fnt\n|faint|p2a: Perry\n|-ability|p1a: Calyrex|Chilling Neigh|boost\n|-boost|p1a: Calyrex|atk|1\n|\n|upkeep\n|\n|t:|1698197928\n|switch|p2a: Huckleberry|Morpeko, F|100\/100\n|turn|28\n|\n|t:|1698197935\n|move|p2a: Huckleberry|Quick Attack|p1a: Calyrex\n|-damage|p1a: Calyrex|0 fnt\n|faint|p1a: Calyrex\n|\n|win|Fig Jam n Crepes\n|raw|dixiedogdog's rating: 1229 &rarr; <strong>1211<\/strong><br \/>(-18 for losing)\n|raw|Fig Jam n Crepes's rating: 1333 &rarr; <strong>1347<\/strong><br \/>(+14 for winning)\n","uploadtime":1698198018,"views":7,"p1id":"dixiedogdog","p2id":"figjamncrepes","formatid":"gen9anythinggoes","rating":1211,"private":0,"password":""}