{"id":"gen9anythinggoes-1978767720","p1":"Samplesforfree","p2":"W4LKERX2","format":"[Gen 9] Anything Goes","log":"|j|\u2606Samplesforfree\n|j|\u2606W4LKERX2\n|t:|1698592757\n|gametype|singles\n|player|p1|Samplesforfree|backpacker|1061\n|player|p2|W4LKERX2|170|1185\n|teamsize|p1|6\n|teamsize|p2|6\n|gen|9\n|tier|[Gen 9] Anything Goes\n|rated|\n|rule|HP Percentage Mod: HP is shown in percentages\n|rule|Endless Battle Clause: Forcing endless battles is banned\n|clearpoke\n|poke|p1|Orthworm, M|\n|poke|p1|Clodsire, M|\n|poke|p1|Glimmora, F|\n|poke|p1|Garganacl, F|\n|poke|p1|Kingambit, M|\n|poke|p1|Ceruledge, F|\n|poke|p2|Dondozo, F|\n|poke|p2|Tatsugiri, F|\n|poke|p2|Gholdengo|\n|poke|p2|Murkrow, F|\n|poke|p2|Dragonite, M|\n|poke|p2|Pawmot, M|\n|teampreview\n|inactive|Battle timer is ON: inactive players will automatically lose when time's up. (requested by Samplesforfree)\n|\n|t:|1698592789\n|start\n|switch|p1a: Clodsire|Clodsire, M, shiny|100\/100\n|switch|p2a: Dondozo|Dondozo, F|100\/100\n|turn|1\n|\n|t:|1698592796\n|move|p2a: Dondozo|Substitute|p2a: Dondozo\n|-start|p2a: Dondozo|Substitute\n|-damage|p2a: Dondozo|76\/100\n|move|p1a: Clodsire|Toxic||[still]\n|-fail|p1a: Clodsire\n|\n|-heal|p2a: Dondozo|82\/100|[from] item: Leftovers\n|upkeep\n|turn|2\n|\n|t:|1698592809\n|move|p2a: Dondozo|Wave Crash|p1a: Clodsire\n|-immune|p1a: Clodsire|[from] ability: Water Absorb\n|move|p1a: Clodsire|Earthquake|p2a: Dondozo\n|-activate|p2a: Dondozo|move: Substitute|[damage]\n|\n|-heal|p2a: Dondozo|88\/100|[from] item: Leftovers\n|upkeep\n|turn|3\n|\n|t:|1698592820\n|move|p2a: Dondozo|Order Up|p1a: Clodsire\n|-damage|p1a: Clodsire|74\/100\n|move|p1a: Clodsire|Earthquake|p2a: Dondozo\n|-end|p2a: Dondozo|Substitute\n|\n|-heal|p2a: Dondozo|94\/100|[from] item: Leftovers\n|upkeep\n|turn|4\n|inactive|W4LKERX2 has 120 seconds left.\n|\n|t:|1698592869\n|move|p2a: Dondozo|Order Up|p1a: Clodsire\n|-damage|p1a: Clodsire|45\/100\n|move|p1a: Clodsire|Toxic|p2a: Dondozo\n|-status|p2a: Dondozo|tox\n|\n|-heal|p2a: Dondozo|99\/100 tox|[from] item: Leftovers\n|-damage|p2a: Dondozo|94\/100 tox|[from] psn\n|upkeep\n|turn|5\n|\n|t:|1698592878\n|move|p2a: Dondozo|Substitute|p2a: Dondozo\n|-start|p2a: Dondozo|Substitute\n|-damage|p2a: Dondozo|69\/100 tox\n|move|p1a: Clodsire|Recover|p1a: Clodsire\n|-heal|p1a: Clodsire|95\/100\n|\n|-heal|p2a: Dondozo|75\/100 tox|[from] item: Leftovers\n|-damage|p2a: Dondozo|63\/100 tox|[from] psn\n|upkeep\n|turn|6\n|\n|t:|1698592890\n|switch|p2a: Dragonite|Dragonite, M|100\/100\n|move|p1a: Clodsire|Amnesia|p1a: Clodsire\n|-boost|p1a: Clodsire|spd|2\n|\n|upkeep\n|turn|7\n|\n|t:|1698592899\n|switch|p1a: Orthworm|Orthworm, M, shiny|100\/100\n|move|p2a: Dragonite|Stomping Tantrum|p1a: Orthworm\n|-immune|p1a: Orthworm|[from] ability: Earth Eater\n|\n|upkeep\n|turn|8\n|inactive|W4LKERX2 has 120 seconds left.\n|inactive|W4LKERX2 has 90 seconds left.\n|\n|t:|1698592939\n|-terastallize|p2a: Dragonite|Flying\n|move|p2a: Dragonite|Low Kick|p1a: Orthworm\n|-supereffective|p1a: Orthworm\n|-damage|p1a: Orthworm|42\/100\n|move|p1a: Orthworm|Coil|p1a: Orthworm\n|-boost|p1a: Orthworm|atk|1\n|-boost|p1a: Orthworm|def|1\n|-boost|p1a: Orthworm|accuracy|1\n|\n|-heal|p1a: Orthworm|48\/100|[from] item: Leftovers\n|upkeep\n|turn|9\n|inactive|W4LKERX2 has 90 seconds left.\n|\n|t:|1698592950\n|move|p1a: Orthworm|Protect|p1a: Orthworm\n|-singleturn|p1a: Orthworm|Protect\n|move|p2a: Dragonite|Low Kick|p1a: Orthworm\n|-activate|p1a: Orthworm|move: Protect\n|\n|-heal|p1a: Orthworm|54\/100|[from] item: Leftovers\n|upkeep\n|turn|10\n|inactive|W4LKERX2 has 90 seconds left.\n|\n|t:|1698592962\n|switch|p1a: Ceruledge|Ceruledge, F, shiny|100\/100\n|move|p2a: Dragonite|Low Kick|p1a: Ceruledge\n|-immune|p1a: Ceruledge\n|\n|upkeep\n|turn|11\n|inactive|W4LKERX2 has 90 seconds left.\n|\n|t:|1698592989\n|switch|p1a: Orthworm|Orthworm, M, shiny|54\/100\n|switch|p2a: Murkrow|Murkrow, F|100\/100\n|\n|-heal|p1a: Orthworm|60\/100|[from] item: Leftovers\n|upkeep\n|turn|12\n|\n|t:|1698592998\n|move|p1a: Orthworm|Protect|p1a: Orthworm\n|-singleturn|p1a: Orthworm|Protect\n|move|p2a: Murkrow|Quash|p1a: Orthworm\n|-activate|p1a: Orthworm|move: Protect\n|\n|-heal|p1a: Orthworm|66\/100|[from] item: Leftovers\n|upkeep\n|turn|13\n|\n|t:|1698593007\n|move|p2a: Murkrow|Tailwind|p2a: Murkrow\n|-sidestart|p2: W4LKERX2|move: Tailwind\n|move|p1a: Orthworm|Coil|p1a: Orthworm\n|-boost|p1a: Orthworm|atk|1\n|-boost|p1a: Orthworm|def|1\n|-boost|p1a: Orthworm|accuracy|1\n|\n|-heal|p1a: Orthworm|72\/100|[from] item: Leftovers\n|upkeep\n|turn|14\n|inactive|W4LKERX2 has 90 seconds left.\n|\n|t:|1698593015\n|move|p2a: Murkrow|Haze|p2a: Murkrow\n|-clearallboost\n|move|p1a: Orthworm|Wrap|p2a: Murkrow\n|-damage|p2a: Murkrow|96\/100\n|-activate|p2a: Murkrow|move: Wrap|[of] p1a: Orthworm\n|\n|-heal|p1a: Orthworm|78\/100|[from] item: Leftovers\n|-damage|p2a: Murkrow|83\/100|[from] move: Wrap|[partiallytrapped]\n|upkeep\n|turn|15\n|\n|t:|1698593025\n|move|p2a: Murkrow|Quash||[still]\n|-fail|p2a: Murkrow\n|move|p1a: Orthworm|Coil|p1a: Orthworm\n|-boost|p1a: Orthworm|atk|1\n|-boost|p1a: Orthworm|def|1\n|-boost|p1a: Orthworm|accuracy|1\n|\n|-heal|p1a: Orthworm|84\/100|[from] item: Leftovers\n|-damage|p2a: Murkrow|71\/100|[from] move: Wrap|[partiallytrapped]\n|upkeep\n|turn|16\n|\n|t:|1698593033\n|move|p2a: Murkrow|Haze|p2a: Murkrow\n|-clearallboost\n|move|p1a: Orthworm|Coil|p1a: Orthworm\n|-boost|p1a: Orthworm|atk|1\n|-boost|p1a: Orthworm|def|1\n|-boost|p1a: Orthworm|accuracy|1\n|\n|-heal|p1a: Orthworm|90\/100|[from] item: Leftovers\n|-damage|p2a: Murkrow|59\/100|[from] move: Wrap|[partiallytrapped]\n|-sideend|p2: W4LKERX2|move: Tailwind\n|upkeep\n|turn|17\n|\n|t:|1698593043\n|move|p2a: Murkrow|Haze|p2a: Murkrow\n|-clearallboost\n|move|p1a: Orthworm|Coil|p1a: Orthworm\n|-boost|p1a: Orthworm|atk|1\n|-boost|p1a: Orthworm|def|1\n|-boost|p1a: Orthworm|accuracy|1\n|\n|-heal|p1a: Orthworm|96\/100|[from] item: Leftovers\n|-damage|p2a: Murkrow|46\/100|[from] move: Wrap|[partiallytrapped]\n|upkeep\n|turn|18\n|\n|t:|1698593063\n|move|p2a: Murkrow|Haze|p2a: Murkrow\n|-clearallboost\n|move|p1a: Orthworm|Coil|p1a: Orthworm\n|-boost|p1a: Orthworm|atk|1\n|-boost|p1a: Orthworm|def|1\n|-boost|p1a: Orthworm|accuracy|1\n|\n|-heal|p1a: Orthworm|100\/100|[from] item: Leftovers\n|-damage|p2a: Murkrow|34\/100|[from] move: Wrap|[partiallytrapped]\n|upkeep\n|turn|19\n|\n|t:|1698593077\n|move|p2a: Murkrow|Foul Play|p1a: Orthworm\n|-damage|p1a: Orthworm|75\/100\n|move|p1a: Orthworm|Iron Tail|p2a: Murkrow\n|-damage|p2a: Murkrow|0 fnt\n|faint|p2a: Murkrow\n|\n|-heal|p1a: Orthworm|81\/100|[from] item: Leftovers\n|upkeep\n|\n|t:|1698593084\n|switch|p2a: Tatsugiri|Tatsugiri, F, shiny|100\/100\n|turn|20\n|\n|t:|1698593090\n|move|p2a: Tatsugiri|Muddy Water|p1a: Orthworm\n|-damage|p1a: Orthworm|0 fnt\n|faint|p1a: Orthworm\n|\n|upkeep\n|\n|t:|1698593094\n|switch|p1a: Clodsire|Clodsire, M, shiny|95\/100\n|turn|21\n|inactive|W4LKERX2 has 90 seconds left.\n|\n|t:|1698593119\n|move|p2a: Tatsugiri|Muddy Water|p1a: Clodsire\n|-heal|p1a: Clodsire|100\/100|[from] ability: Water Absorb|[of] p2a: Tatsugiri\n|move|p1a: Clodsire|Toxic|p2a: Tatsugiri\n|-status|p2a: Tatsugiri|tox\n|\n|-damage|p2a: Tatsugiri|94\/100 tox|[from] psn\n|upkeep\n|turn|22\n|inactive|W4LKERX2 has 90 seconds left.\n|\n|t:|1698593135\n|switch|p2a: Pawmot|Pawmot, M, shiny|100\/100\n|move|p1a: Clodsire|Earthquake|p2a: Pawmot\n|-supereffective|p2a: Pawmot\n|-enditem|p2a: Pawmot|Focus Sash\n|-damage|p2a: Pawmot|1\/100\n|\n|upkeep\n|turn|23\n|inactive|W4LKERX2 has 90 seconds left.\n|\n|t:|1698593143\n|move|p2a: Pawmot|Fake Out|p1a: Clodsire\n|-damage|p1a: Clodsire|86\/100\n|-damage|p2a: Pawmot|0 fnt|[from] item: Rocky Helmet|[of] p1a: Clodsire\n|faint|p2a: Pawmot\n|cant|p1a: Clodsire|flinch\n|\n|upkeep\n|inactive|W4LKERX2 has 90 seconds left.\n|\n|t:|1698593150\n|switch|p2a: Gholdengo|Gholdengo|100\/100\n|turn|24\n|\n|t:|1698593159\n|move|p2a: Gholdengo|Make It Rain|p1a: Clodsire\n|-damage|p1a: Clodsire|22\/100\n|-unboost|p2a: Gholdengo|spa|1\n|move|p1a: Clodsire|Amnesia|p1a: Clodsire\n|-boost|p1a: Clodsire|spd|2\n|\n|upkeep\n|turn|25\n|\n|t:|1698593166\n|move|p2a: Gholdengo|Make It Rain|p1a: Clodsire\n|-damage|p1a: Clodsire|3\/100\n|-unboost|p2a: Gholdengo|spa|1\n|move|p1a: Clodsire|Recover|p1a: Clodsire\n|-heal|p1a: Clodsire|53\/100\n|\n|upkeep\n|turn|26\n|\n|t:|1698593175\n|move|p2a: Gholdengo|Make It Rain|p1a: Clodsire\n|-damage|p1a: Clodsire|39\/100\n|-unboost|p2a: Gholdengo|spa|1\n|move|p1a: Clodsire|Recover|p1a: Clodsire\n|-heal|p1a: Clodsire|89\/100\n|\n|upkeep\n|turn|27\n|\n|t:|1698593194\n|switch|p2a: Dondozo|Dondozo, F|63\/100 tox\n|move|p1a: Clodsire|Earthquake|p2a: Dondozo\n|-damage|p2a: Dondozo|40\/100 tox\n|\n|-heal|p2a: Dondozo|47\/100 tox|[from] item: Leftovers\n|-damage|p2a: Dondozo|40\/100 tox|[from] psn\n|upkeep\n|turn|28\n|\n|t:|1698593206\n|move|p2a: Dondozo|Order Up|p1a: Clodsire\n|-damage|p1a: Clodsire|63\/100\n|move|p1a: Clodsire|Earthquake|p2a: Dondozo\n|-damage|p2a: Dondozo|16\/100 tox\n|\n|-heal|p2a: Dondozo|22\/100 tox|[from] item: Leftovers\n|-damage|p2a: Dondozo|10\/100 tox|[from] psn\n|upkeep\n|turn|29\n|-message|W4LKERX2 forfeited.\n|\n|win|Samplesforfree\n|raw|Samplesforfree's rating: 1061 &rarr; <strong>1102<\/strong><br \/>(+41 for winning)\n|raw|W4LKERX2's rating: 1185 &rarr; <strong>1151<\/strong><br \/>(-34 for losing)\n|l|\u2606W4LKERX2\n","uploadtime":1698593217,"views":7,"p1id":"samplesforfree","p2id":"w4lkerx2","formatid":"gen9anythinggoes","rating":1102,"private":0,"password":""}