{"id":"gen9anythinggoes-1982013613","p1":"Toukakiri","p2":"DanWatcher","format":"[Gen 9] Anything Goes","log":"|j|\u2606Toukakiri\n|j|\u2606DanWatcher\n|t:|1698959647\n|gametype|singles\n|player|p1|Toukakiri|riley|1436\n|player|p2|DanWatcher|scientist-gen4|1396\n|teamsize|p1|6\n|teamsize|p2|6\n|gen|9\n|tier|[Gen 9] Anything Goes\n|rated|\n|rule|HP Percentage Mod: HP is shown in percentages\n|rule|Endless Battle Clause: Forcing endless battles is banned\n|clearpoke\n|poke|p1|Pawmot, F|\n|poke|p1|Miraidon|\n|poke|p1|Zacian-*|\n|poke|p1|Calyrex-Shadow|\n|poke|p1|Chien-Pao|\n|poke|p1|Ogerpon-Hearthflame, F|\n|poke|p2|Maushold-Four|\n|poke|p2|Clefable, F|\n|poke|p2|Toxapex, F|\n|poke|p2|Shaymin|\n|poke|p2|Glimmora, M|\n|poke|p2|Basculegion, M|\n|teampreview\n|inactive|Battle timer is ON: inactive players will automatically lose when time's up. (requested by Toukakiri)\n|\n|t:|1698959663\n|start\n|switch|p1a: Calyrex|Calyrex-Shadow|100\/100\n|switch|p2a: Glimmora|Glimmora, M|100\/100\n|-ability|p1a: Calyrex|As One\n|-ability|p1a: Calyrex|Unnerve\n|turn|1\n|\n|t:|1698959673\n|move|p1a: Calyrex|Astral Barrage|p2a: Glimmora\n|-damage|p2a: Glimmora|20\/100\n|move|p2a: Glimmora|Toxic Spikes|p1a: Calyrex\n|-sidestart|p1: Toukakiri|move: Toxic Spikes\n|\n|upkeep\n|turn|2\n|\n|t:|1698959685\n|move|p1a: Calyrex|Astral Barrage|p2a: Glimmora\n|-damage|p2a: Glimmora|0 fnt\n|faint|p2a: Glimmora\n|-ability|p1a: Calyrex|Grim Neigh|boost\n|-boost|p1a: Calyrex|spa|1\n|\n|upkeep\n|inactive|DanWatcher has 120 seconds left.\n|\n|t:|1698959719\n|switch|p2a: Basculegion|Basculegion, M|100\/100\n|turn|3\n|inactive|DanWatcher has 120 seconds left.\n|\n|t:|1698959728\n|-terastallize|p1a: Calyrex|Fairy\n|-terastallize|p2a: Basculegion|Normal\n|move|p1a: Calyrex|Astral Barrage|p2a: Basculegion\n|-immune|p2a: Basculegion\n|move|p2a: Basculegion|Crunch|p1a: Calyrex\n|-resisted|p1a: Calyrex\n|-damage|p1a: Calyrex|85\/100\n|\n|upkeep\n|turn|4\n|inactive|DanWatcher has 120 seconds left.\n|\n|t:|1698959740\n|switch|p2a: Maushold|Maushold-Four|100\/100\n|move|p1a: Calyrex|Draining Kiss|p2a: Maushold\n|-damage|p2a: Maushold|16\/100\n|-heal|p1a: Calyrex|100\/100|[from] drain|[of] p2a: Maushold\n|\n|upkeep\n|turn|5\n|inactive|DanWatcher has 120 seconds left.\n|\n|t:|1698959761\n|switch|p2a: Clefable|Clefable, F|100\/100\n|move|p1a: Calyrex|Draining Kiss|p2a: Clefable\n|-damage|p2a: Clefable|64\/100\n|\n|-heal|p2a: Clefable|70\/100|[from] item: Leftovers\n|upkeep\n|turn|6\n|\n|t:|1698959771\n|move|p1a: Calyrex|Giga Drain|p2a: Clefable\n|-damage|p2a: Clefable|39\/100\n|move|p2a: Clefable|Cosmic Power|p2a: Clefable\n|-boost|p2a: Clefable|def|1\n|-boost|p2a: Clefable|spd|1\n|\n|-heal|p2a: Clefable|45\/100|[from] item: Leftovers\n|upkeep\n|turn|7\n|inactive|DanWatcher has 120 seconds left.\n|\n|t:|1698959779\n|move|p1a: Calyrex|Astral Barrage|p2a: Clefable\n|-damage|p2a: Clefable|0 fnt\n|faint|p2a: Clefable\n|-ability|p1a: Calyrex|Grim Neigh|boost\n|-boost|p1a: Calyrex|spa|1\n|\n|upkeep\n|inactive|DanWatcher has 120 seconds left.\n|\n|t:|1698959789\n|switch|p2a: Shaymin|Shaymin|100\/100\n|turn|8\n|inactive|DanWatcher has 120 seconds left.\n|\n|t:|1698959799\n|move|p1a: Calyrex|Draining Kiss|p2a: Shaymin\n|-damage|p2a: Shaymin|38\/100\n|move|p2a: Shaymin|Leech Seed|p1a: Calyrex\n|-start|p1a: Calyrex|move: Leech Seed\n|\n|-heal|p2a: Shaymin|44\/100|[from] item: Leftovers\n|-damage|p1a: Calyrex|88\/100|[from] Leech Seed|[of] p2a: Shaymin\n|-heal|p2a: Shaymin|56\/100|[silent]\n|upkeep\n|turn|9\n|inactive|DanWatcher has 120 seconds left.\n|\n|t:|1698959808\n|move|p1a: Calyrex|Draining Kiss|p2a: Shaymin\n|-damage|p2a: Shaymin|0 fnt\n|-heal|p1a: Calyrex|100\/100|[from] drain|[of] p2a: Shaymin\n|faint|p2a: Shaymin\n|-ability|p1a: Calyrex|Grim Neigh|boost\n|-boost|p1a: Calyrex|spa|1\n|\n|upkeep\n|inactive|DanWatcher has 120 seconds left.\n|\n|t:|1698959817\n|switch|p2a: Toxapex|Toxapex, F|100\/100\n|turn|10\n|\n|t:|1698959823\n|move|p2a: Toxapex|Baneful Bunker|p2a: Toxapex\n|-singleturn|p2a: Toxapex|move: Protect\n|move|p1a: Calyrex|Giga Drain|p2a: Toxapex\n|-activate|p2a: Toxapex|move: Protect\n|\n|-damage|p1a: Calyrex|88\/100|[from] Leech Seed|[of] p2a: Toxapex\n|upkeep\n|turn|11\n|\n|t:|1698959836\n|move|p1a: Calyrex|Giga Drain|p2a: Toxapex\n|-damage|p2a: Toxapex|45\/100\n|-heal|p1a: Calyrex|100\/100|[from] drain|[of] p2a: Toxapex\n|move|p2a: Toxapex|Haze|p2a: Toxapex\n|-clearallboost\n|\n|-heal|p2a: Toxapex|51\/100|[from] item: Leftovers\n|-damage|p1a: Calyrex|88\/100|[from] Leech Seed|[of] p2a: Toxapex\n|-heal|p2a: Toxapex|65\/100|[silent]\n|upkeep\n|turn|12\n|\n|t:|1698959845\n|move|p2a: Toxapex|Baneful Bunker|p2a: Toxapex\n|-singleturn|p2a: Toxapex|move: Protect\n|move|p1a: Calyrex|Astral Barrage|p2a: Toxapex\n|-activate|p2a: Toxapex|move: Protect\n|\n|-heal|p2a: Toxapex|71\/100|[from] item: Leftovers\n|-damage|p1a: Calyrex|76\/100|[from] Leech Seed|[of] p2a: Toxapex\n|-heal|p2a: Toxapex|85\/100|[silent]\n|upkeep\n|turn|13\n|\n|t:|1698959856\n|move|p1a: Calyrex|Astral Barrage|p2a: Toxapex\n|-damage|p2a: Toxapex|35\/100\n|move|p2a: Toxapex|Toxic Spikes|p1a: Calyrex\n|-sidestart|p1: Toukakiri|move: Toxic Spikes\n|\n|-heal|p2a: Toxapex|41\/100|[from] item: Leftovers\n|-damage|p1a: Calyrex|64\/100|[from] Leech Seed|[of] p2a: Toxapex\n|-heal|p2a: Toxapex|55\/100|[silent]\n|upkeep\n|turn|14\n|\n|t:|1698959865\n|move|p2a: Toxapex|Baneful Bunker|p2a: Toxapex\n|-singleturn|p2a: Toxapex|move: Protect\n|move|p1a: Calyrex|Astral Barrage|p2a: Toxapex\n|-activate|p2a: Toxapex|move: Protect\n|\n|-heal|p2a: Toxapex|61\/100|[from] item: Leftovers\n|-damage|p1a: Calyrex|51\/100|[from] Leech Seed|[of] p2a: Toxapex\n|-heal|p2a: Toxapex|75\/100|[silent]\n|upkeep\n|turn|15\n|\n|t:|1698959875\n|move|p1a: Calyrex|Astral Barrage|p2a: Toxapex\n|-damage|p2a: Toxapex|20\/100\n|move|p2a: Toxapex|Recover|p2a: Toxapex\n|-heal|p2a: Toxapex|70\/100\n|\n|-heal|p2a: Toxapex|76\/100|[from] item: Leftovers\n|-damage|p1a: Calyrex|39\/100|[from] Leech Seed|[of] p2a: Toxapex\n|-heal|p2a: Toxapex|90\/100|[silent]\n|upkeep\n|turn|16\n|\n|t:|1698959885\n|switch|p1a: Pawmot|Pawmot, F|100\/100\n|-status|p1a: Pawmot|tox\n|move|p2a: Toxapex|Baneful Bunker||[still]\n|-fail|p2a: Toxapex\n|\n|-heal|p2a: Toxapex|96\/100|[from] item: Leftovers\n|-damage|p1a: Pawmot|94\/100 tox|[from] psn\n|upkeep\n|turn|17\n|\n|t:|1698959913\n|switch|p2a: Basculegion|Basculegion, M, tera:Normal|100\/100\n|move|p1a: Pawmot|Double Shock|p2a: Basculegion\n|-damage|p2a: Basculegion|27\/100\n|-start|p1a: Pawmot|typechange|???\/Fighting|[from] move: Double Shock\n|\n|-damage|p1a: Pawmot|82\/100 tox|[from] psn\n|upkeep\n|turn|18\n|\n|t:|1698959925\n|move|p2a: Basculegion|Last Respects|p1a: Pawmot\n|-damage|p1a: Pawmot|0 fnt\n|faint|p1a: Pawmot\n|\n|upkeep\n|\n|t:|1698959930\n|switch|p1a: Zacian|Zacian-Crowned|100\/100\n|-ability|p1a: Zacian|Intrepid Sword|boost\n|-boost|p1a: Zacian|atk|1\n|turn|19\n|\n|t:|1698959939\n|move|p1a: Zacian|Swords Dance|p1a: Zacian\n|-boost|p1a: Zacian|atk|2\n|move|p2a: Basculegion|Last Respects|p1a: Zacian\n|-damage|p1a: Zacian|16\/100\n|\n|upkeep\n|turn|20\n|\n|t:|1698959949\n|move|p1a: Zacian|Trailblaze|p2a: Basculegion\n|-damage|p2a: Basculegion|0 fnt\n|-boost|p1a: Zacian|spe|1\n|faint|p2a: Basculegion\n|\n|upkeep\n|\n|t:|1698959956\n|switch|p2a: Toxapex|Toxapex, F|100\/100\n|turn|21\n|\n|t:|1698959962\n|move|p1a: Zacian|Behemoth Blade|p2a: Toxapex\n|-resisted|p2a: Toxapex\n|-damage|p2a: Toxapex|45\/100\n|move|p2a: Toxapex|Haze|p2a: Toxapex\n|-clearallboost\n|\n|-heal|p2a: Toxapex|51\/100|[from] item: Leftovers\n|upkeep\n|turn|22\n|\n|t:|1698959975\n|move|p2a: Toxapex|Baneful Bunker|p2a: Toxapex\n|-singleturn|p2a: Toxapex|move: Protect\n|move|p1a: Zacian|Behemoth Blade|p2a: Toxapex\n|-activate|p2a: Toxapex|move: Protect\n|\n|-heal|p2a: Toxapex|58\/100|[from] item: Leftovers\n|upkeep\n|turn|23\n|\n|t:|1698959983\n|move|p1a: Zacian|Behemoth Blade|p2a: Toxapex\n|-resisted|p2a: Toxapex\n|-damage|p2a: Toxapex|37\/100\n|move|p2a: Toxapex|Recover|p2a: Toxapex\n|-heal|p2a: Toxapex|87\/100\n|\n|-heal|p2a: Toxapex|93\/100|[from] item: Leftovers\n|upkeep\n|turn|24\n|inactive|DanWatcher has 120 seconds left.\n|\n|t:|1698960020\n|switch|p2a: Maushold|Maushold-Four|16\/100\n|move|p1a: Zacian|Play Rough|p2a: Maushold\n|-damage|p2a: Maushold|0 fnt\n|faint|p2a: Maushold\n|\n|upkeep\n|\n|t:|1698960027\n|switch|p2a: Toxapex|Toxapex, F|100\/100\n|turn|25\n|inactive|DanWatcher has 120 seconds left.\n|c|\u2606DanWatcher|All right, i have no attacking moves\n|c|\u2606DanWatcher|gg\n|-message|DanWatcher forfeited.\n|\n|win|Toukakiri\n|raw|Toukakiri's rating: 1436 &rarr; <strong>1454<\/strong><br \/>(+18 for winning)\n|raw|DanWatcher's rating: 1396 &rarr; <strong>1378<\/strong><br \/>(-18 for losing)\n|l|\u2606DanWatcher\n","uploadtime":1698960053,"views":5,"p1id":"toukakiri","p2id":"danwatcher","formatid":"gen9anythinggoes","rating":1378,"private":0,"password":""}