{"id":"gen9anythinggoes-1991351803","p1":"YoungEsq","p2":"Yella_Altaria","format":"[Gen 9] Anything Goes","log":"|j|\u2606YoungEsq\n|j|\u2606Yella_Altaria\n|t:|1700069944\n|gametype|singles\n|player|p1|YoungEsq|170|1291\n|player|p2|Yella_Altaria|volkner|1330\n|teamsize|p1|6\n|teamsize|p2|6\n|gen|9\n|tier|[Gen 9] Anything Goes\n|rated|\n|rule|HP Percentage Mod: HP is shown in percentages\n|rule|Endless Battle Clause: Forcing endless battles is banned\n|clearpoke\n|poke|p1|Ting-Lu|\n|poke|p1|Gholdengo|\n|poke|p1|Roaring Moon|\n|poke|p1|Chi-Yu|\n|poke|p1|Samurott-Hisui, F|\n|poke|p1|Mandibuzz, F|\n|poke|p2|Flutter Mane|\n|poke|p2|Espathra, F|\n|poke|p2|Ogerpon, F|\n|poke|p2|Arcanine-Hisui, M|\n|poke|p2|Sneasler, M|\n|poke|p2|Baxcalibur, M|\n|teampreview\n|inactive|Battle timer is ON: inactive players will automatically lose when time's up. (requested by YoungEsq)\n|\n|t:|1700069952\n|start\n|switch|p1a: Ting-Lu|Ting-Lu|100\/100\n|switch|p2a: Bensonhurst|Sneasler, M|100\/100\n|-ability|p1a: Ting-Lu|Vessel of Ruin\n|turn|1\n|\n|t:|1700069960\n|move|p2a: Bensonhurst|Fake Out|p1a: Ting-Lu\n|-damage|p1a: Ting-Lu|92\/100\n|cant|p1a: Ting-Lu|flinch\n|\n|-heal|p1a: Ting-Lu|98\/100|[from] item: Leftovers\n|upkeep\n|turn|2\n|\n|t:|1700069968\n|move|p2a: Bensonhurst|Close Combat|p1a: Ting-Lu\n|-supereffective|p1a: Ting-Lu\n|-damage|p1a: Ting-Lu|32\/100\n|-unboost|p2a: Bensonhurst|def|1\n|-unboost|p2a: Bensonhurst|spd|1\n|move|p1a: Ting-Lu|Whirlwind|p2a: Bensonhurst\n|drag|p2a: Headbanger|Arcanine-Hisui, M|100\/100\n|\n|-heal|p1a: Ting-Lu|38\/100|[from] item: Leftovers\n|upkeep\n|turn|3\n|\n|t:|1700069978\n|move|p2a: Headbanger|Outrage|p1a: Ting-Lu\n|-damage|p1a: Ting-Lu|10\/100\n|move|p1a: Ting-Lu|Earthquake|p2a: Headbanger\n|-supereffective|p2a: Headbanger\n|-damage|p2a: Headbanger|0 fnt\n|faint|p2a: Headbanger\n|\n|-heal|p1a: Ting-Lu|16\/100|[from] item: Leftovers\n|upkeep\n|\n|t:|1700069985\n|switch|p2a: Bensonhurst|Sneasler, M|100\/100\n|turn|4\n|\n|t:|1700069991\n|switch|p1a: Gholdengo|Gholdengo|100\/100\n|-item|p1a: Gholdengo|Air Balloon\n|move|p2a: Bensonhurst|Fake Out|p1a: Gholdengo\n|-immune|p1a: Gholdengo\n|\n|upkeep\n|turn|5\n|\n|t:|1700070004\n|switch|p2a: Ribbons|Flutter Mane|100\/100\n|-enditem|p2a: Ribbons|Booster Energy\n|-activate|p2a: Ribbons|ability: Protosynthesis|[fromitem]\n|-start|p2a: Ribbons|protosynthesisspa\n|switch|p1a: Samurott|Samurott-Hisui, F|100\/100\n|\n|upkeep\n|turn|6\n|\n|t:|1700070014\n|move|p2a: Ribbons|Moonblast|p1a: Samurott\n|-supereffective|p1a: Samurott\n|-enditem|p1a: Samurott|Roseli Berry|[eat]\n|-enditem|p1a: Samurott|Roseli Berry|[weaken]\n|-damage|p1a: Samurott|21\/100\n|-unboost|p1a: Samurott|spa|1\n|move|p1a: Samurott|Ceaseless Edge|p2a: Ribbons\n|-damage|p2a: Ribbons|5\/100\n|-sidestart|p2: Yella_Altaria|Spikes\n|\n|upkeep\n|turn|7\n|\n|t:|1700070023\n|move|p1a: Samurott|Aqua Jet|p2a: Ribbons\n|-damage|p2a: Ribbons|0 fnt\n|faint|p2a: Ribbons\n|-end|p2a: Ribbons|Protosynthesis|[silent]\n|\n|upkeep\n|\n|t:|1700070027\n|switch|p2a: Bensonhurst|Sneasler, M|100\/100\n|-damage|p2a: Bensonhurst|88\/100|[from] Spikes\n|turn|8\n|\n|t:|1700070035\n|move|p2a: Bensonhurst|Fake Out|p1a: Samurott\n|-damage|p1a: Samurott|5\/100\n|cant|p1a: Samurott|flinch\n|\n|upkeep\n|turn|9\n|\n|t:|1700070045\n|switch|p1a: Gholdengo|Gholdengo|100\/100\n|-item|p1a: Gholdengo|Air Balloon\n|move|p2a: Bensonhurst|Dire Claw|p1a: Gholdengo\n|-immune|p1a: Gholdengo\n|\n|upkeep\n|turn|10\n|\n|t:|1700070055\n|switch|p2a: Popeye|Espathra, F|100\/100\n|-damage|p2a: Popeye|88\/100|[from] Spikes\n|move|p1a: Gholdengo|Make It Rain|p2a: Popeye\n|-damage|p2a: Popeye|10\/100\n|-unboost|p1a: Gholdengo|spa|1\n|\n|-heal|p2a: Popeye|16\/100|[from] item: Leftovers\n|upkeep\n|turn|11\n|\n|t:|1700070064\n|move|p2a: Popeye|Protect|p2a: Popeye\n|-singleturn|p2a: Popeye|Protect\n|move|p1a: Gholdengo|Shadow Ball|p2a: Popeye\n|-activate|p2a: Popeye|move: Protect\n|\n|-heal|p2a: Popeye|22\/100|[from] item: Leftovers\n|-ability|p2a: Popeye|Speed Boost|boost\n|-boost|p2a: Popeye|spe|1\n|upkeep\n|turn|12\n|\n|t:|1700070068\n|move|p2a: Popeye|Lumina Crash|p1a: Gholdengo\n|-resisted|p1a: Gholdengo\n|-damage|p1a: Gholdengo|80\/100\n|-unboost|p1a: Gholdengo|spd|2\n|-enditem|p1a: Gholdengo|Air Balloon\n|move|p1a: Gholdengo|Shadow Ball|p2a: Popeye\n|-supereffective|p2a: Popeye\n|-damage|p2a: Popeye|0 fnt\n|faint|p2a: Popeye\n|\n|upkeep\n|\n|t:|1700070081\n|switch|p2a: McQueen|Baxcalibur, M|100\/100\n|-damage|p2a: McQueen|88\/100|[from] Spikes\n|turn|13\n|\n|t:|1700070088\n|-terastallize|p2a: McQueen|Fire\n|move|p2a: McQueen|Tera Blast|p1a: Gholdengo|[anim] Tera Blast Fire\n|-supereffective|p1a: Gholdengo\n|-damage|p1a: Gholdengo|0 fnt\n|faint|p1a: Gholdengo\n|\n|upkeep\n|\n|t:|1700070097\n|switch|p1a: Samurott|Samurott-Hisui, F|5\/100\n|turn|14\n|\n|t:|1700070100\n|move|p1a: Samurott|Aqua Jet|p2a: McQueen\n|-supereffective|p2a: McQueen\n|-damage|p2a: McQueen|51\/100\n|move|p2a: McQueen|Tera Blast|p1a: Samurott|[anim] Tera Blast Fire\n|-resisted|p1a: Samurott\n|-damage|p1a: Samurott|0 fnt\n|faint|p1a: Samurott\n|\n|upkeep\n|\n|t:|1700070113\n|switch|p1a: Ting-Lu|Ting-Lu|16\/100\n|-ability|p1a: Ting-Lu|Vessel of Ruin\n|turn|15\n|\n|t:|1700070118\n|switch|p2a: Bensonhurst|Sneasler, M|88\/100\n|-damage|p2a: Bensonhurst|76\/100|[from] Spikes\n|move|p1a: Ting-Lu|Earthquake|p2a: Bensonhurst\n|-supereffective|p2a: Bensonhurst\n|-damage|p2a: Bensonhurst|0 fnt\n|faint|p2a: Bensonhurst\n|\n|-heal|p1a: Ting-Lu|22\/100|[from] item: Leftovers\n|upkeep\n|\n|t:|1700070120\n|switch|p2a: Nuh-Uh|Ogerpon, F|100\/100\n|-damage|p2a: Nuh-Uh|88\/100|[from] Spikes\n|turn|16\n|\n|t:|1700070125\n|move|p2a: Nuh-Uh|Ivy Cudgel|p1a: Ting-Lu\n|-supereffective|p1a: Ting-Lu\n|-damage|p1a: Ting-Lu|0 fnt\n|faint|p1a: Ting-Lu\n|\n|upkeep\n|\n|t:|1700070128\n|switch|p1a: Chi-Yu|Chi-Yu|100\/100\n|-ability|p1a: Chi-Yu|Beads of Ruin\n|turn|17\n|\n|t:|1700070135\n|-terastallize|p1a: Chi-Yu|Poison\n|move|p2a: Nuh-Uh|Endure|p2a: Nuh-Uh\n|-singleturn|p2a: Nuh-Uh|move: Endure\n|move|p1a: Chi-Yu|Flamethrower|p2a: Nuh-Uh\n|-supereffective|p2a: Nuh-Uh\n|-activate|p2a: Nuh-Uh|move: Endure\n|-damage|p2a: Nuh-Uh|1\/100\n|-enditem|p2a: Nuh-Uh|Weakness Policy\n|-boost|p2a: Nuh-Uh|atk|2|[from] item: Weakness Policy\n|-boost|p2a: Nuh-Uh|spa|2|[from] item: Weakness Policy\n|\n|upkeep\n|turn|18\n|\n|t:|1700070145\n|switch|p1a: Mandibuzz|Mandibuzz, F|100\/100\n|move|p2a: Nuh-Uh|Ivy Cudgel|p1a: Mandibuzz\n|-resisted|p1a: Mandibuzz\n|-damage|p1a: Mandibuzz|63\/100\n|\n|upkeep\n|turn|19\n|\n|t:|1700070151\n|move|p2a: Nuh-Uh|Ivy Cudgel|p1a: Mandibuzz\n|-resisted|p1a: Mandibuzz\n|-damage|p1a: Mandibuzz|26\/100\n|move|p1a: Mandibuzz|Foul Play|p2a: Nuh-Uh\n|-damage|p2a: Nuh-Uh|0 fnt\n|faint|p2a: Nuh-Uh\n|\n|upkeep\n|\n|t:|1700070157\n|switch|p2a: McQueen|Baxcalibur, M, tera:Fire|51\/100\n|-damage|p2a: McQueen|39\/100|[from] Spikes\n|turn|20\n|\n|t:|1700070163\n|move|p2a: McQueen|Glaive Rush|p1a: Mandibuzz\n|-damage|p1a: Mandibuzz|0 fnt\n|-singlemove|p2a: McQueen|Glaive Rush|[silent]\n|faint|p1a: Mandibuzz\n|\n|upkeep\n|\n|t:|1700070169\n|switch|p1a: Chi-Yu|Chi-Yu, tera:Poison|100\/100\n|-ability|p1a: Chi-Yu|Beads of Ruin\n|turn|21\n|\n|t:|1700070171\n|move|p1a: Chi-Yu|Psychic|p2a: McQueen\n|-damage|p2a: McQueen|0 fnt\n|faint|p2a: McQueen\n|\n|win|YoungEsq\n|raw|YoungEsq's rating: 1291 &rarr; <strong>1319<\/strong><br \/>(+28 for winning)\n|raw|Yella_Altaria's rating: 1330 &rarr; <strong>1308<\/strong><br \/>(-22 for losing)\n","uploadtime":1700070174,"views":4,"p1id":"youngesq","p2id":"yellaaltaria","formatid":"gen9anythinggoes","rating":1308,"private":0,"password":""}