{"id":"gen9anythinggoes-1983709220","p1":"imbadatthisforeal","p2":"Mwemonkey213","format":"[Gen 9] Anything Goes","log":"|j|\u2606imbadatthisforeal\n|j|\u2606Mwemonkey213\n|t:|1699164846\n|gametype|singles\n|player|p1|imbadatthisforeal|1|1262\n|player|p2|Mwemonkey213|102|1381\n|teamsize|p1|6\n|teamsize|p2|6\n|gen|9\n|tier|[Gen 9] Anything Goes\n|rated|\n|rule|HP Percentage Mod: HP is shown in percentages\n|rule|Endless Battle Clause: Forcing endless battles is banned\n|clearpoke\n|poke|p1|Clefable, M|\n|poke|p1|Espeon, F|\n|poke|p1|Cinderace, F|\n|poke|p1|Calyrex-Shadow|\n|poke|p1|Glimmora, M|\n|poke|p1|Espathra, F|\n|poke|p2|Drifblim, F|\n|poke|p2|Clefable, F|\n|poke|p2|Eternatus|\n|poke|p2|Calyrex-Shadow|\n|poke|p2|Arceus|\n|poke|p2|Furret, F|\n|teampreview\n|c|\u2606Mwemonkey213|Go wash ur ass u stink\n|c|\u2606Mwemonkey213|go shower\n|inactive|Battle timer is ON: inactive players will automatically lose when time's up. (requested by imbadatthisforeal)\n|c|\u2606Mwemonkey213|I win u go shower deal?\n|\n|t:|1699164879\n|start\n|switch|p1a: Calyrex|Calyrex-Shadow|100\/100\n|switch|p2a: Drifblim|Drifblim, F|100\/100\n|-ability|p1a: Calyrex|As One\n|-ability|p1a: Calyrex|Unnerve\n|turn|1\n|\n|t:|1699164881\n|move|p1a: Calyrex|Astral Barrage|p2a: Drifblim\n|-supereffective|p2a: Drifblim\n|-enditem|p2a: Drifblim|Focus Sash\n|-damage|p2a: Drifblim|1\/100\n|move|p2a: Drifblim|Minimize|p2a: Drifblim\n|-boost|p2a: Drifblim|evasion|2\n|\n|upkeep\n|turn|2\n|\n|t:|1699164885\n|move|p2a: Drifblim|Minimize|p2a: Drifblim\n|-boost|p2a: Drifblim|evasion|2\n|move|p1a: Calyrex|Haze|p1a: Calyrex\n|-clearallboost\n|\n|upkeep\n|turn|3\n|\n|t:|1699164891\n|move|p2a: Drifblim|Minimize|p2a: Drifblim\n|-boost|p2a: Drifblim|evasion|2\n|move|p1a: Calyrex|Astral Barrage|p2a: Drifblim\n|-supereffective|p2a: Drifblim\n|-damage|p2a: Drifblim|0 fnt\n|faint|p2a: Drifblim\n|-ability|p1a: Calyrex|Grim Neigh|boost\n|-boost|p1a: Calyrex|spa|1\n|\n|upkeep\n|\n|t:|1699164906\n|switch|p2a: Clefable|Clefable, F|100\/100\n|turn|4\n|\n|t:|1699164912\n|move|p1a: Calyrex|Astral Barrage|p2a: Clefable\n|-damage|p2a: Clefable|40\/100\n|move|p2a: Clefable|Cosmic Power|p2a: Clefable\n|-boost|p2a: Clefable|def|1\n|-boost|p2a: Clefable|spd|1\n|\n|-heal|p2a: Clefable|46\/100|[from] item: Leftovers\n|upkeep\n|turn|5\n|\n|t:|1699164919\n|move|p2a: Clefable|Protect|p2a: Clefable\n|-singleturn|p2a: Clefable|Protect\n|move|p1a: Calyrex|Draining Kiss|p2a: Clefable\n|-activate|p2a: Clefable|move: Protect\n|\n|-heal|p2a: Clefable|52\/100|[from] item: Leftovers\n|upkeep\n|turn|6\n|\n|t:|1699164923\n|move|p1a: Calyrex|Draining Kiss|p2a: Clefable\n|-damage|p2a: Clefable|40\/100\n|move|p2a: Clefable|Cosmic Power|p2a: Clefable\n|-boost|p2a: Clefable|def|1\n|-boost|p2a: Clefable|spd|1\n|\n|-heal|p2a: Clefable|46\/100|[from] item: Leftovers\n|upkeep\n|turn|7\n|\n|t:|1699164928\n|move|p2a: Clefable|Protect|p2a: Clefable\n|-singleturn|p2a: Clefable|Protect\n|move|p1a: Calyrex|Draining Kiss|p2a: Clefable\n|-activate|p2a: Clefable|move: Protect\n|\n|-heal|p2a: Clefable|52\/100|[from] item: Leftovers\n|upkeep\n|turn|8\n|\n|t:|1699164932\n|move|p1a: Calyrex|Astral Barrage|p2a: Clefable\n|-damage|p2a: Clefable|17\/100\n|move|p2a: Clefable|Wish|p2a: Clefable\n|\n|-heal|p2a: Clefable|23\/100|[from] item: Leftovers\n|upkeep\n|turn|9\n|\n|t:|1699164937\n|move|p2a: Clefable|Protect|p2a: Clefable\n|-singleturn|p2a: Clefable|Protect\n|move|p1a: Calyrex|Haze|p1a: Calyrex\n|-clearallboost\n|\n|-heal|p2a: Clefable|73\/100|[from] move: Wish|[wisher] Clefable\n|-heal|p2a: Clefable|79\/100|[from] item: Leftovers\n|upkeep\n|turn|10\n|\n|t:|1699164940\n|move|p1a: Calyrex|Astral Barrage|p2a: Clefable\n|-damage|p2a: Clefable|12\/100\n|move|p2a: Clefable|Cosmic Power|p2a: Clefable\n|-boost|p2a: Clefable|def|1\n|-boost|p2a: Clefable|spd|1\n|\n|-heal|p2a: Clefable|18\/100|[from] item: Leftovers\n|upkeep\n|turn|11\n|\n|t:|1699164944\n|move|p1a: Calyrex|Astral Barrage|p2a: Clefable\n|-damage|p2a: Clefable|0 fnt\n|faint|p2a: Clefable\n|-ability|p1a: Calyrex|Grim Neigh|boost\n|-boost|p1a: Calyrex|spa|1\n|\n|upkeep\n|\n|t:|1699164953\n|switch|p2a: Furret|Furret, F, shiny|100\/100\n|turn|12\n|\n|t:|1699164958\n|move|p1a: Calyrex|Body Press|p2a: Furret\n|-supereffective|p2a: Furret\n|-damage|p2a: Furret|48\/100\n|move|p2a: Furret|Tidy Up|p2a: Furret\n|-boost|p2a: Furret|atk|1\n|-boost|p2a: Furret|spe|1\n|\n|upkeep\n|turn|13\n|\n|t:|1699164962\n|move|p2a: Furret|Baton Pass|p2a: Furret\n|\n|t:|1699164963\n|switch|p2a: Calyrex|Calyrex-Shadow|100\/100|[from] Baton Pass\n|-ability|p2a: Calyrex|As One\n|-ability|p2a: Calyrex|Unnerve\n|move|p1a: Calyrex|Body Press|p2a: Calyrex\n|-immune|p2a: Calyrex\n|\n|upkeep\n|turn|14\n|\n|t:|1699164971\n|move|p2a: Calyrex|Astral Barrage|p1a: Calyrex\n|-supereffective|p1a: Calyrex\n|-enditem|p1a: Calyrex|Focus Sash\n|-damage|p1a: Calyrex|1\/100\n|move|p1a: Calyrex|Astral Barrage|p2a: Calyrex\n|-supereffective|p2a: Calyrex\n|-enditem|p2a: Calyrex|Focus Sash\n|-damage|p2a: Calyrex|1\/100\n|\n|upkeep\n|turn|15\n|\n|t:|1699164981\n|-terastallize|p1a: Calyrex|Normal\n|move|p2a: Calyrex|Astral Barrage|p1a: Calyrex\n|-immune|p1a: Calyrex\n|move|p1a: Calyrex|Draining Kiss|p2a: Calyrex\n|-damage|p2a: Calyrex|0 fnt\n|-heal|p1a: Calyrex|1\/100|[from] drain|[of] p2a: Calyrex\n|faint|p2a: Calyrex\n|-ability|p1a: Calyrex|Grim Neigh|boost\n|-boost|p1a: Calyrex|spa|1\n|\n|upkeep\n|\n|t:|1699164985\n|switch|p2a: Arceus|Arceus|100\/100\n|turn|16\n|\n|t:|1699164989\n|move|p2a: Arceus|Extreme Speed|p1a: Calyrex\n|-damage|p1a: Calyrex|0 fnt\n|faint|p1a: Calyrex\n|\n|upkeep\n|\n|t:|1699164991\n|switch|p1a: Glimmora|Glimmora, M|100\/100\n|turn|17\n|\n|t:|1699165004\n|switch|p2a: Eternatus|Eternatus|100\/100\n|-ability|p2a: Eternatus|Pressure\n|move|p1a: Glimmora|Toxic|p2a: Eternatus\n|-status|p2a: Eternatus|tox\n|\n|-damage|p2a: Eternatus|94\/100 tox|[from] psn\n|upkeep\n|turn|18\n|l|\u2606imbadatthisforeal\n|inactive|imbadatthisforeal disconnected and has a minute to reconnect!\n|player|p1|\n|c|\u2606Mwemonkey213|Uhhh?\n|inactive|Mwemonkey213 has 120 seconds left.\n|inactive|imbadatthisforeal has 30 seconds to reconnect!\n|inactive|imbadatthisforeal has 20 seconds to reconnect!\n|c|\u2606Mwemonkey213|How am I poisoned?\n|inactive|imbadatthisforeal has 15 seconds to reconnect!\n|inactive|imbadatthisforeal has 10 seconds to reconnect!\n|inactive|imbadatthisforeal has 5 seconds to reconnect!\n|-message|imbadatthisforeal lost due to inactivity.\n|\n|win|Mwemonkey213\n|raw|imbadatthisforeal's rating: 1262 &rarr; <strong>1245<\/strong><br \/>(-17 for losing)\n|raw|Mwemonkey213's rating: 1381 &rarr; <strong>1394<\/strong><br \/>(+13 for winning)\n","uploadtime":1699164858,"views":5,"p1id":"imbadatthisforeal","p2id":"mwemonkey213","formatid":"gen9anythinggoes","rating":1245,"private":0,"password":""}