{"id":"gen9anythinggoes-1999180764","p1":"Mr Honey Brew","p2":"vezdigo","format":"[Gen 9] Anything Goes","log":"|j|\u2606Mr Honey Brew\n|j|\u2606vezdigo\n|t:|1701042216\n|gametype|singles\n|player|p1|Mr Honey Brew|102|1125\n|player|p2|vezdigo|miriam|1281\n|teamsize|p1|6\n|teamsize|p2|6\n|gen|9\n|tier|[Gen 9] Anything Goes\n|rated|\n|rule|HP Percentage Mod: HP is shown in percentages\n|rule|Endless Battle Clause: Forcing endless battles is banned\n|clearpoke\n|poke|p1|Maushold-Four|\n|poke|p1|Flutter Mane|\n|poke|p1|Miraidon|\n|poke|p1|Rabsca, M|\n|poke|p1|Garganacl, F|\n|poke|p1|Houndstone, M|\n|poke|p2|Dialga-Origin|\n|poke|p2|Sneasler, F|\n|poke|p2|Zacian-*|\n|poke|p2|Overqwil, F|\n|poke|p2|Thundurus-Therian, M|\n|poke|p2|Dondozo, F|\n|teampreview\n|\n|t:|1701042232\n|start\n|switch|p1a: DeMarco|Miraidon|100\/100\n|switch|p2a: Sneasler|Sneasler, F, shiny|100\/100\n|-fieldstart|move: Electric Terrain|[from] ability: Hadron Engine|[of] p1a: DeMarco\n|turn|1\n|\n|t:|1701042243\n|-terastallize|p1a: DeMarco|Electric\n|move|p2a: Sneasler|Fake Out|p1a: DeMarco\n|-enditem|p2a: Sneasler|Normal Gem|[from] gem\n|-damage|p1a: DeMarco|80\/100\n|cant|p1a: DeMarco|flinch\n|\n|upkeep\n|turn|2\n|\n|t:|1701042247\n|move|p2a: Sneasler|Dire Claw|p1a: DeMarco\n|-damage|p1a: DeMarco|34\/100\n|move|p1a: DeMarco|Electro Drift|p2a: Sneasler\n|-damage|p2a: Sneasler|0 fnt\n|faint|p2a: Sneasler\n|\n|upkeep\n|\n|t:|1701042256\n|switch|p2a: Thundurus|Thundurus-Therian, M|100\/100\n|turn|3\n|\n|t:|1701042260\n|move|p1a: DeMarco|Power Gem|p2a: Thundurus\n|-supereffective|p2a: Thundurus\n|-damage|p2a: Thundurus|0 fnt\n|faint|p2a: Thundurus\n|\n|upkeep\n|\n|t:|1701042266\n|switch|p2a: Dialga|Dialga-Origin|100\/100\n|-ability|p2a: Dialga|Pressure\n|turn|4\n|\n|t:|1701042269\n|move|p1a: DeMarco|Dragon Pulse|p2a: Dialga\n|-damage|p2a: Dialga|55\/100\n|move|p2a: Dialga|Earth Power|p1a: DeMarco\n|-supereffective|p1a: DeMarco\n|-damage|p1a: DeMarco|0 fnt\n|faint|p1a: DeMarco\n|\n|upkeep\n|\n|t:|1701042287\n|switch|p1a: Flutter Mane|Flutter Mane, shiny|100\/100\n|turn|5\n|\n|t:|1701042291\n|move|p2a: Dialga|Protect|p2a: Dialga\n|-singleturn|p2a: Dialga|Protect\n|move|p1a: Flutter Mane|Shadow Ball|p2a: Dialga\n|-activate|p2a: Dialga|move: Protect\n|\n|-fieldend|move: Electric Terrain\n|upkeep\n|turn|6\n|\n|t:|1701042298\n|switch|p2a: Overqwil|Overqwil, F, shiny|100\/100\n|-ability|p2a: Overqwil|Intimidate|boost\n|-unboost|p1a: Flutter Mane|atk|1\n|move|p1a: Flutter Mane|Mystical Fire|p2a: Overqwil\n|-crit|p2a: Overqwil\n|-damage|p2a: Overqwil|53\/100\n|-unboost|p2a: Overqwil|spa|1\n|-damage|p1a: Flutter Mane|91\/100|[from] item: Life Orb\n|\n|upkeep\n|turn|7\n|\n|t:|1701042307\n|move|p1a: Flutter Mane|Moonblast|p2a: Overqwil\n|-damage|p2a: Overqwil|0 fnt\n|faint|p2a: Overqwil\n|-damage|p1a: Flutter Mane|81\/100|[from] item: Life Orb\n|\n|upkeep\n|\n|t:|1701042310\n|switch|p2a: Zacian|Zacian-Crowned|100\/100\n|-ability|p2a: Zacian|Intrepid Sword|boost\n|-boost|p2a: Zacian|atk|1\n|turn|8\n|\n|t:|1701042321\n|move|p2a: Zacian|Behemoth Blade|p1a: Flutter Mane\n|-supereffective|p1a: Flutter Mane\n|-damage|p1a: Flutter Mane|0 fnt\n|faint|p1a: Flutter Mane\n|-end|p1a: Flutter Mane|Protosynthesis|[silent]\n|\n|upkeep\n|\n|t:|1701042326\n|switch|p1a: Houndstone|Houndstone, M|100\/100\n|turn|9\n|\n|t:|1701042332\n|move|p2a: Zacian|Protect|p2a: Zacian\n|-singleturn|p2a: Zacian|Protect\n|move|p1a: Houndstone|Last Respects|p2a: Zacian\n|-activate|p2a: Zacian|move: Protect\n|\n|upkeep\n|turn|10\n|\n|t:|1701042339\n|move|p2a: Zacian|Play Rough|p1a: Houndstone\n|-damage|p1a: Houndstone|64\/100\n|move|p1a: Houndstone|Last Respects|p2a: Zacian\n|-damage|p2a: Zacian|35\/100\n|\n|upkeep\n|turn|11\n|\n|t:|1701042350\n|move|p2a: Zacian|Behemoth Blade|p1a: Houndstone\n|-damage|p1a: Houndstone|23\/100\n|move|p1a: Houndstone|Last Respects|p2a: Zacian\n|-damage|p2a: Zacian|0 fnt\n|faint|p2a: Zacian\n|\n|upkeep\n|\n|t:|1701042356\n|switch|p2a: Dondozo|Dondozo, F|100\/100\n|turn|12\n|\n|t:|1701042361\n|move|p1a: Houndstone|Last Respects|p2a: Dondozo\n|-damage|p2a: Dondozo|59\/100\n|move|p2a: Dondozo|Curse|p2a: Dondozo\n|-unboost|p2a: Dondozo|spe|1\n|-boost|p2a: Dondozo|atk|1\n|-boost|p2a: Dondozo|def|1\n|\n|upkeep\n|turn|13\n|\n|t:|1701042366\n|move|p2a: Dondozo|Protect|p2a: Dondozo\n|-singleturn|p2a: Dondozo|Protect\n|move|p1a: Houndstone|Last Respects|p2a: Dondozo\n|-activate|p2a: Dondozo|move: Protect\n|\n|upkeep\n|turn|14\n|\n|t:|1701042375\n|move|p1a: Houndstone|Last Respects|p2a: Dondozo\n|-damage|p2a: Dondozo|31\/100\n|move|p2a: Dondozo|Curse|p2a: Dondozo\n|-unboost|p2a: Dondozo|spe|1\n|-boost|p2a: Dondozo|atk|1\n|-boost|p2a: Dondozo|def|1\n|\n|upkeep\n|turn|15\n|\n|t:|1701042382\n|move|p1a: Houndstone|Last Respects|p2a: Dondozo\n|-damage|p2a: Dondozo|11\/100\n|move|p2a: Dondozo|Liquidation|p1a: Houndstone\n|-damage|p1a: Houndstone|0 fnt\n|faint|p1a: Houndstone\n|\n|upkeep\n|\n|t:|1701042386\n|switch|p1a: Maushold|Maushold-Four|100\/100\n|turn|16\n|\n|t:|1701042392\n|move|p1a: Maushold|Population Bomb|p2a: Dondozo\n|-damage|p2a: Dondozo|8\/100\n|-damage|p1a: Maushold|84\/100|[from] item: Rocky Helmet|[of] p2a: Dondozo\n|-damage|p2a: Dondozo|4\/100\n|-damage|p1a: Maushold|67\/100|[from] item: Rocky Helmet|[of] p2a: Dondozo\n|-damage|p2a: Dondozo|1\/100\n|-damage|p1a: Maushold|51\/100|[from] item: Rocky Helmet|[of] p2a: Dondozo\n|-damage|p2a: Dondozo|0 fnt\n|-damage|p1a: Maushold|34\/100|[from] item: Rocky Helmet|[of] p2a: Dondozo\n|faint|p2a: Dondozo\n|-hitcount|p2: Dondozo|4\n|\n|upkeep\n|\n|t:|1701042404\n|switch|p2a: Dialga|Dialga-Origin|55\/100\n|-ability|p2a: Dialga|Pressure\n|turn|17\n|\n|t:|1701042410\n|move|p1a: Maushold|Population Bomb|p2a: Dialga\n|-resisted|p2a: Dialga\n|-damage|p2a: Dialga|51\/100\n|-hitcount|p2a: Dialga|1\n|cant|p2a: Dialga|flinch\n|\n|upkeep\n|turn|18\n|-message|vezdigo forfeited.\n|\n|win|Mr Honey Brew\n|raw|Mr Honey Brew's rating: 1125 &rarr; <strong>1161<\/strong><br \/>(+36 for winning)\n|raw|vezdigo's rating: 1281 &rarr; <strong>1245<\/strong><br \/>(-36 for losing)\n|l|\u2606vezdigo\n","uploadtime":1701042419,"views":7,"p1id":"mrhoneybrew","p2id":"vezdigo","formatid":"gen9anythinggoes","rating":1161,"private":0,"password":""}