{"id":"gen9anythinggoes-1997218169","p1":"jlp4041","p2":"Hawkman100","format":"[Gen 9] Anything Goes","log":"|j|\u2606jlp4041\n|j|\u2606Hawkman100\n|t:|1700776777\n|gametype|singles\n|player|p1|jlp4041|169|1394\n|player|p2|Hawkman100|1|1310\n|teamsize|p1|6\n|teamsize|p2|6\n|gen|9\n|tier|[Gen 9] Anything Goes\n|rated|\n|rule|HP Percentage Mod: HP is shown in percentages\n|rule|Endless Battle Clause: Forcing endless battles is banned\n|clearpoke\n|poke|p1|Calyrex-Shadow|\n|poke|p1|Zacian-*|\n|poke|p1|Miraidon|\n|poke|p1|Glimmora, F|\n|poke|p1|Annihilape, F|\n|poke|p1|Drifblim, F|\n|poke|p2|Iron Bundle|\n|poke|p2|Corviknight, M|\n|poke|p2|Clodsire, M|\n|poke|p2|Calyrex-Shadow|\n|poke|p2|Arceus|\n|poke|p2|Eternatus|\n|teampreview\n|\n|t:|1700776786\n|start\n|switch|p1a: Drifblim|Drifblim, F|100\/100\n|switch|p2a: Iron Bundle|Iron Bundle|100\/100\n|-enditem|p2a: Iron Bundle|Booster Energy\n|-activate|p2a: Iron Bundle|ability: Quark Drive|[fromitem]\n|-start|p2a: Iron Bundle|quarkdrivespe\n|turn|1\n|\n|t:|1700776795\n|move|p2a: Iron Bundle|Taunt|p1a: Drifblim\n|-start|p1a: Drifblim|move: Taunt\n|cant|p1a: Drifblim|move: Taunt|Minimize\n|\n|upkeep\n|turn|2\n|\n|t:|1700776808\n|switch|p1a: Glimmora|Glimmora, F|100\/100\n|move|p2a: Iron Bundle|Ice Beam|p1a: Glimmora\n|-damage|p1a: Glimmora|51\/100\n|-enditem|p1a: Glimmora|Red Card|[of] p2a: Iron Bundle\n|-end|p2a: Iron Bundle|Quark Drive|[silent]\n|drag|p2a: Clodsire|Clodsire, M|100\/100\n|\n|upkeep\n|turn|3\n|\n|t:|1700776819\n|move|p1a: Glimmora|Spikes|p2a: Clodsire\n|-sidestart|p2: Hawkman100|Spikes\n|move|p2a: Clodsire|Earthquake|p1a: Glimmora\n|-supereffective|p1a: Glimmora\n|-damage|p1a: Glimmora|0 fnt\n|-activate|p1a: Glimmora|ability: Toxic Debris\n|-sidestart|p2: Hawkman100|move: Toxic Spikes\n|faint|p1a: Glimmora\n|\n|upkeep\n|\n|t:|1700776834\n|switch|p1a: Annihilape|Annihilape, F|100\/100\n|turn|4\n|\n|t:|1700776841\n|move|p1a: Annihilape|Drain Punch|p2a: Clodsire\n|-resisted|p2a: Clodsire\n|-damage|p2a: Clodsire|80\/100\n|move|p2a: Clodsire|Yawn|p1a: Annihilape\n|-start|p1a: Annihilape|move: Yawn|[of] p2a: Clodsire\n|\n|-heal|p2a: Clodsire|86\/100|[from] item: Black Sludge\n|upkeep\n|turn|5\n|\n|t:|1700776852\n|move|p1a: Annihilape|Drain Punch|p2a: Clodsire\n|-resisted|p2a: Clodsire\n|-damage|p2a: Clodsire|64\/100\n|move|p2a: Clodsire|Toxic Spikes|p1a: Annihilape\n|-sidestart|p1: jlp4041|move: Toxic Spikes\n|\n|-heal|p2a: Clodsire|70\/100|[from] item: Black Sludge\n|-end|p1a: Annihilape|move: Yawn|[silent]\n|-status|p1a: Annihilape|slp\n|upkeep\n|turn|6\n|\n|t:|1700776864\n|switch|p2a: Corviknight|Corviknight, M|100\/100\n|-ability|p2a: Corviknight|Pressure\n|cant|p1a: Annihilape|slp\n|\n|upkeep\n|turn|7\n|\n|t:|1700776871\n|-curestatus|p1a: Annihilape|slp|[msg]\n|move|p1a: Annihilape|Drain Punch|p2a: Corviknight\n|-damage|p2a: Corviknight|70\/100\n|-damage|p1a: Annihilape|84\/100|[from] item: Rocky Helmet|[of] p2a: Corviknight\n|move|p2a: Corviknight|Bulk Up|p2a: Corviknight\n|-boost|p2a: Corviknight|atk|1\n|-boost|p2a: Corviknight|def|1\n|\n|upkeep\n|turn|8\n|\n|t:|1700776884\n|move|p1a: Annihilape|Drain Punch|p2a: Corviknight\n|-damage|p2a: Corviknight|50\/100\n|-heal|p1a: Annihilape|94\/100|[from] drain|[of] p2a: Corviknight\n|-damage|p1a: Annihilape|77\/100|[from] item: Rocky Helmet|[of] p2a: Corviknight\n|move|p2a: Corviknight|Roost|p2a: Corviknight\n|-heal|p2a: Corviknight|99\/100\n|-singleturn|p2a: Corviknight|move: Roost\n|\n|upkeep\n|turn|9\n|\n|t:|1700776894\n|move|p1a: Annihilape|Drain Punch|p2a: Corviknight\n|-damage|p2a: Corviknight|77\/100\n|-heal|p1a: Annihilape|88\/100|[from] drain|[of] p2a: Corviknight\n|-damage|p1a: Annihilape|71\/100|[from] item: Rocky Helmet|[of] p2a: Corviknight\n|move|p2a: Corviknight|Bulk Up|p2a: Corviknight\n|-boost|p2a: Corviknight|atk|1\n|-boost|p2a: Corviknight|def|1\n|\n|upkeep\n|turn|10\n|\n|t:|1700776905\n|switch|p1a: Deez|Miraidon|100\/100\n|-status|p1a: Deez|psn\n|-fieldstart|move: Electric Terrain|[from] ability: Hadron Engine|[of] p1a: Deez\n|move|p2a: Corviknight|Roost|p2a: Corviknight\n|-heal|p2a: Corviknight|100\/100\n|-singleturn|p2a: Corviknight|move: Roost\n|\n|-damage|p1a: Deez|88\/100 psn|[from] psn\n|upkeep\n|turn|11\n|\n|t:|1700776918\n|-terastallize|p2a: Corviknight|Ground\n|move|p1a: Deez|Electro Drift|p2a: Corviknight\n|-immune|p2a: Corviknight\n|move|p2a: Corviknight|Brave Bird|p1a: Deez\n|-resisted|p1a: Deez\n|-crit|p1a: Deez\n|-damage|p1a: Deez|34\/100 psn\n|-damage|p2a: Corviknight|85\/100|[from] Recoil\n|\n|-damage|p1a: Deez|21\/100 psn|[from] psn\n|upkeep\n|turn|12\n|\n|t:|1700776929\n|move|p1a: Deez|Dragon Pulse|p2a: Corviknight\n|-damage|p2a: Corviknight|40\/100\n|move|p2a: Corviknight|Roost|p2a: Corviknight\n|-heal|p2a: Corviknight|90\/100\n|\n|-damage|p1a: Deez|9\/100 psn|[from] psn\n|upkeep\n|turn|13\n|-message|jlp4041 forfeited.\n|\n|win|Hawkman100\n|raw|jlp4041's rating: 1394 &rarr; <strong>1369<\/strong><br \/>(-25 for losing)\n|raw|Hawkman100's rating: 1310 &rarr; <strong>1335<\/strong><br \/>(+25 for winning)\n|l|\u2606jlp4041\n","uploadtime":1700776942,"views":0,"p1id":"jlp4041","p2id":"hawkman100","formatid":"gen9anythinggoes","rating":1335,"private":0,"password":""}