{"id":"gen9anythinggoes-1987201047","p1":"Tedtosterone","p2":"Flacko2nice","format":"[Gen 9] Anything Goes","log":"|j|\u2606Tedtosterone\n|j|\u2606Flacko2nice\n|t:|1699564717\n|gametype|singles\n|player|p1|Tedtosterone|ghetsis-gen5bw|\n|player|p2|Flacko2nice|ingo|\n|teamsize|p1|6\n|teamsize|p2|6\n|gen|9\n|tier|[Gen 9] Anything Goes\n|rule|HP Percentage Mod: HP is shown in percentages\n|rule|Endless Battle Clause: Forcing endless battles is banned\n|clearpoke\n|poke|p1|Samurott-Hisui, M|\n|poke|p1|Kingambit, F|\n|poke|p1|Baxcalibur, M|\n|poke|p1|Mimikyu, F|\n|poke|p1|Slowking-Galar, M|\n|poke|p1|Arcanine-Hisui, M|\n|poke|p2|Annihilape, F|\n|poke|p2|Hatterene, F|\n|poke|p2|Greninja-*, M|\n|poke|p2|Grimmsnarl, M|\n|poke|p2|Brambleghast, F|\n|poke|p2|Enamorus, F|\n|teampreview\n|j| theblandino\n|inactive|Battle timer is ON: inactive players will automatically lose when time's up. (requested by Tedtosterone)\n|j| caligulahar\n|\n|t:|1699564753\n|start\n|switch|p1a: Duke|Slowking-Galar, M|100\/100\n|switch|p2a: Pain 1993|Grimmsnarl, M, shiny|100\/100\n|turn|1\n|\n|t:|1699564767\n|move|p2a: Pain 1993|Light Screen|p2a: Pain 1993\n|-sidestart|p2: Flacko2nice|move: Light Screen\n|move|p1a: Duke|Sludge Bomb|p2a: Pain 1993\n|-supereffective|p2a: Pain 1993\n|-damage|p2a: Pain 1993|75\/100\n|\n|upkeep\n|turn|2\n|\n|t:|1699564772\n|move|p2a: Pain 1993|Reflect|p2a: Pain 1993\n|-sidestart|p2: Flacko2nice|Reflect\n|move|p1a: Duke|Sludge Bomb|p2a: Pain 1993\n|-supereffective|p2a: Pain 1993\n|-crit|p2a: Pain 1993\n|-damage|p2a: Pain 1993|2\/100\n|-status|p2a: Pain 1993|psn\n|\n|-damage|p2a: Pain 1993|0 fnt|[from] psn\n|faint|p2a: Pain 1993\n|upkeep\n|\n|t:|1699564782\n|switch|p2a: 21 Savage|Greninja, M|100\/100\n|turn|3\n|\n|t:|1699564785\n|move|p2a: 21 Savage|Dark Pulse|p1a: Duke\n|-supereffective|p1a: Duke\n|-damage|p1a: Duke|44\/100\n|move|p1a: Duke|Thunder Wave|p2a: 21 Savage\n|-status|p2a: 21 Savage|par\n|\n|upkeep\n|turn|4\n|\n|t:|1699564791\n|cant|p2a: 21 Savage|par\n|move|p1a: Duke|Chilly Reception|p1a: Duke\n|-weather|Snow\n|\n|t:|1699564795\n|switch|p1a: Joe|Baxcalibur, M|100\/100|[from] Chilly Reception\n|\n|-weather|Snow|[upkeep]\n|upkeep\n|turn|5\n|\n|t:|1699564824\n|switch|p2a: For All The Apes|Annihilape, F, shiny|100\/100\n|move|p1a: Joe|Dragon Dance|p1a: Joe\n|-boost|p1a: Joe|atk|1\n|-boost|p1a: Joe|spe|1\n|\n|-weather|Snow|[upkeep]\n|upkeep\n|turn|6\n|inactive|Tedtosterone has 270 seconds left.\n|\n|t:|1699564862\n|move|p1a: Joe|Icicle Spear|p2a: For All The Apes\n|-damage|p2a: For All The Apes|90\/100\n|-damage|p2a: For All The Apes|79\/100\n|-damage|p2a: For All The Apes|69\/100\n|-damage|p2a: For All The Apes|58\/100\n|-damage|p2a: For All The Apes|48\/100\n|-hitcount|p2a: For All The Apes|5\n|move|p2a: For All The Apes|Drain Punch|p1a: Joe\n|-supereffective|p1a: Joe\n|-damage|p1a: Joe|63\/100\n|-heal|p2a: For All The Apes|64\/100|[from] drain|[of] p1a: Joe\n|\n|-weather|Snow|[upkeep]\n|-heal|p2a: For All The Apes|71\/100|[from] item: Leftovers\n|upkeep\n|turn|7\n|inactive|Tedtosterone has 270 seconds left.\n|\n|t:|1699564876\n|move|p1a: Joe|Glaive Rush|p2a: For All The Apes\n|-damage|p2a: For All The Apes|21\/100\n|-singlemove|p1a: Joe|Glaive Rush|[silent]\n|move|p2a: For All The Apes|Rage Fist|p1a: Joe\n|-damage|p1a: Joe|0 fnt\n|faint|p1a: Joe\n|\n|-weather|Snow|[upkeep]\n|-heal|p2a: For All The Apes|28\/100|[from] item: Leftovers\n|upkeep\n|\n|t:|1699564887\n|switch|p1a: Gooner|Mimikyu, F, shiny|100\/100\n|turn|8\n|\n|t:|1699564900\n|move|p1a: Gooner|Shadow Claw|p2a: For All The Apes\n|-supereffective|p2a: For All The Apes\n|-damage|p2a: For All The Apes|0 fnt\n|faint|p2a: For All The Apes\n|-damage|p1a: Gooner|91\/100|[from] item: Life Orb\n|\n|-weather|none\n|-sideend|p2: Flacko2nice|move: Light Screen\n|upkeep\n|\n|t:|1699564907\n|switch|p2a: 21 Savage|Greninja, M|100\/100 par\n|turn|9\n|\n|t:|1699564910\n|move|p2a: 21 Savage|Water Shuriken|p1a: Gooner\n|-activate|p1a: Gooner|ability: Disguise\n|-damage|p1a: Gooner|91\/100\n|detailschange|p1a: Gooner|Mimikyu-Busted, F, shiny\n|-damage|p1a: Gooner|78\/100|[from] pokemon: Mimikyu-Busted\n|-damage|p1a: Gooner|64\/100\n|-damage|p1a: Gooner|51\/100\n|-damage|p1a: Gooner|37\/100\n|-hitcount|p1a: Gooner|4\n|move|p1a: Gooner|Play Rough|p2a: 21 Savage\n|-supereffective|p2a: 21 Savage\n|-damage|p2a: 21 Savage|26\/100 par\n|-damage|p1a: Gooner|27\/100|[from] item: Life Orb\n|\n|-sideend|p2: Flacko2nice|Reflect\n|upkeep\n|turn|10\n|\n|t:|1699564924\n|move|p1a: Gooner|Shadow Sneak|p2a: 21 Savage\n|-resisted|p2a: 21 Savage\n|-damage|p2a: 21 Savage|8\/100 par\n|-damage|p1a: Gooner|17\/100|[from] item: Life Orb\n|move|p2a: 21 Savage|Water Shuriken|p1a: Gooner\n|-damage|p1a: Gooner|4\/100\n|-damage|p1a: Gooner|0 fnt\n|faint|p1a: Gooner\n|-ability|p2a: 21 Savage|Battle Bond|boost\n|-boost|p2a: 21 Savage|atk|1\n|-boost|p2a: 21 Savage|spa|1\n|-boost|p2a: 21 Savage|spe|1\n|-activate|p2a: 21 Savage|ability: Battle Bond\n|-hitcount|p1: Gooner|2\n|\n|upkeep\n|\n|t:|1699564936\n|switch|p1a: Duke|Slowking-Galar, M|77\/100\n|turn|11\n|\n|t:|1699564946\n|switch|p2a: Brambleghast|Brambleghast, F|100\/100\n|move|p1a: Duke|Sludge Bomb|p2a: Brambleghast\n|-damage|p2a: Brambleghast|47\/100\n|\n|upkeep\n|turn|12\n|\n|t:|1699564954\n|move|p2a: Brambleghast|Leech Seed|p1a: Duke\n|-start|p1a: Duke|move: Leech Seed\n|move|p1a: Duke|Sludge Bomb|p2a: Brambleghast\n|-damage|p2a: Brambleghast|0 fnt\n|faint|p2a: Brambleghast\n|\n|upkeep\n|\n|t:|1699564961\n|switch|p2a: 21 Savage|Greninja, M|8\/100 par\n|turn|13\n|\n|t:|1699564968\n|move|p2a: 21 Savage|Dark Pulse|p1a: Duke\n|-supereffective|p1a: Duke\n|-damage|p1a: Duke|16\/100\n|move|p1a: Duke|Sludge Bomb|p2a: 21 Savage\n|-damage|p2a: 21 Savage|0 fnt\n|faint|p2a: 21 Savage\n|\n|upkeep\n|\n|t:|1699564976\n|switch|p2a: Marvin's Room|Enamorus, F|100\/100\n|turn|14\n|\n|t:|1699564981\n|move|p2a: Marvin's Room|Superpower|p1a: Duke\n|-resisted|p1a: Duke\n|-damage|p1a: Duke|8\/100\n|-boost|p2a: Marvin's Room|atk|1\n|-boost|p2a: Marvin's Room|def|1\n|move|p1a: Duke|Thunder Wave|p2a: Marvin's Room\n|-status|p2a: Marvin's Room|par\n|\n|-damage|p1a: Duke|0 fnt|[from] Leech Seed|[of] p2a: Marvin's Room\n|faint|p1a: Duke\n|upkeep\n|\n|t:|1699564993\n|switch|p1a: Axel|Arcanine-Hisui, M|100\/100\n|turn|15\n|\n|t:|1699565005\n|move|p1a: Axel|Head Smash|p2a: Marvin's Room\n|-supereffective|p2a: Marvin's Room\n|-damage|p2a: Marvin's Room|0 fnt\n|faint|p2a: Marvin's Room\n|\n|upkeep\n|\n|t:|1699565010\n|switch|p2a: Take Care|Hatterene, F|100\/100\n|turn|16\n|\n|t:|1699565027\n|move|p1a: Axel|Head Smash|p2a: Take Care\n|-damage|p2a: Take Care|2\/100\n|move|p2a: Take Care|Psychic|p1a: Axel\n|-damage|p1a: Axel|48\/100\n|\n|-heal|p2a: Take Care|8\/100|[from] item: Leftovers\n|upkeep\n|turn|17\n|\n|t:|1699565036\n|move|p1a: Axel|Head Smash|p2a: Take Care\n|-damage|p2a: Take Care|0 fnt\n|faint|p2a: Take Care\n|\n|win|Tedtosterone\n","uploadtime":1699565041,"views":9,"p1id":"tedtosterone","p2id":"flacko2nice","formatid":"gen9anythinggoes","rating":0,"private":0,"password":""}