{"id":"gen9anythinggoes-2000276375","p1":"YaBoiOz","p2":"HansWolp","format":"[Gen 9] Anything Goes","log":"|j|\u203dYaBoiOz\n|j|\u2606HansWolp\n|t:|1701180426\n|gametype|singles\n|player|p1|YaBoiOz|policeman|1248\n|player|p2|HansWolp|blackbelt-gen4dp|1155\n|teamsize|p1|6\n|teamsize|p2|6\n|gen|9\n|tier|[Gen 9] Anything Goes\n|rated|\n|rule|HP Percentage Mod: HP is shown in percentages\n|rule|Endless Battle Clause: Forcing endless battles is banned\n|clearpoke\n|poke|p1|Mew|\n|poke|p1|Dragapult, M|\n|poke|p1|Zamazenta-*|\n|poke|p1|Glimmora, M|\n|poke|p1|Kingambit, M|\n|poke|p1|Corviknight, M|\n|poke|p2|Snorlax, F|\n|poke|p2|Volcarona, M|\n|poke|p2|Toxapex, F|\n|poke|p2|Zamazenta-*|\n|poke|p2|Garganacl, M|\n|poke|p2|Iron Hands|\n|teampreview\n|inactive|Battle timer is ON: inactive players will automatically lose when time's up. (requested by YaBoiOz)\n|\n|t:|1701180449\n|start\n|switch|p1a: Dragapult|Dragapult, M|100\/100\n|switch|p2a: Volcarona|Volcarona, M|100\/100\n|turn|1\n|\n|t:|1701180456\n|move|p1a: Dragapult|Thunder Wave|p2a: Volcarona\n|-status|p2a: Volcarona|par\n|cant|p2a: Volcarona|par\n|\n|upkeep\n|turn|2\n|\n|t:|1701180465\n|move|p1a: Dragapult|Shadow Ball|p2a: Volcarona\n|-damage|p2a: Volcarona|74\/100 par\n|move|p2a: Volcarona|Fiery Dance|p1a: Dragapult\n|-resisted|p1a: Dragapult\n|-damage|p1a: Dragapult|75\/100\n|-boost|p2a: Volcarona|spa|1\n|-enditem|p1a: Dragapult|Mirror Herb\n|-boost|p1a: Dragapult|spa|1|[from] item: Mirror Herb\n|\n|upkeep\n|turn|3\n|\n|t:|1701180476\n|move|p1a: Dragapult|Disable|p2a: Volcarona\n|-start|p2a: Volcarona|Disable|Fiery Dance\n|cant|p2a: Volcarona|Disable|Fiery Dance\n|\n|upkeep\n|turn|4\n|\n|t:|1701180490\n|move|p1a: Dragapult|Shadow Ball|p2a: Volcarona\n|-damage|p2a: Volcarona|38\/100 par\n|move|p2a: Volcarona|Leech Life|p1a: Dragapult\n|-resisted|p1a: Dragapult\n|-damage|p1a: Dragapult|65\/100\n|-heal|p2a: Volcarona|43\/100 par|[from] drain|[of] p1a: Dragapult\n|\n|upkeep\n|turn|5\n|\n|t:|1701180501\n|-terastallize|p2a: Volcarona|Rock\n|move|p1a: Dragapult|Shadow Ball|p2a: Volcarona\n|-damage|p2a: Volcarona|3\/100 par\n|move|p2a: Volcarona|Leech Life|p1a: Dragapult\n|-resisted|p1a: Dragapult\n|-damage|p1a: Dragapult|53\/100\n|-heal|p2a: Volcarona|8\/100 par|[from] drain|[of] p1a: Dragapult\n|\n|upkeep\n|turn|6\n|\n|t:|1701180524\n|switch|p2a: Snorlax|Snorlax, F|100\/100\n|move|p1a: Dragapult|Sucker Punch||[still]\n|-fail|p1a: Dragapult\n|\n|upkeep\n|turn|7\n|\n|t:|1701180533\n|move|p1a: Dragapult|Thunder Wave|p2a: Snorlax\n|-status|p2a: Snorlax|par\n|move|p2a: Snorlax|Stockpile|p2a: Snorlax\n|-start|p2a: Snorlax|stockpile1\n|-boost|p2a: Snorlax|def|1\n|-boost|p2a: Snorlax|spd|1\n|\n|upkeep\n|turn|8\n|\n|t:|1701180541\n|move|p1a: Dragapult|Shadow Ball|p2a: Snorlax\n|-immune|p2a: Snorlax\n|cant|p2a: Snorlax|par\n|\n|upkeep\n|turn|9\n|\n|t:|1701180552\n|switch|p1a: Mew|Mew|100\/100\n|cant|p2a: Snorlax|par\n|\n|upkeep\n|turn|10\n|\n|t:|1701180572\n|move|p1a: Mew|Bulk Up|p1a: Mew\n|-boost|p1a: Mew|atk|1\n|-boost|p1a: Mew|def|1\n|move|p2a: Snorlax|Stockpile|p2a: Snorlax\n|-start|p2a: Snorlax|stockpile2\n|-boost|p2a: Snorlax|def|1\n|-boost|p2a: Snorlax|spd|1\n|\n|upkeep\n|turn|11\n|\n|t:|1701180582\n|move|p1a: Mew|Bulk Up|p1a: Mew\n|-boost|p1a: Mew|atk|1\n|-boost|p1a: Mew|def|1\n|move|p2a: Snorlax|Gunk Shot|p1a: Mew\n|-damage|p1a: Mew|89\/100\n|\n|-heal|p1a: Mew|95\/100|[from] item: Leftovers\n|upkeep\n|turn|12\n|\n|t:|1701180593\n|switch|p2a: Toxapex|Toxapex, F|100\/100\n|move|p1a: Mew|Bulk Up|p1a: Mew\n|-boost|p1a: Mew|atk|1\n|-boost|p1a: Mew|def|1\n|\n|-heal|p1a: Mew|100\/100|[from] item: Leftovers\n|upkeep\n|turn|13\n|\n|t:|1701180614\n|switch|p1a: Glimmora|Glimmora, M|100\/100\n|move|p2a: Toxapex|Haze|p2a: Toxapex\n|-clearallboost\n|\n|upkeep\n|turn|14\n|\n|t:|1701180621\n|move|p1a: Glimmora|Stealth Rock|p2a: Toxapex\n|-sidestart|p2: HansWolp|move: Stealth Rock\n|move|p2a: Toxapex|Ice Beam|p1a: Glimmora\n|-damage|p1a: Glimmora|88\/100\n|\n|upkeep\n|turn|15\n|\n|t:|1701180628\n|move|p2a: Toxapex|Baneful Bunker|p2a: Toxapex\n|-singleturn|p2a: Toxapex|move: Protect\n|move|p1a: Glimmora|Spikes|p2a: Toxapex\n|-sidestart|p2: HansWolp|Spikes\n|\n|upkeep\n|turn|16\n|\n|t:|1701180634\n|move|p1a: Glimmora|Spikes|p2a: Toxapex\n|-sidestart|p2: HansWolp|Spikes\n|move|p2a: Toxapex|Ice Beam|p1a: Glimmora\n|-damage|p1a: Glimmora|77\/100\n|\n|upkeep\n|turn|17\n|\n|t:|1701180640\n|move|p1a: Glimmora|Spikes|p2a: Toxapex\n|-sidestart|p2: HansWolp|Spikes\n|move|p2a: Toxapex|Ice Beam|p1a: Glimmora\n|-damage|p1a: Glimmora|66\/100\n|\n|upkeep\n|turn|18\n|\n|t:|1701180646\n|move|p1a: Glimmora|Toxic Spikes|p2a: Toxapex\n|-sidestart|p2: HansWolp|move: Toxic Spikes\n|move|p2a: Toxapex|Ice Beam|p1a: Glimmora\n|-damage|p1a: Glimmora|55\/100\n|\n|upkeep\n|turn|19\n|inactive|YaBoiOz has 120 seconds left.\n|\n|t:|1701180698\n|move|p1a: Glimmora|Toxic Spikes|p2a: Toxapex\n|-sidestart|p2: HansWolp|move: Toxic Spikes\n|move|p2a: Toxapex|Ice Beam|p1a: Glimmora\n|-damage|p1a: Glimmora|43\/100\n|\n|upkeep\n|turn|20\n|\n|t:|1701180712\n|move|p1a: Glimmora|Explosion|p2a: Toxapex\n|-damage|p2a: Toxapex|76\/100\n|faint|p1a: Glimmora\n|move|p2a: Toxapex|Ice Beam|p1: Glimmora|[notarget]\n|-fail|p2a: Toxapex\n|\n|-heal|p2a: Toxapex|83\/100|[from] item: Black Sludge\n|upkeep\n|\n|t:|1701180719\n|switch|p1a: Mew|Mew|100\/100\n|turn|21\n|\n|t:|1701180724\n|move|p2a: Toxapex|Gunk Shot|p1a: Mew\n|-damage|p1a: Mew|77\/100\n|-status|p1a: Mew|psn\n|-activate|p1a: Mew|ability: Synchronize\n|-immune|p2a: Toxapex\n|move|p1a: Mew|Roar|p2a: Toxapex\n|drag|p2a: Zamazenta|Zamazenta-Crowned|100\/100\n|-damage|p2a: Zamazenta|97\/100|[from] Stealth Rock\n|-damage|p2a: Zamazenta|72\/100|[from] Spikes\n|-ability|p2a: Zamazenta|Dauntless Shield|boost\n|-boost|p2a: Zamazenta|def|1\n|\n|-heal|p1a: Mew|83\/100 psn|[from] item: Leftovers\n|-damage|p1a: Mew|71\/100 psn|[from] psn\n|upkeep\n|turn|22\n|\n|t:|1701180745\n|move|p2a: Zamazenta|Behemoth Bash|p1a: Mew\n|-damage|p1a: Mew|24\/100 psn\n|move|p1a: Mew|Bulk Up|p1a: Mew\n|-boost|p1a: Mew|atk|1\n|-boost|p1a: Mew|def|1\n|\n|-heal|p1a: Mew|30\/100 psn|[from] item: Leftovers\n|-damage|p1a: Mew|18\/100 psn|[from] psn\n|upkeep\n|turn|23\n|\n|t:|1701180756\n|move|p2a: Zamazenta|Behemoth Bash|p1a: Mew\n|-damage|p1a: Mew|0 fnt\n|faint|p1a: Mew\n|\n|upkeep\n|\n|t:|1701180770\n|switch|p1a: Dragapult|Dragapult, M|53\/100\n|turn|24\n|\n|t:|1701180783\n|move|p1a: Dragapult|Disable|p2a: Zamazenta\n|-start|p2a: Zamazenta|Disable|Behemoth Bash\n|move|p2a: Zamazenta|Roar|p1a: Dragapult\n|drag|p1a: Zamazenta|Zamazenta|100\/100\n|-ability|p1a: Zamazenta|Dauntless Shield|boost\n|-boost|p1a: Zamazenta|def|1\n|\n|upkeep\n|turn|25\n|\n|t:|1701180796\n|move|p2a: Zamazenta|Focus Blast|p1a: Zamazenta\n|-damage|p1a: Zamazenta|73\/100\n|move|p1a: Zamazenta|Iron Defense|p1a: Zamazenta\n|-boost|p1a: Zamazenta|def|2\n|\n|-heal|p1a: Zamazenta|80\/100|[from] item: Leftovers\n|upkeep\n|turn|26\n|\n|t:|1701180808\n|move|p2a: Zamazenta|Focus Blast|p1a: Zamazenta\n|-damage|p1a: Zamazenta|56\/100\n|-unboost|p1a: Zamazenta|spd|1\n|move|p1a: Zamazenta|Iron Defense|p1a: Zamazenta\n|-boost|p1a: Zamazenta|def|2\n|\n|-heal|p1a: Zamazenta|62\/100|[from] item: Leftovers\n|upkeep\n|turn|27\n|\n|t:|1701180818\n|move|p2a: Zamazenta|Focus Blast|p1a: Zamazenta\n|-damage|p1a: Zamazenta|27\/100\n|move|p1a: Zamazenta|Play Rough|p2a: Zamazenta\n|-damage|p2a: Zamazenta|60\/100\n|\n|-heal|p1a: Zamazenta|33\/100|[from] item: Leftovers\n|-end|p2a: Zamazenta|Disable\n|upkeep\n|turn|28\n|\n|t:|1701180831\n|move|p2a: Zamazenta|Behemoth Bash|p1a: Zamazenta\n|-damage|p1a: Zamazenta|21\/100\n|move|p1a: Zamazenta|Body Press|p2a: Zamazenta\n|-supereffective|p2a: Zamazenta\n|-damage|p2a: Zamazenta|0 fnt\n|faint|p2a: Zamazenta\n|\n|-heal|p1a: Zamazenta|27\/100|[from] item: Leftovers\n|upkeep\n|l|\u203dYaBoiOz\n|inactive|YaBoiOz disconnected and has a minute to reconnect!\n|player|p1|\n|\n|t:|1701180845\n|switch|p2a: Toxapex|Toxapex, F|83\/100\n|-damage|p2a: Toxapex|70\/100|[from] Stealth Rock\n|-damage|p2a: Toxapex|45\/100|[from] Spikes\n|-sideend|p2: HansWolp|move: Toxic Spikes|[of] p2a: Toxapex\n|turn|29\n|j|\u203dYaBoiOz\n|inactive|YaBoiOz reconnected and has 105 seconds left.\n|player|p1|YaBoiOz|policeman\n|n|\u203dYaBoiOz|yaboioz\n|\n|t:|1701180870\n|move|p2a: Toxapex|Baneful Bunker|p2a: Toxapex\n|-singleturn|p2a: Toxapex|move: Protect\n|move|p1a: Zamazenta|Body Press|p2a: Toxapex\n|-activate|p2a: Toxapex|move: Protect\n|-status|p1a: Zamazenta|psn\n|\n|-heal|p1a: Zamazenta|33\/100 psn|[from] item: Leftovers\n|-heal|p2a: Toxapex|51\/100|[from] item: Black Sludge\n|-damage|p1a: Zamazenta|21\/100 psn|[from] psn\n|upkeep\n|turn|30\n|\n|t:|1701180884\n|move|p1a: Zamazenta|Body Press|p2a: Toxapex\n|-resisted|p2a: Toxapex\n|-damage|p2a: Toxapex|6\/100\n|move|p2a: Toxapex|Ice Beam|p1a: Zamazenta\n|-crit|p1a: Zamazenta\n|-damage|p1a: Zamazenta|0 fnt\n|faint|p1a: Zamazenta\n|\n|-heal|p2a: Toxapex|12\/100|[from] item: Black Sludge\n|upkeep\n|inactive|YaBoiOz has 90 seconds left.\n|\n|t:|1701180903\n|switch|p1a: Corviknight|Corviknight, M|100\/100\n|turn|31\n|\n|t:|1701180910\n|move|p2a: Toxapex|Baneful Bunker|p2a: Toxapex\n|-singleturn|p2a: Toxapex|move: Protect\n|move|p1a: Corviknight|Hurricane|p2a: Toxapex\n|-activate|p2a: Toxapex|move: Protect\n|\n|-heal|p2a: Toxapex|19\/100|[from] item: Black Sludge\n|upkeep\n|turn|32\n|\n|t:|1701180919\n|move|p1a: Corviknight|Hurricane|p2a: Toxapex\n|-damage|p2a: Toxapex|0 fnt\n|faint|p2a: Toxapex\n|\n|upkeep\n|\n|t:|1701180928\n|switch|p2a: Iron Hands|Iron Hands|100\/100\n|-damage|p2a: Iron Hands|94\/100|[from] Stealth Rock\n|-damage|p2a: Iron Hands|69\/100|[from] Spikes\n|-enditem|p2a: Iron Hands|Booster Energy\n|-activate|p2a: Iron Hands|ability: Quark Drive|[fromitem]\n|-start|p2a: Iron Hands|quarkdriveatk\n|turn|33\n|\n|t:|1701180943\n|move|p1a: Corviknight|Hurricane|p2a: Iron Hands|[miss]\n|-miss|p1a: Corviknight|p2a: Iron Hands\n|move|p2a: Iron Hands|Drain Punch|p1a: Corviknight\n|-damage|p1a: Corviknight|55\/100\n|-heal|p2a: Iron Hands|86\/100|[from] drain|[of] p1a: Corviknight\n|\n|upkeep\n|turn|34\n|\n|t:|1701180958\n|move|p1a: Corviknight|Hurricane|p2a: Iron Hands\n|-damage|p2a: Iron Hands|66\/100\n|move|p2a: Iron Hands|Drain Punch|p1a: Corviknight\n|-damage|p1a: Corviknight|8\/100\n|-heal|p2a: Iron Hands|83\/100|[from] drain|[of] p1a: Corviknight\n|\n|upkeep\n|turn|35\n|\n|t:|1701180969\n|move|p1a: Corviknight|Roost|p1a: Corviknight\n|-heal|p1a: Corviknight|58\/100\n|-singleturn|p1a: Corviknight|move: Roost\n|move|p2a: Iron Hands|Drain Punch|p1a: Corviknight\n|-supereffective|p1a: Corviknight\n|-damage|p1a: Corviknight|0 fnt\n|-heal|p2a: Iron Hands|100\/100|[from] drain|[of] p1a: Corviknight\n|faint|p1a: Corviknight\n|\n|upkeep\n|\n|t:|1701180978\n|switch|p1a: Dragapult|Dragapult, M|53\/100\n|turn|36\n|\n|t:|1701180984\n|move|p1a: Dragapult|Shadow Ball|p2a: Iron Hands\n|-damage|p2a: Iron Hands|80\/100\n|move|p2a: Iron Hands|Thunder Punch|p1a: Dragapult\n|-resisted|p1a: Dragapult\n|-damage|p1a: Dragapult|15\/100\n|\n|upkeep\n|turn|37\n|\n|t:|1701181009\n|move|p1a: Dragapult|Disable|p2a: Iron Hands\n|-start|p2a: Iron Hands|Disable|Thunder Punch\n|cant|p2a: Iron Hands|Disable|Thunder Punch\n|\n|upkeep\n|turn|38\n|\n|t:|1701181020\n|move|p1a: Dragapult|Sucker Punch|p2a: Iron Hands\n|-resisted|p2a: Iron Hands\n|-damage|p2a: Iron Hands|72\/100\n|move|p2a: Iron Hands|Volt Switch|p1a: Dragapult\n|-resisted|p1a: Dragapult\n|-damage|p1a: Dragapult|6\/100\n|\n|t:|1701181028\n|-end|p2a: Iron Hands|Quark Drive|[silent]\n|switch|p2a: Garganacl|Garganacl, M|100\/100|[from] Volt Switch\n|-damage|p2a: Garganacl|88\/100|[from] Stealth Rock\n|-damage|p2a: Garganacl|63\/100|[from] Spikes\n|\n|-heal|p2a: Garganacl|69\/100|[from] item: Leftovers\n|upkeep\n|turn|39\n|\n|t:|1701181041\n|move|p1a: Dragapult|Thunder Wave|p2a: Garganacl\n|-status|p2a: Garganacl|par\n|cant|p2a: Garganacl|par\n|\n|-heal|p2a: Garganacl|75\/100 par|[from] item: Leftovers\n|upkeep\n|turn|40\n|\n|t:|1701181050\n|move|p1a: Dragapult|Shadow Ball|p2a: Garganacl\n|-damage|p2a: Garganacl|56\/100 par\n|move|p2a: Garganacl|Salt Cure|p1a: Dragapult\n|-damage|p1a: Dragapult|0 fnt\n|faint|p1a: Dragapult\n|\n|-heal|p2a: Garganacl|62\/100 par|[from] item: Leftovers\n|upkeep\n|\n|t:|1701181058\n|switch|p1a: Kingambit|Kingambit, M|100\/100\n|-activate|p1a: Kingambit|ability: Supreme Overlord\n|-start|p1a: Kingambit|fallen5|[silent]\n|turn|41\n|\n|t:|1701181067\n|-terastallize|p1a: Kingambit|Ghost\n|move|p1a: Kingambit|Focus Blast|p2a: Garganacl\n|-supereffective|p2a: Garganacl\n|-damage|p2a: Garganacl|24\/100 par\n|move|p2a: Garganacl|Salt Cure|p1a: Kingambit\n|-damage|p1a: Kingambit|88\/100\n|-start|p1a: Kingambit|Salt Cure\n|\n|-heal|p2a: Garganacl|30\/100 par|[from] item: Leftovers\n|-damage|p1a: Kingambit|76\/100|[from] Salt Cure\n|upkeep\n|turn|42\n|inactive|YaBoiOz has 120 seconds left.\n|\n|t:|1701181083\n|move|p1a: Kingambit|Focus Blast|p2a: Garganacl\n|-supereffective|p2a: Garganacl\n|-damage|p2a: Garganacl|0 fnt\n|faint|p2a: Garganacl\n|\n|-damage|p1a: Kingambit|64\/100|[from] Salt Cure\n|upkeep\n|\n|t:|1701181093\n|switch|p2a: Volcarona|Volcarona, M, tera:Rock|8\/100 par\n|turn|43\n|\n|t:|1701181102\n|move|p1a: Kingambit|Brick Break|p2a: Volcarona\n|-supereffective|p2a: Volcarona\n|-damage|p2a: Volcarona|0 fnt\n|faint|p2a: Volcarona\n|\n|-damage|p1a: Kingambit|51\/100|[from] Salt Cure\n|upkeep\n|\n|t:|1701181113\n|switch|p2a: Iron Hands|Iron Hands|72\/100\n|-damage|p2a: Iron Hands|65\/100|[from] Stealth Rock\n|-damage|p2a: Iron Hands|40\/100|[from] Spikes\n|turn|44\n|inactive|YaBoiOz has 120 seconds left.\n|\n|t:|1701181136\n|move|p1a: Kingambit|Zen Headbutt|p2a: Iron Hands\n|-supereffective|p2a: Iron Hands\n|-damage|p2a: Iron Hands|0 fnt\n|faint|p2a: Iron Hands\n|-end|p2a: Iron Hands|Quark Drive|[silent]\n|\n|-damage|p1a: Kingambit|39\/100|[from] Salt Cure\n|upkeep\n|\n|t:|1701181144\n|switch|p2a: Snorlax|Snorlax, F|100\/100 par\n|-damage|p2a: Snorlax|88\/100 par|[from] Stealth Rock\n|-damage|p2a: Snorlax|63\/100 par|[from] Spikes\n|turn|45\n|\n|t:|1701181150\n|move|p1a: Kingambit|Focus Blast|p2a: Snorlax\n|-supereffective|p2a: Snorlax\n|-damage|p2a: Snorlax|38\/100 par\n|-enditem|p2a: Snorlax|Iapapa Berry|[eat]\n|-heal|p2a: Snorlax|71\/100 par|[from] item: Iapapa Berry\n|move|p2a: Snorlax|Stockpile|p2a: Snorlax\n|-start|p2a: Snorlax|stockpile1\n|-boost|p2a: Snorlax|def|1\n|-boost|p2a: Snorlax|spd|1\n|\n|-damage|p1a: Kingambit|27\/100|[from] Salt Cure\n|upkeep\n|turn|46\n|\n|t:|1701181164\n|move|p1a: Kingambit|Focus Blast|p2a: Snorlax\n|-supereffective|p2a: Snorlax\n|-damage|p2a: Snorlax|52\/100 par\n|move|p2a: Snorlax|Recycle|p2a: Snorlax\n|-item|p2a: Snorlax|Iapapa Berry|[from] move: Recycle\n|\n|-damage|p1a: Kingambit|14\/100|[from] Salt Cure\n|upkeep\n|turn|47\n|inactive|YaBoiOz has 120 seconds left.\n|\n|t:|1701181184\n|move|p1a: Kingambit|Brick Break|p2a: Snorlax\n|-supereffective|p2a: Snorlax\n|-damage|p2a: Snorlax|11\/100 par\n|-enditem|p2a: Snorlax|Iapapa Berry|[eat]\n|-heal|p2a: Snorlax|44\/100 par|[from] item: Iapapa Berry\n|move|p2a: Snorlax|Stockpile|p2a: Snorlax\n|-start|p2a: Snorlax|stockpile2\n|-boost|p2a: Snorlax|def|1\n|-boost|p2a: Snorlax|spd|1\n|\n|-damage|p1a: Kingambit|2\/100|[from] Salt Cure\n|upkeep\n|turn|48\n|inactive|YaBoiOz has 120 seconds left.\n|\n|t:|1701181198\n|move|p1a: Kingambit|Focus Blast|p2a: Snorlax\n|-supereffective|p2a: Snorlax\n|-damage|p2a: Snorlax|31\/100 par\n|move|p2a: Snorlax|Recycle|p2a: Snorlax\n|-item|p2a: Snorlax|Iapapa Berry|[from] move: Recycle\n|-enditem|p2a: Snorlax|Iapapa Berry|[eat]\n|-heal|p2a: Snorlax|64\/100 par|[from] item: Iapapa Berry\n|\n|-damage|p1a: Kingambit|0 fnt|[from] Salt Cure\n|faint|p1a: Kingambit\n|-end|p1a: Kingambit|fallen5|[silent]\n|\n|win|HansWolp\n|upkeep\n|raw|YaBoiOz's rating: 1248 &rarr; <strong>1216<\/strong><br \/>(-32 for losing)\n|raw|HansWolp's rating: 1155 &rarr; <strong>1187<\/strong><br \/>(+32 for winning)\n|l|\u203dYaBoiOz\n","uploadtime":1701181216,"views":3,"p1id":"yaboioz","p2id":"hanswolp","formatid":"gen9anythinggoes","rating":1187,"private":0,"password":""}