{"id":"gen9anythinggoes-1992858412","p1":"monomuffinn","p2":"Lilicykrie","format":"[Gen 9] Anything Goes","log":"|j|\u203dmonomuffinn\n|j|\u2606Lilicykrie\n|t:|1700241558\n|gametype|singles\n|player|p1|monomuffinn|darach-caitlin|1123\n|player|p2|Lilicykrie|skierf|1075\n|teamsize|p1|6\n|teamsize|p2|6\n|gen|9\n|tier|[Gen 9] Anything Goes\n|rated|\n|rule|HP Percentage Mod: HP is shown in percentages\n|rule|Endless Battle Clause: Forcing endless battles is banned\n|clearpoke\n|poke|p1|Greninja-*, M|\n|poke|p1|Gardevoir, F|\n|poke|p1|Heatran, M|\n|poke|p1|Dragapult, F|\n|poke|p1|Ursaluna-Bloodmoon, M|\n|poke|p1|Kleavor, M|\n|poke|p2|Amoonguss, F|\n|poke|p2|Tauros-Paldea-Aqua, M|\n|poke|p2|Pawmot, M|\n|poke|p2|Azumarill, M|\n|poke|p2|Tinkaton, F|\n|poke|p2|Staraptor, F|\n|teampreview\n|\n|t:|1700241566\n|start\n|switch|p1a: Kleavor|Kleavor, M|100\/100\n|switch|p2a: Azumarill|Azumarill, M|100\/100\n|turn|1\n|\n|t:|1700241578\n|switch|p1a: Gardevoir|Gardevoir, F, shiny|100\/100\n|move|p2a: Azumarill|Belly Drum|p2a: Azumarill\n|-damage|p2a: Azumarill|50\/100\n|-setboost|p2a: Azumarill|atk|6|[from] move: Belly Drum\n|\n|-heal|p2a: Azumarill|57\/100|[from] item: Leftovers\n|upkeep\n|turn|2\n|\n|t:|1700241592\n|move|p2a: Azumarill|Aqua Jet|p1a: Gardevoir\n|-damage|p1a: Gardevoir|0 fnt\n|faint|p1a: Gardevoir\n|\n|-heal|p2a: Azumarill|63\/100|[from] item: Leftovers\n|upkeep\n|\n|t:|1700241606\n|switch|p1a: Greninja|Greninja, M|100\/100\n|turn|3\n|\n|t:|1700241617\n|move|p1a: Greninja|Dark Pulse|p2a: Azumarill\n|-resisted|p2a: Azumarill\n|-damage|p2a: Azumarill|45\/100\n|move|p2a: Azumarill|Play Rough|p1a: Greninja|[miss]\n|-miss|p2a: Azumarill|p1a: Greninja\n|\n|-heal|p2a: Azumarill|51\/100|[from] item: Leftovers\n|upkeep\n|turn|4\n|\n|t:|1700241637\n|move|p1a: Greninja|Extrasensory|p2a: Azumarill\n|-damage|p2a: Azumarill|26\/100\n|cant|p2a: Azumarill|flinch\n|\n|-heal|p2a: Azumarill|32\/100|[from] item: Leftovers\n|upkeep\n|turn|5\n|\n|t:|1700241646\n|move|p1a: Greninja|Extrasensory|p2a: Azumarill\n|-damage|p2a: Azumarill|7\/100\n|move|p2a: Azumarill|Play Rough|p1a: Greninja\n|-supereffective|p1a: Greninja\n|-damage|p1a: Greninja|0 fnt\n|faint|p1a: Greninja\n|\n|-heal|p2a: Azumarill|13\/100|[from] item: Leftovers\n|upkeep\n|inactive|Battle timer is ON: inactive players will automatically lose when time's up. (requested by Lilicykrie)\n|\n|t:|1700241660\n|switch|p1a: Dragapult|Dragapult, F|100\/100\n|turn|6\n|\n|t:|1700241667\n|move|p1a: Dragapult|Sucker Punch|p2a: Azumarill\n|-resisted|p2a: Azumarill\n|-damage|p2a: Azumarill|5\/100\n|move|p2a: Azumarill|Aqua Jet|p1a: Dragapult\n|-resisted|p1a: Dragapult\n|-damage|p1a: Dragapult|56\/100\n|\n|-heal|p2a: Azumarill|11\/100|[from] item: Leftovers\n|upkeep\n|turn|7\n|\n|t:|1700241674\n|move|p1a: Dragapult|Sucker Punch|p2a: Azumarill\n|-resisted|p2a: Azumarill\n|-damage|p2a: Azumarill|1\/100\n|move|p2a: Azumarill|Aqua Jet|p1a: Dragapult\n|-resisted|p1a: Dragapult\n|-damage|p1a: Dragapult|13\/100\n|\n|-heal|p2a: Azumarill|7\/100|[from] item: Leftovers\n|upkeep\n|turn|8\n|\n|t:|1700241681\n|move|p1a: Dragapult|Sucker Punch||[still]\n|-fail|p1a: Dragapult\n|move|p2a: Azumarill|Belly Drum||[still]\n|-fail|p2a: Azumarill\n|\n|-heal|p2a: Azumarill|14\/100|[from] item: Leftovers\n|upkeep\n|turn|9\n|\n|t:|1700241690\n|switch|p1a: Ursaluna|Ursaluna-Bloodmoon, M|100\/100\n|move|p2a: Azumarill|Aqua Jet|p1a: Ursaluna\n|-supereffective|p1a: Ursaluna\n|-damage|p1a: Ursaluna|25\/100\n|\n|-heal|p2a: Azumarill|20\/100|[from] item: Leftovers\n|-heal|p1a: Ursaluna|31\/100|[from] item: Leftovers\n|upkeep\n|turn|10\n|\n|t:|1700241700\n|move|p2a: Azumarill|Aqua Jet|p1a: Ursaluna\n|-supereffective|p1a: Ursaluna\n|-damage|p1a: Ursaluna|0 fnt\n|faint|p1a: Ursaluna\n|\n|-heal|p2a: Azumarill|26\/100|[from] item: Leftovers\n|upkeep\n|\n|t:|1700241710\n|switch|p1a: Dragapult|Dragapult, F|13\/100\n|turn|11\n|\n|t:|1700241715\n|move|p2a: Azumarill|Aqua Jet|p1a: Dragapult\n|-resisted|p1a: Dragapult\n|-damage|p1a: Dragapult|0 fnt\n|faint|p1a: Dragapult\n|\n|-heal|p2a: Azumarill|32\/100|[from] item: Leftovers\n|upkeep\n|\n|t:|1700241725\n|switch|p1a: Kleavor|Kleavor, M|100\/100\n|turn|12\n|\n|t:|1700241736\n|move|p2a: Azumarill|Aqua Jet|p1a: Kleavor\n|-supereffective|p1a: Kleavor\n|-damage|p1a: Kleavor|0 fnt\n|faint|p1a: Kleavor\n|\n|-heal|p2a: Azumarill|38\/100|[from] item: Leftovers\n|upkeep\n|\n|t:|1700241742\n|switch|p1a: Heatran|Heatran, M|100\/100\n|turn|13\n|\n|t:|1700241751\n|move|p2a: Azumarill|Aqua Jet|p1a: Heatran\n|-supereffective|p1a: Heatran\n|-damage|p1a: Heatran|0 fnt\n|faint|p1a: Heatran\n|\n|win|Lilicykrie\n|raw|monomuffinn's rating: 1123 &rarr; <strong>1095<\/strong><br \/>(-28 for losing)\n|raw|Lilicykrie's rating: 1075 &rarr; <strong>1108<\/strong><br \/>(+33 for winning)\n","uploadtime":1700241757,"views":4,"p1id":"monomuffinn","p2id":"lilicykrie","formatid":"gen9anythinggoes","rating":1095,"private":0,"password":""}