{"id":"gen9anythinggoes-1983663586","p1":"Lass Veronica","p2":"xiaotwo","format":"[Gen 9] Anything Goes","log":"|j|\u2606Lass Veronica\n|j|\u2606xiaotwo\n|t:|1699155702\n|gametype|singles\n|player|p1|Lass Veronica|lady-gen4|1176\n|player|p2|xiaotwo|hilbert-wonderlauncher|1246\n|teamsize|p1|6\n|teamsize|p2|6\n|gen|9\n|tier|[Gen 9] Anything Goes\n|rated|\n|rule|HP Percentage Mod: HP is shown in percentages\n|rule|Endless Battle Clause: Forcing endless battles is banned\n|clearpoke\n|poke|p1|Urshifu-*, M|\n|poke|p1|Urshifu-*, M|\n|poke|p1|Zamazenta-*|\n|poke|p1|Infernape, M|\n|poke|p1|Toxicroak, M|\n|poke|p1|Passimian, M|\n|poke|p2|Dragapult, M|\n|poke|p2|Gholdengo|\n|poke|p2|Calyrex-Shadow|\n|poke|p2|Annihilape, M|\n|poke|p2|Flutter Mane|\n|poke|p2|Zoroark-Hisui, M|\n|teampreview\n|\n|t:|1699155724\n|start\n|switch|p1a: Toxicroak|Toxicroak, M|100\/100\n|switch|p2a: Calyrex|Calyrex-Shadow|100\/100\n|-ability|p2a: Calyrex|As One\n|-ability|p2a: Calyrex|Unnerve\n|-ability|p1a: Toxicroak|Anticipation\n|turn|1\n|inactive|Battle timer is ON: inactive players will automatically lose when time's up. (requested by xiaotwo)\n|\n|t:|1699155746\n|move|p1a: Toxicroak|Bullet Punch|p2a: Calyrex\n|-damage|p2a: Calyrex|86\/100\n|move|p2a: Calyrex|Astral Barrage|p1a: Toxicroak\n|-damage|p1a: Toxicroak|0 fnt\n|faint|p1a: Toxicroak\n|-ability|p2a: Calyrex|Grim Neigh|boost\n|-boost|p2a: Calyrex|spa|1\n|-damage|p2a: Calyrex|76\/100|[from] item: Life Orb\n|\n|upkeep\n|\n|t:|1699155759\n|switch|p1a: Urshifu|Urshifu, M|100\/100\n|turn|2\n|\n|t:|1699155765\n|-terastallize|p2a: Calyrex|Fairy\n|move|p1a: Urshifu|Sucker Punch|p2a: Calyrex\n|-resisted|p2a: Calyrex\n|-damage|p2a: Calyrex|49\/100\n|-damage|p1a: Urshifu|91\/100|[from] item: Life Orb\n|move|p2a: Calyrex|Draining Kiss|p1a: Urshifu\n|-supereffective|p1a: Urshifu\n|-damage|p1a: Urshifu|0 fnt\n|-heal|p2a: Calyrex|100\/100|[from] drain|[of] p1a: Urshifu\n|faint|p1a: Urshifu\n|-ability|p2a: Calyrex|Grim Neigh|boost\n|-boost|p2a: Calyrex|spa|1\n|-damage|p2a: Calyrex|91\/100|[from] item: Life Orb\n|\n|upkeep\n|\n|t:|1699155784\n|switch|p1a: Infernape|Infernape, M|100\/100\n|turn|3\n|\n|t:|1699155787\n|move|p1a: Infernape|Mach Punch|p2a: Calyrex\n|-resisted|p2a: Calyrex\n|-damage|p2a: Calyrex|77\/100\n|move|p2a: Calyrex|Draining Kiss|p1a: Infernape\n|-damage|p1a: Infernape|0 fnt\n|-heal|p2a: Calyrex|100\/100|[from] drain|[of] p1a: Infernape\n|faint|p1a: Infernape\n|-ability|p2a: Calyrex|Grim Neigh|boost\n|-boost|p2a: Calyrex|spa|1\n|-damage|p2a: Calyrex|91\/100|[from] item: Life Orb\n|\n|upkeep\n|\n|t:|1699155798\n|switch|p1a: Zamazenta|Zamazenta-Crowned, shiny|100\/100\n|-ability|p1a: Zamazenta|Dauntless Shield|boost\n|-boost|p1a: Zamazenta|def|1\n|turn|4\n|\n|t:|1699155806\n|move|p2a: Calyrex|Draining Kiss|p1a: Zamazenta\n|-damage|p1a: Zamazenta|21\/100\n|-heal|p2a: Calyrex|100\/100|[from] drain|[of] p1a: Zamazenta\n|-damage|p2a: Calyrex|91\/100|[from] item: Life Orb\n|move|p1a: Zamazenta|Behemoth Bash|p2a: Calyrex\n|-supereffective|p2a: Calyrex\n|-damage|p2a: Calyrex|0 fnt\n|faint|p2a: Calyrex\n|\n|upkeep\n|\n|t:|1699155816\n|switch|p2a: Flutter Mane|Flutter Mane|100\/100\n|-enditem|p2a: Flutter Mane|Booster Energy\n|-activate|p2a: Flutter Mane|ability: Protosynthesis|[fromitem]\n|-start|p2a: Flutter Mane|protosynthesisspe\n|turn|5\n|\n|t:|1699155821\n|move|p2a: Flutter Mane|Moonblast|p1a: Zamazenta\n|-damage|p1a: Zamazenta|0 fnt\n|faint|p1a: Zamazenta\n|\n|upkeep\n|\n|t:|1699155825\n|switch|p1a: Passimian|Passimian, M|100\/100\n|turn|6\n|-message|Lass Veronica forfeited.\n|\n|win|xiaotwo\n|raw|Lass Veronica's rating: 1176 &rarr; <strong>1156<\/strong><br \/>(-20 for losing)\n|raw|xiaotwo's rating: 1246 &rarr; <strong>1266<\/strong><br \/>(+20 for winning)\n|l|\u2606Lass Veronica\n","uploadtime":1699155833,"views":6,"p1id":"lassveronica","p2id":"xiaotwo","formatid":"gen9anythinggoes","rating":1156,"private":0,"password":""}