{"id":"gen9anythinggoes-2000369416","p1":"Carlnessman","p2":"Slender235","format":"[Gen 9] Anything Goes","log":"|j|\u2606Carlnessman\n|j|\u2606Slender235\n|t:|1701189011\n|gametype|singles\n|player|p1|Carlnessman|policeman-gen4|1498\n|player|p2|Slender235|ingo|1479\n|teamsize|p1|6\n|teamsize|p2|6\n|gen|9\n|tier|[Gen 9] Anything Goes\n|rated|\n|rule|HP Percentage Mod: HP is shown in percentages\n|rule|Endless Battle Clause: Forcing endless battles is banned\n|clearpoke\n|poke|p1|Chien-Pao|\n|poke|p1|Gholdengo|\n|poke|p1|Tyranitar, M|\n|poke|p1|Ditto|\n|poke|p1|Glimmora, F|\n|poke|p1|Kingambit, M|\n|poke|p2|Calyrex-Shadow|\n|poke|p2|Miraidon|\n|poke|p2|Ting-Lu|\n|poke|p2|Landorus-Therian, M|\n|poke|p2|Espathra, M|\n|poke|p2|Arceus|\n|teampreview\n|inactive|Battle timer is ON: inactive players will automatically lose when time's up. (requested by Carlnessman)\n|\n|t:|1701189048\n|start\n|switch|p1a: Glimmora|Glimmora, F|100\/100\n|switch|p2a: Landorus|Landorus-Therian, M|100\/100\n|-ability|p2a: Landorus|Intimidate|boost\n|-unboost|p1a: Glimmora|atk|1\n|turn|1\n|\n|t:|1701189060\n|move|p1a: Glimmora|Mortal Spin|p2a: Landorus\n|-resisted|p2a: Landorus\n|-damage|p2a: Landorus|99\/100\n|-status|p2a: Landorus|psn\n|-damage|p1a: Glimmora|84\/100|[from] item: Rocky Helmet|[of] p2a: Landorus\n|move|p2a: Landorus|Taunt|p1a: Glimmora\n|-start|p1a: Glimmora|move: Taunt\n|\n|-damage|p2a: Landorus|87\/100 psn|[from] psn\n|upkeep\n|turn|2\n|\n|t:|1701189075\n|switch|p1a: Ditto|Ditto, shiny|100\/100\n|-transform|p1a: Ditto|p2a: Landorus|[from] ability: Imposter\n|-ability|p1a: Ditto|Intimidate|boost\n|-unboost|p2a: Landorus|atk|1\n|move|p2a: Landorus|Stealth Rock|p1a: Ditto\n|-sidestart|p1: Carlnessman|move: Stealth Rock\n|\n|-damage|p2a: Landorus|74\/100 psn|[from] psn\n|upkeep\n|turn|3\n|\n|t:|1701189098\n|move|p1a: Ditto|Stealth Rock|p2a: Landorus\n|-sidestart|p2: Slender235|move: Stealth Rock\n|move|p2a: Landorus|Taunt|p1a: Ditto\n|-start|p1a: Ditto|move: Taunt\n|\n|-damage|p2a: Landorus|62\/100 psn|[from] psn\n|upkeep\n|turn|4\n|\n|t:|1701189105\n|switch|p1a: Glimmora|Glimmora, F|84\/100\n|-damage|p1a: Glimmora|72\/100|[from] Stealth Rock\n|move|p2a: Landorus|U-turn|p1a: Glimmora\n|-resisted|p1a: Glimmora\n|-damage|p1a: Glimmora|63\/100\n|-activate|p1a: Glimmora|ability: Toxic Debris\n|-sidestart|p2: Slender235|move: Toxic Spikes\n|\n|t:|1701189111\n|switch|p2a: Miraidon|Miraidon|100\/100|[from] U-turn\n|-fieldstart|move: Electric Terrain|[from] ability: Hadron Engine|[of] p2a: Miraidon\n|\n|upkeep\n|turn|5\n|\n|t:|1701189120\n|move|p2a: Miraidon|Electro Drift|p1a: Glimmora\n|-damage|p1a: Glimmora|0 fnt\n|faint|p1a: Glimmora\n|\n|upkeep\n|\n|t:|1701189125\n|switch|p1a: Tyranitar|Tyranitar, M|100\/100\n|-damage|p1a: Tyranitar|88\/100|[from] Stealth Rock\n|-weather|Sandstorm|[from] ability: Sand Stream|[of] p1a: Tyranitar\n|turn|6\n|\n|t:|1701189142\n|move|p2a: Miraidon|Electro Drift|p1a: Tyranitar\n|-damage|p1a: Tyranitar|63\/100\n|move|p1a: Tyranitar|Stone Edge|p2a: Miraidon|[miss]\n|-miss|p1a: Tyranitar|p2a: Miraidon\n|\n|-weather|Sandstorm|[upkeep]\n|-damage|p2a: Miraidon|94\/100|[from] Sandstorm\n|upkeep\n|turn|7\n|\n|t:|1701189156\n|move|p2a: Miraidon|U-turn|p1a: Tyranitar\n|-supereffective|p1a: Tyranitar\n|-damage|p1a: Tyranitar|44\/100\n|\n|t:|1701189159\n|switch|p2a: Ting-Lu|Ting-Lu|100\/100|[from] U-turn\n|-damage|p2a: Ting-Lu|94\/100|[from] Stealth Rock\n|-status|p2a: Ting-Lu|psn\n|-ability|p2a: Ting-Lu|Vessel of Ruin\n|move|p1a: Tyranitar|Stone Edge|p2a: Ting-Lu\n|-resisted|p2a: Ting-Lu\n|-damage|p2a: Ting-Lu|83\/100 psn\n|\n|-weather|Sandstorm|[upkeep]\n|-heal|p2a: Ting-Lu|89\/100 psn|[from] item: Leftovers\n|-damage|p2a: Ting-Lu|76\/100 psn|[from] psn\n|upkeep\n|turn|8\n|\n|t:|1701189185\n|switch|p1a: Ditto|Ditto, shiny|100\/100\n|-damage|p1a: Ditto|88\/100|[from] Stealth Rock\n|-transform|p1a: Ditto|p2a: Ting-Lu|[from] ability: Imposter\n|-ability|p1a: Ditto|Vessel of Ruin\n|move|p2a: Ting-Lu|Spikes|p1a: Ditto\n|-sidestart|p1: Carlnessman|Spikes\n|\n|-weather|Sandstorm|[upkeep]\n|-heal|p2a: Ting-Lu|83\/100 psn|[from] item: Leftovers\n|-damage|p2a: Ting-Lu|70\/100 psn|[from] psn\n|-fieldend|move: Electric Terrain\n|upkeep\n|turn|9\n|\n|t:|1701189196\n|move|p1a: Ditto|Whirlwind|p2a: Ting-Lu\n|drag|p2a: Arceus|Arceus|100\/100\n|\n|-weather|Sandstorm|[upkeep]\n|-damage|p2a: Arceus|94\/100|[from] Sandstorm\n|upkeep\n|turn|10\n|\n|t:|1701189206\n|move|p2a: Arceus|Extreme Speed|p1a: Ditto\n|-damage|p1a: Ditto|48\/100\n|move|p1a: Ditto|Whirlwind|p2a: Arceus\n|drag|p2a: Landorus|Landorus-Therian, M|62\/100 psn\n|-damage|p2a: Landorus|50\/100 psn|[from] Stealth Rock\n|-ability|p2a: Landorus|Intimidate|boost\n|-unboost|p1a: Ditto|atk|1\n|\n|-weather|none\n|-damage|p2a: Landorus|37\/100 psn|[from] psn\n|upkeep\n|turn|11\n|\n|t:|1701189216\n|move|p2a: Landorus|Earthquake|p1a: Ditto\n|-damage|p1a: Ditto|4\/100\n|move|p1a: Ditto|Whirlwind|p2a: Landorus\n|drag|p2a: Miraidon|Miraidon|94\/100\n|-fieldstart|move: Electric Terrain|[from] ability: Hadron Engine|[of] p2a: Miraidon\n|\n|upkeep\n|turn|12\n|\n|t:|1701189229\n|move|p2a: Miraidon|U-turn|p1a: Ditto\n|-supereffective|p1a: Ditto\n|-damage|p1a: Ditto|0 fnt\n|faint|p1a: Ditto\n|\n|t:|1701189237\n|switch|p2a: Espathra|Espathra, M|100\/100|[from] U-turn\n|-damage|p2a: Espathra|88\/100|[from] Stealth Rock\n|-status|p2a: Espathra|psn\n|-enditem|p2a: Espathra|Electric Seed\n|-boost|p2a: Espathra|def|1|[from] item: Electric Seed\n|\n|-damage|p2a: Espathra|76\/100 psn|[from] psn\n|upkeep\n|\n|t:|1701189254\n|switch|p1a: Tyranitar|Tyranitar, M|44\/100\n|-damage|p1a: Tyranitar|32\/100|[from] Stealth Rock\n|-damage|p1a: Tyranitar|20\/100|[from] Spikes\n|-weather|Sandstorm|[from] ability: Sand Stream|[of] p1a: Tyranitar\n|turn|13\n|-message|Carlnessman forfeited.\n|\n|win|Slender235\n|raw|Carlnessman's rating: 1498 &rarr; <strong>1477<\/strong><br \/>(-21 for losing)\n|raw|Slender235's rating: 1479 &rarr; <strong>1500<\/strong><br \/>(+21 for winning)\n|l|\u2606Carlnessman\n|l|\u2606Slender235\n|j|\u2606Slender235\n|player|p2|Slender235|ingo\n","uploadtime":1701189319,"views":0,"p1id":"carlnessman","p2id":"slender235","formatid":"gen9anythinggoes","rating":1477,"private":0,"password":""}