{"id":"gen9anythinggoes-1999029768","p1":"strawberrymouse","p2":"MrMimeIsMrKetchum","format":"[Gen 9] Anything Goes","log":"|j|\u2606strawberrymouse\n|j|\u2606MrMimeIsMrKetchum\n|t:|1701025633\n|gametype|singles\n|player|p1|strawberrymouse|mai|1077\n|player|p2|MrMimeIsMrKetchum|swimmerf-gen4|1058\n|teamsize|p1|6\n|teamsize|p2|6\n|gen|9\n|tier|[Gen 9] Anything Goes\n|rated|\n|rule|HP Percentage Mod: HP is shown in percentages\n|rule|Endless Battle Clause: Forcing endless battles is banned\n|clearpoke\n|poke|p1|Volcarona, F|\n|poke|p1|Masquerain, F|\n|poke|p1|Iron Moth|\n|poke|p1|Venomoth, M|\n|poke|p1|Frosmoth, F|\n|poke|p1|Slither Wing|\n|poke|p2|Annihilape, M|\n|poke|p2|Blissey, F|\n|poke|p2|Pawmot, M|\n|poke|p2|Rabsca, M|\n|poke|p2|Pelipper, M|\n|poke|p2|Basculegion, M|\n|teampreview\n|inactive|Battle timer is ON: inactive players will automatically lose when time's up. (requested by strawberrymouse)\n|\n|t:|1701025643\n|start\n|switch|p1a: Masquerain|Masquerain, F|100\/100\n|switch|p2a: Annihilape|Annihilape, M, shiny|100\/100\n|-ability|p1a: Masquerain|Intimidate|boost\n|-unboost|p2a: Annihilape|atk|1\n|-ability|p2a: Annihilape|Defiant|boost\n|-boost|p2a: Annihilape|atk|2\n|turn|1\n|\n|t:|1701025655\n|move|p2a: Annihilape|Final Gambit|p1a: Masquerain\n|-damage|p1a: Masquerain|0 fnt\n|faint|p2a: Annihilape\n|faint|p1a: Masquerain\n|\n|upkeep\n|\n|t:|1701025664\n|switch|p2a: Blissey|Blissey, F, shiny|100\/100\n|switch|p1a: Slither Wing|Slither Wing|100\/100\n|-enditem|p1a: Slither Wing|Booster Energy\n|-activate|p1a: Slither Wing|ability: Protosynthesis|[fromitem]\n|-start|p1a: Slither Wing|protosynthesisatk\n|turn|2\n|\n|t:|1701025670\n|move|p1a: Slither Wing|First Impression|p2a: Blissey\n|-crit|p2a: Blissey\n|-damage|p2a: Blissey|0 fnt\n|faint|p2a: Blissey\n|\n|upkeep\n|\n|t:|1701025678\n|switch|p2a: Pawmot|Pawmot, M, shiny|100\/100\n|turn|3\n|\n|t:|1701025684\n|move|p2a: Pawmot|Revival Blessing|p2a: Pawmot\n|-enditem|p2a: Pawmot|Leppa Berry|[eat]\n|-activate|p2a: Pawmot|item: Leppa Berry|Revival Blessing|[consumed]\n|\n|t:|1701025690\n|-heal|p2: Annihilape|50\/100|[from] move: Revival Blessing\n|move|p1a: Slither Wing|Zen Headbutt|p2a: Pawmot\n|-supereffective|p2a: Pawmot\n|-damage|p2a: Pawmot|7\/100\n|\n|upkeep\n|turn|4\n|\n|t:|1701025699\n|move|p2a: Pawmot|Revival Blessing|p2a: Pawmot\n|\n|t:|1701025701\n|-heal|p2: Blissey|50\/100|[from] move: Revival Blessing\n|move|p1a: Slither Wing|Zen Headbutt|p2a: Pawmot\n|-supereffective|p2a: Pawmot\n|-damage|p2a: Pawmot|0 fnt\n|faint|p2a: Pawmot\n|\n|upkeep\n|\n|t:|1701025706\n|switch|p2a: Annihilape|Annihilape, M, shiny|50\/100\n|turn|5\n|\n|t:|1701025714\n|move|p2a: Annihilape|Final Gambit|p1a: Slither Wing\n|-damage|p1a: Slither Wing|32\/100\n|faint|p2a: Annihilape\n|move|p1a: Slither Wing|Earthquake|p2: Annihilape|[notarget]\n|-fail|p1a: Slither Wing\n|\n|upkeep\n|\n|t:|1701025723\n|switch|p2a: Blissey|Blissey, F, shiny|50\/100\n|turn|6\n|\n|t:|1701025730\n|move|p2a: Blissey|Copycat|p2a: Blissey\n|move|p2a: Blissey|Earthquake|p1a: Slither Wing|[from]move: Copycat\n|-resisted|p1a: Slither Wing\n|-damage|p1a: Slither Wing|29\/100\n|move|p1a: Slither Wing|Brick Break|p2a: Blissey\n|-supereffective|p2a: Blissey\n|-damage|p2a: Blissey|0 fnt\n|faint|p2a: Blissey\n|\n|upkeep\n|\n|t:|1701025739\n|switch|p2a: Rabsca|Rabsca, M, shiny|100\/100\n|turn|7\n|\n|t:|1701025750\n|move|p1a: Slither Wing|Earthquake|p2a: Rabsca\n|-resisted|p2a: Rabsca\n|-damage|p2a: Rabsca|75\/100\n|move|p2a: Rabsca|Revival Blessing|p2a: Rabsca\n|-enditem|p2a: Rabsca|Leppa Berry|[eat]\n|-activate|p2a: Rabsca|item: Leppa Berry|Revival Blessing|[consumed]\n|\n|t:|1701025764\n|-heal|p2: Annihilape|50\/100|[from] move: Revival Blessing\n|\n|upkeep\n|turn|8\n|\n|t:|1701025774\n|-end|p1a: Slither Wing|Protosynthesis|[silent]\n|switch|p1a: Mothra|Volcarona, F|100\/100\n|move|p2a: Rabsca|Revival Blessing|p2a: Rabsca\n|\n|t:|1701025781\n|-heal|p2: Blissey|50\/100|[from] move: Revival Blessing\n|\n|upkeep\n|turn|9\n|\n|t:|1701025796\n|-terastallize|p2a: Rabsca|Rock\n|move|p1a: Mothra|Quiver Dance|p1a: Mothra\n|-boost|p1a: Mothra|spa|1\n|-boost|p1a: Mothra|spd|1\n|-boost|p1a: Mothra|spe|1\n|move|p2a: Rabsca|Power Gem|p1a: Mothra\n|-supereffective|p1a: Mothra\n|-damage|p1a: Mothra|16\/100\n|\n|upkeep\n|turn|10\n|\n|t:|1701025815\n|move|p1a: Mothra|Bug Buzz|p2a: Rabsca\n|-damage|p2a: Rabsca|0 fnt\n|faint|p2a: Rabsca\n|\n|upkeep\n|\n|t:|1701025820\n|switch|p2a: Annihilape|Annihilape, M, shiny|50\/100\n|turn|11\n|\n|t:|1701025823\n|move|p2a: Annihilape|Final Gambit|p1a: Mothra\n|-damage|p1a: Mothra|0 fnt\n|faint|p2a: Annihilape\n|faint|p1a: Mothra\n|\n|upkeep\n|\n|t:|1701025829\n|switch|p2a: Blissey|Blissey, F, shiny|50\/100\n|switch|p1a: Shudderfly|Frosmoth, F|100\/100\n|turn|12\n|\n|t:|1701025839\n|move|p2a: Blissey|Copycat|p2a: Blissey\n|move|p2a: Blissey|Final Gambit|p1a: Shudderfly|[from]move: Copycat\n|-damage|p1a: Shudderfly|0 fnt\n|faint|p2a: Blissey\n|faint|p1a: Shudderfly\n|\n|upkeep\n|\n|t:|1701025846\n|switch|p2a: Pelipper|Pelipper, M, shiny|100\/100\n|switch|p1a: Iron Moth|Iron Moth|100\/100\n|-weather|RainDance|[from] ability: Drizzle|[of] p2a: Pelipper\n|-enditem|p1a: Iron Moth|Booster Energy\n|-activate|p1a: Iron Moth|ability: Quark Drive|[fromitem]\n|-start|p1a: Iron Moth|quarkdrivespa\n|turn|13\n|\n|t:|1701025864\n|-terastallize|p1a: Iron Moth|Flying\n|move|p1a: Iron Moth|Energy Ball|p2a: Pelipper\n|-damage|p2a: Pelipper|38\/100\n|move|p2a: Pelipper|U-turn|p1a: Iron Moth\n|-resisted|p1a: Iron Moth\n|-damage|p1a: Iron Moth|94\/100\n|\n|t:|1701025871\n|switch|p2a: Basculegion|Basculegion, M, shiny|100\/100|[from] U-turn\n|\n|-weather|RainDance|[upkeep]\n|upkeep\n|turn|14\n|\n|t:|1701025882\n|move|p2a: Basculegion|Last Respects|p1a: Iron Moth\n|-damage|p1a: Iron Moth|0 fnt\n|faint|p1a: Iron Moth\n|-end|p1a: Iron Moth|Quark Drive|[silent]\n|\n|-weather|RainDance|[upkeep]\n|upkeep\n|\n|t:|1701025888\n|switch|p1a: Slither Wing|Slither Wing|29\/100\n|turn|15\n|\n|t:|1701025891\n|move|p1a: Slither Wing|First Impression|p2a: Basculegion\n|-resisted|p2a: Basculegion\n|-damage|p2a: Basculegion|69\/100\n|move|p2a: Basculegion|Last Respects|p1a: Slither Wing\n|-damage|p1a: Slither Wing|0 fnt\n|faint|p1a: Slither Wing\n|-end|p1a: Slither Wing|Protosynthesis|[silent]\n|\n|-weather|RainDance|[upkeep]\n|upkeep\n|\n|t:|1701025900\n|switch|p1a: Venomoth|Venomoth, M|100\/100\n|turn|16\n|\n|t:|1701025910\n|move|p2a: Basculegion|Last Respects|p1a: Venomoth\n|-damage|p1a: Venomoth|0 fnt\n|faint|p1a: Venomoth\n|\n|win|MrMimeIsMrKetchum\n|raw|strawberrymouse's rating: 1077 &rarr; <strong>1054<\/strong><br \/>(-23 for losing)\n|raw|MrMimeIsMrKetchum's rating: 1058 &rarr; <strong>1091<\/strong><br \/>(+33 for winning)\n|l|\u2606strawberrymouse\n|c|\u2606MrMimeIsMrKetchum|gg\n","uploadtime":1701025963,"views":0,"p1id":"strawberrymouse","p2id":"mrmimeismrketchum","formatid":"gen9anythinggoes","rating":1054,"private":0,"password":""}