{"id":"gen9anythinggoes-1984533236","p1":"The sussinator","p2":"Pablo331","format":"[Gen 9] Anything Goes","log":"|j|\u2606The sussinator\n|j|\u2606Pablo331\n|t:|1699277032\n|gametype|singles\n|player|p1|The sussinator|bugcatcher-gen4dp|1031\n|player|p2|Pablo331|wally|1000\n|teamsize|p1|6\n|teamsize|p2|6\n|gen|9\n|tier|[Gen 9] Anything Goes\n|rated|\n|rule|HP Percentage Mod: HP is shown in percentages\n|rule|Endless Battle Clause: Forcing endless battles is banned\n|clearpoke\n|poke|p1|Amoonguss, F|\n|poke|p1|Amoonguss, F|\n|poke|p1|Amoonguss, M|\n|poke|p1|Amoonguss, F|\n|poke|p1|Amoonguss, M|\n|poke|p1|Amoonguss, F|\n|poke|p2|Iron Valiant|\n|poke|p2|Goodra, F|\n|poke|p2|Cresselia, F|\n|poke|p2|Braviary, M|\n|poke|p2|Glimmora, F|\n|poke|p2|Sandy Shocks|\n|teampreview\n|\n|t:|1699277059\n|start\n|switch|p1a: Among us|Amoonguss, F|100\/100\n|switch|p2a: Revali|Braviary, M, shiny|100\/100\n|turn|1\n|\n|t:|1699277067\n|move|p2a: Revali|Brave Bird|p1a: Among us\n|-supereffective|p1a: Among us\n|-damage|p1a: Among us|9\/100\n|-damage|p2a: Revali|62\/100|[from] Recoil\n|move|p1a: Among us|Spore|p2a: Revali\n|-status|p2a: Revali|slp|[from] move: Spore\n|\n|-heal|p1a: Among us|15\/100|[from] item: Leftovers\n|upkeep\n|turn|2\n|\n|t:|1699277077\n|cant|p2a: Revali|slp\n|move|p1a: Among us|Giga Drain|p2a: Revali\n|-resisted|p2a: Revali\n|-damage|p2a: Revali|48\/100 slp\n|-heal|p1a: Among us|21\/100|[from] drain|[of] p2a: Revali\n|\n|-heal|p1a: Among us|27\/100|[from] item: Leftovers\n|upkeep\n|turn|3\n|\n|t:|1699277085\n|-curestatus|p2a: Revali|slp|[msg]\n|move|p2a: Revali|Brave Bird|p1a: Among us\n|-supereffective|p1a: Among us\n|-damage|p1a: Among us|0 fnt\n|faint|p1a: Among us\n|-damage|p2a: Revali|37\/100|[from] Recoil\n|\n|upkeep\n|\n|t:|1699277091\n|switch|p1a: Among us|Amoonguss, F|100\/100\n|turn|4\n|\n|t:|1699277096\n|-terastallize|p1a: Among us|Fire\n|move|p2a: Revali|Brave Bird|p1a: Among us\n|-damage|p1a: Among us|53\/100\n|-damage|p2a: Revali|17\/100|[from] Recoil\n|move|p1a: Among us|Spore|p2a: Revali\n|-status|p2a: Revali|slp|[from] move: Spore\n|\n|-heal|p1a: Among us|59\/100|[from] item: Leftovers\n|upkeep\n|turn|5\n|\n|t:|1699277105\n|cant|p2a: Revali|slp\n|move|p1a: Among us|Foul Play|p2a: Revali\n|-damage|p2a: Revali|0 fnt\n|faint|p2a: Revali\n|\n|-heal|p1a: Among us|65\/100|[from] item: Leftovers\n|upkeep\n|\n|t:|1699277118\n|switch|p2a: Me Hairy|Sandy Shocks, shiny|100\/100\n|turn|6\n|\n|t:|1699277122\n|move|p2a: Me Hairy|Earth Power|p1a: Among us\n|-supereffective|p1a: Among us\n|-damage|p1a: Among us|0 fnt\n|faint|p1a: Among us\n|\n|upkeep\n|\n|t:|1699277126\n|switch|p1a: Among us|Amoonguss, M|100\/100\n|turn|7\n|\n|t:|1699277135\n|move|p2a: Me Hairy|Volt Switch|p1a: Among us\n|-resisted|p1a: Among us\n|-damage|p1a: Among us|85\/100\n|\n|t:|1699277141\n|-end|p2a: Me Hairy|Protosynthesis|[silent]\n|switch|p2a: The Best Girl|Goodra, F, shiny|100\/100|[from] Volt Switch\n|move|p1a: Among us|Spore|p2a: The Best Girl\n|-ability|p2a: The Best Girl|Sap Sipper|boost\n|-boost|p2a: The Best Girl|atk|1\n|\n|-heal|p1a: Among us|91\/100|[from] item: Leftovers\n|upkeep\n|turn|8\n|\n|t:|1699277154\n|move|p2a: The Best Girl|Knock Off|p1a: Among us\n|-damage|p1a: Among us|69\/100\n|-enditem|p1a: Among us|Leftovers|[from] move: Knock Off|[of] p2a: The Best Girl\n|move|p1a: Among us|Foul Play|p2a: The Best Girl\n|-damage|p2a: The Best Girl|77\/100\n|\n|upkeep\n|turn|9\n|c|\u2606Pablo331|c:\n|\n|t:|1699277182\n|move|p2a: The Best Girl|Scald|p1a: Among us\n|-resisted|p1a: Among us\n|-damage|p1a: Among us|60\/100\n|-status|p1a: Among us|brn\n|move|p1a: Among us|Foul Play|p2a: The Best Girl\n|-damage|p2a: The Best Girl|65\/100\n|\n|-damage|p1a: Among us|54\/100 brn|[from] brn\n|upkeep\n|turn|10\n|\n|t:|1699277191\n|move|p2a: The Best Girl|Draco Meteor|p1a: Among us\n|-damage|p1a: Among us|11\/100 brn\n|-unboost|p2a: The Best Girl|spa|2\n|move|p1a: Among us|Spore|p2a: The Best Girl\n|-ability|p2a: The Best Girl|Sap Sipper|boost\n|-boost|p2a: The Best Girl|atk|1\n|\n|-damage|p1a: Among us|5\/100 brn|[from] brn\n|upkeep\n|turn|11\n|\n|t:|1699277204\n|move|p2a: The Best Girl|Knock Off|p1a: Among us\n|-damage|p1a: Among us|0 fnt\n|faint|p1a: Among us\n|\n|upkeep\n|\n|t:|1699277208\n|switch|p1a: Among us|Amoonguss, F|100\/100\n|turn|12\n|\n|t:|1699277211\n|move|p2a: The Best Girl|Knock Off|p1a: Among us\n|-damage|p1a: Among us|68\/100\n|-enditem|p1a: Among us|Leftovers|[from] move: Knock Off|[of] p2a: The Best Girl\n|move|p1a: Among us|Giga Drain|p2a: The Best Girl\n|-ability|p2a: The Best Girl|Sap Sipper|boost\n|-boost|p2a: The Best Girl|atk|1\n|\n|upkeep\n|turn|13\n|\n|t:|1699277218\n|move|p2a: The Best Girl|Knock Off|p1a: Among us\n|-damage|p1a: Among us|41\/100\n|move|p1a: Among us|Foul Play|p2a: The Best Girl\n|-damage|p2a: The Best Girl|26\/100\n|\n|upkeep\n|turn|14\n|-message|The sussinator forfeited.\n|\n|win|Pablo331\n|raw|The sussinator's rating: 1031 &rarr; <strong>1015<\/strong><br \/>(-16 for losing)\n|raw|Pablo331's rating: 1000 &rarr; <strong>1044<\/strong><br \/>(+44 for winning)\n|l|\u2606The sussinator\n","uploadtime":1699277238,"views":7,"p1id":"thesussinator","p2id":"pablo331","formatid":"gen9anythinggoes","rating":1015,"private":0,"password":""}