{"id":"gen9anythinggoes-1986935806","p1":"Evuloz","p2":"Spartan-912","format":"[Gen 9] Anything Goes","log":"|j|\u2606Evuloz\n|j|\u2606Spartan-912\n|t:|1699542501\n|gametype|singles\n|player|p1|Evuloz|burglar|1000\n|player|p2|Spartan-912|skyla|1025\n|teamsize|p1|6\n|teamsize|p2|6\n|gen|9\n|tier|[Gen 9] Anything Goes\n|rated|\n|rule|HP Percentage Mod: HP is shown in percentages\n|rule|Endless Battle Clause: Forcing endless battles is banned\n|clearpoke\n|poke|p1|Glimmora, M|\n|poke|p1|Cacturne, F|\n|poke|p1|Rayquaza|\n|poke|p1|Clefable, F|\n|poke|p1|Ceruledge, M|\n|poke|p1|Amoonguss, F|\n|poke|p2|Iron Moth|\n|poke|p2|Iron Valiant|\n|poke|p2|Landorus-Therian, M|\n|poke|p2|Hatterene, F|\n|poke|p2|Dragonite, M|\n|poke|p2|Dragapult, M|\n|teampreview\n|\n|t:|1699542509\n|start\n|switch|p1a: Glimmora|Glimmora, M, shiny|100\/100\n|switch|p2a: Dragonite|Dragonite, M|100\/100\n|turn|1\n|\n|t:|1699542521\n|move|p2a: Dragonite|Earthquake|p1a: Glimmora\n|-supereffective|p1a: Glimmora\n|-damage|p1a: Glimmora|0 fnt\n|-activate|p1a: Glimmora|ability: Toxic Debris\n|-sidestart|p2: Spartan-912|move: Toxic Spikes\n|faint|p1a: Glimmora\n|\n|upkeep\n|\n|t:|1699542527\n|switch|p1a: Rayquaza|Rayquaza, shiny|100\/100\n|-ability|p1a: Rayquaza|Air Lock\n|turn|2\n|\n|t:|1699542548\n|switch|p2a: Iron Moth|Iron Moth|100\/100\n|-sideend|p2: Spartan-912|move: Toxic Spikes|[of] p2a: Iron Moth\n|-enditem|p2a: Iron Moth|Booster Energy\n|-activate|p2a: Iron Moth|ability: Quark Drive|[fromitem]\n|-start|p2a: Iron Moth|quarkdrivespe\n|move|p1a: Rayquaza|Dragon Pulse|p2a: Iron Moth\n|-damage|p2a: Iron Moth|30\/100\n|-damage|p1a: Rayquaza|91\/100|[from] item: Life Orb\n|\n|upkeep\n|turn|3\n|\n|t:|1699542567\n|switch|p1a: Ceruledge|Ceruledge, M, shiny|100\/100\n|move|p2a: Iron Moth|Dazzling Gleam|p1a: Ceruledge\n|-resisted|p1a: Ceruledge\n|-damage|p1a: Ceruledge|91\/100\n|\n|upkeep\n|turn|4\n|\n|t:|1699542576\n|move|p1a: Ceruledge|Shadow Sneak|p2a: Iron Moth\n|-damage|p2a: Iron Moth|8\/100\n|move|p2a: Iron Moth|Psychic|p1a: Ceruledge\n|-crit|p1a: Ceruledge\n|-damage|p1a: Ceruledge|57\/100\n|\n|upkeep\n|turn|5\n|\n|t:|1699542588\n|move|p1a: Ceruledge|Shadow Sneak|p2a: Iron Moth\n|-damage|p2a: Iron Moth|0 fnt\n|faint|p2a: Iron Moth\n|-end|p2a: Iron Moth|Quark Drive|[silent]\n|\n|upkeep\n|\n|t:|1699542598\n|switch|p2a: Dragonite|Dragonite, M|100\/100\n|turn|6\n|\n|t:|1699542607\n|move|p2a: Dragonite|Fire Punch|p1a: Ceruledge\n|-start|p1a: Ceruledge|ability: Flash Fire\n|move|p1a: Ceruledge|Bulk Up|p1a: Ceruledge\n|-boost|p1a: Ceruledge|atk|1\n|-boost|p1a: Ceruledge|def|1\n|\n|upkeep\n|turn|7\n|\n|t:|1699542620\n|-terastallize|p2a: Dragonite|Normal\n|move|p2a: Dragonite|Earthquake|p1a: Ceruledge\n|-supereffective|p1a: Ceruledge\n|-damage|p1a: Ceruledge|0 fnt\n|faint|p1a: Ceruledge\n|\n|upkeep\n|\n|t:|1699542626\n|switch|p1a: Rayquaza|Rayquaza, shiny|91\/100\n|-ability|p1a: Rayquaza|Air Lock\n|turn|8\n|\n|t:|1699542632\n|-terastallize|p1a: Rayquaza|Dragon\n|move|p1a: Rayquaza|Dragon Pulse|p2a: Dragonite\n|-damage|p2a: Dragonite|47\/100\n|-damage|p1a: Rayquaza|81\/100|[from] item: Life Orb\n|move|p2a: Dragonite|Earthquake|p1a: Rayquaza\n|-damage|p1a: Rayquaza|38\/100\n|\n|upkeep\n|turn|9\n|\n|t:|1699542645\n|move|p2a: Dragonite|Extreme Speed|p1a: Rayquaza\n|-damage|p1a: Rayquaza|0 fnt\n|faint|p1a: Rayquaza\n|\n|upkeep\n|-message|Evuloz forfeited.\n|\n|win|Spartan-912\n|raw|Evuloz's rating: 1000 &rarr; <strong>1000<\/strong><br \/>(+0 for losing)\n|raw|Spartan-912's rating: 1025 &rarr; <strong>1059<\/strong><br \/>(+34 for winning)\n|l|\u2606Evuloz\n","uploadtime":1699542659,"views":12,"p1id":"evuloz","p2id":"spartan912","formatid":"gen9anythinggoes","rating":1000,"private":0,"password":""}