{"id":"gen9anythinggoes-2000647542","p1":"papi de quatro","p2":"ggkjkssf","format":"[Gen 9] Anything Goes","log":"|j|\u2606papi de quatro\n|j|\u2606ggkjkssf\n|t:|1701214264\n|gametype|singles\n|player|p1|papi de quatro|266|1245\n|player|p2|ggkjkssf|169|1141\n|teamsize|p1|6\n|teamsize|p2|6\n|gen|9\n|tier|[Gen 9] Anything Goes\n|rated|\n|rule|HP Percentage Mod: HP is shown in percentages\n|rule|Endless Battle Clause: Forcing endless battles is banned\n|clearpoke\n|poke|p1|Dondozo, F|\n|poke|p1|Kingambit, M|\n|poke|p1|Clodsire, F|\n|poke|p1|Clefable, M|\n|poke|p1|Skeledirge, F|\n|poke|p1|Hippowdon, F|\n|poke|p2|Amoonguss, M|\n|poke|p2|Samurott-Hisui, M|\n|poke|p2|Gliscor, M|\n|poke|p2|Kommo-o, F|\n|poke|p2|Ceruledge, F|\n|poke|p2|Urshifu-*, M|\n|teampreview\n|\n|t:|1701214291\n|start\n|switch|p1a: Dondozo|Dondozo, F, shiny|100\/100\n|switch|p2a: Urshifu|Urshifu, M|100\/100\n|turn|1\n|\n|t:|1701214316\n|move|p2a: Urshifu|Bulk Up|p2a: Urshifu\n|-boost|p2a: Urshifu|atk|1\n|-boost|p2a: Urshifu|def|1\n|move|p1a: Dondozo|Fissure|p2a: Urshifu\n|-damage|p2a: Urshifu|0 fnt\n|faint|p2a: Urshifu\n|-ohko\n|\n|upkeep\n|\n|t:|1701214324\n|switch|p2a: Amoonguss|Amoonguss, M, shiny|100\/100\n|turn|2\n|\n|t:|1701214331\n|move|p1a: Dondozo|Fissure|p2a: Amoonguss|[miss]\n|-miss|p1a: Dondozo|p2a: Amoonguss\n|move|p2a: Amoonguss|Spore|p1a: Dondozo\n|-status|p1a: Dondozo|slp|[from] move: Spore\n|\n|upkeep\n|turn|3\n|\n|t:|1701214336\n|cant|p1a: Dondozo|slp\n|move|p1a: Dondozo|Sleep Talk|p1a: Dondozo\n|move|p1a: Dondozo|Avalanche|p2a: Amoonguss|[from]move: Sleep Talk\n|-supereffective|p2a: Amoonguss\n|-damage|p2a: Amoonguss|72\/100\n|move|p2a: Amoonguss|Giga Drain|p1a: Dondozo\n|-supereffective|p1a: Dondozo\n|-damage|p1a: Dondozo|53\/100 slp\n|-heal|p2a: Amoonguss|100\/100|[from] drain|[of] p1a: Dondozo\n|\n|-heal|p1a: Dondozo|59\/100 slp|[from] item: Leftovers\n|upkeep\n|turn|4\n|\n|t:|1701214372\n|-curestatus|p1a: Dondozo|slp|[msg]\n|move|p1a: Dondozo|Sleep Talk||[still]\n|-fail|p1a: Dondozo\n|move|p2a: Amoonguss|Giga Drain|p1a: Dondozo\n|-supereffective|p1a: Dondozo\n|-damage|p1a: Dondozo|10\/100\n|\n|-heal|p1a: Dondozo|16\/100|[from] item: Leftovers\n|upkeep\n|turn|5\n|\n|t:|1701214380\n|move|p1a: Dondozo|Rest|p1a: Dondozo\n|-status|p1a: Dondozo|slp|[from] move: Rest\n|-heal|p1a: Dondozo|100\/100 slp|[silent]\n|move|p2a: Amoonguss|Toxic||[still]\n|-fail|p2a: Amoonguss\n|\n|upkeep\n|turn|6\n|\n|t:|1701214386\n|cant|p1a: Dondozo|slp\n|move|p1a: Dondozo|Sleep Talk|p1a: Dondozo\n|move|p1a: Dondozo|Rest||[from]move: Sleep Talk|[still]\n|-fail|p1a: Dondozo\n|move|p2a: Amoonguss|Giga Drain|p1a: Dondozo\n|-supereffective|p1a: Dondozo\n|-damage|p1a: Dondozo|54\/100 slp\n|\n|-heal|p1a: Dondozo|60\/100 slp|[from] item: Leftovers\n|upkeep\n|turn|7\n|\n|t:|1701214394\n|cant|p1a: Dondozo|slp\n|move|p1a: Dondozo|Sleep Talk|p1a: Dondozo\n|move|p1a: Dondozo|Rest||[from]move: Sleep Talk|[still]\n|-fail|p1a: Dondozo\n|move|p2a: Amoonguss|Giga Drain|p1a: Dondozo\n|-supereffective|p1a: Dondozo\n|-damage|p1a: Dondozo|16\/100 slp\n|\n|-heal|p1a: Dondozo|22\/100 slp|[from] item: Leftovers\n|upkeep\n|turn|8\n|\n|t:|1701214403\n|-curestatus|p1a: Dondozo|slp|[msg]\n|move|p1a: Dondozo|Sleep Talk||[still]\n|-fail|p1a: Dondozo\n|move|p2a: Amoonguss|Giga Drain|p1a: Dondozo\n|-supereffective|p1a: Dondozo\n|-damage|p1a: Dondozo|0 fnt\n|faint|p1a: Dondozo\n|\n|upkeep\n|\n|t:|1701214419\n|switch|p1a: Hippowdon|Hippowdon, F|100\/100\n|-weather|Sandstorm|[from] ability: Sand Stream|[of] p1a: Hippowdon\n|turn|9\n|\n|t:|1701214428\n|move|p1a: Hippowdon|Stockpile|p1a: Hippowdon\n|-start|p1a: Hippowdon|stockpile1\n|-boost|p1a: Hippowdon|def|1\n|-boost|p1a: Hippowdon|spd|1\n|move|p2a: Amoonguss|Spore|p1a: Hippowdon\n|-status|p1a: Hippowdon|slp|[from] move: Spore\n|\n|-weather|Sandstorm|[upkeep]\n|-damage|p2a: Amoonguss|94\/100|[from] Sandstorm\n|-heal|p2a: Amoonguss|100\/100|[from] item: Leftovers\n|upkeep\n|turn|10\n|\n|t:|1701214439\n|switch|p1a: Clodsire|Clodsire, F|100\/100\n|move|p2a: Amoonguss|Giga Drain|p1a: Clodsire\n|-damage|p1a: Clodsire|89\/100\n|\n|-weather|Sandstorm|[upkeep]\n|-damage|p2a: Amoonguss|94\/100|[from] Sandstorm\n|-heal|p2a: Amoonguss|100\/100|[from] item: Leftovers\n|-heal|p1a: Clodsire|95\/100|[from] item: Black Sludge\n|upkeep\n|turn|11\n|\n|t:|1701214448\n|move|p2a: Amoonguss|Spore|p1a: Clodsire\n|-status|p1a: Clodsire|slp|[from] move: Spore\n|cant|p1a: Clodsire|slp\n|\n|-weather|Sandstorm|[upkeep]\n|-damage|p2a: Amoonguss|94\/100|[from] Sandstorm\n|-heal|p2a: Amoonguss|100\/100|[from] item: Leftovers\n|-heal|p1a: Clodsire|100\/100 slp|[from] item: Black Sludge\n|upkeep\n|turn|12\n|\n|t:|1701214479\n|move|p2a: Amoonguss|Giga Drain|p1a: Clodsire\n|-damage|p1a: Clodsire|87\/100 slp\n|cant|p1a: Clodsire|slp\n|\n|-weather|Sandstorm|[upkeep]\n|-damage|p2a: Amoonguss|94\/100|[from] Sandstorm\n|-heal|p2a: Amoonguss|100\/100|[from] item: Leftovers\n|-heal|p1a: Clodsire|94\/100 slp|[from] item: Black Sludge\n|upkeep\n|turn|13\n|\n|t:|1701214488\n|switch|p2a: Samurott|Samurott-Hisui, M, shiny|100\/100\n|-curestatus|p1a: Clodsire|slp|[msg]\n|move|p1a: Clodsire|Earthquake|p2a: Samurott\n|-damage|p2a: Samurott|67\/100\n|\n|-weather|none\n|-heal|p1a: Clodsire|99\/100|[from] item: Black Sludge\n|upkeep\n|turn|14\n|\n|t:|1701214496\n|move|p2a: Samurott|Razor Shell|p1a: Clodsire\n|-supereffective|p1a: Clodsire\n|-damage|p1a: Clodsire|16\/100\n|-unboost|p1a: Clodsire|def|1\n|move|p1a: Clodsire|Toxic|p2a: Samurott\n|-status|p2a: Samurott|tox\n|\n|-heal|p1a: Clodsire|22\/100|[from] item: Black Sludge\n|-damage|p2a: Samurott|61\/100 tox|[from] psn\n|upkeep\n|turn|15\n|\n|t:|1701214511\n|switch|p1a: Clefable|Clefable, M|100\/100\n|move|p2a: Samurott|Razor Shell|p1a: Clefable\n|-crit|p1a: Clefable\n|-damage|p1a: Clefable|48\/100\n|-unboost|p1a: Clefable|def|1\n|-enditem|p1a: Clefable|Sitrus Berry|[eat]\n|-heal|p1a: Clefable|73\/100|[from] item: Sitrus Berry\n|\n|-damage|p2a: Samurott|49\/100 tox|[from] psn\n|upkeep\n|turn|16\n|\n|t:|1701214521\n|move|p2a: Samurott|Razor Shell|p1a: Clefable\n|-damage|p1a: Clefable|25\/100\n|-unboost|p1a: Clefable|def|1\n|move|p1a: Clefable|Draining Kiss|p2a: Samurott\n|-supereffective|p2a: Samurott\n|-damage|p2a: Samurott|3\/100 tox\n|-heal|p1a: Clefable|55\/100|[from] drain|[of] p2a: Samurott\n|\n|-damage|p2a: Samurott|0 fnt|[from] psn\n|faint|p2a: Samurott\n|upkeep\n|\n|t:|1701214532\n|switch|p2a: Amoonguss|Amoonguss, M, shiny|100\/100\n|turn|17\n|\n|t:|1701214539\n|move|p1a: Clefable|Wish|p1a: Clefable\n|move|p2a: Amoonguss|Spore|p1a: Clefable\n|-status|p1a: Clefable|slp|[from] move: Spore\n|\n|upkeep\n|turn|18\n|\n|t:|1701214550\n|switch|p1a: Clodsire|Clodsire, F|22\/100\n|move|p2a: Amoonguss|Sludge Bomb|p1a: Clodsire\n|-resisted|p1a: Clodsire\n|-damage|p1a: Clodsire|18\/100\n|\n|-heal|p1a: Clodsire|61\/100|[from] move: Wish|[wisher] Clefable\n|-heal|p1a: Clodsire|67\/100|[from] item: Black Sludge\n|upkeep\n|turn|19\n|\n|t:|1701214561\n|move|p2a: Amoonguss|Spore|p1a: Clodsire\n|-status|p1a: Clodsire|slp|[from] move: Spore\n|cant|p1a: Clodsire|slp\n|\n|-heal|p1a: Clodsire|73\/100 slp|[from] item: Black Sludge\n|upkeep\n|turn|20\n|\n|t:|1701214574\n|switch|p2a: Kommo-o|Kommo-o, F|100\/100\n|-curestatus|p1a: Clodsire|slp|[msg]\n|move|p1a: Clodsire|Earthquake|p2a: Kommo-o\n|-damage|p2a: Kommo-o|76\/100\n|\n|-heal|p1a: Clodsire|80\/100|[from] item: Black Sludge\n|upkeep\n|turn|21\n|\n|t:|1701214582\n|move|p2a: Kommo-o|Dragon Dance|p2a: Kommo-o\n|-boost|p2a: Kommo-o|atk|1\n|-boost|p2a: Kommo-o|spe|1\n|move|p1a: Clodsire|Stealth Rock|p2a: Kommo-o\n|-sidestart|p2: ggkjkssf|move: Stealth Rock\n|\n|-heal|p1a: Clodsire|86\/100|[from] item: Black Sludge\n|upkeep\n|turn|22\n|\n|t:|1701214588\n|move|p2a: Kommo-o|Earthquake|p1a: Clodsire\n|-supereffective|p1a: Clodsire\n|-damage|p1a: Clodsire|25\/100\n|move|p1a: Clodsire|Toxic|p2a: Kommo-o\n|-status|p2a: Kommo-o|tox\n|\n|-heal|p1a: Clodsire|32\/100|[from] item: Black Sludge\n|-damage|p2a: Kommo-o|70\/100 tox|[from] psn\n|upkeep\n|turn|23\n|\n|t:|1701214601\n|move|p2a: Kommo-o|Dragon Dance|p2a: Kommo-o\n|-boost|p2a: Kommo-o|atk|1\n|-boost|p2a: Kommo-o|spe|1\n|move|p1a: Clodsire|Recover|p1a: Clodsire\n|-heal|p1a: Clodsire|82\/100\n|\n|-heal|p1a: Clodsire|88\/100|[from] item: Black Sludge\n|-damage|p2a: Kommo-o|58\/100 tox|[from] psn\n|upkeep\n|turn|24\n|\n|t:|1701214613\n|switch|p1a: Hippowdon|Hippowdon, F|100\/100 slp\n|-weather|Sandstorm|[from] ability: Sand Stream|[of] p1a: Hippowdon\n|move|p2a: Kommo-o|Earthquake|p1a: Hippowdon\n|-damage|p1a: Hippowdon|74\/100 slp\n|\n|-weather|Sandstorm|[upkeep]\n|-damage|p2a: Kommo-o|52\/100 tox|[from] Sandstorm\n|-damage|p2a: Kommo-o|34\/100 tox|[from] psn\n|upkeep\n|turn|25\n|\n|t:|1701214624\n|move|p2a: Kommo-o|Dragon Claw|p1a: Hippowdon\n|-crit|p1a: Hippowdon\n|-damage|p1a: Hippowdon|11\/100 slp\n|-damage|p2a: Kommo-o|17\/100 tox|[from] item: Rocky Helmet|[of] p1a: Hippowdon\n|cant|p1a: Hippowdon|slp\n|\n|-weather|Sandstorm|[upkeep]\n|-damage|p2a: Kommo-o|11\/100 tox|[from] Sandstorm\n|-damage|p2a: Kommo-o|0 fnt|[from] psn\n|faint|p2a: Kommo-o\n|upkeep\n|\n|t:|1701214643\n|switch|p2a: Amoonguss|Amoonguss, M, shiny|100\/100\n|-damage|p2a: Amoonguss|88\/100|[from] Stealth Rock\n|turn|26\n|\n|t:|1701214648\n|move|p2a: Amoonguss|Giga Drain|p1a: Hippowdon\n|-supereffective|p1a: Hippowdon\n|-crit|p1a: Hippowdon\n|-damage|p1a: Hippowdon|0 fnt\n|-heal|p2a: Amoonguss|94\/100|[from] drain|[of] p1a: Hippowdon\n|faint|p1a: Hippowdon\n|\n|-weather|Sandstorm|[upkeep]\n|-damage|p2a: Amoonguss|88\/100|[from] Sandstorm\n|-heal|p2a: Amoonguss|94\/100|[from] item: Leftovers\n|upkeep\n|\n|t:|1701214679\n|switch|p1a: Skeledirge|Skeledirge, F, shiny|100\/100\n|turn|27\n|\n|t:|1701214683\n|move|p1a: Skeledirge|Torch Song|p2a: Amoonguss\n|-supereffective|p2a: Amoonguss\n|-damage|p2a: Amoonguss|20\/100\n|-boost|p1a: Skeledirge|spa|1\n|move|p2a: Amoonguss|Spore|p1a: Skeledirge\n|-status|p1a: Skeledirge|slp|[from] move: Spore\n|\n|-weather|Sandstorm|[upkeep]\n|-damage|p1a: Skeledirge|94\/100 slp|[from] Sandstorm\n|-damage|p2a: Amoonguss|14\/100|[from] Sandstorm\n|-heal|p2a: Amoonguss|20\/100|[from] item: Leftovers\n|upkeep\n|turn|28\n|\n|t:|1701214695\n|switch|p2a: Gliscor|Gliscor, M, shiny|100\/100\n|-damage|p2a: Gliscor|88\/100|[from] Stealth Rock\n|cant|p1a: Skeledirge|slp\n|\n|-weather|none\n|-status|p2a: Gliscor|tox|[from] item: Toxic Orb\n|upkeep\n|turn|29\n|\n|t:|1701214703\n|move|p2a: Gliscor|Stone Edge|p1a: Skeledirge|[miss]\n|-miss|p2a: Gliscor|p1a: Skeledirge\n|cant|p1a: Skeledirge|slp\n|\n|-heal|p2a: Gliscor|100\/100 tox|[from] ability: Poison Heal\n|upkeep\n|turn|30\n|\n|t:|1701214710\n|move|p2a: Gliscor|Stealth Rock|p1a: Skeledirge\n|-sidestart|p1: papi de quatro|move: Stealth Rock\n|cant|p1a: Skeledirge|slp\n|\n|upkeep\n|turn|31\n|\n|t:|1701214714\n|move|p2a: Gliscor|Spikes|p1a: Skeledirge\n|-sidestart|p1: papi de quatro|Spikes\n|-curestatus|p1a: Skeledirge|slp|[msg]\n|move|p1a: Skeledirge|Hex|p2a: Gliscor\n|-damage|p2a: Gliscor|0 fnt\n|faint|p2a: Gliscor\n|\n|upkeep\n|\n|t:|1701214728\n|switch|p2a: Ceruledge|Ceruledge, F|100\/100\n|-damage|p2a: Ceruledge|75\/100|[from] Stealth Rock\n|turn|32\n|\n|t:|1701214736\n|move|p2a: Ceruledge|Psycho Cut|p1a: Skeledirge\n|-damage|p1a: Skeledirge|77\/100\n|move|p1a: Skeledirge|Hex|p2a: Ceruledge\n|-supereffective|p2a: Ceruledge\n|-damage|p2a: Ceruledge|0 fnt\n|faint|p2a: Ceruledge\n|\n|upkeep\n|-message|ggkjkssf forfeited.\n|\n|win|papi de quatro\n|raw|papi de quatro's rating: 1245 &rarr; <strong>1263<\/strong><br \/>(+18 for winning)\n|raw|ggkjkssf's rating: 1141 &rarr; <strong>1123<\/strong><br \/>(-18 for losing)\n|l|\u2606ggkjkssf\n","uploadtime":1701214751,"views":0,"p1id":"papidequatro","p2id":"ggkjkssf","formatid":"gen9anythinggoes","rating":1123,"private":0,"password":""}