{"id":"gen9anythinggoes-1971611048","p1":"E9 Disease","p2":"14242 propped in","format":"[Gen 9] Anything Goes","log":"|j|\u2606E9 Disease\n|j|\u260614242 propped in\n|t:|1697753170\n|gametype|singles\n|player|p1|E9 Disease|policeman|1067\n|player|p2|14242 propped in|1|1082\n|teamsize|p1|6\n|teamsize|p2|6\n|gen|9\n|tier|[Gen 9] Anything Goes\n|rated|\n|rule|HP Percentage Mod: HP is shown in percentages\n|rule|Endless Battle Clause: Forcing endless battles is banned\n|clearpoke\n|poke|p1|Moltres-Galar|\n|poke|p1|Landorus, M|\n|poke|p1|Corviknight, F|\n|poke|p1|Drifblim, M|\n|poke|p1|Hawlucha, M|\n|poke|p1|Gyarados, F|\n|poke|p2|Slaking, M|\n|poke|p2|Lokix, F|\n|poke|p2|Gallade, M|\n|poke|p2|Cloyster, M|\n|poke|p2|Bombirdier, M|\n|poke|p2|Zarude|\n|teampreview\n|\n|t:|1697753176\n|start\n|switch|p1a: Moltres|Moltres-Galar, shiny|100\/100\n|switch|p2a: Slaking|Slaking, M|100\/100\n|turn|1\n|j| mckenzieCLIO\n|\n|t:|1697753191\n|move|p2a: Slaking|Hammer Arm|p1a: Moltres\n|-damage|p1a: Moltres|29\/100\n|-unboost|p2a: Slaking|spe|1\n|-ability|p1a: Moltres|Berserk|boost\n|-boost|p1a: Moltres|spa|1\n|move|p1a: Moltres|Nasty Plot|p1a: Moltres\n|-boost|p1a: Moltres|spa|2\n|\n|upkeep\n|turn|2\n|\n|t:|1697753207\n|switch|p2a: Lokix|Lokix, F|100\/100\n|move|p1a: Moltres|Fiery Wrath|p2a: Lokix\n|-resisted|p2a: Lokix\n|-damage|p2a: Lokix|13\/100\n|\n|upkeep\n|turn|3\n|\n|t:|1697753224\n|move|p2a: Lokix|First Impression|p1a: Moltres\n|-damage|p1a: Moltres|0 fnt\n|faint|p1a: Moltres\n|\n|upkeep\n|\n|t:|1697753233\n|switch|p1a: El'pajaro rojo|Hawlucha, M, shiny|100\/100\n|-ability|p1a: El'pajaro rojo|Mold Breaker\n|turn|4\n|\n|t:|1697753246\n|move|p2a: Lokix|Knock Off|p1a: El'pajaro rojo\n|-resisted|p1a: El'pajaro rojo\n|-damage|p1a: El'pajaro rojo|51\/100\n|-enditem|p1a: El'pajaro rojo|Muscle Band|[from] move: Knock Off|[of] p2a: Lokix\n|move|p1a: El'pajaro rojo|Dual Wingbeat|p2a: Lokix\n|-supereffective|p2a: Lokix\n|-damage|p2a: Lokix|0 fnt\n|faint|p2a: Lokix\n|-hitcount|p2: Lokix|1\n|\n|upkeep\n|\n|t:|1697753255\n|switch|p2a: Slaking|Slaking, M|100\/100\n|turn|5\n|\n|t:|1697753261\n|move|p2a: Slaking|Body Slam|p1a: El'pajaro rojo\n|-damage|p1a: El'pajaro rojo|0 fnt\n|faint|p1a: El'pajaro rojo\n|\n|upkeep\n|\n|t:|1697753268\n|switch|p1a: Landorus|Landorus, M|100\/100\n|turn|6\n|\n|t:|1697753289\n|switch|p2a: Bombirdier|Bombirdier, M|100\/100\n|move|p1a: Landorus|Sandstorm|p1a: Landorus\n|-weather|Sandstorm\n|\n|-weather|Sandstorm|[upkeep]\n|-damage|p2a: Bombirdier|94\/100|[from] Sandstorm\n|upkeep\n|turn|7\n|\n|t:|1697753301\n|-terastallize|p2a: Bombirdier|Electric\n|move|p1a: Landorus|Sandsear Storm|p2a: Bombirdier|[miss]\n|-miss|p1a: Landorus|p2a: Bombirdier\n|move|p2a: Bombirdier|Hone Claws|p2a: Bombirdier\n|-boost|p2a: Bombirdier|atk|1\n|-boost|p2a: Bombirdier|accuracy|1\n|\n|-weather|Sandstorm|[upkeep]\n|-damage|p2a: Bombirdier|88\/100|[from] Sandstorm\n|upkeep\n|turn|8\n|\n|t:|1697753313\n|move|p1a: Landorus|Body Slam|p2a: Bombirdier\n|-damage|p2a: Bombirdier|46\/100\n|move|p2a: Bombirdier|Rock Slide|p1a: Landorus\n|-damage|p1a: Landorus|34\/100\n|\n|-weather|Sandstorm|[upkeep]\n|-damage|p2a: Bombirdier|40\/100|[from] Sandstorm\n|upkeep\n|turn|9\n|\n|t:|1697753327\n|move|p1a: Landorus|Body Slam|p2a: Bombirdier\n|-damage|p2a: Bombirdier|3\/100\n|move|p2a: Bombirdier|Rock Slide|p1a: Landorus\n|-damage|p1a: Landorus|0 fnt\n|faint|p1a: Landorus\n|\n|-weather|Sandstorm|[upkeep]\n|-damage|p2a: Bombirdier|0 fnt|[from] Sandstorm\n|faint|p2a: Bombirdier\n|upkeep\n|l| mckenzieCLIO\n|\n|t:|1697753338\n|switch|p1a: Drifblim|Drifblim, M|100\/100\n|switch|p2a: Cloyster|Cloyster, M|100\/100\n|turn|10\n|\n|t:|1697753345\n|move|p2a: Cloyster|Substitute|p2a: Cloyster\n|-start|p2a: Cloyster|Substitute\n|-damage|p2a: Cloyster|76\/100\n|move|p1a: Drifblim|Destiny Bond|p1a: Drifblim\n|-singlemove|p1a: Drifblim|Destiny Bond\n|\n|-weather|none\n|-status|p1a: Drifblim|brn|[from] item: Flame Orb\n|upkeep\n|turn|11\n|\n|t:|1697753357\n|move|p2a: Cloyster|Shell Smash|p2a: Cloyster\n|-unboost|p2a: Cloyster|def|1\n|-unboost|p2a: Cloyster|spd|1\n|-boost|p2a: Cloyster|atk|2\n|-boost|p2a: Cloyster|spa|2\n|-boost|p2a: Cloyster|spe|2\n|move|p1a: Drifblim|Facade|p2a: Cloyster\n|-end|p2a: Cloyster|Substitute\n|\n|-damage|p1a: Drifblim|94\/100 brn|[from] brn\n|upkeep\n|turn|12\n|\n|t:|1697753367\n|move|p2a: Cloyster|Substitute|p2a: Cloyster\n|-start|p2a: Cloyster|Substitute\n|-damage|p2a: Cloyster|51\/100\n|move|p1a: Drifblim|Destiny Bond|p1a: Drifblim\n|-singlemove|p1a: Drifblim|Destiny Bond\n|\n|-damage|p1a: Drifblim|88\/100 brn|[from] brn\n|upkeep\n|turn|13\n|\n|t:|1697753376\n|move|p2a: Cloyster|Icicle Spear|p1a: Drifblim\n|-supereffective|p1a: Drifblim\n|-damage|p1a: Drifblim|19\/100 brn\n|-supereffective|p1a: Drifblim\n|-damage|p1a: Drifblim|0 fnt\n|faint|p1a: Drifblim\n|-activate|p1a: Drifblim|move: Destiny Bond\n|faint|p2a: Cloyster\n|-hitcount|p1: Drifblim|2\n|\n|upkeep\n|\n|t:|1697753386\n|switch|p2a: Zarude|Zarude|100\/100\n|switch|p1a: Corviknight|Corviknight, F, shiny|100\/100\n|turn|14\n|\n|t:|1697753396\n|move|p2a: Zarude|Knock Off|p1a: Corviknight\n|-damage|p1a: Corviknight|48\/100\n|-enditem|p1a: Corviknight|Covert Cloak|[from] move: Knock Off|[of] p2a: Zarude\n|move|p1a: Corviknight|Reflect|p1a: Corviknight\n|-sidestart|p1: E9 Disease|Reflect\n|\n|upkeep\n|turn|15\n|\n|t:|1697753419\n|move|p2a: Zarude|Bulk Up|p2a: Zarude\n|-boost|p2a: Zarude|atk|1\n|-boost|p2a: Zarude|def|1\n|move|p1a: Corviknight|Drill Peck|p2a: Zarude\n|-supereffective|p2a: Zarude\n|-damage|p2a: Zarude|66\/100\n|\n|upkeep\n|turn|16\n|\n|t:|1697753429\n|move|p2a: Zarude|Knock Off|p1a: Corviknight\n|-damage|p1a: Corviknight|20\/100\n|move|p1a: Corviknight|Iron Head|p2a: Zarude\n|-damage|p2a: Zarude|47\/100\n|\n|upkeep\n|turn|17\n|\n|t:|1697753438\n|move|p2a: Zarude|Knock Off|p1a: Corviknight\n|-damage|p1a: Corviknight|0 fnt\n|faint|p1a: Corviknight\n|\n|upkeep\n|\n|t:|1697753448\n|switch|p1a: Gyarados|Gyarados, F|100\/100\n|turn|18\n|\n|t:|1697753454\n|move|p1a: Gyarados|Scale Shot|p2a: Zarude|[miss]\n|-miss|p1a: Gyarados|p2a: Zarude\n|move|p2a: Zarude|Rock Slide|p1a: Gyarados\n|-supereffective|p1a: Gyarados\n|-damage|p1a: Gyarados|50\/100\n|\n|-sideend|p1: E9 Disease|Reflect\n|upkeep\n|turn|19\n|\n|t:|1697753465\n|move|p1a: Gyarados|Scale Shot|p2a: Zarude|[miss]\n|-miss|p1a: Gyarados|p2a: Zarude\n|move|p2a: Zarude|Knock Off|p1a: Gyarados\n|-damage|p1a: Gyarados|0 fnt\n|-enditem|p1a: Gyarados|Loaded Dice|[from] move: Knock Off|[of] p2a: Zarude\n|faint|p1a: Gyarados\n|\n|win|14242 propped in\n|raw|E9 Disease's rating: 1067 &rarr; <strong>1048<\/strong><br \/>(-19 for losing)\n|raw|14242 propped in's rating: 1082 &rarr; <strong>1109<\/strong><br \/>(+27 for winning)\n|c|\u260614242 propped in|dudeee\n|l|\u2606E9 Disease\n|c|\u260614242 propped in|unlucky\n","uploadtime":1697753475,"views":6,"p1id":"e9disease","p2id":"14242proppedin","formatid":"gen9anythinggoes","rating":1048,"private":0,"password":""}