{"id":"gen9anythinggoes-1999677374","p1":"johab9","p2":"KingOfTheMinnish","format":"[Gen 9] Anything Goes","log":"|j|\u2606johab9\n|j|\u2606KingOfTheMinnish\n|t:|1701106980\n|gametype|singles\n|player|p1|johab9|cyrus|1285\n|player|p2|KingOfTheMinnish|1|1274\n|teamsize|p1|6\n|teamsize|p2|6\n|gen|9\n|tier|[Gen 9] Anything Goes\n|rated|\n|rule|HP Percentage Mod: HP is shown in percentages\n|rule|Endless Battle Clause: Forcing endless battles is banned\n|clearpoke\n|poke|p1|Groudon|\n|poke|p1|Shiftry, F|\n|poke|p1|Flutter Mane|\n|poke|p1|Walking Wake|\n|poke|p1|Volcarona, M|\n|poke|p1|Mewtwo|\n|poke|p2|Maushold-Four|\n|poke|p2|Flutter Mane|\n|poke|p2|Miraidon|\n|poke|p2|Rabsca, M|\n|poke|p2|Garganacl, F|\n|poke|p2|Houndstone, M|\n|teampreview\n|\n|t:|1701106992\n|start\n|switch|p1a: Groudon|Groudon|100\/100\n|switch|p2a: Maushold|Maushold-Four|100\/100\n|-weather|SunnyDay|[from] ability: Drought|[of] p1a: Groudon\n|turn|1\n|inactive|Battle timer is ON: inactive players will automatically lose when time's up. (requested by KingOfTheMinnish)\n|\n|t:|1701107006\n|move|p2a: Maushold|Population Bomb|p1a: Groudon|[miss]\n|-miss|p2a: Maushold|p1a: Groudon\n|move|p1a: Groudon|Will-O-Wisp|p2a: Maushold\n|-status|p2a: Maushold|brn\n|\n|-weather|SunnyDay|[upkeep]\n|-damage|p2a: Maushold|94\/100 brn|[from] brn\n|upkeep\n|turn|2\n|\n|t:|1701107016\n|move|p2a: Maushold|Encore|p1a: Groudon\n|-start|p1a: Groudon|Encore\n|move|p1a: Groudon|Will-O-Wisp|p2a: Maushold\n|-fail|p2a: Maushold|brn\n|\n|-weather|SunnyDay|[upkeep]\n|-damage|p2a: Maushold|88\/100 brn|[from] brn\n|upkeep\n|turn|3\n|inactive|johab9 has 120 seconds left.\n|\n|t:|1701107047\n|switch|p1a: Flutter Mane|Flutter Mane|100\/100\n|-activate|p1a: Flutter Mane|ability: Protosynthesis\n|-start|p1a: Flutter Mane|protosynthesisspe\n|move|p2a: Maushold|Tidy Up|p2a: Maushold\n|-boost|p2a: Maushold|atk|1\n|-boost|p2a: Maushold|spe|1\n|\n|-weather|SunnyDay|[upkeep]\n|-damage|p2a: Maushold|82\/100 brn|[from] brn\n|upkeep\n|turn|4\n|\n|t:|1701107055\n|move|p1a: Flutter Mane|Mystical Fire|p2a: Maushold\n|-damage|p2a: Maushold|0 fnt\n|faint|p2a: Maushold\n|\n|-weather|SunnyDay|[upkeep]\n|upkeep\n|\n|t:|1701107060\n|switch|p2a: Flutter Mane|Flutter Mane, shiny|100\/100\n|-activate|p2a: Flutter Mane|ability: Protosynthesis\n|-start|p2a: Flutter Mane|protosynthesisspe\n|turn|5\n|\n|t:|1701107065\n|move|p2a: Flutter Mane|Shadow Ball|p1a: Flutter Mane\n|-supereffective|p1a: Flutter Mane\n|-damage|p1a: Flutter Mane|0 fnt\n|faint|p1a: Flutter Mane\n|-end|p1a: Flutter Mane|Protosynthesis|[silent]\n|-damage|p2a: Flutter Mane|91\/100|[from] item: Life Orb\n|\n|-weather|SunnyDay|[upkeep]\n|upkeep\n|\n|t:|1701107084\n|switch|p1a: Walking Wake|Walking Wake|100\/100\n|-activate|p1a: Walking Wake|ability: Protosynthesis\n|-start|p1a: Walking Wake|protosynthesisspa\n|turn|6\n|\n|t:|1701107088\n|move|p2a: Flutter Mane|Moonblast|p1a: Walking Wake\n|-supereffective|p1a: Walking Wake\n|-damage|p1a: Walking Wake|0 fnt\n|faint|p1a: Walking Wake\n|-end|p1a: Walking Wake|Protosynthesis|[silent]\n|-damage|p2a: Flutter Mane|81\/100|[from] item: Life Orb\n|\n|-weather|SunnyDay|[upkeep]\n|upkeep\n|\n|t:|1701107092\n|switch|p1a: Volcarona|Volcarona, M, shiny|100\/100\n|turn|7\n|\n|t:|1701107097\n|move|p2a: Flutter Mane|Shadow Ball|p1a: Volcarona\n|-damage|p1a: Volcarona|46\/100\n|-damage|p2a: Flutter Mane|71\/100|[from] item: Life Orb\n|move|p1a: Volcarona|Quiver Dance|p1a: Volcarona\n|-boost|p1a: Volcarona|spa|1\n|-boost|p1a: Volcarona|spd|1\n|-boost|p1a: Volcarona|spe|1\n|\n|-weather|SunnyDay|[upkeep]\n|upkeep\n|turn|8\n|\n|t:|1701107102\n|move|p2a: Flutter Mane|Shadow Ball|p1a: Volcarona\n|-damage|p1a: Volcarona|5\/100\n|-damage|p2a: Flutter Mane|61\/100|[from] item: Life Orb\n|move|p1a: Volcarona|Flamethrower|p2a: Flutter Mane\n|-damage|p2a: Flutter Mane|0 fnt\n|faint|p2a: Flutter Mane\n|-end|p2a: Flutter Mane|Protosynthesis|[silent]\n|\n|-weather|none\n|upkeep\n|\n|t:|1701107105\n|switch|p2a: Houndstone|Houndstone, M|100\/100\n|turn|9\n|\n|t:|1701107124\n|move|p2a: Houndstone|Shadow Sneak|p1a: Volcarona\n|-damage|p1a: Volcarona|0 fnt\n|faint|p1a: Volcarona\n|\n|upkeep\n|\n|t:|1701107129\n|switch|p1a: Groudon|Groudon|100\/100\n|-weather|SunnyDay|[from] ability: Drought|[of] p1a: Groudon\n|turn|10\n|\n|t:|1701107148\n|move|p1a: Groudon|Will-O-Wisp|p2a: Houndstone\n|-status|p2a: Houndstone|brn\n|move|p2a: Houndstone|Last Respects|p1a: Groudon\n|-damage|p1a: Groudon|84\/100\n|\n|-weather|SunnyDay|[upkeep]\n|-damage|p2a: Houndstone|94\/100 brn|[from] brn\n|upkeep\n|turn|11\n|\n|t:|1701107158\n|move|p2a: Houndstone|Play Rough|p1a: Groudon\n|-crit|p1a: Groudon\n|-damage|p1a: Groudon|74\/100\n|move|p1a: Groudon|Roar|p2a: Houndstone\n|drag|p2a: SSSReplacement|Garganacl, F, shiny|100\/100\n|\n|-weather|SunnyDay|[upkeep]\n|upkeep\n|turn|12\n|\n|t:|1701107169\n|-terastallize|p2a: SSSReplacement|Fairy\n|move|p1a: Groudon|Precipice Blades|p2a: SSSReplacement|[miss]\n|-miss|p1a: Groudon|p2a: SSSReplacement\n|move|p2a: SSSReplacement|Iron Defense|p2a: SSSReplacement\n|-boost|p2a: SSSReplacement|def|2\n|\n|-weather|SunnyDay|[upkeep]\n|upkeep\n|turn|13\n|\n|t:|1701107177\n|move|p1a: Groudon|Spikes|p2a: SSSReplacement\n|-sidestart|p2: KingOfTheMinnish|Spikes\n|move|p2a: SSSReplacement|Body Press|p1a: Groudon\n|-damage|p1a: Groudon|53\/100\n|\n|-weather|SunnyDay|[upkeep]\n|upkeep\n|turn|14\n|\n|t:|1701107180\n|move|p1a: Groudon|Spikes|p2a: SSSReplacement\n|-sidestart|p2: KingOfTheMinnish|Spikes\n|move|p2a: SSSReplacement|Salt Cure|p1a: Groudon\n|-resisted|p1a: Groudon\n|-damage|p1a: Groudon|49\/100\n|-start|p1a: Groudon|Salt Cure\n|\n|-weather|SunnyDay|[upkeep]\n|-damage|p1a: Groudon|37\/100|[from] Salt Cure\n|upkeep\n|turn|15\n|\n|t:|1701107195\n|move|p2a: SSSReplacement|Body Press|p1a: Groudon\n|-damage|p1a: Groudon|14\/100\n|move|p1a: Groudon|Roar|p2a: SSSReplacement\n|drag|p2a: DeMarco|Miraidon|100\/100\n|-damage|p2a: DeMarco|84\/100|[from] Spikes\n|-fieldstart|move: Electric Terrain|[from] ability: Hadron Engine|[of] p2a: DeMarco\n|\n|-weather|SunnyDay|[upkeep]\n|-damage|p1a: Groudon|2\/100|[from] Salt Cure\n|upkeep\n|turn|16\n|\n|t:|1701107206\n|move|p2a: DeMarco|Dragon Pulse|p1a: Groudon\n|-damage|p1a: Groudon|0 fnt\n|faint|p1a: Groudon\n|\n|-weather|SunnyDay|[upkeep]\n|upkeep\n|\n|t:|1701107211\n|switch|p1a: Shiftry|Shiftry, F, shiny|100\/100\n|turn|17\n|\n|t:|1701107221\n|move|p1a: Shiftry|Knock Off|p2a: DeMarco\n|-damage|p2a: DeMarco|43\/100\n|-enditem|p2a: DeMarco|Assault Vest|[from] move: Knock Off|[of] p1a: Shiftry\n|move|p2a: DeMarco|Electro Drift|p1a: Shiftry\n|-resisted|p1a: Shiftry\n|-damage|p1a: Shiftry|32\/100\n|\n|-weather|none\n|upkeep\n|turn|18\n|\n|t:|1701107229\n|move|p2a: DeMarco|Electro Drift|p1a: Shiftry\n|-resisted|p1a: Shiftry\n|-damage|p1a: Shiftry|0 fnt\n|faint|p1a: Shiftry\n|\n|upkeep\n|\n|t:|1701107233\n|switch|p1a: Mewtwo|Mewtwo, shiny|100\/100\n|-ability|p1a: Mewtwo|Pressure\n|turn|19\n|\n|t:|1701107246\n|-terastallize|p1a: Mewtwo|Fire\n|move|p2a: DeMarco|Electro Drift|p1a: Mewtwo\n|-damage|p1a: Mewtwo|10\/100\n|move|p1a: Mewtwo|Flamethrower|p2a: DeMarco\n|-resisted|p2a: DeMarco\n|-damage|p2a: DeMarco|7\/100\n|\n|-fieldend|move: Electric Terrain\n|upkeep\n|turn|20\n|\n|t:|1701107256\n|move|p2a: DeMarco|Power Gem|p1a: Mewtwo\n|-supereffective|p1a: Mewtwo\n|-damage|p1a: Mewtwo|0 fnt\n|faint|p1a: Mewtwo\n|\n|win|KingOfTheMinnish\n|raw|johab9's rating: 1285 &rarr; <strong>1259<\/strong><br \/>(-26 for losing)\n|raw|KingOfTheMinnish's rating: 1274 &rarr; <strong>1300<\/strong><br \/>(+26 for winning)\n","uploadtime":1701107262,"views":17,"p1id":"johab9","p2id":"kingoftheminnish","formatid":"gen9anythinggoes","rating":1259,"private":0,"password":""}