{"id":"gen9anythinggoes-1986856941","p1":"Ibaibot2008","p2":"the duper","format":"[Gen 9] Anything Goes","log":"|j|\u2606Ibaibot2008\n|j|\u203dthe duper\n|t:|1699534714\n|gametype|singles\n|player|p1|Ibaibot2008|2|1185\n|player|p2|the duper|2|1196\n|teamsize|p1|6\n|teamsize|p2|6\n|gen|9\n|tier|[Gen 9] Anything Goes\n|rated|\n|rule|HP Percentage Mod: HP is shown in percentages\n|rule|Endless Battle Clause: Forcing endless battles is banned\n|clearpoke\n|poke|p1|Toxapex, M|\n|poke|p1|Ribombee, M|\n|poke|p1|Great Tusk|\n|poke|p1|Miraidon|\n|poke|p1|Koraidon|\n|poke|p1|Glimmora, F|\n|poke|p2|Dondozo, M|\n|poke|p2|Lilligant, F|\n|poke|p2|Torkoal, F|\n|poke|p2|Cloyster, M|\n|poke|p2|Slaking, F|\n|poke|p2|Ursaluna, M|\n|teampreview\n|\n|t:|1699534722\n|start\n|switch|p1a: Glimmora|Glimmora, F|100\/100\n|switch|p2a: Cloyster|Cloyster, M|100\/100\n|turn|1\n|\n|t:|1699534728\n|move|p1a: Glimmora|Spikes|p2a: Cloyster\n|-sidestart|p2: the duper|Spikes\n|move|p2a: Cloyster|Shell Smash|p2a: Cloyster\n|-unboost|p2a: Cloyster|def|1\n|-unboost|p2a: Cloyster|spd|1\n|-boost|p2a: Cloyster|atk|2\n|-boost|p2a: Cloyster|spa|2\n|-boost|p2a: Cloyster|spe|2\n|\n|upkeep\n|turn|2\n|\n|t:|1699534738\n|move|p2a: Cloyster|Shell Smash|p2a: Cloyster\n|-unboost|p2a: Cloyster|def|1\n|-unboost|p2a: Cloyster|spd|1\n|-boost|p2a: Cloyster|atk|2\n|-boost|p2a: Cloyster|spa|2\n|-boost|p2a: Cloyster|spe|2\n|move|p1a: Glimmora|Toxic Spikes|p2a: Cloyster\n|-sidestart|p2: the duper|move: Toxic Spikes\n|\n|upkeep\n|turn|3\n|\n|t:|1699534748\n|move|p2a: Cloyster|Shell Smash|p2a: Cloyster\n|-unboost|p2a: Cloyster|def|1\n|-unboost|p2a: Cloyster|spd|1\n|-boost|p2a: Cloyster|atk|2\n|-boost|p2a: Cloyster|spa|2\n|-boost|p2a: Cloyster|spe|2\n|move|p1a: Glimmora|Spikes|p2a: Cloyster\n|-sidestart|p2: the duper|Spikes\n|\n|upkeep\n|turn|4\n|\n|t:|1699534767\n|-terastallize|p2a: Cloyster|Rock\n|move|p2a: Cloyster|Icicle Spear|p1a: Glimmora\n|-damage|p1a: Glimmora|48\/100\n|-activate|p1a: Glimmora|ability: Toxic Debris\n|-sidestart|p2: the duper|move: Toxic Spikes\n|-damage|p1a: Glimmora|0 fnt\n|faint|p1a: Glimmora\n|-hitcount|p1: Glimmora|2\n|\n|upkeep\n|\n|t:|1699534781\n|switch|p1a: Ribombee|Ribombee, M|100\/100\n|turn|5\n|\n|t:|1699534785\n|move|p2a: Cloyster|Rock Blast|p1a: Ribombee|[miss]\n|-miss|p2a: Cloyster|p1a: Ribombee\n|move|p1a: Ribombee|Sticky Web|p2a: Cloyster\n|-sidestart|p2: the duper|move: Sticky Web\n|\n|upkeep\n|turn|6\n|\n|t:|1699534790\n|move|p2a: Cloyster|Rock Blast|p1a: Ribombee\n|-supereffective|p1a: Ribombee\n|-enditem|p1a: Ribombee|Focus Sash\n|-damage|p1a: Ribombee|1\/100\n|-supereffective|p1a: Ribombee\n|-damage|p1a: Ribombee|0 fnt\n|faint|p1a: Ribombee\n|-hitcount|p1: Ribombee|2\n|\n|upkeep\n|\n|t:|1699534803\n|switch|p1a: Great Tusk|Great Tusk|100\/100\n|turn|7\n|\n|t:|1699534812\n|move|p2a: Cloyster|Icicle Spear|p1a: Great Tusk\n|-supereffective|p1a: Great Tusk\n|-damage|p1a: Great Tusk|50\/100\n|-supereffective|p1a: Great Tusk\n|-damage|p1a: Great Tusk|0 fnt\n|faint|p1a: Great Tusk\n|-end|p1a: Great Tusk|Protosynthesis|[silent]\n|-hitcount|p1: Great Tusk|2\n|\n|upkeep\n|\n|t:|1699534826\n|switch|p1a: Miraidon|Miraidon|100\/100\n|-fieldstart|move: Electric Terrain|[from] ability: Hadron Engine|[of] p1a: Miraidon\n|turn|8\n|\n|t:|1699534833\n|move|p2a: Cloyster|Icicle Spear|p1a: Miraidon\n|-supereffective|p1a: Miraidon\n|-damage|p1a: Miraidon|6\/100\n|-supereffective|p1a: Miraidon\n|-damage|p1a: Miraidon|0 fnt\n|faint|p1a: Miraidon\n|-hitcount|p1: Miraidon|2\n|\n|upkeep\n|\n|t:|1699534839\n|switch|p1a: Toxapex|Toxapex, M|100\/100\n|turn|9\n|\n|t:|1699534844\n|move|p1a: Toxapex|Baneful Bunker|p1a: Toxapex\n|-singleturn|p1a: Toxapex|move: Protect\n|move|p2a: Cloyster|Icicle Spear|p1a: Toxapex\n|-activate|p1a: Toxapex|move: Protect\n|\n|upkeep\n|turn|10\n|\n|t:|1699534855\n|move|p2a: Cloyster|Icicle Spear|p1a: Toxapex\n|-resisted|p1a: Toxapex\n|-damage|p1a: Toxapex|82\/100\n|-resisted|p1a: Toxapex\n|-damage|p1a: Toxapex|62\/100\n|-resisted|p1a: Toxapex\n|-damage|p1a: Toxapex|43\/100\n|-resisted|p1a: Toxapex\n|-damage|p1a: Toxapex|23\/100\n|-resisted|p1a: Toxapex\n|-damage|p1a: Toxapex|4\/100\n|-hitcount|p1a: Toxapex|5\n|move|p1a: Toxapex|Haze|p1a: Toxapex\n|-clearallboost\n|\n|-heal|p1a: Toxapex|10\/100|[from] item: Leftovers\n|upkeep\n|turn|11\n|\n|t:|1699534874\n|move|p2a: Cloyster|Shell Smash|p2a: Cloyster\n|-unboost|p2a: Cloyster|def|1\n|-unboost|p2a: Cloyster|spd|1\n|-boost|p2a: Cloyster|atk|2\n|-boost|p2a: Cloyster|spa|2\n|-boost|p2a: Cloyster|spe|2\n|move|p1a: Toxapex|Toxic|p2a: Cloyster\n|-status|p2a: Cloyster|tox\n|\n|-heal|p1a: Toxapex|17\/100|[from] item: Leftovers\n|-damage|p2a: Cloyster|94\/100 tox|[from] psn\n|upkeep\n|turn|12\n|\n|t:|1699534888\n|move|p2a: Cloyster|Icicle Spear|p1a: Toxapex\n|-resisted|p1a: Toxapex\n|-damage|p1a: Toxapex|6\/100\n|-resisted|p1a: Toxapex\n|-damage|p1a: Toxapex|0 fnt\n|faint|p1a: Toxapex\n|-hitcount|p1: Toxapex|2\n|\n|-damage|p2a: Cloyster|82\/100 tox|[from] psn\n|-fieldend|move: Electric Terrain\n|upkeep\n|\n|t:|1699534896\n|switch|p1a: Koraidon|Koraidon|100\/100\n|-weather|SunnyDay|[from] ability: Orichalcum Pulse|[of] p1a: Koraidon\n|-activate|p1a: Koraidon|Orichalcum Pulse|[source]\n|turn|13\n|inactive|Battle timer is ON: inactive players will automatically lose when time's up. (requested by the duper)\n|\n|t:|1699534915\n|move|p1a: Koraidon|Collision Course|p2a: Cloyster\n|-supereffective|p2a: Cloyster\n|-damage|p2a: Cloyster|0 fnt\n|faint|p2a: Cloyster\n|\n|-weather|SunnyDay|[upkeep]\n|upkeep\n|\n|t:|1699534931\n|switch|p2a: Lilligant|Lilligant, F|100\/100\n|-damage|p2a: Lilligant|84\/100|[from] Spikes\n|-status|p2a: Lilligant|tox\n|-activate|p2a: Lilligant|move: Sticky Web\n|-unboost|p2a: Lilligant|spe|1\n|turn|14\n|\n|t:|1699534939\n|move|p1a: Koraidon|Collision Course|p2a: Lilligant\n|-damage|p2a: Lilligant|0 fnt\n|faint|p2a: Lilligant\n|\n|-weather|SunnyDay|[upkeep]\n|upkeep\n|\n|t:|1699534956\n|switch|p2a: Torkoal|Torkoal, F|100\/100\n|-damage|p2a: Torkoal|84\/100|[from] Spikes\n|-status|p2a: Torkoal|tox\n|-activate|p2a: Torkoal|move: Sticky Web\n|-unboost|p2a: Torkoal|spe|1\n|turn|15\n|\n|t:|1699534964\n|move|p1a: Koraidon|Collision Course|p2a: Torkoal\n|-damage|p2a: Torkoal|45\/100 tox\n|-enditem|p2a: Torkoal|Eject Button\n|\n|t:|1699534970\n|switch|p2a: Ursaluna|Ursaluna, M|100\/100\n|-damage|p2a: Ursaluna|84\/100|[from] Spikes\n|-status|p2a: Ursaluna|tox\n|-activate|p2a: Ursaluna|move: Sticky Web\n|-unboost|p2a: Ursaluna|spe|1\n|\n|-weather|SunnyDay|[upkeep]\n|-damage|p2a: Ursaluna|78\/100 tox|[from] psn\n|upkeep\n|turn|16\n|\n|t:|1699534984\n|move|p1a: Koraidon|Collision Course|p2a: Ursaluna\n|-supereffective|p2a: Ursaluna\n|-damage|p2a: Ursaluna|0 fnt\n|faint|p2a: Ursaluna\n|\n|-weather|SunnyDay|[upkeep]\n|upkeep\n|\n|t:|1699534991\n|switch|p2a: Torkoal|Torkoal, F|45\/100 tox\n|-damage|p2a: Torkoal|28\/100 tox|[from] Spikes\n|-activate|p2a: Torkoal|move: Sticky Web\n|-unboost|p2a: Torkoal|spe|1\n|turn|17\n|\n|t:|1699534996\n|move|p1a: Koraidon|Collision Course|p2a: Torkoal\n|-damage|p2a: Torkoal|0 fnt\n|faint|p2a: Torkoal\n|\n|-weather|none\n|upkeep\n|\n|t:|1699535003\n|switch|p2a: Slaking|Slaking, F|100\/100\n|-damage|p2a: Slaking|84\/100|[from] Spikes\n|-status|p2a: Slaking|tox\n|-activate|p2a: Slaking|move: Sticky Web\n|-unboost|p2a: Slaking|spe|1\n|turn|18\n|\n|t:|1699535012\n|move|p1a: Koraidon|Collision Course|p2a: Slaking\n|-supereffective|p2a: Slaking\n|-damage|p2a: Slaking|0 fnt\n|faint|p2a: Slaking\n|\n|upkeep\n|\n|t:|1699535017\n|switch|p2a: Dondozo|Dondozo, M|100\/100\n|-damage|p2a: Dondozo|84\/100|[from] Spikes\n|-status|p2a: Dondozo|tox\n|-activate|p2a: Dondozo|move: Sticky Web\n|-unboost|p2a: Dondozo|spe|1\n|turn|19\n|\n|t:|1699535028\n|move|p1a: Koraidon|Collision Course|p2a: Dondozo\n|-damage|p2a: Dondozo|62\/100 tox\n|move|p2a: Dondozo|Liquidation|p1a: Koraidon\n|-resisted|p1a: Koraidon\n|-damage|p1a: Koraidon|87\/100\n|-unboost|p1a: Koraidon|def|1\n|\n|-heal|p2a: Dondozo|68\/100 tox|[from] item: Leftovers\n|-damage|p2a: Dondozo|62\/100 tox|[from] psn\n|upkeep\n|turn|20\n|\n|t:|1699535046\n|move|p1a: Koraidon|Collision Course|p2a: Dondozo\n|-damage|p2a: Dondozo|39\/100 tox\n|move|p2a: Dondozo|Rest|p2a: Dondozo\n|-status|p2a: Dondozo|slp|[from] move: Rest\n|-heal|p2a: Dondozo|100\/100 slp|[silent]\n|\n|upkeep\n|turn|21\n|\n|t:|1699535057\n|-activate|p1a: Koraidon|move: Struggle\n|move|p1a: Koraidon|Struggle|p2a: Dondozo\n|-damage|p2a: Dondozo|93\/100 slp\n|-damage|p1a: Koraidon|62\/100|[from] recoil\n|cant|p2a: Dondozo|slp\n|move|p2a: Dondozo|Sleep Talk|p2a: Dondozo\n|move|p2a: Dondozo|Rest||[from]move: Sleep Talk|[still]\n|-fail|p2a: Dondozo\n|\n|-heal|p2a: Dondozo|99\/100 slp|[from] item: Leftovers\n|upkeep\n|turn|22\n|\n|t:|1699535072\n|-activate|p1a: Koraidon|move: Struggle\n|move|p1a: Koraidon|Struggle|p2a: Dondozo\n|-damage|p2a: Dondozo|91\/100 slp\n|-damage|p1a: Koraidon|37\/100|[from] recoil\n|cant|p2a: Dondozo|slp\n|move|p2a: Dondozo|Sleep Talk|p2a: Dondozo\n|move|p2a: Dondozo|Rest||[from]move: Sleep Talk|[still]\n|-fail|p2a: Dondozo\n|\n|-heal|p2a: Dondozo|98\/100 slp|[from] item: Leftovers\n|upkeep\n|turn|23\n|\n|t:|1699535083\n|-activate|p1a: Koraidon|move: Struggle\n|move|p1a: Koraidon|Struggle|p2a: Dondozo\n|-damage|p2a: Dondozo|89\/100 slp\n|-damage|p1a: Koraidon|13\/100|[from] recoil\n|-curestatus|p2a: Dondozo|slp|[msg]\n|move|p2a: Dondozo|Liquidation|p1a: Koraidon\n|-resisted|p1a: Koraidon\n|-damage|p1a: Koraidon|0 fnt\n|faint|p1a: Koraidon\n|\n|win|the duper\n|raw|Ibaibot2008's rating: 1185 &rarr; <strong>1161<\/strong><br \/>(-24 for losing)\n|raw|the duper's rating: 1196 &rarr; <strong>1220<\/strong><br \/>(+24 for winning)\n","uploadtime":1699535097,"views":25,"p1id":"ibaibot2008","p2id":"theduper","formatid":"gen9anythinggoes","rating":1161,"private":0,"password":""}