{"id":"gen9anythinggoes-1991979602","p1":"EthanHoYY","p2":"Mattattac","format":"[Gen 9] Anything Goes","log":"|j|\u2606EthanHoYY\n|j|\u203dMattattac\n|t:|1700144646\n|gametype|singles\n|player|p1|EthanHoYY|102|1153\n|player|p2|Mattattac|nate|1206\n|teamsize|p1|6\n|teamsize|p2|6\n|gen|9\n|tier|[Gen 9] Anything Goes\n|rated|\n|rule|HP Percentage Mod: HP is shown in percentages\n|rule|Endless Battle Clause: Forcing endless battles is banned\n|clearpoke\n|poke|p1|Calyrex-Shadow|\n|poke|p1|Krookodile, M|\n|poke|p1|Kyogre|\n|poke|p1|Zacian-*|\n|poke|p1|Gholdengo|\n|poke|p1|Breloom, F|\n|poke|p2|Calyrex-Shadow|\n|poke|p2|Great Tusk|\n|poke|p2|Volcarona, M|\n|poke|p2|Darkrai|\n|poke|p2|Ogerpon-Hearthflame, F|\n|poke|p2|Greninja-*, M|\n|teampreview\n|inactive|Battle timer is ON: inactive players will automatically lose when time's up. (requested by Mattattac)\n|\n|t:|1700144654\n|start\n|switch|p1a: Breloom|Breloom, F|100\/100\n|switch|p2a: Darkrai|Darkrai, shiny|100\/100\n|turn|1\n|\n|t:|1700144662\n|move|p2a: Darkrai|Hypnosis|p1a: Breloom\n|-status|p1a: Breloom|slp|[from] move: Hypnosis\n|cant|p1a: Breloom|slp\n|\n|-damage|p1a: Breloom|88\/100 slp|[from] ability: Bad Dreams|[of] p2a: Darkrai\n|upkeep\n|turn|2\n|\n|t:|1700144670\n|move|p2a: Darkrai|Nasty Plot|p2a: Darkrai\n|-boost|p2a: Darkrai|spa|2\n|-curestatus|p1a: Breloom|slp|[msg]\n|move|p1a: Breloom|Spore|p2a: Darkrai\n|-status|p2a: Darkrai|slp|[from] move: Spore\n|\n|-status|p1a: Breloom|tox|[from] item: Toxic Orb\n|upkeep\n|turn|3\n|\n|t:|1700144681\n|cant|p2a: Darkrai|slp\n|move|p1a: Breloom|Substitute|p1a: Breloom\n|-start|p1a: Breloom|Substitute\n|-damage|p1a: Breloom|63\/100 tox\n|\n|-heal|p1a: Breloom|76\/100 tox|[from] ability: Poison Heal\n|upkeep\n|turn|4\n|\n|t:|1700144690\n|cant|p2a: Darkrai|slp\n|move|p1a: Breloom|Spore|p2a: Darkrai\n|-fail|p2a: Darkrai|slp\n|\n|-heal|p1a: Breloom|88\/100 tox|[from] ability: Poison Heal\n|upkeep\n|turn|5\n|\n|t:|1700144699\n|-curestatus|p2a: Darkrai|slp|[msg]\n|move|p2a: Darkrai|Sludge Bomb|p1a: Breloom\n|-supereffective|p1a: Breloom\n|-end|p1a: Breloom|Substitute\n|move|p1a: Breloom|Leech Seed|p2a: Darkrai\n|-start|p2a: Darkrai|move: Leech Seed\n|\n|-damage|p2a: Darkrai|88\/100|[from] Leech Seed|[of] p1a: Breloom\n|-heal|p1a: Breloom|100\/100 tox|[silent]\n|upkeep\n|turn|6\n|\n|t:|1700144710\n|move|p2a: Darkrai|Dark Pulse|p1a: Breloom\n|-resisted|p1a: Breloom\n|-damage|p1a: Breloom|15\/100 tox\n|move|p1a: Breloom|Spore|p2a: Darkrai\n|-status|p2a: Darkrai|slp|[from] move: Spore\n|\n|-damage|p2a: Darkrai|76\/100 slp|[from] Leech Seed|[of] p1a: Breloom\n|-heal|p1a: Breloom|28\/100 tox|[silent]\n|-heal|p1a: Breloom|40\/100 tox|[from] ability: Poison Heal\n|upkeep\n|turn|7\n|\n|t:|1700144723\n|cant|p2a: Darkrai|slp\n|move|p1a: Breloom|Substitute|p1a: Breloom\n|-start|p1a: Breloom|Substitute\n|-damage|p1a: Breloom|16\/100 tox\n|\n|-damage|p2a: Darkrai|63\/100 slp|[from] Leech Seed|[of] p1a: Breloom\n|-heal|p1a: Breloom|29\/100 tox|[silent]\n|-heal|p1a: Breloom|41\/100 tox|[from] ability: Poison Heal\n|upkeep\n|turn|8\n|\n|t:|1700144733\n|cant|p2a: Darkrai|slp\n|move|p1a: Breloom|Spore|p2a: Darkrai\n|-fail|p2a: Darkrai|slp\n|\n|-damage|p2a: Darkrai|51\/100 slp|[from] Leech Seed|[of] p1a: Breloom\n|-heal|p1a: Breloom|54\/100 tox|[silent]\n|-heal|p1a: Breloom|66\/100 tox|[from] ability: Poison Heal\n|upkeep\n|turn|9\n|\n|t:|1700144744\n|cant|p2a: Darkrai|slp\n|move|p1a: Breloom|Spore|p2a: Darkrai\n|-fail|p2a: Darkrai|slp\n|\n|-damage|p2a: Darkrai|38\/100 slp|[from] Leech Seed|[of] p1a: Breloom\n|-heal|p1a: Breloom|79\/100 tox|[silent]\n|-heal|p1a: Breloom|91\/100 tox|[from] ability: Poison Heal\n|upkeep\n|turn|10\n|\n|t:|1700144753\n|-curestatus|p2a: Darkrai|slp|[msg]\n|move|p2a: Darkrai|Sludge Bomb|p1a: Breloom\n|-supereffective|p1a: Breloom\n|-end|p1a: Breloom|Substitute\n|move|p1a: Breloom|Spore|p2a: Darkrai\n|-status|p2a: Darkrai|slp|[from] move: Spore\n|\n|-damage|p2a: Darkrai|26\/100 slp|[from] Leech Seed|[of] p1a: Breloom\n|-heal|p1a: Breloom|100\/100 tox|[silent]\n|upkeep\n|turn|11\n|\n|t:|1700144765\n|cant|p2a: Darkrai|slp\n|move|p1a: Breloom|Substitute|p1a: Breloom\n|-start|p1a: Breloom|Substitute\n|-damage|p1a: Breloom|76\/100 tox\n|\n|-damage|p2a: Darkrai|13\/100 slp|[from] Leech Seed|[of] p1a: Breloom\n|-heal|p1a: Breloom|88\/100 tox|[silent]\n|-heal|p1a: Breloom|100\/100 tox|[from] ability: Poison Heal\n|upkeep\n|turn|12\n|\n|t:|1700144779\n|cant|p2a: Darkrai|slp\n|move|p1a: Breloom|Spore|p2a: Darkrai\n|-fail|p2a: Darkrai|slp\n|\n|-damage|p2a: Darkrai|1\/100 slp|[from] Leech Seed|[of] p1a: Breloom\n|upkeep\n|turn|13\n|\n|t:|1700144794\n|cant|p2a: Darkrai|slp\n|move|p1a: Breloom|Substitute|p1a: Breloom\n|-fail|p1a: Breloom|move: Substitute\n|\n|-damage|p2a: Darkrai|0 fnt|[from] Leech Seed|[of] p1a: Breloom\n|faint|p2a: Darkrai\n|upkeep\n|\n|t:|1700144796\n|switch|p2a: Ogerpon|Ogerpon-Hearthflame, F|100\/100\n|-ability|p2a: Ogerpon|Mold Breaker\n|turn|14\n|\n|t:|1700144809\n|move|p2a: Ogerpon|Trailblaze|p1a: Breloom\n|-resisted|p1a: Breloom\n|-activate|p1a: Breloom|move: Substitute|[damage]\n|-boost|p2a: Ogerpon|spe|1\n|move|p1a: Breloom|Leech Seed|p2a: Ogerpon\n|-immune|p2a: Ogerpon\n|\n|upkeep\n|turn|15\n|\n|t:|1700144819\n|move|p2a: Ogerpon|Swords Dance|p2a: Ogerpon\n|-boost|p2a: Ogerpon|atk|2\n|move|p1a: Breloom|Poison Jab|p2a: Ogerpon\n|-supereffective|p2a: Ogerpon\n|-damage|p2a: Ogerpon|27\/100\n|\n|upkeep\n|turn|16\n|\n|t:|1700144829\n|move|p2a: Ogerpon|Ivy Cudgel|p1a: Breloom|[anim] Ivy Cudgel Fire\n|-supereffective|p1a: Breloom\n|-end|p1a: Breloom|Substitute\n|move|p1a: Breloom|Poison Jab|p2a: Ogerpon\n|-supereffective|p2a: Ogerpon\n|-damage|p2a: Ogerpon|0 fnt\n|faint|p2a: Ogerpon\n|\n|upkeep\n|\n|t:|1700144837\n|switch|p2a: Greninja|Greninja, M, shiny|100\/100\n|turn|17\n|\n|t:|1700144840\n|move|p2a: Greninja|Ice Beam|p1a: Breloom\n|-start|p2a: Greninja|typechange|Ice|[from] ability: Protean\n|-supereffective|p1a: Breloom\n|-damage|p1a: Breloom|0 fnt\n|faint|p1a: Breloom\n|\n|upkeep\n|\n|t:|1700144854\n|switch|p1a: Zacian|Zacian-Crowned|100\/100\n|-ability|p1a: Zacian|Intrepid Sword|boost\n|-boost|p1a: Zacian|atk|1\n|turn|18\n|\n|t:|1700144861\n|move|p1a: Zacian|Behemoth Blade|p2a: Greninja\n|-supereffective|p2a: Greninja\n|-damage|p2a: Greninja|0 fnt\n|faint|p2a: Greninja\n|\n|upkeep\n|\n|t:|1700144877\n|switch|p2a: Volcarona|Volcarona, M, shiny|100\/100\n|turn|19\n|\n|t:|1700144896\n|move|p1a: Zacian|Moonblast|p2a: Volcarona\n|-resisted|p2a: Volcarona\n|-damage|p2a: Volcarona|86\/100\n|move|p2a: Volcarona|Quiver Dance|p2a: Volcarona\n|-boost|p2a: Volcarona|spa|1\n|-boost|p2a: Volcarona|spd|1\n|-boost|p2a: Volcarona|spe|1\n|\n|upkeep\n|turn|20\n|\n|t:|1700144904\n|move|p2a: Volcarona|Fiery Dance|p1a: Zacian\n|-supereffective|p1a: Zacian\n|-damage|p1a: Zacian|0 fnt\n|faint|p1a: Zacian\n|\n|upkeep\n|\n|t:|1700144915\n|switch|p1a: Kyogre|Kyogre|100\/100\n|-weather|RainDance|[from] ability: Drizzle|[of] p1a: Kyogre\n|turn|21\n|\n|t:|1700144923\n|move|p2a: Volcarona|Bug Buzz|p1a: Kyogre\n|-damage|p1a: Kyogre|48\/100\n|move|p1a: Kyogre|Ancient Power|p2a: Volcarona\n|-supereffective|p2a: Volcarona\n|-damage|p2a: Volcarona|23\/100\n|\n|-weather|RainDance|[upkeep]\n|-heal|p1a: Kyogre|54\/100|[from] item: Leftovers\n|upkeep\n|turn|22\n|\n|t:|1700144933\n|move|p2a: Volcarona|Bug Buzz|p1a: Kyogre\n|-damage|p1a: Kyogre|0 fnt\n|faint|p1a: Kyogre\n|\n|-weather|RainDance|[upkeep]\n|upkeep\n|\n|t:|1700144946\n|switch|p1a: Gholdengo|Gholdengo|100\/100\n|turn|23\n|\n|t:|1700144951\n|move|p2a: Volcarona|Fiery Dance|p1a: Gholdengo\n|-supereffective|p1a: Gholdengo\n|-damage|p1a: Gholdengo|24\/100\n|move|p1a: Gholdengo|Power Gem|p2a: Volcarona\n|-supereffective|p2a: Volcarona\n|-damage|p2a: Volcarona|0 fnt\n|faint|p2a: Volcarona\n|\n|-weather|RainDance|[upkeep]\n|upkeep\n|\n|t:|1700144958\n|switch|p2a: Great Tusk|Great Tusk, shiny|100\/100\n|turn|24\n|\n|t:|1700144967\n|move|p1a: Gholdengo|Dazzling Gleam|p2a: Great Tusk\n|-supereffective|p2a: Great Tusk\n|-damage|p2a: Great Tusk|31\/100\n|move|p2a: Great Tusk|Bulk Up|p2a: Great Tusk\n|-boost|p2a: Great Tusk|atk|1\n|-boost|p2a: Great Tusk|def|1\n|\n|-weather|RainDance|[upkeep]\n|upkeep\n|turn|25\n|\n|t:|1700144976\n|move|p1a: Gholdengo|Dazzling Gleam|p2a: Great Tusk\n|-supereffective|p2a: Great Tusk\n|-damage|p2a: Great Tusk|0 fnt\n|faint|p2a: Great Tusk\n|-end|p2a: Great Tusk|Protosynthesis|[silent]\n|\n|-weather|none\n|upkeep\n|\n|t:|1700144978\n|switch|p2a: Calyrex|Calyrex-Shadow|100\/100\n|-ability|p2a: Calyrex|As One\n|-ability|p2a: Calyrex|Unnerve\n|turn|26\n|\n|t:|1700144989\n|-terastallize|p2a: Calyrex|Fairy\n|move|p2a: Calyrex|Tera Blast|p1a: Gholdengo|[anim] Tera Blast Fairy\n|-resisted|p1a: Gholdengo\n|-damage|p1a: Gholdengo|0 fnt\n|faint|p1a: Gholdengo\n|-ability|p2a: Calyrex|Grim Neigh|boost\n|-boost|p2a: Calyrex|spa|1\n|\n|upkeep\n|\n|t:|1700144998\n|switch|p1a: Calyrex|Calyrex-Shadow|100\/100\n|-ability|p1a: Calyrex|As One\n|-ability|p1a: Calyrex|Unnerve\n|turn|27\n|\n|t:|1700145009\n|-terastallize|p1a: Calyrex|Dark\n|move|p2a: Calyrex|Tera Blast|p1a: Calyrex|[anim] Tera Blast Fairy\n|-supereffective|p1a: Calyrex\n|-damage|p1a: Calyrex|0 fnt\n|faint|p1a: Calyrex\n|-ability|p2a: Calyrex|Grim Neigh|boost\n|-boost|p2a: Calyrex|spa|1\n|\n|upkeep\n|\n|t:|1700145018\n|switch|p1a: Krookodile|Krookodile, M|100\/100\n|turn|28\n|\n|t:|1700145024\n|move|p2a: Calyrex|Tera Blast|p1a: Krookodile|[anim] Tera Blast Fairy\n|-supereffective|p1a: Krookodile\n|-enditem|p1a: Krookodile|Focus Sash\n|-damage|p1a: Krookodile|1\/100\n|move|p1a: Krookodile|Earthquake|p2a: Calyrex\n|-damage|p2a: Calyrex|44\/100\n|\n|upkeep\n|turn|29\n|\n|t:|1700145032\n|move|p2a: Calyrex|Tera Blast|p1a: Krookodile|[anim] Tera Blast Fairy\n|-supereffective|p1a: Krookodile\n|-damage|p1a: Krookodile|0 fnt\n|faint|p1a: Krookodile\n|\n|win|Mattattac\n|raw|EthanHoYY's rating: 1153 &rarr; <strong>1132<\/strong><br \/>(-21 for losing)\n|raw|Mattattac's rating: 1206 &rarr; <strong>1227<\/strong><br \/>(+21 for winning)\n","uploadtime":1700145036,"views":6,"p1id":"ethanhoyy","p2id":"mattattac","formatid":"gen9anythinggoes","rating":1132,"private":0,"password":""}