{"id":"gen9anythinggoes-1991887450","p1":"blackpeoplez","p2":"Pipiundkaka","format":"[Gen 9] Anything Goes","log":"|j|\u2606blackpeoplez\n|j|\u2606Pipiundkaka\n|t:|1700133850\n|gametype|singles\n|player|p1|blackpeoplez|hiker-gen4|1043\n|player|p2|Pipiundkaka|buck|1005\n|teamsize|p1|6\n|teamsize|p2|6\n|gen|9\n|tier|[Gen 9] Anything Goes\n|rated|\n|rule|HP Percentage Mod: HP is shown in percentages\n|rule|Endless Battle Clause: Forcing endless battles is banned\n|clearpoke\n|poke|p1|Baxcalibur, F|\n|poke|p1|Garchomp, F|\n|poke|p1|Dragalge, M|\n|poke|p1|Noivern, F|\n|poke|p1|Hydreigon, M|\n|poke|p1|Cyclizar, M|\n|poke|p2|Chandelure, M|\n|poke|p2|Gliscor, F|\n|poke|p2|Klefki, F|\n|poke|p2|Zoroark-Hisui, F|\n|poke|p2|Quaquaval, M|\n|poke|p2|Oricorio-Pa'u, M|\n|teampreview\n|inactive|Battle timer is ON: inactive players will automatically lose when time's up. (requested by Pipiundkaka)\n|inactive|blackpeoplez also wants the timer to be on.\n|\n|t:|1700133873\n|start\n|switch|p1a: Dragalge|Dragalge, M|100\/100\n|switch|p2a: Oricorio|Oricorio-Pa'u, M|100\/100\n|turn|1\n|\n|t:|1700133884\n|move|p2a: Oricorio|Quiver Dance|p2a: Oricorio\n|-boost|p2a: Oricorio|spa|1\n|-boost|p2a: Oricorio|spd|1\n|-boost|p2a: Oricorio|spe|1\n|move|p1a: Dragalge|Thunder|p2a: Oricorio\n|-supereffective|p2a: Oricorio\n|-damage|p2a: Oricorio|45\/100\n|\n|-heal|p2a: Oricorio|51\/100|[from] item: Leftovers\n|upkeep\n|turn|2\n|\n|t:|1700133902\n|move|p2a: Oricorio|Quiver Dance|p2a: Oricorio\n|-boost|p2a: Oricorio|spa|1\n|-boost|p2a: Oricorio|spd|1\n|-boost|p2a: Oricorio|spe|1\n|move|p1a: Dragalge|Sludge Bomb|p2a: Oricorio\n|-damage|p2a: Oricorio|22\/100\n|\n|-heal|p2a: Oricorio|28\/100|[from] item: Leftovers\n|upkeep\n|turn|3\n|\n|t:|1700133916\n|move|p2a: Oricorio|Baton Pass|p2a: Oricorio\n|inactive|Pipiundkaka has 120 seconds left.\n|\n|t:|1700133940\n|switch|p2a: Chandelure|Chandelure, M|100\/100|[from] Baton Pass\n|move|p1a: Dragalge|Dragon Pulse|p2a: Chandelure\n|-damage|p2a: Chandelure|75\/100\n|replace|p2a: Zoroark|Zoroark-Hisui, F\n|-end|p2a: Zoroark|Illusion\n|\n|upkeep\n|turn|4\n|inactive|Pipiundkaka has 120 seconds left.\n|\n|t:|1700133955\n|move|p2a: Zoroark|Shadow Ball|p1a: Dragalge\n|-damage|p1a: Dragalge|36\/100\n|move|p1a: Dragalge|Thunder|p2a: Zoroark\n|-damage|p2a: Zoroark|52\/100\n|-status|p2a: Zoroark|par\n|\n|-heal|p1a: Dragalge|42\/100|[from] item: Black Sludge\n|upkeep\n|turn|5\n|inactive|Pipiundkaka has 120 seconds left.\n|\n|t:|1700133980\n|move|p2a: Zoroark|Shadow Ball|p1a: Dragalge\n|-damage|p1a: Dragalge|0 fnt\n|faint|p1a: Dragalge\n|\n|upkeep\n|\n|t:|1700133990\n|switch|p1a: Baxcalibur|Baxcalibur, F|100\/100\n|turn|6\n|\n|t:|1700133998\n|move|p2a: Zoroark|Focus Blast|p1a: Baxcalibur\n|-supereffective|p1a: Baxcalibur\n|-damage|p1a: Baxcalibur|0 fnt\n|faint|p1a: Baxcalibur\n|\n|upkeep\n|\n|t:|1700134009\n|switch|p1a: Garchomp|Garchomp, F, shiny|100\/100\n|turn|7\n|\n|t:|1700134016\n|move|p2a: Zoroark|Shadow Ball|p1a: Garchomp\n|-damage|p1a: Garchomp|9\/100\n|move|p1a: Garchomp|Stone Edge|p2a: Zoroark\n|-damage|p2a: Zoroark|0 fnt\n|faint|p2a: Zoroark\n|\n|upkeep\n|inactive|Pipiundkaka has 120 seconds left.\n|\n|t:|1700134042\n|switch|p2a: Gliscor|Gliscor, F|100\/100\n|turn|8\n|\n|t:|1700134048\n|move|p2a: Gliscor|Protect|p2a: Gliscor\n|-singleturn|p2a: Gliscor|Protect\n|move|p1a: Garchomp|Stone Edge|p2a: Gliscor\n|-activate|p2a: Gliscor|move: Protect\n|\n|-status|p2a: Gliscor|tox|[from] item: Toxic Orb\n|upkeep\n|turn|9\n|\n|t:|1700134058\n|move|p1a: Garchomp|Stone Edge|p2a: Gliscor\n|-damage|p2a: Gliscor|64\/100 tox\n|move|p2a: Gliscor|Knock Off|p1a: Garchomp\n|-damage|p1a: Garchomp|0 fnt\n|-damage|p2a: Gliscor|52\/100 tox|[from] ability: Rough Skin|[of] p1a: Garchomp\n|-damage|p2a: Gliscor|36\/100 tox|[from] item: Rocky Helmet|[of] p1a: Garchomp\n|-enditem|p1a: Garchomp|Rocky Helmet|[from] move: Knock Off|[of] p2a: Gliscor\n|faint|p1a: Garchomp\n|\n|-heal|p2a: Gliscor|48\/100 tox|[from] ability: Poison Heal\n|upkeep\n|\n|t:|1700134072\n|switch|p1a: Cyclizar|Cyclizar, M|100\/100\n|turn|10\n|\n|t:|1700134084\n|move|p1a: Cyclizar|Shift Gear|p1a: Cyclizar\n|-boost|p1a: Cyclizar|spe|2\n|-boost|p1a: Cyclizar|atk|1\n|move|p2a: Gliscor|Earthquake|p1a: Cyclizar\n|-damage|p1a: Cyclizar|24\/100\n|\n|-heal|p2a: Gliscor|60\/100 tox|[from] ability: Poison Heal\n|upkeep\n|turn|11\n|\n|t:|1700134095\n|-terastallize|p1a: Cyclizar|Dragon\n|move|p2a: Gliscor|Protect|p2a: Gliscor\n|-singleturn|p2a: Gliscor|Protect\n|move|p1a: Cyclizar|Dragon Claw|p2a: Gliscor\n|-activate|p2a: Gliscor|move: Protect\n|\n|-heal|p2a: Gliscor|73\/100 tox|[from] ability: Poison Heal\n|upkeep\n|turn|12\n|\n|t:|1700134111\n|move|p1a: Cyclizar|Dragon Claw|p2a: Gliscor\n|-damage|p2a: Gliscor|3\/100 tox\n|move|p2a: Gliscor|Knock Off|p1a: Cyclizar\n|-damage|p1a: Cyclizar|0 fnt\n|-enditem|p1a: Cyclizar|Blunder Policy|[from] move: Knock Off|[of] p2a: Gliscor\n|faint|p1a: Cyclizar\n|\n|-heal|p2a: Gliscor|15\/100 tox|[from] ability: Poison Heal\n|upkeep\n|\n|t:|1700134120\n|switch|p1a: Noivern|Noivern, F|100\/100\n|turn|13\n|\n|t:|1700134125\n|move|p1a: Noivern|Agility|p1a: Noivern\n|-boost|p1a: Noivern|spe|2\n|move|p2a: Gliscor|Knock Off|p1a: Noivern\n|-damage|p1a: Noivern|61\/100\n|-enditem|p1a: Noivern|Throat Spray|[from] move: Knock Off|[of] p2a: Gliscor\n|\n|-heal|p2a: Gliscor|27\/100 tox|[from] ability: Poison Heal\n|upkeep\n|turn|14\n|\n|t:|1700134139\n|move|p1a: Noivern|Hurricane|p2a: Gliscor\n|-damage|p2a: Gliscor|0 fnt\n|faint|p2a: Gliscor\n|\n|upkeep\n|\n|t:|1700134148\n|switch|p2a: Klefki|Klefki, F|100\/100\n|turn|15\n|\n|t:|1700134156\n|switch|p1a: Hydreigon|Hydreigon, M|100\/100\n|move|p2a: Klefki|Trick Room|p2a: Klefki\n|-fieldstart|move: Trick Room|[of] p2a: Klefki\n|\n|upkeep\n|turn|16\n|\n|t:|1700134170\n|move|p2a: Klefki|Draining Kiss|p1a: Hydreigon\n|-supereffective|p1a: Hydreigon\n|-damage|p1a: Hydreigon|12\/100\n|move|p1a: Hydreigon|Flamethrower|p2a: Klefki\n|-supereffective|p2a: Klefki\n|-damage|p2a: Klefki|19\/100\n|\n|-heal|p2a: Klefki|25\/100|[from] item: Leftovers\n|upkeep\n|turn|17\n|inactive|blackpeoplez has 120 seconds left.\n|inactive|blackpeoplez has 90 seconds left.\n|\n|t:|1700134257\n|switch|p2a: Quaquaval|Quaquaval, M|100\/100\n|move|p1a: Hydreigon|Flamethrower|p2a: Quaquaval\n|-resisted|p2a: Quaquaval\n|-damage|p2a: Quaquaval|78\/100\n|\n|upkeep\n|turn|18\n|\n|t:|1700134266\n|move|p2a: Quaquaval|Aqua Step|p1a: Hydreigon\n|-resisted|p1a: Hydreigon\n|-damage|p1a: Hydreigon|0 fnt\n|-boost|p2a: Quaquaval|spe|1\n|faint|p1a: Hydreigon\n|-ability|p2a: Quaquaval|Moxie|boost\n|-boost|p2a: Quaquaval|atk|1\n|-damage|p2a: Quaquaval|68\/100|[from] item: Life Orb\n|\n|upkeep\n|\n|t:|1700134273\n|switch|p1a: Noivern|Noivern, F|61\/100\n|turn|19\n|\n|t:|1700134282\n|move|p1a: Noivern|Hurricane|p2a: Quaquaval\n|-supereffective|p2a: Quaquaval\n|-damage|p2a: Quaquaval|0 fnt\n|faint|p2a: Quaquaval\n|\n|-fieldend|move: Trick Room\n|upkeep\n|\n|t:|1700134289\n|switch|p2a: Oricorio|Oricorio-Pa'u, M|28\/100\n|turn|20\n|\n|t:|1700134297\n|move|p1a: Noivern|Dragon Pulse|p2a: Oricorio\n|-damage|p2a: Oricorio|0 fnt\n|faint|p2a: Oricorio\n|\n|upkeep\n|\n|t:|1700134301\n|switch|p2a: Klefki|Klefki, F|25\/100\n|turn|21\n|\n|t:|1700134312\n|move|p1a: Noivern|Hurricane|p2a: Klefki|[miss]\n|-miss|p1a: Noivern|p2a: Klefki\n|move|p2a: Klefki|Draining Kiss|p1a: Noivern\n|-supereffective|p1a: Noivern\n|-damage|p1a: Noivern|5\/100\n|-heal|p2a: Klefki|67\/100|[from] drain|[of] p1a: Noivern\n|\n|-heal|p2a: Klefki|73\/100|[from] item: Leftovers\n|upkeep\n|turn|22\n|\n|t:|1700134325\n|-terastallize|p2a: Klefki|Steel\n|move|p1a: Noivern|Hurricane|p2a: Klefki|[miss]\n|-miss|p1a: Noivern|p2a: Klefki\n|move|p2a: Klefki|Draining Kiss|p1a: Noivern\n|-supereffective|p1a: Noivern\n|-damage|p1a: Noivern|0 fnt\n|-heal|p2a: Klefki|76\/100|[from] drain|[of] p1a: Noivern\n|faint|p1a: Noivern\n|\n|win|Pipiundkaka\n|raw|blackpeoplez's rating: 1043 &rarr; <strong>1025<\/strong><br \/>(-18 for losing)\n|raw|Pipiundkaka's rating: 1005 &rarr; <strong>1049<\/strong><br \/>(+44 for winning)\n|c|\u2606Pipiundkaka|Gg\n|l|\u2606blackpeoplez\n","uploadtime":1700134338,"views":4,"p1id":"blackpeoplez","p2id":"pipiundkaka","formatid":"gen9anythinggoes","rating":1025,"private":0,"password":""}