{"id":"gen9anythinggoes-1999601466","p1":"ghjknvft6","p2":"Platinum1426","format":"[Gen 9] Anything Goes","log":"|j|\u2606ghjknvft6\n|j|\u2606Platinum1426\n|t:|1701100127\n|gametype|singles\n|player|p1|ghjknvft6|dragontamer|1053\n|player|p2|Platinum1426|pokemonranger-gen4|1135\n|teamsize|p1|4\n|teamsize|p2|6\n|gen|9\n|tier|[Gen 9] Anything Goes\n|rated|\n|rule|HP Percentage Mod: HP is shown in percentages\n|rule|Endless Battle Clause: Forcing endless battles is banned\n|clearpoke\n|poke|p1|Miraidon|\n|poke|p1|Drifblim, M|\n|poke|p1|Eevee, F|\n|poke|p1|Hawlucha, F|\n|poke|p2|Azumarill, M|\n|poke|p2|Calyrex-Ice|\n|poke|p2|Espathra, M|\n|poke|p2|Annihilape, M|\n|poke|p2|Koraidon|\n|poke|p2|Manaphy|\n|teampreview\n|\n|t:|1701100131\n|start\n|switch|p1a: Bal\u00e3o m\u00e1gico|Drifblim, M|100\/100\n|switch|p2a: Espathra|Espathra, M|100\/100\n|turn|1\n|\n|t:|1701100142\n|move|p2a: Espathra|Substitute|p2a: Espathra\n|-start|p2a: Espathra|Substitute\n|-damage|p2a: Espathra|76\/100\n|move|p1a: Bal\u00e3o m\u00e1gico|Minimize|p1a: Bal\u00e3o m\u00e1gico\n|-boost|p1a: Bal\u00e3o m\u00e1gico|evasion|2\n|\n|-heal|p2a: Espathra|82\/100|[from] item: Leftovers\n|-ability|p2a: Espathra|Speed Boost|boost\n|-boost|p2a: Espathra|spe|1\n|upkeep\n|turn|2\n|\n|t:|1701100153\n|move|p2a: Espathra|Calm Mind|p2a: Espathra\n|-boost|p2a: Espathra|spa|1\n|-boost|p2a: Espathra|spd|1\n|move|p1a: Bal\u00e3o m\u00e1gico|Minimize|p1a: Bal\u00e3o m\u00e1gico\n|-boost|p1a: Bal\u00e3o m\u00e1gico|evasion|2\n|\n|-heal|p2a: Espathra|88\/100|[from] item: Leftovers\n|-ability|p2a: Espathra|Speed Boost|boost\n|-boost|p2a: Espathra|spe|1\n|upkeep\n|turn|3\n|\n|t:|1701100167\n|move|p2a: Espathra|Calm Mind|p2a: Espathra\n|-boost|p2a: Espathra|spa|1\n|-boost|p2a: Espathra|spd|1\n|move|p1a: Bal\u00e3o m\u00e1gico|Minimize|p1a: Bal\u00e3o m\u00e1gico\n|-boost|p1a: Bal\u00e3o m\u00e1gico|evasion|2\n|\n|-heal|p2a: Espathra|94\/100|[from] item: Leftovers\n|-ability|p2a: Espathra|Speed Boost|boost\n|-boost|p2a: Espathra|spe|1\n|upkeep\n|turn|4\n|\n|t:|1701100178\n|move|p2a: Espathra|Baton Pass|p2a: Espathra\n|\n|t:|1701100190\n|switch|p2a: Manaphy|Manaphy|100\/100|[from] Baton Pass\n|move|p1a: Bal\u00e3o m\u00e1gico|Substitute|p1a: Bal\u00e3o m\u00e1gico\n|-start|p1a: Bal\u00e3o m\u00e1gico|Substitute\n|-damage|p1a: Bal\u00e3o m\u00e1gico|75\/100\n|\n|upkeep\n|turn|5\n|\n|t:|1701100199\n|move|p2a: Manaphy|Surf|p1a: Bal\u00e3o m\u00e1gico|[miss]\n|-miss|p2a: Manaphy|p1a: Bal\u00e3o m\u00e1gico\n|move|p1a: Bal\u00e3o m\u00e1gico|Stockpile|p1a: Bal\u00e3o m\u00e1gico\n|-start|p1a: Bal\u00e3o m\u00e1gico|stockpile1\n|-boost|p1a: Bal\u00e3o m\u00e1gico|def|1\n|-boost|p1a: Bal\u00e3o m\u00e1gico|spd|1\n|\n|upkeep\n|turn|6\n|\n|t:|1701100208\n|move|p2a: Manaphy|Surf|p1a: Bal\u00e3o m\u00e1gico|[miss]\n|-miss|p2a: Manaphy|p1a: Bal\u00e3o m\u00e1gico\n|move|p1a: Bal\u00e3o m\u00e1gico|Stockpile|p1a: Bal\u00e3o m\u00e1gico\n|-start|p1a: Bal\u00e3o m\u00e1gico|stockpile2\n|-boost|p1a: Bal\u00e3o m\u00e1gico|def|1\n|-boost|p1a: Bal\u00e3o m\u00e1gico|spd|1\n|\n|upkeep\n|turn|7\n|\n|t:|1701100219\n|move|p2a: Manaphy|Surf|p1a: Bal\u00e3o m\u00e1gico|[miss]\n|-miss|p2a: Manaphy|p1a: Bal\u00e3o m\u00e1gico\n|move|p1a: Bal\u00e3o m\u00e1gico|Stockpile|p1a: Bal\u00e3o m\u00e1gico\n|-start|p1a: Bal\u00e3o m\u00e1gico|stockpile3\n|-boost|p1a: Bal\u00e3o m\u00e1gico|def|1\n|-boost|p1a: Bal\u00e3o m\u00e1gico|spd|1\n|\n|upkeep\n|turn|8\n|\n|t:|1701100228\n|move|p2a: Manaphy|Surf|p1a: Bal\u00e3o m\u00e1gico|[miss]\n|-miss|p2a: Manaphy|p1a: Bal\u00e3o m\u00e1gico\n|move|p1a: Bal\u00e3o m\u00e1gico|Baton Pass|p1a: Bal\u00e3o m\u00e1gico\n|\n|t:|1701100234\n|switch|p1a: Hawlucha|Hawlucha, F|100\/100|[from] Baton Pass\n|\n|upkeep\n|turn|9\n|\n|t:|1701100242\n|move|p2a: Manaphy|Surf|p1a: Hawlucha|[miss]\n|-miss|p2a: Manaphy|p1a: Hawlucha\n|move|p1a: Hawlucha|Agility|p1a: Hawlucha\n|-boost|p1a: Hawlucha|spe|2\n|\n|upkeep\n|turn|10\n|\n|t:|1701100251\n|move|p2a: Manaphy|Surf|p1a: Hawlucha|[miss]\n|-miss|p2a: Manaphy|p1a: Hawlucha\n|move|p1a: Hawlucha|Agility|p1a: Hawlucha\n|-boost|p1a: Hawlucha|spe|2\n|\n|upkeep\n|turn|11\n|\n|t:|1701100263\n|move|p1a: Hawlucha|Agility|p1a: Hawlucha\n|-boost|p1a: Hawlucha|spe|2\n|move|p2a: Manaphy|Tail Glow|p2a: Manaphy\n|-boost|p2a: Manaphy|spa|3\n|\n|upkeep\n|turn|12\n|\n|t:|1701100272\n|move|p1a: Hawlucha|Agility|p1a: Hawlucha\n|-boost|p1a: Hawlucha|spe|0\n|move|p2a: Manaphy|Surf|p1a: Hawlucha|[miss]\n|-miss|p2a: Manaphy|p1a: Hawlucha\n|\n|upkeep\n|turn|13\n|\n|t:|1701100281\n|move|p1a: Hawlucha|Baton Pass|p1a: Hawlucha\n|\n|t:|1701100284\n|switch|p1a: Moto top|Miraidon|100\/100|[from] Baton Pass\n|-fieldstart|move: Electric Terrain|[from] ability: Hadron Engine|[of] p1a: Moto top\n|-item|p1a: Moto top|Air Balloon\n|move|p2a: Manaphy|Surf|p1a: Moto top\n|-resisted|p1a: Moto top\n|-activate|p1a: Moto top|move: Substitute|[damage]\n|-enditem|p1a: Moto top|Air Balloon\n|\n|upkeep\n|turn|14\n|\n|t:|1701100297\n|move|p1a: Moto top|Calm Mind|p1a: Moto top\n|-boost|p1a: Moto top|spa|1\n|-boost|p1a: Moto top|spd|1\n|move|p2a: Manaphy|Surf|p1a: Moto top\n|-resisted|p1a: Moto top\n|-end|p1a: Moto top|Substitute\n|\n|upkeep\n|turn|15\n|\n|t:|1701100307\n|move|p1a: Moto top|Calm Mind|p1a: Moto top\n|-boost|p1a: Moto top|spa|1\n|-boost|p1a: Moto top|spd|1\n|move|p2a: Manaphy|Heart Swap|p1a: Moto top\n|-swapboost|p2a: Manaphy|p1a: Moto top|[from] move: Heart Swap\n|\n|upkeep\n|turn|16\n|\n|t:|1701100322\n|move|p2a: Manaphy|Baton Pass|p2a: Manaphy\n|\n|t:|1701100336\n|switch|p2a: Azumarill|Azumarill, M|100\/100|[from] Baton Pass\n|move|p1a: Moto top|Calm Mind|p1a: Moto top\n|-boost|p1a: Moto top|spa|1\n|-boost|p1a: Moto top|spd|1\n|\n|upkeep\n|turn|17\n|\n|t:|1701100345\n|move|p1a: Moto top|Calm Mind|p1a: Moto top\n|-boost|p1a: Moto top|spa|0\n|-boost|p1a: Moto top|spd|1\n|move|p2a: Azumarill|Ice Spinner|p1a: Moto top\n|-supereffective|p1a: Moto top\n|-damage|p1a: Moto top|36\/100\n|-fieldend|move: Electric Terrain\n|\n|upkeep\n|turn|18\n|\n|t:|1701100357\n|-terastallize|p1a: Moto top|Electric\n|move|p1a: Moto top|Calm Mind|p1a: Moto top\n|-boost|p1a: Moto top|spa|0\n|-boost|p1a: Moto top|spd|1\n|move|p2a: Azumarill|Draining Kiss|p1a: Moto top\n|-damage|p1a: Moto top|30\/100\n|\n|upkeep\n|turn|19\n|\n|t:|1701100367\n|switch|p1a: Bal\u00e3o m\u00e1gico|Drifblim, M|75\/100\n|move|p2a: Azumarill|Ice Spinner|p1a: Bal\u00e3o m\u00e1gico\n|-supereffective|p1a: Bal\u00e3o m\u00e1gico\n|-damage|p1a: Bal\u00e3o m\u00e1gico|0 fnt\n|-damage|p2a: Azumarill|75\/100|[from] ability: Aftermath|[of] p1a: Bal\u00e3o m\u00e1gico\n|faint|p1a: Bal\u00e3o m\u00e1gico\n|\n|-heal|p2a: Azumarill|82\/100|[from] item: Leftovers\n|upkeep\n|-message|ghjknvft6 forfeited.\n|\n|win|Platinum1426\n|raw|ghjknvft6's rating: 1053 &rarr; <strong>1039<\/strong><br \/>(-14 for losing)\n|raw|Platinum1426's rating: 1135 &rarr; <strong>1154<\/strong><br \/>(+19 for winning)\n|l|\u2606ghjknvft6\n","uploadtime":1701100385,"views":0,"p1id":"ghjknvft6","p2id":"platinum1426","formatid":"gen9anythinggoes","rating":1039,"private":0,"password":""}