{"id":"gen9anythinggoes-1984942954","p1":"we up","p2":"DosD0GS","format":"[Gen 9] Anything Goes","log":"|j|\u2606we up\n|j|\u2606DosD0GS\n|inactive|Battle timer is ON: inactive players will automatically lose when time's up.\n|t:|1699313201\n|gametype|singles\n|player|p1|we up|caitlin-masters|\n|player|p2|DosD0GS|psychic-gen3|\n|teamsize|p1|6\n|teamsize|p2|6\n|gen|9\n|tier|[Gen 9] Anything Goes\n|rated|Tournament battle\n|rule|HP Percentage Mod: HP is shown in percentages\n|rule|Endless Battle Clause: Forcing endless battles is banned\n|rule|Force of the Fallen Mod: Pok&\u00e9mon pass the move in their last moveslot to their allies when they're KOed\n|rule|Sleep Moves Clause: Sleep-inducing moves are banned\n|rule|Species Clause: Limit one of each Pok\u00e9mon\n|rule|OHKO Clause: OHKO moves are banned\n|rule|Evasion Moves Clause: Evasion moves are banned\n|rule|Terastal Clause: You cannot Terastallize\n|clearpoke\n|poke|p1|Glimmora, M|\n|poke|p1|Gholdengo|\n|poke|p1|Toxtricity, M|\n|poke|p1|Ursaluna, F|\n|poke|p1|Hoopa-Unbound|\n|poke|p1|Dragonite, F|\n|poke|p2|Ogerpon-Hearthflame, F|\n|poke|p2|Zamazenta-*|\n|poke|p2|Samurott-Hisui, F|\n|poke|p2|Dragapult, F|\n|poke|p2|Yanmega, M|\n|poke|p2|Corviknight, F|\n|teampreview\n|inactive|DosD0GS also wants the timer to be on.\n|inactive|we up also wants the timer to be on.\n|j| A Bread Sandwich\n|inactive|we up has 120 seconds left.\n|\n|t:|1699313238\n|start\n|switch|p1a: Glimmora|Glimmora, M|100\/100\n|switch|p2a: Samurott|Samurott-Hisui, F|100\/100\n|turn|1\n|\n|t:|1699313248\n|move|p1a: Glimmora|Stealth Rock|p2a: Samurott\n|-sidestart|p2: DosD0GS|move: Stealth Rock\n|move|p2a: Samurott|Ceaseless Edge|p1a: Glimmora\n|-damage|p1a: Glimmora|43\/100\n|-activate|p1a: Glimmora|ability: Toxic Debris\n|-sidestart|p2: DosD0GS|move: Toxic Spikes\n|-sidestart|p1: we up|Spikes\n|\n|upkeep\n|turn|2\n|inactive|we up has 120 seconds left.\n|\n|t:|1699313281\n|move|p1a: Glimmora|Mortal Spin|p2a: Samurott\n|-damage|p2a: Samurott|92\/100\n|-status|p2a: Samurott|psn\n|-sideend|p1: we up|Spikes|[from] move: Mortal Spin|[of] p1a: Glimmora\n|move|p2a: Samurott|Ceaseless Edge|p1a: Glimmora\n|-damage|p1a: Glimmora|0 fnt\n|-activate|p1a: Glimmora|ability: Toxic Debris\n|-sidestart|p2: DosD0GS|move: Toxic Spikes\n|-sidestart|p1: we up|Spikes\n|faint|p1a: Glimmora\n|\n|-damage|p2a: Samurott|80\/100 psn|[from] psn\n|upkeep\n|l|\u2606we up\n|inactive|we up disconnected and has a minute to reconnect!\n|player|p1|\n|inactive|we up has 30 seconds to reconnect!\n|inactive|we up has 20 seconds to reconnect!\n|inactive|we up has 15 seconds to reconnect!\n|j|\u2606we up\n|inactive|we up reconnected and has 80 seconds left.\n|player|p1|we up|caitlin-masters\n|inactive|we up has 60 seconds left.\n|\n|t:|1699313353\n|switch|p1a: Toxtricity|Toxtricity, M|100\/100\n|-damage|p1a: Toxtricity|88\/100|[from] Spikes\n|turn|3\n|inactive|we up has 60 seconds left.\n|l| A Bread Sandwich\n|\n|t:|1699313376\n|move|p2a: Samurott|Ceaseless Edge|p1a: Toxtricity|[miss]\n|-miss|p2a: Samurott|p1a: Toxtricity\n|move|p1a: Toxtricity|Shift Gear|p1a: Toxtricity\n|-boost|p1a: Toxtricity|spe|2\n|-boost|p1a: Toxtricity|atk|1\n|\n|-damage|p2a: Samurott|67\/100 psn|[from] psn\n|upkeep\n|turn|4\n|inactive|we up has 60 seconds left.\n|\n|t:|1699313394\n|move|p2a: Samurott|Sucker Punch|p1a: Toxtricity\n|-damage|p1a: Toxtricity|22\/100\n|move|p1a: Toxtricity|Overdrive|p2a: Samurott\n|-supereffective|p2a: Samurott\n|-damage|p2a: Samurott|0 fnt\n|faint|p2a: Samurott\n|-enditem|p1a: Toxtricity|Throat Spray\n|-boost|p1a: Toxtricity|spa|1|[from] item: Throat Spray\n|\n|upkeep\n|\n|t:|1699313413\n|switch|p2a: Yanmega|Yanmega, M|100\/100\n|-damage|p2a: Yanmega|51\/100|[from] Stealth Rock\n|turn|5\n|\n|t:|1699313417\n|move|p2a: Yanmega|Detect|p2a: Yanmega\n|-singleturn|p2a: Yanmega|Protect\n|move|p1a: Toxtricity|Overdrive|p2a: Yanmega\n|-activate|p2a: Yanmega|move: Protect\n|\n|-heal|p2a: Yanmega|57\/100|[from] item: Leftovers\n|-ability|p2a: Yanmega|Speed Boost|boost\n|-boost|p2a: Yanmega|spe|1\n|upkeep\n|turn|6\n|\n|t:|1699313425\n|move|p2a: Yanmega|Detect||[still]\n|-fail|p2a: Yanmega\n|move|p1a: Toxtricity|Boomburst|p2a: Yanmega\n|-damage|p2a: Yanmega|0 fnt\n|faint|p2a: Yanmega\n|\n|upkeep\n|\n|t:|1699313430\n|switch|p2a: Corviknight|Corviknight, F|100\/100\n|-damage|p2a: Corviknight|88\/100|[from] Stealth Rock\n|-ability|p2a: Corviknight|Pressure\n|turn|7\n|\n|t:|1699313436\n|move|p1a: Toxtricity|Overdrive|p2a: Corviknight\n|-supereffective|p2a: Corviknight\n|-damage|p2a: Corviknight|0 fnt\n|faint|p2a: Corviknight\n|\n|upkeep\n|\n|t:|1699313440\n|switch|p2a: Ogerpon|Ogerpon-Hearthflame, F|100\/100\n|-damage|p2a: Ogerpon|76\/100|[from] Stealth Rock\n|-status|p2a: Ogerpon|tox\n|-ability|p2a: Ogerpon|Mold Breaker\n|turn|8\n|\n|t:|1699313445\n|move|p1a: Toxtricity|Sludge Bomb|p2a: Ogerpon\n|-supereffective|p2a: Ogerpon\n|-damage|p2a: Ogerpon|0 fnt\n|faint|p2a: Ogerpon\n|\n|upkeep\n|\n|t:|1699313448\n|switch|p2a: Dragapult|Dragapult, F|100\/100\n|-damage|p2a: Dragapult|88\/100|[from] Stealth Rock\n|-status|p2a: Dragapult|tox\n|turn|9\n|inactive|we up has 120 seconds left.\n|\n|t:|1699313453\n|move|p1a: Toxtricity|Memento|p2a: Dragapult\n|-fail|p2a: Dragapult|unboost|[from] ability: Clear Body|[of] p2a: Dragapult\n|faint|p1a: Toxtricity\n|move|p2a: Dragapult|Shadow Ball|p1: Toxtricity|[notarget]\n|-fail|p2a: Dragapult\n|\n|-damage|p2a: Dragapult|82\/100 tox|[from] psn\n|upkeep\n|\n|t:|1699313458\n|switch|p1a: Ursaluna|Ursaluna, F|100\/100\n|-damage|p1a: Ursaluna|88\/100|[from] Spikes\n|turn|10\n|\n|t:|1699313467\n|move|p2a: Dragapult|Draco Meteor|p1a: Ursaluna\n|-damage|p1a: Ursaluna|14\/100\n|-unboost|p2a: Dragapult|spa|2\n|-damage|p2a: Dragapult|72\/100 tox|[from] item: Life Orb\n|move|p1a: Ursaluna|Shift Gear|p1a: Ursaluna\n|-boost|p1a: Ursaluna|spe|2\n|-boost|p1a: Ursaluna|atk|1\n|\n|-damage|p2a: Dragapult|60\/100 tox|[from] psn\n|-status|p1a: Ursaluna|brn|[from] item: Flame Orb\n|upkeep\n|turn|11\n|\n|t:|1699313476\n|move|p1a: Ursaluna|Crunch|p2a: Dragapult\n|-supereffective|p2a: Dragapult\n|-damage|p2a: Dragapult|0 fnt\n|faint|p2a: Dragapult\n|\n|-damage|p1a: Ursaluna|8\/100 brn|[from] brn\n|upkeep\n|\n|t:|1699313478\n|switch|p2a: Zamazenta|Zamazenta|100\/100\n|-damage|p2a: Zamazenta|94\/100|[from] Stealth Rock\n|-status|p2a: Zamazenta|tox\n|-ability|p2a: Zamazenta|Dauntless Shield|boost\n|-boost|p2a: Zamazenta|def|1\n|turn|12\n|\n|t:|1699313482\n|move|p1a: Ursaluna|Facade|p2a: Zamazenta\n|-damage|p2a: Zamazenta|0 fnt\n|faint|p2a: Zamazenta\n|\n|win|we up\n|n|\u2606DosD0GS|dosd0gs\n|n|\u2606we up|weup\n|l|\u2606we up\n|c|\u2606DosD0GS|gg\n|l|\u2606DosD0GS\n|j| iknowup\n","uploadtime":1699313690,"views":5,"p1id":"weup","p2id":"dosd0gs","formatid":"gen9anythinggoes","rating":0,"private":0,"password":""}