{"id":"gen9anythinggoes-1990594473","p1":"Sirchampionhydra","p2":"LingLing007","format":"[Gen 9] Anything Goes","log":"|j|\u2606Sirchampionhydra\n|j|\u2606LingLing007\n|t:|1699984247\n|gametype|singles\n|player|p1|Sirchampionhydra|colress|1189\n|player|p2|LingLing007|hilbert-masters2|1311\n|teamsize|p1|6\n|teamsize|p2|6\n|gen|9\n|tier|[Gen 9] Anything Goes\n|rated|\n|rule|HP Percentage Mod: HP is shown in percentages\n|rule|Endless Battle Clause: Forcing endless battles is banned\n|clearpoke\n|poke|p1|Gliscor, F|\n|poke|p1|Regieleki|\n|poke|p1|Dragapult, F|\n|poke|p1|Espathra, F|\n|poke|p1|Glimmora, M|\n|poke|p1|Lurantis, F|\n|poke|p2|Roaring Moon|\n|poke|p2|Toxapex, F|\n|poke|p2|Zoroark-Hisui, M|\n|poke|p2|Polteageist-Antique|\n|poke|p2|Great Tusk|\n|poke|p2|Ninetales-Alola, F|\n|teampreview\n|\n|t:|1699984270\n|start\n|switch|p1a: Espathra|Espathra, F, shiny|100\/100\n|switch|p2a: Ninetales|Ninetales-Alola, F, shiny|100\/100\n|-weather|Snow|[from] ability: Snow Warning|[of] p2a: Ninetales\n|turn|1\n|inactive|Battle timer is ON: inactive players will automatically lose when time's up. (requested by LingLing007)\n|\n|t:|1699984276\n|move|p2a: Ninetales|Aurora Veil|p2a: Ninetales\n|-sidestart|p2: LingLing007|move: Aurora Veil\n|move|p1a: Espathra|Calm Mind|p1a: Espathra\n|-boost|p1a: Espathra|spa|1\n|-boost|p1a: Espathra|spd|1\n|\n|-weather|Snow|[upkeep]\n|-ability|p1a: Espathra|Speed Boost|boost\n|-boost|p1a: Espathra|spe|1\n|upkeep\n|turn|2\n|\n|t:|1699984282\n|move|p1a: Espathra|Calm Mind|p1a: Espathra\n|-boost|p1a: Espathra|spa|1\n|-boost|p1a: Espathra|spd|1\n|move|p2a: Ninetales|Encore|p1a: Espathra\n|-start|p1a: Espathra|Encore\n|\n|-weather|Snow|[upkeep]\n|-ability|p1a: Espathra|Speed Boost|boost\n|-boost|p1a: Espathra|spe|1\n|upkeep\n|turn|3\n|\n|t:|1699984287\n|switch|p2a: Roaring Moon|Roaring Moon|100\/100\n|-enditem|p2a: Roaring Moon|Booster Energy\n|-activate|p2a: Roaring Moon|ability: Protosynthesis|[fromitem]\n|-start|p2a: Roaring Moon|protosynthesisspe\n|move|p1a: Espathra|Calm Mind|p1a: Espathra\n|-boost|p1a: Espathra|spa|1\n|-boost|p1a: Espathra|spd|1\n|\n|-weather|Snow|[upkeep]\n|-ability|p1a: Espathra|Speed Boost|boost\n|-boost|p1a: Espathra|spe|1\n|upkeep\n|turn|4\n|\n|t:|1699984296\n|-terastallize|p1a: Espathra|Fairy\n|move|p1a: Espathra|Calm Mind|p1a: Espathra\n|-boost|p1a: Espathra|spa|1\n|-boost|p1a: Espathra|spd|1\n|move|p2a: Roaring Moon|Knock Off|p1a: Espathra\n|-resisted|p1a: Espathra\n|-damage|p1a: Espathra|57\/100\n|-enditem|p1a: Espathra|Leftovers|[from] move: Knock Off|[of] p2a: Roaring Moon\n|\n|-weather|Snow|[upkeep]\n|-ability|p1a: Espathra|Speed Boost|boost\n|-boost|p1a: Espathra|spe|1\n|upkeep\n|turn|5\n|\n|t:|1699984310\n|move|p1a: Espathra|Calm Mind|p1a: Espathra\n|-boost|p1a: Espathra|spa|1\n|-boost|p1a: Espathra|spd|1\n|move|p2a: Roaring Moon|Acrobatics|p1a: Espathra\n|-damage|p1a: Espathra|0 fnt\n|faint|p1a: Espathra\n|\n|-weather|none\n|upkeep\n|\n|t:|1699984320\n|switch|p1a: Regieleki|Regieleki|100\/100\n|turn|6\n|\n|t:|1699984325\n|move|p2a: Roaring Moon|Dragon Dance|p2a: Roaring Moon\n|-boost|p2a: Roaring Moon|atk|1\n|-boost|p2a: Roaring Moon|spe|1\n|move|p1a: Regieleki|Volt Switch|p2a: Roaring Moon\n|-resisted|p2a: Roaring Moon\n|-damage|p2a: Roaring Moon|85\/100\n|\n|t:|1699984332\n|switch|p1a: Lurantis|Lurantis, F, shiny|100\/100|[from] Volt Switch\n|\n|upkeep\n|turn|7\n|\n|t:|1699984337\n|move|p2a: Roaring Moon|Acrobatics|p1a: Lurantis\n|-supereffective|p1a: Lurantis\n|-crit|p1a: Lurantis\n|-damage|p1a: Lurantis|0 fnt\n|faint|p1a: Lurantis\n|\n|upkeep\n|\n|t:|1699984349\n|switch|p1a: Glimmora|Glimmora, M, shiny|100\/100\n|-item|p1a: Glimmora|Air Balloon\n|turn|8\n|\n|t:|1699984353\n|move|p2a: Roaring Moon|Knock Off|p1a: Glimmora\n|-damage|p1a: Glimmora|22\/100\n|-activate|p1a: Glimmora|ability: Toxic Debris\n|-sidestart|p2: LingLing007|move: Toxic Spikes\n|-enditem|p1a: Glimmora|Air Balloon\n|move|p1a: Glimmora|Sludge Wave|p2a: Roaring Moon\n|-damage|p2a: Roaring Moon|66\/100\n|\n|-sideend|p2: LingLing007|move: Aurora Veil\n|upkeep\n|turn|9\n|\n|t:|1699984360\n|move|p2a: Roaring Moon|Earthquake|p1a: Glimmora\n|-supereffective|p1a: Glimmora\n|-damage|p1a: Glimmora|0 fnt\n|-activate|p1a: Glimmora|ability: Toxic Debris\n|-sidestart|p2: LingLing007|move: Toxic Spikes\n|faint|p1a: Glimmora\n|\n|upkeep\n|\n|t:|1699984364\n|switch|p1a: Dragapult|Dragapult, F, shiny|100\/100\n|turn|10\n|\n|t:|1699984368\n|move|p2a: Roaring Moon|Knock Off|p1a: Dragapult\n|-supereffective|p1a: Dragapult\n|-damage|p1a: Dragapult|0 fnt\n|-enditem|p1a: Dragapult|Dragon Fang|[from] move: Knock Off|[of] p2a: Roaring Moon\n|faint|p1a: Dragapult\n|\n|upkeep\n|\n|t:|1699984371\n|switch|p1a: Why is this ground|Gliscor, F, shiny|100\/100\n|turn|11\n|\n|t:|1699984373\n|move|p2a: Roaring Moon|Knock Off|p1a: Why is this ground\n|-crit|p1a: Why is this ground\n|-damage|p1a: Why is this ground|0 fnt\n|-enditem|p1a: Why is this ground|Toxic Orb|[from] move: Knock Off|[of] p2a: Roaring Moon\n|faint|p1a: Why is this ground\n|\n|upkeep\n|-message|Sirchampionhydra forfeited.\n|\n|win|LingLing007\n|raw|Sirchampionhydra's rating: 1189 &rarr; <strong>1172<\/strong><br \/>(-17 for losing)\n|raw|LingLing007's rating: 1311 &rarr; <strong>1324<\/strong><br \/>(+13 for winning)\n|l|\u2606Sirchampionhydra\n","uploadtime":1699984381,"views":16,"p1id":"sirchampionhydra","p2id":"lingling007","formatid":"gen9anythinggoes","rating":1172,"private":0,"password":""}