{"id":"gen9anythinggoes-1989310265","p1":"Random Fish 12","p2":"savagewolf98420","format":"[Gen 9] Anything Goes","log":"|j|\u2606Random Fish 12\n|j|\u2606savagewolf98420\n|t:|1699834821\n|gametype|singles\n|player|p1|Random Fish 12|waitress|1202\n|player|p2|savagewolf98420|koga|1327\n|teamsize|p1|6\n|teamsize|p2|6\n|gen|9\n|tier|[Gen 9] Anything Goes\n|rated|\n|rule|HP Percentage Mod: HP is shown in percentages\n|rule|Endless Battle Clause: Forcing endless battles is banned\n|clearpoke\n|poke|p1|Palafin, M|\n|poke|p1|Glimmora, F|\n|poke|p1|Flutter Mane|\n|poke|p1|Arceus-Fire|\n|poke|p1|Kingambit, F|\n|poke|p1|Espathra, F|\n|poke|p2|Muk-Alola, M|\n|poke|p2|Chesnaught, M|\n|poke|p2|Jirachi|\n|poke|p2|Heatran, F|\n|poke|p2|Toxapex, M|\n|poke|p2|Calyrex-Shadow|\n|teampreview\n|\n|t:|1699834835\n|start\n|switch|p1a: Megamind|Palafin, M, shiny|100\/100\n|switch|p2a: Calyrex|Calyrex-Shadow|100\/100\n|-ability|p2a: Calyrex|As One\n|-ability|p2a: Calyrex|Unnerve\n|turn|1\n|inactive|Battle timer is ON: inactive players will automatically lose when time's up. (requested by savagewolf98420)\n|\n|t:|1699834848\n|move|p2a: Calyrex|Astral Barrage|p1a: Megamind\n|-damage|p1a: Megamind|0 fnt\n|faint|p1a: Megamind\n|-ability|p2a: Calyrex|Grim Neigh|boost\n|-boost|p2a: Calyrex|spa|1\n|\n|upkeep\n|\n|t:|1699834854\n|switch|p1a: Shiver|Glimmora, F, shiny|100\/100\n|turn|2\n|\n|t:|1699834860\n|move|p2a: Calyrex|Astral Barrage|p1a: Shiver\n|-enditem|p1a: Shiver|Focus Sash\n|-damage|p1a: Shiver|1\/100\n|move|p1a: Shiver|Stealth Rock|p2a: Calyrex\n|-sidestart|p2: savagewolf98420|move: Stealth Rock\n|\n|upkeep\n|turn|3\n|\n|t:|1699834868\n|move|p1a: Shiver|Spiky Shield|p1a: Shiver\n|-singleturn|p1a: Shiver|move: Protect\n|move|p2a: Calyrex|Astral Barrage|p1a: Shiver\n|-activate|p1a: Shiver|move: Protect\n|\n|upkeep\n|turn|4\n|\n|t:|1699834876\n|move|p1a: Shiver|Spiky Shield||[still]\n|-fail|p1a: Shiver\n|move|p2a: Calyrex|Astral Barrage|p1a: Shiver\n|-damage|p1a: Shiver|0 fnt\n|faint|p1a: Shiver\n|-ability|p2a: Calyrex|Grim Neigh|boost\n|-boost|p2a: Calyrex|spa|1\n|\n|upkeep\n|\n|t:|1699834891\n|switch|p1a: Tinker Bell|Flutter Mane, shiny|100\/100\n|turn|5\n|\n|t:|1699834900\n|move|p2a: Calyrex|Astral Barrage|p1a: Tinker Bell\n|-supereffective|p1a: Tinker Bell\n|-damage|p1a: Tinker Bell|0 fnt\n|faint|p1a: Tinker Bell\n|-end|p1a: Tinker Bell|Protosynthesis|[silent]\n|-ability|p2a: Calyrex|Grim Neigh|boost\n|-boost|p2a: Calyrex|spa|1\n|\n|upkeep\n|\n|t:|1699834906\n|switch|p1a: Isabella|Espathra, F, shiny|100\/100\n|turn|6\n|\n|t:|1699834934\n|move|p2a: Calyrex|Astral Barrage|p1a: Isabella\n|-supereffective|p1a: Isabella\n|-enditem|p1a: Isabella|Focus Sash\n|-damage|p1a: Isabella|1\/100\n|move|p1a: Isabella|Shadow Ball|p2a: Calyrex\n|-supereffective|p2a: Calyrex\n|-damage|p2a: Calyrex|0 fnt\n|faint|p2a: Calyrex\n|\n|upkeep\n|inactive|savagewolf98420 has 120 seconds left.\n|\n|t:|1699834957\n|switch|p2a: Chesnaught|Chesnaught, M, shiny|100\/100\n|-damage|p2a: Chesnaught|94\/100|[from] Stealth Rock\n|turn|7\n|\n|t:|1699834964\n|move|p2a: Chesnaught|Spiky Shield|p2a: Chesnaught\n|-singleturn|p2a: Chesnaught|move: Protect\n|move|p1a: Isabella|Lumina Crash|p2a: Chesnaught\n|-activate|p2a: Chesnaught|move: Protect\n|\n|-heal|p2a: Chesnaught|100\/100|[from] item: Leftovers\n|upkeep\n|turn|8\n|inactive|savagewolf98420 has 120 seconds left.\n|\n|t:|1699834978\n|switch|p2a: Muk|Muk-Alola, M|100\/100\n|-damage|p2a: Muk|88\/100|[from] Stealth Rock\n|move|p1a: Isabella|Lumina Crash|p2a: Muk\n|-immune|p2a: Muk\n|\n|-heal|p2a: Muk|94\/100|[from] item: Leftovers\n|upkeep\n|turn|9\n|inactive|savagewolf98420 has 120 seconds left.\n|\n|t:|1699834996\n|move|p1a: Isabella|Tera Blast|p2a: Muk\n|-damage|p2a: Muk|72\/100\n|move|p2a: Muk|Minimize|p2a: Muk\n|-boost|p2a: Muk|evasion|2\n|-ability|p1a: Isabella|Opportunist|boost\n|-boost|p1a: Isabella|evasion|2\n|\n|-heal|p2a: Muk|78\/100|[from] item: Leftovers\n|upkeep\n|turn|10\n|inactive|savagewolf98420 has 120 seconds left.\n|\n|t:|1699835008\n|move|p1a: Isabella|Tera Blast|p2a: Muk|[miss]\n|-miss|p1a: Isabella|p2a: Muk\n|move|p2a: Muk|Poison Fang|p1a: Isabella\n|-damage|p1a: Isabella|0 fnt\n|faint|p1a: Isabella\n|\n|-heal|p2a: Muk|84\/100|[from] item: Leftovers\n|upkeep\n|\n|t:|1699835016\n|switch|p1a: M A G I K A R P|Arceus-Fire, shiny|100\/100\n|turn|11\n|inactive|savagewolf98420 has 120 seconds left.\n|\n|t:|1699835044\n|move|p1a: M A G I K A R P|Earthquake|p2a: Muk|[miss]\n|-miss|p1a: M A G I K A R P|p2a: Muk\n|move|p2a: Muk|Minimize|p2a: Muk\n|-boost|p2a: Muk|evasion|2\n|\n|-heal|p2a: Muk|90\/100|[from] item: Leftovers\n|upkeep\n|turn|12\n|\n|t:|1699835057\n|move|p1a: M A G I K A R P|Earthquake|p2a: Muk|[miss]\n|-miss|p1a: M A G I K A R P|p2a: Muk\n|move|p2a: Muk|Minimize|p2a: Muk\n|-boost|p2a: Muk|evasion|2\n|\n|-heal|p2a: Muk|96\/100|[from] item: Leftovers\n|upkeep\n|turn|13\n|\n|t:|1699835071\n|move|p1a: M A G I K A R P|Earthquake|p2a: Muk|[miss]\n|-miss|p1a: M A G I K A R P|p2a: Muk\n|move|p2a: Muk|Poison Fang|p1a: M A G I K A R P\n|-damage|p1a: M A G I K A R P|82\/100\n|-status|p1a: M A G I K A R P|tox\n|\n|-heal|p2a: Muk|100\/100|[from] item: Leftovers\n|-damage|p1a: M A G I K A R P|76\/100 tox|[from] psn\n|upkeep\n|turn|14\n|inactive|savagewolf98420 has 90 seconds left.\n|\n|t:|1699835098\n|move|p1a: M A G I K A R P|Earthquake|p2a: Muk|[miss]\n|-miss|p1a: M A G I K A R P|p2a: Muk\n|move|p2a: Muk|Drain Punch|p1a: M A G I K A R P\n|-damage|p1a: M A G I K A R P|55\/100 tox\n|\n|-damage|p1a: M A G I K A R P|43\/100 tox|[from] psn\n|upkeep\n|turn|15\n|\n|t:|1699835107\n|move|p1a: M A G I K A R P|Earthquake|p2a: Muk|[miss]\n|-miss|p1a: M A G I K A R P|p2a: Muk\n|move|p2a: Muk|Drain Punch|p1a: M A G I K A R P\n|-damage|p1a: M A G I K A R P|24\/100 tox\n|\n|-damage|p1a: M A G I K A R P|6\/100 tox|[from] psn\n|upkeep\n|turn|16\n|\n|t:|1699835117\n|move|p1a: M A G I K A R P|Earthquake|p2a: Muk\n|-supereffective|p2a: Muk\n|-damage|p2a: Muk|29\/100\n|move|p2a: Muk|Ice Punch|p1a: M A G I K A R P\n|-resisted|p1a: M A G I K A R P\n|-damage|p1a: M A G I K A R P|0 fnt\n|faint|p1a: M A G I K A R P\n|\n|-heal|p2a: Muk|35\/100|[from] item: Leftovers\n|upkeep\n|\n|t:|1699835125\n|switch|p1a: Emmet|Kingambit, F, shiny|100\/100\n|-activate|p1a: Emmet|ability: Supreme Overlord\n|-start|p1a: Emmet|fallen5|[silent]\n|turn|17\n|\n|t:|1699835143\n|move|p2a: Muk|Drain Punch|p1a: Emmet\n|-supereffective|p1a: Emmet\n|-damage|p1a: Emmet|28\/100\n|-heal|p2a: Muk|65\/100|[from] drain|[of] p1a: Emmet\n|move|p1a: Emmet|Kowtow Cleave|p2a: Muk\n|-resisted|p2a: Muk\n|-damage|p2a: Muk|26\/100\n|\n|-heal|p2a: Muk|32\/100|[from] item: Leftovers\n|upkeep\n|turn|18\n|\n|t:|1699835155\n|move|p2a: Muk|Drain Punch|p1a: Emmet\n|-supereffective|p1a: Emmet\n|-damage|p1a: Emmet|0 fnt\n|-heal|p2a: Muk|43\/100|[from] drain|[of] p1a: Emmet\n|faint|p1a: Emmet\n|-end|p1a: Emmet|fallen5|[silent]\n|\n|win|savagewolf98420\n|raw|Random Fish 12's rating: 1202 &rarr; <strong>1186<\/strong><br \/>(-16 for losing)\n|raw|savagewolf98420's rating: 1327 &rarr; <strong>1340<\/strong><br \/>(+13 for winning)\n|l|\u2606Random Fish 12\n","uploadtime":1699835168,"views":10,"p1id":"randomfish12","p2id":"savagewolf98420","formatid":"gen9anythinggoes","rating":1186,"private":0,"password":""}