{"id":"gen9anythinggoes-1982203931","p1":"pogwuan","p2":"YourDrunkDaddy","format":"[Gen 9] Anything Goes","log":"|j|\u2606pogwuan\n|j|\u2606YourDrunkDaddy\n|t:|1698978862\n|gametype|singles\n|player|p1|pogwuan|dawn-gen4pt|\n|player|p2|YourDrunkDaddy|shadowtriad|\n|teamsize|p1|6\n|teamsize|p2|6\n|gen|9\n|tier|[Gen 9] Anything Goes\n|rule|HP Percentage Mod: HP is shown in percentages\n|rule|Endless Battle Clause: Forcing endless battles is banned\n|clearpoke\n|poke|p1|Masquerain, F|\n|poke|p1|Thundurus, M|\n|poke|p1|Moltres|\n|poke|p1|Clodsire, F|\n|poke|p1|Glaceon, F|\n|poke|p1|Ninetales-Alola, M|\n|poke|p2|Walking Wake|\n|poke|p2|Great Tusk|\n|poke|p2|Gholdengo|\n|poke|p2|Amoonguss, F|\n|poke|p2|Shiftry, M|\n|poke|p2|Ninetales, M|\n|teampreview\n|j| Amoongdrip\n|j| dittoboys\n|j| Tredz\n|\n|t:|1698978954\n|start\n|switch|p1a: Yukimiya|Masquerain, F, shiny|100\/100\n|switch|p2a: CouldntThinkOfOne|Ninetales, M, shiny|100\/100\n|-weather|SunnyDay|[from] ability: Drought|[of] p2a: CouldntThinkOfOne\n|-ability|p1a: Yukimiya|Intimidate|boost\n|-unboost|p2a: CouldntThinkOfOne|atk|1\n|turn|1\n|j| Siiroth\n|c| Tredz|forgot u got masquerain\n|\n|t:|1698979004\n|move|p2a: CouldntThinkOfOne|Overheat|p1a: Yukimiya\n|-supereffective|p1a: Yukimiya\n|-enditem|p1a: Yukimiya|Focus Sash\n|-damage|p1a: Yukimiya|1\/100\n|-unboost|p2a: CouldntThinkOfOne|spa|2\n|move|p1a: Yukimiya|Tailwind|p1a: Yukimiya\n|-sidestart|p1: pogwuan|move: Tailwind\n|\n|-weather|SunnyDay|[upkeep]\n|upkeep\n|turn|2\n|\n|t:|1698979024\n|move|p1a: Yukimiya|Sticky Web|p2a: CouldntThinkOfOne\n|-sidestart|p2: YourDrunkDaddy|move: Sticky Web\n|move|p2a: CouldntThinkOfOne|Overheat|p1a: Yukimiya\n|-supereffective|p1a: Yukimiya\n|-damage|p1a: Yukimiya|0 fnt\n|-unboost|p2a: CouldntThinkOfOne|spa|2\n|faint|p1a: Yukimiya\n|\n|-weather|SunnyDay|[upkeep]\n|upkeep\n|\n|t:|1698979048\n|switch|p1a: Isagi|Thundurus, M|100\/100\n|turn|3\n|\n|t:|1698979056\n|switch|p2a: TheySeeMeRolling|Great Tusk, shiny|100\/100\n|-activate|p2a: TheySeeMeRolling|move: Sticky Web\n|-unboost|p2a: TheySeeMeRolling|spe|1\n|-activate|p2a: TheySeeMeRolling|ability: Protosynthesis\n|-start|p2a: TheySeeMeRolling|protosynthesisatk\n|move|p1a: Isagi|Nasty Plot|p1a: Isagi\n|-boost|p1a: Isagi|spa|2\n|\n|-weather|SunnyDay|[upkeep]\n|upkeep\n|turn|4\n|\n|t:|1698979059\n|move|p1a: Isagi|Grass Knot|p2a: TheySeeMeRolling\n|-supereffective|p2a: TheySeeMeRolling\n|-damage|p2a: TheySeeMeRolling|0 fnt\n|faint|p2a: TheySeeMeRolling\n|-end|p2a: TheySeeMeRolling|Protosynthesis|[silent]\n|\n|-weather|SunnyDay|[upkeep]\n|-sideend|p1: pogwuan|move: Tailwind\n|upkeep\n|\n|t:|1698979109\n|switch|p2a: ImYourBiggestFan|Shiftry, M|100\/100\n|turn|5\n|c| Amoongdrip|mid lock \ud83d\ude34\n|j| Unovajournies\n|\n|t:|1698979150\n|move|p2a: ImYourBiggestFan|Fake Out|p1a: Isagi\n|-damage|p1a: Isagi|80\/100\n|cant|p1a: Isagi|flinch\n|\n|-weather|SunnyDay|[upkeep]\n|upkeep\n|turn|6\n|c|\u2606pogwuan|goat lock\n|\n|t:|1698979185\n|move|p2a: ImYourBiggestFan|Tailwind|p2a: ImYourBiggestFan\n|-sidestart|p2: YourDrunkDaddy|move: Tailwind\n|move|p1a: Isagi|Weather Ball|p2a: ImYourBiggestFan\n|-supereffective|p2a: ImYourBiggestFan\n|-damage|p2a: ImYourBiggestFan|0 fnt\n|faint|p2a: ImYourBiggestFan\n|\n|-weather|SunnyDay|[upkeep]\n|upkeep\n|c| Amoongdrip|true\n|\n|t:|1698979233\n|switch|p2a: WakeMeUpB4YouGoGo|Walking Wake|100\/100\n|-activate|p2a: WakeMeUpB4YouGoGo|move: Sticky Web\n|-unboost|p2a: WakeMeUpB4YouGoGo|spe|1\n|-activate|p2a: WakeMeUpB4YouGoGo|ability: Protosynthesis\n|-start|p2a: WakeMeUpB4YouGoGo|protosynthesisspa\n|turn|7\n|c| Unovajournies|This thing is wham!\n|\n|t:|1698979317\n|switch|p1a: Gagamaru|Clodsire, F|100\/100\n|move|p2a: WakeMeUpB4YouGoGo|Hydro Steam|p1a: Gagamaru\n|-supereffective|p1a: Gagamaru\n|-damage|p1a: Gagamaru|0 fnt\n|faint|p1a: Gagamaru\n|\n|-weather|SunnyDay|[upkeep]\n|upkeep\n|\n|t:|1698979323\n|switch|p1a: Ness|Ninetales-Alola, M, shiny|100\/100\n|-weather|Snow|[from] ability: Snow Warning|[of] p1a: Ness\n|-end|p2a: WakeMeUpB4YouGoGo|Protosynthesis\n|turn|8\n|c| Unovajournies|Rlly not water absorb??\n|c| Tredz|PK FREEZE\n|\n|t:|1698979373\n|move|p2a: WakeMeUpB4YouGoGo|Hydro Steam|p1a: Ness\n|-damage|p1a: Ness|35\/100\n|move|p1a: Ness|Freeze-Dry|p2a: WakeMeUpB4YouGoGo\n|-supereffective|p2a: WakeMeUpB4YouGoGo\n|-damage|p2a: WakeMeUpB4YouGoGo|0 fnt\n|faint|p2a: WakeMeUpB4YouGoGo\n|-end|p2a: WakeMeUpB4YouGoGo|Protosynthesis|[silent]\n|\n|-weather|Snow|[upkeep]\n|upkeep\n|c| Tredz|lore accurate\n|c| Unovajournies|Why\n|c| Unovajournies|It didn\u2019t have to die\n|\n|t:|1698979412\n|switch|p2a: RainOverMe|Gholdengo|100\/100\n|-activate|p2a: RainOverMe|move: Sticky Web\n|-unboost|p2a: RainOverMe|spe|1\n|turn|9\n|c| Amoongdrip|zzz\n|c| Amoongdrip|it did\n|\n|t:|1698979432\n|switch|p1a: Kaiser|Moltres, shiny|100\/100\n|move|p2a: RainOverMe|Make It Rain|p1a: Kaiser\n|-resisted|p1a: Kaiser\n|-damage|p1a: Kaiser|69\/100\n|-unboost|p2a: RainOverMe|spa|1\n|\n|-weather|Snow|[upkeep]\n|-sideend|p2: YourDrunkDaddy|move: Tailwind\n|upkeep\n|turn|10\n|c| Unovajournies|I think it\u2019s gg\n|c| Unovajournies|Prove me wrong I believe tho\n|\n|t:|1698979451\n|switch|p2a: CouldntThinkOfOne|Ninetales, M, shiny|100\/100\n|-activate|p2a: CouldntThinkOfOne|move: Sticky Web\n|-unboost|p2a: CouldntThinkOfOne|spe|1\n|-weather|SunnyDay|[from] ability: Drought|[of] p2a: CouldntThinkOfOne\n|move|p1a: Kaiser|U-turn|p2a: CouldntThinkOfOne\n|-resisted|p2a: CouldntThinkOfOne\n|-damage|p2a: CouldntThinkOfOne|92\/100\n|\n|t:|1698979475\n|switch|p1a: Hiori|Glaceon, F, shiny|100\/100|[from] U-turn\n|\n|-weather|SunnyDay|[upkeep]\n|upkeep\n|turn|11\n|\n|t:|1698979487\n|-terastallize|p1a: Hiori|Ground\n|move|p1a: Hiori|Tera Blast|p2a: CouldntThinkOfOne|[anim] Tera Blast Ground\n|-supereffective|p2a: CouldntThinkOfOne\n|-damage|p2a: CouldntThinkOfOne|0 fnt\n|faint|p2a: CouldntThinkOfOne\n|\n|-weather|SunnyDay|[upkeep]\n|upkeep\n|\n|t:|1698979491\n|switch|p2a: Paralyzed|Amoonguss, F, shiny|100\/100\n|-activate|p2a: Paralyzed|move: Sticky Web\n|-unboost|p2a: Paralyzed|spe|1\n|turn|12\n|\n|t:|1698979515\n|move|p1a: Hiori|Weather Ball|p2a: Paralyzed\n|-supereffective|p2a: Paralyzed\n|-damage|p2a: Paralyzed|3\/100\n|move|p2a: Paralyzed|Sludge Bomb|p1a: Hiori\n|-resisted|p1a: Hiori\n|-damage|p1a: Hiori|84\/100\n|\n|-weather|SunnyDay|[upkeep]\n|upkeep\n|turn|13\n|\n|t:|1698979527\n|move|p1a: Hiori|Weather Ball|p2a: Paralyzed\n|-supereffective|p2a: Paralyzed\n|-damage|p2a: Paralyzed|0 fnt\n|faint|p2a: Paralyzed\n|\n|-weather|SunnyDay|[upkeep]\n|upkeep\n|\n|t:|1698979531\n|switch|p2a: RainOverMe|Gholdengo|100\/100\n|-activate|p2a: RainOverMe|move: Sticky Web\n|-unboost|p2a: RainOverMe|spe|1\n|turn|14\n|\n|t:|1698979556\n|move|p2a: RainOverMe|Trick|p1a: Hiori\n|-activate|p2a: RainOverMe|move: Trick|[of] p1a: Hiori\n|-item|p1a: Hiori|Choice Scarf|[from] move: Trick\n|-item|p2a: RainOverMe|Expert Belt|[from] move: Trick\n|move|p1a: Hiori|Weather Ball|p2a: RainOverMe\n|-supereffective|p2a: RainOverMe\n|-damage|p2a: RainOverMe|0 fnt\n|faint|p2a: RainOverMe\n|\n|win|pogwuan\n|l| Siiroth\n|c| Amoongdrip|gg\n|c|\u2606pogwuan|gg\n|l| Tredz\n|l| Amoongdrip\n|l| Unovajournies\n","uploadtime":1698979576,"views":13,"p1id":"pogwuan","p2id":"yourdrunkdaddy","formatid":"gen9anythinggoes","rating":0,"private":0,"password":""}