{"id":"gen9anythinggoes-1971390991","p1":"greninjio","p2":"LuckFee","format":"[Gen 9] Anything Goes","log":"|j|\u2606greninjio\n|j|\u2606LuckFee\n|t:|1697734796\n|gametype|singles\n|player|p1|greninjio|266|\n|player|p2|LuckFee|bellelba|\n|teamsize|p1|6\n|teamsize|p2|6\n|gen|9\n|tier|[Gen 9] Anything Goes\n|rule|HP Percentage Mod: HP is shown in percentages\n|rule|Endless Battle Clause: Forcing endless battles is banned\n|clearpoke\n|poke|p1|Klefki, F|\n|poke|p1|Noivern, M|\n|poke|p1|Ogerpon-Wellspring, F|\n|poke|p1|Kingambit, F|\n|poke|p1|Munkidori, M|\n|poke|p1|Milotic, M|\n|poke|p2|Ursaluna, M|\n|poke|p2|Ogerpon-Hearthflame, F|\n|poke|p2|Azelf|\n|poke|p2|Krookodile, M|\n|poke|p2|Decidueye, M|\n|poke|p2|Arbok, M|\n|teampreview\n|c|\u2606LuckFee|gl, hf\n|c|\u2606greninjio|hf\n|\n|t:|1697734955\n|start\n|switch|p1a: Ogerpon|Ogerpon-Wellspring, F|100\/100\n|switch|p2a: Gr\u00fc\u00dflib\u00e4r|Ursaluna, M|100\/100\n|turn|1\n|\n|t:|1697735066\n|switch|p2a: Achtung! Schlange|Arbok, M|100\/100\n|-ability|p2a: Achtung! Schlange|Intimidate|boost\n|-unboost|p1a: Ogerpon|atk|1\n|move|p1a: Ogerpon|Swords Dance|p1a: Ogerpon\n|-boost|p1a: Ogerpon|atk|2\n|\n|upkeep\n|turn|2\n|j| Lucario0000\n|\n|t:|1697735124\n|switch|p1a: Kingambit|Kingambit, F|100\/100\n|move|p2a: Achtung! Schlange|Gunk Shot|p1a: Kingambit\n|-immune|p1a: Kingambit\n|\n|upkeep\n|turn|3\n|j| Roy SPL\n|c| Roy SPL|Arbok <3\n|\n|t:|1697735200\n|switch|p2a: Aligatoah|Krookodile, M|100\/100\n|move|p1a: Kingambit|Iron Head|p2a: Aligatoah\n|-damage|p2a: Aligatoah|40\/100\n|\n|upkeep\n|turn|4\n|\n|t:|1697735279\n|-end|p1a: Kingambit|fallenundefined|[silent]\n|switch|p1a: Milotic|Milotic, M|100\/100\n|move|p2a: Aligatoah|Scale Shot|p1a: Milotic\n|-damage|p1a: Milotic|92\/100\n|-crit|p1a: Milotic\n|-damage|p1a: Milotic|78\/100\n|-damage|p1a: Milotic|68\/100\n|-damage|p1a: Milotic|58\/100\n|-damage|p1a: Milotic|49\/100\n|-hitcount|p1a: Milotic|5\n|-unboost|p2a: Aligatoah|def|1\n|-boost|p2a: Aligatoah|spe|1\n|-damage|p2a: Aligatoah|31\/100|[from] item: Life Orb\n|\n|-heal|p1a: Milotic|55\/100|[from] item: Leftovers\n|upkeep\n|turn|5\n|j| puffelmaedchen\n|\n|t:|1697735420\n|switch|p1a: Klefki|Klefki, F|100\/100\n|-item|p1a: Klefki|Air Balloon\n|move|p2a: Aligatoah|Earthquake|p1a: Klefki\n|-immune|p1a: Klefki\n|\n|upkeep\n|turn|6\n|\n|t:|1697735468\n|move|p2a: Aligatoah|Close Combat|p1a: Klefki\n|-damage|p1a: Klefki|61\/100\n|-unboost|p2a: Aligatoah|def|1\n|-unboost|p2a: Aligatoah|spd|1\n|-enditem|p1a: Klefki|Air Balloon\n|-damage|p2a: Aligatoah|21\/100|[from] item: Life Orb\n|move|p1a: Klefki|Foul Play|p2a: Aligatoah\n|-resisted|p2a: Aligatoah\n|-damage|p2a: Aligatoah|0 fnt\n|faint|p2a: Aligatoah\n|\n|upkeep\n|\n|t:|1697735483\n|switch|p2a: Gr\u00fc\u00dflib\u00e4r|Ursaluna, M|100\/100\n|turn|7\n|j| Pana1306\n|\n|t:|1697735580\n|move|p1a: Klefki|Reflect|p1a: Klefki\n|-sidestart|p1: greninjio|Reflect\n|move|p2a: Gr\u00fc\u00dflib\u00e4r|Body Slam|p1a: Klefki\n|-resisted|p1a: Klefki\n|-damage|p1a: Klefki|53\/100\n|-status|p1a: Klefki|par\n|\n|upkeep\n|turn|8\n|l| Pana1306\n|j| Pana1306\n|\n|t:|1697735646\n|switch|p2a: Uhu-san|Decidueye, M, shiny|100\/100\n|switch|p1a: Milotic|Milotic, M|55\/100\n|\n|-heal|p1a: Milotic|61\/100|[from] item: Leftovers\n|upkeep\n|turn|9\n|\n|t:|1697735685\n|switch|p1a: Noivern|Noivern, M|100\/100\n|-item|p2a: Uhu-san|Yache Berry|[from] ability: Frisk|[of] p1a: Noivern|[identify]\n|move|p2a: Uhu-san|Defog|p1a: Noivern\n|-unboost|p1a: Noivern|evasion|1\n|-sideend|p1: greninjio|Reflect\n|\n|upkeep\n|turn|10\n|\n|t:|1697735695\n|switch|p2a: Gr\u00fc\u00dflib\u00e4r|Ursaluna, M|100\/100\n|move|p1a: Noivern|Super Fang|p2a: Gr\u00fc\u00dflib\u00e4r\n|-damage|p2a: Gr\u00fc\u00dflib\u00e4r|51\/100\n|\n|-heal|p2a: Gr\u00fc\u00dflib\u00e4r|57\/100|[from] item: Leftovers\n|upkeep\n|turn|11\n|\n|t:|1697735819\n|switch|p1a: Milotic|Milotic, M|61\/100\n|move|p2a: Gr\u00fc\u00dflib\u00e4r|Body Slam|p1a: Milotic\n|-damage|p1a: Milotic|29\/100\n|\n|-heal|p1a: Milotic|35\/100|[from] item: Leftovers\n|-heal|p2a: Gr\u00fc\u00dflib\u00e4r|63\/100|[from] item: Leftovers\n|upkeep\n|turn|12\n|l| Lucario0000\n|\n|t:|1697735870\n|switch|p2a: Gothicgirl|Ogerpon-Hearthflame, F|100\/100\n|-ability|p2a: Gothicgirl|Mold Breaker\n|move|p1a: Milotic|Scald|p2a: Gothicgirl\n|-damage|p2a: Gothicgirl|70\/100\n|\n|-heal|p1a: Milotic|41\/100|[from] item: Leftovers\n|upkeep\n|turn|13\n|\n|t:|1697735888\n|switch|p1a: Noivern|Noivern, M|100\/100\n|-item|p2a: Gothicgirl|Hearthflame Mask|[from] ability: Frisk|[of] p1a: Noivern|[identify]\n|move|p2a: Gothicgirl|Knock Off|p1a: Noivern\n|-crit|p1a: Noivern\n|-damage|p1a: Noivern|22\/100\n|-enditem|p1a: Noivern|Heavy-Duty Boots|[from] move: Knock Off|[of] p2a: Gothicgirl\n|\n|upkeep\n|turn|14\n|\n|t:|1697735958\n|switch|p2a: Gr\u00fc\u00dflib\u00e4r|Ursaluna, M|63\/100\n|move|p1a: Noivern|Hurricane|p2a: Gr\u00fc\u00dflib\u00e4r|[miss]\n|-miss|p1a: Noivern|p2a: Gr\u00fc\u00dflib\u00e4r\n|\n|-heal|p2a: Gr\u00fc\u00dflib\u00e4r|69\/100|[from] item: Leftovers\n|upkeep\n|turn|15\n|\n|t:|1697736114\n|switch|p1a: Milotic|Milotic, M|41\/100\n|move|p2a: Gr\u00fc\u00dflib\u00e4r|Earthquake|p1a: Milotic\n|-damage|p1a: Milotic|4\/100\n|\n|-heal|p1a: Milotic|10\/100|[from] item: Leftovers\n|-heal|p2a: Gr\u00fc\u00dflib\u00e4r|75\/100|[from] item: Leftovers\n|upkeep\n|turn|16\n|\n|t:|1697736187\n|switch|p2a: Gothicgirl|Ogerpon-Hearthflame, F|70\/100\n|-ability|p2a: Gothicgirl|Mold Breaker\n|move|p1a: Milotic|Recover|p1a: Milotic\n|-heal|p1a: Milotic|60\/100\n|\n|-heal|p1a: Milotic|66\/100|[from] item: Leftovers\n|upkeep\n|turn|17\n|\n|t:|1697736233\n|move|p2a: Gothicgirl|Ivy Cudgel|p1a: Milotic\n|-resisted|p1a: Milotic\n|-damage|p1a: Milotic|42\/100\n|move|p1a: Milotic|Flip Turn|p2a: Gothicgirl\n|-damage|p2a: Gothicgirl|55\/100\n|\n|t:|1697736247\n|switch|p1a: Noivern|Noivern, M|22\/100|[from] Flip Turn\n|-item|p2a: Gothicgirl|Hearthflame Mask|[from] ability: Frisk|[of] p1a: Noivern|[identify]\n|\n|upkeep\n|turn|18\n|\n|t:|1697736254\n|switch|p2a: Gr\u00fc\u00dflib\u00e4r|Ursaluna, M|75\/100\n|move|p1a: Noivern|Roost|p1a: Noivern\n|-heal|p1a: Noivern|72\/100\n|-singleturn|p1a: Noivern|move: Roost\n|\n|-heal|p2a: Gr\u00fc\u00dflib\u00e4r|81\/100|[from] item: Leftovers\n|upkeep\n|turn|19\n|\n|t:|1697736298\n|switch|p1a: Klefki|Klefki, F|53\/100 par\n|move|p2a: Gr\u00fc\u00dflib\u00e4r|Body Slam|p1a: Klefki\n|-resisted|p1a: Klefki\n|-damage|p1a: Klefki|36\/100 par\n|\n|-heal|p2a: Gr\u00fc\u00dflib\u00e4r|87\/100|[from] item: Leftovers\n|upkeep\n|turn|20\n|l| Pana1306\n|\n|t:|1697736306\n|move|p1a: Klefki|Reflect|p1a: Klefki\n|-sidestart|p1: greninjio|Reflect\n|move|p2a: Gr\u00fc\u00dflib\u00e4r|Earthquake|p1a: Klefki\n|-supereffective|p1a: Klefki\n|-damage|p1a: Klefki|0 fnt\n|faint|p1a: Klefki\n|\n|-heal|p2a: Gr\u00fc\u00dflib\u00e4r|93\/100|[from] item: Leftovers\n|upkeep\n|\n|t:|1697736325\n|switch|p1a: Ogerpon|Ogerpon-Wellspring, F|100\/100\n|turn|21\n|\n|t:|1697736388\n|switch|p2a: Achtung! Schlange|Arbok, M|100\/100\n|-ability|p2a: Achtung! Schlange|Intimidate|boost\n|-unboost|p1a: Ogerpon|atk|1\n|move|p1a: Ogerpon|Ivy Cudgel|p2a: Achtung! Schlange\n|-damage|p2a: Achtung! Schlange|55\/100\n|\n|upkeep\n|turn|22\n|\n|t:|1697736432\n|switch|p1a: Munkidori|Munkidori, M|100\/100\n|move|p2a: Achtung! Schlange|Glare|p1a: Munkidori\n|-status|p1a: Munkidori|par\n|\n|upkeep\n|turn|23\n|\n|t:|1697736448\n|switch|p2a: Gr\u00fc\u00dflib\u00e4r|Ursaluna, M|93\/100\n|move|p1a: Munkidori|Sludge Bomb|p2a: Gr\u00fc\u00dflib\u00e4r\n|-immune|p2a: Gr\u00fc\u00dflib\u00e4r|[from] ability: Bulletproof\n|\n|-heal|p2a: Gr\u00fc\u00dflib\u00e4r|99\/100|[from] item: Leftovers\n|upkeep\n|turn|24\n|\n|t:|1697736477\n|switch|p1a: Milotic|Milotic, M|42\/100\n|move|p2a: Gr\u00fc\u00dflib\u00e4r|Body Slam|p1a: Milotic\n|-damage|p1a: Milotic|25\/100\n|-status|p1a: Milotic|par\n|\n|-heal|p2a: Gr\u00fc\u00dflib\u00e4r|100\/100|[from] item: Leftovers\n|-heal|p1a: Milotic|31\/100 par|[from] item: Leftovers\n|-sideend|p1: greninjio|Reflect\n|upkeep\n|turn|25\n|\n|t:|1697736505\n|switch|p2a: Uhu-san|Decidueye, M, shiny|100\/100\n|move|p1a: Milotic|Recover|p1a: Milotic\n|-heal|p1a: Milotic|81\/100 par\n|\n|-heal|p1a: Milotic|87\/100 par|[from] item: Leftovers\n|upkeep\n|turn|26\n|\n|t:|1697736542\n|switch|p1a: Noivern|Noivern, M|72\/100\n|-item|p2a: Uhu-san|Yache Berry|[from] ability: Frisk|[of] p1a: Noivern|[identify]\n|move|p2a: Uhu-san|Leaf Storm|p1a: Noivern\n|-resisted|p1a: Noivern\n|-damage|p1a: Noivern|59\/100\n|-unboost|p2a: Uhu-san|spa|2\n|\n|upkeep\n|turn|27\n|\n|t:|1697736573\n|move|p1a: Noivern|Hurricane|p2a: Uhu-san\n|-supereffective|p2a: Uhu-san\n|-crit|p2a: Uhu-san\n|-damage|p2a: Uhu-san|0 fnt\n|faint|p2a: Uhu-san\n|\n|upkeep\n|c|\u2606LuckFee|und ich sag noch ich lebe den safe.\n|\n|t:|1697736611\n|switch|p2a: Gr\u00fc\u00dflib\u00e4r|Ursaluna, M|100\/100\n|turn|28\n|\n|t:|1697736658\n|switch|p1a: Milotic|Milotic, M|87\/100 par\n|switch|p2a: Gothicgirl|Ogerpon-Hearthflame, F|55\/100\n|-ability|p2a: Gothicgirl|Mold Breaker\n|\n|-heal|p1a: Milotic|93\/100 par|[from] item: Leftovers\n|upkeep\n|turn|29\n|\n|t:|1697736672\n|switch|p1a: Noivern|Noivern, M|59\/100\n|-item|p2a: Gothicgirl|Hearthflame Mask|[from] ability: Frisk|[of] p1a: Noivern|[identify]\n|move|p2a: Gothicgirl|Knock Off|p1a: Noivern\n|-damage|p1a: Noivern|23\/100\n|\n|upkeep\n|turn|30\n|\n|t:|1697736705\n|move|p1a: Noivern|Roost|p1a: Noivern\n|-heal|p1a: Noivern|74\/100\n|-singleturn|p1a: Noivern|move: Roost\n|move|p2a: Gothicgirl|U-turn|p1a: Noivern\n|-damage|p1a: Noivern|41\/100\n|\n|t:|1697736720\n|switch|p2a: Winx Club|Azelf, shiny|100\/100|[from] U-turn\n|\n|upkeep\n|turn|31\n|\n|t:|1697736732\n|switch|p1a: Munkidori|Munkidori, M|100\/100 par\n|move|p2a: Winx Club|Substitute|p2a: Winx Club\n|-start|p2a: Winx Club|Substitute\n|-damage|p2a: Winx Club|76\/100\n|\n|upkeep\n|turn|32\n|\n|t:|1697736766\n|move|p2a: Winx Club|Knock Off|p1a: Munkidori\n|-supereffective|p1a: Munkidori\n|-damage|p1a: Munkidori|12\/100 par\n|-enditem|p1a: Munkidori|Black Sludge|[from] move: Knock Off|[of] p2a: Winx Club\n|move|p1a: Munkidori|U-turn|p2a: Winx Club\n|-supereffective|p2a: Winx Club\n|-end|p2a: Winx Club|Substitute\n|\n|t:|1697736774\n|switch|p1a: Kingambit|Kingambit, F|100\/100|[from] U-turn\n|-activate|p1a: Kingambit|ability: Supreme Overlord\n|-start|p1a: Kingambit|fallen1|[silent]\n|\n|upkeep\n|turn|33\n|\n|t:|1697736844\n|switch|p2a: Achtung! Schlange|Arbok, M|55\/100\n|-ability|p2a: Achtung! Schlange|Intimidate|boost\n|-unboost|p1a: Kingambit|atk|1\n|move|p1a: Kingambit|Iron Head|p2a: Achtung! Schlange\n|-crit|p2a: Achtung! Schlange\n|-damage|p2a: Achtung! Schlange|0 fnt\n|faint|p2a: Achtung! Schlange\n|\n|upkeep\n|c|\u2606LuckFee|jetzt ist gg...\n|\n|t:|1697736876\n|switch|p2a: Gothicgirl|Ogerpon-Hearthflame, F|55\/100\n|-ability|p2a: Gothicgirl|Mold Breaker\n|turn|34\n|\n|t:|1697736936\n|-end|p1a: Kingambit|fallen1|[silent]\n|switch|p1a: Noivern|Noivern, M|41\/100\n|-item|p2a: Gothicgirl|Hearthflame Mask|[from] ability: Frisk|[of] p1a: Noivern|[identify]\n|move|p2a: Gothicgirl|Ivy Cudgel|p1a: Noivern\n|-resisted|p1a: Noivern\n|-damage|p1a: Noivern|6\/100\n|\n|upkeep\n|turn|35\n|\n|t:|1697736957\n|move|p1a: Noivern|Hurricane|p2a: Gothicgirl|[miss]\n|-miss|p1a: Noivern|p2a: Gothicgirl\n|move|p2a: Gothicgirl|U-turn|p1a: Noivern\n|-resisted|p1a: Noivern\n|-damage|p1a: Noivern|0 fnt\n|faint|p1a: Noivern\n|\n|t:|1697736973\n|switch|p2a: Winx Club|Azelf, shiny|76\/100|[from] U-turn\n|\n|upkeep\n|\n|t:|1697736983\n|switch|p1a: Kingambit|Kingambit, F|100\/100\n|-activate|p1a: Kingambit|ability: Supreme Overlord\n|-start|p1a: Kingambit|fallen2|[silent]\n|turn|36\n|\n|t:|1697737032\n|move|p2a: Winx Club|Substitute|p2a: Winx Club\n|-start|p2a: Winx Club|Substitute\n|-damage|p2a: Winx Club|51\/100\n|move|p1a: Kingambit|Iron Head|p2a: Winx Club\n|-end|p2a: Winx Club|Substitute\n|\n|upkeep\n|turn|37\n|\n|t:|1697737055\n|move|p2a: Winx Club|Drain Punch|p1a: Kingambit\n|-supereffective|p1a: Kingambit\n|-damage|p1a: Kingambit|18\/100\n|-heal|p2a: Winx Club|97\/100|[from] drain|[of] p1a: Kingambit\n|move|p1a: Kingambit|Iron Head|p2a: Winx Club\n|-damage|p2a: Winx Club|9\/100\n|\n|upkeep\n|turn|38\n|\n|t:|1697737100\n|switch|p2a: Gr\u00fc\u00dflib\u00e4r|Ursaluna, M|100\/100\n|move|p1a: Kingambit|Sucker Punch||[still]\n|-fail|p1a: Kingambit\n|\n|upkeep\n|turn|39\n|\n|t:|1697737111\n|-end|p1a: Kingambit|fallen2|[silent]\n|switch|p1a: Munkidori|Munkidori, M|12\/100 par\n|move|p2a: Gr\u00fc\u00dflib\u00e4r|Earthquake|p1a: Munkidori\n|-supereffective|p1a: Munkidori\n|-damage|p1a: Munkidori|0 fnt\n|faint|p1a: Munkidori\n|\n|upkeep\n|\n|t:|1697737115\n|switch|p1a: Ogerpon|Ogerpon-Wellspring, F|100\/100\n|turn|40\n|\n|t:|1697737158\n|move|p1a: Ogerpon|Ivy Cudgel|p2a: Gr\u00fc\u00dflib\u00e4r\n|-supereffective|p2a: Gr\u00fc\u00dflib\u00e4r\n|-crit|p2a: Gr\u00fc\u00dflib\u00e4r\n|-damage|p2a: Gr\u00fc\u00dflib\u00e4r|0 fnt\n|faint|p2a: Gr\u00fc\u00dflib\u00e4r\n|\n|upkeep\n|c|\u2606LuckFee|warum kriegst eigentlich nur die ganzen crits...\n|\n|t:|1697737187\n|switch|p2a: Winx Club|Azelf, shiny|9\/100\n|turn|41\n|c| Roy SPL|es trifft immer die falschen :(\n|\n|t:|1697737321\n|move|p2a: Winx Club|Acrobatics|p1a: Ogerpon\n|-supereffective|p1a: Ogerpon\n|-damage|p1a: Ogerpon|9\/100\n|move|p1a: Ogerpon|Ivy Cudgel|p2a: Winx Club\n|-crit|p2a: Winx Club\n|-damage|p2a: Winx Club|0 fnt\n|faint|p2a: Winx Club\n|\n|upkeep\n|\n|t:|1697737328\n|switch|p2a: Gothicgirl|Ogerpon-Hearthflame, F|55\/100\n|-ability|p2a: Gothicgirl|Mold Breaker\n|turn|42\n|\n|t:|1697737336\n|move|p2a: Gothicgirl|Horn Leech|p1a: Ogerpon\n|-damage|p1a: Ogerpon|0 fnt\n|-heal|p2a: Gothicgirl|59\/100|[from] drain|[of] p1a: Ogerpon\n|faint|p1a: Ogerpon\n|\n|upkeep\n|\n|t:|1697737339\n|switch|p1a: Kingambit|Kingambit, F|18\/100\n|-activate|p1a: Kingambit|ability: Supreme Overlord\n|-start|p1a: Kingambit|fallen4|[silent]\n|turn|43\n|\n|t:|1697737348\n|move|p1a: Kingambit|Sucker Punch|p2a: Gothicgirl\n|-damage|p2a: Gothicgirl|0 fnt\n|faint|p2a: Gothicgirl\n|\n|win|greninjio\n|c|\u2606greninjio|gg\n|c|\u2606LuckFee|gg\n|c|\u2606greninjio|hab das absolut nicht verdient zu gewinnen\n|c|\u2606greninjio|also der crit auf arbok maddert nicht glaub ich\n|c|\u2606LuckFee|Doch.\n|c|\u2606LuckFee|Hart.\n|c|\u2606greninjio|wie. viel hp warst du?\n|c|\u2606LuckFee|Ich dr\u00fcck danach switcheroo, kannst ja dann gucken, was du mit nem scarfer anf\u00e4ngst.\n|c|\u2606LuckFee|!showteam\n|c| LuckFee|\/raw <div class=\"infobox\"><details><summary>View team<\/summary>Gr\u00fc\u00dflib\u00e4r (Ursaluna) (M) @ Leftovers  <br \/>Ability: Bulletproof  <br \/>Tera Type: Ground  <br \/>EVs: 248 HP &#x2f; 8 Def &#x2f; 252 SpD  <br \/>Careful Nature  <br \/>- Earthquake  <br \/>- Body Slam  <br \/>- Rest  <br \/>- Sleep Talk  <br \/><br \/>Gothicgirl (Ogerpon-Hearthflame) (F) @ Hearthflame Mask  <br \/>Ability: Mold Breaker  <br \/>Hidden Power: Poison  <br \/>Tera Type: Fire  <br \/>EVs: 252 Atk &#x2f; 4 Def &#x2f; 252 Spe  <br \/>Jolly Nature  <br \/>- Ivy Cudgel  <br \/>- Horn Leech  <br \/>- U-turn  <br \/>- Knock Off  <br \/><br \/>Winx Club (Azelf)  <br \/>Ability: Levitate  <br \/>Shiny: Yes  <br \/>Tera Type: Psychic  <br \/>EVs: 40 HP &#x2f; 252 Atk &#x2f; 216 Spe  <br \/>Jolly Nature  <br \/>- Drain Punch  <br \/>- Knock Off  <br \/>- Acrobatics  <br \/>- Substitute  <br \/><br \/>Aligatoah (Krookodile) (M) @ Life Orb  <br \/>Ability: Moxie  <br \/>Tera Type: Ground  <br \/>EVs: 32 HP &#x2f; 252 Atk &#x2f; 8 Def &#x2f; 216 Spe  <br \/>Jolly Nature  <br \/>- Earthquake  <br \/>- Crunch  <br \/>- Close Combat  <br \/>- Scale Shot  <br \/><br \/>Uhu-san (Decidueye) (M) @ Yache Berry  <br \/>Ability: Long Reach  <br \/>Shiny: Yes  <br \/>Tera Type: Grass  <br \/>EVs: 248 HP &#x2f; 252 Def &#x2f; 8 SpD  <br \/>Bold Nature  <br \/>- Leaf Storm  <br \/>- U-turn  <br \/>- Defog  <br \/>- Roost  <br \/><br \/>Achtung! Schlange (Arbok) (M) @ Choice Scarf  <br \/>Ability: Intimidate  <br \/>Tera Type: Poison  <br \/>EVs: 248 HP &#x2f; 44 Atk &#x2f; 148 Def &#x2f; 68 Spe  <br \/>Jolly Nature  <br \/>- Gunk Shot  <br \/>- Earthquake  <br \/>- Switcheroo  <br \/>- Glare  <br \/><br \/><\/details><\/div>\n|c|\u2606greninjio|!showteam\n|c| greninjio|\/raw <div class=\"infobox\"><details><summary>View team<\/summary>Klefki (F) @ Air Balloon  <br \/>Ability: Prankster  <br \/>Tera Type: Steel  <br \/>EVs: 248 HP &#x2f; 252 Def &#x2f; 8 SpD  <br \/>Bold Nature  <br \/>IVs: 0 Atk  <br \/>- Reflect  <br \/>- Thunder Wave  <br \/>- Spikes  <br \/>- Foul Play  <br \/><br \/>Noivern (M) @ Heavy-Duty Boots  <br \/>Ability: Frisk  <br \/>Tera Type: Flying  <br \/>EVs: 64 HP &#x2f; 252 SpA &#x2f; 192 Spe  <br \/>Timid Nature  <br \/>IVs: 0 Atk  <br \/>- Hurricane  <br \/>- Roost  <br \/>- Super Fang  <br \/>- Defog  <br \/><br \/>Ogerpon (Ogerpon-Wellspring) (F) @ Wellspring Mask  <br \/>Ability: Water Absorb  <br \/>Hidden Power: Poison  <br \/>Tera Type: Water  <br \/>EVs: 252 Atk &#x2f; 4 SpD &#x2f; 252 Spe  <br \/>Jolly Nature  <br \/>- Ivy Cudgel  <br \/>- Knock Off  <br \/>- Swords Dance  <br \/>- Horn Leech  <br \/><br \/>Kingambit (F) @ Focus Sash  <br \/>Ability: Supreme Overlord  <br \/>Tera Type: Dark  <br \/>EVs: 252 Atk &#x2f; 4 Def &#x2f; 252 Spe  <br \/>Adamant Nature  <br \/>- Low Kick  <br \/>- Iron Head  <br \/>- Swords Dance  <br \/>- Sucker Punch  <br \/><br \/>Munkidori (M) @ Black Sludge  <br \/>Ability: Toxic Chain  <br \/>Tera Type: Poison  <br \/>EVs: 112 HP &#x2f; 252 SpA &#x2f; 144 Spe  <br \/>Timid Nature  <br \/>- Calm Mind  <br \/>- Focus Blast  <br \/>- Sludge Bomb  <br \/>- U-turn  <br \/><br \/>Milotic (M) @ Leftovers  <br \/>Ability: Competitive  <br \/>Tera Type: Water  <br \/>EVs: 248 HP &#x2f; 180 Def &#x2f; 72 SpD &#x2f; 8 Spe  <br \/>Calm Nature  <br \/>- Flip Turn  <br \/>- Scald  <br \/>- Recover  <br \/>- Mirror Coat  <br \/><br \/><\/details><\/div>\n|c|\u2606greninjio|ud\n|c|\u2606greninjio|was noch dazu kommt\n|c|\u2606greninjio|ich war nicht marvel scale\n|c|\u2606greninjio|weil ich body slam komplett ausgeblendet hab\n|c|\u2606LuckFee|oh lol\n|c|\u2606LuckFee|ich h\u00e4tte das mit Horn Leech recovery wirklich gewinnen k\u00f6nnen...\n|c|\u2606LuckFee|body slam ausblenden ist aber fair, au\u00dfer man rechnet mit der defensiven variante.\n|c|\u2606greninjio|ok krass wusste ed das du physdef bist ja gut\n|c|\u2606greninjio|dann war der crit auf arbok der schlimmstew\n|c|\u2606greninjio|was h\u00e4ttest du mit decidueye gemacht?\n|c|\u2606LuckFee|Great Tusk \"h\u00e4ndeln\"\n|c|\u2606greninjio|ne\n|c|\u2606LuckFee|Achso, da\n|c|\u2606greninjio|auf noivern\n|c|\u2606LuckFee|U-turn.\n|c|\u2606greninjio|ja ok\n|c|\u2606greninjio|war sehr unlucky\n|c|\u2606LuckFee|H\u00e4tte dann noch ein Fodder gehabt plus Ursaluna in guter Position.\n","uploadtime":1697737356,"views":24,"p1id":"greninjio","p2id":"luckfee","formatid":"gen9anythinggoes","rating":0,"private":0,"password":""}