{"id":"gen9anythinggoes-1987939902","p1":"Benjamin Banklin","p2":"Rowan_Rocket","format":"[Gen 9] Anything Goes","log":"|j|\u2606Benjamin Banklin\n|j|\u2606Rowan_Rocket\n|t:|1699651244\n|gametype|singles\n|player|p1|Benjamin Banklin|wattson|1020\n|player|p2|Rowan_Rocket|rocketgruntf|1003\n|teamsize|p1|6\n|teamsize|p2|6\n|gen|9\n|tier|[Gen 9] Anything Goes\n|rated|\n|rule|HP Percentage Mod: HP is shown in percentages\n|rule|Endless Battle Clause: Forcing endless battles is banned\n|clearpoke\n|poke|p1|Skeledirge, F|\n|poke|p1|Ampharos, M|\n|poke|p1|Mismagius, F|\n|poke|p1|Breloom, F|\n|poke|p1|Braviary, M|\n|poke|p1|Tyranitar, F|\n|poke|p2|Weezing, M|\n|poke|p2|Arbok, M|\n|poke|p2|Ariados, M|\n|poke|p2|Persian-Alola, M|\n|poke|p2|Mabosstiff, M|\n|poke|p2|Drifblim, F|\n|teampreview\n|inactive|Battle timer is ON: inactive players will automatically lose when time's up. (requested by Benjamin Banklin)\n|\n|t:|1699651286\n|start\n|switch|p1a: Melo|Breloom, F, shiny|100\/100\n|switch|p2a: Ariados|Ariados, M|100\/100\n|turn|1\n|\n|t:|1699651296\n|move|p1a: Melo|Sludge Bomb|p2a: Ariados\n|-resisted|p2a: Ariados\n|-damage|p2a: Ariados|91\/100\n|move|p2a: Ariados|Sticky Web|p1a: Melo\n|-sidestart|p1: Benjamin Banklin|move: Sticky Web\n|\n|upkeep\n|turn|2\n|\n|t:|1699651305\n|move|p1a: Melo|Thunder Punch|p2a: Ariados\n|-damage|p2a: Ariados|70\/100\n|move|p2a: Ariados|Leech Life|p1a: Melo\n|-damage|p1a: Melo|59\/100\n|-heal|p2a: Ariados|86\/100|[from] drain|[of] p1a: Melo\n|\n|-heal|p1a: Melo|65\/100|[from] item: Leftovers\n|upkeep\n|turn|3\n|\n|t:|1699651321\n|switch|p1a: Dunce|Skeledirge, F|100\/100\n|-activate|p1a: Dunce|move: Sticky Web\n|-unboost|p1a: Dunce|spe|1\n|switch|p2a: Weezing|Weezing, M|100\/100\n|\n|upkeep\n|turn|4\n|\n|t:|1699651347\n|move|p2a: Weezing|Toxic Spikes|p1a: Dunce\n|-sidestart|p1: Benjamin Banklin|move: Toxic Spikes\n|move|p1a: Dunce|Crunch|p2a: Weezing\n|-damage|p2a: Weezing|83\/100\n|-damage|p1a: Dunce|84\/100|[from] item: Rocky Helmet|[of] p2a: Weezing\n|\n|-heal|p1a: Dunce|90\/100|[from] item: Leftovers\n|upkeep\n|turn|5\n|\n|t:|1699651359\n|move|p2a: Weezing|Toxic Spikes|p1a: Dunce\n|-sidestart|p1: Benjamin Banklin|move: Toxic Spikes\n|move|p1a: Dunce|Shadow Ball|p2a: Weezing\n|-damage|p2a: Weezing|51\/100\n|\n|-heal|p1a: Dunce|96\/100|[from] item: Leftovers\n|upkeep\n|turn|6\n|\n|t:|1699651370\n|move|p2a: Weezing|Pain Split|p1a: Dunce\n|-sethp|p1a: Dunce|68\/100|[from] move: Pain Split|[silent]\n|-sethp|p2a: Weezing|87\/100|[from] move: Pain Split\n|move|p1a: Dunce|Shadow Ball|p2a: Weezing\n|-damage|p2a: Weezing|59\/100\n|\n|-heal|p1a: Dunce|74\/100|[from] item: Leftovers\n|upkeep\n|turn|7\n|\n|t:|1699651382\n|switch|p2a: Ariados|Ariados, M|86\/100\n|move|p1a: Dunce|Shadow Ball|p2a: Ariados\n|-damage|p2a: Ariados|52\/100\n|\n|-heal|p1a: Dunce|80\/100|[from] item: Leftovers\n|upkeep\n|turn|8\n|\n|t:|1699651391\n|move|p1a: Dunce|Flamethrower|p2a: Ariados\n|-supereffective|p2a: Ariados\n|-damage|p2a: Ariados|0 fnt\n|faint|p2a: Ariados\n|\n|-heal|p1a: Dunce|86\/100|[from] item: Leftovers\n|upkeep\n|\n|t:|1699651401\n|switch|p2a: Mabosstiff|Mabosstiff, M|100\/100\n|turn|9\n|\n|t:|1699651411\n|move|p2a: Mabosstiff|Crunch|p1a: Dunce\n|-supereffective|p1a: Dunce\n|-damage|p1a: Dunce|5\/100\n|move|p1a: Dunce|Earthquake|p2a: Mabosstiff\n|-crit|p2a: Mabosstiff\n|-damage|p2a: Mabosstiff|53\/100\n|\n|-heal|p1a: Dunce|11\/100|[from] item: Leftovers\n|upkeep\n|turn|10\n|\n|t:|1699651423\n|switch|p1a: Bacon|Ampharos, M|100\/100\n|-activate|p1a: Bacon|move: Sticky Web\n|-unboost|p1a: Bacon|spe|1\n|-status|p1a: Bacon|tox\n|move|p2a: Mabosstiff|Crunch|p1a: Bacon\n|-damage|p1a: Bacon|52\/100 tox\n|\n|-heal|p1a: Bacon|58\/100 tox|[from] item: Leftovers\n|-damage|p1a: Bacon|52\/100 tox|[from] psn\n|upkeep\n|turn|11\n|\n|t:|1699651440\n|move|p2a: Mabosstiff|Crunch|p1a: Bacon\n|-damage|p1a: Bacon|7\/100 tox\n|move|p1a: Bacon|Volt Switch|p2a: Mabosstiff\n|-damage|p2a: Mabosstiff|25\/100\n|\n|t:|1699651445\n|switch|p1a: Melo|Breloom, F, shiny|65\/100|[from] Volt Switch\n|-activate|p1a: Melo|move: Sticky Web\n|-unboost|p1a: Melo|spe|1\n|-status|p1a: Melo|tox\n|\n|-heal|p1a: Melo|71\/100 tox|[from] item: Leftovers\n|-damage|p1a: Melo|65\/100 tox|[from] psn\n|upkeep\n|turn|12\n|\n|t:|1699651455\n|move|p2a: Mabosstiff|Psychic Fangs|p1a: Melo\n|-supereffective|p1a: Melo\n|-damage|p1a: Melo|0 fnt\n|faint|p1a: Melo\n|\n|upkeep\n|\n|t:|1699651469\n|switch|p1a: Krooker|Tyranitar, F|100\/100\n|-weather|Sandstorm|[from] ability: Sand Stream|[of] p1a: Krooker\n|turn|13\n|\n|t:|1699651477\n|move|p2a: Mabosstiff|Play Rough|p1a: Krooker\n|-supereffective|p1a: Krooker\n|-crit|p1a: Krooker\n|-damage|p1a: Krooker|9\/100\n|move|p1a: Krooker|Earthquake|p2a: Mabosstiff\n|-damage|p2a: Mabosstiff|0 fnt\n|faint|p2a: Mabosstiff\n|\n|-weather|Sandstorm|[upkeep]\n|upkeep\n|\n|t:|1699651490\n|switch|p2a: Persian|Persian-Alola, M|100\/100\n|turn|14\n|\n|t:|1699651507\n|move|p2a: Persian|Foul Play|p1a: Krooker\n|-resisted|p1a: Krooker\n|-damage|p1a: Krooker|0 fnt\n|faint|p1a: Krooker\n|\n|-weather|Sandstorm|[upkeep]\n|-damage|p2a: Persian|95\/100|[from] Sandstorm\n|upkeep\n|inactive|Benjamin Banklin has 120 seconds left.\n|\n|t:|1699651528\n|switch|p1a: Bacon|Ampharos, M|7\/100 tox\n|-activate|p1a: Bacon|move: Sticky Web\n|-unboost|p1a: Bacon|spe|1\n|turn|15\n|\n|t:|1699651537\n|move|p2a: Persian|Foul Play|p1a: Bacon\n|-damage|p1a: Bacon|0 fnt\n|faint|p1a: Bacon\n|\n|-weather|Sandstorm|[upkeep]\n|-damage|p2a: Persian|89\/100|[from] Sandstorm\n|upkeep\n|\n|t:|1699651544\n|switch|p1a: Dunce|Skeledirge, F|11\/100\n|-activate|p1a: Dunce|move: Sticky Web\n|-unboost|p1a: Dunce|spe|1\n|-status|p1a: Dunce|tox\n|turn|16\n|\n|t:|1699651553\n|move|p2a: Persian|Foul Play|p1a: Dunce\n|-supereffective|p1a: Dunce\n|-damage|p1a: Dunce|0 fnt\n|faint|p1a: Dunce\n|\n|-weather|Sandstorm|[upkeep]\n|-damage|p2a: Persian|83\/100|[from] Sandstorm\n|upkeep\n|\n|t:|1699651560\n|switch|p1a: Washington|Braviary, M, shiny|100\/100\n|turn|17\n|\n|t:|1699651566\n|move|p2a: Persian|Foul Play|p1a: Washington\n|-damage|p1a: Washington|50\/100\n|move|p1a: Washington|Iron Head|p2a: Persian\n|-damage|p2a: Persian|44\/100\n|\n|-weather|none\n|upkeep\n|turn|18\n|\n|t:|1699651578\n|-terastallize|p2a: Persian|Dark\n|-terastallize|p1a: Washington|Normal\n|move|p2a: Persian|Foul Play|p1a: Washington\n|-damage|p1a: Washington|0 fnt\n|faint|p1a: Washington\n|\n|upkeep\n|\n|t:|1699651585\n|switch|p1a: Batmobile|Mismagius, F, shiny|100\/100\n|turn|19\n|c|\u2606Benjamin Banklin|GG\n|\n|t:|1699651597\n|move|p2a: Persian|Foul Play|p1a: Batmobile\n|-supereffective|p1a: Batmobile\n|-damage|p1a: Batmobile|0 fnt\n|faint|p1a: Batmobile\n|\n|win|Rowan_Rocket\n|raw|Benjamin Banklin's rating: 1020 &rarr; <strong>1006<\/strong><br \/>(-14 for losing)\n|raw|Rowan_Rocket's rating: 1003 &rarr; <strong>1044<\/strong><br \/>(+41 for winning)\n|l|\u2606Benjamin Banklin\n","uploadtime":1699651606,"views":11,"p1id":"benjaminbanklin","p2id":"rowanrocket","formatid":"gen9anythinggoes","rating":1006,"private":0,"password":""}