{"id":"gen9anythinggoes-1977804488","p1":"Thricicle","p2":"nscripoch","format":"[Gen 9] Anything Goes","log":"|j|\u2606Thricicle\n|j|\u2606nscripoch\n|t:|1698451669\n|gametype|singles\n|player|p1|Thricicle|170|1141\n|player|p2|nscripoch|266|1065\n|teamsize|p1|6\n|teamsize|p2|6\n|gen|9\n|tier|[Gen 9] Anything Goes\n|rated|\n|rule|HP Percentage Mod: HP is shown in percentages\n|rule|Endless Battle Clause: Forcing endless battles is banned\n|clearpoke\n|poke|p1|Oricorio, F|\n|poke|p1|Quagsire, M|\n|poke|p1|Farigiraf, F|\n|poke|p1|Muk, M|\n|poke|p1|Snorlax, F|\n|poke|p1|Gardevoir, M|\n|poke|p2|Ambipom, L90, M|\n|poke|p2|Lechonk, L86, M|\n|poke|p2|Annihilape, M|\n|poke|p2|Hawlucha, L50, M|\n|poke|p2|Goodra, L86, M|\n|poke|p2|Landorus, L92, M|\n|teampreview\n|\n|t:|1698451673\n|start\n|switch|p1a: Oricorio|Oricorio, F|100\/100\n|switch|p2a: Annihilape|Annihilape, M|100\/100\n|turn|1\n|\n|t:|1698451680\n|move|p1a: Oricorio|Quiver Dance|p1a: Oricorio\n|-boost|p1a: Oricorio|spa|1\n|-boost|p1a: Oricorio|spd|1\n|-boost|p1a: Oricorio|spe|1\n|move|p2a: Annihilape|Drain Punch|p1a: Oricorio\n|-resisted|p1a: Oricorio\n|-damage|p1a: Oricorio|81\/100\n|\n|upkeep\n|turn|2\n|\n|t:|1698451688\n|move|p1a: Oricorio|Quiver Dance|p1a: Oricorio\n|-boost|p1a: Oricorio|spa|1\n|-boost|p1a: Oricorio|spd|1\n|-boost|p1a: Oricorio|spe|1\n|move|p2a: Annihilape|Drain Punch|p1a: Oricorio\n|-resisted|p1a: Oricorio\n|-damage|p1a: Oricorio|61\/100\n|\n|upkeep\n|turn|3\n|\n|t:|1698451696\n|move|p1a: Oricorio|Quiver Dance|p1a: Oricorio\n|-boost|p1a: Oricorio|spa|1\n|-boost|p1a: Oricorio|spd|1\n|-boost|p1a: Oricorio|spe|1\n|move|p2a: Annihilape|Drain Punch|p1a: Oricorio\n|-resisted|p1a: Oricorio\n|-crit|p1a: Oricorio\n|-damage|p1a: Oricorio|30\/100\n|\n|upkeep\n|turn|4\n|\n|t:|1698451705\n|move|p1a: Oricorio|Baton Pass|p1a: Oricorio\n|\n|t:|1698451712\n|switch|p1a: Farigiraf|Farigiraf, F|100\/100|[from] Baton Pass\n|move|p2a: Annihilape|Rage Fist|p1a: Farigiraf\n|-supereffective|p1a: Farigiraf\n|-damage|p1a: Farigiraf|55\/100\n|\n|upkeep\n|turn|5\n|\n|t:|1698451721\n|-terastallize|p1a: Farigiraf|Fire\n|move|p1a: Farigiraf|Tera Blast|p2a: Annihilape|[anim] Tera Blast Fire\n|-damage|p2a: Annihilape|3\/100\n|move|p2a: Annihilape|Drain Punch|p1a: Farigiraf\n|-damage|p1a: Farigiraf|23\/100\n|-heal|p2a: Annihilape|22\/100|[from] drain|[of] p1a: Farigiraf\n|-heal|p2a: Annihilape|26\/100|[from] item: Shell Bell|[of] p1a: Farigiraf\n|\n|upkeep\n|turn|6\n|\n|t:|1698451733\n|move|p1a: Farigiraf|Tera Blast|p2a: Annihilape|[anim] Tera Blast Fire\n|-damage|p2a: Annihilape|0 fnt\n|faint|p2a: Annihilape\n|\n|upkeep\n|\n|t:|1698451738\n|switch|p2a: Ambipom|Ambipom, L90, M, shiny|100\/100\n|turn|7\n|\n|t:|1698451742\n|move|p1a: Farigiraf|Tera Blast|p2a: Ambipom|[anim] Tera Blast Fire\n|-enditem|p2a: Ambipom|Focus Sash\n|-damage|p2a: Ambipom|1\/100\n|move|p2a: Ambipom|Fury Swipes|p1a: Farigiraf|[miss]\n|-miss|p2a: Ambipom|p1a: Farigiraf\n|\n|upkeep\n|turn|8\n|\n|t:|1698451751\n|move|p2a: Ambipom|Endure|p2a: Ambipom\n|-singleturn|p2a: Ambipom|move: Endure\n|move|p1a: Farigiraf|Tera Blast|p2a: Ambipom|[anim] Tera Blast Fire\n|-crit|p2a: Ambipom\n|-activate|p2a: Ambipom|move: Endure\n|-damage|p2a: Ambipom|1\/100\n|\n|upkeep\n|turn|9\n|\n|t:|1698451761\n|move|p1a: Farigiraf|Tera Blast|p2a: Ambipom|[anim] Tera Blast Fire\n|-damage|p2a: Ambipom|0 fnt\n|faint|p2a: Ambipom\n|\n|upkeep\n|\n|t:|1698451766\n|switch|p2a: Lechonk|Lechonk, L86, M|100\/100\n|turn|10\n|\n|t:|1698451772\n|move|p1a: Farigiraf|Tera Blast|p2a: Lechonk|[anim] Tera Blast Fire\n|-enditem|p2a: Lechonk|Focus Sash\n|-damage|p2a: Lechonk|1\/100\n|move|p2a: Lechonk|Covet|p1a: Farigiraf\n|-damage|p1a: Farigiraf|14\/100\n|-item|p2a: Lechonk|Ring Target|[from] move: Covet|[of] p1a: Farigiraf\n|\n|upkeep\n|turn|11\n|\n|t:|1698451786\n|move|p1a: Farigiraf|Tera Blast|p2a: Lechonk|[anim] Tera Blast Fire\n|-damage|p2a: Lechonk|0 fnt\n|faint|p2a: Lechonk\n|\n|upkeep\n|\n|t:|1698451791\n|switch|p2a: Hawlucha|Hawlucha, L50, M|100\/100\n|turn|12\n|\n|t:|1698451797\n|move|p1a: Farigiraf|Tera Blast|p2a: Hawlucha|[anim] Tera Blast Fire\n|-enditem|p2a: Hawlucha|Focus Sash\n|-damage|p2a: Hawlucha|1\/100\n|move|p2a: Hawlucha|Acrobatics|p1a: Farigiraf\n|-damage|p1a: Farigiraf|4\/100\n|\n|upkeep\n|turn|13\n|\n|t:|1698451806\n|move|p1a: Farigiraf|Tera Blast|p2a: Hawlucha|[anim] Tera Blast Fire\n|-damage|p2a: Hawlucha|0 fnt\n|faint|p2a: Hawlucha\n|\n|upkeep\n|\n|t:|1698451812\n|switch|p2a: Goodra|Goodra, L86, M|100\/100\n|turn|14\n|\n|t:|1698451816\n|move|p1a: Farigiraf|Tera Blast|p2a: Goodra|[anim] Tera Blast Fire\n|-resisted|p2a: Goodra\n|-damage|p2a: Goodra|53\/100\n|move|p2a: Goodra|Substitute|p2a: Goodra\n|-start|p2a: Goodra|Substitute\n|-damage|p2a: Goodra|28\/100\n|\n|upkeep\n|turn|15\n|\n|t:|1698451847\n|move|p1a: Farigiraf|Trick||[still]\n|-fail|p1a: Farigiraf\n|move|p2a: Goodra|Dragon Tail|p1a: Farigiraf\n|-damage|p1a: Farigiraf|0 fnt\n|faint|p1a: Farigiraf\n|\n|upkeep\n|\n|t:|1698451858\n|switch|p1a: Gardevoir|Gardevoir, M|100\/100\n|-ability|p1a: Gardevoir|Gooey|[from] ability: Trace|[of] p2a: Goodra\n|turn|16\n|\n|t:|1698451864\n|move|p1a: Gardevoir|Light Screen|p1a: Gardevoir\n|-sidestart|p1: Thricicle|move: Light Screen\n|move|p2a: Goodra|Scald|p1a: Gardevoir\n|-damage|p1a: Gardevoir|94\/100\n|\n|upkeep\n|turn|17\n|\n|t:|1698451872\n|move|p1a: Gardevoir|Reflect|p1a: Gardevoir\n|-sidestart|p1: Thricicle|Reflect\n|move|p2a: Goodra|Counter||[still]\n|-fail|p2a: Goodra\n|\n|upkeep\n|turn|18\n|\n|t:|1698451888\n|switch|p1a: Quagsire|Quagsire, M|100\/100\n|move|p2a: Goodra|Scald|p1a: Quagsire\n|-damage|p1a: Quagsire|93\/100\n|\n|-heal|p1a: Quagsire|99\/100|[from] item: Leftovers\n|upkeep\n|turn|19\n|\n|t:|1698451897\n|move|p1a: Quagsire|Earthquake|p2a: Goodra\n|-end|p2a: Goodra|Substitute\n|move|p2a: Goodra|Dragon Tail|p1a: Quagsire|[miss]\n|-miss|p2a: Goodra|p1a: Quagsire\n|\n|-heal|p1a: Quagsire|100\/100|[from] item: Leftovers\n|upkeep\n|turn|20\n|\n|t:|1698451905\n|move|p1a: Quagsire|Yawn|p2a: Goodra\n|-start|p2a: Goodra|move: Yawn|[of] p1a: Quagsire\n|move|p2a: Goodra|Dragon Tail|p1a: Quagsire\n|-damage|p1a: Quagsire|94\/100\n|drag|p1a: Muk|Muk, M|100\/100\n|\n|-sideend|p1: Thricicle|move: Light Screen\n|upkeep\n|turn|21\n|\n|t:|1698451915\n|move|p2a: Goodra|Scald|p1a: Muk\n|-damage|p1a: Muk|89\/100\n|move|p1a: Muk|Metronome|p1a: Muk\n|move|p1a: Muk|Phantom Force||[from]move: Metronome|[still]\n|-prepare|p1a: Muk|Phantom Force\n|\n|-end|p2a: Goodra|move: Yawn|[silent]\n|-status|p2a: Goodra|slp\n|-sideend|p1: Thricicle|Reflect\n|upkeep\n|turn|22\n|\n|t:|1698451926\n|move|p1a: Muk|Phantom Force|p2a: Goodra|[from]lockedmove\n|-crit|p2a: Goodra\n|-damage|p2a: Goodra|0 fnt\n|-ability|p2a: Goodra|Gooey\n|-unboost|p1a: Muk|spe|1\n|faint|p2a: Goodra\n|\n|upkeep\n|\n|t:|1698451934\n|switch|p2a: Landorus|Landorus, L92, M|100\/100\n|turn|23\n|\n|t:|1698451945\n|move|p2a: Landorus|Sandsear Storm|p1a: Muk\n|-supereffective|p1a: Muk\n|-damage|p1a: Muk|35\/100\n|move|p1a: Muk|Memento|p2a: Landorus\n|-unboost|p2a: Landorus|atk|2\n|-unboost|p2a: Landorus|spa|2\n|faint|p1a: Muk\n|\n|upkeep\n|\n|t:|1698451955\n|switch|p1a: Snorlax|Snorlax, F|100\/100\n|turn|24\n|\n|t:|1698451960\n|move|p2a: Landorus|Protect|p2a: Landorus\n|-singleturn|p2a: Landorus|Protect\n|move|p1a: Snorlax|Yawn|p2a: Landorus\n|-activate|p2a: Landorus|move: Protect\n|\n|upkeep\n|turn|25\n|\n|t:|1698451968\n|move|p2a: Landorus|Sandsear Storm|p1a: Snorlax|[miss]\n|-miss|p2a: Landorus|p1a: Snorlax\n|move|p1a: Snorlax|Earthquake|p2a: Landorus\n|-immune|p2a: Landorus\n|\n|upkeep\n|turn|26\n|\n|t:|1698451976\n|move|p2a: Landorus|Sandsear Storm|p1a: Snorlax|[miss]\n|-miss|p2a: Landorus|p1a: Snorlax\n|move|p1a: Snorlax|Yawn|p2a: Landorus\n|-start|p2a: Landorus|move: Yawn|[of] p1a: Snorlax\n|\n|upkeep\n|turn|27\n|\n|t:|1698451991\n|move|p2a: Landorus|Rain Dance|p2a: Landorus\n|-weather|RainDance\n|move|p1a: Snorlax|Yawn||[still]\n|-fail|p1a: Snorlax\n|\n|-weather|RainDance|[upkeep]\n|-end|p2a: Landorus|move: Yawn|[silent]\n|-status|p2a: Landorus|slp\n|upkeep\n|turn|28\n|\n|t:|1698452007\n|switch|p1a: Oricorio|Oricorio, F|30\/100\n|cant|p2a: Landorus|slp\n|\n|-weather|RainDance|[upkeep]\n|upkeep\n|turn|29\n|\n|t:|1698452016\n|move|p1a: Oricorio|Quiver Dance|p1a: Oricorio\n|-boost|p1a: Oricorio|spa|1\n|-boost|p1a: Oricorio|spd|1\n|-boost|p1a: Oricorio|spe|1\n|cant|p2a: Landorus|slp\n|\n|-weather|RainDance|[upkeep]\n|upkeep\n|turn|30\n|\n|t:|1698452024\n|move|p1a: Oricorio|Baton Pass|p1a: Oricorio\n|\n|t:|1698452031\n|switch|p1a: Quagsire|Quagsire, M|94\/100|[from] Baton Pass\n|-curestatus|p2a: Landorus|slp|[msg]\n|move|p2a: Landorus|Sandsear Storm|p1a: Quagsire\n|-damage|p1a: Quagsire|67\/100\n|\n|-weather|RainDance|[upkeep]\n|-heal|p1a: Quagsire|73\/100|[from] item: Leftovers\n|upkeep\n|turn|31\n|\n|t:|1698452042\n|move|p2a: Landorus|Sandsear Storm|p1a: Quagsire\n|-damage|p1a: Quagsire|47\/100\n|move|p1a: Quagsire|Trailblaze|p2a: Landorus\n|-damage|p2a: Landorus|87\/100\n|-boost|p1a: Quagsire|spe|1\n|\n|-weather|none\n|-heal|p1a: Quagsire|53\/100|[from] item: Leftovers\n|upkeep\n|turn|32\n|\n|t:|1698452053\n|move|p2a: Landorus|Sandsear Storm|p1a: Quagsire\n|-damage|p1a: Quagsire|25\/100\n|move|p1a: Quagsire|Counter||[still]\n|-fail|p1a: Quagsire\n|\n|-heal|p1a: Quagsire|31\/100|[from] item: Leftovers\n|upkeep\n|turn|33\n|\n|t:|1698452062\n|move|p2a: Landorus|Sandsear Storm|p1a: Quagsire\n|-damage|p1a: Quagsire|0 fnt\n|faint|p1a: Quagsire\n|\n|upkeep\n|\n|t:|1698452070\n|switch|p1a: Gardevoir|Gardevoir, M|94\/100\n|-ability|p1a: Gardevoir|Sheer Force|[from] ability: Trace|[of] p2a: Landorus\n|turn|34\n|c|\u2606Thricicle|LMAO you actually win by default\n|\n|t:|1698452085\n|move|p2a: Landorus|Sandsear Storm|p1a: Gardevoir\n|-damage|p1a: Gardevoir|77\/100\n|move|p1a: Gardevoir|Light Screen|p1a: Gardevoir\n|-sidestart|p1: Thricicle|move: Light Screen\n|\n|upkeep\n|turn|35\n|c|\u2606Thricicle|my only attacking move is earthquake\n|\n|t:|1698452095\n|move|p2a: Landorus|Rain Dance|p2a: Landorus\n|-weather|RainDance\n|move|p1a: Gardevoir|Reflect|p1a: Gardevoir\n|-sidestart|p1: Thricicle|Reflect\n|\n|-weather|RainDance|[upkeep]\n|upkeep\n|turn|36\n|\n|t:|1698452108\n|move|p2a: Landorus|Sandsear Storm|p1a: Gardevoir\n|-damage|p1a: Gardevoir|68\/100\n|move|p1a: Gardevoir|Light Screen||[still]\n|-fail|p1a: Gardevoir\n|\n|-weather|RainDance|[upkeep]\n|upkeep\n|turn|37\n|\n|t:|1698452115\n|move|p2a: Landorus|Sandsear Storm|p1a: Gardevoir\n|-damage|p1a: Gardevoir|59\/100\n|move|p1a: Gardevoir|Light Screen||[still]\n|-fail|p1a: Gardevoir\n|\n|-weather|RainDance|[upkeep]\n|upkeep\n|turn|38\n|\n|t:|1698452123\n|move|p2a: Landorus|Sandsear Storm|p1a: Gardevoir\n|-damage|p1a: Gardevoir|51\/100\n|move|p1a: Gardevoir|Light Screen||[still]\n|-fail|p1a: Gardevoir\n|\n|-weather|RainDance|[upkeep]\n|-sideend|p1: Thricicle|move: Light Screen\n|upkeep\n|turn|39\n|\n|t:|1698452132\n|move|p2a: Landorus|Sandsear Storm|p1a: Gardevoir\n|-damage|p1a: Gardevoir|35\/100\n|move|p1a: Gardevoir|Reflect||[still]\n|-fail|p1a: Gardevoir\n|\n|-weather|none\n|-sideend|p1: Thricicle|Reflect\n|upkeep\n|turn|40\n|\n|t:|1698452141\n|move|p2a: Landorus|Sandsear Storm|p1a: Gardevoir\n|-damage|p1a: Gardevoir|20\/100\n|move|p1a: Gardevoir|Light Screen|p1a: Gardevoir\n|-sidestart|p1: Thricicle|move: Light Screen\n|\n|upkeep\n|turn|41\n|\n|t:|1698452147\n|move|p2a: Landorus|Sandsear Storm|p1a: Gardevoir\n|-damage|p1a: Gardevoir|12\/100\n|move|p1a: Gardevoir|Reflect|p1a: Gardevoir\n|-sidestart|p1: Thricicle|Reflect\n|\n|upkeep\n|turn|42\n|\n|t:|1698452152\n|move|p2a: Landorus|Sandsear Storm|p1a: Gardevoir\n|-damage|p1a: Gardevoir|3\/100\n|move|p1a: Gardevoir|Destiny Bond|p1a: Gardevoir\n|-singlemove|p1a: Gardevoir|Destiny Bond\n|\n|upkeep\n|turn|43\n|\n|t:|1698452160\n|move|p2a: Landorus|Protect|p2a: Landorus\n|-singleturn|p2a: Landorus|Protect\n|move|p1a: Gardevoir|Destiny Bond||[still]\n|-fail|p1a: Gardevoir\n|\n|upkeep\n|turn|44\n|\n|t:|1698452167\n|move|p2a: Landorus|Sandsear Storm|p1a: Gardevoir\n|-damage|p1a: Gardevoir|0 fnt\n|faint|p1a: Gardevoir\n|\n|-sideend|p1: Thricicle|move: Light Screen\n|upkeep\n|\n|t:|1698452178\n|switch|p1a: Oricorio|Oricorio, F|30\/100\n|turn|45\n|\n|t:|1698452186\n|move|p2a: Landorus|Protect|p2a: Landorus\n|-singleturn|p2a: Landorus|Protect\n|move|p1a: Oricorio|Quiver Dance|p1a: Oricorio\n|-boost|p1a: Oricorio|spa|1\n|-boost|p1a: Oricorio|spd|1\n|-boost|p1a: Oricorio|spe|1\n|\n|-sideend|p1: Thricicle|Reflect\n|upkeep\n|turn|46\n|\n|t:|1698452196\n|move|p1a: Oricorio|Quiver Dance|p1a: Oricorio\n|-boost|p1a: Oricorio|spa|1\n|-boost|p1a: Oricorio|spd|1\n|-boost|p1a: Oricorio|spe|1\n|move|p2a: Landorus|Block|p1a: Oricorio\n|-activate|p1a: Oricorio|trapped\n|\n|upkeep\n|turn|47\n|\n|t:|1698452204\n|move|p1a: Oricorio|Baton Pass|p1a: Oricorio\n|\n|t:|1698452206\n|switch|p1a: Snorlax|Snorlax, F|100\/100|[from] Baton Pass\n|move|p2a: Landorus|Rain Dance|p2a: Landorus\n|-weather|RainDance\n|\n|-weather|RainDance|[upkeep]\n|upkeep\n|turn|48\n|\n|t:|1698452218\n|move|p2a: Landorus|Block|p1a: Snorlax\n|-activate|p1a: Snorlax|trapped\n|move|p1a: Snorlax|Earthquake|p2a: Landorus\n|-immune|p2a: Landorus\n|\n|-weather|RainDance|[upkeep]\n|upkeep\n|turn|49\n|\n|t:|1698452228\n|move|p2a: Landorus|Rain Dance||[still]\n|-fail|p2a: Landorus\n|move|p1a: Snorlax|Earthquake|p2a: Landorus\n|-immune|p2a: Landorus\n|\n|-weather|RainDance|[upkeep]\n|upkeep\n|turn|50\n|\n|t:|1698452237\n|move|p2a: Landorus|Block||[still]\n|-fail|p2a: Landorus\n|move|p1a: Snorlax|Earthquake|p2a: Landorus\n|-immune|p2a: Landorus\n|\n|-weather|RainDance|[upkeep]\n|upkeep\n|turn|51\n|\n|t:|1698452244\n|move|p2a: Landorus|Protect|p2a: Landorus\n|-singleturn|p2a: Landorus|Protect\n|move|p1a: Snorlax|Earthquake|p2a: Landorus\n|-activate|p2a: Landorus|move: Protect\n|\n|-weather|none\n|upkeep\n|turn|52\n|c|\u2606Thricicle|wait...no, I win with pp stalling to struggle\n|\n|t:|1698452262\n|move|p2a: Landorus|Block||[still]\n|-fail|p2a: Landorus\n|move|p1a: Snorlax|Yawn|p2a: Landorus\n|-start|p2a: Landorus|move: Yawn|[of] p1a: Snorlax\n|\n|upkeep\n|turn|53\n|\n|t:|1698452270\n|move|p2a: Landorus|Rain Dance|p2a: Landorus\n|-weather|RainDance\n|move|p1a: Snorlax|Belly Drum|p1a: Snorlax\n|-damage|p1a: Snorlax|51\/100\n|-setboost|p1a: Snorlax|atk|6|[from] move: Belly Drum\n|\n|-weather|RainDance|[upkeep]\n|-heal|p1a: Snorlax|57\/100|[from] item: Leftovers\n|-end|p2a: Landorus|move: Yawn|[silent]\n|-status|p2a: Landorus|slp\n|upkeep\n|turn|54\n|\n|t:|1698452284\n|cant|p2a: Landorus|slp\n|move|p1a: Snorlax|Earthquake|p2a: Landorus\n|-immune|p2a: Landorus\n|\n|-weather|RainDance|[upkeep]\n|-heal|p1a: Snorlax|63\/100|[from] item: Leftovers\n|upkeep\n|turn|55\n|\n|t:|1698452292\n|cant|p2a: Landorus|slp\n|move|p1a: Snorlax|Earthquake|p2a: Landorus\n|-immune|p2a: Landorus\n|\n|-weather|RainDance|[upkeep]\n|-heal|p1a: Snorlax|69\/100|[from] item: Leftovers\n|upkeep\n|turn|56\n|\n|t:|1698452301\n|-curestatus|p2a: Landorus|slp|[msg]\n|move|p2a: Landorus|Protect|p2a: Landorus\n|-singleturn|p2a: Landorus|Protect\n|move|p1a: Snorlax|Earthquake|p2a: Landorus\n|-activate|p2a: Landorus|move: Protect\n|\n|-weather|RainDance|[upkeep]\n|-heal|p1a: Snorlax|75\/100|[from] item: Leftovers\n|upkeep\n|turn|57\n|\n|t:|1698452315\n|move|p2a: Landorus|Protect|p2a: Landorus\n|-singleturn|p2a: Landorus|Protect\n|move|p1a: Snorlax|Earthquake|p2a: Landorus\n|-activate|p2a: Landorus|move: Protect\n|\n|-weather|none\n|-heal|p1a: Snorlax|81\/100|[from] item: Leftovers\n|upkeep\n|turn|58\n|\n|t:|1698452324\n|move|p2a: Landorus|Rain Dance|p2a: Landorus\n|-weather|RainDance\n|move|p1a: Snorlax|Yawn|p2a: Landorus\n|-start|p2a: Landorus|move: Yawn|[of] p1a: Snorlax\n|\n|-weather|RainDance|[upkeep]\n|-heal|p1a: Snorlax|88\/100|[from] item: Leftovers\n|upkeep\n|turn|59\n|\n|t:|1698452334\n|move|p2a: Landorus|Protect|p2a: Landorus\n|-singleturn|p2a: Landorus|Protect\n|move|p1a: Snorlax|Earthquake|p2a: Landorus\n|-activate|p2a: Landorus|move: Protect\n|\n|-weather|RainDance|[upkeep]\n|-heal|p1a: Snorlax|94\/100|[from] item: Leftovers\n|-end|p2a: Landorus|move: Yawn|[silent]\n|-status|p2a: Landorus|slp\n|upkeep\n|turn|60\n|\n|t:|1698452347\n|cant|p2a: Landorus|slp\n|move|p1a: Snorlax|Earthquake|p2a: Landorus\n|-immune|p2a: Landorus\n|\n|-weather|RainDance|[upkeep]\n|-heal|p1a: Snorlax|99\/100|[from] item: Leftovers\n|upkeep\n|turn|61\n|c|\u2606Thricicle|Wait, it doesn't even matter which of us goes to struggle first, I win either way, gg\n|\n|t:|1698452363\n|-curestatus|p2a: Landorus|slp|[msg]\n|move|p2a: Landorus|Rain Dance||[still]\n|-fail|p2a: Landorus\n|move|p1a: Snorlax|Earthquake|p2a: Landorus\n|-immune|p2a: Landorus\n|\n|-weather|RainDance|[upkeep]\n|-heal|p1a: Snorlax|100\/100|[from] item: Leftovers\n|upkeep\n|turn|62\n|c|\u2606Thricicle|I hit struggle first then I deal more dmg first because you have no attacking move, you go to struggle first then I heal it up with rest until you die from strugle\n|\n|t:|1698452386\n|move|p2a: Landorus|Block||[still]\n|-fail|p2a: Landorus\n|move|p1a: Snorlax|Earthquake|p2a: Landorus\n|-immune|p2a: Landorus\n|\n|-weather|none\n|upkeep\n|turn|63\n|\n|t:|1698452397\n|move|p2a: Landorus|Protect|p2a: Landorus\n|-singleturn|p2a: Landorus|Protect\n|move|p1a: Snorlax|Belly Drum||[still]\n|-fail|p1a: Snorlax\n|\n|upkeep\n|turn|64\n|\n|t:|1698452406\n|move|p2a: Landorus|Rain Dance|p2a: Landorus\n|-weather|RainDance\n|move|p1a: Snorlax|Belly Drum||[still]\n|-fail|p1a: Snorlax\n|\n|-weather|RainDance|[upkeep]\n|upkeep\n|turn|65\n|\n|t:|1698452413\n|move|p2a: Landorus|Block||[still]\n|-fail|p2a: Landorus\n|move|p1a: Snorlax|Belly Drum||[still]\n|-fail|p1a: Snorlax\n|\n|-weather|RainDance|[upkeep]\n|upkeep\n|turn|66\n|\n|t:|1698452420\n|move|p2a: Landorus|Protect|p2a: Landorus\n|-singleturn|p2a: Landorus|Protect\n|move|p1a: Snorlax|Belly Drum||[still]\n|-fail|p1a: Snorlax\n|\n|-weather|RainDance|[upkeep]\n|upkeep\n|turn|67\n|\n|t:|1698452428\n|move|p2a: Landorus|Block||[still]\n|-fail|p2a: Landorus\n|move|p1a: Snorlax|Belly Drum||[still]\n|-fail|p1a: Snorlax\n|\n|-weather|RainDance|[upkeep]\n|upkeep\n|turn|68\n|\n|t:|1698452436\n|move|p2a: Landorus|Protect|p2a: Landorus\n|-singleturn|p2a: Landorus|Protect\n|move|p1a: Snorlax|Belly Drum||[still]\n|-fail|p1a: Snorlax\n|\n|-weather|none\n|upkeep\n|turn|69\n|\n|t:|1698452449\n|move|p2a: Landorus|Protect|p2a: Landorus\n|-singleturn|p2a: Landorus|Protect\n|move|p1a: Snorlax|Yawn|p2a: Landorus\n|-activate|p2a: Landorus|move: Protect\n|\n|upkeep\n|turn|70\n|\n|t:|1698452457\n|move|p2a: Landorus|Block||[still]\n|-fail|p2a: Landorus\n|move|p1a: Snorlax|Yawn|p2a: Landorus\n|-start|p2a: Landorus|move: Yawn|[of] p1a: Snorlax\n|\n|upkeep\n|turn|71\n|\n|t:|1698452463\n|move|p2a: Landorus|Protect|p2a: Landorus\n|-singleturn|p2a: Landorus|Protect\n|move|p1a: Snorlax|Belly Drum||[still]\n|-fail|p1a: Snorlax\n|\n|-end|p2a: Landorus|move: Yawn|[silent]\n|-status|p2a: Landorus|slp\n|upkeep\n|turn|72\n|c|\u2606Thricicle|uh oh, I should've been yawning every time\n|\n|t:|1698452474\n|cant|p2a: Landorus|slp\n|move|p1a: Snorlax|Belly Drum||[still]\n|-fail|p1a: Snorlax\n|\n|upkeep\n|turn|73\n|\n|t:|1698452480\n|cant|p2a: Landorus|slp\n|move|p1a: Snorlax|Belly Drum||[still]\n|-fail|p1a: Snorlax\n|\n|upkeep\n|turn|74\n|\n|t:|1698452486\n|-curestatus|p2a: Landorus|slp|[msg]\n|move|p2a: Landorus|Protect|p2a: Landorus\n|-singleturn|p2a: Landorus|Protect\n|move|p1a: Snorlax|Belly Drum||[still]\n|-fail|p1a: Snorlax\n|\n|upkeep\n|turn|75\n|\n|t:|1698452495\n|move|p2a: Landorus|Protect|p2a: Landorus\n|-singleturn|p2a: Landorus|Protect\n|move|p1a: Snorlax|Yawn|p2a: Landorus\n|-activate|p2a: Landorus|move: Protect\n|\n|upkeep\n|turn|76\n|\n|t:|1698452501\n|move|p2a: Landorus|Protect||[still]\n|-fail|p2a: Landorus\n|move|p1a: Snorlax|Yawn|p2a: Landorus\n|-start|p2a: Landorus|move: Yawn|[of] p1a: Snorlax\n|\n|upkeep\n|turn|77\n|\n|t:|1698452508\n|move|p2a: Landorus|Protect|p2a: Landorus\n|-singleturn|p2a: Landorus|Protect\n|move|p1a: Snorlax|Belly Drum||[still]\n|-fail|p1a: Snorlax\n|\n|-end|p2a: Landorus|move: Yawn|[silent]\n|-status|p2a: Landorus|slp\n|upkeep\n|turn|78\n|c|\u2606Thricicle|uh oh, I think you actually win because I have too much pp, gg\n|\n|t:|1698452524\n|cant|p2a: Landorus|slp\n|move|p1a: Snorlax|Belly Drum||[still]\n|-fail|p1a: Snorlax\n|\n|upkeep\n|turn|79\n|\n|t:|1698452530\n|-curestatus|p2a: Landorus|slp|[msg]\n|-activate|p2a: Landorus|move: Struggle\n|move|p2a: Landorus|Struggle|p1a: Snorlax\n|-damage|p1a: Snorlax|96\/100\n|-damage|p2a: Landorus|61\/100|[from] recoil\n|move|p1a: Snorlax|Belly Drum||[still]\n|-fail|p1a: Snorlax\n|\n|-heal|p1a: Snorlax|100\/100|[from] item: Leftovers\n|upkeep\n|turn|80\n|c|\u2606Thricicle|oh wait nvm you take so much more dmg than I do lmao\n|\n|t:|1698452543\n|-activate|p2a: Landorus|move: Struggle\n|move|p2a: Landorus|Struggle|p1a: Snorlax\n|-damage|p1a: Snorlax|96\/100\n|-damage|p2a: Landorus|36\/100|[from] recoil\n|move|p1a: Snorlax|Belly Drum||[still]\n|-fail|p1a: Snorlax\n|\n|-heal|p1a: Snorlax|100\/100|[from] item: Leftovers\n|upkeep\n|turn|81\n|c|\u2606Thricicle|gg\n|\n|t:|1698452553\n|-activate|p2a: Landorus|move: Struggle\n|move|p2a: Landorus|Struggle|p1a: Snorlax\n|-damage|p1a: Snorlax|96\/100\n|-damage|p2a: Landorus|11\/100|[from] recoil\n|move|p1a: Snorlax|Belly Drum||[still]\n|-fail|p1a: Snorlax\n|\n|-heal|p1a: Snorlax|100\/100|[from] item: Leftovers\n|upkeep\n|turn|82\n|\n|t:|1698452564\n|-activate|p2a: Landorus|move: Struggle\n|move|p2a: Landorus|Struggle|p1a: Snorlax\n|-damage|p1a: Snorlax|96\/100\n|-damage|p2a: Landorus|0 fnt|[from] recoil\n|faint|p2a: Landorus\n|\n|win|Thricicle\n|raw|Thricicle's rating: 1141 &rarr; <strong>1161<\/strong><br \/>(+20 for winning)\n|raw|nscripoch's rating: 1065 &rarr; <strong>1050<\/strong><br \/>(-15 for losing)\n|l|\u2606nscripoch\n|c|\u2606Thricicle|that was certainly something, gg\n","uploadtime":1698452576,"views":5,"p1id":"thricicle","p2id":"nscripoch","formatid":"gen9anythinggoes","rating":1050,"private":0,"password":""}