{"id":"gen9anythinggoes-1989067023","p1":"SwissCows","p2":"ghostlyplanets","format":"[Gen 9] Anything Goes","log":"|j|\u2606SwissCows\n|j|\u2606ghostlyplanets\n|t:|1699808547\n|gametype|singles\n|player|p1|SwissCows|2|1286\n|player|p2|ghostlyplanets|zirco-unite|1591\n|teamsize|p1|6\n|teamsize|p2|6\n|gen|9\n|tier|[Gen 9] Anything Goes\n|rated|\n|rule|HP Percentage Mod: HP is shown in percentages\n|rule|Endless Battle Clause: Forcing endless battles is banned\n|clearpoke\n|poke|p1|Palafin, F|\n|poke|p1|Baxcalibur, M|\n|poke|p1|Annihilape, M|\n|poke|p1|Ursaluna-Bloodmoon, M|\n|poke|p1|Roaring Moon|\n|poke|p1|Espathra, M|\n|poke|p2|Koraidon|\n|poke|p2|Ribombee, F|\n|poke|p2|Ditto|\n|poke|p2|Arceus|\n|poke|p2|Zacian-*|\n|poke|p2|Calyrex-Shadow|\n|teampreview\n|inactive|Battle timer is ON: inactive players will automatically lose when time's up. (requested by SwissCows)\n|\n|t:|1699808564\n|start\n|switch|p1a: Espathra|Espathra, M|100\/100\n|switch|p2a: Ribombee|Ribombee, F|100\/100\n|turn|1\n|\n|t:|1699808573\n|move|p2a: Ribombee|Sticky Web|p1a: Espathra\n|-sidestart|p1: SwissCows|move: Sticky Web\n|move|p1a: Espathra|Calm Mind|p1a: Espathra\n|-boost|p1a: Espathra|spa|1\n|-boost|p1a: Espathra|spd|1\n|\n|-ability|p1a: Espathra|Speed Boost|boost\n|-boost|p1a: Espathra|spe|1\n|upkeep\n|turn|2\n|\n|t:|1699808581\n|move|p1a: Espathra|Calm Mind|p1a: Espathra\n|-boost|p1a: Espathra|spa|1\n|-boost|p1a: Espathra|spd|1\n|move|p2a: Ribombee|Quiver Dance|p2a: Ribombee\n|-boost|p2a: Ribombee|spa|1\n|-boost|p2a: Ribombee|spd|1\n|-boost|p2a: Ribombee|spe|1\n|\n|-ability|p1a: Espathra|Speed Boost|boost\n|-boost|p1a: Espathra|spe|1\n|upkeep\n|turn|3\n|\n|t:|1699808593\n|move|p1a: Espathra|Stored Power|p2a: Ribombee\n|-enditem|p2a: Ribombee|Focus Sash\n|-damage|p2a: Ribombee|1\/100\n|move|p2a: Ribombee|Bug Buzz|p1a: Espathra\n|-supereffective|p1a: Espathra\n|-damage|p1a: Espathra|0 fnt\n|faint|p1a: Espathra\n|\n|upkeep\n|\n|t:|1699808603\n|switch|p1a: Palafin|Palafin, F|100\/100\n|-activate|p1a: Palafin|move: Sticky Web\n|-unboost|p1a: Palafin|spe|1\n|turn|4\n|\n|t:|1699808609\n|move|p1a: Palafin|Jet Punch|p2a: Ribombee\n|-damage|p2a: Ribombee|0 fnt\n|faint|p2a: Ribombee\n|\n|upkeep\n|\n|t:|1699808613\n|switch|p2a: Koraidon|Koraidon|100\/100\n|-weather|SunnyDay|[from] ability: Orichalcum Pulse|[of] p2a: Koraidon\n|-activate|p2a: Koraidon|Orichalcum Pulse|[source]\n|turn|5\n|j| eavo\n|c| eavo|should win this\n|\n|t:|1699808626\n|detailschange|p1a: Palafin|Palafin-Hero, F\n|switch|p1a: Annihilape|Annihilape, M|100\/100\n|-activate|p1a: Annihilape|move: Sticky Web\n|-unboost|p1a: Annihilape|spe|1\n|-ability|p1a: Annihilape|Defiant|boost\n|-boost|p1a: Annihilape|atk|2\n|move|p2a: Koraidon|Collision Course|p1a: Annihilape\n|-immune|p1a: Annihilape\n|\n|-weather|SunnyDay|[upkeep]\n|upkeep\n|turn|6\n|c|\u2606ghostlyplanets|you don't get to decide nerd\n|\n|t:|1699808641\n|switch|p2a: Arceus|Arceus|100\/100\n|move|p1a: Annihilape|Bulk Up|p1a: Annihilape\n|-boost|p1a: Annihilape|atk|1\n|-boost|p1a: Annihilape|def|1\n|\n|-weather|SunnyDay|[upkeep]\n|upkeep\n|turn|7\n|inactive|ghostlyplanets has 120 seconds left.\n|c| eavo|what is bro doing\n|c|\u2606ghostlyplanets|me or u\n|c|\u2606SwissCows|idk\n|c|\u2606SwissCows|i think hes stalling icl\n|c| eavo|both\n|inactive|ghostlyplanets has 90 seconds left.\n|inactive|ghostlyplanets has 60 seconds left.\n|c|\u2606SwissCows|bro\n|c|\u2606ghostlyplanets|im multitasking nerd\n|c|\u2606SwissCows|make a move\n|\n|t:|1699808746\n|move|p2a: Arceus|Taunt|p1a: Annihilape\n|-start|p1a: Annihilape|move: Taunt\n|move|p1a: Annihilape|Drain Punch|p2a: Arceus\n|-supereffective|p2a: Arceus\n|-damage|p2a: Arceus|0 fnt\n|faint|p2a: Arceus\n|\n|-weather|SunnyDay|[upkeep]\n|upkeep\n|\n|t:|1699808752\n|switch|p2a: Calyrex|Calyrex-Shadow|100\/100\n|-ability|p2a: Calyrex|As One\n|-ability|p2a: Calyrex|Unnerve\n|turn|8\n|\n|t:|1699808775\n|-terastallize|p2a: Calyrex|Fairy\n|move|p2a: Calyrex|Astral Barrage|p1a: Annihilape\n|-supereffective|p1a: Annihilape\n|-damage|p1a: Annihilape|0 fnt\n|faint|p1a: Annihilape\n|-ability|p2a: Calyrex|Grim Neigh|boost\n|-boost|p2a: Calyrex|spa|1\n|\n|-weather|SunnyDay|[upkeep]\n|upkeep\n|\n|t:|1699808790\n|switch|p1a: Ursaluna|Ursaluna-Bloodmoon, M|100\/100\n|-activate|p1a: Ursaluna|move: Sticky Web\n|-unboost|p1a: Ursaluna|spe|1\n|turn|9\n|\n|t:|1699808801\n|switch|p2a: Koraidon|Koraidon|100\/100\n|-activate|p2a: Koraidon|ability: Orichalcum Pulse\n|move|p1a: Ursaluna|Blood Moon|p2a: Koraidon\n|-damage|p2a: Koraidon|18\/100\n|\n|-weather|none\n|upkeep\n|turn|10\n|\n|t:|1699808816\n|move|p2a: Koraidon|Collision Course|p1a: Ursaluna\n|-supereffective|p1a: Ursaluna\n|-damage|p1a: Ursaluna|0 fnt\n|faint|p1a: Ursaluna\n|\n|upkeep\n|\n|t:|1699808827\n|switch|p1a: Palafin|Palafin-Hero, F|100\/100\n|-activate|p1a: Palafin|move: Sticky Web\n|-unboost|p1a: Palafin|spe|1\n|-activate|p1a: Palafin|ability: Zero to Hero\n|turn|11\n|\n|t:|1699808841\n|switch|p2a: Ditto|Ditto|100\/100\n|-transform|p2a: Ditto|p1a: Palafin|[from] ability: Imposter\n|move|p1a: Palafin|Wave Crash|p2a: Ditto\n|-resisted|p2a: Ditto\n|-damage|p2a: Ditto|34\/100\n|-damage|p1a: Palafin|81\/100|[from] Recoil\n|\n|upkeep\n|turn|12\n|inactive|ghostlyplanets has 60 seconds left.\n|\n|t:|1699808851\n|switch|p1a: Baxcalibur|Baxcalibur, M|100\/100\n|-activate|p1a: Baxcalibur|move: Sticky Web\n|-unboost|p1a: Baxcalibur|spe|1\n|move|p2a: Ditto|Drain Punch|p1a: Baxcalibur\n|-supereffective|p1a: Baxcalibur\n|-damage|p1a: Baxcalibur|43\/100\n|-heal|p2a: Ditto|70\/100|[from] drain|[of] p1a: Baxcalibur\n|\n|upkeep\n|turn|13\n|inactive|ghostlyplanets has 60 seconds left.\n|c| eavo|:worrywhirl:\n|c|\u2606SwissCows|igtg gg\n|-message|SwissCows forfeited.\n|\n|win|ghostlyplanets\n|raw|SwissCows's rating: 1314 &rarr; <strong>1307<\/strong><br \/>(-7 for losing)\n|raw|ghostlyplanets's rating: 1591 &rarr; <strong>1598<\/strong><br \/>(+7 for winning)\n|l|\u2606SwissCows\n","uploadtime":1699808876,"views":6,"p1id":"swisscows","p2id":"ghostlyplanets","formatid":"gen9anythinggoes","rating":1307,"private":0,"password":""}