{"id":"gen9anythinggoes-1983102450","p1":"OFFTHEZERC","p2":"laprasplayer","format":"[Gen 9] Anything Goes","log":"|j|\u2606OFFTHEZERC\n|j|\u2606laprasplayer\n|t:|1699086530\n|gametype|singles\n|player|p1|OFFTHEZERC|n|1786\n|player|p2|laprasplayer|hanbei-conquest|1815\n|teamsize|p1|6\n|teamsize|p2|6\n|gen|9\n|tier|[Gen 9] Anything Goes\n|rated|\n|rule|HP Percentage Mod: HP is shown in percentages\n|rule|Endless Battle Clause: Forcing endless battles is banned\n|clearpoke\n|poke|p1|Koraidon|\n|poke|p1|Miraidon|\n|poke|p1|Arceus-Fairy|\n|poke|p1|Arceus-Ground|\n|poke|p1|Kingambit, M|\n|poke|p1|Clodsire, M|\n|poke|p2|Calyrex-Shadow|\n|poke|p2|Landorus-Therian, M|\n|poke|p2|Kyogre|\n|poke|p2|Ting-Lu|\n|poke|p2|Zacian-*|\n|poke|p2|Koraidon|\n|teampreview\n|inactive|Battle timer is ON: inactive players will automatically lose when time's up. (requested by OFFTHEZERC)\n|\n|t:|1699086543\n|start\n|switch|p1a: Miraidon|Miraidon|100\/100\n|switch|p2a: Landorus|Landorus-Therian, M|100\/100\n|-fieldstart|move: Electric Terrain|[from] ability: Hadron Engine|[of] p1a: Miraidon\n|-ability|p2a: Landorus|Intimidate|boost\n|-unboost|p1a: Miraidon|atk|1\n|turn|1\n|\n|t:|1699086550\n|switch|p2a: Ting-Lu|Ting-Lu|100\/100\n|-ability|p2a: Ting-Lu|Vessel of Ruin\n|move|p1a: Miraidon|U-turn|p2a: Ting-Lu\n|-supereffective|p2a: Ting-Lu\n|-damage|p2a: Ting-Lu|90\/100\n|\n|t:|1699086554\n|switch|p1a: Arceus|Arceus-Fairy|100\/100|[from] U-turn\n|\n|-heal|p2a: Ting-Lu|96\/100|[from] item: Leftovers\n|upkeep\n|turn|2\n|\n|t:|1699086561\n|move|p1a: Arceus|Will-O-Wisp|p2a: Ting-Lu|[miss]\n|-miss|p1a: Arceus|p2a: Ting-Lu\n|move|p2a: Ting-Lu|Spikes|p1a: Arceus\n|-sidestart|p1: OFFTHEZERC|Spikes\n|\n|-heal|p2a: Ting-Lu|100\/100|[from] item: Leftovers\n|upkeep\n|turn|3\n|\n|t:|1699086566\n|switch|p2a: Kyogre|Kyogre|100\/100\n|-weather|RainDance|[from] ability: Drizzle|[of] p2a: Kyogre\n|move|p1a: Arceus|Calm Mind|p1a: Arceus\n|-boost|p1a: Arceus|spa|1\n|-boost|p1a: Arceus|spd|1\n|\n|-weather|RainDance|[upkeep]\n|upkeep\n|turn|4\n|\n|t:|1699086570\n|move|p1a: Arceus|Judgment|p2a: Kyogre\n|-damage|p2a: Kyogre|49\/100\n|move|p2a: Kyogre|Origin Pulse|p1a: Arceus\n|-damage|p1a: Arceus|26\/100\n|\n|-weather|RainDance|[upkeep]\n|upkeep\n|turn|5\n|\n|t:|1699086576\n|move|p1a: Arceus|Judgment|p2a: Kyogre\n|-damage|p2a: Kyogre|1\/100\n|move|p2a: Kyogre|Origin Pulse|p1a: Arceus\n|-damage|p1a: Arceus|0 fnt\n|faint|p1a: Arceus\n|\n|-weather|RainDance|[upkeep]\n|-fieldend|move: Electric Terrain\n|upkeep\n|\n|t:|1699086583\n|switch|p1a: Koraidon|Koraidon|100\/100\n|-damage|p1a: Koraidon|88\/100|[from] Spikes\n|-weather|SunnyDay|[from] ability: Orichalcum Pulse|[of] p1a: Koraidon\n|-activate|p1a: Koraidon|Orichalcum Pulse|[source]\n|turn|6\n|\n|t:|1699086587\n|switch|p2a: Landorus|Landorus-Therian, M|100\/100\n|-ability|p2a: Landorus|Intimidate|boost\n|-unboost|p1a: Koraidon|atk|1\n|move|p1a: Koraidon|U-turn|p2a: Landorus\n|-resisted|p2a: Landorus\n|-damage|p2a: Landorus|92\/100\n|-damage|p1a: Koraidon|72\/100|[from] item: Rocky Helmet|[of] p2a: Landorus\n|\n|t:|1699086596\n|switch|p1a: Miraidon|Miraidon|100\/100|[from] U-turn\n|-damage|p1a: Miraidon|88\/100|[from] Spikes\n|-fieldstart|move: Electric Terrain|[from] ability: Hadron Engine|[of] p1a: Miraidon\n|\n|-weather|SunnyDay|[upkeep]\n|upkeep\n|turn|7\n|\n|t:|1699086601\n|switch|p2a: Kyogre|Kyogre|1\/100\n|-weather|RainDance|[from] ability: Drizzle|[of] p2a: Kyogre\n|move|p1a: Miraidon|U-turn|p2a: Kyogre\n|-damage|p2a: Kyogre|0 fnt\n|faint|p2a: Kyogre\n|\n|t:|1699086609\n|switch|p1a: Arceus|Arceus-Ground|100\/100|[from] U-turn\n|-damage|p1a: Arceus|88\/100|[from] Spikes\n|\n|-weather|RainDance|[upkeep]\n|upkeep\n|\n|t:|1699086615\n|switch|p2a: Calyrex|Calyrex-Shadow|100\/100\n|-ability|p2a: Calyrex|As One\n|-ability|p2a: Calyrex|Unnerve\n|turn|8\n|\n|t:|1699086622\n|switch|p1a: Kingambit|Kingambit, M|100\/100\n|-damage|p1a: Kingambit|88\/100|[from] Spikes\n|-activate|p1a: Kingambit|ability: Supreme Overlord\n|-start|p1a: Kingambit|fallen1|[silent]\n|move|p2a: Calyrex|Grass Knot|p1a: Kingambit\n|-resisted|p1a: Kingambit\n|-damage|p1a: Kingambit|68\/100\n|\n|-weather|RainDance|[upkeep]\n|upkeep\n|turn|9\n|\n|t:|1699086628\n|-terastallize|p2a: Calyrex|Fighting\n|move|p2a: Calyrex|Tera Blast|p1a: Kingambit|[anim] Tera Blast Fighting\n|-supereffective|p1a: Kingambit\n|-damage|p1a: Kingambit|0 fnt\n|faint|p1a: Kingambit\n|-end|p1a: Kingambit|fallen1|[silent]\n|-ability|p2a: Calyrex|Grim Neigh|boost\n|-boost|p2a: Calyrex|spa|1\n|\n|-weather|RainDance|[upkeep]\n|upkeep\n|\n|t:|1699086636\n|switch|p1a: Clodsire|Clodsire, M|100\/100\n|-damage|p1a: Clodsire|88\/100|[from] Spikes\n|turn|10\n|\n|t:|1699086639\n|move|p2a: Calyrex|Astral Barrage|p1a: Clodsire\n|-damage|p1a: Clodsire|49\/100\n|move|p1a: Clodsire|Earthquake|p2a: Calyrex\n|-damage|p2a: Calyrex|66\/100\n|\n|-weather|RainDance|[upkeep]\n|-heal|p1a: Clodsire|55\/100|[from] item: Leftovers\n|-fieldend|move: Electric Terrain\n|upkeep\n|turn|11\n|\n|t:|1699086644\n|switch|p2a: Landorus|Landorus-Therian, M|92\/100\n|-ability|p2a: Landorus|Intimidate|boost\n|-unboost|p1a: Clodsire|atk|1\n|move|p1a: Clodsire|Recover|p1a: Clodsire\n|-heal|p1a: Clodsire|100\/100\n|\n|-weather|none\n|upkeep\n|turn|12\n|\n|t:|1699086653\n|-terastallize|p1a: Clodsire|Flying\n|move|p2a: Landorus|Earthquake|p1a: Clodsire\n|-immune|p1a: Clodsire\n|move|p1a: Clodsire|Toxic|p2a: Landorus\n|-status|p2a: Landorus|tox\n|\n|-damage|p2a: Landorus|86\/100 tox|[from] psn\n|upkeep\n|turn|13\n|\n|t:|1699086656\n|move|p2a: Landorus|Taunt|p1a: Clodsire\n|-start|p1a: Clodsire|move: Taunt\n|cant|p1a: Clodsire|move: Taunt|Spikes\n|\n|-damage|p2a: Landorus|74\/100 tox|[from] psn\n|upkeep\n|turn|14\n|\n|t:|1699086659\n|move|p2a: Landorus|Stealth Rock|p1a: Clodsire\n|-sidestart|p1: OFFTHEZERC|move: Stealth Rock\n|move|p1a: Clodsire|Earthquake|p2a: Landorus\n|-immune|p2a: Landorus\n|\n|-damage|p2a: Landorus|56\/100 tox|[from] psn\n|upkeep\n|turn|15\n|\n|t:|1699086665\n|switch|p2a: Koraidon|Koraidon|100\/100\n|-weather|SunnyDay|[from] ability: Orichalcum Pulse|[of] p2a: Koraidon\n|-activate|p2a: Koraidon|Orichalcum Pulse|[source]\n|move|p1a: Clodsire|Earthquake|p2a: Koraidon\n|-damage|p2a: Koraidon|84\/100\n|\n|-weather|SunnyDay|[upkeep]\n|-end|p1a: Clodsire|move: Taunt\n|upkeep\n|turn|16\n|\n|t:|1699086676\n|switch|p1a: Miraidon|Miraidon|88\/100\n|-damage|p1a: Miraidon|76\/100|[from] Spikes\n|-damage|p1a: Miraidon|64\/100|[from] Stealth Rock\n|-fieldstart|move: Electric Terrain|[from] ability: Hadron Engine|[of] p1a: Miraidon\n|move|p2a: Koraidon|Flare Blitz|p1a: Miraidon\n|-resisted|p1a: Miraidon\n|-damage|p1a: Miraidon|14\/100\n|-damage|p2a: Koraidon|68\/100|[from] Recoil\n|\n|-weather|SunnyDay|[upkeep]\n|upkeep\n|turn|17\n|\n|t:|1699086681\n|switch|p2a: Ting-Lu|Ting-Lu|100\/100\n|-ability|p2a: Ting-Lu|Vessel of Ruin\n|move|p1a: Miraidon|Draco Meteor|p2a: Ting-Lu\n|-damage|p2a: Ting-Lu|65\/100\n|-unboost|p1a: Miraidon|spa|2\n|\n|-weather|SunnyDay|[upkeep]\n|-heal|p2a: Ting-Lu|71\/100|[from] item: Leftovers\n|upkeep\n|turn|18\n|\n|t:|1699086689\n|switch|p2a: Calyrex|Calyrex-Shadow, tera:Fighting|66\/100\n|-ability|p2a: Calyrex|As One\n|-ability|p2a: Calyrex|Unnerve\n|move|p1a: Miraidon|Draco Meteor|p2a: Calyrex\n|-damage|p2a: Calyrex|21\/100\n|-unboost|p1a: Miraidon|spa|2\n|\n|-weather|SunnyDay|[upkeep]\n|upkeep\n|turn|19\n|\n|t:|1699086693\n|switch|p2a: Zacian|Zacian-Crowned|100\/100\n|-ability|p2a: Zacian|Intrepid Sword|boost\n|-boost|p2a: Zacian|atk|1\n|move|p1a: Miraidon|Draco Meteor|p2a: Zacian\n|-immune|p2a: Zacian\n|\n|-weather|none\n|upkeep\n|turn|20\n|\n|t:|1699086698\n|move|p1a: Miraidon|Draco Meteor|p2a: Zacian\n|-immune|p2a: Zacian\n|move|p2a: Zacian|Trailblaze|p1a: Miraidon\n|-resisted|p1a: Miraidon\n|-damage|p1a: Miraidon|0 fnt\n|-boost|p2a: Zacian|spe|1\n|faint|p1a: Miraidon\n|\n|-fieldend|move: Electric Terrain\n|upkeep\n|\n|t:|1699086703\n|switch|p1a: Arceus|Arceus-Ground|88\/100\n|-damage|p1a: Arceus|76\/100|[from] Spikes\n|-damage|p1a: Arceus|69\/100|[from] Stealth Rock\n|turn|21\n|\n|t:|1699086706\n|move|p2a: Zacian|Play Rough|p1a: Arceus\n|-damage|p1a: Arceus|32\/100\n|move|p1a: Arceus|Recover|p1a: Arceus\n|-heal|p1a: Arceus|83\/100\n|\n|upkeep\n|turn|22\n|\n|t:|1699086714\n|move|p2a: Zacian|Swords Dance|p2a: Zacian\n|-boost|p2a: Zacian|atk|2\n|move|p1a: Arceus|Judgment|p2a: Zacian\n|-supereffective|p2a: Zacian\n|-damage|p2a: Zacian|17\/100\n|\n|upkeep\n|turn|23\n|\n|t:|1699086718\n|move|p2a: Zacian|Play Rough|p1a: Arceus\n|-damage|p1a: Arceus|23\/100\n|move|p1a: Arceus|Judgment|p2a: Zacian\n|-supereffective|p2a: Zacian\n|-damage|p2a: Zacian|0 fnt\n|faint|p2a: Zacian\n|\n|upkeep\n|\n|t:|1699086721\n|switch|p2a: Koraidon|Koraidon|68\/100\n|-weather|SunnyDay|[from] ability: Orichalcum Pulse|[of] p2a: Koraidon\n|-activate|p2a: Koraidon|Orichalcum Pulse|[source]\n|turn|24\n|\n|t:|1699086728\n|move|p2a: Koraidon|Flare Blitz|p1a: Arceus\n|-damage|p1a: Arceus|0 fnt\n|faint|p1a: Arceus\n|-damage|p2a: Koraidon|59\/100|[from] Recoil\n|\n|-weather|SunnyDay|[upkeep]\n|upkeep\n|\n|t:|1699086731\n|switch|p1a: Koraidon|Koraidon|72\/100\n|-damage|p1a: Koraidon|59\/100|[from] Spikes\n|-damage|p1a: Koraidon|53\/100|[from] Stealth Rock\n|-activate|p1a: Koraidon|ability: Orichalcum Pulse\n|turn|25\n|\n|t:|1699086735\n|switch|p2a: Landorus|Landorus-Therian, M|56\/100 tox\n|-ability|p2a: Landorus|Intimidate|boost\n|-unboost|p1a: Koraidon|atk|1\n|move|p1a: Koraidon|U-turn|p2a: Landorus\n|-resisted|p2a: Landorus\n|-damage|p2a: Landorus|47\/100 tox\n|-damage|p1a: Koraidon|37\/100|[from] item: Rocky Helmet|[of] p2a: Landorus\n|\n|t:|1699086737\n|switch|p1a: Clodsire|Clodsire, M, tera:Flying|100\/100|[from] U-turn\n|-damage|p1a: Clodsire|75\/100|[from] Stealth Rock\n|\n|-weather|SunnyDay|[upkeep]\n|-heal|p1a: Clodsire|82\/100|[from] item: Leftovers\n|-damage|p2a: Landorus|41\/100 tox|[from] psn\n|upkeep\n|turn|26\n|\n|t:|1699086747\n|move|p2a: Landorus|Taunt|p1a: Clodsire\n|-start|p1a: Clodsire|move: Taunt\n|move|p1a: Clodsire|Earthquake|p2a: Landorus\n|-immune|p2a: Landorus\n|\n|-weather|SunnyDay|[upkeep]\n|-heal|p1a: Clodsire|88\/100|[from] item: Leftovers\n|-damage|p2a: Landorus|29\/100 tox|[from] psn\n|upkeep\n|turn|27\n|\n|t:|1699086749\n|move|p2a: Landorus|U-turn|p1a: Clodsire\n|-resisted|p1a: Clodsire\n|-damage|p1a: Clodsire|76\/100\n|\n|t:|1699086752\n|switch|p2a: Koraidon|Koraidon|59\/100|[from] U-turn\n|-activate|p2a: Koraidon|ability: Orichalcum Pulse\n|move|p1a: Clodsire|Earthquake|p2a: Koraidon\n|-damage|p2a: Koraidon|35\/100\n|\n|-weather|SunnyDay|[upkeep]\n|-heal|p1a: Clodsire|82\/100|[from] item: Leftovers\n|upkeep\n|turn|28\n|\n|t:|1699086756\n|move|p2a: Koraidon|Outrage|p1a: Clodsire\n|-damage|p1a: Clodsire|0 fnt\n|faint|p1a: Clodsire\n|\n|-weather|none\n|upkeep\n|j| Arpitraj1\n|\n|t:|1699086759\n|switch|p1a: Koraidon|Koraidon|37\/100\n|-damage|p1a: Koraidon|25\/100|[from] Spikes\n|-damage|p1a: Koraidon|18\/100|[from] Stealth Rock\n|-weather|SunnyDay|[from] ability: Orichalcum Pulse|[of] p1a: Koraidon\n|-activate|p1a: Koraidon|Orichalcum Pulse|[source]\n|turn|29\n|\n|t:|1699086765\n|move|p1a: Koraidon|Dragon Claw|p2a: Koraidon\n|-supereffective|p2a: Koraidon\n|-damage|p2a: Koraidon|0 fnt\n|faint|p2a: Koraidon\n|\n|-weather|SunnyDay|[upkeep]\n|upkeep\n|\n|t:|1699086770\n|switch|p2a: Landorus|Landorus-Therian, M|29\/100 tox\n|-ability|p2a: Landorus|Intimidate|boost\n|-unboost|p1a: Koraidon|atk|1\n|turn|30\n|\n|t:|1699086773\n|switch|p2a: Calyrex|Calyrex-Shadow, tera:Fighting|21\/100\n|-ability|p2a: Calyrex|As One\n|-ability|p2a: Calyrex|Unnerve\n|move|p1a: Koraidon|Dragon Claw|p2a: Calyrex\n|-damage|p2a: Calyrex|0 fnt\n|faint|p2a: Calyrex\n|\n|-weather|SunnyDay|[upkeep]\n|upkeep\n|\n|t:|1699086775\n|switch|p2a: Landorus|Landorus-Therian, M|29\/100 tox\n|-ability|p2a: Landorus|Intimidate|boost\n|-unboost|p1a: Koraidon|atk|1\n|turn|31\n|\n|t:|1699086777\n|move|p1a: Koraidon|Dragon Claw|p2a: Landorus\n|-damage|p2a: Landorus|10\/100 tox\n|-damage|p1a: Koraidon|2\/100|[from] item: Rocky Helmet|[of] p2a: Landorus\n|move|p2a: Landorus|Earthquake|p1a: Koraidon\n|-damage|p1a: Koraidon|0 fnt\n|faint|p1a: Koraidon\n|\n|win|laprasplayer\n|raw|OFFTHEZERC's rating: 1786 &rarr; <strong>1768<\/strong><br \/>(-18 for losing)\n|raw|laprasplayer's rating: 1815 &rarr; <strong>1833<\/strong><br \/>(+18 for winning)\n|l|\u2606OFFTHEZERC\n|l| Arpitraj1\n","uploadtime":1699086840,"views":33,"p1id":"offthezerc","p2id":"laprasplayer","formatid":"gen9anythinggoes","rating":1768,"private":0,"password":""}