{"id":"gen9anythinggoes-1971663758","p1":"rolotism","p2":"mario brus","format":"[Gen 9] Anything Goes","log":"|j|\u2606rolotism\n|j|\u2606mario brus\n|t:|1697758649\n|gametype|singles\n|player|p1|rolotism|ingo|\n|player|p2|mario brus|clerkf|\n|teamsize|p1|6\n|teamsize|p2|6\n|gen|9\n|tier|[Gen 9] Anything Goes\n|rule|HP Percentage Mod: HP is shown in percentages\n|rule|Endless Battle Clause: Forcing endless battles is banned\n|clearpoke\n|poke|p1|Cinderace, M|\n|poke|p1|Slowking, M|\n|poke|p1|Donphan, F|\n|poke|p1|Decidueye-Hisui, F|\n|poke|p1|Scizor, F|\n|poke|p1|Dunsparce, M|\n|poke|p2|Skeledirge, M|\n|poke|p2|Chesnaught, M|\n|poke|p2|Dragalge, M|\n|poke|p2|Jirachi|\n|poke|p2|Weezing-Galar, M|\n|poke|p2|Tyranitar, F|\n|teampreview\n|j| Senpapiii\n|j| BubblesLOU\n|c|\u2606rolotism|SKELEDUUUUURFe\n|c|\u2606mario brus|2 sec jmets dla musique\n|c|\u2606rolotism|Hype\n|c| BubblesLOU|ca fait du bien de voir 12 moving 3d models, over des jpegs\n|c|\u2606rolotism|fr\n|\n|t:|1697758860\n|start\n|switch|p1a: Joyboy|Cinderace, M|100\/100\n|switch|p2a: Chestnutinyurmouth|Chesnaught, M, shiny|100\/100\n|turn|1\n|c|\u2606mario brus|2 sec je goodgle une question de mechanic lol\n|\n|t:|1697759015\n|-terastallize|p2a: Chestnutinyurmouth|Water\n|move|p2a: Chestnutinyurmouth|Spiky Shield|p2a: Chestnutinyurmouth\n|-singleturn|p2a: Chestnutinyurmouth|move: Protect\n|move|p1a: Joyboy|Will-O-Wisp|p2a: Chestnutinyurmouth\n|-activate|p2a: Chestnutinyurmouth|move: Protect\n|\n|upkeep\n|turn|2\n|\n|t:|1697759125\n|switch|p1a: Claws|Scizor, F|100\/100\n|move|p2a: Chestnutinyurmouth|Leech Seed|p1a: Claws\n|-start|p1a: Claws|move: Leech Seed\n|\n|-damage|p1a: Claws|88\/100|[from] Leech Seed|[of] p2a: Chestnutinyurmouth\n|upkeep\n|turn|3\n|\n|t:|1697759189\n|switch|p1a: Gaebora Kaepora|Decidueye-Hisui, F|100\/100\n|switch|p2a: Alex le crocro|Skeledirge, M|100\/100\n|\n|upkeep\n|turn|4\n|j| mouchepute\n|c|\u2606rolotism|ALEX FR??\n|\n|t:|1697759277\n|switch|p1a: Geyko|Dunsparce, M, shiny|100\/100\n|move|p2a: Alex le crocro|Will-O-Wisp|p1a: Geyko\n|-status|p1a: Geyko|brn\n|\n|-damage|p1a: Geyko|94\/100 brn|[from] brn\n|upkeep\n|turn|5\n|j| Qxtel\n|\n|t:|1697759330\n|switch|p2a: smol boy|Jirachi|100\/100\n|move|p1a: Geyko|Toxic|p2a: smol boy\n|-immune|p2a: smol boy\n|\n|-damage|p1a: Geyko|88\/100 brn|[from] brn\n|upkeep\n|turn|6\n|\n|t:|1697759403\n|switch|p1a: Wait...|Slowking, M|100\/100\n|move|p2a: smol boy|U-turn|p1a: Wait...\n|-supereffective|p1a: Wait...\n|-damage|p1a: Wait...|66\/100\n|-damage|p2a: smol boy|84\/100|[from] item: Rocky Helmet|[of] p1a: Wait...\n|\n|t:|1697759472\n|switch|p2a: BIG BOY|Tyranitar, F|100\/100|[from] U-turn\n|-weather|Sandstorm|[from] ability: Sand Stream|[of] p2a: BIG BOY\n|\n|-weather|Sandstorm|[upkeep]\n|-damage|p1a: Wait...|60\/100|[from] Sandstorm\n|upkeep\n|turn|7\n|\n|t:|1697759542\n|switch|p1a: Gaebora Kaepora|Decidueye-Hisui, F|100\/100\n|move|p2a: BIG BOY|Knock Off|p1a: Gaebora Kaepora\n|-resisted|p1a: Gaebora Kaepora\n|-damage|p1a: Gaebora Kaepora|78\/100\n|-enditem|p1a: Gaebora Kaepora|Leftovers|[from] move: Knock Off|[of] p2a: BIG BOY\n|\n|-weather|Sandstorm|[upkeep]\n|-damage|p1a: Gaebora Kaepora|72\/100|[from] Sandstorm\n|upkeep\n|turn|8\n|\n|t:|1697759638\n|switch|p2a: Noctilum|Dragalge, M, shiny|100\/100\n|move|p1a: Gaebora Kaepora|Triple Arrows|p2a: Noctilum\n|-resisted|p2a: Noctilum\n|-crit|p2a: Noctilum\n|-damage|p2a: Noctilum|59\/100\n|-unboost|p2a: Noctilum|def|1\n|\n|-weather|Sandstorm|[upkeep]\n|-damage|p1a: Gaebora Kaepora|65\/100|[from] Sandstorm\n|-damage|p2a: Noctilum|53\/100|[from] Sandstorm\n|upkeep\n|turn|9\n|\n|t:|1697759710\n|-terastallize|p1a: Gaebora Kaepora|Fighting\n|move|p1a: Gaebora Kaepora|Triple Arrows|p2a: Noctilum\n|-resisted|p2a: Noctilum\n|-damage|p2a: Noctilum|0 fnt\n|faint|p2a: Noctilum\n|\n|-weather|Sandstorm|[upkeep]\n|-damage|p1a: Gaebora Kaepora|59\/100|[from] Sandstorm\n|upkeep\n|\n|t:|1697759731\n|switch|p2a: Fires of industry|Weezing-Galar, M|100\/100\n|turn|10\n|\n|t:|1697759774\n|switch|p1a: Joyboy|Cinderace, M|100\/100\n|move|p2a: Fires of industry|Substitute|p2a: Fires of industry\n|-start|p2a: Fires of industry|Substitute\n|-damage|p2a: Fires of industry|76\/100\n|\n|-weather|none\n|-heal|p2a: Fires of industry|82\/100|[from] item: Black Sludge\n|upkeep\n|turn|11\n|\n|t:|1697759789\n|move|p1a: Joyboy|Pyro Ball|p2a: Fires of industry\n|-end|p2a: Fires of industry|Substitute\n|move|p2a: Fires of industry|Toxic|p1a: Joyboy\n|-status|p1a: Joyboy|tox\n|\n|-heal|p2a: Fires of industry|88\/100|[from] item: Black Sludge\n|-damage|p1a: Joyboy|94\/100 tox|[from] psn\n|upkeep\n|turn|12\n|\n|t:|1697759804\n|switch|p2a: Alex le crocro|Skeledirge, M|100\/100\n|move|p1a: Joyboy|Taunt|p2a: Alex le crocro\n|-start|p1a: Joyboy|typechange|Dark|[from] ability: Libero\n|-start|p2a: Alex le crocro|move: Taunt\n|\n|-damage|p1a: Joyboy|82\/100 tox|[from] psn\n|upkeep\n|turn|13\n|\n|t:|1697759836\n|switch|p1a: Geyko|Dunsparce, M, shiny|88\/100 brn\n|move|p2a: Alex le crocro|Hex|p1a: Geyko\n|-immune|p1a: Geyko\n|\n|-damage|p1a: Geyko|82\/100 brn|[from] brn\n|upkeep\n|turn|14\n|\n|t:|1697759882\n|move|p2a: Alex le crocro|Torch Song|p1a: Geyko\n|-damage|p1a: Geyko|62\/100 brn\n|-boost|p2a: Alex le crocro|spa|1\n|move|p1a: Geyko|Stealth Rock|p2a: Alex le crocro\n|-sidestart|p2: mario brus|move: Stealth Rock\n|\n|-damage|p1a: Geyko|56\/100 brn|[from] brn\n|-end|p2a: Alex le crocro|move: Taunt\n|upkeep\n|turn|15\n|\n|t:|1697759912\n|move|p2a: Alex le crocro|Torch Song|p1a: Geyko\n|-damage|p1a: Geyko|27\/100 brn\n|-boost|p2a: Alex le crocro|spa|1\n|move|p1a: Geyko|Roost|p1a: Geyko\n|-heal|p1a: Geyko|77\/100 brn\n|-singleturn|p1a: Geyko|move: Roost\n|\n|-damage|p1a: Geyko|71\/100 brn|[from] brn\n|upkeep\n|turn|16\n|\n|t:|1697759919\n|move|p2a: Alex le crocro|Torch Song|p1a: Geyko\n|-damage|p1a: Geyko|32\/100 brn\n|-boost|p2a: Alex le crocro|spa|1\n|move|p1a: Geyko|Toxic|p2a: Alex le crocro\n|-status|p2a: Alex le crocro|tox\n|\n|-damage|p2a: Alex le crocro|94\/100 tox|[from] psn\n|-damage|p1a: Geyko|26\/100 brn|[from] brn\n|upkeep\n|turn|17\n|\n|t:|1697759935\n|switch|p1a: Wait...|Slowking, M|93\/100\n|move|p2a: Alex le crocro|Torch Song|p1a: Wait...\n|-resisted|p1a: Wait...\n|-damage|p1a: Wait...|55\/100\n|-boost|p2a: Alex le crocro|spa|1\n|\n|-damage|p2a: Alex le crocro|82\/100 tox|[from] psn\n|upkeep\n|turn|18\n|\n|t:|1697759955\n|move|p2a: Alex le crocro|Hex|p1a: Wait...\n|-supereffective|p1a: Wait...\n|-damage|p1a: Wait...|0 fnt\n|faint|p1a: Wait...\n|\n|-damage|p2a: Alex le crocro|64\/100 tox|[from] psn\n|upkeep\n|\n|t:|1697760051\n|switch|p1a: Robert|Donphan, F|100\/100\n|turn|19\n|\n|t:|1697760064\n|switch|p2a: Fires of industry|Weezing-Galar, M|88\/100\n|-damage|p2a: Fires of industry|75\/100|[from] Stealth Rock\n|move|p1a: Robert|Knock Off|p2a: Fires of industry\n|-resisted|p2a: Fires of industry\n|-damage|p2a: Fires of industry|63\/100\n|-enditem|p2a: Fires of industry|Black Sludge|[from] move: Knock Off|[of] p1a: Robert\n|\n|upkeep\n|turn|20\n|\n|t:|1697760106\n|switch|p1a: Geyko|Dunsparce, M, shiny|26\/100 brn\n|move|p2a: Fires of industry|Flamethrower|p1a: Geyko\n|-damage|p1a: Geyko|15\/100 brn\n|\n|-damage|p1a: Geyko|9\/100 brn|[from] brn\n|upkeep\n|turn|21\n|\n|t:|1697760133\n|move|p2a: Fires of industry|Flamethrower|p1a: Geyko\n|-damage|p1a: Geyko|0 fnt\n|faint|p1a: Geyko\n|\n|upkeep\n|\n|t:|1697760151\n|switch|p1a: Claws|Scizor, F|88\/100\n|turn|22\n|\n|t:|1697760203\n|switch|p2a: Chestnutinyurmouth|Chesnaught, M, shiny, tera:Water|100\/100\n|-damage|p2a: Chestnutinyurmouth|88\/100|[from] Stealth Rock\n|move|p1a: Claws|U-turn|p2a: Chestnutinyurmouth\n|-damage|p2a: Chestnutinyurmouth|69\/100\n|-damage|p1a: Claws|71\/100|[from] item: Rocky Helmet|[of] p2a: Chestnutinyurmouth\n|\n|t:|1697760242\n|switch|p1a: Gaebora Kaepora|Decidueye-Hisui, F, tera:Fighting|59\/100|[from] U-turn\n|\n|upkeep\n|turn|23\n|\n|t:|1697760267\n|move|p2a: Chestnutinyurmouth|Spiky Shield|p2a: Chestnutinyurmouth\n|-singleturn|p2a: Chestnutinyurmouth|move: Protect\n|move|p1a: Gaebora Kaepora|Bulk Up|p1a: Gaebora Kaepora\n|-boost|p1a: Gaebora Kaepora|atk|1\n|-boost|p1a: Gaebora Kaepora|def|1\n|\n|upkeep\n|turn|24\n|\n|t:|1697760341\n|move|p2a: Chestnutinyurmouth|Leech Seed|p1a: Gaebora Kaepora\n|-start|p1a: Gaebora Kaepora|move: Leech Seed\n|move|p1a: Gaebora Kaepora|Roost|p1a: Gaebora Kaepora\n|-heal|p1a: Gaebora Kaepora|100\/100\n|\n|-damage|p1a: Gaebora Kaepora|88\/100|[from] Leech Seed|[of] p2a: Chestnutinyurmouth\n|-heal|p2a: Chestnutinyurmouth|82\/100|[silent]\n|upkeep\n|turn|25\n|\n|t:|1697760380\n|move|p2a: Chestnutinyurmouth|Tera Blast|p1a: Gaebora Kaepora|[anim] Tera Blast Water\n|-damage|p1a: Gaebora Kaepora|67\/100\n|move|p1a: Gaebora Kaepora|Triple Arrows|p2a: Chestnutinyurmouth\n|-damage|p2a: Chestnutinyurmouth|32\/100\n|\n|-damage|p1a: Gaebora Kaepora|55\/100|[from] Leech Seed|[of] p2a: Chestnutinyurmouth\n|-heal|p2a: Chestnutinyurmouth|44\/100|[silent]\n|upkeep\n|turn|26\n|\n|t:|1697760442\n|switch|p2a: Fires of industry|Weezing-Galar, M|63\/100\n|-damage|p2a: Fires of industry|51\/100|[from] Stealth Rock\n|move|p1a: Gaebora Kaepora|Roost|p1a: Gaebora Kaepora\n|-heal|p1a: Gaebora Kaepora|100\/100\n|\n|-damage|p1a: Gaebora Kaepora|88\/100|[from] Leech Seed|[of] p2a: Fires of industry\n|-heal|p2a: Fires of industry|65\/100|[silent]\n|upkeep\n|turn|27\n|\n|t:|1697760512\n|switch|p1a: Joyboy|Cinderace, M|82\/100 tox\n|move|p2a: Fires of industry|Strange Steam|p1a: Joyboy\n|-resisted|p1a: Joyboy\n|-damage|p1a: Joyboy|66\/100 tox\n|\n|-damage|p1a: Joyboy|60\/100 tox|[from] psn\n|upkeep\n|turn|28\n|\n|t:|1697760536\n|switch|p2a: Alex le crocro|Skeledirge, M|64\/100 tox\n|move|p1a: Joyboy|Iron Head|p2a: Alex le crocro\n|-start|p1a: Joyboy|typechange|Steel|[from] ability: Libero\n|-resisted|p2a: Alex le crocro\n|-damage|p2a: Alex le crocro|46\/100 tox\n|\n|-damage|p1a: Joyboy|47\/100 tox|[from] psn\n|-damage|p2a: Alex le crocro|40\/100 tox|[from] psn\n|upkeep\n|turn|29\n|\n|t:|1697760597\n|move|p1a: Joyboy|Iron Head|p2a: Alex le crocro\n|-resisted|p2a: Alex le crocro\n|-damage|p2a: Alex le crocro|23\/100 tox\n|move|p2a: Alex le crocro|Torch Song|p1a: Joyboy\n|-supereffective|p1a: Joyboy\n|-damage|p1a: Joyboy|0 fnt\n|-boost|p2a: Alex le crocro|spa|1\n|faint|p1a: Joyboy\n|\n|-damage|p2a: Alex le crocro|11\/100 tox|[from] psn\n|upkeep\n|\n|t:|1697760628\n|switch|p1a: Claws|Scizor, F|71\/100\n|turn|30\n|\n|t:|1697760652\n|move|p2a: Alex le crocro|Slack Off|p2a: Alex le crocro\n|-heal|p2a: Alex le crocro|61\/100 tox\n|move|p1a: Claws|U-turn|p2a: Alex le crocro\n|-resisted|p2a: Alex le crocro\n|-damage|p2a: Alex le crocro|55\/100 tox\n|\n|t:|1697760672\n|switch|p1a: Robert|Donphan, F|100\/100|[from] U-turn\n|\n|-damage|p2a: Alex le crocro|37\/100 tox|[from] psn\n|upkeep\n|turn|31\n|\n|t:|1697760693\n|switch|p2a: Fires of industry|Weezing-Galar, M|65\/100\n|-damage|p2a: Fires of industry|53\/100|[from] Stealth Rock\n|move|p1a: Robert|Earthquake|p2a: Fires of industry\n|-immune|p2a: Fires of industry|[from] ability: Levitate\n|\n|upkeep\n|turn|32\n|\n|t:|1697760708\n|switch|p1a: Gaebora Kaepora|Decidueye-Hisui, F, tera:Fighting|88\/100\n|move|p2a: Fires of industry|Flamethrower|p1a: Gaebora Kaepora\n|-damage|p1a: Gaebora Kaepora|72\/100\n|\n|upkeep\n|turn|33\n|\n|t:|1697760781\n|move|p2a: Fires of industry|Strange Steam|p1a: Gaebora Kaepora\n|-supereffective|p1a: Gaebora Kaepora\n|-damage|p1a: Gaebora Kaepora|23\/100\n|-start|p1a: Gaebora Kaepora|confusion\n|-activate|p1a: Gaebora Kaepora|confusion\n|move|p1a: Gaebora Kaepora|Triple Arrows|p2a: Fires of industry\n|-resisted|p2a: Fires of industry\n|-damage|p2a: Fires of industry|43\/100\n|\n|upkeep\n|turn|34\n|\n|t:|1697760806\n|switch|p1a: Robert|Donphan, F|100\/100\n|move|p2a: Fires of industry|Substitute|p2a: Fires of industry\n|-start|p2a: Fires of industry|Substitute\n|-damage|p2a: Fires of industry|18\/100\n|\n|upkeep\n|turn|35\n|\n|t:|1697760813\n|move|p2a: Fires of industry|Toxic|p1a: Robert\n|-status|p1a: Robert|tox\n|move|p1a: Robert|Knock Off|p2a: Fires of industry\n|-resisted|p2a: Fires of industry\n|-activate|p2a: Fires of industry|move: Substitute|[damage]\n|\n|-damage|p1a: Robert|94\/100 tox|[from] psn\n|upkeep\n|turn|36\n|\n|t:|1697760822\n|move|p2a: Fires of industry|Strange Steam|p1a: Robert\n|-damage|p1a: Robert|58\/100 tox\n|-start|p1a: Robert|confusion\n|-activate|p1a: Robert|confusion\n|-damage|p1a: Robert|48\/100 tox|[from] confusion\n|\n|-heal|p1a: Robert|54\/100 tox|[from] item: Leftovers\n|-damage|p1a: Robert|41\/100 tox|[from] psn\n|upkeep\n|turn|37\n|c|\u2606mario brus|nooon\n|\n|t:|1697760833\n|move|p2a: Fires of industry|Strange Steam|p1a: Robert\n|-damage|p1a: Robert|2\/100 tox\n|-activate|p1a: Robert|confusion\n|move|p1a: Robert|Knock Off|p2a: Fires of industry\n|-resisted|p2a: Fires of industry\n|-activate|p2a: Fires of industry|move: Substitute|[damage]\n|\n|-heal|p1a: Robert|8\/100 tox|[from] item: Leftovers\n|-damage|p1a: Robert|0 fnt|[from] psn\n|faint|p1a: Robert\n|upkeep\n|c|\u2606rolotism|!\n|\n|t:|1697760845\n|switch|p1a: Gaebora Kaepora|Decidueye-Hisui, F, tera:Fighting|23\/100\n|turn|38\n|\n|t:|1697760850\n|move|p2a: Fires of industry|Strange Steam|p1a: Gaebora Kaepora|[miss]\n|-miss|p2a: Fires of industry|p1a: Gaebora Kaepora\n|move|p1a: Gaebora Kaepora|Dual Wingbeat|p2a: Fires of industry\n|-activate|p2a: Fires of industry|move: Substitute|[damage]\n|-end|p2a: Fires of industry|Substitute\n|-hitcount|p2a: Fires of industry|2\n|\n|upkeep\n|turn|39\n|\n|t:|1697760862\n|move|p2a: Fires of industry|Strange Steam|p1a: Gaebora Kaepora\n|-supereffective|p1a: Gaebora Kaepora\n|-damage|p1a: Gaebora Kaepora|0 fnt\n|faint|p1a: Gaebora Kaepora\n|\n|upkeep\n|\n|t:|1697760864\n|switch|p1a: Claws|Scizor, F|71\/100\n|turn|40\n|\n|t:|1697760868\n|move|p1a: Claws|Bullet Punch|p2a: Fires of industry\n|-supereffective|p2a: Fires of industry\n|-damage|p2a: Fires of industry|0 fnt\n|faint|p2a: Fires of industry\n|\n|upkeep\n|\n|t:|1697760910\n|switch|p2a: smol boy|Jirachi|84\/100\n|-damage|p2a: smol boy|78\/100|[from] Stealth Rock\n|turn|41\n|\n|t:|1697760914\n|move|p2a: smol boy|Thunder Wave|p1a: Claws\n|-status|p1a: Claws|par\n|move|p1a: Claws|Knock Off|p2a: smol boy\n|-supereffective|p2a: smol boy\n|-damage|p2a: smol boy|34\/100\n|-enditem|p2a: smol boy|Occa Berry|[from] move: Knock Off|[of] p1a: Claws\n|\n|upkeep\n|turn|42\n|\n|t:|1697760921\n|move|p2a: smol boy|Iron Head|p1a: Claws\n|-resisted|p1a: Claws\n|-damage|p1a: Claws|62\/100 par\n|cant|p1a: Claws|flinch\n|\n|upkeep\n|turn|43\n|\n|t:|1697760935\n|move|p2a: smol boy|Wish|p2a: smol boy\n|move|p1a: Claws|U-turn|p2a: smol boy\n|-damage|p2a: smol boy|7\/100\n|\n|upkeep\n|turn|44\n|\n|t:|1697760952\n|move|p2a: smol boy|Iron Head|p1a: Claws\n|-resisted|p1a: Claws\n|-damage|p1a: Claws|50\/100 par\n|cant|p1a: Claws|flinch\n|\n|-heal|p2a: smol boy|57\/100|[from] move: Wish|[wisher] smol boy\n|upkeep\n|turn|45\n|c|\u2606rolotism|:\u00e9\n|\n|t:|1697760960\n|move|p2a: smol boy|Iron Head|p1a: Claws\n|-resisted|p1a: Claws\n|-crit|p1a: Claws\n|-damage|p1a: Claws|34\/100 par\n|cant|p1a: Claws|par\n|\n|upkeep\n|turn|46\n|\n|t:|1697760966\n|move|p2a: smol boy|Iron Head|p1a: Claws\n|-resisted|p1a: Claws\n|-damage|p1a: Claws|23\/100 par\n|-enditem|p1a: Claws|Figy Berry|[eat]\n|-heal|p1a: Claws|56\/100 par|[from] item: Figy Berry\n|cant|p1a: Claws|flinch\n|\n|upkeep\n|turn|47\n|\n|t:|1697760973\n|move|p2a: smol boy|Iron Head|p1a: Claws\n|-resisted|p1a: Claws\n|-damage|p1a: Claws|46\/100 par\n|move|p1a: Claws|Knock Off|p2a: smol boy\n|-supereffective|p2a: smol boy\n|-damage|p2a: smol boy|23\/100\n|\n|upkeep\n|turn|48\n|\n|t:|1697760981\n|move|p2a: smol boy|Iron Head|p1a: Claws\n|-resisted|p1a: Claws\n|-damage|p1a: Claws|35\/100 par\n|move|p1a: Claws|Knock Off|p2a: smol boy\n|-supereffective|p2a: smol boy\n|-damage|p2a: smol boy|0 fnt\n|faint|p2a: smol boy\n|\n|upkeep\n|\n|t:|1697761012\n|switch|p2a: Chestnutinyurmouth|Chesnaught, M, shiny, tera:Water|44\/100\n|-damage|p2a: Chestnutinyurmouth|32\/100|[from] Stealth Rock\n|turn|49\n|\n|t:|1697761018\n|move|p2a: Chestnutinyurmouth|Spiky Shield|p2a: Chestnutinyurmouth\n|-singleturn|p2a: Chestnutinyurmouth|move: Protect\n|move|p1a: Claws|Bullet Punch|p2a: Chestnutinyurmouth\n|-activate|p2a: Chestnutinyurmouth|move: Protect\n|-damage|p1a: Claws|22\/100 par|[from] Spiky Shield|[of] p2a: Chestnutinyurmouth\n|\n|upkeep\n|turn|50\n|\n|t:|1697761032\n|move|p1a: Claws|Bullet Punch|p2a: Chestnutinyurmouth\n|-resisted|p2a: Chestnutinyurmouth\n|-damage|p2a: Chestnutinyurmouth|24\/100\n|-damage|p1a: Claws|5\/100 par|[from] item: Rocky Helmet|[of] p2a: Chestnutinyurmouth\n|move|p2a: Chestnutinyurmouth|Drain Punch|p1a: Claws\n|-damage|p1a: Claws|0 fnt\n|-heal|p2a: Chestnutinyurmouth|27\/100|[from] drain|[of] p1a: Claws\n|faint|p1a: Claws\n|\n|win|mario brus\n|c|\u2606mario brus|gg\n|c|\u2606rolotism|ggs\n|c| BubblesLOU|gg\n|l|\u2606rolotism\n","uploadtime":1697761442,"views":7,"p1id":"rolotism","p2id":"mariobrus","formatid":"gen9anythinggoes","rating":0,"private":0,"password":""}