{"id":"gen9anythinggoes-1989540415","p1":"Semelhakdlux","p2":"kuruyamiKING","format":"[Gen 9] Anything Goes","log":"|j|\u2606Semelhakdlux\n|j|\u2606kuruyamiKING\n|t:|1699868176\n|gametype|singles\n|player|p1|Semelhakdlux|steven|1345\n|player|p2|kuruyamiKING|backersf|1188\n|teamsize|p1|6\n|teamsize|p2|6\n|gen|9\n|tier|[Gen 9] Anything Goes\n|rated|\n|rule|HP Percentage Mod: HP is shown in percentages\n|rule|Endless Battle Clause: Forcing endless battles is banned\n|clearpoke\n|poke|p1|Maushold-Four|\n|poke|p1|Kyogre|\n|poke|p1|Zacian-*|\n|poke|p1|Groudon|\n|poke|p1|Calyrex-Shadow|\n|poke|p1|Kricketune, M|\n|poke|p2|Clefable, M|\n|poke|p2|Espathra, F|\n|poke|p2|Diancie|\n|poke|p2|Gliscor, F|\n|poke|p2|Drifblim, M|\n|poke|p2|Morpeko, F|\n|teampreview\n|inactive|Battle timer is ON: inactive players will automatically lose when time's up. (requested by Semelhakdlux)\n|inactive|kuruyamiKING also wants the timer to be on.\n|\n|t:|1699868184\n|start\n|switch|p1a: sweeper (mb)|Kricketune, M|100\/100\n|switch|p2a: Drifblim|Drifblim, M|100\/100\n|turn|1\n|c|\u2606Semelhakdlux|nah\n|\n|t:|1699868193\n|move|p2a: Drifblim|Substitute|p2a: Drifblim\n|-start|p2a: Drifblim|Substitute\n|-damage|p2a: Drifblim|75\/100\n|move|p1a: sweeper (mb)|Trailblaze|p2a: Drifblim\n|-resisted|p2a: Drifblim\n|-activate|p2a: Drifblim|move: Substitute|[damage]\n|-boost|p1a: sweeper (mb)|spe|1\n|\n|-heal|p2a: Drifblim|82\/100|[from] item: Leftovers\n|upkeep\n|turn|2\n|\n|t:|1699868204\n|move|p1a: sweeper (mb)|Trailblaze|p2a: Drifblim\n|-resisted|p2a: Drifblim\n|-end|p2a: Drifblim|Substitute\n|-boost|p1a: sweeper (mb)|spe|1\n|move|p2a: Drifblim|Minimize|p2a: Drifblim\n|-boost|p2a: Drifblim|evasion|2\n|\n|-heal|p2a: Drifblim|88\/100|[from] item: Leftovers\n|upkeep\n|turn|3\n|c|\u2606Semelhakdlux|that's gay\n|\n|t:|1699868215\n|move|p1a: sweeper (mb)|Swords Dance|p1a: sweeper (mb)\n|-boost|p1a: sweeper (mb)|atk|2\n|move|p2a: Drifblim|Minimize|p2a: Drifblim\n|-boost|p2a: Drifblim|evasion|2\n|\n|-heal|p2a: Drifblim|94\/100|[from] item: Leftovers\n|upkeep\n|turn|4\n|\n|t:|1699868224\n|move|p1a: sweeper (mb)|Sticky Web|p2a: Drifblim\n|-sidestart|p2: kuruyamiKING|move: Sticky Web\n|move|p2a: Drifblim|Clear Smog|p1a: sweeper (mb)\n|-damage|p1a: sweeper (mb)|79\/100\n|-clearboost|p1a: sweeper (mb)\n|\n|-heal|p2a: Drifblim|99\/100|[from] item: Leftovers\n|upkeep\n|turn|5\n|\n|t:|1699868233\n|move|p2a: Drifblim|Minimize|p2a: Drifblim\n|-boost|p2a: Drifblim|evasion|2\n|move|p1a: sweeper (mb)|Trailblaze|p2a: Drifblim|[miss]\n|-miss|p1a: sweeper (mb)|p2a: Drifblim\n|\n|-heal|p2a: Drifblim|100\/100|[from] item: Leftovers\n|upkeep\n|turn|6\n|c|\u2606Semelhakdlux|WTF DUDE UR SO GAY\n|\n|t:|1699868243\n|move|p2a: Drifblim|Substitute|p2a: Drifblim\n|-start|p2a: Drifblim|Substitute\n|-damage|p2a: Drifblim|75\/100\n|move|p1a: sweeper (mb)|Swords Dance|p1a: sweeper (mb)\n|-boost|p1a: sweeper (mb)|atk|2\n|\n|-heal|p2a: Drifblim|82\/100|[from] item: Leftovers\n|upkeep\n|turn|7\n|\n|t:|1699868252\n|move|p2a: Drifblim|Clear Smog|p1a: sweeper (mb)\n|-damage|p1a: sweeper (mb)|58\/100\n|-clearboost|p1a: sweeper (mb)\n|move|p1a: sweeper (mb)|Baton Pass|p1a: sweeper (mb)\n|c|\u2606kuruyamiKING|Hahahahah\n|\n|t:|1699868274\n|switch|p1a: Hatebig@ssgodzilla|Kyogre|100\/100|[from] Baton Pass\n|-weather|RainDance|[from] ability: Drizzle|[of] p1a: Hatebig@ssgodzilla\n|\n|-weather|RainDance|[upkeep]\n|-heal|p2a: Drifblim|88\/100|[from] item: Leftovers\n|upkeep\n|turn|8\n|c|\u2606Semelhakdlux|you are so gay\n|\n|t:|1699868286\n|move|p1a: Hatebig@ssgodzilla|Water Spout|p2a: Drifblim|[miss]\n|-miss|p1a: Hatebig@ssgodzilla|p2a: Drifblim\n|move|p2a: Drifblim|Baton Pass|p2a: Drifblim\n|\n|t:|1699868292\n|switch|p2a: Cute picka|Morpeko, F|100\/100|[from] Baton Pass\n|\n|-weather|RainDance|[upkeep]\n|-formechange|p2a: Cute picka|Morpeko-Hangry||[from] ability: Hunger Switch\n|upkeep\n|turn|9\n|c|\u2606Semelhakdlux|ur the most gay person on this planet\n|\n|t:|1699868302\n|move|p1a: Hatebig@ssgodzilla|Water Spout|p2a: Cute picka|[miss]\n|-miss|p1a: Hatebig@ssgodzilla|p2a: Cute picka\n|move|p2a: Cute picka|Rapid Spin|p1a: Hatebig@ssgodzilla\n|-damage|p1a: Hatebig@ssgodzilla|83\/100\n|-boost|p2a: Cute picka|spe|1\n|-sideend|p2: kuruyamiKING|Sticky Web|[from] move: Rapid Spin|[of] p2a: Cute picka\n|\n|-weather|RainDance|[upkeep]\n|-formechange|p2a: Cute picka|Morpeko||[from] ability: Hunger Switch\n|upkeep\n|turn|10\n|\n|t:|1699868314\n|move|p1a: Hatebig@ssgodzilla|Water Spout|p2a: Cute picka|[miss]\n|-miss|p1a: Hatebig@ssgodzilla|p2a: Cute picka\n|move|p2a: Cute picka|Baton Pass|p2a: Cute picka\n|\n|t:|1699868321\n|switch|p2a: Clefable|Clefable, M|100\/100|[from] Baton Pass\n|\n|-weather|RainDance|[upkeep]\n|upkeep\n|turn|11\n|\n|t:|1699868333\n|move|p1a: Hatebig@ssgodzilla|Water Spout|p2a: Clefable|[miss]\n|-miss|p1a: Hatebig@ssgodzilla|p2a: Clefable\n|move|p2a: Clefable|Cosmic Power|p2a: Clefable\n|-boost|p2a: Clefable|def|1\n|-boost|p2a: Clefable|spd|1\n|\n|-weather|none\n|upkeep\n|turn|12\n|\n|t:|1699868343\n|move|p1a: Hatebig@ssgodzilla|Water Spout|p2a: Clefable|[miss]\n|-miss|p1a: Hatebig@ssgodzilla|p2a: Clefable\n|move|p2a: Clefable|Cosmic Power|p2a: Clefable\n|-boost|p2a: Clefable|def|1\n|-boost|p2a: Clefable|spd|1\n|\n|upkeep\n|turn|13\n|-message|Semelhakdlux forfeited.\n|\n|win|kuruyamiKING\n|raw|Semelhakdlux's rating: 1345 &rarr; <strong>1317<\/strong><br \/>(-28 for losing)\n|raw|kuruyamiKING's rating: 1188 &rarr; <strong>1224<\/strong><br \/>(+36 for winning)\n|l|\u2606Semelhakdlux\n","uploadtime":1699868239,"views":4,"p1id":"semelhakdlux","p2id":"kuruyamiking","formatid":"gen9anythinggoes","rating":1224,"private":0,"password":""}