{"id":"gen9anythinggoes-1978316421","p1":"Pocholo_LC","p2":"jopro101012","format":"[Gen 9] Anything Goes","log":"|j|\u2606Pocholo_LC\n|j|\u2606jopro101012\n|t:|1698524321\n|gametype|singles\n|player|p1|Pocholo_LC|102|1082\n|player|p2|jopro101012|schoolkid-gen4dp|1000\n|teamsize|p1|6\n|teamsize|p2|6\n|gen|9\n|tier|[Gen 9] Anything Goes\n|rated|\n|rule|HP Percentage Mod: HP is shown in percentages\n|rule|Endless Battle Clause: Forcing endless battles is banned\n|clearpoke\n|poke|p1|Gardevoir, F|\n|poke|p1|Blissey, F|\n|poke|p1|Dragapult, F|\n|poke|p1|Tyranitar, M|\n|poke|p1|Kyogre|\n|poke|p1|Arcanine-Hisui, F|\n|poke|p2|Skeledirge, M|\n|poke|p2|Meowscarada, F|\n|poke|p2|Quaquaval, F|\n|poke|p2|Charizard, M|\n|poke|p2|Empoleon, M|\n|poke|p2|Torterra, M|\n|teampreview\n|\n|t:|1698524331\n|start\n|switch|p1a: salm\u00f3n|Kyogre|100\/100\n|switch|p2a: walidirge|Skeledirge, M, shiny|100\/100\n|-weather|RainDance|[from] ability: Drizzle|[of] p1a: salm\u00f3n\n|turn|1\n|\n|t:|1698524339\n|switch|p2a: quax|Quaquaval, F|100\/100\n|move|p1a: salm\u00f3n|Calm Mind|p1a: salm\u00f3n\n|-boost|p1a: salm\u00f3n|spa|1\n|-boost|p1a: salm\u00f3n|spd|1\n|\n|-weather|RainDance|[upkeep]\n|upkeep\n|turn|2\n|\n|t:|1698524364\n|move|p2a: quax|Aqua Step|p1a: salm\u00f3n\n|-resisted|p1a: salm\u00f3n\n|-damage|p1a: salm\u00f3n|79\/100\n|-boost|p2a: quax|spe|1\n|move|p1a: salm\u00f3n|Thunder|p2a: quax\n|-supereffective|p2a: quax\n|-damage|p2a: quax|0 fnt\n|faint|p2a: quax\n|\n|-weather|RainDance|[upkeep]\n|upkeep\n|\n|t:|1698524378\n|switch|p2a: spriggy|Meowscarada, F, shiny|100\/100\n|turn|3\n|\n|t:|1698524390\n|switch|p1a: F-17|Dragapult, F|100\/100\n|move|p2a: spriggy|Flower Trick|p1a: F-17\n|-resisted|p1a: F-17\n|-crit|p1a: F-17\n|-damage|p1a: F-17|79\/100\n|\n|-weather|RainDance|[upkeep]\n|upkeep\n|turn|4\n|\n|t:|1698524414\n|switch|p1a: minero asturiano|Tyranitar, M|100\/100\n|-weather|Sandstorm|[from] ability: Sand Stream|[of] p1a: minero asturiano\n|switch|p2a: walidirge|Skeledirge, M, shiny|100\/100\n|\n|-weather|Sandstorm|[upkeep]\n|-damage|p2a: walidirge|94\/100|[from] Sandstorm\n|upkeep\n|turn|5\n|\n|t:|1698524427\n|move|p2a: walidirge|Crunch|p1a: minero asturiano\n|-resisted|p1a: minero asturiano\n|-damage|p1a: minero asturiano|93\/100\n|move|p1a: minero asturiano|Stone Edge|p2a: walidirge\n|-supereffective|p2a: walidirge\n|-damage|p2a: walidirge|4\/100\n|\n|-weather|Sandstorm|[upkeep]\n|-damage|p2a: walidirge|0 fnt|[from] Sandstorm\n|faint|p2a: walidirge\n|upkeep\n|\n|t:|1698524447\n|switch|p2a: empolygon|Empoleon, M, shiny|100\/100\n|turn|6\n|\n|t:|1698524461\n|switch|p1a: salm\u00f3n|Kyogre|79\/100\n|-weather|RainDance|[from] ability: Drizzle|[of] p1a: salm\u00f3n\n|move|p2a: empolygon|Hydro Pump|p1a: salm\u00f3n|[miss]\n|-miss|p2a: empolygon|p1a: salm\u00f3n\n|\n|-weather|RainDance|[upkeep]\n|upkeep\n|turn|7\n|\n|t:|1698524474\n|switch|p2a: william|Charizard, M, shiny|100\/100\n|move|p1a: salm\u00f3n|Thunder|p2a: william\n|-supereffective|p2a: william\n|-damage|p2a: william|11\/100\n|\n|-weather|RainDance|[upkeep]\n|upkeep\n|turn|8\n|\n|t:|1698524493\n|switch|p2a: spriggy|Meowscarada, F, shiny|100\/100\n|move|p1a: salm\u00f3n|Water Spout|p2a: spriggy\n|-resisted|p2a: spriggy\n|-damage|p2a: spriggy|44\/100\n|\n|-weather|RainDance|[upkeep]\n|upkeep\n|turn|9\n|\n|t:|1698524504\n|move|p2a: spriggy|Flower Trick|p1a: salm\u00f3n\n|-supereffective|p1a: salm\u00f3n\n|-crit|p1a: salm\u00f3n\n|-damage|p1a: salm\u00f3n|0 fnt\n|faint|p1a: salm\u00f3n\n|\n|-weather|RainDance|[upkeep]\n|upkeep\n|\n|t:|1698524518\n|switch|p1a: Arcanine|Arcanine-Hisui, F|100\/100\n|turn|10\n|\n|t:|1698524525\n|switch|p2a: empolygon|Empoleon, M, shiny|100\/100\n|move|p1a: Arcanine|Flare Blitz|p2a: empolygon\n|-damage|p2a: empolygon|70\/100\n|\n|-weather|none\n|upkeep\n|turn|11\n|\n|t:|1698524540\n|move|p1a: Arcanine|Wild Charge|p2a: empolygon\n|-supereffective|p2a: empolygon\n|-damage|p2a: empolygon|12\/100\n|move|p2a: empolygon|Hydro Cannon|p1a: Arcanine\n|-supereffective|p1a: Arcanine\n|-damage|p1a: Arcanine|0 fnt\n|-mustrecharge|p2a: empolygon\n|faint|p1a: Arcanine\n|\n|upkeep\n|\n|t:|1698524558\n|switch|p1a: reina Leticia|Gardevoir, F|100\/100\n|-ability|p1a: reina Leticia|Torrent|[from] ability: Trace|[of] p2a: empolygon\n|turn|12\n|\n|t:|1698524568\n|cant|p2a: empolygon|recharge\n|move|p1a: reina Leticia|Focus Blast|p2a: empolygon|[miss]\n|-miss|p1a: reina Leticia|p2a: empolygon\n|\n|upkeep\n|turn|13\n|\n|t:|1698524580\n|move|p2a: empolygon|Aqua Jet|p1a: reina Leticia\n|-damage|p1a: reina Leticia|75\/100\n|move|p1a: reina Leticia|Focus Blast|p2a: empolygon|[miss]\n|-miss|p1a: reina Leticia|p2a: empolygon\n|\n|upkeep\n|turn|14\n|\n|t:|1698524591\n|move|p2a: empolygon|Hydro Cannon|p1a: reina Leticia\n|-damage|p1a: reina Leticia|0 fnt\n|-mustrecharge|p2a: empolygon\n|faint|p1a: reina Leticia\n|\n|upkeep\n|\n|t:|1698524600\n|switch|p1a: F-17|Dragapult, F|79\/100\n|turn|15\n|\n|t:|1698524606\n|move|p1a: F-17|Dragon Darts|p2a: empolygon\n|-resisted|p2a: empolygon\n|-damage|p2a: empolygon|1\/100\n|-anim|p1a: F-17|Dragon Darts|p2a: empolygon\n|-resisted|p2a: empolygon\n|-damage|p2a: empolygon|0 fnt\n|faint|p2a: empolygon\n|\n|upkeep\n|inactive|Battle timer is ON: inactive players will automatically lose when time's up. (requested by Pocholo_LC)\n|\n|t:|1698524630\n|switch|p2a: spriggy|Meowscarada, F, shiny|44\/100\n|turn|16\n|\n|t:|1698524652\n|move|p1a: F-17|Dragon Darts|p2a: spriggy\n|-damage|p2a: spriggy|22\/100\n|-anim|p1a: F-17|Dragon Darts|p2a: spriggy\n|-damage|p2a: spriggy|3\/100\n|move|p2a: spriggy|Swift|p1a: F-17\n|-immune|p1a: F-17\n|\n|upkeep\n|turn|17\n|\n|t:|1698524666\n|move|p1a: F-17|Dragon Darts|p2a: spriggy\n|-damage|p2a: spriggy|0 fnt\n|faint|p2a: spriggy\n|\n|upkeep\n|\n|t:|1698524673\n|switch|p2a: tortitan|Torterra, M, shiny|100\/100\n|turn|18\n|\n|t:|1698524698\n|-terastallize|p2a: tortitan|Grass\n|move|p1a: F-17|Dragon Darts|p2a: tortitan\n|-damage|p2a: tortitan|84\/100\n|-anim|p1a: F-17|Dragon Darts|p2a: tortitan\n|-damage|p2a: tortitan|67\/100\n|move|p2a: tortitan|Frenzy Plant|p1a: F-17\n|-resisted|p1a: F-17\n|-damage|p1a: F-17|47\/100\n|-mustrecharge|p2a: tortitan\n|\n|upkeep\n|turn|19\n|\n|t:|1698524710\n|move|p1a: F-17|Dragon Dance|p1a: F-17\n|-boost|p1a: F-17|atk|1\n|-boost|p1a: F-17|spe|1\n|cant|p2a: tortitan|recharge\n|\n|upkeep\n|turn|20\n|\n|t:|1698524724\n|move|p1a: F-17|Dragon Darts|p2a: tortitan\n|-damage|p2a: tortitan|42\/100\n|-anim|p1a: F-17|Dragon Darts|p2a: tortitan\n|-damage|p2a: tortitan|18\/100\n|move|p2a: tortitan|Giga Drain|p1a: F-17\n|-resisted|p1a: F-17\n|-damage|p1a: F-17|21\/100\n|-heal|p2a: tortitan|30\/100|[from] drain|[of] p1a: F-17\n|\n|upkeep\n|turn|21\n|\n|t:|1698524740\n|move|p1a: F-17|Dragon Darts|p2a: tortitan\n|-damage|p2a: tortitan|5\/100\n|-anim|p1a: F-17|Dragon Darts|p2a: tortitan\n|-damage|p2a: tortitan|0 fnt\n|faint|p2a: tortitan\n|\n|upkeep\n|\n|t:|1698524747\n|switch|p2a: william|Charizard, M, shiny|11\/100\n|turn|22\n|\n|t:|1698524753\n|move|p1a: F-17|Phantom Force||[still]\n|-prepare|p1a: F-17|Phantom Force\n|move|p2a: william|Fire Punch|p1a: F-17|[miss]\n|-miss|p2a: william|p1a: F-17\n|\n|upkeep\n|turn|23\n|\n|t:|1698524766\n|move|p1a: F-17|Phantom Force|p2a: william|[from]lockedmove\n|-damage|p2a: william|0 fnt\n|faint|p2a: william\n|\n|win|Pocholo_LC\n|raw|Pocholo_LC's rating: 1082 &rarr; <strong>1103<\/strong><br \/>(+21 for winning)\n|raw|jopro101012's rating: 1000 &rarr; <strong>1000<\/strong><br \/>(+0 for losing)\n|l|\u2606Pocholo_LC\n","uploadtime":1698524777,"views":8,"p1id":"pochololc","p2id":"jopro101012","formatid":"gen9anythinggoes","rating":1000,"private":0,"password":""}