{"id":"gen9anythinggoes-1980965428","p1":"MasterNev","p2":"eurybie","format":"[Gen 9] Anything Goes","log":"|j|\u2606MasterNev\n|j|\u2606eurybie\n|t:|1698852873\n|gametype|singles\n|player|p1|MasterNev|ingo|1596\n|player|p2|eurybie|265|1843\n|teamsize|p1|6\n|teamsize|p2|6\n|gen|9\n|tier|[Gen 9] Anything Goes\n|rated|\n|rule|HP Percentage Mod: HP is shown in percentages\n|rule|Endless Battle Clause: Forcing endless battles is banned\n|clearpoke\n|poke|p1|Ribombee, M|\n|poke|p1|Kingambit, M|\n|poke|p1|Great Tusk|\n|poke|p1|Gholdengo|\n|poke|p1|Torkoal, F|\n|poke|p1|Samurott-Hisui, M|\n|poke|p2|Miraidon|\n|poke|p2|Grimmsnarl, M|\n|poke|p2|Skeledirge, F|\n|poke|p2|Blissey, F|\n|poke|p2|Moltres|\n|poke|p2|Calyrex-Ice|\n|teampreview\n|\n|t:|1698852883\n|start\n|switch|p1a: Ribombee|Ribombee, M, shiny|100\/100\n|switch|p2a: Miraidon|Miraidon|100\/100\n|-fieldstart|move: Electric Terrain|[from] ability: Hadron Engine|[of] p2a: Miraidon\n|turn|1\n|\n|t:|1698852889\n|move|p2a: Miraidon|Electro Drift|p1a: Ribombee\n|-enditem|p1a: Ribombee|Focus Sash\n|-damage|p1a: Ribombee|1\/100\n|move|p1a: Ribombee|Sticky Web|p2a: Miraidon\n|-sidestart|p2: eurybie|move: Sticky Web\n|\n|upkeep\n|turn|2\n|\n|t:|1698852901\n|switch|p1a: Great Tusk|Great Tusk, shiny|100\/100\n|-enditem|p1a: Great Tusk|Booster Energy\n|-activate|p1a: Great Tusk|ability: Protosynthesis|[fromitem]\n|-start|p1a: Great Tusk|protosynthesisspe\n|move|p2a: Miraidon|U-turn|p1a: Great Tusk\n|-resisted|p1a: Great Tusk\n|-damage|p1a: Great Tusk|97\/100\n|\n|t:|1698852915\n|switch|p2a: Calyrex|Calyrex-Ice|100\/100|[from] U-turn\n|-ability|p2a: Calyrex|As One\n|-ability|p2a: Calyrex|Unnerve\n|\n|upkeep\n|turn|3\n|\n|t:|1698852921\n|move|p1a: Great Tusk|Bulk Up|p1a: Great Tusk\n|-boost|p1a: Great Tusk|atk|1\n|-boost|p1a: Great Tusk|def|1\n|move|p2a: Calyrex|Glacial Lance|p1a: Great Tusk\n|-supereffective|p1a: Great Tusk\n|-damage|p1a: Great Tusk|26\/100\n|\n|upkeep\n|turn|4\n|\n|t:|1698852928\n|move|p1a: Great Tusk|Close Combat|p2a: Calyrex\n|-damage|p2a: Calyrex|52\/100\n|-unboost|p1a: Great Tusk|def|1\n|-unboost|p1a: Great Tusk|spd|1\n|move|p2a: Calyrex|Glacial Lance|p1a: Great Tusk\n|-supereffective|p1a: Great Tusk\n|-damage|p1a: Great Tusk|0 fnt\n|faint|p1a: Great Tusk\n|-end|p1a: Great Tusk|Protosynthesis|[silent]\n|-ability|p2a: Calyrex|Chilling Neigh|boost\n|-boost|p2a: Calyrex|atk|1\n|\n|upkeep\n|\n|t:|1698852933\n|switch|p1a: Ribombee|Ribombee, M, shiny|1\/100\n|turn|5\n|\n|t:|1698852948\n|switch|p2a: Miraidon|Miraidon|100\/100\n|-activate|p2a: Miraidon|ability: Hadron Engine\n|move|p1a: Ribombee|Thief|p2a: Miraidon\n|-damage|p2a: Miraidon|93\/100\n|-enditem|p2a: Miraidon|Heavy-Duty Boots|[silent]|[from] move: Thief|[of] p1a: Ribombee\n|-item|p1a: Ribombee|Heavy-Duty Boots|[from] move: Thief|[of] p2a: Miraidon\n|\n|-fieldend|move: Electric Terrain\n|upkeep\n|turn|6\n|\n|t:|1698852963\n|move|p2a: Miraidon|Electro Drift|p1a: Ribombee\n|-damage|p1a: Ribombee|0 fnt\n|faint|p1a: Ribombee\n|\n|upkeep\n|\n|t:|1698852973\n|switch|p1a: Torkoal|Torkoal, F, shiny|100\/100\n|turn|7\n|\n|t:|1698852980\n|move|p2a: Miraidon|Electro Drift|p1a: Torkoal\n|-damage|p1a: Torkoal|49\/100\n|-enditem|p1a: Torkoal|Sitrus Berry|[eat]\n|-heal|p1a: Torkoal|74\/100|[from] item: Sitrus Berry\n|move|p1a: Torkoal|Stealth Rock|p2a: Miraidon\n|-sidestart|p2: eurybie|move: Stealth Rock\n|\n|upkeep\n|turn|8\n|\n|t:|1698852988\n|move|p2a: Miraidon|Dragon Pulse|p1a: Torkoal\n|-damage|p1a: Torkoal|32\/100\n|move|p1a: Torkoal|Yawn|p2a: Miraidon\n|-start|p2a: Miraidon|move: Yawn|[of] p1a: Torkoal\n|\n|upkeep\n|turn|9\n|\n|t:|1698852994\n|move|p2a: Miraidon|U-turn|p1a: Torkoal\n|-resisted|p1a: Torkoal\n|-damage|p1a: Torkoal|28\/100\n|\n|t:|1698852998\n|switch|p2a: Moltres|Moltres|100\/100|[from] U-turn\n|move|p1a: Torkoal|Yawn|p2a: Moltres\n|-start|p2a: Moltres|move: Yawn|[of] p1a: Torkoal\n|\n|upkeep\n|turn|10\n|\n|t:|1698853004\n|switch|p1a: Gholdengo|Gholdengo, shiny|100\/100\n|move|p2a: Moltres|U-turn|p1a: Gholdengo\n|-resisted|p1a: Gholdengo\n|-crit|p1a: Gholdengo\n|-damage|p1a: Gholdengo|94\/100\n|\n|t:|1698853020\n|switch|p2a: Grimmsnarl|Grimmsnarl, M|100\/100|[from] U-turn\n|\n|upkeep\n|turn|11\n|\n|t:|1698853033\n|-terastallize|p2a: Grimmsnarl|Dark\n|move|p1a: Gholdengo|Make It Rain|p2a: Grimmsnarl\n|-damage|p2a: Grimmsnarl|33\/100\n|-unboost|p1a: Gholdengo|spa|1\n|move|p2a: Grimmsnarl|Spirit Break|p1a: Gholdengo\n|-resisted|p1a: Gholdengo\n|-damage|p1a: Gholdengo|76\/100\n|-unboost|p1a: Gholdengo|spa|1\n|\n|upkeep\n|turn|12\n|\n|t:|1698853045\n|move|p1a: Gholdengo|Make It Rain|p2a: Grimmsnarl\n|-damage|p2a: Grimmsnarl|0 fnt\n|-unboost|p1a: Gholdengo|spa|1\n|faint|p2a: Grimmsnarl\n|\n|upkeep\n|\n|t:|1698853052\n|switch|p2a: Miraidon|Miraidon|93\/100\n|-activate|p2a: Miraidon|move: Sticky Web\n|-unboost|p2a: Miraidon|spe|1\n|-damage|p2a: Miraidon|81\/100|[from] Stealth Rock\n|-fieldstart|move: Electric Terrain|[from] ability: Hadron Engine|[of] p2a: Miraidon\n|turn|13\n|\n|t:|1698853059\n|switch|p1a: Torkoal|Torkoal, F, shiny|28\/100\n|move|p2a: Miraidon|Electro Drift|p1a: Torkoal\n|-damage|p1a: Torkoal|0 fnt\n|faint|p1a: Torkoal\n|\n|upkeep\n|\n|t:|1698853062\n|switch|p1a: Samurott|Samurott-Hisui, M, shiny|100\/100\n|turn|14\n|\n|t:|1698853067\n|move|p1a: Samurott|Ceaseless Edge|p2a: Miraidon\n|-damage|p2a: Miraidon|19\/100\n|-sidestart|p2: eurybie|Spikes\n|move|p2a: Miraidon|Electro Drift|p1a: Samurott\n|-supereffective|p1a: Samurott\n|-damage|p1a: Samurott|0 fnt\n|faint|p1a: Samurott\n|\n|upkeep\n|j| GUESSWHOTPRADO\n|\n|t:|1698853085\n|switch|p1a: Kingambit|Kingambit, M, shiny|100\/100\n|-activate|p1a: Kingambit|ability: Supreme Overlord\n|-start|p1a: Kingambit|fallen4|[silent]\n|turn|15\n|\n|t:|1698853090\n|-terastallize|p1a: Kingambit|Dark\n|move|p2a: Miraidon|Electro Drift|p1a: Kingambit\n|-damage|p1a: Kingambit|9\/100\n|move|p1a: Kingambit|Swords Dance|p1a: Kingambit\n|-boost|p1a: Kingambit|atk|2\n|\n|upkeep\n|turn|16\n|\n|t:|1698853098\n|move|p2a: Miraidon|Protect|p2a: Miraidon\n|-singleturn|p2a: Miraidon|Protect\n|move|p1a: Kingambit|Sucker Punch||[still]\n|-fail|p1a: Kingambit\n|\n|upkeep\n|turn|17\n|\n|t:|1698853104\n|move|p2a: Miraidon|Protect|p2a: Miraidon\n|-singleturn|p2a: Miraidon|Protect\n|move|p1a: Kingambit|Sucker Punch||[still]\n|-fail|p1a: Kingambit\n|\n|-fieldend|move: Electric Terrain\n|upkeep\n|turn|18\n|\n|t:|1698853109\n|move|p2a: Miraidon|Protect||[still]\n|-fail|p2a: Miraidon\n|move|p1a: Kingambit|Sucker Punch||[still]\n|-fail|p1a: Kingambit\n|\n|upkeep\n|turn|19\n|\n|t:|1698853114\n|move|p1a: Kingambit|Sucker Punch|p2a: Miraidon\n|-damage|p2a: Miraidon|0 fnt\n|faint|p2a: Miraidon\n|\n|upkeep\n|\n|t:|1698853125\n|switch|p2a: Moltres|Moltres|100\/100\n|turn|20\n|\n|t:|1698853128\n|move|p1a: Kingambit|Sucker Punch|p2a: Moltres\n|-damage|p2a: Moltres|0 fnt\n|faint|p2a: Moltres\n|\n|upkeep\n|\n|t:|1698853136\n|switch|p2a: Skeledirge|Skeledirge, F|100\/100\n|turn|21\n|\n|t:|1698853139\n|move|p2a: Skeledirge|Will-O-Wisp|p1a: Kingambit\n|-status|p1a: Kingambit|brn\n|move|p1a: Kingambit|Kowtow Cleave|p2a: Skeledirge\n|-supereffective|p2a: Skeledirge\n|-damage|p2a: Skeledirge|38\/100\n|\n|-damage|p1a: Kingambit|3\/100 brn|[from] brn\n|upkeep\n|turn|22\n|\n|t:|1698853151\n|move|p1a: Kingambit|Sucker Punch||[still]\n|-fail|p1a: Kingambit\n|move|p2a: Skeledirge|Slack Off|p2a: Skeledirge\n|-heal|p2a: Skeledirge|88\/100\n|\n|-damage|p1a: Kingambit|0 fnt|[from] brn\n|faint|p1a: Kingambit\n|-end|p1a: Kingambit|fallen4|[silent]\n|upkeep\n|\n|t:|1698853154\n|switch|p1a: Gholdengo|Gholdengo, shiny|76\/100\n|turn|23\n|\n|t:|1698853163\n|move|p1a: Gholdengo|Thunderbolt|p2a: Skeledirge\n|-damage|p2a: Skeledirge|39\/100\n|move|p2a: Skeledirge|Torch Song|p1a: Gholdengo\n|-supereffective|p1a: Gholdengo\n|-damage|p1a: Gholdengo|3\/100\n|-boost|p2a: Skeledirge|spa|1\n|\n|upkeep\n|turn|24\n|\n|t:|1698853170\n|switch|p2a: Blissey|Blissey, F|100\/100\n|move|p1a: Gholdengo|Thunderbolt|p2a: Blissey\n|-damage|p2a: Blissey|87\/100\n|\n|upkeep\n|turn|25\n|\n|t:|1698853175\n|move|p1a: Gholdengo|Thunderbolt|p2a: Blissey\n|-crit|p2a: Blissey\n|-damage|p2a: Blissey|69\/100\n|move|p2a: Blissey|Seismic Toss|p1a: Gholdengo\n|-immune|p1a: Gholdengo\n|\n|upkeep\n|turn|26\n|\n|t:|1698853181\n|move|p1a: Gholdengo|Thunderbolt|p2a: Blissey\n|-damage|p2a: Blissey|56\/100\n|move|p2a: Blissey|Seismic Toss|p1a: Gholdengo\n|-immune|p1a: Gholdengo\n|\n|upkeep\n|turn|27\n|\n|t:|1698853189\n|move|p1a: Gholdengo|Thunderbolt|p2a: Blissey\n|-damage|p2a: Blissey|42\/100\n|move|p2a: Blissey|Seismic Toss|p1a: Gholdengo\n|-immune|p1a: Gholdengo\n|\n|upkeep\n|turn|28\n|\n|t:|1698853195\n|move|p1a: Gholdengo|Thunderbolt|p2a: Blissey\n|-damage|p2a: Blissey|28\/100\n|move|p2a: Blissey|Soft-Boiled|p2a: Blissey\n|-heal|p2a: Blissey|78\/100\n|\n|upkeep\n|turn|29\n|\n|t:|1698853200\n|move|p1a: Gholdengo|Thunderbolt|p2a: Blissey\n|-damage|p2a: Blissey|65\/100\n|move|p2a: Blissey|Seismic Toss|p1a: Gholdengo\n|-immune|p1a: Gholdengo\n|\n|upkeep\n|turn|30\n|\n|t:|1698853207\n|move|p1a: Gholdengo|Thunderbolt|p2a: Blissey\n|-damage|p2a: Blissey|50\/100\n|move|p2a: Blissey|Seismic Toss|p1a: Gholdengo\n|-immune|p1a: Gholdengo\n|\n|upkeep\n|turn|31\n|\n|t:|1698853214\n|move|p1a: Gholdengo|Thunderbolt|p2a: Blissey\n|-damage|p2a: Blissey|36\/100\n|move|p2a: Blissey|Soft-Boiled|p2a: Blissey\n|-heal|p2a: Blissey|86\/100\n|\n|upkeep\n|turn|32\n|l| GUESSWHOTPRADO\n|-message|MasterNev forfeited.\n|\n|win|eurybie\n|raw|MasterNev's rating: 1596 &rarr; <strong>1588<\/strong><br \/>(-8 for losing)\n|raw|eurybie's rating: 1843 &rarr; <strong>1851<\/strong><br \/>(+8 for winning)\n|l|\u2606MasterNev\n","uploadtime":1698853258,"views":8,"p1id":"masternev","p2id":"eurybie","formatid":"gen9anythinggoes","rating":1588,"private":0,"password":""}