{"id":"gen9anythinggoes-1979178599","p1":"Scentimeter","p2":"PyrosytheticBirb","format":"[Gen 9] Anything Goes","log":"|j|\u2606Scentimeter\n|j|\u2606PyrosytheticBirb\n|t:|1698645005\n|gametype|singles\n|player|p1|Scentimeter|ryuki|1092\n|player|p2|PyrosytheticBirb|lady|1052\n|teamsize|p1|6\n|teamsize|p2|6\n|gen|9\n|tier|[Gen 9] Anything Goes\n|rated|\n|rule|HP Percentage Mod: HP is shown in percentages\n|rule|Endless Battle Clause: Forcing endless battles is banned\n|clearpoke\n|poke|p1|Clodsire, F|\n|poke|p1|Clodsire, M|\n|poke|p1|Clodsire, M|\n|poke|p1|Clodsire, M|\n|poke|p1|Quagsire, F|\n|poke|p1|Clefable, M|\n|poke|p2|Sableye, F|\n|poke|p2|Basculegion, M|\n|poke|p2|Pelipper, M|\n|poke|p2|Espathra, F|\n|poke|p2|Pincurchin, M|\n|poke|p2|Cyclizar, F|\n|teampreview\n|\n|t:|1698645014\n|start\n|switch|p1a: Hazardaniel|Clodsire, M|100\/100\n|switch|p2a: Puffball|Pincurchin, M|100\/100\n|-fieldstart|move: Electric Terrain|[from] ability: Electric Surge|[of] p2a: Puffball\n|turn|1\n|c|\u2606PyrosytheticBirb|clodsire\n|c|\u2606Scentimeter|yes\n|\n|t:|1698645032\n|move|p1a: Hazardaniel|Toxic Spikes|p2a: Puffball\n|-sidestart|p2: PyrosytheticBirb|move: Toxic Spikes\n|move|p2a: Puffball|Spikes|p1a: Hazardaniel\n|-sidestart|p1: Scentimeter|Spikes\n|\n|upkeep\n|turn|2\n|\n|t:|1698645038\n|move|p1a: Hazardaniel|Toxic Spikes|p2a: Puffball\n|-sidestart|p2: PyrosytheticBirb|move: Toxic Spikes\n|move|p2a: Puffball|Spikes|p1a: Hazardaniel\n|-sidestart|p1: Scentimeter|Spikes\n|\n|upkeep\n|turn|3\n|\n|t:|1698645046\n|move|p1a: Hazardaniel|Spikes|p2a: Puffball\n|-sidestart|p2: PyrosytheticBirb|Spikes\n|move|p2a: Puffball|Spikes|p1a: Hazardaniel\n|-sidestart|p1: Scentimeter|Spikes\n|\n|upkeep\n|turn|4\n|\n|t:|1698645054\n|move|p1a: Hazardaniel|Spikes|p2a: Puffball\n|-sidestart|p2: PyrosytheticBirb|Spikes\n|move|p2a: Puffball|Memento|p1a: Hazardaniel\n|-unboost|p1a: Hazardaniel|atk|2\n|-unboost|p1a: Hazardaniel|spa|2\n|faint|p2a: Puffball\n|\n|upkeep\n|\n|t:|1698645060\n|switch|p2a: Riptire|Cyclizar, F, shiny|100\/100\n|turn|5\n|\n|t:|1698645066\n|move|p2a: Riptire|Rapid Spin|p1a: Hazardaniel\n|-damage|p1a: Hazardaniel|88\/100\n|-boost|p2a: Riptire|spe|1\n|-sideend|p2: PyrosytheticBirb|Spikes|[from] move: Rapid Spin|[of] p2a: Riptire\n|-sideend|p2: PyrosytheticBirb|Toxic Spikes|[from] move: Rapid Spin|[of] p2a: Riptire\n|move|p1a: Hazardaniel|Spikes|p2a: Riptire\n|-sidestart|p2: PyrosytheticBirb|Spikes\n|\n|-heal|p1a: Hazardaniel|94\/100|[from] item: Leftovers\n|upkeep\n|turn|6\n|-message|Scentimeter forfeited.\n|\n|win|PyrosytheticBirb\n|raw|Scentimeter's rating: 1092 &rarr; <strong>1065<\/strong><br \/>(-27 for losing)\n|raw|PyrosytheticBirb's rating: 1052 &rarr; <strong>1088<\/strong><br \/>(+36 for winning)\n|l|\u2606Scentimeter\n|c|\u2606PyrosytheticBirb|lol\n","uploadtime":1698645088,"views":12,"p1id":"scentimeter","p2id":"pyrosytheticbirb","formatid":"gen9anythinggoes","rating":1065,"private":0,"password":""}