{"id":"gen9anythinggoes-1981143897","p1":"robbobjob","p2":"ChimeBliss","format":"[Gen 9] Anything Goes","log":"|j|\u2606robbobjob\n|j|\u2606ChimeBliss\n|t:|1698867113\n|gametype|singles\n|player|p1|robbobjob|steven|1558\n|player|p2|ChimeBliss|dawn-gen4pt|1409\n|teamsize|p1|6\n|teamsize|p2|6\n|gen|9\n|tier|[Gen 9] Anything Goes\n|rated|\n|rule|HP Percentage Mod: HP is shown in percentages\n|rule|Endless Battle Clause: Forcing endless battles is banned\n|clearpoke\n|poke|p1|Zacian-*|\n|poke|p1|Calyrex-Shadow|\n|poke|p1|Regieleki|\n|poke|p1|Koraidon|\n|poke|p1|Kyogre|\n|poke|p1|Ogerpon-Hearthflame, F|\n|poke|p2|Grimmsnarl, M|\n|poke|p2|Glimmora, M|\n|poke|p2|Arceus|\n|poke|p2|Arceus-Ground|\n|poke|p2|Koraidon|\n|poke|p2|Calyrex-Shadow|\n|teampreview\n|inactive|Battle timer is ON: inactive players will automatically lose when time's up. (requested by ChimeBliss)\n|\n|t:|1698867128\n|start\n|switch|p1a: Zacian|Zacian-Crowned|100\/100\n|switch|p2a: Glimmora|Glimmora, M|100\/100\n|-ability|p1a: Zacian|Intrepid Sword|boost\n|-boost|p1a: Zacian|atk|1\n|turn|1\n|\n|t:|1698867135\n|move|p1a: Zacian|Behemoth Blade|p2a: Glimmora\n|-supereffective|p2a: Glimmora\n|-enditem|p2a: Glimmora|Focus Sash\n|-damage|p2a: Glimmora|1\/100\n|-activate|p2a: Glimmora|ability: Toxic Debris\n|-sidestart|p1: robbobjob|move: Toxic Spikes\n|move|p2a: Glimmora|Mud Shot|p1a: Zacian\n|-supereffective|p1a: Zacian\n|-damage|p1a: Zacian|62\/100\n|-unboost|p1a: Zacian|spe|1\n|\n|upkeep\n|turn|2\n|\n|t:|1698867149\n|move|p2a: Glimmora|Memento|p1a: Zacian\n|-unboost|p1a: Zacian|atk|2\n|-unboost|p1a: Zacian|spa|2\n|faint|p2a: Glimmora\n|move|p1a: Zacian|Behemoth Blade|p2: Glimmora|[notarget]\n|-fail|p1a: Zacian\n|\n|upkeep\n|\n|t:|1698867167\n|switch|p2a: Arceus|Arceus-Ground|100\/100\n|turn|3\n|\n|t:|1698867176\n|switch|p1a: Ogerpon|Ogerpon-Hearthflame, F|100\/100\n|-status|p1a: Ogerpon|psn\n|-ability|p1a: Ogerpon|Mold Breaker\n|move|p2a: Arceus|Dragon Dance|p2a: Arceus\n|-boost|p2a: Arceus|atk|1\n|-boost|p2a: Arceus|spe|1\n|\n|-damage|p1a: Ogerpon|88\/100 psn|[from] psn\n|upkeep\n|turn|4\n|\n|t:|1698867185\n|move|p2a: Arceus|Earthquake|p1a: Ogerpon\n|-damage|p1a: Ogerpon|0 fnt\n|faint|p1a: Ogerpon\n|\n|upkeep\n|\n|t:|1698867189\n|switch|p1a: Regieleki|Regieleki|100\/100\n|turn|5\n|\n|t:|1698867218\n|-terastallize|p1a: Regieleki|Ice\n|move|p1a: Regieleki|Tera Blast|p2a: Arceus|[anim] Tera Blast Ice\n|-supereffective|p2a: Arceus\n|-damage|p2a: Arceus|51\/100\n|move|p2a: Arceus|Dragon Dance|p2a: Arceus\n|-boost|p2a: Arceus|atk|1\n|-boost|p2a: Arceus|spe|1\n|\n|upkeep\n|turn|6\n|\n|t:|1698867226\n|move|p2a: Arceus|Earthquake|p1a: Regieleki\n|-damage|p1a: Regieleki|0 fnt\n|faint|p1a: Regieleki\n|\n|upkeep\n|\n|t:|1698867230\n|switch|p1a: Kyogre|Kyogre|100\/100\n|-status|p1a: Kyogre|psn\n|-weather|RainDance|[from] ability: Drizzle|[of] p1a: Kyogre\n|turn|7\n|inactive|ChimeBliss has 120 seconds left.\n|\n|t:|1698867266\n|-terastallize|p2a: Arceus|Fairy\n|move|p2a: Arceus|Earthquake|p1a: Kyogre\n|-damage|p1a: Kyogre|0 fnt\n|faint|p1a: Kyogre\n|\n|-weather|RainDance|[upkeep]\n|upkeep\n|-message|robbobjob forfeited.\n|\n|win|ChimeBliss\n|raw|robbobjob's rating: 1558 &rarr; <strong>1530<\/strong><br \/>(-28 for losing)\n|raw|ChimeBliss's rating: 1409 &rarr; <strong>1437<\/strong><br \/>(+28 for winning)\n|l|\u2606robbobjob\n","uploadtime":1698867345,"views":7,"p1id":"robbobjob","p2id":"chimebliss","formatid":"gen9anythinggoes","rating":1437,"private":0,"password":""}