{"id":"gen9anythinggoes-1985116284","p1":"Shadowclonekoko","p2":"Dumbfudge","format":"[Gen 9] Anything Goes","log":"|j|\u2606Shadowclonekoko\n|j|\u2606Dumbfudge\n|t:|1699333110\n|gametype|singles\n|player|p1|Shadowclonekoko|dawn|1404\n|player|p2|Dumbfudge|blackbelt-gen4dp|1368\n|teamsize|p1|6\n|teamsize|p2|6\n|gen|9\n|tier|[Gen 9] Anything Goes\n|rated|\n|rule|HP Percentage Mod: HP is shown in percentages\n|rule|Endless Battle Clause: Forcing endless battles is banned\n|clearpoke\n|poke|p1|Calyrex-Shadow|\n|poke|p1|Ribombee, F|\n|poke|p1|Drifblim, F|\n|poke|p1|Miraidon|\n|poke|p1|Sneasler, M|\n|poke|p1|Volcarona, F|\n|poke|p2|Espathra, F|\n|poke|p2|Giratina|\n|poke|p2|Shaymin-Sky|\n|poke|p2|Zacian-*|\n|poke|p2|Ditto|\n|poke|p2|Breloom, M|\n|teampreview\n|inactive|Battle timer is ON: inactive players will automatically lose when time's up. (requested by Shadowclonekoko)\n|j| TIKIMAN_Yo\n|c|\u2606Dumbfudge|Glhf\n|c|\u2606Dumbfudge|And hello\n|c|\u2606Shadowclonekoko|You too\n|c|\u2606Shadowclonekoko|Hi again\n|inactive|Dumbfudge has 120 seconds left.\n|\n|t:|1699333148\n|start\n|switch|p1a: Calyrex|Calyrex-Shadow|100\/100\n|switch|p2a: Cancer|Shaymin-Sky|100\/100\n|-ability|p1a: Calyrex|As One\n|-ability|p1a: Calyrex|Unnerve\n|turn|1\n|\n|t:|1699333157\n|move|p2a: Cancer|Air Slash|p1a: Calyrex\n|-damage|p1a: Calyrex|69\/100\n|move|p1a: Calyrex|Astral Barrage|p2a: Cancer\n|-damage|p2a: Cancer|19\/100\n|\n|-heal|p1a: Calyrex|75\/100|[from] item: Leftovers\n|upkeep\n|turn|2\n|\n|t:|1699333166\n|move|p2a: Cancer|Air Slash|p1a: Calyrex\n|-damage|p1a: Calyrex|42\/100\n|cant|p1a: Calyrex|flinch\n|\n|-heal|p1a: Calyrex|48\/100|[from] item: Leftovers\n|upkeep\n|turn|3\n|\n|t:|1699333173\n|move|p2a: Cancer|Air Slash|p1a: Calyrex\n|-damage|p1a: Calyrex|15\/100\n|move|p1a: Calyrex|Astral Barrage|p2a: Cancer\n|-damage|p2a: Cancer|0 fnt\n|faint|p2a: Cancer\n|-ability|p1a: Calyrex|Grim Neigh|boost\n|-boost|p1a: Calyrex|spa|1\n|\n|-heal|p1a: Calyrex|22\/100|[from] item: Leftovers\n|upkeep\n|\n|t:|1699333189\n|switch|p2a: Schizoid|Ditto|100\/100\n|-transform|p2a: Schizoid|p1a: Calyrex|[from] ability: Imposter\n|turn|4\n|\n|t:|1699333199\n|-terastallize|p2a: Schizoid|Normal\n|-terastallize|p1a: Calyrex|Normal\n|move|p2a: Schizoid|Psyshock|p1a: Calyrex\n|-damage|p1a: Calyrex|0 fnt\n|faint|p1a: Calyrex\n|-ability|p2a: Schizoid|Grim Neigh|boost\n|-boost|p2a: Schizoid|spa|1\n|\n|upkeep\n|\n|t:|1699333206\n|switch|p1a: Sneasler|Sneasler, M|100\/100\n|turn|5\n|\n|t:|1699333221\n|move|p1a: Sneasler|Fake Out|p2a: Schizoid\n|-enditem|p1a: Sneasler|Normal Gem|[from] gem\n|-damage|p2a: Schizoid|80\/100\n|cant|p2a: Schizoid|flinch\n|\n|upkeep\n|turn|6\n|\n|t:|1699333227\n|move|p1a: Sneasler|Close Combat|p2a: Schizoid\n|-supereffective|p2a: Schizoid\n|-damage|p2a: Schizoid|0 fnt\n|-unboost|p1a: Sneasler|def|1\n|-unboost|p1a: Sneasler|spd|1\n|faint|p2a: Schizoid\n|\n|upkeep\n|\n|t:|1699333235\n|switch|p2a: Whooping cough|Zacian-Crowned|100\/100\n|-ability|p2a: Whooping cough|Intrepid Sword|boost\n|-boost|p2a: Whooping cough|atk|1\n|turn|7\n|\n|t:|1699333241\n|move|p1a: Sneasler|Close Combat|p2a: Whooping cough\n|-damage|p2a: Whooping cough|51\/100\n|-unboost|p1a: Sneasler|def|1\n|-unboost|p1a: Sneasler|spd|1\n|move|p2a: Whooping cough|Behemoth Blade|p1a: Sneasler\n|-damage|p1a: Sneasler|0 fnt\n|faint|p1a: Sneasler\n|\n|upkeep\n|\n|t:|1699333245\n|switch|p1a: Miraidon|Miraidon|100\/100\n|-fieldstart|move: Electric Terrain|[from] ability: Hadron Engine|[of] p1a: Miraidon\n|turn|8\n|\n|t:|1699333254\n|move|p2a: Whooping cough|Play Rough|p1a: Miraidon\n|-supereffective|p1a: Miraidon\n|-crit|p1a: Miraidon\n|-damage|p1a: Miraidon|0 fnt\n|faint|p1a: Miraidon\n|\n|upkeep\n|\n|t:|1699333261\n|switch|p1a: Volcarona|Volcarona, F|100\/100\n|turn|9\n|\n|t:|1699333264\n|move|p2a: Whooping cough|Behemoth Blade|p1a: Volcarona\n|-resisted|p1a: Volcarona\n|-damage|p1a: Volcarona|46\/100\n|move|p1a: Volcarona|Quiver Dance|p1a: Volcarona\n|-boost|p1a: Volcarona|spa|1\n|-boost|p1a: Volcarona|spd|1\n|-boost|p1a: Volcarona|spe|1\n|\n|-heal|p1a: Volcarona|53\/100|[from] item: Leftovers\n|upkeep\n|turn|10\n|\n|t:|1699333279\n|move|p2a: Whooping cough|Quick Attack|p1a: Volcarona\n|-damage|p1a: Volcarona|22\/100\n|move|p1a: Volcarona|Quiver Dance|p1a: Volcarona\n|-boost|p1a: Volcarona|spa|1\n|-boost|p1a: Volcarona|spd|1\n|-boost|p1a: Volcarona|spe|1\n|\n|-heal|p1a: Volcarona|29\/100|[from] item: Leftovers\n|upkeep\n|turn|11\n|\n|t:|1699333288\n|move|p2a: Whooping cough|Quick Attack|p1a: Volcarona\n|-damage|p1a: Volcarona|0 fnt\n|faint|p1a: Volcarona\n|\n|upkeep\n|\n|t:|1699333291\n|switch|p1a: Ribombee|Ribombee, F|100\/100\n|turn|12\n|c|\u2606Dumbfudge|Why wait so long\n|c|\u2606Dumbfudge|u could have did some damage\n|c|\u2606Shadowclonekoko|Yeah\n|c|\u2606Shadowclonekoko|im so stupid\n|c|\u2606Dumbfudge|No really\n|c|\u2606Shadowclonekoko|Yeah\n|inactive|Dumbfudge has 120 seconds left.\n|\n|t:|1699333323\n|move|p2a: Whooping cough|Behemoth Blade|p1a: Ribombee\n|-supereffective|p1a: Ribombee\n|-enditem|p1a: Ribombee|Focus Sash\n|-damage|p1a: Ribombee|1\/100\n|move|p1a: Ribombee|Moonblast|p2a: Whooping cough\n|-resisted|p2a: Whooping cough\n|-damage|p2a: Whooping cough|31\/100\n|\n|-fieldend|move: Electric Terrain\n|upkeep\n|turn|13\n|c|\u2606Shadowclonekoko|Gg\n|inactive|Dumbfudge has 120 seconds left.\n|-message|Shadowclonekoko forfeited.\n|\n|win|Dumbfudge\n|raw|Shadowclonekoko's rating: 1404 &rarr; <strong>1382<\/strong><br \/>(-22 for losing)\n|raw|Dumbfudge's rating: 1368 &rarr; <strong>1390<\/strong><br \/>(+22 for winning)\n|l|\u2606Shadowclonekoko\n","uploadtime":1699333372,"views":5,"p1id":"shadowclonekoko","p2id":"dumbfudge","formatid":"gen9anythinggoes","rating":1382,"private":0,"password":""}