{"id":"gen9anythinggoes-1982241397","p1":"Kayleb1718","p2":"Dasheiki","format":"[Gen 9] Anything Goes","log":"|j|\u2606Kayleb1718\n|j|\u2606Dasheiki\n|t:|1698983325\n|gametype|singles\n|player|p1|Kayleb1718|lucas-gen4pt|1325\n|player|p2|Dasheiki|colress|1431\n|teamsize|p1|6\n|teamsize|p2|6\n|gen|9\n|tier|[Gen 9] Anything Goes\n|rated|\n|rule|HP Percentage Mod: HP is shown in percentages\n|rule|Endless Battle Clause: Forcing endless battles is banned\n|clearpoke\n|poke|p1|Zacian-*|\n|poke|p1|Calyrex-Shadow|\n|poke|p1|Urshifu-*, M|\n|poke|p1|Miraidon|\n|poke|p1|Quaquaval, F|\n|poke|p1|Kingambit, M|\n|poke|p2|Espathra, F|\n|poke|p2|Annihilape, F|\n|poke|p2|Veluza, M|\n|poke|p2|Baxcalibur, M|\n|poke|p2|Kingambit, M|\n|poke|p2|Glimmora, M|\n|teampreview\n|inactive|Battle timer is ON: inactive players will automatically lose when time's up. (requested by Dasheiki)\n|\n|t:|1698983333\n|start\n|switch|p1a: Quaquaval|Quaquaval, F, shiny|100\/100\n|switch|p2a: Glimmora|Glimmora, M|100\/100\n|turn|1\n|\n|t:|1698983337\n|move|p2a: Glimmora|Stealth Rock|p1a: Quaquaval\n|-sidestart|p1: Kayleb1718|move: Stealth Rock\n|move|p1a: Quaquaval|Aqua Step|p2a: Glimmora\n|-supereffective|p2a: Glimmora\n|-damage|p2a: Glimmora|1\/100\n|-boost|p1a: Quaquaval|spe|1\n|-activate|p2a: Glimmora|ability: Toxic Debris\n|-sidestart|p1: Kayleb1718|move: Toxic Spikes\n|\n|upkeep\n|turn|2\n|\n|t:|1698983348\n|move|p1a: Quaquaval|Aqua Step|p2a: Glimmora\n|-supereffective|p2a: Glimmora\n|-damage|p2a: Glimmora|0 fnt\n|-boost|p1a: Quaquaval|spe|1\n|-activate|p2a: Glimmora|ability: Toxic Debris\n|-sidestart|p1: Kayleb1718|move: Toxic Spikes\n|faint|p2a: Glimmora\n|-ability|p1a: Quaquaval|Moxie|boost\n|-boost|p1a: Quaquaval|atk|1\n|\n|upkeep\n|\n|t:|1698983366\n|switch|p2a: Annihilape|Annihilape, F|100\/100\n|turn|3\n|\n|t:|1698983373\n|move|p1a: Quaquaval|Aqua Step|p2a: Annihilape\n|-damage|p2a: Annihilape|40\/100\n|-boost|p1a: Quaquaval|spe|1\n|move|p2a: Annihilape|Bulk Up|p2a: Annihilape\n|-boost|p2a: Annihilape|atk|1\n|-boost|p2a: Annihilape|def|1\n|\n|-heal|p2a: Annihilape|46\/100|[from] item: Leftovers\n|upkeep\n|turn|4\n|\n|t:|1698983381\n|move|p1a: Quaquaval|Swords Dance|p1a: Quaquaval\n|-boost|p1a: Quaquaval|atk|2\n|move|p2a: Annihilape|Drain Punch|p1a: Quaquaval\n|-damage|p1a: Quaquaval|48\/100\n|-heal|p2a: Annihilape|65\/100|[from] drain|[of] p1a: Quaquaval\n|\n|-heal|p1a: Quaquaval|54\/100|[from] item: Leftovers\n|-heal|p2a: Annihilape|71\/100|[from] item: Leftovers\n|upkeep\n|turn|5\n|\n|t:|1698983398\n|move|p1a: Quaquaval|Aqua Step|p2a: Annihilape\n|-damage|p2a: Annihilape|12\/100\n|-boost|p1a: Quaquaval|spe|1\n|move|p2a: Annihilape|Rage Fist|p1a: Quaquaval\n|-damage|p1a: Quaquaval|0 fnt\n|faint|p1a: Quaquaval\n|\n|-heal|p2a: Annihilape|18\/100|[from] item: Leftovers\n|upkeep\n|\n|t:|1698983414\n|switch|p1a: Urshifu|Urshifu-Rapid-Strike, M|100\/100\n|-damage|p1a: Urshifu|94\/100|[from] Stealth Rock\n|-status|p1a: Urshifu|tox\n|turn|6\n|\n|t:|1698983422\n|move|p1a: Urshifu|Trailblaze|p2a: Annihilape\n|-damage|p2a: Annihilape|6\/100\n|-boost|p1a: Urshifu|spe|1\n|move|p2a: Annihilape|Drain Punch|p1a: Urshifu\n|-damage|p1a: Urshifu|48\/100 tox\n|-heal|p2a: Annihilape|25\/100|[from] drain|[of] p1a: Urshifu\n|\n|-heal|p1a: Urshifu|54\/100 tox|[from] item: Leftovers\n|-heal|p2a: Annihilape|31\/100|[from] item: Leftovers\n|-damage|p1a: Urshifu|48\/100 tox|[from] psn\n|upkeep\n|turn|7\n|\n|t:|1698983431\n|move|p1a: Urshifu|Drain Punch|p2a: Annihilape\n|-immune|p2a: Annihilape\n|move|p2a: Annihilape|Rage Fist|p1a: Urshifu\n|-damage|p1a: Urshifu|0 fnt\n|faint|p1a: Urshifu\n|\n|-heal|p2a: Annihilape|38\/100|[from] item: Leftovers\n|upkeep\n|\n|t:|1698983435\n|switch|p1a: Zacian|Zacian-Crowned, shiny|100\/100\n|-damage|p1a: Zacian|94\/100|[from] Stealth Rock\n|-ability|p1a: Zacian|Intrepid Sword|boost\n|-boost|p1a: Zacian|atk|1\n|turn|8\n|\n|t:|1698983449\n|-terastallize|p2a: Annihilape|Steel\n|move|p1a: Zacian|Play Rough|p2a: Annihilape\n|-resisted|p2a: Annihilape\n|-damage|p2a: Annihilape|11\/100\n|move|p2a: Annihilape|Rage Fist|p1a: Zacian\n|-damage|p1a: Zacian|0 fnt\n|faint|p1a: Zacian\n|\n|-heal|p2a: Annihilape|17\/100|[from] item: Leftovers\n|upkeep\n|\n|t:|1698983457\n|switch|p1a: Miraidon|Miraidon|100\/100\n|-damage|p1a: Miraidon|88\/100|[from] Stealth Rock\n|-status|p1a: Miraidon|tox\n|-fieldstart|move: Electric Terrain|[from] ability: Hadron Engine|[of] p1a: Miraidon\n|turn|9\n|\n|t:|1698983467\n|move|p1a: Miraidon|Dragon Pulse|p2a: Annihilape\n|-resisted|p2a: Annihilape\n|-damage|p2a: Annihilape|2\/100\n|move|p2a: Annihilape|Rage Fist|p1a: Miraidon\n|-crit|p1a: Miraidon\n|-damage|p1a: Miraidon|0 fnt\n|faint|p1a: Miraidon\n|\n|-heal|p2a: Annihilape|9\/100|[from] item: Leftovers\n|upkeep\n|\n|t:|1698983477\n|switch|p1a: Calyrex|Calyrex-Shadow|100\/100\n|-ability|p1a: Calyrex|As One\n|-ability|p1a: Calyrex|Unnerve\n|-damage|p1a: Calyrex|88\/100|[from] Stealth Rock\n|-status|p1a: Calyrex|tox\n|turn|10\n|\n|t:|1698983488\n|move|p1a: Calyrex|Psyshock|p2a: Annihilape\n|-resisted|p2a: Annihilape\n|-damage|p2a: Annihilape|0 fnt\n|faint|p2a: Annihilape\n|-ability|p1a: Calyrex|Grim Neigh|boost\n|-boost|p1a: Calyrex|spa|1\n|\n|-heal|p1a: Calyrex|94\/100 tox|[from] item: Leftovers\n|-damage|p1a: Calyrex|88\/100 tox|[from] psn\n|upkeep\n|\n|t:|1698983497\n|switch|p2a: Espathra|Espathra, F|100\/100\n|turn|11\n|\n|t:|1698983501\n|move|p2a: Espathra|Endure|p2a: Espathra\n|-singleturn|p2a: Espathra|move: Endure\n|move|p1a: Calyrex|Astral Barrage|p2a: Espathra\n|-supereffective|p2a: Espathra\n|-activate|p2a: Espathra|move: Endure\n|-damage|p2a: Espathra|1\/100\n|-enditem|p2a: Espathra|Weakness Policy\n|-boost|p2a: Espathra|atk|2|[from] item: Weakness Policy\n|-boost|p2a: Espathra|spa|2|[from] item: Weakness Policy\n|\n|-heal|p1a: Calyrex|94\/100 tox|[from] item: Leftovers\n|-damage|p1a: Calyrex|82\/100 tox|[from] psn\n|-ability|p2a: Espathra|Speed Boost|boost\n|-boost|p2a: Espathra|spe|1\n|upkeep\n|turn|12\n|\n|t:|1698983519\n|move|p2a: Espathra|Stored Power|p1a: Calyrex\n|-resisted|p1a: Calyrex\n|-damage|p1a: Calyrex|24\/100 tox\n|move|p1a: Calyrex|Astral Barrage|p2a: Espathra\n|-supereffective|p2a: Espathra\n|-damage|p2a: Espathra|0 fnt\n|faint|p2a: Espathra\n|-ability|p1a: Calyrex|Grim Neigh|boost\n|-boost|p1a: Calyrex|spa|1\n|\n|-heal|p1a: Calyrex|30\/100 tox|[from] item: Leftovers\n|-damage|p1a: Calyrex|12\/100 tox|[from] psn\n|upkeep\n|\n|t:|1698983536\n|switch|p2a: Veluza|Veluza, M|100\/100\n|turn|13\n|\n|t:|1698983543\n|move|p1a: Calyrex|Astral Barrage|p2a: Veluza\n|-supereffective|p2a: Veluza\n|-damage|p2a: Veluza|0 fnt\n|faint|p2a: Veluza\n|-ability|p1a: Calyrex|Grim Neigh|boost\n|-boost|p1a: Calyrex|spa|1\n|\n|-heal|p1a: Calyrex|18\/100 tox|[from] item: Leftovers\n|-damage|p1a: Calyrex|0 fnt|[from] psn\n|faint|p1a: Calyrex\n|-fieldend|move: Electric Terrain\n|upkeep\n|\n|t:|1698983555\n|switch|p1a: Kingambit|Kingambit, M|100\/100\n|switch|p2a: Kingambit|Kingambit, M|100\/100\n|-damage|p1a: Kingambit|94\/100|[from] Stealth Rock\n|-activate|p1a: Kingambit|ability: Supreme Overlord\n|-start|p1a: Kingambit|fallen5|[silent]\n|-activate|p2a: Kingambit|ability: Supreme Overlord\n|-start|p2a: Kingambit|fallen4|[silent]\n|turn|14\n|\n|t:|1698983566\n|move|p1a: Kingambit|Brick Break|p2a: Kingambit\n|-supereffective|p2a: Kingambit\n|-damage|p2a: Kingambit|0 fnt\n|faint|p2a: Kingambit\n|-end|p2a: Kingambit|fallen4|[silent]\n|\n|-heal|p1a: Kingambit|100\/100|[from] item: Leftovers\n|upkeep\n|\n|t:|1698983569\n|switch|p2a: Baxcalibur|Baxcalibur, M|100\/100\n|turn|15\n|\n|t:|1698983581\n|move|p2a: Baxcalibur|Earthquake|p1a: Kingambit\n|-supereffective|p1a: Kingambit\n|-damage|p1a: Kingambit|32\/100\n|move|p1a: Kingambit|Brick Break|p2a: Baxcalibur\n|-supereffective|p2a: Baxcalibur\n|-damage|p2a: Baxcalibur|15\/100\n|\n|-heal|p1a: Kingambit|39\/100|[from] item: Leftovers\n|upkeep\n|turn|16\n|\n|t:|1698983591\n|move|p1a: Kingambit|Sucker Punch||[still]\n|-fail|p1a: Kingambit\n|move|p2a: Baxcalibur|Swords Dance|p2a: Baxcalibur\n|-boost|p2a: Baxcalibur|atk|2\n|\n|-heal|p1a: Kingambit|45\/100|[from] item: Leftovers\n|upkeep\n|turn|17\n|\n|t:|1698983601\n|move|p1a: Kingambit|Sucker Punch||[still]\n|-fail|p1a: Kingambit\n|move|p2a: Baxcalibur|Swords Dance|p2a: Baxcalibur\n|-boost|p2a: Baxcalibur|atk|2\n|\n|-heal|p1a: Kingambit|51\/100|[from] item: Leftovers\n|upkeep\n|turn|18\n|\n|t:|1698983611\n|move|p1a: Kingambit|Sucker Punch||[still]\n|-fail|p1a: Kingambit\n|move|p2a: Baxcalibur|Swords Dance|p2a: Baxcalibur\n|-boost|p2a: Baxcalibur|atk|2\n|\n|-heal|p1a: Kingambit|57\/100|[from] item: Leftovers\n|upkeep\n|turn|19\n|\n|t:|1698983617\n|move|p1a: Kingambit|Sucker Punch||[still]\n|-fail|p1a: Kingambit\n|move|p2a: Baxcalibur|Swords Dance|p2a: Baxcalibur\n|-boost|p2a: Baxcalibur|atk|0\n|\n|-heal|p1a: Kingambit|63\/100|[from] item: Leftovers\n|upkeep\n|turn|20\n|\n|t:|1698983624\n|move|p1a: Kingambit|Sucker Punch||[still]\n|-fail|p1a: Kingambit\n|move|p2a: Baxcalibur|Swords Dance|p2a: Baxcalibur\n|-boost|p2a: Baxcalibur|atk|0\n|\n|-heal|p1a: Kingambit|69\/100|[from] item: Leftovers\n|upkeep\n|turn|21\n|\n|t:|1698983637\n|move|p2a: Baxcalibur|Swords Dance|p2a: Baxcalibur\n|-boost|p2a: Baxcalibur|atk|0\n|move|p1a: Kingambit|Brick Break|p2a: Baxcalibur\n|-supereffective|p2a: Baxcalibur\n|-damage|p2a: Baxcalibur|0 fnt\n|faint|p2a: Baxcalibur\n|\n|win|Kayleb1718\n|raw|Kayleb1718's rating: 1325 &rarr; <strong>1351<\/strong><br \/>(+26 for winning)\n|raw|Dasheiki's rating: 1431 &rarr; <strong>1405<\/strong><br \/>(-26 for losing)\n|l|\u2606Dasheiki\n","uploadtime":1698983654,"views":6,"p1id":"kayleb1718","p2id":"dasheiki","formatid":"gen9anythinggoes","rating":1351,"private":0,"password":""}