{"id":"gen9anythinggoes-1986316498","p1":"jellyfiish","p2":"zed3mon","format":"[Gen 9] Anything Goes","log":"|j|\u2606jellyfiish\n|j|\u2606zed3mon\n|t:|1699468699\n|gametype|singles\n|player|p1|jellyfiish|dawn-gen4pt|1000\n|player|p2|zed3mon|red|1052\n|teamsize|p1|6\n|teamsize|p2|6\n|gen|9\n|tier|[Gen 9] Anything Goes\n|rated|\n|rule|HP Percentage Mod: HP is shown in percentages\n|rule|Endless Battle Clause: Forcing endless battles is banned\n|clearpoke\n|poke|p1|Wooper, M|\n|poke|p1|Wooper, F|\n|poke|p1|Wooper, F|\n|poke|p1|Wooper, M|\n|poke|p1|Wooper, M|\n|poke|p1|Wooper, M|\n|poke|p2|Zacian-*|\n|poke|p2|Vaporeon, M|\n|poke|p2|Roaring Moon|\n|poke|p2|Pikachu-Kalos, M|\n|poke|p2|Meowscarada, M|\n|poke|p2|Moltres|\n|teampreview\n|\n|t:|1699468706\n|start\n|switch|p1a: Wooper|Wooper, M|100\/100\n|switch|p2a: Zacian|Zacian-Crowned|100\/100\n|-ability|p2a: Zacian|Intrepid Sword|boost\n|-boost|p2a: Zacian|atk|1\n|turn|1\n|\n|t:|1699468729\n|move|p2a: Zacian|Swords Dance|p2a: Zacian\n|-boost|p2a: Zacian|atk|2\n|move|p1a: Wooper|Blizzard|p2a: Zacian\n|-resisted|p2a: Zacian\n|-damage|p2a: Zacian|96\/100\n|\n|upkeep\n|turn|2\n|\n|t:|1699468741\n|move|p2a: Zacian|Swords Dance|p2a: Zacian\n|-boost|p2a: Zacian|atk|2\n|move|p1a: Wooper|Avalanche|p2a: Zacian\n|-resisted|p2a: Zacian\n|-crit|p2a: Zacian\n|-damage|p2a: Zacian|87\/100\n|\n|upkeep\n|turn|3\n|\n|t:|1699468752\n|move|p2a: Zacian|Swords Dance|p2a: Zacian\n|-boost|p2a: Zacian|atk|1\n|move|p1a: Wooper|Avalanche|p2a: Zacian\n|-resisted|p2a: Zacian\n|-damage|p2a: Zacian|82\/100\n|\n|upkeep\n|turn|4\n|c|\u2606zed3mon|!weaknesses wooper\n|c|!zed3mon|\/raw <div class=\"infobox\">Wooper (ignoring abilities):<br \/><span class=\"message-effect-weak\">Weaknesses<\/span>: <b>Grass<\/b><br \/><span class=\"message-effect-resist\">Resistances<\/span>: Fire, Poison, Rock, Steel<br \/><span class=\"message-effect-immune\">Immunities<\/span>: Electric, Sandstorm damage<\/div>\n|\n|t:|1699468771\n|move|p2a: Zacian|Behemoth Blade|p1a: Wooper\n|-resisted|p1a: Wooper\n|-damage|p1a: Wooper|0 fnt\n|faint|p1a: Wooper\n|\n|upkeep\n|\n|t:|1699468777\n|switch|p1a: Wooper|Wooper, F|100\/100\n|turn|5\n|\n|t:|1699468784\n|move|p2a: Zacian|Behemoth Blade|p1a: Wooper\n|-resisted|p1a: Wooper\n|-damage|p1a: Wooper|0 fnt\n|faint|p1a: Wooper\n|\n|upkeep\n|\n|t:|1699468790\n|switch|p1a: Wooper|Wooper, F|100\/100\n|turn|6\n|\n|t:|1699468797\n|move|p2a: Zacian|Behemoth Blade|p1a: Wooper\n|-resisted|p1a: Wooper\n|-damage|p1a: Wooper|0 fnt\n|faint|p1a: Wooper\n|\n|upkeep\n|\n|t:|1699468815\n|switch|p1a: Wooper|Wooper, M|100\/100\n|turn|7\n|\n|t:|1699468819\n|move|p2a: Zacian|Play Rough|p1a: Wooper|[miss]\n|-miss|p2a: Zacian|p1a: Wooper\n|move|p1a: Wooper|Avalanche|p2a: Zacian\n|-resisted|p2a: Zacian\n|-damage|p2a: Zacian|76\/100\n|\n|upkeep\n|turn|8\n|\n|t:|1699468831\n|move|p2a: Zacian|Behemoth Blade|p1a: Wooper\n|-resisted|p1a: Wooper\n|-damage|p1a: Wooper|0 fnt\n|faint|p1a: Wooper\n|\n|upkeep\n|\n|t:|1699468837\n|switch|p1a: Wooper|Wooper, M|100\/100\n|turn|9\n|\n|t:|1699468842\n|move|p2a: Zacian|Close Combat|p1a: Wooper\n|-damage|p1a: Wooper|0 fnt\n|-unboost|p2a: Zacian|def|1\n|-unboost|p2a: Zacian|spd|1\n|faint|p1a: Wooper\n|\n|upkeep\n|\n|t:|1699468849\n|switch|p1a: Wooper|Wooper, M|100\/100\n|turn|10\n|\n|t:|1699468854\n|move|p2a: Zacian|Close Combat|p1a: Wooper\n|-damage|p1a: Wooper|0 fnt\n|-unboost|p2a: Zacian|def|1\n|-unboost|p2a: Zacian|spd|1\n|faint|p1a: Wooper\n|\n|win|zed3mon\n|raw|jellyfiish's rating: 1000 &rarr; <strong>1000<\/strong><br \/>(+0 for losing)\n|raw|zed3mon's rating: 1052 &rarr; <strong>1079<\/strong><br \/>(+27 for winning)\n|l|\u2606zed3mon\n","uploadtime":1699468873,"views":11,"p1id":"jellyfiish","p2id":"zed3mon","formatid":"gen9anythinggoes","rating":1000,"private":0,"password":""}