{"id":"gen9anythinggoes-1998290244","p1":"hoenn militian","p2":"Kyurem-Colourless","format":"[Gen 9] Anything Goes","log":"|j|\u2606hoenn militian\n|j|\u2606Kyurem-Colourless\n|t:|1700925339\n|gametype|singles\n|player|p1|hoenn militian|169|1781\n|player|p2|Kyurem-Colourless|lillie-masters|1619\n|teamsize|p1|6\n|teamsize|p2|6\n|gen|9\n|tier|[Gen 9] Anything Goes\n|rated|\n|rule|HP Percentage Mod: HP is shown in percentages\n|rule|Endless Battle Clause: Forcing endless battles is banned\n|clearpoke\n|poke|p1|Miraidon|\n|poke|p1|Grimmsnarl, M|\n|poke|p1|Skeledirge, M|\n|poke|p1|Moltres|\n|poke|p1|Blissey, F|\n|poke|p1|Calyrex-Ice|\n|poke|p2|Calyrex-Shadow|\n|poke|p2|Arceus-Ground|\n|poke|p2|Arceus|\n|poke|p2|Koraidon|\n|poke|p2|Arceus-Fairy|\n|poke|p2|Eternatus|\n|teampreview\n|\n|t:|1700925369\n|start\n|switch|p1a: Calyrex|Calyrex-Ice|100\/100\n|switch|p2a: Arceus|Arceus-Ground|100\/100\n|-ability|p1a: Calyrex|As One\n|-ability|p1a: Calyrex|Unnerve\n|turn|1\n|inactive|Battle timer is ON: inactive players will automatically lose when time's up. (requested by Kyurem-Colourless)\n|\n|t:|1700925376\n|move|p2a: Arceus|Stealth Rock|p1a: Calyrex\n|-sidestart|p1: hoenn militian|move: Stealth Rock\n|move|p1a: Calyrex|Glacial Lance|p2a: Arceus\n|-supereffective|p2a: Arceus\n|-damage|p2a: Arceus|0 fnt\n|faint|p2a: Arceus\n|-ability|p1a: Calyrex|Chilling Neigh|boost\n|-boost|p1a: Calyrex|atk|1\n|\n|upkeep\n|\n|t:|1700925383\n|switch|p2a: Calyrex|Calyrex-Shadow|100\/100\n|-ability|p2a: Calyrex|As One\n|-ability|p2a: Calyrex|Unnerve\n|turn|2\n|\n|t:|1700925388\n|switch|p1a: Grimmsnarl|Grimmsnarl, M|100\/100\n|move|p2a: Calyrex|Nasty Plot|p2a: Calyrex\n|-boost|p2a: Calyrex|spa|2\n|\n|upkeep\n|turn|3\n|\n|t:|1700925394\n|move|p2a: Calyrex|Baton Pass|p2a: Calyrex\n|\n|t:|1700925399\n|switch|p2a: Arceus|Arceus-Fairy|100\/100|[from] Baton Pass\n|move|p1a: Grimmsnarl|Spirit Break|p2a: Arceus\n|-damage|p2a: Arceus|79\/100\n|-unboost|p2a: Arceus|spa|1\n|\n|upkeep\n|turn|4\n|\n|t:|1700925407\n|move|p1a: Grimmsnarl|Parting Shot|p2a: Arceus\n|-unboost|p2a: Arceus|atk|1\n|-unboost|p2a: Arceus|spa|1\n|\n|t:|1700925410\n|switch|p1a: Blissey|Blissey, F|100\/100|[from] Parting Shot\n|move|p2a: Arceus|Judgment|p1a: Blissey\n|-damage|p1a: Blissey|81\/100\n|\n|upkeep\n|turn|5\n|\n|t:|1700925417\n|move|p2a: Arceus|Taunt|p1a: Blissey\n|-start|p1a: Blissey|move: Taunt\n|cant|p1a: Blissey|move: Taunt|Stealth Rock\n|\n|upkeep\n|turn|6\n|\n|t:|1700925421\n|move|p2a: Arceus|Judgment|p1a: Blissey\n|-damage|p1a: Blissey|63\/100\n|move|p1a: Blissey|Seismic Toss|p2a: Arceus\n|-damage|p2a: Arceus|53\/100\n|\n|upkeep\n|turn|7\n|\n|t:|1700925433\n|switch|p1a: Moltres|Moltres|100\/100\n|move|p2a: Arceus|Judgment|p1a: Moltres\n|-resisted|p1a: Moltres\n|-damage|p1a: Moltres|67\/100\n|\n|upkeep\n|turn|8\n|\n|t:|1700925442\n|move|p2a: Arceus|Judgment|p1a: Moltres\n|-resisted|p1a: Moltres\n|-damage|p1a: Moltres|35\/100\n|move|p1a: Moltres|Burning Jealousy|p2a: Arceus\n|-damage|p2a: Arceus|30\/100\n|\n|upkeep\n|turn|9\n|\n|t:|1700925449\n|move|p2a: Arceus|Taunt|p1a: Moltres\n|-start|p1a: Moltres|move: Taunt\n|cant|p1a: Moltres|move: Taunt|Roost\n|\n|upkeep\n|turn|10\n|\n|t:|1700925454\n|move|p2a: Arceus|Judgment|p1a: Moltres\n|-resisted|p1a: Moltres\n|-damage|p1a: Moltres|3\/100\n|move|p1a: Moltres|U-turn|p2a: Arceus\n|-resisted|p2a: Arceus\n|-damage|p2a: Arceus|25\/100\n|\n|t:|1700925461\n|switch|p1a: Miraidon|Miraidon|100\/100|[from] U-turn\n|-fieldstart|move: Electric Terrain|[from] ability: Hadron Engine|[of] p1a: Miraidon\n|\n|upkeep\n|turn|11\n|\n|t:|1700925466\n|move|p1a: Miraidon|Electro Drift|p2a: Arceus\n|-damage|p2a: Arceus|0 fnt\n|faint|p2a: Arceus\n|\n|upkeep\n|\n|t:|1700925480\n|switch|p2a: Calyrex|Calyrex-Shadow|100\/100\n|-ability|p2a: Calyrex|As One\n|-ability|p2a: Calyrex|Unnerve\n|turn|12\n|\n|t:|1700925486\n|move|p2a: Calyrex|Nasty Plot|p2a: Calyrex\n|-boost|p2a: Calyrex|spa|2\n|move|p1a: Miraidon|Electro Drift|p2a: Calyrex\n|-damage|p2a: Calyrex|8\/100\n|\n|upkeep\n|turn|13\n|\n|t:|1700925493\n|switch|p1a: Grimmsnarl|Grimmsnarl, M|100\/100\n|move|p2a: Calyrex|Baton Pass|p2a: Calyrex\n|\n|t:|1700925496\n|switch|p2a: Eternatus|Eternatus|100\/100|[from] Baton Pass\n|-ability|p2a: Eternatus|Pressure\n|\n|upkeep\n|turn|14\n|\n|t:|1700925502\n|move|p1a: Grimmsnarl|Parting Shot|p2a: Eternatus\n|-unboost|p2a: Eternatus|atk|1\n|-unboost|p2a: Eternatus|spa|1\n|\n|t:|1700925505\n|switch|p1a: Blissey|Blissey, F|63\/100|[from] Parting Shot\n|move|p2a: Eternatus|Sludge Bomb|p1a: Blissey\n|-damage|p1a: Blissey|32\/100\n|-damage|p2a: Eternatus|91\/100|[from] item: Life Orb\n|\n|-fieldend|move: Electric Terrain\n|upkeep\n|turn|15\n|\n|t:|1700925515\n|move|p2a: Eternatus|Dynamax Cannon|p1a: Blissey\n|-damage|p1a: Blissey|0 fnt\n|faint|p1a: Blissey\n|-damage|p2a: Eternatus|81\/100|[from] item: Life Orb\n|\n|upkeep\n|\n|t:|1700925520\n|switch|p1a: Calyrex|Calyrex-Ice|100\/100\n|-ability|p1a: Calyrex|As One\n|-ability|p1a: Calyrex|Unnerve\n|turn|16\n|\n|t:|1700925526\n|move|p2a: Eternatus|Fire Blast|p1a: Calyrex\n|-supereffective|p1a: Calyrex\n|-damage|p1a: Calyrex|0 fnt\n|faint|p1a: Calyrex\n|-damage|p2a: Eternatus|71\/100|[from] item: Life Orb\n|\n|upkeep\n|-message|hoenn militian forfeited.\n|\n|win|Kyurem-Colourless\n|raw|hoenn militian's rating: 1781 &rarr; <strong>1752<\/strong><br \/>(-29 for losing)\n|raw|Kyurem-Colourless's rating: 1619 &rarr; <strong>1648<\/strong><br \/>(+29 for winning)\n|l|\u2606hoenn militian\n|l|\u2606Kyurem-Colourless\n","uploadtime":1700925675,"views":0,"p1id":"hoennmilitian","p2id":"kyuremcolourless","formatid":"gen9anythinggoes","rating":1648,"private":0,"password":""}