{"id":"gen9anythinggoes-1993704974","p1":"PhantomSolos","p2":"Katayaaa","format":"[Gen 9] Anything Goes","log":"|j|\u2606PhantomSolos\n|j|\u2606Katayaaa\n|t:|1700347559\n|gametype|singles\n|player|p1|PhantomSolos|leon|1209\n|player|p2|Katayaaa|101|1148\n|teamsize|p1|6\n|teamsize|p2|6\n|gen|9\n|tier|[Gen 9] Anything Goes\n|rated|\n|rule|HP Percentage Mod: HP is shown in percentages\n|rule|Endless Battle Clause: Forcing endless battles is banned\n|clearpoke\n|poke|p1|Ribombee, M|\n|poke|p1|Zamazenta-*|\n|poke|p1|Cyclizar, M|\n|poke|p1|Chien-Pao|\n|poke|p1|Sneasler, F|\n|poke|p1|Kingambit, M|\n|poke|p2|Gliscor, F|\n|poke|p2|Gyarados, F|\n|poke|p2|Iron Jugulis|\n|poke|p2|Kingambit, F|\n|poke|p2|Braviary-Hisui, M|\n|poke|p2|Hawlucha, F|\n|teampreview\n|inactive|Battle timer is ON: inactive players will automatically lose when time's up. (requested by PhantomSolos)\n|\n|t:|1700347586\n|start\n|switch|p1a: Ribombee|Ribombee, M|100\/100\n|switch|p2a: Hawlucha|Hawlucha, F|100\/100\n|turn|1\n|\n|t:|1700347601\n|move|p1a: Ribombee|Sticky Web|p2a: Hawlucha\n|-sidestart|p2: Katayaaa|move: Sticky Web\n|move|p2a: Hawlucha|Substitute|p2a: Hawlucha\n|-start|p2a: Hawlucha|Substitute\n|-damage|p2a: Hawlucha|76\/100\n|\n|upkeep\n|turn|2\n|inactive|PhantomSolos has 120 seconds left.\n|\n|t:|1700347643\n|move|p1a: Ribombee|Reflect|p1a: Ribombee\n|-sidestart|p1: PhantomSolos|Reflect\n|move|p2a: Hawlucha|Close Combat|p1a: Ribombee\n|-resisted|p1a: Ribombee\n|-crit|p1a: Ribombee\n|-damage|p1a: Ribombee|66\/100\n|-unboost|p2a: Hawlucha|def|1\n|-unboost|p2a: Hawlucha|spd|1\n|-enditem|p2a: Hawlucha|White Herb\n|-clearnegativeboost|p2a: Hawlucha|[silent]\n|\n|upkeep\n|turn|3\n|\n|t:|1700347654\n|move|p2a: Hawlucha|Acrobatics|p1a: Ribombee\n|-supereffective|p1a: Ribombee\n|-damage|p1a: Ribombee|0 fnt\n|faint|p1a: Ribombee\n|\n|upkeep\n|\n|t:|1700347670\n|switch|p1a: Cyclizar|Cyclizar, M|100\/100\n|turn|4\n|\n|t:|1700347691\n|move|p2a: Hawlucha|Drain Punch|p1a: Cyclizar\n|-supereffective|p1a: Cyclizar\n|-damage|p1a: Cyclizar|44\/100\n|-heal|p2a: Hawlucha|100\/100|[from] drain|[of] p1a: Cyclizar\n|move|p1a: Cyclizar|Shed Tail|p1a: Cyclizar\n|-fail|p1a: Cyclizar|move: Shed Tail|[weak]\n|\n|upkeep\n|turn|5\n|\n|t:|1700347707\n|move|p2a: Hawlucha|Drain Punch|p1a: Cyclizar\n|-supereffective|p1a: Cyclizar\n|-damage|p1a: Cyclizar|0 fnt\n|faint|p1a: Cyclizar\n|\n|upkeep\n|\n|t:|1700347711\n|switch|p1a: Zamazenta|Zamazenta-Crowned|100\/100\n|-ability|p1a: Zamazenta|Dauntless Shield|boost\n|-boost|p1a: Zamazenta|def|1\n|turn|6\n|\n|t:|1700347722\n|move|p2a: Hawlucha|Drain Punch|p1a: Zamazenta\n|-supereffective|p1a: Zamazenta\n|-damage|p1a: Zamazenta|83\/100\n|move|p1a: Zamazenta|Iron Defense|p1a: Zamazenta\n|-boost|p1a: Zamazenta|def|2\n|\n|upkeep\n|turn|7\n|inactive|Katayaaa has 120 seconds left.\n|\n|t:|1700347750\n|move|p2a: Hawlucha|Close Combat|p1a: Zamazenta\n|-supereffective|p1a: Zamazenta\n|-damage|p1a: Zamazenta|65\/100\n|-unboost|p2a: Hawlucha|def|1\n|-unboost|p2a: Hawlucha|spd|1\n|move|p1a: Zamazenta|Iron Defense|p1a: Zamazenta\n|-boost|p1a: Zamazenta|def|2\n|\n|upkeep\n|turn|8\n|inactive|Katayaaa has 120 seconds left.\n|\n|t:|1700347759\n|move|p2a: Hawlucha|Close Combat|p1a: Zamazenta\n|-supereffective|p1a: Zamazenta\n|-damage|p1a: Zamazenta|52\/100\n|-unboost|p2a: Hawlucha|def|1\n|-unboost|p2a: Hawlucha|spd|1\n|move|p1a: Zamazenta|Agility|p1a: Zamazenta\n|-boost|p1a: Zamazenta|spe|2\n|\n|upkeep\n|turn|9\n|\n|t:|1700347769\n|move|p1a: Zamazenta|Body Press|p2a: Hawlucha\n|-resisted|p2a: Hawlucha\n|-end|p2a: Hawlucha|Substitute\n|move|p2a: Hawlucha|Close Combat|p1a: Zamazenta\n|-supereffective|p1a: Zamazenta\n|-damage|p1a: Zamazenta|40\/100\n|-unboost|p2a: Hawlucha|def|1\n|-unboost|p2a: Hawlucha|spd|1\n|\n|-sideend|p1: PhantomSolos|Reflect\n|upkeep\n|turn|10\n|inactive|Katayaaa has 120 seconds left.\n|\n|t:|1700347786\n|move|p1a: Zamazenta|Body Press|p2a: Hawlucha\n|-resisted|p2a: Hawlucha\n|-damage|p2a: Hawlucha|0 fnt\n|faint|p2a: Hawlucha\n|\n|upkeep\n|inactive|Katayaaa has 120 seconds left.\n|\n|t:|1700347793\n|switch|p2a: Iron Jugulis|Iron Jugulis|100\/100\n|turn|11\n|\n|t:|1700347800\n|move|p1a: Zamazenta|Body Press|p2a: Iron Jugulis\n|-enditem|p2a: Iron Jugulis|Focus Sash\n|-damage|p2a: Iron Jugulis|1\/100\n|move|p2a: Iron Jugulis|Earth Power|p1a: Zamazenta\n|-supereffective|p1a: Zamazenta\n|-damage|p1a: Zamazenta|0 fnt\n|faint|p1a: Zamazenta\n|\n|upkeep\n|\n|t:|1700347810\n|switch|p1a: Chien-Pao|Chien-Pao|100\/100\n|-ability|p1a: Chien-Pao|Sword of Ruin\n|turn|12\n|\n|t:|1700347819\n|move|p1a: Chien-Pao|Ice Spinner|p2a: Iron Jugulis\n|-supereffective|p2a: Iron Jugulis\n|-damage|p2a: Iron Jugulis|0 fnt\n|faint|p2a: Iron Jugulis\n|-end|p2a: Iron Jugulis|Quark Drive|[silent]\n|\n|upkeep\n|\n|t:|1700347827\n|switch|p2a: Gyarados|Gyarados, F|100\/100\n|-ability|p2a: Gyarados|Intimidate|boost\n|-unboost|p1a: Chien-Pao|atk|1\n|turn|13\n|\n|t:|1700347838\n|move|p1a: Chien-Pao|Ice Spinner|p2a: Gyarados\n|-damage|p2a: Gyarados|46\/100\n|move|p2a: Gyarados|Thunder Wave|p1a: Chien-Pao|[miss]\n|-miss|p2a: Gyarados|p1a: Chien-Pao\n|\n|-heal|p2a: Gyarados|52\/100|[from] item: Leftovers\n|upkeep\n|turn|14\n|\n|t:|1700347850\n|move|p1a: Chien-Pao|Ice Spinner|p2a: Gyarados\n|-damage|p2a: Gyarados|0 fnt\n|faint|p2a: Gyarados\n|\n|upkeep\n|\n|t:|1700347869\n|switch|p2a: Kingambit|Kingambit, F|100\/100\n|-activate|p2a: Kingambit|move: Sticky Web\n|-unboost|p2a: Kingambit|spe|1\n|-activate|p2a: Kingambit|ability: Supreme Overlord\n|-start|p2a: Kingambit|fallen3|[silent]\n|turn|15\n|\n|t:|1700347894\n|-terastallize|p1a: Chien-Pao|Ghost\n|-terastallize|p2a: Kingambit|Flying\n|move|p1a: Chien-Pao|Ice Spinner|p2a: Kingambit\n|-supereffective|p2a: Kingambit\n|-damage|p2a: Kingambit|21\/100\n|move|p2a: Kingambit|Swords Dance|p2a: Kingambit\n|-boost|p2a: Kingambit|atk|2\n|\n|upkeep\n|turn|16\n|\n|t:|1700347912\n|move|p2a: Kingambit|Sucker Punch|p1a: Chien-Pao\n|-supereffective|p1a: Chien-Pao\n|-damage|p1a: Chien-Pao|0 fnt\n|faint|p1a: Chien-Pao\n|\n|upkeep\n|\n|t:|1700347921\n|switch|p1a: Sneasler|Sneasler, F|100\/100\n|turn|17\n|\n|t:|1700347926\n|move|p2a: Kingambit|Sucker Punch|p1a: Sneasler\n|-resisted|p1a: Sneasler\n|-enditem|p1a: Sneasler|Focus Sash\n|-damage|p1a: Sneasler|1\/100\n|move|p1a: Sneasler|Close Combat|p2a: Kingambit\n|-resisted|p2a: Kingambit\n|-damage|p2a: Kingambit|0 fnt\n|-unboost|p1a: Sneasler|def|1\n|-unboost|p1a: Sneasler|spd|1\n|faint|p2a: Kingambit\n|-end|p2a: Kingambit|fallen3|[silent]\n|\n|upkeep\n|\n|t:|1700347942\n|switch|p2a: Gliscor|Gliscor, F|100\/100\n|turn|18\n|\n|t:|1700347958\n|move|p1a: Sneasler|Acrobatics|p2a: Gliscor\n|-damage|p2a: Gliscor|75\/100\n|move|p2a: Gliscor|Earthquake|p1a: Sneasler\n|-supereffective|p1a: Sneasler\n|-damage|p1a: Sneasler|0 fnt\n|faint|p1a: Sneasler\n|\n|-status|p2a: Gliscor|tox|[from] item: Toxic Orb\n|upkeep\n|\n|t:|1700347961\n|switch|p1a: Kingambit|Kingambit, M|100\/100\n|-activate|p1a: Kingambit|ability: Supreme Overlord\n|-start|p1a: Kingambit|fallen5|[silent]\n|turn|19\n|\n|t:|1700347976\n|move|p1a: Kingambit|Sucker Punch|p2a: Gliscor\n|-damage|p2a: Gliscor|38\/100 tox\n|move|p2a: Gliscor|Earthquake|p1a: Kingambit\n|-supereffective|p1a: Kingambit\n|-damage|p1a: Kingambit|52\/100\n|-enditem|p1a: Kingambit|Weakness Policy\n|-boost|p1a: Kingambit|atk|2|[from] item: Weakness Policy\n|-boost|p1a: Kingambit|spa|2|[from] item: Weakness Policy\n|\n|-heal|p2a: Gliscor|50\/100 tox|[from] ability: Poison Heal\n|upkeep\n|turn|20\n|\n|t:|1700347989\n|move|p2a: Gliscor|Protect|p2a: Gliscor\n|-singleturn|p2a: Gliscor|Protect\n|move|p1a: Kingambit|Sucker Punch||[still]\n|-fail|p1a: Kingambit\n|\n|-heal|p2a: Gliscor|63\/100 tox|[from] ability: Poison Heal\n|upkeep\n|turn|21\n|\n|t:|1700348003\n|move|p1a: Kingambit|Sucker Punch||[still]\n|-fail|p1a: Kingambit\n|move|p2a: Gliscor|Spikes|p1a: Kingambit\n|-sidestart|p1: PhantomSolos|Spikes\n|\n|-heal|p2a: Gliscor|75\/100 tox|[from] ability: Poison Heal\n|upkeep\n|turn|22\n|\n|t:|1700348017\n|move|p2a: Gliscor|Protect|p2a: Gliscor\n|-singleturn|p2a: Gliscor|Protect\n|move|p1a: Kingambit|Sucker Punch||[still]\n|-fail|p1a: Kingambit\n|\n|-heal|p2a: Gliscor|88\/100 tox|[from] ability: Poison Heal\n|upkeep\n|turn|23\n|\n|t:|1700348029\n|move|p2a: Gliscor|Earthquake|p1a: Kingambit\n|-supereffective|p1a: Kingambit\n|-damage|p1a: Kingambit|1\/100\n|move|p1a: Kingambit|Zen Headbutt|p2a: Gliscor\n|-damage|p2a: Gliscor|26\/100 tox\n|\n|-heal|p2a: Gliscor|39\/100 tox|[from] ability: Poison Heal\n|upkeep\n|turn|24\n|\n|t:|1700348052\n|move|p2a: Gliscor|Protect|p2a: Gliscor\n|-singleturn|p2a: Gliscor|Protect\n|move|p1a: Kingambit|Zen Headbutt|p2a: Gliscor\n|-activate|p2a: Gliscor|move: Protect\n|\n|-heal|p2a: Gliscor|51\/100 tox|[from] ability: Poison Heal\n|upkeep\n|turn|25\n|\n|t:|1700348063\n|move|p1a: Kingambit|Sucker Punch|p2a: Gliscor\n|-damage|p2a: Gliscor|0 fnt\n|faint|p2a: Gliscor\n|\n|upkeep\n|\n|t:|1700348068\n|switch|p2a: Braviary|Braviary-Hisui, M|100\/100\n|turn|26\n|\n|t:|1700348080\n|move|p1a: Kingambit|Sucker Punch||[still]\n|-fail|p1a: Kingambit\n|move|p2a: Braviary|Roost||[still]\n|-fail|p2a: Braviary|heal\n|\n|upkeep\n|turn|27\n|\n|t:|1700348088\n|move|p1a: Kingambit|Endure|p1a: Kingambit\n|-singleturn|p1a: Kingambit|move: Endure\n|move|p2a: Braviary|Defog|p1a: Kingambit\n|-unboost|p1a: Kingambit|evasion|1\n|-sideend|p1: PhantomSolos|Spikes|[from] move: Defog|[of] p2a: Braviary\n|-sideend|p2: Katayaaa|Sticky Web|[from] move: Defog|[of] p2a: Braviary\n|\n|upkeep\n|turn|28\n|\n|t:|1700348106\n|move|p1a: Kingambit|Sucker Punch||[still]\n|-fail|p1a: Kingambit\n|move|p2a: Braviary|Roost||[still]\n|-fail|p2a: Braviary|heal\n|\n|upkeep\n|turn|29\n|\n|t:|1700348119\n|move|p2a: Braviary|Esper Wing|p1a: Kingambit\n|-immune|p1a: Kingambit\n|move|p1a: Kingambit|Iron Head|p2a: Braviary\n|-damage|p2a: Braviary|0 fnt\n|faint|p2a: Braviary\n|\n|win|PhantomSolos\n|raw|PhantomSolos's rating: 1209 &rarr; <strong>1230<\/strong><br \/>(+21 for winning)\n|raw|Katayaaa's rating: 1148 &rarr; <strong>1127<\/strong><br \/>(-21 for losing)\n","uploadtime":1700348134,"views":10,"p1id":"phantomsolos","p2id":"katayaaa","formatid":"gen9anythinggoes","rating":1127,"private":0,"password":""}