{"id":"gen9anythinggoes-1982467684","p1":"Hirokimon","p2":"Jellame","format":"[Gen 9] Anything Goes","log":"|j|\u2606Hirokimon\n|j|\u2606Jellame\n|t:|1699017648\n|gametype|singles\n|player|p1|Hirokimon|veteran|1349\n|player|p2|Jellame|265|1330\n|teamsize|p1|6\n|teamsize|p2|6\n|gen|9\n|tier|[Gen 9] Anything Goes\n|rated|\n|rule|HP Percentage Mod: HP is shown in percentages\n|rule|Endless Battle Clause: Forcing endless battles is banned\n|clearpoke\n|poke|p1|Maushold|\n|poke|p1|Ditto|\n|poke|p1|Flamigo, M|\n|poke|p1|Scizor, M|\n|poke|p1|Garchomp, F|\n|poke|p1|Basculegion, M|\n|poke|p2|Kyogre|\n|poke|p2|Rayquaza|\n|poke|p2|Mewtwo|\n|poke|p2|Palkia-Origin|\n|poke|p2|Zacian-*|\n|poke|p2|Landorus-Therian, M|\n|teampreview\n|\n|t:|1699017654\n|start\n|switch|p1a: Don't Attack|Garchomp, F|100\/100\n|switch|p2a: Zacian|Zacian-Crowned, shiny|100\/100\n|-ability|p2a: Zacian|Intrepid Sword|boost\n|-boost|p2a: Zacian|atk|1\n|turn|1\n|\n|t:|1699017663\n|move|p2a: Zacian|Swords Dance|p2a: Zacian\n|-boost|p2a: Zacian|atk|2\n|move|p1a: Don't Attack|Stealth Rock|p2a: Zacian\n|-sidestart|p2: Jellame|move: Stealth Rock\n|\n|upkeep\n|turn|2\n|\n|t:|1699017669\n|move|p2a: Zacian|Play Rough|p1a: Don't Attack\n|-supereffective|p1a: Don't Attack\n|-damage|p1a: Don't Attack|0 fnt\n|-damage|p2a: Zacian|88\/100|[from] ability: Rough Skin|[of] p1a: Don't Attack\n|-damage|p2a: Zacian|72\/100|[from] item: Rocky Helmet|[of] p1a: Don't Attack\n|faint|p1a: Don't Attack\n|\n|upkeep\n|\n|t:|1699017686\n|switch|p1a: FlaminGO|Flamigo, M|100\/100\n|turn|3\n|\n|t:|1699017697\n|move|p2a: Zacian|Play Rough|p1a: FlaminGO\n|-supereffective|p1a: FlaminGO\n|-damage|p1a: FlaminGO|0 fnt\n|faint|p1a: FlaminGO\n|\n|upkeep\n|\n|t:|1699017716\n|switch|p1a: Famaus|Maushold|100\/100\n|turn|4\n|\n|t:|1699017723\n|-terastallize|p1a: Famaus|Normal\n|move|p2a: Zacian|Sacred Sword|p1a: Famaus\n|-supereffective|p1a: Famaus\n|-damage|p1a: Famaus|0 fnt\n|faint|p1a: Famaus\n|\n|upkeep\n|\n|t:|1699017734\n|switch|p1a: Yu|Ditto, shiny|100\/100\n|-transform|p1a: Yu|p2a: Zacian|[from] ability: Imposter\n|-ability|p1a: Yu|Intrepid Sword|boost\n|-boost|p1a: Yu|atk|1\n|turn|5\n|\n|t:|1699017750\n|move|p1a: Yu|Play Rough|p2a: Zacian\n|-resisted|p2a: Zacian\n|-damage|p2a: Zacian|0 fnt\n|faint|p2a: Zacian\n|\n|upkeep\n|\n|t:|1699017783\n|switch|p2a: Palkia|Palkia-Origin, shiny|100\/100\n|-damage|p2a: Palkia|88\/100|[from] Stealth Rock\n|-ability|p2a: Palkia|Pressure\n|turn|6\n|\n|t:|1699017795\n|-terastallize|p2a: Palkia|Normal\n|move|p1a: Yu|Play Rough|p2a: Palkia\n|-damage|p2a: Palkia|0 fnt\n|faint|p2a: Palkia\n|\n|upkeep\n|\n|t:|1699017805\n|switch|p2a: Kyogre|Kyogre, shiny|100\/100\n|-damage|p2a: Kyogre|88\/100|[from] Stealth Rock\n|-weather|RainDance|[from] ability: Drizzle|[of] p2a: Kyogre\n|turn|7\n|-message|Jellame forfeited.\n|\n|win|Hirokimon\n|raw|Hirokimon's rating: 1349 &rarr; <strong>1368<\/strong><br \/>(+19 for winning)\n|raw|Jellame's rating: 1330 &rarr; <strong>1311<\/strong><br \/>(-19 for losing)\n|l|\u2606Jellame\n|c|\u2606Hirokimon|Ggs\n","uploadtime":1699017825,"views":6,"p1id":"hirokimon","p2id":"jellame","formatid":"gen9anythinggoes","rating":1311,"private":0,"password":""}