{"id":"gen9anythinggoes-1990122575","p1":"Novalalexal","p2":"CorruptTempest","format":"[Gen 9] Anything Goes","log":"|j|\u2606Novalalexal\n|j|\u2606CorruptTempest\n|t:|1699926962\n|gametype|singles\n|player|p1|Novalalexal|102|\n|player|p2|CorruptTempest|guitarist|\n|teamsize|p1|6\n|teamsize|p2|6\n|gen|9\n|tier|[Gen 9] Anything Goes\n|rule|HP Percentage Mod: HP is shown in percentages\n|rule|Endless Battle Clause: Forcing endless battles is banned\n|clearpoke\n|poke|p1|Gliscor, M|\n|poke|p1|Vikavolt, F|\n|poke|p1|Ariados, F|\n|poke|p1|Yanmega, M|\n|poke|p1|Arbok, M|\n|poke|p1|Mimikyu, M|\n|poke|p2|Thundurus, M|\n|poke|p2|Corviknight, F|\n|poke|p2|Gliscor, M|\n|poke|p2|Walking Wake|\n|poke|p2|Dragonite, F|\n|poke|p2|Hawlucha, M|\n|teampreview\n|\n|t:|1699926983\n|start\n|switch|p1a: Ariados|Ariados, F, shiny|100\/100\n|switch|p2a: Moist|Thundurus, M, shiny|100\/100\n|turn|1\n|\n|t:|1699927001\n|move|p2a: Moist|Rain Dance|p2a: Moist\n|-weather|RainDance\n|move|p1a: Ariados|Sticky Web|p2a: Moist\n|-sidestart|p2: CorruptTempest|move: Sticky Web\n|\n|-weather|RainDance|[upkeep]\n|upkeep\n|turn|2\n|\n|t:|1699927014\n|move|p2a: Moist|U-turn|p1a: Ariados\n|-resisted|p1a: Ariados\n|-crit|p1a: Ariados\n|-damage|p1a: Ariados|83\/100\n|\n|t:|1699927023\n|switch|p2a: Walking Whoop-Ass|Walking Wake|100\/100|[from] U-turn\n|-activate|p2a: Walking Whoop-Ass|move: Sticky Web\n|-unboost|p2a: Walking Whoop-Ass|spe|1\n|move|p1a: Ariados|Toxic Thread|p2a: Walking Whoop-Ass\n|-unboost|p2a: Walking Whoop-Ass|spe|1\n|-status|p2a: Walking Whoop-Ass|psn\n|\n|-weather|RainDance|[upkeep]\n|-damage|p2a: Walking Whoop-Ass|88\/100 psn|[from] psn\n|upkeep\n|turn|3\n|\n|t:|1699927043\n|-terastallize|p2a: Walking Whoop-Ass|Flying\n|move|p1a: Ariados|Megahorn|p2a: Walking Whoop-Ass\n|-resisted|p2a: Walking Whoop-Ass\n|-damage|p2a: Walking Whoop-Ass|69\/100 psn\n|move|p2a: Walking Whoop-Ass|Hurricane|p1a: Ariados\n|-supereffective|p1a: Ariados\n|-damage|p1a: Ariados|0 fnt\n|faint|p1a: Ariados\n|\n|-weather|RainDance|[upkeep]\n|-damage|p2a: Walking Whoop-Ass|56\/100 psn|[from] psn\n|upkeep\n|\n|t:|1699927061\n|switch|p1a: Yanmega|Yanmega, M, shiny|100\/100\n|turn|4\n|\n|t:|1699927070\n|move|p1a: Yanmega|Ancient Power|p2a: Walking Whoop-Ass\n|-supereffective|p2a: Walking Whoop-Ass\n|-damage|p2a: Walking Whoop-Ass|26\/100 psn\n|move|p2a: Walking Whoop-Ass|Hurricane|p1a: Yanmega\n|-supereffective|p1a: Yanmega\n|-damage|p1a: Yanmega|0 fnt\n|faint|p1a: Yanmega\n|\n|-weather|RainDance|[upkeep]\n|-damage|p2a: Walking Whoop-Ass|14\/100 psn|[from] psn\n|upkeep\n|\n|t:|1699927091\n|switch|p1a: Gliscor|Gliscor, M, shiny|100\/100\n|turn|5\n|\n|t:|1699927098\n|-terastallize|p1a: Gliscor|Normal\n|move|p1a: Gliscor|Facade|p2a: Walking Whoop-Ass\n|-damage|p2a: Walking Whoop-Ass|0 fnt\n|faint|p2a: Walking Whoop-Ass\n|-end|p2a: Walking Whoop-Ass|Protosynthesis|[silent]\n|\n|-weather|RainDance|[upkeep]\n|-status|p1a: Gliscor|tox|[from] item: Toxic Orb\n|upkeep\n|\n|t:|1699927107\n|switch|p2a: Sike|Hawlucha, M, shiny|100\/100\n|turn|6\n|\n|t:|1699927121\n|move|p2a: Sike|Swords Dance|p2a: Sike\n|-boost|p2a: Sike|atk|2\n|move|p1a: Gliscor|Facade|p2a: Sike\n|-damage|p2a: Sike|19\/100\n|\n|-weather|RainDance|[upkeep]\n|upkeep\n|turn|7\n|\n|t:|1699927147\n|switch|p1a: Mimikyu|Mimikyu, M, shiny|100\/100\n|move|p2a: Sike|Flying Press|p1a: Mimikyu\n|-immune|p1a: Mimikyu\n|\n|-weather|RainDance|[upkeep]\n|upkeep\n|turn|8\n|\n|t:|1699927159\n|move|p2a: Sike|Endure|p2a: Sike\n|-singleturn|p2a: Sike|move: Endure\n|move|p1a: Mimikyu|Swords Dance|p1a: Mimikyu\n|-boost|p1a: Mimikyu|atk|2\n|\n|-weather|none\n|upkeep\n|turn|9\n|\n|t:|1699927174\n|switch|p2a: No U|Corviknight, F|100\/100\n|move|p1a: Mimikyu|Swords Dance|p1a: Mimikyu\n|-boost|p1a: Mimikyu|atk|2\n|\n|upkeep\n|turn|10\n|\n|t:|1699927186\n|move|p1a: Mimikyu|Drain Punch|p2a: No U\n|-damage|p2a: No U|46\/100\n|-damage|p1a: Mimikyu|84\/100|[from] item: Rocky Helmet|[of] p2a: No U\n|-damage|p1a: Mimikyu|74\/100|[from] item: Life Orb\n|move|p2a: No U|Iron Defense|p2a: No U\n|-boost|p2a: No U|def|2\n|\n|upkeep\n|turn|11\n|\n|t:|1699927196\n|move|p1a: Mimikyu|Drain Punch|p2a: No U\n|-damage|p2a: No U|20\/100\n|-heal|p1a: Mimikyu|95\/100|[from] drain|[of] p2a: No U\n|-damage|p1a: Mimikyu|78\/100|[from] item: Rocky Helmet|[of] p2a: No U\n|-damage|p1a: Mimikyu|68\/100|[from] item: Life Orb\n|move|p2a: No U|Roost|p2a: No U\n|-heal|p2a: No U|70\/100\n|-singleturn|p2a: No U|move: Roost\n|\n|upkeep\n|turn|12\n|\n|t:|1699927210\n|move|p1a: Mimikyu|Swords Dance|p1a: Mimikyu\n|-boost|p1a: Mimikyu|atk|2\n|move|p2a: No U|Iron Defense|p2a: No U\n|-boost|p2a: No U|def|2\n|\n|upkeep\n|turn|13\n|\n|t:|1699927223\n|move|p1a: Mimikyu|Drain Punch|p2a: No U\n|-damage|p2a: No U|46\/100\n|-heal|p1a: Mimikyu|87\/100|[from] drain|[of] p2a: No U\n|-damage|p1a: Mimikyu|70\/100|[from] item: Rocky Helmet|[of] p2a: No U\n|-damage|p1a: Mimikyu|60\/100|[from] item: Life Orb\n|move|p2a: No U|Iron Defense|p2a: No U\n|-boost|p2a: No U|def|2\n|\n|upkeep\n|turn|14\n|\n|t:|1699927236\n|move|p1a: Mimikyu|Drain Punch|p2a: No U\n|-damage|p2a: No U|30\/100\n|-heal|p1a: Mimikyu|73\/100|[from] drain|[of] p2a: No U\n|-damage|p1a: Mimikyu|56\/100|[from] item: Rocky Helmet|[of] p2a: No U\n|-damage|p1a: Mimikyu|47\/100|[from] item: Life Orb\n|move|p2a: No U|Roost|p2a: No U\n|-heal|p2a: No U|80\/100\n|-singleturn|p2a: No U|move: Roost\n|\n|upkeep\n|turn|15\n|\n|t:|1699927267\n|move|p1a: Mimikyu|Play Rough|p2a: No U\n|-resisted|p2a: No U\n|-crit|p2a: No U\n|-damage|p2a: No U|0 fnt\n|-damage|p1a: Mimikyu|30\/100|[from] item: Rocky Helmet|[of] p2a: No U\n|faint|p2a: No U\n|-damage|p1a: Mimikyu|20\/100|[from] item: Life Orb\n|\n|upkeep\n|\n|t:|1699927300\n|switch|p2a: Puff|Dragonite, F, shiny|100\/100\n|turn|16\n|\n|t:|1699927314\n|move|p1a: Mimikyu|Drain Punch|p2a: Puff\n|-resisted|p2a: Puff\n|-damage|p2a: Puff|75\/100\n|-heal|p1a: Mimikyu|39\/100|[from] drain|[of] p2a: Puff\n|-damage|p1a: Mimikyu|29\/100|[from] item: Life Orb\n|move|p2a: Puff|Fire Punch|p1a: Mimikyu\n|-activate|p1a: Mimikyu|ability: Disguise\n|-damage|p1a: Mimikyu|29\/100\n|detailschange|p1a: Mimikyu|Mimikyu-Busted, M, shiny\n|-damage|p1a: Mimikyu|17\/100|[from] pokemon: Mimikyu-Busted\n|\n|-heal|p2a: Puff|82\/100|[from] item: Leftovers\n|upkeep\n|turn|17\n|\n|t:|1699927335\n|move|p1a: Mimikyu|Play Rough|p2a: Puff|[miss]\n|-miss|p1a: Mimikyu|p2a: Puff\n|move|p2a: Puff|Fire Punch|p1a: Mimikyu\n|-damage|p1a: Mimikyu|0 fnt\n|faint|p1a: Mimikyu\n|\n|-heal|p2a: Puff|88\/100|[from] item: Leftovers\n|upkeep\n|\n|t:|1699927355\n|switch|p1a: Gliscor|Gliscor, M, shiny, tera:Normal|100\/100 tox\n|turn|18\n|\n|t:|1699927393\n|move|p1a: Gliscor|Facade|p2a: Puff\n|-damage|p2a: Puff|33\/100\n|move|p2a: Puff|Dragon Dance|p2a: Puff\n|-boost|p2a: Puff|atk|1\n|-boost|p2a: Puff|spe|1\n|\n|-heal|p2a: Puff|39\/100|[from] item: Leftovers\n|upkeep\n|turn|19\n|\n|t:|1699927402\n|move|p2a: Puff|Roost|p2a: Puff\n|-heal|p2a: Puff|89\/100\n|-singleturn|p2a: Puff|move: Roost\n|move|p1a: Gliscor|Facade|p2a: Puff\n|-damage|p2a: Puff|35\/100\n|\n|-heal|p2a: Puff|42\/100|[from] item: Leftovers\n|upkeep\n|turn|20\n|\n|t:|1699927416\n|move|p2a: Puff|Dragon Claw|p1a: Gliscor\n|-damage|p1a: Gliscor|42\/100 tox\n|move|p1a: Gliscor|Facade|p2a: Puff\n|-damage|p2a: Puff|0 fnt\n|faint|p2a: Puff\n|\n|-heal|p1a: Gliscor|54\/100 tox|[from] ability: Poison Heal\n|upkeep\n|\n|t:|1699927427\n|switch|p2a: Moist|Thundurus, M, shiny|100\/100\n|turn|21\n|\n|t:|1699927438\n|move|p2a: Moist|Wildbolt Storm|p1a: Gliscor\n|-damage|p1a: Gliscor|0 fnt\n|faint|p1a: Gliscor\n|\n|upkeep\n|\n|t:|1699927445\n|switch|p1a: Arbok|Arbok, M, shiny|100\/100\n|-ability|p1a: Arbok|Intimidate|boost\n|-unboost|p2a: Moist|atk|1\n|-item|p1a: Arbok|Air Balloon\n|turn|22\n|\n|t:|1699927465\n|move|p2a: Moist|Nasty Plot|p2a: Moist\n|-boost|p2a: Moist|spa|2\n|move|p1a: Arbok|Gunk Shot|p2a: Moist\n|-damage|p2a: Moist|28\/100\n|\n|upkeep\n|turn|23\n|\n|t:|1699927475\n|move|p2a: Moist|Wildbolt Storm|p1a: Arbok\n|-damage|p1a: Arbok|0 fnt\n|-enditem|p1a: Arbok|Air Balloon\n|faint|p1a: Arbok\n|\n|upkeep\n|\n|t:|1699927482\n|switch|p1a: Vikavolt|Vikavolt, F, shiny|100\/100\n|turn|24\n|\n|t:|1699927505\n|move|p2a: Moist|Wildbolt Storm|p1a: Vikavolt\n|-resisted|p1a: Vikavolt\n|-damage|p1a: Vikavolt|32\/100\n|move|p1a: Vikavolt|Bug Buzz|p2a: Moist\n|-resisted|p2a: Moist\n|-damage|p2a: Moist|0 fnt\n|faint|p2a: Moist\n|\n|upkeep\n|\n|t:|1699927513\n|switch|p2a: Sir Pinchy|Gliscor, M|100\/100\n|turn|25\n|\n|t:|1699927523\n|move|p2a: Sir Pinchy|Cross Poison|p1a: Vikavolt\n|-damage|p1a: Vikavolt|10\/100\n|move|p1a: Vikavolt|Bug Buzz|p2a: Sir Pinchy\n|-resisted|p2a: Sir Pinchy\n|-damage|p2a: Sir Pinchy|50\/100\n|\n|-status|p2a: Sir Pinchy|tox|[from] item: Toxic Orb\n|upkeep\n|turn|26\n|\n|t:|1699927533\n|move|p2a: Sir Pinchy|Facade|p1a: Vikavolt\n|-crit|p1a: Vikavolt\n|-damage|p1a: Vikavolt|0 fnt\n|faint|p1a: Vikavolt\n|\n|win|CorruptTempest\n|c|\u2606CorruptTempest|GG\n","uploadtime":1699927552,"views":5,"p1id":"novalalexal","p2id":"corrupttempest","formatid":"gen9anythinggoes","rating":0,"private":0,"password":""}