{"id":"gen9anythinggoes-1982097054","p1":"Beezba","p2":"Hex Offenders","format":"[Gen 9] Anything Goes","log":"|j|\u2606Beezba\n|j|\u2606Hex Offenders\n|t:|1698967528\n|gametype|singles\n|player|p1|Beezba|roxie|\n|player|p2|Hex Offenders|medium|\n|teamsize|p1|6\n|teamsize|p2|6\n|gen|9\n|tier|[Gen 9] Anything Goes\n|rule|HP Percentage Mod: HP is shown in percentages\n|rule|Endless Battle Clause: Forcing endless battles is banned\n|clearpoke\n|poke|p1|Grimmsnarl, M|\n|poke|p1|Amoonguss, F|\n|poke|p1|Gastrodon, M|\n|poke|p1|Volcarona, F|\n|poke|p1|Iron Bundle|\n|poke|p1|Mienshao, M|\n|poke|p2|Corviknight, F|\n|poke|p2|Lokix, F|\n|poke|p2|Snorlax, F|\n|poke|p2|Infernape, M|\n|poke|p2|Baxcalibur, F|\n|poke|p2|Azumarill, M|\n|teampreview\n|j| frog daddy 224\n|\n|t:|1698967545\n|start\n|switch|p1a: Iron Bundle|Iron Bundle|100\/100\n|switch|p2a: Thanos|Snorlax, F|100\/100\n|-enditem|p1a: Iron Bundle|Booster Energy\n|-activate|p1a: Iron Bundle|ability: Quark Drive|[fromitem]\n|-start|p1a: Iron Bundle|quarkdrivespe\n|turn|1\n|j| Mineplex440\n|\n|t:|1698967568\n|-end|p1a: Iron Bundle|Quark Drive|[silent]\n|switch|p1a: Mienshao|Mienshao, M|100\/100\n|move|p2a: Thanos|Giga Impact|p1a: Mienshao|[miss]\n|-miss|p2a: Thanos|p1a: Mienshao\n|\n|upkeep\n|turn|2\n|l| Mineplex440\n|\n|t:|1698967586\n|move|p1a: Mienshao|Drain Punch|p2a: Thanos\n|-supereffective|p2a: Thanos\n|-damage|p2a: Thanos|30\/100\n|move|p2a: Thanos|Giga Impact|p1a: Mienshao\n|-damage|p1a: Mienshao|0 fnt\n|-mustrecharge|p2a: Thanos\n|faint|p1a: Mienshao\n|\n|-heal|p2a: Thanos|36\/100|[from] item: Leftovers\n|upkeep\n|\n|t:|1698967629\n|switch|p1a: Gastrodon|Gastrodon, M|100\/100\n|turn|3\n|\n|t:|1698967645\n|move|p1a: Gastrodon|Earthquake|p2a: Thanos\n|-damage|p2a: Thanos|7\/100\n|cant|p2a: Thanos|recharge\n|\n|-heal|p2a: Thanos|13\/100|[from] item: Leftovers\n|upkeep\n|turn|4\n|\n|t:|1698967652\n|switch|p2a: Dark Knight|Corviknight, F, shiny|100\/100\n|move|p1a: Gastrodon|Earthquake|p2a: Dark Knight\n|-immune|p2a: Dark Knight\n|\n|upkeep\n|turn|5\n|\n|t:|1698967664\n|switch|p1a: Volcarona|Volcarona, F|100\/100\n|move|p2a: Dark Knight|Drill Peck|p1a: Volcarona\n|-supereffective|p1a: Volcarona\n|-damage|p1a: Volcarona|25\/100\n|\n|upkeep\n|turn|6\n|\n|t:|1698967689\n|switch|p2a: Twinkie|Azumarill, M, shiny|100\/100\n|move|p1a: Volcarona|Protect||[still]\n|-fail|p1a: Volcarona\n|\n|upkeep\n|turn|7\n|\n|t:|1698967705\n|switch|p1a: Gastrodon|Gastrodon, M|100\/100\n|move|p2a: Twinkie|Liquidation|p1a: Gastrodon\n|-ability|p1a: Gastrodon|Storm Drain|boost\n|-boost|p1a: Gastrodon|spa|1\n|\n|upkeep\n|turn|8\n|\n|t:|1698967719\n|switch|p2a: Dark Knight|Corviknight, F, shiny|100\/100\n|move|p1a: Gastrodon|Chilling Water|p2a: Dark Knight\n|-damage|p2a: Dark Knight|75\/100\n|-ability|p2a: Dark Knight|Mirror Armor\n|-unboost|p1a: Gastrodon|atk|1\n|\n|upkeep\n|turn|9\n|\n|t:|1698967733\n|switch|p1a: Iron Bundle|Iron Bundle|100\/100\n|move|p2a: Dark Knight|Substitute|p2a: Dark Knight\n|-start|p2a: Dark Knight|Substitute\n|-damage|p2a: Dark Knight|50\/100\n|\n|upkeep\n|turn|10\n|\n|t:|1698967753\n|move|p1a: Iron Bundle|Hydro Pump|p2a: Dark Knight|[miss]\n|-miss|p1a: Iron Bundle|p2a: Dark Knight\n|move|p2a: Dark Knight|Bulk Up|p2a: Dark Knight\n|-boost|p2a: Dark Knight|atk|1\n|-boost|p2a: Dark Knight|def|1\n|\n|upkeep\n|turn|11\n|\n|t:|1698967767\n|move|p1a: Iron Bundle|Ice Beam|p2a: Dark Knight\n|-crit|p2a: Dark Knight\n|-end|p2a: Dark Knight|Substitute\n|move|p2a: Dark Knight|Roost|p2a: Dark Knight\n|-heal|p2a: Dark Knight|99\/100\n|-singleturn|p2a: Dark Knight|move: Roost\n|\n|upkeep\n|turn|12\n|\n|t:|1698967799\n|switch|p2a: Icecalibur|Baxcalibur, F|100\/100\n|move|p1a: Iron Bundle|Ice Beam|p2a: Icecalibur\n|-damage|p2a: Icecalibur|58\/100\n|\n|upkeep\n|turn|13\n|\n|t:|1698967862\n|switch|p2a: Twinkie|Azumarill, M, shiny|100\/100\n|move|p1a: Iron Bundle|Ice Beam|p2a: Twinkie\n|-resisted|p2a: Twinkie\n|-damage|p2a: Twinkie|77\/100\n|\n|upkeep\n|turn|14\n|\n|t:|1698967869\n|move|p1a: Iron Bundle|Freeze-Dry|p2a: Twinkie\n|-supereffective|p2a: Twinkie\n|-damage|p2a: Twinkie|12\/100\n|-enditem|p2a: Twinkie|Sitrus Berry|[eat]\n|-heal|p2a: Twinkie|37\/100|[from] item: Sitrus Berry\n|move|p2a: Twinkie|Knock Off|p1a: Iron Bundle\n|-damage|p1a: Iron Bundle|81\/100\n|\n|upkeep\n|turn|15\n|\n|t:|1698967882\n|switch|p2a: Monkey D Luffy|Infernape, M, shiny|100\/100\n|move|p1a: Iron Bundle|Freeze-Dry|p2a: Monkey D Luffy\n|-resisted|p2a: Monkey D Luffy\n|-damage|p2a: Monkey D Luffy|79\/100\n|\n|upkeep\n|turn|16\n|\n|t:|1698967922\n|-end|p1a: Iron Bundle|Quark Drive|[silent]\n|switch|p1a: Gastrodon|Gastrodon, M|100\/100\n|move|p2a: Monkey D Luffy|Fire Blast|p1a: Gastrodon\n|-resisted|p1a: Gastrodon\n|-damage|p1a: Gastrodon|80\/100\n|\n|-heal|p1a: Gastrodon|86\/100|[from] item: Leftovers\n|upkeep\n|turn|17\n|\n|t:|1698967931\n|switch|p2a: Dark Knight|Corviknight, F, shiny|99\/100\n|move|p1a: Gastrodon|Earthquake|p2a: Dark Knight\n|-immune|p2a: Dark Knight\n|\n|-heal|p1a: Gastrodon|92\/100|[from] item: Leftovers\n|upkeep\n|turn|18\n|\n|t:|1698967944\n|switch|p1a: Iron Bundle|Iron Bundle|81\/100\n|move|p2a: Dark Knight|Drill Peck|p1a: Iron Bundle\n|-damage|p1a: Iron Bundle|50\/100\n|\n|upkeep\n|turn|19\n|\n|t:|1698967949\n|switch|p2a: Monkey D Luffy|Infernape, M, shiny|79\/100\n|move|p1a: Iron Bundle|Ice Beam|p2a: Monkey D Luffy\n|-resisted|p2a: Monkey D Luffy\n|-damage|p2a: Monkey D Luffy|48\/100\n|\n|upkeep\n|turn|20\n|\n|t:|1698967957\n|-end|p1a: Iron Bundle|Quark Drive|[silent]\n|switch|p1a: Gastrodon|Gastrodon, M|92\/100\n|move|p2a: Monkey D Luffy|Brick Break|p1a: Gastrodon\n|-damage|p1a: Gastrodon|57\/100\n|\n|-heal|p1a: Gastrodon|63\/100|[from] item: Leftovers\n|upkeep\n|turn|21\n|\n|t:|1698967979\n|switch|p2a: Dark Knight|Corviknight, F, shiny|99\/100\n|move|p1a: Gastrodon|Earth Power|p2a: Dark Knight\n|-immune|p2a: Dark Knight\n|\n|-heal|p1a: Gastrodon|69\/100|[from] item: Leftovers\n|upkeep\n|turn|22\n|\n|t:|1698968028\n|switch|p1a: Iron Bundle|Iron Bundle|50\/100\n|move|p2a: Dark Knight|Drill Peck|p1a: Iron Bundle\n|-damage|p1a: Iron Bundle|22\/100\n|\n|upkeep\n|turn|23\n|\n|t:|1698968046\n|switch|p2a: Monkey D Luffy|Infernape, M, shiny|48\/100\n|move|p1a: Iron Bundle|Hydro Pump|p2a: Monkey D Luffy|[miss]\n|-miss|p1a: Iron Bundle|p2a: Monkey D Luffy\n|\n|upkeep\n|turn|24\n|\n|t:|1698968060\n|-end|p1a: Iron Bundle|Quark Drive|[silent]\n|switch|p1a: Gastrodon|Gastrodon, M|69\/100\n|move|p2a: Monkey D Luffy|Vacuum Wave|p1a: Gastrodon\n|-damage|p1a: Gastrodon|54\/100\n|\n|-heal|p1a: Gastrodon|60\/100|[from] item: Leftovers\n|upkeep\n|turn|25\n|\n|t:|1698968070\n|switch|p2a: Dark Knight|Corviknight, F, shiny|99\/100\n|move|p1a: Gastrodon|Chilling Water|p2a: Dark Knight\n|-damage|p2a: Dark Knight|83\/100\n|-ability|p2a: Dark Knight|Mirror Armor\n|-unboost|p1a: Gastrodon|atk|1\n|\n|-heal|p1a: Gastrodon|66\/100|[from] item: Leftovers\n|upkeep\n|turn|26\n|\n|t:|1698968118\n|switch|p1a: Grimmsnarl|Grimmsnarl, M|100\/100\n|move|p2a: Dark Knight|Drill Peck|p1a: Grimmsnarl\n|-damage|p1a: Grimmsnarl|64\/100\n|\n|upkeep\n|turn|27\n|\n|t:|1698968129\n|move|p2a: Dark Knight|Drill Peck|p1a: Grimmsnarl\n|-damage|p1a: Grimmsnarl|28\/100\n|move|p1a: Grimmsnarl|Thunder Punch|p2a: Dark Knight\n|-supereffective|p2a: Dark Knight\n|-damage|p2a: Dark Knight|42\/100\n|-damage|p1a: Grimmsnarl|11\/100|[from] item: Rocky Helmet|[of] p2a: Dark Knight\n|\n|upkeep\n|turn|28\n|\n|t:|1698968139\n|move|p1a: Grimmsnarl|Fake Out||[still]\n|-hint|Fake Out only works on your first turn out.\n|-fail|p1a: Grimmsnarl\n|move|p2a: Dark Knight|Drill Peck|p1a: Grimmsnarl\n|-damage|p1a: Grimmsnarl|0 fnt\n|faint|p1a: Grimmsnarl\n|\n|upkeep\n|\n|t:|1698968191\n|switch|p1a: Gastrodon|Gastrodon, M|66\/100\n|turn|29\n|\n|t:|1698968199\n|move|p2a: Dark Knight|Roost|p2a: Dark Knight\n|-heal|p2a: Dark Knight|92\/100\n|-singleturn|p2a: Dark Knight|move: Roost\n|move|p1a: Gastrodon|Chilling Water|p2a: Dark Knight\n|-damage|p2a: Dark Knight|74\/100\n|-ability|p2a: Dark Knight|Mirror Armor\n|-unboost|p1a: Gastrodon|atk|1\n|\n|-heal|p1a: Gastrodon|72\/100|[from] item: Leftovers\n|upkeep\n|turn|30\n|\n|t:|1698968215\n|move|p2a: Dark Knight|Substitute|p2a: Dark Knight\n|-start|p2a: Dark Knight|Substitute\n|-damage|p2a: Dark Knight|49\/100\n|move|p1a: Gastrodon|Recover|p1a: Gastrodon\n|-heal|p1a: Gastrodon|100\/100\n|\n|upkeep\n|turn|31\n|\n|t:|1698968224\n|move|p2a: Dark Knight|Bulk Up|p2a: Dark Knight\n|-boost|p2a: Dark Knight|atk|1\n|-boost|p2a: Dark Knight|def|1\n|move|p1a: Gastrodon|Chilling Water|p2a: Dark Knight\n|-activate|p2a: Dark Knight|move: Substitute|[damage]\n|\n|upkeep\n|turn|32\n|\n|t:|1698968231\n|switch|p1a: Iron Bundle|Iron Bundle|22\/100\n|move|p2a: Dark Knight|Roost|p2a: Dark Knight\n|-heal|p2a: Dark Knight|99\/100\n|-singleturn|p2a: Dark Knight|move: Roost\n|\n|upkeep\n|turn|33\n|\n|t:|1698968238\n|move|p1a: Iron Bundle|Ice Beam|p2a: Dark Knight\n|-end|p2a: Dark Knight|Substitute\n|move|p2a: Dark Knight|Drill Peck|p1a: Iron Bundle\n|-damage|p1a: Iron Bundle|0 fnt\n|faint|p1a: Iron Bundle\n|-end|p1a: Iron Bundle|Quark Drive|[silent]\n|\n|upkeep\n|\n|t:|1698968250\n|switch|p1a: Amoonguss|Amoonguss, F|100\/100\n|turn|34\n|\n|t:|1698968263\n|move|p2a: Dark Knight|Drill Peck|p1a: Amoonguss\n|-supereffective|p1a: Amoonguss\n|-damage|p1a: Amoonguss|16\/100\n|move|p1a: Amoonguss|Spore|p2a: Dark Knight\n|-status|p2a: Dark Knight|slp|[from] move: Spore\n|\n|-heal|p1a: Amoonguss|22\/100|[from] item: Black Sludge\n|upkeep\n|turn|35\n|\n|t:|1698968275\n|cant|p2a: Dark Knight|slp\n|move|p1a: Amoonguss|Foul Play|p2a: Dark Knight\n|-damage|p2a: Dark Knight|82\/100 slp\n|-damage|p1a: Amoonguss|6\/100|[from] item: Rocky Helmet|[of] p2a: Dark Knight\n|\n|-heal|p1a: Amoonguss|12\/100|[from] item: Black Sludge\n|upkeep\n|turn|36\n|\n|t:|1698968282\n|cant|p2a: Dark Knight|slp\n|move|p1a: Amoonguss|Giga Drain|p2a: Dark Knight\n|-resisted|p2a: Dark Knight\n|-damage|p2a: Dark Knight|75\/100 slp\n|-heal|p1a: Amoonguss|15\/100|[from] drain|[of] p2a: Dark Knight\n|\n|-heal|p1a: Amoonguss|21\/100|[from] item: Black Sludge\n|upkeep\n|turn|37\n|\n|t:|1698968300\n|switch|p1a: Volcarona|Volcarona, F|25\/100\n|cant|p2a: Dark Knight|slp\n|\n|upkeep\n|turn|38\n|\n|t:|1698968327\n|switch|p2a: John Lennon|Lokix, F|100\/100\n|move|p1a: Volcarona|Flamethrower|p2a: John Lennon\n|-supereffective|p2a: John Lennon\n|-damage|p2a: John Lennon|0 fnt\n|faint|p2a: John Lennon\n|\n|upkeep\n|\n|t:|1698968350\n|switch|p2a: Monkey D Luffy|Infernape, M, shiny|48\/100\n|turn|39\n|\n|t:|1698968353\n|switch|p1a: Gastrodon|Gastrodon, M|100\/100\n|move|p2a: Monkey D Luffy|Vacuum Wave|p1a: Gastrodon\n|-damage|p1a: Gastrodon|84\/100\n|\n|-heal|p1a: Gastrodon|90\/100|[from] item: Leftovers\n|upkeep\n|turn|40\n|\n|t:|1698968361\n|switch|p2a: Dark Knight|Corviknight, F, shiny|75\/100 slp\n|move|p1a: Gastrodon|Chilling Water|p2a: Dark Knight\n|-damage|p2a: Dark Knight|55\/100 slp\n|-ability|p2a: Dark Knight|Mirror Armor\n|-unboost|p1a: Gastrodon|atk|1\n|\n|-heal|p1a: Gastrodon|96\/100|[from] item: Leftovers\n|upkeep\n|turn|41\n|\n|t:|1698968373\n|switch|p1a: Amoonguss|Amoonguss, F|54\/100\n|-curestatus|p2a: Dark Knight|slp|[msg]\n|move|p2a: Dark Knight|Drill Peck|p1a: Amoonguss\n|-supereffective|p1a: Amoonguss\n|-damage|p1a: Amoonguss|0 fnt\n|faint|p1a: Amoonguss\n|\n|upkeep\n|\n|t:|1698968387\n|switch|p1a: Volcarona|Volcarona, F|25\/100\n|turn|42\n|\n|t:|1698968397\n|switch|p2a: Monkey D Luffy|Infernape, M, shiny|48\/100\n|move|p1a: Volcarona|Flamethrower|p2a: Monkey D Luffy\n|-resisted|p2a: Monkey D Luffy\n|-damage|p2a: Monkey D Luffy|18\/100\n|\n|upkeep\n|turn|43\n|\n|t:|1698968408\n|move|p1a: Volcarona|Protect|p1a: Volcarona\n|-singleturn|p1a: Volcarona|Protect\n|move|p2a: Monkey D Luffy|Vacuum Wave|p1a: Volcarona\n|-activate|p1a: Volcarona|move: Protect\n|\n|upkeep\n|turn|44\n|\n|t:|1698968415\n|switch|p1a: Gastrodon|Gastrodon, M|96\/100\n|move|p2a: Monkey D Luffy|Vacuum Wave|p1a: Gastrodon\n|-damage|p1a: Gastrodon|81\/100\n|\n|-heal|p1a: Gastrodon|87\/100|[from] item: Leftovers\n|upkeep\n|turn|45\n|\n|t:|1698968429\n|switch|p2a: Dark Knight|Corviknight, F, shiny|55\/100\n|move|p1a: Gastrodon|Chilling Water|p2a: Dark Knight\n|-damage|p2a: Dark Knight|38\/100\n|-ability|p2a: Dark Knight|Mirror Armor\n|-unboost|p1a: Gastrodon|atk|1\n|\n|-heal|p1a: Gastrodon|93\/100|[from] item: Leftovers\n|upkeep\n|turn|46\n|\n|t:|1698968439\n|move|p2a: Dark Knight|Roost|p2a: Dark Knight\n|-heal|p2a: Dark Knight|88\/100\n|-singleturn|p2a: Dark Knight|move: Roost\n|move|p1a: Gastrodon|Chilling Water|p2a: Dark Knight\n|-damage|p2a: Dark Knight|70\/100\n|-ability|p2a: Dark Knight|Mirror Armor\n|-unboost|p1a: Gastrodon|atk|1\n|\n|-heal|p1a: Gastrodon|99\/100|[from] item: Leftovers\n|upkeep\n|turn|47\n|\n|t:|1698968454\n|move|p2a: Dark Knight|Drill Peck|p1a: Gastrodon\n|-damage|p1a: Gastrodon|70\/100\n|move|p1a: Gastrodon|Chilling Water|p2a: Dark Knight\n|-damage|p2a: Dark Knight|51\/100\n|-ability|p2a: Dark Knight|Mirror Armor\n|-unboost|p1a: Gastrodon|atk|1\n|\n|-heal|p1a: Gastrodon|76\/100|[from] item: Leftovers\n|upkeep\n|turn|48\n|\n|t:|1698968463\n|move|p2a: Dark Knight|Drill Peck|p1a: Gastrodon\n|-damage|p1a: Gastrodon|42\/100\n|move|p1a: Gastrodon|Chilling Water|p2a: Dark Knight\n|-damage|p2a: Dark Knight|33\/100\n|-ability|p2a: Dark Knight|Mirror Armor\n|-unboost|p1a: Gastrodon|atk|1\n|\n|-heal|p1a: Gastrodon|48\/100|[from] item: Leftovers\n|upkeep\n|turn|49\n|\n|t:|1698968480\n|move|p2a: Dark Knight|Roost|p2a: Dark Knight\n|-heal|p2a: Dark Knight|83\/100\n|-singleturn|p2a: Dark Knight|move: Roost\n|move|p1a: Gastrodon|Recover|p1a: Gastrodon\n|-heal|p1a: Gastrodon|99\/100\n|\n|-heal|p1a: Gastrodon|100\/100|[from] item: Leftovers\n|upkeep\n|turn|50\n|\n|t:|1698968500\n|move|p2a: Dark Knight|Drill Peck|p1a: Gastrodon\n|-damage|p1a: Gastrodon|71\/100\n|move|p1a: Gastrodon|Chilling Water|p2a: Dark Knight\n|-damage|p2a: Dark Knight|65\/100\n|-ability|p2a: Dark Knight|Mirror Armor\n|-unboost|p1a: Gastrodon|atk|1\n|\n|-heal|p1a: Gastrodon|77\/100|[from] item: Leftovers\n|upkeep\n|turn|51\n|\n|t:|1698968509\n|move|p2a: Dark Knight|Drill Peck|p1a: Gastrodon\n|-damage|p1a: Gastrodon|47\/100\n|move|p1a: Gastrodon|Chilling Water|p2a: Dark Knight\n|-damage|p2a: Dark Knight|46\/100\n|-ability|p2a: Dark Knight|Mirror Armor\n|-unboost|p1a: Gastrodon|atk|1\n|\n|-heal|p1a: Gastrodon|53\/100|[from] item: Leftovers\n|upkeep\n|turn|52\n|\n|t:|1698968523\n|move|p2a: Dark Knight|Drill Peck|p1a: Gastrodon\n|-damage|p1a: Gastrodon|23\/100\n|move|p1a: Gastrodon|Chilling Water|p2a: Dark Knight\n|-damage|p2a: Dark Knight|28\/100\n|-ability|p2a: Dark Knight|Mirror Armor\n|-unboost|p1a: Gastrodon|atk|0\n|\n|-heal|p1a: Gastrodon|29\/100|[from] item: Leftovers\n|upkeep\n|turn|53\n|\n|t:|1698968533\n|switch|p2a: Thanos|Snorlax, F|13\/100\n|move|p1a: Gastrodon|Recover|p1a: Gastrodon\n|-heal|p1a: Gastrodon|79\/100\n|\n|-heal|p1a: Gastrodon|85\/100|[from] item: Leftovers\n|-heal|p2a: Thanos|19\/100|[from] item: Leftovers\n|upkeep\n|turn|54\n|c| frog daddy 224|oh\n|\n|t:|1698968543\n|move|p1a: Gastrodon|Earthquake|p2a: Thanos\n|-damage|p2a: Thanos|12\/100\n|move|p2a: Thanos|Rest|p2a: Thanos\n|-status|p2a: Thanos|slp|[from] move: Rest\n|-heal|p2a: Thanos|100\/100 slp|[silent]\n|\n|-heal|p1a: Gastrodon|91\/100|[from] item: Leftovers\n|upkeep\n|turn|55\n|\n|t:|1698968552\n|switch|p1a: Volcarona|Volcarona, F|25\/100\n|cant|p2a: Thanos|slp\n|move|p2a: Thanos|Sleep Talk|p2a: Thanos\n|move|p2a: Thanos|Facade|p1a: Volcarona|[from]move: Sleep Talk\n|-damage|p1a: Volcarona|0 fnt\n|faint|p1a: Volcarona\n|\n|upkeep\n|\n|t:|1698968563\n|switch|p1a: Gastrodon|Gastrodon, M|91\/100\n|turn|56\n|\n|t:|1698968571\n|move|p1a: Gastrodon|Earth Power|p2a: Thanos\n|-damage|p2a: Thanos|80\/100 slp\n|cant|p2a: Thanos|slp\n|move|p2a: Thanos|Sleep Talk|p2a: Thanos\n|move|p2a: Thanos|Facade|p1a: Gastrodon|[from]move: Sleep Talk\n|-damage|p1a: Gastrodon|60\/100\n|\n|-heal|p1a: Gastrodon|66\/100|[from] item: Leftovers\n|-heal|p2a: Thanos|86\/100 slp|[from] item: Leftovers\n|upkeep\n|turn|57\n|\n|t:|1698968588\n|move|p1a: Gastrodon|Earthquake|p2a: Thanos\n|-damage|p2a: Thanos|54\/100 slp\n|-curestatus|p2a: Thanos|slp|[msg]\n|move|p2a: Thanos|Giga Impact|p1a: Gastrodon\n|-damage|p1a: Gastrodon|0 fnt\n|-mustrecharge|p2a: Thanos\n|faint|p1a: Gastrodon\n|\n|win|Hex Offenders\n","uploadtime":1698968605,"views":31,"p1id":"beezba","p2id":"hexoffenders","formatid":"gen9anythinggoes","rating":0,"private":0,"password":""}