{"id":"gen9anythinggoes-1975535764","p1":"madermen","p2":"yzdepxh","format":"[Gen 9] Anything Goes","log":"|j|\u2606madermen\n|j|\u2606yzdepxh\n|t:|1698201994\n|gametype|singles\n|player|p1|madermen|waiter|1344\n|player|p2|yzdepxh|266|1338\n|teamsize|p1|6\n|teamsize|p2|6\n|gen|9\n|tier|[Gen 9] Anything Goes\n|rated|\n|rule|HP Percentage Mod: HP is shown in percentages\n|rule|Endless Battle Clause: Forcing endless battles is banned\n|clearpoke\n|poke|p1|Mamoswine, M|\n|poke|p1|Mamoswine, F|\n|poke|p1|Mamoswine, M|\n|poke|p1|Mamoswine, M|\n|poke|p1|Mamoswine, M|\n|poke|p1|Mamoswine, M|\n|poke|p2|Calyrex-Shadow|\n|poke|p2|Blissey, F|\n|poke|p2|Skeledirge, F|\n|poke|p2|Dondozo, M|\n|poke|p2|Zacian-*|\n|poke|p2|Arceus|\n|teampreview\n|inactive|Battle timer is ON: inactive players will automatically lose when time's up. (requested by yzdepxh)\n|inactive|madermen also wants the timer to be on.\n|\n|t:|1698202009\n|start\n|switch|p1a: pb|Mamoswine, M|100\/100\n|switch|p2a: Arceus|Arceus|100\/100\n|turn|1\n|\n|t:|1698202021\n|move|p1a: pb|Knock Off|p2a: Arceus\n|-damage|p2a: Arceus|83\/100\n|-damage|p1a: pb|84\/100|[from] item: Rocky Helmet|[of] p2a: Arceus\n|-enditem|p2a: Arceus|Rocky Helmet|[from] move: Knock Off|[of] p1a: pb\n|move|p2a: Arceus|Will-O-Wisp|p1a: pb\n|-status|p1a: pb|brn\n|\n|-damage|p1a: pb|78\/100 brn|[from] brn\n|upkeep\n|turn|2\n|\n|t:|1698202029\n|switch|p2a: Blissey|Blissey, F|100\/100\n|move|p1a: pb|Stealth Rock|p2a: Blissey\n|-sidestart|p2: yzdepxh|move: Stealth Rock\n|\n|-damage|p1a: pb|72\/100 brn|[from] brn\n|upkeep\n|turn|3\n|\n|t:|1698202033\n|move|p1a: pb|Knock Off|p2a: Blissey\n|-damage|p2a: Blissey|67\/100\n|-enditem|p2a: Blissey|Leftovers|[from] move: Knock Off|[of] p1a: pb\n|move|p2a: Blissey|Stealth Rock|p1a: pb\n|-sidestart|p1: madermen|move: Stealth Rock\n|\n|-damage|p1a: pb|66\/100 brn|[from] brn\n|upkeep\n|turn|4\n|\n|t:|1698202038\n|move|p1a: pb|Earthquake|p2a: Blissey\n|-damage|p2a: Blissey|11\/100\n|move|p2a: Blissey|Seismic Toss|p1a: pb\n|-damage|p1a: pb|38\/100 brn\n|\n|-damage|p1a: pb|32\/100 brn|[from] brn\n|upkeep\n|turn|5\n|\n|t:|1698202044\n|move|p1a: pb|Earthquake|p2a: Blissey\n|-crit|p2a: Blissey\n|-damage|p2a: Blissey|0 fnt\n|faint|p2a: Blissey\n|\n|-damage|p1a: pb|26\/100 brn|[from] brn\n|upkeep\n|\n|t:|1698202046\n|switch|p2a: Calyrex|Calyrex-Shadow|100\/100\n|-ability|p2a: Calyrex|As One\n|-ability|p2a: Calyrex|Unnerve\n|-damage|p2a: Calyrex|88\/100|[from] Stealth Rock\n|turn|6\n|\n|t:|1698202051\n|move|p1a: pb|Ice Shard|p2a: Calyrex\n|-damage|p2a: Calyrex|76\/100\n|move|p2a: Calyrex|Astral Barrage|p1a: pb\n|-damage|p1a: pb|0 fnt\n|faint|p1a: pb\n|-ability|p2a: Calyrex|Grim Neigh|boost\n|-boost|p2a: Calyrex|spa|1\n|\n|upkeep\n|\n|t:|1698202061\n|switch|p1a: my bby|Mamoswine, F|100\/100\n|-damage|p1a: my bby|88\/100|[from] Stealth Rock\n|turn|7\n|\n|t:|1698202062\n|move|p1a: my bby|Ice Shard|p2a: Calyrex\n|-damage|p2a: Calyrex|40\/100\n|-damage|p1a: my bby|78\/100|[from] item: Life Orb\n|move|p2a: Calyrex|Astral Barrage|p1a: my bby\n|-damage|p1a: my bby|0 fnt\n|faint|p1a: my bby\n|-ability|p2a: Calyrex|Grim Neigh|boost\n|-boost|p2a: Calyrex|spa|1\n|\n|upkeep\n|\n|t:|1698202065\n|switch|p1a: illegal|Mamoswine, M|100\/100\n|-damage|p1a: illegal|88\/100|[from] Stealth Rock\n|turn|8\n|\n|t:|1698202067\n|move|p1a: illegal|Ice Shard|p2a: Calyrex\n|-crit|p2a: Calyrex\n|-damage|p2a: Calyrex|0 fnt\n|faint|p2a: Calyrex\n|\n|upkeep\n|\n|t:|1698202069\n|switch|p2a: Zacian|Zacian-Crowned|100\/100\n|-damage|p2a: Zacian|94\/100|[from] Stealth Rock\n|-ability|p2a: Zacian|Intrepid Sword|boost\n|-boost|p2a: Zacian|atk|1\n|turn|9\n|\n|t:|1698202074\n|move|p1a: illegal|Ice Shard|p2a: Zacian\n|-resisted|p2a: Zacian\n|-damage|p2a: Zacian|79\/100\n|move|p2a: Zacian|Behemoth Blade|p1a: illegal\n|-supereffective|p1a: illegal\n|-damage|p1a: illegal|0 fnt\n|faint|p1a: illegal\n|\n|upkeep\n|\n|t:|1698202080\n|switch|p1a: borb|Mamoswine, M|100\/100\n|-damage|p1a: borb|88\/100|[from] Stealth Rock\n|turn|10\n|\n|t:|1698202083\n|move|p1a: borb|Earthquake|p2a: Zacian\n|-supereffective|p2a: Zacian\n|-damage|p2a: Zacian|0 fnt\n|faint|p2a: Zacian\n|\n|upkeep\n|\n|t:|1698202087\n|switch|p2a: Dondozo|Dondozo, M|100\/100\n|-damage|p2a: Dondozo|88\/100|[from] Stealth Rock\n|turn|11\n|\n|t:|1698202096\n|move|p1a: borb|Earthquake|p2a: Dondozo\n|-damage|p2a: Dondozo|63\/100\n|move|p2a: Dondozo|Wave Crash|p1a: borb\n|-supereffective|p1a: borb\n|-damage|p1a: borb|0 fnt\n|faint|p1a: borb\n|-damage|p2a: Dondozo|42\/100|[from] Recoil\n|\n|-heal|p2a: Dondozo|48\/100|[from] item: Leftovers\n|upkeep\n|\n|t:|1698202100\n|switch|p1a: huh?|Mamoswine, M|100\/100\n|-damage|p1a: huh?|88\/100|[from] Stealth Rock\n|turn|12\n|\n|t:|1698202108\n|move|p1a: huh?|Freeze-Dry|p2a: Dondozo\n|-supereffective|p2a: Dondozo\n|-damage|p2a: Dondozo|0 fnt\n|faint|p2a: Dondozo\n|\n|upkeep\n|\n|t:|1698202112\n|switch|p2a: Arceus|Arceus|83\/100\n|-damage|p2a: Arceus|71\/100|[from] Stealth Rock\n|turn|13\n|\n|t:|1698202115\n|move|p1a: huh?|Freeze-Dry|p2a: Arceus\n|-damage|p2a: Arceus|46\/100\n|move|p2a: Arceus|Snarl|p1a: huh?\n|-damage|p1a: huh?|68\/100\n|-unboost|p1a: huh?|spa|1\n|\n|upkeep\n|turn|14\n|\n|t:|1698202119\n|switch|p1a: gambler|Mamoswine, M|100\/100\n|-damage|p1a: gambler|88\/100|[from] Stealth Rock\n|move|p2a: Arceus|Recover|p2a: Arceus\n|-heal|p2a: Arceus|96\/100\n|\n|upkeep\n|turn|15\n|\n|t:|1698202128\n|move|p1a: gambler|Icicle Spear|p2a: Arceus\n|-damage|p2a: Arceus|90\/100\n|-damage|p2a: Arceus|83\/100\n|-damage|p2a: Arceus|77\/100\n|-damage|p2a: Arceus|70\/100\n|-damage|p2a: Arceus|64\/100\n|-hitcount|p2a: Arceus|5\n|move|p2a: Arceus|Will-O-Wisp|p1a: gambler\n|-status|p1a: gambler|brn\n|\n|-damage|p1a: gambler|82\/100 brn|[from] brn\n|upkeep\n|turn|16\n|\n|t:|1698202139\n|move|p2a: Arceus|Extreme Speed|p1a: gambler\n|-damage|p1a: gambler|42\/100 brn\n|move|p1a: gambler|Icicle Spear|p2a: Arceus\n|-damage|p2a: Arceus|60\/100\n|-damage|p2a: Arceus|57\/100\n|-damage|p2a: Arceus|53\/100\n|-damage|p2a: Arceus|50\/100\n|-hitcount|p2a: Arceus|4\n|\n|-damage|p1a: gambler|36\/100 brn|[from] brn\n|upkeep\n|turn|17\n|\n|t:|1698202142\n|move|p1a: gambler|Icicle Spear|p2a: Arceus\n|-damage|p2a: Arceus|47\/100\n|-damage|p2a: Arceus|44\/100\n|-damage|p2a: Arceus|40\/100\n|-damage|p2a: Arceus|37\/100\n|-hitcount|p2a: Arceus|4\n|move|p2a: Arceus|Recover|p2a: Arceus\n|-heal|p2a: Arceus|87\/100\n|\n|-damage|p1a: gambler|30\/100 brn|[from] brn\n|upkeep\n|turn|18\n|\n|t:|1698202145\n|move|p2a: Arceus|Extreme Speed|p1a: gambler\n|-damage|p1a: gambler|0 fnt\n|faint|p1a: gambler\n|\n|upkeep\n|\n|t:|1698202147\n|switch|p1a: huh?|Mamoswine, M|68\/100\n|-damage|p1a: huh?|55\/100|[from] Stealth Rock\n|turn|19\n|\n|t:|1698202151\n|move|p1a: huh?|Ice Beam|p2a: Arceus\n|-damage|p2a: Arceus|56\/100\n|-status|p2a: Arceus|frz\n|cant|p2a: Arceus|frz\n|\n|upkeep\n|turn|20\n|\n|t:|1698202158\n|move|p1a: huh?|Ice Beam|p2a: Arceus\n|-damage|p2a: Arceus|22\/100 frz\n|cant|p2a: Arceus|frz\n|\n|upkeep\n|turn|21\n|\n|t:|1698202164\n|cant|p2a: Arceus|frz\n|move|p1a: huh?|Ice Beam|p2a: Arceus\n|-damage|p2a: Arceus|0 fnt\n|faint|p2a: Arceus\n|\n|upkeep\n|\n|t:|1698202166\n|switch|p2a: Skeledirge|Skeledirge, F|100\/100\n|turn|22\n|\n|t:|1698202170\n|-terastallize|p1a: huh?|Ghost\n|-terastallize|p2a: Skeledirge|Grass\n|move|p1a: huh?|Ice Beam|p2a: Skeledirge\n|-supereffective|p2a: Skeledirge\n|-damage|p2a: Skeledirge|0 fnt\n|faint|p2a: Skeledirge\n|\n|win|madermen\n|raw|madermen's rating: 1344 &rarr; <strong>1364<\/strong><br \/>(+20 for winning)\n|raw|yzdepxh's rating: 1338 &rarr; <strong>1318<\/strong><br \/>(-20 for losing)\n|l|\u2606yzdepxh\n","uploadtime":1698202187,"views":10,"p1id":"madermen","p2id":"yzdepxh","formatid":"gen9anythinggoes","rating":1318,"private":0,"password":""}