{"id":"gen9anythinggoes-1972842497","p1":"swordsheildpoop","p2":"Dumbfudge","format":"[Gen 9] Anything Goes","log":"|j|\u2606swordsheildpoop\n|j|\u2606Dumbfudge\n|t:|1697901268\n|gametype|singles\n|player|p1|swordsheildpoop|170|1176\n|player|p2|Dumbfudge|blackbelt-gen4dp|1320\n|teamsize|p1|6\n|teamsize|p2|6\n|gen|9\n|tier|[Gen 9] Anything Goes\n|rated|\n|rule|HP Percentage Mod: HP is shown in percentages\n|rule|Endless Battle Clause: Forcing endless battles is banned\n|clearpoke\n|poke|p1|Ambipom, M|\n|poke|p1|Decidueye, F|\n|poke|p1|Bruxish, F|\n|poke|p1|Thundurus-Therian, M|\n|poke|p1|Tinkaton, F|\n|poke|p1|Glimmora, M|\n|poke|p2|Espathra, M|\n|poke|p2|Darkrai|\n|poke|p2|Breloom, M|\n|poke|p2|Tyranitar, F|\n|poke|p2|Calyrex-Shadow|\n|poke|p2|Grimmsnarl, M|\n|teampreview\n|inactive|Battle timer is ON: inactive players will automatically lose when time's up. (requested by Dumbfudge)\n|inactive|swordsheildpoop has 120 seconds left.\n|\n|t:|1697901316\n|start\n|switch|p1a: Ambipom|Ambipom, M, shiny|100\/100\n|switch|p2a: Darkrai|Darkrai|100\/100\n|turn|1\n|\n|t:|1697901326\n|move|p1a: Ambipom|Fake Out|p2a: Darkrai\n|-damage|p2a: Darkrai|70\/100\n|cant|p2a: Darkrai|flinch\n|\n|upkeep\n|turn|2\n|\n|t:|1697901335\n|move|p2a: Darkrai|Dark Pulse|p1a: Ambipom\n|-damage|p1a: Ambipom|39\/100\n|move|p1a: Ambipom|Trailblaze|p2a: Darkrai\n|-damage|p2a: Darkrai|46\/100\n|-boost|p1a: Ambipom|spe|1\n|\n|upkeep\n|turn|3\n|\n|t:|1697901344\n|move|p1a: Ambipom|Double Hit|p2a: Darkrai\n|-damage|p2a: Darkrai|21\/100\n|-damage|p2a: Darkrai|0 fnt\n|faint|p2a: Darkrai\n|-hitcount|p2: Darkrai|2\n|\n|upkeep\n|\n|t:|1697901352\n|switch|p2a: Grimmsnarl|Grimmsnarl, M|100\/100\n|turn|4\n|\n|t:|1697901356\n|move|p2a: Grimmsnarl|Reflect|p2a: Grimmsnarl\n|-sidestart|p2: Dumbfudge|Reflect\n|move|p1a: Ambipom|Aerial Ace|p2a: Grimmsnarl\n|-damage|p2a: Grimmsnarl|88\/100\n|-damage|p1a: Ambipom|23\/100|[from] item: Rocky Helmet|[of] p2a: Grimmsnarl\n|\n|upkeep\n|turn|5\n|\n|t:|1697901363\n|move|p2a: Grimmsnarl|Taunt|p1a: Ambipom\n|-start|p1a: Ambipom|move: Taunt\n|move|p1a: Ambipom|Double Hit|p2a: Grimmsnarl\n|-damage|p2a: Grimmsnarl|76\/100\n|-damage|p1a: Ambipom|6\/100|[from] item: Rocky Helmet|[of] p2a: Grimmsnarl\n|-crit|p2a: Grimmsnarl\n|-damage|p2a: Grimmsnarl|43\/100\n|-damage|p1a: Ambipom|0 fnt|[from] item: Rocky Helmet|[of] p2a: Grimmsnarl\n|faint|p1a: Ambipom\n|-hitcount|p2a: Grimmsnarl|2\n|\n|upkeep\n|\n|t:|1697901380\n|switch|p1a: Tinkaton|Tinkaton, F, shiny|100\/100\n|-ability|p1a: Tinkaton|Mold Breaker\n|turn|6\n|\n|t:|1697901387\n|move|p2a: Grimmsnarl|Taunt|p1a: Tinkaton\n|-start|p1a: Tinkaton|move: Taunt\n|move|p1a: Tinkaton|Brick Break|p2a: Grimmsnarl\n|-sideend|p2: Dumbfudge|Reflect\n|-damage|p2a: Grimmsnarl|27\/100\n|-damage|p1a: Tinkaton|84\/100|[from] item: Rocky Helmet|[of] p2a: Grimmsnarl\n|\n|upkeep\n|turn|7\n|\n|t:|1697901395\n|move|p2a: Grimmsnarl|Sucker Punch|p1a: Tinkaton\n|-resisted|p1a: Tinkaton\n|-damage|p1a: Tinkaton|66\/100\n|move|p1a: Tinkaton|Gigaton Hammer|p2a: Grimmsnarl\n|-supereffective|p2a: Grimmsnarl\n|-damage|p2a: Grimmsnarl|0 fnt\n|faint|p2a: Grimmsnarl\n|\n|upkeep\n|\n|t:|1697901404\n|switch|p2a: Calyrex|Calyrex-Shadow|100\/100\n|-ability|p2a: Calyrex|As One\n|-ability|p2a: Calyrex|Unnerve\n|turn|8\n|\n|t:|1697901410\n|move|p2a: Calyrex|Astral Barrage|p1a: Tinkaton\n|-damage|p1a: Tinkaton|0 fnt\n|faint|p1a: Tinkaton\n|-ability|p2a: Calyrex|Grim Neigh|boost\n|-boost|p2a: Calyrex|spa|1\n|\n|upkeep\n|\n|t:|1697901421\n|switch|p1a: Glimmora|Glimmora, M|100\/100\n|turn|9\n|\n|t:|1697901424\n|move|p2a: Calyrex|Astral Barrage|p1a: Glimmora\n|-enditem|p1a: Glimmora|Focus Sash\n|-damage|p1a: Glimmora|1\/100\n|move|p1a: Glimmora|Toxic|p2a: Calyrex\n|-status|p2a: Calyrex|tox\n|\n|-damage|p2a: Calyrex|94\/100 tox|[from] psn\n|upkeep\n|turn|10\n|\n|t:|1697901435\n|move|p2a: Calyrex|Giga Drain|p1a: Glimmora\n|-damage|p1a: Glimmora|0 fnt\n|-heal|p2a: Calyrex|95\/100 tox|[from] drain|[of] p1a: Glimmora\n|faint|p1a: Glimmora\n|-ability|p2a: Calyrex|Grim Neigh|boost\n|-boost|p2a: Calyrex|spa|1\n|\n|-heal|p2a: Calyrex|100\/100 tox|[from] item: Leftovers\n|-damage|p2a: Calyrex|88\/100 tox|[from] psn\n|upkeep\n|\n|t:|1697901439\n|switch|p1a: Bruxish|Bruxish, F, shiny|100\/100\n|turn|11\n|\n|t:|1697901449\n|move|p2a: Calyrex|Astral Barrage|p1a: Bruxish\n|-supereffective|p1a: Bruxish\n|-damage|p1a: Bruxish|0 fnt\n|faint|p1a: Bruxish\n|-ability|p2a: Calyrex|Grim Neigh|boost\n|-boost|p2a: Calyrex|spa|1\n|\n|-heal|p2a: Calyrex|94\/100 tox|[from] item: Leftovers\n|-damage|p2a: Calyrex|76\/100 tox|[from] psn\n|upkeep\n|\n|t:|1697901452\n|switch|p1a: Thundurus|Thundurus-Therian, M, shiny|100\/100\n|turn|12\n|\n|t:|1697901462\n|move|p2a: Calyrex|Astral Barrage|p1a: Thundurus\n|-damage|p1a: Thundurus|0 fnt\n|faint|p1a: Thundurus\n|-ability|p2a: Calyrex|Grim Neigh|boost\n|-boost|p2a: Calyrex|spa|1\n|\n|-heal|p2a: Calyrex|82\/100 tox|[from] item: Leftovers\n|-damage|p2a: Calyrex|58\/100 tox|[from] psn\n|upkeep\n|\n|t:|1697901465\n|switch|p1a: Decidueye|Decidueye, F, shiny|100\/100\n|turn|13\n|\n|t:|1697901474\n|move|p2a: Calyrex|Astral Barrage|p1a: Decidueye\n|-supereffective|p1a: Decidueye\n|-damage|p1a: Decidueye|0 fnt\n|faint|p1a: Decidueye\n|\n|win|Dumbfudge\n|raw|swordsheildpoop's rating: 1176 &rarr; <strong>1161<\/strong><br \/>(-15 for losing)\n|raw|Dumbfudge's rating: 1320 &rarr; <strong>1332<\/strong><br \/>(+12 for winning)\n|l|\u2606swordsheildpoop\n","uploadtime":1697901483,"views":9,"p1id":"swordsheildpoop","p2id":"dumbfudge","formatid":"gen9anythinggoes","rating":1161,"private":0,"password":""}