{"id":"gen9anythinggoes-1983800913","p1":"puissance du feu","p2":"mid ladder memes","format":"[Gen 9] Anything Goes","log":"|j|\u2606puissance du feu\n|j|\u2606mid ladder memes\n|t:|1699183635\n|gametype|singles\n|player|p1|puissance du feu|blackbelt|1813\n|player|p2|mid ladder memes|saguaro|1812\n|teamsize|p1|6\n|teamsize|p2|6\n|gen|9\n|tier|[Gen 9] Anything Goes\n|rated|\n|rule|HP Percentage Mod: HP is shown in percentages\n|rule|Endless Battle Clause: Forcing endless battles is banned\n|clearpoke\n|poke|p1|Scovillain, F|\n|poke|p1|Calyrex-Shadow|\n|poke|p1|Giratina-Origin|\n|poke|p1|Arceus|\n|poke|p1|Arceus|\n|poke|p1|Koraidon|\n|poke|p2|Calyrex-Shadow|\n|poke|p2|Umbreon, M|\n|poke|p2|Alomomola, M|\n|poke|p2|Koraidon|\n|poke|p2|Arceus-Poison|\n|poke|p2|Ting-Lu|\n|teampreview\n|inactive|Battle timer is ON: inactive players will automatically lose when time's up. (requested by puissance du feu)\n|\n|t:|1699183643\n|start\n|switch|p1a: Calyrex|Calyrex-Shadow|100\/100\n|switch|p2a: king of seas|Alomomola, M|100\/100\n|-ability|p1a: Calyrex|As One\n|-ability|p1a: Calyrex|Unnerve\n|turn|1\n|\n|t:|1699183648\n|-terastallize|p1a: Calyrex|Fairy\n|move|p2a: king of seas|Protect|p2a: king of seas\n|-singleturn|p2a: king of seas|Protect\n|move|p1a: Calyrex|Tera Blast|p2a: king of seas|[anim] Tera Blast Fairy\n|-activate|p2a: king of seas|move: Protect\n|\n|upkeep\n|turn|2\n|c|\u2606mid ladder memes|well that was sudden\n|\n|t:|1699183664\n|switch|p2a: king of poison|Arceus-Poison|100\/100\n|move|p1a: Calyrex|Tera Blast|p2a: king of poison|[anim] Tera Blast Fairy\n|-resisted|p2a: king of poison\n|-damage|p2a: king of poison|75\/100\n|\n|upkeep\n|turn|3\n|\n|t:|1699183676\n|switch|p1a: Koraidon|Koraidon|100\/100\n|-weather|SunnyDay|[from] ability: Orichalcum Pulse|[of] p1a: Koraidon\n|-activate|p1a: Koraidon|Orichalcum Pulse|[source]\n|move|p2a: king of poison|Poison Jab|p1a: Koraidon\n|-damage|p1a: Koraidon|66\/100\n|\n|-weather|SunnyDay|[upkeep]\n|upkeep\n|turn|4\n|\n|t:|1699183686\n|switch|p2a: king of seas|Alomomola, M|100\/100\n|move|p1a: Koraidon|Taunt|p2a: king of seas\n|-start|p2a: king of seas|move: Taunt\n|\n|-weather|SunnyDay|[upkeep]\n|upkeep\n|turn|5\n|\n|t:|1699183691\n|switch|p1a: Scovillain|Scovillain, F|100\/100\n|move|p2a: king of seas|Play Rough|p1a: Scovillain\n|-resisted|p1a: Scovillain\n|-damage|p1a: Scovillain|93\/100\n|\n|-weather|SunnyDay|[upkeep]\n|-heal|p1a: Scovillain|99\/100|[from] item: Leftovers\n|-ability|p1a: Scovillain|Moody|boost\n|-boost|p1a: Scovillain|def|2\n|-unboost|p1a: Scovillain|spd|1\n|upkeep\n|turn|6\n|\n|t:|1699183695\n|move|p1a: Scovillain|Leech Seed|p2a: king of seas|[miss]\n|-miss|p1a: Scovillain|p2a: king of seas\n|move|p2a: king of seas|Flip Turn|p1a: Scovillain\n|-damage|p1a: Scovillain|95\/100\n|\n|t:|1699183700\n|switch|p2a: king of horses|Calyrex-Shadow|100\/100|[from] Flip Turn\n|-ability|p2a: king of horses|As One\n|-ability|p2a: king of horses|Unnerve\n|\n|-weather|SunnyDay|[upkeep]\n|-heal|p1a: Scovillain|100\/100|[from] item: Leftovers\n|-ability|p1a: Scovillain|Moody|boost\n|-boost|p1a: Scovillain|spe|2\n|-unboost|p1a: Scovillain|spd|1\n|upkeep\n|turn|7\n|\n|t:|1699183722\n|move|p1a: Scovillain|Protect|p1a: Scovillain\n|-singleturn|p1a: Scovillain|Protect\n|move|p2a: king of horses|Psyshock|p1a: Scovillain\n|-activate|p1a: Scovillain|move: Protect\n|\n|-weather|none\n|-ability|p1a: Scovillain|Moody|boost\n|-boost|p1a: Scovillain|atk|2\n|-unboost|p1a: Scovillain|spa|1\n|upkeep\n|turn|8\n|\n|t:|1699183730\n|switch|p1a: Arceus|Arceus|100\/100\n|move|p2a: king of horses|Psyshock|p1a: Arceus\n|-crit|p1a: Arceus\n|-damage|p1a: Arceus|21\/100\n|\n|upkeep\n|turn|9\n|\n|t:|1699183740\n|move|p2a: king of horses|Psyshock|p1a: Arceus\n|-damage|p1a: Arceus|0 fnt\n|faint|p1a: Arceus\n|-ability|p2a: king of horses|Grim Neigh|boost\n|-boost|p2a: king of horses|spa|1\n|\n|upkeep\n|\n|t:|1699183743\n|switch|p1a: Koraidon|Koraidon|66\/100\n|-weather|SunnyDay|[from] ability: Orichalcum Pulse|[of] p1a: Koraidon\n|-activate|p1a: Koraidon|Orichalcum Pulse|[source]\n|turn|10\n|\n|t:|1699183751\n|switch|p1a: Giratina|Giratina-Origin|100\/100\n|move|p2a: king of horses|Psyshock|p1a: Giratina\n|-damage|p1a: Giratina|18\/100\n|\n|-weather|SunnyDay|[upkeep]\n|upkeep\n|turn|11\n|j| Araceli_2.0\n|inactive|mid ladder memes has 120 seconds left.\n|\n|t:|1699183783\n|switch|p1a: Koraidon|Koraidon|66\/100\n|-activate|p1a: Koraidon|ability: Orichalcum Pulse\n|move|p2a: king of horses|Psyshock|p1a: Koraidon\n|-supereffective|p1a: Koraidon\n|-damage|p1a: Koraidon|0 fnt\n|faint|p1a: Koraidon\n|-ability|p2a: king of horses|Grim Neigh|boost\n|-boost|p2a: king of horses|spa|1\n|\n|-weather|SunnyDay|[upkeep]\n|upkeep\n|inactive|puissance du feu has 120 seconds left.\n|inactive|puissance du feu has 90 seconds left.\n|\n|t:|1699183847\n|switch|p1a: Giratina|Giratina-Origin|18\/100\n|turn|12\n|\n|t:|1699183853\n|move|p1a: Giratina|Shadow Sneak|p2a: king of horses\n|-supereffective|p2a: king of horses\n|-damage|p2a: king of horses|0 fnt\n|faint|p2a: king of horses\n|\n|-weather|SunnyDay|[upkeep]\n|upkeep\n|\n|t:|1699183860\n|switch|p2a: king of rising sun|Koraidon|100\/100\n|-activate|p2a: king of rising sun|ability: Orichalcum Pulse\n|turn|13\n|\n|t:|1699183865\n|move|p1a: Giratina|Shadow Sneak|p2a: king of rising sun\n|-damage|p2a: king of rising sun|76\/100\n|move|p2a: king of rising sun|Flare Blitz|p1a: Giratina\n|-resisted|p1a: Giratina\n|-damage|p1a: Giratina|0 fnt\n|faint|p1a: Giratina\n|-damage|p2a: king of rising sun|68\/100|[from] Recoil\n|\n|-weather|SunnyDay|[upkeep]\n|upkeep\n|\n|t:|1699183873\n|switch|p1a: Scovillain|Scovillain, F|100\/100\n|turn|14\n|\n|t:|1699183882\n|switch|p2a: king of poison|Arceus-Poison|75\/100\n|move|p1a: Scovillain|Protect||[still]\n|-fail|p1a: Scovillain\n|\n|-weather|none\n|-ability|p1a: Scovillain|Moody|boost\n|-boost|p1a: Scovillain|spd|2\n|-unboost|p1a: Scovillain|spa|1\n|upkeep\n|turn|15\n|\n|t:|1699183887\n|move|p2a: king of poison|Poison Jab|p1a: Scovillain\n|-supereffective|p1a: Scovillain\n|-damage|p1a: Scovillain|26\/100\n|move|p1a: Scovillain|Leech Seed|p2a: king of poison\n|-start|p2a: king of poison|move: Leech Seed\n|\n|-heal|p1a: Scovillain|32\/100|[from] item: Leftovers\n|-damage|p2a: king of poison|62\/100|[from] Leech Seed|[of] p1a: Scovillain\n|-heal|p1a: Scovillain|49\/100|[silent]\n|-ability|p1a: Scovillain|Moody|boost\n|-boost|p1a: Scovillain|spe|2\n|-unboost|p1a: Scovillain|spd|1\n|upkeep\n|turn|16\n|inactive|puissance du feu has 120 seconds left.\n|\n|t:|1699183895\n|switch|p2a: king of disease|Ting-Lu|100\/100\n|-ability|p2a: king of disease|Vessel of Ruin\n|move|p1a: Scovillain|Protect||[still]\n|-fail|p1a: Scovillain\n|\n|-heal|p1a: Scovillain|55\/100|[from] item: Leftovers\n|-ability|p1a: Scovillain|Moody|boost\n|-boost|p1a: Scovillain|spa|2\n|-unboost|p1a: Scovillain|def|1\n|upkeep\n|turn|17\n|\n|t:|1699183908\n|move|p1a: Scovillain|Leech Seed|p2a: king of disease\n|-start|p2a: king of disease|move: Leech Seed\n|move|p2a: king of disease|Earthquake|p1a: Scovillain\n|-damage|p1a: Scovillain|3\/100\n|\n|-heal|p1a: Scovillain|9\/100|[from] item: Leftovers\n|-damage|p2a: king of disease|88\/100|[from] Leech Seed|[of] p1a: Scovillain\n|-heal|p1a: Scovillain|30\/100|[silent]\n|-ability|p1a: Scovillain|Moody|boost\n|-boost|p1a: Scovillain|spd|2\n|-unboost|p1a: Scovillain|spe|1\n|upkeep\n|turn|18\n|\n|t:|1699183914\n|move|p1a: Scovillain|Protect|p1a: Scovillain\n|-singleturn|p1a: Scovillain|Protect\n|move|p2a: king of disease|Payback|p1a: Scovillain\n|-activate|p1a: Scovillain|move: Protect\n|\n|-heal|p1a: Scovillain|36\/100|[from] item: Leftovers\n|-heal|p2a: king of disease|94\/100|[from] item: Leftovers\n|-damage|p2a: king of disease|82\/100|[from] Leech Seed|[of] p1a: Scovillain\n|-heal|p1a: Scovillain|56\/100|[silent]\n|-ability|p1a: Scovillain|Moody|boost\n|-boost|p1a: Scovillain|spd|2\n|-unboost|p1a: Scovillain|spe|1\n|upkeep\n|turn|19\n|\n|t:|1699183925\n|move|p1a: Scovillain|Substitute|p1a: Scovillain\n|-start|p1a: Scovillain|Substitute\n|-damage|p1a: Scovillain|31\/100\n|move|p2a: king of disease|Payback|p1a: Scovillain\n|-end|p1a: Scovillain|Substitute\n|\n|-heal|p1a: Scovillain|37\/100|[from] item: Leftovers\n|-heal|p2a: king of disease|88\/100|[from] item: Leftovers\n|-damage|p2a: king of disease|76\/100|[from] Leech Seed|[of] p1a: Scovillain\n|-heal|p1a: Scovillain|57\/100|[silent]\n|-ability|p1a: Scovillain|Moody|boost\n|-boost|p1a: Scovillain|atk|2\n|-unboost|p1a: Scovillain|spa|1\n|upkeep\n|turn|20\n|\n|t:|1699183939\n|move|p1a: Scovillain|Protect|p1a: Scovillain\n|-singleturn|p1a: Scovillain|Protect\n|move|p2a: king of disease|Payback|p1a: Scovillain\n|-activate|p1a: Scovillain|move: Protect\n|\n|-heal|p1a: Scovillain|63\/100|[from] item: Leftovers\n|-heal|p2a: king of disease|82\/100|[from] item: Leftovers\n|-damage|p2a: king of disease|69\/100|[from] Leech Seed|[of] p1a: Scovillain\n|-heal|p1a: Scovillain|83\/100|[silent]\n|-ability|p1a: Scovillain|Moody|boost\n|-boost|p1a: Scovillain|spd|1\n|-unboost|p1a: Scovillain|spe|1\n|upkeep\n|turn|21\n|\n|t:|1699183950\n|move|p1a: Scovillain|Substitute|p1a: Scovillain\n|-start|p1a: Scovillain|Substitute\n|-damage|p1a: Scovillain|58\/100\n|move|p2a: king of disease|Earthquake|p1a: Scovillain\n|-end|p1a: Scovillain|Substitute\n|\n|-heal|p1a: Scovillain|64\/100|[from] item: Leftovers\n|-heal|p2a: king of disease|76\/100|[from] item: Leftovers\n|-damage|p2a: king of disease|63\/100|[from] Leech Seed|[of] p1a: Scovillain\n|-heal|p1a: Scovillain|84\/100|[silent]\n|-ability|p1a: Scovillain|Moody|boost\n|-boost|p1a: Scovillain|spe|2\n|-unboost|p1a: Scovillain|atk|1\n|upkeep\n|turn|22\n|\n|t:|1699183960\n|switch|p2a: king of rising sun|Koraidon|68\/100\n|-weather|SunnyDay|[from] ability: Orichalcum Pulse|[of] p2a: king of rising sun\n|-activate|p2a: king of rising sun|Orichalcum Pulse|[source]\n|move|p1a: Scovillain|Protect||[still]\n|-fail|p1a: Scovillain\n|\n|-weather|SunnyDay|[upkeep]\n|-heal|p1a: Scovillain|90\/100|[from] item: Leftovers\n|-ability|p1a: Scovillain|Moody|boost\n|-boost|p1a: Scovillain|spe|2\n|-unboost|p1a: Scovillain|atk|1\n|upkeep\n|turn|23\n|\n|t:|1699183973\n|move|p1a: Scovillain|Protect|p1a: Scovillain\n|-singleturn|p1a: Scovillain|Protect\n|move|p2a: king of rising sun|Flare Blitz|p1a: Scovillain\n|-activate|p1a: Scovillain|move: Protect\n|\n|-weather|SunnyDay|[upkeep]\n|-heal|p1a: Scovillain|96\/100|[from] item: Leftovers\n|-ability|p1a: Scovillain|Moody|boost\n|-boost|p1a: Scovillain|def|2\n|-unboost|p1a: Scovillain|spd|1\n|upkeep\n|turn|24\n|\n|t:|1699183978\n|-terastallize|p2a: king of rising sun|Fire\n|move|p2a: king of rising sun|Flare Blitz|p1a: Scovillain\n|-damage|p1a: Scovillain|10\/100\n|-damage|p2a: king of rising sun|42\/100|[from] Recoil\n|move|p1a: Scovillain|Leech Seed|p2a: king of rising sun\n|-start|p2a: king of rising sun|move: Leech Seed\n|\n|-weather|SunnyDay|[upkeep]\n|-heal|p1a: Scovillain|16\/100|[from] item: Leftovers\n|-damage|p2a: king of rising sun|29\/100|[from] Leech Seed|[of] p1a: Scovillain\n|-heal|p1a: Scovillain|29\/100|[silent]\n|-ability|p1a: Scovillain|Moody|boost\n|-boost|p1a: Scovillain|atk|2\n|-unboost|p1a: Scovillain|def|1\n|upkeep\n|turn|25\n|\n|t:|1699183989\n|move|p1a: Scovillain|Protect|p1a: Scovillain\n|-singleturn|p1a: Scovillain|Protect\n|move|p2a: king of rising sun|Flare Blitz|p1a: Scovillain\n|-activate|p1a: Scovillain|move: Protect\n|\n|-weather|SunnyDay|[upkeep]\n|-heal|p1a: Scovillain|35\/100|[from] item: Leftovers\n|-damage|p2a: king of rising sun|17\/100|[from] Leech Seed|[of] p1a: Scovillain\n|-heal|p1a: Scovillain|48\/100|[silent]\n|-ability|p1a: Scovillain|Moody|boost\n|-boost|p1a: Scovillain|spd|1\n|-unboost|p1a: Scovillain|spa|1\n|upkeep\n|turn|26\n|\n|t:|1699184007\n|switch|p1a: Arceus|Arceus|100\/100\n|move|p2a: king of rising sun|Flare Blitz|p1a: Arceus\n|-damage|p1a: Arceus|10\/100\n|-damage|p2a: king of rising sun|0 fnt|[from] Recoil\n|faint|p2a: king of rising sun\n|\n|-weather|none\n|upkeep\n|\n|t:|1699184018\n|switch|p2a: king of disease|Ting-Lu|63\/100\n|-ability|p2a: king of disease|Vessel of Ruin\n|turn|27\n|\n|t:|1699184023\n|move|p1a: Arceus|Taunt|p2a: king of disease\n|-start|p2a: king of disease|move: Taunt\n|cant|p2a: king of disease|move: Taunt|Spikes\n|\n|-heal|p2a: king of disease|69\/100|[from] item: Leftovers\n|upkeep\n|turn|28\n|\n|t:|1699184027\n|move|p1a: Arceus|Extreme Speed|p2a: king of disease\n|-damage|p2a: king of disease|40\/100\n|-damage|p1a: Arceus|0 fnt|[from] item: Life Orb\n|faint|p1a: Arceus\n|move|p2a: king of disease|Payback|p1: Arceus|[notarget]\n|-fail|p2a: king of disease\n|\n|-heal|p2a: king of disease|46\/100|[from] item: Leftovers\n|upkeep\n|\n|t:|1699184035\n|switch|p1a: Scovillain|Scovillain, F|48\/100\n|turn|29\n|\n|t:|1699184039\n|move|p1a: Scovillain|Leech Seed|p2a: king of disease\n|-start|p2a: king of disease|move: Leech Seed\n|move|p2a: king of disease|Payback|p1a: Scovillain\n|-damage|p1a: Scovillain|7\/100\n|\n|-heal|p1a: Scovillain|13\/100|[from] item: Leftovers\n|-heal|p2a: king of disease|52\/100|[from] item: Leftovers\n|-damage|p2a: king of disease|40\/100|[from] Leech Seed|[of] p1a: Scovillain\n|-heal|p1a: Scovillain|34\/100|[silent]\n|-end|p2a: king of disease|move: Taunt\n|-ability|p1a: Scovillain|Moody|boost\n|-boost|p1a: Scovillain|spa|2\n|-unboost|p1a: Scovillain|spe|1\n|upkeep\n|turn|30\n|\n|t:|1699184047\n|switch|p2a: king of poison|Arceus-Poison|62\/100\n|move|p1a: Scovillain|Protect||[still]\n|-fail|p1a: Scovillain\n|\n|-heal|p1a: Scovillain|40\/100|[from] item: Leftovers\n|-ability|p1a: Scovillain|Moody|boost\n|-boost|p1a: Scovillain|spa|2\n|-unboost|p1a: Scovillain|def|1\n|upkeep\n|turn|31\n|\n|t:|1699184057\n|switch|p1a: Calyrex|Calyrex-Shadow, tera:Fairy|100\/100\n|-ability|p1a: Calyrex|As One\n|-ability|p1a: Calyrex|Unnerve\n|move|p2a: king of poison|Poison Jab|p1a: Calyrex\n|-supereffective|p1a: Calyrex\n|-damage|p1a: Calyrex|14\/100\n|\n|upkeep\n|turn|32\n|\n|t:|1699184069\n|switch|p2a: king of disease|Ting-Lu|40\/100\n|-ability|p2a: king of disease|Vessel of Ruin\n|move|p1a: Calyrex|Tera Blast|p2a: king of disease|[anim] Tera Blast Fairy\n|-supereffective|p2a: king of disease\n|-damage|p2a: king of disease|0 fnt\n|faint|p2a: king of disease\n|-ability|p1a: Calyrex|Grim Neigh|boost\n|-boost|p1a: Calyrex|spa|1\n|\n|upkeep\n|\n|t:|1699184075\n|switch|p2a: king of poison|Arceus-Poison|62\/100\n|turn|33\n|\n|t:|1699184080\n|move|p1a: Calyrex|Tera Blast|p2a: king of poison|[anim] Tera Blast Fairy\n|-resisted|p2a: king of poison\n|-damage|p2a: king of poison|27\/100\n|move|p2a: king of poison|Poison Jab|p1a: Calyrex\n|-supereffective|p1a: Calyrex\n|-damage|p1a: Calyrex|0 fnt\n|faint|p1a: Calyrex\n|\n|upkeep\n|\n|t:|1699184083\n|switch|p1a: Scovillain|Scovillain, F|40\/100\n|turn|34\n|\n|t:|1699184089\n|move|p1a: Scovillain|Protect|p1a: Scovillain\n|-singleturn|p1a: Scovillain|Protect\n|move|p2a: king of poison|Poison Jab|p1a: Scovillain\n|-activate|p1a: Scovillain|move: Protect\n|\n|-heal|p1a: Scovillain|46\/100|[from] item: Leftovers\n|-ability|p1a: Scovillain|Moody|boost\n|-boost|p1a: Scovillain|spd|2\n|-unboost|p1a: Scovillain|def|1\n|upkeep\n|turn|35\n|\n|t:|1699184094\n|move|p1a: Scovillain|Protect||[still]\n|-fail|p1a: Scovillain\n|move|p2a: king of poison|Poison Jab|p1a: Scovillain\n|-supereffective|p1a: Scovillain\n|-damage|p1a: Scovillain|0 fnt\n|faint|p1a: Scovillain\n|\n|win|mid ladder memes\n|raw|puissance du feu's rating: 1790 &rarr; <strong>1771<\/strong><br \/>(-19 for losing)\n|raw|mid ladder memes's rating: 1812 &rarr; <strong>1831<\/strong><br \/>(+19 for winning)\n|l|\u2606puissance du feu\n|l|\u2606mid ladder memes\n","uploadtime":1699184174,"views":31,"p1id":"puissancedufeu","p2id":"midladdermemes","formatid":"gen9anythinggoes","rating":1771,"private":0,"password":""}