{"id":"gen9anythinggoes-1984890667","p1":"techninja850","p2":"anonymints","format":"[Gen 9] Anything Goes","log":"|j|\u2606techninja850\n|j|\u2606anonymints\n|t:|1699308018\n|gametype|singles\n|player|p1|techninja850|265|1212\n|player|p2|anonymints|pilot|1178\n|teamsize|p1|6\n|teamsize|p2|6\n|gen|9\n|tier|[Gen 9] Anything Goes\n|rated|\n|rule|HP Percentage Mod: HP is shown in percentages\n|rule|Endless Battle Clause: Forcing endless battles is banned\n|clearpoke\n|poke|p1|Oshawott, M|\n|poke|p1|Greninja-*, M|\n|poke|p1|Gliscor, F|\n|poke|p1|Grimmsnarl, M|\n|poke|p1|Gengar, F|\n|poke|p1|Kingambit, M|\n|poke|p2|Arceus|\n|poke|p2|Arceus-Fairy|\n|poke|p2|Arceus-Poison|\n|poke|p2|Arceus-Steel|\n|poke|p2|Arceus-Dragon|\n|poke|p2|Arceus-Ghost|\n|teampreview\n|\n|t:|1699308027\n|start\n|switch|p1a: Steven Adams|Grimmsnarl, M, shiny|100\/100\n|switch|p2a: Arceus|Arceus-Dragon|100\/100\n|turn|1\n|\n|t:|1699308036\n|move|p2a: Arceus|Stealth Rock|p1a: Steven Adams\n|-sidestart|p1: techninja850|move: Stealth Rock\n|move|p1a: Steven Adams|Spirit Break|p2a: Arceus\n|-supereffective|p2a: Arceus\n|-damage|p2a: Arceus|69\/100\n|-unboost|p2a: Arceus|spa|1\n|\n|upkeep\n|turn|2\n|\n|t:|1699308041\n|move|p1a: Steven Adams|Taunt|p2a: Arceus\n|-start|p2a: Arceus|move: Taunt\n|cant|p2a: Arceus|move: Taunt|Recover\n|\n|upkeep\n|turn|3\n|\n|t:|1699308047\n|switch|p2a: Arceus|Arceus-Steel|100\/100\n|move|p1a: Steven Adams|Spirit Break|p2a: Arceus\n|-resisted|p2a: Arceus\n|-damage|p2a: Arceus|88\/100\n|-unboost|p2a: Arceus|spa|1\n|\n|upkeep\n|turn|4\n|\n|t:|1699308051\n|move|p1a: Steven Adams|Parting Shot|p2a: Arceus\n|-unboost|p2a: Arceus|atk|1\n|-unboost|p2a: Arceus|spa|1\n|\n|t:|1699308054\n|switch|p1a: Ken Carti Carson|Gliscor, F, shiny|100\/100|[from] Parting Shot\n|-damage|p1a: Ken Carti Carson|88\/100|[from] Stealth Rock\n|move|p2a: Arceus|Calm Mind|p2a: Arceus\n|-boost|p2a: Arceus|spa|1\n|-boost|p2a: Arceus|spd|1\n|\n|-status|p1a: Ken Carti Carson|tox|[from] item: Toxic Orb\n|upkeep\n|turn|5\n|\n|t:|1699308060\n|move|p2a: Arceus|Calm Mind|p2a: Arceus\n|-boost|p2a: Arceus|spa|1\n|-boost|p2a: Arceus|spd|1\n|move|p1a: Ken Carti Carson|Swords Dance|p1a: Ken Carti Carson\n|-boost|p1a: Ken Carti Carson|atk|2\n|\n|-heal|p1a: Ken Carti Carson|100\/100 tox|[from] ability: Poison Heal\n|upkeep\n|turn|6\n|\n|t:|1699308065\n|move|p2a: Arceus|Recover|p2a: Arceus\n|-heal|p2a: Arceus|100\/100\n|move|p1a: Ken Carti Carson|Earthquake|p2a: Arceus\n|-supereffective|p2a: Arceus\n|-damage|p2a: Arceus|0 fnt\n|faint|p2a: Arceus\n|\n|upkeep\n|\n|t:|1699308073\n|switch|p2a: Arceus|Arceus|100\/100\n|turn|7\n|\n|t:|1699308079\n|move|p2a: Arceus|Swords Dance|p2a: Arceus\n|-boost|p2a: Arceus|atk|2\n|move|p1a: Ken Carti Carson|Earthquake|p2a: Arceus\n|-damage|p2a: Arceus|41\/100\n|\n|upkeep\n|turn|8\n|\n|t:|1699308083\n|move|p2a: Arceus|Extreme Speed|p1a: Ken Carti Carson\n|-damage|p1a: Ken Carti Carson|20\/100 tox\n|move|p1a: Ken Carti Carson|Dual Wingbeat|p2a: Arceus\n|-damage|p2a: Arceus|18\/100\n|-crit|p2a: Arceus\n|-damage|p2a: Arceus|0 fnt\n|faint|p2a: Arceus\n|-hitcount|p2: Arceus|2\n|\n|-heal|p1a: Ken Carti Carson|32\/100 tox|[from] ability: Poison Heal\n|upkeep\n|\n|t:|1699308086\n|switch|p2a: Arceus|Arceus-Ghost|100\/100\n|turn|9\n|\n|t:|1699308095\n|move|p2a: Arceus|Extreme Speed|p1a: Ken Carti Carson\n|-damage|p1a: Ken Carti Carson|6\/100 tox\n|move|p1a: Ken Carti Carson|Earthquake|p2a: Arceus\n|-damage|p2a: Arceus|37\/100\n|\n|-heal|p1a: Ken Carti Carson|18\/100 tox|[from] ability: Poison Heal\n|upkeep\n|turn|10\n|\n|t:|1699308100\n|move|p2a: Arceus|Extreme Speed|p1a: Ken Carti Carson\n|-damage|p1a: Ken Carti Carson|0 fnt\n|faint|p1a: Ken Carti Carson\n|\n|upkeep\n|\n|t:|1699308114\n|switch|p1a: Steven Adams|Grimmsnarl, M, shiny|100\/100\n|-damage|p1a: Steven Adams|88\/100|[from] Stealth Rock\n|turn|11\n|\n|t:|1699308125\n|move|p2a: Arceus|Phantom Force||[still]\n|-prepare|p2a: Arceus|Phantom Force\n|move|p1a: Steven Adams|Spirit Break|p2a: Arceus|[miss]\n|-miss|p1a: Steven Adams|p2a: Arceus\n|\n|upkeep\n|turn|12\n|\n|t:|1699308130\n|move|p2a: Arceus|Phantom Force|p1a: Steven Adams|[from]lockedmove\n|-resisted|p1a: Steven Adams\n|-damage|p1a: Steven Adams|54\/100\n|-damage|p2a: Arceus|21\/100|[from] item: Rocky Helmet|[of] p1a: Steven Adams\n|move|p1a: Steven Adams|Spirit Break|p2a: Arceus\n|-damage|p2a: Arceus|0 fnt\n|faint|p2a: Arceus\n|\n|upkeep\n|\n|t:|1699308134\n|switch|p2a: Arceus|Arceus-Fairy|100\/100\n|turn|13\n|\n|t:|1699308138\n|move|p1a: Steven Adams|Taunt|p2a: Arceus\n|-start|p2a: Arceus|move: Taunt\n|cant|p2a: Arceus|move: Taunt|Iron Defense\n|\n|upkeep\n|turn|14\n|\n|t:|1699308141\n|move|p1a: Steven Adams|Parting Shot|p2a: Arceus\n|-unboost|p2a: Arceus|atk|1\n|-unboost|p2a: Arceus|spa|1\n|\n|t:|1699308148\n|switch|p1a: Dattebayo|Greninja, M, shiny|100\/100|[from] Parting Shot\n|-damage|p1a: Dattebayo|88\/100|[from] Stealth Rock\n|move|p2a: Arceus|Judgment|p1a: Dattebayo\n|-supereffective|p1a: Dattebayo\n|-damage|p1a: Dattebayo|0 fnt\n|faint|p1a: Dattebayo\n|\n|upkeep\n|\n|t:|1699308166\n|switch|p1a: Mr.Clutch|Kingambit, M|100\/100\n|-damage|p1a: Mr.Clutch|94\/100|[from] Stealth Rock\n|-activate|p1a: Mr.Clutch|ability: Supreme Overlord\n|-start|p1a: Mr.Clutch|fallen2|[silent]\n|-item|p1a: Mr.Clutch|Air Balloon\n|turn|15\n|\n|t:|1699308178\n|switch|p2a: Arceus|Arceus-Dragon|69\/100\n|move|p1a: Mr.Clutch|Iron Head|p2a: Arceus\n|-damage|p2a: Arceus|40\/100\n|\n|upkeep\n|turn|16\n|\n|t:|1699308187\n|move|p2a: Arceus|Recover|p2a: Arceus\n|-heal|p2a: Arceus|90\/100\n|move|p1a: Mr.Clutch|Kowtow Cleave|p2a: Arceus\n|-damage|p2a: Arceus|58\/100\n|\n|upkeep\n|turn|17\n|\n|t:|1699308192\n|move|p2a: Arceus|Will-O-Wisp|p1a: Mr.Clutch\n|-status|p1a: Mr.Clutch|brn\n|move|p1a: Mr.Clutch|Swords Dance|p1a: Mr.Clutch\n|-boost|p1a: Mr.Clutch|atk|2\n|\n|-damage|p1a: Mr.Clutch|88\/100 brn|[from] brn\n|upkeep\n|turn|18\n|\n|t:|1699308200\n|move|p2a: Arceus|Recover|p2a: Arceus\n|-heal|p2a: Arceus|100\/100\n|move|p1a: Mr.Clutch|Kowtow Cleave|p2a: Arceus\n|-damage|p2a: Arceus|69\/100\n|\n|-damage|p1a: Mr.Clutch|82\/100 brn|[from] brn\n|upkeep\n|turn|19\n|\n|t:|1699308216\n|-end|p1a: Mr.Clutch|fallen2|[silent]\n|switch|p1a: Oshiwashi :3|Oshawott, M|100\/100\n|-damage|p1a: Oshiwashi :3|88\/100|[from] Stealth Rock\n|move|p2a: Arceus|Roar|p1a: Oshiwashi :3\n|drag|p1a: Mr.Clutch|Kingambit, M|82\/100 brn\n|-damage|p1a: Mr.Clutch|76\/100 brn|[from] Stealth Rock\n|-activate|p1a: Mr.Clutch|ability: Supreme Overlord\n|-start|p1a: Mr.Clutch|fallen2|[silent]\n|-item|p1a: Mr.Clutch|Air Balloon\n|\n|-damage|p1a: Mr.Clutch|70\/100 brn|[from] brn\n|upkeep\n|turn|20\n|\n|t:|1699308227\n|-end|p1a: Mr.Clutch|fallen2|[silent]\n|switch|p1a: Oshiwashi :3|Oshawott, M|88\/100\n|-damage|p1a: Oshiwashi :3|76\/100|[from] Stealth Rock\n|move|p2a: Arceus|Roar|p1a: Oshiwashi :3\n|drag|p1a: Mr.Clutch|Kingambit, M|70\/100 brn\n|-damage|p1a: Mr.Clutch|63\/100 brn|[from] Stealth Rock\n|-activate|p1a: Mr.Clutch|ability: Supreme Overlord\n|-start|p1a: Mr.Clutch|fallen2|[silent]\n|-item|p1a: Mr.Clutch|Air Balloon\n|\n|-damage|p1a: Mr.Clutch|57\/100 brn|[from] brn\n|upkeep\n|turn|21\n|\n|t:|1699308233\n|-end|p1a: Mr.Clutch|fallen2|[silent]\n|switch|p1a: Oshiwashi :3|Oshawott, M|76\/100\n|-damage|p1a: Oshiwashi :3|64\/100|[from] Stealth Rock\n|move|p2a: Arceus|Recover|p2a: Arceus\n|-heal|p2a: Arceus|100\/100\n|\n|upkeep\n|turn|22\n|\n|t:|1699308239\n|move|p1a: Oshiwashi :3|Avalanche|p2a: Arceus\n|-supereffective|p2a: Arceus\n|-damage|p2a: Arceus|87\/100\n|move|p2a: Arceus|Roar|p1a: Oshiwashi :3\n|drag|p1a: Steven Adams|Grimmsnarl, M, shiny|54\/100\n|-damage|p1a: Steven Adams|41\/100|[from] Stealth Rock\n|\n|upkeep\n|turn|23\n|\n|t:|1699308244\n|move|p2a: Arceus|Will-O-Wisp|p1a: Steven Adams\n|-status|p1a: Steven Adams|brn\n|move|p1a: Steven Adams|Spirit Break|p2a: Arceus\n|-supereffective|p2a: Arceus\n|-damage|p2a: Arceus|72\/100\n|-unboost|p2a: Arceus|spa|1\n|\n|-damage|p1a: Steven Adams|35\/100 brn|[from] brn\n|upkeep\n|turn|24\n|\n|t:|1699308252\n|move|p1a: Steven Adams|Thunder Wave|p2a: Arceus\n|-status|p2a: Arceus|par\n|move|p2a: Arceus|Roar|p1a: Steven Adams\n|drag|p1a: MasterBaiter|Gengar, F|100\/100\n|-damage|p1a: MasterBaiter|88\/100|[from] Stealth Rock\n|\n|upkeep\n|turn|25\n|\n|t:|1699308256\n|move|p1a: MasterBaiter|Hex|p2a: Arceus\n|-damage|p2a: Arceus|25\/100 par\n|move|p2a: Arceus|Will-O-Wisp|p1a: MasterBaiter\n|-status|p1a: MasterBaiter|brn\n|\n|-damage|p1a: MasterBaiter|82\/100 brn|[from] brn\n|upkeep\n|turn|26\n|\n|t:|1699308264\n|switch|p2a: Arceus|Arceus-Poison|100\/100\n|move|p1a: MasterBaiter|Hex|p2a: Arceus\n|-damage|p2a: Arceus|77\/100\n|\n|-damage|p1a: MasterBaiter|76\/100 brn|[from] brn\n|upkeep\n|turn|27\n|\n|t:|1699308268\n|move|p1a: MasterBaiter|Will-O-Wisp|p2a: Arceus\n|-status|p2a: Arceus|brn\n|move|p2a: Arceus|Reflect|p2a: Arceus\n|-sidestart|p2: anonymints|Reflect\n|\n|-damage|p1a: MasterBaiter|70\/100 brn|[from] brn\n|-damage|p2a: Arceus|71\/100 brn|[from] brn\n|upkeep\n|turn|28\n|\n|t:|1699308272\n|move|p1a: MasterBaiter|Hex|p2a: Arceus\n|-damage|p2a: Arceus|29\/100 brn\n|move|p2a: Arceus|Recover|p2a: Arceus\n|-heal|p2a: Arceus|79\/100 brn\n|\n|-damage|p1a: MasterBaiter|64\/100 brn|[from] brn\n|-damage|p2a: Arceus|73\/100 brn|[from] brn\n|upkeep\n|turn|29\n|\n|t:|1699308279\n|switch|p2a: Arceus|Arceus-Fairy|100\/100\n|move|p1a: MasterBaiter|Hex|p2a: Arceus\n|-damage|p2a: Arceus|79\/100\n|\n|-damage|p1a: MasterBaiter|58\/100 brn|[from] brn\n|upkeep\n|turn|30\n|\n|t:|1699308286\n|move|p1a: MasterBaiter|Destiny Bond|p1a: MasterBaiter\n|-singlemove|p1a: MasterBaiter|Destiny Bond\n|move|p2a: Arceus|Judgment|p1a: MasterBaiter\n|-resisted|p1a: MasterBaiter\n|-damage|p1a: MasterBaiter|7\/100 brn\n|\n|-damage|p1a: MasterBaiter|0 fnt|[from] brn\n|faint|p1a: MasterBaiter\n|upkeep\n|c|\u2606techninja850|bro no way\n|c|\u2606anonymints|wait why did i not die\n|c|\u2606anonymints|wth\n|c|\u2606techninja850|lame\n|\n|t:|1699308304\n|switch|p1a: Oshiwashi :3|Oshawott, M|64\/100\n|-damage|p1a: Oshiwashi :3|51\/100|[from] Stealth Rock\n|turn|31\n|c|\u2606anonymints|was it reflect\n|c|\u2606techninja850|shut up\n|-message|techninja850 forfeited.\n|\n|win|anonymints\n|raw|techninja850's rating: 1212 &rarr; <strong>1185<\/strong><br \/>(-27 for losing)\n|raw|anonymints's rating: 1178 &rarr; <strong>1205<\/strong><br \/>(+27 for winning)\n|c|\u2606anonymints|LOL ok\n|l|\u2606techninja850\n","uploadtime":1699308319,"views":7,"p1id":"techninja850","p2id":"anonymints","formatid":"gen9anythinggoes","rating":1185,"private":0,"password":""}