{"id":"gen9anythinggoes-1973909321","p1":"zuccs","p2":"Hzozv","format":"[Gen 9] Anything Goes","log":"|j|\u2606zuccs\n|j|\u2606Hzozv\n|t:|1698026960\n|gametype|singles\n|player|p1|zuccs|101|1456\n|player|p2|Hzozv|lusamine-nihilego|1553\n|teamsize|p1|6\n|teamsize|p2|6\n|gen|9\n|tier|[Gen 9] Anything Goes\n|rated|\n|rule|HP Percentage Mod: HP is shown in percentages\n|rule|Endless Battle Clause: Forcing endless battles is banned\n|clearpoke\n|poke|p1|Calyrex-Shadow|\n|poke|p1|Zacian-*|\n|poke|p1|Ditto|\n|poke|p1|Gliscor, F|\n|poke|p1|Dusclops, M|\n|poke|p1|Sableye, M|\n|poke|p2|Glimmora, M|\n|poke|p2|Miraidon|\n|poke|p2|Koraidon|\n|poke|p2|Iron Bundle|\n|poke|p2|Great Tusk|\n|poke|p2|Ditto|\n|teampreview\n|inactive|Battle timer is ON: inactive players will automatically lose when time's up. (requested by Hzozv)\n|\n|t:|1698026986\n|start\n|switch|p1a: Dusclops|Dusclops, M|100\/100\n|switch|p2a: Glimmora|Glimmora, M|100\/100\n|-ability|p1a: Dusclops|Pressure\n|turn|1\n|\n|t:|1698027003\n|switch|p1a: Zacian|Zacian-Crowned|100\/100\n|-ability|p1a: Zacian|Intrepid Sword|boost\n|-boost|p1a: Zacian|atk|1\n|move|p2a: Glimmora|Stealth Rock|p1a: Zacian\n|-sidestart|p1: zuccs|move: Stealth Rock\n|\n|upkeep\n|turn|2\n|\n|t:|1698027009\n|move|p1a: Zacian|Behemoth Blade|p2a: Glimmora\n|-supereffective|p2a: Glimmora\n|-damage|p2a: Glimmora|0 fnt\n|-activate|p2a: Glimmora|ability: Toxic Debris\n|-sidestart|p1: zuccs|move: Toxic Spikes\n|faint|p2a: Glimmora\n|\n|upkeep\n|\n|t:|1698027017\n|switch|p2a: Ditto|Ditto|100\/100\n|-transform|p2a: Ditto|p1a: Zacian|[from] ability: Imposter\n|-ability|p2a: Ditto|Intrepid Sword|boost\n|-boost|p2a: Ditto|atk|1\n|turn|3\n|\n|t:|1698027030\n|move|p2a: Ditto|Behemoth Blade|p1a: Zacian\n|-damage|p1a: Zacian|0 fnt\n|faint|p1a: Zacian\n|\n|upkeep\n|\n|t:|1698027034\n|switch|p1a: Dusclops|Dusclops, M|100\/100\n|-damage|p1a: Dusclops|88\/100|[from] Stealth Rock\n|-status|p1a: Dusclops|psn\n|-ability|p1a: Dusclops|Pressure\n|turn|4\n|\n|t:|1698027040\n|move|p2a: Ditto|Behemoth Blade|p1a: Dusclops\n|-damage|p1a: Dusclops|37\/100 psn\n|move|p1a: Dusclops|Will-O-Wisp|p2a: Ditto|[miss]\n|-miss|p1a: Dusclops|p2a: Ditto\n|\n|-damage|p1a: Dusclops|25\/100 psn|[from] psn\n|upkeep\n|turn|5\n|\n|t:|1698027047\n|move|p2a: Ditto|Behemoth Blade|p1a: Dusclops\n|-damage|p1a: Dusclops|0 fnt\n|faint|p1a: Dusclops\n|\n|upkeep\n|\n|t:|1698027049\n|switch|p1a: Sableye|Sableye, M, shiny|100\/100\n|-damage|p1a: Sableye|88\/100|[from] Stealth Rock\n|-status|p1a: Sableye|psn\n|turn|6\n|\n|t:|1698027062\n|switch|p2a: Iron Bundle|Iron Bundle|100\/100\n|move|p1a: Sableye|Thunder Wave|p2a: Iron Bundle\n|-status|p2a: Iron Bundle|par\n|\n|-heal|p1a: Sableye|94\/100 psn|[from] item: Leftovers\n|-damage|p1a: Sableye|82\/100 psn|[from] psn\n|upkeep\n|turn|7\n|\n|t:|1698027074\n|switch|p1a: Ditto|Ditto, shiny|100\/100\n|-damage|p1a: Ditto|88\/100|[from] Stealth Rock\n|-status|p1a: Ditto|psn\n|-transform|p1a: Ditto|p2a: Iron Bundle|[from] ability: Imposter\n|move|p2a: Iron Bundle|Ice Beam|p1a: Ditto\n|-resisted|p1a: Ditto\n|-damage|p1a: Ditto|64\/100 psn\n|-damage|p2a: Iron Bundle|91\/100 par|[from] item: Life Orb\n|\n|-damage|p1a: Ditto|52\/100 psn|[from] psn\n|upkeep\n|turn|8\n|\n|t:|1698027086\n|move|p1a: Ditto|Freeze-Dry|p2a: Iron Bundle\n|-damage|p2a: Iron Bundle|21\/100 par\n|move|p2a: Iron Bundle|Freeze-Dry|p1a: Ditto\n|-damage|p1a: Ditto|0 fnt\n|faint|p1a: Ditto\n|-end|p1a: Ditto|Quark Drive|[silent]\n|-damage|p2a: Iron Bundle|11\/100 par|[from] item: Life Orb\n|\n|upkeep\n|\n|t:|1698027098\n|switch|p1a: Calyrex|Calyrex-Shadow|100\/100\n|-ability|p1a: Calyrex|As One\n|-ability|p1a: Calyrex|Unnerve\n|-damage|p1a: Calyrex|88\/100|[from] Stealth Rock\n|-status|p1a: Calyrex|psn\n|turn|9\n|\n|t:|1698027105\n|move|p1a: Calyrex|Draining Kiss|p2a: Iron Bundle\n|-damage|p2a: Iron Bundle|0 fnt\n|-heal|p1a: Calyrex|94\/100 psn|[from] drain|[of] p2a: Iron Bundle\n|faint|p2a: Iron Bundle\n|-end|p2a: Iron Bundle|Quark Drive|[silent]\n|-ability|p1a: Calyrex|Grim Neigh|boost\n|-boost|p1a: Calyrex|spa|1\n|-damage|p1a: Calyrex|84\/100 psn|[from] item: Life Orb\n|\n|-damage|p1a: Calyrex|72\/100 psn|[from] psn\n|upkeep\n|\n|t:|1698027116\n|switch|p2a: Ditto|Ditto|100\/100\n|-transform|p2a: Ditto|p1a: Calyrex|[from] ability: Imposter\n|turn|10\n|\n|t:|1698027122\n|-terastallize|p1a: Calyrex|Fairy\n|move|p2a: Ditto|Astral Barrage|p1a: Calyrex\n|-damage|p1a: Calyrex|0 fnt\n|faint|p1a: Calyrex\n|-ability|p2a: Ditto|Grim Neigh|boost\n|-boost|p2a: Ditto|spa|1\n|\n|upkeep\n|-message|zuccs forfeited.\n|\n|win|Hzozv\n|raw|zuccs's rating: 1456 &rarr; <strong>1441<\/strong><br \/>(-15 for losing)\n|raw|Hzozv's rating: 1553 &rarr; <strong>1568<\/strong><br \/>(+15 for winning)\n","uploadtime":1698027134,"views":12,"p1id":"zuccs","p2id":"hzozv","formatid":"gen9anythinggoes","rating":1441,"private":0,"password":""}