{"id":"gen9anythinggoes-1987687570","p1":"Tea Guzzler","p2":"zastra","format":"[Gen 9] Anything Goes","log":"|j|\u2606Tea Guzzler\n|j|\u2606zastra\n|inactive|Battle timer is ON: inactive players will automatically lose when time's up.\n|t:|1699627724\n|gametype|singles\n|player|p1|Tea Guzzler|#teaguzzler|\n|player|p2|zastra|cynthia-anime|\n|teamsize|p1|6\n|teamsize|p2|6\n|gen|9\n|tier|[Gen 9] Anything Goes\n|rated|Tournament battle\n|rule|HP Percentage Mod: HP is shown in percentages\n|rule|Endless Battle Clause: Forcing endless battles is banned\n|rule|Species Clause: Limit one of each Pok\u00e9mon\n|rule|OHKO Clause: OHKO moves are banned\n|rule|Evasion Moves Clause: Evasion moves are banned\n|rule|Sleep Clause Mod: Limit one foe put to sleep\n|rule|Category Swap Mod: All physical moves become special, and vice versa\n|clearpoke\n|poke|p1|Cyclizar, M|\n|poke|p1|Iron Valiant|\n|poke|p1|Gliscor, M|\n|poke|p1|Fezandipiti, M|\n|poke|p1|Gyarados, F|\n|poke|p1|Hoopa-Unbound|\n|poke|p2|Heatran, F|\n|poke|p2|Dragapult, M|\n|poke|p2|Zamazenta-*|\n|poke|p2|Gliscor, F|\n|poke|p2|Dondozo, M|\n|poke|p2|Corviknight, F|\n|teampreview\n|c|\u2606Tea Guzzler|gl\n|c|\u2606zastra|hf\n|\n|t:|1699627733\n|start\n|switch|p1a: Fezandipiti|Fezandipiti, M|100\/100\n|switch|p2a: Corviknight|Corviknight, F|100\/100\n|-ability|p2a: Corviknight|Pressure\n|turn|1\n|j| boingk\n|\n|t:|1699627738\n|move|p1a: Fezandipiti|U-turn|p2a: Corviknight\n|-resisted|p2a: Corviknight\n|-damage|p2a: Corviknight|98\/100\n|\n|t:|1699627740\n|switch|p1a: Cyclizar|Cyclizar, M|100\/100|[from] U-turn\n|move|p2a: Corviknight|U-turn|p1a: Cyclizar\n|-damage|p1a: Cyclizar|89\/100\n|\n|t:|1699627746\n|switch|p2a: Gliscor|Gliscor, F|100\/100|[from] U-turn\n|\n|-status|p2a: Gliscor|tox|[from] item: Toxic Orb\n|upkeep\n|turn|2\n|\n|t:|1699627751\n|move|p1a: Cyclizar|Shed Tail|p1a: Cyclizar\n|-start|p1a: Cyclizar|Substitute|[from] move: Shed Tail\n|-damage|p1a: Cyclizar|39\/100\n|\n|t:|1699627753\n|switch|p1a: Gyarados|Gyarados, F|100\/100|[from] Shed Tail\n|move|p2a: Gliscor|Spikes|p1a: Gyarados\n|-sidestart|p1: Tea Guzzler|Spikes\n|\n|upkeep\n|turn|3\n|\n|t:|1699627760\n|switch|p2a: Dondozo|Dondozo, M|100\/100\n|move|p1a: Gyarados|Hurricane|p2a: Dondozo\n|-damage|p2a: Dondozo|59\/100\n|-damage|p1a: Gyarados|91\/100|[from] item: Life Orb\n|\n|-heal|p2a: Dondozo|65\/100|[from] item: Leftovers\n|upkeep\n|turn|4\n|c| boingk|Oml who let shed tail free\n|\n|t:|1699627764\n|move|p1a: Gyarados|Hurricane|p2a: Dondozo|[miss]\n|-miss|p1a: Gyarados|p2a: Dondozo\n|move|p2a: Dondozo|Curse|p2a: Dondozo\n|-unboost|p2a: Dondozo|spe|1\n|-boost|p2a: Dondozo|atk|1\n|-boost|p2a: Dondozo|def|1\n|\n|-heal|p2a: Dondozo|72\/100|[from] item: Leftovers\n|upkeep\n|turn|5\n|c|\u2606zastra|Um\n|c|\u2606Tea Guzzler|we just forgot lol\n|c| boingk|Sob\n|c|\u2606zastra|thoughts on adding it tea?\n|inactive|zastra has 120 seconds left.\n|c|\u2606Tea Guzzler|there are no move bans are there not? so lr's still free lmao\n|c|\u2606Tea Guzzler|yes\n|c| boingk|Basculegion F about to go so hard...\n|c|\u2606Tea Guzzler|!ms dondozo, special, water, bp desc\n|c|+Tea Guzzler|\/raw <div class=\"infobox\"><span style=\"color:#999999;\">Matching moves found in learnset(s) for<\/span> Dondozo:<br \/><a href=\"\/\/dex.pokemonshowdown.com\/moves\/hydropump\" target=\"_blank\" class=\"subtle\" style=\"white-space:nowrap\">Hydro Pump<\/a> (110), <a href=\"\/\/dex.pokemonshowdown.com\/moves\/surf\" target=\"_blank\" class=\"subtle\" style=\"white-space:nowrap\">Surf<\/a> (90), <a href=\"\/\/dex.pokemonshowdown.com\/moves\/waterpulse\" target=\"_blank\" class=\"subtle\" style=\"white-space:nowrap\">Water Pulse<\/a> (60), <a href=\"\/\/dex.pokemonshowdown.com\/moves\/chillingwater\" target=\"_blank\" class=\"subtle\" style=\"white-space:nowrap\">Chilling Water<\/a> (50), <a href=\"\/\/dex.pokemonshowdown.com\/moves\/watergun\" target=\"_blank\" class=\"subtle\" style=\"white-space:nowrap\">Water Gun<\/a> (40)<\/div>\n|inactive|zastra has 90 seconds left.\n|\n|t:|1699627826\n|move|p2a: Dondozo|Protect|p2a: Dondozo\n|-singleturn|p2a: Dondozo|Protect\n|move|p1a: Gyarados|Hurricane|p2a: Dondozo\n|-activate|p2a: Dondozo|move: Protect\n|\n|-heal|p2a: Dondozo|78\/100|[from] item: Leftovers\n|upkeep\n|turn|6\n|c|\u2606Tea Guzzler|forgot to give this a tera type too rip\n|\n|t:|1699627839\n|move|p1a: Gyarados|Hurricane|p2a: Dondozo\n|-damage|p2a: Dondozo|46\/100\n|-damage|p1a: Gyarados|81\/100|[from] item: Life Orb\n|move|p2a: Dondozo|Surf|p1a: Gyarados\n|-resisted|p1a: Gyarados\n|-activate|p1a: Gyarados|move: Substitute|[damage]\n|\n|-heal|p2a: Dondozo|52\/100|[from] item: Leftovers\n|upkeep\n|turn|7\n|c|\u2606zastra|loool\n|c|\u2606zastra|dmg\n|c| boingk|Minor chip\n|inactive|zastra has 90 seconds left.\n|\n|t:|1699627855\n|move|p2a: Dondozo|Protect|p2a: Dondozo\n|-singleturn|p2a: Dondozo|Protect\n|move|p1a: Gyarados|Dragon Dance|p1a: Gyarados\n|-boost|p1a: Gyarados|atk|1\n|-boost|p1a: Gyarados|spe|1\n|\n|-heal|p2a: Dondozo|58\/100|[from] item: Leftovers\n|upkeep\n|turn|8\n|\n|t:|1699627861\n|move|p1a: Gyarados|Hurricane|p2a: Dondozo\n|-damage|p2a: Dondozo|31\/100\n|-start|p2a: Dondozo|confusion\n|-damage|p1a: Gyarados|71\/100|[from] item: Life Orb\n|-activate|p2a: Dondozo|confusion\n|move|p2a: Dondozo|Curse|p2a: Dondozo\n|-unboost|p2a: Dondozo|spe|1\n|-boost|p2a: Dondozo|atk|1\n|-boost|p2a: Dondozo|def|1\n|\n|-heal|p2a: Dondozo|37\/100|[from] item: Leftovers\n|upkeep\n|turn|9\n|\n|t:|1699627865\n|move|p1a: Gyarados|Hurricane|p2a: Dondozo\n|-damage|p2a: Dondozo|16\/100\n|-damage|p1a: Gyarados|61\/100|[from] item: Life Orb\n|-activate|p2a: Dondozo|confusion\n|-damage|p2a: Dondozo|11\/100|[from] confusion\n|\n|-heal|p2a: Dondozo|17\/100|[from] item: Leftovers\n|upkeep\n|turn|10\n|c|\u2606zastra|,\n|\n|t:|1699627874\n|-activate|p2a: Dondozo|confusion\n|move|p2a: Dondozo|Protect|p2a: Dondozo\n|-singleturn|p2a: Dondozo|Protect\n|move|p1a: Gyarados|Hurricane|p2a: Dondozo\n|-activate|p2a: Dondozo|move: Protect\n|\n|-heal|p2a: Dondozo|23\/100|[from] item: Leftovers\n|upkeep\n|turn|11\n|\n|t:|1699627878\n|move|p1a: Gyarados|Hurricane|p2a: Dondozo\n|-damage|p2a: Dondozo|0 fnt\n|faint|p2a: Dondozo\n|-ability|p1a: Gyarados|Moxie|boost\n|-boost|p1a: Gyarados|atk|1\n|-damage|p1a: Gyarados|51\/100|[from] item: Life Orb\n|\n|upkeep\n|inactive|zastra has 120 seconds left.\n|c|\u2606zastra|gg...?\n|c|\u2606Tea Guzzler|maybe? pult might just dodge\n|c|\u2606Tea Guzzler|and kill right back\n|\n|t:|1699627896\n|switch|p2a: Dragapult|Dragapult, M|100\/100\n|turn|12\n|c|\u2606zastra|true\n|\n|t:|1699627905\n|move|p2a: Dragapult|Dragon Pulse|p1a: Gyarados\n|-damage|p1a: Gyarados|0 fnt\n|faint|p1a: Gyarados\n|\n|upkeep\n|c|\u2606Tea Guzzler|oh wait im slower\n|c|\u2606zastra|actually nvm\n|\n|t:|1699627916\n|switch|p1a: Iron Valiant|Iron Valiant|100\/100\n|-damage|p1a: Iron Valiant|88\/100|[from] Spikes\n|-enditem|p1a: Iron Valiant|Booster Energy\n|-activate|p1a: Iron Valiant|ability: Quark Drive|[fromitem]\n|-start|p1a: Iron Valiant|quarkdrivespe\n|turn|13\n|c|\u2606zastra|LOL\n|\n|t:|1699627924\n|switch|p2a: Corviknight|Corviknight, F|98\/100\n|-ability|p2a: Corviknight|Pressure\n|move|p1a: Iron Valiant|Swords Dance|p1a: Iron Valiant\n|-boost|p1a: Iron Valiant|atk|2\n|\n|-heal|p2a: Corviknight|100\/100|[from] item: Leftovers\n|upkeep\n|turn|14\n|inactive|zastra has 120 seconds left.\n|inactive|zastra has 90 seconds left.\n|inactive|zastra has 60 seconds left.\n|\n|t:|1699628008\n|-terastallize|p1a: Iron Valiant|Fairy\n|move|p1a: Iron Valiant|Thunderbolt|p2a: Corviknight\n|-supereffective|p2a: Corviknight\n|-damage|p2a: Corviknight|28\/100\n|move|p2a: Corviknight|U-turn|p1a: Iron Valiant\n|-resisted|p1a: Iron Valiant\n|-damage|p1a: Iron Valiant|80\/100\n|inactive|zastra has 60 seconds left.\n|\n|t:|1699628023\n|switch|p2a: Gliscor|Gliscor, F|100\/100 tox|[from] U-turn\n|\n|upkeep\n|turn|15\n|\n|t:|1699628027\n|move|p1a: Iron Valiant|Moonblast|p2a: Gliscor\n|-damage|p2a: Gliscor|19\/100 tox\n|move|p2a: Gliscor|Earth Power|p1a: Iron Valiant\n|-damage|p1a: Iron Valiant|48\/100\n|-unboost|p1a: Iron Valiant|spd|1\n|\n|-heal|p2a: Gliscor|31\/100 tox|[from] ability: Poison Heal\n|upkeep\n|turn|16\n|\n|t:|1699628032\n|move|p1a: Iron Valiant|Moonblast|p2a: Gliscor\n|-damage|p2a: Gliscor|0 fnt\n|faint|p2a: Gliscor\n|\n|upkeep\n|\n|t:|1699628041\n|switch|p2a: Heatran|Heatran, F|100\/100\n|turn|17\n|\n|t:|1699628044\n|-terastallize|p2a: Heatran|Grass\n|move|p1a: Iron Valiant|Aura Sphere|p2a: Heatran\n|-damage|p2a: Heatran|35\/100\n|move|p2a: Heatran|Flare Blitz|p1a: Iron Valiant\n|-damage|p1a: Iron Valiant|0 fnt\n|faint|p1a: Iron Valiant\n|-end|p1a: Iron Valiant|Quark Drive|[silent]\n|-damage|p2a: Heatran|23\/100|[from] Recoil\n|\n|-heal|p2a: Heatran|29\/100|[from] item: Leftovers\n|upkeep\n|\n|t:|1699628051\n|switch|p1a: Hoopa|Hoopa-Unbound|100\/100\n|-damage|p1a: Hoopa|88\/100|[from] Spikes\n|turn|18\n|inactive|zastra has 90 seconds left.\n|\n|t:|1699628087\n|move|p1a: Hoopa|Zen Headbutt|p2a: Heatran\n|-crit|p2a: Heatran\n|-damage|p2a: Heatran|0 fnt\n|faint|p2a: Heatran\n|\n|upkeep\n|\n|t:|1699628095\n|switch|p2a: Dragapult|Dragapult, M|100\/100\n|turn|19\n|\n|t:|1699628107\n|switch|p1a: Fezandipiti|Fezandipiti, M|100\/100\n|-damage|p1a: Fezandipiti|88\/100|[from] Spikes\n|move|p2a: Dragapult|Shadow Ball|p1a: Fezandipiti\n|-damage|p1a: Fezandipiti|22\/100\n|\n|-heal|p1a: Fezandipiti|28\/100|[from] item: Black Sludge\n|upkeep\n|turn|20\n|\n|t:|1699628115\n|switch|p2a: Zamazenta|Zamazenta|100\/100\n|-ability|p2a: Zamazenta|Dauntless Shield|boost\n|-boost|p2a: Zamazenta|def|1\n|switch|p1a: Gliscor|Gliscor, M|100\/100\n|\n|-status|p1a: Gliscor|tox|[from] item: Toxic Orb\n|upkeep\n|turn|21\n|\n|t:|1699628123\n|move|p2a: Zamazenta|Substitute|p2a: Zamazenta\n|-start|p2a: Zamazenta|Substitute\n|-damage|p2a: Zamazenta|75\/100\n|move|p1a: Gliscor|Toxic||[still]\n|-fail|p1a: Gliscor\n|\n|-heal|p2a: Zamazenta|82\/100|[from] item: Leftovers\n|upkeep\n|turn|22\n|\n|t:|1699628128\n|move|p2a: Zamazenta|Iron Defense|p2a: Zamazenta\n|-boost|p2a: Zamazenta|def|2\n|move|p1a: Gliscor|Earth Power|p2a: Zamazenta\n|-activate|p2a: Zamazenta|move: Substitute|[damage]\n|\n|-heal|p2a: Zamazenta|88\/100|[from] item: Leftovers\n|upkeep\n|turn|23\n|\n|t:|1699628131\n|move|p2a: Zamazenta|Iron Defense|p2a: Zamazenta\n|-boost|p2a: Zamazenta|def|2\n|move|p1a: Gliscor|Earth Power|p2a: Zamazenta\n|-activate|p2a: Zamazenta|move: Substitute|[damage]\n|\n|-heal|p2a: Zamazenta|94\/100|[from] item: Leftovers\n|upkeep\n|turn|24\n|\n|t:|1699628137\n|move|p2a: Zamazenta|Iron Defense|p2a: Zamazenta\n|-boost|p2a: Zamazenta|def|1\n|move|p1a: Gliscor|Earth Power|p2a: Zamazenta\n|-activate|p2a: Zamazenta|move: Substitute|[damage]\n|\n|-heal|p2a: Zamazenta|99\/100|[from] item: Leftovers\n|upkeep\n|turn|25\n|\n|t:|1699628143\n|move|p2a: Zamazenta|Tera Blast|p1a: Gliscor\n|-damage|p1a: Gliscor|88\/100 tox\n|move|p1a: Gliscor|Earth Power|p2a: Zamazenta\n|-activate|p2a: Zamazenta|move: Substitute|[damage]\n|\n|-heal|p2a: Zamazenta|100\/100|[from] item: Leftovers\n|-heal|p1a: Gliscor|100\/100 tox|[from] ability: Poison Heal\n|upkeep\n|turn|26\n|\n|t:|1699628148\n|move|p2a: Zamazenta|Body Press|p1a: Gliscor\n|-resisted|p1a: Gliscor\n|-damage|p1a: Gliscor|21\/100 tox\n|move|p1a: Gliscor|Earth Power|p2a: Zamazenta\n|-end|p2a: Zamazenta|Substitute\n|\n|-heal|p1a: Gliscor|33\/100 tox|[from] ability: Poison Heal\n|upkeep\n|turn|27\n|\n|t:|1699628153\n|move|p2a: Zamazenta|Substitute|p2a: Zamazenta\n|-start|p2a: Zamazenta|Substitute\n|-damage|p2a: Zamazenta|75\/100\n|move|p1a: Gliscor|Earth Power|p2a: Zamazenta\n|-activate|p2a: Zamazenta|move: Substitute|[damage]\n|\n|-heal|p2a: Zamazenta|82\/100|[from] item: Leftovers\n|-heal|p1a: Gliscor|46\/100 tox|[from] ability: Poison Heal\n|upkeep\n|turn|28\n|\n|t:|1699628156\n|move|p1a: Gliscor|Protect|p1a: Gliscor\n|-singleturn|p1a: Gliscor|Protect\n|move|p2a: Zamazenta|Body Press|p1a: Gliscor\n|-activate|p1a: Gliscor|move: Protect\n|\n|-heal|p2a: Zamazenta|88\/100|[from] item: Leftovers\n|-heal|p1a: Gliscor|58\/100 tox|[from] ability: Poison Heal\n|upkeep\n|turn|29\n|\n|t:|1699628159\n|move|p1a: Gliscor|Protect|p1a: Gliscor\n|-singleturn|p1a: Gliscor|Protect\n|move|p2a: Zamazenta|Body Press|p1a: Gliscor\n|-activate|p1a: Gliscor|move: Protect\n|\n|-heal|p2a: Zamazenta|94\/100|[from] item: Leftovers\n|-heal|p1a: Gliscor|71\/100 tox|[from] ability: Poison Heal\n|upkeep\n|turn|30\n|\n|t:|1699628164\n|move|p2a: Zamazenta|Body Press|p1a: Gliscor\n|-resisted|p1a: Gliscor\n|-damage|p1a: Gliscor|0 fnt\n|faint|p1a: Gliscor\n|\n|-heal|p2a: Zamazenta|99\/100|[from] item: Leftovers\n|upkeep\n|\n|t:|1699628166\n|switch|p1a: Hoopa|Hoopa-Unbound|88\/100\n|-damage|p1a: Hoopa|76\/100|[from] Spikes\n|turn|31\n|c|\u2606zastra|zam broken?\n|c|\u2606Tea Guzzler|gg\n|\n|t:|1699628171\n|move|p2a: Zamazenta|Body Press|p1a: Hoopa\n|-damage|p1a: Hoopa|0 fnt\n|faint|p1a: Hoopa\n|\n|-heal|p2a: Zamazenta|100\/100|[from] item: Leftovers\n|upkeep\n|c|\u2606zastra|gg\n|c|\u2606Tea Guzzler|uhh idk i have zero answers\n|c|\u2606zastra|yh\n|c|\u2606Tea Guzzler|so would just have to look at what normally walls sub zama + see if it works here\n|inactive|Tea Guzzler has 120 seconds left.\n|c| boingk|Skeledirge\n|c|\u2606Tea Guzzler|i think its usually fsight glowking? which seems worse here\n|c|\u2606zastra|bad\n|\n|t:|1699628209\n|switch|p1a: Cyclizar|Cyclizar, M|72\/100\n|turn|32\n|c| boingk|Which to be fair is probably not good here\n|c|\u2606zastra|torch dirge sounds sucky\n|\n|t:|1699628224\n|move|p2a: Zamazenta|Body Press|p1a: Cyclizar\n|-supereffective|p1a: Cyclizar\n|-damage|p1a: Cyclizar|0 fnt\n|faint|p1a: Cyclizar\n|\n|upkeep\n|\n|t:|1699628226\n|switch|p1a: Fezandipiti|Fezandipiti, M|28\/100\n|-damage|p1a: Fezandipiti|15\/100|[from] Spikes\n|turn|33\n|\n|t:|1699628228\n|move|p2a: Zamazenta|Body Press|p1a: Fezandipiti\n|-resisted|p1a: Fezandipiti\n|-damage|p1a: Fezandipiti|0 fnt\n|faint|p1a: Fezandipiti\n|\n|win|zastra\n|n|\u2606Tea Guzzler|teaguzzler\n|n|\u2606zastra|zastra\n|n| boingk|boingk\n","uploadtime":1699628231,"views":5,"p1id":"teaguzzler","p2id":"zastra","formatid":"gen9anythinggoes","rating":0,"private":0,"password":""}