{"id":"gen9anythinggoes-1977775513","p1":"godnotagain4","p2":"aligatornatorasdf","format":"[Gen 9] Anything Goes","log":"|j|\u2606godnotagain4\n|j|\u2606aligatornatorasdf\n|t:|1698448156\n|gametype|singles\n|player|p1|godnotagain4|1|1072\n|player|p2|aligatornatorasdf|170|1078\n|teamsize|p1|6\n|teamsize|p2|6\n|gen|9\n|tier|[Gen 9] Anything Goes\n|rated|\n|rule|HP Percentage Mod: HP is shown in percentages\n|rule|Endless Battle Clause: Forcing endless battles is banned\n|clearpoke\n|poke|p1|Skeledirge, M|\n|poke|p1|Garganacl, F|\n|poke|p1|Garchomp, F|\n|poke|p1|Kilowattrel, M|\n|poke|p1|Flutter Mane|\n|poke|p1|Ogerpon-Hearthflame, F|\n|poke|p2|Arceus|\n|poke|p2|Arceus-Poison|\n|poke|p2|Arceus-Bug|\n|poke|p2|Arceus-Fairy|\n|poke|p2|Arceus-Psychic|\n|poke|p2|Arceus-Flying|\n|teampreview\n|\n|t:|1698448168\n|start\n|switch|p1a: Kilowattrel|Kilowattrel, M|100\/100\n|switch|p2a: Arceus|Arceus-Poison, shiny|100\/100\n|turn|1\n|\n|t:|1698448180\n|move|p1a: Kilowattrel|Thunderbolt|p2a: Arceus\n|-damage|p2a: Arceus|58\/100\n|move|p2a: Arceus|Gunk Shot|p1a: Kilowattrel\n|-damage|p1a: Kilowattrel|0 fnt\n|faint|p1a: Kilowattrel\n|\n|upkeep\n|\n|t:|1698448193\n|switch|p1a: Garchomp|Garchomp, F, shiny|100\/100\n|turn|2\n|\n|t:|1698448199\n|move|p1a: Garchomp|Earthquake|p2a: Arceus\n|-supereffective|p2a: Arceus\n|-damage|p2a: Arceus|0 fnt\n|faint|p2a: Arceus\n|\n|upkeep\n|\n|t:|1698448208\n|switch|p2a: Arceus|Arceus-Flying, shiny|100\/100\n|turn|3\n|\n|t:|1698448214\n|move|p1a: Garchomp|Swords Dance|p1a: Garchomp\n|-boost|p1a: Garchomp|atk|2\n|move|p2a: Arceus|Hurricane|p1a: Garchomp\n|-damage|p1a: Garchomp|38\/100\n|\n|upkeep\n|turn|4\n|\n|t:|1698448218\n|move|p1a: Garchomp|Scale Shot|p2a: Arceus\n|-damage|p2a: Arceus|80\/100\n|-damage|p2a: Arceus|60\/100\n|-damage|p2a: Arceus|40\/100\n|-damage|p2a: Arceus|21\/100\n|-damage|p2a: Arceus|0 fnt\n|faint|p2a: Arceus\n|-hitcount|p2: Arceus|5\n|-unboost|p1a: Garchomp|def|1\n|-boost|p1a: Garchomp|spe|1\n|\n|upkeep\n|\n|t:|1698448228\n|switch|p2a: Arceus|Arceus-Bug, shiny|100\/100\n|turn|5\n|\n|t:|1698448236\n|move|p1a: Garchomp|Scale Shot|p2a: Arceus\n|-damage|p2a: Arceus|81\/100\n|-damage|p2a: Arceus|62\/100\n|-damage|p2a: Arceus|43\/100\n|-damage|p2a: Arceus|22\/100\n|-damage|p2a: Arceus|2\/100\n|-hitcount|p2a: Arceus|5\n|-unboost|p1a: Garchomp|def|1\n|-boost|p1a: Garchomp|spe|1\n|move|p2a: Arceus|Bug Buzz|p1a: Garchomp\n|-damage|p1a: Garchomp|0 fnt\n|faint|p1a: Garchomp\n|\n|upkeep\n|\n|t:|1698448263\n|switch|p1a: Ogerpon|Ogerpon-Hearthflame, F|100\/100\n|-ability|p1a: Ogerpon|Mold Breaker\n|turn|6\n|\n|t:|1698448275\n|switch|p2a: Arceus|Arceus-Psychic, shiny|100\/100\n|-terastallize|p1a: Ogerpon|Fire\n|detailschange|p1a: Ogerpon|Ogerpon-Hearthflame-Tera, F, tera:Fire\n|-ability|p1a: Ogerpon|Embody Aspect (Hearthflame)|boost\n|-boost|p1a: Ogerpon|atk|1\n|move|p1a: Ogerpon|Trailblaze|p2a: Arceus\n|-damage|p2a: Arceus|71\/100\n|-boost|p1a: Ogerpon|spe|1\n|\n|upkeep\n|turn|7\n|\n|t:|1698448288\n|move|p1a: Ogerpon|Knock Off|p2a: Arceus\n|-supereffective|p2a: Arceus\n|-damage|p2a: Arceus|16\/100\n|move|p2a: Arceus|Future Sight|p1a: Ogerpon\n|-start|p2a: Arceus|move: Future Sight\n|\n|upkeep\n|turn|8\n|\n|t:|1698448294\n|move|p1a: Ogerpon|Knock Off|p2a: Arceus\n|-supereffective|p2a: Arceus\n|-damage|p2a: Arceus|0 fnt\n|faint|p2a: Arceus\n|\n|upkeep\n|\n|t:|1698448298\n|switch|p2a: Arceus|Arceus, shiny|100\/100\n|turn|9\n|\n|t:|1698448311\n|move|p1a: Ogerpon|Knock Off|p2a: Arceus\n|-damage|p2a: Arceus|58\/100\n|-enditem|p2a: Arceus|Expert Belt|[from] move: Knock Off|[of] p1a: Ogerpon\n|move|p2a: Arceus|Perish Song|p2a: Arceus\n|-start|p1a: Ogerpon|perish3|[silent]\n|-start|p2a: Arceus|perish3|[silent]\n|-fieldactivate|move: Perish Song\n|\n|-end|p1a: Ogerpon|move: Future Sight\n|-damage|p1a: Ogerpon|45\/100\n|-start|p1a: Ogerpon|perish3\n|-start|p2a: Arceus|perish3\n|upkeep\n|turn|10\n|\n|t:|1698448321\n|move|p2a: Arceus|Extreme Speed|p1a: Ogerpon\n|-damage|p1a: Ogerpon|0 fnt\n|faint|p1a: Ogerpon\n|\n|-start|p2a: Arceus|perish2\n|upkeep\n|\n|t:|1698448324\n|switch|p1a: Skeledirge|Skeledirge, M, shiny|100\/100\n|turn|11\n|\n|t:|1698448327\n|move|p2a: Arceus|Perish Song|p2a: Arceus\n|-start|p1a: Skeledirge|perish3|[silent]\n|-fieldactivate|move: Perish Song\n|move|p1a: Skeledirge|Will-O-Wisp|p2a: Arceus|[miss]\n|-miss|p1a: Skeledirge|p2a: Arceus\n|\n|-start|p2a: Arceus|perish1\n|-start|p1a: Skeledirge|perish3\n|upkeep\n|turn|12\n|\n|t:|1698448337\n|switch|p2a: Arceus|Arceus-Fairy, shiny|100\/100\n|move|p1a: Skeledirge|Will-O-Wisp|p2a: Arceus|[miss]\n|-miss|p1a: Skeledirge|p2a: Arceus\n|\n|-start|p1a: Skeledirge|perish2\n|upkeep\n|turn|13\n|\n|t:|1698448343\n|switch|p1a: Garganacl|Garganacl, F, shiny|100\/100\n|move|p2a: Arceus|Dazzling Gleam|p1a: Garganacl\n|-damage|p1a: Garganacl|65\/100\n|\n|-heal|p1a: Garganacl|71\/100|[from] item: Leftovers\n|upkeep\n|turn|14\n|\n|t:|1698448347\n|switch|p2a: Arceus|Arceus, shiny|58\/100\n|move|p1a: Garganacl|Salt Cure|p2a: Arceus\n|-damage|p2a: Arceus|48\/100\n|-start|p2a: Arceus|Salt Cure\n|\n|-heal|p1a: Garganacl|77\/100|[from] item: Leftovers\n|-damage|p2a: Arceus|36\/100|[from] Salt Cure\n|upkeep\n|turn|15\n|\n|t:|1698448358\n|move|p2a: Arceus|Perish Song|p2a: Arceus\n|-start|p1a: Garganacl|perish3|[silent]\n|-start|p2a: Arceus|perish3|[silent]\n|-fieldactivate|move: Perish Song\n|move|p1a: Garganacl|Iron Defense|p1a: Garganacl\n|-boost|p1a: Garganacl|def|2\n|\n|-heal|p1a: Garganacl|83\/100|[from] item: Leftovers\n|-damage|p2a: Arceus|23\/100|[from] Salt Cure\n|-start|p2a: Arceus|perish3\n|-start|p1a: Garganacl|perish3\n|upkeep\n|turn|16\n|\n|t:|1698448364\n|move|p2a: Arceus|Extreme Speed|p1a: Garganacl\n|-resisted|p1a: Garganacl\n|-damage|p1a: Garganacl|79\/100\n|move|p1a: Garganacl|Body Press|p2a: Arceus\n|-supereffective|p2a: Arceus\n|-damage|p2a: Arceus|0 fnt\n|faint|p2a: Arceus\n|\n|-heal|p1a: Garganacl|85\/100|[from] item: Leftovers\n|-start|p1a: Garganacl|perish2\n|upkeep\n|\n|t:|1698448370\n|switch|p2a: Arceus|Arceus-Fairy, shiny|100\/100\n|turn|17\n|\n|t:|1698448377\n|-terastallize|p2a: Arceus|Fairy\n|move|p2a: Arceus|Dazzling Gleam|p1a: Garganacl\n|-damage|p1a: Garganacl|31\/100\n|move|p1a: Garganacl|Salt Cure|p2a: Arceus\n|-damage|p2a: Arceus|90\/100\n|-start|p2a: Arceus|Salt Cure\n|\n|-heal|p1a: Garganacl|38\/100|[from] item: Leftovers\n|-damage|p2a: Arceus|78\/100|[from] Salt Cure\n|-start|p1a: Garganacl|perish1\n|upkeep\n|turn|18\n|\n|t:|1698448382\n|switch|p1a: Skeledirge|Skeledirge, M, shiny|100\/100\n|move|p2a: Arceus|Dazzling Gleam|p1a: Skeledirge\n|-resisted|p1a: Skeledirge\n|-damage|p1a: Skeledirge|83\/100\n|\n|-heal|p1a: Skeledirge|89\/100|[from] item: Leftovers\n|-damage|p2a: Arceus|65\/100|[from] Salt Cure\n|upkeep\n|turn|19\n|\n|t:|1698448390\n|switch|p2a: Arceus|Arceus-Bug, shiny|2\/100\n|move|p1a: Skeledirge|Will-O-Wisp|p2a: Arceus\n|-status|p2a: Arceus|brn\n|\n|-heal|p1a: Skeledirge|95\/100|[from] item: Leftovers\n|-damage|p2a: Arceus|0 fnt|[from] brn\n|faint|p2a: Arceus\n|upkeep\n|\n|t:|1698448392\n|switch|p2a: Arceus|Arceus-Fairy, shiny, tera:Fairy|65\/100\n|turn|20\n|\n|t:|1698448396\n|move|p2a: Arceus|Body Slam|p1a: Skeledirge\n|-immune|p1a: Skeledirge\n|move|p1a: Skeledirge|Will-O-Wisp|p2a: Arceus\n|-status|p2a: Arceus|brn\n|\n|-heal|p1a: Skeledirge|100\/100|[from] item: Leftovers\n|-damage|p2a: Arceus|59\/100 brn|[from] brn\n|upkeep\n|turn|21\n|\n|t:|1698448401\n|move|p2a: Arceus|Dazzling Gleam|p1a: Skeledirge\n|-resisted|p1a: Skeledirge\n|-damage|p1a: Skeledirge|81\/100\n|move|p1a: Skeledirge|Torch Song|p2a: Arceus\n|-damage|p2a: Arceus|38\/100 brn\n|-boost|p1a: Skeledirge|spa|1\n|\n|-heal|p1a: Skeledirge|87\/100|[from] item: Leftovers\n|-damage|p2a: Arceus|32\/100 brn|[from] brn\n|upkeep\n|turn|22\n|-message|aligatornatorasdf forfeited.\n|\n|win|godnotagain4\n|raw|godnotagain4's rating: 1072 &rarr; <strong>1102<\/strong><br \/>(+30 for winning)\n|raw|aligatornatorasdf's rating: 1078 &rarr; <strong>1056<\/strong><br \/>(-22 for losing)\n|l|\u2606aligatornatorasdf\n","uploadtime":1698448411,"views":8,"p1id":"godnotagain4","p2id":"aligatornatorasdf","formatid":"gen9anythinggoes","rating":1056,"private":0,"password":""}