{"id":"gen9anythinggoes-1994209226","p1":"Darealrastabwoy007","p2":"Zen077","format":"[Gen 9] Anything Goes","log":"|j|\u2606Darealrastabwoy007\n|j|\u2606Zen077\n|t:|1700419154\n|gametype|singles\n|player|p1|Darealrastabwoy007|blackbelt-gen4|1421\n|player|p2|Zen077|ash-alola|1668\n|teamsize|p1|6\n|teamsize|p2|6\n|gen|9\n|tier|[Gen 9] Anything Goes\n|rated|\n|rule|HP Percentage Mod: HP is shown in percentages\n|rule|Endless Battle Clause: Forcing endless battles is banned\n|clearpoke\n|poke|p1|Ninetales-Alola, M|\n|poke|p1|Arcanine-Hisui, M|\n|poke|p1|Miraidon|\n|poke|p1|Weezing-Galar, F|\n|poke|p1|Zamazenta-*|\n|poke|p1|Calyrex-Shadow|\n|poke|p2|Ditto|\n|poke|p2|Pawmot, M|\n|poke|p2|Corviknight, F|\n|poke|p2|Zacian-*|\n|poke|p2|Calyrex-Shadow|\n|poke|p2|Koraidon|\n|teampreview\n|inactive|Battle timer is ON: inactive players will automatically lose when time's up. (requested by Zen077)\n|\n|t:|1700419157\n|start\n|switch|p1a: Ninetales|Ninetales-Alola, M|100\/100\n|switch|p2a: Koraidon|Koraidon|100\/100\n|-weather|SunnyDay|[from] ability: Orichalcum Pulse|[of] p2a: Koraidon\n|-activate|p2a: Koraidon|Orichalcum Pulse|[source]\n|-weather|Snow|[from] ability: Snow Warning|[of] p1a: Ninetales\n|turn|1\n|\n|t:|1700419179\n|switch|p1a: Arcanine|Arcanine-Hisui, M|100\/100\n|-ability|p1a: Arcanine|Intimidate|boost\n|-unboost|p2a: Koraidon|atk|1\n|move|p2a: Koraidon|Flame Charge|p1a: Arcanine\n|-resisted|p1a: Arcanine\n|-damage|p1a: Arcanine|98\/100\n|-boost|p2a: Koraidon|spe|1\n|\n|-weather|Snow|[upkeep]\n|-heal|p1a: Arcanine|100\/100|[from] item: Leftovers\n|upkeep\n|turn|2\n|\n|t:|1700419193\n|move|p2a: Koraidon|Stomping Tantrum|p1a: Arcanine\n|-supereffective|p1a: Arcanine\n|-damage|p1a: Arcanine|27\/100\n|move|p1a: Arcanine|Will-O-Wisp|p2a: Koraidon\n|-status|p2a: Koraidon|brn\n|\n|-weather|Snow|[upkeep]\n|-heal|p1a: Arcanine|33\/100|[from] item: Leftovers\n|-damage|p2a: Koraidon|94\/100 brn|[from] brn\n|upkeep\n|turn|3\n|\n|t:|1700419203\n|move|p1a: Arcanine|Protect|p1a: Arcanine\n|-singleturn|p1a: Arcanine|Protect\n|move|p2a: Koraidon|Stomping Tantrum|p1a: Arcanine\n|-activate|p1a: Arcanine|move: Protect\n|\n|-weather|Snow|[upkeep]\n|-heal|p1a: Arcanine|40\/100|[from] item: Leftovers\n|-damage|p2a: Koraidon|88\/100 brn|[from] brn\n|upkeep\n|turn|4\n|\n|t:|1700419212\n|switch|p1a: Weezing|Weezing-Galar, F|100\/100\n|move|p2a: Koraidon|Stomping Tantrum|p1a: Weezing\n|-immune|p1a: Weezing|[from] ability: Levitate\n|\n|-weather|Snow|[upkeep]\n|-damage|p2a: Koraidon|82\/100 brn|[from] brn\n|upkeep\n|turn|5\n|\n|t:|1700419224\n|move|p2a: Koraidon|Flame Charge|p1a: Weezing\n|-damage|p1a: Weezing|96\/100\n|-boost|p2a: Koraidon|spe|1\n|move|p1a: Weezing|Toxic Spikes|p2a: Koraidon\n|-sidestart|p2: Zen077|move: Toxic Spikes\n|\n|-weather|none\n|-damage|p2a: Koraidon|76\/100 brn|[from] brn\n|upkeep\n|turn|6\n|\n|t:|1700419235\n|move|p2a: Koraidon|Collision Course|p1a: Weezing\n|-resisted|p1a: Weezing\n|-crit|p1a: Weezing\n|-damage|p1a: Weezing|90\/100\n|move|p1a: Weezing|Haze|p1a: Weezing\n|-clearallboost\n|\n|-damage|p2a: Koraidon|70\/100 brn|[from] brn\n|upkeep\n|turn|7\n|\n|t:|1700419245\n|move|p2a: Koraidon|Flame Charge|p1a: Weezing\n|-damage|p1a: Weezing|84\/100\n|-boost|p2a: Koraidon|spe|1\n|move|p1a: Weezing|Toxic Spikes|p2a: Koraidon\n|-sidestart|p2: Zen077|move: Toxic Spikes\n|\n|-damage|p2a: Koraidon|64\/100 brn|[from] brn\n|upkeep\n|turn|8\n|\n|t:|1700419254\n|move|p2a: Koraidon|Collision Course|p1a: Weezing\n|-resisted|p1a: Weezing\n|-damage|p1a: Weezing|80\/100\n|move|p1a: Weezing|Sludge Bomb|p2a: Koraidon\n|-damage|p2a: Koraidon|35\/100 brn\n|\n|-damage|p2a: Koraidon|28\/100 brn|[from] brn\n|upkeep\n|turn|9\n|\n|t:|1700419264\n|move|p2a: Koraidon|Flame Charge|p1a: Weezing\n|-damage|p1a: Weezing|73\/100\n|-boost|p2a: Koraidon|spe|1\n|move|p1a: Weezing|Sludge Bomb|p2a: Koraidon\n|-damage|p2a: Koraidon|2\/100 brn\n|\n|-damage|p2a: Koraidon|0 fnt|[from] brn\n|faint|p2a: Koraidon\n|upkeep\n|\n|t:|1700419272\n|switch|p2a: Corviknight|Corviknight, F|100\/100\n|turn|10\n|\n|t:|1700419279\n|switch|p1a: Ninetales|Ninetales-Alola, M|100\/100\n|-weather|Snow|[from] ability: Snow Warning|[of] p1a: Ninetales\n|move|p2a: Corviknight|Defog|p1a: Ninetales\n|-unboost|p1a: Ninetales|evasion|1\n|-sideend|p2: Zen077|Toxic Spikes|[from] move: Defog|[of] p2a: Corviknight\n|\n|-weather|Snow|[upkeep]\n|upkeep\n|turn|11\n|\n|t:|1700419289\n|move|p1a: Ninetales|Aurora Veil|p1a: Ninetales\n|-sidestart|p1: Darealrastabwoy007|move: Aurora Veil\n|move|p2a: Corviknight|Body Press|p1a: Ninetales\n|-damage|p1a: Ninetales|86\/100\n|\n|-weather|Snow|[upkeep]\n|upkeep\n|turn|12\n|\n|t:|1700419301\n|switch|p1a: Arcanine|Arcanine-Hisui, M|40\/100\n|-ability|p1a: Arcanine|Intimidate|boost\n|-ability|p2a: Corviknight|Mirror Armor\n|-unboost|p1a: Arcanine|atk|1\n|move|p2a: Corviknight|Defog|p1a: Arcanine\n|-unboost|p1a: Arcanine|evasion|1\n|-sideend|p1: Darealrastabwoy007|move: Aurora Veil\n|\n|-weather|Snow|[upkeep]\n|-heal|p1a: Arcanine|46\/100|[from] item: Leftovers\n|upkeep\n|turn|13\n|\n|t:|1700419312\n|move|p1a: Arcanine|Will-O-Wisp|p2a: Corviknight\n|-status|p2a: Corviknight|brn\n|move|p2a: Corviknight|Body Press|p1a: Arcanine\n|-supereffective|p1a: Arcanine\n|-damage|p1a: Arcanine|19\/100\n|\n|-weather|Snow|[upkeep]\n|-heal|p1a: Arcanine|25\/100|[from] item: Leftovers\n|-damage|p2a: Corviknight|94\/100 brn|[from] brn\n|upkeep\n|turn|14\n|\n|t:|1700419323\n|move|p1a: Arcanine|Protect|p1a: Arcanine\n|-singleturn|p1a: Arcanine|Protect\n|move|p2a: Corviknight|Body Press|p1a: Arcanine\n|-activate|p1a: Arcanine|move: Protect\n|\n|-weather|none\n|-heal|p1a: Arcanine|31\/100|[from] item: Leftovers\n|-damage|p2a: Corviknight|88\/100 brn|[from] brn\n|upkeep\n|turn|15\n|\n|t:|1700419337\n|move|p1a: Arcanine|Flamethrower|p2a: Corviknight\n|-supereffective|p2a: Corviknight\n|-crit|p2a: Corviknight\n|-damage|p2a: Corviknight|0 fnt\n|faint|p2a: Corviknight\n|\n|-heal|p1a: Arcanine|37\/100|[from] item: Leftovers\n|upkeep\n|\n|t:|1700419358\n|switch|p2a: Calyrex|Calyrex-Shadow|100\/100\n|-ability|p2a: Calyrex|As One\n|-ability|p2a: Calyrex|Unnerve\n|turn|16\n|\n|t:|1700419366\n|move|p1a: Arcanine|Protect|p1a: Arcanine\n|-singleturn|p1a: Arcanine|Protect\n|move|p2a: Calyrex|Astral Barrage|p1a: Arcanine\n|-activate|p1a: Arcanine|move: Protect\n|\n|-heal|p1a: Arcanine|43\/100|[from] item: Leftovers\n|upkeep\n|turn|17\n|\n|t:|1700419375\n|switch|p1a: Zamazenta|Zamazenta|100\/100\n|-ability|p1a: Zamazenta|Dauntless Shield|boost\n|-boost|p1a: Zamazenta|def|1\n|move|p2a: Calyrex|Astral Barrage|p1a: Zamazenta\n|-damage|p1a: Zamazenta|70\/100\n|\n|upkeep\n|turn|18\n|\n|t:|1700419387\n|move|p2a: Calyrex|Psychic|p1a: Zamazenta\n|-supereffective|p1a: Zamazenta\n|-damage|p1a: Zamazenta|23\/100\n|-unboost|p1a: Zamazenta|spd|1\n|move|p1a: Zamazenta|Snarl|p2a: Calyrex\n|-supereffective|p2a: Calyrex\n|-damage|p2a: Calyrex|58\/100\n|-unboost|p2a: Calyrex|spa|1\n|\n|upkeep\n|turn|19\n|inactive|Darealrastabwoy007 has 120 seconds left.\n|\n|t:|1700419425\n|move|p2a: Calyrex|Astral Barrage|p1a: Zamazenta\n|-damage|p1a: Zamazenta|0 fnt\n|faint|p1a: Zamazenta\n|-ability|p2a: Calyrex|Grim Neigh|boost\n|-boost|p2a: Calyrex|spa|1\n|\n|upkeep\n|\n|t:|1700419439\n|switch|p1a: Miraidon|Miraidon|100\/100\n|-fieldstart|move: Electric Terrain|[from] ability: Hadron Engine|[of] p1a: Miraidon\n|turn|20\n|\n|t:|1700419448\n|move|p1a: Miraidon|Electro Drift|p2a: Calyrex\n|-damage|p2a: Calyrex|0 fnt\n|faint|p2a: Calyrex\n|\n|upkeep\n|\n|t:|1700419458\n|switch|p2a: Zacian|Zacian-Crowned|100\/100\n|-ability|p2a: Zacian|Intrepid Sword|boost\n|-boost|p2a: Zacian|atk|1\n|turn|21\n|\n|t:|1700419463\n|-terastallize|p1a: Miraidon|Electric\n|-terastallize|p2a: Zacian|Ground\n|move|p1a: Miraidon|Electro Drift|p2a: Zacian\n|-immune|p2a: Zacian\n|move|p2a: Zacian|Play Rough|p1a: Miraidon\n|-damage|p1a: Miraidon|20\/100\n|\n|upkeep\n|turn|22\n|inactive|Darealrastabwoy007 has 120 seconds left.\n|inactive|Darealrastabwoy007 has 90 seconds left.\n|inactive|Darealrastabwoy007 has 60 seconds left.\n|inactive|Darealrastabwoy007 has 30 seconds left.\n|\n|t:|1700419572\n|switch|p1a: Arcanine|Arcanine-Hisui, M|43\/100\n|-ability|p1a: Arcanine|Intimidate|boost\n|-unboost|p2a: Zacian|atk|1\n|move|p2a: Zacian|Behemoth Blade|p1a: Arcanine\n|-damage|p1a: Arcanine|0 fnt\n|faint|p1a: Arcanine\n|\n|upkeep\n|inactive|Darealrastabwoy007 has 30 seconds left.\n|inactive|Darealrastabwoy007 has 20 seconds left.\n|\n|t:|1700419591\n|switch|p1a: Ninetales|Ninetales-Alola, M|86\/100\n|-weather|Snow|[from] ability: Snow Warning|[of] p1a: Ninetales\n|turn|23\n|inactive|Darealrastabwoy007 has 30 seconds left this turn.\n|\n|t:|1700419596\n|move|p2a: Zacian|Behemoth Blade|p1a: Ninetales\n|-supereffective|p1a: Ninetales\n|-damage|p1a: Ninetales|0 fnt\n|faint|p1a: Ninetales\n|\n|-weather|Snow|[upkeep]\n|upkeep\n|inactive|Darealrastabwoy007 has 30 seconds left.\n|\n|t:|1700419606\n|switch|p1a: Calyrex|Calyrex-Shadow|100\/100\n|-ability|p1a: Calyrex|As One\n|-ability|p1a: Calyrex|Unnerve\n|turn|24\n|inactive|Darealrastabwoy007 has 30 seconds left.\n|\n|t:|1700419612\n|move|p1a: Calyrex|Astral Barrage|p2a: Zacian\n|-damage|p2a: Zacian|37\/100\n|move|p2a: Zacian|Behemoth Blade|p1a: Calyrex\n|-damage|p1a: Calyrex|35\/100\n|\n|-weather|Snow|[upkeep]\n|-fieldend|move: Electric Terrain\n|upkeep\n|turn|25\n|inactive|Darealrastabwoy007 has 30 seconds left.\n|\n|t:|1700419628\n|switch|p1a: Weezing|Weezing-Galar, F|73\/100\n|move|p2a: Zacian|Behemoth Blade|p1a: Weezing\n|-supereffective|p1a: Weezing\n|-damage|p1a: Weezing|0 fnt\n|faint|p1a: Weezing\n|\n|-weather|Snow|[upkeep]\n|upkeep\n|inactive|Darealrastabwoy007 has 30 seconds left this turn.\n|\n|t:|1700419638\n|switch|p1a: Miraidon|Miraidon, tera:Electric|20\/100\n|-fieldstart|move: Electric Terrain|[from] ability: Hadron Engine|[of] p1a: Miraidon\n|turn|26\n|inactive|Darealrastabwoy007 has 30 seconds left.\n|\n|t:|1700419645\n|move|p1a: Miraidon|Dazzling Gleam|p2a: Zacian\n|-damage|p2a: Zacian|4\/100\n|move|p2a: Zacian|Behemoth Blade|p1a: Miraidon\n|-resisted|p1a: Miraidon\n|-damage|p1a: Miraidon|0 fnt\n|faint|p1a: Miraidon\n|\n|-weather|Snow|[upkeep]\n|upkeep\n|inactive|Darealrastabwoy007 has 30 seconds left.\n|\n|t:|1700419655\n|switch|p1a: Calyrex|Calyrex-Shadow|35\/100\n|-ability|p1a: Calyrex|As One\n|-ability|p1a: Calyrex|Unnerve\n|turn|27\n|\n|t:|1700419664\n|move|p1a: Calyrex|Protect|p1a: Calyrex\n|-singleturn|p1a: Calyrex|Protect\n|move|p2a: Zacian|Behemoth Blade|p1a: Calyrex\n|-activate|p1a: Calyrex|move: Protect\n|\n|-weather|none\n|upkeep\n|turn|28\n|\n|t:|1700419677\n|move|p1a: Calyrex|Draining Kiss|p2a: Zacian\n|-damage|p2a: Zacian|0 fnt\n|-heal|p1a: Calyrex|37\/100|[from] drain|[of] p2a: Zacian\n|faint|p2a: Zacian\n|-ability|p1a: Calyrex|Grim Neigh|boost\n|-boost|p1a: Calyrex|spa|1\n|\n|upkeep\n|\n|t:|1700419686\n|switch|p2a: Ditto|Ditto|100\/100\n|-transform|p2a: Ditto|p1a: Calyrex|[from] ability: Imposter\n|turn|29\n|\n|t:|1700419697\n|move|p2a: Ditto|Astral Barrage|p1a: Calyrex\n|-supereffective|p1a: Calyrex\n|-damage|p1a: Calyrex|0 fnt\n|faint|p1a: Calyrex\n|\n|win|Zen077\n|raw|Darealrastabwoy007's rating: 1421 &rarr; <strong>1413<\/strong><br \/>(-8 for losing)\n|raw|Zen077's rating: 1668 &rarr; <strong>1676<\/strong><br \/>(+8 for winning)\n|c|\u2606Zen077|Gg\n","uploadtime":1700419718,"views":1,"p1id":"darealrastabwoy007","p2id":"zen077","formatid":"gen9anythinggoes","rating":1413,"private":0,"password":""}