{"id":"gen9anythinggoes-1985758003","p1":"DR4N","p2":"youngster maybe","format":"[Gen 9] Anything Goes","log":"|j|\u2606DR4N\n|j|\u2606youngster maybe\n|t:|1699403089\n|gametype|singles\n|player|p1|DR4N|lucas-gen4pt|1104\n|player|p2|youngster maybe|266|1214\n|teamsize|p1|6\n|teamsize|p2|6\n|gen|9\n|tier|[Gen 9] Anything Goes\n|rated|\n|rule|HP Percentage Mod: HP is shown in percentages\n|rule|Endless Battle Clause: Forcing endless battles is banned\n|clearpoke\n|poke|p1|Espeon, F|\n|poke|p1|Lycanroc-Dusk, M|\n|poke|p1|Pawmot, F|\n|poke|p1|Clodsire, M|\n|poke|p1|Gogoat, M|\n|poke|p1|Arcanine, M|\n|poke|p2|Lokix, M|\n|poke|p2|Charizard, M|\n|poke|p2|Lurantis, F|\n|poke|p2|Ditto|\n|poke|p2|Lycanroc, M|\n|poke|p2|Zoroark-Hisui, M|\n|teampreview\n|\n|t:|1699403107\n|start\n|switch|p1a: Bobby|Clodsire, M, shiny|100\/100\n|switch|p2a: Lurantis|Lurantis, F, shiny|100\/100\n|turn|1\n|\n|t:|1699403137\n|switch|p2a: Ditto|Ditto|100\/100\n|-transform|p2a: Ditto|p1a: Bobby|[from] ability: Imposter\n|move|p1a: Bobby|Yawn|p2a: Ditto\n|-start|p2a: Ditto|move: Yawn|[of] p1a: Bobby\n|\n|upkeep\n|turn|2\n|\n|t:|1699403148\n|move|p2a: Ditto|Yawn|p1a: Bobby\n|-start|p1a: Bobby|move: Yawn|[of] p2a: Ditto\n|move|p1a: Bobby|Toxic Spikes|p2a: Ditto\n|-sidestart|p2: youngster maybe|move: Toxic Spikes\n|\n|-end|p2a: Ditto|move: Yawn|[silent]\n|-status|p2a: Ditto|slp\n|upkeep\n|turn|3\n|\n|t:|1699403161\n|switch|p2a: Lurantis|Lurantis, F, shiny|100\/100\n|-status|p2a: Lurantis|psn\n|switch|p1a: Billy|Gogoat, M, shiny|100\/100\n|\n|-damage|p2a: Lurantis|88\/100 psn|[from] psn\n|upkeep\n|turn|4\n|\n|t:|1699403171\n|move|p2a: Lurantis|Flamethrower|p1a: Billy\n|-supereffective|p1a: Billy\n|-damage|p1a: Billy|47\/100\n|move|p1a: Billy|Leech Seed|p2a: Lurantis\n|-start|p2a: Lurantis|move: Leech Seed\n|\n|-damage|p2a: Lurantis|76\/100 psn|[from] Leech Seed|[of] p1a: Billy\n|-heal|p1a: Billy|54\/100|[silent]\n|-damage|p2a: Lurantis|63\/100 psn|[from] psn\n|upkeep\n|turn|5\n|\n|t:|1699403182\n|move|p2a: Lurantis|Flamethrower|p1a: Billy\n|-supereffective|p1a: Billy\n|-damage|p1a: Billy|0 fnt\n|faint|p1a: Billy\n|\n|-damage|p2a: Lurantis|51\/100 psn|[from] psn\n|upkeep\n|\n|t:|1699403189\n|switch|p1a: Bobby|Clodsire, M, shiny|100\/100\n|turn|6\n|\n|t:|1699403198\n|move|p2a: Lurantis|Hyper Voice|p1a: Bobby\n|-damage|p1a: Bobby|74\/100\n|move|p1a: Bobby|Toxic Spikes|p2a: Lurantis\n|-sidestart|p2: youngster maybe|move: Toxic Spikes\n|\n|-heal|p1a: Bobby|81\/100|[from] item: Black Sludge\n|-damage|p2a: Lurantis|39\/100 psn|[from] Leech Seed|[of] p1a: Bobby\n|-heal|p1a: Bobby|87\/100|[silent]\n|-damage|p2a: Lurantis|26\/100 psn|[from] psn\n|upkeep\n|turn|7\n|\n|t:|1699403207\n|move|p1a: Bobby|Protect|p1a: Bobby\n|-singleturn|p1a: Bobby|Protect\n|move|p2a: Lurantis|Hyper Voice|p1a: Bobby\n|-activate|p1a: Bobby|move: Protect\n|\n|-heal|p1a: Bobby|94\/100|[from] item: Black Sludge\n|-damage|p2a: Lurantis|14\/100 psn|[from] Leech Seed|[of] p1a: Bobby\n|-heal|p1a: Bobby|99\/100|[silent]\n|-damage|p2a: Lurantis|2\/100 psn|[from] psn\n|upkeep\n|turn|8\n|\n|t:|1699403216\n|move|p1a: Bobby|Protect|p1a: Bobby\n|-singleturn|p1a: Bobby|Protect\n|move|p2a: Lurantis|Hyper Voice|p1a: Bobby\n|-activate|p1a: Bobby|move: Protect\n|\n|-heal|p1a: Bobby|100\/100|[from] item: Black Sludge\n|-damage|p2a: Lurantis|0 fnt|[from] Leech Seed|[of] p1a: Bobby\n|faint|p2a: Lurantis\n|upkeep\n|\n|t:|1699403228\n|switch|p2a: Lokix|Lokix, M, shiny|100\/100\n|-status|p2a: Lokix|tox\n|turn|9\n|\n|t:|1699403236\n|move|p2a: Lokix|Throat Chop|p1a: Bobby\n|-damage|p1a: Bobby|52\/100\n|-start|p1a: Bobby|Throat Chop|[silent]\n|-damage|p2a: Lokix|91\/100 tox|[from] item: Life Orb\n|move|p1a: Bobby|Liquidation|p2a: Lokix\n|-damage|p2a: Lokix|68\/100 tox\n|\n|-heal|p1a: Bobby|58\/100|[from] item: Black Sludge\n|-damage|p2a: Lokix|62\/100 tox|[from] psn\n|upkeep\n|turn|10\n|\n|t:|1699403245\n|switch|p2a: Lurantis|Lurantis, F, shiny|100\/100\n|-status|p2a: Lurantis|tox\n|move|p1a: Bobby|Protect||[still]\n|-fail|p1a: Bobby\n|\n|-heal|p1a: Bobby|64\/100|[from] item: Black Sludge\n|-damage|p2a: Lurantis|94\/100 tox|[from] psn\n|-end|p1a: Bobby|Throat Chop|[silent]\n|upkeep\n|turn|11\n|\n|t:|1699403264\n|move|p1a: Bobby|Protect|p1a: Bobby\n|-singleturn|p1a: Bobby|Protect\n|move|p2a: Lurantis|Superpower|p1a: Bobby\n|-activate|p1a: Bobby|move: Protect\n|\n|-heal|p2a: Lurantis|100\/100 tox|[from] item: Leftovers\n|-heal|p1a: Bobby|70\/100|[from] item: Black Sludge\n|-damage|p2a: Lurantis|88\/100 tox|[from] psn\n|upkeep\n|turn|12\n|\n|t:|1699403285\n|move|p2a: Lurantis|Facade|p1a: Bobby\n|-damage|p1a: Bobby|21\/100\n|move|p1a: Bobby|Liquidation|p2a: Lurantis\n|-resisted|p2a: Lurantis\n|-damage|p2a: Lurantis|80\/100 tox\n|\n|-heal|p2a: Lurantis|87\/100 tox|[from] item: Leftovers\n|-heal|p1a: Bobby|27\/100|[from] item: Black Sludge\n|-damage|p2a: Lurantis|68\/100 tox|[from] psn\n|upkeep\n|turn|13\n|\n|t:|1699403292\n|move|p1a: Bobby|Protect|p1a: Bobby\n|-singleturn|p1a: Bobby|Protect\n|move|p2a: Lurantis|Synthesis|p2a: Lurantis\n|-heal|p2a: Lurantis|100\/100 tox\n|\n|-heal|p1a: Bobby|34\/100|[from] item: Black Sludge\n|-damage|p2a: Lurantis|76\/100 tox|[from] psn\n|upkeep\n|turn|14\n|\n|t:|1699403303\n|switch|p1a: Stella|Espeon, F, shiny|100\/100\n|move|p2a: Lurantis|Facade|p1a: Stella\n|-damage|p1a: Stella|17\/100\n|-enditem|p1a: Stella|Salac Berry|[eat]\n|-boost|p1a: Stella|spe|1|[from] item: Salac Berry\n|\n|-heal|p2a: Lurantis|82\/100 tox|[from] item: Leftovers\n|-damage|p2a: Lurantis|52\/100 tox|[from] psn\n|upkeep\n|turn|15\n|\n|t:|1699403318\n|switch|p2a: Lokix|Lokix, M, shiny|62\/100 tox\n|move|p1a: Stella|Draining Kiss|p2a: Lokix\n|-supereffective|p2a: Lokix\n|-crit|p2a: Lokix\n|-damage|p2a: Lokix|0 fnt\n|-heal|p1a: Stella|65\/100|[from] drain|[of] p2a: Lokix\n|faint|p2a: Lokix\n|\n|upkeep\n|\n|t:|1699403322\n|switch|p2a: Lycanroc|Lycanroc, M, shiny|100\/100\n|-status|p2a: Lycanroc|tox\n|turn|16\n|\n|t:|1699403327\n|move|p2a: Lycanroc|Accelerock|p1a: Stella\n|-damage|p1a: Stella|27\/100\n|move|p1a: Stella|Calm Mind|p1a: Stella\n|-boost|p1a: Stella|spa|1\n|-boost|p1a: Stella|spd|1\n|\n|-damage|p2a: Lycanroc|94\/100 tox|[from] psn\n|upkeep\n|turn|17\n|\n|t:|1699403342\n|move|p2a: Lycanroc|Accelerock|p1a: Stella\n|-damage|p1a: Stella|0 fnt\n|faint|p1a: Stella\n|\n|-damage|p2a: Lycanroc|82\/100 tox|[from] psn\n|upkeep\n|\n|t:|1699403349\n|switch|p1a: Sonic|Lycanroc-Dusk, M, shiny|100\/100\n|turn|18\n|\n|t:|1699403356\n|-terastallize|p1a: Sonic|Fighting\n|move|p2a: Lycanroc|Brick Break|p1a: Sonic\n|-damage|p1a: Sonic|60\/100\n|move|p1a: Sonic|Close Combat|p2a: Lycanroc\n|-supereffective|p2a: Lycanroc\n|-damage|p2a: Lycanroc|0 fnt\n|-unboost|p1a: Sonic|def|1\n|-unboost|p1a: Sonic|spd|1\n|faint|p2a: Lycanroc\n|\n|upkeep\n|\n|t:|1699403363\n|switch|p2a: Charizard|Charizard, M|100\/100\n|turn|19\n|\n|t:|1699403372\n|switch|p1a: Mick|Arcanine, M, shiny|100\/100\n|move|p2a: Charizard|Protect||[still]\n|-fail|p2a: Charizard\n|\n|upkeep\n|turn|20\n|\n|t:|1699403381\n|-terastallize|p2a: Charizard|Dragon\n|move|p2a: Charizard|Dragon Rush|p1a: Mick\n|-damage|p1a: Mick|52\/100\n|move|p1a: Mick|Hyper Voice|p2a: Charizard\n|-damage|p2a: Charizard|63\/100\n|-enditem|p1a: Mick|Throat Spray\n|-boost|p1a: Mick|spa|1|[from] item: Throat Spray\n|\n|upkeep\n|turn|21\n|\n|t:|1699403393\n|move|p2a: Charizard|Dragon Rush|p1a: Mick\n|-damage|p1a: Mick|1\/100\n|move|p1a: Mick|Dragon Pulse|p2a: Charizard\n|-supereffective|p2a: Charizard\n|-damage|p2a: Charizard|0 fnt\n|faint|p2a: Charizard\n|\n|upkeep\n|\n|t:|1699403400\n|switch|p2a: Lurantis|Lurantis, F, shiny|52\/100 tox\n|turn|22\n|\n|t:|1699403408\n|move|p1a: Mick|Flamethrower|p2a: Lurantis\n|-supereffective|p2a: Lurantis\n|-damage|p2a: Lurantis|0 fnt\n|faint|p2a: Lurantis\n|\n|upkeep\n|\n|t:|1699403410\n|switch|p2a: Ditto|Ditto|100\/100 slp\n|-transform|p2a: Ditto|p1a: Mick|[from] ability: Imposter\n|turn|23\n|\n|t:|1699403430\n|cant|p2a: Ditto|slp\n|move|p1a: Mick|Hyper Beam|p2a: Ditto\n|-damage|p2a: Ditto|1\/100 slp\n|-mustrecharge|p1a: Mick\n|\n|upkeep\n|turn|24\n|inactive|Battle timer is ON: inactive players will automatically lose when time's up. (requested by DR4N)\n|\n|t:|1699403442\n|-curestatus|p2a: Ditto|slp|[msg]\n|move|p2a: Ditto|Hyper Voice|p1a: Mick\n|-damage|p1a: Mick|0 fnt\n|faint|p1a: Mick\n|\n|upkeep\n|\n|t:|1699403449\n|switch|p1a: Mallow|Pawmot, F, shiny|100\/100\n|turn|25\n|\n|t:|1699403453\n|move|p2a: Ditto|Hyper Voice|p1a: Mallow\n|-damage|p1a: Mallow|32\/100\n|move|p1a: Mallow|Nuzzle|p2a: Ditto\n|-damage|p2a: Ditto|0 fnt\n|faint|p2a: Ditto\n|\n|win|DR4N\n|raw|DR4N's rating: 1104 &rarr; <strong>1137<\/strong><br \/>(+33 for winning)\n|raw|youngster maybe's rating: 1214 &rarr; <strong>1181<\/strong><br \/>(-33 for losing)\n|l|\u2606youngster maybe\n","uploadtime":1699403481,"views":6,"p1id":"dr4n","p2id":"youngstermaybe","formatid":"gen9anythinggoes","rating":1137,"private":0,"password":""}