{"id":"gen9anythinggoes-1974317552","p1":"ShadowerShadower","p2":"CBT_ocean","format":"[Gen 9] Anything Goes","log":"|j|\u203dShadowerShadower\n|j|\u203dCBT_ocean\n|t:|1698077395\n|gametype|singles\n|player|p1|ShadowerShadower|ghetsis|1136\n|player|p2|CBT_ocean|102|1234\n|teamsize|p1|6\n|teamsize|p2|6\n|gen|9\n|tier|[Gen 9] Anything Goes\n|rated|\n|rule|HP Percentage Mod: HP is shown in percentages\n|rule|Endless Battle Clause: Forcing endless battles is banned\n|clearpoke\n|poke|p1|Clefable, M|\n|poke|p1|Hydreigon, F|\n|poke|p1|Drifblim, F|\n|poke|p1|Calyrex-Shadow|\n|poke|p1|Grimmsnarl, M|\n|poke|p1|Annihilape, F|\n|poke|p2|Miraidon|\n|poke|p2|Ditto|\n|poke|p2|Ditto|\n|poke|p2|Ditto|\n|poke|p2|Ditto|\n|poke|p2|Ditto|\n|teampreview\n|\n|t:|1698077406\n|start\n|switch|p1a: Grimmsnarl|Grimmsnarl, M|100\/100\n|switch|p2a: Ditto|Ditto|100\/100\n|-transform|p2a: Ditto|p1a: Grimmsnarl|[from] ability: Imposter\n|turn|1\n|\n|t:|1698077419\n|move|p1a: Grimmsnarl|Reflect|p1a: Grimmsnarl\n|-sidestart|p1: ShadowerShadower|Reflect\n|move|p2a: Ditto|Reflect|p2a: Ditto\n|-sidestart|p2: CBT_ocean|Reflect\n|\n|upkeep\n|turn|2\n|\n|t:|1698077422\n|move|p2a: Ditto|Light Screen|p2a: Ditto\n|-sidestart|p2: CBT_ocean|move: Light Screen\n|move|p1a: Grimmsnarl|Light Screen|p1a: Grimmsnarl\n|-sidestart|p1: ShadowerShadower|move: Light Screen\n|\n|upkeep\n|turn|3\n|\n|t:|1698077433\n|switch|p1a: Drifblim|Drifblim, F|100\/100\n|move|p2a: Ditto|Parting Shot|p1a: Drifblim\n|-unboost|p1a: Drifblim|atk|1\n|-unboost|p1a: Drifblim|spa|1\n|\n|t:|1698077439\n|switch|p2a: Ditto|Ditto|100\/100|[from] Parting Shot\n|-transform|p2a: Ditto|p1a: Drifblim|[from] ability: Imposter\n|\n|upkeep\n|turn|4\n|\n|t:|1698077443\n|move|p1a: Drifblim|Minimize|p1a: Drifblim\n|-boost|p1a: Drifblim|evasion|2\n|move|p2a: Ditto|Minimize|p2a: Ditto\n|-boost|p2a: Ditto|evasion|2\n|\n|upkeep\n|turn|5\n|\n|t:|1698077447\n|move|p2a: Ditto|Minimize|p2a: Ditto\n|-boost|p2a: Ditto|evasion|2\n|move|p1a: Drifblim|Minimize|p1a: Drifblim\n|-boost|p1a: Drifblim|evasion|2\n|\n|-sideend|p2: CBT_ocean|Reflect\n|upkeep\n|turn|6\n|\n|t:|1698077452\n|move|p1a: Drifblim|Minimize|p1a: Drifblim\n|-boost|p1a: Drifblim|evasion|2\n|move|p2a: Ditto|Minimize|p2a: Ditto\n|-boost|p2a: Ditto|evasion|2\n|\n|-sideend|p2: CBT_ocean|move: Light Screen\n|upkeep\n|turn|7\n|\n|t:|1698077460\n|move|p1a: Drifblim|Minimize|p1a: Drifblim\n|-boost|p1a: Drifblim|evasion|0\n|move|p2a: Ditto|Calm Mind|p2a: Ditto\n|-boost|p2a: Ditto|spa|1\n|-boost|p2a: Ditto|spd|1\n|\n|upkeep\n|turn|8\n|\n|t:|1698077466\n|move|p2a: Ditto|Calm Mind|p2a: Ditto\n|-boost|p2a: Ditto|spa|1\n|-boost|p2a: Ditto|spd|1\n|move|p1a: Drifblim|Calm Mind|p1a: Drifblim\n|-boost|p1a: Drifblim|spa|1\n|-boost|p1a: Drifblim|spd|1\n|\n|-sideend|p1: ShadowerShadower|Reflect\n|upkeep\n|turn|9\n|inactive|Battle timer is ON: inactive players will automatically lose when time's up. (requested by CBT_ocean)\n|\n|t:|1698077470\n|move|p1a: Drifblim|Calm Mind|p1a: Drifblim\n|-boost|p1a: Drifblim|spa|1\n|-boost|p1a: Drifblim|spd|1\n|move|p2a: Ditto|Calm Mind|p2a: Ditto\n|-boost|p2a: Ditto|spa|1\n|-boost|p2a: Ditto|spd|1\n|\n|-sideend|p1: ShadowerShadower|move: Light Screen\n|upkeep\n|turn|10\n|\n|t:|1698077474\n|move|p2a: Ditto|Calm Mind|p2a: Ditto\n|-boost|p2a: Ditto|spa|1\n|-boost|p2a: Ditto|spd|1\n|move|p1a: Drifblim|Calm Mind|p1a: Drifblim\n|-boost|p1a: Drifblim|spa|1\n|-boost|p1a: Drifblim|spd|1\n|\n|upkeep\n|turn|11\n|\n|t:|1698077477\n|move|p2a: Ditto|Calm Mind|p2a: Ditto\n|-boost|p2a: Ditto|spa|1\n|-boost|p2a: Ditto|spd|1\n|move|p1a: Drifblim|Calm Mind|p1a: Drifblim\n|-boost|p1a: Drifblim|spa|1\n|-boost|p1a: Drifblim|spd|1\n|\n|upkeep\n|turn|12\n|\n|t:|1698077484\n|move|p1a: Drifblim|Calm Mind|p1a: Drifblim\n|-boost|p1a: Drifblim|spa|1\n|-boost|p1a: Drifblim|spd|1\n|move|p2a: Ditto|Substitute|p2a: Ditto\n|-start|p2a: Ditto|Substitute\n|-damage|p2a: Ditto|75\/100\n|\n|upkeep\n|turn|13\n|\n|t:|1698077491\n|move|p2a: Ditto|Baton Pass|p2a: Ditto\n|\n|t:|1698077495\n|switch|p2a: Miraidon|Miraidon|100\/100|[from] Baton Pass\n|-fieldstart|move: Electric Terrain|[from] ability: Hadron Engine|[of] p2a: Miraidon\n|move|p1a: Drifblim|Substitute|p1a: Drifblim\n|-start|p1a: Drifblim|Substitute\n|-damage|p1a: Drifblim|76\/100\n|\n|-heal|p1a: Drifblim|82\/100|[from] item: Leftovers\n|upkeep\n|turn|14\n|\n|t:|1698077502\n|move|p2a: Miraidon|Flash Cannon|p1a: Drifblim|[miss]\n|-miss|p2a: Miraidon|p1a: Drifblim\n|move|p1a: Drifblim|Baton Pass|p1a: Drifblim\n|\n|t:|1698077508\n|switch|p1a: Calyrex|Calyrex-Shadow|100\/100|[from] Baton Pass\n|-ability|p1a: Calyrex|As One\n|-ability|p1a: Calyrex|Unnerve\n|\n|upkeep\n|turn|15\n|\n|t:|1698077511\n|move|p1a: Calyrex|Agility|p1a: Calyrex\n|-boost|p1a: Calyrex|spe|2\n|move|p2a: Miraidon|Flash Cannon|p1a: Calyrex\n|-activate|p1a: Calyrex|move: Substitute|[damage]\n|\n|upkeep\n|turn|16\n|\n|t:|1698077520\n|move|p1a: Calyrex|Agility|p1a: Calyrex\n|-boost|p1a: Calyrex|spe|2\n|move|p2a: Miraidon|Electro Drift|p1a: Calyrex|[miss]\n|-miss|p2a: Miraidon|p1a: Calyrex\n|\n|upkeep\n|turn|17\n|\n|t:|1698077527\n|move|p1a: Calyrex|Agility|p1a: Calyrex\n|-boost|p1a: Calyrex|spe|2\n|move|p2a: Miraidon|Electro Drift|p1a: Calyrex\n|-end|p1a: Calyrex|Substitute\n|\n|-fieldend|move: Electric Terrain\n|upkeep\n|turn|18\n|\n|t:|1698077540\n|move|p1a: Calyrex|Substitute|p1a: Calyrex\n|-start|p1a: Calyrex|Substitute\n|-damage|p1a: Calyrex|75\/100\n|move|p2a: Miraidon|Electro Drift|p1a: Calyrex|[miss]\n|-miss|p2a: Miraidon|p1a: Calyrex\n|\n|-heal|p1a: Calyrex|82\/100|[from] item: Leftovers\n|upkeep\n|turn|19\n|\n|t:|1698077550\n|move|p1a: Calyrex|Draining Kiss|p2a: Miraidon|[miss]\n|-miss|p1a: Calyrex|p2a: Miraidon\n|move|p2a: Miraidon|Electro Drift|p1a: Calyrex|[miss]\n|-miss|p2a: Miraidon|p1a: Calyrex\n|\n|-heal|p1a: Calyrex|88\/100|[from] item: Leftovers\n|upkeep\n|turn|20\n|\n|t:|1698077560\n|move|p1a: Calyrex|Draining Kiss|p2a: Miraidon\n|-supereffective|p2a: Miraidon\n|-end|p2a: Miraidon|Substitute\n|-heal|p1a: Calyrex|100\/100|[from] drain|[of] p2a: Miraidon\n|move|p2a: Miraidon|Electro Drift|p1a: Calyrex\n|-end|p1a: Calyrex|Substitute\n|\n|upkeep\n|turn|21\n|\n|t:|1698077569\n|move|p1a: Calyrex|Substitute|p1a: Calyrex\n|-start|p1a: Calyrex|Substitute\n|-damage|p1a: Calyrex|75\/100\n|move|p2a: Miraidon|Electro Drift|p1a: Calyrex\n|-end|p1a: Calyrex|Substitute\n|\n|-heal|p1a: Calyrex|82\/100|[from] item: Leftovers\n|upkeep\n|turn|22\n|\n|t:|1698077577\n|move|p1a: Calyrex|Substitute|p1a: Calyrex\n|-start|p1a: Calyrex|Substitute\n|-damage|p1a: Calyrex|57\/100\n|move|p2a: Miraidon|Electro Drift|p1a: Calyrex|[miss]\n|-miss|p2a: Miraidon|p1a: Calyrex\n|\n|-heal|p1a: Calyrex|63\/100|[from] item: Leftovers\n|upkeep\n|turn|23\n|\n|t:|1698077583\n|move|p1a: Calyrex|Baton Pass|p1a: Calyrex\n|\n|t:|1698077585\n|switch|p1a: Hydreigon|Hydreigon, F|100\/100|[from] Baton Pass\n|move|p2a: Miraidon|Electro Drift|p1a: Hydreigon|[miss]\n|-miss|p2a: Miraidon|p1a: Hydreigon\n|\n|upkeep\n|turn|24\n|\n|t:|1698077598\n|-terastallize|p2a: Miraidon|Electric\n|move|p1a: Hydreigon|Dragon Pulse|p2a: Miraidon|[miss]\n|-miss|p1a: Hydreigon|p2a: Miraidon\n|move|p2a: Miraidon|Flash Cannon|p1a: Hydreigon|[miss]\n|-miss|p2a: Miraidon|p1a: Hydreigon\n|\n|upkeep\n|turn|25\n|\n|t:|1698077606\n|move|p1a: Hydreigon|Dragon Pulse|p2a: Miraidon\n|-damage|p2a: Miraidon|65\/100\n|move|p2a: Miraidon|Flash Cannon|p1a: Hydreigon|[miss]\n|-miss|p2a: Miraidon|p1a: Hydreigon\n|\n|upkeep\n|turn|26\n|\n|t:|1698077611\n|move|p1a: Hydreigon|Dark Pulse|p2a: Miraidon|[miss]\n|-miss|p1a: Hydreigon|p2a: Miraidon\n|move|p2a: Miraidon|Flash Cannon|p1a: Hydreigon|[miss]\n|-miss|p2a: Miraidon|p1a: Hydreigon\n|\n|upkeep\n|turn|27\n|\n|t:|1698077617\n|move|p1a: Hydreigon|Dark Pulse|p2a: Miraidon|[miss]\n|-miss|p1a: Hydreigon|p2a: Miraidon\n|move|p2a: Miraidon|Flash Cannon|p1a: Hydreigon|[miss]\n|-miss|p2a: Miraidon|p1a: Hydreigon\n|\n|upkeep\n|turn|28\n|\n|t:|1698077623\n|move|p1a: Hydreigon|Dark Pulse|p2a: Miraidon|[miss]\n|-miss|p1a: Hydreigon|p2a: Miraidon\n|move|p2a: Miraidon|Flash Cannon|p1a: Hydreigon|[miss]\n|-miss|p2a: Miraidon|p1a: Hydreigon\n|\n|upkeep\n|turn|29\n|\n|t:|1698077628\n|move|p1a: Hydreigon|Dark Pulse|p2a: Miraidon|[miss]\n|-miss|p1a: Hydreigon|p2a: Miraidon\n|move|p2a: Miraidon|Flash Cannon|p1a: Hydreigon|[miss]\n|-miss|p2a: Miraidon|p1a: Hydreigon\n|\n|upkeep\n|turn|30\n|\n|t:|1698077634\n|move|p1a: Hydreigon|Dark Pulse|p2a: Miraidon\n|-damage|p2a: Miraidon|31\/100\n|cant|p2a: Miraidon|flinch\n|\n|upkeep\n|turn|31\n|\n|t:|1698077639\n|move|p1a: Hydreigon|Dark Pulse|p2a: Miraidon|[miss]\n|-miss|p1a: Hydreigon|p2a: Miraidon\n|move|p2a: Miraidon|Flash Cannon|p1a: Hydreigon\n|-activate|p1a: Hydreigon|move: Substitute|[damage]\n|\n|upkeep\n|turn|32\n|\n|t:|1698077644\n|move|p1a: Hydreigon|Dark Pulse|p2a: Miraidon|[miss]\n|-miss|p1a: Hydreigon|p2a: Miraidon\n|move|p2a: Miraidon|Flash Cannon|p1a: Hydreigon|[miss]\n|-miss|p2a: Miraidon|p1a: Hydreigon\n|\n|upkeep\n|turn|33\n|\n|t:|1698077650\n|move|p1a: Hydreigon|Dark Pulse|p2a: Miraidon\n|-damage|p2a: Miraidon|0 fnt\n|faint|p2a: Miraidon\n|\n|upkeep\n|\n|t:|1698077654\n|switch|p2a: Ditto|Ditto|100\/100\n|turn|34\n|\n|t:|1698077658\n|move|p1a: Hydreigon|Dark Pulse|p2a: Ditto\n|-damage|p2a: Ditto|0 fnt\n|faint|p2a: Ditto\n|\n|upkeep\n|\n|t:|1698077662\n|switch|p2a: Ditto|Ditto|75\/100\n|turn|35\n|\n|t:|1698077664\n|move|p1a: Hydreigon|Dark Pulse|p2a: Ditto\n|-damage|p2a: Ditto|0 fnt\n|faint|p2a: Ditto\n|\n|upkeep\n|\n|t:|1698077670\n|switch|p2a: Ditto|Ditto|100\/100\n|turn|36\n|\n|t:|1698077681\n|move|p1a: Hydreigon|Dark Pulse|p2a: Ditto\n|-crit|p2a: Ditto\n|-damage|p2a: Ditto|0 fnt\n|faint|p2a: Ditto\n|\n|upkeep\n|\n|t:|1698077686\n|switch|p2a: Ditto|Ditto|100\/100\n|turn|37\n|\n|t:|1698077694\n|move|p1a: Hydreigon|Dark Pulse|p2a: Ditto\n|-damage|p2a: Ditto|0 fnt\n|faint|p2a: Ditto\n|\n|upkeep\n|\n|t:|1698077702\n|switch|p2a: Ditto|Ditto|100\/100\n|turn|38\n|\n|t:|1698077728\n|move|p1a: Hydreigon|Flamethrower|p2a: Ditto\n|-damage|p2a: Ditto|0 fnt\n|faint|p2a: Ditto\n|\n|win|ShadowerShadower\n|raw|ShadowerShadower's rating: 1136 &rarr; <strong>1168<\/strong><br \/>(+32 for winning)\n|raw|CBT_ocean's rating: 1234 &rarr; <strong>1202<\/strong><br \/>(-32 for losing)\n|l|\u203dCBT_ocean\n","uploadtime":1698077752,"views":15,"p1id":"shadowershadower","p2id":"cbtocean","formatid":"gen9anythinggoes","rating":1168,"private":0,"password":""}