{"id":"gen9anythinggoes-1980938862","p1":"Tenkojisan","p2":"Sralux","format":"[Gen 9] Anything Goes","log":"|j|\u2606Tenkojisan\n|j|\u2606Sralux\n|t:|1698850655\n|gametype|singles\n|player|p1|Tenkojisan|2|\n|player|p2|Sralux|170|\n|teamsize|p1|6\n|teamsize|p2|6\n|gen|9\n|tier|[Gen 9] Anything Goes\n|rule|HP Percentage Mod: HP is shown in percentages\n|rule|Endless Battle Clause: Forcing endless battles is banned\n|clearpoke\n|poke|p1|Chi-Yu|\n|poke|p1|Iron Treads|\n|poke|p1|Azumarill, M|\n|poke|p1|Toxtricity-Low-Key, F|\n|poke|p1|Staraptor, M|\n|poke|p1|Masquerain, M|\n|poke|p2|Arcanine-Hisui, F|\n|poke|p2|Sylveon, F|\n|poke|p2|Gastrodon, F|\n|poke|p2|Iron Valiant|\n|poke|p2|Gengar, F|\n|poke|p2|Corviknight, F|\n|teampreview\n|c|\u2606Sralux|glhf\n|c|\u2606Tenkojisan|glhf\n|\n|t:|1698850670\n|start\n|switch|p1a: Toxtricity|Toxtricity-Low-Key, F|100\/100\n|switch|p2a: Jihyo|Arcanine-Hisui, F, shiny|100\/100\n|turn|1\n|\n|t:|1698850700\n|move|p2a: Jihyo|Flare Blitz|p1a: Toxtricity\n|-crit|p1a: Toxtricity\n|-enditem|p1a: Toxtricity|Focus Sash\n|-damage|p1a: Toxtricity|1\/100\n|move|p1a: Toxtricity|Toxic Spikes|p2a: Jihyo\n|-sidestart|p2: Sralux|move: Toxic Spikes\n|\n|upkeep\n|turn|2\n|\n|t:|1698850721\n|switch|p1a: Azumarill|Azumarill, M|100\/100\n|move|p2a: Jihyo|Flare Blitz|p1a: Azumarill\n|-resisted|p1a: Azumarill\n|-damage|p1a: Azumarill|69\/100\n|-status|p1a: Azumarill|brn\n|\n|-damage|p1a: Azumarill|62\/100 brn|[from] brn\n|upkeep\n|turn|3\n|\n|t:|1698850747\n|switch|p2a: Lisa|Corviknight, F|100\/100\n|-ability|p2a: Lisa|Pressure\n|move|p1a: Azumarill|Aqua Jet|p2a: Lisa\n|-damage|p2a: Lisa|90\/100\n|-damage|p1a: Azumarill|46\/100 brn|[from] item: Rocky Helmet|[of] p2a: Lisa\n|\n|-damage|p1a: Azumarill|40\/100 brn|[from] brn\n|upkeep\n|turn|4\n|\n|t:|1698850766\n|switch|p1a: Chi-Yu|Chi-Yu|100\/100\n|-ability|p1a: Chi-Yu|Beads of Ruin\n|move|p2a: Lisa|Defog|p1a: Chi-Yu\n|-unboost|p1a: Chi-Yu|evasion|1\n|-sideend|p2: Sralux|Toxic Spikes|[from] move: Defog|[of] p2a: Lisa\n|\n|upkeep\n|turn|5\n|\n|t:|1698850788\n|switch|p2a: Momo|Gastrodon, F|100\/100\n|move|p1a: Chi-Yu|Fire Blast|p2a: Momo\n|-resisted|p2a: Momo\n|-damage|p2a: Momo|61\/100\n|\n|-heal|p2a: Momo|68\/100|[from] item: Leftovers\n|upkeep\n|turn|6\n|\n|t:|1698850834\n|switch|p1a: Staraptor|Staraptor, M|100\/100\n|move|p2a: Momo|Recover|p2a: Momo\n|-heal|p2a: Momo|100\/100\n|\n|upkeep\n|turn|7\n|\n|t:|1698850855\n|switch|p2a: Lisa|Corviknight, F|90\/100\n|-ability|p2a: Lisa|Pressure\n|move|p1a: Staraptor|U-turn|p2a: Lisa\n|-resisted|p2a: Lisa\n|-damage|p2a: Lisa|86\/100\n|-damage|p1a: Staraptor|84\/100|[from] item: Rocky Helmet|[of] p2a: Lisa\n|\n|t:|1698850869\n|switch|p1a: Iron Treads|Iron Treads|100\/100|[from] U-turn\n|\n|upkeep\n|turn|8\n|\n|t:|1698850896\n|move|p1a: Iron Treads|Ice Spinner|p2a: Lisa\n|-damage|p2a: Lisa|72\/100\n|-damage|p1a: Iron Treads|84\/100|[from] item: Rocky Helmet|[of] p2a: Lisa\n|move|p2a: Lisa|Iron Defense|p2a: Lisa\n|-boost|p2a: Lisa|def|2\n|\n|upkeep\n|turn|9\n|\n|t:|1698850923\n|-end|p1a: Iron Treads|Quark Drive|[silent]\n|switch|p1a: Chi-Yu|Chi-Yu|100\/100\n|-ability|p1a: Chi-Yu|Beads of Ruin\n|move|p2a: Lisa|Body Press|p1a: Chi-Yu\n|-supereffective|p1a: Chi-Yu\n|-damage|p1a: Chi-Yu|0 fnt\n|faint|p1a: Chi-Yu\n|\n|upkeep\n|\n|t:|1698850933\n|switch|p1a: Toxtricity|Toxtricity-Low-Key, F|1\/100\n|turn|10\n|\n|t:|1698850942\n|switch|p2a: Momo|Gastrodon, F|100\/100\n|move|p1a: Toxtricity|Thunder|p2a: Momo\n|-immune|p2a: Momo\n|\n|upkeep\n|turn|11\n|\n|t:|1698850955\n|switch|p1a: Masquerain|Masquerain, M|100\/100\n|-ability|p1a: Masquerain|Intimidate|boost\n|-unboost|p2a: Momo|atk|1\n|move|p2a: Momo|Ice Beam|p1a: Masquerain\n|-supereffective|p1a: Masquerain\n|-damage|p1a: Masquerain|45\/100\n|\n|upkeep\n|turn|12\n|\n|t:|1698850971\n|move|p1a: Masquerain|Ice Beam|p2a: Momo\n|-damage|p2a: Momo|84\/100\n|-status|p2a: Momo|frz\n|cant|p2a: Momo|frz\n|\n|-heal|p2a: Momo|90\/100 frz|[from] item: Leftovers\n|upkeep\n|turn|13\n|\n|t:|1698850983\n|move|p1a: Masquerain|Ice Beam|p2a: Momo\n|-damage|p2a: Momo|74\/100 frz\n|cant|p2a: Momo|frz\n|\n|-heal|p2a: Momo|80\/100 frz|[from] item: Leftovers\n|upkeep\n|turn|14\n|\n|t:|1698850990\n|move|p1a: Masquerain|Sticky Web|p2a: Momo\n|-sidestart|p2: Sralux|move: Sticky Web\n|-curestatus|p2a: Momo|frz|[msg]\n|move|p2a: Momo|Ice Beam|p1a: Masquerain\n|-supereffective|p1a: Masquerain\n|-damage|p1a: Masquerain|0 fnt\n|faint|p1a: Masquerain\n|\n|-heal|p2a: Momo|86\/100|[from] item: Leftovers\n|upkeep\n|\n|t:|1698850999\n|switch|p1a: Staraptor|Staraptor, M|84\/100\n|turn|15\n|\n|t:|1698851036\n|switch|p2a: Lisa|Corviknight, F|72\/100\n|-ability|p2a: Lisa|Pressure\n|-terastallize|p1a: Staraptor|Fighting\n|move|p1a: Staraptor|Close Combat|p2a: Lisa\n|-damage|p2a: Lisa|38\/100\n|-unboost|p1a: Staraptor|def|1\n|-unboost|p1a: Staraptor|spd|1\n|-damage|p1a: Staraptor|68\/100|[from] item: Rocky Helmet|[of] p2a: Lisa\n|\n|upkeep\n|turn|16\n|\n|t:|1698851073\n|move|p1a: Staraptor|Close Combat|p2a: Lisa\n|-damage|p2a: Lisa|4\/100\n|-unboost|p1a: Staraptor|def|1\n|-unboost|p1a: Staraptor|spd|1\n|-damage|p1a: Staraptor|51\/100|[from] item: Rocky Helmet|[of] p2a: Lisa\n|move|p2a: Lisa|Roost|p2a: Lisa\n|-heal|p2a: Lisa|54\/100\n|-singleturn|p2a: Lisa|move: Roost\n|\n|upkeep\n|turn|17\n|\n|t:|1698851084\n|move|p1a: Staraptor|Close Combat|p2a: Lisa\n|-damage|p2a: Lisa|18\/100\n|-unboost|p1a: Staraptor|def|1\n|-unboost|p1a: Staraptor|spd|1\n|-damage|p1a: Staraptor|35\/100|[from] item: Rocky Helmet|[of] p2a: Lisa\n|move|p2a: Lisa|Roost|p2a: Lisa\n|-heal|p2a: Lisa|68\/100\n|-singleturn|p2a: Lisa|move: Roost\n|\n|upkeep\n|turn|18\n|\n|t:|1698851093\n|move|p1a: Staraptor|Close Combat|p2a: Lisa\n|-damage|p2a: Lisa|34\/100\n|-unboost|p1a: Staraptor|def|1\n|-unboost|p1a: Staraptor|spd|1\n|-damage|p1a: Staraptor|19\/100|[from] item: Rocky Helmet|[of] p2a: Lisa\n|move|p2a: Lisa|Roost|p2a: Lisa\n|-heal|p2a: Lisa|84\/100\n|-singleturn|p2a: Lisa|move: Roost\n|\n|upkeep\n|turn|19\n|\n|t:|1698851104\n|-activate|p1a: Staraptor|move: Struggle\n|move|p1a: Staraptor|Struggle|p2a: Lisa\n|-damage|p2a: Lisa|73\/100\n|-damage|p1a: Staraptor|2\/100|[from] item: Rocky Helmet|[of] p2a: Lisa\n|-damage|p1a: Staraptor|0 fnt|[from] recoil\n|faint|p1a: Staraptor\n|move|p2a: Lisa|Defog|p1: Staraptor|[notarget]\n|-fail|p2a: Lisa\n|\n|upkeep\n|\n|t:|1698851115\n|switch|p1a: Toxtricity|Toxtricity-Low-Key, F|1\/100\n|turn|20\n|\n|t:|1698851119\n|switch|p2a: Momo|Gastrodon, F|86\/100\n|-activate|p2a: Momo|move: Sticky Web\n|-unboost|p2a: Momo|spe|1\n|move|p1a: Toxtricity|Thunder|p2a: Momo\n|-immune|p2a: Momo\n|\n|-heal|p2a: Momo|92\/100|[from] item: Leftovers\n|upkeep\n|turn|21\n|\n|t:|1698851132\n|move|p1a: Toxtricity|Boomburst|p2a: Momo\n|-damage|p2a: Momo|53\/100\n|move|p2a: Momo|Earth Power|p1a: Toxtricity\n|-supereffective|p1a: Toxtricity\n|-damage|p1a: Toxtricity|0 fnt\n|faint|p1a: Toxtricity\n|\n|-heal|p2a: Momo|59\/100|[from] item: Leftovers\n|upkeep\n|\n|t:|1698851151\n|switch|p1a: Azumarill|Azumarill, M|40\/100 brn\n|turn|22\n|\n|t:|1698851177\n|move|p1a: Azumarill|Knock Off|p2a: Momo\n|-damage|p2a: Momo|27\/100\n|-enditem|p2a: Momo|Leftovers|[from] move: Knock Off|[of] p1a: Azumarill\n|move|p2a: Momo|Recover|p2a: Momo\n|-heal|p2a: Momo|77\/100\n|\n|-damage|p1a: Azumarill|33\/100 brn|[from] brn\n|upkeep\n|turn|23\n|\n|t:|1698851186\n|move|p1a: Azumarill|Knock Off|p2a: Momo\n|-damage|p2a: Momo|55\/100\n|move|p2a: Momo|Earth Power|p1a: Azumarill\n|-damage|p1a: Azumarill|3\/100 brn\n|\n|-damage|p1a: Azumarill|0 fnt|[from] brn\n|faint|p1a: Azumarill\n|upkeep\n|\n|t:|1698851194\n|switch|p1a: Iron Treads|Iron Treads|84\/100\n|turn|24\n|\n|t:|1698851213\n|switch|p2a: Lisa|Corviknight, F|73\/100\n|-ability|p2a: Lisa|Pressure\n|move|p1a: Iron Treads|Iron Head|p2a: Lisa\n|-resisted|p2a: Lisa\n|-damage|p2a: Lisa|63\/100\n|-damage|p1a: Iron Treads|67\/100|[from] item: Rocky Helmet|[of] p2a: Lisa\n|\n|upkeep\n|turn|25\n|\n|t:|1698851223\n|move|p1a: Iron Treads|Ice Spinner|p2a: Lisa\n|-damage|p2a: Lisa|47\/100\n|-damage|p1a: Iron Treads|51\/100|[from] item: Rocky Helmet|[of] p2a: Lisa\n|move|p2a: Lisa|Body Press|p1a: Iron Treads\n|-supereffective|p1a: Iron Treads\n|-damage|p1a: Iron Treads|0 fnt\n|faint|p1a: Iron Treads\n|-end|p1a: Iron Treads|Quark Drive|[silent]\n|\n|win|Sralux\n|c|\u2606Sralux|gg\n","uploadtime":1698851239,"views":13,"p1id":"tenkojisan","p2id":"sralux","formatid":"gen9anythinggoes","rating":0,"private":0,"password":""}