{"id":"gen9anythinggoes-1974461244","p1":"NightX120","p2":"Daftkingett","format":"[Gen 9] Anything Goes","log":"|j|\u2606NightX120\n|j|\u2606Daftkingett\n|t:|1698088895\n|gametype|singles\n|player|p1|NightX120|266|1183\n|player|p2|Daftkingett|steven|1199\n|teamsize|p1|6\n|teamsize|p2|6\n|gen|9\n|tier|[Gen 9] Anything Goes\n|rated|\n|rule|HP Percentage Mod: HP is shown in percentages\n|rule|Endless Battle Clause: Forcing endless battles is banned\n|clearpoke\n|poke|p1|Mimikyu, F|\n|poke|p1|Garchomp, M|\n|poke|p1|Lucario, F|\n|poke|p1|Greninja-*, M|\n|poke|p1|Jirachi|\n|poke|p1|Talonflame, M|\n|poke|p2|Charizard, F|\n|poke|p2|Magnezone|\n|poke|p2|Urshifu-*, M|\n|poke|p2|Meowscarada, F|\n|poke|p2|Blissey, F|\n|poke|p2|Dragapult, M|\n|teampreview\n|\n|t:|1698088911\n|start\n|switch|p1a: Kamikaze|Talonflame, M|100\/100\n|switch|p2a: Dragapult|Dragapult, M|100\/100\n|turn|1\n|inactive|Battle timer is ON: inactive players will automatically lose when time's up. (requested by NightX120)\n|\n|t:|1698088918\n|move|p1a: Kamikaze|Fire Spin|p2a: Dragapult\n|-resisted|p2a: Dragapult\n|-damage|p2a: Dragapult|94\/100\n|-activate|p2a: Dragapult|move: Fire Spin|[of] p1a: Kamikaze\n|move|p2a: Dragapult|Substitute|p2a: Dragapult\n|-start|p2a: Dragapult|Substitute\n|-end|p2a: Dragapult|Fire Spin|[partiallytrapped]|[silent]\n|-damage|p2a: Dragapult|69\/100\n|\n|upkeep\n|turn|2\n|\n|t:|1698088928\n|move|p1a: Kamikaze|Brave Bird|p2a: Dragapult\n|-end|p2a: Dragapult|Substitute\n|-damage|p1a: Kamikaze|92\/100|[from] Recoil|[of] p2a: Dragapult\n|move|p2a: Dragapult|Dragon Dance|p2a: Dragapult\n|-boost|p2a: Dragapult|atk|1\n|-boost|p2a: Dragapult|spe|1\n|\n|-heal|p1a: Kamikaze|98\/100|[from] item: Leftovers\n|upkeep\n|turn|3\n|\n|t:|1698088937\n|move|p2a: Dragapult|Dragon Darts|p1a: Kamikaze\n|-damage|p1a: Kamikaze|32\/100\n|-anim|p2a: Dragapult|Dragon Darts|p1a: Kamikaze\n|-damage|p1a: Kamikaze|0 fnt\n|faint|p1a: Kamikaze\n|-heal|p2a: Dragapult|81\/100|[from] item: Shell Bell|[of] p1: Kamikaze\n|\n|upkeep\n|\n|t:|1698088947\n|switch|p1a: Sleepy|Mimikyu, F, shiny|100\/100\n|turn|4\n|\n|t:|1698088951\n|move|p2a: Dragapult|Phantom Force||[still]\n|-prepare|p2a: Dragapult|Phantom Force\n|move|p1a: Sleepy|Play Rough|p2a: Dragapult|[miss]\n|-miss|p1a: Sleepy|p2a: Dragapult\n|\n|upkeep\n|turn|5\n|\n|t:|1698088960\n|move|p2a: Dragapult|Phantom Force|p1a: Sleepy|[from]lockedmove\n|-activate|p1a: Sleepy|ability: Disguise\n|-damage|p1a: Sleepy|100\/100\n|detailschange|p1a: Sleepy|Mimikyu-Busted, F, shiny\n|-damage|p1a: Sleepy|88\/100|[from] pokemon: Mimikyu-Busted\n|move|p1a: Sleepy|Play Rough|p2a: Dragapult\n|-supereffective|p2a: Dragapult\n|-damage|p2a: Dragapult|0 fnt\n|faint|p2a: Dragapult\n|\n|upkeep\n|\n|t:|1698088967\n|switch|p2a: Meowscarada|Meowscarada, F|100\/100\n|turn|6\n|\n|t:|1698088974\n|move|p2a: Meowscarada|Sucker Punch||[still]\n|-fail|p2a: Meowscarada\n|move|p1a: Sleepy|Swords Dance|p1a: Sleepy\n|-boost|p1a: Sleepy|atk|2\n|\n|upkeep\n|turn|7\n|\n|t:|1698088981\n|move|p2a: Meowscarada|Knock Off|p1a: Sleepy\n|-start|p2a: Meowscarada|typechange|Dark|[from] ability: Protean\n|-damage|p1a: Sleepy|21\/100\n|-enditem|p1a: Sleepy|Expert Belt|[from] move: Knock Off|[of] p2a: Meowscarada\n|move|p1a: Sleepy|Play Rough|p2a: Meowscarada\n|-supereffective|p2a: Meowscarada\n|-enditem|p2a: Meowscarada|Focus Sash\n|-damage|p2a: Meowscarada|1\/100\n|\n|upkeep\n|turn|8\n|\n|t:|1698088994\n|move|p2a: Meowscarada|Sucker Punch|p1a: Sleepy\n|-damage|p1a: Sleepy|0 fnt\n|faint|p1a: Sleepy\n|\n|upkeep\n|\n|t:|1698088998\n|switch|p1a: Make-A-Wish|Jirachi, shiny|100\/100\n|turn|9\n|\n|t:|1698089003\n|move|p2a: Meowscarada|Knock Off|p1a: Make-A-Wish\n|-supereffective|p1a: Make-A-Wish\n|-damage|p1a: Make-A-Wish|27\/100\n|-damage|p2a: Meowscarada|0 fnt|[from] item: Rocky Helmet|[of] p1a: Make-A-Wish\n|faint|p2a: Meowscarada\n|move|p1a: Make-A-Wish|Doom Desire|p2: Meowscarada\n|-start|p1a: Make-A-Wish|Doom Desire\n|\n|upkeep\n|\n|t:|1698089013\n|switch|p2a: Charizard|Charizard, F, shiny|100\/100\n|turn|10\n|\n|t:|1698089020\n|move|p2a: Charizard|Fire Blast|p1a: Make-A-Wish\n|-supereffective|p1a: Make-A-Wish\n|-damage|p1a: Make-A-Wish|0 fnt\n|faint|p1a: Make-A-Wish\n|\n|upkeep\n|\n|t:|1698089024\n|switch|p1a: Samurana|Greninja, M, shiny|100\/100\n|turn|11\n|\n|t:|1698089031\n|switch|p2a: Magnezone|Magnezone|100\/100\n|-terastallize|p1a: Samurana|Water\n|move|p1a: Samurana|Hydro Pump|p2a: Magnezone\n|-damage|p2a: Magnezone|14\/100\n|\n|-end|p2a: Magnezone|move: Doom Desire\n|-resisted|p2a: Magnezone\n|-damage|p2a: Magnezone|0 fnt\n|faint|p2a: Magnezone\n|upkeep\n|\n|t:|1698089043\n|switch|p2a: Urshifu|Urshifu-Rapid-Strike, M|100\/100\n|turn|12\n|c|\u2606NightX120|Thanks dead Jirachi\n|\n|t:|1698089051\n|move|p1a: Samurana|Hydro Pump|p2a: Urshifu|[miss]\n|-miss|p1a: Samurana|p2a: Urshifu\n|move|p2a: Urshifu|Close Combat|p1a: Samurana\n|-damage|p1a: Samurana|0 fnt\n|-unboost|p2a: Urshifu|def|1\n|-unboost|p2a: Urshifu|spd|1\n|faint|p1a: Samurana\n|\n|upkeep\n|c|\u2606Daftkingett|that genuinly came in clutch XD\n|\n|t:|1698089059\n|switch|p1a: Dogfight|Lucario, F|100\/100\n|turn|13\n|c|\u2606Daftkingett|i didnt know what that move was\n|\n|t:|1698089068\n|move|p1a: Dogfight|Close Combat|p2a: Urshifu\n|-damage|p2a: Urshifu|13\/100\n|-unboost|p1a: Dogfight|def|1\n|-unboost|p1a: Dogfight|spd|1\n|move|p2a: Urshifu|Close Combat|p1a: Dogfight\n|-supereffective|p1a: Dogfight\n|-damage|p1a: Dogfight|0 fnt\n|-unboost|p2a: Urshifu|def|1\n|-unboost|p2a: Urshifu|spd|1\n|faint|p1a: Dogfight\n|\n|upkeep\n|c|\u2606NightX120|It hits two moves after\n|\n|t:|1698089077\n|switch|p1a: Nibbles|Garchomp, M, shiny|100\/100\n|turn|14\n|\n|t:|1698089084\n|-terastallize|p2a: Urshifu|Fighting\n|move|p1a: Nibbles|Dragon Claw|p2a: Urshifu\n|-damage|p2a: Urshifu|0 fnt\n|faint|p2a: Urshifu\n|\n|upkeep\n|\n|t:|1698089088\n|switch|p2a: Charizard|Charizard, F, shiny|100\/100\n|turn|15\n|\n|t:|1698089096\n|move|p1a: Nibbles|Surf|p2a: Charizard\n|-supereffective|p2a: Charizard\n|-damage|p2a: Charizard|45\/100\n|move|p2a: Charizard|Earthquake|p1a: Nibbles\n|-damage|p1a: Nibbles|81\/100\n|\n|upkeep\n|turn|16\n|c|\u2606Daftkingett|ahh\n|\n|t:|1698089103\n|move|p1a: Nibbles|Surf|p2a: Charizard\n|-supereffective|p2a: Charizard\n|-damage|p2a: Charizard|0 fnt\n|faint|p2a: Charizard\n|\n|upkeep\n|\n|t:|1698089106\n|switch|p2a: Blissey|Blissey, F|100\/100\n|turn|17\n|c|\u2606NightX120|Fairy type attack???\n|c|\u2606Daftkingett|no\n|\n|t:|1698089119\n|move|p2a: Blissey|Protect|p2a: Blissey\n|-singleturn|p2a: Blissey|Protect\n|move|p1a: Nibbles|Earthquake|p2a: Blissey\n|-activate|p2a: Blissey|move: Protect\n|\n|upkeep\n|turn|18\n|c|\u2606Daftkingett|mega tank\n|\n|t:|1698089127\n|move|p1a: Nibbles|Earthquake|p2a: Blissey\n|-damage|p2a: Blissey|50\/100\n|move|p2a: Blissey|Seismic Toss|p1a: Nibbles\n|-damage|p1a: Nibbles|53\/100\n|-damage|p2a: Blissey|37\/100|[from] ability: Rough Skin|[of] p1a: Nibbles\n|-damage|p2a: Blissey|21\/100|[from] item: Rocky Helmet|[of] p1a: Nibbles\n|\n|-heal|p2a: Blissey|27\/100|[from] item: Leftovers\n|upkeep\n|turn|19\n|c|\u2606NightX120|ah\n|c|\u2606NightX120|LETS GO ROUGH SKIN ROCKY HELMET\n|\n|t:|1698089145\n|move|p2a: Blissey|Protect|p2a: Blissey\n|-singleturn|p2a: Blissey|Protect\n|move|p1a: Nibbles|Earthquake|p2a: Blissey\n|-activate|p2a: Blissey|move: Protect\n|\n|-heal|p2a: Blissey|33\/100|[from] item: Leftovers\n|upkeep\n|turn|20\n|c|\u2606Daftkingett|XD\n|\n|t:|1698089152\n|move|p2a: Blissey|Protect|p2a: Blissey\n|-singleturn|p2a: Blissey|Protect\n|move|p1a: Nibbles|Earthquake|p2a: Blissey\n|-activate|p2a: Blissey|move: Protect\n|\n|-heal|p2a: Blissey|39\/100|[from] item: Leftovers\n|upkeep\n|turn|21\n|c|\u2606Daftkingett|lets go double protect\n|c|\u2606NightX120|Crazy\n|\n|t:|1698089166\n|move|p2a: Blissey|Protect|p2a: Blissey\n|-singleturn|p2a: Blissey|Protect\n|move|p1a: Nibbles|Earthquake|p2a: Blissey\n|-activate|p2a: Blissey|move: Protect\n|\n|-heal|p2a: Blissey|45\/100|[from] item: Leftovers\n|upkeep\n|turn|22\n|c|\u2606NightX120|WTF\n|c|\u2606Daftkingett|WOOO\n|c|\u2606NightX120|The RNG\n|\n|t:|1698089179\n|move|p1a: Nibbles|Earthquake|p2a: Blissey\n|-damage|p2a: Blissey|0 fnt\n|faint|p2a: Blissey\n|\n|win|NightX120\n|raw|NightX120's rating: 1183 &rarr; <strong>1209<\/strong><br \/>(+26 for winning)\n|raw|Daftkingett's rating: 1199 &rarr; <strong>1173<\/strong><br \/>(-26 for losing)\n|c|\u2606Daftkingett|GGs\n|c|\u2606NightX120|GG\n|c|\u2606Daftkingett|that triple protect XD\n|c|\u2606NightX120|RNG is insane\n","uploadtime":1698089199,"views":12,"p1id":"nightx120","p2id":"daftkingett","formatid":"gen9anythinggoes","rating":1173,"private":0,"password":""}