{"id":"gen9anythinggoes-1975979964","p1":"lemur8889","p2":"anormalpokemonn00b","format":"[Gen 9] Anything Goes","log":"|j|\u2606lemur8889\n|j|\u2606anormalpokemonn00b\n|t:|1698253941\n|gametype|singles\n|player|p1|lemur8889|lucas|1097\n|player|p2|anormalpokemonn00b|1|1000\n|teamsize|p1|6\n|teamsize|p2|6\n|gen|9\n|tier|[Gen 9] Anything Goes\n|rated|\n|rule|HP Percentage Mod: HP is shown in percentages\n|rule|Endless Battle Clause: Forcing endless battles is banned\n|clearpoke\n|poke|p1|Azumarill, M|\n|poke|p1|Azumarill, M|\n|poke|p1|Azumarill, F|\n|poke|p1|Azumarill, F|\n|poke|p1|Azumarill, F|\n|poke|p1|Azumarill, M|\n|poke|p2|Garganacl, M|\n|poke|p2|Greninja-*, M|\n|poke|p2|Dipplin, M|\n|poke|p2|Gengar, F|\n|poke|p2|Calyrex-Shadow|\n|poke|p2|Espeon, F|\n|teampreview\n|\n|t:|1698253951\n|start\n|switch|p1a: rabit|Azumarill, M|100\/100\n|switch|p2a: Greninja|Greninja, M|100\/100\n|turn|1\n|c|\u2606anormalpokemonn00b|OH GOD\n|\n|t:|1698253962\n|move|p2a: Greninja|Spikes|p1a: rabit\n|-sidestart|p1: lemur8889|Spikes\n|move|p1a: rabit|Belly Drum|p1a: rabit\n|-damage|p1a: rabit|50\/100\n|-setboost|p1a: rabit|atk|6|[from] move: Belly Drum\n|-enditem|p1a: rabit|Sitrus Berry|[eat]\n|-heal|p1a: rabit|75\/100|[from] item: Sitrus Berry\n|\n|upkeep\n|turn|2\n|c|\u2606anormalpokemonn00b|RABBITS\n|c|\u2606anormalpokemonn00b|PAIN\n|c|\u2606anormalpokemonn00b|0_0\n|c|\u2606anormalpokemonn00b|i am scared of this team for some reason]\n|\n|t:|1698254001\n|move|p2a: Greninja|Spikes|p1a: rabit\n|-sidestart|p1: lemur8889|Spikes\n|move|p1a: rabit|Substitute|p1a: rabit\n|-start|p1a: rabit|Substitute\n|-damage|p1a: rabit|50\/100\n|\n|upkeep\n|turn|3\n|\n|t:|1698254008\n|move|p2a: Greninja|Spikes|p1a: rabit\n|-sidestart|p1: lemur8889|Spikes\n|move|p1a: rabit|Play Rough|p2a: Greninja|[miss]\n|-miss|p1a: rabit|p2a: Greninja\n|\n|upkeep\n|turn|4\n|c|\u2606anormalpokemonn00b|LETS GO\n|\n|t:|1698254020\n|move|p2a: Greninja|Spikes||[still]\n|-fail|p2a: Greninja\n|move|p1a: rabit|Play Rough|p2a: Greninja\n|-supereffective|p2a: Greninja\n|-damage|p2a: Greninja|0 fnt\n|faint|p2a: Greninja\n|\n|upkeep\n|\n|t:|1698254036\n|switch|p2a: Gengar|Gengar, F|100\/100\n|turn|5\n|\n|t:|1698254044\n|move|p1a: rabit|Aqua Jet|p2a: Gengar\n|-enditem|p2a: Gengar|Focus Sash\n|-damage|p2a: Gengar|1\/100\n|move|p2a: Gengar|Toxic Spikes|p1a: rabit\n|-sidestart|p1: lemur8889|move: Toxic Spikes\n|\n|upkeep\n|turn|6\n|\n|t:|1698254052\n|move|p1a: rabit|Aqua Jet|p2a: Gengar\n|-damage|p2a: Gengar|0 fnt\n|faint|p2a: Gengar\n|\n|upkeep\n|\n|t:|1698254057\n|switch|p2a: Garganacl|Garganacl, M|100\/100\n|turn|7\n|\n|t:|1698254064\n|move|p1a: rabit|Aqua Jet|p2a: Garganacl\n|-supereffective|p2a: Garganacl\n|-ability|p2a: Garganacl|Sturdy\n|-damage|p2a: Garganacl|1\/100\n|move|p2a: Garganacl|Earthquake|p1a: rabit\n|-end|p1a: rabit|Substitute\n|\n|upkeep\n|turn|8\n|\n|t:|1698254077\n|switch|p2a: Dipplin|Dipplin, M|100\/100\n|-ability|p2a: Dipplin|Supersweet Syrup\n|-ability|p2a: Dipplin|Supersweet Syrup|boost\n|-unboost|p1a: rabit|evasion|1\n|move|p1a: rabit|Aqua Jet|p2a: Dipplin\n|-resisted|p2a: Dipplin\n|-damage|p2a: Dipplin|81\/100\n|\n|upkeep\n|turn|9\n|\n|t:|1698254090\n|move|p1a: rabit|Play Rough|p2a: Dipplin\n|-supereffective|p2a: Dipplin\n|-damage|p2a: Dipplin|0 fnt\n|faint|p2a: Dipplin\n|\n|upkeep\n|\n|t:|1698254096\n|switch|p2a: Calyrex|Calyrex-Shadow|100\/100\n|-ability|p2a: Calyrex|As One\n|-ability|p2a: Calyrex|Unnerve\n|turn|10\n|\n|t:|1698254104\n|-terastallize|p1a: rabit|Water\n|move|p1a: rabit|Aqua Jet|p2a: Calyrex\n|-enditem|p2a: Calyrex|Focus Sash\n|-damage|p2a: Calyrex|1\/100\n|move|p2a: Calyrex|Giga Drain|p1a: rabit\n|-supereffective|p1a: rabit\n|-damage|p1a: rabit|0 fnt\n|-heal|p2a: Calyrex|22\/100|[from] drain|[of] p1a: rabit\n|faint|p1a: rabit\n|-ability|p2a: Calyrex|Grim Neigh|boost\n|-boost|p2a: Calyrex|spa|1\n|\n|upkeep\n|\n|t:|1698254118\n|switch|p1a: rabit|Azumarill, M|100\/100\n|-damage|p1a: rabit|76\/100|[from] Spikes\n|-status|p1a: rabit|psn\n|turn|11\n|\n|t:|1698254124\n|move|p1a: rabit|Aqua Jet|p2a: Calyrex\n|-damage|p2a: Calyrex|0 fnt\n|faint|p2a: Calyrex\n|\n|-damage|p1a: rabit|63\/100 psn|[from] psn\n|upkeep\n|\n|t:|1698254130\n|switch|p2a: Espeon|Espeon, F|100\/100\n|turn|12\n|\n|t:|1698254134\n|move|p2a: Espeon|Draining Kiss|p1a: rabit\n|-damage|p1a: rabit|43\/100 psn\n|-enditem|p1a: rabit|Sitrus Berry|[eat]\n|-heal|p1a: rabit|68\/100 psn|[from] item: Sitrus Berry\n|move|p1a: rabit|Belly Drum|p1a: rabit\n|-damage|p1a: rabit|18\/100 psn\n|-setboost|p1a: rabit|atk|6|[from] move: Belly Drum\n|\n|-damage|p1a: rabit|5\/100 psn|[from] psn\n|upkeep\n|turn|13\n|\n|t:|1698254145\n|move|p1a: rabit|Aqua Jet|p2a: Espeon\n|-damage|p2a: Espeon|0 fnt\n|faint|p2a: Espeon\n|\n|-damage|p1a: rabit|0 fnt|[from] psn\n|faint|p1a: rabit\n|upkeep\n|\n|t:|1698254153\n|switch|p2a: Garganacl|Garganacl, M|1\/100\n|switch|p1a: rabit|Azumarill, F|100\/100\n|-damage|p1a: rabit|76\/100|[from] Spikes\n|-status|p1a: rabit|psn\n|turn|14\n|\n|t:|1698254165\n|-terastallize|p2a: Garganacl|Rock\n|move|p1a: rabit|Belly Drum|p1a: rabit\n|-damage|p1a: rabit|26\/100 psn\n|-setboost|p1a: rabit|atk|6|[from] move: Belly Drum\n|-enditem|p1a: rabit|Sitrus Berry|[eat]\n|-heal|p1a: rabit|50\/100 psn|[from] item: Sitrus Berry\n|move|p2a: Garganacl|Avalanche|p1a: rabit\n|-resisted|p1a: rabit\n|-damage|p1a: rabit|42\/100 psn\n|\n|-damage|p1a: rabit|30\/100 psn|[from] psn\n|upkeep\n|turn|15\n|\n|t:|1698254179\n|move|p1a: rabit|Aqua Jet|p2a: Garganacl\n|-supereffective|p2a: Garganacl\n|-damage|p2a: Garganacl|0 fnt\n|faint|p2a: Garganacl\n|\n|win|lemur8889\n|raw|lemur8889's rating: 1097 &rarr; <strong>1116<\/strong><br \/>(+19 for winning)\n|raw|anormalpokemonn00b's rating: 1000 &rarr; <strong>1000<\/strong><br \/>(+0 for losing)\n|l|\u2606anormalpokemonn00b\n","uploadtime":1698254327,"views":7,"p1id":"lemur8889","p2id":"anormalpokemonn00b","formatid":"gen9anythinggoes","rating":1000,"private":0,"password":""}