{"id":"gen9anythinggoes-1980454123","p1":"Outdated Puppet","p2":"gengar--crackers","format":"[Gen 9] Anything Goes","log":"|j|\u2606Outdated Puppet\n|j|\u2606gengar--crackers\n|t:|1698786407\n|gametype|singles\n|player|p1|Outdated Puppet|170|1483\n|player|p2|gengar--crackers|lucas|1528\n|teamsize|p1|6\n|teamsize|p2|6\n|gen|9\n|tier|[Gen 9] Anything Goes\n|rated|\n|rule|HP Percentage Mod: HP is shown in percentages\n|rule|Endless Battle Clause: Forcing endless battles is banned\n|clearpoke\n|poke|p1|Clefable, F|\n|poke|p1|Tyranitar, F|\n|poke|p1|Toxapex, F|\n|poke|p1|Scovillain, F|\n|poke|p1|Milotic, M|\n|poke|p1|Quagsire, M|\n|poke|p2|Forretress, F|\n|poke|p2|Forretress, M|\n|poke|p2|Giratina|\n|poke|p2|Giratina|\n|poke|p2|Giratina|\n|poke|p2|Giratina|\n|teampreview\n|inactive|Battle timer is ON: inactive players will automatically lose when time's up. (requested by gengar--crackers)\n|c|\u2606Outdated Puppet|this is either going to be really easy or so frustrating lol\n|\n|t:|1698786452\n|start\n|switch|p1a: Scovillain|Scovillain, F|100\/100\n|switch|p2a: Quick Boi|Forretress, M, shiny|100\/100\n|turn|1\n|\n|t:|1698786461\n|move|p1a: Scovillain|Flamethrower|p2a: Quick Boi\n|-supereffective|p2a: Quick Boi\n|-ability|p2a: Quick Boi|Sturdy\n|-damage|p2a: Quick Boi|1\/100\n|-enditem|p2a: Quick Boi|Red Card|[of] p1a: Scovillain\n|drag|p1a: Quagsire|Quagsire, M|100\/100\n|move|p2a: Quick Boi|Spikes|p1a: Quagsire\n|-sidestart|p1: Outdated Puppet|Spikes\n|\n|upkeep\n|turn|2\n|\n|t:|1698786469\n|move|p2a: Quick Boi|Stealth Rock|p1a: Quagsire\n|-sidestart|p1: Outdated Puppet|move: Stealth Rock\n|move|p1a: Quagsire|Ice Punch|p2a: Quick Boi\n|-resisted|p2a: Quick Boi\n|-damage|p2a: Quick Boi|0 fnt\n|faint|p2a: Quick Boi\n|\n|upkeep\n|\n|t:|1698786476\n|switch|p2a: Quick Gal|Forretress, F|100\/100\n|turn|3\n|\n|t:|1698786481\n|move|p2a: Quick Gal|Spikes|p1a: Quagsire\n|-sidestart|p1: Outdated Puppet|Spikes\n|move|p1a: Quagsire|Earthquake|p2a: Quick Gal\n|-damage|p2a: Quick Gal|84\/100\n|-enditem|p2a: Quick Gal|Red Card|[of] p1a: Quagsire\n|drag|p1a: Milotic|Milotic, M|100\/100\n|-damage|p1a: Milotic|84\/100|[from] Spikes\n|-damage|p1a: Milotic|72\/100|[from] Stealth Rock\n|\n|upkeep\n|turn|4\n|\n|t:|1698786493\n|move|p1a: Milotic|Coil|p1a: Milotic\n|-boost|p1a: Milotic|atk|1\n|-boost|p1a: Milotic|def|1\n|-boost|p1a: Milotic|accuracy|1\n|move|p2a: Quick Gal|Spikes|p1a: Milotic\n|-sidestart|p1: Outdated Puppet|Spikes\n|\n|upkeep\n|turn|5\n|\n|t:|1698786500\n|switch|p2a: Big Chungus|Giratina|100\/100\n|-ability|p2a: Big Chungus|Pressure\n|move|p1a: Milotic|Coil|p1a: Milotic\n|-boost|p1a: Milotic|atk|1\n|-boost|p1a: Milotic|def|1\n|-boost|p1a: Milotic|accuracy|1\n|\n|upkeep\n|turn|6\n|\n|t:|1698786508\n|move|p1a: Milotic|Hypnosis|p2a: Big Chungus\n|-status|p2a: Big Chungus|slp|[from] move: Hypnosis\n|cant|p2a: Big Chungus|slp\n|\n|upkeep\n|turn|7\n|\n|t:|1698786513\n|move|p1a: Milotic|Hypnosis|p2a: Big Chungus\n|-fail|p2a: Big Chungus|slp\n|cant|p2a: Big Chungus|slp\n|\n|upkeep\n|turn|8\n|\n|t:|1698786517\n|move|p1a: Milotic|Coil|p1a: Milotic\n|-boost|p1a: Milotic|atk|1\n|-boost|p1a: Milotic|def|1\n|-boost|p1a: Milotic|accuracy|1\n|-curestatus|p2a: Big Chungus|slp|[msg]\n|move|p2a: Big Chungus|Roar|p1a: Milotic\n|drag|p1a: Quagsire|Quagsire, M|100\/100\n|-damage|p1a: Quagsire|76\/100|[from] Spikes\n|-damage|p1a: Quagsire|70\/100|[from] Stealth Rock\n|\n|upkeep\n|turn|9\n|\n|t:|1698786527\n|move|p1a: Quagsire|Ice Punch|p2a: Big Chungus\n|-supereffective|p2a: Big Chungus\n|-damage|p2a: Big Chungus|83\/100\n|-status|p2a: Big Chungus|frz\n|cant|p2a: Big Chungus|frz\n|\n|-heal|p2a: Big Chungus|89\/100 frz|[from] item: Leftovers\n|upkeep\n|turn|10\n|\n|t:|1698786538\n|switch|p1a: Scovillain|Scovillain, F|100\/100\n|-damage|p1a: Scovillain|76\/100|[from] Spikes\n|-damage|p1a: Scovillain|51\/100|[from] Stealth Rock\n|cant|p2a: Big Chungus|frz\n|\n|-heal|p2a: Big Chungus|95\/100 frz|[from] item: Leftovers\n|-heal|p1a: Scovillain|57\/100|[from] item: Leftovers\n|-ability|p1a: Scovillain|Moody|boost\n|-boost|p1a: Scovillain|spe|2\n|-unboost|p1a: Scovillain|def|1\n|upkeep\n|turn|11\n|\n|t:|1698786549\n|move|p1a: Scovillain|Leech Seed|p2a: Big Chungus\n|-start|p2a: Big Chungus|move: Leech Seed\n|cant|p2a: Big Chungus|frz\n|\n|-heal|p1a: Scovillain|63\/100|[from] item: Leftovers\n|-heal|p2a: Big Chungus|100\/100 frz|[from] item: Leftovers\n|-damage|p2a: Big Chungus|88\/100 frz|[from] Leech Seed|[of] p1a: Scovillain\n|-heal|p1a: Scovillain|82\/100|[silent]\n|-ability|p1a: Scovillain|Moody|boost\n|-boost|p1a: Scovillain|atk|2\n|-unboost|p1a: Scovillain|spa|1\n|upkeep\n|turn|12\n|\n|t:|1698786560\n|move|p1a: Scovillain|Flamethrower|p2a: Big Chungus\n|-resisted|p2a: Big Chungus\n|-damage|p2a: Big Chungus|84\/100 frz\n|-curestatus|p2a: Big Chungus|frz|[msg]\n|move|p2a: Big Chungus|Roar|p1a: Scovillain\n|drag|p1a: Clefable|Clefable, F|100\/100\n|-damage|p1a: Clefable|76\/100|[from] Spikes\n|-damage|p1a: Clefable|63\/100|[from] Stealth Rock\n|\n|-heal|p2a: Big Chungus|90\/100|[from] item: Leftovers\n|-heal|p1a: Clefable|69\/100|[from] item: Leftovers\n|-damage|p2a: Big Chungus|77\/100|[from] Leech Seed|[of] p1a: Clefable\n|-heal|p1a: Clefable|85\/100|[silent]\n|upkeep\n|turn|13\n|\n|t:|1698786574\n|-terastallize|p2a: Big Chungus|Ghost\n|move|p1a: Clefable|Draining Kiss|p2a: Big Chungus\n|-damage|p2a: Big Chungus|70\/100\n|-heal|p1a: Clefable|93\/100|[from] drain|[of] p2a: Big Chungus\n|move|p2a: Big Chungus|Roar|p1a: Clefable\n|drag|p1a: Toxapex|Toxapex, F, shiny|100\/100\n|-damage|p1a: Toxapex|75\/100|[from] Spikes\n|-damage|p1a: Toxapex|63\/100|[from] Stealth Rock\n|\n|-heal|p2a: Big Chungus|76\/100|[from] item: Leftovers\n|-damage|p2a: Big Chungus|63\/100|[from] Leech Seed|[of] p1a: Toxapex\n|-heal|p1a: Toxapex|84\/100|[silent]\n|upkeep\n|turn|14\n|\n|t:|1698786590\n|switch|p2a: Tony Soprano|Giratina|100\/100\n|-ability|p2a: Tony Soprano|Pressure\n|move|p1a: Toxapex|Infestation|p2a: Tony Soprano\n|-resisted|p2a: Tony Soprano\n|-damage|p2a: Tony Soprano|99\/100\n|-activate|p2a: Tony Soprano|move: Infestation|[of] p1a: Toxapex\n|\n|-heal|p2a: Tony Soprano|100\/100|[from] item: Leftovers\n|-damage|p2a: Tony Soprano|88\/100|[from] move: Infestation|[partiallytrapped]\n|upkeep\n|turn|15\n|\n|t:|1698786600\n|move|p1a: Toxapex|Baneful Bunker|p1a: Toxapex\n|-singleturn|p1a: Toxapex|move: Protect\n|move|p2a: Tony Soprano|Earthquake|p1a: Toxapex\n|-activate|p1a: Toxapex|move: Protect\n|\n|-heal|p2a: Tony Soprano|94\/100|[from] item: Leftovers\n|-damage|p2a: Tony Soprano|82\/100|[from] move: Infestation|[partiallytrapped]\n|upkeep\n|turn|16\n|\n|t:|1698786608\n|move|p2a: Tony Soprano|Earthquake|p1a: Toxapex\n|-supereffective|p1a: Toxapex\n|-crit|p1a: Toxapex\n|-damage|p1a: Toxapex|44\/100\n|move|p1a: Toxapex|Recover|p1a: Toxapex\n|-heal|p1a: Toxapex|94\/100\n|\n|-heal|p2a: Tony Soprano|88\/100|[from] item: Leftovers\n|-damage|p2a: Tony Soprano|75\/100|[from] move: Infestation|[partiallytrapped]\n|upkeep\n|turn|17\n|\n|t:|1698786617\n|move|p1a: Toxapex|Baneful Bunker|p1a: Toxapex\n|-singleturn|p1a: Toxapex|move: Protect\n|move|p2a: Tony Soprano|Earthquake|p1a: Toxapex\n|-activate|p1a: Toxapex|move: Protect\n|\n|-heal|p2a: Tony Soprano|81\/100|[from] item: Leftovers\n|-damage|p2a: Tony Soprano|69\/100|[from] move: Infestation|[partiallytrapped]\n|upkeep\n|turn|18\n|\n|t:|1698786627\n|switch|p2a: Big Chungus|Giratina, tera:Ghost|63\/100\n|-ability|p2a: Big Chungus|Pressure\n|move|p1a: Toxapex|Haze|p1a: Toxapex\n|-clearallboost\n|\n|-heal|p2a: Big Chungus|70\/100|[from] item: Leftovers\n|upkeep\n|turn|19\n|\n|t:|1698786636\n|move|p1a: Toxapex|Infestation|p2a: Big Chungus\n|-resisted|p2a: Big Chungus\n|-damage|p2a: Big Chungus|69\/100\n|-activate|p2a: Big Chungus|move: Infestation|[of] p1a: Toxapex\n|move|p2a: Big Chungus|Roar|p1a: Toxapex\n|drag|p1a: Milotic|Milotic, M|72\/100\n|-damage|p1a: Milotic|47\/100|[from] Spikes\n|-damage|p1a: Milotic|34\/100|[from] Stealth Rock\n|\n|-heal|p2a: Big Chungus|75\/100|[from] item: Leftovers\n|-end|p2a: Big Chungus|Infestation|[partiallytrapped]|[silent]\n|upkeep\n|turn|20\n|\n|t:|1698786646\n|move|p1a: Milotic|Recover|p1a: Milotic\n|-heal|p1a: Milotic|84\/100\n|move|p2a: Big Chungus|Roar|p1a: Milotic\n|drag|p1a: Tyranitar|Tyranitar, F|100\/100\n|-damage|p1a: Tyranitar|75\/100|[from] Spikes\n|-damage|p1a: Tyranitar|63\/100|[from] Stealth Rock\n|-weather|Sandstorm|[from] ability: Sand Stream|[of] p1a: Tyranitar\n|\n|-weather|Sandstorm|[upkeep]\n|-damage|p2a: Big Chungus|69\/100|[from] Sandstorm\n|-heal|p2a: Big Chungus|75\/100|[from] item: Leftovers\n|upkeep\n|turn|21\n|\n|t:|1698786659\n|move|p2a: Big Chungus|Protect|p2a: Big Chungus\n|-singleturn|p2a: Big Chungus|Protect\n|move|p1a: Tyranitar|Foul Play|p2a: Big Chungus\n|-activate|p2a: Big Chungus|move: Protect\n|\n|-weather|Sandstorm|[upkeep]\n|-damage|p2a: Big Chungus|69\/100|[from] Sandstorm\n|-heal|p2a: Big Chungus|75\/100|[from] item: Leftovers\n|upkeep\n|turn|22\n|\n|t:|1698786668\n|move|p1a: Tyranitar|Foul Play|p2a: Big Chungus\n|-supereffective|p2a: Big Chungus\n|-damage|p2a: Big Chungus|37\/100\n|move|p2a: Big Chungus|Roar|p1a: Tyranitar\n|drag|p1a: Scovillain|Scovillain, F|82\/100\n|-damage|p1a: Scovillain|57\/100|[from] Spikes\n|-damage|p1a: Scovillain|32\/100|[from] Stealth Rock\n|\n|-weather|Sandstorm|[upkeep]\n|-damage|p2a: Big Chungus|31\/100|[from] Sandstorm\n|-damage|p1a: Scovillain|26\/100|[from] Sandstorm\n|-heal|p2a: Big Chungus|37\/100|[from] item: Leftovers\n|-heal|p1a: Scovillain|32\/100|[from] item: Leftovers\n|-ability|p1a: Scovillain|Moody|boost\n|-boost|p1a: Scovillain|atk|2\n|-unboost|p1a: Scovillain|spd|1\n|upkeep\n|turn|23\n|\n|t:|1698786683\n|move|p2a: Big Chungus|Protect|p2a: Big Chungus\n|-singleturn|p2a: Big Chungus|Protect\n|move|p1a: Scovillain|Leech Seed|p2a: Big Chungus\n|-activate|p2a: Big Chungus|move: Protect\n|\n|-weather|Sandstorm|[upkeep]\n|-damage|p2a: Big Chungus|31\/100|[from] Sandstorm\n|-damage|p1a: Scovillain|26\/100|[from] Sandstorm\n|-heal|p2a: Big Chungus|37\/100|[from] item: Leftovers\n|-heal|p1a: Scovillain|32\/100|[from] item: Leftovers\n|-ability|p1a: Scovillain|Moody|boost\n|-boost|p1a: Scovillain|spd|2\n|-unboost|p1a: Scovillain|def|1\n|upkeep\n|turn|24\n|\n|t:|1698786695\n|move|p2a: Big Chungus|Rest|p2a: Big Chungus\n|-status|p2a: Big Chungus|slp|[from] move: Rest\n|-heal|p2a: Big Chungus|100\/100 slp|[silent]\n|move|p1a: Scovillain|Leech Seed|p2a: Big Chungus\n|-start|p2a: Big Chungus|move: Leech Seed\n|\n|-weather|none\n|-heal|p1a: Scovillain|38\/100|[from] item: Leftovers\n|-damage|p2a: Big Chungus|88\/100 slp|[from] Leech Seed|[of] p1a: Scovillain\n|-heal|p1a: Scovillain|57\/100|[silent]\n|-ability|p1a: Scovillain|Moody|boost\n|-boost|p1a: Scovillain|spd|2\n|-unboost|p1a: Scovillain|atk|1\n|upkeep\n|turn|25\n|\n|t:|1698786709\n|switch|p2a: Freddy Fazbear|Giratina, shiny|100\/100\n|-ability|p2a: Freddy Fazbear|Pressure\n|move|p1a: Scovillain|Flamethrower|p2a: Freddy Fazbear\n|-resisted|p2a: Freddy Fazbear\n|-damage|p2a: Freddy Fazbear|92\/100\n|-status|p2a: Freddy Fazbear|brn\n|\n|-heal|p2a: Freddy Fazbear|98\/100 brn|[from] item: Leftovers\n|-heal|p1a: Scovillain|63\/100|[from] item: Leftovers\n|-damage|p2a: Freddy Fazbear|92\/100 brn|[from] brn\n|-ability|p1a: Scovillain|Moody|boost\n|-boost|p1a: Scovillain|spe|2\n|-unboost|p1a: Scovillain|spa|1\n|upkeep\n|turn|26\n|\n|t:|1698786722\n|move|p1a: Scovillain|Leech Seed|p2a: Freddy Fazbear\n|-start|p2a: Freddy Fazbear|move: Leech Seed\n|move|p2a: Freddy Fazbear|Dragon Tail|p1a: Scovillain\n|-damage|p1a: Scovillain|30\/100\n|drag|p1a: Quagsire|Quagsire, M|70\/100\n|-damage|p1a: Quagsire|45\/100|[from] Spikes\n|-damage|p1a: Quagsire|39\/100|[from] Stealth Rock\n|\n|-heal|p2a: Freddy Fazbear|98\/100 brn|[from] item: Leftovers\n|-damage|p2a: Freddy Fazbear|86\/100 brn|[from] Leech Seed|[of] p1a: Quagsire\n|-heal|p1a: Quagsire|55\/100|[silent]\n|-damage|p2a: Freddy Fazbear|80\/100 brn|[from] brn\n|upkeep\n|turn|27\n|\n|t:|1698786740\n|switch|p2a: Family Guy|Giratina|100\/100\n|-ability|p2a: Family Guy|Pressure\n|move|p1a: Quagsire|Ice Punch|p2a: Family Guy\n|-supereffective|p2a: Family Guy\n|-damage|p2a: Family Guy|83\/100\n|\n|-heal|p2a: Family Guy|89\/100|[from] item: Leftovers\n|upkeep\n|turn|28\n|\n|t:|1698786754\n|move|p1a: Quagsire|Ice Punch|p2a: Family Guy\n|-supereffective|p2a: Family Guy\n|-crit|p2a: Family Guy\n|-damage|p2a: Family Guy|63\/100\n|move|p2a: Family Guy|Dragon Tail|p1a: Quagsire\n|-damage|p1a: Quagsire|41\/100\n|drag|p1a: Scovillain|Scovillain, F|30\/100\n|-damage|p1a: Scovillain|6\/100|[from] Spikes\n|-damage|p1a: Scovillain|0 fnt|[from] Stealth Rock\n|faint|p1a: Scovillain\n|\n|-heal|p2a: Family Guy|70\/100|[from] item: Leftovers\n|upkeep\n|\n|t:|1698786765\n|switch|p1a: Tyranitar|Tyranitar, F|63\/100\n|-damage|p1a: Tyranitar|38\/100|[from] Spikes\n|-damage|p1a: Tyranitar|26\/100|[from] Stealth Rock\n|-weather|Sandstorm|[from] ability: Sand Stream|[of] p1a: Tyranitar\n|turn|29\n|\n|t:|1698786771\n|-terastallize|p1a: Tyranitar|Flying\n|move|p1a: Tyranitar|Foul Play|p2a: Family Guy\n|-supereffective|p2a: Family Guy\n|-damage|p2a: Family Guy|33\/100\n|move|p2a: Family Guy|Dragon Tail|p1a: Tyranitar\n|-damage|p1a: Tyranitar|9\/100\n|drag|p1a: Toxapex|Toxapex, F, shiny|100\/100\n|-damage|p1a: Toxapex|75\/100|[from] Spikes\n|-damage|p1a: Toxapex|63\/100|[from] Stealth Rock\n|\n|-weather|Sandstorm|[upkeep]\n|-damage|p2a: Family Guy|27\/100|[from] Sandstorm\n|-damage|p1a: Toxapex|57\/100|[from] Sandstorm\n|-heal|p2a: Family Guy|33\/100|[from] item: Leftovers\n|upkeep\n|turn|30\n|\n|t:|1698786784\n|move|p1a: Toxapex|Baneful Bunker|p1a: Toxapex\n|-singleturn|p1a: Toxapex|move: Protect\n|move|p2a: Family Guy|Rest|p2a: Family Guy\n|-status|p2a: Family Guy|slp|[from] move: Rest\n|-heal|p2a: Family Guy|100\/100 slp|[silent]\n|\n|-weather|Sandstorm|[upkeep]\n|-damage|p2a: Family Guy|94\/100 slp|[from] Sandstorm\n|-damage|p1a: Toxapex|50\/100|[from] Sandstorm\n|-heal|p2a: Family Guy|100\/100 slp|[from] item: Leftovers\n|upkeep\n|turn|31\n|\n|t:|1698786794\n|move|p1a: Toxapex|Infestation|p2a: Family Guy\n|-resisted|p2a: Family Guy\n|-damage|p2a: Family Guy|99\/100 slp\n|-activate|p2a: Family Guy|move: Infestation|[of] p1a: Toxapex\n|cant|p2a: Family Guy|slp\n|\n|-weather|Sandstorm|[upkeep]\n|-damage|p2a: Family Guy|94\/100 slp|[from] Sandstorm\n|-damage|p1a: Toxapex|44\/100|[from] Sandstorm\n|-heal|p2a: Family Guy|99\/100 slp|[from] item: Leftovers\n|-damage|p2a: Family Guy|87\/100 slp|[from] move: Infestation|[partiallytrapped]\n|upkeep\n|turn|32\n|\n|t:|1698786804\n|move|p1a: Toxapex|Recover|p1a: Toxapex\n|-heal|p1a: Toxapex|94\/100\n|cant|p2a: Family Guy|slp\n|\n|-weather|Sandstorm|[upkeep]\n|-damage|p2a: Family Guy|81\/100 slp|[from] Sandstorm\n|-damage|p1a: Toxapex|88\/100|[from] Sandstorm\n|-heal|p2a: Family Guy|87\/100 slp|[from] item: Leftovers\n|-damage|p2a: Family Guy|75\/100 slp|[from] move: Infestation|[partiallytrapped]\n|upkeep\n|turn|33\n|\n|t:|1698786817\n|switch|p2a: Big Chungus|Giratina, tera:Ghost|88\/100 slp\n|-ability|p2a: Big Chungus|Pressure\n|move|p1a: Toxapex|Haze|p1a: Toxapex\n|-clearallboost\n|\n|-weather|none\n|-heal|p2a: Big Chungus|94\/100 slp|[from] item: Leftovers\n|upkeep\n|turn|34\n|\n|t:|1698786826\n|move|p1a: Toxapex|Infestation|p2a: Big Chungus\n|-resisted|p2a: Big Chungus\n|-damage|p2a: Big Chungus|94\/100 slp\n|-activate|p2a: Big Chungus|move: Infestation|[of] p1a: Toxapex\n|cant|p2a: Big Chungus|slp\n|\n|-heal|p2a: Big Chungus|99\/100 slp|[from] item: Leftovers\n|-damage|p2a: Big Chungus|87\/100 slp|[from] move: Infestation|[partiallytrapped]\n|upkeep\n|turn|35\n|\n|t:|1698786834\n|move|p1a: Toxapex|Haze|p1a: Toxapex\n|-clearallboost\n|cant|p2a: Big Chungus|slp\n|\n|-heal|p2a: Big Chungus|93\/100 slp|[from] item: Leftovers\n|-damage|p2a: Big Chungus|81\/100 slp|[from] move: Infestation|[partiallytrapped]\n|upkeep\n|turn|36\n|\n|t:|1698786841\n|move|p1a: Toxapex|Haze|p1a: Toxapex\n|-clearallboost\n|-curestatus|p2a: Big Chungus|slp|[msg]\n|move|p2a: Big Chungus|Roar|p1a: Toxapex\n|drag|p1a: Clefable|Clefable, F|93\/100\n|-damage|p1a: Clefable|68\/100|[from] Spikes\n|-damage|p1a: Clefable|55\/100|[from] Stealth Rock\n|\n|-heal|p2a: Big Chungus|87\/100|[from] item: Leftovers\n|-heal|p1a: Clefable|61\/100|[from] item: Leftovers\n|-end|p2a: Big Chungus|Infestation|[partiallytrapped]|[silent]\n|upkeep\n|turn|37\n|\n|t:|1698786853\n|move|p1a: Clefable|Wish|p1a: Clefable\n|move|p2a: Big Chungus|Roar|p1a: Clefable\n|drag|p1a: Milotic|Milotic, M|84\/100\n|-damage|p1a: Milotic|59\/100|[from] Spikes\n|-damage|p1a: Milotic|47\/100|[from] Stealth Rock\n|\n|-heal|p2a: Big Chungus|93\/100|[from] item: Leftovers\n|upkeep\n|turn|38\n|\n|t:|1698786862\n|move|p1a: Milotic|Hypnosis|p2a: Big Chungus\n|-status|p2a: Big Chungus|slp|[from] move: Hypnosis\n|cant|p2a: Big Chungus|slp\n|\n|-heal|p1a: Milotic|97\/100|[from] move: Wish|[wisher] Clefable\n|-heal|p2a: Big Chungus|99\/100 slp|[from] item: Leftovers\n|upkeep\n|turn|39\n|\n|t:|1698786870\n|move|p1a: Milotic|Aqua Tail|p2a: Big Chungus\n|-damage|p2a: Big Chungus|85\/100 slp\n|-damage|p1a: Milotic|87\/100|[from] item: Life Orb\n|-curestatus|p2a: Big Chungus|slp|[msg]\n|move|p2a: Big Chungus|Dragon Tail|p1a: Milotic\n|-damage|p1a: Milotic|71\/100\n|drag|p1a: Toxapex|Toxapex, F, shiny|100\/100\n|-damage|p1a: Toxapex|75\/100|[from] Spikes\n|-damage|p1a: Toxapex|63\/100|[from] Stealth Rock\n|\n|-heal|p2a: Big Chungus|92\/100|[from] item: Leftovers\n|upkeep\n|turn|40\n|\n|t:|1698786882\n|move|p1a: Toxapex|Infestation|p2a: Big Chungus\n|-resisted|p2a: Big Chungus\n|-damage|p2a: Big Chungus|91\/100\n|-activate|p2a: Big Chungus|move: Infestation|[of] p1a: Toxapex\n|move|p2a: Big Chungus|Roar|p1a: Toxapex\n|drag|p1a: Clefable|Clefable, F|61\/100\n|-damage|p1a: Clefable|37\/100|[from] Spikes\n|-damage|p1a: Clefable|24\/100|[from] Stealth Rock\n|\n|-heal|p2a: Big Chungus|97\/100|[from] item: Leftovers\n|-heal|p1a: Clefable|30\/100|[from] item: Leftovers\n|-end|p2a: Big Chungus|Infestation|[partiallytrapped]|[silent]\n|upkeep\n|turn|41\n|\n|t:|1698786893\n|move|p1a: Clefable|Wish|p1a: Clefable\n|move|p2a: Big Chungus|Roar|p1a: Clefable\n|drag|p1a: Milotic|Milotic, M|71\/100\n|-damage|p1a: Milotic|46\/100|[from] Spikes\n|-damage|p1a: Milotic|34\/100|[from] Stealth Rock\n|\n|-heal|p2a: Big Chungus|100\/100|[from] item: Leftovers\n|upkeep\n|turn|42\n|\n|t:|1698786902\n|move|p1a: Milotic|Recover|p1a: Milotic\n|-heal|p1a: Milotic|84\/100\n|move|p2a: Big Chungus|Dragon Tail|p1a: Milotic\n|-damage|p1a: Milotic|69\/100\n|drag|p1a: Toxapex|Toxapex, F, shiny|96\/100\n|-damage|p1a: Toxapex|71\/100|[from] Spikes\n|-damage|p1a: Toxapex|59\/100|[from] Stealth Rock\n|\n|-heal|p1a: Toxapex|100\/100|[from] move: Wish|[wisher] Clefable\n|upkeep\n|turn|43\n|\n|t:|1698786913\n|move|p1a: Toxapex|Infestation|p2a: Big Chungus\n|-resisted|p2a: Big Chungus\n|-damage|p2a: Big Chungus|99\/100\n|-activate|p2a: Big Chungus|move: Infestation|[of] p1a: Toxapex\n|move|p2a: Big Chungus|Roar|p1a: Toxapex\n|drag|p1a: Quagsire|Quagsire, M|41\/100\n|-damage|p1a: Quagsire|16\/100|[from] Spikes\n|-damage|p1a: Quagsire|10\/100|[from] Stealth Rock\n|\n|-heal|p2a: Big Chungus|100\/100|[from] item: Leftovers\n|-end|p2a: Big Chungus|Infestation|[partiallytrapped]|[silent]\n|upkeep\n|turn|44\n|\n|t:|1698786925\n|move|p1a: Quagsire|Ice Punch|p2a: Big Chungus\n|-crit|p2a: Big Chungus\n|-damage|p2a: Big Chungus|88\/100\n|move|p2a: Big Chungus|Roar|p1a: Quagsire\n|drag|p1a: Tyranitar|Tyranitar, F, tera:Flying|9\/100\n|-damage|p1a: Tyranitar|0 fnt|[from] Stealth Rock\n|faint|p1a: Tyranitar\n|\n|-heal|p2a: Big Chungus|94\/100|[from] item: Leftovers\n|upkeep\n|\n|t:|1698786934\n|switch|p1a: Clefable|Clefable, F|30\/100\n|-damage|p1a: Clefable|5\/100|[from] Spikes\n|-damage|p1a: Clefable|0 fnt|[from] Stealth Rock\n|faint|p1a: Clefable\n|\n|t:|1698786936\n|switch|p1a: Quagsire|Quagsire, M|10\/100\n|-damage|p1a: Quagsire|0 fnt|[from] Spikes\n|faint|p1a: Quagsire\n|c|\u2606gengar--crackers|gg\n|\n|t:|1698786961\n|switch|p1a: Toxapex|Toxapex, F, shiny|100\/100\n|-damage|p1a: Toxapex|75\/100|[from] Spikes\n|-damage|p1a: Toxapex|63\/100|[from] Stealth Rock\n|turn|45\n|\n|t:|1698786971\n|switch|p2a: Tony Soprano|Giratina|69\/100\n|-ability|p2a: Tony Soprano|Pressure\n|move|p1a: Toxapex|Infestation|p2a: Tony Soprano\n|-resisted|p2a: Tony Soprano\n|-damage|p2a: Tony Soprano|68\/100\n|-activate|p2a: Tony Soprano|move: Infestation|[of] p1a: Toxapex\n|\n|-heal|p2a: Tony Soprano|75\/100|[from] item: Leftovers\n|-damage|p2a: Tony Soprano|62\/100|[from] move: Infestation|[partiallytrapped]\n|upkeep\n|turn|46\n|\n|t:|1698786983\n|move|p1a: Toxapex|Baneful Bunker|p1a: Toxapex\n|-singleturn|p1a: Toxapex|move: Protect\n|move|p2a: Tony Soprano|Rest|p2a: Tony Soprano\n|-status|p2a: Tony Soprano|slp|[from] move: Rest\n|-heal|p2a: Tony Soprano|100\/100 slp|[silent]\n|\n|-damage|p2a: Tony Soprano|88\/100 slp|[from] move: Infestation|[partiallytrapped]\n|upkeep\n|turn|47\n|\n|t:|1698786993\n|switch|p2a: Freddy Fazbear|Giratina, shiny|80\/100 brn\n|-ability|p2a: Freddy Fazbear|Pressure\n|move|p1a: Toxapex|Recover|p1a: Toxapex\n|-heal|p1a: Toxapex|100\/100\n|\n|-heal|p2a: Freddy Fazbear|86\/100 brn|[from] item: Leftovers\n|-damage|p2a: Freddy Fazbear|80\/100 brn|[from] brn\n|upkeep\n|turn|48\n|\n|t:|1698787002\n|move|p2a: Freddy Fazbear|Rest|p2a: Freddy Fazbear\n|-status|p2a: Freddy Fazbear|slp|[from] move: Rest\n|-heal|p2a: Freddy Fazbear|100\/100 slp|[silent]\n|move|p1a: Toxapex|Infestation|p2a: Freddy Fazbear\n|-resisted|p2a: Freddy Fazbear\n|-damage|p2a: Freddy Fazbear|99\/100 slp\n|-activate|p2a: Freddy Fazbear|move: Infestation|[of] p1a: Toxapex\n|\n|-heal|p2a: Freddy Fazbear|100\/100 slp|[from] item: Leftovers\n|-damage|p2a: Freddy Fazbear|88\/100 slp|[from] move: Infestation|[partiallytrapped]\n|upkeep\n|turn|49\n|\n|t:|1698787012\n|switch|p2a: Family Guy|Giratina|75\/100 slp\n|-ability|p2a: Family Guy|Pressure\n|move|p1a: Toxapex|Infestation|p2a: Family Guy\n|-resisted|p2a: Family Guy\n|-damage|p2a: Family Guy|74\/100 slp\n|-activate|p2a: Family Guy|move: Infestation|[of] p1a: Toxapex\n|\n|-heal|p2a: Family Guy|80\/100 slp|[from] item: Leftovers\n|-damage|p2a: Family Guy|68\/100 slp|[from] move: Infestation|[partiallytrapped]\n|upkeep\n|turn|50\n|\n|t:|1698787023\n|switch|p2a: Tony Soprano|Giratina|88\/100 slp\n|-ability|p2a: Tony Soprano|Pressure\n|move|p1a: Toxapex|Infestation|p2a: Tony Soprano\n|-resisted|p2a: Tony Soprano\n|-damage|p2a: Tony Soprano|87\/100 slp\n|-activate|p2a: Tony Soprano|move: Infestation|[of] p1a: Toxapex\n|\n|-heal|p2a: Tony Soprano|94\/100 slp|[from] item: Leftovers\n|-damage|p2a: Tony Soprano|81\/100 slp|[from] move: Infestation|[partiallytrapped]\n|upkeep\n|turn|51\n|\n|t:|1698787033\n|switch|p2a: Quick Gal|Forretress, F|84\/100\n|move|p1a: Toxapex|Infestation|p2a: Quick Gal\n|-resisted|p2a: Quick Gal\n|-damage|p2a: Quick Gal|82\/100\n|-activate|p2a: Quick Gal|move: Infestation|[of] p1a: Toxapex\n|\n|-damage|p2a: Quick Gal|69\/100|[from] move: Infestation|[partiallytrapped]\n|upkeep\n|turn|52\n|\n|t:|1698787041\n|move|p2a: Quick Gal|Toxic Spikes|p1a: Toxapex\n|-sidestart|p1: Outdated Puppet|move: Toxic Spikes\n|move|p1a: Toxapex|Infestation|p2a: Quick Gal\n|-resisted|p2a: Quick Gal\n|-crit|p2a: Quick Gal\n|-damage|p2a: Quick Gal|66\/100\n|\n|-damage|p2a: Quick Gal|53\/100|[from] move: Infestation|[partiallytrapped]\n|upkeep\n|turn|53\n|\n|t:|1698787057\n|move|p2a: Quick Gal|Rapid Spin|p1a: Toxapex\n|-damage|p1a: Toxapex|95\/100\n|-boost|p2a: Quick Gal|spe|1\n|-damage|p2a: Quick Gal|37\/100|[from] item: Rocky Helmet|[of] p1a: Toxapex\n|-end|p2a: Quick Gal|Infestation|[partiallytrapped]\n|move|p1a: Toxapex|Haze|p1a: Toxapex\n|-clearallboost\n|\n|upkeep\n|turn|54\n|\n|t:|1698787065\n|switch|p2a: Freddy Fazbear|Giratina, shiny|88\/100 slp\n|-ability|p2a: Freddy Fazbear|Pressure\n|move|p1a: Toxapex|Infestation|p2a: Freddy Fazbear\n|-resisted|p2a: Freddy Fazbear\n|-damage|p2a: Freddy Fazbear|87\/100 slp\n|-activate|p2a: Freddy Fazbear|move: Infestation|[of] p1a: Toxapex\n|\n|-heal|p2a: Freddy Fazbear|93\/100 slp|[from] item: Leftovers\n|-damage|p2a: Freddy Fazbear|81\/100 slp|[from] move: Infestation|[partiallytrapped]\n|upkeep\n|turn|55\n|\n|t:|1698787076\n|switch|p2a: Family Guy|Giratina|68\/100 slp\n|-ability|p2a: Family Guy|Pressure\n|move|p1a: Toxapex|Infestation|p2a: Family Guy\n|-resisted|p2a: Family Guy\n|-damage|p2a: Family Guy|67\/100 slp\n|-activate|p2a: Family Guy|move: Infestation|[of] p1a: Toxapex\n|\n|-heal|p2a: Family Guy|74\/100 slp|[from] item: Leftovers\n|-damage|p2a: Family Guy|61\/100 slp|[from] move: Infestation|[partiallytrapped]\n|upkeep\n|turn|56\n|\n|t:|1698787090\n|switch|p2a: Big Chungus|Giratina, tera:Ghost|94\/100\n|-ability|p2a: Big Chungus|Pressure\n|move|p1a: Toxapex|Haze|p1a: Toxapex\n|-clearallboost\n|\n|-heal|p2a: Big Chungus|99\/100|[from] item: Leftovers\n|upkeep\n|turn|57\n|c|\u2606Outdated Puppet|you gonna end this at some point?\n|\n|t:|1698787101\n|move|p2a: Big Chungus|Protect|p2a: Big Chungus\n|-singleturn|p2a: Big Chungus|Protect\n|move|p1a: Toxapex|Haze|p1a: Toxapex\n|-clearallboost\n|\n|-heal|p2a: Big Chungus|100\/100|[from] item: Leftovers\n|upkeep\n|turn|58\n|\n|t:|1698787108\n|move|p1a: Toxapex|Haze|p1a: Toxapex\n|-clearallboost\n|move|p2a: Big Chungus|Roar|p1a: Toxapex\n|drag|p1a: Milotic|Milotic, M|69\/100\n|-damage|p1a: Milotic|44\/100|[from] Spikes\n|-damage|p1a: Milotic|31\/100|[from] Stealth Rock\n|-status|p1a: Milotic|psn\n|\n|-damage|p1a: Milotic|19\/100 psn|[from] psn\n|upkeep\n|turn|59\n|\n|t:|1698787119\n|move|p1a: Milotic|Recover|p1a: Milotic\n|-heal|p1a: Milotic|69\/100 psn\n|move|p2a: Big Chungus|Roar|p1a: Milotic\n|drag|p1a: Toxapex|Toxapex, F, shiny|100\/100\n|-damage|p1a: Toxapex|75\/100|[from] Spikes\n|-damage|p1a: Toxapex|63\/100|[from] Stealth Rock\n|-sideend|p1: Outdated Puppet|move: Toxic Spikes|[of] p1a: Toxapex\n|\n|upkeep\n|turn|60\n|\n|t:|1698787128\n|move|p1a: Toxapex|Infestation|p2a: Big Chungus\n|-resisted|p2a: Big Chungus\n|-damage|p2a: Big Chungus|99\/100\n|-activate|p2a: Big Chungus|move: Infestation|[of] p1a: Toxapex\n|move|p2a: Big Chungus|Roar|p1a: Toxapex\n|drag|p1a: Milotic|Milotic, M|69\/100 psn\n|-damage|p1a: Milotic|44\/100 psn|[from] Spikes\n|-damage|p1a: Milotic|31\/100 psn|[from] Stealth Rock\n|\n|-heal|p2a: Big Chungus|100\/100|[from] item: Leftovers\n|-damage|p1a: Milotic|19\/100 psn|[from] psn\n|-end|p2a: Big Chungus|Infestation|[partiallytrapped]|[silent]\n|upkeep\n|turn|61\n|\n|t:|1698787140\n|move|p1a: Milotic|Hypnosis|p2a: Big Chungus|[miss]\n|-miss|p1a: Milotic|p2a: Big Chungus\n|move|p2a: Big Chungus|Roar|p1a: Milotic\n|drag|p1a: Toxapex|Toxapex, F, shiny|96\/100\n|-damage|p1a: Toxapex|71\/100|[from] Spikes\n|-damage|p1a: Toxapex|59\/100|[from] Stealth Rock\n|\n|upkeep\n|turn|62\n|c|\u2606gengar--crackers|miss\n|\n|t:|1698787148\n|switch|p1a: Milotic|Milotic, M|19\/100 psn\n|-damage|p1a: Milotic|0 fnt|[from] Spikes\n|faint|p1a: Milotic\n|move|p2a: Big Chungus|Dragon Tail|p1: Milotic|[notarget]\n|-fail|p2a: Big Chungus\n|\n|upkeep\n|\n|t:|1698787150\n|switch|p1a: Toxapex|Toxapex, F, shiny|92\/100\n|-damage|p1a: Toxapex|67\/100|[from] Spikes\n|-damage|p1a: Toxapex|54\/100|[from] Stealth Rock\n|turn|63\n|\n|t:|1698787159\n|switch|p2a: Family Guy|Giratina|61\/100 slp\n|-ability|p2a: Family Guy|Pressure\n|move|p1a: Toxapex|Recover|p1a: Toxapex\n|-heal|p1a: Toxapex|100\/100\n|\n|-heal|p2a: Family Guy|67\/100 slp|[from] item: Leftovers\n|upkeep\n|turn|64\n|\n|t:|1698787168\n|-curestatus|p2a: Family Guy|slp|[msg]\n|move|p2a: Family Guy|Protect|p2a: Family Guy\n|-singleturn|p2a: Family Guy|Protect\n|move|p1a: Toxapex|Infestation|p2a: Family Guy\n|-activate|p2a: Family Guy|move: Protect\n|\n|-heal|p2a: Family Guy|73\/100|[from] item: Leftovers\n|upkeep\n|turn|65\n|\n|t:|1698787185\n|move|p2a: Family Guy|Protect|p2a: Family Guy\n|-singleturn|p2a: Family Guy|Protect\n|move|p1a: Toxapex|Infestation|p2a: Family Guy\n|-activate|p2a: Family Guy|move: Protect\n|\n|-heal|p2a: Family Guy|79\/100|[from] item: Leftovers\n|upkeep\n|turn|66\n|\n|t:|1698787192\n|switch|p2a: Freddy Fazbear|Giratina, shiny|81\/100 slp\n|-ability|p2a: Freddy Fazbear|Pressure\n|move|p1a: Toxapex|Haze|p1a: Toxapex\n|-clearallboost\n|\n|-heal|p2a: Freddy Fazbear|87\/100 slp|[from] item: Leftovers\n|upkeep\n|turn|67\n|\n|t:|1698787203\n|cant|p2a: Freddy Fazbear|slp\n|move|p1a: Toxapex|Haze|p1a: Toxapex\n|-clearallboost\n|\n|-heal|p2a: Freddy Fazbear|93\/100 slp|[from] item: Leftovers\n|upkeep\n|turn|68\n|\n|t:|1698787210\n|cant|p2a: Freddy Fazbear|slp\n|move|p1a: Toxapex|Haze|p1a: Toxapex\n|-clearallboost\n|\n|-heal|p2a: Freddy Fazbear|99\/100 slp|[from] item: Leftovers\n|upkeep\n|turn|69\n|\n|t:|1698787216\n|-curestatus|p2a: Freddy Fazbear|slp|[msg]\n|move|p2a: Freddy Fazbear|Shadow Sneak|p1a: Toxapex\n|-damage|p1a: Toxapex|90\/100\n|-damage|p2a: Freddy Fazbear|83\/100|[from] item: Rocky Helmet|[of] p1a: Toxapex\n|move|p1a: Toxapex|Haze|p1a: Toxapex\n|-clearallboost\n|\n|-heal|p2a: Freddy Fazbear|89\/100|[from] item: Leftovers\n|upkeep\n|turn|70\n|\n|t:|1698787231\n|switch|p2a: Quick Gal|Forretress, F|37\/100\n|move|p1a: Toxapex|Haze|p1a: Toxapex\n|-clearallboost\n|\n|upkeep\n|turn|71\n|\n|t:|1698787238\n|move|p2a: Quick Gal|Toxic Spikes|p1a: Toxapex\n|-sidestart|p1: Outdated Puppet|move: Toxic Spikes\n|move|p1a: Toxapex|Haze|p1a: Toxapex\n|-clearallboost\n|\n|upkeep\n|turn|72\n|\n|t:|1698787264\n|move|p2a: Quick Gal|Toxic Spikes|p1a: Toxapex\n|-sidestart|p1: Outdated Puppet|move: Toxic Spikes\n|move|p1a: Toxapex|Haze|p1a: Toxapex\n|-clearallboost\n|\n|upkeep\n|turn|73\n|\n|t:|1698787271\n|switch|p2a: Big Chungus|Giratina, tera:Ghost|100\/100\n|-ability|p2a: Big Chungus|Pressure\n|move|p1a: Toxapex|Haze|p1a: Toxapex\n|-clearallboost\n|\n|upkeep\n|turn|74\n|c|\u2606Outdated Puppet|you really stalling this on purpose?\n|\n|t:|1698787280\n|switch|p2a: Tony Soprano|Giratina|81\/100 slp\n|-ability|p2a: Tony Soprano|Pressure\n|move|p1a: Toxapex|Haze|p1a: Toxapex\n|-clearallboost\n|\n|-heal|p2a: Tony Soprano|87\/100 slp|[from] item: Leftovers\n|upkeep\n|turn|75\n|\n|t:|1698787291\n|switch|p2a: Big Chungus|Giratina, tera:Ghost|100\/100\n|-ability|p2a: Big Chungus|Pressure\n|move|p1a: Toxapex|Haze|p1a: Toxapex\n|-clearallboost\n|\n|upkeep\n|turn|76\n|inactive|Outdated Puppet has 120 seconds left.\n|inactive|Outdated Puppet has 90 seconds left.\n|\n|t:|1698787355\n|switch|p2a: Family Guy|Giratina|79\/100\n|-ability|p2a: Family Guy|Pressure\n|move|p1a: Toxapex|Haze|p1a: Toxapex\n|-clearallboost\n|\n|-heal|p2a: Family Guy|86\/100|[from] item: Leftovers\n|upkeep\n|turn|77\n|\n|t:|1698787366\n|switch|p2a: Freddy Fazbear|Giratina, shiny|89\/100\n|-ability|p2a: Freddy Fazbear|Pressure\n|move|p1a: Toxapex|Haze|p1a: Toxapex\n|-clearallboost\n|\n|-heal|p2a: Freddy Fazbear|95\/100|[from] item: Leftovers\n|upkeep\n|turn|78\n|\n|t:|1698787374\n|switch|p2a: Big Chungus|Giratina, tera:Ghost|100\/100\n|-ability|p2a: Big Chungus|Pressure\n|move|p1a: Toxapex|Haze|p1a: Toxapex\n|-clearallboost\n|\n|upkeep\n|turn|79\n|\n|t:|1698787382\n|switch|p2a: Tony Soprano|Giratina|87\/100 slp\n|-ability|p2a: Tony Soprano|Pressure\n|move|p1a: Toxapex|Haze|p1a: Toxapex\n|-clearallboost\n|\n|-heal|p2a: Tony Soprano|93\/100 slp|[from] item: Leftovers\n|upkeep\n|turn|80\n|inactive|Outdated Puppet has 120 seconds left.\n|-message|Outdated Puppet forfeited.\n|\n|win|gengar--crackers\n|raw|Outdated Puppet's rating: 1483 &rarr; <strong>1466<\/strong><br \/>(-17 for losing)\n|raw|gengar--crackers's rating: 1528 &rarr; <strong>1545<\/strong><br \/>(+17 for winning)\n|l|\u2606Outdated Puppet\n","uploadtime":1698787353,"views":4,"p1id":"outdatedpuppet","p2id":"gengarcrackers","formatid":"gen9anythinggoes","rating":1466,"private":0,"password":""}