{"id":"gen9anythinggoes-1993098782","p1":"toloveocean","p2":"Josharius","format":"[Gen 9] Anything Goes","log":"|j|\u2606toloveocean\n|j|\u2606Josharius\n|t:|1700264591\n|gametype|singles\n|player|p1|toloveocean|169|\n|player|p2|Josharius|ethan|\n|teamsize|p1|6\n|teamsize|p2|6\n|gen|9\n|tier|[Gen 9] Anything Goes\n|rule|HP Percentage Mod: HP is shown in percentages\n|rule|Endless Battle Clause: Forcing endless battles is banned\n|clearpoke\n|poke|p1|Armarouge, M|\n|poke|p1|Meowscarada, M|\n|poke|p1|Zapdos-Galar|\n|poke|p1|Magnezone|\n|poke|p1|Ninetales, F|\n|poke|p1|Walking Wake|\n|poke|p2|Lilligant-Hisui, F|\n|poke|p2|Torkoal, F|\n|poke|p2|Sandy Shocks|\n|poke|p2|Thundurus, M|\n|poke|p2|Glimmora, F|\n|poke|p2|Vigoroth, F|\n|teampreview\n|\n|t:|1700264605\n|start\n|switch|p1a: Zapdos|Zapdos-Galar|100\/100\n|switch|p2a: Warmtoise|Torkoal, F|100\/100\n|-weather|SunnyDay|[from] ability: Drought|[of] p2a: Warmtoise\n|turn|1\n|j| caligulahar\n|\n|t:|1700264634\n|switch|p2a: Abov The Clau|Thundurus, M|100\/100\n|move|p1a: Zapdos|Stomping Tantrum|p2a: Abov The Clau\n|-immune|p2a: Abov The Clau\n|\n|-weather|SunnyDay|[upkeep]\n|upkeep\n|turn|2\n|\n|t:|1700264651\n|switch|p1a: Magnezone|Magnezone|100\/100\n|move|p2a: Abov The Clau|Wildbolt Storm|p1a: Magnezone\n|-resisted|p1a: Magnezone\n|-damage|p1a: Magnezone|74\/100\n|\n|-weather|SunnyDay|[upkeep]\n|upkeep\n|turn|3\n|\n|t:|1700264683\n|switch|p2a: Demoise|Glimmora, F|100\/100\n|move|p1a: Magnezone|Flash Cannon|p2a: Demoise\n|-supereffective|p2a: Demoise\n|-damage|p2a: Demoise|0 fnt\n|faint|p2a: Demoise\n|\n|-weather|SunnyDay|[upkeep]\n|upkeep\n|\n|t:|1700264695\n|switch|p2a: Tristrikes|Sandy Shocks|100\/100\n|-activate|p2a: Tristrikes|ability: Protosynthesis\n|-start|p2a: Tristrikes|protosynthesisspe\n|turn|4\n|\n|t:|1700264733\n|switch|p1a: Zapdos|Zapdos-Galar|100\/100\n|move|p2a: Tristrikes|Power Gem|p1a: Zapdos\n|-damage|p1a: Zapdos|65\/100\n|-damage|p2a: Tristrikes|91\/100|[from] item: Life Orb\n|\n|-weather|SunnyDay|[upkeep]\n|upkeep\n|turn|5\n|\n|t:|1700264749\n|move|p2a: Tristrikes|Thunder Wave|p1a: Zapdos\n|-status|p1a: Zapdos|par\n|cant|p1a: Zapdos|par\n|\n|-weather|none\n|-end|p2a: Tristrikes|Protosynthesis\n|upkeep\n|turn|6\n|\n|t:|1700264789\n|switch|p1a: Armarouge|Armarouge, M|100\/100\n|move|p2a: Tristrikes|Thunderbolt|p1a: Armarouge\n|-crit|p1a: Armarouge\n|-damage|p1a: Armarouge|13\/100\n|-status|p1a: Armarouge|par\n|-enditem|p1a: Armarouge|Iapapa Berry|[eat]\n|-heal|p1a: Armarouge|46\/100 par|[from] item: Iapapa Berry\n|-damage|p2a: Tristrikes|81\/100|[from] item: Life Orb\n|\n|upkeep\n|turn|7\n|\n|t:|1700264815\n|move|p2a: Tristrikes|Earth Power|p1a: Armarouge\n|-supereffective|p1a: Armarouge\n|-damage|p1a: Armarouge|0 fnt\n|faint|p1a: Armarouge\n|-damage|p2a: Tristrikes|71\/100|[from] item: Life Orb\n|\n|upkeep\n|\n|t:|1700264822\n|switch|p1a: Meowscarada|Meowscarada, M, shiny|100\/100\n|turn|8\n|\n|t:|1700264850\n|-end|p2a: Tristrikes|Protosynthesis|[silent]\n|switch|p2a: Warmtoise|Torkoal, F|100\/100\n|-weather|SunnyDay|[from] ability: Drought|[of] p2a: Warmtoise\n|move|p1a: Meowscarada|Flower Trick|p2a: Warmtoise\n|-start|p1a: Meowscarada|typechange|Grass|[from] ability: Protean\n|-resisted|p2a: Warmtoise\n|-crit|p2a: Warmtoise\n|-damage|p2a: Warmtoise|80\/100\n|\n|-weather|SunnyDay|[upkeep]\n|-heal|p2a: Warmtoise|87\/100|[from] item: Leftovers\n|upkeep\n|turn|9\n|\n|t:|1700264877\n|switch|p1a: Walking Wake|Walking Wake|100\/100\n|-activate|p1a: Walking Wake|ability: Protosynthesis\n|-start|p1a: Walking Wake|protosynthesisspe\n|move|p2a: Warmtoise|Body Press|p1a: Walking Wake\n|-damage|p1a: Walking Wake|65\/100\n|\n|-weather|SunnyDay|[upkeep]\n|-heal|p2a: Warmtoise|93\/100|[from] item: Leftovers\n|upkeep\n|turn|10\n|\n|t:|1700264902\n|switch|p2a: Abov The Clau|Thundurus, M|100\/100\n|move|p1a: Walking Wake|Dragon Dance|p1a: Walking Wake\n|-boost|p1a: Walking Wake|atk|1\n|-boost|p1a: Walking Wake|spe|1\n|\n|-weather|SunnyDay|[upkeep]\n|upkeep\n|turn|11\n|\n|t:|1700264930\n|move|p1a: Walking Wake|Liquidation|p2a: Abov The Clau\n|-damage|p2a: Abov The Clau|48\/100\n|-damage|p1a: Walking Wake|55\/100|[from] item: Life Orb\n|move|p2a: Abov The Clau|Volt Switch|p1a: Walking Wake\n|-damage|p1a: Walking Wake|11\/100\n|\n|t:|1700264940\n|switch|p2a: Gorerilla|Vigoroth, F, shiny|100\/100|[from] Volt Switch\n|\n|-weather|SunnyDay|[upkeep]\n|upkeep\n|turn|12\n|\n|t:|1700264973\n|move|p1a: Walking Wake|Liquidation|p2a: Gorerilla\n|-damage|p2a: Gorerilla|73\/100\n|-damage|p1a: Walking Wake|1\/100|[from] item: Life Orb\n|move|p2a: Gorerilla|Yawn|p1a: Walking Wake\n|-start|p1a: Walking Wake|move: Yawn|[of] p2a: Gorerilla\n|\n|-weather|none\n|-end|p1a: Walking Wake|Protosynthesis\n|upkeep\n|turn|13\n|\n|t:|1700264981\n|move|p1a: Walking Wake|Dragon Claw|p2a: Gorerilla\n|-damage|p2a: Gorerilla|20\/100\n|-damage|p1a: Walking Wake|0 fnt|[from] item: Life Orb\n|faint|p1a: Walking Wake\n|-end|p1a: Walking Wake|Protosynthesis|[silent]\n|move|p2a: Gorerilla|Knock Off|p1: Walking Wake|[notarget]\n|-fail|p2a: Gorerilla\n|\n|upkeep\n|\n|t:|1700265002\n|switch|p1a: Meowscarada|Meowscarada, M, shiny|100\/100\n|turn|14\n|\n|t:|1700265031\n|switch|p2a: Warmtoise|Torkoal, F|93\/100\n|-weather|SunnyDay|[from] ability: Drought|[of] p2a: Warmtoise\n|move|p1a: Meowscarada|Play Rough|p2a: Warmtoise\n|-start|p1a: Meowscarada|typechange|Fairy|[from] ability: Protean\n|-resisted|p2a: Warmtoise\n|-damage|p2a: Warmtoise|75\/100\n|\n|-weather|SunnyDay|[upkeep]\n|-heal|p2a: Warmtoise|81\/100|[from] item: Leftovers\n|upkeep\n|turn|15\n|\n|t:|1700265055\n|switch|p1a: Ninetales|Ninetales, F|100\/100\n|move|p2a: Warmtoise|Overheat|p1a: Ninetales\n|-resisted|p1a: Ninetales\n|-damage|p1a: Ninetales|63\/100\n|-unboost|p2a: Warmtoise|spa|2\n|\n|-weather|SunnyDay|[upkeep]\n|-heal|p2a: Warmtoise|87\/100|[from] item: Leftovers\n|upkeep\n|turn|16\n|\n|t:|1700265101\n|switch|p2a: Tristrikes|Sandy Shocks|71\/100\n|-activate|p2a: Tristrikes|ability: Protosynthesis\n|-start|p2a: Tristrikes|protosynthesisspe\n|move|p1a: Ninetales|Flamethrower|p2a: Tristrikes\n|-damage|p2a: Tristrikes|12\/100\n|\n|-weather|SunnyDay|[upkeep]\n|upkeep\n|turn|17\n|\n|t:|1700265121\n|move|p2a: Tristrikes|Earth Power|p1a: Ninetales\n|-supereffective|p1a: Ninetales\n|-damage|p1a: Ninetales|0 fnt\n|faint|p1a: Ninetales\n|-damage|p2a: Tristrikes|2\/100|[from] item: Life Orb\n|\n|-weather|SunnyDay|[upkeep]\n|upkeep\n|\n|t:|1700265127\n|switch|p1a: Zapdos|Zapdos-Galar|65\/100 par\n|turn|18\n|\n|t:|1700265143\n|move|p2a: Tristrikes|Thunderbolt|p1a: Zapdos\n|-supereffective|p1a: Zapdos\n|-damage|p1a: Zapdos|0 fnt\n|faint|p1a: Zapdos\n|-damage|p2a: Tristrikes|0 fnt|[from] item: Life Orb\n|faint|p2a: Tristrikes\n|-end|p2a: Tristrikes|Protosynthesis|[silent]\n|\n|-weather|none\n|upkeep\n|\n|t:|1700265161\n|switch|p2a: Warmtoise|Torkoal, F|87\/100\n|switch|p1a: Magnezone|Magnezone|74\/100\n|-weather|SunnyDay|[from] ability: Drought|[of] p2a: Warmtoise\n|turn|19\n|\n|t:|1700265172\n|move|p1a: Magnezone|Thunderbolt|p2a: Warmtoise\n|-damage|p2a: Warmtoise|23\/100\n|-status|p2a: Warmtoise|par\n|move|p2a: Warmtoise|Overheat|p1a: Magnezone|[miss]\n|-miss|p2a: Warmtoise|p1a: Magnezone\n|\n|-weather|SunnyDay|[upkeep]\n|-heal|p2a: Warmtoise|29\/100 par|[from] item: Leftovers\n|upkeep\n|turn|20\n|\n|t:|1700265191\n|switch|p2a: Thornella|Lilligant-Hisui, F|100\/100\n|move|p1a: Magnezone|Thunderbolt|p2a: Thornella\n|-resisted|p2a: Thornella\n|-damage|p2a: Thornella|53\/100\n|\n|-weather|SunnyDay|[upkeep]\n|upkeep\n|turn|21\n|\n|t:|1700265218\n|move|p2a: Thornella|Close Combat|p1a: Magnezone\n|-supereffective|p1a: Magnezone\n|-crit|p1a: Magnezone\n|-damage|p1a: Magnezone|0 fnt\n|-unboost|p2a: Thornella|def|1\n|-unboost|p2a: Thornella|spd|1\n|faint|p1a: Magnezone\n|\n|-weather|SunnyDay|[upkeep]\n|upkeep\n|\n|t:|1700265229\n|switch|p1a: Meowscarada|Meowscarada, M, shiny|100\/100\n|turn|22\n|\n|t:|1700265237\n|move|p2a: Thornella|Close Combat|p1a: Meowscarada\n|-supereffective|p1a: Meowscarada\n|-damage|p1a: Meowscarada|0 fnt\n|-unboost|p2a: Thornella|def|1\n|-unboost|p2a: Thornella|spd|1\n|faint|p1a: Meowscarada\n|\n|win|Josharius\n","uploadtime":1700265246,"views":6,"p1id":"toloveocean","p2id":"josharius","formatid":"gen9anythinggoes","rating":0,"private":0,"password":""}