{"id":"gen9anythinggoes-1993023842","p1":"YoungEsq","p2":"Cosmic0verlord","format":"[Gen 9] Anything Goes","log":"|j|\u2606YoungEsq\n|j|\u2606Cosmic0verlord\n|t:|1700256516\n|gametype|singles\n|player|p1|YoungEsq|101|1345\n|player|p2|Cosmic0verlord|hiker-gen4|1254\n|teamsize|p1|6\n|teamsize|p2|6\n|gen|9\n|tier|[Gen 9] Anything Goes\n|rated|\n|rule|HP Percentage Mod: HP is shown in percentages\n|rule|Endless Battle Clause: Forcing endless battles is banned\n|clearpoke\n|poke|p1|Ting-Lu|\n|poke|p1|Gholdengo|\n|poke|p1|Roaring Moon|\n|poke|p1|Chi-Yu|\n|poke|p1|Samurott-Hisui, M|\n|poke|p1|Mandibuzz, F|\n|poke|p2|Ditto|\n|poke|p2|Ditto|\n|poke|p2|Ditto|\n|poke|p2|Ditto|\n|poke|p2|Ditto|\n|poke|p2|Ditto|\n|teampreview\n|inactive|Battle timer is ON: inactive players will automatically lose when time's up. (requested by YoungEsq)\n|\n|t:|1700256529\n|start\n|switch|p1a: Ting-Lu|Ting-Lu|100\/100\n|switch|p2a: Ditto|Ditto|100\/100\n|-transform|p2a: Ditto|p1a: Ting-Lu|[from] ability: Imposter\n|-ability|p2a: Ditto|Vessel of Ruin\n|-ability|p1a: Ting-Lu|Vessel of Ruin\n|turn|1\n|\n|t:|1700256544\n|move|p1a: Ting-Lu|Stealth Rock|p2a: Ditto\n|-sidestart|p2: Cosmic0verlord|move: Stealth Rock\n|move|p2a: Ditto|Whirlwind|p1a: Ting-Lu\n|drag|p1a: Roaring Moon|Roaring Moon|100\/100\n|-enditem|p1a: Roaring Moon|Booster Energy\n|-activate|p1a: Roaring Moon|ability: Protosynthesis|[fromitem]\n|-start|p1a: Roaring Moon|protosynthesisatk\n|\n|upkeep\n|turn|2\n|\n|t:|1700256560\n|-terastallize|p1a: Roaring Moon|Flying\n|move|p1a: Roaring Moon|Dragon Claw|p2a: Ditto\n|-damage|p2a: Ditto|47\/100\n|move|p2a: Ditto|Stealth Rock|p1a: Roaring Moon\n|-sidestart|p1: YoungEsq|move: Stealth Rock\n|\n|upkeep\n|turn|3\n|\n|t:|1700256580\n|move|p1a: Roaring Moon|Dragon Claw|p2a: Ditto\n|-damage|p2a: Ditto|0 fnt\n|faint|p2a: Ditto\n|\n|upkeep\n|\n|t:|1700256589\n|switch|p2a: Ditto|Ditto|100\/100\n|-damage|p2a: Ditto|88\/100|[from] Stealth Rock\n|-transform|p2a: Ditto|p1a: Roaring Moon|[from] ability: Imposter\n|-start|p2a: Ditto|typechange|Dragon\/Dark|[silent]\n|turn|4\n|\n|t:|1700256599\n|-terastallize|p2a: Ditto|Fairy\n|move|p1a: Roaring Moon|Dragon Claw|p2a: Ditto\n|-immune|p2a: Ditto\n|move|p2a: Ditto|Dragon Dance|p2a: Ditto\n|-boost|p2a: Ditto|atk|1\n|-boost|p2a: Ditto|spe|1\n|\n|upkeep\n|turn|5\n|\n|t:|1700256606\n|-end|p1a: Roaring Moon|Protosynthesis|[silent]\n|switch|p1a: Ting-Lu|Ting-Lu|100\/100\n|-damage|p1a: Ting-Lu|94\/100|[from] Stealth Rock\n|-ability|p1a: Ting-Lu|Vessel of Ruin\n|move|p2a: Ditto|Iron Head|p1a: Ting-Lu\n|-damage|p1a: Ting-Lu|71\/100\n|\n|-heal|p1a: Ting-Lu|77\/100|[from] item: Leftovers\n|upkeep\n|turn|6\n|\n|t:|1700256615\n|move|p2a: Ditto|Acrobatics|p1a: Ting-Lu\n|-damage|p1a: Ting-Lu|61\/100\n|move|p1a: Ting-Lu|Whirlwind|p2a: Ditto\n|-end|p2a: Ditto|Protosynthesis|[silent]\n|drag|p2a: Ditto|Ditto|100\/100\n|-damage|p2a: Ditto|88\/100|[from] Stealth Rock\n|-transform|p2a: Ditto|p1a: Ting-Lu|[from] ability: Imposter\n|-ability|p2a: Ditto|Vessel of Ruin\n|\n|-heal|p1a: Ting-Lu|68\/100|[from] item: Leftovers\n|upkeep\n|turn|7\n|\n|t:|1700256627\n|move|p2a: Ditto|Earthquake|p1a: Ting-Lu\n|-damage|p1a: Ting-Lu|47\/100\n|move|p1a: Ting-Lu|Whirlwind|p2a: Ditto\n|drag|p2a: Ditto|Ditto|100\/100\n|-damage|p2a: Ditto|88\/100|[from] Stealth Rock\n|-transform|p2a: Ditto|p1a: Ting-Lu|[from] ability: Imposter\n|-ability|p2a: Ditto|Vessel of Ruin\n|\n|-heal|p1a: Ting-Lu|53\/100|[from] item: Leftovers\n|upkeep\n|turn|8\n|\n|t:|1700256638\n|switch|p1a: Mandibuzz|Mandibuzz, F|100\/100\n|move|p2a: Ditto|Earthquake|p1a: Mandibuzz\n|-immune|p1a: Mandibuzz\n|\n|upkeep\n|turn|9\n|\n|t:|1700256649\n|switch|p2a: Ditto|Ditto|88\/100\n|-damage|p2a: Ditto|76\/100|[from] Stealth Rock\n|-transform|p2a: Ditto|p1a: Mandibuzz|[from] ability: Imposter\n|move|p1a: Mandibuzz|Toxic|p2a: Ditto\n|-status|p2a: Ditto|tox\n|\n|-damage|p2a: Ditto|70\/100 tox|[from] psn\n|upkeep\n|turn|10\n|\n|t:|1700256661\n|switch|p1a: Gholdengo|Gholdengo|100\/100\n|-damage|p1a: Gholdengo|94\/100|[from] Stealth Rock\n|-item|p1a: Gholdengo|Air Balloon\n|move|p2a: Ditto|Defog|p1a: Gholdengo\n|-immune|p1a: Gholdengo|[from] ability: Good as Gold\n|\n|-damage|p2a: Ditto|58\/100 tox|[from] psn\n|upkeep\n|turn|11\n|\n|t:|1700256673\n|move|p1a: Gholdengo|Make It Rain|p2a: Ditto\n|-damage|p2a: Ditto|3\/100 tox\n|-unboost|p1a: Gholdengo|spa|1\n|move|p2a: Ditto|Foul Play|p1a: Gholdengo\n|-supereffective|p1a: Gholdengo\n|-damage|p1a: Gholdengo|51\/100\n|-enditem|p1a: Gholdengo|Air Balloon\n|\n|-damage|p2a: Ditto|0 fnt|[from] psn\n|faint|p2a: Ditto\n|upkeep\n|\n|t:|1700256687\n|switch|p2a: Ditto|Ditto|100\/100\n|-damage|p2a: Ditto|88\/100|[from] Stealth Rock\n|-transform|p2a: Ditto|p1a: Gholdengo|[from] ability: Imposter\n|turn|12\n|\n|t:|1700256699\n|switch|p1a: Mandibuzz|Mandibuzz, F|100\/100\n|move|p2a: Ditto|Shadow Ball|p1a: Mandibuzz\n|-resisted|p1a: Mandibuzz\n|-damage|p1a: Mandibuzz|92\/100\n|\n|upkeep\n|turn|13\n|\n|t:|1700256709\n|move|p2a: Ditto|Nasty Plot|p2a: Ditto\n|-boost|p2a: Ditto|spa|2\n|move|p1a: Mandibuzz|Foul Play|p2a: Ditto\n|-supereffective|p2a: Ditto\n|-damage|p2a: Ditto|47\/100\n|\n|upkeep\n|turn|14\n|\n|t:|1700256724\n|move|p2a: Ditto|Recover|p2a: Ditto\n|-heal|p2a: Ditto|97\/100\n|move|p1a: Mandibuzz|Foul Play|p2a: Ditto\n|-supereffective|p2a: Ditto\n|-damage|p2a: Ditto|63\/100\n|\n|upkeep\n|turn|15\n|\n|t:|1700256733\n|switch|p1a: Gholdengo|Gholdengo|51\/100\n|-damage|p1a: Gholdengo|45\/100|[from] Stealth Rock\n|move|p2a: Ditto|Make It Rain|p1a: Gholdengo\n|-resisted|p1a: Gholdengo\n|-damage|p1a: Gholdengo|0 fnt\n|-unboost|p2a: Ditto|spa|1\n|faint|p1a: Gholdengo\n|\n|upkeep\n|\n|t:|1700256745\n|switch|p1a: Chi-Yu|Chi-Yu|100\/100\n|-damage|p1a: Chi-Yu|76\/100|[from] Stealth Rock\n|-ability|p1a: Chi-Yu|Beads of Ruin\n|turn|16\n|\n|t:|1700256754\n|move|p1a: Chi-Yu|Flamethrower|p2a: Ditto\n|-supereffective|p2a: Ditto\n|-damage|p2a: Ditto|0 fnt\n|faint|p2a: Ditto\n|\n|upkeep\n|\n|t:|1700256760\n|switch|p2a: Ditto|Ditto, tera:Fairy|88\/100\n|-damage|p2a: Ditto|76\/100|[from] Stealth Rock\n|-transform|p2a: Ditto|p1a: Chi-Yu|[from] ability: Imposter\n|-ability|p2a: Ditto|Beads of Ruin\n|turn|17\n|\n|t:|1700256771\n|switch|p1a: Mandibuzz|Mandibuzz, F|92\/100\n|move|p2a: Ditto|Dark Pulse|p1a: Mandibuzz\n|-resisted|p1a: Mandibuzz\n|-crit|p1a: Mandibuzz\n|-damage|p1a: Mandibuzz|67\/100\n|\n|upkeep\n|turn|18\n|\n|t:|1700256777\n|move|p2a: Ditto|Psychic|p1a: Mandibuzz\n|-immune|p1a: Mandibuzz\n|move|p1a: Mandibuzz|Defog|p2a: Ditto\n|-unboost|p2a: Ditto|evasion|1\n|-sideend|p2: Cosmic0verlord|Stealth Rock|[from] move: Defog|[of] p1a: Mandibuzz\n|-sideend|p1: YoungEsq|Stealth Rock|[from] move: Defog|[of] p1a: Mandibuzz\n|\n|upkeep\n|turn|19\n|\n|t:|1700256785\n|move|p2a: Ditto|Overheat|p1a: Mandibuzz\n|-damage|p1a: Mandibuzz|14\/100\n|-unboost|p2a: Ditto|spa|2\n|move|p1a: Mandibuzz|Toxic|p2a: Ditto\n|-status|p2a: Ditto|tox\n|\n|-damage|p2a: Ditto|70\/100 tox|[from] psn\n|upkeep\n|turn|20\n|\n|t:|1700256793\n|move|p2a: Ditto|Dark Pulse|p1a: Mandibuzz\n|-resisted|p1a: Mandibuzz\n|-crit|p1a: Mandibuzz\n|-damage|p1a: Mandibuzz|0 fnt\n|faint|p1a: Mandibuzz\n|\n|-damage|p2a: Ditto|58\/100 tox|[from] psn\n|upkeep\n|\n|t:|1700256799\n|switch|p1a: Samurott|Samurott-Hisui, M|100\/100\n|turn|21\n|\n|t:|1700256807\n|move|p2a: Ditto|Dark Pulse|p1a: Samurott\n|-resisted|p1a: Samurott\n|-damage|p1a: Samurott|84\/100\n|move|p1a: Samurott|Ceaseless Edge|p2a: Ditto\n|-resisted|p2a: Ditto\n|-damage|p2a: Ditto|30\/100 tox\n|-sidestart|p2: Cosmic0verlord|Spikes\n|\n|-damage|p2a: Ditto|12\/100 tox|[from] psn\n|upkeep\n|turn|22\n|\n|t:|1700256817\n|move|p1a: Samurott|Aqua Jet|p2a: Ditto\n|-damage|p2a: Ditto|0 fnt\n|faint|p2a: Ditto\n|\n|upkeep\n|\n|t:|1700256822\n|switch|p2a: Ditto|Ditto|88\/100\n|-damage|p2a: Ditto|76\/100|[from] Spikes\n|-transform|p2a: Ditto|p1a: Samurott|[from] ability: Imposter\n|turn|23\n|\n|t:|1700256832\n|switch|p1a: Roaring Moon|Roaring Moon, tera:Flying|100\/100\n|move|p2a: Ditto|Knock Off|p1a: Roaring Moon\n|-damage|p1a: Roaring Moon|66\/100\n|\n|upkeep\n|turn|24\n|\n|t:|1700256843\n|move|p1a: Roaring Moon|Dragon Claw|p2a: Ditto\n|-damage|p2a: Ditto|10\/100\n|move|p2a: Ditto|Razor Shell|p1a: Roaring Moon\n|-damage|p1a: Roaring Moon|0 fnt\n|faint|p1a: Roaring Moon\n|-end|p1a: Roaring Moon|Protosynthesis|[silent]\n|\n|upkeep\n|\n|t:|1700256852\n|switch|p1a: Chi-Yu|Chi-Yu|76\/100\n|-ability|p1a: Chi-Yu|Beads of Ruin\n|turn|25\n|\n|t:|1700256855\n|switch|p1a: Ting-Lu|Ting-Lu|53\/100\n|-ability|p1a: Ting-Lu|Vessel of Ruin\n|move|p2a: Ditto|Aqua Jet|p1a: Ting-Lu\n|-supereffective|p1a: Ting-Lu\n|-damage|p1a: Ting-Lu|30\/100\n|\n|-heal|p1a: Ting-Lu|36\/100|[from] item: Leftovers\n|upkeep\n|turn|26\n|\n|t:|1700256868\n|move|p2a: Ditto|Knock Off|p1a: Ting-Lu\n|-resisted|p1a: Ting-Lu\n|-damage|p1a: Ting-Lu|25\/100\n|-enditem|p1a: Ting-Lu|Leftovers|[from] move: Knock Off|[of] p2a: Ditto\n|move|p1a: Ting-Lu|Earthquake|p2a: Ditto\n|-damage|p2a: Ditto|0 fnt\n|faint|p2a: Ditto\n|\n|upkeep\n|\n|t:|1700256876\n|switch|p2a: Ditto|Ditto|100\/100\n|-damage|p2a: Ditto|88\/100|[from] Spikes\n|-transform|p2a: Ditto|p1a: Ting-Lu|[from] ability: Imposter\n|-ability|p2a: Ditto|Vessel of Ruin\n|turn|27\n|\n|t:|1700256892\n|move|p2a: Ditto|Earthquake|p1a: Ting-Lu\n|-damage|p1a: Ting-Lu|3\/100\n|move|p1a: Ting-Lu|Ruination|p2a: Ditto\n|-damage|p2a: Ditto|44\/100\n|\n|upkeep\n|turn|28\n|\n|t:|1700256899\n|move|p1a: Ting-Lu|Ruination|p2a: Ditto\n|-damage|p2a: Ditto|23\/100\n|move|p2a: Ditto|Whirlwind|p1a: Ting-Lu\n|drag|p1a: Chi-Yu|Chi-Yu|76\/100\n|-ability|p1a: Chi-Yu|Beads of Ruin\n|\n|upkeep\n|turn|29\n|\n|t:|1700256917\n|move|p1a: Chi-Yu|Flamethrower|p2a: Ditto\n|-damage|p2a: Ditto|0 fnt\n|faint|p2a: Ditto\n|\n|win|YoungEsq\n|raw|YoungEsq's rating: 1345 &rarr; <strong>1360<\/strong><br \/>(+15 for winning)\n|raw|Cosmic0verlord's rating: 1254 &rarr; <strong>1235<\/strong><br \/>(-19 for losing)\n","uploadtime":1700256920,"views":4,"p1id":"youngesq","p2id":"cosmic0verlord","formatid":"gen9anythinggoes","rating":1235,"private":0,"password":""}