{"id":"gen9anythinggoes-1985875895","p1":"MEME\/\/BRAIN","p2":"XzSt","format":"[Gen 9] Anything Goes","log":"|j|\u2606MEME\/\/BRAIN\n|j|\u2606XzSt\n|t:|1699416231\n|gametype|singles\n|player|p1|MEME\/\/BRAIN|170|1118\n|player|p2|XzSt|ethan|1000\n|teamsize|p1|6\n|teamsize|p2|6\n|gen|9\n|tier|[Gen 9] Anything Goes\n|rated|\n|rule|HP Percentage Mod: HP is shown in percentages\n|rule|Endless Battle Clause: Forcing endless battles is banned\n|clearpoke\n|poke|p1|Cyclizar, M|\n|poke|p1|Espathra, M|\n|poke|p1|Hatterene, F|\n|poke|p1|Dragapult, F|\n|poke|p1|Medicham, M|\n|poke|p1|Shaymin-Sky|\n|poke|p2|Geodude, F|\n|poke|p2|Voltorb|\n|poke|p2|Koffing, M|\n|poke|p2|Pineco, M|\n|poke|p2|Seedot, M|\n|poke|p2|Kingambit, F|\n|teampreview\n|\n|t:|1699416238\n|start\n|switch|p1a: Cycle|Cyclizar, M, shiny|100\/100\n|switch|p2a: Geodude|Geodude, F|100\/100\n|turn|1\n|\n|t:|1699416251\n|move|p1a: Cycle|Shed Tail|p1a: Cycle\n|-start|p1a: Cycle|Substitute|[from] move: Shed Tail\n|-damage|p1a: Cycle|50\/100\n|\n|t:|1699416261\n|switch|p1a: BirB|Espathra, M|100\/100|[from] Shed Tail\n|move|p2a: Geodude|Brick Break|p1a: BirB\n|-resisted|p1a: BirB\n|-activate|p1a: BirB|move: Substitute|[damage]\n|\n|upkeep\n|turn|2\n|\n|t:|1699416271\n|move|p1a: BirB|Calm Mind|p1a: BirB\n|-boost|p1a: BirB|spa|1\n|-boost|p1a: BirB|spd|1\n|move|p2a: Geodude|Explosion|p1a: BirB\n|-end|p1a: BirB|Substitute\n|faint|p2a: Geodude\n|\n|-ability|p1a: BirB|Speed Boost|boost\n|-boost|p1a: BirB|spe|1\n|upkeep\n|\n|t:|1699416282\n|switch|p2a: Voltorb|Voltorb|100\/100\n|turn|3\n|\n|t:|1699416288\n|move|p1a: BirB|Stored Power|p2a: Voltorb\n|-damage|p2a: Voltorb|0 fnt\n|faint|p2a: Voltorb\n|\n|-ability|p1a: BirB|Speed Boost|boost\n|-boost|p1a: BirB|spe|1\n|upkeep\n|\n|t:|1699416295\n|switch|p2a: Koffing|Koffing, M|100\/100\n|turn|4\n|\n|t:|1699416303\n|move|p1a: BirB|Stored Power|p2a: Koffing\n|-supereffective|p2a: Koffing\n|-crit|p2a: Koffing\n|-damage|p2a: Koffing|0 fnt\n|faint|p2a: Koffing\n|\n|-ability|p1a: BirB|Speed Boost|boost\n|-boost|p1a: BirB|spe|1\n|upkeep\n|\n|t:|1699416310\n|switch|p2a: Pineco|Pineco, M|100\/100\n|turn|5\n|\n|t:|1699416318\n|-terastallize|p1a: BirB|Dark\n|move|p1a: BirB|Stored Power|p2a: Pineco\n|-ability|p2a: Pineco|Sturdy\n|-damage|p2a: Pineco|1\/100\n|move|p2a: Pineco|Explosion|p1a: BirB\n|-damage|p1a: BirB|48\/100\n|faint|p2a: Pineco\n|\n|-ability|p1a: BirB|Speed Boost|boost\n|-boost|p1a: BirB|spe|1\n|upkeep\n|\n|t:|1699416328\n|switch|p2a: Seedot|Seedot, M|100\/100\n|turn|6\n|\n|t:|1699416340\n|move|p1a: BirB|Stored Power|p2a: Seedot\n|-damage|p2a: Seedot|0 fnt\n|faint|p2a: Seedot\n|\n|-ability|p1a: BirB|Speed Boost|boost\n|-boost|p1a: BirB|spe|1\n|upkeep\n|\n|t:|1699416346\n|switch|p2a: Kingambit|Kingambit, F|100\/100\n|-activate|p2a: Kingambit|ability: Supreme Overlord\n|-start|p2a: Kingambit|fallen5|[silent]\n|turn|7\n|\n|t:|1699416357\n|move|p1a: BirB|Baton Pass|p1a: BirB\n|\n|t:|1699416359\n|switch|p1a: Medium|Medicham, M|100\/100|[from] Baton Pass\n|move|p2a: Kingambit|Brick Break|p1a: Medium\n|-resisted|p1a: Medium\n|-damage|p1a: Medium|63\/100\n|\n|upkeep\n|turn|8\n|\n|t:|1699416368\n|move|p1a: Medium|Aura Sphere|p2a: Kingambit\n|-supereffective|p2a: Kingambit\n|-damage|p2a: Kingambit|0 fnt\n|faint|p2a: Kingambit\n|-end|p2a: Kingambit|fallen5|[silent]\n|\n|win|MEME\/\/BRAIN\n|raw|MEME&#x2f;&#x2f;BRAIN's rating: 1118 &rarr; <strong>1135<\/strong><br \/>(+17 for winning)\n|raw|XzSt's rating: 1000 &rarr; <strong>1000<\/strong><br \/>(+0 for losing)\n|l|\u2606XzSt\n","uploadtime":1699416380,"views":4,"p1id":"memebrain","p2id":"xzst","formatid":"gen9anythinggoes","rating":1000,"private":0,"password":""}