{"id":"gen9anythinggoes-1984907137","p1":"dudumafra","p2":"Rowan_Rocket","format":"[Gen 9] Anything Goes","log":"|j|\u2606dudumafra\n|j|\u2606Rowan_Rocket\n|t:|1699309606\n|gametype|singles\n|player|p1|dudumafra|hilbert|1145\n|player|p2|Rowan_Rocket|rocketgrunt|1232\n|teamsize|p1|6\n|teamsize|p2|6\n|gen|9\n|tier|[Gen 9] Anything Goes\n|rated|\n|rule|HP Percentage Mod: HP is shown in percentages\n|rule|Endless Battle Clause: Forcing endless battles is banned\n|clearpoke\n|poke|p1|Gliscor, M|\n|poke|p1|Baxcalibur, M|\n|poke|p1|Gholdengo|\n|poke|p1|Arcanine-Hisui, M|\n|poke|p1|Sneasler, M|\n|poke|p1|Vaporeon, M|\n|poke|p2|Farigiraf, M|\n|poke|p2|Wyrdeer, F|\n|poke|p2|Ursaluna, M|\n|poke|p2|Grafaiai, M|\n|poke|p2|Zoroark-Hisui, F|\n|poke|p2|Ambipom, M|\n|teampreview\n|\n|t:|1699309622\n|start\n|switch|p1a: Baxcalibur|Baxcalibur, M|100\/100\n|switch|p2a: Grafaiai|Grafaiai, M|100\/100\n|turn|1\n|\n|t:|1699309631\n|move|p2a: Grafaiai|Poison Jab|p1a: Baxcalibur\n|-damage|p1a: Baxcalibur|72\/100\n|move|p1a: Baxcalibur|Blizzard|p2a: Grafaiai|[miss]\n|-miss|p1a: Baxcalibur|p2a: Grafaiai\n|\n|upkeep\n|turn|2\n|\n|t:|1699309644\n|move|p2a: Grafaiai|Parting Shot|p1a: Baxcalibur\n|-unboost|p1a: Baxcalibur|atk|1\n|-unboost|p1a: Baxcalibur|spa|1\n|\n|t:|1699309648\n|switch|p2a: Farigiraf|Farigiraf, M|100\/100|[from] Parting Shot\n|move|p1a: Baxcalibur|Thunder Fang|p2a: Farigiraf\n|-damage|p2a: Farigiraf|89\/100\n|\n|upkeep\n|turn|3\n|\n|t:|1699309661\n|move|p1a: Baxcalibur|Dragon Pulse|p2a: Farigiraf\n|-damage|p2a: Farigiraf|72\/100\n|move|p2a: Farigiraf|Calm Mind|p2a: Farigiraf\n|-boost|p2a: Farigiraf|spa|1\n|-boost|p2a: Farigiraf|spd|1\n|\n|upkeep\n|turn|4\n|\n|t:|1699309668\n|move|p1a: Baxcalibur|Blizzard|p2a: Farigiraf|[miss]\n|-miss|p1a: Baxcalibur|p2a: Farigiraf\n|move|p2a: Farigiraf|Wish|p2a: Farigiraf\n|\n|upkeep\n|turn|5\n|inactive|Battle timer is ON: inactive players will automatically lose when time's up. (requested by Rowan_Rocket)\n|\n|t:|1699309709\n|move|p1a: Baxcalibur|Dragon Pulse|p2a: Farigiraf\n|-damage|p2a: Farigiraf|63\/100\n|move|p2a: Farigiraf|Calm Mind|p2a: Farigiraf\n|-boost|p2a: Farigiraf|spa|1\n|-boost|p2a: Farigiraf|spd|1\n|\n|-heal|p2a: Farigiraf|100\/100|[from] move: Wish|[wisher] Farigiraf\n|upkeep\n|turn|6\n|\n|t:|1699309718\n|move|p1a: Baxcalibur|Thunder Fang|p2a: Farigiraf\n|-damage|p2a: Farigiraf|89\/100\n|move|p2a: Farigiraf|Calm Mind|p2a: Farigiraf\n|-boost|p2a: Farigiraf|spa|1\n|-boost|p2a: Farigiraf|spd|1\n|\n|upkeep\n|turn|7\n|\n|t:|1699309727\n|move|p1a: Baxcalibur|Dragon Pulse|p2a: Farigiraf\n|-damage|p2a: Farigiraf|82\/100\n|move|p2a: Farigiraf|Calm Mind|p2a: Farigiraf\n|-boost|p2a: Farigiraf|spa|1\n|-boost|p2a: Farigiraf|spd|1\n|\n|upkeep\n|turn|8\n|\n|t:|1699309736\n|move|p1a: Baxcalibur|Blizzard|p2a: Farigiraf|[miss]\n|-miss|p1a: Baxcalibur|p2a: Farigiraf\n|move|p2a: Farigiraf|Calm Mind|p2a: Farigiraf\n|-boost|p2a: Farigiraf|spa|1\n|-boost|p2a: Farigiraf|spd|1\n|\n|upkeep\n|turn|9\n|\n|t:|1699309749\n|move|p1a: Baxcalibur|Thunder Fang|p2a: Farigiraf\n|-damage|p2a: Farigiraf|72\/100\n|move|p2a: Farigiraf|Wish|p2a: Farigiraf\n|\n|upkeep\n|turn|10\n|\n|t:|1699309755\n|move|p1a: Baxcalibur|Thunder Fang|p2a: Farigiraf\n|-damage|p2a: Farigiraf|62\/100\n|move|p2a: Farigiraf|Calm Mind|p2a: Farigiraf\n|-boost|p2a: Farigiraf|spa|1\n|-boost|p2a: Farigiraf|spd|1\n|\n|-heal|p2a: Farigiraf|100\/100|[from] move: Wish|[wisher] Farigiraf\n|upkeep\n|turn|11\n|\n|t:|1699309766\n|switch|p1a: Arcanine|Arcanine-Hisui, M|100\/100\n|move|p2a: Farigiraf|Baton Pass|p2a: Farigiraf\n|\n|t:|1699309771\n|switch|p2a: Wyrdeer|Wyrdeer, F|100\/100|[from] Baton Pass\n|\n|upkeep\n|turn|12\n|\n|t:|1699309785\n|move|p1a: Arcanine|Close Combat|p2a: Wyrdeer\n|-damage|p2a: Wyrdeer|66\/100\n|-unboost|p1a: Arcanine|def|1\n|-unboost|p1a: Arcanine|spd|1\n|move|p2a: Wyrdeer|Stored Power|p1a: Arcanine\n|-damage|p1a: Arcanine|0 fnt\n|faint|p1a: Arcanine\n|\n|-heal|p2a: Wyrdeer|72\/100|[from] item: Leftovers\n|upkeep\n|\n|t:|1699309795\n|switch|p1a: Sneasler|Sneasler, M, shiny|100\/100\n|turn|13\n|\n|t:|1699309803\n|move|p1a: Sneasler|Dire Claw|p2a: Wyrdeer\n|-damage|p2a: Wyrdeer|34\/100\n|move|p2a: Wyrdeer|Psyshield Bash|p1a: Sneasler\n|-supereffective|p1a: Sneasler\n|-damage|p1a: Sneasler|0 fnt\n|-boost|p2a: Wyrdeer|def|1\n|faint|p1a: Sneasler\n|\n|-heal|p2a: Wyrdeer|40\/100|[from] item: Leftovers\n|upkeep\n|\n|t:|1699309808\n|switch|p1a: Vaporeon|Vaporeon, M|100\/100\n|turn|14\n|\n|t:|1699309818\n|move|p1a: Vaporeon|Hydro Pump|p2a: Wyrdeer|[miss]\n|-miss|p1a: Vaporeon|p2a: Wyrdeer\n|move|p2a: Wyrdeer|Trailblaze|p1a: Vaporeon\n|-supereffective|p1a: Vaporeon\n|-damage|p1a: Vaporeon|75\/100\n|-boost|p2a: Wyrdeer|spe|1\n|\n|-heal|p2a: Wyrdeer|46\/100|[from] item: Leftovers\n|upkeep\n|turn|15\n|\n|t:|1699309832\n|move|p2a: Wyrdeer|Psyshield Bash|p1a: Vaporeon\n|-damage|p1a: Vaporeon|50\/100\n|-boost|p2a: Wyrdeer|def|1\n|move|p1a: Vaporeon|Hydro Pump|p2a: Wyrdeer\n|-damage|p2a: Wyrdeer|34\/100\n|\n|-heal|p2a: Wyrdeer|40\/100|[from] item: Leftovers\n|upkeep\n|turn|16\n|\n|t:|1699309842\n|move|p2a: Wyrdeer|Trailblaze|p1a: Vaporeon\n|-supereffective|p1a: Vaporeon\n|-damage|p1a: Vaporeon|26\/100\n|-boost|p2a: Wyrdeer|spe|1\n|move|p1a: Vaporeon|Body Slam|p2a: Wyrdeer\n|-damage|p2a: Wyrdeer|34\/100\n|\n|-heal|p2a: Wyrdeer|40\/100|[from] item: Leftovers\n|upkeep\n|turn|17\n|inactive|dudumafra has 120 seconds left.\n|\n|t:|1699309877\n|move|p2a: Wyrdeer|Psyshield Bash|p1a: Vaporeon\n|-damage|p1a: Vaporeon|2\/100\n|-boost|p2a: Wyrdeer|def|1\n|move|p1a: Vaporeon|Trailblaze|p2a: Wyrdeer\n|-ability|p2a: Wyrdeer|Sap Sipper|boost\n|-boost|p2a: Wyrdeer|atk|1\n|\n|-heal|p2a: Wyrdeer|46\/100|[from] item: Leftovers\n|upkeep\n|turn|18\n|inactive|dudumafra has 120 seconds left.\n|\n|t:|1699309887\n|move|p2a: Wyrdeer|Psyshield Bash|p1a: Vaporeon\n|-damage|p1a: Vaporeon|0 fnt\n|-boost|p2a: Wyrdeer|def|1\n|faint|p1a: Vaporeon\n|\n|-heal|p2a: Wyrdeer|53\/100|[from] item: Leftovers\n|upkeep\n|inactive|dudumafra has 120 seconds left.\n|\n|t:|1699309893\n|switch|p1a: Gliscor|Gliscor, M|100\/100\n|turn|19\n|\n|t:|1699309898\n|move|p2a: Wyrdeer|Stored Power|p1a: Gliscor\n|-enditem|p1a: Gliscor|Focus Sash\n|-damage|p1a: Gliscor|1\/100\n|move|p1a: Gliscor|X-Scissor|p2a: Wyrdeer\n|-supereffective|p2a: Wyrdeer\n|-damage|p2a: Wyrdeer|41\/100\n|\n|-heal|p2a: Wyrdeer|47\/100|[from] item: Leftovers\n|upkeep\n|turn|20\n|\n|t:|1699309908\n|move|p2a: Wyrdeer|Trailblaze|p1a: Gliscor\n|-damage|p1a: Gliscor|0 fnt\n|-boost|p2a: Wyrdeer|spe|1\n|faint|p1a: Gliscor\n|\n|-heal|p2a: Wyrdeer|53\/100|[from] item: Leftovers\n|upkeep\n|\n|t:|1699309916\n|switch|p1a: Gholdengo|Gholdengo|100\/100\n|turn|21\n|\n|t:|1699309940\n|move|p2a: Wyrdeer|Stored Power|p1a: Gholdengo\n|-resisted|p1a: Gholdengo\n|-damage|p1a: Gholdengo|0 fnt\n|faint|p1a: Gholdengo\n|\n|-heal|p2a: Wyrdeer|59\/100|[from] item: Leftovers\n|upkeep\n|\n|t:|1699309944\n|switch|p1a: Baxcalibur|Baxcalibur, M|72\/100\n|turn|22\n|inactive|dudumafra has 120 seconds left.\n|\n|t:|1699309973\n|move|p2a: Wyrdeer|Psyshield Bash|p1a: Baxcalibur\n|-damage|p1a: Baxcalibur|42\/100\n|-boost|p2a: Wyrdeer|def|1\n|move|p1a: Baxcalibur|Dragon Pulse|p2a: Wyrdeer\n|-crit|p2a: Wyrdeer\n|-damage|p2a: Wyrdeer|26\/100\n|\n|-heal|p2a: Wyrdeer|32\/100|[from] item: Leftovers\n|upkeep\n|turn|23\n|\n|t:|1699309984\n|move|p2a: Wyrdeer|Psyshield Bash|p1a: Baxcalibur\n|-damage|p1a: Baxcalibur|11\/100\n|-boost|p2a: Wyrdeer|def|1\n|move|p1a: Baxcalibur|Dragon Pulse|p2a: Wyrdeer\n|-damage|p2a: Wyrdeer|26\/100\n|\n|-heal|p2a: Wyrdeer|32\/100|[from] item: Leftovers\n|upkeep\n|turn|24\n|\n|t:|1699309997\n|move|p2a: Wyrdeer|Trailblaze|p1a: Baxcalibur\n|-resisted|p1a: Baxcalibur\n|-damage|p1a: Baxcalibur|4\/100\n|-boost|p2a: Wyrdeer|spe|1\n|move|p1a: Baxcalibur|Blizzard|p2a: Wyrdeer\n|-damage|p2a: Wyrdeer|24\/100\n|\n|-heal|p2a: Wyrdeer|30\/100|[from] item: Leftovers\n|upkeep\n|turn|25\n|inactive|dudumafra has 120 seconds left.\n|\n|t:|1699310024\n|move|p2a: Wyrdeer|Trailblaze|p1a: Baxcalibur\n|-resisted|p1a: Baxcalibur\n|-damage|p1a: Baxcalibur|0 fnt\n|-boost|p2a: Wyrdeer|spe|1\n|faint|p1a: Baxcalibur\n|\n|win|Rowan_Rocket\n|raw|dudumafra's rating: 1145 &rarr; <strong>1126<\/strong><br \/>(-19 for losing)\n|raw|Rowan_Rocket's rating: 1232 &rarr; <strong>1251<\/strong><br \/>(+19 for winning)\n|l|\u2606dudumafra\n","uploadtime":1699310033,"views":8,"p1id":"dudumafra","p2id":"rowanrocket","formatid":"gen9anythinggoes","rating":1126,"private":0,"password":""}