{"id":"gen9anythinggoes-1978166802","p1":"Danepass","p2":"Lucia7x","format":"[Gen 9] Anything Goes","log":"|j|\u2606Danepass\n|j|\u2606Lucia7x\n|t:|1698507305\n|gametype|singles\n|player|p1|Danepass|depotagent|\n|player|p2|Lucia7x|cynthia-gen4|\n|teamsize|p1|6\n|teamsize|p2|6\n|gen|9\n|tier|[Gen 9] Anything Goes\n|rule|HP Percentage Mod: HP is shown in percentages\n|rule|Endless Battle Clause: Forcing endless battles is banned\n|clearpoke\n|poke|p1|Ogerpon-Hearthflame, F|\n|poke|p1|Mandibuzz, F|\n|poke|p1|Espathra, F|\n|poke|p1|Scream Tail|\n|poke|p1|Bellibolt, M|\n|poke|p1|Garchomp, M|\n|poke|p2|Gengar, F|\n|poke|p2|Jirachi|\n|poke|p2|Salamence, M|\n|poke|p2|Quaquaval, M|\n|poke|p2|Sylveon, F|\n|poke|p2|Toxtricity, F|\n|teampreview\n|c|\u2606Danepass|Buena suerte\n|\n|t:|1698507325\n|start\n|switch|p1a: Ogerpon|Ogerpon-Hearthflame, F|100\/100\n|switch|p2a: Quaquaval|Quaquaval, M|100\/100\n|-ability|p1a: Ogerpon|Mold Breaker\n|turn|1\n|\n|t:|1698507343\n|move|p1a: Ogerpon|U-turn|p2a: Quaquaval\n|-resisted|p2a: Quaquaval\n|-damage|p2a: Quaquaval|83\/100\n|\n|t:|1698507350\n|switch|p1a: Mandibuzz|Mandibuzz, F|100\/100|[from] U-turn\n|move|p2a: Quaquaval|Hydro Pump|p1a: Mandibuzz\n|-damage|p1a: Mandibuzz|70\/100\n|\n|upkeep\n|turn|2\n|\n|t:|1698507361\n|move|p2a: Quaquaval|Close Combat|p1a: Mandibuzz\n|-damage|p1a: Mandibuzz|38\/100\n|-unboost|p2a: Quaquaval|def|1\n|-unboost|p2a: Quaquaval|spd|1\n|-damage|p2a: Quaquaval|67\/100|[from] item: Rocky Helmet|[of] p1a: Mandibuzz\n|move|p1a: Mandibuzz|Toxic|p2a: Quaquaval|[miss]\n|-miss|p1a: Mandibuzz|p2a: Quaquaval\n|\n|upkeep\n|turn|3\n|\n|t:|1698507374\n|move|p2a: Quaquaval|Close Combat|p1a: Mandibuzz\n|-damage|p1a: Mandibuzz|6\/100\n|-unboost|p2a: Quaquaval|def|1\n|-unboost|p2a: Quaquaval|spd|1\n|-damage|p2a: Quaquaval|51\/100|[from] item: Rocky Helmet|[of] p1a: Mandibuzz\n|move|p1a: Mandibuzz|Roost|p1a: Mandibuzz\n|-heal|p1a: Mandibuzz|57\/100\n|-singleturn|p1a: Mandibuzz|move: Roost\n|\n|upkeep\n|turn|4\n|\n|t:|1698507406\n|switch|p2a: Toxtricity|Toxtricity, F|100\/100\n|move|p1a: Mandibuzz|Roost|p1a: Mandibuzz\n|-heal|p1a: Mandibuzz|100\/100\n|-singleturn|p1a: Mandibuzz|move: Roost\n|\n|upkeep\n|turn|5\n|\n|t:|1698507416\n|switch|p1a: Garchomp|Garchomp, M|100\/100\n|move|p2a: Toxtricity|Thunderbolt|p1a: Garchomp\n|-immune|p1a: Garchomp\n|\n|upkeep\n|turn|6\n|\n|t:|1698507429\n|move|p1a: Garchomp|Swords Dance|p1a: Garchomp\n|-boost|p1a: Garchomp|atk|2\n|move|p2a: Toxtricity|Gunk Shot|p1a: Garchomp|[miss]\n|-miss|p2a: Toxtricity|p1a: Garchomp\n|\n|upkeep\n|turn|7\n|\n|t:|1698507436\n|switch|p2a: Sylveon|Sylveon, F|100\/100\n|move|p1a: Garchomp|Scale Shot|p2a: Sylveon\n|-immune|p2a: Sylveon\n|\n|upkeep\n|turn|8\n|\n|t:|1698507445\n|move|p1a: Garchomp|Iron Head|p2a: Sylveon\n|-supereffective|p2a: Sylveon\n|-damage|p2a: Sylveon|0 fnt\n|-start|p1a: Garchomp|Attract|[from] ability: Cute Charm|[of] p2a: Sylveon\n|faint|p2a: Sylveon\n|-end|p1a: Garchomp|Attract|[silent]\n|-damage|p1a: Garchomp|91\/100|[from] item: Life Orb\n|\n|upkeep\n|\n|t:|1698507455\n|switch|p2a: Jirachi|Jirachi|100\/100\n|turn|9\n|\n|t:|1698507472\n|move|p1a: Garchomp|Earthquake|p2a: Jirachi\n|-supereffective|p2a: Jirachi\n|-damage|p2a: Jirachi|0 fnt\n|faint|p2a: Jirachi\n|-damage|p1a: Garchomp|81\/100|[from] item: Life Orb\n|\n|upkeep\n|\n|t:|1698507480\n|switch|p2a: Salamence|Salamence, M|100\/100\n|-ability|p2a: Salamence|Intimidate|boost\n|-unboost|p1a: Garchomp|atk|1\n|turn|10\n|\n|t:|1698507486\n|move|p1a: Garchomp|Scale Shot|p2a: Salamence|[miss]\n|-miss|p1a: Garchomp|p2a: Salamence\n|move|p2a: Salamence|Draco Meteor|p1a: Garchomp\n|-supereffective|p1a: Garchomp\n|-damage|p1a: Garchomp|0 fnt\n|-unboost|p2a: Salamence|spa|2\n|faint|p1a: Garchomp\n|\n|upkeep\n|\n|t:|1698507497\n|switch|p1a: Espathra|Espathra, F, shiny|100\/100\n|turn|11\n|\n|t:|1698507505\n|switch|p2a: Gengar|Gengar, F|100\/100\n|move|p1a: Espathra|Calm Mind|p1a: Espathra\n|-boost|p1a: Espathra|spa|1\n|-boost|p1a: Espathra|spd|1\n|\n|-ability|p1a: Espathra|Speed Boost|boost\n|-boost|p1a: Espathra|spe|1\n|upkeep\n|turn|12\n|\n|t:|1698507518\n|move|p1a: Espathra|Calm Mind|p1a: Espathra\n|-boost|p1a: Espathra|spa|1\n|-boost|p1a: Espathra|spd|1\n|move|p2a: Gengar|Focus Blast|p1a: Espathra\n|-resisted|p1a: Espathra\n|-damage|p1a: Espathra|83\/100\n|\n|-ability|p1a: Espathra|Speed Boost|boost\n|-boost|p1a: Espathra|spe|1\n|upkeep\n|turn|13\n|\n|t:|1698507531\n|move|p1a: Espathra|Stored Power|p2a: Gengar\n|-supereffective|p2a: Gengar\n|-damage|p2a: Gengar|0 fnt\n|faint|p2a: Gengar\n|\n|-ability|p1a: Espathra|Speed Boost|boost\n|-boost|p1a: Espathra|spe|1\n|upkeep\n|\n|t:|1698507541\n|switch|p2a: Salamence|Salamence, M|100\/100\n|-ability|p2a: Salamence|Intimidate|boost\n|-unboost|p1a: Espathra|atk|1\n|turn|14\n|\n|t:|1698507548\n|move|p1a: Espathra|Stored Power|p2a: Salamence\n|-damage|p2a: Salamence|0 fnt\n|faint|p2a: Salamence\n|\n|-ability|p1a: Espathra|Speed Boost|boost\n|-boost|p1a: Espathra|spe|1\n|upkeep\n|\n|t:|1698507556\n|switch|p2a: Toxtricity|Toxtricity, F|100\/100\n|turn|15\n|\n|t:|1698507563\n|move|p1a: Espathra|Stored Power|p2a: Toxtricity\n|-supereffective|p2a: Toxtricity\n|-damage|p2a: Toxtricity|0 fnt\n|faint|p2a: Toxtricity\n|\n|-ability|p1a: Espathra|Speed Boost|boost\n|-boost|p1a: Espathra|spe|1\n|upkeep\n|\n|t:|1698507571\n|switch|p2a: Quaquaval|Quaquaval, M|51\/100\n|turn|16\n|\n|t:|1698507586\n|move|p1a: Espathra|Stored Power|p2a: Quaquaval\n|-supereffective|p2a: Quaquaval\n|-damage|p2a: Quaquaval|0 fnt\n|faint|p2a: Quaquaval\n|\n|win|Danepass\n","uploadtime":1698507595,"views":35,"p1id":"danepass","p2id":"lucia7x","formatid":"gen9anythinggoes","rating":0,"private":0,"password":""}