{"id":"gen9anythinggoes-1993928198","p1":"Elite2008","p2":"trotman","format":"[Gen 9] Anything Goes","log":"|j|\u2606Elite2008\n|j|\u2606trotman\n|t:|1700377020\n|gametype|singles\n|player|p1|Elite2008|rocketgrunt|1208\n|player|p2|trotman|brycenman|1153\n|teamsize|p1|6\n|teamsize|p2|6\n|gen|9\n|tier|[Gen 9] Anything Goes\n|rated|\n|rule|HP Percentage Mod: HP is shown in percentages\n|rule|Endless Battle Clause: Forcing endless battles is banned\n|clearpoke\n|poke|p1|Chien-Pao|\n|poke|p1|Gholdengo|\n|poke|p1|Tyranitar, M|\n|poke|p1|Quaquaval, M|\n|poke|p1|Amoonguss, M|\n|poke|p1|Iron Treads|\n|poke|p2|Ogerpon, F|\n|poke|p2|Landorus-Therian, M|\n|poke|p2|Sneasler, F|\n|poke|p2|Greninja-*, F|\n|poke|p2|Gholdengo|\n|poke|p2|Skeledirge, F|\n|teampreview\n|\n|t:|1700377024\n|start\n|switch|p1a: String Cheese|Gholdengo|100\/100\n|switch|p2a: Landorus|Landorus-Therian, M, shiny|100\/100\n|-ability|p2a: Landorus|Intimidate|boost\n|-unboost|p1a: String Cheese|atk|1\n|turn|1\n|inactive|Battle timer is ON: inactive players will automatically lose when time's up. (requested by Elite2008)\n|\n|t:|1700377032\n|move|p1a: String Cheese|Make It Rain|p2a: Landorus\n|-damage|p2a: Landorus|42\/100\n|-unboost|p1a: String Cheese|spa|1\n|move|p2a: Landorus|Stealth Rock|p1a: String Cheese\n|-sidestart|p1: Elite2008|move: Stealth Rock\n|\n|-heal|p2a: Landorus|48\/100|[from] item: Leftovers\n|upkeep\n|turn|2\n|\n|t:|1700377042\n|move|p1a: String Cheese|Make It Rain|p2a: Landorus\n|-crit|p2a: Landorus\n|-damage|p2a: Landorus|0 fnt\n|-unboost|p1a: String Cheese|spa|1\n|faint|p2a: Landorus\n|\n|upkeep\n|\n|t:|1700377048\n|switch|p2a: Ogerpon|Ogerpon, F|100\/100\n|turn|3\n|\n|t:|1700377053\n|switch|p1a: Knockoff Donphan|Iron Treads|100\/100\n|-damage|p1a: Knockoff Donphan|97\/100|[from] Stealth Rock\n|move|p2a: Ogerpon|Swords Dance|p2a: Ogerpon\n|-boost|p2a: Ogerpon|atk|2\n|\n|-heal|p1a: Knockoff Donphan|100\/100|[from] item: Leftovers\n|upkeep\n|turn|4\n|\n|t:|1700377066\n|move|p2a: Ogerpon|Ivy Cudgel|p1a: Knockoff Donphan\n|-damage|p1a: Knockoff Donphan|41\/100\n|-damage|p2a: Ogerpon|91\/100|[from] item: Life Orb\n|move|p1a: Knockoff Donphan|Rapid Spin|p2a: Ogerpon\n|-damage|p2a: Ogerpon|76\/100\n|-boost|p1a: Knockoff Donphan|spe|1\n|-sideend|p1: Elite2008|Stealth Rock|[from] move: Rapid Spin|[of] p1a: Knockoff Donphan\n|\n|-heal|p1a: Knockoff Donphan|47\/100|[from] item: Leftovers\n|upkeep\n|turn|5\n|\n|t:|1700377081\n|move|p1a: Knockoff Donphan|Heavy Slam|p2a: Ogerpon\n|-damage|p2a: Ogerpon|24\/100\n|move|p2a: Ogerpon|Ivy Cudgel|p1a: Knockoff Donphan\n|-damage|p1a: Knockoff Donphan|0 fnt\n|faint|p1a: Knockoff Donphan\n|-end|p1a: Knockoff Donphan|Quark Drive|[silent]\n|-damage|p2a: Ogerpon|14\/100|[from] item: Life Orb\n|\n|upkeep\n|\n|t:|1700377089\n|switch|p1a: Among Us|Amoonguss, M, shiny|100\/100\n|turn|6\n|\n|t:|1700377093\n|move|p2a: Ogerpon|Knock Off|p1a: Among Us\n|-damage|p1a: Among Us|45\/100\n|-enditem|p1a: Among Us|Leftovers|[from] move: Knock Off|[of] p2a: Ogerpon\n|-damage|p2a: Ogerpon|4\/100|[from] item: Life Orb\n|move|p1a: Among Us|Sludge Bomb|p2a: Ogerpon\n|-supereffective|p2a: Ogerpon\n|-damage|p2a: Ogerpon|0 fnt\n|faint|p2a: Ogerpon\n|\n|upkeep\n|\n|t:|1700377110\n|switch|p2a: Greninja|Greninja, F, shiny|100\/100\n|turn|7\n|\n|t:|1700377118\n|move|p2a: Greninja|Ice Beam|p1a: Among Us\n|-start|p2a: Greninja|typechange|Ice|[from] ability: Protean\n|-supereffective|p1a: Among Us\n|-damage|p1a: Among Us|0 fnt\n|faint|p1a: Among Us\n|-damage|p2a: Greninja|91\/100|[from] item: Life Orb\n|\n|upkeep\n|\n|t:|1700377128\n|switch|p1a: String Cheese|Gholdengo|100\/100\n|turn|8\n|\n|t:|1700377141\n|switch|p2a: Gholdengo|Gholdengo, shiny|100\/100\n|-terastallize|p1a: String Cheese|Steel\n|move|p1a: String Cheese|Make It Rain|p2a: Gholdengo\n|-resisted|p2a: Gholdengo\n|-damage|p2a: Gholdengo|44\/100\n|-unboost|p1a: String Cheese|spa|1\n|\n|upkeep\n|turn|9\n|\n|t:|1700377151\n|move|p2a: Gholdengo|Shadow Ball|p1a: String Cheese\n|-damage|p1a: String Cheese|47\/100\n|move|p1a: String Cheese|Make It Rain|p2a: Gholdengo\n|-resisted|p2a: Gholdengo\n|-damage|p2a: Gholdengo|8\/100\n|-unboost|p1a: String Cheese|spa|1\n|\n|-heal|p1a: String Cheese|53\/100|[from] item: Leftovers\n|upkeep\n|turn|10\n|\n|t:|1700377162\n|move|p2a: Gholdengo|Shadow Ball|p1a: String Cheese\n|-damage|p1a: String Cheese|1\/100\n|move|p1a: String Cheese|Make It Rain|p2a: Gholdengo\n|-resisted|p2a: Gholdengo\n|-damage|p2a: Gholdengo|0 fnt\n|-unboost|p1a: String Cheese|spa|1\n|faint|p2a: Gholdengo\n|\n|-heal|p1a: String Cheese|7\/100|[from] item: Leftovers\n|upkeep\n|\n|t:|1700377174\n|switch|p2a: Sneasler|Sneasler, F, shiny|100\/100\n|turn|11\n|\n|t:|1700377184\n|move|p2a: Sneasler|Fake Out|p1a: String Cheese\n|-enditem|p2a: Sneasler|Normal Gem|[from] gem\n|-resisted|p1a: String Cheese\n|-damage|p1a: String Cheese|0 fnt\n|faint|p1a: String Cheese\n|\n|upkeep\n|\n|t:|1700377193\n|switch|p1a: Gay Duck|Quaquaval, M|100\/100\n|turn|12\n|\n|t:|1700377197\n|move|p2a: Sneasler|Acrobatics|p1a: Gay Duck\n|-supereffective|p1a: Gay Duck\n|-damage|p1a: Gay Duck|10\/100\n|move|p1a: Gay Duck|Aqua Step|p2a: Sneasler\n|-damage|p2a: Sneasler|37\/100\n|-boost|p1a: Gay Duck|spe|1\n|\n|upkeep\n|turn|13\n|\n|t:|1700377207\n|move|p2a: Sneasler|Acrobatics|p1a: Gay Duck\n|-supereffective|p1a: Gay Duck\n|-damage|p1a: Gay Duck|0 fnt\n|faint|p1a: Gay Duck\n|\n|upkeep\n|\n|t:|1700377214\n|switch|p1a: Me Go CHOMP CHOMP|Chien-Pao|100\/100\n|-ability|p1a: Me Go CHOMP CHOMP|Sword of Ruin\n|turn|14\n|\n|t:|1700377219\n|move|p1a: Me Go CHOMP CHOMP|Sucker Punch|p2a: Sneasler\n|-resisted|p2a: Sneasler\n|-damage|p2a: Sneasler|5\/100\n|move|p2a: Sneasler|Close Combat|p1a: Me Go CHOMP CHOMP\n|-supereffective|p1a: Me Go CHOMP CHOMP\n|-enditem|p1a: Me Go CHOMP CHOMP|Focus Sash\n|-damage|p1a: Me Go CHOMP CHOMP|1\/100\n|-unboost|p2a: Sneasler|def|1\n|-unboost|p2a: Sneasler|spd|1\n|\n|upkeep\n|turn|15\n|\n|t:|1700377233\n|switch|p2a: Greninja|Greninja, F, shiny|91\/100\n|move|p1a: Me Go CHOMP CHOMP|Sacred Sword|p2a: Greninja\n|-supereffective|p2a: Greninja\n|-crit|p2a: Greninja\n|-damage|p2a: Greninja|0 fnt\n|faint|p2a: Greninja\n|\n|upkeep\n|\n|t:|1700377240\n|switch|p2a: Sneasler|Sneasler, F, shiny|5\/100\n|turn|16\n|\n|t:|1700377243\n|move|p2a: Sneasler|Fake Out|p1a: Me Go CHOMP CHOMP\n|-damage|p1a: Me Go CHOMP CHOMP|0 fnt\n|faint|p1a: Me Go CHOMP CHOMP\n|\n|upkeep\n|\n|t:|1700377248\n|switch|p1a: Rawr|Tyranitar, M, shiny|100\/100\n|-weather|Sandstorm|[from] ability: Sand Stream|[of] p1a: Rawr\n|turn|17\n|\n|t:|1700377260\n|move|p2a: Sneasler|Close Combat|p1a: Rawr\n|-supereffective|p1a: Rawr\n|-damage|p1a: Rawr|0 fnt\n|-unboost|p2a: Sneasler|def|1\n|-unboost|p2a: Sneasler|spd|1\n|faint|p1a: Rawr\n|\n|win|trotman\n|raw|Elite2008's rating: 1208 &rarr; <strong>1179<\/strong><br \/>(-29 for losing)\n|raw|trotman's rating: 1153 &rarr; <strong>1182<\/strong><br \/>(+29 for winning)\n|l|\u2606Elite2008\n","uploadtime":1700377269,"views":6,"p1id":"elite2008","p2id":"trotman","formatid":"gen9anythinggoes","rating":1179,"private":0,"password":""}