{"id":"gen9anythinggoes-1980642917","p1":"WorldChampionStall","p2":"Sargenbob","format":"[Gen 9] Anything Goes","log":"|j|\u2606WorldChampionStall\n|j|\u2606Sargenbob\n|t:|1698806847\n|gametype|singles\n|player|p1|WorldChampionStall|blue|\n|player|p2|Sargenbob|red|\n|teamsize|p1|6\n|teamsize|p2|6\n|gen|9\n|tier|[Gen 9] Anything Goes\n|rule|HP Percentage Mod: HP is shown in percentages\n|rule|Endless Battle Clause: Forcing endless battles is banned\n|clearpoke\n|poke|p1|Ribombee, M|\n|poke|p1|Zacian-*|\n|poke|p1|Lilligant-Hisui, F|\n|poke|p1|Goodra-Hisui, F|\n|poke|p1|Ursaluna-Bloodmoon, M|\n|poke|p1|Mewtwo|\n|poke|p2|Slowking-Galar, F|\n|poke|p2|Baxcalibur, M|\n|poke|p2|Espathra, F|\n|poke|p2|Ceruledge, M|\n|poke|p2|Electrode-Hisui|\n|poke|p2|Kingambit, F|\n|teampreview\n|inactive|Battle timer is ON: inactive players will automatically lose when time's up. (requested by WorldChampionStall)\n|\n|t:|1698806855\n|start\n|switch|p1a: Moshing Lily|Lilligant-Hisui, F, shiny|100\/100\n|switch|p2a: Ken|Electrode-Hisui, shiny|100\/100\n|turn|1\n|\n|t:|1698806870\n|switch|p2a: Excalibur|Ceruledge, M|100\/100\n|move|p1a: Moshing Lily|Victory Dance|p1a: Moshing Lily\n|-boost|p1a: Moshing Lily|atk|1\n|-boost|p1a: Moshing Lily|def|1\n|-boost|p1a: Moshing Lily|spe|1\n|\n|upkeep\n|turn|2\n|\n|t:|1698806875\n|move|p1a: Moshing Lily|Worry Seed|p2a: Excalibur\n|-endability|p2a: Excalibur|Weak Armor|[from] move: Worry Seed\n|-ability|p2a: Excalibur|Insomnia|[from] move: Worry Seed\n|move|p2a: Excalibur|Bitter Blade|p1a: Moshing Lily\n|-supereffective|p1a: Moshing Lily\n|-damage|p1a: Moshing Lily|15\/100\n|\n|upkeep\n|turn|3\n|\n|t:|1698806883\n|move|p1a: Moshing Lily|Sleep Powder|p2a: Excalibur\n|-immune|p2a: Excalibur|[from] ability: Insomnia\n|move|p2a: Excalibur|Bitter Blade|p1a: Moshing Lily\n|-supereffective|p1a: Moshing Lily\n|-damage|p1a: Moshing Lily|0 fnt\n|faint|p1a: Moshing Lily\n|\n|upkeep\n|c|\u2606Sargenbob|you're a fun guy\n|c|\u2606WorldChampionStall|Im dumb i just did that lol\n|c|\u2606Sargenbob|haha we all make mistakes\n|\n|t:|1698806912\n|switch|p1a: LunarLife|Ursaluna-Bloodmoon, M|100\/100\n|turn|4\n|\n|t:|1698806919\n|move|p2a: Excalibur|Close Combat|p1a: LunarLife\n|-supereffective|p1a: LunarLife\n|-damage|p1a: LunarLife|53\/100\n|-unboost|p2a: Excalibur|def|1\n|-unboost|p2a: Excalibur|spd|1\n|move|p1a: LunarLife|Blood Moon|p2a: Excalibur\n|-damage|p2a: Excalibur|0 fnt\n|faint|p2a: Excalibur\n|-damage|p1a: LunarLife|43\/100|[from] item: Life Orb\n|\n|upkeep\n|\n|t:|1698806925\n|switch|p2a: Ken|Electrode-Hisui, shiny|100\/100\n|turn|5\n|\n|t:|1698806931\n|move|p1a: LunarLife|Protect|p1a: LunarLife\n|-singleturn|p1a: LunarLife|Protect\n|move|p2a: Ken|Leech Seed|p1a: LunarLife\n|-activate|p1a: LunarLife|move: Protect\n|\n|upkeep\n|turn|6\n|c|\u2606Sargenbob|Yooo I love that guy\n|\n|t:|1698806937\n|move|p2a: Ken|Protect|p2a: Ken\n|-singleturn|p2a: Ken|Protect\n|move|p1a: LunarLife|Blood Moon|p2a: Ken\n|-activate|p2a: Ken|move: Protect\n|\n|upkeep\n|turn|7\n|\n|t:|1698806941\n|move|p1a: LunarLife|Protect|p1a: LunarLife\n|-singleturn|p1a: LunarLife|Protect\n|move|p2a: Ken|Leech Seed|p1a: LunarLife\n|-activate|p1a: LunarLife|move: Protect\n|\n|upkeep\n|turn|8\n|c|\u2606Sargenbob|so\n|\n|t:|1698806949\n|move|p2a: Ken|Protect|p2a: Ken\n|-singleturn|p2a: Ken|Protect\n|move|p1a: LunarLife|Vacuum Wave|p2a: Ken\n|-activate|p2a: Ken|move: Protect\n|\n|upkeep\n|turn|9\n|\n|t:|1698806956\n|move|p2a: Ken|Substitute|p2a: Ken\n|-start|p2a: Ken|Substitute\n|-damage|p2a: Ken|76\/100\n|move|p1a: LunarLife|Blood Moon|p2a: Ken\n|-end|p2a: Ken|Substitute\n|-damage|p1a: LunarLife|33\/100|[from] item: Life Orb\n|\n|-heal|p2a: Ken|82\/100|[from] item: Leftovers\n|upkeep\n|turn|10\n|\n|t:|1698806973\n|move|p1a: LunarLife|Vacuum Wave|p2a: Ken\n|-damage|p2a: Ken|54\/100\n|-damage|p1a: LunarLife|23\/100|[from] item: Life Orb\n|move|p2a: Ken|Substitute|p2a: Ken\n|-start|p2a: Ken|Substitute\n|-damage|p2a: Ken|29\/100\n|\n|-heal|p2a: Ken|35\/100|[from] item: Leftovers\n|upkeep\n|turn|11\n|\n|t:|1698806983\n|move|p2a: Ken|Giga Drain|p1a: LunarLife\n|-supereffective|p1a: LunarLife\n|-damage|p1a: LunarLife|0 fnt\n|-heal|p2a: Ken|52\/100|[from] drain|[of] p1a: LunarLife\n|faint|p1a: LunarLife\n|\n|-heal|p2a: Ken|58\/100|[from] item: Leftovers\n|upkeep\n|c|\u2606WorldChampionStall|I like it picasso\n|\n|t:|1698807008\n|switch|p1a: Goop|Goodra-Hisui, F, shiny|100\/100\n|turn|12\n|c|\u2606Sargenbob|thanks you\n|inactive|WorldChampionStall has 270 seconds left.\n|\n|t:|1698807024\n|switch|p2a: Gaga|Espathra, F, shiny|100\/100\n|move|p1a: Goop|Dragon Tail|p2a: Gaga\n|-damage|p2a: Gaga|72\/100\n|drag|p2a: Dime|Baxcalibur, M|100\/100\n|\n|upkeep\n|turn|13\n|\n|t:|1698807036\n|move|p2a: Dime|Dragon Dance|p2a: Dime\n|-boost|p2a: Dime|atk|1\n|-boost|p2a: Dime|spe|1\n|move|p1a: Goop|Tearful Look|p2a: Dime\n|-unboost|p2a: Dime|atk|1\n|-unboost|p2a: Dime|spa|1\n|\n|upkeep\n|turn|14\n|\n|t:|1698807041\n|move|p2a: Dime|Earthquake|p1a: Goop\n|-supereffective|p1a: Goop\n|-damage|p1a: Goop|46\/100\n|move|p1a: Goop|Dragon Tail|p2a: Dime\n|-supereffective|p2a: Dime\n|-damage|p2a: Dime|55\/100\n|drag|p2a: Mitch|Slowking-Galar, F|100\/100\n|\n|-heal|p1a: Goop|52\/100|[from] item: Leftovers\n|upkeep\n|turn|15\n|\n|t:|1698807056\n|move|p1a: Goop|Body Slam|p2a: Mitch\n|-damage|p2a: Mitch|78\/100\n|-status|p2a: Mitch|par\n|move|p2a: Mitch|Chilly Reception|p2a: Mitch\n|-weather|Snow\n|\n|t:|1698807061\n|switch|p2a: Dime|Baxcalibur, M|55\/100|[from] Chilly Reception\n|\n|-weather|Snow|[upkeep]\n|-heal|p2a: Dime|61\/100|[from] ability: Ice Body\n|-heal|p1a: Goop|58\/100|[from] item: Leftovers\n|upkeep\n|turn|16\n|\n|t:|1698807074\n|move|p2a: Dime|Earthquake|p1a: Goop\n|-supereffective|p1a: Goop\n|-damage|p1a: Goop|3\/100\n|move|p1a: Goop|Dragon Tail|p2a: Dime\n|-supereffective|p2a: Dime\n|-damage|p2a: Dime|35\/100\n|drag|p2a: Gaga|Espathra, F, shiny|72\/100\n|\n|-weather|Snow|[upkeep]\n|-heal|p1a: Goop|9\/100|[from] item: Leftovers\n|upkeep\n|turn|17\n|\n|t:|1698807079\n|move|p2a: Gaga|Dazzling Gleam|p1a: Goop\n|-damage|p1a: Goop|0 fnt\n|faint|p1a: Goop\n|\n|-weather|Snow|[upkeep]\n|-ability|p2a: Gaga|Speed Boost|boost\n|-boost|p2a: Gaga|spe|1\n|upkeep\n|\n|t:|1698807083\n|switch|p1a: Guiderbee|Ribombee, M, shiny|100\/100\n|turn|18\n|\n|t:|1698807092\n|move|p2a: Gaga|Calm Mind|p2a: Gaga\n|-boost|p2a: Gaga|spa|1\n|-boost|p2a: Gaga|spd|1\n|move|p1a: Guiderbee|Quiver Dance|p1a: Guiderbee\n|-boost|p1a: Guiderbee|spa|1\n|-boost|p1a: Guiderbee|spd|1\n|-boost|p1a: Guiderbee|spe|1\n|\n|-weather|Snow|[upkeep]\n|-ability|p2a: Gaga|Speed Boost|boost\n|-boost|p2a: Gaga|spe|1\n|upkeep\n|turn|19\n|c|\u2606Sargenbob|underrated bee fr\n|\n|t:|1698807096\n|move|p2a: Gaga|Stored Power|p1a: Guiderbee\n|-damage|p1a: Guiderbee|41\/100\n|move|p1a: Guiderbee|Quiver Dance|p1a: Guiderbee\n|-boost|p1a: Guiderbee|spa|1\n|-boost|p1a: Guiderbee|spd|1\n|-boost|p1a: Guiderbee|spe|1\n|\n|-weather|none\n|-ability|p2a: Gaga|Speed Boost|boost\n|-boost|p2a: Gaga|spe|1\n|upkeep\n|turn|20\n|c|\u2606Sargenbob|sticky web go brrrrrrrrr\n|c|\u2606WorldChampionStall|I just fucked up lol\n|\n|t:|1698807121\n|move|p2a: Gaga|Stored Power|p1a: Guiderbee\n|-damage|p1a: Guiderbee|0 fnt\n|faint|p1a: Guiderbee\n|\n|-ability|p2a: Gaga|Speed Boost|boost\n|-boost|p2a: Gaga|spe|1\n|upkeep\n|c|\u2606Sargenbob|dw we all do haha\n|\n|t:|1698807128\n|switch|p1a: Dopple|Mewtwo, shiny|100\/100\n|-ability|p1a: Dopple|Unnerve\n|turn|21\n|\n|t:|1698807138\n|move|p2a: Gaga|Protect|p2a: Gaga\n|-singleturn|p2a: Gaga|Protect\n|move|p1a: Dopple|Psystrike|p2a: Gaga\n|-activate|p2a: Gaga|move: Protect\n|\n|-ability|p2a: Gaga|Speed Boost|boost\n|-boost|p2a: Gaga|spe|1\n|upkeep\n|turn|22\n|\n|t:|1698807146\n|-terastallize|p2a: Gaga|Psychic\n|move|p2a: Gaga|Stored Power|p1a: Dopple\n|-resisted|p1a: Dopple\n|-damage|p1a: Dopple|33\/100\n|move|p1a: Dopple|Psystrike|p2a: Gaga\n|-resisted|p2a: Gaga\n|-damage|p2a: Gaga|30\/100\n|\n|-ability|p2a: Gaga|Speed Boost|boost\n|-boost|p2a: Gaga|spe|1\n|upkeep\n|turn|23\n|\n|t:|1698807162\n|move|p2a: Gaga|Stored Power|p1a: Dopple\n|-resisted|p1a: Dopple\n|-damage|p1a: Dopple|0 fnt\n|faint|p1a: Dopple\n|\n|upkeep\n|\n|t:|1698807165\n|switch|p1a: ZacMare|Zacian, shiny|100\/100\n|-ability|p1a: ZacMare|Intrepid Sword|boost\n|-boost|p1a: ZacMare|atk|1\n|turn|24\n|c|\u2606Sargenbob|doggo\n|\n|t:|1698807175\n|move|p2a: Gaga|Stored Power|p1a: ZacMare\n|-enditem|p1a: ZacMare|Focus Sash\n|-damage|p1a: ZacMare|1\/100\n|move|p1a: ZacMare|Close Combat|p2a: Gaga\n|-resisted|p2a: Gaga\n|-damage|p2a: Gaga|0 fnt\n|-unboost|p1a: ZacMare|def|1\n|-unboost|p1a: ZacMare|spd|1\n|faint|p2a: Gaga\n|\n|upkeep\n|c|\u2606Sargenbob|where's the sword?\n|\n|t:|1698807186\n|switch|p2a: Blade|Kingambit, F, shiny|100\/100\n|-activate|p2a: Blade|ability: Supreme Overlord\n|-start|p2a: Blade|fallen2|[silent]\n|turn|25\n|c|\u2606WorldChampionStall|Holding a sash instead\n|c|\u2606Sargenbob|ah\n|\n|t:|1698807199\n|-end|p2a: Blade|fallen2|[silent]\n|switch|p2a: Mitch|Slowking-Galar, F|100\/100 par\n|move|p1a: ZacMare|Close Combat|p2a: Mitch\n|-resisted|p2a: Mitch\n|-damage|p2a: Mitch|84\/100 par\n|-unboost|p1a: ZacMare|def|1\n|-unboost|p1a: ZacMare|spd|1\n|\n|-heal|p2a: Mitch|90\/100 par|[from] item: Black Sludge\n|upkeep\n|turn|26\n|c|\u2606Sargenbob|ic\n|\n|t:|1698807204\n|move|p1a: ZacMare|Psychic Fangs|p2a: Mitch\n|-damage|p2a: Mitch|39\/100 par\n|move|p2a: Mitch|Psychic|p1a: ZacMare\n|-crit|p1a: ZacMare\n|-damage|p1a: ZacMare|0 fnt\n|faint|p1a: ZacMare\n|\n|win|Sargenbob\n|c|\u2606Sargenbob|gg bro\n|c|\u2606WorldChampionStall|Gg\n|c|\u2606Sargenbob|you're good\n","uploadtime":1698807215,"views":8,"p1id":"worldchampionstall","p2id":"sargenbob","formatid":"gen9anythinggoes","rating":0,"private":0,"password":""}