{"id":"gen9anythinggoes-1979956533","p1":"iFlamercenar","p2":"Bakitaladelbarrio","format":"[Gen 9] Anything Goes","log":"|j|\u2606iFlamercenar\n|j|\u2606Bakitaladelbarrio\n|t:|1698736688\n|gametype|singles\n|player|p1|iFlamercenar|buck|1345\n|player|p2|Bakitaladelbarrio|colress|1390\n|teamsize|p1|6\n|teamsize|p2|6\n|gen|9\n|tier|[Gen 9] Anything Goes\n|rated|\n|rule|HP Percentage Mod: HP is shown in percentages\n|rule|Endless Battle Clause: Forcing endless battles is banned\n|clearpoke\n|poke|p1|Miraidon|\n|poke|p1|Koraidon|\n|poke|p1|Great Tusk|\n|poke|p1|Flutter Mane|\n|poke|p1|Chien-Pao|\n|poke|p1|Glimmora, M|\n|poke|p2|Calyrex-Shadow|\n|poke|p2|Darkrai|\n|poke|p2|Ditto|\n|poke|p2|Zacian-*|\n|poke|p2|Miraidon|\n|poke|p2|Glimmora, F|\n|teampreview\n|inactive|Battle timer is ON: inactive players will automatically lose when time's up. (requested by Bakitaladelbarrio)\n|\n|t:|1698736696\n|start\n|switch|p1a: Magellan|Glimmora, M|100\/100\n|switch|p2a: Darkrai|Darkrai|100\/100\n|turn|1\n|inactive|iFlamercenar has 120 seconds left.\n|\n|t:|1698736728\n|move|p2a: Darkrai|Hypnosis|p1a: Magellan\n|-status|p1a: Magellan|slp|[from] move: Hypnosis\n|cant|p1a: Magellan|slp\n|\n|-damage|p1a: Magellan|88\/100 slp|[from] ability: Bad Dreams|[of] p2a: Darkrai\n|upkeep\n|turn|2\n|inactive|iFlamercenar has 120 seconds left.\n|\n|t:|1698736748\n|switch|p1a: Frostine|Chien-Pao|100\/100\n|-ability|p1a: Frostine|Sword of Ruin\n|move|p2a: Darkrai|Nasty Plot|p2a: Darkrai\n|-boost|p2a: Darkrai|spa|2\n|\n|upkeep\n|turn|3\n|inactive|iFlamercenar has 120 seconds left.\n|\n|t:|1698736759\n|switch|p2a: Glimmora|Glimmora, F|100\/100\n|move|p1a: Frostine|Sacred Sword|p2a: Glimmora\n|-damage|p2a: Glimmora|48\/100\n|-activate|p2a: Glimmora|ability: Toxic Debris\n|-sidestart|p1: iFlamercenar|move: Toxic Spikes\n|\n|upkeep\n|turn|4\n|inactive|iFlamercenar has 120 seconds left.\n|\n|t:|1698736767\n|move|p1a: Frostine|Icicle Crash|p2a: Glimmora|[miss]\n|-miss|p1a: Frostine|p2a: Glimmora\n|move|p2a: Glimmora|Stealth Rock|p1a: Frostine\n|-sidestart|p1: iFlamercenar|move: Stealth Rock\n|\n|upkeep\n|turn|5\n|\n|t:|1698736774\n|switch|p2a: Zacian|Zacian-Crowned|100\/100\n|-ability|p2a: Zacian|Intrepid Sword|boost\n|-boost|p2a: Zacian|atk|1\n|move|p1a: Frostine|Icicle Crash|p2a: Zacian\n|-resisted|p2a: Zacian\n|-damage|p2a: Zacian|73\/100\n|\n|upkeep\n|turn|6\n|\n|t:|1698736784\n|move|p1a: Frostine|Sucker Punch|p2a: Zacian\n|-resisted|p2a: Zacian\n|-damage|p2a: Zacian|49\/100\n|move|p2a: Zacian|Behemoth Blade|p1a: Frostine\n|-supereffective|p1a: Frostine\n|-enditem|p1a: Frostine|Focus Sash\n|-damage|p1a: Frostine|1\/100\n|\n|upkeep\n|turn|7\n|\n|t:|1698736793\n|move|p1a: Frostine|Sucker Punch|p2a: Zacian\n|-resisted|p2a: Zacian\n|-damage|p2a: Zacian|28\/100\n|move|p2a: Zacian|Behemoth Blade|p1a: Frostine\n|-supereffective|p1a: Frostine\n|-damage|p1a: Frostine|0 fnt\n|faint|p1a: Frostine\n|\n|upkeep\n|\n|t:|1698736801\n|switch|p1a: Magellan|Glimmora, M|88\/100 slp\n|-sideend|p1: iFlamercenar|move: Toxic Spikes|[of] p1a: Magellan\n|-damage|p1a: Magellan|76\/100 slp|[from] Stealth Rock\n|turn|8\n|\n|t:|1698736807\n|switch|p2a: Miraidon|Miraidon|100\/100\n|-fieldstart|move: Electric Terrain|[from] ability: Hadron Engine|[of] p2a: Miraidon\n|cant|p1a: Magellan|slp\n|\n|upkeep\n|turn|9\n|\n|t:|1698736814\n|move|p2a: Miraidon|Volt Switch|p1a: Magellan\n|-damage|p1a: Magellan|0 fnt\n|faint|p1a: Magellan\n|\n|t:|1698736822\n|switch|p2a: Zacian|Zacian-Crowned|28\/100|[from] Volt Switch\n|\n|upkeep\n|\n|t:|1698736827\n|switch|p1a: Nebula|Flutter Mane|100\/100\n|-damage|p1a: Nebula|88\/100|[from] Stealth Rock\n|-enditem|p1a: Nebula|Booster Energy\n|-activate|p1a: Nebula|ability: Protosynthesis|[fromitem]\n|-start|p1a: Nebula|protosynthesisspe\n|turn|10\n|\n|t:|1698736836\n|switch|p2a: Glimmora|Glimmora, F|48\/100\n|move|p1a: Nebula|Shadow Ball|p2a: Glimmora\n|-damage|p2a: Glimmora|0 fnt\n|faint|p2a: Glimmora\n|\n|upkeep\n|\n|t:|1698736844\n|switch|p2a: Miraidon|Miraidon|100\/100\n|-activate|p2a: Miraidon|ability: Hadron Engine\n|turn|11\n|\n|t:|1698736855\n|-terastallize|p1a: Nebula|Fairy\n|move|p2a: Miraidon|Overheat|p1a: Nebula\n|-damage|p1a: Nebula|26\/100\n|-unboost|p2a: Miraidon|spa|2\n|move|p1a: Nebula|Moonblast|p2a: Miraidon\n|-supereffective|p2a: Miraidon\n|-damage|p2a: Miraidon|0 fnt\n|faint|p2a: Miraidon\n|\n|upkeep\n|\n|t:|1698736867\n|switch|p2a: Calyrex|Calyrex-Shadow|100\/100\n|-ability|p2a: Calyrex|As One\n|-ability|p2a: Calyrex|Unnerve\n|turn|12\n|\n|t:|1698736875\n|move|p1a: Nebula|Shadow Ball|p2a: Calyrex\n|-supereffective|p2a: Calyrex\n|-crit|p2a: Calyrex\n|-enditem|p2a: Calyrex|Focus Sash\n|-damage|p2a: Calyrex|1\/100\n|move|p2a: Calyrex|Astral Barrage|p1a: Nebula\n|-damage|p1a: Nebula|0 fnt\n|faint|p1a: Nebula\n|-end|p1a: Nebula|Protosynthesis|[silent]\n|-ability|p2a: Calyrex|Grim Neigh|boost\n|-boost|p2a: Calyrex|spa|1\n|\n|-fieldend|move: Electric Terrain\n|upkeep\n|\n|t:|1698736887\n|switch|p1a: Atlas|Great Tusk|100\/100\n|-damage|p1a: Atlas|98\/100|[from] Stealth Rock\n|-enditem|p1a: Atlas|Booster Energy\n|-activate|p1a: Atlas|ability: Protosynthesis|[fromitem]\n|-start|p1a: Atlas|protosynthesisspe\n|turn|13\n|\n|t:|1698736895\n|move|p1a: Atlas|Headlong Rush|p2a: Calyrex\n|-damage|p2a: Calyrex|0 fnt\n|-unboost|p1a: Atlas|def|1\n|-unboost|p1a: Atlas|spd|1\n|faint|p2a: Calyrex\n|\n|upkeep\n|\n|t:|1698736903\n|switch|p2a: Darkrai|Darkrai|100\/100\n|turn|14\n|\n|t:|1698736909\n|move|p1a: Atlas|Bulk Up|p1a: Atlas\n|-boost|p1a: Atlas|atk|1\n|-boost|p1a: Atlas|def|1\n|move|p2a: Darkrai|Hypnosis|p1a: Atlas\n|-status|p1a: Atlas|slp|[from] move: Hypnosis\n|\n|-damage|p1a: Atlas|85\/100 slp|[from] ability: Bad Dreams|[of] p2a: Darkrai\n|upkeep\n|turn|15\n|\n|t:|1698736920\n|cant|p1a: Atlas|slp\n|move|p2a: Darkrai|Hex|p1a: Atlas\n|-damage|p1a: Atlas|0 fnt\n|faint|p1a: Atlas\n|-end|p1a: Atlas|Protosynthesis|[silent]\n|\n|upkeep\n|\n|t:|1698736925\n|switch|p1a: Kora|Koraidon|100\/100\n|-damage|p1a: Kora|94\/100|[from] Stealth Rock\n|-weather|SunnyDay|[from] ability: Orichalcum Pulse|[of] p1a: Kora\n|-activate|p1a: Kora|Orichalcum Pulse|[source]\n|turn|16\n|\n|t:|1698736932\n|move|p1a: Kora|Low Kick|p2a: Darkrai\n|-supereffective|p2a: Darkrai\n|-damage|p2a: Darkrai|0 fnt\n|faint|p2a: Darkrai\n|\n|-weather|SunnyDay|[upkeep]\n|upkeep\n|\n|t:|1698736940\n|switch|p2a: Ditto|Ditto|100\/100\n|-transform|p2a: Ditto|p1a: Kora|[from] ability: Imposter\n|-activate|p2a: Ditto|ability: Orichalcum Pulse\n|turn|17\n|\n|t:|1698736947\n|move|p2a: Ditto|Scale Shot|p1a: Kora\n|-supereffective|p1a: Kora\n|-damage|p1a: Kora|61\/100\n|-supereffective|p1a: Kora\n|-damage|p1a: Kora|26\/100\n|-supereffective|p1a: Kora\n|-damage|p1a: Kora|0 fnt\n|faint|p1a: Kora\n|-hitcount|p1: Kora|3\n|-unboost|p2a: Ditto|def|1\n|-boost|p2a: Ditto|spe|1\n|\n|-weather|SunnyDay|[upkeep]\n|upkeep\n|\n|t:|1698736951\n|switch|p1a: Sparks|Miraidon|100\/100\n|-damage|p1a: Sparks|88\/100|[from] Stealth Rock\n|-fieldstart|move: Electric Terrain|[from] ability: Hadron Engine|[of] p1a: Sparks\n|turn|18\n|\n|t:|1698736963\n|move|p2a: Ditto|Scale Shot|p1a: Sparks\n|-supereffective|p1a: Sparks\n|-damage|p1a: Sparks|55\/100\n|-supereffective|p1a: Sparks\n|-damage|p1a: Sparks|16\/100\n|-supereffective|p1a: Sparks\n|-damage|p1a: Sparks|0 fnt\n|faint|p1a: Sparks\n|-hitcount|p1: Sparks|3\n|\n|win|Bakitaladelbarrio\n|raw|iFlamercenar's rating: 1345 &rarr; <strong>1328<\/strong><br \/>(-17 for losing)\n|raw|Bakitaladelbarrio's rating: 1390 &rarr; <strong>1407<\/strong><br \/>(+17 for winning)\n|l|\u2606iFlamercenar\n","uploadtime":1698736974,"views":15,"p1id":"iflamercenar","p2id":"bakitaladelbarrio","formatid":"gen9anythinggoes","rating":1328,"private":0,"password":""}