{"id":"gen9anythinggoes-1985553335","p1":"Valflame","p2":"TheTrueLtaker","format":"[Gen 9] Anything Goes","log":"|j|\u2606Valflame\n|j|\u2606TheTrueLtaker\n|t:|1699384089\n|gametype|singles\n|player|p1|Valflame|irida|\n|player|p2|TheTrueLtaker|marnie-masters3|\n|teamsize|p1|6\n|teamsize|p2|6\n|gen|9\n|tier|[Gen 9] Anything Goes\n|rated|Tournament battle\n|rule|HP Percentage Mod: HP is shown in percentages\n|rule|Endless Battle Clause: Forcing endless battles is banned\n|rule|Species Clause: Limit one of each Pok\u00e9mon\n|rule|OHKO Clause: OHKO moves are banned\n|rule|Evasion Moves Clause: Evasion moves are banned\n|rule|1 Ability Clause: Limit 1 of each ability\n|rule|Sleep Moves Clause: Sleep-inducing moves are banned\n|rule|Terastal Clause: You cannot Terastallize\n|rule|Protean Palace Mod: Every Pok\u00e9mon innately has Protean.\n|clearpoke\n|poke|p1|Volcarona, F|\n|poke|p1|Glimmora, M|\n|poke|p1|Gallade, M|\n|poke|p1|Garchomp, F|\n|poke|p1|Thundurus-Therian, M|\n|poke|p1|Kommo-o, F|\n|poke|p2|Barraskewda, F|\n|poke|p2|Lucario, M|\n|poke|p2|Iron Leaves|\n|poke|p2|Cinderace, M|\n|poke|p2|Ceruledge, F|\n|poke|p2|Roaring Moon|\n|teampreview\n|j|%Iolanthe\n|inactive|Battle timer is ON: inactive players will automatically lose when time's up. (requested by TheTrueLtaker)\n|c|\u2606TheTrueLtaker|Glhf\n|c|\u2606Valflame|You too\n|\n|t:|1699384114\n|start\n|switch|p1a: Garchomp|Garchomp, F|100\/100\n|switch|p2a: Barraskewda|Barraskewda, F|100\/100\n|turn|1\n|l|%Iolanthe\n|\n|t:|1699384121\n|switch|p1a: Glimmora|Glimmora, M|100\/100\n|move|p2a: Barraskewda|Ice Fang|p1a: Glimmora\n|-start|p2a: Barraskewda|typechange|Ice|[from] ability: Protean\n|-damage|p1a: Glimmora|7\/100\n|\n|upkeep\n|turn|2\n|\n|t:|1699384135\n|switch|p2a: Roaring Moon|Roaring Moon|100\/100\n|-ability|p2a: Roaring Moon|Sword of Ruin\n|move|p1a: Glimmora|Power Gem|p2a: Roaring Moon\n|-start|p1a: Glimmora|typechange|Rock|[from] ability: Protean\n|-damage|p2a: Roaring Moon|64\/100\n|\n|upkeep\n|turn|3\n|\n|t:|1699384145\n|move|p2a: Roaring Moon|U-turn|p1a: Glimmora\n|-start|p2a: Roaring Moon|typechange|Bug|[from] ability: Protean\n|-damage|p1a: Glimmora|0 fnt\n|faint|p1a: Glimmora\n|\n|t:|1699384152\n|switch|p2a: Barraskewda|Barraskewda, F|100\/100|[from] U-turn\n|\n|upkeep\n|\n|t:|1699384155\n|switch|p1a: Gallade|Gallade, M|100\/100\n|turn|4\n|\n|t:|1699384167\n|move|p1a: Gallade|Sacred Sword|p2a: Barraskewda\n|-start|p1a: Gallade|typechange|Fighting|[from] ability: Protean\n|-damage|p2a: Barraskewda|7\/100\n|move|p2a: Barraskewda|Psychic Fangs|p1a: Gallade\n|-start|p2a: Barraskewda|typechange|Psychic|[from] ability: Protean\n|-supereffective|p1a: Gallade\n|-damage|p1a: Gallade|0 fnt\n|faint|p1a: Gallade\n|\n|upkeep\n|c|\u2606TheTrueLtaker|Zamn\n|c|\u2606TheTrueLtaker|We livin\n|\n|t:|1699384182\n|switch|p1a: Thundurus|Thundurus-Therian, M|100\/100\n|-fieldstart|move: Electric Terrain|[from] ability: Hadron Engine|[of] p1a: Thundurus\n|turn|5\n|\n|t:|1699384190\n|move|p2a: Barraskewda|Psychic Fangs|p1a: Thundurus\n|-damage|p1a: Thundurus|0 fnt\n|faint|p1a: Thundurus\n|\n|upkeep\n|\n|t:|1699384193\n|switch|p1a: Kommo-o|Kommo-o, F|100\/100\n|turn|6\n|\n|t:|1699384206\n|move|p1a: Kommo-o|Thunder Punch|p2a: Barraskewda\n|-start|p1a: Kommo-o|typechange|Electric|[from] ability: Protean\n|-damage|p2a: Barraskewda|0 fnt\n|faint|p2a: Barraskewda\n|\n|upkeep\n|j| ChannelerAlice\n|l| ChannelerAlice\n|inactive|TheTrueLtaker has 120 seconds left.\n|\n|t:|1699384240\n|switch|p2a: Iron Leaves|Iron Leaves|100\/100\n|turn|7\n|\n|t:|1699384247\n|switch|p1a: Volcarona|Volcarona, F|100\/100\n|move|p2a: Iron Leaves|Psyblade|p1a: Volcarona\n|-start|p2a: Iron Leaves|typechange|Psychic|[from] ability: Protean\n|-damage|p1a: Volcarona|0 fnt\n|faint|p1a: Volcarona\n|\n|upkeep\n|\n|t:|1699384256\n|switch|p1a: Kommo-o|Kommo-o, F|100\/100\n|turn|8\n|\n|t:|1699384264\n|move|p1a: Kommo-o|Dragon Claw|p2a: Iron Leaves\n|-start|p1a: Kommo-o|typechange|Dragon|[from] ability: Protean\n|-damage|p2a: Iron Leaves|29\/100\n|move|p2a: Iron Leaves|Psyblade|p1a: Kommo-o\n|-damage|p1a: Kommo-o|15\/100\n|\n|upkeep\n|turn|9\n|\n|t:|1699384275\n|move|p1a: Kommo-o|Dragon Claw|p2a: Iron Leaves\n|-damage|p2a: Iron Leaves|0 fnt\n|faint|p2a: Iron Leaves\n|\n|upkeep\n|\n|t:|1699384276\n|switch|p2a: Lucario|Lucario, M|100\/100\n|turn|10\n|\n|t:|1699384282\n|switch|p1a: Garchomp|Garchomp, F|100\/100\n|move|p2a: Lucario|Extreme Speed|p1a: Garchomp\n|-start|p2a: Lucario|typechange|Normal|[from] ability: Protean\n|-damage|p1a: Garchomp|64\/100\n|\n|-heal|p1a: Garchomp|70\/100|[from] item: Leftovers\n|upkeep\n|turn|11\n|\n|t:|1699384293\n|move|p1a: Garchomp|Liquidation|p2a: Lucario\n|-start|p1a: Garchomp|typechange|Water|[from] ability: Protean\n|-damage|p2a: Lucario|28\/100\n|move|p2a: Lucario|Swords Dance|p2a: Lucario\n|-boost|p2a: Lucario|atk|2\n|\n|-heal|p1a: Garchomp|76\/100|[from] item: Leftovers\n|-heal|p2a: Lucario|34\/100|[from] item: Leftovers\n|upkeep\n|turn|12\n|\n|t:|1699384303\n|move|p2a: Lucario|Extreme Speed|p1a: Garchomp\n|-damage|p1a: Garchomp|0 fnt\n|faint|p1a: Garchomp\n|\n|-heal|p2a: Lucario|40\/100|[from] item: Leftovers\n|-fieldend|move: Electric Terrain\n|upkeep\n|c|\u2606TheTrueLtaker|Gg\n|\n|t:|1699384309\n|switch|p1a: Kommo-o|Kommo-o, F|15\/100\n|turn|13\n|\n|t:|1699384312\n|move|p2a: Lucario|Extreme Speed|p1a: Kommo-o\n|-damage|p1a: Kommo-o|0 fnt\n|faint|p1a: Kommo-o\n|\n|win|TheTrueLtaker\n|n|\u2606Valflame|valflame\n|n|\u2606TheTrueLtaker|thetrueltaker\n","uploadtime":1699384314,"views":5,"p1id":"valflame","p2id":"thetrueltaker","formatid":"gen9anythinggoes","rating":0,"private":0,"password":""}