{"id":"gen9anythinggoes-1994529247","p1":"Darealrastabwoy007","p2":"Bakitaladelbarrio","format":"[Gen 9] Anything Goes","log":"|j|\u2606Darealrastabwoy007\n|j|\u2606Bakitaladelbarrio\n|t:|1700455120\n|gametype|singles\n|player|p1|Darealrastabwoy007|blackbelt-gen4|1443\n|player|p2|Bakitaladelbarrio|colress|1589\n|teamsize|p1|6\n|teamsize|p2|6\n|gen|9\n|tier|[Gen 9] Anything Goes\n|rated|\n|rule|HP Percentage Mod: HP is shown in percentages\n|rule|Endless Battle Clause: Forcing endless battles is banned\n|clearpoke\n|poke|p1|Ninetales-Alola, F|\n|poke|p1|Arcanine-Hisui, M|\n|poke|p1|Miraidon|\n|poke|p1|Weezing-Galar, M|\n|poke|p1|Zamazenta-*|\n|poke|p1|Calyrex-Shadow|\n|poke|p2|Calyrex-Shadow|\n|poke|p2|Darkrai|\n|poke|p2|Ditto|\n|poke|p2|Zacian-*|\n|poke|p2|Miraidon|\n|poke|p2|Glimmora, F|\n|teampreview\n|inactive|Battle timer is ON: inactive players will automatically lose when time's up. (requested by Bakitaladelbarrio)\n|\n|t:|1700455129\n|start\n|switch|p1a: Miraidon|Miraidon|100\/100\n|switch|p2a: Darkrai|Darkrai|100\/100\n|-fieldstart|move: Electric Terrain|[from] ability: Hadron Engine|[of] p1a: Miraidon\n|turn|1\n|\n|t:|1700455139\n|-terastallize|p1a: Miraidon|Electric\n|move|p1a: Miraidon|Electro Drift|p2a: Darkrai\n|-damage|p2a: Darkrai|0 fnt\n|faint|p2a: Darkrai\n|\n|upkeep\n|\n|t:|1700455149\n|switch|p2a: Zacian|Zacian-Crowned|100\/100\n|-ability|p2a: Zacian|Intrepid Sword|boost\n|-boost|p2a: Zacian|atk|1\n|turn|2\n|\n|t:|1700455161\n|switch|p1a: Arcanine|Arcanine-Hisui, M|100\/100\n|-ability|p1a: Arcanine|Intimidate|boost\n|-unboost|p2a: Zacian|atk|1\n|-terastallize|p2a: Zacian|Fairy\n|move|p2a: Zacian|Play Rough|p1a: Arcanine\n|-resisted|p1a: Arcanine\n|-damage|p1a: Arcanine|67\/100\n|\n|-heal|p1a: Arcanine|73\/100|[from] item: Leftovers\n|upkeep\n|turn|3\n|\n|t:|1700455175\n|switch|p2a: Glimmora|Glimmora, F|100\/100\n|move|p1a: Arcanine|Protect||[still]\n|-fail|p1a: Arcanine\n|\n|-heal|p1a: Arcanine|79\/100|[from] item: Leftovers\n|upkeep\n|turn|4\n|\n|t:|1700455187\n|switch|p1a: Weezing|Weezing-Galar, M|100\/100\n|move|p2a: Glimmora|Stealth Rock|p1a: Weezing\n|-sidestart|p1: Darealrastabwoy007|move: Stealth Rock\n|\n|upkeep\n|turn|5\n|\n|t:|1700455198\n|move|p2a: Glimmora|Power Gem|p1a: Weezing\n|-damage|p1a: Weezing|42\/100\n|move|p1a: Weezing|Defog|p2a: Glimmora\n|-unboost|p2a: Glimmora|evasion|1\n|-sideend|p1: Darealrastabwoy007|Stealth Rock|[from] move: Defog|[of] p1a: Weezing\n|-fieldend|move: Electric Terrain\n|\n|upkeep\n|turn|6\n|\n|t:|1700455215\n|move|p2a: Glimmora|Power Gem|p1a: Weezing\n|-damage|p1a: Weezing|0 fnt\n|faint|p1a: Weezing\n|\n|upkeep\n|\n|t:|1700455220\n|switch|p1a: Miraidon|Miraidon, tera:Electric|100\/100\n|-fieldstart|move: Electric Terrain|[from] ability: Hadron Engine|[of] p1a: Miraidon\n|turn|7\n|\n|t:|1700455225\n|move|p1a: Miraidon|Electro Drift|p2a: Glimmora\n|-crit|p2a: Glimmora\n|-enditem|p2a: Glimmora|Focus Sash\n|-damage|p2a: Glimmora|1\/100\n|move|p2a: Glimmora|Stealth Rock|p1a: Miraidon\n|-sidestart|p1: Darealrastabwoy007|move: Stealth Rock\n|\n|upkeep\n|turn|8\n|\n|t:|1700455233\n|move|p1a: Miraidon|Electro Drift|p2a: Glimmora\n|-damage|p2a: Glimmora|0 fnt\n|faint|p2a: Glimmora\n|\n|upkeep\n|\n|t:|1700455243\n|switch|p2a: Calyrex|Calyrex-Shadow|100\/100\n|-ability|p2a: Calyrex|As One\n|-ability|p2a: Calyrex|Unnerve\n|turn|9\n|\n|t:|1700455250\n|move|p1a: Miraidon|Electro Drift|p2a: Calyrex\n|-enditem|p2a: Calyrex|Focus Sash\n|-damage|p2a: Calyrex|1\/100\n|move|p2a: Calyrex|Astral Barrage|p1a: Miraidon\n|-damage|p1a: Miraidon|35\/100\n|\n|upkeep\n|turn|10\n|\n|t:|1700455262\n|switch|p2a: Miraidon|Miraidon|100\/100\n|-activate|p2a: Miraidon|ability: Hadron Engine\n|move|p1a: Miraidon|Electro Drift|p2a: Miraidon\n|-resisted|p2a: Miraidon\n|-damage|p2a: Miraidon|74\/100\n|\n|upkeep\n|turn|11\n|\n|t:|1700455278\n|switch|p1a: Arcanine|Arcanine-Hisui, M|79\/100\n|-damage|p1a: Arcanine|54\/100|[from] Stealth Rock\n|-ability|p1a: Arcanine|Intimidate|boost\n|-unboost|p2a: Miraidon|atk|1\n|move|p2a: Miraidon|Draco Meteor|p1a: Arcanine\n|-damage|p1a: Arcanine|0 fnt\n|-unboost|p2a: Miraidon|spa|2\n|faint|p1a: Arcanine\n|\n|-fieldend|move: Electric Terrain\n|upkeep\n|inactive|Darealrastabwoy007 has 120 seconds left.\n|\n|t:|1700455299\n|switch|p1a: Zamazenta|Zamazenta|100\/100\n|-damage|p1a: Zamazenta|94\/100|[from] Stealth Rock\n|-ability|p1a: Zamazenta|Dauntless Shield|boost\n|-boost|p1a: Zamazenta|def|1\n|turn|12\n|\n|t:|1700455306\n|switch|p2a: Calyrex|Calyrex-Shadow|1\/100\n|-ability|p2a: Calyrex|As One\n|-ability|p2a: Calyrex|Unnerve\n|move|p1a: Zamazenta|Brick Break|p2a: Calyrex\n|-immune|p2a: Calyrex\n|\n|upkeep\n|turn|13\n|\n|t:|1700455317\n|move|p2a: Calyrex|Astral Barrage|p1a: Zamazenta\n|-damage|p1a: Zamazenta|62\/100\n|move|p1a: Zamazenta|Crunch|p2a: Calyrex\n|-supereffective|p2a: Calyrex\n|-damage|p2a: Calyrex|0 fnt\n|faint|p2a: Calyrex\n|\n|upkeep\n|\n|t:|1700455330\n|switch|p2a: Miraidon|Miraidon|74\/100\n|-fieldstart|move: Electric Terrain|[from] ability: Hadron Engine|[of] p2a: Miraidon\n|turn|14\n|\n|t:|1700455337\n|move|p2a: Miraidon|Volt Switch|p1a: Zamazenta\n|-damage|p1a: Zamazenta|32\/100\n|\n|t:|1700455341\n|switch|p2a: Zacian|Zacian-Crowned, tera:Fairy|100\/100|[from] Volt Switch\n|move|p1a: Zamazenta|Brick Break|p2a: Zacian\n|-resisted|p2a: Zacian\n|-damage|p2a: Zacian|85\/100\n|\n|upkeep\n|turn|15\n|\n|t:|1700455353\n|move|p1a: Zamazenta|Quick Attack|p2a: Zacian\n|-damage|p2a: Zacian|74\/100\n|move|p2a: Zacian|Play Rough|p1a: Zamazenta\n|-supereffective|p1a: Zamazenta\n|-damage|p1a: Zamazenta|0 fnt\n|faint|p1a: Zamazenta\n|\n|upkeep\n|\n|t:|1700455362\n|switch|p1a: Miraidon|Miraidon, tera:Electric|35\/100\n|-damage|p1a: Miraidon|23\/100|[from] Stealth Rock\n|-activate|p1a: Miraidon|ability: Hadron Engine\n|turn|16\n|\n|t:|1700455372\n|move|p1a: Miraidon|Electro Drift|p2a: Zacian\n|-crit|p2a: Zacian\n|-damage|p2a: Zacian|0 fnt\n|faint|p2a: Zacian\n|\n|upkeep\n|\n|t:|1700455378\n|switch|p2a: Miraidon|Miraidon|74\/100\n|-activate|p2a: Miraidon|ability: Hadron Engine\n|turn|17\n|\n|t:|1700455383\n|switch|p1a: Ninetales|Ninetales-Alola, F|100\/100\n|-damage|p1a: Ninetales|76\/100|[from] Stealth Rock\n|-weather|Snow|[from] ability: Snow Warning|[of] p1a: Ninetales\n|move|p2a: Miraidon|Dazzling Gleam|p1a: Ninetales\n|-damage|p1a: Ninetales|28\/100\n|\n|-weather|Snow|[upkeep]\n|upkeep\n|turn|18\n|\n|t:|1700455395\n|move|p1a: Ninetales|Protect|p1a: Ninetales\n|-singleturn|p1a: Ninetales|Protect\n|move|p2a: Miraidon|Dazzling Gleam|p1a: Ninetales\n|-activate|p1a: Ninetales|move: Protect\n|\n|-weather|Snow|[upkeep]\n|-fieldend|move: Electric Terrain\n|upkeep\n|turn|19\n|\n|t:|1700455404\n|move|p2a: Miraidon|Dazzling Gleam|p1a: Ninetales\n|-damage|p1a: Ninetales|0 fnt\n|faint|p1a: Ninetales\n|\n|-weather|Snow|[upkeep]\n|upkeep\n|\n|t:|1700455411\n|switch|p1a: Miraidon|Miraidon, tera:Electric|23\/100\n|-damage|p1a: Miraidon|10\/100|[from] Stealth Rock\n|-fieldstart|move: Electric Terrain|[from] ability: Hadron Engine|[of] p1a: Miraidon\n|turn|20\n|\n|t:|1700455418\n|move|p2a: Miraidon|Dazzling Gleam|p1a: Miraidon\n|-damage|p1a: Miraidon|0 fnt\n|faint|p1a: Miraidon\n|\n|-weather|Snow|[upkeep]\n|upkeep\n|\n|t:|1700455424\n|switch|p1a: Calyrex|Calyrex-Shadow|100\/100\n|-ability|p1a: Calyrex|As One\n|-ability|p1a: Calyrex|Unnerve\n|-damage|p1a: Calyrex|88\/100|[from] Stealth Rock\n|turn|21\n|\n|t:|1700455431\n|move|p2a: Miraidon|Dazzling Gleam|p1a: Calyrex\n|-damage|p1a: Calyrex|51\/100\n|move|p1a: Calyrex|Draining Kiss|p2a: Miraidon\n|-supereffective|p2a: Miraidon\n|-damage|p2a: Miraidon|38\/100\n|-heal|p1a: Calyrex|79\/100|[from] drain|[of] p2a: Miraidon\n|\n|-weather|none\n|upkeep\n|turn|22\n|\n|t:|1700455440\n|move|p2a: Miraidon|Dazzling Gleam|p1a: Calyrex\n|-damage|p1a: Calyrex|41\/100\n|move|p1a: Calyrex|Draining Kiss|p2a: Miraidon\n|-supereffective|p2a: Miraidon\n|-damage|p2a: Miraidon|4\/100\n|-heal|p1a: Calyrex|67\/100|[from] drain|[of] p2a: Miraidon\n|\n|upkeep\n|turn|23\n|\n|t:|1700455451\n|switch|p2a: Ditto|Ditto|100\/100\n|-transform|p2a: Ditto|p1a: Calyrex|[from] ability: Imposter\n|move|p1a: Calyrex|Draining Kiss|p2a: Ditto\n|-damage|p2a: Ditto|74\/100\n|-heal|p1a: Calyrex|84\/100|[from] drain|[of] p2a: Ditto\n|\n|upkeep\n|turn|24\n|\n|t:|1700455462\n|move|p2a: Ditto|Astral Barrage|p1a: Calyrex\n|-supereffective|p1a: Calyrex\n|-damage|p1a: Calyrex|0 fnt\n|faint|p1a: Calyrex\n|\n|win|Bakitaladelbarrio\n|raw|Darealrastabwoy007's rating: 1443 &rarr; <strong>1431<\/strong><br \/>(-12 for losing)\n|raw|Bakitaladelbarrio's rating: 1589 &rarr; <strong>1601<\/strong><br \/>(+12 for winning)\n|l|\u2606Darealrastabwoy007\n","uploadtime":1700455473,"views":2,"p1id":"darealrastabwoy007","p2id":"bakitaladelbarrio","formatid":"gen9anythinggoes","rating":1431,"private":0,"password":""}