{"id":"gen9anythinggoes-1976251404","p1":"Beyoncejimin","p2":"LordeQuazzy","format":"[Gen 9] Anything Goes","log":"|j|\u2606Beyoncejimin\n|j|\u2606LordeQuazzy\n|t:|1698278608\n|gametype|singles\n|player|p1|Beyoncejimin|1|1385\n|player|p2|LordeQuazzy|blackbelt-gen4dp|1390\n|teamsize|p1|6\n|teamsize|p2|6\n|gen|9\n|tier|[Gen 9] Anything Goes\n|rated|\n|rule|HP Percentage Mod: HP is shown in percentages\n|rule|Endless Battle Clause: Forcing endless battles is banned\n|clearpoke\n|poke|p1|Chansey, F|\n|poke|p1|Gothitelle, M|\n|poke|p1|Drifblim, F|\n|poke|p1|Chi-Yu|\n|poke|p1|Dudunsparce-*, M|\n|poke|p1|Glalie, F|\n|poke|p2|Groudon|\n|poke|p2|Charizard, F|\n|poke|p2|Koraidon|\n|poke|p2|Brute Bonnet|\n|poke|p2|Great Tusk|\n|poke|p2|Flutter Mane|\n|teampreview\n|inactive|Battle timer is ON: inactive players will automatically lose when time's up. (requested by LordeQuazzy)\n|c|\u2606LordeQuazzy|gl hf!\n|\n|t:|1698278620\n|start\n|switch|p1a: Gothitelle|Gothitelle, M|100\/100\n|switch|p2a: Kyogre|Groudon|100\/100\n|-weather|SunnyDay|[from] ability: Drought|[of] p2a: Kyogre\n|turn|1\n|\n|t:|1698278624\n|move|p2a: Kyogre|Stealth Rock|p1a: Gothitelle\n|-sidestart|p1: Beyoncejimin|move: Stealth Rock\n|move|p1a: Gothitelle|Trick|p2a: Kyogre\n|-activate|p1a: Gothitelle|move: Trick|[of] p2a: Kyogre\n|-item|p2a: Kyogre|Choice Scarf|[from] move: Trick\n|-item|p1a: Gothitelle|Heat Rock|[from] move: Trick\n|\n|-weather|SunnyDay|[upkeep]\n|upkeep\n|turn|2\n|c|\u2606LordeQuazzy|emo girl must die\n|c|\u2606LordeQuazzy|interesting\n|c|\u2606LordeQuazzy|uhh\n|c|\u2606LordeQuazzy|enjoy having a rock IG\n|\n|t:|1698278642\n|move|p2a: Kyogre|Earthquake|p1a: Gothitelle\n|-damage|p1a: Gothitelle|50\/100\n|move|p1a: Gothitelle|Metronome|p1a: Gothitelle\n|move|p1a: Gothitelle|Bone Rush|p2a: Kyogre|[from]move: Metronome\n|-damage|p2a: Kyogre|98\/100\n|-damage|p2a: Kyogre|95\/100\n|-hitcount|p2a: Kyogre|2\n|\n|-weather|SunnyDay|[upkeep]\n|upkeep\n|turn|3\n|c|\u2606LordeQuazzy|*and* metronome?\n|\n|t:|1698278655\n|move|p2a: Kyogre|Earthquake|p1a: Gothitelle\n|-damage|p1a: Gothitelle|0 fnt\n|faint|p1a: Gothitelle\n|\n|-weather|SunnyDay|[upkeep]\n|upkeep\n|\n|t:|1698278659\n|switch|p1a: Drifblim|Drifblim, F|100\/100\n|-damage|p1a: Drifblim|75\/100|[from] Stealth Rock\n|turn|4\n|c|\u2606LordeQuazzy|why tho\n|c|\u2606LordeQuazzy|I am confusion\n|c|\u2606LordeQuazzy|drif swap is good\n|c|\u2606LordeQuazzy|earns a tempo\n|c|\u2606LordeQuazzy|but why not incorporate a u turn or smthn\n|c|\u2606LordeQuazzy|or baton pass\n|\n|t:|1698278687\n|switch|p2a: Fluttershy|Flutter Mane|100\/100\n|-activate|p2a: Fluttershy|ability: Protosynthesis\n|-start|p2a: Fluttershy|protosynthesisspa\n|move|p1a: Drifblim|Defog|p2a: Fluttershy\n|-unboost|p2a: Fluttershy|evasion|1\n|-sideend|p1: Beyoncejimin|Stealth Rock|[from] move: Defog|[of] p1a: Drifblim\n|\n|-weather|SunnyDay|[upkeep]\n|-heal|p1a: Drifblim|82\/100|[from] item: Leftovers\n|upkeep\n|turn|5\n|\n|t:|1698278696\n|switch|p1a: Chansey|Chansey, F|100\/100\n|move|p2a: Fluttershy|Shadow Ball|p1a: Chansey\n|-immune|p1a: Chansey\n|\n|-weather|SunnyDay|[upkeep]\n|upkeep\n|turn|6\n|c|\u2606LordeQuazzy|another good swap\n|\n|t:|1698278704\n|move|p2a: Fluttershy|Moonblast|p1a: Chansey\n|-damage|p1a: Chansey|83\/100\n|move|p1a: Chansey|Thunder Wave|p2a: Fluttershy\n|-status|p2a: Fluttershy|par\n|\n|-weather|SunnyDay|[upkeep]\n|upkeep\n|turn|7\n|c|\u2606LordeQuazzy|ahhh\n|c|\u2606LordeQuazzy|ow\n|\n|t:|1698278711\n|-end|p2a: Fluttershy|Protosynthesis|[silent]\n|switch|p2a: Iron Treads|Great Tusk|100\/100\n|-activate|p2a: Iron Treads|ability: Protosynthesis\n|-start|p2a: Iron Treads|protosynthesisatk\n|switch|p1a: Dudunsparce|Dudunsparce-Three-Segment, M, shiny|100\/100\n|\n|-weather|SunnyDay|[upkeep]\n|upkeep\n|turn|8\n|c|\u2606LordeQuazzy|I need to be more careful\n|\n|t:|1698278721\n|-terastallize|p1a: Dudunsparce|Ghost\n|move|p2a: Iron Treads|Close Combat|p1a: Dudunsparce\n|-immune|p1a: Dudunsparce\n|move|p1a: Dudunsparce|Glare|p2a: Iron Treads\n|-status|p2a: Iron Treads|par\n|\n|-weather|none\n|-end|p2a: Iron Treads|Protosynthesis\n|upkeep\n|turn|9\n|c|\u2606LordeQuazzy|dundundun\n|c|\u2606LordeQuazzy|oooof\n|c|\u2606LordeQuazzy|another good one\n|c|\u2606LordeQuazzy|I'm being read like a book!\n|\n|t:|1698278733\n|switch|p1a: Drifblim|Drifblim, F|82\/100\n|move|p2a: Iron Treads|Earthquake|p1a: Drifblim\n|-immune|p1a: Drifblim\n|\n|-heal|p1a: Drifblim|88\/100|[from] item: Leftovers\n|upkeep\n|turn|10\n|c|\u2606LordeQuazzy|AAAAA\n|c|\u2606LordeQuazzy|again!\n|\n|t:|1698278740\n|move|p1a: Drifblim|Substitute|p1a: Drifblim\n|-start|p1a: Drifblim|Substitute\n|-damage|p1a: Drifblim|63\/100\n|move|p2a: Iron Treads|Rock Slide|p1a: Drifblim|[miss]\n|-miss|p2a: Iron Treads|p1a: Drifblim\n|\n|-heal|p1a: Drifblim|69\/100|[from] item: Leftovers\n|upkeep\n|turn|11\n|\n|t:|1698278747\n|move|p1a: Drifblim|Minimize|p1a: Drifblim\n|-boost|p1a: Drifblim|evasion|2\n|move|p2a: Iron Treads|Rock Slide|p1a: Drifblim|[miss]\n|-miss|p2a: Iron Treads|p1a: Drifblim\n|\n|-heal|p1a: Drifblim|75\/100|[from] item: Leftovers\n|upkeep\n|turn|12\n|c|\u2606LordeQuazzy|mix in a touch of bad luck\n|\n|t:|1698278766\n|-end|p2a: Iron Treads|Protosynthesis|[silent]\n|switch|p2a: Kyogre|Groudon|95\/100\n|-weather|SunnyDay|[from] ability: Drought|[of] p2a: Kyogre\n|move|p1a: Drifblim|Minimize|p1a: Drifblim\n|-boost|p1a: Drifblim|evasion|2\n|\n|-weather|SunnyDay|[upkeep]\n|-heal|p1a: Drifblim|81\/100|[from] item: Leftovers\n|upkeep\n|turn|13\n|\n|t:|1698278775\n|move|p1a: Drifblim|Minimize|p1a: Drifblim\n|-boost|p1a: Drifblim|evasion|2\n|move|p2a: Kyogre|Roar|p1a: Drifblim\n|drag|p1a: Chi-Yu|Chi-Yu|100\/100\n|-ability|p1a: Chi-Yu|Beads of Ruin\n|\n|-weather|SunnyDay|[upkeep]\n|upkeep\n|turn|14\n|c|\u2606LordeQuazzy|at least I remembered to grab roar\n|\n|t:|1698278788\n|switch|p2a: Iron Treads|Great Tusk|100\/100 par\n|-activate|p2a: Iron Treads|ability: Protosynthesis\n|-start|p2a: Iron Treads|protosynthesisatk\n|move|p1a: Chi-Yu|Fire Blast|p2a: Iron Treads\n|-enditem|p2a: Iron Treads|Focus Sash\n|-damage|p2a: Iron Treads|1\/100 par\n|\n|-weather|SunnyDay|[upkeep]\n|upkeep\n|turn|15\n|c|\u2606LordeQuazzy|perfect counter, and yet\n|c|\u2606LordeQuazzy|ow\n|\n|t:|1698278808\n|move|p1a: Chi-Yu|Dark Pulse|p2a: Iron Treads\n|-resisted|p2a: Iron Treads\n|-damage|p2a: Iron Treads|0 fnt\n|faint|p2a: Iron Treads\n|-end|p2a: Iron Treads|Protosynthesis|[silent]\n|\n|-weather|SunnyDay|[upkeep]\n|upkeep\n|\n|t:|1698278817\n|switch|p2a: Kyogre|Groudon|95\/100\n|turn|16\n|\n|t:|1698278825\n|switch|p1a: Drifblim|Drifblim, F|81\/100\n|move|p2a: Kyogre|Earthquake|p1a: Drifblim\n|-immune|p1a: Drifblim\n|\n|-weather|none\n|-heal|p1a: Drifblim|87\/100|[from] item: Leftovers\n|upkeep\n|turn|17\n|c|\u2606LordeQuazzy|I am in pain\n|\n|t:|1698278832\n|switch|p2a: Brute Bonnet|Brute Bonnet|100\/100\n|switch|p1a: Dudunsparce|Dudunsparce-Three-Segment, M, shiny, tera:Ghost|100\/100\n|\n|upkeep\n|turn|18\n|\n|t:|1698278843\n|switch|p1a: Chi-Yu|Chi-Yu|100\/100\n|-ability|p1a: Chi-Yu|Beads of Ruin\n|move|p2a: Brute Bonnet|Spore|p1a: Chi-Yu\n|-status|p1a: Chi-Yu|slp|[from] move: Spore\n|\n|upkeep\n|turn|19\n|c|\u2606LordeQuazzy|sorry for resorting to this\n|\n|t:|1698278861\n|-end|p2a: Brute Bonnet|Protosynthesis|[silent]\n|switch|p2a: Fluttershy|Flutter Mane|100\/100 par\n|cant|p1a: Chi-Yu|slp\n|\n|upkeep\n|turn|20\n|c|\u2606LordeQuazzy|I hope you've a counter\n|\n|t:|1698278866\n|-curestatus|p1a: Chi-Yu|slp|[msg]\n|move|p1a: Chi-Yu|Fire Blast|p2a: Fluttershy\n|-damage|p2a: Fluttershy|15\/100 par\n|move|p2a: Fluttershy|Shadow Ball|p1a: Chi-Yu\n|-resisted|p1a: Chi-Yu\n|-damage|p1a: Chi-Yu|75\/100\n|\n|upkeep\n|turn|21\n|c|\u2606LordeQuazzy|ah right\n|c|\u2606LordeQuazzy|dark, not ghost\n|c|\u2606LordeQuazzy|whoops\n|\n|t:|1698278892\n|-end|p2a: Fluttershy|Protosynthesis|[silent]\n|switch|p2a: Kyogre|Groudon|95\/100\n|-weather|SunnyDay|[from] ability: Drought|[of] p2a: Kyogre\n|move|p1a: Chi-Yu|Dark Pulse|p2a: Kyogre\n|-damage|p2a: Kyogre|20\/100\n|\n|-weather|SunnyDay|[upkeep]\n|upkeep\n|turn|22\n|\n|t:|1698278902\n|switch|p1a: Drifblim|Drifblim, F|87\/100\n|move|p2a: Kyogre|Stealth Rock|p1a: Drifblim\n|-sidestart|p1: Beyoncejimin|move: Stealth Rock\n|\n|-weather|SunnyDay|[upkeep]\n|-heal|p1a: Drifblim|94\/100|[from] item: Leftovers\n|upkeep\n|turn|23\n|\n|t:|1698278910\n|switch|p2a: Brute Bonnet|Brute Bonnet|100\/100\n|-activate|p2a: Brute Bonnet|ability: Protosynthesis\n|-start|p2a: Brute Bonnet|protosynthesisatk\n|move|p1a: Drifblim|Defog|p2a: Brute Bonnet\n|-unboost|p2a: Brute Bonnet|evasion|1\n|-sideend|p1: Beyoncejimin|Stealth Rock|[from] move: Defog|[of] p1a: Drifblim\n|\n|-weather|SunnyDay|[upkeep]\n|-heal|p1a: Drifblim|99\/100|[from] item: Leftovers\n|upkeep\n|turn|24\n|\n|t:|1698278925\n|move|p1a: Drifblim|Substitute|p1a: Drifblim\n|-start|p1a: Drifblim|Substitute\n|-damage|p1a: Drifblim|75\/100\n|move|p2a: Brute Bonnet|Spore||[still]\n|-fail|p2a: Brute Bonnet\n|\n|-weather|SunnyDay|[upkeep]\n|-heal|p1a: Drifblim|81\/100|[from] item: Leftovers\n|upkeep\n|turn|25\n|\n|t:|1698278931\n|move|p1a: Drifblim|Minimize|p1a: Drifblim\n|-boost|p1a: Drifblim|evasion|2\n|move|p2a: Brute Bonnet|Bullet Seed|p1a: Drifblim|[miss]\n|-miss|p2a: Brute Bonnet|p1a: Drifblim\n|\n|-weather|none\n|-end|p2a: Brute Bonnet|Protosynthesis\n|-heal|p1a: Drifblim|87\/100|[from] item: Leftovers\n|upkeep\n|turn|26\n|\n|t:|1698278936\n|move|p1a: Drifblim|Minimize|p1a: Drifblim\n|-boost|p1a: Drifblim|evasion|2\n|move|p2a: Brute Bonnet|Bullet Seed|p1a: Drifblim\n|-resisted|p1a: Drifblim\n|-activate|p1a: Drifblim|move: Substitute|[damage]\n|-resisted|p1a: Drifblim\n|-activate|p1a: Drifblim|move: Substitute|[damage]\n|-resisted|p1a: Drifblim\n|-activate|p1a: Drifblim|move: Substitute|[damage]\n|-resisted|p1a: Drifblim\n|-activate|p1a: Drifblim|move: Substitute|[damage]\n|-resisted|p1a: Drifblim\n|-end|p1a: Drifblim|Substitute\n|-hitcount|p1a: Drifblim|5\n|\n|-heal|p1a: Drifblim|93\/100|[from] item: Leftovers\n|upkeep\n|turn|27\n|\n|t:|1698278949\n|move|p1a: Drifblim|Substitute|p1a: Drifblim\n|-start|p1a: Drifblim|Substitute\n|-damage|p1a: Drifblim|68\/100\n|move|p2a: Brute Bonnet|Spore||[still]\n|-fail|p2a: Brute Bonnet\n|\n|-heal|p1a: Drifblim|74\/100|[from] item: Leftovers\n|upkeep\n|turn|28\n|c|\u2606LordeQuazzy|grrr\n|\n|t:|1698278954\n|move|p1a: Drifblim|Minimize|p1a: Drifblim\n|-boost|p1a: Drifblim|evasion|2\n|move|p2a: Brute Bonnet|Bullet Seed|p1a: Drifblim|[miss]\n|-miss|p2a: Brute Bonnet|p1a: Drifblim\n|\n|-heal|p1a: Drifblim|80\/100|[from] item: Leftovers\n|upkeep\n|turn|29\n|\n|t:|1698278960\n|-end|p2a: Brute Bonnet|Protosynthesis|[silent]\n|switch|p2a: Blastoise|Charizard, F|100\/100\n|move|p1a: Drifblim|Baton Pass|p1a: Drifblim\n|\n|t:|1698278965\n|switch|p1a: Chi-Yu|Chi-Yu|75\/100|[from] Baton Pass\n|-ability|p1a: Chi-Yu|Beads of Ruin\n|\n|upkeep\n|turn|30\n|\n|t:|1698278970\n|move|p1a: Chi-Yu|Nasty Plot|p1a: Chi-Yu\n|-boost|p1a: Chi-Yu|spa|2\n|move|p2a: Blastoise|Roar|p1a: Chi-Yu\n|drag|p1a: Glalie|Glalie, F|100\/100\n|\n|-ability|p1a: Glalie|Moody|boost\n|-boost|p1a: Glalie|spd|2\n|-unboost|p1a: Glalie|spa|1\n|upkeep\n|turn|31\n|c|\u2606LordeQuazzy|no buffs\n|c|\u2606LordeQuazzy|spdf... less than ideal\n|\n|t:|1698278990\n|switch|p1a: Chansey|Chansey, F|83\/100\n|move|p2a: Blastoise|Fire Blast|p1a: Chansey\n|-damage|p1a: Chansey|72\/100\n|\n|upkeep\n|turn|32\n|c|\u2606LordeQuazzy|ah, that works\n|\n|t:|1698279000\n|switch|p2a: Miraidon|Koraidon|100\/100\n|-weather|SunnyDay|[from] ability: Orichalcum Pulse|[of] p2a: Miraidon\n|-activate|p2a: Miraidon|Orichalcum Pulse|[source]\n|move|p1a: Chansey|Thunder Wave|p2a: Miraidon\n|-status|p2a: Miraidon|par\n|\n|-weather|SunnyDay|[upkeep]\n|upkeep\n|turn|33\n|c|\u2606LordeQuazzy|aaaa\n|\n|t:|1698279015\n|switch|p1a: Glalie|Glalie, F|100\/100\n|move|p2a: Miraidon|Collision Course|p1a: Glalie\n|-supereffective|p1a: Glalie\n|-damage|p1a: Glalie|0 fnt\n|faint|p1a: Glalie\n|\n|-weather|SunnyDay|[upkeep]\n|upkeep\n|c|\u2606LordeQuazzy|this feels like bullying\n|c|\u2606LordeQuazzy|two-sided bullying, but still\n|\n|t:|1698279022\n|switch|p1a: Chi-Yu|Chi-Yu|75\/100\n|-ability|p1a: Chi-Yu|Beads of Ruin\n|turn|34\n|c|\u2606LordeQuazzy|oh?\n|c|\u2606LordeQuazzy|odd play but alr\n|\n|t:|1698279028\n|move|p1a: Chi-Yu|Psychic|p2a: Miraidon\n|-supereffective|p2a: Miraidon\n|-damage|p2a: Miraidon|8\/100 par\n|move|p2a: Miraidon|Collision Course|p1a: Chi-Yu\n|-supereffective|p1a: Chi-Yu\n|-damage|p1a: Chi-Yu|0 fnt\n|faint|p1a: Chi-Yu\n|\n|-weather|SunnyDay|[upkeep]\n|upkeep\n|\n|t:|1698279032\n|switch|p1a: Drifblim|Drifblim, F|80\/100\n|turn|35\n|c|\u2606LordeQuazzy|oof\n|c|\u2606LordeQuazzy|and not quite there\n|\n|t:|1698279050\n|cant|p2a: Miraidon|par\n|move|p1a: Drifblim|Substitute|p1a: Drifblim\n|-start|p1a: Drifblim|Substitute\n|-damage|p1a: Drifblim|55\/100\n|\n|-weather|SunnyDay|[upkeep]\n|-heal|p1a: Drifblim|62\/100|[from] item: Leftovers\n|upkeep\n|turn|36\n|\n|t:|1698279054\n|move|p2a: Miraidon|Dragon Claw|p1a: Drifblim\n|-end|p1a: Drifblim|Substitute\n|move|p1a: Drifblim|Minimize|p1a: Drifblim\n|-boost|p1a: Drifblim|evasion|2\n|\n|-weather|SunnyDay|[upkeep]\n|-heal|p1a: Drifblim|68\/100|[from] item: Leftovers\n|upkeep\n|turn|37\n|\n|t:|1698279060\n|move|p2a: Miraidon|Flare Blitz|p1a: Drifblim\n|-damage|p1a: Drifblim|6\/100\n|-damage|p2a: Miraidon|0 fnt|[from] Recoil\n|faint|p2a: Miraidon\n|move|p1a: Drifblim|Minimize|p1a: Drifblim\n|-boost|p1a: Drifblim|evasion|2\n|\n|-weather|SunnyDay|[upkeep]\n|-heal|p1a: Drifblim|12\/100|[from] item: Leftovers\n|upkeep\n|\n|t:|1698279069\n|switch|p2a: Blastoise|Charizard, F|100\/100\n|turn|38\n|\n|t:|1698279081\n|move|p1a: Drifblim|Baton Pass|p1a: Drifblim\n|\n|t:|1698279083\n|switch|p1a: Chansey|Chansey, F|72\/100|[from] Baton Pass\n|move|p2a: Blastoise|Roar|p1a: Chansey\n|drag|p1a: Drifblim|Drifblim, F|12\/100\n|\n|-weather|SunnyDay|[upkeep]\n|-damage|p2a: Blastoise|88\/100|[from] ability: Solar Power|[of] p2a: Blastoise\n|-heal|p1a: Drifblim|18\/100|[from] item: Leftovers\n|upkeep\n|turn|39\n|c|\u2606LordeQuazzy|best play available; fair\n|\n|t:|1698279104\n|switch|p1a: Chansey|Chansey, F|72\/100\n|move|p2a: Blastoise|Fire Blast|p1a: Chansey|[miss]\n|-miss|p2a: Blastoise|p1a: Chansey\n|\n|-weather|none\n|upkeep\n|turn|40\n|\n|t:|1698279120\n|switch|p2a: Brute Bonnet|Brute Bonnet|100\/100\n|move|p1a: Chansey|Seismic Toss|p2a: Brute Bonnet\n|-damage|p2a: Brute Bonnet|77\/100\n|\n|-heal|p2a: Brute Bonnet|83\/100|[from] item: Leftovers\n|upkeep\n|turn|41\n|\n|t:|1698279132\n|move|p2a: Brute Bonnet|Spore|p1a: Chansey\n|-status|p1a: Chansey|slp|[from] move: Spore\n|cant|p1a: Chansey|slp\n|\n|-heal|p2a: Brute Bonnet|89\/100|[from] item: Leftovers\n|upkeep\n|turn|42\n|l|\u2606LordeQuazzy\n|inactive|LordeQuazzy disconnected and has a minute to reconnect!\n|player|p2|\n|j|\u2606LordeQuazzy\n|inactive|LordeQuazzy reconnected and has 120 seconds left.\n|player|p2|LordeQuazzy|blackbelt-gen4dp\n|\n|t:|1698279165\n|move|p2a: Brute Bonnet|Bullet Seed|p1a: Chansey\n|-damage|p1a: Chansey|50\/100 slp\n|-damage|p1a: Chansey|28\/100 slp\n|-damage|p1a: Chansey|6\/100 slp\n|-damage|p1a: Chansey|0 fnt\n|faint|p1a: Chansey\n|-hitcount|p1: Chansey|4\n|\n|-heal|p2a: Brute Bonnet|95\/100|[from] item: Leftovers\n|upkeep\n|c|\u2606LordeQuazzy|wooo\n|\n|t:|1698279170\n|switch|p1a: Dudunsparce|Dudunsparce-Three-Segment, M, shiny, tera:Ghost|100\/100\n|turn|43\n|c|\u2606LordeQuazzy|progress\n|inactive|LordeQuazzy has 120 seconds left.\n|\n|t:|1698279176\n|move|p2a: Brute Bonnet|Sucker Punch||[still]\n|-fail|p2a: Brute Bonnet\n|move|p1a: Dudunsparce|Glare|p2a: Brute Bonnet\n|-status|p2a: Brute Bonnet|par\n|\n|-heal|p2a: Brute Bonnet|100\/100 par|[from] item: Leftovers\n|upkeep\n|turn|44\n|\n|t:|1698279185\n|move|p2a: Brute Bonnet|Sucker Punch|p1a: Dudunsparce\n|-supereffective|p1a: Dudunsparce\n|-damage|p1a: Dudunsparce|18\/100\n|move|p1a: Dudunsparce|Headbutt|p2a: Brute Bonnet\n|-damage|p2a: Brute Bonnet|75\/100 par\n|\n|-heal|p2a: Brute Bonnet|81\/100 par|[from] item: Leftovers\n|upkeep\n|turn|45\n|c|\u2606LordeQuazzy|attack me\n|c|\u2606LordeQuazzy|I dare you\n|\n|t:|1698279190\n|switch|p1a: Drifblim|Drifblim, F|18\/100\n|move|p2a: Brute Bonnet|Sucker Punch||[still]\n|-fail|p2a: Brute Bonnet\n|\n|-heal|p1a: Drifblim|24\/100|[from] item: Leftovers\n|-heal|p2a: Brute Bonnet|87\/100 par|[from] item: Leftovers\n|upkeep\n|turn|46\n|\n|t:|1698279196\n|move|p1a: Drifblim|Minimize|p1a: Drifblim\n|-boost|p1a: Drifblim|evasion|2\n|move|p2a: Brute Bonnet|Spore|p1a: Drifblim|[miss]\n|-miss|p2a: Brute Bonnet|p1a: Drifblim\n|\n|-heal|p1a: Drifblim|30\/100|[from] item: Leftovers\n|-heal|p2a: Brute Bonnet|93\/100 par|[from] item: Leftovers\n|upkeep\n|turn|47\n|\n|t:|1698279205\n|-end|p2a: Brute Bonnet|Protosynthesis|[silent]\n|switch|p2a: Blastoise|Charizard, F|88\/100\n|move|p1a: Drifblim|Substitute|p1a: Drifblim\n|-start|p1a: Drifblim|Substitute\n|-damage|p1a: Drifblim|5\/100\n|\n|-heal|p1a: Drifblim|11\/100|[from] item: Leftovers\n|upkeep\n|turn|48\n|\n|t:|1698279216\n|move|p1a: Drifblim|Defog|p2a: Blastoise\n|-unboost|p2a: Blastoise|evasion|1\n|move|p2a: Blastoise|Roar|p1a: Drifblim\n|drag|p1a: Dudunsparce|Dudunsparce-Three-Segment, M, shiny, tera:Ghost|18\/100\n|\n|upkeep\n|turn|49\n|c|\u2606LordeQuazzy|still got drif counters, thank you very much\n|c|\u2606LordeQuazzy|also, you should put a poisoner on your team\n|c|\u2606LordeQuazzy|it'd be great\n|c|\u2606LordeQuazzy|maybe toxa?\n|\n|t:|1698279235\n|move|p2a: Blastoise|Fire Blast|p1a: Dudunsparce\n|-damage|p1a: Dudunsparce|0 fnt\n|faint|p1a: Dudunsparce\n|\n|upkeep\n|c|\u2606Beyoncejimin|Thanks, gg\n|c|\u2606LordeQuazzy|gg\n|c|\u2606Beyoncejimin|no offensive moves left\n|\n|t:|1698279250\n|switch|p1a: Drifblim|Drifblim, F|11\/100\n|turn|50\n|c|\u2606LordeQuazzy|lol\n|c|\u2606LordeQuazzy|we can just vibe until you get struggle\n|\n|t:|1698279261\n|move|p1a: Drifblim|Defog|p2a: Blastoise\n|-unboost|p2a: Blastoise|evasion|1\n|move|p2a: Blastoise|Roar||[still]\n|-fail|p2a: Blastoise\n|\n|-heal|p1a: Drifblim|18\/100|[from] item: Leftovers\n|upkeep\n|turn|51\n|c|\u2606LordeQuazzy|...in which case I think you'd sweep me\n|c|\u2606LordeQuazzy|since I can't roar or anything\n|c|\u2606Beyoncejimin|Haha Nah I gotta keep my mind occupied \ud83d\ude06\n|c|\u2606LordeQuazzy|lol\n|c|\u2606LordeQuazzy|fair, gg\n|-message|Beyoncejimin forfeited.\n|\n|win|LordeQuazzy\n|raw|Beyoncejimin's rating: 1385 &rarr; <strong>1365<\/strong><br \/>(-20 for losing)\n|raw|LordeQuazzy's rating: 1390 &rarr; <strong>1410<\/strong><br \/>(+20 for winning)\n|c|\u2606LordeQuazzy|cya around!\n|l|\u2606Beyoncejimin\n","uploadtime":1698278629,"views":3,"p1id":"beyoncejimin","p2id":"lordequazzy","formatid":"gen9anythinggoes","rating":1365,"private":0,"password":""}