{"id":"gen9anythinggoes-1978472703","p1":"Wildfiree","p2":"bailongzhenshuai","format":"[Gen 9] Anything Goes","log":"|j|\u2606Wildfiree\n|j|\u2606bailongzhenshuai\n|t:|1698543430\n|gametype|singles\n|player|p1|Wildfiree|carmine-festival|1688\n|player|p2|bailongzhenshuai|roxie|1869\n|teamsize|p1|6\n|teamsize|p2|6\n|gen|9\n|tier|[Gen 9] Anything Goes\n|rated|\n|rule|HP Percentage Mod: HP is shown in percentages\n|rule|Endless Battle Clause: Forcing endless battles is banned\n|clearpoke\n|poke|p1|Koraidon|\n|poke|p1|Calyrex-Shadow|\n|poke|p1|Landorus-Therian, M|\n|poke|p1|Arceus|\n|poke|p1|Arceus-Fairy|\n|poke|p1|Ting-Lu|\n|poke|p2|Calyrex-Shadow|\n|poke|p2|Wo-Chien|\n|poke|p2|Kyogre|\n|poke|p2|Zacian-*|\n|poke|p2|Arceus-Fairy|\n|poke|p2|Koraidon|\n|teampreview\n|inactive|Battle timer is ON: inactive players will automatically lose when time's up. (requested by bailongzhenshuai)\n|\n|t:|1698543447\n|start\n|switch|p1a: Arceus|Arceus-Fairy|100\/100\n|switch|p2a: Arceus|Arceus-Fairy|100\/100\n|turn|1\n|\n|t:|1698543452\n|move|p2a: Arceus|Taunt|p1a: Arceus\n|-start|p1a: Arceus|move: Taunt\n|cant|p1a: Arceus|move: Taunt|Calm Mind\n|\n|upkeep\n|turn|2\n|\n|t:|1698543454\n|move|p1a: Arceus|Judgment|p2a: Arceus\n|-crit|p2a: Arceus\n|-damage|p2a: Arceus|54\/100\n|move|p2a: Arceus|Thunder Wave|p1a: Arceus\n|-status|p1a: Arceus|par\n|\n|upkeep\n|turn|3\n|\n|t:|1698543457\n|move|p2a: Arceus|Stealth Rock|p1a: Arceus\n|-sidestart|p1: Wildfiree|move: Stealth Rock\n|move|p1a: Arceus|Judgment|p2a: Arceus\n|-damage|p2a: Arceus|24\/100\n|\n|-end|p1a: Arceus|move: Taunt\n|upkeep\n|turn|4\n|\n|t:|1698543464\n|move|p2a: Arceus|Judgment|p1a: Arceus\n|-damage|p1a: Arceus|70\/100 par\n|move|p1a: Arceus|Calm Mind|p1a: Arceus\n|-boost|p1a: Arceus|spa|1\n|-boost|p1a: Arceus|spd|1\n|\n|upkeep\n|turn|5\n|\n|t:|1698543470\n|move|p2a: Arceus|Taunt|p1a: Arceus\n|-start|p1a: Arceus|move: Taunt\n|move|p1a: Arceus|Judgment|p2a: Arceus\n|-damage|p2a: Arceus|0 fnt\n|faint|p2a: Arceus\n|\n|upkeep\n|\n|t:|1698543472\n|switch|p2a: Zacian|Zacian-Crowned|100\/100\n|-ability|p2a: Zacian|Intrepid Sword|boost\n|-boost|p2a: Zacian|atk|1\n|turn|6\n|\n|t:|1698543475\n|-terastallize|p1a: Arceus|Poison\n|move|p2a: Zacian|Behemoth Blade|p1a: Arceus\n|-damage|p1a: Arceus|12\/100 par\n|move|p1a: Arceus|Earth Power|p2a: Zacian\n|-supereffective|p2a: Zacian\n|-damage|p2a: Zacian|37\/100\n|\n|upkeep\n|turn|7\n|\n|t:|1698543482\n|move|p2a: Zacian|Behemoth Blade|p1a: Arceus\n|-damage|p1a: Arceus|0 fnt\n|faint|p1a: Arceus\n|\n|upkeep\n|\n|t:|1698543483\n|switch|p1a: Landorus|Landorus-Therian, M|100\/100\n|-damage|p1a: Landorus|88\/100|[from] Stealth Rock\n|-ability|p1a: Landorus|Intimidate|boost\n|-unboost|p2a: Zacian|atk|1\n|turn|8\n|\n|t:|1698543490\n|move|p2a: Zacian|Behemoth Blade|p1a: Landorus\n|-damage|p1a: Landorus|46\/100\n|-damage|p2a: Zacian|20\/100|[from] item: Rocky Helmet|[of] p1a: Landorus\n|move|p1a: Landorus|Stealth Rock|p2a: Zacian\n|-sidestart|p2: bailongzhenshuai|move: Stealth Rock\n|\n|upkeep\n|turn|9\n|\n|t:|1698543497\n|move|p2a: Zacian|Behemoth Blade|p1a: Landorus\n|-damage|p1a: Landorus|7\/100\n|-damage|p2a: Zacian|4\/100|[from] item: Rocky Helmet|[of] p1a: Landorus\n|move|p1a: Landorus|U-turn|p2a: Zacian\n|-resisted|p2a: Zacian\n|-damage|p2a: Zacian|0 fnt\n|faint|p2a: Zacian\n|\n|t:|1698543506\n|switch|p1a: Calyrex|Calyrex-Shadow|100\/100|[from] U-turn\n|-ability|p1a: Calyrex|As One\n|-ability|p1a: Calyrex|Unnerve\n|\n|upkeep\n|\n|t:|1698543510\n|switch|p2a: Wo-Chien|Wo-Chien|100\/100\n|-damage|p2a: Wo-Chien|88\/100|[from] Stealth Rock\n|-ability|p2a: Wo-Chien|Tablets of Ruin\n|turn|10\n|\n|t:|1698543515\n|switch|p1a: Landorus|Landorus-Therian, M|7\/100\n|-damage|p1a: Landorus|0 fnt|[from] Stealth Rock\n|faint|p1a: Landorus\n|move|p2a: Wo-Chien|Leech Seed|p1: Landorus|[notarget]\n|-fail|p2a: Wo-Chien\n|\n|-heal|p2a: Wo-Chien|94\/100|[from] item: Leftovers\n|upkeep\n|\n|t:|1698543531\n|switch|p1a: Koraidon|Koraidon|100\/100\n|-damage|p1a: Koraidon|94\/100|[from] Stealth Rock\n|-weather|SunnyDay|[from] ability: Orichalcum Pulse|[of] p1a: Koraidon\n|-activate|p1a: Koraidon|Orichalcum Pulse|[source]\n|turn|11\n|\n|t:|1698543535\n|move|p2a: Wo-Chien|Protect|p2a: Wo-Chien\n|-singleturn|p2a: Wo-Chien|Protect\n|move|p1a: Koraidon|Flare Blitz|p2a: Wo-Chien\n|-activate|p2a: Wo-Chien|move: Protect\n|\n|-weather|SunnyDay|[upkeep]\n|-heal|p2a: Wo-Chien|100\/100|[from] item: Leftovers\n|upkeep\n|turn|12\n|\n|t:|1698543542\n|switch|p1a: Calyrex|Calyrex-Shadow|100\/100\n|-ability|p1a: Calyrex|As One\n|-ability|p1a: Calyrex|Unnerve\n|switch|p2a: Kyogre|Kyogre|100\/100\n|-damage|p2a: Kyogre|88\/100|[from] Stealth Rock\n|-weather|RainDance|[from] ability: Drizzle|[of] p2a: Kyogre\n|\n|-weather|RainDance|[upkeep]\n|-heal|p2a: Kyogre|94\/100|[from] item: Leftovers\n|upkeep\n|turn|13\n|\n|t:|1698543547\n|move|p1a: Calyrex|Grass Knot|p2a: Kyogre\n|-supereffective|p2a: Kyogre\n|-damage|p2a: Kyogre|26\/100\n|move|p2a: Kyogre|Thunder Wave|p1a: Calyrex\n|-status|p1a: Calyrex|par\n|\n|-weather|RainDance|[upkeep]\n|-heal|p2a: Kyogre|33\/100|[from] item: Leftovers\n|upkeep\n|turn|14\n|\n|t:|1698543560\n|switch|p2a: Wo-Chien|Wo-Chien|100\/100\n|-damage|p2a: Wo-Chien|88\/100|[from] Stealth Rock\n|-ability|p2a: Wo-Chien|Tablets of Ruin\n|move|p1a: Calyrex|Grass Knot|p2a: Wo-Chien\n|-resisted|p2a: Wo-Chien\n|-crit|p2a: Wo-Chien\n|-damage|p2a: Wo-Chien|75\/100\n|\n|-weather|RainDance|[upkeep]\n|-heal|p2a: Wo-Chien|81\/100|[from] item: Leftovers\n|upkeep\n|turn|15\n|\n|t:|1698543565\n|move|p1a: Calyrex|Nasty Plot|p1a: Calyrex\n|-boost|p1a: Calyrex|spa|2\n|move|p2a: Wo-Chien|Stun Spore|p1a: Calyrex\n|-fail|p1a: Calyrex|par\n|\n|-weather|RainDance|[upkeep]\n|-heal|p2a: Wo-Chien|87\/100|[from] item: Leftovers\n|upkeep\n|turn|16\n|\n|t:|1698543569\n|move|p1a: Calyrex|Encore|p2a: Wo-Chien\n|-start|p2a: Wo-Chien|Encore\n|move|p2a: Wo-Chien|Stun Spore|p1a: Calyrex\n|-fail|p1a: Calyrex|par\n|\n|-weather|none\n|-heal|p2a: Wo-Chien|94\/100|[from] item: Leftovers\n|upkeep\n|turn|17\n|\n|t:|1698543571\n|switch|p2a: Kyogre|Kyogre|33\/100\n|-damage|p2a: Kyogre|20\/100|[from] Stealth Rock\n|-weather|RainDance|[from] ability: Drizzle|[of] p2a: Kyogre\n|move|p1a: Calyrex|Astral Barrage|p2a: Kyogre\n|-damage|p2a: Kyogre|0 fnt\n|faint|p2a: Kyogre\n|-ability|p1a: Calyrex|Grim Neigh|boost\n|-boost|p1a: Calyrex|spa|1\n|\n|-weather|RainDance|[upkeep]\n|upkeep\n|\n|t:|1698543580\n|switch|p2a: Calyrex|Calyrex-Shadow|100\/100\n|-ability|p2a: Calyrex|As One\n|-ability|p2a: Calyrex|Unnerve\n|-damage|p2a: Calyrex|88\/100|[from] Stealth Rock\n|turn|18\n|\n|t:|1698543583\n|switch|p1a: Arceus|Arceus|100\/100\n|move|p2a: Calyrex|Astral Barrage|p1a: Arceus\n|-immune|p1a: Arceus\n|\n|-weather|RainDance|[upkeep]\n|upkeep\n|turn|19\n|j| L346Gmz\n|\n|t:|1698543588\n|switch|p2a: Koraidon|Koraidon|100\/100\n|-damage|p2a: Koraidon|94\/100|[from] Stealth Rock\n|-weather|SunnyDay|[from] ability: Orichalcum Pulse|[of] p2a: Koraidon\n|-activate|p2a: Koraidon|Orichalcum Pulse|[source]\n|move|p1a: Arceus|Shadow Claw|p2a: Koraidon\n|-damage|p2a: Koraidon|72\/100\n|\n|-weather|SunnyDay|[upkeep]\n|upkeep\n|turn|20\n|l| L346Gmz\n|\n|t:|1698543600\n|switch|p1a: Calyrex|Calyrex-Shadow|100\/100 par\n|-ability|p1a: Calyrex|As One\n|-ability|p1a: Calyrex|Unnerve\n|move|p2a: Koraidon|U-turn|p1a: Calyrex\n|-damage|p1a: Calyrex|62\/100 par\n|\n|t:|1698543602\n|switch|p2a: Calyrex|Calyrex-Shadow|88\/100|[from] U-turn\n|-ability|p2a: Calyrex|As One\n|-ability|p2a: Calyrex|Unnerve\n|-damage|p2a: Calyrex|76\/100|[from] Stealth Rock\n|\n|-weather|SunnyDay|[upkeep]\n|upkeep\n|turn|21\n|\n|t:|1698543606\n|switch|p1a: Ting-Lu|Ting-Lu|100\/100\n|-damage|p1a: Ting-Lu|94\/100|[from] Stealth Rock\n|-ability|p1a: Ting-Lu|Vessel of Ruin\n|move|p2a: Calyrex|Astral Barrage|p1a: Ting-Lu\n|-resisted|p1a: Ting-Lu\n|-damage|p1a: Ting-Lu|79\/100\n|\n|-weather|SunnyDay|[upkeep]\n|-heal|p1a: Ting-Lu|85\/100|[from] item: Leftovers\n|upkeep\n|turn|22\n|\n|t:|1698543612\n|move|p2a: Calyrex|Taunt|p1a: Ting-Lu\n|-start|p1a: Ting-Lu|move: Taunt\n|cant|p1a: Ting-Lu|move: Taunt|Taunt\n|\n|-weather|SunnyDay|[upkeep]\n|-heal|p1a: Ting-Lu|91\/100|[from] item: Leftovers\n|upkeep\n|turn|23\n|\n|t:|1698543615\n|-terastallize|p2a: Calyrex|Fighting\n|move|p2a: Calyrex|Tera Blast|p1a: Ting-Lu|[anim] Tera Blast Fighting\n|-supereffective|p1a: Ting-Lu\n|-damage|p1a: Ting-Lu|52\/100\n|move|p1a: Ting-Lu|Ruination|p2a: Calyrex\n|-damage|p2a: Calyrex|38\/100\n|\n|-weather|none\n|-heal|p1a: Ting-Lu|59\/100|[from] item: Leftovers\n|upkeep\n|turn|24\n|\n|t:|1698543622\n|move|p2a: Calyrex|Tera Blast|p1a: Ting-Lu|[anim] Tera Blast Fighting\n|-supereffective|p1a: Ting-Lu\n|-damage|p1a: Ting-Lu|20\/100\n|move|p1a: Ting-Lu|Earthquake|p2a: Calyrex\n|-damage|p2a: Calyrex|0 fnt\n|faint|p2a: Calyrex\n|\n|-heal|p1a: Ting-Lu|26\/100|[from] item: Leftovers\n|-end|p1a: Ting-Lu|move: Taunt\n|upkeep\n|\n|t:|1698543627\n|switch|p2a: Koraidon|Koraidon|72\/100\n|-damage|p2a: Koraidon|66\/100|[from] Stealth Rock\n|-weather|SunnyDay|[from] ability: Orichalcum Pulse|[of] p2a: Koraidon\n|-activate|p2a: Koraidon|Orichalcum Pulse|[source]\n|turn|25\n|\n|t:|1698543651\n|move|p2a: Koraidon|U-turn|p1a: Ting-Lu\n|-supereffective|p1a: Ting-Lu\n|-damage|p1a: Ting-Lu|0 fnt\n|faint|p1a: Ting-Lu\n|\n|t:|1698543654\n|switch|p2a: Wo-Chien|Wo-Chien|94\/100|[from] U-turn\n|-damage|p2a: Wo-Chien|81\/100|[from] Stealth Rock\n|-ability|p2a: Wo-Chien|Tablets of Ruin\n|\n|-weather|SunnyDay|[upkeep]\n|-heal|p2a: Wo-Chien|87\/100|[from] item: Leftovers\n|upkeep\n|\n|t:|1698543666\n|switch|p1a: Calyrex|Calyrex-Shadow|62\/100 par\n|-ability|p1a: Calyrex|As One\n|-ability|p1a: Calyrex|Unnerve\n|turn|26\n|\n|t:|1698543673\n|cant|p1a: Calyrex|par\n|move|p2a: Wo-Chien|Knock Off|p1a: Calyrex\n|-supereffective|p1a: Calyrex\n|-damage|p1a: Calyrex|0 fnt\n|-enditem|p1a: Calyrex|Heavy-Duty Boots|[from] move: Knock Off|[of] p2a: Wo-Chien\n|faint|p1a: Calyrex\n|\n|-weather|SunnyDay|[upkeep]\n|-heal|p2a: Wo-Chien|94\/100|[from] item: Leftovers\n|upkeep\n|\n|t:|1698543681\n|switch|p1a: Koraidon|Koraidon|94\/100\n|-damage|p1a: Koraidon|88\/100|[from] Stealth Rock\n|-activate|p1a: Koraidon|ability: Orichalcum Pulse\n|turn|27\n|\n|t:|1698543686\n|move|p2a: Wo-Chien|Protect|p2a: Wo-Chien\n|-singleturn|p2a: Wo-Chien|Protect\n|move|p1a: Koraidon|Dual Wingbeat|p2a: Wo-Chien\n|-activate|p2a: Wo-Chien|move: Protect\n|\n|-weather|SunnyDay|[upkeep]\n|-heal|p2a: Wo-Chien|99\/100|[from] item: Leftovers\n|upkeep\n|turn|28\n|\n|t:|1698543697\n|move|p1a: Koraidon|Dual Wingbeat|p2a: Wo-Chien\n|-supereffective|p2a: Wo-Chien\n|-damage|p2a: Wo-Chien|69\/100\n|-supereffective|p2a: Wo-Chien\n|-damage|p2a: Wo-Chien|39\/100\n|-hitcount|p2a: Wo-Chien|2\n|move|p2a: Wo-Chien|Stun Spore|p1a: Koraidon\n|-status|p1a: Koraidon|par\n|\n|-weather|SunnyDay|[upkeep]\n|-heal|p2a: Wo-Chien|45\/100|[from] item: Leftovers\n|upkeep\n|turn|29\n|\n|t:|1698543701\n|move|p2a: Wo-Chien|Protect|p2a: Wo-Chien\n|-singleturn|p2a: Wo-Chien|Protect\n|move|p1a: Koraidon|Dual Wingbeat|p2a: Wo-Chien\n|-activate|p2a: Wo-Chien|move: Protect\n|\n|-weather|none\n|-heal|p2a: Wo-Chien|51\/100|[from] item: Leftovers\n|upkeep\n|turn|30\n|\n|t:|1698543706\n|cant|p1a: Koraidon|par\n|move|p2a: Wo-Chien|Leech Seed|p1a: Koraidon\n|-start|p1a: Koraidon|move: Leech Seed\n|\n|-heal|p2a: Wo-Chien|57\/100|[from] item: Leftovers\n|-damage|p1a: Koraidon|76\/100 par|[from] Leech Seed|[of] p2a: Wo-Chien\n|-heal|p2a: Wo-Chien|69\/100|[silent]\n|upkeep\n|turn|31\n|\n|t:|1698543709\n|move|p2a: Wo-Chien|Protect|p2a: Wo-Chien\n|-singleturn|p2a: Wo-Chien|Protect\n|move|p1a: Koraidon|Dual Wingbeat|p2a: Wo-Chien\n|-activate|p2a: Wo-Chien|move: Protect\n|\n|-heal|p2a: Wo-Chien|75\/100|[from] item: Leftovers\n|-damage|p1a: Koraidon|63\/100 par|[from] Leech Seed|[of] p2a: Wo-Chien\n|-heal|p2a: Wo-Chien|87\/100|[silent]\n|upkeep\n|turn|32\n|\n|t:|1698543713\n|move|p1a: Koraidon|Dual Wingbeat|p2a: Wo-Chien\n|-supereffective|p2a: Wo-Chien\n|-damage|p2a: Wo-Chien|64\/100\n|-supereffective|p2a: Wo-Chien\n|-damage|p2a: Wo-Chien|41\/100\n|-hitcount|p2a: Wo-Chien|2\n|move|p2a: Wo-Chien|Knock Off|p1a: Koraidon\n|-resisted|p1a: Koraidon\n|-damage|p1a: Koraidon|51\/100 par\n|-enditem|p1a: Koraidon|Choice Scarf|[from] move: Knock Off|[of] p2a: Wo-Chien\n|\n|-heal|p2a: Wo-Chien|48\/100|[from] item: Leftovers\n|-damage|p1a: Koraidon|38\/100 par|[from] Leech Seed|[of] p2a: Wo-Chien\n|-heal|p2a: Wo-Chien|60\/100|[silent]\n|upkeep\n|turn|33\n|\n|t:|1698543720\n|move|p2a: Wo-Chien|Protect|p2a: Wo-Chien\n|-singleturn|p2a: Wo-Chien|Protect\n|move|p1a: Koraidon|Low Kick|p2a: Wo-Chien\n|-activate|p2a: Wo-Chien|move: Protect\n|\n|-heal|p2a: Wo-Chien|66\/100|[from] item: Leftovers\n|-damage|p1a: Koraidon|26\/100 par|[from] Leech Seed|[of] p2a: Wo-Chien\n|-heal|p2a: Wo-Chien|78\/100|[silent]\n|upkeep\n|turn|34\n|\n|t:|1698543726\n|move|p2a: Wo-Chien|Knock Off|p1a: Koraidon\n|-resisted|p1a: Koraidon\n|-damage|p1a: Koraidon|18\/100 par\n|move|p1a: Koraidon|Low Kick|p2a: Wo-Chien\n|-supereffective|p2a: Wo-Chien\n|-damage|p2a: Wo-Chien|12\/100\n|\n|-heal|p2a: Wo-Chien|18\/100|[from] item: Leftovers\n|-damage|p1a: Koraidon|6\/100 par|[from] Leech Seed|[of] p2a: Wo-Chien\n|-heal|p2a: Wo-Chien|30\/100|[silent]\n|upkeep\n|turn|35\n|\n|t:|1698543729\n|switch|p1a: Arceus|Arceus|100\/100\n|move|p2a: Wo-Chien|Protect||[still]\n|-fail|p2a: Wo-Chien\n|\n|-heal|p2a: Wo-Chien|36\/100|[from] item: Leftovers\n|upkeep\n|turn|36\n|\n|t:|1698543734\n|move|p1a: Arceus|Swords Dance|p1a: Arceus\n|-boost|p1a: Arceus|atk|2\n|move|p2a: Wo-Chien|Knock Off|p1a: Arceus\n|-damage|p1a: Arceus|79\/100\n|-enditem|p1a: Arceus|Heavy-Duty Boots|[from] move: Knock Off|[of] p2a: Wo-Chien\n|\n|-heal|p2a: Wo-Chien|42\/100|[from] item: Leftovers\n|upkeep\n|turn|37\n|\n|t:|1698543738\n|move|p1a: Arceus|Extreme Speed|p2a: Wo-Chien\n|-damage|p2a: Wo-Chien|0 fnt\n|faint|p2a: Wo-Chien\n|\n|upkeep\n|\n|t:|1698543741\n|switch|p2a: Koraidon|Koraidon|66\/100\n|-damage|p2a: Koraidon|60\/100|[from] Stealth Rock\n|-weather|SunnyDay|[from] ability: Orichalcum Pulse|[of] p2a: Koraidon\n|-activate|p2a: Koraidon|Orichalcum Pulse|[source]\n|turn|38\n|\n|t:|1698543744\n|move|p1a: Arceus|Extreme Speed|p2a: Koraidon\n|-damage|p2a: Koraidon|0 fnt\n|faint|p2a: Koraidon\n|\n|win|Wildfiree\n|raw|Wildfiree's rating: 1688 &rarr; <strong>1718<\/strong><br \/>(+30 for winning)\n|raw|bailongzhenshuai's rating: 1869 &rarr; <strong>1839<\/strong><br \/>(-30 for losing)\n|l|\u2606bailongzhenshuai\n|l|\u2606Wildfiree\n|j|\u2606Wildfiree\n|player|p1|Wildfiree|carmine-festival\n","uploadtime":1698543845,"views":11,"p1id":"wildfiree","p2id":"bailongzhenshuai","formatid":"gen9anythinggoes","rating":1718,"private":0,"password":""}