{"id":"gen9anythinggoes-1991393887","p1":"mauss","p2":"CrownedAegislash","format":"[Gen 9] Anything Goes","log":"|j|\u2606mauss\n|j|\u2606CrownedAegislash\n|t:|1700073402\n|gametype|singles\n|player|p1|mauss|2|1110\n|player|p2|CrownedAegislash|dawn|1053\n|teamsize|p1|6\n|teamsize|p2|6\n|gen|9\n|tier|[Gen 9] Anything Goes\n|rated|\n|rule|HP Percentage Mod: HP is shown in percentages\n|rule|Endless Battle Clause: Forcing endless battles is banned\n|clearpoke\n|poke|p1|Drifblim, F|\n|poke|p1|Polteageist-Antique|\n|poke|p1|Snorlax, F|\n|poke|p1|Decidueye-Hisui, F|\n|poke|p1|Snorlax, M|\n|poke|p1|Snorlax, F|\n|poke|p2|Espathra, M|\n|poke|p2|Manaphy|\n|poke|p2|Miraidon|\n|poke|p2|Calyrex-Shadow|\n|poke|p2|Arcanine-Hisui, M|\n|poke|p2|Drifblim, M|\n|teampreview\n|\n|t:|1700073406\n|start\n|switch|p1a: Drifblim|Drifblim, F|100\/100\n|switch|p2a: Up|Drifblim, M, shiny|100\/100\n|turn|1\n|inactive|Battle timer is ON: inactive players will automatically lose when time's up. (requested by CrownedAegislash)\n|\n|t:|1700073413\n|move|p2a: Up|Minimize|p2a: Up\n|-boost|p2a: Up|evasion|2\n|move|p1a: Drifblim|Minimize|p1a: Drifblim\n|-boost|p1a: Drifblim|evasion|2\n|\n|upkeep\n|turn|2\n|\n|t:|1700073419\n|move|p2a: Up|Minimize|p2a: Up\n|-boost|p2a: Up|evasion|2\n|move|p1a: Drifblim|Minimize|p1a: Drifblim\n|-boost|p1a: Drifblim|evasion|2\n|\n|upkeep\n|turn|3\n|\n|t:|1700073426\n|move|p2a: Up|Minimize|p2a: Up\n|-boost|p2a: Up|evasion|2\n|move|p1a: Drifblim|Minimize|p1a: Drifblim\n|-boost|p1a: Drifblim|evasion|2\n|\n|upkeep\n|turn|4\n|\n|t:|1700073444\n|move|p2a: Up|Baton Pass|p2a: Up\n|\n|t:|1700073447\n|switch|p2a: Psychopathra|Espathra, M|100\/100|[from] Baton Pass\n|move|p1a: Drifblim|Substitute|p1a: Drifblim\n|-start|p1a: Drifblim|Substitute\n|-damage|p1a: Drifblim|75\/100\n|\n|-heal|p1a: Drifblim|82\/100|[from] item: Leftovers\n|upkeep\n|turn|5\n|\n|t:|1700073456\n|move|p2a: Psychopathra|Substitute|p2a: Psychopathra\n|-start|p2a: Psychopathra|Substitute\n|-damage|p2a: Psychopathra|76\/100\n|move|p1a: Drifblim|Baton Pass|p1a: Drifblim\n|\n|t:|1700073462\n|switch|p1a: Snorlax|Snorlax, M|100\/100|[from] Baton Pass\n|\n|-heal|p2a: Psychopathra|82\/100|[from] item: Leftovers\n|-ability|p2a: Psychopathra|Speed Boost|boost\n|-boost|p2a: Psychopathra|spe|1\n|upkeep\n|turn|6\n|\n|t:|1700073471\n|move|p2a: Psychopathra|Calm Mind|p2a: Psychopathra\n|-boost|p2a: Psychopathra|spa|1\n|-boost|p2a: Psychopathra|spd|1\n|move|p1a: Snorlax|Hammer Arm|p2a: Psychopathra|[miss]\n|-miss|p1a: Snorlax|p2a: Psychopathra\n|\n|-heal|p2a: Psychopathra|88\/100|[from] item: Leftovers\n|-ability|p2a: Psychopathra|Speed Boost|boost\n|-boost|p2a: Psychopathra|spe|1\n|upkeep\n|turn|7\n|\n|t:|1700073481\n|move|p2a: Psychopathra|Calm Mind|p2a: Psychopathra\n|-boost|p2a: Psychopathra|spa|1\n|-boost|p2a: Psychopathra|spd|1\n|move|p1a: Snorlax|Metronome|p1a: Snorlax\n|move|p1a: Snorlax|Pay Day|p2a: Psychopathra|[from]move: Metronome|[miss]\n|-miss|p1a: Snorlax|p2a: Psychopathra\n|\n|-heal|p2a: Psychopathra|94\/100|[from] item: Leftovers\n|-ability|p2a: Psychopathra|Speed Boost|boost\n|-boost|p2a: Psychopathra|spe|1\n|upkeep\n|turn|8\n|\n|t:|1700073493\n|move|p2a: Psychopathra|Calm Mind|p2a: Psychopathra\n|-boost|p2a: Psychopathra|spa|1\n|-boost|p2a: Psychopathra|spd|1\n|move|p1a: Snorlax|Metronome|p1a: Snorlax\n|move|p1a: Snorlax|Quiver Dance|p1a: Snorlax|[from]move: Metronome\n|-boost|p1a: Snorlax|spa|1\n|-boost|p1a: Snorlax|spd|1\n|-boost|p1a: Snorlax|spe|1\n|\n|-heal|p2a: Psychopathra|99\/100|[from] item: Leftovers\n|-ability|p2a: Psychopathra|Speed Boost|boost\n|-boost|p2a: Psychopathra|spe|1\n|upkeep\n|turn|9\n|\n|t:|1700073506\n|move|p2a: Psychopathra|Calm Mind|p2a: Psychopathra\n|-boost|p2a: Psychopathra|spa|1\n|-boost|p2a: Psychopathra|spd|1\n|move|p1a: Snorlax|Metronome|p1a: Snorlax\n|move|p1a: Snorlax|Thrash|p2a: Psychopathra|[from]move: Metronome|[miss]\n|-miss|p1a: Snorlax|p2a: Psychopathra\n|\n|-heal|p2a: Psychopathra|100\/100|[from] item: Leftovers\n|-ability|p2a: Psychopathra|Speed Boost|boost\n|-boost|p2a: Psychopathra|spe|1\n|upkeep\n|turn|10\n|\n|t:|1700073518\n|move|p2a: Psychopathra|Calm Mind|p2a: Psychopathra\n|-boost|p2a: Psychopathra|spa|1\n|-boost|p2a: Psychopathra|spd|1\n|move|p1a: Snorlax|Metronome|p1a: Snorlax\n|move|p1a: Snorlax|Magical Leaf|p2a: Psychopathra|[from]move: Metronome\n|-activate|p2a: Psychopathra|move: Substitute|[damage]\n|\n|-ability|p2a: Psychopathra|Speed Boost|boost\n|-boost|p2a: Psychopathra|spe|1\n|upkeep\n|turn|11\n|\n|t:|1700073529\n|move|p2a: Psychopathra|Calm Mind|p2a: Psychopathra\n|-boost|p2a: Psychopathra|spa|1\n|-boost|p2a: Psychopathra|spd|1\n|move|p1a: Snorlax|Metronome|p1a: Snorlax\n|move|p1a: Snorlax|Peck|p2a: Psychopathra|[from]move: Metronome\n|-activate|p2a: Psychopathra|move: Substitute|[damage]\n|\n|upkeep\n|turn|12\n|\n|t:|1700073538\n|move|p2a: Psychopathra|Calm Mind|p2a: Psychopathra\n|-boost|p2a: Psychopathra|spa|0\n|-boost|p2a: Psychopathra|spd|0\n|move|p1a: Snorlax|Metronome|p1a: Snorlax\n|move|p1a: Snorlax|Fairy Wind|p2a: Psychopathra|[from]move: Metronome|[miss]\n|-miss|p1a: Snorlax|p2a: Psychopathra\n|\n|upkeep\n|turn|13\n|\n|t:|1700073549\n|move|p2a: Psychopathra|Baton Pass|p2a: Psychopathra\n|\n|t:|1700073557\n|switch|p2a: Mana|Manaphy|100\/100|[from] Baton Pass\n|move|p1a: Snorlax|Metronome|p1a: Snorlax\n|move|p1a: Snorlax|Stomp|p2a: Mana|[from]move: Metronome\n|-end|p2a: Mana|Substitute\n|\n|upkeep\n|turn|14\n|\n|t:|1700073568\n|move|p2a: Mana|Surf|p1a: Snorlax\n|-end|p1a: Snorlax|Substitute\n|move|p1a: Snorlax|Metronome|p1a: Snorlax\n|move|p1a: Snorlax|String Shot|p2a: Mana|[from]move: Metronome|[miss]\n|-miss|p1a: Snorlax|p2a: Mana\n|\n|upkeep\n|turn|15\n|\n|t:|1700073575\n|move|p2a: Mana|Surf|p1a: Snorlax|[miss]\n|-miss|p2a: Mana|p1a: Snorlax\n|move|p1a: Snorlax|Metronome|p1a: Snorlax\n|move|p1a: Snorlax|Heat Crash|p2a: Mana|[from]move: Metronome\n|-resisted|p2a: Mana\n|-damage|p2a: Mana|86\/100\n|\n|-heal|p2a: Mana|92\/100|[from] item: Leftovers\n|upkeep\n|turn|16\n|\n|t:|1700073586\n|move|p2a: Mana|Surf|p1a: Snorlax\n|-damage|p1a: Snorlax|49\/100\n|move|p1a: Snorlax|Metronome|p1a: Snorlax\n|move|p1a: Snorlax|Ceaseless Edge|p2a: Mana|[from]move: Metronome\n|-damage|p2a: Mana|76\/100\n|-sidestart|p2: CrownedAegislash|Spikes\n|\n|-heal|p2a: Mana|83\/100|[from] item: Leftovers\n|-heal|p1a: Snorlax|55\/100|[from] item: Leftovers\n|upkeep\n|turn|17\n|\n|t:|1700073597\n|move|p2a: Mana|Surf|p1a: Snorlax|[miss]\n|-miss|p2a: Mana|p1a: Snorlax\n|move|p1a: Snorlax|Rest|p1a: Snorlax\n|-status|p1a: Snorlax|slp|[from] move: Rest\n|-heal|p1a: Snorlax|100\/100 slp|[silent]\n|\n|-heal|p2a: Mana|89\/100|[from] item: Leftovers\n|upkeep\n|turn|18\n|\n|t:|1700073608\n|move|p2a: Mana|Surf|p1a: Snorlax\n|-damage|p1a: Snorlax|52\/100 slp\n|cant|p1a: Snorlax|slp\n|move|p1a: Snorlax|Sleep Talk|p1a: Snorlax\n|move|p1a: Snorlax|Hammer Arm|p2a: Mana|[from]move: Sleep Talk\n|-damage|p2a: Mana|65\/100\n|-unboost|p1a: Snorlax|spe|1\n|\n|-heal|p2a: Mana|71\/100|[from] item: Leftovers\n|-heal|p1a: Snorlax|58\/100 slp|[from] item: Leftovers\n|upkeep\n|turn|19\n|\n|t:|1700073621\n|move|p2a: Mana|Surf|p1a: Snorlax|[miss]\n|-miss|p2a: Mana|p1a: Snorlax\n|cant|p1a: Snorlax|slp\n|move|p1a: Snorlax|Sleep Talk|p1a: Snorlax\n|move|p1a: Snorlax|Hammer Arm|p2a: Mana|[from]move: Sleep Talk|[miss]\n|-miss|p1a: Snorlax|p2a: Mana\n|\n|-heal|p2a: Mana|78\/100|[from] item: Leftovers\n|-heal|p1a: Snorlax|64\/100 slp|[from] item: Leftovers\n|upkeep\n|turn|20\n|\n|t:|1700073634\n|move|p2a: Mana|Surf|p1a: Snorlax|[miss]\n|-miss|p2a: Mana|p1a: Snorlax\n|-curestatus|p1a: Snorlax|slp|[msg]\n|move|p1a: Snorlax|Metronome|p1a: Snorlax\n|move|p1a: Snorlax|Cotton Guard|p1a: Snorlax|[from]move: Metronome\n|-boost|p1a: Snorlax|def|3\n|\n|-heal|p2a: Mana|84\/100|[from] item: Leftovers\n|-heal|p1a: Snorlax|70\/100|[from] item: Leftovers\n|upkeep\n|turn|21\n|\n|t:|1700073645\n|move|p2a: Mana|Surf|p1a: Snorlax|[miss]\n|-miss|p2a: Mana|p1a: Snorlax\n|move|p1a: Snorlax|Metronome|p1a: Snorlax\n|move|p1a: Snorlax|Rollout|p2a: Mana|[from]move: Metronome|[miss]\n|-miss|p1a: Snorlax|p2a: Mana\n|\n|-heal|p2a: Mana|90\/100|[from] item: Leftovers\n|-heal|p1a: Snorlax|76\/100|[from] item: Leftovers\n|upkeep\n|turn|22\n|\n|t:|1700073655\n|move|p2a: Mana|Surf|p1a: Snorlax\n|-damage|p1a: Snorlax|23\/100\n|move|p1a: Snorlax|Metronome|p1a: Snorlax\n|move|p1a: Snorlax|Extreme Speed|p2a: Mana|[from]move: Metronome\n|-damage|p2a: Mana|59\/100\n|\n|-heal|p2a: Mana|65\/100|[from] item: Leftovers\n|-heal|p1a: Snorlax|29\/100|[from] item: Leftovers\n|upkeep\n|turn|23\n|\n|t:|1700073666\n|move|p2a: Mana|Surf|p1a: Snorlax\n|-damage|p1a: Snorlax|0 fnt\n|faint|p1a: Snorlax\n|\n|-heal|p2a: Mana|71\/100|[from] item: Leftovers\n|upkeep\n|\n|t:|1700073673\n|switch|p1a: Drifblim|Drifblim, F|82\/100\n|turn|24\n|\n|t:|1700073676\n|move|p2a: Mana|Surf|p1a: Drifblim\n|-damage|p1a: Drifblim|0 fnt\n|faint|p1a: Drifblim\n|\n|-heal|p2a: Mana|77\/100|[from] item: Leftovers\n|upkeep\n|\n|t:|1700073682\n|switch|p1a: Snorlax|Snorlax, F|100\/100\n|turn|25\n|\n|t:|1700073686\n|move|p2a: Mana|Surf|p1a: Snorlax\n|-damage|p1a: Snorlax|3\/100\n|move|p1a: Snorlax|Metronome|p1a: Snorlax\n|move|p1a: Snorlax|Aqua Ring|p1a: Snorlax|[from]move: Metronome\n|-start|p1a: Snorlax|Aqua Ring\n|\n|-heal|p2a: Mana|83\/100|[from] item: Leftovers\n|-heal|p1a: Snorlax|9\/100|[from] item: Leftovers\n|-heal|p1a: Snorlax|15\/100|[from] Aqua Ring\n|upkeep\n|turn|26\n|\n|t:|1700073699\n|move|p2a: Mana|Surf|p1a: Snorlax\n|-damage|p1a: Snorlax|0 fnt\n|faint|p1a: Snorlax\n|\n|-heal|p2a: Mana|90\/100|[from] item: Leftovers\n|upkeep\n|-message|mauss forfeited.\n|\n|win|CrownedAegislash\n|raw|mauss's rating: 1110 &rarr; <strong>1081<\/strong><br \/>(-29 for losing)\n|raw|CrownedAegislash's rating: 1053 &rarr; <strong>1090<\/strong><br \/>(+37 for winning)\n|l|\u2606mauss\n|c|\u2606CrownedAegislash|Good game\n","uploadtime":1700073755,"views":12,"p1id":"mauss","p2id":"crownedaegislash","formatid":"gen9anythinggoes","rating":1081,"private":0,"password":""}