{"id":"gen9anythinggoes-1972194253","p1":"Rowan_Rocket","p2":"TheRealN_B&W","format":"[Gen 9] Anything Goes","log":"|j|\u2606Rowan_Rocket\n|j|\u2606TheRealN_B&W\n|t:|1697820442\n|gametype|singles\n|player|p1|Rowan_Rocket|rocketgrunt|1073\n|player|p2|TheRealN_B&W|n|1043\n|teamsize|p1|6\n|teamsize|p2|6\n|gen|9\n|tier|[Gen 9] Anything Goes\n|rated|\n|rule|HP Percentage Mod: HP is shown in percentages\n|rule|Endless Battle Clause: Forcing endless battles is banned\n|clearpoke\n|poke|p1|Farigiraf, M|\n|poke|p1|Wyrdeer, M|\n|poke|p1|Ursaluna, M|\n|poke|p1|Grafaiai, F|\n|poke|p1|Zoroark-Hisui, M|\n|poke|p1|Ambipom, M|\n|poke|p2|Clodsire, M|\n|poke|p2|Kilowattrel, F|\n|poke|p2|Copperajah, F|\n|poke|p2|Greninja-*, M|\n|poke|p2|Politoed, M|\n|poke|p2|Sinistcha-Masterpiece|\n|teampreview\n|\n|t:|1697820448\n|start\n|switch|p1a: Grafaiai|Grafaiai, F|100\/100\n|switch|p2a: Clodsire|Clodsire, M|100\/100\n|turn|1\n|\n|t:|1697820459\n|move|p1a: Grafaiai|Parting Shot|p2a: Clodsire\n|-unboost|p2a: Clodsire|atk|1\n|-unboost|p2a: Clodsire|spa|1\n|\n|t:|1697820462\n|switch|p1a: Ambipom|Ambipom, M|100\/100|[from] Parting Shot\n|move|p2a: Clodsire|Toxic Spikes|p1a: Ambipom\n|-sidestart|p1: Rowan_Rocket|move: Toxic Spikes\n|\n|upkeep\n|turn|2\n|\n|t:|1697820495\n|move|p1a: Ambipom|Knock Off|p2a: Clodsire\n|-damage|p2a: Clodsire|69\/100\n|-enditem|p2a: Clodsire|Black Sludge|[from] move: Knock Off|[of] p1a: Ambipom\n|move|p2a: Clodsire|Toxic Spikes|p1a: Ambipom\n|-sidestart|p1: Rowan_Rocket|move: Toxic Spikes\n|\n|upkeep\n|turn|3\n|\n|t:|1697820503\n|move|p1a: Ambipom|U-turn|p2a: Clodsire\n|-resisted|p2a: Clodsire\n|-damage|p2a: Clodsire|57\/100\n|\n|t:|1697820506\n|switch|p1a: Grafaiai|Grafaiai, F|100\/100|[from] U-turn\n|-sideend|p1: Rowan_Rocket|move: Toxic Spikes|[of] p1a: Grafaiai\n|move|p2a: Clodsire|Toxic|p1a: Grafaiai\n|-immune|p1a: Grafaiai\n|\n|upkeep\n|turn|4\n|\n|t:|1697820515\n|move|p1a: Grafaiai|Encore|p2a: Clodsire\n|-start|p2a: Clodsire|Encore\n|move|p2a: Clodsire|Toxic|p1a: Grafaiai\n|-immune|p1a: Grafaiai\n|\n|upkeep\n|turn|5\n|\n|t:|1697820527\n|switch|p2a: Politoed|Politoed, M|100\/100\n|-weather|RainDance|[from] ability: Drizzle|[of] p2a: Politoed\n|move|p1a: Grafaiai|Poison Jab|p2a: Politoed\n|-damage|p2a: Politoed|65\/100\n|-status|p2a: Politoed|psn\n|\n|-weather|RainDance|[upkeep]\n|-damage|p2a: Politoed|52\/100 psn|[from] psn\n|upkeep\n|turn|6\n|\n|t:|1697820539\n|switch|p2a: Kilowattrel|Kilowattrel, F|100\/100\n|move|p1a: Grafaiai|Parting Shot|p2a: Kilowattrel\n|-unboost|p2a: Kilowattrel|atk|1\n|-ability|p2a: Kilowattrel|Competitive|boost\n|-boost|p2a: Kilowattrel|spa|2\n|-unboost|p2a: Kilowattrel|spa|1\n|-ability|p2a: Kilowattrel|Competitive|boost\n|-boost|p2a: Kilowattrel|spa|2\n|\n|t:|1697820548\n|switch|p1a: Ambipom|Ambipom, M|100\/100|[from] Parting Shot\n|\n|-weather|RainDance|[upkeep]\n|upkeep\n|turn|7\n|\n|t:|1697820561\n|-terastallize|p1a: Ambipom|Normal\n|move|p1a: Ambipom|Fake Out|p2a: Kilowattrel\n|-enditem|p1a: Ambipom|Normal Gem|[from] gem\n|-damage|p2a: Kilowattrel|13\/100\n|-enditem|p2a: Kilowattrel|Red Card|[of] p1a: Ambipom\n|drag|p1a: Wyrdeer|Wyrdeer, M|100\/100\n|cant|p2a: Kilowattrel|flinch\n|\n|-weather|RainDance|[upkeep]\n|upkeep\n|turn|8\n|\n|t:|1697820583\n|move|p2a: Kilowattrel|Thunder|p1a: Wyrdeer\n|-damage|p1a: Wyrdeer|0 fnt\n|faint|p1a: Wyrdeer\n|\n|-weather|RainDance|[upkeep]\n|upkeep\n|\n|t:|1697820590\n|switch|p1a: Grafaiai|Grafaiai, F|100\/100\n|turn|9\n|\n|t:|1697820604\n|switch|p2a: Greninja|Greninja, M|100\/100\n|switch|p1a: Ursaluna|Ursaluna, M|100\/100\n|\n|-weather|none\n|-status|p1a: Ursaluna|brn|[from] item: Flame Orb\n|upkeep\n|turn|10\n|\n|t:|1697820658\n|switch|p2a: Politoed|Politoed, M|52\/100 psn\n|-weather|RainDance|[from] ability: Drizzle|[of] p2a: Politoed\n|move|p1a: Ursaluna|Facade|p2a: Politoed\n|-damage|p2a: Politoed|0 fnt\n|faint|p2a: Politoed\n|\n|-weather|RainDance|[upkeep]\n|-damage|p1a: Ursaluna|94\/100 brn|[from] brn\n|upkeep\n|\n|t:|1697820669\n|switch|p2a: Kilowattrel|Kilowattrel, F|13\/100\n|turn|11\n|\n|t:|1697820701\n|move|p2a: Kilowattrel|Hurricane|p1a: Ursaluna\n|-damage|p1a: Ursaluna|58\/100 brn\n|-start|p1a: Ursaluna|confusion\n|-activate|p1a: Ursaluna|confusion\n|-damage|p1a: Ursaluna|45\/100 brn|[from] confusion\n|\n|-weather|RainDance|[upkeep]\n|-damage|p1a: Ursaluna|38\/100 brn|[from] brn\n|upkeep\n|turn|12\n|\n|t:|1697820712\n|move|p2a: Kilowattrel|Thunder|p1a: Ursaluna\n|-immune|p1a: Ursaluna\n|-end|p1a: Ursaluna|confusion\n|move|p1a: Ursaluna|Trailblaze|p2a: Kilowattrel\n|-resisted|p2a: Kilowattrel\n|-damage|p2a: Kilowattrel|0 fnt\n|-boost|p1a: Ursaluna|spe|1\n|faint|p2a: Kilowattrel\n|\n|-weather|RainDance|[upkeep]\n|-damage|p1a: Ursaluna|32\/100 brn|[from] brn\n|upkeep\n|\n|t:|1697820726\n|switch|p2a: Greninja|Greninja, M|100\/100\n|turn|13\n|\n|t:|1697820739\n|switch|p1a: Farigiraf|Farigiraf, M|100\/100\n|move|p2a: Greninja|Water Shuriken||[still]\n|cant|p1a: Farigiraf|ability: Armor Tail|Water Shuriken|[of] p2a: Greninja\n|\n|-weather|RainDance|[upkeep]\n|upkeep\n|turn|14\n|\n|t:|1697820749\n|move|p2a: Greninja|Water Shuriken||[still]\n|cant|p1a: Farigiraf|ability: Armor Tail|Water Shuriken|[of] p2a: Greninja\n|move|p1a: Farigiraf|Wish|p1a: Farigiraf\n|\n|-weather|none\n|upkeep\n|turn|15\n|\n|t:|1697820756\n|move|p2a: Greninja|Dark Pulse|p1a: Farigiraf\n|-supereffective|p1a: Farigiraf\n|-damage|p1a: Farigiraf|11\/100\n|-damage|p2a: Greninja|91\/100|[from] item: Life Orb\n|move|p1a: Farigiraf|Calm Mind|p1a: Farigiraf\n|-boost|p1a: Farigiraf|spa|1\n|-boost|p1a: Farigiraf|spd|1\n|\n|-heal|p1a: Farigiraf|61\/100|[from] move: Wish|[wisher] Farigiraf\n|upkeep\n|turn|16\n|\n|t:|1697820774\n|move|p2a: Greninja|Dark Pulse|p1a: Farigiraf\n|-supereffective|p1a: Farigiraf\n|-damage|p1a: Farigiraf|0 fnt\n|faint|p1a: Farigiraf\n|-ability|p2a: Greninja|Battle Bond|boost\n|-boost|p2a: Greninja|atk|1\n|-boost|p2a: Greninja|spa|1\n|-boost|p2a: Greninja|spe|1\n|-activate|p2a: Greninja|ability: Battle Bond\n|-damage|p2a: Greninja|81\/100|[from] item: Life Orb\n|\n|upkeep\n|\n|t:|1697820786\n|switch|p1a: Ambipom|Ambipom, M, tera:Normal|100\/100\n|turn|17\n|\n|t:|1697820799\n|-terastallize|p2a: Greninja|Ice\n|move|p1a: Ambipom|Fake Out|p2a: Greninja\n|-damage|p2a: Greninja|25\/100\n|cant|p2a: Greninja|flinch\n|\n|upkeep\n|turn|18\n|\n|t:|1697820810\n|switch|p1a: Ursaluna|Ursaluna, M|32\/100 brn\n|move|p2a: Greninja|Ice Beam|p1a: Ursaluna\n|-supereffective|p1a: Ursaluna\n|-damage|p1a: Ursaluna|0 fnt\n|faint|p1a: Ursaluna\n|-damage|p2a: Greninja|16\/100|[from] item: Life Orb\n|\n|upkeep\n|\n|t:|1697820820\n|switch|p1a: Ambipom|Ambipom, M, tera:Normal|100\/100\n|turn|19\n|\n|t:|1697820839\n|switch|p2a: Sinistcha|Sinistcha-Masterpiece|100\/100\n|move|p1a: Ambipom|Fake Out|p2a: Sinistcha\n|-immune|p2a: Sinistcha\n|\n|upkeep\n|turn|20\n|\n|t:|1697820858\n|move|p1a: Ambipom|Knock Off|p2a: Sinistcha\n|-supereffective|p2a: Sinistcha\n|-damage|p2a: Sinistcha|47\/100\n|-enditem|p2a: Sinistcha|Quick Claw|[from] move: Knock Off|[of] p1a: Ambipom\n|move|p2a: Sinistcha|Calm Mind|p2a: Sinistcha\n|-boost|p2a: Sinistcha|spa|1\n|-boost|p2a: Sinistcha|spd|1\n|\n|upkeep\n|turn|21\n|\n|t:|1697820867\n|move|p1a: Ambipom|U-turn|p2a: Sinistcha\n|-damage|p2a: Sinistcha|28\/100\n|\n|t:|1697820869\n|switch|p1a: Grafaiai|Grafaiai, F|100\/100|[from] U-turn\n|move|p2a: Sinistcha|Matcha Gotcha|p1a: Grafaiai\n|-resisted|p1a: Grafaiai\n|-damage|p1a: Grafaiai|55\/100\n|-heal|p2a: Sinistcha|47\/100|[from] drain|[of] p1a: Grafaiai\n|\n|-heal|p1a: Grafaiai|61\/100|[from] item: Black Sludge\n|upkeep\n|turn|22\n|\n|t:|1697820899\n|move|p1a: Grafaiai|Switcheroo|p2a: Sinistcha\n|-activate|p1a: Grafaiai|move: Trick|[of] p2a: Sinistcha\n|-item|p2a: Sinistcha|Black Sludge|[from] move: Switcheroo\n|-enditem|p1a: Grafaiai|Black Sludge|[silent]|[from] move: Switcheroo\n|move|p2a: Sinistcha|Strength Sap|p1a: Grafaiai\n|-unboost|p1a: Grafaiai|atk|1\n|-heal|p2a: Sinistcha|100\/100\n|\n|-damage|p2a: Sinistcha|88\/100|[from] item: Black Sludge\n|upkeep\n|turn|23\n|\n|t:|1697820910\n|move|p1a: Grafaiai|Encore|p2a: Sinistcha\n|-start|p2a: Sinistcha|Encore\n|move|p2a: Sinistcha|Strength Sap|p1a: Grafaiai\n|-unboost|p1a: Grafaiai|atk|1\n|-heal|p2a: Sinistcha|100\/100\n|\n|-damage|p2a: Sinistcha|88\/100|[from] item: Black Sludge\n|upkeep\n|turn|24\n|l|\u2606Rowan_Rocket\n|player|p1|\n|j|\u2606Rowan_Rocket\n|player|p1|Rowan_Rocket|rocketgrunt\n|\n|t:|1697820938\n|move|p1a: Grafaiai|Poison Jab|p2a: Sinistcha\n|-damage|p2a: Sinistcha|71\/100\n|move|p2a: Sinistcha|Strength Sap|p1a: Grafaiai\n|-unboost|p1a: Grafaiai|atk|1\n|-heal|p2a: Sinistcha|100\/100\n|\n|-damage|p2a: Sinistcha|88\/100|[from] item: Black Sludge\n|upkeep\n|turn|25\n|\n|t:|1697820948\n|move|p1a: Grafaiai|Poison Jab|p2a: Sinistcha\n|-damage|p2a: Sinistcha|74\/100\n|move|p2a: Sinistcha|Strength Sap|p1a: Grafaiai\n|-unboost|p1a: Grafaiai|atk|1\n|-heal|p2a: Sinistcha|100\/100\n|\n|-damage|p2a: Sinistcha|88\/100|[from] item: Black Sludge\n|-end|p2a: Sinistcha|Encore\n|upkeep\n|turn|26\n|\n|t:|1697820964\n|move|p1a: Grafaiai|Encore|p2a: Sinistcha\n|-start|p2a: Sinistcha|Encore\n|move|p2a: Sinistcha|Strength Sap|p1a: Grafaiai\n|-unboost|p1a: Grafaiai|atk|1\n|-heal|p2a: Sinistcha|100\/100\n|\n|-damage|p2a: Sinistcha|88\/100|[from] item: Black Sludge\n|upkeep\n|turn|27\n|\n|t:|1697820975\n|move|p1a: Grafaiai|Poison Jab|p2a: Sinistcha\n|-damage|p2a: Sinistcha|79\/100\n|move|p2a: Sinistcha|Strength Sap|p1a: Grafaiai\n|-unboost|p1a: Grafaiai|atk|1\n|-heal|p2a: Sinistcha|100\/100\n|\n|-damage|p2a: Sinistcha|88\/100|[from] item: Black Sludge\n|upkeep\n|turn|28\n|c|\u2606TheRealN_B&W|Augh\n|\n|t:|1697820985\n|move|p1a: Grafaiai|Poison Jab|p2a: Sinistcha\n|-damage|p2a: Sinistcha|79\/100\n|move|p2a: Sinistcha|Strength Sap||[still]\n|-fail|p2a: Sinistcha\n|\n|-damage|p2a: Sinistcha|67\/100|[from] item: Black Sludge\n|-end|p2a: Sinistcha|Encore\n|upkeep\n|turn|29\n|\n|t:|1697820995\n|move|p1a: Grafaiai|Encore|p2a: Sinistcha\n|-start|p2a: Sinistcha|Encore\n|move|p2a: Sinistcha|Strength Sap||[still]\n|-fail|p2a: Sinistcha\n|\n|-damage|p2a: Sinistcha|54\/100|[from] item: Black Sludge\n|upkeep\n|turn|30\n|\n|t:|1697821004\n|move|p1a: Grafaiai|Poison Jab|p2a: Sinistcha\n|-damage|p2a: Sinistcha|47\/100\n|-status|p2a: Sinistcha|psn\n|move|p2a: Sinistcha|Strength Sap||[still]\n|-fail|p2a: Sinistcha\n|\n|-damage|p2a: Sinistcha|34\/100 psn|[from] item: Black Sludge\n|-damage|p2a: Sinistcha|22\/100 psn|[from] psn\n|upkeep\n|turn|31\n|\n|t:|1697821021\n|switch|p2a: Greninja|Greninja, M, tera:Ice|16\/100\n|move|p1a: Grafaiai|Switcheroo|p2a: Greninja\n|-activate|p1a: Grafaiai|move: Trick|[of] p2a: Greninja\n|-enditem|p2a: Greninja|Life Orb|[silent]|[from] move: Switcheroo\n|-item|p1a: Grafaiai|Life Orb|[from] move: Switcheroo\n|\n|upkeep\n|turn|32\n|\n|t:|1697821035\n|move|p1a: Grafaiai|Switcheroo|p2a: Greninja\n|-activate|p1a: Grafaiai|move: Trick|[of] p2a: Greninja\n|-item|p2a: Greninja|Life Orb|[from] move: Switcheroo\n|-enditem|p1a: Grafaiai|Life Orb|[silent]|[from] move: Switcheroo\n|move|p2a: Greninja|Ice Beam|p1a: Grafaiai\n|-damage|p1a: Grafaiai|0 fnt\n|faint|p1a: Grafaiai\n|-damage|p2a: Greninja|6\/100|[from] item: Life Orb\n|\n|upkeep\n|\n|t:|1697821047\n|switch|p1a: Ambipom|Ambipom, M, tera:Normal|100\/100\n|turn|33\n|\n|t:|1697821057\n|switch|p2a: Clodsire|Clodsire, M|57\/100\n|move|p1a: Ambipom|Fake Out|p2a: Clodsire\n|-damage|p2a: Clodsire|20\/100\n|\n|upkeep\n|turn|34\n|\n|t:|1697821064\n|move|p1a: Ambipom|Trailblaze|p2a: Clodsire\n|-damage|p2a: Clodsire|0 fnt\n|-boost|p1a: Ambipom|spe|1\n|faint|p2a: Clodsire\n|\n|upkeep\n|\n|t:|1697821075\n|switch|p2a: Greninja|Greninja, M, tera:Ice|6\/100\n|turn|35\n|\n|t:|1697821081\n|move|p2a: Greninja|Water Shuriken|p1a: Ambipom\n|-damage|p1a: Ambipom|87\/100\n|-damage|p1a: Ambipom|72\/100\n|-hitcount|p1a: Ambipom|2\n|-damage|p2a: Greninja|0 fnt|[from] item: Life Orb\n|faint|p2a: Greninja\n|move|p1a: Ambipom|Trailblaze|p2: Greninja|[notarget]\n|-fail|p1a: Ambipom\n|\n|upkeep\n|\n|t:|1697821097\n|switch|p2a: Sinistcha|Sinistcha-Masterpiece|22\/100 psn\n|turn|36\n|\n|t:|1697821110\n|move|p1a: Ambipom|Knock Off|p2a: Sinistcha\n|-supereffective|p2a: Sinistcha\n|-damage|p2a: Sinistcha|0 fnt\n|-enditem|p2a: Sinistcha|Black Sludge|[from] move: Knock Off|[of] p1a: Ambipom\n|faint|p2a: Sinistcha\n|\n|upkeep\n|\n|t:|1697821119\n|switch|p2a: Copperajah|Copperajah, F|100\/100\n|turn|37\n|\n|t:|1697821125\n|move|p1a: Ambipom|U-turn|p2a: Copperajah\n|-resisted|p2a: Copperajah\n|-damage|p2a: Copperajah|89\/100\n|\n|t:|1697821128\n|switch|p1a: Ambipom|Ambipom, M|100\/100|[from] U-turn\n|move|p2a: Copperajah|Heavy Slam|p1a: Ambipom\n|-enditem|p1a: Ambipom|Focus Sash\n|-damage|p1a: Ambipom|1\/100\n|replace|p1a: Zoroark|Zoroark-Hisui, M\n|-end|p1a: Zoroark|Illusion\n|\n|upkeep\n|turn|38\n|\n|t:|1697821140\n|move|p1a: Zoroark|Curse|p2a: Copperajah\n|-start|p2a: Copperajah|Curse|[of] p1a: Zoroark\n|-damage|p1a: Zoroark|0 fnt\n|faint|p1a: Zoroark\n|move|p2a: Copperajah|Play Rough|p1: Zoroark|[notarget]\n|-fail|p2a: Copperajah\n|\n|-damage|p2a: Copperajah|64\/100|[from] Curse\n|upkeep\n|\n|t:|1697821150\n|switch|p1a: Ambipom|Ambipom, M, tera:Normal|72\/100\n|turn|39\n|\n|t:|1697821153\n|move|p1a: Ambipom|Fake Out|p2a: Copperajah\n|-resisted|p2a: Copperajah\n|-damage|p2a: Copperajah|46\/100\n|cant|p2a: Copperajah|flinch\n|\n|-damage|p2a: Copperajah|21\/100|[from] Curse\n|upkeep\n|turn|40\n|\n|t:|1697821162\n|move|p1a: Ambipom|Knock Off|p2a: Copperajah\n|-damage|p2a: Copperajah|0 fnt\n|-enditem|p2a: Copperajah|Assault Vest|[from] move: Knock Off|[of] p1a: Ambipom\n|faint|p2a: Copperajah\n|\n|win|Rowan_Rocket\n|raw|Rowan_Rocket's rating: 1073 &rarr; <strong>1100<\/strong><br \/>(+27 for winning)\n|raw|TheRealN_B&amp;W's rating: 1043 &rarr; <strong>1028<\/strong><br \/>(-15 for losing)\n|c|\u2606TheRealN_B&W|Dang gh\n|c|\u2606TheRealN_B&W|gg\n|l|\u2606TheRealN_B&W\n","uploadtime":1697821176,"views":11,"p1id":"rowanrocket","p2id":"therealnbw","formatid":"gen9anythinggoes","rating":1028,"private":0,"password":""}