{"id":"gen9anythinggoes-1975472930","p1":"Nasty N","p2":"dboy114922","format":"[Gen 9] Anything Goes","log":"|j|\u2606Nasty N\n|j|\u2606dboy114922\n|t:|1698195087\n|gametype|singles\n|player|p1|Nasty N|n|1243\n|player|p2|dboy114922|pokekid|1173\n|teamsize|p1|6\n|teamsize|p2|6\n|gen|9\n|tier|[Gen 9] Anything Goes\n|rated|\n|rule|HP Percentage Mod: HP is shown in percentages\n|rule|Endless Battle Clause: Forcing endless battles is banned\n|clearpoke\n|poke|p1|Pawmot, M|\n|poke|p1|Pawmot, M|\n|poke|p1|Pawmot, M|\n|poke|p1|Pawmot, M|\n|poke|p1|Basculegion, M|\n|poke|p1|Mandibuzz, F|\n|poke|p2|Mewtwo|\n|poke|p2|Zoroark-Hisui, M|\n|poke|p2|Drifblim, M|\n|poke|p2|Arceus-Electric|\n|poke|p2|Shaymin|\n|poke|p2|Zacian-*|\n|teampreview\n|inactive|Battle timer is ON: inactive players will automatically lose when time's up. (requested by Nasty N)\n|\n|t:|1698195114\n|start\n|switch|p1a: Basculegion|Basculegion, M, shiny|100\/100\n|switch|p2a: Drifblim|Drifblim, M, shiny|100\/100\n|turn|1\n|\n|t:|1698195123\n|-terastallize|p2a: Drifblim|Ghost\n|move|p1a: Basculegion|Wave Crash|p2a: Drifblim\n|-enditem|p2a: Drifblim|Focus Sash\n|-damage|p2a: Drifblim|1\/100\n|-damage|p1a: Basculegion|62\/100|[from] Recoil\n|move|p2a: Drifblim|Minimize|p2a: Drifblim\n|-boost|p2a: Drifblim|evasion|2\n|\n|upkeep\n|turn|2\n|\n|t:|1698195133\n|move|p1a: Basculegion|Wave Crash|p2a: Drifblim|[miss]\n|-miss|p1a: Basculegion|p2a: Drifblim\n|move|p2a: Drifblim|Baton Pass|p2a: Drifblim\n|\n|t:|1698195139\n|switch|p2a: Zacian|Zacian-Crowned, shiny|100\/100|[from] Baton Pass\n|-ability|p2a: Zacian|Intrepid Sword|boost\n|-boost|p2a: Zacian|atk|1\n|\n|upkeep\n|turn|3\n|\n|t:|1698195147\n|move|p1a: Basculegion|Wave Crash|p2a: Zacian\n|-damage|p2a: Zacian|46\/100\n|-damage|p1a: Basculegion|44\/100|[from] Recoil\n|move|p2a: Zacian|Behemoth Blade|p1a: Basculegion\n|-resisted|p1a: Basculegion\n|-damage|p1a: Basculegion|0 fnt\n|faint|p1a: Basculegion\n|\n|upkeep\n|\n|t:|1698195150\n|switch|p1a: Pawmot|Pawmot, M|100\/100\n|turn|4\n|\n|t:|1698195160\n|move|p2a: Zacian|Behemoth Blade|p1a: Pawmot\n|-resisted|p1a: Pawmot\n|-damage|p1a: Pawmot|32\/100\n|move|p1a: Pawmot|Double Shock|p2a: Zacian\n|-crit|p2a: Zacian\n|-damage|p2a: Zacian|0 fnt\n|-start|p1a: Pawmot|typechange|???\/Fighting|[from] move: Double Shock\n|faint|p2a: Zacian\n|\n|upkeep\n|\n|t:|1698195170\n|switch|p2a: Shaymin|Shaymin|100\/100\n|turn|5\n|\n|t:|1698195182\n|move|p1a: Pawmot|Revival Blessing|p1a: Pawmot\n|c|\u2606dboy114922|uhh\n|inactive|Nasty N has 120 seconds left.\n|c|\u2606dboy114922|what ya doing\n|\n|t:|1698195232\n|-heal|p1: Basculegion|50\/100|[from] move: Revival Blessing\n|move|p2a: Shaymin|Healing Wish|p2a: Shaymin\n|faint|p2a: Shaymin\n|\n|upkeep\n|\n|t:|1698195242\n|switch|p2a: Drifblim|Drifblim, M, shiny, tera:Ghost|1\/100\n|-heal|p2a: Drifblim|100\/100|[from] move: Healing Wish\n|turn|6\n|\n|t:|1698195249\n|move|p1a: Pawmot|Wish|p1a: Pawmot\n|move|p2a: Drifblim|Minimize|p2a: Drifblim\n|-boost|p2a: Drifblim|evasion|2\n|\n|upkeep\n|turn|7\n|inactive|Nasty N has 120 seconds left.\n|\n|t:|1698195255\n|switch|p1a: Basculegion|Basculegion, M, shiny|50\/100\n|move|p2a: Drifblim|Minimize|p2a: Drifblim\n|-boost|p2a: Drifblim|evasion|2\n|\n|-heal|p1a: Basculegion|87\/100|[from] move: Wish|[wisher] Pawmot\n|upkeep\n|turn|8\n|\n|t:|1698195264\n|move|p1a: Basculegion|Last Respects|p2a: Drifblim\n|-supereffective|p2a: Drifblim\n|-damage|p2a: Drifblim|0 fnt\n|faint|p2a: Drifblim\n|\n|upkeep\n|\n|t:|1698195269\n|switch|p2a: Mewtwo|Mewtwo, shiny|100\/100\n|-ability|p2a: Mewtwo|Unnerve\n|turn|9\n|\n|t:|1698195276\n|move|p2a: Mewtwo|Protect|p2a: Mewtwo\n|-singleturn|p2a: Mewtwo|Protect\n|move|p1a: Basculegion|Last Respects|p2a: Mewtwo\n|-activate|p2a: Mewtwo|move: Protect\n|\n|upkeep\n|turn|10\n|\n|t:|1698195285\n|move|p1a: Basculegion|Last Respects|p2a: Mewtwo\n|-supereffective|p2a: Mewtwo\n|-damage|p2a: Mewtwo|0 fnt\n|faint|p2a: Mewtwo\n|\n|upkeep\n|\n|t:|1698195290\n|switch|p2a: Arceus|Arceus-Electric|100\/100\n|turn|11\n|\n|t:|1698195295\n|move|p1a: Basculegion|Last Respects|p2a: Arceus\n|-immune|p2a: Arceus\n|move|p2a: Arceus|Will-O-Wisp|p1a: Basculegion\n|-status|p1a: Basculegion|brn\n|\n|-damage|p1a: Basculegion|81\/100 brn|[from] brn\n|upkeep\n|turn|12\n|\n|t:|1698195307\n|switch|p1a: Pawmot|Pawmot, M|32\/100\n|move|p2a: Arceus|Swords Dance|p2a: Arceus\n|-boost|p2a: Arceus|atk|2\n|\n|upkeep\n|turn|13\n|\n|t:|1698195319\n|move|p1a: Pawmot|Double Shock|p2a: Arceus\n|-damage|p2a: Arceus|4\/100\n|-start|p1a: Pawmot|typechange|???\/Fighting|[from] move: Double Shock\n|replace|p2a: Zoroark|Zoroark-Hisui, M, shiny\n|-end|p2a: Zoroark|Illusion\n|move|p2a: Zoroark|Swords Dance|p2a: Zoroark\n|-boost|p2a: Zoroark|atk|2\n|\n|upkeep\n|turn|14\n|\n|t:|1698195330\n|switch|p1a: Basculegion|Basculegion, M, shiny|81\/100 brn\n|move|p2a: Zoroark|Rest|p2a: Zoroark\n|-status|p2a: Zoroark|slp|[from] move: Rest\n|-heal|p2a: Zoroark|100\/100 slp|[silent]\n|-enditem|p2a: Zoroark|Chesto Berry|[eat]\n|-curestatus|p2a: Zoroark|slp|[msg]\n|\n|-damage|p1a: Basculegion|75\/100 brn|[from] brn\n|upkeep\n|turn|15\n|\n|t:|1698195341\n|move|p1a: Basculegion|Wave Crash|p2a: Zoroark\n|-damage|p2a: Zoroark|36\/100\n|-damage|p1a: Basculegion|57\/100 brn|[from] Recoil\n|move|p2a: Zoroark|Night Shade|p1a: Basculegion\n|-damage|p1a: Basculegion|31\/100 brn\n|\n|-damage|p1a: Basculegion|25\/100 brn|[from] brn\n|upkeep\n|turn|16\n|\n|t:|1698195351\n|move|p1a: Basculegion|Wave Crash|p2a: Zoroark\n|-damage|p2a: Zoroark|0 fnt\n|faint|p2a: Zoroark\n|-damage|p1a: Basculegion|15\/100 brn|[from] Recoil\n|\n|-damage|p1a: Basculegion|9\/100 brn|[from] brn\n|upkeep\n|\n|t:|1698195358\n|switch|p2a: Arceus|Arceus-Electric|100\/100\n|turn|17\n|\n|t:|1698195362\n|move|p1a: Basculegion|Wave Crash|p2a: Arceus\n|-damage|p2a: Arceus|78\/100\n|-damage|p1a: Basculegion|0 fnt|[from] Recoil\n|faint|p1a: Basculegion\n|move|p2a: Arceus|Judgment|p1: Basculegion|[notarget]\n|-fail|p2a: Arceus\n|\n|upkeep\n|\n|t:|1698195365\n|switch|p1a: Pawmot|Pawmot, M|32\/100\n|turn|18\n|\n|t:|1698195371\n|move|p2a: Arceus|Extreme Speed|p1a: Pawmot\n|-damage|p1a: Pawmot|0 fnt\n|faint|p1a: Pawmot\n|\n|upkeep\n|\n|t:|1698195378\n|switch|p1a: Mandibuzz|Mandibuzz, F|100\/100\n|turn|19\n|\n|t:|1698195383\n|move|p2a: Arceus|Judgment|p1a: Mandibuzz\n|-supereffective|p1a: Mandibuzz\n|-damage|p1a: Mandibuzz|14\/100\n|move|p1a: Mandibuzz|Toxic|p2a: Arceus\n|-status|p2a: Arceus|tox\n|\n|-damage|p2a: Arceus|71\/100 tox|[from] psn\n|upkeep\n|turn|20\n|\n|t:|1698195392\n|move|p2a: Arceus|Extreme Speed|p1a: Mandibuzz\n|-damage|p1a: Mandibuzz|2\/100\n|move|p1a: Mandibuzz|Knock Off|p2a: Arceus\n|-damage|p2a: Arceus|60\/100 tox\n|\n|-damage|p2a: Arceus|48\/100 tox|[from] psn\n|upkeep\n|turn|21\n|\n|t:|1698195400\n|move|p2a: Arceus|Extreme Speed|p1a: Mandibuzz\n|-damage|p1a: Mandibuzz|0 fnt\n|faint|p1a: Mandibuzz\n|\n|-damage|p2a: Arceus|29\/100 tox|[from] psn\n|upkeep\n|\n|t:|1698195402\n|switch|p1a: Pawmot|Pawmot, M|100\/100\n|turn|22\n|\n|t:|1698195408\n|move|p1a: Pawmot|Revival Blessing|p1a: Pawmot\n|\n|t:|1698195409\n|-heal|p1: Basculegion|50\/100|[from] move: Revival Blessing\n|move|p2a: Arceus|Judgment|p1a: Pawmot\n|-immune|p1a: Pawmot|[from] ability: Volt Absorb\n|\n|-damage|p2a: Arceus|5\/100 tox|[from] psn\n|upkeep\n|turn|23\n|\n|t:|1698195425\n|move|p1a: Pawmot|Close Combat|p2a: Arceus\n|-damage|p2a: Arceus|0 fnt\n|-unboost|p1a: Pawmot|def|1\n|-unboost|p1a: Pawmot|spd|1\n|faint|p2a: Arceus\n|\n|win|Nasty N\n|raw|Nasty N's rating: 1243 &rarr; <strong>1263<\/strong><br \/>(+20 for winning)\n|raw|dboy114922's rating: 1173 &rarr; <strong>1153<\/strong><br \/>(-20 for losing)\n","uploadtime":1698195429,"views":11,"p1id":"nastyn","p2id":"dboy114922","formatid":"gen9anythinggoes","rating":1153,"private":0,"password":""}