{"id":"gen9anythinggoes-1988835718","p1":"xiao_qi_awa","p2":"Sleepikun","format":"[Gen 9] Anything Goes","log":"|j|\u2606xiao_qi_awa\n|j|\u2606Sleepikun\n|t:|1699770643\n|gametype|singles\n|player|p1|xiao_qi_awa|265|1094\n|player|p2|Sleepikun|miriam|1133\n|teamsize|p1|6\n|teamsize|p2|6\n|gen|9\n|tier|[Gen 9] Anything Goes\n|rated|\n|rule|HP Percentage Mod: HP is shown in percentages\n|rule|Endless Battle Clause: Forcing endless battles is banned\n|clearpoke\n|poke|p1|Indeedee-F, F|\n|poke|p1|Hatterene, F|\n|poke|p1|Torkoal, M|\n|poke|p1|Kingambit, M|\n|poke|p1|Cresselia, F|\n|poke|p1|Ursaluna, M|\n|poke|p2|Miraidon|\n|poke|p2|Miraidon|\n|poke|p2|Miraidon|\n|poke|p2|Miraidon|\n|poke|p2|Miraidon|\n|poke|p2|Miraidon|\n|teampreview\n|\n|t:|1699770662\n|start\n|switch|p1a: Indeedee|Indeedee-F, F, shiny|100\/100\n|switch|p2a: Miraidon|Miraidon|100\/100\n|-fieldstart|move: Electric Terrain|[from] ability: Hadron Engine|[of] p2a: Miraidon\n|-fieldstart|move: Psychic Terrain|[from] ability: Psychic Surge|[of] p1a: Indeedee\n|-enditem|p1a: Indeedee|Psychic Seed\n|-boost|p1a: Indeedee|spd|1|[from] item: Psychic Seed\n|turn|1\n|\n|t:|1699770676\n|move|p2a: Miraidon|Substitute|p2a: Miraidon\n|-start|p2a: Miraidon|Substitute\n|-damage|p2a: Miraidon|76\/100\n|move|p1a: Indeedee|Trick Room|p1a: Indeedee\n|-fieldstart|move: Trick Room|[of] p1a: Indeedee\n|\n|upkeep\n|turn|2\n|\n|t:|1699770684\n|move|p1a: Indeedee|Dazzling Gleam|p2a: Miraidon\n|-supereffective|p2a: Miraidon\n|-end|p2a: Miraidon|Substitute\n|move|p2a: Miraidon|Calm Mind|p2a: Miraidon\n|-boost|p2a: Miraidon|spa|1\n|-boost|p2a: Miraidon|spd|1\n|\n|upkeep\n|turn|3\n|\n|t:|1699770694\n|move|p1a: Indeedee|Dazzling Gleam|p2a: Miraidon\n|-supereffective|p2a: Miraidon\n|-damage|p2a: Miraidon|54\/100\n|move|p2a: Miraidon|Parabolic Charge|p1a: Indeedee\n|-damage|p1a: Indeedee|57\/100\n|-heal|p2a: Miraidon|76\/100|[from] drain|[of] p1a: Indeedee\n|-damage|p2a: Miraidon|66\/100|[from] item: Life Orb\n|\n|upkeep\n|turn|4\n|\n|t:|1699770706\n|switch|p1a: Ursaluna|Ursaluna, M, shiny|100\/100\n|move|p2a: Miraidon|Parabolic Charge|p1a: Ursaluna\n|-immune|p1a: Ursaluna\n|\n|-status|p1a: Ursaluna|brn|[from] item: Flame Orb\n|upkeep\n|turn|5\n|\n|t:|1699770716\n|move|p1a: Ursaluna|Facade|p2a: Miraidon\n|-damage|p2a: Miraidon|0 fnt\n|faint|p2a: Miraidon\n|\n|-damage|p1a: Ursaluna|94\/100 brn|[from] brn\n|-fieldend|move: Trick Room\n|-fieldend|move: Psychic Terrain\n|upkeep\n|\n|t:|1699770721\n|switch|p2a: Miraidon|Miraidon|100\/100\n|-fieldstart|move: Electric Terrain|[from] ability: Hadron Engine|[of] p2a: Miraidon\n|turn|6\n|\n|t:|1699770730\n|move|p2a: Miraidon|U-turn|p1a: Ursaluna\n|-damage|p1a: Ursaluna|86\/100 brn\n|\n|t:|1699770741\n|switch|p2a: Miraidon|Miraidon|100\/100|[from] U-turn\n|-activate|p2a: Miraidon|ability: Hadron Engine\n|move|p1a: Ursaluna|Facade|p2a: Miraidon\n|-damage|p2a: Miraidon|0 fnt\n|faint|p2a: Miraidon\n|\n|-damage|p1a: Ursaluna|80\/100 brn|[from] brn\n|upkeep\n|\n|t:|1699770744\n|switch|p2a: Miraidon|Miraidon|100\/100\n|-activate|p2a: Miraidon|ability: Hadron Engine\n|turn|7\n|\n|t:|1699770758\n|move|p2a: Miraidon|Draco Meteor|p1a: Ursaluna\n|-damage|p1a: Ursaluna|0 fnt\n|-unboost|p2a: Miraidon|spa|2\n|faint|p1a: Ursaluna\n|\n|upkeep\n|\n|t:|1699770765\n|switch|p1a: Cresselia|Cresselia, F, shiny|100\/100\n|turn|8\n|\n|t:|1699770773\n|switch|p2a: Miraidon|Miraidon|100\/100\n|-activate|p2a: Miraidon|ability: Hadron Engine\n|-enditem|p2a: Miraidon|Electric Seed\n|-boost|p2a: Miraidon|def|1|[from] item: Electric Seed\n|move|p1a: Cresselia|Trick Room|p1a: Cresselia\n|-fieldstart|move: Trick Room|[of] p1a: Cresselia\n|\n|upkeep\n|turn|9\n|c|\u2606xiao_qi_awa|\u6211\u751f\u6c14\u4e86\n|\n|t:|1699770785\n|move|p1a: Cresselia|Dazzling Gleam|p2a: Miraidon\n|-supereffective|p2a: Miraidon\n|-damage|p2a: Miraidon|75\/100\n|move|p2a: Miraidon|Calm Mind|p2a: Miraidon\n|-boost|p2a: Miraidon|spa|1\n|-boost|p2a: Miraidon|spd|1\n|\n|upkeep\n|turn|10\n|\n|t:|1699770797\n|switch|p1a: Torkoal|Torkoal, M, shiny|100\/100\n|-weather|SunnyDay|[from] ability: Drought|[of] p1a: Torkoal\n|move|p2a: Miraidon|Calm Mind|p2a: Miraidon\n|-boost|p2a: Miraidon|spa|1\n|-boost|p2a: Miraidon|spd|1\n|\n|-weather|SunnyDay|[upkeep]\n|-fieldend|move: Electric Terrain\n|upkeep\n|turn|11\n|\n|t:|1699770806\n|move|p1a: Torkoal|Clear Smog|p2a: Miraidon\n|-damage|p2a: Miraidon|69\/100\n|-clearboost|p2a: Miraidon\n|move|p2a: Miraidon|Electro Drift|p1a: Torkoal\n|-damage|p1a: Torkoal|29\/100\n|\n|-weather|SunnyDay|[upkeep]\n|upkeep\n|turn|12\n|\n|t:|1699770818\n|move|p1a: Torkoal|Eruption|p2a: Miraidon\n|-resisted|p2a: Miraidon\n|-damage|p2a: Miraidon|54\/100\n|move|p2a: Miraidon|Electro Drift|p1a: Torkoal\n|-damage|p1a: Torkoal|0 fnt\n|faint|p1a: Torkoal\n|\n|-weather|SunnyDay|[upkeep]\n|-fieldend|move: Trick Room\n|upkeep\n|\n|t:|1699770833\n|switch|p1a: Hatterene|Hatterene, F, shiny|100\/100\n|turn|13\n|\n|t:|1699770841\n|move|p2a: Miraidon|Electro Drift|p1a: Hatterene\n|-damage|p1a: Hatterene|39\/100\n|move|p1a: Hatterene|Trick Room|p1a: Hatterene\n|-fieldstart|move: Trick Room|[of] p1a: Hatterene\n|\n|-weather|SunnyDay|[upkeep]\n|upkeep\n|turn|14\n|\n|t:|1699770852\n|move|p1a: Hatterene|Dazzling Gleam|p2a: Miraidon\n|-supereffective|p2a: Miraidon\n|-damage|p2a: Miraidon|0 fnt\n|faint|p2a: Miraidon\n|-damage|p1a: Hatterene|29\/100|[from] item: Life Orb\n|\n|-weather|none\n|upkeep\n|\n|t:|1699770860\n|switch|p2a: Miraidon|Miraidon|100\/100\n|-fieldstart|move: Electric Terrain|[from] ability: Hadron Engine|[of] p2a: Miraidon\n|turn|15\n|\n|t:|1699770865\n|move|p1a: Hatterene|Dazzling Gleam|p2a: Miraidon\n|-supereffective|p2a: Miraidon\n|-damage|p2a: Miraidon|0 fnt\n|faint|p2a: Miraidon\n|-damage|p1a: Hatterene|20\/100|[from] item: Life Orb\n|\n|upkeep\n|\n|t:|1699770873\n|switch|p2a: Miraidon|Miraidon|100\/100\n|-activate|p2a: Miraidon|ability: Hadron Engine\n|turn|16\n|\n|t:|1699770878\n|move|p1a: Hatterene|Dazzling Gleam|p2a: Miraidon\n|-supereffective|p2a: Miraidon\n|-damage|p2a: Miraidon|0 fnt\n|faint|p2a: Miraidon\n|-damage|p1a: Hatterene|10\/100|[from] item: Life Orb\n|\n|upkeep\n|\n|t:|1699770881\n|switch|p2a: Miraidon|Miraidon|100\/100\n|-activate|p2a: Miraidon|ability: Hadron Engine\n|turn|17\n|\n|t:|1699770889\n|-terastallize|p2a: Miraidon|Electric\n|move|p1a: Hatterene|Dazzling Gleam|p2a: Miraidon\n|-damage|p2a: Miraidon|43\/100\n|-damage|p1a: Hatterene|0 fnt|[from] item: Life Orb\n|faint|p1a: Hatterene\n|move|p2a: Miraidon|Electro Drift|p1: Hatterene|[notarget]\n|-fail|p2a: Miraidon\n|\n|-fieldend|move: Trick Room\n|upkeep\n|\n|t:|1699770900\n|switch|p1a: Kingambit|Kingambit, M, shiny|100\/100\n|turn|18\n|\n|t:|1699770908\n|move|p1a: Kingambit|Sucker Punch|p2a: Miraidon\n|-damage|p2a: Miraidon|4\/100\n|move|p2a: Miraidon|Electro Drift|p1a: Kingambit\n|-damage|p1a: Kingambit|0 fnt\n|faint|p1a: Kingambit\n|\n|upkeep\n|\n|t:|1699770917\n|switch|p1a: Indeedee|Indeedee-F, F, shiny|57\/100\n|-fieldstart|move: Psychic Terrain|[from] ability: Psychic Surge|[of] p1a: Indeedee\n|turn|19\n|\n|t:|1699770928\n|move|p2a: Miraidon|Electro Drift|p1a: Indeedee\n|-damage|p1a: Indeedee|0 fnt\n|faint|p1a: Indeedee\n|\n|upkeep\n|\n|t:|1699770934\n|switch|p1a: Cresselia|Cresselia, F, shiny|100\/100\n|turn|20\n|c|\u2606Sleepikun|\uff1f\u8fd9\u5927\u5c06\u4e0d\u670d\u8f93\u7684\n|\n|t:|1699770947\n|-terastallize|p1a: Cresselia|Electric\n|move|p2a: Miraidon|Electro Drift|p1a: Cresselia\n|-resisted|p1a: Cresselia\n|-damage|p1a: Cresselia|81\/100\n|move|p1a: Cresselia|Dazzling Gleam|p2a: Miraidon\n|-damage|p2a: Miraidon|0 fnt\n|faint|p2a: Miraidon\n|\n|win|xiao_qi_awa\n|raw|xiao_qi_awa's rating: 1094 &rarr; <strong>1123<\/strong><br \/>(+29 for winning)\n|raw|Sleepikun's rating: 1133 &rarr; <strong>1105<\/strong><br \/>(-28 for losing)\n","uploadtime":1699770961,"views":34,"p1id":"xiaoqiawa","p2id":"sleepikun","formatid":"gen9anythinggoes","rating":1105,"private":0,"password":""}