{"id":"gen9anythinggoes-1989847407","p1":"LPtiDim","p2":"Kev_1yt-","format":"[Gen 9] Anything Goes","log":"|j|\u2606LPtiDim\n|j|\u2606Kev_1yt-\n|t:|1699900704\n|gametype|singles\n|player|p1|LPtiDim|alder|1148\n|player|p2|Kev_1yt-|1|1050\n|teamsize|p1|6\n|teamsize|p2|6\n|gen|9\n|tier|[Gen 9] Anything Goes\n|rated|\n|rule|HP Percentage Mod: HP is shown in percentages\n|rule|Endless Battle Clause: Forcing endless battles is banned\n|clearpoke\n|poke|p1|Landorus-Therian, M|\n|poke|p1|Great Tusk|\n|poke|p1|Gliscor, M|\n|poke|p1|Clodsire, F|\n|poke|p1|Ursaluna, F|\n|poke|p1|Groudon|\n|poke|p2|Garchomp, F|\n|poke|p2|Cloyster, M|\n|poke|p2|Chandelure, F|\n|poke|p2|Alomomola, F|\n|poke|p2|Breloom, M|\n|poke|p2|Clodsire, F|\n|teampreview\n|\n|t:|1699900719\n|start\n|switch|p1a: Clodsire|Clodsire, F|100\/100\n|switch|p2a: Clodsire|Clodsire, F|100\/100\n|turn|1\n|\n|t:|1699900726\n|move|p2a: Clodsire|Hydro Pump|p1a: Clodsire\n|-immune|p1a: Clodsire|[from] ability: Water Absorb\n|move|p1a: Clodsire|Stealth Rock|p2a: Clodsire\n|-sidestart|p2: Kev_1yt-|move: Stealth Rock\n|\n|upkeep\n|turn|2\n|\n|t:|1699900734\n|move|p2a: Clodsire|Earth Power|p1a: Clodsire\n|-supereffective|p1a: Clodsire\n|-damage|p1a: Clodsire|43\/100\n|-damage|p2a: Clodsire|91\/100|[from] item: Life Orb\n|move|p1a: Clodsire|Toxic Spikes|p2a: Clodsire\n|-sidestart|p2: Kev_1yt-|move: Toxic Spikes\n|\n|upkeep\n|turn|3\n|\n|t:|1699900747\n|switch|p1a: Gliscor|Gliscor, M|100\/100\n|move|p2a: Clodsire|Earth Power|p1a: Gliscor\n|-immune|p1a: Gliscor\n|\n|-status|p1a: Gliscor|tox|[from] item: Toxic Orb\n|upkeep\n|turn|4\n|\n|t:|1699900759\n|move|p1a: Gliscor|Knock Off|p2a: Clodsire\n|-damage|p2a: Clodsire|67\/100\n|-enditem|p2a: Clodsire|Life Orb|[from] move: Knock Off|[of] p1a: Gliscor\n|move|p2a: Clodsire|Ancient Power|p1a: Gliscor\n|-damage|p1a: Gliscor|87\/100 tox\n|-boost|p2a: Clodsire|atk|1\n|-boost|p2a: Clodsire|def|1\n|-boost|p2a: Clodsire|spa|1\n|-boost|p2a: Clodsire|spd|1\n|-boost|p2a: Clodsire|spe|1\n|\n|-heal|p1a: Gliscor|99\/100 tox|[from] ability: Poison Heal\n|upkeep\n|turn|5\n|\n|t:|1699900771\n|move|p1a: Gliscor|Facade|p2a: Clodsire\n|-damage|p2a: Clodsire|43\/100\n|move|p2a: Clodsire|Hydro Pump|p1a: Gliscor|[miss]\n|-miss|p2a: Clodsire|p1a: Gliscor\n|\n|-heal|p1a: Gliscor|100\/100 tox|[from] ability: Poison Heal\n|upkeep\n|turn|6\n|\n|t:|1699900779\n|move|p1a: Gliscor|Facade|p2a: Clodsire\n|-damage|p2a: Clodsire|19\/100\n|move|p2a: Clodsire|Hydro Pump|p1a: Gliscor\n|-supereffective|p1a: Gliscor\n|-damage|p1a: Gliscor|37\/100 tox\n|\n|-heal|p1a: Gliscor|50\/100 tox|[from] ability: Poison Heal\n|upkeep\n|turn|7\n|\n|t:|1699900788\n|move|p1a: Gliscor|Facade|p2a: Clodsire\n|-damage|p2a: Clodsire|0 fnt\n|faint|p2a: Clodsire\n|\n|-heal|p1a: Gliscor|62\/100 tox|[from] ability: Poison Heal\n|upkeep\n|\n|t:|1699900796\n|switch|p2a: Breloom|Breloom, M|100\/100\n|-damage|p2a: Breloom|94\/100|[from] Stealth Rock\n|-status|p2a: Breloom|psn\n|turn|8\n|\n|t:|1699900803\n|move|p1a: Gliscor|Knock Off|p2a: Breloom\n|-resisted|p2a: Breloom\n|-damage|p2a: Breloom|81\/100 psn\n|-enditem|p2a: Breloom|Toxic Orb|[from] move: Knock Off|[of] p1a: Gliscor\n|move|p2a: Breloom|Facade|p1a: Gliscor\n|-damage|p1a: Gliscor|13\/100 tox\n|\n|-heal|p1a: Gliscor|25\/100 tox|[from] ability: Poison Heal\n|-heal|p2a: Breloom|94\/100 psn|[from] ability: Poison Heal\n|upkeep\n|turn|9\n|\n|t:|1699900814\n|move|p1a: Gliscor|U-turn|p2a: Breloom\n|-damage|p2a: Breloom|74\/100 psn\n|\n|t:|1699900818\n|switch|p1a: Landorus|Landorus-Therian, M|100\/100|[from] U-turn\n|-ability|p1a: Landorus|Intimidate|boost\n|-unboost|p2a: Breloom|atk|1\n|move|p2a: Breloom|Facade|p1a: Landorus\n|-damage|p1a: Landorus|71\/100\n|\n|-heal|p2a: Breloom|86\/100 psn|[from] ability: Poison Heal\n|upkeep\n|turn|10\n|\n|t:|1699900833\n|-terastallize|p2a: Breloom|Grass\n|move|p1a: Landorus|Smack Down|p2a: Breloom\n|-damage|p2a: Breloom|70\/100 psn\n|move|p2a: Breloom|Bulk Up|p2a: Breloom\n|-boost|p2a: Breloom|atk|1\n|-boost|p2a: Breloom|def|1\n|\n|-heal|p2a: Breloom|82\/100 psn|[from] ability: Poison Heal\n|upkeep\n|turn|11\n|\n|t:|1699900842\n|move|p1a: Landorus|Bulk Up|p1a: Landorus\n|-boost|p1a: Landorus|atk|1\n|-boost|p1a: Landorus|def|1\n|move|p2a: Breloom|Brick Break|p1a: Landorus\n|-resisted|p1a: Landorus\n|-damage|p1a: Landorus|59\/100\n|\n|-heal|p2a: Breloom|94\/100 psn|[from] ability: Poison Heal\n|upkeep\n|turn|12\n|\n|t:|1699900853\n|move|p1a: Landorus|Earthquake|p2a: Breloom\n|-resisted|p2a: Breloom\n|-damage|p2a: Breloom|69\/100 psn\n|move|p2a: Breloom|Close Combat|p1a: Landorus\n|-resisted|p1a: Landorus\n|-damage|p1a: Landorus|39\/100\n|-unboost|p2a: Breloom|def|1\n|-unboost|p2a: Breloom|spd|1\n|\n|-heal|p2a: Breloom|81\/100 psn|[from] ability: Poison Heal\n|upkeep\n|turn|13\n|\n|t:|1699900863\n|move|p1a: Landorus|Earthquake|p2a: Breloom\n|-resisted|p2a: Breloom\n|-damage|p2a: Breloom|39\/100 psn\n|move|p2a: Breloom|Bulk Up|p2a: Breloom\n|-boost|p2a: Breloom|atk|1\n|-boost|p2a: Breloom|def|1\n|\n|-heal|p2a: Breloom|51\/100 psn|[from] ability: Poison Heal\n|upkeep\n|turn|14\n|\n|t:|1699900872\n|move|p1a: Landorus|Earthquake|p2a: Breloom\n|-resisted|p2a: Breloom\n|-damage|p2a: Breloom|23\/100 psn\n|move|p2a: Breloom|Close Combat|p1a: Landorus\n|-resisted|p1a: Landorus\n|-damage|p1a: Landorus|7\/100\n|-unboost|p2a: Breloom|def|1\n|-unboost|p2a: Breloom|spd|1\n|-enditem|p1a: Landorus|Iapapa Berry|[eat]\n|-heal|p1a: Landorus|40\/100|[from] item: Iapapa Berry\n|\n|-heal|p2a: Breloom|35\/100 psn|[from] ability: Poison Heal\n|upkeep\n|turn|15\n|\n|t:|1699900887\n|move|p1a: Landorus|Earthquake|p2a: Breloom\n|-resisted|p2a: Breloom\n|-damage|p2a: Breloom|0 fnt\n|faint|p2a: Breloom\n|\n|upkeep\n|c|\u2606Kev_1yt-|good play\n|\n|t:|1699900903\n|switch|p2a: Chandelure|Chandelure, F|100\/100\n|-damage|p2a: Chandelure|76\/100|[from] Stealth Rock\n|-status|p2a: Chandelure|psn\n|turn|16\n|\n|t:|1699900914\n|move|p2a: Chandelure|Dark Pulse|p1a: Landorus\n|-damage|p1a: Landorus|14\/100\n|move|p1a: Landorus|Earthquake|p2a: Chandelure\n|-supereffective|p2a: Chandelure\n|-damage|p2a: Chandelure|0 fnt\n|faint|p2a: Chandelure\n|\n|upkeep\n|\n|t:|1699900922\n|switch|p2a: Alomomola|Alomomola, F|100\/100\n|-damage|p2a: Alomomola|88\/100|[from] Stealth Rock\n|-status|p2a: Alomomola|psn\n|turn|17\n|\n|t:|1699900928\n|switch|p1a: Clodsire|Clodsire, F|43\/100\n|move|p2a: Alomomola|Aqua Jet|p1a: Clodsire\n|-heal|p1a: Clodsire|68\/100|[from] ability: Water Absorb|[of] p2a: Alomomola\n|\n|-heal|p2a: Alomomola|94\/100 psn|[from] item: Leftovers\n|-damage|p2a: Alomomola|82\/100 psn|[from] psn\n|upkeep\n|turn|18\n|\n|t:|1699900940\n|move|p2a: Alomomola|Body Slam|p1a: Clodsire\n|-damage|p1a: Clodsire|50\/100\n|move|p1a: Clodsire|Sludge Wave|p2a: Alomomola\n|-damage|p2a: Alomomola|53\/100 psn\n|\n|-heal|p2a: Alomomola|59\/100 psn|[from] item: Leftovers\n|-damage|p2a: Alomomola|47\/100 psn|[from] psn\n|upkeep\n|turn|19\n|\n|t:|1699900995\n|move|p2a: Alomomola|Body Slam|p1a: Clodsire\n|-damage|p1a: Clodsire|30\/100\n|-status|p1a: Clodsire|par\n|cant|p1a: Clodsire|par\n|\n|-heal|p2a: Alomomola|53\/100 psn|[from] item: Leftovers\n|-damage|p2a: Alomomola|40\/100 psn|[from] psn\n|upkeep\n|turn|20\n|\n|t:|1699901003\n|move|p2a: Alomomola|Body Slam|p1a: Clodsire\n|-damage|p1a: Clodsire|10\/100 par\n|move|p1a: Clodsire|Sludge Wave|p2a: Alomomola\n|-damage|p2a: Alomomola|11\/100 psn\n|\n|-heal|p2a: Alomomola|17\/100 psn|[from] item: Leftovers\n|-damage|p2a: Alomomola|4\/100 psn|[from] psn\n|upkeep\n|turn|21\n|\n|t:|1699901015\n|switch|p1a: Gliscor|Gliscor, M|25\/100 tox\n|move|p2a: Alomomola|Body Slam|p1a: Gliscor\n|-damage|p1a: Gliscor|2\/100 tox\n|\n|-heal|p2a: Alomomola|11\/100 psn|[from] item: Leftovers\n|-heal|p1a: Gliscor|14\/100 tox|[from] ability: Poison Heal\n|-damage|p2a: Alomomola|0 fnt|[from] psn\n|faint|p2a: Alomomola\n|upkeep\n|\n|t:|1699901026\n|switch|p2a: Cloyster|Cloyster, M|100\/100\n|-damage|p2a: Cloyster|76\/100|[from] Stealth Rock\n|-status|p2a: Cloyster|psn\n|turn|22\n|\n|t:|1699901034\n|move|p1a: Gliscor|Knock Off|p2a: Cloyster\n|-crit|p2a: Cloyster\n|-damage|p2a: Cloyster|47\/100 psn\n|-enditem|p2a: Cloyster|Focus Sash|[from] move: Knock Off|[of] p1a: Gliscor\n|move|p2a: Cloyster|Shell Smash|p2a: Cloyster\n|-unboost|p2a: Cloyster|def|1\n|-unboost|p2a: Cloyster|spd|1\n|-boost|p2a: Cloyster|atk|2\n|-boost|p2a: Cloyster|spa|2\n|-boost|p2a: Cloyster|spe|2\n|\n|-damage|p2a: Cloyster|35\/100 psn|[from] psn\n|-heal|p1a: Gliscor|27\/100 tox|[from] ability: Poison Heal\n|upkeep\n|turn|23\n|\n|t:|1699901049\n|move|p2a: Cloyster|Blizzard|p1a: Gliscor\n|-supereffective|p1a: Gliscor\n|-damage|p1a: Gliscor|0 fnt\n|faint|p1a: Gliscor\n|\n|-damage|p2a: Cloyster|22\/100 psn|[from] psn\n|upkeep\n|\n|t:|1699901057\n|switch|p1a: Great Tusk|Great Tusk|100\/100\n|turn|24\n|\n|t:|1699901067\n|move|p2a: Cloyster|Blizzard|p1a: Great Tusk|[miss]\n|-miss|p2a: Cloyster|p1a: Great Tusk\n|move|p1a: Great Tusk|Ice Spinner|p2a: Cloyster\n|-resisted|p2a: Cloyster\n|-damage|p2a: Cloyster|13\/100 psn\n|\n|-damage|p2a: Cloyster|1\/100 psn|[from] psn\n|upkeep\n|turn|25\n|inactive|Battle timer is ON: inactive players will automatically lose when time's up. (requested by Kev_1yt-)\n|\n|t:|1699901076\n|move|p2a: Cloyster|Blizzard|p1a: Great Tusk\n|-supereffective|p1a: Great Tusk\n|-damage|p1a: Great Tusk|0 fnt\n|faint|p1a: Great Tusk\n|-end|p1a: Great Tusk|Protosynthesis|[silent]\n|\n|-damage|p2a: Cloyster|0 fnt|[from] psn\n|faint|p2a: Cloyster\n|upkeep\n|\n|t:|1699901084\n|switch|p1a: Landorus|Landorus-Therian, M|14\/100\n|switch|p2a: Garchomp|Garchomp, F|100\/100\n|-damage|p2a: Garchomp|94\/100|[from] Stealth Rock\n|-status|p2a: Garchomp|psn\n|-ability|p1a: Landorus|Intimidate|boost\n|-unboost|p2a: Garchomp|atk|1\n|turn|26\n|\n|t:|1699901093\n|move|p1a: Landorus|Earthquake|p2a: Garchomp\n|-damage|p2a: Garchomp|55\/100 psn\n|move|p2a: Garchomp|Dragon Tail|p1a: Landorus\n|-damage|p1a: Landorus|0 fnt\n|faint|p1a: Landorus\n|\n|-heal|p2a: Garchomp|62\/100 psn|[from] item: Leftovers\n|-damage|p2a: Garchomp|49\/100 psn|[from] psn\n|upkeep\n|\n|t:|1699901102\n|switch|p1a: Clodsire|Clodsire, F|10\/100 par\n|turn|27\n|\n|t:|1699901108\n|move|p2a: Garchomp|Crunch|p1a: Clodsire\n|-damage|p1a: Clodsire|0 fnt\n|faint|p1a: Clodsire\n|\n|-heal|p2a: Garchomp|55\/100 psn|[from] item: Leftovers\n|-damage|p2a: Garchomp|43\/100 psn|[from] psn\n|upkeep\n|\n|t:|1699901121\n|switch|p1a: Ursaluna|Ursaluna, F|100\/100\n|turn|28\n|\n|t:|1699901124\n|move|p2a: Garchomp|Brick Break|p1a: Ursaluna\n|-supereffective|p1a: Ursaluna\n|-damage|p1a: Ursaluna|78\/100\n|move|p1a: Ursaluna|Swords Dance|p1a: Ursaluna\n|-boost|p1a: Ursaluna|atk|2\n|\n|-heal|p2a: Garchomp|49\/100 psn|[from] item: Leftovers\n|-damage|p2a: Garchomp|37\/100 psn|[from] psn\n|-status|p1a: Ursaluna|brn|[from] item: Flame Orb\n|upkeep\n|turn|29\n|\n|t:|1699901134\n|move|p1a: Ursaluna|Facade|p2a: Garchomp\n|-damage|p2a: Garchomp|0 fnt\n|-damage|p1a: Ursaluna|65\/100 brn|[from] ability: Rough Skin|[of] p2a: Garchomp\n|faint|p2a: Garchomp\n|\n|win|LPtiDim\n|raw|LPtiDim's rating: 1148 &rarr; <strong>1166<\/strong><br \/>(+18 for winning)\n|raw|Kev_1yt-'s rating: 1050 &rarr; <strong>1037<\/strong><br \/>(-13 for losing)\n|c|\u2606Kev_1yt-|gg man\n|c|\u2606LPtiDim|gg too\n","uploadtime":1699901150,"views":17,"p1id":"lptidim","p2id":"kev1yt","formatid":"gen9anythinggoes","rating":1037,"private":0,"password":""}