{"id":"gen9anythinggoes-1979631385","p1":"NicouilleDroite","p2":"Jrmoore896","format":"[Gen 9] Anything Goes","log":"|j|\u2606NicouilleDroite\n|j|\u2606Jrmoore896\n|t:|1698698268\n|gametype|singles\n|player|p1|NicouilleDroite|janitor|1604\n|player|p2|Jrmoore896|lucas-gen4pt|1364\n|teamsize|p1|6\n|teamsize|p2|6\n|gen|9\n|tier|[Gen 9] Anything Goes\n|rated|\n|rule|HP Percentage Mod: HP is shown in percentages\n|rule|Endless Battle Clause: Forcing endless battles is banned\n|clearpoke\n|poke|p1|Volcarona, M|\n|poke|p1|Miraidon|\n|poke|p1|Chi-Yu|\n|poke|p1|Toxapex, F|\n|poke|p1|Iron Bundle|\n|poke|p1|Sneasler, F|\n|poke|p2|Calyrex-Shadow|\n|poke|p2|Mewtwo|\n|poke|p2|Espathra, M|\n|poke|p2|Hatterene, F|\n|poke|p2|Jirachi|\n|poke|p2|Indeedee, M|\n|teampreview\n|inactive|Battle timer is ON: inactive players will automatically lose when time's up. (requested by NicouilleDroite)\n|\n|t:|1698698280\n|start\n|switch|p1a: Miraidon|Miraidon|100\/100\n|switch|p2a: Jirachi|Jirachi|100\/100\n|-fieldstart|move: Electric Terrain|[from] ability: Hadron Engine|[of] p1a: Miraidon\n|turn|1\n|\n|t:|1698698294\n|move|p1a: Miraidon|Volt Switch|p2a: Jirachi\n|-damage|p2a: Jirachi|35\/100\n|\n|t:|1698698297\n|switch|p1a: Sneasler|Sneasler, F|100\/100|[from] Volt Switch\n|-enditem|p1a: Sneasler|Electric Seed\n|-boost|p1a: Sneasler|def|1|[from] item: Electric Seed\n|move|p2a: Jirachi|U-turn|p1a: Sneasler\n|-resisted|p1a: Sneasler\n|-damage|p1a: Sneasler|94\/100\n|\n|t:|1698698305\n|switch|p2a: Indeedee|Indeedee, M|100\/100|[from] U-turn\n|-fieldstart|move: Psychic Terrain|[from] ability: Psychic Surge|[of] p2a: Indeedee\n|\n|upkeep\n|turn|2\n|\n|t:|1698698312\n|-terastallize|p1a: Sneasler|Ghost\n|move|p1a: Sneasler|Shadow Claw|p2a: Indeedee\n|-immune|p2a: Indeedee\n|move|p2a: Indeedee|Psychic|p1a: Sneasler\n|-damage|p1a: Sneasler|39\/100\n|\n|upkeep\n|turn|3\n|\n|t:|1698698323\n|move|p1a: Sneasler|Acrobatics|p2a: Indeedee\n|-damage|p2a: Indeedee|25\/100\n|move|p2a: Indeedee|Psychic|p1a: Sneasler\n|-damage|p1a: Sneasler|0 fnt\n|faint|p1a: Sneasler\n|\n|upkeep\n|\n|t:|1698698327\n|switch|p1a: Miraidon|Miraidon|100\/100\n|-fieldstart|move: Electric Terrain|[from] ability: Hadron Engine|[of] p1a: Miraidon\n|turn|4\n|\n|t:|1698698336\n|switch|p2a: Jirachi|Jirachi|35\/100\n|move|p1a: Miraidon|Volt Switch|p2a: Jirachi\n|-damage|p2a: Jirachi|0 fnt\n|faint|p2a: Jirachi\n|\n|t:|1698698343\n|switch|p1a: Chi-Yu|Chi-Yu|100\/100|[from] Volt Switch\n|-ability|p1a: Chi-Yu|Beads of Ruin\n|\n|upkeep\n|\n|t:|1698698351\n|switch|p2a: Calyrex|Calyrex-Shadow|100\/100\n|-ability|p2a: Calyrex|As One\n|-ability|p2a: Calyrex|Unnerve\n|turn|5\n|\n|t:|1698698358\n|-terastallize|p2a: Calyrex|Fighting\n|move|p1a: Chi-Yu|Dark Pulse|p2a: Calyrex\n|-resisted|p2a: Calyrex\n|-damage|p2a: Calyrex|72\/100\n|move|p2a: Calyrex|Tera Blast|p1a: Chi-Yu|[anim] Tera Blast Fighting\n|-supereffective|p1a: Chi-Yu\n|-damage|p1a: Chi-Yu|0 fnt\n|faint|p1a: Chi-Yu\n|-ability|p2a: Calyrex|Grim Neigh|boost\n|-boost|p2a: Calyrex|spa|1\n|\n|-heal|p2a: Calyrex|78\/100|[from] item: Leftovers\n|upkeep\n|\n|t:|1698698370\n|switch|p1a: Miraidon|Miraidon|100\/100\n|-activate|p1a: Miraidon|ability: Hadron Engine\n|turn|6\n|\n|t:|1698698379\n|switch|p2a: Hatterene|Hatterene, F, shiny|100\/100\n|move|p1a: Miraidon|Electro Drift|p2a: Hatterene\n|-damage|p2a: Hatterene|4\/100\n|\n|-heal|p2a: Hatterene|10\/100|[from] item: Leftovers\n|upkeep\n|turn|7\n|\n|t:|1698698395\n|switch|p2a: Indeedee|Indeedee, M|25\/100\n|-fieldstart|move: Psychic Terrain|[from] ability: Psychic Surge|[of] p2a: Indeedee\n|move|p1a: Miraidon|Electro Drift|p2a: Indeedee\n|-damage|p2a: Indeedee|0 fnt\n|faint|p2a: Indeedee\n|\n|upkeep\n|\n|t:|1698698405\n|switch|p2a: Calyrex|Calyrex-Shadow, tera:Fighting|78\/100\n|-ability|p2a: Calyrex|As One\n|-ability|p2a: Calyrex|Unnerve\n|turn|8\n|\n|t:|1698698414\n|switch|p1a: Iron Bundle|Iron Bundle, shiny|100\/100\n|move|p2a: Calyrex|Agility|p2a: Calyrex\n|-boost|p2a: Calyrex|spe|2\n|\n|-heal|p2a: Calyrex|84\/100|[from] item: Leftovers\n|upkeep\n|turn|9\n|\n|t:|1698698427\n|move|p2a: Calyrex|Astral Barrage|p1a: Iron Bundle\n|-damage|p1a: Iron Bundle|0 fnt\n|faint|p1a: Iron Bundle\n|-end|p1a: Iron Bundle|Quark Drive|[silent]\n|-ability|p2a: Calyrex|Grim Neigh|boost\n|-boost|p2a: Calyrex|spa|1\n|\n|-heal|p2a: Calyrex|91\/100|[from] item: Leftovers\n|upkeep\n|\n|t:|1698698431\n|switch|p1a: Toxapex|Toxapex, F, shiny|100\/100\n|turn|10\n|\n|t:|1698698441\n|move|p2a: Calyrex|Astral Barrage|p1a: Toxapex\n|-damage|p1a: Toxapex|6\/100\n|move|p1a: Toxapex|Haze|p1a: Toxapex\n|-clearallboost\n|\n|-heal|p2a: Calyrex|97\/100|[from] item: Leftovers\n|upkeep\n|turn|11\n|\n|t:|1698698452\n|move|p2a: Calyrex|Agility|p2a: Calyrex\n|-boost|p2a: Calyrex|spe|2\n|move|p1a: Toxapex|Toxic|p2a: Calyrex\n|-status|p2a: Calyrex|tox\n|\n|-heal|p2a: Calyrex|100\/100 tox|[from] item: Leftovers\n|-damage|p2a: Calyrex|94\/100 tox|[from] psn\n|upkeep\n|turn|12\n|\n|t:|1698698463\n|move|p2a: Calyrex|Astral Barrage|p1a: Toxapex\n|-damage|p1a: Toxapex|0 fnt\n|faint|p1a: Toxapex\n|-ability|p2a: Calyrex|Grim Neigh|boost\n|-boost|p2a: Calyrex|spa|1\n|\n|-heal|p2a: Calyrex|100\/100 tox|[from] item: Leftovers\n|-damage|p2a: Calyrex|88\/100 tox|[from] psn\n|upkeep\n|\n|t:|1698698468\n|switch|p1a: Miraidon|Miraidon|100\/100\n|-fieldstart|move: Electric Terrain|[from] ability: Hadron Engine|[of] p1a: Miraidon\n|turn|13\n|\n|t:|1698698478\n|move|p2a: Calyrex|Astral Barrage|p1a: Miraidon\n|-damage|p1a: Miraidon|0 fnt\n|faint|p1a: Miraidon\n|-ability|p2a: Calyrex|Grim Neigh|boost\n|-boost|p2a: Calyrex|spa|1\n|\n|-heal|p2a: Calyrex|94\/100 tox|[from] item: Leftovers\n|-damage|p2a: Calyrex|76\/100 tox|[from] psn\n|upkeep\n|\n|t:|1698698482\n|switch|p1a: Volcarona|Volcarona, M, shiny|100\/100\n|turn|14\n|-message|NicouilleDroite forfeited.\n|\n|win|Jrmoore896\n|raw|NicouilleDroite's rating: 1604 &rarr; <strong>1572<\/strong><br \/>(-32 for losing)\n|raw|Jrmoore896's rating: 1364 &rarr; <strong>1396<\/strong><br \/>(+32 for winning)\n|l|\u2606NicouilleDroite\n","uploadtime":1698698495,"views":8,"p1id":"nicouilledroite","p2id":"jrmoore896","formatid":"gen9anythinggoes","rating":1396,"private":0,"password":""}