{"id":"gen9anythinggoes-1980637798","p1":"Mattattac","p2":"Flashlava100","format":"[Gen 9] Anything Goes","log":"|j|\u2606Mattattac\n|j|\u2606Flashlava100\n|t:|1698806198\n|gametype|singles\n|player|p1|Mattattac|nate|\n|player|p2|Flashlava100|102|\n|teamsize|p1|6\n|teamsize|p2|6\n|gen|9\n|tier|[Gen 9] Anything Goes\n|rule|HP Percentage Mod: HP is shown in percentages\n|rule|Endless Battle Clause: Forcing endless battles is banned\n|clearpoke\n|poke|p1|Meowscarada, M|\n|poke|p1|Dragapult, M|\n|poke|p1|Gholdengo|\n|poke|p1|Greninja-*, M|\n|poke|p1|Iron Moth|\n|poke|p1|Kingambit, M|\n|poke|p2|Espathra, M|\n|poke|p2|Avalugg, M|\n|poke|p2|Kingambit, M|\n|poke|p2|Veluza, M|\n|poke|p2|Gogoat, M|\n|poke|p2|Glimmora, M|\n|teampreview\n|\n|t:|1698806207\n|start\n|switch|p1a: Greninja|Greninja, M, shiny|100\/100\n|switch|p2a: Glimmora|Glimmora, M|100\/100\n|turn|1\n|\n|t:|1698806210\n|move|p1a: Greninja|Surf|p2a: Glimmora\n|-start|p1a: Greninja|typechange|Water|[from] ability: Protean\n|-supereffective|p2a: Glimmora\n|-enditem|p2a: Glimmora|Focus Sash\n|-damage|p2a: Glimmora|1\/100\n|move|p2a: Glimmora|Sludge Wave|p1a: Greninja\n|-damage|p1a: Greninja|27\/100\n|\n|upkeep\n|turn|2\n|\n|t:|1698806220\n|move|p1a: Greninja|Surf|p2a: Glimmora\n|-supereffective|p2a: Glimmora\n|-damage|p2a: Glimmora|0 fnt\n|faint|p2a: Glimmora\n|\n|upkeep\n|\n|t:|1698806227\n|switch|p2a: Gogoat|Gogoat, M|100\/100\n|turn|3\n|\n|t:|1698806239\n|switch|p1a: Meowscarada|Meowscarada, M, shiny|100\/100\n|move|p2a: Gogoat|Horn Leech|p1a: Meowscarada\n|-resisted|p1a: Meowscarada\n|-damage|p1a: Meowscarada|72\/100\n|\n|upkeep\n|turn|4\n|\n|t:|1698806248\n|move|p1a: Meowscarada|Flower Trick|p2a: Gogoat\n|-start|p1a: Meowscarada|typechange|Grass|[from] ability: Protean\n|-ability|p2a: Gogoat|Sap Sipper|boost\n|-boost|p2a: Gogoat|atk|1\n|move|p2a: Gogoat|Play Rough|p1a: Meowscarada\n|-damage|p1a: Meowscarada|0 fnt\n|faint|p1a: Meowscarada\n|\n|upkeep\n|\n|t:|1698806274\n|switch|p1a: Greninja|Greninja, M, shiny|27\/100\n|turn|5\n|\n|t:|1698806279\n|move|p1a: Greninja|Ice Beam|p2a: Gogoat\n|-start|p1a: Greninja|typechange|Ice|[from] ability: Protean\n|-supereffective|p2a: Gogoat\n|-damage|p2a: Gogoat|27\/100\n|move|p2a: Gogoat|Horn Leech|p1a: Greninja\n|-damage|p1a: Greninja|0 fnt\n|-heal|p2a: Gogoat|36\/100|[from] drain|[of] p1a: Greninja\n|faint|p1a: Greninja\n|\n|upkeep\n|\n|t:|1698806287\n|switch|p1a: Iron Moth|Iron Moth, shiny|100\/100\n|-enditem|p1a: Iron Moth|Booster Energy\n|-activate|p1a: Iron Moth|ability: Quark Drive|[fromitem]\n|-start|p1a: Iron Moth|quarkdrivespa\n|turn|6\n|\n|t:|1698806291\n|move|p1a: Iron Moth|Fiery Dance|p2a: Gogoat\n|-supereffective|p2a: Gogoat\n|-damage|p2a: Gogoat|0 fnt\n|-boost|p1a: Iron Moth|spa|1\n|faint|p2a: Gogoat\n|\n|upkeep\n|\n|t:|1698806297\n|switch|p2a: Espathra|Espathra, M|100\/100\n|turn|7\n|\n|t:|1698806303\n|move|p1a: Iron Moth|Bug Buzz|p2a: Espathra\n|-supereffective|p2a: Espathra\n|-damage|p2a: Espathra|0 fnt\n|faint|p2a: Espathra\n|\n|upkeep\n|\n|t:|1698806311\n|switch|p2a: Veluza|Veluza, M|100\/100\n|-ability|p2a: Veluza|Mold Breaker\n|turn|8\n|\n|t:|1698806316\n|move|p1a: Iron Moth|Bug Buzz|p2a: Veluza\n|-supereffective|p2a: Veluza\n|-damage|p2a: Veluza|0 fnt\n|faint|p2a: Veluza\n|\n|upkeep\n|\n|t:|1698806321\n|switch|p2a: Kingambit|Kingambit, M|100\/100\n|-activate|p2a: Kingambit|ability: Supreme Overlord\n|-start|p2a: Kingambit|fallen4|[silent]\n|turn|9\n|\n|t:|1698806327\n|-end|p2a: Kingambit|fallen4|[silent]\n|switch|p2a: Avalugg|Avalugg, M|100\/100\n|move|p1a: Iron Moth|Fiery Dance|p2a: Avalugg\n|-supereffective|p2a: Avalugg\n|-ability|p2a: Avalugg|Sturdy\n|-damage|p2a: Avalugg|1\/100\n|\n|upkeep\n|turn|10\n|\n|t:|1698806330\n|move|p1a: Iron Moth|Fiery Dance|p2a: Avalugg\n|-supereffective|p2a: Avalugg\n|-damage|p2a: Avalugg|0 fnt\n|-boost|p1a: Iron Moth|spa|1\n|faint|p2a: Avalugg\n|\n|upkeep\n|\n|t:|1698806332\n|switch|p2a: Kingambit|Kingambit, M|100\/100\n|-activate|p2a: Kingambit|ability: Supreme Overlord\n|-start|p2a: Kingambit|fallen5|[silent]\n|turn|11\n|\n|t:|1698806347\n|-terastallize|p2a: Kingambit|Dark\n|move|p1a: Iron Moth|Fiery Dance|p2a: Kingambit\n|-damage|p2a: Kingambit|0 fnt\n|-boost|p1a: Iron Moth|spa|1\n|faint|p2a: Kingambit\n|-end|p2a: Kingambit|fallen5|[silent]\n|\n|win|Mattattac\n|l|\u2606Flashlava100\n","uploadtime":1698806352,"views":5,"p1id":"mattattac","p2id":"flashlava100","formatid":"gen9anythinggoes","rating":0,"private":0,"password":""}