{"id":"gen9anythinggoes-1998360651","p1":"Vendetta god","p2":"SonicSpeedKaleb","format":"[Gen 9] Anything Goes","log":"|j|\u2606Vendetta god\n|j|\u2606SonicSpeedKaleb\n|t:|1700933690\n|gametype|singles\n|player|p1|Vendetta god|101|1121\n|player|p2|SonicSpeedKaleb|265|1290\n|teamsize|p1|6\n|teamsize|p2|6\n|gen|9\n|tier|[Gen 9] Anything Goes\n|rated|\n|rule|HP Percentage Mod: HP is shown in percentages\n|rule|Endless Battle Clause: Forcing endless battles is banned\n|clearpoke\n|poke|p1|Gholdengo|\n|poke|p1|Corviknight, M|\n|poke|p1|Heatran, F|\n|poke|p1|Scizor, M|\n|poke|p1|Orthworm, F|\n|poke|p1|Dugtrio-Alola, M|\n|poke|p2|Skeledirge, M|\n|poke|p2|Pawmot, M|\n|poke|p2|Weavile, M|\n|poke|p2|Gliscor, F|\n|poke|p2|Lycanroc, M|\n|poke|p2|Koraidon|\n|teampreview\n|c|\u2606SonicSpeedKaleb|FAIR STRATS ONLY OR ALL OF YOUR PARTY WILL DIE!!!!!\n|\n|t:|1700933707\n|start\n|switch|p1a: Orthworm|Orthworm, F|100\/100\n|switch|p2a: Pawmot|Pawmot, M|100\/100\n|turn|1\n|inactive|Battle timer is ON: inactive players will automatically lose when time's up. (requested by SonicSpeedKaleb)\n|inactive|Vendetta god has 120 seconds left.\n|\n|t:|1700933784\n|move|p2a: Pawmot|Agility|p2a: Pawmot\n|-boost|p2a: Pawmot|spe|2\n|move|p1a: Orthworm|Earthquake|p2a: Pawmot\n|-supereffective|p2a: Pawmot\n|-damage|p2a: Pawmot|2\/100\n|\n|upkeep\n|turn|2\n|\n|t:|1700933792\n|move|p1a: Orthworm|Protect|p1a: Orthworm\n|-singleturn|p1a: Orthworm|Protect\n|move|p2a: Pawmot|Baton Pass|p2a: Pawmot\n|\n|t:|1700933797\n|switch|p2a: Gliscor|Gliscor, F|100\/100|[from] Baton Pass\n|\n|upkeep\n|turn|3\n|\n|t:|1700933803\n|move|p2a: Gliscor|Swords Dance|p2a: Gliscor\n|-boost|p2a: Gliscor|atk|2\n|move|p1a: Orthworm|Coil|p1a: Orthworm\n|-boost|p1a: Orthworm|atk|1\n|-boost|p1a: Orthworm|def|1\n|-boost|p1a: Orthworm|accuracy|1\n|\n|upkeep\n|turn|4\n|\n|t:|1700933813\n|move|p2a: Gliscor|Earthquake|p1a: Orthworm\n|-immune|p1a: Orthworm|[from] ability: Earth Eater\n|move|p1a: Orthworm|Heavy Slam|p2a: Gliscor\n|-damage|p2a: Gliscor|24\/100\n|\n|upkeep\n|turn|5\n|\n|t:|1700933821\n|move|p2a: Gliscor|Baton Pass|p2a: Gliscor\n|\n|t:|1700933823\n|switch|p2a: Skeledirge|Skeledirge, M|100\/100|[from] Baton Pass\n|move|p1a: Orthworm|Coil|p1a: Orthworm\n|-boost|p1a: Orthworm|atk|1\n|-boost|p1a: Orthworm|def|1\n|-boost|p1a: Orthworm|accuracy|1\n|\n|upkeep\n|turn|6\n|c|\u2606SonicSpeedKaleb|Earth eater worm fart hole.\n|\n|t:|1700933831\n|switch|p1a: Heatran|Heatran, F|100\/100\n|move|p2a: Skeledirge|Torch Song|p1a: Heatran\n|-start|p1a: Heatran|ability: Flash Fire\n|\n|upkeep\n|turn|7\n|c|\u2606SonicSpeedKaleb|SWITCH HOE!!!!!\n|\n|t:|1700933841\n|switch|p2a: Lycanroc|Lycanroc, M|100\/100\n|move|p1a: Heatran|Rock Slide|p2a: Lycanroc|[miss]\n|-miss|p1a: Heatran|p2a: Lycanroc\n|\n|upkeep\n|turn|8\n|\n|t:|1700933853\n|move|p2a: Lycanroc|Drill Run|p1a: Heatran\n|-supereffective|p1a: Heatran\n|-damage|p1a: Heatran|21\/100\n|move|p1a: Heatran|Stealth Rock|p2a: Lycanroc\n|-sidestart|p2: SonicSpeedKaleb|move: Stealth Rock\n|\n|-heal|p1a: Heatran|27\/100|[from] item: Leftovers\n|upkeep\n|turn|9\n|\n|t:|1700933861\n|move|p1a: Heatran|Protect|p1a: Heatran\n|-singleturn|p1a: Heatran|Protect\n|move|p2a: Lycanroc|Drill Run|p1a: Heatran\n|-activate|p1a: Heatran|move: Protect\n|\n|-heal|p1a: Heatran|33\/100|[from] item: Leftovers\n|upkeep\n|turn|10\n|c|\u2606SonicSpeedKaleb|I hope your switch spamming dies along with your unfair strat team.\n|\n|t:|1700933873\n|-end|p1a: Heatran|ability: Flash Fire|[silent]\n|switch|p1a: Orthworm|Orthworm, F|100\/100\n|move|p2a: Lycanroc|Drill Run|p1a: Orthworm\n|-immune|p1a: Orthworm|[from] ability: Earth Eater\n|\n|upkeep\n|turn|11\n|\n|t:|1700933881\n|move|p2a: Lycanroc|Stealth Rock|p1a: Orthworm\n|-sidestart|p1: Vendetta god|move: Stealth Rock\n|move|p1a: Orthworm|Heavy Slam|p2a: Lycanroc\n|-supereffective|p2a: Lycanroc\n|-enditem|p2a: Lycanroc|Focus Sash\n|-damage|p2a: Lycanroc|1\/100\n|\n|upkeep\n|turn|12\n|c|\u2606SonicSpeedKaleb|GAAAAAAAAAAAAAAAH!\n|\n|t:|1700933889\n|move|p2a: Lycanroc|Brick Break|p1a: Orthworm\n|-supereffective|p1a: Orthworm\n|-damage|p1a: Orthworm|67\/100\n|move|p1a: Orthworm|Coil|p1a: Orthworm\n|-boost|p1a: Orthworm|atk|1\n|-boost|p1a: Orthworm|def|1\n|-boost|p1a: Orthworm|accuracy|1\n|\n|upkeep\n|turn|13\n|\n|t:|1700933901\n|move|p1a: Orthworm|Protect|p1a: Orthworm\n|-singleturn|p1a: Orthworm|Protect\n|move|p2a: Lycanroc|Brick Break|p1a: Orthworm\n|-activate|p1a: Orthworm|move: Protect\n|\n|upkeep\n|turn|14\n|\n|t:|1700933912\n|switch|p1a: Gholdengo|Gholdengo|100\/100\n|-damage|p1a: Gholdengo|94\/100|[from] Stealth Rock\n|move|p2a: Lycanroc|Brick Break|p1a: Gholdengo\n|-immune|p1a: Gholdengo\n|\n|upkeep\n|turn|15\n|\n|t:|1700933924\n|switch|p1a: Orthworm|Orthworm, F|67\/100\n|-damage|p1a: Orthworm|61\/100|[from] Stealth Rock\n|move|p2a: Lycanroc|Drill Run|p1a: Orthworm\n|-heal|p1a: Orthworm|86\/100|[from] ability: Earth Eater|[of] p2a: Lycanroc\n|\n|upkeep\n|turn|16\n|c|\u2606SonicSpeedKaleb|DIE!\n|-message|SonicSpeedKaleb forfeited.\n|\n|win|Vendetta god\n|raw|Vendetta god's rating: 1121 &rarr; <strong>1157<\/strong><br \/>(+36 for winning)\n|raw|SonicSpeedKaleb's rating: 1290 &rarr; <strong>1254<\/strong><br \/>(-36 for losing)\n","uploadtime":1700933883,"views":0,"p1id":"vendettagod","p2id":"sonicspeedkaleb","formatid":"gen9anythinggoes","rating":1157,"private":0,"password":""}