{"id":"gen9anythinggoes-1998994319","p1":"Chigusta Aalinks","p2":"Frosty458","format":"[Gen 9] Anything Goes","log":"|j|\u2606Chigusta Aalinks\n|j|\u2606Frosty458\n|t:|1701021836\n|gametype|singles\n|player|p1|Chigusta Aalinks|flannery|\n|player|p2|Frosty458|steven|\n|teamsize|p1|6\n|teamsize|p2|6\n|gen|9\n|tier|[Gen 9] Anything Goes\n|rule|HP Percentage Mod: HP is shown in percentages\n|rule|Endless Battle Clause: Forcing endless battles is banned\n|clearpoke\n|poke|p1|Greninja-*, M|\n|poke|p1|Mamoswine, M|\n|poke|p1|Haxorus, M|\n|poke|p1|Hoopa-Unbound|\n|poke|p1|Copperajah, F|\n|poke|p1|Rotom-Mow|\n|poke|p2|Mimikyu, F|\n|poke|p2|Jolteon, M|\n|poke|p2|Lycanroc, F|\n|poke|p2|Volcanion|\n|poke|p2|Moltres-Galar|\n|poke|p2|Cinderace, M|\n|teampreview\n|c|\u2606Chigusta Aalinks|Good luck other me!\n|c|\u2606Chigusta Aalinks|well both of u\n|c|\u2606Chigusta Aalinks|thanks other me!\n|j| dancingnightmare\n|j| Ryno5311\n|c|\u2606Frosty458|good luck have fun!\n|j| Puffaaaaa\n|l| Ryno5311\n|j| Ryno5311\n|j| Alexwave55\n|\n|t:|1701021905\n|start\n|switch|p1a: Agent Raj|Copperajah, F|100\/100\n|switch|p2a: Lycanroc|Lycanroc, F|100\/100\n|turn|1\n|l| dancingnightmare\n|j| dancingnightmare\n|l| Puffaaaaa\n|\n|t:|1701021961\n|move|p2a: Lycanroc|Close Combat|p1a: Agent Raj\n|-supereffective|p1a: Agent Raj\n|-damage|p1a: Agent Raj|0 fnt\n|-unboost|p2a: Lycanroc|def|1\n|-unboost|p2a: Lycanroc|spd|1\n|faint|p1a: Agent Raj\n|\n|upkeep\n|c| Ryno5311|Wheres the nicknames deakota\n|\n|t:|1701021981\n|switch|p1a: Blaxorus|Haxorus, M, shiny|100\/100\n|-ability|p1a: Blaxorus|Mold Breaker\n|turn|2\n|c|\u2606Frosty458|lol I suck at nicknames but I shall practice soon\n|\n|t:|1701021996\n|switch|p2a: Mimikyu|Mimikyu, F|100\/100\n|move|p1a: Blaxorus|First Impression|p2a: Mimikyu\n|-resisted|p2a: Mimikyu\n|-damage|p2a: Mimikyu|78\/100\n|\n|upkeep\n|turn|3\n|c| Ryno5311|The fun part is being bad at it\n|\n|t:|1701022012\n|switch|p1a: Manscaped|Rotom-Mow|100\/100\n|move|p2a: Mimikyu|Play Rough|p1a: Manscaped\n|-damage|p1a: Manscaped|73\/100\n|\n|upkeep\n|turn|4\n|c|\u2606Frosty458|thats true\n|\n|t:|1701022019\n|move|p2a: Mimikyu|Swords Dance|p2a: Mimikyu\n|-boost|p2a: Mimikyu|atk|2\n|move|p1a: Manscaped|Reflect|p1a: Manscaped\n|-sidestart|p1: Chigusta Aalinks|Reflect\n|\n|upkeep\n|turn|5\n|c| Ryno5311|Like look how bad ryans are\n|\n|t:|1701022029\n|move|p2a: Mimikyu|Play Rough|p1a: Manscaped|[miss]\n|-miss|p2a: Mimikyu|p1a: Manscaped\n|move|p1a: Manscaped|Volt Switch|p2a: Mimikyu\n|-activate|p2a: Mimikyu|ability: Disguise\n|-damage|p2a: Mimikyu|78\/100\n|detailschange|p2a: Mimikyu|Mimikyu-Busted, F\n|-damage|p2a: Mimikyu|66\/100|[from] pokemon: Mimikyu-Busted\n|c|\u2606Chigusta Aalinks|How dare\n|c|\u2606Frosty458|yeah that's fair they are pretty bad\n|\n|t:|1701022059\n|switch|p1a: Blaxorus|Haxorus, M, shiny|100\/100|[from] Volt Switch\n|-ability|p1a: Blaxorus|Mold Breaker\n|\n|upkeep\n|turn|6\n|\n|t:|1701022064\n|move|p1a: Blaxorus|Crunch|p2a: Mimikyu\n|-damage|p2a: Mimikyu|0 fnt\n|faint|p2a: Mimikyu\n|\n|upkeep\n|\n|t:|1701022069\n|switch|p2a: Lycanroc|Lycanroc, F|100\/100\n|turn|7\n|c| Ryno5311|Like man just called it black haxorus and moved on with his day\n|\n|t:|1701022102\n|-terastallize|p1a: Blaxorus|Ground\n|move|p2a: Lycanroc|Play Rough|p1a: Blaxorus\n|-damage|p1a: Blaxorus|72\/100\n|move|p1a: Blaxorus|Crunch|p2a: Lycanroc\n|-damage|p2a: Lycanroc|21\/100\n|\n|upkeep\n|turn|8\n|\n|t:|1701022112\n|move|p2a: Lycanroc|Play Rough|p1a: Blaxorus\n|-damage|p1a: Blaxorus|44\/100\n|move|p1a: Blaxorus|Crunch|p2a: Lycanroc\n|-damage|p2a: Lycanroc|0 fnt\n|faint|p2a: Lycanroc\n|\n|upkeep\n|c|\u2606Chigusta Aalinks|its more thought than i put into anyting else ryne\n|\n|t:|1701022123\n|switch|p2a: Moltres|Moltres-Galar|100\/100\n|turn|9\n|\n|t:|1701022173\n|switch|p1a: Hoopa-Funbound|Hoopa-Unbound|100\/100\n|move|p2a: Moltres|Fiery Wrath|p1a: Hoopa-Funbound\n|-damage|p1a: Hoopa-Funbound|59\/100\n|\n|upkeep\n|turn|10\n|\n|t:|1701022190\n|move|p1a: Hoopa-Funbound|Knock Off|p2a: Moltres\n|-resisted|p2a: Moltres\n|-damage|p2a: Moltres|70\/100\n|-enditem|p2a: Moltres|Sitrus Berry|[from] move: Knock Off|[of] p1a: Hoopa-Funbound\n|move|p2a: Moltres|Fiery Wrath|p1a: Hoopa-Funbound\n|-damage|p1a: Hoopa-Funbound|20\/100\n|\n|upkeep\n|turn|11\n|l| Alexwave55\n|\n|t:|1701022199\n|move|p1a: Hoopa-Funbound|Ice Punch|p2a: Moltres\n|-supereffective|p2a: Moltres\n|-damage|p2a: Moltres|5\/100\n|-status|p2a: Moltres|frz\n|-ability|p2a: Moltres|Berserk|boost\n|-boost|p2a: Moltres|spa|1\n|cant|p2a: Moltres|frz\n|\n|-sideend|p1: Chigusta Aalinks|Reflect\n|upkeep\n|turn|12\n|c|\u2606Chigusta Aalinks|oof\n|c|\u2606Chigusta Aalinks|rip\n|j| FLOOR IT\n|c|\u2606Frosty458|that's stupid\n|\n|t:|1701022218\n|move|p1a: Hoopa-Funbound|Gunk Shot|p2a: Moltres|[miss]\n|-miss|p1a: Hoopa-Funbound|p2a: Moltres\n|-enditem|p1a: Hoopa-Funbound|Blunder Policy\n|-boost|p1a: Hoopa-Funbound|spe|2\n|-curestatus|p2a: Moltres|frz|[msg]\n|move|p2a: Moltres|Fiery Wrath|p1a: Hoopa-Funbound\n|-damage|p1a: Hoopa-Funbound|0 fnt\n|faint|p1a: Hoopa-Funbound\n|\n|upkeep\n|c|\u2606Chigusta Aalinks|other me is so lucky\n|c|\u2606Chigusta Aalinks|lmao\n|c|\u2606Frosty458|thank god\n|\n|t:|1701022238\n|switch|p1a: BlackStar|Greninja, M|100\/100\n|turn|13\n|c| Ryno5311|You say after he gets a freeze\n|\n|t:|1701022252\n|move|p1a: BlackStar|Night Slash|p2a: Moltres\n|-resisted|p2a: Moltres\n|-damage|p2a: Moltres|0 fnt\n|faint|p2a: Moltres\n|-ability|p1a: BlackStar|Battle Bond|boost\n|-boost|p1a: BlackStar|atk|1\n|-boost|p1a: BlackStar|spa|1\n|-boost|p1a: BlackStar|spe|1\n|-activate|p1a: BlackStar|ability: Battle Bond\n|\n|upkeep\n|c| Ryno5311|Hey i get this one\n|c| FLOOR IT|Look at this guy with his Soul Eater nicknames\n|\n|t:|1701022260\n|switch|p2a: Jolteon|Jolteon, M|100\/100\n|turn|14\n|c|\u2606Chigusta Aalinks|unfortunately u can't make bond gren shiny\n|c|\u2606Frosty458|I honestly wasnt expecting that\n|c| Ryno5311|Must be why its not named blackninja\n|\n|t:|1701022308\n|move|p2a: Jolteon|Protect|p2a: Jolteon\n|-singleturn|p2a: Jolteon|Protect\n|move|p1a: BlackStar|Liquidation|p2a: Jolteon\n|-activate|p2a: Jolteon|move: Protect\n|\n|-status|p2a: Jolteon|brn|[from] item: Flame Orb\n|upkeep\n|turn|15\n|c| Ryno5311|Its a bluff gb\n|\n|t:|1701022353\n|move|p2a: Jolteon|Thunderbolt|p1a: BlackStar\n|-supereffective|p1a: BlackStar\n|-damage|p1a: BlackStar|0 fnt\n|faint|p1a: BlackStar\n|\n|-damage|p2a: Jolteon|95\/100 brn|[from] brn\n|upkeep\n|c|\u2606Chigusta Aalinks|I should've brought an electric resist\n|c| FLOOR IT|The mamo?\n|c|\u2606Frosty458|I thought gholdengo would show up\n|c|\u2606Chigusta Aalinks|i thought clef would come\n|\n|t:|1701022399\n|switch|p1a: Manscaped|Rotom-Mow|73\/100\n|turn|16\n|c|\u2606Frosty458|Gholdengo wouldve killed me\n|j| Alexwave55\n|\n|t:|1701022406\n|-terastallize|p2a: Jolteon|Ice\n|move|p2a: Jolteon|Tera Blast|p1a: Manscaped|[anim] Tera Blast Ice\n|-supereffective|p1a: Manscaped\n|-damage|p1a: Manscaped|0 fnt\n|faint|p1a: Manscaped\n|\n|-damage|p2a: Jolteon|89\/100 brn|[from] brn\n|upkeep\n|c|\u2606Chigusta Aalinks|i'm not giving him good mons\n|c| Ryno5311|All of his pokemon resisted electric megh\n|c| FLOOR IT|Till he tera wae\n|c| FLOOR IT|Waters the haxorus\n|\n|t:|1701022459\n|switch|p1a: Blaxorus|Haxorus, M, shiny, tera:Ground|44\/100\n|-ability|p1a: Blaxorus|Mold Breaker\n|turn|17\n|\n|t:|1701022463\n|move|p1a: Blaxorus|First Impression|p2a: Jolteon\n|-damage|p2a: Jolteon|0 fnt\n|faint|p2a: Jolteon\n|\n|upkeep\n|c| Ryno5311|Uh huh\n|\n|t:|1701022469\n|switch|p2a: Volcanion|Volcanion|100\/100\n|-item|p2a: Volcanion|Air Balloon\n|turn|18\n|c| FLOOR IT|Yeah tera water the tera ground\n|c|\u2606Frosty458|wow first impression\n|\n|t:|1701022489\n|switch|p1a: Greater Tusk|Mamoswine, M|100\/100\n|move|p2a: Volcanion|Steam Eruption|p1a: Greater Tusk\n|-supereffective|p1a: Greater Tusk\n|-damage|p1a: Greater Tusk|0 fnt\n|faint|p1a: Greater Tusk\n|\n|upkeep\n|\n|t:|1701022494\n|switch|p1a: Blaxorus|Haxorus, M, shiny, tera:Ground|44\/100\n|-ability|p1a: Blaxorus|Mold Breaker\n|turn|19\n|\n|t:|1701022499\n|move|p1a: Blaxorus|Crunch|p2a: Volcanion\n|-damage|p2a: Volcanion|64\/100\n|-enditem|p2a: Volcanion|Air Balloon\n|move|p2a: Volcanion|Steam Eruption|p1a: Blaxorus\n|-supereffective|p1a: Blaxorus\n|-damage|p1a: Blaxorus|0 fnt\n|faint|p1a: Blaxorus\n|\n|win|Frosty458\n|c|\u2606Frosty458|gg\n|c|\u2606Chigusta Aalinks|ggs\n|l| FLOOR IT\n|l| dancingnightmare\n|l| Ryno5311\n|l| Alexwave55\n","uploadtime":1701022514,"views":23,"p1id":"chigustaaalinks","p2id":"frosty458","formatid":"gen9anythinggoes","rating":0,"private":0,"password":""}