{"id":"gen9anythinggoes-1984712921","p1":"brianbass","p2":"random9561245","format":"[Gen 9] Anything Goes","log":"|j|\u2606brianbass\n|j|\u2606random9561245\n|t:|1699292958\n|gametype|singles\n|player|p1|brianbass|richboy|1179\n|player|p2|random9561245|170|1380\n|teamsize|p1|6\n|teamsize|p2|6\n|gen|9\n|tier|[Gen 9] Anything Goes\n|rated|\n|rule|HP Percentage Mod: HP is shown in percentages\n|rule|Endless Battle Clause: Forcing endless battles is banned\n|clearpoke\n|poke|p1|Maushold|\n|poke|p1|Basculegion, M|\n|poke|p1|Pelipper, M|\n|poke|p1|Floatzel, M|\n|poke|p1|Golduck, F|\n|poke|p1|Regieleki|\n|poke|p2|Ditto|\n|poke|p2|Ditto|\n|poke|p2|Ditto|\n|poke|p2|Ditto|\n|poke|p2|Ditto|\n|poke|p2|Ditto|\n|teampreview\n|\n|t:|1699292973\n|start\n|switch|p1a: Regieleki|Regieleki|100\/100\n|switch|p2a: Ditto|Ditto|100\/100\n|-transform|p2a: Ditto|p1a: Regieleki|[from] ability: Imposter\n|turn|1\n|c|\u2606brianbass|,,,,'\n|\n|t:|1699292992\n|-terastallize|p1a: Regieleki|Ice\n|move|p2a: Ditto|Explosion|p1a: Regieleki\n|-damage|p1a: Regieleki|0 fnt\n|faint|p2a: Ditto\n|faint|p1a: Regieleki\n|\n|upkeep\n|\n|t:|1699292997\n|switch|p1a: Maushold|Maushold|100\/100\n|switch|p2a: Ditto|Ditto|100\/100\n|-transform|p2a: Ditto|p1a: Maushold|[from] ability: Imposter\n|turn|2\n|\n|t:|1699293003\n|move|p2a: Ditto|Population Bomb|p1a: Maushold\n|-damage|p1a: Maushold|82\/100\n|-damage|p1a: Maushold|65\/100\n|-damage|p1a: Maushold|48\/100\n|-damage|p1a: Maushold|29\/100\n|-damage|p1a: Maushold|11\/100\n|-damage|p1a: Maushold|0 fnt\n|faint|p1a: Maushold\n|-hitcount|p1: Maushold|6\n|\n|upkeep\n|c|\u2606brianbass|rlly\n|c|\u2606random9561245|ye\n|c|\u2606brianbass|annoying ditto\n|c|\u2606brianbass|uhh\n|c|\u2606brianbass|why not make a team\n|c|\u2606brianbass|mate\n|c|\u2606random9561245|only ditto is funny\n|\n|t:|1699293033\n|switch|p1a: Floatzel|Floatzel, M|100\/100\n|turn|3\n|\n|t:|1699293040\n|move|p1a: Floatzel|Aqua Jet|p2a: Ditto\n|-damage|p2a: Ditto|58\/100\n|move|p2a: Ditto|Population Bomb|p1a: Floatzel\n|-damage|p1a: Floatzel|80\/100\n|-damage|p1a: Floatzel|61\/100\n|-damage|p1a: Floatzel|43\/100\n|-damage|p1a: Floatzel|23\/100\n|-damage|p1a: Floatzel|4\/100\n|-damage|p1a: Floatzel|0 fnt\n|faint|p1a: Floatzel\n|-hitcount|p1: Floatzel|6\n|\n|upkeep\n|\n|t:|1699293044\n|switch|p1a: Golduck|Golduck, F|100\/100\n|turn|4\n|\n|t:|1699293049\n|move|p2a: Ditto|Population Bomb|p1a: Golduck\n|-damage|p1a: Golduck|85\/100\n|-damage|p1a: Golduck|70\/100\n|-crit|p1a: Golduck\n|-damage|p1a: Golduck|46\/100\n|-damage|p1a: Golduck|31\/100\n|-damage|p1a: Golduck|15\/100\n|-damage|p1a: Golduck|0 fnt\n|faint|p1a: Golduck\n|-hitcount|p1: Golduck|6\n|\n|upkeep\n|c|\u2606brianbass|wow\n|c|\u2606brianbass|so good\n|c|\u2606brianbass|try making ur own team\n|\n|t:|1699293061\n|switch|p1a: Pelipper|Pelipper, M|100\/100\n|-weather|RainDance|[from] ability: Drizzle|[of] p1a: Pelipper\n|turn|5\n|c|\u2606random9561245|well it's my own team\n|c|\u2606brianbass|no\n|c|\u2606brianbass|its my team\n|c|\u2606random9561245|i never see someone play the same team as me\n|\n|t:|1699293080\n|move|p2a: Ditto|Population Bomb|p1a: Pelipper\n|-damage|p1a: Pelipper|91\/100\n|-damage|p1a: Pelipper|82\/100\n|-damage|p1a: Pelipper|74\/100\n|-damage|p1a: Pelipper|65\/100\n|-damage|p1a: Pelipper|56\/100\n|-damage|p1a: Pelipper|48\/100\n|-damage|p1a: Pelipper|39\/100\n|-damage|p1a: Pelipper|31\/100\n|-damage|p1a: Pelipper|21\/100\n|-damage|p1a: Pelipper|13\/100\n|-hitcount|p1a: Pelipper|10\n|move|p1a: Pelipper|Tailwind|p1a: Pelipper\n|-sidestart|p1: brianbass|move: Tailwind\n|\n|-weather|RainDance|[upkeep]\n|upkeep\n|turn|6\n|\n|t:|1699293099\n|move|p2a: Ditto|Population Bomb|p1a: Pelipper\n|-damage|p1a: Pelipper|4\/100\n|-damage|p1a: Pelipper|0 fnt\n|faint|p1a: Pelipper\n|-hitcount|p1: Pelipper|2\n|\n|-weather|RainDance|[upkeep]\n|upkeep\n|c|\u2606brianbass|u make me mad\n|\n|t:|1699293111\n|switch|p1a: Basculegion|Basculegion, M|100\/100\n|turn|7\n|\n|t:|1699293115\n|move|p1a: Basculegion|Last Respects|p2a: Ditto\n|-immune|p2a: Ditto\n|-activate|p2a: Ditto|move: Struggle\n|move|p2a: Ditto|Struggle|p1a: Basculegion\n|-damage|p1a: Basculegion|78\/100\n|-damage|p2a: Ditto|33\/100|[from] recoil\n|\n|-weather|RainDance|[upkeep]\n|upkeep\n|turn|8\n|c|\u2606brianbass|i quit\n|n|!brianbass|brianbass\n|c|\u2606random9561245|:(\n|-message|brianbass forfeited.\n|\n|win|random9561245\n|raw|brianbass's rating: 1179 &rarr; <strong>1167<\/strong><br \/>(-12 for losing)\n|raw|random9561245's rating: 1380 &rarr; <strong>1390<\/strong><br \/>(+10 for winning)\n","uploadtime":1699293122,"views":5,"p1id":"brianbass","p2id":"random9561245","formatid":"gen9anythinggoes","rating":1167,"private":0,"password":""}