{"id":"gen9anythinggoes-1990950931","p1":"DavyCricket","p2":"The Real Deal Jack","format":"[Gen 9] Anything Goes","log":"|j|\u2606DavyCricket\n|j|\u2606The Real Deal Jack\n|t:|1700018868\n|gametype|singles\n|player|p1|DavyCricket|169|1269\n|player|p2|The Real Deal Jack|giovanni|1293\n|teamsize|p1|5\n|teamsize|p2|6\n|gen|9\n|tier|[Gen 9] Anything Goes\n|rated|\n|rule|HP Percentage Mod: HP is shown in percentages\n|rule|Endless Battle Clause: Forcing endless battles is banned\n|clearpoke\n|poke|p1|Gyarados, F|\n|poke|p1|Mienshao, F|\n|poke|p1|Greninja-*, M|\n|poke|p1|Shiftry, M|\n|poke|p1|Scizor, M|\n|poke|p2|Gyarados, M|\n|poke|p2|Rayquaza|\n|poke|p2|Arbok, F|\n|poke|p2|Cresselia, F|\n|poke|p2|Dragapult, F|\n|poke|p2|Tropius, M|\n|teampreview\n|inactive|Battle timer is ON: inactive players will automatically lose when time's up. (requested by The Real Deal Jack)\n|\n|t:|1700018886\n|start\n|switch|p1a: Gaizen|Greninja, M|100\/100\n|switch|p2a: Dragapult|Dragapult, F|100\/100\n|turn|1\n|\n|t:|1700018892\n|move|p2a: Dragapult|Dragon Dance|p2a: Dragapult\n|-boost|p2a: Dragapult|atk|1\n|-boost|p2a: Dragapult|spe|1\n|move|p1a: Gaizen|Night Slash|p2a: Dragapult\n|-start|p1a: Gaizen|typechange|Dark|[from] ability: Protean\n|-supereffective|p2a: Dragapult\n|-damage|p2a: Dragapult|39\/100\n|\n|upkeep\n|turn|2\n|\n|t:|1700018909\n|switch|p1a: Sepiroth|Scizor, M|100\/100\n|move|p2a: Dragapult|Baton Pass|p2a: Dragapult\n|\n|t:|1700018926\n|switch|p2a: Arbok|Arbok, F, shiny|100\/100|[from] Baton Pass\n|-ability|p2a: Arbok|Intimidate|boost\n|-unboost|p1a: Sepiroth|atk|1\n|\n|upkeep\n|turn|3\n|\n|t:|1700018935\n|move|p2a: Arbok|Coil|p2a: Arbok\n|-boost|p2a: Arbok|atk|1\n|-boost|p2a: Arbok|def|1\n|-boost|p2a: Arbok|accuracy|1\n|move|p1a: Sepiroth|Swords Dance|p1a: Sepiroth\n|-boost|p1a: Sepiroth|atk|2\n|\n|upkeep\n|turn|4\n|\n|t:|1700018943\n|move|p2a: Arbok|Earthquake|p1a: Sepiroth\n|-damage|p1a: Sepiroth|39\/100\n|move|p1a: Sepiroth|Swords Dance|p1a: Sepiroth\n|-boost|p1a: Sepiroth|atk|2\n|\n|upkeep\n|turn|5\n|\n|t:|1700018950\n|move|p1a: Sepiroth|Bullet Punch|p2a: Arbok\n|-damage|p2a: Arbok|8\/100\n|move|p2a: Arbok|Earthquake|p1a: Sepiroth\n|-damage|p1a: Sepiroth|0 fnt\n|faint|p1a: Sepiroth\n|\n|upkeep\n|\n|t:|1700018956\n|switch|p1a: Gaizen|Greninja, M|100\/100\n|turn|6\n|\n|t:|1700018962\n|-terastallize|p2a: Arbok|Dragon\n|move|p1a: Gaizen|Night Slash|p2a: Arbok\n|-start|p1a: Gaizen|typechange|Dark|[from] ability: Protean\n|-damage|p2a: Arbok|0 fnt\n|faint|p2a: Arbok\n|\n|upkeep\n|\n|t:|1700018984\n|switch|p2a: Tropius|Tropius, M, shiny|100\/100\n|turn|7\n|\n|t:|1700018988\n|move|p1a: Gaizen|Gunk Shot|p2a: Tropius\n|-supereffective|p2a: Tropius\n|-damage|p2a: Tropius|50\/100\n|move|p2a: Tropius|Leech Seed|p1a: Gaizen\n|-start|p1a: Gaizen|move: Leech Seed\n|\n|-damage|p1a: Gaizen|88\/100|[from] Leech Seed|[of] p2a: Tropius\n|-heal|p2a: Tropius|61\/100|[silent]\n|upkeep\n|turn|8\n|\n|t:|1700018999\n|move|p1a: Gaizen|Night Slash|p2a: Tropius\n|-damage|p2a: Tropius|39\/100\n|move|p2a: Tropius|Substitute|p2a: Tropius\n|-start|p2a: Tropius|Substitute\n|-damage|p2a: Tropius|14\/100\n|-enditem|p2a: Tropius|Aguav Berry|[eat]\n|-heal|p2a: Tropius|47\/100|[from] item: Aguav Berry\n|\n|-damage|p1a: Gaizen|76\/100|[from] Leech Seed|[of] p2a: Tropius\n|-heal|p2a: Tropius|57\/100|[silent]\n|-item|p2a: Tropius|Aguav Berry|[from] ability: Harvest\n|upkeep\n|turn|9\n|c|\u2606DavyCricket|uh\n|c|\u2606DavyCricket|that's kinda sus\n|\n|t:|1700019013\n|move|p2a: Tropius|Protect|p2a: Tropius\n|-singleturn|p2a: Tropius|Protect\n|move|p1a: Gaizen|Gunk Shot|p2a: Tropius\n|-activate|p2a: Tropius|move: Protect\n|\n|-damage|p1a: Gaizen|64\/100|[from] Leech Seed|[of] p2a: Tropius\n|-heal|p2a: Tropius|68\/100|[silent]\n|upkeep\n|turn|10\n|\n|t:|1700019022\n|move|p1a: Gaizen|Gunk Shot|p2a: Tropius\n|-supereffective|p2a: Tropius\n|-end|p2a: Tropius|Substitute\n|move|p2a: Tropius|Air Slash|p1a: Gaizen\n|-damage|p1a: Gaizen|33\/100\n|\n|-damage|p1a: Gaizen|20\/100|[from] Leech Seed|[of] p2a: Tropius\n|-heal|p2a: Tropius|78\/100|[silent]\n|upkeep\n|turn|11\n|\n|t:|1700019038\n|switch|p1a: Gran Khan|Gyarados, F|100\/100\n|move|p2a: Tropius|Substitute|p2a: Tropius\n|-start|p2a: Tropius|Substitute\n|-damage|p2a: Tropius|53\/100\n|\n|upkeep\n|turn|12\n|\n|t:|1700019044\n|move|p1a: Gran Khan|Crunch|p2a: Tropius\n|-end|p2a: Tropius|Substitute\n|move|p2a: Tropius|Leech Seed|p1a: Gran Khan\n|-start|p1a: Gran Khan|move: Leech Seed\n|\n|-damage|p1a: Gran Khan|88\/100|[from] Leech Seed|[of] p2a: Tropius\n|-heal|p2a: Tropius|65\/100|[silent]\n|upkeep\n|turn|13\n|\n|t:|1700019052\n|move|p1a: Gran Khan|Crunch|p2a: Tropius\n|-damage|p2a: Tropius|38\/100\n|move|p2a: Tropius|Substitute|p2a: Tropius\n|-start|p2a: Tropius|Substitute\n|-damage|p2a: Tropius|13\/100\n|-enditem|p2a: Tropius|Aguav Berry|[eat]\n|-heal|p2a: Tropius|46\/100|[from] item: Aguav Berry\n|\n|-damage|p1a: Gran Khan|76\/100|[from] Leech Seed|[of] p2a: Tropius\n|-heal|p2a: Tropius|58\/100|[silent]\n|upkeep\n|turn|14\n|\n|t:|1700019063\n|move|p2a: Tropius|Protect|p2a: Tropius\n|-singleturn|p2a: Tropius|Protect\n|move|p1a: Gran Khan|Dragon Dance|p1a: Gran Khan\n|-boost|p1a: Gran Khan|atk|1\n|-boost|p1a: Gran Khan|spe|1\n|\n|-damage|p1a: Gran Khan|63\/100|[from] Leech Seed|[of] p2a: Tropius\n|-heal|p2a: Tropius|70\/100|[silent]\n|-item|p2a: Tropius|Aguav Berry|[from] ability: Harvest\n|upkeep\n|turn|15\n|\n|t:|1700019076\n|move|p1a: Gran Khan|Aqua Tail|p2a: Tropius\n|-resisted|p2a: Tropius\n|-end|p2a: Tropius|Substitute\n|move|p2a: Tropius|Air Slash|p1a: Gran Khan|[miss]\n|-miss|p2a: Tropius|p1a: Gran Khan\n|\n|-damage|p1a: Gran Khan|51\/100|[from] Leech Seed|[of] p2a: Tropius\n|-heal|p2a: Tropius|82\/100|[silent]\n|upkeep\n|turn|16\n|\n|t:|1700019089\n|move|p1a: Gran Khan|Crunch|p2a: Tropius\n|-damage|p2a: Tropius|43\/100\n|move|p2a: Tropius|Substitute|p2a: Tropius\n|-start|p2a: Tropius|Substitute\n|-damage|p2a: Tropius|18\/100\n|-enditem|p2a: Tropius|Aguav Berry|[eat]\n|-heal|p2a: Tropius|51\/100|[from] item: Aguav Berry\n|\n|-damage|p1a: Gran Khan|39\/100|[from] Leech Seed|[of] p2a: Tropius\n|-heal|p2a: Tropius|63\/100|[silent]\n|upkeep\n|turn|17\n|\n|t:|1700019099\n|move|p2a: Tropius|Protect|p2a: Tropius\n|-singleturn|p2a: Tropius|Protect\n|move|p1a: Gran Khan|Dragon Dance|p1a: Gran Khan\n|-boost|p1a: Gran Khan|atk|1\n|-boost|p1a: Gran Khan|spe|1\n|\n|-damage|p1a: Gran Khan|26\/100|[from] Leech Seed|[of] p2a: Tropius\n|-heal|p2a: Tropius|75\/100|[silent]\n|-item|p2a: Tropius|Aguav Berry|[from] ability: Harvest\n|upkeep\n|turn|18\n|\n|t:|1700019112\n|move|p1a: Gran Khan|Crunch|p2a: Tropius\n|-end|p2a: Tropius|Substitute\n|move|p2a: Tropius|Substitute|p2a: Tropius\n|-start|p2a: Tropius|Substitute\n|-damage|p2a: Tropius|50\/100\n|\n|-damage|p1a: Gran Khan|14\/100|[from] Leech Seed|[of] p2a: Tropius\n|-heal|p2a: Tropius|63\/100|[silent]\n|upkeep\n|-enditem|p1a: Gran Khan|Mago Berry|[eat]\n|-heal|p1a: Gran Khan|47\/100|[from] item: Mago Berry\n|turn|19\n|\n|t:|1700019124\n|move|p2a: Tropius|Protect|p2a: Tropius\n|-singleturn|p2a: Tropius|Protect\n|move|p1a: Gran Khan|Crunch|p2a: Tropius\n|-activate|p2a: Tropius|move: Protect\n|\n|-damage|p1a: Gran Khan|35\/100|[from] Leech Seed|[of] p2a: Tropius\n|-heal|p2a: Tropius|75\/100|[silent]\n|upkeep\n|turn|20\n|\n|t:|1700019133\n|move|p1a: Gran Khan|Crunch|p2a: Tropius\n|-end|p2a: Tropius|Substitute\n|move|p2a: Tropius|Air Slash|p1a: Gran Khan\n|-damage|p1a: Gran Khan|19\/100\n|\n|-damage|p1a: Gran Khan|7\/100|[from] Leech Seed|[of] p2a: Tropius\n|-heal|p2a: Tropius|87\/100|[silent]\n|upkeep\n|turn|21\n|\n|t:|1700019140\n|move|p1a: Gran Khan|Crunch|p2a: Tropius\n|-damage|p2a: Tropius|34\/100\n|move|p2a: Tropius|Substitute|p2a: Tropius\n|-start|p2a: Tropius|Substitute\n|-damage|p2a: Tropius|9\/100\n|-enditem|p2a: Tropius|Aguav Berry|[eat]\n|-heal|p2a: Tropius|43\/100|[from] item: Aguav Berry\n|\n|-damage|p1a: Gran Khan|0 fnt|[from] Leech Seed|[of] p2a: Tropius\n|-heal|p2a: Tropius|49\/100|[silent]\n|faint|p1a: Gran Khan\n|-item|p2a: Tropius|Aguav Berry|[from] ability: Harvest\n|upkeep\n|\n|t:|1700019151\n|switch|p1a: Mugen|Shiftry, M|100\/100\n|turn|22\n|\n|t:|1700019160\n|move|p1a: Mugen|Tailwind|p1a: Mugen\n|-sidestart|p1: DavyCricket|move: Tailwind\n|-ability|p1a: Mugen|Wind Rider|boost\n|-boost|p1a: Mugen|atk|1\n|move|p2a: Tropius|Air Slash|p1a: Mugen\n|-supereffective|p1a: Mugen\n|-damage|p1a: Mugen|48\/100\n|\n|upkeep\n|turn|23\n|\n|t:|1700019171\n|move|p2a: Tropius|Protect|p2a: Tropius\n|-singleturn|p2a: Tropius|Protect\n|move|p1a: Mugen|Seed Bomb|p2a: Tropius\n|-activate|p2a: Tropius|move: Protect\n|\n|upkeep\n|turn|24\n|\n|t:|1700019177\n|move|p1a: Mugen|Seed Bomb|p2a: Tropius\n|-resisted|p2a: Tropius\n|-activate|p2a: Tropius|move: Substitute|[damage]\n|move|p2a: Tropius|Air Slash|p1a: Mugen\n|-supereffective|p1a: Mugen\n|-damage|p1a: Mugen|0 fnt\n|faint|p1a: Mugen\n|\n|upkeep\n|\n|t:|1700019184\n|switch|p1a: Mina Khan|Mienshao, F|100\/100\n|turn|25\n|\n|t:|1700019191\n|move|p1a: Mina Khan|U-turn|p2a: Tropius\n|-crit|p2a: Tropius\n|-end|p2a: Tropius|Substitute\n|-damage|p1a: Mina Khan|91\/100|[from] item: Life Orb\n|\n|t:|1700019193\n|switch|p1a: Gaizen|Greninja, M|20\/100|[from] U-turn\n|move|p2a: Tropius|Leech Seed|p1a: Gaizen\n|-start|p1a: Gaizen|move: Leech Seed\n|\n|-damage|p1a: Gaizen|8\/100|[from] Leech Seed|[of] p2a: Tropius\n|-heal|p2a: Tropius|59\/100|[silent]\n|-sideend|p1: DavyCricket|move: Tailwind\n|upkeep\n|turn|26\n|\n|t:|1700019203\n|switch|p1a: Mina Khan|Mienshao, F|100\/100\n|move|p2a: Tropius|Substitute|p2a: Tropius\n|-start|p2a: Tropius|Substitute\n|-damage|p2a: Tropius|34\/100\n|\n|upkeep\n|turn|27\n|\n|t:|1700019211\n|move|p1a: Mina Khan|Brick Break|p2a: Tropius\n|-resisted|p2a: Tropius\n|-activate|p2a: Tropius|move: Substitute|[damage]\n|-damage|p1a: Mina Khan|91\/100|[from] item: Life Orb\n|move|p2a: Tropius|Leech Seed|p1a: Mina Khan\n|-start|p1a: Mina Khan|move: Leech Seed\n|\n|-damage|p1a: Mina Khan|78\/100|[from] Leech Seed|[of] p2a: Tropius\n|-heal|p2a: Tropius|44\/100|[silent]\n|upkeep\n|turn|28\n|c|\u2606DavyCricket|HOW\n|\n|t:|1700019221\n|move|p1a: Mina Khan|Brick Break|p2a: Tropius\n|-resisted|p2a: Tropius\n|-end|p2a: Tropius|Substitute\n|-damage|p1a: Mina Khan|68\/100|[from] item: Life Orb\n|move|p2a: Tropius|Air Slash|p1a: Mina Khan\n|-supereffective|p1a: Mina Khan\n|-damage|p1a: Mina Khan|0 fnt\n|faint|p1a: Mina Khan\n|\n|upkeep\n|c|\u2606DavyCricket|!dt tropius\n|raw|<div class=\"message\"><ul class=\"utilichart\"><li class=\"result\"><span class=\"col numcol\">(PU)<\/span> <span class=\"col iconcol\"><psicon pokemon=\"tropius\"\/><\/span> <span class=\"col pokemonnamecol\" style=\"white-space:nowrap\"><a href=\"https:\/\/dex.pokemonshowdown.com\/pokemon\/tropius\" target=\"_blank\">Tropius<\/a><\/span> <span class=\"col typecol\"><img src=\"https:\/\/play.pokemonshowdown.com\/sprites\/types\/Grass.png\" alt=\"Grass\" height=\"14\" width=\"32\"><img src=\"https:\/\/play.pokemonshowdown.com\/sprites\/types\/Flying.png\" alt=\"Flying\" height=\"14\" width=\"32\"><\/span> <span style=\"float:left;min-height:26px\"><span class=\"col twoabilitycol\">Chlorophyll<br \/>Solar Power<\/span><span class=\"col abilitycol\"><em>Harvest<\/em><\/span><\/span><span style=\"float:left;min-height:26px\"><span class=\"col statcol\"><em>HP<\/em><br \/>99<\/span> <span class=\"col statcol\"><em>Atk<\/em><br \/>68<\/span> <span class=\"col statcol\"><em>Def<\/em><br \/>83<\/span> <span class=\"col statcol\"><em>SpA<\/em><br \/>72<\/span> <span class=\"col statcol\"><em>SpD<\/em><br \/>87<\/span> <span class=\"col statcol\"><em>Spe<\/em><br \/>51<\/span> <span class=\"col bstcol\"><em>BST<br \/>460<\/em><\/span> <\/span><\/li><li style=\"clear:both\"><\/li><\/ul><\/div>\n|raw|<font size=\"1\"><font color=\"#686868\">Dex#:<\/font> 357&nbsp;|&ThickSpace;<font color=\"#686868\">Gen:<\/font> 3&nbsp;|&ThickSpace;<font color=\"#686868\">Height:<\/font> 2 m&nbsp;|&ThickSpace;<font color=\"#686868\">Weight:<\/font> 100 kg <em>(100 BP)<\/em>&nbsp;|&ThickSpace;<font color=\"#686868\">Dex Colour:<\/font> Green&nbsp;|&ThickSpace;<font color=\"#686868\">Egg Group(s):<\/font> Monster, Grass&nbsp;|&ThickSpace;<font color=\"#686868\">Does Not Evolve<\/font><\/font>\n\n|\n|t:|1700019233\n|switch|p1a: Gaizen|Greninja, M|8\/100\n|turn|29\n|\n|t:|1700019240\n|move|p1a: Gaizen|Gunk Shot|p2a: Tropius\n|-start|p1a: Gaizen|typechange|Poison|[from] ability: Protean\n|-supereffective|p2a: Tropius\n|-damage|p2a: Tropius|0 fnt\n|faint|p2a: Tropius\n|\n|upkeep\n|\n|t:|1700019248\n|switch|p2a: Rayquaza|Rayquaza, shiny|100\/100\n|-ability|p2a: Rayquaza|Air Lock\n|turn|30\n|c|\u2606DavyCricket|foul beast of false bananas\n|\n|t:|1700019254\n|move|p2a: Rayquaza|Extreme Speed|p1a: Gaizen\n|-damage|p1a: Gaizen|0 fnt\n|faint|p1a: Gaizen\n|-damage|p2a: Rayquaza|91\/100|[from] item: Life Orb\n|\n|win|The Real Deal Jack\n|raw|DavyCricket's rating: 1269 &rarr; <strong>1246<\/strong><br \/>(-23 for losing)\n|raw|The Real Deal Jack's rating: 1293 &rarr; <strong>1316<\/strong><br \/>(+23 for winning)\n|c|\u2606DavyCricket|gg\n|c|\u2606The Real Deal Jack|gg\n","uploadtime":1700019264,"views":4,"p1id":"davycricket","p2id":"therealdealjack","formatid":"gen9anythinggoes","rating":1246,"private":0,"password":""}