{"id":"gen9anythinggoes-1987204705","p1":"Flacko2nice","p2":"Tedtosterone","format":"[Gen 9] Anything Goes","log":"|j|\u2606Flacko2nice\n|j|\u2606Tedtosterone\n|t:|1699565047\n|gametype|singles\n|player|p1|Flacko2nice|ingo|\n|player|p2|Tedtosterone|ghetsis-gen5bw|\n|teamsize|p1|6\n|teamsize|p2|6\n|gen|9\n|tier|[Gen 9] Anything Goes\n|rule|HP Percentage Mod: HP is shown in percentages\n|rule|Endless Battle Clause: Forcing endless battles is banned\n|clearpoke\n|poke|p1|Annihilape, F|\n|poke|p1|Hatterene, F|\n|poke|p1|Greninja-*, M|\n|poke|p1|Grimmsnarl, M|\n|poke|p1|Brambleghast, F|\n|poke|p1|Enamorus, F|\n|poke|p2|Samurott-Hisui, M|\n|poke|p2|Kingambit, F|\n|poke|p2|Baxcalibur, M|\n|poke|p2|Mimikyu, F|\n|poke|p2|Slowking-Galar, M|\n|poke|p2|Arcanine-Hisui, M|\n|teampreview\n|j| caligulahar\n|inactive|Battle timer is ON: inactive players will automatically lose when time's up. (requested by Tedtosterone)\n|\n|t:|1699565062\n|start\n|switch|p1a: Pain 1993|Grimmsnarl, M, shiny|100\/100\n|switch|p2a: Duke|Slowking-Galar, M|100\/100\n|turn|1\n|\n|t:|1699565069\n|move|p1a: Pain 1993|Light Screen|p1a: Pain 1993\n|-sidestart|p1: Flacko2nice|move: Light Screen\n|move|p2a: Duke|Sludge Bomb|p1a: Pain 1993\n|-supereffective|p1a: Pain 1993\n|-damage|p1a: Pain 1993|74\/100\n|\n|upkeep\n|turn|2\n|\n|t:|1699565074\n|move|p1a: Pain 1993|Reflect|p1a: Pain 1993\n|-sidestart|p1: Flacko2nice|Reflect\n|move|p2a: Duke|Sludge Bomb|p1a: Pain 1993\n|-supereffective|p1a: Pain 1993\n|-damage|p1a: Pain 1993|49\/100\n|-status|p1a: Pain 1993|psn\n|\n|-damage|p1a: Pain 1993|37\/100 psn|[from] psn\n|upkeep\n|turn|3\n|\n|t:|1699565081\n|move|p1a: Pain 1993|Parting Shot|p2a: Duke\n|-unboost|p2a: Duke|atk|1\n|-unboost|p2a: Duke|spa|1\n|j| theblandino\n|\n|t:|1699565085\n|switch|p1a: Take Care|Hatterene, F|100\/100|[from] Parting Shot\n|move|p2a: Duke|Thunder Wave|p1a: Take Care\n|move|p1a: Take Care|Thunder Wave|p2a: Duke|[from]ability: Magic Bounce\n|-status|p2a: Duke|par\n|\n|upkeep\n|turn|4\n|\n|t:|1699565095\n|move|p1a: Take Care|Calm Mind|p1a: Take Care\n|-boost|p1a: Take Care|spa|1\n|-boost|p1a: Take Care|spd|1\n|cant|p2a: Duke|par\n|\n|upkeep\n|turn|5\n|\n|t:|1699565102\n|move|p1a: Take Care|Calm Mind|p1a: Take Care\n|-boost|p1a: Take Care|spa|1\n|-boost|p1a: Take Care|spd|1\n|move|p2a: Duke|Sludge Bomb|p1a: Take Care\n|-supereffective|p1a: Take Care\n|-damage|p1a: Take Care|88\/100\n|\n|-heal|p1a: Take Care|94\/100|[from] item: Leftovers\n|upkeep\n|turn|6\n|\n|t:|1699565123\n|switch|p2a: Jin|Samurott-Hisui, M|100\/100\n|move|p1a: Take Care|Psychic|p2a: Jin\n|-immune|p2a: Jin\n|\n|-heal|p1a: Take Care|99\/100|[from] item: Leftovers\n|upkeep\n|turn|7\n|\n|t:|1699565131\n|move|p2a: Jin|Ceaseless Edge|p1a: Take Care\n|-damage|p1a: Take Care|80\/100\n|-sidestart|p1: Flacko2nice|Spikes\n|move|p1a: Take Care|Trick Room|p1a: Take Care\n|-fieldstart|move: Trick Room|[of] p1a: Take Care\n|\n|-heal|p1a: Take Care|86\/100|[from] item: Leftovers\n|upkeep\n|turn|8\n|\n|t:|1699565138\n|move|p1a: Take Care|Dazzling Gleam|p2a: Jin\n|-supereffective|p2a: Jin\n|-enditem|p2a: Jin|Focus Sash\n|-damage|p2a: Jin|1\/100\n|move|p2a: Jin|Brick Break|p1a: Take Care\n|-sideend|p1: Flacko2nice|Reflect\n|-sideend|p1: Flacko2nice|move: Light Screen\n|-resisted|p1a: Take Care\n|-damage|p1a: Take Care|81\/100\n|\n|-heal|p1a: Take Care|87\/100|[from] item: Leftovers\n|upkeep\n|turn|9\n|\n|t:|1699565149\n|move|p2a: Jin|Aqua Jet|p1a: Take Care\n|-damage|p1a: Take Care|70\/100\n|move|p1a: Take Care|Psychic|p2a: Jin\n|-immune|p2a: Jin\n|\n|-heal|p1a: Take Care|76\/100|[from] item: Leftovers\n|upkeep\n|turn|10\n|\n|t:|1699565156\n|move|p2a: Jin|Aqua Jet|p1a: Take Care\n|-crit|p1a: Take Care\n|-damage|p1a: Take Care|52\/100\n|move|p1a: Take Care|Dazzling Gleam|p2a: Jin\n|-supereffective|p2a: Jin\n|-damage|p2a: Jin|0 fnt\n|faint|p2a: Jin\n|\n|-heal|p1a: Take Care|58\/100|[from] item: Leftovers\n|upkeep\n|\n|t:|1699565164\n|switch|p2a: Duke|Slowking-Galar, M|100\/100 par\n|turn|11\n|\n|t:|1699565179\n|move|p2a: Duke|Sludge Bomb|p1a: Take Care\n|-supereffective|p1a: Take Care\n|-damage|p1a: Take Care|26\/100\n|move|p1a: Take Care|Calm Mind|p1a: Take Care\n|-boost|p1a: Take Care|spa|1\n|-boost|p1a: Take Care|spd|1\n|\n|-heal|p1a: Take Care|32\/100|[from] item: Leftovers\n|-fieldend|move: Trick Room\n|upkeep\n|turn|12\n|\n|t:|1699565189\n|move|p1a: Take Care|Psychic|p2a: Duke\n|-damage|p2a: Duke|33\/100 par\n|move|p2a: Duke|Sludge Bomb|p1a: Take Care\n|-supereffective|p1a: Take Care\n|-damage|p1a: Take Care|3\/100\n|\n|-heal|p1a: Take Care|9\/100|[from] item: Leftovers\n|upkeep\n|turn|13\n|\n|t:|1699565200\n|move|p1a: Take Care|Psychic|p2a: Duke\n|-damage|p2a: Duke|0 fnt\n|faint|p2a: Duke\n|\n|-heal|p1a: Take Care|15\/100|[from] item: Leftovers\n|upkeep\n|\n|t:|1699565205\n|switch|p2a: Gooner|Mimikyu, F, shiny|100\/100\n|turn|14\n|\n|t:|1699565216\n|move|p2a: Gooner|Swords Dance|p2a: Gooner\n|-boost|p2a: Gooner|atk|2\n|move|p1a: Take Care|Psychic|p2a: Gooner\n|-activate|p2a: Gooner|ability: Disguise\n|-damage|p2a: Gooner|100\/100\n|detailschange|p2a: Gooner|Mimikyu-Busted, F, shiny\n|-damage|p2a: Gooner|88\/100|[from] pokemon: Mimikyu-Busted\n|\n|-heal|p1a: Take Care|21\/100|[from] item: Leftovers\n|upkeep\n|turn|15\n|\n|t:|1699565228\n|move|p2a: Gooner|Shadow Claw|p1a: Take Care\n|-supereffective|p1a: Take Care\n|-damage|p1a: Take Care|0 fnt\n|faint|p1a: Take Care\n|-damage|p2a: Gooner|78\/100|[from] item: Life Orb\n|\n|upkeep\n|\n|t:|1699565234\n|switch|p1a: 21 Savage|Greninja, M|100\/100\n|-damage|p1a: 21 Savage|88\/100|[from] Spikes\n|turn|16\n|\n|t:|1699565243\n|move|p1a: 21 Savage|Water Shuriken|p2a: Gooner\n|-damage|p2a: Gooner|65\/100\n|-damage|p2a: Gooner|53\/100\n|-hitcount|p2a: Gooner|2\n|move|p2a: Gooner|Shadow Sneak|p1a: 21 Savage\n|-resisted|p1a: 21 Savage\n|-damage|p1a: 21 Savage|53\/100\n|-damage|p2a: Gooner|43\/100|[from] item: Life Orb\n|\n|upkeep\n|turn|17\n|\n|t:|1699565250\n|move|p1a: 21 Savage|Water Shuriken|p2a: Gooner\n|-damage|p2a: Gooner|28\/100\n|-damage|p2a: Gooner|15\/100\n|-hitcount|p2a: Gooner|2\n|move|p2a: Gooner|Play Rough|p1a: 21 Savage\n|-supereffective|p1a: 21 Savage\n|-damage|p1a: 21 Savage|0 fnt\n|faint|p1a: 21 Savage\n|-damage|p2a: Gooner|5\/100|[from] item: Life Orb\n|\n|upkeep\n|\n|t:|1699565270\n|switch|p1a: Marvin's Room|Enamorus, F|100\/100\n|turn|18\n|\n|t:|1699565275\n|move|p2a: Gooner|Shadow Sneak|p1a: Marvin's Room\n|-damage|p1a: Marvin's Room|36\/100\n|-damage|p2a: Gooner|0 fnt|[from] item: Life Orb\n|faint|p2a: Gooner\n|move|p1a: Marvin's Room|Moonblast|p2: Gooner|[notarget]\n|-fail|p1a: Marvin's Room\n|\n|upkeep\n|\n|t:|1699565280\n|switch|p2a: Axel|Arcanine-Hisui, M|100\/100\n|turn|19\n|\n|t:|1699565291\n|move|p1a: Marvin's Room|Earth Power|p2a: Axel\n|-supereffective|p2a: Axel\n|-damage|p2a: Axel|0 fnt\n|faint|p2a: Axel\n|\n|upkeep\n|\n|t:|1699565307\n|switch|p2a: Joe|Baxcalibur, M|100\/100\n|turn|20\n|\n|t:|1699565316\n|move|p1a: Marvin's Room|Superpower|p2a: Joe\n|-supereffective|p2a: Joe\n|-damage|p2a: Joe|38\/100\n|-boost|p1a: Marvin's Room|atk|1\n|-boost|p1a: Marvin's Room|def|1\n|move|p2a: Joe|Dragon Dance|p2a: Joe\n|-boost|p2a: Joe|atk|1\n|-boost|p2a: Joe|spe|1\n|\n|upkeep\n|turn|21\n|\n|t:|1699565327\n|move|p2a: Joe|Icicle Spear|p1a: Marvin's Room\n|-supereffective|p1a: Marvin's Room\n|-damage|p1a: Marvin's Room|0 fnt\n|faint|p1a: Marvin's Room\n|-hitcount|p1: Marvin's Room|1\n|\n|upkeep\n|\n|t:|1699565332\n|switch|p1a: Brambleghast|Brambleghast, F|100\/100\n|-damage|p1a: Brambleghast|88\/100|[from] Spikes\n|turn|22\n|\n|t:|1699565336\n|move|p2a: Joe|Icicle Spear|p1a: Brambleghast\n|-supereffective|p1a: Brambleghast\n|-damage|p1a: Brambleghast|35\/100\n|-supereffective|p1a: Brambleghast\n|-damage|p1a: Brambleghast|0 fnt\n|faint|p1a: Brambleghast\n|-hitcount|p1: Brambleghast|2\n|\n|upkeep\n|\n|t:|1699565343\n|switch|p1a: Pain 1993|Grimmsnarl, M, shiny|37\/100 psn\n|-damage|p1a: Pain 1993|24\/100 psn|[from] Spikes\n|turn|23\n|\n|t:|1699565353\n|move|p1a: Pain 1993|Reflect|p1a: Pain 1993\n|-sidestart|p1: Flacko2nice|Reflect\n|move|p2a: Joe|Dragon Dance|p2a: Joe\n|-boost|p2a: Joe|atk|1\n|-boost|p2a: Joe|spe|1\n|\n|-damage|p1a: Pain 1993|12\/100 psn|[from] psn\n|upkeep\n|turn|24\n|\n|t:|1699565362\n|move|p1a: Pain 1993|Parting Shot|p2a: Joe\n|-unboost|p2a: Joe|atk|1\n|-unboost|p2a: Joe|spa|1\n|\n|t:|1699565365\n|switch|p1a: For All The Apes|Annihilape, F, shiny|100\/100|[from] Parting Shot\n|-damage|p1a: For All The Apes|88\/100|[from] Spikes\n|move|p2a: Joe|Icicle Spear|p1a: For All The Apes\n|-damage|p1a: For All The Apes|78\/100\n|-damage|p1a: For All The Apes|67\/100\n|-damage|p1a: For All The Apes|57\/100\n|-damage|p1a: For All The Apes|47\/100\n|-hitcount|p1a: For All The Apes|4\n|\n|-heal|p1a: For All The Apes|53\/100|[from] item: Leftovers\n|upkeep\n|turn|25\n|\n|t:|1699565386\n|move|p2a: Joe|Glaive Rush|p1a: For All The Apes\n|-damage|p1a: For All The Apes|8\/100\n|-singlemove|p2a: Joe|Glaive Rush|[silent]\n|move|p1a: For All The Apes|Drain Punch|p2a: Joe\n|-supereffective|p2a: Joe\n|-damage|p2a: Joe|0 fnt\n|-heal|p1a: For All The Apes|25\/100|[from] drain|[of] p2a: Joe\n|faint|p2a: Joe\n|\n|-heal|p1a: For All The Apes|31\/100|[from] item: Leftovers\n|upkeep\n|\n|t:|1699565395\n|switch|p2a: Toji Fushiguro|Kingambit, F|100\/100\n|-activate|p2a: Toji Fushiguro|ability: Supreme Overlord\n|-start|p2a: Toji Fushiguro|fallen5|[silent]\n|turn|26\n|\n|t:|1699565410\n|move|p1a: For All The Apes|Drain Punch|p2a: Toji Fushiguro\n|-supereffective|p2a: Toji Fushiguro\n|-damage|p2a: Toji Fushiguro|17\/100\n|-heal|p1a: For All The Apes|68\/100|[from] drain|[of] p2a: Toji Fushiguro\n|move|p2a: Toji Fushiguro|Kowtow Cleave|p1a: For All The Apes\n|-damage|p1a: For All The Apes|24\/100\n|-damage|p2a: Toji Fushiguro|7\/100|[from] item: Life Orb\n|\n|-heal|p1a: For All The Apes|30\/100|[from] item: Leftovers\n|upkeep\n|turn|27\n|\n|t:|1699565419\n|move|p2a: Toji Fushiguro|Sucker Punch|p1a: For All The Apes\n|-damage|p1a: For All The Apes|0 fnt\n|faint|p1a: For All The Apes\n|-damage|p2a: Toji Fushiguro|0 fnt|[from] item: Life Orb\n|faint|p2a: Toji Fushiguro\n|-end|p2a: Toji Fushiguro|fallen5|[silent]\n|\n|win|Flacko2nice\n","uploadtime":1699565427,"views":9,"p1id":"flacko2nice","p2id":"tedtosterone","formatid":"gen9anythinggoes","rating":0,"private":0,"password":""}