{"id":"gen9anythinggoes-1976021474","p1":"TheJesterJames","p2":"Personal Matters","format":"[Gen 9] Anything Goes","log":"|j|\u2606TheJesterJames\n|j|\u2606Personal Matters\n|t:|1698257183\n|gametype|singles\n|player|p1|TheJesterJames|clown|1127\n|player|p2|Personal Matters|169|1146\n|teamsize|p1|6\n|teamsize|p2|6\n|gen|9\n|tier|[Gen 9] Anything Goes\n|rated|\n|rule|HP Percentage Mod: HP is shown in percentages\n|rule|Endless Battle Clause: Forcing endless battles is banned\n|clearpoke\n|poke|p1|Annihilape, M|\n|poke|p1|Conkeldurr, M|\n|poke|p1|Sneasler, F|\n|poke|p1|Koraidon|\n|poke|p1|Zamazenta-*|\n|poke|p1|Urshifu-*, M|\n|poke|p2|Amoonguss, F|\n|poke|p2|Annihilape, F|\n|poke|p2|Toxapex, M|\n|poke|p2|Ribombee, M|\n|poke|p2|Sandslash-Alola, F|\n|poke|p2|Charizard, F|\n|teampreview\n|c|\u2606Personal Matters|Henlo\n|inactive|Battle timer is ON: inactive players will automatically lose when time's up. (requested by Personal Matters)\n|c|\u2606Personal Matters|let us begin\n|\n|t:|1698257213\n|start\n|switch|p1a: Sneasler|Sneasler, F|100\/100\n|switch|p2a: Ribombee|Ribombee, M|100\/100\n|-ability|p1a: Sneasler|Pressure\n|turn|1\n|c|\u2606Personal Matters|OOOH\n|\n|t:|1698257238\n|move|p2a: Ribombee|Psychic|p1a: Sneasler\n|-supereffective|p1a: Sneasler\n|-damage|p1a: Sneasler|1\/100\n|move|p1a: Sneasler|Dire Claw|p2a: Ribombee\n|-supereffective|p2a: Ribombee\n|-enditem|p2a: Ribombee|Focus Sash\n|-damage|p2a: Ribombee|1\/100\n|\n|upkeep\n|turn|2\n|inactive|TheJesterJames has 120 seconds left.\n|\n|t:|1698257264\n|move|p2a: Ribombee|Psychic|p1a: Sneasler\n|-supereffective|p1a: Sneasler\n|-damage|p1a: Sneasler|0 fnt\n|faint|p1a: Sneasler\n|\n|upkeep\n|c|\u2606Personal Matters|shouldn't have kept the vulnerable-to-psyshich\n|c|\u2606Personal Matters|thing's crazy fast\n|\n|t:|1698257282\n|switch|p1a: Koraidon|Koraidon|100\/100\n|-weather|SunnyDay|[from] ability: Orichalcum Pulse|[of] p1a: Koraidon\n|-activate|p1a: Koraidon|Orichalcum Pulse|[source]\n|turn|3\n|\n|t:|1698257294\n|move|p1a: Koraidon|Flare Blitz|p2a: Ribombee\n|-supereffective|p2a: Ribombee\n|-damage|p2a: Ribombee|0 fnt\n|faint|p2a: Ribombee\n|-damage|p1a: Koraidon|99\/100|[from] Recoil\n|\n|-weather|SunnyDay|[upkeep]\n|upkeep\n|c|\u2606Personal Matters|:(\n|\n|t:|1698257318\n|switch|p2a: Toxapex|Toxapex, M|100\/100\n|turn|4\n|\n|t:|1698257327\n|switch|p1a: Zamazenta|Zamazenta-Crowned|100\/100\n|-ability|p1a: Zamazenta|Dauntless Shield|boost\n|-boost|p1a: Zamazenta|def|1\n|move|p2a: Toxapex|Baneful Bunker||[still]\n|-fail|p2a: Toxapex\n|\n|-weather|SunnyDay|[upkeep]\n|upkeep\n|turn|5\n|\n|t:|1698257356\n|move|p2a: Toxapex|Baneful Bunker|p2a: Toxapex\n|-singleturn|p2a: Toxapex|move: Protect\n|move|p1a: Zamazenta|Iron Defense|p1a: Zamazenta\n|-boost|p1a: Zamazenta|def|2\n|\n|-weather|SunnyDay|[upkeep]\n|upkeep\n|turn|6\n|\n|t:|1698257367\n|move|p1a: Zamazenta|Behemoth Bash|p2a: Toxapex\n|-resisted|p2a: Toxapex\n|-damage|p2a: Toxapex|81\/100\n|move|p2a: Toxapex|Haze|p2a: Toxapex\n|-clearallboost\n|\n|-weather|SunnyDay|[upkeep]\n|-heal|p2a: Toxapex|87\/100|[from] item: Black Sludge\n|upkeep\n|turn|7\n|\n|t:|1698257378\n|move|p1a: Zamazenta|Behemoth Bash|p2a: Toxapex\n|-resisted|p2a: Toxapex\n|-damage|p2a: Toxapex|68\/100\n|move|p2a: Toxapex|Gunk Shot|p1a: Zamazenta\n|-immune|p1a: Zamazenta\n|\n|-weather|none\n|-heal|p2a: Toxapex|74\/100|[from] item: Black Sludge\n|upkeep\n|turn|8\n|\n|t:|1698257391\n|switch|p2a: Amogus|Amoonguss, F|100\/100\n|move|p1a: Zamazenta|Iron Defense|p1a: Zamazenta\n|-boost|p1a: Zamazenta|def|2\n|\n|upkeep\n|turn|9\n|\n|t:|1698257398\n|move|p1a: Zamazenta|Behemoth Bash|p2a: Amogus\n|-damage|p2a: Amogus|38\/100\n|move|p2a: Amogus|Spore|p1a: Zamazenta\n|-status|p1a: Zamazenta|slp|[from] move: Spore\n|\n|upkeep\n|turn|10\n|inactive|TheJesterJames has 120 seconds left.\n|inactive|TheJesterJames has 90 seconds left.\n|\n|t:|1698257435\n|switch|p2a: Charizard|Charizard, F|100\/100\n|cant|p1a: Zamazenta|slp\n|\n|upkeep\n|turn|11\n|\n|t:|1698257444\n|switch|p1a: Koraidon|Koraidon|99\/100\n|-weather|SunnyDay|[from] ability: Orichalcum Pulse|[of] p1a: Koraidon\n|-activate|p1a: Koraidon|Orichalcum Pulse|[source]\n|move|p2a: Charizard|Substitute|p2a: Charizard\n|-start|p2a: Charizard|Substitute\n|-damage|p2a: Charizard|76\/100\n|\n|-weather|SunnyDay|[upkeep]\n|-heal|p2a: Charizard|82\/100|[from] item: Leftovers\n|upkeep\n|turn|12\n|\n|t:|1698257460\n|move|p1a: Koraidon|Collision Course|p2a: Charizard\n|-resisted|p2a: Charizard\n|-end|p2a: Charizard|Substitute\n|move|p2a: Charizard|Belly Drum|p2a: Charizard\n|-damage|p2a: Charizard|32\/100\n|-setboost|p2a: Charizard|atk|6|[from] move: Belly Drum\n|\n|-weather|SunnyDay|[upkeep]\n|-heal|p2a: Charizard|38\/100|[from] item: Leftovers\n|upkeep\n|turn|13\n|\n|t:|1698257472\n|move|p1a: Koraidon|Collision Course|p2a: Charizard\n|-resisted|p2a: Charizard\n|-damage|p2a: Charizard|0 fnt\n|faint|p2a: Charizard\n|\n|-weather|SunnyDay|[upkeep]\n|upkeep\n|\n|t:|1698257484\n|switch|p2a: Toxapex|Toxapex, M|74\/100\n|turn|14\n|\n|t:|1698257490\n|move|p2a: Toxapex|Baneful Bunker|p2a: Toxapex\n|-singleturn|p2a: Toxapex|move: Protect\n|move|p1a: Koraidon|Collision Course|p2a: Toxapex\n|-activate|p2a: Toxapex|move: Protect\n|-status|p1a: Koraidon|psn\n|\n|-weather|SunnyDay|[upkeep]\n|-heal|p2a: Toxapex|80\/100|[from] item: Black Sludge\n|-damage|p1a: Koraidon|88\/100 psn|[from] psn\n|upkeep\n|turn|15\n|c|\u2606Personal Matters|are you just gonna keep spamming that\n|inactive|TheJesterJames has 90 seconds left.\n|c|\u2606Personal Matters|let me know if you are so I can take super long and waste your time\n|\n|t:|1698257539\n|move|p1a: Koraidon|Collision Course|p2a: Toxapex\n|-resisted|p2a: Toxapex\n|-damage|p2a: Toxapex|40\/100\n|move|p2a: Toxapex|Venoshock|p1a: Koraidon\n|-crit|p1a: Koraidon\n|-damage|p1a: Koraidon|44\/100 psn\n|\n|-weather|none\n|-heal|p2a: Toxapex|46\/100|[from] item: Black Sludge\n|-damage|p1a: Koraidon|32\/100 psn|[from] psn\n|upkeep\n|turn|16\n|\n|t:|1698257550\n|move|p2a: Toxapex|Baneful Bunker|p2a: Toxapex\n|-singleturn|p2a: Toxapex|move: Protect\n|move|p1a: Koraidon|Collision Course|p2a: Toxapex\n|-activate|p2a: Toxapex|move: Protect\n|\n|-heal|p2a: Toxapex|52\/100|[from] item: Black Sludge\n|-damage|p1a: Koraidon|19\/100 psn|[from] psn\n|upkeep\n|turn|17\n|\n|t:|1698257560\n|move|p1a: Koraidon|Collision Course|p2a: Toxapex\n|-resisted|p2a: Toxapex\n|-damage|p2a: Toxapex|19\/100\n|move|p2a: Toxapex|Venoshock|p1a: Koraidon\n|-crit|p1a: Koraidon\n|-damage|p1a: Koraidon|0 fnt\n|faint|p1a: Koraidon\n|\n|-heal|p2a: Toxapex|25\/100|[from] item: Black Sludge\n|upkeep\n|\n|t:|1698257570\n|switch|p1a: Zamazenta|Zamazenta-Crowned|100\/100 slp\n|turn|18\n|\n|t:|1698257587\n|switch|p2a: Annihilape|Annihilape, F|100\/100\n|-curestatus|p1a: Zamazenta|slp|[msg]\n|move|p1a: Zamazenta|Behemoth Bash|p2a: Annihilape\n|-damage|p2a: Annihilape|35\/100\n|\n|upkeep\n|turn|19\n|\n|t:|1698257597\n|move|p2a: Annihilape|Close Combat|p1a: Zamazenta\n|-supereffective|p1a: Zamazenta\n|-damage|p1a: Zamazenta|37\/100\n|-unboost|p2a: Annihilape|def|1\n|-unboost|p2a: Annihilape|spd|1\n|move|p1a: Zamazenta|Behemoth Bash|p2a: Annihilape\n|-damage|p2a: Annihilape|0 fnt\n|faint|p2a: Annihilape\n|\n|upkeep\n|\n|t:|1698257610\n|switch|p2a: Sandslash|Sandslash-Alola, F|100\/100\n|turn|20\n|\n|t:|1698257617\n|switch|p1a: Annihilape|Annihilape, M, shiny|100\/100\n|move|p2a: Sandslash|Focus Blast|p1a: Annihilape\n|-immune|p1a: Annihilape\n|\n|upkeep\n|turn|21\n|\n|t:|1698257638\n|switch|p2a: Amogus|Amoonguss, F|38\/100\n|move|p1a: Annihilape|Bulk Up|p1a: Annihilape\n|-boost|p1a: Annihilape|atk|1\n|-boost|p1a: Annihilape|def|1\n|\n|upkeep\n|turn|22\n|\n|t:|1698257648\n|move|p1a: Annihilape|Drain Punch|p2a: Amogus\n|-resisted|p2a: Amogus\n|-damage|p2a: Amogus|8\/100\n|-enditem|p2a: Amogus|Iapapa Berry|[eat]\n|-heal|p2a: Amogus|41\/100|[from] item: Iapapa Berry\n|move|p2a: Amogus|Clear Smog|p1a: Annihilape\n|-resisted|p1a: Annihilape\n|-damage|p1a: Annihilape|93\/100\n|-clearboost|p1a: Annihilape\n|\n|upkeep\n|turn|23\n|\n|t:|1698257662\n|move|p1a: Annihilape|Bulk Up|p1a: Annihilape\n|-boost|p1a: Annihilape|atk|1\n|-boost|p1a: Annihilape|def|1\n|move|p2a: Amogus|Spore|p1a: Annihilape\n|-status|p1a: Annihilape|slp|[from] move: Spore\n|-enditem|p1a: Annihilape|Chesto Berry|[eat]\n|-curestatus|p1a: Annihilape|slp|[msg]\n|\n|upkeep\n|turn|24\n|\n|t:|1698257674\n|move|p1a: Annihilape|Drain Punch|p2a: Amogus\n|-resisted|p2a: Amogus\n|-damage|p2a: Amogus|6\/100\n|-heal|p1a: Annihilape|100\/100|[from] drain|[of] p2a: Amogus\n|move|p2a: Amogus|Spore|p1a: Annihilape\n|-status|p1a: Annihilape|slp|[from] move: Spore\n|\n|upkeep\n|turn|25\n|\n|t:|1698257683\n|cant|p1a: Annihilape|slp\n|move|p2a: Amogus|Clear Smog|p1a: Annihilape\n|-resisted|p1a: Annihilape\n|-damage|p1a: Annihilape|92\/100 slp\n|-clearboost|p1a: Annihilape\n|\n|upkeep\n|turn|26\n|\n|t:|1698257691\n|cant|p1a: Annihilape|slp\n|move|p2a: Amogus|Leaf Storm|p1a: Annihilape\n|-damage|p1a: Annihilape|47\/100 slp\n|-unboost|p2a: Amogus|spa|2\n|\n|upkeep\n|turn|27\n|inactive|TheJesterJames has 120 seconds left.\n|\n|t:|1698257698\n|cant|p1a: Annihilape|slp\n|move|p2a: Amogus|Leaf Storm|p1a: Annihilape\n|-damage|p1a: Annihilape|24\/100 slp\n|-unboost|p2a: Amogus|spa|2\n|\n|upkeep\n|turn|28\n|\n|t:|1698257706\n|-curestatus|p1a: Annihilape|slp|[msg]\n|move|p1a: Annihilape|Rage Fist|p2a: Amogus\n|-damage|p2a: Amogus|0 fnt\n|-status|p1a: Annihilape|par|[from] ability: Effect Spore|[of] p2a: Amogus\n|faint|p2a: Amogus\n|\n|upkeep\n|\n|t:|1698257720\n|switch|p2a: Sandslash|Sandslash-Alola, F|100\/100\n|turn|29\n|\n|t:|1698257724\n|move|p2a: Sandslash|Blizzard|p1a: Annihilape\n|-damage|p1a: Annihilape|0 fnt\n|faint|p1a: Annihilape\n|\n|upkeep\n|\n|t:|1698257729\n|switch|p1a: Urshifu|Urshifu, M|100\/100\n|turn|30\n|\n|t:|1698257738\n|move|p1a: Urshifu|Drain Punch|p2a: Sandslash\n|-supereffective|p2a: Sandslash\n|-damage|p2a: Sandslash|0 fnt\n|faint|p2a: Sandslash\n|\n|upkeep\n|\n|t:|1698257744\n|switch|p2a: Toxapex|Toxapex, M|25\/100\n|turn|31\n|\n|t:|1698257749\n|switch|p1a: Zamazenta|Zamazenta-Crowned|37\/100\n|move|p2a: Toxapex|Baneful Bunker||[still]\n|-fail|p2a: Toxapex\n|\n|-heal|p2a: Toxapex|31\/100|[from] item: Black Sludge\n|upkeep\n|turn|32\n|\n|t:|1698257757\n|move|p2a: Toxapex|Baneful Bunker|p2a: Toxapex\n|-singleturn|p2a: Toxapex|move: Protect\n|move|p1a: Zamazenta|Behemoth Bash|p2a: Toxapex\n|-activate|p2a: Toxapex|move: Protect\n|\n|-heal|p2a: Toxapex|38\/100|[from] item: Black Sludge\n|upkeep\n|turn|33\n|\n|t:|1698257767\n|move|p2a: Toxapex|Baneful Bunker||[still]\n|-fail|p2a: Toxapex\n|move|p1a: Zamazenta|Behemoth Bash|p2a: Toxapex\n|-resisted|p2a: Toxapex\n|-damage|p2a: Toxapex|15\/100\n|\n|-heal|p2a: Toxapex|22\/100|[from] item: Black Sludge\n|upkeep\n|turn|34\n|\n|t:|1698257776\n|move|p2a: Toxapex|Baneful Bunker|p2a: Toxapex\n|-singleturn|p2a: Toxapex|move: Protect\n|move|p1a: Zamazenta|Behemoth Bash|p2a: Toxapex\n|-activate|p2a: Toxapex|move: Protect\n|\n|-heal|p2a: Toxapex|28\/100|[from] item: Black Sludge\n|upkeep\n|turn|35\n|\n|t:|1698257791\n|switch|p1a: Urshifu|Urshifu, M|100\/100\n|-terastallize|p2a: Toxapex|Poison\n|move|p2a: Toxapex|Baneful Bunker||[still]\n|-fail|p2a: Toxapex\n|\n|-heal|p2a: Toxapex|34\/100|[from] item: Black Sludge\n|upkeep\n|turn|36\n|-message|Personal Matters forfeited.\n|\n|win|TheJesterJames\n|raw|TheJesterJames's rating: 1127 &rarr; <strong>1153<\/strong><br \/>(+26 for winning)\n|raw|Personal Matters's rating: 1146 &rarr; <strong>1120<\/strong><br \/>(-26 for losing)\n|l|\u2606Personal Matters\n|c|\u2606TheJesterJames|gg\n","uploadtime":1698257962,"views":11,"p1id":"thejesterjames","p2id":"personalmatters","formatid":"gen9anythinggoes","rating":1120,"private":0,"password":""}