{"id":"gen9anythinggoes-1991940791","p1":"DR4N","p2":"DaroSilvertail","format":"[Gen 9] Anything Goes","log":"|j|\u2606DR4N\n|j|\u2606DaroSilvertail\n|t:|1700140684\n|gametype|singles\n|player|p1|DR4N|lucas-gen4pt|1148\n|player|p2|DaroSilvertail|swimmerf-gen4dp|1105\n|teamsize|p1|6\n|teamsize|p2|6\n|gen|9\n|tier|[Gen 9] Anything Goes\n|rated|\n|rule|HP Percentage Mod: HP is shown in percentages\n|rule|Endless Battle Clause: Forcing endless battles is banned\n|clearpoke\n|poke|p1|Umbreon, M|\n|poke|p1|Lycanroc-Dusk, M|\n|poke|p1|Pawmot, F|\n|poke|p1|Clodsire, M|\n|poke|p1|Gogoat, M|\n|poke|p1|Arcanine, M|\n|poke|p2|Vaporeon, M|\n|poke|p2|Clawitzer, M|\n|poke|p2|Goodra, F|\n|poke|p2|Dragapult, M|\n|poke|p2|Azumarill, F|\n|poke|p2|Dragonite, F|\n|teampreview\n|\n|t:|1700140697\n|start\n|switch|p1a: Bobby|Clodsire, M, shiny|100\/100\n|switch|p2a: Vappy|Vaporeon, M|100\/100\n|turn|1\n|\n|t:|1700140702\n|move|p2a: Vappy|Aqua Ring|p2a: Vappy\n|-start|p2a: Vappy|Aqua Ring\n|move|p1a: Bobby|Stealth Rock|p2a: Vappy\n|-sidestart|p2: DaroSilvertail|move: Stealth Rock\n|\n|upkeep\n|turn|2\n|\n|t:|1700140710\n|move|p2a: Vappy|Ice Beam|p1a: Bobby\n|-supereffective|p1a: Bobby\n|-damage|p1a: Bobby|69\/100\n|move|p1a: Bobby|Toxic Spikes|p2a: Vappy\n|-sidestart|p2: DaroSilvertail|move: Toxic Spikes\n|\n|-heal|p1a: Bobby|76\/100|[from] item: Leftovers\n|upkeep\n|turn|3\n|\n|t:|1700140718\n|move|p2a: Vappy|Calm Mind|p2a: Vappy\n|-boost|p2a: Vappy|spa|1\n|-boost|p2a: Vappy|spd|1\n|move|p1a: Bobby|Toxic Spikes|p2a: Vappy\n|-sidestart|p2: DaroSilvertail|move: Toxic Spikes\n|\n|-heal|p1a: Bobby|82\/100|[from] item: Leftovers\n|upkeep\n|turn|4\n|\n|t:|1700140726\n|move|p2a: Vappy|Calm Mind|p2a: Vappy\n|-boost|p2a: Vappy|spa|1\n|-boost|p2a: Vappy|spd|1\n|move|p1a: Bobby|Earthquake|p2a: Vappy\n|-damage|p2a: Vappy|76\/100\n|\n|-heal|p1a: Bobby|88\/100|[from] item: Leftovers\n|-heal|p2a: Vappy|84\/100|[from] Aqua Ring\n|upkeep\n|turn|5\n|\n|t:|1700140736\n|move|p2a: Vappy|Ice Beam|p1a: Bobby\n|-supereffective|p1a: Bobby\n|-damage|p1a: Bobby|55\/100\n|move|p1a: Bobby|Earthquake|p2a: Vappy\n|-damage|p2a: Vappy|60\/100\n|\n|-heal|p1a: Bobby|61\/100|[from] item: Leftovers\n|-heal|p2a: Vappy|68\/100|[from] Aqua Ring\n|upkeep\n|turn|6\n|\n|t:|1700140745\n|move|p2a: Vappy|Ice Beam|p1a: Bobby\n|-supereffective|p1a: Bobby\n|-damage|p1a: Bobby|29\/100\n|move|p1a: Bobby|Earthquake|p2a: Vappy\n|-damage|p2a: Vappy|44\/100\n|\n|-heal|p1a: Bobby|35\/100|[from] item: Leftovers\n|-heal|p2a: Vappy|52\/100|[from] Aqua Ring\n|upkeep\n|turn|7\n|\n|t:|1700140754\n|move|p2a: Vappy|Ice Beam|p1a: Bobby\n|-supereffective|p1a: Bobby\n|-damage|p1a: Bobby|2\/100\n|move|p1a: Bobby|Recover|p1a: Bobby\n|-heal|p1a: Bobby|52\/100\n|\n|-heal|p1a: Bobby|58\/100|[from] item: Leftovers\n|-heal|p2a: Vappy|60\/100|[from] Aqua Ring\n|upkeep\n|turn|8\n|\n|t:|1700140762\n|move|p2a: Vappy|Ice Beam|p1a: Bobby\n|-supereffective|p1a: Bobby\n|-damage|p1a: Bobby|25\/100\n|move|p1a: Bobby|Recover|p1a: Bobby\n|-heal|p1a: Bobby|75\/100\n|\n|-heal|p1a: Bobby|81\/100|[from] item: Leftovers\n|-heal|p2a: Vappy|68\/100|[from] Aqua Ring\n|upkeep\n|turn|9\n|\n|t:|1700140771\n|move|p2a: Vappy|Calm Mind|p2a: Vappy\n|-boost|p2a: Vappy|spa|1\n|-boost|p2a: Vappy|spd|1\n|move|p1a: Bobby|Earthquake|p2a: Vappy\n|-damage|p2a: Vappy|43\/100\n|\n|-heal|p1a: Bobby|87\/100|[from] item: Leftovers\n|-heal|p2a: Vappy|51\/100|[from] Aqua Ring\n|upkeep\n|turn|10\n|\n|t:|1700140780\n|move|p2a: Vappy|Calm Mind|p2a: Vappy\n|-boost|p2a: Vappy|spa|1\n|-boost|p2a: Vappy|spd|1\n|move|p1a: Bobby|Earthquake|p2a: Vappy\n|-damage|p2a: Vappy|25\/100\n|\n|-heal|p1a: Bobby|93\/100|[from] item: Leftovers\n|-heal|p2a: Vappy|33\/100|[from] Aqua Ring\n|upkeep\n|turn|11\n|\n|t:|1700140788\n|move|p2a: Vappy|Ice Beam|p1a: Bobby\n|-supereffective|p1a: Bobby\n|-damage|p1a: Bobby|62\/100\n|move|p1a: Bobby|Earthquake|p2a: Vappy\n|-damage|p2a: Vappy|9\/100\n|\n|-heal|p1a: Bobby|69\/100|[from] item: Leftovers\n|-heal|p2a: Vappy|17\/100|[from] Aqua Ring\n|upkeep\n|turn|12\n|\n|t:|1700140797\n|move|p2a: Vappy|Ice Beam|p1a: Bobby\n|-supereffective|p1a: Bobby\n|-damage|p1a: Bobby|34\/100\n|move|p1a: Bobby|Earthquake|p2a: Vappy\n|-damage|p2a: Vappy|0 fnt\n|faint|p2a: Vappy\n|\n|-heal|p1a: Bobby|40\/100|[from] item: Leftovers\n|upkeep\n|\n|t:|1700140810\n|switch|p2a: Globby|Goodra, F|100\/100\n|-damage|p2a: Globby|88\/100|[from] Stealth Rock\n|-status|p2a: Globby|tox\n|turn|13\n|\n|t:|1700140816\n|move|p2a: Globby|Rain Dance|p2a: Globby\n|-weather|RainDance\n|move|p1a: Bobby|Recover|p1a: Bobby\n|-heal|p1a: Bobby|90\/100\n|\n|-weather|RainDance|[upkeep]\n|-activate|p2a: Globby|ability: Hydration\n|-curestatus|p2a: Globby|tox|[msg]\n|-heal|p1a: Bobby|97\/100|[from] item: Leftovers\n|upkeep\n|turn|14\n|\n|t:|1700140828\n|move|p2a: Globby|Dragon Pulse|p1a: Bobby\n|-damage|p1a: Bobby|76\/100\n|move|p1a: Bobby|Earthquake|p2a: Globby\n|-damage|p2a: Globby|63\/100\n|\n|-weather|RainDance|[upkeep]\n|-heal|p1a: Bobby|82\/100|[from] item: Leftovers\n|upkeep\n|turn|15\n|\n|t:|1700140835\n|move|p2a: Globby|Dragon Pulse|p1a: Bobby\n|-damage|p1a: Bobby|62\/100\n|move|p1a: Bobby|Earthquake|p2a: Globby\n|-damage|p2a: Globby|35\/100\n|\n|-weather|RainDance|[upkeep]\n|-heal|p1a: Bobby|68\/100|[from] item: Leftovers\n|upkeep\n|turn|16\n|\n|t:|1700140843\n|move|p2a: Globby|Rest|p2a: Globby\n|-status|p2a: Globby|slp|[from] move: Rest\n|-heal|p2a: Globby|100\/100 slp|[silent]\n|move|p1a: Bobby|Earthquake|p2a: Globby\n|-damage|p2a: Globby|74\/100 slp\n|\n|-weather|RainDance|[upkeep]\n|-activate|p2a: Globby|ability: Hydration\n|-curestatus|p2a: Globby|slp|[msg]\n|-heal|p1a: Bobby|74\/100|[from] item: Leftovers\n|upkeep\n|turn|17\n|\n|t:|1700140855\n|move|p2a: Globby|Scald|p1a: Bobby\n|-supereffective|p1a: Bobby\n|-crit|p1a: Bobby\n|-damage|p1a: Bobby|11\/100\n|move|p1a: Bobby|Earthquake|p2a: Globby\n|-damage|p2a: Globby|49\/100\n|\n|-weather|none\n|-heal|p1a: Bobby|17\/100|[from] item: Leftovers\n|upkeep\n|turn|18\n|\n|t:|1700140863\n|move|p2a: Globby|Rain Dance|p2a: Globby\n|-weather|RainDance\n|move|p1a: Bobby|Recover|p1a: Bobby\n|-heal|p1a: Bobby|67\/100\n|\n|-weather|RainDance|[upkeep]\n|-heal|p1a: Bobby|73\/100|[from] item: Leftovers\n|upkeep\n|turn|19\n|\n|t:|1700140871\n|move|p2a: Globby|Scald|p1a: Bobby\n|-supereffective|p1a: Bobby\n|-damage|p1a: Bobby|31\/100\n|move|p1a: Bobby|Earthquake|p2a: Globby\n|-damage|p2a: Globby|24\/100\n|\n|-weather|RainDance|[upkeep]\n|-heal|p1a: Bobby|37\/100|[from] item: Leftovers\n|upkeep\n|turn|20\n|\n|t:|1700140880\n|move|p2a: Globby|Rest|p2a: Globby\n|-status|p2a: Globby|slp|[from] move: Rest\n|-heal|p2a: Globby|100\/100 slp|[silent]\n|move|p1a: Bobby|Recover|p1a: Bobby\n|-heal|p1a: Bobby|87\/100\n|\n|-weather|RainDance|[upkeep]\n|-activate|p2a: Globby|ability: Hydration\n|-curestatus|p2a: Globby|slp|[msg]\n|-heal|p1a: Bobby|93\/100|[from] item: Leftovers\n|upkeep\n|turn|21\n|\n|t:|1700140895\n|move|p2a: Globby|Scald|p1a: Bobby\n|-supereffective|p1a: Bobby\n|-damage|p1a: Bobby|56\/100\n|-status|p1a: Bobby|brn\n|move|p1a: Bobby|Earthquake|p2a: Globby\n|-damage|p2a: Globby|88\/100\n|\n|-weather|RainDance|[upkeep]\n|-heal|p1a: Bobby|62\/100 brn|[from] item: Leftovers\n|-damage|p1a: Bobby|56\/100 brn|[from] brn\n|upkeep\n|turn|22\n|j| StormTheNorm\n|\n|t:|1700140906\n|move|p2a: Globby|Scald|p1a: Bobby\n|-supereffective|p1a: Bobby\n|-damage|p1a: Bobby|13\/100 brn\n|move|p1a: Bobby|Recover|p1a: Bobby\n|-heal|p1a: Bobby|63\/100 brn\n|\n|-weather|none\n|-heal|p1a: Bobby|69\/100 brn|[from] item: Leftovers\n|-damage|p1a: Bobby|63\/100 brn|[from] brn\n|upkeep\n|turn|23\n|\n|t:|1700140918\n|switch|p1a: Mick|Arcanine, M, shiny|100\/100\n|move|p2a: Globby|Scald|p1a: Mick\n|-supereffective|p1a: Mick\n|-crit|p1a: Mick\n|-damage|p1a: Mick|5\/100\n|\n|upkeep\n|turn|24\n|\n|t:|1700140928\n|move|p1a: Mick|Flamethrower|p2a: Globby\n|-resisted|p2a: Globby\n|-damage|p2a: Globby|72\/100\n|move|p2a: Globby|Scald|p1a: Mick\n|-supereffective|p1a: Mick\n|-damage|p1a: Mick|0 fnt\n|faint|p1a: Mick\n|\n|upkeep\n|c|\u2606DR4N|Wrong move.\n|\n|t:|1700140939\n|switch|p1a: Mallow|Pawmot, F, shiny|100\/100\n|turn|25\n|\n|t:|1700140951\n|move|p1a: Mallow|Nuzzle|p2a: Globby\n|-resisted|p2a: Globby\n|-damage|p2a: Globby|69\/100\n|-status|p2a: Globby|par\n|-damage|p1a: Mallow|84\/100|[from] item: Rocky Helmet|[of] p2a: Globby\n|cant|p2a: Globby|par\n|\n|upkeep\n|turn|26\n|\n|t:|1700140958\n|move|p1a: Mallow|Revival Blessing|p1a: Mallow\n|\n|t:|1700140961\n|-heal|p1: Mick|50\/100|[from] move: Revival Blessing\n|move|p2a: Globby|Rain Dance|p2a: Globby\n|-weather|RainDance\n|\n|-weather|RainDance|[upkeep]\n|-activate|p2a: Globby|ability: Hydration\n|-curestatus|p2a: Globby|par|[msg]\n|upkeep\n|turn|27\n|\n|t:|1700140975\n|move|p1a: Mallow|Nuzzle|p2a: Globby\n|-resisted|p2a: Globby\n|-damage|p2a: Globby|65\/100\n|-status|p2a: Globby|par\n|-damage|p1a: Mallow|67\/100|[from] item: Rocky Helmet|[of] p2a: Globby\n|move|p2a: Globby|Scald|p1a: Mallow\n|-damage|p1a: Mallow|14\/100\n|-status|p1a: Mallow|brn\n|\n|-weather|RainDance|[upkeep]\n|-activate|p2a: Globby|ability: Hydration\n|-curestatus|p2a: Globby|par|[msg]\n|-damage|p1a: Mallow|7\/100 brn|[from] brn\n|upkeep\n|turn|28\n|\n|t:|1700140989\n|move|p1a: Mallow|Rest|p1a: Mallow\n|-status|p1a: Mallow|slp|[from] move: Rest\n|-heal|p1a: Mallow|100\/100 slp|[silent]\n|move|p2a: Globby|Dragon Pulse|p1a: Mallow\n|-crit|p1a: Mallow\n|-damage|p1a: Mallow|16\/100 slp\n|\n|-weather|RainDance|[upkeep]\n|upkeep\n|turn|29\n|\n|t:|1700141004\n|switch|p1a: Hilal|Umbreon, M, shiny|100\/100\n|move|p2a: Globby|Dragon Pulse|p1a: Hilal\n|-damage|p1a: Hilal|73\/100\n|\n|-weather|RainDance|[upkeep]\n|upkeep\n|turn|30\n|\n|t:|1700141012\n|move|p2a: Globby|Scald|p1a: Hilal\n|-damage|p1a: Hilal|45\/100\n|move|p1a: Hilal|Wish|p1a: Hilal\n|\n|-weather|none\n|upkeep\n|turn|31\n|\n|t:|1700141021\n|switch|p1a: Mick|Arcanine, M, shiny|50\/100\n|move|p2a: Globby|Scald|p1a: Mick\n|-supereffective|p1a: Mick\n|-damage|p1a: Mick|0 fnt\n|faint|p1a: Mick\n|\n|upkeep\n|\n|t:|1700141031\n|switch|p1a: Billy|Gogoat, M, shiny|100\/100\n|turn|32\n|\n|t:|1700141034\n|move|p2a: Globby|Rain Dance|p2a: Globby\n|-weather|RainDance\n|move|p1a: Billy|Leech Seed|p2a: Globby\n|-start|p2a: Globby|move: Leech Seed\n|\n|-weather|RainDance|[upkeep]\n|-damage|p2a: Globby|53\/100|[from] Leech Seed|[of] p1a: Billy\n|upkeep\n|turn|33\n|\n|t:|1700141041\n|move|p2a: Globby|Dragon Pulse|p1a: Billy\n|-damage|p1a: Billy|64\/100\n|move|p1a: Billy|Play Rough|p2a: Globby\n|-supereffective|p2a: Globby\n|-damage|p2a: Globby|0 fnt\n|-damage|p1a: Billy|47\/100|[from] item: Rocky Helmet|[of] p2a: Globby\n|faint|p2a: Globby\n|\n|-weather|RainDance|[upkeep]\n|upkeep\n|\n|t:|1700141053\n|switch|p2a: Aqua|Dragonite, F|100\/100\n|-damage|p2a: Aqua|76\/100|[from] Stealth Rock\n|turn|34\n|\n|t:|1700141062\n|-terastallize|p1a: Billy|Fairy\n|move|p2a: Aqua|Dragon Dance|p2a: Aqua\n|-boost|p2a: Aqua|atk|1\n|-boost|p2a: Aqua|spe|1\n|move|p1a: Billy|Play Rough|p2a: Aqua\n|-supereffective|p2a: Aqua\n|-damage|p2a: Aqua|0 fnt\n|faint|p2a: Aqua\n|\n|-weather|RainDance|[upkeep]\n|upkeep\n|\n|t:|1700141073\n|switch|p2a: Bonty|Dragapult, M|100\/100\n|-damage|p2a: Bonty|88\/100|[from] Stealth Rock\n|-status|p2a: Bonty|tox\n|turn|35\n|\n|t:|1700141080\n|move|p2a: Bonty|Fly||[still]\n|-prepare|p2a: Bonty|Fly\n|move|p1a: Billy|Milk Drink|p1a: Billy\n|-heal|p1a: Billy|97\/100\n|\n|-weather|RainDance|[upkeep]\n|-damage|p2a: Bonty|82\/100 tox|[from] psn\n|upkeep\n|turn|36\n|\n|t:|1700141087\n|move|p2a: Bonty|Fly|p1a: Billy|[from]lockedmove\n|-damage|p1a: Billy|58\/100\n|-damage|p2a: Bonty|66\/100 tox|[from] item: Rocky Helmet|[of] p1a: Billy\n|move|p1a: Billy|Play Rough|p2a: Bonty\n|-supereffective|p2a: Bonty\n|-damage|p2a: Bonty|0 fnt\n|faint|p2a: Bonty\n|\n|-weather|none\n|upkeep\n|\n|t:|1700141098\n|switch|p2a: Maryl|Azumarill, F|100\/100\n|-damage|p2a: Maryl|88\/100|[from] Stealth Rock\n|-status|p2a: Maryl|tox\n|turn|37\n|\n|t:|1700141104\n|move|p1a: Billy|Leech Seed|p2a: Maryl\n|-start|p2a: Maryl|move: Leech Seed\n|move|p2a: Maryl|Aqua Ring|p2a: Maryl\n|-start|p2a: Maryl|Aqua Ring\n|\n|-heal|p2a: Maryl|94\/100 tox|[from] Aqua Ring\n|-damage|p2a: Maryl|82\/100 tox|[from] Leech Seed|[of] p1a: Billy\n|-heal|p1a: Billy|69\/100|[silent]\n|-damage|p2a: Maryl|76\/100 tox|[from] psn\n|upkeep\n|turn|38\n|j| TrixDGetsu\n|\n|t:|1700141115\n|move|p1a: Billy|Horn Leech|p2a: Maryl\n|-supereffective|p2a: Maryl\n|-damage|p2a: Maryl|0 fnt\n|-heal|p1a: Billy|100\/100|[from] drain|[of] p2a: Maryl\n|faint|p2a: Maryl\n|\n|upkeep\n|\n|t:|1700141124\n|switch|p2a: Claus|Clawitzer, M|100\/100\n|-damage|p2a: Claus|88\/100|[from] Stealth Rock\n|-status|p2a: Claus|tox\n|turn|39\n|\n|t:|1700141133\n|move|p2a: Claus|Water Pulse|p1a: Billy\n|-damage|p1a: Billy|57\/100\n|-heal|p2a: Claus|97\/100 tox|[from] item: Shell Bell|[of] p1a: Billy\n|move|p1a: Billy|Horn Leech|p2a: Claus\n|-supereffective|p2a: Claus\n|-damage|p2a: Claus|0 fnt\n|-heal|p1a: Billy|87\/100|[from] drain|[of] p2a: Claus\n|faint|p2a: Claus\n|\n|win|DR4N\n|raw|DR4N's rating: 1148 &rarr; <strong>1170<\/strong><br \/>(+22 for winning)\n|raw|DaroSilvertail's rating: 1105 &rarr; <strong>1083<\/strong><br \/>(-22 for losing)\n|c|\u2606DR4N|Gg\n","uploadtime":1700141145,"views":3,"p1id":"dr4n","p2id":"darosilvertail","formatid":"gen9anythinggoes","rating":1083,"private":0,"password":""}