{"id":"gen9anythinggoes-1989716447","p1":"Akab13579","p2":"Spartan-912","format":"[Gen 9] Anything Goes","log":"|j|\u2606Akab13579\n|j|\u2606Spartan-912\n|t:|1699889588\n|gametype|singles\n|player|p1|Akab13579|169|1198\n|player|p2|Spartan-912|skyla|1094\n|teamsize|p1|6\n|teamsize|p2|6\n|gen|9\n|tier|[Gen 9] Anything Goes\n|rated|\n|rule|HP Percentage Mod: HP is shown in percentages\n|rule|Endless Battle Clause: Forcing endless battles is banned\n|clearpoke\n|poke|p1|Zacian-*|\n|poke|p1|Eternatus|\n|poke|p1|Chi-Yu|\n|poke|p1|Miraidon|\n|poke|p1|Shaymin-Sky|\n|poke|p1|Iron Bundle|\n|poke|p2|Iron Moth|\n|poke|p2|Iron Valiant|\n|poke|p2|Landorus-Therian, M|\n|poke|p2|Hatterene, F|\n|poke|p2|Dragonite, M|\n|poke|p2|Dragapult, M|\n|teampreview\n|\n|t:|1699889598\n|start\n|switch|p1a: Zacian|Zacian-Crowned|100\/100\n|switch|p2a: Landorus|Landorus-Therian, M|100\/100\n|-ability|p1a: Zacian|Intrepid Sword|boost\n|-boost|p1a: Zacian|atk|1\n|-ability|p2a: Landorus|Intimidate|boost\n|-unboost|p1a: Zacian|atk|1\n|turn|1\n|\n|t:|1699889617\n|switch|p1a: Shaymin|Shaymin-Sky|100\/100\n|move|p2a: Landorus|Earthquake|p1a: Shaymin\n|-immune|p1a: Shaymin\n|\n|upkeep\n|turn|2\n|\n|t:|1699889628\n|move|p1a: Shaymin|Leech Seed|p2a: Landorus\n|-start|p2a: Landorus|move: Leech Seed\n|move|p2a: Landorus|U-turn|p1a: Shaymin\n|-damage|p1a: Shaymin|74\/100\n|\n|t:|1699889634\n|switch|p2a: Dragonite|Dragonite, M|100\/100|[from] U-turn\n|\n|upkeep\n|turn|3\n|\n|t:|1699889648\n|switch|p1a: Zacian|Zacian-Crowned|100\/100\n|move|p2a: Dragonite|Fire Punch|p1a: Zacian\n|-supereffective|p1a: Zacian\n|-damage|p1a: Zacian|41\/100\n|\n|upkeep\n|turn|4\n|\n|t:|1699889660\n|switch|p1a: Iron Bundle|Iron Bundle|100\/100\n|move|p2a: Dragonite|Fire Punch|p1a: Iron Bundle\n|-damage|p1a: Iron Bundle|67\/100\n|\n|upkeep\n|turn|5\n|\n|t:|1699889670\n|move|p1a: Iron Bundle|Ice Beam|p2a: Dragonite\n|-supereffective|p2a: Dragonite\n|-crit|p2a: Dragonite\n|-damage|p2a: Dragonite|0 fnt\n|faint|p2a: Dragonite\n|\n|upkeep\n|l|\u2606Akab13579\n|player|p1|\n|\n|t:|1699889682\n|switch|p2a: Landorus|Landorus-Therian, M|100\/100\n|-ability|p2a: Landorus|Intimidate|boost\n|-unboost|p1a: Iron Bundle|atk|1\n|turn|6\n|j|\u2606Akab13579\n|player|p1|Akab13579|169\n|\n|t:|1699889693\n|move|p1a: Iron Bundle|Ice Beam|p2a: Landorus\n|-supereffective|p2a: Landorus\n|-damage|p2a: Landorus|0 fnt\n|faint|p2a: Landorus\n|\n|upkeep\n|\n|t:|1699889702\n|switch|p2a: Iron Valiant|Iron Valiant|100\/100\n|-enditem|p2a: Iron Valiant|Booster Energy\n|-activate|p2a: Iron Valiant|ability: Quark Drive|[fromitem]\n|-start|p2a: Iron Valiant|quarkdrivespe\n|turn|7\n|\n|t:|1699889721\n|-end|p1a: Iron Bundle|Quark Drive|[silent]\n|switch|p1a: Eternatus|Eternatus|100\/100\n|-ability|p1a: Eternatus|Pressure\n|move|p2a: Iron Valiant|Close Combat|p1a: Eternatus\n|-resisted|p1a: Eternatus\n|-damage|p1a: Eternatus|75\/100\n|-unboost|p2a: Iron Valiant|def|1\n|-unboost|p2a: Iron Valiant|spd|1\n|\n|-heal|p1a: Eternatus|82\/100|[from] item: Leftovers\n|upkeep\n|turn|8\n|\n|t:|1699889737\n|move|p2a: Iron Valiant|Encore||[still]\n|-fail|p2a: Iron Valiant\n|move|p1a: Eternatus|Sludge Bomb|p2a: Iron Valiant\n|-supereffective|p2a: Iron Valiant\n|-damage|p2a: Iron Valiant|0 fnt\n|faint|p2a: Iron Valiant\n|-end|p2a: Iron Valiant|Quark Drive|[silent]\n|\n|-heal|p1a: Eternatus|88\/100|[from] item: Leftovers\n|upkeep\n|\n|t:|1699889747\n|switch|p2a: Dragapult|Dragapult, M|100\/100\n|turn|9\n|\n|t:|1699889760\n|move|p2a: Dragapult|Draco Meteor|p1a: Eternatus\n|-supereffective|p1a: Eternatus\n|-damage|p1a: Eternatus|0 fnt\n|-unboost|p2a: Dragapult|spa|2\n|faint|p1a: Eternatus\n|\n|upkeep\n|\n|t:|1699889769\n|switch|p1a: Zacian|Zacian-Crowned|41\/100\n|turn|10\n|\n|t:|1699889777\n|move|p1a: Zacian|Play Rough|p2a: Dragapult|[miss]\n|-miss|p1a: Zacian|p2a: Dragapult\n|move|p2a: Dragapult|Draco Meteor|p1a: Zacian\n|-immune|p1a: Zacian\n|\n|upkeep\n|turn|11\n|\n|t:|1699889789\n|move|p1a: Zacian|Play Rough|p2a: Dragapult\n|-supereffective|p2a: Dragapult\n|-crit|p2a: Dragapult\n|-damage|p2a: Dragapult|0 fnt\n|faint|p2a: Dragapult\n|\n|upkeep\n|\n|t:|1699889796\n|switch|p2a: Iron Moth|Iron Moth|100\/100\n|-enditem|p2a: Iron Moth|Booster Energy\n|-activate|p2a: Iron Moth|ability: Quark Drive|[fromitem]\n|-start|p2a: Iron Moth|quarkdrivespe\n|turn|12\n|\n|t:|1699889812\n|move|p2a: Iron Moth|Fiery Dance|p1a: Zacian\n|-supereffective|p1a: Zacian\n|-damage|p1a: Zacian|0 fnt\n|-boost|p2a: Iron Moth|spa|1\n|faint|p1a: Zacian\n|\n|upkeep\n|\n|t:|1699889820\n|switch|p1a: Iron Bundle|Iron Bundle|67\/100\n|turn|13\n|\n|t:|1699889829\n|-terastallize|p2a: Iron Moth|Fairy\n|move|p2a: Iron Moth|Energy Ball|p1a: Iron Bundle\n|-supereffective|p1a: Iron Bundle\n|-crit|p1a: Iron Bundle\n|-damage|p1a: Iron Bundle|0 fnt\n|faint|p1a: Iron Bundle\n|-end|p1a: Iron Bundle|Quark Drive|[silent]\n|\n|upkeep\n|\n|t:|1699889844\n|switch|p1a: Miraidon|Miraidon|100\/100\n|-fieldstart|move: Electric Terrain|[from] ability: Hadron Engine|[of] p1a: Miraidon\n|turn|14\n|\n|t:|1699889859\n|move|p2a: Iron Moth|Dazzling Gleam|p1a: Miraidon\n|-supereffective|p1a: Miraidon\n|-damage|p1a: Miraidon|0 fnt\n|faint|p1a: Miraidon\n|\n|upkeep\n|\n|t:|1699889864\n|switch|p1a: Shaymin|Shaymin-Sky|74\/100\n|turn|15\n|\n|t:|1699889873\n|move|p2a: Iron Moth|Fiery Dance|p1a: Shaymin\n|-supereffective|p1a: Shaymin\n|-damage|p1a: Shaymin|0 fnt\n|faint|p1a: Shaymin\n|\n|upkeep\n|\n|t:|1699889880\n|switch|p1a: Chi-Yu|Chi-Yu|100\/100\n|-ability|p1a: Chi-Yu|Beads of Ruin\n|turn|16\n|\n|t:|1699889890\n|move|p2a: Iron Moth|Psychic|p1a: Chi-Yu\n|-immune|p1a: Chi-Yu\n|move|p1a: Chi-Yu|Flamethrower|p2a: Iron Moth\n|-damage|p2a: Iron Moth|23\/100\n|\n|upkeep\n|turn|17\n|\n|t:|1699889899\n|move|p2a: Iron Moth|Dazzling Gleam|p1a: Chi-Yu\n|-damage|p1a: Chi-Yu|39\/100\n|move|p1a: Chi-Yu|Flamethrower|p2a: Iron Moth\n|-damage|p2a: Iron Moth|0 fnt\n|faint|p2a: Iron Moth\n|-end|p2a: Iron Moth|Quark Drive|[silent]\n|\n|upkeep\n|\n|t:|1699889907\n|switch|p2a: Hatterene|Hatterene, F|100\/100\n|turn|18\n|\n|t:|1699889915\n|move|p1a: Chi-Yu|Dark Pulse|p2a: Hatterene\n|-damage|p2a: Hatterene|32\/100\n|move|p2a: Hatterene|Dazzling Gleam|p1a: Chi-Yu\n|-damage|p1a: Chi-Yu|4\/100\n|\n|-fieldend|move: Electric Terrain\n|upkeep\n|turn|19\n|\n|t:|1699889934\n|move|p1a: Chi-Yu|Dark Pulse|p2a: Hatterene\n|-damage|p2a: Hatterene|0 fnt\n|faint|p2a: Hatterene\n|\n|win|Akab13579\n|raw|Akab13579's rating: 1198 &rarr; <strong>1216<\/strong><br \/>(+18 for winning)\n|raw|Spartan-912's rating: 1094 &rarr; <strong>1077<\/strong><br \/>(-17 for losing)\n|l|\u2606Akab13579\n","uploadtime":1699889948,"views":4,"p1id":"akab13579","p2id":"spartan912","formatid":"gen9anythinggoes","rating":1077,"private":0,"password":""}