{"id":"gen9anythinggoes-1976984532","p1":"Coolbroes","p2":"NicouilleDroite","format":"[Gen 9] Anything Goes","log":"|j|\u2606Coolbroes\n|j|\u2606NicouilleDroite\n|t:|1698358765\n|gametype|singles\n|player|p1|Coolbroes|170|1223\n|player|p2|NicouilleDroite|janitor|1318\n|teamsize|p1|6\n|teamsize|p2|6\n|gen|9\n|tier|[Gen 9] Anything Goes\n|rated|\n|rule|HP Percentage Mod: HP is shown in percentages\n|rule|Endless Battle Clause: Forcing endless battles is banned\n|clearpoke\n|poke|p1|Calyrex-Shadow|\n|poke|p1|Zacian-*|\n|poke|p1|Arceus|\n|poke|p1|Corviknight, M|\n|poke|p1|Espathra, F|\n|poke|p1|Houndstone, F|\n|poke|p2|Lycanroc, M|\n|poke|p2|Toxapex, M|\n|poke|p2|Palafin, M|\n|poke|p2|Greninja-*, M|\n|poke|p2|Urshifu-*, F|\n|poke|p2|Kyogre|\n|teampreview\n|inactive|Battle timer is ON: inactive players will automatically lose when time's up. (requested by NicouilleDroite)\n|\n|t:|1698358775\n|start\n|switch|p1a: Arceus|Arceus|100\/100\n|switch|p2a: Kyogre|Kyogre|100\/100\n|-weather|RainDance|[from] ability: Drizzle|[of] p2a: Kyogre\n|turn|1\n|\n|t:|1698358783\n|move|p2a: Kyogre|Water Spout|p1a: Arceus\n|-damage|p1a: Arceus|16\/100\n|move|p1a: Arceus|Swords Dance|p1a: Arceus\n|-boost|p1a: Arceus|atk|2\n|\n|-weather|RainDance|[upkeep]\n|upkeep\n|turn|2\n|\n|t:|1698358792\n|switch|p2a: Toxapex|Toxapex, M|100\/100\n|move|p1a: Arceus|Extreme Speed|p2a: Toxapex\n|-damage|p2a: Toxapex|35\/100\n|-damage|p1a: Arceus|0 fnt|[from] item: Rocky Helmet|[of] p2a: Toxapex\n|faint|p1a: Arceus\n|\n|-weather|RainDance|[upkeep]\n|upkeep\n|\n|t:|1698358801\n|switch|p1a: Calyrex|Calyrex-Shadow|100\/100\n|-ability|p1a: Calyrex|As One\n|-ability|p1a: Calyrex|Unnerve\n|turn|3\n|\n|t:|1698358809\n|switch|p2a: Lycanroc|Lycanroc, M, shiny|100\/100\n|move|p1a: Calyrex|Draining Kiss|p2a: Lycanroc\n|-damage|p2a: Lycanroc|65\/100\n|\n|-weather|RainDance|[upkeep]\n|upkeep\n|turn|4\n|\n|t:|1698358816\n|switch|p1a: Corviknight|Corviknight, M|100\/100\n|-ability|p1a: Corviknight|Pressure\n|move|p2a: Lycanroc|Stealth Rock|p1a: Corviknight\n|-sidestart|p1: Coolbroes|move: Stealth Rock\n|\n|-weather|RainDance|[upkeep]\n|upkeep\n|turn|5\n|\n|t:|1698358823\n|move|p2a: Lycanroc|Taunt|p1a: Corviknight\n|-start|p1a: Corviknight|move: Taunt\n|cant|p1a: Corviknight|move: Taunt|Defog\n|\n|-weather|none\n|upkeep\n|turn|6\n|\n|t:|1698358830\n|move|p2a: Lycanroc|Accelerock|p1a: Corviknight\n|-damage|p1a: Corviknight|88\/100\n|move|p1a: Corviknight|Iron Head|p2a: Lycanroc\n|-supereffective|p2a: Lycanroc\n|-damage|p2a: Lycanroc|0 fnt\n|faint|p2a: Lycanroc\n|\n|-heal|p1a: Corviknight|94\/100|[from] item: Leftovers\n|upkeep\n|\n|t:|1698358835\n|switch|p2a: Palafin|Palafin, M|100\/100\n|turn|7\n|\n|t:|1698358838\n|move|p2a: Palafin|Flip Turn|p1a: Corviknight\n|-damage|p1a: Corviknight|74\/100\n|\n|t:|1698358845\n|detailschange|p2a: Palafin|Palafin-Hero, M\n|switch|p2a: Kyogre|Kyogre|100\/100|[from] Flip Turn\n|-weather|RainDance|[from] ability: Drizzle|[of] p2a: Kyogre\n|move|p1a: Corviknight|Iron Head|p2a: Kyogre\n|-resisted|p2a: Kyogre\n|-damage|p2a: Kyogre|86\/100\n|\n|-weather|RainDance|[upkeep]\n|-heal|p1a: Corviknight|80\/100|[from] item: Leftovers\n|-end|p1a: Corviknight|move: Taunt\n|upkeep\n|turn|8\n|\n|t:|1698358851\n|move|p2a: Kyogre|Thunder|p1a: Corviknight\n|-supereffective|p1a: Corviknight\n|-damage|p1a: Corviknight|4\/100\n|move|p1a: Corviknight|Defog|p2a: Kyogre\n|-unboost|p2a: Kyogre|evasion|1\n|-sideend|p1: Coolbroes|Stealth Rock|[from] move: Defog|[of] p1a: Corviknight\n|\n|-weather|RainDance|[upkeep]\n|-heal|p1a: Corviknight|11\/100|[from] item: Leftovers\n|upkeep\n|turn|9\n|\n|t:|1698358857\n|move|p2a: Kyogre|Thunder|p1a: Corviknight\n|-supereffective|p1a: Corviknight\n|-damage|p1a: Corviknight|0 fnt\n|faint|p1a: Corviknight\n|\n|-weather|RainDance|[upkeep]\n|upkeep\n|\n|t:|1698358866\n|switch|p1a: Calyrex|Calyrex-Shadow|100\/100\n|-ability|p1a: Calyrex|As One\n|-ability|p1a: Calyrex|Unnerve\n|turn|10\n|\n|t:|1698358869\n|move|p1a: Calyrex|Astral Barrage|p2a: Kyogre\n|-damage|p2a: Kyogre|35\/100\n|move|p2a: Kyogre|Thunder|p1a: Calyrex\n|-damage|p1a: Calyrex|54\/100\n|-status|p1a: Calyrex|par\n|\n|-weather|RainDance|[upkeep]\n|upkeep\n|turn|11\n|\n|t:|1698358878\n|move|p2a: Kyogre|Thunder|p1a: Calyrex\n|-damage|p1a: Calyrex|15\/100 par\n|move|p1a: Calyrex|Astral Barrage|p2a: Kyogre\n|-damage|p2a: Kyogre|0 fnt\n|faint|p2a: Kyogre\n|-ability|p1a: Calyrex|Grim Neigh|boost\n|-boost|p1a: Calyrex|spa|1\n|\n|-weather|none\n|upkeep\n|\n|t:|1698358882\n|switch|p2a: Greninja|Greninja, M|100\/100\n|turn|12\n|\n|t:|1698358889\n|move|p2a: Greninja|Dark Pulse|p1a: Calyrex\n|-supereffective|p1a: Calyrex\n|-damage|p1a: Calyrex|0 fnt\n|faint|p1a: Calyrex\n|-ability|p2a: Greninja|Battle Bond|boost\n|-boost|p2a: Greninja|atk|1\n|-boost|p2a: Greninja|spa|1\n|-boost|p2a: Greninja|spe|1\n|-activate|p2a: Greninja|ability: Battle Bond\n|-damage|p2a: Greninja|91\/100|[from] item: Life Orb\n|\n|upkeep\n|\n|t:|1698358899\n|switch|p1a: Zacian|Zacian-Crowned|100\/100\n|-ability|p1a: Zacian|Intrepid Sword|boost\n|-boost|p1a: Zacian|atk|1\n|turn|13\n|\n|t:|1698358909\n|switch|p2a: Toxapex|Toxapex, M|68\/100\n|move|p1a: Zacian|Play Rough|p2a: Toxapex\n|-resisted|p2a: Toxapex\n|-damage|p2a: Toxapex|45\/100\n|-unboost|p2a: Toxapex|atk|1\n|-damage|p1a: Zacian|84\/100|[from] item: Rocky Helmet|[of] p2a: Toxapex\n|\n|upkeep\n|turn|14\n|\n|t:|1698358916\n|switch|p1a: Espathra|Espathra, F|100\/100\n|move|p2a: Toxapex|Recover|p2a: Toxapex\n|-heal|p2a: Toxapex|95\/100\n|\n|upkeep\n|turn|15\n|\n|t:|1698358926\n|switch|p2a: Palafin|Palafin-Hero, M|100\/100\n|-activate|p2a: Palafin|ability: Zero to Hero\n|move|p1a: Espathra|Calm Mind|p1a: Espathra\n|-boost|p1a: Espathra|spa|1\n|-boost|p1a: Espathra|spd|1\n|\n|-ability|p1a: Espathra|Speed Boost|boost\n|-boost|p1a: Espathra|spe|1\n|upkeep\n|turn|16\n|\n|t:|1698358930\n|-terastallize|p2a: Palafin|Water\n|move|p1a: Espathra|Protect|p1a: Espathra\n|-singleturn|p1a: Espathra|Protect\n|move|p2a: Palafin|Jet Punch|p1a: Espathra\n|-activate|p1a: Espathra|move: Protect\n|\n|-ability|p1a: Espathra|Speed Boost|boost\n|-boost|p1a: Espathra|spe|1\n|upkeep\n|turn|17\n|\n|t:|1698358940\n|move|p2a: Palafin|Jet Punch|p1a: Espathra\n|-damage|p1a: Espathra|27\/100\n|move|p1a: Espathra|Stored Power|p2a: Palafin\n|-damage|p2a: Palafin|42\/100\n|\n|-ability|p1a: Espathra|Speed Boost|boost\n|-boost|p1a: Espathra|spe|1\n|upkeep\n|turn|18\n|\n|t:|1698358946\n|move|p2a: Palafin|Jet Punch|p1a: Espathra\n|-crit|p1a: Espathra\n|-damage|p1a: Espathra|0 fnt\n|faint|p1a: Espathra\n|\n|upkeep\n|\n|t:|1698358948\n|switch|p1a: Zacian|Zacian-Crowned|84\/100\n|turn|19\n|\n|t:|1698358954\n|switch|p2a: Toxapex|Toxapex, M|100\/100\n|move|p1a: Zacian|Play Rough|p2a: Toxapex\n|-resisted|p2a: Toxapex\n|-damage|p2a: Toxapex|84\/100\n|-damage|p1a: Zacian|67\/100|[from] item: Rocky Helmet|[of] p2a: Toxapex\n|\n|upkeep\n|turn|20\n|\n|t:|1698358961\n|move|p1a: Zacian|Swords Dance|p1a: Zacian\n|-boost|p1a: Zacian|atk|2\n|move|p2a: Toxapex|Infestation|p1a: Zacian\n|-resisted|p1a: Zacian\n|-damage|p1a: Zacian|67\/100\n|-activate|p1a: Zacian|move: Infestation|[of] p2a: Toxapex\n|\n|-damage|p1a: Zacian|54\/100|[from] move: Infestation|[partiallytrapped]\n|upkeep\n|turn|21\n|\n|t:|1698358966\n|move|p1a: Zacian|Close Combat|p2a: Toxapex\n|-resisted|p2a: Toxapex\n|-damage|p2a: Toxapex|55\/100\n|-unboost|p1a: Zacian|def|1\n|-unboost|p1a: Zacian|spd|1\n|-damage|p1a: Zacian|38\/100|[from] item: Rocky Helmet|[of] p2a: Toxapex\n|move|p2a: Toxapex|Haze|p2a: Toxapex\n|-clearallboost\n|\n|-damage|p1a: Zacian|25\/100|[from] move: Infestation|[partiallytrapped]\n|upkeep\n|turn|22\n|\n|t:|1698358972\n|move|p1a: Zacian|Play Rough|p2a: Toxapex\n|-resisted|p2a: Toxapex\n|-damage|p2a: Toxapex|38\/100\n|-damage|p1a: Zacian|9\/100|[from] item: Rocky Helmet|[of] p2a: Toxapex\n|move|p2a: Toxapex|Recover|p2a: Toxapex\n|-heal|p2a: Toxapex|88\/100\n|\n|-damage|p1a: Zacian|0 fnt|[from] move: Infestation|[partiallytrapped]\n|faint|p1a: Zacian\n|upkeep\n|\n|t:|1698358974\n|switch|p1a: Houndstone|Houndstone, F|100\/100\n|turn|23\n|\n|t:|1698358980\n|-terastallize|p1a: Houndstone|Ghost\n|move|p1a: Houndstone|Last Respects|p2a: Toxapex\n|-damage|p2a: Toxapex|0 fnt\n|faint|p2a: Toxapex\n|\n|upkeep\n|\n|t:|1698358985\n|switch|p2a: Palafin|Palafin-Hero, M, tera:Water|42\/100\n|turn|24\n|\n|t:|1698358988\n|move|p2a: Palafin|Jet Punch|p1a: Houndstone\n|-damage|p1a: Houndstone|19\/100\n|move|p1a: Houndstone|Last Respects|p2a: Palafin\n|-damage|p2a: Palafin|0 fnt\n|faint|p2a: Palafin\n|\n|upkeep\n|\n|t:|1698358996\n|switch|p2a: Urshifu|Urshifu-Rapid-Strike, F|100\/100\n|turn|25\n|\n|t:|1698358999\n|move|p2a: Urshifu|Surging Strikes|p1a: Houndstone\n|-crit|p1a: Houndstone\n|-damage|p1a: Houndstone|0 fnt\n|faint|p1a: Houndstone\n|-hitcount|p1: Houndstone|1\n|\n|win|NicouilleDroite\n|raw|Coolbroes's rating: 1223 &rarr; <strong>1205<\/strong><br \/>(-18 for losing)\n|raw|NicouilleDroite's rating: 1318 &rarr; <strong>1333<\/strong><br \/>(+15 for winning)\n|l|\u2606Coolbroes\n","uploadtime":1698359006,"views":7,"p1id":"coolbroes","p2id":"nicouilledroite","formatid":"gen9anythinggoes","rating":1205,"private":0,"password":""}