{"id":"gen9anythinggoes-1973001812","p1":"JacobPersonManDude","p2":"BS_Included","format":"[Gen 9] Anything Goes","log":"|j|\u2606JacobPersonManDude\n|j|\u2606BS_Included\n|t:|1697917214\n|gametype|singles\n|player|p1|JacobPersonManDude|unknown|1219\n|player|p2|BS_Included|riley|1079\n|teamsize|p1|6\n|teamsize|p2|6\n|gen|9\n|tier|[Gen 9] Anything Goes\n|rated|\n|rule|HP Percentage Mod: HP is shown in percentages\n|rule|Endless Battle Clause: Forcing endless battles is banned\n|clearpoke\n|poke|p1|Arceus|\n|poke|p1|Koraidon|\n|poke|p1|Miraidon|\n|poke|p1|Calyrex-Shadow|\n|poke|p1|Ting-Lu|\n|poke|p1|Toxapex, F|\n|poke|p2|Empoleon, M|\n|poke|p2|Ninetales-Alola, F|\n|poke|p2|Roaring Moon|\n|poke|p2|Ursaluna-Bloodmoon, M|\n|poke|p2|Iron Valiant|\n|poke|p2|Glimmora, M|\n|teampreview\n|\n|t:|1697917226\n|start\n|switch|p1a: Ting-Lu|Ting-Lu|100\/100\n|switch|p2a: Koyuki|Ninetales-Alola, F, shiny|100\/100\n|-weather|Snow|[from] ability: Snow Warning|[of] p2a: Koyuki\n|-ability|p1a: Ting-Lu|Vessel of Ruin\n|turn|1\n|inactive|Battle timer is ON: inactive players will automatically lose when time's up. (requested by BS_Included)\n|c|\u2606JacobPersonManDude|ive never used this team before and havent played in like 2 months\n|\n|t:|1697917262\n|move|p2a: Koyuki|Aurora Veil|p2a: Koyuki\n|-sidestart|p2: BS_Included|move: Aurora Veil\n|move|p1a: Ting-Lu|Spikes|p2a: Koyuki\n|-sidestart|p2: BS_Included|Spikes\n|\n|-weather|Snow|[upkeep]\n|upkeep\n|turn|2\n|\n|t:|1697917288\n|move|p2a: Koyuki|Encore|p1a: Ting-Lu\n|-start|p1a: Ting-Lu|Encore\n|move|p1a: Ting-Lu|Spikes|p2a: Koyuki\n|-sidestart|p2: BS_Included|Spikes\n|\n|-weather|Snow|[upkeep]\n|upkeep\n|turn|3\n|\n|t:|1697917300\n|switch|p2a: Merodach|Iron Valiant, shiny|100\/100\n|-damage|p2a: Merodach|84\/100|[from] Spikes\n|-enditem|p2a: Merodach|Booster Energy\n|-activate|p2a: Merodach|ability: Quark Drive|[fromitem]\n|-start|p2a: Merodach|quarkdrivespe\n|move|p1a: Ting-Lu|Spikes|p2a: Merodach\n|-sidestart|p2: BS_Included|Spikes\n|\n|-weather|Snow|[upkeep]\n|upkeep\n|turn|4\n|inactive|JacobPersonManDude has 120 seconds left.\n|inactive|JacobPersonManDude has 90 seconds left.\n|inactive|JacobPersonManDude has 60 seconds left.\n|\n|t:|1697917377\n|switch|p1a: Toxapex|Toxapex, F|100\/100\n|move|p2a: Merodach|Swords Dance|p2a: Merodach\n|-boost|p2a: Merodach|atk|2\n|\n|-weather|Snow|[upkeep]\n|upkeep\n|turn|5\n|\n|t:|1697917388\n|move|p2a: Merodach|Knock Off|p1a: Toxapex\n|-damage|p1a: Toxapex|57\/100\n|-damage|p2a: Merodach|67\/100|[from] item: Rocky Helmet|[of] p1a: Toxapex\n|-enditem|p1a: Toxapex|Rocky Helmet|[from] move: Knock Off|[of] p2a: Merodach\n|move|p1a: Toxapex|Toxic Spikes|p2a: Merodach\n|-sidestart|p2: BS_Included|move: Toxic Spikes\n|\n|-weather|none\n|upkeep\n|turn|6\n|\n|t:|1697917396\n|move|p2a: Merodach|Knock Off|p1a: Toxapex\n|-damage|p1a: Toxapex|30\/100\n|move|p1a: Toxapex|Poison Jab|p2a: Merodach\n|-supereffective|p2a: Merodach\n|-damage|p2a: Merodach|41\/100\n|\n|upkeep\n|turn|7\n|\n|t:|1697917404\n|-terastallize|p2a: Merodach|Dark\n|move|p2a: Merodach|Knock Off|p1a: Toxapex\n|-damage|p1a: Toxapex|0 fnt\n|faint|p1a: Toxapex\n|\n|upkeep\n|\n|t:|1697917409\n|switch|p1a: Koraidon|Koraidon|100\/100\n|-weather|SunnyDay|[from] ability: Orichalcum Pulse|[of] p1a: Koraidon\n|-activate|p1a: Koraidon|Orichalcum Pulse|[source]\n|turn|8\n|\n|t:|1697917420\n|move|p2a: Merodach|Close Combat|p1a: Koraidon\n|-damage|p1a: Koraidon|2\/100\n|-unboost|p2a: Merodach|def|1\n|-unboost|p2a: Merodach|spd|1\n|move|p1a: Koraidon|Low Kick|p2a: Merodach\n|-supereffective|p2a: Merodach\n|-crit|p2a: Merodach\n|-damage|p2a: Merodach|0 fnt\n|faint|p2a: Merodach\n|-end|p2a: Merodach|Quark Drive|[silent]\n|\n|-weather|SunnyDay|[upkeep]\n|-sideend|p2: BS_Included|move: Aurora Veil\n|upkeep\n|\n|t:|1697917434\n|switch|p2a: Koyuki|Ninetales-Alola, F, shiny|100\/100\n|-damage|p2a: Koyuki|76\/100|[from] Spikes\n|-status|p2a: Koyuki|psn\n|-weather|Snow|[from] ability: Snow Warning|[of] p2a: Koyuki\n|turn|9\n|\n|t:|1697917444\n|move|p2a: Koyuki|Aurora Veil|p2a: Koyuki\n|-sidestart|p2: BS_Included|move: Aurora Veil\n|move|p1a: Koraidon|Flame Charge|p2a: Koyuki\n|-supereffective|p2a: Koyuki\n|-damage|p2a: Koyuki|59\/100 psn\n|-boost|p1a: Koraidon|spe|1\n|\n|-weather|Snow|[upkeep]\n|-damage|p2a: Koyuki|46\/100 psn|[from] psn\n|upkeep\n|turn|10\n|\n|t:|1697917450\n|move|p1a: Koraidon|Flame Charge|p2a: Koyuki\n|-supereffective|p2a: Koyuki\n|-damage|p2a: Koyuki|29\/100 psn\n|-boost|p1a: Koraidon|spe|1\n|move|p2a: Koyuki|Encore|p1a: Koraidon\n|-start|p1a: Koraidon|Encore\n|\n|-weather|Snow|[upkeep]\n|-damage|p2a: Koyuki|17\/100 psn|[from] psn\n|upkeep\n|turn|11\n|\n|t:|1697917461\n|switch|p2a: All Star|Glimmora, M|100\/100\n|-damage|p2a: All Star|76\/100|[from] Spikes\n|-sideend|p2: BS_Included|move: Toxic Spikes|[of] p2a: All Star\n|move|p1a: Koraidon|Flame Charge|p2a: All Star\n|-resisted|p2a: All Star\n|-damage|p2a: All Star|70\/100\n|-boost|p1a: Koraidon|spe|1\n|-activate|p2a: All Star|ability: Toxic Debris\n|-sidestart|p1: JacobPersonManDude|move: Toxic Spikes\n|\n|-weather|Snow|[upkeep]\n|upkeep\n|turn|12\n|\n|t:|1697917470\n|move|p1a: Koraidon|Flame Charge|p2a: All Star\n|-resisted|p2a: All Star\n|-damage|p2a: All Star|64\/100\n|-boost|p1a: Koraidon|spe|1\n|-activate|p2a: All Star|ability: Toxic Debris\n|-sidestart|p1: JacobPersonManDude|move: Toxic Spikes\n|move|p2a: All Star|Mortal Spin|p1a: Koraidon\n|-damage|p1a: Koraidon|0 fnt\n|-sideend|p2: BS_Included|Spikes|[from] move: Mortal Spin|[of] p2a: All Star\n|faint|p1a: Koraidon\n|\n|-weather|Snow|[upkeep]\n|upkeep\n|\n|t:|1697917483\n|switch|p1a: Arceus|Arceus|100\/100\n|turn|13\n|c|\u2606JacobPersonManDude|i misclicked\n|inactive|BS_Included has 120 seconds left.\n|\n|t:|1697917516\n|switch|p2a: Freddy Fazbear|Ursaluna-Bloodmoon, M|100\/100\n|move|p1a: Arceus|Swords Dance|p1a: Arceus\n|-boost|p1a: Arceus|atk|2\n|\n|-weather|none\n|upkeep\n|turn|14\n|inactive|BS_Included has 120 seconds left.\n|\n|t:|1697917534\n|move|p1a: Arceus|Extreme Speed|p2a: Freddy Fazbear\n|-damage|p2a: Freddy Fazbear|75\/100\n|move|p2a: Freddy Fazbear|Blood Moon|p1a: Arceus\n|-damage|p1a: Arceus|56\/100\n|\n|-heal|p2a: Freddy Fazbear|81\/100|[from] item: Leftovers\n|upkeep\n|turn|15\n|\n|t:|1697917540\n|move|p1a: Arceus|Extreme Speed|p2a: Freddy Fazbear\n|-damage|p2a: Freddy Fazbear|53\/100\n|move|p2a: Freddy Fazbear|Calm Mind|p2a: Freddy Fazbear\n|-boost|p2a: Freddy Fazbear|spa|1\n|-boost|p2a: Freddy Fazbear|spd|1\n|\n|-heal|p2a: Freddy Fazbear|59\/100|[from] item: Leftovers\n|upkeep\n|turn|16\n|\n|t:|1697917543\n|move|p1a: Arceus|Extreme Speed|p2a: Freddy Fazbear\n|-damage|p2a: Freddy Fazbear|33\/100\n|move|p2a: Freddy Fazbear|Moonlight|p2a: Freddy Fazbear\n|-heal|p2a: Freddy Fazbear|83\/100\n|\n|-heal|p2a: Freddy Fazbear|89\/100|[from] item: Leftovers\n|-sideend|p2: BS_Included|move: Aurora Veil\n|upkeep\n|turn|17\n|\n|t:|1697917550\n|move|p1a: Arceus|Extreme Speed|p2a: Freddy Fazbear\n|-damage|p2a: Freddy Fazbear|38\/100\n|move|p2a: Freddy Fazbear|Blood Moon|p1a: Arceus\n|-damage|p1a: Arceus|0 fnt\n|faint|p1a: Arceus\n|\n|-heal|p2a: Freddy Fazbear|44\/100|[from] item: Leftovers\n|upkeep\n|\n|t:|1697917562\n|switch|p1a: Miraidon|Miraidon|100\/100\n|-status|p1a: Miraidon|tox\n|-fieldstart|move: Electric Terrain|[from] ability: Hadron Engine|[of] p1a: Miraidon\n|turn|18\n|\n|t:|1697917571\n|move|p1a: Miraidon|Dazzling Gleam|p2a: Freddy Fazbear\n|-damage|p2a: Freddy Fazbear|13\/100\n|move|p2a: Freddy Fazbear|Earth Power|p1a: Miraidon\n|-supereffective|p1a: Miraidon\n|-crit|p1a: Miraidon\n|-damage|p1a: Miraidon|0 fnt\n|faint|p1a: Miraidon\n|\n|-heal|p2a: Freddy Fazbear|19\/100|[from] item: Leftovers\n|upkeep\n|\n|t:|1697917579\n|switch|p1a: Ting-Lu|Ting-Lu|100\/100\n|-status|p1a: Ting-Lu|tox\n|-ability|p1a: Ting-Lu|Vessel of Ruin\n|turn|19\n|\n|t:|1697917585\n|move|p2a: Freddy Fazbear|Moonlight|p2a: Freddy Fazbear\n|-heal|p2a: Freddy Fazbear|69\/100\n|move|p1a: Ting-Lu|Whirlwind|p2a: Freddy Fazbear\n|drag|p2a: All Star|Glimmora, M|64\/100\n|\n|-damage|p1a: Ting-Lu|94\/100 tox|[from] psn\n|upkeep\n|turn|20\n|\n|t:|1697917596\n|move|p2a: All Star|Energy Ball|p1a: Ting-Lu\n|-supereffective|p1a: Ting-Lu\n|-damage|p1a: Ting-Lu|66\/100 tox\n|move|p1a: Ting-Lu|Spikes|p2a: All Star\n|-sidestart|p2: BS_Included|Spikes\n|\n|-heal|p1a: Ting-Lu|72\/100 tox|[from] item: Leftovers\n|-damage|p1a: Ting-Lu|60\/100 tox|[from] psn\n|upkeep\n|turn|21\n|\n|t:|1697917601\n|move|p2a: All Star|Mortal Spin|p1a: Ting-Lu\n|-resisted|p1a: Ting-Lu\n|-crit|p1a: Ting-Lu\n|-damage|p1a: Ting-Lu|57\/100 tox\n|-sideend|p2: BS_Included|Spikes|[from] move: Mortal Spin|[of] p2a: All Star\n|move|p1a: Ting-Lu|Spikes|p2a: All Star\n|-sidestart|p2: BS_Included|Spikes\n|\n|-heal|p1a: Ting-Lu|63\/100 tox|[from] item: Leftovers\n|-damage|p1a: Ting-Lu|45\/100 tox|[from] psn\n|upkeep\n|turn|22\n|\n|t:|1697917605\n|move|p2a: All Star|Stealth Rock|p1a: Ting-Lu\n|-sidestart|p1: JacobPersonManDude|move: Stealth Rock\n|move|p1a: Ting-Lu|Spikes|p2a: All Star\n|-sidestart|p2: BS_Included|Spikes\n|\n|-heal|p1a: Ting-Lu|51\/100 tox|[from] item: Leftovers\n|-damage|p1a: Ting-Lu|27\/100 tox|[from] psn\n|-fieldend|move: Electric Terrain\n|upkeep\n|turn|23\n|\n|t:|1697917609\n|move|p2a: All Star|Mortal Spin|p1a: Ting-Lu\n|-resisted|p1a: Ting-Lu\n|-damage|p1a: Ting-Lu|25\/100 tox\n|-sideend|p2: BS_Included|Spikes|[from] move: Mortal Spin|[of] p2a: All Star\n|move|p1a: Ting-Lu|Spikes|p2a: All Star\n|-sidestart|p2: BS_Included|Spikes\n|\n|-heal|p1a: Ting-Lu|31\/100 tox|[from] item: Leftovers\n|-damage|p1a: Ting-Lu|1\/100 tox|[from] psn\n|upkeep\n|turn|24\n|\n|t:|1697917620\n|move|p2a: All Star|Mortal Spin|p1a: Ting-Lu\n|-resisted|p1a: Ting-Lu\n|-damage|p1a: Ting-Lu|0 fnt\n|-sideend|p2: BS_Included|Spikes|[from] move: Mortal Spin|[of] p2a: All Star\n|faint|p1a: Ting-Lu\n|\n|upkeep\n|\n|t:|1697917622\n|switch|p1a: Calyrex|Calyrex-Shadow|100\/100\n|-ability|p1a: Calyrex|As One\n|-ability|p1a: Calyrex|Unnerve\n|turn|25\n|\n|t:|1697917627\n|move|p1a: Calyrex|Astral Barrage|p2a: All Star\n|-damage|p2a: All Star|0 fnt\n|faint|p2a: All Star\n|-ability|p1a: Calyrex|Grim Neigh|boost\n|-boost|p1a: Calyrex|spa|1\n|\n|upkeep\n|\n|t:|1697917631\n|switch|p2a: Koyuki|Ninetales-Alola, F, shiny|17\/100 psn\n|-weather|Snow|[from] ability: Snow Warning|[of] p2a: Koyuki\n|turn|26\n|\n|t:|1697917635\n|move|p1a: Calyrex|Astral Barrage|p2a: Koyuki\n|-damage|p2a: Koyuki|0 fnt\n|faint|p2a: Koyuki\n|-ability|p1a: Calyrex|Grim Neigh|boost\n|-boost|p1a: Calyrex|spa|1\n|\n|-weather|Snow|[upkeep]\n|upkeep\n|\n|t:|1697917638\n|switch|p2a: Napoleon|Empoleon, M|100\/100\n|turn|27\n|\n|t:|1697917642\n|move|p1a: Calyrex|Astral Barrage|p2a: Napoleon\n|-damage|p2a: Napoleon|0 fnt\n|faint|p2a: Napoleon\n|-ability|p1a: Calyrex|Grim Neigh|boost\n|-boost|p1a: Calyrex|spa|1\n|\n|-weather|Snow|[upkeep]\n|upkeep\n|\n|t:|1697917647\n|switch|p2a: Freddy Fazbear|Ursaluna-Bloodmoon, M|69\/100\n|turn|28\n|\n|t:|1697917654\n|move|p1a: Calyrex|Grass Knot|p2a: Freddy Fazbear\n|-supereffective|p2a: Freddy Fazbear\n|-crit|p2a: Freddy Fazbear\n|-damage|p2a: Freddy Fazbear|0 fnt\n|faint|p2a: Freddy Fazbear\n|-ability|p1a: Calyrex|Grim Neigh|boost\n|-boost|p1a: Calyrex|spa|1\n|\n|-weather|Snow|[upkeep]\n|upkeep\n|\n|t:|1697917657\n|switch|p2a: Chief|Roaring Moon|100\/100\n|-enditem|p2a: Chief|Booster Energy\n|-activate|p2a: Chief|ability: Protosynthesis|[fromitem]\n|-start|p2a: Chief|protosynthesisatk\n|turn|29\n|c|\u2606JacobPersonManDude|oh shi-\n|\n|t:|1697917669\n|move|p1a: Calyrex|Astral Barrage|p2a: Chief\n|-resisted|p2a: Chief\n|-crit|p2a: Chief\n|-damage|p2a: Chief|0 fnt\n|faint|p2a: Chief\n|-end|p2a: Chief|Protosynthesis|[silent]\n|\n|win|JacobPersonManDude\n|raw|JacobPersonManDude's rating: 1219 &rarr; <strong>1234<\/strong><br \/>(+15 for winning)\n|raw|BS_Included's rating: 1079 &rarr; <strong>1066<\/strong><br \/>(-13 for losing)\n|l|\u2606BS_Included\n|c|\u2606JacobPersonManDude|YESSSSSSSSSSSSSSSSSSSSSSSSSSSSSSSSSS\n","uploadtime":1697917689,"views":6,"p1id":"jacobpersonmandude","p2id":"bsincluded","formatid":"gen9anythinggoes","rating":1066,"private":0,"password":""}