{"id":"gen9anythinggoes-1974689949","p1":"IamrandomElement","p2":"Torzzi","format":"[Gen 9] Anything Goes","log":"|j|\u2606IamrandomElement\n|j|\u2606Torzzi\n|t:|1698110823\n|gametype|singles\n|player|p1|IamrandomElement|preschoolerf|1156\n|player|p2|Torzzi|unknown|1178\n|teamsize|p1|6\n|teamsize|p2|6\n|gen|9\n|tier|[Gen 9] Anything Goes\n|rated|\n|rule|HP Percentage Mod: HP is shown in percentages\n|rule|Endless Battle Clause: Forcing endless battles is banned\n|clearpoke\n|poke|p1|Charizard, M|\n|poke|p1|Zamazenta-*|\n|poke|p1|Maushold-Four|\n|poke|p1|Garchomp, M|\n|poke|p1|Zacian-*|\n|poke|p1|Annihilape, M|\n|poke|p2|Gholdengo|\n|poke|p2|Toxapex, F|\n|poke|p2|Scovillain, F|\n|poke|p2|Haxorus, F|\n|poke|p2|Gliscor, F|\n|poke|p2|Kingambit, F|\n|teampreview\n|\n|t:|1698110837\n|start\n|switch|p1a: Minority Hunter|Garchomp, M, shiny|100\/100\n|switch|p2a: Scovillain|Scovillain, F, shiny|100\/100\n|turn|1\n|\n|t:|1698110843\n|move|p1a: Minority Hunter|Sandstorm|p1a: Minority Hunter\n|-weather|Sandstorm\n|move|p2a: Scovillain|Leech Seed|p1a: Minority Hunter\n|-start|p1a: Minority Hunter|move: Leech Seed\n|\n|-weather|Sandstorm|[upkeep]\n|-damage|p2a: Scovillain|95\/100|[from] Sandstorm\n|-heal|p2a: Scovillain|100\/100|[from] item: Leftovers\n|-damage|p1a: Minority Hunter|88\/100|[from] Leech Seed|[of] p2a: Scovillain\n|-ability|p2a: Scovillain|Moody|boost\n|-boost|p2a: Scovillain|def|2\n|-unboost|p2a: Scovillain|spe|1\n|upkeep\n|turn|2\n|c|\u2606IamrandomElement|insane\n|c|\u2606Torzzi|m\n|c|\u2606Torzzi|sorry\n|\n|t:|1698110870\n|-terastallize|p1a: Minority Hunter|Ghost\n|move|p1a: Minority Hunter|Outrage|p2a: Scovillain\n|-damage|p2a: Scovillain|56\/100\n|move|p2a: Scovillain|Substitute|p2a: Scovillain\n|-start|p2a: Scovillain|Substitute\n|-damage|p2a: Scovillain|31\/100\n|\n|-weather|Sandstorm|[upkeep]\n|-damage|p1a: Minority Hunter|82\/100|[from] Sandstorm\n|-damage|p2a: Scovillain|26\/100|[from] Sandstorm\n|-heal|p2a: Scovillain|31\/100|[from] item: Leftovers\n|-damage|p1a: Minority Hunter|70\/100|[from] Leech Seed|[of] p2a: Scovillain\n|-heal|p2a: Scovillain|48\/100|[silent]\n|-ability|p2a: Scovillain|Moody|boost\n|-boost|p2a: Scovillain|def|2\n|-unboost|p2a: Scovillain|spa|1\n|upkeep\n|turn|3\n|\n|t:|1698110884\n|move|p2a: Scovillain|Protect|p2a: Scovillain\n|-singleturn|p2a: Scovillain|Protect\n|move|p1a: Minority Hunter|Outrage|p2a: Scovillain|[from]lockedmove\n|-activate|p2a: Scovillain|move: Protect\n|-start|p1a: Minority Hunter|confusion|[fatigue]\n|\n|-weather|Sandstorm|[upkeep]\n|-damage|p1a: Minority Hunter|64\/100|[from] Sandstorm\n|-damage|p2a: Scovillain|42\/100|[from] Sandstorm\n|-heal|p2a: Scovillain|48\/100|[from] item: Leftovers\n|-damage|p1a: Minority Hunter|51\/100|[from] Leech Seed|[of] p2a: Scovillain\n|-heal|p2a: Scovillain|64\/100|[silent]\n|-ability|p2a: Scovillain|Moody|boost\n|-boost|p2a: Scovillain|def|2\n|-unboost|p2a: Scovillain|atk|1\n|upkeep\n|turn|4\n|\n|t:|1698110898\n|-activate|p1a: Minority Hunter|confusion\n|move|p1a: Minority Hunter|Outrage|p2a: Scovillain\n|-activate|p2a: Scovillain|move: Substitute|[damage]\n|move|p2a: Scovillain|Giga Drain|p1a: Minority Hunter\n|-crit|p1a: Minority Hunter\n|-damage|p1a: Minority Hunter|0 fnt\n|-heal|p2a: Scovillain|98\/100|[from] drain|[of] p1a: Minority Hunter\n|faint|p1a: Minority Hunter\n|\n|-weather|Sandstorm|[upkeep]\n|-damage|p2a: Scovillain|92\/100|[from] Sandstorm\n|-heal|p2a: Scovillain|98\/100|[from] item: Leftovers\n|-ability|p2a: Scovillain|Moody|boost\n|-boost|p2a: Scovillain|atk|2\n|-unboost|p2a: Scovillain|def|1\n|upkeep\n|\n|t:|1698110907\n|switch|p1a: Mexican Family|Maushold-Four|100\/100\n|turn|5\n|\n|t:|1698110915\n|move|p1a: Mexican Family|Population Bomb|p2a: Scovillain\n|-end|p2a: Scovillain|Substitute\n|-damage|p2a: Scovillain|92\/100\n|-damage|p2a: Scovillain|85\/100\n|-damage|p2a: Scovillain|79\/100\n|-damage|p2a: Scovillain|73\/100\n|-damage|p2a: Scovillain|67\/100\n|-damage|p2a: Scovillain|60\/100\n|-damage|p2a: Scovillain|54\/100\n|-damage|p2a: Scovillain|48\/100\n|-damage|p2a: Scovillain|42\/100\n|-hitcount|p2a: Scovillain|10\n|move|p2a: Scovillain|Leech Seed|p1a: Mexican Family\n|-start|p1a: Mexican Family|move: Leech Seed\n|\n|-weather|none\n|-heal|p2a: Scovillain|48\/100|[from] item: Leftovers\n|-damage|p1a: Mexican Family|88\/100|[from] Leech Seed|[of] p2a: Scovillain\n|-heal|p2a: Scovillain|61\/100|[silent]\n|-ability|p2a: Scovillain|Moody|boost\n|-boost|p2a: Scovillain|spe|2\n|-unboost|p2a: Scovillain|spa|1\n|upkeep\n|turn|6\n|\n|t:|1698110935\n|move|p2a: Scovillain|Protect|p2a: Scovillain\n|-singleturn|p2a: Scovillain|Protect\n|move|p1a: Mexican Family|Population Bomb|p2a: Scovillain\n|-activate|p2a: Scovillain|move: Protect\n|\n|-heal|p2a: Scovillain|67\/100|[from] item: Leftovers\n|-damage|p1a: Mexican Family|76\/100|[from] Leech Seed|[of] p2a: Scovillain\n|-heal|p2a: Scovillain|80\/100|[silent]\n|-ability|p2a: Scovillain|Moody|boost\n|-boost|p2a: Scovillain|spa|2\n|-unboost|p2a: Scovillain|spd|1\n|upkeep\n|turn|7\n|\n|t:|1698110945\n|move|p2a: Scovillain|Giga Drain|p1a: Mexican Family\n|-damage|p1a: Mexican Family|15\/100\n|-heal|p2a: Scovillain|100\/100|[from] drain|[of] p1a: Mexican Family\n|move|p1a: Mexican Family|Population Bomb|p2a: Scovillain\n|-damage|p2a: Scovillain|95\/100\n|-damage|p2a: Scovillain|89\/100\n|-damage|p2a: Scovillain|83\/100\n|-damage|p2a: Scovillain|76\/100\n|-damage|p2a: Scovillain|70\/100\n|-damage|p2a: Scovillain|64\/100\n|-crit|p2a: Scovillain\n|-damage|p2a: Scovillain|31\/100\n|-damage|p2a: Scovillain|24\/100\n|-damage|p2a: Scovillain|18\/100\n|-damage|p2a: Scovillain|12\/100\n|-hitcount|p2a: Scovillain|10\n|\n|-heal|p2a: Scovillain|18\/100|[from] item: Leftovers\n|-damage|p1a: Mexican Family|3\/100|[from] Leech Seed|[of] p2a: Scovillain\n|-heal|p2a: Scovillain|31\/100|[silent]\n|-ability|p2a: Scovillain|Moody|boost\n|-boost|p2a: Scovillain|spd|2\n|-unboost|p2a: Scovillain|spe|1\n|upkeep\n|turn|8\n|\n|t:|1698110968\n|move|p2a: Scovillain|Protect|p2a: Scovillain\n|-singleturn|p2a: Scovillain|Protect\n|move|p1a: Mexican Family|Population Bomb|p2a: Scovillain\n|-activate|p2a: Scovillain|move: Protect\n|\n|-heal|p2a: Scovillain|37\/100|[from] item: Leftovers\n|-damage|p1a: Mexican Family|0 fnt|[from] Leech Seed|[of] p2a: Scovillain\n|-heal|p2a: Scovillain|40\/100|[silent]\n|faint|p1a: Mexican Family\n|-ability|p2a: Scovillain|Moody|boost\n|-boost|p2a: Scovillain|spd|2\n|-unboost|p2a: Scovillain|def|1\n|upkeep\n|\n|t:|1698110974\n|switch|p1a: Charizard with BBC|Charizard, M, shiny|100\/100\n|turn|9\n|\n|t:|1698110984\n|move|p1a: Charizard with BBC|Flamethrower|p2a: Scovillain\n|-damage|p2a: Scovillain|9\/100\n|move|p2a: Scovillain|Leech Seed|p1a: Charizard with BBC\n|-start|p1a: Charizard with BBC|move: Leech Seed\n|\n|-heal|p2a: Scovillain|15\/100|[from] item: Leftovers\n|-damage|p1a: Charizard with BBC|88\/100|[from] Leech Seed|[of] p2a: Scovillain\n|-heal|p2a: Scovillain|29\/100|[silent]\n|-ability|p2a: Scovillain|Moody|boost\n|-boost|p2a: Scovillain|atk|2\n|-unboost|p2a: Scovillain|spa|1\n|upkeep\n|turn|10\n|\n|t:|1698110994\n|move|p2a: Scovillain|Protect|p2a: Scovillain\n|-singleturn|p2a: Scovillain|Protect\n|move|p1a: Charizard with BBC|Air Slash|p2a: Scovillain\n|-activate|p2a: Scovillain|move: Protect\n|\n|-heal|p2a: Scovillain|34\/100|[from] item: Leftovers\n|-damage|p1a: Charizard with BBC|76\/100|[from] Leech Seed|[of] p2a: Scovillain\n|-heal|p2a: Scovillain|48\/100|[silent]\n|-ability|p2a: Scovillain|Moody|boost\n|-boost|p2a: Scovillain|def|2\n|-unboost|p2a: Scovillain|spa|1\n|upkeep\n|turn|11\n|\n|t:|1698111009\n|move|p1a: Charizard with BBC|Air Slash|p2a: Scovillain\n|-supereffective|p2a: Scovillain\n|-damage|p2a: Scovillain|0 fnt\n|faint|p2a: Scovillain\n|\n|upkeep\n|inactive|Battle timer is ON: inactive players will automatically lose when time's up. (requested by IamrandomElement)\n|\n|t:|1698111018\n|switch|p2a: Toxapex|Toxapex, F, shiny|100\/100\n|turn|12\n|\n|t:|1698111027\n|switch|p1a: Annihigape|Annihilape, M, shiny|100\/100\n|move|p2a: Toxapex|Surf|p1a: Annihigape\n|-damage|p1a: Annihigape|89\/100\n|\n|-heal|p1a: Annihigape|96\/100|[from] item: Leftovers\n|upkeep\n|turn|13\n|\n|t:|1698111034\n|move|p1a: Annihigape|Bulk Up|p1a: Annihigape\n|-boost|p1a: Annihigape|atk|1\n|-boost|p1a: Annihigape|def|1\n|move|p2a: Toxapex|Toxic Spikes|p1a: Annihigape\n|-sidestart|p1: IamrandomElement|move: Toxic Spikes\n|\n|-heal|p1a: Annihigape|100\/100|[from] item: Leftovers\n|upkeep\n|turn|14\n|\n|t:|1698111051\n|switch|p2a: Gholdengo|Gholdengo, shiny|100\/100\n|move|p1a: Annihigape|Bulk Up|p1a: Annihigape\n|-boost|p1a: Annihigape|atk|1\n|-boost|p1a: Annihigape|def|1\n|\n|upkeep\n|turn|15\n|\n|t:|1698111059\n|-terastallize|p2a: Gholdengo|Fairy\n|move|p2a: Gholdengo|Shadow Ball|p1a: Annihigape\n|-supereffective|p1a: Annihigape\n|-damage|p1a: Annihigape|36\/100\n|move|p1a: Annihigape|Rage Fist|p2a: Gholdengo\n|-damage|p2a: Gholdengo|0 fnt\n|faint|p2a: Gholdengo\n|\n|-heal|p1a: Annihigape|42\/100|[from] item: Leftovers\n|upkeep\n|\n|t:|1698111070\n|switch|p2a: Kingambit|Kingambit, F, shiny|100\/100\n|-activate|p2a: Kingambit|ability: Supreme Overlord\n|-start|p2a: Kingambit|fallen2|[silent]\n|turn|16\n|\n|t:|1698111076\n|move|p2a: Kingambit|Sucker Punch|p1a: Annihigape\n|-damage|p1a: Annihigape|19\/100\n|move|p1a: Annihigape|Rage Fist|p2a: Kingambit\n|-resisted|p2a: Kingambit\n|-damage|p2a: Kingambit|40\/100\n|\n|-heal|p1a: Annihigape|25\/100|[from] item: Leftovers\n|upkeep\n|turn|17\n|\n|t:|1698111084\n|move|p2a: Kingambit|Sucker Punch||[still]\n|-fail|p2a: Kingambit\n|move|p1a: Annihigape|Bulk Up|p1a: Annihigape\n|-boost|p1a: Annihigape|atk|1\n|-boost|p1a: Annihigape|def|1\n|\n|-heal|p1a: Annihigape|32\/100|[from] item: Leftovers\n|upkeep\n|turn|18\n|\n|t:|1698111092\n|move|p1a: Annihigape|Rage Fist|p2a: Kingambit\n|-resisted|p2a: Kingambit\n|-damage|p2a: Kingambit|0 fnt\n|faint|p2a: Kingambit\n|-end|p2a: Kingambit|fallen2|[silent]\n|\n|-heal|p1a: Annihigape|38\/100|[from] item: Leftovers\n|upkeep\n|\n|t:|1698111109\n|switch|p2a: Gliscor|Gliscor, F, shiny|100\/100\n|turn|19\n|\n|t:|1698111120\n|move|p2a: Gliscor|Protect|p2a: Gliscor\n|-singleturn|p2a: Gliscor|Protect\n|move|p1a: Annihigape|Taunt|p2a: Gliscor\n|-activate|p2a: Gliscor|move: Protect\n|\n|-heal|p1a: Annihigape|44\/100|[from] item: Leftovers\n|-status|p2a: Gliscor|tox|[from] item: Toxic Orb\n|upkeep\n|turn|20\n|\n|t:|1698111127\n|move|p2a: Gliscor|Crunch|p1a: Annihigape\n|-damage|p1a: Annihigape|35\/100\n|move|p1a: Annihigape|Rage Fist|p2a: Gliscor\n|-damage|p2a: Gliscor|0 fnt\n|faint|p2a: Gliscor\n|\n|-heal|p1a: Annihigape|41\/100|[from] item: Leftovers\n|upkeep\n|c|\u2606Torzzi|ggs\n|\n|t:|1698111134\n|switch|p2a: Haxorus|Haxorus, F, shiny|100\/100\n|-ability|p2a: Haxorus|Mold Breaker\n|turn|21\n|\n|t:|1698111140\n|move|p2a: Haxorus|Iron Head|p1a: Annihigape\n|-damage|p1a: Annihigape|28\/100\n|move|p1a: Annihigape|Rage Fist|p2a: Haxorus\n|-damage|p2a: Haxorus|0 fnt\n|faint|p2a: Haxorus\n|\n|-heal|p1a: Annihigape|34\/100|[from] item: Leftovers\n|upkeep\n|\n|t:|1698111147\n|switch|p2a: Toxapex|Toxapex, F, shiny|100\/100\n|turn|22\n|\n|t:|1698111155\n|move|p2a: Toxapex|Baneful Bunker|p2a: Toxapex\n|-singleturn|p2a: Toxapex|move: Protect\n|move|p1a: Annihigape|Bulk Up|p1a: Annihigape\n|-boost|p1a: Annihigape|atk|1\n|-boost|p1a: Annihigape|def|1\n|\n|-heal|p1a: Annihigape|40\/100|[from] item: Leftovers\n|upkeep\n|turn|23\n|c|\u2606IamrandomElement|brb\n|inactive|IamrandomElement has 120 seconds left.\n|\n|t:|1698111196\n|move|p1a: Annihigape|Rage Fist|p2a: Toxapex\n|-damage|p2a: Toxapex|0 fnt\n|faint|p2a: Toxapex\n|\n|win|IamrandomElement\n|raw|IamrandomElement's rating: 1156 &rarr; <strong>1183<\/strong><br \/>(+27 for winning)\n|raw|Torzzi's rating: 1178 &rarr; <strong>1151<\/strong><br \/>(-27 for losing)\n|l|\u2606Torzzi\n|c|\u2606IamrandomElement|gg\n","uploadtime":1698111215,"views":7,"p1id":"iamrandomelement","p2id":"torzzi","formatid":"gen9anythinggoes","rating":1151,"private":0,"password":""}