{"id":"gen9anythinggoes-1973642461","p1":"Lord Rekkuza","p2":"jb291","format":"[Gen 9] Anything Goes","log":"|j|\u2606Lord Rekkuza\n|j|\u2606jb291\n|inactive|Battle timer is ON: inactive players will automatically lose when time's up.\n|t:|1697999046\n|gametype|singles\n|player|p1|Lord Rekkuza|lance-masters|\n|player|p2|jb291|korrina-masters|\n|teamsize|p1|6\n|teamsize|p2|6\n|gen|9\n|tier|[Gen 9] Anything Goes\n|rated|Tournament battle\n|rule|HP Percentage Mod: HP is shown in percentages\n|rule|Endless Battle Clause: Forcing endless battles is banned\n|clearpoke\n|poke|p1|Arceus|\n|poke|p1|Calyrex-Shadow|\n|poke|p1|Arceus-Ground|\n|poke|p1|Ditto|\n|poke|p1|Koraidon|\n|poke|p1|Arceus-Fairy|\n|poke|p2|Ribombee, M|\n|poke|p2|Calyrex-Shadow|\n|poke|p2|Koraidon|\n|poke|p2|Arceus|\n|poke|p2|Eternatus|\n|poke|p2|Arceus-Ground|\n|teampreview\n|inactive|jb291 also wants the timer to be on.\n|j| s3rp3rior\n|\n|t:|1697999059\n|start\n|switch|p1a: Arceus|Arceus|100\/100\n|switch|p2a: Ribombee|Ribombee, M|100\/100\n|turn|1\n|\n|t:|1697999065\n|move|p2a: Ribombee|Sticky Web|p1a: Arceus\n|-sidestart|p1: Lord Rekkuza|move: Sticky Web\n|move|p1a: Arceus|Substitute|p1a: Arceus\n|-start|p1a: Arceus|Substitute\n|-damage|p1a: Arceus|76\/100\n|\n|-heal|p1a: Arceus|82\/100|[from] item: Leftovers\n|upkeep\n|turn|2\n|\n|t:|1697999071\n|move|p2a: Ribombee|U-turn|p1a: Arceus\n|-crit|p1a: Arceus\n|-activate|p1a: Arceus|move: Substitute|[damage]\n|\n|t:|1697999073\n|switch|p2a: Calyrex|Calyrex-Shadow|100\/100|[from] U-turn\n|-ability|p2a: Calyrex|As One\n|-ability|p2a: Calyrex|Unnerve\n|move|p1a: Arceus|Dragon Dance|p1a: Arceus\n|-boost|p1a: Arceus|atk|1\n|-boost|p1a: Arceus|spe|1\n|\n|-heal|p1a: Arceus|88\/100|[from] item: Leftovers\n|upkeep\n|turn|3\n|\n|t:|1697999082\n|switch|p2a: Arceus|Arceus|100\/100\n|move|p1a: Arceus|Shadow Claw|p2a: Arceus\n|-immune|p2a: Arceus\n|\n|-heal|p1a: Arceus|94\/100|[from] item: Leftovers\n|upkeep\n|turn|4\n|j| OreoSpeedruns\n|\n|t:|1697999091\n|move|p1a: Arceus|Dragon Dance|p1a: Arceus\n|-boost|p1a: Arceus|atk|1\n|-boost|p1a: Arceus|spe|1\n|move|p2a: Arceus|Swords Dance|p2a: Arceus\n|-boost|p2a: Arceus|atk|2\n|\n|-heal|p1a: Arceus|99\/100|[from] item: Leftovers\n|upkeep\n|turn|5\n|\n|t:|1697999112\n|-terastallize|p1a: Arceus|Ghost\n|move|p1a: Arceus|Extreme Speed|p2a: Arceus\n|-damage|p2a: Arceus|42\/100\n|move|p2a: Arceus|Extreme Speed|p1a: Arceus\n|-immune|p1a: Arceus\n|\n|-heal|p1a: Arceus|100\/100|[from] item: Leftovers\n|upkeep\n|turn|6\n|\n|t:|1697999120\n|move|p1a: Arceus|Extreme Speed|p2a: Arceus\n|-damage|p2a: Arceus|0 fnt\n|faint|p2a: Arceus\n|\n|upkeep\n|\n|t:|1697999126\n|switch|p2a: Koraidon|Koraidon|100\/100\n|-weather|SunnyDay|[from] ability: Orichalcum Pulse|[of] p2a: Koraidon\n|-activate|p2a: Koraidon|Orichalcum Pulse|[source]\n|turn|7\n|\n|t:|1697999131\n|move|p1a: Arceus|Extreme Speed|p2a: Koraidon\n|-damage|p2a: Koraidon|38\/100\n|move|p2a: Koraidon|Scale Shot|p1a: Arceus\n|-end|p1a: Arceus|Substitute\n|-damage|p1a: Arceus|86\/100\n|-damage|p1a: Arceus|69\/100\n|-damage|p1a: Arceus|53\/100\n|-hitcount|p1a: Arceus|4\n|-unboost|p2a: Koraidon|def|1\n|-boost|p2a: Koraidon|spe|1\n|\n|-weather|SunnyDay|[upkeep]\n|-heal|p1a: Arceus|59\/100|[from] item: Leftovers\n|upkeep\n|turn|8\n|\n|t:|1697999141\n|move|p1a: Arceus|Shadow Claw|p2a: Koraidon\n|-damage|p2a: Koraidon|0 fnt\n|faint|p2a: Koraidon\n|\n|-weather|SunnyDay|[upkeep]\n|-heal|p1a: Arceus|66\/100|[from] item: Leftovers\n|upkeep\n|\n|t:|1697999144\n|switch|p2a: Arceus|Arceus-Ground|100\/100\n|turn|9\n|\n|t:|1697999150\n|move|p1a: Arceus|Substitute|p1a: Arceus\n|-start|p1a: Arceus|Substitute\n|-damage|p1a: Arceus|41\/100\n|move|p2a: Arceus|Earthquake|p1a: Arceus\n|-end|p1a: Arceus|Substitute\n|\n|-weather|SunnyDay|[upkeep]\n|-heal|p1a: Arceus|47\/100|[from] item: Leftovers\n|upkeep\n|turn|10\n|\n|t:|1697999152\n|move|p1a: Arceus|Extreme Speed|p2a: Arceus\n|-damage|p2a: Arceus|29\/100\n|move|p2a: Arceus|Earthquake|p1a: Arceus\n|-damage|p1a: Arceus|0 fnt\n|faint|p1a: Arceus\n|\n|-weather|SunnyDay|[upkeep]\n|upkeep\n|\n|t:|1697999165\n|switch|p1a: Arceus|Arceus-Fairy|100\/100\n|-activate|p1a: Arceus|move: Sticky Web\n|-unboost|p1a: Arceus|spe|1\n|turn|11\n|\n|t:|1697999183\n|switch|p2a: Eternatus|Eternatus|100\/100\n|-ability|p2a: Eternatus|Pressure\n|move|p1a: Arceus|Stealth Rock|p2a: Eternatus\n|-sidestart|p2: jb291|move: Stealth Rock\n|\n|-weather|none\n|upkeep\n|turn|12\n|\n|t:|1697999188\n|move|p2a: Eternatus|Sludge Bomb|p1a: Arceus\n|-supereffective|p1a: Arceus\n|-crit|p1a: Arceus\n|-damage|p1a: Arceus|0 fnt\n|faint|p1a: Arceus\n|-damage|p2a: Eternatus|91\/100|[from] item: Life Orb\n|\n|upkeep\n|\n|t:|1697999196\n|switch|p1a: Arceus|Arceus-Ground, shiny|100\/100\n|-activate|p1a: Arceus|move: Sticky Web\n|-unboost|p1a: Arceus|spe|1\n|turn|13\n|\n|t:|1697999202\n|move|p2a: Eternatus|Dynamax Cannon|p1a: Arceus\n|-damage|p1a: Arceus|47\/100\n|-damage|p2a: Eternatus|81\/100|[from] item: Life Orb\n|move|p1a: Arceus|Judgment|p2a: Eternatus\n|-supereffective|p2a: Eternatus\n|-crit|p2a: Eternatus\n|-damage|p2a: Eternatus|0 fnt\n|faint|p2a: Eternatus\n|\n|upkeep\n|\n|t:|1697999209\n|switch|p2a: Calyrex|Calyrex-Shadow|100\/100\n|-ability|p2a: Calyrex|As One\n|-ability|p2a: Calyrex|Unnerve\n|turn|14\n|\n|t:|1697999227\n|move|p2a: Calyrex|Grass Knot|p1a: Arceus\n|-supereffective|p1a: Arceus\n|-damage|p1a: Arceus|0 fnt\n|faint|p1a: Arceus\n|-ability|p2a: Calyrex|Grim Neigh|boost\n|-boost|p2a: Calyrex|spa|1\n|\n|upkeep\n|\n|t:|1697999237\n|switch|p1a: Ditto|Ditto|100\/100\n|-transform|p1a: Ditto|p2a: Calyrex|[from] ability: Imposter\n|turn|15\n|\n|t:|1697999245\n|-terastallize|p2a: Calyrex|Normal\n|move|p1a: Ditto|Astral Barrage|p2a: Calyrex\n|-immune|p2a: Calyrex\n|move|p2a: Calyrex|Astral Barrage|p1a: Ditto\n|-supereffective|p1a: Ditto\n|-damage|p1a: Ditto|0 fnt\n|faint|p1a: Ditto\n|-ability|p2a: Calyrex|Grim Neigh|boost\n|-boost|p2a: Calyrex|spa|1\n|\n|upkeep\n|\n|t:|1697999261\n|switch|p1a: Calyrex|Calyrex-Shadow|100\/100\n|-ability|p1a: Calyrex|As One\n|-ability|p1a: Calyrex|Unnerve\n|-activate|p1a: Calyrex|move: Sticky Web\n|-unboost|p1a: Calyrex|spe|1\n|turn|16\n|\n|t:|1697999268\n|move|p2a: Calyrex|Astral Barrage|p1a: Calyrex\n|-supereffective|p1a: Calyrex\n|-enditem|p1a: Calyrex|Focus Sash\n|-damage|p1a: Calyrex|1\/100\n|move|p1a: Calyrex|Grass Knot|p2a: Calyrex\n|-damage|p2a: Calyrex|65\/100\n|\n|upkeep\n|turn|17\n|\n|t:|1697999273\n|move|p2a: Calyrex|Astral Barrage|p1a: Calyrex\n|-supereffective|p1a: Calyrex\n|-damage|p1a: Calyrex|0 fnt\n|faint|p1a: Calyrex\n|-ability|p2a: Calyrex|Grim Neigh|boost\n|-boost|p2a: Calyrex|spa|1\n|\n|upkeep\n|\n|t:|1697999275\n|switch|p1a: Koraidon|Koraidon|100\/100\n|-activate|p1a: Koraidon|move: Sticky Web\n|-unboost|p1a: Koraidon|spe|1\n|-weather|SunnyDay|[from] ability: Orichalcum Pulse|[of] p1a: Koraidon\n|-activate|p1a: Koraidon|Orichalcum Pulse|[source]\n|turn|18\n|\n|t:|1697999279\n|move|p2a: Calyrex|Astral Barrage|p1a: Koraidon\n|-damage|p1a: Koraidon|0 fnt\n|faint|p1a: Koraidon\n|\n|win|jb291\n|n|\u2606Lord Rekkuza|lordrekkuza\n|n|\u2606jb291|jb291\n|n| s3rp3rior|s3rp3rior\n|n| OreoSpeedruns|oreospeedruns\n","uploadtime":1697999280,"views":53,"p1id":"lordrekkuza","p2id":"jb291","formatid":"gen9anythinggoes","rating":0,"private":0,"password":""}