{"id":"gen9anythinggoes-1995755899","p1":"The Np sweep","p2":"ymmwinaround","format":"[Gen 9] Anything Goes","log":"|j|\u203dThe Np sweep\n|j|\u2606ymmwinaround\n|inactive|Battle timer is ON: inactive players will automatically lose when time's up.\n|t:|1700600171\n|gametype|singles\n|player|p1|The Np sweep|hilbert|\n|player|p2|ymmwinaround|jogger|\n|teamsize|p1|6\n|teamsize|p2|6\n|gen|9\n|tier|[Gen 9] Anything Goes\n|rated|Tournament battle\n|rule|HP Percentage Mod: HP is shown in percentages\n|rule|Endless Battle Clause: Forcing endless battles is banned\n|clearpoke\n|poke|p1|Calyrex-Shadow|\n|poke|p1|Koraidon|\n|poke|p1|Miraidon|\n|poke|p1|Arceus-Fairy|\n|poke|p1|Ditto|\n|poke|p1|Arceus-Dark|\n|poke|p2|Ting-Lu|\n|poke|p2|Arceus|\n|poke|p2|Calyrex-Shadow|\n|poke|p2|Toxapex, F|\n|poke|p2|Arceus-Fairy|\n|poke|p2|Ribombee, M|\n|teampreview\n|c|\u2606ymmwinaround|oh wait\n|c|\u2606ymmwinaround|this is the wrong team\n|\n|t:|1700600190\n|start\n|switch|p1a: Ditto|Ditto|100\/100\n|switch|p2a: Ribombee|Ribombee, M|100\/100\n|-transform|p1a: Ditto|p2a: Ribombee|[from] ability: Imposter\n|turn|1\n|\n|t:|1700600197\n|move|p1a: Ditto|Sticky Web|p2a: Ribombee\n|-sidestart|p2: ymmwinaround|move: Sticky Web\n|move|p2a: Ribombee|Stun Spore|p1a: Ditto\n|-status|p1a: Ditto|par\n|\n|upkeep\n|turn|2\n|\n|t:|1700600204\n|switch|p1a: Miraidon|Miraidon|100\/100\n|-fieldstart|move: Electric Terrain|[from] ability: Hadron Engine|[of] p1a: Miraidon\n|move|p2a: Ribombee|Sticky Web|p1a: Miraidon\n|-sidestart|p1: The Np sweep|move: Sticky Web\n|\n|upkeep\n|turn|3\n|\n|t:|1700600221\n|move|p1a: Miraidon|Electro Drift|p2a: Ribombee\n|-enditem|p2a: Ribombee|Focus Sash\n|-damage|p2a: Ribombee|1\/100\n|-damage|p1a: Miraidon|91\/100|[from] item: Life Orb\n|move|p2a: Ribombee|Moonblast|p1a: Miraidon\n|-supereffective|p1a: Miraidon\n|-crit|p1a: Miraidon\n|-damage|p1a: Miraidon|8\/100\n|\n|upkeep\n|turn|4\n|\n|t:|1700600233\n|move|p1a: Miraidon|Electro Drift|p2a: Ribombee\n|-damage|p2a: Ribombee|0 fnt\n|faint|p2a: Ribombee\n|-damage|p1a: Miraidon|0 fnt|[from] item: Life Orb\n|faint|p1a: Miraidon\n|\n|upkeep\n|\n|t:|1700600243\n|switch|p1a: Arceus|Arceus-Dark|100\/100\n|switch|p2a: Arceus|Arceus-Fairy|100\/100\n|-activate|p2a: Arceus|move: Sticky Web\n|-unboost|p2a: Arceus|spe|1\n|-activate|p1a: Arceus|move: Sticky Web\n|-unboost|p1a: Arceus|spe|1\n|turn|5\n|\n|t:|1700600249\n|switch|p1a: Arceus|Arceus-Fairy|100\/100\n|-activate|p1a: Arceus|move: Sticky Web\n|-unboost|p1a: Arceus|spe|1\n|move|p2a: Arceus|Judgment|p1a: Arceus\n|-damage|p1a: Arceus|69\/100\n|\n|upkeep\n|turn|6\n|\n|t:|1700600252\n|move|p1a: Arceus|Will-O-Wisp|p2a: Arceus\n|-status|p2a: Arceus|brn\n|move|p2a: Arceus|Calm Mind|p2a: Arceus\n|-boost|p2a: Arceus|spa|1\n|-boost|p2a: Arceus|spd|1\n|\n|-damage|p2a: Arceus|94\/100 brn|[from] brn\n|-fieldend|move: Electric Terrain\n|upkeep\n|turn|7\n|\n|t:|1700600256\n|move|p1a: Arceus|Taunt|p2a: Arceus\n|-start|p2a: Arceus|move: Taunt\n|move|p2a: Arceus|Judgment|p1a: Arceus\n|-damage|p1a: Arceus|24\/100\n|\n|-damage|p2a: Arceus|88\/100 brn|[from] brn\n|upkeep\n|turn|8\n|\n|t:|1700600258\n|move|p1a: Arceus|Recover|p1a: Arceus\n|-heal|p1a: Arceus|75\/100\n|move|p2a: Arceus|Judgment|p1a: Arceus\n|-damage|p1a: Arceus|24\/100\n|\n|-damage|p2a: Arceus|82\/100 brn|[from] brn\n|upkeep\n|turn|9\n|\n|t:|1700600261\n|move|p1a: Arceus|Recover|p1a: Arceus\n|-heal|p1a: Arceus|74\/100\n|move|p2a: Arceus|Judgment|p1a: Arceus\n|-damage|p1a: Arceus|23\/100\n|\n|-damage|p2a: Arceus|76\/100 brn|[from] brn\n|-end|p2a: Arceus|move: Taunt\n|upkeep\n|turn|10\n|\n|t:|1700600271\n|move|p1a: Arceus|Recover|p1a: Arceus\n|-heal|p1a: Arceus|73\/100\n|move|p2a: Arceus|Judgment|p1a: Arceus\n|-damage|p1a: Arceus|24\/100\n|\n|-damage|p2a: Arceus|70\/100 brn|[from] brn\n|upkeep\n|turn|11\n|\n|t:|1700600276\n|move|p1a: Arceus|Taunt|p2a: Arceus\n|-start|p2a: Arceus|move: Taunt\n|move|p2a: Arceus|Judgment|p1a: Arceus\n|-damage|p1a: Arceus|0 fnt\n|faint|p1a: Arceus\n|\n|-damage|p2a: Arceus|64\/100 brn|[from] brn\n|upkeep\n|\n|t:|1700600278\n|switch|p1a: Koraidon|Koraidon|100\/100\n|-activate|p1a: Koraidon|move: Sticky Web\n|-unboost|p1a: Koraidon|spe|1\n|-weather|SunnyDay|[from] ability: Orichalcum Pulse|[of] p1a: Koraidon\n|-activate|p1a: Koraidon|Orichalcum Pulse|[source]\n|turn|12\n|\n|t:|1700600282\n|-terastallize|p1a: Koraidon|Fire\n|move|p1a: Koraidon|Flare Blitz|p2a: Arceus\n|-damage|p2a: Arceus|0 fnt\n|faint|p2a: Arceus\n|-damage|p1a: Koraidon|73\/100|[from] Recoil\n|\n|-weather|SunnyDay|[upkeep]\n|upkeep\n|\n|t:|1700600287\n|switch|p2a: Toxapex|Toxapex, F|100\/100\n|-activate|p2a: Toxapex|move: Sticky Web\n|-unboost|p2a: Toxapex|spe|1\n|turn|13\n|\n|t:|1700600295\n|switch|p1a: Ditto|Ditto|100\/100 par\n|-activate|p1a: Ditto|move: Sticky Web\n|-unboost|p1a: Ditto|spe|1\n|-transform|p1a: Ditto|p2a: Toxapex|[from] ability: Imposter\n|move|p2a: Toxapex|Toxic Spikes|p1a: Ditto\n|-sidestart|p1: The Np sweep|move: Toxic Spikes\n|\n|-weather|SunnyDay|[upkeep]\n|upkeep\n|turn|14\n|\n|t:|1700600304\n|switch|p1a: Calyrex|Calyrex-Shadow|100\/100\n|-ability|p1a: Calyrex|As One\n|-ability|p1a: Calyrex|Unnerve\n|-activate|p1a: Calyrex|move: Sticky Web\n|-unboost|p1a: Calyrex|spe|1\n|-status|p1a: Calyrex|psn\n|move|p2a: Toxapex|Toxic Spikes|p1a: Calyrex\n|-sidestart|p1: The Np sweep|move: Toxic Spikes\n|\n|-weather|SunnyDay|[upkeep]\n|-damage|p1a: Calyrex|88\/100 psn|[from] psn\n|upkeep\n|turn|15\n|\n|t:|1700600308\n|switch|p2a: Ting-Lu|Ting-Lu|100\/100\n|-activate|p2a: Ting-Lu|move: Sticky Web\n|-unboost|p2a: Ting-Lu|spe|1\n|-ability|p2a: Ting-Lu|Vessel of Ruin\n|move|p1a: Calyrex|Grass Knot|p2a: Ting-Lu\n|-supereffective|p2a: Ting-Lu\n|-damage|p2a: Ting-Lu|49\/100\n|-damage|p1a: Calyrex|78\/100 psn|[from] item: Life Orb\n|\n|-weather|SunnyDay|[upkeep]\n|-heal|p2a: Ting-Lu|55\/100|[from] item: Leftovers\n|-damage|p1a: Calyrex|66\/100 psn|[from] psn\n|upkeep\n|turn|16\n|\n|t:|1700600318\n|-terastallize|p2a: Ting-Lu|Grass\n|move|p1a: Calyrex|Grass Knot|p2a: Ting-Lu\n|-resisted|p2a: Ting-Lu\n|-damage|p2a: Ting-Lu|40\/100\n|-damage|p1a: Calyrex|56\/100 psn|[from] item: Life Orb\n|move|p2a: Ting-Lu|Payback|p1a: Calyrex\n|-supereffective|p1a: Calyrex\n|-damage|p1a: Calyrex|0 fnt\n|faint|p1a: Calyrex\n|\n|-weather|none\n|-heal|p2a: Ting-Lu|46\/100|[from] item: Leftovers\n|upkeep\n|\n|t:|1700600326\n|switch|p1a: Koraidon|Koraidon, tera:Fire|73\/100\n|-activate|p1a: Koraidon|move: Sticky Web\n|-unboost|p1a: Koraidon|spe|1\n|-status|p1a: Koraidon|tox\n|-weather|SunnyDay|[from] ability: Orichalcum Pulse|[of] p1a: Koraidon\n|-activate|p1a: Koraidon|Orichalcum Pulse|[source]\n|turn|17\n|\n|t:|1700600336\n|move|p1a: Koraidon|Swords Dance|p1a: Koraidon\n|-boost|p1a: Koraidon|atk|2\n|move|p2a: Ting-Lu|Spikes|p1a: Koraidon\n|-sidestart|p1: The Np sweep|Spikes\n|\n|-weather|SunnyDay|[upkeep]\n|-heal|p2a: Ting-Lu|53\/100|[from] item: Leftovers\n|-damage|p1a: Koraidon|67\/100 tox|[from] psn\n|upkeep\n|turn|18\n|\n|t:|1700600341\n|switch|p2a: Toxapex|Toxapex, F|100\/100\n|-activate|p2a: Toxapex|move: Sticky Web\n|-unboost|p2a: Toxapex|spe|1\n|move|p1a: Koraidon|Scale Shot|p2a: Toxapex\n|-damage|p2a: Toxapex|80\/100\n|-damage|p2a: Toxapex|57\/100\n|-damage|p2a: Toxapex|35\/100\n|-damage|p2a: Toxapex|13\/100\n|-hitcount|p2a: Toxapex|4\n|-unboost|p1a: Koraidon|def|1\n|-boost|p1a: Koraidon|spe|1\n|\n|-weather|SunnyDay|[upkeep]\n|-damage|p1a: Koraidon|55\/100 tox|[from] psn\n|upkeep\n|turn|19\n|\n|t:|1700600349\n|switch|p2a: Ting-Lu|Ting-Lu, tera:Grass|53\/100\n|-activate|p2a: Ting-Lu|move: Sticky Web\n|-unboost|p2a: Ting-Lu|spe|1\n|-ability|p2a: Ting-Lu|Vessel of Ruin\n|move|p1a: Koraidon|Scale Shot|p2a: Ting-Lu\n|-damage|p2a: Ting-Lu|30\/100\n|-damage|p2a: Ting-Lu|10\/100\n|-damage|p2a: Ting-Lu|0 fnt\n|faint|p2a: Ting-Lu\n|-hitcount|p2: Ting-Lu|3\n|-unboost|p1a: Koraidon|def|1\n|-boost|p1a: Koraidon|spe|1\n|\n|-weather|SunnyDay|[upkeep]\n|-damage|p1a: Koraidon|36\/100 tox|[from] psn\n|upkeep\n|\n|t:|1700600357\n|switch|p2a: Arceus|Arceus|100\/100\n|turn|20\n|\n|t:|1700600360\n|switch|p1a: Arceus|Arceus-Dark|100\/100\n|-activate|p1a: Arceus|move: Sticky Web\n|-unboost|p1a: Arceus|spe|1\n|-status|p1a: Arceus|tox\n|-damage|p1a: Arceus|88\/100 tox|[from] Spikes\n|move|p2a: Arceus|Extreme Speed|p1a: Arceus\n|-damage|p1a: Arceus|62\/100 tox\n|\n|-weather|SunnyDay|[upkeep]\n|-damage|p1a: Arceus|56\/100 tox|[from] psn\n|upkeep\n|turn|21\n|\n|t:|1700600366\n|move|p2a: Arceus|Swords Dance|p2a: Arceus\n|-boost|p2a: Arceus|atk|2\n|move|p1a: Arceus|Will-O-Wisp|p2a: Arceus\n|-status|p2a: Arceus|brn\n|\n|-weather|none\n|-damage|p1a: Arceus|44\/100 tox|[from] psn\n|-damage|p2a: Arceus|94\/100 brn|[from] brn\n|upkeep\n|turn|22\n|\n|t:|1700600381\n|move|p2a: Arceus|Extreme Speed|p1a: Arceus\n|-damage|p1a: Arceus|17\/100 tox\n|move|p1a: Arceus|Recover|p1a: Arceus\n|-heal|p1a: Arceus|67\/100 tox\n|\n|-damage|p1a: Arceus|48\/100 tox|[from] psn\n|-damage|p2a: Arceus|88\/100 brn|[from] brn\n|upkeep\n|turn|23\n|\n|t:|1700600406\n|switch|p2a: Toxapex|Toxapex, F|47\/100\n|-activate|p2a: Toxapex|move: Sticky Web\n|-unboost|p2a: Toxapex|spe|1\n|move|p1a: Arceus|Recover|p1a: Arceus\n|-heal|p1a: Arceus|98\/100 tox\n|\n|-damage|p1a: Arceus|74\/100 tox|[from] psn\n|upkeep\n|turn|24\n|\n|t:|1700600427\n|switch|p1a: Ditto|Ditto|100\/100 par\n|-activate|p1a: Ditto|move: Sticky Web\n|-unboost|p1a: Ditto|spe|1\n|-damage|p1a: Ditto|88\/100 par|[from] Spikes\n|-transform|p1a: Ditto|p2a: Toxapex|[from] ability: Imposter\n|switch|p2a: Arceus|Arceus|88\/100 brn\n|\n|-damage|p2a: Arceus|82\/100 brn|[from] brn\n|upkeep\n|turn|25\n|\n|t:|1700600442\n|move|p2a: Arceus|Swords Dance|p2a: Arceus\n|-boost|p2a: Arceus|atk|2\n|move|p1a: Ditto|Haze|p1a: Ditto\n|-clearallboost\n|\n|-damage|p2a: Arceus|76\/100 brn|[from] brn\n|upkeep\n|turn|26\n|\n|t:|1700600465\n|move|p2a: Arceus|Swords Dance|p2a: Arceus\n|-boost|p2a: Arceus|atk|2\n|move|p1a: Ditto|Haze|p1a: Ditto\n|-clearallboost\n|\n|-damage|p2a: Arceus|69\/100 brn|[from] brn\n|upkeep\n|turn|27\n|\n|t:|1700600473\n|move|p2a: Arceus|Swords Dance|p2a: Arceus\n|-boost|p2a: Arceus|atk|2\n|move|p1a: Ditto|Haze|p1a: Ditto\n|-clearallboost\n|\n|-damage|p2a: Arceus|63\/100 brn|[from] brn\n|upkeep\n|turn|28\n|\n|t:|1700600477\n|move|p2a: Arceus|Swords Dance|p2a: Arceus\n|-boost|p2a: Arceus|atk|2\n|move|p1a: Ditto|Haze|p1a: Ditto\n|-clearallboost\n|\n|-damage|p2a: Arceus|57\/100 brn|[from] brn\n|upkeep\n|turn|29\n|\n|t:|1700600481\n|move|p2a: Arceus|Recover|p2a: Arceus\n|-heal|p2a: Arceus|100\/100 brn\n|move|p1a: Ditto|Haze|p1a: Ditto\n|-clearallboost\n|\n|-damage|p2a: Arceus|94\/100 brn|[from] brn\n|upkeep\n|turn|30\n|\n|t:|1700600486\n|switch|p1a: Arceus|Arceus-Dark|74\/100 tox\n|-activate|p1a: Arceus|move: Sticky Web\n|-unboost|p1a: Arceus|spe|1\n|-damage|p1a: Arceus|62\/100 tox|[from] Spikes\n|move|p2a: Arceus|Swords Dance|p2a: Arceus\n|-boost|p2a: Arceus|atk|2\n|\n|-damage|p1a: Arceus|56\/100 tox|[from] psn\n|-damage|p2a: Arceus|88\/100 brn|[from] brn\n|upkeep\n|turn|31\n|\n|t:|1700600490\n|move|p2a: Arceus|Extreme Speed|p1a: Arceus\n|-damage|p1a: Arceus|32\/100 tox\n|move|p1a: Arceus|Judgment|p2a: Arceus\n|-damage|p2a: Arceus|56\/100 brn\n|\n|-damage|p1a: Arceus|20\/100 tox|[from] psn\n|-damage|p2a: Arceus|50\/100 brn|[from] brn\n|upkeep\n|turn|32\n|\n|t:|1700600497\n|move|p2a: Arceus|Extreme Speed|p1a: Arceus\n|-damage|p1a: Arceus|0 fnt\n|faint|p1a: Arceus\n|\n|-damage|p2a: Arceus|44\/100 brn|[from] brn\n|upkeep\n|\n|t:|1700600498\n|switch|p1a: Ditto|Ditto|100\/100 par\n|-activate|p1a: Ditto|move: Sticky Web\n|-unboost|p1a: Ditto|spe|1\n|-damage|p1a: Ditto|88\/100 par|[from] Spikes\n|-transform|p1a: Ditto|p2a: Arceus|[from] ability: Imposter\n|turn|33\n|\n|t:|1700600503\n|move|p2a: Arceus|Extreme Speed|p1a: Ditto\n|-damage|p1a: Ditto|48\/100 par\n|move|p1a: Ditto|Extreme Speed|p2a: Arceus\n|-damage|p2a: Arceus|0 fnt\n|faint|p2a: Arceus\n|\n|upkeep\n|\n|t:|1700600510\n|switch|p2a: Calyrex|Calyrex-Shadow|100\/100\n|-ability|p2a: Calyrex|As One\n|-ability|p2a: Calyrex|Unnerve\n|-activate|p2a: Calyrex|move: Sticky Web\n|-unboost|p2a: Calyrex|spe|1\n|turn|34\n|\n|t:|1700600521\n|cant|p1a: Ditto|par\n|move|p2a: Calyrex|Psyshock|p1a: Ditto\n|-crit|p1a: Ditto\n|-damage|p1a: Ditto|0 fnt\n|faint|p1a: Ditto\n|-ability|p2a: Calyrex|Grim Neigh|boost\n|-boost|p2a: Calyrex|spa|1\n|\n|upkeep\n|\n|t:|1700600524\n|switch|p1a: Koraidon|Koraidon, tera:Fire|36\/100 tox\n|-activate|p1a: Koraidon|move: Sticky Web\n|-unboost|p1a: Koraidon|spe|1\n|-damage|p1a: Koraidon|24\/100 tox|[from] Spikes\n|-weather|SunnyDay|[from] ability: Orichalcum Pulse|[of] p1a: Koraidon\n|-activate|p1a: Koraidon|Orichalcum Pulse|[source]\n|turn|35\n|\n|t:|1700600529\n|move|p2a: Calyrex|Psyshock|p1a: Koraidon\n|-damage|p1a: Koraidon|0 fnt\n|faint|p1a: Koraidon\n|\n|win|ymmwinaround\n|n|\u203dThe Np sweep|thenpsweep\n|n|\u2606ymmwinaround|ymmwinaround\n","uploadtime":1700600532,"views":0,"p1id":"thenpsweep","p2id":"ymmwinaround","formatid":"gen9anythinggoes","rating":0,"private":0,"password":""}