{"id":"gen9anythinggoes-1976292605","p1":"kloaked_123456","p2":"Kyostin","format":"[Gen 9] Anything Goes","log":"|j|\u2606kloaked_123456\n|j|\u2606Kyostin\n|t:|1698283102\n|gametype|singles\n|player|p1|kloaked_123456|1|\n|player|p2|Kyostin|101|\n|teamsize|p1|6\n|teamsize|p2|6\n|gen|9\n|tier|[Gen 9] Anything Goes\n|rule|HP Percentage Mod: HP is shown in percentages\n|rule|Endless Battle Clause: Forcing endless battles is banned\n|clearpoke\n|poke|p1|Baxcalibur, F|\n|poke|p1|Gholdengo|\n|poke|p1|Roaring Moon|\n|poke|p1|Annihilape, F|\n|poke|p1|Ceruledge, M|\n|poke|p1|Blissey, F|\n|poke|p2|Espathra, F|\n|poke|p2|Milotic, M|\n|poke|p2|Ogerpon-Hearthflame, F|\n|poke|p2|Maushold-Four|\n|poke|p2|Dudunsparce-*, F|\n|poke|p2|Kingambit, M|\n|teampreview\n|\n|t:|1698283107\n|start\n|switch|p1a: Blissey|Blissey, F|100\/100\n|switch|p2a: RnielD|Espathra, F|100\/100\n|turn|1\n|-activate|p2a: RnielD|item: Quick Claw\n|\n|t:|1698283131\n|move|p2a: RnielD|Reflect|p2a: RnielD\n|-sidestart|p2: Kyostin|Reflect\n|move|p1a: Blissey|Trick|p2a: RnielD\n|-activate|p1a: Blissey|move: Trick|[of] p2a: RnielD\n|-item|p2a: RnielD|Lagging Tail|[from] move: Trick\n|-item|p1a: Blissey|Quick Claw|[from] move: Trick\n|\n|-ability|p2a: RnielD|Speed Boost|boost\n|-boost|p2a: RnielD|spe|1\n|upkeep\n|turn|2\n|\n|t:|1698283145\n|move|p1a: Blissey|Fire Punch|p2a: RnielD\n|-damage|p2a: RnielD|98\/100\n|move|p2a: RnielD|Light Screen|p2a: RnielD\n|-sidestart|p2: Kyostin|move: Light Screen\n|\n|-ability|p2a: RnielD|Speed Boost|boost\n|-boost|p2a: RnielD|spe|1\n|upkeep\n|turn|3\n|\n|t:|1698283161\n|switch|p1a: Ceruledge|Ceruledge, M|100\/100\n|move|p2a: RnielD|Agility|p2a: RnielD\n|-boost|p2a: RnielD|spe|2\n|\n|-ability|p2a: RnielD|Speed Boost|boost\n|-boost|p2a: RnielD|spe|1\n|upkeep\n|turn|4\n|l|\u2606Kyostin\n|player|p2|\n|j|\u2606Kyostin\n|player|p2|Kyostin|101\n|\n|t:|1698283204\n|move|p1a: Ceruledge|Brick Break|p2a: RnielD\n|-sideend|p2: Kyostin|Reflect\n|-sideend|p2: Kyostin|move: Light Screen\n|-resisted|p2a: RnielD\n|-damage|p2a: RnielD|78\/100\n|-damage|p1a: Ceruledge|91\/100|[from] item: Life Orb\n|move|p2a: RnielD|Baton Pass|p2a: RnielD\n|\n|t:|1698283211\n|switch|p2a: Dumaria Sicacing|Dudunsparce-Three-Segment, F|100\/100|[from] Baton Pass\n|\n|upkeep\n|turn|5\n|\n|t:|1698283220\n|move|p2a: Dumaria Sicacing|Coil|p2a: Dumaria Sicacing\n|-boost|p2a: Dumaria Sicacing|atk|1\n|-boost|p2a: Dumaria Sicacing|def|1\n|-boost|p2a: Dumaria Sicacing|accuracy|1\n|move|p1a: Ceruledge|Brick Break|p2a: Dumaria Sicacing\n|-supereffective|p2a: Dumaria Sicacing\n|-damage|p2a: Dumaria Sicacing|70\/100\n|-damage|p1a: Ceruledge|81\/100|[from] item: Life Orb\n|\n|upkeep\n|turn|6\n|\n|t:|1698283228\n|move|p2a: Dumaria Sicacing|Coil|p2a: Dumaria Sicacing\n|-boost|p2a: Dumaria Sicacing|atk|1\n|-boost|p2a: Dumaria Sicacing|def|1\n|-boost|p2a: Dumaria Sicacing|accuracy|1\n|move|p1a: Ceruledge|Bitter Blade|p2a: Dumaria Sicacing\n|-damage|p2a: Dumaria Sicacing|47\/100\n|-heal|p1a: Ceruledge|99\/100|[from] drain|[of] p2a: Dumaria Sicacing\n|-enditem|p2a: Dumaria Sicacing|Sitrus Berry|[eat]\n|-heal|p2a: Dumaria Sicacing|71\/100|[from] item: Sitrus Berry\n|-damage|p1a: Ceruledge|89\/100|[from] item: Life Orb\n|\n|upkeep\n|turn|7\n|\n|t:|1698283240\n|move|p2a: Dumaria Sicacing|Coil|p2a: Dumaria Sicacing\n|-boost|p2a: Dumaria Sicacing|atk|1\n|-boost|p2a: Dumaria Sicacing|def|1\n|-boost|p2a: Dumaria Sicacing|accuracy|1\n|move|p1a: Ceruledge|Brick Break|p2a: Dumaria Sicacing\n|-supereffective|p2a: Dumaria Sicacing\n|-damage|p2a: Dumaria Sicacing|50\/100\n|-damage|p1a: Ceruledge|79\/100|[from] item: Life Orb\n|\n|upkeep\n|turn|8\n|\n|t:|1698283250\n|move|p2a: Dumaria Sicacing|Coil|p2a: Dumaria Sicacing\n|-boost|p2a: Dumaria Sicacing|atk|1\n|-boost|p2a: Dumaria Sicacing|def|1\n|-boost|p2a: Dumaria Sicacing|accuracy|1\n|move|p1a: Ceruledge|Brick Break|p2a: Dumaria Sicacing\n|-supereffective|p2a: Dumaria Sicacing\n|-damage|p2a: Dumaria Sicacing|34\/100\n|-damage|p1a: Ceruledge|69\/100|[from] item: Life Orb\n|\n|upkeep\n|turn|9\n|\n|t:|1698283258\n|move|p2a: Dumaria Sicacing|Roost|p2a: Dumaria Sicacing\n|-heal|p2a: Dumaria Sicacing|84\/100\n|-singleturn|p2a: Dumaria Sicacing|move: Roost\n|move|p1a: Ceruledge|Brick Break|p2a: Dumaria Sicacing\n|-supereffective|p2a: Dumaria Sicacing\n|-damage|p2a: Dumaria Sicacing|68\/100\n|-damage|p1a: Ceruledge|59\/100|[from] item: Life Orb\n|\n|upkeep\n|turn|10\n|\n|t:|1698283267\n|move|p2a: Dumaria Sicacing|Coil|p2a: Dumaria Sicacing\n|-boost|p2a: Dumaria Sicacing|atk|1\n|-boost|p2a: Dumaria Sicacing|def|1\n|-boost|p2a: Dumaria Sicacing|accuracy|1\n|move|p1a: Ceruledge|Bulk Up|p1a: Ceruledge\n|-boost|p1a: Ceruledge|atk|1\n|-boost|p1a: Ceruledge|def|1\n|\n|upkeep\n|turn|11\n|\n|t:|1698283276\n|move|p2a: Dumaria Sicacing|Coil|p2a: Dumaria Sicacing\n|-boost|p2a: Dumaria Sicacing|atk|1\n|-boost|p2a: Dumaria Sicacing|def|1\n|-boost|p2a: Dumaria Sicacing|accuracy|1\n|move|p1a: Ceruledge|Bulk Up|p1a: Ceruledge\n|-boost|p1a: Ceruledge|atk|1\n|-boost|p1a: Ceruledge|def|1\n|\n|upkeep\n|turn|12\n|\n|t:|1698283287\n|move|p2a: Dumaria Sicacing|Baton Pass|p2a: Dumaria Sicacing\n|l|\u2606Kyostin\n|player|p2|\n|j|\u2606Kyostin\n|player|p2|Kyostin|101\n|\n|t:|1698283359\n|switch|p2a: Jay & Val's Family|Maushold-Four|100\/100|[from] Baton Pass\n|move|p1a: Ceruledge|Bitter Blade|p2a: Jay & Val's Family\n|-damage|p2a: Jay & Val's Family|52\/100\n|-heal|p1a: Ceruledge|84\/100|[from] drain|[of] p2a: Jay & Val's Family\n|-damage|p1a: Ceruledge|74\/100|[from] item: Life Orb\n|\n|upkeep\n|turn|13\n|\n|t:|1698283372\n|move|p2a: Jay & Val's Family|Play Rough|p1a: Ceruledge\n|-resisted|p1a: Ceruledge\n|-damage|p1a: Ceruledge|42\/100\n|move|p1a: Ceruledge|Bitter Blade|p2a: Jay & Val's Family\n|-damage|p2a: Jay & Val's Family|5\/100\n|-heal|p1a: Ceruledge|65\/100|[from] drain|[of] p2a: Jay & Val's Family\n|-damage|p1a: Ceruledge|55\/100|[from] item: Life Orb\n|\n|upkeep\n|turn|14\n|\n|t:|1698283387\n|move|p2a: Jay & Val's Family|Baton Pass|p2a: Jay & Val's Family\n|\n|t:|1698283400\n|switch|p2a: Iman|Milotic, M, shiny|100\/100|[from] Baton Pass\n|move|p1a: Ceruledge|Bitter Blade|p2a: Iman\n|-resisted|p2a: Iman\n|-damage|p2a: Iman|86\/100\n|-heal|p1a: Ceruledge|65\/100|[from] drain|[of] p2a: Iman\n|-damage|p1a: Ceruledge|55\/100|[from] item: Life Orb\n|\n|-heal|p2a: Iman|92\/100|[from] item: Leftovers\n|upkeep\n|turn|15\n|\n|t:|1698283414\n|switch|p1a: Blissey|Blissey, F|100\/100\n|move|p2a: Iman|Dragon Tail|p1a: Blissey\n|-damage|p1a: Blissey|24\/100\n|drag|p1a: Roaring Moon|Roaring Moon|100\/100\n|\n|-heal|p2a: Iman|98\/100|[from] item: Leftovers\n|upkeep\n|turn|16\n|\n|t:|1698283427\n|move|p1a: Roaring Moon|Dragon Dance|p1a: Roaring Moon\n|-boost|p1a: Roaring Moon|atk|1\n|-boost|p1a: Roaring Moon|spe|1\n|move|p2a: Iman|Dragon Tail|p1a: Roaring Moon\n|-supereffective|p1a: Roaring Moon\n|-damage|p1a: Roaring Moon|18\/100\n|-end|p1a: Roaring Moon|Protosynthesis|[silent]\n|drag|p1a: Ceruledge|Ceruledge, M|55\/100\n|\n|-heal|p2a: Iman|100\/100|[from] item: Leftovers\n|upkeep\n|turn|17\n|\n|t:|1698283440\n|move|p2a: Iman|Waterfall|p1a: Ceruledge\n|-supereffective|p1a: Ceruledge\n|-damage|p1a: Ceruledge|0 fnt\n|faint|p1a: Ceruledge\n|\n|upkeep\n|\n|t:|1698283445\n|switch|p1a: Baxcalibur|Baxcalibur, F, shiny|100\/100\n|turn|18\n|\n|t:|1698283452\n|move|p2a: Iman|Attract|p1a: Baxcalibur\n|-start|p1a: Baxcalibur|Attract\n|-activate|p1a: Baxcalibur|move: Attract|[of] p2a: Iman\n|cant|p1a: Baxcalibur|Attract\n|\n|upkeep\n|turn|19\n|\n|t:|1698283462\n|move|p2a: Iman|Dragon Dance|p2a: Iman\n|-boost|p2a: Iman|atk|0\n|-boost|p2a: Iman|spe|1\n|-activate|p1a: Baxcalibur|move: Attract|[of] p2a: Iman\n|move|p1a: Baxcalibur|Swords Dance|p1a: Baxcalibur\n|-boost|p1a: Baxcalibur|atk|2\n|\n|upkeep\n|turn|20\n|\n|t:|1698283471\n|-activate|p1a: Baxcalibur|move: Attract|[of] p2a: Iman\n|move|p1a: Baxcalibur|Swords Dance|p1a: Baxcalibur\n|-boost|p1a: Baxcalibur|atk|2\n|move|p2a: Iman|Dragon Tail|p1a: Baxcalibur\n|-supereffective|p1a: Baxcalibur\n|-damage|p1a: Baxcalibur|24\/100\n|drag|p1a: Roaring Moon|Roaring Moon|18\/100\n|\n|upkeep\n|turn|21\n|\n|t:|1698283482\n|move|p1a: Roaring Moon|Dragon Claw|p2a: Iman\n|-damage|p2a: Iman|87\/100\n|move|p2a: Iman|Dragon Tail|p1a: Roaring Moon\n|-supereffective|p1a: Roaring Moon\n|-damage|p1a: Roaring Moon|0 fnt\n|faint|p1a: Roaring Moon\n|-end|p1a: Roaring Moon|Protosynthesis|[silent]\n|\n|-heal|p2a: Iman|93\/100|[from] item: Leftovers\n|upkeep\n|\n|t:|1698283491\n|switch|p1a: Gholdengo|Gholdengo|100\/100\n|turn|22\n|\n|t:|1698283499\n|move|p1a: Gholdengo|Make It Rain|p2a: Iman\n|-resisted|p2a: Iman\n|-damage|p2a: Iman|71\/100\n|-unboost|p1a: Gholdengo|spa|1\n|move|p2a: Iman|Dragon Tail|p1a: Gholdengo\n|-resisted|p1a: Gholdengo\n|-damage|p1a: Gholdengo|84\/100\n|drag|p1a: Annihilape|Annihilape, F|100\/100\n|\n|-heal|p2a: Iman|77\/100|[from] item: Leftovers\n|upkeep\n|turn|23\n|\n|t:|1698283515\n|move|p2a: Iman|Attract|p1a: Annihilape\n|-start|p1a: Annihilape|Attract\n|-activate|p1a: Annihilape|move: Attract|[of] p2a: Iman\n|cant|p1a: Annihilape|Attract\n|\n|-heal|p2a: Iman|83\/100|[from] item: Leftovers\n|upkeep\n|turn|24\n|\n|t:|1698283540\n|-activate|p1a: Annihilape|move: Attract|[of] p2a: Iman\n|cant|p1a: Annihilape|Attract\n|move|p2a: Iman|Dragon Tail|p1a: Annihilape\n|-damage|p1a: Annihilape|65\/100\n|drag|p1a: Blissey|Blissey, F|24\/100\n|\n|-heal|p2a: Iman|90\/100|[from] item: Leftovers\n|upkeep\n|turn|25\n|\n|t:|1698283552\n|move|p1a: Blissey|Soft-Boiled|p1a: Blissey\n|-heal|p1a: Blissey|74\/100\n|move|p2a: Iman|Dragon Tail|p1a: Blissey\n|-damage|p1a: Blissey|0 fnt\n|faint|p1a: Blissey\n|\n|-heal|p2a: Iman|96\/100|[from] item: Leftovers\n|upkeep\n|\n|t:|1698283560\n|switch|p1a: Baxcalibur|Baxcalibur, F, shiny|24\/100\n|turn|26\n|\n|t:|1698283566\n|move|p1a: Baxcalibur|Glaive Rush|p2a: Iman\n|-damage|p2a: Iman|73\/100\n|-singlemove|p1a: Baxcalibur|Glaive Rush|[silent]\n|-damage|p1a: Baxcalibur|14\/100|[from] item: Life Orb\n|move|p2a: Iman|Dragon Tail|p1a: Baxcalibur\n|-supereffective|p1a: Baxcalibur\n|-damage|p1a: Baxcalibur|0 fnt\n|faint|p1a: Baxcalibur\n|\n|-heal|p2a: Iman|79\/100|[from] item: Leftovers\n|upkeep\n|\n|t:|1698283577\n|switch|p1a: Annihilape|Annihilape, F|65\/100\n|turn|27\n|\n|t:|1698283584\n|move|p2a: Iman|Attract|p1a: Annihilape\n|-start|p1a: Annihilape|Attract\n|-activate|p1a: Annihilape|move: Attract|[of] p2a: Iman\n|cant|p1a: Annihilape|Attract\n|\n|-heal|p2a: Iman|85\/100|[from] item: Leftovers\n|-heal|p1a: Annihilape|71\/100|[from] item: Leftovers\n|upkeep\n|turn|28\n|\n|t:|1698283595\n|move|p2a: Iman|Waterfall|p1a: Annihilape\n|-damage|p1a: Annihilape|6\/100\n|-activate|p1a: Annihilape|move: Attract|[of] p2a: Iman\n|move|p1a: Annihilape|Encore|p2a: Iman\n|-start|p2a: Iman|Encore\n|\n|-heal|p2a: Iman|91\/100|[from] item: Leftovers\n|-heal|p1a: Annihilape|12\/100|[from] item: Leftovers\n|upkeep\n|turn|29\n|\n|t:|1698283607\n|move|p2a: Iman|Waterfall|p1a: Annihilape\n|-damage|p1a: Annihilape|0 fnt\n|faint|p1a: Annihilape\n|\n|-heal|p2a: Iman|97\/100|[from] item: Leftovers\n|upkeep\n|\n|t:|1698283612\n|switch|p1a: Gholdengo|Gholdengo|84\/100\n|turn|30\n|\n|t:|1698283617\n|move|p1a: Gholdengo|Protect|p1a: Gholdengo\n|-singleturn|p1a: Gholdengo|Protect\n|move|p2a: Iman|Waterfall|p1a: Gholdengo\n|-activate|p1a: Gholdengo|move: Protect\n|\n|-heal|p2a: Iman|100\/100|[from] item: Leftovers\n|-heal|p1a: Gholdengo|90\/100|[from] item: Leftovers\n|upkeep\n|turn|31\n|\n|t:|1698283646\n|move|p2a: Iman|Waterfall|p1a: Gholdengo\n|-damage|p1a: Gholdengo|20\/100\n|cant|p1a: Gholdengo|flinch\n|\n|-heal|p1a: Gholdengo|26\/100|[from] item: Leftovers\n|-end|p2a: Iman|Encore\n|upkeep\n|turn|32\n|\n|t:|1698283659\n|move|p2a: Iman|Waterfall|p1a: Gholdengo\n|-damage|p1a: Gholdengo|0 fnt\n|faint|p1a: Gholdengo\n|\n|win|Kyostin\n|l|\u2606kloaked_123456\n","uploadtime":1698283668,"views":17,"p1id":"kloaked123456","p2id":"kyostin","formatid":"gen9anythinggoes","rating":0,"private":0,"password":""}