{"id":"gen9anythinggoes-1983911716","p1":"laprasplayer","p2":"Handium","format":"[Gen 9] Anything Goes","log":"|j|\u2606laprasplayer\n|j|\u2606Handium\n|inactive|Battle timer is ON: inactive players will automatically lose when time's up.\n|t:|1699199116\n|gametype|singles\n|player|p1|laprasplayer|hanbei-conquest|\n|player|p2|Handium|artist|\n|teamsize|p1|6\n|teamsize|p2|6\n|gen|9\n|tier|[Gen 9] Anything Goes\n|rated|Tournament battle\n|rule|HP Percentage Mod: HP is shown in percentages\n|rule|Endless Battle Clause: Forcing endless battles is banned\n|clearpoke\n|poke|p1|Mandibuzz, F|\n|poke|p1|Gliscor, M|\n|poke|p1|Blissey, F|\n|poke|p1|Alomomola, M|\n|poke|p1|Clodsire, M|\n|poke|p1|Dondozo, F|\n|poke|p2|Amoonguss, M|\n|poke|p2|Flutter Mane|\n|poke|p2|Annihilape, M|\n|poke|p2|Enamorus, F|\n|poke|p2|Gholdengo|\n|poke|p2|Iron Bundle|\n|teampreview\n|inactive|Handium also wants the timer to be on.\n|c|\u2606laprasplayer|that annihilape looking like a threat\n|\n|t:|1699199135\n|start\n|switch|p1a: Malevolent Shrine|Gliscor, M, shiny|100\/100\n|switch|p2a: Oh hello here|Enamorus, F|100\/100\n|turn|1\n|\n|t:|1699199152\n|move|p2a: Oh hello here|Moonblast|p1a: Malevolent Shrine\n|-damage|p1a: Malevolent Shrine|38\/100\n|move|p1a: Malevolent Shrine|Toxic|p2a: Oh hello here\n|-status|p2a: Oh hello here|tox\n|\n|-damage|p2a: Oh hello here|94\/100 tox|[from] psn\n|-status|p1a: Malevolent Shrine|tox|[from] item: Toxic Orb\n|upkeep\n|turn|2\n|\n|t:|1699199158\n|move|p1a: Malevolent Shrine|Protect|p1a: Malevolent Shrine\n|-singleturn|p1a: Malevolent Shrine|Protect\n|move|p2a: Oh hello here|Moonblast|p1a: Malevolent Shrine\n|-activate|p1a: Malevolent Shrine|move: Protect\n|\n|-damage|p2a: Oh hello here|82\/100 tox|[from] psn\n|-heal|p1a: Malevolent Shrine|50\/100 tox|[from] ability: Poison Heal\n|upkeep\n|turn|3\n|\n|t:|1699199162\n|switch|p1a: Only Chance|Clodsire, M|100\/100\n|move|p2a: Oh hello here|Moonblast|p1a: Only Chance\n|-resisted|p1a: Only Chance\n|-damage|p1a: Only Chance|87\/100\n|\n|-damage|p2a: Oh hello here|63\/100 tox|[from] psn\n|upkeep\n|turn|4\n|\n|t:|1699199169\n|switch|p1a: Malevolent Shrine|Gliscor, M, shiny|50\/100 tox\n|move|p2a: Oh hello here|Earth Power|p1a: Malevolent Shrine\n|-immune|p1a: Malevolent Shrine\n|\n|-damage|p2a: Oh hello here|38\/100 tox|[from] psn\n|-heal|p1a: Malevolent Shrine|62\/100 tox|[from] ability: Poison Heal\n|upkeep\n|turn|5\n|\n|t:|1699199175\n|switch|p2a: Not steel|Iron Bundle|100\/100\n|move|p1a: Malevolent Shrine|Protect||[still]\n|-fail|p1a: Malevolent Shrine\n|\n|-heal|p1a: Malevolent Shrine|75\/100 tox|[from] ability: Poison Heal\n|upkeep\n|turn|6\n|\n|t:|1699199186\n|switch|p1a: Soothing Wetlands|Blissey, F|100\/100\n|move|p2a: Not steel|Taunt|p1a: Soothing Wetlands\n|-start|p1a: Soothing Wetlands|move: Taunt\n|\n|upkeep\n|turn|7\n|\n|t:|1699199199\n|move|p2a: Not steel|Ice Beam|p1a: Soothing Wetlands\n|-damage|p1a: Soothing Wetlands|86\/100\n|move|p1a: Soothing Wetlands|Seismic Toss|p2a: Not steel\n|-damage|p2a: Not steel|61\/100\n|\n|upkeep\n|turn|8\n|inactive|laprasplayer has 120 seconds left.\n|\n|t:|1699199240\n|-end|p2a: Not steel|Quark Drive|[silent]\n|switch|p2a: Speed|Flutter Mane|100\/100\n|move|p1a: Soothing Wetlands|Seismic Toss|p2a: Speed\n|-immune|p2a: Speed\n|\n|-end|p1a: Soothing Wetlands|move: Taunt\n|upkeep\n|turn|9\n|\n|t:|1699199249\n|move|p2a: Speed|Psyshock|p1a: Soothing Wetlands\n|-damage|p1a: Soothing Wetlands|40\/100\n|move|p1a: Soothing Wetlands|Shadow Ball|p2a: Speed\n|-supereffective|p2a: Speed\n|-damage|p2a: Speed|71\/100\n|\n|upkeep\n|turn|10\n|\n|t:|1699199254\n|switch|p1a: Den of The Lost|Mandibuzz, F|100\/100\n|move|p2a: Speed|Psyshock|p1a: Den of The Lost\n|-immune|p1a: Den of The Lost\n|\n|upkeep\n|turn|11\n|\n|t:|1699199261\n|-end|p2a: Speed|Protosynthesis|[silent]\n|switch|p2a: Oh hello here|Enamorus, F|38\/100 tox\n|move|p1a: Den of The Lost|Knock Off|p2a: Oh hello here\n|-resisted|p2a: Oh hello here\n|-damage|p2a: Oh hello here|21\/100 tox\n|-enditem|p2a: Oh hello here|Heavy-Duty Boots|[from] move: Knock Off|[of] p1a: Den of The Lost\n|\n|-damage|p2a: Oh hello here|15\/100 tox|[from] psn\n|upkeep\n|turn|12\n|\n|t:|1699199278\n|move|p2a: Oh hello here|Moonblast|p1a: Den of The Lost\n|-supereffective|p1a: Den of The Lost\n|-damage|p1a: Den of The Lost|43\/100\n|move|p1a: Den of The Lost|Roost|p1a: Den of The Lost\n|-heal|p1a: Den of The Lost|93\/100\n|-singleturn|p1a: Den of The Lost|move: Roost\n|\n|-damage|p2a: Oh hello here|2\/100 tox|[from] psn\n|upkeep\n|turn|13\n|\n|t:|1699199289\n|move|p2a: Oh hello here|Moonblast|p1a: Den of The Lost\n|-supereffective|p1a: Den of The Lost\n|-damage|p1a: Den of The Lost|36\/100\n|-unboost|p1a: Den of The Lost|spa|1\n|move|p1a: Den of The Lost|Roost|p1a: Den of The Lost\n|-heal|p1a: Den of The Lost|86\/100\n|-singleturn|p1a: Den of The Lost|move: Roost\n|\n|-damage|p2a: Oh hello here|0 fnt|[from] psn\n|faint|p2a: Oh hello here\n|upkeep\n|\n|t:|1699199297\n|switch|p2a: Speed|Flutter Mane|71\/100\n|turn|14\n|\n|t:|1699199306\n|switch|p1a: Only Chance|Clodsire, M|87\/100\n|move|p2a: Speed|Moonblast|p1a: Only Chance\n|-resisted|p1a: Only Chance\n|-damage|p1a: Only Chance|67\/100\n|\n|upkeep\n|turn|15\n|\n|t:|1699199321\n|-end|p2a: Speed|Protosynthesis|[silent]\n|switch|p2a: Not steel|Iron Bundle|61\/100\n|move|p1a: Only Chance|Recover|p1a: Only Chance\n|-heal|p1a: Only Chance|100\/100\n|\n|upkeep\n|turn|16\n|\n|t:|1699199334\n|switch|p1a: Den of The Lost|Mandibuzz, F|86\/100\n|move|p2a: Not steel|Taunt|p1a: Den of The Lost\n|-start|p1a: Den of The Lost|move: Taunt\n|\n|upkeep\n|turn|17\n|\n|t:|1699199340\n|move|p2a: Not steel|Ice Beam|p1a: Den of The Lost\n|-supereffective|p1a: Den of The Lost\n|-damage|p1a: Den of The Lost|35\/100\n|move|p1a: Den of The Lost|Knock Off|p2a: Not steel\n|-damage|p2a: Not steel|33\/100\n|-enditem|p2a: Not steel|Heavy-Duty Boots|[from] move: Knock Off|[of] p1a: Den of The Lost\n|\n|upkeep\n|turn|18\n|\n|t:|1699199345\n|move|p2a: Not steel|Ice Beam|p1a: Den of The Lost\n|-supereffective|p1a: Den of The Lost\n|-damage|p1a: Den of The Lost|0 fnt\n|faint|p1a: Den of The Lost\n|\n|upkeep\n|\n|t:|1699199347\n|switch|p1a: Soothing Wetlands|Blissey, F|40\/100\n|turn|19\n|\n|t:|1699199362\n|move|p2a: Not steel|Taunt|p1a: Soothing Wetlands\n|-start|p1a: Soothing Wetlands|move: Taunt\n|move|p1a: Soothing Wetlands|Shadow Ball|p2a: Not steel\n|-damage|p2a: Not steel|6\/100\n|\n|upkeep\n|turn|20\n|\n|t:|1699199372\n|-end|p2a: Not steel|Quark Drive|[silent]\n|switch|p2a: Speed|Flutter Mane|71\/100\n|move|p1a: Soothing Wetlands|Shadow Ball|p2a: Speed\n|-supereffective|p2a: Speed\n|-damage|p2a: Speed|42\/100\n|\n|upkeep\n|turn|21\n|\n|t:|1699199380\n|switch|p1a: Wishing Stars|Alomomola, M|100\/100\n|move|p2a: Speed|Psyshock|p1a: Wishing Stars\n|-damage|p1a: Wishing Stars|79\/100\n|\n|upkeep\n|turn|22\n|j| WhyisMewtwosoweak\n|\n|t:|1699199403\n|-end|p2a: Speed|Protosynthesis|[silent]\n|switch|p2a: Not steel|Iron Bundle|6\/100\n|move|p1a: Wishing Stars|Wish|p1a: Wishing Stars\n|\n|upkeep\n|turn|23\n|\n|t:|1699199417\n|switch|p1a: Soothing Wetlands|Blissey, F|40\/100\n|move|p2a: Not steel|Freeze-Dry|p1a: Soothing Wetlands\n|-damage|p1a: Soothing Wetlands|30\/100\n|\n|-heal|p1a: Soothing Wetlands|70\/100|[from] move: Wish|[wisher] Wishing Stars\n|upkeep\n|turn|24\n|\n|t:|1699199432\n|-end|p2a: Not steel|Quark Drive|[silent]\n|switch|p2a: Sus|Amoonguss, M, shiny|100\/100\n|move|p1a: Soothing Wetlands|Shadow Ball|p2a: Sus\n|-damage|p2a: Sus|89\/100\n|\n|upkeep\n|turn|25\n|\n|t:|1699199441\n|switch|p1a: Malevolent Shrine|Gliscor, M, shiny|75\/100 tox\n|move|p2a: Sus|Spore||[still]\n|-fail|p2a: Sus\n|\n|-heal|p1a: Malevolent Shrine|87\/100 tox|[from] ability: Poison Heal\n|upkeep\n|turn|26\n|\n|t:|1699199457\n|switch|p2a: Not steel|Iron Bundle|6\/100\n|move|p1a: Malevolent Shrine|Spikes|p2a: Not steel\n|-sidestart|p2: Handium|Spikes\n|\n|-heal|p1a: Malevolent Shrine|99\/100 tox|[from] ability: Poison Heal\n|upkeep\n|turn|27\n|\n|t:|1699199467\n|switch|p1a: Soothing Wetlands|Blissey, F|70\/100\n|move|p2a: Not steel|Taunt|p1a: Soothing Wetlands\n|-start|p1a: Soothing Wetlands|move: Taunt\n|\n|upkeep\n|turn|28\n|\n|t:|1699199473\n|-end|p2a: Not steel|Quark Drive|[silent]\n|switch|p2a: Sus|Amoonguss, M, shiny|100\/100\n|-damage|p2a: Sus|88\/100|[from] Spikes\n|move|p1a: Soothing Wetlands|Shadow Ball|p2a: Sus\n|-damage|p2a: Sus|76\/100\n|\n|upkeep\n|turn|29\n|\n|t:|1699199485\n|switch|p1a: Malevolent Shrine|Gliscor, M, shiny|99\/100 tox\n|move|p2a: Sus|Spore||[still]\n|-fail|p2a: Sus\n|\n|-heal|p1a: Malevolent Shrine|100\/100 tox|[from] ability: Poison Heal\n|upkeep\n|turn|30\n|\n|t:|1699199491\n|switch|p2a: Not steel|Iron Bundle|6\/100\n|-damage|p2a: Not steel|0 fnt|[from] Spikes\n|faint|p2a: Not steel\n|-end|p2a: Not steel|Quark Drive|[silent]\n|move|p1a: Malevolent Shrine|Spikes|p2: Not steel\n|-sidestart|p2: Handium|Spikes\n|\n|upkeep\n|\n|t:|1699199501\n|switch|p2a: Speed|Flutter Mane|42\/100\n|-damage|p2a: Speed|26\/100|[from] Spikes\n|turn|31\n|j| eavo x\n|\n|t:|1699199508\n|move|p1a: Malevolent Shrine|Protect|p1a: Malevolent Shrine\n|-singleturn|p1a: Malevolent Shrine|Protect\n|move|p2a: Speed|Mystical Fire|p1a: Malevolent Shrine\n|-activate|p1a: Malevolent Shrine|move: Protect\n|\n|upkeep\n|turn|32\n|\n|t:|1699199513\n|move|p2a: Speed|Mystical Fire|p1a: Malevolent Shrine\n|-damage|p1a: Malevolent Shrine|53\/100 tox\n|-unboost|p1a: Malevolent Shrine|spa|1\n|move|p1a: Malevolent Shrine|Spikes|p2a: Speed\n|-sidestart|p2: Handium|Spikes\n|\n|-heal|p1a: Malevolent Shrine|65\/100 tox|[from] ability: Poison Heal\n|upkeep\n|turn|33\n|\n|t:|1699199520\n|move|p1a: Malevolent Shrine|Protect|p1a: Malevolent Shrine\n|-singleturn|p1a: Malevolent Shrine|Protect\n|move|p2a: Speed|Mystical Fire|p1a: Malevolent Shrine\n|-activate|p1a: Malevolent Shrine|move: Protect\n|\n|-heal|p1a: Malevolent Shrine|78\/100 tox|[from] ability: Poison Heal\n|upkeep\n|turn|34\n|\n|t:|1699199523\n|switch|p1a: Soothing Wetlands|Blissey, F|70\/100\n|move|p2a: Speed|Mystical Fire|p1a: Soothing Wetlands\n|-damage|p1a: Soothing Wetlands|58\/100\n|-unboost|p1a: Soothing Wetlands|spa|1\n|\n|upkeep\n|turn|35\n|\n|t:|1699199530\n|-end|p2a: Speed|Protosynthesis|[silent]\n|switch|p2a: Sus|Amoonguss, M, shiny|100\/100\n|-damage|p2a: Sus|75\/100|[from] Spikes\n|move|p1a: Soothing Wetlands|Soft-Boiled|p1a: Soothing Wetlands\n|-heal|p1a: Soothing Wetlands|100\/100\n|\n|upkeep\n|turn|36\n|\n|t:|1699199543\n|switch|p1a: Malevolent Shrine|Gliscor, M, shiny|78\/100 tox\n|switch|p2a: TOO ANGRY TO LIVE|Annihilape, M|100\/100\n|-damage|p2a: TOO ANGRY TO LIVE|76\/100|[from] Spikes\n|\n|-heal|p2a: TOO ANGRY TO LIVE|82\/100|[from] item: Leftovers\n|-heal|p1a: Malevolent Shrine|90\/100 tox|[from] ability: Poison Heal\n|upkeep\n|turn|37\n|\n|t:|1699199552\n|move|p1a: Malevolent Shrine|Toxic|p2a: TOO ANGRY TO LIVE\n|-status|p2a: TOO ANGRY TO LIVE|tox\n|move|p2a: TOO ANGRY TO LIVE|Taunt|p1a: Malevolent Shrine\n|-start|p1a: Malevolent Shrine|move: Taunt\n|\n|-heal|p2a: TOO ANGRY TO LIVE|88\/100 tox|[from] item: Leftovers\n|-heal|p1a: Malevolent Shrine|100\/100 tox|[from] ability: Poison Heal\n|-damage|p2a: TOO ANGRY TO LIVE|82\/100 tox|[from] psn\n|upkeep\n|turn|38\n|\n|t:|1699199560\n|switch|p2a: Sus|Amoonguss, M, shiny|100\/100\n|-damage|p2a: Sus|75\/100|[from] Spikes\n|move|p1a: Malevolent Shrine|Knock Off|p2a: Sus\n|-damage|p2a: Sus|60\/100\n|-damage|p1a: Malevolent Shrine|84\/100 tox|[from] item: Rocky Helmet|[of] p2a: Sus\n|-enditem|p2a: Sus|Rocky Helmet|[from] move: Knock Off|[of] p1a: Malevolent Shrine\n|\n|-heal|p1a: Malevolent Shrine|96\/100 tox|[from] ability: Poison Heal\n|upkeep\n|turn|39\n|\n|t:|1699199568\n|move|p1a: Malevolent Shrine|Knock Off|p2a: Sus\n|-damage|p2a: Sus|49\/100\n|move|p2a: Sus|Synthesis|p2a: Sus\n|-heal|p2a: Sus|99\/100\n|\n|-heal|p1a: Malevolent Shrine|100\/100 tox|[from] ability: Poison Heal\n|upkeep\n|turn|40\n|c| eavo x|how did bro lose manfi\n|c|\u2606laprasplayer|Had to sack it\n|inactive|Handium has 120 seconds left.\n|\n|t:|1699199606\n|move|p1a: Malevolent Shrine|Knock Off|p2a: Sus\n|-damage|p2a: Sus|87\/100\n|move|p2a: Sus|Synthesis|p2a: Sus\n|-heal|p2a: Sus|100\/100\n|\n|-end|p1a: Malevolent Shrine|move: Taunt\n|upkeep\n|turn|41\n|inactive|Handium has 120 seconds left.\n|\n|t:|1699199621\n|move|p1a: Malevolent Shrine|Knock Off|p2a: Sus\n|-damage|p2a: Sus|90\/100\n|move|p2a: Sus|Synthesis|p2a: Sus\n|-heal|p2a: Sus|100\/100\n|\n|upkeep\n|turn|42\n|inactive|Handium has 120 seconds left.\n|\n|t:|1699199632\n|switch|p2a: Speed|Flutter Mane|26\/100\n|-damage|p2a: Speed|1\/100|[from] Spikes\n|move|p1a: Malevolent Shrine|Knock Off|p2a: Speed\n|-damage|p2a: Speed|0 fnt\n|-enditem|p2a: Speed|Choice Specs|[from] move: Knock Off|[of] p1a: Malevolent Shrine\n|faint|p2a: Speed\n|-end|p2a: Speed|Protosynthesis|[silent]\n|\n|upkeep\n|\n|t:|1699199637\n|switch|p2a: TOO ANGRY TO LIVE|Annihilape, M|82\/100 tox\n|-damage|p2a: TOO ANGRY TO LIVE|57\/100 tox|[from] Spikes\n|turn|43\n|inactive|Handium has 120 seconds left.\n|\n|t:|1699199649\n|-terastallize|p2a: TOO ANGRY TO LIVE|Water\n|move|p1a: Malevolent Shrine|Knock Off|p2a: TOO ANGRY TO LIVE\n|-damage|p2a: TOO ANGRY TO LIVE|38\/100 tox\n|-enditem|p2a: TOO ANGRY TO LIVE|Leftovers|[from] move: Knock Off|[of] p1a: Malevolent Shrine\n|move|p2a: TOO ANGRY TO LIVE|Drain Punch|p1a: Malevolent Shrine\n|-resisted|p1a: Malevolent Shrine\n|-damage|p1a: Malevolent Shrine|92\/100 tox\n|-heal|p2a: TOO ANGRY TO LIVE|41\/100 tox|[from] drain|[of] p1a: Malevolent Shrine\n|\n|-heal|p1a: Malevolent Shrine|100\/100 tox|[from] ability: Poison Heal\n|-damage|p2a: TOO ANGRY TO LIVE|35\/100 tox|[from] psn\n|upkeep\n|turn|44\n|\n|t:|1699199659\n|switch|p1a: Wishing Stars|Alomomola, M|100\/100\n|move|p2a: TOO ANGRY TO LIVE|Rage Fist|p1a: Wishing Stars\n|-damage|p1a: Wishing Stars|78\/100\n|\n|-damage|p2a: TOO ANGRY TO LIVE|23\/100 tox|[from] psn\n|upkeep\n|turn|45\n|\n|t:|1699199665\n|move|p2a: TOO ANGRY TO LIVE|Rage Fist|p1a: Wishing Stars\n|-damage|p1a: Wishing Stars|59\/100\n|move|p1a: Wishing Stars|Wish|p1a: Wishing Stars\n|\n|-damage|p2a: TOO ANGRY TO LIVE|4\/100 tox|[from] psn\n|upkeep\n|turn|46\n|j| Kanha Greninja\n|\n|t:|1699199672\n|move|p1a: Wishing Stars|Protect|p1a: Wishing Stars\n|-singleturn|p1a: Wishing Stars|Protect\n|move|p2a: TOO ANGRY TO LIVE|Bulk Up|p2a: TOO ANGRY TO LIVE\n|-boost|p2a: TOO ANGRY TO LIVE|atk|1\n|-boost|p2a: TOO ANGRY TO LIVE|def|1\n|\n|-heal|p1a: Wishing Stars|100\/100|[from] move: Wish|[wisher] Wishing Stars\n|-damage|p2a: TOO ANGRY TO LIVE|0 fnt|[from] psn\n|faint|p2a: TOO ANGRY TO LIVE\n|upkeep\n|\n|t:|1699199678\n|switch|p2a: Srouge mcduck|Gholdengo|100\/100\n|-damage|p2a: Srouge mcduck|76\/100|[from] Spikes\n|turn|47\n|\n|t:|1699199687\n|switch|p1a: Only Chance|Clodsire, M|100\/100\n|move|p2a: Srouge mcduck|Shadow Ball|p1a: Only Chance\n|-damage|p1a: Only Chance|78\/100\n|\n|upkeep\n|turn|48\n|\n|t:|1699199698\n|move|p2a: Srouge mcduck|Shadow Ball|p1a: Only Chance\n|-damage|p1a: Only Chance|56\/100\n|move|p1a: Only Chance|Stealth Rock|p2a: Srouge mcduck\n|-sidestart|p2: Handium|move: Stealth Rock\n|\n|upkeep\n|turn|49\n|\n|t:|1699199704\n|move|p2a: Srouge mcduck|Nasty Plot|p2a: Srouge mcduck\n|-boost|p2a: Srouge mcduck|spa|2\n|move|p1a: Only Chance|Recover|p1a: Only Chance\n|-heal|p1a: Only Chance|100\/100\n|\n|upkeep\n|turn|50\n|\n|t:|1699199709\n|move|p2a: Srouge mcduck|Nasty Plot|p2a: Srouge mcduck\n|-boost|p2a: Srouge mcduck|spa|2\n|move|p1a: Only Chance|Earthquake|p2a: Srouge mcduck\n|-supereffective|p2a: Srouge mcduck\n|-damage|p2a: Srouge mcduck|12\/100\n|\n|upkeep\n|turn|51\n|\n|t:|1699199716\n|move|p2a: Srouge mcduck|Shadow Ball|p1a: Only Chance\n|-damage|p1a: Only Chance|78\/100\n|-unboost|p1a: Only Chance|spd|1\n|move|p1a: Only Chance|Earthquake|p2a: Srouge mcduck\n|-supereffective|p2a: Srouge mcduck\n|-damage|p2a: Srouge mcduck|0 fnt\n|faint|p2a: Srouge mcduck\n|\n|upkeep\n|\n|t:|1699199719\n|switch|p2a: Sus|Amoonguss, M, shiny|100\/100\n|-damage|p2a: Sus|75\/100|[from] Spikes\n|-damage|p2a: Sus|63\/100|[from] Stealth Rock\n|turn|52\n|\n|t:|1699199723\n|switch|p1a: Malevolent Shrine|Gliscor, M, shiny|100\/100 tox\n|move|p2a: Sus|Spore||[still]\n|-fail|p2a: Sus\n|\n|upkeep\n|turn|53\n|-message|Handium forfeited.\n|\n|win|laprasplayer\n|n|\u2606laprasplayer|laprasplayer\n|n|\u2606Handium|handium\n|n| WhyisMewtwosoweak|whyismewtwosoweak\n|n| eavo x|eavox\n|n| Kanha Greninja|kanhagreninja\n|c|\u2606Handium|Gg\n|c|\u2606Handium|I really need to update this team lol\n|l|\u2606Handium\n","uploadtime":1699199758,"views":30,"p1id":"laprasplayer","p2id":"handium","formatid":"gen9anythinggoes","rating":0,"private":0,"password":""}