{"id":"gen9anythinggoes-1995106075","p1":"jlp4041","p2":"hoe lee fuk","format":"[Gen 9] Anything Goes","log":"|j|\u2606jlp4041\n|j|\u2606hoe lee fuk\n|t:|1700523208\n|gametype|singles\n|player|p1|jlp4041|170|1359\n|player|p2|hoe lee fuk|li|1334\n|teamsize|p1|6\n|teamsize|p2|6\n|gen|9\n|tier|[Gen 9] Anything Goes\n|rated|\n|rule|HP Percentage Mod: HP is shown in percentages\n|rule|Endless Battle Clause: Forcing endless battles is banned\n|clearpoke\n|poke|p1|Calyrex-Shadow|\n|poke|p1|Zacian-*|\n|poke|p1|Miraidon|\n|poke|p1|Glimmora, F|\n|poke|p1|Annihilape, F|\n|poke|p1|Drifblim, F|\n|poke|p2|Calyrex-Shadow|\n|poke|p2|Volcanion|\n|poke|p2|Miraidon|\n|poke|p2|Darkrai|\n|poke|p2|Spidops, F|\n|poke|p2|Glimmora, F|\n|teampreview\n|c|\u2606jlp4041|sheesh what are you leading with\n|inactive|Battle timer is ON: inactive players will automatically lose when time's up. (requested by hoe lee fuk)\n|j| Spix on YT\n|\n|t:|1700523239\n|start\n|switch|p1a: Drifblim|Drifblim, F|100\/100\n|switch|p2a: Spidops|Spidops, F|100\/100\n|turn|1\n|\n|t:|1700523247\n|move|p1a: Drifblim|Minimize|p1a: Drifblim\n|-boost|p1a: Drifblim|evasion|2\n|move|p2a: Spidops|Sticky Web|p1a: Drifblim\n|-sidestart|p1: jlp4041|move: Sticky Web\n|\n|upkeep\n|turn|2\n|\n|t:|1700523254\n|move|p1a: Drifblim|Minimize|p1a: Drifblim\n|-boost|p1a: Drifblim|evasion|2\n|move|p2a: Spidops|Toxic Spikes|p1a: Drifblim\n|-sidestart|p1: jlp4041|move: Toxic Spikes\n|\n|upkeep\n|turn|3\n|\n|t:|1700523262\n|switch|p2a: Glimmora|Glimmora, F|100\/100\n|move|p1a: Drifblim|Minimize|p1a: Drifblim\n|-boost|p1a: Drifblim|evasion|2\n|\n|upkeep\n|turn|4\n|\n|t:|1700523271\n|move|p2a: Glimmora|Power Gem|p1a: Drifblim|[miss]\n|-miss|p2a: Glimmora|p1a: Drifblim\n|move|p1a: Drifblim|Stockpile|p1a: Drifblim\n|-start|p1a: Drifblim|stockpile1\n|-boost|p1a: Drifblim|def|1\n|-boost|p1a: Drifblim|spd|1\n|\n|upkeep\n|turn|5\n|\n|t:|1700523280\n|move|p2a: Glimmora|Power Gem|p1a: Drifblim|[miss]\n|-miss|p2a: Glimmora|p1a: Drifblim\n|move|p1a: Drifblim|Stockpile|p1a: Drifblim\n|-start|p1a: Drifblim|stockpile2\n|-boost|p1a: Drifblim|def|1\n|-boost|p1a: Drifblim|spd|1\n|\n|upkeep\n|turn|6\n|c| Spix on YT|stockpile \ud83d\ude2d\ud83d\ude2d\ud83d\ude2d\n|\n|t:|1700523290\n|switch|p2a: Darkrai|Darkrai, shiny|100\/100\n|move|p1a: Drifblim|Stockpile|p1a: Drifblim\n|-start|p1a: Drifblim|stockpile3\n|-boost|p1a: Drifblim|def|1\n|-boost|p1a: Drifblim|spd|1\n|\n|upkeep\n|turn|7\n|c|\u2606jlp4041|lol\n|j| brianbass\n|c| brianbass|xd\n|\n|t:|1700523298\n|move|p2a: Darkrai|Hypnosis|p1a: Drifblim|[miss]\n|-miss|p2a: Darkrai|p1a: Drifblim\n|move|p1a: Drifblim|Baton Pass|p1a: Drifblim\n|\n|t:|1700523311\n|switch|p1a: Cali|Calyrex-Shadow|100\/100|[from] Baton Pass\n|-ability|p1a: Cali|As One\n|-ability|p1a: Cali|Unnerve\n|-activate|p1a: Cali|move: Sticky Web\n|-unboost|p1a: Cali|spe|1\n|-status|p1a: Cali|psn\n|\n|-damage|p1a: Cali|88\/100 psn|[from] psn\n|upkeep\n|turn|8\n|c| brianbass|yo went to it today their gonna start my \"surgery\" sunday\n|c| brianbass|les go\n|\n|t:|1700523324\n|move|p2a: Darkrai|Dark Pulse|p1a: Cali\n|-supereffective|p1a: Cali\n|-damage|p1a: Cali|18\/100 psn\n|move|p1a: Cali|Astral Barrage|p2a: Darkrai\n|-resisted|p2a: Darkrai\n|-damage|p2a: Darkrai|31\/100\n|\n|-damage|p1a: Cali|5\/100 psn|[from] psn\n|upkeep\n|turn|9\n|c| brianbass|wtf\n|c| brianbass|na\n|c| Spix on YT|avaerage californian\n|c| brianbass|not a calyrex\n|c| brianbass|bro\n|c| brianbass|:(\n|\n|t:|1700523335\n|move|p2a: Darkrai|Dark Pulse|p1a: Cali\n|-supereffective|p1a: Cali\n|-damage|p1a: Cali|0 fnt\n|faint|p1a: Cali\n|\n|upkeep\n|c| brianbass|i hate calyrex\n|c| brianbass|thank god\n|c|\u2606jlp4041|lol\n|\n|t:|1700523347\n|switch|p1a: Glimmora|Glimmora, F|100\/100\n|-activate|p1a: Glimmora|move: Sticky Web\n|-unboost|p1a: Glimmora|spe|1\n|-sideend|p1: jlp4041|move: Toxic Spikes|[of] p1a: Glimmora\n|turn|10\n|\n|t:|1700523351\n|move|p2a: Darkrai|Hypnosis|p1a: Glimmora\n|-status|p1a: Glimmora|slp|[from] move: Hypnosis\n|cant|p1a: Glimmora|slp\n|\n|-damage|p1a: Glimmora|88\/100 slp|[from] ability: Bad Dreams|[of] p2a: Darkrai\n|upkeep\n|turn|11\n|c| brianbass|calyrex makes me cry lmfao\n|c| Spix on YT|*laughs in comeuppance*\n|\n|t:|1700523359\n|move|p2a: Darkrai|Dream Eater|p1a: Glimmora\n|-supereffective|p1a: Glimmora\n|-damage|p1a: Glimmora|15\/100 slp\n|-heal|p2a: Darkrai|80\/100|[from] drain|[of] p1a: Glimmora\n|-enditem|p1a: Glimmora|Red Card|[of] p2a: Darkrai\n|drag|p2a: Calyrex|Calyrex-Shadow|100\/100\n|-ability|p2a: Calyrex|As One\n|-ability|p2a: Calyrex|Unnerve\n|cant|p1a: Glimmora|slp\n|\n|upkeep\n|turn|12\n|c| brianbass|who wanna 1v1\n|c| brianbass|after\n|c| brianbass|lol\n|\n|t:|1700523376\n|move|p2a: Calyrex|Energy Ball|p1a: Glimmora\n|-damage|p1a: Glimmora|0 fnt\n|faint|p1a: Glimmora\n|-ability|p2a: Calyrex|Grim Neigh|boost\n|-boost|p2a: Calyrex|spa|1\n|\n|upkeep\n|c| Spix on YT|me\n|c| Spix on YT|me\n|\n|t:|1700523387\n|switch|p1a: King|Zacian-Crowned|100\/100\n|-activate|p1a: King|move: Sticky Web\n|-unboost|p1a: King|spe|1\n|-ability|p1a: King|Intrepid Sword|boost\n|-boost|p1a: King|atk|1\n|turn|13\n|\n|t:|1700523395\n|move|p2a: Calyrex|Astral Barrage|p1a: King\n|-damage|p1a: King|0 fnt\n|faint|p1a: King\n|-ability|p2a: Calyrex|Grim Neigh|boost\n|-boost|p2a: Calyrex|spa|1\n|\n|upkeep\n|c| brianbass|calyrex\n|c| brianbass|so\n|c| brianbass|fucking annoying gahhhhhh\n|c|\u2606jlp4041|can we do a 4 way\n|\n|t:|1700523410\n|switch|p1a: Deez|Miraidon|100\/100\n|-activate|p1a: Deez|move: Sticky Web\n|-unboost|p1a: Deez|spe|1\n|-fieldstart|move: Electric Terrain|[from] ability: Hadron Engine|[of] p1a: Deez\n|turn|14\n|c| brianbass|AYO\n|c| Spix on YT|i have a WaWa set made by the great Pinkacross himself\n|c| brianbass|Wtf\n|c| brianbass|NA\n|c| brianbass|not a 4 way\n|\n|t:|1700523417\n|-terastallize|p1a: Deez|Ground\n|move|p2a: Calyrex|Astral Barrage|p1a: Deez\n|-damage|p1a: Deez|0 fnt\n|faint|p1a: Deez\n|-ability|p2a: Calyrex|Grim Neigh|boost\n|-boost|p2a: Calyrex|spa|1\n|\n|upkeep\n|c| brianbass|hell no\n|c| brianbass|im not gay sorry bro\n|c|\u2606jlp4041|please\n|c| brianbass|;(\n|c| Spix on YT|bro he means ffa\n|\n|t:|1700523427\n|switch|p1a: Annihilape|Annihilape, F|100\/100\n|-activate|p1a: Annihilape|move: Sticky Web\n|-unboost|p1a: Annihilape|spe|1\n|-ability|p1a: Annihilape|Defiant|boost\n|-boost|p1a: Annihilape|atk|2\n|turn|15\n|c| brianbass|oh\n|c| brianbass|sure\n|c|\u2606jlp4041|thats a 4 way\n|c| Spix on YT|(i hope)\n|\n|t:|1700523438\n|move|p2a: Calyrex|Astral Barrage|p1a: Annihilape\n|-supereffective|p1a: Annihilape\n|-damage|p1a: Annihilape|0 fnt\n|faint|p1a: Annihilape\n|-ability|p2a: Calyrex|Grim Neigh|boost\n|-boost|p2a: Calyrex|spa|1\n|\n|upkeep\n|c| brianbass|u confused me sorry\n|c| brianbass|not a calyrex sweep\n|c| brianbass|i hate calyrex\n|c|\u2606jlp4041|lol\n|\n|t:|1700523451\n|switch|p1a: Drifblim|Drifblim, F|100\/100\n|turn|16\n|c| brianbass|GRRR\n|c| brianbass|give him mercy\n|\n|t:|1700523455\n|move|p2a: Calyrex|Astral Barrage|p1a: Drifblim\n|-supereffective|p1a: Drifblim\n|-enditem|p1a: Drifblim|Focus Sash\n|-damage|p1a: Drifblim|1\/100\n|move|p1a: Drifblim|Minimize|p1a: Drifblim\n|-boost|p1a: Drifblim|evasion|2\n|\n|upkeep\n|turn|17\n|c| brianbass|fr\n|c| Spix on YT|\ud83d\ude14\n|c| Spix on YT|gg!\n|c| brianbass|xd\n|\n|t:|1700523465\n|move|p2a: Calyrex|Dark Pulse|p1a: Drifblim|[miss]\n|-miss|p2a: Calyrex|p1a: Drifblim\n|move|p1a: Drifblim|Minimize|p1a: Drifblim\n|-boost|p1a: Drifblim|evasion|2\n|\n|upkeep\n|turn|18\n|c|\u2606jlp4041|gg\n|c| brianbass|how we do ffa?\n|\n|t:|1700523473\n|move|p2a: Calyrex|Dark Pulse|p1a: Drifblim|[miss]\n|-miss|p2a: Calyrex|p1a: Drifblim\n|move|p1a: Drifblim|Minimize|p1a: Drifblim\n|-boost|p1a: Drifblim|evasion|2\n|\n|-fieldend|move: Electric Terrain\n|upkeep\n|turn|19\n|c| Spix on YT|its a mode\n|c| brianbass|how do we free for all idk how\n|c| brianbass|ok\n|\n|t:|1700523480\n|move|p2a: Calyrex|Dark Pulse|p1a: Drifblim|[miss]\n|-miss|p2a: Calyrex|p1a: Drifblim\n|move|p1a: Drifblim|Stockpile|p1a: Drifblim\n|-start|p1a: Drifblim|stockpile1\n|-boost|p1a: Drifblim|def|1\n|-boost|p1a: Drifblim|spd|1\n|\n|upkeep\n|turn|20\n|c|\u2606jlp4041|ill check when i lose\n|c| brianbass|who hosting\n|c| Spix on YT|ill send the challenge to yall\n|c| brianbass|Oh shit\n|\n|t:|1700523491\n|move|p2a: Calyrex|Dark Pulse|p1a: Drifblim\n|-supereffective|p1a: Drifblim\n|-damage|p1a: Drifblim|0 fnt\n|faint|p1a: Drifblim\n|\n|win|hoe lee fuk\n|raw|jlp4041's rating: 1359 &rarr; <strong>1338<\/strong><br \/>(-21 for losing)\n|raw|hoe lee fuk's rating: 1334 &rarr; <strong>1355<\/strong><br \/>(+21 for winning)\n","uploadtime":1700523406,"views":1,"p1id":"jlp4041","p2id":"hoeleefuk","formatid":"gen9anythinggoes","rating":1338,"private":0,"password":""}