{"id":"gen9anythinggoes-1984962937","p1":"SuperMoorioo","p2":"Susmaster77","format":"[Gen 9] Anything Goes","log":"|j|\u2606SuperMoorioo\n|j|\u2606Susmaster77\n|t:|1699315309\n|gametype|singles\n|player|p1|SuperMoorioo|brock|1090\n|player|p2|Susmaster77|101|1382\n|teamsize|p1|6\n|teamsize|p2|6\n|gen|9\n|tier|[Gen 9] Anything Goes\n|rated|\n|rule|HP Percentage Mod: HP is shown in percentages\n|rule|Endless Battle Clause: Forcing endless battles is banned\n|clearpoke\n|poke|p1|Polteageist|\n|poke|p1|Espathra, F|\n|poke|p1|Chansey, F|\n|poke|p1|Azumarill, F|\n|poke|p1|Gogoat, M|\n|poke|p1|Glimmora, F|\n|poke|p2|Zacian-*|\n|poke|p2|Zacian-*|\n|poke|p2|Zacian-*|\n|poke|p2|Zacian-*|\n|poke|p2|Zacian-*|\n|poke|p2|Zacian-*|\n|teampreview\n|inactive|Battle timer is ON: inactive players will automatically lose when time's up. (requested by Susmaster77)\n|c|\u2606SuperMoorioo|LOL IMAGINE LEGENDARY SPAMMING\n|\n|t:|1699315323\n|start\n|switch|p1a: Cup|Polteageist|100\/100\n|switch|p2a: perry|Zacian-Crowned, shiny|100\/100\n|-ability|p2a: perry|Intrepid Sword|boost\n|-boost|p2a: perry|atk|1\n|turn|1\n|c|\u2606Susmaster77|I am allowed to play this, therefor I will play this\n|\n|t:|1699315329\n|move|p2a: perry|Crunch|p1a: Cup\n|-supereffective|p1a: Cup\n|-enditem|p1a: Cup|Focus Sash\n|-damage|p1a: Cup|1\/100\n|-unboost|p1a: Cup|def|1\n|move|p1a: Cup|Shell Smash|p1a: Cup\n|-unboost|p1a: Cup|def|1\n|-unboost|p1a: Cup|spd|1\n|-boost|p1a: Cup|atk|2\n|-boost|p1a: Cup|spa|2\n|-boost|p1a: Cup|spe|2\n|\n|upkeep\n|turn|2\n|\n|t:|1699315342\n|-terastallize|p1a: Cup|Fighting\n|move|p1a: Cup|Tera Blast|p2a: perry|[anim] Tera Blast Fighting\n|-damage|p2a: perry|16\/100\n|move|p2a: perry|Crunch|p1a: Cup\n|-resisted|p1a: Cup\n|-damage|p1a: Cup|0 fnt\n|faint|p1a: Cup\n|\n|upkeep\n|\n|t:|1699315349\n|switch|p1a: GreenEgg|Chansey, F, shiny|100\/100\n|turn|3\n|\n|t:|1699315354\n|move|p2a: perry|Behemoth Blade|p1a: GreenEgg\n|-damage|p1a: GreenEgg|0 fnt\n|faint|p1a: GreenEgg\n|\n|upkeep\n|\n|t:|1699315360\n|switch|p1a: GoldenEgg|Azumarill, F, shiny|100\/100\n|turn|4\n|\n|t:|1699315365\n|move|p2a: perry|Behemoth Blade|p1a: GoldenEgg\n|-damage|p1a: GoldenEgg|14\/100\n|move|p1a: GoldenEgg|Liquidation|p2a: perry\n|-damage|p2a: perry|0 fnt\n|faint|p2a: perry\n|\n|-heal|p1a: GoldenEgg|20\/100|[from] item: Leftovers\n|upkeep\n|\n|t:|1699315370\n|switch|p2a: jarry|Zacian-Crowned, shiny|100\/100\n|-ability|p2a: jarry|Intrepid Sword|boost\n|-boost|p2a: jarry|atk|1\n|turn|5\n|\n|t:|1699315381\n|move|p2a: jarry|Behemoth Blade|p1a: GoldenEgg\n|-damage|p1a: GoldenEgg|0 fnt\n|faint|p1a: GoldenEgg\n|\n|upkeep\n|\n|t:|1699315385\n|switch|p1a: my pet ostrich|Espathra, F|100\/100\n|turn|6\n|\n|t:|1699315395\n|move|p1a: my pet ostrich|Protect|p1a: my pet ostrich\n|-singleturn|p1a: my pet ostrich|Protect\n|move|p2a: jarry|Crunch|p1a: my pet ostrich\n|-activate|p1a: my pet ostrich|move: Protect\n|\n|-ability|p1a: my pet ostrich|Speed Boost|boost\n|-boost|p1a: my pet ostrich|spe|1\n|upkeep\n|turn|7\n|\n|t:|1699315405\n|move|p1a: my pet ostrich|Substitute|p1a: my pet ostrich\n|-start|p1a: my pet ostrich|Substitute\n|-damage|p1a: my pet ostrich|76\/100\n|move|p2a: jarry|Crunch|p1a: my pet ostrich\n|-supereffective|p1a: my pet ostrich\n|-end|p1a: my pet ostrich|Substitute\n|\n|-ability|p1a: my pet ostrich|Speed Boost|boost\n|-boost|p1a: my pet ostrich|spe|1\n|upkeep\n|turn|8\n|\n|t:|1699315426\n|move|p1a: my pet ostrich|Protect|p1a: my pet ostrich\n|-singleturn|p1a: my pet ostrich|Protect\n|move|p2a: jarry|Crunch|p1a: my pet ostrich\n|-activate|p1a: my pet ostrich|move: Protect\n|\n|-ability|p1a: my pet ostrich|Speed Boost|boost\n|-boost|p1a: my pet ostrich|spe|1\n|upkeep\n|turn|9\n|\n|t:|1699315435\n|move|p1a: my pet ostrich|Substitute|p1a: my pet ostrich\n|-start|p1a: my pet ostrich|Substitute\n|-damage|p1a: my pet ostrich|51\/100\n|move|p2a: jarry|Swords Dance|p2a: jarry\n|-boost|p2a: jarry|atk|2\n|\n|-ability|p1a: my pet ostrich|Speed Boost|boost\n|-boost|p1a: my pet ostrich|spe|1\n|upkeep\n|turn|10\n|\n|t:|1699315442\n|move|p1a: my pet ostrich|Lumina Crash|p2a: jarry\n|-resisted|p2a: jarry\n|-damage|p2a: jarry|85\/100\n|-unboost|p2a: jarry|spd|2\n|move|p2a: jarry|Swords Dance|p2a: jarry\n|-boost|p2a: jarry|atk|2\n|\n|-ability|p1a: my pet ostrich|Speed Boost|boost\n|-boost|p1a: my pet ostrich|spe|1\n|upkeep\n|turn|11\n|\n|t:|1699315451\n|move|p1a: my pet ostrich|Lumina Crash|p2a: jarry\n|-resisted|p2a: jarry\n|-damage|p2a: jarry|55\/100\n|-unboost|p2a: jarry|spd|2\n|move|p2a: jarry|Crunch|p1a: my pet ostrich\n|-supereffective|p1a: my pet ostrich\n|-end|p1a: my pet ostrich|Substitute\n|\n|-ability|p1a: my pet ostrich|Speed Boost|boost\n|-boost|p1a: my pet ostrich|spe|1\n|upkeep\n|turn|12\n|\n|t:|1699315462\n|move|p1a: my pet ostrich|Protect|p1a: my pet ostrich\n|-singleturn|p1a: my pet ostrich|Protect\n|move|p2a: jarry|Crunch|p1a: my pet ostrich\n|-activate|p1a: my pet ostrich|move: Protect\n|\n|upkeep\n|turn|13\n|\n|t:|1699315467\n|move|p1a: my pet ostrich|Lumina Crash|p2a: jarry\n|-resisted|p2a: jarry\n|-damage|p2a: jarry|9\/100\n|-unboost|p2a: jarry|spd|2\n|move|p2a: jarry|Crunch|p1a: my pet ostrich\n|-supereffective|p1a: my pet ostrich\n|-enditem|p1a: my pet ostrich|Colbur Berry|[eat]\n|-enditem|p1a: my pet ostrich|Colbur Berry|[weaken]\n|-damage|p1a: my pet ostrich|0 fnt\n|faint|p1a: my pet ostrich\n|\n|upkeep\n|\n|t:|1699315479\n|switch|p1a: TheGoat|Gogoat, M|100\/100\n|turn|14\n|\n|t:|1699315485\n|move|p2a: jarry|Play Rough|p1a: TheGoat\n|-damage|p1a: TheGoat|0 fnt\n|faint|p1a: TheGoat\n|\n|upkeep\n|\n|t:|1699315489\n|switch|p1a: Backbone|Glimmora, F|100\/100\n|turn|15\n|c|\u2606Susmaster77|famous last words\n|\n|t:|1699315493\n|move|p1a: Backbone|Protect|p1a: Backbone\n|-singleturn|p1a: Backbone|Protect\n|move|p2a: jarry|Behemoth Blade|p1a: Backbone\n|-activate|p1a: Backbone|move: Protect\n|\n|upkeep\n|turn|16\n|\n|t:|1699315499\n|move|p2a: jarry|Behemoth Blade|p1a: Backbone\n|-supereffective|p1a: Backbone\n|-damage|p1a: Backbone|0 fnt\n|-activate|p1a: Backbone|ability: Toxic Debris\n|-sidestart|p2: Susmaster77|move: Toxic Spikes\n|faint|p1a: Backbone\n|\n|win|Susmaster77\n|raw|SuperMoorioo's rating: 1090 &rarr; <strong>1083<\/strong><br \/>(-7 for losing)\n|raw|Susmaster77's rating: 1382 &rarr; <strong>1388<\/strong><br \/>(+6 for winning)\n|l|\u2606SuperMoorioo\n","uploadtime":1699315546,"views":5,"p1id":"supermoorioo","p2id":"susmaster77","formatid":"gen9anythinggoes","rating":1083,"private":0,"password":""}