{"id":"gen9anythinggoes-1982956800","p1":"Ptok","p2":"Raptors4TheChip","format":"[Gen 9] Anything Goes","log":"|j|\u2606Ptok\n|j|\u2606Raptors4TheChip\n|t:|1699063022\n|gametype|singles\n|player|p1|Ptok|ethan|\n|player|p2|Raptors4TheChip|265|\n|teamsize|p1|6\n|teamsize|p2|6\n|gen|9\n|tier|[Gen 9] Anything Goes\n|rule|HP Percentage Mod: HP is shown in percentages\n|rule|Endless Battle Clause: Forcing endless battles is banned\n|clearpoke\n|poke|p1|Weezing-Galar, F|\n|poke|p1|Heatran, F|\n|poke|p1|Azelf|\n|poke|p1|Landorus-Therian, M|\n|poke|p1|Volcanion|\n|poke|p1|Scizor, F|\n|poke|p2|Baxcalibur, M|\n|poke|p2|Ogerpon-Hearthflame, F|\n|poke|p2|Torkoal, F|\n|poke|p2|Brute Bonnet|\n|poke|p2|Scream Tail|\n|poke|p2|Sneasler, M|\n|teampreview\n|j| Tredz\n|j| Siiroth\n|\n|t:|1699063131\n|start\n|switch|p1a: Sakuragi|Scizor, F|100\/100\n|switch|p2a: Iroh|Torkoal, F|100\/100\n|-weather|SunnyDay|[from] ability: Drought|[of] p2a: Iroh\n|turn|1\n|\n|t:|1699063161\n|move|p1a: Sakuragi|U-turn|p2a: Iroh\n|-resisted|p2a: Iroh\n|-damage|p2a: Iroh|84\/100\n|\n|t:|1699063181\n|switch|p1a: Akagi|Heatran, F|100\/100|[from] U-turn\n|move|p2a: Iroh|Stealth Rock|p1a: Akagi\n|-sidestart|p1: Ptok|move: Stealth Rock\n|\n|-weather|SunnyDay|[upkeep]\n|upkeep\n|turn|2\n|\n|t:|1699063225\n|switch|p2a: Ty Lee|Scream Tail|100\/100\n|-activate|p2a: Ty Lee|ability: Protosynthesis\n|-start|p2a: Ty Lee|protosynthesisspd\n|move|p1a: Akagi|Flamethrower|p2a: Ty Lee\n|-damage|p2a: Ty Lee|77\/100\n|\n|-weather|SunnyDay|[upkeep]\n|upkeep\n|turn|3\n|\n|t:|1699063265\n|move|p2a: Ty Lee|Light Screen|p2a: Ty Lee\n|-sidestart|p2: Raptors4TheChip|move: Light Screen\n|move|p1a: Akagi|Flash Cannon|p2a: Ty Lee\n|-supereffective|p2a: Ty Lee\n|-damage|p2a: Ty Lee|63\/100\n|\n|-weather|SunnyDay|[upkeep]\n|upkeep\n|turn|4\n|\n|t:|1699063281\n|switch|p1a: Anzai|Weezing-Galar, F|100\/100\n|-ability|p1a: Anzai|Neutralizing Gas\n|-damage|p1a: Anzai|88\/100|[from] Stealth Rock\n|move|p2a: Ty Lee|Wish|p2a: Ty Lee\n|\n|-weather|SunnyDay|[upkeep]\n|-heal|p1a: Anzai|94\/100|[from] item: Black Sludge\n|upkeep\n|turn|5\n|\n|t:|1699063357\n|-end|p2a: Ty Lee|Protosynthesis|[silent]\n|switch|p2a: Shaw|Baxcalibur, M|100\/100\n|move|p1a: Anzai|Defog|p2a: Shaw\n|-unboost|p2a: Shaw|evasion|1\n|-sideend|p2: Raptors4TheChip|move: Light Screen\n|-sideend|p1: Ptok|Stealth Rock|[from] move: Defog|[of] p1a: Anzai\n|\n|-weather|SunnyDay|[upkeep]\n|-heal|p1a: Anzai|99\/100|[from] item: Black Sludge\n|upkeep\n|turn|6\n|\n|t:|1699063411\n|switch|p2a: Iroh|Torkoal, F|84\/100\n|move|p1a: Anzai|Strange Steam|p2a: Iroh\n|-resisted|p2a: Iroh\n|-damage|p2a: Iroh|65\/100\n|\n|-weather|SunnyDay|[upkeep]\n|-heal|p1a: Anzai|100\/100|[from] item: Black Sludge\n|upkeep\n|turn|7\n|\n|t:|1699063426\n|move|p1a: Anzai|Toxic Spikes|p2a: Iroh\n|-sidestart|p2: Raptors4TheChip|move: Toxic Spikes\n|move|p2a: Iroh|Flamethrower|p1a: Anzai\n|-damage|p1a: Anzai|46\/100\n|\n|-weather|SunnyDay|[upkeep]\n|-heal|p1a: Anzai|52\/100|[from] item: Black Sludge\n|upkeep\n|turn|8\n|\n|t:|1699063463\n|switch|p2a: Sokka|Sneasler, M|100\/100\n|-sideend|p2: Raptors4TheChip|move: Toxic Spikes|[of] p2a: Sokka\n|move|p1a: Anzai|Protect||[still]\n|-fail|p1a: Anzai\n|\n|-weather|none\n|-heal|p1a: Anzai|58\/100|[from] item: Black Sludge\n|upkeep\n|turn|9\n|\n|t:|1699063483\n|move|p1a: Anzai|Protect|p1a: Anzai\n|-singleturn|p1a: Anzai|Protect\n|move|p2a: Sokka|Swords Dance|p2a: Sokka\n|-boost|p2a: Sokka|atk|2\n|\n|-heal|p1a: Anzai|64\/100|[from] item: Black Sludge\n|upkeep\n|turn|10\n|c|\u2606Raptors4TheChip|nice what i was worried about aint there\n|\n|t:|1699063542\n|move|p2a: Sokka|Dire Claw|p1a: Anzai\n|-damage|p1a: Anzai|6\/100\n|move|p1a: Anzai|Strange Steam|p2a: Sokka\n|-damage|p2a: Sokka|62\/100\n|-enditem|p2a: Sokka|Red Card|[of] p1a: Anzai\n|-end|p1a: Anzai|ability: Neutralizing Gas\n|drag|p1a: Rukawa|Landorus-Therian, M|100\/100\n|-ability|p1a: Rukawa|Intimidate|boost\n|-unboost|p2a: Sokka|atk|1\n|\n|upkeep\n|turn|11\n|\n|t:|1699063615\n|move|p1a: Rukawa|Earthquake|p2a: Sokka\n|-supereffective|p2a: Sokka\n|-damage|p2a: Sokka|0 fnt\n|faint|p2a: Sokka\n|\n|upkeep\n|c|\u2606Raptors4TheChip|huh\n|c|\u2606Ptok|yeah\n|c|\u2606Raptors4TheChip|thats crazy it lied\n|c|\u2606Ptok|we take those\n|c|\u2606Ptok|right ability?\n|c|\u2606Raptors4TheChip|showdown straight up said 729\n|c|\u2606Raptors4TheChip|ye\n|\n|t:|1699063672\n|switch|p2a: Iroh|Torkoal, F|65\/100\n|-weather|SunnyDay|[from] ability: Drought|[of] p2a: Iroh\n|turn|12\n|c|\u2606Ptok|did you use a move with - priority\n|c|\u2606Raptors4TheChip|nope\n|c|\u2606Raptors4TheChip|i thought gas mightve which is why i checked\n|c|\u2606Raptors4TheChip|but it said 729 in green\n|c|\u2606Ptok|maybe it stays until your mon switched out idk\n|c|\u2606Raptors4TheChip|whatever\n|\n|t:|1699063746\n|switch|p2a: Zuko|Brute Bonnet, shiny|100\/100\n|-activate|p2a: Zuko|ability: Protosynthesis\n|-start|p2a: Zuko|protosynthesisatk\n|move|p1a: Rukawa|Earthquake|p2a: Zuko\n|-resisted|p2a: Zuko\n|-damage|p2a: Zuko|77\/100\n|\n|-weather|SunnyDay|[upkeep]\n|-heal|p2a: Zuko|83\/100|[from] item: Leftovers\n|upkeep\n|turn|13\n|\n|t:|1699063791\n|switch|p1a: Akagi|Heatran, F|100\/100\n|move|p2a: Zuko|Seed Bomb|p1a: Akagi\n|-resisted|p1a: Akagi\n|-damage|p1a: Akagi|88\/100\n|\n|-weather|SunnyDay|[upkeep]\n|-heal|p1a: Akagi|94\/100|[from] item: Leftovers\n|-heal|p2a: Zuko|89\/100|[from] item: Leftovers\n|upkeep\n|turn|14\n|\n|t:|1699063802\n|-terastallize|p2a: Zuko|Fire\n|move|p1a: Akagi|Flamethrower|p2a: Zuko\n|-resisted|p2a: Zuko\n|-damage|p2a: Zuko|66\/100\n|move|p2a: Zuko|Close Combat|p1a: Akagi\n|-supereffective|p1a: Akagi\n|-damage|p1a: Akagi|0 fnt\n|-unboost|p2a: Zuko|def|1\n|-unboost|p2a: Zuko|spd|1\n|faint|p1a: Akagi\n|\n|-weather|SunnyDay|[upkeep]\n|-heal|p2a: Zuko|72\/100|[from] item: Leftovers\n|upkeep\n|\n|t:|1699063832\n|switch|p1a: Rukawa|Landorus-Therian, M|100\/100\n|-ability|p1a: Rukawa|Intimidate|boost\n|-unboost|p2a: Zuko|atk|1\n|turn|15\n|j| xiaoqing three\n|\n|t:|1699063896\n|move|p2a: Zuko|Sucker Punch|p1a: Rukawa\n|-damage|p1a: Rukawa|62\/100\n|move|p1a: Rukawa|U-turn|p2a: Zuko\n|-resisted|p2a: Zuko\n|-damage|p2a: Zuko|56\/100\n|l| xiaoqing three\n|c|\u2606Raptors4TheChip|yo xiaoking three\n|c|\u2606Raptors4TheChip|damn\n|c|\u2606Ptok|you scared them\n|c| Siiroth|lmao\n|l| Tredz\n|c|\u2606Raptors4TheChip|was i too forward\n|\n|t:|1699063948\n|switch|p1a: Anzai|Weezing-Galar, F|6\/100|[from] U-turn\n|-ability|p1a: Anzai|Neutralizing Gas\n|\n|-weather|SunnyDay|[upkeep]\n|-heal|p1a: Anzai|12\/100|[from] item: Black Sludge\n|-heal|p2a: Zuko|62\/100|[from] item: Leftovers\n|upkeep\n|turn|16\n|c| Siiroth|scared tredz too\n|c|\u2606Raptors4TheChip|tredz went to console him\n|\n|t:|1699063982\n|move|p1a: Anzai|Protect|p1a: Anzai\n|-singleturn|p1a: Anzai|Protect\n|move|p2a: Zuko|Tera Blast|p1a: Anzai|[anim] Tera Blast Fire\n|-activate|p1a: Anzai|move: Protect\n|\n|-weather|SunnyDay|[upkeep]\n|-heal|p1a: Anzai|18\/100|[from] item: Black Sludge\n|-heal|p2a: Zuko|68\/100|[from] item: Leftovers\n|upkeep\n|turn|17\n|j| Amoongdrip\n|c| Amoongdrip|:timer:\n|l| Amoongdrip\n|\n|t:|1699064041\n|move|p1a: Anzai|Toxic Spikes|p2a: Zuko\n|-sidestart|p2: Raptors4TheChip|move: Toxic Spikes\n|move|p2a: Zuko|Tera Blast|p1a: Anzai|[anim] Tera Blast Fire\n|-damage|p1a: Anzai|0 fnt\n|faint|p1a: Anzai\n|-end|p1a: Anzai|ability: Neutralizing Gas\n|\n|-weather|SunnyDay|[upkeep]\n|-heal|p2a: Zuko|74\/100|[from] item: Leftovers\n|upkeep\n|j| Unovajournies\n|c|\u2606Raptors4TheChip|i scare off levi too?\n|\n|t:|1699064101\n|switch|p1a: Rukawa|Landorus-Therian, M|62\/100\n|-ability|p1a: Rukawa|Intimidate|boost\n|-unboost|p2a: Zuko|atk|1\n|turn|18\n|l| Unovajournies\n|\n|t:|1699064140\n|move|p2a: Zuko|Sucker Punch|p1a: Rukawa\n|-crit|p1a: Rukawa\n|-damage|p1a: Rukawa|0 fnt\n|faint|p1a: Rukawa\n|\n|-weather|SunnyDay|[upkeep]\n|-heal|p2a: Zuko|80\/100|[from] item: Leftovers\n|upkeep\n|c|\u2606Ptok|ofc lol\n|c|\u2606Raptors4TheChip|noice\n|\n|t:|1699064164\n|switch|p1a: Mitsui|Volcanion|100\/100\n|turn|19\n|\n|t:|1699064193\n|-end|p2a: Zuko|Protosynthesis|[silent]\n|switch|p2a: Shaw|Baxcalibur, M|100\/100\n|-status|p2a: Shaw|psn\n|move|p1a: Mitsui|Steam Eruption|p2a: Shaw\n|-resisted|p2a: Shaw\n|-damage|p2a: Shaw|84\/100 psn\n|\n|-weather|none\n|-damage|p2a: Shaw|72\/100 psn|[from] psn\n|upkeep\n|turn|20\n|c| Siiroth|everyone leaving\n|c|\u2606Raptors4TheChip|i is scary\n|\n|t:|1699064234\n|switch|p1a: Miyagi|Azelf|100\/100\n|move|p2a: Shaw|Scale Shot|p1a: Miyagi\n|-crit|p1a: Miyagi\n|-damage|p1a: Miyagi|61\/100\n|-damage|p1a: Miyagi|37\/100\n|-damage|p1a: Miyagi|15\/100\n|-damage|p1a: Miyagi|0 fnt\n|faint|p1a: Miyagi\n|-hitcount|p1: Miyagi|4\n|-unboost|p2a: Shaw|def|1\n|-boost|p2a: Shaw|spe|1\n|\n|-damage|p2a: Shaw|59\/100 psn|[from] psn\n|upkeep\n|\n|t:|1699064243\n|switch|p1a: Sakuragi|Scizor, F|100\/100\n|turn|21\n|\n|t:|1699064248\n|switch|p2a: Iroh|Torkoal, F|65\/100\n|-status|p2a: Iroh|psn\n|-weather|SunnyDay|[from] ability: Drought|[of] p2a: Iroh\n|move|p1a: Sakuragi|Iron Head|p2a: Iroh\n|-resisted|p2a: Iroh\n|-damage|p2a: Iroh|47\/100 psn\n|\n|-weather|SunnyDay|[upkeep]\n|-damage|p2a: Iroh|35\/100 psn|[from] psn\n|upkeep\n|turn|22\n|\n|t:|1699064260\n|move|p1a: Sakuragi|Iron Head|p2a: Iroh\n|-resisted|p2a: Iroh\n|-damage|p2a: Iroh|15\/100 psn\n|cant|p2a: Iroh|flinch\n|\n|-weather|SunnyDay|[upkeep]\n|-damage|p2a: Iroh|2\/100 psn|[from] psn\n|upkeep\n|turn|23\n|c| Siiroth|lmao\n|\n|t:|1699064268\n|move|p1a: Sakuragi|Iron Head|p2a: Iroh\n|-resisted|p2a: Iroh\n|-damage|p2a: Iroh|0 fnt\n|faint|p2a: Iroh\n|\n|-weather|SunnyDay|[upkeep]\n|upkeep\n|c|\u2606Raptors4TheChip|fair\n|\n|t:|1699064278\n|switch|p2a: The Blue Spirit|Ogerpon-Hearthflame, F|100\/100\n|-status|p2a: The Blue Spirit|psn\n|-ability|p2a: The Blue Spirit|Mold Breaker\n|turn|24\n|\n|t:|1699064287\n|move|p2a: The Blue Spirit|Ivy Cudgel|p1a: Sakuragi\n|-supereffective|p1a: Sakuragi\n|-damage|p1a: Sakuragi|0 fnt\n|faint|p1a: Sakuragi\n|\n|-weather|SunnyDay|[upkeep]\n|-damage|p2a: The Blue Spirit|88\/100 psn|[from] psn\n|upkeep\n|\n|t:|1699064289\n|switch|p1a: Mitsui|Volcanion|100\/100\n|turn|25\n|\n|t:|1699064329\n|move|p2a: The Blue Spirit|Knock Off|p1a: Mitsui\n|-damage|p1a: Mitsui|67\/100\n|-enditem|p1a: Mitsui|Assault Vest|[from] move: Knock Off|[of] p2a: The Blue Spirit\n|move|p1a: Mitsui|Flamethrower|p2a: The Blue Spirit\n|-damage|p2a: The Blue Spirit|1\/100 psn\n|\n|-weather|SunnyDay|[upkeep]\n|-damage|p2a: The Blue Spirit|0 fnt|[from] psn\n|faint|p2a: The Blue Spirit\n|upkeep\n|\n|t:|1699064336\n|switch|p2a: Ty Lee|Scream Tail|63\/100\n|-status|p2a: Ty Lee|psn\n|-activate|p2a: Ty Lee|ability: Protosynthesis\n|-start|p2a: Ty Lee|protosynthesisspd\n|turn|26\n|\n|t:|1699064340\n|move|p2a: Ty Lee|Light Screen|p2a: Ty Lee\n|-sidestart|p2: Raptors4TheChip|move: Light Screen\n|move|p1a: Mitsui|Flash Cannon|p2a: Ty Lee\n|-supereffective|p2a: Ty Lee\n|-damage|p2a: Ty Lee|51\/100 psn\n|\n|-weather|SunnyDay|[upkeep]\n|-damage|p2a: Ty Lee|39\/100 psn|[from] psn\n|upkeep\n|turn|27\n|\n|t:|1699064353\n|move|p2a: Ty Lee|Wish|p2a: Ty Lee\n|move|p1a: Mitsui|Flamethrower|p2a: Ty Lee\n|-damage|p2a: Ty Lee|22\/100 psn\n|\n|-weather|SunnyDay|[upkeep]\n|-damage|p2a: Ty Lee|10\/100 psn|[from] psn\n|upkeep\n|turn|28\n|\n|t:|1699064369\n|-end|p2a: Ty Lee|Protosynthesis|[silent]\n|switch|p2a: Zuko|Brute Bonnet, shiny, tera:Fire|80\/100\n|-status|p2a: Zuko|psn\n|-activate|p2a: Zuko|ability: Protosynthesis\n|-start|p2a: Zuko|protosynthesisatk\n|move|p1a: Mitsui|Flash Cannon|p2a: Zuko\n|-resisted|p2a: Zuko\n|-damage|p2a: Zuko|74\/100 psn\n|\n|-weather|none\n|-end|p2a: Zuko|Protosynthesis\n|-heal|p2a: Zuko|100\/100 psn|[from] move: Wish|[wisher] Ty Lee\n|-damage|p2a: Zuko|88\/100 psn|[from] psn\n|upkeep\n|turn|29\n|\n|t:|1699064384\n|move|p2a: Zuko|Sucker Punch|p1a: Mitsui\n|-damage|p1a: Mitsui|37\/100\n|move|p1a: Mitsui|Steam Eruption|p2a: Zuko\n|-supereffective|p2a: Zuko\n|-damage|p2a: Zuko|39\/100 psn\n|\n|-heal|p2a: Zuko|45\/100 psn|[from] item: Leftovers\n|-damage|p2a: Zuko|32\/100 psn|[from] psn\n|upkeep\n|turn|30\n|\n|t:|1699064393\n|move|p2a: Zuko|Sucker Punch|p1a: Mitsui\n|-damage|p1a: Mitsui|4\/100\n|move|p1a: Mitsui|Steam Eruption|p2a: Zuko\n|-supereffective|p2a: Zuko\n|-damage|p2a: Zuko|0 fnt\n|faint|p2a: Zuko\n|-end|p2a: Zuko|Protosynthesis|[silent]\n|\n|upkeep\n|\n|t:|1699064395\n|switch|p2a: Shaw|Baxcalibur, M|59\/100 psn\n|turn|31\n|\n|t:|1699064406\n|move|p2a: Shaw|Icicle Spear|p1a: Mitsui\n|-resisted|p1a: Mitsui\n|-crit|p1a: Mitsui\n|-damage|p1a: Mitsui|0 fnt\n|faint|p1a: Mitsui\n|-hitcount|p1: Mitsui|1\n|\n|win|Raptors4TheChip\n|c|\u2606Raptors4TheChip|gg\n|c|\u2606Ptok|gg\n|c|\u2606Ptok|u post\n|c|\u2606Raptors4TheChip|yessir\n|l| Siiroth\n|l|\u2606Ptok\n","uploadtime":1699064421,"views":42,"p1id":"ptok","p2id":"raptors4thechip","formatid":"gen9anythinggoes","rating":0,"private":0,"password":""}