{"id":"gen9anythinggoes-1974898024","p1":"PKRS Romeo","p2":"Kingbants","format":"[Gen 9] Anything Goes","log":"|j|\u2606PKRS Romeo\n|j|\u2606Kingbants\n|t:|1698141719\n|gametype|singles\n|player|p1|PKRS Romeo|benga|\n|player|p2|Kingbants|170|\n|teamsize|p1|6\n|teamsize|p2|6\n|gen|9\n|tier|[Gen 9] Anything Goes\n|rule|HP Percentage Mod: HP is shown in percentages\n|rule|Endless Battle Clause: Forcing endless battles is banned\n|clearpoke\n|poke|p1|Toxapex, F|\n|poke|p1|Slowking-Galar, M|\n|poke|p1|Mienshao, F|\n|poke|p1|Ogerpon-Hearthflame, F|\n|poke|p1|Clefable, M|\n|poke|p1|Munkidori, M|\n|poke|p2|Okidogi, M|\n|poke|p2|Ninetales-Alola, F|\n|poke|p2|Baxcalibur, F|\n|poke|p2|Kingambit, F|\n|poke|p2|Ditto|\n|poke|p2|Ogerpon-Hearthflame, F|\n|teampreview\n|\n|t:|1698141761\n|start\n|switch|p1a: Munkidori|Munkidori, M|100\/100\n|switch|p2a: Targitzan|Ogerpon-Hearthflame, F|100\/100\n|-ability|p2a: Targitzan|Mold Breaker\n|turn|1\n|\n|t:|1698141787\n|-terastallize|p2a: Targitzan|Fire\n|detailschange|p2a: Targitzan|Ogerpon-Hearthflame-Tera, F, tera:Fire\n|-ability|p2a: Targitzan|Embody Aspect (Hearthflame)|boost\n|-boost|p2a: Targitzan|atk|1\n|move|p1a: Munkidori|Sludge Wave|p2a: Targitzan\n|-damage|p2a: Targitzan|35\/100\n|move|p2a: Targitzan|Ivy Cudgel|p1a: Munkidori\n|-damage|p1a: Munkidori|0 fnt\n|faint|p1a: Munkidori\n|\n|upkeep\n|\n|t:|1698141801\n|switch|p1a: Toxapex|Toxapex, F|100\/100\n|turn|2\n|\n|t:|1698141820\n|switch|p2a: Kohga|Kingambit, F, shiny|100\/100\n|-item|p2a: Kohga|Air Balloon\n|move|p1a: Toxapex|Chilling Water|p2a: Kohga\n|-damage|p2a: Kohga|89\/100\n|-unboost|p2a: Kohga|atk|1\n|-enditem|p2a: Kohga|Air Balloon\n|\n|upkeep\n|turn|3\n|\n|t:|1698141834\n|-end|p2a: Kohga|fallenundefined|[silent]\n|switch|p2a: Khione|Ninetales-Alola, F, shiny|100\/100\n|-weather|Snow|[from] ability: Snow Warning|[of] p2a: Khione\n|move|p1a: Toxapex|Chilling Water|p2a: Khione\n|-damage|p2a: Khione|90\/100\n|-unboost|p2a: Khione|atk|1\n|\n|-weather|Snow|[upkeep]\n|upkeep\n|turn|4\n|\n|t:|1698141845\n|move|p2a: Khione|Encore|p1a: Toxapex\n|-start|p1a: Toxapex|Encore\n|move|p1a: Toxapex|Chilling Water|p2a: Khione\n|-damage|p2a: Khione|79\/100\n|-unboost|p2a: Khione|atk|1\n|\n|-weather|Snow|[upkeep]\n|upkeep\n|turn|5\n|\n|t:|1698141853\n|switch|p1a: Slowking|Slowking-Galar, M|100\/100\n|move|p2a: Khione|Aurora Veil|p2a: Khione\n|-sidestart|p2: Kingbants|move: Aurora Veil\n|\n|-weather|Snow|[upkeep]\n|upkeep\n|turn|6\n|\n|t:|1698141861\n|move|p2a: Khione|Hypnosis|p1a: Slowking|[miss]\n|-miss|p2a: Khione|p1a: Slowking\n|move|p1a: Slowking|Thunder Wave|p2a: Khione\n|-status|p2a: Khione|par\n|\n|-weather|Snow|[upkeep]\n|upkeep\n|turn|7\n|\n|t:|1698141871\n|cant|p2a: Khione|par\n|move|p1a: Slowking|Future Sight|p2a: Khione\n|-start|p1a: Slowking|move: Future Sight\n|\n|-weather|none\n|upkeep\n|turn|8\n|\n|t:|1698141882\n|switch|p2a: Morph|Ditto, shiny|100\/100\n|-transform|p2a: Morph|p1a: Slowking|[from] ability: Imposter\n|move|p1a: Slowking|Sludge Bomb|p2a: Morph\n|-resisted|p2a: Morph\n|-damage|p2a: Morph|94\/100\n|\n|upkeep\n|turn|9\n|\n|t:|1698141892\n|switch|p2a: Kohga|Kingambit, F, shiny|89\/100\n|move|p1a: Slowking|Thunder Wave|p2a: Kohga\n|-status|p2a: Kohga|par\n|\n|-end|p2a: Kohga|move: Future Sight\n|-immune|p2a: Kohga\n|upkeep\n|turn|10\n|\n|t:|1698141905\n|switch|p1a: Toxapex|Toxapex, F|100\/100\n|move|p2a: Kohga|Iron Head|p1a: Toxapex\n|-resisted|p1a: Toxapex\n|-damage|p1a: Toxapex|85\/100\n|-damage|p2a: Kohga|72\/100 par|[from] item: Rocky Helmet|[of] p1a: Toxapex\n|\n|upkeep\n|turn|11\n|\n|t:|1698141919\n|switch|p1a: Slowking|Slowking-Galar, M|100\/100\n|-end|p2a: Kohga|fallenundefined|[silent]\n|switch|p2a: Morph|Ditto, shiny|100\/100\n|-transform|p2a: Morph|p1a: Slowking|[from] ability: Imposter\n|\n|upkeep\n|turn|12\n|\n|t:|1698141929\n|switch|p2a: Khione|Ninetales-Alola, F, shiny|79\/100 par\n|-weather|Snow|[from] ability: Snow Warning|[of] p2a: Khione\n|move|p1a: Slowking|Thunder Wave|p2a: Khione\n|-fail|p2a: Khione|par\n|\n|-weather|Snow|[upkeep]\n|-sideend|p2: Kingbants|move: Aurora Veil\n|upkeep\n|turn|13\n|\n|t:|1698141939\n|cant|p2a: Khione|par\n|move|p1a: Slowking|Sludge Bomb|p2a: Khione\n|-supereffective|p2a: Khione\n|-damage|p2a: Khione|14\/100 par\n|\n|-weather|Snow|[upkeep]\n|upkeep\n|turn|14\n|\n|t:|1698141948\n|cant|p2a: Khione|par\n|move|p1a: Slowking|Sludge Bomb|p2a: Khione\n|-supereffective|p2a: Khione\n|-damage|p2a: Khione|0 fnt\n|faint|p2a: Khione\n|\n|-weather|Snow|[upkeep]\n|upkeep\n|\n|t:|1698141975\n|switch|p2a: Mugshot|Okidogi, M|100\/100\n|turn|15\n|\n|t:|1698141982\n|move|p2a: Mugshot|Bulk Up|p2a: Mugshot\n|-boost|p2a: Mugshot|atk|1\n|-boost|p2a: Mugshot|def|1\n|move|p1a: Slowking|Thunder Wave|p2a: Mugshot\n|-status|p2a: Mugshot|par\n|\n|-weather|Snow|[upkeep]\n|upkeep\n|turn|16\n|\n|t:|1698141992\n|cant|p2a: Mugshot|par\n|move|p1a: Slowking|Future Sight|p2a: Mugshot\n|-start|p1a: Slowking|move: Future Sight\n|\n|-weather|none\n|upkeep\n|turn|17\n|\n|t:|1698141998\n|switch|p1a: Toxapex|Toxapex, F|100\/100\n|cant|p2a: Mugshot|par\n|\n|upkeep\n|turn|18\n|\n|t:|1698142007\n|move|p2a: Mugshot|Knock Off|p1a: Toxapex\n|-damage|p1a: Toxapex|68\/100\n|-damage|p2a: Mugshot|84\/100 par|[from] item: Rocky Helmet|[of] p1a: Toxapex\n|-enditem|p1a: Toxapex|Rocky Helmet|[from] move: Knock Off|[of] p2a: Mugshot\n|move|p1a: Toxapex|Chilling Water|p2a: Mugshot\n|-damage|p2a: Mugshot|73\/100 par\n|-unboost|p2a: Mugshot|atk|1\n|\n|-end|p2a: Mugshot|move: Future Sight\n|-supereffective|p2a: Mugshot\n|-damage|p2a: Mugshot|0 fnt\n|faint|p2a: Mugshot\n|upkeep\n|\n|t:|1698142020\n|switch|p2a: Verad|Baxcalibur, F, shiny|100\/100\n|turn|19\n|\n|t:|1698142031\n|move|p2a: Verad|Dragon Dance|p2a: Verad\n|-boost|p2a: Verad|atk|1\n|-boost|p2a: Verad|spe|1\n|move|p1a: Toxapex|Toxic|p2a: Verad\n|-status|p2a: Verad|tox\n|\n|-damage|p2a: Verad|94\/100 tox|[from] psn\n|upkeep\n|turn|20\n|\n|t:|1698142041\n|switch|p1a: Clefable|Clefable, M|100\/100\n|move|p2a: Verad|Earthquake|p1a: Clefable\n|-damage|p1a: Clefable|69\/100\n|\n|-heal|p1a: Clefable|75\/100|[from] item: Leftovers\n|-damage|p2a: Verad|82\/100 tox|[from] psn\n|upkeep\n|turn|21\n|\n|t:|1698142052\n|move|p2a: Verad|Icicle Spear|p1a: Clefable\n|-damage|p1a: Clefable|63\/100\n|-damage|p1a: Clefable|53\/100\n|-damage|p1a: Clefable|41\/100\n|-damage|p1a: Clefable|30\/100\n|-hitcount|p1a: Clefable|4\n|move|p1a: Clefable|Moonlight|p1a: Clefable\n|-heal|p1a: Clefable|80\/100\n|\n|-heal|p1a: Clefable|86\/100|[from] item: Leftovers\n|-damage|p2a: Verad|63\/100 tox|[from] psn\n|upkeep\n|turn|22\n|\n|t:|1698142067\n|switch|p2a: Targitzan|Ogerpon-Hearthflame-Tera, F, tera:Fire|35\/100\n|-ability|p2a: Targitzan|Embody Aspect (Hearthflame)|boost\n|-boost|p2a: Targitzan|atk|1\n|switch|p1a: Toxapex|Toxapex, F|100\/100\n|\n|upkeep\n|turn|23\n|\n|t:|1698142074\n|move|p2a: Targitzan|Power Whip|p1a: Toxapex\n|-crit|p1a: Toxapex\n|-damage|p1a: Toxapex|3\/100\n|move|p1a: Toxapex|Chilling Water|p2a: Targitzan\n|-supereffective|p2a: Targitzan\n|-damage|p2a: Targitzan|11\/100\n|-unboost|p2a: Targitzan|atk|1\n|\n|upkeep\n|turn|24\n|\n|t:|1698142093\n|switch|p1a: Slowking|Slowking-Galar, M|100\/100\n|move|p2a: Targitzan|Knock Off|p1a: Slowking\n|-supereffective|p1a: Slowking\n|-damage|p1a: Slowking|23\/100\n|-enditem|p1a: Slowking|Black Sludge|[from] move: Knock Off|[of] p2a: Targitzan\n|\n|upkeep\n|turn|25\n|\n|t:|1698142109\n|move|p2a: Targitzan|Ivy Cudgel|p1a: Slowking\n|-damage|p1a: Slowking|0 fnt\n|faint|p1a: Slowking\n|\n|upkeep\n|\n|t:|1698142152\n|switch|p1a: Ogerpon|Ogerpon-Hearthflame, F|100\/100\n|-ability|p1a: Ogerpon|Mold Breaker\n|turn|26\n|\n|t:|1698142165\n|switch|p2a: Kohga|Kingambit, F, shiny|72\/100 par\n|-activate|p2a: Kohga|ability: Supreme Overlord\n|-start|p2a: Kohga|fallen2|[silent]\n|move|p1a: Ogerpon|Knock Off|p2a: Kohga\n|-resisted|p2a: Kohga\n|-damage|p2a: Kohga|62\/100 par\n|\n|upkeep\n|turn|27\n|\n|t:|1698142176\n|move|p1a: Ogerpon|Ivy Cudgel|p2a: Kohga\n|-supereffective|p2a: Kohga\n|-damage|p2a: Kohga|0 fnt\n|faint|p2a: Kohga\n|-end|p2a: Kohga|fallen2|[silent]\n|\n|upkeep\n|\n|t:|1698142205\n|switch|p2a: Morph|Ditto, shiny|100\/100\n|-transform|p2a: Morph|p1a: Ogerpon|[from] ability: Imposter\n|-ability|p2a: Morph|Mold Breaker\n|turn|28\n|\n|t:|1698142220\n|move|p2a: Morph|Ivy Cudgel|p1a: Ogerpon\n|-damage|p1a: Ogerpon|42\/100\n|move|p1a: Ogerpon|Knock Off|p2a: Morph\n|-damage|p2a: Morph|49\/100\n|-enditem|p2a: Morph|Choice Scarf|[from] move: Knock Off|[of] p1a: Ogerpon\n|\n|upkeep\n|turn|29\n|\n|t:|1698142239\n|-terastallize|p1a: Ogerpon|Fire\n|detailschange|p1a: Ogerpon|Ogerpon-Hearthflame-Tera, F, tera:Fire\n|-ability|p1a: Ogerpon|Embody Aspect (Hearthflame)|boost\n|-boost|p1a: Ogerpon|atk|1\n|move|p1a: Ogerpon|Ivy Cudgel|p2a: Morph\n|-damage|p2a: Morph|0 fnt\n|faint|p2a: Morph\n|\n|upkeep\n|\n|t:|1698142247\n|switch|p2a: Targitzan|Ogerpon-Hearthflame-Tera, F, tera:Fire|11\/100\n|-ability|p2a: Targitzan|Embody Aspect (Hearthflame)|boost\n|-boost|p2a: Targitzan|atk|1\n|turn|30\n|\n|t:|1698142257\n|move|p1a: Ogerpon|Knock Off|p2a: Targitzan\n|-damage|p2a: Targitzan|0 fnt\n|faint|p2a: Targitzan\n|\n|upkeep\n|\n|t:|1698142262\n|switch|p2a: Verad|Baxcalibur, F, shiny|63\/100 tox\n|turn|31\n|\n|t:|1698142267\n|move|p1a: Ogerpon|Ivy Cudgel|p2a: Verad\n|-damage|p2a: Verad|0 fnt\n|faint|p2a: Verad\n|\n|win|PKRS Romeo\n","uploadtime":1698142274,"views":11,"p1id":"pkrsromeo","p2id":"kingbants","formatid":"gen9anythinggoes","rating":0,"private":0,"password":""}