{"id":"gen9anythinggoes-1973817771","p1":"kimhervey","p2":"Hzozv","format":"[Gen 9] Anything Goes","log":"|j|\u2606kimhervey\n|j|\u2606Hzozv\n|t:|1698016765\n|gametype|singles\n|player|p1|kimhervey|265|1294\n|player|p2|Hzozv|lusamine-nihilego|1487\n|teamsize|p1|6\n|teamsize|p2|6\n|gen|9\n|tier|[Gen 9] Anything Goes\n|rated|\n|rule|HP Percentage Mod: HP is shown in percentages\n|rule|Endless Battle Clause: Forcing endless battles is banned\n|clearpoke\n|poke|p1|Kingambit, M|\n|poke|p1|Ceruledge, F|\n|poke|p1|Krookodile, F|\n|poke|p1|Hatterene, F|\n|poke|p1|Yanmega, M|\n|poke|p1|Haxorus, F|\n|poke|p2|Glimmora, M|\n|poke|p2|Miraidon|\n|poke|p2|Koraidon|\n|poke|p2|Iron Bundle|\n|poke|p2|Great Tusk|\n|poke|p2|Ditto|\n|teampreview\n|inactive|Battle timer is ON: inactive players will automatically lose when time's up. (requested by Hzozv)\n|\n|t:|1698016793\n|start\n|switch|p1a: Ceruledge|Ceruledge, F|100\/100\n|switch|p2a: Glimmora|Glimmora, M|100\/100\n|turn|1\n|\n|t:|1698016799\n|move|p2a: Glimmora|Earth Power|p1a: Ceruledge\n|-supereffective|p1a: Ceruledge\n|-damage|p1a: Ceruledge|24\/100\n|-unboost|p1a: Ceruledge|spd|1\n|move|p1a: Ceruledge|Swords Dance|p1a: Ceruledge\n|-boost|p1a: Ceruledge|atk|2\n|\n|upkeep\n|turn|2\n|\n|t:|1698016820\n|move|p2a: Glimmora|Stealth Rock|p1a: Ceruledge\n|-sidestart|p1: kimhervey|move: Stealth Rock\n|move|p1a: Ceruledge|Bitter Blade|p2a: Glimmora\n|-resisted|p2a: Glimmora\n|-damage|p2a: Glimmora|50\/100\n|-heal|p1a: Ceruledge|51\/100|[from] drain|[of] p2a: Glimmora\n|-activate|p2a: Glimmora|ability: Toxic Debris\n|-sidestart|p1: kimhervey|move: Toxic Spikes\n|-enditem|p2a: Glimmora|Red Card|[of] p1a: Ceruledge\n|drag|p1a: Kingambit|Kingambit, M|100\/100\n|-damage|p1a: Kingambit|94\/100|[from] Stealth Rock\n|\n|upkeep\n|turn|3\n|\n|t:|1698016839\n|move|p2a: Glimmora|Earth Power|p1a: Kingambit\n|-supereffective|p1a: Kingambit\n|-damage|p1a: Kingambit|54\/100\n|move|p1a: Kingambit|Zen Headbutt|p2a: Glimmora|[miss]\n|-miss|p1a: Kingambit|p2a: Glimmora\n|\n|upkeep\n|turn|4\n|\n|t:|1698016849\n|switch|p1a: Yanmega|Yanmega, M|100\/100\n|move|p2a: Glimmora|Earth Power|p1a: Yanmega\n|-immune|p1a: Yanmega\n|\n|upkeep\n|turn|5\n|\n|t:|1698016859\n|move|p1a: Yanmega|Protect|p1a: Yanmega\n|-singleturn|p1a: Yanmega|Protect\n|move|p2a: Glimmora|Mortal Spin|p1a: Yanmega\n|-activate|p1a: Yanmega|move: Protect\n|\n|-ability|p1a: Yanmega|Speed Boost|boost\n|-boost|p1a: Yanmega|spe|1\n|upkeep\n|turn|6\n|\n|t:|1698016875\n|move|p1a: Yanmega|Air Slash|p2a: Glimmora\n|-resisted|p2a: Glimmora\n|-damage|p2a: Glimmora|23\/100\n|move|p2a: Glimmora|Mortal Spin|p1a: Yanmega\n|-damage|p1a: Yanmega|93\/100\n|-status|p1a: Yanmega|psn\n|\n|-damage|p1a: Yanmega|80\/100 psn|[from] psn\n|-ability|p1a: Yanmega|Speed Boost|boost\n|-boost|p1a: Yanmega|spe|1\n|upkeep\n|turn|7\n|\n|t:|1698016887\n|move|p1a: Yanmega|Ancient Power|p2a: Glimmora\n|-damage|p2a: Glimmora|0 fnt\n|faint|p2a: Glimmora\n|\n|-damage|p1a: Yanmega|68\/100 psn|[from] psn\n|-ability|p1a: Yanmega|Speed Boost|boost\n|-boost|p1a: Yanmega|spe|1\n|upkeep\n|\n|t:|1698016905\n|switch|p2a: Miraidon|Miraidon|100\/100\n|-fieldstart|move: Electric Terrain|[from] ability: Hadron Engine|[of] p2a: Miraidon\n|turn|8\n|inactive|kimhervey has 120 seconds left.\n|\n|t:|1698016937\n|move|p1a: Yanmega|Bug Buzz|p2a: Miraidon\n|-damage|p2a: Miraidon|62\/100\n|move|p2a: Miraidon|Volt Switch|p1a: Yanmega\n|-supereffective|p1a: Yanmega\n|-damage|p1a: Yanmega|0 fnt\n|faint|p1a: Yanmega\n|\n|t:|1698016943\n|switch|p2a: Iron Bundle|Iron Bundle|100\/100|[from] Volt Switch\n|-activate|p2a: Iron Bundle|ability: Quark Drive\n|-start|p2a: Iron Bundle|quarkdrivespe\n|\n|upkeep\n|\n|t:|1698016956\n|switch|p1a: Kingambit|Kingambit, M|54\/100\n|-damage|p1a: Kingambit|48\/100|[from] Stealth Rock\n|turn|9\n|\n|t:|1698016965\n|move|p1a: Kingambit|Sucker Punch||[still]\n|-fail|p1a: Kingambit\n|move|p2a: Iron Bundle|Encore|p1a: Kingambit\n|-start|p1a: Kingambit|Encore\n|\n|upkeep\n|turn|10\n|\n|t:|1698016970\n|-end|p2a: Iron Bundle|Quark Drive|[silent]\n|switch|p2a: Koraidon|Koraidon|100\/100\n|-weather|SunnyDay|[from] ability: Orichalcum Pulse|[of] p2a: Koraidon\n|-activate|p2a: Koraidon|Orichalcum Pulse|[source]\n|move|p1a: Kingambit|Sucker Punch||[still]\n|-fail|p1a: Kingambit\n|\n|-weather|SunnyDay|[upkeep]\n|upkeep\n|turn|11\n|\n|t:|1698016988\n|switch|p1a: Hatterene|Hatterene, F, shiny|100\/100\n|-damage|p1a: Hatterene|88\/100|[from] Stealth Rock\n|-status|p1a: Hatterene|psn\n|move|p2a: Koraidon|Flare Blitz|p1a: Hatterene\n|-damage|p1a: Hatterene|0 fnt\n|faint|p1a: Hatterene\n|-damage|p2a: Koraidon|79\/100|[from] Recoil\n|\n|-weather|SunnyDay|[upkeep]\n|upkeep\n|inactive|kimhervey has 120 seconds left.\n|\n|t:|1698017003\n|switch|p1a: Haxorus|Haxorus, F|100\/100\n|-ability|p1a: Haxorus|Unnerve\n|-damage|p1a: Haxorus|88\/100|[from] Stealth Rock\n|-status|p1a: Haxorus|psn\n|turn|12\n|inactive|kimhervey has 120 seconds left.\n|\n|t:|1698017027\n|-terastallize|p2a: Koraidon|Fire\n|-terastallize|p1a: Haxorus|Steel\n|move|p2a: Koraidon|Flare Blitz|p1a: Haxorus\n|-supereffective|p1a: Haxorus\n|-damage|p1a: Haxorus|0 fnt\n|faint|p1a: Haxorus\n|-damage|p2a: Koraidon|54\/100|[from] Recoil\n|\n|-weather|SunnyDay|[upkeep]\n|-fieldend|move: Electric Terrain\n|upkeep\n|\n|t:|1698017036\n|switch|p1a: Kingambit|Kingambit, M|48\/100\n|-damage|p1a: Kingambit|42\/100|[from] Stealth Rock\n|turn|13\n|c|\u2606kimhervey|wow\n|c|\u2606kimhervey|nice\n|\n|t:|1698017054\n|switch|p2a: Great Tusk|Great Tusk|100\/100\n|-activate|p2a: Great Tusk|ability: Protosynthesis\n|-start|p2a: Great Tusk|protosynthesisatk\n|move|p1a: Kingambit|Kowtow Cleave|p2a: Great Tusk\n|-resisted|p2a: Great Tusk\n|-damage|p2a: Great Tusk|85\/100\n|\n|-weather|SunnyDay|[upkeep]\n|upkeep\n|turn|14\n|\n|t:|1698017071\n|move|p1a: Kingambit|Sucker Punch|p2a: Great Tusk\n|-resisted|p2a: Great Tusk\n|-damage|p2a: Great Tusk|72\/100\n|move|p2a: Great Tusk|Headlong Rush|p1a: Kingambit\n|-supereffective|p1a: Kingambit\n|-damage|p1a: Kingambit|0 fnt\n|-unboost|p2a: Great Tusk|def|1\n|-unboost|p2a: Great Tusk|spd|1\n|faint|p1a: Kingambit\n|\n|-weather|none\n|-end|p2a: Great Tusk|Protosynthesis\n|upkeep\n|inactive|kimhervey has 90 seconds left.\n|\n|t:|1698017081\n|switch|p1a: Ceruledge|Ceruledge, F|51\/100\n|-damage|p1a: Ceruledge|26\/100|[from] Stealth Rock\n|-status|p1a: Ceruledge|psn\n|turn|15\n|\n|t:|1698017088\n|move|p2a: Great Tusk|Headlong Rush|p1a: Ceruledge\n|-supereffective|p1a: Ceruledge\n|-damage|p1a: Ceruledge|0 fnt\n|-unboost|p2a: Great Tusk|def|1\n|-unboost|p2a: Great Tusk|spd|1\n|faint|p1a: Ceruledge\n|\n|upkeep\n|\n|t:|1698017094\n|switch|p1a: Krookodile|Krookodile, F|100\/100\n|-damage|p1a: Krookodile|94\/100|[from] Stealth Rock\n|-status|p1a: Krookodile|psn\n|turn|16\n|\n|t:|1698017101\n|move|p1a: Krookodile|Scale Shot|p2a: Great Tusk\n|-damage|p2a: Great Tusk|61\/100\n|-damage|p2a: Great Tusk|49\/100\n|-damage|p2a: Great Tusk|37\/100\n|-damage|p2a: Great Tusk|26\/100\n|-hitcount|p2a: Great Tusk|4\n|-unboost|p1a: Krookodile|def|1\n|-boost|p1a: Krookodile|spe|1\n|move|p2a: Great Tusk|Close Combat|p1a: Krookodile\n|-supereffective|p1a: Krookodile\n|-damage|p1a: Krookodile|0 fnt\n|-unboost|p2a: Great Tusk|def|1\n|-unboost|p2a: Great Tusk|spd|1\n|faint|p1a: Krookodile\n|\n|win|Hzozv\n|raw|kimhervey's rating: 1294 &rarr; <strong>1282<\/strong><br \/>(-12 for losing)\n|raw|Hzozv's rating: 1487 &rarr; <strong>1497<\/strong><br \/>(+10 for winning)\n","uploadtime":1698017114,"views":6,"p1id":"kimhervey","p2id":"hzozv","formatid":"gen9anythinggoes","rating":1282,"private":0,"password":""}