{"id":"gen9anythinggoes-1983264660","p1":"rivertail","p2":"wafflecone67","format":"[Gen 9] Anything Goes","log":"|j|\u2606rivertail\n|j|\u2606wafflecone67\n|t:|1699112005\n|gametype|singles\n|player|p1|rivertail|dawn-gen4pt|1266\n|player|p2|wafflecone67|169|1371\n|teamsize|p1|6\n|teamsize|p2|6\n|gen|9\n|tier|[Gen 9] Anything Goes\n|rated|\n|rule|HP Percentage Mod: HP is shown in percentages\n|rule|Endless Battle Clause: Forcing endless battles is banned\n|clearpoke\n|poke|p1|Groudon|\n|poke|p1|Kyogre|\n|poke|p1|Rayquaza|\n|poke|p1|Dialga-Origin|\n|poke|p1|Palkia-Origin|\n|poke|p1|Giratina-Origin|\n|poke|p2|Espathra, F|\n|poke|p2|Scream Tail|\n|poke|p2|Drifblim, M|\n|poke|p2|Hawlucha, M|\n|poke|p2|Vaporeon, M|\n|poke|p2|Venonat, F|\n|teampreview\n|inactive|Battle timer is ON: inactive players will automatically lose when time's up. (requested by wafflecone67)\n|\n|t:|1699112012\n|start\n|switch|p1a: Giratina|Giratina-Origin, shiny|100\/100\n|switch|p2a: espada|Espathra, F|100\/100\n|turn|1\n|\n|t:|1699112022\n|-terastallize|p1a: Giratina|Normal\n|move|p2a: espada|Protect|p2a: espada\n|-singleturn|p2a: espada|Protect\n|move|p1a: Giratina|Shadow Force||[still]\n|-prepare|p1a: Giratina|Shadow Force\n|\n|-ability|p2a: espada|Speed Boost|boost\n|-boost|p2a: espada|spe|1\n|upkeep\n|turn|2\n|\n|t:|1699112050\n|move|p2a: espada|Substitute|p2a: espada\n|-start|p2a: espada|Substitute\n|-damage|p2a: espada|76\/100\n|move|p1a: Giratina|Shadow Force|p2a: espada|[from]lockedmove\n|-supereffective|p2a: espada\n|-end|p2a: espada|Substitute\n|\n|-ability|p2a: espada|Speed Boost|boost\n|-boost|p2a: espada|spe|1\n|upkeep\n|turn|3\n|\n|t:|1699112063\n|move|p2a: espada|Substitute|p2a: espada\n|-start|p2a: espada|Substitute\n|-damage|p2a: espada|51\/100\n|move|p1a: Giratina|Shadow Force||[still]\n|-prepare|p1a: Giratina|Shadow Force\n|\n|-ability|p2a: espada|Speed Boost|boost\n|-boost|p2a: espada|spe|1\n|upkeep\n|turn|4\n|\n|t:|1699112071\n|move|p2a: espada|Baton Pass|p2a: espada\n|\n|t:|1699112074\n|switch|p2a: Little mermaid|Vaporeon, M|100\/100|[from] Baton Pass\n|move|p1a: Giratina|Shadow Force|p2a: Little mermaid|[from]lockedmove\n|-end|p2a: Little mermaid|Substitute\n|\n|upkeep\n|turn|5\n|\n|t:|1699112082\n|move|p2a: Little mermaid|Substitute|p2a: Little mermaid\n|-start|p2a: Little mermaid|Substitute\n|-damage|p2a: Little mermaid|76\/100\n|move|p1a: Giratina|Dragon Pulse|p2a: Little mermaid\n|-end|p2a: Little mermaid|Substitute\n|\n|upkeep\n|turn|6\n|\n|t:|1699112088\n|-terastallize|p2a: Little mermaid|Steel\n|move|p2a: Little mermaid|Acid Armor|p2a: Little mermaid\n|-boost|p2a: Little mermaid|def|2\n|move|p1a: Giratina|Dragon Pulse|p2a: Little mermaid\n|-resisted|p2a: Little mermaid\n|-damage|p2a: Little mermaid|61\/100\n|\n|upkeep\n|turn|7\n|\n|t:|1699112102\n|switch|p1a: Dialga|Dialga-Origin, shiny|100\/100\n|-ability|p1a: Dialga|Pressure\n|move|p2a: Little mermaid|Substitute|p2a: Little mermaid\n|-start|p2a: Little mermaid|Substitute\n|-damage|p2a: Little mermaid|36\/100\n|\n|upkeep\n|turn|8\n|\n|t:|1699112110\n|move|p2a: Little mermaid|Baton Pass|p2a: Little mermaid\n|\n|t:|1699112112\n|switch|p2a: kirby|Scream Tail|100\/100|[from] Baton Pass\n|move|p1a: Dialga|Roar of Time|p2a: kirby\n|-immune|p2a: kirby\n|\n|upkeep\n|turn|9\n|\n|t:|1699112123\n|move|p2a: kirby|Amnesia|p2a: kirby\n|-boost|p2a: kirby|spd|2\n|move|p1a: Dialga|Flash Cannon|p2a: kirby\n|-supereffective|p2a: kirby\n|-end|p2a: kirby|Substitute\n|\n|upkeep\n|turn|10\n|\n|t:|1699112129\n|move|p2a: kirby|Amnesia|p2a: kirby\n|-boost|p2a: kirby|spd|2\n|move|p1a: Dialga|Flash Cannon|p2a: kirby\n|-supereffective|p2a: kirby\n|-damage|p2a: kirby|76\/100\n|\n|-heal|p2a: kirby|82\/100|[from] item: Leftovers\n|upkeep\n|turn|11\n|\n|t:|1699112135\n|move|p2a: kirby|Amnesia|p2a: kirby\n|-boost|p2a: kirby|spd|2\n|move|p1a: Dialga|Flash Cannon|p2a: kirby\n|-supereffective|p2a: kirby\n|-damage|p2a: kirby|63\/100\n|\n|-heal|p2a: kirby|70\/100|[from] item: Leftovers\n|upkeep\n|turn|12\n|\n|t:|1699112142\n|switch|p1a: Groudon|Groudon, shiny|100\/100\n|-weather|SunnyDay|[from] ability: Drought|[of] p1a: Groudon\n|-activate|p2a: kirby|ability: Protosynthesis\n|-start|p2a: kirby|protosynthesisspd\n|move|p2a: kirby|Substitute|p2a: kirby\n|-start|p2a: kirby|Substitute\n|-damage|p2a: kirby|45\/100\n|\n|-weather|SunnyDay|[upkeep]\n|-heal|p2a: kirby|51\/100|[from] item: Leftovers\n|upkeep\n|turn|13\n|\n|t:|1699112148\n|switch|p1a: Rayquaza|Rayquaza, shiny|100\/100\n|-ability|p1a: Rayquaza|Air Lock\n|-end|p2a: kirby|Protosynthesis\n|move|p2a: kirby|Baton Pass|p2a: kirby\n|\n|t:|1699112149\n|-end|p2a: kirby|Protosynthesis|[silent]\n|switch|p2a: Ghetto Smeargle|Venonat, F|100\/100|[from] Baton Pass\n|\n|-weather|SunnyDay|[upkeep]\n|upkeep\n|turn|14\n|\n|t:|1699112157\n|move|p1a: Rayquaza|Dragon Ascent|p2a: Ghetto Smeargle\n|-supereffective|p2a: Ghetto Smeargle\n|-end|p2a: Ghetto Smeargle|Substitute\n|-unboost|p1a: Rayquaza|def|1\n|-unboost|p1a: Rayquaza|spd|1\n|move|p2a: Ghetto Smeargle|Sleep Powder|p1a: Rayquaza\n|-status|p1a: Rayquaza|slp|[from] move: Sleep Powder\n|\n|-weather|SunnyDay|[upkeep]\n|upkeep\n|turn|15\n|\n|t:|1699112163\n|cant|p1a: Rayquaza|slp\n|move|p2a: Ghetto Smeargle|Substitute|p2a: Ghetto Smeargle\n|-start|p2a: Ghetto Smeargle|Substitute\n|-damage|p2a: Ghetto Smeargle|76\/100\n|\n|-weather|SunnyDay|[upkeep]\n|upkeep\n|turn|16\n|\n|t:|1699112170\n|cant|p1a: Rayquaza|slp\n|move|p2a: Ghetto Smeargle|Baton Pass|p2a: Ghetto Smeargle\n|\n|t:|1699112171\n|switch|p2a: Hot gas|Drifblim, M|100\/100|[from] Baton Pass\n|\n|-weather|SunnyDay|[upkeep]\n|upkeep\n|turn|17\n|\n|t:|1699112176\n|move|p2a: Hot gas|Minimize|p2a: Hot gas\n|-boost|p2a: Hot gas|evasion|2\n|cant|p1a: Rayquaza|slp\n|\n|-weather|SunnyDay|[upkeep]\n|upkeep\n|turn|18\n|\n|t:|1699112178\n|move|p2a: Hot gas|Minimize|p2a: Hot gas\n|-boost|p2a: Hot gas|evasion|2\n|-curestatus|p1a: Rayquaza|slp|[msg]\n|move|p1a: Rayquaza|Dragon Ascent|p2a: Hot gas\n|-end|p2a: Hot gas|Substitute\n|-unboost|p1a: Rayquaza|def|1\n|-unboost|p1a: Rayquaza|spd|1\n|\n|-weather|SunnyDay|[upkeep]\n|upkeep\n|turn|19\n|\n|t:|1699112181\n|move|p2a: Hot gas|Substitute|p2a: Hot gas\n|-start|p2a: Hot gas|Substitute\n|-damage|p2a: Hot gas|76\/100\n|move|p1a: Rayquaza|Dragon Ascent|p2a: Hot gas|[miss]\n|-miss|p1a: Rayquaza|p2a: Hot gas\n|\n|-weather|none\n|upkeep\n|turn|20\n|\n|t:|1699112186\n|move|p2a: Hot gas|Minimize|p2a: Hot gas\n|-boost|p2a: Hot gas|evasion|2\n|move|p1a: Rayquaza|Dragon Ascent|p2a: Hot gas|[miss]\n|-miss|p1a: Rayquaza|p2a: Hot gas\n|\n|upkeep\n|turn|21\n|\n|t:|1699112190\n|switch|p1a: Kyogre|Kyogre, shiny|100\/100\n|-weather|RainDance|[from] ability: Drizzle|[of] p1a: Kyogre\n|move|p2a: Hot gas|Baton Pass|p2a: Hot gas\n|\n|t:|1699112193\n|switch|p2a: Ghetto Smeargle|Venonat, F|76\/100|[from] Baton Pass\n|\n|-weather|RainDance|[upkeep]\n|upkeep\n|turn|22\n|\n|t:|1699112198\n|move|p2a: Ghetto Smeargle|Sleep Powder|p1a: Kyogre\n|-status|p1a: Kyogre|slp|[from] move: Sleep Powder\n|cant|p1a: Kyogre|slp\n|\n|-weather|RainDance|[upkeep]\n|upkeep\n|turn|23\n|\n|t:|1699112201\n|move|p2a: Ghetto Smeargle|Agility|p2a: Ghetto Smeargle\n|-boost|p2a: Ghetto Smeargle|spe|2\n|cant|p1a: Kyogre|slp\n|\n|-weather|RainDance|[upkeep]\n|upkeep\n|turn|24\n|\n|t:|1699112205\n|move|p2a: Ghetto Smeargle|Baton Pass|p2a: Ghetto Smeargle\n|\n|t:|1699112209\n|switch|p2a: kirby|Scream Tail|51\/100|[from] Baton Pass\n|cant|p1a: Kyogre|slp\n|\n|-weather|RainDance|[upkeep]\n|-heal|p2a: kirby|57\/100|[from] item: Leftovers\n|upkeep\n|turn|25\n|\n|t:|1699112213\n|move|p2a: kirby|Bulk Up|p2a: kirby\n|-boost|p2a: kirby|atk|1\n|-boost|p2a: kirby|def|1\n|-curestatus|p1a: Kyogre|slp|[msg]\n|move|p1a: Kyogre|Thunder|p2a: kirby\n|-activate|p2a: kirby|move: Substitute|[damage]\n|\n|-weather|RainDance|[upkeep]\n|-heal|p2a: kirby|63\/100|[from] item: Leftovers\n|upkeep\n|turn|26\n|\n|t:|1699112217\n|move|p2a: kirby|Bulk Up|p2a: kirby\n|-boost|p2a: kirby|atk|1\n|-boost|p2a: kirby|def|1\n|move|p1a: Kyogre|Thunder|p2a: kirby\n|-activate|p2a: kirby|move: Substitute|[damage]\n|\n|-weather|RainDance|[upkeep]\n|-heal|p2a: kirby|70\/100|[from] item: Leftovers\n|upkeep\n|turn|27\n|\n|t:|1699112219\n|move|p2a: kirby|Bulk Up|p2a: kirby\n|-boost|p2a: kirby|atk|1\n|-boost|p2a: kirby|def|1\n|move|p1a: Kyogre|Thunder|p2a: kirby\n|-activate|p2a: kirby|move: Substitute|[damage]\n|\n|-weather|RainDance|[upkeep]\n|-heal|p2a: kirby|76\/100|[from] item: Leftovers\n|upkeep\n|turn|28\n|\n|t:|1699112221\n|move|p2a: kirby|Bulk Up|p2a: kirby\n|-boost|p2a: kirby|atk|1\n|-boost|p2a: kirby|def|1\n|move|p1a: Kyogre|Thunder|p2a: kirby\n|-end|p2a: kirby|Substitute\n|\n|-weather|none\n|-heal|p2a: kirby|82\/100|[from] item: Leftovers\n|upkeep\n|turn|29\n|\n|t:|1699112231\n|move|p2a: kirby|Substitute|p2a: kirby\n|-start|p2a: kirby|Substitute\n|-damage|p2a: kirby|57\/100\n|move|p1a: Kyogre|Thunder|p2a: kirby|[miss]\n|-miss|p1a: Kyogre|p2a: kirby\n|\n|-heal|p2a: kirby|63\/100|[from] item: Leftovers\n|upkeep\n|turn|30\n|\n|t:|1699112241\n|switch|p1a: Groudon|Groudon, shiny|100\/100\n|-weather|SunnyDay|[from] ability: Drought|[of] p1a: Groudon\n|-activate|p2a: kirby|ability: Protosynthesis\n|-start|p2a: kirby|protosynthesisspe\n|move|p2a: kirby|Bulk Up|p2a: kirby\n|-boost|p2a: kirby|atk|1\n|-boost|p2a: kirby|def|0\n|\n|-weather|SunnyDay|[upkeep]\n|-heal|p2a: kirby|70\/100|[from] item: Leftovers\n|upkeep\n|turn|31\n|\n|t:|1699112253\n|switch|p1a: Kyogre|Kyogre, shiny|100\/100\n|-weather|RainDance|[from] ability: Drizzle|[of] p1a: Kyogre\n|-end|p2a: kirby|Protosynthesis\n|move|p2a: kirby|Baton Pass|p2a: kirby\n|\n|t:|1699112256\n|-end|p2a: kirby|Protosynthesis|[silent]\n|switch|p2a: espada|Espathra, F|51\/100|[from] Baton Pass\n|\n|-weather|RainDance|[upkeep]\n|upkeep\n|turn|32\n|\n|t:|1699112263\n|move|p2a: espada|Stored Power|p1a: Kyogre\n|-damage|p1a: Kyogre|0 fnt\n|faint|p1a: Kyogre\n|\n|-weather|RainDance|[upkeep]\n|-ability|p2a: espada|Speed Boost|boost\n|-boost|p2a: espada|spe|1\n|upkeep\n|\n|t:|1699112270\n|switch|p1a: Palkia|Palkia-Origin, shiny|100\/100\n|-ability|p1a: Palkia|Pressure\n|turn|33\n|\n|t:|1699112277\n|move|p2a: espada|Stored Power|p1a: Palkia\n|-damage|p1a: Palkia|0 fnt\n|faint|p1a: Palkia\n|\n|-weather|RainDance|[upkeep]\n|upkeep\n|\n|t:|1699112282\n|switch|p1a: Rayquaza|Rayquaza, shiny|100\/100\n|-ability|p1a: Rayquaza|Air Lock\n|turn|34\n|\n|t:|1699112286\n|move|p2a: espada|Stored Power|p1a: Rayquaza\n|-damage|p1a: Rayquaza|0 fnt\n|faint|p1a: Rayquaza\n|\n|-weather|RainDance|[upkeep]\n|upkeep\n|\n|t:|1699112291\n|switch|p1a: Groudon|Groudon, shiny|100\/100\n|-weather|SunnyDay|[from] ability: Drought|[of] p1a: Groudon\n|turn|35\n|\n|t:|1699112295\n|move|p2a: espada|Stored Power|p1a: Groudon\n|-crit|p1a: Groudon\n|-damage|p1a: Groudon|0 fnt\n|faint|p1a: Groudon\n|\n|-weather|SunnyDay|[upkeep]\n|upkeep\n|\n|t:|1699112300\n|switch|p1a: Giratina|Giratina-Origin, shiny, tera:Normal|100\/100\n|turn|36\n|\n|t:|1699112304\n|move|p2a: espada|Stored Power|p1a: Giratina\n|-damage|p1a: Giratina|0 fnt\n|faint|p1a: Giratina\n|\n|-weather|SunnyDay|[upkeep]\n|upkeep\n|\n|t:|1699112309\n|switch|p1a: Dialga|Dialga-Origin, shiny|100\/100\n|-ability|p1a: Dialga|Pressure\n|turn|37\n|\n|t:|1699112312\n|move|p2a: espada|Baton Pass|p2a: espada\n|\n|t:|1699112314\n|switch|p2a: kirby|Scream Tail|70\/100|[from] Baton Pass\n|-activate|p2a: kirby|ability: Protosynthesis\n|-start|p2a: kirby|protosynthesisspe\n|move|p1a: Dialga|Roar of Time|p2a: kirby\n|-immune|p2a: kirby\n|\n|-weather|SunnyDay|[upkeep]\n|-heal|p2a: kirby|76\/100|[from] item: Leftovers\n|upkeep\n|turn|38\n|\n|t:|1699112318\n|move|p2a: kirby|Bulk Up|p2a: kirby\n|-boost|p2a: kirby|atk|1\n|-boost|p2a: kirby|def|0\n|move|p1a: Dialga|Flash Cannon|p2a: kirby|[miss]\n|-miss|p1a: Dialga|p2a: kirby\n|\n|-weather|SunnyDay|[upkeep]\n|-heal|p2a: kirby|82\/100|[from] item: Leftovers\n|upkeep\n|turn|39\n|\n|t:|1699112325\n|move|p2a: kirby|Baton Pass|p2a: kirby\n|\n|t:|1699112327\n|-end|p2a: kirby|Protosynthesis|[silent]\n|switch|p2a: Hot gas|Drifblim, M|76\/100|[from] Baton Pass\n|move|p1a: Dialga|Flash Cannon|p2a: Hot gas|[miss]\n|-miss|p1a: Dialga|p2a: Hot gas\n|\n|-weather|SunnyDay|[upkeep]\n|upkeep\n|turn|40\n|\n|t:|1699112338\n|move|p2a: Hot gas|Calm Mind|p2a: Hot gas\n|-boost|p2a: Hot gas|spa|1\n|-boost|p2a: Hot gas|spd|0\n|move|p1a: Dialga|Flash Cannon|p2a: Hot gas\n|-activate|p2a: Hot gas|move: Substitute|[damage]\n|\n|-weather|SunnyDay|[upkeep]\n|upkeep\n|turn|41\n|\n|t:|1699112342\n|move|p2a: Hot gas|Calm Mind|p2a: Hot gas\n|-boost|p2a: Hot gas|spa|1\n|-boost|p2a: Hot gas|spd|0\n|move|p1a: Dialga|Flash Cannon|p2a: Hot gas\n|-end|p2a: Hot gas|Substitute\n|\n|-weather|SunnyDay|[upkeep]\n|upkeep\n|turn|42\n|\n|t:|1699112353\n|move|p2a: Hot gas|Substitute|p2a: Hot gas\n|-start|p2a: Hot gas|Substitute\n|-damage|p2a: Hot gas|51\/100\n|move|p1a: Dialga|Roar of Time|p2a: Hot gas|[miss]\n|-miss|p1a: Dialga|p2a: Hot gas\n|\n|-weather|none\n|upkeep\n|turn|43\n|\n|t:|1699112364\n|move|p2a: Hot gas|Baton Pass|p2a: Hot gas\n|\n|t:|1699112368\n|switch|p2a: Jack Black|Hawlucha, M|100\/100|[from] Baton Pass\n|move|p1a: Dialga|Flash Cannon|p2a: Jack Black|[miss]\n|-miss|p1a: Dialga|p2a: Jack Black\n|\n|upkeep\n|turn|44\n|\n|t:|1699112374\n|move|p2a: Jack Black|Hone Claws|p2a: Jack Black\n|-boost|p2a: Jack Black|atk|0\n|-boost|p2a: Jack Black|accuracy|1\n|move|p1a: Dialga|Flash Cannon|p2a: Jack Black|[miss]\n|-miss|p1a: Dialga|p2a: Jack Black\n|\n|upkeep\n|turn|45\n|\n|t:|1699112379\n|move|p2a: Jack Black|Hone Claws|p2a: Jack Black\n|-boost|p2a: Jack Black|atk|0\n|-boost|p2a: Jack Black|accuracy|1\n|move|p1a: Dialga|Flash Cannon|p2a: Jack Black|[miss]\n|-miss|p1a: Dialga|p2a: Jack Black\n|\n|upkeep\n|turn|46\n|\n|t:|1699112386\n|move|p2a: Jack Black|Hone Claws|p2a: Jack Black\n|-boost|p2a: Jack Black|atk|0\n|-boost|p2a: Jack Black|accuracy|1\n|move|p1a: Dialga|Flash Cannon|p2a: Jack Black\n|-activate|p2a: Jack Black|move: Substitute|[damage]\n|\n|upkeep\n|turn|47\n|\n|t:|1699112392\n|move|p2a: Jack Black|Hone Claws|p2a: Jack Black\n|-boost|p2a: Jack Black|atk|0\n|-boost|p2a: Jack Black|accuracy|1\n|move|p1a: Dialga|Roar of Time|p2a: Jack Black\n|-end|p2a: Jack Black|Substitute\n|-mustrecharge|p1a: Dialga\n|\n|upkeep\n|turn|48\n|\n|t:|1699112399\n|move|p2a: Jack Black|Baton Pass|p2a: Jack Black\n|\n|t:|1699112400\n|switch|p2a: kirby|Scream Tail|82\/100|[from] Baton Pass\n|cant|p1a: Dialga|recharge\n|\n|-heal|p2a: kirby|88\/100|[from] item: Leftovers\n|upkeep\n|turn|49\n|\n|t:|1699112407\n|move|p2a: kirby|Substitute|p2a: kirby\n|-start|p2a: kirby|Substitute\n|-damage|p2a: kirby|63\/100\n|move|p1a: Dialga|Flash Cannon|p2a: kirby|[miss]\n|-miss|p1a: Dialga|p2a: kirby\n|\n|-heal|p2a: kirby|70\/100|[from] item: Leftovers\n|upkeep\n|turn|50\n|\n|t:|1699112409\n|move|p2a: kirby|Baton Pass|p2a: kirby\n|\n|t:|1699112412\n|-end|p2a: kirby|Protosynthesis|[silent]\n|switch|p2a: Jack Black|Hawlucha, M|100\/100|[from] Baton Pass\n|move|p1a: Dialga|Flash Cannon|p2a: Jack Black\n|-activate|p2a: Jack Black|move: Substitute|[damage]\n|\n|upkeep\n|turn|51\n|\n|t:|1699112415\n|move|p2a: Jack Black|Hone Claws|p2a: Jack Black\n|-boost|p2a: Jack Black|atk|0\n|-boost|p2a: Jack Black|accuracy|1\n|move|p1a: Dialga|Dragon Claw|p2a: Jack Black|[miss]\n|-miss|p1a: Dialga|p2a: Jack Black\n|\n|upkeep\n|turn|52\n|\n|t:|1699112418\n|move|p2a: Jack Black|Hone Claws|p2a: Jack Black\n|-boost|p2a: Jack Black|atk|0\n|-boost|p2a: Jack Black|accuracy|1\n|move|p1a: Dialga|Dragon Claw|p2a: Jack Black|[miss]\n|-miss|p1a: Dialga|p2a: Jack Black\n|\n|upkeep\n|turn|53\n|\n|t:|1699112424\n|move|p2a: Jack Black|Baton Pass|p2a: Jack Black\n|\n|t:|1699112426\n|switch|p2a: Hot gas|Drifblim, M|51\/100|[from] Baton Pass\n|move|p1a: Dialga|Dragon Claw|p2a: Hot gas|[miss]\n|-miss|p1a: Dialga|p2a: Hot gas\n|\n|upkeep\n|turn|54\n|\n|t:|1699112432\n|move|p2a: Hot gas|Calm Mind|p2a: Hot gas\n|-boost|p2a: Hot gas|spa|1\n|-boost|p2a: Hot gas|spd|0\n|move|p1a: Dialga|Dragon Claw|p2a: Hot gas|[miss]\n|-miss|p1a: Dialga|p2a: Hot gas\n|\n|upkeep\n|turn|55\n|\n|t:|1699112438\n|move|p2a: Hot gas|Calm Mind|p2a: Hot gas\n|-boost|p2a: Hot gas|spa|1\n|-boost|p2a: Hot gas|spd|0\n|move|p1a: Dialga|Dragon Claw|p2a: Hot gas|[miss]\n|-miss|p1a: Dialga|p2a: Hot gas\n|\n|upkeep\n|turn|56\n|\n|t:|1699112445\n|move|p2a: Hot gas|Calm Mind|p2a: Hot gas\n|-boost|p2a: Hot gas|spa|1\n|-boost|p2a: Hot gas|spd|0\n|move|p1a: Dialga|Dragon Claw|p2a: Hot gas\n|-end|p2a: Hot gas|Substitute\n|\n|upkeep\n|turn|57\n|\n|t:|1699112453\n|move|p2a: Hot gas|Substitute|p2a: Hot gas\n|-start|p2a: Hot gas|Substitute\n|-damage|p2a: Hot gas|26\/100\n|move|p1a: Dialga|Flash Cannon|p2a: Hot gas|[miss]\n|-miss|p1a: Dialga|p2a: Hot gas\n|\n|upkeep\n|turn|58\n|\n|t:|1699112457\n|move|p2a: Hot gas|Calm Mind|p2a: Hot gas\n|-boost|p2a: Hot gas|spa|1\n|-boost|p2a: Hot gas|spd|0\n|move|p1a: Dialga|Dragon Claw|p2a: Hot gas|[miss]\n|-miss|p1a: Dialga|p2a: Hot gas\n|\n|upkeep\n|turn|59\n|\n|t:|1699112463\n|move|p2a: Hot gas|Baton Pass|p2a: Hot gas\n|\n|t:|1699112465\n|switch|p2a: espada|Espathra, F|51\/100|[from] Baton Pass\n|move|p1a: Dialga|Dragon Claw|p2a: espada|[miss]\n|-miss|p1a: Dialga|p2a: espada\n|\n|upkeep\n|turn|60\n|c|\u2606wafflecone67|860 pow nice\n|\n|t:|1699112478\n|move|p2a: espada|Stored Power|p1a: Dialga\n|-resisted|p1a: Dialga\n|-damage|p1a: Dialga|0 fnt\n|faint|p1a: Dialga\n|\n|win|wafflecone67\n|raw|rivertail's rating: 1266 &rarr; <strong>1248<\/strong><br \/>(-18 for losing)\n|raw|wafflecone67's rating: 1371 &rarr; <strong>1385<\/strong><br \/>(+14 for winning)\n|c|\u2606rivertail|gg  Ghetto smeargle lol\n|c|\u2606wafflecone67|yeah\n|c|\u2606wafflecone67|I miss spore\n|c|\u2606rivertail|It be like that sometimes\n|c|\u2606wafflecone67|gg\n|c|\u2606rivertail|gg\n","uploadtime":1699112584,"views":5,"p1id":"rivertail","p2id":"wafflecone67","formatid":"gen9anythinggoes","rating":1248,"private":0,"password":""}