{"id":"gen9anythinggoes-1993797340","p1":"Koro\/Shiina","p2":"NeonLighteon","format":"[Gen 9] Anything Goes","log":"|j|\u2606Koro\/Shiina\n|j|\u2606NeonLighteon\n|t:|1700358441\n|gametype|singles\n|player|p1|Koro\/Shiina|roxie|1079\n|player|p2|NeonLighteon|waiter|1106\n|teamsize|p1|6\n|teamsize|p2|6\n|gen|9\n|tier|[Gen 9] Anything Goes\n|rated|\n|rule|HP Percentage Mod: HP is shown in percentages\n|rule|Endless Battle Clause: Forcing endless battles is banned\n|clearpoke\n|poke|p1|Corviknight, M|\n|poke|p1|Garchomp, F|\n|poke|p1|Slowbro-Galar, F|\n|poke|p1|Slowking-Galar, F|\n|poke|p1|Toxapex, F|\n|poke|p1|Hydreigon, F|\n|poke|p2|Clodsire, F|\n|poke|p2|Quagsire, F|\n|poke|p2|Gallade, M|\n|poke|p2|Gardevoir, F|\n|poke|p2|Hoopa-Unbound|\n|poke|p2|Hoopa|\n|teampreview\n|\n|t:|1700358449\n|start\n|switch|p1a: Toxapex|Toxapex, F|100\/100\n|switch|p2a: woman|Gardevoir, F|100\/100\n|turn|1\n|\n|t:|1700358458\n|move|p2a: woman|Calm Mind|p2a: woman\n|-boost|p2a: woman|spa|1\n|-boost|p2a: woman|spd|1\n|move|p1a: Toxapex|Toxic|p2a: woman\n|-status|p2a: woman|tox\n|-activate|p2a: woman|ability: Synchronize\n|-immune|p1a: Toxapex\n|\n|-damage|p2a: woman|94\/100 tox|[from] psn\n|upkeep\n|turn|2\n|\n|t:|1700358469\n|move|p2a: woman|Future Sight|p1a: Toxapex\n|-start|p2a: woman|move: Future Sight\n|move|p1a: Toxapex|Haze|p1a: Toxapex\n|-clearallboost\n|\n|-damage|p2a: woman|82\/100 tox|[from] psn\n|upkeep\n|turn|3\n|c|\u2606Koro\/Shiina|!dt future sight\n|raw|<ul class=\"utilichart\"><li class=\"result\"><span class=\"col movenamecol\"><a href=\"https:\/\/dex.pokemonshowdown.com\/moves\/futuresight\">Future Sight<\/a><\/span> <span class=\"col typecol\"><img src=\"\/\/play.pokemonshowdown.com\/sprites\/types\/Psychic.png\" alt=\"Psychic\" width=\"32\" height=\"14\"><img src=\"\/\/play.pokemonshowdown.com\/sprites\/categories\/Special.png\" alt=\"Special\" width=\"32\" height=\"14\"><\/span> <span class=\"col labelcol\"><em>Power<\/em><br>120<\/span> <span class=\"col widelabelcol\"><em>Accuracy<\/em><br>100%<\/span> <span class=\"col pplabelcol\"><em>PP<\/em><br>16<\/span> <span class=\"col movedesccol\">Hits two turns after being used.<\/span> <\/li><li style=\"clear:both\"><\/li><\/ul>\n|raw|<font size=\"1\"><font color=\"#686868\">Priority:<\/font> 0&nbsp;|&ThickSpace;<font color=\"#686868\">Gen:<\/font> 2&nbsp;|&ThickSpace;&#10003; Bypasses Protect&nbsp;|&ThickSpace;<font color=\"#686868\">Z-Power:<\/font> 190&nbsp;|&ThickSpace;<font color=\"#686868\">Dynamax Power:<\/font> 140&nbsp;|&ThickSpace;<font color=\"#686868\">Target:<\/font> One Adjacent Pok\u00e9mon<\/font>\n\n|\n|t:|1700358489\n|move|p2a: woman|Calm Mind|p2a: woman\n|-boost|p2a: woman|spa|1\n|-boost|p2a: woman|spd|1\n|move|p1a: Toxapex|Haze|p1a: Toxapex\n|-clearallboost\n|\n|-damage|p2a: woman|64\/100 tox|[from] psn\n|upkeep\n|turn|4\n|\n|t:|1700358496\n|switch|p1a: Cyberian Dragon|Hydreigon, F|100\/100\n|move|p2a: woman|Calm Mind|p2a: woman\n|-boost|p2a: woman|spa|1\n|-boost|p2a: woman|spd|1\n|\n|-end|p1a: Cyberian Dragon|move: Future Sight\n|-immune|p1a: Cyberian Dragon\n|-damage|p2a: woman|39\/100 tox|[from] psn\n|upkeep\n|turn|5\n|\n|t:|1700358508\n|switch|p1a: Toxapex|Toxapex, F|100\/100\n|move|p2a: woman|Moonblast|p1a: Toxapex\n|-resisted|p1a: Toxapex\n|-damage|p1a: Toxapex|80\/100\n|-heal|p2a: woman|42\/100 tox|[from] item: Shell Bell|[of] p1a: Toxapex\n|\n|-heal|p1a: Toxapex|86\/100|[from] item: Black Sludge\n|-damage|p2a: woman|11\/100 tox|[from] psn\n|upkeep\n|turn|6\n|\n|t:|1700358522\n|move|p2a: woman|Night Shade|p1a: Toxapex\n|-damage|p1a: Toxapex|53\/100\n|-heal|p2a: woman|15\/100 tox|[from] item: Shell Bell|[of] p1a: Toxapex\n|move|p1a: Toxapex|Recover|p1a: Toxapex\n|-heal|p1a: Toxapex|100\/100\n|\n|-damage|p2a: woman|0 fnt|[from] psn\n|faint|p2a: woman\n|upkeep\n|\n|t:|1700358533\n|switch|p2a: dry|Clodsire, F|100\/100\n|turn|7\n|\n|t:|1700358541\n|switch|p1a: Slowbro|Slowbro-Galar, F, shiny|100\/100\n|move|p2a: dry|Substitute|p2a: dry\n|-start|p2a: dry|Substitute\n|-damage|p2a: dry|75\/100\n|\n|-heal|p2a: dry|82\/100|[from] item: Leftovers\n|upkeep\n|turn|8\n|\n|t:|1700358556\n|move|p1a: Slowbro|Nasty Plot|p1a: Slowbro\n|-boost|p1a: Slowbro|spa|2\n|move|p2a: dry|Stealth Rock|p1a: Slowbro\n|-sidestart|p1: Koro\/Shiina|move: Stealth Rock\n|\n|-heal|p2a: dry|88\/100|[from] item: Leftovers\n|upkeep\n|turn|9\n|-activate|p1a: Slowbro|ability: Quick Draw\n|\n|t:|1700358575\n|switch|p2a: lil bro|Hoopa|100\/100\n|move|p1a: Slowbro|Shell Side Arm|p2a: lil bro|[anim] Shell Side Arm Special\n|-resisted|p2a: lil bro\n|-damage|p2a: lil bro|64\/100\n|-hint|Special Shell Side Arm\n|-status|p2a: lil bro|psn\n|\n|-damage|p2a: lil bro|52\/100 psn|[from] psn\n|upkeep\n|turn|10\n|\n|t:|1700358596\n|switch|p1a: Cyberian Dragon|Hydreigon, F|100\/100\n|-damage|p1a: Cyberian Dragon|88\/100|[from] Stealth Rock\n|move|p2a: lil bro|Psychic|p1a: Cyberian Dragon\n|-immune|p1a: Cyberian Dragon\n|\n|-damage|p2a: lil bro|40\/100 psn|[from] psn\n|upkeep\n|turn|11\n|\n|t:|1700358609\n|switch|p2a: big bro|Hoopa-Unbound|100\/100\n|move|p1a: Cyberian Dragon|Dark Pulse|p2a: big bro\n|-damage|p2a: big bro|63\/100\n|\n|upkeep\n|turn|12\n|\n|t:|1700358618\n|move|p1a: Cyberian Dragon|Dark Pulse|p2a: big bro\n|-damage|p2a: big bro|28\/100\n|cant|p2a: big bro|flinch\n|\n|upkeep\n|turn|13\n|\n|t:|1700358626\n|move|p1a: Cyberian Dragon|Dark Pulse|p2a: big bro\n|-damage|p2a: big bro|0 fnt\n|faint|p2a: big bro\n|\n|upkeep\n|\n|t:|1700358638\n|switch|p2a: dry|Clodsire, F|88\/100\n|turn|14\n|\n|t:|1700358646\n|switch|p1a: Slowbro|Slowbro-Galar, F, shiny|100\/100\n|-damage|p1a: Slowbro|88\/100|[from] Stealth Rock\n|move|p2a: dry|Spikes|p1a: Slowbro\n|-sidestart|p1: Koro\/Shiina|Spikes\n|\n|-heal|p2a: dry|94\/100|[from] item: Leftovers\n|upkeep\n|turn|15\n|-activate|p1a: Slowbro|item: Quick Claw\n|\n|t:|1700358677\n|move|p1a: Slowbro|Psychic|p2a: dry\n|-supereffective|p2a: dry\n|-damage|p2a: dry|40\/100\n|move|p2a: dry|Spikes|p1a: Slowbro\n|-sidestart|p1: Koro\/Shiina|Spikes\n|\n|-heal|p2a: dry|46\/100|[from] item: Leftovers\n|upkeep\n|turn|16\n|\n|t:|1700358687\n|move|p1a: Slowbro|Psychic|p2a: dry\n|-supereffective|p2a: dry\n|-damage|p2a: dry|0 fnt\n|faint|p2a: dry\n|\n|upkeep\n|\n|t:|1700358694\n|switch|p2a: lil bro|Hoopa|40\/100 psn\n|turn|17\n|-activate|p1a: Slowbro|ability: Quick Draw\n|\n|t:|1700358710\n|move|p1a: Slowbro|Shell Side Arm|p2a: lil bro|[anim] Shell Side Arm Physical\n|-resisted|p2a: lil bro\n|-damage|p2a: lil bro|13\/100 psn\n|-hint|Physical Shell Side Arm\n|move|p2a: lil bro|Focus Blast|p1a: Slowbro\n|-resisted|p1a: Slowbro\n|-damage|p1a: Slowbro|68\/100\n|\n|-damage|p2a: lil bro|0 fnt|[from] psn\n|faint|p2a: lil bro\n|upkeep\n|\n|t:|1700358723\n|switch|p2a: man|Gallade, M|100\/100\n|turn|18\n|\n|t:|1700358732\n|switch|p1a: Cyberian Dragon|Hydreigon, F|88\/100\n|-damage|p1a: Cyberian Dragon|76\/100|[from] Stealth Rock\n|move|p2a: man|Knock Off|p1a: Cyberian Dragon\n|-resisted|p1a: Cyberian Dragon\n|-damage|p1a: Cyberian Dragon|56\/100\n|-enditem|p1a: Cyberian Dragon|Choice Scarf|[from] move: Knock Off|[of] p2a: man\n|\n|upkeep\n|turn|19\n|\n|t:|1700358747\n|move|p1a: Cyberian Dragon|Draco Meteor|p2a: man\n|-damage|p2a: man|31\/100\n|-unboost|p1a: Cyberian Dragon|spa|2\n|move|p2a: man|Agility|p2a: man\n|-boost|p2a: man|spe|2\n|\n|upkeep\n|turn|20\n|\n|t:|1700358759\n|move|p2a: man|Aqua Cutter|p1a: Cyberian Dragon\n|-resisted|p1a: Cyberian Dragon\n|-crit|p1a: Cyberian Dragon\n|-damage|p1a: Cyberian Dragon|33\/100\n|move|p1a: Cyberian Dragon|Draco Meteor|p2a: man\n|-damage|p2a: man|0 fnt\n|-unboost|p1a: Cyberian Dragon|spa|2\n|faint|p2a: man\n|\n|upkeep\n|\n|t:|1700358768\n|switch|p2a: wet|Quagsire, F|100\/100\n|turn|21\n|\n|t:|1700358776\n|move|p1a: Cyberian Dragon|Draco Meteor|p2a: wet\n|-damage|p2a: wet|22\/100\n|-unboost|p1a: Cyberian Dragon|spa|2\n|move|p2a: wet|Aqua Tail|p1a: Cyberian Dragon\n|-resisted|p1a: Cyberian Dragon\n|-damage|p1a: Cyberian Dragon|17\/100\n|\n|upkeep\n|turn|22\n|c|\u2606Koro\/Shiina|gg\n|\n|t:|1700358789\n|move|p1a: Cyberian Dragon|Draco Meteor|p2a: wet\n|-damage|p2a: wet|0 fnt\n|faint|p2a: wet\n|\n|win|Koro\/Shiina\n|raw|Koro&#x2f;Shiina's rating: 1079 &rarr; <strong>1109<\/strong><br \/>(+30 for winning)\n|raw|NeonLighteon's rating: 1106 &rarr; <strong>1079<\/strong><br \/>(-27 for losing)\n|c|\u2606NeonLighteon|gg\n|l|\u2606NeonLighteon\n","uploadtime":1700358825,"views":3,"p1id":"koroshiina","p2id":"neonlighteon","formatid":"gen9anythinggoes","rating":1079,"private":0,"password":""}