{"id":"gen9anythinggoes-1983056762","p1":"valchako","p2":"Ecco4502","format":"[Gen 9] Anything Goes","log":"|j|\u2606valchako\n|j|\u2606Ecco4502\n|t:|1699076751\n|gametype|singles\n|player|p1|valchako|265|1012\n|player|p2|Ecco4502|hilbert|1040\n|teamsize|p1|6\n|teamsize|p2|6\n|gen|9\n|tier|[Gen 9] Anything Goes\n|rated|\n|rule|HP Percentage Mod: HP is shown in percentages\n|rule|Endless Battle Clause: Forcing endless battles is banned\n|clearpoke\n|poke|p1|Heatran, F|\n|poke|p1|Ninetales-Alola, F|\n|poke|p1|Alomomola, M|\n|poke|p1|Landorus-Therian, M|\n|poke|p1|Ogerpon-Cornerstone, F|\n|poke|p1|Zapdos|\n|poke|p2|Raichu-Alola, F|\n|poke|p2|Flareon, M|\n|poke|p2|Gogoat, M|\n|poke|p2|Milotic, F|\n|poke|p2|Furret, F|\n|poke|p2|Ninetales-Alola, M|\n|teampreview\n|\n|t:|1699076764\n|start\n|switch|p1a: Ninetales|Ninetales-Alola, F|100\/100\n|switch|p2a: Psyshock|Raichu-Alola, F|100\/100\n|turn|1\n|\n|t:|1699076773\n|-terastallize|p1a: Ninetales|Ice\n|move|p2a: Psyshock|Electric Terrain|p2a: Psyshock\n|-fieldstart|move: Electric Terrain\n|-enditem|p2a: Psyshock|Electric Seed\n|-boost|p2a: Psyshock|def|1|[from] item: Electric Seed\n|move|p1a: Ninetales|Avalanche|p2a: Psyshock\n|-damage|p2a: Psyshock|69\/100\n|\n|upkeep\n|turn|2\n|\n|t:|1699076788\n|move|p2a: Psyshock|Electro Ball|p1a: Ninetales\n|-damage|p1a: Ninetales|47\/100\n|move|p1a: Ninetales|Avalanche|p2a: Psyshock\n|-damage|p2a: Psyshock|3\/100\n|\n|upkeep\n|turn|3\n|\n|t:|1699076798\n|switch|p1a: Ogerpon|Ogerpon-Cornerstone, F|100\/100\n|move|p2a: Psyshock|Electro Ball|p1a: Ogerpon\n|-resisted|p1a: Ogerpon\n|-damage|p1a: Ogerpon|76\/100\n|\n|upkeep\n|turn|4\n|\n|t:|1699076807\n|move|p2a: Psyshock|Psychic|p1a: Ogerpon\n|-damage|p1a: Ogerpon|27\/100\n|move|p1a: Ogerpon|Counter||[still]\n|-fail|p1a: Ogerpon\n|\n|upkeep\n|turn|5\n|\n|t:|1699076813\n|move|p2a: Psyshock|Psychic|p1a: Ogerpon\n|-damage|p1a: Ogerpon|0 fnt\n|faint|p1a: Ogerpon\n|\n|-fieldend|move: Electric Terrain\n|upkeep\n|\n|t:|1699076819\n|switch|p1a: Alomomola|Alomomola, M|100\/100\n|turn|6\n|\n|t:|1699076823\n|move|p1a: Alomomola|Aqua Jet|p2a: Psyshock\n|-damage|p2a: Psyshock|0 fnt\n|faint|p2a: Psyshock\n|\n|upkeep\n|\n|t:|1699076830\n|switch|p2a: Ziege|Gogoat, M, shiny|100\/100\n|turn|7\n|\n|t:|1699076835\n|switch|p1a: Heatran|Heatran, F|100\/100\n|move|p2a: Ziege|Bulk Up|p2a: Ziege\n|-boost|p2a: Ziege|atk|1\n|-boost|p2a: Ziege|def|1\n|\n|upkeep\n|turn|8\n|\n|t:|1699076848\n|-terastallize|p2a: Ziege|Fire\n|move|p1a: Heatran|Heat Wave|p2a: Ziege|[miss]\n|-miss|p1a: Heatran|p2a: Ziege\n|move|p2a: Ziege|Bulk Up|p2a: Ziege\n|-boost|p2a: Ziege|atk|1\n|-boost|p2a: Ziege|def|1\n|\n|upkeep\n|turn|9\n|\n|t:|1699076858\n|move|p1a: Heatran|Flamethrower|p2a: Ziege\n|-resisted|p2a: Ziege\n|-damage|p2a: Ziege|88\/100\n|move|p2a: Ziege|Bulk Up|p2a: Ziege\n|-boost|p2a: Ziege|atk|1\n|-boost|p2a: Ziege|def|1\n|\n|upkeep\n|turn|10\n|\n|t:|1699076866\n|move|p1a: Heatran|Flamethrower|p2a: Ziege\n|-resisted|p2a: Ziege\n|-damage|p2a: Ziege|77\/100\n|move|p2a: Ziege|Bulk Up|p2a: Ziege\n|-boost|p2a: Ziege|atk|1\n|-boost|p2a: Ziege|def|1\n|\n|upkeep\n|turn|11\n|\n|t:|1699076873\n|move|p1a: Heatran|Heat Wave|p2a: Ziege\n|-resisted|p2a: Ziege\n|-damage|p2a: Ziege|65\/100\n|move|p2a: Ziege|Bulk Up|p2a: Ziege\n|-boost|p2a: Ziege|atk|1\n|-boost|p2a: Ziege|def|1\n|\n|upkeep\n|turn|12\n|\n|t:|1699076881\n|move|p1a: Heatran|Heat Wave|p2a: Ziege\n|-resisted|p2a: Ziege\n|-damage|p2a: Ziege|53\/100\n|move|p2a: Ziege|Bulk Up|p2a: Ziege\n|-boost|p2a: Ziege|atk|1\n|-boost|p2a: Ziege|def|1\n|\n|upkeep\n|turn|13\n|\n|t:|1699076890\n|move|p1a: Heatran|Heat Wave|p2a: Ziege|[miss]\n|-miss|p1a: Heatran|p2a: Ziege\n|move|p2a: Ziege|Milk Drink|p2a: Ziege\n|-heal|p2a: Ziege|100\/100\n|\n|upkeep\n|turn|14\n|\n|t:|1699076897\n|move|p1a: Heatran|Flamethrower|p2a: Ziege\n|-resisted|p2a: Ziege\n|-damage|p2a: Ziege|89\/100\n|move|p2a: Ziege|Rock Slide|p1a: Heatran\n|-damage|p1a: Heatran|29\/100\n|\n|upkeep\n|turn|15\n|\n|t:|1699076905\n|move|p1a: Heatran|Lunge|p2a: Ziege\n|-resisted|p2a: Ziege\n|-damage|p2a: Ziege|86\/100\n|-unboost|p2a: Ziege|atk|1\n|move|p2a: Ziege|Rock Slide|p1a: Heatran|[miss]\n|-miss|p2a: Ziege|p1a: Heatran\n|\n|upkeep\n|turn|16\n|\n|t:|1699076915\n|switch|p1a: Zapdos|Zapdos|100\/100\n|-ability|p1a: Zapdos|Pressure\n|move|p2a: Ziege|Bulk Up|p2a: Ziege\n|-boost|p2a: Ziege|atk|1\n|-boost|p2a: Ziege|def|0\n|\n|upkeep\n|turn|17\n|\n|t:|1699076924\n|move|p1a: Zapdos|Thunderbolt|p2a: Ziege\n|-damage|p2a: Ziege|62\/100\n|move|p2a: Ziege|Rock Slide|p1a: Zapdos\n|-supereffective|p1a: Zapdos\n|-damage|p1a: Zapdos|0 fnt\n|faint|p1a: Zapdos\n|\n|upkeep\n|\n|t:|1699076933\n|switch|p1a: Landorus|Landorus-Therian, M|100\/100\n|-ability|p1a: Landorus|Intimidate|boost\n|-unboost|p2a: Ziege|atk|1\n|turn|18\n|\n|t:|1699076938\n|move|p1a: Landorus|Hammer Arm|p2a: Ziege\n|-damage|p2a: Ziege|53\/100\n|-unboost|p1a: Landorus|spe|1\n|move|p2a: Ziege|Horn Leech|p1a: Landorus\n|-damage|p1a: Landorus|0 fnt\n|-heal|p2a: Ziege|88\/100|[from] drain|[of] p1a: Landorus\n|faint|p1a: Landorus\n|\n|upkeep\n|\n|t:|1699076951\n|switch|p1a: Alomomola|Alomomola, M|100\/100\n|turn|19\n|\n|t:|1699076955\n|move|p1a: Alomomola|Aqua Jet|p2a: Ziege\n|-supereffective|p2a: Ziege\n|-damage|p2a: Ziege|82\/100\n|-enditem|p2a: Ziege|Weakness Policy\n|-boost|p2a: Ziege|atk|1|[from] item: Weakness Policy\n|-boost|p2a: Ziege|spa|2|[from] item: Weakness Policy\n|move|p2a: Ziege|Horn Leech|p1a: Alomomola\n|-supereffective|p1a: Alomomola\n|-damage|p1a: Alomomola|0 fnt\n|-heal|p2a: Ziege|100\/100|[from] drain|[of] p1a: Alomomola\n|faint|p1a: Alomomola\n|\n|upkeep\n|-message|valchako forfeited.\n|\n|win|Ecco4502\n|raw|valchako's rating: 1012 &rarr; <strong>1001<\/strong><br \/>(-11 for losing)\n|raw|Ecco4502's rating: 1040 &rarr; <strong>1071<\/strong><br \/>(+31 for winning)\n|l|\u2606valchako\n","uploadtime":1699076970,"views":8,"p1id":"valchako","p2id":"ecco4502","formatid":"gen9anythinggoes","rating":1001,"private":0,"password":""}