{"id":"gen9anythinggoes-1979369247","p1":"Terra_Spectrum8293","p2":"ultronisnumber1","format":"[Gen 9] Anything Goes","log":"|j|\u2606Terra_Spectrum8293\n|j|\u2606ultronisnumber1\n|t:|1698677161\n|gametype|singles\n|player|p1|Terra_Spectrum8293|nessa|1171\n|player|p2|ultronisnumber1|ghetsis|1179\n|teamsize|p1|6\n|teamsize|p2|6\n|gen|9\n|tier|[Gen 9] Anything Goes\n|rated|\n|rule|HP Percentage Mod: HP is shown in percentages\n|rule|Endless Battle Clause: Forcing endless battles is banned\n|clearpoke\n|poke|p1|Dragapult, F|\n|poke|p1|Garchomp, M|\n|poke|p1|Salamence, F|\n|poke|p1|Furret, M|\n|poke|p1|Cyclizar, F|\n|poke|p1|Zoroark-Hisui, M|\n|poke|p2|Hippowdon, M|\n|poke|p2|Clodsire, M|\n|poke|p2|Pawmot, F|\n|poke|p2|Iron Treads|\n|poke|p2|Wugtrio, F|\n|poke|p2|Squawkabilly-White, F|\n|teampreview\n|inactive|Battle timer is ON: inactive players will automatically lose when time's up. (requested by Terra_Spectrum8293)\n|\n|t:|1698677172\n|start\n|switch|p1a: Ender|Dragapult, F|100\/100\n|switch|p2a: Hippowdon|Hippowdon, M, shiny|100\/100\n|-weather|Sandstorm|[from] ability: Sand Stream|[of] p2a: Hippowdon\n|turn|1\n|\n|t:|1698677178\n|move|p1a: Ender|Taunt|p2a: Hippowdon\n|-start|p2a: Hippowdon|move: Taunt\n|cant|p2a: Hippowdon|move: Taunt|Yawn\n|\n|-weather|Sandstorm|[upkeep]\n|-damage|p1a: Ender|95\/100|[from] Sandstorm\n|upkeep\n|turn|2\n|\n|t:|1698677184\n|move|p1a: Ender|Agility|p1a: Ender\n|-boost|p1a: Ender|spe|2\n|move|p2a: Hippowdon|Mud-Slap|p1a: Ender\n|-damage|p1a: Ender|83\/100\n|-unboost|p1a: Ender|accuracy|1\n|replace|p1a: Hello There.|Zoroark-Hisui, M\n|-end|p1a: Hello There.|Illusion\n|\n|-weather|Sandstorm|[upkeep]\n|-damage|p1a: Hello There.|77\/100|[from] Sandstorm\n|upkeep\n|turn|3\n|\n|t:|1698677198\n|move|p1a: Hello There.|Dark Pulse|p2a: Hippowdon\n|-damage|p2a: Hippowdon|65\/100\n|move|p2a: Hippowdon|Mud-Slap|p1a: Hello There.\n|-damage|p1a: Hello There.|65\/100\n|-unboost|p1a: Hello There.|accuracy|1\n|\n|-weather|Sandstorm|[upkeep]\n|-damage|p1a: Hello There.|59\/100|[from] Sandstorm\n|-end|p2a: Hippowdon|move: Taunt\n|upkeep\n|turn|4\n|\n|t:|1698677208\n|move|p1a: Hello There.|Taunt|p2a: Hippowdon\n|-start|p2a: Hippowdon|move: Taunt\n|cant|p2a: Hippowdon|move: Taunt|Yawn\n|\n|-weather|Sandstorm|[upkeep]\n|-damage|p1a: Hello There.|53\/100|[from] Sandstorm\n|upkeep\n|turn|5\n|\n|t:|1698677214\n|switch|p1a: Cactus|Garchomp, M|100\/100\n|move|p2a: Hippowdon|Mud-Slap|p1a: Cactus\n|-damage|p1a: Cactus|94\/100\n|-unboost|p1a: Cactus|accuracy|1\n|\n|-weather|Sandstorm|[upkeep]\n|upkeep\n|turn|6\n|\n|t:|1698677224\n|move|p1a: Cactus|Earthquake|p2a: Hippowdon\n|-damage|p2a: Hippowdon|37\/100\n|move|p2a: Hippowdon|Mud-Slap|p1a: Cactus\n|-damage|p1a: Cactus|88\/100\n|-unboost|p1a: Cactus|accuracy|1\n|\n|-weather|Sandstorm|[upkeep]\n|-end|p2a: Hippowdon|move: Taunt\n|upkeep\n|turn|7\n|\n|t:|1698677232\n|move|p1a: Cactus|Earthquake|p2a: Hippowdon\n|-damage|p2a: Hippowdon|11\/100\n|move|p2a: Hippowdon|Yawn|p1a: Cactus\n|-start|p1a: Cactus|move: Yawn|[of] p2a: Hippowdon\n|\n|-weather|Sandstorm|[upkeep]\n|upkeep\n|turn|8\n|\n|t:|1698677239\n|switch|p1a: Yoshi|Cyclizar, F|100\/100\n|move|p2a: Hippowdon|Stealth Rock|p1a: Yoshi\n|-sidestart|p1: Terra_Spectrum8293|move: Stealth Rock\n|\n|-weather|none\n|upkeep\n|turn|9\n|\n|t:|1698677247\n|move|p1a: Yoshi|Rapid Spin|p2a: Hippowdon\n|-damage|p2a: Hippowdon|3\/100\n|-boost|p1a: Yoshi|spe|1\n|-sideend|p1: Terra_Spectrum8293|Stealth Rock|[from] move: Rapid Spin|[of] p1a: Yoshi\n|move|p2a: Hippowdon|Yawn|p1a: Yoshi\n|-start|p1a: Yoshi|move: Yawn|[of] p2a: Hippowdon\n|\n|upkeep\n|turn|10\n|\n|t:|1698677253\n|move|p1a: Yoshi|Shed Tail|p1a: Yoshi\n|-start|p1a: Yoshi|Substitute|[from] move: Shed Tail\n|-damage|p1a: Yoshi|50\/100\n|\n|t:|1698677260\n|switch|p1a: Slide|Furret, M|100\/100|[from] Shed Tail\n|move|p2a: Hippowdon|Stealth Rock|p1a: Slide\n|-sidestart|p1: Terra_Spectrum8293|move: Stealth Rock\n|\n|upkeep\n|turn|11\n|\n|t:|1698677265\n|move|p1a: Slide|Coil|p1a: Slide\n|-boost|p1a: Slide|atk|1\n|-boost|p1a: Slide|def|1\n|-boost|p1a: Slide|accuracy|1\n|move|p2a: Hippowdon|Mud-Slap|p1a: Slide\n|-activate|p1a: Slide|move: Substitute|[damage]\n|\n|upkeep\n|turn|12\n|\n|t:|1698677280\n|move|p1a: Slide|Coil|p1a: Slide\n|-boost|p1a: Slide|atk|1\n|-boost|p1a: Slide|def|1\n|-boost|p1a: Slide|accuracy|1\n|move|p2a: Hippowdon|Whirlwind|p1a: Slide\n|drag|p1a: Yoshi|Cyclizar, F|84\/100\n|\n|upkeep\n|turn|13\n|\n|t:|1698677288\n|move|p1a: Yoshi|Taunt|p2a: Hippowdon\n|-start|p2a: Hippowdon|move: Taunt\n|move|p2a: Hippowdon|Mud-Slap|p1a: Yoshi\n|-damage|p1a: Yoshi|77\/100\n|-unboost|p1a: Yoshi|accuracy|1\n|\n|upkeep\n|turn|14\n|\n|t:|1698677295\n|move|p1a: Yoshi|Shed Tail|p1a: Yoshi\n|-start|p1a: Yoshi|Substitute|[from] move: Shed Tail\n|-damage|p1a: Yoshi|26\/100\n|\n|t:|1698677299\n|switch|p1a: Slide|Furret, M|100\/100|[from] Shed Tail\n|-damage|p1a: Slide|88\/100|[from] Stealth Rock\n|move|p2a: Hippowdon|Mud-Slap|p1a: Slide\n|-activate|p1a: Slide|move: Substitute|[damage]\n|\n|upkeep\n|turn|15\n|\n|t:|1698677308\n|move|p1a: Slide|Seed Bomb|p2a: Hippowdon\n|-supereffective|p2a: Hippowdon\n|-damage|p2a: Hippowdon|0 fnt\n|faint|p2a: Hippowdon\n|\n|upkeep\n|\n|t:|1698677313\n|switch|p2a: Clodsire|Clodsire, M|100\/100\n|turn|16\n|\n|t:|1698677318\n|move|p1a: Slide|Coil|p1a: Slide\n|-boost|p1a: Slide|atk|1\n|-boost|p1a: Slide|def|1\n|-boost|p1a: Slide|accuracy|1\n|move|p2a: Clodsire|Rock Slide|p1a: Slide\n|-activate|p1a: Slide|move: Substitute|[damage]\n|\n|upkeep\n|turn|17\n|\n|t:|1698677327\n|move|p1a: Slide|Coil|p1a: Slide\n|-boost|p1a: Slide|atk|1\n|-boost|p1a: Slide|def|1\n|-boost|p1a: Slide|accuracy|1\n|move|p2a: Clodsire|Rock Slide|p1a: Slide\n|-end|p1a: Slide|Substitute\n|\n|upkeep\n|turn|18\n|\n|t:|1698677337\n|move|p1a: Slide|Tidy Up|p1a: Slide\n|-sideend|p1: Terra_Spectrum8293|Stealth Rock\n|-activate|p1a: Slide|move: Tidy Up\n|-boost|p1a: Slide|atk|1\n|-boost|p1a: Slide|spe|1\n|move|p2a: Clodsire|Toxic|p1a: Slide\n|-status|p1a: Slide|tox\n|\n|-damage|p1a: Slide|82\/100 tox|[from] psn\n|upkeep\n|turn|19\n|\n|t:|1698677346\n|move|p1a: Slide|Seed Bomb|p2a: Clodsire\n|-damage|p2a: Clodsire|51\/100\n|move|p2a: Clodsire|Stockpile|p2a: Clodsire\n|-start|p2a: Clodsire|stockpile1\n|-boost|p2a: Clodsire|def|1\n|-boost|p2a: Clodsire|spd|1\n|\n|-heal|p2a: Clodsire|57\/100|[from] item: Leftovers\n|-damage|p1a: Slide|70\/100 tox|[from] psn\n|upkeep\n|turn|20\n|\n|t:|1698677357\n|move|p1a: Slide|Seed Bomb|p2a: Clodsire\n|-damage|p2a: Clodsire|18\/100\n|move|p2a: Clodsire|Stockpile|p2a: Clodsire\n|-start|p2a: Clodsire|stockpile2\n|-boost|p2a: Clodsire|def|1\n|-boost|p2a: Clodsire|spd|1\n|\n|-heal|p2a: Clodsire|24\/100|[from] item: Leftovers\n|-damage|p1a: Slide|52\/100 tox|[from] psn\n|upkeep\n|turn|21\n|\n|t:|1698677370\n|move|p1a: Slide|Seed Bomb|p2a: Clodsire\n|-damage|p2a: Clodsire|0 fnt\n|faint|p2a: Clodsire\n|\n|-damage|p1a: Slide|27\/100 tox|[from] psn\n|upkeep\n|\n|t:|1698677373\n|switch|p2a: Pawmot|Pawmot, F|100\/100\n|turn|22\n|\n|t:|1698677378\n|move|p2a: Pawmot|Fake Out|p1a: Slide\n|-damage|p1a: Slide|18\/100 tox\n|-enditem|p1a: Slide|Figy Berry|[eat]\n|-heal|p1a: Slide|51\/100 tox|[from] item: Figy Berry\n|cant|p1a: Slide|flinch\n|\n|-damage|p1a: Slide|20\/100 tox|[from] psn\n|upkeep\n|turn|23\n|\n|t:|1698677386\n|move|p2a: Pawmot|Mach Punch|p1a: Slide\n|-supereffective|p1a: Slide\n|-damage|p1a: Slide|0 fnt\n|faint|p1a: Slide\n|\n|upkeep\n|\n|t:|1698677392\n|switch|p1a: Ender|Dragapult, F|53\/100\n|turn|24\n|\n|t:|1698677401\n|move|p2a: Pawmot|Revival Blessing|p2a: Pawmot\n|\n|t:|1698677403\n|-heal|p2: Hippowdon|50\/100|[from] move: Revival Blessing\n|move|p1a: Ender|Taunt|p2a: Pawmot\n|-start|p2a: Pawmot|move: Taunt\n|\n|upkeep\n|turn|25\n|\n|t:|1698677412\n|move|p2a: Pawmot|Double Shock|p1a: Ender\n|-crit|p1a: Ender\n|-damage|p1a: Ender|0 fnt\n|-start|p2a: Pawmot|typechange|???\/Fighting|[from] move: Double Shock\n|replace|p1a: Hello There.|Zoroark-Hisui, M\n|-end|p1a: Hello There.|Illusion\n|faint|p1a: Hello There.\n|\n|upkeep\n|\n|t:|1698677421\n|switch|p1a: Dino|Salamence, F|100\/100\n|turn|26\n|\n|t:|1698677451\n|-terastallize|p2a: Pawmot|Electric\n|-terastallize|p1a: Dino|Fire\n|move|p2a: Pawmot|Double Shock|p1a: Dino\n|-damage|p1a: Dino|27\/100\n|-start|p2a: Pawmot|typechange|Electric|[from] move: Double Shock\n|move|p1a: Dino|Dragon Dance|p1a: Dino\n|-boost|p1a: Dino|atk|1\n|-boost|p1a: Dino|spe|1\n|\n|upkeep\n|turn|27\n|\n|t:|1698677460\n|move|p2a: Pawmot|Mach Punch|p1a: Dino\n|-damage|p1a: Dino|0 fnt\n|faint|p1a: Dino\n|\n|-end|p2a: Pawmot|move: Taunt\n|upkeep\n|\n|t:|1698677466\n|switch|p1a: Cactus|Garchomp, M|88\/100\n|turn|28\n|\n|t:|1698677469\n|move|p2a: Pawmot|Mach Punch|p1a: Cactus\n|-damage|p1a: Cactus|66\/100\n|-damage|p2a: Pawmot|88\/100|[from] ability: Rough Skin|[of] p1a: Cactus\n|-damage|p2a: Pawmot|72\/100|[from] item: Rocky Helmet|[of] p1a: Cactus\n|move|p1a: Cactus|Earthquake|p2a: Pawmot\n|-supereffective|p2a: Pawmot\n|-damage|p2a: Pawmot|0 fnt\n|faint|p2a: Pawmot\n|\n|upkeep\n|\n|t:|1698677472\n|switch|p2a: Hippowdon|Hippowdon, M, shiny|50\/100\n|-weather|Sandstorm|[from] ability: Sand Stream|[of] p2a: Hippowdon\n|turn|29\n|\n|t:|1698677485\n|move|p1a: Cactus|Earthquake|p2a: Hippowdon\n|-damage|p2a: Hippowdon|24\/100\n|move|p2a: Hippowdon|Yawn|p1a: Cactus\n|-start|p1a: Cactus|move: Yawn|[of] p2a: Hippowdon\n|\n|-weather|Sandstorm|[upkeep]\n|upkeep\n|turn|30\n|\n|t:|1698677492\n|switch|p1a: Yoshi|Cyclizar, F|60\/100\n|move|p2a: Hippowdon|Stealth Rock|p1a: Yoshi\n|-sidestart|p1: Terra_Spectrum8293|move: Stealth Rock\n|\n|-weather|Sandstorm|[upkeep]\n|-damage|p1a: Yoshi|54\/100|[from] Sandstorm\n|upkeep\n|turn|31\n|\n|t:|1698677499\n|move|p1a: Yoshi|Shed Tail|p1a: Yoshi\n|-start|p1a: Yoshi|Substitute|[from] move: Shed Tail\n|-damage|p1a: Yoshi|3\/100\n|\n|t:|1698677502\n|switch|p1a: Cactus|Garchomp, M|66\/100|[from] Shed Tail\n|-damage|p1a: Cactus|60\/100|[from] Stealth Rock\n|move|p2a: Hippowdon|Whirlwind|p1a: Cactus\n|drag|p1a: Yoshi|Cyclizar, F|37\/100\n|\n|-weather|Sandstorm|[upkeep]\n|-damage|p1a: Yoshi|31\/100|[from] Sandstorm\n|upkeep\n|turn|32\n|\n|t:|1698677512\n|move|p1a: Yoshi|Rapid Spin|p2a: Hippowdon\n|-damage|p2a: Hippowdon|17\/100\n|-boost|p1a: Yoshi|spe|1\n|-sideend|p1: Terra_Spectrum8293|Stealth Rock|[from] move: Rapid Spin|[of] p1a: Yoshi\n|move|p2a: Hippowdon|Whirlwind|p1a: Yoshi\n|drag|p1a: Ender|Dragapult, F|100\/100\n|\n|-weather|Sandstorm|[upkeep]\n|-damage|p1a: Ender|95\/100|[from] Sandstorm\n|upkeep\n|turn|33\n|\n|t:|1698677522\n|move|p1a: Ender|Dragon Darts|p2a: Hippowdon\n|-damage|p2a: Hippowdon|0 fnt\n|faint|p2a: Hippowdon\n|\n|-weather|Sandstorm|[upkeep]\n|-damage|p1a: Ender|89\/100|[from] Sandstorm\n|upkeep\n|\n|t:|1698677525\n|switch|p2a: Iron Treads|Iron Treads|100\/100\n|-enditem|p2a: Iron Treads|Booster Energy\n|-activate|p2a: Iron Treads|ability: Quark Drive|[fromitem]\n|-start|p2a: Iron Treads|quarkdrivespe\n|turn|34\n|\n|t:|1698677532\n|move|p2a: Iron Treads|Knock Off|p1a: Ender\n|-supereffective|p1a: Ender\n|-damage|p1a: Ender|4\/100\n|-enditem|p1a: Ender|Dragon Fang|[from] move: Knock Off|[of] p2a: Iron Treads\n|move|p1a: Ender|Dragon Dance|p1a: Ender\n|-boost|p1a: Ender|atk|1\n|-boost|p1a: Ender|spe|1\n|\n|-weather|Sandstorm|[upkeep]\n|-damage|p1a: Ender|0 fnt|[from] Sandstorm\n|faint|p1a: Ender\n|upkeep\n|\n|t:|1698677541\n|switch|p1a: Cactus|Garchomp, M|60\/100\n|turn|35\n|\n|t:|1698677548\n|move|p2a: Iron Treads|Rapid Spin|p1a: Cactus\n|-damage|p1a: Cactus|44\/100\n|-boost|p2a: Iron Treads|spe|1\n|-damage|p2a: Iron Treads|88\/100|[from] ability: Rough Skin|[of] p1a: Cactus\n|-damage|p2a: Iron Treads|72\/100|[from] item: Rocky Helmet|[of] p1a: Cactus\n|move|p1a: Cactus|Earthquake|p2a: Iron Treads\n|-supereffective|p2a: Iron Treads\n|-damage|p2a: Iron Treads|0 fnt\n|faint|p2a: Iron Treads\n|-end|p2a: Iron Treads|Quark Drive|[silent]\n|\n|-weather|Sandstorm|[upkeep]\n|upkeep\n|\n|t:|1698677550\n|switch|p2a: Wugtrio|Wugtrio, F|100\/100\n|turn|36\n|\n|t:|1698677562\n|move|p2a: Wugtrio|Triple Dive|p1a: Cactus\n|-damage|p1a: Cactus|31\/100\n|-damage|p2a: Wugtrio|88\/100|[from] ability: Rough Skin|[of] p1a: Cactus\n|-damage|p2a: Wugtrio|72\/100|[from] item: Rocky Helmet|[of] p1a: Cactus\n|-damage|p1a: Cactus|16\/100\n|-damage|p2a: Wugtrio|59\/100|[from] ability: Rough Skin|[of] p1a: Cactus\n|-damage|p2a: Wugtrio|43\/100|[from] item: Rocky Helmet|[of] p1a: Cactus\n|-damage|p1a: Cactus|2\/100\n|-damage|p2a: Wugtrio|30\/100|[from] ability: Rough Skin|[of] p1a: Cactus\n|-damage|p2a: Wugtrio|14\/100|[from] item: Rocky Helmet|[of] p1a: Cactus\n|-hitcount|p1a: Cactus|3\n|move|p1a: Cactus|Earthquake|p2a: Wugtrio\n|-damage|p2a: Wugtrio|0 fnt\n|faint|p2a: Wugtrio\n|\n|-weather|none\n|upkeep\n|\n|t:|1698677576\n|switch|p2a: Squawkabilly|Squawkabilly-White, F|100\/100\n|turn|37\n|c|\u2606Terra_Spectrum8293|Got 'em!\n|\n|t:|1698677581\n|move|p1a: Cactus|Fire Fang|p2a: Squawkabilly\n|-crit|p2a: Squawkabilly\n|-damage|p2a: Squawkabilly|31\/100\n|move|p2a: Squawkabilly|Pounce|p1a: Cactus\n|-damage|p1a: Cactus|0 fnt\n|-damage|p2a: Squawkabilly|18\/100|[from] ability: Rough Skin|[of] p1a: Cactus\n|-damage|p2a: Squawkabilly|2\/100|[from] item: Rocky Helmet|[of] p1a: Cactus\n|faint|p1a: Cactus\n|-damage|p2a: Squawkabilly|0 fnt|[from] item: Life Orb\n|faint|p2a: Squawkabilly\n|\n|win|Terra_Spectrum8293\n|raw|Terra_Spectrum8293's rating: 1171 &rarr; <strong>1197<\/strong><br \/>(+26 for winning)\n|raw|ultronisnumber1's rating: 1179 &rarr; <strong>1153<\/strong><br \/>(-26 for losing)\n|l|\u2606ultronisnumber1\n","uploadtime":1698677596,"views":10,"p1id":"terraspectrum8293","p2id":"ultronisnumber1","formatid":"gen9anythinggoes","rating":1153,"private":0,"password":""}