{"id":"gen9anythinggoes-1987144517","p1":"Paradoxyne","p2":"KatySimp","format":"[Gen 9] Anything Goes","log":"|j|\u2606Paradoxyne\n|j|\u2606KatySimp\n|t:|1699559755\n|gametype|singles\n|player|p1|Paradoxyne|n|\n|player|p2|KatySimp|whitney|\n|teamsize|p1|6\n|teamsize|p2|6\n|gen|9\n|tier|[Gen 9] Anything Goes\n|rule|HP Percentage Mod: HP is shown in percentages\n|rule|Endless Battle Clause: Forcing endless battles is banned\n|clearpoke\n|poke|p1|Zacian-*|\n|poke|p1|Gliscor, M|\n|poke|p1|Kommo-o, F|\n|poke|p1|Ogerpon, F|\n|poke|p1|Zoroark, M|\n|poke|p1|Meowscarada, M|\n|poke|p2|Ribombee, M|\n|poke|p2|Regieleki|\n|poke|p2|Zoroark-Hisui, F|\n|poke|p2|Dondozo, M|\n|poke|p2|Arceus-Ghost|\n|poke|p2|Zacian-*|\n|teampreview\n|\n|t:|1699559773\n|start\n|switch|p1a: Dogecoin|Zacian-Crowned, shiny|100\/100\n|switch|p2a: autistic child|Ribombee, M|100\/100\n|turn|1\n|\n|t:|1699559785\n|move|p2a: autistic child|Sticky Web|p1a: Dogecoin\n|-sidestart|p1: Paradoxyne|move: Sticky Web\n|move|p1a: Dogecoin|Brick Break|p2a: autistic child\n|-resisted|p2a: autistic child\n|-damage|p2a: autistic child|89\/100\n|\n|upkeep\n|turn|2\n|\n|t:|1699559795\n|move|p1a: Dogecoin|Detect|p1a: Dogecoin\n|-singleturn|p1a: Dogecoin|Protect\n|move|p2a: autistic child|Stun Spore|p1a: Dogecoin\n|-activate|p1a: Dogecoin|move: Protect\n|\n|upkeep\n|turn|3\n|\n|t:|1699559804\n|move|p2a: autistic child|Stun Spore|p1a: Dogecoin\n|-status|p1a: Dogecoin|par\n|move|p1a: Dogecoin|Foul Play|p2a: autistic child\n|-resisted|p2a: autistic child\n|-damage|p2a: autistic child|72\/100\n|\n|upkeep\n|turn|4\n|\n|t:|1699559822\n|switch|p2a: dawg|Zacian-Crowned|100\/100\n|cant|p1a: Dogecoin|par\n|\n|upkeep\n|turn|5\n|\n|t:|1699559831\n|move|p1a: Dogecoin|Detect|p1a: Dogecoin\n|-singleturn|p1a: Dogecoin|Protect\n|move|p2a: dawg|Focus Blast|p1a: Dogecoin\n|-activate|p1a: Dogecoin|move: Protect\n|\n|upkeep\n|turn|6\n|\n|t:|1699559837\n|move|p2a: dawg|Focus Blast|p1a: Dogecoin|[miss]\n|-miss|p2a: dawg|p1a: Dogecoin\n|move|p1a: Dogecoin|Brick Break|p2a: dawg\n|-immune|p2a: dawg\n|\n|upkeep\n|turn|7\n|\n|t:|1699559847\n|move|p2a: dawg|Bitter Malice|p1a: Dogecoin\n|-resisted|p1a: Dogecoin\n|-damage|p1a: Dogecoin|59\/100 par\n|-unboost|p1a: Dogecoin|atk|1\n|replace|p1a: Not Fracture|Zoroark, M\n|-end|p1a: Not Fracture|Illusion\n|-damage|p2a: dawg|91\/100|[from] item: Life Orb\n|cant|p1a: Not Fracture|par\n|\n|upkeep\n|turn|8\n|\n|t:|1699559866\n|move|p2a: dawg|Focus Blast|p1a: Not Fracture\n|-supereffective|p1a: Not Fracture\n|-damage|p1a: Not Fracture|0 fnt\n|faint|p1a: Not Fracture\n|-damage|p2a: dawg|81\/100|[from] item: Life Orb\n|\n|upkeep\n|\n|t:|1699559873\n|switch|p1a: A-beads|Gliscor, M, shiny|100\/100\n|turn|9\n|\n|t:|1699559891\n|move|p2a: dawg|Bitter Malice|p1a: A-beads\n|-crit|p1a: A-beads\n|-damage|p1a: A-beads|0 fnt\n|faint|p1a: A-beads\n|-damage|p2a: dawg|71\/100|[from] item: Life Orb\n|\n|upkeep\n|\n|t:|1699559901\n|switch|p1a: Hi :)|Ogerpon, F|100\/100\n|-activate|p1a: Hi :)|move: Sticky Web\n|-unboost|p1a: Hi :)|spe|1\n|-ability|p1a: Hi :)|Defiant|boost\n|-boost|p1a: Hi :)|atk|2\n|turn|10\n|\n|t:|1699559911\n|move|p2a: dawg|Sludge Bomb|p1a: Hi :)\n|-supereffective|p1a: Hi :)\n|-damage|p1a: Hi :)|18\/100\n|-status|p1a: Hi :)|psn\n|-damage|p2a: dawg|61\/100|[from] item: Life Orb\n|move|p1a: Hi :)|Power Whip|p2a: dawg\n|-damage|p2a: dawg|0 fnt\n|replace|p2a: cuming chornicles|Zoroark-Hisui, F\n|-end|p2a: cuming chornicles|Illusion\n|faint|p2a: cuming chornicles\n|\n|-damage|p1a: Hi :)|5\/100 psn|[from] psn\n|upkeep\n|\n|t:|1699559926\n|switch|p2a: autistic child|Ribombee, M|72\/100\n|turn|11\n|\n|t:|1699559938\n|move|p2a: autistic child|U-turn|p1a: Hi :)\n|-supereffective|p1a: Hi :)\n|-damage|p1a: Hi :)|0 fnt\n|faint|p1a: Hi :)\n|\n|t:|1699559946\n|switch|p2a: speed lover|Regieleki|100\/100|[from] U-turn\n|\n|upkeep\n|\n|t:|1699559952\n|switch|p1a: Guess who|Kommo-o, F, shiny|100\/100\n|-activate|p1a: Guess who|move: Sticky Web\n|-fail|p1a: Guess who|unboost|[from] item: Clear Amulet|[of] p1a: Guess who\n|turn|12\n|\n|t:|1699559969\n|-terastallize|p2a: speed lover|Ice\n|move|p2a: speed lover|Tera Blast|p1a: Guess who|[anim] Tera Blast Ice\n|-supereffective|p1a: Guess who\n|-damage|p1a: Guess who|0 fnt\n|faint|p1a: Guess who\n|\n|upkeep\n|\n|t:|1699559977\n|switch|p1a: Furry bait|Meowscarada, M, shiny|100\/100\n|-activate|p1a: Furry bait|move: Sticky Web\n|-unboost|p1a: Furry bait|spe|1\n|turn|13\n|\n|t:|1699559986\n|move|p2a: speed lover|Tera Blast|p1a: Furry bait|[anim] Tera Blast Ice\n|-supereffective|p1a: Furry bait\n|-damage|p1a: Furry bait|0 fnt\n|faint|p1a: Furry bait\n|\n|upkeep\n|\n|t:|1699559990\n|switch|p1a: Dogecoin|Zacian-Crowned, shiny|100\/100\n|-activate|p1a: Dogecoin|move: Sticky Web\n|-unboost|p1a: Dogecoin|spe|1\n|-ability|p1a: Dogecoin|Intrepid Sword|boost\n|-boost|p1a: Dogecoin|atk|1\n|turn|14\n|\n|t:|1699560001\n|switch|p2a: battalion|Dondozo, M|100\/100\n|-terastallize|p1a: Dogecoin|Steel\n|move|p1a: Dogecoin|Behemoth Blade|p2a: battalion\n|-resisted|p2a: battalion\n|-damage|p2a: battalion|82\/100\n|\n|-heal|p2a: battalion|89\/100|[from] item: Leftovers\n|upkeep\n|turn|15\n|\n|t:|1699560011\n|move|p1a: Dogecoin|Body Slam|p2a: battalion\n|-damage|p2a: battalion|74\/100\n|move|p2a: battalion|Curse|p2a: battalion\n|-unboost|p2a: battalion|spe|1\n|-boost|p2a: battalion|atk|1\n|-boost|p2a: battalion|def|1\n|\n|-heal|p2a: battalion|80\/100|[from] item: Leftovers\n|upkeep\n|turn|16\n|\n|t:|1699560023\n|move|p1a: Dogecoin|Body Slam|p2a: battalion\n|-damage|p2a: battalion|70\/100\n|move|p2a: battalion|Curse|p2a: battalion\n|-unboost|p2a: battalion|spe|1\n|-boost|p2a: battalion|atk|1\n|-boost|p2a: battalion|def|1\n|\n|-heal|p2a: battalion|76\/100|[from] item: Leftovers\n|upkeep\n|turn|17\n|\n|t:|1699560039\n|move|p1a: Dogecoin|Behemoth Blade|p2a: battalion\n|-resisted|p2a: battalion\n|-damage|p2a: battalion|66\/100\n|move|p2a: battalion|Liquidation|p1a: Dogecoin\n|-damage|p1a: Dogecoin|49\/100\n|\n|-heal|p2a: battalion|73\/100|[from] item: Leftovers\n|upkeep\n|turn|18\n|\n|t:|1699560050\n|move|p1a: Dogecoin|Play Rough|p2a: battalion\n|-damage|p2a: battalion|62\/100\n|move|p2a: battalion|Liquidation|p1a: Dogecoin\n|-damage|p1a: Dogecoin|0 fnt\n|faint|p1a: Dogecoin\n|\n|win|KatySimp\n","uploadtime":1699560059,"views":16,"p1id":"paradoxyne","p2id":"katysimp","formatid":"gen9anythinggoes","rating":0,"private":0,"password":""}