{"id":"gen9anythinggoes-1995872905","p1":"UnifieUndefined","p2":"gabrinfinito","format":"[Gen 9] Anything Goes","log":"|j|\u2606UnifieUndefined\n|j|\u2606gabrinfinito\n|t:|1700612078\n|gametype|singles\n|player|p1|UnifieUndefined|guzma-masters|1041\n|player|p2|gabrinfinito|lucas|1064\n|teamsize|p1|6\n|teamsize|p2|6\n|gen|9\n|tier|[Gen 9] Anything Goes\n|rated|\n|rule|HP Percentage Mod: HP is shown in percentages\n|rule|Endless Battle Clause: Forcing endless battles is banned\n|clearpoke\n|poke|p1|Manaphy|\n|poke|p1|Kommo-o, M|\n|poke|p1|Urshifu-*, M|\n|poke|p1|Sandy Shocks|\n|poke|p1|Kleavor, M|\n|poke|p1|Infernape, F|\n|poke|p2|Charizard, M|\n|poke|p2|Toxicroak, F|\n|poke|p2|Decidueye, F|\n|poke|p2|Slowking, F|\n|poke|p2|Krookodile, M|\n|poke|p2|Raichu, F|\n|teampreview\n|inactive|Battle timer is ON: inactive players will automatically lose when time's up. (requested by gabrinfinito)\n|\n|t:|1700612092\n|start\n|switch|p1a: Kleavor|Kleavor, M|100\/100\n|switch|p2a: Raichu|Raichu, F|100\/100\n|turn|1\n|\n|t:|1700612103\n|move|p1a: Kleavor|Stone Axe|p2a: Raichu\n|-damage|p2a: Raichu|21\/100\n|-sidestart|p2: gabrinfinito|move: Stealth Rock\n|move|p2a: Raichu|Discharge|p1a: Kleavor\n|-damage|p1a: Kleavor|44\/100\n|\n|upkeep\n|turn|2\n|\n|t:|1700612113\n|move|p1a: Kleavor|U-turn|p2a: Raichu\n|-damage|p2a: Raichu|0 fnt\n|faint|p2a: Raichu\n|\n|t:|1700612122\n|switch|p1a: Sandy Shocks|Sandy Shocks|100\/100|[from] U-turn\n|\n|upkeep\n|\n|t:|1700612126\n|switch|p2a: Decidueye|Decidueye, F|100\/100\n|-damage|p2a: Decidueye|88\/100|[from] Stealth Rock\n|turn|3\n|\n|t:|1700612133\n|move|p1a: Sandy Shocks|Spikes|p2a: Decidueye\n|-sidestart|p2: gabrinfinito|Spikes\n|move|p2a: Decidueye|Leaf Blade|p1a: Sandy Shocks\n|-supereffective|p1a: Sandy Shocks\n|-damage|p1a: Sandy Shocks|9\/100\n|\n|upkeep\n|turn|4\n|\n|t:|1700612141\n|move|p1a: Sandy Shocks|Earth Power|p2a: Decidueye\n|-resisted|p2a: Decidueye\n|-damage|p2a: Decidueye|67\/100\n|move|p2a: Decidueye|Leaf Blade|p1a: Sandy Shocks\n|-supereffective|p1a: Sandy Shocks\n|-damage|p1a: Sandy Shocks|0 fnt\n|faint|p1a: Sandy Shocks\n|-end|p1a: Sandy Shocks|Protosynthesis|[silent]\n|\n|upkeep\n|\n|t:|1700612148\n|switch|p1a: Infernape|Infernape, F|100\/100\n|turn|5\n|\n|t:|1700612156\n|switch|p2a: Charizard|Charizard, M, shiny|100\/100\n|-damage|p2a: Charizard|51\/100|[from] Stealth Rock\n|move|p1a: Infernape|Fire Blast|p2a: Charizard\n|-resisted|p2a: Charizard\n|-damage|p2a: Charizard|13\/100\n|-damage|p1a: Infernape|91\/100|[from] item: Life Orb\n|\n|upkeep\n|turn|6\n|\n|t:|1700612168\n|move|p1a: Infernape|Vacuum Wave|p2a: Charizard\n|-resisted|p2a: Charizard\n|-damage|p2a: Charizard|0 fnt\n|faint|p2a: Charizard\n|-damage|p1a: Infernape|81\/100|[from] item: Life Orb\n|\n|upkeep\n|\n|t:|1700612178\n|switch|p2a: Slowking|Slowking, F|100\/100\n|-damage|p2a: Slowking|88\/100|[from] Stealth Rock\n|-damage|p2a: Slowking|76\/100|[from] Spikes\n|turn|7\n|\n|t:|1700612184\n|move|p1a: Infernape|Grass Knot|p2a: Slowking\n|-supereffective|p2a: Slowking\n|-damage|p2a: Slowking|17\/100\n|-damage|p1a: Infernape|71\/100|[from] item: Life Orb\n|move|p2a: Slowking|Psychic|p1a: Infernape\n|-supereffective|p1a: Infernape\n|-damage|p1a: Infernape|0 fnt\n|faint|p1a: Infernape\n|\n|-heal|p2a: Slowking|23\/100|[from] item: Leftovers\n|upkeep\n|\n|t:|1700612195\n|switch|p1a: Kleavor|Kleavor, M|44\/100\n|turn|8\n|\n|t:|1700612202\n|move|p1a: Kleavor|X-Scissor|p2a: Slowking\n|-supereffective|p2a: Slowking\n|-damage|p2a: Slowking|0 fnt\n|faint|p2a: Slowking\n|\n|upkeep\n|\n|t:|1700612215\n|switch|p2a: Toxicroak|Toxicroak, F|100\/100\n|-damage|p2a: Toxicroak|94\/100|[from] Stealth Rock\n|-damage|p2a: Toxicroak|82\/100|[from] Spikes\n|turn|9\n|\n|t:|1700612228\n|switch|p1a: Urshifu|Urshifu-Rapid-Strike, M|100\/100\n|move|p2a: Toxicroak|Brick Break|p1a: Urshifu\n|-damage|p1a: Urshifu|63\/100\n|\n|-heal|p2a: Toxicroak|88\/100|[from] item: Black Sludge\n|upkeep\n|turn|10\n|\n|t:|1700612238\n|move|p2a: Toxicroak|Sucker Punch|p1a: Urshifu\n|-resisted|p1a: Urshifu\n|-damage|p1a: Urshifu|53\/100\n|move|p1a: Urshifu|Surging Strikes|p2a: Toxicroak\n|-crit|p2a: Toxicroak\n|-damage|p2a: Toxicroak|62\/100\n|-crit|p2a: Toxicroak\n|-damage|p2a: Toxicroak|35\/100\n|-crit|p2a: Toxicroak\n|-damage|p2a: Toxicroak|7\/100\n|-hitcount|p2a: Toxicroak|3\n|\n|-heal|p2a: Toxicroak|13\/100|[from] item: Black Sludge\n|upkeep\n|turn|11\n|\n|t:|1700612250\n|move|p2a: Toxicroak|Sucker Punch|p1a: Urshifu\n|-resisted|p1a: Urshifu\n|-damage|p1a: Urshifu|43\/100\n|move|p1a: Urshifu|U-turn|p2a: Toxicroak\n|-resisted|p2a: Toxicroak\n|-damage|p2a: Toxicroak|4\/100\n|\n|t:|1700612255\n|switch|p1a: Manaphy|Manaphy|100\/100|[from] U-turn\n|\n|-heal|p2a: Toxicroak|11\/100|[from] item: Black Sludge\n|upkeep\n|turn|12\n|\n|t:|1700612261\n|move|p1a: Manaphy|Tail Glow|p1a: Manaphy\n|-boost|p1a: Manaphy|spa|3\n|move|p2a: Toxicroak|Poison Jab|p1a: Manaphy\n|-damage|p1a: Manaphy|64\/100\n|-status|p1a: Manaphy|psn|[from] ability: Poison Touch|[of] p2a: Toxicroak\n|\n|-heal|p1a: Manaphy|70\/100 psn|[from] item: Leftovers\n|-heal|p2a: Toxicroak|17\/100|[from] item: Black Sludge\n|-damage|p1a: Manaphy|57\/100 psn|[from] psn\n|upkeep\n|turn|13\n|\n|t:|1700612280\n|move|p1a: Manaphy|Energy Ball|p2a: Toxicroak\n|-resisted|p2a: Toxicroak\n|-damage|p2a: Toxicroak|0 fnt\n|faint|p2a: Toxicroak\n|\n|-heal|p1a: Manaphy|64\/100 psn|[from] item: Leftovers\n|-damage|p1a: Manaphy|51\/100 psn|[from] psn\n|upkeep\n|\n|t:|1700612289\n|switch|p2a: Decidueye|Decidueye, F|67\/100\n|-damage|p2a: Decidueye|55\/100|[from] Stealth Rock\n|-damage|p2a: Decidueye|42\/100|[from] Spikes\n|turn|14\n|\n|t:|1700612298\n|move|p1a: Manaphy|Dazzling Gleam|p2a: Decidueye\n|-damage|p2a: Decidueye|0 fnt\n|faint|p2a: Decidueye\n|\n|-heal|p1a: Manaphy|57\/100 psn|[from] item: Leftovers\n|-damage|p1a: Manaphy|45\/100 psn|[from] psn\n|upkeep\n|-message|gabrinfinito forfeited.\n|\n|win|UnifieUndefined\n|raw|UnifieUndefined's rating: 1041 &rarr; <strong>1077<\/strong><br \/>(+36 for winning)\n|raw|gabrinfinito's rating: 1064 &rarr; <strong>1043<\/strong><br \/>(-21 for losing)\n|l|\u2606gabrinfinito\n","uploadtime":1700612309,"views":22,"p1id":"unifieundefined","p2id":"gabrinfinito","formatid":"gen9anythinggoes","rating":1043,"private":0,"password":""}