{"id":"gen9anythinggoes-1981799359","p1":"TanPadeusz","p2":"Wixu","format":"[Gen 9] Anything Goes","log":"|j|\u2606TanPadeusz\n|j|\u2606Wixu\n|t:|1698942510\n|gametype|singles\n|player|p1|TanPadeusz|giovanni|\n|player|p2|Wixu|101|\n|teamsize|p1|6\n|teamsize|p2|6\n|gen|9\n|tier|[Gen 9] Anything Goes\n|rule|HP Percentage Mod: HP is shown in percentages\n|rule|Endless Battle Clause: Forcing endless battles is banned\n|clearpoke\n|poke|p1|Gallade, M|\n|poke|p1|Tinkaton, F|\n|poke|p1|Toxapex, F|\n|poke|p1|Gliscor, F|\n|poke|p1|Zoroark-Hisui, M|\n|poke|p1|Hydreigon, M|\n|poke|p2|Moltres|\n|poke|p2|Lucario, M|\n|poke|p2|Slowbro-Galar, F|\n|poke|p2|Greninja-*, M|\n|poke|p2|Dragapult, F|\n|poke|p2|Regieleki|\n|teampreview\n|\n|t:|1698942520\n|start\n|switch|p1a: Tinkaton|Tinkaton, F|100\/100\n|switch|p2a: Lucario|Lucario, M|100\/100\n|turn|1\n|\n|t:|1698942526\n|-terastallize|p2a: Lucario|Fighting\n|move|p1a: Tinkaton|Swords Dance|p1a: Tinkaton\n|-boost|p1a: Tinkaton|atk|2\n|move|p2a: Lucario|Meteor Mash|p1a: Tinkaton\n|-damage|p1a: Tinkaton|44\/100\n|\n|upkeep\n|turn|2\n|\n|t:|1698942536\n|move|p1a: Tinkaton|Play Rough|p2a: Lucario\n|-supereffective|p2a: Lucario\n|-enditem|p2a: Lucario|Focus Sash\n|-damage|p2a: Lucario|1\/100\n|move|p2a: Lucario|Dark Pulse|p1a: Tinkaton\n|-resisted|p1a: Tinkaton\n|-damage|p1a: Tinkaton|34\/100\n|\n|upkeep\n|turn|3\n|\n|t:|1698942544\n|move|p1a: Tinkaton|Play Rough|p2a: Lucario\n|-supereffective|p2a: Lucario\n|-damage|p2a: Lucario|0 fnt\n|faint|p2a: Lucario\n|\n|upkeep\n|\n|t:|1698942550\n|switch|p2a: Slowbro|Slowbro-Galar, F|100\/100\n|turn|4\n|\n|t:|1698942563\n|move|p1a: Tinkaton|Gigaton Hammer|p2a: Slowbro\n|-damage|p2a: Slowbro|0 fnt\n|faint|p2a: Slowbro\n|\n|upkeep\n|\n|t:|1698942572\n|switch|p2a: Dragapult|Dragapult, F|100\/100\n|turn|5\n|\n|t:|1698942578\n|move|p2a: Dragapult|Draco Meteor|p1a: Tinkaton\n|-immune|p1a: Tinkaton\n|move|p1a: Tinkaton|Swords Dance|p1a: Tinkaton\n|-boost|p1a: Tinkaton|atk|2\n|\n|upkeep\n|turn|6\n|\n|t:|1698942584\n|move|p2a: Dragapult|Shadow Ball|p1a: Tinkaton\n|-damage|p1a: Tinkaton|0 fnt\n|faint|p1a: Tinkaton\n|\n|upkeep\n|\n|t:|1698942594\n|switch|p1a: Hydreigon|Hydreigon, M|100\/100\n|turn|7\n|\n|t:|1698942610\n|move|p2a: Dragapult|Draco Meteor|p1a: Hydreigon\n|-damage|p1a: Hydreigon|0 fnt\n|-unboost|p2a: Dragapult|spa|2\n|replace|p1a: Zoroark|Zoroark-Hisui, M\n|-end|p1a: Zoroark|Illusion\n|faint|p1a: Zoroark\n|\n|upkeep\n|\n|t:|1698942619\n|switch|p1a: Toxapex|Toxapex, F|100\/100\n|turn|8\n|\n|t:|1698942623\n|switch|p2a: kurwa jebana|Regieleki|100\/100\n|move|p1a: Toxapex|Toxic|p2a: kurwa jebana\n|-status|p2a: kurwa jebana|tox\n|\n|-damage|p2a: kurwa jebana|95\/100 tox|[from] psn\n|upkeep\n|turn|9\n|\n|t:|1698942631\n|move|p1a: Toxapex|Baneful Bunker|p1a: Toxapex\n|-singleturn|p1a: Toxapex|move: Protect\n|move|p2a: kurwa jebana|Explosion|p1a: Toxapex\n|-activate|p1a: Toxapex|move: Protect\n|faint|p2a: kurwa jebana\n|\n|upkeep\n|\n|t:|1698942644\n|switch|p2a: Greninja|Greninja, M|100\/100\n|turn|10\n|\n|t:|1698942652\n|switch|p1a: Hydreigon|Hydreigon, M|100\/100\n|move|p2a: Greninja|Dark Pulse|p1a: Hydreigon\n|-resisted|p1a: Hydreigon\n|-damage|p1a: Hydreigon|78\/100\n|\n|upkeep\n|turn|11\n|\n|t:|1698942658\n|move|p2a: Greninja|Hydro Pump|p1a: Hydreigon|[miss]\n|-miss|p2a: Greninja|p1a: Hydreigon\n|move|p1a: Hydreigon|Dragon Dance|p1a: Hydreigon\n|-boost|p1a: Hydreigon|atk|1\n|-boost|p1a: Hydreigon|spe|1\n|\n|upkeep\n|turn|12\n|\n|t:|1698942666\n|move|p1a: Hydreigon|Dragon Dance|p1a: Hydreigon\n|-boost|p1a: Hydreigon|atk|1\n|-boost|p1a: Hydreigon|spe|1\n|move|p2a: Greninja|Ice Beam|p1a: Hydreigon\n|-supereffective|p1a: Hydreigon\n|-damage|p1a: Hydreigon|7\/100\n|\n|upkeep\n|turn|13\n|\n|t:|1698942675\n|move|p2a: Greninja|Ice Beam|p1a: Hydreigon\n|-supereffective|p1a: Hydreigon\n|-damage|p1a: Hydreigon|0 fnt\n|faint|p1a: Hydreigon\n|-ability|p2a: Greninja|Battle Bond|boost\n|-boost|p2a: Greninja|atk|1\n|-boost|p2a: Greninja|spa|1\n|-boost|p2a: Greninja|spe|1\n|-activate|p2a: Greninja|ability: Battle Bond\n|\n|upkeep\n|\n|t:|1698942687\n|switch|p1a: Toxapex|Toxapex, F|100\/100\n|turn|14\n|\n|t:|1698942695\n|move|p2a: Greninja|Ice Beam|p1a: Toxapex\n|-resisted|p1a: Toxapex\n|-damage|p1a: Toxapex|84\/100\n|move|p1a: Toxapex|Toxic|p2a: Greninja\n|-status|p2a: Greninja|tox\n|\n|-heal|p1a: Toxapex|90\/100|[from] item: Black Sludge\n|-damage|p2a: Greninja|95\/100 tox|[from] psn\n|upkeep\n|turn|15\n|\n|t:|1698942705\n|move|p2a: Greninja|Dark Pulse|p1a: Toxapex\n|-crit|p1a: Toxapex\n|-damage|p1a: Toxapex|24\/100\n|move|p1a: Toxapex|Toxic Spikes|p2a: Greninja\n|-sidestart|p2: Wixu|move: Toxic Spikes\n|\n|-heal|p1a: Toxapex|30\/100|[from] item: Black Sludge\n|-damage|p2a: Greninja|83\/100 tox|[from] psn\n|upkeep\n|turn|16\n|\n|t:|1698942713\n|move|p2a: Greninja|Dark Pulse|p1a: Toxapex\n|-damage|p1a: Toxapex|0 fnt\n|faint|p1a: Toxapex\n|\n|-damage|p2a: Greninja|65\/100 tox|[from] psn\n|upkeep\n|\n|t:|1698942722\n|switch|p1a: Gallade|Gallade, M|100\/100\n|turn|17\n|\n|t:|1698942728\n|move|p2a: Greninja|Dark Pulse|p1a: Gallade\n|-damage|p1a: Gallade|41\/100\n|move|p1a: Gallade|Sacred Sword|p2a: Greninja\n|-supereffective|p2a: Greninja\n|-damage|p2a: Greninja|0 fnt\n|faint|p2a: Greninja\n|-damage|p1a: Gallade|31\/100|[from] item: Life Orb\n|\n|upkeep\n|\n|t:|1698942737\n|switch|p2a: Dragapult|Dragapult, F|100\/100\n|-status|p2a: Dragapult|psn\n|turn|18\n|\n|t:|1698942746\n|switch|p1a: Gliscor|Gliscor, F|100\/100\n|move|p2a: Dragapult|Shadow Ball|p1a: Gliscor\n|-damage|p1a: Gliscor|59\/100\n|\n|-damage|p2a: Dragapult|88\/100 psn|[from] psn\n|-status|p1a: Gliscor|tox|[from] item: Toxic Orb\n|upkeep\n|turn|19\n|\n|t:|1698942758\n|move|p1a: Gliscor|Protect|p1a: Gliscor\n|-singleturn|p1a: Gliscor|Protect\n|move|p2a: Dragapult|Dragon Dance|p2a: Dragapult\n|-boost|p2a: Dragapult|atk|1\n|-boost|p2a: Dragapult|spe|1\n|\n|-damage|p2a: Dragapult|76\/100 psn|[from] psn\n|-heal|p1a: Gliscor|71\/100 tox|[from] ability: Poison Heal\n|upkeep\n|turn|20\n|\n|t:|1698942769\n|move|p2a: Dragapult|Draco Meteor|p1a: Gliscor\n|-damage|p1a: Gliscor|0 fnt\n|-unboost|p2a: Dragapult|spa|2\n|faint|p1a: Gliscor\n|\n|-damage|p2a: Dragapult|64\/100 psn|[from] psn\n|upkeep\n|\n|t:|1698942776\n|switch|p1a: Gallade|Gallade, M|31\/100\n|turn|21\n|\n|t:|1698942780\n|move|p2a: Dragapult|Draco Meteor|p1a: Gallade|[miss]\n|-miss|p2a: Dragapult|p1a: Gallade\n|move|p1a: Gallade|Sacred Sword|p2a: Dragapult\n|-immune|p2a: Dragapult\n|\n|-damage|p2a: Dragapult|51\/100 psn|[from] psn\n|upkeep\n|turn|22\n|\n|t:|1698942788\n|move|p2a: Dragapult|Draco Meteor|p1a: Gallade\n|-damage|p1a: Gallade|0 fnt\n|-unboost|p2a: Dragapult|spa|2\n|faint|p1a: Gallade\n|\n|win|Wixu\n","uploadtime":1698942801,"views":5,"p1id":"tanpadeusz","p2id":"wixu","formatid":"gen9anythinggoes","rating":0,"private":0,"password":""}