{"id":"gen9anythinggoes-1985381282","p1":"raldhahah","p2":"HollowPilott","format":"[Gen 9] Anything Goes","log":"|j|\u2606raldhahah\n|j|\u203dHollowPilott\n|t:|1699369911\n|gametype|singles\n|player|p1|raldhahah|1|1164\n|player|p2|HollowPilott|skyla|1166\n|teamsize|p1|6\n|teamsize|p2|6\n|gen|9\n|tier|[Gen 9] Anything Goes\n|rated|\n|rule|HP Percentage Mod: HP is shown in percentages\n|rule|Endless Battle Clause: Forcing endless battles is banned\n|clearpoke\n|poke|p1|Salamence, F|\n|poke|p1|Jirachi|\n|poke|p1|Diancie|\n|poke|p1|Mimikyu, F|\n|poke|p1|Jolteon, F|\n|poke|p1|Magearna|\n|poke|p2|Talonflame, M|\n|poke|p2|Miraidon|\n|poke|p2|Greninja-*, M|\n|poke|p2|Dragapult, M|\n|poke|p2|Samurott-Hisui, F|\n|poke|p2|Cinderace, F|\n|teampreview\n|\n|t:|1699369932\n|start\n|switch|p1a: Jolteon|Jolteon, F|100\/100\n|switch|p2a: Miraidon|Miraidon|100\/100\n|-fieldstart|move: Electric Terrain|[from] ability: Hadron Engine|[of] p2a: Miraidon\n|turn|1\n|\n|t:|1699369940\n|-terastallize|p2a: Miraidon|Fairy\n|move|p2a: Miraidon|Dragon Pulse|p1a: Jolteon\n|-damage|p1a: Jolteon|6\/100\n|move|p1a: Jolteon|Volt Switch|p2a: Miraidon\n|-crit|p2a: Miraidon\n|-damage|p2a: Miraidon|53\/100\n|\n|t:|1699369948\n|switch|p1a: Jirachi|Jirachi|100\/100|[from] Volt Switch\n|\n|upkeep\n|turn|2\n|\n|t:|1699369964\n|move|p2a: Miraidon|Dragon Pulse|p1a: Jirachi\n|-resisted|p1a: Jirachi\n|-damage|p1a: Jirachi|60\/100\n|move|p1a: Jirachi|Doom Desire|p2a: Miraidon\n|-start|p1a: Jirachi|Doom Desire\n|\n|-heal|p1a: Jirachi|66\/100|[from] item: Leftovers\n|upkeep\n|turn|3\n|\n|t:|1699369973\n|move|p2a: Miraidon|Dragon Pulse|p1a: Jirachi\n|-resisted|p1a: Jirachi\n|-damage|p1a: Jirachi|30\/100\n|move|p1a: Jirachi|Substitute|p1a: Jirachi\n|-start|p1a: Jirachi|Substitute\n|-damage|p1a: Jirachi|5\/100\n|\n|-heal|p1a: Jirachi|12\/100|[from] item: Leftovers\n|upkeep\n|turn|4\n|\n|t:|1699369983\n|move|p2a: Miraidon|Dragon Pulse|p1a: Jirachi\n|-resisted|p1a: Jirachi\n|-end|p1a: Jirachi|Substitute\n|move|p1a: Jirachi|Wish|p1a: Jirachi\n|\n|-end|p2a: Miraidon|move: Doom Desire\n|-supereffective|p2a: Miraidon\n|-damage|p2a: Miraidon|0 fnt\n|faint|p2a: Miraidon\n|-heal|p1a: Jirachi|18\/100|[from] item: Leftovers\n|upkeep\n|\n|t:|1699369985\n|switch|p2a: Talonflame|Talonflame, M|100\/100\n|turn|5\n|\n|t:|1699370022\n|move|p2a: Talonflame|Acrobatics|p1a: Jirachi\n|-resisted|p1a: Jirachi\n|-damage|p1a: Jirachi|4\/100\n|move|p1a: Jirachi|Doom Desire|p2a: Talonflame\n|-start|p1a: Jirachi|Doom Desire\n|\n|-heal|p1a: Jirachi|54\/100|[from] move: Wish|[wisher] Jirachi\n|-heal|p1a: Jirachi|60\/100|[from] item: Leftovers\n|-fieldend|move: Electric Terrain\n|upkeep\n|turn|6\n|\n|t:|1699370035\n|move|p2a: Talonflame|Flamethrower|p1a: Jirachi\n|-supereffective|p1a: Jirachi\n|-damage|p1a: Jirachi|18\/100\n|move|p1a: Jirachi|Substitute|p1a: Jirachi\n|-fail|p1a: Jirachi|move: Substitute|[weak]\n|\n|-heal|p1a: Jirachi|24\/100|[from] item: Leftovers\n|upkeep\n|turn|7\n|\n|t:|1699370044\n|move|p2a: Talonflame|Flamethrower|p1a: Jirachi\n|-supereffective|p1a: Jirachi\n|-damage|p1a: Jirachi|0 fnt\n|faint|p1a: Jirachi\n|\n|-end|p2a: Talonflame|move: Doom Desire\n|-resisted|p2a: Talonflame\n|-damage|p2a: Talonflame|59\/100\n|upkeep\n|\n|t:|1699370053\n|switch|p1a: Jolteon|Jolteon, F|6\/100\n|turn|8\n|\n|t:|1699370067\n|move|p1a: Jolteon|Volt Switch|p2a: Talonflame\n|-supereffective|p2a: Talonflame\n|-damage|p2a: Talonflame|0 fnt\n|faint|p2a: Talonflame\n|\n|t:|1699370076\n|switch|p1a: Mimikyu|Mimikyu, F|100\/100|[from] Volt Switch\n|\n|upkeep\n|\n|t:|1699370105\n|switch|p2a: Samurott|Samurott-Hisui, F|100\/100\n|turn|9\n|\n|t:|1699370111\n|move|p2a: Samurott|Ceaseless Edge|p1a: Mimikyu\n|-activate|p1a: Mimikyu|ability: Disguise\n|-damage|p1a: Mimikyu|100\/100\n|-sidestart|p1: raldhahah|Spikes\n|detailschange|p1a: Mimikyu|Mimikyu-Busted, F\n|-damage|p1a: Mimikyu|88\/100|[from] pokemon: Mimikyu-Busted\n|move|p1a: Mimikyu|Trick Room|p1a: Mimikyu\n|-fieldstart|move: Trick Room|[of] p1a: Mimikyu\n|\n|upkeep\n|turn|10\n|\n|t:|1699370145\n|move|p1a: Mimikyu|Leech Life|p2a: Samurott\n|-supereffective|p2a: Samurott\n|-damage|p2a: Samurott|44\/100\n|-heal|p1a: Mimikyu|100\/100|[from] drain|[of] p2a: Samurott\n|move|p2a: Samurott|Ceaseless Edge|p1a: Mimikyu\n|-crit|p1a: Mimikyu\n|-damage|p1a: Mimikyu|20\/100\n|-sidestart|p1: raldhahah|Spikes\n|\n|upkeep\n|turn|11\n|\n|t:|1699370155\n|move|p2a: Samurott|Aqua Jet|p1a: Mimikyu\n|-damage|p1a: Mimikyu|0 fnt\n|faint|p1a: Mimikyu\n|\n|upkeep\n|\n|t:|1699370160\n|switch|p1a: Jolteon|Jolteon, F|6\/100\n|-damage|p1a: Jolteon|0 fnt|[from] Spikes\n|faint|p1a: Jolteon\n|\n|t:|1699370167\n|switch|p1a: Salamence|Salamence, F|100\/100\n|turn|12\n|\n|t:|1699370199\n|move|p2a: Samurott|Air Slash|p1a: Salamence\n|-damage|p1a: Salamence|76\/100\n|move|p1a: Salamence|Dragon Claw|p2a: Samurott\n|-damage|p2a: Samurott|0 fnt\n|faint|p2a: Samurott\n|-ability|p1a: Salamence|Moxie|boost\n|-boost|p1a: Salamence|atk|1\n|\n|upkeep\n|\n|t:|1699370202\n|switch|p2a: Dragapult|Dragapult, M|100\/100\n|turn|13\n|\n|t:|1699370211\n|move|p1a: Salamence|Dragon Claw|p2a: Dragapult\n|-supereffective|p2a: Dragapult\n|-damage|p2a: Dragapult|0 fnt\n|faint|p2a: Dragapult\n|-ability|p1a: Salamence|Moxie|boost\n|-boost|p1a: Salamence|atk|1\n|\n|-fieldend|move: Trick Room\n|upkeep\n|\n|t:|1699370218\n|switch|p2a: Cinderace|Cinderace, F|100\/100\n|turn|14\n|\n|t:|1699370223\n|move|p2a: Cinderace|Fire Punch|p1a: Salamence\n|-resisted|p1a: Salamence\n|-damage|p1a: Salamence|58\/100\n|move|p1a: Salamence|Substitute|p1a: Salamence\n|-start|p1a: Salamence|Substitute\n|-damage|p1a: Salamence|33\/100\n|\n|upkeep\n|turn|15\n|\n|t:|1699370231\n|move|p2a: Cinderace|Acrobatics|p1a: Salamence\n|-end|p1a: Salamence|Substitute\n|move|p1a: Salamence|Roost|p1a: Salamence\n|-heal|p1a: Salamence|83\/100\n|-singleturn|p1a: Salamence|move: Roost\n|\n|upkeep\n|turn|16\n|\n|t:|1699370239\n|move|p2a: Cinderace|Acrobatics|p1a: Salamence\n|-damage|p1a: Salamence|46\/100\n|move|p1a: Salamence|Dragon Dance|p1a: Salamence\n|-boost|p1a: Salamence|atk|1\n|-boost|p1a: Salamence|spe|1\n|\n|upkeep\n|turn|17\n|inactive|Battle timer is ON: inactive players will automatically lose when time's up. (requested by raldhahah)\n|inactive|HollowPilott has 120 seconds left.\n|\n|t:|1699370338\n|move|p1a: Salamence|Roost|p1a: Salamence\n|-heal|p1a: Salamence|96\/100\n|-singleturn|p1a: Salamence|move: Roost\n|move|p2a: Cinderace|Acrobatics|p1a: Salamence\n|-damage|p1a: Salamence|60\/100\n|\n|upkeep\n|turn|18\n|\n|t:|1699370354\n|move|p1a: Salamence|Roost|p1a: Salamence\n|-heal|p1a: Salamence|100\/100\n|-singleturn|p1a: Salamence|move: Roost\n|move|p2a: Cinderace|Swords Dance|p2a: Cinderace\n|-boost|p2a: Cinderace|atk|2\n|\n|upkeep\n|turn|19\n|\n|t:|1699370364\n|move|p1a: Salamence|Dragon Claw|p2a: Cinderace\n|-damage|p2a: Cinderace|0 fnt\n|faint|p2a: Cinderace\n|-ability|p1a: Salamence|Moxie|boost\n|-boost|p1a: Salamence|atk|1\n|\n|upkeep\n|\n|t:|1699370375\n|switch|p2a: Greninja|Greninja, M|100\/100\n|turn|20\n|\n|t:|1699370380\n|move|p1a: Salamence|Dragon Claw|p2a: Greninja\n|-damage|p2a: Greninja|0 fnt\n|-damage|p1a: Salamence|84\/100|[from] item: Rocky Helmet|[of] p2a: Greninja\n|faint|p2a: Greninja\n|\n|win|raldhahah\n|raw|raldhahah's rating: 1164 &rarr; <strong>1189<\/strong><br \/>(+25 for winning)\n|raw|HollowPilott's rating: 1166 &rarr; <strong>1141<\/strong><br \/>(-25 for losing)\n|l|\u203dHollowPilott\n","uploadtime":1699370424,"views":6,"p1id":"raldhahah","p2id":"hollowpilott","formatid":"gen9anythinggoes","rating":1141,"private":0,"password":""}