{"id":"gen9anythinggoes-1976763450","p1":"HanzKrautsmann","p2":"jr334617","format":"[Gen 9] Anything Goes","log":"|j|\u2606HanzKrautsmann\n|j|\u203djr334617\n|t:|1698339441\n|gametype|singles\n|player|p1|HanzKrautsmann|fisherman-gen4|1070\n|player|p2|jr334617|ltsurge|1095\n|teamsize|p1|6\n|teamsize|p2|6\n|gen|9\n|tier|[Gen 9] Anything Goes\n|rated|\n|rule|HP Percentage Mod: HP is shown in percentages\n|rule|Endless Battle Clause: Forcing endless battles is banned\n|clearpoke\n|poke|p1|Drifblim, F|\n|poke|p1|Clefable, M|\n|poke|p1|Calyrex-Shadow|\n|poke|p1|Shaymin-Sky|\n|poke|p1|Thundurus, M|\n|poke|p1|Espathra, M|\n|poke|p2|Kingambit, M|\n|poke|p2|Cinderace, F|\n|poke|p2|Palafin, M|\n|poke|p2|Empoleon, F|\n|poke|p2|Lucario, F|\n|poke|p2|Infernape, F|\n|teampreview\n|\n|t:|1698339444\n|start\n|switch|p1a: Espathra|Espathra, M, shiny|100\/100\n|switch|p2a: Infernape|Infernape, F|100\/100\n|turn|1\n|\n|t:|1698339451\n|move|p2a: Infernape|Flare Blitz|p1a: Espathra\n|-damage|p1a: Espathra|57\/100\n|-damage|p2a: Infernape|81\/100|[from] Recoil\n|move|p1a: Espathra|Substitute|p1a: Espathra\n|-start|p1a: Espathra|Substitute\n|-damage|p1a: Espathra|32\/100\n|\n|-heal|p1a: Espathra|38\/100|[from] item: Leftovers\n|-ability|p1a: Espathra|Speed Boost|boost\n|-boost|p1a: Espathra|spe|1\n|upkeep\n|turn|2\n|\n|t:|1698339462\n|-terastallize|p2a: Infernape|Fire\n|move|p1a: Espathra|Roost|p1a: Espathra\n|-heal|p1a: Espathra|88\/100\n|-singleturn|p1a: Espathra|move: Roost\n|move|p2a: Infernape|Flare Blitz|p1a: Espathra\n|-end|p1a: Espathra|Substitute\n|-damage|p2a: Infernape|70\/100|[from] Recoil|[of] p1a: Espathra\n|\n|-heal|p1a: Espathra|94\/100|[from] item: Leftovers\n|-ability|p1a: Espathra|Speed Boost|boost\n|-boost|p1a: Espathra|spe|1\n|upkeep\n|turn|3\n|\n|t:|1698339473\n|move|p1a: Espathra|Substitute|p1a: Espathra\n|-start|p1a: Espathra|Substitute\n|-damage|p1a: Espathra|70\/100\n|move|p2a: Infernape|Flare Blitz|p1a: Espathra\n|-end|p1a: Espathra|Substitute\n|-damage|p2a: Infernape|60\/100|[from] Recoil|[of] p1a: Espathra\n|\n|-heal|p1a: Espathra|76\/100|[from] item: Leftovers\n|-ability|p1a: Espathra|Speed Boost|boost\n|-boost|p1a: Espathra|spe|1\n|upkeep\n|turn|4\n|\n|t:|1698339505\n|move|p1a: Espathra|Substitute|p1a: Espathra\n|-start|p1a: Espathra|Substitute\n|-damage|p1a: Espathra|51\/100\n|move|p2a: Infernape|Drain Punch|p1a: Espathra\n|-resisted|p1a: Espathra\n|-activate|p1a: Espathra|move: Substitute|[damage]\n|-heal|p2a: Infernape|71\/100|[from] drain|[of] p1a: Espathra\n|\n|-heal|p1a: Espathra|57\/100|[from] item: Leftovers\n|-ability|p1a: Espathra|Speed Boost|boost\n|-boost|p1a: Espathra|spe|1\n|upkeep\n|turn|5\n|inactive|Battle timer is ON: inactive players will automatically lose when time's up. (requested by jr334617)\n|\n|t:|1698339517\n|move|p1a: Espathra|Roost|p1a: Espathra\n|-heal|p1a: Espathra|100\/100\n|-singleturn|p1a: Espathra|move: Roost\n|move|p2a: Infernape|Flare Blitz|p1a: Espathra\n|-end|p1a: Espathra|Substitute\n|-damage|p2a: Infernape|67\/100|[from] Recoil|[of] p1a: Espathra\n|\n|-ability|p1a: Espathra|Speed Boost|boost\n|-boost|p1a: Espathra|spe|1\n|upkeep\n|turn|6\n|\n|t:|1698339528\n|move|p1a: Espathra|Baton Pass|p1a: Espathra\n|\n|t:|1698339530\n|switch|p1a: Drifblim|Drifblim, F, shiny|100\/100|[from] Baton Pass\n|move|p2a: Infernape|Flare Blitz|p1a: Drifblim\n|-damage|p1a: Drifblim|3\/100\n|-damage|p2a: Infernape|12\/100|[from] Recoil\n|\n|upkeep\n|turn|7\n|\n|t:|1698339543\n|move|p1a: Drifblim|Disable|p2a: Infernape\n|-start|p2a: Infernape|Disable|Flare Blitz\n|cant|p2a: Infernape|Disable|Flare Blitz\n|\n|upkeep\n|turn|8\n|\n|t:|1698339549\n|move|p1a: Drifblim|Minimize|p1a: Drifblim\n|-boost|p1a: Drifblim|evasion|2\n|move|p2a: Infernape|Drain Punch|p1a: Drifblim\n|-immune|p1a: Drifblim\n|\n|upkeep\n|turn|9\n|\n|t:|1698339556\n|switch|p2a: Empoleon|Empoleon, F|100\/100\n|move|p1a: Drifblim|Minimize|p1a: Drifblim\n|-boost|p1a: Drifblim|evasion|2\n|\n|upkeep\n|turn|10\n|\n|t:|1698339563\n|move|p1a: Drifblim|Baton Pass|p1a: Drifblim\n|\n|t:|1698339569\n|switch|p1a: Espathra|Espathra, M, shiny|100\/100|[from] Baton Pass\n|move|p2a: Empoleon|Blizzard|p1a: Espathra|[miss]\n|-miss|p2a: Empoleon|p1a: Espathra\n|\n|upkeep\n|turn|11\n|\n|t:|1698339576\n|switch|p2a: Palafin|Palafin, M|100\/100\n|move|p1a: Espathra|Calm Mind|p1a: Espathra\n|-boost|p1a: Espathra|spa|1\n|-boost|p1a: Espathra|spd|1\n|\n|-ability|p1a: Espathra|Speed Boost|boost\n|-boost|p1a: Espathra|spe|1\n|upkeep\n|turn|12\n|\n|t:|1698339584\n|detailschange|p2a: Palafin|Palafin-Hero, M\n|switch|p2a: Lucario|Lucario, F|100\/100\n|move|p1a: Espathra|Calm Mind|p1a: Espathra\n|-boost|p1a: Espathra|spa|1\n|-boost|p1a: Espathra|spd|1\n|\n|upkeep\n|turn|13\n|c|\u2606HanzKrautsmann|this is rather silly\n|\n|t:|1698339592\n|move|p2a: Lucario|Bullet Punch|p1a: Espathra|[miss]\n|-miss|p2a: Lucario|p1a: Espathra\n|move|p1a: Espathra|Calm Mind|p1a: Espathra\n|-boost|p1a: Espathra|spa|1\n|-boost|p1a: Espathra|spd|1\n|\n|upkeep\n|turn|14\n|\n|t:|1698339599\n|move|p1a: Espathra|Calm Mind|p1a: Espathra\n|-boost|p1a: Espathra|spa|1\n|-boost|p1a: Espathra|spd|1\n|move|p2a: Lucario|Bulk Up|p2a: Lucario\n|-boost|p2a: Lucario|atk|1\n|-boost|p2a: Lucario|def|1\n|\n|upkeep\n|turn|15\n|\n|t:|1698339606\n|move|p1a: Espathra|Calm Mind|p1a: Espathra\n|-boost|p1a: Espathra|spa|1\n|-boost|p1a: Espathra|spd|1\n|move|p2a: Lucario|Bulk Up|p2a: Lucario\n|-boost|p2a: Lucario|atk|1\n|-boost|p2a: Lucario|def|1\n|\n|upkeep\n|turn|16\n|\n|t:|1698339621\n|move|p1a: Espathra|Baton Pass|p1a: Espathra\n|\n|t:|1698339623\n|switch|p1a: Calyrex|Calyrex-Shadow|100\/100|[from] Baton Pass\n|-ability|p1a: Calyrex|As One\n|-ability|p1a: Calyrex|Unnerve\n|move|p2a: Lucario|Bulk Up|p2a: Lucario\n|-boost|p2a: Lucario|atk|1\n|-boost|p2a: Lucario|def|1\n|\n|upkeep\n|turn|17\n|c|\u2606HanzKrautsmann|welp\n|\n|t:|1698339638\n|move|p2a: Lucario|Bullet Punch|p1a: Calyrex|[miss]\n|-miss|p2a: Lucario|p1a: Calyrex\n|move|p1a: Calyrex|Stored Power|p2a: Lucario\n|-damage|p2a: Lucario|0 fnt\n|faint|p2a: Lucario\n|-ability|p1a: Calyrex|Grim Neigh|boost\n|-boost|p1a: Calyrex|spa|1\n|\n|upkeep\n|\n|t:|1698339651\n|switch|p2a: Cinderace|Cinderace, F|100\/100\n|turn|18\n|\n|t:|1698339655\n|move|p1a: Calyrex|Stored Power|p2a: Cinderace\n|-damage|p2a: Cinderace|0 fnt\n|faint|p2a: Cinderace\n|\n|upkeep\n|\n|t:|1698339660\n|switch|p2a: Empoleon|Empoleon, F|100\/100\n|turn|19\n|c|\u2606HanzKrautsmann|gg\n|\n|t:|1698339672\n|move|p1a: Calyrex|Stored Power|p2a: Empoleon\n|-resisted|p2a: Empoleon\n|-damage|p2a: Empoleon|0 fnt\n|faint|p2a: Empoleon\n|\n|upkeep\n|\n|t:|1698339679\n|switch|p2a: Palafin|Palafin-Hero, M|100\/100\n|-activate|p2a: Palafin|ability: Zero to Hero\n|turn|20\n|\n|t:|1698339705\n|move|p2a: Palafin|Jet Punch|p1a: Calyrex|[miss]\n|-miss|p2a: Palafin|p1a: Calyrex\n|move|p1a: Calyrex|Stored Power|p2a: Palafin\n|-enditem|p2a: Palafin|Focus Sash\n|-damage|p2a: Palafin|1\/100\n|\n|upkeep\n|turn|21\n|\n|t:|1698339715\n|move|p2a: Palafin|Jet Punch|p1a: Calyrex|[miss]\n|-miss|p2a: Palafin|p1a: Calyrex\n|move|p1a: Calyrex|Dark Pulse|p2a: Palafin\n|-damage|p2a: Palafin|0 fnt\n|faint|p2a: Palafin\n|\n|upkeep\n|\n|t:|1698339722\n|switch|p2a: Infernape|Infernape, F, tera:Fire|12\/100\n|turn|22\n|\n|t:|1698339726\n|move|p1a: Calyrex|Stored Power|p2a: Infernape\n|-damage|p2a: Infernape|0 fnt\n|faint|p2a: Infernape\n|\n|upkeep\n|\n|t:|1698339731\n|switch|p2a: Kingambit|Kingambit, M|100\/100\n|-activate|p2a: Kingambit|ability: Supreme Overlord\n|-start|p2a: Kingambit|fallen5|[silent]\n|turn|23\n|\n|t:|1698339738\n|move|p2a: Kingambit|Sucker Punch|p1a: Calyrex|[miss]\n|-miss|p2a: Kingambit|p1a: Calyrex\n|move|p1a: Calyrex|Stored Power|p2a: Kingambit\n|-immune|p2a: Kingambit\n|\n|upkeep\n|turn|24\n|c|\u2606HanzKrautsmann|oops\n|\n|t:|1698339747\n|move|p2a: Kingambit|Sucker Punch|p1a: Calyrex\n|-supereffective|p1a: Calyrex\n|-damage|p1a: Calyrex|0 fnt\n|faint|p1a: Calyrex\n|\n|upkeep\n|c|\u2606HanzKrautsmann|oh well\n|\n|t:|1698339772\n|switch|p1a: Clefable|Clefable, M, shiny|100\/100\n|turn|25\n|\n|t:|1698339794\n|-terastallize|p1a: Clefable|Fairy\n|move|p1a: Clefable|Dazzling Gleam|p2a: Kingambit\n|-damage|p2a: Kingambit|54\/100\n|move|p2a: Kingambit|Iron Head|p1a: Clefable\n|-supereffective|p1a: Clefable\n|-damage|p1a: Clefable|0 fnt\n|faint|p1a: Clefable\n|\n|upkeep\n|\n|t:|1698339801\n|switch|p1a: Thundurus|Thundurus, M, shiny|100\/100\n|turn|26\n|\n|t:|1698339811\n|move|p2a: Kingambit|Sucker Punch|p1a: Thundurus\n|-damage|p1a: Thundurus|14\/100\n|move|p1a: Thundurus|Discharge|p2a: Kingambit\n|-damage|p2a: Kingambit|14\/100\n|-status|p2a: Kingambit|par\n|\n|upkeep\n|turn|27\n|\n|t:|1698339819\n|move|p2a: Kingambit|Sucker Punch|p1a: Thundurus\n|-damage|p1a: Thundurus|0 fnt\n|faint|p1a: Thundurus\n|\n|upkeep\n|\n|t:|1698339824\n|switch|p1a: Shaymin|Shaymin-Sky, shiny|100\/100\n|turn|28\n|\n|t:|1698339835\n|move|p2a: Kingambit|Sucker Punch|p1a: Shaymin\n|-damage|p1a: Shaymin|28\/100\n|move|p1a: Shaymin|Earth Power|p2a: Kingambit\n|-supereffective|p2a: Kingambit\n|-damage|p2a: Kingambit|0 fnt\n|faint|p2a: Kingambit\n|-end|p2a: Kingambit|fallen5|[silent]\n|-damage|p1a: Shaymin|18\/100|[from] item: Life Orb\n|\n|win|HanzKrautsmann\n|raw|HanzKrautsmann's rating: 1070 &rarr; <strong>1102<\/strong><br \/>(+32 for winning)\n|raw|jr334617's rating: 1095 &rarr; <strong>1069<\/strong><br \/>(-26 for losing)\n","uploadtime":1698339841,"views":7,"p1id":"hanzkrautsmann","p2id":"jr334617","formatid":"gen9anythinggoes","rating":1069,"private":0,"password":""}