{"id":"gen9anythinggoes-1977270591","p1":"Pikamon shoodoon","p2":"wettlandd","format":"[Gen 9] Anything Goes","log":"|j|\u2606Pikamon shoodoon\n|j|\u2606wettlandd\n|t:|1698397138\n|gametype|singles\n|player|p1|Pikamon shoodoon|lucas|1045\n|player|p2|wettlandd|102|1286\n|teamsize|p1|6\n|teamsize|p2|6\n|gen|9\n|tier|[Gen 9] Anything Goes\n|rated|\n|rule|HP Percentage Mod: HP is shown in percentages\n|rule|Endless Battle Clause: Forcing endless battles is banned\n|clearpoke\n|poke|p1|Toxtricity, F|\n|poke|p1|Cyclizar, M|\n|poke|p1|Kommo-o, M|\n|poke|p1|Orthworm, M|\n|poke|p1|Calyrex-Shadow|\n|poke|p1|Magearna|\n|poke|p2|Chien-Pao|\n|poke|p2|Chien-Pao|\n|poke|p2|Chien-Pao|\n|poke|p2|Dugtrio-Alola, M|\n|poke|p2|Dugtrio-Alola, F|\n|poke|p2|Iron Bundle|\n|teampreview\n|inactive|Battle timer is ON: inactive players will automatically lose when time's up. (requested by wettlandd)\n|\n|t:|1698397145\n|start\n|switch|p1a: Orthworm|Orthworm, M|100\/100\n|switch|p2a: Chien-Pao|Chien-Pao|100\/100\n|-ability|p2a: Chien-Pao|Sword of Ruin\n|turn|1\n|\n|t:|1698397154\n|move|p2a: Chien-Pao|Substitute|p2a: Chien-Pao\n|-start|p2a: Chien-Pao|Substitute\n|-damage|p2a: Chien-Pao|76\/100\n|move|p1a: Orthworm|Shed Tail|p1a: Orthworm\n|-start|p1a: Orthworm|Substitute|[from] move: Shed Tail\n|-damage|p1a: Orthworm|50\/100\n|-enditem|p1a: Orthworm|Sitrus Berry|[eat]\n|-heal|p1a: Orthworm|75\/100|[from] item: Sitrus Berry\n|\n|t:|1698397164\n|switch|p1a: Toxtricity|Toxtricity, F|100\/100|[from] Shed Tail\n|\n|upkeep\n|turn|2\n|\n|t:|1698397186\n|move|p2a: Chien-Pao|Ice Spinner|p1a: Toxtricity\n|-end|p1a: Toxtricity|Substitute\n|move|p1a: Toxtricity|Shift Gear|p1a: Toxtricity\n|-boost|p1a: Toxtricity|spe|2\n|-boost|p1a: Toxtricity|atk|1\n|\n|upkeep\n|turn|3\n|\n|t:|1698397195\n|-terastallize|p1a: Toxtricity|Normal\n|move|p1a: Toxtricity|Boomburst|p2a: Chien-Pao\n|-damage|p2a: Chien-Pao|0 fnt\n|faint|p2a: Chien-Pao\n|-enditem|p1a: Toxtricity|Throat Spray\n|-boost|p1a: Toxtricity|spa|1|[from] item: Throat Spray\n|\n|upkeep\n|\n|t:|1698397203\n|switch|p2a: Chien-Pao|Chien-Pao|100\/100\n|-ability|p2a: Chien-Pao|Sword of Ruin\n|turn|4\n|\n|t:|1698397208\n|move|p1a: Toxtricity|Boomburst|p2a: Chien-Pao\n|-enditem|p2a: Chien-Pao|Focus Sash\n|-damage|p2a: Chien-Pao|1\/100\n|move|p2a: Chien-Pao|Brick Break|p1a: Toxtricity\n|-supereffective|p1a: Toxtricity\n|-damage|p1a: Toxtricity|0 fnt\n|faint|p1a: Toxtricity\n|\n|upkeep\n|\n|t:|1698397219\n|switch|p1a: Calyrex|Calyrex-Shadow|100\/100\n|-ability|p1a: Calyrex|As One\n|-ability|p1a: Calyrex|Unnerve\n|turn|5\n|\n|t:|1698397233\n|move|p1a: Calyrex|Tera Blast|p2a: Chien-Pao\n|-damage|p2a: Chien-Pao|0 fnt\n|faint|p2a: Chien-Pao\n|-ability|p1a: Calyrex|Grim Neigh|boost\n|-boost|p1a: Calyrex|spa|1\n|\n|upkeep\n|\n|t:|1698397238\n|switch|p2a: Dugtrio|Dugtrio-Alola, F|100\/100\n|turn|6\n|\n|t:|1698397245\n|switch|p1a: Orthworm|Orthworm, M|75\/100\n|move|p2a: Dugtrio|Earthquake|p1a: Orthworm\n|-heal|p1a: Orthworm|99\/100|[from] ability: Earth Eater|[of] p2a: Dugtrio\n|\n|upkeep\n|turn|7\n|\n|t:|1698397257\n|move|p2a: Dugtrio|Stone Edge|p1a: Orthworm\n|-resisted|p1a: Orthworm\n|-damage|p1a: Orthworm|89\/100\n|move|p1a: Orthworm|Shed Tail|p1a: Orthworm\n|-start|p1a: Orthworm|Substitute|[from] move: Shed Tail\n|-damage|p1a: Orthworm|38\/100\n|\n|t:|1698397265\n|switch|p1a: Kommo-o|Kommo-o, M|100\/100|[from] Shed Tail\n|\n|upkeep\n|turn|8\n|\n|t:|1698397274\n|move|p2a: Dugtrio|Earthquake|p1a: Kommo-o\n|-end|p1a: Kommo-o|Substitute\n|move|p1a: Kommo-o|Clangorous Soul|p1a: Kommo-o\n|-boost|p1a: Kommo-o|atk|1\n|-boost|p1a: Kommo-o|def|1\n|-boost|p1a: Kommo-o|spa|1\n|-boost|p1a: Kommo-o|spd|1\n|-boost|p1a: Kommo-o|spe|1\n|-damage|p1a: Kommo-o|68\/100\n|-enditem|p1a: Kommo-o|Throat Spray\n|-boost|p1a: Kommo-o|spa|1|[from] item: Throat Spray\n|\n|upkeep\n|turn|9\n|\n|t:|1698397289\n|move|p1a: Kommo-o|Close Combat|p2a: Dugtrio\n|-supereffective|p2a: Dugtrio\n|-enditem|p2a: Dugtrio|Focus Sash\n|-damage|p2a: Dugtrio|1\/100\n|-unboost|p1a: Kommo-o|def|1\n|-unboost|p1a: Kommo-o|spd|1\n|-ability|p2a: Dugtrio|Tangling Hair\n|-unboost|p1a: Kommo-o|spe|1\n|move|p2a: Dugtrio|Earthquake|p1a: Kommo-o\n|-damage|p1a: Kommo-o|28\/100\n|\n|upkeep\n|turn|10\n|\n|t:|1698397301\n|move|p2a: Dugtrio|Earthquake|p1a: Kommo-o\n|-crit|p1a: Kommo-o\n|-damage|p1a: Kommo-o|0 fnt\n|faint|p1a: Kommo-o\n|\n|upkeep\n|\n|t:|1698397311\n|switch|p1a: Magearna|Magearna|100\/100\n|turn|11\n|\n|t:|1698397318\n|switch|p1a: Orthworm|Orthworm, M|38\/100\n|move|p2a: Dugtrio|Earthquake|p1a: Orthworm\n|-heal|p1a: Orthworm|63\/100|[from] ability: Earth Eater|[of] p2a: Dugtrio\n|\n|upkeep\n|turn|12\n|\n|t:|1698397339\n|move|p2a: Dugtrio|Stone Edge|p1a: Orthworm|[miss]\n|-miss|p2a: Dugtrio|p1a: Orthworm\n|move|p1a: Orthworm|Body Press|p2a: Dugtrio\n|-supereffective|p2a: Dugtrio\n|-damage|p2a: Dugtrio|0 fnt\n|-ability|p2a: Dugtrio|Tangling Hair\n|-unboost|p1a: Orthworm|spe|1\n|faint|p2a: Dugtrio\n|\n|upkeep\n|\n|t:|1698397348\n|switch|p2a: Iron Bundle|Iron Bundle|100\/100\n|-enditem|p2a: Iron Bundle|Booster Energy\n|-activate|p2a: Iron Bundle|ability: Quark Drive|[fromitem]\n|-start|p2a: Iron Bundle|quarkdrivespe\n|turn|13\n|\n|t:|1698397360\n|move|p2a: Iron Bundle|Hydro Pump|p1a: Orthworm|[miss]\n|-miss|p2a: Iron Bundle|p1a: Orthworm\n|move|p1a: Orthworm|Shed Tail|p1a: Orthworm\n|-start|p1a: Orthworm|Substitute|[from] move: Shed Tail\n|-damage|p1a: Orthworm|13\/100\n|\n|t:|1698397371\n|switch|p1a: Calyrex|Calyrex-Shadow|100\/100|[from] Shed Tail\n|-ability|p1a: Calyrex|As One\n|-ability|p1a: Calyrex|Unnerve\n|\n|upkeep\n|turn|14\n|\n|t:|1698397381\n|move|p2a: Iron Bundle|Ice Beam|p1a: Calyrex\n|-end|p1a: Calyrex|Substitute\n|move|p1a: Calyrex|Astral Barrage|p2a: Iron Bundle\n|-damage|p2a: Iron Bundle|0 fnt\n|faint|p2a: Iron Bundle\n|-end|p2a: Iron Bundle|Quark Drive|[silent]\n|-ability|p1a: Calyrex|Grim Neigh|boost\n|-boost|p1a: Calyrex|spa|1\n|\n|upkeep\n|\n|t:|1698397390\n|switch|p2a: Chien-Pao|Chien-Pao|100\/100\n|-ability|p2a: Chien-Pao|Sword of Ruin\n|turn|15\n|\n|t:|1698397402\n|switch|p1a: Magearna|Magearna|100\/100\n|move|p2a: Chien-Pao|Crunch|p1a: Magearna\n|-resisted|p1a: Magearna\n|-damage|p1a: Magearna|80\/100\n|\n|upkeep\n|turn|16\n|\n|t:|1698397411\n|move|p2a: Chien-Pao|Sheer Cold|p1a: Magearna|[miss]\n|-miss|p2a: Chien-Pao|p1a: Magearna\n|move|p1a: Magearna|Shift Gear|p1a: Magearna\n|-boost|p1a: Magearna|spe|2\n|-boost|p1a: Magearna|atk|1\n|\n|upkeep\n|turn|17\n|\n|t:|1698397419\n|move|p2a: Chien-Pao|Sheer Cold|p1a: Magearna\n|-damage|p1a: Magearna|0 fnt\n|faint|p1a: Magearna\n|-ohko\n|\n|upkeep\n|\n|t:|1698397429\n|switch|p1a: Calyrex|Calyrex-Shadow|100\/100\n|-ability|p1a: Calyrex|As One\n|-ability|p1a: Calyrex|Unnerve\n|turn|18\n|\n|t:|1698397440\n|move|p1a: Calyrex|Tera Blast|p2a: Chien-Pao\n|-damage|p2a: Chien-Pao|14\/100\n|move|p2a: Chien-Pao|Crunch|p1a: Calyrex\n|-supereffective|p1a: Calyrex\n|-damage|p1a: Calyrex|0 fnt\n|faint|p1a: Calyrex\n|\n|upkeep\n|\n|t:|1698397452\n|switch|p1a: Cyclizar|Cyclizar, M|100\/100\n|turn|19\n|\n|t:|1698397459\n|move|p2a: Chien-Pao|Ice Spinner|p1a: Cyclizar\n|-supereffective|p1a: Cyclizar\n|-damage|p1a: Cyclizar|0 fnt\n|faint|p1a: Cyclizar\n|\n|upkeep\n|-message|Pikamon shoodoon forfeited.\n|\n|win|wettlandd\n|raw|Pikamon shoodoon's rating: 1045 &rarr; <strong>1038<\/strong><br \/>(-7 for losing)\n|raw|wettlandd's rating: 1286 &rarr; <strong>1296<\/strong><br \/>(+10 for winning)\n|l|\u2606Pikamon shoodoon\n","uploadtime":1698397468,"views":8,"p1id":"pikamonshoodoon","p2id":"wettlandd","formatid":"gen9anythinggoes","rating":1038,"private":0,"password":""}