{"id":"gen9anythinggoes-1988152779","p1":"NotYourTypePaapi","p2":"Adhiraj8202","format":"[Gen 9] Anything Goes","log":"|j|\u2606NotYourTypePaapi\n|j|\u2606Adhiraj8202\n|t:|1699676344\n|gametype|singles\n|player|p1|NotYourTypePaapi|anabel|\n|player|p2|Adhiraj8202|caitlin|\n|teamsize|p1|6\n|teamsize|p2|6\n|gen|9\n|tier|[Gen 9] Anything Goes\n|rule|HP Percentage Mod: HP is shown in percentages\n|rule|Endless Battle Clause: Forcing endless battles is banned\n|clearpoke\n|poke|p1|Calyrex-Shadow|\n|poke|p1|Ditto|\n|poke|p1|Arceus-Fairy|\n|poke|p1|Koraidon|\n|poke|p1|Zacian-*|\n|poke|p1|Arceus|\n|poke|p2|Koraidon|\n|poke|p2|Arceus|\n|poke|p2|Arceus-Ground|\n|poke|p2|Calyrex-Shadow|\n|poke|p2|Landorus-Therian, M|\n|poke|p2|Ting-Lu|\n|teampreview\n|inactive|Battle timer is ON: inactive players will automatically lose when time's up. (requested by NotYourTypePaapi)\n|c|\u2606Adhiraj8202|hf\n|\n|t:|1699676353\n|start\n|switch|p1a: Go greeninja|Koraidon|100\/100\n|switch|p2a: Koraidon|Koraidon|100\/100\n|-weather|SunnyDay|[from] ability: Orichalcum Pulse|[of] p1a: Go greeninja\n|-activate|p1a: Go greeninja|Orichalcum Pulse|[source]\n|-activate|p2a: Koraidon|ability: Orichalcum Pulse\n|turn|1\n|c|\u2606Adhiraj8202|this is bo3 if you know\n|c|\u2606NotYourTypePaapi|Hf\n|\n|t:|1699676363\n|switch|p2a: Landorus|Landorus-Therian, M|100\/100\n|-ability|p2a: Landorus|Intimidate|boost\n|-unboost|p1a: Go greeninja|atk|1\n|move|p1a: Go greeninja|Outrage|p2a: Landorus\n|-damage|p2a: Landorus|59\/100\n|-damage|p1a: Go greeninja|84\/100|[from] item: Rocky Helmet|[of] p2a: Landorus\n|\n|-weather|SunnyDay|[upkeep]\n|upkeep\n|turn|2\n|c|\u2606NotYourTypePaapi|Oh okay\n|\n|t:|1699676374\n|move|p1a: Go greeninja|Outrage|p2a: Landorus|[from]lockedmove\n|-crit|p2a: Landorus\n|-damage|p2a: Landorus|0 fnt\n|-damage|p1a: Go greeninja|68\/100|[from] item: Rocky Helmet|[of] p2a: Landorus\n|faint|p2a: Landorus\n|-start|p1a: Go greeninja|confusion|[fatigue]\n|\n|-weather|SunnyDay|[upkeep]\n|upkeep\n|\n|t:|1699676382\n|switch|p2a: Ting-Lu|Ting-Lu|100\/100\n|-ability|p2a: Ting-Lu|Vessel of Ruin\n|turn|3\n|\n|t:|1699676389\n|switch|p1a: Zowwyxafe|Arceus-Fairy|100\/100\n|move|p2a: Ting-Lu|Spikes|p1a: Zowwyxafe\n|-sidestart|p1: NotYourTypePaapi|Spikes\n|\n|-weather|SunnyDay|[upkeep]\n|upkeep\n|turn|4\n|\n|t:|1699676395\n|move|p1a: Zowwyxafe|Calm Mind|p1a: Zowwyxafe\n|-boost|p1a: Zowwyxafe|spa|1\n|-boost|p1a: Zowwyxafe|spd|1\n|move|p2a: Ting-Lu|Ruination|p1a: Zowwyxafe\n|-damage|p1a: Zowwyxafe|50\/100\n|\n|-weather|SunnyDay|[upkeep]\n|upkeep\n|turn|5\n|\n|t:|1699676407\n|move|p1a: Zowwyxafe|Recover|p1a: Zowwyxafe\n|-heal|p1a: Zowwyxafe|100\/100\n|move|p2a: Ting-Lu|Whirlwind|p1a: Zowwyxafe\n|drag|p1a: Pokeauraburst|Calyrex-Shadow|100\/100\n|-ability|p1a: Pokeauraburst|As One\n|-ability|p1a: Pokeauraburst|Unnerve\n|-damage|p1a: Pokeauraburst|88\/100|[from] Spikes\n|\n|-weather|none\n|upkeep\n|turn|6\n|\n|t:|1699676416\n|switch|p2a: Arceus|Arceus|100\/100\n|move|p1a: Pokeauraburst|Tera Blast|p2a: Arceus\n|-damage|p2a: Arceus|78\/100\n|\n|upkeep\n|turn|7\n|\n|t:|1699676430\n|switch|p1a: Arceus|Arceus|100\/100\n|-damage|p1a: Arceus|88\/100|[from] Spikes\n|move|p2a: Arceus|Shadow Claw|p1a: Arceus\n|-immune|p1a: Arceus\n|\n|upkeep\n|turn|8\n|\n|t:|1699676438\n|switch|p2a: Calyrex|Calyrex-Shadow|100\/100\n|-ability|p2a: Calyrex|As One\n|-ability|p2a: Calyrex|Unnerve\n|move|p1a: Arceus|Dragon Dance|p1a: Arceus\n|-boost|p1a: Arceus|atk|1\n|-boost|p1a: Arceus|spe|1\n|\n|upkeep\n|turn|9\n|\n|t:|1699676445\n|-terastallize|p2a: Calyrex|Grass\n|move|p1a: Arceus|Flare Blitz|p2a: Calyrex\n|-supereffective|p2a: Calyrex\n|-crit|p2a: Calyrex\n|-damage|p2a: Calyrex|0 fnt\n|faint|p2a: Calyrex\n|-damage|p1a: Arceus|62\/100|[from] Recoil\n|-damage|p1a: Arceus|52\/100|[from] item: Life Orb\n|\n|upkeep\n|\n|t:|1699676451\n|switch|p2a: Arceus|Arceus|78\/100\n|turn|10\n|\n|t:|1699676455\n|move|p1a: Arceus|Extreme Speed|p2a: Arceus\n|-damage|p2a: Arceus|21\/100\n|-damage|p1a: Arceus|42\/100|[from] item: Life Orb\n|move|p2a: Arceus|Extreme Speed|p1a: Arceus\n|-damage|p1a: Arceus|11\/100\n|\n|upkeep\n|turn|11\n|\n|t:|1699676463\n|switch|p2a: Ting-Lu|Ting-Lu|100\/100\n|-ability|p2a: Ting-Lu|Vessel of Ruin\n|move|p1a: Arceus|Extreme Speed|p2a: Ting-Lu\n|-damage|p2a: Ting-Lu|54\/100\n|-damage|p1a: Arceus|1\/100|[from] item: Life Orb\n|\n|-heal|p2a: Ting-Lu|60\/100|[from] item: Leftovers\n|upkeep\n|turn|12\n|\n|t:|1699676469\n|move|p1a: Arceus|Flare Blitz|p2a: Ting-Lu\n|-damage|p2a: Ting-Lu|12\/100\n|-damage|p1a: Arceus|0 fnt|[from] Recoil\n|faint|p1a: Arceus\n|move|p2a: Ting-Lu|Spikes|p1: Arceus\n|-sidestart|p1: NotYourTypePaapi|Spikes\n|\n|-heal|p2a: Ting-Lu|18\/100|[from] item: Leftovers\n|upkeep\n|\n|t:|1699676475\n|switch|p1a: Zacian|Zacian-Crowned|100\/100\n|-damage|p1a: Zacian|84\/100|[from] Spikes\n|-ability|p1a: Zacian|Intrepid Sword|boost\n|-boost|p1a: Zacian|atk|1\n|turn|13\n|\n|t:|1699676480\n|move|p1a: Zacian|Behemoth Blade|p2a: Ting-Lu\n|-damage|p2a: Ting-Lu|0 fnt\n|faint|p2a: Ting-Lu\n|\n|upkeep\n|\n|t:|1699676483\n|switch|p2a: Koraidon|Koraidon|100\/100\n|-weather|SunnyDay|[from] ability: Orichalcum Pulse|[of] p2a: Koraidon\n|-activate|p2a: Koraidon|Orichalcum Pulse|[source]\n|turn|14\n|\n|t:|1699676487\n|move|p2a: Koraidon|Flare Blitz|p1a: Zacian\n|-supereffective|p1a: Zacian\n|-damage|p1a: Zacian|0 fnt\n|faint|p1a: Zacian\n|-damage|p2a: Koraidon|74\/100|[from] Recoil\n|\n|-weather|SunnyDay|[upkeep]\n|upkeep\n|\n|t:|1699676491\n|switch|p1a: Dregone|Ditto|100\/100\n|-damage|p1a: Dregone|84\/100|[from] Spikes\n|-transform|p1a: Dregone|p2a: Koraidon|[from] ability: Imposter\n|-activate|p1a: Dregone|ability: Orichalcum Pulse\n|turn|15\n|\n|t:|1699676502\n|switch|p2a: Arceus|Arceus|21\/100\n|move|p1a: Dregone|Low Kick|p2a: Arceus\n|-supereffective|p2a: Arceus\n|-damage|p2a: Arceus|0 fnt\n|faint|p2a: Arceus\n|\n|-weather|SunnyDay|[upkeep]\n|upkeep\n|\n|t:|1699676507\n|switch|p2a: Arceus|Arceus-Ground|100\/100\n|turn|16\n|\n|t:|1699676513\n|switch|p1a: Zowwyxafe|Arceus-Fairy|100\/100\n|-damage|p1a: Zowwyxafe|84\/100|[from] Spikes\n|move|p2a: Arceus|Dragon Dance|p2a: Arceus\n|-boost|p2a: Arceus|atk|1\n|-boost|p2a: Arceus|spe|1\n|\n|-weather|SunnyDay|[upkeep]\n|upkeep\n|turn|17\n|\n|t:|1699676516\n|move|p2a: Arceus|Earthquake|p1a: Zowwyxafe\n|-damage|p1a: Zowwyxafe|27\/100\n|move|p1a: Zowwyxafe|Calm Mind|p1a: Zowwyxafe\n|-boost|p1a: Zowwyxafe|spa|1\n|-boost|p1a: Zowwyxafe|spd|1\n|\n|-weather|SunnyDay|[upkeep]\n|upkeep\n|turn|18\n|\n|t:|1699676522\n|move|p2a: Arceus|Earthquake|p1a: Zowwyxafe\n|-damage|p1a: Zowwyxafe|0 fnt\n|faint|p1a: Zowwyxafe\n|\n|-weather|none\n|upkeep\n|\n|t:|1699676529\n|switch|p1a: Pokeauraburst|Calyrex-Shadow|88\/100\n|-ability|p1a: Pokeauraburst|As One\n|-ability|p1a: Pokeauraburst|Unnerve\n|-damage|p1a: Pokeauraburst|72\/100|[from] Spikes\n|turn|19\n|inactive|Adhiraj8202 has 270 seconds left.\n|inactive|Adhiraj8202 has 240 seconds left.\n|inactive|Adhiraj8202 has 210 seconds left.\n|\n|t:|1699676620\n|move|p1a: Pokeauraburst|Astral Barrage|p2a: Arceus\n|-damage|p2a: Arceus|51\/100\n|move|p2a: Arceus|Earthquake|p1a: Pokeauraburst\n|-damage|p1a: Pokeauraburst|0 fnt\n|faint|p1a: Pokeauraburst\n|\n|upkeep\n|\n|t:|1699676630\n|switch|p1a: Go greeninja|Koraidon|68\/100\n|-damage|p1a: Go greeninja|51\/100|[from] Spikes\n|-weather|SunnyDay|[from] ability: Orichalcum Pulse|[of] p1a: Go greeninja\n|-activate|p1a: Go greeninja|Orichalcum Pulse|[source]\n|turn|20\n|\n|t:|1699676634\n|move|p1a: Go greeninja|Outrage|p2a: Arceus\n|-damage|p2a: Arceus|0 fnt\n|faint|p2a: Arceus\n|\n|-weather|SunnyDay|[upkeep]\n|upkeep\n|\n|t:|1699676636\n|switch|p2a: Koraidon|Koraidon|74\/100\n|-activate|p2a: Koraidon|ability: Orichalcum Pulse\n|turn|21\n|\n|t:|1699676639\n|move|p1a: Go greeninja|Outrage|p2a: Koraidon|[from]lockedmove\n|-supereffective|p2a: Koraidon\n|-damage|p2a: Koraidon|0 fnt\n|faint|p2a: Koraidon\n|-start|p1a: Go greeninja|confusion|[fatigue]\n|\n|win|NotYourTypePaapi\n|c|\u2606NotYourTypePaapi|Gg\n|c|\u2606Adhiraj8202|gg\n|c|\u2606NotYourTypePaapi|Wait\n|l|\u2606Adhiraj8202\n|c|\u2606NotYourTypePaapi|G1\n","uploadtime":1699676656,"views":15,"p1id":"notyourtypepaapi","p2id":"adhiraj8202","formatid":"gen9anythinggoes","rating":0,"private":0,"password":""}