{"id":"gen9anythinggoes-1986978691","p1":"TheShinySigilyph","p2":"lostparrot","format":"[Gen 9] Anything Goes","log":"|j|\u2606TheShinySigilyph\n|j|\u2606lostparrot\n|t:|1699546163\n|gametype|singles\n|player|p1|TheShinySigilyph|iris-gen5bw2|1068\n|player|p2|lostparrot|102|1076\n|teamsize|p1|6\n|teamsize|p2|1\n|gen|9\n|tier|[Gen 9] Anything Goes\n|rated|\n|rule|HP Percentage Mod: HP is shown in percentages\n|rule|Endless Battle Clause: Forcing endless battles is banned\n|clearpoke\n|poke|p1|Drifblim, F|\n|poke|p1|Espathra, M|\n|poke|p1|Hatterene, F|\n|poke|p1|Magearna|\n|poke|p1|Manaphy|\n|poke|p1|Calyrex-Shadow|\n|poke|p2|Murkrow, M|\n|teampreview\n|\n|t:|1699546177\n|start\n|switch|p1a: Drifblim|Drifblim, F|100\/100\n|switch|p2a: Murkrow|Murkrow, M, shiny|100\/100\n|turn|1\n|c|\u2606TheShinySigilyph|I\u2019m not gonna hurt him\n|c|\u2606TheShinySigilyph|Just let me do a thing\n|\n|t:|1699546189\n|-terastallize|p2a: Murkrow|Fairy\n|move|p2a: Murkrow|Calm Mind|p2a: Murkrow\n|-boost|p2a: Murkrow|spa|1\n|-boost|p2a: Murkrow|spd|1\n|move|p1a: Drifblim|Minimize|p1a: Drifblim\n|-boost|p1a: Drifblim|evasion|2\n|\n|upkeep\n|turn|2\n|c|\u2606lostparrot|no\n|\n|t:|1699546200\n|move|p2a: Murkrow|Dark Pulse|p1a: Drifblim|[miss]\n|-miss|p2a: Murkrow|p1a: Drifblim\n|move|p1a: Drifblim|Minimize|p1a: Drifblim\n|-boost|p1a: Drifblim|evasion|2\n|\n|upkeep\n|turn|3\n|\n|t:|1699546206\n|move|p2a: Murkrow|Dark Pulse|p1a: Drifblim|[miss]\n|-miss|p2a: Murkrow|p1a: Drifblim\n|move|p1a: Drifblim|Minimize|p1a: Drifblim\n|-boost|p1a: Drifblim|evasion|2\n|\n|upkeep\n|turn|4\n|\n|t:|1699546215\n|move|p2a: Murkrow|Dark Pulse|p1a: Drifblim\n|-supereffective|p1a: Drifblim\n|-damage|p1a: Drifblim|33\/100\n|move|p1a: Drifblim|Baton Pass|p1a: Drifblim\n|\n|t:|1699546219\n|switch|p1a: Espathra|Espathra, M|100\/100|[from] Baton Pass\n|\n|upkeep\n|turn|5\n|\n|t:|1699546231\n|move|p1a: Espathra|Calm Mind|p1a: Espathra\n|-boost|p1a: Espathra|spa|1\n|-boost|p1a: Espathra|spd|1\n|move|p2a: Murkrow|Dark Pulse|p1a: Espathra\n|-supereffective|p1a: Espathra\n|-damage|p1a: Espathra|24\/100\n|\n|-heal|p1a: Espathra|30\/100|[from] item: Leftovers\n|-ability|p1a: Espathra|Speed Boost|boost\n|-boost|p1a: Espathra|spe|1\n|upkeep\n|turn|6\n|\n|t:|1699546242\n|move|p1a: Espathra|Substitute|p1a: Espathra\n|-start|p1a: Espathra|Substitute\n|-damage|p1a: Espathra|6\/100\n|move|p2a: Murkrow|Dark Pulse|p1a: Espathra\n|-supereffective|p1a: Espathra\n|-end|p1a: Espathra|Substitute\n|\n|-heal|p1a: Espathra|12\/100|[from] item: Leftovers\n|-ability|p1a: Espathra|Speed Boost|boost\n|-boost|p1a: Espathra|spe|1\n|upkeep\n|turn|7\n|\n|t:|1699546265\n|move|p1a: Espathra|Calm Mind|p1a: Espathra\n|-boost|p1a: Espathra|spa|1\n|-boost|p1a: Espathra|spd|1\n|move|p2a: Murkrow|Dark Pulse|p1a: Espathra|[miss]\n|-miss|p2a: Murkrow|p1a: Espathra\n|\n|-heal|p1a: Espathra|18\/100|[from] item: Leftovers\n|-ability|p1a: Espathra|Speed Boost|boost\n|-boost|p1a: Espathra|spe|1\n|upkeep\n|turn|8\n|\n|t:|1699546275\n|move|p1a: Espathra|Calm Mind|p1a: Espathra\n|-boost|p1a: Espathra|spa|1\n|-boost|p1a: Espathra|spd|1\n|move|p2a: Murkrow|Dark Pulse|p1a: Espathra|[miss]\n|-miss|p2a: Murkrow|p1a: Espathra\n|\n|-heal|p1a: Espathra|24\/100|[from] item: Leftovers\n|-ability|p1a: Espathra|Speed Boost|boost\n|-boost|p1a: Espathra|spe|1\n|upkeep\n|turn|9\n|\n|t:|1699546284\n|move|p1a: Espathra|Calm Mind|p1a: Espathra\n|-boost|p1a: Espathra|spa|1\n|-boost|p1a: Espathra|spd|1\n|move|p2a: Murkrow|Tera Blast|p1a: Espathra|[anim] Tera Blast Fairy|[miss]\n|-miss|p2a: Murkrow|p1a: Espathra\n|\n|-heal|p1a: Espathra|30\/100|[from] item: Leftovers\n|-ability|p1a: Espathra|Speed Boost|boost\n|-boost|p1a: Espathra|spe|1\n|upkeep\n|turn|10\n|\n|t:|1699546295\n|move|p1a: Espathra|Substitute|p1a: Espathra\n|-start|p1a: Espathra|Substitute\n|-damage|p1a: Espathra|5\/100\n|move|p2a: Murkrow|Dark Pulse|p1a: Espathra\n|-supereffective|p1a: Espathra\n|-end|p1a: Espathra|Substitute\n|\n|-heal|p1a: Espathra|11\/100|[from] item: Leftovers\n|-ability|p1a: Espathra|Speed Boost|boost\n|-boost|p1a: Espathra|spe|1\n|upkeep\n|turn|11\n|\n|t:|1699546305\n|move|p1a: Espathra|Baton Pass|p1a: Espathra\n|\n|t:|1699546308\n|switch|p1a: Magearna|Magearna|100\/100|[from] Baton Pass\n|move|p2a: Murkrow|Dark Pulse|p1a: Magearna\n|-resisted|p1a: Magearna\n|-damage|p1a: Magearna|96\/100\n|\n|-heal|p1a: Magearna|100\/100|[from] item: Leftovers\n|upkeep\n|turn|12\n|inactive|Battle timer is ON: inactive players will automatically lose when time's up. (requested by lostparrot)\n|\n|t:|1699546317\n|move|p1a: Magearna|Iron Defense|p1a: Magearna\n|-boost|p1a: Magearna|def|2\n|move|p2a: Murkrow|Air Slash|p1a: Magearna|[miss]\n|-miss|p2a: Murkrow|p1a: Magearna\n|\n|upkeep\n|turn|13\n|\n|t:|1699546324\n|move|p2a: Murkrow|Calm Mind|p2a: Murkrow\n|-boost|p2a: Murkrow|spa|1\n|-boost|p2a: Murkrow|spd|1\n|move|p1a: Magearna|Iron Defense|p1a: Magearna\n|-boost|p1a: Magearna|def|2\n|\n|upkeep\n|turn|14\n|\n|t:|1699546330\n|move|p2a: Murkrow|Calm Mind|p2a: Murkrow\n|-boost|p2a: Murkrow|spa|1\n|-boost|p2a: Murkrow|spd|1\n|move|p1a: Magearna|Iron Defense|p1a: Magearna\n|-boost|p1a: Magearna|def|2\n|\n|upkeep\n|turn|15\n|\n|t:|1699546343\n|move|p2a: Murkrow|Calm Mind|p2a: Murkrow\n|-boost|p2a: Murkrow|spa|1\n|-boost|p2a: Murkrow|spd|1\n|move|p1a: Magearna|Baton Pass|p1a: Magearna\n|\n|t:|1699546347\n|switch|p1a: Hatterene|Hatterene, F|100\/100|[from] Baton Pass\n|\n|upkeep\n|turn|16\n|\n|t:|1699546354\n|move|p1a: Hatterene|Swords Dance|p1a: Hatterene\n|-boost|p1a: Hatterene|atk|2\n|move|p2a: Murkrow|Air Slash|p1a: Hatterene|[miss]\n|-miss|p2a: Murkrow|p1a: Hatterene\n|\n|upkeep\n|turn|17\n|\n|t:|1699546360\n|move|p1a: Hatterene|Swords Dance|p1a: Hatterene\n|-boost|p1a: Hatterene|atk|2\n|move|p2a: Murkrow|Air Slash|p1a: Hatterene|[miss]\n|-miss|p2a: Murkrow|p1a: Hatterene\n|\n|upkeep\n|turn|18\n|\n|t:|1699546375\n|move|p1a: Hatterene|Swords Dance|p1a: Hatterene\n|-boost|p1a: Hatterene|atk|2\n|move|p2a: Murkrow|Air Slash|p1a: Hatterene|[miss]\n|-miss|p2a: Murkrow|p1a: Hatterene\n|\n|upkeep\n|turn|19\n|c|\u2606TheShinySigilyph|I\u2019m not gonna hurt him\n|\n|t:|1699546381\n|move|p1a: Hatterene|Baton Pass|p1a: Hatterene\n|\n|t:|1699546383\n|switch|p1a: Manaphy|Manaphy|100\/100|[from] Baton Pass\n|move|p2a: Murkrow|Air Slash|p1a: Manaphy|[miss]\n|-miss|p2a: Murkrow|p1a: Manaphy\n|\n|upkeep\n|turn|20\n|c|\u2606lostparrot|oh my god what is that thing\n|\n|t:|1699546401\n|move|p1a: Manaphy|Heart Swap|p2a: Murkrow\n|-swapboost|p1a: Manaphy|p2a: Murkrow|[from] move: Heart Swap\n|move|p2a: Murkrow|Air Slash|p1a: Manaphy\n|-damage|p1a: Manaphy|82\/100\n|\n|-heal|p1a: Manaphy|88\/100|[from] item: Leftovers\n|upkeep\n|turn|21\n|c|\u2606lostparrot|thank you\n|\n|t:|1699546417\n|switch|p1a: Hatterene|Hatterene, F|100\/100\n|move|p2a: Murkrow|Air Slash|p1a: Hatterene\n|-damage|p1a: Hatterene|38\/100\n|\n|-heal|p1a: Hatterene|44\/100|[from] item: Leftovers\n|upkeep\n|turn|22\n|\n|t:|1699546428\n|move|p2a: Murkrow|Air Slash|p1a: Hatterene\n|-damage|p1a: Hatterene|0 fnt\n|faint|p1a: Hatterene\n|\n|upkeep\n|\n|t:|1699546432\n|switch|p1a: Calyrex|Calyrex-Shadow|100\/100\n|-ability|p1a: Calyrex|As One\n|-ability|p1a: Calyrex|Unnerve\n|turn|23\n|c|\u2606TheShinySigilyph|That bird is now God\n|\n|t:|1699546446\n|move|p2a: Murkrow|Dark Pulse|p1a: Calyrex\n|-supereffective|p1a: Calyrex\n|-damage|p1a: Calyrex|0 fnt\n|faint|p1a: Calyrex\n|\n|upkeep\n|\n|t:|1699546455\n|switch|p1a: Magearna|Magearna|100\/100\n|turn|24\n|c|\u2606lostparrot|what is your plan to win??\n|c|\u2606TheShinySigilyph|I won\u2019t\n|\n|t:|1699546469\n|move|p2a: Murkrow|Air Slash|p1a: Magearna\n|-resisted|p1a: Magearna\n|-damage|p1a: Magearna|74\/100\n|move|p1a: Magearna|Stored Power|p2a: Murkrow|[miss]\n|-miss|p1a: Magearna|p2a: Murkrow\n|\n|-heal|p1a: Magearna|80\/100|[from] item: Leftovers\n|upkeep\n|turn|25\n|c|\u2606lostparrot|ill make you win\n|c|\u2606TheShinySigilyph|Why\n|-message|lostparrot forfeited.\n|\n|win|TheShinySigilyph\n|raw|TheShinySigilyph's rating: 1068 &rarr; <strong>1098<\/strong><br \/>(+30 for winning)\n|raw|lostparrot's rating: 1076 &rarr; <strong>1054<\/strong><br \/>(-22 for losing)\n|l|\u2606lostparrot\n|c|\u2606TheShinySigilyph|why\n","uploadtime":1699546504,"views":28,"p1id":"theshinysigilyph","p2id":"lostparrot","formatid":"gen9anythinggoes","rating":1054,"private":0,"password":""}