{"id":"gen9anythinggoes-1994052326","p1":"AmGeiii","p2":"Natcrozma %\u25d5\u203f\u203f\u25d5%","format":"[Gen 9] Anything Goes","log":"|j|\u2606AmGeiii\n|j|\u2606Natcrozma %\u25d5\u203f\u203f\u25d5%\n|t:|1700400265\n|gametype|singles\n|player|p1|AmGeiii|101|\n|player|p2|Natcrozma %\u25d5\u203f\u203f\u25d5%|penny|\n|teamsize|p1|6\n|teamsize|p2|6\n|gen|9\n|tier|[Gen 9] Anything Goes\n|rated|Tournament battle\n|rule|HP Percentage Mod: HP is shown in percentages\n|rule|Endless Battle Clause: Forcing endless battles is banned\n|rule|Species Clause: Limit one of each Pok\u00e9mon\n|rule|OHKO Clause: OHKO moves are banned\n|rule|Evasion Moves Clause: Evasion moves are banned\n|rule|1 Ability Clause: Limit 1 of each ability\n|rule|Sleep Moves Clause: Sleep-inducing moves are banned\n|rule|Terastal Clause: You cannot Terastallize\n|clearpoke\n|poke|p1|Toxapex, F|\n|poke|p1|Shaymin-Sky|\n|poke|p1|Darkrai|\n|poke|p1|Garchomp, M|\n|poke|p1|Lucario, F|\n|poke|p1|Infernape, F|\n|poke|p2|Weavile, F|\n|poke|p2|Ting-Lu|\n|poke|p2|Sandy Shocks|\n|poke|p2|Quaquaval, F|\n|poke|p2|Skeledirge, M|\n|poke|p2|Azelf|\n|teampreview\n|j|%Iolanthe\n|inactive|Battle timer is ON: inactive players will automatically lose when time's up. (requested by Natcrozma %\u25d5\u203f\u203f\u25d5%)\n|c|\u2606Natcrozma %\u25d5\u203f\u203f\u25d5%|who fucked up the code this time\n|inactive|AmGeiii has 120 seconds left.\n|\n|t:|1700400314\n|start\n|switch|p1a: Infernape|Infernape, F|100\/100\n|switch|p2a: Ting-Lu|Ting-Lu|100\/100\n|turn|1\n|l|%Iolanthe\n|\n|t:|1700400322\n|switch|p2a: Skeledirge|Skeledirge, M|100\/100\n|move|p1a: Infernape|Triple Arrows|p2a: Skeledirge\n|-immune|p2a: Skeledirge\n|\n|upkeep\n|turn|2\n|c|\u2606AmGeiii|What do you mean?\n|\n|t:|1700400328\n|switch|p1a: Darkrai|Darkrai|100\/100\n|-ability|p1a: Darkrai|Beads of Ruin\n|move|p2a: Skeledirge|Hex|p1a: Darkrai\n|-resisted|p1a: Darkrai\n|-damage|p1a: Darkrai|83\/100\n|\n|-heal|p1a: Darkrai|89\/100|[from] item: Leftovers\n|upkeep\n|turn|3\n|c|\u2606Natcrozma %\u25d5\u203f\u203f\u25d5%|yknow the\n|c|\u2606AmGeiii|This is balanced\n|c|\u2606Natcrozma %\u25d5\u203f\u203f\u25d5%|darkrai and skymin sitting in front of me\n|\n|t:|1700400346\n|switch|p1a: Shaymin|Shaymin-Sky|100\/100\n|switch|p2a: Ting-Lu|Ting-Lu|100\/100\n|\n|upkeep\n|turn|4\n|j| Gazootitus\n|\n|t:|1700400355\n|switch|p2a: Skeledirge|Skeledirge, M|100\/100\n|move|p1a: Shaymin|Matcha Gotcha|p2a: Skeledirge\n|-resisted|p2a: Skeledirge\n|-damage|p2a: Skeledirge|87\/100\n|\n|upkeep\n|turn|5\n|\n|t:|1700400360\n|move|p1a: Shaymin|Earth Power|p2a: Skeledirge\n|-heal|p2a: Skeledirge|100\/100|[from] ability: Earth Eater|[of] p1a: Shaymin\n|move|p2a: Skeledirge|Torch Song|p1a: Shaymin\n|-supereffective|p1a: Shaymin\n|-damage|p1a: Shaymin|20\/100\n|-boost|p2a: Skeledirge|spa|1\n|\n|upkeep\n|turn|6\n|\n|t:|1700400363\n|move|p1a: Shaymin|Bleakwind Storm|p2a: Skeledirge\n|-crit|p2a: Skeledirge\n|-damage|p2a: Skeledirge|47\/100\n|move|p2a: Skeledirge|Torch Song|p1a: Shaymin\n|-supereffective|p1a: Shaymin\n|-damage|p1a: Shaymin|0 fnt\n|-boost|p2a: Skeledirge|spa|1\n|faint|p1a: Shaymin\n|\n|upkeep\n|\n|t:|1700400376\n|switch|p1a: Darkrai|Darkrai|89\/100\n|-ability|p1a: Darkrai|Beads of Ruin\n|turn|7\n|l| Gazootitus\n|\n|t:|1700400381\n|switch|p2a: Ting-Lu|Ting-Lu|100\/100\n|move|p1a: Darkrai|Fiery Wrath|p2a: Ting-Lu\n|-resisted|p2a: Ting-Lu\n|-damage|p2a: Ting-Lu|84\/100\n|\n|-heal|p1a: Darkrai|96\/100|[from] item: Leftovers\n|-heal|p2a: Ting-Lu|90\/100|[from] item: Leftovers\n|upkeep\n|turn|8\n|\n|t:|1700400394\n|move|p1a: Darkrai|Nasty Plot|p1a: Darkrai\n|-boost|p1a: Darkrai|spa|2\n|move|p2a: Ting-Lu|Parting Shot|p1a: Darkrai\n|-unboost|p1a: Darkrai|atk|1\n|-unboost|p1a: Darkrai|spa|1\n|\n|t:|1700400400\n|switch|p2a: Azelf|Azelf|100\/100|[from] Parting Shot\n|-fieldstart|move: Psychic Terrain|[from] ability: Psychic Surge|[of] p2a: Azelf\n|\n|-heal|p1a: Darkrai|100\/100|[from] item: Leftovers\n|upkeep\n|turn|9\n|c|\u2606AmGeiii|Though I don't think Shaymin nor Darkrai should be banned before Triage\n|c|\u2606Natcrozma %\u25d5\u203f\u203f\u25d5%|triage is fine\n|c|\u2606AmGeiii|Jet Punch technician is also a problem\n|inactive|AmGeiii has 120 seconds left.\n|\n|t:|1700400443\n|move|p2a: Azelf|U-turn|p1a: Darkrai\n|-supereffective|p1a: Darkrai\n|-damage|p1a: Darkrai|56\/100\n|\n|t:|1700400446\n|switch|p2a: Ting-Lu|Ting-Lu|90\/100|[from] U-turn\n|move|p1a: Darkrai|Fiery Wrath|p2a: Ting-Lu\n|-resisted|p2a: Ting-Lu\n|-damage|p2a: Ting-Lu|65\/100\n|\n|-heal|p1a: Darkrai|62\/100|[from] item: Leftovers\n|-heal|p2a: Ting-Lu|71\/100|[from] item: Leftovers\n|upkeep\n|turn|10\n|\n|t:|1700400455\n|move|p1a: Darkrai|Nasty Plot|p1a: Darkrai\n|-boost|p1a: Darkrai|spa|2\n|move|p2a: Ting-Lu|Ceaseless Edge|p1a: Darkrai\n|-resisted|p1a: Darkrai\n|-damage|p1a: Darkrai|46\/100\n|-sidestart|p1: AmGeiii|Spikes\n|\n|-heal|p1a: Darkrai|52\/100|[from] item: Leftovers\n|-heal|p2a: Ting-Lu|77\/100|[from] item: Leftovers\n|upkeep\n|turn|11\n|\n|t:|1700400459\n|move|p1a: Darkrai|Focus Blast|p2a: Ting-Lu|[miss]\n|-miss|p1a: Darkrai|p2a: Ting-Lu\n|move|p2a: Ting-Lu|Parting Shot|p1a: Darkrai\n|-unboost|p1a: Darkrai|atk|1\n|-unboost|p1a: Darkrai|spa|1\n|\n|t:|1700400462\n|switch|p2a: Azelf|Azelf|100\/100|[from] Parting Shot\n|\n|-heal|p1a: Darkrai|59\/100|[from] item: Leftovers\n|upkeep\n|turn|12\n|\n|t:|1700400463\n|move|p2a: Azelf|Dazzling Gleam|p1a: Darkrai\n|-supereffective|p1a: Darkrai\n|-damage|p1a: Darkrai|0 fnt\n|faint|p1a: Darkrai\n|\n|-fieldend|move: Psychic Terrain\n|upkeep\n|\n|t:|1700400473\n|switch|p1a: Toxapex|Toxapex, F|100\/100\n|-damage|p1a: Toxapex|88\/100|[from] Spikes\n|turn|13\n|\n|t:|1700400477\n|switch|p2a: Sandy Shocks|Sandy Shocks|100\/100\n|-fieldstart|move: Electric Terrain|[from] ability: Hadron Engine|[of] p2a: Sandy Shocks\n|move|p1a: Toxapex|Toxic|p2a: Sandy Shocks\n|-status|p2a: Sandy Shocks|tox\n|\n|-heal|p1a: Toxapex|94\/100|[from] item: Leftovers\n|-damage|p2a: Sandy Shocks|94\/100 tox|[from] psn\n|upkeep\n|turn|14\n|\n|t:|1700400484\n|move|p2a: Sandy Shocks|Earth Power|p1a: Toxapex\n|-supereffective|p1a: Toxapex\n|-damage|p1a: Toxapex|3\/100\n|move|p1a: Toxapex|Flip Turn|p2a: Sandy Shocks\n|-supereffective|p2a: Sandy Shocks\n|-damage|p2a: Sandy Shocks|62\/100 tox\n|\n|t:|1700400486\n|switch|p1a: Garchomp|Garchomp, M|100\/100|[from] Flip Turn\n|\n|-damage|p2a: Sandy Shocks|49\/100 tox|[from] psn\n|upkeep\n|turn|15\n|\n|t:|1700400490\n|move|p1a: Garchomp|Dragon Dance|p1a: Garchomp\n|-boost|p1a: Garchomp|atk|1\n|-boost|p1a: Garchomp|spe|1\n|move|p2a: Sandy Shocks|Earth Power|p1a: Garchomp\n|-damage|p1a: Garchomp|32\/100\n|\n|-damage|p2a: Sandy Shocks|31\/100 tox|[from] psn\n|upkeep\n|turn|16\n|\n|t:|1700400493\n|switch|p2a: Quaquaval|Quaquaval, F|100\/100\n|-ability|p2a: Quaquaval|Intimidate|boost\n|-unboost|p1a: Garchomp|atk|1\n|move|p1a: Garchomp|Dragon Darts|p2a: Quaquaval\n|-damage|p2a: Quaquaval|74\/100\n|-anim|p1a: Garchomp|Dragon Darts|p2a: Quaquaval\n|-damage|p2a: Quaquaval|50\/100\n|\n|upkeep\n|turn|17\n|\n|t:|1700400500\n|move|p1a: Garchomp|Shore Up|p1a: Garchomp\n|-heal|p1a: Garchomp|81\/100\n|move|p2a: Quaquaval|U-turn|p1a: Garchomp\n|-damage|p1a: Garchomp|64\/100\n|\n|t:|1700400505\n|switch|p2a: Azelf|Azelf|100\/100|[from] U-turn\n|-fieldstart|move: Psychic Terrain|[from] ability: Psychic Surge|[of] p2a: Azelf\n|\n|upkeep\n|turn|18\n|\n|t:|1700400509\n|move|p2a: Azelf|Expanding Force|p1a: Garchomp\n|-damage|p1a: Garchomp|0 fnt\n|faint|p1a: Garchomp\n|\n|upkeep\n|\n|t:|1700400519\n|switch|p1a: Lucario|Lucario, F|100\/100\n|-damage|p1a: Lucario|88\/100|[from] Spikes\n|turn|19\n|\n|t:|1700400523\n|switch|p1a: Toxapex|Toxapex, F|3\/100\n|-damage|p1a: Toxapex|0 fnt|[from] Spikes\n|faint|p1a: Toxapex\n|move|p2a: Azelf|Expanding Force|p1: Toxapex|[notarget]\n|-fail|p2a: Azelf\n|\n|upkeep\n|\n|t:|1700400525\n|switch|p1a: Infernape|Infernape, F|100\/100\n|-damage|p1a: Infernape|88\/100|[from] Spikes\n|turn|20\n|\n|t:|1700400526\n|move|p2a: Azelf|Expanding Force|p1a: Infernape\n|-supereffective|p1a: Infernape\n|-damage|p1a: Infernape|0 fnt\n|faint|p1a: Infernape\n|\n|upkeep\n|c|\u2606AmGeiii|gg\n|\n|t:|1700400530\n|switch|p1a: Lucario|Lucario, F|88\/100\n|-damage|p1a: Lucario|75\/100|[from] Spikes\n|turn|21\n|c|\u2606Natcrozma %\u25d5\u203f\u203f\u25d5%|gg\n|\n|t:|1700400533\n|move|p2a: Azelf|Expanding Force|p1a: Lucario\n|-damage|p1a: Lucario|0 fnt\n|faint|p1a: Lucario\n|\n|win|Natcrozma %\u25d5\u203f\u203f\u25d5%\n|n|\u2606AmGeiii|amgeiii\n|n|\u2606Natcrozma %\u25d5\u203f\u203f\u25d5%|natcrozma\n","uploadtime":1700400534,"views":1,"p1id":"amgeiii","p2id":"natcrozma","formatid":"gen9anythinggoes","rating":0,"private":0,"password":""}