{"id":"gen9anythinggoes-1992839870","p1":"AntsInUrPants","p2":"Wintersxs","format":"[Gen 9] Anything Goes","log":"|j|\u2606AntsInUrPants\n|j|\u2606Wintersxs\n|t:|1700239939\n|gametype|singles\n|player|p1|AntsInUrPants|leon|1329\n|player|p2|Wintersxs|harlequin|1235\n|teamsize|p1|6\n|teamsize|p2|6\n|gen|9\n|tier|[Gen 9] Anything Goes\n|rated|\n|rule|HP Percentage Mod: HP is shown in percentages\n|rule|Endless Battle Clause: Forcing endless battles is banned\n|clearpoke\n|poke|p1|Ursaluna-Bloodmoon, M|\n|poke|p1|Jirachi|\n|poke|p1|Braviary-Hisui, M|\n|poke|p1|Basculegion-F, F|\n|poke|p1|Baxcalibur, F|\n|poke|p1|Clodsire, F|\n|poke|p2|Garchomp, M|\n|poke|p2|Ditto|\n|poke|p2|Dudunsparce-*, M|\n|poke|p2|Calyrex-Shadow|\n|poke|p2|Mewtwo|\n|poke|p2|Regieleki|\n|teampreview\n|inactive|Battle timer is ON: inactive players will automatically lose when time's up. (requested by Wintersxs)\n|\n|t:|1700239952\n|start\n|switch|p1a: Clodsire|Clodsire, F|100\/100\n|switch|p2a: Dudunsparce|Dudunsparce-Three-Segment, M|100\/100\n|turn|1\n|\n|t:|1700239958\n|move|p2a: Dudunsparce|Coil|p2a: Dudunsparce\n|-boost|p2a: Dudunsparce|atk|1\n|-boost|p2a: Dudunsparce|def|1\n|-boost|p2a: Dudunsparce|accuracy|1\n|move|p1a: Clodsire|Toxic|p2a: Dudunsparce\n|-status|p2a: Dudunsparce|tox\n|\n|-damage|p2a: Dudunsparce|94\/100 tox|[from] psn\n|upkeep\n|turn|2\n|\n|t:|1700239964\n|move|p2a: Dudunsparce|Coil|p2a: Dudunsparce\n|-boost|p2a: Dudunsparce|atk|1\n|-boost|p2a: Dudunsparce|def|1\n|-boost|p2a: Dudunsparce|accuracy|1\n|move|p1a: Clodsire|Stealth Rock|p2a: Dudunsparce\n|-sidestart|p2: Wintersxs|move: Stealth Rock\n|\n|-heal|p2a: Dudunsparce|100\/100 tox|[from] item: Leftovers\n|-damage|p2a: Dudunsparce|88\/100 tox|[from] psn\n|upkeep\n|turn|3\n|\n|t:|1700239970\n|move|p2a: Dudunsparce|Calm Mind|p2a: Dudunsparce\n|-boost|p2a: Dudunsparce|spa|1\n|-boost|p2a: Dudunsparce|spd|1\n|move|p1a: Clodsire|Earthquake|p2a: Dudunsparce\n|-damage|p2a: Dudunsparce|69\/100 tox\n|\n|-heal|p2a: Dudunsparce|76\/100 tox|[from] item: Leftovers\n|-damage|p2a: Dudunsparce|57\/100 tox|[from] psn\n|upkeep\n|turn|4\n|\n|t:|1700239973\n|move|p2a: Dudunsparce|Calm Mind|p2a: Dudunsparce\n|-boost|p2a: Dudunsparce|spa|1\n|-boost|p2a: Dudunsparce|spd|1\n|move|p1a: Clodsire|Earthquake|p2a: Dudunsparce\n|-damage|p2a: Dudunsparce|37\/100 tox\n|\n|-heal|p2a: Dudunsparce|43\/100 tox|[from] item: Leftovers\n|-damage|p2a: Dudunsparce|18\/100 tox|[from] psn\n|upkeep\n|turn|5\n|\n|t:|1700239981\n|move|p2a: Dudunsparce|Baton Pass|p2a: Dudunsparce\n|\n|t:|1700239985\n|switch|p2a: Mewtwo|Mewtwo|100\/100|[from] Baton Pass\n|-ability|p2a: Mewtwo|Unnerve\n|-damage|p2a: Mewtwo|88\/100|[from] Stealth Rock\n|move|p1a: Clodsire|Recover||[still]\n|-fail|p1a: Clodsire|heal\n|\n|-heal|p2a: Mewtwo|94\/100|[from] item: Leftovers\n|upkeep\n|turn|6\n|\n|t:|1700239995\n|move|p2a: Mewtwo|Stored Power|p1a: Clodsire\n|-supereffective|p1a: Clodsire\n|-damage|p1a: Clodsire|0 fnt\n|faint|p1a: Clodsire\n|\n|-heal|p2a: Mewtwo|100\/100|[from] item: Leftovers\n|upkeep\n|\n|t:|1700240004\n|switch|p1a: Ursaluna|Ursaluna-Bloodmoon, M|100\/100\n|turn|7\n|\n|t:|1700240009\n|move|p2a: Mewtwo|Stored Power|p1a: Ursaluna\n|-damage|p1a: Ursaluna|0 fnt\n|faint|p1a: Ursaluna\n|\n|upkeep\n|\n|t:|1700240015\n|switch|p1a: Braviary|Braviary-Hisui, M|100\/100\n|turn|8\n|\n|t:|1700240021\n|move|p2a: Mewtwo|Thunderbolt|p1a: Braviary\n|-supereffective|p1a: Braviary\n|-damage|p1a: Braviary|0 fnt\n|faint|p1a: Braviary\n|\n|upkeep\n|\n|t:|1700240029\n|switch|p1a: Jirachi|Jirachi|100\/100\n|turn|9\n|\n|t:|1700240032\n|move|p1a: Jirachi|U-turn|p2a: Mewtwo\n|-supereffective|p2a: Mewtwo\n|-damage|p2a: Mewtwo|78\/100\n|\n|t:|1700240034\n|switch|p1a: Baxcalibur|Baxcalibur, F|100\/100|[from] U-turn\n|move|p2a: Mewtwo|Fire Blast|p1a: Baxcalibur\n|-damage|p1a: Baxcalibur|9\/100\n|-ability|p1a: Baxcalibur|Thermal Exchange|boost\n|-boost|p1a: Baxcalibur|atk|1\n|\n|-heal|p2a: Mewtwo|84\/100|[from] item: Leftovers\n|upkeep\n|turn|10\n|\n|t:|1700240042\n|move|p2a: Mewtwo|Fire Blast|p1a: Baxcalibur\n|-damage|p1a: Baxcalibur|0 fnt\n|faint|p1a: Baxcalibur\n|\n|-heal|p2a: Mewtwo|90\/100|[from] item: Leftovers\n|upkeep\n|\n|t:|1700240047\n|switch|p1a: Jirachi|Jirachi|100\/100\n|turn|11\n|\n|t:|1700240051\n|move|p1a: Jirachi|Iron Head|p2a: Mewtwo\n|-damage|p2a: Mewtwo|71\/100\n|cant|p2a: Mewtwo|flinch\n|\n|-heal|p2a: Mewtwo|77\/100|[from] item: Leftovers\n|upkeep\n|turn|12\n|\n|t:|1700240056\n|move|p1a: Jirachi|Iron Head|p2a: Mewtwo\n|-damage|p2a: Mewtwo|56\/100\n|cant|p2a: Mewtwo|flinch\n|\n|-heal|p2a: Mewtwo|63\/100|[from] item: Leftovers\n|upkeep\n|turn|13\n|\n|t:|1700240060\n|move|p1a: Jirachi|Iron Head|p2a: Mewtwo\n|-damage|p2a: Mewtwo|43\/100\n|cant|p2a: Mewtwo|flinch\n|\n|-heal|p2a: Mewtwo|49\/100|[from] item: Leftovers\n|upkeep\n|turn|14\n|\n|t:|1700240064\n|move|p1a: Jirachi|Iron Head|p2a: Mewtwo\n|-damage|p2a: Mewtwo|30\/100\n|cant|p2a: Mewtwo|flinch\n|\n|-heal|p2a: Mewtwo|36\/100|[from] item: Leftovers\n|upkeep\n|turn|15\n|\n|t:|1700240070\n|move|p1a: Jirachi|Iron Head|p2a: Mewtwo\n|-damage|p2a: Mewtwo|17\/100\n|move|p2a: Mewtwo|Fire Blast|p1a: Jirachi\n|-supereffective|p1a: Jirachi\n|-damage|p1a: Jirachi|0 fnt\n|faint|p1a: Jirachi\n|\n|-heal|p2a: Mewtwo|23\/100|[from] item: Leftovers\n|upkeep\n|\n|t:|1700240074\n|switch|p1a: Basculegion|Basculegion-F, F|100\/100\n|turn|16\n|c|\u2606Wintersxs|??????\n|c|\u2606AntsInUrPants|what\n|c|\u2606AntsInUrPants|happened\n|\n|t:|1700240102\n|move|p1a: Basculegion|Last Respects|p2a: Mewtwo\n|-supereffective|p2a: Mewtwo\n|-damage|p2a: Mewtwo|0 fnt\n|faint|p2a: Mewtwo\n|\n|upkeep\n|c|\u2606Wintersxs|What was your flitch chance lol\n|\n|t:|1700240122\n|switch|p2a: Regieleki|Regieleki|100\/100\n|turn|17\n|c|\u2606AntsInUrPants|high\n|\n|t:|1700240128\n|move|p2a: Regieleki|Thunder Cage|p1a: Basculegion\n|-supereffective|p1a: Basculegion\n|-damage|p1a: Basculegion|12\/100\n|-activate|p1a: Basculegion|move: Thunder Cage|[of] p2a: Regieleki\n|move|p1a: Basculegion|Last Respects|p2a: Regieleki\n|-damage|p2a: Regieleki|0 fnt\n|faint|p2a: Regieleki\n|\n|-end|p1a: Basculegion|Thunder Cage|[partiallytrapped]|[silent]\n|upkeep\n|\n|t:|1700240135\n|switch|p2a: Calyrex|Calyrex-Shadow|100\/100\n|-ability|p2a: Calyrex|As One\n|-ability|p2a: Calyrex|Unnerve\n|-damage|p2a: Calyrex|88\/100|[from] Stealth Rock\n|turn|18\n|\n|t:|1700240137\n|move|p2a: Calyrex|Giga Drain|p1a: Basculegion\n|-supereffective|p1a: Basculegion\n|-damage|p1a: Basculegion|0 fnt\n|-heal|p2a: Calyrex|95\/100|[from] drain|[of] p1a: Basculegion\n|faint|p1a: Basculegion\n|\n|win|Wintersxs\n|raw|AntsInUrPants's rating: 1344 &rarr; <strong>1318<\/strong><br \/>(-26 for losing)\n|raw|Wintersxs's rating: 1235 &rarr; <strong>1268<\/strong><br \/>(+33 for winning)\n|c|\u2606Wintersxs|True\n|c|\u2606AntsInUrPants|60%\n","uploadtime":1700240151,"views":4,"p1id":"antsinurpants","p2id":"wintersxs","formatid":"gen9anythinggoes","rating":1268,"private":0,"password":""}