{"id":"gen9anythinggoes-1995449646","p1":"SibYz","p2":"PokemonLoverFairy","format":"[Gen 9] Anything Goes","log":"|j|\u2606SibYz\n|j|\u2606PokemonLoverFairy\n|t:|1700572140\n|gametype|singles\n|player|p1|SibYz|265|1183\n|player|p2|PokemonLoverFairy|2|1264\n|teamsize|p1|6\n|teamsize|p2|6\n|gen|9\n|tier|[Gen 9] Anything Goes\n|rated|\n|rule|HP Percentage Mod: HP is shown in percentages\n|rule|Endless Battle Clause: Forcing endless battles is banned\n|clearpoke\n|poke|p1|Calyrex-Shadow|\n|poke|p1|Zacian-*|\n|poke|p1|Volcarona, F|\n|poke|p1|Kyogre|\n|poke|p1|Gliscor, M|\n|poke|p1|Salamence, M|\n|poke|p2|Miraidon|\n|poke|p2|Koraidon|\n|poke|p2|Zacian-*|\n|poke|p2|Calyrex-Shadow|\n|poke|p2|Rayquaza|\n|poke|p2|Hoopa-Unbound|\n|teampreview\n|inactive|Battle timer is ON: inactive players will automatically lose when time's up. (requested by PokemonLoverFairy)\n|\n|t:|1700572149\n|start\n|switch|p1a: Gliscor|Gliscor, M|100\/100\n|switch|p2a: Calyrex|Calyrex-Shadow|100\/100\n|-ability|p2a: Calyrex|As One\n|-ability|p2a: Calyrex|Unnerve\n|turn|1\n|c|\u2606SibYz|good luck\n|\n|t:|1700572157\n|move|p2a: Calyrex|Grass Knot|p1a: Gliscor\n|-damage|p1a: Gliscor|70\/100\n|move|p1a: Gliscor|Toxic Spikes|p2a: Calyrex\n|-sidestart|p2: PokemonLoverFairy|move: Toxic Spikes\n|\n|-status|p1a: Gliscor|tox|[from] item: Toxic Orb\n|upkeep\n|turn|2\n|c|\u2606PokemonLoverFairy|good luck\n|\n|t:|1700572183\n|move|p2a: Calyrex|Grass Knot|p1a: Gliscor\n|-damage|p1a: Gliscor|43\/100 tox\n|move|p1a: Gliscor|Substitute|p1a: Gliscor\n|-start|p1a: Gliscor|Substitute\n|-damage|p1a: Gliscor|18\/100 tox\n|\n|-heal|p1a: Gliscor|31\/100 tox|[from] ability: Poison Heal\n|upkeep\n|turn|3\n|\n|t:|1700572190\n|move|p2a: Calyrex|Astral Barrage|p1a: Gliscor\n|-end|p1a: Gliscor|Substitute\n|move|p1a: Gliscor|Stealth Rock|p2a: Calyrex\n|-sidestart|p2: PokemonLoverFairy|move: Stealth Rock\n|\n|-heal|p1a: Gliscor|43\/100 tox|[from] ability: Poison Heal\n|upkeep\n|turn|4\n|-activate|p2a: Calyrex|item: Quick Claw\n|\n|t:|1700572202\n|move|p2a: Calyrex|Astral Barrage|p1a: Gliscor\n|-damage|p1a: Gliscor|0 fnt\n|faint|p1a: Gliscor\n|-ability|p2a: Calyrex|Grim Neigh|boost\n|-boost|p2a: Calyrex|spa|1\n|\n|upkeep\n|\n|t:|1700572210\n|switch|p1a: Salamence|Salamence, M|100\/100\n|turn|5\n|-activate|p2a: Calyrex|item: Quick Claw\n|\n|t:|1700572220\n|-terastallize|p1a: Salamence|Dragon\n|move|p2a: Calyrex|Draining Kiss|p1a: Salamence\n|-supereffective|p1a: Salamence\n|-damage|p1a: Salamence|24\/100\n|move|p1a: Salamence|Outrage|p2a: Calyrex\n|-damage|p2a: Calyrex|2\/100\n|\n|upkeep\n|turn|6\n|-activate|p2a: Calyrex|item: Quick Claw\n|\n|t:|1700572236\n|move|p2a: Calyrex|Draining Kiss|p1a: Salamence\n|-supereffective|p1a: Salamence\n|-damage|p1a: Salamence|0 fnt\n|-heal|p2a: Calyrex|19\/100|[from] drain|[of] p1a: Salamence\n|faint|p1a: Salamence\n|-ability|p2a: Calyrex|Grim Neigh|boost\n|-boost|p2a: Calyrex|spa|1\n|\n|upkeep\n|\n|t:|1700572246\n|switch|p1a: Calyrex|Calyrex-Shadow|100\/100\n|-ability|p1a: Calyrex|As One\n|-ability|p1a: Calyrex|Unnerve\n|turn|7\n|\n|t:|1700572253\n|-terastallize|p2a: Calyrex|Normal\n|move|p1a: Calyrex|Astral Barrage|p2a: Calyrex\n|-immune|p2a: Calyrex\n|move|p2a: Calyrex|Astral Barrage|p1a: Calyrex\n|-supereffective|p1a: Calyrex\n|-damage|p1a: Calyrex|0 fnt\n|faint|p1a: Calyrex\n|-ability|p2a: Calyrex|Grim Neigh|boost\n|-boost|p2a: Calyrex|spa|1\n|\n|upkeep\n|c|\u2606SibYz|lmao that waas 100iq move\n|\n|t:|1700572267\n|switch|p1a: Zacian|Zacian-Crowned|100\/100\n|-ability|p1a: Zacian|Intrepid Sword|boost\n|-boost|p1a: Zacian|atk|1\n|turn|8\n|\n|t:|1700572274\n|move|p2a: Calyrex|Astral Barrage|p1a: Zacian\n|-damage|p1a: Zacian|0 fnt\n|faint|p1a: Zacian\n|-ability|p2a: Calyrex|Grim Neigh|boost\n|-boost|p2a: Calyrex|spa|1\n|\n|upkeep\n|\n|t:|1700572281\n|switch|p1a: Kyogre|Kyogre, shiny|100\/100\n|-weather|RainDance|[from] ability: Drizzle|[of] p1a: Kyogre\n|turn|9\n|\n|t:|1700572286\n|move|p2a: Calyrex|Grass Knot|p1a: Kyogre\n|-supereffective|p1a: Kyogre\n|-damage|p1a: Kyogre|0 fnt\n|faint|p1a: Kyogre\n|-ability|p2a: Calyrex|Grim Neigh|boost\n|-boost|p2a: Calyrex|spa|1\n|\n|-weather|RainDance|[upkeep]\n|upkeep\n|\n|t:|1700572292\n|switch|p1a: Volcarona|Volcarona, F, shiny|100\/100\n|turn|10\n|\n|t:|1700572295\n|move|p2a: Calyrex|Astral Barrage|p1a: Volcarona\n|-damage|p1a: Volcarona|0 fnt\n|faint|p1a: Volcarona\n|\n|win|PokemonLoverFairy\n|raw|SibYz's rating: 1183 &rarr; <strong>1164<\/strong><br \/>(-19 for losing)\n|raw|PokemonLoverFairy's rating: 1264 &rarr; <strong>1283<\/strong><br \/>(+19 for winning)\n|l|\u2606SibYz\n","uploadtime":1700572419,"views":0,"p1id":"sibyz","p2id":"pokemonloverfairy","formatid":"gen9anythinggoes","rating":1164,"private":0,"password":""}