{"id":"gen9anythinggoes-1986882917","p1":"laprasplayer","p2":"Lostmyacc72","format":"[Gen 9] Anything Goes","log":"|j|\u2606laprasplayer\n|j|\u2606Lostmyacc72\n|inactive|Battle timer is ON: inactive players will automatically lose when time's up.\n|t:|1699537510\n|gametype|singles\n|player|p1|laprasplayer|hanbei-conquest|\n|player|p2|Lostmyacc72|266|\n|teamsize|p1|6\n|teamsize|p2|6\n|gen|9\n|tier|[Gen 9] Anything Goes\n|rated|Tournament battle\n|rule|HP Percentage Mod: HP is shown in percentages\n|rule|Endless Battle Clause: Forcing endless battles is banned\n|clearpoke\n|poke|p1|Mandibuzz, F|\n|poke|p1|Gliscor, M|\n|poke|p1|Blissey, F|\n|poke|p1|Alomomola, F|\n|poke|p1|Clodsire, M|\n|poke|p1|Dondozo, F|\n|poke|p2|Calyrex-Shadow|\n|poke|p2|Zacian-*|\n|poke|p2|Maushold-Four|\n|poke|p2|Arceus|\n|poke|p2|Gliscor, F|\n|poke|p2|Koraidon|\n|teampreview\n|\n|t:|1699537531\n|start\n|switch|p1a: Malevolent Shrine|Gliscor, M, shiny|100\/100\n|switch|p2a: Cloaker Simulator|Calyrex-Shadow|100\/100\n|-ability|p2a: Cloaker Simulator|As One\n|-ability|p2a: Cloaker Simulator|Unnerve\n|turn|1\n|j| AceKing14\n|\n|t:|1699537538\n|switch|p1a: Den of The Lost|Mandibuzz, F|100\/100\n|move|p2a: Cloaker Simulator|Astral Barrage|p1a: Den of The Lost\n|-resisted|p1a: Den of The Lost\n|-damage|p1a: Den of The Lost|76\/100\n|\n|upkeep\n|turn|2\n|j|+Primordiallite\n|j| Kanha Greninja\n|\n|t:|1699537547\n|switch|p2a: Zacian|Zacian-Crowned|100\/100\n|-ability|p2a: Zacian|Intrepid Sword|boost\n|-boost|p2a: Zacian|atk|1\n|move|p1a: Den of The Lost|Knock Off|p2a: Zacian\n|-resisted|p2a: Zacian\n|-damage|p2a: Zacian|94\/100\n|\n|upkeep\n|turn|3\n|c|\u2606laprasplayer|respect for using gliscor\n|j| ZowwyCafe\u2764\n|c|\u2606Lostmyacc72|same to u\n|\n|t:|1699537562\n|switch|p1a: Wishing Stars|Alomomola, F|100\/100\n|move|p2a: Zacian|Play Rough|p1a: Wishing Stars\n|-damage|p1a: Wishing Stars|66\/100\n|\n|upkeep\n|turn|4\n|\n|t:|1699537567\n|move|p2a: Zacian|Behemoth Blade|p1a: Wishing Stars\n|-resisted|p1a: Wishing Stars\n|-damage|p1a: Wishing Stars|48\/100\n|move|p1a: Wishing Stars|Wish|p1a: Wishing Stars\n|\n|upkeep\n|turn|5\n|c| Kanha Greninja|what does gliscor counter\n|\n|t:|1699537571\n|move|p2a: Zacian|Wild Charge|p1a: Wishing Stars\n|-supereffective|p1a: Wishing Stars\n|-damage|p1a: Wishing Stars|0 fnt\n|faint|p1a: Wishing Stars\n|-damage|p2a: Zacian|78\/100|[from] Recoil\n|\n|upkeep\n|\n|t:|1699537574\n|switch|p1a: Only Chance|Dondozo, F|100\/100\n|turn|6\n|c|\u2606laprasplayer|Hr baited me\n|c| AceKing14|it beats kora ig\n|c|\u2606laprasplayer|I want to cry\n|c|\u2606Lostmyacc72|everything and anything\n|j|%Adhiraj8202\n|\n|t:|1699537587\n|move|p2a: Zacian|Wild Charge|p1a: Only Chance\n|-supereffective|p1a: Only Chance\n|-damage|p1a: Only Chance|75\/100\n|-damage|p2a: Zacian|69\/100|[from] Recoil\n|move|p1a: Only Chance|Waterfall|p2a: Zacian\n|-damage|p2a: Zacian|48\/100\n|\n|upkeep\n|turn|7\n|\n|t:|1699537591\n|move|p2a: Zacian|Wild Charge|p1a: Only Chance\n|-supereffective|p1a: Only Chance\n|-damage|p1a: Only Chance|47\/100\n|-damage|p2a: Zacian|38\/100|[from] Recoil\n|move|p1a: Only Chance|Waterfall|p2a: Zacian\n|-damage|p2a: Zacian|16\/100\n|\n|upkeep\n|turn|8\n|\n|t:|1699537594\n|move|p2a: Zacian|Wild Charge|p1a: Only Chance\n|-supereffective|p1a: Only Chance\n|-damage|p1a: Only Chance|21\/100\n|-damage|p2a: Zacian|8\/100|[from] Recoil\n|move|p1a: Only Chance|Rest|p1a: Only Chance\n|-status|p1a: Only Chance|slp|[from] move: Rest\n|-heal|p1a: Only Chance|100\/100 slp|[silent]\n|\n|upkeep\n|turn|9\n|c| AceKing14|gliscor has got me ptsd from all the sm OU I played\n|\n|t:|1699537604\n|move|p2a: Zacian|Behemoth Blade|p1a: Only Chance\n|-resisted|p1a: Only Chance\n|-damage|p1a: Only Chance|90\/100 slp\n|cant|p1a: Only Chance|slp\n|move|p1a: Only Chance|Sleep Talk|p1a: Only Chance\n|move|p1a: Only Chance|Fissure|p2a: Zacian|[from]move: Sleep Talk|[miss]\n|-miss|p1a: Only Chance|p2a: Zacian\n|\n|upkeep\n|turn|10\n|c|+Primordiallite|BONCHOZO\n|\n|t:|1699537608\n|switch|p2a: Cloaker Simulator|Calyrex-Shadow|100\/100\n|-ability|p2a: Cloaker Simulator|As One\n|-ability|p2a: Cloaker Simulator|Unnerve\n|cant|p1a: Only Chance|slp\n|move|p1a: Only Chance|Sleep Talk|p1a: Only Chance\n|move|p1a: Only Chance|Fissure|p2a: Cloaker Simulator|[from]move: Sleep Talk\n|-damage|p2a: Cloaker Simulator|0 fnt\n|faint|p2a: Cloaker Simulator\n|-ohko\n|\n|upkeep\n|c|\u2606laprasplayer|heh\n|\n|t:|1699537613\n|switch|p2a: Zacian|Zacian-Crowned|8\/100\n|turn|11\n|\n|t:|1699537616\n|move|p2a: Zacian|Wild Charge|p1a: Only Chance\n|-supereffective|p1a: Only Chance\n|-damage|p1a: Only Chance|62\/100 slp\n|-damage|p2a: Zacian|0 fnt|[from] Recoil\n|faint|p2a: Zacian\n|-curestatus|p1a: Only Chance|slp|[msg]\n|move|p1a: Only Chance|Rest|p1a: Only Chance\n|-status|p1a: Only Chance|slp|[from] move: Rest\n|-heal|p1a: Only Chance|100\/100 slp|[silent]\n|\n|upkeep\n|c| Kanha Greninja|is it better than skel\n|\n|t:|1699537621\n|switch|p2a: Koraidon|Koraidon|100\/100\n|-weather|SunnyDay|[from] ability: Orichalcum Pulse|[of] p2a: Koraidon\n|-activate|p2a: Koraidon|Orichalcum Pulse|[source]\n|turn|12\n|c|\u2606laprasplayer|skele is shit bro\n|\n|t:|1699537626\n|move|p2a: Koraidon|Collision Course|p1a: Only Chance\n|-damage|p1a: Only Chance|74\/100 slp\n|cant|p1a: Only Chance|slp\n|move|p1a: Only Chance|Sleep Talk|p1a: Only Chance\n|move|p1a: Only Chance|Waterfall|p2a: Koraidon|[from]move: Sleep Talk\n|-resisted|p2a: Koraidon\n|-crit|p2a: Koraidon\n|-damage|p2a: Koraidon|91\/100\n|\n|-weather|SunnyDay|[upkeep]\n|upkeep\n|turn|13\n|c| Kanha Greninja|ok\n|j| eavo\n|c| AceKing14|EXACTLY\n|\n|t:|1699537632\n|switch|p1a: Malevolent Shrine|Gliscor, M, shiny|100\/100\n|move|p2a: Koraidon|Collision Course|p1a: Malevolent Shrine\n|-resisted|p1a: Malevolent Shrine\n|-damage|p1a: Malevolent Shrine|82\/100\n|\n|-weather|SunnyDay|[upkeep]\n|-status|p1a: Malevolent Shrine|tox|[from] item: Toxic Orb\n|upkeep\n|turn|14\n|c| eavo|o\n|\n|t:|1699537640\n|move|p2a: Koraidon|Flare Blitz|p1a: Malevolent Shrine\n|-damage|p1a: Malevolent Shrine|36\/100 tox\n|-damage|p2a: Koraidon|75\/100|[from] Recoil\n|move|p1a: Malevolent Shrine|Knock Off|p2a: Koraidon\n|-resisted|p2a: Koraidon\n|-damage|p2a: Koraidon|65\/100\n|-enditem|p2a: Koraidon|Heat Rock|[from] move: Knock Off|[of] p1a: Malevolent Shrine\n|\n|-weather|SunnyDay|[upkeep]\n|-heal|p1a: Malevolent Shrine|48\/100 tox|[from] ability: Poison Heal\n|upkeep\n|turn|15\n|c|+Primordiallite|Those two dont have the same role\n|c| AceKing14|Ive been saying that forever\n|\n|t:|1699537645\n|move|p1a: Malevolent Shrine|Protect|p1a: Malevolent Shrine\n|-singleturn|p1a: Malevolent Shrine|Protect\n|move|p2a: Koraidon|Flare Blitz|p1a: Malevolent Shrine\n|-activate|p1a: Malevolent Shrine|move: Protect\n|\n|-weather|SunnyDay|[upkeep]\n|-heal|p1a: Malevolent Shrine|60\/100 tox|[from] ability: Poison Heal\n|upkeep\n|turn|16\n|\n|t:|1699537648\n|switch|p1a: Only Chance|Dondozo, F|74\/100 slp\n|move|p2a: Koraidon|Flare Blitz|p1a: Only Chance\n|-resisted|p1a: Only Chance\n|-damage|p1a: Only Chance|58\/100 slp\n|-damage|p2a: Koraidon|57\/100|[from] Recoil\n|\n|-weather|SunnyDay|[upkeep]\n|upkeep\n|turn|17\n|\n|t:|1699537653\n|move|p2a: Koraidon|Collision Course|p1a: Only Chance\n|-damage|p1a: Only Chance|29\/100 slp\n|cant|p1a: Only Chance|slp\n|\n|-weather|SunnyDay|[upkeep]\n|upkeep\n|turn|18\n|c| AceKing14|everyone says fucking skel does something when its 2 hit ko by kora\n|\n|t:|1699537657\n|move|p2a: Koraidon|Collision Course|p1a: Only Chance\n|-damage|p1a: Only Chance|5\/100 slp\n|-curestatus|p1a: Only Chance|slp|[msg]\n|move|p1a: Only Chance|Rest|p1a: Only Chance\n|-status|p1a: Only Chance|slp|[from] move: Rest\n|-heal|p1a: Only Chance|100\/100 slp|[silent]\n|\n|-weather|SunnyDay|[upkeep]\n|upkeep\n|turn|19\n|\n|t:|1699537661\n|move|p2a: Koraidon|Collision Course|p1a: Only Chance\n|-crit|p1a: Only Chance\n|-damage|p1a: Only Chance|62\/100 slp\n|cant|p1a: Only Chance|slp\n|move|p1a: Only Chance|Sleep Talk|p1a: Only Chance\n|move|p1a: Only Chance|Rest||[from]move: Sleep Talk|[still]\n|-fail|p1a: Only Chance\n|\n|-weather|none\n|upkeep\n|turn|20\n|\n|t:|1699537669\n|move|p2a: Koraidon|Swords Dance|p2a: Koraidon\n|-boost|p2a: Koraidon|atk|2\n|cant|p1a: Only Chance|slp\n|move|p1a: Only Chance|Sleep Talk|p1a: Only Chance\n|move|p1a: Only Chance|Waterfall|p2a: Koraidon|[from]move: Sleep Talk\n|-resisted|p2a: Koraidon\n|-damage|p2a: Koraidon|46\/100\n|\n|upkeep\n|turn|21\n|c|+Primordiallite|What isnt 2shot by kora blud\n|\n|t:|1699537672\n|move|p2a: Koraidon|Collision Course|p1a: Only Chance\n|-damage|p1a: Only Chance|42\/100 slp\n|-curestatus|p1a: Only Chance|slp|[msg]\n|move|p1a: Only Chance|Rest|p1a: Only Chance\n|-status|p1a: Only Chance|slp|[from] move: Rest\n|-heal|p1a: Only Chance|100\/100 slp|[silent]\n|\n|upkeep\n|turn|22\n|c| AceKing14|dozo\n|\n|t:|1699537676\n|move|p2a: Koraidon|Swords Dance|p2a: Koraidon\n|-boost|p2a: Koraidon|atk|2\n|cant|p1a: Only Chance|slp\n|move|p1a: Only Chance|Sleep Talk|p1a: Only Chance\n|move|p1a: Only Chance|Rest||[from]move: Sleep Talk|[still]\n|-fail|p1a: Only Chance\n|\n|upkeep\n|turn|23\n|c| AceKing14|so run dozo not skel\n|\n|t:|1699537680\n|move|p2a: Koraidon|Scale Shot|p1a: Only Chance\n|-damage|p1a: Only Chance|95\/100 slp\n|-damage|p1a: Only Chance|90\/100 slp\n|-damage|p1a: Only Chance|85\/100 slp\n|-hitcount|p1a: Only Chance|3\n|-unboost|p2a: Koraidon|def|1\n|-boost|p2a: Koraidon|spe|1\n|cant|p1a: Only Chance|slp\n|move|p1a: Only Chance|Sleep Talk|p1a: Only Chance\n|move|p1a: Only Chance|Fissure|p2a: Koraidon|[from]move: Sleep Talk|[miss]\n|-miss|p1a: Only Chance|p2a: Koraidon\n|\n|upkeep\n|turn|24\n|\n|t:|1699537687\n|move|p2a: Koraidon|Collision Course|p1a: Only Chance\n|-crit|p1a: Only Chance\n|-damage|p1a: Only Chance|54\/100 slp\n|-curestatus|p1a: Only Chance|slp|[msg]\n|move|p1a: Only Chance|Waterfall|p2a: Koraidon\n|-resisted|p2a: Koraidon\n|-damage|p2a: Koraidon|33\/100\n|\n|upkeep\n|turn|25\n|c|\u2606laprasplayer|WHAT\n|c|+Primordiallite|Dozo is even shitier\n|c| AceKing14|like lapras is doing\n|c| Kanha Greninja|i have dozo\n|\n|t:|1699537695\n|move|p2a: Koraidon|Collision Course|p1a: Only Chance\n|-damage|p1a: Only Chance|35\/100\n|move|p1a: Only Chance|Rest|p1a: Only Chance\n|-status|p1a: Only Chance|slp|[from] move: Rest\n|-heal|p1a: Only Chance|100\/100 slp|[silent]\n|\n|upkeep\n|turn|26\n|c|+Primordiallite|Only works on stall\n|\n|t:|1699537701\n|move|p2a: Koraidon|Swords Dance|p2a: Koraidon\n|-boost|p2a: Koraidon|atk|2\n|cant|p1a: Only Chance|slp\n|move|p1a: Only Chance|Sleep Talk|p1a: Only Chance\n|move|p1a: Only Chance|Rest||[from]move: Sleep Talk|[still]\n|-fail|p1a: Only Chance\n|\n|upkeep\n|turn|27\n|c|\u2606Lostmyacc72|gg\n|\n|t:|1699537706\n|move|p2a: Koraidon|Flare Blitz|p1a: Only Chance\n|-resisted|p1a: Only Chance\n|-damage|p1a: Only Chance|93\/100 slp\n|-damage|p2a: Koraidon|29\/100|[from] Recoil\n|cant|p1a: Only Chance|slp\n|move|p1a: Only Chance|Sleep Talk|p1a: Only Chance\n|move|p1a: Only Chance|Waterfall|p2a: Koraidon|[from]move: Sleep Talk\n|-resisted|p2a: Koraidon\n|-damage|p2a: Koraidon|17\/100\n|\n|upkeep\n|turn|28\n|l| Kanha Greninja\n|\n|t:|1699537709\n|move|p2a: Koraidon|Scale Shot|p1a: Only Chance\n|-damage|p1a: Only Chance|88\/100 slp\n|-damage|p1a: Only Chance|83\/100 slp\n|-damage|p1a: Only Chance|78\/100 slp\n|-damage|p1a: Only Chance|73\/100 slp\n|-damage|p1a: Only Chance|68\/100 slp\n|-hitcount|p1a: Only Chance|5\n|-unboost|p2a: Koraidon|def|1\n|-boost|p2a: Koraidon|spe|1\n|-curestatus|p1a: Only Chance|slp|[msg]\n|move|p1a: Only Chance|Waterfall|p2a: Koraidon\n|-resisted|p2a: Koraidon\n|-damage|p2a: Koraidon|5\/100\n|\n|upkeep\n|turn|29\n|\n|t:|1699537718\n|move|p2a: Koraidon|Scale Shot|p1a: Only Chance\n|-damage|p1a: Only Chance|62\/100\n|-damage|p1a: Only Chance|57\/100\n|-damage|p1a: Only Chance|53\/100\n|-hitcount|p1a: Only Chance|3\n|-unboost|p2a: Koraidon|def|1\n|-boost|p2a: Koraidon|spe|1\n|move|p1a: Only Chance|Rest|p1a: Only Chance\n|-status|p1a: Only Chance|slp|[from] move: Rest\n|-heal|p1a: Only Chance|100\/100 slp|[silent]\n|\n|upkeep\n|turn|30\n|\n|t:|1699537726\n|move|p2a: Koraidon|Scale Shot|p1a: Only Chance\n|-damage|p1a: Only Chance|96\/100 slp\n|-damage|p1a: Only Chance|91\/100 slp\n|-hitcount|p1a: Only Chance|2\n|-unboost|p2a: Koraidon|def|1\n|-boost|p2a: Koraidon|spe|1\n|cant|p1a: Only Chance|slp\n|move|p1a: Only Chance|Sleep Talk|p1a: Only Chance\n|move|p1a: Only Chance|Fissure|p2a: Koraidon|[from]move: Sleep Talk|[miss]\n|-miss|p1a: Only Chance|p2a: Koraidon\n|\n|upkeep\n|turn|31\n|\n|t:|1699537731\n|move|p2a: Koraidon|Scale Shot|p1a: Only Chance\n|-damage|p1a: Only Chance|86\/100 slp\n|-damage|p1a: Only Chance|80\/100 slp\n|-damage|p1a: Only Chance|75\/100 slp\n|-hitcount|p1a: Only Chance|3\n|-unboost|p2a: Koraidon|def|1\n|-boost|p2a: Koraidon|spe|1\n|cant|p1a: Only Chance|slp\n|move|p1a: Only Chance|Sleep Talk|p1a: Only Chance\n|move|p1a: Only Chance|Waterfall|p2a: Koraidon|[from]move: Sleep Talk\n|-resisted|p2a: Koraidon\n|-damage|p2a: Koraidon|0 fnt\n|faint|p2a: Koraidon\n|\n|upkeep\n|c|\u2606laprasplayer|finally\n|\n|t:|1699537737\n|switch|p2a: Gliscor|Gliscor, F|100\/100\n|turn|32\n|\n|t:|1699537744\n|switch|p1a: Malevolent Shrine|Gliscor, M, shiny|60\/100 tox\n|move|p2a: Gliscor|Toxic|p1a: Malevolent Shrine\n|-fail|p1a: Malevolent Shrine|tox\n|\n|-heal|p1a: Malevolent Shrine|73\/100 tox|[from] ability: Poison Heal\n|-status|p2a: Gliscor|tox|[from] item: Toxic Orb\n|upkeep\n|turn|33\n|\n|t:|1699537749\n|move|p2a: Gliscor|Earthquake|p1a: Malevolent Shrine\n|-immune|p1a: Malevolent Shrine\n|move|p1a: Malevolent Shrine|Spikes|p2a: Gliscor\n|-sidestart|p2: Lostmyacc72|Spikes\n|\n|-heal|p1a: Malevolent Shrine|85\/100 tox|[from] ability: Poison Heal\n|upkeep\n|turn|34\n|c| AceKing14|now kings rock maushold comes in and flinches your whole team\n|\n|t:|1699537753\n|switch|p2a: Arceus|Arceus|100\/100\n|move|p1a: Malevolent Shrine|Spikes|p2a: Arceus\n|-sidestart|p2: Lostmyacc72|Spikes\n|\n|-heal|p1a: Malevolent Shrine|98\/100 tox|[from] ability: Poison Heal\n|upkeep\n|turn|35\n|\n|t:|1699537755\n|move|p2a: Arceus|Extreme Speed|p1a: Malevolent Shrine\n|-damage|p1a: Malevolent Shrine|71\/100 tox\n|move|p1a: Malevolent Shrine|Toxic|p2a: Arceus\n|-status|p2a: Arceus|tox\n|\n|-damage|p2a: Arceus|94\/100 tox|[from] psn\n|-heal|p1a: Malevolent Shrine|84\/100 tox|[from] ability: Poison Heal\n|upkeep\n|turn|36\n|\n|t:|1699537758\n|move|p2a: Arceus|Swords Dance|p2a: Arceus\n|-boost|p2a: Arceus|atk|2\n|move|p1a: Malevolent Shrine|Knock Off|p2a: Arceus\n|-damage|p2a: Arceus|80\/100 tox\n|-enditem|p2a: Arceus|Heavy-Duty Boots|[from] move: Knock Off|[of] p1a: Malevolent Shrine\n|\n|-damage|p2a: Arceus|68\/100 tox|[from] psn\n|-heal|p1a: Malevolent Shrine|96\/100 tox|[from] ability: Poison Heal\n|upkeep\n|turn|37\n|\n|t:|1699537762\n|move|p1a: Malevolent Shrine|Protect|p1a: Malevolent Shrine\n|-singleturn|p1a: Malevolent Shrine|Protect\n|move|p2a: Arceus|Extreme Speed|p1a: Malevolent Shrine\n|-activate|p1a: Malevolent Shrine|move: Protect\n|\n|-damage|p2a: Arceus|50\/100 tox|[from] psn\n|-heal|p1a: Malevolent Shrine|100\/100 tox|[from] ability: Poison Heal\n|upkeep\n|turn|38\n|\n|t:|1699537770\n|switch|p1a: Only Chance|Dondozo, F|75\/100 slp\n|move|p2a: Arceus|Extreme Speed|p1a: Only Chance\n|-damage|p1a: Only Chance|56\/100 slp\n|\n|-damage|p2a: Arceus|25\/100 tox|[from] psn\n|upkeep\n|turn|39\n|\n|t:|1699537778\n|move|p2a: Arceus|Recover|p2a: Arceus\n|-heal|p2a: Arceus|75\/100 tox\n|-curestatus|p1a: Only Chance|slp|[msg]\n|move|p1a: Only Chance|Rest|p1a: Only Chance\n|-status|p1a: Only Chance|slp|[from] move: Rest\n|-heal|p1a: Only Chance|100\/100 slp|[silent]\n|\n|-damage|p2a: Arceus|45\/100 tox|[from] psn\n|upkeep\n|turn|40\n|\n|t:|1699537782\n|switch|p2a: Maushold|Maushold-Four|100\/100\n|-damage|p2a: Maushold|84\/100|[from] Spikes\n|cant|p1a: Only Chance|slp\n|\n|upkeep\n|turn|41\n|\n|t:|1699537785\n|switch|p1a: Malevolent Shrine|Gliscor, M, shiny|100\/100 tox\n|move|p2a: Maushold|Population Bomb|p1a: Malevolent Shrine\n|-damage|p1a: Malevolent Shrine|96\/100 tox\n|-damage|p1a: Malevolent Shrine|91\/100 tox\n|-damage|p1a: Malevolent Shrine|86\/100 tox\n|-damage|p1a: Malevolent Shrine|81\/100 tox\n|-damage|p1a: Malevolent Shrine|76\/100 tox\n|-damage|p1a: Malevolent Shrine|71\/100 tox\n|-damage|p1a: Malevolent Shrine|66\/100 tox\n|-hitcount|p1a: Malevolent Shrine|7\n|\n|-heal|p1a: Malevolent Shrine|78\/100 tox|[from] ability: Poison Heal\n|upkeep\n|turn|42\n|c|\u2606laprasplayer|weak ahh\n|\n|t:|1699537799\n|move|p2a: Maushold|Population Bomb|p1a: Malevolent Shrine\n|-damage|p1a: Malevolent Shrine|73\/100 tox\n|-damage|p1a: Malevolent Shrine|69\/100 tox\n|-damage|p1a: Malevolent Shrine|64\/100 tox\n|-damage|p1a: Malevolent Shrine|60\/100 tox\n|-damage|p1a: Malevolent Shrine|55\/100 tox\n|-damage|p1a: Malevolent Shrine|51\/100 tox\n|-damage|p1a: Malevolent Shrine|45\/100 tox\n|-damage|p1a: Malevolent Shrine|40\/100 tox\n|-damage|p1a: Malevolent Shrine|36\/100 tox\n|-hitcount|p1a: Malevolent Shrine|9\n|move|p1a: Malevolent Shrine|Toxic|p2a: Maushold\n|-status|p2a: Maushold|tox\n|\n|-damage|p2a: Maushold|78\/100 tox|[from] psn\n|-heal|p1a: Malevolent Shrine|48\/100 tox|[from] ability: Poison Heal\n|upkeep\n|turn|43\n|c| AceKing14|now you get flicnhed\n|\n|t:|1699537814\n|move|p2a: Maushold|Population Bomb|p1a: Malevolent Shrine\n|-damage|p1a: Malevolent Shrine|43\/100 tox\n|-damage|p1a: Malevolent Shrine|38\/100 tox\n|-damage|p1a: Malevolent Shrine|33\/100 tox\n|-damage|p1a: Malevolent Shrine|28\/100 tox\n|-damage|p1a: Malevolent Shrine|23\/100 tox\n|-damage|p1a: Malevolent Shrine|18\/100 tox\n|-damage|p1a: Malevolent Shrine|13\/100 tox\n|-damage|p1a: Malevolent Shrine|9\/100 tox\n|-damage|p1a: Malevolent Shrine|4\/100 tox\n|-damage|p1a: Malevolent Shrine|0 fnt\n|faint|p1a: Malevolent Shrine\n|-hitcount|p1: Malevolent Shrine|10\n|\n|-damage|p2a: Maushold|65\/100 tox|[from] psn\n|upkeep\n|c| eavo|wait until he hears about maushold being able to break through dondo\n|c|\u2606laprasplayer|I forgot i had ptect\n|\n|t:|1699537829\n|switch|p1a: Only Chance|Dondozo, F|100\/100 slp\n|turn|44\n|\n|t:|1699537833\n|move|p2a: Maushold|Population Bomb|p1a: Only Chance\n|-crit|p1a: Only Chance\n|-damage|p1a: Only Chance|96\/100 slp\n|-damage|p1a: Only Chance|92\/100 slp\n|-damage|p1a: Only Chance|89\/100 slp\n|-damage|p1a: Only Chance|86\/100 slp\n|-damage|p1a: Only Chance|82\/100 slp\n|-damage|p1a: Only Chance|79\/100 slp\n|-damage|p1a: Only Chance|75\/100 slp\n|-damage|p1a: Only Chance|72\/100 slp\n|-hitcount|p1a: Only Chance|8\n|cant|p1a: Only Chance|slp\n|\n|-damage|p2a: Maushold|47\/100 tox|[from] psn\n|upkeep\n|turn|45\n|c| AceKing14|no kings rock mause = not real\n|\n|t:|1699537846\n|move|p2a: Maushold|Population Bomb|p1a: Only Chance\n|-damage|p1a: Only Chance|68\/100 slp\n|-damage|p1a: Only Chance|65\/100 slp\n|-damage|p1a: Only Chance|61\/100 slp\n|-damage|p1a: Only Chance|57\/100 slp\n|-damage|p1a: Only Chance|54\/100 slp\n|-damage|p1a: Only Chance|50\/100 slp\n|-damage|p1a: Only Chance|47\/100 slp\n|-hitcount|p1a: Only Chance|7\n|-curestatus|p1a: Only Chance|slp|[msg]\n|move|p1a: Only Chance|Waterfall|p2a: Maushold\n|-damage|p2a: Maushold|0 fnt\n|faint|p2a: Maushold\n|\n|upkeep\n|c|+Primordiallite|Mause=not real\n|c|\u2606Lostmyacc72|loaded dice mause\n|\n|t:|1699537859\n|switch|p2a: Gliscor|Gliscor, F|100\/100 tox\n|turn|46\n|\n|t:|1699537862\n|move|p2a: Gliscor|Earthquake|p1a: Only Chance\n|-damage|p1a: Only Chance|32\/100\n|move|p1a: Only Chance|Waterfall|p2a: Gliscor\n|-supereffective|p2a: Gliscor\n|-damage|p2a: Gliscor|66\/100 tox\n|\n|-heal|p2a: Gliscor|78\/100 tox|[from] ability: Poison Heal\n|upkeep\n|turn|47\n|c| AceKing14|true\n|\n|t:|1699537867\n|move|p2a: Gliscor|Earthquake|p1a: Only Chance\n|-damage|p1a: Only Chance|19\/100\n|move|p1a: Only Chance|Waterfall|p2a: Gliscor\n|-supereffective|p2a: Gliscor\n|-damage|p2a: Gliscor|39\/100 tox\n|\n|-heal|p2a: Gliscor|51\/100 tox|[from] ability: Poison Heal\n|upkeep\n|turn|48\n|c| ZowwyCafe\u2764|tera normal maus 6-0 stall when?\n|\n|t:|1699537872\n|-terastallize|p1a: Only Chance|Flying\n|move|p2a: Gliscor|Earthquake|p1a: Only Chance\n|-immune|p1a: Only Chance\n|move|p1a: Only Chance|Waterfall|p2a: Gliscor\n|-supereffective|p2a: Gliscor\n|-damage|p2a: Gliscor|14\/100 tox\n|\n|-heal|p2a: Gliscor|26\/100 tox|[from] ability: Poison Heal\n|upkeep\n|turn|49\n|c| AceKing14|real\n|\n|t:|1699537876\n|move|p2a: Gliscor|Toxic|p1a: Only Chance\n|-status|p1a: Only Chance|tox\n|move|p1a: Only Chance|Waterfall|p2a: Gliscor\n|-supereffective|p2a: Gliscor\n|-damage|p2a: Gliscor|0 fnt\n|faint|p2a: Gliscor\n|\n|-damage|p1a: Only Chance|13\/100 tox|[from] psn\n|upkeep\n|\n|t:|1699537882\n|switch|p2a: Arceus|Arceus|45\/100 tox\n|-damage|p2a: Arceus|28\/100 tox|[from] Spikes\n|turn|50\n|\n|t:|1699537885\n|move|p2a: Arceus|Recover|p2a: Arceus\n|-heal|p2a: Arceus|78\/100 tox\n|move|p1a: Only Chance|Rest|p1a: Only Chance\n|-status|p1a: Only Chance|slp|[from] move: Rest\n|-heal|p1a: Only Chance|100\/100 slp|[silent]\n|\n|-damage|p2a: Arceus|72\/100 tox|[from] psn\n|upkeep\n|turn|51\n|c| eavo|HE'S FLYING\n|c|\u2606laprasplayer|gg\n|\n|t:|1699537894\n|move|p2a: Arceus|Extreme Speed|p1a: Only Chance\n|-damage|p1a: Only Chance|81\/100 slp\n|cant|p1a: Only Chance|slp\n|move|p1a: Only Chance|Sleep Talk|p1a: Only Chance\n|move|p1a: Only Chance|Fissure|p2a: Arceus|[from]move: Sleep Talk|[miss]\n|-miss|p1a: Only Chance|p2a: Arceus\n|\n|-damage|p2a: Arceus|60\/100 tox|[from] psn\n|upkeep\n|turn|52\n|\n|t:|1699537898\n|move|p2a: Arceus|Extreme Speed|p1a: Only Chance\n|-damage|p1a: Only Chance|61\/100 slp\n|cant|p1a: Only Chance|slp\n|move|p1a: Only Chance|Sleep Talk|p1a: Only Chance\n|move|p1a: Only Chance|Waterfall|p2a: Arceus|[from]move: Sleep Talk\n|-damage|p2a: Arceus|43\/100 tox\n|\n|-damage|p2a: Arceus|25\/100 tox|[from] psn\n|upkeep\n|turn|53\n|c|\u2606Lostmyacc72|gg\n|\n|t:|1699537902\n|move|p2a: Arceus|Extreme Speed|p1a: Only Chance\n|-damage|p1a: Only Chance|42\/100 slp\n|-curestatus|p1a: Only Chance|slp|[msg]\n|move|p1a: Only Chance|Waterfall|p2a: Arceus\n|-damage|p2a: Arceus|8\/100 tox\n|\n|-damage|p2a: Arceus|0 fnt|[from] psn\n|faint|p2a: Arceus\n|\n|win|laprasplayer\n|upkeep\n|n|\u2606laprasplayer|laprasplayer\n|n|\u2606Lostmyacc72|lostmyacc72\n|n| AceKing14|aceking14\n|n| Primordiallite|primordiallite\n|n| ZowwyCafe\u2764|zowwycafe\n|n| Adhiraj8202|adhiraj8202\n|n| eavo|eavo\n","uploadtime":1699537906,"views":32,"p1id":"laprasplayer","p2id":"lostmyacc72","formatid":"gen9anythinggoes","rating":0,"private":0,"password":""}