{"id":"gen9anythinggoes-1999672458","p1":"KingOfTheMinnish","p2":"slugslurper","format":"[Gen 9] Anything Goes","log":"|j|\u2606KingOfTheMinnish\n|j|\u2606slugslurper\n|t:|1701106553\n|gametype|singles\n|player|p1|KingOfTheMinnish|1|1228\n|player|p2|slugslurper|firebreather|1304\n|teamsize|p1|6\n|teamsize|p2|6\n|gen|9\n|tier|[Gen 9] Anything Goes\n|rated|\n|rule|HP Percentage Mod: HP is shown in percentages\n|rule|Endless Battle Clause: Forcing endless battles is banned\n|clearpoke\n|poke|p1|Maushold-Four|\n|poke|p1|Flutter Mane|\n|poke|p1|Miraidon|\n|poke|p1|Rabsca, M|\n|poke|p1|Garganacl, F|\n|poke|p1|Houndstone, M|\n|poke|p2|Salazzle, F|\n|poke|p2|Mimikyu, M|\n|poke|p2|Polteageist|\n|poke|p2|Corviknight, M|\n|poke|p2|Gholdengo|\n|poke|p2|Mandibuzz, F|\n|teampreview\n|c|\u2606slugslurper|Gl hf\n|inactive|Battle timer is ON: inactive players will automatically lose when time's up. (requested by KingOfTheMinnish)\n|\n|t:|1701106583\n|start\n|switch|p1a: Flutter Mane|Flutter Mane, shiny|100\/100\n|switch|p2a: Salazzle|Salazzle, F, shiny|100\/100\n|turn|1\n|\n|t:|1701106590\n|move|p1a: Flutter Mane|Psyshock|p2a: Salazzle\n|-supereffective|p2a: Salazzle\n|-enditem|p2a: Salazzle|Focus Sash\n|-damage|p2a: Salazzle|1\/100\n|-damage|p1a: Flutter Mane|91\/100|[from] item: Life Orb\n|move|p2a: Salazzle|Toxic|p1a: Flutter Mane\n|-status|p1a: Flutter Mane|tox\n|\n|-damage|p1a: Flutter Mane|85\/100 tox|[from] psn\n|upkeep\n|turn|2\n|\n|t:|1701106596\n|move|p2a: Salazzle|Protect|p2a: Salazzle\n|-singleturn|p2a: Salazzle|Protect\n|move|p1a: Flutter Mane|Shadow Ball|p2a: Salazzle\n|-activate|p2a: Salazzle|move: Protect\n|\n|-damage|p1a: Flutter Mane|73\/100 tox|[from] psn\n|upkeep\n|turn|3\n|\n|t:|1701106603\n|switch|p2a: Mandibuzz|Mandibuzz, F|100\/100\n|move|p1a: Flutter Mane|Shadow Ball|p2a: Mandibuzz\n|-resisted|p2a: Mandibuzz\n|-damage|p2a: Mandibuzz|77\/100\n|-damage|p1a: Flutter Mane|63\/100 tox|[from] item: Life Orb\n|\n|-heal|p2a: Mandibuzz|83\/100|[from] item: Leftovers\n|-damage|p1a: Flutter Mane|45\/100 tox|[from] psn\n|upkeep\n|turn|4\n|\n|t:|1701106619\n|switch|p2a: Gholdengo|Gholdengo|100\/100\n|-item|p2a: Gholdengo|Air Balloon\n|move|p1a: Flutter Mane|Moonblast|p2a: Gholdengo\n|-resisted|p2a: Gholdengo\n|-damage|p2a: Gholdengo|71\/100\n|-enditem|p2a: Gholdengo|Air Balloon\n|-damage|p1a: Flutter Mane|35\/100 tox|[from] item: Life Orb\n|\n|-damage|p1a: Flutter Mane|11\/100 tox|[from] psn\n|upkeep\n|turn|5\n|\n|t:|1701106638\n|-terastallize|p2a: Gholdengo|Water\n|move|p1a: Flutter Mane|Mystical Fire|p2a: Gholdengo\n|-resisted|p2a: Gholdengo\n|-damage|p2a: Gholdengo|55\/100\n|-unboost|p2a: Gholdengo|spa|1\n|-damage|p1a: Flutter Mane|1\/100 tox|[from] item: Life Orb\n|move|p2a: Gholdengo|Recover|p2a: Gholdengo\n|-heal|p2a: Gholdengo|100\/100\n|\n|-damage|p1a: Flutter Mane|0 fnt|[from] psn\n|faint|p1a: Flutter Mane\n|-end|p1a: Flutter Mane|Protosynthesis|[silent]\n|upkeep\n|\n|t:|1701106642\n|switch|p1a: DeMarco|Miraidon|100\/100\n|-fieldstart|move: Electric Terrain|[from] ability: Hadron Engine|[of] p1a: DeMarco\n|turn|6\n|\n|t:|1701106661\n|switch|p2a: Salazzle|Salazzle, F, shiny|1\/100\n|-terastallize|p1a: DeMarco|Electric\n|move|p1a: DeMarco|Electro Drift|p2a: Salazzle\n|-damage|p2a: Salazzle|0 fnt\n|faint|p2a: Salazzle\n|\n|upkeep\n|\n|t:|1701106675\n|switch|p2a: Polteageist|Polteageist|100\/100\n|turn|7\n|\n|t:|1701106678\n|move|p1a: DeMarco|Electro Drift|p2a: Polteageist\n|-enditem|p2a: Polteageist|Focus Sash\n|-damage|p2a: Polteageist|1\/100\n|move|p2a: Polteageist|Shell Smash|p2a: Polteageist\n|-unboost|p2a: Polteageist|def|1\n|-unboost|p2a: Polteageist|spd|1\n|-boost|p2a: Polteageist|atk|2\n|-boost|p2a: Polteageist|spa|2\n|-boost|p2a: Polteageist|spe|2\n|\n|upkeep\n|turn|8\n|\n|t:|1701106683\n|switch|p1a: Maushold|Maushold-Four|100\/100\n|move|p2a: Polteageist|Baton Pass|p2a: Polteageist\n|\n|t:|1701106685\n|switch|p2a: Mimikyu|Mimikyu, M|100\/100|[from] Baton Pass\n|\n|upkeep\n|turn|9\n|\n|t:|1701106692\n|move|p2a: Mimikyu|Play Rough|p1a: Maushold\n|-damage|p1a: Maushold|0 fnt\n|faint|p1a: Maushold\n|\n|upkeep\n|\n|t:|1701106697\n|switch|p1a: SSSReplacement|Garganacl, F, shiny|100\/100\n|turn|10\n|\n|t:|1701106702\n|move|p2a: Mimikyu|Swords Dance|p2a: Mimikyu\n|-boost|p2a: Mimikyu|atk|2\n|move|p1a: SSSReplacement|Iron Defense|p1a: SSSReplacement\n|-boost|p1a: SSSReplacement|def|2\n|\n|-fieldend|move: Electric Terrain\n|upkeep\n|turn|11\n|\n|t:|1701106710\n|move|p2a: Mimikyu|Play Rough|p1a: SSSReplacement\n|-damage|p1a: SSSReplacement|60\/100\n|move|p1a: SSSReplacement|Iron Defense|p1a: SSSReplacement\n|-boost|p1a: SSSReplacement|def|2\n|\n|-heal|p1a: SSSReplacement|67\/100|[from] item: Leftovers\n|upkeep\n|turn|12\n|\n|t:|1701106714\n|move|p2a: Mimikyu|Play Rough|p1a: SSSReplacement|[miss]\n|-miss|p2a: Mimikyu|p1a: SSSReplacement\n|move|p1a: SSSReplacement|Recover|p1a: SSSReplacement\n|-heal|p1a: SSSReplacement|100\/100\n|\n|upkeep\n|turn|13\n|\n|t:|1701106718\n|switch|p2a: Polteageist|Polteageist|1\/100\n|move|p1a: SSSReplacement|Iron Defense|p1a: SSSReplacement\n|-boost|p1a: SSSReplacement|def|2\n|\n|upkeep\n|turn|14\n|\n|t:|1701106720\n|move|p2a: Polteageist|Shell Smash|p2a: Polteageist\n|-unboost|p2a: Polteageist|def|1\n|-unboost|p2a: Polteageist|spd|1\n|-boost|p2a: Polteageist|atk|2\n|-boost|p2a: Polteageist|spa|2\n|-boost|p2a: Polteageist|spe|2\n|move|p1a: SSSReplacement|Salt Cure|p2a: Polteageist\n|-damage|p2a: Polteageist|0 fnt\n|faint|p2a: Polteageist\n|\n|upkeep\n|\n|t:|1701106723\n|switch|p2a: Mandibuzz|Mandibuzz, F|83\/100\n|turn|15\n|\n|t:|1701106725\n|move|p2a: Mandibuzz|Toxic|p1a: SSSReplacement\n|-immune|p1a: SSSReplacement|[from] ability: Purifying Salt\n|move|p1a: SSSReplacement|Salt Cure|p2a: Mandibuzz\n|-supereffective|p2a: Mandibuzz\n|-damage|p2a: Mandibuzz|65\/100\n|-start|p2a: Mandibuzz|Salt Cure\n|-ability|p2a: Mandibuzz|Weak Armor|boost\n|-unboost|p2a: Mandibuzz|def|1\n|-boost|p2a: Mandibuzz|spe|2\n|\n|-heal|p2a: Mandibuzz|71\/100|[from] item: Leftovers\n|-damage|p2a: Mandibuzz|59\/100|[from] Salt Cure\n|upkeep\n|turn|16\n|\n|t:|1701106733\n|switch|p2a: Gholdengo|Gholdengo, tera:Water|100\/100\n|move|p1a: SSSReplacement|Body Press|p2a: Gholdengo\n|-damage|p2a: Gholdengo|13\/100\n|\n|upkeep\n|turn|17\n|\n|t:|1701106736\n|move|p2a: Gholdengo|Make It Rain|p1a: SSSReplacement\n|-supereffective|p1a: SSSReplacement\n|-damage|p1a: SSSReplacement|8\/100\n|-unboost|p2a: Gholdengo|spa|1\n|move|p1a: SSSReplacement|Salt Cure|p2a: Gholdengo\n|-damage|p2a: Gholdengo|1\/100\n|-start|p2a: Gholdengo|Salt Cure\n|\n|-heal|p1a: SSSReplacement|14\/100|[from] item: Leftovers\n|-damage|p2a: Gholdengo|0 fnt|[from] Salt Cure\n|faint|p2a: Gholdengo\n|upkeep\n|-message|slugslurper forfeited.\n|\n|win|KingOfTheMinnish\n|raw|KingOfTheMinnish's rating: 1228 &rarr; <strong>1258<\/strong><br \/>(+30 for winning)\n|raw|slugslurper's rating: 1304 &rarr; <strong>1280<\/strong><br \/>(-24 for losing)\n|l|\u2606slugslurper\n","uploadtime":1701106747,"views":0,"p1id":"kingoftheminnish","p2id":"slugslurper","formatid":"gen9anythinggoes","rating":1258,"private":0,"password":""}