{"id":"gen9anythinggoes-1993308818","p1":"Treeckoguy1","p2":"leonhard937","format":"[Gen 9] Anything Goes","log":"|j|\u2606Treeckoguy1\n|j|\u2606leonhard937\n|t:|1700295176\n|gametype|singles\n|player|p1|Treeckoguy1|170|1323\n|player|p2|leonhard937|2|1354\n|teamsize|p1|6\n|teamsize|p2|6\n|gen|9\n|tier|[Gen 9] Anything Goes\n|rated|\n|rule|HP Percentage Mod: HP is shown in percentages\n|rule|Endless Battle Clause: Forcing endless battles is banned\n|clearpoke\n|poke|p1|Sableye, M|\n|poke|p1|Arceus-Water|\n|poke|p1|Primeape, M|\n|poke|p1|Klefki, M|\n|poke|p1|Overqwil, M|\n|poke|p1|Magneton|\n|poke|p2|Annihilape, F|\n|poke|p2|Calyrex-Shadow|\n|poke|p2|Flutter Mane|\n|poke|p2|Scovillain, M|\n|poke|p2|Maushold-Four|\n|poke|p2|Kyogre|\n|teampreview\n|inactive|Battle timer is ON: inactive players will automatically lose when time's up. (requested by leonhard937)\n|\n|t:|1700295206\n|start\n|switch|p1a: Staaaaaaling|Sableye, M|100\/100\n|switch|p2a: Flutter Mane|Flutter Mane|100\/100\n|-enditem|p2a: Flutter Mane|Booster Energy\n|-activate|p2a: Flutter Mane|ability: Protosynthesis|[fromitem]\n|-start|p2a: Flutter Mane|protosynthesisspe\n|turn|1\n|\n|t:|1700295231\n|move|p2a: Flutter Mane|Moonblast|p1a: Staaaaaaling\n|-supereffective|p1a: Staaaaaaling\n|-enditem|p1a: Staaaaaaling|Focus Sash\n|-damage|p1a: Staaaaaaling|1\/100\n|-unboost|p1a: Staaaaaaling|spa|1\n|move|p1a: Staaaaaaling|Metal Burst|p2a: Flutter Mane\n|-damage|p2a: Flutter Mane|0 fnt\n|faint|p2a: Flutter Mane\n|-end|p2a: Flutter Mane|Protosynthesis|[silent]\n|\n|upkeep\n|inactive|leonhard937 has 120 seconds left.\n|\n|t:|1700295243\n|switch|p2a: Maushold|Maushold-Four|100\/100\n|turn|2\n|\n|t:|1700295250\n|move|p2a: Maushold|Crunch|p1a: Staaaaaaling\n|-damage|p1a: Staaaaaaling|0 fnt\n|faint|p1a: Staaaaaaling\n|\n|upkeep\n|\n|t:|1700295258\n|switch|p1a: Thorns III|Overqwil, M|100\/100\n|turn|3\n|\n|t:|1700295276\n|move|p2a: Maushold|Population Bomb|p1a: Thorns III\n|-damage|p1a: Thorns III|92\/100\n|-damage|p2a: Maushold|84\/100|[from] item: Rocky Helmet|[of] p1a: Thorns III\n|-status|p2a: Maushold|psn|[from] ability: Poison Point|[of] p1a: Thorns III\n|-damage|p1a: Thorns III|84\/100\n|-damage|p2a: Maushold|67\/100 psn|[from] item: Rocky Helmet|[of] p1a: Thorns III\n|-damage|p1a: Thorns III|76\/100\n|-damage|p2a: Maushold|51\/100 psn|[from] item: Rocky Helmet|[of] p1a: Thorns III\n|-crit|p1a: Thorns III\n|-damage|p1a: Thorns III|64\/100\n|-damage|p2a: Maushold|34\/100 psn|[from] item: Rocky Helmet|[of] p1a: Thorns III\n|-damage|p1a: Thorns III|57\/100\n|-damage|p2a: Maushold|17\/100 psn|[from] item: Rocky Helmet|[of] p1a: Thorns III\n|-damage|p1a: Thorns III|49\/100\n|-damage|p2a: Maushold|1\/100 psn|[from] item: Rocky Helmet|[of] p1a: Thorns III\n|-damage|p1a: Thorns III|42\/100\n|-damage|p2a: Maushold|0 fnt|[from] item: Rocky Helmet|[of] p1a: Thorns III\n|faint|p2a: Maushold\n|-hitcount|p1a: Thorns III|7\n|move|p1a: Thorns III|Barb Barrage|p2: Maushold|[notarget]\n|-fail|p1a: Thorns III\n|\n|upkeep\n|\n|t:|1700295283\n|switch|p2a: Scovillain|Scovillain, M|100\/100\n|turn|4\n|\n|t:|1700295294\n|move|p2a: Scovillain|Protect|p2a: Scovillain\n|-singleturn|p2a: Scovillain|Protect\n|move|p1a: Thorns III|Rest|p1a: Thorns III\n|-status|p1a: Thorns III|slp|[from] move: Rest\n|-heal|p1a: Thorns III|100\/100 slp|[silent]\n|\n|-ability|p2a: Scovillain|Moody|boost\n|-boost|p2a: Scovillain|spe|2\n|-unboost|p2a: Scovillain|def|1\n|upkeep\n|turn|5\n|\n|t:|1700295304\n|move|p2a: Scovillain|Flamethrower|p1a: Thorns III\n|-damage|p1a: Thorns III|57\/100 slp\n|cant|p1a: Thorns III|slp\n|move|p1a: Thorns III|Sleep Talk|p1a: Thorns III\n|move|p1a: Thorns III|Rest||[from]move: Sleep Talk|[still]\n|-fail|p1a: Thorns III\n|\n|-ability|p2a: Scovillain|Moody|boost\n|-boost|p2a: Scovillain|spd|2\n|-unboost|p2a: Scovillain|spe|1\n|upkeep\n|turn|6\n|\n|t:|1700295314\n|move|p2a: Scovillain|Flamethrower|p1a: Thorns III\n|-damage|p1a: Thorns III|10\/100 slp\n|cant|p1a: Thorns III|slp\n|move|p1a: Thorns III|Sleep Talk|p1a: Thorns III\n|move|p1a: Thorns III|Rest||[from]move: Sleep Talk|[still]\n|-fail|p1a: Thorns III\n|\n|-ability|p2a: Scovillain|Moody|boost\n|-boost|p2a: Scovillain|spd|2\n|-unboost|p2a: Scovillain|spe|1\n|upkeep\n|turn|7\n|\n|t:|1700295329\n|-curestatus|p1a: Thorns III|slp|[msg]\n|move|p1a: Thorns III|Rest|p1a: Thorns III\n|-status|p1a: Thorns III|slp|[from] move: Rest\n|-heal|p1a: Thorns III|100\/100 slp|[silent]\n|move|p2a: Scovillain|Flamethrower|p1a: Thorns III\n|-damage|p1a: Thorns III|60\/100 slp\n|\n|-ability|p2a: Scovillain|Moody|boost\n|-boost|p2a: Scovillain|spd|2\n|-unboost|p2a: Scovillain|def|1\n|upkeep\n|turn|8\n|\n|t:|1700295340\n|cant|p1a: Thorns III|slp\n|move|p1a: Thorns III|Sleep Talk|p1a: Thorns III\n|move|p1a: Thorns III|Rest||[from]move: Sleep Talk|[still]\n|-fail|p1a: Thorns III\n|move|p2a: Scovillain|Flamethrower|p1a: Thorns III\n|-damage|p1a: Thorns III|16\/100 slp\n|\n|-ability|p2a: Scovillain|Moody|boost\n|-boost|p2a: Scovillain|spa|2\n|-unboost|p2a: Scovillain|atk|1\n|upkeep\n|turn|9\n|\n|t:|1700295351\n|cant|p1a: Thorns III|slp\n|move|p1a: Thorns III|Sleep Talk|p1a: Thorns III\n|move|p1a: Thorns III|Barb Barrage|p2a: Scovillain|[from]move: Sleep Talk\n|-supereffective|p2a: Scovillain\n|-enditem|p2a: Scovillain|Focus Sash\n|-damage|p2a: Scovillain|1\/100\n|move|p2a: Scovillain|Flamethrower|p1a: Thorns III\n|-damage|p1a: Thorns III|0 fnt\n|faint|p1a: Thorns III\n|\n|-ability|p2a: Scovillain|Moody|boost\n|-boost|p2a: Scovillain|def|2\n|-unboost|p2a: Scovillain|spd|1\n|upkeep\n|\n|t:|1700295374\n|switch|p1a: TARGET AQUIRED|Magneton|100\/100\n|turn|10\n|\n|t:|1700295390\n|move|p1a: TARGET AQUIRED|Volt Switch|p2a: Scovillain\n|-resisted|p2a: Scovillain\n|-damage|p2a: Scovillain|0 fnt\n|faint|p2a: Scovillain\n|\n|t:|1700295406\n|switch|p1a: Type: Full|Arceus-Water|100\/100|[from] Volt Switch\n|\n|upkeep\n|\n|t:|1700295413\n|switch|p2a: Calyrex|Calyrex-Shadow|100\/100\n|-ability|p2a: Calyrex|As One\n|-ability|p2a: Calyrex|Unnerve\n|turn|11\n|\n|t:|1700295421\n|move|p2a: Calyrex|Energy Ball|p1a: Type: Full\n|-supereffective|p1a: Type: Full\n|-damage|p1a: Type: Full|49\/100\n|move|p1a: Type: Full|Judgment|p2a: Calyrex\n|-damage|p2a: Calyrex|37\/100\n|\n|-heal|p2a: Calyrex|43\/100|[from] item: Leftovers\n|upkeep\n|turn|12\n|\n|t:|1700295444\n|-terastallize|p1a: Type: Full|Ice\n|move|p2a: Calyrex|Energy Ball|p1a: Type: Full\n|-damage|p1a: Type: Full|25\/100\n|-unboost|p1a: Type: Full|spd|1\n|move|p1a: Type: Full|Judgment|p2a: Calyrex\n|-damage|p2a: Calyrex|0 fnt\n|faint|p2a: Calyrex\n|\n|upkeep\n|\n|t:|1700295454\n|switch|p2a: Annihilape|Annihilape, F|100\/100\n|turn|13\n|\n|t:|1700295460\n|switch|p1a: A little cheeky|Klefki, M|100\/100\n|move|p2a: Annihilape|Close Combat|p1a: A little cheeky\n|-damage|p1a: A little cheeky|48\/100\n|-unboost|p2a: Annihilape|def|1\n|-unboost|p2a: Annihilape|spd|1\n|\n|upkeep\n|turn|14\n|\n|t:|1700295468\n|move|p1a: A little cheeky|Reflect|p1a: A little cheeky\n|-sidestart|p1: Treeckoguy1|Reflect\n|move|p2a: Annihilape|Close Combat|p1a: A little cheeky\n|-damage|p1a: A little cheeky|21\/100\n|-unboost|p2a: Annihilape|def|1\n|-unboost|p2a: Annihilape|spd|1\n|\n|upkeep\n|turn|15\n|\n|t:|1700295475\n|switch|p1a: Anger issues|Primeape, M|100\/100\n|move|p2a: Annihilape|Close Combat|p1a: Anger issues\n|-damage|p1a: Anger issues|72\/100\n|-unboost|p2a: Annihilape|def|1\n|-unboost|p2a: Annihilape|spd|1\n|\n|upkeep\n|turn|16\n|\n|t:|1700295488\n|move|p2a: Annihilape|Rage Fist|p1a: Anger issues\n|-damage|p1a: Anger issues|61\/100\n|move|p1a: Anger issues|Rage Fist|p2a: Annihilape\n|-supereffective|p2a: Annihilape\n|-enditem|p2a: Annihilape|Focus Sash\n|-damage|p2a: Annihilape|1\/100\n|\n|upkeep\n|turn|17\n|\n|t:|1700295505\n|move|p2a: Annihilape|Rage Fist|p1a: Anger issues\n|-damage|p1a: Anger issues|38\/100\n|move|p1a: Anger issues|Bulk Up|p1a: Anger issues\n|-boost|p1a: Anger issues|atk|1\n|-boost|p1a: Anger issues|def|1\n|\n|upkeep\n|turn|18\n|\n|t:|1700295526\n|move|p2a: Annihilape|Rage Fist|p1a: Anger issues\n|-damage|p1a: Anger issues|24\/100\n|move|p1a: Anger issues|Rage Fist|p2a: Annihilape\n|-supereffective|p2a: Annihilape\n|-damage|p2a: Annihilape|0 fnt\n|faint|p2a: Annihilape\n|\n|upkeep\n|\n|t:|1700295539\n|switch|p2a: Kyogre|Kyogre|100\/100\n|-weather|RainDance|[from] ability: Drizzle|[of] p2a: Kyogre\n|turn|19\n|\n|t:|1700295544\n|move|p1a: Anger issues|Drain Punch|p2a: Kyogre\n|-damage|p2a: Kyogre|62\/100\n|-heal|p1a: Anger issues|48\/100|[from] drain|[of] p2a: Kyogre\n|move|p2a: Kyogre|Thunder|p1a: Anger issues\n|-damage|p1a: Anger issues|14\/100\n|\n|-weather|RainDance|[upkeep]\n|upkeep\n|turn|20\n|\n|t:|1700295557\n|move|p1a: Anger issues|Rage Fist|p2a: Kyogre\n|-damage|p2a: Kyogre|0 fnt\n|faint|p2a: Kyogre\n|\n|win|Treeckoguy1\n|raw|Treeckoguy1's rating: 1323 &rarr; <strong>1345<\/strong><br \/>(+22 for winning)\n|raw|leonhard937's rating: 1354 &rarr; <strong>1332<\/strong><br \/>(-22 for losing)\n|l|\u2606leonhard937\n","uploadtime":1700295568,"views":14,"p1id":"treeckoguy1","p2id":"leonhard937","formatid":"gen9anythinggoes","rating":1332,"private":0,"password":""}