{"id":"gen9anythinggoes-1996575930","p1":"Phnt_asm","p2":"DR4N","format":"[Gen 9] Anything Goes","log":"|j|\u2606Phnt_asm\n|j|\u2606DR4N\n|t:|1700696163\n|gametype|singles\n|player|p1|Phnt_asm|2|1140\n|player|p2|DR4N|lucas-gen4pt|1149\n|teamsize|p1|6\n|teamsize|p2|6\n|gen|9\n|tier|[Gen 9] Anything Goes\n|rated|\n|rule|HP Percentage Mod: HP is shown in percentages\n|rule|Endless Battle Clause: Forcing endless battles is banned\n|clearpoke\n|poke|p1|Mimikyu, M|\n|poke|p1|Gallade, M|\n|poke|p1|Milotic, F|\n|poke|p1|Lucario, M|\n|poke|p1|Gengar, F|\n|poke|p1|Tsareena, F|\n|poke|p2|Umbreon, M|\n|poke|p2|Lycanroc-Dusk, M|\n|poke|p2|Pawmot, F|\n|poke|p2|Clodsire, M|\n|poke|p2|Gogoat, M|\n|poke|p2|Arcanine, M|\n|teampreview\n|\n|t:|1700696171\n|start\n|switch|p1a: Mimikyu|Mimikyu, M|100\/100\n|switch|p2a: Bobby|Clodsire, M, shiny|100\/100\n|turn|1\n|\n|t:|1700696176\n|move|p1a: Mimikyu|Swords Dance|p1a: Mimikyu\n|-boost|p1a: Mimikyu|atk|2\n|move|p2a: Bobby|Stealth Rock|p1a: Mimikyu\n|-sidestart|p1: Phnt_asm|move: Stealth Rock\n|\n|upkeep\n|turn|2\n|\n|t:|1700696182\n|move|p1a: Mimikyu|Swords Dance|p1a: Mimikyu\n|-boost|p1a: Mimikyu|atk|2\n|move|p2a: Bobby|Earthquake|p1a: Mimikyu\n|-activate|p1a: Mimikyu|ability: Disguise\n|-damage|p1a: Mimikyu|100\/100\n|detailschange|p1a: Mimikyu|Mimikyu-Busted, M\n|-damage|p1a: Mimikyu|88\/100|[from] pokemon: Mimikyu-Busted\n|\n|upkeep\n|turn|3\n|\n|t:|1700696193\n|move|p1a: Mimikyu|Play Rough|p2a: Bobby\n|-resisted|p2a: Bobby\n|-damage|p2a: Bobby|72\/100\n|-unboost|p2a: Bobby|atk|1\n|-damage|p1a: Mimikyu|78\/100|[from] item: Life Orb\n|move|p2a: Bobby|Earthquake|p1a: Mimikyu\n|-damage|p1a: Mimikyu|48\/100\n|\n|-heal|p2a: Bobby|78\/100|[from] item: Leftovers\n|upkeep\n|turn|4\n|\n|t:|1700696203\n|move|p1a: Mimikyu|Shadow Claw|p2a: Bobby\n|-crit|p2a: Bobby\n|-damage|p2a: Bobby|13\/100\n|-damage|p1a: Mimikyu|38\/100|[from] item: Life Orb\n|move|p2a: Bobby|Earthquake|p1a: Mimikyu\n|-damage|p1a: Mimikyu|9\/100\n|\n|-heal|p2a: Bobby|19\/100|[from] item: Leftovers\n|upkeep\n|turn|5\n|\n|t:|1700696219\n|move|p1a: Mimikyu|Shadow Claw|p2a: Bobby\n|-damage|p2a: Bobby|0 fnt\n|faint|p2a: Bobby\n|-damage|p1a: Mimikyu|0 fnt|[from] item: Life Orb\n|faint|p1a: Mimikyu\n|\n|upkeep\n|\n|t:|1700696226\n|switch|p1a: Milotic|Milotic, F|100\/100\n|switch|p2a: Mick|Arcanine, M, shiny|100\/100\n|-damage|p1a: Milotic|88\/100|[from] Stealth Rock\n|turn|6\n|\n|t:|1700696233\n|switch|p2a: Hilal|Umbreon, M, shiny|100\/100\n|move|p1a: Milotic|Aqua Ring|p1a: Milotic\n|-start|p1a: Milotic|Aqua Ring\n|\n|-heal|p1a: Milotic|94\/100|[from] item: Leftovers\n|-heal|p1a: Milotic|99\/100|[from] Aqua Ring\n|upkeep\n|turn|7\n|\n|t:|1700696243\n|move|p1a: Milotic|Ice Beam|p2a: Hilal\n|-damage|p2a: Hilal|87\/100\n|move|p2a: Hilal|Reflect|p2a: Hilal\n|-sidestart|p2: DR4N|Reflect\n|\n|-heal|p1a: Milotic|100\/100|[from] item: Leftovers\n|upkeep\n|turn|8\n|\n|t:|1700696251\n|move|p1a: Milotic|Ice Beam|p2a: Hilal\n|-damage|p2a: Hilal|73\/100\n|-status|p2a: Hilal|frz\n|cant|p2a: Hilal|frz\n|\n|upkeep\n|turn|9\n|\n|t:|1700696262\n|move|p1a: Milotic|Substitute|p1a: Milotic\n|-start|p1a: Milotic|Substitute\n|-damage|p1a: Milotic|76\/100\n|cant|p2a: Hilal|frz\n|\n|-heal|p1a: Milotic|82\/100|[from] item: Leftovers\n|-heal|p1a: Milotic|88\/100|[from] Aqua Ring\n|upkeep\n|turn|10\n|\n|t:|1700696271\n|move|p1a: Milotic|Recover|p1a: Milotic\n|-heal|p1a: Milotic|100\/100\n|-curestatus|p2a: Hilal|frz|[msg]\n|move|p2a: Hilal|Foul Play|p1a: Milotic\n|-activate|p1a: Milotic|move: Substitute|[damage]\n|\n|upkeep\n|turn|11\n|\n|t:|1700696283\n|move|p1a: Milotic|Ice Beam|p2a: Hilal\n|-damage|p2a: Hilal|58\/100\n|move|p2a: Hilal|Wish|p2a: Hilal\n|\n|-sideend|p2: DR4N|Reflect\n|upkeep\n|turn|12\n|\n|t:|1700696291\n|move|p1a: Milotic|Ice Beam|p2a: Hilal\n|-damage|p2a: Hilal|43\/100\n|-status|p2a: Hilal|frz\n|cant|p2a: Hilal|frz\n|\n|-heal|p2a: Hilal|93\/100 frz|[from] move: Wish|[wisher] Hilal\n|upkeep\n|turn|13\n|\n|t:|1700696303\n|switch|p1a: Lucario|Lucario, M|100\/100\n|-damage|p1a: Lucario|98\/100|[from] Stealth Rock\n|cant|p2a: Hilal|frz\n|\n|upkeep\n|turn|14\n|\n|t:|1700696314\n|-terastallize|p2a: Hilal|Poison\n|move|p1a: Lucario|Nasty Plot|p1a: Lucario\n|-boost|p1a: Lucario|spa|2\n|-curestatus|p2a: Hilal|frz|[msg]\n|move|p2a: Hilal|Reflect|p2a: Hilal\n|-sidestart|p2: DR4N|Reflect\n|\n|upkeep\n|turn|15\n|\n|t:|1700696329\n|move|p2a: Hilal|Protect|p2a: Hilal\n|-singleturn|p2a: Hilal|Protect\n|move|p1a: Lucario|Aura Sphere|p2a: Hilal\n|-activate|p2a: Hilal|move: Protect\n|\n|upkeep\n|turn|16\n|\n|t:|1700696338\n|switch|p2a: Billy|Gogoat, M, shiny|100\/100\n|move|p1a: Lucario|Flash Cannon|p2a: Billy\n|-damage|p2a: Billy|4\/100\n|-damage|p1a: Lucario|88\/100|[from] item: Life Orb\n|\n|upkeep\n|turn|17\n|\n|t:|1700696346\n|move|p1a: Lucario|Vacuum Wave|p2a: Billy\n|-damage|p2a: Billy|0 fnt\n|faint|p2a: Billy\n|-damage|p1a: Lucario|78\/100|[from] item: Life Orb\n|\n|upkeep\n|\n|t:|1700696350\n|switch|p2a: Mick|Arcanine, M, shiny|100\/100\n|turn|18\n|\n|t:|1700696355\n|move|p2a: Mick|Flamethrower|p1a: Lucario\n|-supereffective|p1a: Lucario\n|-damage|p1a: Lucario|0 fnt\n|faint|p1a: Lucario\n|\n|-sideend|p2: DR4N|Reflect\n|upkeep\n|\n|t:|1700696363\n|switch|p1a: Gengar|Gengar, F|100\/100\n|-damage|p1a: Gengar|88\/100|[from] Stealth Rock\n|turn|19\n|\n|t:|1700696370\n|move|p1a: Gengar|Will-O-Wisp|p2a: Mick\n|-start|p2a: Mick|ability: Flash Fire\n|move|p2a: Mick|Dragon Pulse|p1a: Gengar\n|-damage|p1a: Gengar|46\/100\n|-start|p2a: Mick|Disable|Dragon Pulse|[from] ability: Cursed Body|[of] p1a: Gengar\n|\n|-heal|p1a: Gengar|53\/100|[from] item: Black Sludge\n|upkeep\n|turn|20\n|\n|t:|1700696384\n|move|p1a: Gengar|Sludge Bomb|p2a: Mick\n|-damage|p2a: Mick|39\/100\n|move|p2a: Mick|Flamethrower|p1a: Gengar\n|-damage|p1a: Gengar|0 fnt\n|faint|p1a: Gengar\n|\n|upkeep\n|\n|t:|1700696393\n|switch|p1a: Gallade|Gallade, M|100\/100\n|-damage|p1a: Gallade|94\/100|[from] Stealth Rock\n|turn|21\n|\n|t:|1700696410\n|move|p2a: Mick|Flamethrower|p1a: Gallade\n|-damage|p1a: Gallade|27\/100\n|move|p1a: Gallade|Drain Punch|p2a: Mick\n|-damage|p2a: Mick|0 fnt\n|-heal|p1a: Gallade|50\/100|[from] drain|[of] p2a: Mick\n|faint|p2a: Mick\n|\n|upkeep\n|\n|t:|1700696417\n|switch|p2a: Mallow|Pawmot, F, shiny|100\/100\n|turn|22\n|\n|t:|1700696426\n|move|p2a: Mallow|Nuzzle|p1a: Gallade\n|-damage|p1a: Gallade|35\/100\n|-status|p1a: Gallade|par\n|cant|p1a: Gallade|par\n|\n|upkeep\n|turn|23\n|\n|t:|1700696433\n|move|p2a: Mallow|Revival Blessing|p2a: Mallow\n|\n|t:|1700696438\n|-heal|p2: Bobby|50\/100|[from] move: Revival Blessing\n|move|p1a: Gallade|Zen Headbutt|p2a: Mallow|[miss]\n|-miss|p1a: Gallade|p2a: Mallow\n|\n|upkeep\n|turn|24\n|\n|t:|1700696448\n|move|p2a: Mallow|Nuzzle|p1a: Gallade\n|-damage|p1a: Gallade|21\/100 par\n|move|p1a: Gallade|Zen Headbutt|p2a: Mallow|[miss]\n|-miss|p1a: Gallade|p2a: Mallow\n|\n|upkeep\n|turn|25\n|\n|t:|1700696455\n|move|p2a: Mallow|Nuzzle|p1a: Gallade\n|-damage|p1a: Gallade|7\/100 par\n|move|p1a: Gallade|Zen Headbutt|p2a: Mallow\n|-supereffective|p2a: Mallow\n|-enditem|p2a: Mallow|Focus Sash\n|-damage|p2a: Mallow|1\/100\n|\n|upkeep\n|turn|26\n|\n|t:|1700696464\n|move|p2a: Mallow|Rest|p2a: Mallow\n|-status|p2a: Mallow|slp|[from] move: Rest\n|-heal|p2a: Mallow|100\/100 slp|[silent]\n|move|p1a: Gallade|Knock Off|p2a: Mallow\n|-resisted|p2a: Mallow\n|-damage|p2a: Mallow|86\/100 slp\n|\n|upkeep\n|turn|27\n|\n|t:|1700696472\n|cant|p2a: Mallow|slp\n|move|p2a: Mallow|Sleep Talk|p2a: Mallow\n|move|p2a: Mallow|Revival Blessing|p2a: Mallow|[from]move: Sleep Talk\n|\n|t:|1700696478\n|-heal|p2: Billy|50\/100|[from] move: Revival Blessing\n|move|p1a: Gallade|Zen Headbutt|p2a: Mallow\n|-supereffective|p2a: Mallow\n|-damage|p2a: Mallow|0 fnt\n|faint|p2a: Mallow\n|\n|upkeep\n|\n|t:|1700696486\n|switch|p2a: Sonic|Lycanroc-Dusk, M, shiny|100\/100\n|turn|28\n|\n|t:|1700696491\n|move|p2a: Sonic|Swords Dance|p2a: Sonic\n|-boost|p2a: Sonic|atk|2\n|cant|p1a: Gallade|par\n|\n|upkeep\n|turn|29\n|\n|t:|1700696496\n|move|p2a: Sonic|Accelerock|p1a: Gallade\n|-resisted|p1a: Gallade\n|-damage|p1a: Gallade|0 fnt\n|faint|p1a: Gallade\n|-damage|p2a: Sonic|91\/100|[from] item: Life Orb\n|\n|upkeep\n|\n|t:|1700696502\n|switch|p1a: Tsareena|Tsareena, F|100\/100\n|-damage|p1a: Tsareena|88\/100|[from] Stealth Rock\n|turn|30\n|\n|t:|1700696509\n|move|p2a: Sonic|Iron Head|p1a: Tsareena\n|-damage|p1a: Tsareena|0 fnt\n|faint|p1a: Tsareena\n|-damage|p2a: Sonic|81\/100|[from] item: Life Orb\n|\n|upkeep\n|\n|t:|1700696514\n|switch|p1a: Milotic|Milotic, F|100\/100\n|-damage|p1a: Milotic|88\/100|[from] Stealth Rock\n|turn|31\n|\n|t:|1700696519\n|move|p2a: Sonic|Close Combat|p1a: Milotic\n|-damage|p1a: Milotic|0 fnt\n|-unboost|p2a: Sonic|def|1\n|-unboost|p2a: Sonic|spd|1\n|faint|p1a: Milotic\n|-damage|p2a: Sonic|71\/100|[from] item: Life Orb\n|\n|win|DR4N\n|raw|Phnt_asm's rating: 1140 &rarr; <strong>1116<\/strong><br \/>(-24 for losing)\n|raw|DR4N's rating: 1149 &rarr; <strong>1173<\/strong><br \/>(+24 for winning)\n|c|\u2606DR4N|Gg\n|l|\u2606Phnt_asm\n","uploadtime":1700696530,"views":0,"p1id":"phntasm","p2id":"dr4n","formatid":"gen9anythinggoes","rating":1116,"private":0,"password":""}