{"id":"gen9anythinggoes-1999099080","p1":"Zohanniter","p2":"pepitodechocolate","format":"[Gen 9] Anything Goes","log":"|j|\u2606Zohanniter\n|j|\u2606pepitodechocolate\n|t:|1701033024\n|gametype|singles\n|player|p1|Zohanniter|crasherwake|\n|player|p2|pepitodechocolate|169|\n|teamsize|p1|6\n|teamsize|p2|6\n|gen|9\n|tier|[Gen 9] Anything Goes\n|rule|HP Percentage Mod: HP is shown in percentages\n|rule|Endless Battle Clause: Forcing endless battles is banned\n|clearpoke\n|poke|p1|Slowking-Galar, F|\n|poke|p1|Espeon, F|\n|poke|p1|Volcarona, F|\n|poke|p1|Baxcalibur, M|\n|poke|p1|Kilowattrel, M|\n|poke|p1|Cloyster, F|\n|poke|p2|Flamigo, F|\n|poke|p2|Ting-Lu|\n|poke|p2|Forretress, M|\n|poke|p2|Delphox, F|\n|poke|p2|Iron Hands|\n|poke|p2|Mew|\n|teampreview\n|inactive|Battle timer is ON: inactive players will automatically lose when time's up. (requested by pepitodechocolate)\n|inactiveoff|Battle timer is now OFF.\n|c|\u2606Zohanniter|gl hf :)\n|c|\u2606pepitodechocolate|dejamos timer off?\n|c|\u2606Zohanniter|si porfa\n|c|\u2606pepitodechocolate|okay, mejor\n|c|\u2606pepitodechocolate|gl hf!\n|j| mimizukii\n|\n|t:|1701033160\n|start\n|switch|p1a: Espeon|Espeon, F|100\/100\n|switch|p2a: Amancio|Flamigo, F|100\/100\n|turn|1\n|\n|t:|1701033204\n|switch|p1a: Kilowattrel|Kilowattrel, M|100\/100\n|-terastallize|p2a: Amancio|Steel\n|move|p2a: Amancio|U-turn|p1a: Kilowattrel\n|-resisted|p1a: Kilowattrel\n|-damage|p1a: Kilowattrel|81\/100\n|-damage|p2a: Amancio|84\/100|[from] item: Rocky Helmet|[of] p1a: Kilowattrel\n|\n|t:|1701033218\n|switch|p2a: Ciervo-Caldero|Ting-Lu|100\/100|[from] U-turn\n|-ability|p2a: Ciervo-Caldero|Vessel of Ruin\n|\n|upkeep\n|turn|2\n|\n|t:|1701033232\n|move|p1a: Kilowattrel|U-turn|p2a: Ciervo-Caldero\n|-supereffective|p2a: Ciervo-Caldero\n|-damage|p2a: Ciervo-Caldero|88\/100\n|\n|t:|1701033237\n|switch|p1a: Espeon|Espeon, F|100\/100|[from] U-turn\n|move|p2a: Ciervo-Caldero|Rock Slide|p1a: Espeon\n|-damage|p1a: Espeon|75\/100\n|\n|-heal|p1a: Espeon|81\/100|[from] item: Leftovers\n|-heal|p2a: Ciervo-Caldero|95\/100|[from] item: Leftovers\n|upkeep\n|turn|3\n|\n|t:|1701033281\n|move|p1a: Espeon|Reflect|p1a: Espeon\n|-sidestart|p1: Zohanniter|Reflect\n|move|p2a: Ciervo-Caldero|Earthquake|p1a: Espeon\n|-damage|p1a: Espeon|54\/100\n|\n|-heal|p1a: Espeon|60\/100|[from] item: Leftovers\n|-heal|p2a: Ciervo-Caldero|100\/100|[from] item: Leftovers\n|upkeep\n|turn|4\n|\n|t:|1701033303\n|move|p1a: Espeon|Calm Mind|p1a: Espeon\n|-boost|p1a: Espeon|spa|1\n|-boost|p1a: Espeon|spd|1\n|move|p2a: Ciervo-Caldero|Throat Chop|p1a: Espeon\n|-supereffective|p1a: Espeon\n|-damage|p1a: Espeon|20\/100\n|-start|p1a: Espeon|Throat Chop|[silent]\n|\n|-heal|p1a: Espeon|26\/100|[from] item: Leftovers\n|upkeep\n|turn|5\n|\n|t:|1701033310\n|-terastallize|p1a: Espeon|Fairy\n|move|p1a: Espeon|Morning Sun|p1a: Espeon\n|-heal|p1a: Espeon|76\/100\n|move|p2a: Ciervo-Caldero|Earthquake|p1a: Espeon\n|-damage|p1a: Espeon|49\/100\n|\n|-heal|p1a: Espeon|55\/100|[from] item: Leftovers\n|-end|p1a: Espeon|Throat Chop|[silent]\n|upkeep\n|turn|6\n|\n|t:|1701033324\n|switch|p2a: Foxy|Delphox, F|100\/100\n|move|p1a: Espeon|Calm Mind|p1a: Espeon\n|-boost|p1a: Espeon|spa|1\n|-boost|p1a: Espeon|spd|1\n|\n|-heal|p1a: Espeon|61\/100|[from] item: Leftovers\n|upkeep\n|turn|7\n|\n|t:|1701033356\n|move|p1a: Espeon|Dazzling Gleam|p2a: Foxy\n|-resisted|p2a: Foxy\n|-damage|p2a: Foxy|58\/100\n|move|p2a: Foxy|Psyshock|p1a: Espeon\n|-damage|p1a: Espeon|0 fnt\n|faint|p1a: Espeon\n|-damage|p2a: Foxy|48\/100|[from] item: Life Orb\n|\n|-sideend|p1: Zohanniter|Reflect\n|upkeep\n|\n|t:|1701033461\n|switch|p1a: Kilowattrel|Kilowattrel, M|81\/100\n|turn|8\n|\n|t:|1701033516\n|switch|p2a: Ciervo-Caldero|Ting-Lu|100\/100\n|-ability|p2a: Ciervo-Caldero|Vessel of Ruin\n|move|p1a: Kilowattrel|Thunderbolt|p2a: Ciervo-Caldero\n|-immune|p2a: Ciervo-Caldero\n|\n|upkeep\n|turn|9\n|\n|t:|1701033533\n|move|p1a: Kilowattrel|U-turn|p2a: Ciervo-Caldero\n|-supereffective|p2a: Ciervo-Caldero\n|-damage|p2a: Ciervo-Caldero|90\/100\n|\n|t:|1701033545\n|switch|p1a: Cloyster|Cloyster, F|100\/100|[from] U-turn\n|move|p2a: Ciervo-Caldero|Earthquake|p1a: Cloyster\n|-damage|p1a: Cloyster|67\/100\n|\n|-heal|p2a: Ciervo-Caldero|96\/100|[from] item: Leftovers\n|upkeep\n|turn|10\n|\n|t:|1701033574\n|switch|p2a: Hamariyama|Iron Hands|100\/100\n|move|p1a: Cloyster|Icicle Spear|p2a: Hamariyama\n|-damage|p2a: Hamariyama|93\/100\n|-damage|p2a: Hamariyama|85\/100\n|-damage|p2a: Hamariyama|77\/100\n|-damage|p2a: Hamariyama|69\/100\n|-damage|p2a: Hamariyama|62\/100\n|-hitcount|p2a: Hamariyama|5\n|\n|upkeep\n|turn|11\n|\n|t:|1701033608\n|switch|p1a: Kilowattrel|Kilowattrel, M|81\/100\n|move|p2a: Hamariyama|Drain Punch|p1a: Kilowattrel\n|-resisted|p1a: Kilowattrel\n|-damage|p1a: Kilowattrel|46\/100\n|-heal|p2a: Hamariyama|73\/100|[from] drain|[of] p1a: Kilowattrel\n|-damage|p2a: Hamariyama|57\/100|[from] item: Rocky Helmet|[of] p1a: Kilowattrel\n|\n|upkeep\n|turn|12\n|\n|t:|1701033616\n|move|p1a: Kilowattrel|U-turn|p2a: Hamariyama\n|-resisted|p2a: Hamariyama\n|-damage|p2a: Hamariyama|53\/100\n|\n|t:|1701033662\n|switch|p1a: Volcarona|Volcarona, F|100\/100|[from] U-turn\n|move|p2a: Hamariyama|Rock Slide|p1a: Volcarona\n|-supereffective|p1a: Volcarona\n|-damage|p1a: Volcarona|0 fnt\n|faint|p1a: Volcarona\n|\n|upkeep\n|\n|t:|1701033671\n|switch|p1a: Slowking|Slowking-Galar, F|100\/100\n|turn|13\n|\n|t:|1701033680\n|-end|p2a: Hamariyama|Quark Drive|[silent]\n|switch|p2a: Ciervo-Caldero|Ting-Lu|96\/100\n|-ability|p2a: Ciervo-Caldero|Vessel of Ruin\n|move|p1a: Slowking|Toxic Spikes|p2a: Ciervo-Caldero\n|-sidestart|p2: pepitodechocolate|move: Toxic Spikes\n|\n|-heal|p2a: Ciervo-Caldero|100\/100|[from] item: Leftovers\n|upkeep\n|turn|14\n|\n|t:|1701033688\n|move|p1a: Slowking|Chilly Reception|p1a: Slowking\n|-weather|Snow\n|\n|t:|1701033693\n|switch|p1a: Cloyster|Cloyster, F|67\/100|[from] Chilly Reception\n|move|p2a: Ciervo-Caldero|Throat Chop|p1a: Cloyster\n|-damage|p1a: Cloyster|50\/100\n|-start|p1a: Cloyster|Throat Chop|[silent]\n|\n|-weather|Snow|[upkeep]\n|upkeep\n|turn|15\n|j| Red Krow\n|\n|t:|1701033732\n|switch|p2a: Bowling ball|Forretress, M|100\/100\n|move|p1a: Cloyster|Icicle Spear|p2a: Bowling ball\n|-resisted|p2a: Bowling ball\n|-damage|p2a: Bowling ball|97\/100\n|-resisted|p2a: Bowling ball\n|-damage|p2a: Bowling ball|93\/100\n|-resisted|p2a: Bowling ball\n|-damage|p2a: Bowling ball|90\/100\n|-resisted|p2a: Bowling ball\n|-damage|p2a: Bowling ball|87\/100\n|-resisted|p2a: Bowling ball\n|-damage|p2a: Bowling ball|83\/100\n|-hitcount|p2a: Bowling ball|5\n|\n|-weather|Snow|[upkeep]\n|-heal|p2a: Bowling ball|89\/100|[from] item: Leftovers\n|-end|p1a: Cloyster|Throat Chop|[silent]\n|upkeep\n|turn|16\n|\n|t:|1701033747\n|move|p1a: Cloyster|Hydro Pump|p2a: Bowling ball\n|-damage|p2a: Bowling ball|36\/100\n|move|p2a: Bowling ball|Rapid Spin|p1a: Cloyster\n|-damage|p1a: Cloyster|43\/100\n|-boost|p2a: Bowling ball|spe|1\n|-sideend|p2: pepitodechocolate|Toxic Spikes|[from] move: Rapid Spin|[of] p2a: Bowling ball\n|\n|-weather|Snow|[upkeep]\n|-heal|p2a: Bowling ball|42\/100|[from] item: Leftovers\n|upkeep\n|turn|17\n|\n|t:|1701033771\n|move|p1a: Cloyster|Hydro Pump|p2a: Bowling ball\n|-damage|p2a: Bowling ball|0 fnt\n|faint|p2a: Bowling ball\n|\n|-weather|Snow|[upkeep]\n|upkeep\n|\n|t:|1701033869\n|switch|p2a: Amancio|Flamigo, F, tera:Steel|84\/100\n|turn|18\n|\n|t:|1701033882\n|switch|p1a: Kilowattrel|Kilowattrel, M|46\/100\n|move|p2a: Amancio|Brave Bird|p1a: Kilowattrel\n|-resisted|p1a: Kilowattrel\n|-damage|p1a: Kilowattrel|0 fnt\n|-damage|p2a: Amancio|68\/100|[from] item: Rocky Helmet|[of] p1a: Kilowattrel\n|faint|p1a: Kilowattrel\n|-damage|p2a: Amancio|53\/100|[from] Recoil\n|\n|-weather|none\n|upkeep\n|\n|t:|1701033935\n|switch|p1a: Slowking|Slowking-Galar, F|100\/100\n|turn|19\n|\n|t:|1701033967\n|move|p2a: Amancio|Brave Bird|p1a: Slowking\n|-damage|p1a: Slowking|22\/100\n|-damage|p2a: Amancio|25\/100|[from] Recoil\n|-enditem|p1a: Slowking|Red Card|[of] p2a: Amancio\n|drag|p2a: Ciervo-Caldero|Ting-Lu|100\/100\n|-ability|p2a: Ciervo-Caldero|Vessel of Ruin\n|move|p1a: Slowking|Chilly Reception|p1a: Slowking\n|-weather|Snow\n|\n|t:|1701033985\n|switch|p1a: Baxcalibur|Baxcalibur, M|100\/100|[from] Chilly Reception\n|\n|-weather|Snow|[upkeep]\n|upkeep\n|turn|20\n|\n|t:|1701033999\n|switch|p2a: Amancio|Flamigo, F, tera:Steel|25\/100\n|move|p1a: Baxcalibur|Swords Dance|p1a: Baxcalibur\n|-boost|p1a: Baxcalibur|atk|2\n|\n|-weather|Snow|[upkeep]\n|upkeep\n|turn|21\n|\n|t:|1701034063\n|move|p1a: Baxcalibur|Ice Shard|p2a: Amancio\n|-resisted|p2a: Amancio\n|-damage|p2a: Amancio|0 fnt\n|faint|p2a: Amancio\n|\n|-weather|Snow|[upkeep]\n|upkeep\n|\n|t:|1701034082\n|switch|p2a: Foxy|Delphox, F|48\/100\n|turn|22\n|\n|t:|1701034092\n|move|p2a: Foxy|Fire Blast|p1a: Baxcalibur\n|-damage|p1a: Baxcalibur|26\/100\n|-ability|p1a: Baxcalibur|Thermal Exchange|boost\n|-boost|p1a: Baxcalibur|atk|1\n|-damage|p2a: Foxy|38\/100|[from] item: Life Orb\n|move|p1a: Baxcalibur|Scale Shot|p2a: Foxy\n|-damage|p2a: Foxy|0 fnt\n|faint|p2a: Foxy\n|-hitcount|p2: Foxy|1\n|-unboost|p1a: Baxcalibur|def|1\n|-boost|p1a: Baxcalibur|spe|1\n|\n|-weather|Snow|[upkeep]\n|upkeep\n|\n|t:|1701034100\n|switch|p2a: Mewone|Mew|100\/100\n|turn|23\n|\n|t:|1701034104\n|move|p1a: Baxcalibur|Icicle Spear|p2a: Mewone\n|-damage|p2a: Mewone|69\/100\n|-crit|p2a: Mewone\n|-damage|p2a: Mewone|16\/100\n|-damage|p2a: Mewone|0 fnt\n|faint|p2a: Mewone\n|-hitcount|p2: Mewone|3\n|\n|-weather|none\n|upkeep\n|\n|t:|1701034108\n|switch|p2a: Hamariyama|Iron Hands|53\/100\n|turn|24\n|\n|t:|1701034113\n|move|p1a: Baxcalibur|Icicle Spear|p2a: Hamariyama\n|-damage|p2a: Hamariyama|28\/100\n|-damage|p2a: Hamariyama|2\/100\n|-damage|p2a: Hamariyama|0 fnt\n|faint|p2a: Hamariyama\n|-end|p2a: Hamariyama|Quark Drive|[silent]\n|-hitcount|p2: Hamariyama|3\n|\n|upkeep\n|\n|t:|1701034115\n|switch|p2a: Ciervo-Caldero|Ting-Lu|100\/100\n|-ability|p2a: Ciervo-Caldero|Vessel of Ruin\n|turn|25\n|c|\u2606pepitodechocolate|gg\n|\n|t:|1701034123\n|move|p1a: Baxcalibur|Icicle Spear|p2a: Ciervo-Caldero\n|-supereffective|p2a: Ciervo-Caldero\n|-damage|p2a: Ciervo-Caldero|57\/100\n|-supereffective|p2a: Ciervo-Caldero\n|-damage|p2a: Ciervo-Caldero|13\/100\n|-supereffective|p2a: Ciervo-Caldero\n|-damage|p2a: Ciervo-Caldero|0 fnt\n|faint|p2a: Ciervo-Caldero\n|-hitcount|p2: Ciervo-Caldero|3\n|\n|win|Zohanniter\n|c|\u2606Zohanniter|gg\n|l| Red Krow\n|l| mimizukii\n|c|\u2606Zohanniter|que moves ten\u00eca Mew?\n","uploadtime":1701034233,"views":24,"p1id":"zohanniter","p2id":"pepitodechocolate","formatid":"gen9anythinggoes","rating":0,"private":0,"password":""}