{"id":"gen9anythinggoes-1975952795","p1":"decidueyemybeloved","p2":"Lordfuzz18","format":"[Gen 9] Anything Goes","log":"|j|\u2606decidueyemybeloved\n|j|\u2606Lordfuzz18\n|t:|1698251813\n|gametype|singles\n|player|p1|decidueyemybeloved|266|\n|player|p2|Lordfuzz18|101|\n|teamsize|p1|6\n|teamsize|p2|6\n|gen|9\n|tier|[Gen 9] Anything Goes\n|rule|HP Percentage Mod: HP is shown in percentages\n|rule|Endless Battle Clause: Forcing endless battles is banned\n|clearpoke\n|poke|p1|Zangoose, F|\n|poke|p1|Iron Hands|\n|poke|p1|Calyrex-Shadow|\n|poke|p1|Regieleki|\n|poke|p1|Talonflame, M|\n|poke|p1|Palafin, F|\n|poke|p2|Kommo-o, M|\n|poke|p2|Gliscor, M|\n|poke|p2|Zoroark-Hisui, M|\n|poke|p2|Darkrai|\n|poke|p2|Azumarill, M|\n|poke|p2|Volcarona, F|\n|teampreview\n|\n|t:|1698251825\n|start\n|switch|p1a: sweep but help|Calyrex-Shadow|100\/100\n|switch|p2a: BONK|Azumarill, M, shiny|100\/100\n|-ability|p1a: sweep but help|As One\n|-ability|p1a: sweep but help|Unnerve\n|turn|1\n|\n|t:|1698251837\n|move|p1a: sweep but help|Calm Mind|p1a: sweep but help\n|-boost|p1a: sweep but help|spa|1\n|-boost|p1a: sweep but help|spd|1\n|move|p2a: BONK|Play Rough|p1a: sweep but help\n|-damage|p1a: sweep but help|34\/100\n|-damage|p2a: BONK|91\/100|[from] item: Life Orb\n|\n|upkeep\n|turn|2\n|\n|t:|1698251850\n|move|p1a: sweep but help|Baton Pass|p1a: sweep but help\n|\n|t:|1698251853\n|switch|p1a: sweep1|Regieleki|100\/100|[from] Baton Pass\n|move|p2a: BONK|Play Rough|p1a: sweep1\n|-damage|p1a: sweep1|0 fnt\n|faint|p1a: sweep1\n|-damage|p2a: BONK|81\/100|[from] item: Life Orb\n|\n|upkeep\n|\n|t:|1698251864\n|switch|p1a: mid!!|Palafin, F|100\/100\n|turn|3\n|\n|t:|1698251870\n|move|p1a: mid!!|Flip Turn|p2a: BONK\n|-resisted|p2a: BONK\n|-damage|p2a: BONK|65\/100\n|\n|t:|1698251887\n|detailschange|p1a: mid!!|Palafin-Hero, F\n|switch|p1a: stolen|Iron Hands|100\/100|[from] Flip Turn\n|-enditem|p1a: stolen|Booster Energy\n|-activate|p1a: stolen|ability: Quark Drive|[fromitem]\n|-start|p1a: stolen|quarkdriveatk\n|move|p2a: BONK|Body Slam|p1a: stolen\n|-damage|p1a: stolen|73\/100\n|-damage|p2a: BONK|55\/100|[from] item: Life Orb\n|\n|upkeep\n|turn|4\n|\n|t:|1698251899\n|move|p2a: BONK|Play Rough|p1a: stolen\n|-supereffective|p1a: stolen\n|-damage|p1a: stolen|0 fnt\n|faint|p1a: stolen\n|-end|p1a: stolen|Quark Drive|[silent]\n|-damage|p2a: BONK|45\/100|[from] item: Life Orb\n|\n|upkeep\n|\n|t:|1698251906\n|switch|p1a: sweep2|Zangoose, F|100\/100\n|turn|5\n|\n|t:|1698251913\n|move|p1a: sweep2|Swords Dance|p1a: sweep2\n|-boost|p1a: sweep2|atk|2\n|move|p2a: BONK|Play Rough|p1a: sweep2\n|-damage|p1a: sweep2|0 fnt\n|faint|p1a: sweep2\n|-damage|p2a: BONK|35\/100|[from] item: Life Orb\n|\n|upkeep\n|\n|t:|1698251926\n|switch|p1a: mid!!|Palafin-Hero, F|100\/100\n|-activate|p1a: mid!!|ability: Zero to Hero\n|turn|6\n|\n|t:|1698251945\n|move|p1a: mid!!|Waterfall|p2a: BONK\n|-resisted|p2a: BONK\n|-damage|p2a: BONK|0 fnt\n|faint|p2a: BONK\n|\n|upkeep\n|inactive|Battle timer is ON: inactive players will automatically lose when time's up. (requested by decidueyemybeloved)\n|\n|t:|1698251988\n|switch|p2a: Sol|Volcarona, F, shiny|100\/100\n|turn|7\n|l|\u2606Lordfuzz18\n|inactive|Lordfuzz18 disconnected and has 300 seconds to reconnect!\n|player|p2|\n|l|\u2606decidueyemybeloved\n|inactive|decidueyemybeloved disconnected and has 300 seconds to reconnect!\n|player|p1|\n|inactive|Lordfuzz18 has 270 seconds to reconnect!\n|j|\u2606decidueyemybeloved\n|inactive|decidueyemybeloved reconnected.\n|player|p1|decidueyemybeloved|266\n|inactive|Lordfuzz18 has 240 seconds to reconnect!\n|inactive|Lordfuzz18 has 210 seconds to reconnect!\n|inactive|Lordfuzz18 has 180 seconds to reconnect!\n|j|\u2606Lordfuzz18\n|inactive|Lordfuzz18 reconnected and has 280 seconds left.\n|player|p2|Lordfuzz18|101\n|\n|t:|1698252136\n|move|p1a: mid!!|Waterfall|p2a: Sol\n|-damage|p2a: Sol|0 fnt\n|replace|p2a: Imposter|Zoroark-Hisui, M, shiny\n|-end|p2a: Imposter|Illusion\n|faint|p2a: Imposter\n|\n|upkeep\n|inactive|Lordfuzz18 has 270 seconds left.\n|\n|t:|1698252152\n|switch|p2a: Caine|Darkrai, shiny|100\/100\n|turn|8\n|\n|t:|1698252169\n|move|p1a: mid!!|Waterfall|p2a: Caine\n|-damage|p2a: Caine|15\/100\n|move|p2a: Caine|Hypnosis|p1a: mid!!\n|-status|p1a: mid!!|slp|[from] move: Hypnosis\n|\n|-damage|p1a: mid!!|88\/100 slp|[from] ability: Bad Dreams|[of] p2a: Caine\n|upkeep\n|turn|9\n|\n|t:|1698252179\n|switch|p1a: beloved|Talonflame, M, shiny|100\/100\n|move|p2a: Caine|Dream Eater|p1a: beloved\n|-immune|p1a: beloved\n|\n|upkeep\n|turn|10\n|\n|t:|1698252194\n|switch|p2a: Bilge|Gliscor, M, shiny|100\/100\n|move|p1a: beloved|Brave Bird|p2a: Bilge\n|-damage|p2a: Bilge|66\/100\n|-damage|p1a: beloved|89\/100|[from] Recoil\n|\n|-heal|p1a: beloved|95\/100|[from] item: Leftovers\n|-status|p2a: Bilge|tox|[from] item: Toxic Orb\n|upkeep\n|turn|11\n|\n|t:|1698252213\n|move|p1a: beloved|Brave Bird|p2a: Bilge\n|-crit|p2a: Bilge\n|-damage|p2a: Bilge|8\/100 tox\n|-damage|p1a: beloved|77\/100|[from] Recoil\n|move|p2a: Bilge|Counter|p1a: beloved\n|-damage|p1a: beloved|0 fnt\n|faint|p1a: beloved\n|\n|-heal|p2a: Bilge|20\/100 tox|[from] ability: Poison Heal\n|upkeep\n|\n|t:|1698252223\n|switch|p1a: sweep but help|Calyrex-Shadow|34\/100\n|-ability|p1a: sweep but help|As One\n|-ability|p1a: sweep but help|Unnerve\n|turn|12\n|\n|t:|1698252234\n|move|p1a: sweep but help|Calm Mind|p1a: sweep but help\n|-boost|p1a: sweep but help|spa|1\n|-boost|p1a: sweep but help|spd|1\n|move|p2a: Bilge|Dual Wingbeat|p1a: sweep but help\n|-damage|p1a: sweep but help|23\/100\n|-damage|p1a: sweep but help|11\/100\n|-hitcount|p1a: sweep but help|2\n|\n|-heal|p2a: Bilge|33\/100 tox|[from] ability: Poison Heal\n|upkeep\n|turn|13\n|\n|t:|1698252249\n|move|p1a: sweep but help|Hex|p2a: Bilge\n|-damage|p2a: Bilge|0 fnt\n|faint|p2a: Bilge\n|-ability|p1a: sweep but help|Grim Neigh|boost\n|-boost|p1a: sweep but help|spa|1\n|\n|upkeep\n|\n|t:|1698252260\n|switch|p2a: Avalon|Kommo-o, M, shiny|100\/100\n|turn|14\n|\n|t:|1698252269\n|move|p1a: sweep but help|Astral Barrage|p2a: Avalon\n|-damage|p2a: Avalon|0 fnt\n|faint|p2a: Avalon\n|-ability|p1a: sweep but help|Grim Neigh|boost\n|-boost|p1a: sweep but help|spa|1\n|\n|upkeep\n|\n|t:|1698252278\n|switch|p2a: Sol|Volcarona, F, shiny|100\/100\n|turn|15\n|\n|t:|1698252286\n|move|p1a: sweep but help|Astral Barrage|p2a: Sol\n|-damage|p2a: Sol|0 fnt\n|faint|p2a: Sol\n|-ability|p1a: sweep but help|Grim Neigh|boost\n|-boost|p1a: sweep but help|spa|1\n|\n|upkeep\n|\n|t:|1698252292\n|switch|p2a: Caine|Darkrai, shiny|15\/100\n|turn|16\n|j| NouvelStratSale\n|\n|t:|1698252311\n|move|p1a: sweep but help|Astral Barrage|p2a: Caine\n|-resisted|p2a: Caine\n|-damage|p2a: Caine|0 fnt\n|faint|p2a: Caine\n|\n|win|decidueyemybeloved\n|l| NouvelStratSale\n|l|\u2606Lordfuzz18\n","uploadtime":1698252341,"views":6,"p1id":"decidueyemybeloved","p2id":"lordfuzz18","formatid":"gen9anythinggoes","rating":0,"private":0,"password":""}