{"id":"gen9anythinggoes-1976660878","p1":"Ninjarantis","p2":"Gozer2121","format":"[Gen 9] Anything Goes","log":"|j|\u203dNinjarantis\n|j|\u2606Gozer2121\n|t:|1698331333\n|gametype|singles\n|player|p1|Ninjarantis|shadowtriad|1167\n|player|p2|Gozer2121|giovanni|1108\n|teamsize|p1|6\n|teamsize|p2|6\n|gen|9\n|tier|[Gen 9] Anything Goes\n|rated|\n|rule|HP Percentage Mod: HP is shown in percentages\n|rule|Endless Battle Clause: Forcing endless battles is banned\n|clearpoke\n|poke|p1|Ceruledge, M|\n|poke|p1|Umbreon, M|\n|poke|p1|Drifblim, F|\n|poke|p1|Slowking-Galar, F|\n|poke|p1|Zacian-*|\n|poke|p1|Garganacl, F|\n|poke|p2|Bronzong|\n|poke|p2|Corviknight, M|\n|poke|p2|Decidueye-Hisui, M|\n|poke|p2|Volcarona, F|\n|poke|p2|Gliscor, F|\n|poke|p2|Staraptor, F|\n|teampreview\n|\n|t:|1698331339\n|start\n|switch|p1a: Garganacl|Garganacl, F|100\/100\n|switch|p2a: Staraptor|Staraptor, F|100\/100\n|-ability|p2a: Staraptor|Intimidate|boost\n|-unboost|p1a: Garganacl|atk|1\n|turn|1\n|\n|t:|1698331348\n|move|p2a: Staraptor|Double Team|p2a: Staraptor\n|-boost|p2a: Staraptor|evasion|1\n|move|p1a: Garganacl|Stone Edge|p2a: Staraptor\n|-supereffective|p2a: Staraptor\n|-damage|p2a: Staraptor|33\/100\n|\n|-heal|p2a: Staraptor|39\/100|[from] item: Leftovers\n|upkeep\n|turn|2\n|\n|t:|1698331365\n|move|p2a: Staraptor|Double Team|p2a: Staraptor\n|-boost|p2a: Staraptor|evasion|1\n|move|p1a: Garganacl|Salt Cure|p2a: Staraptor|[miss]\n|-miss|p1a: Garganacl|p2a: Staraptor\n|\n|-heal|p2a: Staraptor|45\/100|[from] item: Leftovers\n|upkeep\n|turn|3\n|\n|t:|1698331372\n|move|p2a: Staraptor|Double Team|p2a: Staraptor\n|-boost|p2a: Staraptor|evasion|1\n|move|p1a: Garganacl|Salt Cure|p2a: Staraptor\n|-supereffective|p2a: Staraptor\n|-damage|p2a: Staraptor|17\/100\n|-start|p2a: Staraptor|Salt Cure\n|\n|-heal|p2a: Staraptor|23\/100|[from] item: Leftovers\n|-damage|p2a: Staraptor|11\/100|[from] Salt Cure\n|upkeep\n|turn|4\n|\n|t:|1698331384\n|move|p2a: Staraptor|Rest|p2a: Staraptor\n|-status|p2a: Staraptor|slp|[from] move: Rest\n|-heal|p2a: Staraptor|100\/100 slp|[silent]\n|move|p1a: Garganacl|Earthquake|p2a: Staraptor\n|-immune|p2a: Staraptor\n|\n|-damage|p2a: Staraptor|88\/100 slp|[from] Salt Cure\n|upkeep\n|turn|5\n|\n|t:|1698331393\n|cant|p2a: Staraptor|slp\n|move|p1a: Garganacl|Stone Edge|p2a: Staraptor|[miss]\n|-miss|p1a: Garganacl|p2a: Staraptor\n|\n|-heal|p2a: Staraptor|94\/100 slp|[from] item: Leftovers\n|-damage|p2a: Staraptor|82\/100 slp|[from] Salt Cure\n|upkeep\n|turn|6\n|\n|t:|1698331398\n|cant|p2a: Staraptor|slp\n|move|p1a: Garganacl|Stone Edge|p2a: Staraptor\n|-supereffective|p2a: Staraptor\n|-damage|p2a: Staraptor|8\/100 slp\n|\n|-heal|p2a: Staraptor|14\/100 slp|[from] item: Leftovers\n|-damage|p2a: Staraptor|2\/100 slp|[from] Salt Cure\n|upkeep\n|turn|7\n|\n|t:|1698331406\n|-curestatus|p2a: Staraptor|slp|[msg]\n|move|p2a: Staraptor|Rest|p2a: Staraptor\n|-status|p2a: Staraptor|slp|[from] move: Rest\n|-heal|p2a: Staraptor|100\/100 slp|[silent]\n|move|p1a: Garganacl|Stone Edge|p2a: Staraptor\n|-supereffective|p2a: Staraptor\n|-damage|p2a: Staraptor|25\/100 slp\n|\n|-heal|p2a: Staraptor|31\/100 slp|[from] item: Leftovers\n|-damage|p2a: Staraptor|18\/100 slp|[from] Salt Cure\n|upkeep\n|turn|8\n|c|\u2606Gozer2121|rip\n|\n|t:|1698331423\n|cant|p2a: Staraptor|slp\n|move|p1a: Garganacl|Stone Edge|p2a: Staraptor|[miss]\n|-miss|p1a: Garganacl|p2a: Staraptor\n|\n|-heal|p2a: Staraptor|25\/100 slp|[from] item: Leftovers\n|-damage|p2a: Staraptor|12\/100 slp|[from] Salt Cure\n|upkeep\n|turn|9\n|\n|t:|1698331431\n|cant|p2a: Staraptor|slp\n|move|p1a: Garganacl|Salt Cure|p2a: Staraptor\n|-supereffective|p2a: Staraptor\n|-damage|p2a: Staraptor|0 fnt\n|faint|p2a: Staraptor\n|\n|upkeep\n|\n|t:|1698331454\n|switch|p2a: Bronzong|Bronzong|100\/100\n|turn|10\n|\n|t:|1698331459\n|move|p1a: Garganacl|Earthquake|p2a: Bronzong\n|-supereffective|p2a: Bronzong\n|-damage|p2a: Bronzong|77\/100\n|move|p2a: Bronzong|Heavy Slam|p1a: Garganacl\n|-supereffective|p1a: Garganacl\n|-damage|p1a: Garganacl|79\/100\n|\n|upkeep\n|turn|11\n|\n|t:|1698331474\n|move|p1a: Garganacl|Salt Cure|p2a: Bronzong\n|-resisted|p2a: Bronzong\n|-damage|p2a: Bronzong|73\/100\n|-start|p2a: Bronzong|Salt Cure\n|move|p2a: Bronzong|Body Press|p1a: Garganacl\n|-supereffective|p1a: Garganacl\n|-damage|p1a: Garganacl|34\/100\n|\n|-damage|p2a: Bronzong|48\/100|[from] Salt Cure\n|upkeep\n|turn|12\n|\n|t:|1698331482\n|move|p1a: Garganacl|Earthquake|p2a: Bronzong\n|-supereffective|p2a: Bronzong\n|-damage|p2a: Bronzong|25\/100\n|move|p2a: Bronzong|Body Press|p1a: Garganacl\n|-supereffective|p1a: Garganacl\n|-damage|p1a: Garganacl|0 fnt\n|faint|p1a: Garganacl\n|\n|-damage|p2a: Bronzong|0 fnt|[from] Salt Cure\n|faint|p2a: Bronzong\n|upkeep\n|inactive|Battle timer is ON: inactive players will automatically lose when time's up. (requested by Gozer2121)\n|\n|t:|1698331517\n|switch|p1a: Ceruledge|Ceruledge, M|100\/100\n|switch|p2a: Volcarona|Volcarona, F|100\/100\n|turn|13\n|\n|t:|1698331524\n|move|p2a: Volcarona|U-turn|p1a: Ceruledge\n|-resisted|p1a: Ceruledge\n|-damage|p1a: Ceruledge|97\/100\n|-ability|p1a: Ceruledge|Weak Armor|boost\n|-unboost|p1a: Ceruledge|def|1\n|-boost|p1a: Ceruledge|spe|2\n|\n|t:|1698331533\n|switch|p2a: Gliscor|Gliscor, F, shiny|100\/100|[from] U-turn\n|move|p1a: Ceruledge|Bitter Blade|p2a: Gliscor\n|-damage|p2a: Gliscor|63\/100\n|-heal|p1a: Ceruledge|100\/100|[from] drain|[of] p2a: Gliscor\n|\n|upkeep\n|turn|14\n|\n|t:|1698331543\n|move|p1a: Ceruledge|Bitter Blade|p2a: Gliscor\n|-damage|p2a: Gliscor|26\/100\n|move|p2a: Gliscor|Earthquake|p1a: Ceruledge\n|-supereffective|p1a: Ceruledge\n|-damage|p1a: Ceruledge|0 fnt\n|faint|p1a: Ceruledge\n|\n|upkeep\n|\n|t:|1698331551\n|switch|p1a: Zacian|Zacian-Crowned|100\/100\n|-ability|p1a: Zacian|Intrepid Sword|boost\n|-boost|p1a: Zacian|atk|1\n|turn|15\n|\n|t:|1698331560\n|move|p1a: Zacian|Metal Claw|p2a: Gliscor\n|-damage|p2a: Gliscor|0 fnt\n|faint|p2a: Gliscor\n|\n|upkeep\n|\n|t:|1698331569\n|switch|p2a: Volcarona|Volcarona, F|100\/100\n|turn|16\n|\n|t:|1698331581\n|move|p1a: Zacian|Metal Claw|p2a: Volcarona\n|-resisted|p2a: Volcarona\n|-damage|p2a: Volcarona|71\/100\n|move|p2a: Volcarona|Will-O-Wisp|p1a: Zacian\n|-status|p1a: Zacian|brn\n|\n|-damage|p1a: Zacian|94\/100 brn|[from] brn\n|upkeep\n|turn|17\n|\n|t:|1698331591\n|move|p1a: Zacian|Metal Claw|p2a: Volcarona\n|-resisted|p2a: Volcarona\n|-damage|p2a: Volcarona|56\/100\n|move|p2a: Volcarona|Fiery Dance|p1a: Zacian\n|-supereffective|p1a: Zacian\n|-damage|p1a: Zacian|16\/100 brn\n|-boost|p2a: Volcarona|spa|1\n|\n|-damage|p1a: Zacian|10\/100 brn|[from] brn\n|upkeep\n|turn|18\n|\n|t:|1698331603\n|move|p1a: Zacian|Close Combat|p2a: Volcarona\n|-resisted|p2a: Volcarona\n|-damage|p2a: Volcarona|33\/100\n|-unboost|p1a: Zacian|def|1\n|-unboost|p1a: Zacian|spd|1\n|move|p2a: Volcarona|Fiery Dance|p1a: Zacian\n|-supereffective|p1a: Zacian\n|-damage|p1a: Zacian|0 fnt\n|-boost|p2a: Volcarona|spa|1\n|faint|p1a: Zacian\n|\n|upkeep\n|\n|t:|1698331615\n|switch|p1a: Slowking|Slowking-Galar, F|100\/100\n|turn|19\n|\n|t:|1698331623\n|move|p1a: Slowking|Protect|p1a: Slowking\n|-singleturn|p1a: Slowking|Protect\n|move|p2a: Volcarona|U-turn|p1a: Slowking\n|-activate|p1a: Slowking|move: Protect\n|\n|upkeep\n|turn|20\n|\n|t:|1698331644\n|move|p2a: Volcarona|U-turn|p1a: Slowking\n|-damage|p1a: Slowking|84\/100\n|-damage|p2a: Volcarona|16\/100|[from] item: Rocky Helmet|[of] p1a: Slowking\n|\n|t:|1698331647\n|switch|p2a: Corviknight|Corviknight, M, shiny|100\/100|[from] U-turn\n|move|p1a: Slowking|Fire Blast|p2a: Corviknight\n|-supereffective|p2a: Corviknight\n|-damage|p2a: Corviknight|52\/100\n|\n|upkeep\n|turn|21\n|\n|t:|1698331664\n|-terastallize|p1a: Slowking|Poison\n|move|p2a: Corviknight|Iron Head|p1a: Slowking\n|-damage|p1a: Slowking|51\/100\n|-damage|p2a: Corviknight|36\/100|[from] item: Rocky Helmet|[of] p1a: Slowking\n|move|p1a: Slowking|Fire Blast|p2a: Corviknight\n|-supereffective|p2a: Corviknight\n|-crit|p2a: Corviknight\n|-damage|p2a: Corviknight|0 fnt\n|faint|p2a: Corviknight\n|\n|upkeep\n|\n|t:|1698331672\n|switch|p2a: Volcarona|Volcarona, F|16\/100\n|turn|22\n|\n|t:|1698331682\n|move|p2a: Volcarona|Fiery Dance|p1a: Slowking\n|-damage|p1a: Slowking|12\/100\n|move|p1a: Slowking|Toxic|p2a: Volcarona\n|-status|p2a: Volcarona|tox\n|\n|-damage|p2a: Volcarona|10\/100 tox|[from] psn\n|upkeep\n|turn|23\n|\n|t:|1698331689\n|move|p1a: Slowking|Protect|p1a: Slowking\n|-singleturn|p1a: Slowking|Protect\n|move|p2a: Volcarona|Fiery Dance|p1a: Slowking\n|-activate|p1a: Slowking|move: Protect\n|\n|-damage|p2a: Volcarona|0 fnt|[from] psn\n|faint|p2a: Volcarona\n|upkeep\n|\n|t:|1698331692\n|switch|p2a: Decidueye|Decidueye-Hisui, M, shiny|100\/100\n|turn|24\n|\n|t:|1698331703\n|move|p1a: Slowking|Protect|p1a: Slowking\n|-singleturn|p1a: Slowking|Protect\n|move|p2a: Decidueye|Triple Arrows|p1a: Slowking\n|-activate|p1a: Slowking|move: Protect\n|\n|upkeep\n|turn|25\n|\n|t:|1698331708\n|move|p2a: Decidueye|Triple Arrows|p1a: Slowking\n|-resisted|p1a: Slowking\n|-damage|p1a: Slowking|0 fnt\n|faint|p1a: Slowking\n|\n|upkeep\n|\n|t:|1698331713\n|switch|p1a: Umbreon|Umbreon, M|100\/100\n|turn|26\n|\n|t:|1698331720\n|switch|p1a: Drifblim|Drifblim, F|100\/100\n|move|p2a: Decidueye|Triple Arrows|p1a: Drifblim\n|-resisted|p1a: Drifblim\n|-damage|p1a: Drifblim|82\/100\n|-unboost|p1a: Drifblim|def|1\n|\n|upkeep\n|turn|27\n|\n|t:|1698331734\n|move|p1a: Drifblim|Minimize|p1a: Drifblim\n|-boost|p1a: Drifblim|evasion|2\n|move|p2a: Decidueye|Knock Off|p1a: Drifblim|[miss]\n|-miss|p2a: Decidueye|p1a: Drifblim\n|\n|upkeep\n|turn|28\n|\n|t:|1698331740\n|move|p1a: Drifblim|Minimize|p1a: Drifblim\n|-boost|p1a: Drifblim|evasion|2\n|move|p2a: Decidueye|Knock Off|p1a: Drifblim|[miss]\n|-miss|p2a: Decidueye|p1a: Drifblim\n|\n|upkeep\n|turn|29\n|\n|t:|1698331745\n|move|p1a: Drifblim|Minimize|p1a: Drifblim\n|-boost|p1a: Drifblim|evasion|2\n|move|p2a: Decidueye|Knock Off|p1a: Drifblim|[miss]\n|-miss|p2a: Decidueye|p1a: Drifblim\n|\n|upkeep\n|turn|30\n|\n|t:|1698331749\n|move|p1a: Drifblim|Calm Mind|p1a: Drifblim\n|-boost|p1a: Drifblim|spa|1\n|-boost|p1a: Drifblim|spd|1\n|move|p2a: Decidueye|Knock Off|p1a: Drifblim|[miss]\n|-miss|p2a: Decidueye|p1a: Drifblim\n|\n|upkeep\n|turn|31\n|\n|t:|1698331754\n|move|p1a: Drifblim|Calm Mind|p1a: Drifblim\n|-boost|p1a: Drifblim|spa|1\n|-boost|p1a: Drifblim|spd|1\n|move|p2a: Decidueye|Knock Off|p1a: Drifblim|[miss]\n|-miss|p2a: Decidueye|p1a: Drifblim\n|\n|upkeep\n|turn|32\n|\n|t:|1698331758\n|move|p1a: Drifblim|Calm Mind|p1a: Drifblim\n|-boost|p1a: Drifblim|spa|1\n|-boost|p1a: Drifblim|spd|1\n|move|p2a: Decidueye|Knock Off|p1a: Drifblim\n|-supereffective|p1a: Drifblim\n|-damage|p1a: Drifblim|0 fnt\n|-damage|p2a: Decidueye|75\/100|[from] ability: Aftermath|[of] p1a: Drifblim\n|-enditem|p1a: Drifblim|Heavy-Duty Boots|[from] move: Knock Off|[of] p2a: Decidueye\n|faint|p1a: Drifblim\n|\n|upkeep\n|c|\u2606Gozer2121|YES\n|\n|t:|1698331773\n|switch|p1a: Umbreon|Umbreon, M|100\/100\n|turn|33\n|c|\u2606Gozer2121|Lucky hit\n|\n|t:|1698331780\n|move|p1a: Umbreon|Shadow Ball|p2a: Decidueye\n|-damage|p2a: Decidueye|63\/100\n|move|p2a: Decidueye|Roost|p2a: Decidueye\n|-heal|p2a: Decidueye|100\/100\n|-singleturn|p2a: Decidueye|move: Roost\n|\n|upkeep\n|turn|34\n|\n|t:|1698331792\n|move|p1a: Umbreon|Shadow Ball|p2a: Decidueye\n|-damage|p2a: Decidueye|88\/100\n|move|p2a: Decidueye|Triple Arrows|p1a: Umbreon\n|-supereffective|p1a: Umbreon\n|-damage|p1a: Umbreon|29\/100\n|\n|upkeep\n|turn|35\n|\n|t:|1698331805\n|move|p1a: Umbreon|Shadow Ball|p2a: Decidueye\n|-damage|p2a: Decidueye|78\/100\n|-unboost|p2a: Decidueye|spd|1\n|move|p2a: Decidueye|Triple Arrows|p1a: Umbreon\n|-supereffective|p1a: Umbreon\n|-damage|p1a: Umbreon|0 fnt\n|faint|p1a: Umbreon\n|\n|win|Gozer2121\n|raw|Ninjarantis's rating: 1167 &rarr; <strong>1138<\/strong><br \/>(-29 for losing)\n|raw|Gozer2121's rating: 1108 &rarr; <strong>1137<\/strong><br \/>(+29 for winning)\n|l|\u203dNinjarantis\n","uploadtime":1698331821,"views":7,"p1id":"ninjarantis","p2id":"gozer2121","formatid":"gen9anythinggoes","rating":1137,"private":0,"password":""}