{"id":"gen9anythinggoes-1993081977","p1":"pokemon tax agency","p2":"DankieDanko","format":"[Gen 9] Anything Goes","log":"|j|\u2606pokemon tax agency\n|j|\u2606DankieDanko\n|t:|1700262658\n|gametype|singles\n|player|p1|pokemon tax agency|saguaro|1662\n|player|p2|DankieDanko|pokemaniac|1683\n|teamsize|p1|6\n|teamsize|p2|6\n|gen|9\n|tier|[Gen 9] Anything Goes\n|rated|\n|rule|HP Percentage Mod: HP is shown in percentages\n|rule|Endless Battle Clause: Forcing endless battles is banned\n|clearpoke\n|poke|p1|Arceus|\n|poke|p1|Koraidon|\n|poke|p1|Calyrex-Shadow|\n|poke|p1|Ting-Lu|\n|poke|p1|Landorus-Therian, M|\n|poke|p1|Arceus-Fairy|\n|poke|p2|Calyrex-Ice|\n|poke|p2|Slowbro, F|\n|poke|p2|Mimikyu, F|\n|poke|p2|Ursaluna, F|\n|poke|p2|Heatran, M|\n|poke|p2|Ceruledge, M|\n|teampreview\n|inactive|Battle timer is ON: inactive players will automatically lose when time's up. (requested by DankieDanko)\n|\n|t:|1700262683\n|start\n|switch|p1a: Landorus|Landorus-Therian, M|100\/100\n|switch|p2a: Slowbro|Slowbro, F|100\/100\n|-ability|p1a: Landorus|Intimidate|boost\n|-fail|p2a: Slowbro|unboost|Attack|[from] ability: Oblivious|[of] p2a: Slowbro\n|turn|1\n|\n|t:|1700262707\n|move|p1a: Landorus|U-turn|p2a: Slowbro\n|-supereffective|p2a: Slowbro\n|-damage|p2a: Slowbro|62\/100\n|-enditem|p2a: Slowbro|Weakness Policy\n|-boost|p2a: Slowbro|atk|2|[from] item: Weakness Policy\n|-boost|p2a: Slowbro|spa|2|[from] item: Weakness Policy\n|\n|t:|1700262713\n|switch|p1a: Calyrex|Calyrex-Shadow|100\/100|[from] U-turn\n|-ability|p1a: Calyrex|As One\n|-ability|p1a: Calyrex|Unnerve\n|move|p2a: Slowbro|Trick Room|p2a: Slowbro\n|-fieldstart|move: Trick Room|[of] p2a: Slowbro\n|\n|upkeep\n|turn|2\n|\n|t:|1700262718\n|move|p2a: Slowbro|Psychic|p1a: Calyrex\n|-resisted|p1a: Calyrex\n|-damage|p1a: Calyrex|57\/100\n|move|p1a: Calyrex|Astral Barrage|p2a: Slowbro\n|-supereffective|p2a: Slowbro\n|-damage|p2a: Slowbro|0 fnt\n|faint|p2a: Slowbro\n|-ability|p1a: Calyrex|Grim Neigh|boost\n|-boost|p1a: Calyrex|spa|1\n|\n|upkeep\n|\n|t:|1700262723\n|switch|p2a: Ursaluna|Ursaluna, F|100\/100\n|turn|3\n|\n|t:|1700262741\n|switch|p1a: Landorus|Landorus-Therian, M|100\/100\n|-ability|p1a: Landorus|Intimidate|boost\n|-unboost|p2a: Ursaluna|atk|1\n|move|p2a: Ursaluna|Heavy Slam|p1a: Landorus\n|-damage|p1a: Landorus|83\/100\n|-damage|p2a: Ursaluna|84\/100|[from] item: Rocky Helmet|[of] p1a: Landorus\n|\n|-status|p2a: Ursaluna|brn|[from] item: Flame Orb\n|upkeep\n|turn|4\n|\n|t:|1700262751\n|switch|p1a: Calyrex|Calyrex-Shadow|57\/100\n|-ability|p1a: Calyrex|As One\n|-ability|p1a: Calyrex|Unnerve\n|move|p2a: Ursaluna|Facade|p1a: Calyrex\n|-immune|p1a: Calyrex\n|\n|-damage|p2a: Ursaluna|78\/100 brn|[from] brn\n|upkeep\n|turn|5\n|\n|t:|1700262761\n|switch|p2a: Ceruledge|Ceruledge, M|100\/100\n|move|p1a: Calyrex|Grass Knot|p2a: Ceruledge\n|-resisted|p2a: Ceruledge\n|-damage|p2a: Ceruledge|82\/100\n|\n|-fieldend|move: Trick Room\n|upkeep\n|turn|6\n|\n|t:|1700262770\n|switch|p1a: Koraidon|Koraidon|100\/100\n|-weather|SunnyDay|[from] ability: Orichalcum Pulse|[of] p1a: Koraidon\n|-activate|p1a: Koraidon|Orichalcum Pulse|[source]\n|move|p2a: Ceruledge|Shadow Sneak|p1a: Koraidon\n|-damage|p1a: Koraidon|81\/100\n|\n|-weather|SunnyDay|[upkeep]\n|upkeep\n|turn|7\n|\n|t:|1700262777\n|move|p1a: Koraidon|Scale Shot|p2a: Ceruledge\n|-damage|p2a: Ceruledge|60\/100\n|-ability|p2a: Ceruledge|Weak Armor|boost\n|-unboost|p2a: Ceruledge|def|1\n|-boost|p2a: Ceruledge|spe|2\n|-damage|p2a: Ceruledge|27\/100\n|-ability|p2a: Ceruledge|Weak Armor|boost\n|-unboost|p2a: Ceruledge|def|1\n|-boost|p2a: Ceruledge|spe|2\n|-damage|p2a: Ceruledge|0 fnt\n|faint|p2a: Ceruledge\n|-hitcount|p2: Ceruledge|3\n|-unboost|p1a: Koraidon|def|1\n|-boost|p1a: Koraidon|spe|1\n|\n|-weather|SunnyDay|[upkeep]\n|upkeep\n|\n|t:|1700262786\n|switch|p2a: Mimikyu|Mimikyu, F|100\/100\n|turn|8\n|j| Future king of ou\n|c| Future king of ou|Sus\n|inactive|pokemon tax agency has 120 seconds left.\n|c|\u2606pokemon tax agency|hello\n|\n|t:|1700262821\n|switch|p1a: Landorus|Landorus-Therian, M|83\/100\n|-ability|p1a: Landorus|Intimidate|boost\n|-unboost|p2a: Mimikyu|atk|1\n|move|p2a: Mimikyu|Trick Room|p2a: Mimikyu\n|-fieldstart|move: Trick Room|[of] p2a: Mimikyu\n|\n|-weather|SunnyDay|[upkeep]\n|upkeep\n|turn|9\n|\n|t:|1700262828\n|switch|p2a: Ursaluna|Ursaluna, F|78\/100 brn\n|move|p1a: Landorus|Stealth Rock|p2a: Ursaluna\n|-sidestart|p2: DankieDanko|move: Stealth Rock\n|\n|-weather|SunnyDay|[upkeep]\n|-damage|p2a: Ursaluna|72\/100 brn|[from] brn\n|upkeep\n|turn|10\n|\n|t:|1700262841\n|switch|p1a: Calyrex|Calyrex-Shadow|57\/100\n|-ability|p1a: Calyrex|As One\n|-ability|p1a: Calyrex|Unnerve\n|move|p2a: Ursaluna|Heavy Slam|p1a: Calyrex\n|-damage|p1a: Calyrex|0 fnt\n|faint|p1a: Calyrex\n|\n|-weather|none\n|-damage|p2a: Ursaluna|66\/100 brn|[from] brn\n|upkeep\n|\n|t:|1700262851\n|switch|p1a: Landorus|Landorus-Therian, M|83\/100\n|-ability|p1a: Landorus|Intimidate|boost\n|-unboost|p2a: Ursaluna|atk|1\n|turn|11\n|\n|t:|1700262856\n|move|p2a: Ursaluna|Facade|p1a: Landorus\n|-damage|p1a: Landorus|20\/100\n|-damage|p2a: Ursaluna|49\/100 brn|[from] item: Rocky Helmet|[of] p1a: Landorus\n|move|p1a: Landorus|Earthquake|p2a: Ursaluna\n|-damage|p2a: Ursaluna|13\/100 brn\n|\n|-damage|p2a: Ursaluna|7\/100 brn|[from] brn\n|upkeep\n|turn|12\n|\n|t:|1700262863\n|move|p2a: Ursaluna|Facade|p1a: Landorus\n|-damage|p1a: Landorus|0 fnt\n|-damage|p2a: Ursaluna|0 fnt|[from] item: Rocky Helmet|[of] p1a: Landorus\n|faint|p1a: Landorus\n|faint|p2a: Ursaluna\n|\n|-fieldend|move: Trick Room\n|upkeep\n|c| Future king of ou|If you put a buck in my cup \ud83d\udde3\ufe0f\n|c| Future king of ou|I will shut the fuck up \ud83d\udde3\ufe0f\n|inactive|pokemon tax agency has 120 seconds left.\n|c| Future king of ou|Lmao\n|c| Future king of ou|It's a funny song\n|inactive|pokemon tax agency has 90 seconds left.\n|\n|t:|1700262921\n|switch|p1a: Ting-Lu|Ting-Lu|100\/100\n|switch|p2a: Calyrex|Calyrex-Ice|100\/100\n|-ability|p2a: Calyrex|As One\n|-ability|p2a: Calyrex|Unnerve\n|-ability|p1a: Ting-Lu|Vessel of Ruin\n|-damage|p2a: Calyrex|76\/100|[from] Stealth Rock\n|turn|13\n|\n|t:|1700262924\n|move|p1a: Ting-Lu|Taunt|p2a: Calyrex\n|-start|p2a: Calyrex|move: Taunt\n|cant|p2a: Calyrex|move: Taunt|Trick Room\n|\n|upkeep\n|turn|14\n|\n|t:|1700262928\n|switch|p1a: Arceus|Arceus-Fairy|100\/100\n|move|p2a: Calyrex|Glacial Lance|p1a: Arceus\n|-damage|p1a: Arceus|42\/100\n|\n|upkeep\n|turn|15\n|\n|t:|1700262937\n|switch|p2a: Heatran|Heatran, M|100\/100\n|-damage|p2a: Heatran|88\/100|[from] Stealth Rock\n|move|p1a: Arceus|Judgment|p2a: Heatran\n|-resisted|p2a: Heatran\n|-damage|p2a: Heatran|75\/100\n|\n|upkeep\n|turn|16\n|inactive|pokemon tax agency has 120 seconds left.\n|\n|t:|1700262956\n|move|p1a: Arceus|Earth Power|p2a: Heatran\n|-supereffective|p2a: Heatran\n|-damage|p2a: Heatran|0 fnt\n|faint|p2a: Heatran\n|\n|upkeep\n|\n|t:|1700262965\n|switch|p2a: Calyrex|Calyrex-Ice|76\/100\n|-ability|p2a: Calyrex|As One\n|-ability|p2a: Calyrex|Unnerve\n|-damage|p2a: Calyrex|51\/100|[from] Stealth Rock\n|turn|17\n|\n|t:|1700262970\n|move|p1a: Arceus|Judgment|p2a: Calyrex\n|-damage|p2a: Calyrex|8\/100\n|move|p2a: Calyrex|Trick Room|p2a: Calyrex\n|-fieldstart|move: Trick Room|[of] p2a: Calyrex\n|\n|upkeep\n|turn|18\n|\n|t:|1700262975\n|-terastallize|p1a: Arceus|Water\n|move|p2a: Calyrex|Glacial Lance|p1a: Arceus\n|-resisted|p1a: Arceus\n|-damage|p1a: Arceus|15\/100\n|move|p1a: Arceus|Judgment|p2a: Calyrex\n|-damage|p2a: Calyrex|0 fnt\n|faint|p2a: Calyrex\n|\n|upkeep\n|\n|t:|1700262980\n|switch|p2a: Mimikyu|Mimikyu, F|100\/100\n|-damage|p2a: Mimikyu|88\/100|[from] Stealth Rock\n|turn|19\n|\n|t:|1700262983\n|move|p2a: Mimikyu|Play Rough|p1a: Arceus\n|-damage|p1a: Arceus|0 fnt\n|faint|p1a: Arceus\n|-damage|p2a: Mimikyu|78\/100|[from] item: Life Orb\n|\n|upkeep\n|\n|t:|1700262986\n|switch|p1a: Arceus|Arceus|100\/100\n|turn|20\n|\n|t:|1700262988\n|move|p2a: Mimikyu|Will-O-Wisp|p1a: Arceus\n|-status|p1a: Arceus|brn\n|move|p1a: Arceus|Shadow Claw|p2a: Mimikyu\n|-activate|p2a: Mimikyu|ability: Disguise\n|-damage|p2a: Mimikyu|78\/100\n|detailschange|p2a: Mimikyu|Mimikyu-Busted, F\n|-damage|p2a: Mimikyu|66\/100|[from] pokemon: Mimikyu-Busted\n|\n|-damage|p1a: Arceus|94\/100 brn|[from] brn\n|upkeep\n|turn|21\n|\n|t:|1700262994\n|move|p2a: Mimikyu|Play Rough|p1a: Arceus\n|-damage|p1a: Arceus|65\/100 brn\n|-unboost|p1a: Arceus|atk|1\n|-damage|p2a: Mimikyu|56\/100|[from] item: Life Orb\n|move|p1a: Arceus|Shadow Claw|p2a: Mimikyu\n|-supereffective|p2a: Mimikyu\n|-crit|p2a: Mimikyu\n|-damage|p2a: Mimikyu|8\/100\n|\n|-damage|p1a: Arceus|59\/100 brn|[from] brn\n|-fieldend|move: Trick Room\n|upkeep\n|turn|22\n|\n|t:|1700263013\n|move|p1a: Arceus|Shadow Claw|p2a: Mimikyu\n|-supereffective|p2a: Mimikyu\n|-damage|p2a: Mimikyu|0 fnt\n|faint|p2a: Mimikyu\n|\n|win|pokemon tax agency\n|raw|pokemon tax agency's rating: 1662 &rarr; <strong>1683<\/strong><br \/>(+21 for winning)\n|raw|DankieDanko's rating: 1683 &rarr; <strong>1662<\/strong><br \/>(-21 for losing)\n","uploadtime":1700262882,"views":13,"p1id":"pokemontaxagency","p2id":"dankiedanko","formatid":"gen9anythinggoes","rating":1662,"private":0,"password":""}