{"id":"gen9anythinggoes-1999207650","p1":"blizteffec","p2":"RollingPearl","format":"[Gen 9] Anything Goes","log":"|j|\u2606blizteffec\n|j|\u2606RollingPearl\n|t:|1701045500\n|gametype|singles\n|player|p1|blizteffec|medium|1265\n|player|p2|RollingPearl|pokemonbreederf-gen4|1320\n|teamsize|p1|6\n|teamsize|p2|6\n|gen|9\n|tier|[Gen 9] Anything Goes\n|rated|\n|rule|HP Percentage Mod: HP is shown in percentages\n|rule|Endless Battle Clause: Forcing endless battles is banned\n|clearpoke\n|poke|p1|Oranguru, M|\n|poke|p1|Skeledirge, M|\n|poke|p1|Forretress, F|\n|poke|p1|Clodsire, M|\n|poke|p1|Azumarill, F|\n|poke|p1|Appletun, M|\n|poke|p2|Orthworm, F|\n|poke|p2|Dachsbun, M|\n|poke|p2|Polteageist|\n|poke|p2|Garganacl, F|\n|poke|p2|Meowscarada, F|\n|poke|p2|Morpeko, M|\n|teampreview\n|inactive|Battle timer is ON: inactive players will automatically lose when time's up. (requested by RollingPearl)\n|\n|t:|1701045512\n|start\n|switch|p1a: Vicky|Forretress, F|100\/100\n|switch|p2a: Doppio|Morpeko, M|100\/100\n|turn|1\n|\n|t:|1701045522\n|move|p2a: Doppio|Taunt|p1a: Vicky\n|-start|p1a: Vicky|move: Taunt\n|cant|p1a: Vicky|move: Taunt|Stealth Rock\n|\n|-formechange|p2a: Doppio|Morpeko-Hangry||[from] ability: Hunger Switch\n|upkeep\n|turn|2\n|c|\u2606blizteffec|dang it\n|\n|t:|1701045529\n|move|p2a: Doppio|Aura Wheel|p1a: Vicky\n|-damage|p1a: Vicky|66\/100\n|-boost|p2a: Doppio|spe|1\n|-damage|p2a: Doppio|91\/100|[from] item: Life Orb\n|move|p1a: Vicky|Body Press|p2a: Doppio\n|-supereffective|p2a: Doppio\n|-damage|p2a: Doppio|0 fnt\n|faint|p2a: Doppio\n|\n|upkeep\n|\n|t:|1701045548\n|switch|p2a: minecraft|Garganacl, F|100\/100\n|turn|3\n|\n|t:|1701045553\n|-terastallize|p2a: minecraft|Ghost\n|move|p2a: minecraft|Salt Cure|p1a: Vicky\n|-damage|p1a: Vicky|58\/100\n|-start|p1a: Vicky|Salt Cure\n|move|p1a: Vicky|Body Press|p2a: minecraft\n|-immune|p2a: minecraft\n|\n|-damage|p1a: Vicky|34\/100|[from] Salt Cure\n|-end|p1a: Vicky|move: Taunt\n|upkeep\n|turn|4\n|\n|t:|1701045569\n|move|p2a: minecraft|Earthquake|p1a: Vicky\n|-damage|p1a: Vicky|21\/100\n|move|p1a: Vicky|Stealth Rock|p2a: minecraft\n|-sidestart|p2: RollingPearl|move: Stealth Rock\n|\n|-damage|p1a: Vicky|0 fnt|[from] Salt Cure\n|faint|p1a: Vicky\n|upkeep\n|\n|t:|1701045592\n|switch|p1a: Cantaloupe|Oranguru, M, shiny|100\/100\n|turn|5\n|\n|t:|1701045599\n|move|p2a: minecraft|Salt Cure|p1a: Cantaloupe\n|-damage|p1a: Cantaloupe|86\/100\n|-start|p1a: Cantaloupe|Salt Cure\n|move|p1a: Cantaloupe|Trick Room|p1a: Cantaloupe\n|-fieldstart|move: Trick Room|[of] p1a: Cantaloupe\n|\n|-damage|p1a: Cantaloupe|74\/100|[from] Salt Cure\n|upkeep\n|turn|6\n|c|\u2606blizteffec|wait no ohhhh nooo im stupid\n|\n|t:|1701045613\n|switch|p1a: Brownie|Clodsire, M|100\/100\n|move|p2a: minecraft|Earthquake|p1a: Brownie\n|-supereffective|p1a: Brownie\n|-damage|p1a: Brownie|50\/100\n|\n|-heal|p1a: Brownie|57\/100|[from] item: Leftovers\n|upkeep\n|turn|7\n|\n|t:|1701045622\n|move|p1a: Brownie|Recover|p1a: Brownie\n|-heal|p1a: Brownie|100\/100\n|move|p2a: minecraft|Salt Cure|p1a: Brownie\n|-resisted|p1a: Brownie\n|-damage|p1a: Brownie|93\/100\n|-start|p1a: Brownie|Salt Cure\n|\n|-heal|p1a: Brownie|99\/100|[from] item: Leftovers\n|-damage|p1a: Brownie|87\/100|[from] Salt Cure\n|upkeep\n|turn|8\n|\n|t:|1701045632\n|move|p1a: Brownie|Curse|p1a: Brownie\n|-unboost|p1a: Brownie|spe|1\n|-boost|p1a: Brownie|atk|1\n|-boost|p1a: Brownie|def|1\n|move|p2a: minecraft|Earthquake|p1a: Brownie\n|-supereffective|p1a: Brownie\n|-damage|p1a: Brownie|54\/100\n|\n|-heal|p1a: Brownie|60\/100|[from] item: Leftovers\n|-damage|p1a: Brownie|47\/100|[from] Salt Cure\n|upkeep\n|turn|9\n|\n|t:|1701045643\n|move|p1a: Brownie|Earthquake|p2a: minecraft\n|-damage|p2a: minecraft|76\/100\n|move|p2a: minecraft|Earthquake|p1a: Brownie\n|-supereffective|p1a: Brownie\n|-damage|p1a: Brownie|15\/100\n|\n|-heal|p1a: Brownie|21\/100|[from] item: Leftovers\n|-heal|p2a: minecraft|82\/100|[from] item: Leftovers\n|-damage|p1a: Brownie|9\/100|[from] Salt Cure\n|-fieldend|move: Trick Room\n|upkeep\n|turn|10\n|\n|t:|1701045656\n|move|p2a: minecraft|Earthquake|p1a: Brownie\n|-supereffective|p1a: Brownie\n|-damage|p1a: Brownie|0 fnt\n|faint|p1a: Brownie\n|\n|-heal|p2a: minecraft|88\/100|[from] item: Leftovers\n|upkeep\n|\n|t:|1701045661\n|switch|p1a: Coconut|Skeledirge, M|100\/100\n|turn|11\n|\n|t:|1701045671\n|move|p1a: Coconut|Shadow Ball|p2a: minecraft\n|-supereffective|p2a: minecraft\n|-damage|p2a: minecraft|59\/100\n|move|p2a: minecraft|Earthquake|p1a: Coconut\n|-supereffective|p1a: Coconut\n|-damage|p1a: Coconut|61\/100\n|\n|-heal|p2a: minecraft|65\/100|[from] item: Leftovers\n|upkeep\n|turn|12\n|\n|t:|1701045681\n|move|p1a: Coconut|Torch Song|p2a: minecraft\n|-damage|p2a: minecraft|37\/100\n|-boost|p1a: Coconut|spa|1\n|move|p2a: minecraft|Salt Cure|p1a: Coconut\n|-supereffective|p1a: Coconut\n|-damage|p1a: Coconut|38\/100\n|-start|p1a: Coconut|Salt Cure\n|\n|-heal|p2a: minecraft|44\/100|[from] item: Leftovers\n|-damage|p1a: Coconut|26\/100|[from] Salt Cure\n|upkeep\n|turn|13\n|\n|t:|1701045693\n|move|p1a: Coconut|Slack Off|p1a: Coconut\n|-heal|p1a: Coconut|76\/100\n|move|p2a: minecraft|Recover|p2a: minecraft\n|-heal|p2a: minecraft|94\/100\n|\n|-heal|p2a: minecraft|99\/100|[from] item: Leftovers\n|-damage|p1a: Coconut|64\/100|[from] Salt Cure\n|upkeep\n|turn|14\n|\n|t:|1701045703\n|move|p1a: Coconut|Shadow Ball|p2a: minecraft\n|-supereffective|p2a: minecraft\n|-damage|p2a: minecraft|56\/100\n|move|p2a: minecraft|Earthquake|p1a: Coconut\n|-supereffective|p1a: Coconut\n|-damage|p1a: Coconut|26\/100\n|\n|-heal|p2a: minecraft|62\/100|[from] item: Leftovers\n|-damage|p1a: Coconut|14\/100|[from] Salt Cure\n|upkeep\n|turn|15\n|\n|t:|1701045716\n|move|p1a: Coconut|Slack Off|p1a: Coconut\n|-heal|p1a: Coconut|64\/100\n|move|p2a: minecraft|Earthquake|p1a: Coconut\n|-supereffective|p1a: Coconut\n|-damage|p1a: Coconut|29\/100\n|\n|-heal|p2a: minecraft|69\/100|[from] item: Leftovers\n|-damage|p1a: Coconut|16\/100|[from] Salt Cure\n|upkeep\n|turn|16\n|\n|t:|1701045728\n|move|p1a: Coconut|Slack Off|p1a: Coconut\n|-heal|p1a: Coconut|66\/100\n|move|p2a: minecraft|Earthquake|p1a: Coconut\n|-supereffective|p1a: Coconut\n|-damage|p1a: Coconut|28\/100\n|\n|-heal|p2a: minecraft|75\/100|[from] item: Leftovers\n|-damage|p1a: Coconut|16\/100|[from] Salt Cure\n|upkeep\n|turn|17\n|\n|t:|1701045739\n|move|p1a: Coconut|Shadow Ball|p2a: minecraft\n|-supereffective|p2a: minecraft\n|-damage|p2a: minecraft|33\/100\n|move|p2a: minecraft|Earthquake|p1a: Coconut\n|-supereffective|p1a: Coconut\n|-damage|p1a: Coconut|0 fnt\n|faint|p1a: Coconut\n|\n|-heal|p2a: minecraft|39\/100|[from] item: Leftovers\n|upkeep\n|\n|t:|1701045753\n|switch|p1a: Eggy|Azumarill, F|100\/100\n|turn|18\n|\n|t:|1701045761\n|switch|p2a: Chanchi\u2661|Meowscarada, F|100\/100\n|-damage|p2a: Chanchi\u2661|88\/100|[from] Stealth Rock\n|move|p1a: Eggy|Tickle|p2a: Chanchi\u2661\n|-unboost|p2a: Chanchi\u2661|atk|1\n|-unboost|p2a: Chanchi\u2661|def|1\n|\n|upkeep\n|turn|19\n|\n|t:|1701045770\n|switch|p1a: Applesauce|Appletun, M|100\/100\n|move|p2a: Chanchi\u2661|Flower Trick|p1a: Applesauce\n|-start|p2a: Chanchi\u2661|typechange|Grass|[from] ability: Protean\n|-resisted|p1a: Applesauce\n|-crit|p1a: Applesauce\n|-damage|p1a: Applesauce|88\/100\n|-damage|p2a: Chanchi\u2661|78\/100|[from] item: Life Orb\n|\n|upkeep\n|turn|20\n|\n|t:|1701045781\n|move|p2a: Chanchi\u2661|U-turn|p1a: Applesauce\n|-supereffective|p1a: Applesauce\n|-damage|p1a: Applesauce|57\/100\n|-damage|p2a: Chanchi\u2661|68\/100|[from] item: Life Orb\n|\n|t:|1701045786\n|switch|p2a: Bachicha|Dachsbun, M|100\/100|[from] U-turn\n|move|p1a: Applesauce|Dragon Pulse|p2a: Bachicha\n|-immune|p2a: Bachicha\n|\n|upkeep\n|turn|21\n|\n|t:|1701045802\n|switch|p1a: Cantaloupe|Oranguru, M, shiny|74\/100\n|move|p2a: Bachicha|Play Rough|p1a: Cantaloupe\n|-damage|p1a: Cantaloupe|48\/100\n|\n|upkeep\n|turn|22\n|\n|t:|1701045816\n|move|p2a: Bachicha|Wish|p2a: Bachicha\n|move|p1a: Cantaloupe|Psychic|p2a: Bachicha\n|-damage|p2a: Bachicha|62\/100\n|\n|upkeep\n|turn|23\n|\n|t:|1701045832\n|switch|p2a: minecraft|Garganacl, F, tera:Ghost|39\/100\n|-damage|p2a: minecraft|26\/100|[from] Stealth Rock\n|move|p1a: Cantaloupe|Psychic|p2a: minecraft\n|-damage|p2a: minecraft|4\/100\n|\n|-heal|p2a: minecraft|44\/100|[from] move: Wish|[wisher] Bachicha\n|-heal|p2a: minecraft|50\/100|[from] item: Leftovers\n|upkeep\n|turn|24\n|\n|t:|1701045845\n|move|p1a: Cantaloupe|Psychic|p2a: minecraft\n|-damage|p2a: minecraft|29\/100\n|move|p2a: minecraft|Recover|p2a: minecraft\n|-heal|p2a: minecraft|79\/100\n|\n|-heal|p2a: minecraft|85\/100|[from] item: Leftovers\n|upkeep\n|turn|25\n|\n|t:|1701045853\n|switch|p1a: Applesauce|Appletun, M|57\/100\n|move|p2a: minecraft|Salt Cure|p1a: Applesauce\n|-damage|p1a: Applesauce|45\/100\n|-start|p1a: Applesauce|Salt Cure\n|\n|-heal|p2a: minecraft|91\/100|[from] item: Leftovers\n|-damage|p1a: Applesauce|33\/100|[from] Salt Cure\n|upkeep\n|turn|26\n|\n|t:|1701045865\n|move|p2a: minecraft|Body Press|p1a: Applesauce\n|-damage|p1a: Applesauce|12\/100\n|-enditem|p1a: Applesauce|Aguav Berry|[eat]\n|-heal|p1a: Applesauce|45\/100|[from] item: Aguav Berry\n|move|p1a: Applesauce|Leech Seed|p2a: minecraft\n|-start|p2a: minecraft|move: Leech Seed\n|\n|-heal|p2a: minecraft|97\/100|[from] item: Leftovers\n|-damage|p2a: minecraft|85\/100|[from] Leech Seed|[of] p1a: Applesauce\n|-heal|p1a: Applesauce|59\/100|[silent]\n|-damage|p1a: Applesauce|46\/100|[from] Salt Cure\n|upkeep\n|turn|27\n|\n|t:|1701045877\n|move|p2a: minecraft|Body Press|p1a: Applesauce\n|-damage|p1a: Applesauce|23\/100\n|move|p1a: Applesauce|Recover|p1a: Applesauce\n|-heal|p1a: Applesauce|73\/100\n|\n|-heal|p2a: minecraft|91\/100|[from] item: Leftovers\n|-damage|p2a: minecraft|79\/100|[from] Leech Seed|[of] p1a: Applesauce\n|-heal|p1a: Applesauce|87\/100|[silent]\n|-damage|p1a: Applesauce|75\/100|[from] Salt Cure\n|upkeep\n|turn|28\n|\n|t:|1701045891\n|switch|p2a: Bachicha|Dachsbun, M|62\/100\n|move|p1a: Applesauce|Apple Acid|p2a: Bachicha\n|-damage|p2a: Bachicha|26\/100\n|-unboost|p2a: Bachicha|spd|1\n|\n|-damage|p1a: Applesauce|62\/100|[from] Salt Cure\n|upkeep\n|turn|29\n|\n|t:|1701045901\n|switch|p1a: Cantaloupe|Oranguru, M, shiny|48\/100\n|move|p2a: Bachicha|Play Rough|p1a: Cantaloupe|[miss]\n|-miss|p2a: Bachicha|p1a: Cantaloupe\n|\n|upkeep\n|turn|30\n|\n|t:|1701045909\n|move|p2a: Bachicha|Wish|p2a: Bachicha\n|move|p1a: Cantaloupe|Psychic|p2a: Bachicha\n|-damage|p2a: Bachicha|0 fnt\n|faint|p2a: Bachicha\n|\n|upkeep\n|\n|t:|1701045922\n|switch|p2a: Chanchi\u2661|Meowscarada, F|68\/100\n|-damage|p2a: Chanchi\u2661|56\/100|[from] Stealth Rock\n|turn|31\n|\n|t:|1701045933\n|move|p2a: Chanchi\u2661|Play Rough|p1a: Cantaloupe\n|-start|p2a: Chanchi\u2661|typechange|Fairy|[from] ability: Protean\n|-damage|p1a: Cantaloupe|0 fnt\n|faint|p1a: Cantaloupe\n|-damage|p2a: Chanchi\u2661|46\/100|[from] item: Life Orb\n|\n|-heal|p2a: Chanchi\u2661|100\/100|[from] move: Wish|[wisher] Bachicha\n|upkeep\n|\n|t:|1701045946\n|switch|p1a: Eggy|Azumarill, F|100\/100\n|turn|32\n|\n|t:|1701045954\n|-terastallize|p1a: Eggy|Fairy\n|move|p2a: Chanchi\u2661|Flower Trick|p1a: Eggy\n|-crit|p1a: Eggy\n|-damage|p1a: Eggy|64\/100\n|-damage|p2a: Chanchi\u2661|91\/100|[from] item: Life Orb\n|move|p1a: Eggy|Play Rough|p2a: Chanchi\u2661\n|-damage|p2a: Chanchi\u2661|13\/100\n|\n|upkeep\n|turn|33\n|\n|t:|1701045967\n|move|p2a: Chanchi\u2661|Knock Off|p1a: Eggy\n|-resisted|p1a: Eggy\n|-damage|p1a: Eggy|47\/100\n|-enditem|p1a: Eggy|Sitrus Berry|[from] move: Knock Off|[of] p2a: Chanchi\u2661\n|-damage|p2a: Chanchi\u2661|4\/100|[from] item: Life Orb\n|move|p1a: Eggy|Liquidation|p2a: Chanchi\u2661\n|-damage|p2a: Chanchi\u2661|0 fnt\n|faint|p2a: Chanchi\u2661\n|\n|upkeep\n|\n|t:|1701045984\n|switch|p2a: Lola lombriz|Orthworm, F|100\/100\n|-damage|p2a: Lola lombriz|94\/100|[from] Stealth Rock\n|turn|34\n|\n|t:|1701045990\n|move|p2a: Lola lombriz|Iron Head|p1a: Eggy\n|-supereffective|p1a: Eggy\n|-crit|p1a: Eggy\n|-damage|p1a: Eggy|0 fnt\n|faint|p1a: Eggy\n|\n|upkeep\n|\n|t:|1701045995\n|switch|p1a: Applesauce|Appletun, M|62\/100\n|turn|35\n|\n|t:|1701046000\n|move|p2a: Lola lombriz|Shed Tail|p2a: Lola lombriz\n|-start|p2a: Lola lombriz|Substitute|[from] move: Shed Tail\n|-damage|p2a: Lola lombriz|44\/100\n|-enditem|p2a: Lola lombriz|Sitrus Berry|[eat]\n|-heal|p2a: Lola lombriz|69\/100|[from] item: Sitrus Berry\n|\n|t:|1701046005\n|switch|p2a: Tecito|Polteageist|100\/100|[from] Shed Tail\n|-damage|p2a: Tecito|88\/100|[from] Stealth Rock\n|move|p1a: Applesauce|Apple Acid|p2a: Tecito\n|-activate|p2a: Tecito|move: Substitute|[damage]\n|\n|upkeep\n|turn|36\n|\n|t:|1701046014\n|move|p2a: Tecito|Shell Smash|p2a: Tecito\n|-unboost|p2a: Tecito|def|1\n|-unboost|p2a: Tecito|spd|1\n|-boost|p2a: Tecito|atk|2\n|-boost|p2a: Tecito|spa|2\n|-boost|p2a: Tecito|spe|2\n|move|p1a: Applesauce|Apple Acid|p2a: Tecito\n|-end|p2a: Tecito|Substitute\n|\n|upkeep\n|turn|37\n|\n|t:|1701046025\n|move|p2a: Tecito|Stored Power|p1a: Applesauce\n|-damage|p1a: Applesauce|0 fnt\n|faint|p1a: Applesauce\n|\n|win|RollingPearl\n|raw|blizteffec's rating: 1265 &rarr; <strong>1244<\/strong><br \/>(-21 for losing)\n|raw|RollingPearl's rating: 1320 &rarr; <strong>1337<\/strong><br \/>(+17 for winning)\n|c|\u2606blizteffec|gg\n|c|\u2606RollingPearl|gg\n|l|\u2606blizteffec\n","uploadtime":1701046040,"views":0,"p1id":"blizteffec","p2id":"rollingpearl","formatid":"gen9anythinggoes","rating":1244,"private":0,"password":""}