{"id":"gen9anythinggoes-1999062673","p1":"intheskys","p2":"Guest 4633522","format":"[Gen 9] Anything Goes","log":"|j|\u2606intheskys\n|j|\u203dGuest 4633522\n|t:|1701029151\n|gametype|singles\n|player|p1|intheskys|266|1280\n|player|p2|Guest 4633522|265|1248\n|teamsize|p1|6\n|teamsize|p2|6\n|gen|9\n|tier|[Gen 9] Anything Goes\n|rated|\n|rule|HP Percentage Mod: HP is shown in percentages\n|rule|Endless Battle Clause: Forcing endless battles is banned\n|clearpoke\n|poke|p1|Delibird, F|\n|poke|p1|Garganacl, F|\n|poke|p1|Palafin, F|\n|poke|p1|Toedscruel, F|\n|poke|p1|Gallade, M|\n|poke|p1|Chien-Pao|\n|poke|p2|Annihilape, M|\n|poke|p2|Annihilape, M|\n|poke|p2|Kingambit, F|\n|poke|p2|Annihilape, F|\n|poke|p2|Annihilape, M|\n|poke|p2|Calyrex-Shadow|\n|teampreview\n|inactive|Battle timer is ON: inactive players will automatically lose when time's up. (requested by intheskys)\n|\n|t:|1701029167\n|start\n|switch|p1a: Palafin|Palafin, F|100\/100\n|switch|p2a: Annihilape|Annihilape, F|100\/100\n|turn|1\n|\n|t:|1701029173\n|detailschange|p1a: Palafin|Palafin-Hero, F\n|switch|p1a: Garganacl|Garganacl, F|100\/100\n|move|p2a: Annihilape|Stealth Rock|p1a: Garganacl\n|-sidestart|p1: intheskys|move: Stealth Rock\n|\n|upkeep\n|turn|2\n|\n|t:|1701029188\n|move|p2a: Annihilape|Final Gambit|p1a: Garganacl\n|-damage|p1a: Garganacl|0 fnt\n|faint|p2a: Annihilape\n|faint|p1a: Garganacl\n|\n|upkeep\n|\n|t:|1701029197\n|switch|p2a: Annihilape|Annihilape, M|100\/100\n|switch|p1a: Toedscruel|Toedscruel, F|100\/100\n|-damage|p1a: Toedscruel|94\/100|[from] Stealth Rock\n|turn|3\n|\n|t:|1701029206\n|move|p2a: Annihilape|Final Gambit|p1a: Toedscruel\n|-damage|p1a: Toedscruel|0 fnt\n|faint|p2a: Annihilape\n|faint|p1a: Toedscruel\n|\n|upkeep\n|\n|t:|1701029221\n|switch|p2a: Annihilape|Annihilape, M|100\/100\n|switch|p1a: Gallade|Gallade, M|100\/100\n|-damage|p1a: Gallade|94\/100|[from] Stealth Rock\n|turn|4\n|\n|t:|1701029231\n|move|p2a: Annihilape|Final Gambit|p1a: Gallade\n|-damage|p1a: Gallade|0 fnt\n|faint|p2a: Annihilape\n|faint|p1a: Gallade\n|\n|upkeep\n|\n|t:|1701029247\n|switch|p2a: Annihilape|Annihilape, M|100\/100\n|switch|p1a: Chien-Pao|Chien-Pao|100\/100\n|-damage|p1a: Chien-Pao|76\/100|[from] Stealth Rock\n|-ability|p1a: Chien-Pao|Sword of Ruin\n|turn|5\n|\n|t:|1701029254\n|move|p1a: Chien-Pao|Ice Shard|p2a: Annihilape\n|-damage|p2a: Annihilape|77\/100\n|move|p2a: Annihilape|Close Combat|p1a: Chien-Pao\n|-supereffective|p1a: Chien-Pao\n|-damage|p1a: Chien-Pao|0 fnt\n|-unboost|p2a: Annihilape|def|1\n|-unboost|p2a: Annihilape|spd|1\n|faint|p1a: Chien-Pao\n|\n|upkeep\n|\n|t:|1701029264\n|switch|p1a: Palafin|Palafin-Hero, F|100\/100\n|-damage|p1a: Palafin|88\/100|[from] Stealth Rock\n|-activate|p1a: Palafin|ability: Zero to Hero\n|turn|6\n|\n|t:|1701029267\n|-terastallize|p1a: Palafin|Water\n|move|p1a: Palafin|Jet Punch|p2a: Annihilape\n|-damage|p2a: Annihilape|0 fnt\n|faint|p2a: Annihilape\n|\n|upkeep\n|\n|t:|1701029274\n|switch|p2a: Calyrex|Calyrex-Shadow|100\/100\n|-ability|p2a: Calyrex|As One\n|-ability|p2a: Calyrex|Unnerve\n|turn|7\n|\n|t:|1701029281\n|move|p1a: Palafin|Jet Punch|p2a: Calyrex\n|-damage|p2a: Calyrex|7\/100\n|move|p2a: Calyrex|Astral Barrage|p1a: Palafin\n|-damage|p1a: Palafin|10\/100\n|\n|upkeep\n|turn|8\n|\n|t:|1701029288\n|move|p1a: Palafin|Jet Punch|p2a: Calyrex\n|-damage|p2a: Calyrex|0 fnt\n|faint|p2a: Calyrex\n|\n|upkeep\n|\n|t:|1701029289\n|switch|p2a: Kingambit|Kingambit, F|100\/100\n|-activate|p2a: Kingambit|ability: Supreme Overlord\n|-start|p2a: Kingambit|fallen5|[silent]\n|turn|9\n|\n|t:|1701029297\n|-terastallize|p2a: Kingambit|Dark\n|move|p1a: Palafin|Jet Punch|p2a: Kingambit\n|-damage|p2a: Kingambit|51\/100\n|move|p2a: Kingambit|Kowtow Cleave|p1a: Palafin\n|-damage|p1a: Palafin|0 fnt\n|faint|p1a: Palafin\n|\n|upkeep\n|\n|t:|1701029303\n|switch|p1a: Delibird|Delibird, F|100\/100\n|-damage|p1a: Delibird|51\/100|[from] Stealth Rock\n|turn|10\n|\n|t:|1701029314\n|move|p1a: Delibird|Destiny Bond|p1a: Delibird\n|-singlemove|p1a: Delibird|Destiny Bond\n|move|p2a: Kingambit|Kowtow Cleave|p1a: Delibird\n|-damage|p1a: Delibird|0 fnt\n|faint|p1a: Delibird\n|-activate|p1a: Delibird|move: Destiny Bond\n|faint|p2a: Kingambit\n|-end|p2a: Kingambit|fallen5|[silent]\n|\n|win|Guest 4633522\n|raw|intheskys's rating: 1280 &rarr; <strong>1255<\/strong><br \/>(-25 for losing)\n|raw|Guest 4633522's rating: 1279 &rarr; <strong>1304<\/strong><br \/>(+25 for winning)\n|l|\u2606intheskys\n","uploadtime":1701029355,"views":0,"p1id":"intheskys","p2id":"guest4633522","formatid":"gen9anythinggoes","rating":1255,"private":0,"password":""}