{"id":"gen9anythinggoes-1992117964","p1":"jjk stand","p2":"Gdaruma","format":"[Gen 9] Anything Goes","log":"|j|\u203djjk stand\n|j|\u203dGdaruma\n|t:|1700156561\n|gametype|singles\n|player|p1|jjk stand|266|1040\n|player|p2|Gdaruma|grimsley|1013\n|teamsize|p1|6\n|teamsize|p2|6\n|gen|9\n|tier|[Gen 9] Anything Goes\n|rated|\n|rule|HP Percentage Mod: HP is shown in percentages\n|rule|Endless Battle Clause: Forcing endless battles is banned\n|clearpoke\n|poke|p1|Greninja-*, M|\n|poke|p1|Rayquaza|\n|poke|p1|Kingambit, M|\n|poke|p1|Charizard, M|\n|poke|p1|Rillaboom, F|\n|poke|p1|Thundurus-Therian, M|\n|poke|p2|Honchkrow, M|\n|poke|p2|Cinderace, F|\n|poke|p2|Sandslash, M|\n|poke|p2|Gengar, M|\n|poke|p2|Scizor, M|\n|poke|p2|Zangoose, M|\n|teampreview\n|\n|t:|1700156570\n|start\n|switch|p1a: Greninja|Greninja, M|100\/100\n|switch|p2a: Scizor|Scizor, M|100\/100\n|turn|1\n|\n|t:|1700156576\n|move|p1a: Greninja|Swords Dance|p1a: Greninja\n|-boost|p1a: Greninja|atk|2\n|move|p2a: Scizor|Trailblaze|p1a: Greninja\n|-supereffective|p1a: Greninja\n|-damage|p1a: Greninja|30\/100\n|-boost|p2a: Scizor|spe|1\n|\n|upkeep\n|turn|2\n|\n|t:|1700156584\n|move|p2a: Scizor|Bullet Punch|p1a: Greninja\n|-resisted|p1a: Greninja\n|-crit|p1a: Greninja\n|-damage|p1a: Greninja|0 fnt\n|faint|p1a: Greninja\n|\n|upkeep\n|\n|t:|1700156592\n|switch|p1a: Charizard|Charizard, M, shiny|100\/100\n|turn|3\n|\n|t:|1700156599\n|move|p2a: Scizor|Lunge|p1a: Charizard\n|-resisted|p1a: Charizard\n|-damage|p1a: Charizard|88\/100\n|-unboost|p1a: Charizard|atk|1\n|move|p1a: Charizard|Overheat|p2a: Scizor|[miss]\n|-miss|p1a: Charizard|p2a: Scizor\n|\n|upkeep\n|turn|4\n|\n|t:|1700156607\n|move|p2a: Scizor|Aerial Ace|p1a: Charizard\n|-damage|p1a: Charizard|49\/100\n|move|p1a: Charizard|Overheat|p2a: Scizor|[miss]\n|-miss|p1a: Charizard|p2a: Scizor\n|\n|upkeep\n|turn|5\n|\n|t:|1700156612\n|move|p2a: Scizor|Aerial Ace|p1a: Charizard\n|-damage|p1a: Charizard|14\/100\n|move|p1a: Charizard|Overheat|p2a: Scizor\n|-supereffective|p2a: Scizor\n|-damage|p2a: Scizor|0 fnt\n|-unboost|p1a: Charizard|spa|2\n|faint|p2a: Scizor\n|\n|upkeep\n|\n|t:|1700156622\n|switch|p2a: Honchkrow|Honchkrow, M|100\/100\n|turn|6\n|\n|t:|1700156628\n|switch|p1a: Thundurus|Thundurus-Therian, M, shiny|100\/100\n|move|p2a: Honchkrow|Night Slash|p1a: Thundurus\n|-crit|p1a: Thundurus\n|-damage|p1a: Thundurus|34\/100\n|\n|upkeep\n|turn|7\n|\n|t:|1700156635\n|move|p1a: Thundurus|Wildbolt Storm|p2a: Honchkrow\n|-supereffective|p2a: Honchkrow\n|-damage|p2a: Honchkrow|0 fnt\n|faint|p2a: Honchkrow\n|\n|upkeep\n|\n|t:|1700156642\n|switch|p2a: Sandslash|Sandslash, M|100\/100\n|turn|8\n|\n|t:|1700156646\n|move|p1a: Thundurus|Fly||[still]\n|-prepare|p1a: Thundurus|Fly\n|move|p2a: Sandslash|Body Slam|p1a: Thundurus|[miss]\n|-miss|p2a: Sandslash|p1a: Thundurus\n|\n|upkeep\n|turn|9\n|\n|t:|1700156652\n|move|p1a: Thundurus|Fly|p2a: Sandslash|[from]lockedmove|[miss]\n|-miss|p1a: Thundurus|p2a: Sandslash\n|move|p2a: Sandslash|Body Slam|p1a: Thundurus\n|-damage|p1a: Thundurus|4\/100\n|\n|upkeep\n|turn|10\n|\n|t:|1700156658\n|move|p1a: Thundurus|Fly||[still]\n|-prepare|p1a: Thundurus|Fly\n|move|p2a: Sandslash|Poison Jab|p1a: Thundurus|[miss]\n|-miss|p2a: Sandslash|p1a: Thundurus\n|\n|upkeep\n|turn|11\n|\n|t:|1700156662\n|move|p1a: Thundurus|Fly|p2a: Sandslash|[from]lockedmove\n|-damage|p2a: Sandslash|73\/100\n|-damage|p1a: Thundurus|0 fnt|[from] item: Rocky Helmet|[of] p2a: Sandslash\n|faint|p1a: Thundurus\n|move|p2a: Sandslash|Poison Jab|p1: Thundurus|[notarget]\n|-fail|p2a: Sandslash\n|\n|upkeep\n|\n|t:|1700156670\n|switch|p1a: Rillaboom|Rillaboom, F, shiny|100\/100\n|turn|12\n|\n|t:|1700156679\n|move|p1a: Rillaboom|Wood Hammer|p2a: Sandslash\n|-supereffective|p2a: Sandslash\n|-damage|p2a: Sandslash|1\/100\n|-damage|p1a: Rillaboom|84\/100|[from] item: Rocky Helmet|[of] p2a: Sandslash\n|-damage|p1a: Rillaboom|61\/100|[from] Recoil\n|move|p2a: Sandslash|Poison Jab|p1a: Rillaboom\n|-supereffective|p1a: Rillaboom\n|-damage|p1a: Rillaboom|6\/100\n|\n|upkeep\n|turn|13\n|\n|t:|1700156689\n|move|p1a: Rillaboom|Giga Drain|p2a: Sandslash\n|-supereffective|p2a: Sandslash\n|-damage|p2a: Sandslash|0 fnt\n|-heal|p1a: Rillaboom|6\/100|[from] drain|[of] p2a: Sandslash\n|faint|p2a: Sandslash\n|\n|upkeep\n|l|\u203dGdaruma\n|player|p2|\n|inactive|Battle timer is ON: inactive players will automatically lose when time's up. (requested by jjk stand)\n|j|\u203dGdaruma\n|inactive|Gdaruma reconnected and has 130 seconds left.\n|player|p2|Gdaruma|grimsley\n|n|\u203dGdaruma|gdaruma\n|inactive|Gdaruma has 120 seconds left.\n|\n|t:|1700156764\n|switch|p2a: Gengar|Gengar, M|100\/100\n|turn|14\n|\n|t:|1700156772\n|move|p2a: Gengar|Shadow Ball|p1a: Rillaboom\n|-damage|p1a: Rillaboom|0 fnt\n|faint|p1a: Rillaboom\n|\n|upkeep\n|\n|t:|1700156778\n|switch|p1a: Charizard|Charizard, M, shiny|14\/100\n|turn|15\n|\n|t:|1700156781\n|move|p2a: Gengar|Shadow Ball|p1a: Charizard\n|-damage|p1a: Charizard|0 fnt\n|faint|p1a: Charizard\n|\n|upkeep\n|\n|t:|1700156786\n|switch|p1a: Rayquaza|Rayquaza, shiny|100\/100\n|-ability|p1a: Rayquaza|Air Lock\n|turn|16\n|\n|t:|1700156792\n|move|p2a: Gengar|Dazzling Gleam|p1a: Rayquaza\n|-supereffective|p1a: Rayquaza\n|-damage|p1a: Rayquaza|42\/100\n|move|p1a: Rayquaza|Earthquake|p2a: Gengar\n|-supereffective|p2a: Gengar\n|-damage|p2a: Gengar|0 fnt\n|faint|p2a: Gengar\n|-damage|p1a: Rayquaza|32\/100|[from] item: Life Orb\n|\n|upkeep\n|\n|t:|1700156799\n|switch|p2a: Zangoose|Zangoose, M|100\/100\n|turn|17\n|\n|t:|1700156804\n|move|p2a: Zangoose|Shadow Claw|p1a: Rayquaza\n|-damage|p1a: Rayquaza|8\/100\n|move|p1a: Rayquaza|Draco Meteor|p2a: Zangoose\n|-damage|p2a: Zangoose|0 fnt\n|-unboost|p1a: Rayquaza|spa|2\n|faint|p2a: Zangoose\n|-damage|p1a: Rayquaza|0 fnt|[from] item: Life Orb\n|faint|p1a: Rayquaza\n|\n|upkeep\n|\n|t:|1700156814\n|switch|p2a: Cinderace|Cinderace, F|100\/100\n|switch|p1a: Kingambit|Kingambit, M, shiny|100\/100\n|-activate|p1a: Kingambit|ability: Supreme Overlord\n|-start|p1a: Kingambit|fallen5|[silent]\n|turn|18\n|\n|t:|1700156823\n|-terastallize|p1a: Kingambit|Dark\n|move|p2a: Cinderace|Pyro Ball|p1a: Kingambit\n|-damage|p1a: Kingambit|48\/100\n|move|p1a: Kingambit|Kowtow Cleave|p2a: Cinderace\n|-damage|p2a: Cinderace|0 fnt\n|faint|p2a: Cinderace\n|\n|win|jjk stand\n|raw|jjk stand's rating: 1040 &rarr; <strong>1071<\/strong><br \/>(+31 for winning)\n|raw|Gdaruma's rating: 1013 &rarr; <strong>1002<\/strong><br \/>(-11 for losing)\n|l|\u203dGdaruma\n","uploadtime":1700156834,"views":5,"p1id":"jjkstand","p2id":"gdaruma","formatid":"gen9anythinggoes","rating":1002,"private":0,"password":""}