{"id":"gen9anythinggoes-1995530056","p1":"SimpTonic","p2":"aboodj745","format":"[Gen 9] Anything Goes","log":"|j|\u2606SimpTonic\n|j|\u2606aboodj745\n|t:|1700580244\n|gametype|singles\n|player|p1|SimpTonic|2|1321\n|player|p2|aboodj745|hilbert|1339\n|teamsize|p1|6\n|teamsize|p2|6\n|gen|9\n|tier|[Gen 9] Anything Goes\n|rated|\n|rule|HP Percentage Mod: HP is shown in percentages\n|rule|Endless Battle Clause: Forcing endless battles is banned\n|clearpoke\n|poke|p1|Ursaluna, F|\n|poke|p1|Ursaluna, M|\n|poke|p1|Ursaluna, M|\n|poke|p1|Ursaluna-Bloodmoon, M|\n|poke|p1|Ursaluna-Bloodmoon, M|\n|poke|p1|Ursaluna-Bloodmoon, M|\n|poke|p2|Kingambit, F|\n|poke|p2|Ogerpon, F|\n|poke|p2|Corviknight, F|\n|poke|p2|Arceus-Ghost|\n|poke|p2|Glimmora, M|\n|poke|p2|Calyrex-Ice|\n|teampreview\n|inactive|Battle timer is ON: inactive players will automatically lose when time's up. (requested by aboodj745)\n|\n|t:|1700580267\n|start\n|switch|p1a: BEAR|Ursaluna-Bloodmoon, M|100\/100\n|switch|p2a: Glimmora|Glimmora, M|100\/100\n|turn|1\n|\n|t:|1700580274\n|move|p2a: Glimmora|Stealth Rock|p1a: BEAR\n|-sidestart|p1: SimpTonic|move: Stealth Rock\n|move|p1a: BEAR|Earth Power|p2a: Glimmora\n|-supereffective|p2a: Glimmora\n|-damage|p2a: Glimmora|0 fnt\n|faint|p2a: Glimmora\n|\n|upkeep\n|\n|t:|1700580281\n|switch|p2a: Corviknight|Corviknight, F|100\/100\n|turn|2\n|\n|t:|1700580301\n|switch|p1a: bear|Ursaluna-Bloodmoon, M|100\/100\n|-damage|p1a: bear|94\/100|[from] Stealth Rock\n|move|p2a: Corviknight|Light Screen|p2a: Corviknight\n|-sidestart|p2: aboodj745|move: Light Screen\n|\n|-heal|p1a: bear|100\/100|[from] item: Leftovers\n|upkeep\n|turn|3\n|\n|t:|1700580308\n|move|p2a: Corviknight|Tailwind|p2a: Corviknight\n|-sidestart|p2: aboodj745|move: Tailwind\n|move|p1a: bear|Calm Mind|p1a: bear\n|-boost|p1a: bear|spa|1\n|-boost|p1a: bear|spd|1\n|\n|upkeep\n|turn|4\n|\n|t:|1700580312\n|switch|p2a: Calyrex|Calyrex-Ice|100\/100\n|-ability|p2a: Calyrex|As One\n|-ability|p2a: Calyrex|Unnerve\n|move|p1a: bear|Calm Mind|p1a: bear\n|-boost|p1a: bear|spa|1\n|-boost|p1a: bear|spd|1\n|\n|upkeep\n|turn|5\n|\n|t:|1700580319\n|-terastallize|p1a: bear|Water\n|move|p2a: Calyrex|Encore|p1a: bear\n|-start|p1a: bear|Encore\n|move|p1a: bear|Calm Mind|p1a: bear\n|-boost|p1a: bear|spa|1\n|-boost|p1a: bear|spd|1\n|\n|upkeep\n|turn|6\n|\n|t:|1700580327\n|move|p2a: Calyrex|Substitute|p2a: Calyrex\n|-start|p2a: Calyrex|Substitute\n|-damage|p2a: Calyrex|75\/100\n|move|p1a: bear|Calm Mind|p1a: bear\n|-boost|p1a: bear|spa|1\n|-boost|p1a: bear|spd|1\n|\n|-heal|p2a: Calyrex|82\/100|[from] item: Leftovers\n|-sideend|p2: aboodj745|move: Light Screen\n|-sideend|p2: aboodj745|move: Tailwind\n|upkeep\n|turn|7\n|\n|t:|1700580332\n|move|p1a: bear|Calm Mind|p1a: bear\n|-boost|p1a: bear|spa|1\n|-boost|p1a: bear|spd|1\n|move|p2a: Calyrex|Swords Dance|p2a: Calyrex\n|-boost|p2a: Calyrex|atk|2\n|\n|-heal|p2a: Calyrex|88\/100|[from] item: Leftovers\n|-end|p1a: bear|Encore\n|upkeep\n|turn|8\n|\n|t:|1700580351\n|move|p1a: bear|Blood Moon|p2a: Calyrex\n|-end|p2a: Calyrex|Substitute\n|move|p2a: Calyrex|Encore|p1a: bear\n|-start|p1a: bear|Encore\n|\n|-heal|p2a: Calyrex|94\/100|[from] item: Leftovers\n|upkeep\n|turn|9\n|\n|t:|1700580361\n|-activate|p1a: bear|move: Struggle\n|move|p1a: bear|Struggle|p2a: Calyrex\n|-damage|p2a: Calyrex|90\/100\n|-damage|p1a: bear|75\/100|[from] recoil\n|move|p2a: Calyrex|Swords Dance|p2a: Calyrex\n|-boost|p2a: Calyrex|atk|2\n|\n|-heal|p1a: bear|81\/100|[from] item: Leftovers\n|-heal|p2a: Calyrex|96\/100|[from] item: Leftovers\n|upkeep\n|turn|10\n|\n|t:|1700580369\n|move|p1a: bear|Blood Moon|p2a: Calyrex\n|-damage|p2a: Calyrex|0 fnt\n|faint|p2a: Calyrex\n|\n|-heal|p1a: bear|87\/100|[from] item: Leftovers\n|upkeep\n|\n|t:|1700580378\n|switch|p2a: Ogerpon|Ogerpon, F|100\/100\n|turn|11\n|\n|t:|1700580391\n|-terastallize|p2a: Ogerpon|Grass\n|detailschange|p2a: Ogerpon|Ogerpon-Teal-Tera, F, tera:Grass\n|-ability|p2a: Ogerpon|Embody Aspect (Teal)|boost\n|-boost|p2a: Ogerpon|spe|1\n|move|p2a: Ogerpon|Ivy Cudgel|p1a: bear\n|-supereffective|p1a: bear\n|-damage|p1a: bear|0 fnt\n|faint|p1a: bear\n|\n|upkeep\n|\n|t:|1700580399\n|switch|p1a: Bear|Ursaluna-Bloodmoon, M|100\/100\n|-damage|p1a: Bear|95\/100|[from] Stealth Rock\n|turn|12\n|\n|t:|1700580405\n|move|p2a: Ogerpon|Ivy Cudgel|p1a: Bear\n|-supereffective|p1a: Bear\n|-damage|p1a: Bear|0 fnt\n|faint|p1a: Bear\n|\n|upkeep\n|\n|t:|1700580410\n|switch|p1a: Bear|Ursaluna, M|100\/100\n|-damage|p1a: Bear|94\/100|[from] Stealth Rock\n|turn|13\n|\n|t:|1700580419\n|switch|p2a: Arceus|Arceus-Ghost|100\/100\n|move|p1a: Bear|Substitute|p1a: Bear\n|-start|p1a: Bear|Substitute\n|-damage|p1a: Bear|69\/100\n|\n|upkeep\n|turn|14\n|\n|t:|1700580425\n|move|p2a: Arceus|Aura Sphere|p1a: Bear\n|-immune|p1a: Bear|[from] ability: Bulletproof\n|move|p1a: Bear|Swords Dance|p1a: Bear\n|-boost|p1a: Bear|atk|2\n|\n|upkeep\n|turn|15\n|\n|t:|1700580431\n|move|p2a: Arceus|Extreme Speed|p1a: Bear\n|-activate|p1a: Bear|move: Substitute|[damage]\n|move|p1a: Bear|Swords Dance|p1a: Bear\n|-boost|p1a: Bear|atk|2\n|\n|upkeep\n|turn|16\n|\n|t:|1700580437\n|move|p2a: Arceus|Extreme Speed|p1a: Bear\n|-activate|p1a: Bear|move: Substitute|[damage]\n|move|p1a: Bear|Substitute|p1a: Bear\n|-fail|p1a: Bear|move: Substitute\n|\n|upkeep\n|turn|17\n|\n|t:|1700580441\n|move|p2a: Arceus|Extreme Speed|p1a: Bear\n|-end|p1a: Bear|Substitute\n|move|p1a: Bear|Substitute|p1a: Bear\n|-start|p1a: Bear|Substitute\n|-damage|p1a: Bear|44\/100\n|\n|upkeep\n|turn|18\n|\n|t:|1700580446\n|move|p2a: Arceus|Extreme Speed|p1a: Bear\n|-activate|p1a: Bear|move: Substitute|[damage]\n|move|p1a: Bear|Earthquake|p2a: Arceus\n|-damage|p2a: Arceus|19\/100\n|\n|upkeep\n|turn|19\n|\n|t:|1700580451\n|move|p2a: Arceus|Extreme Speed|p1a: Bear\n|-activate|p1a: Bear|move: Substitute|[damage]\n|move|p1a: Bear|Earthquake|p2a: Arceus\n|-damage|p2a: Arceus|0 fnt\n|faint|p2a: Arceus\n|\n|upkeep\n|\n|t:|1700580457\n|switch|p2a: Corviknight|Corviknight, F|100\/100\n|turn|20\n|-activate|p1a: Bear|item: Quick Claw\n|\n|t:|1700580463\n|move|p1a: Bear|Tera Blast|p2a: Corviknight\n|-resisted|p2a: Corviknight\n|-damage|p2a: Corviknight|95\/100\n|move|p2a: Corviknight|Reflect|p2a: Corviknight\n|-sidestart|p2: aboodj745|Reflect\n|\n|-heal|p2a: Corviknight|100\/100|[from] item: Leftovers\n|upkeep\n|turn|21\n|\n|t:|1700580472\n|switch|p2a: Kingambit|Kingambit, F|100\/100\n|-activate|p2a: Kingambit|ability: Supreme Overlord\n|-start|p2a: Kingambit|fallen3|[silent]\n|move|p1a: Bear|Tera Blast|p2a: Kingambit\n|-resisted|p2a: Kingambit\n|-damage|p2a: Kingambit|94\/100\n|\n|upkeep\n|turn|22\n|-activate|p1a: Bear|item: Quick Claw\n|\n|t:|1700580477\n|move|p1a: Bear|Earthquake|p2a: Kingambit\n|-supereffective|p2a: Kingambit\n|-damage|p2a: Kingambit|0 fnt\n|faint|p2a: Kingambit\n|-end|p2a: Kingambit|fallen3|[silent]\n|\n|upkeep\n|\n|t:|1700580481\n|switch|p2a: Ogerpon|Ogerpon-Teal-Tera, F, tera:Grass|100\/100\n|-ability|p2a: Ogerpon|Embody Aspect (Teal)|boost\n|-boost|p2a: Ogerpon|spe|1\n|turn|23\n|\n|t:|1700580496\n|move|p2a: Ogerpon|Ivy Cudgel|p1a: Bear\n|-supereffective|p1a: Bear\n|-end|p1a: Bear|Substitute\n|move|p1a: Bear|Substitute|p1a: Bear\n|-start|p1a: Bear|Substitute\n|-damage|p1a: Bear|19\/100\n|\n|upkeep\n|turn|24\n|\n|t:|1700580502\n|move|p2a: Ogerpon|Ivy Cudgel|p1a: Bear\n|-supereffective|p1a: Bear\n|-end|p1a: Bear|Substitute\n|move|p1a: Bear|Earthquake|p2a: Ogerpon\n|-resisted|p2a: Ogerpon\n|-damage|p2a: Ogerpon|59\/100\n|\n|-sideend|p2: aboodj745|Reflect\n|upkeep\n|turn|25\n|\n|t:|1700580507\n|move|p2a: Ogerpon|Ivy Cudgel|p1a: Bear\n|-supereffective|p1a: Bear\n|-damage|p1a: Bear|0 fnt\n|faint|p1a: Bear\n|\n|upkeep\n|\n|t:|1700580514\n|switch|p1a: BEAR|Ursaluna-Bloodmoon, M|100\/100\n|-damage|p1a: BEAR|94\/100|[from] Stealth Rock\n|turn|26\n|\n|t:|1700580520\n|move|p2a: Ogerpon|Ivy Cudgel|p1a: BEAR\n|-supereffective|p1a: BEAR\n|-damage|p1a: BEAR|0 fnt\n|faint|p1a: BEAR\n|\n|upkeep\n|\n|t:|1700580527\n|switch|p1a: BEAR|Ursaluna, F|100\/100\n|-damage|p1a: BEAR|94\/100|[from] Stealth Rock\n|turn|27\n|\n|t:|1700580530\n|move|p2a: Ogerpon|Ivy Cudgel|p1a: BEAR\n|-supereffective|p1a: BEAR\n|-damage|p1a: BEAR|0 fnt\n|faint|p1a: BEAR\n|\n|upkeep\n|-message|SimpTonic forfeited.\n|\n|win|aboodj745\n|raw|SimpTonic's rating: 1321 &rarr; <strong>1302<\/strong><br \/>(-19 for losing)\n|raw|aboodj745's rating: 1339 &rarr; <strong>1358<\/strong><br \/>(+19 for winning)\n|l|\u2606SimpTonic\n|l|\u2606aboodj745\n","uploadtime":1700580539,"views":0,"p1id":"simptonic","p2id":"aboodj745","formatid":"gen9anythinggoes","rating":1302,"private":0,"password":""}