{"id":"gen9anythinggoes-1971636650","p1":"overjourney281","p2":"ferfefeks","format":"[Gen 9] Anything Goes","log":"|j|\u2606overjourney281\n|j|\u2606ferfefeks\n|t:|1697755787\n|gametype|singles\n|player|p1|overjourney281|102|1120\n|player|p2|ferfefeks|266|1168\n|teamsize|p1|6\n|teamsize|p2|6\n|gen|9\n|tier|[Gen 9] Anything Goes\n|rated|\n|rule|HP Percentage Mod: HP is shown in percentages\n|rule|Endless Battle Clause: Forcing endless battles is banned\n|clearpoke\n|poke|p1|Mewtwo|\n|poke|p1|Bisharp, F|\n|poke|p1|Arcanine-Hisui, F|\n|poke|p1|Gengar, M|\n|poke|p1|Azumarill, F|\n|poke|p1|Torterra, F|\n|poke|p2|Calyrex-Shadow|\n|poke|p2|Miraidon|\n|poke|p2|Iron Bundle|\n|poke|p2|Zacian-*|\n|poke|p2|Volcarona, M|\n|poke|p2|Ursaluna-Bloodmoon, M|\n|teampreview\n|\n|t:|1697755800\n|start\n|switch|p1a: Arcanine|Arcanine-Hisui, F|100\/100\n|switch|p2a: Calyrex|Calyrex-Shadow|100\/100\n|-ability|p2a: Calyrex|As One\n|-ability|p2a: Calyrex|Unnerve\n|turn|1\n|\n|t:|1697755806\n|-terastallize|p2a: Calyrex|Fairy\n|move|p2a: Calyrex|Astral Barrage|p1a: Arcanine\n|-damage|p1a: Arcanine|8\/100\n|move|p1a: Arcanine|Head Smash|p2a: Calyrex\n|-damage|p2a: Calyrex|19\/100\n|\n|upkeep\n|turn|2\n|\n|t:|1697755814\n|move|p2a: Calyrex|Astral Barrage|p1a: Arcanine\n|-damage|p1a: Arcanine|0 fnt\n|faint|p1a: Arcanine\n|-ability|p2a: Calyrex|Grim Neigh|boost\n|-boost|p2a: Calyrex|spa|1\n|\n|upkeep\n|\n|t:|1697755817\n|switch|p1a: Azumarill|Azumarill, F|100\/100\n|turn|3\n|\n|t:|1697755820\n|move|p2a: Calyrex|Astral Barrage|p1a: Azumarill\n|-damage|p1a: Azumarill|28\/100\n|move|p1a: Azumarill|Play Rough|p2a: Calyrex\n|-damage|p2a: Calyrex|0 fnt\n|faint|p2a: Calyrex\n|\n|upkeep\n|\n|t:|1697755826\n|switch|p2a: Miraidon|Miraidon|100\/100\n|-fieldstart|move: Electric Terrain|[from] ability: Hadron Engine|[of] p2a: Miraidon\n|turn|4\n|c|\u2606overjourney281|Lol using legendries big kid\n|\n|t:|1697755856\n|move|p2a: Miraidon|Thunder|p1a: Azumarill\n|-supereffective|p1a: Azumarill\n|-crit|p1a: Azumarill\n|-damage|p1a: Azumarill|0 fnt\n|faint|p1a: Azumarill\n|\n|upkeep\n|\n|t:|1697755860\n|switch|p1a: Torterra|Torterra, F|100\/100\n|turn|5\n|\n|t:|1697755864\n|switch|p2a: Volcarona|Volcarona, M|100\/100\n|move|p1a: Torterra|Headlong Rush|p2a: Volcarona\n|-damage|p2a: Volcarona|10\/100\n|-unboost|p1a: Torterra|def|1\n|-unboost|p1a: Torterra|spd|1\n|-status|p1a: Torterra|brn|[from] ability: Flame Body|[of] p2a: Volcarona\n|\n|-heal|p2a: Volcarona|17\/100|[from] item: Leftovers\n|-damage|p1a: Torterra|94\/100 brn|[from] brn\n|upkeep\n|turn|6\n|\n|t:|1697755870\n|move|p2a: Volcarona|Fire Blast|p1a: Torterra\n|-supereffective|p1a: Torterra\n|-damage|p1a: Torterra|0 fnt\n|faint|p1a: Torterra\n|\n|-heal|p2a: Volcarona|23\/100|[from] item: Leftovers\n|upkeep\n|\n|t:|1697755873\n|switch|p1a: Gengar|Gengar, M|100\/100\n|turn|7\n|\n|t:|1697755888\n|switch|p2a: Zacian|Zacian-Crowned|100\/100\n|-ability|p2a: Zacian|Intrepid Sword|boost\n|-boost|p2a: Zacian|atk|1\n|move|p1a: Gengar|Sludge Bomb|p2a: Zacian\n|-immune|p2a: Zacian\n|\n|upkeep\n|turn|8\n|\n|t:|1697755903\n|move|p2a: Zacian|Moonblast|p1a: Gengar\n|-resisted|p1a: Gengar\n|-damage|p1a: Gengar|79\/100\n|move|p1a: Gengar|Sludge Bomb|p2a: Zacian\n|-immune|p2a: Zacian\n|\n|-heal|p1a: Gengar|85\/100|[from] item: Leftovers\n|-fieldend|move: Electric Terrain\n|upkeep\n|turn|9\n|inactive|Battle timer is ON: inactive players will automatically lose when time's up. (requested by overjourney281)\n|\n|t:|1697755909\n|move|p2a: Zacian|Moonblast|p1a: Gengar\n|-resisted|p1a: Gengar\n|-damage|p1a: Gengar|63\/100\n|-unboost|p1a: Gengar|spa|1\n|-start|p2a: Zacian|Disable|Moonblast|[from] ability: Cursed Body|[of] p1a: Gengar\n|move|p1a: Gengar|Sludge Bomb|p2a: Zacian\n|-immune|p2a: Zacian\n|\n|-heal|p1a: Gengar|69\/100|[from] item: Leftovers\n|upkeep\n|turn|10\n|\n|t:|1697755916\n|move|p2a: Zacian|Behemoth Blade|p1a: Gengar\n|-damage|p1a: Gengar|0 fnt\n|faint|p1a: Gengar\n|\n|upkeep\n|\n|t:|1697755919\n|switch|p1a: Bisharp|Bisharp, F|100\/100\n|turn|11\n|\n|t:|1697755922\n|move|p1a: Bisharp|Sucker Punch|p2a: Zacian\n|-resisted|p2a: Zacian\n|-damage|p2a: Zacian|82\/100\n|move|p2a: Zacian|Behemoth Blade|p1a: Bisharp\n|-resisted|p1a: Bisharp\n|-damage|p1a: Bisharp|52\/100\n|\n|upkeep\n|turn|12\n|\n|t:|1697755932\n|move|p2a: Zacian|Swords Dance|p2a: Zacian\n|-boost|p2a: Zacian|atk|2\n|move|p1a: Bisharp|Iron Head|p2a: Zacian\n|-damage|p2a: Zacian|38\/100\n|\n|-end|p2a: Zacian|Disable\n|upkeep\n|turn|13\n|\n|t:|1697755938\n|move|p2a: Zacian|Behemoth Blade|p1a: Bisharp\n|-resisted|p1a: Bisharp\n|-damage|p1a: Bisharp|0 fnt\n|faint|p1a: Bisharp\n|\n|upkeep\n|\n|t:|1697755940\n|switch|p1a: Mewtwo|Mewtwo|100\/100\n|-ability|p1a: Mewtwo|Pressure\n|turn|14\n|\n|t:|1697755943\n|move|p2a: Zacian|Behemoth Blade|p1a: Mewtwo\n|-damage|p1a: Mewtwo|0 fnt\n|faint|p1a: Mewtwo\n|\n|win|ferfefeks\n|raw|overjourney281's rating: 1120 &rarr; <strong>1098<\/strong><br \/>(-22 for losing)\n|raw|ferfefeks's rating: 1168 &rarr; <strong>1190<\/strong><br \/>(+22 for winning)\n","uploadtime":1697755945,"views":5,"p1id":"overjourney281","p2id":"ferfefeks","formatid":"gen9anythinggoes","rating":1098,"private":0,"password":""}