{"id":"gen9anythinggoes-1988357329","p1":"Glacierwing","p2":"2448a","format":"[Gen 9] Anything Goes","log":"|j|\u2606Glacierwing\n|j|\u26062448a\n|t:|1699713410\n|gametype|singles\n|player|p1|Glacierwing|falkner|1651\n|player|p2|2448a|erika-gen2|1795\n|teamsize|p1|6\n|teamsize|p2|6\n|gen|9\n|tier|[Gen 9] Anything Goes\n|rated|\n|rule|HP Percentage Mod: HP is shown in percentages\n|rule|Endless Battle Clause: Forcing endless battles is banned\n|clearpoke\n|poke|p1|Chi-Yu|\n|poke|p1|Grimmsnarl, M|\n|poke|p1|Arceus|\n|poke|p1|Koraidon|\n|poke|p1|Calyrex-Shadow|\n|poke|p1|Glimmora, M|\n|poke|p2|Mandibuzz, F|\n|poke|p2|Gliscor, M|\n|poke|p2|Blissey, F|\n|poke|p2|Alomomola, F|\n|poke|p2|Clodsire, F|\n|poke|p2|Dondozo, F|\n|teampreview\n|inactive|Battle timer is ON: inactive players will automatically lose when time's up. (requested by 2448a)\n|\n|t:|1699713421\n|start\n|switch|p1a: Grimmsnarl|Grimmsnarl, M|100\/100\n|switch|p2a: Malevolent Shrine|Gliscor, M, shiny|100\/100\n|turn|1\n|inactive|2448a has 120 seconds left.\n|inactive|2448a has 90 seconds left.\n|inactive|2448a has 60 seconds left.\n|\n|t:|1699713513\n|move|p2a: Malevolent Shrine|Protect|p2a: Malevolent Shrine\n|-singleturn|p2a: Malevolent Shrine|Protect\n|move|p1a: Grimmsnarl|Taunt|p2a: Malevolent Shrine\n|-activate|p2a: Malevolent Shrine|move: Protect\n|\n|-status|p2a: Malevolent Shrine|tox|[from] item: Toxic Orb\n|upkeep\n|turn|2\n|l|\u2606Glacierwing\n|inactive|Glacierwing disconnected and has a minute to reconnect!\n|player|p1|\n|j|\u2606Glacierwing\n|inactive|Glacierwing reconnected and has 145 seconds left.\n|player|p1|Glacierwing|falkner\n|\n|t:|1699713525\n|move|p2a: Malevolent Shrine|Knock Off|p1a: Grimmsnarl\n|-resisted|p1a: Grimmsnarl\n|-damage|p1a: Grimmsnarl|94\/100\n|-enditem|p1a: Grimmsnarl|Light Clay|[from] move: Knock Off|[of] p2a: Malevolent Shrine\n|move|p1a: Grimmsnarl|Play Rough|p2a: Malevolent Shrine\n|-damage|p2a: Malevolent Shrine|73\/100 tox\n|-unboost|p2a: Malevolent Shrine|atk|1\n|\n|-heal|p2a: Malevolent Shrine|85\/100 tox|[from] ability: Poison Heal\n|upkeep\n|turn|3\n|j| mid ladder memes\n|inactive|2448a has 60 seconds left.\n|\n|t:|1699713564\n|switch|p1a: Glimmora|Glimmora, M|100\/100\n|move|p2a: Malevolent Shrine|Spikes|p1a: Glimmora\n|-sidestart|p1: Glacierwing|Spikes\n|\n|-heal|p2a: Malevolent Shrine|97\/100 tox|[from] ability: Poison Heal\n|upkeep\n|turn|4\n|\n|t:|1699713573\n|move|p1a: Glimmora|Stealth Rock|p2a: Malevolent Shrine\n|-sidestart|p2: 2448a|move: Stealth Rock\n|move|p2a: Malevolent Shrine|Knock Off|p1a: Glimmora\n|-damage|p1a: Glimmora|82\/100\n|-activate|p1a: Glimmora|ability: Toxic Debris\n|-sidestart|p2: 2448a|move: Toxic Spikes\n|-enditem|p1a: Glimmora|Focus Sash|[from] move: Knock Off|[of] p2a: Malevolent Shrine\n|\n|-heal|p2a: Malevolent Shrine|100\/100 tox|[from] ability: Poison Heal\n|upkeep\n|turn|5\n|inactive|2448a has 60 seconds left.\n|\n|t:|1699713591\n|switch|p1a: Grimmsnarl|Grimmsnarl, M|94\/100\n|-damage|p1a: Grimmsnarl|81\/100|[from] Spikes\n|move|p2a: Malevolent Shrine|Knock Off|p1a: Grimmsnarl\n|-resisted|p1a: Grimmsnarl\n|-damage|p1a: Grimmsnarl|79\/100\n|\n|upkeep\n|turn|6\n|\n|t:|1699713600\n|move|p2a: Malevolent Shrine|Spikes|p1a: Grimmsnarl\n|-sidestart|p1: Glacierwing|Spikes\n|move|p1a: Grimmsnarl|Play Rough|p2a: Malevolent Shrine|[miss]\n|-miss|p1a: Grimmsnarl|p2a: Malevolent Shrine\n|\n|upkeep\n|turn|7\n|\n|t:|1699713610\n|move|p1a: Grimmsnarl|Taunt|p2a: Malevolent Shrine\n|-start|p2a: Malevolent Shrine|move: Taunt\n|cant|p2a: Malevolent Shrine|move: Taunt|Spikes\n|\n|upkeep\n|turn|8\n|\n|t:|1699713619\n|move|p2a: Malevolent Shrine|Knock Off|p1a: Grimmsnarl\n|-resisted|p1a: Grimmsnarl\n|-damage|p1a: Grimmsnarl|76\/100\n|move|p1a: Grimmsnarl|Play Rough|p2a: Malevolent Shrine\n|-damage|p2a: Malevolent Shrine|73\/100 tox\n|\n|-heal|p2a: Malevolent Shrine|85\/100 tox|[from] ability: Poison Heal\n|upkeep\n|turn|9\n|inactive|2448a has 60 seconds left.\n|\n|t:|1699713654\n|move|p2a: Malevolent Shrine|Knock Off|p1a: Grimmsnarl\n|-resisted|p1a: Grimmsnarl\n|-damage|p1a: Grimmsnarl|73\/100\n|move|p1a: Grimmsnarl|Play Rough|p2a: Malevolent Shrine|[miss]\n|-miss|p1a: Grimmsnarl|p2a: Malevolent Shrine\n|\n|-heal|p2a: Malevolent Shrine|97\/100 tox|[from] ability: Poison Heal\n|-end|p2a: Malevolent Shrine|move: Taunt\n|upkeep\n|turn|10\n|inactive|2448a has 30 seconds left.\n|inactive|2448a has 20 seconds left.\n|inactive|2448a has 15 seconds left.\n|inactive|2448a has 10 seconds left.\n|\n|t:|1699713707\n|move|p1a: Grimmsnarl|Taunt|p2a: Malevolent Shrine\n|-start|p2a: Malevolent Shrine|move: Taunt\n|move|p2a: Malevolent Shrine|Knock Off|p1a: Grimmsnarl\n|-resisted|p1a: Grimmsnarl\n|-crit|p1a: Grimmsnarl\n|-damage|p1a: Grimmsnarl|66\/100\n|\n|-heal|p2a: Malevolent Shrine|100\/100 tox|[from] ability: Poison Heal\n|upkeep\n|turn|11\n|inactive|2448a has 20 seconds left this turn.\n|\n|t:|1699713715\n|move|p1a: Grimmsnarl|Reflect|p1a: Grimmsnarl\n|-sidestart|p1: Glacierwing|Reflect\n|move|p2a: Malevolent Shrine|Knock Off|p1a: Grimmsnarl\n|-resisted|p1a: Grimmsnarl\n|-damage|p1a: Grimmsnarl|65\/100\n|\n|upkeep\n|turn|12\n|inactive|2448a has 30 seconds left this turn.\n|inactive|2448a has 20 seconds left.\n|inactive|2448a has 15 seconds left.\n|\n|t:|1699713730\n|move|p2a: Malevolent Shrine|Knock Off|p1a: Grimmsnarl\n|-resisted|p1a: Grimmsnarl\n|-damage|p1a: Grimmsnarl|63\/100\n|move|p1a: Grimmsnarl|Play Rough|p2a: Malevolent Shrine\n|-damage|p2a: Malevolent Shrine|71\/100 tox\n|\n|-heal|p2a: Malevolent Shrine|84\/100 tox|[from] ability: Poison Heal\n|-end|p2a: Malevolent Shrine|move: Taunt\n|upkeep\n|turn|13\n|inactive|2448a has 25 seconds left this turn.\n|\n|t:|1699713737\n|move|p1a: Grimmsnarl|Taunt|p2a: Malevolent Shrine\n|-start|p2a: Malevolent Shrine|move: Taunt\n|move|p2a: Malevolent Shrine|Knock Off|p1a: Grimmsnarl\n|-resisted|p1a: Grimmsnarl\n|-damage|p1a: Grimmsnarl|62\/100\n|\n|-heal|p2a: Malevolent Shrine|96\/100 tox|[from] ability: Poison Heal\n|upkeep\n|turn|14\n|\n|t:|1699713741\n|move|p2a: Malevolent Shrine|Knock Off|p1a: Grimmsnarl\n|-resisted|p1a: Grimmsnarl\n|-damage|p1a: Grimmsnarl|61\/100\n|move|p1a: Grimmsnarl|Play Rough|p2a: Malevolent Shrine\n|-damage|p2a: Malevolent Shrine|68\/100 tox\n|\n|-heal|p2a: Malevolent Shrine|80\/100 tox|[from] ability: Poison Heal\n|upkeep\n|turn|15\n|\n|t:|1699713749\n|move|p2a: Malevolent Shrine|Knock Off|p1a: Grimmsnarl\n|-resisted|p1a: Grimmsnarl\n|-damage|p1a: Grimmsnarl|59\/100\n|move|p1a: Grimmsnarl|Play Rough|p2a: Malevolent Shrine\n|-damage|p2a: Malevolent Shrine|51\/100 tox\n|\n|-heal|p2a: Malevolent Shrine|63\/100 tox|[from] ability: Poison Heal\n|-end|p2a: Malevolent Shrine|move: Taunt\n|-sideend|p1: Glacierwing|Reflect\n|upkeep\n|turn|16\n|\n|t:|1699713756\n|move|p2a: Malevolent Shrine|Toxic|p1a: Grimmsnarl\n|-status|p1a: Grimmsnarl|tox\n|move|p1a: Grimmsnarl|Play Rough|p2a: Malevolent Shrine\n|-damage|p2a: Malevolent Shrine|34\/100 tox\n|\n|-heal|p2a: Malevolent Shrine|46\/100 tox|[from] ability: Poison Heal\n|-damage|p1a: Grimmsnarl|53\/100 tox|[from] psn\n|upkeep\n|turn|17\n|\n|t:|1699713781\n|switch|p1a: Chi-Yu|Chi-Yu|100\/100\n|-damage|p1a: Chi-Yu|84\/100|[from] Spikes\n|-ability|p1a: Chi-Yu|Beads of Ruin\n|move|p2a: Malevolent Shrine|Protect||[still]\n|-fail|p2a: Malevolent Shrine\n|\n|-heal|p2a: Malevolent Shrine|58\/100 tox|[from] ability: Poison Heal\n|upkeep\n|turn|18\n|\n|t:|1699713805\n|move|p2a: Malevolent Shrine|Protect|p2a: Malevolent Shrine\n|-singleturn|p2a: Malevolent Shrine|Protect\n|move|p1a: Chi-Yu|Nasty Plot|p1a: Chi-Yu\n|-boost|p1a: Chi-Yu|spa|2\n|\n|-heal|p2a: Malevolent Shrine|71\/100 tox|[from] ability: Poison Heal\n|upkeep\n|turn|19\n|\n|t:|1699713813\n|switch|p2a: Only Chance|Clodsire, F|100\/100\n|-sideend|p2: 2448a|move: Toxic Spikes|[of] p2a: Only Chance\n|move|p1a: Chi-Yu|Flamethrower|p2a: Only Chance\n|-damage|p2a: Only Chance|56\/100\n|\n|upkeep\n|turn|20\n|\n|t:|1699713825\n|move|p1a: Chi-Yu|Nasty Plot|p1a: Chi-Yu\n|-boost|p1a: Chi-Yu|spa|2\n|move|p2a: Only Chance|Recover|p2a: Only Chance\n|-heal|p2a: Only Chance|100\/100\n|\n|upkeep\n|turn|21\n|\n|t:|1699713838\n|move|p1a: Chi-Yu|Flamethrower|p2a: Only Chance\n|-damage|p2a: Only Chance|57\/100\n|move|p2a: Only Chance|Earthquake|p1a: Chi-Yu\n|-supereffective|p1a: Chi-Yu\n|-damage|p1a: Chi-Yu|0 fnt\n|faint|p1a: Chi-Yu\n|\n|upkeep\n|c| mid ladder memes|bro is realy unaware of the ability\n|c| mid ladder memes|get what i did there?\n|\n|t:|1699713857\n|switch|p1a: Arceus|Arceus|100\/100\n|-damage|p1a: Arceus|84\/100|[from] Spikes\n|turn|22\n|inactive|2448a has 60 seconds left.\n|\n|t:|1699713879\n|switch|p2a: Wishing Stars|Alomomola, F|100\/100\n|move|p1a: Arceus|Extreme Speed|p2a: Wishing Stars\n|-damage|p2a: Wishing Stars|73\/100\n|\n|upkeep\n|turn|23\n|c|\u2606Glacierwing|I guess\n|\n|t:|1699713887\n|move|p1a: Arceus|Taunt|p2a: Wishing Stars\n|-start|p2a: Wishing Stars|move: Taunt\n|cant|p2a: Wishing Stars|move: Taunt|Wish\n|\n|upkeep\n|turn|24\n|c|\u2606Glacierwing|Could be water absorb\n|inactive|2448a has 30 seconds left.\n|\n|t:|1699713924\n|move|p1a: Arceus|Swords Dance|p1a: Arceus\n|-boost|p1a: Arceus|atk|2\n|move|p2a: Wishing Stars|Scald|p1a: Arceus\n|-damage|p1a: Arceus|74\/100\n|\n|upkeep\n|turn|25\n|inactive|2448a has 30 seconds left.\n|inactive|2448a has 20 seconds left.\n|\n|t:|1699713940\n|switch|p2a: Only Chance|Dondozo, F|100\/100\n|move|p1a: Arceus|Extreme Speed|p2a: Only Chance\n|-damage|p2a: Only Chance|79\/100\n|\n|upkeep\n|turn|26\n|inactive|2448a has 30 seconds left this turn.\n|\n|t:|1699713949\n|switch|p1a: Calyrex|Calyrex-Shadow|100\/100\n|-ability|p1a: Calyrex|As One\n|-ability|p1a: Calyrex|Unnerve\n|move|p2a: Only Chance|Fissure|p1a: Calyrex\n|-damage|p1a: Calyrex|0 fnt\n|faint|p1a: Calyrex\n|-ohko\n|\n|upkeep\n|\n|t:|1699713965\n|switch|p1a: Glimmora|Glimmora, M|82\/100\n|-damage|p1a: Glimmora|65\/100|[from] Spikes\n|turn|27\n|\n|t:|1699713970\n|switch|p2a: Soothing Wetlands|Blissey, F|100\/100\n|move|p1a: Glimmora|Mortal Spin|p2a: Soothing Wetlands\n|-damage|p2a: Soothing Wetlands|94\/100\n|-status|p2a: Soothing Wetlands|psn\n|-sideend|p1: Glacierwing|Spikes|[from] move: Mortal Spin|[of] p1a: Glimmora\n|\n|-damage|p2a: Soothing Wetlands|82\/100 psn|[from] psn\n|upkeep\n|turn|28\n|inactive|2448a has 30 seconds left.\n|\n|t:|1699713992\n|move|p1a: Glimmora|Mud Shot|p2a: Soothing Wetlands\n|-damage|p2a: Soothing Wetlands|76\/100 psn\n|-unboost|p2a: Soothing Wetlands|spe|1\n|move|p2a: Soothing Wetlands|Seismic Toss|p1a: Glimmora\n|-damage|p1a: Glimmora|32\/100\n|-activate|p1a: Glimmora|ability: Toxic Debris\n|-sidestart|p2: 2448a|move: Toxic Spikes\n|\n|-damage|p2a: Soothing Wetlands|63\/100 psn|[from] psn\n|upkeep\n|turn|29\n|\n|t:|1699714016\n|switch|p1a: Arceus|Arceus|74\/100\n|move|p2a: Soothing Wetlands|Seismic Toss|p1a: Arceus\n|-damage|p1a: Arceus|52\/100\n|\n|-damage|p2a: Soothing Wetlands|51\/100 psn|[from] psn\n|upkeep\n|turn|30\n|inactive|2448a has 30 seconds left.\n|inactive|2448a has 20 seconds left.\n|inactive|2448a has 15 seconds left.\n|inactive|2448a has 10 seconds left.\n|inactive|2448a has 5 seconds left.\n|\n|t:|1699714062\n|move|p1a: Arceus|Extreme Speed|p2a: Soothing Wetlands\n|-damage|p2a: Soothing Wetlands|0 fnt\n|faint|p2a: Soothing Wetlands\n|\n|upkeep\n|inactive|2448a has 10 seconds left this turn.\n|\n|t:|1699714064\n|switch|p2a: Wishing Stars|Alomomola, F|100\/100\n|turn|31\n|inactive|2448a has 20 seconds left this turn.\n|\n|t:|1699714073\n|switch|p1a: Glimmora|Glimmora, M|32\/100\n|move|p2a: Wishing Stars|Scald|p1a: Glimmora\n|-supereffective|p1a: Glimmora\n|-damage|p1a: Glimmora|0 fnt\n|faint|p1a: Glimmora\n|\n|upkeep\n|inactive|2448a has 25 seconds left this turn.\n|c|\u26062448a|lost two games \ud83d\udd25\n|\n|t:|1699714087\n|switch|p1a: Koraidon|Koraidon|100\/100\n|-weather|SunnyDay|[from] ability: Orichalcum Pulse|[of] p1a: Koraidon\n|-activate|p1a: Koraidon|Orichalcum Pulse|[source]\n|turn|32\n|inactive|2448a has 30 seconds left.\n|inactive|2448a has 20 seconds left.\n|inactive|2448a has 15 seconds left.\n|\n|t:|1699714112\n|-terastallize|p1a: Koraidon|Fire\n|move|p1a: Koraidon|Swords Dance|p1a: Koraidon\n|-boost|p1a: Koraidon|atk|2\n|move|p2a: Wishing Stars|Play Rough|p1a: Koraidon\n|-resisted|p1a: Koraidon\n|-damage|p1a: Koraidon|93\/100\n|\n|-weather|SunnyDay|[upkeep]\n|upkeep\n|turn|33\n|inactive|2448a has 25 seconds left this turn.\n|\n|t:|1699714129\n|move|p2a: Wishing Stars|Protect|p2a: Wishing Stars\n|-singleturn|p2a: Wishing Stars|Protect\n|move|p1a: Koraidon|Scale Shot|p2a: Wishing Stars\n|-activate|p2a: Wishing Stars|move: Protect\n|\n|-weather|SunnyDay|[upkeep]\n|upkeep\n|turn|34\n|c|\u26062448a|why do people take so long to click man\n|inactive|2448a has 30 seconds left.\n|\n|t:|1699714138\n|switch|p2a: Only Chance|Dondozo, F|79\/100\n|move|p1a: Koraidon|Close Combat|p2a: Only Chance\n|-crit|p2a: Only Chance\n|-damage|p2a: Only Chance|18\/100\n|-unboost|p1a: Koraidon|def|1\n|-unboost|p1a: Koraidon|spd|1\n|\n|-weather|SunnyDay|[upkeep]\n|upkeep\n|turn|35\n|\n|t:|1699714161\n|-terastallize|p2a: Only Chance|Flying\n|move|p1a: Koraidon|Close Combat|p2a: Only Chance\n|-resisted|p2a: Only Chance\n|-damage|p2a: Only Chance|0 fnt\n|-unboost|p1a: Koraidon|def|1\n|-unboost|p1a: Koraidon|spd|1\n|faint|p2a: Only Chance\n|\n|-weather|SunnyDay|[upkeep]\n|upkeep\n|inactive|2448a has 30 seconds left.\n|\n|t:|1699714173\n|switch|p2a: Malevolent Shrine|Gliscor, M, shiny|71\/100 tox\n|-damage|p2a: Malevolent Shrine|58\/100 tox|[from] Stealth Rock\n|turn|36\n|\n|t:|1699714180\n|move|p1a: Koraidon|Flare Blitz|p2a: Malevolent Shrine\n|-damage|p2a: Malevolent Shrine|0 fnt\n|faint|p2a: Malevolent Shrine\n|-damage|p1a: Koraidon|73\/100|[from] Recoil\n|\n|-weather|none\n|upkeep\n|\n|t:|1699714183\n|switch|p2a: Wishing Stars|Alomomola, F|100\/100\n|turn|37\n|\n|t:|1699714196\n|switch|p1a: Grimmsnarl|Grimmsnarl, M|53\/100 tox\n|move|p2a: Wishing Stars|Scald|p1a: Grimmsnarl\n|-damage|p1a: Grimmsnarl|38\/100 tox\n|\n|-damage|p1a: Grimmsnarl|31\/100 tox|[from] psn\n|upkeep\n|turn|38\n|inactive|2448a has 60 seconds left.\n|\n|t:|1699714221\n|move|p1a: Grimmsnarl|Light Screen|p1a: Grimmsnarl\n|-sidestart|p1: Glacierwing|move: Light Screen\n|move|p2a: Wishing Stars|Wish|p2a: Wishing Stars\n|\n|-damage|p1a: Grimmsnarl|19\/100 tox|[from] psn\n|upkeep\n|turn|39\n|\n|t:|1699714226\n|switch|p2a: Only Chance|Clodsire, F|57\/100\n|-sideend|p2: 2448a|move: Toxic Spikes|[of] p2a: Only Chance\n|move|p1a: Grimmsnarl|Reflect|p1a: Grimmsnarl\n|-sidestart|p1: Glacierwing|Reflect\n|\n|-heal|p2a: Only Chance|100\/100|[from] move: Wish|[wisher] Wishing Stars\n|-damage|p1a: Grimmsnarl|1\/100 tox|[from] psn\n|upkeep\n|turn|40\n|\n|t:|1699714231\n|move|p1a: Grimmsnarl|Taunt|p2a: Only Chance\n|-start|p2a: Only Chance|move: Taunt\n|cant|p2a: Only Chance|move: Taunt|Stealth Rock\n|\n|-damage|p1a: Grimmsnarl|0 fnt|[from] psn\n|faint|p1a: Grimmsnarl\n|upkeep\n|\n|t:|1699714238\n|switch|p1a: Koraidon|Koraidon, tera:Fire|73\/100\n|-weather|SunnyDay|[from] ability: Orichalcum Pulse|[of] p1a: Koraidon\n|-activate|p1a: Koraidon|Orichalcum Pulse|[source]\n|turn|41\n|\n|t:|1699714243\n|move|p1a: Koraidon|Flare Blitz|p2a: Only Chance\n|-damage|p2a: Only Chance|0 fnt\n|faint|p2a: Only Chance\n|-damage|p1a: Koraidon|28\/100|[from] Recoil\n|\n|-weather|SunnyDay|[upkeep]\n|upkeep\n|\n|t:|1699714245\n|switch|p2a: Wishing Stars|Alomomola, F|100\/100\n|turn|42\n|inactive|Glacierwing has 120 seconds left.\n|inactive|Glacierwing has 90 seconds left.\n|j| laprasplayer\n|\n|t:|1699714324\n|move|p1a: Koraidon|Swords Dance|p1a: Koraidon\n|-boost|p1a: Koraidon|atk|2\n|move|p2a: Wishing Stars|Scald|p1a: Koraidon\n|-supereffective|p1a: Koraidon\n|-damage|p1a: Koraidon|22\/100\n|\n|-weather|SunnyDay|[upkeep]\n|-sideend|p1: Glacierwing|move: Light Screen\n|upkeep\n|turn|43\n|inactive|Glacierwing has 90 seconds left.\n|inactive|2448a has 90 seconds left.\n|n| Araceli_2.0|araceli20\n|l| mid ladder memes\n|\n|t:|1699714337\n|move|p1a: Koraidon|Close Combat|p2a: Wishing Stars\n|-damage|p2a: Wishing Stars|14\/100\n|-unboost|p1a: Koraidon|def|1\n|-unboost|p1a: Koraidon|spd|1\n|move|p2a: Wishing Stars|Scald|p1a: Koraidon\n|-supereffective|p1a: Koraidon\n|-damage|p1a: Koraidon|1\/100\n|\n|-weather|SunnyDay|[upkeep]\n|-sideend|p1: Glacierwing|Reflect\n|upkeep\n|turn|44\n|inactive|Glacierwing has 90 seconds left.\n|inactive|2448a has 90 seconds left.\n|c| laprasplayer|NAH\n|\n|t:|1699714353\n|switch|p2a: Den of The Lost|Mandibuzz, F|100\/100\n|move|p1a: Koraidon|Close Combat|p2a: Den of The Lost\n|-crit|p2a: Den of The Lost\n|-damage|p2a: Den of The Lost|0 fnt\n|-unboost|p1a: Koraidon|def|1\n|-unboost|p1a: Koraidon|spd|1\n|faint|p2a: Den of The Lost\n|\n|-weather|SunnyDay|[upkeep]\n|upkeep\n|-message|2448a forfeited.\n|\n|win|Glacierwing\n|raw|Glacierwing's rating: 1651 &rarr; <strong>1675<\/strong><br \/>(+24 for winning)\n|raw|2448a's rating: 1730 &rarr; <strong>1706<\/strong><br \/>(-24 for losing)\n|c|\u26062448a|e\n|c| laprasplayer|bro got scammed\n|c| laprasplayer|By 1%\n|c|\u26062448a|i cannot pilot stall bro\n|l|\u26062448a\n|l| laprasplayer\n","uploadtime":1699714364,"views":20,"p1id":"glacierwing","p2id":"2448a","formatid":"gen9anythinggoes","rating":1675,"private":0,"password":""}