{"id":"gen9anythinggoes-1986992507","p1":"risin_glory","p2":"TDgarden","format":"[Gen 9] Anything Goes","log":"|j|\u2606risin_glory\n|j|\u203dTDgarden\n|t:|1699547306\n|gametype|singles\n|player|p1|risin_glory|blue-gen3champion|1530\n|player|p2|TDgarden|266|1420\n|teamsize|p1|6\n|teamsize|p2|6\n|gen|9\n|tier|[Gen 9] Anything Goes\n|rated|\n|rule|HP Percentage Mod: HP is shown in percentages\n|rule|Endless Battle Clause: Forcing endless battles is banned\n|clearpoke\n|poke|p1|Scizor, M|\n|poke|p1|Mimikyu, M|\n|poke|p1|Oranguru, F|\n|poke|p1|Glimmora, M|\n|poke|p1|Skeledirge, M|\n|poke|p1|Rotom-Wash|\n|poke|p2|Calyrex-Shadow|\n|poke|p2|Gengar, M|\n|poke|p2|Giratina|\n|poke|p2|Zoroark-Hisui, M|\n|poke|p2|Ursaluna-Bloodmoon, M|\n|poke|p2|Arceus|\n|teampreview\n|\n|t:|1699547333\n|start\n|switch|p1a: Glimmora|Glimmora, M|100\/100\n|switch|p2a: Calyrex|Calyrex-Shadow|100\/100\n|turn|1\n|inactive|Battle timer is ON: inactive players will automatically lose when time's up. (requested by TDgarden)\n|\n|t:|1699547359\n|move|p2a: Calyrex|Bitter Malice|p1a: Glimmora\n|-damage|p1a: Glimmora|50\/100\n|-unboost|p1a: Glimmora|atk|1\n|move|p1a: Glimmora|Mortal Spin|p2a: Calyrex\n|-resisted|p2a: Calyrex\n|-damage|p2a: Calyrex|97\/100\n|-status|p2a: Calyrex|psn\n|replace|p2a: Zoroark|Zoroark-Hisui, M\n|-end|p2a: Zoroark|Illusion\n|\n|-damage|p2a: Zoroark|84\/100 psn|[from] psn\n|upkeep\n|turn|2\n|\n|t:|1699547371\n|switch|p1a: Oranguru|Oranguru, F|100\/100\n|move|p2a: Zoroark|Bitter Malice|p1a: Oranguru\n|-immune|p1a: Oranguru\n|\n|-damage|p2a: Zoroark|72\/100 psn|[from] psn\n|upkeep\n|turn|3\n|\n|t:|1699547379\n|move|p2a: Zoroark|Knock Off|p1a: Oranguru\n|-supereffective|p1a: Oranguru\n|-damage|p1a: Oranguru|54\/100\n|-enditem|p1a: Oranguru|Leftovers|[from] move: Knock Off|[of] p2a: Zoroark\n|move|p1a: Oranguru|Psychic|p2a: Zoroark\n|-damage|p2a: Zoroark|0 fnt\n|faint|p2a: Zoroark\n|\n|upkeep\n|\n|t:|1699547396\n|switch|p2a: Arceus|Arceus|100\/100\n|turn|4\n|\n|t:|1699547401\n|switch|p1a: Skeledirge|Skeledirge, M|100\/100\n|move|p2a: Arceus|Extreme Speed|p1a: Skeledirge\n|-immune|p1a: Skeledirge\n|\n|upkeep\n|turn|5\n|\n|t:|1699547412\n|switch|p2a: Ursaluna|Ursaluna-Bloodmoon, M|100\/100\n|move|p1a: Skeledirge|Will-O-Wisp|p2a: Ursaluna\n|-status|p2a: Ursaluna|brn\n|\n|-damage|p2a: Ursaluna|95\/100 brn|[from] brn\n|upkeep\n|turn|6\n|\n|t:|1699547424\n|switch|p1a: Scizor|Scizor, M|100\/100\n|move|p2a: Ursaluna|Earth Power|p1a: Scizor\n|-damage|p1a: Scizor|38\/100\n|\n|-damage|p2a: Ursaluna|89\/100 brn|[from] brn\n|upkeep\n|turn|7\n|\n|t:|1699547432\n|move|p1a: Scizor|Close Combat|p2a: Ursaluna\n|-supereffective|p2a: Ursaluna\n|-damage|p2a: Ursaluna|1\/100 brn\n|-unboost|p1a: Scizor|def|1\n|-unboost|p1a: Scizor|spd|1\n|move|p2a: Ursaluna|Earth Power|p1a: Scizor\n|-damage|p1a: Scizor|0 fnt\n|faint|p1a: Scizor\n|\n|-damage|p2a: Ursaluna|0 fnt|[from] brn\n|faint|p2a: Ursaluna\n|upkeep\n|\n|t:|1699547445\n|switch|p1a: Glimmora|Glimmora, M|50\/100\n|switch|p2a: Gengar|Gengar, M|100\/100\n|turn|8\n|\n|t:|1699547450\n|move|p2a: Gengar|Shadow Ball|p1a: Glimmora\n|-damage|p1a: Glimmora|0 fnt\n|faint|p1a: Glimmora\n|\n|upkeep\n|\n|t:|1699547455\n|switch|p1a: Oranguru|Oranguru, F|54\/100\n|turn|9\n|\n|t:|1699547459\n|move|p2a: Gengar|Toxic Spikes|p1a: Oranguru\n|-sidestart|p1: risin_glory|move: Toxic Spikes\n|move|p1a: Oranguru|Shadow Ball|p2a: Gengar\n|-supereffective|p2a: Gengar\n|-crit|p2a: Gengar\n|-enditem|p2a: Gengar|Focus Sash\n|-damage|p2a: Gengar|1\/100\n|\n|upkeep\n|turn|10\n|\n|t:|1699547466\n|move|p2a: Gengar|Sludge Bomb|p1a: Oranguru\n|-damage|p1a: Oranguru|14\/100\n|move|p1a: Oranguru|Psychic|p2a: Gengar\n|-supereffective|p2a: Gengar\n|-damage|p2a: Gengar|0 fnt\n|faint|p2a: Gengar\n|\n|upkeep\n|\n|t:|1699547478\n|switch|p2a: Calyrex|Calyrex-Shadow|100\/100\n|-ability|p2a: Calyrex|As One\n|-ability|p2a: Calyrex|Unnerve\n|turn|11\n|\n|t:|1699547486\n|move|p2a: Calyrex|Psychic|p1a: Oranguru\n|-resisted|p1a: Oranguru\n|-damage|p1a: Oranguru|0 fnt\n|faint|p1a: Oranguru\n|-ability|p2a: Calyrex|Grim Neigh|boost\n|-boost|p2a: Calyrex|spa|1\n|\n|upkeep\n|\n|t:|1699547490\n|switch|p1a: Rotom|Rotom-Wash|100\/100\n|turn|12\n|\n|t:|1699547493\n|move|p1a: Rotom|Hydro Pump|p2a: Calyrex\n|-crit|p2a: Calyrex\n|-damage|p2a: Calyrex|29\/100\n|move|p2a: Calyrex|Astral Barrage|p1a: Rotom\n|-damage|p1a: Rotom|0 fnt\n|faint|p1a: Rotom\n|-ability|p2a: Calyrex|Grim Neigh|boost\n|-boost|p2a: Calyrex|spa|1\n|\n|upkeep\n|\n|t:|1699547500\n|switch|p1a: Mimikyu|Mimikyu, M|100\/100\n|-status|p1a: Mimikyu|psn\n|turn|13\n|\n|t:|1699547505\n|switch|p2a: Arceus|Arceus|100\/100\n|move|p1a: Mimikyu|Shadow Sneak|p2a: Arceus\n|-immune|p2a: Arceus\n|\n|-damage|p1a: Mimikyu|88\/100 psn|[from] psn\n|upkeep\n|turn|14\n|\n|t:|1699547513\n|switch|p1a: Skeledirge|Skeledirge, M|100\/100\n|move|p2a: Arceus|Swords Dance|p2a: Arceus\n|-boost|p2a: Arceus|atk|2\n|\n|upkeep\n|turn|15\n|\n|t:|1699547519\n|move|p2a: Arceus|Shadow Claw|p1a: Skeledirge\n|-supereffective|p1a: Skeledirge\n|-damage|p1a: Skeledirge|73\/100\n|move|p1a: Skeledirge|Will-O-Wisp|p2a: Arceus\n|-status|p2a: Arceus|brn\n|\n|-damage|p2a: Arceus|94\/100 brn|[from] brn\n|upkeep\n|turn|16\n|\n|t:|1699547527\n|move|p2a: Arceus|Swords Dance|p2a: Arceus\n|-boost|p2a: Arceus|atk|2\n|move|p1a: Skeledirge|Torch Song|p2a: Arceus\n|-damage|p2a: Arceus|77\/100 brn\n|-boost|p1a: Skeledirge|spa|1\n|\n|-heal|p2a: Arceus|83\/100 brn|[from] item: Leftovers\n|-damage|p2a: Arceus|77\/100 brn|[from] brn\n|upkeep\n|turn|17\n|\n|t:|1699547536\n|move|p2a: Arceus|Swords Dance|p2a: Arceus\n|-boost|p2a: Arceus|atk|2\n|move|p1a: Skeledirge|Slack Off|p1a: Skeledirge\n|-heal|p1a: Skeledirge|100\/100\n|\n|-heal|p2a: Arceus|83\/100 brn|[from] item: Leftovers\n|-damage|p2a: Arceus|77\/100 brn|[from] brn\n|upkeep\n|turn|18\n|\n|t:|1699547557\n|move|p2a: Arceus|Shadow Claw|p1a: Skeledirge\n|-supereffective|p1a: Skeledirge\n|-damage|p1a: Skeledirge|88\/100\n|move|p1a: Skeledirge|Torch Song|p2a: Arceus\n|-damage|p2a: Arceus|47\/100 brn\n|-boost|p1a: Skeledirge|spa|1\n|\n|-heal|p2a: Arceus|53\/100 brn|[from] item: Leftovers\n|-damage|p2a: Arceus|47\/100 brn|[from] brn\n|upkeep\n|turn|19\n|\n|t:|1699547569\n|switch|p2a: Giratina|Giratina|100\/100\n|-ability|p2a: Giratina|Pressure\n|move|p1a: Skeledirge|Torch Song|p2a: Giratina\n|-resisted|p2a: Giratina\n|-damage|p2a: Giratina|85\/100\n|-boost|p1a: Skeledirge|spa|1\n|\n|upkeep\n|turn|20\n|inactive|risin_glory has 120 seconds left.\n|\n|t:|1699547613\n|-terastallize|p1a: Skeledirge|Fairy\n|move|p1a: Skeledirge|Earth Power|p2a: Giratina\n|-damage|p2a: Giratina|58\/100\n|move|p2a: Giratina|Roar|p1a: Skeledirge\n|drag|p1a: Mimikyu|Mimikyu, M|88\/100 psn\n|\n|-damage|p1a: Mimikyu|76\/100 psn|[from] psn\n|upkeep\n|turn|21\n|\n|t:|1699547625\n|move|p1a: Mimikyu|Play Rough|p2a: Giratina\n|-supereffective|p2a: Giratina\n|-damage|p2a: Giratina|8\/100\n|-damage|p1a: Mimikyu|66\/100 psn|[from] item: Life Orb\n|move|p2a: Giratina|Poltergeist|p1a: Mimikyu\n|-activate|p1a: Mimikyu|move: Poltergeist|Life Orb\n|-activate|p1a: Mimikyu|ability: Disguise\n|-damage|p1a: Mimikyu|66\/100 psn\n|detailschange|p1a: Mimikyu|Mimikyu-Busted, M\n|-damage|p1a: Mimikyu|53\/100 psn|[from] pokemon: Mimikyu-Busted\n|\n|-damage|p1a: Mimikyu|41\/100 psn|[from] psn\n|upkeep\n|turn|22\n|\n|t:|1699547639\n|move|p1a: Mimikyu|Shadow Sneak|p2a: Giratina\n|-supereffective|p2a: Giratina\n|-damage|p2a: Giratina|0 fnt\n|faint|p2a: Giratina\n|-damage|p1a: Mimikyu|31\/100 psn|[from] item: Life Orb\n|\n|-damage|p1a: Mimikyu|19\/100 psn|[from] psn\n|upkeep\n|\n|t:|1699547646\n|switch|p2a: Arceus|Arceus|47\/100 brn\n|turn|23\n|\n|t:|1699547649\n|switch|p1a: Skeledirge|Skeledirge, M, tera:Fairy|88\/100\n|move|p2a: Arceus|Shadow Claw|p1a: Skeledirge\n|-damage|p1a: Skeledirge|82\/100\n|\n|-heal|p2a: Arceus|53\/100 brn|[from] item: Leftovers\n|-damage|p2a: Arceus|47\/100 brn|[from] brn\n|upkeep\n|turn|24\n|\n|t:|1699547659\n|move|p2a: Arceus|Extreme Speed|p1a: Skeledirge\n|-damage|p1a: Skeledirge|71\/100\n|move|p1a: Skeledirge|Torch Song|p2a: Arceus\n|-crit|p2a: Arceus\n|-damage|p2a: Arceus|18\/100 brn\n|-boost|p1a: Skeledirge|spa|1\n|\n|-heal|p2a: Arceus|24\/100 brn|[from] item: Leftovers\n|-damage|p2a: Arceus|18\/100 brn|[from] brn\n|upkeep\n|turn|25\n|\n|t:|1699547670\n|move|p2a: Arceus|Extreme Speed|p1a: Skeledirge\n|-damage|p1a: Skeledirge|61\/100\n|move|p1a: Skeledirge|Slack Off|p1a: Skeledirge\n|-heal|p1a: Skeledirge|100\/100\n|\n|-heal|p2a: Arceus|24\/100 brn|[from] item: Leftovers\n|-damage|p2a: Arceus|18\/100 brn|[from] brn\n|upkeep\n|turn|26\n|\n|t:|1699547679\n|switch|p2a: Calyrex|Calyrex-Shadow|29\/100\n|-ability|p2a: Calyrex|As One\n|-ability|p2a: Calyrex|Unnerve\n|move|p1a: Skeledirge|Torch Song|p2a: Calyrex\n|-damage|p2a: Calyrex|0 fnt\n|-boost|p1a: Skeledirge|spa|1\n|faint|p2a: Calyrex\n|\n|upkeep\n|c|\u2606risin_glory|Ggwp\n|-message|TDgarden forfeited.\n|\n|win|risin_glory\n|raw|risin_glory's rating: 1530 &rarr; <strong>1544<\/strong><br \/>(+14 for winning)\n|raw|TDgarden's rating: 1420 &rarr; <strong>1406<\/strong><br \/>(-14 for losing)\n|l|\u203dTDgarden\n","uploadtime":1699547699,"views":4,"p1id":"risinglory","p2id":"tdgarden","formatid":"gen9anythinggoes","rating":1406,"private":0,"password":""}