{"id":"gen9anythinggoes-1997477757","p1":"FaZe_CupRee","p2":"Dumbfudge","format":"[Gen 9] Anything Goes","log":"|j|\u2606FaZe_CupRee\n|j|\u2606Dumbfudge\n|t:|1700812308\n|gametype|singles\n|player|p1|FaZe_CupRee|170|1438\n|player|p2|Dumbfudge|blackbelt-gen4dp|1338\n|teamsize|p1|6\n|teamsize|p2|6\n|gen|9\n|tier|[Gen 9] Anything Goes\n|rated|\n|rule|HP Percentage Mod: HP is shown in percentages\n|rule|Endless Battle Clause: Forcing endless battles is banned\n|clearpoke\n|poke|p1|Grimmsnarl, M|\n|poke|p1|Calyrex-Shadow|\n|poke|p1|Tauros-Paldea-Blaze, M|\n|poke|p1|Miraidon|\n|poke|p1|Zacian-*|\n|poke|p1|Gliscor, F|\n|poke|p2|Shaymin-Sky|\n|poke|p2|Glimmora, M|\n|poke|p2|Zacian-*|\n|poke|p2|Espathra, M|\n|poke|p2|Garchomp, M|\n|poke|p2|Arboliva, F|\n|teampreview\n|inactive|Battle timer is ON: inactive players will automatically lose when time's up. (requested by Dumbfudge)\n|\n|t:|1700812330\n|start\n|switch|p1a: S. Borra|Calyrex-Shadow|100\/100\n|switch|p2a: Whooping cough|Zacian-Crowned|100\/100\n|-ability|p1a: S. Borra|As One\n|-ability|p1a: S. Borra|Unnerve\n|-ability|p2a: Whooping cough|Intrepid Sword|boost\n|-boost|p2a: Whooping cough|atk|1\n|turn|1\n|\n|t:|1700812369\n|switch|p1a: G. Gasperini|Gliscor, F, shiny|100\/100\n|move|p2a: Whooping cough|Behemoth Blade|p1a: G. Gasperini\n|-damage|p1a: G. Gasperini|34\/100\n|\n|-status|p1a: G. Gasperini|tox|[from] item: Toxic Orb\n|upkeep\n|turn|2\n|\n|t:|1700812378\n|move|p1a: G. Gasperini|Protect|p1a: G. Gasperini\n|-singleturn|p1a: G. Gasperini|Protect\n|move|p2a: Whooping cough|Agility|p2a: Whooping cough\n|-boost|p2a: Whooping cough|spe|2\n|\n|-heal|p1a: G. Gasperini|47\/100 tox|[from] ability: Poison Heal\n|upkeep\n|turn|3\n|\n|t:|1700812392\n|-terastallize|p2a: Whooping cough|Steel\n|move|p2a: Whooping cough|Behemoth Blade|p1a: G. Gasperini\n|-damage|p1a: G. Gasperini|0 fnt\n|faint|p1a: G. Gasperini\n|\n|upkeep\n|j| ImNotKetchup\n|\n|t:|1700812399\n|switch|p1a: L.Terme|Grimmsnarl, M|100\/100\n|turn|4\n|\n|t:|1700812402\n|move|p1a: L.Terme|Thunder Wave|p2a: Whooping cough\n|-status|p2a: Whooping cough|par\n|move|p2a: Whooping cough|Behemoth Blade|p1a: L.Terme\n|-supereffective|p1a: L.Terme\n|-damage|p1a: L.Terme|0 fnt\n|faint|p1a: L.Terme\n|\n|upkeep\n|\n|t:|1700812410\n|switch|p1a: S. Corra|Tauros-Paldea-Blaze, M|100\/100\n|-ability|p1a: S. Corra|Intimidate|boost\n|-unboost|p2a: Whooping cough|atk|1\n|turn|5\n|l| ImNotKetchup\n|\n|t:|1700812417\n|cant|p2a: Whooping cough|par\n|move|p1a: S. Corra|Earthquake|p2a: Whooping cough\n|-supereffective|p2a: Whooping cough\n|-damage|p2a: Whooping cough|46\/100 par\n|\n|upkeep\n|turn|6\n|\n|t:|1700812426\n|switch|p2a: Cancer|Shaymin-Sky|100\/100\n|move|p1a: S. Corra|Raging Bull|p2a: Cancer\n|-supereffective|p2a: Cancer\n|-damage|p2a: Cancer|0 fnt\n|faint|p2a: Cancer\n|\n|upkeep\n|\n|t:|1700812435\n|switch|p2a: Whooping cough|Zacian-Crowned, tera:Steel|46\/100 par\n|turn|7\n|\n|t:|1700812440\n|switch|p2a: Acne|Glimmora, M|100\/100\n|move|p1a: S. Corra|Raging Bull|p2a: Acne\n|-resisted|p2a: Acne\n|-damage|p2a: Acne|79\/100\n|-damage|p1a: S. Corra|84\/100|[from] item: Rocky Helmet|[of] p2a: Acne\n|-activate|p2a: Acne|ability: Toxic Debris\n|-sidestart|p1: FaZe_CupRee|move: Toxic Spikes\n|\n|-heal|p1a: S. Corra|90\/100|[from] item: Leftovers\n|upkeep\n|turn|8\n|\n|t:|1700812452\n|move|p1a: S. Corra|Earthquake|p2a: Acne\n|-supereffective|p2a: Acne\n|-damage|p2a: Acne|0 fnt\n|-activate|p2a: Acne|ability: Toxic Debris\n|-sidestart|p1: FaZe_CupRee|move: Toxic Spikes\n|faint|p2a: Acne\n|\n|-heal|p1a: S. Corra|96\/100|[from] item: Leftovers\n|upkeep\n|\n|t:|1700812461\n|switch|p2a: Psoriasis|Garchomp, M|100\/100\n|turn|9\n|\n|t:|1700812469\n|move|p1a: S. Corra|Close Combat|p2a: Psoriasis\n|-damage|p2a: Psoriasis|62\/100\n|-unboost|p1a: S. Corra|def|1\n|-unboost|p1a: S. Corra|spd|1\n|-damage|p1a: S. Corra|84\/100|[from] ability: Rough Skin|[of] p2a: Psoriasis\n|-damage|p1a: S. Corra|68\/100|[from] item: Rocky Helmet|[of] p2a: Psoriasis\n|move|p2a: Psoriasis|Dragon Claw|p1a: S. Corra\n|-damage|p1a: S. Corra|12\/100\n|\n|-heal|p1a: S. Corra|18\/100|[from] item: Leftovers\n|upkeep\n|turn|10\n|\n|t:|1700812483\n|move|p1a: S. Corra|Close Combat|p2a: Psoriasis\n|-damage|p2a: Psoriasis|27\/100\n|-unboost|p1a: S. Corra|def|1\n|-unboost|p1a: S. Corra|spd|1\n|-damage|p1a: S. Corra|6\/100|[from] ability: Rough Skin|[of] p2a: Psoriasis\n|-damage|p1a: S. Corra|0 fnt|[from] item: Rocky Helmet|[of] p2a: Psoriasis\n|faint|p1a: S. Corra\n|move|p2a: Psoriasis|Dragon Claw|p1: S. Corra|[notarget]\n|-fail|p2a: Psoriasis\n|\n|upkeep\n|\n|t:|1700812493\n|switch|p1a: Emma Chota|Zacian-Crowned, shiny|100\/100\n|-ability|p1a: Emma Chota|Intrepid Sword|boost\n|-boost|p1a: Emma Chota|atk|1\n|turn|11\n|\n|t:|1700812504\n|move|p1a: Emma Chota|Play Rough|p2a: Psoriasis\n|-supereffective|p2a: Psoriasis\n|-damage|p2a: Psoriasis|0 fnt\n|-damage|p1a: Emma Chota|88\/100|[from] ability: Rough Skin|[of] p2a: Psoriasis\n|-damage|p1a: Emma Chota|72\/100|[from] item: Rocky Helmet|[of] p2a: Psoriasis\n|faint|p2a: Psoriasis\n|\n|upkeep\n|\n|t:|1700812512\n|switch|p2a: Iron poisoning|Arboliva, F|100\/100\n|turn|12\n|\n|t:|1700812516\n|move|p1a: Emma Chota|Swords Dance|p1a: Emma Chota\n|-boost|p1a: Emma Chota|atk|2\n|move|p2a: Iron poisoning|Memento|p1a: Emma Chota\n|-unboost|p1a: Emma Chota|atk|2\n|-unboost|p1a: Emma Chota|spa|2\n|faint|p2a: Iron poisoning\n|\n|upkeep\n|\n|t:|1700812525\n|switch|p2a: Whooping cough|Zacian-Crowned, tera:Steel|46\/100 par\n|turn|13\n|\n|t:|1700812530\n|move|p1a: Emma Chota|Behemoth Blade|p2a: Whooping cough\n|-resisted|p2a: Whooping cough\n|-damage|p2a: Whooping cough|7\/100 par\n|move|p2a: Whooping cough|Behemoth Blade|p1a: Emma Chota\n|-damage|p1a: Emma Chota|4\/100\n|\n|upkeep\n|turn|14\n|\n|t:|1700812539\n|move|p2a: Whooping cough|Quick Attack|p1a: Emma Chota\n|-resisted|p1a: Emma Chota\n|-damage|p1a: Emma Chota|0 fnt\n|faint|p1a: Emma Chota\n|\n|upkeep\n|\n|t:|1700812546\n|switch|p1a: Dennis la Minaccia|Miraidon|100\/100\n|-status|p1a: Dennis la Minaccia|tox\n|-fieldstart|move: Electric Terrain|[from] ability: Hadron Engine|[of] p1a: Dennis la Minaccia\n|turn|15\n|\n|t:|1700812563\n|move|p2a: Whooping cough|Quick Attack|p1a: Dennis la Minaccia\n|-damage|p1a: Dennis la Minaccia|86\/100 tox\n|move|p1a: Dennis la Minaccia|Volt Switch|p2a: Whooping cough\n|-damage|p2a: Whooping cough|0 fnt\n|faint|p2a: Whooping cough\n|\n|t:|1700812569\n|switch|p1a: S. Borra|Calyrex-Shadow|100\/100|[from] Volt Switch\n|-ability|p1a: S. Borra|As One\n|-ability|p1a: S. Borra|Unnerve\n|-status|p1a: S. Borra|tox\n|\n|-damage|p1a: S. Borra|94\/100 tox|[from] psn\n|upkeep\n|\n|t:|1700812579\n|switch|p2a: Chickenpox|Espathra, M|100\/100\n|turn|16\n|\n|t:|1700812582\n|move|p2a: Chickenpox|Protect|p2a: Chickenpox\n|-singleturn|p2a: Chickenpox|Protect\n|move|p1a: S. Borra|Nasty Plot|p1a: S. Borra\n|-boost|p1a: S. Borra|spa|2\n|\n|-damage|p1a: S. Borra|82\/100 tox|[from] psn\n|-ability|p2a: Chickenpox|Speed Boost|boost\n|-boost|p2a: Chickenpox|spe|1\n|upkeep\n|turn|17\n|\n|t:|1700812592\n|move|p2a: Chickenpox|Substitute|p2a: Chickenpox\n|-start|p2a: Chickenpox|Substitute\n|-damage|p2a: Chickenpox|76\/100\n|move|p1a: S. Borra|Astral Barrage|p2a: Chickenpox\n|-supereffective|p2a: Chickenpox\n|-end|p2a: Chickenpox|Substitute\n|\n|-damage|p1a: S. Borra|64\/100 tox|[from] psn\n|-ability|p2a: Chickenpox|Speed Boost|boost\n|-boost|p2a: Chickenpox|spe|1\n|upkeep\n|turn|18\n|\n|t:|1700812605\n|move|p2a: Chickenpox|Substitute|p2a: Chickenpox\n|-start|p2a: Chickenpox|Substitute\n|-damage|p2a: Chickenpox|51\/100\n|move|p1a: S. Borra|Nasty Plot|p1a: S. Borra\n|-boost|p1a: S. Borra|spa|2\n|\n|-damage|p1a: S. Borra|39\/100 tox|[from] psn\n|-ability|p2a: Chickenpox|Speed Boost|boost\n|-boost|p2a: Chickenpox|spe|1\n|upkeep\n|turn|19\n|\n|t:|1700812614\n|move|p2a: Chickenpox|Protect|p2a: Chickenpox\n|-singleturn|p2a: Chickenpox|Protect\n|move|p1a: S. Borra|Astral Barrage|p2a: Chickenpox\n|-activate|p2a: Chickenpox|move: Protect\n|\n|-damage|p1a: S. Borra|8\/100 tox|[from] psn\n|-fieldend|move: Electric Terrain\n|-ability|p2a: Chickenpox|Speed Boost|boost\n|-boost|p2a: Chickenpox|spe|1\n|upkeep\n|turn|20\n|\n|t:|1700812629\n|move|p2a: Chickenpox|Hypnosis|p1a: S. Borra|[miss]\n|-miss|p2a: Chickenpox|p1a: S. Borra\n|move|p1a: S. Borra|Astral Barrage|p2a: Chickenpox\n|-supereffective|p2a: Chickenpox\n|-end|p2a: Chickenpox|Substitute\n|\n|-damage|p1a: S. Borra|0 fnt|[from] psn\n|faint|p1a: S. Borra\n|-ability|p2a: Chickenpox|Speed Boost|boost\n|-boost|p2a: Chickenpox|spe|1\n|upkeep\n|\n|t:|1700812640\n|switch|p1a: Dennis la Minaccia|Miraidon|86\/100 tox\n|-fieldstart|move: Electric Terrain|[from] ability: Hadron Engine|[of] p1a: Dennis la Minaccia\n|turn|21\n|\n|t:|1700812648\n|-terastallize|p1a: Dennis la Minaccia|Fairy\n|move|p2a: Chickenpox|Protect|p2a: Chickenpox\n|-singleturn|p2a: Chickenpox|Protect\n|move|p1a: Dennis la Minaccia|Electro Drift|p2a: Chickenpox\n|-activate|p2a: Chickenpox|move: Protect\n|\n|-damage|p1a: Dennis la Minaccia|79\/100 tox|[from] psn\n|-ability|p2a: Chickenpox|Speed Boost|boost\n|-boost|p2a: Chickenpox|spe|1\n|upkeep\n|turn|22\n|\n|t:|1700812661\n|move|p2a: Chickenpox|Substitute|p2a: Chickenpox\n|-start|p2a: Chickenpox|Substitute\n|-damage|p2a: Chickenpox|26\/100\n|move|p1a: Dennis la Minaccia|Electro Drift|p2a: Chickenpox\n|-end|p2a: Chickenpox|Substitute\n|\n|-damage|p1a: Dennis la Minaccia|67\/100 tox|[from] psn\n|upkeep\n|turn|23\n|\n|t:|1700812670\n|move|p2a: Chickenpox|Protect|p2a: Chickenpox\n|-singleturn|p2a: Chickenpox|Protect\n|move|p1a: Dennis la Minaccia|Electro Drift|p2a: Chickenpox\n|-activate|p2a: Chickenpox|move: Protect\n|\n|-damage|p1a: Dennis la Minaccia|49\/100 tox|[from] psn\n|upkeep\n|turn|24\n|\n|t:|1700812680\n|move|p2a: Chickenpox|Substitute|p2a: Chickenpox\n|-start|p2a: Chickenpox|Substitute\n|-damage|p2a: Chickenpox|1\/100\n|move|p1a: Dennis la Minaccia|Electro Drift|p2a: Chickenpox\n|-end|p2a: Chickenpox|Substitute\n|\n|-damage|p1a: Dennis la Minaccia|24\/100 tox|[from] psn\n|-enditem|p2a: Chickenpox|Micle Berry|[eat]\n|upkeep\n|turn|25\n|\n|t:|1700812692\n|move|p2a: Chickenpox|Protect|p2a: Chickenpox\n|-singleturn|p2a: Chickenpox|Protect\n|move|p1a: Dennis la Minaccia|Electro Drift|p2a: Chickenpox\n|-activate|p2a: Chickenpox|move: Protect\n|\n|-damage|p1a: Dennis la Minaccia|0 fnt|[from] psn\n|faint|p1a: Dennis la Minaccia\n|\n|win|Dumbfudge\n|upkeep\n|raw|FaZe_CupRee's rating: 1438 &rarr; <strong>1412<\/strong><br \/>(-26 for losing)\n|raw|Dumbfudge's rating: 1338 &rarr; <strong>1364<\/strong><br \/>(+26 for winning)\n|l|\u2606FaZe_CupRee\n|c|\u2606Dumbfudge|Gg\n","uploadtime":1700812722,"views":1,"p1id":"fazecupree","p2id":"dumbfudge","formatid":"gen9anythinggoes","rating":1364,"private":0,"password":""}