{"id":"gen9anythinggoes-1984230363","p1":"Dumbfudge","p2":"Raymond R3ddington","format":"[Gen 9] Anything Goes","log":"|j|\u2606Dumbfudge\n|j|\u2606Raymond R3ddington\n|t:|1699232799\n|gametype|singles\n|player|p1|Dumbfudge|blackbelt-gen4dp|1340\n|player|p2|Raymond R3ddington|giovanni|1397\n|teamsize|p1|6\n|teamsize|p2|6\n|gen|9\n|tier|[Gen 9] Anything Goes\n|rated|\n|rule|HP Percentage Mod: HP is shown in percentages\n|rule|Endless Battle Clause: Forcing endless battles is banned\n|clearpoke\n|poke|p1|Espathra, M|\n|poke|p1|Giratina|\n|poke|p1|Shaymin-Sky|\n|poke|p1|Zacian-*|\n|poke|p1|Breloom, F|\n|poke|p1|Ditto|\n|poke|p2|Chien-Pao|\n|poke|p2|Urshifu-*, F|\n|poke|p2|Urshifu-*, M|\n|poke|p2|Ceruledge, M|\n|poke|p2|Groudon|\n|poke|p2|Regieleki|\n|teampreview\n|inactive|Battle timer is ON: inactive players will automatically lose when time's up. (requested by Raymond R3ddington)\n|\n|t:|1699232809\n|start\n|switch|p1a: Whooping cough|Zacian-Crowned|100\/100\n|switch|p2a: Urshifu|Urshifu, M|100\/100\n|-ability|p1a: Whooping cough|Intrepid Sword|boost\n|-boost|p1a: Whooping cough|atk|1\n|turn|1\n|\n|t:|1699232824\n|-terastallize|p1a: Whooping cough|Steel\n|move|p1a: Whooping cough|Behemoth Blade|p2a: Urshifu\n|-damage|p2a: Urshifu|0 fnt\n|faint|p2a: Urshifu\n|\n|upkeep\n|\n|t:|1699232833\n|switch|p2a: Ceruledge|Ceruledge, M|100\/100\n|turn|2\n|\n|t:|1699232845\n|move|p1a: Whooping cough|Behemoth Blade|p2a: Ceruledge\n|-resisted|p2a: Ceruledge\n|-damage|p2a: Ceruledge|24\/100\n|-ability|p2a: Ceruledge|Weak Armor|boost\n|-unboost|p2a: Ceruledge|def|1\n|-boost|p2a: Ceruledge|spe|2\n|move|p2a: Ceruledge|Swords Dance|p2a: Ceruledge\n|-boost|p2a: Ceruledge|atk|2\n|\n|upkeep\n|turn|3\n|\n|t:|1699232855\n|move|p2a: Ceruledge|Bitter Blade|p1a: Whooping cough\n|-supereffective|p1a: Whooping cough\n|-damage|p1a: Whooping cough|0 fnt\n|-heal|p2a: Ceruledge|80\/100|[from] drain|[of] p1a: Whooping cough\n|faint|p1a: Whooping cough\n|\n|upkeep\n|\n|t:|1699232874\n|switch|p1a: Bed bug|Giratina|100\/100\n|-ability|p1a: Bed bug|Pressure\n|turn|4\n|\n|t:|1699232885\n|move|p1a: Bed bug|Shadow Sneak|p2a: Ceruledge\n|-supereffective|p2a: Ceruledge\n|-damage|p2a: Ceruledge|0 fnt\n|faint|p2a: Ceruledge\n|\n|upkeep\n|\n|t:|1699232891\n|switch|p2a: Chien-Pao|Chien-Pao|100\/100\n|-ability|p2a: Chien-Pao|Sword of Ruin\n|turn|5\n|\n|t:|1699232904\n|move|p2a: Chien-Pao|Night Slash|p1a: Bed bug\n|-supereffective|p1a: Bed bug\n|-damage|p1a: Bed bug|42\/100\n|move|p1a: Bed bug|Outrage|p2a: Chien-Pao\n|-damage|p2a: Chien-Pao|17\/100\n|\n|upkeep\n|turn|6\n|\n|t:|1699232912\n|move|p2a: Chien-Pao|Sucker Punch|p1a: Bed bug\n|-supereffective|p1a: Bed bug\n|-damage|p1a: Bed bug|0 fnt\n|faint|p1a: Bed bug\n|\n|upkeep\n|\n|t:|1699232917\n|switch|p1a: Cancer|Shaymin-Sky|100\/100\n|turn|7\n|\n|t:|1699232921\n|move|p1a: Cancer|Air Slash|p2a: Chien-Pao\n|-damage|p2a: Chien-Pao|0 fnt\n|faint|p2a: Chien-Pao\n|\n|upkeep\n|\n|t:|1699232925\n|switch|p2a: Regieleki|Regieleki, shiny|100\/100\n|turn|8\n|\n|t:|1699232929\n|move|p1a: Cancer|Air Slash|p2a: Regieleki\n|-resisted|p2a: Regieleki\n|-damage|p2a: Regieleki|67\/100\n|cant|p2a: Regieleki|flinch\n|\n|upkeep\n|turn|9\n|\n|t:|1699232934\n|move|p1a: Cancer|Air Slash|p2a: Regieleki\n|-resisted|p2a: Regieleki\n|-damage|p2a: Regieleki|35\/100\n|cant|p2a: Regieleki|flinch\n|\n|upkeep\n|turn|10\n|\n|t:|1699232940\n|move|p1a: Cancer|Air Slash|p2a: Regieleki|[miss]\n|-miss|p1a: Cancer|p2a: Regieleki\n|move|p2a: Regieleki|Thunder Cage|p1a: Cancer\n|-damage|p1a: Cancer|34\/100\n|-activate|p1a: Cancer|move: Thunder Cage|[of] p2a: Regieleki\n|\n|-damage|p1a: Cancer|22\/100|[from] move: Thunder Cage|[partiallytrapped]\n|upkeep\n|turn|11\n|\n|t:|1699232949\n|move|p1a: Cancer|Air Slash|p2a: Regieleki\n|-resisted|p2a: Regieleki\n|-damage|p2a: Regieleki|1\/100\n|move|p2a: Regieleki|Rapid Spin|p1a: Cancer\n|-damage|p1a: Cancer|9\/100\n|-boost|p2a: Regieleki|spe|1\n|\n|-damage|p1a: Cancer|0 fnt|[from] move: Thunder Cage|[partiallytrapped]\n|faint|p1a: Cancer\n|upkeep\n|\n|t:|1699232959\n|switch|p1a: Chickenpox|Espathra, M|100\/100\n|turn|12\n|\n|t:|1699232967\n|move|p1a: Chickenpox|Protect|p1a: Chickenpox\n|-singleturn|p1a: Chickenpox|Protect\n|move|p2a: Regieleki|Charge|p2a: Regieleki\n|-boost|p2a: Regieleki|spd|1\n|-start|p2a: Regieleki|Charge\n|\n|-ability|p1a: Chickenpox|Speed Boost|boost\n|-boost|p1a: Chickenpox|spe|1\n|upkeep\n|turn|13\n|\n|t:|1699232977\n|move|p2a: Regieleki|Thunder Cage|p1a: Chickenpox|[miss]\n|-miss|p2a: Regieleki|p1a: Chickenpox\n|-end|p2a: Regieleki|Charge|[silent]\n|move|p1a: Chickenpox|Hypnosis|p2a: Regieleki|[miss]\n|-miss|p1a: Chickenpox|p2a: Regieleki\n|\n|-ability|p1a: Chickenpox|Speed Boost|boost\n|-boost|p1a: Chickenpox|spe|1\n|upkeep\n|turn|14\n|\n|t:|1699232987\n|move|p2a: Regieleki|Charge|p2a: Regieleki\n|-boost|p2a: Regieleki|spd|1\n|-start|p2a: Regieleki|Charge\n|move|p1a: Chickenpox|Hypnosis|p2a: Regieleki\n|-status|p2a: Regieleki|slp|[from] move: Hypnosis\n|\n|-ability|p1a: Chickenpox|Speed Boost|boost\n|-boost|p1a: Chickenpox|spe|1\n|upkeep\n|turn|15\n|\n|t:|1699232997\n|move|p1a: Chickenpox|Substitute|p1a: Chickenpox\n|-start|p1a: Chickenpox|Substitute\n|-damage|p1a: Chickenpox|76\/100\n|cant|p2a: Regieleki|slp\n|-end|p2a: Regieleki|Charge|[silent]\n|\n|-ability|p1a: Chickenpox|Speed Boost|boost\n|-boost|p1a: Chickenpox|spe|1\n|upkeep\n|turn|16\n|\n|t:|1699233005\n|switch|p2a: Groudon|Groudon, shiny|100\/100\n|-weather|SunnyDay|[from] ability: Drought|[of] p2a: Groudon\n|move|p1a: Chickenpox|Baton Pass|p1a: Chickenpox\n|\n|t:|1699233010\n|switch|p1a: Flat out AIDS|Breloom, F|100\/100|[from] Baton Pass\n|\n|-weather|SunnyDay|[upkeep]\n|upkeep\n|turn|17\n|\n|t:|1699233021\n|move|p1a: Flat out AIDS|Spore|p2a: Groudon\n|-status|p2a: Groudon|slp|[from] move: Spore\n|cant|p2a: Groudon|slp\n|\n|-weather|SunnyDay|[upkeep]\n|upkeep\n|turn|18\n|\n|t:|1699233029\n|-singleturn|p1a: Flat out AIDS|move: Focus Punch\n|move|p1a: Flat out AIDS|Focus Punch|p2a: Groudon\n|-damage|p2a: Groudon|42\/100 slp\n|cant|p2a: Groudon|slp\n|\n|-weather|SunnyDay|[upkeep]\n|upkeep\n|turn|19\n|\n|t:|1699233038\n|-terastallize|p2a: Groudon|Fairy\n|-singleturn|p1a: Flat out AIDS|move: Focus Punch\n|move|p1a: Flat out AIDS|Focus Punch|p2a: Groudon\n|-resisted|p2a: Groudon\n|-damage|p2a: Groudon|14\/100 slp\n|-curestatus|p2a: Groudon|slp|[msg]\n|move|p2a: Groudon|Roar|p1a: Flat out AIDS\n|drag|p1a: Ditto|Ditto|100\/100\n|-transform|p1a: Ditto|p2a: Groudon|[from] ability: Imposter\n|\n|-weather|SunnyDay|[upkeep]\n|upkeep\n|-start|p1a: Ditto|typechange|Ground|[silent]\n|turn|20\n|\n|t:|1699233063\n|move|p1a: Ditto|Precipice Blades|p2a: Groudon\n|-damage|p2a: Groudon|0 fnt\n|faint|p2a: Groudon\n|\n|-weather|none\n|upkeep\n|\n|t:|1699233068\n|switch|p2a: Regieleki|Regieleki, shiny|1\/100 slp\n|turn|21\n|\n|t:|1699233075\n|cant|p2a: Regieleki|slp\n|move|p1a: Ditto|Precipice Blades|p2a: Regieleki\n|-supereffective|p2a: Regieleki\n|-damage|p2a: Regieleki|0 fnt\n|faint|p2a: Regieleki\n|\n|upkeep\n|\n|t:|1699233077\n|switch|p2a: Urshifu|Urshifu-Rapid-Strike, F|100\/100\n|turn|22\n|\n|t:|1699233088\n|move|p1a: Ditto|Precipice Blades|p2a: Urshifu\n|-damage|p2a: Urshifu|34\/100\n|move|p2a: Urshifu|Ice Spinner|p1a: Ditto\n|-supereffective|p1a: Ditto\n|-damage|p1a: Ditto|41\/100\n|\n|upkeep\n|turn|23\n|\n|t:|1699233095\n|move|p2a: Urshifu|Aqua Jet|p1a: Ditto\n|-supereffective|p1a: Ditto\n|-damage|p1a: Ditto|0 fnt\n|faint|p1a: Ditto\n|\n|upkeep\n|\n|t:|1699233101\n|switch|p1a: Chickenpox|Espathra, M|76\/100\n|turn|24\n|\n|t:|1699233107\n|move|p1a: Chickenpox|Protect|p1a: Chickenpox\n|-singleturn|p1a: Chickenpox|Protect\n|move|p2a: Urshifu|Surging Strikes|p1a: Chickenpox\n|-crit|p1a: Chickenpox\n|-damage|p1a: Chickenpox|49\/100\n|-crit|p1a: Chickenpox\n|-damage|p1a: Chickenpox|25\/100\n|-crit|p1a: Chickenpox\n|-damage|p1a: Chickenpox|0 fnt\n|faint|p1a: Chickenpox\n|-hitcount|p1: Chickenpox|3\n|\n|upkeep\n|\n|t:|1699233118\n|switch|p1a: Flat out AIDS|Breloom, F|100\/100\n|turn|25\n|\n|t:|1699233124\n|move|p2a: Urshifu|Ice Spinner|p1a: Flat out AIDS\n|-supereffective|p1a: Flat out AIDS\n|-damage|p1a: Flat out AIDS|18\/100\n|-damage|p2a: Urshifu|17\/100|[from] item: Rocky Helmet|[of] p1a: Flat out AIDS\n|move|p1a: Flat out AIDS|Spore|p2a: Urshifu\n|-status|p2a: Urshifu|slp|[from] move: Spore\n|\n|upkeep\n|turn|26\n|\n|t:|1699233140\n|-singleturn|p1a: Flat out AIDS|move: Focus Punch\n|cant|p2a: Urshifu|slp\n|move|p1a: Flat out AIDS|Focus Punch|p2a: Urshifu\n|-damage|p2a: Urshifu|0 fnt\n|faint|p2a: Urshifu\n|\n|win|Dumbfudge\n|raw|Dumbfudge's rating: 1340 &rarr; <strong>1363<\/strong><br \/>(+23 for winning)\n|raw|Raymond R3ddington's rating: 1397 &rarr; <strong>1374<\/strong><br \/>(-23 for losing)\n","uploadtime":1699233163,"views":3,"p1id":"dumbfudge","p2id":"raymondr3ddington","formatid":"gen9anythinggoes","rating":1363,"private":0,"password":""}