{"id":"gen9anythinggoes-1996940601","p1":"rtyubvcx","p2":"Pastel456","format":"[Gen 9] Anything Goes","log":"|j|\u2606rtyubvcx\n|j|\u2606Pastel456\n|t:|1700747491\n|gametype|singles\n|player|p1|rtyubvcx|266|1077\n|player|p2|Pastel456|idol|1184\n|teamsize|p1|6\n|teamsize|p2|6\n|gen|9\n|tier|[Gen 9] Anything Goes\n|rated|\n|rule|HP Percentage Mod: HP is shown in percentages\n|rule|Endless Battle Clause: Forcing endless battles is banned\n|clearpoke\n|poke|p1|Magearna|\n|poke|p1|Magearna|\n|poke|p1|Magearna|\n|poke|p1|Magearna|\n|poke|p1|Magearna|\n|poke|p1|Magearna|\n|poke|p2|Toxapex, M|\n|poke|p2|Braviary-Hisui, M|\n|poke|p2|Zoroark-Hisui, F|\n|poke|p2|Tinkaton, F|\n|poke|p2|Decidueye-Hisui, M|\n|poke|p2|Tyranitar, F|\n|teampreview\n|inactive|Battle timer is ON: inactive players will automatically lose when time's up. (requested by rtyubvcx)\n|inactive|Pastel456 has 120 seconds left.\n|\n|t:|1700747532\n|start\n|switch|p1a: Magearna|Magearna|100\/100\n|switch|p2a: Dabura|Decidueye-Hisui, M|100\/100\n|turn|1\n|\n|t:|1700747546\n|move|p1a: Magearna|Calm Mind|p1a: Magearna\n|-boost|p1a: Magearna|spa|1\n|-boost|p1a: Magearna|spd|1\n|move|p2a: Dabura|Swords Dance|p2a: Dabura\n|-boost|p2a: Dabura|atk|2\n|\n|upkeep\n|turn|2\n|\n|t:|1700747559\n|move|p1a: Magearna|Draining Kiss|p2a: Dabura\n|-supereffective|p2a: Dabura\n|-damage|p2a: Dabura|18\/100\n|move|p2a: Dabura|Triple Arrows|p1a: Magearna\n|-damage|p1a: Magearna|21\/100\n|\n|-heal|p2a: Dabura|24\/100|[from] item: Leftovers\n|upkeep\n|turn|3\n|\n|t:|1700747567\n|move|p1a: Magearna|Draining Kiss|p2a: Dabura\n|-supereffective|p2a: Dabura\n|-damage|p2a: Dabura|0 fnt\n|-heal|p1a: Magearna|45\/100|[from] drain|[of] p2a: Dabura\n|faint|p2a: Dabura\n|-ability|p1a: Magearna|Soul-Heart|boost\n|-boost|p1a: Magearna|spa|1\n|\n|upkeep\n|\n|t:|1700747573\n|switch|p2a: God|Tyranitar, F, shiny|100\/100\n|turn|4\n|\n|t:|1700747590\n|move|p2a: God|Shadow Claw|p1a: Magearna\n|-damage|p1a: Magearna|15\/100\n|move|p1a: Magearna|Draining Kiss|p2a: God\n|-damage|p2a: God|0 fnt\n|-heal|p1a: Magearna|82\/100|[from] drain|[of] p2a: God\n|replace|p2a: Zoroark|Zoroark-Hisui, F, shiny\n|-end|p2a: Zoroark|Illusion\n|faint|p2a: Zoroark\n|-ability|p1a: Magearna|Soul-Heart|boost\n|-boost|p1a: Magearna|spa|1\n|\n|upkeep\n|\n|t:|1700747600\n|switch|p2a: Bravo|Braviary-Hisui, M, shiny|100\/100\n|turn|5\n|\n|t:|1700747606\n|move|p2a: Bravo|Dazzling Gleam|p1a: Magearna\n|-resisted|p1a: Magearna\n|-damage|p1a: Magearna|72\/100\n|-damage|p2a: Bravo|91\/100|[from] item: Life Orb\n|move|p1a: Magearna|Calm Mind|p1a: Magearna\n|-boost|p1a: Magearna|spa|1\n|-boost|p1a: Magearna|spd|1\n|\n|upkeep\n|turn|6\n|\n|t:|1700747614\n|move|p2a: Bravo|Defog|p1a: Magearna\n|-unboost|p1a: Magearna|evasion|1\n|move|p1a: Magearna|Calm Mind|p1a: Magearna\n|-boost|p1a: Magearna|spa|1\n|-boost|p1a: Magearna|spd|1\n|\n|upkeep\n|turn|7\n|\n|t:|1700747620\n|move|p2a: Bravo|Calm Mind|p2a: Bravo\n|-boost|p2a: Bravo|spa|1\n|-boost|p2a: Bravo|spd|1\n|move|p1a: Magearna|Draining Kiss|p2a: Bravo\n|-damage|p2a: Bravo|19\/100\n|-heal|p1a: Magearna|100\/100|[from] drain|[of] p2a: Bravo\n|\n|upkeep\n|turn|8\n|\n|t:|1700747628\n|move|p2a: Bravo|Esper Wing|p1a: Magearna\n|-resisted|p1a: Magearna\n|-damage|p1a: Magearna|83\/100\n|move|p1a: Magearna|Draining Kiss|p2a: Bravo\n|-crit|p2a: Bravo\n|-damage|p2a: Bravo|0 fnt\n|-heal|p1a: Magearna|100\/100|[from] drain|[of] p2a: Bravo\n|faint|p2a: Bravo\n|-ability|p1a: Magearna|Soul-Heart|boost\n|-boost|p1a: Magearna|spa|1\n|\n|upkeep\n|\n|t:|1700747638\n|switch|p2a: God|Tyranitar, F, shiny|100\/100\n|-weather|Sandstorm|[from] ability: Sand Stream|[of] p2a: God\n|turn|9\n|\n|t:|1700747643\n|move|p1a: Magearna|Draining Kiss|p2a: God\n|-supereffective|p2a: God\n|-damage|p2a: God|0 fnt\n|faint|p2a: God\n|\n|-weather|Sandstorm|[upkeep]\n|upkeep\n|\n|t:|1700747646\n|switch|p2a: Chick|Tinkaton, F, shiny|100\/100\n|-ability|p2a: Chick|Mold Breaker\n|turn|10\n|\n|t:|1700747656\n|move|p2a: Chick|Encore|p1a: Magearna\n|-start|p1a: Magearna|Encore\n|move|p1a: Magearna|Draining Kiss|p2a: Chick\n|-resisted|p2a: Chick\n|-damage|p2a: Chick|51\/100\n|\n|-weather|Sandstorm|[upkeep]\n|-heal|p2a: Chick|57\/100|[from] item: Leftovers\n|upkeep\n|turn|11\n|\n|t:|1700747664\n|move|p2a: Chick|Swords Dance|p2a: Chick\n|-boost|p2a: Chick|atk|2\n|move|p1a: Magearna|Draining Kiss|p2a: Chick\n|-resisted|p2a: Chick\n|-damage|p2a: Chick|11\/100\n|\n|-weather|Sandstorm|[upkeep]\n|-heal|p2a: Chick|17\/100|[from] item: Leftovers\n|upkeep\n|turn|12\n|\n|t:|1700747672\n|move|p2a: Chick|Brick Break|p1a: Magearna\n|-damage|p1a: Magearna|76\/100\n|move|p1a: Magearna|Draining Kiss|p2a: Chick\n|-resisted|p2a: Chick\n|-damage|p2a: Chick|0 fnt\n|-heal|p1a: Magearna|93\/100|[from] drain|[of] p2a: Chick\n|faint|p2a: Chick\n|\n|-weather|Sandstorm|[upkeep]\n|-end|p1a: Magearna|Encore\n|upkeep\n|\n|t:|1700747674\n|switch|p2a: Toxatic|Toxapex, M, shiny|100\/100\n|turn|13\n|\n|t:|1700747681\n|move|p2a: Toxatic|Baneful Bunker|p2a: Toxatic\n|-singleturn|p2a: Toxatic|move: Protect\n|move|p1a: Magearna|Draining Kiss|p2a: Toxatic\n|-activate|p2a: Toxatic|move: Protect\n|\n|-weather|none\n|upkeep\n|turn|14\n|\n|t:|1700747689\n|move|p2a: Toxatic|Body Slam|p1a: Magearna\n|-resisted|p1a: Magearna\n|-damage|p1a: Magearna|84\/100\n|move|p1a: Magearna|Draining Kiss|p2a: Toxatic\n|-resisted|p2a: Toxatic\n|-damage|p2a: Toxatic|38\/100\n|-heal|p1a: Magearna|100\/100|[from] drain|[of] p2a: Toxatic\n|-damage|p1a: Magearna|84\/100|[from] item: Rocky Helmet|[of] p2a: Toxatic\n|\n|upkeep\n|turn|15\n|\n|t:|1700747698\n|move|p2a: Toxatic|Body Slam|p1a: Magearna\n|-resisted|p1a: Magearna\n|-damage|p1a: Magearna|76\/100\n|move|p1a: Magearna|Draining Kiss|p2a: Toxatic\n|-resisted|p2a: Toxatic\n|-damage|p2a: Toxatic|0 fnt\n|-heal|p1a: Magearna|100\/100|[from] drain|[of] p2a: Toxatic\n|-damage|p1a: Magearna|84\/100|[from] item: Rocky Helmet|[of] p2a: Toxatic\n|faint|p2a: Toxatic\n|\n|win|rtyubvcx\n|raw|rtyubvcx's rating: 1077 &rarr; <strong>1114<\/strong><br \/>(+37 for winning)\n|raw|Pastel456's rating: 1184 &rarr; <strong>1152<\/strong><br \/>(-32 for losing)\n|l|\u2606Pastel456\n","uploadtime":1700747722,"views":9,"p1id":"rtyubvcx","p2id":"pastel456","formatid":"gen9anythinggoes","rating":1114,"private":0,"password":""}