{"id":"gen9anythinggoes-1997186530","p1":"fishingmage","p2":"Mr Linganore","format":"[Gen 9] Anything Goes","log":"|j|\u2606fishingmage\n|j|\u2606Mr Linganore\n|t:|1700773401\n|gametype|singles\n|player|p1|fishingmage|fisherman-gen4|1166\n|player|p2|Mr Linganore|266|1194\n|teamsize|p1|6\n|teamsize|p2|6\n|gen|9\n|tier|[Gen 9] Anything Goes\n|rated|\n|rule|HP Percentage Mod: HP is shown in percentages\n|rule|Endless Battle Clause: Forcing endless battles is banned\n|clearpoke\n|poke|p1|Cramorant, M|\n|poke|p1|Chesnaught, F|\n|poke|p1|Dondozo, M|\n|poke|p1|Sandslash, M|\n|poke|p1|Enamorus, F|\n|poke|p1|Salamence, F|\n|poke|p2|Maushold-Four|\n|poke|p2|Flutter Mane|\n|poke|p2|Miraidon|\n|poke|p2|Rabsca, M|\n|poke|p2|Garganacl, F|\n|poke|p2|Houndstone, M|\n|teampreview\n|\n|t:|1700773422\n|start\n|switch|p1a: This is cute idk|Enamorus, F|100\/100\n|switch|p2a: Flutter Mane|Flutter Mane, shiny|100\/100\n|turn|1\n|\n|t:|1700773433\n|move|p2a: Flutter Mane|Shadow Ball|p1a: This is cute idk\n|-damage|p1a: This is cute idk|23\/100\n|-damage|p2a: Flutter Mane|91\/100|[from] item: Life Orb\n|move|p1a: This is cute idk|Play Rough|p2a: Flutter Mane\n|-damage|p2a: Flutter Mane|0 fnt\n|faint|p2a: Flutter Mane\n|-end|p2a: Flutter Mane|Protosynthesis|[silent]\n|\n|upkeep\n|\n|t:|1700773445\n|switch|p2a: SSSReplacement|Garganacl, F, shiny|100\/100\n|turn|2\n|\n|t:|1700773455\n|-terastallize|p2a: SSSReplacement|Fairy\n|move|p1a: This is cute idk|Superpower|p2a: SSSReplacement\n|-resisted|p2a: SSSReplacement\n|-damage|p2a: SSSReplacement|87\/100\n|-boost|p1a: This is cute idk|atk|1\n|-boost|p1a: This is cute idk|def|1\n|move|p2a: SSSReplacement|Iron Defense|p2a: SSSReplacement\n|-boost|p2a: SSSReplacement|def|2\n|\n|-heal|p2a: SSSReplacement|94\/100|[from] item: Leftovers\n|upkeep\n|turn|3\n|\n|t:|1700773464\n|move|p1a: This is cute idk|Play Rough|p2a: SSSReplacement\n|-damage|p2a: SSSReplacement|71\/100\n|move|p2a: SSSReplacement|Salt Cure|p1a: This is cute idk\n|-supereffective|p1a: This is cute idk\n|-damage|p1a: This is cute idk|0 fnt\n|faint|p1a: This is cute idk\n|\n|-heal|p2a: SSSReplacement|77\/100|[from] item: Leftovers\n|upkeep\n|\n|t:|1700773467\n|switch|p1a: OH GOD PUT EM DOWN|Cramorant, M, shiny|100\/100\n|turn|4\n|\n|t:|1700773471\n|move|p1a: OH GOD PUT EM DOWN|Surf|p2a: SSSReplacement\n|-formechange|p1a: OH GOD PUT EM DOWN|Cramorant-Gulping|\n|-damage|p2a: SSSReplacement|54\/100\n|move|p2a: SSSReplacement|Salt Cure|p1a: OH GOD PUT EM DOWN\n|-supereffective|p1a: OH GOD PUT EM DOWN\n|-damage|p1a: OH GOD PUT EM DOWN|47\/100\n|-start|p1a: OH GOD PUT EM DOWN|Salt Cure\n|-damage|p2a: SSSReplacement|29\/100|[from] ability: Gulp Missile|[of] p1a: OH GOD PUT EM DOWN\n|-unboost|p2a: SSSReplacement|def|1\n|-formechange|p1a: OH GOD PUT EM DOWN|Cramorant|\n|\n|-heal|p2a: SSSReplacement|35\/100|[from] item: Leftovers\n|-damage|p1a: OH GOD PUT EM DOWN|22\/100|[from] Salt Cure\n|upkeep\n|turn|5\n|\n|t:|1700773478\n|move|p1a: OH GOD PUT EM DOWN|Hurricane|p2a: SSSReplacement\n|-damage|p2a: SSSReplacement|4\/100\n|move|p2a: SSSReplacement|Recover|p2a: SSSReplacement\n|-heal|p2a: SSSReplacement|54\/100\n|\n|-heal|p2a: SSSReplacement|61\/100|[from] item: Leftovers\n|-damage|p1a: OH GOD PUT EM DOWN|0 fnt|[from] Salt Cure\n|faint|p1a: OH GOD PUT EM DOWN\n|upkeep\n|\n|t:|1700773486\n|switch|p1a: Beeg feesh|Dondozo, M|100\/100\n|turn|6\n|\n|t:|1700773490\n|move|p2a: SSSReplacement|Recover|p2a: SSSReplacement\n|-heal|p2a: SSSReplacement|100\/100\n|move|p1a: Beeg feesh|Thrash|p2a: SSSReplacement\n|-crit|p2a: SSSReplacement\n|-damage|p2a: SSSReplacement|64\/100\n|\n|-heal|p2a: SSSReplacement|70\/100|[from] item: Leftovers\n|upkeep\n|turn|7\n|\n|t:|1700773493\n|move|p2a: SSSReplacement|Iron Defense|p2a: SSSReplacement\n|-boost|p2a: SSSReplacement|def|2\n|move|p1a: Beeg feesh|Thrash|p2a: SSSReplacement|[from]lockedmove\n|-damage|p2a: SSSReplacement|43\/100\n|-start|p1a: Beeg feesh|confusion|[fatigue]\n|\n|-heal|p2a: SSSReplacement|50\/100|[from] item: Leftovers\n|upkeep\n|turn|8\n|\n|t:|1700773506\n|move|p2a: SSSReplacement|Recover|p2a: SSSReplacement\n|-heal|p2a: SSSReplacement|99\/100\n|-activate|p1a: Beeg feesh|confusion\n|move|p1a: Beeg feesh|Thrash|p2a: SSSReplacement\n|-damage|p2a: SSSReplacement|74\/100\n|\n|-heal|p2a: SSSReplacement|80\/100|[from] item: Leftovers\n|upkeep\n|turn|9\n|\n|t:|1700773511\n|-activate|p1a: Beeg feesh|confusion\n|move|p1a: Beeg feesh|Thrash|p2a: SSSReplacement|[from]lockedmove\n|-damage|p2a: SSSReplacement|54\/100\n|move|p2a: SSSReplacement|Salt Cure|p1a: Beeg feesh\n|-damage|p1a: Beeg feesh|92\/100\n|-start|p1a: Beeg feesh|Salt Cure\n|\n|-heal|p2a: SSSReplacement|60\/100|[from] item: Leftovers\n|-damage|p1a: Beeg feesh|67\/100|[from] Salt Cure\n|upkeep\n|turn|10\n|\n|t:|1700773515\n|move|p2a: SSSReplacement|Recover|p2a: SSSReplacement\n|-heal|p2a: SSSReplacement|100\/100\n|-end|p1a: Beeg feesh|confusion\n|move|p1a: Beeg feesh|Thrash|p2a: SSSReplacement|[from]lockedmove\n|-damage|p2a: SSSReplacement|77\/100\n|-start|p1a: Beeg feesh|confusion|[fatigue]\n|\n|-heal|p2a: SSSReplacement|83\/100|[from] item: Leftovers\n|-damage|p1a: Beeg feesh|42\/100|[from] Salt Cure\n|upkeep\n|turn|11\n|-message|fishingmage forfeited.\n|\n|win|Mr Linganore\n|raw|fishingmage's rating: 1166 &rarr; <strong>1143<\/strong><br \/>(-23 for losing)\n|raw|Mr Linganore's rating: 1194 &rarr; <strong>1217<\/strong><br \/>(+23 for winning)\n|l|\u2606fishingmage\n","uploadtime":1700773519,"views":0,"p1id":"fishingmage","p2id":"mrlinganore","formatid":"gen9anythinggoes","rating":1143,"private":0,"password":""}