{"id":"gen9anythinggoes-1994232018","p1":"OverLordTrisha","p2":"LordRevan22","format":"[Gen 9] Anything Goes","log":"|j|\u2606OverLordTrisha\n|j|\u2606LordRevan22\n|t:|1700421546\n|gametype|singles\n|player|p1|OverLordTrisha|266|\n|player|p2|LordRevan22|170|\n|teamsize|p1|6\n|teamsize|p2|6\n|gen|9\n|tier|[Gen 9] Anything Goes\n|rule|HP Percentage Mod: HP is shown in percentages\n|rule|Endless Battle Clause: Forcing endless battles is banned\n|clearpoke\n|poke|p1|Chesnaught, F|\n|poke|p1|Goodra, M|\n|poke|p1|Mandibuzz, F|\n|poke|p1|Dusclops, M|\n|poke|p1|Weezing, M|\n|poke|p1|Eelektross, F|\n|poke|p2|Urshifu-*, M|\n|poke|p2|Gliscor, F|\n|poke|p2|Quagsire, F|\n|poke|p2|Clodsire, M|\n|poke|p2|Volcarona, F|\n|poke|p2|Salazzle, F|\n|teampreview\n|inactive|Battle timer is ON: inactive players will automatically lose when time's up. (requested by LordRevan22)\n|j| Fergder\n|inactive|OverLordTrisha has 270 seconds left.\n|\n|t:|1700421593\n|start\n|switch|p1a: Eelektross|Eelektross, F|100\/100\n|switch|p2a: Bear|Urshifu, M|100\/100\n|turn|1\n|\n|t:|1700421604\n|move|p2a: Bear|Substitute|p2a: Bear\n|-start|p2a: Bear|Substitute\n|-damage|p2a: Bear|76\/100\n|move|p1a: Eelektross|Knock Off|p2a: Bear\n|-resisted|p2a: Bear\n|-activate|p2a: Bear|move: Substitute|[damage]\n|\n|-heal|p2a: Bear|82\/100|[from] item: Leftovers\n|upkeep\n|turn|2\n|\n|t:|1700421613\n|move|p2a: Bear|Swords Dance|p2a: Bear\n|-boost|p2a: Bear|atk|2\n|move|p1a: Eelektross|Drain Punch|p2a: Bear\n|-supereffective|p2a: Bear\n|-end|p2a: Bear|Substitute\n|\n|-heal|p2a: Bear|88\/100|[from] item: Leftovers\n|upkeep\n|turn|3\n|\n|t:|1700421624\n|move|p2a: Bear|Substitute|p2a: Bear\n|-start|p2a: Bear|Substitute\n|-damage|p2a: Bear|63\/100\n|move|p1a: Eelektross|Drain Punch|p2a: Bear\n|-supereffective|p2a: Bear\n|-end|p2a: Bear|Substitute\n|\n|-heal|p2a: Bear|69\/100|[from] item: Leftovers\n|upkeep\n|turn|4\n|\n|t:|1700421633\n|move|p2a: Bear|Wicked Blow|p1a: Eelektross\n|-crit|p1a: Eelektross\n|-damage|p1a: Eelektross|0 fnt\n|faint|p1a: Eelektross\n|\n|-heal|p2a: Bear|75\/100|[from] item: Leftovers\n|upkeep\n|\n|t:|1700421663\n|switch|p1a: Dusclops|Dusclops, M|100\/100\n|-ability|p1a: Dusclops|Pressure\n|turn|5\n|\n|t:|1700421674\n|move|p2a: Bear|Substitute|p2a: Bear\n|-start|p2a: Bear|Substitute\n|-damage|p2a: Bear|50\/100\n|move|p1a: Dusclops|Night Shade|p2a: Bear\n|-end|p2a: Bear|Substitute\n|\n|-heal|p2a: Bear|57\/100|[from] item: Leftovers\n|upkeep\n|turn|6\n|\n|t:|1700421691\n|move|p2a: Bear|Swords Dance|p2a: Bear\n|-boost|p2a: Bear|atk|2\n|move|p1a: Dusclops|Night Shade|p2a: Bear\n|-damage|p2a: Bear|27\/100\n|\n|-heal|p2a: Bear|34\/100|[from] item: Leftovers\n|upkeep\n|turn|7\n|\n|t:|1700421701\n|move|p2a: Bear|Wicked Blow|p1a: Dusclops\n|-supereffective|p1a: Dusclops\n|-crit|p1a: Dusclops\n|-damage|p1a: Dusclops|0 fnt\n|faint|p1a: Dusclops\n|\n|-heal|p2a: Bear|40\/100|[from] item: Leftovers\n|upkeep\n|\n|t:|1700421712\n|switch|p1a: Chesnaught|Chesnaught, F|100\/100\n|turn|8\n|\n|t:|1700421718\n|move|p2a: Bear|Ice Punch|p1a: Chesnaught\n|-supereffective|p1a: Chesnaught\n|-damage|p1a: Chesnaught|0 fnt\n|-damage|p2a: Bear|23\/100|[from] item: Rocky Helmet|[of] p1a: Chesnaught\n|faint|p1a: Chesnaught\n|\n|-heal|p2a: Bear|29\/100|[from] item: Leftovers\n|upkeep\n|\n|t:|1700421728\n|switch|p1a: Weezing|Weezing, M|100\/100\n|-ability|p1a: Weezing|Neutralizing Gas\n|turn|9\n|\n|t:|1700421736\n|move|p2a: Bear|Wicked Blow|p1a: Weezing\n|-crit|p1a: Weezing\n|-damage|p1a: Weezing|0 fnt\n|faint|p1a: Weezing\n|-end|p1a: Weezing|ability: Neutralizing Gas\n|\n|-heal|p2a: Bear|35\/100|[from] item: Leftovers\n|upkeep\n|\n|t:|1700421743\n|switch|p1a: Mandibuzz|Mandibuzz, F|100\/100\n|turn|10\n|\n|t:|1700421748\n|move|p2a: Bear|Ice Punch|p1a: Mandibuzz\n|-supereffective|p1a: Mandibuzz\n|-damage|p1a: Mandibuzz|0 fnt\n|faint|p1a: Mandibuzz\n|\n|-heal|p2a: Bear|41\/100|[from] item: Leftovers\n|upkeep\n|\n|t:|1700421755\n|switch|p1a: Goodra|Goodra, M|100\/100\n|turn|11\n|\n|t:|1700421759\n|move|p2a: Bear|Ice Punch|p1a: Goodra\n|-supereffective|p1a: Goodra\n|-damage|p1a: Goodra|0 fnt\n|-ability|p1a: Goodra|Gooey\n|-unboost|p2a: Bear|spe|1\n|faint|p1a: Goodra\n|\n|win|LordRevan22\n|l| Fergder\n|l|\u2606LordRevan22\n|j| Fergder\n","uploadtime":1700421769,"views":26,"p1id":"overlordtrisha","p2id":"lordrevan22","formatid":"gen9anythinggoes","rating":0,"private":0,"password":""}