{"id":"gen9anythinggoes-1995723623","p1":"Iloveluxray5","p2":"Chris6497","format":"[Gen 9] Anything Goes","log":"|j|\u2606Iloveluxray5\n|j|\u2606Chris6497\n|t:|1700597202\n|gametype|singles\n|player|p1|Iloveluxray5|emmet|1087\n|player|p2|Chris6497|scientist-gen4dp|1083\n|teamsize|p1|6\n|teamsize|p2|6\n|gen|9\n|tier|[Gen 9] Anything Goes\n|rated|\n|rule|HP Percentage Mod: HP is shown in percentages\n|rule|Endless Battle Clause: Forcing endless battles is banned\n|clearpoke\n|poke|p1|Oricorio-Sensu, F|\n|poke|p1|Fezandipiti, M|\n|poke|p1|Gliscor, M|\n|poke|p1|Polteageist|\n|poke|p1|Slaking, F|\n|poke|p1|Meloetta|\n|poke|p2|Dialga|\n|poke|p2|Palkia|\n|poke|p2|Palkia|\n|poke|p2|Annihilape, M|\n|poke|p2|Arceus|\n|poke|p2|Arceus-Fire|\n|teampreview\n|inactive|Battle timer is ON: inactive players will automatically lose when time's up. (requested by Chris6497)\n|c|\u2606Iloveluxray5|bruh\n|\n|t:|1700597211\n|start\n|switch|p1a: Polteageist|Polteageist|100\/100\n|switch|p2a: Dialga|Dialga|100\/100\n|-ability|p2a: Dialga|Pressure\n|turn|1\n|\n|t:|1700597218\n|move|p1a: Polteageist|Shell Smash|p1a: Polteageist\n|-unboost|p1a: Polteageist|def|1\n|-unboost|p1a: Polteageist|spd|1\n|-boost|p1a: Polteageist|atk|2\n|-boost|p1a: Polteageist|spa|2\n|-boost|p1a: Polteageist|spe|2\n|move|p2a: Dialga|Roar|p1a: Polteageist\n|drag|p1a: Oricorio|Oricorio-Sensu, F, shiny|100\/100\n|\n|upkeep\n|turn|2\n|\n|t:|1700597228\n|move|p2a: Dialga|Stealth Rock|p1a: Oricorio\n|-sidestart|p1: Iloveluxray5|move: Stealth Rock\n|move|p1a: Oricorio|Tailwind|p1a: Oricorio\n|-sidestart|p1: Iloveluxray5|move: Tailwind\n|\n|upkeep\n|turn|3\n|c|\u2606Chris6497|Dont be complaining\n|c|\u2606Chris6497|it\u2019s anything goes\n|\n|t:|1700597244\n|switch|p1a: Polteageist|Polteageist|100\/100\n|-damage|p1a: Polteageist|88\/100|[from] Stealth Rock\n|move|p2a: Dialga|Roar|p1a: Polteageist\n|drag|p1a: Meloetta|Meloetta|100\/100\n|-damage|p1a: Meloetta|88\/100|[from] Stealth Rock\n|\n|-heal|p1a: Meloetta|94\/100|[from] item: Leftovers\n|upkeep\n|turn|4\n|c|\u2606Iloveluxray5|bro you're team is straight legendarys\n|inactive|Iloveluxray5 has 120 seconds left.\n|c|\u2606Chris6497|Your*\n|c|\u2606Chris6497|and again\n|c|\u2606Chris6497|it\u2019s anything goes\n|c|\u2606Chris6497|Deal with it or go to uu\n|c|\u2606Iloveluxray5|okay your right\n|\n|t:|1700597302\n|switch|p2a: Annihilape|Annihilape, M|100\/100\n|move|p1a: Meloetta|Relic Song|p2a: Annihilape\n|-immune|p2a: Annihilape\n|\n|-heal|p1a: Meloetta|100\/100|[from] item: Leftovers\n|upkeep\n|turn|5\n|c|\u2606Chris6497|You\u2019re *\n|\n|t:|1700597310\n|switch|p1a: Slaking|Slaking, F|100\/100\n|-damage|p1a: Slaking|88\/100|[from] Stealth Rock\n|move|p2a: Annihilape|Drain Punch|p1a: Slaking\n|-supereffective|p1a: Slaking\n|-damage|p1a: Slaking|34\/100\n|\n|-sideend|p1: Iloveluxray5|move: Tailwind\n|-status|p1a: Slaking|brn|[from] item: Flame Orb\n|upkeep\n|turn|6\n|c|\u2606Chris6497|??\n|c|\u2606Iloveluxray5|whatever\n|\n|t:|1700597327\n|move|p1a: Slaking|Facade|p2a: Annihilape\n|-immune|p2a: Annihilape\n|move|p2a: Annihilape|Drain Punch|p1a: Slaking\n|-supereffective|p1a: Slaking\n|-damage|p1a: Slaking|0 fnt\n|faint|p1a: Slaking\n|\n|upkeep\n|c|\u2606Chris6497|???\n|inactive|Iloveluxray5 has 90 seconds left.\n|c|\u2606Chris6497|Why would you swap that in?\n|\n|t:|1700597345\n|switch|p1a: Oricorio|Oricorio-Sensu, F, shiny|100\/100\n|-damage|p1a: Oricorio|76\/100|[from] Stealth Rock\n|turn|7\n|inactive|Iloveluxray5 has 90 seconds left.\n|c|\u2606Chris6497|And then stay in and go for a normal move??\n|\n|t:|1700597359\n|move|p1a: Oricorio|Quiver Dance|p1a: Oricorio\n|-boost|p1a: Oricorio|spa|1\n|-boost|p1a: Oricorio|spd|1\n|-boost|p1a: Oricorio|spe|1\n|move|p2a: Annihilape|Rage Fist|p1a: Oricorio\n|-supereffective|p1a: Oricorio\n|-damage|p1a: Oricorio|0 fnt\n|faint|p1a: Oricorio\n|\n|upkeep\n|\n|t:|1700597368\n|switch|p1a: Polteageist|Polteageist|88\/100\n|-damage|p1a: Polteageist|76\/100|[from] Stealth Rock\n|turn|8\n|inactive|Iloveluxray5 has 90 seconds left.\n|\n|t:|1700597376\n|move|p1a: Polteageist|Strength Sap|p2a: Annihilape\n|-unboost|p2a: Annihilape|atk|1\n|-heal|p1a: Polteageist|100\/100\n|move|p2a: Annihilape|Rage Fist|p1a: Polteageist\n|-supereffective|p1a: Polteageist\n|-damage|p1a: Polteageist|29\/100\n|-ability|p1a: Polteageist|Weak Armor|boost\n|-unboost|p1a: Polteageist|def|1\n|-boost|p1a: Polteageist|spe|2\n|\n|upkeep\n|turn|9\n|\n|t:|1700597386\n|move|p1a: Polteageist|Strength Sap|p2a: Annihilape\n|-unboost|p2a: Annihilape|atk|1\n|-heal|p1a: Polteageist|100\/100\n|move|p2a: Annihilape|Rage Fist|p1a: Polteageist\n|-supereffective|p1a: Polteageist\n|-damage|p1a: Polteageist|33\/100\n|-ability|p1a: Polteageist|Weak Armor|boost\n|-unboost|p1a: Polteageist|def|1\n|-boost|p1a: Polteageist|spe|2\n|\n|upkeep\n|turn|10\n|\n|t:|1700597395\n|move|p1a: Polteageist|Strength Sap|p2a: Annihilape\n|-unboost|p2a: Annihilape|atk|1\n|-heal|p1a: Polteageist|100\/100\n|move|p2a: Annihilape|Rage Fist|p1a: Polteageist\n|-supereffective|p1a: Polteageist\n|-crit|p1a: Polteageist\n|-enditem|p1a: Polteageist|Focus Sash\n|-damage|p1a: Polteageist|1\/100\n|-ability|p1a: Polteageist|Weak Armor|boost\n|-unboost|p1a: Polteageist|def|1\n|-boost|p1a: Polteageist|spe|2\n|\n|upkeep\n|turn|11\n|\n|t:|1700597409\n|move|p1a: Polteageist|Baton Pass|p1a: Polteageist\n|\n|t:|1700597419\n|switch|p1a: Fezandipiti|Fezandipiti, M|100\/100|[from] Baton Pass\n|-damage|p1a: Fezandipiti|88\/100|[from] Stealth Rock\n|move|p2a: Annihilape|Rage Fist|p1a: Fezandipiti\n|-damage|p1a: Fezandipiti|62\/100\n|\n|upkeep\n|turn|12\n|\n|t:|1700597428\n|switch|p2a: Dialga|Dialga|100\/100\n|-ability|p2a: Dialga|Pressure\n|move|p1a: Fezandipiti|Shadow Claw|p2a: Dialga\n|-damage|p2a: Dialga|79\/100\n|\n|-heal|p2a: Dialga|86\/100|[from] item: Leftovers\n|upkeep\n|turn|13\n|c|\u2606Chris6497|Gg\n|c|\u2606Iloveluxray5|gg\n|\n|t:|1700597441\n|move|p1a: Fezandipiti|Play Rough|p2a: Dialga\n|-damage|p2a: Dialga|50\/100\n|move|p2a: Dialga|Flash Cannon|p1a: Fezandipiti\n|-supereffective|p1a: Fezandipiti\n|-damage|p1a: Fezandipiti|0 fnt\n|faint|p1a: Fezandipiti\n|\n|-heal|p2a: Dialga|57\/100|[from] item: Leftovers\n|upkeep\n|\n|t:|1700597450\n|switch|p1a: Gliscor|Gliscor, M|100\/100\n|-damage|p1a: Gliscor|88\/100|[from] Stealth Rock\n|turn|14\n|\n|t:|1700597458\n|switch|p2a: Palkia|Palkia|100\/100\n|-ability|p2a: Palkia|Pressure\n|move|p1a: Gliscor|Earthquake|p2a: Palkia\n|-damage|p2a: Palkia|56\/100\n|\n|-heal|p2a: Palkia|62\/100|[from] item: Leftovers\n|-status|p1a: Gliscor|tox|[from] item: Toxic Orb\n|upkeep\n|turn|15\n|\n|t:|1700597469\n|move|p1a: Gliscor|Protect|p1a: Gliscor\n|-singleturn|p1a: Gliscor|Protect\n|move|p2a: Palkia|Hydro Pump|p1a: Gliscor\n|-activate|p1a: Gliscor|move: Protect\n|\n|-heal|p2a: Palkia|69\/100|[from] item: Leftovers\n|-heal|p1a: Gliscor|100\/100 tox|[from] ability: Poison Heal\n|upkeep\n|turn|16\n|\n|t:|1700597477\n|move|p2a: Palkia|Hydro Pump|p1a: Gliscor\n|-supereffective|p1a: Gliscor\n|-damage|p1a: Gliscor|0 fnt\n|faint|p1a: Gliscor\n|\n|-heal|p2a: Palkia|75\/100|[from] item: Leftovers\n|upkeep\n|\n|t:|1700597484\n|switch|p1a: Polteageist|Polteageist|1\/100\n|-damage|p1a: Polteageist|0 fnt|[from] Stealth Rock\n|faint|p1a: Polteageist\n|\n|t:|1700597488\n|switch|p1a: Meloetta|Meloetta|100\/100\n|-damage|p1a: Meloetta|88\/100|[from] Stealth Rock\n|turn|17\n|\n|t:|1700597492\n|move|p2a: Palkia|Thunder Wave|p1a: Meloetta\n|-status|p1a: Meloetta|par\n|move|p1a: Meloetta|Relic Song|p2a: Palkia\n|-damage|p2a: Palkia|41\/100\n|-formechange|p1a: Meloetta|Meloetta-Pirouette|[msg]\n|\n|-heal|p2a: Palkia|47\/100|[from] item: Leftovers\n|-heal|p1a: Meloetta|94\/100 par|[from] item: Leftovers\n|upkeep\n|turn|18\n|\n|t:|1700597501\n|move|p2a: Palkia|Hydro Pump|p1a: Meloetta\n|-damage|p1a: Meloetta|21\/100 par\n|move|p1a: Meloetta|Play Rough|p2a: Palkia\n|-supereffective|p2a: Palkia\n|-damage|p2a: Palkia|0 fnt\n|faint|p2a: Palkia\n|\n|-heal|p1a: Meloetta|27\/100 par|[from] item: Leftovers\n|upkeep\n|\n|t:|1700597507\n|switch|p2a: Arceus|Arceus-Fire|100\/100\n|turn|19\n|\n|t:|1700597516\n|move|p2a: Arceus|Judgment|p1a: Meloetta\n|-damage|p1a: Meloetta|0 fnt\n|faint|p1a: Meloetta\n|\n|win|Chris6497\n|raw|Iloveluxray5's rating: 1087 &rarr; <strong>1064<\/strong><br \/>(-23 for losing)\n|raw|Chris6497's rating: 1083 &rarr; <strong>1111<\/strong><br \/>(+28 for winning)\n|l|\u2606Iloveluxray5\n","uploadtime":1700597527,"views":0,"p1id":"iloveluxray5","p2id":"chris6497","formatid":"gen9anythinggoes","rating":1064,"private":0,"password":""}