{"id":"gen9anythinggoes-1981995309","p1":"Riryokusoldier","p2":"Fretscorch","format":"[Gen 9] Anything Goes","log":"|j|\u2606Riryokusoldier\n|j|\u2606Fretscorch\n|t:|1698958040\n|gametype|singles\n|player|p1|Riryokusoldier|lusamine-nihilego|1397\n|player|p2|Fretscorch|alder|1352\n|teamsize|p1|6\n|teamsize|p2|6\n|gen|9\n|tier|[Gen 9] Anything Goes\n|rated|\n|rule|HP Percentage Mod: HP is shown in percentages\n|rule|Endless Battle Clause: Forcing endless battles is banned\n|clearpoke\n|poke|p1|Cinderace, F|\n|poke|p1|Clodsire, M|\n|poke|p1|Iron Bundle|\n|poke|p1|Drifblim, F|\n|poke|p1|Cloyster, F|\n|poke|p1|Vivillon-Ocean, F|\n|poke|p2|Ogerpon-Hearthflame, F|\n|poke|p2|Calyrex-Shadow|\n|poke|p2|Arceus|\n|poke|p2|Groudon|\n|poke|p2|Urshifu-*, F|\n|poke|p2|Zacian-*|\n|teampreview\n|inactive|Battle timer is ON: inactive players will automatically lose when time's up. (requested by Riryokusoldier)\n|\n|t:|1698958057\n|start\n|switch|p1a: Clodsire|Clodsire, M, shiny|100\/100\n|switch|p2a: Zacian|Zacian-Crowned|100\/100\n|-ability|p2a: Zacian|Intrepid Sword|boost\n|-boost|p2a: Zacian|atk|1\n|turn|1\n|\n|t:|1698958072\n|move|p2a: Zacian|Swords Dance|p2a: Zacian\n|-boost|p2a: Zacian|atk|2\n|move|p1a: Clodsire|Yawn|p2a: Zacian\n|-start|p2a: Zacian|move: Yawn|[of] p1a: Clodsire\n|\n|upkeep\n|turn|2\n|\n|t:|1698958082\n|move|p2a: Zacian|Behemoth Blade|p1a: Clodsire\n|-damage|p1a: Clodsire|0 fnt\n|faint|p1a: Clodsire\n|\n|-end|p2a: Zacian|move: Yawn|[silent]\n|-status|p2a: Zacian|slp\n|upkeep\n|\n|t:|1698958091\n|switch|p1a: Cinderace|Cinderace, F|100\/100\n|turn|3\n|\n|t:|1698958099\n|switch|p2a: Urshifu|Urshifu-Rapid-Strike, F|100\/100\n|move|p1a: Cinderace|Pyro Ball|p2a: Urshifu\n|-resisted|p2a: Urshifu\n|-damage|p2a: Urshifu|76\/100\n|\n|upkeep\n|turn|4\n|\n|t:|1698958110\n|move|p1a: Cinderace|Gunk Shot|p2a: Urshifu\n|-start|p1a: Cinderace|typechange|Poison|[from] ability: Libero\n|-damage|p2a: Urshifu|30\/100\n|move|p2a: Urshifu|Surging Strikes|p1a: Cinderace\n|-crit|p1a: Cinderace\n|-damage|p1a: Cinderace|71\/100\n|-crit|p1a: Cinderace\n|-damage|p1a: Cinderace|37\/100\n|-crit|p1a: Cinderace\n|-damage|p1a: Cinderace|7\/100\n|-hitcount|p1a: Cinderace|3\n|\n|upkeep\n|turn|5\n|\n|t:|1698958122\n|switch|p2a: Zacian|Zacian-Crowned|100\/100 slp\n|move|p1a: Cinderace|Gunk Shot|p2a: Zacian\n|-immune|p2a: Zacian\n|\n|upkeep\n|turn|6\n|\n|t:|1698958140\n|switch|p2a: Urshifu|Urshifu-Rapid-Strike, F|30\/100\n|switch|p1a: Vivillon|Vivillon-Ocean, F, shiny|100\/100\n|\n|upkeep\n|turn|7\n|\n|t:|1698958149\n|switch|p1a: Cinderace|Cinderace, F|7\/100\n|move|p2a: Urshifu|Surging Strikes|p1a: Cinderace\n|-supereffective|p1a: Cinderace\n|-crit|p1a: Cinderace\n|-damage|p1a: Cinderace|0 fnt\n|faint|p1a: Cinderace\n|-hitcount|p1: Cinderace|1\n|\n|upkeep\n|\n|t:|1698958154\n|switch|p1a: Iron Bundle|Iron Bundle, shiny|100\/100\n|-enditem|p1a: Iron Bundle|Booster Energy\n|-activate|p1a: Iron Bundle|ability: Quark Drive|[fromitem]\n|-start|p1a: Iron Bundle|quarkdrivespe\n|turn|8\n|\n|t:|1698958158\n|move|p1a: Iron Bundle|Air Cutter|p2a: Urshifu\n|-supereffective|p2a: Urshifu\n|-damage|p2a: Urshifu|0 fnt\n|faint|p2a: Urshifu\n|\n|upkeep\n|\n|t:|1698958185\n|switch|p2a: Groudon|Groudon|100\/100\n|-weather|SunnyDay|[from] ability: Drought|[of] p2a: Groudon\n|turn|9\n|\n|t:|1698958198\n|move|p1a: Iron Bundle|Water Pulse|p2a: Groudon\n|-supereffective|p2a: Groudon\n|-damage|p2a: Groudon|73\/100\n|-start|p2a: Groudon|confusion\n|-activate|p2a: Groudon|confusion\n|move|p2a: Groudon|Heat Crash|p1a: Iron Bundle\n|-damage|p1a: Iron Bundle|2\/100\n|\n|-weather|SunnyDay|[upkeep]\n|-heal|p2a: Groudon|79\/100|[from] item: Leftovers\n|upkeep\n|turn|10\n|\n|t:|1698958204\n|move|p1a: Iron Bundle|Ice Beam|p2a: Groudon\n|-supereffective|p2a: Groudon\n|-damage|p2a: Groudon|0 fnt\n|faint|p2a: Groudon\n|\n|-weather|SunnyDay|[upkeep]\n|upkeep\n|\n|t:|1698958210\n|switch|p2a: Arceus|Arceus|100\/100\n|turn|11\n|\n|t:|1698958213\n|move|p2a: Arceus|Extreme Speed|p1a: Iron Bundle\n|-damage|p1a: Iron Bundle|0 fnt\n|faint|p1a: Iron Bundle\n|-end|p1a: Iron Bundle|Quark Drive|[silent]\n|\n|-weather|SunnyDay|[upkeep]\n|upkeep\n|\n|t:|1698958215\n|switch|p1a: Vivillon|Vivillon-Ocean, F, shiny|100\/100\n|turn|12\n|\n|t:|1698958218\n|-terastallize|p1a: Vivillon|Ghost\n|move|p2a: Arceus|Extreme Speed|p1a: Vivillon\n|-immune|p1a: Vivillon\n|move|p1a: Vivillon|Sleep Powder|p2a: Arceus\n|-status|p2a: Arceus|slp|[from] move: Sleep Powder\n|\n|-weather|SunnyDay|[upkeep]\n|upkeep\n|turn|13\n|\n|t:|1698958229\n|switch|p2a: Zacian|Zacian-Crowned|100\/100 slp\n|move|p1a: Vivillon|Substitute|p1a: Vivillon\n|-start|p1a: Vivillon|Substitute\n|-damage|p1a: Vivillon|76\/100\n|\n|-weather|none\n|-heal|p1a: Vivillon|82\/100|[from] item: Leftovers\n|upkeep\n|turn|14\n|\n|t:|1698958237\n|cant|p2a: Zacian|slp\n|move|p1a: Vivillon|Quiver Dance|p1a: Vivillon\n|-boost|p1a: Vivillon|spa|1\n|-boost|p1a: Vivillon|spd|1\n|-boost|p1a: Vivillon|spe|1\n|\n|-heal|p1a: Vivillon|88\/100|[from] item: Leftovers\n|upkeep\n|turn|15\n|\n|t:|1698958244\n|move|p1a: Vivillon|Quiver Dance|p1a: Vivillon\n|-boost|p1a: Vivillon|spa|1\n|-boost|p1a: Vivillon|spd|1\n|-boost|p1a: Vivillon|spe|1\n|cant|p2a: Zacian|slp\n|\n|-heal|p1a: Vivillon|94\/100|[from] item: Leftovers\n|upkeep\n|turn|16\n|\n|t:|1698958247\n|move|p1a: Vivillon|Quiver Dance|p1a: Vivillon\n|-boost|p1a: Vivillon|spa|1\n|-boost|p1a: Vivillon|spd|1\n|-boost|p1a: Vivillon|spe|1\n|-curestatus|p2a: Zacian|slp|[msg]\n|move|p2a: Zacian|Behemoth Blade|p1a: Vivillon\n|-end|p1a: Vivillon|Substitute\n|\n|-heal|p1a: Vivillon|99\/100|[from] item: Leftovers\n|upkeep\n|turn|17\n|\n|t:|1698958250\n|move|p1a: Vivillon|Sleep Powder|p2a: Zacian\n|-status|p2a: Zacian|slp|[from] move: Sleep Powder\n|cant|p2a: Zacian|slp\n|\n|-heal|p1a: Vivillon|100\/100|[from] item: Leftovers\n|upkeep\n|turn|18\n|\n|t:|1698958261\n|switch|p2a: Ogerpon|Ogerpon-Hearthflame, F|100\/100\n|-ability|p2a: Ogerpon|Mold Breaker\n|move|p1a: Vivillon|Substitute|p1a: Vivillon\n|-start|p1a: Vivillon|Substitute\n|-damage|p1a: Vivillon|76\/100\n|\n|-heal|p1a: Vivillon|82\/100|[from] item: Leftovers\n|upkeep\n|turn|19\n|\n|t:|1698958266\n|move|p1a: Vivillon|Hurricane|p2a: Ogerpon|[miss]\n|-miss|p1a: Vivillon|p2a: Ogerpon\n|move|p2a: Ogerpon|Ivy Cudgel|p1a: Vivillon\n|-end|p1a: Vivillon|Substitute\n|\n|-heal|p1a: Vivillon|88\/100|[from] item: Leftovers\n|upkeep\n|turn|20\n|\n|t:|1698958272\n|move|p1a: Vivillon|Hurricane|p2a: Ogerpon\n|-supereffective|p2a: Ogerpon\n|-damage|p2a: Ogerpon|0 fnt\n|faint|p2a: Ogerpon\n|\n|-heal|p1a: Vivillon|94\/100|[from] item: Leftovers\n|upkeep\n|\n|t:|1698958279\n|switch|p2a: Calyrex|Calyrex-Shadow|100\/100\n|-ability|p2a: Calyrex|As One\n|-ability|p2a: Calyrex|Unnerve\n|turn|21\n|c|\u2606Riryokusoldier|Gg\n|\n|t:|1698958282\n|move|p1a: Vivillon|Sleep Powder|p2a: Calyrex\n|-status|p2a: Calyrex|slp|[from] move: Sleep Powder\n|cant|p2a: Calyrex|slp\n|\n|-heal|p1a: Vivillon|99\/100|[from] item: Leftovers\n|upkeep\n|turn|22\n|j| ChimeBliss\n|\n|t:|1698958286\n|move|p1a: Vivillon|Substitute|p1a: Vivillon\n|-start|p1a: Vivillon|Substitute\n|-damage|p1a: Vivillon|75\/100\n|cant|p2a: Calyrex|slp\n|\n|-heal|p1a: Vivillon|81\/100|[from] item: Leftovers\n|upkeep\n|turn|23\n|\n|t:|1698958291\n|move|p1a: Vivillon|Quiver Dance|p1a: Vivillon\n|-boost|p1a: Vivillon|spa|1\n|-boost|p1a: Vivillon|spd|1\n|-boost|p1a: Vivillon|spe|1\n|cant|p2a: Calyrex|slp\n|\n|-heal|p1a: Vivillon|87\/100|[from] item: Leftovers\n|upkeep\n|turn|24\n|\n|t:|1698958293\n|move|p1a: Vivillon|Quiver Dance|p1a: Vivillon\n|-boost|p1a: Vivillon|spa|1\n|-boost|p1a: Vivillon|spd|1\n|-boost|p1a: Vivillon|spe|1\n|-curestatus|p2a: Calyrex|slp|[msg]\n|move|p2a: Calyrex|Astral Barrage|p1a: Vivillon\n|-supereffective|p1a: Vivillon\n|-end|p1a: Vivillon|Substitute\n|-damage|p2a: Calyrex|91\/100|[from] item: Life Orb\n|\n|-heal|p1a: Vivillon|93\/100|[from] item: Leftovers\n|upkeep\n|turn|25\n|\n|t:|1698958296\n|move|p1a: Vivillon|Sleep Powder|p2a: Calyrex\n|-status|p2a: Calyrex|slp|[from] move: Sleep Powder\n|cant|p2a: Calyrex|slp\n|\n|-heal|p1a: Vivillon|99\/100|[from] item: Leftovers\n|upkeep\n|turn|26\n|\n|t:|1698958298\n|move|p1a: Vivillon|Substitute|p1a: Vivillon\n|-start|p1a: Vivillon|Substitute\n|-damage|p1a: Vivillon|74\/100\n|-curestatus|p2a: Calyrex|slp|[msg]\n|move|p2a: Calyrex|Astral Barrage|p1a: Vivillon\n|-supereffective|p1a: Vivillon\n|-end|p1a: Vivillon|Substitute\n|-damage|p2a: Calyrex|81\/100|[from] item: Life Orb\n|\n|-heal|p1a: Vivillon|80\/100|[from] item: Leftovers\n|upkeep\n|turn|27\n|\n|t:|1698958300\n|move|p1a: Vivillon|Sleep Powder|p2a: Calyrex\n|-status|p2a: Calyrex|slp|[from] move: Sleep Powder\n|cant|p2a: Calyrex|slp\n|\n|-heal|p1a: Vivillon|86\/100|[from] item: Leftovers\n|upkeep\n|turn|28\n|\n|t:|1698958302\n|move|p1a: Vivillon|Substitute|p1a: Vivillon\n|-start|p1a: Vivillon|Substitute\n|-damage|p1a: Vivillon|61\/100\n|cant|p2a: Calyrex|slp\n|\n|-heal|p1a: Vivillon|67\/100|[from] item: Leftovers\n|upkeep\n|turn|29\n|\n|t:|1698958306\n|move|p1a: Vivillon|Quiver Dance|p1a: Vivillon\n|-boost|p1a: Vivillon|spa|1\n|-boost|p1a: Vivillon|spd|1\n|-boost|p1a: Vivillon|spe|1\n|cant|p2a: Calyrex|slp\n|\n|-heal|p1a: Vivillon|73\/100|[from] item: Leftovers\n|upkeep\n|turn|30\n|c|\u2606Fretscorch|NEVER GIVE UP\n|c|\u2606Fretscorch|NEVER SURRENDER\n|c|\u2606Riryokusoldier|Lol\n|\n|t:|1698958314\n|move|p1a: Vivillon|Hurricane|p2a: Calyrex\n|-damage|p2a: Calyrex|0 fnt\n|faint|p2a: Calyrex\n|\n|-heal|p1a: Vivillon|79\/100|[from] item: Leftovers\n|upkeep\n|\n|t:|1698958319\n|switch|p2a: Arceus|Arceus|100\/100 slp\n|turn|31\n|c|\u2606Riryokusoldier|Its game\n|\n|t:|1698958326\n|move|p1a: Vivillon|Hurricane|p2a: Arceus\n|-damage|p2a: Arceus|0 fnt\n|faint|p2a: Arceus\n|\n|-heal|p1a: Vivillon|85\/100|[from] item: Leftovers\n|upkeep\n|\n|t:|1698958331\n|switch|p2a: Zacian|Zacian-Crowned|100\/100 slp\n|turn|32\n|\n|t:|1698958336\n|move|p1a: Vivillon|Hurricane|p2a: Zacian\n|-resisted|p2a: Zacian\n|-damage|p2a: Zacian|20\/100 slp\n|cant|p2a: Zacian|slp\n|\n|-heal|p1a: Vivillon|91\/100|[from] item: Leftovers\n|upkeep\n|turn|33\n|\n|t:|1698958340\n|move|p1a: Vivillon|Hurricane|p2a: Zacian\n|-resisted|p2a: Zacian\n|-damage|p2a: Zacian|0 fnt\n|faint|p2a: Zacian\n|\n|win|Riryokusoldier\n|raw|Riryokusoldier's rating: 1397 &rarr; <strong>1414<\/strong><br \/>(+17 for winning)\n|raw|Fretscorch's rating: 1352 &rarr; <strong>1335<\/strong><br \/>(-17 for losing)\n|c|\u2606Riryokusoldier|Gg\n|l|\u2606Fretscorch\n","uploadtime":1698958351,"views":5,"p1id":"riryokusoldier","p2id":"fretscorch","formatid":"gen9anythinggoes","rating":1335,"private":0,"password":""}