{"id":"gen9anythinggoes-2000158096","p1":"Nicoli21","p2":"natsuclk","format":"[Gen 9] Anything Goes","log":"|j|\u2606Nicoli21\n|j|\u2606natsuclk\n|t:|1701164804\n|gametype|singles\n|player|p1|Nicoli21|hilbert|1106\n|player|p2|natsuclk|skierf|1116\n|teamsize|p1|6\n|teamsize|p2|6\n|gen|9\n|tier|[Gen 9] Anything Goes\n|rated|\n|rule|HP Percentage Mod: HP is shown in percentages\n|rule|Endless Battle Clause: Forcing endless battles is banned\n|clearpoke\n|poke|p1|Ceruledge, M|\n|poke|p1|Koraidon|\n|poke|p1|Inteleon, F|\n|poke|p1|Skeledirge, M|\n|poke|p1|Chien-Pao|\n|poke|p1|Miraidon|\n|poke|p2|Hoopa-Unbound|\n|poke|p2|Ceruledge, F|\n|poke|p2|Houndstone, F|\n|poke|p2|Zamazenta-*|\n|poke|p2|Eternatus|\n|poke|p2|Conkeldurr, M|\n|teampreview\n|inactive|Battle timer is ON: inactive players will automatically lose when time's up. (requested by Nicoli21)\n|\n|t:|1701164816\n|start\n|switch|p1a: Koraidon|Koraidon|100\/100\n|switch|p2a: Conkeldurr|Conkeldurr, M|100\/100\n|-weather|SunnyDay|[from] ability: Orichalcum Pulse|[of] p1a: Koraidon\n|-activate|p1a: Koraidon|Orichalcum Pulse|[source]\n|turn|1\n|\n|t:|1701164824\n|move|p1a: Koraidon|Outrage|p2a: Conkeldurr\n|-damage|p2a: Conkeldurr|40\/100\n|move|p2a: Conkeldurr|Close Combat|p1a: Koraidon\n|-damage|p1a: Koraidon|59\/100\n|-unboost|p2a: Conkeldurr|def|1\n|-unboost|p2a: Conkeldurr|spd|1\n|\n|-weather|SunnyDay|[upkeep]\n|upkeep\n|turn|2\n|\n|t:|1701164840\n|move|p1a: Koraidon|Outrage|p2a: Conkeldurr|[from]lockedmove\n|-damage|p2a: Conkeldurr|0 fnt\n|faint|p2a: Conkeldurr\n|\n|-weather|SunnyDay|[upkeep]\n|upkeep\n|\n|t:|1701164849\n|switch|p2a: Zamazenta|Zamazenta-Crowned|100\/100\n|-ability|p2a: Zamazenta|Dauntless Shield|boost\n|-boost|p2a: Zamazenta|def|1\n|turn|3\n|\n|t:|1701164854\n|move|p1a: Koraidon|Outrage|p2a: Zamazenta|[from]lockedmove\n|-resisted|p2a: Zamazenta\n|-damage|p2a: Zamazenta|86\/100\n|-start|p1a: Koraidon|confusion|[fatigue]\n|-enditem|p1a: Koraidon|Lum Berry|[eat]\n|-end|p1a: Koraidon|confusion\n|move|p2a: Zamazenta|Ice Fang|p1a: Koraidon|[miss]\n|-miss|p2a: Zamazenta|p1a: Koraidon\n|\n|-weather|SunnyDay|[upkeep]\n|upkeep\n|turn|4\n|\n|t:|1701164864\n|move|p1a: Koraidon|Collision Course|p2a: Zamazenta\n|-supereffective|p2a: Zamazenta\n|-damage|p2a: Zamazenta|21\/100\n|move|p2a: Zamazenta|Ice Fang|p1a: Koraidon\n|-supereffective|p1a: Koraidon\n|-damage|p1a: Koraidon|30\/100\n|\n|-weather|SunnyDay|[upkeep]\n|upkeep\n|turn|5\n|\n|t:|1701164874\n|move|p1a: Koraidon|Outrage|p2a: Zamazenta\n|-resisted|p2a: Zamazenta\n|-damage|p2a: Zamazenta|5\/100\n|move|p2a: Zamazenta|Behemoth Bash|p1a: Koraidon\n|-damage|p1a: Koraidon|0 fnt\n|faint|p1a: Koraidon\n|\n|-weather|none\n|upkeep\n|\n|t:|1701164882\n|switch|p1a: Miraidon|Miraidon|100\/100\n|-fieldstart|move: Electric Terrain|[from] ability: Hadron Engine|[of] p1a: Miraidon\n|turn|6\n|\n|t:|1701164895\n|move|p1a: Miraidon|Electro Drift|p2a: Zamazenta\n|-damage|p2a: Zamazenta|0 fnt\n|faint|p2a: Zamazenta\n|\n|upkeep\n|\n|t:|1701164908\n|switch|p2a: Hoopa|Hoopa-Unbound|100\/100\n|turn|7\n|\n|t:|1701164917\n|move|p1a: Miraidon|Electro Drift|p2a: Hoopa\n|-damage|p2a: Hoopa|43\/100\n|move|p2a: Hoopa|Hyperspace Fury|p1a: Miraidon\n|-damage|p1a: Miraidon|45\/100\n|-unboost|p2a: Hoopa|def|1\n|-damage|p2a: Hoopa|34\/100|[from] item: Life Orb\n|\n|upkeep\n|turn|8\n|\n|t:|1701164927\n|move|p1a: Miraidon|Dragon Pulse|p2a: Hoopa\n|-damage|p2a: Hoopa|0 fnt\n|faint|p2a: Hoopa\n|\n|upkeep\n|\n|t:|1701164931\n|switch|p2a: Eternatus|Eternatus|100\/100\n|-ability|p2a: Eternatus|Pressure\n|turn|9\n|\n|t:|1701164937\n|move|p2a: Eternatus|Dynamax Cannon|p1a: Miraidon\n|-supereffective|p1a: Miraidon\n|-damage|p1a: Miraidon|0 fnt\n|faint|p1a: Miraidon\n|\n|upkeep\n|\n|t:|1701164943\n|switch|p1a: Inteleon|Inteleon, F|100\/100\n|turn|10\n|\n|t:|1701164949\n|move|p1a: Inteleon|Hydro Cannon|p2a: Eternatus\n|-resisted|p2a: Eternatus\n|-damage|p2a: Eternatus|62\/100\n|-mustrecharge|p1a: Inteleon\n|move|p2a: Eternatus|Draco Meteor|p1a: Inteleon\n|-damage|p1a: Inteleon|0 fnt\n|-unboost|p2a: Eternatus|spa|2\n|faint|p1a: Inteleon\n|\n|-fieldend|move: Electric Terrain\n|upkeep\n|\n|t:|1701164953\n|switch|p1a: Ceruledge|Ceruledge, M|100\/100\n|turn|11\n|\n|t:|1701164959\n|move|p2a: Eternatus|Dynamax Cannon|p1a: Ceruledge\n|-damage|p1a: Ceruledge|79\/100\n|move|p1a: Ceruledge|Close Combat|p2a: Eternatus\n|-resisted|p2a: Eternatus\n|-damage|p2a: Eternatus|51\/100\n|-unboost|p1a: Ceruledge|def|1\n|-unboost|p1a: Ceruledge|spd|1\n|\n|upkeep\n|turn|12\n|\n|t:|1701164965\n|move|p2a: Eternatus|Draco Meteor|p1a: Ceruledge\n|-damage|p1a: Ceruledge|35\/100\n|-unboost|p2a: Eternatus|spa|2\n|-enditem|p1a: Ceruledge|Sitrus Berry|[eat]\n|-heal|p1a: Ceruledge|60\/100|[from] item: Sitrus Berry\n|move|p1a: Ceruledge|Bitter Blade|p2a: Eternatus\n|-resisted|p2a: Eternatus\n|-damage|p2a: Eternatus|37\/100\n|-heal|p1a: Ceruledge|69\/100|[from] drain|[of] p2a: Eternatus\n|\n|upkeep\n|turn|13\n|\n|t:|1701164974\n|move|p1a: Ceruledge|Shadow Sneak|p2a: Eternatus\n|-damage|p2a: Eternatus|24\/100\n|move|p2a: Eternatus|Draco Meteor|p1a: Ceruledge\n|-damage|p1a: Ceruledge|43\/100\n|-unboost|p2a: Eternatus|spa|2\n|\n|upkeep\n|turn|14\n|\n|t:|1701164985\n|-terastallize|p2a: Eternatus|Poison\n|move|p1a: Ceruledge|Shadow Sneak|p2a: Eternatus\n|-damage|p2a: Eternatus|12\/100\n|move|p2a: Eternatus|Tera Blast|p1a: Ceruledge|[anim] Tera Blast Poison\n|-resisted|p1a: Ceruledge\n|-damage|p1a: Ceruledge|13\/100\n|\n|upkeep\n|turn|15\n|\n|t:|1701164993\n|move|p2a: Eternatus|Tera Blast|p1a: Ceruledge|[anim] Tera Blast Poison\n|-resisted|p1a: Ceruledge\n|-damage|p1a: Ceruledge|0 fnt\n|faint|p1a: Ceruledge\n|\n|upkeep\n|\n|t:|1701164996\n|switch|p1a: Chien-Pao|Chien-Pao|100\/100\n|-ability|p1a: Chien-Pao|Sword of Ruin\n|turn|16\n|\n|t:|1701165000\n|move|p1a: Chien-Pao|Ice Spinner|p2a: Eternatus\n|-damage|p2a: Eternatus|0 fnt\n|faint|p2a: Eternatus\n|\n|upkeep\n|\n|t:|1701165002\n|switch|p2a: Ceruledge|Ceruledge, F|100\/100\n|turn|17\n|\n|t:|1701165006\n|move|p1a: Chien-Pao|Ice Spinner|p2a: Ceruledge\n|-resisted|p2a: Ceruledge\n|-damage|p2a: Ceruledge|77\/100\n|move|p2a: Ceruledge|Lava Plume|p1a: Chien-Pao\n|-supereffective|p1a: Chien-Pao\n|-damage|p1a: Chien-Pao|39\/100\n|-status|p1a: Chien-Pao|brn\n|\n|-damage|p1a: Chien-Pao|33\/100 brn|[from] brn\n|upkeep\n|turn|18\n|\n|t:|1701165012\n|-terastallize|p1a: Chien-Pao|Dark\n|move|p1a: Chien-Pao|Sucker Punch|p2a: Ceruledge\n|-supereffective|p2a: Ceruledge\n|-damage|p2a: Ceruledge|23\/100\n|move|p2a: Ceruledge|Bitter Blade|p1a: Chien-Pao\n|-damage|p1a: Chien-Pao|0 fnt\n|-heal|p2a: Ceruledge|38\/100|[from] drain|[of] p1a: Chien-Pao\n|faint|p1a: Chien-Pao\n|\n|upkeep\n|\n|t:|1701165019\n|switch|p1a: Skeledirge|Skeledirge, M|100\/100\n|turn|19\n|\n|t:|1701165022\n|move|p2a: Ceruledge|Destiny Bond|p2a: Ceruledge\n|-singlemove|p2a: Ceruledge|Destiny Bond\n|move|p1a: Skeledirge|Shadow Ball|p2a: Ceruledge\n|-supereffective|p2a: Ceruledge\n|-damage|p2a: Ceruledge|0 fnt\n|faint|p2a: Ceruledge\n|-activate|p2a: Ceruledge|move: Destiny Bond\n|faint|p1a: Skeledirge\n|\n|win|natsuclk\n|raw|Nicoli21's rating: 1106 &rarr; <strong>1082<\/strong><br \/>(-24 for losing)\n|raw|natsuclk's rating: 1116 &rarr; <strong>1140<\/strong><br \/>(+24 for winning)\n","uploadtime":1701165032,"views":22,"p1id":"nicoli21","p2id":"natsuclk","formatid":"gen9anythinggoes","rating":1082,"private":0,"password":""}