{"id":"gen9anythinggoes-1994296925","p1":"Toke'sMenagrie","p2":"Snorlaxsleepers","format":"[Gen 9] Anything Goes","log":"|j|\u2606Toke'sMenagrie\n|j|\u2606Snorlaxsleepers\n|t:|1700428281\n|gametype|singles\n|player|p1|Toke'sMenagrie|benga|\n|player|p2|Snorlaxsleepers|1|\n|teamsize|p1|6\n|teamsize|p2|6\n|gen|9\n|tier|[Gen 9] Anything Goes\n|rule|HP Percentage Mod: HP is shown in percentages\n|rule|Endless Battle Clause: Forcing endless battles is banned\n|clearpoke\n|poke|p1|Jolteon, F|\n|poke|p1|Garganacl, M|\n|poke|p1|Ribombee, F|\n|poke|p1|Victreebel, F|\n|poke|p1|Lucario, M|\n|poke|p1|Indeedee, M|\n|poke|p2|Gyarados, M|\n|poke|p2|Samurott-Hisui, F|\n|poke|p2|Walking Wake|\n|poke|p2|Bruxish, F|\n|poke|p2|Tauros-Paldea-Aqua, M|\n|poke|p2|Quaquaval, F|\n|teampreview\n|j| Talonflameredwings\n|\n|t:|1700428329\n|start\n|switch|p1a: Toaster|Jolteon, F|100\/100\n|switch|p2a: Bruxish|Bruxish, F|100\/100\n|turn|1\n|\n|t:|1700428342\n|move|p1a: Toaster|Thunderbolt|p2a: Bruxish\n|-supereffective|p2a: Bruxish\n|-damage|p2a: Bruxish|0 fnt\n|faint|p2a: Bruxish\n|\n|upkeep\n|\n|t:|1700428354\n|switch|p2a: Walking Wake|Walking Wake|100\/100\n|turn|2\n|\n|t:|1700428361\n|move|p2a: Walking Wake|Dragon Pulse|p1a: Toaster\n|-damage|p1a: Toaster|40\/100\n|move|p1a: Toaster|Thunderbolt|p2a: Walking Wake\n|-damage|p2a: Walking Wake|51\/100\n|\n|upkeep\n|turn|3\n|\n|t:|1700428376\n|switch|p1a: GarganaclTM|Garganacl, M|100\/100\n|move|p2a: Walking Wake|Dragon Pulse|p1a: GarganaclTM\n|-damage|p1a: GarganaclTM|65\/100\n|\n|-heal|p1a: GarganaclTM|72\/100|[from] item: Leftovers\n|upkeep\n|turn|4\n|\n|t:|1700428388\n|-end|p2a: Walking Wake|Protosynthesis|[silent]\n|switch|p2a: Quaquaval|Quaquaval, F|100\/100\n|move|p1a: GarganaclTM|Salt Cure|p2a: Quaquaval\n|-resisted|p2a: Quaquaval\n|-damage|p2a: Quaquaval|91\/100\n|-start|p2a: Quaquaval|Salt Cure\n|\n|-heal|p1a: GarganaclTM|78\/100|[from] item: Leftovers\n|-damage|p2a: Quaquaval|66\/100|[from] Salt Cure\n|upkeep\n|turn|5\n|\n|t:|1700428410\n|move|p2a: Quaquaval|Aqua Step|p1a: GarganaclTM\n|-supereffective|p1a: GarganaclTM\n|-damage|p1a: GarganaclTM|35\/100\n|-boost|p2a: Quaquaval|spe|1\n|move|p1a: GarganaclTM|Recover|p1a: GarganaclTM\n|-heal|p1a: GarganaclTM|85\/100\n|\n|-heal|p1a: GarganaclTM|91\/100|[from] item: Leftovers\n|-damage|p2a: Quaquaval|41\/100|[from] Salt Cure\n|upkeep\n|turn|6\n|\n|t:|1700428423\n|move|p2a: Quaquaval|Aqua Step|p1a: GarganaclTM\n|-supereffective|p1a: GarganaclTM\n|-damage|p1a: GarganaclTM|45\/100\n|-boost|p2a: Quaquaval|spe|1\n|move|p1a: GarganaclTM|Iron Defense|p1a: GarganaclTM\n|-boost|p1a: GarganaclTM|def|2\n|\n|-heal|p1a: GarganaclTM|51\/100|[from] item: Leftovers\n|-damage|p2a: Quaquaval|17\/100|[from] Salt Cure\n|upkeep\n|turn|7\n|\n|t:|1700428442\n|move|p2a: Quaquaval|Aqua Step|p1a: GarganaclTM\n|-supereffective|p1a: GarganaclTM\n|-damage|p1a: GarganaclTM|31\/100\n|-boost|p2a: Quaquaval|spe|1\n|move|p1a: GarganaclTM|Recover|p1a: GarganaclTM\n|-heal|p1a: GarganaclTM|81\/100\n|\n|-heal|p1a: GarganaclTM|87\/100|[from] item: Leftovers\n|-damage|p2a: Quaquaval|0 fnt|[from] Salt Cure\n|faint|p2a: Quaquaval\n|upkeep\n|\n|t:|1700428454\n|switch|p2a: Samurott|Samurott-Hisui, F|100\/100\n|turn|8\n|\n|t:|1700428464\n|move|p2a: Samurott|Ceaseless Edge|p1a: GarganaclTM\n|-crit|p1a: GarganaclTM\n|-damage|p1a: GarganaclTM|54\/100\n|-sidestart|p1: Toke'sMenagrie|Spikes\n|move|p1a: GarganaclTM|Salt Cure|p2a: Samurott\n|-damage|p2a: Samurott|82\/100\n|-start|p2a: Samurott|Salt Cure\n|\n|-heal|p1a: GarganaclTM|60\/100|[from] item: Leftovers\n|-damage|p2a: Samurott|57\/100|[from] Salt Cure\n|upkeep\n|turn|9\n|\n|t:|1700428478\n|move|p2a: Samurott|Razor Shell|p1a: GarganaclTM\n|-supereffective|p1a: GarganaclTM\n|-damage|p1a: GarganaclTM|30\/100\n|move|p1a: GarganaclTM|Recover|p1a: GarganaclTM\n|-heal|p1a: GarganaclTM|80\/100\n|\n|-heal|p1a: GarganaclTM|87\/100|[from] item: Leftovers\n|-damage|p2a: Samurott|32\/100|[from] Salt Cure\n|upkeep\n|turn|10\n|\n|t:|1700428488\n|move|p2a: Samurott|Knock Off|p1a: GarganaclTM\n|-damage|p1a: GarganaclTM|74\/100\n|-enditem|p1a: GarganaclTM|Leftovers|[from] move: Knock Off|[of] p2a: Samurott\n|move|p1a: GarganaclTM|Recover|p1a: GarganaclTM\n|-heal|p1a: GarganaclTM|100\/100\n|\n|-damage|p2a: Samurott|7\/100|[from] Salt Cure\n|upkeep\n|turn|11\n|\n|t:|1700428502\n|move|p2a: Samurott|Ceaseless Edge|p1a: GarganaclTM\n|-damage|p1a: GarganaclTM|88\/100\n|-sidestart|p1: Toke'sMenagrie|Spikes\n|move|p1a: GarganaclTM|Iron Defense|p1a: GarganaclTM\n|-boost|p1a: GarganaclTM|def|2\n|\n|-damage|p2a: Samurott|0 fnt|[from] Salt Cure\n|faint|p2a: Samurott\n|upkeep\n|\n|t:|1700428511\n|switch|p2a: Gyarados|Gyarados, M|100\/100\n|-ability|p2a: Gyarados|Intimidate|boost\n|-unboost|p1a: GarganaclTM|atk|1\n|turn|12\n|\n|t:|1700428518\n|move|p2a: Gyarados|Dragon Dance|p2a: Gyarados\n|-boost|p2a: Gyarados|atk|1\n|-boost|p2a: Gyarados|spe|1\n|move|p1a: GarganaclTM|Salt Cure|p2a: Gyarados\n|-supereffective|p2a: Gyarados\n|-damage|p2a: Gyarados|75\/100\n|-start|p2a: Gyarados|Salt Cure\n|\n|-damage|p2a: Gyarados|50\/100|[from] Salt Cure\n|upkeep\n|turn|13\n|\n|t:|1700428529\n|move|p2a: Gyarados|Waterfall|p1a: GarganaclTM\n|-supereffective|p1a: GarganaclTM\n|-damage|p1a: GarganaclTM|63\/100\n|cant|p1a: GarganaclTM|flinch\n|\n|-damage|p2a: Gyarados|26\/100|[from] Salt Cure\n|upkeep\n|turn|14\n|\n|t:|1700428539\n|move|p2a: Gyarados|Rest|p2a: Gyarados\n|-status|p2a: Gyarados|slp|[from] move: Rest\n|-heal|p2a: Gyarados|100\/100 slp|[silent]\n|-enditem|p2a: Gyarados|Chesto Berry|[eat]\n|-curestatus|p2a: Gyarados|slp|[msg]\n|move|p1a: GarganaclTM|Recover|p1a: GarganaclTM\n|-heal|p1a: GarganaclTM|100\/100\n|\n|-damage|p2a: Gyarados|76\/100|[from] Salt Cure\n|upkeep\n|turn|15\n|\n|t:|1700428553\n|move|p2a: Gyarados|Waterfall|p1a: GarganaclTM\n|-supereffective|p1a: GarganaclTM\n|-damage|p1a: GarganaclTM|78\/100\n|move|p1a: GarganaclTM|Salt Cure|p2a: Gyarados\n|-supereffective|p2a: Gyarados\n|-damage|p2a: Gyarados|52\/100\n|\n|-damage|p2a: Gyarados|27\/100|[from] Salt Cure\n|upkeep\n|turn|16\n|\n|t:|1700428572\n|move|p2a: Gyarados|Waterfall|p1a: GarganaclTM\n|-supereffective|p1a: GarganaclTM\n|-damage|p1a: GarganaclTM|52\/100\n|move|p1a: GarganaclTM|Recover|p1a: GarganaclTM\n|-heal|p1a: GarganaclTM|100\/100\n|\n|-damage|p2a: Gyarados|3\/100|[from] Salt Cure\n|upkeep\n|turn|17\n|\n|t:|1700428580\n|move|p2a: Gyarados|Earthquake|p1a: GarganaclTM\n|-supereffective|p1a: GarganaclTM\n|-damage|p1a: GarganaclTM|81\/100\n|move|p1a: GarganaclTM|Iron Defense|p1a: GarganaclTM\n|-boost|p1a: GarganaclTM|def|2\n|\n|-damage|p2a: Gyarados|0 fnt|[from] Salt Cure\n|faint|p2a: Gyarados\n|upkeep\n|\n|t:|1700428589\n|switch|p2a: Walking Wake|Walking Wake|51\/100\n|turn|18\n|\n|t:|1700428594\n|move|p2a: Walking Wake|Hydro Steam|p1a: GarganaclTM\n|-supereffective|p1a: GarganaclTM\n|-damage|p1a: GarganaclTM|15\/100\n|move|p1a: GarganaclTM|Salt Cure|p2a: Walking Wake\n|-damage|p2a: Walking Wake|40\/100\n|-start|p2a: Walking Wake|Salt Cure\n|\n|-damage|p2a: Walking Wake|16\/100|[from] Salt Cure\n|upkeep\n|turn|19\n|\n|t:|1700428625\n|switch|p1a: VictreebelTM|Victreebel, F|100\/100\n|-damage|p1a: VictreebelTM|84\/100|[from] Spikes\n|move|p2a: Walking Wake|Hydro Steam|p1a: VictreebelTM\n|-resisted|p1a: VictreebelTM\n|-damage|p1a: VictreebelTM|55\/100\n|\n|-damage|p2a: Walking Wake|0 fnt|[from] Salt Cure\n|faint|p2a: Walking Wake\n|-end|p2a: Walking Wake|Protosynthesis|[silent]\n|upkeep\n|\n|t:|1700428637\n|switch|p2a: Tauros|Tauros-Paldea-Aqua, M|100\/100\n|-ability|p2a: Tauros|Intimidate|boost\n|-unboost|p1a: VictreebelTM|atk|1\n|turn|20\n|\n|t:|1700428652\n|move|p2a: Tauros|Close Combat|p1a: VictreebelTM\n|-resisted|p1a: VictreebelTM\n|-crit|p1a: VictreebelTM\n|-damage|p1a: VictreebelTM|0 fnt\n|-unboost|p2a: Tauros|def|1\n|-unboost|p2a: Tauros|spd|1\n|faint|p1a: VictreebelTM\n|\n|upkeep\n|\n|t:|1700428688\n|switch|p1a: Toaster|Jolteon, F|40\/100\n|turn|21\n|\n|t:|1700428715\n|move|p1a: Toaster|Thunderbolt|p2a: Tauros\n|-supereffective|p2a: Tauros\n|-damage|p2a: Tauros|0 fnt\n|faint|p2a: Tauros\n|\n|win|Toke'sMenagrie\n","uploadtime":1700428732,"views":10,"p1id":"tokesmenagrie","p2id":"snorlaxsleepers","formatid":"gen9anythinggoes","rating":0,"private":0,"password":""}