{"id":"gen9anythinggoes-1983479067","p1":"CoolPokemonPerson","p2":"indie_10","format":"[Gen 9] Anything Goes","log":"|j|\u2606CoolPokemonPerson\n|j|\u2606indie_10\n|t:|1699134512\n|gametype|singles\n|player|p1|CoolPokemonPerson|1|1184\n|player|p2|indie_10|nate|1156\n|teamsize|p1|6\n|teamsize|p2|6\n|gen|9\n|tier|[Gen 9] Anything Goes\n|rated|\n|rule|HP Percentage Mod: HP is shown in percentages\n|rule|Endless Battle Clause: Forcing endless battles is banned\n|clearpoke\n|poke|p1|Jolteon, F|\n|poke|p1|Groudon|\n|poke|p1|Manaphy|\n|poke|p1|Iron Valiant|\n|poke|p1|Jirachi|\n|poke|p1|Hawlucha, F|\n|poke|p2|Calyrex-Shadow|\n|poke|p2|Cinderace, M|\n|poke|p2|Urshifu-*, M|\n|poke|p2|Dragapult, M|\n|poke|p2|Zacian-*|\n|poke|p2|Pincurchin, F|\n|teampreview\n|\n|t:|1699134520\n|start\n|switch|p1a: Iron Valiant|Iron Valiant|100\/100\n|switch|p2a: Spike thunder|Pincurchin, F|100\/100\n|-enditem|p1a: Iron Valiant|Booster Energy\n|-activate|p1a: Iron Valiant|ability: Quark Drive|[fromitem]\n|-start|p1a: Iron Valiant|quarkdrivespe\n|turn|1\n|\n|t:|1699134530\n|-end|p1a: Iron Valiant|Quark Drive|[silent]\n|switch|p1a: Jolteon|Jolteon, F|100\/100\n|move|p2a: Spike thunder|Spikes|p1a: Jolteon\n|-sidestart|p1: CoolPokemonPerson|Spikes\n|\n|upkeep\n|turn|2\n|\n|t:|1699134536\n|switch|p1a: Hawlucha|Hawlucha, F|100\/100\n|move|p2a: Spike thunder|Toxic Spikes|p1a: Hawlucha\n|-sidestart|p1: CoolPokemonPerson|move: Toxic Spikes\n|\n|upkeep\n|turn|3\n|\n|t:|1699134542\n|move|p1a: Hawlucha|Agility|p1a: Hawlucha\n|-boost|p1a: Hawlucha|spe|2\n|move|p2a: Spike thunder|Spikes|p1a: Hawlucha\n|-sidestart|p1: CoolPokemonPerson|Spikes\n|\n|upkeep\n|turn|4\n|\n|t:|1699134549\n|move|p1a: Hawlucha|Defog|p2a: Spike thunder\n|-unboost|p2a: Spike thunder|evasion|1\n|-sideend|p1: CoolPokemonPerson|Spikes|[from] move: Defog|[of] p1a: Hawlucha\n|-sideend|p1: CoolPokemonPerson|Toxic Spikes|[from] move: Defog|[of] p1a: Hawlucha\n|move|p2a: Spike thunder|Spikes|p1a: Hawlucha\n|-sidestart|p1: CoolPokemonPerson|Spikes\n|\n|upkeep\n|turn|5\n|\n|t:|1699134566\n|move|p1a: Hawlucha|Defog|p2a: Spike thunder\n|-unboost|p2a: Spike thunder|evasion|1\n|-sideend|p1: CoolPokemonPerson|Spikes|[from] move: Defog|[of] p1a: Hawlucha\n|move|p2a: Spike thunder|Spikes|p1a: Hawlucha\n|-sidestart|p1: CoolPokemonPerson|Spikes\n|\n|upkeep\n|turn|6\n|\n|t:|1699134572\n|move|p1a: Hawlucha|Acrobatics|p2a: Spike thunder\n|-resisted|p2a: Spike thunder\n|-damage|p2a: Spike thunder|86\/100\n|move|p2a: Spike thunder|Spikes|p1a: Hawlucha\n|-sidestart|p1: CoolPokemonPerson|Spikes\n|\n|upkeep\n|turn|7\n|\n|t:|1699134580\n|switch|p1a: Jirachi|Jirachi|100\/100\n|-damage|p1a: Jirachi|84\/100|[from] Spikes\n|move|p2a: Spike thunder|Spikes|p1a: Jirachi\n|-sidestart|p1: CoolPokemonPerson|Spikes\n|\n|upkeep\n|turn|8\n|\n|t:|1699134591\n|move|p1a: Jirachi|Cosmic Power|p1a: Jirachi\n|-boost|p1a: Jirachi|def|1\n|-boost|p1a: Jirachi|spd|1\n|move|p2a: Spike thunder|Toxic Spikes|p1a: Jirachi\n|-sidestart|p1: CoolPokemonPerson|move: Toxic Spikes\n|\n|upkeep\n|turn|9\n|\n|t:|1699134606\n|move|p1a: Jirachi|Cosmic Power|p1a: Jirachi\n|-boost|p1a: Jirachi|def|1\n|-boost|p1a: Jirachi|spd|1\n|move|p2a: Spike thunder|Toxic Spikes|p1a: Jirachi\n|-sidestart|p1: CoolPokemonPerson|move: Toxic Spikes\n|\n|upkeep\n|turn|10\n|\n|t:|1699134614\n|switch|p2a: Mustang|Cinderace, M|100\/100\n|move|p1a: Jirachi|Iron Head|p2a: Mustang\n|-resisted|p2a: Mustang\n|-damage|p2a: Mustang|75\/100\n|\n|upkeep\n|turn|11\n|\n|t:|1699134622\n|move|p2a: Mustang|Pyro Ball|p1a: Jirachi\n|-supereffective|p1a: Jirachi\n|-crit|p1a: Jirachi\n|-damage|p1a: Jirachi|0 fnt\n|faint|p1a: Jirachi\n|\n|upkeep\n|\n|t:|1699134629\n|switch|p1a: Groudon|Groudon|100\/100\n|-damage|p1a: Groudon|75\/100|[from] Spikes\n|-status|p1a: Groudon|tox\n|-weather|SunnyDay|[from] ability: Drought|[of] p1a: Groudon\n|turn|12\n|\n|t:|1699134641\n|move|p2a: Mustang|Zen Headbutt|p1a: Groudon\n|-start|p2a: Mustang|typechange|Psychic|[from] ability: Libero\n|-damage|p1a: Groudon|49\/100 tox\n|move|p1a: Groudon|Stealth Rock|p2a: Mustang\n|-sidestart|p2: indie_10|move: Stealth Rock\n|\n|-weather|SunnyDay|[upkeep]\n|-heal|p1a: Groudon|55\/100 tox|[from] item: Leftovers\n|-damage|p1a: Groudon|49\/100 tox|[from] psn\n|upkeep\n|turn|13\n|\n|t:|1699134657\n|move|p2a: Mustang|Pyro Ball|p1a: Groudon\n|-damage|p1a: Groudon|7\/100 tox\n|move|p1a: Groudon|Spikes|p2a: Mustang\n|-sidestart|p2: indie_10|Spikes\n|\n|-weather|SunnyDay|[upkeep]\n|-heal|p1a: Groudon|14\/100 tox|[from] item: Leftovers\n|-damage|p1a: Groudon|1\/100 tox|[from] psn\n|upkeep\n|turn|14\n|\n|t:|1699134667\n|move|p2a: Mustang|Pyro Ball|p1a: Groudon\n|-damage|p1a: Groudon|0 fnt\n|faint|p1a: Groudon\n|\n|-weather|SunnyDay|[upkeep]\n|upkeep\n|\n|t:|1699134672\n|switch|p1a: Hawlucha|Hawlucha, F|100\/100\n|turn|15\n|\n|t:|1699134679\n|move|p2a: Mustang|Zen Headbutt|p1a: Hawlucha\n|-supereffective|p1a: Hawlucha\n|-enditem|p1a: Hawlucha|Focus Sash\n|-damage|p1a: Hawlucha|1\/100\n|move|p1a: Hawlucha|Defog|p2a: Mustang\n|-unboost|p2a: Mustang|evasion|1\n|-sideend|p2: indie_10|Spikes|[from] move: Defog|[of] p1a: Hawlucha\n|-sideend|p2: indie_10|Stealth Rock|[from] move: Defog|[of] p1a: Hawlucha\n|-sideend|p1: CoolPokemonPerson|Spikes|[from] move: Defog|[of] p1a: Hawlucha\n|-sideend|p1: CoolPokemonPerson|Toxic Spikes|[from] move: Defog|[of] p1a: Hawlucha\n|\n|-weather|SunnyDay|[upkeep]\n|upkeep\n|turn|16\n|\n|t:|1699134691\n|move|p1a: Hawlucha|Acrobatics|p2a: Mustang\n|-crit|p2a: Mustang\n|-damage|p2a: Mustang|0 fnt\n|faint|p2a: Mustang\n|\n|-weather|none\n|upkeep\n|\n|t:|1699134698\n|switch|p2a: Piscou morreu|Urshifu-Rapid-Strike, M|100\/100\n|turn|17\n|\n|t:|1699134705\n|move|p1a: Hawlucha|Acrobatics|p2a: Piscou morreu\n|-supereffective|p2a: Piscou morreu\n|-damage|p2a: Piscou morreu|4\/100\n|move|p2a: Piscou morreu|Surging Strikes|p1a: Hawlucha\n|-crit|p1a: Hawlucha\n|-damage|p1a: Hawlucha|0 fnt\n|faint|p1a: Hawlucha\n|-hitcount|p1: Hawlucha|1\n|\n|upkeep\n|\n|t:|1699134713\n|switch|p1a: Jolteon|Jolteon, F|100\/100\n|turn|18\n|\n|t:|1699134720\n|-terastallize|p2a: Piscou morreu|Fighting\n|move|p1a: Jolteon|Thunder|p2a: Piscou morreu|[miss]\n|-miss|p1a: Jolteon|p2a: Piscou morreu\n|move|p2a: Piscou morreu|Brick Break|p1a: Jolteon\n|-damage|p1a: Jolteon|23\/100\n|\n|upkeep\n|turn|19\n|\n|t:|1699134729\n|move|p1a: Jolteon|Copycat|p1a: Jolteon\n|move|p1a: Jolteon|Brick Break|p2a: Piscou morreu|[from]move: Copycat\n|-damage|p2a: Piscou morreu|0 fnt\n|faint|p2a: Piscou morreu\n|\n|upkeep\n|\n|t:|1699134739\n|switch|p2a: Cachorro da espada|Zacian-Crowned|100\/100\n|-ability|p2a: Cachorro da espada|Intrepid Sword|boost\n|-boost|p2a: Cachorro da espada|atk|1\n|turn|20\n|\n|t:|1699134752\n|move|p1a: Jolteon|Protect|p1a: Jolteon\n|-singleturn|p1a: Jolteon|Protect\n|move|p2a: Cachorro da espada|Sacred Sword|p1a: Jolteon\n|-activate|p1a: Jolteon|move: Protect\n|\n|upkeep\n|turn|21\n|\n|t:|1699134761\n|move|p2a: Cachorro da espada|Behemoth Blade|p1a: Jolteon\n|-resisted|p1a: Jolteon\n|-damage|p1a: Jolteon|0 fnt\n|faint|p1a: Jolteon\n|\n|upkeep\n|\n|t:|1699134767\n|switch|p1a: Iron Valiant|Iron Valiant|100\/100\n|turn|22\n|\n|t:|1699134775\n|move|p2a: Cachorro da espada|Behemoth Blade|p1a: Iron Valiant\n|-supereffective|p1a: Iron Valiant\n|-damage|p1a: Iron Valiant|0 fnt\n|faint|p1a: Iron Valiant\n|-end|p1a: Iron Valiant|Quark Drive|[silent]\n|\n|upkeep\n|\n|t:|1699134780\n|switch|p1a: Manaphy|Manaphy|100\/100\n|turn|23\n|\n|t:|1699134788\n|move|p2a: Cachorro da espada|Behemoth Blade|p1a: Manaphy\n|-resisted|p1a: Manaphy\n|-damage|p1a: Manaphy|61\/100\n|-damage|p2a: Cachorro da espada|84\/100|[from] item: Rocky Helmet|[of] p1a: Manaphy\n|move|p1a: Manaphy|Heart Swap|p2a: Cachorro da espada\n|-swapboost|p1a: Manaphy|p2a: Cachorro da espada|[from] move: Heart Swap\n|\n|upkeep\n|turn|24\n|\n|t:|1699134798\n|move|p2a: Cachorro da espada|Sacred Sword|p1a: Manaphy\n|-damage|p1a: Manaphy|28\/100\n|-damage|p2a: Cachorro da espada|67\/100|[from] item: Rocky Helmet|[of] p1a: Manaphy\n|move|p1a: Manaphy|Reflect|p1a: Manaphy\n|-sidestart|p1: CoolPokemonPerson|Reflect\n|\n|upkeep\n|turn|25\n|\n|t:|1699134805\n|move|p2a: Cachorro da espada|Sacred Sword|p1a: Manaphy\n|-damage|p1a: Manaphy|14\/100\n|-damage|p2a: Cachorro da espada|51\/100|[from] item: Rocky Helmet|[of] p1a: Manaphy\n|move|p1a: Manaphy|Stored Power|p2a: Cachorro da espada\n|-resisted|p2a: Cachorro da espada\n|-damage|p2a: Cachorro da espada|46\/100\n|\n|upkeep\n|turn|26\n|\n|t:|1699134816\n|move|p2a: Cachorro da espada|Behemoth Blade|p1a: Manaphy\n|-resisted|p1a: Manaphy\n|-damage|p1a: Manaphy|0 fnt\n|-damage|p2a: Cachorro da espada|30\/100|[from] item: Rocky Helmet|[of] p1a: Manaphy\n|faint|p1a: Manaphy\n|\n|win|indie_10\n|raw|CoolPokemonPerson's rating: 1184 &rarr; <strong>1157<\/strong><br \/>(-27 for losing)\n|raw|indie_10's rating: 1156 &rarr; <strong>1183<\/strong><br \/>(+27 for winning)\n","uploadtime":1699134826,"views":11,"p1id":"coolpokemonperson","p2id":"indie10","formatid":"gen9anythinggoes","rating":1157,"private":0,"password":""}