{"id":"gen9anythinggoes-1985332048","p1":"TRIPLE RILABOOM","p2":"Big-Wx","format":"[Gen 9] Anything Goes","log":"|j|\u2606TRIPLE RILABOOM\n|j|\u2606Big-Wx\n|t:|1699365357\n|gametype|singles\n|player|p1|TRIPLE RILABOOM|170|1045\n|player|p2|Big-Wx|170|1066\n|teamsize|p1|3\n|teamsize|p2|6\n|gen|9\n|tier|[Gen 9] Anything Goes\n|rated|\n|rule|HP Percentage Mod: HP is shown in percentages\n|rule|Endless Battle Clause: Forcing endless battles is banned\n|clearpoke\n|poke|p1|Lucario, M|\n|poke|p1|Azumarill, M|\n|poke|p1|Ninetales-Alola, M|\n|poke|p2|Munchlax, F|\n|poke|p2|Manaphy|\n|poke|p2|Drifblim, M|\n|poke|p2|Illumise, F|\n|poke|p2|Espathra, F|\n|poke|p2|Hawlucha, M|\n|teampreview\n|\n|t:|1699365370\n|start\n|switch|p1a: Ninetales|Ninetales-Alola, M, shiny|100\/100\n|switch|p2a: Drifblim|Drifblim, M|100\/100\n|-weather|Snow|[from] ability: Snow Warning|[of] p1a: Ninetales\n|turn|1\n|\n|t:|1699365390\n|move|p2a: Drifblim|Trick|p1a: Ninetales\n|-activate|p2a: Drifblim|move: Trick|[of] p1a: Ninetales\n|-item|p1a: Ninetales|Choice Scarf|[from] move: Trick\n|-item|p2a: Drifblim|Light Clay|[from] move: Trick\n|move|p1a: Ninetales|Weather Ball|p2a: Drifblim\n|-supereffective|p2a: Drifblim\n|-damage|p2a: Drifblim|19\/100\n|\n|-weather|Snow|[upkeep]\n|upkeep\n|turn|2\n|\n|t:|1699365398\n|move|p1a: Ninetales|Weather Ball|p2a: Drifblim\n|-supereffective|p2a: Drifblim\n|-damage|p2a: Drifblim|0 fnt\n|faint|p2a: Drifblim\n|\n|-weather|Snow|[upkeep]\n|upkeep\n|\n|t:|1699365405\n|switch|p2a: Manaphy|Manaphy|100\/100\n|turn|3\n|\n|t:|1699365409\n|switch|p1a: Azumarill|Azumarill, M|100\/100\n|move|p2a: Manaphy|Take Heart|p2a: Manaphy\n|-boost|p2a: Manaphy|spa|1\n|-boost|p2a: Manaphy|spd|1\n|\n|-weather|Snow|[upkeep]\n|upkeep\n|turn|4\n|\n|t:|1699365421\n|move|p2a: Manaphy|Baton Pass|p2a: Manaphy\n|\n|t:|1699365423\n|switch|p2a: Illumise|Illumise, F|100\/100|[from] Baton Pass\n|move|p1a: Azumarill|Perish Song|p1a: Azumarill\n|-start|p1a: Azumarill|perish3|[silent]\n|-start|p2a: Illumise|perish3|[silent]\n|-fieldactivate|move: Perish Song\n|\n|-weather|Snow|[upkeep]\n|-start|p2a: Illumise|perish3\n|-start|p1a: Azumarill|perish3\n|upkeep\n|turn|5\n|\n|t:|1699365438\n|move|p2a: Illumise|Sunny Day|p2a: Illumise\n|-weather|SunnyDay\n|move|p1a: Azumarill|Surf|p2a: Illumise\n|-damage|p2a: Illumise|94\/100\n|\n|-weather|SunnyDay|[upkeep]\n|-start|p2a: Illumise|perish2\n|-start|p1a: Azumarill|perish2\n|upkeep\n|turn|6\n|\n|t:|1699365448\n|move|p1a: Azumarill|Protect|p1a: Azumarill\n|-singleturn|p1a: Azumarill|Protect\n|move|p2a: Illumise|Growth|p2a: Illumise\n|-boost|p2a: Illumise|atk|2\n|-boost|p2a: Illumise|spa|2\n|\n|-weather|SunnyDay|[upkeep]\n|-start|p2a: Illumise|perish1\n|-start|p1a: Azumarill|perish1\n|upkeep\n|turn|7\n|\n|t:|1699365458\n|move|p2a: Illumise|Baton Pass|p2a: Illumise\n|\n|t:|1699365463\n|switch|p2a: Espathra|Espathra, F|100\/100|[from] Baton Pass\n|move|p1a: Azumarill|Belly Drum|p1a: Azumarill\n|-damage|p1a: Azumarill|50\/100\n|-setboost|p1a: Azumarill|atk|6|[from] move: Belly Drum\n|\n|-weather|SunnyDay|[upkeep]\n|-heal|p1a: Azumarill|57\/100|[from] item: Leftovers\n|-start|p2a: Espathra|perish0\n|-start|p1a: Azumarill|perish0\n|faint|p2a: Espathra\n|faint|p1a: Azumarill\n|upkeep\n|-message|Big-Wx forfeited.\n|\n|win|TRIPLE RILABOOM\n|raw|TRIPLE RILABOOM's rating: 1045 &rarr; <strong>1080<\/strong><br \/>(+35 for winning)\n|raw|Big-Wx's rating: 1066 &rarr; <strong>1045<\/strong><br \/>(-21 for losing)\n|l|\u2606Big-Wx\n","uploadtime":1699365476,"views":18,"p1id":"triplerilaboom","p2id":"bigwx","formatid":"gen9anythinggoes","rating":1045,"private":0,"password":""}