{"id":"gen9anythinggoes-1979326463","p1":"Zklipp10","p2":"xxplasticmanxx","format":"[Gen 9] Anything Goes","log":"|j|\u2606Zklipp10\n|j|\u2606xxplasticmanxx\n|t:|1698671575\n|gametype|singles\n|player|p1|Zklipp10|ingo|1045\n|player|p2|xxplasticmanxx|blackbelt-gen4|1000\n|teamsize|p1|6\n|teamsize|p2|6\n|gen|9\n|tier|[Gen 9] Anything Goes\n|rated|\n|rule|HP Percentage Mod: HP is shown in percentages\n|rule|Endless Battle Clause: Forcing endless battles is banned\n|clearpoke\n|poke|p1|Gengar, M|\n|poke|p1|Hydreigon, M|\n|poke|p1|Furret, M|\n|poke|p1|Iron Valiant|\n|poke|p1|Volcarona, M|\n|poke|p1|Iron Bundle|\n|poke|p2|Rayquaza|\n|poke|p2|Darkrai|\n|poke|p2|Espathra, F|\n|poke|p2|Palafin, M|\n|poke|p2|Urshifu-*, M|\n|poke|p2|Garganacl, M|\n|teampreview\n|inactive|Battle timer is ON: inactive players will automatically lose when time's up. (requested by xxplasticmanxx)\n|\n|t:|1698671585\n|start\n|switch|p1a: Iron Bundle|Iron Bundle|100\/100\n|switch|p2a: salt.|Garganacl, M, shiny|100\/100\n|-enditem|p1a: Iron Bundle|Booster Energy\n|-activate|p1a: Iron Bundle|ability: Quark Drive|[fromitem]\n|-start|p1a: Iron Bundle|quarkdrivespe\n|turn|1\n|\n|t:|1698671595\n|move|p1a: Iron Bundle|Hydro Pump|p2a: salt.\n|-supereffective|p2a: salt.\n|-damage|p2a: salt.|15\/100\n|move|p2a: salt.|Salt Cure|p1a: Iron Bundle\n|-supereffective|p1a: Iron Bundle\n|-damage|p1a: Iron Bundle|65\/100\n|-start|p1a: Iron Bundle|Salt Cure\n|\n|-heal|p2a: salt.|22\/100|[from] item: Leftovers\n|-damage|p1a: Iron Bundle|40\/100|[from] Salt Cure\n|upkeep\n|turn|2\n|\n|t:|1698671606\n|move|p2a: salt.|Protect|p2a: salt.\n|-singleturn|p2a: salt.|Protect\n|move|p1a: Iron Bundle|Flip Turn|p2a: salt.\n|-activate|p2a: salt.|move: Protect\n|\n|-heal|p2a: salt.|28\/100|[from] item: Leftovers\n|-damage|p1a: Iron Bundle|15\/100|[from] Salt Cure\n|upkeep\n|turn|3\n|\n|t:|1698671623\n|switch|p2a: stall|Espathra, F, shiny|100\/100\n|move|p1a: Iron Bundle|Flip Turn|p2a: stall\n|-damage|p2a: stall|82\/100\n|inactive|Zklipp10 has 120 seconds left.\n|\n|t:|1698671657\n|-end|p1a: Iron Bundle|Quark Drive|[silent]\n|switch|p1a: Iron Valiant|Iron Valiant|100\/100|[from] Flip Turn\n|-enditem|p1a: Iron Valiant|Booster Energy\n|-activate|p1a: Iron Valiant|ability: Quark Drive|[fromitem]\n|-start|p1a: Iron Valiant|quarkdrivespa\n|\n|upkeep\n|turn|4\n|\n|t:|1698671665\n|move|p1a: Iron Valiant|Agility|p1a: Iron Valiant\n|-boost|p1a: Iron Valiant|spe|2\n|move|p2a: stall|Calm Mind|p2a: stall\n|-boost|p2a: stall|spa|1\n|-boost|p2a: stall|spd|1\n|\n|-ability|p2a: stall|Speed Boost|boost\n|-boost|p2a: stall|spe|1\n|upkeep\n|turn|5\n|\n|t:|1698671673\n|move|p1a: Iron Valiant|Agility|p1a: Iron Valiant\n|-boost|p1a: Iron Valiant|spe|2\n|move|p2a: stall|Calm Mind|p2a: stall\n|-boost|p2a: stall|spa|1\n|-boost|p2a: stall|spd|1\n|\n|-ability|p2a: stall|Speed Boost|boost\n|-boost|p2a: stall|spe|1\n|upkeep\n|turn|6\n|\n|t:|1698671682\n|move|p1a: Iron Valiant|Agility|p1a: Iron Valiant\n|-boost|p1a: Iron Valiant|spe|2\n|move|p2a: stall|Calm Mind|p2a: stall\n|-boost|p2a: stall|spa|1\n|-boost|p2a: stall|spd|1\n|\n|-ability|p2a: stall|Speed Boost|boost\n|-boost|p2a: stall|spe|1\n|upkeep\n|turn|7\n|\n|t:|1698671693\n|move|p2a: stall|Protect|p2a: stall\n|-singleturn|p2a: stall|Protect\n|move|p1a: Iron Valiant|Calm Mind|p1a: Iron Valiant\n|-boost|p1a: Iron Valiant|spa|1\n|-boost|p1a: Iron Valiant|spd|1\n|\n|-ability|p2a: stall|Speed Boost|boost\n|-boost|p2a: stall|spe|1\n|upkeep\n|turn|8\n|\n|t:|1698671705\n|move|p1a: Iron Valiant|Calm Mind|p1a: Iron Valiant\n|-boost|p1a: Iron Valiant|spa|1\n|-boost|p1a: Iron Valiant|spd|1\n|move|p2a: stall|Baton Pass|p2a: stall\n|\n|t:|1698671710\n|switch|p2a: babadook|Darkrai, shiny|100\/100|[from] Baton Pass\n|\n|upkeep\n|turn|9\n|\n|t:|1698671721\n|-terastallize|p2a: babadook|Ghost\n|move|p1a: Iron Valiant|Dazzling Gleam|p2a: babadook\n|-damage|p2a: babadook|47\/100\n|move|p2a: babadook|Knock Off|p1a: Iron Valiant\n|-resisted|p1a: Iron Valiant\n|-damage|p1a: Iron Valiant|93\/100\n|-damage|p2a: babadook|37\/100|[from] item: Life Orb\n|\n|upkeep\n|turn|10\n|\n|t:|1698671732\n|move|p2a: babadook|Sucker Punch|p1a: Iron Valiant\n|-resisted|p1a: Iron Valiant\n|-damage|p1a: Iron Valiant|85\/100\n|-damage|p2a: babadook|27\/100|[from] item: Life Orb\n|move|p1a: Iron Valiant|Dazzling Gleam|p2a: babadook\n|-damage|p2a: babadook|0 fnt\n|faint|p2a: babadook\n|\n|upkeep\n|\n|t:|1698671741\n|switch|p2a: salt.|Garganacl, M, shiny|28\/100\n|turn|11\n|\n|t:|1698671745\n|move|p1a: Iron Valiant|Dazzling Gleam|p2a: salt.\n|-crit|p2a: salt.\n|-damage|p2a: salt.|0 fnt\n|faint|p2a: salt.\n|\n|upkeep\n|\n|t:|1698671757\n|switch|p2a: jewjewbinks|Rayquaza, shiny|100\/100\n|-ability|p2a: jewjewbinks|Air Lock\n|turn|12\n|\n|t:|1698671767\n|move|p1a: Iron Valiant|Dazzling Gleam|p2a: jewjewbinks\n|-supereffective|p2a: jewjewbinks\n|-damage|p2a: jewjewbinks|0 fnt\n|faint|p2a: jewjewbinks\n|\n|upkeep\n|\n|t:|1698671771\n|switch|p2a: ONEPUNCHHHH|Palafin, M, shiny|100\/100\n|turn|13\n|n|!Zklipp10|zklipp10\n|c|\u2606xxplasticmanxx|this shit is starting to feel like yugioh\n|\n|t:|1698671790\n|move|p2a: ONEPUNCHHHH|Jet Punch|p1a: Iron Valiant\n|-damage|p1a: Iron Valiant|44\/100\n|move|p1a: Iron Valiant|Dazzling Gleam|p2a: ONEPUNCHHHH\n|-damage|p2a: ONEPUNCHHHH|0 fnt\n|faint|p2a: ONEPUNCHHHH\n|\n|upkeep\n|\n|t:|1698671796\n|switch|p2a: Urshifu|Urshifu, M|100\/100\n|turn|14\n|\n|t:|1698671805\n|move|p2a: Urshifu|Sucker Punch|p1a: Iron Valiant\n|-resisted|p1a: Iron Valiant\n|-crit|p1a: Iron Valiant\n|-damage|p1a: Iron Valiant|27\/100\n|move|p1a: Iron Valiant|Dazzling Gleam|p2a: Urshifu\n|-supereffective|p2a: Urshifu\n|-damage|p2a: Urshifu|0 fnt\n|faint|p2a: Urshifu\n|\n|upkeep\n|\n|t:|1698671812\n|switch|p2a: stall|Espathra, F, shiny|82\/100\n|turn|15\n|\n|t:|1698671821\n|move|p1a: Iron Valiant|Dazzling Gleam|p2a: stall\n|-damage|p2a: stall|0 fnt\n|faint|p2a: stall\n|\n|win|Zklipp10\n|raw|Zklipp10's rating: 1045 &rarr; <strong>1074<\/strong><br \/>(+29 for winning)\n|raw|xxplasticmanxx's rating: 1000 &rarr; <strong>1000<\/strong><br \/>(+0 for losing)\n","uploadtime":1698671778,"views":8,"p1id":"zklipp10","p2id":"xxplasticmanxx","formatid":"gen9anythinggoes","rating":1000,"private":0,"password":""}