{"id":"gen9anythinggoes-1995593122","p1":"Jeremoon","p2":"matze_m","format":"[Gen 9] Anything Goes","log":"|j|\u2606Jeremoon\n|j|\u2606matze_m\n|t:|1700585759\n|gametype|singles\n|player|p1|Jeremoon|101|\n|player|p2|matze_m|170|\n|teamsize|p1|6\n|teamsize|p2|6\n|gen|9\n|tier|[Gen 9] Anything Goes\n|rule|HP Percentage Mod: HP is shown in percentages\n|rule|Endless Battle Clause: Forcing endless battles is banned\n|clearpoke\n|poke|p1|Diancie|\n|poke|p1|Cresselia, F|\n|poke|p1|Heatran, F|\n|poke|p1|Talonflame, F|\n|poke|p1|Goodra-Hisui, F|\n|poke|p1|Urshifu-*, M|\n|poke|p2|Dragapult, M|\n|poke|p2|Mew|\n|poke|p2|Rillaboom, M|\n|poke|p2|Mandibuzz, F|\n|poke|p2|Fezandipiti, M|\n|poke|p2|Empoleon, F|\n|teampreview\n|\n|t:|1700585793\n|start\n|switch|p1a: Urshifu|Urshifu-Rapid-Strike, M|100\/100\n|switch|p2a: Mandibuzz|Mandibuzz, F|100\/100\n|turn|1\n|\n|t:|1700585808\n|move|p1a: Urshifu|Thunder Punch|p2a: Mandibuzz\n|-supereffective|p2a: Mandibuzz\n|-damage|p2a: Mandibuzz|72\/100\n|-status|p2a: Mandibuzz|par\n|move|p2a: Mandibuzz|U-turn|p1a: Urshifu\n|-resisted|p1a: Urshifu\n|-damage|p1a: Urshifu|95\/100\n|\n|t:|1700585844\n|switch|p2a: Rillaboom|Rillaboom, M|100\/100|[from] U-turn\n|-fieldstart|move: Grassy Terrain|[from] ability: Grassy Surge|[of] p2a: Rillaboom\n|\n|-heal|p1a: Urshifu|100\/100|[from] Grassy Terrain\n|upkeep\n|turn|2\n|\n|t:|1700585896\n|switch|p1a: Goodra|Goodra-Hisui, F|100\/100\n|move|p2a: Rillaboom|High Horsepower|p1a: Goodra\n|-supereffective|p1a: Goodra\n|-damage|p1a: Goodra|25\/100\n|\n|-heal|p1a: Goodra|31\/100|[from] Grassy Terrain\n|-heal|p1a: Goodra|37\/100|[from] item: Leftovers\n|upkeep\n|turn|3\n|\n|t:|1700585943\n|switch|p1a: Talonflame|Talonflame, F|100\/100\n|move|p2a: Rillaboom|High Horsepower|p1a: Talonflame\n|-immune|p1a: Talonflame\n|\n|upkeep\n|turn|4\n|\n|t:|1700585971\n|switch|p2a: Empoleon|Empoleon, F|100\/100\n|move|p1a: Talonflame|Brave Bird|p2a: Empoleon\n|-resisted|p2a: Empoleon\n|-damage|p2a: Empoleon|77\/100\n|-damage|p1a: Talonflame|91\/100|[from] Recoil\n|\n|-heal|p2a: Empoleon|83\/100|[from] Grassy Terrain\n|upkeep\n|turn|5\n|l|\u2606Jeremoon\n|player|p1|\n|j|\u2606Jeremoon\n|player|p1|Jeremoon|101\n|\n|t:|1700585998\n|switch|p1a: Cresselia|Cresselia, F|100\/100\n|move|p2a: Empoleon|Flip Turn|p1a: Cresselia\n|-damage|p1a: Cresselia|92\/100\n|-damage|p2a: Empoleon|66\/100|[from] item: Rocky Helmet|[of] p1a: Cresselia\n|\n|t:|1700586014\n|switch|p2a: Mandibuzz|Mandibuzz, F|72\/100 par|[from] Flip Turn\n|\n|-fieldend|move: Grassy Terrain\n|upkeep\n|turn|6\n|\n|t:|1700586051\n|switch|p1a: Goodra|Goodra-Hisui, F|37\/100\n|move|p2a: Mandibuzz|Toxic|p1a: Goodra\n|-immune|p1a: Goodra\n|\n|-heal|p1a: Goodra|43\/100|[from] item: Leftovers\n|upkeep\n|turn|7\n|\n|t:|1700586071\n|switch|p2a: Empoleon|Empoleon, F|66\/100\n|move|p1a: Goodra|Acid Armor|p1a: Goodra\n|-boost|p1a: Goodra|def|2\n|\n|-heal|p1a: Goodra|49\/100|[from] item: Leftovers\n|upkeep\n|turn|8\n|\n|t:|1700586085\n|move|p2a: Empoleon|Surf|p1a: Goodra\n|-resisted|p1a: Goodra\n|-damage|p1a: Goodra|37\/100\n|move|p1a: Goodra|Body Press|p2a: Empoleon\n|-supereffective|p2a: Empoleon\n|-damage|p2a: Empoleon|0 fnt\n|faint|p2a: Empoleon\n|\n|-heal|p1a: Goodra|43\/100|[from] item: Leftovers\n|upkeep\n|\n|t:|1700586095\n|switch|p2a: Rillaboom|Rillaboom, M|100\/100\n|-fieldstart|move: Grassy Terrain|[from] ability: Grassy Surge|[of] p2a: Rillaboom\n|turn|9\n|\n|t:|1700586106\n|switch|p1a: Cresselia|Cresselia, F|92\/100\n|move|p2a: Rillaboom|High Horsepower|p1a: Cresselia\n|-immune|p1a: Cresselia|[from] ability: Levitate\n|\n|upkeep\n|turn|10\n|\n|t:|1700586117\n|switch|p2a: Fezandipiti|Fezandipiti, M|100\/100\n|move|p1a: Cresselia|Calm Mind|p1a: Cresselia\n|-boost|p1a: Cresselia|spa|1\n|-boost|p1a: Cresselia|spd|1\n|\n|upkeep\n|turn|11\n|\n|t:|1700586128\n|move|p2a: Fezandipiti|Poison Jab|p1a: Cresselia\n|-damage|p1a: Cresselia|78\/100\n|-damage|p2a: Fezandipiti|84\/100|[from] item: Rocky Helmet|[of] p1a: Cresselia\n|move|p1a: Cresselia|Ice Beam|p2a: Fezandipiti\n|-damage|p2a: Fezandipiti|70\/100\n|\n|-heal|p2a: Fezandipiti|76\/100|[from] Grassy Terrain\n|-heal|p2a: Fezandipiti|83\/100|[from] item: Black Sludge\n|upkeep\n|turn|12\n|\n|t:|1700586153\n|switch|p1a: Heatran|Heatran, F|100\/100\n|-item|p1a: Heatran|Air Balloon\n|move|p2a: Fezandipiti|Poison Jab|p1a: Heatran\n|-immune|p1a: Heatran\n|\n|-heal|p2a: Fezandipiti|89\/100|[from] Grassy Terrain\n|-heal|p2a: Fezandipiti|95\/100|[from] item: Black Sludge\n|upkeep\n|turn|13\n|\n|t:|1700586191\n|switch|p2a: Dragapult|Dragapult, M|100\/100\n|move|p1a: Heatran|Overheat|p2a: Dragapult\n|-resisted|p2a: Dragapult\n|-damage|p2a: Dragapult|68\/100\n|-unboost|p1a: Heatran|spa|2\n|\n|-heal|p2a: Dragapult|74\/100|[from] Grassy Terrain\n|-fieldend|move: Grassy Terrain\n|upkeep\n|turn|14\n|\n|t:|1700586207\n|switch|p1a: Goodra|Goodra-Hisui, F|43\/100\n|move|p2a: Dragapult|Surf|p1a: Goodra\n|-resisted|p1a: Goodra\n|-damage|p1a: Goodra|33\/100\n|-damage|p2a: Dragapult|64\/100|[from] item: Life Orb\n|\n|-heal|p1a: Goodra|39\/100|[from] item: Leftovers\n|upkeep\n|turn|15\n|\n|t:|1700586219\n|switch|p2a: Rillaboom|Rillaboom, M|100\/100\n|-fieldstart|move: Grassy Terrain|[from] ability: Grassy Surge|[of] p2a: Rillaboom\n|move|p1a: Goodra|Ice Spinner|p2a: Rillaboom\n|-supereffective|p2a: Rillaboom\n|-crit|p2a: Rillaboom\n|-damage|p2a: Rillaboom|35\/100\n|-fieldend|move: Grassy Terrain\n|\n|-heal|p1a: Goodra|45\/100|[from] item: Leftovers\n|upkeep\n|turn|16\n|\n|t:|1700586231\n|switch|p1a: Cresselia|Cresselia, F|78\/100\n|move|p2a: Rillaboom|High Horsepower|p1a: Cresselia\n|-immune|p1a: Cresselia|[from] ability: Levitate\n|\n|upkeep\n|turn|17\n|\n|t:|1700586249\n|switch|p2a: Mandibuzz|Mandibuzz, F|72\/100 par\n|move|p1a: Cresselia|Moonlight|p1a: Cresselia\n|-heal|p1a: Cresselia|100\/100\n|\n|upkeep\n|turn|18\n|\n|t:|1700586262\n|-terastallize|p1a: Cresselia|Fairy\n|move|p1a: Cresselia|Moonblast|p2a: Mandibuzz\n|-supereffective|p2a: Mandibuzz\n|-damage|p2a: Mandibuzz|25\/100 par\n|cant|p2a: Mandibuzz|par\n|\n|upkeep\n|turn|19\n|\n|t:|1700586274\n|switch|p2a: Fezandipiti|Fezandipiti, M|95\/100\n|move|p1a: Cresselia|Ice Beam|p2a: Fezandipiti\n|-damage|p2a: Fezandipiti|86\/100\n|\n|-heal|p2a: Fezandipiti|92\/100|[from] item: Black Sludge\n|upkeep\n|turn|20\n|\n|t:|1700586285\n|switch|p1a: Goodra|Goodra-Hisui, F|45\/100\n|move|p2a: Fezandipiti|U-turn|p1a: Goodra\n|-resisted|p1a: Goodra\n|-damage|p1a: Goodra|40\/100\n|\n|t:|1700586299\n|switch|p2a: Mew|Mew|100\/100|[from] U-turn\n|\n|-heal|p1a: Goodra|46\/100|[from] item: Leftovers\n|upkeep\n|turn|21\n|\n|t:|1700586307\n|switch|p1a: Cresselia|Cresselia, F, tera:Fairy|100\/100\n|move|p2a: Mew|Earth Power|p1a: Cresselia\n|-immune|p1a: Cresselia|[from] ability: Levitate\n|\n|upkeep\n|turn|22\n|\n|t:|1700586315\n|move|p2a: Mew|Sludge Bomb|p1a: Cresselia\n|-supereffective|p1a: Cresselia\n|-damage|p1a: Cresselia|62\/100\n|move|p1a: Cresselia|Calm Mind|p1a: Cresselia\n|-boost|p1a: Cresselia|spa|1\n|-boost|p1a: Cresselia|spd|1\n|\n|upkeep\n|turn|23\n|\n|t:|1700586323\n|move|p2a: Mew|Sludge Bomb|p1a: Cresselia\n|-supereffective|p1a: Cresselia\n|-damage|p1a: Cresselia|35\/100\n|-status|p1a: Cresselia|psn\n|move|p1a: Cresselia|Moonlight|p1a: Cresselia\n|-heal|p1a: Cresselia|85\/100 psn\n|\n|-damage|p1a: Cresselia|73\/100 psn|[from] psn\n|upkeep\n|turn|24\n|\n|t:|1700586333\n|move|p2a: Mew|Sludge Bomb|p1a: Cresselia\n|-supereffective|p1a: Cresselia\n|-damage|p1a: Cresselia|46\/100 psn\n|move|p1a: Cresselia|Moonlight|p1a: Cresselia\n|-heal|p1a: Cresselia|96\/100 psn\n|\n|-damage|p1a: Cresselia|83\/100 psn|[from] psn\n|upkeep\n|turn|25\n|\n|t:|1700586346\n|move|p2a: Mew|Sludge Bomb|p1a: Cresselia\n|-supereffective|p1a: Cresselia\n|-damage|p1a: Cresselia|59\/100 psn\n|move|p1a: Cresselia|Moonblast|p2a: Mew\n|-damage|p2a: Mew|62\/100\n|\n|-damage|p1a: Cresselia|47\/100 psn|[from] psn\n|upkeep\n|turn|26\n|\n|t:|1700586362\n|switch|p1a: Heatran|Heatran, F|100\/100\n|-item|p1a: Heatran|Air Balloon\n|move|p2a: Mew|Sludge Bomb|p1a: Heatran\n|-immune|p1a: Heatran\n|\n|upkeep\n|turn|27\n|\n|t:|1700586397\n|switch|p2a: Mandibuzz|Mandibuzz, F|25\/100 par\n|move|p1a: Heatran|Stealth Rock|p2a: Mandibuzz\n|-sidestart|p2: matze_m|move: Stealth Rock\n|\n|upkeep\n|turn|28\n|\n|t:|1700586405\n|switch|p1a: Goodra|Goodra-Hisui, F|46\/100\n|move|p2a: Mandibuzz|Roost|p2a: Mandibuzz\n|-heal|p2a: Mandibuzz|76\/100 par\n|-singleturn|p2a: Mandibuzz|move: Roost\n|\n|-heal|p1a: Goodra|52\/100|[from] item: Leftovers\n|upkeep\n|turn|29\n|\n|t:|1700586423\n|move|p1a: Goodra|Ice Spinner|p2a: Mandibuzz\n|-supereffective|p2a: Mandibuzz\n|-damage|p2a: Mandibuzz|54\/100 par\n|move|p2a: Mandibuzz|U-turn|p1a: Goodra\n|-resisted|p1a: Goodra\n|-damage|p1a: Goodra|47\/100\n|\n|t:|1700586436\n|switch|p2a: Rillaboom|Rillaboom, M|35\/100|[from] U-turn\n|-damage|p2a: Rillaboom|22\/100|[from] Stealth Rock\n|-fieldstart|move: Grassy Terrain|[from] ability: Grassy Surge|[of] p2a: Rillaboom\n|\n|-heal|p2a: Rillaboom|29\/100|[from] Grassy Terrain\n|-heal|p1a: Goodra|54\/100|[from] Grassy Terrain\n|-heal|p1a: Goodra|60\/100|[from] item: Leftovers\n|upkeep\n|turn|30\n|\n|t:|1700586452\n|switch|p1a: Talonflame|Talonflame, F|91\/100\n|move|p2a: Rillaboom|Grassy Glide|p1a: Talonflame\n|-resisted|p1a: Talonflame\n|-damage|p1a: Talonflame|67\/100\n|\n|-heal|p2a: Rillaboom|35\/100|[from] Grassy Terrain\n|upkeep\n|turn|31\n|\n|t:|1700586473\n|switch|p2a: Fezandipiti|Fezandipiti, M|92\/100\n|-damage|p2a: Fezandipiti|79\/100|[from] Stealth Rock\n|move|p1a: Talonflame|Swords Dance|p1a: Talonflame\n|-boost|p1a: Talonflame|atk|2\n|\n|-heal|p2a: Fezandipiti|85\/100|[from] Grassy Terrain\n|-heal|p2a: Fezandipiti|92\/100|[from] item: Black Sludge\n|upkeep\n|turn|32\n|l|\u2606Jeremoon\n|player|p1|\n|j|\u2606Jeremoon\n|player|p1|Jeremoon|101\n|\n|t:|1700586504\n|move|p1a: Talonflame|Brave Bird|p2a: Fezandipiti\n|-damage|p2a: Fezandipiti|0 fnt\n|faint|p2a: Fezandipiti\n|-damage|p1a: Talonflame|29\/100|[from] Recoil\n|\n|upkeep\n|\n|t:|1700586524\n|switch|p2a: Dragapult|Dragapult, M|64\/100\n|-damage|p2a: Dragapult|52\/100|[from] Stealth Rock\n|turn|33\n|\n|t:|1700586544\n|move|p2a: Dragapult|Draco Meteor|p1a: Talonflame\n|-crit|p1a: Talonflame\n|-damage|p1a: Talonflame|0 fnt\n|-unboost|p2a: Dragapult|spa|2\n|faint|p1a: Talonflame\n|-damage|p2a: Dragapult|42\/100|[from] item: Life Orb\n|\n|-heal|p2a: Dragapult|48\/100|[from] Grassy Terrain\n|-fieldend|move: Grassy Terrain\n|upkeep\n|\n|t:|1700586555\n|switch|p1a: Urshifu|Urshifu-Rapid-Strike, M|100\/100\n|turn|34\n|\n|t:|1700586566\n|switch|p2a: Mandibuzz|Mandibuzz, F|54\/100 par\n|move|p1a: Urshifu|U-turn|p2a: Mandibuzz\n|-damage|p2a: Mandibuzz|41\/100 par\n|\n|t:|1700586573\n|switch|p1a: Goodra|Goodra-Hisui, F|60\/100|[from] U-turn\n|\n|-heal|p1a: Goodra|66\/100|[from] item: Leftovers\n|upkeep\n|turn|35\n|\n|t:|1700586584\n|move|p1a: Goodra|Ice Spinner|p2a: Mandibuzz\n|-supereffective|p2a: Mandibuzz\n|-damage|p2a: Mandibuzz|21\/100 par\n|move|p2a: Mandibuzz|Roost|p2a: Mandibuzz\n|-heal|p2a: Mandibuzz|72\/100 par\n|-singleturn|p2a: Mandibuzz|move: Roost\n|\n|-heal|p1a: Goodra|72\/100|[from] item: Leftovers\n|upkeep\n|turn|36\n|\n|t:|1700586594\n|move|p1a: Goodra|Acid Armor|p1a: Goodra\n|-boost|p1a: Goodra|def|2\n|cant|p2a: Mandibuzz|par\n|\n|-heal|p1a: Goodra|78\/100|[from] item: Leftovers\n|upkeep\n|turn|37\n|\n|t:|1700586603\n|switch|p2a: Dragapult|Dragapult, M|48\/100\n|-damage|p2a: Dragapult|36\/100|[from] Stealth Rock\n|move|p1a: Goodra|Acid Armor|p1a: Goodra\n|-boost|p1a: Goodra|def|2\n|\n|-heal|p1a: Goodra|84\/100|[from] item: Leftovers\n|upkeep\n|turn|38\n|\n|t:|1700586616\n|move|p2a: Dragapult|Flamethrower|p1a: Goodra\n|-damage|p1a: Goodra|60\/100\n|-damage|p2a: Dragapult|26\/100|[from] item: Life Orb\n|move|p1a: Goodra|Ice Spinner|p2a: Dragapult\n|-supereffective|p2a: Dragapult\n|-damage|p2a: Dragapult|0 fnt\n|faint|p2a: Dragapult\n|\n|-heal|p1a: Goodra|66\/100|[from] item: Leftovers\n|upkeep\n|\n|t:|1700586629\n|switch|p2a: Rillaboom|Rillaboom, M|35\/100\n|-damage|p2a: Rillaboom|22\/100|[from] Stealth Rock\n|-fieldstart|move: Grassy Terrain|[from] ability: Grassy Surge|[of] p2a: Rillaboom\n|turn|39\n|\n|t:|1700586634\n|move|p2a: Rillaboom|High Horsepower|p1a: Goodra\n|-supereffective|p1a: Goodra\n|-damage|p1a: Goodra|40\/100\n|move|p1a: Goodra|Ice Spinner|p2a: Rillaboom\n|-supereffective|p2a: Rillaboom\n|-damage|p2a: Rillaboom|0 fnt\n|-fieldend|move: Grassy Terrain\n|faint|p2a: Rillaboom\n|\n|-heal|p1a: Goodra|46\/100|[from] item: Leftovers\n|upkeep\n|\n|t:|1700586645\n|switch|p2a: Mew|Mew|62\/100\n|-damage|p2a: Mew|49\/100|[from] Stealth Rock\n|turn|40\n|\n|t:|1700586653\n|move|p2a: Mew|Earth Power|p1a: Goodra\n|-supereffective|p1a: Goodra\n|-damage|p1a: Goodra|2\/100\n|move|p1a: Goodra|Ice Spinner|p2a: Mew\n|-damage|p2a: Mew|30\/100\n|\n|-heal|p1a: Goodra|8\/100|[from] item: Leftovers\n|upkeep\n|turn|41\n|\n|t:|1700586665\n|switch|p1a: Cresselia|Cresselia, F, tera:Fairy|47\/100 psn\n|move|p2a: Mew|Psychic|p1a: Cresselia\n|-damage|p1a: Cresselia|22\/100 psn\n|\n|-damage|p1a: Cresselia|10\/100 psn|[from] psn\n|upkeep\n|turn|42\n|\n|t:|1700586678\n|move|p2a: Mew|Psychic|p1a: Cresselia\n|-damage|p1a: Cresselia|0 fnt\n|faint|p1a: Cresselia\n|\n|upkeep\n|\n|t:|1700586683\n|switch|p1a: Urshifu|Urshifu-Rapid-Strike, M|100\/100\n|turn|43\n|\n|t:|1700586697\n|move|p1a: Urshifu|Surging Strikes|p2a: Mew\n|-crit|p2a: Mew\n|-damage|p2a: Mew|10\/100\n|-crit|p2a: Mew\n|-damage|p2a: Mew|0 fnt\n|faint|p2a: Mew\n|-hitcount|p2: Mew|2\n|\n|upkeep\n|\n|t:|1700586704\n|switch|p2a: Mandibuzz|Mandibuzz, F|72\/100 par\n|turn|44\n|\n|t:|1700586708\n|move|p1a: Urshifu|Surging Strikes|p2a: Mandibuzz\n|-crit|p2a: Mandibuzz\n|-damage|p2a: Mandibuzz|60\/100 par\n|-crit|p2a: Mandibuzz\n|-damage|p2a: Mandibuzz|48\/100 par\n|-crit|p2a: Mandibuzz\n|-damage|p2a: Mandibuzz|36\/100 par\n|-hitcount|p2a: Mandibuzz|3\n|cant|p2a: Mandibuzz|par\n|\n|upkeep\n|turn|45\n|\n|t:|1700586717\n|move|p1a: Urshifu|Surging Strikes|p2a: Mandibuzz\n|-crit|p2a: Mandibuzz\n|-damage|p2a: Mandibuzz|23\/100 par\n|-crit|p2a: Mandibuzz\n|-damage|p2a: Mandibuzz|11\/100 par\n|-crit|p2a: Mandibuzz\n|-damage|p2a: Mandibuzz|0 fnt\n|faint|p2a: Mandibuzz\n|-hitcount|p2: Mandibuzz|3\n|\n|win|Jeremoon\n|l|\u2606matze_m\n","uploadtime":1700586732,"views":9,"p1id":"jeremoon","p2id":"matzem","formatid":"gen9anythinggoes","rating":0,"private":0,"password":""}