{"id":"gen9anythinggoes-1983454516","p1":"Lass Veronica","p2":"AngelGCXS","format":"[Gen 9] Anything Goes","log":"|j|\u2606Lass Veronica\n|j|\u2606AngelGCXS\n|t:|1699131873\n|gametype|singles\n|player|p1|Lass Veronica|lady-gen4|1129\n|player|p2|AngelGCXS|hilbert|1206\n|teamsize|p1|6\n|teamsize|p2|6\n|gen|9\n|tier|[Gen 9] Anything Goes\n|rated|\n|rule|HP Percentage Mod: HP is shown in percentages\n|rule|Endless Battle Clause: Forcing endless battles is banned\n|clearpoke\n|poke|p1|Gliscor, M|\n|poke|p1|Quagsire, M|\n|poke|p1|Krookodile, M|\n|poke|p1|Palossand, F|\n|poke|p1|Hippowdon, F|\n|poke|p1|Garchomp, F|\n|poke|p2|Maushold|\n|poke|p2|Dudunsparce-*, F|\n|poke|p2|Glimmora, F|\n|poke|p2|Lilligant-Hisui, F|\n|poke|p2|Infernape, F|\n|poke|p2|Flutter Mane|\n|teampreview\n|\n|t:|1699131877\n|start\n|switch|p1a: Stinger|Gliscor, M, shiny|100\/100\n|switch|p2a: Glimmora|Glimmora, F|100\/100\n|turn|1\n|\n|t:|1699131887\n|switch|p1a: Literal Sand|Palossand, F, shiny|100\/100\n|move|p2a: Glimmora|Stealth Rock|p1a: Literal Sand\n|-sidestart|p1: Lass Veronica|move: Stealth Rock\n|\n|upkeep\n|turn|2\n|\n|t:|1699131893\n|move|p2a: Glimmora|Mortal Spin|p1a: Literal Sand\n|-resisted|p1a: Literal Sand\n|-damage|p1a: Literal Sand|99\/100\n|-status|p1a: Literal Sand|psn\n|move|p1a: Literal Sand|Chilling Water|p2a: Glimmora\n|-supereffective|p2a: Glimmora\n|-damage|p2a: Glimmora|65\/100\n|-unboost|p2a: Glimmora|atk|1\n|\n|-damage|p1a: Literal Sand|87\/100 psn|[from] psn\n|upkeep\n|turn|3\n|\n|t:|1699131902\n|move|p2a: Glimmora|Mortal Spin|p1a: Literal Sand\n|-resisted|p1a: Literal Sand\n|-damage|p1a: Literal Sand|86\/100 psn\n|move|p1a: Literal Sand|Flash Cannon|p2a: Glimmora\n|-supereffective|p2a: Glimmora\n|-damage|p2a: Glimmora|9\/100\n|\n|-damage|p1a: Literal Sand|74\/100 psn|[from] psn\n|upkeep\n|turn|4\n|\n|t:|1699131910\n|move|p2a: Glimmora|Mortal Spin|p1a: Literal Sand\n|-resisted|p1a: Literal Sand\n|-damage|p1a: Literal Sand|73\/100 psn\n|move|p1a: Literal Sand|Chilling Water|p2a: Glimmora\n|-supereffective|p2a: Glimmora\n|-damage|p2a: Glimmora|0 fnt\n|faint|p2a: Glimmora\n|\n|-damage|p1a: Literal Sand|61\/100 psn|[from] psn\n|upkeep\n|\n|t:|1699131912\n|switch|p2a: Dudunsparce|Dudunsparce, F|100\/100\n|turn|5\n|\n|t:|1699131922\n|move|p2a: Dudunsparce|Coil|p2a: Dudunsparce\n|-boost|p2a: Dudunsparce|atk|1\n|-boost|p2a: Dudunsparce|def|1\n|-boost|p2a: Dudunsparce|accuracy|1\n|move|p1a: Literal Sand|Flash Cannon|p2a: Dudunsparce\n|-damage|p2a: Dudunsparce|73\/100\n|\n|-damage|p1a: Literal Sand|48\/100 psn|[from] psn\n|upkeep\n|turn|6\n|\n|t:|1699131933\n|switch|p1a: Hippowdon|Hippowdon, F|100\/100\n|-damage|p1a: Hippowdon|94\/100|[from] Stealth Rock\n|-weather|Sandstorm|[from] ability: Sand Stream|[of] p1a: Hippowdon\n|move|p2a: Dudunsparce|Agility|p2a: Dudunsparce\n|-boost|p2a: Dudunsparce|spe|2\n|\n|-weather|Sandstorm|[upkeep]\n|-damage|p2a: Dudunsparce|67\/100|[from] Sandstorm\n|upkeep\n|turn|7\n|\n|t:|1699131946\n|move|p2a: Dudunsparce|Coil|p2a: Dudunsparce\n|-boost|p2a: Dudunsparce|atk|1\n|-boost|p2a: Dudunsparce|def|1\n|-boost|p2a: Dudunsparce|accuracy|1\n|move|p1a: Hippowdon|Yawn|p2a: Dudunsparce\n|-start|p2a: Dudunsparce|move: Yawn|[of] p1a: Hippowdon\n|\n|-weather|Sandstorm|[upkeep]\n|-damage|p2a: Dudunsparce|61\/100|[from] Sandstorm\n|upkeep\n|turn|8\n|\n|t:|1699131954\n|move|p2a: Dudunsparce|Baton Pass|p2a: Dudunsparce\n|\n|t:|1699131955\n|switch|p2a: Maushold|Maushold|100\/100|[from] Baton Pass\n|move|p1a: Hippowdon|Body Slam|p2a: Maushold\n|-damage|p2a: Maushold|78\/100\n|\n|-weather|Sandstorm|[upkeep]\n|-damage|p2a: Maushold|72\/100|[from] Sandstorm\n|upkeep\n|turn|9\n|\n|t:|1699131964\n|switch|p1a: Literal Sand|Palossand, F, shiny|48\/100 psn\n|-damage|p1a: Literal Sand|42\/100 psn|[from] Stealth Rock\n|-terastallize|p2a: Maushold|Normal\n|move|p2a: Maushold|Population Bomb|p1a: Literal Sand\n|-immune|p1a: Literal Sand\n|\n|-weather|Sandstorm|[upkeep]\n|-damage|p2a: Maushold|66\/100|[from] Sandstorm\n|-damage|p1a: Literal Sand|30\/100 psn|[from] psn\n|upkeep\n|turn|10\n|\n|t:|1699131974\n|move|p2a: Maushold|Crunch|p1a: Literal Sand\n|-supereffective|p1a: Literal Sand\n|-crit|p1a: Literal Sand\n|-damage|p1a: Literal Sand|0 fnt\n|faint|p1a: Literal Sand\n|\n|-weather|Sandstorm|[upkeep]\n|-damage|p2a: Maushold|60\/100|[from] Sandstorm\n|upkeep\n|\n|t:|1699131984\n|switch|p1a: Sand Shark|Garchomp, F, shiny|100\/100\n|-damage|p1a: Sand Shark|94\/100|[from] Stealth Rock\n|turn|11\n|\n|t:|1699131989\n|move|p2a: Maushold|Population Bomb|p1a: Sand Shark\n|-damage|p1a: Sand Shark|65\/100\n|-damage|p1a: Sand Shark|34\/100\n|-damage|p1a: Sand Shark|2\/100\n|-damage|p1a: Sand Shark|0 fnt\n|faint|p1a: Sand Shark\n|-hitcount|p1: Sand Shark|4\n|\n|-weather|Sandstorm|[upkeep]\n|-damage|p2a: Maushold|53\/100|[from] Sandstorm\n|upkeep\n|\n|t:|1699131999\n|switch|p1a: Silly Critter|Quagsire, M|100\/100\n|-damage|p1a: Silly Critter|94\/100|[from] Stealth Rock\n|turn|12\n|\n|t:|1699132003\n|move|p2a: Maushold|Population Bomb|p1a: Silly Critter\n|-damage|p1a: Silly Critter|62\/100\n|-damage|p1a: Silly Critter|26\/100\n|-damage|p1a: Silly Critter|0 fnt\n|faint|p1a: Silly Critter\n|-hitcount|p1: Silly Critter|3\n|\n|-weather|Sandstorm|[upkeep]\n|-damage|p2a: Maushold|47\/100|[from] Sandstorm\n|upkeep\n|-message|Lass Veronica forfeited.\n|\n|win|AngelGCXS\n|raw|Lass Veronica's rating: 1129 &rarr; <strong>1109<\/strong><br \/>(-20 for losing)\n|raw|AngelGCXS's rating: 1206 &rarr; <strong>1226<\/strong><br \/>(+20 for winning)\n|l|\u2606Lass Veronica\n|l|\u2606AngelGCXS\n|j|\u2606AngelGCXS\n|player|p2|AngelGCXS|hilbert\n","uploadtime":1699132115,"views":10,"p1id":"lassveronica","p2id":"angelgcxs","formatid":"gen9anythinggoes","rating":1109,"private":0,"password":""}