{"id":"gen9anythinggoes-1978875503","p1":"Zekthesnek","p2":"FLOOR IT","format":"[Gen 9] Anything Goes","log":"|j|\u2606Zekthesnek\n|j|\u2606FLOOR IT\n|t:|1698605367\n|gametype|singles\n|player|p1|Zekthesnek|101|\n|player|p2|FLOOR IT|cynthia-masters|\n|teamsize|p1|6\n|teamsize|p2|6\n|gen|9\n|tier|[Gen 9] Anything Goes\n|rule|HP Percentage Mod: HP is shown in percentages\n|rule|Endless Battle Clause: Forcing endless battles is banned\n|clearpoke\n|poke|p1|Manaphy|\n|poke|p1|Iron Hands|\n|poke|p1|Landorus-Therian, M|\n|poke|p1|Yanmega, F|\n|poke|p1|Crawdaunt, M|\n|poke|p1|Alomomola, F|\n|poke|p2|Quagsire, F|\n|poke|p2|Milotic, F|\n|poke|p2|Garchomp, F|\n|poke|p2|Shaymin|\n|poke|p2|Tatsugiri-Droopy, M|\n|poke|p2|Lycanroc-Dusk, M|\n|teampreview\n|c|\u2606FLOOR IT|gl hf\n|c|\u2606Zekthesnek|gl\n|\n|t:|1698605396\n|start\n|switch|p1a: ground bird|Landorus-Therian, M|100\/100\n|switch|p2a: Lassie|Quagsire, F|100\/100\n|-ability|p1a: ground bird|Intimidate|boost\n|-unboost|p2a: Lassie|atk|1\n|turn|1\n|j| Ryno5311\n|\n|t:|1698605410\n|move|p1a: ground bird|U-turn|p2a: Lassie\n|-damage|p2a: Lassie|81\/100\n|-damage|p1a: ground bird|84\/100|[from] item: Rocky Helmet|[of] p2a: Lassie\n|\n|t:|1698605422\n|switch|p1a: thing|Alomomola, F|100\/100|[from] U-turn\n|move|p2a: Lassie|Stealth Rock|p1a: thing\n|-sidestart|p1: Zekthesnek|move: Stealth Rock\n|\n|upkeep\n|turn|2\n|\n|t:|1698605463\n|move|p1a: thing|Wish|p1a: thing\n|move|p2a: Lassie|Toxic|p1a: thing\n|-status|p1a: thing|tox\n|\n|-damage|p1a: thing|94\/100 tox|[from] psn\n|upkeep\n|turn|3\n|\n|t:|1698605498\n|move|p1a: thing|Scald|p2a: Lassie\n|-heal|p2a: Lassie|100\/100|[from] ability: Water Absorb|[of] p1a: thing\n|move|p2a: Lassie|Liquidation|p1a: thing\n|-resisted|p1a: thing\n|-damage|p1a: thing|89\/100 tox\n|-enditem|p1a: thing|Red Card|[of] p2a: Lassie\n|drag|p2a: Repede|Lycanroc-Dusk, M|100\/100\n|\n|-heal|p1a: thing|100\/100 tox|[from] move: Wish|[wisher] thing\n|-damage|p1a: thing|88\/100 tox|[from] psn\n|upkeep\n|turn|4\n|\n|t:|1698605543\n|switch|p2a: Seele|Shaymin, shiny|100\/100\n|move|p1a: thing|Flip Turn|p2a: Seele\n|-resisted|p2a: Seele\n|-damage|p2a: Seele|94\/100\n|\n|t:|1698605558\n|switch|p1a: iron bird|Iron Hands|100\/100|[from] Flip Turn\n|-damage|p1a: iron bird|94\/100|[from] Stealth Rock\n|\n|-heal|p2a: Seele|99\/100|[from] item: Leftovers\n|upkeep\n|turn|5\n|\n|t:|1698605581\n|switch|p2a: Lassie|Quagsire, F|100\/100\n|move|p1a: iron bird|Fake Out|p2a: Lassie\n|-damage|p2a: Lassie|90\/100\n|-damage|p1a: iron bird|78\/100|[from] item: Rocky Helmet|[of] p2a: Lassie\n|\n|upkeep\n|turn|6\n|\n|t:|1698605593\n|move|p1a: iron bird|Drain Punch|p2a: Lassie\n|-damage|p2a: Lassie|60\/100\n|-heal|p1a: iron bird|91\/100|[from] drain|[of] p2a: Lassie\n|-damage|p1a: iron bird|74\/100|[from] item: Rocky Helmet|[of] p2a: Lassie\n|move|p2a: Lassie|Toxic|p1a: iron bird\n|-status|p1a: iron bird|tox\n|\n|-damage|p1a: iron bird|68\/100 tox|[from] psn\n|upkeep\n|turn|7\n|\n|t:|1698605602\n|move|p1a: iron bird|Drain Punch|p2a: Lassie\n|-damage|p2a: Lassie|33\/100\n|-heal|p1a: iron bird|80\/100 tox|[from] drain|[of] p2a: Lassie\n|-damage|p1a: iron bird|63\/100 tox|[from] item: Rocky Helmet|[of] p2a: Lassie\n|move|p2a: Lassie|Recover|p2a: Lassie\n|-heal|p2a: Lassie|83\/100\n|\n|-damage|p1a: iron bird|51\/100 tox|[from] psn\n|upkeep\n|turn|8\n|\n|t:|1698605615\n|-end|p1a: iron bird|Quark Drive|[silent]\n|switch|p1a: water bird|Manaphy|100\/100\n|-damage|p1a: water bird|88\/100|[from] Stealth Rock\n|switch|p2a: Velvet|Garchomp, F|100\/100\n|\n|upkeep\n|turn|9\n|\n|t:|1698605651\n|move|p2a: Velvet|Scale Shot|p1a: water bird\n|-damage|p1a: water bird|74\/100\n|-damage|p1a: water bird|61\/100\n|-damage|p1a: water bird|48\/100\n|-damage|p1a: water bird|35\/100\n|-hitcount|p1a: water bird|4\n|-unboost|p2a: Velvet|def|1\n|-boost|p2a: Velvet|spe|1\n|move|p1a: water bird|Ice Beam|p2a: Velvet\n|-supereffective|p2a: Velvet\n|-damage|p2a: Velvet|0 fnt\n|faint|p2a: Velvet\n|\n|upkeep\n|\n|t:|1698605694\n|switch|p2a: Seele|Shaymin, shiny|99\/100\n|turn|10\n|\n|t:|1698605722\n|switch|p1a: iron bird|Iron Hands|51\/100 tox\n|-damage|p1a: iron bird|44\/100 tox|[from] Stealth Rock\n|move|p2a: Seele|Leech Seed|p1a: iron bird\n|-start|p1a: iron bird|move: Leech Seed\n|\n|-heal|p2a: Seele|100\/100|[from] item: Leftovers\n|-damage|p1a: iron bird|32\/100 tox|[from] Leech Seed|[of] p2a: Seele\n|-damage|p1a: iron bird|26\/100 tox|[from] psn\n|upkeep\n|turn|11\n|\n|t:|1698605745\n|switch|p2a: Lassie|Quagsire, F|83\/100\n|-end|p1a: iron bird|Quark Drive|[silent]\n|switch|p1a: bug bird|Yanmega, F|100\/100\n|-damage|p1a: bug bird|50\/100|[from] Stealth Rock\n|\n|upkeep\n|turn|12\n|\n|t:|1698605777\n|switch|p2a: Tatsubuddy|Tatsugiri-Droopy, M|100\/100\n|move|p1a: bug bird|Giga Drain|p2a: Tatsubuddy\n|-damage|p2a: Tatsubuddy|49\/100\n|-heal|p1a: bug bird|73\/100|[from] drain|[of] p2a: Tatsubuddy\n|\n|-ability|p1a: bug bird|Speed Boost|boost\n|-boost|p1a: bug bird|spe|1\n|upkeep\n|turn|13\n|\n|t:|1698605790\n|move|p1a: bug bird|Giga Drain|p2a: Tatsubuddy\n|-damage|p2a: Tatsubuddy|0 fnt\n|-heal|p1a: bug bird|95\/100|[from] drain|[of] p2a: Tatsubuddy\n|faint|p2a: Tatsubuddy\n|\n|-ability|p1a: bug bird|Speed Boost|boost\n|-boost|p1a: bug bird|spe|1\n|upkeep\n|\n|t:|1698605812\n|switch|p2a: Repede|Lycanroc-Dusk, M|100\/100\n|turn|14\n|\n|t:|1698605819\n|-terastallize|p1a: bug bird|Flying\n|move|p2a: Repede|Accelerock|p1a: bug bird\n|-supereffective|p1a: bug bird\n|-damage|p1a: bug bird|9\/100\n|-damage|p2a: Repede|91\/100|[from] item: Life Orb\n|move|p1a: bug bird|Giga Drain|p2a: Repede\n|-supereffective|p2a: Repede\n|-damage|p2a: Repede|0 fnt\n|-heal|p1a: bug bird|51\/100|[from] drain|[of] p2a: Repede\n|faint|p2a: Repede\n|\n|-ability|p1a: bug bird|Speed Boost|boost\n|-boost|p1a: bug bird|spe|1\n|upkeep\n|c|\u2606Zekthesnek|close\n|\n|t:|1698605852\n|switch|p2a: Seele|Shaymin, shiny|100\/100\n|turn|15\n|\n|t:|1698605868\n|switch|p1a: iron bird|Iron Hands|26\/100 tox\n|-damage|p1a: iron bird|20\/100 tox|[from] Stealth Rock\n|move|p2a: Seele|Substitute|p2a: Seele\n|-start|p2a: Seele|Substitute\n|-damage|p2a: Seele|76\/100\n|\n|-heal|p2a: Seele|82\/100|[from] item: Leftovers\n|-damage|p1a: iron bird|13\/100 tox|[from] psn\n|upkeep\n|turn|16\n|\n|t:|1698605923\n|move|p2a: Seele|Seed Flare|p1a: iron bird\n|-damage|p1a: iron bird|0 fnt\n|faint|p1a: iron bird\n|-end|p1a: iron bird|Quark Drive|[silent]\n|\n|-heal|p2a: Seele|88\/100|[from] item: Leftovers\n|upkeep\n|j| dancingnightmare\n|l|\u2606Zekthesnek\n|player|p1|\n|j|\u2606Zekthesnek\n|player|p1|Zekthesnek|101\n|\n|t:|1698605956\n|switch|p1a: ground bird|Landorus-Therian, M|84\/100\n|-damage|p1a: ground bird|71\/100|[from] Stealth Rock\n|-ability|p1a: ground bird|Intimidate|boost\n|-immune|p2a: Seele\n|turn|17\n|\n|t:|1698605983\n|-terastallize|p2a: Seele|Ice\n|move|p1a: ground bird|U-turn|p2a: Seele\n|-activate|p2a: Seele|move: Substitute|[damage]\n|\n|t:|1698605989\n|switch|p1a: thing|Alomomola, F|100\/100 tox|[from] U-turn\n|-damage|p1a: thing|88\/100 tox|[from] Stealth Rock\n|move|p2a: Seele|Tera Blast|p1a: thing|[anim] Tera Blast Ice\n|-resisted|p1a: thing\n|-damage|p1a: thing|75\/100 tox\n|\n|-heal|p2a: Seele|94\/100|[from] item: Leftovers\n|-damage|p1a: thing|69\/100 tox|[from] psn\n|upkeep\n|turn|18\n|\n|t:|1698605999\n|move|p2a: Seele|Leech Seed|p1a: thing\n|-start|p1a: thing|move: Leech Seed\n|move|p1a: thing|Wish|p1a: thing\n|\n|-heal|p2a: Seele|100\/100|[from] item: Leftovers\n|-damage|p1a: thing|57\/100 tox|[from] Leech Seed|[of] p2a: Seele\n|-damage|p1a: thing|45\/100 tox|[from] psn\n|upkeep\n|turn|19\n|\n|t:|1698606028\n|move|p2a: Seele|Tera Blast|p1a: thing|[anim] Tera Blast Ice\n|-resisted|p1a: thing\n|-damage|p1a: thing|33\/100 tox\n|move|p1a: thing|Acrobatics|p2a: Seele\n|-end|p2a: Seele|Substitute\n|\n|-heal|p1a: thing|83\/100 tox|[from] move: Wish|[wisher] thing\n|-damage|p1a: thing|71\/100 tox|[from] Leech Seed|[of] p2a: Seele\n|-damage|p1a: thing|52\/100 tox|[from] psn\n|upkeep\n|turn|20\n|l| dancingnightmare\n|\n|t:|1698606061\n|move|p2a: Seele|Substitute|p2a: Seele\n|-start|p2a: Seele|Substitute\n|-damage|p2a: Seele|76\/100\n|move|p1a: thing|Flip Turn|p2a: Seele\n|-activate|p2a: Seele|move: Substitute|[damage]\n|\n|t:|1698606083\n|switch|p1a: crab bird|Crawdaunt, M|100\/100|[from] Flip Turn\n|-damage|p1a: crab bird|88\/100|[from] Stealth Rock\n|\n|-heal|p2a: Seele|82\/100|[from] item: Leftovers\n|upkeep\n|turn|21\n|\n|t:|1698606102\n|move|p2a: Seele|Seed Flare|p1a: crab bird|[miss]\n|-miss|p2a: Seele|p1a: crab bird\n|move|p1a: crab bird|Knock Off|p2a: Seele\n|-end|p2a: Seele|Substitute\n|-damage|p1a: crab bird|78\/100|[from] item: Life Orb\n|\n|-heal|p2a: Seele|88\/100|[from] item: Leftovers\n|upkeep\n|turn|22\n|\n|t:|1698606111\n|move|p2a: Seele|Seed Flare|p1a: crab bird\n|-supereffective|p1a: crab bird\n|-damage|p1a: crab bird|0 fnt\n|faint|p1a: crab bird\n|\n|-heal|p2a: Seele|94\/100|[from] item: Leftovers\n|upkeep\n|\n|t:|1698606118\n|switch|p1a: thing|Alomomola, F|85\/100 tox\n|-damage|p1a: thing|73\/100 tox|[from] Stealth Rock\n|turn|23\n|\n|t:|1698606122\n|move|p2a: Seele|Substitute|p2a: Seele\n|-start|p2a: Seele|Substitute\n|-damage|p2a: Seele|69\/100\n|move|p1a: thing|Wish|p1a: thing\n|\n|-heal|p2a: Seele|76\/100|[from] item: Leftovers\n|-damage|p1a: thing|67\/100 tox|[from] psn\n|upkeep\n|turn|24\n|j| dancingnightmare\n|\n|t:|1698606128\n|move|p2a: Seele|Leech Seed|p1a: thing\n|-start|p1a: thing|move: Leech Seed\n|move|p1a: thing|Flip Turn|p2a: Seele\n|-activate|p2a: Seele|move: Substitute|[damage]\n|\n|t:|1698606131\n|switch|p1a: bug bird|Yanmega, F, tera:Flying|51\/100|[from] Flip Turn\n|-damage|p1a: bug bird|27\/100|[from] Stealth Rock\n|\n|-heal|p1a: bug bird|100\/100|[from] move: Wish|[wisher] thing\n|-heal|p2a: Seele|82\/100|[from] item: Leftovers\n|upkeep\n|turn|25\n|\n|t:|1698606139\n|move|p1a: bug bird|Bug Buzz|p2a: Seele\n|-damage|p2a: Seele|35\/100\n|-unboost|p2a: Seele|spd|1\n|move|p2a: Seele|Tera Blast|p1a: bug bird|[anim] Tera Blast Ice\n|-supereffective|p1a: bug bird\n|-damage|p1a: bug bird|6\/100\n|\n|-heal|p2a: Seele|41\/100|[from] item: Leftovers\n|-ability|p1a: bug bird|Speed Boost|boost\n|-boost|p1a: bug bird|spe|1\n|upkeep\n|turn|26\n|\n|t:|1698606160\n|switch|p2a: Kairi|Milotic, F, shiny|100\/100\n|move|p1a: bug bird|Bug Buzz|p2a: Kairi\n|-damage|p2a: Kairi|52\/100\n|\n|-ability|p1a: bug bird|Speed Boost|boost\n|-boost|p1a: bug bird|spe|1\n|upkeep\n|turn|27\n|\n|t:|1698606174\n|move|p1a: bug bird|Bug Buzz|p2a: Kairi\n|-damage|p2a: Kairi|0 fnt\n|faint|p2a: Kairi\n|\n|-ability|p1a: bug bird|Speed Boost|boost\n|-boost|p1a: bug bird|spe|1\n|upkeep\n|\n|t:|1698606187\n|switch|p2a: Lassie|Quagsire, F|83\/100\n|turn|28\n|\n|t:|1698606197\n|move|p1a: bug bird|Bug Buzz|p2a: Lassie\n|-damage|p2a: Lassie|0 fnt\n|faint|p2a: Lassie\n|\n|-ability|p1a: bug bird|Speed Boost|boost\n|-boost|p1a: bug bird|spe|1\n|upkeep\n|c|\u2606FLOOR IT|gg\n|\n|t:|1698606204\n|switch|p2a: Seele|Shaymin, shiny, tera:Ice|41\/100\n|turn|29\n|c|\u2606Zekthesnek|gg\n|\n|t:|1698606208\n|move|p1a: bug bird|Bug Buzz|p2a: Seele\n|-damage|p2a: Seele|0 fnt\n|faint|p2a: Seele\n|\n|win|Zekthesnek\n|l| dancingnightmare\n|l| Ryno5311\n|l|\u2606Zekthesnek\n|l|\u2606FLOOR IT\n|j| Ryno5311\n","uploadtime":1698606233,"views":24,"p1id":"zekthesnek","p2id":"floorit","formatid":"gen9anythinggoes","rating":0,"private":0,"password":""}