{"id":"gen9anythinggoes-1997112998","p1":"Jomarionromain","p2":"MAMADEAL","format":"[Gen 9] Anything Goes","log":"|j|\u2606Jomarionromain\n|j|\u2606MAMADEAL\n|t:|1700765795\n|gametype|singles\n|player|p1|Jomarionromain|red|\n|player|p2|MAMADEAL|169|\n|teamsize|p1|6\n|teamsize|p2|6\n|gen|9\n|tier|[Gen 9] Anything Goes\n|rule|HP Percentage Mod: HP is shown in percentages\n|rule|Endless Battle Clause: Forcing endless battles is banned\n|clearpoke\n|poke|p1|Decidueye, M|\n|poke|p1|Slowking-Galar, F|\n|poke|p1|Garchomp, M|\n|poke|p1|Talonflame, M|\n|poke|p1|Zoroark-Hisui, F|\n|poke|p1|Cramorant, M|\n|poke|p2|Baxcalibur, M|\n|poke|p2|Sinistcha|\n|poke|p2|Skeledirge, F|\n|poke|p2|Glimmora, M|\n|poke|p2|Garganacl, M|\n|poke|p2|Gliscor, M|\n|teampreview\n|\n|t:|1700765850\n|start\n|switch|p1a: Slowking|Slowking-Galar, F|100\/100\n|switch|p2a: Glimmora|Glimmora, M|100\/100\n|turn|1\n|\n|t:|1700765871\n|move|p2a: Glimmora|Power Gem|p1a: Slowking\n|-damage|p1a: Slowking|65\/100\n|move|p1a: Slowking|Calm Mind|p1a: Slowking\n|-boost|p1a: Slowking|spa|1\n|-boost|p1a: Slowking|spd|1\n|\n|-heal|p1a: Slowking|71\/100|[from] item: Leftovers\n|upkeep\n|turn|2\n|\n|t:|1700765884\n|move|p2a: Glimmora|Power Gem|p1a: Slowking\n|-damage|p1a: Slowking|49\/100\n|move|p1a: Slowking|Eerie Spell|p2a: Glimmora\n|-supereffective|p2a: Glimmora\n|-enditem|p2a: Glimmora|Focus Sash\n|-damage|p2a: Glimmora|1\/100\n|-activate|p2a: Glimmora|move: Eerie Spell|Power Gem|3\n|\n|-heal|p1a: Slowking|56\/100|[from] item: Leftovers\n|upkeep\n|turn|3\n|\n|t:|1700765904\n|move|p2a: Glimmora|Power Gem|p1a: Slowking\n|-crit|p1a: Slowking\n|-damage|p1a: Slowking|6\/100\n|move|p1a: Slowking|Flamethrower|p2a: Glimmora\n|-resisted|p2a: Glimmora\n|-damage|p2a: Glimmora|0 fnt\n|faint|p2a: Glimmora\n|\n|-heal|p1a: Slowking|12\/100|[from] item: Leftovers\n|upkeep\n|\n|t:|1700765984\n|switch|p2a: Skeledirge|Skeledirge, F|100\/100\n|turn|4\n|\n|t:|1700766001\n|switch|p1a: Cramorant|Cramorant, M|100\/100\n|move|p2a: Skeledirge|Torch Song|p1a: Cramorant\n|-resisted|p1a: Cramorant\n|-damage|p1a: Cramorant|80\/100\n|-boost|p2a: Skeledirge|spa|1\n|\n|upkeep\n|turn|5\n|\n|t:|1700766020\n|switch|p2a: Sinistcha|Sinistcha|100\/100\n|move|p1a: Cramorant|Dive||[still]\n|-formechange|p1a: Cramorant|Cramorant-Gulping|\n|-prepare|p1a: Cramorant|Dive\n|\n|upkeep\n|turn|6\n|\n|t:|1700766047\n|move|p1a: Cramorant|Dive|p2a: Sinistcha|[from]lockedmove\n|-resisted|p2a: Sinistcha\n|-damage|p2a: Sinistcha|87\/100\n|move|p2a: Sinistcha|Strength Sap|p1a: Cramorant\n|-unboost|p1a: Cramorant|atk|1\n|-heal|p2a: Sinistcha|100\/100\n|\n|upkeep\n|turn|7\n|\n|t:|1700766057\n|switch|p1a: Talonflame|Talonflame, M|100\/100\n|move|p2a: Sinistcha|Calm Mind|p2a: Sinistcha\n|-boost|p2a: Sinistcha|spa|1\n|-boost|p2a: Sinistcha|spd|1\n|\n|upkeep\n|turn|8\n|\n|t:|1700766071\n|switch|p2a: Garganacl|Garganacl, M|100\/100\n|move|p1a: Talonflame|Flare Blitz|p2a: Garganacl\n|-resisted|p2a: Garganacl\n|-damage|p2a: Garganacl|84\/100\n|-damage|p1a: Talonflame|93\/100|[from] Recoil\n|\n|-heal|p2a: Garganacl|90\/100|[from] item: Leftovers\n|upkeep\n|turn|9\n|\n|t:|1700766087\n|move|p1a: Talonflame|Brave Bird|p2a: Garganacl\n|-resisted|p2a: Garganacl\n|-damage|p2a: Garganacl|76\/100\n|-damage|p1a: Talonflame|87\/100|[from] Recoil\n|move|p2a: Garganacl|Iron Defense|p2a: Garganacl\n|-boost|p2a: Garganacl|def|2\n|\n|-heal|p2a: Garganacl|82\/100|[from] item: Leftovers\n|upkeep\n|turn|10\n|\n|t:|1700766104\n|switch|p1a: Decidueye|Decidueye, M, shiny|100\/100\n|move|p2a: Garganacl|Salt Cure|p1a: Decidueye\n|-damage|p1a: Decidueye|84\/100\n|-start|p1a: Decidueye|Salt Cure\n|\n|-heal|p2a: Garganacl|89\/100|[from] item: Leftovers\n|-damage|p1a: Decidueye|72\/100|[from] Salt Cure\n|upkeep\n|turn|11\n|\n|t:|1700766116\n|move|p1a: Decidueye|Giga Drain|p2a: Garganacl\n|-supereffective|p2a: Garganacl\n|-damage|p2a: Garganacl|46\/100\n|-heal|p1a: Decidueye|96\/100|[from] drain|[of] p2a: Garganacl\n|move|p2a: Garganacl|Salt Cure|p1a: Decidueye\n|-damage|p1a: Decidueye|80\/100\n|\n|-heal|p2a: Garganacl|52\/100|[from] item: Leftovers\n|-damage|p1a: Decidueye|67\/100|[from] Salt Cure\n|upkeep\n|turn|12\n|\n|t:|1700766128\n|switch|p2a: Skeledirge|Skeledirge, F|100\/100\n|move|p1a: Decidueye|Energy Ball|p2a: Skeledirge\n|-resisted|p2a: Skeledirge\n|-damage|p2a: Skeledirge|85\/100\n|\n|-heal|p2a: Skeledirge|91\/100|[from] item: Leftovers\n|-damage|p1a: Decidueye|55\/100|[from] Salt Cure\n|upkeep\n|turn|13\n|\n|t:|1700766196\n|switch|p1a: Cramorant|Cramorant, M|80\/100\n|move|p2a: Skeledirge|Torch Song|p1a: Cramorant\n|-resisted|p1a: Cramorant\n|-damage|p1a: Cramorant|61\/100\n|-boost|p2a: Skeledirge|spa|1\n|\n|-heal|p2a: Skeledirge|97\/100|[from] item: Leftovers\n|upkeep\n|turn|14\n|\n|t:|1700766234\n|switch|p2a: Garganacl|Garganacl, M|52\/100\n|move|p1a: Cramorant|Dive||[still]\n|-formechange|p1a: Cramorant|Cramorant-Gulping|\n|-prepare|p1a: Cramorant|Dive\n|\n|-heal|p2a: Garganacl|58\/100|[from] item: Leftovers\n|upkeep\n|turn|15\n|\n|t:|1700766242\n|move|p1a: Cramorant|Dive|p2a: Garganacl|[from]lockedmove\n|-supereffective|p2a: Garganacl\n|-damage|p2a: Garganacl|16\/100\n|move|p2a: Garganacl|Recover|p2a: Garganacl\n|-heal|p2a: Garganacl|66\/100\n|\n|-heal|p2a: Garganacl|73\/100|[from] item: Leftovers\n|upkeep\n|turn|16\n|\n|t:|1700766259\n|move|p1a: Cramorant|Dive||[still]\n|-prepare|p1a: Cramorant|Dive\n|move|p2a: Garganacl|Iron Defense|p2a: Garganacl\n|-boost|p2a: Garganacl|def|2\n|\n|-heal|p2a: Garganacl|79\/100|[from] item: Leftovers\n|upkeep\n|turn|17\n|\n|t:|1700766269\n|move|p1a: Cramorant|Dive|p2a: Garganacl|[from]lockedmove\n|-supereffective|p2a: Garganacl\n|-damage|p2a: Garganacl|58\/100\n|move|p2a: Garganacl|Salt Cure|p1a: Cramorant\n|-supereffective|p1a: Cramorant\n|-damage|p1a: Cramorant|3\/100\n|-start|p1a: Cramorant|Salt Cure\n|-damage|p2a: Garganacl|33\/100|[from] ability: Gulp Missile|[of] p1a: Cramorant\n|-unboost|p2a: Garganacl|def|1\n|-formechange|p1a: Cramorant|Cramorant|\n|\n|-heal|p2a: Garganacl|39\/100|[from] item: Leftovers\n|-damage|p1a: Cramorant|0 fnt|[from] Salt Cure\n|faint|p1a: Cramorant\n|upkeep\n|\n|t:|1700766291\n|switch|p1a: Slowking|Slowking-Galar, F|100\/100\n|turn|18\n|\n|t:|1700766309\n|switch|p2a: Skeledirge|Skeledirge, F|97\/100\n|move|p1a: Slowking|Calm Mind|p1a: Slowking\n|-boost|p1a: Slowking|spa|1\n|-boost|p1a: Slowking|spd|1\n|\n|-heal|p2a: Skeledirge|100\/100|[from] item: Leftovers\n|upkeep\n|turn|19\n|\n|t:|1700766325\n|switch|p1a: Talonflame|Talonflame, M|87\/100\n|move|p2a: Skeledirge|Torch Song|p1a: Talonflame\n|-resisted|p1a: Talonflame\n|-damage|p1a: Talonflame|64\/100\n|-boost|p2a: Skeledirge|spa|1\n|\n|upkeep\n|turn|20\n|\n|t:|1700766402\n|move|p1a: Talonflame|Flare Blitz|p2a: Skeledirge\n|-resisted|p2a: Skeledirge\n|-damage|p2a: Skeledirge|82\/100\n|-damage|p1a: Talonflame|56\/100|[from] Recoil\n|move|p2a: Skeledirge|Hex|p1a: Talonflame\n|-damage|p1a: Talonflame|0 fnt\n|faint|p1a: Talonflame\n|\n|-heal|p2a: Skeledirge|88\/100|[from] item: Leftovers\n|upkeep\n|\n|t:|1700766413\n|switch|p1a: Slowking|Slowking-Galar, F|100\/100\n|turn|21\n|\n|t:|1700766433\n|move|p1a: Slowking|Bitter Malice|p2a: Skeledirge\n|-supereffective|p2a: Skeledirge\n|-damage|p2a: Skeledirge|13\/100\n|-unboost|p2a: Skeledirge|atk|1\n|move|p2a: Skeledirge|Torch Song|p1a: Slowking\n|-damage|p1a: Slowking|7\/100\n|-boost|p2a: Skeledirge|spa|1\n|replace|p1a: Zoroark|Zoroark-Hisui, F\n|-end|p1a: Zoroark|Illusion\n|\n|-heal|p2a: Skeledirge|19\/100|[from] item: Leftovers\n|upkeep\n|turn|22\n|\n|t:|1700766493\n|move|p1a: Zoroark|Bitter Malice|p2a: Skeledirge\n|-supereffective|p2a: Skeledirge\n|-damage|p2a: Skeledirge|0 fnt\n|faint|p2a: Skeledirge\n|\n|upkeep\n|\n|t:|1700766517\n|switch|p2a: Garganacl|Garganacl, M|39\/100\n|turn|23\n|\n|t:|1700766523\n|move|p1a: Zoroark|Bitter Malice|p2a: Garganacl\n|-damage|p2a: Garganacl|22\/100\n|-unboost|p2a: Garganacl|atk|1\n|move|p2a: Garganacl|Recover|p2a: Garganacl\n|-heal|p2a: Garganacl|72\/100\n|\n|-heal|p2a: Garganacl|78\/100|[from] item: Leftovers\n|upkeep\n|turn|24\n|\n|t:|1700766547\n|switch|p1a: Decidueye|Decidueye, M, shiny|55\/100\n|move|p2a: Garganacl|Salt Cure|p1a: Decidueye\n|-damage|p1a: Decidueye|45\/100\n|-start|p1a: Decidueye|Salt Cure\n|\n|-heal|p2a: Garganacl|84\/100|[from] item: Leftovers\n|-damage|p1a: Decidueye|33\/100|[from] Salt Cure\n|upkeep\n|turn|25\n|\n|t:|1700766564\n|switch|p2a: Gliscor|Gliscor, M|100\/100\n|move|p1a: Decidueye|Giga Drain|p2a: Gliscor\n|-damage|p2a: Gliscor|38\/100\n|-heal|p1a: Decidueye|58\/100|[from] drain|[of] p2a: Gliscor\n|\n|-damage|p1a: Decidueye|46\/100|[from] Salt Cure\n|-status|p2a: Gliscor|tox|[from] item: Toxic Orb\n|upkeep\n|turn|26\n|\n|t:|1700766578\n|-terastallize|p1a: Decidueye|Water\n|move|p2a: Gliscor|Fling|p1a: Decidueye\n|-damage|p1a: Decidueye|36\/100\n|-status|p1a: Decidueye|tox\n|-enditem|p2a: Gliscor|Toxic Orb|[from] move: Fling\n|move|p1a: Decidueye|Giga Drain|p2a: Gliscor\n|-damage|p2a: Gliscor|0 fnt\n|-heal|p1a: Decidueye|51\/100 tox|[from] drain|[of] p2a: Gliscor\n|faint|p2a: Gliscor\n|\n|-damage|p1a: Decidueye|45\/100 tox|[from] psn\n|-damage|p1a: Decidueye|20\/100 tox|[from] Salt Cure\n|upkeep\n|\n|t:|1700766600\n|switch|p2a: Baxcalibur|Baxcalibur, M|100\/100\n|turn|27\n|\n|t:|1700766615\n|move|p2a: Baxcalibur|Dragon Dance|p2a: Baxcalibur\n|-boost|p2a: Baxcalibur|atk|1\n|-boost|p2a: Baxcalibur|spe|1\n|move|p1a: Decidueye|Air Slash|p2a: Baxcalibur\n|-damage|p2a: Baxcalibur|77\/100\n|\n|-damage|p1a: Decidueye|8\/100 tox|[from] psn\n|-damage|p1a: Decidueye|0 fnt|[from] Salt Cure\n|faint|p1a: Decidueye\n|upkeep\n|\n|t:|1700766625\n|switch|p1a: Garchomp|Garchomp, M|100\/100\n|turn|28\n|\n|t:|1700766631\n|move|p2a: Baxcalibur|Icicle Spear|p1a: Garchomp\n|-supereffective|p1a: Garchomp\n|-damage|p1a: Garchomp|2\/100\n|-enditem|p1a: Garchomp|Weakness Policy\n|-boost|p1a: Garchomp|atk|2|[from] item: Weakness Policy\n|-boost|p1a: Garchomp|spa|2|[from] item: Weakness Policy\n|-supereffective|p1a: Garchomp\n|-damage|p1a: Garchomp|0 fnt\n|faint|p1a: Garchomp\n|-hitcount|p1: Garchomp|2\n|\n|upkeep\n|\n|t:|1700766639\n|switch|p1a: Slowking|Slowking-Galar, F|7\/100\n|turn|29\n|\n|t:|1700766649\n|move|p2a: Baxcalibur|Icicle Spear|p1a: Slowking\n|-damage|p1a: Slowking|0 fnt\n|replace|p1a: Zoroark|Zoroark-Hisui, F\n|-end|p1a: Zoroark|Illusion\n|faint|p1a: Zoroark\n|-hitcount|p1: Zoroark|1\n|\n|upkeep\n|\n|t:|1700766654\n|switch|p1a: Slowking|Slowking-Galar, F|45\/100\n|turn|30\n|\n|t:|1700766662\n|move|p2a: Baxcalibur|Icicle Spear|p1a: Slowking\n|-damage|p1a: Slowking|22\/100\n|-damage|p1a: Slowking|0 fnt\n|faint|p1a: Slowking\n|-hitcount|p1: Slowking|2\n|\n|win|MAMADEAL\n|l|\u2606Jomarionromain\n","uploadtime":1700766672,"views":12,"p1id":"jomarionromain","p2id":"mamadeal","formatid":"gen9anythinggoes","rating":0,"private":0,"password":""}