{"id":"gen9anythinggoes-1991760479","p1":"DR4N","p2":"LiamS29","format":"[Gen 9] Anything Goes","log":"|j|\u2606DR4N\n|j|\u2606LiamS29\n|t:|1700112506\n|gametype|singles\n|player|p1|DR4N|lucas-gen4pt|1120\n|player|p2|LiamS29|102|1165\n|teamsize|p1|6\n|teamsize|p2|6\n|gen|9\n|tier|[Gen 9] Anything Goes\n|rated|\n|rule|HP Percentage Mod: HP is shown in percentages\n|rule|Endless Battle Clause: Forcing endless battles is banned\n|clearpoke\n|poke|p1|Umbreon, M|\n|poke|p1|Lycanroc-Dusk, M|\n|poke|p1|Pawmot, F|\n|poke|p1|Clodsire, M|\n|poke|p1|Gogoat, M|\n|poke|p1|Arcanine, M|\n|poke|p2|Maushold-Four|\n|poke|p2|Gengar, M|\n|poke|p2|Cloyster, F|\n|poke|p2|Quaquaval, M|\n|poke|p2|Arcanine-Hisui, M|\n|poke|p2|Marill, F|\n|teampreview\n|inactive|Battle timer is ON: inactive players will automatically lose when time's up. (requested by DR4N)\n|\n|t:|1700112520\n|start\n|switch|p1a: Sonic|Lycanroc-Dusk, M, shiny|100\/100\n|switch|p2a: Cloyster|Cloyster, F|100\/100\n|turn|1\n|\n|t:|1700112529\n|switch|p1a: Hilal|Umbreon, M, shiny|100\/100\n|move|p2a: Cloyster|Substitute|p2a: Cloyster\n|-start|p2a: Cloyster|Substitute\n|-damage|p2a: Cloyster|76\/100\n|\n|upkeep\n|turn|2\n|\n|t:|1700112534\n|move|p2a: Cloyster|Shell Smash|p2a: Cloyster\n|-unboost|p2a: Cloyster|def|1\n|-unboost|p2a: Cloyster|spd|1\n|-boost|p2a: Cloyster|atk|2\n|-boost|p2a: Cloyster|spa|2\n|-boost|p2a: Cloyster|spe|2\n|move|p1a: Hilal|Reflect|p1a: Hilal\n|-sidestart|p1: DR4N|Reflect\n|\n|upkeep\n|turn|3\n|\n|t:|1700112541\n|move|p2a: Cloyster|Shell Smash|p2a: Cloyster\n|-unboost|p2a: Cloyster|def|1\n|-unboost|p2a: Cloyster|spd|1\n|-boost|p2a: Cloyster|atk|2\n|-boost|p2a: Cloyster|spa|2\n|-boost|p2a: Cloyster|spe|2\n|move|p1a: Hilal|Foul Play|p2a: Cloyster\n|-end|p2a: Cloyster|Substitute\n|\n|upkeep\n|turn|4\n|\n|t:|1700112550\n|move|p2a: Cloyster|Icicle Spear|p1a: Hilal\n|-damage|p1a: Hilal|90\/100\n|-damage|p1a: Hilal|79\/100\n|-damage|p1a: Hilal|69\/100\n|-crit|p1a: Hilal\n|-damage|p1a: Hilal|37\/100\n|-damage|p1a: Hilal|27\/100\n|-hitcount|p1a: Hilal|5\n|-heal|p2a: Cloyster|91\/100|[from] item: Shell Bell|[of] p1a: Hilal\n|move|p1a: Hilal|Foul Play|p2a: Cloyster\n|-damage|p2a: Cloyster|0 fnt\n|faint|p2a: Cloyster\n|\n|upkeep\n|c|\u2606DR4N|Ded\n|\n|t:|1700112564\n|switch|p2a: Quaquaval|Quaquaval, M|100\/100\n|turn|5\n|\n|t:|1700112575\n|-terastallize|p1a: Hilal|Poison\n|move|p2a: Quaquaval|Aqua Step|p1a: Hilal\n|-damage|p1a: Hilal|15\/100\n|-boost|p2a: Quaquaval|spe|1\n|move|p1a: Hilal|Wish|p1a: Hilal\n|\n|upkeep\n|turn|6\n|\n|t:|1700112585\n|move|p1a: Hilal|Protect|p1a: Hilal\n|-singleturn|p1a: Hilal|Protect\n|move|p2a: Quaquaval|Knock Off|p1a: Hilal\n|-activate|p1a: Hilal|move: Protect\n|\n|-heal|p1a: Hilal|65\/100|[from] move: Wish|[wisher] Hilal\n|-sideend|p1: DR4N|Reflect\n|upkeep\n|turn|7\n|\n|t:|1700112594\n|move|p2a: Quaquaval|Knock Off|p1a: Hilal\n|-damage|p1a: Hilal|45\/100\n|-enditem|p1a: Hilal|Mental Herb|[from] move: Knock Off|[of] p2a: Quaquaval\n|move|p1a: Hilal|Reflect|p1a: Hilal\n|-sidestart|p1: DR4N|Reflect\n|\n|upkeep\n|turn|8\n|\n|t:|1700112605\n|move|p2a: Quaquaval|Knock Off|p1a: Hilal\n|-damage|p1a: Hilal|39\/100\n|move|p1a: Hilal|Wish|p1a: Hilal\n|\n|upkeep\n|turn|9\n|\n|t:|1700112611\n|move|p2a: Quaquaval|Aqua Step|p1a: Hilal\n|-damage|p1a: Hilal|28\/100\n|-boost|p2a: Quaquaval|spe|1\n|move|p1a: Hilal|Foul Play|p2a: Quaquaval\n|-resisted|p2a: Quaquaval\n|-damage|p2a: Quaquaval|71\/100\n|\n|-heal|p1a: Hilal|78\/100|[from] move: Wish|[wisher] Hilal\n|upkeep\n|turn|10\n|\n|t:|1700112620\n|move|p2a: Quaquaval|Aqua Step|p1a: Hilal\n|-damage|p1a: Hilal|66\/100\n|-boost|p2a: Quaquaval|spe|1\n|move|p1a: Hilal|Foul Play|p2a: Quaquaval\n|-resisted|p2a: Quaquaval\n|-damage|p2a: Quaquaval|41\/100\n|\n|upkeep\n|turn|11\n|\n|t:|1700112629\n|move|p2a: Quaquaval|Aqua Step|p1a: Hilal\n|-damage|p1a: Hilal|54\/100\n|-boost|p2a: Quaquaval|spe|1\n|move|p1a: Hilal|Wish|p1a: Hilal\n|\n|-sideend|p1: DR4N|Reflect\n|upkeep\n|turn|12\n|\n|t:|1700112636\n|move|p2a: Quaquaval|Aqua Step|p1a: Hilal\n|-damage|p1a: Hilal|30\/100\n|-boost|p2a: Quaquaval|spe|1\n|move|p1a: Hilal|Foul Play|p2a: Quaquaval\n|-resisted|p2a: Quaquaval\n|-damage|p2a: Quaquaval|12\/100\n|\n|-heal|p1a: Hilal|80\/100|[from] move: Wish|[wisher] Hilal\n|upkeep\n|turn|13\n|\n|t:|1700112643\n|move|p2a: Quaquaval|Aqua Step|p1a: Hilal\n|-damage|p1a: Hilal|58\/100\n|-boost|p2a: Quaquaval|spe|1\n|move|p1a: Hilal|Reflect|p1a: Hilal\n|-sidestart|p1: DR4N|Reflect\n|\n|upkeep\n|turn|14\n|\n|t:|1700112650\n|move|p2a: Quaquaval|Aqua Step|p1a: Hilal\n|-damage|p1a: Hilal|46\/100\n|move|p1a: Hilal|Wish|p1a: Hilal\n|\n|upkeep\n|turn|15\n|\n|t:|1700112660\n|move|p2a: Quaquaval|Brick Break|p1a: Hilal\n|-sideend|p1: DR4N|Reflect\n|-resisted|p1a: Hilal\n|-damage|p1a: Hilal|35\/100\n|move|p1a: Hilal|Foul Play|p2a: Quaquaval\n|-resisted|p2a: Quaquaval\n|-damage|p2a: Quaquaval|0 fnt\n|faint|p2a: Quaquaval\n|\n|-heal|p1a: Hilal|85\/100|[from] move: Wish|[wisher] Hilal\n|upkeep\n|\n|t:|1700112673\n|switch|p2a: Maushold|Maushold-Four|100\/100\n|turn|16\n|\n|t:|1700112684\n|move|p2a: Maushold|Tidy Up|p2a: Maushold\n|-boost|p2a: Maushold|atk|1\n|-boost|p2a: Maushold|spe|1\n|move|p1a: Hilal|Reflect|p1a: Hilal\n|-sidestart|p1: DR4N|Reflect\n|\n|upkeep\n|turn|17\n|\n|t:|1700112692\n|move|p2a: Maushold|Encore|p1a: Hilal\n|-start|p1a: Hilal|Encore\n|move|p1a: Hilal|Reflect||[still]\n|-fail|p1a: Hilal\n|\n|upkeep\n|turn|18\n|\n|t:|1700112699\n|switch|p1a: Bobby|Clodsire, M, shiny|100\/100\n|move|p2a: Maushold|Tidy Up|p2a: Maushold\n|-boost|p2a: Maushold|atk|1\n|-boost|p2a: Maushold|spe|1\n|\n|upkeep\n|turn|19\n|\n|t:|1700112709\n|move|p2a: Maushold|Population Bomb|p1a: Bobby\n|-damage|p1a: Bobby|93\/100\n|-damage|p1a: Bobby|86\/100\n|-damage|p1a: Bobby|79\/100\n|-damage|p1a: Bobby|71\/100\n|-damage|p1a: Bobby|63\/100\n|-damage|p1a: Bobby|55\/100\n|-damage|p1a: Bobby|48\/100\n|-damage|p1a: Bobby|40\/100\n|-damage|p1a: Bobby|33\/100\n|-damage|p1a: Bobby|26\/100\n|-hitcount|p1a: Bobby|10\n|move|p1a: Bobby|Stealth Rock|p2a: Maushold\n|-sidestart|p2: LiamS29|move: Stealth Rock\n|\n|-heal|p1a: Bobby|33\/100|[from] item: Leftovers\n|upkeep\n|turn|20\n|\n|t:|1700112729\n|move|p2a: Maushold|Population Bomb|p1a: Bobby\n|-damage|p1a: Bobby|25\/100\n|-damage|p1a: Bobby|18\/100\n|-damage|p1a: Bobby|10\/100\n|-damage|p1a: Bobby|3\/100\n|-damage|p1a: Bobby|0 fnt\n|faint|p1a: Bobby\n|-hitcount|p1: Bobby|5\n|\n|-sideend|p1: DR4N|Reflect\n|upkeep\n|c|\u2606DR4N|You served well, Bobby.\n|\n|t:|1700112747\n|switch|p1a: Billy|Gogoat, M, shiny|100\/100\n|turn|21\n|\n|t:|1700112751\n|move|p2a: Maushold|Population Bomb|p1a: Billy\n|-damage|p1a: Billy|70\/100\n|-damage|p2a: Maushold|84\/100|[from] item: Rocky Helmet|[of] p1a: Billy\n|-hitcount|p1a: Billy|1\n|move|p1a: Billy|Milk Drink|p1a: Billy\n|-heal|p1a: Billy|100\/100\n|\n|upkeep\n|turn|22\n|\n|t:|1700112766\n|move|p2a: Maushold|Encore|p1a: Billy\n|-start|p1a: Billy|Encore\n|move|p1a: Billy|Milk Drink||[still]\n|-fail|p1a: Billy|heal\n|\n|upkeep\n|turn|23\n|\n|t:|1700112772\n|move|p2a: Maushold|Tidy Up|p2a: Maushold\n|-sideend|p2: LiamS29|Stealth Rock\n|-activate|p2a: Maushold|move: Tidy Up\n|-boost|p2a: Maushold|atk|1\n|-boost|p2a: Maushold|spe|1\n|move|p1a: Billy|Milk Drink||[still]\n|-fail|p1a: Billy|heal\n|\n|upkeep\n|turn|24\n|\n|t:|1700112780\n|move|p2a: Maushold|Tidy Up|p2a: Maushold\n|-boost|p2a: Maushold|atk|1\n|-boost|p2a: Maushold|spe|1\n|move|p1a: Billy|Milk Drink||[still]\n|-fail|p1a: Billy|heal\n|\n|-end|p1a: Billy|Encore\n|upkeep\n|turn|25\n|\n|t:|1700112788\n|move|p2a: Maushold|Encore|p1a: Billy\n|-start|p1a: Billy|Encore\n|move|p1a: Billy|Milk Drink||[still]\n|-fail|p1a: Billy|heal\n|\n|upkeep\n|turn|26\n|\n|t:|1700112791\n|move|p2a: Maushold|Tidy Up|p2a: Maushold\n|-boost|p2a: Maushold|atk|1\n|-boost|p2a: Maushold|spe|1\n|move|p1a: Billy|Milk Drink||[still]\n|-fail|p1a: Billy|heal\n|\n|upkeep\n|turn|27\n|\n|t:|1700112797\n|move|p2a: Maushold|Tidy Up|p2a: Maushold\n|-boost|p2a: Maushold|atk|1\n|-boost|p2a: Maushold|spe|1\n|move|p1a: Billy|Milk Drink||[still]\n|-fail|p1a: Billy|heal\n|\n|-end|p1a: Billy|Encore\n|upkeep\n|turn|28\n|\n|t:|1700112807\n|move|p2a: Maushold|Encore|p1a: Billy\n|-start|p1a: Billy|Encore\n|move|p1a: Billy|Milk Drink||[still]\n|-fail|p1a: Billy|heal\n|\n|-end|p1a: Billy|Encore\n|upkeep\n|turn|29\n|\n|t:|1700112816\n|move|p2a: Maushold|Encore||[still]\n|-fail|p2a: Maushold\n|move|p1a: Billy|Play Rough|p2a: Maushold\n|-damage|p2a: Maushold|38\/100\n|\n|upkeep\n|turn|30\n|\n|t:|1700112822\n|move|p2a: Maushold|Shadow Claw|p1a: Billy\n|-damage|p1a: Billy|23\/100\n|-damage|p2a: Maushold|22\/100|[from] item: Rocky Helmet|[of] p1a: Billy\n|move|p1a: Billy|Play Rough|p2a: Maushold\n|-damage|p2a: Maushold|0 fnt\n|faint|p2a: Maushold\n|\n|upkeep\n|\n|t:|1700112828\n|switch|p2a: Arcanine|Arcanine-Hisui, M|100\/100\n|turn|31\n|\n|t:|1700112832\n|switch|p1a: Mick|Arcanine, M, shiny|100\/100\n|move|p2a: Arcanine|Flare Blitz|p1a: Mick\n|-start|p1a: Mick|ability: Flash Fire\n|\n|upkeep\n|turn|32\n|\n|t:|1700112839\n|move|p2a: Arcanine|Head Smash|p1a: Mick\n|-supereffective|p1a: Mick\n|-damage|p1a: Mick|0 fnt\n|faint|p1a: Mick\n|\n|upkeep\n|c|\u2606DR4N|He fast\n|\n|t:|1700112849\n|switch|p1a: Mallow|Pawmot, F, shiny|100\/100\n|turn|33\n|\n|t:|1700112855\n|move|p1a: Mallow|Nuzzle|p2a: Arcanine\n|-damage|p2a: Arcanine|91\/100\n|-status|p2a: Arcanine|par\n|move|p2a: Arcanine|Flare Blitz|p1a: Mallow\n|-damage|p1a: Mallow|26\/100\n|\n|upkeep\n|turn|34\n|c|\u2606LiamS29|he faster\n|\n|t:|1700112865\n|move|p1a: Mallow|Revival Blessing|p1a: Mallow\n|\n|t:|1700112871\n|-heal|p1: Bobby|50\/100|[from] move: Revival Blessing\n|move|p2a: Arcanine|Flare Blitz|p1a: Mallow\n|-damage|p1a: Mallow|0 fnt\n|faint|p1a: Mallow\n|\n|upkeep\n|\n|t:|1700112884\n|switch|p1a: Hilal|Umbreon, M, shiny, tera:Poison|85\/100\n|turn|35\n|\n|t:|1700112892\n|move|p1a: Hilal|Wish|p1a: Hilal\n|move|p2a: Arcanine|Head Smash|p1a: Hilal\n|-crit|p1a: Hilal\n|-damage|p1a: Hilal|21\/100\n|\n|upkeep\n|turn|36\n|\n|t:|1700112901\n|move|p1a: Hilal|Protect|p1a: Hilal\n|-singleturn|p1a: Hilal|Protect\n|move|p2a: Arcanine|Head Smash|p1a: Hilal\n|-activate|p1a: Hilal|move: Protect\n|\n|-heal|p1a: Hilal|71\/100|[from] move: Wish|[wisher] Hilal\n|upkeep\n|turn|37\n|\n|t:|1700112914\n|move|p1a: Hilal|Reflect|p1a: Hilal\n|-sidestart|p1: DR4N|Reflect\n|move|p2a: Arcanine|Flare Blitz|p1a: Hilal\n|-damage|p1a: Hilal|53\/100\n|\n|upkeep\n|turn|38\n|\n|t:|1700112924\n|move|p1a: Hilal|Wish|p1a: Hilal\n|move|p2a: Arcanine|Head Smash|p1a: Hilal\n|-damage|p1a: Hilal|31\/100\n|\n|upkeep\n|turn|39\n|\n|t:|1700112930\n|move|p2a: Arcanine|Extreme Speed|p1a: Hilal\n|-damage|p1a: Hilal|24\/100\n|move|p1a: Hilal|Foul Play|p2a: Arcanine\n|-damage|p2a: Arcanine|35\/100 par\n|\n|-heal|p1a: Hilal|74\/100|[from] move: Wish|[wisher] Hilal\n|upkeep\n|turn|40\n|\n|t:|1700112938\n|move|p1a: Hilal|Wish|p1a: Hilal\n|move|p2a: Arcanine|Head Smash|p1a: Hilal\n|-damage|p1a: Hilal|53\/100\n|\n|upkeep\n|turn|41\n|\n|t:|1700112942\n|move|p1a: Hilal|Foul Play|p2a: Arcanine\n|-damage|p2a: Arcanine|0 fnt\n|faint|p2a: Arcanine\n|\n|-heal|p1a: Hilal|100\/100|[from] move: Wish|[wisher] Hilal\n|-sideend|p1: DR4N|Reflect\n|upkeep\n|\n|t:|1700112948\n|switch|p2a: Gengar|Gengar, M|100\/100\n|turn|42\n|\n|t:|1700112957\n|move|p2a: Gengar|Shadow Ball|p1a: Hilal\n|-damage|p1a: Hilal|73\/100\n|-unboost|p1a: Hilal|spd|1\n|move|p1a: Hilal|Foul Play|p2a: Gengar\n|-supereffective|p2a: Gengar\n|-damage|p2a: Gengar|36\/100\n|\n|upkeep\n|turn|43\n|\n|t:|1700112964\n|move|p2a: Gengar|Shadow Ball|p1a: Hilal\n|-damage|p1a: Hilal|27\/100\n|-unboost|p1a: Hilal|spd|1\n|move|p1a: Hilal|Foul Play|p2a: Gengar\n|-supereffective|p2a: Gengar\n|-damage|p2a: Gengar|0 fnt\n|-start|p1a: Hilal|Disable|Foul Play|[from] ability: Cursed Body|[of] p2a: Gengar\n|faint|p2a: Gengar\n|\n|upkeep\n|\n|t:|1700112970\n|switch|p2a: Marill|Marill, F|100\/100\n|turn|44\n|c|\u2606DR4N|Belly drum?\n|\n|t:|1700112990\n|move|p1a: Hilal|Reflect|p1a: Hilal\n|-sidestart|p1: DR4N|Reflect\n|move|p2a: Marill|Liquidation|p1a: Hilal\n|-damage|p1a: Hilal|16\/100\n|-unboost|p1a: Hilal|def|1\n|\n|upkeep\n|turn|45\n|\n|t:|1700113003\n|move|p1a: Hilal|Wish|p1a: Hilal\n|move|p2a: Marill|Knock Off|p1a: Hilal\n|-damage|p1a: Hilal|7\/100\n|\n|upkeep\n|turn|46\n|\n|t:|1700113008\n|switch|p1a: Billy|Gogoat, M, shiny|23\/100\n|move|p2a: Marill|Liquidation|p1a: Billy\n|-resisted|p1a: Billy\n|-damage|p1a: Billy|13\/100\n|-damage|p2a: Marill|84\/100|[from] item: Rocky Helmet|[of] p1a: Billy\n|\n|-heal|p1a: Billy|57\/100|[from] move: Wish|[wisher] Hilal\n|upkeep\n|turn|47\n|\n|t:|1700113017\n|move|p1a: Billy|Horn Leech|p2a: Marill\n|-supereffective|p2a: Marill\n|-damage|p2a: Marill|2\/100\n|-heal|p1a: Billy|88\/100|[from] drain|[of] p2a: Marill\n|move|p2a: Marill|Ice Spinner|p1a: Billy\n|-supereffective|p1a: Billy\n|-damage|p1a: Billy|63\/100\n|-damage|p2a: Marill|0 fnt|[from] item: Rocky Helmet|[of] p1a: Billy\n|faint|p2a: Marill\n|\n|win|DR4N\n|raw|DR4N's rating: 1120 &rarr; <strong>1148<\/strong><br \/>(+28 for winning)\n|raw|LiamS29's rating: 1165 &rarr; <strong>1137<\/strong><br \/>(-28 for losing)\n|l|\u2606LiamS29\n|c|\u2606DR4N|Gg\n","uploadtime":1700113030,"views":5,"p1id":"dr4n","p2id":"liams29","formatid":"gen9anythinggoes","rating":1137,"private":0,"password":""}