{"id":"gen9anythinggoes-1978933194","p1":"ClawsStratz","p2":"Terra_Spectrum8293","format":"[Gen 9] Anything Goes","log":"|j|\u203dClawsStratz\n|j|\u2606Terra_Spectrum8293\n|t:|1698611817\n|gametype|singles\n|player|p1|ClawsStratz|101|1117\n|player|p2|Terra_Spectrum8293|nessa|1199\n|teamsize|p1|6\n|teamsize|p2|6\n|gen|9\n|tier|[Gen 9] Anything Goes\n|rated|\n|rule|HP Percentage Mod: HP is shown in percentages\n|rule|Endless Battle Clause: Forcing endless battles is banned\n|clearpoke\n|poke|p1|Crawdaunt, M|\n|poke|p1|Rotom-Heat|\n|poke|p1|Palossand, F|\n|poke|p1|Kleavor, M|\n|poke|p1|Abomasnow, M|\n|poke|p1|Goodra-Hisui, M|\n|poke|p2|Mew|\n|poke|p2|Haxorus, M|\n|poke|p2|Polteageist|\n|poke|p2|Flapple, F|\n|poke|p2|Scream Tail|\n|poke|p2|Zacian-*|\n|teampreview\n|inactive|Battle timer is ON: inactive players will automatically lose when time's up. (requested by Terra_Spectrum8293)\n|\n|t:|1698611823\n|start\n|switch|p1a: Kleavor|Kleavor, M|100\/100\n|switch|p2a: Bubblegum|Mew|100\/100\n|turn|1\n|\n|t:|1698611829\n|move|p1a: Kleavor|Stone Axe|p2a: Bubblegum\n|-damage|p2a: Bubblegum|56\/100\n|-sidestart|p2: Terra_Spectrum8293|move: Stealth Rock\n|move|p2a: Bubblegum|Stealth Rock|p1a: Kleavor\n|-sidestart|p1: ClawsStratz|move: Stealth Rock\n|\n|upkeep\n|turn|2\n|\n|t:|1698611838\n|move|p1a: Kleavor|X-Scissor|p2a: Bubblegum\n|-supereffective|p2a: Bubblegum\n|-damage|p2a: Bubblegum|0 fnt\n|faint|p2a: Bubblegum\n|\n|upkeep\n|\n|t:|1698611851\n|switch|p2a: Ice Cream|Scream Tail|100\/100\n|-damage|p2a: Ice Cream|88\/100|[from] Stealth Rock\n|turn|3\n|\n|t:|1698611856\n|move|p1a: Kleavor|X-Scissor|p2a: Ice Cream\n|-damage|p2a: Ice Cream|33\/100\n|move|p2a: Ice Cream|Bulk Up|p2a: Ice Cream\n|-boost|p2a: Ice Cream|atk|1\n|-boost|p2a: Ice Cream|def|1\n|\n|upkeep\n|turn|4\n|\n|t:|1698611865\n|move|p1a: Kleavor|X-Scissor|p2a: Ice Cream\n|-damage|p2a: Ice Cream|0 fnt\n|faint|p2a: Ice Cream\n|-end|p2a: Ice Cream|Protosynthesis|[silent]\n|\n|upkeep\n|\n|t:|1698611870\n|switch|p2a: Slurp|Polteageist|100\/100\n|-damage|p2a: Slurp|88\/100|[from] Stealth Rock\n|turn|5\n|\n|t:|1698611881\n|move|p1a: Kleavor|Aerial Ace|p2a: Slurp\n|-damage|p2a: Slurp|21\/100\n|-ability|p2a: Slurp|Weak Armor|boost\n|-unboost|p2a: Slurp|def|1\n|-boost|p2a: Slurp|spe|2\n|-enditem|p2a: Slurp|White Herb\n|-clearnegativeboost|p2a: Slurp|[silent]\n|move|p2a: Slurp|Shell Smash|p2a: Slurp\n|-unboost|p2a: Slurp|def|1\n|-unboost|p2a: Slurp|spd|1\n|-boost|p2a: Slurp|atk|2\n|-boost|p2a: Slurp|spa|2\n|-boost|p2a: Slurp|spe|2\n|\n|upkeep\n|turn|6\n|\n|t:|1698611895\n|move|p2a: Slurp|Stored Power|p1a: Kleavor\n|-damage|p1a: Kleavor|0 fnt\n|faint|p1a: Kleavor\n|\n|upkeep\n|\n|t:|1698611903\n|switch|p1a: Palossand|Palossand, F|100\/100\n|-damage|p1a: Palossand|94\/100|[from] Stealth Rock\n|turn|7\n|\n|t:|1698611909\n|move|p2a: Slurp|Stored Power|p1a: Palossand\n|-damage|p1a: Palossand|0 fnt\n|faint|p1a: Palossand\n|\n|upkeep\n|\n|t:|1698611914\n|switch|p1a: Crawdaunt|Crawdaunt, M|100\/100\n|-damage|p1a: Crawdaunt|88\/100|[from] Stealth Rock\n|turn|8\n|\n|t:|1698611918\n|move|p1a: Crawdaunt|Aqua Jet|p2a: Slurp\n|-damage|p2a: Slurp|0 fnt\n|faint|p2a: Slurp\n|\n|upkeep\n|\n|t:|1698611924\n|switch|p2a: Adam|Flapple, F, shiny|100\/100\n|-damage|p2a: Adam|88\/100|[from] Stealth Rock\n|turn|9\n|\n|t:|1698611931\n|move|p2a: Adam|Dragon Dance|p2a: Adam\n|-boost|p2a: Adam|atk|1\n|-boost|p2a: Adam|spe|1\n|move|p1a: Crawdaunt|Swords Dance|p1a: Crawdaunt\n|-boost|p1a: Crawdaunt|atk|2\n|\n|upkeep\n|turn|10\n|\n|t:|1698611939\n|move|p2a: Adam|Seed Bomb|p1a: Crawdaunt\n|-supereffective|p1a: Crawdaunt\n|-damage|p1a: Crawdaunt|0 fnt\n|faint|p1a: Crawdaunt\n|\n|upkeep\n|\n|t:|1698611945\n|switch|p1a: Rotom|Rotom-Heat|100\/100\n|-damage|p1a: Rotom|76\/100|[from] Stealth Rock\n|turn|11\n|\n|t:|1698611952\n|move|p2a: Adam|Outrage|p1a: Rotom\n|-damage|p1a: Rotom|0 fnt\n|faint|p1a: Rotom\n|\n|upkeep\n|\n|t:|1698611956\n|switch|p1a: Abomasnow|Abomasnow, M|100\/100\n|-damage|p1a: Abomasnow|76\/100|[from] Stealth Rock\n|-weather|Snow|[from] ability: Snow Warning|[of] p1a: Abomasnow\n|turn|12\n|\n|t:|1698611963\n|move|p1a: Abomasnow|Ice Shard|p2a: Adam\n|-supereffective|p2a: Adam\n|-damage|p2a: Adam|0 fnt\n|faint|p2a: Adam\n|\n|-weather|Snow|[upkeep]\n|upkeep\n|\n|t:|1698611968\n|switch|p2a: Allosaurus|Haxorus, M, shiny|100\/100\n|-damage|p2a: Allosaurus|88\/100|[from] Stealth Rock\n|-ability|p2a: Allosaurus|Mold Breaker\n|turn|13\n|\n|t:|1698611975\n|move|p1a: Abomasnow|Ice Shard|p2a: Allosaurus\n|-supereffective|p2a: Allosaurus\n|-damage|p2a: Allosaurus|42\/100\n|move|p2a: Allosaurus|Dragon Dance|p2a: Allosaurus\n|-boost|p2a: Allosaurus|atk|1\n|-boost|p2a: Allosaurus|spe|1\n|\n|-weather|Snow|[upkeep]\n|upkeep\n|turn|14\n|\n|t:|1698611982\n|move|p1a: Abomasnow|Ice Shard|p2a: Allosaurus\n|-supereffective|p2a: Allosaurus\n|-damage|p2a: Allosaurus|0 fnt\n|faint|p2a: Allosaurus\n|\n|-weather|Snow|[upkeep]\n|upkeep\n|\n|t:|1698611987\n|switch|p2a: Sakura|Zacian-Crowned|100\/100\n|-damage|p2a: Sakura|94\/100|[from] Stealth Rock\n|-ability|p2a: Sakura|Intrepid Sword|boost\n|-boost|p2a: Sakura|atk|1\n|turn|15\n|\n|t:|1698611994\n|move|p1a: Abomasnow|Ice Shard|p2a: Sakura\n|-resisted|p2a: Sakura\n|-damage|p2a: Sakura|86\/100\n|move|p2a: Sakura|Behemoth Blade|p1a: Abomasnow\n|-supereffective|p1a: Abomasnow\n|-damage|p1a: Abomasnow|0 fnt\n|faint|p1a: Abomasnow\n|\n|-weather|Snow|[upkeep]\n|upkeep\n|\n|t:|1698612003\n|switch|p1a: Goodra|Goodra-Hisui, M|100\/100\n|-damage|p1a: Goodra|94\/100|[from] Stealth Rock\n|turn|16\n|c|\u2606Terra_Spectrum8293|Sakura, my ace in the hole!!!\n|\n|t:|1698612012\n|-terastallize|p2a: Sakura|Fighting\n|move|p2a: Sakura|Close Combat|p1a: Goodra\n|-supereffective|p1a: Goodra\n|-damage|p1a: Goodra|0 fnt\n|-unboost|p2a: Sakura|def|1\n|-unboost|p2a: Sakura|spd|1\n|-ability|p1a: Goodra|Gooey\n|-unboost|p2a: Sakura|spe|1\n|faint|p1a: Goodra\n|\n|win|Terra_Spectrum8293\n|raw|ClawsStratz's rating: 1117 &rarr; <strong>1098<\/strong><br \/>(-19 for losing)\n|raw|Terra_Spectrum8293's rating: 1199 &rarr; <strong>1218<\/strong><br \/>(+19 for winning)\n|l|\u203dClawsStratz\n","uploadtime":1698612036,"views":4,"p1id":"clawsstratz","p2id":"terraspectrum8293","formatid":"gen9anythinggoes","rating":1098,"private":0,"password":""}