{"id":"gen9anythinggoes-1999240165","p1":"TnwMvn","p2":"Vonrien","format":"[Gen 9] Anything Goes","log":"|j|\u2606TnwMvn\n|j|\u2606Vonrien\n|t:|1701049500\n|gametype|singles\n|player|p1|TnwMvn|101|1422\n|player|p2|Vonrien|hilbert|1314\n|teamsize|p1|6\n|teamsize|p2|6\n|gen|9\n|tier|[Gen 9] Anything Goes\n|rated|\n|rule|HP Percentage Mod: HP is shown in percentages\n|rule|Endless Battle Clause: Forcing endless battles is banned\n|clearpoke\n|poke|p1|Walking Wake|\n|poke|p1|Great Tusk|\n|poke|p1|Koraidon|\n|poke|p1|Kingambit, F|\n|poke|p1|Torkoal, F|\n|poke|p1|Skeledirge, M|\n|poke|p2|Darkrai|\n|poke|p2|Gastrodon, F|\n|poke|p2|Dragonite, F|\n|poke|p2|Chandelure, F|\n|poke|p2|Sneasler, M|\n|poke|p2|Decidueye, M|\n|teampreview\n|inactive|Battle timer is ON: inactive players will automatically lose when time's up. (requested by TnwMvn)\n|\n|t:|1701049512\n|start\n|switch|p1a: Torkoal|Torkoal, F|100\/100\n|switch|p2a: Lala|Gastrodon, F|100\/100\n|-weather|SunnyDay|[from] ability: Drought|[of] p1a: Torkoal\n|turn|1\n|\n|t:|1701049522\n|move|p2a: Lala|Earth Power|p1a: Torkoal\n|-supereffective|p1a: Torkoal\n|-damage|p1a: Torkoal|0 fnt\n|faint|p1a: Torkoal\n|\n|-weather|SunnyDay|[upkeep]\n|upkeep\n|\n|t:|1701049533\n|switch|p1a: Walking Wake|Walking Wake|100\/100\n|-activate|p1a: Walking Wake|ability: Protosynthesis\n|-start|p1a: Walking Wake|protosynthesisspe\n|turn|2\n|\n|t:|1701049549\n|switch|p2a: Fin|Decidueye, M|100\/100\n|move|p1a: Walking Wake|Dragon Pulse|p2a: Fin\n|-damage|p2a: Fin|51\/100\n|\n|-weather|SunnyDay|[upkeep]\n|upkeep\n|turn|3\n|\n|t:|1701049562\n|move|p1a: Walking Wake|Dragon Pulse|p2a: Fin\n|-damage|p2a: Fin|2\/100\n|move|p2a: Fin|Leaf Blade|p1a: Walking Wake\n|-crit|p1a: Walking Wake\n|-damage|p1a: Walking Wake|30\/100\n|\n|-weather|SunnyDay|[upkeep]\n|upkeep\n|turn|4\n|\n|t:|1701049570\n|move|p2a: Fin|Sucker Punch|p1a: Walking Wake\n|-crit|p1a: Walking Wake\n|-damage|p1a: Walking Wake|0 fnt\n|faint|p1a: Walking Wake\n|-end|p1a: Walking Wake|Protosynthesis|[silent]\n|\n|-weather|SunnyDay|[upkeep]\n|upkeep\n|\n|t:|1701049575\n|switch|p1a: Skeledirge|Skeledirge, M|100\/100\n|turn|5\n|\n|t:|1701049578\n|move|p2a: Fin|Sucker Punch||[still]\n|-fail|p2a: Fin\n|move|p1a: Skeledirge|Will-O-Wisp|p2a: Fin\n|-status|p2a: Fin|brn\n|\n|-weather|SunnyDay|[upkeep]\n|-damage|p2a: Fin|0 fnt|[from] brn\n|faint|p2a: Fin\n|upkeep\n|\n|t:|1701049591\n|switch|p2a: Rai|Darkrai|100\/100\n|turn|6\n|\n|t:|1701049600\n|move|p2a: Rai|Dark Pulse|p1a: Skeledirge\n|-supereffective|p1a: Skeledirge\n|-damage|p1a: Skeledirge|9\/100\n|move|p1a: Skeledirge|Will-O-Wisp|p2a: Rai\n|-status|p2a: Rai|brn\n|\n|-weather|SunnyDay|[upkeep]\n|-heal|p1a: Skeledirge|15\/100|[from] item: Leftovers\n|-damage|p2a: Rai|94\/100 brn|[from] brn\n|upkeep\n|turn|7\n|\n|t:|1701049609\n|switch|p1a: Koraidon|Koraidon|100\/100\n|-activate|p1a: Koraidon|ability: Orichalcum Pulse\n|move|p2a: Rai|Dark Pulse|p1a: Koraidon\n|-resisted|p1a: Koraidon\n|-crit|p1a: Koraidon\n|-damage|p1a: Koraidon|63\/100\n|\n|-weather|SunnyDay|[upkeep]\n|-damage|p2a: Rai|88\/100 brn|[from] brn\n|upkeep\n|turn|8\n|\n|t:|1701049624\n|switch|p2a: Shin|Chandelure, F, shiny|100\/100\n|move|p1a: Koraidon|Swords Dance|p1a: Koraidon\n|-boost|p1a: Koraidon|atk|2\n|\n|-weather|none\n|upkeep\n|turn|9\n|\n|t:|1701049635\n|move|p2a: Shin|Shadow Ball|p1a: Koraidon\n|-damage|p1a: Koraidon|14\/100\n|move|p1a: Koraidon|Scale Shot|p2a: Shin\n|-damage|p2a: Shin|62\/100\n|-damage|p2a: Shin|21\/100\n|-damage|p2a: Shin|0 fnt\n|faint|p2a: Shin\n|-hitcount|p2: Shin|3\n|-unboost|p1a: Koraidon|def|1\n|-boost|p1a: Koraidon|spe|1\n|\n|upkeep\n|\n|t:|1701049646\n|switch|p2a: Rita|Dragonite, F|100\/100\n|turn|10\n|\n|t:|1701049649\n|move|p2a: Rita|Extreme Speed|p1a: Koraidon\n|-damage|p1a: Koraidon|0 fnt\n|faint|p1a: Koraidon\n|-damage|p2a: Rita|91\/100|[from] item: Life Orb\n|\n|upkeep\n|\n|t:|1701049655\n|switch|p1a: Skeledirge|Skeledirge, M|15\/100\n|turn|11\n|\n|t:|1701049661\n|move|p2a: Rita|Dragon Claw|p1a: Skeledirge\n|-damage|p1a: Skeledirge|0 fnt\n|faint|p1a: Skeledirge\n|-damage|p2a: Rita|81\/100|[from] item: Life Orb\n|\n|upkeep\n|\n|t:|1701049664\n|switch|p1a: Great Tusk|Great Tusk|100\/100\n|turn|12\n|\n|t:|1701049669\n|move|p2a: Rita|Dragon Dance|p2a: Rita\n|-boost|p2a: Rita|atk|1\n|-boost|p2a: Rita|spe|1\n|move|p1a: Great Tusk|Ice Spinner|p2a: Rita\n|-supereffective|p2a: Rita\n|-damage|p2a: Rita|0 fnt\n|faint|p2a: Rita\n|\n|upkeep\n|\n|t:|1701049684\n|switch|p2a: Lala|Gastrodon, F|100\/100\n|turn|13\n|\n|t:|1701049700\n|move|p1a: Great Tusk|Ice Spinner|p2a: Lala\n|-damage|p2a: Lala|74\/100\n|move|p2a: Lala|Surf|p1a: Great Tusk\n|-supereffective|p1a: Great Tusk\n|-damage|p1a: Great Tusk|56\/100\n|\n|-heal|p2a: Lala|80\/100|[from] item: Leftovers\n|upkeep\n|turn|14\n|\n|t:|1701049708\n|move|p1a: Great Tusk|Knock Off|p2a: Lala\n|-damage|p2a: Lala|50\/100\n|-enditem|p2a: Lala|Leftovers|[from] move: Knock Off|[of] p1a: Great Tusk\n|move|p2a: Lala|Surf|p1a: Great Tusk\n|-supereffective|p1a: Great Tusk\n|-damage|p1a: Great Tusk|14\/100\n|\n|upkeep\n|turn|15\n|\n|t:|1701049715\n|move|p1a: Great Tusk|Ice Spinner|p2a: Lala\n|-damage|p2a: Lala|23\/100\n|move|p2a: Lala|Surf|p1a: Great Tusk\n|-supereffective|p1a: Great Tusk\n|-damage|p1a: Great Tusk|0 fnt\n|faint|p1a: Great Tusk\n|-end|p1a: Great Tusk|Protosynthesis|[silent]\n|\n|upkeep\n|\n|t:|1701049716\n|switch|p1a: Kingambit|Kingambit, F|100\/100\n|-activate|p1a: Kingambit|ability: Supreme Overlord\n|-start|p1a: Kingambit|fallen5|[silent]\n|turn|16\n|\n|t:|1701049724\n|move|p1a: Kingambit|Swords Dance|p1a: Kingambit\n|-boost|p1a: Kingambit|atk|2\n|move|p2a: Lala|Earth Power|p1a: Kingambit\n|-supereffective|p1a: Kingambit\n|-damage|p1a: Kingambit|25\/100\n|\n|-heal|p1a: Kingambit|31\/100|[from] item: Leftovers\n|upkeep\n|turn|17\n|\n|t:|1701049732\n|move|p1a: Kingambit|Sucker Punch|p2a: Lala\n|-damage|p2a: Lala|0 fnt\n|faint|p2a: Lala\n|\n|-heal|p1a: Kingambit|37\/100|[from] item: Leftovers\n|upkeep\n|\n|t:|1701049738\n|switch|p2a: Rai|Darkrai|88\/100 brn\n|turn|18\n|\n|t:|1701049748\n|move|p2a: Rai|Focus Blast|p1a: Kingambit\n|-supereffective|p1a: Kingambit\n|-damage|p1a: Kingambit|0 fnt\n|faint|p1a: Kingambit\n|-end|p1a: Kingambit|fallen5|[silent]\n|\n|win|Vonrien\n|raw|TnwMvn's rating: 1422 &rarr; <strong>1396<\/strong><br \/>(-26 for losing)\n|raw|Vonrien's rating: 1314 &rarr; <strong>1340<\/strong><br \/>(+26 for winning)\n|l|\u2606TnwMvn\n|c|\u2606Vonrien|gg\n","uploadtime":1701049762,"views":2,"p1id":"tnwmvn","p2id":"vonrien","formatid":"gen9anythinggoes","rating":1340,"private":0,"password":""}