{"id":"gen9anythinggoes-1986591008","p1":"Brothybear","p2":"Saltine NACLS","format":"[Gen 9] Anything Goes","log":"|j|\u2606Brothybear\n|j|\u2606Saltine NACLS\n|t:|1699495435\n|gametype|singles\n|player|p1|Brothybear|eusine|1169\n|player|p2|Saltine NACLS|swimmer-gen4dp|1000\n|teamsize|p1|6\n|teamsize|p2|2\n|gen|9\n|tier|[Gen 9] Anything Goes\n|rated|\n|rule|HP Percentage Mod: HP is shown in percentages\n|rule|Endless Battle Clause: Forcing endless battles is banned\n|clearpoke\n|poke|p1|Ditto|\n|poke|p1|Ditto|\n|poke|p1|Ditto|\n|poke|p1|Ditto|\n|poke|p1|Ditto|\n|poke|p1|Ambipom, M|\n|poke|p2|Garganacl, F|\n|poke|p2|Jumpluff, F|\n|teampreview\n|inactive|Battle timer is ON: inactive players will automatically lose when time's up. (requested by Brothybear)\n|c|\u2606Brothybear|hmm\n|\n|t:|1699495443\n|start\n|switch|p1a: Jesus|Ditto|100\/100\n|switch|p2a: Jumpluff|Jumpluff, F|100\/100\n|-transform|p1a: Jesus|p2a: Jumpluff|[from] ability: Imposter\n|turn|1\n|\n|t:|1699495456\n|move|p2a: Jumpluff|Cotton Guard|p2a: Jumpluff\n|-boost|p2a: Jumpluff|def|3\n|move|p1a: Jesus|Sleep Powder|p2a: Jumpluff\n|-immune|p2a: Jumpluff\n|\n|upkeep\n|turn|2\n|\n|t:|1699495464\n|move|p1a: Jesus|Swords Dance|p1a: Jesus\n|-boost|p1a: Jesus|atk|2\n|move|p2a: Jumpluff|Cotton Guard|p2a: Jumpluff\n|-boost|p2a: Jumpluff|def|3\n|\n|upkeep\n|turn|3\n|\n|t:|1699495470\n|move|p1a: Jesus|Cotton Guard|p1a: Jesus\n|-boost|p1a: Jesus|def|3\n|move|p2a: Jumpluff|Swords Dance|p2a: Jumpluff\n|-boost|p2a: Jumpluff|atk|2\n|\n|upkeep\n|turn|4\n|\n|t:|1699495475\n|move|p2a: Jumpluff|Swords Dance|p2a: Jumpluff\n|-boost|p2a: Jumpluff|atk|2\n|move|p1a: Jesus|Cotton Guard|p1a: Jesus\n|-boost|p1a: Jesus|def|3\n|\n|upkeep\n|turn|5\n|\n|t:|1699495481\n|move|p2a: Jumpluff|Swords Dance|p2a: Jumpluff\n|-boost|p2a: Jumpluff|atk|2\n|move|p1a: Jesus|Swords Dance|p1a: Jesus\n|-boost|p1a: Jesus|atk|2\n|\n|upkeep\n|turn|6\n|\n|t:|1699495486\n|move|p2a: Jumpluff|Baton Pass|p2a: Jumpluff\n|\n|t:|1699495488\n|switch|p2a: Garganacl|Garganacl, F|100\/100|[from] Baton Pass\n|move|p1a: Jesus|Swords Dance|p1a: Jesus\n|-boost|p1a: Jesus|atk|2\n|\n|upkeep\n|turn|7\n|\n|t:|1699495495\n|-terastallize|p2a: Garganacl|Ghost\n|move|p1a: Jesus|Baton Pass|p1a: Jesus\n|\n|t:|1699495509\n|switch|p1a: Guy Fawkes|Ditto|100\/100|[from] Baton Pass\n|-transform|p1a: Guy Fawkes|p2a: Garganacl|[from] ability: Imposter\n|move|p2a: Garganacl|Body Press|p1a: Guy Fawkes\n|-supereffective|p1a: Guy Fawkes\n|-damage|p1a: Guy Fawkes|58\/100\n|\n|upkeep\n|-start|p1a: Guy Fawkes|typechange|Rock|[silent]\n|turn|8\n|\n|t:|1699495523\n|move|p1a: Guy Fawkes|Recover|p1a: Guy Fawkes\n|-heal|p1a: Guy Fawkes|100\/100\n|move|p2a: Garganacl|Body Press|p1a: Guy Fawkes\n|-supereffective|p1a: Guy Fawkes\n|-damage|p1a: Guy Fawkes|54\/100\n|\n|upkeep\n|turn|9\n|\n|t:|1699495535\n|-terastallize|p1a: Guy Fawkes|Normal\n|move|p1a: Guy Fawkes|Salt Cure|p2a: Garganacl\n|-damage|p2a: Garganacl|93\/100\n|-start|p2a: Garganacl|Salt Cure\n|move|p2a: Garganacl|Body Press|p1a: Guy Fawkes\n|-supereffective|p1a: Guy Fawkes\n|-crit|p1a: Guy Fawkes\n|-damage|p1a: Guy Fawkes|0 fnt\n|faint|p1a: Guy Fawkes\n|\n|-heal|p2a: Garganacl|99\/100|[from] item: Leftovers\n|-damage|p2a: Garganacl|87\/100|[from] Salt Cure\n|upkeep\n|\n|t:|1699495546\n|switch|p1a: Bob|Ditto, shiny|100\/100\n|-transform|p1a: Bob|p2a: Garganacl|[from] ability: Imposter\n|-start|p1a: Bob|typechange|Rock|[silent]\n|turn|10\n|\n|t:|1699495561\n|move|p2a: Garganacl|Body Press|p1a: Bob\n|-supereffective|p1a: Bob\n|-damage|p1a: Bob|58\/100\n|-enditem|p1a: Bob|Weakness Policy\n|-boost|p1a: Bob|atk|0\n|-boost|p1a: Bob|spa|2|[from] item: Weakness Policy\n|move|p1a: Bob|Salt Cure|p2a: Garganacl\n|-damage|p2a: Garganacl|79\/100\n|\n|-heal|p2a: Garganacl|85\/100|[from] item: Leftovers\n|-damage|p2a: Garganacl|73\/100|[from] Salt Cure\n|upkeep\n|turn|11\n|\n|t:|1699495578\n|move|p2a: Garganacl|Body Press|p1a: Bob\n|-supereffective|p1a: Bob\n|-damage|p1a: Bob|17\/100\n|move|p1a: Bob|Body Press|p2a: Garganacl\n|-immune|p2a: Garganacl\n|\n|-heal|p2a: Garganacl|79\/100|[from] item: Leftovers\n|-damage|p2a: Garganacl|67\/100|[from] Salt Cure\n|upkeep\n|turn|12\n|\n|t:|1699495587\n|move|p1a: Bob|Recover|p1a: Bob\n|-heal|p1a: Bob|67\/100\n|move|p2a: Garganacl|Body Press|p1a: Bob\n|-supereffective|p1a: Bob\n|-damage|p1a: Bob|25\/100\n|\n|-heal|p2a: Garganacl|73\/100|[from] item: Leftovers\n|-damage|p2a: Garganacl|61\/100|[from] Salt Cure\n|upkeep\n|turn|13\n|\n|t:|1699495596\n|move|p1a: Bob|Recover|p1a: Bob\n|-heal|p1a: Bob|75\/100\n|move|p2a: Garganacl|Body Press|p1a: Bob\n|-supereffective|p1a: Bob\n|-damage|p1a: Bob|31\/100\n|\n|-heal|p2a: Garganacl|67\/100|[from] item: Leftovers\n|-damage|p2a: Garganacl|54\/100|[from] Salt Cure\n|upkeep\n|turn|14\n|\n|t:|1699495608\n|move|p2a: Garganacl|Salt Cure|p1a: Bob\n|-damage|p1a: Bob|21\/100\n|-start|p1a: Bob|Salt Cure\n|move|p1a: Bob|Recover|p1a: Bob\n|-heal|p1a: Bob|71\/100\n|\n|-heal|p2a: Garganacl|61\/100|[from] item: Leftovers\n|-damage|p1a: Bob|58\/100|[from] Salt Cure\n|-damage|p2a: Garganacl|48\/100|[from] Salt Cure\n|upkeep\n|turn|15\n|\n|t:|1699495623\n|move|p1a: Bob|Salt Cure|p2a: Garganacl\n|-damage|p2a: Garganacl|40\/100\n|move|p2a: Garganacl|Recover|p2a: Garganacl\n|-heal|p2a: Garganacl|90\/100\n|\n|-heal|p2a: Garganacl|96\/100|[from] item: Leftovers\n|-damage|p2a: Garganacl|84\/100|[from] Salt Cure\n|-damage|p1a: Bob|46\/100|[from] Salt Cure\n|upkeep\n|turn|16\n|\n|t:|1699495631\n|move|p1a: Bob|Recover|p1a: Bob\n|-heal|p1a: Bob|96\/100\n|move|p2a: Garganacl|Body Press|p1a: Bob\n|-supereffective|p1a: Bob\n|-damage|p1a: Bob|53\/100\n|\n|-heal|p2a: Garganacl|90\/100|[from] item: Leftovers\n|-damage|p1a: Bob|40\/100|[from] Salt Cure\n|-damage|p2a: Garganacl|78\/100|[from] Salt Cure\n|upkeep\n|turn|17\n|\n|t:|1699495647\n|move|p2a: Garganacl|Body Press|p1a: Bob\n|-supereffective|p1a: Bob\n|-damage|p1a: Bob|0 fnt\n|faint|p1a: Bob\n|\n|-heal|p2a: Garganacl|84\/100|[from] item: Leftovers\n|-damage|p2a: Garganacl|72\/100|[from] Salt Cure\n|upkeep\n|inactive|Brothybear has 120 seconds left.\n|\n|t:|1699495696\n|switch|p1a: Bob Bobbington|Ditto|100\/100\n|-transform|p1a: Bob Bobbington|p2a: Garganacl|[from] ability: Imposter\n|-start|p1a: Bob Bobbington|typechange|Rock|[silent]\n|turn|18\n|\n|t:|1699495706\n|move|p1a: Bob Bobbington|Salt Cure|p2a: Garganacl\n|-damage|p2a: Garganacl|63\/100\n|move|p2a: Garganacl|Salt Cure|p1a: Bob Bobbington\n|-damage|p1a: Bob Bobbington|89\/100\n|-start|p1a: Bob Bobbington|Salt Cure\n|\n|-heal|p2a: Garganacl|69\/100|[from] item: Leftovers\n|-damage|p2a: Garganacl|57\/100|[from] Salt Cure\n|-damage|p1a: Bob Bobbington|77\/100|[from] Salt Cure\n|upkeep\n|turn|19\n|inactive|Brothybear has 90 seconds left.\n|\n|t:|1699495746\n|move|p1a: Bob Bobbington|Salt Cure|p2a: Garganacl\n|-damage|p2a: Garganacl|49\/100\n|move|p2a: Garganacl|Body Press|p1a: Bob Bobbington\n|-supereffective|p1a: Bob Bobbington\n|-damage|p1a: Bob Bobbington|36\/100\n|\n|-heal|p2a: Garganacl|55\/100|[from] item: Leftovers\n|-damage|p1a: Bob Bobbington|23\/100|[from] Salt Cure\n|-damage|p2a: Garganacl|43\/100|[from] Salt Cure\n|upkeep\n|turn|20\n|\n|t:|1699495759\n|move|p1a: Bob Bobbington|Recover|p1a: Bob Bobbington\n|-heal|p1a: Bob Bobbington|73\/100\n|move|p2a: Garganacl|Body Press|p1a: Bob Bobbington\n|-supereffective|p1a: Bob Bobbington\n|-damage|p1a: Bob Bobbington|29\/100\n|\n|-heal|p2a: Garganacl|49\/100|[from] item: Leftovers\n|-damage|p1a: Bob Bobbington|16\/100|[from] Salt Cure\n|-damage|p2a: Garganacl|37\/100|[from] Salt Cure\n|upkeep\n|turn|21\n|\n|t:|1699495769\n|move|p1a: Bob Bobbington|Recover|p1a: Bob Bobbington\n|-heal|p1a: Bob Bobbington|66\/100\n|move|p2a: Garganacl|Recover|p2a: Garganacl\n|-heal|p2a: Garganacl|87\/100\n|\n|-heal|p2a: Garganacl|93\/100|[from] item: Leftovers\n|-damage|p2a: Garganacl|81\/100|[from] Salt Cure\n|-damage|p1a: Bob Bobbington|54\/100|[from] Salt Cure\n|upkeep\n|turn|22\n|\n|t:|1699495789\n|move|p2a: Garganacl|Body Press|p1a: Bob Bobbington\n|-supereffective|p1a: Bob Bobbington\n|-damage|p1a: Bob Bobbington|10\/100\n|move|p1a: Bob Bobbington|Salt Cure|p2a: Garganacl\n|-damage|p2a: Garganacl|73\/100\n|\n|-heal|p2a: Garganacl|79\/100|[from] item: Leftovers\n|-damage|p2a: Garganacl|67\/100|[from] Salt Cure\n|-damage|p1a: Bob Bobbington|0 fnt|[from] Salt Cure\n|faint|p1a: Bob Bobbington\n|upkeep\n|\n|t:|1699495800\n|switch|p1a: Throw Hands|Ambipom, M|100\/100\n|turn|23\n|\n|t:|1699495811\n|move|p1a: Throw Hands|Knock Off|p2a: Garganacl\n|-supereffective|p2a: Garganacl\n|-damage|p2a: Garganacl|59\/100\n|-enditem|p2a: Garganacl|Leftovers|[from] move: Knock Off|[of] p1a: Throw Hands\n|move|p2a: Garganacl|Salt Cure|p1a: Throw Hands\n|-damage|p1a: Throw Hands|9\/100\n|-start|p1a: Throw Hands|Salt Cure\n|\n|-damage|p1a: Throw Hands|0 fnt|[from] Salt Cure\n|faint|p1a: Throw Hands\n|-damage|p2a: Garganacl|47\/100|[from] Salt Cure\n|upkeep\n|inactive|Brothybear has 60 seconds left.\n|\n|t:|1699495825\n|switch|p1a: Jesus|Ditto|100\/100\n|-transform|p1a: Jesus|p2a: Garganacl|[from] ability: Imposter\n|-start|p1a: Jesus|typechange|Rock|[silent]\n|turn|24\n|\n|t:|1699495831\n|move|p2a: Garganacl|Recover|p2a: Garganacl\n|-heal|p2a: Garganacl|97\/100\n|move|p1a: Jesus|Salt Cure|p2a: Garganacl\n|-damage|p2a: Garganacl|89\/100\n|\n|-damage|p2a: Garganacl|77\/100|[from] Salt Cure\n|upkeep\n|turn|25\n|\n|t:|1699495840\n|move|p1a: Jesus|Salt Cure|p2a: Garganacl\n|-damage|p2a: Garganacl|69\/100\n|move|p2a: Garganacl|Body Press|p1a: Jesus\n|-supereffective|p1a: Jesus\n|-damage|p1a: Jesus|56\/100\n|\n|-damage|p2a: Garganacl|56\/100|[from] Salt Cure\n|upkeep\n|turn|26\n|\n|t:|1699495849\n|move|p2a: Garganacl|Salt Cure|p1a: Jesus\n|-damage|p1a: Jesus|44\/100\n|-start|p1a: Jesus|Salt Cure\n|move|p1a: Jesus|Recover|p1a: Jesus\n|-heal|p1a: Jesus|94\/100\n|\n|-damage|p1a: Jesus|82\/100|[from] Salt Cure\n|-damage|p2a: Garganacl|44\/100|[from] Salt Cure\n|upkeep\n|turn|27\n|\n|t:|1699495859\n|move|p2a: Garganacl|Recover|p2a: Garganacl\n|-heal|p2a: Garganacl|94\/100\n|move|p1a: Jesus|Recover|p1a: Jesus\n|-heal|p1a: Jesus|100\/100\n|\n|-damage|p2a: Garganacl|81\/100|[from] Salt Cure\n|-damage|p1a: Jesus|88\/100|[from] Salt Cure\n|upkeep\n|turn|28\n|\n|t:|1699495867\n|move|p1a: Jesus|Recover|p1a: Jesus\n|-heal|p1a: Jesus|100\/100\n|move|p2a: Garganacl|Body Press|p1a: Jesus\n|-supereffective|p1a: Jesus\n|-damage|p1a: Jesus|56\/100\n|\n|-damage|p2a: Garganacl|69\/100|[from] Salt Cure\n|-damage|p1a: Jesus|44\/100|[from] Salt Cure\n|upkeep\n|turn|29\n|inactive|Brothybear has 90 seconds left.\n|\n|t:|1699495876\n|move|p2a: Garganacl|Body Press|p1a: Jesus\n|-supereffective|p1a: Jesus\n|-damage|p1a: Jesus|0 fnt\n|faint|p1a: Jesus\n|\n|-damage|p2a: Garganacl|57\/100|[from] Salt Cure\n|upkeep\n|inactive|Brothybear has 90 seconds left.\n|\n|t:|1699495884\n|switch|p1a: John Jones|Ditto, shiny|100\/100\n|-transform|p1a: John Jones|p2a: Garganacl|[from] ability: Imposter\n|-start|p1a: John Jones|typechange|Rock|[silent]\n|turn|30\n|\n|t:|1699495891\n|move|p1a: John Jones|Salt Cure|p2a: Garganacl\n|-damage|p2a: Garganacl|49\/100\n|move|p2a: Garganacl|Salt Cure|p1a: John Jones\n|-damage|p1a: John Jones|90\/100\n|-start|p1a: John Jones|Salt Cure\n|\n|-damage|p1a: John Jones|78\/100|[from] Salt Cure\n|-damage|p2a: Garganacl|37\/100|[from] Salt Cure\n|upkeep\n|turn|31\n|\n|t:|1699495901\n|move|p2a: Garganacl|Recover|p2a: Garganacl\n|-heal|p2a: Garganacl|87\/100\n|move|p1a: John Jones|Salt Cure|p2a: Garganacl\n|-damage|p2a: Garganacl|79\/100\n|\n|-damage|p1a: John Jones|65\/100|[from] Salt Cure\n|-damage|p2a: Garganacl|67\/100|[from] Salt Cure\n|upkeep\n|turn|32\n|\n|t:|1699495915\n|move|p2a: Garganacl|Body Press|p1a: John Jones\n|-supereffective|p1a: John Jones\n|-damage|p1a: John Jones|24\/100\n|move|p1a: John Jones|Recover|p1a: John Jones\n|-heal|p1a: John Jones|74\/100\n|\n|-damage|p1a: John Jones|62\/100|[from] Salt Cure\n|-damage|p2a: Garganacl|55\/100|[from] Salt Cure\n|upkeep\n|turn|33\n|\n|t:|1699495926\n|move|p1a: John Jones|Recover|p1a: John Jones\n|-heal|p1a: John Jones|100\/100\n|move|p2a: Garganacl|Salt Cure|p1a: John Jones\n|-damage|p1a: John Jones|90\/100\n|\n|-damage|p1a: John Jones|78\/100|[from] Salt Cure\n|-damage|p2a: Garganacl|42\/100|[from] Salt Cure\n|upkeep\n|turn|34\n|\n|t:|1699495935\n|switch|p2a: Jumpluff|Jumpluff, F|100\/100\n|move|p1a: John Jones|Salt Cure|p2a: Jumpluff\n|-supereffective|p2a: Jumpluff\n|-damage|p2a: Jumpluff|0 fnt\n|faint|p2a: Jumpluff\n|\n|-damage|p1a: John Jones|65\/100|[from] Salt Cure\n|upkeep\n|\n|t:|1699495943\n|switch|p2a: Garganacl|Garganacl, F, tera:Ghost|42\/100\n|turn|35\n|inactive|Brothybear has 120 seconds left.\n|c|\u2606Brothybear|didnt expect the switch\n|\n|t:|1699495956\n|move|p1a: John Jones|Salt Cure|p2a: Garganacl\n|-damage|p2a: Garganacl|11\/100\n|-start|p2a: Garganacl|Salt Cure\n|move|p2a: Garganacl|Recover|p2a: Garganacl\n|-heal|p2a: Garganacl|61\/100\n|\n|-damage|p1a: John Jones|53\/100|[from] Salt Cure\n|-damage|p2a: Garganacl|49\/100|[from] Salt Cure\n|upkeep\n|turn|36\n|inactive|Brothybear has 120 seconds left.\n|\n|t:|1699495965\n|move|p1a: John Jones|Recover|p1a: John Jones\n|-heal|p1a: John Jones|100\/100\n|move|p2a: Garganacl|Recover|p2a: Garganacl\n|-heal|p2a: Garganacl|99\/100\n|\n|-damage|p1a: John Jones|88\/100|[from] Salt Cure\n|-damage|p2a: Garganacl|86\/100|[from] Salt Cure\n|upkeep\n|turn|37\n|inactive|Brothybear has 120 seconds left.\n|\n|t:|1699495975\n|move|p1a: John Jones|Salt Cure|p2a: Garganacl\n|-damage|p2a: Garganacl|57\/100\n|move|p2a: Garganacl|Salt Cure|p1a: John Jones\n|-damage|p1a: John Jones|85\/100\n|\n|-damage|p1a: John Jones|73\/100|[from] Salt Cure\n|-damage|p2a: Garganacl|45\/100|[from] Salt Cure\n|upkeep\n|turn|38\n|inactive|Brothybear has 120 seconds left.\n|\n|t:|1699495986\n|move|p1a: John Jones|Recover|p1a: John Jones\n|-heal|p1a: John Jones|100\/100\n|move|p2a: Garganacl|Recover|p2a: Garganacl\n|-heal|p2a: Garganacl|95\/100\n|\n|-damage|p1a: John Jones|88\/100|[from] Salt Cure\n|-damage|p2a: Garganacl|82\/100|[from] Salt Cure\n|upkeep\n|turn|39\n|\n|t:|1699495994\n|move|p1a: John Jones|Body Press|p2a: Garganacl\n|-immune|p2a: Garganacl\n|move|p2a: Garganacl|Iron Defense|p2a: Garganacl\n|-boost|p2a: Garganacl|def|2\n|\n|-damage|p2a: Garganacl|70\/100|[from] Salt Cure\n|-damage|p1a: John Jones|76\/100|[from] Salt Cure\n|upkeep\n|turn|40\n|\n|t:|1699496004\n|move|p2a: Garganacl|Iron Defense|p2a: Garganacl\n|-boost|p2a: Garganacl|def|2\n|move|p1a: John Jones|Iron Defense|p1a: John Jones\n|-boost|p1a: John Jones|def|0\n|\n|-damage|p1a: John Jones|63\/100|[from] Salt Cure\n|-damage|p2a: Garganacl|57\/100|[from] Salt Cure\n|upkeep\n|turn|41\n|\n|t:|1699496011\n|move|p2a: Garganacl|Iron Defense|p2a: Garganacl\n|-boost|p2a: Garganacl|def|2\n|move|p1a: John Jones|Body Press|p2a: Garganacl\n|-immune|p2a: Garganacl\n|\n|-damage|p1a: John Jones|51\/100|[from] Salt Cure\n|-damage|p2a: Garganacl|45\/100|[from] Salt Cure\n|upkeep\n|turn|42\n|\n|t:|1699496020\n|move|p1a: John Jones|Iron Defense|p1a: John Jones\n|-boost|p1a: John Jones|def|0\n|move|p2a: Garganacl|Salt Cure|p1a: John Jones\n|-damage|p1a: John Jones|48\/100\n|\n|-damage|p2a: Garganacl|33\/100|[from] Salt Cure\n|-damage|p1a: John Jones|36\/100|[from] Salt Cure\n|upkeep\n|turn|43\n|\n|t:|1699496028\n|move|p2a: Garganacl|Salt Cure|p1a: John Jones\n|-damage|p1a: John Jones|33\/100\n|move|p1a: John Jones|Body Press|p2a: Garganacl\n|-immune|p2a: Garganacl\n|\n|-damage|p1a: John Jones|20\/100|[from] Salt Cure\n|-damage|p2a: Garganacl|20\/100|[from] Salt Cure\n|upkeep\n|turn|44\n|\n|t:|1699496036\n|move|p1a: John Jones|Recover|p1a: John Jones\n|-heal|p1a: John Jones|70\/100\n|move|p2a: Garganacl|Salt Cure|p1a: John Jones\n|-damage|p1a: John Jones|67\/100\n|\n|-damage|p1a: John Jones|55\/100|[from] Salt Cure\n|-damage|p2a: Garganacl|8\/100|[from] Salt Cure\n|upkeep\n|turn|45\n|\n|t:|1699496046\n|move|p1a: John Jones|Body Press|p2a: Garganacl\n|-immune|p2a: Garganacl\n|move|p2a: Garganacl|Salt Cure|p1a: John Jones\n|-damage|p1a: John Jones|52\/100\n|\n|-damage|p1a: John Jones|40\/100|[from] Salt Cure\n|-damage|p2a: Garganacl|0 fnt|[from] Salt Cure\n|faint|p2a: Garganacl\n|\n|win|Brothybear\n|upkeep\n|raw|Brothybear's rating: 1169 &rarr; <strong>1183<\/strong><br \/>(+14 for winning)\n|raw|Saltine NACLS's rating: 1000 &rarr; <strong>1000<\/strong><br \/>(+0 for losing)\n|c|\u2606Saltine NACLS|gg\n|c|\u2606Brothybear|What a Game\n|c|\u2606Saltine NACLS|fr\n|l|\u2606Saltine NACLS\n|c|\u2606Brothybear|if you didnt switch we'd be here until next week\n","uploadtime":1699496082,"views":7,"p1id":"brothybear","p2id":"saltinenacls","formatid":"gen9anythinggoes","rating":1000,"private":0,"password":""}