{"id":"gen9anythinggoes-1979245530","p1":"jess a jesco","p2":"Hubertdradon","format":"[Gen 9] Anything Goes","log":"|j|\u2606jess a jesco\n|j|\u2606Hubertdradon\n|t:|1698659900\n|gametype|singles\n|player|p1|jess a jesco|102|1015\n|player|p2|Hubertdradon|169|1084\n|teamsize|p1|6\n|teamsize|p2|6\n|gen|9\n|tier|[Gen 9] Anything Goes\n|rated|\n|rule|HP Percentage Mod: HP is shown in percentages\n|rule|Endless Battle Clause: Forcing endless battles is banned\n|clearpoke\n|poke|p1|Arceus-Ghost|\n|poke|p1|Maushold-Four|\n|poke|p1|Rayquaza|\n|poke|p1|Torterra, M|\n|poke|p1|Kingambit, F|\n|poke|p1|Zacian-*|\n|poke|p2|Arcanine-Hisui, F|\n|poke|p2|Arcanine-Hisui, M|\n|poke|p2|Arcanine-Hisui, F|\n|poke|p2|Arcanine-Hisui, M|\n|poke|p2|Arcanine-Hisui, M|\n|poke|p2|Arcanine-Hisui, F|\n|teampreview\n|\n|t:|1698659924\n|start\n|switch|p1a: Best Blue Doggo|Zacian-Crowned, shiny|100\/100\n|switch|p2a: Arcanine|Arcanine-Hisui, F|100\/100\n|-ability|p1a: Best Blue Doggo|Intrepid Sword|boost\n|-boost|p1a: Best Blue Doggo|atk|1\n|turn|1\n|\n|t:|1698659939\n|-terastallize|p2a: Arcanine|Fire\n|move|p1a: Best Blue Doggo|Sacred Sword|p2a: Arcanine\n|-damage|p2a: Arcanine|40\/100\n|move|p2a: Arcanine|Flare Blitz|p1a: Best Blue Doggo\n|-supereffective|p1a: Best Blue Doggo\n|-damage|p1a: Best Blue Doggo|0 fnt\n|faint|p1a: Best Blue Doggo\n|\n|upkeep\n|\n|t:|1698659954\n|switch|p1a: Treeterror|Torterra, M, shiny|100\/100\n|turn|2\n|\n|t:|1698659963\n|-terastallize|p1a: Treeterror|Ghost\n|move|p2a: Arcanine|Flare Blitz|p1a: Treeterror\n|-damage|p1a: Treeterror|0 fnt\n|faint|p1a: Treeterror\n|\n|upkeep\n|c|\u2606jess a jesco|How\n|c|\u2606jess a jesco|You're so lucky\n|\n|t:|1698659983\n|switch|p1a: HouseMouse|Maushold-Four, shiny|100\/100\n|turn|3\n|c|\u2606Hubertdradon|i have an stab\n|\n|t:|1698660001\n|move|p1a: HouseMouse|Population Bomb|p2a: Arcanine\n|-damage|p2a: Arcanine|25\/100\n|-damage|p2a: Arcanine|11\/100\n|-damage|p2a: Arcanine|0 fnt\n|faint|p2a: Arcanine\n|-hitcount|p2: Arcanine|3\n|\n|upkeep\n|\n|t:|1698660010\n|switch|p2a: Arcanine|Arcanine-Hisui, M|100\/100\n|turn|4\n|\n|t:|1698660017\n|move|p2a: Arcanine|Extreme Speed|p1a: HouseMouse\n|-damage|p1a: HouseMouse|41\/100\n|move|p1a: HouseMouse|Population Bomb|p2a: Arcanine\n|-resisted|p2a: Arcanine\n|-damage|p2a: Arcanine|94\/100\n|-resisted|p2a: Arcanine\n|-damage|p2a: Arcanine|87\/100\n|-resisted|p2a: Arcanine\n|-damage|p2a: Arcanine|79\/100\n|-resisted|p2a: Arcanine\n|-damage|p2a: Arcanine|73\/100\n|-resisted|p2a: Arcanine\n|-damage|p2a: Arcanine|66\/100\n|-hitcount|p2a: Arcanine|5\n|\n|upkeep\n|turn|5\n|\n|t:|1698660035\n|move|p2a: Arcanine|Extreme Speed|p1a: HouseMouse\n|-damage|p1a: HouseMouse|0 fnt\n|faint|p1a: HouseMouse\n|\n|upkeep\n|\n|t:|1698660043\n|switch|p1a: Comeback Maker?|Kingambit, F|100\/100\n|-activate|p1a: Comeback Maker?|ability: Supreme Overlord\n|-start|p1a: Comeback Maker?|fallen3|[silent]\n|turn|6\n|c|\u2606Hubertdradon|what did you expected from the fire blitz while having tera fire arcanine\n|\n|t:|1698660054\n|move|p1a: Comeback Maker?|Protect|p1a: Comeback Maker?\n|-singleturn|p1a: Comeback Maker?|Protect\n|move|p2a: Arcanine|Extreme Speed|p1a: Comeback Maker?\n|-activate|p1a: Comeback Maker?|move: Protect\n|\n|upkeep\n|turn|7\n|\n|t:|1698660060\n|move|p2a: Arcanine|Extreme Speed|p1a: Comeback Maker?\n|-resisted|p1a: Comeback Maker?\n|-damage|p1a: Comeback Maker?|87\/100\n|move|p1a: Comeback Maker?|Brick Break|p2a: Arcanine\n|-supereffective|p2a: Arcanine\n|-damage|p2a: Arcanine|0 fnt\n|faint|p2a: Arcanine\n|\n|upkeep\n|\n|t:|1698660071\n|switch|p2a: Arcanine|Arcanine-Hisui, F|100\/100\n|turn|8\n|\n|t:|1698660079\n|move|p1a: Comeback Maker?|Protect|p1a: Comeback Maker?\n|-singleturn|p1a: Comeback Maker?|Protect\n|move|p2a: Arcanine|Flare Blitz|p1a: Comeback Maker?\n|-activate|p1a: Comeback Maker?|move: Protect\n|\n|upkeep\n|turn|9\n|\n|t:|1698660084\n|move|p2a: Arcanine|Flare Blitz|p1a: Comeback Maker?\n|-supereffective|p1a: Comeback Maker?\n|-damage|p1a: Comeback Maker?|0 fnt\n|faint|p1a: Comeback Maker?\n|-end|p1a: Comeback Maker?|fallen3|[silent]\n|\n|upkeep\n|c|\u2606jess a jesco|how do you go first bruh\n|c|\u2606Hubertdradon|no sucker punch?\n|\n|t:|1698660100\n|switch|p1a: Bomba Glidar|Rayquaza, shiny|100\/100\n|-ability|p1a: Bomba Glidar|Air Lock\n|turn|10\n|c|\u2606Hubertdradon|brother im faster than him lol\n|\n|t:|1698660120\n|move|p2a: Arcanine|Flare Blitz|p1a: Bomba Glidar\n|-resisted|p1a: Bomba Glidar\n|-damage|p1a: Bomba Glidar|46\/100\n|move|p1a: Bomba Glidar|Thunder|p2a: Arcanine\n|-damage|p2a: Arcanine|48\/100\n|\n|upkeep\n|turn|11\n|\n|t:|1698660130\n|move|p2a: Arcanine|Flare Blitz|p1a: Bomba Glidar\n|-resisted|p1a: Bomba Glidar\n|-damage|p1a: Bomba Glidar|0 fnt\n|faint|p1a: Bomba Glidar\n|\n|upkeep\n|\n|t:|1698660135\n|switch|p1a: Chostez|Arceus-Ghost|100\/100\n|turn|12\n|\n|t:|1698660149\n|move|p2a: Arcanine|Flare Blitz|p1a: Chostez\n|-damage|p1a: Chostez|34\/100\n|-status|p1a: Chostez|brn\n|move|p1a: Chostez|Judgment|p2a: Arcanine\n|-damage|p2a: Arcanine|0 fnt\n|faint|p2a: Arcanine\n|\n|-damage|p1a: Chostez|28\/100 brn|[from] brn\n|upkeep\n|\n|t:|1698660158\n|switch|p2a: Arcanine|Arcanine-Hisui, M|100\/100\n|turn|13\n|\n|t:|1698660164\n|move|p2a: Arcanine|Head Smash|p1a: Chostez\n|-damage|p1a: Chostez|0 fnt\n|faint|p1a: Chostez\n|\n|win|Hubertdradon\n|raw|jess a jesco's rating: 1015 &rarr; <strong>1005<\/strong><br \/>(-10 for losing)\n|raw|Hubertdradon's rating: 1084 &rarr; <strong>1106<\/strong><br \/>(+22 for winning)\n|c|\u2606Hubertdradon|gg\n|c|\u2606jess a jesco|:\/\n|c|\u2606jess a jesco|i consider that a cheat\n|c|\u2606Hubertdradon|how\n|c|\u2606Hubertdradon|?\n|l|\u2606jess a jesco\n","uploadtime":1698660178,"views":15,"p1id":"jessajesco","p2id":"hubertdradon","formatid":"gen9anythinggoes","rating":1005,"private":0,"password":""}