{"id":"gen9anythinggoes-1977452361","p1":"Chittagong","p2":"Atleti33","format":"[Gen 9] Anything Goes","log":"|j|\u2606Chittagong\n|j|\u2606Atleti33\n|t:|1698418303\n|gametype|singles\n|player|p1|Chittagong|102|1189\n|player|p2|Atleti33|ghetsis-gen5bw|1103\n|teamsize|p1|6\n|teamsize|p2|6\n|gen|9\n|tier|[Gen 9] Anything Goes\n|rated|\n|rule|HP Percentage Mod: HP is shown in percentages\n|rule|Endless Battle Clause: Forcing endless battles is banned\n|clearpoke\n|poke|p1|Meowscarada, F|\n|poke|p1|Dragapult, F|\n|poke|p1|Sandy Shocks|\n|poke|p1|Ribombee, F|\n|poke|p1|Espathra, F|\n|poke|p1|Dondozo, F|\n|poke|p2|Ogerpon-Wellspring, F|\n|poke|p2|Chien-Pao|\n|poke|p2|Espathra, F|\n|poke|p2|Volcarona, M|\n|poke|p2|Walking Wake|\n|poke|p2|Dialga-Origin|\n|teampreview\n|\n|t:|1698418309\n|start\n|switch|p1a: Ribombee|Ribombee, F|100\/100\n|switch|p2a: Dialga|Dialga-Origin|100\/100\n|-ability|p2a: Dialga|Pressure\n|turn|1\n|inactive|Battle timer is ON: inactive players will automatically lose when time's up. (requested by Chittagong)\n|\n|t:|1698418321\n|move|p1a: Ribombee|Switcheroo||[still]\n|-fail|p1a: Ribombee\n|move|p2a: Dialga|Flamethrower|p1a: Ribombee\n|-supereffective|p1a: Ribombee\n|-damage|p1a: Ribombee|0 fnt\n|faint|p1a: Ribombee\n|\n|upkeep\n|\n|t:|1698418328\n|switch|p1a: Sandy Shocks|Sandy Shocks|100\/100\n|turn|2\n|\n|t:|1698418348\n|switch|p2a: Walking Wake|Walking Wake|100\/100\n|move|p1a: Sandy Shocks|Earth Power|p2a: Walking Wake\n|-damage|p2a: Walking Wake|66\/100\n|\n|upkeep\n|turn|3\n|\n|t:|1698418361\n|-end|p1a: Sandy Shocks|Protosynthesis|[silent]\n|switch|p1a: Meowscarada|Meowscarada, F|100\/100\n|move|p2a: Walking Wake|Hydro Steam|p1a: Meowscarada\n|-resisted|p1a: Meowscarada\n|-damage|p1a: Meowscarada|70\/100\n|\n|upkeep\n|turn|4\n|\n|t:|1698418370\n|-end|p2a: Walking Wake|Protosynthesis|[silent]\n|switch|p2a: Dialga|Dialga-Origin|100\/100\n|-ability|p2a: Dialga|Pressure\n|move|p1a: Meowscarada|Play Rough|p2a: Dialga\n|-start|p1a: Meowscarada|typechange|Fairy|[from] ability: Protean\n|-damage|p2a: Dialga|49\/100\n|\n|upkeep\n|turn|5\n|inactive|Atleti33 has 120 seconds left.\n|\n|t:|1698418399\n|move|p1a: Meowscarada|Play Rough|p2a: Dialga\n|-damage|p2a: Dialga|0 fnt\n|faint|p2a: Dialga\n|\n|upkeep\n|inactive|Atleti33 has 120 seconds left.\n|\n|t:|1698418406\n|switch|p2a: Espathra|Espathra, F|100\/100\n|turn|6\n|\n|t:|1698418413\n|switch|p1a: Espathra|Espathra, F, shiny|100\/100\n|move|p2a: Espathra|Protect||[still]\n|-fail|p2a: Espathra\n|\n|-ability|p2a: Espathra|Speed Boost|boost\n|-boost|p2a: Espathra|spe|1\n|-ability|p1a: Espathra|Opportunist|boost\n|-boost|p1a: Espathra|spe|1\n|upkeep\n|turn|7\n|\n|t:|1698418429\n|move|p1a: Espathra|Protect|p1a: Espathra\n|-singleturn|p1a: Espathra|Protect\n|move|p2a: Espathra|Calm Mind|p2a: Espathra\n|-boost|p2a: Espathra|spa|1\n|-boost|p2a: Espathra|spd|1\n|-ability|p1a: Espathra|Opportunist|boost\n|-boost|p1a: Espathra|spa|1\n|-boost|p1a: Espathra|spd|1\n|\n|-ability|p2a: Espathra|Speed Boost|boost\n|-boost|p2a: Espathra|spe|1\n|-ability|p1a: Espathra|Opportunist|boost\n|-boost|p1a: Espathra|spe|1\n|upkeep\n|turn|8\n|inactive|Atleti33 has 120 seconds left.\n|\n|t:|1698418449\n|move|p2a: Espathra|Protect|p2a: Espathra\n|-singleturn|p2a: Espathra|Protect\n|move|p1a: Espathra|Lumina Crash|p2a: Espathra\n|-activate|p2a: Espathra|move: Protect\n|\n|-ability|p2a: Espathra|Speed Boost|boost\n|-boost|p2a: Espathra|spe|1\n|-ability|p1a: Espathra|Opportunist|boost\n|-boost|p1a: Espathra|spe|1\n|upkeep\n|turn|9\n|inactive|Atleti33 has 120 seconds left.\n|\n|t:|1698418464\n|move|p1a: Espathra|Lumina Crash|p2a: Espathra\n|-resisted|p2a: Espathra\n|-damage|p2a: Espathra|75\/100\n|-unboost|p2a: Espathra|spd|2\n|move|p2a: Espathra|Calm Mind|p2a: Espathra\n|-boost|p2a: Espathra|spa|1\n|-boost|p2a: Espathra|spd|1\n|-ability|p1a: Espathra|Opportunist|boost\n|-boost|p1a: Espathra|spa|1\n|-boost|p1a: Espathra|spd|1\n|\n|-heal|p2a: Espathra|81\/100|[from] item: Leftovers\n|-ability|p2a: Espathra|Speed Boost|boost\n|-boost|p2a: Espathra|spe|1\n|-ability|p1a: Espathra|Opportunist|boost\n|-boost|p1a: Espathra|spe|1\n|upkeep\n|turn|10\n|inactive|Atleti33 has 120 seconds left.\n|\n|t:|1698418480\n|move|p1a: Espathra|Lumina Crash|p2a: Espathra\n|-resisted|p2a: Espathra\n|-damage|p2a: Espathra|26\/100\n|-unboost|p2a: Espathra|spd|2\n|move|p2a: Espathra|Calm Mind|p2a: Espathra\n|-boost|p2a: Espathra|spa|1\n|-boost|p2a: Espathra|spd|1\n|-ability|p1a: Espathra|Opportunist|boost\n|-boost|p1a: Espathra|spa|1\n|-boost|p1a: Espathra|spd|1\n|\n|-heal|p2a: Espathra|32\/100|[from] item: Leftovers\n|-ability|p2a: Espathra|Speed Boost|boost\n|-boost|p2a: Espathra|spe|1\n|-ability|p1a: Espathra|Opportunist|boost\n|-boost|p1a: Espathra|spe|1\n|upkeep\n|turn|11\n|\n|t:|1698418495\n|move|p1a: Espathra|Lumina Crash|p2a: Espathra\n|-resisted|p2a: Espathra\n|-damage|p2a: Espathra|0 fnt\n|faint|p2a: Espathra\n|\n|upkeep\n|\n|t:|1698418505\n|switch|p2a: Chien-Pao|Chien-Pao|100\/100\n|-ability|p2a: Chien-Pao|Sword of Ruin\n|turn|12\n|\n|t:|1698418520\n|-terastallize|p1a: Espathra|Normal\n|move|p1a: Espathra|Baton Pass|p1a: Espathra\n|\n|t:|1698418529\n|switch|p1a: Dondozo|Dondozo, F|100\/100|[from] Baton Pass\n|move|p2a: Chien-Pao|Throat Chop|p1a: Dondozo\n|-damage|p1a: Dondozo|56\/100\n|-start|p1a: Dondozo|Throat Chop|[silent]\n|\n|-heal|p1a: Dondozo|63\/100|[from] item: Leftovers\n|upkeep\n|turn|13\n|inactive|Atleti33 has 120 seconds left.\n|\n|t:|1698418539\n|move|p2a: Chien-Pao|Throat Chop|p1a: Dondozo\n|-damage|p1a: Dondozo|11\/100\n|move|p1a: Dondozo|Curse|p1a: Dondozo\n|-unboost|p1a: Dondozo|spe|1\n|-boost|p1a: Dondozo|atk|1\n|-boost|p1a: Dondozo|def|1\n|\n|-heal|p1a: Dondozo|17\/100|[from] item: Leftovers\n|-end|p1a: Dondozo|Throat Chop|[silent]\n|upkeep\n|turn|14\n|inactive|Atleti33 has 120 seconds left.\n|\n|t:|1698418549\n|move|p2a: Chien-Pao|Throat Chop|p1a: Dondozo\n|-damage|p1a: Dondozo|0 fnt\n|faint|p1a: Dondozo\n|\n|upkeep\n|\n|t:|1698418558\n|switch|p1a: Sandy Shocks|Sandy Shocks|100\/100\n|turn|15\n|\n|t:|1698418569\n|switch|p2a: Ogerpon|Ogerpon-Wellspring, F|100\/100\n|move|p1a: Sandy Shocks|Earth Power|p2a: Ogerpon\n|-resisted|p2a: Ogerpon\n|-damage|p2a: Ogerpon|73\/100\n|\n|upkeep\n|turn|16\n|\n|t:|1698418580\n|-end|p1a: Sandy Shocks|Protosynthesis|[silent]\n|switch|p1a: Dragapult|Dragapult, F|100\/100\n|move|p2a: Ogerpon|Ivy Cudgel|p1a: Dragapult\n|-resisted|p1a: Dragapult\n|-damage|p1a: Dragapult|62\/100\n|\n|upkeep\n|turn|17\n|\n|t:|1698418593\n|move|p1a: Dragapult|Thunder Wave|p2a: Ogerpon|[miss]\n|-miss|p1a: Dragapult|p2a: Ogerpon\n|move|p2a: Ogerpon|Trailblaze|p1a: Dragapult\n|-resisted|p1a: Dragapult\n|-damage|p1a: Dragapult|42\/100\n|-boost|p2a: Ogerpon|spe|1\n|\n|upkeep\n|turn|18\n|\n|t:|1698418606\n|move|p2a: Ogerpon|Ivy Cudgel|p1a: Dragapult\n|-resisted|p1a: Dragapult\n|-damage|p1a: Dragapult|0 fnt\n|faint|p1a: Dragapult\n|\n|upkeep\n|c|\u2606Chittagong|this game fucking sucks sometimes\n|\n|t:|1698418617\n|switch|p1a: Sandy Shocks|Sandy Shocks|100\/100\n|turn|19\n|\n|t:|1698418622\n|move|p2a: Ogerpon|Ivy Cudgel|p1a: Sandy Shocks\n|-supereffective|p1a: Sandy Shocks\n|-crit|p1a: Sandy Shocks\n|-damage|p1a: Sandy Shocks|0 fnt\n|faint|p1a: Sandy Shocks\n|-end|p1a: Sandy Shocks|Protosynthesis|[silent]\n|\n|upkeep\n|\n|t:|1698418624\n|switch|p1a: Meowscarada|Meowscarada, F|70\/100\n|turn|20\n|\n|t:|1698418632\n|move|p2a: Ogerpon|Brick Break|p1a: Meowscarada\n|-supereffective|p1a: Meowscarada\n|-damage|p1a: Meowscarada|0 fnt\n|faint|p1a: Meowscarada\n|\n|upkeep\n|-message|Chittagong forfeited.\n|\n|win|Atleti33\n|raw|Chittagong's rating: 1189 &rarr; <strong>1158<\/strong><br \/>(-31 for losing)\n|raw|Atleti33's rating: 1103 &rarr; <strong>1134<\/strong><br \/>(+31 for winning)\n|l|\u2606Chittagong\n","uploadtime":1698418624,"views":4,"p1id":"chittagong","p2id":"atleti33","formatid":"gen9anythinggoes","rating":1134,"private":0,"password":""}