{"id":"gen9anythinggoes-1983598098","p1":"Martian1010","p2":"Bakitaladelbarrio","format":"[Gen 9] Anything Goes","log":"|j|\u2606Martian1010\n|j|\u2606Bakitaladelbarrio\n|t:|1699147730\n|gametype|singles\n|player|p1|Martian1010|brock-gen1|1395\n|player|p2|Bakitaladelbarrio|colress|1544\n|teamsize|p1|6\n|teamsize|p2|6\n|gen|9\n|tier|[Gen 9] Anything Goes\n|rated|\n|rule|HP Percentage Mod: HP is shown in percentages\n|rule|Endless Battle Clause: Forcing endless battles is banned\n|clearpoke\n|poke|p1|Calyrex-Shadow|\n|poke|p1|Zacian-*|\n|poke|p1|Gliscor, F|\n|poke|p1|Corviknight, F|\n|poke|p1|Moltres-Galar|\n|poke|p1|Arceus-Water|\n|poke|p2|Calyrex-Shadow|\n|poke|p2|Darkrai|\n|poke|p2|Ditto|\n|poke|p2|Zacian-*|\n|poke|p2|Miraidon|\n|poke|p2|Glimmora, F|\n|teampreview\n|inactive|Battle timer is ON: inactive players will automatically lose when time's up. (requested by Martian1010)\n|l|\u2606Bakitaladelbarrio\n|inactive|Bakitaladelbarrio disconnected and has a minute to reconnect!\n|player|p2|\n|j|\u2606Bakitaladelbarrio\n|inactive|Bakitaladelbarrio reconnected and has 125 seconds left.\n|player|p2|Bakitaladelbarrio|colress\n|inactive|Bakitaladelbarrio has 120 seconds left.\n|\n|t:|1699147784\n|start\n|switch|p1a: Gliscor|Gliscor, F|100\/100\n|switch|p2a: Darkrai|Darkrai|100\/100\n|turn|1\n|\n|t:|1699147792\n|move|p2a: Darkrai|Nasty Plot|p2a: Darkrai\n|-boost|p2a: Darkrai|spa|2\n|move|p1a: Gliscor|Earthquake|p2a: Darkrai\n|-damage|p2a: Darkrai|61\/100\n|\n|-status|p1a: Gliscor|tox|[from] item: Toxic Orb\n|upkeep\n|turn|2\n|\n|t:|1699147800\n|move|p2a: Darkrai|Hex|p1a: Gliscor\n|-damage|p1a: Gliscor|0 fnt\n|faint|p1a: Gliscor\n|\n|upkeep\n|\n|t:|1699147808\n|switch|p1a: Zacian|Zacian-Crowned, shiny|100\/100\n|-ability|p1a: Zacian|Intrepid Sword|boost\n|-boost|p1a: Zacian|atk|1\n|turn|3\n|l|\u2606Bakitaladelbarrio\n|inactive|Bakitaladelbarrio disconnected and has a minute to reconnect!\n|player|p2|\n|j|\u2606Bakitaladelbarrio\n|inactive|Bakitaladelbarrio reconnected and has 130 seconds left.\n|player|p2|Bakitaladelbarrio|colress\n|\n|t:|1699147835\n|switch|p2a: Glimmora|Glimmora, F|100\/100\n|move|p1a: Zacian|Play Rough|p2a: Glimmora|[miss]\n|-miss|p1a: Zacian|p2a: Glimmora\n|\n|upkeep\n|turn|4\n|\n|t:|1699147842\n|move|p1a: Zacian|Behemoth Blade|p2a: Glimmora\n|-supereffective|p2a: Glimmora\n|-enditem|p2a: Glimmora|Focus Sash\n|-damage|p2a: Glimmora|1\/100\n|-activate|p2a: Glimmora|ability: Toxic Debris\n|-sidestart|p1: Martian1010|move: Toxic Spikes\n|move|p2a: Glimmora|Stealth Rock|p1a: Zacian\n|-sidestart|p1: Martian1010|move: Stealth Rock\n|\n|upkeep\n|turn|5\n|\n|t:|1699147853\n|move|p1a: Zacian|Behemoth Blade|p2a: Glimmora\n|-supereffective|p2a: Glimmora\n|-damage|p2a: Glimmora|0 fnt\n|-activate|p2a: Glimmora|ability: Toxic Debris\n|-sidestart|p1: Martian1010|move: Toxic Spikes\n|faint|p2a: Glimmora\n|\n|upkeep\n|\n|t:|1699147861\n|switch|p2a: Miraidon|Miraidon|100\/100\n|-fieldstart|move: Electric Terrain|[from] ability: Hadron Engine|[of] p2a: Miraidon\n|turn|6\n|\n|t:|1699147866\n|move|p2a: Miraidon|Overheat|p1a: Zacian|[miss]\n|-miss|p2a: Miraidon|p1a: Zacian\n|move|p1a: Zacian|Play Rough|p2a: Miraidon\n|-supereffective|p2a: Miraidon\n|-damage|p2a: Miraidon|0 fnt\n|faint|p2a: Miraidon\n|\n|upkeep\n|\n|t:|1699147878\n|switch|p2a: Zacian|Zacian-Crowned|100\/100\n|-ability|p2a: Zacian|Intrepid Sword|boost\n|-boost|p2a: Zacian|atk|1\n|turn|7\n|\n|t:|1699147885\n|move|p2a: Zacian|Behemoth Blade|p1a: Zacian\n|-damage|p1a: Zacian|16\/100\n|move|p1a: Zacian|Behemoth Blade|p2a: Zacian\n|-damage|p2a: Zacian|20\/100\n|\n|upkeep\n|turn|8\n|\n|t:|1699147893\n|move|p1a: Zacian|Behemoth Blade|p2a: Zacian\n|-damage|p2a: Zacian|0 fnt\n|faint|p2a: Zacian\n|\n|upkeep\n|\n|t:|1699147898\n|switch|p2a: Calyrex|Calyrex-Shadow|100\/100\n|-ability|p2a: Calyrex|As One\n|-ability|p2a: Calyrex|Unnerve\n|turn|9\n|\n|t:|1699147904\n|move|p2a: Calyrex|Astral Barrage|p1a: Zacian\n|-damage|p1a: Zacian|0 fnt\n|faint|p1a: Zacian\n|-ability|p2a: Calyrex|Grim Neigh|boost\n|-boost|p2a: Calyrex|spa|1\n|\n|upkeep\n|\n|t:|1699147906\n|switch|p1a: Calyrex|Calyrex-Shadow|100\/100\n|-ability|p1a: Calyrex|As One\n|-ability|p1a: Calyrex|Unnerve\n|-status|p1a: Calyrex|tox\n|-damage|p1a: Calyrex|88\/100 tox|[from] Stealth Rock\n|turn|10\n|\n|t:|1699147918\n|-terastallize|p1a: Calyrex|Normal\n|move|p1a: Calyrex|Astral Barrage|p2a: Calyrex\n|-supereffective|p2a: Calyrex\n|-enditem|p2a: Calyrex|Focus Sash\n|-damage|p2a: Calyrex|1\/100\n|move|p2a: Calyrex|Dark Pulse|p1a: Calyrex\n|-damage|p1a: Calyrex|40\/100 tox\n|\n|-damage|p1a: Calyrex|34\/100 tox|[from] psn\n|-fieldend|move: Electric Terrain\n|upkeep\n|turn|11\n|\n|t:|1699147931\n|move|p1a: Calyrex|Astral Barrage|p2a: Calyrex\n|-supereffective|p2a: Calyrex\n|-damage|p2a: Calyrex|0 fnt\n|faint|p2a: Calyrex\n|-ability|p1a: Calyrex|Grim Neigh|boost\n|-boost|p1a: Calyrex|spa|1\n|\n|-damage|p1a: Calyrex|21\/100 tox|[from] psn\n|upkeep\n|\n|t:|1699147941\n|switch|p2a: Ditto|Ditto|100\/100\n|-transform|p2a: Ditto|p1a: Calyrex|[from] ability: Imposter\n|-start|p2a: Ditto|typechange|Psychic\/Ghost|[silent]\n|turn|12\n|\n|t:|1699147951\n|move|p2a: Ditto|Draining Kiss|p1a: Calyrex\n|-damage|p1a: Calyrex|0 fnt\n|faint|p1a: Calyrex\n|-ability|p2a: Ditto|Grim Neigh|boost\n|-boost|p2a: Ditto|spa|1\n|\n|upkeep\n|\n|t:|1699147958\n|switch|p1a: Corviknight|Corviknight, F, shiny|100\/100\n|-damage|p1a: Corviknight|88\/100|[from] Stealth Rock\n|turn|13\n|\n|t:|1699147963\n|switch|p2a: Darkrai|Darkrai|61\/100\n|move|p1a: Corviknight|Defog|p2a: Darkrai\n|-unboost|p2a: Darkrai|evasion|1\n|-sideend|p1: Martian1010|Toxic Spikes|[from] move: Defog|[of] p1a: Corviknight\n|-sideend|p1: Martian1010|Stealth Rock|[from] move: Defog|[of] p1a: Corviknight\n|\n|-heal|p1a: Corviknight|94\/100|[from] item: Leftovers\n|upkeep\n|turn|14\n|\n|t:|1699147972\n|move|p2a: Darkrai|Hypnosis|p1a: Corviknight\n|-status|p1a: Corviknight|slp|[from] move: Hypnosis\n|cant|p1a: Corviknight|slp\n|\n|-heal|p1a: Corviknight|99\/100 slp|[from] item: Leftovers\n|-damage|p1a: Corviknight|88\/100 slp|[from] ability: Bad Dreams|[of] p2a: Darkrai\n|upkeep\n|turn|15\n|\n|t:|1699147981\n|move|p2a: Darkrai|Nasty Plot|p2a: Darkrai\n|-boost|p2a: Darkrai|spa|2\n|cant|p1a: Corviknight|slp\n|\n|-heal|p1a: Corviknight|94\/100 slp|[from] item: Leftovers\n|-damage|p1a: Corviknight|82\/100 slp|[from] ability: Bad Dreams|[of] p2a: Darkrai\n|upkeep\n|turn|16\n|\n|t:|1699147990\n|move|p2a: Darkrai|Hex|p1a: Corviknight\n|-damage|p1a: Corviknight|0 fnt\n|faint|p1a: Corviknight\n|\n|upkeep\n|\n|t:|1699147995\n|switch|p1a: Arceus|Arceus-Water|100\/100\n|turn|17\n|\n|t:|1699147999\n|move|p2a: Darkrai|Hypnosis|p1a: Arceus\n|-status|p1a: Arceus|slp|[from] move: Hypnosis\n|cant|p1a: Arceus|slp\n|\n|-damage|p1a: Arceus|88\/100 slp|[from] ability: Bad Dreams|[of] p2a: Darkrai\n|upkeep\n|turn|18\n|\n|t:|1699148007\n|move|p2a: Darkrai|Nasty Plot|p2a: Darkrai\n|-boost|p2a: Darkrai|spa|2\n|cant|p1a: Arceus|slp\n|\n|-damage|p1a: Arceus|76\/100 slp|[from] ability: Bad Dreams|[of] p2a: Darkrai\n|upkeep\n|turn|19\n|\n|t:|1699148015\n|cant|p1a: Arceus|slp\n|move|p2a: Darkrai|Hex|p1a: Arceus\n|-damage|p1a: Arceus|0 fnt\n|faint|p1a: Arceus\n|\n|upkeep\n|\n|t:|1699148019\n|switch|p1a: Moltres-Kanto|Moltres-Galar, shiny|100\/100\n|turn|20\n|\n|t:|1699148024\n|move|p2a: Darkrai|Hypnosis|p1a: Moltres-Kanto\n|-status|p1a: Moltres-Kanto|slp|[from] move: Hypnosis\n|cant|p1a: Moltres-Kanto|slp\n|\n|-damage|p1a: Moltres-Kanto|88\/100 slp|[from] ability: Bad Dreams|[of] p2a: Darkrai\n|upkeep\n|turn|21\n|\n|t:|1699148031\n|move|p2a: Darkrai|Hex|p1a: Moltres-Kanto\n|-resisted|p1a: Moltres-Kanto\n|-damage|p1a: Moltres-Kanto|29\/100 slp\n|-ability|p1a: Moltres-Kanto|Berserk|boost\n|-boost|p1a: Moltres-Kanto|spa|1\n|-enditem|p1a: Moltres-Kanto|Sitrus Berry|[eat]\n|-heal|p1a: Moltres-Kanto|54\/100 slp|[from] item: Sitrus Berry\n|-curestatus|p1a: Moltres-Kanto|slp|[msg]\n|move|p1a: Moltres-Kanto|Air Slash|p2a: Darkrai\n|-damage|p2a: Darkrai|0 fnt\n|faint|p2a: Darkrai\n|\n|upkeep\n|\n|t:|1699148044\n|switch|p2a: Ditto|Ditto|100\/100\n|-transform|p2a: Ditto|p1a: Moltres-Kanto|[from] ability: Imposter\n|turn|22\n|\n|t:|1699148052\n|move|p2a: Ditto|Air Slash|p1a: Moltres-Kanto\n|-damage|p1a: Moltres-Kanto|11\/100\n|-ability|p1a: Moltres-Kanto|Berserk|boost\n|-boost|p1a: Moltres-Kanto|spa|1\n|move|p1a: Moltres-Kanto|Air Slash|p2a: Ditto\n|-damage|p2a: Ditto|36\/100\n|-ability|p2a: Ditto|Berserk|boost\n|-boost|p2a: Ditto|spa|1\n|\n|upkeep\n|turn|23\n|\n|t:|1699148060\n|move|p2a: Ditto|Air Slash|p1a: Moltres-Kanto\n|-crit|p1a: Moltres-Kanto\n|-damage|p1a: Moltres-Kanto|0 fnt\n|faint|p1a: Moltres-Kanto\n|\n|win|Bakitaladelbarrio\n|raw|Martian1010's rating: 1395 &rarr; <strong>1383<\/strong><br \/>(-12 for losing)\n|raw|Bakitaladelbarrio's rating: 1544 &rarr; <strong>1556<\/strong><br \/>(+12 for winning)\n|l|\u2606Martian1010\n","uploadtime":1699148067,"views":6,"p1id":"martian1010","p2id":"bakitaladelbarrio","formatid":"gen9anythinggoes","rating":1383,"private":0,"password":""}