{"id":"gen9anythinggoes-1989887593","p1":"el daner","p2":"Rocky&zay","format":"[Gen 9] Anything Goes","log":"|j|\u2606el daner\n|j|\u2606Rocky&zay\n|t:|1699904036\n|gametype|singles\n|player|p1|el daner|hiker-gen4|1119\n|player|p2|Rocky&zay|1|1148\n|teamsize|p1|6\n|teamsize|p2|6\n|gen|9\n|tier|[Gen 9] Anything Goes\n|rated|\n|rule|HP Percentage Mod: HP is shown in percentages\n|rule|Endless Battle Clause: Forcing endless battles is banned\n|clearpoke\n|poke|p1|Chandelure, M|\n|poke|p1|Milotic, F|\n|poke|p1|Garchomp, M|\n|poke|p1|Trevenant, F|\n|poke|p1|Salazzle, F|\n|poke|p1|Komala, M|\n|poke|p2|Ceruledge, M|\n|poke|p2|Dragapult, F|\n|poke|p2|Skeledirge, F|\n|poke|p2|Gengar, F|\n|poke|p2|Annihilape, F|\n|poke|p2|Decidueye, F|\n|teampreview\n|\n|t:|1699904039\n|start\n|switch|p1a: Chandelure|Chandelure, M|100\/100\n|switch|p2a: Gengar|Gengar, F, shiny|100\/100\n|turn|1\n|inactive|Battle timer is ON: inactive players will automatically lose when time's up. (requested by el daner)\n|\n|t:|1699904048\n|move|p1a: Chandelure|Trick|p2a: Gengar\n|-activate|p1a: Chandelure|move: Trick|[of] p2a: Gengar\n|-item|p2a: Gengar|Choice Scarf|[from] move: Trick\n|-item|p1a: Chandelure|Focus Sash|[from] move: Trick\n|move|p2a: Gengar|Toxic|p1a: Chandelure\n|-status|p1a: Chandelure|tox\n|\n|-damage|p1a: Chandelure|94\/100 tox|[from] psn\n|upkeep\n|turn|2\n|\n|t:|1699904057\n|switch|p2a: Skeledirge|Skeledirge, F, shiny|100\/100\n|move|p1a: Chandelure|Flamethrower|p2a: Skeledirge\n|-resisted|p2a: Skeledirge\n|-damage|p2a: Skeledirge|80\/100\n|\n|-heal|p2a: Skeledirge|86\/100|[from] item: Leftovers\n|-damage|p1a: Chandelure|82\/100 tox|[from] psn\n|upkeep\n|turn|3\n|\n|t:|1699904067\n|switch|p1a: Komala|Komala, M|100\/100\n|-ability|p1a: Komala|Comatose\n|move|p2a: Skeledirge|Hex|p1a: Komala\n|-immune|p1a: Komala\n|\n|-heal|p2a: Skeledirge|93\/100|[from] item: Leftovers\n|upkeep\n|turn|4\n|\n|t:|1699904079\n|move|p1a: Komala|Knock Off|p2a: Skeledirge\n|-supereffective|p2a: Skeledirge\n|-damage|p2a: Skeledirge|49\/100\n|-enditem|p2a: Skeledirge|Leftovers|[from] move: Knock Off|[of] p1a: Komala\n|move|p2a: Skeledirge|Will-O-Wisp|p1a: Komala|[miss]\n|-miss|p2a: Skeledirge|p1a: Komala\n|\n|upkeep\n|turn|5\n|\n|t:|1699904089\n|switch|p1a: Salazzle|Salazzle, F|100\/100\n|move|p2a: Skeledirge|Will-O-Wisp|p1a: Salazzle\n|-immune|p1a: Salazzle\n|\n|upkeep\n|turn|6\n|\n|t:|1699904097\n|switch|p2a: Gengar|Gengar, F, shiny|100\/100\n|move|p1a: Salazzle|Toxic|p2a: Gengar\n|-status|p2a: Gengar|tox\n|\n|-damage|p2a: Gengar|94\/100 tox|[from] psn\n|upkeep\n|turn|7\n|\n|t:|1699904108\n|move|p2a: Gengar|Hex|p1a: Salazzle\n|-damage|p1a: Salazzle|47\/100\n|move|p1a: Salazzle|Nasty Plot|p1a: Salazzle\n|-boost|p1a: Salazzle|spa|2\n|\n|-damage|p2a: Gengar|82\/100 tox|[from] psn\n|upkeep\n|turn|8\n|\n|t:|1699904117\n|switch|p1a: Komala|Komala, M|100\/100\n|-ability|p1a: Komala|Comatose\n|move|p2a: Gengar|Hex|p1a: Komala\n|-immune|p1a: Komala\n|\n|-damage|p2a: Gengar|64\/100 tox|[from] psn\n|upkeep\n|turn|9\n|\n|t:|1699904128\n|switch|p2a: Annihilape|Annihilape, F, shiny|100\/100\n|move|p1a: Komala|Knock Off|p2a: Annihilape\n|-damage|p2a: Annihilape|74\/100\n|-enditem|p2a: Annihilape|Assault Vest|[from] move: Knock Off|[of] p1a: Komala\n|\n|upkeep\n|turn|10\n|c|\u2606el daner|dumb ass monkey\n|\n|t:|1699904138\n|move|p2a: Annihilape|Rage Fist|p1a: Komala\n|-immune|p1a: Komala\n|move|p1a: Komala|Play Rough|p2a: Annihilape\n|-supereffective|p2a: Annihilape\n|-damage|p2a: Annihilape|24\/100\n|\n|upkeep\n|turn|11\n|\n|t:|1699904145\n|move|p2a: Annihilape|Drain Punch|p1a: Komala\n|-supereffective|p1a: Komala\n|-damage|p1a: Komala|0 fnt\n|-heal|p2a: Annihilape|62\/100|[from] drain|[of] p1a: Komala\n|faint|p1a: Komala\n|\n|upkeep\n|c|\u2606el daner|fuck that thing\n|c|\u2606el daner|gross\n|\n|t:|1699904162\n|switch|p1a: Garchomp|Garchomp, M|100\/100\n|turn|12\n|\n|t:|1699904166\n|move|p1a: Garchomp|Scale Shot|p2a: Annihilape\n|-damage|p2a: Annihilape|49\/100\n|-damage|p2a: Annihilape|36\/100\n|-damage|p2a: Annihilape|23\/100\n|-crit|p2a: Annihilape\n|-damage|p2a: Annihilape|5\/100\n|-damage|p2a: Annihilape|0 fnt\n|faint|p2a: Annihilape\n|-hitcount|p2: Annihilape|5\n|-unboost|p1a: Garchomp|def|1\n|-boost|p1a: Garchomp|spe|1\n|\n|upkeep\n|\n|t:|1699904179\n|switch|p2a: Decidueye|Decidueye, F, shiny|100\/100\n|turn|13\n|\n|t:|1699904187\n|move|p1a: Garchomp|Crunch|p2a: Decidueye\n|-supereffective|p2a: Decidueye\n|-damage|p2a: Decidueye|39\/100\n|-unboost|p2a: Decidueye|def|1\n|move|p2a: Decidueye|Haze|p2a: Decidueye\n|-clearallboost\n|\n|upkeep\n|turn|14\n|\n|t:|1699904200\n|switch|p2a: Ceruledge|Ceruledge, M, shiny|100\/100\n|move|p1a: Garchomp|Crunch|p2a: Ceruledge\n|-supereffective|p2a: Ceruledge\n|-damage|p2a: Ceruledge|38\/100\n|-damage|p1a: Garchomp|84\/100|[from] item: Rocky Helmet|[of] p2a: Ceruledge\n|-ability|p2a: Ceruledge|Weak Armor|boost\n|-unboost|p2a: Ceruledge|def|1\n|-boost|p2a: Ceruledge|spe|2\n|\n|upkeep\n|turn|15\n|\n|t:|1699904227\n|-terastallize|p2a: Ceruledge|Normal\n|move|p2a: Ceruledge|Iron Defense|p2a: Ceruledge\n|-boost|p2a: Ceruledge|def|2\n|move|p1a: Garchomp|Earthquake|p2a: Ceruledge\n|-damage|p2a: Ceruledge|0 fnt\n|faint|p2a: Ceruledge\n|\n|upkeep\n|\n|t:|1699904236\n|switch|p2a: Dragapult|Dragapult, F, shiny|100\/100\n|turn|16\n|\n|t:|1699904240\n|move|p2a: Dragapult|Dragon Darts|p1a: Garchomp\n|-supereffective|p1a: Garchomp\n|-damage|p1a: Garchomp|42\/100\n|-anim|p2a: Dragapult|Dragon Darts|p1a: Garchomp\n|-supereffective|p1a: Garchomp\n|-damage|p1a: Garchomp|0 fnt\n|faint|p1a: Garchomp\n|\n|upkeep\n|\n|t:|1699904252\n|switch|p1a: Milotic|Milotic, F|100\/100\n|turn|17\n|\n|t:|1699904259\n|move|p2a: Dragapult|Thunderbolt|p1a: Milotic\n|-supereffective|p1a: Milotic\n|-damage|p1a: Milotic|60\/100\n|-status|p1a: Milotic|par\n|move|p1a: Milotic|Ice Beam|p2a: Dragapult\n|-supereffective|p2a: Dragapult\n|-damage|p2a: Dragapult|71\/100\n|\n|upkeep\n|turn|18\n|\n|t:|1699904272\n|-terastallize|p1a: Milotic|Normal\n|move|p2a: Dragapult|Phantom Force||[still]\n|-prepare|p2a: Dragapult|Phantom Force\n|move|p1a: Milotic|Recover|p1a: Milotic\n|-heal|p1a: Milotic|100\/100 par\n|\n|upkeep\n|turn|19\n|\n|t:|1699904279\n|move|p2a: Dragapult|Phantom Force|p1a: Milotic|[from]lockedmove\n|-immune|p1a: Milotic\n|move|p1a: Milotic|Dragon Dance|p1a: Milotic\n|-boost|p1a: Milotic|atk|1\n|-boost|p1a: Milotic|spe|1\n|\n|upkeep\n|turn|20\n|\n|t:|1699904288\n|move|p2a: Dragapult|Hydro Pump|p1a: Milotic\n|-damage|p1a: Milotic|75\/100 par\n|cant|p1a: Milotic|par\n|\n|upkeep\n|turn|21\n|\n|t:|1699904294\n|move|p2a: Dragapult|Dragon Darts|p1a: Milotic\n|-damage|p1a: Milotic|56\/100 par\n|-anim|p2a: Dragapult|Dragon Darts|p1a: Milotic\n|-damage|p1a: Milotic|39\/100 par\n|move|p1a: Milotic|Dragon Dance|p1a: Milotic\n|-boost|p1a: Milotic|atk|1\n|-boost|p1a: Milotic|spe|1\n|\n|upkeep\n|turn|22\n|\n|t:|1699904303\n|move|p2a: Dragapult|Dragon Darts|p1a: Milotic\n|-damage|p1a: Milotic|22\/100 par\n|-anim|p2a: Dragapult|Dragon Darts|p1a: Milotic\n|-damage|p1a: Milotic|3\/100 par\n|move|p1a: Milotic|Recover|p1a: Milotic\n|-heal|p1a: Milotic|53\/100 par\n|\n|upkeep\n|turn|23\n|\n|t:|1699904311\n|move|p2a: Dragapult|Thunderbolt|p1a: Milotic\n|-damage|p1a: Milotic|35\/100 par\n|move|p1a: Milotic|Recover|p1a: Milotic\n|-heal|p1a: Milotic|85\/100 par\n|\n|upkeep\n|turn|24\n|\n|t:|1699904318\n|move|p2a: Dragapult|Thunderbolt|p1a: Milotic\n|-damage|p1a: Milotic|65\/100 par\n|move|p1a: Milotic|Ice Beam|p2a: Dragapult\n|-supereffective|p2a: Dragapult\n|-damage|p2a: Dragapult|40\/100\n|-status|p2a: Dragapult|frz\n|\n|upkeep\n|turn|25\n|\n|t:|1699904326\n|cant|p2a: Dragapult|frz\n|cant|p1a: Milotic|par\n|\n|upkeep\n|turn|26\n|\n|t:|1699904331\n|cant|p2a: Dragapult|frz\n|move|p1a: Milotic|Ice Beam|p2a: Dragapult\n|-supereffective|p2a: Dragapult\n|-damage|p2a: Dragapult|9\/100 frz\n|\n|upkeep\n|turn|27\n|\n|t:|1699904337\n|cant|p2a: Dragapult|frz\n|move|p1a: Milotic|Ice Beam|p2a: Dragapult\n|-supereffective|p2a: Dragapult\n|-damage|p2a: Dragapult|0 fnt\n|faint|p2a: Dragapult\n|\n|upkeep\n|\n|t:|1699904344\n|switch|p2a: Gengar|Gengar, F, shiny|64\/100 tox\n|turn|28\n|\n|t:|1699904347\n|move|p2a: Gengar|Giga Drain|p1a: Milotic\n|-damage|p1a: Milotic|44\/100 par\n|-heal|p2a: Gengar|77\/100 tox|[from] drain|[of] p1a: Milotic\n|cant|p1a: Milotic|par\n|\n|-damage|p2a: Gengar|71\/100 tox|[from] psn\n|upkeep\n|turn|29\n|\n|t:|1699904358\n|switch|p1a: Trevenant|Trevenant, F|100\/100\n|move|p2a: Gengar|Giga Drain|p1a: Trevenant\n|-resisted|p1a: Trevenant\n|-damage|p1a: Trevenant|86\/100\n|-heal|p2a: Gengar|79\/100 tox|[from] drain|[of] p1a: Trevenant\n|\n|-damage|p2a: Gengar|67\/100 tox|[from] psn\n|upkeep\n|turn|30\n|\n|t:|1699904369\n|switch|p2a: Decidueye|Decidueye, F, shiny|39\/100\n|move|p1a: Trevenant|Leech Seed|p2a: Decidueye\n|-immune|p2a: Decidueye\n|\n|upkeep\n|turn|31\n|\n|t:|1699904376\n|move|p1a: Trevenant|Will-O-Wisp|p2a: Decidueye\n|-status|p2a: Decidueye|brn\n|move|p2a: Decidueye|Roost|p2a: Decidueye\n|-heal|p2a: Decidueye|89\/100 brn\n|-singleturn|p2a: Decidueye|move: Roost\n|\n|-damage|p2a: Decidueye|83\/100 brn|[from] brn\n|upkeep\n|turn|32\n|\n|t:|1699904385\n|move|p1a: Trevenant|Hex|p2a: Decidueye\n|-supereffective|p2a: Decidueye\n|-damage|p2a: Decidueye|1\/100 brn\n|move|p2a: Decidueye|Shadow Claw|p1a: Trevenant\n|-supereffective|p1a: Trevenant\n|-damage|p1a: Trevenant|50\/100\n|-enditem|p1a: Trevenant|Sitrus Berry|[eat]\n|-heal|p1a: Trevenant|75\/100|[from] item: Sitrus Berry\n|\n|-damage|p2a: Decidueye|0 fnt|[from] brn\n|faint|p2a: Decidueye\n|-item|p1a: Trevenant|Sitrus Berry|[from] ability: Harvest\n|upkeep\n|\n|t:|1699904398\n|switch|p2a: Gengar|Gengar, F, shiny|67\/100 tox\n|turn|33\n|\n|t:|1699904401\n|move|p2a: Gengar|Toxic|p1a: Trevenant\n|-status|p1a: Trevenant|tox\n|move|p1a: Trevenant|Hex|p2a: Gengar\n|-supereffective|p2a: Gengar\n|-damage|p2a: Gengar|0 fnt\n|faint|p2a: Gengar\n|\n|-damage|p1a: Trevenant|69\/100 tox|[from] psn\n|upkeep\n|\n|t:|1699904411\n|switch|p2a: Skeledirge|Skeledirge, F, shiny|49\/100\n|turn|34\n|\n|t:|1699904415\n|move|p1a: Trevenant|Hex|p2a: Skeledirge\n|-supereffective|p2a: Skeledirge\n|-damage|p2a: Skeledirge|10\/100\n|move|p2a: Skeledirge|Slack Off|p2a: Skeledirge\n|-heal|p2a: Skeledirge|60\/100\n|\n|-damage|p1a: Trevenant|57\/100 tox|[from] psn\n|upkeep\n|turn|35\n|\n|t:|1699904425\n|move|p1a: Trevenant|Leech Seed|p2a: Skeledirge\n|-start|p2a: Skeledirge|move: Leech Seed\n|move|p2a: Skeledirge|Hex|p1a: Trevenant\n|-supereffective|p1a: Trevenant\n|-damage|p1a: Trevenant|0 fnt\n|faint|p1a: Trevenant\n|\n|upkeep\n|\n|t:|1699904434\n|switch|p1a: Salazzle|Salazzle, F|47\/100\n|turn|36\n|\n|t:|1699904439\n|move|p1a: Salazzle|Sludge Bomb|p2a: Skeledirge\n|-resisted|p2a: Skeledirge\n|-damage|p2a: Skeledirge|39\/100\n|-damage|p1a: Salazzle|37\/100|[from] item: Life Orb\n|move|p2a: Skeledirge|Hex|p1a: Salazzle\n|-damage|p1a: Salazzle|0 fnt\n|faint|p1a: Salazzle\n|\n|upkeep\n|\n|t:|1699904447\n|switch|p1a: Chandelure|Chandelure, M|82\/100 tox\n|turn|37\n|\n|t:|1699904450\n|move|p1a: Chandelure|Flamethrower|p2a: Skeledirge\n|-resisted|p2a: Skeledirge\n|-damage|p2a: Skeledirge|16\/100\n|move|p2a: Skeledirge|Hex|p1a: Chandelure\n|-supereffective|p1a: Chandelure\n|-damage|p1a: Chandelure|0 fnt\n|faint|p1a: Chandelure\n|\n|upkeep\n|\n|t:|1699904457\n|switch|p1a: Milotic|Milotic, F, tera:Normal|44\/100 par\n|turn|38\n|\n|t:|1699904461\n|move|p2a: Skeledirge|Slack Off|p2a: Skeledirge\n|-heal|p2a: Skeledirge|66\/100\n|move|p1a: Milotic|Recover|p1a: Milotic\n|-heal|p1a: Milotic|94\/100 par\n|\n|-damage|p2a: Skeledirge|54\/100|[from] Leech Seed|[of] p1a: Milotic\n|-heal|p1a: Milotic|100\/100 par|[silent]\n|upkeep\n|turn|39\n|\n|t:|1699904470\n|move|p2a: Skeledirge|Slack Off|p2a: Skeledirge\n|-heal|p2a: Skeledirge|100\/100\n|move|p1a: Milotic|Ice Beam|p2a: Skeledirge\n|-resisted|p2a: Skeledirge\n|-damage|p2a: Skeledirge|93\/100\n|-status|p2a: Skeledirge|frz\n|\n|-damage|p2a: Skeledirge|80\/100 frz|[from] Leech Seed|[of] p1a: Milotic\n|upkeep\n|turn|40\n|\n|t:|1699904480\n|cant|p2a: Skeledirge|frz\n|cant|p1a: Milotic|par\n|\n|-damage|p2a: Skeledirge|68\/100 frz|[from] Leech Seed|[of] p1a: Milotic\n|upkeep\n|turn|41\n|\n|t:|1699904487\n|cant|p2a: Skeledirge|frz\n|move|p1a: Milotic|Ice Beam|p2a: Skeledirge\n|-resisted|p2a: Skeledirge\n|-damage|p2a: Skeledirge|60\/100 frz\n|\n|-damage|p2a: Skeledirge|47\/100 frz|[from] Leech Seed|[of] p1a: Milotic\n|upkeep\n|turn|42\n|\n|t:|1699904495\n|cant|p2a: Skeledirge|frz\n|move|p1a: Milotic|Ice Beam|p2a: Skeledirge\n|-resisted|p2a: Skeledirge\n|-damage|p2a: Skeledirge|40\/100 frz\n|\n|-damage|p2a: Skeledirge|28\/100 frz|[from] Leech Seed|[of] p1a: Milotic\n|upkeep\n|turn|43\n|\n|t:|1699904503\n|cant|p2a: Skeledirge|frz\n|move|p1a: Milotic|Ice Beam|p2a: Skeledirge\n|-resisted|p2a: Skeledirge\n|-damage|p2a: Skeledirge|20\/100 frz\n|\n|-damage|p2a: Skeledirge|8\/100 frz|[from] Leech Seed|[of] p1a: Milotic\n|upkeep\n|turn|44\n|\n|t:|1699904511\n|cant|p2a: Skeledirge|frz\n|move|p1a: Milotic|Ice Beam|p2a: Skeledirge\n|-resisted|p2a: Skeledirge\n|-damage|p2a: Skeledirge|0 fnt\n|faint|p2a: Skeledirge\n|\n|win|el daner\n|raw|el daner's rating: 1119 &rarr; <strong>1146<\/strong><br \/>(+27 for winning)\n|raw|Rocky&amp;zay's rating: 1148 &rarr; <strong>1121<\/strong><br \/>(-27 for losing)\n","uploadtime":1699904138,"views":5,"p1id":"eldaner","p2id":"rockyzay","formatid":"gen9anythinggoes","rating":1121,"private":0,"password":""}