{"id":"gen9anythinggoes-1989772544","p1":"Pptrainer","p2":"Jayrider","format":"[Gen 9] Anything Goes","log":"|j|\u2606Pptrainer\n|j|\u2606Jayrider\n|t:|1699894451\n|gametype|singles\n|player|p1|Pptrainer|acetrainer-gen4dp|1165\n|player|p2|Jayrider|marshal|1088\n|teamsize|p1|6\n|teamsize|p2|6\n|gen|9\n|tier|[Gen 9] Anything Goes\n|rated|\n|rule|HP Percentage Mod: HP is shown in percentages\n|rule|Endless Battle Clause: Forcing endless battles is banned\n|clearpoke\n|poke|p1|Breloom, F|\n|poke|p1|Koraidon|\n|poke|p1|Espeon, M|\n|poke|p1|Gliscor, F|\n|poke|p1|Darkrai|\n|poke|p1|Empoleon, F|\n|poke|p2|Sneasler, M|\n|poke|p2|Hawlucha, M|\n|poke|p2|Medicham, F|\n|poke|p2|Kommo-o, M|\n|poke|p2|Lilligant-Hisui, F|\n|poke|p2|Iron Hands|\n|teampreview\n|inactive|Battle timer is ON: inactive players will automatically lose when time's up. (requested by Pptrainer)\n|\n|t:|1699894460\n|start\n|switch|p1a: Gliscor|Gliscor, F|100\/100\n|switch|p2a: Martinez|Hawlucha, M, shiny|100\/100\n|turn|1\n|\n|t:|1699894467\n|move|p2a: Martinez|Swords Dance|p2a: Martinez\n|-boost|p2a: Martinez|atk|2\n|move|p1a: Gliscor|Stealth Rock|p2a: Martinez\n|-sidestart|p2: Jayrider|move: Stealth Rock\n|\n|-status|p1a: Gliscor|tox|[from] item: Toxic Orb\n|upkeep\n|turn|2\n|\n|t:|1699894474\n|move|p2a: Martinez|Swords Dance|p2a: Martinez\n|-boost|p2a: Martinez|atk|2\n|move|p1a: Gliscor|Aerial Ace|p2a: Martinez\n|-supereffective|p2a: Martinez\n|-damage|p2a: Martinez|32\/100\n|\n|upkeep\n|turn|3\n|\n|t:|1699894482\n|move|p2a: Martinez|Endure|p2a: Martinez\n|-singleturn|p2a: Martinez|move: Endure\n|move|p1a: Gliscor|Aerial Ace|p2a: Martinez\n|-supereffective|p2a: Martinez\n|-activate|p2a: Martinez|move: Endure\n|-damage|p2a: Martinez|1\/100\n|-enditem|p2a: Martinez|Aguav Berry|[eat]\n|-heal|p2a: Martinez|34\/100|[from] item: Aguav Berry\n|\n|upkeep\n|turn|4\n|\n|t:|1699894495\n|move|p2a: Martinez|Acrobatics|p1a: Gliscor\n|-damage|p1a: Gliscor|0 fnt\n|faint|p1a: Gliscor\n|\n|upkeep\n|\n|t:|1699894499\n|switch|p1a: Espeon|Espeon, M|100\/100\n|turn|5\n|\n|t:|1699894505\n|move|p2a: Martinez|Acrobatics|p1a: Espeon\n|-damage|p1a: Espeon|0 fnt\n|faint|p1a: Espeon\n|\n|upkeep\n|\n|t:|1699894513\n|switch|p1a: Koraidon|Koraidon|100\/100\n|-weather|SunnyDay|[from] ability: Orichalcum Pulse|[of] p1a: Koraidon\n|-activate|p1a: Koraidon|Orichalcum Pulse|[source]\n|turn|6\n|c|\u2606Jayrider|MARTINEZ FROM THE TOP ROPE\n|\n|t:|1699894523\n|-terastallize|p1a: Koraidon|Fire\n|move|p2a: Martinez|Close Combat|p1a: Koraidon\n|-damage|p1a: Koraidon|0 fnt\n|-unboost|p2a: Martinez|def|1\n|-unboost|p2a: Martinez|spd|1\n|faint|p1a: Koraidon\n|\n|-weather|SunnyDay|[upkeep]\n|upkeep\n|-message|Pptrainer forfeited.\n|\n|win|Jayrider\n|raw|Pptrainer's rating: 1165 &rarr; <strong>1135<\/strong><br \/>(-30 for losing)\n|raw|Jayrider's rating: 1088 &rarr; <strong>1121<\/strong><br \/>(+33 for winning)\n|l|\u2606Pptrainer\n","uploadtime":1699894545,"views":5,"p1id":"pptrainer","p2id":"jayrider","formatid":"gen9anythinggoes","rating":1121,"private":0,"password":""}