{"id":"gen9anythinggoes-1979300015","p1":"Billtie","p2":"Bloze","format":"[Gen 9] Anything Goes","log":"|j|\u2606Billtie\n|j|\u2606Bloze\n|t:|1698668414\n|gametype|singles\n|player|p1|Billtie|fisherman-gen4|1145\n|player|p2|Bloze|dawn|1144\n|teamsize|p1|6\n|teamsize|p2|6\n|gen|9\n|tier|[Gen 9] Anything Goes\n|rated|\n|rule|HP Percentage Mod: HP is shown in percentages\n|rule|Endless Battle Clause: Forcing endless battles is banned\n|clearpoke\n|poke|p1|Calyrex-Shadow|\n|poke|p1|Arceus-Ground|\n|poke|p1|Shaymin-Sky|\n|poke|p1|Roaring Moon|\n|poke|p1|Magearna|\n|poke|p1|Rayquaza|\n|poke|p2|Clefable, M|\n|poke|p2|Espeon, F|\n|poke|p2|Espathra, M|\n|poke|p2|Quaquaval, M|\n|poke|p2|Mienshao, M|\n|poke|p2|Drifblim, M|\n|teampreview\n|inactive|Battle timer is ON: inactive players will automatically lose when time's up. (requested by Bloze)\n|inactive|Billtie also wants the timer to be on.\n|c|\u2606Billtie|bro i feel bad\n|\n|t:|1698668432\n|start\n|switch|p1a: Magearna|Magearna|100\/100\n|switch|p2a: Drifblim|Drifblim, M|100\/100\n|turn|1\n|c|\u2606Billtie|why are there so many just like uu teams\n|\n|t:|1698668438\n|move|p2a: Drifblim|Substitute|p2a: Drifblim\n|-start|p2a: Drifblim|Substitute\n|-damage|p2a: Drifblim|75\/100\n|move|p1a: Magearna|Calm Mind|p1a: Magearna\n|-boost|p1a: Magearna|spa|1\n|-boost|p1a: Magearna|spd|1\n|\n|upkeep\n|turn|2\n|c|\u2606Bloze|i got bored of having a 6 caly shadow team\n|\n|t:|1698668451\n|move|p2a: Drifblim|Minimize|p2a: Drifblim\n|-boost|p2a: Drifblim|evasion|2\n|move|p1a: Magearna|Agility|p1a: Magearna\n|-boost|p1a: Magearna|spe|2\n|\n|upkeep\n|turn|3\n|\n|t:|1698668459\n|move|p1a: Magearna|Flash Cannon|p2a: Drifblim\n|-end|p2a: Drifblim|Substitute\n|move|p2a: Drifblim|Minimize|p2a: Drifblim\n|-boost|p2a: Drifblim|evasion|2\n|\n|upkeep\n|turn|4\n|c|\u2606Billtie|oh you son of a bitch\n|\n|t:|1698668468\n|move|p1a: Magearna|Flash Cannon|p2a: Drifblim|[miss]\n|-miss|p1a: Magearna|p2a: Drifblim\n|move|p2a: Drifblim|Substitute|p2a: Drifblim\n|-start|p2a: Drifblim|Substitute\n|-damage|p2a: Drifblim|50\/100\n|-enditem|p2a: Drifblim|Sitrus Berry|[eat]\n|-heal|p2a: Drifblim|75\/100|[from] item: Sitrus Berry\n|\n|upkeep\n|turn|5\n|\n|t:|1698668480\n|move|p2a: Drifblim|Minimize|p2a: Drifblim\n|-boost|p2a: Drifblim|evasion|2\n|move|p1a: Magearna|Flash Cannon|p2a: Drifblim\n|-end|p2a: Drifblim|Substitute\n|\n|upkeep\n|turn|6\n|c|\u2606Bloze|btw why agility and not shift gear\n|c|\u2606Billtie|i forgot evasion was legal\n|c|\u2606Billtie|im not stored power\n|\n|t:|1698668493\n|move|p2a: Drifblim|Substitute|p2a: Drifblim\n|-start|p2a: Drifblim|Substitute\n|-damage|p2a: Drifblim|50\/100\n|move|p1a: Magearna|Flash Cannon|p2a: Drifblim|[miss]\n|-miss|p1a: Magearna|p2a: Drifblim\n|\n|upkeep\n|turn|7\n|c|\u2606Bloze|oh\n|\n|t:|1698668509\n|move|p2a: Drifblim|Baton Pass|p2a: Drifblim\n|\n|t:|1698668512\n|switch|p2a: Espathra|Espathra, M|100\/100|[from] Baton Pass\n|move|p1a: Magearna|Agility|p1a: Magearna\n|-boost|p1a: Magearna|spe|2\n|\n|upkeep\n|turn|8\n|\n|t:|1698668521\n|move|p1a: Magearna|Flash Cannon|p2a: Espathra\n|-end|p2a: Espathra|Substitute\n|move|p2a: Espathra|Calm Mind|p2a: Espathra\n|-boost|p2a: Espathra|spa|1\n|-boost|p2a: Espathra|spd|1\n|\n|-ability|p2a: Espathra|Speed Boost|boost\n|-boost|p2a: Espathra|spe|1\n|upkeep\n|turn|9\n|\n|t:|1698668530\n|move|p2a: Espathra|Protect|p2a: Espathra\n|-singleturn|p2a: Espathra|Protect\n|move|p1a: Magearna|Flash Cannon|p2a: Espathra\n|-activate|p2a: Espathra|move: Protect\n|\n|-ability|p2a: Espathra|Speed Boost|boost\n|-boost|p2a: Espathra|spe|1\n|upkeep\n|turn|10\n|\n|t:|1698668537\n|move|p1a: Magearna|Flash Cannon|p2a: Espathra|[miss]\n|-miss|p1a: Magearna|p2a: Espathra\n|move|p2a: Espathra|Calm Mind|p2a: Espathra\n|-boost|p2a: Espathra|spa|1\n|-boost|p2a: Espathra|spd|1\n|\n|-ability|p2a: Espathra|Speed Boost|boost\n|-boost|p2a: Espathra|spe|1\n|upkeep\n|turn|11\n|-message|Billtie forfeited.\n|\n|win|Bloze\n|raw|Billtie's rating: 1145 &rarr; <strong>1120<\/strong><br \/>(-25 for losing)\n|raw|Bloze's rating: 1144 &rarr; <strong>1169<\/strong><br \/>(+25 for winning)\n","uploadtime":1698668468,"views":8,"p1id":"billtie","p2id":"bloze","formatid":"gen9anythinggoes","rating":1120,"private":0,"password":""}