{"id":"gen9anythinggoes-1975850249","p1":"Mario Flare","p2":"EnOfFla","format":"[Gen 9] Anything Goes","log":"|j|\u2606Mario Flare\n|j|\u2606EnOfFla\n|t:|1698243697\n|gametype|singles\n|player|p1|Mario Flare|265|\n|player|p2|EnOfFla|bruno|\n|teamsize|p1|6\n|teamsize|p2|6\n|gen|9\n|tier|[Gen 9] Anything Goes\n|rule|HP Percentage Mod: HP is shown in percentages\n|rule|Endless Battle Clause: Forcing endless battles is banned\n|clearpoke\n|poke|p1|Ogerpon-Cornerstone, F|\n|poke|p1|Weavile, M|\n|poke|p1|Clodsire, F|\n|poke|p1|Quaquaval, M|\n|poke|p1|Sylveon, F|\n|poke|p1|Flareon, M|\n|poke|p2|Alomomola, F|\n|poke|p2|Roaring Moon|\n|poke|p2|Great Tusk|\n|poke|p2|Azelf|\n|poke|p2|Chandelure, M|\n|poke|p2|Ninetales-Alola, M|\n|teampreview\n|inactive|Battle timer is ON: inactive players will automatically lose when time's up. (requested by Mario Flare)\n|inactiveoff|Battle timer is now OFF.\n|c|\u2606EnOfFla|dann noch mal gl hf^^\n|c|\u2606Mario Flare|Danke dir auch :D Beide diesmal ohne Sticky Web xd\n|c|\u2606EnOfFla|einaml reicht doch auch^^\n|\n|t:|1698243733\n|start\n|switch|p1a: Elektro|Ogerpon-Cornerstone, F|100\/100\n|switch|p2a: Ninetales|Ninetales-Alola, M|100\/100\n|-weather|Snow|[from] ability: Snow Warning|[of] p2a: Ninetales\n|turn|1\n|\n|t:|1698243742\n|move|p1a: Elektro|Ivy Cudgel|p2a: Ninetales\n|-supereffective|p2a: Ninetales\n|-damage|p2a: Ninetales|21\/100\n|move|p2a: Ninetales|Aurora Veil|p2a: Ninetales\n|-sidestart|p2: EnOfFla|move: Aurora Veil\n|\n|-weather|Snow|[upkeep]\n|upkeep\n|turn|2\n|\n|t:|1698243761\n|switch|p2a: Great Tusk|Great Tusk|100\/100\n|move|p1a: Elektro|Play Rough|p2a: Great Tusk|[miss]\n|-miss|p1a: Elektro|p2a: Great Tusk\n|\n|-weather|Snow|[upkeep]\n|upkeep\n|turn|3\n|\n|t:|1698243779\n|move|p1a: Elektro|Horn Leech|p2a: Great Tusk\n|-supereffective|p2a: Great Tusk\n|-damage|p2a: Great Tusk|74\/100\n|-enditem|p2a: Great Tusk|Jaboca Berry|[eat]\n|-damage|p1a: Elektro|88\/100|[from] item: Jaboca Berry|[of] p2a: Great Tusk\n|move|p2a: Great Tusk|Close Combat|p1a: Elektro\n|-supereffective|p1a: Elektro\n|-damage|p1a: Elektro|0 fnt\n|-unboost|p2a: Great Tusk|def|1\n|-unboost|p2a: Great Tusk|spd|1\n|faint|p1a: Elektro\n|\n|-weather|Snow|[upkeep]\n|upkeep\n|\n|t:|1698243788\n|switch|p1a: Domenik|Quaquaval, M|100\/100\n|turn|4\n|c|\u2606EnOfFla|ja man, aufgegangen XD\n|c|\u2606Mario Flare|Unerwartet xd\n|\n|t:|1698243813\n|switch|p1a: Nami|Sylveon, F, shiny|100\/100\n|-end|p2a: Great Tusk|Protosynthesis|[silent]\n|switch|p2a: Alomomola|Alomomola, F|100\/100\n|\n|-weather|Snow|[upkeep]\n|upkeep\n|turn|5\n|\n|t:|1698243822\n|move|p1a: Nami|Protect|p1a: Nami\n|-singleturn|p1a: Nami|Protect\n|move|p2a: Alomomola|Substitute|p2a: Alomomola\n|-start|p2a: Alomomola|Substitute\n|-damage|p2a: Alomomola|76\/100\n|\n|-weather|none\n|upkeep\n|turn|6\n|\n|t:|1698243829\n|move|p2a: Alomomola|Baton Pass|p2a: Alomomola\n|\n|t:|1698243833\n|switch|p2a: Chandelure|Chandelure, M|100\/100|[from] Baton Pass\n|move|p1a: Nami|Wish|p1a: Nami\n|\n|upkeep\n|turn|7\n|\n|t:|1698243841\n|move|p2a: Chandelure|Calm Mind|p2a: Chandelure\n|-boost|p2a: Chandelure|spa|1\n|-boost|p2a: Chandelure|spd|1\n|move|p1a: Nami|Calm Mind|p1a: Nami\n|-boost|p1a: Nami|spa|1\n|-boost|p1a: Nami|spd|1\n|\n|upkeep\n|turn|8\n|\n|t:|1698243852\n|move|p2a: Chandelure|Shadow Ball|p1a: Nami\n|-crit|p1a: Nami\n|-damage|p1a: Nami|25\/100\n|move|p1a: Nami|Calm Mind|p1a: Nami\n|-boost|p1a: Nami|spa|1\n|-boost|p1a: Nami|spd|1\n|\n|-heal|p1a: Nami|31\/100|[from] item: Leftovers\n|-sideend|p2: EnOfFla|move: Aurora Veil\n|upkeep\n|turn|9\n|\n|t:|1698243865\n|move|p2a: Chandelure|Shadow Ball|p1a: Nami\n|-damage|p1a: Nami|7\/100\n|move|p1a: Nami|Hyper Voice|p2a: Chandelure\n|-resisted|p2a: Chandelure\n|-damage|p2a: Chandelure|63\/100\n|\n|-heal|p1a: Nami|13\/100|[from] item: Leftovers\n|upkeep\n|turn|10\n|\n|t:|1698243873\n|move|p1a: Nami|Protect|p1a: Nami\n|-singleturn|p1a: Nami|Protect\n|move|p2a: Chandelure|Shadow Ball|p1a: Nami\n|-activate|p1a: Nami|move: Protect\n|\n|-heal|p1a: Nami|19\/100|[from] item: Leftovers\n|upkeep\n|turn|11\n|\n|t:|1698243883\n|move|p2a: Chandelure|Flamethrower|p1a: Nami\n|-damage|p1a: Nami|0 fnt\n|faint|p1a: Nami\n|\n|upkeep\n|\n|t:|1698243889\n|switch|p1a: Amy|Clodsire, F, shiny|100\/100\n|turn|12\n|\n|t:|1698243894\n|move|p2a: Chandelure|Calm Mind|p2a: Chandelure\n|-boost|p2a: Chandelure|spa|1\n|-boost|p2a: Chandelure|spd|1\n|move|p1a: Amy|Stealth Rock|p2a: Chandelure\n|-sidestart|p2: EnOfFla|move: Stealth Rock\n|\n|upkeep\n|turn|13\n|\n|t:|1698243902\n|-terastallize|p2a: Chandelure|Grass\n|move|p2a: Chandelure|Energy Ball|p1a: Amy\n|-damage|p1a: Amy|69\/100\n|move|p1a: Amy|Earthquake|p2a: Chandelure\n|-resisted|p2a: Chandelure\n|-activate|p2a: Chandelure|move: Substitute|[damage]\n|\n|-heal|p1a: Amy|75\/100|[from] item: Black Sludge\n|upkeep\n|turn|14\n|\n|t:|1698243912\n|move|p2a: Chandelure|Energy Ball|p1a: Amy\n|-damage|p1a: Amy|39\/100\n|move|p1a: Amy|Toxic||[still]\n|-fail|p1a: Amy\n|\n|-heal|p1a: Amy|45\/100|[from] item: Black Sludge\n|upkeep\n|turn|15\n|\n|t:|1698243918\n|move|p2a: Chandelure|Energy Ball|p1a: Amy\n|-damage|p1a: Amy|15\/100\n|move|p1a: Amy|Recover|p1a: Amy\n|-heal|p1a: Amy|65\/100\n|\n|-heal|p1a: Amy|71\/100|[from] item: Black Sludge\n|upkeep\n|turn|16\n|\n|t:|1698243929\n|move|p2a: Chandelure|Energy Ball|p1a: Amy\n|-damage|p1a: Amy|38\/100\n|move|p1a: Amy|Earthquake|p2a: Chandelure\n|-resisted|p2a: Chandelure\n|-activate|p2a: Chandelure|move: Substitute|[damage]\n|\n|-heal|p1a: Amy|44\/100|[from] item: Black Sludge\n|upkeep\n|turn|17\n|\n|t:|1698243937\n|move|p2a: Chandelure|Energy Ball|p1a: Amy\n|-damage|p1a: Amy|11\/100\n|move|p1a: Amy|Recover|p1a: Amy\n|-heal|p1a: Amy|61\/100\n|\n|-heal|p1a: Amy|67\/100|[from] item: Black Sludge\n|upkeep\n|turn|18\n|\n|t:|1698243945\n|move|p2a: Chandelure|Energy Ball|p1a: Amy\n|-damage|p1a: Amy|33\/100\n|move|p1a: Amy|Earthquake|p2a: Chandelure\n|-resisted|p2a: Chandelure\n|-activate|p2a: Chandelure|move: Substitute|[damage]\n|\n|-heal|p1a: Amy|39\/100|[from] item: Black Sludge\n|upkeep\n|turn|19\n|\n|t:|1698243953\n|move|p2a: Chandelure|Energy Ball|p1a: Amy\n|-damage|p1a: Amy|7\/100\n|move|p1a: Amy|Recover|p1a: Amy\n|-heal|p1a: Amy|57\/100\n|\n|-heal|p1a: Amy|63\/100|[from] item: Black Sludge\n|upkeep\n|turn|20\n|\n|t:|1698243970\n|move|p2a: Chandelure|Energy Ball|p1a: Amy\n|-damage|p1a: Amy|27\/100\n|move|p1a: Amy|Earthquake|p2a: Chandelure\n|-resisted|p2a: Chandelure\n|-end|p2a: Chandelure|Substitute\n|\n|-heal|p1a: Amy|33\/100|[from] item: Black Sludge\n|upkeep\n|turn|21\n|\n|t:|1698243978\n|move|p2a: Chandelure|Energy Ball|p1a: Amy\n|-damage|p1a: Amy|0 fnt\n|faint|p1a: Amy\n|\n|upkeep\n|\n|t:|1698243980\n|switch|p1a: Mario|Weavile, M, shiny|100\/100\n|-ability|p1a: Mario|Pressure\n|turn|22\n|\n|t:|1698244037\n|move|p1a: Mario|Knock Off|p2a: Chandelure\n|-damage|p2a: Chandelure|0 fnt\n|-enditem|p2a: Chandelure|Sitrus Berry|[from] move: Knock Off|[of] p1a: Mario\n|faint|p2a: Chandelure\n|\n|upkeep\n|\n|t:|1698244052\n|switch|p2a: Alomomola|Alomomola, F|100\/100\n|-damage|p2a: Alomomola|88\/100|[from] Stealth Rock\n|turn|23\n|\n|t:|1698244066\n|move|p1a: Mario|Knock Off|p2a: Alomomola\n|-damage|p2a: Alomomola|48\/100\n|-damage|p1a: Mario|84\/100|[from] item: Rocky Helmet|[of] p2a: Alomomola\n|-enditem|p2a: Alomomola|Rocky Helmet|[from] move: Knock Off|[of] p1a: Mario\n|move|p2a: Alomomola|Substitute|p2a: Alomomola\n|-start|p2a: Alomomola|Substitute\n|-damage|p2a: Alomomola|23\/100\n|\n|upkeep\n|turn|24\n|\n|t:|1698244075\n|move|p1a: Mario|Knock Off|p2a: Alomomola\n|-end|p2a: Alomomola|Substitute\n|move|p2a: Alomomola|Baton Pass|p2a: Alomomola\n|\n|t:|1698244126\n|switch|p2a: Great Tusk|Great Tusk|74\/100|[from] Baton Pass\n|-damage|p2a: Great Tusk|71\/100|[from] Stealth Rock\n|\n|upkeep\n|turn|25\n|\n|t:|1698244133\n|switch|p1a: Domenik|Quaquaval, M|100\/100\n|move|p2a: Great Tusk|Close Combat|p1a: Domenik\n|-damage|p1a: Domenik|25\/100\n|-unboost|p2a: Great Tusk|def|1\n|-unboost|p2a: Great Tusk|spd|1\n|\n|upkeep\n|turn|26\n|\n|t:|1698244141\n|-end|p2a: Great Tusk|Protosynthesis|[silent]\n|switch|p2a: Alomomola|Alomomola, F|57\/100\n|-damage|p2a: Alomomola|44\/100|[from] Stealth Rock\n|move|p1a: Domenik|Aqua Step|p2a: Alomomola\n|-resisted|p2a: Alomomola\n|-crit|p2a: Alomomola\n|-damage|p2a: Alomomola|27\/100\n|-boost|p1a: Domenik|spe|1\n|\n|upkeep\n|turn|27\n|\n|t:|1698244226\n|move|p1a: Domenik|Close Combat|p2a: Alomomola\n|-damage|p2a: Alomomola|0 fnt\n|-unboost|p1a: Domenik|def|1\n|-unboost|p1a: Domenik|spd|1\n|faint|p2a: Alomomola\n|-ability|p1a: Domenik|Moxie|boost\n|-boost|p1a: Domenik|atk|1\n|\n|upkeep\n|\n|t:|1698244234\n|switch|p2a: Great Tusk|Great Tusk|71\/100\n|-damage|p2a: Great Tusk|68\/100|[from] Stealth Rock\n|turn|28\n|\n|t:|1698244240\n|move|p1a: Domenik|Aqua Step|p2a: Great Tusk\n|-supereffective|p2a: Great Tusk\n|-damage|p2a: Great Tusk|6\/100\n|-boost|p1a: Domenik|spe|1\n|move|p2a: Great Tusk|Earthquake|p1a: Domenik\n|-damage|p1a: Domenik|0 fnt\n|faint|p1a: Domenik\n|\n|upkeep\n|\n|t:|1698244248\n|switch|p1a: Mario|Weavile, M, shiny|84\/100\n|-ability|p1a: Mario|Pressure\n|turn|29\n|\n|t:|1698244257\n|move|p1a: Mario|Knock Off|p2a: Great Tusk\n|-resisted|p2a: Great Tusk\n|-damage|p2a: Great Tusk|0 fnt\n|faint|p2a: Great Tusk\n|-end|p2a: Great Tusk|Protosynthesis|[silent]\n|\n|upkeep\n|\n|t:|1698244288\n|switch|p2a: Roaring Moon|Roaring Moon, shiny|100\/100\n|-damage|p2a: Roaring Moon|88\/100|[from] Stealth Rock\n|-enditem|p2a: Roaring Moon|Booster Energy\n|-activate|p2a: Roaring Moon|ability: Protosynthesis|[fromitem]\n|-start|p2a: Roaring Moon|protosynthesisatk\n|turn|30\n|\n|t:|1698244296\n|move|p1a: Mario|Knock Off|p2a: Roaring Moon\n|-resisted|p2a: Roaring Moon\n|-damage|p2a: Roaring Moon|58\/100\n|move|p2a: Roaring Moon|Iron Head|p1a: Mario\n|-supereffective|p1a: Mario\n|-damage|p1a: Mario|0 fnt\n|faint|p1a: Mario\n|\n|upkeep\n|\n|t:|1698244300\n|switch|p1a: Haxhan|Flareon, M, shiny|100\/100\n|turn|31\n|\n|t:|1698244309\n|move|p2a: Roaring Moon|Knock Off|p1a: Haxhan\n|-damage|p1a: Haxhan|0 fnt\n|-enditem|p1a: Haxhan|Flame Orb|[from] move: Knock Off|[of] p2a: Roaring Moon\n|faint|p1a: Haxhan\n|\n|win|EnOfFla\n|c|\u2606Mario Flare|gg\n|c|\u2606EnOfFla|gg\n","uploadtime":1698244316,"views":33,"p1id":"marioflare","p2id":"enoffla","formatid":"gen9anythinggoes","rating":0,"private":0,"password":""}