{"id":"gen9anythinggoes-1984655326","p1":"MoldyGG","p2":"Kamitami","format":"[Gen 9] Anything Goes","log":"|j|\u2606MoldyGG\n|j|\u2606Kamitami\n|t:|1699288262\n|gametype|singles\n|player|p1|MoldyGG|backersf|1655\n|player|p2|Kamitami|steven|1558\n|teamsize|p1|6\n|teamsize|p2|6\n|gen|9\n|tier|[Gen 9] Anything Goes\n|rated|\n|rule|HP Percentage Mod: HP is shown in percentages\n|rule|Endless Battle Clause: Forcing endless battles is banned\n|clearpoke\n|poke|p1|Miraidon|\n|poke|p1|Calyrex-Shadow|\n|poke|p1|Miraidon|\n|poke|p1|Arceus|\n|poke|p1|Glimmora, F|\n|poke|p1|Zacian-*|\n|poke|p2|Amoonguss, M|\n|poke|p2|Grimmsnarl, M|\n|poke|p2|Ditto|\n|poke|p2|Glalie, M|\n|poke|p2|Scovillain, M|\n|poke|p2|Miraidon|\n|teampreview\n|inactive|Battle timer is ON: inactive players will automatically lose when time's up. (requested by Kamitami)\n|\n|t:|1699288271\n|start\n|switch|p1a: Miraidon|Miraidon|100\/100\n|switch|p2a: Glalie|Glalie, M, shiny|100\/100\n|-fieldstart|move: Electric Terrain|[from] ability: Hadron Engine|[of] p1a: Miraidon\n|turn|1\n|\n|t:|1699288279\n|move|p2a: Glalie|Protect|p2a: Glalie\n|-singleturn|p2a: Glalie|Protect\n|move|p1a: Miraidon|Volt Switch|p2a: Glalie\n|-activate|p2a: Glalie|move: Protect\n|\n|-ability|p2a: Glalie|Moody|boost\n|-boost|p2a: Glalie|spd|2\n|-unboost|p2a: Glalie|atk|1\n|upkeep\n|turn|2\n|\n|t:|1699288289\n|-terastallize|p2a: Glalie|Ground\n|move|p1a: Miraidon|Volt Switch|p2a: Glalie\n|-immune|p2a: Glalie\n|move|p2a: Glalie|Substitute|p2a: Glalie\n|-start|p2a: Glalie|Substitute\n|-damage|p2a: Glalie|76\/100\n|\n|-heal|p2a: Glalie|82\/100|[from] item: Leftovers\n|-ability|p2a: Glalie|Moody|boost\n|-boost|p2a: Glalie|spa|2\n|-unboost|p2a: Glalie|atk|1\n|upkeep\n|turn|3\n|\n|t:|1699288302\n|switch|p1a: Calyrex|Calyrex-Shadow|100\/100\n|-ability|p1a: Calyrex|As One\n|-ability|p1a: Calyrex|Unnerve\n|move|p2a: Glalie|Earthquake|p1a: Calyrex\n|-damage|p1a: Calyrex|78\/100\n|\n|-heal|p2a: Glalie|88\/100|[from] item: Leftovers\n|-ability|p2a: Glalie|Moody|boost\n|-boost|p2a: Glalie|def|2\n|-unboost|p2a: Glalie|spa|1\n|upkeep\n|turn|4\n|\n|t:|1699288316\n|move|p2a: Glalie|Protect|p2a: Glalie\n|-singleturn|p2a: Glalie|Protect\n|move|p1a: Calyrex|Taunt|p2a: Glalie\n|-activate|p2a: Glalie|move: Protect\n|\n|-heal|p2a: Glalie|94\/100|[from] item: Leftovers\n|-ability|p2a: Glalie|Moody|boost\n|-boost|p2a: Glalie|spd|2\n|-unboost|p2a: Glalie|atk|1\n|upkeep\n|turn|5\n|\n|t:|1699288327\n|move|p1a: Calyrex|Taunt|p2a: Glalie\n|-start|p2a: Glalie|move: Taunt\n|move|p2a: Glalie|Earthquake|p1a: Calyrex\n|-damage|p1a: Calyrex|59\/100\n|\n|-heal|p2a: Glalie|99\/100|[from] item: Leftovers\n|-fieldend|move: Electric Terrain\n|-ability|p2a: Glalie|Moody|boost\n|-boost|p2a: Glalie|spe|2\n|-unboost|p2a: Glalie|spd|1\n|upkeep\n|turn|6\n|\n|t:|1699288339\n|move|p2a: Glalie|Earthquake|p1a: Calyrex\n|-damage|p1a: Calyrex|41\/100\n|move|p1a: Calyrex|Grass Knot|p2a: Glalie\n|-supereffective|p2a: Glalie\n|-end|p2a: Glalie|Substitute\n|\n|-heal|p2a: Glalie|100\/100|[from] item: Leftovers\n|-ability|p2a: Glalie|Moody|boost\n|-boost|p2a: Glalie|spa|2\n|-unboost|p2a: Glalie|spe|1\n|upkeep\n|turn|7\n|\n|t:|1699288351\n|move|p1a: Calyrex|Nasty Plot|p1a: Calyrex\n|-boost|p1a: Calyrex|spa|2\n|move|p2a: Glalie|Earthquake|p1a: Calyrex\n|-damage|p1a: Calyrex|24\/100\n|\n|-end|p2a: Glalie|move: Taunt\n|-ability|p2a: Glalie|Moody|boost\n|-boost|p2a: Glalie|spd|2\n|-unboost|p2a: Glalie|spa|1\n|upkeep\n|turn|8\n|\n|t:|1699288362\n|move|p2a: Glalie|Protect|p2a: Glalie\n|-singleturn|p2a: Glalie|Protect\n|move|p1a: Calyrex|Grass Knot|p2a: Glalie\n|-activate|p2a: Glalie|move: Protect\n|\n|-ability|p2a: Glalie|Moody|boost\n|-boost|p2a: Glalie|spa|2\n|-unboost|p2a: Glalie|atk|1\n|upkeep\n|turn|9\n|\n|t:|1699288371\n|move|p1a: Calyrex|Grass Knot|p2a: Glalie\n|-supereffective|p2a: Glalie\n|-damage|p2a: Glalie|29\/100\n|move|p2a: Glalie|Earthquake|p1a: Calyrex\n|-damage|p1a: Calyrex|9\/100\n|\n|-heal|p2a: Glalie|35\/100|[from] item: Leftovers\n|-ability|p2a: Glalie|Moody|boost\n|-boost|p2a: Glalie|spa|2\n|-unboost|p2a: Glalie|def|1\n|upkeep\n|turn|10\n|\n|t:|1699288384\n|move|p2a: Glalie|Protect|p2a: Glalie\n|-singleturn|p2a: Glalie|Protect\n|move|p1a: Calyrex|Grass Knot|p2a: Glalie\n|-activate|p2a: Glalie|move: Protect\n|\n|-heal|p2a: Glalie|41\/100|[from] item: Leftovers\n|-ability|p2a: Glalie|Moody|boost\n|-boost|p2a: Glalie|def|2\n|-unboost|p2a: Glalie|spe|1\n|upkeep\n|turn|11\n|\n|t:|1699288395\n|move|p1a: Calyrex|Grass Knot|p2a: Glalie\n|-supereffective|p2a: Glalie\n|-damage|p2a: Glalie|0 fnt\n|faint|p2a: Glalie\n|-ability|p1a: Calyrex|Grim Neigh|boost\n|-boost|p1a: Calyrex|spa|1\n|\n|upkeep\n|\n|t:|1699288402\n|switch|p2a: Grimmsnarl|Grimmsnarl, M|100\/100\n|turn|12\n|\n|t:|1699288406\n|move|p2a: Grimmsnarl|Light Screen|p2a: Grimmsnarl\n|-sidestart|p2: Kamitami|move: Light Screen\n|move|p1a: Calyrex|Astral Barrage|p2a: Grimmsnarl\n|-resisted|p2a: Grimmsnarl\n|-damage|p2a: Grimmsnarl|57\/100\n|\n|upkeep\n|turn|13\n|\n|t:|1699288413\n|move|p1a: Calyrex|Taunt|p2a: Grimmsnarl\n|-start|p2a: Grimmsnarl|move: Taunt\n|move|p2a: Grimmsnarl|Spirit Break|p1a: Calyrex\n|-damage|p1a: Calyrex|0 fnt\n|faint|p1a: Calyrex\n|\n|upkeep\n|\n|t:|1699288417\n|switch|p1a: Zacian|Zacian-Crowned|100\/100\n|-ability|p1a: Zacian|Intrepid Sword|boost\n|-boost|p1a: Zacian|atk|1\n|turn|14\n|\n|t:|1699288426\n|move|p1a: Zacian|Behemoth Blade|p2a: Grimmsnarl\n|-supereffective|p2a: Grimmsnarl\n|-damage|p2a: Grimmsnarl|0 fnt\n|faint|p2a: Grimmsnarl\n|\n|upkeep\n|\n|t:|1699288431\n|switch|p2a: Ditto|Ditto|100\/100\n|-transform|p2a: Ditto|p1a: Zacian|[from] ability: Imposter\n|-ability|p2a: Ditto|Intrepid Sword|boost\n|-boost|p2a: Ditto|atk|1\n|turn|15\n|\n|t:|1699288439\n|move|p1a: Zacian|Behemoth Blade|p2a: Ditto\n|-damage|p2a: Ditto|6\/100\n|move|p2a: Ditto|Behemoth Blade|p1a: Zacian\n|-damage|p1a: Zacian|0 fnt\n|faint|p1a: Zacian\n|\n|-heal|p2a: Ditto|12\/100|[from] item: Leftovers\n|upkeep\n|\n|t:|1699288443\n|switch|p1a: Glimmora|Glimmora, F|100\/100\n|turn|16\n|\n|t:|1699288453\n|move|p2a: Ditto|Behemoth Blade|p1a: Glimmora\n|-supereffective|p1a: Glimmora\n|-enditem|p1a: Glimmora|Focus Sash\n|-damage|p1a: Glimmora|1\/100\n|-activate|p1a: Glimmora|ability: Toxic Debris\n|-sidestart|p2: Kamitami|move: Toxic Spikes\n|move|p1a: Glimmora|Mud Shot|p2a: Ditto\n|-supereffective|p2a: Ditto\n|-damage|p2a: Ditto|0 fnt\n|faint|p2a: Ditto\n|\n|upkeep\n|\n|t:|1699288464\n|switch|p2a: Amoonguss|Amoonguss, M|100\/100\n|-sideend|p2: Kamitami|move: Toxic Spikes|[of] p2a: Amoonguss\n|turn|17\n|\n|t:|1699288469\n|move|p1a: Glimmora|Memento|p2a: Amoonguss\n|-unboost|p2a: Amoonguss|atk|2\n|-unboost|p2a: Amoonguss|spa|2\n|faint|p1a: Glimmora\n|move|p2a: Amoonguss|Giga Drain|p1: Glimmora|[notarget]\n|-fail|p2a: Amoonguss\n|\n|upkeep\n|\n|t:|1699288472\n|switch|p1a: Miraidon|Miraidon|100\/100\n|-fieldstart|move: Electric Terrain|[from] ability: Hadron Engine|[of] p1a: Miraidon\n|turn|18\n|\n|t:|1699288489\n|move|p1a: Miraidon|Volt Switch|p2a: Amoonguss\n|-resisted|p2a: Amoonguss\n|-damage|p2a: Amoonguss|89\/100\n|\n|t:|1699288490\n|switch|p1a: Arceus|Arceus|100\/100|[from] Volt Switch\n|move|p2a: Amoonguss|Toxic|p1a: Arceus\n|-status|p1a: Arceus|tox\n|\n|-heal|p2a: Amoonguss|95\/100|[from] item: Black Sludge\n|-damage|p1a: Arceus|94\/100 tox|[from] psn\n|upkeep\n|turn|19\n|\n|t:|1699288502\n|move|p1a: Arceus|Swords Dance|p1a: Arceus\n|-boost|p1a: Arceus|atk|2\n|move|p2a: Amoonguss|Clear Smog|p1a: Arceus\n|-damage|p1a: Arceus|89\/100 tox\n|-clearboost|p1a: Arceus\n|\n|-heal|p2a: Amoonguss|100\/100|[from] item: Black Sludge\n|-damage|p1a: Arceus|77\/100 tox|[from] psn\n|-sideend|p2: Kamitami|move: Light Screen\n|upkeep\n|turn|20\n|\n|t:|1699288513\n|move|p1a: Arceus|Earthquake|p2a: Amoonguss\n|-damage|p2a: Amoonguss|54\/100\n|-damage|p1a: Arceus|67\/100 tox|[from] item: Life Orb\n|move|p2a: Amoonguss|Clear Smog|p1a: Arceus\n|-damage|p1a: Arceus|62\/100 tox\n|-clearboost|p1a: Arceus\n|\n|-heal|p2a: Amoonguss|60\/100|[from] item: Black Sludge\n|-damage|p1a: Arceus|44\/100 tox|[from] psn\n|upkeep\n|turn|21\n|\n|t:|1699288525\n|switch|p1a: Miraidon|Miraidon|100\/100\n|-activate|p1a: Miraidon|ability: Hadron Engine\n|move|p2a: Amoonguss|Protect||[still]\n|-fail|p2a: Amoonguss\n|\n|-heal|p2a: Amoonguss|66\/100|[from] item: Black Sludge\n|upkeep\n|turn|22\n|\n|t:|1699288535\n|move|p2a: Amoonguss|Protect|p2a: Amoonguss\n|-singleturn|p2a: Amoonguss|Protect\n|move|p1a: Miraidon|Draco Meteor|p2a: Amoonguss\n|-activate|p2a: Amoonguss|move: Protect\n|\n|-heal|p2a: Amoonguss|73\/100|[from] item: Black Sludge\n|-fieldend|move: Electric Terrain\n|upkeep\n|turn|23\n|\n|t:|1699288544\n|move|p1a: Miraidon|Draco Meteor|p2a: Amoonguss\n|-damage|p2a: Amoonguss|18\/100\n|-unboost|p1a: Miraidon|spa|2\n|move|p2a: Amoonguss|Toxic|p1a: Miraidon\n|-status|p1a: Miraidon|tox\n|\n|-heal|p2a: Amoonguss|24\/100|[from] item: Black Sludge\n|-damage|p1a: Miraidon|94\/100 tox|[from] psn\n|upkeep\n|turn|24\n|l|\u2606Kamitami\n|inactive|Kamitami disconnected and has a minute to reconnect!\n|player|p2|\n|j|\u2606Kamitami\n|inactive|Kamitami reconnected and has 110 seconds left.\n|player|p2|Kamitami|steven\n|\n|t:|1699288593\n|switch|p1a: Miraidon|Miraidon|100\/100\n|-fieldstart|move: Electric Terrain|[from] ability: Hadron Engine|[of] p1a: Miraidon\n|move|p2a: Amoonguss|Protect||[still]\n|-fail|p2a: Amoonguss\n|\n|-heal|p2a: Amoonguss|30\/100|[from] item: Black Sludge\n|upkeep\n|turn|25\n|\n|t:|1699288602\n|move|p2a: Amoonguss|Protect|p2a: Amoonguss\n|-singleturn|p2a: Amoonguss|Protect\n|move|p1a: Miraidon|Taunt|p2a: Amoonguss\n|-activate|p2a: Amoonguss|move: Protect\n|\n|-heal|p2a: Amoonguss|37\/100|[from] item: Black Sludge\n|upkeep\n|turn|26\n|\n|t:|1699288611\n|move|p1a: Miraidon|Electro Drift|p2a: Amoonguss\n|-resisted|p2a: Amoonguss\n|-damage|p2a: Amoonguss|1\/100\n|move|p2a: Amoonguss|Giga Drain|p1a: Miraidon\n|-resisted|p1a: Miraidon\n|-damage|p1a: Miraidon|95\/100\n|-heal|p2a: Amoonguss|3\/100|[from] drain|[of] p1a: Miraidon\n|\n|-heal|p2a: Amoonguss|10\/100|[from] item: Black Sludge\n|upkeep\n|turn|27\n|inactive|Kamitami has 120 seconds left.\n|\n|t:|1699288622\n|move|p2a: Amoonguss|Protect|p2a: Amoonguss\n|-singleturn|p2a: Amoonguss|Protect\n|move|p1a: Miraidon|Calm Mind|p1a: Miraidon\n|-boost|p1a: Miraidon|spa|1\n|-boost|p1a: Miraidon|spd|1\n|\n|-heal|p2a: Amoonguss|16\/100|[from] item: Black Sludge\n|upkeep\n|turn|28\n|inactive|Kamitami has 120 seconds left.\n|\n|t:|1699288631\n|switch|p2a: Scovillain|Scovillain, M|100\/100\n|move|p1a: Miraidon|Electro Drift|p2a: Scovillain\n|-resisted|p2a: Scovillain\n|-damage|p2a: Scovillain|0 fnt\n|faint|p2a: Scovillain\n|\n|-fieldend|move: Electric Terrain\n|upkeep\n|inactive|Kamitami has 120 seconds left.\n|\n|t:|1699288642\n|switch|p2a: Amoonguss|Amoonguss, M|49\/100\n|turn|29\n|\n|t:|1699288645\n|move|p1a: Miraidon|Calm Mind|p1a: Miraidon\n|-boost|p1a: Miraidon|spa|1\n|-boost|p1a: Miraidon|spd|1\n|move|p2a: Amoonguss|Clear Smog|p1a: Miraidon\n|-damage|p1a: Miraidon|88\/100\n|-clearboost|p1a: Miraidon\n|\n|-heal|p2a: Amoonguss|55\/100|[from] item: Black Sludge\n|upkeep\n|turn|30\n|\n|t:|1699288655\n|move|p1a: Miraidon|Calm Mind|p1a: Miraidon\n|-boost|p1a: Miraidon|spa|1\n|-boost|p1a: Miraidon|spd|1\n|move|p2a: Amoonguss|Toxic|p1a: Miraidon\n|-status|p1a: Miraidon|tox\n|\n|-heal|p2a: Amoonguss|62\/100|[from] item: Black Sludge\n|-damage|p1a: Miraidon|82\/100 tox|[from] psn\n|upkeep\n|turn|31\n|\n|t:|1699288664\n|move|p1a: Miraidon|Taunt|p2a: Amoonguss\n|-start|p2a: Amoonguss|move: Taunt\n|move|p2a: Amoonguss|Clear Smog|p1a: Miraidon\n|-damage|p1a: Miraidon|74\/100 tox\n|-clearboost|p1a: Miraidon\n|\n|-heal|p2a: Amoonguss|68\/100|[from] item: Black Sludge\n|-damage|p1a: Miraidon|61\/100 tox|[from] psn\n|upkeep\n|turn|32\n|\n|t:|1699288675\n|move|p1a: Miraidon|Calm Mind|p1a: Miraidon\n|-boost|p1a: Miraidon|spa|1\n|-boost|p1a: Miraidon|spd|1\n|move|p2a: Amoonguss|Clear Smog|p1a: Miraidon\n|-damage|p1a: Miraidon|52\/100 tox\n|-clearboost|p1a: Miraidon\n|\n|-heal|p2a: Amoonguss|74\/100|[from] item: Black Sludge\n|-damage|p1a: Miraidon|34\/100 tox|[from] psn\n|upkeep\n|turn|33\n|c|\u2606MoldyGG|n00b\n|\n|t:|1699288686\n|-terastallize|p1a: Miraidon|Dragon\n|move|p1a: Miraidon|Draco Meteor|p2a: Amoonguss\n|-damage|p2a: Amoonguss|0 fnt\n|-unboost|p1a: Miraidon|spa|2\n|faint|p2a: Amoonguss\n|\n|-damage|p1a: Miraidon|9\/100 tox|[from] psn\n|upkeep\n|\n|t:|1699288696\n|switch|p2a: Miraidon|Miraidon|100\/100\n|-fieldstart|move: Electric Terrain|[from] ability: Hadron Engine|[of] p2a: Miraidon\n|turn|34\n|\n|t:|1699288702\n|move|p2a: Miraidon|Dragon Pulse|p1a: Miraidon\n|-supereffective|p1a: Miraidon\n|-damage|p1a: Miraidon|0 fnt\n|faint|p1a: Miraidon\n|\n|upkeep\n|\n|t:|1699288705\n|switch|p1a: Arceus|Arceus|44\/100 tox\n|turn|35\n|\n|t:|1699288710\n|move|p1a: Arceus|Extreme Speed|p2a: Miraidon\n|-damage|p2a: Miraidon|46\/100\n|-damage|p1a: Arceus|34\/100 tox|[from] item: Life Orb\n|move|p2a: Miraidon|Dragon Pulse|p1a: Arceus\n|-damage|p1a: Arceus|0 fnt\n|faint|p1a: Arceus\n|\n|upkeep\n|\n|t:|1699288714\n|switch|p1a: Miraidon|Miraidon|94\/100 tox\n|-activate|p1a: Miraidon|ability: Hadron Engine\n|turn|36\n|\n|t:|1699288722\n|move|p1a: Miraidon|Draco Meteor|p2a: Miraidon\n|-supereffective|p2a: Miraidon\n|-damage|p2a: Miraidon|0 fnt\n|-unboost|p1a: Miraidon|spa|2\n|faint|p2a: Miraidon\n|\n|win|MoldyGG\n|raw|MoldyGG's rating: 1655 &rarr; <strong>1670<\/strong><br \/>(+15 for winning)\n|raw|Kamitami's rating: 1558 &rarr; <strong>1543<\/strong><br \/>(-15 for losing)\n|l|\u2606MoldyGG\n|l|\u2606Kamitami\n","uploadtime":1699288811,"views":4,"p1id":"moldygg","p2id":"kamitami","formatid":"gen9anythinggoes","rating":1543,"private":0,"password":""}