{"id":"gen9anythinggoes-1992049925","p1":"SnappisPappis","p2":"poguwumanguy.karen","format":"[Gen 9] Anything Goes","log":"|j|\u2606SnappisPappis\n|j|\u2606poguwumanguy.karen\n|t:|1700150875\n|gametype|singles\n|player|p1|SnappisPappis|riley|1108\n|player|p2|poguwumanguy.karen|ghetsis|1023\n|teamsize|p1|6\n|teamsize|p2|4\n|gen|9\n|tier|[Gen 9] Anything Goes\n|rated|\n|rule|HP Percentage Mod: HP is shown in percentages\n|rule|Endless Battle Clause: Forcing endless battles is banned\n|clearpoke\n|poke|p1|Maushold-Four|\n|poke|p1|Flutter Mane|\n|poke|p1|Miraidon|\n|poke|p1|Rabsca, M|\n|poke|p1|Garganacl, F|\n|poke|p1|Houndstone, M|\n|poke|p2|Maushold-Four|\n|poke|p2|Maushold-Four|\n|poke|p2|Maushold-Four|\n|poke|p2|Maushold-Four|\n|teampreview\n|\n|t:|1700150883\n|start\n|switch|p1a: DeMarco|Miraidon|100\/100\n|switch|p2a: Maushold|Maushold-Four|100\/100\n|-fieldstart|move: Electric Terrain|[from] ability: Hadron Engine|[of] p1a: DeMarco\n|turn|1\n|\n|t:|1700150893\n|-terastallize|p1a: DeMarco|Electric\n|move|p1a: DeMarco|Electro Drift|p2a: Maushold\n|-damage|p2a: Maushold|0 fnt\n|faint|p2a: Maushold\n|\n|upkeep\n|\n|t:|1700150899\n|switch|p2a: Maushold|Maushold-Four|100\/100\n|turn|2\n|\n|t:|1700150908\n|move|p2a: Maushold|Baby-Doll Eyes|p1a: DeMarco\n|-unboost|p1a: DeMarco|atk|1\n|move|p1a: DeMarco|Electro Drift|p2a: Maushold\n|-enditem|p2a: Maushold|Focus Sash\n|-damage|p2a: Maushold|1\/100\n|\n|upkeep\n|turn|3\n|\n|t:|1700150915\n|move|p1a: DeMarco|Electro Drift|p2a: Maushold\n|-damage|p2a: Maushold|0 fnt\n|faint|p2a: Maushold\n|\n|upkeep\n|\n|t:|1700150920\n|switch|p2a: Maushold|Maushold-Four|100\/100\n|turn|4\n|\n|t:|1700150931\n|move|p1a: DeMarco|Electro Drift|p2a: Maushold\n|-enditem|p2a: Maushold|Focus Sash\n|-damage|p2a: Maushold|1\/100\n|move|p2a: Maushold|Agility|p2a: Maushold\n|-boost|p2a: Maushold|spe|2\n|\n|upkeep\n|turn|5\n|\n|t:|1700150940\n|move|p2a: Maushold|Agility|p2a: Maushold\n|-boost|p2a: Maushold|spe|2\n|move|p1a: DeMarco|Electro Drift|p2a: Maushold\n|-damage|p2a: Maushold|0 fnt\n|faint|p2a: Maushold\n|\n|-fieldend|move: Electric Terrain\n|upkeep\n|\n|t:|1700150948\n|switch|p2a: Maushold|Maushold-Four, shiny|100\/100\n|turn|6\n|\n|t:|1700150951\n|move|p1a: DeMarco|Electro Drift|p2a: Maushold\n|-enditem|p2a: Maushold|Focus Sash\n|-damage|p2a: Maushold|1\/100\n|move|p2a: Maushold|Population Bomb|p1a: DeMarco|[miss]\n|-miss|p2a: Maushold|p1a: DeMarco\n|\n|upkeep\n|turn|7\n|\n|t:|1700150960\n|move|p1a: DeMarco|Electro Drift|p2a: Maushold\n|-damage|p2a: Maushold|0 fnt\n|faint|p2a: Maushold\n|\n|win|SnappisPappis\n|raw|SnappisPappis's rating: 1132 &rarr; <strong>1149<\/strong><br \/>(+17 for winning)\n|raw|poguwumanguy.karen's rating: 1023 &rarr; <strong>1014<\/strong><br \/>(-9 for losing)\n","uploadtime":1700150963,"views":4,"p1id":"snappispappis","p2id":"poguwumanguykaren","formatid":"gen9anythinggoes","rating":1014,"private":0,"password":""}