{"id":"gen9anythinggoes-1987098195","p1":"Flaggx","p2":"Klitschkuh","format":"[Gen 9] Anything Goes","log":"|j|\u2606Flaggx\n|j|\u2606Klitschkuh\n|t:|1699555889\n|gametype|singles\n|player|p1|Flaggx|266|\n|player|p2|Klitschkuh|170|\n|teamsize|p1|6\n|teamsize|p2|6\n|gen|9\n|tier|[Gen 9] Anything Goes\n|rule|HP Percentage Mod: HP is shown in percentages\n|rule|Endless Battle Clause: Forcing endless battles is banned\n|clearpoke\n|poke|p1|Empoleon, F|\n|poke|p1|Landorus-Therian, M|\n|poke|p1|Scream Tail|\n|poke|p1|Jolteon, M|\n|poke|p1|Sneasler, F|\n|poke|p1|Altaria, F|\n|poke|p2|Weezing-Galar, M|\n|poke|p2|Iron Bundle|\n|poke|p2|Kleavor, F|\n|poke|p2|Arboliva, M|\n|poke|p2|Thundurus-Therian, M|\n|poke|p2|Conkeldurr, M|\n|teampreview\n|c|\u2606Klitschkuh|Auf nen guten\ud83e\udd18\n|c|\u2606Flaggx|glhf\n|\n|t:|1699556028\n|start\n|switch|p1a: Jolteon|Jolteon, M|100\/100\n|switch|p2a: Flaks|Kleavor, F|100\/100\n|turn|1\n|\n|t:|1699556062\n|switch|p1a: Landorus|Landorus-Therian, M|100\/100\n|-ability|p1a: Landorus|Intimidate|boost\n|-unboost|p2a: Flaks|atk|1\n|move|p2a: Flaks|Stone Axe|p1a: Landorus|[miss]\n|-miss|p2a: Flaks|p1a: Landorus\n|\n|upkeep\n|turn|2\n|\n|t:|1699556073\n|switch|p2a: Flax|Weezing-Galar, M|100\/100\n|move|p1a: Landorus|Stealth Rock|p2a: Flax\n|-sidestart|p2: Klitschkuh|move: Stealth Rock\n|\n|upkeep\n|turn|3\n|\n|t:|1699556085\n|move|p1a: Landorus|U-turn|p2a: Flax\n|-resisted|p2a: Flax\n|-damage|p2a: Flax|97\/100\n|\n|t:|1699556090\n|switch|p1a: Altaria|Altaria, F, shiny|100\/100|[from] U-turn\n|move|p2a: Flax|Defog|p1a: Altaria\n|-unboost|p1a: Altaria|evasion|1\n|-sideend|p2: Klitschkuh|Stealth Rock|[from] move: Defog|[of] p2a: Flax\n|\n|-heal|p2a: Flax|100\/100|[from] item: Leftovers\n|upkeep\n|turn|4\n|\n|t:|1699556105\n|move|p1a: Altaria|Ice Beam|p2a: Flax\n|-damage|p2a: Flax|81\/100\n|move|p2a: Flax|Toxic|p1a: Altaria\n|-status|p1a: Altaria|tox\n|\n|-heal|p2a: Flax|87\/100|[from] item: Leftovers\n|-damage|p1a: Altaria|94\/100 tox|[from] psn\n|upkeep\n|turn|5\n|\n|t:|1699556131\n|-curestatus|p1a: Altaria|tox|[from] ability: Natural Cure\n|switch|p1a: Empoleon|Empoleon, F|100\/100\n|switch|p2a: Flaks|Kleavor, F|100\/100\n|\n|upkeep\n|turn|6\n|\n|t:|1699556147\n|move|p2a: Flaks|U-turn|p1a: Empoleon\n|-resisted|p1a: Empoleon\n|-damage|p1a: Empoleon|82\/100\n|\n|t:|1699556151\n|switch|p2a: Flagzz|Arboliva, M|100\/100|[from] U-turn\n|move|p1a: Empoleon|Flash Cannon|p2a: Flagzz\n|-damage|p2a: Flagzz|80\/100\n|\n|upkeep\n|turn|7\n|\n|t:|1699556168\n|-terastallize|p2a: Flagzz|Normal\n|move|p1a: Empoleon|Flip Turn|p2a: Flagzz\n|-crit|p2a: Flagzz\n|-damage|p2a: Flagzz|57\/100\n|\n|t:|1699556246\n|switch|p1a: Landorus|Landorus-Therian, M|100\/100|[from] Flip Turn\n|-ability|p1a: Landorus|Intimidate|boost\n|-unboost|p2a: Flagzz|atk|1\n|move|p2a: Flagzz|Leech Seed|p1a: Landorus\n|-start|p1a: Landorus|move: Leech Seed\n|\n|-damage|p1a: Landorus|88\/100|[from] Leech Seed|[of] p2a: Flagzz\n|-heal|p2a: Flagzz|69\/100|[silent]\n|upkeep\n|turn|8\n|\n|t:|1699556264\n|move|p1a: Landorus|U-turn|p2a: Flagzz\n|-damage|p2a: Flagzz|46\/100\n|-enditem|p2a: Flagzz|Sitrus Berry|[eat]\n|-heal|p2a: Flagzz|71\/100|[from] item: Sitrus Berry\n|\n|t:|1699556277\n|switch|p1a: Empoleon|Empoleon, F|82\/100|[from] U-turn\n|move|p2a: Flagzz|Hyper Voice|p1a: Empoleon\n|-resisted|p1a: Empoleon\n|-damage|p1a: Empoleon|66\/100\n|\n|-item|p2a: Flagzz|Sitrus Berry|[from] ability: Harvest\n|upkeep\n|turn|9\n|\n|t:|1699556287\n|switch|p1a: Sneasler|Sneasler, F|100\/100\n|move|p2a: Flagzz|Leech Seed|p1a: Sneasler\n|-start|p1a: Sneasler|move: Leech Seed\n|\n|-damage|p1a: Sneasler|88\/100|[from] Leech Seed|[of] p2a: Flagzz\n|-heal|p2a: Flagzz|81\/100|[silent]\n|upkeep\n|turn|10\n|\n|t:|1699556335\n|switch|p2a: Flagss|Thundurus-Therian, M|100\/100\n|move|p1a: Sneasler|Gunk Shot|p2a: Flagss|[miss]\n|-miss|p1a: Sneasler|p2a: Flagss\n|\n|-damage|p1a: Sneasler|76\/100|[from] Leech Seed|[of] p2a: Flagss\n|upkeep\n|turn|11\n|\n|t:|1699556345\n|switch|p1a: Altaria|Altaria, F, shiny|94\/100\n|move|p2a: Flagss|Psychic|p1a: Altaria\n|-damage|p1a: Altaria|63\/100\n|-damage|p2a: Flagss|91\/100|[from] item: Life Orb\n|\n|upkeep\n|turn|12\n|\n|t:|1699556376\n|move|p2a: Flagss|Volt Switch|p1a: Altaria\n|-damage|p1a: Altaria|26\/100\n|-damage|p2a: Flagss|81\/100|[from] item: Life Orb\n|\n|t:|1699556388\n|switch|p2a: Flaks|Kleavor, F|100\/100|[from] Volt Switch\n|move|p1a: Altaria|Roost|p1a: Altaria\n|-heal|p1a: Altaria|76\/100\n|-singleturn|p1a: Altaria|move: Roost\n|\n|upkeep\n|turn|13\n|\n|t:|1699556397\n|switch|p1a: Landorus|Landorus-Therian, M|88\/100\n|-ability|p1a: Landorus|Intimidate|boost\n|-unboost|p2a: Flaks|atk|1\n|move|p2a: Flaks|Stone Axe|p1a: Landorus\n|-damage|p1a: Landorus|57\/100\n|-sidestart|p1: Flaggx|move: Stealth Rock\n|\n|-heal|p1a: Landorus|63\/100|[from] item: Leftovers\n|upkeep\n|turn|14\n|\n|t:|1699556410\n|switch|p2a: Flax|Weezing-Galar, M|87\/100\n|move|p1a: Landorus|U-turn|p2a: Flax\n|-resisted|p2a: Flax\n|-damage|p2a: Flax|83\/100\n|\n|t:|1699556437\n|switch|p1a: Jolteon|Jolteon, M|100\/100|[from] U-turn\n|\n|-heal|p2a: Flax|89\/100|[from] item: Leftovers\n|upkeep\n|turn|15\n|\n|t:|1699556453\n|switch|p2a: Flagzz|Arboliva, M, tera:Normal|81\/100\n|-terastallize|p1a: Jolteon|Ice\n|move|p1a: Jolteon|Tera Blast|p2a: Flagzz|[anim] Tera Blast Ice\n|-damage|p2a: Flagzz|53\/100\n|\n|upkeep\n|turn|16\n|\n|t:|1699556498\n|move|p1a: Jolteon|Yawn|p2a: Flagzz\n|-start|p2a: Flagzz|move: Yawn|[of] p1a: Jolteon\n|move|p2a: Flagzz|Strength Sap|p1a: Jolteon\n|-unboost|p1a: Jolteon|atk|1\n|-heal|p2a: Flagzz|87\/100\n|\n|upkeep\n|turn|17\n|\n|t:|1699556531\n|switch|p2a: Fl\u00e4gz|Conkeldurr, M|100\/100\n|move|p1a: Jolteon|Tera Blast|p2a: Fl\u00e4gz|[anim] Tera Blast Ice\n|-damage|p2a: Fl\u00e4gz|56\/100\n|\n|-status|p2a: Fl\u00e4gz|brn|[from] item: Flame Orb\n|upkeep\n|turn|18\n|\n|t:|1699556551\n|switch|p1a: Scream Tail|Scream Tail|100\/100\n|-damage|p1a: Scream Tail|88\/100|[from] Stealth Rock\n|move|p2a: Fl\u00e4gz|Drain Punch|p1a: Scream Tail\n|-resisted|p1a: Scream Tail\n|-damage|p1a: Scream Tail|76\/100\n|-heal|p2a: Fl\u00e4gz|63\/100 brn|[from] drain|[of] p1a: Scream Tail\n|-damage|p2a: Fl\u00e4gz|46\/100 brn|[from] item: Rocky Helmet|[of] p1a: Scream Tail\n|\n|-damage|p2a: Fl\u00e4gz|40\/100 brn|[from] brn\n|upkeep\n|turn|19\n|\n|t:|1699556585\n|switch|p2a: Flax|Weezing-Galar, M|89\/100\n|move|p1a: Scream Tail|Wish|p1a: Scream Tail\n|\n|-heal|p2a: Flax|95\/100|[from] item: Leftovers\n|upkeep\n|turn|20\n|\n|t:|1699556597\n|-end|p1a: Scream Tail|Protosynthesis|[silent]\n|switch|p1a: Empoleon|Empoleon, F|66\/100\n|-damage|p1a: Empoleon|60\/100|[from] Stealth Rock\n|move|p2a: Flax|Strange Steam|p1a: Empoleon\n|-resisted|p1a: Empoleon\n|-damage|p1a: Empoleon|50\/100\n|\n|-heal|p1a: Empoleon|100\/100|[from] move: Wish|[wisher] Scream Tail\n|-heal|p2a: Flax|100\/100|[from] item: Leftovers\n|upkeep\n|turn|21\n|\n|t:|1699556617\n|switch|p2a: Flagzz|Arboliva, M, tera:Normal|87\/100\n|move|p1a: Empoleon|Flip Turn|p2a: Flagzz\n|-damage|p2a: Flagzz|70\/100\n|\n|t:|1699556623\n|switch|p1a: Sneasler|Sneasler, F|76\/100|[from] Flip Turn\n|-damage|p1a: Sneasler|70\/100|[from] Stealth Rock\n|\n|upkeep\n|turn|22\n|\n|t:|1699556631\n|switch|p2a: Flax|Weezing-Galar, M|100\/100\n|move|p1a: Sneasler|Gunk Shot|p2a: Flax\n|-damage|p2a: Flax|39\/100\n|\n|-heal|p2a: Flax|45\/100|[from] item: Leftovers\n|upkeep\n|turn|23\n|\n|t:|1699556649\n|move|p1a: Sneasler|Gunk Shot|p2a: Flax\n|-damage|p2a: Flax|0 fnt\n|faint|p2a: Flax\n|\n|upkeep\n|\n|t:|1699556672\n|switch|p2a: Flaks|Kleavor, F|100\/100\n|turn|24\n|\n|t:|1699556708\n|switch|p1a: Landorus|Landorus-Therian, M|63\/100\n|-damage|p1a: Landorus|50\/100|[from] Stealth Rock\n|-ability|p1a: Landorus|Intimidate|boost\n|-unboost|p2a: Flaks|atk|1\n|move|p2a: Flaks|X-Scissor|p1a: Landorus\n|-resisted|p1a: Landorus\n|-damage|p1a: Landorus|31\/100\n|\n|-heal|p1a: Landorus|37\/100|[from] item: Leftovers\n|upkeep\n|turn|25\n|\n|t:|1699556724\n|move|p2a: Flaks|X-Scissor|p1a: Landorus\n|-resisted|p1a: Landorus\n|-damage|p1a: Landorus|19\/100\n|move|p1a: Landorus|Stealth Rock|p2a: Flaks\n|-sidestart|p2: Klitschkuh|move: Stealth Rock\n|\n|-heal|p1a: Landorus|25\/100|[from] item: Leftovers\n|upkeep\n|turn|26\n|\n|t:|1699556740\n|move|p2a: Flaks|X-Scissor|p1a: Landorus\n|-resisted|p1a: Landorus\n|-damage|p1a: Landorus|8\/100\n|move|p1a: Landorus|Earthquake|p2a: Flaks\n|-damage|p2a: Flaks|43\/100\n|\n|-heal|p1a: Landorus|15\/100|[from] item: Leftovers\n|upkeep\n|turn|27\n|\n|t:|1699556749\n|switch|p1a: Altaria|Altaria, F, shiny|76\/100\n|move|p2a: Flaks|X-Scissor|p1a: Altaria\n|-resisted|p1a: Altaria\n|-damage|p1a: Altaria|54\/100\n|\n|upkeep\n|turn|28\n|\n|t:|1699556759\n|switch|p2a: Flagzz|Arboliva, M, tera:Normal|70\/100\n|-damage|p2a: Flagzz|58\/100|[from] Stealth Rock\n|move|p1a: Altaria|Roost|p1a: Altaria\n|-heal|p1a: Altaria|100\/100\n|-singleturn|p1a: Altaria|move: Roost\n|\n|upkeep\n|turn|29\n|\n|t:|1699556777\n|switch|p1a: Scream Tail|Scream Tail|76\/100\n|-damage|p1a: Scream Tail|63\/100|[from] Stealth Rock\n|move|p2a: Flagzz|Earth Power|p1a: Scream Tail\n|-damage|p1a: Scream Tail|44\/100\n|\n|upkeep\n|turn|30\n|\n|t:|1699556786\n|move|p1a: Scream Tail|Encore|p2a: Flagzz\n|-start|p2a: Flagzz|Encore\n|move|p2a: Flagzz|Earth Power|p1a: Scream Tail\n|-damage|p1a: Scream Tail|27\/100\n|\n|upkeep\n|turn|31\n|\n|t:|1699556795\n|switch|p2a: Fl@xx|Iron Bundle|100\/100\n|-damage|p2a: Fl@xx|76\/100|[from] Stealth Rock\n|move|p1a: Scream Tail|Wish|p1a: Scream Tail\n|\n|upkeep\n|turn|32\n|\n|t:|1699556807\n|move|p1a: Scream Tail|Protect|p1a: Scream Tail\n|-singleturn|p1a: Scream Tail|Protect\n|move|p2a: Fl@xx|Flip Turn|p1a: Scream Tail\n|-activate|p1a: Scream Tail|move: Protect\n|\n|-heal|p1a: Scream Tail|77\/100|[from] move: Wish|[wisher] Scream Tail\n|upkeep\n|turn|33\n|\n|t:|1699556816\n|move|p2a: Fl@xx|Flip Turn|p1a: Scream Tail\n|-damage|p1a: Scream Tail|66\/100\n|-damage|p2a: Fl@xx|59\/100|[from] item: Rocky Helmet|[of] p1a: Scream Tail\n|\n|t:|1699556826\n|-end|p2a: Fl@xx|Quark Drive|[silent]\n|switch|p2a: Flagzz|Arboliva, M, tera:Normal|58\/100|[from] Flip Turn\n|-damage|p2a: Flagzz|46\/100|[from] Stealth Rock\n|-enditem|p2a: Flagzz|Sitrus Berry|[eat]\n|-heal|p2a: Flagzz|71\/100|[from] item: Sitrus Berry\n|move|p1a: Scream Tail|Wish|p1a: Scream Tail\n|\n|upkeep\n|turn|34\n|\n|t:|1699556841\n|move|p1a: Scream Tail|Protect|p1a: Scream Tail\n|-singleturn|p1a: Scream Tail|Protect\n|move|p2a: Flagzz|Leech Seed|p1a: Scream Tail\n|-activate|p1a: Scream Tail|move: Protect\n|\n|-heal|p1a: Scream Tail|100\/100|[from] move: Wish|[wisher] Scream Tail\n|-item|p2a: Flagzz|Sitrus Berry|[from] ability: Harvest\n|upkeep\n|turn|35\n|\n|t:|1699556852\n|move|p1a: Scream Tail|Wish|p1a: Scream Tail\n|move|p2a: Flagzz|Leech Seed|p1a: Scream Tail\n|-start|p1a: Scream Tail|move: Leech Seed\n|\n|-damage|p1a: Scream Tail|88\/100|[from] Leech Seed|[of] p2a: Flagzz\n|-heal|p2a: Flagzz|86\/100|[silent]\n|upkeep\n|turn|36\n|\n|t:|1699556865\n|switch|p2a: Fl\u00e4gz|Conkeldurr, M|40\/100 brn\n|-damage|p2a: Fl\u00e4gz|34\/100 brn|[from] Stealth Rock\n|move|p1a: Scream Tail|Encore||[still]\n|-fail|p1a: Scream Tail\n|\n|-heal|p1a: Scream Tail|100\/100|[from] move: Wish|[wisher] Scream Tail\n|-damage|p1a: Scream Tail|88\/100|[from] Leech Seed|[of] p2a: Fl\u00e4gz\n|-heal|p2a: Fl\u00e4gz|47\/100 brn|[silent]\n|-damage|p2a: Fl\u00e4gz|41\/100 brn|[from] brn\n|upkeep\n|turn|37\n|\n|t:|1699556880\n|move|p1a: Scream Tail|Psychic|p2a: Fl\u00e4gz\n|-supereffective|p2a: Fl\u00e4gz\n|-damage|p2a: Fl\u00e4gz|0 fnt\n|faint|p2a: Fl\u00e4gz\n|\n|upkeep\n|\n|t:|1699556892\n|switch|p2a: Flaks|Kleavor, F|43\/100\n|-damage|p2a: Flaks|18\/100|[from] Stealth Rock\n|turn|38\n|\n|t:|1699556931\n|-end|p1a: Scream Tail|Protosynthesis|[silent]\n|switch|p1a: Landorus|Landorus-Therian, M|15\/100\n|-damage|p1a: Landorus|2\/100|[from] Stealth Rock\n|-ability|p1a: Landorus|Intimidate|boost\n|-unboost|p2a: Flaks|atk|1\n|move|p2a: Flaks|X-Scissor|p1a: Landorus\n|-resisted|p1a: Landorus\n|-damage|p1a: Landorus|0 fnt\n|faint|p1a: Landorus\n|\n|upkeep\n|\n|t:|1699556949\n|switch|p1a: Jolteon|Jolteon, M, tera:Ice|100\/100\n|turn|39\n|\n|t:|1699556956\n|move|p2a: Flaks|X-Scissor|p1a: Jolteon\n|-damage|p1a: Jolteon|16\/100\n|move|p1a: Jolteon|Tera Blast|p2a: Flaks|[anim] Tera Blast Ice\n|-damage|p2a: Flaks|0 fnt\n|faint|p2a: Flaks\n|\n|upkeep\n|\n|t:|1699556976\n|switch|p2a: Flagzz|Arboliva, M, tera:Normal|86\/100\n|-damage|p2a: Flagzz|73\/100|[from] Stealth Rock\n|turn|40\n|\n|t:|1699556984\n|move|p1a: Jolteon|Volt Switch|p2a: Flagzz\n|-damage|p2a: Flagzz|51\/100\n|\n|t:|1699556991\n|switch|p1a: Scream Tail|Scream Tail|88\/100|[from] Volt Switch\n|-damage|p1a: Scream Tail|76\/100|[from] Stealth Rock\n|move|p2a: Flagzz|Hyper Voice|p1a: Scream Tail\n|-damage|p1a: Scream Tail|40\/100\n|\n|upkeep\n|turn|41\n|\n|t:|1699557006\n|move|p1a: Scream Tail|Wish|p1a: Scream Tail\n|move|p2a: Flagzz|Leech Seed|p1a: Scream Tail|[miss]\n|-miss|p2a: Flagzz|p1a: Scream Tail\n|\n|upkeep\n|turn|42\n|\n|t:|1699557015\n|move|p1a: Scream Tail|Encore|p2a: Flagzz\n|-start|p2a: Flagzz|Encore\n|move|p2a: Flagzz|Leech Seed|p1a: Scream Tail\n|-start|p1a: Scream Tail|move: Leech Seed\n|\n|-heal|p1a: Scream Tail|90\/100|[from] move: Wish|[wisher] Scream Tail\n|-damage|p1a: Scream Tail|77\/100|[from] Leech Seed|[of] p2a: Flagzz\n|-heal|p2a: Flagzz|67\/100|[silent]\n|upkeep\n|turn|43\n|\n|t:|1699557024\n|move|p1a: Scream Tail|Wish|p1a: Scream Tail\n|move|p2a: Flagzz|Leech Seed|p1a: Scream Tail|[miss]\n|-miss|p2a: Flagzz|p1a: Scream Tail\n|\n|-damage|p1a: Scream Tail|65\/100|[from] Leech Seed|[of] p2a: Flagzz\n|-heal|p2a: Flagzz|82\/100|[silent]\n|upkeep\n|turn|44\n|\n|t:|1699557036\n|-end|p1a: Scream Tail|Protosynthesis|[silent]\n|switch|p1a: Sneasler|Sneasler, F|70\/100\n|-damage|p1a: Sneasler|64\/100|[from] Stealth Rock\n|move|p2a: Flagzz|Leech Seed|p1a: Sneasler\n|-start|p1a: Sneasler|move: Leech Seed\n|\n|-heal|p1a: Sneasler|100\/100|[from] move: Wish|[wisher] Scream Tail\n|-damage|p1a: Sneasler|88\/100|[from] Leech Seed|[of] p2a: Flagzz\n|-heal|p2a: Flagzz|92\/100|[silent]\n|-end|p2a: Flagzz|Encore\n|upkeep\n|turn|45\n|\n|t:|1699557061\n|move|p1a: Sneasler|Close Combat|p2a: Flagzz\n|-supereffective|p2a: Flagzz\n|-damage|p2a: Flagzz|0 fnt\n|-unboost|p1a: Sneasler|def|1\n|-unboost|p1a: Sneasler|spd|1\n|faint|p2a: Flagzz\n|\n|upkeep\n|\n|t:|1699557081\n|switch|p2a: Flagss|Thundurus-Therian, M|81\/100\n|-damage|p2a: Flagss|56\/100|[from] Stealth Rock\n|turn|46\n|\n|t:|1699557090\n|move|p1a: Sneasler|Close Combat|p2a: Flagss\n|-resisted|p2a: Flagss\n|-damage|p2a: Flagss|0 fnt\n|-unboost|p1a: Sneasler|def|1\n|-unboost|p1a: Sneasler|spd|1\n|faint|p2a: Flagss\n|\n|upkeep\n|\n|t:|1699557096\n|switch|p2a: Fl@xx|Iron Bundle|59\/100\n|-damage|p2a: Fl@xx|34\/100|[from] Stealth Rock\n|turn|47\n|\n|t:|1699557102\n|switch|p1a: Empoleon|Empoleon, F|100\/100\n|-damage|p1a: Empoleon|94\/100|[from] Stealth Rock\n|move|p2a: Fl@xx|Ice Beam|p1a: Empoleon\n|-resisted|p1a: Empoleon\n|-damage|p1a: Empoleon|82\/100\n|\n|upkeep\n|turn|48\n|\n|t:|1699557110\n|move|p2a: Fl@xx|Ice Beam|p1a: Empoleon\n|-resisted|p1a: Empoleon\n|-damage|p1a: Empoleon|70\/100\n|-status|p1a: Empoleon|frz\n|cant|p1a: Empoleon|frz\n|\n|upkeep\n|turn|49\n|\n|t:|1699557117\n|move|p2a: Fl@xx|Ice Beam|p1a: Empoleon\n|-resisted|p1a: Empoleon\n|-damage|p1a: Empoleon|57\/100 frz\n|cant|p1a: Empoleon|frz\n|\n|upkeep\n|turn|50\n|\n|t:|1699557123\n|move|p2a: Fl@xx|Ice Beam|p1a: Empoleon\n|-resisted|p1a: Empoleon\n|-damage|p1a: Empoleon|45\/100 frz\n|cant|p1a: Empoleon|frz\n|\n|upkeep\n|turn|51\n|\n|t:|1699557129\n|move|p2a: Fl@xx|Ice Beam|p1a: Empoleon\n|-resisted|p1a: Empoleon\n|-damage|p1a: Empoleon|33\/100 frz\n|cant|p1a: Empoleon|frz\n|\n|upkeep\n|turn|52\n|\n|t:|1699557135\n|move|p2a: Fl@xx|Ice Beam|p1a: Empoleon\n|-resisted|p1a: Empoleon\n|-damage|p1a: Empoleon|21\/100 frz\n|-curestatus|p1a: Empoleon|frz|[msg]\n|move|p1a: Empoleon|Flash Cannon|p2a: Fl@xx\n|-damage|p2a: Fl@xx|0 fnt\n|faint|p2a: Fl@xx\n|-end|p2a: Fl@xx|Quark Drive|[silent]\n|\n|win|Flaggx\n|c|\u2606Flaggx|gg\n|l|\u2606Klitschkuh\n","uploadtime":1699557189,"views":32,"p1id":"flaggx","p2id":"klitschkuh","formatid":"gen9anythinggoes","rating":0,"private":0,"password":""}