{"id":"gen9anythinggoes-1998971762","p1":"LordCufff","p2":"Sir_Rambage","format":"[Gen 9] Anything Goes","log":"|j|\u2606LordCufff\n|j|\u2606Sir_Rambage\n|t:|1701019318\n|gametype|singles\n|player|p1|LordCufff|102|1190\n|player|p2|Sir_Rambage|byron|1298\n|teamsize|p1|6\n|teamsize|p2|6\n|gen|9\n|tier|[Gen 9] Anything Goes\n|rated|\n|rule|HP Percentage Mod: HP is shown in percentages\n|rule|Endless Battle Clause: Forcing endless battles is banned\n|clearpoke\n|poke|p1|Iron Hands|\n|poke|p1|Annihilape, F|\n|poke|p1|Glimmora, M|\n|poke|p1|Ariados, F|\n|poke|p1|Kingambit, M|\n|poke|p1|Chi-Yu|\n|poke|p2|Okidogi, M|\n|poke|p2|Leavanny, M|\n|poke|p2|Probopass, F|\n|poke|p2|Vikavolt, F|\n|poke|p2|Victreebel, M|\n|poke|p2|Houndstone, M|\n|teampreview\n|inactive|Battle timer is ON: inactive players will automatically lose when time's up. (requested by LordCufff)\n|c|\u2606LordCufff|Let\u2019s have fun gg\n|\n|t:|1701019350\n|start\n|switch|p1a: Glimmora|Glimmora, M|100\/100\n|switch|p2a: Vikavolt|Vikavolt, F|100\/100\n|turn|1\n|\n|t:|1701019358\n|move|p1a: Glimmora|Mortal Spin|p2a: Vikavolt\n|-damage|p2a: Vikavolt|91\/100\n|-status|p2a: Vikavolt|psn\n|move|p2a: Vikavolt|Agility|p2a: Vikavolt\n|-boost|p2a: Vikavolt|spe|2\n|\n|-damage|p2a: Vikavolt|79\/100 psn|[from] psn\n|upkeep\n|turn|2\n|c|\u2606Sir_Rambage|glhf\n|\n|t:|1701019371\n|move|p2a: Vikavolt|Thunderbolt|p1a: Glimmora\n|-damage|p1a: Glimmora|16\/100\n|-damage|p2a: Vikavolt|69\/100 psn|[from] item: Life Orb\n|move|p1a: Glimmora|Light Screen|p1a: Glimmora\n|-sidestart|p1: LordCufff|move: Light Screen\n|\n|-damage|p2a: Vikavolt|57\/100 psn|[from] psn\n|upkeep\n|turn|3\n|\n|t:|1701019383\n|move|p2a: Vikavolt|Thunderbolt|p1a: Glimmora\n|-damage|p1a: Glimmora|0 fnt\n|faint|p1a: Glimmora\n|-damage|p2a: Vikavolt|47\/100 psn|[from] item: Life Orb\n|\n|-damage|p2a: Vikavolt|35\/100 psn|[from] psn\n|upkeep\n|\n|t:|1701019390\n|switch|p1a: Iron Hands|Iron Hands|100\/100\n|-enditem|p1a: Iron Hands|Booster Energy\n|-activate|p1a: Iron Hands|ability: Quark Drive|[fromitem]\n|-start|p1a: Iron Hands|quarkdriveatk\n|turn|4\n|\n|t:|1701019406\n|switch|p2a: Houndstone|Houndstone, M|100\/100\n|move|p1a: Iron Hands|Ice Punch|p2a: Houndstone\n|-damage|p2a: Houndstone|62\/100\n|\n|upkeep\n|turn|5\n|\n|t:|1701019417\n|move|p2a: Houndstone|Sandstorm|p2a: Houndstone\n|-weather|Sandstorm\n|move|p1a: Iron Hands|Earthquake|p2a: Houndstone\n|-damage|p2a: Houndstone|4\/100\n|\n|-weather|Sandstorm|[upkeep]\n|-damage|p1a: Iron Hands|94\/100|[from] Sandstorm\n|upkeep\n|turn|6\n|\n|t:|1701019423\n|move|p2a: Houndstone|Destiny Bond|p2a: Houndstone\n|-singlemove|p2a: Houndstone|Destiny Bond\n|move|p1a: Iron Hands|Ice Punch|p2a: Houndstone\n|-damage|p2a: Houndstone|0 fnt\n|faint|p2a: Houndstone\n|-activate|p2a: Houndstone|move: Destiny Bond\n|faint|p1a: Iron Hands\n|-end|p1a: Iron Hands|Quark Drive|[silent]\n|\n|-weather|Sandstorm|[upkeep]\n|-sideend|p1: LordCufff|move: Light Screen\n|upkeep\n|\n|t:|1701019440\n|switch|p2a: Probopass|Probopass, F|100\/100\n|switch|p1a: Ariados|Ariados, F|100\/100\n|turn|7\n|\n|t:|1701019447\n|move|p2a: Probopass|Iron Defense|p2a: Probopass\n|-boost|p2a: Probopass|def|2\n|move|p1a: Ariados|Trailblaze|p2a: Probopass\n|-crit|p2a: Probopass\n|-damage|p2a: Probopass|75\/100\n|-boost|p1a: Ariados|spe|1\n|\n|-weather|Sandstorm|[upkeep]\n|-damage|p1a: Ariados|94\/100|[from] Sandstorm\n|upkeep\n|turn|8\n|\n|t:|1701019456\n|move|p1a: Ariados|Sticky Web|p2a: Probopass\n|-sidestart|p2: Sir_Rambage|move: Sticky Web\n|move|p2a: Probopass|Iron Defense|p2a: Probopass\n|-boost|p2a: Probopass|def|2\n|\n|-weather|Sandstorm|[upkeep]\n|-damage|p1a: Ariados|88\/100|[from] Sandstorm\n|upkeep\n|turn|9\n|\n|t:|1701019463\n|move|p1a: Ariados|Trailblaze|p2a: Probopass\n|-damage|p2a: Probopass|70\/100\n|-boost|p1a: Ariados|spe|1\n|move|p2a: Probopass|Body Press|p1a: Ariados\n|-resisted|p1a: Ariados\n|-damage|p1a: Ariados|64\/100\n|\n|-weather|none\n|upkeep\n|turn|10\n|\n|t:|1701019471\n|move|p1a: Ariados|Leech Life|p2a: Probopass\n|-resisted|p2a: Probopass\n|-damage|p2a: Probopass|66\/100\n|-heal|p1a: Ariados|66\/100|[from] drain|[of] p2a: Probopass\n|move|p2a: Probopass|Thunder Wave|p1a: Ariados\n|-status|p1a: Ariados|par\n|\n|upkeep\n|turn|11\n|\n|t:|1701019478\n|move|p1a: Ariados|Cross Poison|p2a: Probopass\n|-immune|p2a: Probopass\n|move|p2a: Probopass|Iron Defense|p2a: Probopass\n|-boost|p2a: Probopass|def|2\n|\n|upkeep\n|turn|12\n|\n|t:|1701019486\n|switch|p1a: Annihilape|Annihilape, F, shiny|100\/100\n|move|p2a: Probopass|Body Press|p1a: Annihilape\n|-immune|p1a: Annihilape\n|\n|upkeep\n|turn|13\n|\n|t:|1701019492\n|move|p1a: Annihilape|Bulk Up|p1a: Annihilape\n|-boost|p1a: Annihilape|atk|1\n|-boost|p1a: Annihilape|def|1\n|move|p2a: Probopass|Thunder Wave|p1a: Annihilape\n|-status|p1a: Annihilape|par\n|\n|upkeep\n|turn|14\n|\n|t:|1701019500\n|switch|p2a: Vikavolt|Vikavolt, F|35\/100 psn\n|move|p1a: Annihilape|Drain Punch|p2a: Vikavolt\n|-resisted|p2a: Vikavolt\n|-damage|p2a: Vikavolt|0 fnt\n|faint|p2a: Vikavolt\n|\n|upkeep\n|\n|t:|1701019514\n|switch|p2a: Victreebel|Victreebel, M|100\/100\n|-activate|p2a: Victreebel|move: Sticky Web\n|-unboost|p2a: Victreebel|spe|1\n|turn|15\n|\n|t:|1701019522\n|move|p2a: Victreebel|Strength Sap|p1a: Annihilape\n|-unboost|p1a: Annihilape|atk|1\n|-ability|p1a: Annihilape|Defiant|boost\n|-boost|p1a: Annihilape|atk|2\n|move|p1a: Annihilape|Bulk Up|p1a: Annihilape\n|-boost|p1a: Annihilape|atk|1\n|-boost|p1a: Annihilape|def|1\n|\n|upkeep\n|turn|16\n|\n|t:|1701019530\n|move|p2a: Victreebel|Sunny Day|p2a: Victreebel\n|-weather|SunnyDay\n|move|p1a: Annihilape|Drain Punch|p2a: Victreebel\n|-resisted|p2a: Victreebel\n|-damage|p2a: Victreebel|44\/100\n|\n|-weather|SunnyDay|[upkeep]\n|upkeep\n|turn|17\n|\n|t:|1701019546\n|move|p2a: Victreebel|Weather Ball|p1a: Annihilape\n|-damage|p1a: Annihilape|72\/100 par\n|cant|p1a: Annihilape|par\n|\n|-weather|SunnyDay|[upkeep]\n|upkeep\n|turn|18\n|\n|t:|1701019554\n|move|p2a: Victreebel|Weather Ball|p1a: Annihilape\n|-damage|p1a: Annihilape|40\/100 par\n|cant|p1a: Annihilape|par\n|\n|-weather|SunnyDay|[upkeep]\n|upkeep\n|turn|19\n|\n|t:|1701019561\n|move|p2a: Victreebel|Weather Ball|p1a: Annihilape\n|-damage|p1a: Annihilape|10\/100 par\n|cant|p1a: Annihilape|par\n|\n|-weather|SunnyDay|[upkeep]\n|upkeep\n|turn|20\n|\n|t:|1701019568\n|move|p2a: Victreebel|Solar Beam||[still]\n|-prepare|p2a: Victreebel|Solar Beam\n|-anim|p2a: Victreebel|Solar Beam|p1a: Annihilape\n|-damage|p1a: Annihilape|0 fnt\n|faint|p1a: Annihilape\n|\n|-weather|none\n|upkeep\n|\n|t:|1701019570\n|switch|p1a: Ariados|Ariados, F|66\/100 par\n|turn|21\n|\n|t:|1701019588\n|move|p2a: Victreebel|Strength Sap|p1a: Ariados\n|-unboost|p1a: Ariados|atk|1\n|-heal|p2a: Victreebel|100\/100\n|cant|p1a: Ariados|par\n|\n|upkeep\n|turn|22\n|\n|t:|1701019596\n|switch|p2a: Probopass|Probopass, F|66\/100\n|-activate|p2a: Probopass|move: Sticky Web\n|-unboost|p2a: Probopass|spe|1\n|move|p1a: Ariados|Cross Poison|p2a: Probopass\n|-immune|p2a: Probopass\n|\n|upkeep\n|turn|23\n|\n|t:|1701019603\n|move|p2a: Probopass|Iron Defense|p2a: Probopass\n|-boost|p2a: Probopass|def|2\n|move|p1a: Ariados|Trailblaze|p2a: Probopass\n|-damage|p2a: Probopass|61\/100\n|-boost|p1a: Ariados|spe|1\n|\n|upkeep\n|turn|24\n|\n|t:|1701019610\n|switch|p1a: Chi-Yu|Chi-Yu|100\/100\n|-ability|p1a: Chi-Yu|Beads of Ruin\n|move|p2a: Probopass|Iron Defense|p2a: Probopass\n|-boost|p2a: Probopass|def|2\n|\n|upkeep\n|turn|25\n|\n|t:|1701019630\n|-terastallize|p2a: Probopass|Water\n|move|p1a: Chi-Yu|Nasty Plot|p1a: Chi-Yu\n|-boost|p1a: Chi-Yu|spa|2\n|move|p2a: Probopass|Body Press|p1a: Chi-Yu\n|-supereffective|p1a: Chi-Yu\n|-enditem|p1a: Chi-Yu|Focus Sash\n|-damage|p1a: Chi-Yu|1\/100\n|\n|upkeep\n|turn|26\n|\n|t:|1701019640\n|move|p1a: Chi-Yu|Overheat|p2a: Probopass\n|-resisted|p2a: Probopass\n|-damage|p2a: Probopass|13\/100\n|-unboost|p1a: Chi-Yu|spa|2\n|move|p2a: Probopass|Body Press|p1a: Chi-Yu\n|-supereffective|p1a: Chi-Yu\n|-damage|p1a: Chi-Yu|0 fnt\n|faint|p1a: Chi-Yu\n|\n|upkeep\n|\n|t:|1701019643\n|switch|p1a: Ariados|Ariados, F|66\/100 par\n|turn|27\n|\n|t:|1701019651\n|move|p2a: Probopass|Rest|p2a: Probopass\n|-status|p2a: Probopass|slp|[from] move: Rest\n|-heal|p2a: Probopass|100\/100 slp|[silent]\n|-enditem|p2a: Probopass|Chesto Berry|[eat]\n|-curestatus|p2a: Probopass|slp|[msg]\n|cant|p1a: Ariados|par\n|\n|upkeep\n|turn|28\n|\n|t:|1701019661\n|move|p2a: Probopass|Iron Defense|p2a: Probopass\n|-boost|p2a: Probopass|def|2\n|move|p1a: Ariados|Trailblaze|p2a: Probopass\n|-supereffective|p2a: Probopass\n|-damage|p2a: Probopass|94\/100\n|-boost|p1a: Ariados|spe|1\n|\n|upkeep\n|turn|29\n|\n|t:|1701019667\n|move|p1a: Ariados|Trailblaze|p2a: Probopass\n|-supereffective|p2a: Probopass\n|-crit|p2a: Probopass\n|-damage|p2a: Probopass|42\/100\n|-boost|p1a: Ariados|spe|1\n|move|p2a: Probopass|Body Press|p1a: Ariados\n|-resisted|p1a: Ariados\n|-damage|p1a: Ariados|33\/100 par\n|\n|upkeep\n|turn|30\n|\n|t:|1701019675\n|move|p1a: Ariados|Trailblaze|p2a: Probopass\n|-supereffective|p2a: Probopass\n|-damage|p2a: Probopass|37\/100\n|-boost|p1a: Ariados|spe|1\n|move|p2a: Probopass|Body Press|p1a: Ariados\n|-resisted|p1a: Ariados\n|-damage|p1a: Ariados|0 fnt\n|faint|p1a: Ariados\n|\n|upkeep\n|\n|t:|1701019679\n|switch|p1a: Kingambit|Kingambit, M|100\/100\n|-activate|p1a: Kingambit|ability: Supreme Overlord\n|-start|p1a: Kingambit|fallen5|[silent]\n|turn|31\n|\n|t:|1701019686\n|-terastallize|p1a: Kingambit|Dark\n|move|p1a: Kingambit|Kowtow Cleave|p2a: Probopass\n|-damage|p2a: Probopass|20\/100\n|move|p2a: Probopass|Body Press|p1a: Kingambit\n|-supereffective|p1a: Kingambit\n|-damage|p1a: Kingambit|0 fnt\n|faint|p1a: Kingambit\n|-end|p1a: Kingambit|fallen5|[silent]\n|\n|win|Sir_Rambage\n|raw|LordCufff's rating: 1190 &rarr; <strong>1173<\/strong><br \/>(-17 for losing)\n|raw|Sir_Rambage's rating: 1298 &rarr; <strong>1315<\/strong><br \/>(+17 for winning)\n|l|\u2606LordCufff\n","uploadtime":1701019698,"views":0,"p1id":"lordcufff","p2id":"sirrambage","formatid":"gen9anythinggoes","rating":1173,"private":0,"password":""}