{"id":"gen9anythinggoes-1980169031","p1":"Enyab","p2":"diggerrqn1","format":"[Gen 9] Anything Goes","log":"|j|\u2606Enyab\n|j|\u2606diggerrqn1\n|t:|1698763276\n|gametype|singles\n|player|p1|Enyab|169|1069\n|player|p2|diggerrqn1|ruinmaniac|1000\n|teamsize|p1|6\n|teamsize|p2|1\n|gen|9\n|tier|[Gen 9] Anything Goes\n|rated|\n|rule|HP Percentage Mod: HP is shown in percentages\n|rule|Endless Battle Clause: Forcing endless battles is banned\n|clearpoke\n|poke|p1|Rabsca, F|\n|poke|p1|Maushold|\n|poke|p1|Lilligant-Hisui, F|\n|poke|p1|Manaphy|\n|poke|p1|Talonflame, M|\n|poke|p1|Dragapult, F|\n|poke|p2|Calyrex-Shadow|\n|teampreview\n|inactive|Battle timer is ON: inactive players will automatically lose when time's up. (requested by diggerrqn1)\n|\n|t:|1698763289\n|start\n|switch|p1a: Lilligant|Lilligant-Hisui, F|100\/100\n|switch|p2a: Calyrex|Calyrex-Shadow|100\/100\n|-ability|p2a: Calyrex|As One\n|-ability|p2a: Calyrex|Unnerve\n|turn|1\n|\n|t:|1698763296\n|move|p2a: Calyrex|Astral Barrage|p1a: Lilligant\n|-crit|p1a: Lilligant\n|-damage|p1a: Lilligant|0 fnt\n|faint|p1a: Lilligant\n|-ability|p2a: Calyrex|Grim Neigh|boost\n|-boost|p2a: Calyrex|spa|1\n|\n|upkeep\n|\n|t:|1698763303\n|switch|p1a: Maushold|Maushold|100\/100\n|turn|2\n|\n|t:|1698763308\n|-terastallize|p2a: Calyrex|Dark\n|move|p2a: Calyrex|Dark Pulse|p1a: Maushold\n|-damage|p1a: Maushold|0 fnt\n|faint|p1a: Maushold\n|-ability|p2a: Calyrex|Grim Neigh|boost\n|-boost|p2a: Calyrex|spa|1\n|\n|upkeep\n|\n|t:|1698763323\n|switch|p1a: Talonflame|Talonflame, M|100\/100\n|turn|3\n|\n|t:|1698763332\n|move|p2a: Calyrex|Dark Pulse|p1a: Talonflame\n|-damage|p1a: Talonflame|0 fnt\n|faint|p1a: Talonflame\n|-ability|p2a: Calyrex|Grim Neigh|boost\n|-boost|p2a: Calyrex|spa|1\n|\n|upkeep\n|\n|t:|1698763338\n|switch|p1a: Rabsca|Rabsca, F|100\/100\n|turn|4\n|\n|t:|1698763348\n|move|p2a: Calyrex|Dark Pulse|p1a: Rabsca\n|-supereffective|p1a: Rabsca\n|-enditem|p1a: Rabsca|Focus Sash\n|-damage|p1a: Rabsca|1\/100\n|move|p1a: Rabsca|Revival Blessing|p1a: Rabsca\n|\n|t:|1698763354\n|-heal|p1: Maushold|50\/100|[from] move: Revival Blessing\n|\n|upkeep\n|turn|5\n|\n|t:|1698763358\n|move|p2a: Calyrex|Dark Pulse|p1a: Rabsca\n|-supereffective|p1a: Rabsca\n|-damage|p1a: Rabsca|0 fnt\n|faint|p1a: Rabsca\n|-ability|p2a: Calyrex|Grim Neigh|boost\n|-boost|p2a: Calyrex|spa|1\n|\n|upkeep\n|\n|t:|1698763363\n|switch|p1a: Dragapult|Dragapult, F|100\/100\n|turn|6\n|\n|t:|1698763366\n|move|p2a: Calyrex|Dark Pulse|p1a: Dragapult\n|-supereffective|p1a: Dragapult\n|-damage|p1a: Dragapult|0 fnt\n|faint|p1a: Dragapult\n|-ability|p2a: Calyrex|Grim Neigh|boost\n|-boost|p2a: Calyrex|spa|1\n|\n|upkeep\n|-message|Enyab forfeited.\n|\n|win|diggerrqn1\n|raw|Enyab's rating: 1069 &rarr; <strong>1045<\/strong><br \/>(-24 for losing)\n|raw|diggerrqn1's rating: 1000 &rarr; <strong>1048<\/strong><br \/>(+48 for winning)\n|l|\u2606Enyab\n","uploadtime":1698763376,"views":8,"p1id":"enyab","p2id":"diggerrqn1","formatid":"gen9anythinggoes","rating":1045,"private":0,"password":""}