{"id":"gen9anythinggoes-1972666323","p1":"slmfjn","p2":"Doktor214269","format":"[Gen 9] Anything Goes","log":"|j|\u2606slmfjn\n|j|\u2606Doktor214269\n|t:|1697873750\n|gametype|singles\n|player|p1|slmfjn|nate|1100\n|player|p2|Doktor214269|roxie|1163\n|teamsize|p1|5\n|teamsize|p2|6\n|gen|9\n|tier|[Gen 9] Anything Goes\n|rated|\n|rule|HP Percentage Mod: HP is shown in percentages\n|rule|Endless Battle Clause: Forcing endless battles is banned\n|clearpoke\n|poke|p1|Calyrex-Shadow|\n|poke|p1|Miraidon|\n|poke|p1|Zacian-*|\n|poke|p1|Ditto|\n|poke|p1|Chien-Pao|\n|poke|p2|Miraidon|\n|poke|p2|Lilligant-Hisui, F|\n|poke|p2|Bisharp, F|\n|poke|p2|Cloyster, M|\n|poke|p2|Zoroark-Hisui, F|\n|poke|p2|Mimikyu, M|\n|teampreview\n|inactive|Battle timer is ON: inactive players will automatically lose when time's up. (requested by slmfjn)\n|inactive|slmfjn has 120 seconds left.\n|inactive|Doktor214269 has 120 seconds left.\n|\n|t:|1697873788\n|start\n|switch|p1a: Zacian|Zacian-Crowned|100\/100\n|switch|p2a: Miraidon|Miraidon|100\/100\n|-ability|p1a: Zacian|Intrepid Sword|boost\n|-boost|p1a: Zacian|atk|1\n|turn|1\n|\n|t:|1697873801\n|move|p1a: Zacian|Play Rough|p2a: Miraidon\n|-enditem|p2a: Miraidon|Focus Sash\n|-damage|p2a: Miraidon|1\/100\n|replace|p2a: Zoroark-|Zoroark-Hisui, F\n|-end|p2a: Zoroark-|Illusion\n|move|p2a: Zoroark-|Flamethrower|p1a: Zacian\n|-supereffective|p1a: Zacian\n|-damage|p1a: Zacian|39\/100\n|\n|upkeep\n|turn|2\n|\n|t:|1697873811\n|move|p1a: Zacian|Play Rough|p2a: Zoroark-\n|-damage|p2a: Zoroark-|0 fnt\n|faint|p2a: Zoroark-\n|\n|upkeep\n|\n|t:|1697873817\n|switch|p2a: Miraidon|Miraidon|100\/100\n|-fieldstart|move: Electric Terrain|[from] ability: Hadron Engine|[of] p2a: Miraidon\n|-enditem|p2a: Miraidon|Electric Seed\n|-boost|p2a: Miraidon|def|1|[from] item: Electric Seed\n|turn|3\n|inactive|slmfjn has 120 seconds left.\n|\n|t:|1697873854\n|-terastallize|p2a: Miraidon|Electric\n|move|p2a: Miraidon|Electro Drift|p1a: Zacian\n|-damage|p1a: Zacian|0 fnt\n|faint|p1a: Zacian\n|\n|upkeep\n|\n|t:|1697873864\n|switch|p1a: Miraidon|Miraidon|100\/100\n|-activate|p1a: Miraidon|ability: Hadron Engine\n|turn|4\n|\n|t:|1697873869\n|-terastallize|p1a: Miraidon|Electric\n|move|p1a: Miraidon|Parabolic Charge|p2a: Miraidon\n|-resisted|p2a: Miraidon\n|-damage|p2a: Miraidon|50\/100\n|move|p2a: Miraidon|Dragon Pulse|p1a: Miraidon\n|-damage|p1a: Miraidon|44\/100\n|\n|upkeep\n|turn|5\n|\n|t:|1697873878\n|move|p2a: Miraidon|Parabolic Charge|p1a: Miraidon\n|-resisted|p1a: Miraidon\n|-damage|p1a: Miraidon|7\/100\n|-heal|p2a: Miraidon|69\/100|[from] drain|[of] p1a: Miraidon\n|move|p1a: Miraidon|Parabolic Charge|p2a: Miraidon\n|-resisted|p2a: Miraidon\n|-damage|p2a: Miraidon|13\/100\n|-heal|p1a: Miraidon|35\/100|[from] drain|[of] p2a: Miraidon\n|\n|upkeep\n|turn|6\n|\n|t:|1697873888\n|move|p2a: Miraidon|Parabolic Charge|p1a: Miraidon\n|-resisted|p1a: Miraidon\n|-damage|p1a: Miraidon|0 fnt\n|-heal|p2a: Miraidon|30\/100|[from] drain|[of] p1a: Miraidon\n|faint|p1a: Miraidon\n|\n|upkeep\n|\n|t:|1697873895\n|switch|p1a: Chien-Pao|Chien-Pao|100\/100\n|-ability|p1a: Chien-Pao|Sword of Ruin\n|turn|7\n|\n|t:|1697873903\n|move|p1a: Chien-Pao|Crunch|p2a: Miraidon\n|-damage|p2a: Miraidon|0 fnt\n|faint|p2a: Miraidon\n|\n|-fieldend|move: Electric Terrain\n|upkeep\n|\n|t:|1697873912\n|switch|p2a: Mimikyu|Mimikyu, M|100\/100\n|turn|8\n|inactive|slmfjn has 120 seconds left.\n|inactive|slmfjn has 90 seconds left.\n|\n|t:|1697873978\n|move|p1a: Chien-Pao|Sucker Punch|p2a: Mimikyu\n|-activate|p2a: Mimikyu|ability: Disguise\n|-damage|p2a: Mimikyu|100\/100\n|detailschange|p2a: Mimikyu|Mimikyu-Busted, M\n|-damage|p2a: Mimikyu|88\/100|[from] pokemon: Mimikyu-Busted\n|move|p2a: Mimikyu|Drain Punch|p1a: Chien-Pao\n|-supereffective|p1a: Chien-Pao\n|-enditem|p1a: Chien-Pao|Focus Sash\n|-damage|p1a: Chien-Pao|1\/100\n|-heal|p2a: Mimikyu|100\/100|[from] drain|[of] p1a: Chien-Pao\n|-damage|p2a: Mimikyu|91\/100|[from] item: Life Orb\n|\n|upkeep\n|turn|9\n|inactive|slmfjn has 90 seconds left.\n|\n|t:|1697873991\n|move|p1a: Chien-Pao|Sucker Punch|p2a: Mimikyu\n|-damage|p2a: Mimikyu|18\/100\n|move|p2a: Mimikyu|Shadow Sneak|p1a: Chien-Pao\n|-resisted|p1a: Chien-Pao\n|-damage|p1a: Chien-Pao|0 fnt\n|faint|p1a: Chien-Pao\n|-damage|p2a: Mimikyu|8\/100|[from] item: Life Orb\n|\n|upkeep\n|\n|t:|1697873996\n|switch|p1a: Calyrex|Calyrex-Shadow|100\/100\n|-ability|p1a: Calyrex|As One\n|-ability|p1a: Calyrex|Unnerve\n|turn|10\n|\n|t:|1697874004\n|move|p1a: Calyrex|Protect|p1a: Calyrex\n|-singleturn|p1a: Calyrex|Protect\n|move|p2a: Mimikyu|Shadow Sneak|p1a: Calyrex\n|-activate|p1a: Calyrex|move: Protect\n|\n|upkeep\n|turn|11\n|\n|t:|1697874012\n|switch|p1a: Ditto|Ditto|100\/100\n|-transform|p1a: Ditto|p2a: Mimikyu|[from] ability: Imposter\n|move|p2a: Mimikyu|Shadow Sneak|p1a: Ditto\n|-supereffective|p1a: Ditto\n|-damage|p1a: Ditto|37\/100\n|-damage|p2a: Mimikyu|0 fnt|[from] item: Life Orb\n|faint|p2a: Mimikyu\n|\n|upkeep\n|\n|t:|1697874027\n|switch|p2a: Cloyster|Cloyster, M|100\/100\n|turn|12\n|\n|t:|1697874049\n|move|p1a: Ditto|Drain Punch|p2a: Cloyster\n|-supereffective|p2a: Cloyster\n|-damage|p2a: Cloyster|66\/100\n|-heal|p1a: Ditto|51\/100|[from] drain|[of] p2a: Cloyster\n|move|p2a: Cloyster|Shell Smash|p2a: Cloyster\n|-unboost|p2a: Cloyster|def|1\n|-unboost|p2a: Cloyster|spd|1\n|-boost|p2a: Cloyster|atk|2\n|-boost|p2a: Cloyster|spa|2\n|-boost|p2a: Cloyster|spe|2\n|-enditem|p2a: Cloyster|White Herb\n|-clearnegativeboost|p2a: Cloyster|[silent]\n|\n|upkeep\n|turn|13\n|\n|t:|1697874061\n|move|p1a: Ditto|Drain Punch|p2a: Cloyster\n|-supereffective|p2a: Cloyster\n|-damage|p2a: Cloyster|29\/100\n|-heal|p1a: Ditto|66\/100|[from] drain|[of] p2a: Cloyster\n|move|p2a: Cloyster|Icicle Spear|p1a: Ditto\n|-damage|p1a: Ditto|34\/100\n|-damage|p1a: Ditto|0 fnt\n|faint|p1a: Ditto\n|-hitcount|p1: Ditto|2\n|\n|upkeep\n|inactive|slmfjn has 90 seconds left.\n|\n|t:|1697874079\n|switch|p1a: Calyrex|Calyrex-Shadow|100\/100\n|-ability|p1a: Calyrex|As One\n|-ability|p1a: Calyrex|Unnerve\n|turn|14\n|\n|t:|1697874084\n|move|p2a: Cloyster|Icicle Spear|p1a: Calyrex\n|-crit|p1a: Calyrex\n|-damage|p1a: Calyrex|62\/100\n|-damage|p1a: Calyrex|33\/100\n|-damage|p1a: Calyrex|5\/100\n|-damage|p1a: Calyrex|0 fnt\n|faint|p1a: Calyrex\n|-hitcount|p1: Calyrex|4\n|\n|win|Doktor214269\n|raw|slmfjn's rating: 1100 &rarr; <strong>1079<\/strong><br \/>(-21 for losing)\n|raw|Doktor214269's rating: 1163 &rarr; <strong>1184<\/strong><br \/>(+21 for winning)\n","uploadtime":1697874088,"views":13,"p1id":"slmfjn","p2id":"doktor214269","formatid":"gen9anythinggoes","rating":1079,"private":0,"password":""}