{"id":"gen9anythinggoes-1979735926","p1":"adrianpopu","p2":"ZenithGaming","format":"[Gen 9] Anything Goes","log":"|j|\u2606adrianpopu\n|j|\u2606ZenithGaming\n|t:|1698707935\n|gametype|singles\n|player|p1|adrianpopu|schoolkid-gen4dp|1077\n|player|p2|ZenithGaming|ethan|1166\n|teamsize|p1|6\n|teamsize|p2|6\n|gen|9\n|tier|[Gen 9] Anything Goes\n|rated|\n|rule|HP Percentage Mod: HP is shown in percentages\n|rule|Endless Battle Clause: Forcing endless battles is banned\n|clearpoke\n|poke|p1|Sandslash, M|\n|poke|p1|Sandslash-Alola, M|\n|poke|p1|Ninetales-Alola, F|\n|poke|p1|Zoroark, F|\n|poke|p1|Dachsbun, F|\n|poke|p1|Espeon, F|\n|poke|p2|Weavile, F|\n|poke|p2|Shiftry, M|\n|poke|p2|Gallade, M|\n|poke|p2|Quagsire, F|\n|poke|p2|Quaquaval, M|\n|poke|p2|Hawlucha, F|\n|teampreview\n|inactive|Battle timer is ON: inactive players will automatically lose when time's up. (requested by ZenithGaming)\n|\n|t:|1698707960\n|start\n|switch|p1a: Sandslash|Sandslash, M|100\/100\n|switch|p2a: Weavile|Weavile, F|100\/100\n|-ability|p2a: Weavile|Pressure\n|turn|1\n|\n|t:|1698707978\n|move|p2a: Weavile|Icicle Crash|p1a: Sandslash|[miss]\n|-miss|p2a: Weavile|p1a: Sandslash\n|move|p1a: Sandslash|Knock Off|p2a: Weavile\n|-resisted|p2a: Weavile\n|-damage|p2a: Weavile|81\/100\n|-enditem|p2a: Weavile|King's Rock|[from] move: Knock Off|[of] p1a: Sandslash\n|\n|upkeep\n|turn|2\n|\n|t:|1698707988\n|move|p2a: Weavile|Icicle Crash|p1a: Sandslash\n|-supereffective|p1a: Sandslash\n|-damage|p1a: Sandslash|49\/100\n|cant|p1a: Sandslash|flinch\n|\n|upkeep\n|turn|3\n|\n|t:|1698707998\n|move|p2a: Weavile|Icicle Crash|p1a: Sandslash\n|-supereffective|p1a: Sandslash\n|-damage|p1a: Sandslash|0 fnt\n|faint|p1a: Sandslash\n|\n|upkeep\n|\n|t:|1698708014\n|switch|p1a: Espeon|Espeon, F|100\/100\n|turn|4\n|\n|t:|1698708021\n|move|p2a: Weavile|Beat Up|p1a: Espeon\n|-supereffective|p1a: Espeon\n|-crit|p1a: Espeon\n|-damage|p1a: Espeon|50\/100\n|-supereffective|p1a: Espeon\n|-damage|p1a: Espeon|23\/100\n|-supereffective|p1a: Espeon\n|-damage|p1a: Espeon|0 fnt\n|faint|p1a: Espeon\n|-hitcount|p1: Espeon|3\n|\n|upkeep\n|\n|t:|1698708031\n|switch|p1a: Dachsbun|Dachsbun, F|100\/100\n|turn|5\n|c|\u2606ZenithGaming|whyd that go down so easy?\n|\n|t:|1698708036\n|move|p2a: Weavile|Icicle Crash|p1a: Dachsbun\n|-damage|p1a: Dachsbun|12\/100\n|replace|p1a: Zoroark|Zoroark, F\n|-end|p1a: Zoroark|Illusion\n|move|p1a: Zoroark|Flamethrower|p2a: Weavile\n|-supereffective|p2a: Weavile\n|-damage|p2a: Weavile|4\/100\n|\n|upkeep\n|turn|6\n|\n|t:|1698708049\n|move|p2a: Weavile|Beat Up|p1a: Zoroark\n|-resisted|p1a: Zoroark\n|-damage|p1a: Zoroark|4\/100\n|-resisted|p1a: Zoroark\n|-damage|p1a: Zoroark|0 fnt\n|faint|p1a: Zoroark\n|-hitcount|p1: Zoroark|2\n|\n|upkeep\n|\n|t:|1698708066\n|switch|p1a: Ninetales|Ninetales-Alola, F|100\/100\n|-weather|Snow|[from] ability: Snow Warning|[of] p1a: Ninetales\n|turn|7\n|\n|t:|1698708075\n|-terastallize|p1a: Ninetales|Ground\n|move|p2a: Weavile|Icicle Crash|p1a: Ninetales\n|-supereffective|p1a: Ninetales\n|-damage|p1a: Ninetales|0 fnt\n|faint|p1a: Ninetales\n|\n|-weather|Snow|[upkeep]\n|upkeep\n|\n|t:|1698708085\n|switch|p1a: Sandslash|Sandslash-Alola, M|100\/100\n|turn|8\n|\n|t:|1698708091\n|move|p1a: Sandslash|Iron Head|p2a: Weavile\n|-supereffective|p2a: Weavile\n|-crit|p2a: Weavile\n|-damage|p2a: Weavile|0 fnt\n|faint|p2a: Weavile\n|\n|-weather|Snow|[upkeep]\n|upkeep\n|\n|t:|1698708099\n|switch|p2a: Shiftry|Shiftry, M|100\/100\n|turn|9\n|\n|t:|1698708105\n|move|p1a: Sandslash|Icicle Crash|p2a: Shiftry|[miss]\n|-miss|p1a: Sandslash|p2a: Shiftry\n|move|p2a: Shiftry|Brick Break|p1a: Sandslash\n|-supereffective|p1a: Sandslash\n|-damage|p1a: Sandslash|44\/100\n|\n|-weather|Snow|[upkeep]\n|upkeep\n|turn|10\n|\n|t:|1698708116\n|move|p1a: Sandslash|Swords Dance|p1a: Sandslash\n|-boost|p1a: Sandslash|atk|2\n|move|p2a: Shiftry|Brick Break|p1a: Sandslash\n|-supereffective|p1a: Sandslash\n|-damage|p1a: Sandslash|0 fnt\n|faint|p1a: Sandslash\n|\n|-weather|Snow|[upkeep]\n|upkeep\n|\n|t:|1698708128\n|switch|p1a: Dachsbun|Dachsbun, F|100\/100\n|turn|11\n|\n|t:|1698708156\n|move|p2a: Shiftry|Tailwind|p2a: Shiftry\n|-sidestart|p2: ZenithGaming|move: Tailwind\n|-ability|p2a: Shiftry|Wind Rider|boost\n|-boost|p2a: Shiftry|atk|1\n|move|p1a: Dachsbun|Play Rough|p2a: Shiftry\n|-supereffective|p2a: Shiftry\n|-damage|p2a: Shiftry|14\/100\n|\n|-weather|none\n|upkeep\n|turn|12\n|\n|t:|1698708167\n|move|p2a: Shiftry|Leaf Blade|p1a: Dachsbun\n|-damage|p1a: Dachsbun|63\/100\n|move|p1a: Dachsbun|Play Rough|p2a: Shiftry\n|-supereffective|p2a: Shiftry\n|-damage|p2a: Shiftry|0 fnt\n|faint|p2a: Shiftry\n|\n|-heal|p1a: Dachsbun|69\/100|[from] item: Leftovers\n|upkeep\n|\n|t:|1698708172\n|switch|p2a: Quagsire|Quagsire, F, shiny|100\/100\n|turn|13\n|\n|t:|1698708184\n|move|p1a: Dachsbun|Protect|p1a: Dachsbun\n|-singleturn|p1a: Dachsbun|Protect\n|move|p2a: Quagsire|Toxic|p1a: Dachsbun\n|-activate|p1a: Dachsbun|move: Protect\n|\n|-heal|p1a: Dachsbun|75\/100|[from] item: Leftovers\n|upkeep\n|turn|14\n|\n|t:|1698708197\n|move|p1a: Dachsbun|Play Rough|p2a: Quagsire\n|-damage|p2a: Quagsire|84\/100\n|move|p2a: Quagsire|Toxic|p1a: Dachsbun\n|-status|p1a: Dachsbun|tox\n|\n|-heal|p1a: Dachsbun|81\/100 tox|[from] item: Leftovers\n|-heal|p2a: Quagsire|90\/100|[from] item: Leftovers\n|-damage|p1a: Dachsbun|75\/100 tox|[from] psn\n|-sideend|p2: ZenithGaming|move: Tailwind\n|upkeep\n|turn|15\n|\n|t:|1698708210\n|move|p1a: Dachsbun|Body Press|p2a: Quagsire\n|-damage|p2a: Quagsire|70\/100\n|move|p2a: Quagsire|Ice Beam|p1a: Dachsbun\n|-damage|p1a: Dachsbun|57\/100 tox\n|\n|-heal|p1a: Dachsbun|63\/100 tox|[from] item: Leftovers\n|-heal|p2a: Quagsire|76\/100|[from] item: Leftovers\n|-damage|p1a: Dachsbun|51\/100 tox|[from] psn\n|upkeep\n|turn|16\n|\n|t:|1698708224\n|move|p1a: Dachsbun|Wish|p1a: Dachsbun\n|move|p2a: Quagsire|Ice Beam|p1a: Dachsbun\n|-damage|p1a: Dachsbun|34\/100 tox\n|\n|-heal|p1a: Dachsbun|40\/100 tox|[from] item: Leftovers\n|-heal|p2a: Quagsire|82\/100|[from] item: Leftovers\n|-damage|p1a: Dachsbun|22\/100 tox|[from] psn\n|upkeep\n|turn|17\n|c|\u2606ZenithGaming|gg\n|\n|t:|1698708239\n|move|p1a: Dachsbun|Protect|p1a: Dachsbun\n|-singleturn|p1a: Dachsbun|Protect\n|move|p2a: Quagsire|Ice Beam|p1a: Dachsbun\n|-activate|p1a: Dachsbun|move: Protect\n|\n|-heal|p1a: Dachsbun|72\/100 tox|[from] move: Wish|[wisher] Dachsbun\n|-heal|p1a: Dachsbun|78\/100 tox|[from] item: Leftovers\n|-heal|p2a: Quagsire|88\/100|[from] item: Leftovers\n|-damage|p1a: Dachsbun|54\/100 tox|[from] psn\n|upkeep\n|turn|18\n|inactive|adrianpopu has 120 seconds left.\n|\n|t:|1698708265\n|move|p1a: Dachsbun|Play Rough|p2a: Quagsire\n|-damage|p2a: Quagsire|69\/100\n|move|p2a: Quagsire|Ice Beam|p1a: Dachsbun\n|-damage|p1a: Dachsbun|38\/100 tox\n|\n|-heal|p1a: Dachsbun|44\/100 tox|[from] item: Leftovers\n|-heal|p2a: Quagsire|75\/100|[from] item: Leftovers\n|-damage|p1a: Dachsbun|14\/100 tox|[from] psn\n|upkeep\n|turn|19\n|inactive|adrianpopu has 120 seconds left.\n|\n|t:|1698708277\n|move|p1a: Dachsbun|Play Rough|p2a: Quagsire\n|-damage|p2a: Quagsire|57\/100\n|move|p2a: Quagsire|Rest|p2a: Quagsire\n|-status|p2a: Quagsire|slp|[from] move: Rest\n|-heal|p2a: Quagsire|100\/100 slp|[silent]\n|\n|-heal|p1a: Dachsbun|20\/100 tox|[from] item: Leftovers\n|-damage|p1a: Dachsbun|0 fnt|[from] psn\n|faint|p1a: Dachsbun\n|\n|win|ZenithGaming\n|upkeep\n|raw|adrianpopu's rating: 1077 &rarr; <strong>1061<\/strong><br \/>(-16 for losing)\n|raw|ZenithGaming's rating: 1166 &rarr; <strong>1185<\/strong><br \/>(+19 for winning)\n|c|\u2606ZenithGaming|gg\n","uploadtime":1698708285,"views":18,"p1id":"adrianpopu","p2id":"zenithgaming","formatid":"gen9anythinggoes","rating":1061,"private":0,"password":""}