{"id":"gen9anythinggoes-1995260079","p1":"xdTactician","p2":"DragonPhoenix333","format":"[Gen 9] Anything Goes","log":"|j|\u2606xdTactician\n|j|\u2606DragonPhoenix333\n|inactive|Battle timer is ON: inactive players will automatically lose when time's up.\n|t:|1700542736\n|gametype|singles\n|player|p1|xdTactician|265|\n|player|p2|DragonPhoenix333|nobunaga-conquest|\n|teamsize|p1|3\n|teamsize|p2|3\n|gen|9\n|tier|[Gen 9] Anything Goes\n|rated|Tournament battle\n|rule|HP Percentage Mod: HP is shown in percentages\n|rule|Endless Battle Clause: Forcing endless battles is banned\n|rule|Species Clause: Limit one of each Pok\u00e9mon\n|rule|OHKO Clause: OHKO moves are banned\n|rule|Evasion Moves Clause: Evasion moves are banned\n|rule|1 Ability Clause: Limit 1 of each ability\n|rule|Sleep Moves Clause: Sleep-inducing moves are banned\n|rule|Terastal Clause: You cannot Terastallize\n|clearpoke\n|poke|p1|Axew, F|\n|poke|p1|Crawdaunt, M|\n|poke|p1|Quaquaval, M|\n|poke|p2|Aipom, M|\n|poke|p2|Muk-Alola, F|\n|poke|p2|Skeledirge, F|\n|teampreview\n|j|*Lady Monita \u2746\n|j| DabBuster184\n|j| Bhaviswar 2\n|c|\u2606DragonPhoenix333|god knew i shouldve went desoland dirge\n|l| DabBuster184\n|inactive|xdTactician has 120 seconds left.\n|c|\u2606xdTactician|Sup\n|c|\u2606xdTactician|Glhf\n|\n|t:|1700542782\n|start\n|switch|p1a: Quaquaval|Quaquaval, M|100\/100\n|switch|p2a: Muk|Muk-Alola, F, shiny|100\/100\n|-weather|RainDance|[from] ability: Drizzle|[of] p1a: Quaquaval\n|turn|1\n|j| mikemart\n|\n|t:|1700542809\n|move|p1a: Quaquaval|Surging Strikes|p2a: Muk\n|-crit|p2a: Muk\n|-damage|p2a: Muk|73\/100\n|-crit|p2a: Muk\n|-damage|p2a: Muk|40\/100\n|-crit|p2a: Muk\n|-damage|p2a: Muk|8\/100\n|-hitcount|p2a: Muk|3\n|move|p2a: Muk|Barb Barrage|p1a: Quaquaval\n|-damage|p1a: Quaquaval|65\/100\n|-status|p1a: Quaquaval|psn\n|\n|-weather|RainDance|[upkeep]\n|-damage|p1a: Quaquaval|52\/100 psn|[from] psn\n|upkeep\n|turn|2\n|\n|t:|1700542824\n|move|p1a: Quaquaval|Surging Strikes|p2a: Muk\n|-crit|p2a: Muk\n|-damage|p2a: Muk|0 fnt\n|faint|p2a: Muk\n|-hitcount|p2: Muk|1\n|\n|-weather|RainDance|[upkeep]\n|-damage|p1a: Quaquaval|40\/100 psn|[from] psn\n|upkeep\n|c|\u2606DragonPhoenix333|how i wish i had desoland dirge\n|\n|t:|1700542835\n|switch|p2a: Aipom|Aipom, M, shiny|100\/100\n|turn|3\n|c|\u2606DragonPhoenix333|:speed tie copium:\n|\n|t:|1700542857\n|switch|p2a: Skeledirge|Skeledirge, F|100\/100\n|switch|p1a: Axew|Axew, F|100\/100\n|-ability|p1a: Axew|Sword of Ruin\n|\n|-weather|RainDance|[upkeep]\n|upkeep\n|turn|4\n|c|\u2606DragonPhoenix333|oh\n|\n|t:|1700542865\n|move|p1a: Axew|Bulldoze|p2a: Skeledirge\n|-immune|p2a: Skeledirge|[from] ability: Earth Eater\n|move|p2a: Skeledirge|Will-O-Wisp|p1a: Axew|[miss]\n|-miss|p2a: Skeledirge|p1a: Axew\n|\n|-weather|RainDance|[upkeep]\n|upkeep\n|turn|5\n|c|\u2606DragonPhoenix333|oh\n|\n|t:|1700542871\n|move|p1a: Axew|Dragon Darts|p2a: Skeledirge\n|-damage|p2a: Skeledirge|70\/100\n|-anim|p1a: Axew|Dragon Darts|p2a: Skeledirge\n|-damage|p2a: Skeledirge|37\/100\n|-damage|p1a: Axew|91\/100|[from] item: Life Orb\n|move|p2a: Skeledirge|Will-O-Wisp|p1a: Axew\n|-status|p1a: Axew|brn\n|\n|-weather|RainDance|[upkeep]\n|-damage|p1a: Axew|85\/100 brn|[from] brn\n|upkeep\n|turn|6\n|c|\u2606DragonPhoenix333|ok\n|\n|t:|1700542876\n|move|p1a: Axew|Dragon Darts|p2a: Skeledirge\n|-damage|p2a: Skeledirge|22\/100\n|-anim|p1a: Axew|Dragon Darts|p2a: Skeledirge\n|-damage|p2a: Skeledirge|6\/100\n|-damage|p1a: Axew|75\/100 brn|[from] item: Life Orb\n|move|p2a: Skeledirge|Slack Off|p2a: Skeledirge\n|-heal|p2a: Skeledirge|56\/100\n|\n|-weather|RainDance|[upkeep]\n|-damage|p1a: Axew|69\/100 brn|[from] brn\n|upkeep\n|turn|7\n|\n|t:|1700542880\n|move|p1a: Axew|Dragon Darts|p2a: Skeledirge\n|-damage|p2a: Skeledirge|40\/100\n|-anim|p1a: Axew|Dragon Darts|p2a: Skeledirge\n|-damage|p2a: Skeledirge|25\/100\n|-damage|p1a: Axew|59\/100 brn|[from] item: Life Orb\n|move|p2a: Skeledirge|Slack Off|p2a: Skeledirge\n|-heal|p2a: Skeledirge|75\/100\n|\n|-weather|RainDance|[upkeep]\n|-damage|p1a: Axew|53\/100 brn|[from] brn\n|upkeep\n|turn|8\n|c|\u2606DragonPhoenix333|damp rock qua\n|c|\u2606DragonPhoenix333|ok\n|\n|t:|1700542888\n|move|p1a: Axew|Dragon Darts|p2a: Skeledirge\n|-damage|p2a: Skeledirge|58\/100\n|-anim|p1a: Axew|Dragon Darts|p2a: Skeledirge\n|-damage|p2a: Skeledirge|43\/100\n|-damage|p1a: Axew|43\/100 brn|[from] item: Life Orb\n|move|p2a: Skeledirge|Slack Off|p2a: Skeledirge\n|-heal|p2a: Skeledirge|93\/100\n|\n|-weather|none\n|-damage|p1a: Axew|37\/100 brn|[from] brn\n|upkeep\n|turn|9\n|\n|t:|1700542892\n|switch|p2a: Aipom|Aipom, M, shiny|100\/100\n|move|p1a: Axew|Dragon Darts|p2a: Aipom\n|-damage|p2a: Aipom|73\/100\n|-anim|p1a: Axew|Dragon Darts|p2a: Aipom\n|-damage|p2a: Aipom|46\/100\n|-damage|p1a: Axew|27\/100 brn|[from] item: Life Orb\n|\n|-damage|p1a: Axew|21\/100 brn|[from] brn\n|upkeep\n|turn|10\n|c|\u2606DragonPhoenix333|wait why does that do so mucuh\n|\n|t:|1700542902\n|move|p2a: Aipom|Population Bomb|p1a: Axew\n|-damage|p1a: Axew|4\/100 brn\n|-damage|p1a: Axew|0 fnt\n|faint|p1a: Axew\n|-hitcount|p1: Axew|2\n|\n|upkeep\n|\n|t:|1700542912\n|switch|p1a: Quaquaval|Quaquaval, M|40\/100 psn\n|-weather|RainDance|[from] ability: Drizzle|[of] p1a: Quaquaval\n|turn|11\n|\n|t:|1700542917\n|move|p1a: Quaquaval|Mach Punch|p2a: Aipom\n|-supereffective|p2a: Aipom\n|-damage|p2a: Aipom|0 fnt\n|faint|p2a: Aipom\n|\n|-weather|RainDance|[upkeep]\n|-damage|p1a: Quaquaval|28\/100 psn|[from] psn\n|upkeep\n|\n|t:|1700542918\n|switch|p2a: Skeledirge|Skeledirge, F|93\/100\n|turn|12\n|c|\u2606DragonPhoenix333|gg\n|\n|t:|1700542923\n|move|p1a: Quaquaval|Surging Strikes|p2a: Skeledirge\n|-supereffective|p2a: Skeledirge\n|-crit|p2a: Skeledirge\n|-damage|p2a: Skeledirge|46\/100\n|-supereffective|p2a: Skeledirge\n|-crit|p2a: Skeledirge\n|-damage|p2a: Skeledirge|1\/100\n|-supereffective|p2a: Skeledirge\n|-crit|p2a: Skeledirge\n|-damage|p2a: Skeledirge|0 fnt\n|faint|p2a: Skeledirge\n|-hitcount|p2: Skeledirge|3\n|\n|win|xdTactician\n|n|\u2606xdTactician|xdtactician\n|n|\u2606DragonPhoenix333|dragonphoenix333\n|n|*Lady Monita \u2746|ladymonita\n|n| Bhaviswar 2|bhaviswar2\n|n| mikemart|mikemart\n","uploadtime":1700542924,"views":0,"p1id":"xdtactician","p2id":"dragonphoenix333","formatid":"gen9anythinggoes","rating":0,"private":0,"password":""}