{"id":"gen9anythinggoes-1976863913","p1":"Lucasoduncu","p2":"Hirothebest12","format":"[Gen 9] Anything Goes","log":"|j|\u2606Lucasoduncu\n|j|\u2606Hirothebest12\n|t:|1698347563\n|gametype|singles\n|player|p1|Lucasoduncu|cameraman|1000\n|player|p2|Hirothebest12|morty|1000\n|teamsize|p1|4\n|teamsize|p2|6\n|gen|9\n|tier|[Gen 9] Anything Goes\n|rated|\n|rule|HP Percentage Mod: HP is shown in percentages\n|rule|Endless Battle Clause: Forcing endless battles is banned\n|clearpoke\n|poke|p1|Cyndaquil, M|\n|poke|p1|Quilava, F|\n|poke|p1|Typhlosion, M|\n|poke|p1|Typhlosion-Hisui, F|\n|poke|p2|Gallade, M|\n|poke|p2|Ceruledge, F|\n|poke|p2|Garchomp, F|\n|poke|p2|Haunter, F|\n|poke|p2|Noivern, F|\n|poke|p2|Luxray, M|\n|teampreview\n|\n|t:|1698347567\n|start\n|switch|p1a: Quilava|Quilava, F, shiny|100\/100\n|switch|p2a: Luxray|Luxray, M|100\/100\n|-ability|p2a: Luxray|Intimidate|boost\n|-unboost|p1a: Quilava|atk|1\n|turn|1\n|\n|t:|1698347574\n|move|p1a: Quilava|Smokescreen|p2a: Luxray\n|-unboost|p2a: Luxray|accuracy|1\n|move|p2a: Luxray|Thunder Wave|p1a: Quilava|[miss]\n|-miss|p2a: Luxray|p1a: Quilava\n|\n|upkeep\n|turn|2\n|\n|t:|1698347579\n|switch|p1a: Cyndaquil|Cyndaquil, M, shiny|100\/100\n|move|p2a: Luxray|Thunder Wave|p1a: Cyndaquil\n|-status|p1a: Cyndaquil|par\n|\n|upkeep\n|turn|3\n|\n|t:|1698347588\n|switch|p2a: Gallade|Gallade, M|100\/100\n|move|p1a: Cyndaquil|Flame Charge|p2a: Gallade\n|-damage|p2a: Gallade|77\/100\n|-boost|p1a: Cyndaquil|spe|1\n|-damage|p1a: Cyndaquil|84\/100 par|[from] item: Rocky Helmet|[of] p2a: Gallade\n|\n|upkeep\n|turn|4\n|\n|t:|1698347596\n|move|p2a: Gallade|Swords Dance|p2a: Gallade\n|-boost|p2a: Gallade|atk|2\n|move|p1a: Cyndaquil|Flame Charge|p2a: Gallade\n|-damage|p2a: Gallade|51\/100\n|-boost|p1a: Cyndaquil|spe|1\n|-damage|p1a: Cyndaquil|68\/100 par|[from] item: Rocky Helmet|[of] p2a: Gallade\n|\n|upkeep\n|turn|5\n|\n|t:|1698347603\n|cant|p1a: Cyndaquil|par\n|move|p2a: Gallade|Agility|p2a: Gallade\n|-boost|p2a: Gallade|spe|2\n|\n|upkeep\n|turn|6\n|\n|t:|1698347609\n|move|p2a: Gallade|Aura Sphere|p1a: Cyndaquil\n|-damage|p1a: Cyndaquil|19\/100 par\n|move|p1a: Cyndaquil|Play Rough|p2a: Gallade\n|-supereffective|p2a: Gallade\n|-damage|p2a: Gallade|0 fnt\n|-damage|p1a: Cyndaquil|2\/100 par|[from] item: Rocky Helmet|[of] p2a: Gallade\n|faint|p2a: Gallade\n|\n|upkeep\n|\n|t:|1698347617\n|switch|p2a: Garchomp|Garchomp, F|100\/100\n|turn|7\n|\n|t:|1698347622\n|move|p2a: Garchomp|Crunch|p1a: Cyndaquil\n|-damage|p1a: Cyndaquil|0 fnt\n|faint|p1a: Cyndaquil\n|\n|upkeep\n|\n|t:|1698347625\n|switch|p1a: Typhlosion|Typhlosion, M, shiny|100\/100\n|turn|8\n|\n|t:|1698347628\n|move|p2a: Garchomp|Sand Attack|p1a: Typhlosion\n|-unboost|p1a: Typhlosion|accuracy|1\n|move|p1a: Typhlosion|Fire Spin|p2a: Garchomp|[miss]\n|-miss|p1a: Typhlosion|p2a: Garchomp\n|\n|upkeep\n|turn|9\n|\n|t:|1698347634\n|switch|p2a: Luxray|Luxray, M|100\/100\n|-ability|p2a: Luxray|Intimidate|boost\n|-unboost|p1a: Typhlosion|atk|1\n|move|p1a: Typhlosion|Fire Spin|p2a: Luxray\n|-damage|p2a: Luxray|84\/100\n|-activate|p2a: Luxray|move: Fire Spin|[of] p1a: Typhlosion\n|\n|-damage|p2a: Luxray|71\/100|[from] move: Fire Spin|[partiallytrapped]\n|upkeep\n|turn|10\n|\n|t:|1698347643\n|move|p2a: Luxray|Thunder Wave|p1a: Typhlosion\n|-status|p1a: Typhlosion|par\n|move|p1a: Typhlosion|Curse|p1a: Typhlosion\n|-unboost|p1a: Typhlosion|spe|1\n|-boost|p1a: Typhlosion|atk|1\n|-boost|p1a: Typhlosion|def|1\n|\n|-damage|p2a: Luxray|59\/100|[from] move: Fire Spin|[partiallytrapped]\n|upkeep\n|turn|11\n|\n|t:|1698347652\n|move|p2a: Luxray|Agility|p2a: Luxray\n|-boost|p2a: Luxray|spe|2\n|move|p1a: Typhlosion|Fire Spin|p2a: Luxray\n|-damage|p2a: Luxray|43\/100\n|\n|-damage|p2a: Luxray|31\/100|[from] move: Fire Spin|[partiallytrapped]\n|upkeep\n|turn|12\n|\n|t:|1698347661\n|move|p2a: Luxray|Discharge|p1a: Typhlosion\n|-damage|p1a: Typhlosion|79\/100 par\n|move|p1a: Typhlosion|Curse|p1a: Typhlosion\n|-unboost|p1a: Typhlosion|spe|1\n|-boost|p1a: Typhlosion|atk|1\n|-boost|p1a: Typhlosion|def|1\n|\n|-heal|p1a: Typhlosion|85\/100 par|[from] item: Leftovers\n|-damage|p2a: Luxray|19\/100|[from] move: Fire Spin|[partiallytrapped]\n|upkeep\n|-enditem|p2a: Luxray|Liechi Berry|[eat]\n|-boost|p2a: Luxray|atk|1|[from] item: Liechi Berry\n|turn|13\n|inactive|Battle timer is ON: inactive players will automatically lose when time's up. (requested by Lucasoduncu)\n|\n|t:|1698347682\n|move|p2a: Luxray|Quick Attack|p1a: Typhlosion\n|-damage|p1a: Typhlosion|73\/100 par\n|cant|p1a: Typhlosion|par\n|\n|-heal|p1a: Typhlosion|79\/100 par|[from] item: Leftovers\n|-end|p2a: Luxray|Fire Spin|[partiallytrapped]\n|upkeep\n|turn|14\n|\n|t:|1698347690\n|switch|p2a: Noivern|Noivern, F|100\/100\n|-item|p1a: Typhlosion|Leftovers|[from] ability: Frisk|[of] p2a: Noivern|[identify]\n|cant|p1a: Typhlosion|par\n|\n|-heal|p1a: Typhlosion|85\/100 par|[from] item: Leftovers\n|upkeep\n|turn|15\n|\n|t:|1698347698\n|move|p2a: Noivern|Fly||[still]\n|-prepare|p2a: Noivern|Fly\n|move|p1a: Typhlosion|Fire Spin|p2a: Noivern|[miss]\n|-miss|p1a: Typhlosion|p2a: Noivern\n|\n|-heal|p1a: Typhlosion|91\/100 par|[from] item: Leftovers\n|upkeep\n|turn|16\n|\n|t:|1698347704\n|move|p2a: Noivern|Fly|p1a: Typhlosion|[from]lockedmove\n|-damage|p1a: Typhlosion|76\/100 par\n|move|p1a: Typhlosion|Rest|p1a: Typhlosion\n|-status|p1a: Typhlosion|slp|[from] move: Rest\n|-heal|p1a: Typhlosion|100\/100 slp|[silent]\n|\n|upkeep\n|turn|17\n|\n|t:|1698347712\n|move|p2a: Noivern|Dragon Dance|p2a: Noivern\n|-boost|p2a: Noivern|atk|1\n|-boost|p2a: Noivern|spe|1\n|cant|p1a: Typhlosion|slp\n|move|p1a: Typhlosion|Sleep Talk|p1a: Typhlosion\n|move|p1a: Typhlosion|Curse|p1a: Typhlosion|[from]move: Sleep Talk\n|-unboost|p1a: Typhlosion|spe|1\n|-boost|p1a: Typhlosion|atk|1\n|-boost|p1a: Typhlosion|def|1\n|\n|upkeep\n|turn|18\n|\n|t:|1698347721\n|move|p2a: Noivern|Dragon Dance|p2a: Noivern\n|-boost|p2a: Noivern|atk|1\n|-boost|p2a: Noivern|spe|1\n|cant|p1a: Typhlosion|slp\n|move|p1a: Typhlosion|Sleep Talk|p1a: Typhlosion\n|move|p1a: Typhlosion|Fire Spin|p2a: Noivern|[from]move: Sleep Talk\n|-resisted|p2a: Noivern\n|-damage|p2a: Noivern|94\/100\n|-activate|p2a: Noivern|move: Fire Spin|[of] p1a: Typhlosion\n|\n|-damage|p2a: Noivern|82\/100|[from] move: Fire Spin|[partiallytrapped]\n|upkeep\n|turn|19\n|\n|t:|1698347731\n|move|p2a: Noivern|Dragon Dance|p2a: Noivern\n|-boost|p2a: Noivern|atk|1\n|-boost|p2a: Noivern|spe|1\n|-curestatus|p1a: Typhlosion|slp|[msg]\n|move|p1a: Typhlosion|Fire Spin|p2a: Noivern\n|-resisted|p2a: Noivern\n|-damage|p2a: Noivern|76\/100\n|\n|-damage|p2a: Noivern|63\/100|[from] move: Fire Spin|[partiallytrapped]\n|upkeep\n|turn|20\n|\n|t:|1698347740\n|move|p2a: Noivern|Boomburst|p1a: Typhlosion\n|-damage|p1a: Typhlosion|75\/100\n|move|p1a: Typhlosion|Curse|p1a: Typhlosion\n|-unboost|p1a: Typhlosion|spe|1\n|-boost|p1a: Typhlosion|atk|1\n|-boost|p1a: Typhlosion|def|1\n|\n|-heal|p1a: Typhlosion|81\/100|[from] item: Leftovers\n|-damage|p2a: Noivern|51\/100|[from] move: Fire Spin|[partiallytrapped]\n|upkeep\n|turn|21\n|\n|t:|1698347749\n|move|p2a: Noivern|Draco Meteor|p1a: Typhlosion\n|-damage|p1a: Typhlosion|47\/100\n|-unboost|p2a: Noivern|spa|2\n|move|p1a: Typhlosion|Fire Spin|p2a: Noivern|[miss]\n|-miss|p1a: Typhlosion|p2a: Noivern\n|\n|-heal|p1a: Typhlosion|53\/100|[from] item: Leftovers\n|-damage|p2a: Noivern|39\/100|[from] move: Fire Spin|[partiallytrapped]\n|upkeep\n|turn|22\n|\n|t:|1698347758\n|move|p2a: Noivern|Draco Meteor|p1a: Typhlosion\n|-damage|p1a: Typhlosion|35\/100\n|-unboost|p2a: Noivern|spa|2\n|move|p1a: Typhlosion|Fire Spin|p2a: Noivern\n|-resisted|p2a: Noivern\n|-crit|p2a: Noivern\n|-damage|p2a: Noivern|29\/100\n|\n|-heal|p1a: Typhlosion|41\/100|[from] item: Leftovers\n|-end|p2a: Noivern|Fire Spin|[partiallytrapped]\n|upkeep\n|turn|23\n|\n|t:|1698347767\n|move|p2a: Noivern|Fly||[still]\n|-prepare|p2a: Noivern|Fly\n|move|p1a: Typhlosion|Fire Spin|p2a: Noivern|[miss]\n|-miss|p1a: Typhlosion|p2a: Noivern\n|\n|-heal|p1a: Typhlosion|47\/100|[from] item: Leftovers\n|upkeep\n|turn|24\n|\n|t:|1698347774\n|move|p2a: Noivern|Fly|p1a: Typhlosion|[from]lockedmove\n|-damage|p1a: Typhlosion|17\/100\n|move|p1a: Typhlosion|Fire Spin|p2a: Noivern\n|-resisted|p2a: Noivern\n|-damage|p2a: Noivern|19\/100\n|-activate|p2a: Noivern|move: Fire Spin|[of] p1a: Typhlosion\n|\n|-heal|p1a: Typhlosion|24\/100|[from] item: Leftovers\n|-damage|p2a: Noivern|7\/100|[from] move: Fire Spin|[partiallytrapped]\n|upkeep\n|turn|25\n|\n|t:|1698347784\n|move|p2a: Noivern|Fly||[still]\n|-prepare|p2a: Noivern|Fly\n|move|p1a: Typhlosion|Curse|p1a: Typhlosion\n|-unboost|p1a: Typhlosion|spe|1\n|-boost|p1a: Typhlosion|atk|1\n|-boost|p1a: Typhlosion|def|1\n|\n|-heal|p1a: Typhlosion|30\/100|[from] item: Leftovers\n|-damage|p2a: Noivern|0 fnt|[from] move: Fire Spin|[partiallytrapped]\n|faint|p2a: Noivern\n|upkeep\n|\n|t:|1698347794\n|switch|p2a: Haunter|Haunter, F|100\/100\n|turn|26\n|\n|t:|1698347799\n|move|p2a: Haunter|Clear Smog|p1a: Typhlosion\n|-damage|p1a: Typhlosion|11\/100\n|-clearboost|p1a: Typhlosion\n|move|p1a: Typhlosion|Fire Spin|p2a: Haunter\n|-damage|p2a: Haunter|59\/100\n|-activate|p2a: Haunter|move: Fire Spin|[of] p1a: Typhlosion\n|\n|-heal|p2a: Haunter|65\/100|[from] item: Leftovers\n|-heal|p1a: Typhlosion|17\/100|[from] item: Leftovers\n|-damage|p2a: Haunter|52\/100|[from] move: Fire Spin|[partiallytrapped]\n|upkeep\n|turn|27\n|\n|t:|1698347813\n|move|p2a: Haunter|Dark Pulse|p1a: Typhlosion\n|-damage|p1a: Typhlosion|0 fnt\n|faint|p1a: Typhlosion\n|\n|-heal|p2a: Haunter|58\/100|[from] item: Leftovers\n|-end|p2a: Haunter|Fire Spin|[partiallytrapped]|[silent]\n|upkeep\n|\n|t:|1698347816\n|switch|p1a: Quilava|Quilava, F, shiny|100\/100\n|turn|28\n|\n|t:|1698347820\n|move|p2a: Haunter|Curse|p1a: Quilava\n|-start|p1a: Quilava|Curse|[of] p2a: Haunter\n|-damage|p2a: Haunter|8\/100\n|move|p1a: Quilava|Substitute|p1a: Quilava\n|-start|p1a: Quilava|Substitute\n|-damage|p1a: Quilava|76\/100\n|\n|-heal|p2a: Haunter|14\/100|[from] item: Leftovers\n|-damage|p1a: Quilava|51\/100|[from] Curse\n|upkeep\n|turn|29\n|\n|t:|1698347831\n|move|p2a: Haunter|Clear Smog|p1a: Quilava\n|-end|p1a: Quilava|Substitute\n|move|p1a: Quilava|Rollout|p2a: Haunter\n|-damage|p2a: Haunter|0 fnt\n|faint|p2a: Haunter\n|\n|-damage|p1a: Quilava|26\/100|[from] Curse\n|upkeep\n|\n|t:|1698347840\n|switch|p2a: Garchomp|Garchomp, F|100\/100\n|turn|30\n|\n|t:|1698347844\n|move|p1a: Quilava|Rollout|p2a: Garchomp|[from]lockedmove\n|-resisted|p2a: Garchomp\n|-damage|p2a: Garchomp|95\/100\n|-damage|p1a: Quilava|14\/100|[from] ability: Rough Skin|[of] p2a: Garchomp\n|-damage|p1a: Quilava|0 fnt|[from] item: Rocky Helmet|[of] p2a: Garchomp\n|faint|p1a: Quilava\n|move|p2a: Garchomp|Earthquake|p1: Quilava|[notarget]\n|-fail|p2a: Garchomp\n|\n|upkeep\n|\n|t:|1698347849\n|switch|p1a: Typhlosion|Typhlosion-Hisui, F, shiny|100\/100\n|-item|p2a: Garchomp|Rocky Helmet|[from] ability: Frisk|[of] p1a: Typhlosion|[identify]\n|turn|31\n|\n|t:|1698347855\n|-terastallize|p1a: Typhlosion|Ghost\n|move|p1a: Typhlosion|Infernal Parade|p2a: Garchomp\n|-damage|p2a: Garchomp|59\/100\n|move|p2a: Garchomp|Sand Attack|p1a: Typhlosion\n|-unboost|p1a: Typhlosion|accuracy|1\n|\n|upkeep\n|turn|32\n|\n|t:|1698347863\n|move|p1a: Typhlosion|Infernal Parade|p2a: Garchomp\n|-damage|p2a: Garchomp|19\/100\n|-status|p2a: Garchomp|brn\n|move|p2a: Garchomp|Sand Attack|p1a: Typhlosion\n|-unboost|p1a: Typhlosion|accuracy|1\n|\n|-damage|p2a: Garchomp|12\/100 brn|[from] brn\n|upkeep\n|turn|33\n|\n|t:|1698347871\n|move|p1a: Typhlosion|Lava Plume|p2a: Garchomp\n|-resisted|p2a: Garchomp\n|-damage|p2a: Garchomp|0 fnt\n|faint|p2a: Garchomp\n|\n|upkeep\n|\n|t:|1698347876\n|switch|p2a: Luxray|Luxray, M|19\/100\n|-ability|p2a: Luxray|Intimidate|boost\n|-unboost|p1a: Typhlosion|atk|1\n|turn|34\n|\n|t:|1698347881\n|move|p1a: Typhlosion|Extrasensory|p2a: Luxray|[miss]\n|-miss|p1a: Typhlosion|p2a: Luxray\n|move|p2a: Luxray|Thunder Wave|p1a: Typhlosion\n|-status|p1a: Typhlosion|par\n|\n|upkeep\n|turn|35\n|\n|t:|1698347888\n|move|p2a: Luxray|Quick Attack|p1a: Typhlosion\n|-immune|p1a: Typhlosion\n|move|p1a: Typhlosion|Infernal Parade|p2a: Luxray\n|-damage|p2a: Luxray|0 fnt\n|faint|p2a: Luxray\n|\n|upkeep\n|\n|t:|1698347894\n|switch|p2a: Ceruledge|Ceruledge, F|100\/100\n|turn|36\n|\n|t:|1698347897\n|move|p2a: Ceruledge|Swords Dance|p2a: Ceruledge\n|-boost|p2a: Ceruledge|atk|2\n|move|p1a: Typhlosion|Infernal Parade|p2a: Ceruledge\n|-supereffective|p2a: Ceruledge\n|-damage|p2a: Ceruledge|4\/100\n|\n|upkeep\n|turn|37\n|\n|t:|1698347905\n|-terastallize|p2a: Ceruledge|Fire\n|move|p2a: Ceruledge|Bitter Blade|p1a: Typhlosion\n|-damage|p1a: Typhlosion|0 fnt\n|-heal|p2a: Ceruledge|54\/100|[from] drain|[of] p1a: Typhlosion\n|faint|p1a: Typhlosion\n|-damage|p2a: Ceruledge|44\/100|[from] item: Life Orb\n|\n|win|Hirothebest12\n|raw|Lucasoduncu's rating: 1000 &rarr; <strong>1000<\/strong><br \/>(+0 for losing)\n|raw|Hirothebest12's rating: 1000 &rarr; <strong>1040<\/strong><br \/>(+40 for winning)\n","uploadtime":1698347912,"views":8,"p1id":"lucasoduncu","p2id":"hirothebest12","formatid":"gen9anythinggoes","rating":1000,"private":0,"password":""}