{"id":"gen9anythinggoes-1982223021","p1":"OmarHenryKasOscar","p2":"assft","format":"[Gen 9] Anything Goes","log":"|j|\u2606OmarHenryKasOscar\n|j|\u2606assft\n|t:|1698981078\n|gametype|singles\n|player|p1|OmarHenryKasOscar|artist|1002\n|player|p2|assft|2|1000\n|teamsize|p1|6\n|teamsize|p2|6\n|gen|9\n|tier|[Gen 9] Anything Goes\n|rated|\n|rule|HP Percentage Mod: HP is shown in percentages\n|rule|Endless Battle Clause: Forcing endless battles is banned\n|clearpoke\n|poke|p1|Kyogre|\n|poke|p1|Groudon|\n|poke|p1|Haxorus, F|\n|poke|p1|Articuno|\n|poke|p1|Crawdaunt, F|\n|poke|p1|Landorus-Therian, M|\n|poke|p2|Tinkaton, F|\n|poke|p2|Gholdengo|\n|poke|p2|Iron Treads|\n|poke|p2|Greninja-*, M|\n|poke|p2|Ogerpon-Cornerstone, F|\n|poke|p2|Kommo-o, M|\n|teampreview\n|c|\u2606OmarHenryKasOscar|GLHF\n|\n|t:|1698981095\n|start\n|switch|p1a: Haxorus|Haxorus, F|100\/100\n|switch|p2a: Kommo-o|Kommo-o, M, shiny|100\/100\n|-ability|p1a: Haxorus|Mold Breaker\n|turn|1\n|\n|t:|1698981103\n|switch|p2a: Tinkaton|Tinkaton, F|100\/100\n|move|p1a: Haxorus|Taunt|p2a: Tinkaton\n|-start|p2a: Tinkaton|move: Taunt\n|\n|upkeep\n|turn|2\n|\n|t:|1698981111\n|move|p1a: Haxorus|Guillotine|p2a: Tinkaton|[miss]\n|-miss|p1a: Haxorus|p2a: Tinkaton\n|move|p2a: Tinkaton|Draining Kiss|p1a: Haxorus\n|-supereffective|p1a: Haxorus\n|-damage|p1a: Haxorus|57\/100\n|\n|upkeep\n|turn|3\n|\n|t:|1698981119\n|move|p1a: Haxorus|Guillotine|p2a: Tinkaton\n|-damage|p2a: Tinkaton|0 fnt\n|faint|p2a: Tinkaton\n|-ohko\n|\n|upkeep\n|\n|t:|1698981124\n|switch|p2a: Gholdengo|Gholdengo|100\/100\n|turn|4\n|\n|t:|1698981129\n|switch|p1a: Crawdaunt|Crawdaunt, F|100\/100\n|move|p2a: Gholdengo|Dazzling Gleam|p1a: Crawdaunt\n|-supereffective|p1a: Crawdaunt\n|-damage|p1a: Crawdaunt|62\/100\n|\n|upkeep\n|turn|5\n|\n|t:|1698981144\n|move|p2a: Gholdengo|Dazzling Gleam|p1a: Crawdaunt\n|-supereffective|p1a: Crawdaunt\n|-damage|p1a: Crawdaunt|17\/100\n|move|p1a: Crawdaunt|Guillotine|p2a: Gholdengo\n|-immune|p2a: Gholdengo\n|\n|upkeep\n|turn|6\n|\n|t:|1698981154\n|move|p2a: Gholdengo|Dazzling Gleam|p1a: Crawdaunt\n|-supereffective|p1a: Crawdaunt\n|-damage|p1a: Crawdaunt|0 fnt\n|faint|p1a: Crawdaunt\n|\n|upkeep\n|\n|t:|1698981165\n|switch|p1a: Groudon|Groudon|100\/100\n|-weather|SunnyDay|[from] ability: Drought|[of] p1a: Groudon\n|turn|7\n|\n|t:|1698981187\n|move|p2a: Gholdengo|Dazzling Gleam|p1a: Groudon\n|-damage|p1a: Groudon|78\/100\n|move|p1a: Groudon|Spikes|p2a: Gholdengo\n|-sidestart|p2: assft|Spikes\n|\n|-weather|SunnyDay|[upkeep]\n|-heal|p1a: Groudon|85\/100|[from] item: Leftovers\n|upkeep\n|turn|8\n|\n|t:|1698981197\n|move|p2a: Gholdengo|Dazzling Gleam|p1a: Groudon\n|-damage|p1a: Groudon|60\/100\n|move|p1a: Groudon|Spikes|p2a: Gholdengo\n|-sidestart|p2: assft|Spikes\n|\n|-weather|SunnyDay|[upkeep]\n|-heal|p1a: Groudon|66\/100|[from] item: Leftovers\n|upkeep\n|turn|9\n|\n|t:|1698981199\n|move|p2a: Gholdengo|Dazzling Gleam|p1a: Groudon\n|-damage|p1a: Groudon|44\/100\n|move|p1a: Groudon|Spikes|p2a: Gholdengo\n|-sidestart|p2: assft|Spikes\n|\n|-weather|SunnyDay|[upkeep]\n|-heal|p1a: Groudon|50\/100|[from] item: Leftovers\n|upkeep\n|turn|10\n|\n|t:|1698981202\n|move|p2a: Gholdengo|Dazzling Gleam|p1a: Groudon\n|-damage|p1a: Groudon|26\/100\n|move|p1a: Groudon|Stealth Rock|p2a: Gholdengo\n|-sidestart|p2: assft|move: Stealth Rock\n|\n|-weather|SunnyDay|[upkeep]\n|-heal|p1a: Groudon|32\/100|[from] item: Leftovers\n|upkeep\n|turn|11\n|\n|t:|1698981205\n|move|p2a: Gholdengo|Dazzling Gleam|p1a: Groudon\n|-damage|p1a: Groudon|10\/100\n|move|p1a: Groudon|Fissure|p2a: Gholdengo|[miss]\n|-miss|p1a: Groudon|p2a: Gholdengo\n|\n|-weather|none\n|-heal|p1a: Groudon|16\/100|[from] item: Leftovers\n|upkeep\n|turn|12\n|\n|t:|1698981213\n|move|p2a: Gholdengo|Dazzling Gleam|p1a: Groudon\n|-damage|p1a: Groudon|0 fnt\n|faint|p1a: Groudon\n|\n|upkeep\n|\n|t:|1698981218\n|switch|p1a: Articuno|Articuno|100\/100\n|-ability|p1a: Articuno|Pressure\n|turn|13\n|\n|t:|1698981229\n|switch|p2a: Iron Treads|Iron Treads|100\/100\n|-damage|p2a: Iron Treads|76\/100|[from] Spikes\n|-damage|p2a: Iron Treads|73\/100|[from] Stealth Rock\n|-enditem|p2a: Iron Treads|Booster Energy\n|-activate|p2a: Iron Treads|ability: Quark Drive|[fromitem]\n|-start|p2a: Iron Treads|quarkdriveatk\n|move|p1a: Articuno|Substitute|p1a: Articuno\n|-start|p1a: Articuno|Substitute\n|-damage|p1a: Articuno|76\/100\n|\n|upkeep\n|turn|14\n|\n|t:|1698981237\n|move|p2a: Iron Treads|Ice Spinner|p1a: Articuno\n|-end|p1a: Articuno|Substitute\n|move|p1a: Articuno|Sheer Cold|p2a: Iron Treads|[miss]\n|-miss|p1a: Articuno|p2a: Iron Treads\n|\n|upkeep\n|turn|15\n|\n|t:|1698981269\n|switch|p1a: Landorus|Landorus-Therian, M|100\/100\n|-ability|p1a: Landorus|Intimidate|boost\n|-unboost|p2a: Iron Treads|atk|1\n|move|p2a: Iron Treads|Heavy Slam|p1a: Landorus\n|-damage|p1a: Landorus|69\/100\n|\n|-heal|p1a: Landorus|75\/100|[from] item: Leftovers\n|upkeep\n|turn|16\n|\n|t:|1698981281\n|-end|p2a: Iron Treads|Quark Drive|[silent]\n|switch|p2a: Greninja|Greninja, M|100\/100\n|-damage|p2a: Greninja|76\/100|[from] Spikes\n|-damage|p2a: Greninja|63\/100|[from] Stealth Rock\n|switch|p1a: Kyogre|Kyogre|100\/100\n|-weather|RainDance|[from] ability: Drizzle|[of] p1a: Kyogre\n|\n|-weather|RainDance|[upkeep]\n|upkeep\n|turn|17\n|\n|t:|1698981294\n|switch|p2a: Gholdengo|Gholdengo|100\/100\n|-damage|p2a: Gholdengo|75\/100|[from] Spikes\n|-damage|p2a: Gholdengo|69\/100|[from] Stealth Rock\n|move|p1a: Kyogre|Sheer Cold|p2a: Gholdengo|[miss]\n|-miss|p1a: Kyogre|p2a: Gholdengo\n|\n|-weather|RainDance|[upkeep]\n|upkeep\n|turn|18\n|\n|t:|1698981314\n|move|p2a: Gholdengo|Make It Rain|p1a: Kyogre\n|-resisted|p1a: Kyogre\n|-damage|p1a: Kyogre|86\/100\n|-unboost|p2a: Gholdengo|spa|1\n|move|p1a: Kyogre|Sheer Cold|p2a: Gholdengo|[miss]\n|-miss|p1a: Kyogre|p2a: Gholdengo\n|\n|-weather|RainDance|[upkeep]\n|-heal|p1a: Kyogre|92\/100|[from] item: Leftovers\n|upkeep\n|turn|19\n|\n|t:|1698981324\n|move|p2a: Gholdengo|Psychic|p1a: Kyogre\n|-damage|p1a: Kyogre|81\/100\n|move|p1a: Kyogre|Sheer Cold|p2a: Gholdengo|[miss]\n|-miss|p1a: Kyogre|p2a: Gholdengo\n|\n|-weather|RainDance|[upkeep]\n|-heal|p1a: Kyogre|87\/100|[from] item: Leftovers\n|upkeep\n|turn|20\n|\n|t:|1698981329\n|move|p2a: Gholdengo|Psychic|p1a: Kyogre\n|-damage|p1a: Kyogre|76\/100\n|move|p1a: Kyogre|Sheer Cold|p2a: Gholdengo|[miss]\n|-miss|p1a: Kyogre|p2a: Gholdengo\n|\n|-weather|none\n|-heal|p1a: Kyogre|83\/100|[from] item: Leftovers\n|upkeep\n|turn|21\n|\n|t:|1698981335\n|move|p2a: Gholdengo|Dazzling Gleam|p1a: Kyogre\n|-crit|p1a: Kyogre\n|-damage|p1a: Kyogre|61\/100\n|move|p1a: Kyogre|Sheer Cold|p2a: Gholdengo\n|-damage|p2a: Gholdengo|0 fnt\n|faint|p2a: Gholdengo\n|-ohko\n|\n|-heal|p1a: Kyogre|67\/100|[from] item: Leftovers\n|upkeep\n|\n|t:|1698981341\n|switch|p2a: Ogerpon|Ogerpon-Cornerstone, F|100\/100\n|-damage|p2a: Ogerpon|76\/100|[from] Spikes\n|-damage|p2a: Ogerpon|63\/100|[from] Stealth Rock\n|turn|22\n|inactive|Battle timer is ON: inactive players will automatically lose when time's up. (requested by assft)\n|l|\u2606assft\n|inactive|assft disconnected and has a minute to reconnect!\n|player|p2|\n|\n|t:|1698981370\n|switch|p1a: Landorus|Landorus-Therian, M|75\/100\n|-ability|p1a: Landorus|Intimidate|boost\n|-unboost|p2a: Ogerpon|atk|1\n|move|p2a: Ogerpon|Protect||[still]\n|-fail|p2a: Ogerpon\n|\n|-heal|p1a: Landorus|81\/100|[from] item: Leftovers\n|upkeep\n|turn|23\n|c|\u2606OmarHenryKasOscar|return my friend\n|inactive|assft has 30 seconds to reconnect!\n|c|\u2606OmarHenryKasOscar|you have left at very important time!\n|inactive|assft has 20 seconds to reconnect!\n|inactive|assft has 15 seconds to reconnect!\n|c|\u2606OmarHenryKasOscar|noo!\n|inactive|assft has 10 seconds to reconnect!\n|inactive|assft has 5 seconds to reconnect!\n|-message|assft lost due to inactivity.\n|\n|win|OmarHenryKasOscar\n|raw|OmarHenryKasOscar's rating: 1002 &rarr; <strong>1041<\/strong><br \/>(+39 for winning)\n|raw|assft's rating: 1000 &rarr; <strong>1000<\/strong><br \/>(+0 for losing)\n|c|\u2606OmarHenryKasOscar|GG to you...\n","uploadtime":1698981437,"views":8,"p1id":"omarhenrykasoscar","p2id":"assft","formatid":"gen9anythinggoes","rating":1000,"private":0,"password":""}