{"id":"gen9anythinggoes-1982508380","p1":"lukas\/sam_lendario","p2":"TheFlamingArrowYT","format":"[Gen 9] Anything Goes","log":"|j|\u2606lukas\/sam_lendario\n|j|\u203dTheFlamingArrowYT\n|t:|1699021352\n|gametype|singles\n|player|p1|lukas\/sam_lendario|169|1177\n|player|p2|TheFlamingArrowYT|ethan|1192\n|teamsize|p1|6\n|teamsize|p2|6\n|gen|9\n|tier|[Gen 9] Anything Goes\n|rated|\n|rule|HP Percentage Mod: HP is shown in percentages\n|rule|Endless Battle Clause: Forcing endless battles is banned\n|clearpoke\n|poke|p1|Gholdengo|\n|poke|p1|Cinderace, M|\n|poke|p1|Urshifu-*, M|\n|poke|p1|Zacian-*|\n|poke|p1|Walking Wake|\n|poke|p1|Meowscarada, F|\n|poke|p2|Annihilape, F|\n|poke|p2|Annihilape, F|\n|poke|p2|Annihilape, F|\n|poke|p2|Annihilape, F|\n|poke|p2|Annihilape, M|\n|poke|p2|Kingambit, F|\n|teampreview\n|inactive|Battle timer is ON: inactive players will automatically lose when time's up. (requested by TheFlamingArrowYT)\n|\n|t:|1699021358\n|start\n|switch|p1a: Meowscarada|Meowscarada, F|100\/100\n|switch|p2a: Annihilape|Annihilape, F|100\/100\n|turn|1\n|\n|t:|1699021373\n|move|p1a: Meowscarada|Play Rough|p2a: Annihilape\n|-start|p1a: Meowscarada|typechange|Fairy|[from] ability: Protean\n|-supereffective|p2a: Annihilape\n|-enditem|p2a: Annihilape|Focus Sash\n|-damage|p2a: Annihilape|1\/100\n|move|p2a: Annihilape|Rage Fist|p1a: Meowscarada\n|-damage|p1a: Meowscarada|31\/100\n|\n|upkeep\n|turn|2\n|\n|t:|1699021384\n|move|p1a: Meowscarada|Play Rough|p2a: Annihilape\n|-supereffective|p2a: Annihilape\n|-damage|p2a: Annihilape|0 fnt\n|faint|p2a: Annihilape\n|\n|upkeep\n|\n|t:|1699021389\n|switch|p2a: Annihilape|Annihilape, F|100\/100\n|turn|3\n|\n|t:|1699021394\n|move|p1a: Meowscarada|Play Rough|p2a: Annihilape\n|-supereffective|p2a: Annihilape\n|-damage|p2a: Annihilape|9\/100\n|move|p2a: Annihilape|Rage Fist|p1a: Meowscarada\n|-damage|p1a: Meowscarada|0 fnt\n|faint|p1a: Meowscarada\n|\n|upkeep\n|\n|t:|1699021404\n|switch|p1a: Zacian|Zacian-Crowned|100\/100\n|-ability|p1a: Zacian|Intrepid Sword|boost\n|-boost|p1a: Zacian|atk|1\n|turn|4\n|\n|t:|1699021413\n|-terastallize|p1a: Zacian|Fairy\n|move|p1a: Zacian|Substitute|p1a: Zacian\n|-start|p1a: Zacian|Substitute\n|-damage|p1a: Zacian|76\/100\n|move|p2a: Annihilape|Drain Punch|p1a: Zacian\n|-resisted|p1a: Zacian\n|-activate|p1a: Zacian|move: Substitute|[damage]\n|-heal|p2a: Annihilape|16\/100|[from] drain|[of] p1a: Zacian\n|\n|upkeep\n|turn|5\n|\n|t:|1699021425\n|move|p1a: Zacian|Behemoth Blade|p2a: Annihilape\n|-damage|p2a: Annihilape|0 fnt\n|faint|p2a: Annihilape\n|\n|upkeep\n|\n|t:|1699021430\n|switch|p2a: Annihilape|Annihilape, F|100\/100\n|turn|6\n|\n|t:|1699021436\n|move|p1a: Zacian|Swords Dance|p1a: Zacian\n|-boost|p1a: Zacian|atk|2\n|move|p2a: Annihilape|Rage Fist|p1a: Zacian\n|-end|p1a: Zacian|Substitute\n|\n|upkeep\n|turn|7\n|\n|t:|1699021444\n|move|p1a: Zacian|Behemoth Blade|p2a: Annihilape\n|-enditem|p2a: Annihilape|Focus Sash\n|-damage|p2a: Annihilape|1\/100\n|move|p2a: Annihilape|Rage Fist|p1a: Zacian\n|-damage|p1a: Zacian|31\/100\n|\n|upkeep\n|turn|8\n|\n|t:|1699021452\n|move|p1a: Zacian|Behemoth Blade|p2a: Annihilape\n|-damage|p2a: Annihilape|0 fnt\n|faint|p2a: Annihilape\n|\n|upkeep\n|\n|t:|1699021457\n|switch|p2a: Annihilape|Annihilape, F|100\/100\n|turn|9\n|\n|t:|1699021464\n|move|p1a: Zacian|Behemoth Blade|p2a: Annihilape\n|-enditem|p2a: Annihilape|Focus Sash\n|-damage|p2a: Annihilape|1\/100\n|move|p2a: Annihilape|Rage Fist|p1a: Zacian\n|-damage|p1a: Zacian|0 fnt\n|faint|p1a: Zacian\n|\n|upkeep\n|\n|t:|1699021475\n|switch|p1a: Gholdengo|Gholdengo|100\/100\n|turn|10\n|\n|t:|1699021483\n|move|p2a: Annihilape|Rage Fist|p1a: Gholdengo\n|-supereffective|p1a: Gholdengo\n|-enditem|p1a: Gholdengo|Focus Sash\n|-damage|p1a: Gholdengo|1\/100\n|move|p1a: Gholdengo|Thunderbolt|p2a: Annihilape\n|-crit|p2a: Annihilape\n|-damage|p2a: Annihilape|0 fnt\n|faint|p2a: Annihilape\n|\n|upkeep\n|\n|t:|1699021491\n|switch|p2a: Annihilape|Annihilape, M|100\/100\n|turn|11\n|\n|t:|1699021494\n|move|p2a: Annihilape|Rage Fist|p1a: Gholdengo\n|-supereffective|p1a: Gholdengo\n|-damage|p1a: Gholdengo|0 fnt\n|faint|p1a: Gholdengo\n|\n|upkeep\n|\n|t:|1699021506\n|switch|p1a: Cinderace|Cinderace, M, shiny|100\/100\n|turn|12\n|inactive|TheFlamingArrowYT has 120 seconds left.\n|\n|t:|1699021549\n|move|p1a: Cinderace|Zen Headbutt|p2a: Annihilape\n|-start|p1a: Cinderace|typechange|Psychic|[from] ability: Libero\n|-supereffective|p2a: Annihilape\n|-enditem|p2a: Annihilape|Focus Sash\n|-damage|p2a: Annihilape|1\/100\n|move|p2a: Annihilape|Rage Fist|p1a: Cinderace\n|-supereffective|p1a: Cinderace\n|-damage|p1a: Cinderace|0 fnt\n|faint|p1a: Cinderace\n|\n|upkeep\n|\n|t:|1699021562\n|switch|p1a: Urshifu|Urshifu-Rapid-Strike, M|100\/100\n|turn|13\n|\n|t:|1699021568\n|move|p2a: Annihilape|Drain Punch|p1a: Urshifu\n|-damage|p1a: Urshifu|62\/100\n|-heal|p2a: Annihilape|19\/100|[from] drain|[of] p1a: Urshifu\n|move|p1a: Urshifu|Surging Strikes|p2a: Annihilape\n|-crit|p2a: Annihilape\n|-damage|p2a: Annihilape|0 fnt\n|faint|p2a: Annihilape\n|-hitcount|p2: Annihilape|1\n|\n|upkeep\n|\n|t:|1699021576\n|switch|p2a: Kingambit|Kingambit, F|100\/100\n|-activate|p2a: Kingambit|ability: Supreme Overlord\n|-start|p2a: Kingambit|fallen5|[silent]\n|turn|14\n|\n|t:|1699021582\n|-terastallize|p2a: Kingambit|Water\n|move|p1a: Urshifu|Brick Break|p2a: Kingambit\n|-damage|p2a: Kingambit|67\/100\n|move|p2a: Kingambit|Swords Dance|p2a: Kingambit\n|-boost|p2a: Kingambit|atk|2\n|\n|upkeep\n|turn|15\n|\n|t:|1699021591\n|move|p2a: Kingambit|Sucker Punch|p1a: Urshifu\n|-resisted|p1a: Urshifu\n|-damage|p1a: Urshifu|3\/100\n|move|p1a: Urshifu|Brick Break|p2a: Kingambit\n|-damage|p2a: Kingambit|35\/100\n|\n|upkeep\n|turn|16\n|\n|t:|1699021600\n|move|p2a: Kingambit|Sucker Punch|p1a: Urshifu\n|-resisted|p1a: Urshifu\n|-damage|p1a: Urshifu|0 fnt\n|faint|p1a: Urshifu\n|\n|upkeep\n|\n|t:|1699021606\n|switch|p1a: Walking Wake|Walking Wake|100\/100\n|-enditem|p1a: Walking Wake|Booster Energy\n|-activate|p1a: Walking Wake|ability: Protosynthesis|[fromitem]\n|-start|p1a: Walking Wake|protosynthesisspa\n|turn|17\n|\n|t:|1699021613\n|move|p2a: Kingambit|Sucker Punch|p1a: Walking Wake\n|-damage|p1a: Walking Wake|0 fnt\n|faint|p1a: Walking Wake\n|-end|p1a: Walking Wake|Protosynthesis|[silent]\n|\n|win|TheFlamingArrowYT\n|raw|lukas&#x2f;sam_lendario's rating: 1177 &rarr; <strong>1153<\/strong><br \/>(-24 for losing)\n|raw|TheFlamingArrowYT's rating: 1192 &rarr; <strong>1216<\/strong><br \/>(+24 for winning)\n|l|\u2606lukas\/sam_lendario\n","uploadtime":1699021633,"views":7,"p1id":"lukassamlendario","p2id":"theflamingarrowyt","formatid":"gen9anythinggoes","rating":1153,"private":0,"password":""}