{"id":"gen9anythinggoes-1993863285","p1":"monomuffinn","p2":"xiaotwo","format":"[Gen 9] Anything Goes","log":"|j|\u2606monomuffinn\n|j|\u2606xiaotwo\n|t:|1700366871\n|gametype|singles\n|player|p1|monomuffinn|darach-caitlin|1194\n|player|p2|xiaotwo|hilbert-wonderlauncher|1310\n|teamsize|p1|6\n|teamsize|p2|6\n|gen|9\n|tier|[Gen 9] Anything Goes\n|rated|\n|rule|HP Percentage Mod: HP is shown in percentages\n|rule|Endless Battle Clause: Forcing endless battles is banned\n|clearpoke\n|poke|p1|Greninja-*, M|\n|poke|p1|Gardevoir, F|\n|poke|p1|Heatran, M|\n|poke|p1|Dragapult, F|\n|poke|p1|Ursaluna-Bloodmoon, M|\n|poke|p1|Kleavor, M|\n|poke|p2|Calyrex-Shadow|\n|poke|p2|Annihilape, F|\n|poke|p2|Basculegion, M|\n|poke|p2|Flutter Mane|\n|poke|p2|Zoroark-Hisui, M|\n|poke|p2|Sableye, M|\n|teampreview\n|\n|t:|1700366882\n|start\n|switch|p1a: Kleavor|Kleavor, M|100\/100\n|switch|p2a: Annihilape|Annihilape, F|100\/100\n|turn|1\n|\n|t:|1700366889\n|move|p2a: Annihilape|Stealth Rock|p1a: Kleavor\n|-sidestart|p1: monomuffinn|move: Stealth Rock\n|move|p1a: Kleavor|Night Slash|p2a: Annihilape\n|-damage|p2a: Annihilape|55\/100\n|-damage|p1a: Kleavor|91\/100|[from] item: Life Orb\n|\n|upkeep\n|turn|2\n|inactive|Battle timer is ON: inactive players will automatically lose when time's up. (requested by xiaotwo)\n|\n|t:|1700366903\n|move|p2a: Annihilape|Rage Fist|p1a: Kleavor\n|-damage|p1a: Kleavor|44\/100\n|move|p1a: Kleavor|Stone Axe|p2a: Annihilape\n|-resisted|p2a: Annihilape\n|-damage|p2a: Annihilape|21\/100\n|-sidestart|p2: xiaotwo|move: Stealth Rock\n|-enditem|p2a: Annihilape|Aguav Berry|[eat]\n|-heal|p2a: Annihilape|55\/100|[from] item: Aguav Berry\n|-damage|p1a: Kleavor|34\/100|[from] item: Life Orb\n|\n|upkeep\n|turn|3\n|\n|t:|1700366918\n|switch|p1a: Ursaluna|Ursaluna-Bloodmoon, M|100\/100\n|-damage|p1a: Ursaluna|95\/100|[from] Stealth Rock\n|move|p2a: Annihilape|Drain Punch|p1a: Ursaluna\n|-supereffective|p1a: Ursaluna\n|-damage|p1a: Ursaluna|44\/100\n|-heal|p2a: Annihilape|77\/100|[from] drain|[of] p1a: Ursaluna\n|\n|-heal|p1a: Ursaluna|50\/100|[from] item: Leftovers\n|upkeep\n|turn|4\n|\n|t:|1700366929\n|switch|p1a: Dragapult|Dragapult, F|100\/100\n|-damage|p1a: Dragapult|88\/100|[from] Stealth Rock\n|move|p2a: Annihilape|Drain Punch|p1a: Dragapult\n|-immune|p1a: Dragapult\n|\n|upkeep\n|turn|5\n|\n|t:|1700366938\n|move|p1a: Dragapult|Phantom Force||[still]\n|-prepare|p1a: Dragapult|Phantom Force\n|move|p2a: Annihilape|Rage Fist|p1a: Dragapult|[miss]\n|-miss|p2a: Annihilape|p1a: Dragapult\n|\n|upkeep\n|turn|6\n|\n|t:|1700366945\n|-terastallize|p2a: Annihilape|Normal\n|move|p1a: Dragapult|Phantom Force|p2a: Annihilape|[from]lockedmove\n|-immune|p2a: Annihilape\n|move|p2a: Annihilape|Rage Fist|p1a: Dragapult\n|-supereffective|p1a: Dragapult\n|-damage|p1a: Dragapult|0 fnt\n|faint|p1a: Dragapult\n|\n|upkeep\n|\n|t:|1700366957\n|switch|p1a: Kleavor|Kleavor, M|34\/100\n|-damage|p1a: Kleavor|9\/100|[from] Stealth Rock\n|turn|7\n|\n|t:|1700366964\n|move|p2a: Annihilape|Drain Punch|p1a: Kleavor\n|-damage|p1a: Kleavor|0 fnt\n|-heal|p2a: Annihilape|80\/100|[from] drain|[of] p1a: Kleavor\n|faint|p1a: Kleavor\n|\n|upkeep\n|\n|t:|1700366970\n|switch|p1a: Ursaluna|Ursaluna-Bloodmoon, M|50\/100\n|-damage|p1a: Ursaluna|44\/100|[from] Stealth Rock\n|turn|8\n|\n|t:|1700366979\n|-terastallize|p1a: Ursaluna|Ghost\n|move|p2a: Annihilape|Drain Punch|p1a: Ursaluna\n|-immune|p1a: Ursaluna\n|move|p1a: Ursaluna|Blood Moon|p2a: Annihilape\n|-damage|p2a: Annihilape|12\/100\n|\n|-heal|p1a: Ursaluna|50\/100|[from] item: Leftovers\n|upkeep\n|turn|9\n|\n|t:|1700366993\n|switch|p1a: Greninja|Greninja, M|100\/100\n|-damage|p1a: Greninja|88\/100|[from] Stealth Rock\n|move|p2a: Annihilape|Rage Fist|p1a: Greninja\n|-resisted|p1a: Greninja\n|-damage|p1a: Greninja|2\/100\n|\n|upkeep\n|turn|10\n|\n|t:|1700367000\n|move|p1a: Greninja|Water Shuriken|p2a: Annihilape\n|-damage|p2a: Annihilape|6\/100\n|-damage|p2a: Annihilape|1\/100\n|-hitcount|p2a: Annihilape|2\n|move|p2a: Annihilape|Drain Punch|p1a: Greninja\n|-supereffective|p1a: Greninja\n|-damage|p1a: Greninja|0 fnt\n|-heal|p2a: Annihilape|1\/100|[from] drain|[of] p1a: Greninja\n|faint|p1a: Greninja\n|\n|upkeep\n|-message|monomuffinn forfeited.\n|\n|win|xiaotwo\n|raw|monomuffinn's rating: 1194 &rarr; <strong>1177<\/strong><br \/>(-17 for losing)\n|raw|xiaotwo's rating: 1310 &rarr; <strong>1324<\/strong><br \/>(+14 for winning)\n|l|\u2606monomuffinn\n","uploadtime":1700367016,"views":6,"p1id":"monomuffinn","p2id":"xiaotwo","formatid":"gen9anythinggoes","rating":1177,"private":0,"password":""}