{"id":"gen9anythinggoes-1978875206","p1":"babbona","p2":"c121321321","format":"[Gen 9] Anything Goes","log":"|j|\u2606babbona\n|j|\u2606c121321321\n|t:|1698605333\n|gametype|singles\n|player|p1|babbona|medium|1272\n|player|p2|c121321321|266|1175\n|teamsize|p1|6\n|teamsize|p2|6\n|gen|9\n|tier|[Gen 9] Anything Goes\n|rated|\n|rule|HP Percentage Mod: HP is shown in percentages\n|rule|Endless Battle Clause: Forcing endless battles is banned\n|clearpoke\n|poke|p1|Darkrai|\n|poke|p1|Calyrex-Shadow|\n|poke|p1|Azumarill, F|\n|poke|p1|Ribombee, M|\n|poke|p1|Shaymin-Sky|\n|poke|p1|Eternatus|\n|poke|p2|Giratina|\n|poke|p2|Greninja-*, M|\n|poke|p2|Arceus-Poison|\n|poke|p2|Calyrex-Shadow|\n|poke|p2|Lilligant, F|\n|poke|p2|Koraidon|\n|teampreview\n|\n|t:|1698605346\n|start\n|switch|p1a: Ribombee|Ribombee, M|100\/100\n|switch|p2a: Calyrex|Calyrex-Shadow|100\/100\n|-ability|p2a: Calyrex|As One\n|-ability|p2a: Calyrex|Unnerve\n|turn|1\n|\n|t:|1698605354\n|move|p2a: Calyrex|Astral Barrage|p1a: Ribombee\n|-enditem|p1a: Ribombee|Focus Sash\n|-damage|p1a: Ribombee|1\/100\n|move|p1a: Ribombee|Tailwind|p1a: Ribombee\n|-sidestart|p1: babbona|move: Tailwind\n|\n|upkeep\n|turn|2\n|\n|t:|1698605365\n|move|p1a: Ribombee|Sticky Web|p2a: Calyrex\n|-sidestart|p2: c121321321|move: Sticky Web\n|move|p2a: Calyrex|Astral Barrage|p1a: Ribombee\n|-crit|p1a: Ribombee\n|-damage|p1a: Ribombee|0 fnt\n|faint|p1a: Ribombee\n|-ability|p2a: Calyrex|Grim Neigh|boost\n|-boost|p2a: Calyrex|spa|1\n|\n|upkeep\n|\n|t:|1698605373\n|switch|p1a: Shaymin|Shaymin-Sky|100\/100\n|turn|3\n|\n|t:|1698605382\n|move|p1a: Shaymin|Air Slash|p2a: Calyrex\n|-damage|p2a: Calyrex|65\/100\n|cant|p2a: Calyrex|flinch\n|\n|-heal|p2a: Calyrex|71\/100|[from] item: Leftovers\n|upkeep\n|turn|4\n|\n|t:|1698605389\n|move|p1a: Shaymin|Air Slash|p2a: Calyrex\n|-damage|p2a: Calyrex|36\/100\n|cant|p2a: Calyrex|flinch\n|\n|-heal|p2a: Calyrex|42\/100|[from] item: Leftovers\n|-sideend|p1: babbona|move: Tailwind\n|upkeep\n|turn|5\n|\n|t:|1698605396\n|move|p1a: Shaymin|Air Slash|p2a: Calyrex\n|-damage|p2a: Calyrex|3\/100\n|move|p2a: Calyrex|Dark Pulse|p1a: Shaymin\n|-damage|p1a: Shaymin|36\/100\n|\n|-heal|p2a: Calyrex|10\/100|[from] item: Leftovers\n|upkeep\n|turn|6\n|\n|t:|1698605403\n|move|p1a: Shaymin|Air Slash|p2a: Calyrex\n|-damage|p2a: Calyrex|0 fnt\n|faint|p2a: Calyrex\n|\n|upkeep\n|\n|t:|1698605410\n|switch|p2a: Koraidon|Koraidon|100\/100\n|-weather|SunnyDay|[from] ability: Orichalcum Pulse|[of] p2a: Koraidon\n|-activate|p2a: Koraidon|Orichalcum Pulse|[source]\n|turn|7\n|\n|t:|1698605414\n|move|p1a: Shaymin|Air Slash|p2a: Koraidon\n|-supereffective|p2a: Koraidon\n|-damage|p2a: Koraidon|25\/100\n|cant|p2a: Koraidon|flinch\n|\n|-weather|SunnyDay|[upkeep]\n|upkeep\n|turn|8\n|\n|t:|1698605422\n|move|p1a: Shaymin|Air Slash|p2a: Koraidon\n|-supereffective|p2a: Koraidon\n|-damage|p2a: Koraidon|0 fnt\n|faint|p2a: Koraidon\n|\n|-weather|SunnyDay|[upkeep]\n|upkeep\n|\n|t:|1698605430\n|switch|p2a: Arceus|Arceus-Poison, shiny|100\/100\n|-activate|p2a: Arceus|move: Sticky Web\n|-unboost|p2a: Arceus|spe|1\n|turn|9\n|\n|t:|1698605435\n|move|p1a: Shaymin|Air Slash|p2a: Arceus\n|-damage|p2a: Arceus|73\/100\n|cant|p2a: Arceus|flinch\n|\n|-weather|SunnyDay|[upkeep]\n|upkeep\n|turn|10\n|\n|t:|1698605440\n|move|p1a: Shaymin|Air Slash|p2a: Arceus\n|-damage|p2a: Arceus|43\/100\n|move|p2a: Arceus|Giga Drain|p1a: Shaymin\n|-resisted|p1a: Shaymin\n|-damage|p1a: Shaymin|28\/100\n|-heal|p2a: Arceus|46\/100|[from] drain|[of] p1a: Shaymin\n|\n|-weather|SunnyDay|[upkeep]\n|upkeep\n|turn|11\n|\n|t:|1698605447\n|move|p1a: Shaymin|Air Slash|p2a: Arceus\n|-damage|p2a: Arceus|17\/100\n|move|p2a: Arceus|Judgment|p1a: Shaymin\n|-supereffective|p1a: Shaymin\n|-damage|p1a: Shaymin|0 fnt\n|faint|p1a: Shaymin\n|\n|-weather|none\n|upkeep\n|\n|t:|1698605454\n|switch|p1a: Eternatus|Eternatus|100\/100\n|-ability|p1a: Eternatus|Pressure\n|turn|12\n|\n|t:|1698605460\n|move|p2a: Arceus|Extreme Speed|p1a: Eternatus\n|-damage|p1a: Eternatus|85\/100\n|move|p1a: Eternatus|Dynamax Cannon|p2a: Arceus\n|-damage|p2a: Arceus|0 fnt\n|faint|p2a: Arceus\n|\n|-heal|p1a: Eternatus|91\/100|[from] item: Black Sludge\n|upkeep\n|\n|t:|1698605474\n|switch|p2a: Giratina|Giratina, shiny|100\/100\n|-activate|p2a: Giratina|move: Sticky Web\n|-unboost|p2a: Giratina|spe|1\n|turn|13\n|\n|t:|1698605483\n|move|p1a: Eternatus|Toxic|p2a: Giratina\n|-status|p2a: Giratina|tox\n|move|p2a: Giratina|Draco Meteor|p1a: Eternatus\n|-supereffective|p1a: Eternatus\n|-damage|p1a: Eternatus|0 fnt\n|-unboost|p2a: Giratina|spa|2\n|faint|p1a: Eternatus\n|\n|-damage|p2a: Giratina|94\/100 tox|[from] psn\n|upkeep\n|\n|t:|1698605491\n|switch|p1a: Darkrai|Darkrai|100\/100\n|turn|14\n|\n|t:|1698605498\n|-terastallize|p2a: Giratina|Dark\n|move|p1a: Darkrai|Hypnosis|p2a: Giratina|[miss]\n|-miss|p1a: Darkrai|p2a: Giratina\n|move|p2a: Giratina|Dark Pulse|p1a: Darkrai\n|-resisted|p1a: Darkrai\n|-damage|p1a: Darkrai|88\/100\n|\n|-heal|p1a: Darkrai|94\/100|[from] item: Leftovers\n|-damage|p2a: Giratina|82\/100 tox|[from] psn\n|upkeep\n|turn|15\n|\n|t:|1698605510\n|switch|p2a: Greninja|Greninja, M, shiny|100\/100\n|-activate|p2a: Greninja|move: Sticky Web\n|-unboost|p2a: Greninja|spe|1\n|move|p1a: Darkrai|Hypnosis|p2a: Greninja|[miss]\n|-miss|p1a: Darkrai|p2a: Greninja\n|\n|-heal|p1a: Darkrai|100\/100|[from] item: Leftovers\n|upkeep\n|turn|16\n|\n|t:|1698605524\n|-terastallize|p1a: Darkrai|Steel\n|move|p1a: Darkrai|Hypnosis|p2a: Greninja|[miss]\n|-miss|p1a: Darkrai|p2a: Greninja\n|move|p2a: Greninja|Blizzard|p1a: Darkrai\n|-start|p2a: Greninja|typechange|Ice|[from] ability: Protean\n|-resisted|p1a: Darkrai\n|-damage|p1a: Darkrai|68\/100\n|\n|-heal|p1a: Darkrai|75\/100|[from] item: Leftovers\n|upkeep\n|turn|17\n|\n|t:|1698605537\n|move|p1a: Darkrai|Hypnosis|p2a: Greninja|[miss]\n|-miss|p1a: Darkrai|p2a: Greninja\n|move|p2a: Greninja|Dark Pulse|p1a: Darkrai\n|-damage|p1a: Darkrai|43\/100\n|\n|-heal|p1a: Darkrai|49\/100|[from] item: Leftovers\n|upkeep\n|turn|18\n|\n|t:|1698605544\n|move|p1a: Darkrai|Hypnosis|p2a: Greninja\n|-status|p2a: Greninja|slp|[from] move: Hypnosis\n|cant|p2a: Greninja|slp\n|\n|-heal|p1a: Darkrai|55\/100|[from] item: Leftovers\n|-damage|p2a: Greninja|88\/100 slp|[from] ability: Bad Dreams|[of] p1a: Darkrai\n|upkeep\n|turn|19\n|\n|t:|1698605551\n|move|p1a: Darkrai|Double Team|p1a: Darkrai\n|-boost|p1a: Darkrai|evasion|1\n|-curestatus|p2a: Greninja|slp|[msg]\n|move|p2a: Greninja|Hydro Pump|p1a: Darkrai\n|-damage|p1a: Darkrai|12\/100\n|\n|-heal|p1a: Darkrai|18\/100|[from] item: Leftovers\n|upkeep\n|turn|20\n|\n|t:|1698605561\n|move|p1a: Darkrai|Tera Blast|p2a: Greninja|[anim] Tera Blast Steel\n|-supereffective|p2a: Greninja\n|-damage|p2a: Greninja|0 fnt\n|faint|p2a: Greninja\n|\n|-heal|p1a: Darkrai|24\/100|[from] item: Leftovers\n|upkeep\n|\n|t:|1698605572\n|switch|p2a: Giratina|Giratina, shiny, tera:Dark|82\/100 tox\n|-activate|p2a: Giratina|move: Sticky Web\n|-unboost|p2a: Giratina|spe|1\n|turn|21\n|\n|t:|1698605579\n|move|p1a: Darkrai|Hypnosis|p2a: Giratina|[miss]\n|-miss|p1a: Darkrai|p2a: Giratina\n|move|p2a: Giratina|Destiny Bond|p2a: Giratina\n|-singlemove|p2a: Giratina|Destiny Bond\n|\n|-heal|p1a: Darkrai|30\/100|[from] item: Leftovers\n|-damage|p2a: Giratina|76\/100 tox|[from] psn\n|upkeep\n|turn|22\n|\n|t:|1698605587\n|move|p1a: Darkrai|Hypnosis||[still]\n|-fail|p1a: Darkrai\n|move|p2a: Giratina|Shadow Ball|p1a: Darkrai\n|-damage|p1a: Darkrai|0 fnt\n|faint|p1a: Darkrai\n|\n|-damage|p2a: Giratina|64\/100 tox|[from] psn\n|upkeep\n|\n|t:|1698605596\n|switch|p1a: Azumarill|Azumarill, F|100\/100\n|turn|23\n|\n|t:|1698605600\n|move|p2a: Giratina|Dark Pulse|p1a: Azumarill\n|-resisted|p1a: Azumarill\n|-damage|p1a: Azumarill|81\/100\n|move|p1a: Azumarill|Belly Drum|p1a: Azumarill\n|-damage|p1a: Azumarill|31\/100\n|-setboost|p1a: Azumarill|atk|6|[from] move: Belly Drum\n|-enditem|p1a: Azumarill|Sitrus Berry|[eat]\n|-heal|p1a: Azumarill|56\/100|[from] item: Sitrus Berry\n|\n|-damage|p2a: Giratina|46\/100 tox|[from] psn\n|upkeep\n|turn|24\n|\n|t:|1698605614\n|move|p2a: Giratina|Shadow Ball|p1a: Azumarill\n|-damage|p1a: Azumarill|12\/100\n|-unboost|p1a: Azumarill|spd|1\n|move|p1a: Azumarill|Trailblaze|p2a: Giratina\n|-damage|p2a: Giratina|0 fnt\n|-boost|p1a: Azumarill|spe|1\n|faint|p2a: Giratina\n|\n|upkeep\n|\n|t:|1698605623\n|switch|p2a: Lilligant|Lilligant, F, shiny|100\/100\n|-activate|p2a: Lilligant|move: Sticky Web\n|-unboost|p2a: Lilligant|spe|1\n|turn|25\n|\n|t:|1698605628\n|move|p1a: Azumarill|Play Rough|p2a: Lilligant\n|-damage|p2a: Lilligant|0 fnt\n|faint|p2a: Lilligant\n|\n|win|babbona\n|raw|babbona's rating: 1272 &rarr; <strong>1290<\/strong><br \/>(+18 for winning)\n|raw|c121321321's rating: 1175 &rarr; <strong>1157<\/strong><br \/>(-18 for losing)\n|l|\u2606c121321321\n|c|\u2606babbona|gg\n","uploadtime":1698605652,"views":11,"p1id":"babbona","p2id":"c121321321","formatid":"gen9anythinggoes","rating":1157,"private":0,"password":""}