{"id":"gen9anythinggoes-1980684181","p1":"mesanoob","p2":"CheeseMaster3000","format":"[Gen 9] Anything Goes","log":"|j|\u2606mesanoob\n|j|\u203dCheeseMaster3000\n|t:|1698812563\n|gametype|singles\n|player|p1|mesanoob|swimmerf-gen4|1141\n|player|p2|CheeseMaster3000|ingo|1045\n|teamsize|p1|6\n|teamsize|p2|6\n|gen|9\n|tier|[Gen 9] Anything Goes\n|rated|\n|rule|HP Percentage Mod: HP is shown in percentages\n|rule|Endless Battle Clause: Forcing endless battles is banned\n|clearpoke\n|poke|p1|Pikachu, M|\n|poke|p1|Charizard, F|\n|poke|p1|Azumarill, M|\n|poke|p1|Krookodile, F|\n|poke|p1|Leafeon, M|\n|poke|p1|Ariados, M|\n|poke|p2|Drifblim, F|\n|poke|p2|Calyrex-Shadow|\n|poke|p2|Baxcalibur, M|\n|poke|p2|Ninetales-Alola, F|\n|poke|p2|Arceus|\n|poke|p2|Regieleki|\n|teampreview\n|\n|t:|1698812571\n|start\n|switch|p1a: Leafeon|Leafeon, M|100\/100\n|switch|p2a: Ninetales|Ninetales-Alola, F|100\/100\n|-weather|Snow|[from] ability: Snow Warning|[of] p2a: Ninetales\n|turn|1\n|\n|t:|1698812578\n|move|p2a: Ninetales|Aurora Veil|p2a: Ninetales\n|-sidestart|p2: CheeseMaster3000|move: Aurora Veil\n|move|p1a: Leafeon|Leech Seed|p2a: Ninetales\n|-start|p2a: Ninetales|move: Leech Seed\n|\n|-weather|Snow|[upkeep]\n|-damage|p2a: Ninetales|88\/100|[from] Leech Seed|[of] p1a: Leafeon\n|upkeep\n|turn|2\n|\n|t:|1698812589\n|switch|p2a: Drifblim|Drifblim, F|100\/100\n|switch|p1a: Azumarill|Azumarill, M|100\/100\n|\n|-weather|Snow|[upkeep]\n|upkeep\n|turn|3\n|\n|t:|1698812596\n|move|p2a: Drifblim|Minimize|p2a: Drifblim\n|-boost|p2a: Drifblim|evasion|2\n|move|p1a: Azumarill|Belly Drum|p1a: Azumarill\n|-damage|p1a: Azumarill|50\/100\n|-setboost|p1a: Azumarill|atk|6|[from] move: Belly Drum\n|-enditem|p1a: Azumarill|Sitrus Berry|[eat]\n|-heal|p1a: Azumarill|75\/100|[from] item: Sitrus Berry\n|\n|-weather|Snow|[upkeep]\n|upkeep\n|turn|4\n|\n|t:|1698812605\n|move|p1a: Azumarill|Aqua Jet|p2a: Drifblim\n|-damage|p2a: Drifblim|33\/100\n|move|p2a: Drifblim|Minimize|p2a: Drifblim\n|-boost|p2a: Drifblim|evasion|2\n|\n|-weather|Snow|[upkeep]\n|upkeep\n|turn|5\n|\n|t:|1698812613\n|move|p1a: Azumarill|Aqua Jet|p2a: Drifblim|[miss]\n|-miss|p1a: Azumarill|p2a: Drifblim\n|move|p2a: Drifblim|Minimize|p2a: Drifblim\n|-boost|p2a: Drifblim|evasion|2\n|\n|-weather|none\n|upkeep\n|turn|6\n|\n|t:|1698812619\n|move|p1a: Azumarill|Aqua Jet|p2a: Drifblim|[miss]\n|-miss|p1a: Azumarill|p2a: Drifblim\n|move|p2a: Drifblim|Baton Pass|p2a: Drifblim\n|\n|t:|1698812623\n|switch|p2a: Calyrex|Calyrex-Shadow|100\/100|[from] Baton Pass\n|-ability|p2a: Calyrex|As One\n|-ability|p2a: Calyrex|Unnerve\n|\n|upkeep\n|turn|7\n|c|\u2606mesanoob|cringe\n|\n|t:|1698812632\n|move|p2a: Calyrex|Astral Barrage|p1a: Azumarill\n|-damage|p1a: Azumarill|0 fnt\n|faint|p1a: Azumarill\n|-ability|p2a: Calyrex|Grim Neigh|boost\n|-boost|p2a: Calyrex|spa|1\n|\n|upkeep\n|\n|t:|1698812639\n|switch|p1a: Krookodile|Krookodile, F|100\/100\n|turn|8\n|\n|t:|1698812643\n|move|p2a: Calyrex|Draining Kiss|p1a: Krookodile\n|-supereffective|p1a: Krookodile\n|-damage|p1a: Krookodile|16\/100\n|move|p1a: Krookodile|Knock Off|p2a: Calyrex|[miss]\n|-miss|p1a: Krookodile|p2a: Calyrex\n|\n|-heal|p1a: Krookodile|22\/100|[from] item: Leftovers\n|-sideend|p2: CheeseMaster3000|move: Aurora Veil\n|upkeep\n|turn|9\n|\n|t:|1698812652\n|move|p2a: Calyrex|Draining Kiss|p1a: Krookodile\n|-supereffective|p1a: Krookodile\n|-damage|p1a: Krookodile|0 fnt\n|faint|p1a: Krookodile\n|-ability|p2a: Calyrex|Grim Neigh|boost\n|-boost|p2a: Calyrex|spa|1\n|\n|upkeep\n|c|\u2606mesanoob|oh\n|c|\u2606mesanoob|you just living up to your name ig\n|\n|t:|1698812687\n|switch|p1a: Leafeon|Leafeon, M|100\/100\n|turn|10\n|\n|t:|1698812692\n|move|p2a: Calyrex|Astral Barrage|p1a: Leafeon\n|-damage|p1a: Leafeon|0 fnt\n|faint|p1a: Leafeon\n|-ability|p2a: Calyrex|Grim Neigh|boost\n|-boost|p2a: Calyrex|spa|1\n|\n|upkeep\n|c|\u2606mesanoob|gg you played so well\n|-message|mesanoob forfeited.\n|\n|win|CheeseMaster3000\n|raw|mesanoob's rating: 1141 &rarr; <strong>1109<\/strong><br \/>(-32 for losing)\n|raw|CheeseMaster3000's rating: 1045 &rarr; <strong>1087<\/strong><br \/>(+42 for winning)\n|l|\u2606mesanoob\n","uploadtime":1698812788,"views":14,"p1id":"mesanoob","p2id":"cheesemaster3000","formatid":"gen9anythinggoes","rating":1087,"private":0,"password":""}