{"id":"gen9anythinggoes-1991209604","p1":"eleoele12423","p2":"ThatGuyAKAGOD","format":"[Gen 9] Anything Goes","log":"|j|\u2606eleoele12423\n|j|\u2606ThatGuyAKAGOD\n|t:|1700057414\n|gametype|singles\n|player|p1|eleoele12423|pokekid|1068\n|player|p2|ThatGuyAKAGOD|102|1066\n|teamsize|p1|6\n|teamsize|p2|6\n|gen|9\n|tier|[Gen 9] Anything Goes\n|rated|\n|rule|HP Percentage Mod: HP is shown in percentages\n|rule|Endless Battle Clause: Forcing endless battles is banned\n|clearpoke\n|poke|p1|Golem, M|\n|poke|p1|Golem, F|\n|poke|p1|Golem, M|\n|poke|p1|Golem, M|\n|poke|p1|Tyranitar, M|\n|poke|p1|Houndstone, F|\n|poke|p2|Gengar, M|\n|poke|p2|Arcanine-Hisui, M|\n|poke|p2|Urshifu-*, F|\n|poke|p2|Rayquaza|\n|poke|p2|Giratina|\n|poke|p2|Zacian-*|\n|teampreview\n|\n|t:|1700057425\n|start\n|switch|p1a: Golem|Golem, M|100\/100\n|switch|p2a: Gengar|Gengar, M|100\/100\n|turn|1\n|c|\u2606ThatGuyAKAGOD|thats a nice team\n|\n|t:|1700057434\n|switch|p1a: Tyranitar|Tyranitar, M|100\/100\n|-weather|Sandstorm|[from] ability: Sand Stream|[of] p1a: Tyranitar\n|move|p2a: Gengar|Hypnosis|p1a: Tyranitar|[miss]\n|-miss|p2a: Gengar|p1a: Tyranitar\n|\n|-weather|Sandstorm|[upkeep]\n|-damage|p2a: Gengar|94\/100|[from] Sandstorm\n|upkeep\n|turn|2\n|\n|t:|1700057443\n|move|p2a: Gengar|Hypnosis|p1a: Tyranitar|[miss]\n|-miss|p2a: Gengar|p1a: Tyranitar\n|move|p1a: Tyranitar|Knock Off|p2a: Gengar\n|-supereffective|p2a: Gengar\n|-damage|p2a: Gengar|0 fnt\n|-enditem|p2a: Gengar|Spell Tag|[from] move: Knock Off|[of] p1a: Tyranitar\n|faint|p2a: Gengar\n|\n|-weather|Sandstorm|[upkeep]\n|upkeep\n|c|\u2606ThatGuyAKAGOD|THat so gay\n|\n|t:|1700057456\n|switch|p2a: Urshifu|Urshifu-Rapid-Strike, F|100\/100\n|turn|3\n|\n|t:|1700057464\n|switch|p1a: Golem|Golem, F|100\/100\n|move|p2a: Urshifu|Surging Strikes|p1a: Golem\n|-supereffective|p1a: Golem\n|-crit|p1a: Golem\n|-damage|p1a: Golem|3\/100\n|-supereffective|p1a: Golem\n|-crit|p1a: Golem\n|-damage|p1a: Golem|0 fnt\n|faint|p1a: Golem\n|-hitcount|p1: Golem|2\n|\n|-weather|Sandstorm|[upkeep]\n|-damage|p2a: Urshifu|94\/100|[from] Sandstorm\n|upkeep\n|\n|t:|1700057475\n|switch|p1a: Golem|Golem, M|100\/100\n|turn|4\n|\n|t:|1700057480\n|move|p1a: Golem|Explosion|p2a: Urshifu\n|-damage|p2a: Urshifu|24\/100\n|faint|p1a: Golem\n|move|p2a: Urshifu|Surging Strikes|p1: Golem|[notarget]\n|-fail|p2a: Urshifu\n|\n|-weather|Sandstorm|[upkeep]\n|-damage|p2a: Urshifu|18\/100|[from] Sandstorm\n|upkeep\n|\n|t:|1700057487\n|switch|p1a: Golem|Golem, M|100\/100\n|turn|5\n|\n|t:|1700057499\n|switch|p2a: Arcanine|Arcanine-Hisui, M|100\/100\n|move|p1a: Golem|Explosion|p2a: Arcanine\n|-resisted|p2a: Arcanine\n|-damage|p2a: Arcanine|58\/100\n|faint|p1a: Golem\n|\n|-weather|none\n|upkeep\n|\n|t:|1700057506\n|switch|p1a: Golem|Golem, M|100\/100\n|turn|6\n|\n|t:|1700057512\n|switch|p1a: Tyranitar|Tyranitar, M|100\/100\n|-weather|Sandstorm|[from] ability: Sand Stream|[of] p1a: Tyranitar\n|move|p2a: Arcanine|Protect||[still]\n|-fail|p2a: Arcanine\n|\n|-weather|Sandstorm|[upkeep]\n|upkeep\n|turn|7\n|l|\u2606ThatGuyAKAGOD\n|player|p2|\n|j|\u2606ThatGuyAKAGOD\n|player|p2|ThatGuyAKAGOD|102\n|\n|t:|1700057540\n|switch|p2a: Zacian|Zacian-Crowned|100\/100\n|-ability|p2a: Zacian|Intrepid Sword|boost\n|-boost|p2a: Zacian|atk|1\n|move|p1a: Tyranitar|Knock Off|p2a: Zacian\n|-resisted|p2a: Zacian\n|-damage|p2a: Zacian|82\/100\n|\n|-weather|Sandstorm|[upkeep]\n|upkeep\n|turn|8\n|\n|t:|1700057559\n|switch|p1a: Golem|Golem, M|100\/100\n|move|p2a: Zacian|Behemoth Blade|p1a: Golem\n|-supereffective|p1a: Golem\n|-ability|p1a: Golem|Sturdy\n|-damage|p1a: Golem|1\/100\n|\n|-weather|Sandstorm|[upkeep]\n|upkeep\n|turn|9\n|\n|t:|1700057574\n|switch|p2a: Arcanine|Arcanine-Hisui, M|58\/100\n|move|p1a: Golem|Explosion|p2a: Arcanine\n|-resisted|p2a: Arcanine\n|-damage|p2a: Arcanine|16\/100\n|faint|p1a: Golem\n|\n|-weather|Sandstorm|[upkeep]\n|upkeep\n|\n|t:|1700057584\n|switch|p1a: Houndstone|Houndstone, F|100\/100\n|turn|10\n|\n|t:|1700057587\n|move|p1a: Houndstone|Last Respects|p2a: Arcanine\n|-damage|p2a: Arcanine|0 fnt\n|faint|p2a: Arcanine\n|\n|-weather|none\n|upkeep\n|\n|t:|1700057598\n|switch|p2a: Giratina|Giratina|100\/100\n|-ability|p2a: Giratina|Pressure\n|turn|11\n|\n|t:|1700057610\n|switch|p1a: Tyranitar|Tyranitar, M|100\/100\n|-weather|Sandstorm|[from] ability: Sand Stream|[of] p1a: Tyranitar\n|move|p2a: Giratina|Destiny Bond|p2a: Giratina\n|-singlemove|p2a: Giratina|Destiny Bond\n|\n|-weather|Sandstorm|[upkeep]\n|-damage|p2a: Giratina|94\/100|[from] Sandstorm\n|upkeep\n|turn|12\n|\n|t:|1700057620\n|switch|p1a: Houndstone|Houndstone, F|100\/100\n|move|p2a: Giratina|Shadow Ball|p1a: Houndstone\n|-supereffective|p1a: Houndstone\n|-damage|p1a: Houndstone|6\/100\n|\n|-weather|Sandstorm|[upkeep]\n|-damage|p2a: Giratina|88\/100|[from] Sandstorm\n|upkeep\n|turn|13\n|\n|t:|1700057629\n|move|p1a: Houndstone|Last Respects|p2a: Giratina\n|-supereffective|p2a: Giratina\n|-damage|p2a: Giratina|0 fnt\n|faint|p2a: Giratina\n|\n|-weather|Sandstorm|[upkeep]\n|upkeep\n|\n|t:|1700057635\n|switch|p2a: Urshifu|Urshifu-Rapid-Strike, F|18\/100\n|turn|14\n|\n|t:|1700057638\n|move|p1a: Houndstone|Last Respects|p2a: Urshifu\n|-damage|p2a: Urshifu|0 fnt\n|faint|p2a: Urshifu\n|\n|-weather|Sandstorm|[upkeep]\n|upkeep\n|\n|t:|1700057644\n|switch|p2a: Zacian|Zacian-Crowned|82\/100\n|turn|15\n|\n|t:|1700057649\n|move|p1a: Houndstone|Last Respects|p2a: Zacian\n|-damage|p2a: Zacian|0 fnt\n|faint|p2a: Zacian\n|\n|-weather|none\n|upkeep\n|c|\u2606ThatGuyAKAGOD|YOUR GAY\n|\n|t:|1700057656\n|switch|p2a: Rayquaza|Rayquaza|100\/100\n|-ability|p2a: Rayquaza|Air Lock\n|turn|16\n|\n|t:|1700057661\n|switch|p1a: Tyranitar|Tyranitar, M|100\/100\n|-weather|Sandstorm|[from] ability: Sand Stream|[of] p1a: Tyranitar\n|move|p2a: Rayquaza|Dragon Ascent|p1a: Tyranitar\n|-resisted|p1a: Tyranitar\n|-damage|p1a: Tyranitar|77\/100\n|-unboost|p2a: Rayquaza|def|1\n|-unboost|p2a: Rayquaza|spd|1\n|\n|-weather|Sandstorm|[upkeep]\n|upkeep\n|turn|17\n|\n|t:|1700057674\n|move|p2a: Rayquaza|Outrage|p1a: Tyranitar\n|-crit|p1a: Tyranitar\n|-damage|p1a: Tyranitar|8\/100\n|move|p1a: Tyranitar|Knock Off|p2a: Rayquaza\n|-enditem|p2a: Rayquaza|Focus Sash\n|-damage|p2a: Rayquaza|1\/100\n|\n|-weather|Sandstorm|[upkeep]\n|upkeep\n|turn|18\n|c|\u2606eleoele12423|damn bro\n|c|\u2606eleoele12423|wut u gonna do now\n|inactive|Battle timer is ON: inactive players will automatically lose when time's up. (requested by eleoele12423)\n|inactive|ThatGuyAKAGOD has 120 seconds left.\n|\n|t:|1700057783\n|-terastallize|p1a: Tyranitar|Rock\n|move|p2a: Rayquaza|Outrage|p1a: Tyranitar|[from]lockedmove\n|-damage|p1a: Tyranitar|0 fnt\n|faint|p1a: Tyranitar\n|-start|p2a: Rayquaza|confusion|[fatigue]\n|\n|-weather|Sandstorm|[upkeep]\n|upkeep\n|c|\u2606ThatGuyAKAGOD|bye bye\n|\n|t:|1700057791\n|switch|p1a: Houndstone|Houndstone, F|6\/100\n|turn|19\n|c|\u2606ThatGuyAKAGOD|GG\n|\n|t:|1700057800\n|move|p1a: Houndstone|Last Respects|p2a: Rayquaza\n|-damage|p2a: Rayquaza|0 fnt\n|faint|p2a: Rayquaza\n|\n|win|eleoele12423\n|raw|eleoele12423's rating: 1068 &rarr; <strong>1098<\/strong><br \/>(+30 for winning)\n|raw|ThatGuyAKAGOD's rating: 1066 &rarr; <strong>1046<\/strong><br \/>(-20 for losing)\n|c|\u2606eleoele12423|gg\n|l|\u2606ThatGuyAKAGOD\n","uploadtime":1700057810,"views":28,"p1id":"eleoele12423","p2id":"thatguyakagod","formatid":"gen9anythinggoes","rating":1046,"private":0,"password":""}