{"id":"gen9anythinggoes-1993762970","p1":"LingLing007","p2":"dimincaterpiy","format":"[Gen 9] Anything Goes","log":"|j|\u2606LingLing007\n|j|\u2606dimincaterpiy\n|t:|1700354327\n|gametype|singles\n|player|p1|LingLing007|proton|1171\n|player|p2|dimincaterpiy|bellelba|1264\n|teamsize|p1|6\n|teamsize|p2|6\n|gen|9\n|tier|[Gen 9] Anything Goes\n|rated|\n|rule|HP Percentage Mod: HP is shown in percentages\n|rule|Endless Battle Clause: Forcing endless battles is banned\n|clearpoke\n|poke|p1|Ting-Lu|\n|poke|p1|Meowscarada, M|\n|poke|p1|Roaring Moon|\n|poke|p1|Grimmsnarl, M|\n|poke|p1|Hydreigon, M|\n|poke|p1|Mandibuzz, F|\n|poke|p2|Gardevoir, F|\n|poke|p2|Meowscarada, F|\n|poke|p2|Ursaluna, F|\n|poke|p2|Basculegion, M|\n|poke|p2|Clodsire, F|\n|poke|p2|Chien-Pao|\n|teampreview\n|inactive|Battle timer is ON: inactive players will automatically lose when time's up. (requested by dimincaterpiy)\n|\n|t:|1700354340\n|start\n|switch|p1a: Ting-Lu|Ting-Lu|100\/100\n|switch|p2a: TRUCK|Ursaluna, F|100\/100\n|-ability|p1a: Ting-Lu|Vessel of Ruin\n|turn|1\n|\n|t:|1700354345\n|move|p2a: TRUCK|Earthquake|p1a: Ting-Lu\n|-damage|p1a: Ting-Lu|70\/100\n|move|p1a: Ting-Lu|Stealth Rock|p2a: TRUCK\n|-sidestart|p2: dimincaterpiy|move: Stealth Rock\n|\n|-heal|p1a: Ting-Lu|76\/100|[from] item: Leftovers\n|-status|p2a: TRUCK|brn|[from] item: Flame Orb\n|upkeep\n|turn|2\n|\n|t:|1700354348\n|move|p2a: TRUCK|Facade|p1a: Ting-Lu\n|-damage|p1a: Ting-Lu|14\/100\n|move|p1a: Ting-Lu|Whirlwind|p2a: TRUCK\n|drag|p2a: BOOP THE GOD|Clodsire, F|100\/100\n|-damage|p2a: BOOP THE GOD|94\/100|[from] Stealth Rock\n|\n|-heal|p1a: Ting-Lu|20\/100|[from] item: Leftovers\n|-heal|p2a: BOOP THE GOD|100\/100|[from] item: Black Sludge\n|upkeep\n|turn|3\n|\n|t:|1700354356\n|move|p1a: Ting-Lu|Earthquake|p2a: BOOP THE GOD\n|-supereffective|p2a: BOOP THE GOD\n|-damage|p2a: BOOP THE GOD|12\/100\n|move|p2a: BOOP THE GOD|Earthquake|p1a: Ting-Lu\n|-damage|p1a: Ting-Lu|0 fnt\n|faint|p1a: Ting-Lu\n|\n|-heal|p2a: BOOP THE GOD|18\/100|[from] item: Black Sludge\n|upkeep\n|\n|t:|1700354372\n|switch|p1a: Meowscarada|Meowscarada, M, shiny|100\/100\n|turn|4\n|\n|t:|1700354375\n|move|p1a: Meowscarada|Flower Trick|p2a: BOOP THE GOD\n|-start|p1a: Meowscarada|typechange|Grass|[from] ability: Protean\n|-crit|p2a: BOOP THE GOD\n|-damage|p2a: BOOP THE GOD|0 fnt\n|faint|p2a: BOOP THE GOD\n|\n|upkeep\n|\n|t:|1700354381\n|switch|p2a: Crash|Chien-Pao|100\/100\n|-damage|p2a: Crash|76\/100|[from] Stealth Rock\n|-ability|p2a: Crash|Sword of Ruin\n|turn|5\n|\n|t:|1700354384\n|switch|p1a: Grimmsnarl|Grimmsnarl, M|100\/100\n|move|p2a: Crash|Icicle Crash|p1a: Grimmsnarl\n|-damage|p1a: Grimmsnarl|4\/100\n|\n|upkeep\n|turn|6\n|\n|t:|1700354392\n|move|p2a: Crash|Ice Shard|p1a: Grimmsnarl\n|-damage|p1a: Grimmsnarl|0 fnt\n|faint|p1a: Grimmsnarl\n|\n|upkeep\n|\n|t:|1700354403\n|switch|p1a: Hydreigon|Hydreigon, M|100\/100\n|turn|7\n|\n|t:|1700354409\n|-terastallize|p1a: Hydreigon|Electric\n|move|p2a: Crash|Icicle Crash|p1a: Hydreigon\n|-damage|p1a: Hydreigon|11\/100\n|move|p1a: Hydreigon|Flamethrower|p2a: Crash\n|-supereffective|p2a: Crash\n|-damage|p2a: Crash|0 fnt\n|faint|p2a: Crash\n|\n|upkeep\n|\n|t:|1700354421\n|switch|p2a: Tricke|Meowscarada, F, shiny|100\/100\n|-damage|p2a: Tricke|88\/100|[from] Stealth Rock\n|turn|8\n|\n|t:|1700354424\n|move|p2a: Tricke|Trailblaze|p1a: Hydreigon\n|-damage|p1a: Hydreigon|0 fnt\n|-boost|p2a: Tricke|spe|1\n|faint|p1a: Hydreigon\n|\n|-heal|p2a: Tricke|94\/100|[from] item: Leftovers\n|upkeep\n|\n|t:|1700354428\n|switch|p1a: Roaring Moon|Roaring Moon|100\/100\n|-enditem|p1a: Roaring Moon|Booster Energy\n|-activate|p1a: Roaring Moon|ability: Protosynthesis|[fromitem]\n|-start|p1a: Roaring Moon|protosynthesisatk\n|turn|9\n|\n|t:|1700354436\n|move|p2a: Tricke|Knock Off|p1a: Roaring Moon\n|-resisted|p1a: Roaring Moon\n|-damage|p1a: Roaring Moon|80\/100\n|move|p1a: Roaring Moon|Dragon Dance|p1a: Roaring Moon\n|-boost|p1a: Roaring Moon|atk|1\n|-boost|p1a: Roaring Moon|spe|1\n|\n|-heal|p2a: Tricke|100\/100|[from] item: Leftovers\n|upkeep\n|turn|10\n|\n|t:|1700354444\n|move|p1a: Roaring Moon|Acrobatics|p2a: Tricke\n|-supereffective|p2a: Tricke\n|-damage|p2a: Tricke|0 fnt\n|faint|p2a: Tricke\n|\n|upkeep\n|\n|t:|1700354447\n|switch|p2a: boom|Gardevoir, F, shiny|100\/100\n|-damage|p2a: boom|88\/100|[from] Stealth Rock\n|turn|11\n|\n|t:|1700354451\n|move|p1a: Roaring Moon|Acrobatics|p2a: boom\n|-damage|p2a: boom|0 fnt\n|faint|p2a: boom\n|\n|upkeep\n|\n|t:|1700354456\n|switch|p2a: TRUCK|Ursaluna, F|100\/100 brn\n|-damage|p2a: TRUCK|94\/100 brn|[from] Stealth Rock\n|turn|12\n|\n|t:|1700354458\n|move|p1a: Roaring Moon|Acrobatics|p2a: TRUCK\n|-damage|p2a: TRUCK|39\/100 brn\n|move|p2a: TRUCK|Facade|p1a: Roaring Moon\n|-damage|p1a: Roaring Moon|0 fnt\n|faint|p1a: Roaring Moon\n|-end|p1a: Roaring Moon|Protosynthesis|[silent]\n|\n|-damage|p2a: TRUCK|33\/100 brn|[from] brn\n|upkeep\n|\n|t:|1700354461\n|switch|p1a: Meowscarada|Meowscarada, M, shiny|100\/100\n|turn|13\n|\n|t:|1700354472\n|move|p1a: Meowscarada|Flower Trick|p2a: TRUCK\n|-start|p1a: Meowscarada|typechange|Grass|[from] ability: Protean\n|-supereffective|p2a: TRUCK\n|-crit|p2a: TRUCK\n|-damage|p2a: TRUCK|0 fnt\n|faint|p2a: TRUCK\n|\n|upkeep\n|\n|t:|1700354474\n|switch|p2a: LOST RESPECT|Basculegion, M|100\/100\n|-damage|p2a: LOST RESPECT|88\/100|[from] Stealth Rock\n|turn|14\n|\n|t:|1700354480\n|-terastallize|p2a: LOST RESPECT|Ghost\n|move|p1a: Meowscarada|Flower Trick|p2a: LOST RESPECT\n|-crit|p2a: LOST RESPECT\n|-damage|p2a: LOST RESPECT|0 fnt\n|faint|p2a: LOST RESPECT\n|\n|win|LingLing007\n|raw|LingLing007's rating: 1171 &rarr; <strong>1203<\/strong><br \/>(+32 for winning)\n|raw|dimincaterpiy's rating: 1264 &rarr; <strong>1232<\/strong><br \/>(-32 for losing)\n|l|\u2606dimincaterpiy\n|c|\u2606LingLing007|gg\n","uploadtime":1700356088,"views":4,"p1id":"lingling007","p2id":"dimincaterpiy","formatid":"gen9anythinggoes","rating":1203,"private":0,"password":""}