{"id":"gen9anythinggoes-1987027169","p1":"EnclaveRemnant","p2":"Murasaki Samsara","format":"[Gen 9] Anything Goes","log":"|j|\u2606EnclaveRemnant\n|j|\u2606Murasaki Samsara\n|t:|1699550143\n|gametype|singles\n|player|p1|EnclaveRemnant|gambler|1077\n|player|p2|Murasaki Samsara|veteranf|1166\n|teamsize|p1|6\n|teamsize|p2|6\n|gen|9\n|tier|[Gen 9] Anything Goes\n|rated|\n|rule|HP Percentage Mod: HP is shown in percentages\n|rule|Endless Battle Clause: Forcing endless battles is banned\n|clearpoke\n|poke|p1|Conkeldurr, M|\n|poke|p1|Tyranitar, F|\n|poke|p1|Garchomp, M|\n|poke|p1|Gholdengo|\n|poke|p1|Volcarona, M|\n|poke|p1|Scizor, M|\n|poke|p2|Goodra, F|\n|poke|p2|Toxapex, M|\n|poke|p2|Delphox, F|\n|poke|p2|Hatterene, F|\n|poke|p2|Trevenant, M|\n|poke|p2|Weavile, F|\n|teampreview\n|\n|t:|1699550166\n|start\n|switch|p1a: Gojira|Tyranitar, F|100\/100\n|switch|p2a: Toxapex|Toxapex, M|100\/100\n|-weather|Sandstorm|[from] ability: Sand Stream|[of] p1a: Gojira\n|turn|1\n|\n|t:|1699550179\n|switch|p1a: Gold Experience|Gholdengo, shiny|100\/100\n|move|p2a: Toxapex|Baneful Bunker||[still]\n|-fail|p2a: Toxapex\n|\n|-weather|Sandstorm|[upkeep]\n|-damage|p2a: Toxapex|94\/100|[from] Sandstorm\n|upkeep\n|turn|2\n|\n|t:|1699550193\n|move|p1a: Gold Experience|Shadow Ball|p2a: Toxapex\n|-damage|p2a: Toxapex|57\/100\n|-unboost|p2a: Toxapex|spd|1\n|move|p2a: Toxapex|Toxic Spikes|p1a: Gold Experience\n|-sidestart|p1: EnclaveRemnant|move: Toxic Spikes\n|\n|-weather|Sandstorm|[upkeep]\n|-damage|p2a: Toxapex|50\/100|[from] Sandstorm\n|upkeep\n|turn|3\n|\n|t:|1699550208\n|switch|p2a: Hatterene|Hatterene, F|100\/100\n|move|p1a: Gold Experience|Shadow Ball|p2a: Hatterene\n|-supereffective|p2a: Hatterene\n|-damage|p2a: Hatterene|9\/100\n|\n|-weather|Sandstorm|[upkeep]\n|-damage|p2a: Hatterene|3\/100|[from] Sandstorm\n|upkeep\n|turn|4\n|\n|t:|1699550219\n|move|p1a: Gold Experience|Shadow Ball|p2a: Hatterene\n|-supereffective|p2a: Hatterene\n|-damage|p2a: Hatterene|0 fnt\n|faint|p2a: Hatterene\n|\n|-weather|Sandstorm|[upkeep]\n|upkeep\n|\n|t:|1699550244\n|switch|p2a: Goodra|Goodra, F|100\/100\n|turn|5\n|\n|t:|1699550250\n|move|p1a: Gold Experience|Dazzling Gleam|p2a: Goodra\n|-supereffective|p2a: Goodra\n|-damage|p2a: Goodra|58\/100\n|move|p2a: Goodra|Dragon Tail|p1a: Gold Experience\n|-resisted|p1a: Gold Experience\n|-damage|p1a: Gold Experience|93\/100\n|drag|p1a: Gojira|Tyranitar, F|100\/100\n|-status|p1a: Gojira|psn\n|\n|-weather|none\n|-damage|p1a: Gojira|88\/100 psn|[from] psn\n|upkeep\n|turn|6\n|\n|t:|1699550264\n|move|p2a: Goodra|Protect|p2a: Goodra\n|-singleturn|p2a: Goodra|Protect\n|move|p1a: Gojira|Ice Punch|p2a: Goodra\n|-activate|p2a: Goodra|move: Protect\n|\n|-damage|p1a: Gojira|76\/100 psn|[from] psn\n|upkeep\n|turn|7\n|\n|t:|1699550274\n|move|p2a: Goodra|Draco Meteor|p1a: Gojira\n|-damage|p1a: Gojira|50\/100 psn\n|-unboost|p2a: Goodra|spa|2\n|move|p1a: Gojira|Ice Punch|p2a: Goodra\n|-supereffective|p2a: Goodra\n|-damage|p2a: Goodra|0 fnt\n|-ability|p2a: Goodra|Gooey\n|-unboost|p1a: Gojira|spe|1\n|faint|p2a: Goodra\n|\n|-damage|p1a: Gojira|37\/100 psn|[from] psn\n|upkeep\n|\n|t:|1699550294\n|switch|p2a: Delphox|Delphox, F|100\/100\n|turn|8\n|inactive|Battle timer is ON: inactive players will automatically lose when time's up. (requested by EnclaveRemnant)\n|\n|t:|1699550299\n|move|p2a: Delphox|Calm Mind|p2a: Delphox\n|-boost|p2a: Delphox|spa|1\n|-boost|p2a: Delphox|spd|1\n|move|p1a: Gojira|Earthquake|p2a: Delphox\n|-supereffective|p2a: Delphox\n|-enditem|p2a: Delphox|Focus Sash\n|-damage|p2a: Delphox|1\/100\n|\n|-damage|p1a: Gojira|25\/100 psn|[from] psn\n|upkeep\n|turn|9\n|\n|t:|1699550327\n|move|p2a: Delphox|Flamethrower|p1a: Gojira\n|-resisted|p1a: Gojira\n|-damage|p1a: Gojira|5\/100 psn\n|move|p1a: Gojira|Crunch|p2a: Delphox\n|-supereffective|p2a: Delphox\n|-damage|p2a: Delphox|0 fnt\n|faint|p2a: Delphox\n|\n|-damage|p1a: Gojira|0 fnt|[from] psn\n|faint|p1a: Gojira\n|upkeep\n|inactive|EnclaveRemnant has 120 seconds left.\n|\n|t:|1699550348\n|switch|p2a: Trevenant|Trevenant, M|100\/100\n|switch|p1a: Gold Experience|Gholdengo, shiny|93\/100\n|turn|10\n|inactive|EnclaveRemnant has 120 seconds left.\n|\n|t:|1699550362\n|move|p1a: Gold Experience|Shadow Ball|p2a: Trevenant\n|-supereffective|p2a: Trevenant\n|-damage|p2a: Trevenant|38\/100\n|-unboost|p2a: Trevenant|spd|1\n|-enditem|p2a: Trevenant|Sitrus Berry|[eat]\n|-heal|p2a: Trevenant|63\/100|[from] item: Sitrus Berry\n|move|p2a: Trevenant|Knock Off|p1a: Gold Experience\n|-supereffective|p1a: Gold Experience\n|-damage|p1a: Gold Experience|50\/100\n|-enditem|p1a: Gold Experience|Leftovers|[from] move: Knock Off|[of] p2a: Trevenant\n|\n|-item|p2a: Trevenant|Sitrus Berry|[from] ability: Harvest\n|upkeep\n|turn|11\n|inactive|EnclaveRemnant has 120 seconds left.\n|\n|t:|1699550377\n|move|p2a: Trevenant|Protect|p2a: Trevenant\n|-singleturn|p2a: Trevenant|Protect\n|move|p1a: Gold Experience|Shadow Ball|p2a: Trevenant\n|-activate|p2a: Trevenant|move: Protect\n|\n|upkeep\n|turn|12\n|inactive|EnclaveRemnant has 120 seconds left.\n|\n|t:|1699550387\n|move|p1a: Gold Experience|Shadow Ball|p2a: Trevenant\n|-supereffective|p2a: Trevenant\n|-damage|p2a: Trevenant|0 fnt\n|faint|p2a: Trevenant\n|\n|upkeep\n|\n|t:|1699550396\n|switch|p2a: Toxapex|Toxapex, M|50\/100\n|turn|13\n|\n|t:|1699550401\n|move|p1a: Gold Experience|Recover|p1a: Gold Experience\n|-heal|p1a: Gold Experience|99\/100\n|move|p2a: Toxapex|Toxic Spikes|p1a: Gold Experience\n|-sidestart|p1: EnclaveRemnant|move: Toxic Spikes\n|\n|upkeep\n|turn|14\n|\n|t:|1699550410\n|move|p1a: Gold Experience|Shadow Ball|p2a: Toxapex\n|-damage|p2a: Toxapex|12\/100\n|move|p2a: Toxapex|Recover|p2a: Toxapex\n|-heal|p2a: Toxapex|62\/100\n|\n|upkeep\n|turn|15\n|\n|t:|1699550418\n|move|p2a: Toxapex|Baneful Bunker|p2a: Toxapex\n|-singleturn|p2a: Toxapex|move: Protect\n|move|p1a: Gold Experience|Shadow Ball|p2a: Toxapex\n|-activate|p2a: Toxapex|move: Protect\n|\n|upkeep\n|turn|16\n|\n|t:|1699550427\n|move|p1a: Gold Experience|Shadow Ball|p2a: Toxapex\n|-damage|p2a: Toxapex|24\/100\n|move|p2a: Toxapex|Recover|p2a: Toxapex\n|-heal|p2a: Toxapex|74\/100\n|\n|upkeep\n|turn|17\n|\n|t:|1699550435\n|move|p2a: Toxapex|Baneful Bunker|p2a: Toxapex\n|-singleturn|p2a: Toxapex|move: Protect\n|move|p1a: Gold Experience|Shadow Ball|p2a: Toxapex\n|-activate|p2a: Toxapex|move: Protect\n|\n|upkeep\n|turn|18\n|\n|t:|1699550442\n|move|p1a: Gold Experience|Shadow Ball|p2a: Toxapex\n|-damage|p2a: Toxapex|40\/100\n|move|p2a: Toxapex|Recover|p2a: Toxapex\n|-heal|p2a: Toxapex|90\/100\n|\n|upkeep\n|turn|19\n|\n|t:|1699550450\n|move|p1a: Gold Experience|Shadow Ball|p2a: Toxapex\n|-damage|p2a: Toxapex|57\/100\n|move|p2a: Toxapex|Recover|p2a: Toxapex\n|-heal|p2a: Toxapex|100\/100\n|\n|upkeep\n|turn|20\n|\n|t:|1699550459\n|move|p1a: Gold Experience|Shadow Ball|p2a: Toxapex\n|-damage|p2a: Toxapex|68\/100\n|-unboost|p2a: Toxapex|spd|1\n|move|p2a: Toxapex|Recover|p2a: Toxapex\n|-heal|p2a: Toxapex|100\/100\n|\n|upkeep\n|turn|21\n|\n|t:|1699550468\n|move|p2a: Toxapex|Baneful Bunker|p2a: Toxapex\n|-singleturn|p2a: Toxapex|move: Protect\n|move|p1a: Gold Experience|Shadow Ball|p2a: Toxapex\n|-activate|p2a: Toxapex|move: Protect\n|\n|upkeep\n|turn|22\n|\n|t:|1699550476\n|move|p1a: Gold Experience|Shadow Ball|p2a: Toxapex\n|-damage|p2a: Toxapex|45\/100\n|move|p2a: Toxapex|Recover|p2a: Toxapex\n|-heal|p2a: Toxapex|95\/100\n|\n|upkeep\n|turn|23\n|\n|t:|1699550484\n|move|p2a: Toxapex|Baneful Bunker|p2a: Toxapex\n|-singleturn|p2a: Toxapex|move: Protect\n|move|p1a: Gold Experience|Shadow Ball|p2a: Toxapex\n|-activate|p2a: Toxapex|move: Protect\n|\n|upkeep\n|turn|24\n|\n|t:|1699550493\n|move|p2a: Toxapex|Baneful Bunker|p2a: Toxapex\n|-singleturn|p2a: Toxapex|move: Protect\n|move|p1a: Gold Experience|Shadow Ball|p2a: Toxapex\n|-activate|p2a: Toxapex|move: Protect\n|\n|upkeep\n|turn|25\n|\n|t:|1699550502\n|move|p2a: Toxapex|Baneful Bunker||[still]\n|-fail|p2a: Toxapex\n|move|p1a: Gold Experience|Shadow Ball|p2a: Toxapex\n|-crit|p2a: Toxapex\n|-damage|p2a: Toxapex|14\/100\n|\n|upkeep\n|turn|26\n|\n|t:|1699550512\n|move|p2a: Toxapex|Baneful Bunker|p2a: Toxapex\n|-singleturn|p2a: Toxapex|move: Protect\n|move|p1a: Gold Experience|Shadow Ball|p2a: Toxapex\n|-activate|p2a: Toxapex|move: Protect\n|\n|upkeep\n|turn|27\n|\n|t:|1699550534\n|move|p1a: Gold Experience|Make It Rain|p2a: Toxapex\n|-resisted|p2a: Toxapex\n|-damage|p2a: Toxapex|0 fnt\n|-unboost|p1a: Gold Experience|spa|1\n|faint|p2a: Toxapex\n|\n|upkeep\n|\n|t:|1699550542\n|switch|p2a: Weavile|Weavile, F|100\/100\n|turn|28\n|\n|t:|1699550548\n|switch|p1a: King Crimson|Scizor, M|100\/100\n|move|p2a: Weavile|Swords Dance|p2a: Weavile\n|-boost|p2a: Weavile|atk|2\n|\n|upkeep\n|turn|29\n|\n|t:|1699550558\n|move|p2a: Weavile|Brick Break|p1a: King Crimson\n|-damage|p1a: King Crimson|53\/100\n|move|p1a: King Crimson|Swords Dance|p1a: King Crimson\n|-boost|p1a: King Crimson|atk|2\n|\n|-heal|p1a: King Crimson|59\/100|[from] item: Leftovers\n|upkeep\n|turn|30\n|\n|t:|1699550568\n|move|p1a: King Crimson|Bullet Punch|p2a: Weavile\n|-supereffective|p2a: Weavile\n|-enditem|p2a: Weavile|Focus Sash\n|-damage|p2a: Weavile|1\/100\n|-enditem|p1a: King Crimson|Leftovers|[silent]|[from] ability: Pickpocket|[of] p1a: King Crimson\n|-item|p2a: Weavile|Leftovers|[from] ability: Pickpocket|[of] p1a: King Crimson\n|move|p2a: Weavile|Swords Dance|p2a: Weavile\n|-boost|p2a: Weavile|atk|2\n|\n|-heal|p2a: Weavile|7\/100|[from] item: Leftovers\n|upkeep\n|turn|31\n|\n|t:|1699550580\n|move|p2a: Weavile|Fake Out||[still]\n|-hint|Fake Out only works on your first turn out.\n|-fail|p2a: Weavile\n|move|p1a: King Crimson|Bullet Punch|p2a: Weavile\n|-supereffective|p2a: Weavile\n|-damage|p2a: Weavile|0 fnt\n|faint|p2a: Weavile\n|\n|win|EnclaveRemnant\n|raw|EnclaveRemnant's rating: 1077 &rarr; <strong>1113<\/strong><br \/>(+36 for winning)\n|raw|Murasaki Samsara's rating: 1166 &rarr; <strong>1135<\/strong><br \/>(-31 for losing)\n","uploadtime":1699550592,"views":9,"p1id":"enclaveremnant","p2id":"murasakisamsara","formatid":"gen9anythinggoes","rating":1113,"private":0,"password":""}