{"id":"gen9anythinggoes-1989132902","p1":"Kutta harami","p2":"vicariousexe","format":"[Gen 9] Anything Goes","log":"|j|\u2606Kutta harami\n|j|\u2606vicariousexe\n|t:|1699815744\n|gametype|singles\n|player|p1|Kutta harami|102|\n|player|p2|vicariousexe|burglar|\n|teamsize|p1|6\n|teamsize|p2|6\n|gen|9\n|tier|[Gen 9] Anything Goes\n|rule|HP Percentage Mod: HP is shown in percentages\n|rule|Endless Battle Clause: Forcing endless battles is banned\n|clearpoke\n|poke|p1|Rayquaza|\n|poke|p1|Arceus-Poison|\n|poke|p1|Zamazenta-*|\n|poke|p1|Zacian-*|\n|poke|p1|Mewtwo|\n|poke|p1|Palkia-Origin|\n|poke|p2|Grimmsnarl, M|\n|poke|p2|Magearna|\n|poke|p2|Clefable, F|\n|poke|p2|Sylveon, M|\n|poke|p2|Azumarill, M|\n|poke|p2|Mimikyu, M|\n|teampreview\n|c|\u2606vicariousexe|why'd you chase me down\n|\n|t:|1699815762\n|start\n|switch|p1a: Arceus|Arceus-Poison, shiny|100\/100\n|switch|p2a: Magearna|Magearna|100\/100\n|-item|p2a: Magearna|Air Balloon\n|turn|1\n|\n|t:|1699815772\n|-terastallize|p1a: Arceus|Poison\n|move|p1a: Arceus|Sludge Bomb|p2a: Magearna\n|-immune|p2a: Magearna\n|move|p2a: Magearna|Agility|p2a: Magearna\n|-boost|p2a: Magearna|spe|2\n|\n|upkeep\n|turn|2\n|\n|t:|1699815783\n|switch|p1a: Palkia|Palkia-Origin, shiny|100\/100\n|-ability|p1a: Palkia|Pressure\n|move|p2a: Magearna|Agility|p2a: Magearna\n|-boost|p2a: Magearna|spe|2\n|\n|upkeep\n|turn|3\n|\n|t:|1699815793\n|move|p2a: Magearna|Agility|p2a: Magearna\n|-boost|p2a: Magearna|spe|2\n|move|p1a: Palkia|Fire Blast|p2a: Magearna\n|-supereffective|p2a: Magearna\n|-damage|p2a: Magearna|38\/100\n|-enditem|p2a: Magearna|Air Balloon\n|\n|upkeep\n|turn|4\n|\n|t:|1699815803\n|move|p2a: Magearna|Baton Pass|p2a: Magearna\n|\n|t:|1699815806\n|switch|p2a: Blueberry|Azumarill, M|100\/100|[from] Baton Pass\n|move|p1a: Palkia|Draco Meteor|p2a: Blueberry\n|-immune|p2a: Blueberry\n|\n|upkeep\n|turn|5\n|\n|t:|1699815819\n|switch|p1a: Rayquaza|Rayquaza, shiny|100\/100\n|-ability|p1a: Rayquaza|Air Lock\n|-terastallize|p2a: Blueberry|Water\n|move|p2a: Blueberry|Belly Drum|p2a: Blueberry\n|-damage|p2a: Blueberry|51\/100\n|-setboost|p2a: Blueberry|atk|6|[from] move: Belly Drum\n|\n|upkeep\n|turn|6\n|\n|t:|1699815830\n|move|p1a: Rayquaza|Extreme Speed|p2a: Blueberry\n|-damage|p2a: Blueberry|25\/100\n|-enditem|p2a: Blueberry|Sitrus Berry|[eat]\n|-heal|p2a: Blueberry|50\/100|[from] item: Sitrus Berry\n|move|p2a: Blueberry|Play Rough|p1a: Rayquaza\n|-supereffective|p1a: Rayquaza\n|-damage|p1a: Rayquaza|0 fnt\n|faint|p1a: Rayquaza\n|\n|upkeep\n|\n|t:|1699815843\n|switch|p1a: Mewtwo|Mewtwo, shiny|100\/100\n|-ability|p1a: Mewtwo|Pressure\n|turn|7\n|\n|t:|1699815873\n|move|p2a: Blueberry|Play Rough|p1a: Mewtwo|[miss]\n|-miss|p2a: Blueberry|p1a: Mewtwo\n|move|p1a: Mewtwo|Body Slam|p2a: Blueberry\n|-damage|p2a: Blueberry|29\/100\n|-status|p2a: Blueberry|par\n|\n|upkeep\n|turn|8\n|\n|t:|1699815885\n|move|p2a: Blueberry|Aqua Jet|p1a: Mewtwo\n|-damage|p1a: Mewtwo|26\/100\n|move|p1a: Mewtwo|Body Slam|p2a: Blueberry\n|-damage|p2a: Blueberry|9\/100 par\n|\n|upkeep\n|turn|9\n|\n|t:|1699815892\n|move|p2a: Blueberry|Aqua Jet|p1a: Mewtwo\n|-damage|p1a: Mewtwo|0 fnt\n|faint|p1a: Mewtwo\n|\n|upkeep\n|\n|t:|1699815899\n|switch|p1a: Arceus|Arceus-Poison, shiny, tera:Poison|100\/100\n|turn|10\n|inactive|Battle timer is ON: inactive players will automatically lose when time's up. (requested by Kutta harami)\n|\n|t:|1699815917\n|move|p1a: Arceus|Calm Mind|p1a: Arceus\n|-boost|p1a: Arceus|spa|1\n|-boost|p1a: Arceus|spd|1\n|move|p2a: Blueberry|Liquidation|p1a: Arceus\n|-damage|p1a: Arceus|0 fnt\n|faint|p1a: Arceus\n|\n|upkeep\n|\n|t:|1699815925\n|switch|p1a: Zacian|Zacian, shiny|100\/100\n|-ability|p1a: Zacian|Intrepid Sword|boost\n|-boost|p1a: Zacian|atk|1\n|turn|11\n|\n|t:|1699815935\n|move|p1a: Zacian|Fire Fang|p2a: Blueberry\n|-resisted|p2a: Blueberry\n|-damage|p2a: Blueberry|0 fnt\n|faint|p2a: Blueberry\n|\n|upkeep\n|\n|t:|1699815940\n|switch|p2a: Magearna|Magearna|38\/100\n|turn|12\n|\n|t:|1699815949\n|move|p1a: Zacian|Snarl|p2a: Magearna\n|-resisted|p2a: Magearna\n|-damage|p2a: Magearna|34\/100\n|-unboost|p2a: Magearna|spa|1\n|move|p2a: Magearna|Agility|p2a: Magearna\n|-boost|p2a: Magearna|spe|2\n|\n|upkeep\n|turn|13\n|\n|t:|1699815964\n|switch|p1a: Palkia|Palkia-Origin, shiny|100\/100\n|-ability|p1a: Palkia|Pressure\n|move|p2a: Magearna|Agility|p2a: Magearna\n|-boost|p2a: Magearna|spe|2\n|\n|upkeep\n|turn|14\n|\n|t:|1699815981\n|move|p2a: Magearna|Calm Mind|p2a: Magearna\n|-boost|p2a: Magearna|spa|1\n|-boost|p2a: Magearna|spd|1\n|move|p1a: Palkia|Draco Meteor|p2a: Magearna\n|-immune|p2a: Magearna\n|\n|upkeep\n|turn|15\n|\n|t:|1699815996\n|move|p2a: Magearna|Baton Pass|p2a: Magearna\n|\n|t:|1699815998\n|switch|p2a: Fables|Clefable, F|100\/100|[from] Baton Pass\n|move|p1a: Palkia|Fire Blast|p2a: Fables|[miss]\n|-miss|p1a: Palkia|p2a: Fables\n|\n|upkeep\n|turn|16\n|\n|t:|1699816013\n|move|p2a: Fables|Calm Mind|p2a: Fables\n|-boost|p2a: Fables|spa|1\n|-boost|p2a: Fables|spd|1\n|move|p1a: Palkia|Dragon Tail|p2a: Fables\n|-immune|p2a: Fables\n|\n|upkeep\n|turn|17\n|\n|t:|1699816022\n|switch|p1a: Zamazenta|Zamazenta, shiny|100\/100\n|-ability|p1a: Zamazenta|Dauntless Shield|boost\n|-boost|p1a: Zamazenta|def|1\n|move|p2a: Fables|Calm Mind|p2a: Fables\n|-boost|p2a: Fables|spa|1\n|-boost|p2a: Fables|spd|1\n|\n|upkeep\n|turn|18\n|\n|t:|1699816033\n|move|p2a: Fables|Stored Power|p1a: Zamazenta\n|-supereffective|p1a: Zamazenta\n|-damage|p1a: Zamazenta|0 fnt\n|faint|p1a: Zamazenta\n|\n|upkeep\n|\n|t:|1699816039\n|switch|p1a: Zacian|Zacian, shiny|100\/100\n|turn|19\n|inactive|vicariousexe has 270 seconds left.\n|\n|t:|1699816071\n|move|p2a: Fables|Calm Mind|p2a: Fables\n|-boost|p2a: Fables|spa|1\n|-boost|p2a: Fables|spd|1\n|move|p1a: Zacian|Metal Claw|p2a: Fables\n|-supereffective|p2a: Fables\n|-damage|p2a: Fables|70\/100\n|\n|-heal|p2a: Fables|76\/100|[from] item: Leftovers\n|upkeep\n|turn|20\n|\n|t:|1699816083\n|move|p1a: Zacian|Quick Attack|p2a: Fables\n|-damage|p2a: Fables|63\/100\n|move|p2a: Fables|Draining Kiss|p1a: Zacian\n|-crit|p1a: Zacian\n|-damage|p1a: Zacian|24\/100\n|-heal|p2a: Fables|100\/100|[from] drain|[of] p1a: Zacian\n|-enditem|p1a: Zacian|Aguav Berry|[eat]\n|-heal|p1a: Zacian|58\/100|[from] item: Aguav Berry\n|\n|upkeep\n|turn|21\n|\n|t:|1699816095\n|move|p2a: Fables|Stored Power|p1a: Zacian\n|-damage|p1a: Zacian|0 fnt\n|faint|p1a: Zacian\n|\n|upkeep\n|\n|t:|1699816100\n|switch|p1a: Palkia|Palkia-Origin, shiny|100\/100\n|-ability|p1a: Palkia|Pressure\n|turn|22\n|\n|t:|1699816106\n|move|p2a: Fables|Draining Kiss|p1a: Palkia\n|-supereffective|p1a: Palkia\n|-damage|p1a: Palkia|0 fnt\n|faint|p1a: Palkia\n|\n|win|vicariousexe\n|l|\u2606Kutta harami\n","uploadtime":1699816138,"views":18,"p1id":"kuttaharami","p2id":"vicariousexe","formatid":"gen9anythinggoes","rating":0,"private":0,"password":""}