{"id":"gen9anythinggoes-1994460633","p1":"XChuckle762","p2":"ValidJohnSmith","format":"[Gen 9] Anything Goes","log":"|j|\u2606XChuckle762\n|j|\u2606ValidJohnSmith\n|t:|1700446492\n|gametype|singles\n|player|p1|XChuckle762|koga|\n|player|p2|ValidJohnSmith|n|\n|teamsize|p1|6\n|teamsize|p2|6\n|gen|9\n|tier|[Gen 9] Anything Goes\n|rule|HP Percentage Mod: HP is shown in percentages\n|rule|Endless Battle Clause: Forcing endless battles is banned\n|clearpoke\n|poke|p1|Roaring Moon|\n|poke|p1|Goodra-Hisui, F|\n|poke|p1|Zangoose, F|\n|poke|p1|Gardevoir, F|\n|poke|p1|Dragonite, F|\n|poke|p1|Sneasler, F|\n|poke|p2|Great Tusk|\n|poke|p2|Gholdengo|\n|poke|p2|Samurott-Hisui, M|\n|poke|p2|Slowbro-Galar, M|\n|poke|p2|Quagsire, F|\n|poke|p2|Revavroom, F|\n|teampreview\n|inactive|Battle timer is ON: inactive players will automatically lose when time's up. (requested by XChuckle762)\n|j| BillTheThrill42\n|j| Jojospicydong\n|\n|t:|1700446512\n|start\n|switch|p1a: Sneasler|Sneasler, F|100\/100\n|switch|p2a: Big Cheese|Gholdengo|100\/100\n|turn|1\n|inactiveoff|Battle timer is now OFF.\n|\n|t:|1700446550\n|switch|p1a: Goodra|Goodra-Hisui, F|100\/100\n|switch|p2a: Quagsire|Quagsire, F, shiny|100\/100\n|\n|upkeep\n|turn|2\n|l| Jojospicydong\n|\n|t:|1700446567\n|move|p2a: Quagsire|Curse|p2a: Quagsire\n|-unboost|p2a: Quagsire|spe|1\n|-boost|p2a: Quagsire|atk|1\n|-boost|p2a: Quagsire|def|1\n|move|p1a: Goodra|Dragon Tail|p2a: Quagsire\n|-damage|p2a: Quagsire|86\/100\n|-damage|p1a: Goodra|84\/100|[from] item: Rocky Helmet|[of] p2a: Quagsire\n|drag|p2a: Revavroom|Revavroom, F|100\/100\n|\n|upkeep\n|turn|3\n|\n|t:|1700446604\n|move|p2a: Revavroom|Parting Shot|p1a: Goodra\n|-unboost|p1a: Goodra|atk|1\n|-unboost|p1a: Goodra|spa|1\n|\n|t:|1700446611\n|switch|p2a: Quagsire|Quagsire, F, shiny|86\/100|[from] Parting Shot\n|move|p1a: Goodra|Dragon Tail|p2a: Quagsire|[miss]\n|-miss|p1a: Goodra|p2a: Quagsire\n|\n|upkeep\n|turn|4\n|\n|t:|1700446619\n|move|p2a: Quagsire|Earthquake|p1a: Goodra\n|-supereffective|p1a: Goodra\n|-damage|p1a: Goodra|0 fnt\n|faint|p1a: Goodra\n|\n|upkeep\n|\n|t:|1700446628\n|switch|p1a: Zangoose|Zangoose, F, shiny|100\/100\n|turn|5\n|j| Jojospicydong\n|\n|t:|1700446634\n|move|p1a: Zangoose|Knock Off|p2a: Quagsire\n|-damage|p2a: Quagsire|57\/100\n|-damage|p1a: Zangoose|84\/100|[from] item: Rocky Helmet|[of] p2a: Quagsire\n|-enditem|p2a: Quagsire|Rocky Helmet|[from] move: Knock Off|[of] p1a: Zangoose\n|move|p2a: Quagsire|Yawn|p1a: Zangoose\n|-start|p1a: Zangoose|move: Yawn|[of] p2a: Quagsire\n|\n|-status|p1a: Zangoose|tox|[from] item: Toxic Orb\n|upkeep\n|turn|6\n|\n|t:|1700446647\n|move|p1a: Zangoose|Facade|p2a: Quagsire\n|-damage|p2a: Quagsire|0 fnt\n|faint|p2a: Quagsire\n|\n|-damage|p1a: Zangoose|78\/100 tox|[from] psn\n|-end|p1a: Zangoose|move: Yawn|[silent]\n|upkeep\n|\n|t:|1700446698\n|switch|p2a: Revavroom|Revavroom, F|100\/100\n|turn|7\n|l| Jojospicydong\n|\n|t:|1700446722\n|move|p2a: Revavroom|Protect|p2a: Revavroom\n|-singleturn|p2a: Revavroom|Protect\n|move|p1a: Zangoose|Knock Off|p2a: Revavroom\n|-activate|p2a: Revavroom|move: Protect\n|\n|-damage|p1a: Zangoose|66\/100 tox|[from] psn\n|upkeep\n|turn|8\n|\n|t:|1700446731\n|move|p1a: Zangoose|Knock Off|p2a: Revavroom\n|-damage|p2a: Revavroom|66\/100\n|-enditem|p2a: Revavroom|Black Sludge|[from] move: Knock Off|[of] p1a: Zangoose\n|move|p2a: Revavroom|Spin Out|p1a: Zangoose\n|-damage|p1a: Zangoose|0 fnt\n|-unboost|p2a: Revavroom|spe|2\n|faint|p1a: Zangoose\n|\n|upkeep\n|\n|t:|1700446747\n|switch|p1a: Sneasler|Sneasler, F|100\/100\n|turn|9\n|j| Jojospicydong\n|\n|t:|1700446796\n|switch|p2a: It's High Noon|Slowbro-Galar, M, shiny|100\/100\n|move|p1a: Sneasler|Close Combat|p2a: It's High Noon\n|-resisted|p2a: It's High Noon\n|-damage|p2a: It's High Noon|85\/100\n|-unboost|p1a: Sneasler|def|1\n|-unboost|p1a: Sneasler|spd|1\n|\n|upkeep\n|turn|10\n|\n|t:|1700446810\n|switch|p1a: Gardevoir|Gardevoir, F|100\/100\n|-ability|p1a: Gardevoir|Quick Draw|[from] ability: Trace|[of] p2a: It's High Noon\n|move|p2a: It's High Noon|Psychic|p1a: Gardevoir\n|-resisted|p1a: Gardevoir\n|-damage|p1a: Gardevoir|81\/100\n|-unboost|p1a: Gardevoir|spd|1\n|\n|upkeep\n|turn|11\n|-activate|p2a: It's High Noon|item: Quick Claw\n|\n|t:|1700446823\n|move|p2a: It's High Noon|Shell Side Arm|p1a: Gardevoir|[anim] Shell Side Arm Special\n|-supereffective|p1a: Gardevoir\n|-damage|p1a: Gardevoir|0 fnt\n|-hint|Special Shell Side Arm\n|faint|p1a: Gardevoir\n|\n|upkeep\n|\n|t:|1700446835\n|switch|p1a: Dragonite|Dragonite, F|100\/100\n|turn|12\n|\n|t:|1700446857\n|move|p1a: Dragonite|Dragon Dance|p1a: Dragonite\n|-boost|p1a: Dragonite|atk|1\n|-boost|p1a: Dragonite|spe|1\n|move|p2a: It's High Noon|Shell Side Arm|p1a: Dragonite|[anim] Shell Side Arm Special\n|-damage|p1a: Dragonite|82\/100\n|-hint|Special Shell Side Arm\n|\n|upkeep\n|turn|13\n|\n|t:|1700446864\n|move|p1a: Dragonite|Earthquake|p2a: It's High Noon\n|-supereffective|p2a: It's High Noon\n|-damage|p2a: It's High Noon|0 fnt\n|faint|p2a: It's High Noon\n|\n|upkeep\n|\n|t:|1700446893\n|switch|p2a: Ray Romano|Great Tusk|100\/100\n|-enditem|p2a: Ray Romano|Booster Energy\n|-activate|p2a: Ray Romano|ability: Protosynthesis|[fromitem]\n|-start|p2a: Ray Romano|protosynthesisatk\n|turn|14\n|\n|t:|1700446898\n|move|p1a: Dragonite|Outrage|p2a: Ray Romano\n|-damage|p2a: Ray Romano|27\/100\n|move|p2a: Ray Romano|Ice Spinner|p1a: Dragonite\n|-supereffective|p1a: Dragonite\n|-damage|p1a: Dragonite|0 fnt\n|faint|p1a: Dragonite\n|\n|upkeep\n|\n|t:|1700446903\n|switch|p1a: Roaring Moon|Roaring Moon|100\/100\n|-enditem|p1a: Roaring Moon|Booster Energy\n|-activate|p1a: Roaring Moon|ability: Protosynthesis|[fromitem]\n|-start|p1a: Roaring Moon|protosynthesisatk\n|turn|15\n|\n|t:|1700446911\n|move|p1a: Roaring Moon|Dragon Claw|p2a: Ray Romano\n|-damage|p2a: Ray Romano|0 fnt\n|faint|p2a: Ray Romano\n|-end|p2a: Ray Romano|Protosynthesis|[silent]\n|\n|upkeep\n|\n|t:|1700446933\n|switch|p2a: Revavroom|Revavroom, F|66\/100\n|turn|16\n|\n|t:|1700446943\n|move|p1a: Roaring Moon|Dragon Dance|p1a: Roaring Moon\n|-boost|p1a: Roaring Moon|atk|1\n|-boost|p1a: Roaring Moon|spe|1\n|move|p2a: Revavroom|Toxic|p1a: Roaring Moon\n|-status|p1a: Roaring Moon|tox\n|\n|-damage|p1a: Roaring Moon|95\/100 tox|[from] psn\n|upkeep\n|turn|17\n|\n|t:|1700446951\n|move|p1a: Roaring Moon|Earthquake|p2a: Revavroom\n|-supereffective|p2a: Revavroom\n|-damage|p2a: Revavroom|0 fnt\n|faint|p2a: Revavroom\n|\n|-damage|p1a: Roaring Moon|83\/100 tox|[from] psn\n|upkeep\n|\n|t:|1700446964\n|switch|p2a: Big Cheese|Gholdengo|100\/100\n|turn|18\n|\n|t:|1700446968\n|move|p1a: Roaring Moon|Earthquake|p2a: Big Cheese\n|-supereffective|p2a: Big Cheese\n|-damage|p2a: Big Cheese|0 fnt\n|faint|p2a: Big Cheese\n|\n|-damage|p1a: Roaring Moon|65\/100 tox|[from] psn\n|upkeep\n|\n|t:|1700446974\n|switch|p2a: Ow the Edge|Samurott-Hisui, M, shiny|100\/100\n|turn|19\n|\n|t:|1700446977\n|move|p1a: Roaring Moon|Dragon Claw|p2a: Ow the Edge\n|-enditem|p2a: Ow the Edge|Focus Sash\n|-damage|p2a: Ow the Edge|1\/100\n|move|p2a: Ow the Edge|Sacred Sword|p1a: Roaring Moon\n|-supereffective|p1a: Roaring Moon\n|-damage|p1a: Roaring Moon|0 fnt\n|faint|p1a: Roaring Moon\n|-end|p1a: Roaring Moon|Protosynthesis|[silent]\n|\n|upkeep\n|\n|t:|1700446978\n|switch|p1a: Sneasler|Sneasler, F|100\/100\n|turn|20\n|\n|t:|1700446990\n|move|p1a: Sneasler|Quick Attack|p2a: Ow the Edge\n|-damage|p2a: Ow the Edge|0 fnt\n|faint|p2a: Ow the Edge\n|\n|win|XChuckle762\n|l|\u2606XChuckle762\n","uploadtime":1700446998,"views":2,"p1id":"xchuckle762","p2id":"validjohnsmith","formatid":"gen9anythinggoes","rating":0,"private":0,"password":""}