{"id":"gen9anythinggoes-1999258051","p1":"dlcing","p2":"Magalgamate","format":"[Gen 9] Anything Goes","log":"|j|\u2606dlcing\n|j|\u2606Magalgamate\n|t:|1701051680\n|gametype|singles\n|player|p1|dlcing|eusine|1089\n|player|p2|Magalgamate|169|1298\n|teamsize|p1|6\n|teamsize|p2|6\n|gen|9\n|tier|[Gen 9] Anything Goes\n|rated|\n|rule|HP Percentage Mod: HP is shown in percentages\n|rule|Endless Battle Clause: Forcing endless battles is banned\n|clearpoke\n|poke|p1|Lokix, F|\n|poke|p1|Weezing-Galar, F|\n|poke|p1|Bellibolt, M|\n|poke|p1|Ditto|\n|poke|p1|Spidops, M|\n|poke|p1|Eiscue, F|\n|poke|p2|Eternatus|\n|poke|p2|Zacian-*|\n|poke|p2|Chien-Pao|\n|poke|p2|Walking Wake|\n|poke|p2|Dragapult, M|\n|poke|p2|Calyrex-Shadow|\n|teampreview\n|inactive|Battle timer is ON: inactive players will automatically lose when time's up. (requested by Magalgamate)\n|\n|t:|1701051700\n|start\n|switch|p1a: Spidops|Spidops, M|100\/100\n|switch|p2a: Chien-Pao|Chien-Pao|100\/100\n|-ability|p2a: Chien-Pao|Sword of Ruin\n|turn|1\n|\n|t:|1701051703\n|move|p2a: Chien-Pao|Ice Spinner|p1a: Spidops\n|-damage|p1a: Spidops|62\/100\n|move|p1a: Spidops|Sticky Web|p2a: Chien-Pao\n|-sidestart|p2: Magalgamate|move: Sticky Web\n|\n|upkeep\n|turn|2\n|\n|t:|1701051710\n|move|p2a: Chien-Pao|Ice Spinner|p1a: Spidops\n|-damage|p1a: Spidops|17\/100\n|move|p1a: Spidops|Spikes|p2a: Chien-Pao\n|-sidestart|p2: Magalgamate|Spikes\n|\n|upkeep\n|turn|3\n|\n|t:|1701051713\n|move|p2a: Chien-Pao|Ice Spinner|p1a: Spidops\n|-damage|p1a: Spidops|0 fnt\n|faint|p1a: Spidops\n|\n|upkeep\n|\n|t:|1701051716\n|switch|p1a: Eiscue|Eiscue, F|100\/100\n|turn|4\n|\n|t:|1701051719\n|move|p2a: Chien-Pao|Sacred Sword|p1a: Eiscue\n|-activate|p1a: Eiscue|ability: Ice Face\n|-damage|p1a: Eiscue|100\/100\n|detailschange|p1a: Eiscue|Eiscue-Noice, F\n|move|p1a: Eiscue|Belly Drum|p1a: Eiscue\n|-damage|p1a: Eiscue|50\/100\n|-setboost|p1a: Eiscue|atk|6|[from] move: Belly Drum\n|-enditem|p1a: Eiscue|Sitrus Berry|[eat]\n|-heal|p1a: Eiscue|75\/100|[from] item: Sitrus Berry\n|\n|upkeep\n|turn|5\n|\n|t:|1701051725\n|-terastallize|p1a: Eiscue|Water\n|move|p2a: Chien-Pao|Sacred Sword|p1a: Eiscue\n|-damage|p1a: Eiscue|15\/100\n|move|p1a: Eiscue|Liquidation|p2a: Chien-Pao\n|-damage|p2a: Chien-Pao|0 fnt\n|faint|p2a: Chien-Pao\n|\n|upkeep\n|\n|t:|1701051738\n|switch|p2a: Walking Wake|Walking Wake|100\/100\n|-activate|p2a: Walking Wake|move: Sticky Web\n|-unboost|p2a: Walking Wake|spe|1\n|-damage|p2a: Walking Wake|88\/100|[from] Spikes\n|-enditem|p2a: Walking Wake|Booster Energy\n|-activate|p2a: Walking Wake|ability: Protosynthesis|[fromitem]\n|-start|p2a: Walking Wake|protosynthesisspa\n|turn|6\n|\n|t:|1701051743\n|move|p1a: Eiscue|Ice Spinner|p2a: Walking Wake\n|-damage|p2a: Walking Wake|0 fnt\n|faint|p2a: Walking Wake\n|-end|p2a: Walking Wake|Protosynthesis|[silent]\n|\n|upkeep\n|\n|t:|1701051745\n|switch|p2a: Zacian|Zacian-Crowned|100\/100\n|-activate|p2a: Zacian|move: Sticky Web\n|-unboost|p2a: Zacian|spe|1\n|-damage|p2a: Zacian|88\/100|[from] Spikes\n|-ability|p2a: Zacian|Intrepid Sword|boost\n|-boost|p2a: Zacian|atk|1\n|turn|7\n|c|\u2606dlcing|gg\n|\n|t:|1701051754\n|move|p1a: Eiscue|Liquidation|p2a: Zacian\n|-damage|p2a: Zacian|0 fnt\n|faint|p2a: Zacian\n|\n|upkeep\n|\n|t:|1701051758\n|switch|p2a: Eternatus|Eternatus|100\/100\n|-activate|p2a: Eternatus|move: Sticky Web\n|-unboost|p2a: Eternatus|spe|1\n|-damage|p2a: Eternatus|88\/100|[from] Spikes\n|-ability|p2a: Eternatus|Pressure\n|turn|8\n|\n|t:|1701051762\n|move|p1a: Eiscue|Ice Spinner|p2a: Eternatus\n|-supereffective|p2a: Eternatus\n|-damage|p2a: Eternatus|0 fnt\n|faint|p2a: Eternatus\n|\n|upkeep\n|\n|t:|1701051765\n|switch|p2a: Calyrex|Calyrex-Shadow|100\/100\n|-ability|p2a: Calyrex|As One\n|-ability|p2a: Calyrex|Unnerve\n|-activate|p2a: Calyrex|move: Sticky Web\n|-unboost|p2a: Calyrex|spe|1\n|-damage|p2a: Calyrex|88\/100|[from] Spikes\n|turn|9\n|\n|t:|1701051773\n|move|p1a: Eiscue|Ice Spinner|p2a: Calyrex\n|-damage|p2a: Calyrex|0 fnt\n|faint|p2a: Calyrex\n|\n|upkeep\n|-message|Magalgamate forfeited.\n|\n|win|dlcing\n|raw|dlcing's rating: 1109 &rarr; <strong>1146<\/strong><br \/>(+37 for winning)\n|raw|Magalgamate's rating: 1298 &rarr; <strong>1261<\/strong><br \/>(-37 for losing)\n|l|\u2606Magalgamate\n","uploadtime":1701051780,"views":3,"p1id":"dlcing","p2id":"magalgamate","formatid":"gen9anythinggoes","rating":1146,"private":0,"password":""}