{"id":"gen9anythinggoes-1983039349","p1":"papahue","p2":"thenono","format":"[Gen 9] Anything Goes","log":"|j|\u2606papahue\n|j|\u2606thenono\n|t:|1699073806\n|gametype|singles\n|player|p1|papahue|102|1277\n|player|p2|thenono|burglar-gen2|1155\n|teamsize|p1|6\n|teamsize|p2|6\n|gen|9\n|tier|[Gen 9] Anything Goes\n|rated|\n|rule|HP Percentage Mod: HP is shown in percentages\n|rule|Endless Battle Clause: Forcing endless battles is banned\n|clearpoke\n|poke|p1|Espathra, F|\n|poke|p1|Braixen, F|\n|poke|p1|Grimmsnarl, M|\n|poke|p1|Torkoal, M|\n|poke|p1|Vaporeon, F|\n|poke|p1|Meowscarada, F|\n|poke|p2|Wigglytuff, F|\n|poke|p2|Scovillain, F|\n|poke|p2|Tatsugiri-Stretchy, F|\n|poke|p2|Orthworm, F|\n|poke|p2|Yanmega, M|\n|poke|p2|Bronzong|\n|teampreview\n|inactive|Battle timer is ON: inactive players will automatically lose when time's up. (requested by thenono)\n|\n|t:|1699073816\n|start\n|switch|p1a: Salacia|Vaporeon, F|100\/100\n|switch|p2a: bozo|Bronzong|100\/100\n|turn|1\n|\n|t:|1699073823\n|move|p1a: Salacia|Substitute|p1a: Salacia\n|-start|p1a: Salacia|Substitute\n|-damage|p1a: Salacia|75\/100\n|move|p2a: bozo|Light Screen|p2a: bozo\n|-sidestart|p2: thenono|move: Light Screen\n|\n|-heal|p1a: Salacia|82\/100|[from] item: Leftovers\n|upkeep\n|turn|2\n|c|\u2606thenono|this is a setup team isnt it\n|\n|t:|1699073842\n|move|p1a: Salacia|Hydro Pump|p2a: bozo\n|-damage|p2a: bozo|86\/100\n|move|p2a: bozo|Stealth Rock|p1a: Salacia\n|-sidestart|p1: papahue|move: Stealth Rock\n|\n|-heal|p1a: Salacia|88\/100|[from] item: Leftovers\n|upkeep\n|turn|3\n|c|\u2606papahue|Half of it\n|c|\u2606thenono|ah\n|\n|t:|1699073852\n|move|p1a: Salacia|Hydro Pump|p2a: bozo\n|-damage|p2a: bozo|70\/100\n|move|p2a: bozo|Hypnosis|p1a: Salacia|[miss]\n|-miss|p2a: bozo|p1a: Salacia\n|\n|-heal|p1a: Salacia|94\/100|[from] item: Leftovers\n|upkeep\n|turn|4\n|c|\u2606thenono|im wondering which is the 3rd set up mon\n|c|\u2606thenono|espathra?\n|\n|t:|1699073871\n|move|p1a: Salacia|Hydro Pump|p2a: bozo\n|-damage|p2a: bozo|53\/100\n|move|p2a: bozo|Hypnosis||[still]\n|-fail|p2a: bozo\n|\n|-heal|p1a: Salacia|100\/100|[from] item: Leftovers\n|upkeep\n|turn|5\n|\n|t:|1699073881\n|switch|p2a: hydra|Scovillain, F|100\/100\n|move|p1a: Salacia|Hydro Pump|p2a: hydra\n|-damage|p2a: hydra|79\/100\n|\n|-ability|p2a: hydra|Moody|boost\n|-boost|p2a: hydra|atk|2\n|-unboost|p2a: hydra|spe|1\n|upkeep\n|turn|6\n|\n|t:|1699073887\n|move|p1a: Salacia|Ice Beam|p2a: hydra\n|-damage|p2a: hydra|67\/100\n|move|p2a: hydra|Leech Seed||[still]\n|-fail|p2a: hydra\n|\n|-ability|p2a: hydra|Moody|boost\n|-boost|p2a: hydra|spe|2\n|-unboost|p2a: hydra|def|1\n|upkeep\n|turn|7\n|\n|t:|1699073894\n|move|p2a: hydra|Substitute|p2a: hydra\n|-start|p2a: hydra|Substitute\n|-damage|p2a: hydra|42\/100\n|move|p1a: Salacia|Haze|p1a: Salacia\n|-clearallboost\n|\n|-ability|p2a: hydra|Moody|boost\n|-boost|p2a: hydra|spd|2\n|-unboost|p2a: hydra|atk|1\n|upkeep\n|turn|8\n|\n|t:|1699073897\n|move|p2a: hydra|Giga Drain|p1a: Salacia\n|-supereffective|p1a: Salacia\n|-end|p1a: Salacia|Substitute\n|-heal|p2a: hydra|65\/100|[from] drain|[of] p1a: Salacia\n|move|p1a: Salacia|Ice Beam|p2a: hydra\n|-activate|p2a: hydra|move: Substitute|[damage]\n|\n|-sideend|p2: thenono|move: Light Screen\n|-ability|p2a: hydra|Moody|boost\n|-boost|p2a: hydra|spe|2\n|-unboost|p2a: hydra|spd|1\n|upkeep\n|turn|9\n|\n|t:|1699073902\n|move|p2a: hydra|Leech Seed|p1a: Salacia\n|-start|p1a: Salacia|move: Leech Seed\n|move|p1a: Salacia|Haze|p1a: Salacia\n|-clearallboost\n|\n|-damage|p1a: Salacia|88\/100|[from] Leech Seed|[of] p2a: hydra\n|-heal|p2a: hydra|87\/100|[silent]\n|-ability|p2a: hydra|Moody|boost\n|-boost|p2a: hydra|spe|2\n|-unboost|p2a: hydra|atk|1\n|upkeep\n|turn|10\n|c|\u2606thenono|oh shit\n|\n|t:|1699073916\n|switch|p1a: Ronald G. Snarls|Grimmsnarl, M|100\/100\n|-damage|p1a: Ronald G. Snarls|88\/100|[from] Stealth Rock\n|move|p2a: hydra|Giga Drain|p1a: Ronald G. Snarls\n|-damage|p1a: Ronald G. Snarls|58\/100\n|-heal|p2a: hydra|100\/100|[from] drain|[of] p1a: Ronald G. Snarls\n|\n|-ability|p2a: hydra|Moody|boost\n|-boost|p2a: hydra|spe|2\n|-unboost|p2a: hydra|atk|1\n|upkeep\n|turn|11\n|c|\u2606thenono|i love the name for grimsnarl\n|c|\u2606papahue|Thx lol\n|\n|t:|1699073930\n|move|p1a: Ronald G. Snarls|Light Screen|p1a: Ronald G. Snarls\n|-sidestart|p1: papahue|move: Light Screen\n|move|p2a: hydra|Leech Seed|p1a: Ronald G. Snarls\n|-start|p1a: Ronald G. Snarls|move: Leech Seed\n|\n|-damage|p1a: Ronald G. Snarls|45\/100|[from] Leech Seed|[of] p2a: hydra\n|-ability|p2a: hydra|Moody|boost\n|-boost|p2a: hydra|spe|2\n|-unboost|p2a: hydra|spa|1\n|upkeep\n|turn|12\n|c|\u2606thenono|max speed alr\n|\n|t:|1699073939\n|move|p1a: Ronald G. Snarls|Parting Shot|p2a: hydra\n|-unboost|p2a: hydra|atk|1\n|-unboost|p2a: hydra|spa|1\n|\n|t:|1699073945\n|switch|p1a: Oog|Torkoal, M|100\/100|[from] Parting Shot\n|-weather|SunnyDay|[from] ability: Drought|[of] p1a: Oog\n|move|p2a: hydra|Giga Drain|p1a: Oog\n|-resisted|p1a: Oog\n|-crit|p1a: Oog\n|-damage|p1a: Oog|79\/100\n|\n|-weather|SunnyDay|[upkeep]\n|-ability|p2a: hydra|Moody|boost\n|-boost|p2a: hydra|atk|2\n|-unboost|p2a: hydra|spd|1\n|upkeep\n|turn|13\n|c|\u2606papahue|No prankster lets me move first\n|c|\u2606papahue|The ability\n|c|\u2606thenono|depending on your luck this will either be your msot annoyign enemy or your easiest\n|inactive|thenono has 120 seconds left.\n|\n|t:|1699073980\n|move|p2a: hydra|Leech Seed|p1a: Oog\n|-start|p1a: Oog|move: Leech Seed\n|move|p1a: Oog|Lava Plume|p2a: hydra\n|-end|p2a: hydra|Substitute\n|\n|-weather|SunnyDay|[upkeep]\n|-damage|p1a: Oog|67\/100|[from] Leech Seed|[of] p2a: hydra\n|-ability|p2a: hydra|Moody|boost\n|-boost|p2a: hydra|spa|2\n|-unboost|p2a: hydra|def|1\n|upkeep\n|turn|14\n|inactive|thenono has 120 seconds left.\n|\n|t:|1699073988\n|move|p2a: hydra|Protect|p2a: hydra\n|-singleturn|p2a: hydra|Protect\n|move|p1a: Oog|Rapid Spin|p2a: hydra\n|-activate|p2a: hydra|move: Protect\n|\n|-weather|SunnyDay|[upkeep]\n|-damage|p1a: Oog|54\/100|[from] Leech Seed|[of] p2a: hydra\n|-ability|p2a: hydra|Moody|boost\n|-boost|p2a: hydra|atk|2\n|-unboost|p2a: hydra|spe|1\n|upkeep\n|turn|15\n|\n|t:|1699073991\n|move|p2a: hydra|Substitute|p2a: hydra\n|-start|p2a: hydra|Substitute\n|-damage|p2a: hydra|76\/100\n|move|p1a: Oog|Rapid Spin|p2a: hydra\n|-activate|p2a: hydra|move: Substitute|[damage]\n|-end|p1a: Oog|Leech Seed|[from] move: Rapid Spin|[of] p1a: Oog\n|-sideend|p1: papahue|Stealth Rock|[from] move: Rapid Spin|[of] p1a: Oog\n|-boost|p1a: Oog|spe|1\n|\n|-weather|SunnyDay|[upkeep]\n|-ability|p2a: hydra|Moody|boost\n|-boost|p2a: hydra|def|2\n|-unboost|p2a: hydra|spd|1\n|upkeep\n|turn|16\n|\n|t:|1699073997\n|move|p2a: hydra|Leech Seed|p1a: Oog\n|-start|p1a: Oog|move: Leech Seed\n|move|p1a: Oog|Lava Plume|p2a: hydra\n|-end|p2a: hydra|Substitute\n|\n|-weather|none\n|-damage|p1a: Oog|42\/100|[from] Leech Seed|[of] p2a: hydra\n|-heal|p2a: hydra|92\/100|[silent]\n|-ability|p2a: hydra|Moody|boost\n|-boost|p2a: hydra|spd|2\n|-unboost|p2a: hydra|def|1\n|upkeep\n|turn|17\n|\n|t:|1699074001\n|move|p2a: hydra|Substitute|p2a: hydra\n|-start|p2a: hydra|Substitute\n|-damage|p2a: hydra|68\/100\n|move|p1a: Oog|Clear Smog|p2a: hydra\n|-supereffective|p2a: hydra\n|-activate|p2a: hydra|move: Substitute|[damage]\n|\n|-damage|p1a: Oog|29\/100|[from] Leech Seed|[of] p2a: hydra\n|-heal|p2a: hydra|84\/100|[silent]\n|-ability|p2a: hydra|Moody|boost\n|-boost|p2a: hydra|def|2\n|-unboost|p2a: hydra|atk|1\n|upkeep\n|turn|18\n|\n|t:|1699074011\n|move|p2a: hydra|Leech Seed||[still]\n|-fail|p2a: hydra\n|move|p1a: Oog|Clear Smog|p2a: hydra\n|-supereffective|p2a: hydra\n|-end|p2a: hydra|Substitute\n|\n|-damage|p1a: Oog|17\/100|[from] Leech Seed|[of] p2a: hydra\n|-heal|p2a: hydra|100\/100|[silent]\n|-sideend|p1: papahue|move: Light Screen\n|-ability|p2a: hydra|Moody|boost\n|-boost|p2a: hydra|spd|2\n|-unboost|p2a: hydra|atk|1\n|upkeep\n|turn|19\n|c|\u2606thenono|oops\n|c|\u2606thenono|misclick\n|\n|t:|1699074018\n|move|p2a: hydra|Protect|p2a: hydra\n|-singleturn|p2a: hydra|Protect\n|move|p1a: Oog|Lava Plume|p2a: hydra\n|-activate|p2a: hydra|move: Protect\n|\n|-damage|p1a: Oog|4\/100|[from] Leech Seed|[of] p2a: hydra\n|-ability|p2a: hydra|Moody|boost\n|-boost|p2a: hydra|spd|2\n|-unboost|p2a: hydra|def|1\n|upkeep\n|turn|20\n|\n|t:|1699074022\n|move|p2a: hydra|Substitute|p2a: hydra\n|-start|p2a: hydra|Substitute\n|-damage|p2a: hydra|76\/100\n|move|p1a: Oog|Lava Plume|p2a: hydra\n|-activate|p2a: hydra|move: Substitute|[damage]\n|\n|-damage|p1a: Oog|0 fnt|[from] Leech Seed|[of] p2a: hydra\n|-heal|p2a: hydra|81\/100|[silent]\n|faint|p1a: Oog\n|-ability|p2a: hydra|Moody|boost\n|-boost|p2a: hydra|atk|2\n|-unboost|p2a: hydra|spe|1\n|upkeep\n|\n|t:|1699074027\n|switch|p1a: Ronald G. Snarls|Grimmsnarl, M|45\/100\n|turn|21\n|\n|t:|1699074039\n|move|p1a: Ronald G. Snarls|Light Screen|p1a: Ronald G. Snarls\n|-sidestart|p1: papahue|move: Light Screen\n|move|p2a: hydra|Leech Seed|p1a: Ronald G. Snarls\n|-start|p1a: Ronald G. Snarls|move: Leech Seed\n|\n|-damage|p1a: Ronald G. Snarls|33\/100|[from] Leech Seed|[of] p2a: hydra\n|-heal|p2a: hydra|99\/100|[silent]\n|-ability|p2a: hydra|Moody|boost\n|-boost|p2a: hydra|spe|2\n|-unboost|p2a: hydra|atk|1\n|upkeep\n|turn|22\n|\n|t:|1699074043\n|move|p1a: Ronald G. Snarls|Parting Shot|p2a: hydra\n|-unboost|p2a: hydra|atk|1\n|-unboost|p2a: hydra|spa|1\n|\n|t:|1699074045\n|switch|p1a: Salacia|Vaporeon, F|88\/100|[from] Parting Shot\n|move|p2a: hydra|Giga Drain|p1a: Salacia\n|-supereffective|p1a: Salacia\n|-damage|p1a: Salacia|75\/100\n|-heal|p2a: hydra|100\/100|[from] drain|[of] p1a: Salacia\n|\n|-heal|p1a: Salacia|81\/100|[from] item: Leftovers\n|-ability|p2a: hydra|Moody|boost\n|-boost|p2a: hydra|atk|2\n|-unboost|p2a: hydra|spa|1\n|upkeep\n|turn|23\n|\n|t:|1699074052\n|move|p2a: hydra|Leech Seed|p1a: Salacia\n|-start|p1a: Salacia|move: Leech Seed\n|move|p1a: Salacia|Haze|p1a: Salacia\n|-clearallboost\n|\n|-heal|p1a: Salacia|88\/100|[from] item: Leftovers\n|-damage|p1a: Salacia|75\/100|[from] Leech Seed|[of] p2a: hydra\n|-ability|p2a: hydra|Moody|boost\n|-boost|p2a: hydra|atk|2\n|-unboost|p2a: hydra|def|1\n|upkeep\n|turn|24\n|c|\u2606thenono|shit\n|c|\u2606thenono|my speed\n|\n|t:|1699074065\n|switch|p1a: Flora|Meowscarada, F|100\/100\n|move|p2a: hydra|Giga Drain|p1a: Flora\n|-resisted|p1a: Flora\n|-damage|p1a: Flora|90\/100\n|\n|-ability|p2a: hydra|Moody|boost\n|-boost|p2a: hydra|spd|2\n|-unboost|p2a: hydra|def|1\n|upkeep\n|turn|25\n|\n|t:|1699074074\n|move|p1a: Flora|Knock Off|p2a: hydra\n|-end|p2a: hydra|Substitute\n|-damage|p1a: Flora|80\/100|[from] item: Life Orb\n|move|p2a: hydra|Leech Seed|p1a: Flora\n|-immune|p1a: Flora\n|\n|-ability|p2a: hydra|Moody|boost\n|-boost|p2a: hydra|def|2\n|-unboost|p2a: hydra|spa|1\n|upkeep\n|turn|26\n|c|\u2606thenono|i forgor\n|c|\u2606thenono|wait\n|c|\u2606thenono|it has no protean\n|c|\u2606papahue|Nope\n|inactive|thenono has 120 seconds left.\n|c|\u2606thenono|well shit\n|c|\u2606thenono|so im never leech seeding this thing\n|c|\u2606papahue|Nope\n|\n|t:|1699074113\n|move|p2a: hydra|Protect|p2a: hydra\n|-singleturn|p2a: hydra|Protect\n|move|p1a: Flora|Knock Off|p2a: hydra\n|-activate|p2a: hydra|move: Protect\n|\n|-ability|p2a: hydra|Moody|boost\n|-boost|p2a: hydra|atk|2\n|-unboost|p2a: hydra|def|1\n|upkeep\n|turn|27\n|inactive|thenono has 120 seconds left.\n|c|\u2606papahue|Pwrfect\n|\n|t:|1699074122\n|switch|p2a: yotengo|Yanmega, M|100\/100\n|move|p1a: Flora|Knock Off|p2a: yotengo\n|-damage|p2a: yotengo|30\/100\n|-enditem|p2a: yotengo|Heavy-Duty Boots|[from] move: Knock Off|[of] p1a: Flora\n|-damage|p1a: Flora|70\/100|[from] item: Life Orb\n|\n|upkeep\n|turn|28\n|inactive|thenono has 120 seconds left.\n|c|\u2606thenono|praying for some good rng\n|\n|t:|1699074138\n|switch|p1a: Ronald G. Snarls|Grimmsnarl, M|33\/100\n|move|p2a: yotengo|Double Team|p2a: yotengo\n|-boost|p2a: yotengo|evasion|1\n|\n|-sideend|p1: papahue|move: Light Screen\n|-ability|p2a: yotengo|Speed Boost|boost\n|-boost|p2a: yotengo|spe|1\n|upkeep\n|turn|29\n|c|\u2606thenono|oh i didnt need rng\n|inactive|thenono has 120 seconds left.\n|\n|t:|1699074143\n|move|p1a: Ronald G. Snarls|Light Screen|p1a: Ronald G. Snarls\n|-sidestart|p1: papahue|move: Light Screen\n|move|p2a: yotengo|Substitute|p2a: yotengo\n|-start|p2a: yotengo|Substitute\n|-damage|p2a: yotengo|5\/100\n|\n|-ability|p2a: yotengo|Speed Boost|boost\n|-boost|p2a: yotengo|spe|1\n|upkeep\n|turn|30\n|\n|t:|1699074148\n|move|p1a: Ronald G. Snarls|Reflect|p1a: Ronald G. Snarls\n|-sidestart|p1: papahue|Reflect\n|move|p2a: yotengo|Double Team|p2a: yotengo\n|-boost|p2a: yotengo|evasion|1\n|\n|-ability|p2a: yotengo|Speed Boost|boost\n|-boost|p2a: yotengo|spe|1\n|upkeep\n|turn|31\n|\n|t:|1699074151\n|move|p1a: Ronald G. Snarls|Parting Shot|p2a: yotengo\n|-unboost|p2a: yotengo|atk|1\n|-unboost|p2a: yotengo|spa|1\n|\n|t:|1699074154\n|switch|p1a: Salacia|Vaporeon, F|75\/100|[from] Parting Shot\n|move|p2a: yotengo|Double Team|p2a: yotengo\n|-boost|p2a: yotengo|evasion|1\n|\n|-heal|p1a: Salacia|81\/100|[from] item: Leftovers\n|-ability|p2a: yotengo|Speed Boost|boost\n|-boost|p2a: yotengo|spe|1\n|upkeep\n|turn|32\n|c|\u2606thenono|that was mean\n|c|\u2606thenono|WAIT NO\n|c|\u2606thenono|wait\n|c|\u2606thenono|does haze check acc\n|c|\u2606thenono|ok it does not\n|c|\u2606papahue|Nope\n|c|\u2606thenono|uhhhhhhhhhhhhhh\n|inactive|thenono has 120 seconds left.\n|c|\u2606thenono|eh\n|\n|t:|1699074196\n|move|p2a: yotengo|Bug Buzz|p1a: Salacia\n|-damage|p1a: Salacia|69\/100\n|move|p1a: Salacia|Substitute|p1a: Salacia\n|-start|p1a: Salacia|Substitute\n|-damage|p1a: Salacia|44\/100\n|\n|-heal|p1a: Salacia|50\/100|[from] item: Leftovers\n|-ability|p2a: yotengo|Speed Boost|boost\n|-boost|p2a: yotengo|spe|1\n|upkeep\n|turn|33\n|\n|t:|1699074200\n|move|p2a: yotengo|Bug Buzz|p1a: Salacia\n|-damage|p1a: Salacia|39\/100\n|-unboost|p1a: Salacia|spd|1\n|move|p1a: Salacia|Haze|p1a: Salacia\n|-clearallboost\n|\n|-heal|p1a: Salacia|45\/100|[from] item: Leftovers\n|-ability|p2a: yotengo|Speed Boost|boost\n|-boost|p2a: yotengo|spe|1\n|upkeep\n|turn|34\n|\n|t:|1699074205\n|move|p2a: yotengo|Double Team|p2a: yotengo\n|-boost|p2a: yotengo|evasion|1\n|move|p1a: Salacia|Ice Beam|p2a: yotengo\n|-supereffective|p2a: yotengo\n|-end|p2a: yotengo|Substitute\n|\n|-heal|p1a: Salacia|51\/100|[from] item: Leftovers\n|-ability|p2a: yotengo|Speed Boost|boost\n|-boost|p2a: yotengo|spe|1\n|upkeep\n|turn|35\n|\n|t:|1699074213\n|move|p2a: yotengo|Substitute|p2a: yotengo\n|-fail|p2a: yotengo|move: Substitute|[weak]\n|move|p1a: Salacia|Haze|p1a: Salacia\n|-clearallboost\n|\n|-heal|p1a: Salacia|57\/100|[from] item: Leftovers\n|-ability|p2a: yotengo|Speed Boost|boost\n|-boost|p2a: yotengo|spe|1\n|upkeep\n|turn|36\n|c|\u2606thenono|i frogor\n|\n|t:|1699074226\n|move|p2a: yotengo|Double Team|p2a: yotengo\n|-boost|p2a: yotengo|evasion|1\n|move|p1a: Salacia|Ice Beam|p2a: yotengo\n|-supereffective|p2a: yotengo\n|-damage|p2a: yotengo|0 fnt\n|faint|p2a: yotengo\n|\n|-heal|p1a: Salacia|64\/100|[from] item: Leftovers\n|-sideend|p1: papahue|move: Light Screen\n|upkeep\n|c|\u2606thenono|eh it wouldntlive long if i switch it in later anyway\n|\n|t:|1699074244\n|switch|p2a: psyduck|Tatsugiri-Stretchy, F|100\/100\n|turn|37\n|c|\u2606papahue|Its times like these i wiah i had taunt lol\n|inactive|thenono has 120 seconds left.\n|c|\u2606thenono|give your grimmsnarl taunt\n|c|\u2606thenono|hes the perfect time to stat boost\n|c|\u2606papahue|I would but i like having play rough\n|c|\u2606thenono|while hes screen building\n|inactive|thenono has 90 seconds left.\n|c|\u2606thenono|ah\n|c|\u2606papahue|Its caught a lot of people off gaurd before\n|\n|t:|1699074313\n|move|p2a: psyduck|Nasty Plot|p2a: psyduck\n|-boost|p2a: psyduck|spa|2\n|move|p1a: Salacia|Ice Beam|p2a: psyduck\n|-damage|p2a: psyduck|70\/100\n|\n|-heal|p1a: Salacia|70\/100|[from] item: Leftovers\n|-sideend|p1: papahue|Reflect\n|upkeep\n|turn|38\n|\n|t:|1699074322\n|move|p2a: psyduck|Draco Meteor|p1a: Salacia|[miss]\n|-miss|p2a: psyduck|p1a: Salacia\n|move|p1a: Salacia|Ice Beam|p2a: psyduck\n|-damage|p2a: psyduck|33\/100\n|\n|-heal|p1a: Salacia|76\/100|[from] item: Leftovers\n|upkeep\n|turn|39\n|c|\u2606thenono|welp\n|c|\u2606papahue|Lol\n|c|\u2606thenono|you have let me down psyduck\n|\n|t:|1699074337\n|move|p2a: psyduck|Draco Meteor|p1a: Salacia\n|-end|p1a: Salacia|Substitute\n|-unboost|p2a: psyduck|spa|2\n|move|p1a: Salacia|Ice Beam|p2a: psyduck\n|-crit|p2a: psyduck\n|-damage|p2a: psyduck|0 fnt\n|faint|p2a: psyduck\n|\n|-heal|p1a: Salacia|82\/100|[from] item: Leftovers\n|upkeep\n|\n|t:|1699074347\n|switch|p2a: doofworm|Orthworm, F|100\/100\n|turn|40\n|c|\u2606thenono|this is prob a bad idea\n|\n|t:|1699074370\n|move|p2a: doofworm|Body Press|p1a: Salacia\n|-damage|p1a: Salacia|53\/100\n|move|p1a: Salacia|Substitute|p1a: Salacia\n|-start|p1a: Salacia|Substitute\n|-damage|p1a: Salacia|28\/100\n|\n|-heal|p1a: Salacia|34\/100|[from] item: Leftovers\n|upkeep\n|turn|41\n|\n|t:|1699074375\n|move|p2a: doofworm|Body Press|p1a: Salacia\n|-end|p1a: Salacia|Substitute\n|move|p1a: Salacia|Hydro Pump|p2a: doofworm\n|-damage|p2a: doofworm|18\/100\n|-enditem|p2a: doofworm|Iapapa Berry|[eat]\n|-heal|p2a: doofworm|51\/100|[from] item: Iapapa Berry\n|\n|-heal|p1a: Salacia|40\/100|[from] item: Leftovers\n|upkeep\n|turn|42\n|c|\u2606thenono|yep\n|c|\u2606thenono|wait im faster?\n|inactive|thenono has 60 seconds left.\n|inactive|papahue has 120 seconds left.\n|c|\u2606papahue|Whyd u put speed on it lol\n|c|\u2606thenono|i dont think i did\n|c|\u2606thenono|i was kidna rushing this team so ilet the smogon stat calc to decide\n|c|\u2606papahue|Oh speed tie\n|c|\u2606papahue|50\/50\n|c|\u2606thenono|ok i checked\n|inactive|thenono has 30 seconds left.\n|c|\u2606thenono|it has n ospeed boost\n|inactiveoff|Battle timer is now OFF.\n|\n|t:|1699074443\n|switch|p2a: hydra|Scovillain, F|100\/100\n|switch|p1a: Ronald G. Snarls|Grimmsnarl, M|33\/100\n|\n|-ability|p2a: hydra|Moody|boost\n|-boost|p2a: hydra|spe|2\n|-unboost|p2a: hydra|atk|1\n|upkeep\n|turn|43\n|c|\u2606thenono|bad time to switch ronald in\n|\n|t:|1699074467\n|move|p1a: Ronald G. Snarls|Light Screen|p1a: Ronald G. Snarls\n|-sidestart|p1: papahue|move: Light Screen\n|move|p2a: hydra|Substitute|p2a: hydra\n|-start|p2a: hydra|Substitute\n|-damage|p2a: hydra|76\/100\n|\n|-ability|p2a: hydra|Moody|boost\n|-boost|p2a: hydra|def|2\n|-unboost|p2a: hydra|atk|1\n|upkeep\n|turn|44\n|c|\u2606papahue|Yeah\n|\n|t:|1699074488\n|move|p1a: Ronald G. Snarls|Parting Shot|p2a: hydra\n|-unboost|p2a: hydra|atk|1\n|-unboost|p2a: hydra|spa|1\n|\n|t:|1699074490\n|switch|p1a: Flora|Meowscarada, F|70\/100|[from] Parting Shot\n|move|p2a: hydra|Leech Seed|p1a: Flora\n|-immune|p1a: Flora\n|\n|-ability|p2a: hydra|Moody|boost\n|-boost|p2a: hydra|spe|2\n|-unboost|p2a: hydra|def|1\n|upkeep\n|turn|45\n|c|\u2606thenono|i was expecting vaporeon\n|\n|t:|1699074504\n|switch|p1a: Ronald G. Snarls|Grimmsnarl, M|33\/100\n|move|p2a: hydra|Protect||[still]\n|-fail|p2a: hydra\n|\n|-ability|p2a: hydra|Moody|boost\n|-boost|p2a: hydra|def|2\n|-unboost|p2a: hydra|spd|1\n|upkeep\n|turn|46\n|\n|t:|1699074510\n|move|p2a: hydra|Leech Seed|p1a: Ronald G. Snarls\n|-start|p1a: Ronald G. Snarls|move: Leech Seed\n|move|p1a: Ronald G. Snarls|Play Rough|p2a: hydra\n|-resisted|p2a: hydra\n|-activate|p2a: hydra|move: Substitute|[damage]\n|\n|-damage|p1a: Ronald G. Snarls|20\/100|[from] Leech Seed|[of] p2a: hydra\n|-heal|p2a: hydra|95\/100|[silent]\n|-ability|p2a: hydra|Moody|boost\n|-boost|p2a: hydra|atk|2\n|-unboost|p2a: hydra|spe|1\n|upkeep\n|turn|47\n|\n|t:|1699074519\n|switch|p1a: Salacia|Vaporeon, F|40\/100\n|move|p2a: hydra|Leech Seed|p1a: Salacia|[miss]\n|-miss|p2a: hydra|p1a: Salacia\n|\n|-heal|p1a: Salacia|46\/100|[from] item: Leftovers\n|-ability|p2a: hydra|Moody|boost\n|-boost|p2a: hydra|def|2\n|-unboost|p2a: hydra|spe|1\n|upkeep\n|turn|48\n|c|\u2606thenono|i knew youd switch so i put a leech seed\n|c|\u2606thenono|AND IT MISSED\n|c|\u2606thenono|great\n|\n|t:|1699074533\n|move|p2a: hydra|Giga Drain|p1a: Salacia\n|-supereffective|p1a: Salacia\n|-damage|p1a: Salacia|33\/100\n|-heal|p2a: hydra|100\/100|[from] drain|[of] p1a: Salacia\n|move|p1a: Salacia|Hydro Pump|p2a: hydra\n|-end|p2a: hydra|Substitute\n|\n|-heal|p1a: Salacia|40\/100|[from] item: Leftovers\n|-ability|p2a: hydra|Moody|boost\n|-boost|p2a: hydra|spe|2\n|-unboost|p2a: hydra|spd|1\n|upkeep\n|turn|49\n|c|\u2606papahue|Lol\n|\n|t:|1699074544\n|move|p2a: hydra|Leech Seed|p1a: Salacia\n|-start|p1a: Salacia|move: Leech Seed\n|move|p1a: Salacia|Hydro Pump|p2a: hydra\n|-damage|p2a: hydra|11\/100\n|\n|-heal|p1a: Salacia|46\/100|[from] item: Leftovers\n|-damage|p1a: Salacia|33\/100|[from] Leech Seed|[of] p2a: hydra\n|-heal|p2a: hydra|33\/100|[silent]\n|-ability|p2a: hydra|Moody|boost\n|-boost|p2a: hydra|spe|2\n|-unboost|p2a: hydra|atk|1\n|upkeep\n|turn|50\n|c|\u2606thenono|hmmm\n|\n|t:|1699074586\n|switch|p1a: Ronald G. Snarls|Grimmsnarl, M|20\/100\n|move|p2a: hydra|Substitute|p2a: hydra\n|-start|p2a: hydra|Substitute\n|-damage|p2a: hydra|8\/100\n|\n|-sideend|p1: papahue|move: Light Screen\n|-ability|p2a: hydra|Moody|boost\n|-boost|p2a: hydra|atk|2\n|-unboost|p2a: hydra|def|1\n|upkeep\n|turn|51\n|\n|t:|1699074592\n|move|p1a: Ronald G. Snarls|Parting Shot|p2a: hydra\n|-unboost|p2a: hydra|atk|1\n|-unboost|p2a: hydra|spa|1\n|\n|t:|1699074593\n|switch|p1a: Flora|Meowscarada, F|70\/100|[from] Parting Shot\n|move|p2a: hydra|Leech Seed|p1a: Flora\n|-immune|p1a: Flora\n|\n|-ability|p2a: hydra|Moody|boost\n|-boost|p2a: hydra|atk|2\n|-unboost|p2a: hydra|spe|1\n|upkeep\n|turn|52\n|c|\u2606thenono|i relaly need some of that yummy heals\n|c|\u2606thenono|diddly darn\n|\n|t:|1699074607\n|move|p2a: hydra|Leech Seed|p1a: Flora\n|-immune|p1a: Flora\n|move|p1a: Flora|Knock Off|p2a: hydra\n|-end|p2a: hydra|Substitute\n|-damage|p1a: Flora|61\/100|[from] item: Life Orb\n|\n|-ability|p2a: hydra|Moody|boost\n|-boost|p2a: hydra|spd|2\n|-unboost|p2a: hydra|atk|1\n|upkeep\n|turn|53\n|c|\u2606thenono|oh shit\n|\n|t:|1699074618\n|move|p2a: hydra|Protect|p2a: hydra\n|-singleturn|p2a: hydra|Protect\n|move|p1a: Flora|Knock Off|p2a: hydra\n|-activate|p2a: hydra|move: Protect\n|\n|-ability|p2a: hydra|Moody|boost\n|-boost|p2a: hydra|spd|2\n|-unboost|p2a: hydra|def|1\n|upkeep\n|turn|54\n|\n|t:|1699074628\n|switch|p2a: tuff|Wigglytuff, F|100\/100\n|move|p1a: Flora|Knock Off|p2a: tuff\n|-resisted|p2a: tuff\n|-damage|p2a: tuff|64\/100\n|-enditem|p2a: tuff|Light Clay|[from] move: Knock Off|[of] p1a: Flora\n|-damage|p1a: Flora|51\/100|[from] item: Life Orb\n|\n|upkeep\n|turn|55\n|\n|t:|1699074633\n|-terastallize|p1a: Flora|Grass\n|move|p1a: Flora|Flower Trick|p2a: tuff\n|-crit|p2a: tuff\n|-damage|p2a: tuff|0 fnt\n|faint|p2a: tuff\n|-damage|p1a: Flora|41\/100|[from] item: Life Orb\n|\n|upkeep\n|c|\u2606thenono|WHAT\n|c|\u2606thenono|crit mattered smh\n|c|\u2606thenono|jk jk jk\n|c|\u2606papahue|Lol\n|\n|t:|1699074670\n|switch|p2a: bozo|Bronzong|53\/100\n|turn|56\n|\n|t:|1699074679\n|move|p1a: Flora|Knock Off|p2a: bozo\n|-supereffective|p2a: bozo\n|-damage|p2a: bozo|0 fnt\n|-enditem|p2a: bozo|Light Clay|[from] move: Knock Off|[of] p1a: Flora\n|faint|p2a: bozo\n|-damage|p1a: Flora|31\/100|[from] item: Life Orb\n|\n|upkeep\n|c|\u2606thenono|a\n|c|\u2606thenono|i forgot its psychic not fairy\n|\n|t:|1699074690\n|switch|p2a: doofworm|Orthworm, F|51\/100\n|turn|57\n|\n|t:|1699074699\n|move|p1a: Flora|Low Kick|p2a: doofworm\n|-supereffective|p2a: doofworm\n|-damage|p2a: doofworm|0 fnt\n|faint|p2a: doofworm\n|-damage|p1a: Flora|21\/100|[from] item: Life Orb\n|\n|upkeep\n|\n|t:|1699074705\n|switch|p2a: hydra|Scovillain, F|8\/100\n|turn|58\n|c|\u2606thenono|gg\n|c|\u2606papahue|Gg\n|c|\u2606thenono|but lets see if i can survive til turn 60\n|\n|t:|1699074718\n|move|p2a: hydra|Protect|p2a: hydra\n|-singleturn|p2a: hydra|Protect\n|move|p1a: Flora|Knock Off|p2a: hydra\n|-activate|p2a: hydra|move: Protect\n|\n|-ability|p2a: hydra|Moody|boost\n|-boost|p2a: hydra|spe|2\n|-unboost|p2a: hydra|def|1\n|upkeep\n|turn|59\n|c|\u2606papahue|Bruuh\n|c|\u2606thenono|WAIT A MIN\n|\n|t:|1699074730\n|move|p1a: Flora|Sucker Punch|p2a: hydra\n|-damage|p2a: hydra|0 fnt\n|faint|p2a: hydra\n|-damage|p1a: Flora|11\/100|[from] item: Life Orb\n|\n|win|papahue\n|raw|papahue's rating: 1277 &rarr; <strong>1294<\/strong><br \/>(+17 for winning)\n|raw|thenono's rating: 1155 &rarr; <strong>1138<\/strong><br \/>(-17 for losing)\n|c|\u2606papahue|Gg\n|c|\u2606thenono|ah shit i was gonan giga drain one last time\n|c|\u2606thenono|gg\n|c|\u2606papahue|Giga wouldve killed\n|c|\u2606papahue|I knew that lol\n|c|\u2606thenono|that sucker punch was prob a save\n|c|\u2606papahue|So the setup was supposed be\n|c|\u2606papahue|Espathra with a weaknes policy into eviolite braicen\n|c|\u2606papahue|Braixen*\n|c|\u2606thenono|why did u nebver let her in\n|c|\u2606papahue|And sweep from there\n|c|\u2606papahue|Your stupid plant lol\n|c|\u2606thenono|fair point\n|c|\u2606papahue|I didnt want the rng to kill my sweeper\n|c|\u2606thenono|eheheheheheh\n|c|\u2606papahue|Gg\n|c|\u2606thenono|so floras your backup win condition?\n|c|\u2606papahue|Flora is just good\n|c|\u2606thenono|ah\n|c|\u2606papahue|So kinda yeah\n|c|\u2606thenono|ok\n|c|\u2606thenono|gg\n|c|\u2606papahue|Ive won with just vaporeon too\n|c|\u2606papahue|Gg\n|c|\u2606thenono|wait\n|c|\u2606thenono|how does won win\n|c|\u2606thenono|with just vaporeon\n|c|\u2606papahue|People give up\n|c|\u2606thenono|how does one*\n|c|\u2606thenono|ah\n|c|\u2606papahue|Or i can bp espathra to vaporeon too\n|c|\u2606thenono|that wil ve terrifying\n|c|\u2606papahue|Lol\n|c|\u2606papahue|Aight was fun gg fr now lol\n|c|\u2606thenono|ok bye\n|l|\u2606papahue\n|l|\u2606thenono\n|j|\u2606papahue\n|player|p1|papahue|102\n","uploadtime":1699075068,"views":9,"p1id":"papahue","p2id":"thenono","formatid":"gen9anythinggoes","rating":1138,"private":0,"password":""}