{"id":"gen9anythinggoes-1997694099","p1":"CapnTophat","p2":"Red_Ice_Games","format":"[Gen 9] Anything Goes","log":"|j|\u2606CapnTophat\n|j|\u2606Red_Ice_Games\n|t:|1700842578\n|gametype|singles\n|player|p1|CapnTophat|wallace|1401\n|player|p2|Red_Ice_Games|psychic|1420\n|teamsize|p1|6\n|teamsize|p2|6\n|gen|9\n|tier|[Gen 9] Anything Goes\n|rated|\n|rule|HP Percentage Mod: HP is shown in percentages\n|rule|Endless Battle Clause: Forcing endless battles is banned\n|clearpoke\n|poke|p1|Ursaluna-Bloodmoon, M|\n|poke|p1|Ursaluna, F|\n|poke|p1|Urshifu-*, M|\n|poke|p1|Urshifu-*, M|\n|poke|p1|Calyrex-Shadow|\n|poke|p1|Magearna|\n|poke|p2|Cyclizar, F|\n|poke|p2|Dragapult, M|\n|poke|p2|Oricorio-Sensu, F|\n|poke|p2|Scizor, F|\n|poke|p2|Espeon, M|\n|poke|p2|Jolteon, F|\n|teampreview\n|inactive|Battle timer is ON: inactive players will automatically lose when time's up. (requested by CapnTophat)\n|\n|t:|1700842593\n|start\n|switch|p1a: Fitzgerald|Urshifu-Rapid-Strike, M|100\/100\n|switch|p2a: Cyclizar|Cyclizar, F|100\/100\n|turn|1\n|\n|t:|1700842597\n|move|p2a: Cyclizar|Shed Tail|p2a: Cyclizar\n|-start|p2a: Cyclizar|Substitute|[from] move: Shed Tail\n|-damage|p2a: Cyclizar|50\/100\n|j| Ur head 2\n|\n|t:|1700842600\n|switch|p2a: Dragapult|Dragapult, M|100\/100|[from] Shed Tail\n|move|p1a: Fitzgerald|Surging Strikes|p2a: Dragapult\n|-resisted|p2a: Dragapult\n|-crit|p2a: Dragapult\n|-activate|p2a: Dragapult|move: Substitute|[damage]\n|-resisted|p2a: Dragapult\n|-crit|p2a: Dragapult\n|-end|p2a: Dragapult|Substitute\n|-resisted|p2a: Dragapult\n|-crit|p2a: Dragapult\n|-damage|p2a: Dragapult|79\/100\n|-hitcount|p2a: Dragapult|3\n|\n|upkeep\n|turn|2\n|\n|t:|1700842606\n|switch|p1a: Bonnie|Magearna|100\/100\n|-terastallize|p2a: Dragapult|Ghost\n|move|p2a: Dragapult|Dragon Dance|p2a: Dragapult\n|-boost|p2a: Dragapult|atk|1\n|-boost|p2a: Dragapult|spe|1\n|\n|upkeep\n|turn|3\n|\n|t:|1700842610\n|move|p2a: Dragapult|Phantom Force||[still]\n|-prepare|p2a: Dragapult|Phantom Force\n|move|p1a: Bonnie|Iron Head|p2a: Dragapult|[miss]\n|-miss|p1a: Bonnie|p2a: Dragapult\n|\n|upkeep\n|turn|4\n|\n|t:|1700842615\n|switch|p1a: Fredrick|Ursaluna, F|100\/100\n|move|p2a: Dragapult|Phantom Force|p1a: Fredrick|[from]lockedmove\n|-immune|p1a: Fredrick\n|\n|-status|p1a: Fredrick|brn|[from] item: Flame Orb\n|upkeep\n|turn|5\n|\n|t:|1700842627\n|move|p2a: Dragapult|Baton Pass|p2a: Dragapult\n|\n|t:|1700842628\n|switch|p2a: Oricorio|Oricorio-Sensu, F|100\/100|[from] Baton Pass\n|move|p1a: Fredrick|Earthquake|p2a: Oricorio\n|-immune|p2a: Oricorio\n|\n|-damage|p1a: Fredrick|94\/100 brn|[from] brn\n|upkeep\n|turn|6\n|\n|t:|1700842634\n|switch|p1a: Bonnie|Magearna|100\/100\n|move|p2a: Oricorio|Quiver Dance|p2a: Oricorio\n|-boost|p2a: Oricorio|spa|1\n|-boost|p2a: Oricorio|spd|1\n|-boost|p2a: Oricorio|spe|1\n|\n|upkeep\n|turn|7\n|\n|t:|1700842639\n|move|p2a: Oricorio|Revelation Dance|p1a: Bonnie\n|-crit|p1a: Bonnie\n|-damage|p1a: Bonnie|60\/100\n|move|p1a: Bonnie|Iron Head|p2a: Oricorio\n|-damage|p2a: Oricorio|60\/100\n|\n|upkeep\n|turn|8\n|\n|t:|1700842644\n|move|p2a: Oricorio|Quiver Dance|p2a: Oricorio\n|-boost|p2a: Oricorio|spa|1\n|-boost|p2a: Oricorio|spd|1\n|-boost|p2a: Oricorio|spe|1\n|move|p1a: Bonnie|Iron Head|p2a: Oricorio\n|-damage|p2a: Oricorio|22\/100\n|\n|upkeep\n|turn|9\n|\n|t:|1700842646\n|move|p2a: Oricorio|Baton Pass|p2a: Oricorio\n|\n|t:|1700842647\n|switch|p2a: Scizor|Scizor, F|100\/100|[from] Baton Pass\n|move|p1a: Bonnie|Iron Head|p2a: Scizor\n|-resisted|p2a: Scizor\n|-damage|p2a: Scizor|84\/100\n|\n|upkeep\n|turn|10\n|\n|t:|1700842651\n|move|p2a: Scizor|Swords Dance|p2a: Scizor\n|-boost|p2a: Scizor|atk|2\n|move|p1a: Bonnie|Volt Switch|p2a: Scizor\n|-damage|p2a: Scizor|70\/100\n|\n|t:|1700842654\n|switch|p1a: Fitzgerald|Urshifu-Rapid-Strike, M|100\/100|[from] Volt Switch\n|\n|upkeep\n|turn|11\n|\n|t:|1700842669\n|move|p2a: Scizor|Bug Bite|p1a: Fitzgerald\n|-resisted|p1a: Fitzgerald\n|-damage|p1a: Fitzgerald|35\/100\n|move|p1a: Fitzgerald|Surging Strikes|p2a: Scizor\n|-crit|p2a: Scizor\n|-damage|p2a: Scizor|36\/100\n|-crit|p2a: Scizor\n|-damage|p2a: Scizor|1\/100\n|-crit|p2a: Scizor\n|-damage|p2a: Scizor|0 fnt\n|faint|p2a: Scizor\n|-hitcount|p2: Scizor|3\n|\n|upkeep\n|\n|t:|1700842676\n|switch|p2a: Cyclizar|Cyclizar, F|84\/100\n|turn|12\n|\n|t:|1700842678\n|move|p2a: Cyclizar|Shed Tail|p2a: Cyclizar\n|-start|p2a: Cyclizar|Substitute|[from] move: Shed Tail\n|-damage|p2a: Cyclizar|34\/100\n|\n|t:|1700842679\n|switch|p2a: Dragapult|Dragapult, M, tera:Ghost|79\/100|[from] Shed Tail\n|move|p1a: Fitzgerald|Surging Strikes|p2a: Dragapult\n|-crit|p2a: Dragapult\n|-end|p2a: Dragapult|Substitute\n|-crit|p2a: Dragapult\n|-damage|p2a: Dragapult|37\/100\n|-crit|p2a: Dragapult\n|-damage|p2a: Dragapult|0 fnt\n|faint|p2a: Dragapult\n|-hitcount|p2: Dragapult|3\n|\n|upkeep\n|\n|t:|1700842687\n|switch|p2a: Jolteon|Jolteon, F|100\/100\n|turn|13\n|\n|t:|1700842690\n|move|p2a: Jolteon|Copycat|p2a: Jolteon\n|move|p2a: Jolteon|Surging Strikes|p1a: Fitzgerald|[from]move: Copycat\n|-resisted|p1a: Fitzgerald\n|-crit|p1a: Fitzgerald\n|-damage|p1a: Fitzgerald|32\/100\n|-resisted|p1a: Fitzgerald\n|-crit|p1a: Fitzgerald\n|-damage|p1a: Fitzgerald|29\/100\n|-resisted|p1a: Fitzgerald\n|-crit|p1a: Fitzgerald\n|-damage|p1a: Fitzgerald|26\/100\n|-hitcount|p1a: Fitzgerald|3\n|move|p1a: Fitzgerald|Surging Strikes|p2a: Jolteon\n|-crit|p2a: Jolteon\n|-damage|p2a: Jolteon|47\/100\n|-crit|p2a: Jolteon\n|-damage|p2a: Jolteon|0 fnt\n|faint|p2a: Jolteon\n|-hitcount|p2: Jolteon|2\n|\n|upkeep\n|\n|t:|1700842692\n|switch|p2a: Espeon|Espeon, M|100\/100\n|turn|14\n|\n|t:|1700842694\n|move|p2a: Espeon|Psychic|p1a: Fitzgerald\n|-supereffective|p1a: Fitzgerald\n|-damage|p1a: Fitzgerald|0 fnt\n|faint|p1a: Fitzgerald\n|\n|upkeep\n|\n|t:|1700842697\n|switch|p1a: Fredrick|Ursaluna, F|94\/100 brn\n|turn|15\n|\n|t:|1700842702\n|move|p2a: Espeon|Psychic|p1a: Fredrick\n|-damage|p1a: Fredrick|49\/100 brn\n|move|p1a: Fredrick|Trailblaze|p2a: Espeon\n|-damage|p2a: Espeon|51\/100\n|-boost|p1a: Fredrick|spe|1\n|\n|-damage|p1a: Fredrick|43\/100 brn|[from] brn\n|upkeep\n|turn|16\n|\n|t:|1700842709\n|move|p2a: Espeon|Psychic|p1a: Fredrick\n|-damage|p1a: Fredrick|0 fnt\n|faint|p1a: Fredrick\n|\n|upkeep\n|\n|t:|1700842712\n|switch|p1a: Bonnie|Magearna|60\/100\n|turn|17\n|\n|t:|1700842714\n|move|p2a: Espeon|Yawn|p1a: Bonnie\n|-start|p1a: Bonnie|move: Yawn|[of] p2a: Espeon\n|move|p1a: Bonnie|Iron Head|p2a: Espeon\n|-damage|p2a: Espeon|3\/100\n|\n|upkeep\n|turn|18\n|\n|t:|1700842716\n|move|p2a: Espeon|Psychic|p1a: Bonnie\n|-resisted|p1a: Bonnie\n|-damage|p1a: Bonnie|50\/100\n|move|p1a: Bonnie|Volt Switch|p2a: Espeon\n|-damage|p2a: Espeon|0 fnt\n|faint|p2a: Espeon\n|-ability|p1a: Bonnie|Soul-Heart|boost\n|-boost|p1a: Bonnie|spa|1\n|\n|t:|1700842720\n|switch|p1a: Scott Cawthon|Calyrex-Shadow|100\/100|[from] Volt Switch\n|-ability|p1a: Scott Cawthon|As One\n|-ability|p1a: Scott Cawthon|Unnerve\n|\n|upkeep\n|\n|t:|1700842724\n|switch|p2a: Oricorio|Oricorio-Sensu, F|22\/100\n|turn|19\n|\n|t:|1700842727\n|switch|p2a: Cyclizar|Cyclizar, F|67\/100\n|move|p1a: Scott Cawthon|Psyshock|p2a: Cyclizar\n|-damage|p2a: Cyclizar|0 fnt\n|faint|p2a: Cyclizar\n|-ability|p1a: Scott Cawthon|Grim Neigh|boost\n|-boost|p1a: Scott Cawthon|spa|1\n|\n|upkeep\n|-message|Red_Ice_Games forfeited.\n|\n|win|CapnTophat\n|raw|CapnTophat's rating: 1401 &rarr; <strong>1422<\/strong><br \/>(+21 for winning)\n|raw|Red_Ice_Games's rating: 1420 &rarr; <strong>1399<\/strong><br \/>(-21 for losing)\n|l|\u2606Red_Ice_Games\n","uploadtime":1700842740,"views":0,"p1id":"capntophat","p2id":"redicegames","formatid":"gen9anythinggoes","rating":1399,"private":0,"password":""}