{"id":"gen9anythinggoes-1977057149","p1":"babyball","p2":"Nathanore5450","format":"[Gen 9] Anything Goes","log":"|j|\u2606babyball\n|j|\u2606Nathanore5450\n|t:|1698366716\n|gametype|singles\n|player|p1|babyball|1|\n|player|p2|Nathanore5450|n|\n|teamsize|p1|6\n|teamsize|p2|6\n|gen|9\n|tier|[Gen 9] Anything Goes\n|rule|HP Percentage Mod: HP is shown in percentages\n|rule|Endless Battle Clause: Forcing endless battles is banned\n|clearpoke\n|poke|p1|Chi-Yu|\n|poke|p1|Wyrdeer, F|\n|poke|p1|Ogerpon, F|\n|poke|p1|Scream Tail|\n|poke|p1|Haxorus, M|\n|poke|p1|Quaquaval, F|\n|poke|p2|Iron Bundle|\n|poke|p2|Overqwil, M|\n|poke|p2|Pelipper, M|\n|poke|p2|Goodra-Hisui, F|\n|poke|p2|Iron Treads|\n|poke|p2|Ogerpon-Wellspring, F|\n|teampreview\n|\n|t:|1698366731\n|start\n|switch|p1a: Wyrdeer|Wyrdeer, F|100\/100\n|switch|p2a: lunch|Overqwil, M|100\/100\n|-ability|p2a: lunch|Intimidate|boost\n|-unboost|p1a: Wyrdeer|atk|1\n|-ability|p1a: Wyrdeer|Intimidate|boost\n|-unboost|p2a: lunch|atk|1\n|turn|1\n|\n|t:|1698366740\n|move|p2a: lunch|Toxic Spikes|p1a: Wyrdeer\n|-sidestart|p1: babyball|move: Toxic Spikes\n|move|p1a: Wyrdeer|Thunder Wave|p2a: lunch\n|-status|p2a: lunch|par\n|\n|upkeep\n|turn|2\n|\n|t:|1698366747\n|move|p1a: Wyrdeer|Earthquake|p2a: lunch\n|-supereffective|p2a: lunch\n|-damage|p2a: lunch|60\/100 par\n|move|p2a: lunch|Toxic Spikes|p1a: Wyrdeer\n|-sidestart|p1: babyball|move: Toxic Spikes\n|\n|-heal|p2a: lunch|66\/100 par|[from] item: Leftovers\n|upkeep\n|turn|3\n|\n|t:|1698366750\n|move|p1a: Wyrdeer|Earthquake|p2a: lunch\n|-supereffective|p2a: lunch\n|-damage|p2a: lunch|27\/100 par\n|move|p2a: lunch|Crunch|p1a: Wyrdeer\n|-supereffective|p1a: Wyrdeer\n|-damage|p1a: Wyrdeer|56\/100\n|-unboost|p1a: Wyrdeer|def|1\n|\n|-heal|p1a: Wyrdeer|62\/100|[from] item: Leftovers\n|-heal|p2a: lunch|33\/100 par|[from] item: Leftovers\n|upkeep\n|turn|4\n|\n|t:|1698366765\n|-terastallize|p2a: lunch|Flying\n|move|p1a: Wyrdeer|Earthquake|p2a: lunch\n|-immune|p2a: lunch\n|cant|p2a: lunch|par\n|\n|-heal|p1a: Wyrdeer|68\/100|[from] item: Leftovers\n|-heal|p2a: lunch|39\/100 par|[from] item: Leftovers\n|upkeep\n|turn|5\n|\n|t:|1698366772\n|-terastallize|p1a: Wyrdeer|Normal\n|move|p1a: Wyrdeer|Body Slam|p2a: lunch\n|-crit|p2a: lunch\n|-damage|p2a: lunch|0 fnt\n|faint|p2a: lunch\n|\n|-heal|p1a: Wyrdeer|74\/100|[from] item: Leftovers\n|upkeep\n|\n|t:|1698366830\n|switch|p2a: DC the Don|Iron Treads|100\/100\n|-enditem|p2a: DC the Don|Booster Energy\n|-activate|p2a: DC the Don|ability: Quark Drive|[fromitem]\n|-start|p2a: DC the Don|quarkdrivespe\n|turn|6\n|\n|t:|1698366836\n|move|p2a: DC the Don|Earthquake|p1a: Wyrdeer\n|-damage|p1a: Wyrdeer|0 fnt\n|faint|p1a: Wyrdeer\n|\n|upkeep\n|\n|t:|1698366845\n|switch|p1a: Quaquaval|Quaquaval, F|100\/100\n|-status|p1a: Quaquaval|tox\n|turn|7\n|\n|t:|1698366852\n|move|p2a: DC the Don|Knock Off|p1a: Quaquaval\n|-resisted|p1a: Quaquaval\n|-damage|p1a: Quaquaval|79\/100 tox\n|-enditem|p1a: Quaquaval|Life Orb|[from] move: Knock Off|[of] p2a: DC the Don\n|move|p1a: Quaquaval|Aqua Step|p2a: DC the Don\n|-supereffective|p2a: DC the Don\n|-damage|p2a: DC the Don|34\/100\n|-boost|p1a: Quaquaval|spe|1\n|\n|-damage|p1a: Quaquaval|73\/100 tox|[from] psn\n|upkeep\n|turn|8\n|\n|t:|1698366862\n|move|p2a: DC the Don|Earthquake|p1a: Quaquaval\n|-damage|p1a: Quaquaval|6\/100 tox\n|move|p1a: Quaquaval|Aqua Step|p2a: DC the Don\n|-supereffective|p2a: DC the Don\n|-damage|p2a: DC the Don|0 fnt\n|-boost|p1a: Quaquaval|spe|1\n|faint|p2a: DC the Don\n|-end|p2a: DC the Don|Quark Drive|[silent]\n|-ability|p1a: Quaquaval|Moxie|boost\n|-boost|p1a: Quaquaval|atk|1\n|\n|-damage|p1a: Quaquaval|0 fnt|[from] psn\n|faint|p1a: Quaquaval\n|upkeep\n|\n|t:|1698366874\n|switch|p2a: nigel|Pelipper, M|100\/100\n|switch|p1a: Ogerpon|Ogerpon, F|100\/100\n|-status|p1a: Ogerpon|tox\n|-weather|RainDance|[from] ability: Drizzle|[of] p2a: nigel\n|turn|9\n|\n|t:|1698366883\n|move|p1a: Ogerpon|Ivy Cudgel|p2a: nigel\n|-damage|p2a: nigel|44\/100\n|move|p2a: nigel|Hurricane|p1a: Ogerpon\n|-supereffective|p1a: Ogerpon\n|-damage|p1a: Ogerpon|15\/100 tox\n|\n|-weather|RainDance|[upkeep]\n|-damage|p1a: Ogerpon|9\/100 tox|[from] psn\n|upkeep\n|turn|10\n|\n|t:|1698366896\n|move|p1a: Ogerpon|Ivy Cudgel|p2a: nigel\n|-damage|p2a: nigel|0 fnt\n|faint|p2a: nigel\n|\n|-weather|RainDance|[upkeep]\n|-damage|p1a: Ogerpon|0 fnt|[from] psn\n|faint|p1a: Ogerpon\n|upkeep\n|\n|t:|1698366908\n|switch|p1a: Chi-Yu|Chi-Yu|100\/100\n|switch|p2a: shrek|Ogerpon-Wellspring, F|100\/100\n|-status|p1a: Chi-Yu|tox\n|-ability|p1a: Chi-Yu|Beads of Ruin\n|turn|11\n|\n|t:|1698366914\n|move|p2a: shrek|Ivy Cudgel|p1a: Chi-Yu\n|-supereffective|p1a: Chi-Yu\n|-crit|p1a: Chi-Yu\n|-damage|p1a: Chi-Yu|0 fnt\n|faint|p1a: Chi-Yu\n|\n|-weather|RainDance|[upkeep]\n|upkeep\n|\n|t:|1698366920\n|switch|p1a: Scream Tail|Scream Tail|100\/100\n|-status|p1a: Scream Tail|tox\n|turn|12\n|\n|t:|1698366923\n|move|p1a: Scream Tail|Play Rough|p2a: shrek|[miss]\n|-miss|p1a: Scream Tail|p2a: shrek\n|move|p2a: shrek|Ivy Cudgel|p1a: Scream Tail\n|-damage|p1a: Scream Tail|25\/100 tox\n|\n|-weather|RainDance|[upkeep]\n|-heal|p1a: Scream Tail|31\/100 tox|[from] item: Leftovers\n|-damage|p1a: Scream Tail|25\/100 tox|[from] psn\n|upkeep\n|turn|13\n|\n|t:|1698366939\n|move|p1a: Scream Tail|Wish|p1a: Scream Tail\n|move|p2a: shrek|Ivy Cudgel|p1a: Scream Tail\n|-damage|p1a: Scream Tail|0 fnt\n|faint|p1a: Scream Tail\n|-end|p1a: Scream Tail|Protosynthesis|[silent]\n|\n|-weather|RainDance|[upkeep]\n|upkeep\n|\n|t:|1698366943\n|switch|p1a: Haxorus|Haxorus, M|100\/100\n|-status|p1a: Haxorus|tox\n|-ability|p1a: Haxorus|Mold Breaker\n|turn|14\n|\n|t:|1698366947\n|move|p2a: shrek|Ivy Cudgel|p1a: Haxorus\n|-resisted|p1a: Haxorus\n|-damage|p1a: Haxorus|45\/100 tox\n|move|p1a: Haxorus|Swords Dance|p1a: Haxorus\n|-boost|p1a: Haxorus|atk|2\n|\n|-weather|RainDance|[upkeep]\n|-heal|p1a: Haxorus|100\/100 tox|[from] move: Wish|[wisher] Scream Tail\n|-damage|p1a: Haxorus|94\/100 tox|[from] psn\n|upkeep\n|turn|15\n|\n|t:|1698366952\n|move|p2a: shrek|Play Rough|p1a: Haxorus\n|-supereffective|p1a: Haxorus\n|-damage|p1a: Haxorus|0 fnt\n|faint|p1a: Haxorus\n|\n|win|Nathanore5450\n","uploadtime":1698366962,"views":12,"p1id":"babyball","p2id":"nathanore5450","formatid":"gen9anythinggoes","rating":0,"private":0,"password":""}