{"id":"gen9anythinggoes-1986098645","p1":"papahue","p2":"shadowclonekoko","format":"[Gen 9] Anything Goes","log":"|j|\u2606papahue\n|j|\u2606shadowclonekoko\n|t:|1699449904\n|gametype|singles\n|player|p1|papahue|266|1370\n|player|p2|shadowclonekoko|alec-anime|1348\n|teamsize|p1|6\n|teamsize|p2|6\n|gen|9\n|tier|[Gen 9] Anything Goes\n|rated|\n|rule|HP Percentage Mod: HP is shown in percentages\n|rule|Endless Battle Clause: Forcing endless battles is banned\n|clearpoke\n|poke|p1|Espathra, F|\n|poke|p1|Delphox, F|\n|poke|p1|Grimmsnarl, M|\n|poke|p1|Torkoal, M|\n|poke|p1|Vaporeon, F|\n|poke|p1|Meowscarada, F|\n|poke|p2|Calyrex-Shadow|\n|poke|p2|Ribombee, F|\n|poke|p2|Drifblim, M|\n|poke|p2|Miraidon|\n|poke|p2|Sneasler, F|\n|poke|p2|Volcarona, F|\n|teampreview\n|inactive|Battle timer is ON: inactive players will automatically lose when time's up. (requested by shadowclonekoko)\n|\n|t:|1699449913\n|start\n|switch|p1a: Oog|Torkoal, M|100\/100\n|switch|p2a: Miraidon|Miraidon|100\/100\n|-fieldstart|move: Electric Terrain|[from] ability: Hadron Engine|[of] p2a: Miraidon\n|-weather|SunnyDay|[from] ability: Drought|[of] p1a: Oog\n|turn|1\n|\n|t:|1699449918\n|move|p2a: Miraidon|Calm Mind|p2a: Miraidon\n|-boost|p2a: Miraidon|spa|1\n|-boost|p2a: Miraidon|spd|1\n|move|p1a: Oog|Stealth Rock|p2a: Miraidon\n|-sidestart|p2: shadowclonekoko|move: Stealth Rock\n|\n|-weather|SunnyDay|[upkeep]\n|upkeep\n|turn|2\n|\n|t:|1699449920\n|move|p2a: Miraidon|Calm Mind|p2a: Miraidon\n|-boost|p2a: Miraidon|spa|1\n|-boost|p2a: Miraidon|spd|1\n|move|p1a: Oog|Clear Smog|p2a: Miraidon\n|-damage|p2a: Miraidon|96\/100\n|-clearboost|p2a: Miraidon\n|\n|-weather|SunnyDay|[upkeep]\n|-heal|p2a: Miraidon|100\/100|[from] item: Leftovers\n|upkeep\n|turn|3\n|\n|t:|1699449924\n|move|p2a: Miraidon|Parabolic Charge|p1a: Oog\n|-damage|p1a: Oog|46\/100\n|move|p1a: Oog|Clear Smog|p2a: Miraidon\n|-damage|p2a: Miraidon|92\/100\n|-clearboost|p2a: Miraidon\n|\n|-weather|SunnyDay|[upkeep]\n|-heal|p2a: Miraidon|99\/100|[from] item: Leftovers\n|upkeep\n|turn|4\n|\n|t:|1699449926\n|move|p2a: Miraidon|Parabolic Charge|p1a: Oog\n|-damage|p1a: Oog|0 fnt\n|-heal|p2a: Miraidon|100\/100|[from] drain|[of] p1a: Oog\n|faint|p1a: Oog\n|\n|-weather|SunnyDay|[upkeep]\n|upkeep\n|\n|t:|1699449929\n|switch|p1a: Ronald G. Snarls|Grimmsnarl, M|100\/100\n|turn|5\n|\n|t:|1699449933\n|-terastallize|p2a: Miraidon|Water\n|move|p1a: Ronald G. Snarls|Light Screen|p1a: Ronald G. Snarls\n|-sidestart|p1: papahue|move: Light Screen\n|move|p2a: Miraidon|Calm Mind|p2a: Miraidon\n|-boost|p2a: Miraidon|spa|1\n|-boost|p2a: Miraidon|spd|1\n|\n|-weather|none\n|-fieldend|move: Electric Terrain\n|upkeep\n|turn|6\n|\n|t:|1699449937\n|move|p2a: Miraidon|Calm Mind|p2a: Miraidon\n|-boost|p2a: Miraidon|spa|1\n|-boost|p2a: Miraidon|spd|1\n|move|p1a: Ronald G. Snarls|Play Rough|p2a: Miraidon\n|-damage|p2a: Miraidon|59\/100\n|\n|-heal|p2a: Miraidon|65\/100|[from] item: Leftovers\n|upkeep\n|turn|7\n|\n|t:|1699449940\n|move|p1a: Ronald G. Snarls|Reflect|p1a: Ronald G. Snarls\n|-sidestart|p1: papahue|Reflect\n|move|p2a: Miraidon|Calm Mind|p2a: Miraidon\n|-boost|p2a: Miraidon|spa|1\n|-boost|p2a: Miraidon|spd|1\n|\n|-heal|p2a: Miraidon|71\/100|[from] item: Leftovers\n|upkeep\n|turn|8\n|\n|t:|1699449944\n|move|p2a: Miraidon|Parabolic Charge|p1a: Ronald G. Snarls\n|-damage|p1a: Ronald G. Snarls|59\/100\n|-heal|p2a: Miraidon|93\/100|[from] drain|[of] p1a: Ronald G. Snarls\n|move|p1a: Ronald G. Snarls|Play Rough|p2a: Miraidon\n|-damage|p2a: Miraidon|53\/100\n|\n|-heal|p2a: Miraidon|60\/100|[from] item: Leftovers\n|upkeep\n|turn|9\n|\n|t:|1699449947\n|move|p2a: Miraidon|Parabolic Charge|p1a: Ronald G. Snarls\n|-damage|p1a: Ronald G. Snarls|18\/100\n|-heal|p2a: Miraidon|81\/100|[from] drain|[of] p1a: Ronald G. Snarls\n|move|p1a: Ronald G. Snarls|Play Rough|p2a: Miraidon|[miss]\n|-miss|p1a: Ronald G. Snarls|p2a: Miraidon\n|\n|-heal|p2a: Miraidon|88\/100|[from] item: Leftovers\n|upkeep\n|turn|10\n|\n|t:|1699449950\n|move|p2a: Miraidon|Parabolic Charge|p1a: Ronald G. Snarls\n|-damage|p1a: Ronald G. Snarls|0 fnt\n|-heal|p2a: Miraidon|97\/100|[from] drain|[of] p1a: Ronald G. Snarls\n|faint|p1a: Ronald G. Snarls\n|\n|-heal|p2a: Miraidon|100\/100|[from] item: Leftovers\n|upkeep\n|\n|t:|1699449951\n|switch|p1a: Salacia|Vaporeon, F|100\/100\n|turn|11\n|\n|t:|1699449955\n|-terastallize|p1a: Salacia|Ground\n|move|p2a: Miraidon|Parabolic Charge|p1a: Salacia\n|-immune|p1a: Salacia\n|move|p1a: Salacia|Substitute|p1a: Salacia\n|-start|p1a: Salacia|Substitute\n|-damage|p1a: Salacia|75\/100\n|\n|-heal|p1a: Salacia|82\/100|[from] item: Leftovers\n|upkeep\n|turn|12\n|\n|t:|1699449959\n|move|p2a: Miraidon|Tera Blast|p1a: Salacia|[anim] Tera Blast Water\n|-heal|p1a: Salacia|100\/100|[from] ability: Water Absorb|[of] p2a: Miraidon\n|move|p1a: Salacia|Haze|p1a: Salacia\n|-clearallboost\n|\n|-sideend|p1: papahue|move: Light Screen\n|upkeep\n|turn|13\n|\n|t:|1699449966\n|switch|p2a: Sneasler|Sneasler, F|100\/100\n|-damage|p2a: Sneasler|94\/100|[from] Stealth Rock\n|move|p1a: Salacia|Ice Beam|p2a: Sneasler\n|-damage|p2a: Sneasler|63\/100\n|\n|upkeep\n|turn|14\n|\n|t:|1699449969\n|move|p2a: Sneasler|Fake Out|p1a: Salacia\n|-enditem|p2a: Sneasler|Normal Gem|[from] gem\n|-activate|p1a: Salacia|move: Substitute|[damage]\n|move|p1a: Salacia|Scald|p2a: Sneasler\n|-damage|p2a: Sneasler|25\/100\n|-status|p2a: Sneasler|brn\n|\n|-damage|p2a: Sneasler|19\/100 brn|[from] brn\n|-sideend|p1: papahue|Reflect\n|upkeep\n|turn|15\n|\n|t:|1699449973\n|move|p2a: Sneasler|Dire Claw|p1a: Salacia\n|-resisted|p1a: Salacia\n|-activate|p1a: Salacia|move: Substitute|[damage]\n|move|p1a: Salacia|Substitute|p1a: Salacia\n|-fail|p1a: Salacia|move: Substitute\n|\n|-damage|p2a: Sneasler|13\/100 brn|[from] brn\n|upkeep\n|turn|16\n|\n|t:|1699449978\n|move|p2a: Sneasler|Close Combat|p1a: Salacia\n|-end|p1a: Salacia|Substitute\n|-unboost|p2a: Sneasler|def|1\n|-unboost|p2a: Sneasler|spd|1\n|move|p1a: Salacia|Substitute|p1a: Salacia\n|-start|p1a: Salacia|Substitute\n|-damage|p1a: Salacia|75\/100\n|\n|-heal|p1a: Salacia|82\/100|[from] item: Leftovers\n|-damage|p2a: Sneasler|7\/100 brn|[from] brn\n|upkeep\n|turn|17\n|\n|t:|1699449982\n|move|p2a: Sneasler|Close Combat|p1a: Salacia\n|-activate|p1a: Salacia|move: Substitute|[damage]\n|-unboost|p2a: Sneasler|def|1\n|-unboost|p2a: Sneasler|spd|1\n|move|p1a: Salacia|Substitute|p1a: Salacia\n|-fail|p1a: Salacia|move: Substitute\n|\n|-heal|p1a: Salacia|88\/100|[from] item: Leftovers\n|-damage|p2a: Sneasler|1\/100 brn|[from] brn\n|upkeep\n|turn|18\n|\n|t:|1699449986\n|move|p2a: Sneasler|Close Combat|p1a: Salacia\n|-end|p1a: Salacia|Substitute\n|-unboost|p2a: Sneasler|def|1\n|-unboost|p2a: Sneasler|spd|1\n|move|p1a: Salacia|Substitute|p1a: Salacia\n|-start|p1a: Salacia|Substitute\n|-damage|p1a: Salacia|63\/100\n|\n|-heal|p1a: Salacia|69\/100|[from] item: Leftovers\n|-damage|p2a: Sneasler|0 fnt|[from] brn\n|faint|p2a: Sneasler\n|upkeep\n|\n|t:|1699449995\n|switch|p2a: Calyrex|Calyrex-Shadow|100\/100\n|-ability|p2a: Calyrex|As One\n|-ability|p2a: Calyrex|Unnerve\n|-damage|p2a: Calyrex|88\/100|[from] Stealth Rock\n|turn|19\n|\n|t:|1699449999\n|move|p2a: Calyrex|Giga Drain|p1a: Salacia\n|-supereffective|p1a: Salacia\n|-end|p1a: Salacia|Substitute\n|-heal|p2a: Calyrex|100\/100|[from] drain|[of] p1a: Salacia\n|move|p1a: Salacia|Scald|p2a: Calyrex\n|-damage|p2a: Calyrex|71\/100\n|\n|-heal|p2a: Calyrex|77\/100|[from] item: Leftovers\n|-heal|p1a: Salacia|75\/100|[from] item: Leftovers\n|upkeep\n|turn|20\n|\n|t:|1699450003\n|switch|p1a: Flora|Meowscarada, F|100\/100\n|move|p2a: Calyrex|Giga Drain|p1a: Flora\n|-resisted|p1a: Flora\n|-damage|p1a: Flora|77\/100\n|-heal|p2a: Calyrex|87\/100|[from] drain|[of] p1a: Flora\n|\n|-heal|p2a: Calyrex|93\/100|[from] item: Leftovers\n|upkeep\n|turn|21\n|\n|t:|1699450006\n|move|p1a: Flora|Sucker Punch|p2a: Calyrex\n|-supereffective|p2a: Calyrex\n|-damage|p2a: Calyrex|0 fnt\n|faint|p2a: Calyrex\n|-damage|p1a: Flora|67\/100|[from] item: Life Orb\n|\n|upkeep\n|\n|t:|1699450010\n|switch|p2a: Drifblim|Drifblim, M, shiny|100\/100\n|-damage|p2a: Drifblim|76\/100|[from] Stealth Rock\n|turn|22\n|\n|t:|1699450013\n|move|p1a: Flora|Knock Off|p2a: Drifblim\n|-supereffective|p2a: Drifblim\n|-damage|p2a: Drifblim|0 fnt\n|-damage|p1a: Flora|42\/100|[from] ability: Aftermath|[of] p2a: Drifblim\n|-enditem|p2a: Drifblim|Focus Sash|[from] move: Knock Off|[of] p1a: Flora\n|faint|p2a: Drifblim\n|-damage|p1a: Flora|33\/100|[from] item: Life Orb\n|\n|upkeep\n|inactive|shadowclonekoko has 120 seconds left.\n|\n|t:|1699450045\n|switch|p2a: Ribombee|Ribombee, F|100\/100\n|-damage|p2a: Ribombee|76\/100|[from] Stealth Rock\n|turn|23\n|\n|t:|1699450052\n|move|p1a: Flora|Sucker Punch|p2a: Ribombee\n|-resisted|p2a: Ribombee\n|-damage|p2a: Ribombee|36\/100\n|-damage|p1a: Flora|23\/100|[from] item: Life Orb\n|move|p2a: Ribombee|Moonblast|p1a: Flora\n|-supereffective|p1a: Flora\n|-damage|p1a: Flora|0 fnt\n|faint|p1a: Flora\n|\n|upkeep\n|\n|t:|1699450056\n|switch|p1a: Anat|Espathra, F|100\/100\n|turn|24\n|\n|t:|1699450061\n|move|p1a: Anat|Protect|p1a: Anat\n|-singleturn|p1a: Anat|Protect\n|move|p2a: Ribombee|Quiver Dance|p2a: Ribombee\n|-boost|p2a: Ribombee|spa|1\n|-boost|p2a: Ribombee|spd|1\n|-boost|p2a: Ribombee|spe|1\n|\n|-ability|p1a: Anat|Speed Boost|boost\n|-boost|p1a: Anat|spe|1\n|upkeep\n|turn|25\n|\n|t:|1699450065\n|move|p2a: Ribombee|Baton Pass|p2a: Ribombee\n|\n|t:|1699450069\n|switch|p2a: Miraidon|Miraidon, tera:Water|100\/100|[from] Baton Pass\n|-damage|p2a: Miraidon|88\/100|[from] Stealth Rock\n|-fieldstart|move: Electric Terrain|[from] ability: Hadron Engine|[of] p2a: Miraidon\n|move|p1a: Anat|Calm Mind|p1a: Anat\n|-boost|p1a: Anat|spa|1\n|-boost|p1a: Anat|spd|1\n|\n|-heal|p2a: Miraidon|94\/100|[from] item: Leftovers\n|-ability|p1a: Anat|Speed Boost|boost\n|-boost|p1a: Anat|spe|1\n|upkeep\n|turn|26\n|\n|t:|1699450072\n|switch|p1a: Salacia|Vaporeon, F, tera:Ground|75\/100\n|move|p2a: Miraidon|Parabolic Charge|p1a: Salacia\n|-immune|p1a: Salacia\n|\n|-heal|p2a: Miraidon|100\/100|[from] item: Leftovers\n|-heal|p1a: Salacia|82\/100|[from] item: Leftovers\n|upkeep\n|turn|27\n|\n|t:|1699450080\n|move|p2a: Miraidon|Draco Meteor|p1a: Salacia\n|-damage|p1a: Salacia|0 fnt\n|-unboost|p2a: Miraidon|spa|2\n|faint|p1a: Salacia\n|\n|upkeep\n|\n|t:|1699450087\n|switch|p1a: Anat|Espathra, F|100\/100\n|turn|28\n|\n|t:|1699450093\n|move|p2a: Miraidon|Calm Mind|p2a: Miraidon\n|-boost|p2a: Miraidon|spa|1\n|-boost|p2a: Miraidon|spd|1\n|move|p1a: Anat|Calm Mind|p1a: Anat\n|-boost|p1a: Anat|spa|1\n|-boost|p1a: Anat|spd|1\n|\n|-ability|p1a: Anat|Speed Boost|boost\n|-boost|p1a: Anat|spe|1\n|upkeep\n|turn|29\n|\n|t:|1699450098\n|move|p2a: Miraidon|Parabolic Charge|p1a: Anat\n|-damage|p1a: Anat|57\/100\n|move|p1a: Anat|Calm Mind|p1a: Anat\n|-boost|p1a: Anat|spa|1\n|-boost|p1a: Anat|spd|1\n|\n|-fieldend|move: Electric Terrain\n|-ability|p1a: Anat|Speed Boost|boost\n|-boost|p1a: Anat|spe|1\n|upkeep\n|turn|30\n|\n|t:|1699450101\n|move|p1a: Anat|Calm Mind|p1a: Anat\n|-boost|p1a: Anat|spa|1\n|-boost|p1a: Anat|spd|1\n|move|p2a: Miraidon|Parabolic Charge|p1a: Anat\n|-damage|p1a: Anat|41\/100\n|\n|-ability|p1a: Anat|Speed Boost|boost\n|-boost|p1a: Anat|spe|1\n|upkeep\n|turn|31\n|\n|t:|1699450107\n|move|p1a: Anat|Baton Pass|p1a: Anat\n|\n|t:|1699450109\n|switch|p1a: Delphox|Delphox, F|100\/100|[from] Baton Pass\n|move|p2a: Miraidon|Calm Mind|p2a: Miraidon\n|-boost|p2a: Miraidon|spa|1\n|-boost|p2a: Miraidon|spd|1\n|\n|upkeep\n|turn|32\n|\n|t:|1699450120\n|move|p1a: Delphox|Psychic Terrain|p1a: Delphox\n|-fieldstart|move: Psychic Terrain\n|move|p2a: Miraidon|Tera Blast|p1a: Delphox|[anim] Tera Blast Water\n|-supereffective|p1a: Delphox\n|-damage|p1a: Delphox|49\/100\n|\n|-heal|p1a: Delphox|55\/100|[from] item: Leftovers\n|upkeep\n|turn|33\n|\n|t:|1699450124\n|move|p1a: Delphox|Stored Power|p2a: Miraidon\n|-damage|p2a: Miraidon|0 fnt\n|faint|p2a: Miraidon\n|\n|-heal|p1a: Delphox|62\/100|[from] item: Leftovers\n|upkeep\n|\n|t:|1699450128\n|switch|p2a: Ribombee|Ribombee, F|36\/100\n|-damage|p2a: Ribombee|12\/100|[from] Stealth Rock\n|turn|34\n|\n|t:|1699450130\n|move|p1a: Delphox|Stored Power|p2a: Ribombee\n|-damage|p2a: Ribombee|0 fnt\n|faint|p2a: Ribombee\n|\n|-heal|p1a: Delphox|68\/100|[from] item: Leftovers\n|upkeep\n|c|\u2606papahue|Gg\n|\n|t:|1699450143\n|switch|p2a: Volcarona|Volcarona, F|100\/100\n|-damage|p2a: Volcarona|50\/100|[from] Stealth Rock\n|turn|35\n|\n|t:|1699450145\n|move|p1a: Delphox|Stored Power|p2a: Volcarona\n|-damage|p2a: Volcarona|0 fnt\n|faint|p2a: Volcarona\n|\n|win|papahue\n|raw|papahue's rating: 1370 &rarr; <strong>1389<\/strong><br \/>(+19 for winning)\n|raw|shadowclonekoko's rating: 1348 &rarr; <strong>1329<\/strong><br \/>(-19 for losing)\n|c|\u2606shadowclonekoko|gg\n|l|\u2606shadowclonekoko\n","uploadtime":1699450165,"views":3,"p1id":"papahue","p2id":"shadowclonekoko","formatid":"gen9anythinggoes","rating":1329,"private":0,"password":""}