{"id":"gen9anythinggoes-1980696341","p1":"PrismPalette","p2":"fletchermed","format":"[Gen 9] Anything Goes","log":"|j|\u2606PrismPalette\n|j|\u2606fletchermed\n|t:|1698814512\n|gametype|singles\n|player|p1|PrismPalette|266|1098\n|player|p2|fletchermed|maid|1236\n|teamsize|p1|6\n|teamsize|p2|6\n|gen|9\n|tier|[Gen 9] Anything Goes\n|rated|\n|rule|HP Percentage Mod: HP is shown in percentages\n|rule|Endless Battle Clause: Forcing endless battles is banned\n|clearpoke\n|poke|p1|Florges-White, F|\n|poke|p1|Cresselia, F|\n|poke|p1|Oricorio, F|\n|poke|p1|Tsareena, F|\n|poke|p1|Seviper, F|\n|poke|p1|Froslass, F|\n|poke|p2|Calyrex-Shadow|\n|poke|p2|Jirachi|\n|poke|p2|Dragapult, F|\n|poke|p2|Arceus|\n|poke|p2|Jirachi|\n|poke|p2|Zamazenta-*|\n|teampreview\n|\n|t:|1698814529\n|start\n|switch|p1a: Froslass|Froslass, F, shiny|100\/100\n|switch|p2a: \ud83d\uded2|Jirachi|100\/100\n|turn|1\n|\n|t:|1698814537\n|move|p1a: Froslass|Thunder Wave|p2a: \ud83d\uded2\n|-status|p2a: \ud83d\uded2|par\n|move|p2a: \ud83d\uded2|Cosmic Power|p2a: \ud83d\uded2\n|-boost|p2a: \ud83d\uded2|def|1\n|-boost|p2a: \ud83d\uded2|spd|1\n|\n|upkeep\n|turn|2\n|\n|t:|1698814543\n|move|p1a: Froslass|Double Team|p1a: Froslass\n|-boost|p1a: Froslass|evasion|1\n|cant|p2a: \ud83d\uded2|par\n|\n|upkeep\n|turn|3\n|\n|t:|1698814547\n|move|p1a: Froslass|Double Team|p1a: Froslass\n|-boost|p1a: Froslass|evasion|1\n|move|p2a: \ud83d\uded2|Cosmic Power|p2a: \ud83d\uded2\n|-boost|p2a: \ud83d\uded2|def|1\n|-boost|p2a: \ud83d\uded2|spd|1\n|\n|upkeep\n|turn|4\n|\n|t:|1698814553\n|move|p1a: Froslass|Double Team|p1a: Froslass\n|-boost|p1a: Froslass|evasion|1\n|move|p2a: \ud83d\uded2|Cosmic Power|p2a: \ud83d\uded2\n|-boost|p2a: \ud83d\uded2|def|1\n|-boost|p2a: \ud83d\uded2|spd|1\n|\n|upkeep\n|turn|5\n|\n|t:|1698814558\n|move|p1a: Froslass|Double Team|p1a: Froslass\n|-boost|p1a: Froslass|evasion|1\n|cant|p2a: \ud83d\uded2|par\n|\n|upkeep\n|turn|6\n|\n|t:|1698814563\n|move|p1a: Froslass|Double Team|p1a: Froslass\n|-boost|p1a: Froslass|evasion|1\n|move|p2a: \ud83d\uded2|Cosmic Power|p2a: \ud83d\uded2\n|-boost|p2a: \ud83d\uded2|def|1\n|-boost|p2a: \ud83d\uded2|spd|1\n|\n|upkeep\n|turn|7\n|\n|t:|1698814568\n|move|p1a: Froslass|Double Team|p1a: Froslass\n|-boost|p1a: Froslass|evasion|1\n|move|p2a: \ud83d\uded2|Cosmic Power|p2a: \ud83d\uded2\n|-boost|p2a: \ud83d\uded2|def|1\n|-boost|p2a: \ud83d\uded2|spd|1\n|\n|upkeep\n|turn|8\n|\n|t:|1698814574\n|move|p1a: Froslass|Double Team|p1a: Froslass\n|-boost|p1a: Froslass|evasion|0\n|cant|p2a: \ud83d\uded2|par\n|\n|upkeep\n|turn|9\n|\n|t:|1698814579\n|move|p1a: Froslass|Hex|p2a: \ud83d\uded2\n|-supereffective|p2a: \ud83d\uded2\n|-damage|p2a: \ud83d\uded2|83\/100 par\n|move|p2a: \ud83d\uded2|Cosmic Power|p2a: \ud83d\uded2\n|-boost|p2a: \ud83d\uded2|def|1\n|-boost|p2a: \ud83d\uded2|spd|1\n|\n|-heal|p2a: \ud83d\uded2|89\/100 par|[from] item: Leftovers\n|upkeep\n|turn|10\n|\n|t:|1698814586\n|move|p1a: Froslass|Hex|p2a: \ud83d\uded2\n|-supereffective|p2a: \ud83d\uded2\n|-damage|p2a: \ud83d\uded2|75\/100 par\n|move|p2a: \ud83d\uded2|Wish|p2a: \ud83d\uded2\n|\n|-heal|p2a: \ud83d\uded2|81\/100 par|[from] item: Leftovers\n|upkeep\n|turn|11\n|\n|t:|1698814592\n|move|p1a: Froslass|Hex|p2a: \ud83d\uded2\n|-supereffective|p2a: \ud83d\uded2\n|-damage|p2a: \ud83d\uded2|65\/100 par\n|cant|p2a: \ud83d\uded2|par\n|\n|-heal|p2a: \ud83d\uded2|100\/100 par|[from] move: Wish|[wisher] \ud83d\uded2\n|upkeep\n|turn|12\n|\n|t:|1698814601\n|move|p1a: Froslass|Chilling Water|p2a: \ud83d\uded2\n|-damage|p2a: \ud83d\uded2|98\/100 par\n|-unboost|p2a: \ud83d\uded2|atk|1\n|move|p2a: \ud83d\uded2|Wish|p2a: \ud83d\uded2\n|\n|-heal|p2a: \ud83d\uded2|100\/100 par|[from] item: Leftovers\n|upkeep\n|turn|13\n|\n|t:|1698814607\n|move|p1a: Froslass|Hex|p2a: \ud83d\uded2\n|-supereffective|p2a: \ud83d\uded2\n|-damage|p2a: \ud83d\uded2|86\/100 par\n|move|p2a: \ud83d\uded2|Baton Pass|p2a: \ud83d\uded2\n|\n|t:|1698814612\n|switch|p2a: Dragapult|Dragapult, F|100\/100|[from] Baton Pass\n|\n|upkeep\n|turn|14\n|\n|t:|1698814617\n|move|p2a: Dragapult|Thunder Wave|p1a: Froslass|[miss]\n|-miss|p2a: Dragapult|p1a: Froslass\n|move|p1a: Froslass|Thunder Wave|p2a: Dragapult\n|-status|p2a: Dragapult|par\n|\n|upkeep\n|turn|15\n|\n|t:|1698814623\n|move|p1a: Froslass|Hex|p2a: Dragapult\n|-supereffective|p2a: Dragapult\n|-damage|p2a: Dragapult|78\/100 par\n|move|p2a: Dragapult|Thunder Wave|p1a: Froslass|[miss]\n|-miss|p2a: Dragapult|p1a: Froslass\n|\n|-heal|p2a: Dragapult|84\/100 par|[from] item: Leftovers\n|upkeep\n|turn|16\n|\n|t:|1698814631\n|move|p1a: Froslass|Hex|p2a: Dragapult\n|-supereffective|p2a: Dragapult\n|-damage|p2a: Dragapult|63\/100 par\n|cant|p2a: Dragapult|par\n|\n|-heal|p2a: Dragapult|69\/100 par|[from] item: Leftovers\n|upkeep\n|turn|17\n|\n|t:|1698814643\n|move|p1a: Froslass|Hex|p2a: Dragapult\n|-supereffective|p2a: Dragapult\n|-damage|p2a: Dragapult|47\/100 par\n|move|p2a: Dragapult|Thunder Wave|p1a: Froslass|[miss]\n|-miss|p2a: Dragapult|p1a: Froslass\n|\n|-heal|p2a: Dragapult|53\/100 par|[from] item: Leftovers\n|upkeep\n|turn|18\n|\n|t:|1698814651\n|move|p1a: Froslass|Hex|p2a: Dragapult\n|-supereffective|p2a: Dragapult\n|-damage|p2a: Dragapult|32\/100 par\n|cant|p2a: Dragapult|par\n|\n|-heal|p2a: Dragapult|38\/100 par|[from] item: Leftovers\n|upkeep\n|turn|19\n|\n|t:|1698814661\n|-terastallize|p1a: Froslass|Ice\n|-terastallize|p2a: Dragapult|Normal\n|move|p1a: Froslass|Hex|p2a: Dragapult\n|-immune|p2a: Dragapult\n|move|p2a: Dragapult|Thunder Wave|p1a: Froslass|[miss]\n|-miss|p2a: Dragapult|p1a: Froslass\n|\n|-heal|p2a: Dragapult|44\/100 par|[from] item: Leftovers\n|upkeep\n|turn|20\n|\n|t:|1698814670\n|move|p1a: Froslass|Chilling Water|p2a: Dragapult\n|-damage|p2a: Dragapult|41\/100 par\n|move|p2a: Dragapult|Thunder Wave|p1a: Froslass\n|-status|p1a: Froslass|par\n|\n|-heal|p2a: Dragapult|47\/100 par|[from] item: Leftovers\n|upkeep\n|turn|21\n|\n|t:|1698814678\n|cant|p2a: Dragapult|par\n|move|p1a: Froslass|Chilling Water|p2a: Dragapult\n|-damage|p2a: Dragapult|44\/100 par\n|\n|-heal|p2a: Dragapult|50\/100 par|[from] item: Leftovers\n|upkeep\n|turn|22\n|\n|t:|1698814692\n|cant|p2a: Dragapult|par\n|move|p1a: Froslass|Chilling Water|p2a: Dragapult\n|-damage|p2a: Dragapult|47\/100 par\n|\n|-heal|p2a: Dragapult|53\/100 par|[from] item: Leftovers\n|upkeep\n|turn|23\n|\n|t:|1698814697\n|cant|p2a: Dragapult|par\n|move|p1a: Froslass|Chilling Water|p2a: Dragapult\n|-damage|p2a: Dragapult|49\/100 par\n|\n|-heal|p2a: Dragapult|56\/100 par|[from] item: Leftovers\n|upkeep\n|turn|24\n|\n|t:|1698814703\n|move|p2a: Dragapult|Dragon Dance|p2a: Dragapult\n|-boost|p2a: Dragapult|atk|1\n|-boost|p2a: Dragapult|spe|1\n|move|p1a: Froslass|Chilling Water|p2a: Dragapult\n|-damage|p2a: Dragapult|52\/100 par\n|\n|-heal|p2a: Dragapult|58\/100 par|[from] item: Leftovers\n|upkeep\n|turn|25\n|\n|t:|1698814710\n|switch|p1a: Oricorio|Oricorio, F|100\/100\n|move|p2a: Dragapult|Dragon Dance|p2a: Dragapult\n|-boost|p2a: Dragapult|atk|1\n|-boost|p2a: Dragapult|spe|1\n|-activate|p1a: Oricorio|ability: Dancer\n|move|p1a: Oricorio|Dragon Dance|p1a: Oricorio|[from]ability: Dancer\n|-boost|p1a: Oricorio|atk|1\n|-boost|p1a: Oricorio|spe|1\n|\n|-heal|p2a: Dragapult|64\/100 par|[from] item: Leftovers\n|upkeep\n|turn|26\n|\n|t:|1698814724\n|move|p1a: Oricorio|Quiver Dance|p1a: Oricorio\n|-boost|p1a: Oricorio|spa|1\n|-boost|p1a: Oricorio|spd|1\n|-boost|p1a: Oricorio|spe|1\n|move|p2a: Dragapult|Thunder Wave|p1a: Oricorio|[miss]\n|-miss|p2a: Dragapult|p1a: Oricorio\n|\n|-heal|p2a: Dragapult|70\/100 par|[from] item: Leftovers\n|upkeep\n|turn|27\n|\n|t:|1698814732\n|move|p1a: Oricorio|Air Slash|p2a: Dragapult\n|-damage|p2a: Dragapult|57\/100 par\n|cant|p2a: Dragapult|flinch\n|\n|-heal|p2a: Dragapult|63\/100 par|[from] item: Leftovers\n|upkeep\n|turn|28\n|-activate|p1a: Oricorio|item: Quick Claw\n|\n|t:|1698814738\n|move|p1a: Oricorio|Quiver Dance|p1a: Oricorio\n|-boost|p1a: Oricorio|spa|1\n|-boost|p1a: Oricorio|spd|1\n|-boost|p1a: Oricorio|spe|1\n|move|p2a: Dragapult|Thunder Wave|p1a: Oricorio\n|-status|p1a: Oricorio|par\n|\n|-heal|p2a: Dragapult|69\/100 par|[from] item: Leftovers\n|upkeep\n|turn|29\n|\n|t:|1698814747\n|move|p2a: Dragapult|Phantom Force||[still]\n|-prepare|p2a: Dragapult|Phantom Force\n|move|p1a: Oricorio|Revelation Dance|p2a: Dragapult|[miss]\n|-miss|p1a: Oricorio|p2a: Dragapult\n|\n|-heal|p2a: Dragapult|75\/100 par|[from] item: Leftovers\n|upkeep\n|turn|30\n|\n|t:|1698814754\n|cant|p2a: Dragapult|par\n|move|p1a: Oricorio|Roost||[still]\n|-fail|p1a: Oricorio|heal\n|\n|-heal|p2a: Dragapult|82\/100 par|[from] item: Leftovers\n|upkeep\n|turn|31\n|\n|t:|1698814760\n|move|p1a: Oricorio|Quiver Dance|p1a: Oricorio\n|-boost|p1a: Oricorio|spa|1\n|-boost|p1a: Oricorio|spd|1\n|-boost|p1a: Oricorio|spe|1\n|move|p2a: Dragapult|Dragon Tail|p1a: Oricorio\n|-damage|p1a: Oricorio|53\/100 par\n|drag|p1a: Cresselia|Cresselia, F|100\/100\n|\n|-heal|p2a: Dragapult|88\/100 par|[from] item: Leftovers\n|upkeep\n|turn|32\n|\n|t:|1698814770\n|move|p2a: Dragapult|Thunder Wave|p1a: Cresselia\n|-status|p1a: Cresselia|par\n|move|p1a: Cresselia|Icy Wind|p2a: Dragapult\n|-damage|p2a: Dragapult|84\/100 par\n|\n|-heal|p2a: Dragapult|90\/100 par|[from] item: Leftovers\n|upkeep\n|turn|33\n|\n|t:|1698814779\n|move|p1a: Cresselia|Calm Mind|p1a: Cresselia\n|-boost|p1a: Cresselia|spa|1\n|-boost|p1a: Cresselia|spd|1\n|move|p2a: Dragapult|Dragon Tail|p1a: Cresselia\n|-damage|p1a: Cresselia|81\/100 par\n|drag|p1a: Froslass|Froslass, F, shiny, tera:Ice|100\/100 par\n|\n|-heal|p2a: Dragapult|97\/100 par|[from] item: Leftovers\n|upkeep\n|turn|34\n|\n|t:|1698814789\n|move|p1a: Froslass|Chilling Water|p2a: Dragapult\n|-damage|p2a: Dragapult|94\/100 par\n|move|p2a: Dragapult|Dragon Tail|p1a: Froslass\n|-damage|p1a: Froslass|53\/100 par\n|drag|p1a: Oricorio|Oricorio, F|53\/100 par\n|\n|-heal|p2a: Dragapult|99\/100 par|[from] item: Leftovers\n|upkeep\n|turn|35\n|\n|t:|1698814797\n|cant|p2a: Dragapult|par\n|move|p1a: Oricorio|Revelation Dance|p2a: Dragapult\n|-damage|p2a: Dragapult|89\/100 par\n|\n|-heal|p2a: Dragapult|95\/100 par|[from] item: Leftovers\n|upkeep\n|turn|36\n|\n|t:|1698814806\n|cant|p2a: Dragapult|par\n|move|p1a: Oricorio|Roost|p1a: Oricorio\n|-heal|p1a: Oricorio|100\/100 par\n|-singleturn|p1a: Oricorio|move: Roost\n|\n|-heal|p2a: Dragapult|100\/100 par|[from] item: Leftovers\n|upkeep\n|turn|37\n|\n|t:|1698814812\n|move|p2a: Dragapult|Phantom Force||[still]\n|-prepare|p2a: Dragapult|Phantom Force\n|move|p1a: Oricorio|Quiver Dance|p1a: Oricorio\n|-boost|p1a: Oricorio|spa|1\n|-boost|p1a: Oricorio|spd|1\n|-boost|p1a: Oricorio|spe|1\n|\n|upkeep\n|turn|38\n|\n|t:|1698814817\n|move|p2a: Dragapult|Phantom Force|p1a: Oricorio|[from]lockedmove\n|-damage|p1a: Oricorio|29\/100 par\n|move|p1a: Oricorio|Quiver Dance|p1a: Oricorio\n|-boost|p1a: Oricorio|spa|1\n|-boost|p1a: Oricorio|spd|1\n|-boost|p1a: Oricorio|spe|1\n|\n|upkeep\n|turn|39\n|\n|t:|1698814824\n|move|p2a: Dragapult|Phantom Force||[still]\n|-prepare|p2a: Dragapult|Phantom Force\n|move|p1a: Oricorio|Roost|p1a: Oricorio\n|-heal|p1a: Oricorio|80\/100 par\n|-singleturn|p1a: Oricorio|move: Roost\n|\n|upkeep\n|turn|40\n|\n|t:|1698814829\n|move|p2a: Dragapult|Phantom Force|p1a: Oricorio|[from]lockedmove\n|-damage|p1a: Oricorio|10\/100 par\n|cant|p1a: Oricorio|par\n|\n|upkeep\n|turn|41\n|\n|t:|1698814834\n|move|p2a: Dragapult|Phantom Force||[still]\n|-prepare|p2a: Dragapult|Phantom Force\n|move|p1a: Oricorio|Roost|p1a: Oricorio\n|-heal|p1a: Oricorio|60\/100 par\n|-singleturn|p1a: Oricorio|move: Roost\n|\n|upkeep\n|turn|42\n|\n|t:|1698814840\n|cant|p2a: Dragapult|par\n|move|p1a: Oricorio|Roost|p1a: Oricorio\n|-heal|p1a: Oricorio|100\/100 par\n|-singleturn|p1a: Oricorio|move: Roost\n|\n|upkeep\n|turn|43\n|\n|t:|1698814845\n|move|p1a: Oricorio|Quiver Dance|p1a: Oricorio\n|-boost|p1a: Oricorio|spa|1\n|-boost|p1a: Oricorio|spd|1\n|-boost|p1a: Oricorio|spe|1\n|move|p2a: Dragapult|Dragon Tail|p1a: Oricorio\n|-damage|p1a: Oricorio|54\/100 par\n|drag|p1a: Seviper|Seviper, F|100\/100\n|\n|upkeep\n|turn|44\n|\n|t:|1698814853\n|move|p2a: Dragapult|Dragon Dance|p2a: Dragapult\n|-boost|p2a: Dragapult|atk|1\n|-boost|p2a: Dragapult|spe|1\n|move|p1a: Seviper|Swords Dance|p1a: Seviper\n|-boost|p1a: Seviper|atk|2\n|\n|upkeep\n|turn|45\n|\n|t:|1698814859\n|cant|p2a: Dragapult|par\n|move|p1a: Seviper|Night Slash|p2a: Dragapult\n|-crit|p2a: Dragapult\n|-damage|p2a: Dragapult|35\/100 par\n|\n|-heal|p2a: Dragapult|41\/100 par|[from] item: Leftovers\n|upkeep\n|turn|46\n|\n|t:|1698814866\n|move|p1a: Seviper|Night Slash|p2a: Dragapult\n|-crit|p2a: Dragapult\n|-damage|p2a: Dragapult|0 fnt\n|faint|p2a: Dragapult\n|\n|upkeep\n|\n|t:|1698814871\n|switch|p2a: Calyrex|Calyrex-Shadow|100\/100\n|-ability|p2a: Calyrex|As One\n|-ability|p2a: Calyrex|Unnerve\n|turn|47\n|\n|t:|1698814876\n|move|p2a: Calyrex|Leech Seed|p1a: Seviper\n|-start|p1a: Seviper|move: Leech Seed\n|move|p1a: Seviper|Night Slash|p2a: Calyrex\n|-supereffective|p2a: Calyrex\n|-damage|p2a: Calyrex|0 fnt\n|faint|p2a: Calyrex\n|\n|upkeep\n|\n|t:|1698814878\n|switch|p2a: Zamazenta|Zamazenta-Crowned|100\/100\n|-ability|p2a: Zamazenta|Dauntless Shield|boost\n|-boost|p2a: Zamazenta|def|1\n|turn|48\n|\n|t:|1698814885\n|move|p2a: Zamazenta|Iron Defense|p2a: Zamazenta\n|-boost|p2a: Zamazenta|def|2\n|move|p1a: Seviper|Brick Break|p2a: Zamazenta\n|-supereffective|p2a: Zamazenta\n|-damage|p2a: Zamazenta|77\/100\n|\n|-damage|p1a: Seviper|88\/100|[from] Leech Seed|[of] p2a: Zamazenta\n|-heal|p2a: Zamazenta|88\/100|[silent]\n|upkeep\n|turn|49\n|\n|t:|1698814893\n|move|p2a: Zamazenta|Iron Defense|p2a: Zamazenta\n|-boost|p2a: Zamazenta|def|2\n|move|p1a: Seviper|Brick Break|p2a: Zamazenta\n|-supereffective|p2a: Zamazenta\n|-damage|p2a: Zamazenta|72\/100\n|\n|-heal|p1a: Seviper|94\/100|[from] item: Black Sludge\n|-damage|p1a: Seviper|82\/100|[from] Leech Seed|[of] p2a: Zamazenta\n|-heal|p2a: Zamazenta|83\/100|[silent]\n|upkeep\n|turn|50\n|\n|t:|1698814901\n|move|p2a: Zamazenta|Iron Defense|p2a: Zamazenta\n|-boost|p2a: Zamazenta|def|1\n|move|p1a: Seviper|Swords Dance|p1a: Seviper\n|-boost|p1a: Seviper|atk|2\n|\n|-heal|p1a: Seviper|88\/100|[from] item: Black Sludge\n|-damage|p1a: Seviper|75\/100|[from] Leech Seed|[of] p2a: Zamazenta\n|-heal|p2a: Zamazenta|94\/100|[silent]\n|upkeep\n|turn|51\n|\n|t:|1698814910\n|move|p2a: Zamazenta|Body Press|p1a: Seviper\n|-resisted|p1a: Seviper\n|-damage|p1a: Seviper|0 fnt\n|faint|p1a: Seviper\n|\n|upkeep\n|\n|t:|1698814918\n|switch|p1a: Froslass|Froslass, F, shiny, tera:Ice|53\/100 par\n|turn|52\n|\n|t:|1698814923\n|move|p2a: Zamazenta|Body Press|p1a: Froslass\n|-supereffective|p1a: Froslass\n|-damage|p1a: Froslass|0 fnt\n|faint|p1a: Froslass\n|\n|upkeep\n|\n|t:|1698814930\n|switch|p1a: Florges|Florges-White, F, shiny|100\/100\n|turn|53\n|\n|t:|1698814936\n|move|p2a: Zamazenta|Body Press|p1a: Florges\n|-resisted|p1a: Florges\n|-enditem|p1a: Florges|Focus Sash\n|-damage|p1a: Florges|1\/100\n|move|p1a: Florges|Moonblast|p2a: Zamazenta\n|-damage|p2a: Zamazenta|68\/100\n|\n|upkeep\n|turn|54\n|\n|t:|1698814944\n|move|p2a: Zamazenta|Body Press|p1a: Florges\n|-resisted|p1a: Florges\n|-damage|p1a: Florges|0 fnt\n|faint|p1a: Florges\n|\n|upkeep\n|\n|t:|1698814950\n|switch|p1a: Tsareena|Tsareena, F|100\/100\n|turn|55\n|\n|t:|1698814955\n|move|p2a: Zamazenta|Body Press|p1a: Tsareena\n|-damage|p1a: Tsareena|0 fnt\n|faint|p1a: Tsareena\n|\n|upkeep\n|\n|t:|1698814960\n|switch|p1a: Cresselia|Cresselia, F|81\/100 par\n|turn|56\n|\n|t:|1698814963\n|move|p2a: Zamazenta|Body Press|p1a: Cresselia\n|-resisted|p1a: Cresselia\n|-damage|p1a: Cresselia|31\/100 par\n|move|p1a: Cresselia|Calm Mind|p1a: Cresselia\n|-boost|p1a: Cresselia|spa|1\n|-boost|p1a: Cresselia|spd|1\n|\n|-heal|p1a: Cresselia|38\/100 par|[from] item: Leftovers\n|upkeep\n|turn|57\n|\n|t:|1698814971\n|move|p2a: Zamazenta|Body Press|p1a: Cresselia\n|-resisted|p1a: Cresselia\n|-damage|p1a: Cresselia|0 fnt\n|faint|p1a: Cresselia\n|\n|upkeep\n|\n|t:|1698814975\n|switch|p1a: Oricorio|Oricorio, F|54\/100 par\n|turn|58\n|\n|t:|1698814978\n|move|p2a: Zamazenta|Body Press|p1a: Oricorio\n|-resisted|p1a: Oricorio\n|-damage|p1a: Oricorio|0 fnt\n|faint|p1a: Oricorio\n|\n|win|fletchermed\n|raw|PrismPalette's rating: 1098 &rarr; <strong>1083<\/strong><br \/>(-15 for losing)\n|raw|fletchermed's rating: 1236 &rarr; <strong>1252<\/strong><br \/>(+16 for winning)\n","uploadtime":1698814981,"views":10,"p1id":"prismpalette","p2id":"fletchermed","formatid":"gen9anythinggoes","rating":1083,"private":0,"password":""}