{"id":"gen9anythinggoes-1971505056","p1":"imjustliketrubish","p2":"Dumbfudge","format":"[Gen 9] Anything Goes","log":"|j|\u2606imjustliketrubish\n|j|\u2606Dumbfudge\n|t:|1697743784\n|gametype|singles\n|player|p1|imjustliketrubish|pokemaniac|1072\n|player|p2|Dumbfudge|blackbelt-gen4dp|1172\n|teamsize|p1|6\n|teamsize|p2|6\n|gen|9\n|tier|[Gen 9] Anything Goes\n|rated|\n|rule|HP Percentage Mod: HP is shown in percentages\n|rule|Endless Battle Clause: Forcing endless battles is banned\n|clearpoke\n|poke|p1|Slowbro-Galar, F|\n|poke|p1|Tinkaton, F|\n|poke|p1|Bronzong|\n|poke|p1|Clodsire, F|\n|poke|p1|Snorlax, F|\n|poke|p1|Slowking-Galar, M|\n|poke|p2|Espathra, M|\n|poke|p2|Darkrai|\n|poke|p2|Breloom, F|\n|poke|p2|Tyranitar, M|\n|poke|p2|Calyrex-Shadow|\n|poke|p2|Delphox, F|\n|teampreview\n|\n|t:|1697743788\n|start\n|switch|p1a: The Bell|Bronzong, shiny|100\/100\n|switch|p2a: Espathra|Espathra, M|100\/100\n|turn|1\n|\n|t:|1697743796\n|move|p2a: Espathra|Hypnosis|p1a: The Bell|[miss]\n|-miss|p2a: Espathra|p1a: The Bell\n|move|p1a: The Bell|Stealth Rock|p2a: Espathra\n|-sidestart|p2: Dumbfudge|move: Stealth Rock\n|\n|-ability|p2a: Espathra|Speed Boost|boost\n|-boost|p2a: Espathra|spe|1\n|upkeep\n|turn|2\n|\n|t:|1697743804\n|move|p2a: Espathra|Hypnosis|p1a: The Bell|[miss]\n|-miss|p2a: Espathra|p1a: The Bell\n|move|p1a: The Bell|Trick Room|p1a: The Bell\n|-fieldstart|move: Trick Room|[of] p1a: The Bell\n|\n|-ability|p2a: Espathra|Speed Boost|boost\n|-boost|p2a: Espathra|spe|1\n|upkeep\n|turn|3\n|\n|t:|1697743813\n|move|p1a: The Bell|Shadow Ball|p2a: Espathra\n|-supereffective|p2a: Espathra\n|-damage|p2a: Espathra|59\/100\n|move|p2a: Espathra|Baton Pass|p2a: Espathra\n|\n|t:|1697743820\n|switch|p2a: Breloom|Breloom, F|100\/100|[from] Baton Pass\n|\n|upkeep\n|turn|4\n|\n|t:|1697743833\n|move|p1a: The Bell|Stealth Rock||[still]\n|-fail|p1a: The Bell\n|move|p2a: Breloom|Spore|p1a: The Bell\n|-status|p1a: The Bell|slp|[from] move: Spore\n|\n|upkeep\n|turn|5\n|\n|t:|1697743847\n|switch|p1a: :)|Clodsire, F, shiny|100\/100\n|move|p2a: Breloom|Substitute|p2a: Breloom\n|-start|p2a: Breloom|Substitute\n|-damage|p2a: Breloom|75\/100\n|\n|upkeep\n|turn|6\n|\n|t:|1697743854\n|move|p1a: :)|Poison Jab|p2a: Breloom\n|-supereffective|p2a: Breloom\n|-end|p2a: Breloom|Substitute\n|move|p2a: Breloom|Spore|p1a: :)\n|-status|p1a: :)|slp|[from] move: Spore\n|\n|-fieldend|move: Trick Room\n|upkeep\n|turn|7\n|\n|t:|1697743863\n|move|p2a: Breloom|Substitute|p2a: Breloom\n|-start|p2a: Breloom|Substitute\n|-damage|p2a: Breloom|50\/100\n|cant|p1a: :)|slp\n|\n|upkeep\n|turn|8\n|\n|t:|1697743868\n|move|p2a: Breloom|Leech Seed|p1a: :)\n|-start|p1a: :)|move: Leech Seed\n|-curestatus|p1a: :)|slp|[msg]\n|move|p1a: :)|Poison Jab|p2a: Breloom\n|-supereffective|p2a: Breloom\n|-crit|p2a: Breloom\n|-end|p2a: Breloom|Substitute\n|\n|-damage|p1a: :)|88\/100|[from] Leech Seed|[of] p2a: Breloom\n|-heal|p2a: Breloom|68\/100|[silent]\n|upkeep\n|turn|9\n|\n|t:|1697743879\n|move|p2a: Breloom|Spore|p1a: :)\n|-status|p1a: :)|slp|[from] move: Spore\n|cant|p1a: :)|slp\n|\n|-heal|p1a: :)|94\/100 slp|[from] item: Black Sludge\n|-damage|p1a: :)|82\/100 slp|[from] Leech Seed|[of] p2a: Breloom\n|-heal|p2a: Breloom|86\/100|[silent]\n|upkeep\n|turn|10\n|\n|t:|1697743892\n|switch|p1a: GUN|Slowbro-Galar, F|100\/100\n|move|p2a: Breloom|Substitute|p2a: Breloom\n|-start|p2a: Breloom|Substitute\n|-damage|p2a: Breloom|61\/100\n|\n|upkeep\n|turn|11\n|-activate|p1a: GUN|item: Quick Claw\n|\n|t:|1697743898\n|move|p2a: Breloom|Spore|p1a: GUN\n|-status|p1a: GUN|slp|[from] move: Spore\n|cant|p1a: GUN|slp\n|\n|upkeep\n|turn|12\n|\n|t:|1697743907\n|move|p2a: Breloom|Leech Seed|p1a: GUN\n|-start|p1a: GUN|move: Leech Seed\n|-curestatus|p1a: GUN|slp|[msg]\n|move|p1a: GUN|Trick Room|p1a: GUN\n|-fieldstart|move: Trick Room|[of] p1a: GUN\n|\n|-damage|p1a: GUN|88\/100|[from] Leech Seed|[of] p2a: Breloom\n|-heal|p2a: Breloom|76\/100|[silent]\n|upkeep\n|turn|13\n|\n|t:|1697743920\n|switch|p1a: fat|Snorlax, F|100\/100\n|move|p2a: Breloom|Drain Punch|p1a: fat\n|-supereffective|p1a: fat\n|-damage|p1a: fat|60\/100\n|-heal|p2a: Breloom|100\/100|[from] drain|[of] p1a: fat\n|\n|-heal|p1a: fat|67\/100|[from] item: Leftovers\n|upkeep\n|turn|14\n|\n|t:|1697743930\n|move|p1a: fat|Body Press|p2a: Breloom\n|-activate|p2a: Breloom|move: Substitute|[damage]\n|move|p2a: Breloom|Spore|p1a: fat\n|-status|p1a: fat|slp|[from] move: Spore\n|\n|-heal|p1a: fat|73\/100 slp|[from] item: Leftovers\n|upkeep\n|turn|15\n|\n|t:|1697743942\n|switch|p1a: king|Slowking-Galar, M, shiny|100\/100\n|move|p2a: Breloom|Drain Punch|p1a: king\n|-resisted|p1a: king\n|-damage|p1a: king|92\/100\n|\n|-heal|p1a: king|98\/100|[from] item: Black Sludge\n|upkeep\n|turn|16\n|\n|t:|1697743956\n|move|p1a: king|Eerie Spell|p2a: Breloom\n|-supereffective|p2a: Breloom\n|-damage|p2a: Breloom|0 fnt\n|faint|p2a: Breloom\n|\n|-heal|p1a: king|100\/100|[from] item: Black Sludge\n|-fieldend|move: Trick Room\n|upkeep\n|\n|t:|1697743963\n|switch|p2a: Calyrex|Calyrex-Shadow|100\/100\n|-ability|p2a: Calyrex|As One\n|-ability|p2a: Calyrex|Unnerve\n|-damage|p2a: Calyrex|88\/100|[from] Stealth Rock\n|turn|17\n|\n|t:|1697743971\n|move|p2a: Calyrex|Astral Barrage|p1a: king\n|-supereffective|p1a: king\n|-damage|p1a: king|0 fnt\n|faint|p1a: king\n|-ability|p2a: Calyrex|Grim Neigh|boost\n|-boost|p2a: Calyrex|spa|1\n|\n|upkeep\n|\n|t:|1697743980\n|switch|p1a: fat|Snorlax, F|73\/100 slp\n|turn|18\n|\n|t:|1697743983\n|move|p2a: Calyrex|Astral Barrage|p1a: fat\n|-immune|p1a: fat\n|cant|p1a: fat|slp\n|\n|-heal|p1a: fat|79\/100 slp|[from] item: Leftovers\n|upkeep\n|turn|19\n|\n|t:|1697743993\n|move|p2a: Calyrex|Baton Pass|p2a: Calyrex\n|\n|t:|1697743996\n|switch|p2a: Tyranitar|Tyranitar, M|100\/100|[from] Baton Pass\n|-damage|p2a: Tyranitar|88\/100|[from] Stealth Rock\n|-weather|Sandstorm|[from] ability: Sand Stream|[of] p2a: Tyranitar\n|-curestatus|p1a: fat|slp|[msg]\n|move|p1a: fat|Yawn|p2a: Tyranitar\n|-start|p2a: Tyranitar|move: Yawn|[of] p1a: fat\n|\n|-weather|Sandstorm|[upkeep]\n|-damage|p1a: fat|73\/100|[from] Sandstorm\n|-heal|p1a: fat|79\/100|[from] item: Leftovers\n|upkeep\n|turn|20\n|\n|t:|1697744011\n|move|p2a: Tyranitar|Earthquake|p1a: fat\n|-damage|p1a: fat|58\/100\n|move|p1a: fat|Curse|p1a: fat\n|-unboost|p1a: fat|spe|1\n|-boost|p1a: fat|atk|1\n|-boost|p1a: fat|def|1\n|\n|-weather|Sandstorm|[upkeep]\n|-damage|p1a: fat|51\/100|[from] Sandstorm\n|-heal|p1a: fat|58\/100|[from] item: Leftovers\n|-end|p2a: Tyranitar|move: Yawn|[silent]\n|-status|p2a: Tyranitar|slp\n|upkeep\n|turn|21\n|\n|t:|1697744030\n|switch|p2a: Calyrex|Calyrex-Shadow|88\/100\n|-ability|p2a: Calyrex|As One\n|-ability|p2a: Calyrex|Unnerve\n|-damage|p2a: Calyrex|76\/100|[from] Stealth Rock\n|move|p1a: fat|Curse|p1a: fat\n|-unboost|p1a: fat|spe|1\n|-boost|p1a: fat|atk|1\n|-boost|p1a: fat|def|1\n|\n|-weather|Sandstorm|[upkeep]\n|-damage|p2a: Calyrex|70\/100|[from] Sandstorm\n|-damage|p1a: fat|51\/100|[from] Sandstorm\n|-heal|p1a: fat|58\/100|[from] item: Leftovers\n|upkeep\n|turn|22\n|\n|t:|1697744045\n|move|p2a: Calyrex|Haze|p2a: Calyrex\n|-clearallboost\n|move|p1a: fat|Crunch|p2a: Calyrex\n|-supereffective|p2a: Calyrex\n|-damage|p2a: Calyrex|0 fnt\n|faint|p2a: Calyrex\n|\n|-weather|Sandstorm|[upkeep]\n|-damage|p1a: fat|51\/100|[from] Sandstorm\n|-heal|p1a: fat|58\/100|[from] item: Leftovers\n|upkeep\n|\n|t:|1697744057\n|switch|p2a: DarkraiEV|Darkrai|100\/100\n|-damage|p2a: DarkraiEV|88\/100|[from] Stealth Rock\n|turn|23\n|\n|t:|1697744062\n|move|p2a: DarkraiEV|Hypnosis|p1a: fat\n|-status|p1a: fat|slp|[from] move: Hypnosis\n|cant|p1a: fat|slp\n|\n|-weather|none\n|-heal|p1a: fat|64\/100 slp|[from] item: Leftovers\n|-damage|p1a: fat|51\/100 slp|[from] ability: Bad Dreams|[of] p2a: DarkraiEV\n|upkeep\n|turn|24\n|\n|t:|1697744071\n|move|p2a: DarkraiEV|Dream Eater|p1a: fat\n|-damage|p1a: fat|33\/100 slp\n|-heal|p2a: DarkraiEV|100\/100|[from] drain|[of] p1a: fat\n|cant|p1a: fat|slp\n|\n|-heal|p1a: fat|39\/100 slp|[from] item: Leftovers\n|-damage|p1a: fat|27\/100 slp|[from] ability: Bad Dreams|[of] p2a: DarkraiEV\n|upkeep\n|turn|25\n|\n|t:|1697744081\n|move|p2a: DarkraiEV|Dream Eater|p1a: fat\n|-damage|p1a: fat|11\/100 slp\n|cant|p1a: fat|slp\n|\n|-heal|p1a: fat|17\/100 slp|[from] item: Leftovers\n|-damage|p1a: fat|4\/100 slp|[from] ability: Bad Dreams|[of] p2a: DarkraiEV\n|upkeep\n|turn|26\n|\n|t:|1697744097\n|switch|p1a: bonk|Tinkaton, F, shiny|100\/100\n|-ability|p1a: bonk|Mold Breaker\n|move|p2a: DarkraiEV|Dream Eater|p1a: bonk\n|-immune|p1a: bonk\n|\n|upkeep\n|turn|27\n|\n|t:|1697744105\n|move|p1a: bonk|Fake Out|p2a: DarkraiEV\n|-damage|p2a: DarkraiEV|89\/100\n|cant|p2a: DarkraiEV|flinch\n|\n|upkeep\n|turn|28\n|\n|t:|1697744111\n|move|p2a: DarkraiEV|Hypnosis|p1a: bonk|[miss]\n|-miss|p2a: DarkraiEV|p1a: bonk\n|move|p1a: bonk|Thunder Wave|p2a: DarkraiEV\n|-status|p2a: DarkraiEV|par\n|\n|upkeep\n|turn|29\n|\n|t:|1697744119\n|move|p1a: bonk|Draining Kiss|p2a: DarkraiEV\n|-supereffective|p2a: DarkraiEV\n|-damage|p2a: DarkraiEV|62\/100 par\n|move|p2a: DarkraiEV|Hypnosis|p1a: bonk\n|-status|p1a: bonk|slp|[from] move: Hypnosis\n|\n|-damage|p1a: bonk|88\/100 slp|[from] ability: Bad Dreams|[of] p2a: DarkraiEV\n|upkeep\n|turn|30\n|\n|t:|1697744130\n|switch|p1a: The Bell|Bronzong, shiny|100\/100 slp\n|move|p2a: DarkraiEV|Substitute|p2a: DarkraiEV\n|-start|p2a: DarkraiEV|Substitute\n|-damage|p2a: DarkraiEV|37\/100 par\n|\n|-damage|p1a: The Bell|88\/100 slp|[from] ability: Bad Dreams|[of] p2a: DarkraiEV\n|upkeep\n|turn|31\n|\n|t:|1697744138\n|move|p2a: DarkraiEV|Dream Eater|p1a: The Bell\n|-resisted|p1a: The Bell\n|-damage|p1a: The Bell|83\/100 slp\n|-heal|p2a: DarkraiEV|39\/100 par|[from] drain|[of] p1a: The Bell\n|cant|p1a: The Bell|slp\n|\n|-damage|p1a: The Bell|71\/100 slp|[from] ability: Bad Dreams|[of] p2a: DarkraiEV\n|upkeep\n|turn|32\n|\n|t:|1697744148\n|move|p2a: DarkraiEV|Double Team|p2a: DarkraiEV\n|-boost|p2a: DarkraiEV|evasion|1\n|cant|p1a: The Bell|slp\n|\n|-damage|p1a: The Bell|59\/100 slp|[from] ability: Bad Dreams|[of] p2a: DarkraiEV\n|upkeep\n|turn|33\n|\n|t:|1697744167\n|cant|p2a: DarkraiEV|par\n|cant|p1a: The Bell|slp\n|\n|-damage|p1a: The Bell|47\/100 slp|[from] ability: Bad Dreams|[of] p2a: DarkraiEV\n|upkeep\n|turn|34\n|\n|t:|1697744175\n|move|p2a: DarkraiEV|Double Team|p2a: DarkraiEV\n|-boost|p2a: DarkraiEV|evasion|1\n|-curestatus|p1a: The Bell|slp|[msg]\n|move|p1a: The Bell|Trick Room|p1a: The Bell\n|-fieldstart|move: Trick Room|[of] p1a: The Bell\n|\n|upkeep\n|turn|35\n|\n|t:|1697744183\n|move|p1a: The Bell|Earthquake|p2a: DarkraiEV|[miss]\n|-miss|p1a: The Bell|p2a: DarkraiEV\n|move|p2a: DarkraiEV|Hypnosis|p1a: The Bell\n|-status|p1a: The Bell|slp|[from] move: Hypnosis\n|\n|-damage|p1a: The Bell|34\/100 slp|[from] ability: Bad Dreams|[of] p2a: DarkraiEV\n|upkeep\n|turn|36\n|\n|t:|1697744200\n|switch|p1a: GUN|Slowbro-Galar, F|88\/100\n|move|p2a: DarkraiEV|Double Team|p2a: DarkraiEV\n|-boost|p2a: DarkraiEV|evasion|1\n|\n|upkeep\n|turn|37\n|\n|t:|1697744207\n|move|p1a: GUN|Hydro Pump|p2a: DarkraiEV\n|-end|p2a: DarkraiEV|Substitute\n|move|p2a: DarkraiEV|Hypnosis|p1a: GUN\n|-status|p1a: GUN|slp|[from] move: Hypnosis\n|\n|-damage|p1a: GUN|75\/100 slp|[from] ability: Bad Dreams|[of] p2a: DarkraiEV\n|upkeep\n|turn|38\n|-activate|p1a: GUN|ability: Quick Draw\n|\n|t:|1697744217\n|cant|p1a: GUN|slp\n|cant|p2a: DarkraiEV|par\n|\n|-fieldend|move: Trick Room\n|-damage|p1a: GUN|63\/100 slp|[from] ability: Bad Dreams|[of] p2a: DarkraiEV\n|upkeep\n|turn|39\n|\n|t:|1697744228\n|move|p2a: DarkraiEV|Substitute|p2a: DarkraiEV\n|-start|p2a: DarkraiEV|Substitute\n|-damage|p2a: DarkraiEV|14\/100 par\n|-curestatus|p1a: GUN|slp|[msg]\n|move|p1a: GUN|Hydro Pump|p2a: DarkraiEV\n|-end|p2a: DarkraiEV|Substitute\n|\n|upkeep\n|turn|40\n|-activate|p1a: GUN|ability: Quick Draw\n|\n|t:|1697744235\n|move|p1a: GUN|Hydro Pump|p2a: DarkraiEV\n|-damage|p2a: DarkraiEV|0 fnt\n|faint|p2a: DarkraiEV\n|\n|upkeep\n|\n|t:|1697744244\n|switch|p2a: Espathra|Espathra, M|59\/100\n|-damage|p2a: Espathra|46\/100|[from] Stealth Rock\n|turn|41\n|\n|t:|1697744249\n|move|p2a: Espathra|Hypnosis|p1a: GUN\n|-status|p1a: GUN|slp|[from] move: Hypnosis\n|cant|p1a: GUN|slp\n|\n|-ability|p2a: Espathra|Speed Boost|boost\n|-boost|p2a: Espathra|spe|1\n|upkeep\n|turn|42\n|\n|t:|1697744259\n|move|p2a: Espathra|Substitute|p2a: Espathra\n|-start|p2a: Espathra|Substitute\n|-damage|p2a: Espathra|22\/100\n|-curestatus|p1a: GUN|slp|[msg]\n|move|p1a: GUN|Yawn||[still]\n|-fail|p1a: GUN\n|\n|-ability|p2a: Espathra|Speed Boost|boost\n|-boost|p2a: Espathra|spe|1\n|upkeep\n|turn|43\n|\n|t:|1697744269\n|move|p2a: Espathra|Hypnosis|p1a: GUN\n|-status|p1a: GUN|slp|[from] move: Hypnosis\n|cant|p1a: GUN|slp\n|\n|-ability|p2a: Espathra|Speed Boost|boost\n|-boost|p2a: Espathra|spe|1\n|upkeep\n|turn|44\n|-activate|p1a: GUN|item: Quick Claw\n|\n|t:|1697744277\n|move|p2a: Espathra|Calm Mind|p2a: Espathra\n|-boost|p2a: Espathra|spa|1\n|-boost|p2a: Espathra|spd|1\n|cant|p1a: GUN|slp\n|\n|-ability|p2a: Espathra|Speed Boost|boost\n|-boost|p2a: Espathra|spe|1\n|upkeep\n|turn|45\n|\n|t:|1697744287\n|move|p2a: Espathra|Substitute|p2a: Espathra\n|-fail|p2a: Espathra|move: Substitute\n|cant|p1a: GUN|slp\n|\n|-ability|p2a: Espathra|Speed Boost|boost\n|-boost|p2a: Espathra|spe|1\n|upkeep\n|turn|46\n|\n|t:|1697744295\n|move|p2a: Espathra|Baton Pass|p2a: Espathra\n|\n|t:|1697744297\n|switch|p2a: Delphox|Delphox, F|100\/100|[from] Baton Pass\n|-damage|p2a: Delphox|76\/100|[from] Stealth Rock\n|-curestatus|p1a: GUN|slp|[msg]\n|move|p1a: GUN|Trick Room|p1a: GUN\n|-fieldstart|move: Trick Room|[of] p1a: GUN\n|\n|upkeep\n|turn|47\n|\n|t:|1697744308\n|-terastallize|p1a: GUN|Water\n|move|p1a: GUN|Hydro Pump|p2a: Delphox|[miss]\n|-miss|p1a: GUN|p2a: Delphox\n|move|p2a: Delphox|Flamethrower|p1a: GUN\n|-resisted|p1a: GUN\n|-damage|p1a: GUN|33\/100\n|\n|upkeep\n|turn|48\n|-activate|p1a: GUN|ability: Quick Draw\n|\n|t:|1697744317\n|move|p1a: GUN|Hydro Pump|p2a: Delphox\n|-supereffective|p2a: Delphox\n|-end|p2a: Delphox|Substitute\n|move|p2a: Delphox|Flamethrower|p1a: GUN\n|-resisted|p1a: GUN\n|-damage|p1a: GUN|6\/100\n|\n|upkeep\n|turn|49\n|\n|t:|1697744327\n|move|p1a: GUN|Hydro Pump|p2a: Delphox\n|-supereffective|p2a: Delphox\n|-damage|p2a: Delphox|9\/100\n|move|p2a: Delphox|Flamethrower|p1a: GUN\n|-resisted|p1a: GUN\n|-damage|p1a: GUN|0 fnt\n|faint|p1a: GUN\n|\n|upkeep\n|\n|t:|1697744347\n|switch|p1a: :)|Clodsire, F, shiny|82\/100 slp\n|turn|50\n|\n|t:|1697744352\n|-curestatus|p1a: :)|slp|[msg]\n|move|p1a: :)|Earthquake|p2a: Delphox\n|-supereffective|p2a: Delphox\n|-damage|p2a: Delphox|0 fnt\n|faint|p2a: Delphox\n|\n|-heal|p1a: :)|88\/100|[from] item: Black Sludge\n|-fieldend|move: Trick Room\n|upkeep\n|\n|t:|1697744361\n|switch|p2a: Tyranitar|Tyranitar, M|88\/100 slp\n|-damage|p2a: Tyranitar|76\/100 slp|[from] Stealth Rock\n|-weather|Sandstorm|[from] ability: Sand Stream|[of] p2a: Tyranitar\n|turn|51\n|\n|t:|1697744367\n|cant|p2a: Tyranitar|slp\n|move|p1a: :)|Toxic Spikes|p2a: Tyranitar\n|-sidestart|p2: Dumbfudge|move: Toxic Spikes\n|\n|-weather|Sandstorm|[upkeep]\n|-heal|p1a: :)|94\/100|[from] item: Black Sludge\n|upkeep\n|turn|52\n|\n|t:|1697744374\n|-curestatus|p2a: Tyranitar|slp|[msg]\n|move|p2a: Tyranitar|Earthquake|p1a: :)\n|-supereffective|p1a: :)\n|-damage|p1a: :)|36\/100\n|move|p1a: :)|Toxic Spikes|p2a: Tyranitar\n|-sidestart|p2: Dumbfudge|move: Toxic Spikes\n|\n|-weather|Sandstorm|[upkeep]\n|-heal|p1a: :)|42\/100|[from] item: Black Sludge\n|upkeep\n|turn|53\n|\n|t:|1697744384\n|move|p2a: Tyranitar|Earthquake|p1a: :)\n|-supereffective|p1a: :)\n|-damage|p1a: :)|0 fnt\n|faint|p1a: :)\n|\n|-weather|Sandstorm|[upkeep]\n|upkeep\n|\n|t:|1697744391\n|switch|p1a: The Bell|Bronzong, shiny|34\/100 slp\n|turn|54\n|\n|t:|1697744394\n|move|p2a: Tyranitar|Earthquake|p1a: The Bell\n|-immune|p1a: The Bell|[from] ability: Levitate\n|cant|p1a: The Bell|slp\n|\n|-weather|Sandstorm|[upkeep]\n|upkeep\n|turn|55\n|\n|t:|1697744402\n|move|p2a: Tyranitar|Crunch|p1a: The Bell\n|-supereffective|p1a: The Bell\n|-damage|p1a: The Bell|0 fnt\n|faint|p1a: The Bell\n|\n|-weather|none\n|upkeep\n|\n|t:|1697744411\n|switch|p1a: bonk|Tinkaton, F, shiny|88\/100 slp\n|-ability|p1a: bonk|Mold Breaker\n|turn|56\n|\n|t:|1697744417\n|cant|p1a: bonk|slp\n|move|p2a: Tyranitar|Crunch|p1a: bonk\n|-resisted|p1a: bonk\n|-damage|p1a: bonk|64\/100 slp\n|\n|upkeep\n|turn|57\n|\n|t:|1697744423\n|cant|p1a: bonk|slp\n|move|p2a: Tyranitar|Earthquake|p1a: bonk\n|-supereffective|p1a: bonk\n|-damage|p1a: bonk|0 fnt\n|faint|p1a: bonk\n|\n|upkeep\n|\n|t:|1697744431\n|switch|p1a: fat|Snorlax, F|4\/100 slp\n|turn|58\n|\n|t:|1697744438\n|move|p2a: Tyranitar|Earthquake|p1a: fat\n|-damage|p1a: fat|0 fnt\n|faint|p1a: fat\n|\n|win|Dumbfudge\n|raw|imjustliketrubish's rating: 1072 &rarr; <strong>1057<\/strong><br \/>(-15 for losing)\n|raw|Dumbfudge's rating: 1172 &rarr; <strong>1190<\/strong><br \/>(+18 for winning)\n|l|\u2606imjustliketrubish\n","uploadtime":1697744461,"views":12,"p1id":"imjustliketrubish","p2id":"dumbfudge","formatid":"gen9anythinggoes","rating":1057,"private":0,"password":""}