{"id":"gen9anythinggoes-2000572015","p1":"HansWolp","p2":"Squidka1","format":"[Gen 9] Anything Goes","log":"|j|\u2606HansWolp\n|j|\u2606Squidka1\n|t:|1701206478\n|gametype|singles\n|player|p1|HansWolp|blackbelt-gen4dp|1201\n|player|p2|Squidka1|dawn|1330\n|teamsize|p1|6\n|teamsize|p2|6\n|gen|9\n|tier|[Gen 9] Anything Goes\n|rated|\n|rule|HP Percentage Mod: HP is shown in percentages\n|rule|Endless Battle Clause: Forcing endless battles is banned\n|clearpoke\n|poke|p1|Snorlax, F|\n|poke|p1|Volcarona, F|\n|poke|p1|Toxapex, M|\n|poke|p1|Zacian-*|\n|poke|p1|Garganacl, F|\n|poke|p1|Garchomp, M|\n|poke|p2|Dragonite, F|\n|poke|p2|Dragonite, F|\n|poke|p2|Dragonite, M|\n|poke|p2|Dragonite, F|\n|poke|p2|Dragonite, F|\n|poke|p2|Dragonite, F|\n|teampreview\n|inactive|Battle timer is ON: inactive players will automatically lose when time's up. (requested by Squidka1)\n|\n|t:|1701206491\n|start\n|switch|p1a: Zacian|Zacian-Crowned|100\/100\n|switch|p2a: Dragonite|Dragonite, F|100\/100\n|-ability|p1a: Zacian|Intrepid Sword|boost\n|-boost|p1a: Zacian|atk|1\n|turn|1\n|\n|t:|1701206501\n|move|p1a: Zacian|Behemoth Blade|p2a: Dragonite\n|-damage|p2a: Dragonite|60\/100\n|-enditem|p2a: Dragonite|Red Card|[of] p1a: Zacian\n|drag|p1a: Toxapex|Toxapex, M|100\/100\n|move|p2a: Dragonite|Roar|p1a: Toxapex\n|drag|p1a: Zacian|Zacian-Crowned|100\/100\n|\n|upkeep\n|turn|2\n|\n|t:|1701206520\n|move|p1a: Zacian|Play Rough|p2a: Dragonite\n|-supereffective|p2a: Dragonite\n|-damage|p2a: Dragonite|0 fnt\n|faint|p2a: Dragonite\n|\n|upkeep\n|\n|t:|1701206534\n|switch|p2a: Dragonite|Dragonite, F|100\/100\n|turn|3\n|\n|t:|1701206538\n|move|p1a: Zacian|Play Rough|p2a: Dragonite\n|-supereffective|p2a: Dragonite\n|-damage|p2a: Dragonite|9\/100\n|-damage|p1a: Zacian|84\/100|[from] item: Rocky Helmet|[of] p2a: Dragonite\n|move|p2a: Dragonite|Thunder Wave|p1a: Zacian\n|-status|p1a: Zacian|par\n|\n|upkeep\n|turn|4\n|\n|t:|1701206547\n|move|p1a: Zacian|Behemoth Blade|p2a: Dragonite\n|-damage|p2a: Dragonite|0 fnt\n|-damage|p1a: Zacian|67\/100 par|[from] item: Rocky Helmet|[of] p2a: Dragonite\n|faint|p2a: Dragonite\n|\n|upkeep\n|\n|t:|1701206557\n|switch|p2a: Dragonite|Dragonite, F|100\/100\n|turn|5\n|\n|t:|1701206564\n|-terastallize|p1a: Zacian|Fairy\n|move|p2a: Dragonite|Dragon Dance|p2a: Dragonite\n|-boost|p2a: Dragonite|atk|1\n|-boost|p2a: Dragonite|spe|1\n|move|p1a: Zacian|Play Rough|p2a: Dragonite\n|-supereffective|p2a: Dragonite\n|-damage|p2a: Dragonite|27\/100\n|-enditem|p2a: Dragonite|Weakness Policy\n|-boost|p2a: Dragonite|atk|2|[from] item: Weakness Policy\n|-boost|p2a: Dragonite|spa|2|[from] item: Weakness Policy\n|\n|upkeep\n|turn|6\n|\n|t:|1701206575\n|move|p2a: Dragonite|Iron Head|p1a: Zacian\n|-supereffective|p1a: Zacian\n|-damage|p1a: Zacian|0 fnt\n|faint|p1a: Zacian\n|\n|upkeep\n|\n|t:|1701206581\n|switch|p1a: Toxapex|Toxapex, M|100\/100\n|turn|7\n|\n|t:|1701206587\n|move|p1a: Toxapex|Baneful Bunker|p1a: Toxapex\n|-singleturn|p1a: Toxapex|move: Protect\n|move|p2a: Dragonite|Iron Head|p1a: Toxapex\n|-activate|p1a: Toxapex|move: Protect\n|-status|p2a: Dragonite|psn\n|\n|-damage|p2a: Dragonite|15\/100 psn|[from] psn\n|upkeep\n|turn|8\n|\n|t:|1701206599\n|move|p2a: Dragonite|Iron Head|p1a: Toxapex\n|-resisted|p1a: Toxapex\n|-damage|p1a: Toxapex|70\/100\n|move|p1a: Toxapex|Haze|p1a: Toxapex\n|-clearallboost\n|\n|-heal|p1a: Toxapex|76\/100|[from] item: Black Sludge\n|-damage|p2a: Dragonite|3\/100 psn|[from] psn\n|upkeep\n|turn|9\n|\n|t:|1701206609\n|move|p1a: Toxapex|Baneful Bunker|p1a: Toxapex\n|-singleturn|p1a: Toxapex|move: Protect\n|move|p2a: Dragonite|Extreme Speed|p1a: Toxapex\n|-activate|p1a: Toxapex|move: Protect\n|\n|-heal|p1a: Toxapex|83\/100|[from] item: Black Sludge\n|-damage|p2a: Dragonite|0 fnt|[from] psn\n|faint|p2a: Dragonite\n|upkeep\n|\n|t:|1701206615\n|switch|p2a: Dragonite|Dragonite, F|100\/100\n|turn|10\n|\n|t:|1701206623\n|move|p2a: Dragonite|Encore|p1a: Toxapex\n|-start|p1a: Toxapex|Encore\n|move|p1a: Toxapex|Baneful Bunker||[still]\n|-fail|p1a: Toxapex\n|\n|-heal|p1a: Toxapex|89\/100|[from] item: Black Sludge\n|upkeep\n|turn|11\n|\n|t:|1701206633\n|move|p1a: Toxapex|Baneful Bunker|p1a: Toxapex\n|-singleturn|p1a: Toxapex|move: Protect\n|move|p2a: Dragonite|Fire Spin|p1a: Toxapex\n|-activate|p1a: Toxapex|move: Protect\n|\n|-heal|p1a: Toxapex|95\/100|[from] item: Black Sludge\n|upkeep\n|turn|12\n|\n|t:|1701206643\n|move|p1a: Toxapex|Baneful Bunker||[still]\n|-fail|p1a: Toxapex\n|move|p2a: Dragonite|Thunder Wave|p1a: Toxapex\n|-status|p1a: Toxapex|par\n|\n|-heal|p1a: Toxapex|100\/100 par|[from] item: Black Sludge\n|-end|p1a: Toxapex|Encore\n|upkeep\n|turn|13\n|\n|t:|1701206653\n|move|p2a: Dragonite|Encore|p1a: Toxapex\n|-start|p1a: Toxapex|Encore\n|move|p1a: Toxapex|Baneful Bunker||[still]\n|-fail|p1a: Toxapex\n|\n|upkeep\n|turn|14\n|\n|t:|1701206660\n|cant|p1a: Toxapex|par\n|move|p2a: Dragonite|Fire Spin|p1a: Toxapex|[miss]\n|-miss|p2a: Dragonite|p1a: Toxapex\n|\n|upkeep\n|turn|15\n|\n|t:|1701206666\n|move|p1a: Toxapex|Baneful Bunker|p1a: Toxapex\n|-singleturn|p1a: Toxapex|move: Protect\n|move|p2a: Dragonite|Fire Spin|p1a: Toxapex\n|-activate|p1a: Toxapex|move: Protect\n|\n|-end|p1a: Toxapex|Encore\n|upkeep\n|turn|16\n|\n|t:|1701206675\n|move|p2a: Dragonite|Encore|p1a: Toxapex\n|-start|p1a: Toxapex|Encore\n|move|p1a: Toxapex|Baneful Bunker||[still]\n|-fail|p1a: Toxapex\n|\n|upkeep\n|turn|17\n|\n|t:|1701206682\n|move|p1a: Toxapex|Baneful Bunker|p1a: Toxapex\n|-singleturn|p1a: Toxapex|move: Protect\n|move|p2a: Dragonite|Fire Spin|p1a: Toxapex\n|-activate|p1a: Toxapex|move: Protect\n|\n|upkeep\n|turn|18\n|\n|t:|1701206689\n|cant|p1a: Toxapex|par\n|move|p2a: Dragonite|Fire Spin|p1a: Toxapex\n|-resisted|p1a: Toxapex\n|-damage|p1a: Toxapex|98\/100 par\n|-activate|p1a: Toxapex|move: Fire Spin|[of] p2a: Dragonite\n|\n|-heal|p1a: Toxapex|100\/100 par|[from] item: Black Sludge\n|-damage|p1a: Toxapex|88\/100 par|[from] move: Fire Spin|[partiallytrapped]\n|-end|p1a: Toxapex|Encore\n|upkeep\n|turn|19\n|\n|t:|1701206700\n|move|p2a: Dragonite|Encore|p1a: Toxapex\n|-start|p1a: Toxapex|Encore\n|move|p1a: Toxapex|Baneful Bunker||[still]\n|-fail|p1a: Toxapex\n|\n|-heal|p1a: Toxapex|94\/100 par|[from] item: Black Sludge\n|-damage|p1a: Toxapex|82\/100 par|[from] move: Fire Spin|[partiallytrapped]\n|upkeep\n|turn|20\n|\n|t:|1701206709\n|move|p1a: Toxapex|Baneful Bunker|p1a: Toxapex\n|-singleturn|p1a: Toxapex|move: Protect\n|move|p2a: Dragonite|Thunder Wave|p1a: Toxapex\n|-activate|p1a: Toxapex|move: Protect\n|\n|-heal|p1a: Toxapex|88\/100 par|[from] item: Black Sludge\n|-damage|p1a: Toxapex|75\/100 par|[from] move: Fire Spin|[partiallytrapped]\n|upkeep\n|turn|21\n|\n|t:|1701206720\n|move|p1a: Toxapex|Baneful Bunker||[still]\n|-fail|p1a: Toxapex\n|move|p2a: Dragonite|Thunder Wave|p1a: Toxapex\n|-fail|p1a: Toxapex|par\n|\n|-heal|p1a: Toxapex|82\/100 par|[from] item: Black Sludge\n|-damage|p1a: Toxapex|69\/100 par|[from] move: Fire Spin|[partiallytrapped]\n|-end|p1a: Toxapex|Encore\n|upkeep\n|turn|22\n|\n|t:|1701206740\n|move|p2a: Dragonite|Encore|p1a: Toxapex\n|-start|p1a: Toxapex|Encore\n|cant|p1a: Toxapex|par\n|\n|-heal|p1a: Toxapex|75\/100 par|[from] item: Black Sludge\n|-damage|p1a: Toxapex|63\/100 par|[from] move: Fire Spin|[partiallytrapped]\n|upkeep\n|turn|23\n|\n|t:|1701206749\n|move|p1a: Toxapex|Baneful Bunker|p1a: Toxapex\n|-singleturn|p1a: Toxapex|move: Protect\n|move|p2a: Dragonite|Thunder Wave|p1a: Toxapex\n|-activate|p1a: Toxapex|move: Protect\n|\n|-heal|p1a: Toxapex|69\/100 par|[from] item: Black Sludge\n|-end|p1a: Toxapex|Fire Spin|[partiallytrapped]\n|upkeep\n|turn|24\n|\n|t:|1701206759\n|move|p1a: Toxapex|Baneful Bunker|p1a: Toxapex\n|-singleturn|p1a: Toxapex|move: Protect\n|move|p2a: Dragonite|Fire Spin|p1a: Toxapex\n|-activate|p1a: Toxapex|move: Protect\n|\n|-heal|p1a: Toxapex|75\/100 par|[from] item: Black Sludge\n|-end|p1a: Toxapex|Encore\n|upkeep\n|turn|25\n|inactive|HansWolp has 120 seconds left.\n|\n|t:|1701206790\n|move|p2a: Dragonite|Fire Spin|p1a: Toxapex\n|-resisted|p1a: Toxapex\n|-damage|p1a: Toxapex|73\/100 par\n|-activate|p1a: Toxapex|move: Fire Spin|[of] p2a: Dragonite\n|move|p1a: Toxapex|Gunk Shot|p2a: Dragonite\n|-damage|p2a: Dragonite|88\/100\n|\n|-heal|p2a: Dragonite|94\/100|[from] item: Leftovers\n|-heal|p1a: Toxapex|79\/100 par|[from] item: Black Sludge\n|-damage|p1a: Toxapex|66\/100 par|[from] move: Fire Spin|[partiallytrapped]\n|upkeep\n|turn|26\n|inactive|HansWolp has 120 seconds left.\n|\n|t:|1701206810\n|move|p1a: Toxapex|Baneful Bunker|p1a: Toxapex\n|-singleturn|p1a: Toxapex|move: Protect\n|move|p2a: Dragonite|Thunder Wave|p1a: Toxapex\n|-activate|p1a: Toxapex|move: Protect\n|\n|-heal|p2a: Dragonite|100\/100|[from] item: Leftovers\n|-heal|p1a: Toxapex|73\/100 par|[from] item: Black Sludge\n|-damage|p1a: Toxapex|60\/100 par|[from] move: Fire Spin|[partiallytrapped]\n|upkeep\n|turn|27\n|\n|t:|1701206822\n|move|p2a: Dragonite|Thunder Wave|p1a: Toxapex\n|-fail|p1a: Toxapex|par\n|move|p1a: Toxapex|Gunk Shot|p2a: Dragonite\n|-damage|p2a: Dragonite|89\/100\n|-status|p2a: Dragonite|psn\n|\n|-heal|p2a: Dragonite|95\/100 psn|[from] item: Leftovers\n|-heal|p1a: Toxapex|66\/100 par|[from] item: Black Sludge\n|-damage|p2a: Dragonite|82\/100 psn|[from] psn\n|-damage|p1a: Toxapex|54\/100 par|[from] move: Fire Spin|[partiallytrapped]\n|upkeep\n|turn|28\n|\n|t:|1701206836\n|move|p1a: Toxapex|Baneful Bunker|p1a: Toxapex\n|-singleturn|p1a: Toxapex|move: Protect\n|move|p2a: Dragonite|Roost|p2a: Dragonite\n|-heal|p2a: Dragonite|100\/100 psn\n|-singleturn|p2a: Dragonite|move: Roost\n|\n|-heal|p1a: Toxapex|60\/100 par|[from] item: Black Sludge\n|-damage|p2a: Dragonite|88\/100 psn|[from] psn\n|-damage|p1a: Toxapex|48\/100 par|[from] move: Fire Spin|[partiallytrapped]\n|upkeep\n|turn|29\n|\n|t:|1701206849\n|move|p2a: Dragonite|Thunder Wave|p1a: Toxapex\n|-fail|p1a: Toxapex|par\n|move|p1a: Toxapex|Ice Beam|p2a: Dragonite\n|-supereffective|p2a: Dragonite\n|-crit|p2a: Dragonite\n|-damage|p2a: Dragonite|42\/100 psn\n|\n|-heal|p2a: Dragonite|49\/100 psn|[from] item: Leftovers\n|-heal|p1a: Toxapex|54\/100 par|[from] item: Black Sludge\n|-damage|p2a: Dragonite|36\/100 psn|[from] psn\n|-end|p1a: Toxapex|Fire Spin|[partiallytrapped]\n|upkeep\n|turn|30\n|\n|t:|1701206862\n|move|p2a: Dragonite|Roost|p2a: Dragonite\n|-heal|p2a: Dragonite|86\/100 psn\n|-singleturn|p2a: Dragonite|move: Roost\n|cant|p1a: Toxapex|par\n|\n|-heal|p2a: Dragonite|92\/100 psn|[from] item: Leftovers\n|-heal|p1a: Toxapex|60\/100 par|[from] item: Black Sludge\n|-damage|p2a: Dragonite|80\/100 psn|[from] psn\n|upkeep\n|turn|31\n|\n|t:|1701206873\n|move|p2a: Dragonite|Fire Spin|p1a: Toxapex\n|-resisted|p1a: Toxapex\n|-damage|p1a: Toxapex|57\/100 par\n|-activate|p1a: Toxapex|move: Fire Spin|[of] p2a: Dragonite\n|move|p1a: Toxapex|Ice Beam|p2a: Dragonite\n|-supereffective|p2a: Dragonite\n|-crit|p2a: Dragonite\n|-damage|p2a: Dragonite|32\/100 psn\n|\n|-heal|p2a: Dragonite|39\/100 psn|[from] item: Leftovers\n|-heal|p1a: Toxapex|64\/100 par|[from] item: Black Sludge\n|-damage|p2a: Dragonite|26\/100 psn|[from] psn\n|-damage|p1a: Toxapex|51\/100 par|[from] move: Fire Spin|[partiallytrapped]\n|upkeep\n|turn|32\n|\n|t:|1701206890\n|move|p2a: Dragonite|Roost|p2a: Dragonite\n|-heal|p2a: Dragonite|76\/100 psn\n|-singleturn|p2a: Dragonite|move: Roost\n|move|p1a: Toxapex|Ice Beam|p2a: Dragonite\n|-supereffective|p2a: Dragonite\n|-crit|p2a: Dragonite\n|-damage|p2a: Dragonite|53\/100 psn\n|\n|-heal|p2a: Dragonite|60\/100 psn|[from] item: Leftovers\n|-heal|p1a: Toxapex|57\/100 par|[from] item: Black Sludge\n|-damage|p2a: Dragonite|47\/100 psn|[from] psn\n|-damage|p1a: Toxapex|45\/100 par|[from] move: Fire Spin|[partiallytrapped]\n|upkeep\n|turn|33\n|\n|t:|1701206907\n|move|p2a: Dragonite|Roost|p2a: Dragonite\n|-heal|p2a: Dragonite|97\/100 psn\n|-singleturn|p2a: Dragonite|move: Roost\n|move|p1a: Toxapex|Ice Beam|p2a: Dragonite\n|-supereffective|p2a: Dragonite\n|-crit|p2a: Dragonite\n|-damage|p2a: Dragonite|71\/100 psn\n|\n|-heal|p2a: Dragonite|77\/100 psn|[from] item: Leftovers\n|-heal|p1a: Toxapex|51\/100 par|[from] item: Black Sludge\n|-damage|p2a: Dragonite|65\/100 psn|[from] psn\n|-damage|p1a: Toxapex|39\/100 par|[from] move: Fire Spin|[partiallytrapped]\n|upkeep\n|turn|34\n|\n|t:|1701206927\n|move|p2a: Dragonite|Thunder Wave|p1a: Toxapex\n|-fail|p1a: Toxapex|par\n|move|p1a: Toxapex|Ice Beam|p2a: Dragonite\n|-supereffective|p2a: Dragonite\n|-crit|p2a: Dragonite\n|-damage|p2a: Dragonite|16\/100 psn\n|\n|-heal|p2a: Dragonite|23\/100 psn|[from] item: Leftovers\n|-heal|p1a: Toxapex|45\/100 par|[from] item: Black Sludge\n|-damage|p2a: Dragonite|10\/100 psn|[from] psn\n|-damage|p1a: Toxapex|32\/100 par|[from] move: Fire Spin|[partiallytrapped]\n|upkeep\n|turn|35\n|\n|t:|1701206941\n|move|p2a: Dragonite|Roost|p2a: Dragonite\n|-heal|p2a: Dragonite|60\/100 psn\n|-singleturn|p2a: Dragonite|move: Roost\n|move|p1a: Toxapex|Ice Beam|p2a: Dragonite\n|-supereffective|p2a: Dragonite\n|-crit|p2a: Dragonite\n|-damage|p2a: Dragonite|36\/100 psn\n|\n|-heal|p2a: Dragonite|42\/100 psn|[from] item: Leftovers\n|-heal|p1a: Toxapex|39\/100 par|[from] item: Black Sludge\n|-damage|p2a: Dragonite|30\/100 psn|[from] psn\n|-end|p1a: Toxapex|Fire Spin|[partiallytrapped]\n|upkeep\n|turn|36\n|\n|t:|1701206954\n|switch|p1a: Garganacl|Garganacl, F|100\/100\n|move|p2a: Dragonite|Roost|p2a: Dragonite\n|-heal|p2a: Dragonite|80\/100 psn\n|-singleturn|p2a: Dragonite|move: Roost\n|\n|-heal|p2a: Dragonite|86\/100 psn|[from] item: Leftovers\n|-damage|p2a: Dragonite|74\/100 psn|[from] psn\n|upkeep\n|turn|37\n|\n|t:|1701206965\n|move|p2a: Dragonite|Fire Spin|p1a: Garganacl\n|-resisted|p1a: Garganacl\n|-damage|p1a: Garganacl|98\/100\n|-activate|p1a: Garganacl|move: Fire Spin|[of] p2a: Dragonite\n|move|p1a: Garganacl|Salt Cure|p2a: Dragonite\n|-supereffective|p2a: Dragonite\n|-crit|p2a: Dragonite\n|-damage|p2a: Dragonite|33\/100 psn\n|-start|p2a: Dragonite|Salt Cure\n|\n|-heal|p2a: Dragonite|40\/100 psn|[from] item: Leftovers\n|-heal|p1a: Garganacl|100\/100|[from] item: Leftovers\n|-damage|p2a: Dragonite|27\/100 psn|[from] psn\n|-damage|p2a: Dragonite|15\/100 psn|[from] Salt Cure\n|-damage|p1a: Garganacl|88\/100|[from] move: Fire Spin|[partiallytrapped]\n|upkeep\n|turn|38\n|inactive|HansWolp has 90 seconds left.\n|\n|t:|1701206983\n|move|p2a: Dragonite|Roost|p2a: Dragonite\n|-heal|p2a: Dragonite|65\/100 psn\n|-singleturn|p2a: Dragonite|move: Roost\n|move|p1a: Garganacl|Salt Cure|p2a: Dragonite\n|-damage|p2a: Dragonite|51\/100 psn\n|\n|-heal|p2a: Dragonite|57\/100 psn|[from] item: Leftovers\n|-heal|p1a: Garganacl|94\/100|[from] item: Leftovers\n|-damage|p2a: Dragonite|45\/100 psn|[from] psn\n|-damage|p2a: Dragonite|33\/100 psn|[from] Salt Cure\n|-damage|p1a: Garganacl|82\/100|[from] move: Fire Spin|[partiallytrapped]\n|upkeep\n|turn|39\n|inactive|HansWolp has 90 seconds left.\n|\n|t:|1701207002\n|move|p2a: Dragonite|Roost|p2a: Dragonite\n|-heal|p2a: Dragonite|83\/100 psn\n|-singleturn|p2a: Dragonite|move: Roost\n|move|p1a: Garganacl|Thunder Punch|p2a: Dragonite\n|-resisted|p2a: Dragonite\n|-damage|p2a: Dragonite|75\/100 psn\n|\n|-heal|p2a: Dragonite|81\/100 psn|[from] item: Leftovers\n|-heal|p1a: Garganacl|88\/100|[from] item: Leftovers\n|-damage|p2a: Dragonite|68\/100 psn|[from] psn\n|-damage|p2a: Dragonite|56\/100 psn|[from] Salt Cure\n|-damage|p1a: Garganacl|75\/100|[from] move: Fire Spin|[partiallytrapped]\n|upkeep\n|turn|40\n|inactive|HansWolp has 90 seconds left.\n|\n|t:|1701207017\n|move|p2a: Dragonite|Thunder Wave|p1a: Garganacl\n|-status|p1a: Garganacl|par\n|move|p1a: Garganacl|Salt Cure|p2a: Dragonite\n|-supereffective|p2a: Dragonite\n|-damage|p2a: Dragonite|29\/100 psn\n|\n|-heal|p2a: Dragonite|35\/100 psn|[from] item: Leftovers\n|-heal|p1a: Garganacl|82\/100 par|[from] item: Leftovers\n|-damage|p2a: Dragonite|23\/100 psn|[from] psn\n|-damage|p2a: Dragonite|10\/100 psn|[from] Salt Cure\n|-damage|p1a: Garganacl|69\/100 par|[from] move: Fire Spin|[partiallytrapped]\n|upkeep\n|turn|41\n|\n|t:|1701207031\n|move|p2a: Dragonite|Encore|p1a: Garganacl\n|-start|p1a: Garganacl|Encore\n|cant|p1a: Garganacl|par\n|\n|-heal|p2a: Dragonite|17\/100 psn|[from] item: Leftovers\n|-heal|p1a: Garganacl|75\/100 par|[from] item: Leftovers\n|-damage|p2a: Dragonite|4\/100 psn|[from] psn\n|-damage|p2a: Dragonite|0 fnt|[from] Salt Cure\n|faint|p2a: Dragonite\n|-end|p1a: Garganacl|Fire Spin|[partiallytrapped]|[silent]\n|upkeep\n|\n|t:|1701207042\n|switch|p2a: Dragonite|Dragonite, F|100\/100\n|turn|42\n|\n|t:|1701207045\n|move|p2a: Dragonite|Dragon Dance|p2a: Dragonite\n|-boost|p2a: Dragonite|atk|1\n|-boost|p2a: Dragonite|spe|1\n|move|p1a: Garganacl|Salt Cure|p2a: Dragonite\n|-supereffective|p2a: Dragonite\n|-damage|p2a: Dragonite|85\/100\n|-start|p2a: Dragonite|Salt Cure\n|\n|-heal|p1a: Garganacl|81\/100 par|[from] item: Leftovers\n|-damage|p2a: Dragonite|72\/100|[from] Salt Cure\n|upkeep\n|turn|43\n|\n|t:|1701207057\n|move|p2a: Dragonite|Dragon Dance|p2a: Dragonite\n|-boost|p2a: Dragonite|atk|1\n|-boost|p2a: Dragonite|spe|1\n|move|p1a: Garganacl|Salt Cure|p2a: Dragonite\n|-supereffective|p2a: Dragonite\n|-damage|p2a: Dragonite|44\/100\n|\n|-heal|p1a: Garganacl|87\/100 par|[from] item: Leftovers\n|-damage|p2a: Dragonite|31\/100|[from] Salt Cure\n|-end|p1a: Garganacl|Encore\n|upkeep\n|turn|44\n|inactive|HansWolp has 90 seconds left.\n|\n|t:|1701207072\n|move|p2a: Dragonite|Earthquake|p1a: Garganacl\n|-supereffective|p1a: Garganacl\n|-damage|p1a: Garganacl|0 fnt\n|faint|p1a: Garganacl\n|\n|-damage|p2a: Dragonite|19\/100|[from] Salt Cure\n|upkeep\n|inactive|HansWolp has 90 seconds left.\n|\n|t:|1701207081\n|switch|p1a: Toxapex|Toxapex, M|39\/100 par\n|turn|45\n|\n|t:|1701207087\n|move|p2a: Dragonite|Earthquake|p1a: Toxapex\n|-supereffective|p1a: Toxapex\n|-damage|p1a: Toxapex|0 fnt\n|faint|p1a: Toxapex\n|\n|-damage|p2a: Dragonite|7\/100|[from] Salt Cure\n|upkeep\n|\n|t:|1701207095\n|switch|p1a: Snorlax|Snorlax, F|100\/100\n|turn|46\n|\n|t:|1701207107\n|move|p2a: Dragonite|Dragon Claw|p1a: Snorlax\n|-damage|p1a: Snorlax|37\/100\n|-enditem|p1a: Snorlax|Iapapa Berry|[eat]\n|-heal|p1a: Snorlax|70\/100|[from] item: Iapapa Berry\n|move|p1a: Snorlax|Stockpile|p1a: Snorlax\n|-start|p1a: Snorlax|stockpile1\n|-boost|p1a: Snorlax|def|1\n|-boost|p1a: Snorlax|spd|1\n|\n|-damage|p2a: Dragonite|0 fnt|[from] Salt Cure\n|faint|p2a: Dragonite\n|upkeep\n|\n|t:|1701207115\n|switch|p2a: Dragonite|Dragonite, M|100\/100\n|turn|47\n|\n|t:|1701207123\n|-terastallize|p2a: Dragonite|Dragon\n|move|p2a: Dragonite|Outrage|p1a: Snorlax\n|-damage|p1a: Snorlax|12\/100\n|move|p1a: Snorlax|Recycle|p1a: Snorlax\n|-item|p1a: Snorlax|Iapapa Berry|[from] move: Recycle\n|-enditem|p1a: Snorlax|Iapapa Berry|[eat]\n|-heal|p1a: Snorlax|45\/100|[from] item: Iapapa Berry\n|\n|upkeep\n|turn|48\n|inactive|HansWolp has 120 seconds left.\n|\n|t:|1701207133\n|move|p2a: Dragonite|Outrage|p1a: Snorlax|[from]lockedmove\n|-damage|p1a: Snorlax|0 fnt\n|faint|p1a: Snorlax\n|\n|upkeep\n|\n|t:|1701207141\n|switch|p1a: Garchomp|Garchomp, M, shiny|100\/100\n|turn|49\n|\n|t:|1701207144\n|move|p1a: Garchomp|Outrage|p2a: Dragonite\n|-supereffective|p2a: Dragonite\n|-damage|p2a: Dragonite|1\/100\n|move|p2a: Dragonite|Outrage|p1a: Garchomp|[from]lockedmove\n|-supereffective|p1a: Garchomp\n|-crit|p1a: Garchomp\n|-damage|p1a: Garchomp|0 fnt\n|-damage|p2a: Dragonite|0 fnt|[from] ability: Rough Skin|[of] p1a: Garchomp\n|faint|p1a: Garchomp\n|faint|p2a: Dragonite\n|\n|win|HansWolp\n|raw|HansWolp's rating: 1201 &rarr; <strong>1235<\/strong><br \/>(+34 for winning)\n|raw|Squidka1's rating: 1330 &rarr; <strong>1303<\/strong><br \/>(-27 for losing)\n|l|\u2606Squidka1\n","uploadtime":1701207162,"views":10,"p1id":"hanswolp","p2id":"squidka1","formatid":"gen9anythinggoes","rating":1235,"private":0,"password":""}