{"id":"gen9anythinggoes-1999905232","p1":"GEN 9 SCHUMI","p2":"Yakkosalabama","format":"[Gen 9] Anything Goes","log":"|j|\u2606GEN 9 SCHUMI\n|j|\u2606Yakkosalabama\n|inactive|Battle timer is ON: inactive players will automatically lose when time's up.\n|t:|1701128458\n|gametype|singles\n|player|p1|GEN 9 SCHUMI|101|\n|player|p2|Yakkosalabama|volo|\n|teamsize|p1|6\n|teamsize|p2|6\n|gen|9\n|tier|[Gen 9] Anything Goes\n|rated|Tournament battle\n|rule|HP Percentage Mod: HP is shown in percentages\n|rule|Endless Battle Clause: Forcing endless battles is banned\n|clearpoke\n|poke|p1|Meowscarada, F|\n|poke|p1|Gholdengo|\n|poke|p1|Dialga|\n|poke|p1|Zacian-*|\n|poke|p1|Arceus-Fire|\n|poke|p1|Cyclizar, F|\n|poke|p2|Dondozo, F|\n|poke|p2|Calyrex-Shadow|\n|poke|p2|Zacian-*|\n|poke|p2|Regieleki|\n|poke|p2|Arceus|\n|poke|p2|Koraidon|\n|teampreview\n|inactive|Yakkosalabama also wants the timer to be on.\n|c|\u2606Yakkosalabama|Hi\n|j| BartardAngel\n|c|\u2606GEN 9 SCHUMI|wait\n|c|\u2606GEN 9 SCHUMI|how do u have a normal arceus\n|c|\u2606Yakkosalabama|Anything goes\n|inactive|GEN 9 SCHUMI has 120 seconds left.\n|c|\u2606GEN 9 SCHUMI|oh\n|c|\u2606GEN 9 SCHUMI|i thought this was uubers\n|c|\u2606GEN 9 SCHUMI|LOL\n|c|\u2606GEN 9 SCHUMI|oops\n|c|\u2606Yakkosalabama|lol\n|\n|t:|1701128506\n|start\n|switch|p1a: Meowscarada|Meowscarada, F|100\/100\n|switch|p2a: Koraidon|Koraidon|100\/100\n|-weather|SunnyDay|[from] ability: Orichalcum Pulse|[of] p2a: Koraidon\n|-activate|p2a: Koraidon|Orichalcum Pulse|[source]\n|turn|1\n|\n|t:|1701128535\n|switch|p1a: Zacian|Zacian|100\/100\n|-ability|p1a: Zacian|Intrepid Sword|boost\n|-boost|p1a: Zacian|atk|1\n|move|p2a: Koraidon|Flare Blitz|p1a: Zacian\n|-damage|p1a: Zacian|0 fnt\n|faint|p1a: Zacian\n|-damage|p2a: Koraidon|69\/100|[from] Recoil\n|\n|-weather|SunnyDay|[upkeep]\n|upkeep\n|\n|t:|1701128544\n|switch|p1a: Meowscarada|Meowscarada, F|100\/100\n|turn|2\n|\n|t:|1701128547\n|move|p2a: Koraidon|Flare Blitz|p1a: Meowscarada\n|-supereffective|p1a: Meowscarada\n|-enditem|p1a: Meowscarada|Focus Sash\n|-damage|p1a: Meowscarada|1\/100\n|-damage|p2a: Koraidon|41\/100|[from] Recoil\n|move|p1a: Meowscarada|Toxic Spikes|p2a: Koraidon\n|-sidestart|p2: Yakkosalabama|move: Toxic Spikes\n|\n|-weather|SunnyDay|[upkeep]\n|upkeep\n|turn|3\n|\n|t:|1701128555\n|move|p2a: Koraidon|Flare Blitz|p1a: Meowscarada\n|-supereffective|p1a: Meowscarada\n|-damage|p1a: Meowscarada|0 fnt\n|faint|p1a: Meowscarada\n|-damage|p2a: Koraidon|41\/100|[from] Recoil\n|\n|-weather|SunnyDay|[upkeep]\n|upkeep\n|\n|t:|1701128560\n|switch|p1a: Arceus|Arceus-Fire|100\/100\n|turn|4\n|\n|t:|1701128566\n|switch|p2a: Dondozo|Dondozo, F|100\/100\n|-status|p2a: Dondozo|psn\n|move|p1a: Arceus|Swords Dance|p1a: Arceus\n|-boost|p1a: Arceus|atk|2\n|\n|-weather|SunnyDay|[upkeep]\n|-damage|p2a: Dondozo|88\/100 psn|[from] psn\n|upkeep\n|turn|5\n|\n|t:|1701128571\n|switch|p1a: Dialga|Dialga|100\/100\n|-ability|p1a: Dialga|Pressure\n|move|p2a: Dondozo|Curse|p2a: Dondozo\n|-unboost|p2a: Dondozo|spe|1\n|-boost|p2a: Dondozo|atk|1\n|-boost|p2a: Dondozo|def|1\n|\n|-weather|none\n|-heal|p2a: Dondozo|94\/100 psn|[from] item: Leftovers\n|-damage|p2a: Dondozo|82\/100 psn|[from] psn\n|upkeep\n|turn|6\n|\n|t:|1701128581\n|switch|p2a: Zacian|Zacian-Crowned|100\/100\n|-ability|p2a: Zacian|Intrepid Sword|boost\n|-boost|p2a: Zacian|atk|1\n|move|p1a: Dialga|Stealth Rock|p2a: Zacian\n|-sidestart|p2: Yakkosalabama|move: Stealth Rock\n|\n|upkeep\n|turn|7\n|\n|t:|1701128593\n|switch|p1a: Gholdengo|Gholdengo|100\/100\n|-item|p1a: Gholdengo|Air Balloon\n|move|p2a: Zacian|Swords Dance|p2a: Zacian\n|-boost|p2a: Zacian|atk|2\n|\n|upkeep\n|turn|8\n|\n|t:|1701128600\n|-terastallize|p2a: Zacian|Fairy\n|move|p2a: Zacian|Play Rough|p1a: Gholdengo\n|-resisted|p1a: Gholdengo\n|-damage|p1a: Gholdengo|14\/100\n|-enditem|p1a: Gholdengo|Air Balloon\n|move|p1a: Gholdengo|Make It Rain|p2a: Zacian\n|-supereffective|p2a: Zacian\n|-damage|p2a: Zacian|0 fnt\n|-unboost|p1a: Gholdengo|spa|1\n|faint|p2a: Zacian\n|\n|upkeep\n|l| BartardAngel\n|\n|t:|1701128608\n|switch|p2a: Calyrex|Calyrex-Shadow|100\/100\n|-ability|p2a: Calyrex|As One\n|-ability|p2a: Calyrex|Unnerve\n|-status|p2a: Calyrex|psn\n|-damage|p2a: Calyrex|88\/100 psn|[from] Stealth Rock\n|turn|9\n|j| BartardAngel\n|\n|t:|1701128620\n|switch|p1a: Dialga|Dialga|100\/100\n|-ability|p1a: Dialga|Pressure\n|move|p2a: Calyrex|Psychic|p1a: Dialga\n|-resisted|p1a: Dialga\n|-damage|p1a: Dialga|83\/100\n|\n|-heal|p1a: Dialga|90\/100|[from] item: Leftovers\n|-damage|p2a: Calyrex|76\/100 psn|[from] psn\n|upkeep\n|turn|10\n|\n|t:|1701128629\n|move|p2a: Calyrex|Astral Barrage|p1a: Dialga\n|-damage|p1a: Dialga|44\/100\n|move|p1a: Dialga|Draco Meteor|p2a: Calyrex\n|-damage|p2a: Calyrex|11\/100 psn\n|-unboost|p1a: Dialga|spa|2\n|\n|-heal|p1a: Dialga|50\/100|[from] item: Leftovers\n|-damage|p2a: Calyrex|0 fnt|[from] psn\n|faint|p2a: Calyrex\n|upkeep\n|\n|t:|1701128634\n|switch|p2a: Koraidon|Koraidon|41\/100\n|-status|p2a: Koraidon|psn\n|-damage|p2a: Koraidon|35\/100 psn|[from] Stealth Rock\n|-weather|SunnyDay|[from] ability: Orichalcum Pulse|[of] p2a: Koraidon\n|-activate|p2a: Koraidon|Orichalcum Pulse|[source]\n|turn|11\n|\n|t:|1701128638\n|switch|p1a: Gholdengo|Gholdengo|14\/100\n|move|p2a: Koraidon|Outrage|p1a: Gholdengo\n|-resisted|p1a: Gholdengo\n|-damage|p1a: Gholdengo|0 fnt\n|faint|p1a: Gholdengo\n|\n|-weather|SunnyDay|[upkeep]\n|-damage|p2a: Koraidon|22\/100 psn|[from] psn\n|upkeep\n|\n|t:|1701128647\n|switch|p1a: Arceus|Arceus-Fire|100\/100\n|turn|12\n|\n|t:|1701128650\n|move|p1a: Arceus|Extreme Speed|p2a: Koraidon\n|-crit|p2a: Koraidon\n|-damage|p2a: Koraidon|0 fnt\n|faint|p2a: Koraidon\n|\n|-weather|SunnyDay|[upkeep]\n|upkeep\n|\n|t:|1701128654\n|switch|p2a: Arceus|Arceus|100\/100\n|-status|p2a: Arceus|psn\n|-damage|p2a: Arceus|88\/100 psn|[from] Stealth Rock\n|turn|13\n|\n|t:|1701128660\n|move|p1a: Arceus|Flare Blitz|p2a: Arceus\n|-damage|p2a: Arceus|12\/100 psn\n|-damage|p1a: Arceus|71\/100|[from] Recoil\n|move|p2a: Arceus|Earthquake|p1a: Arceus\n|-supereffective|p1a: Arceus\n|-damage|p1a: Arceus|16\/100\n|\n|-weather|SunnyDay|[upkeep]\n|-heal|p2a: Arceus|19\/100 psn|[from] item: Leftovers\n|-damage|p2a: Arceus|6\/100 psn|[from] psn\n|upkeep\n|turn|14\n|\n|t:|1701128668\n|move|p1a: Arceus|Extreme Speed|p2a: Arceus\n|-damage|p2a: Arceus|0 fnt\n|faint|p2a: Arceus\n|\n|-weather|SunnyDay|[upkeep]\n|upkeep\n|\n|t:|1701128673\n|switch|p2a: Regieleki|Regieleki|100\/100\n|-status|p2a: Regieleki|psn\n|-damage|p2a: Regieleki|88\/100 psn|[from] Stealth Rock\n|turn|15\n|\n|t:|1701128684\n|move|p1a: Arceus|Extreme Speed|p2a: Regieleki\n|-damage|p2a: Regieleki|27\/100 psn\n|move|p2a: Regieleki|Ancient Power|p1a: Arceus\n|-supereffective|p1a: Arceus\n|-damage|p1a: Arceus|0 fnt\n|faint|p1a: Arceus\n|\n|-weather|none\n|-damage|p2a: Regieleki|14\/100 psn|[from] psn\n|upkeep\n|\n|t:|1701128692\n|switch|p1a: Cyclizar|Cyclizar, F|100\/100\n|turn|16\n|\n|t:|1701128696\n|move|p2a: Regieleki|Tera Blast|p1a: Cyclizar\n|-damage|p1a: Cyclizar|66\/100\n|move|p1a: Cyclizar|Shed Tail|p1a: Cyclizar\n|-start|p1a: Cyclizar|Substitute|[from] move: Shed Tail\n|-damage|p1a: Cyclizar|16\/100\n|\n|t:|1701128699\n|switch|p1a: Dialga|Dialga|50\/100|[from] Shed Tail\n|-ability|p1a: Dialga|Pressure\n|\n|-heal|p1a: Dialga|56\/100|[from] item: Leftovers\n|-damage|p2a: Regieleki|2\/100 psn|[from] psn\n|upkeep\n|turn|17\n|\n|t:|1701128704\n|move|p2a: Regieleki|Thunderbolt|p1a: Dialga\n|-resisted|p1a: Dialga\n|-activate|p1a: Dialga|move: Substitute|[damage]\n|move|p1a: Dialga|Flash Cannon|p2a: Regieleki\n|-resisted|p2a: Regieleki\n|-damage|p2a: Regieleki|0 fnt\n|faint|p2a: Regieleki\n|\n|-heal|p1a: Dialga|62\/100|[from] item: Leftovers\n|upkeep\n|\n|t:|1701128707\n|switch|p2a: Dondozo|Dondozo, F|82\/100 psn\n|-damage|p2a: Dondozo|69\/100 psn|[from] Stealth Rock\n|turn|18\n|\n|t:|1701128711\n|move|p1a: Dialga|Draco Meteor|p2a: Dondozo\n|-damage|p2a: Dondozo|11\/100 psn\n|-unboost|p1a: Dialga|spa|2\n|move|p2a: Dondozo|Rest|p2a: Dondozo\n|-status|p2a: Dondozo|slp|[from] move: Rest\n|-heal|p2a: Dondozo|100\/100 slp|[silent]\n|\n|-heal|p1a: Dialga|68\/100|[from] item: Leftovers\n|upkeep\n|turn|19\n|\n|t:|1701128714\n|move|p1a: Dialga|Draco Meteor|p2a: Dondozo\n|-damage|p2a: Dondozo|37\/100 slp\n|-unboost|p1a: Dialga|spa|2\n|cant|p2a: Dondozo|slp\n|move|p2a: Dondozo|Sleep Talk|p2a: Dondozo\n|move|p2a: Dondozo|Rest||[from]move: Sleep Talk|[still]\n|-fail|p2a: Dondozo\n|\n|-heal|p1a: Dialga|75\/100|[from] item: Leftovers\n|-heal|p2a: Dondozo|44\/100 slp|[from] item: Leftovers\n|upkeep\n|turn|20\n|\n|t:|1701128717\n|move|p1a: Dialga|Draco Meteor|p2a: Dondozo|[miss]\n|-miss|p1a: Dialga|p2a: Dondozo\n|cant|p2a: Dondozo|slp\n|move|p2a: Dondozo|Sleep Talk|p2a: Dondozo\n|move|p2a: Dondozo|Wave Crash|p1a: Dialga|[from]move: Sleep Talk\n|-resisted|p1a: Dialga\n|-end|p1a: Dialga|Substitute\n|-damage|p2a: Dondozo|43\/100 slp|[from] Recoil|[of] p1a: Dialga\n|\n|-heal|p1a: Dialga|81\/100|[from] item: Leftovers\n|-heal|p2a: Dondozo|49\/100 slp|[from] item: Leftovers\n|upkeep\n|turn|21\n|\n|t:|1701128721\n|move|p1a: Dialga|Draco Meteor|p2a: Dondozo\n|-damage|p2a: Dondozo|0 fnt\n|-unboost|p1a: Dialga|spa|2\n|faint|p2a: Dondozo\n|\n|win|GEN 9 SCHUMI\n|n|\u2606GEN 9 SCHUMI|gen9schumi\n|n|\u2606Yakkosalabama|yakkosalabama\n|n| BartardAngel|bartardangel\n|c|\u2606Yakkosalabama|Gg wp\n|c|\u2606GEN 9 SCHUMI|gg\n","uploadtime":1701128727,"views":5,"p1id":"gen9schumi","p2id":"yakkosalabama","formatid":"gen9anythinggoes","rating":0,"private":0,"password":""}