{"id":"gen9anythinggoes-1989670510","p1":"loquesea27","p2":"Purple Slushie","format":"[Gen 9] Anything Goes","log":"|j|\u2606loquesea27\n|j|\u2606Purple Slushie\n|t:|1699885294\n|gametype|singles\n|player|p1|loquesea27|266|1156\n|player|p2|Purple Slushie|2|1210\n|teamsize|p1|6\n|teamsize|p2|6\n|gen|9\n|tier|[Gen 9] Anything Goes\n|rated|\n|rule|HP Percentage Mod: HP is shown in percentages\n|rule|Endless Battle Clause: Forcing endless battles is banned\n|clearpoke\n|poke|p1|Rabsca, F|\n|poke|p1|Clawitzer, M|\n|poke|p1|Revavroom, M|\n|poke|p1|Gliscor, M|\n|poke|p1|Heracross, F|\n|poke|p1|Lokix, M|\n|poke|p2|Palafin, M|\n|poke|p2|Gardevoir, M|\n|poke|p2|Ursaluna-Bloodmoon, M|\n|poke|p2|Skeledirge, M|\n|poke|p2|Gliscor, M|\n|poke|p2|Garganacl, M|\n|teampreview\n|\n|t:|1699885301\n|start\n|switch|p1a: Lokix|Lokix, M|100\/100\n|switch|p2a: Palafin|Palafin, M|100\/100\n|turn|1\n|\n|t:|1699885305\n|move|p1a: Lokix|First Impression|p2a: Palafin\n|-damage|p2a: Palafin|49\/100\n|move|p2a: Palafin|Flip Turn|p1a: Lokix\n|-damage|p1a: Lokix|54\/100\n|inactive|Battle timer is ON: inactive players will automatically lose when time's up. (requested by loquesea27)\n|\n|t:|1699885314\n|detailschange|p2a: Palafin|Palafin-Hero, M\n|switch|p2a: Ursaluna|Ursaluna-Bloodmoon, M|100\/100|[from] Flip Turn\n|\n|upkeep\n|turn|2\n|\n|t:|1699885319\n|move|p1a: Lokix|U-turn|p2a: Ursaluna\n|-damage|p2a: Ursaluna|79\/100\n|\n|t:|1699885325\n|switch|p1a: Gliscor|Gliscor, M|100\/100|[from] U-turn\n|move|p2a: Ursaluna|Blood Moon|p1a: Gliscor\n|-damage|p1a: Gliscor|4\/100\n|\n|-heal|p2a: Ursaluna|85\/100|[from] item: Leftovers\n|-status|p1a: Gliscor|tox|[from] item: Toxic Orb\n|upkeep\n|turn|3\n|\n|t:|1699885334\n|move|p2a: Ursaluna|Vacuum Wave|p1a: Gliscor\n|-resisted|p1a: Gliscor\n|-damage|p1a: Gliscor|0 fnt\n|faint|p1a: Gliscor\n|\n|-heal|p2a: Ursaluna|91\/100|[from] item: Leftovers\n|upkeep\n|\n|t:|1699885343\n|switch|p1a: Heracross|Heracross, F|100\/100\n|turn|4\n|\n|t:|1699885346\n|move|p1a: Heracross|Bulk Up|p1a: Heracross\n|-boost|p1a: Heracross|atk|1\n|-boost|p1a: Heracross|def|1\n|move|p2a: Ursaluna|Blood Moon|p1a: Heracross\n|-damage|p1a: Heracross|0 fnt\n|faint|p1a: Heracross\n|\n|-heal|p2a: Ursaluna|97\/100|[from] item: Leftovers\n|upkeep\n|\n|t:|1699885354\n|switch|p1a: Revavroom|Revavroom, M|100\/100\n|turn|5\n|\n|t:|1699885358\n|-terastallize|p1a: Revavroom|Ground\n|move|p1a: Revavroom|Shift Gear|p1a: Revavroom\n|-boost|p1a: Revavroom|spe|2\n|-boost|p1a: Revavroom|atk|1\n|move|p2a: Ursaluna|Earth Power|p1a: Revavroom\n|-damage|p1a: Revavroom|21\/100\n|\n|-heal|p1a: Revavroom|27\/100|[from] item: Leftovers\n|-heal|p2a: Ursaluna|100\/100|[from] item: Leftovers\n|upkeep\n|turn|6\n|\n|t:|1699885368\n|-terastallize|p2a: Ursaluna|Fighting\n|move|p2a: Ursaluna|Vacuum Wave|p1a: Revavroom\n|-damage|p1a: Revavroom|0 fnt\n|faint|p1a: Revavroom\n|\n|upkeep\n|\n|t:|1699885373\n|switch|p1a: Lokix|Lokix, M|54\/100\n|turn|7\n|\n|t:|1699885376\n|move|p1a: Lokix|First Impression|p2a: Ursaluna\n|-resisted|p2a: Ursaluna\n|-damage|p2a: Ursaluna|75\/100\n|move|p2a: Ursaluna|Blood Moon|p1a: Lokix\n|-damage|p1a: Lokix|0 fnt\n|faint|p1a: Lokix\n|\n|-heal|p2a: Ursaluna|81\/100|[from] item: Leftovers\n|upkeep\n|\n|t:|1699885384\n|switch|p1a: Clawitzer|Clawitzer, M|100\/100\n|turn|8\n|\n|t:|1699885387\n|move|p1a: Clawitzer|Water Pulse|p2a: Ursaluna\n|-damage|p2a: Ursaluna|0 fnt\n|faint|p2a: Ursaluna\n|\n|upkeep\n|\n|t:|1699885391\n|switch|p2a: Palafin|Palafin-Hero, M|49\/100\n|-activate|p2a: Palafin|ability: Zero to Hero\n|turn|9\n|\n|t:|1699885395\n|move|p2a: Palafin|Jet Punch|p1a: Clawitzer\n|-resisted|p1a: Clawitzer\n|-damage|p1a: Clawitzer|71\/100\n|move|p1a: Clawitzer|Water Pulse|p2a: Palafin\n|-resisted|p2a: Palafin\n|-damage|p2a: Palafin|6\/100\n|\n|upkeep\n|turn|10\n|\n|t:|1699885402\n|move|p2a: Palafin|Jet Punch|p1a: Clawitzer\n|-resisted|p1a: Clawitzer\n|-damage|p1a: Clawitzer|44\/100\n|move|p1a: Clawitzer|Water Pulse|p2a: Palafin\n|-resisted|p2a: Palafin\n|-crit|p2a: Palafin\n|-damage|p2a: Palafin|0 fnt\n|faint|p2a: Palafin\n|\n|upkeep\n|\n|t:|1699885407\n|switch|p2a: Gardevoir|Gardevoir, M|100\/100\n|turn|11\n|\n|t:|1699885411\n|move|p2a: Gardevoir|Moonblast|p1a: Clawitzer\n|-damage|p1a: Clawitzer|0 fnt\n|faint|p1a: Clawitzer\n|\n|upkeep\n|\n|t:|1699885415\n|switch|p1a: Rabsca|Rabsca, F|100\/100\n|turn|12\n|\n|t:|1699885420\n|move|p2a: Gardevoir|Moonblast|p1a: Rabsca\n|-damage|p1a: Rabsca|51\/100\n|-unboost|p1a: Rabsca|spa|1\n|move|p1a: Rabsca|Trick Room|p1a: Rabsca\n|-fieldstart|move: Trick Room|[of] p1a: Rabsca\n|\n|upkeep\n|turn|13\n|\n|t:|1699885427\n|move|p1a: Rabsca|Bug Buzz|p2a: Gardevoir\n|-damage|p2a: Gardevoir|68\/100\n|move|p2a: Gardevoir|Moonblast|p1a: Rabsca\n|-damage|p1a: Rabsca|7\/100\n|\n|upkeep\n|turn|14\n|\n|t:|1699885433\n|move|p1a: Rabsca|Bug Buzz|p2a: Gardevoir\n|-damage|p2a: Gardevoir|36\/100\n|move|p2a: Gardevoir|Moonblast|p1a: Rabsca\n|-damage|p1a: Rabsca|0 fnt\n|faint|p1a: Rabsca\n|\n|win|Purple Slushie\n|raw|loquesea27's rating: 1156 &rarr; <strong>1135<\/strong><br \/>(-21 for losing)\n|raw|Purple Slushie's rating: 1210 &rarr; <strong>1231<\/strong><br \/>(+21 for winning)\n|c|\u2606Purple Slushie|gg\n|c|\u2606loquesea27|gg\n|l|\u2606loquesea27\n","uploadtime":1699885477,"views":8,"p1id":"loquesea27","p2id":"purpleslushie","formatid":"gen9anythinggoes","rating":1135,"private":0,"password":""}