{"id":"gen9anythinggoes-1985738461","p1":"darkgymleadertheog","p2":"Absolitary37","format":"[Gen 9] Anything Goes","log":"|j|\u2606darkgymleadertheog\n|j|\u2606Absolitary37\n|t:|1699401018\n|gametype|singles\n|player|p1|darkgymleadertheog|artist-gen4|1010\n|player|p2|Absolitary37|ghetsis-gen5bw|1136\n|teamsize|p1|6\n|teamsize|p2|6\n|gen|9\n|tier|[Gen 9] Anything Goes\n|rated|\n|rule|HP Percentage Mod: HP is shown in percentages\n|rule|Endless Battle Clause: Forcing endless battles is banned\n|clearpoke\n|poke|p1|Pelipper, F|\n|poke|p1|Dragapult, F|\n|poke|p1|Gligar, F|\n|poke|p1|Blissey, F|\n|poke|p1|Flutter Mane|\n|poke|p1|Ditto|\n|poke|p2|Medicham, M|\n|poke|p2|Medicham, M|\n|poke|p2|Medicham, M|\n|poke|p2|Tinkaton, F|\n|poke|p2|Tinkaton, F|\n|poke|p2|Tinkaton, F|\n|teampreview\n|c|\u2606Absolitary37|Glhf\n|\n|t:|1699401026\n|start\n|switch|p1a: Pelipper|Pelipper, F|100\/100\n|switch|p2a: GO|Medicham, M|100\/100\n|-weather|RainDance|[from] ability: Drizzle|[of] p1a: Pelipper\n|turn|1\n|\n|t:|1699401041\n|move|p2a: GO|Trick|p1a: Pelipper\n|-activate|p2a: GO|move: Trick|[of] p1a: Pelipper\n|-item|p1a: Pelipper|Choice Scarf|[from] move: Trick\n|-item|p2a: GO|Mystic Water|[from] move: Trick\n|move|p1a: Pelipper|Substitute|p1a: Pelipper\n|-start|p1a: Pelipper|Substitute\n|-damage|p1a: Pelipper|75\/100\n|\n|-weather|RainDance|[upkeep]\n|upkeep\n|turn|2\n|\n|t:|1699401056\n|switch|p1a: Dragapult|Dragapult, F|100\/100\n|move|p2a: GO|Skill Swap|p1a: Dragapult\n|-activate|p2a: GO|move: Skill Swap|Cursed Body|Pure Power|[of] p1a: Dragapult\n|\n|-weather|RainDance|[upkeep]\n|upkeep\n|turn|3\n|\n|t:|1699401065\n|move|p1a: Dragapult|Double-Edge|p2a: GO\n|-crit|p2a: GO\n|-damage|p2a: GO|0 fnt\n|faint|p2a: GO\n|-damage|p1a: Dragapult|75\/100|[from] Recoil\n|\n|-weather|RainDance|[upkeep]\n|upkeep\n|\n|t:|1699401070\n|switch|p2a: BONK|Tinkaton, F|100\/100\n|turn|4\n|\n|t:|1699401077\n|move|p1a: Dragapult|Agility|p1a: Dragapult\n|-boost|p1a: Dragapult|spe|2\n|move|p2a: BONK|Skill Swap|p1a: Dragapult\n|-activate|p2a: BONK|move: Skill Swap|Pure Power|Own Tempo|[of] p1a: Dragapult\n|\n|-weather|RainDance|[upkeep]\n|upkeep\n|turn|5\n|\n|t:|1699401087\n|move|p1a: Dragapult|Double-Edge|p2a: BONK\n|-resisted|p2a: BONK\n|-damage|p2a: BONK|77\/100\n|-damage|p1a: Dragapult|68\/100|[from] Recoil\n|move|p2a: BONK|Play Rough|p1a: Dragapult\n|-supereffective|p1a: Dragapult\n|-damage|p1a: Dragapult|0 fnt\n|faint|p1a: Dragapult\n|\n|-weather|none\n|upkeep\n|\n|t:|1699401096\n|switch|p1a: Blissey|Blissey, F|100\/100\n|turn|6\n|\n|t:|1699401099\n|move|p2a: BONK|Brick Break|p1a: Blissey\n|-supereffective|p1a: Blissey\n|-damage|p1a: Blissey|0 fnt\n|faint|p1a: Blissey\n|\n|upkeep\n|\n|t:|1699401103\n|switch|p1a: Ditto|Ditto|100\/100\n|turn|7\n|\n|t:|1699401111\n|move|p2a: BONK|Brick Break|p1a: Ditto\n|-supereffective|p1a: Ditto\n|-enditem|p1a: Ditto|Focus Sash\n|-damage|p1a: Ditto|1\/100\n|move|p1a: Ditto|Transform|p2a: BONK\n|-transform|p1a: Ditto|p2a: BONK\n|\n|upkeep\n|turn|8\n|\n|t:|1699401122\n|move|p1a: Ditto|Skill Swap|p2a: BONK\n|-activate|p1a: Ditto|move: Skill Swap|Pure Power|Pure Power|[of] p2a: BONK\n|move|p2a: BONK|Brick Break|p1a: Ditto\n|-damage|p1a: Ditto|0 fnt\n|faint|p1a: Ditto\n|\n|upkeep\n|c|\u2606Absolitary37|...uhhhhhhhhhhhhh\n|\n|t:|1699401129\n|switch|p1a: Flutter Mane|Flutter Mane|100\/100\n|-enditem|p1a: Flutter Mane|Booster Energy\n|-activate|p1a: Flutter Mane|ability: Protosynthesis|[fromitem]\n|-start|p1a: Flutter Mane|protosynthesisspa\n|turn|9\n|\n|t:|1699401141\n|-terastallize|p1a: Flutter Mane|Ghost\n|move|p2a: BONK|Gigaton Hammer|p1a: Flutter Mane\n|-damage|p1a: Flutter Mane|0 fnt\n|faint|p1a: Flutter Mane\n|-end|p1a: Flutter Mane|Protosynthesis|[silent]\n|\n|upkeep\n|\n|t:|1699401147\n|switch|p1a: Pelipper|Pelipper, F|75\/100\n|-weather|RainDance|[from] ability: Drizzle|[of] p1a: Pelipper\n|turn|10\n|\n|t:|1699401155\n|move|p2a: BONK|Play Rough|p1a: Pelipper\n|-damage|p1a: Pelipper|2\/100\n|move|p1a: Pelipper|Air Slash|p2a: BONK\n|-resisted|p2a: BONK\n|-damage|p2a: BONK|60\/100\n|\n|-weather|RainDance|[upkeep]\n|upkeep\n|turn|11\n|\n|t:|1699401163\n|switch|p1a: Gligar|Gligar, F|100\/100\n|move|p2a: BONK|Brick Break|p1a: Gligar\n|-resisted|p1a: Gligar\n|-damage|p1a: Gligar|84\/100\n|\n|-weather|RainDance|[upkeep]\n|upkeep\n|turn|12\n|\n|t:|1699401176\n|-terastallize|p2a: BONK|Fighting\n|move|p2a: BONK|Gigaton Hammer|p1a: Gligar\n|-damage|p1a: Gligar|0 fnt\n|faint|p1a: Gligar\n|\n|-weather|RainDance|[upkeep]\n|upkeep\n|\n|t:|1699401183\n|switch|p1a: Pelipper|Pelipper, F|2\/100\n|turn|13\n|c|\u2606Absolitary37|Gg\n|\n|t:|1699401190\n|move|p2a: BONK|Play Rough|p1a: Pelipper\n|-damage|p1a: Pelipper|0 fnt\n|faint|p1a: Pelipper\n|\n|win|Absolitary37\n|raw|darkgymleadertheog's rating: 1010 &rarr; <strong>1002<\/strong><br \/>(-8 for losing)\n|raw|Absolitary37's rating: 1136 &rarr; <strong>1152<\/strong><br \/>(+16 for winning)\n|l|\u2606darkgymleadertheog\n","uploadtime":1699401196,"views":5,"p1id":"darkgymleadertheog","p2id":"absolitary37","formatid":"gen9anythinggoes","rating":1002,"private":0,"password":""}