{"id":"gen9anythinggoes-1998701306","p1":"lancestock","p2":"tatraa","format":"[Gen 9] Anything Goes","log":"|j|\u2606lancestock\n|j|\u2606tatraa\n|t:|1700974607\n|gametype|singles\n|player|p1|lancestock|mars|\n|player|p2|tatraa|lass-gen4dp|\n|teamsize|p1|6\n|teamsize|p2|6\n|gen|9\n|tier|[Gen 9] Anything Goes\n|rule|HP Percentage Mod: HP is shown in percentages\n|rule|Endless Battle Clause: Forcing endless battles is banned\n|clearpoke\n|poke|p1|Kyogre|\n|poke|p1|Drednaw, M|\n|poke|p1|Thundurus, M|\n|poke|p1|Jolteon, M|\n|poke|p1|Politoed, F|\n|poke|p1|Wyrdeer, M|\n|poke|p2|Golduck, F|\n|poke|p2|Gyarados, F|\n|poke|p2|Tyranitar, M|\n|poke|p2|Mewtwo|\n|poke|p2|Scizor, M|\n|poke|p2|Glaceon, M|\n|teampreview\n|\n|t:|1700974641\n|start\n|switch|p1a: Thundurus|Thundurus, M|100\/100\n|switch|p2a: Mewtwo|Mewtwo|100\/100\n|-ability|p2a: Mewtwo|Unnerve\n|turn|1\n|\n|t:|1700974651\n|move|p1a: Thundurus|Thunder Wave|p2a: Mewtwo\n|-status|p2a: Mewtwo|par\n|cant|p2a: Mewtwo|par\n|\n|upkeep\n|turn|2\n|\n|t:|1700974656\n|move|p1a: Thundurus|U-turn|p2a: Mewtwo\n|-supereffective|p2a: Mewtwo\n|-damage|p2a: Mewtwo|53\/100 par\n|\n|t:|1700974663\n|switch|p1a: Wyrdeer|Wyrdeer, M|100\/100|[from] U-turn\n|move|p2a: Mewtwo|Hurricane|p1a: Wyrdeer\n|-crit|p1a: Wyrdeer\n|-damage|p1a: Wyrdeer|0 fnt\n|faint|p1a: Wyrdeer\n|\n|upkeep\n|\n|t:|1700974678\n|switch|p1a: Kyogre|Kyogre|100\/100\n|-weather|RainDance|[from] ability: Drizzle|[of] p1a: Kyogre\n|turn|3\n|\n|t:|1700974684\n|move|p1a: Kyogre|Water Spout|p2a: Mewtwo\n|-damage|p2a: Mewtwo|0 fnt\n|faint|p2a: Mewtwo\n|\n|-weather|RainDance|[upkeep]\n|upkeep\n|\n|t:|1700974701\n|switch|p2a: Scizor|Scizor, M|100\/100\n|turn|4\n|\n|t:|1700974708\n|move|p2a: Scizor|Bullet Punch|p1a: Kyogre\n|-resisted|p1a: Kyogre\n|-damage|p1a: Kyogre|92\/100\n|move|p1a: Kyogre|Water Spout|p2a: Scizor\n|-enditem|p2a: Scizor|Focus Sash\n|-damage|p2a: Scizor|1\/100\n|\n|-weather|RainDance|[upkeep]\n|upkeep\n|turn|5\n|\n|t:|1700974718\n|move|p2a: Scizor|Bullet Punch|p1a: Kyogre\n|-resisted|p1a: Kyogre\n|-damage|p1a: Kyogre|85\/100\n|move|p1a: Kyogre|Water Spout|p2a: Scizor\n|-damage|p2a: Scizor|0 fnt\n|faint|p2a: Scizor\n|\n|-weather|RainDance|[upkeep]\n|upkeep\n|\n|t:|1700974728\n|switch|p2a: Tyranitar|Tyranitar, M, shiny|100\/100\n|-weather|Sandstorm|[from] ability: Sand Stream|[of] p2a: Tyranitar\n|turn|6\n|\n|t:|1700974734\n|switch|p1a: Politoed|Politoed, F|100\/100\n|-weather|RainDance|[from] ability: Drizzle|[of] p1a: Politoed\n|move|p2a: Tyranitar|Crunch|p1a: Politoed\n|-damage|p1a: Politoed|68\/100\n|\n|-weather|RainDance|[upkeep]\n|upkeep\n|turn|7\n|\n|t:|1700974743\n|move|p1a: Politoed|Surf|p2a: Tyranitar\n|-supereffective|p2a: Tyranitar\n|-crit|p2a: Tyranitar\n|-damage|p2a: Tyranitar|48\/100\n|move|p2a: Tyranitar|Earthquake|p1a: Politoed\n|-damage|p1a: Politoed|42\/100\n|\n|-weather|RainDance|[upkeep]\n|upkeep\n|turn|8\n|\n|t:|1700974751\n|move|p1a: Politoed|Surf|p2a: Tyranitar\n|-supereffective|p2a: Tyranitar\n|-damage|p2a: Tyranitar|10\/100\n|move|p2a: Tyranitar|Crunch|p1a: Politoed\n|-damage|p1a: Politoed|10\/100\n|\n|-weather|RainDance|[upkeep]\n|upkeep\n|turn|9\n|\n|t:|1700974757\n|move|p1a: Politoed|Surf|p2a: Tyranitar\n|-supereffective|p2a: Tyranitar\n|-damage|p2a: Tyranitar|0 fnt\n|faint|p2a: Tyranitar\n|\n|-weather|RainDance|[upkeep]\n|upkeep\n|\n|t:|1700974764\n|switch|p2a: Golduck|Golduck, F|100\/100\n|turn|10\n|\n|t:|1700974769\n|move|p2a: Golduck|Aqua Tail|p1a: Politoed\n|-resisted|p1a: Politoed\n|-damage|p1a: Politoed|0 fnt\n|faint|p1a: Politoed\n|-damage|p2a: Golduck|91\/100|[from] item: Life Orb\n|\n|-weather|RainDance|[upkeep]\n|upkeep\n|\n|t:|1700974779\n|switch|p1a: Jolteon|Jolteon, M|100\/100\n|turn|11\n|\n|t:|1700974794\n|move|p2a: Golduck|Surf|p1a: Jolteon\n|-damage|p1a: Jolteon|0 fnt\n|faint|p1a: Jolteon\n|-damage|p2a: Golduck|81\/100|[from] item: Life Orb\n|\n|-weather|RainDance|[upkeep]\n|upkeep\n|\n|t:|1700974805\n|switch|p1a: Thundurus|Thundurus, M|100\/100\n|turn|12\n|\n|t:|1700974808\n|move|p1a: Thundurus|Thunder Wave|p2a: Golduck\n|-status|p2a: Golduck|par\n|move|p2a: Golduck|Surf|p1a: Thundurus\n|-damage|p1a: Thundurus|11\/100\n|-enditem|p1a: Thundurus|Aguav Berry|[eat]\n|-heal|p1a: Thundurus|44\/100|[from] item: Aguav Berry\n|-damage|p2a: Golduck|71\/100 par|[from] item: Life Orb\n|\n|-weather|RainDance|[upkeep]\n|upkeep\n|turn|13\n|\n|t:|1700974820\n|move|p1a: Thundurus|U-turn|p2a: Golduck\n|-damage|p2a: Golduck|37\/100 par\n|\n|t:|1700974825\n|switch|p1a: Kyogre|Kyogre|85\/100|[from] U-turn\n|move|p2a: Golduck|Surf|p1a: Kyogre\n|-resisted|p1a: Kyogre\n|-damage|p1a: Kyogre|58\/100\n|-damage|p2a: Golduck|27\/100 par|[from] item: Life Orb\n|\n|-weather|none\n|upkeep\n|turn|14\n|\n|t:|1700974835\n|move|p1a: Kyogre|Surf|p2a: Golduck\n|-resisted|p2a: Golduck\n|-damage|p2a: Golduck|0 fnt\n|faint|p2a: Golduck\n|\n|upkeep\n|\n|t:|1700974841\n|switch|p2a: Gyarados|Gyarados, F, shiny|100\/100\n|-ability|p2a: Gyarados|Intimidate|boost\n|-unboost|p1a: Kyogre|atk|1\n|turn|15\n|\n|t:|1700974854\n|move|p1a: Kyogre|Surf|p2a: Gyarados\n|-resisted|p2a: Gyarados\n|-damage|p2a: Gyarados|70\/100\n|move|p2a: Gyarados|Waterfall|p1a: Kyogre\n|-resisted|p1a: Kyogre\n|-damage|p1a: Kyogre|39\/100\n|\n|-heal|p2a: Gyarados|76\/100|[from] item: Leftovers\n|upkeep\n|turn|16\n|\n|t:|1700974861\n|move|p1a: Kyogre|Surf|p2a: Gyarados\n|-resisted|p2a: Gyarados\n|-damage|p2a: Gyarados|45\/100\n|move|p2a: Gyarados|Waterfall|p1a: Kyogre\n|-resisted|p1a: Kyogre\n|-damage|p1a: Kyogre|21\/100\n|\n|-heal|p2a: Gyarados|51\/100|[from] item: Leftovers\n|upkeep\n|turn|17\n|\n|t:|1700974869\n|move|p1a: Kyogre|Surf|p2a: Gyarados\n|-resisted|p2a: Gyarados\n|-damage|p2a: Gyarados|24\/100\n|move|p2a: Gyarados|Waterfall|p1a: Kyogre\n|-resisted|p1a: Kyogre\n|-damage|p1a: Kyogre|3\/100\n|\n|-heal|p2a: Gyarados|30\/100|[from] item: Leftovers\n|upkeep\n|turn|18\n|\n|t:|1700974889\n|move|p1a: Kyogre|Surf|p2a: Gyarados\n|-resisted|p2a: Gyarados\n|-damage|p2a: Gyarados|3\/100\n|move|p2a: Gyarados|Waterfall|p1a: Kyogre\n|-resisted|p1a: Kyogre\n|-damage|p1a: Kyogre|0 fnt\n|faint|p1a: Kyogre\n|\n|-heal|p2a: Gyarados|9\/100|[from] item: Leftovers\n|upkeep\n|\n|t:|1700974909\n|switch|p1a: Drednaw|Drednaw, M|100\/100\n|turn|19\n|\n|t:|1700974913\n|move|p2a: Gyarados|Bite|p1a: Drednaw\n|-crit|p1a: Drednaw\n|-damage|p1a: Drednaw|63\/100\n|move|p1a: Drednaw|Shell Smash|p1a: Drednaw\n|-unboost|p1a: Drednaw|def|1\n|-unboost|p1a: Drednaw|spd|1\n|-boost|p1a: Drednaw|atk|2\n|-boost|p1a: Drednaw|spa|2\n|-boost|p1a: Drednaw|spe|2\n|-enditem|p1a: Drednaw|White Herb\n|-clearnegativeboost|p1a: Drednaw|[silent]\n|\n|-heal|p2a: Gyarados|15\/100|[from] item: Leftovers\n|upkeep\n|turn|20\n|\n|t:|1700974927\n|move|p1a: Drednaw|Rock Slide|p2a: Gyarados\n|-supereffective|p2a: Gyarados\n|-damage|p2a: Gyarados|0 fnt\n|faint|p2a: Gyarados\n|\n|upkeep\n|\n|t:|1700974938\n|switch|p2a: Glaceon|Glaceon, M|100\/100\n|turn|21\n|\n|t:|1700974952\n|move|p1a: Drednaw|Rock Slide|p2a: Glaceon\n|-supereffective|p2a: Glaceon\n|-damage|p2a: Glaceon|0 fnt\n|faint|p2a: Glaceon\n|\n|win|lancestock\n","uploadtime":1700974961,"views":44,"p1id":"lancestock","p2id":"tatraa","formatid":"gen9anythinggoes","rating":0,"private":0,"password":""}