{"id":"gen9anythinggoes-1972189125","p1":"MarceloMonotype","p2":"Akbar12","format":"[Gen 9] Anything Goes","log":"|j|\u2606MarceloMonotype\n|j|\u2606Akbar12\n|t:|1697820031\n|gametype|singles\n|player|p1|MarceloMonotype|wattson|1309\n|player|p2|Akbar12|265|1331\n|teamsize|p1|6\n|teamsize|p2|6\n|gen|9\n|tier|[Gen 9] Anything Goes\n|rated|\n|rule|HP Percentage Mod: HP is shown in percentages\n|rule|Endless Battle Clause: Forcing endless battles is banned\n|clearpoke\n|poke|p1|Iron Valiant|\n|poke|p1|Magearna|\n|poke|p1|Gardevoir, F|\n|poke|p1|Hatterene, F|\n|poke|p1|Diancie|\n|poke|p1|Scream Tail|\n|poke|p2|Zoroark-Hisui, M|\n|poke|p2|Abomasnow, M|\n|poke|p2|Slowking, M|\n|poke|p2|Cyclizar, M|\n|poke|p2|Cetitan, F|\n|poke|p2|Eiscue, F|\n|teampreview\n|inactive|Battle timer is ON: inactive players will automatically lose when time's up. (requested by MarceloMonotype)\n|j| ghjkjuhgvbnuygvbnm\n|\n|t:|1697820039\n|start\n|switch|p1a: Hypno|Scream Tail|100\/100\n|switch|p2a: Eiscue|Eiscue, F|100\/100\n|-enditem|p1a: Hypno|Booster Energy\n|-activate|p1a: Hypno|ability: Protosynthesis|[fromitem]\n|-start|p1a: Hypno|protosynthesisspe\n|turn|1\n|\n|t:|1697820048\n|switch|p2a: Slowking|Slowking, M|100\/100\n|move|p1a: Hypno|Thunder Wave|p2a: Slowking\n|-status|p2a: Slowking|par\n|\n|upkeep\n|turn|2\n|\n|t:|1697820058\n|-end|p1a: Hypno|Protosynthesis|[silent]\n|switch|p1a: Athena|Gardevoir, F|100\/100\n|move|p2a: Slowking|Future Sight|p1a: Athena\n|-start|p2a: Slowking|move: Future Sight\n|\n|upkeep\n|turn|3\n|\n|t:|1697820064\n|move|p1a: Athena|Light Screen|p1a: Athena\n|-sidestart|p1: MarceloMonotype|move: Light Screen\n|move|p2a: Slowking|Chilly Reception|p2a: Slowking\n|-weather|Snow\n|\n|t:|1697820072\n|switch|p2a: Cetitan|Cetitan, F|100\/100|[from] Chilly Reception\n|\n|-weather|Snow|[upkeep]\n|upkeep\n|turn|4\n|\n|t:|1697820078\n|move|p2a: Cetitan|Heavy Slam|p1a: Athena\n|-supereffective|p1a: Athena\n|-damage|p1a: Athena|0 fnt\n|faint|p1a: Athena\n|\n|-weather|Snow|[upkeep]\n|-hint|Future Sight did not hit because the target is fainted.\n|upkeep\n|\n|t:|1697820084\n|switch|p1a: Hypno|Scream Tail|100\/100\n|turn|5\n|\n|t:|1697820088\n|move|p2a: Cetitan|Heavy Slam|p1a: Hypno\n|-supereffective|p1a: Hypno\n|-damage|p1a: Hypno|39\/100\n|move|p1a: Hypno|Thunder Wave|p2a: Cetitan\n|-status|p2a: Cetitan|par\n|\n|-weather|Snow|[upkeep]\n|upkeep\n|turn|6\n|\n|t:|1697820098\n|move|p1a: Hypno|Reflect|p1a: Hypno\n|-sidestart|p1: MarceloMonotype|Reflect\n|move|p2a: Cetitan|Heavy Slam|p1a: Hypno\n|-supereffective|p1a: Hypno\n|-damage|p1a: Hypno|8\/100\n|\n|-weather|Snow|[upkeep]\n|upkeep\n|turn|7\n|\n|t:|1697820113\n|switch|p2a: Eiscue|Eiscue, F|100\/100\n|move|p1a: Hypno|Perish Song|p1a: Hypno\n|-start|p1a: Hypno|perish3|[silent]\n|-start|p2a: Eiscue|perish3|[silent]\n|-fieldactivate|move: Perish Song\n|\n|-weather|none\n|-start|p2a: Eiscue|perish3\n|-start|p1a: Hypno|perish3\n|upkeep\n|turn|8\n|\n|t:|1697820123\n|-end|p1a: Hypno|Protosynthesis|[silent]\n|switch|p1a: Aphrodite|Magearna|100\/100\n|move|p2a: Eiscue|Flamethrower|p1a: Aphrodite\n|-supereffective|p1a: Aphrodite\n|-damage|p1a: Aphrodite|74\/100\n|-status|p1a: Aphrodite|brn\n|\n|-heal|p1a: Aphrodite|80\/100 brn|[from] item: Leftovers\n|-damage|p1a: Aphrodite|74\/100 brn|[from] brn\n|-start|p2a: Eiscue|perish2\n|upkeep\n|turn|9\n|\n|t:|1697820137\n|switch|p2a: Slowking|Slowking, M|100\/100 par\n|move|p1a: Aphrodite|Calm Mind|p1a: Aphrodite\n|-boost|p1a: Aphrodite|spa|1\n|-boost|p1a: Aphrodite|spd|1\n|\n|-heal|p1a: Aphrodite|80\/100 brn|[from] item: Leftovers\n|-damage|p1a: Aphrodite|74\/100 brn|[from] brn\n|upkeep\n|turn|10\n|l| ghjkjuhgvbnuygvbnm\n|inactive|Akbar12 has 120 seconds left.\n|\n|t:|1697820175\n|move|p1a: Aphrodite|Calm Mind|p1a: Aphrodite\n|-boost|p1a: Aphrodite|spa|1\n|-boost|p1a: Aphrodite|spd|1\n|move|p2a: Slowking|Chilly Reception|p2a: Slowking\n|-weather|Snow\n|\n|t:|1697820200\n|switch|p2a: Cetitan|Cetitan, F|100\/100 par|[from] Chilly Reception\n|\n|-weather|Snow|[upkeep]\n|-heal|p1a: Aphrodite|80\/100 brn|[from] item: Leftovers\n|-damage|p1a: Aphrodite|74\/100 brn|[from] brn\n|-sideend|p1: MarceloMonotype|Reflect\n|-sideend|p1: MarceloMonotype|move: Light Screen\n|upkeep\n|turn|11\n|\n|t:|1697820209\n|move|p2a: Cetitan|Earthquake|p1a: Aphrodite\n|-supereffective|p1a: Aphrodite\n|-damage|p1a: Aphrodite|26\/100 brn\n|move|p1a: Aphrodite|Iron Defense|p1a: Aphrodite\n|-boost|p1a: Aphrodite|def|2\n|\n|-weather|Snow|[upkeep]\n|-heal|p1a: Aphrodite|32\/100 brn|[from] item: Leftovers\n|-damage|p1a: Aphrodite|26\/100 brn|[from] brn\n|upkeep\n|turn|12\n|\n|t:|1697820228\n|-terastallize|p1a: Aphrodite|Ground\n|move|p2a: Cetitan|Earthquake|p1a: Aphrodite\n|-damage|p1a: Aphrodite|13\/100 brn\n|move|p1a: Aphrodite|Draining Kiss|p2a: Cetitan\n|-damage|p2a: Cetitan|75\/100 par\n|-heal|p1a: Aphrodite|43\/100 brn|[from] drain|[of] p2a: Cetitan\n|\n|-weather|Snow|[upkeep]\n|-heal|p1a: Aphrodite|49\/100 brn|[from] item: Leftovers\n|-damage|p1a: Aphrodite|43\/100 brn|[from] brn\n|upkeep\n|turn|13\n|inactive|Akbar12 has 90 seconds left.\n|\n|t:|1697820248\n|switch|p2a: Eiscue|Eiscue, F|100\/100\n|move|p1a: Aphrodite|Baton Pass|p1a: Aphrodite\n|\n|t:|1697820252\n|switch|p1a: Nix|Hatterene, F, shiny|100\/100|[from] Baton Pass\n|\n|-weather|Snow|[upkeep]\n|upkeep\n|turn|14\n|inactive|Akbar12 has 90 seconds left.\n|\n|t:|1697820269\n|switch|p2a: Slowking|Slowking, M|100\/100 par\n|move|p1a: Nix|Trick Room|p1a: Nix\n|-fieldstart|move: Trick Room|[of] p1a: Nix\n|\n|-weather|none\n|upkeep\n|turn|15\n|inactive|Akbar12 has 90 seconds left.\n|\n|t:|1697820303\n|cant|p2a: Slowking|par\n|move|p1a: Nix|Stored Power|p2a: Slowking\n|-resisted|p2a: Slowking\n|-damage|p2a: Slowking|33\/100 par\n|\n|upkeep\n|turn|16\n|\n|t:|1697820314\n|move|p2a: Slowking|Chilly Reception|p2a: Slowking\n|-weather|Snow\n|inactive|Akbar12 has 60 seconds left.\n|\n|t:|1697820357\n|switch|p2a: Abomasnow|Abomasnow, M|100\/100|[from] Chilly Reception\n|move|p1a: Nix|Stored Power|p2a: Abomasnow\n|-damage|p2a: Abomasnow|0 fnt\n|faint|p2a: Abomasnow\n|\n|-weather|Snow|[upkeep]\n|upkeep\n|inactive|Akbar12 has 30 seconds left.\n|inactive|Akbar12 has 20 seconds left.\n|\n|t:|1697820386\n|switch|p2a: Cetitan|Cetitan, F|75\/100 par\n|turn|17\n|inactive|Akbar12 has 30 seconds left this turn.\n|\n|t:|1697820392\n|move|p1a: Nix|Stored Power|p2a: Cetitan\n|-damage|p2a: Cetitan|0 fnt\n|faint|p2a: Cetitan\n|\n|-weather|Snow|[upkeep]\n|upkeep\n|inactive|Akbar12 has 30 seconds left this turn.\n|\n|t:|1697820402\n|switch|p2a: Slowking|Slowking, M|67\/100 par\n|turn|18\n|inactive|Akbar12 has 30 seconds left.\n|\n|t:|1697820408\n|move|p2a: Slowking|Chilly Reception|p2a: Slowking\n|inactive|Akbar12 has 30 seconds left.\n|\n|t:|1697820418\n|switch|p2a: Eiscue|Eiscue, F|100\/100|[from] Chilly Reception\n|move|p1a: Nix|Stored Power|p2a: Eiscue\n|-damage|p2a: Eiscue|0 fnt\n|faint|p2a: Eiscue\n|\n|-weather|Snow|[upkeep]\n|-fieldend|move: Trick Room\n|upkeep\n|inactive|Akbar12 has 30 seconds left.\n|\n|t:|1697820429\n|switch|p2a: Cyclizar|Cyclizar, M|100\/100\n|turn|19\n|\n|t:|1697820437\n|move|p2a: Cyclizar|Trick|p1a: Nix\n|-activate|p2a: Cyclizar|move: Trick|[of] p1a: Nix\n|-item|p1a: Nix|Choice Scarf|[from] move: Trick\n|-item|p2a: Cyclizar|Heavy-Duty Boots|[from] move: Trick\n|move|p1a: Nix|Trick Room|p1a: Nix\n|-fieldstart|move: Trick Room|[of] p1a: Nix\n|\n|-weather|Snow|[upkeep]\n|upkeep\n|turn|20\n|\n|t:|1697820446\n|switch|p1a: Hypno|Scream Tail|8\/100\n|move|p2a: Cyclizar|Nasty Plot|p2a: Cyclizar\n|-boost|p2a: Cyclizar|spa|2\n|\n|-weather|none\n|upkeep\n|turn|21\n|inactive|Akbar12 has 30 seconds left.\n|\n|t:|1697820470\n|switch|p2a: Slowking|Slowking, M|99\/100 par\n|move|p1a: Hypno|Perish Song|p1a: Hypno\n|-start|p1a: Hypno|perish3|[silent]\n|-start|p2a: Slowking|perish3|[silent]\n|-fieldactivate|move: Perish Song\n|\n|-start|p2a: Slowking|perish3\n|-start|p1a: Hypno|perish3\n|upkeep\n|turn|22\n|inactive|Akbar12 has 30 seconds left.\n|\n|t:|1697820483\n|move|p2a: Slowking|Future Sight|p1a: Hypno\n|-start|p2a: Slowking|move: Future Sight\n|move|p1a: Hypno|Light Screen|p1a: Hypno\n|-sidestart|p1: MarceloMonotype|move: Light Screen\n|\n|-start|p2a: Slowking|perish2\n|-start|p1a: Hypno|perish2\n|upkeep\n|turn|23\n|inactive|Akbar12 has 30 seconds left.\n|inactive|MarceloMonotype has 120 seconds left.\n|\n|t:|1697820525\n|switch|p2a: Cyclizar|Cyclizar, M|100\/100\n|move|p1a: Hypno|Reflect|p1a: Hypno\n|-sidestart|p1: MarceloMonotype|Reflect\n|\n|-start|p1a: Hypno|perish1\n|-fieldend|move: Trick Room\n|upkeep\n|turn|24\n|\n|t:|1697820533\n|move|p1a: Hypno|Perish Song|p1a: Hypno\n|-start|p2a: Cyclizar|perish3|[silent]\n|-fieldactivate|move: Perish Song\n|move|p2a: Cyclizar|Nasty Plot|p2a: Cyclizar\n|-boost|p2a: Cyclizar|spa|2\n|\n|-end|p1a: Hypno|move: Future Sight\n|-resisted|p1a: Hypno\n|-damage|p1a: Hypno|0 fnt\n|faint|p1a: Hypno\n|-end|p1a: Hypno|Protosynthesis|[silent]\n|-start|p2a: Cyclizar|perish3\n|upkeep\n|\n|t:|1697820544\n|switch|p1a: Nemesis|Diancie, shiny|100\/100\n|turn|25\n|\n|t:|1697820555\n|move|p2a: Cyclizar|Shadow Ball|p1a: Nemesis\n|-damage|p1a: Nemesis|71\/100\n|move|p1a: Nemesis|Rock Polish|p1a: Nemesis\n|-boost|p1a: Nemesis|spe|2\n|\n|-heal|p1a: Nemesis|77\/100|[from] item: Leftovers\n|-start|p2a: Cyclizar|perish2\n|upkeep\n|turn|26\n|inactive|MarceloMonotype has 120 seconds left.\n|\n|t:|1697820570\n|switch|p2a: Slowking|Slowking, M|100\/100 par\n|move|p1a: Nemesis|Rock Polish|p1a: Nemesis\n|-boost|p1a: Nemesis|spe|2\n|\n|-heal|p1a: Nemesis|83\/100|[from] item: Leftovers\n|-sideend|p1: MarceloMonotype|move: Light Screen\n|upkeep\n|turn|27\n|\n|t:|1697820580\n|move|p1a: Nemesis|Rock Polish|p1a: Nemesis\n|-boost|p1a: Nemesis|spe|2\n|move|p2a: Slowking|Scald|p1a: Nemesis\n|-supereffective|p1a: Nemesis\n|-damage|p1a: Nemesis|42\/100\n|-status|p1a: Nemesis|brn\n|\n|-heal|p1a: Nemesis|48\/100 brn|[from] item: Leftovers\n|-damage|p1a: Nemesis|42\/100 brn|[from] brn\n|-sideend|p1: MarceloMonotype|Reflect\n|upkeep\n|turn|28\n|inactive|MarceloMonotype has 120 seconds left.\n|\n|t:|1697820602\n|move|p1a: Nemesis|Baton Pass|p1a: Nemesis\n|\n|t:|1697820605\n|switch|p1a: Aphrodite|Magearna, tera:Ground|43\/100 brn|[from] Baton Pass\n|move|p2a: Slowking|Scald|p1a: Aphrodite\n|-supereffective|p1a: Aphrodite\n|-damage|p1a: Aphrodite|0 fnt\n|faint|p1a: Aphrodite\n|\n|upkeep\n|inactive|MarceloMonotype has 120 seconds left.\n|\n|t:|1697820614\n|switch|p1a: Ares|Iron Valiant|100\/100\n|-enditem|p1a: Ares|Booster Energy\n|-activate|p1a: Ares|ability: Quark Drive|[fromitem]\n|-start|p1a: Ares|quarkdrivespe\n|turn|29\n|inactive|Akbar12 has 60 seconds left.\n|\n|t:|1697820622\n|move|p1a: Ares|Hex|p2a: Slowking\n|-supereffective|p2a: Slowking\n|-damage|p2a: Slowking|32\/100 par\n|move|p2a: Slowking|Scald|p1a: Ares\n|-damage|p1a: Ares|48\/100\n|\n|upkeep\n|turn|30\n|inactive|Akbar12 has 60 seconds left.\n|\n|t:|1697820633\n|switch|p2a: Cyclizar|Cyclizar, M|100\/100\n|move|p1a: Ares|Hex|p2a: Cyclizar\n|-immune|p2a: Cyclizar\n|\n|upkeep\n|turn|31\n|inactive|Akbar12 has 60 seconds left.\n|\n|t:|1697820670\n|switch|p2a: Slowking|Slowking, M|65\/100 par\n|move|p1a: Ares|Aura Sphere|p2a: Slowking\n|-resisted|p2a: Slowking\n|-damage|p2a: Slowking|49\/100 par\n|\n|upkeep\n|turn|32\n|\n|t:|1697820680\n|switch|p2a: Cyclizar|Cyclizar, M|100\/100\n|move|p1a: Ares|Hex|p2a: Cyclizar\n|-immune|p2a: Cyclizar\n|\n|upkeep\n|turn|33\n|\n|t:|1697820690\n|move|p1a: Ares|Aura Sphere|p2a: Cyclizar\n|-immune|p2a: Cyclizar\n|move|p2a: Cyclizar|Flamethrower|p1a: Ares\n|-damage|p1a: Ares|0 fnt\n|faint|p1a: Ares\n|-end|p1a: Ares|Quark Drive|[silent]\n|\n|upkeep\n|\n|t:|1697820701\n|switch|p1a: Nemesis|Diancie, shiny|42\/100 brn\n|turn|34\n|\n|t:|1697820712\n|move|p2a: Cyclizar|Nasty Plot|p2a: Cyclizar\n|-boost|p2a: Cyclizar|spa|2\n|move|p1a: Nemesis|Draining Kiss|p2a: Cyclizar\n|-damage|p2a: Cyclizar|63\/100\n|-heal|p1a: Nemesis|65\/100 brn|[from] drain|[of] p2a: Cyclizar\n|replace|p2a: Zoroark|Zoroark-Hisui, M\n|-end|p2a: Zoroark|Illusion\n|\n|-heal|p1a: Nemesis|71\/100 brn|[from] item: Leftovers\n|-damage|p1a: Nemesis|65\/100 brn|[from] brn\n|upkeep\n|turn|35\n|\n|t:|1697820723\n|move|p2a: Zoroark|Shadow Ball|p1a: Nemesis\n|-crit|p1a: Nemesis\n|-damage|p1a: Nemesis|0 fnt\n|faint|p1a: Nemesis\n|\n|upkeep\n|\n|t:|1697820726\n|switch|p1a: Nix|Hatterene, F, shiny|100\/100\n|turn|36\n|\n|t:|1697820731\n|move|p2a: Zoroark|Shadow Ball|p1a: Nix\n|-supereffective|p1a: Nix\n|-damage|p1a: Nix|0 fnt\n|faint|p1a: Nix\n|\n|win|Akbar12\n|raw|MarceloMonotype's rating: 1309 &rarr; <strong>1290<\/strong><br \/>(-19 for losing)\n|raw|Akbar12's rating: 1331 &rarr; <strong>1350<\/strong><br \/>(+19 for winning)\n|l|\u2606MarceloMonotype\n","uploadtime":1697820755,"views":11,"p1id":"marcelomonotype","p2id":"akbar12","formatid":"gen9anythinggoes","rating":1290,"private":0,"password":""}