{"id":"gen9anythinggoes-1997094615","p1":"Lagartijo","p2":"YIPPEEEEEEEE","format":"[Gen 9] Anything Goes","log":"|j|\u2606Lagartijo\n|j|\u2606YIPPEEEEEEEE\n|t:|1700763945\n|gametype|singles\n|player|p1|Lagartijo|brawly|1257\n|player|p2|YIPPEEEEEEEE|cynthia|1129\n|teamsize|p1|6\n|teamsize|p2|6\n|gen|9\n|tier|[Gen 9] Anything Goes\n|rated|\n|rule|HP Percentage Mod: HP is shown in percentages\n|rule|Endless Battle Clause: Forcing endless battles is banned\n|clearpoke\n|poke|p1|Ursaluna-Bloodmoon, M|\n|poke|p1|Ursaluna, F|\n|poke|p1|Grafaiai, M|\n|poke|p1|Maushold-Four|\n|poke|p1|Zoroark-Hisui, M|\n|poke|p1|Ambipom, M|\n|poke|p2|Eternatus|\n|poke|p2|Arcanine-Hisui, M|\n|poke|p2|Walking Wake|\n|poke|p2|Sandy Shocks|\n|poke|p2|Ninetales-Alola, F|\n|poke|p2|Great Tusk|\n|teampreview\n|\n|t:|1700763965\n|start\n|switch|p1a: Ambipom|Ambipom, M|100\/100\n|switch|p2a: Skelly boi|Eternatus|100\/100\n|-ability|p2a: Skelly boi|Pressure\n|turn|1\n|\n|t:|1700763974\n|-terastallize|p2a: Skelly boi|Dark\n|move|p1a: Ambipom|Fake Out|p2a: Skelly boi\n|-enditem|p1a: Ambipom|Normal Gem|[from] gem\n|-damage|p2a: Skelly boi|69\/100\n|cant|p2a: Skelly boi|flinch\n|\n|upkeep\n|turn|2\n|\n|t:|1700763984\n|move|p2a: Skelly boi|Tera Blast|p1a: Ambipom|[anim] Tera Blast Dark\n|-damage|p1a: Ambipom|0 fnt\n|faint|p1a: Ambipom\n|\n|upkeep\n|\n|t:|1700764010\n|switch|p1a: Ursaluna|Ursaluna-Bloodmoon, M|100\/100\n|turn|3\n|\n|t:|1700764015\n|move|p2a: Skelly boi|Tera Blast|p1a: Ursaluna|[anim] Tera Blast Dark\n|-damage|p1a: Ursaluna|21\/100\n|move|p1a: Ursaluna|Blood Moon|p2a: Skelly boi\n|-damage|p2a: Skelly boi|0 fnt\n|faint|p2a: Skelly boi\n|-damage|p1a: Ursaluna|11\/100|[from] item: Life Orb\n|\n|upkeep\n|\n|t:|1700764025\n|switch|p2a: ITS A TREX|Walking Wake|100\/100\n|-enditem|p2a: ITS A TREX|Booster Energy\n|-activate|p2a: ITS A TREX|ability: Protosynthesis|[fromitem]\n|-start|p2a: ITS A TREX|protosynthesisspa\n|turn|4\n|\n|t:|1700764032\n|move|p2a: ITS A TREX|Aqua Jet|p1a: Ursaluna\n|-supereffective|p1a: Ursaluna\n|-damage|p1a: Ursaluna|0 fnt\n|faint|p1a: Ursaluna\n|\n|upkeep\n|\n|t:|1700764041\n|switch|p1a: Maushold|Maushold-Four|100\/100\n|turn|5\n|\n|t:|1700764045\n|move|p1a: Maushold|Trick|p2a: ITS A TREX\n|-activate|p1a: Maushold|move: Trick|[of] p2a: ITS A TREX\n|-item|p2a: ITS A TREX|Choice Scarf|[from] move: Trick\n|-enditem|p1a: Maushold|Choice Scarf|[silent]|[from] move: Trick\n|move|p2a: ITS A TREX|Dragon Pulse|p1a: Maushold\n|-damage|p1a: Maushold|0 fnt\n|replace|p1a: Zoroark|Zoroark-Hisui, M\n|-end|p1a: Zoroark|Illusion\n|faint|p1a: Zoroark\n|\n|upkeep\n|\n|t:|1700764072\n|switch|p1a: Ursaluna|Ursaluna, F, shiny|100\/100\n|turn|6\n|\n|t:|1700764089\n|move|p2a: ITS A TREX|Dragon Pulse|p1a: Ursaluna\n|-damage|p1a: Ursaluna|49\/100\n|move|p1a: Ursaluna|Facade|p2a: ITS A TREX\n|-damage|p2a: ITS A TREX|53\/100\n|\n|-status|p1a: Ursaluna|brn|[from] item: Flame Orb\n|upkeep\n|turn|7\n|\n|t:|1700764098\n|move|p2a: ITS A TREX|Dragon Pulse|p1a: Ursaluna\n|-damage|p1a: Ursaluna|3\/100 brn\n|move|p1a: Ursaluna|Facade|p2a: ITS A TREX\n|-damage|p2a: ITS A TREX|0 fnt\n|faint|p2a: ITS A TREX\n|-end|p2a: ITS A TREX|Protosynthesis|[silent]\n|\n|-damage|p1a: Ursaluna|0 fnt|[from] brn\n|faint|p1a: Ursaluna\n|upkeep\n|\n|t:|1700764109\n|switch|p2a: The main event|Arcanine-Hisui, M, shiny|100\/100\n|switch|p1a: Grafaiai|Grafaiai, M, shiny|100\/100\n|turn|8\n|\n|t:|1700764126\n|move|p2a: The main event|Flare Blitz|p1a: Grafaiai\n|-damage|p1a: Grafaiai|13\/100\n|-enditem|p1a: Grafaiai|Sitrus Berry|[eat]\n|-heal|p1a: Grafaiai|38\/100|[from] item: Sitrus Berry\n|move|p1a: Grafaiai|Swords Dance|p1a: Grafaiai\n|-boost|p1a: Grafaiai|atk|2\n|\n|upkeep\n|turn|9\n|\n|t:|1700764138\n|move|p1a: Grafaiai|Giga Impact|p2a: The main event\n|-resisted|p2a: The main event\n|-damage|p2a: The main event|2\/100\n|-mustrecharge|p1a: Grafaiai\n|move|p2a: The main event|Flare Blitz|p1a: Grafaiai\n|-damage|p1a: Grafaiai|0 fnt\n|faint|p1a: Grafaiai\n|\n|upkeep\n|\n|t:|1700764144\n|switch|p1a: Maushold|Maushold-Four|100\/100\n|turn|10\n|\n|t:|1700764152\n|move|p1a: Maushold|Bullet Seed|p2a: The main event\n|-damage|p2a: The main event|0 fnt\n|faint|p2a: The main event\n|-hitcount|p2: The main event|1\n|\n|upkeep\n|\n|t:|1700764159\n|switch|p2a: Facial hair|Sandy Shocks, shiny|100\/100\n|-enditem|p2a: Facial hair|Booster Energy\n|-activate|p2a: Facial hair|ability: Protosynthesis|[fromitem]\n|-start|p2a: Facial hair|protosynthesisspa\n|turn|11\n|\n|t:|1700764170\n|-terastallize|p1a: Maushold|Grass\n|move|p1a: Maushold|Tidy Up|p1a: Maushold\n|-boost|p1a: Maushold|atk|1\n|-boost|p1a: Maushold|spe|1\n|move|p2a: Facial hair|Thunderbolt|p1a: Maushold\n|-resisted|p1a: Maushold\n|-damage|p1a: Maushold|54\/100\n|\n|upkeep\n|turn|12\n|\n|t:|1700764179\n|move|p1a: Maushold|Bullet Seed|p2a: Facial hair\n|-supereffective|p2a: Facial hair\n|-damage|p2a: Facial hair|54\/100\n|-supereffective|p2a: Facial hair\n|-damage|p2a: Facial hair|12\/100\n|-supereffective|p2a: Facial hair\n|-damage|p2a: Facial hair|0 fnt\n|faint|p2a: Facial hair\n|-end|p2a: Facial hair|Protosynthesis|[silent]\n|-hitcount|p2: Facial hair|3\n|\n|upkeep\n|\n|t:|1700764187\n|switch|p2a: elsa|Ninetales-Alola, F, shiny|100\/100\n|-weather|Snow|[from] ability: Snow Warning|[of] p2a: elsa\n|turn|13\n|\n|t:|1700764203\n|move|p1a: Maushold|Population Bomb|p2a: elsa\n|-damage|p2a: elsa|84\/100\n|-damage|p2a: elsa|67\/100\n|-damage|p2a: elsa|50\/100\n|-damage|p2a: elsa|33\/100\n|-damage|p2a: elsa|18\/100\n|-damage|p2a: elsa|0 fnt\n|faint|p2a: elsa\n|-hitcount|p2: elsa|6\n|\n|-weather|Snow|[upkeep]\n|upkeep\n|n|!YIPPEEEEEEEE|yippeeeeeeee\n|-message|YIPPEEEEEEEE forfeited.\n|\n|win|Lagartijo\n|raw|Lagartijo's rating: 1257 &rarr; <strong>1273<\/strong><br \/>(+16 for winning)\n|raw|YIPPEEEEEEEE's rating: 1129 &rarr; <strong>1113<\/strong><br \/>(-16 for losing)\n|l|!YIPPEEEEEEEE\n","uploadtime":1700764229,"views":0,"p1id":"lagartijo","p2id":"yippeeeeeeee","formatid":"gen9anythinggoes","rating":1113,"private":0,"password":""}