{"id":"gen9anythinggoes-1983719726","p1":"ChokingIsAGambit","p2":"Blacksunzongetsu","format":"[Gen 9] Anything Goes","log":"|j|\u2606ChokingIsAGambit\n|j|\u2606Blacksunzongetsu\n|t:|1699166869\n|gametype|singles\n|player|p1|ChokingIsAGambit|acerola-masters|1050\n|player|p2|Blacksunzongetsu|102|1041\n|teamsize|p1|6\n|teamsize|p2|6\n|gen|9\n|tier|[Gen 9] Anything Goes\n|rated|\n|rule|HP Percentage Mod: HP is shown in percentages\n|rule|Endless Battle Clause: Forcing endless battles is banned\n|clearpoke\n|poke|p1|Scovillain, F|\n|poke|p1|Scovillain, F|\n|poke|p1|Scovillain, M|\n|poke|p1|Scovillain, M|\n|poke|p1|Scovillain, M|\n|poke|p1|Scovillain, F|\n|poke|p2|Skeledirge, M|\n|poke|p2|Ceruledge, M|\n|poke|p2|Kingambit, M|\n|poke|p2|Walking Wake|\n|poke|p2|Meowscarada, F|\n|poke|p2|Dragonite, M|\n|teampreview\n|inactive|Battle timer is ON: inactive players will automatically lose when time's up. (requested by ChokingIsAGambit)\n|\n|t:|1699166881\n|start\n|switch|p1a: let me cook|Scovillain, F|100\/100\n|switch|p2a: Skeledirge|Skeledirge, M|100\/100\n|turn|1\n|\n|t:|1699166897\n|-terastallize|p1a: let me cook|Water\n|move|p1a: let me cook|Substitute|p1a: let me cook\n|-start|p1a: let me cook|Substitute\n|-damage|p1a: let me cook|76\/100\n|move|p2a: Skeledirge|Shadow Ball|p1a: let me cook\n|-end|p1a: let me cook|Substitute\n|\n|-heal|p1a: let me cook|82\/100|[from] item: Leftovers\n|-ability|p1a: let me cook|Moody|boost\n|-boost|p1a: let me cook|def|2\n|-unboost|p1a: let me cook|atk|1\n|upkeep\n|turn|2\n|c|\u2606Blacksunzongetsu|should i be scared of your team\n|\n|t:|1699166911\n|move|p1a: let me cook|Leech Seed|p2a: Skeledirge\n|-start|p2a: Skeledirge|move: Leech Seed\n|move|p2a: Skeledirge|Hyper Voice|p1a: let me cook\n|-damage|p1a: let me cook|43\/100\n|\n|-heal|p1a: let me cook|49\/100|[from] item: Leftovers\n|-damage|p2a: Skeledirge|88\/100|[from] Leech Seed|[of] p1a: let me cook\n|-heal|p1a: let me cook|62\/100|[silent]\n|-ability|p1a: let me cook|Moody|boost\n|-boost|p1a: let me cook|spa|2\n|-unboost|p1a: let me cook|def|1\n|upkeep\n|turn|3\n|\n|t:|1699166923\n|move|p1a: let me cook|Protect|p1a: let me cook\n|-singleturn|p1a: let me cook|Protect\n|move|p2a: Skeledirge|Hyper Voice|p1a: let me cook\n|-activate|p1a: let me cook|move: Protect\n|\n|-heal|p1a: let me cook|68\/100|[from] item: Leftovers\n|-heal|p2a: Skeledirge|94\/100|[from] item: Leftovers\n|-damage|p2a: Skeledirge|82\/100|[from] Leech Seed|[of] p1a: let me cook\n|-heal|p1a: let me cook|82\/100|[silent]\n|-ability|p1a: let me cook|Moody|boost\n|-boost|p1a: let me cook|spe|2\n|-unboost|p1a: let me cook|spd|1\n|upkeep\n|turn|4\n|c|\u2606ChokingIsAGambit|yes\n|\n|t:|1699166936\n|move|p1a: let me cook|Substitute|p1a: let me cook\n|-start|p1a: let me cook|Substitute\n|-damage|p1a: let me cook|57\/100\n|move|p2a: Skeledirge|Hyper Voice|p1a: let me cook\n|-damage|p1a: let me cook|14\/100\n|\n|-heal|p1a: let me cook|20\/100|[from] item: Leftovers\n|-heal|p2a: Skeledirge|88\/100|[from] item: Leftovers\n|-damage|p2a: Skeledirge|76\/100|[from] Leech Seed|[of] p1a: let me cook\n|-heal|p1a: let me cook|33\/100|[silent]\n|-ability|p1a: let me cook|Moody|boost\n|-boost|p1a: let me cook|spe|2\n|-unboost|p1a: let me cook|def|1\n|upkeep\n|turn|5\n|c|\u2606ChokingIsAGambit|if i get lucky\n|\n|t:|1699166949\n|move|p1a: let me cook|Protect|p1a: let me cook\n|-singleturn|p1a: let me cook|Protect\n|move|p2a: Skeledirge|Hyper Voice|p1a: let me cook\n|-activate|p1a: let me cook|move: Protect\n|\n|-heal|p1a: let me cook|39\/100|[from] item: Leftovers\n|-heal|p2a: Skeledirge|82\/100|[from] item: Leftovers\n|-damage|p2a: Skeledirge|69\/100|[from] Leech Seed|[of] p1a: let me cook\n|-heal|p1a: let me cook|53\/100|[silent]\n|-ability|p1a: let me cook|Moody|boost\n|-boost|p1a: let me cook|spd|2\n|-unboost|p1a: let me cook|def|1\n|upkeep\n|turn|6\n|\n|t:|1699166962\n|move|p1a: let me cook|Flamethrower|p2a: Skeledirge\n|-resisted|p2a: Skeledirge\n|-damage|p2a: Skeledirge|53\/100\n|move|p2a: Skeledirge|Torch Song|p1a: let me cook\n|-resisted|p1a: let me cook\n|-damage|p1a: let me cook|27\/100\n|-boost|p2a: Skeledirge|spa|1\n|\n|-heal|p1a: let me cook|33\/100|[from] item: Leftovers\n|-heal|p2a: Skeledirge|59\/100|[from] item: Leftovers\n|-damage|p2a: Skeledirge|47\/100|[from] Leech Seed|[of] p1a: let me cook\n|-heal|p1a: let me cook|47\/100|[silent]\n|-ability|p1a: let me cook|Moody|boost\n|-boost|p1a: let me cook|spa|2\n|-unboost|p1a: let me cook|spe|1\n|upkeep\n|turn|7\n|\n|t:|1699166977\n|move|p1a: let me cook|Protect|p1a: let me cook\n|-singleturn|p1a: let me cook|Protect\n|move|p2a: Skeledirge|Shadow Ball|p1a: let me cook\n|-activate|p1a: let me cook|move: Protect\n|\n|-heal|p1a: let me cook|53\/100|[from] item: Leftovers\n|-heal|p2a: Skeledirge|53\/100|[from] item: Leftovers\n|-damage|p2a: Skeledirge|41\/100|[from] Leech Seed|[of] p1a: let me cook\n|-heal|p1a: let me cook|66\/100|[silent]\n|-ability|p1a: let me cook|Moody|boost\n|-boost|p1a: let me cook|spa|2\n|-unboost|p1a: let me cook|spe|1\n|upkeep\n|turn|8\n|\n|t:|1699166989\n|move|p1a: let me cook|Flamethrower|p2a: Skeledirge\n|-resisted|p2a: Skeledirge\n|-damage|p2a: Skeledirge|24\/100\n|move|p2a: Skeledirge|Shadow Ball|p1a: let me cook\n|-crit|p1a: let me cook\n|-end|p1a: let me cook|Substitute\n|\n|-heal|p1a: let me cook|72\/100|[from] item: Leftovers\n|-heal|p2a: Skeledirge|30\/100|[from] item: Leftovers\n|-damage|p2a: Skeledirge|17\/100|[from] Leech Seed|[of] p1a: let me cook\n|-heal|p1a: let me cook|86\/100|[silent]\n|-ability|p1a: let me cook|Moody|boost\n|-boost|p1a: let me cook|spd|2\n|-unboost|p1a: let me cook|atk|1\n|upkeep\n|turn|9\n|\n|t:|1699167004\n|move|p1a: let me cook|Protect|p1a: let me cook\n|-singleturn|p1a: let me cook|Protect\n|move|p2a: Skeledirge|Shadow Ball|p1a: let me cook\n|-activate|p1a: let me cook|move: Protect\n|\n|-heal|p1a: let me cook|92\/100|[from] item: Leftovers\n|-heal|p2a: Skeledirge|23\/100|[from] item: Leftovers\n|-damage|p2a: Skeledirge|11\/100|[from] Leech Seed|[of] p1a: let me cook\n|-heal|p1a: let me cook|100\/100|[silent]\n|-ability|p1a: let me cook|Moody|boost\n|-boost|p1a: let me cook|def|2\n|-unboost|p1a: let me cook|spe|1\n|upkeep\n|turn|10\n|\n|t:|1699167017\n|move|p1a: let me cook|Substitute|p1a: let me cook\n|-start|p1a: let me cook|Substitute\n|-damage|p1a: let me cook|76\/100\n|move|p2a: Skeledirge|Shadow Ball|p1a: let me cook\n|-end|p1a: let me cook|Substitute\n|\n|-heal|p1a: let me cook|82\/100|[from] item: Leftovers\n|-heal|p2a: Skeledirge|17\/100|[from] item: Leftovers\n|-damage|p2a: Skeledirge|5\/100|[from] Leech Seed|[of] p1a: let me cook\n|-heal|p1a: let me cook|95\/100|[silent]\n|-ability|p1a: let me cook|Moody|boost\n|-boost|p1a: let me cook|atk|2\n|-unboost|p1a: let me cook|spd|1\n|upkeep\n|turn|11\n|\n|t:|1699167029\n|move|p1a: let me cook|Substitute|p1a: let me cook\n|-start|p1a: let me cook|Substitute\n|-damage|p1a: let me cook|70\/100\n|move|p2a: Skeledirge|Shadow Ball|p1a: let me cook\n|-end|p1a: let me cook|Substitute\n|\n|-heal|p1a: let me cook|76\/100|[from] item: Leftovers\n|-heal|p2a: Skeledirge|11\/100|[from] item: Leftovers\n|-damage|p2a: Skeledirge|0 fnt|[from] Leech Seed|[of] p1a: let me cook\n|-heal|p1a: let me cook|88\/100|[silent]\n|faint|p2a: Skeledirge\n|-ability|p1a: let me cook|Moody|boost\n|-boost|p1a: let me cook|atk|2\n|-unboost|p1a: let me cook|spa|1\n|upkeep\n|\n|t:|1699167044\n|switch|p2a: Ceruledge|Ceruledge, M, shiny|100\/100\n|turn|12\n|\n|t:|1699167048\n|move|p1a: let me cook|Substitute|p1a: let me cook\n|-start|p1a: let me cook|Substitute\n|-damage|p1a: let me cook|63\/100\n|move|p2a: Ceruledge|Disable|p1a: let me cook\n|-start|p1a: let me cook|Disable|Substitute\n|\n|-heal|p1a: let me cook|69\/100|[from] item: Leftovers\n|-ability|p1a: let me cook|Moody|boost\n|-boost|p1a: let me cook|spe|2\n|-unboost|p1a: let me cook|atk|1\n|upkeep\n|turn|13\n|\n|t:|1699167058\n|move|p1a: let me cook|Leech Seed|p2a: Ceruledge\n|-start|p2a: Ceruledge|move: Leech Seed\n|move|p2a: Ceruledge|Swords Dance|p2a: Ceruledge\n|-boost|p2a: Ceruledge|atk|2\n|\n|-heal|p1a: let me cook|75\/100|[from] item: Leftovers\n|-damage|p2a: Ceruledge|88\/100|[from] Leech Seed|[of] p1a: let me cook\n|-heal|p1a: let me cook|86\/100|[silent]\n|-ability|p1a: let me cook|Moody|boost\n|-boost|p1a: let me cook|atk|2\n|-unboost|p1a: let me cook|spe|1\n|upkeep\n|turn|14\n|\n|t:|1699167069\n|move|p1a: let me cook|Protect|p1a: let me cook\n|-singleturn|p1a: let me cook|Protect\n|move|p2a: Ceruledge|Swords Dance|p2a: Ceruledge\n|-boost|p2a: Ceruledge|atk|2\n|\n|-heal|p1a: let me cook|92\/100|[from] item: Leftovers\n|-damage|p2a: Ceruledge|76\/100|[from] Leech Seed|[of] p1a: let me cook\n|-heal|p1a: let me cook|100\/100|[silent]\n|-ability|p1a: let me cook|Moody|boost\n|-boost|p1a: let me cook|atk|2\n|-unboost|p1a: let me cook|spa|1\n|upkeep\n|turn|15\n|\n|t:|1699167079\n|move|p1a: let me cook|Flamethrower|p2a: Ceruledge\n|-resisted|p2a: Ceruledge\n|-damage|p2a: Ceruledge|18\/100\n|move|p2a: Ceruledge|Swords Dance|p2a: Ceruledge\n|-boost|p2a: Ceruledge|atk|2\n|\n|-damage|p2a: Ceruledge|6\/100|[from] Leech Seed|[of] p1a: let me cook\n|-ability|p1a: let me cook|Moody|boost\n|-boost|p1a: let me cook|def|2\n|-unboost|p1a: let me cook|atk|1\n|upkeep\n|turn|16\n|\n|t:|1699167092\n|move|p1a: let me cook|Protect|p1a: let me cook\n|-singleturn|p1a: let me cook|Protect\n|move|p2a: Ceruledge|Bitter Blade|p1a: let me cook\n|-activate|p1a: let me cook|move: Protect\n|\n|-damage|p2a: Ceruledge|0 fnt|[from] Leech Seed|[of] p1a: let me cook\n|faint|p2a: Ceruledge\n|-end|p1a: let me cook|Disable\n|-ability|p1a: let me cook|Moody|boost\n|-boost|p1a: let me cook|spa|2\n|-unboost|p1a: let me cook|spe|1\n|upkeep\n|\n|t:|1699167107\n|switch|p2a: Dragonite|Dragonite, M|100\/100\n|turn|17\n|c|\u2606ChokingIsAGambit|so\n|c|\u2606ChokingIsAGambit|i got lucky\n|\n|t:|1699167115\n|move|p2a: Dragonite|Extreme Speed|p1a: let me cook\n|-activate|p1a: let me cook|move: Substitute|[damage]\n|-damage|p2a: Dragonite|91\/100|[from] item: Life Orb\n|move|p1a: let me cook|Leech Seed|p2a: Dragonite\n|-start|p2a: Dragonite|move: Leech Seed\n|\n|-damage|p2a: Dragonite|78\/100|[from] Leech Seed|[of] p1a: let me cook\n|-ability|p1a: let me cook|Moody|boost\n|-boost|p1a: let me cook|atk|2\n|-unboost|p1a: let me cook|spd|1\n|upkeep\n|turn|18\n|c|\u2606Blacksunzongetsu|yeah my start didnt work\n|\n|t:|1699167127\n|move|p2a: Dragonite|Extreme Speed|p1a: let me cook\n|-end|p1a: let me cook|Substitute\n|-damage|p2a: Dragonite|69\/100|[from] item: Life Orb\n|move|p1a: let me cook|Flamethrower|p2a: Dragonite\n|-resisted|p2a: Dragonite\n|-damage|p2a: Dragonite|12\/100\n|\n|-damage|p2a: Dragonite|0 fnt|[from] Leech Seed|[of] p1a: let me cook\n|faint|p2a: Dragonite\n|-ability|p1a: let me cook|Moody|boost\n|-boost|p1a: let me cook|def|2\n|-unboost|p1a: let me cook|atk|1\n|upkeep\n|c|\u2606ChokingIsAGambit|yea...\n|c|\u2606Blacksunzongetsu|oh well\n|\n|t:|1699167139\n|switch|p2a: Walking Wake|Walking Wake|100\/100\n|turn|19\n|\n|t:|1699167146\n|move|p1a: let me cook|Substitute|p1a: let me cook\n|-start|p1a: let me cook|Substitute\n|-damage|p1a: let me cook|76\/100\n|move|p2a: Walking Wake|Flamethrower|p1a: let me cook\n|-resisted|p1a: let me cook\n|-activate|p1a: let me cook|move: Substitute|[damage]\n|\n|-heal|p1a: let me cook|82\/100|[from] item: Leftovers\n|-ability|p1a: let me cook|Moody|boost\n|-boost|p1a: let me cook|spd|2\n|-unboost|p1a: let me cook|spa|1\n|upkeep\n|turn|20\n|\n|t:|1699167159\n|move|p1a: let me cook|Leech Seed|p2a: Walking Wake\n|-start|p2a: Walking Wake|move: Leech Seed\n|move|p2a: Walking Wake|Flamethrower|p1a: let me cook\n|-resisted|p1a: let me cook\n|-activate|p1a: let me cook|move: Substitute|[damage]\n|\n|-heal|p1a: let me cook|88\/100|[from] item: Leftovers\n|-damage|p2a: Walking Wake|88\/100|[from] Leech Seed|[of] p1a: let me cook\n|-heal|p1a: let me cook|100\/100|[silent]\n|-ability|p1a: let me cook|Moody|boost\n|-boost|p1a: let me cook|spe|2\n|-unboost|p1a: let me cook|spd|1\n|upkeep\n|turn|21\n|\n|t:|1699167174\n|move|p1a: let me cook|Flamethrower|p2a: Walking Wake\n|-resisted|p2a: Walking Wake\n|-damage|p2a: Walking Wake|59\/100\n|move|p2a: Walking Wake|Hone Claws|p2a: Walking Wake\n|-boost|p2a: Walking Wake|atk|1\n|-boost|p2a: Walking Wake|accuracy|1\n|\n|-heal|p2a: Walking Wake|65\/100|[from] item: Leftovers\n|-damage|p2a: Walking Wake|53\/100|[from] Leech Seed|[of] p1a: let me cook\n|-ability|p1a: let me cook|Moody|boost\n|-boost|p1a: let me cook|spe|2\n|-unboost|p1a: let me cook|spa|1\n|upkeep\n|turn|22\n|c|\u2606ChokingIsAGambit|oh na bro what is he cooking\n|\n|t:|1699167192\n|move|p1a: let me cook|Protect|p1a: let me cook\n|-singleturn|p1a: let me cook|Protect\n|move|p2a: Walking Wake|Sunny Day|p2a: Walking Wake\n|-weather|SunnyDay\n|-activate|p2a: Walking Wake|ability: Protosynthesis\n|-start|p2a: Walking Wake|protosynthesisspa\n|\n|-weather|SunnyDay|[upkeep]\n|-heal|p2a: Walking Wake|59\/100|[from] item: Leftovers\n|-damage|p2a: Walking Wake|47\/100|[from] Leech Seed|[of] p1a: let me cook\n|-ability|p1a: let me cook|Moody|boost\n|-boost|p1a: let me cook|def|1\n|-unboost|p1a: let me cook|spe|1\n|upkeep\n|turn|23\n|\n|t:|1699167205\n|move|p1a: let me cook|Flamethrower|p2a: Walking Wake\n|-resisted|p2a: Walking Wake\n|-damage|p2a: Walking Wake|14\/100\n|-status|p2a: Walking Wake|brn\n|move|p2a: Walking Wake|Hydro Steam|p1a: let me cook\n|-resisted|p1a: let me cook\n|-end|p1a: let me cook|Substitute\n|\n|-weather|SunnyDay|[upkeep]\n|-heal|p2a: Walking Wake|20\/100 brn|[from] item: Leftovers\n|-damage|p2a: Walking Wake|7\/100 brn|[from] Leech Seed|[of] p1a: let me cook\n|-damage|p2a: Walking Wake|1\/100 brn|[from] brn\n|-ability|p1a: let me cook|Moody|boost\n|-boost|p1a: let me cook|atk|1\n|-unboost|p1a: let me cook|spd|1\n|upkeep\n|turn|24\n|\n|t:|1699167220\n|move|p1a: let me cook|Substitute|p1a: let me cook\n|-start|p1a: let me cook|Substitute\n|-damage|p1a: let me cook|76\/100\n|move|p2a: Walking Wake|Flamethrower|p1a: let me cook\n|-resisted|p1a: let me cook\n|-end|p1a: let me cook|Substitute\n|\n|-weather|SunnyDay|[upkeep]\n|-heal|p1a: let me cook|82\/100|[from] item: Leftovers\n|-heal|p2a: Walking Wake|7\/100 brn|[from] item: Leftovers\n|-damage|p2a: Walking Wake|0 fnt|[from] Leech Seed|[of] p1a: let me cook\n|-heal|p1a: let me cook|89\/100|[silent]\n|faint|p2a: Walking Wake\n|-end|p2a: Walking Wake|Protosynthesis|[silent]\n|-ability|p1a: let me cook|Moody|boost\n|-boost|p1a: let me cook|spa|2\n|-unboost|p1a: let me cook|def|1\n|upkeep\n|\n|t:|1699167234\n|switch|p2a: Meowscarada|Meowscarada, F|100\/100\n|turn|25\n|\n|t:|1699167256\n|move|p1a: let me cook|Flamethrower|p2a: Meowscarada\n|-supereffective|p2a: Meowscarada\n|-damage|p2a: Meowscarada|0 fnt\n|faint|p2a: Meowscarada\n|\n|-weather|SunnyDay|[upkeep]\n|-heal|p1a: let me cook|95\/100|[from] item: Leftovers\n|-ability|p1a: let me cook|Moody|boost\n|-boost|p1a: let me cook|def|1\n|-unboost|p1a: let me cook|spd|1\n|upkeep\n|\n|t:|1699167264\n|switch|p2a: Kingambit|Kingambit, M|100\/100\n|-activate|p2a: Kingambit|ability: Supreme Overlord\n|-start|p2a: Kingambit|fallen5|[silent]\n|turn|26\n|\n|t:|1699167280\n|move|p1a: let me cook|Flamethrower|p2a: Kingambit\n|-supereffective|p2a: Kingambit\n|-damage|p2a: Kingambit|0 fnt\n|faint|p2a: Kingambit\n|-end|p2a: Kingambit|fallen5|[silent]\n|\n|win|ChokingIsAGambit\n|raw|ChokingIsAGambit's rating: 1050 &rarr; <strong>1082<\/strong><br \/>(+32 for winning)\n|raw|Blacksunzongetsu's rating: 1041 &rarr; <strong>1025<\/strong><br \/>(-16 for losing)\n|c|\u2606Blacksunzongetsu|g\n|c|\u2606Blacksunzongetsu|gg\n|j| mister opium\n|l|\u2606Blacksunzongetsu\n","uploadtime":1699167301,"views":4,"p1id":"chokingisagambit","p2id":"blacksunzongetsu","formatid":"gen9anythinggoes","rating":1025,"private":0,"password":""}