{"id":"gen9anythinggoes-1991708156","p1":"Iamjjjpro","p2":"Ao Maxima","format":"[Gen 9] Anything Goes","log":"|j|\u2606Iamjjjpro\n|j|\u2606Ao Maxima\n|t:|1700105198\n|gametype|singles\n|player|p1|Iamjjjpro|170|1022\n|player|p2|Ao Maxima|falkner|1230\n|teamsize|p1|6\n|teamsize|p2|6\n|gen|9\n|tier|[Gen 9] Anything Goes\n|rated|\n|rule|HP Percentage Mod: HP is shown in percentages\n|rule|Endless Battle Clause: Forcing endless battles is banned\n|clearpoke\n|poke|p1|Calyrex-Shadow|\n|poke|p1|Maushold-Four|\n|poke|p1|Maushold-Four|\n|poke|p1|Maushold-Four|\n|poke|p1|Maushold-Four|\n|poke|p1|Maushold-Four|\n|poke|p2|Arcanine-Hisui, M|\n|poke|p2|Breloom, F|\n|poke|p2|Gengar, M|\n|poke|p2|Scizor, F|\n|poke|p2|Ambipom, M|\n|poke|p2|Eelektross, F|\n|teampreview\n|inactive|Battle timer is ON: inactive players will automatically lose when time's up. (requested by Iamjjjpro)\n|\n|t:|1700105223\n|start\n|switch|p1a: Maushold|Maushold-Four|100\/100\n|switch|p2a: Scizor|Scizor, F|100\/100\n|turn|1\n|\n|t:|1700105241\n|move|p1a: Maushold|Population Bomb|p2a: Scizor\n|-resisted|p2a: Scizor\n|-damage|p2a: Scizor|94\/100\n|-resisted|p2a: Scizor\n|-damage|p2a: Scizor|88\/100\n|-resisted|p2a: Scizor\n|-damage|p2a: Scizor|82\/100\n|-resisted|p2a: Scizor\n|-damage|p2a: Scizor|75\/100\n|-resisted|p2a: Scizor\n|-damage|p2a: Scizor|68\/100\n|-resisted|p2a: Scizor\n|-damage|p2a: Scizor|61\/100\n|-resisted|p2a: Scizor\n|-damage|p2a: Scizor|55\/100\n|-resisted|p2a: Scizor\n|-damage|p2a: Scizor|48\/100\n|-resisted|p2a: Scizor\n|-damage|p2a: Scizor|41\/100\n|-resisted|p2a: Scizor\n|-damage|p2a: Scizor|35\/100\n|-hitcount|p2a: Scizor|10\n|cant|p2a: Scizor|flinch\n|\n|upkeep\n|turn|2\n|\n|t:|1700105260\n|move|p2a: Scizor|Bullet Punch|p1a: Maushold\n|-damage|p1a: Maushold|30\/100\n|-damage|p2a: Scizor|25\/100|[from] item: Life Orb\n|move|p1a: Maushold|Population Bomb|p2a: Scizor\n|-resisted|p2a: Scizor\n|-damage|p2a: Scizor|19\/100\n|-resisted|p2a: Scizor\n|-damage|p2a: Scizor|12\/100\n|-hitcount|p2a: Scizor|2\n|\n|upkeep\n|turn|3\n|\n|t:|1700105270\n|move|p1a: Maushold|Protect|p1a: Maushold\n|-singleturn|p1a: Maushold|Protect\n|move|p2a: Scizor|Bullet Punch|p1a: Maushold\n|-activate|p1a: Maushold|move: Protect\n|\n|upkeep\n|turn|4\n|\n|t:|1700105276\n|move|p2a: Scizor|Bullet Punch|p1a: Maushold\n|-damage|p1a: Maushold|0 fnt\n|faint|p1a: Maushold\n|-damage|p2a: Scizor|2\/100|[from] item: Life Orb\n|\n|upkeep\n|\n|t:|1700105278\n|switch|p1a: Calyrex|Calyrex-Shadow|100\/100\n|-ability|p1a: Calyrex|As One\n|-ability|p1a: Calyrex|Unnerve\n|turn|5\n|\n|t:|1700105287\n|move|p1a: Calyrex|Protect|p1a: Calyrex\n|-singleturn|p1a: Calyrex|Protect\n|move|p2a: Scizor|Knock Off|p1a: Calyrex\n|-activate|p1a: Calyrex|move: Protect\n|\n|upkeep\n|turn|6\n|\n|t:|1700105292\n|switch|p1a: Maushold|Maushold-Four|100\/100\n|move|p2a: Scizor|Knock Off|p1a: Maushold\n|-damage|p1a: Maushold|30\/100\n|-enditem|p1a: Maushold|King's Rock|[from] move: Knock Off|[of] p2a: Scizor\n|-damage|p2a: Scizor|0 fnt|[from] item: Life Orb\n|faint|p2a: Scizor\n|\n|upkeep\n|\n|t:|1700105301\n|switch|p2a: Gengar|Gengar, M, shiny|100\/100\n|turn|7\n|\n|t:|1700105305\n|move|p1a: Maushold|Beat Up|p2a: Gengar\n|-supereffective|p2a: Gengar\n|-damage|p2a: Gengar|84\/100\n|-start|p1a: Maushold|Disable|Beat Up|[from] ability: Cursed Body|[of] p2a: Gengar\n|-supereffective|p2a: Gengar\n|-damage|p2a: Gengar|64\/100\n|-supereffective|p2a: Gengar\n|-damage|p2a: Gengar|44\/100\n|-supereffective|p2a: Gengar\n|-damage|p2a: Gengar|24\/100\n|-supereffective|p2a: Gengar\n|-damage|p2a: Gengar|5\/100\n|-hitcount|p2a: Gengar|5\n|move|p2a: Gengar|Sludge Bomb|p1a: Maushold\n|-damage|p1a: Maushold|0 fnt\n|faint|p1a: Maushold\n|\n|-heal|p2a: Gengar|12\/100|[from] item: Leftovers\n|upkeep\n|\n|t:|1700105314\n|switch|p1a: Maushold|Maushold-Four|100\/100\n|turn|8\n|\n|t:|1700105329\n|move|p1a: Maushold|Beat Up|p2a: Gengar\n|-supereffective|p2a: Gengar\n|-damage|p2a: Gengar|0 fnt\n|faint|p2a: Gengar\n|-hitcount|p2: Gengar|1\n|\n|upkeep\n|\n|t:|1700105337\n|switch|p2a: Breloom|Breloom, F|100\/100\n|turn|9\n|\n|t:|1700105343\n|-terastallize|p2a: Breloom|Fighting\n|move|p2a: Breloom|Mach Punch|p1a: Maushold\n|-supereffective|p1a: Maushold\n|-damage|p1a: Maushold|0 fnt\n|faint|p1a: Maushold\n|\n|upkeep\n|\n|t:|1700105350\n|switch|p1a: Maushold|Maushold-Four|100\/100\n|turn|10\n|\n|t:|1700105353\n|-terastallize|p1a: Maushold|Ghost\n|move|p2a: Breloom|Mach Punch|p1a: Maushold\n|-immune|p1a: Maushold\n|move|p1a: Maushold|Population Bomb|p2a: Breloom\n|-damage|p2a: Breloom|84\/100\n|-damage|p2a: Breloom|68\/100\n|-damage|p2a: Breloom|50\/100\n|-damage|p2a: Breloom|30\/100\n|-damage|p2a: Breloom|12\/100\n|-damage|p2a: Breloom|0 fnt\n|faint|p2a: Breloom\n|-hitcount|p2: Breloom|6\n|\n|upkeep\n|\n|t:|1700105368\n|switch|p2a: Ambipom|Ambipom, M|100\/100\n|turn|11\n|\n|t:|1700105372\n|move|p2a: Ambipom|Knock Off|p1a: Maushold\n|-supereffective|p1a: Maushold\n|-damage|p1a: Maushold|7\/100\n|-enditem|p1a: Maushold|King's Rock|[from] move: Knock Off|[of] p2a: Ambipom\n|move|p1a: Maushold|Population Bomb|p2a: Ambipom\n|-damage|p2a: Ambipom|83\/100\n|-damage|p2a: Ambipom|64\/100\n|-damage|p2a: Ambipom|44\/100\n|-damage|p2a: Ambipom|26\/100\n|-damage|p2a: Ambipom|8\/100\n|-damage|p2a: Ambipom|0 fnt\n|faint|p2a: Ambipom\n|-hitcount|p2: Ambipom|6\n|\n|upkeep\n|\n|t:|1700105385\n|switch|p2a: Eelektross|Eelektross, F|100\/100\n|turn|12\n|\n|t:|1700105394\n|move|p1a: Maushold|Population Bomb|p2a: Eelektross\n|-damage|p2a: Eelektross|88\/100\n|-damage|p2a: Eelektross|76\/100\n|-damage|p2a: Eelektross|64\/100\n|-damage|p2a: Eelektross|52\/100\n|-damage|p2a: Eelektross|40\/100\n|-crit|p2a: Eelektross\n|-damage|p2a: Eelektross|23\/100\n|-damage|p2a: Eelektross|11\/100\n|-damage|p2a: Eelektross|0 fnt\n|faint|p2a: Eelektross\n|-hitcount|p2: Eelektross|8\n|\n|upkeep\n|\n|t:|1700105407\n|switch|p2a: Arcanine|Arcanine-Hisui, M|100\/100\n|-ability|p2a: Arcanine|Intimidate|boost\n|-unboost|p1a: Maushold|atk|1\n|turn|13\n|\n|t:|1700105414\n|move|p1a: Maushold|Population Bomb|p2a: Arcanine\n|-resisted|p2a: Arcanine\n|-damage|p2a: Arcanine|96\/100\n|-resisted|p2a: Arcanine\n|-damage|p2a: Arcanine|91\/100\n|-resisted|p2a: Arcanine\n|-crit|p2a: Arcanine\n|-damage|p2a: Arcanine|80\/100\n|-resisted|p2a: Arcanine\n|-crit|p2a: Arcanine\n|-damage|p2a: Arcanine|69\/100\n|-resisted|p2a: Arcanine\n|-damage|p2a: Arcanine|64\/100\n|-resisted|p2a: Arcanine\n|-damage|p2a: Arcanine|60\/100\n|-hitcount|p2a: Arcanine|6\n|move|p2a: Arcanine|Head Smash|p1a: Maushold\n|-crit|p1a: Maushold\n|-damage|p1a: Maushold|0 fnt\n|faint|p1a: Maushold\n|-damage|p2a: Arcanine|57\/100|[from] Recoil\n|\n|upkeep\n|l|\u2606Iamjjjpro\n|inactive|Iamjjjpro disconnected and has a minute to reconnect!\n|player|p1|\n|j|\u2606Iamjjjpro\n|inactive|Iamjjjpro reconnected and has 120 seconds left.\n|player|p1|Iamjjjpro|170\n|\n|t:|1700105448\n|switch|p1a: Maushold|Maushold-Four|100\/100\n|turn|14\n|\n|t:|1700105459\n|move|p2a: Arcanine|Extreme Speed|p1a: Maushold\n|-damage|p1a: Maushold|63\/100\n|move|p1a: Maushold|Population Bomb|p2a: Arcanine\n|-resisted|p2a: Arcanine\n|-damage|p2a: Arcanine|50\/100\n|-resisted|p2a: Arcanine\n|-damage|p2a: Arcanine|42\/100\n|-resisted|p2a: Arcanine\n|-damage|p2a: Arcanine|35\/100\n|-resisted|p2a: Arcanine\n|-crit|p2a: Arcanine\n|-damage|p2a: Arcanine|24\/100\n|-resisted|p2a: Arcanine\n|-damage|p2a: Arcanine|17\/100\n|-resisted|p2a: Arcanine\n|-damage|p2a: Arcanine|10\/100\n|-hitcount|p2a: Arcanine|6\n|\n|upkeep\n|turn|15\n|c|\u2606Ao Maxima|Your team sucks ass\n|inactive|Iamjjjpro has 120 seconds left.\n|c|\u2606Ao Maxima|you suck at this game\n|inactive|Ao Maxima has 120 seconds left.\n|\n|t:|1700105501\n|move|p1a: Maushold|Population Bomb|p2a: Arcanine\n|-resisted|p2a: Arcanine\n|-damage|p2a: Arcanine|4\/100\n|-resisted|p2a: Arcanine\n|-damage|p2a: Arcanine|0 fnt\n|faint|p2a: Arcanine\n|-hitcount|p2: Arcanine|2\n|\n|win|Iamjjjpro\n|raw|Iamjjjpro's rating: 1022 &rarr; <strong>1078<\/strong><br \/>(+56 for winning)\n|raw|Ao Maxima's rating: 1230 &rarr; <strong>1192<\/strong><br \/>(-38 for losing)\n|c|\u2606Iamjjjpro|If it sucks why u lose to it\n","uploadtime":1700105473,"views":6,"p1id":"iamjjjpro","p2id":"aomaxima","formatid":"gen9anythinggoes","rating":1078,"private":0,"password":""}