{"id":"gen9anythinggoes-1994440333","p1":"Iloveluxray5","p2":"AnnaNotPoggers","format":"[Gen 9] Anything Goes","log":"|j|\u2606Iloveluxray5\n|j|\u2606AnnaNotPoggers\n|t:|1700444192\n|gametype|singles\n|player|p1|Iloveluxray5|emmet|1115\n|player|p2|AnnaNotPoggers|medium|1136\n|teamsize|p1|6\n|teamsize|p2|6\n|gen|9\n|tier|[Gen 9] Anything Goes\n|rated|\n|rule|HP Percentage Mod: HP is shown in percentages\n|rule|Endless Battle Clause: Forcing endless battles is banned\n|clearpoke\n|poke|p1|Maushold-Four|\n|poke|p1|Cloyster, M|\n|poke|p1|Ursaluna-Bloodmoon, M|\n|poke|p1|Gyarados, F|\n|poke|p1|Koraidon|\n|poke|p1|Flutter Mane|\n|poke|p2|Calyrex-Shadow|\n|poke|p2|Arceus-Psychic|\n|poke|p2|Hoopa-Unbound|\n|poke|p2|Hatterene, F|\n|poke|p2|Munkidori, M|\n|poke|p2|Armarouge, F|\n|teampreview\n|c|\u2606Iloveluxray5|hi\n|\n|t:|1700444213\n|start\n|switch|p1a: Maushold|Maushold-Four|100\/100\n|switch|p2a: Calyrex|Calyrex-Shadow|100\/100\n|-ability|p2a: Calyrex|As One\n|-ability|p2a: Calyrex|Unnerve\n|turn|1\n|\n|t:|1700444228\n|move|p2a: Calyrex|Psyshock|p1a: Maushold\n|-damage|p1a: Maushold|26\/100\n|move|p1a: Maushold|Tidy Up|p1a: Maushold\n|-boost|p1a: Maushold|atk|1\n|-boost|p1a: Maushold|spe|1\n|\n|upkeep\n|turn|2\n|\n|t:|1700444239\n|-terastallize|p2a: Calyrex|Fairy\n|move|p1a: Maushold|Beat Up|p2a: Calyrex\n|-resisted|p2a: Calyrex\n|-damage|p2a: Calyrex|97\/100\n|-resisted|p2a: Calyrex\n|-crit|p2a: Calyrex\n|-damage|p2a: Calyrex|90\/100\n|-resisted|p2a: Calyrex\n|-damage|p2a: Calyrex|86\/100\n|-resisted|p2a: Calyrex\n|-damage|p2a: Calyrex|81\/100\n|-resisted|p2a: Calyrex\n|-damage|p2a: Calyrex|74\/100\n|-resisted|p2a: Calyrex\n|-damage|p2a: Calyrex|71\/100\n|-hitcount|p2a: Calyrex|6\n|move|p2a: Calyrex|Psyshock|p1a: Maushold\n|-damage|p1a: Maushold|0 fnt\n|faint|p1a: Maushold\n|-ability|p2a: Calyrex|Grim Neigh|boost\n|-boost|p2a: Calyrex|spa|1\n|\n|upkeep\n|\n|t:|1700444257\n|switch|p1a: Cloyster|Cloyster, M, shiny|100\/100\n|turn|3\n|\n|t:|1700444268\n|move|p2a: Calyrex|Psyshock|p1a: Cloyster\n|-damage|p1a: Cloyster|50\/100\n|move|p1a: Cloyster|Shell Smash|p1a: Cloyster\n|-unboost|p1a: Cloyster|def|1\n|-unboost|p1a: Cloyster|spd|1\n|-boost|p1a: Cloyster|atk|2\n|-boost|p1a: Cloyster|spa|2\n|-boost|p1a: Cloyster|spe|2\n|-enditem|p1a: Cloyster|White Herb\n|-clearnegativeboost|p1a: Cloyster|[silent]\n|\n|upkeep\n|turn|4\n|\n|t:|1700444280\n|move|p2a: Calyrex|Psyshock|p1a: Cloyster\n|-crit|p1a: Cloyster\n|-damage|p1a: Cloyster|0 fnt\n|faint|p1a: Cloyster\n|-ability|p2a: Calyrex|Grim Neigh|boost\n|-boost|p2a: Calyrex|spa|1\n|\n|upkeep\n|\n|t:|1700444288\n|switch|p1a: Gyarados|Gyarados, F|100\/100\n|turn|5\n|\n|t:|1700444297\n|move|p2a: Calyrex|Psyshock|p1a: Gyarados\n|-enditem|p1a: Gyarados|Focus Sash\n|-damage|p1a: Gyarados|1\/100\n|move|p1a: Gyarados|Dragon Dance|p1a: Gyarados\n|-boost|p1a: Gyarados|atk|1\n|-boost|p1a: Gyarados|spe|1\n|\n|upkeep\n|turn|6\n|\n|t:|1700444330\n|move|p2a: Calyrex|Draining Kiss|p1a: Gyarados\n|-damage|p1a: Gyarados|0 fnt\n|-heal|p2a: Calyrex|72\/100|[from] drain|[of] p1a: Gyarados\n|faint|p1a: Gyarados\n|-ability|p2a: Calyrex|Grim Neigh|boost\n|-boost|p2a: Calyrex|spa|1\n|\n|upkeep\n|\n|t:|1700444353\n|switch|p1a: Ursaluna|Ursaluna-Bloodmoon, M|100\/100\n|turn|7\n|\n|t:|1700444359\n|move|p2a: Calyrex|Psyshock|p1a: Ursaluna\n|-crit|p1a: Ursaluna\n|-damage|p1a: Ursaluna|0 fnt\n|faint|p1a: Ursaluna\n|-ability|p2a: Calyrex|Grim Neigh|boost\n|-boost|p2a: Calyrex|spa|1\n|\n|upkeep\n|\n|t:|1700444367\n|switch|p1a: Koraidon|Koraidon|100\/100\n|-weather|SunnyDay|[from] ability: Orichalcum Pulse|[of] p1a: Koraidon\n|-activate|p1a: Koraidon|Orichalcum Pulse|[source]\n|turn|8\n|\n|t:|1700444377\n|move|p2a: Calyrex|Draining Kiss|p1a: Koraidon\n|-supereffective|p1a: Koraidon\n|-damage|p1a: Koraidon|0 fnt\n|-heal|p2a: Calyrex|100\/100|[from] drain|[of] p1a: Koraidon\n|faint|p1a: Koraidon\n|-ability|p2a: Calyrex|Grim Neigh|boost\n|-boost|p2a: Calyrex|spa|1\n|\n|-weather|SunnyDay|[upkeep]\n|upkeep\n|\n|t:|1700444384\n|switch|p1a: Flutter Mane|Flutter Mane|100\/100\n|-activate|p1a: Flutter Mane|ability: Protosynthesis\n|-start|p1a: Flutter Mane|protosynthesisspe\n|turn|9\n|\n|t:|1700444392\n|move|p1a: Flutter Mane|Shadow Ball|p2a: Calyrex\n|-damage|p2a: Calyrex|41\/100\n|-unboost|p2a: Calyrex|spd|1\n|-damage|p1a: Flutter Mane|91\/100|[from] item: Life Orb\n|move|p2a: Calyrex|Astral Barrage|p1a: Flutter Mane\n|-supereffective|p1a: Flutter Mane\n|-damage|p1a: Flutter Mane|0 fnt\n|faint|p1a: Flutter Mane\n|-end|p1a: Flutter Mane|Protosynthesis|[silent]\n|\n|win|AnnaNotPoggers\n|raw|Iloveluxray5's rating: 1115 &rarr; <strong>1092<\/strong><br \/>(-23 for losing)\n|raw|AnnaNotPoggers's rating: 1136 &rarr; <strong>1159<\/strong><br \/>(+23 for winning)\n|l|\u2606Iloveluxray5\n","uploadtime":1700444411,"views":3,"p1id":"iloveluxray5","p2id":"annanotpoggers","formatid":"gen9anythinggoes","rating":1092,"private":0,"password":""}