{"id":"gen9anythinggoes-1997387054","p1":"SonicSpeedKaleb","p2":"nash1020","format":"[Gen 9] Anything Goes","log":"|j|\u2606SonicSpeedKaleb\n|j|\u2606nash1020\n|t:|1700797507\n|gametype|singles\n|player|p1|SonicSpeedKaleb|101|1212\n|player|p2|nash1020|crasherwake|1193\n|teamsize|p1|6\n|teamsize|p2|6\n|gen|9\n|tier|[Gen 9] Anything Goes\n|rated|\n|rule|HP Percentage Mod: HP is shown in percentages\n|rule|Endless Battle Clause: Forcing endless battles is banned\n|clearpoke\n|poke|p1|Skeledirge, M|\n|poke|p1|Pawmot, M|\n|poke|p1|Weavile, M|\n|poke|p1|Gliscor, F|\n|poke|p1|Lycanroc, M|\n|poke|p1|Koraidon|\n|poke|p2|Zamazenta-*|\n|poke|p2|Ditto|\n|poke|p2|Ceruledge, M|\n|poke|p2|Urshifu-*, F|\n|poke|p2|Quagsire, M|\n|poke|p2|Breloom, M|\n|teampreview\n|c|\u2606SonicSpeedKaleb|NO UNFAIR STRATS ALLOWED OR YOU'RE FIRED!!!!!\n|inactive|Battle timer is ON: inactive players will automatically lose when time's up. (requested by SonicSpeedKaleb)\n|\n|t:|1700797518\n|start\n|switch|p1a: Pawmot|Pawmot, M|100\/100\n|switch|p2a: Breloom|Breloom, M|100\/100\n|turn|1\n|c|\u2606nash1020|k\n|c|\u2606SonicSpeedKaleb|SPORE SUCSK!\n|\n|t:|1700797528\n|move|p1a: Pawmot|Agility|p1a: Pawmot\n|-boost|p1a: Pawmot|spe|2\n|move|p2a: Breloom|Swords Dance|p2a: Breloom\n|-boost|p2a: Breloom|atk|2\n|\n|upkeep\n|turn|2\n|c|\u2606SonicSpeedKaleb|NO SPORE!\n|c|\u2606SonicSpeedKaleb|IT SUCKS!\n|c|\u2606SonicSpeedKaleb|IT CAN DIE!\n|\n|t:|1700797540\n|move|p1a: Pawmot|Baton Pass|p1a: Pawmot\n|\n|t:|1700797542\n|switch|p1a: Skeledirge|Skeledirge, M|100\/100|[from] Baton Pass\n|move|p2a: Breloom|Bullet Seed|p1a: Skeledirge\n|-resisted|p1a: Skeledirge\n|-damage|p1a: Skeledirge|85\/100\n|-resisted|p1a: Skeledirge\n|-damage|p1a: Skeledirge|68\/100\n|-resisted|p1a: Skeledirge\n|-damage|p1a: Skeledirge|54\/100\n|-hitcount|p1a: Skeledirge|3\n|\n|upkeep\n|turn|3\n|c|\u2606nash1020|im not using spore\n|c|\u2606SonicSpeedKaleb|Good!\n|-activate|p1a: Skeledirge|item: Quick Claw\n|\n|t:|1700797554\n|switch|p2a: Urshifu|Urshifu, F|100\/100\n|move|p1a: Skeledirge|Torch Song|p2a: Urshifu\n|-damage|p2a: Urshifu|44\/100\n|-boost|p1a: Skeledirge|spa|1\n|\n|upkeep\n|turn|4\n|c|\u2606SonicSpeedKaleb|I'm sick of Breloom users obsessing over that.\n|\n|t:|1700797563\n|move|p2a: Urshifu|Sucker Punch|p1a: Skeledirge\n|-supereffective|p1a: Skeledirge\n|-damage|p1a: Skeledirge|0 fnt\n|faint|p1a: Skeledirge\n|\n|upkeep\n|c|\u2606nash1020|ong\n|c|\u2606SonicSpeedKaleb|Sucker punch hoe!\n|\n|t:|1700797573\n|switch|p1a: Gliscor|Gliscor, F|100\/100\n|turn|5\n|c|\u2606nash1020|lol\n|\n|t:|1700797578\n|move|p2a: Urshifu|Drain Punch|p1a: Gliscor\n|-resisted|p1a: Gliscor\n|-damage|p1a: Gliscor|82\/100\n|-heal|p2a: Urshifu|52\/100|[from] drain|[of] p1a: Gliscor\n|move|p1a: Gliscor|Agility|p1a: Gliscor\n|-boost|p1a: Gliscor|spe|2\n|\n|upkeep\n|turn|6\n|\n|t:|1700797590\n|switch|p2a: Quagsire|Quagsire, M|100\/100\n|move|p1a: Gliscor|Swords Dance|p1a: Gliscor\n|-boost|p1a: Gliscor|atk|2\n|\n|upkeep\n|turn|7\n|\n|t:|1700797596\n|move|p1a: Gliscor|Baton Pass|p1a: Gliscor\n|\n|t:|1700797598\n|switch|p1a: Koraidon|Koraidon|100\/100|[from] Baton Pass\n|-weather|SunnyDay|[from] ability: Orichalcum Pulse|[of] p1a: Koraidon\n|-activate|p1a: Koraidon|Orichalcum Pulse|[source]\n|move|p2a: Quagsire|Surf|p1a: Koraidon\n|-resisted|p1a: Koraidon\n|-damage|p1a: Koraidon|95\/100\n|\n|-weather|SunnyDay|[upkeep]\n|upkeep\n|turn|8\n|c|\u2606SonicSpeedKaleb|Koraidon! Use victory!\n|\n|t:|1700797610\n|-terastallize|p1a: Koraidon|Dragon\n|move|p1a: Koraidon|Tera Blast|p2a: Quagsire|[anim] Tera Blast Dragon\n|-damage|p2a: Quagsire|44\/100\n|move|p2a: Quagsire|Counter|p1a: Koraidon\n|-damage|p1a: Koraidon|0 fnt\n|faint|p1a: Koraidon\n|\n|-weather|SunnyDay|[upkeep]\n|-heal|p2a: Quagsire|50\/100|[from] item: Leftovers\n|upkeep\n|c|\u2606SonicSpeedKaleb|COUNTER HOE! NO ONE LIKES YOU!\n|-message|SonicSpeedKaleb forfeited.\n|\n|win|nash1020\n|raw|SonicSpeedKaleb's rating: 1212 &rarr; <strong>1186<\/strong><br \/>(-26 for losing)\n|raw|nash1020's rating: 1193 &rarr; <strong>1219<\/strong><br \/>(+26 for winning)\n|l|\u2606SonicSpeedKaleb\n","uploadtime":1700797571,"views":0,"p1id":"sonicspeedkaleb","p2id":"nash1020","formatid":"gen9anythinggoes","rating":1186,"private":0,"password":""}