{"id":"gen9anythinggoes-1982650764","p1":"Yes10293","p2":"Ajajajajj","format":"[Gen 9] Anything Goes","log":"|j|\u2606Yes10293\n|j|\u2606Ajajajajj\n|t:|1699032848\n|gametype|singles\n|player|p1|Yes10293|ingo|1058\n|player|p2|Ajajajajj|1|1000\n|teamsize|p1|3\n|teamsize|p2|6\n|gen|9\n|tier|[Gen 9] Anything Goes\n|rated|\n|rule|HP Percentage Mod: HP is shown in percentages\n|rule|Endless Battle Clause: Forcing endless battles is banned\n|clearpoke\n|poke|p1|Lurantis, F|\n|poke|p1|Vaporeon, M|\n|poke|p1|Enamorus, F|\n|poke|p2|Mew|\n|poke|p2|Arbok, M|\n|poke|p2|Ekans, M|\n|poke|p2|Wooper, M|\n|poke|p2|Calyrex-Shadow|\n|poke|p2|Kingambit, M|\n|teampreview\n|\n|t:|1699032851\n|start\n|switch|p1a: Lurantis|Lurantis, F|100\/100\n|switch|p2a: Mew|Mew|100\/100\n|turn|1\n|\n|t:|1699032859\n|move|p2a: Mew|Toxic Spikes|p1a: Lurantis\n|-sidestart|p1: Yes10293|move: Toxic Spikes\n|move|p1a: Lurantis|Leaf Storm|p2a: Mew\n|-damage|p2a: Mew|76\/100\n|-boost|p1a: Lurantis|spa|2\n|\n|upkeep\n|turn|2\n|\n|t:|1699032866\n|move|p2a: Mew|Haze|p2a: Mew\n|-clearallboost\n|move|p1a: Lurantis|Leaf Storm|p2a: Mew\n|-damage|p2a: Mew|50\/100\n|-boost|p1a: Lurantis|spa|2\n|\n|upkeep\n|turn|3\n|\n|t:|1699032873\n|move|p2a: Mew|Spikes|p1a: Lurantis\n|-sidestart|p1: Yes10293|Spikes\n|move|p1a: Lurantis|Leech Life|p2a: Mew\n|-supereffective|p2a: Mew\n|-damage|p2a: Mew|19\/100\n|\n|upkeep\n|turn|4\n|\n|t:|1699032880\n|move|p2a: Mew|Spikes|p1a: Lurantis\n|-sidestart|p1: Yes10293|Spikes\n|move|p1a: Lurantis|Leaf Storm|p2a: Mew|[miss]\n|-miss|p1a: Lurantis|p2a: Mew\n|\n|upkeep\n|turn|5\n|\n|t:|1699032885\n|move|p2a: Mew|Spikes|p1a: Lurantis\n|-sidestart|p1: Yes10293|Spikes\n|move|p1a: Lurantis|Superpower|p2a: Mew\n|-resisted|p2a: Mew\n|-damage|p2a: Mew|9\/100\n|-boost|p1a: Lurantis|atk|1\n|-boost|p1a: Lurantis|def|1\n|\n|upkeep\n|turn|6\n|\n|t:|1699032893\n|move|p2a: Mew|Haze|p2a: Mew\n|-clearallboost\n|move|p1a: Lurantis|Superpower|p2a: Mew\n|-resisted|p2a: Mew\n|-damage|p2a: Mew|0 fnt\n|-boost|p1a: Lurantis|atk|1\n|-boost|p1a: Lurantis|def|1\n|faint|p2a: Mew\n|\n|upkeep\n|\n|t:|1699032902\n|switch|p2a: Arbok|Arbok, M|100\/100\n|-ability|p2a: Arbok|Intimidate|boost\n|-boost|p1a: Lurantis|atk|1\n|turn|7\n|\n|t:|1699032912\n|move|p2a: Arbok|Toxic Spikes|p1a: Lurantis\n|-sidestart|p1: Yes10293|move: Toxic Spikes\n|move|p1a: Lurantis|Superpower|p2a: Arbok\n|-resisted|p2a: Arbok\n|-damage|p2a: Arbok|65\/100\n|-boost|p1a: Lurantis|atk|1\n|-boost|p1a: Lurantis|def|1\n|\n|upkeep\n|turn|8\n|\n|t:|1699032921\n|move|p2a: Arbok|Haze|p2a: Arbok\n|-clearallboost\n|move|p1a: Lurantis|Superpower|p2a: Arbok\n|-resisted|p2a: Arbok\n|-damage|p2a: Arbok|47\/100\n|-boost|p1a: Lurantis|atk|1\n|-boost|p1a: Lurantis|def|1\n|\n|upkeep\n|turn|9\n|\n|t:|1699032929\n|move|p2a: Arbok|Haze|p2a: Arbok\n|-clearallboost\n|move|p1a: Lurantis|Leech Life|p2a: Arbok\n|-resisted|p2a: Arbok\n|-damage|p2a: Arbok|35\/100\n|\n|upkeep\n|turn|10\n|\n|t:|1699032937\n|move|p2a: Arbok|Haze|p2a: Arbok\n|-clearallboost\n|move|p1a: Lurantis|Superpower|p2a: Arbok\n|-resisted|p2a: Arbok\n|-crit|p2a: Arbok\n|-damage|p2a: Arbok|7\/100\n|-boost|p1a: Lurantis|atk|1\n|-boost|p1a: Lurantis|def|1\n|\n|upkeep\n|turn|11\n|\n|t:|1699032946\n|move|p2a: Arbok|Haze|p2a: Arbok\n|-clearallboost\n|move|p1a: Lurantis|Leaf Storm|p2a: Arbok|[miss]\n|-miss|p1a: Lurantis|p2a: Arbok\n|\n|upkeep\n|turn|12\n|\n|t:|1699032955\n|move|p2a: Arbok|Toxic|p1a: Lurantis\n|-status|p1a: Lurantis|tox\n|move|p1a: Lurantis|Leaf Storm|p2a: Arbok\n|-resisted|p2a: Arbok\n|-damage|p2a: Arbok|0 fnt\n|-boost|p1a: Lurantis|spa|2\n|faint|p2a: Arbok\n|\n|-damage|p1a: Lurantis|94\/100 tox|[from] psn\n|upkeep\n|\n|t:|1699032965\n|switch|p2a: Ekans|Ekans, M|100\/100\n|-ability|p2a: Ekans|Intimidate|boost\n|-boost|p1a: Lurantis|atk|1\n|turn|13\n|\n|t:|1699032973\n|-terastallize|p1a: Lurantis|Grass\n|move|p1a: Lurantis|Tera Blast|p2a: Ekans|[anim] Tera Blast Grass\n|-resisted|p2a: Ekans\n|-damage|p2a: Ekans|48\/100\n|move|p2a: Ekans|Haze|p2a: Ekans\n|-clearallboost\n|\n|-damage|p1a: Lurantis|82\/100 tox|[from] psn\n|upkeep\n|turn|14\n|\n|t:|1699032986\n|move|p1a: Lurantis|Leaf Storm|p2a: Ekans\n|-resisted|p2a: Ekans\n|-damage|p2a: Ekans|8\/100\n|-boost|p1a: Lurantis|spa|2\n|move|p2a: Ekans|Haze|p2a: Ekans\n|-clearallboost\n|\n|-damage|p1a: Lurantis|64\/100 tox|[from] psn\n|upkeep\n|turn|15\n|\n|t:|1699032995\n|move|p1a: Lurantis|Superpower|p2a: Ekans\n|-resisted|p2a: Ekans\n|-damage|p2a: Ekans|0 fnt\n|-boost|p1a: Lurantis|atk|1\n|-boost|p1a: Lurantis|def|1\n|faint|p2a: Ekans\n|\n|-damage|p1a: Lurantis|40\/100 tox|[from] psn\n|upkeep\n|\n|t:|1699033003\n|switch|p2a: Wooper|Wooper, M|100\/100\n|turn|16\n|\n|t:|1699033008\n|move|p1a: Lurantis|Leech Life|p2a: Wooper\n|-damage|p2a: Wooper|56\/100\n|-heal|p1a: Lurantis|65\/100 tox|[from] drain|[of] p2a: Wooper\n|move|p2a: Wooper|Haze|p2a: Wooper\n|-clearallboost\n|\n|-damage|p1a: Lurantis|35\/100 tox|[from] psn\n|upkeep\n|turn|17\n|\n|t:|1699033017\n|move|p1a: Lurantis|Leech Life|p2a: Wooper\n|-damage|p2a: Wooper|23\/100\n|-heal|p1a: Lurantis|54\/100 tox|[from] drain|[of] p2a: Wooper\n|move|p2a: Wooper|Haze|p2a: Wooper\n|-clearallboost\n|\n|-damage|p1a: Lurantis|17\/100 tox|[from] psn\n|upkeep\n|turn|18\n|\n|t:|1699033026\n|move|p1a: Lurantis|Superpower|p2a: Wooper\n|-damage|p2a: Wooper|0 fnt\n|-boost|p1a: Lurantis|atk|1\n|-boost|p1a: Lurantis|def|1\n|faint|p2a: Wooper\n|\n|-damage|p1a: Lurantis|0 fnt|[from] psn\n|faint|p1a: Lurantis\n|upkeep\n|\n|t:|1699033040\n|switch|p1a: Enamorus|Enamorus, F|100\/100\n|switch|p2a: Calyrex|Calyrex-Shadow|100\/100\n|-ability|p2a: Calyrex|As One\n|-ability|p2a: Calyrex|Unnerve\n|turn|19\n|\n|t:|1699033051\n|move|p2a: Calyrex|Haze|p2a: Calyrex\n|-clearallboost\n|move|p1a: Enamorus|Iron Head|p2a: Calyrex\n|-damage|p2a: Calyrex|77\/100\n|\n|-heal|p2a: Calyrex|83\/100|[from] item: Leftovers\n|upkeep\n|turn|20\n|\n|t:|1699033060\n|move|p2a: Calyrex|Confuse Ray|p1a: Enamorus\n|-start|p1a: Enamorus|confusion\n|-activate|p1a: Enamorus|confusion\n|-damage|p1a: Enamorus|84\/100|[from] confusion\n|\n|-heal|p2a: Calyrex|90\/100|[from] item: Leftovers\n|upkeep\n|turn|21\n|\n|t:|1699033068\n|move|p2a: Calyrex|Encore|p1a: Enamorus\n|-start|p1a: Enamorus|Encore\n|-activate|p1a: Enamorus|confusion\n|move|p1a: Enamorus|Iron Head|p2a: Calyrex\n|-damage|p2a: Calyrex|68\/100\n|\n|-heal|p2a: Calyrex|74\/100|[from] item: Leftovers\n|upkeep\n|turn|22\n|\n|t:|1699033078\n|move|p2a: Calyrex|Protect|p2a: Calyrex\n|-singleturn|p2a: Calyrex|Protect\n|-activate|p1a: Enamorus|confusion\n|move|p1a: Enamorus|Iron Head|p2a: Calyrex\n|-activate|p2a: Calyrex|move: Protect\n|\n|-heal|p2a: Calyrex|80\/100|[from] item: Leftovers\n|upkeep\n|turn|23\n|\n|t:|1699033087\n|move|p2a: Calyrex|Protect||[still]\n|-fail|p2a: Calyrex\n|-end|p1a: Enamorus|confusion\n|move|p1a: Enamorus|Iron Head|p2a: Calyrex\n|-damage|p2a: Calyrex|60\/100\n|\n|-heal|p2a: Calyrex|66\/100|[from] item: Leftovers\n|-end|p1a: Enamorus|Encore\n|upkeep\n|turn|24\n|\n|t:|1699033096\n|move|p2a: Calyrex|Encore|p1a: Enamorus\n|-start|p1a: Enamorus|Encore\n|move|p1a: Enamorus|Iron Head|p2a: Calyrex\n|-damage|p2a: Calyrex|44\/100\n|\n|-heal|p2a: Calyrex|50\/100|[from] item: Leftovers\n|upkeep\n|turn|25\n|\n|t:|1699033103\n|move|p2a: Calyrex|Confuse Ray|p1a: Enamorus\n|-start|p1a: Enamorus|confusion\n|-activate|p1a: Enamorus|confusion\n|move|p1a: Enamorus|Iron Head|p2a: Calyrex\n|-damage|p2a: Calyrex|27\/100\n|\n|-heal|p2a: Calyrex|33\/100|[from] item: Leftovers\n|upkeep\n|turn|26\n|\n|t:|1699033113\n|move|p2a: Calyrex|Protect|p2a: Calyrex\n|-singleturn|p2a: Calyrex|Protect\n|-activate|p1a: Enamorus|confusion\n|move|p1a: Enamorus|Iron Head|p2a: Calyrex\n|-activate|p2a: Calyrex|move: Protect\n|\n|-heal|p2a: Calyrex|40\/100|[from] item: Leftovers\n|-end|p1a: Enamorus|Encore\n|upkeep\n|turn|27\n|\n|t:|1699033123\n|move|p2a: Calyrex|Encore|p1a: Enamorus\n|-start|p1a: Enamorus|Encore\n|-end|p1a: Enamorus|confusion\n|move|p1a: Enamorus|Iron Head|p2a: Calyrex\n|-damage|p2a: Calyrex|19\/100\n|\n|-heal|p2a: Calyrex|25\/100|[from] item: Leftovers\n|upkeep\n|turn|28\n|\n|t:|1699033131\n|move|p2a: Calyrex|Confuse Ray|p1a: Enamorus\n|-start|p1a: Enamorus|confusion\n|-activate|p1a: Enamorus|confusion\n|-damage|p1a: Enamorus|66\/100|[from] confusion\n|\n|-heal|p2a: Calyrex|31\/100|[from] item: Leftovers\n|upkeep\n|turn|29\n|\n|t:|1699033140\n|move|p2a: Calyrex|Protect|p2a: Calyrex\n|-singleturn|p2a: Calyrex|Protect\n|-activate|p1a: Enamorus|confusion\n|move|p1a: Enamorus|Iron Head|p2a: Calyrex\n|-activate|p2a: Calyrex|move: Protect\n|\n|-heal|p2a: Calyrex|37\/100|[from] item: Leftovers\n|-end|p1a: Enamorus|Encore\n|upkeep\n|turn|30\n|\n|t:|1699033179\n|move|p2a: Calyrex|Encore|p1a: Enamorus\n|-start|p1a: Enamorus|Encore\n|-end|p1a: Enamorus|confusion\n|move|p1a: Enamorus|Iron Head|p2a: Calyrex\n|-damage|p2a: Calyrex|14\/100\n|\n|-heal|p2a: Calyrex|20\/100|[from] item: Leftovers\n|upkeep\n|turn|31\n|c|\u2606Yes10293|sechs\n|\n|t:|1699033189\n|move|p2a: Calyrex|Confuse Ray|p1a: Enamorus\n|-start|p1a: Enamorus|confusion\n|-activate|p1a: Enamorus|confusion\n|move|p1a: Enamorus|Iron Head|p2a: Calyrex\n|-damage|p2a: Calyrex|0 fnt\n|faint|p2a: Calyrex\n|\n|upkeep\n|\n|t:|1699033196\n|switch|p2a: Kingambit|Kingambit, M, shiny|100\/100\n|-activate|p2a: Kingambit|ability: Supreme Overlord\n|-start|p2a: Kingambit|fallen5|[silent]\n|turn|32\n|\n|t:|1699033211\n|-activate|p1a: Enamorus|confusion\n|move|p1a: Enamorus|Iron Head|p2a: Kingambit\n|-resisted|p2a: Kingambit\n|-damage|p2a: Kingambit|91\/100\n|cant|p2a: Kingambit|flinch\n|\n|-end|p1a: Enamorus|Encore\n|upkeep\n|turn|33\n|\n|t:|1699033221\n|-activate|p1a: Enamorus|confusion\n|move|p1a: Enamorus|Draining Kiss|p2a: Kingambit\n|-crit|p2a: Kingambit\n|-damage|p2a: Kingambit|54\/100\n|-heal|p1a: Enamorus|99\/100|[from] drain|[of] p2a: Kingambit\n|move|p2a: Kingambit|Stone Edge|p1a: Enamorus\n|-supereffective|p1a: Enamorus\n|-damage|p1a: Enamorus|0 fnt\n|faint|p1a: Enamorus\n|\n|upkeep\n|\n|t:|1699033229\n|switch|p1a: Vaporeon|Vaporeon, M|100\/100\n|-status|p1a: Vaporeon|tox\n|-damage|p1a: Vaporeon|76\/100 tox|[from] Spikes\n|turn|34\n|\n|t:|1699033241\n|move|p2a: Kingambit|Shadow Claw|p1a: Vaporeon\n|-damage|p1a: Vaporeon|36\/100 tox\n|move|p1a: Vaporeon|Trailblaze|p2a: Kingambit\n|-resisted|p2a: Kingambit\n|-damage|p2a: Kingambit|51\/100\n|-boost|p1a: Vaporeon|spe|1\n|\n|-damage|p1a: Vaporeon|30\/100 tox|[from] psn\n|upkeep\n|turn|35\n|\n|t:|1699033253\n|move|p1a: Vaporeon|Scald|p2a: Kingambit\n|-damage|p2a: Kingambit|15\/100\n|move|p2a: Kingambit|Stone Edge|p1a: Vaporeon|[miss]\n|-miss|p2a: Kingambit|p1a: Vaporeon\n|\n|-damage|p1a: Vaporeon|18\/100 tox|[from] psn\n|upkeep\n|turn|36\n|c|\u2606Yes10293|gg\n|\n|t:|1699033264\n|move|p1a: Vaporeon|Scald|p2a: Kingambit\n|-damage|p2a: Kingambit|0 fnt\n|faint|p2a: Kingambit\n|-end|p2a: Kingambit|fallen5|[silent]\n|\n|win|Yes10293\n|raw|Yes10293's rating: 1058 &rarr; <strong>1084<\/strong><br \/>(+26 for winning)\n|raw|Ajajajajj's rating: 1000 &rarr; <strong>1000<\/strong><br \/>(+0 for losing)\n","uploadtime":1699033270,"views":8,"p1id":"yes10293","p2id":"ajajajajj","formatid":"gen9anythinggoes","rating":1000,"private":0,"password":""}