{"id":"gen9anythinggoes-1976899408","p1":"adpg.alt","p2":"wdmn","format":"[Gen 9] Anything Goes","log":"|j|\u2606adpg.alt\n|j|\u2606wdmn\n|inactive|Battle timer is ON: inactive players will automatically lose when time's up.\n|t:|1698350635\n|gametype|singles\n|player|p1|adpg.alt|hilbert-wonderlauncher|\n|player|p2|wdmn|karen|\n|teamsize|p1|6\n|teamsize|p2|6\n|gen|9\n|tier|[Gen 9] Anything Goes\n|rated|Tournament battle\n|rule|Tera Type Preview: Tera Types are shown at Team Preview\n|rule|HP Percentage Mod: HP is shown in percentages\n|rule|Endless Battle Clause: Forcing endless battles is banned\n|rule|Bonus Type Mod: Pok\u00e9mon have their Tera Type added onto their current ones.\n|rule|Species Clause: Limit one of each Pok\u00e9mon\n|rule|OHKO Clause: OHKO moves are banned\n|rule|Evasion Moves Clause: Evasion moves are banned\n|rule|Sleep Moves Clause: Sleep-inducing moves are banned\n|rule|Evasion Clause: Evasion abilities, items, and moves are banned\n|rule|Evasion Abilities Clause: Evasion abilities are banned\n|rule|Evasion Items Clause: Evasion items are banned\n|rule|Terastal Clause: You cannot Terastallize\n|clearpoke\n|poke|p1|Walking Wake|\n|poke|p1|Great Tusk|\n|poke|p1|Torkoal, F|\n|poke|p1|Goodra-Hisui, F|\n|poke|p1|Hatterene, F|\n|poke|p1|Kingambit, F|\n|poke|p2|Iron Moth|\n|poke|p2|Kingambit, F|\n|poke|p2|Ribombee, M|\n|poke|p2|Dragapult, F|\n|poke|p2|Samurott-Hisui, M|\n|poke|p2|Thundurus-Therian, M|\n|teampreview\n|raw|adpg.alt's Tera Types:<br \/><psicon pokemon=\"walkingwake\" \/><psicon type=\"Fire\" \/> \/ <psicon pokemon=\"greattusk\" \/><psicon type=\"Dark\" \/> \/ <psicon pokemon=\"torkoal\" \/><psicon type=\"Water\" \/> \/ <psicon pokemon=\"goodrahisui\" \/><psicon type=\"Flying\" \/> \/ <psicon pokemon=\"hatterene\" \/><psicon type=\"Ghost\" \/> \/ <psicon pokemon=\"kingambit\" \/><psicon type=\"Ghost\" \/>\n|raw|wdmn's Tera Types:<br \/><psicon pokemon=\"ironmoth\" \/><psicon type=\"Flying\" \/> \/ <psicon pokemon=\"kingambit\" \/><psicon type=\"Ghost\" \/> \/ <psicon pokemon=\"ribombee\" \/><psicon type=\"Fire\" \/> \/ <psicon pokemon=\"dragapult\" \/><psicon type=\"Fighting\" \/> \/ <psicon pokemon=\"samurotthisui\" \/><psicon type=\"Poison\" \/> \/ <psicon pokemon=\"thundurustherian\" \/><psicon type=\"Steel\" \/>\n|\n|t:|1698350652\n|start\n|switch|p1a: Torkoal|Torkoal, F|100\/100\n|switch|p2a: Thundurus|Thundurus-Therian, M|100\/100\n|-start|p2a: Thundurus|typechange|Electric\/Flying\/Steel|[silent]\n|-start|p1a: Torkoal|typechange|Fire\/Water|[silent]\n|-weather|SunnyDay|[from] ability: Drought|[of] p1a: Torkoal\n|-start|p1a: Torkoal|typechange|Fire\/Water|[silent]\n|-start|p2a: Thundurus|typechange|Electric\/Flying\/Steel|[silent]\n|turn|1\n|\n|t:|1698350663\n|switch|p1a: Great Tusk|Great Tusk|100\/100\n|-start|p1a: Great Tusk|typechange|Ground\/Fighting\/Dark|[silent]\n|-activate|p1a: Great Tusk|ability: Protosynthesis\n|-start|p1a: Great Tusk|protosynthesisatk\n|move|p2a: Thundurus|Discharge|p1a: Great Tusk\n|-immune|p1a: Great Tusk\n|\n|-weather|SunnyDay|[upkeep]\n|upkeep\n|-start|p1a: Great Tusk|typechange|Ground\/Fighting\/Dark|[silent]\n|turn|2\n|\n|t:|1698350675\n|switch|p2a: Iron Moth|Iron Moth|100\/100\n|-start|p2a: Iron Moth|typechange|Fire\/Poison\/Flying|[silent]\n|move|p1a: Great Tusk|Knock Off|p2a: Iron Moth\n|-damage|p2a: Iron Moth|0 fnt\n|-enditem|p2a: Iron Moth|Choice Specs|[from] move: Knock Off|[of] p1a: Great Tusk\n|faint|p2a: Iron Moth\n|-end|p2a: Iron Moth|Quark Drive|[silent]\n|\n|-weather|SunnyDay|[upkeep]\n|upkeep\n|\n|t:|1698350694\n|switch|p2a: Ribombee|Ribombee, M|100\/100\n|-start|p2a: Ribombee|typechange|Bug\/Fairy\/Fire|[silent]\n|-start|p2a: Ribombee|typechange|Bug\/Fairy\/Fire|[silent]\n|turn|3\n|\n|t:|1698350699\n|-end|p1a: Great Tusk|Protosynthesis|[silent]\n|switch|p1a: Torkoal|Torkoal, F|100\/100\n|-start|p1a: Torkoal|typechange|Fire\/Water|[silent]\n|move|p2a: Ribombee|Moonblast|p1a: Torkoal\n|-resisted|p1a: Torkoal\n|-damage|p1a: Torkoal|74\/100\n|\n|-weather|SunnyDay|[upkeep]\n|upkeep\n|-start|p1a: Torkoal|typechange|Fire\/Water|[silent]\n|turn|4\n|\n|t:|1698350709\n|switch|p1a: Hatterene|Hatterene, F|100\/100\n|-start|p1a: Hatterene|typechange|Psychic\/Fairy\/Ghost|[silent]\n|move|p2a: Ribombee|Sticky Web|p1a: Hatterene\n|move|p1a: Hatterene|Sticky Web|p2a: Ribombee|[from]ability: Magic Bounce\n|-sidestart|p2: wdmn|move: Sticky Web\n|\n|-weather|SunnyDay|[upkeep]\n|upkeep\n|-start|p1a: Hatterene|typechange|Psychic\/Fairy\/Ghost|[silent]\n|turn|5\n|\n|t:|1698350720\n|move|p2a: Ribombee|U-turn|p1a: Hatterene\n|-resisted|p1a: Hatterene\n|-damage|p1a: Hatterene|95\/100\n|-enditem|p1a: Hatterene|Eject Button\n|\n|t:|1698350729\n|switch|p1a: Goodra|Goodra-Hisui, F|100\/100\n|-start|p1a: Goodra|typechange|Steel\/Dragon\/Flying|[silent]\n|\n|-weather|SunnyDay|[upkeep]\n|upkeep\n|-start|p1a: Goodra|typechange|Steel\/Dragon\/Flying|[silent]\n|turn|6\n|\n|t:|1698350747\n|switch|p2a: Dragapult|Dragapult, F|100\/100\n|-start|p2a: Dragapult|typechange|Dragon\/Ghost\/Fighting|[silent]\n|-activate|p2a: Dragapult|move: Sticky Web\n|-fail|p2a: Dragapult|unboost|[from] ability: Clear Body|[of] p2a: Dragapult\n|move|p1a: Goodra|Flash Cannon|p2a: Dragapult\n|-damage|p2a: Dragapult|44\/100\n|\n|-weather|SunnyDay|[upkeep]\n|upkeep\n|-start|p2a: Dragapult|typechange|Dragon\/Ghost\/Fighting|[silent]\n|turn|7\n|\n|t:|1698350758\n|move|p2a: Dragapult|U-turn|p1a: Goodra\n|-resisted|p1a: Goodra\n|-damage|p1a: Goodra|95\/100\n|\n|t:|1698350766\n|switch|p2a: Thundurus|Thundurus-Therian, M|100\/100|[from] U-turn\n|-start|p2a: Thundurus|typechange|Electric\/Flying\/Steel|[silent]\n|move|p1a: Goodra|Flash Cannon|p2a: Thundurus\n|-resisted|p2a: Thundurus\n|-damage|p2a: Thundurus|87\/100\n|-unboost|p2a: Thundurus|spd|1\n|\n|-weather|SunnyDay|[upkeep]\n|upkeep\n|-start|p2a: Thundurus|typechange|Electric\/Flying\/Steel|[silent]\n|turn|8\n|\n|t:|1698350774\n|move|p2a: Thundurus|Discharge|p1a: Goodra\n|-damage|p1a: Goodra|66\/100\n|-damage|p2a: Thundurus|77\/100|[from] item: Life Orb\n|move|p1a: Goodra|Flamethrower|p2a: Thundurus\n|-supereffective|p2a: Thundurus\n|-damage|p2a: Thundurus|0 fnt\n|faint|p2a: Thundurus\n|\n|-weather|none\n|upkeep\n|\n|t:|1698350786\n|switch|p2a: Samurott|Samurott-Hisui, M|100\/100\n|-start|p2a: Samurott|typechange|Water\/Dark\/Poison|[silent]\n|-activate|p2a: Samurott|move: Sticky Web\n|-unboost|p2a: Samurott|spe|1\n|-start|p2a: Samurott|typechange|Water\/Dark\/Poison|[silent]\n|turn|9\n|\n|t:|1698350794\n|switch|p1a: Torkoal|Torkoal, F|74\/100\n|-start|p1a: Torkoal|typechange|Fire\/Water|[silent]\n|-weather|SunnyDay|[from] ability: Drought|[of] p1a: Torkoal\n|move|p2a: Samurott|Ceaseless Edge|p1a: Torkoal|[miss]\n|-miss|p2a: Samurott|p1a: Torkoal\n|\n|-weather|SunnyDay|[upkeep]\n|upkeep\n|-start|p1a: Torkoal|typechange|Fire\/Water|[silent]\n|turn|10\n|j| Siamato\n|\n|t:|1698350804\n|move|p2a: Samurott|Ceaseless Edge|p1a: Torkoal|[miss]\n|-miss|p2a: Samurott|p1a: Torkoal\n|move|p1a: Torkoal|Stealth Rock|p2a: Samurott\n|-sidestart|p2: wdmn|move: Stealth Rock\n|\n|-weather|SunnyDay|[upkeep]\n|upkeep\n|turn|11\n|\n|t:|1698350811\n|move|p2a: Samurott|Ceaseless Edge|p1a: Torkoal\n|-damage|p1a: Torkoal|57\/100\n|-sidestart|p1: adpg.alt|Spikes\n|move|p1a: Torkoal|Rapid Spin|p2a: Samurott\n|-damage|p2a: Samurott|89\/100\n|-boost|p1a: Torkoal|spe|1\n|-sideend|p1: adpg.alt|Spikes|[from] move: Rapid Spin|[of] p1a: Torkoal\n|\n|-weather|SunnyDay|[upkeep]\n|upkeep\n|turn|12\n|\n|t:|1698350821\n|switch|p1a: Great Tusk|Great Tusk|100\/100\n|-start|p1a: Great Tusk|typechange|Ground\/Fighting\/Dark|[silent]\n|-activate|p1a: Great Tusk|ability: Protosynthesis\n|-start|p1a: Great Tusk|protosynthesisatk\n|move|p2a: Samurott|Sacred Sword|p1a: Great Tusk\n|-supereffective|p1a: Great Tusk\n|-damage|p1a: Great Tusk|62\/100\n|\n|-weather|SunnyDay|[upkeep]\n|upkeep\n|-start|p1a: Great Tusk|typechange|Ground\/Fighting\/Dark|[silent]\n|turn|13\n|\n|t:|1698350833\n|move|p1a: Great Tusk|Headlong Rush|p2a: Samurott\n|-supereffective|p2a: Samurott\n|-damage|p2a: Samurott|0 fnt\n|-unboost|p1a: Great Tusk|def|1\n|-unboost|p1a: Great Tusk|spd|1\n|faint|p2a: Samurott\n|\n|-weather|SunnyDay|[upkeep]\n|upkeep\n|\n|t:|1698350841\n|switch|p2a: Dragapult|Dragapult, F|44\/100\n|-start|p2a: Dragapult|typechange|Dragon\/Ghost\/Fighting|[silent]\n|-activate|p2a: Dragapult|move: Sticky Web\n|-fail|p2a: Dragapult|unboost|[from] ability: Clear Body|[of] p2a: Dragapult\n|-damage|p2a: Dragapult|38\/100|[from] Stealth Rock\n|-start|p2a: Dragapult|typechange|Dragon\/Ghost\/Fighting|[silent]\n|turn|14\n|\n|t:|1698350847\n|move|p1a: Great Tusk|Headlong Rush|p2a: Dragapult\n|-damage|p2a: Dragapult|0 fnt\n|-unboost|p1a: Great Tusk|def|1\n|-unboost|p1a: Great Tusk|spd|1\n|faint|p2a: Dragapult\n|\n|-weather|SunnyDay|[upkeep]\n|upkeep\n|\n|t:|1698350854\n|switch|p2a: Ribombee|Ribombee, M|100\/100\n|-start|p2a: Ribombee|typechange|Bug\/Fairy\/Fire|[silent]\n|-activate|p2a: Ribombee|move: Sticky Web\n|-unboost|p2a: Ribombee|spe|1\n|-damage|p2a: Ribombee|51\/100|[from] Stealth Rock\n|-start|p2a: Ribombee|typechange|Bug\/Fairy\/Fire|[silent]\n|turn|15\n|\n|t:|1698350859\n|move|p1a: Great Tusk|Headlong Rush|p2a: Ribombee\n|-damage|p2a: Ribombee|0 fnt\n|-unboost|p1a: Great Tusk|def|1\n|-unboost|p1a: Great Tusk|spd|1\n|faint|p2a: Ribombee\n|\n|-weather|SunnyDay|[upkeep]\n|upkeep\n|\n|t:|1698350862\n|switch|p2a: Kingambit|Kingambit, F|100\/100\n|-start|p2a: Kingambit|typechange|Dark\/Steel\/Ghost|[silent]\n|-activate|p2a: Kingambit|move: Sticky Web\n|-unboost|p2a: Kingambit|spe|1\n|-damage|p2a: Kingambit|94\/100|[from] Stealth Rock\n|-activate|p2a: Kingambit|ability: Supreme Overlord\n|-start|p2a: Kingambit|fallen5|[silent]\n|-start|p2a: Kingambit|typechange|Dark\/Steel\/Ghost|[silent]\n|turn|16\n|c|\u2606wdmn|gg\n|\n|t:|1698350874\n|-end|p1a: Great Tusk|Protosynthesis|[silent]\n|switch|p1a: Hatterene|Hatterene, F|95\/100\n|-start|p1a: Hatterene|typechange|Psychic\/Fairy\/Ghost|[silent]\n|move|p2a: Kingambit|Iron Head|p1a: Hatterene\n|-supereffective|p1a: Hatterene\n|-damage|p1a: Hatterene|0 fnt\n|faint|p1a: Hatterene\n|-damage|p2a: Kingambit|84\/100|[from] item: Life Orb\n|\n|-weather|none\n|upkeep\n|\n|t:|1698350886\n|switch|p1a: Great Tusk|Great Tusk|62\/100\n|-start|p1a: Great Tusk|typechange|Ground\/Fighting\/Dark|[silent]\n|-start|p1a: Great Tusk|typechange|Ground\/Fighting\/Dark|[silent]\n|turn|17\n|c|\u2606adpg.alt|Gg\n|inactive|wdmn has 120 seconds left.\n|\n|t:|1698350916\n|move|p1a: Great Tusk|Headlong Rush|p2a: Kingambit\n|-supereffective|p2a: Kingambit\n|-damage|p2a: Kingambit|0 fnt\n|-unboost|p1a: Great Tusk|def|1\n|-unboost|p1a: Great Tusk|spd|1\n|faint|p2a: Kingambit\n|-end|p2a: Kingambit|fallen5|[silent]\n|\n|win|adpg.alt\n|n|\u2606adpg.alt|adpgalt\n|n|\u2606wdmn|wdmn\n|n| Siamato|siamato\n|l|\u2606wdmn\n|l| Siamato\n","uploadtime":1698350918,"views":8,"p1id":"adpgalt","p2id":"wdmn","formatid":"gen9anythinggoes","rating":0,"private":0,"password":""}