{"id":"gen9anythinggoes-1998554264","p1":"ImAcefr","p2":"PawmotLover06","format":"[Gen 9] Anything Goes","log":"|j|\u2606ImAcefr\n|j|\u2606PawmotLover06\n|t:|1700955678\n|gametype|singles\n|player|p1|ImAcefr|hilbert|1156\n|player|p2|PawmotLover06|nemona-s|1255\n|teamsize|p1|6\n|teamsize|p2|6\n|gen|9\n|tier|[Gen 9] Anything Goes\n|rated|\n|rule|HP Percentage Mod: HP is shown in percentages\n|rule|Endless Battle Clause: Forcing endless battles is banned\n|clearpoke\n|poke|p1|Gardevoir, F|\n|poke|p1|Tsareena, F|\n|poke|p1|Vaporeon, F|\n|poke|p1|Oricorio-Pom-Pom, F|\n|poke|p1|Hatterene, F|\n|poke|p1|Delphox, F|\n|poke|p2|Meowscarada, F|\n|poke|p2|Flamigo, M|\n|poke|p2|Gyarados, M|\n|poke|p2|Ceruledge, F|\n|poke|p2|Kingambit, M|\n|poke|p2|Koraidon|\n|teampreview\n|\n|t:|1700955683\n|start\n|switch|p1a: Aurora|Vaporeon, F|100\/100\n|switch|p2a: Meowscarada|Meowscarada, F|100\/100\n|turn|1\n|c|\u2606ImAcefr|Hey guys, did you know that in terms of male human and female Pok\u00e9mon breeding, Vaporeon is the most compatible Pok\u00e9mon for humans? Not only are they in the field egg group, which is mostly comprised of mammals, Vaporeon are an average of 3\u201d03\u2019 tall and 63.9 pounds, this means they\u2019re large enough to be able handle human dicks, and with their impressive Base Stats for HP and access to Acid Armor, you can be rough with one. Due to their mostly water based biology, there\u2019s no doubt in my mind that an aroused Vaporeon would be incredibly wet, so wet that you could easily have sex with one for hours without getting sore.\n|\n|t:|1700955697\n|move|p2a: Meowscarada|Knock Off|p1a: Aurora\n|-start|p2a: Meowscarada|typechange|Dark|[from] ability: Protean\n|-damage|p1a: Aurora|48\/100\n|-enditem|p1a: Aurora|Mystic Water|[from] move: Knock Off|[of] p2a: Meowscarada\n|move|p1a: Aurora|Rain Dance|p1a: Aurora\n|-weather|RainDance\n|\n|-weather|RainDance|[upkeep]\n|upkeep\n|turn|2\n|c|\u2606PawmotLover06|blocked\n|\n|t:|1700955726\n|move|p2a: Meowscarada|Sucker Punch|p1a: Aurora\n|-damage|p1a: Aurora|9\/100\n|move|p1a: Aurora|Ice Beam|p2a: Meowscarada\n|-damage|p2a: Meowscarada|52\/100\n|-status|p2a: Meowscarada|frz\n|\n|-weather|RainDance|[upkeep]\n|upkeep\n|turn|3\n|c|\u2606ImAcefr|\ud83d\udc80\n|\n|t:|1700955755\n|cant|p2a: Meowscarada|frz\n|move|p1a: Aurora|Weather Ball|p2a: Meowscarada\n|-damage|p2a: Meowscarada|0 fnt\n|faint|p2a: Meowscarada\n|\n|-weather|RainDance|[upkeep]\n|upkeep\n|\n|t:|1700955762\n|switch|p2a: Flamigo|Flamigo, M|100\/100\n|turn|4\n|\n|t:|1700955767\n|move|p2a: Flamigo|Close Combat|p1a: Aurora\n|-damage|p1a: Aurora|0 fnt\n|-unboost|p2a: Flamigo|def|1\n|-unboost|p2a: Flamigo|spd|1\n|faint|p1a: Aurora\n|\n|-weather|RainDance|[upkeep]\n|upkeep\n|\n|t:|1700955779\n|switch|p1a: Pom-Pom|Oricorio-Pom-Pom, F|100\/100\n|turn|5\n|\n|t:|1700955803\n|move|p2a: Flamigo|Close Combat|p1a: Pom-Pom\n|-resisted|p1a: Pom-Pom\n|-damage|p1a: Pom-Pom|54\/100\n|-unboost|p2a: Flamigo|def|1\n|-unboost|p2a: Flamigo|spd|1\n|move|p1a: Pom-Pom|Substitute|p1a: Pom-Pom\n|-start|p1a: Pom-Pom|Substitute\n|-damage|p1a: Pom-Pom|29\/100\n|\n|-weather|none\n|-heal|p1a: Pom-Pom|36\/100|[from] item: Leftovers\n|upkeep\n|turn|6\n|\n|t:|1700955814\n|move|p2a: Flamigo|Brave Bird|p1a: Pom-Pom\n|-resisted|p1a: Pom-Pom\n|-end|p1a: Pom-Pom|Substitute\n|-damage|p2a: Flamigo|93\/100|[from] Recoil|[of] p1a: Pom-Pom\n|move|p1a: Pom-Pom|Quiver Dance|p1a: Pom-Pom\n|-boost|p1a: Pom-Pom|spa|1\n|-boost|p1a: Pom-Pom|spd|1\n|-boost|p1a: Pom-Pom|spe|1\n|\n|-heal|p1a: Pom-Pom|42\/100|[from] item: Leftovers\n|-heal|p2a: Flamigo|99\/100|[from] item: Leftovers\n|upkeep\n|turn|7\n|\n|t:|1700955826\n|move|p1a: Pom-Pom|Revelation Dance|p2a: Flamigo\n|-supereffective|p2a: Flamigo\n|-damage|p2a: Flamigo|0 fnt\n|faint|p2a: Flamigo\n|\n|-heal|p1a: Pom-Pom|48\/100|[from] item: Leftovers\n|upkeep\n|\n|t:|1700955834\n|switch|p2a: Ceruledge|Ceruledge, F|100\/100\n|turn|8\n|\n|t:|1700955843\n|move|p2a: Ceruledge|Shadow Sneak|p1a: Pom-Pom\n|-damage|p1a: Pom-Pom|16\/100\n|move|p1a: Pom-Pom|Revelation Dance|p2a: Ceruledge\n|-damage|p2a: Ceruledge|26\/100\n|\n|-heal|p1a: Pom-Pom|22\/100|[from] item: Leftovers\n|upkeep\n|turn|9\n|\n|t:|1700955855\n|move|p2a: Ceruledge|Shadow Sneak|p1a: Pom-Pom\n|-damage|p1a: Pom-Pom|0 fnt\n|faint|p1a: Pom-Pom\n|\n|upkeep\n|\n|t:|1700955872\n|switch|p1a: Hermione|Gardevoir, F|100\/100\n|turn|10\n|\n|t:|1700955882\n|move|p2a: Ceruledge|Bitter Blade|p1a: Hermione\n|-damage|p1a: Hermione|18\/100\n|-heal|p2a: Ceruledge|65\/100|[from] drain|[of] p1a: Hermione\n|move|p1a: Hermione|Psychic|p2a: Ceruledge\n|-damage|p2a: Ceruledge|0 fnt\n|faint|p2a: Ceruledge\n|\n|upkeep\n|\n|t:|1700955891\n|switch|p2a: Gyarados|Gyarados, M|100\/100\n|turn|11\n|\n|t:|1700955895\n|move|p2a: Gyarados|Dragon Dance|p2a: Gyarados\n|-boost|p2a: Gyarados|atk|1\n|-boost|p2a: Gyarados|spe|1\n|move|p1a: Hermione|Psychic|p2a: Gyarados\n|-damage|p2a: Gyarados|34\/100\n|-unboost|p2a: Gyarados|spd|1\n|\n|-heal|p2a: Gyarados|40\/100|[from] item: Leftovers\n|upkeep\n|turn|12\n|\n|t:|1700955905\n|move|p2a: Gyarados|Ice Fang|p1a: Hermione\n|-damage|p1a: Hermione|0 fnt\n|faint|p1a: Hermione\n|-ability|p2a: Gyarados|Moxie|boost\n|-boost|p2a: Gyarados|atk|1\n|\n|-heal|p2a: Gyarados|46\/100|[from] item: Leftovers\n|upkeep\n|\n|t:|1700955913\n|switch|p1a: Lysithea|Hatterene, F|100\/100\n|turn|13\n|\n|t:|1700955925\n|move|p2a: Gyarados|Waterfall|p1a: Lysithea\n|-damage|p1a: Lysithea|5\/100\n|move|p1a: Lysithea|Trick|p2a: Gyarados\n|-activate|p1a: Lysithea|move: Trick|[of] p2a: Gyarados\n|-item|p2a: Gyarados|Black Sludge|[from] move: Trick\n|-item|p1a: Lysithea|Leftovers|[from] move: Trick\n|\n|-damage|p2a: Gyarados|34\/100|[from] item: Black Sludge\n|-heal|p1a: Lysithea|11\/100|[from] item: Leftovers\n|upkeep\n|turn|14\n|\n|t:|1700955937\n|move|p2a: Gyarados|Waterfall|p1a: Lysithea\n|-damage|p1a: Lysithea|0 fnt\n|faint|p1a: Lysithea\n|-ability|p2a: Gyarados|Moxie|boost\n|-boost|p2a: Gyarados|atk|1\n|\n|-damage|p2a: Gyarados|22\/100|[from] item: Black Sludge\n|upkeep\n|\n|t:|1700955958\n|switch|p1a: Queen|Tsareena, F|100\/100\n|turn|15\n|\n|t:|1700955964\n|move|p2a: Gyarados|Ice Fang|p1a: Queen\n|-supereffective|p1a: Queen\n|-damage|p1a: Queen|0 fnt\n|faint|p1a: Queen\n|-ability|p2a: Gyarados|Moxie|boost\n|-boost|p2a: Gyarados|atk|1\n|\n|-damage|p2a: Gyarados|9\/100|[from] item: Black Sludge\n|upkeep\n|\n|t:|1700955972\n|switch|p1a: Enchantress|Delphox, F|100\/100\n|turn|16\n|\n|t:|1700955980\n|move|p2a: Gyarados|Waterfall|p1a: Enchantress\n|-supereffective|p1a: Enchantress\n|-damage|p1a: Enchantress|0 fnt\n|faint|p1a: Enchantress\n|\n|win|PawmotLover06\n|raw|ImAcefr's rating: 1156 &rarr; <strong>1138<\/strong><br \/>(-18 for losing)\n|raw|PawmotLover06's rating: 1255 &rarr; <strong>1273<\/strong><br \/>(+18 for winning)\n","uploadtime":1700955797,"views":0,"p1id":"imacefr","p2id":"pawmotlover06","formatid":"gen9anythinggoes","rating":1138,"private":0,"password":""}