{"id":"gen9anythinggoes-1983162085","p1":"Tysnap05","p2":"Zersturer23","format":"[Gen 9] Anything Goes","log":"|j|\u2606Tysnap05\n|j|\u2606Zersturer23\n|t:|1699098474\n|gametype|singles\n|player|p1|Tysnap05|2|1037\n|player|p2|Zersturer23|170|1025\n|teamsize|p1|6\n|teamsize|p2|6\n|gen|9\n|tier|[Gen 9] Anything Goes\n|rated|\n|rule|HP Percentage Mod: HP is shown in percentages\n|rule|Endless Battle Clause: Forcing endless battles is banned\n|clearpoke\n|poke|p1|Pawmot, M|\n|poke|p1|Miraidon|\n|poke|p1|Mimikyu, M|\n|poke|p1|Arcanine-Hisui, M|\n|poke|p1|Orthworm, M|\n|poke|p1|Glimmora, M|\n|poke|p2|Garchomp, F|\n|poke|p2|Annihilape, F|\n|poke|p2|Annihilape, F|\n|poke|p2|Annihilape, M|\n|poke|p2|Annihilape, F|\n|poke|p2|Annihilape, F|\n|teampreview\n|\n|t:|1699098484\n|start\n|switch|p1a: Glimmora|Glimmora, M|100\/100\n|switch|p2a: Annihilape|Annihilape, F|100\/100\n|turn|1\n|\n|t:|1699098493\n|move|p2a: Annihilape|Final Gambit|p1a: Glimmora\n|-damage|p1a: Glimmora|0 fnt\n|faint|p2a: Annihilape\n|faint|p1a: Glimmora\n|\n|upkeep\n|\n|t:|1699098499\n|switch|p2a: Annihilape|Annihilape, F|100\/100\n|switch|p1a: Mimikyu|Mimikyu, M|100\/100\n|turn|2\n|\n|t:|1699098506\n|move|p2a: Annihilape|Shadow Claw|p1a: Mimikyu\n|-activate|p1a: Mimikyu|ability: Disguise\n|-damage|p1a: Mimikyu|100\/100\n|detailschange|p1a: Mimikyu|Mimikyu-Busted, M\n|-damage|p1a: Mimikyu|88\/100|[from] pokemon: Mimikyu-Busted\n|-enditem|p1a: Mimikyu|Red Card|[of] p2a: Annihilape\n|drag|p2a: Annihilape|Annihilape, M|100\/100\n|move|p1a: Mimikyu|Shadow Ball|p2a: Annihilape\n|-supereffective|p2a: Annihilape\n|-damage|p2a: Annihilape|75\/100\n|\n|upkeep\n|turn|3\n|\n|t:|1699098522\n|move|p2a: Annihilape|Shadow Claw|p1a: Mimikyu\n|-supereffective|p1a: Mimikyu\n|-damage|p1a: Mimikyu|0 fnt\n|faint|p1a: Mimikyu\n|\n|upkeep\n|\n|t:|1699098526\n|switch|p1a: Miraidon|Miraidon|100\/100\n|-fieldstart|move: Electric Terrain|[from] ability: Hadron Engine|[of] p1a: Miraidon\n|-item|p1a: Miraidon|Air Balloon\n|turn|4\n|\n|t:|1699098533\n|move|p2a: Annihilape|Shadow Claw|p1a: Miraidon\n|-damage|p1a: Miraidon|68\/100\n|-enditem|p1a: Miraidon|Air Balloon\n|move|p1a: Miraidon|Electro Drift|p2a: Annihilape\n|-damage|p2a: Annihilape|0 fnt\n|faint|p2a: Annihilape\n|\n|upkeep\n|\n|t:|1699098540\n|switch|p2a: Annihilape|Annihilape, F|100\/100\n|turn|5\n|\n|t:|1699098546\n|move|p2a: Annihilape|Close Combat|p1a: Miraidon\n|-crit|p1a: Miraidon\n|-damage|p1a: Miraidon|0 fnt\n|-unboost|p2a: Annihilape|def|1\n|-unboost|p2a: Annihilape|spd|1\n|faint|p1a: Miraidon\n|\n|upkeep\n|\n|t:|1699098561\n|switch|p1a: Pawmot|Pawmot, M|100\/100\n|turn|6\n|\n|t:|1699098570\n|move|p2a: Annihilape|Close Combat|p1a: Pawmot\n|-crit|p1a: Pawmot\n|-damage|p1a: Pawmot|4\/100\n|-unboost|p2a: Annihilape|def|1\n|-unboost|p2a: Annihilape|spd|1\n|move|p1a: Pawmot|Revival Blessing|p1a: Pawmot\n|\n|t:|1699098584\n|-heal|p1: Glimmora|50\/100|[from] move: Revival Blessing\n|\n|upkeep\n|turn|7\n|\n|t:|1699098596\n|move|p2a: Annihilape|Close Combat|p1a: Pawmot\n|-damage|p1a: Pawmot|0 fnt\n|-unboost|p2a: Annihilape|def|1\n|-unboost|p2a: Annihilape|spd|1\n|faint|p1a: Pawmot\n|\n|upkeep\n|\n|t:|1699098601\n|switch|p1a: Glimmora|Glimmora, M|50\/100\n|turn|8\n|\n|t:|1699098617\n|move|p2a: Annihilape|Close Combat|p1a: Glimmora\n|-damage|p1a: Glimmora|12\/100\n|-unboost|p2a: Annihilape|def|1\n|-unboost|p2a: Annihilape|spd|1\n|-activate|p1a: Glimmora|ability: Toxic Debris\n|-sidestart|p2: Zersturer23|move: Toxic Spikes\n|move|p1a: Glimmora|Stealth Rock|p2a: Annihilape\n|-sidestart|p2: Zersturer23|move: Stealth Rock\n|\n|-heal|p1a: Glimmora|18\/100|[from] item: Black Sludge\n|-fieldend|move: Electric Terrain\n|upkeep\n|turn|9\n|\n|t:|1699098633\n|move|p2a: Annihilape|Close Combat|p1a: Glimmora\n|-crit|p1a: Glimmora\n|-damage|p1a: Glimmora|0 fnt\n|-unboost|p2a: Annihilape|def|1\n|-unboost|p2a: Annihilape|spd|1\n|-activate|p1a: Glimmora|ability: Toxic Debris\n|-sidestart|p2: Zersturer23|move: Toxic Spikes\n|faint|p1a: Glimmora\n|\n|upkeep\n|\n|t:|1699098639\n|switch|p1a: Arcanine|Arcanine-Hisui, M|100\/100\n|turn|10\n|\n|t:|1699098651\n|move|p2a: Annihilape|Close Combat|p1a: Arcanine\n|-supereffective|p1a: Arcanine\n|-damage|p1a: Arcanine|0 fnt\n|-unboost|p2a: Annihilape|def|1\n|-unboost|p2a: Annihilape|spd|1\n|faint|p1a: Arcanine\n|\n|upkeep\n|\n|t:|1699098656\n|switch|p1a: Orthworm|Orthworm, M|100\/100\n|turn|11\n|\n|t:|1699098665\n|move|p2a: Annihilape|Close Combat|p1a: Orthworm\n|-supereffective|p1a: Orthworm\n|-damage|p1a: Orthworm|28\/100\n|-damage|p2a: Annihilape|84\/100|[from] item: Rocky Helmet|[of] p1a: Orthworm\n|move|p1a: Orthworm|Coil|p1a: Orthworm\n|-boost|p1a: Orthworm|atk|1\n|-boost|p1a: Orthworm|def|1\n|-boost|p1a: Orthworm|accuracy|1\n|\n|upkeep\n|turn|12\n|\n|t:|1699098673\n|move|p2a: Annihilape|Close Combat|p1a: Orthworm\n|-supereffective|p1a: Orthworm\n|-damage|p1a: Orthworm|0 fnt\n|-damage|p2a: Annihilape|67\/100|[from] item: Rocky Helmet|[of] p1a: Orthworm\n|faint|p1a: Orthworm\n|\n|win|Zersturer23\n|raw|Tysnap05's rating: 1037 &rarr; <strong>1021<\/strong><br \/>(-16 for losing)\n|raw|Zersturer23's rating: 1025 &rarr; <strong>1063<\/strong><br \/>(+38 for winning)\n|l|\u2606Tysnap05\n","uploadtime":1699098729,"views":8,"p1id":"tysnap05","p2id":"zersturer23","formatid":"gen9anythinggoes","rating":1021,"private":0,"password":""}