{"id":"gen9anythinggoes-1983889443","p1":"sfguicght","p2":"Notlgtb","format":"[Gen 9] Anything Goes","log":"|j|\u2606sfguicght\n|j|\u2606Notlgtb\n|t:|1699196556\n|gametype|singles\n|player|p1|sfguicght|265|1000\n|player|p2|Notlgtb|102|1000\n|teamsize|p1|6\n|teamsize|p2|6\n|gen|9\n|tier|[Gen 9] Anything Goes\n|rated|\n|rule|HP Percentage Mod: HP is shown in percentages\n|rule|Endless Battle Clause: Forcing endless battles is banned\n|clearpoke\n|poke|p1|Gastrodon, M|\n|poke|p1|Zamazenta-*|\n|poke|p1|Abomasnow, F|\n|poke|p1|Ceruledge, M|\n|poke|p1|Corviknight, M|\n|poke|p1|Heatran, F|\n|poke|p2|Snorlax, M|\n|poke|p2|Zoroark-Hisui, M|\n|poke|p2|Samurott-Hisui, M|\n|poke|p2|Toxapex, M|\n|poke|p2|Gengar, M|\n|poke|p2|Pawmot, M|\n|teampreview\n|\n|t:|1699196568\n|start\n|switch|p1a: Zamazenta|Zamazenta|100\/100\n|switch|p2a: Gengar|Gengar, M|100\/100\n|-ability|p1a: Zamazenta|Dauntless Shield|boost\n|-boost|p1a: Zamazenta|def|1\n|turn|1\n|\n|t:|1699196577\n|move|p2a: Gengar|Dazzling Gleam|p1a: Zamazenta\n|-supereffective|p1a: Zamazenta\n|-damage|p1a: Zamazenta|56\/100\n|move|p1a: Zamazenta|Light Screen|p1a: Zamazenta\n|-sidestart|p1: sfguicght|move: Light Screen\n|\n|upkeep\n|turn|2\n|\n|t:|1699196586\n|move|p2a: Gengar|Psychic|p1a: Zamazenta\n|-supereffective|p1a: Zamazenta\n|-damage|p1a: Zamazenta|31\/100\n|-enditem|p1a: Zamazenta|Sitrus Berry|[eat]\n|-heal|p1a: Zamazenta|56\/100|[from] item: Sitrus Berry\n|move|p1a: Zamazenta|Reflect|p1a: Zamazenta\n|-sidestart|p1: sfguicght|Reflect\n|\n|upkeep\n|turn|3\n|\n|t:|1699196598\n|move|p2a: Gengar|Psychic|p1a: Zamazenta\n|-supereffective|p1a: Zamazenta\n|-damage|p1a: Zamazenta|32\/100\n|move|p1a: Zamazenta|Crunch|p2a: Gengar\n|-supereffective|p2a: Gengar\n|-damage|p2a: Gengar|0 fnt\n|faint|p2a: Gengar\n|\n|upkeep\n|\n|t:|1699196612\n|switch|p2a: Ibai|Snorlax, M, shiny|100\/100\n|turn|4\n|inactive|Battle timer is ON: inactive players will automatically lose when time's up. (requested by Notlgtb)\n|\n|t:|1699196624\n|move|p2a: Ibai|U-turn|p1a: Zamazenta\n|-resisted|p1a: Zamazenta\n|-damage|p1a: Zamazenta|30\/100\n|\n|t:|1699196633\n|switch|p2a: Toxapex|Toxapex, M|100\/100|[from] U-turn\n|move|p1a: Zamazenta|Ice Fang|p2a: Toxapex\n|-resisted|p2a: Toxapex\n|-damage|p2a: Toxapex|94\/100\n|-status|p2a: Toxapex|frz\n|\n|-heal|p2a: Toxapex|99\/100 frz|[from] item: Black Sludge\n|upkeep\n|turn|5\n|\n|t:|1699196645\n|cant|p2a: Toxapex|frz\n|move|p1a: Zamazenta|Crunch|p2a: Toxapex\n|-damage|p2a: Toxapex|83\/100 frz\n|\n|-heal|p2a: Toxapex|90\/100 frz|[from] item: Black Sludge\n|-sideend|p1: sfguicght|move: Light Screen\n|upkeep\n|turn|6\n|\n|t:|1699196657\n|cant|p2a: Toxapex|frz\n|move|p1a: Zamazenta|Crunch|p2a: Toxapex\n|-damage|p2a: Toxapex|72\/100 frz\n|\n|-heal|p2a: Toxapex|78\/100 frz|[from] item: Black Sludge\n|-sideend|p1: sfguicght|Reflect\n|upkeep\n|turn|7\n|inactive|sfguicght has 120 seconds left.\n|\n|t:|1699196713\n|cant|p2a: Toxapex|frz\n|move|p1a: Zamazenta|Light Screen|p1a: Zamazenta\n|-sidestart|p1: sfguicght|move: Light Screen\n|\n|-heal|p2a: Toxapex|84\/100 frz|[from] item: Black Sludge\n|upkeep\n|turn|8\n|\n|t:|1699196720\n|move|p1a: Zamazenta|Reflect|p1a: Zamazenta\n|-sidestart|p1: sfguicght|Reflect\n|cant|p2a: Toxapex|frz\n|\n|-heal|p2a: Toxapex|90\/100 frz|[from] item: Black Sludge\n|upkeep\n|turn|9\n|\n|t:|1699196733\n|switch|p1a: Heatran|Heatran, F|100\/100\n|cant|p2a: Toxapex|frz\n|\n|-heal|p2a: Toxapex|97\/100 frz|[from] item: Black Sludge\n|upkeep\n|turn|10\n|\n|t:|1699196746\n|switch|p2a: Samurott|Samurott-Hisui, M|100\/100\n|move|p1a: Heatran|Sunny Day|p1a: Heatran\n|-weather|SunnyDay\n|\n|-weather|SunnyDay|[upkeep]\n|upkeep\n|turn|11\n|\n|t:|1699196758\n|-terastallize|p1a: Heatran|Grass\n|move|p1a: Heatran|Solar Beam||[still]\n|-prepare|p1a: Heatran|Solar Beam\n|-anim|p1a: Heatran|Solar Beam|p2a: Samurott\n|-supereffective|p2a: Samurott\n|-damage|p2a: Samurott|0 fnt\n|faint|p2a: Samurott\n|\n|-weather|SunnyDay|[upkeep]\n|-sideend|p1: sfguicght|move: Light Screen\n|upkeep\n|\n|t:|1699196769\n|switch|p2a: Toxapex|Toxapex, M|100\/100 frz\n|turn|12\n|\n|t:|1699196773\n|move|p1a: Heatran|Solar Beam||[still]\n|-prepare|p1a: Heatran|Solar Beam\n|-anim|p1a: Heatran|Solar Beam|p2a: Toxapex\n|-damage|p2a: Toxapex|50\/100 frz\n|cant|p2a: Toxapex|frz\n|\n|-weather|SunnyDay|[upkeep]\n|-heal|p2a: Toxapex|56\/100 frz|[from] item: Black Sludge\n|-sideend|p1: sfguicght|Reflect\n|upkeep\n|turn|13\n|inactive|sfguicght has 120 seconds left.\n|\n|t:|1699196783\n|move|p1a: Heatran|Solar Beam||[still]\n|-prepare|p1a: Heatran|Solar Beam\n|-anim|p1a: Heatran|Solar Beam|p2a: Toxapex\n|-damage|p2a: Toxapex|5\/100 frz\n|cant|p2a: Toxapex|frz\n|\n|-weather|SunnyDay|[upkeep]\n|-heal|p2a: Toxapex|11\/100 frz|[from] item: Black Sludge\n|upkeep\n|turn|14\n|inactive|sfguicght has 120 seconds left.\n|\n|t:|1699196800\n|cant|p2a: Toxapex|frz\n|move|p1a: Heatran|Flamethrower|p2a: Toxapex\n|-resisted|p2a: Toxapex\n|-crit|p2a: Toxapex\n|-damage|p2a: Toxapex|0 fnt\n|faint|p2a: Toxapex\n|\n|-weather|none\n|upkeep\n|\n|t:|1699196810\n|switch|p2a: Pawmot|Pawmot, M|100\/100\n|turn|15\n|\n|t:|1699196818\n|move|p2a: Pawmot|Revival Blessing|p2a: Pawmot\n|\n|t:|1699196822\n|-heal|p2: Gengar|50\/100|[from] move: Revival Blessing\n|move|p1a: Heatran|Dragon Pulse|p2a: Pawmot\n|-damage|p2a: Pawmot|50\/100\n|\n|-heal|p2a: Pawmot|56\/100|[from] item: Leftovers\n|upkeep\n|turn|16\n|\n|t:|1699196832\n|move|p2a: Pawmot|Agility|p2a: Pawmot\n|-boost|p2a: Pawmot|spe|2\n|move|p1a: Heatran|Flamethrower|p2a: Pawmot\n|-crit|p2a: Pawmot\n|-damage|p2a: Pawmot|0 fnt\n|faint|p2a: Pawmot\n|\n|upkeep\n|\n|t:|1699196841\n|switch|p2a: Gengar|Gengar, M|50\/100\n|turn|17\n|\n|t:|1699196854\n|move|p2a: Gengar|Dazzling Gleam|p1a: Heatran\n|-damage|p1a: Heatran|77\/100\n|move|p1a: Heatran|Solar Beam||[still]\n|-prepare|p1a: Heatran|Solar Beam\n|\n|-heal|p2a: Gengar|56\/100|[from] item: Black Sludge\n|upkeep\n|turn|18\n|\n|t:|1699196863\n|switch|p2a: Ibai|Snorlax, M, shiny|100\/100\n|move|p1a: Heatran|Solar Beam|p2a: Ibai|[from]lockedmove\n|-damage|p2a: Ibai|64\/100\n|\n|-heal|p2a: Ibai|70\/100|[from] item: Leftovers\n|upkeep\n|turn|19\n|\n|t:|1699196873\n|move|p1a: Heatran|Sunny Day|p1a: Heatran\n|-weather|SunnyDay\n|move|p2a: Ibai|Body Slam|p1a: Heatran\n|-damage|p1a: Heatran|43\/100\n|-status|p2a: Ibai|brn|[from] ability: Flame Body|[of] p1a: Heatran\n|\n|-weather|SunnyDay|[upkeep]\n|-heal|p2a: Ibai|76\/100 brn|[from] item: Leftovers\n|-damage|p2a: Ibai|70\/100 brn|[from] brn\n|upkeep\n|turn|20\n|\n|t:|1699196885\n|move|p1a: Heatran|Solar Beam||[still]\n|-prepare|p1a: Heatran|Solar Beam\n|-anim|p1a: Heatran|Solar Beam|p2a: Ibai\n|-damage|p2a: Ibai|32\/100 brn\n|move|p2a: Ibai|Body Slam|p1a: Heatran\n|-damage|p1a: Heatran|25\/100\n|-enditem|p1a: Heatran|Aguav Berry|[eat]\n|-heal|p1a: Heatran|58\/100|[from] item: Aguav Berry\n|\n|-weather|SunnyDay|[upkeep]\n|-heal|p2a: Ibai|38\/100 brn|[from] item: Leftovers\n|-damage|p2a: Ibai|32\/100 brn|[from] brn\n|upkeep\n|turn|21\n|\n|t:|1699196899\n|switch|p2a: Gengar|Gengar, M|100\/100\n|move|p1a: Heatran|Solar Beam||[still]\n|-prepare|p1a: Heatran|Solar Beam\n|-anim|p1a: Heatran|Solar Beam|p2a: Gengar\n|-damage|p2a: Gengar|0 fnt\n|replace|p2a: Zoroark|Zoroark-Hisui, M\n|-end|p2a: Zoroark|Illusion\n|faint|p2a: Zoroark\n|\n|-weather|SunnyDay|[upkeep]\n|upkeep\n|\n|t:|1699196911\n|switch|p2a: Gengar|Gengar, M|56\/100\n|turn|22\n|\n|t:|1699196915\n|move|p2a: Gengar|Psychic|p1a: Heatran\n|-damage|p1a: Heatran|31\/100\n|move|p1a: Heatran|Solar Beam||[still]\n|-prepare|p1a: Heatran|Solar Beam\n|-anim|p1a: Heatran|Solar Beam|p2a: Gengar\n|-resisted|p2a: Gengar\n|-damage|p2a: Gengar|0 fnt\n|faint|p2a: Gengar\n|\n|-weather|SunnyDay|[upkeep]\n|upkeep\n|\n|t:|1699196926\n|switch|p2a: Ibai|Snorlax, M, shiny|32\/100 brn\n|turn|23\n|\n|t:|1699196932\n|move|p1a: Heatran|Solar Beam||[still]\n|-prepare|p1a: Heatran|Solar Beam\n|-anim|p1a: Heatran|Solar Beam|p2a: Ibai\n|-crit|p2a: Ibai\n|-damage|p2a: Ibai|0 fnt\n|faint|p2a: Ibai\n|\n|win|sfguicght\n|raw|sfguicght's rating: 1000 &rarr; <strong>1040<\/strong><br \/>(+40 for winning)\n|raw|Notlgtb's rating: 1000 &rarr; <strong>1000<\/strong><br \/>(+0 for losing)\n|l|\u2606Notlgtb\n","uploadtime":1699196942,"views":5,"p1id":"sfguicght","p2id":"notlgtb","formatid":"gen9anythinggoes","rating":1000,"private":0,"password":""}