{"id":"gen9anythinggoes-1996356799","p1":"Luigi3641","p2":"Odj1022","format":"[Gen 9] Anything Goes","log":"|j|\u2606Luigi3641\n|j|\u2606Odj1022\n|t:|1700674292\n|gametype|singles\n|player|p1|Luigi3641|juggler|1238\n|player|p2|Odj1022|alder|1273\n|teamsize|p1|1\n|teamsize|p2|6\n|gen|9\n|tier|[Gen 9] Anything Goes\n|rated|\n|rule|HP Percentage Mod: HP is shown in percentages\n|rule|Endless Battle Clause: Forcing endless battles is banned\n|clearpoke\n|poke|p1|Calyrex-Shadow|\n|poke|p2|Rayquaza|\n|poke|p2|Cinderace, F|\n|poke|p2|Zacian-*|\n|poke|p2|Toxapex, M|\n|poke|p2|Ursaluna, M|\n|poke|p2|Wattrel, M|\n|teampreview\n|\n|t:|1700674297\n|start\n|switch|p1a: Calyrex|Calyrex-Shadow|100\/100\n|switch|p2a: Wattrel|Wattrel, M|100\/100\n|-ability|p1a: Calyrex|As One\n|-ability|p1a: Calyrex|Unnerve\n|turn|1\n|c|\u2606Luigi3641|Glhf\n|\n|t:|1700674304\n|move|p2a: Wattrel|Protect|p2a: Wattrel\n|-singleturn|p2a: Wattrel|Protect\n|move|p1a: Calyrex|Agility|p1a: Calyrex\n|-boost|p1a: Calyrex|spe|2\n|\n|upkeep\n|turn|2\n|\n|t:|1700674319\n|switch|p2a: Toxapex|Toxapex, M|100\/100\n|move|p1a: Calyrex|Astral Barrage|p2a: Toxapex\n|-damage|p2a: Toxapex|42\/100\n|\n|-heal|p2a: Toxapex|48\/100|[from] item: Leftovers\n|upkeep\n|turn|3\n|\n|t:|1700674322\n|move|p1a: Calyrex|Psyshock|p2a: Toxapex\n|-supereffective|p2a: Toxapex\n|-damage|p2a: Toxapex|0 fnt\n|faint|p2a: Toxapex\n|-ability|p1a: Calyrex|Grim Neigh|boost\n|-boost|p1a: Calyrex|spa|1\n|\n|upkeep\n|\n|t:|1700674324\n|switch|p2a: Rayquaza|Rayquaza|100\/100\n|-ability|p2a: Rayquaza|Air Lock\n|turn|4\n|\n|t:|1700674327\n|-terastallize|p1a: Calyrex|Ghost\n|-terastallize|p2a: Rayquaza|Flying\n|move|p1a: Calyrex|Astral Barrage|p2a: Rayquaza\n|-damage|p2a: Rayquaza|0 fnt\n|faint|p2a: Rayquaza\n|-ability|p1a: Calyrex|Grim Neigh|boost\n|-boost|p1a: Calyrex|spa|1\n|\n|upkeep\n|\n|t:|1700674335\n|switch|p2a: Ursaluna|Ursaluna, M|100\/100\n|turn|5\n|\n|t:|1700674340\n|move|p1a: Calyrex|Psyshock|p2a: Ursaluna\n|-damage|p2a: Ursaluna|22\/100\n|move|p2a: Ursaluna|Earthquake|p1a: Calyrex\n|-damage|p1a: Calyrex|29\/100\n|\n|-status|p2a: Ursaluna|brn|[from] item: Flame Orb\n|upkeep\n|turn|6\n|\n|t:|1700674345\n|move|p1a: Calyrex|Psyshock|p2a: Ursaluna\n|-damage|p2a: Ursaluna|0 fnt\n|faint|p2a: Ursaluna\n|-ability|p1a: Calyrex|Grim Neigh|boost\n|-boost|p1a: Calyrex|spa|1\n|\n|upkeep\n|\n|t:|1700674346\n|switch|p2a: Zacian|Zacian-Crowned|100\/100\n|-ability|p2a: Zacian|Intrepid Sword|boost\n|-boost|p2a: Zacian|atk|1\n|turn|7\n|\n|t:|1700674348\n|move|p1a: Calyrex|Astral Barrage|p2a: Zacian\n|-damage|p2a: Zacian|0 fnt\n|faint|p2a: Zacian\n|-ability|p1a: Calyrex|Grim Neigh|boost\n|-boost|p1a: Calyrex|spa|1\n|\n|upkeep\n|\n|t:|1700674356\n|switch|p2a: Cinderace|Cinderace, F|100\/100\n|turn|8\n|\n|t:|1700674359\n|move|p1a: Calyrex|Astral Barrage|p2a: Cinderace\n|-damage|p2a: Cinderace|0 fnt\n|faint|p2a: Cinderace\n|-ability|p1a: Calyrex|Grim Neigh|boost\n|-boost|p1a: Calyrex|spa|1\n|\n|upkeep\n|\n|t:|1700674360\n|switch|p2a: Wattrel|Wattrel, M|100\/100\n|turn|9\n|\n|t:|1700674362\n|move|p1a: Calyrex|Astral Barrage|p2a: Wattrel\n|-enditem|p2a: Wattrel|Focus Sash\n|-damage|p2a: Wattrel|1\/100\n|move|p2a: Wattrel|Endeavor|p1a: Calyrex\n|-immune|p1a: Calyrex\n|\n|upkeep\n|turn|10\n|l|\u2606Odj1022\n|player|p2|\n|inactive|Battle timer is ON: inactive players will automatically lose when time's up. (requested by Luigi3641)\n|inactive|Odj1022 has 30 seconds to reconnect!\n|inactive|Odj1022 has 20 seconds to reconnect!\n|inactive|Odj1022 has 15 seconds to reconnect!\n|inactive|Odj1022 has 10 seconds to reconnect!\n|inactive|Odj1022 has 5 seconds to reconnect!\n|-message|Odj1022 lost due to inactivity.\n|\n|win|Luigi3641\n|raw|Luigi3641's rating: 1238 &rarr; <strong>1266<\/strong><br \/>(+28 for winning)\n|raw|Odj1022's rating: 1273 &rarr; <strong>1245<\/strong><br \/>(-28 for losing)\n","uploadtime":1700674480,"views":5,"p1id":"luigi3641","p2id":"odj1022","formatid":"gen9anythinggoes","rating":1245,"private":0,"password":""}