{"id":"gen9anythinggoes-1988223044","p1":"Grimkix","p2":"keojjej","format":"[Gen 9] Anything Goes","log":"|j|\u2606Grimkix\n|j|\u2606keojjej\n|t:|1699688524\n|gametype|singles\n|player|p1|Grimkix|riley|1201\n|player|p2|keojjej|265|1338\n|teamsize|p1|6\n|teamsize|p2|6\n|gen|9\n|tier|[Gen 9] Anything Goes\n|rated|\n|rule|HP Percentage Mod: HP is shown in percentages\n|rule|Endless Battle Clause: Forcing endless battles is banned\n|clearpoke\n|poke|p1|Okidogi, M|\n|poke|p1|Ninetales-Alola, M|\n|poke|p1|Baxcalibur, M|\n|poke|p1|Manaphy|\n|poke|p1|Kingambit, F|\n|poke|p1|Ditto|\n|poke|p2|Calyrex-Shadow|\n|poke|p2|Arceus|\n|poke|p2|Ariados, F|\n|poke|p2|Miraidon|\n|poke|p2|Annihilape, M|\n|poke|p2|Zacian-*|\n|teampreview\n|inactive|Battle timer is ON: inactive players will automatically lose when time's up. (requested by Grimkix)\n|c|\u2606keojjej|Hi\n|\n|t:|1699688552\n|start\n|switch|p1a: Kingambit|Kingambit, F|100\/100\n|switch|p2a: Ariados|Ariados, F|100\/100\n|-item|p1a: Kingambit|Air Balloon\n|turn|1\n|\n|t:|1699688567\n|move|p1a: Kingambit|Swords Dance|p1a: Kingambit\n|-boost|p1a: Kingambit|atk|2\n|move|p2a: Ariados|Sticky Web|p1a: Kingambit\n|-sidestart|p1: Grimkix|move: Sticky Web\n|\n|upkeep\n|turn|2\n|c|\u2606keojjej|Ballon kingambit wth\n|\n|t:|1699688576\n|move|p1a: Kingambit|Swords Dance|p1a: Kingambit\n|-boost|p1a: Kingambit|atk|2\n|move|p2a: Ariados|Toxic Spikes|p1a: Kingambit\n|-sidestart|p1: Grimkix|move: Toxic Spikes\n|\n|upkeep\n|turn|3\n|\n|t:|1699688583\n|move|p1a: Kingambit|Sucker Punch||[still]\n|-fail|p1a: Kingambit\n|move|p2a: Ariados|Toxic Spikes|p1a: Kingambit\n|-sidestart|p1: Grimkix|move: Toxic Spikes\n|\n|upkeep\n|turn|4\n|c|\u2606Grimkix|Yup yup\n|\n|t:|1699688596\n|move|p1a: Kingambit|Swords Dance|p1a: Kingambit\n|-boost|p1a: Kingambit|atk|2\n|move|p2a: Ariados|Knock Off|p1a: Kingambit\n|-resisted|p1a: Kingambit\n|-damage|p1a: Kingambit|91\/100\n|-enditem|p1a: Kingambit|Air Balloon\n|\n|upkeep\n|turn|5\n|\n|t:|1699688602\n|move|p2a: Ariados|Protect|p2a: Ariados\n|-singleturn|p2a: Ariados|Protect\n|move|p1a: Kingambit|Kowtow Cleave|p2a: Ariados\n|-activate|p2a: Ariados|move: Protect\n|\n|upkeep\n|turn|6\n|c|\u2606keojjej|Pop\n|\n|t:|1699688611\n|move|p1a: Kingambit|Kowtow Cleave|p2a: Ariados\n|-enditem|p2a: Ariados|Focus Sash\n|-damage|p2a: Ariados|1\/100\n|move|p2a: Ariados|Knock Off|p1a: Kingambit\n|-resisted|p1a: Kingambit\n|-damage|p1a: Kingambit|86\/100\n|\n|upkeep\n|turn|7\n|c|\u2606Grimkix|Here comes the fun part\n|\n|t:|1699688630\n|move|p2a: Ariados|Protect|p2a: Ariados\n|-singleturn|p2a: Ariados|Protect\n|move|p1a: Kingambit|Iron Head|p2a: Ariados\n|-activate|p2a: Ariados|move: Protect\n|\n|upkeep\n|turn|8\n|c|\u2606keojjej|Focus op\n|\n|t:|1699688636\n|move|p1a: Kingambit|Iron Head|p2a: Ariados\n|-damage|p2a: Ariados|0 fnt\n|faint|p2a: Ariados\n|\n|upkeep\n|\n|t:|1699688643\n|switch|p2a: Arceus|Arceus|100\/100\n|turn|9\n|\n|t:|1699688646\n|move|p1a: Kingambit|Sucker Punch|p2a: Arceus\n|-damage|p2a: Arceus|0 fnt\n|faint|p2a: Arceus\n|\n|upkeep\n|\n|t:|1699688653\n|switch|p2a: Calyrex|Calyrex-Shadow|100\/100\n|-ability|p2a: Calyrex|As One\n|-ability|p2a: Calyrex|Unnerve\n|turn|10\n|\n|t:|1699688661\n|move|p1a: Kingambit|Sucker Punch|p2a: Calyrex\n|-supereffective|p2a: Calyrex\n|-damage|p2a: Calyrex|0 fnt\n|faint|p2a: Calyrex\n|\n|upkeep\n|\n|t:|1699688663\n|switch|p2a: Miraidon|Miraidon|100\/100\n|-fieldstart|move: Electric Terrain|[from] ability: Hadron Engine|[of] p2a: Miraidon\n|turn|11\n|\n|t:|1699688670\n|move|p2a: Miraidon|Electro Drift|p1a: Kingambit\n|-damage|p1a: Kingambit|0 fnt\n|faint|p1a: Kingambit\n|-end|p1a: Kingambit|fallenundefined|[silent]\n|\n|upkeep\n|c|\u2606keojjej|Gg\n|c|\u2606Grimkix|Very nice\n|\n|t:|1699688684\n|switch|p1a: Baxcalibur|Baxcalibur, M|100\/100\n|-activate|p1a: Baxcalibur|move: Sticky Web\n|-unboost|p1a: Baxcalibur|spe|1\n|-status|p1a: Baxcalibur|tox\n|turn|12\n|\n|t:|1699688698\n|-terastallize|p1a: Baxcalibur|Fairy\n|move|p2a: Miraidon|Electro Drift|p1a: Baxcalibur\n|-damage|p1a: Baxcalibur|12\/100 tox\n|move|p1a: Baxcalibur|Dragon Dance|p1a: Baxcalibur\n|-boost|p1a: Baxcalibur|atk|1\n|-boost|p1a: Baxcalibur|spe|1\n|\n|-damage|p1a: Baxcalibur|5\/100 tox|[from] psn\n|upkeep\n|turn|13\n|c|\u2606keojjej|Speed\n|\n|t:|1699688712\n|move|p2a: Miraidon|Electro Drift|p1a: Baxcalibur\n|-damage|p1a: Baxcalibur|0 fnt\n|faint|p1a: Baxcalibur\n|\n|upkeep\n|c|\u2606keojjej|Lol Tera wasted\n|\n|t:|1699688719\n|switch|p1a: Ditto|Ditto, shiny|100\/100\n|-activate|p1a: Ditto|move: Sticky Web\n|-unboost|p1a: Ditto|spe|1\n|-status|p1a: Ditto|tox\n|-transform|p1a: Ditto|p2a: Miraidon|[from] ability: Imposter\n|-activate|p1a: Ditto|ability: Hadron Engine\n|turn|14\n|\n|t:|1699688730\n|move|p2a: Miraidon|Electro Drift|p1a: Ditto\n|-resisted|p1a: Ditto\n|-damage|p1a: Ditto|76\/100 tox\n|move|p1a: Ditto|Dazzling Gleam|p2a: Miraidon\n|-supereffective|p2a: Miraidon\n|-damage|p2a: Miraidon|27\/100\n|\n|-damage|p1a: Ditto|70\/100 tox|[from] psn\n|upkeep\n|turn|15\n|\n|t:|1699688741\n|move|p2a: Miraidon|Electro Drift|p1a: Ditto\n|-resisted|p1a: Ditto\n|-damage|p1a: Ditto|47\/100 tox\n|move|p1a: Ditto|Dazzling Gleam|p2a: Miraidon\n|-supereffective|p2a: Miraidon\n|-damage|p2a: Miraidon|0 fnt\n|faint|p2a: Miraidon\n|\n|-damage|p1a: Ditto|35\/100 tox|[from] psn\n|-fieldend|move: Electric Terrain\n|upkeep\n|\n|t:|1699688745\n|switch|p2a: Zacian|Zacian-Crowned|100\/100\n|-ability|p2a: Zacian|Intrepid Sword|boost\n|-boost|p2a: Zacian|atk|1\n|turn|16\n|c|\u2606Grimkix|lol Pok\u00e9mon wasted\n|inactive|Grimkix has 120 seconds left.\n|\n|t:|1699688776\n|move|p2a: Zacian|Behemoth Blade|p1a: Ditto\n|-resisted|p1a: Ditto\n|-damage|p1a: Ditto|0 fnt\n|faint|p1a: Ditto\n|\n|upkeep\n|inactive|Grimkix has 120 seconds left.\n|c|\u2606keojjej|No scarf\n|c|\u2606keojjej|Wp\n|\n|t:|1699688802\n|switch|p1a: Okidogi|Okidogi, M|100\/100\n|-activate|p1a: Okidogi|move: Sticky Web\n|-unboost|p1a: Okidogi|spe|1\n|-sideend|p1: Grimkix|move: Toxic Spikes|[of] p1a: Okidogi\n|turn|17\n|\n|t:|1699688808\n|move|p2a: Zacian|Behemoth Blade|p1a: Okidogi\n|-damage|p1a: Okidogi|30\/100\n|move|p1a: Okidogi|Bulk Up|p1a: Okidogi\n|-boost|p1a: Okidogi|atk|1\n|-boost|p1a: Okidogi|def|1\n|\n|-heal|p1a: Okidogi|36\/100|[from] item: Leftovers\n|upkeep\n|turn|18\n|c|\u2606keojjej|Bro why\n|\n|t:|1699688817\n|move|p2a: Zacian|Behemoth Blade|p1a: Okidogi\n|-damage|p1a: Okidogi|0 fnt\n|faint|p1a: Okidogi\n|\n|upkeep\n|c|\u2606keojjej|Lol\n|\n|t:|1699688827\n|switch|p1a: Ninetales|Ninetales-Alola, M|100\/100\n|-activate|p1a: Ninetales|move: Sticky Web\n|-unboost|p1a: Ninetales|spe|1\n|-weather|Snow|[from] ability: Snow Warning|[of] p1a: Ninetales\n|turn|19\n|\n|t:|1699688832\n|-terastallize|p2a: Zacian|Fairy\n|move|p2a: Zacian|Behemoth Blade|p1a: Ninetales\n|-supereffective|p1a: Ninetales\n|-damage|p1a: Ninetales|0 fnt\n|faint|p1a: Ninetales\n|\n|-weather|Snow|[upkeep]\n|upkeep\n|\n|t:|1699688841\n|switch|p1a: Manaphy|Manaphy|100\/100\n|-activate|p1a: Manaphy|move: Sticky Web\n|-unboost|p1a: Manaphy|spe|1\n|turn|20\n|c|\u2606keojjej|Bye\n|inactive|Grimkix has 120 seconds left.\n|c|\u2606Grimkix|Rematch me then\n|\n|t:|1699688850\n|move|p2a: Zacian|Behemoth Blade|p1a: Manaphy\n|-resisted|p1a: Manaphy\n|-damage|p1a: Manaphy|63\/100\n|move|p1a: Manaphy|Tail Glow|p1a: Manaphy\n|-boost|p1a: Manaphy|spa|3\n|\n|-weather|Snow|[upkeep]\n|-heal|p1a: Manaphy|69\/100|[from] item: Leftovers\n|upkeep\n|turn|21\n|inactive|Grimkix has 120 seconds left.\n|c|\u2606keojjej|I have to go\n|\n|t:|1699688866\n|move|p2a: Zacian|Behemoth Blade|p1a: Manaphy\n|-resisted|p1a: Manaphy\n|-damage|p1a: Manaphy|34\/100\n|move|p1a: Manaphy|Dazzling Gleam|p2a: Zacian\n|-damage|p2a: Zacian|42\/100\n|\n|-weather|Snow|[upkeep]\n|-heal|p1a: Manaphy|40\/100|[from] item: Leftovers\n|upkeep\n|turn|22\n|inactive|Grimkix has 120 seconds left.\n|c|\u2606Grimkix|This guy \ud83d\udc80\n|\n|t:|1699688890\n|move|p2a: Zacian|Behemoth Blade|p1a: Manaphy\n|-resisted|p1a: Manaphy\n|-damage|p1a: Manaphy|2\/100\n|move|p1a: Manaphy|Dazzling Gleam|p2a: Zacian\n|-damage|p2a: Zacian|0 fnt\n|faint|p2a: Zacian\n|\n|-weather|Snow|[upkeep]\n|-heal|p1a: Manaphy|8\/100|[from] item: Leftovers\n|upkeep\n|\n|t:|1699688894\n|switch|p2a: Annihilape|Annihilape, M|100\/100\n|turn|23\n|c|\u2606keojjej|What\n|c|\u2606keojjej|Bye\n|\n|t:|1699688920\n|move|p1a: Manaphy|Dazzling Gleam|p2a: Annihilape\n|-supereffective|p2a: Annihilape\n|-damage|p2a: Annihilape|0 fnt\n|faint|p2a: Annihilape\n|\n|win|Grimkix\n|raw|Grimkix's rating: 1201 &rarr; <strong>1235<\/strong><br \/>(+34 for winning)\n|raw|keojjej's rating: 1338 &rarr; <strong>1310<\/strong><br \/>(-28 for losing)\n|c|\u2606Grimkix|Bye\n|c|\u2606Grimkix|i have to go\n|c|\u2606keojjej|Ahh nice\n|c|\u2606keojjej|Bye\n","uploadtime":1699688942,"views":20,"p1id":"grimkix","p2id":"keojjej","formatid":"gen9anythinggoes","rating":1235,"private":0,"password":""}