{"id":"gen9anythinggoes-1984910995","p1":"01jara123","p2":"zipermu98","format":"[Gen 9] Anything Goes","log":"|j|\u260601jara123\n|j|\u2606zipermu98\n|t:|1699309989\n|gametype|singles\n|player|p1|01jara123|hilbert|\n|player|p2|zipermu98|lucas|\n|teamsize|p1|6\n|teamsize|p2|6\n|gen|9\n|tier|[Gen 9] Anything Goes\n|rule|HP Percentage Mod: HP is shown in percentages\n|rule|Endless Battle Clause: Forcing endless battles is banned\n|clearpoke\n|poke|p1|Gholdengo|\n|poke|p1|Alomomola, M|\n|poke|p1|Kleavor, F|\n|poke|p1|Gliscor, M|\n|poke|p1|Gothitelle, M|\n|poke|p1|Ogerpon-Hearthflame, F|\n|poke|p2|Rotom-Wash|\n|poke|p2|Cinderace, M|\n|poke|p2|Bisharp, F|\n|poke|p2|Zoroark-Hisui, M|\n|poke|p2|Coalossal, F|\n|poke|p2|Landorus, M|\n|teampreview\n|inactive|Battle timer is ON: inactive players will automatically lose when time's up. (requested by 01jara123)\n|c|\u260601jara123|Paso el link\n|c|\u2606zipermu98|Mando enlace\n|inactive|01jara123 has 270 seconds left.\n|inactive|zipermu98 has 270 seconds left.\n|inactiveoff|Battle timer is now OFF.\n|c|\u260601jara123|Perfe\n|\n|t:|1699310088\n|start\n|switch|p1a: Ogerpon|Ogerpon-Hearthflame, F|100\/100\n|switch|p2a: Siemens|Rotom-Wash|100\/100\n|-ability|p1a: Ogerpon|Mold Breaker\n|turn|1\n|c|\u260601jara123|Suerte!\n|\n|t:|1699310138\n|move|p2a: Siemens|Sludge Bomb|p1a: Ogerpon\n|-supereffective|p1a: Ogerpon\n|-damage|p1a: Ogerpon|26\/100\n|-status|p1a: Ogerpon|psn\n|move|p1a: Ogerpon|U-turn|p2a: Siemens\n|-resisted|p2a: Siemens\n|-damage|p2a: Siemens|75\/100\n|replace|p2a: 'Rotom'|Zoroark-Hisui, M\n|-end|p2a: 'Rotom'|Illusion\n|c|\u2606zipermu98|Suerte!!\n|\n|t:|1699310190\n|switch|p1a: Kleavor|Kleavor, F|100\/100|[from] U-turn\n|\n|upkeep\n|turn|2\n|j| Sppregaladog01\n|j| MrMachaca\n|\n|t:|1699310244\n|switch|p2a: Siemens|Rotom-Wash|100\/100\n|move|p1a: Kleavor|Stone Axe|p2a: Siemens\n|-damage|p2a: Siemens|42\/100\n|-sidestart|p2: zipermu98|move: Stealth Rock\n|\n|upkeep\n|turn|3\n|l| Sppregaladog01\n|j| Sppregaladog01\n|\n|t:|1699310289\n|move|p1a: Kleavor|Stone Axe|p2a: Siemens|[miss]\n|-miss|p1a: Kleavor|p2a: Siemens\n|move|p2a: Siemens|Hydro Pump|p1a: Kleavor\n|-supereffective|p1a: Kleavor\n|-damage|p1a: Kleavor|0 fnt\n|faint|p1a: Kleavor\n|\n|upkeep\n|c|\u2606zipermu98|Fuah\n|c|\u2606zipermu98|Lo siento\n|c|\u2606zipermu98|Miss importante\n|l| Sppregaladog01\n|c|\u260601jara123|Dont worry\n|j| Sppregaladog01\n|\n|t:|1699310365\n|switch|p1a: Gliscor|Gliscor, M|100\/100\n|turn|4\n|l| Sppregaladog01\n|\n|t:|1699310376\n|move|p1a: Gliscor|Protect|p1a: Gliscor\n|-singleturn|p1a: Gliscor|Protect\n|move|p2a: Siemens|Hydro Pump|p1a: Gliscor\n|-activate|p1a: Gliscor|move: Protect\n|\n|-status|p1a: Gliscor|tox|[from] item: Toxic Orb\n|upkeep\n|turn|5\n|j| Sppregaladog01\n|\n|t:|1699310421\n|switch|p1a: Alomomola|Alomomola, M|100\/100\n|move|p2a: Siemens|Hydro Pump|p1a: Alomomola\n|-resisted|p1a: Alomomola\n|-damage|p1a: Alomomola|68\/100\n|\n|-heal|p1a: Alomomola|74\/100|[from] item: Leftovers\n|upkeep\n|turn|6\n|\n|t:|1699310470\n|switch|p2a: My Edgy Phase|Bisharp, F|100\/100\n|-damage|p2a: My Edgy Phase|94\/100|[from] Stealth Rock\n|move|p1a: Alomomola|Protect||[still]\n|-fail|p1a: Alomomola\n|\n|-heal|p1a: Alomomola|80\/100|[from] item: Leftovers\n|upkeep\n|turn|7\n|l| Sppregaladog01\n|\n|t:|1699310515\n|move|p2a: My Edgy Phase|Swords Dance|p2a: My Edgy Phase\n|-boost|p2a: My Edgy Phase|atk|2\n|move|p1a: Alomomola|Wish|p1a: Alomomola\n|\n|-heal|p1a: Alomomola|86\/100|[from] item: Leftovers\n|upkeep\n|turn|8\n|\n|t:|1699310531\n|move|p2a: My Edgy Phase|Night Slash|p1a: Alomomola\n|-damage|p1a: Alomomola|42\/100\n|move|p1a: Alomomola|Scald|p2a: My Edgy Phase\n|-damage|p2a: My Edgy Phase|82\/100\n|\n|-heal|p1a: Alomomola|92\/100|[from] move: Wish|[wisher] Alomomola\n|-heal|p1a: Alomomola|99\/100|[from] item: Leftovers\n|upkeep\n|turn|9\n|\n|t:|1699310542\n|move|p2a: My Edgy Phase|Swords Dance|p2a: My Edgy Phase\n|-boost|p2a: My Edgy Phase|atk|2\n|move|p1a: Alomomola|Scald|p2a: My Edgy Phase\n|-damage|p2a: My Edgy Phase|71\/100\n|-status|p2a: My Edgy Phase|brn\n|\n|-heal|p1a: Alomomola|100\/100|[from] item: Leftovers\n|-damage|p2a: My Edgy Phase|65\/100 brn|[from] brn\n|upkeep\n|turn|10\n|j| Sppregaladog01\n|\n|t:|1699310558\n|move|p2a: My Edgy Phase|Swords Dance|p2a: My Edgy Phase\n|-boost|p2a: My Edgy Phase|atk|2\n|move|p1a: Alomomola|Flip Turn|p2a: My Edgy Phase\n|-damage|p2a: My Edgy Phase|54\/100 brn\n|\n|t:|1699310580\n|switch|p1a: Gliscor|Gliscor, M|100\/100 tox|[from] Flip Turn\n|\n|-damage|p2a: My Edgy Phase|48\/100 brn|[from] brn\n|upkeep\n|turn|11\n|\n|t:|1699310624\n|move|p2a: My Edgy Phase|Sucker Punch|p1a: Gliscor\n|-damage|p1a: Gliscor|32\/100 tox\n|move|p1a: Gliscor|Earthquake|p2a: My Edgy Phase\n|-supereffective|p2a: My Edgy Phase\n|-damage|p2a: My Edgy Phase|0 fnt\n|faint|p2a: My Edgy Phase\n|\n|-heal|p1a: Gliscor|45\/100 tox|[from] ability: Poison Heal\n|upkeep\n|c|\u260601jara123|Tremendo porrazo\n|\n|t:|1699310694\n|switch|p2a: Skipped Leg Day|Landorus, M|100\/100\n|-damage|p2a: Skipped Leg Day|88\/100|[from] Stealth Rock\n|turn|12\n|j| mimizukii\n|c|\u2606zipermu98|jajajajjaja\n|\n|t:|1699310762\n|switch|p1a: Ogerpon|Ogerpon-Hearthflame, F|26\/100 psn\n|-ability|p1a: Ogerpon|Mold Breaker\n|move|p2a: Skipped Leg Day|Psychic|p1a: Ogerpon\n|-damage|p1a: Ogerpon|0 fnt\n|faint|p1a: Ogerpon\n|\n|upkeep\n|c| mimizukii|\ud83d\udc41\ud83d\udc41\n|\n|t:|1699310810\n|switch|p1a: Gholdengo|Gholdengo|100\/100\n|-item|p1a: Gholdengo|Air Balloon\n|turn|13\n|\n|t:|1699310912\n|switch|p2a: Siemens|Rotom-Wash|42\/100\n|-damage|p2a: Siemens|30\/100|[from] Stealth Rock\n|move|p1a: Gholdengo|Make It Rain|p2a: Siemens\n|-resisted|p2a: Siemens\n|-damage|p2a: Siemens|12\/100\n|-unboost|p1a: Gholdengo|spa|1\n|\n|upkeep\n|turn|14\n|\n|t:|1699310950\n|switch|p1a: Gothitelle|Gothitelle, M|100\/100\n|move|p2a: Siemens|Volt Switch|p1a: Gothitelle\n|-damage|p1a: Gothitelle|59\/100\n|\n|t:|1699310996\n|switch|p2a: Siemens|Rotom-Wash|75\/100|[from] Volt Switch\n|-damage|p2a: Siemens|62\/100|[from] Stealth Rock\n|\n|upkeep\n|turn|15\n|\n|t:|1699311040\n|switch|p1a: Alomomola|Alomomola, M|100\/100\n|move|p2a: Siemens|Shadow Ball|p1a: Alomomola\n|-damage|p1a: Alomomola|57\/100\n|\n|-heal|p1a: Alomomola|63\/100|[from] item: Leftovers\n|upkeep\n|turn|16\n|\n|t:|1699311059\n|move|p2a: Siemens|Nasty Plot|p2a: Siemens\n|-boost|p2a: Siemens|spa|2\n|move|p1a: Alomomola|Wish|p1a: Alomomola\n|\n|-heal|p1a: Alomomola|70\/100|[from] item: Leftovers\n|upkeep\n|turn|17\n|\n|t:|1699311096\n|move|p2a: Siemens|Shadow Ball|p1a: Alomomola\n|-damage|p1a: Alomomola|0 fnt\n|faint|p1a: Alomomola\n|\n|upkeep\n|\n|t:|1699311107\n|switch|p1a: Gothitelle|Gothitelle, M|59\/100\n|turn|18\n|\n|t:|1699311125\n|move|p1a: Gothitelle|Psychic|p2a: Siemens\n|-damage|p2a: Siemens|0 fnt\n|replace|p2a: 'Rotom'|Zoroark-Hisui, M\n|-end|p2a: 'Rotom'|Illusion\n|faint|p2a: 'Rotom'\n|\n|upkeep\n|\n|t:|1699311164\n|switch|p2a: NosVaASacaDePobre|Cinderace, M|100\/100\n|turn|19\n|\n|t:|1699311202\n|move|p1a: Gothitelle|Psychic|p2a: NosVaASacaDePobre\n|-damage|p2a: NosVaASacaDePobre|45\/100\n|move|p2a: NosVaASacaDePobre|Pyro Ball|p1a: Gothitelle\n|-damage|p1a: Gothitelle|0 fnt\n|faint|p1a: Gothitelle\n|\n|upkeep\n|\n|t:|1699311217\n|switch|p1a: Gliscor|Gliscor, M|45\/100 tox\n|turn|20\n|\n|t:|1699311275\n|move|p1a: Gliscor|Protect|p1a: Gliscor\n|-singleturn|p1a: Gliscor|Protect\n|move|p2a: NosVaASacaDePobre|Pyro Ball|p1a: Gliscor\n|-activate|p1a: Gliscor|move: Protect\n|\n|-heal|p1a: Gliscor|57\/100 tox|[from] ability: Poison Heal\n|upkeep\n|turn|21\n|\n|t:|1699311298\n|move|p2a: NosVaASacaDePobre|Pyro Ball|p1a: Gliscor\n|-damage|p1a: Gliscor|2\/100 tox\n|move|p1a: Gliscor|Facade|p2a: NosVaASacaDePobre\n|-damage|p2a: NosVaASacaDePobre|0 fnt\n|faint|p2a: NosVaASacaDePobre\n|\n|-heal|p1a: Gliscor|14\/100 tox|[from] ability: Poison Heal\n|upkeep\n|\n|t:|1699311377\n|switch|p2a: Skipped Leg Day|Landorus, M|88\/100\n|-damage|p2a: Skipped Leg Day|76\/100|[from] Stealth Rock\n|turn|22\n|\n|t:|1699311384\n|move|p1a: Gliscor|Protect|p1a: Gliscor\n|-singleturn|p1a: Gliscor|Protect\n|move|p2a: Skipped Leg Day|Psychic|p1a: Gliscor\n|-activate|p1a: Gliscor|move: Protect\n|\n|-heal|p1a: Gliscor|27\/100 tox|[from] ability: Poison Heal\n|upkeep\n|turn|23\n|\n|t:|1699311408\n|move|p1a: Gliscor|Facade|p2a: Skipped Leg Day\n|-damage|p2a: Skipped Leg Day|30\/100\n|move|p2a: Skipped Leg Day|Psychic|p1a: Gliscor\n|-damage|p1a: Gliscor|0 fnt\n|faint|p1a: Gliscor\n|\n|upkeep\n|\n|t:|1699311414\n|switch|p1a: Gholdengo|Gholdengo|100\/100\n|-item|p1a: Gholdengo|Air Balloon\n|turn|24\n|\n|t:|1699311427\n|switch|p2a: Siemens|Rotom-Wash|12\/100\n|-damage|p2a: Siemens|0 fnt|[from] Stealth Rock\n|faint|p2a: Siemens\n|move|p1a: Gholdengo|Substitute|p1a: Gholdengo\n|-start|p1a: Gholdengo|Substitute\n|-damage|p1a: Gholdengo|76\/100\n|\n|upkeep\n|\n|t:|1699311433\n|switch|p2a: Avalugg|Coalossal, F|100\/100\n|turn|25\n|\n|t:|1699311448\n|-terastallize|p2a: Avalugg|Fire\n|move|p1a: Gholdengo|Focus Blast|p2a: Avalugg\n|-damage|p2a: Avalugg|56\/100\n|move|p2a: Avalugg|Heat Crash|p1a: Gholdengo\n|-supereffective|p1a: Gholdengo\n|-end|p1a: Gholdengo|Substitute\n|-enditem|p1a: Gholdengo|Air Balloon\n|\n|upkeep\n|turn|26\n|c|\u260601jara123|GG\n|c|\u2606zipermu98|Est\u00e1 el crit chance xd\n|\n|t:|1699311465\n|move|p1a: Gholdengo|Focus Blast|p2a: Avalugg\n|-damage|p2a: Avalugg|15\/100\n|move|p2a: Avalugg|Heat Crash|p1a: Gholdengo\n|-supereffective|p1a: Gholdengo\n|-damage|p1a: Gholdengo|0 fnt\n|faint|p1a: Gholdengo\n|\n|win|zipermu98\n|c|\u2606zipermu98|GGs\n|c|\u260601jara123|Nah pero el lando me crujia ya\n|c|\u260601jara123|Que justita ^^\n|l| MrMachaca\n|c|\u2606zipermu98|El miss del kleavor ha sido clave\n|c|\u260601jara123|Pero despu\u00e9s jugu\u00e9 mal\n|c|\u260601jara123|QUe objeto llevaba el zoroark?\n|c|\u2606zipermu98|Y yo demasiado seguro xd\n|c|\u2606zipermu98|Era sash\n|c|\u260601jara123|Porque pensaba que era scarf\n|c|\u260601jara123|Vamos estaba convencido por como lo metiste delante del gothi\n|c|\u2606zipermu98|No me he dado cuenta de que el gothi era sacrf hasta el final jajajajaj\n|c|\u2606zipermu98|Estoy empanao\n|l| Sppregaladog01\n|c|\u260601jara123|JAJAJAJA\n|c|\u260601jara123|Nada nada, era un amago\n|c|\u260601jara123|Y me lo he comido entero xD\n|c|\u2606zipermu98|Hombreee JAJAJAJAJ\n","uploadtime":1699311474,"views":24,"p1id":"01jara123","p2id":"zipermu98","formatid":"gen9anythinggoes","rating":0,"private":0,"password":""}