{"id":"gen9anythinggoes-1990526488","p1":"CaptainHix","p2":"PersianPetter","format":"[Gen 9] Anything Goes","log":"|j|\u2606CaptainHix\n|j|\u2606PersianPetter\n|t:|1699978721\n|gametype|singles\n|player|p1|CaptainHix|eusine|1045\n|player|p2|PersianPetter|whitney|1050\n|teamsize|p1|6\n|teamsize|p2|6\n|gen|9\n|tier|[Gen 9] Anything Goes\n|rated|\n|rule|HP Percentage Mod: HP is shown in percentages\n|rule|Endless Battle Clause: Forcing endless battles is banned\n|clearpoke\n|poke|p1|Armarouge, M|\n|poke|p1|Regieleki|\n|poke|p1|Annihilape, M|\n|poke|p1|Tinkaton, F|\n|poke|p1|Arcanine, F|\n|poke|p1|Greninja-*, F|\n|poke|p2|Bellibolt, F|\n|poke|p2|Gholdengo|\n|poke|p2|Gengar, M|\n|poke|p2|Charizard, F|\n|poke|p2|Cloyster, M|\n|poke|p2|Tinkaton, F|\n|teampreview\n|inactive|Battle timer is ON: inactive players will automatically lose when time's up. (requested by PersianPetter)\n|\n|t:|1699978736\n|start\n|switch|p1a: Regieleki|Regieleki|100\/100\n|switch|p2a: Bellibolt|Bellibolt, F|100\/100\n|turn|1\n|\n|t:|1699978749\n|switch|p2a: Tinkaton|Tinkaton, F|100\/100\n|-ability|p2a: Tinkaton|Mold Breaker\n|move|p1a: Regieleki|Explosion|p2a: Tinkaton\n|-resisted|p2a: Tinkaton\n|-damage|p2a: Tinkaton|58\/100\n|faint|p1a: Regieleki\n|\n|-heal|p2a: Tinkaton|64\/100|[from] item: Leftovers\n|upkeep\n|\n|t:|1699978771\n|switch|p1a: Greninja|Greninja, F|100\/100\n|turn|2\n|\n|t:|1699978777\n|move|p1a: Greninja|Hydro Cannon|p2a: Tinkaton\n|-damage|p2a: Tinkaton|25\/100\n|-mustrecharge|p1a: Greninja\n|move|p2a: Tinkaton|Stealth Rock|p1a: Greninja\n|-sidestart|p1: CaptainHix|move: Stealth Rock\n|\n|-heal|p2a: Tinkaton|32\/100|[from] item: Leftovers\n|upkeep\n|turn|3\n|\n|t:|1699978785\n|cant|p1a: Greninja|recharge\n|move|p2a: Tinkaton|Gigaton Hammer|p1a: Greninja\n|-resisted|p1a: Greninja\n|-damage|p1a: Greninja|67\/100\n|\n|-heal|p2a: Tinkaton|38\/100|[from] item: Leftovers\n|upkeep\n|turn|4\n|\n|t:|1699978802\n|move|p1a: Greninja|Acrobatics|p2a: Tinkaton\n|-resisted|p2a: Tinkaton\n|-damage|p2a: Tinkaton|30\/100\n|move|p2a: Tinkaton|Encore|p1a: Greninja\n|-start|p1a: Greninja|Encore\n|\n|-heal|p2a: Tinkaton|36\/100|[from] item: Leftovers\n|upkeep\n|turn|5\n|\n|t:|1699978817\n|switch|p1a: Tinkaton|Tinkaton, F|100\/100\n|-damage|p1a: Tinkaton|94\/100|[from] Stealth Rock\n|-ability|p1a: Tinkaton|Mold Breaker\n|move|p2a: Tinkaton|Gigaton Hammer|p1a: Tinkaton\n|-damage|p1a: Tinkaton|40\/100\n|\n|-heal|p2a: Tinkaton|42\/100|[from] item: Leftovers\n|-heal|p1a: Tinkaton|46\/100|[from] item: Leftovers\n|upkeep\n|turn|6\n|inactive|PersianPetter has 120 seconds left.\n|\n|t:|1699978846\n|move|p1a: Tinkaton|Fake Out|p2a: Tinkaton\n|-resisted|p2a: Tinkaton\n|-damage|p2a: Tinkaton|37\/100\n|cant|p2a: Tinkaton|flinch\n|\n|-heal|p2a: Tinkaton|43\/100|[from] item: Leftovers\n|-heal|p1a: Tinkaton|52\/100|[from] item: Leftovers\n|upkeep\n|turn|7\n|\n|t:|1699978867\n|move|p2a: Tinkaton|Encore|p1a: Tinkaton\n|-start|p1a: Tinkaton|Encore\n|move|p1a: Tinkaton|Fake Out||[still]\n|-hint|Fake Out only works on your first turn out.\n|-fail|p1a: Tinkaton\n|\n|-heal|p2a: Tinkaton|49\/100|[from] item: Leftovers\n|-heal|p1a: Tinkaton|58\/100|[from] item: Leftovers\n|upkeep\n|turn|8\n|\n|t:|1699978878\n|switch|p1a: Greninja|Greninja, F|67\/100\n|-damage|p1a: Greninja|54\/100|[from] Stealth Rock\n|move|p2a: Tinkaton|Knock Off|p1a: Greninja\n|-resisted|p1a: Greninja\n|-damage|p1a: Greninja|43\/100\n|-enditem|p1a: Greninja|Focus Sash|[from] move: Knock Off|[of] p2a: Tinkaton\n|\n|-heal|p2a: Tinkaton|55\/100|[from] item: Leftovers\n|upkeep\n|turn|9\n|\n|t:|1699978890\n|move|p2a: Tinkaton|Gigaton Hammer|p1a: Greninja\n|-resisted|p1a: Greninja\n|-damage|p1a: Greninja|11\/100\n|move|p1a: Greninja|Counter|p2a: Tinkaton\n|-damage|p2a: Tinkaton|1\/100\n|\n|-heal|p2a: Tinkaton|7\/100|[from] item: Leftovers\n|upkeep\n|turn|10\n|\n|t:|1699978905\n|move|p1a: Greninja|Acrobatics|p2a: Tinkaton\n|-resisted|p2a: Tinkaton\n|-damage|p2a: Tinkaton|0 fnt\n|faint|p2a: Tinkaton\n|\n|upkeep\n|\n|t:|1699978908\n|switch|p2a: Gengar|Gengar, M|100\/100\n|turn|11\n|\n|t:|1699978915\n|move|p2a: Gengar|Hex|p1a: Greninja\n|-resisted|p1a: Greninja\n|-damage|p1a: Greninja|0 fnt\n|faint|p1a: Greninja\n|\n|upkeep\n|\n|t:|1699978921\n|switch|p1a: Annihilape|Annihilape, M|100\/100\n|-damage|p1a: Annihilape|94\/100|[from] Stealth Rock\n|turn|12\n|inactive|PersianPetter has 120 seconds left.\n|\n|t:|1699978962\n|move|p2a: Gengar|Will-O-Wisp|p1a: Annihilape|[miss]\n|-miss|p2a: Gengar|p1a: Annihilape\n|move|p1a: Annihilape|Phantom Force||[still]\n|-prepare|p1a: Annihilape|Phantom Force\n|\n|upkeep\n|turn|13\n|\n|t:|1699978972\n|switch|p2a: Cloyster|Cloyster, M|100\/100\n|move|p1a: Annihilape|Phantom Force|p2a: Cloyster|[from]lockedmove\n|-damage|p2a: Cloyster|66\/100\n|\n|upkeep\n|turn|14\n|\n|t:|1699978982\n|switch|p2a: Gholdengo|Gholdengo|100\/100\n|move|p1a: Annihilape|Phantom Force||[still]\n|-prepare|p1a: Annihilape|Phantom Force\n|\n|upkeep\n|turn|15\n|inactive|PersianPetter has 120 seconds left.\n|\n|t:|1699978991\n|switch|p2a: Bellibolt|Bellibolt, F|100\/100\n|move|p1a: Annihilape|Phantom Force|p2a: Bellibolt|[from]lockedmove\n|-damage|p2a: Bellibolt|61\/100\n|-start|p2a: Bellibolt|Charge|Phantom Force|[from] ability: Electromorphosis\n|\n|upkeep\n|turn|16\n|\n|t:|1699979000\n|move|p1a: Annihilape|Phantom Force||[still]\n|-prepare|p1a: Annihilape|Phantom Force\n|move|p2a: Bellibolt|Discharge|p1a: Annihilape|[miss]\n|-miss|p2a: Bellibolt|p1a: Annihilape\n|-end|p2a: Bellibolt|Charge|[silent]\n|\n|upkeep\n|turn|17\n|\n|t:|1699979006\n|move|p1a: Annihilape|Phantom Force|p2a: Bellibolt|[from]lockedmove\n|-damage|p2a: Bellibolt|22\/100\n|-start|p2a: Bellibolt|Charge|Phantom Force|[from] ability: Electromorphosis\n|move|p2a: Bellibolt|Rain Dance|p2a: Bellibolt\n|-weather|RainDance\n|\n|-weather|RainDance|[upkeep]\n|upkeep\n|turn|18\n|\n|t:|1699979020\n|switch|p2a: Cloyster|Cloyster, M|66\/100\n|move|p1a: Annihilape|Night Shade|p2a: Cloyster\n|-damage|p2a: Cloyster|24\/100\n|\n|-weather|RainDance|[upkeep]\n|upkeep\n|turn|19\n|\n|t:|1699979036\n|move|p2a: Cloyster|Shell Smash|p2a: Cloyster\n|-unboost|p2a: Cloyster|def|1\n|-unboost|p2a: Cloyster|spd|1\n|-boost|p2a: Cloyster|atk|2\n|-boost|p2a: Cloyster|spa|2\n|-boost|p2a: Cloyster|spe|2\n|-enditem|p2a: Cloyster|White Herb\n|-clearnegativeboost|p2a: Cloyster|[silent]\n|move|p1a: Annihilape|Night Shade|p2a: Cloyster\n|-damage|p2a: Cloyster|0 fnt\n|faint|p2a: Cloyster\n|\n|-weather|RainDance|[upkeep]\n|upkeep\n|\n|t:|1699979046\n|switch|p2a: Bellibolt|Bellibolt, F|22\/100\n|turn|20\n|\n|t:|1699979052\n|move|p1a: Annihilape|Phantom Force||[still]\n|-prepare|p1a: Annihilape|Phantom Force\n|move|p2a: Bellibolt|Thunder|p1a: Annihilape|[miss]\n|-miss|p2a: Bellibolt|p1a: Annihilape\n|\n|-weather|RainDance|[upkeep]\n|upkeep\n|turn|21\n|\n|t:|1699979060\n|switch|p2a: Charizard|Charizard, F|100\/100\n|move|p1a: Annihilape|Phantom Force|p2a: Charizard|[from]lockedmove\n|-damage|p2a: Charizard|41\/100\n|\n|-weather|none\n|upkeep\n|turn|22\n|\n|t:|1699979076\n|move|p2a: Charizard|Flare Blitz|p1a: Annihilape\n|-damage|p1a: Annihilape|50\/100\n|-damage|p2a: Charizard|20\/100|[from] Recoil\n|move|p1a: Annihilape|Focus Blast|p2a: Charizard\n|-resisted|p2a: Charizard\n|-damage|p2a: Charizard|3\/100\n|\n|upkeep\n|turn|23\n|\n|t:|1699979091\n|move|p2a: Charizard|Earthquake|p1a: Annihilape\n|-damage|p1a: Annihilape|22\/100\n|-enditem|p1a: Annihilape|Aguav Berry|[eat]\n|-heal|p1a: Annihilape|56\/100|[from] item: Aguav Berry\n|move|p1a: Annihilape|Phantom Force||[still]\n|-prepare|p1a: Annihilape|Phantom Force\n|\n|upkeep\n|turn|24\n|\n|t:|1699979100\n|switch|p2a: Bellibolt|Bellibolt, F|22\/100\n|move|p1a: Annihilape|Phantom Force|p2a: Bellibolt|[from]lockedmove\n|-damage|p2a: Bellibolt|0 fnt\n|faint|p2a: Bellibolt\n|\n|upkeep\n|\n|t:|1699979121\n|switch|p2a: Gengar|Gengar, M|100\/100\n|turn|25\n|\n|t:|1699979126\n|move|p2a: Gengar|Will-O-Wisp|p1a: Annihilape\n|-status|p1a: Annihilape|brn\n|move|p1a: Annihilape|Phantom Force||[still]\n|-prepare|p1a: Annihilape|Phantom Force\n|\n|-damage|p1a: Annihilape|50\/100 brn|[from] brn\n|upkeep\n|turn|26\n|\n|t:|1699979136\n|switch|p2a: Charizard|Charizard, F|3\/100\n|move|p1a: Annihilape|Phantom Force|p2a: Charizard|[from]lockedmove\n|-damage|p2a: Charizard|0 fnt\n|faint|p2a: Charizard\n|\n|-damage|p1a: Annihilape|43\/100 brn|[from] brn\n|upkeep\n|\n|t:|1699979142\n|switch|p2a: Gengar|Gengar, M|100\/100\n|turn|27\n|\n|t:|1699979153\n|-terastallize|p1a: Annihilape|Normal\n|move|p2a: Gengar|Hex|p1a: Annihilape\n|-immune|p1a: Annihilape\n|move|p1a: Annihilape|Phantom Force||[still]\n|-prepare|p1a: Annihilape|Phantom Force\n|\n|-damage|p1a: Annihilape|37\/100 brn|[from] brn\n|upkeep\n|turn|28\n|\n|t:|1699979163\n|switch|p2a: Gholdengo|Gholdengo|100\/100\n|move|p1a: Annihilape|Phantom Force|p2a: Gholdengo|[from]lockedmove\n|-supereffective|p2a: Gholdengo\n|-damage|p2a: Gholdengo|50\/100\n|\n|-damage|p1a: Annihilape|31\/100 brn|[from] brn\n|upkeep\n|turn|29\n|\n|t:|1699979173\n|move|p2a: Gholdengo|Focus Blast|p1a: Annihilape\n|-supereffective|p1a: Annihilape\n|-damage|p1a: Annihilape|0 fnt\n|faint|p1a: Annihilape\n|\n|upkeep\n|\n|t:|1699979189\n|switch|p1a: Arcanine|Arcanine, F, shiny|100\/100\n|-damage|p1a: Arcanine|75\/100|[from] Stealth Rock\n|-ability|p1a: Arcanine|Intimidate|boost\n|-unboost|p2a: Gholdengo|atk|1\n|turn|30\n|\n|t:|1699979219\n|switch|p2a: Gengar|Gengar, M|100\/100\n|move|p1a: Arcanine|Will-O-Wisp|p2a: Gengar|[miss]\n|-miss|p1a: Arcanine|p2a: Gengar\n|\n|upkeep\n|turn|31\n|\n|t:|1699979236\n|move|p2a: Gengar|Sludge Bomb|p1a: Arcanine\n|-damage|p1a: Arcanine|28\/100\n|move|p1a: Arcanine|Will-O-Wisp|p2a: Gengar\n|-status|p2a: Gengar|brn\n|\n|-damage|p2a: Gengar|94\/100 brn|[from] brn\n|upkeep\n|turn|32\n|\n|t:|1699979256\n|move|p1a: Arcanine|Protect|p1a: Arcanine\n|-singleturn|p1a: Arcanine|Protect\n|move|p2a: Gengar|Sludge Bomb|p1a: Arcanine\n|-activate|p1a: Arcanine|move: Protect\n|\n|-heal|p2a: Gengar|100\/100 brn|[from] item: Leftovers\n|-damage|p2a: Gengar|94\/100 brn|[from] brn\n|upkeep\n|turn|33\n|inactive|CaptainHix has 120 seconds left.\n|\n|t:|1699979274\n|move|p2a: Gengar|Toxic Spikes|p1a: Arcanine\n|-sidestart|p1: CaptainHix|move: Toxic Spikes\n|move|p1a: Arcanine|Flare Blitz|p2a: Gengar\n|-damage|p2a: Gengar|4\/100 brn\n|-damage|p1a: Arcanine|8\/100|[from] Recoil\n|-enditem|p1a: Arcanine|Iapapa Berry|[eat]\n|-heal|p1a: Arcanine|41\/100|[from] item: Iapapa Berry\n|\n|-heal|p2a: Gengar|10\/100 brn|[from] item: Leftovers\n|-damage|p2a: Gengar|4\/100 brn|[from] brn\n|upkeep\n|turn|34\n|inactive|CaptainHix has 120 seconds left.\n|\n|t:|1699979289\n|move|p2a: Gengar|Sludge Bomb|p1a: Arcanine\n|-damage|p1a: Arcanine|0 fnt\n|faint|p1a: Arcanine\n|\n|-heal|p2a: Gengar|10\/100 brn|[from] item: Leftovers\n|-damage|p2a: Gengar|4\/100 brn|[from] brn\n|upkeep\n|\n|t:|1699979301\n|switch|p1a: Tinkaton|Tinkaton, F|58\/100\n|-damage|p1a: Tinkaton|52\/100|[from] Stealth Rock\n|-ability|p1a: Tinkaton|Mold Breaker\n|turn|35\n|\n|t:|1699979325\n|move|p2a: Gengar|Sludge Bomb|p1a: Tinkaton\n|-immune|p1a: Tinkaton\n|move|p1a: Tinkaton|Gigaton Hammer|p2a: Gengar\n|-damage|p2a: Gengar|0 fnt\n|-start|p1a: Tinkaton|Disable|Gigaton Hammer|[from] ability: Cursed Body|[of] p2a: Gengar\n|faint|p2a: Gengar\n|\n|-heal|p1a: Tinkaton|58\/100|[from] item: Leftovers\n|upkeep\n|\n|t:|1699979335\n|switch|p2a: Gholdengo|Gholdengo|50\/100\n|turn|36\n|\n|t:|1699979342\n|move|p2a: Gholdengo|Trick|p1a: Tinkaton\n|-activate|p2a: Gholdengo|move: Trick|[of] p1a: Tinkaton\n|-item|p1a: Tinkaton|Choice Scarf|[from] move: Trick\n|-item|p2a: Gholdengo|Leftovers|[from] move: Trick\n|move|p1a: Tinkaton|Play Rough|p2a: Gholdengo\n|-resisted|p2a: Gholdengo\n|-damage|p2a: Gholdengo|31\/100\n|\n|-heal|p2a: Gholdengo|37\/100|[from] item: Leftovers\n|upkeep\n|turn|37\n|\n|t:|1699979352\n|move|p1a: Tinkaton|Play Rough|p2a: Gholdengo\n|-resisted|p2a: Gholdengo\n|-damage|p2a: Gholdengo|17\/100\n|-unboost|p2a: Gholdengo|atk|1\n|move|p2a: Gholdengo|Focus Blast|p1a: Tinkaton\n|-damage|p1a: Tinkaton|16\/100\n|\n|-heal|p2a: Gholdengo|23\/100|[from] item: Leftovers\n|upkeep\n|turn|38\n|inactive|CaptainHix has 120 seconds left.\n|\n|t:|1699979363\n|move|p1a: Tinkaton|Play Rough|p2a: Gholdengo\n|-resisted|p2a: Gholdengo\n|-damage|p2a: Gholdengo|1\/100\n|move|p2a: Gholdengo|Focus Blast|p1a: Tinkaton\n|-damage|p1a: Tinkaton|0 fnt\n|faint|p1a: Tinkaton\n|\n|-heal|p2a: Gholdengo|7\/100|[from] item: Leftovers\n|upkeep\n|\n|t:|1699979374\n|switch|p1a: Armarouge|Armarouge, M|100\/100\n|-damage|p1a: Armarouge|76\/100|[from] Stealth Rock\n|-status|p1a: Armarouge|psn\n|turn|39\n|\n|t:|1699979399\n|-terastallize|p2a: Gholdengo|Fighting\n|move|p2a: Gholdengo|Shadow Ball|p1a: Armarouge\n|-supereffective|p1a: Armarouge\n|-damage|p1a: Armarouge|0 fnt\n|faint|p1a: Armarouge\n|\n|win|PersianPetter\n|raw|CaptainHix's rating: 1045 &rarr; <strong>1028<\/strong><br \/>(-17 for losing)\n|raw|PersianPetter's rating: 1050 &rarr; <strong>1082<\/strong><br \/>(+32 for winning)\n|c|\u2606PersianPetter|gg\n|l|\u2606CaptainHix\n","uploadtime":1699979413,"views":4,"p1id":"captainhix","p2id":"persianpetter","formatid":"gen9anythinggoes","rating":1028,"private":0,"password":""}