{"id":"gen9anythinggoes-1989133235","p1":"jb291","p2":"guru000","format":"[Gen 9] Anything Goes","log":"|j|\u2606jb291\n|j|\u2606guru000\n|inactive|Battle timer is ON: inactive players will automatically lose when time's up.\n|t:|1699815785\n|gametype|singles\n|player|p1|jb291|korrina-masters|\n|player|p2|guru000|266|\n|teamsize|p1|6\n|teamsize|p2|6\n|gen|9\n|tier|[Gen 9] Anything Goes\n|rated|Tournament battle\n|rule|Tera Type Preview: Tera Types are shown at Team Preview\n|rule|HP Percentage Mod: HP is shown in percentages\n|rule|Endless Battle Clause: Forcing endless battles is banned\n|rule|Bonus Type Mod: Pok\u00e9mon have their Tera Type added onto their current ones.\n|rule|Species Clause: Limit one of each Pok\u00e9mon\n|rule|OHKO Clause: OHKO moves are banned\n|rule|Evasion Moves Clause: Evasion moves are banned\n|rule|Sleep Moves Clause: Sleep-inducing moves are banned\n|rule|Evasion Clause: Evasion abilities, items, and moves are banned\n|rule|Evasion Abilities Clause: Evasion abilities are banned\n|rule|Evasion Items Clause: Evasion items are banned\n|rule|Terastal Clause: You cannot Terastallize\n|clearpoke\n|poke|p1|Dondozo, M|\n|poke|p1|Blissey, F|\n|poke|p1|Great Tusk|\n|poke|p1|Alomomola, M|\n|poke|p1|Clodsire, F|\n|poke|p1|Toxapex, F|\n|poke|p2|Corviknight, F|\n|poke|p2|Greninja-*, M|\n|poke|p2|Glimmora, M|\n|poke|p2|Clefable, M|\n|poke|p2|Weezing-Galar, M|\n|poke|p2|Rotom-Heat|\n|teampreview\n|raw|jb291's Tera Types:<br \/><psicon pokemon=\"dondozo\" \/><psicon type=\"Fairy\" \/> \/ <psicon pokemon=\"blissey\" \/><psicon type=\"Ghost\" \/> \/ <psicon pokemon=\"greattusk\" \/><psicon type=\"Water\" \/> \/ <psicon pokemon=\"alomomola\" \/><psicon type=\"Flying\" \/> \/ <psicon pokemon=\"clodsire\" \/><psicon type=\"Dark\" \/> \/ <psicon pokemon=\"toxapex\" \/><psicon type=\"Dark\" \/>\n|raw|guru000's Tera Types:<br \/><psicon pokemon=\"corviknight\" \/><psicon type=\"Dragon\" \/> \/ <psicon pokemon=\"greninjabond\" \/><psicon type=\"Ghost\" \/> \/ <psicon pokemon=\"glimmora\" \/><psicon type=\"Flying\" \/> \/ <psicon pokemon=\"clefable\" \/><psicon type=\"Steel\" \/> \/ <psicon pokemon=\"weezinggalar\" \/><psicon type=\"Dark\" \/> \/ <psicon pokemon=\"rotomheat\" \/><psicon type=\"Water\" \/>\n|inactive|jb291 also wants the timer to be on.\n|\n|t:|1699815796\n|start\n|switch|p1a: Great Tusk|Great Tusk|100\/100\n|switch|p2a: Rotom|Rotom-Heat|100\/100\n|-start|p2a: Rotom|typechange|Electric\/Fire\/Water|[silent]\n|-start|p1a: Great Tusk|typechange|Ground\/Fighting\/Water|[silent]\n|-start|p1a: Great Tusk|typechange|Ground\/Fighting\/Water|[silent]\n|-start|p2a: Rotom|typechange|Electric\/Fire\/Water|[silent]\n|turn|1\n|\n|t:|1699815804\n|move|p2a: Rotom|Trick|p1a: Great Tusk\n|-activate|p2a: Rotom|move: Trick|[of] p1a: Great Tusk\n|-item|p1a: Great Tusk|Flame Orb|[from] move: Trick\n|-item|p2a: Rotom|Heavy-Duty Boots|[from] move: Trick\n|move|p1a: Great Tusk|Knock Off|p2a: Rotom\n|-damage|p2a: Rotom|72\/100\n|-enditem|p2a: Rotom|Heavy-Duty Boots|[from] move: Knock Off|[of] p1a: Great Tusk\n|\n|-status|p1a: Great Tusk|brn|[from] item: Flame Orb\n|upkeep\n|turn|2\n|\n|t:|1699815813\n|move|p2a: Rotom|Foul Play|p1a: Great Tusk\n|-resisted|p1a: Great Tusk\n|-damage|p1a: Great Tusk|94\/100 brn\n|move|p1a: Great Tusk|Body Press|p2a: Rotom\n|-damage|p2a: Rotom|48\/100\n|\n|-damage|p1a: Great Tusk|88\/100 brn|[from] brn\n|upkeep\n|turn|3\n|\n|t:|1699815826\n|switch|p2a: Weezing|Weezing-Galar, M|100\/100\n|-start|p2a: Weezing|typechange|Poison\/Fairy\/Dark|[silent]\n|move|p1a: Great Tusk|Body Press|p2a: Weezing\n|-resisted|p2a: Weezing\n|-damage|p2a: Weezing|90\/100\n|\n|-heal|p2a: Weezing|96\/100|[from] item: Black Sludge\n|-damage|p1a: Great Tusk|82\/100 brn|[from] brn\n|upkeep\n|-start|p2a: Weezing|typechange|Poison\/Fairy\/Dark|[silent]\n|turn|4\n|\n|t:|1699815837\n|-end|p1a: Great Tusk|Protosynthesis|[silent]\n|switch|p1a: Toxapex|Toxapex, F|100\/100\n|-start|p1a: Toxapex|typechange|Poison\/Water\/Dark|[silent]\n|move|p2a: Weezing|Strange Steam|p1a: Toxapex\n|-damage|p1a: Toxapex|78\/100\n|-start|p1a: Toxapex|confusion\n|\n|-heal|p2a: Weezing|100\/100|[from] item: Black Sludge\n|upkeep\n|-start|p1a: Toxapex|typechange|Poison\/Water\/Dark|[silent]\n|turn|5\n|\n|t:|1699815851\n|switch|p2a: Glimmora|Glimmora, M|100\/100\n|-start|p2a: Glimmora|typechange|Rock\/Poison\/Flying|[silent]\n|switch|p1a: Blissey|Blissey, F|100\/100\n|-start|p1a: Blissey|typechange|Normal\/Ghost|[silent]\n|\n|upkeep\n|-start|p1a: Blissey|typechange|Normal\/Ghost|[silent]\n|-start|p2a: Glimmora|typechange|Rock\/Poison\/Flying|[silent]\n|turn|6\n|\n|t:|1699815867\n|switch|p2a: Rotom|Rotom-Heat|48\/100\n|-start|p2a: Rotom|typechange|Electric\/Fire\/Water|[silent]\n|move|p1a: Blissey|Seismic Toss|p2a: Rotom\n|-damage|p2a: Rotom|15\/100\n|\n|upkeep\n|-start|p2a: Rotom|typechange|Electric\/Fire\/Water|[silent]\n|turn|7\n|\n|t:|1699815873\n|switch|p1a: Great Tusk|Great Tusk|82\/100 brn\n|-start|p1a: Great Tusk|typechange|Ground\/Fighting\/Water|[silent]\n|move|p2a: Rotom|Trick|p1a: Great Tusk\n|-activate|p2a: Rotom|move: Trick|[of] p1a: Great Tusk\n|-enditem|p1a: Great Tusk|Flame Orb|[silent]|[from] move: Trick\n|-item|p2a: Rotom|Flame Orb|[from] move: Trick\n|\n|-damage|p1a: Great Tusk|76\/100 brn|[from] brn\n|upkeep\n|-start|p1a: Great Tusk|typechange|Ground\/Fighting\/Water|[silent]\n|turn|8\n|\n|t:|1699815899\n|switch|p2a: Greninja|Greninja, M|100\/100\n|-start|p2a: Greninja|typechange|Water\/Dark\/Ghost|[silent]\n|move|p1a: Great Tusk|Knock Off|p2a: Greninja\n|-damage|p2a: Greninja|77\/100\n|-enditem|p2a: Greninja|Heavy-Duty Boots|[from] move: Knock Off|[of] p1a: Great Tusk\n|\n|-damage|p1a: Great Tusk|70\/100 brn|[from] brn\n|upkeep\n|-start|p2a: Greninja|typechange|Water\/Dark\/Ghost|[silent]\n|turn|9\n|\n|t:|1699815905\n|-end|p1a: Great Tusk|Protosynthesis|[silent]\n|switch|p1a: Toxapex|Toxapex, F|100\/100\n|-start|p1a: Toxapex|typechange|Poison\/Water\/Dark|[silent]\n|move|p2a: Greninja|Grass Knot|p1a: Toxapex\n|-damage|p1a: Toxapex|92\/100\n|\n|upkeep\n|-start|p1a: Toxapex|typechange|Poison\/Water\/Dark|[silent]\n|turn|10\n|\n|t:|1699815914\n|move|p2a: Greninja|Dark Pulse|p1a: Toxapex\n|-resisted|p1a: Toxapex\n|-damage|p1a: Toxapex|79\/100\n|move|p1a: Toxapex|Infestation|p2a: Greninja\n|-damage|p2a: Greninja|73\/100\n|-activate|p2a: Greninja|move: Infestation|[of] p1a: Toxapex\n|\n|-damage|p2a: Greninja|60\/100|[from] move: Infestation|[partiallytrapped]\n|upkeep\n|turn|11\n|\n|t:|1699815922\n|move|p2a: Greninja|Dark Pulse|p1a: Toxapex\n|-resisted|p1a: Toxapex\n|-damage|p1a: Toxapex|64\/100\n|move|p1a: Toxapex|Infestation|p2a: Greninja\n|-crit|p2a: Greninja\n|-damage|p2a: Greninja|54\/100\n|\n|-damage|p2a: Greninja|42\/100|[from] move: Infestation|[partiallytrapped]\n|upkeep\n|turn|12\n|\n|t:|1699815926\n|move|p2a: Greninja|Dark Pulse|p1a: Toxapex\n|-resisted|p1a: Toxapex\n|-damage|p1a: Toxapex|49\/100\n|cant|p1a: Toxapex|flinch\n|\n|-damage|p2a: Greninja|29\/100|[from] move: Infestation|[partiallytrapped]\n|upkeep\n|turn|13\n|\n|t:|1699815929\n|move|p2a: Greninja|Dark Pulse|p1a: Toxapex\n|-resisted|p1a: Toxapex\n|-damage|p1a: Toxapex|35\/100\n|move|p1a: Toxapex|Infestation|p2a: Greninja\n|-damage|p2a: Greninja|25\/100\n|\n|-damage|p2a: Greninja|12\/100|[from] move: Infestation|[partiallytrapped]\n|upkeep\n|turn|14\n|\n|t:|1699815938\n|move|p2a: Greninja|Dark Pulse|p1a: Toxapex\n|-resisted|p1a: Toxapex\n|-damage|p1a: Toxapex|23\/100\n|move|p1a: Toxapex|Recover|p1a: Toxapex\n|-heal|p1a: Toxapex|73\/100\n|\n|-end|p2a: Greninja|Infestation|[partiallytrapped]\n|upkeep\n|turn|15\n|\n|t:|1699815945\n|move|p2a: Greninja|Dark Pulse|p1a: Toxapex\n|-resisted|p1a: Toxapex\n|-damage|p1a: Toxapex|59\/100\n|move|p1a: Toxapex|Infestation|p2a: Greninja\n|-damage|p2a: Greninja|8\/100\n|-activate|p2a: Greninja|move: Infestation|[of] p1a: Toxapex\n|\n|-damage|p2a: Greninja|0 fnt|[from] move: Infestation|[partiallytrapped]\n|faint|p2a: Greninja\n|upkeep\n|\n|t:|1699815948\n|switch|p2a: Glimmora|Glimmora, M|100\/100\n|-start|p2a: Glimmora|typechange|Rock\/Poison\/Flying|[silent]\n|-start|p2a: Glimmora|typechange|Rock\/Poison\/Flying|[silent]\n|turn|16\n|\n|t:|1699815953\n|switch|p1a: Blissey|Blissey, F|100\/100\n|-start|p1a: Blissey|typechange|Normal\/Ghost|[silent]\n|move|p2a: Glimmora|Earth Power|p1a: Blissey\n|-damage|p1a: Blissey|91\/100\n|\n|upkeep\n|-start|p1a: Blissey|typechange|Normal\/Ghost|[silent]\n|turn|17\n|\n|t:|1699815968\n|switch|p2a: Rotom|Rotom-Heat|15\/100\n|-start|p2a: Rotom|typechange|Electric\/Fire\/Water|[silent]\n|move|p1a: Blissey|Stealth Rock|p2a: Rotom\n|-sidestart|p2: guru000|move: Stealth Rock\n|\n|upkeep\n|-start|p2a: Rotom|typechange|Electric\/Fire\/Water|[silent]\n|turn|18\n|\n|t:|1699815973\n|switch|p1a: Great Tusk|Great Tusk|70\/100 brn\n|-start|p1a: Great Tusk|typechange|Ground\/Fighting\/Water|[silent]\n|move|p2a: Rotom|Trick|p1a: Great Tusk\n|-activate|p2a: Rotom|move: Trick|[of] p1a: Great Tusk\n|-item|p1a: Great Tusk|Flame Orb|[from] move: Trick\n|-enditem|p2a: Rotom|Flame Orb|[silent]|[from] move: Trick\n|\n|-damage|p1a: Great Tusk|64\/100 brn|[from] brn\n|upkeep\n|-start|p1a: Great Tusk|typechange|Ground\/Fighting\/Water|[silent]\n|turn|19\n|\n|t:|1699815977\n|move|p2a: Rotom|Foul Play|p1a: Great Tusk\n|-resisted|p1a: Great Tusk\n|-damage|p1a: Great Tusk|57\/100 brn\n|move|p1a: Great Tusk|Knock Off|p2a: Rotom\n|-damage|p2a: Rotom|4\/100\n|\n|-damage|p1a: Great Tusk|51\/100 brn|[from] brn\n|upkeep\n|turn|20\n|\n|t:|1699815980\n|move|p2a: Rotom|Foul Play|p1a: Great Tusk\n|-resisted|p1a: Great Tusk\n|-damage|p1a: Great Tusk|44\/100 brn\n|move|p1a: Great Tusk|Body Press|p2a: Rotom\n|-damage|p2a: Rotom|0 fnt\n|faint|p2a: Rotom\n|\n|-damage|p1a: Great Tusk|38\/100 brn|[from] brn\n|upkeep\n|\n|t:|1699815982\n|switch|p2a: Glimmora|Glimmora, M|100\/100\n|-start|p2a: Glimmora|typechange|Rock\/Poison\/Flying|[silent]\n|-damage|p2a: Glimmora|76\/100|[from] Stealth Rock\n|-start|p2a: Glimmora|typechange|Rock\/Poison\/Flying|[silent]\n|turn|21\n|\n|t:|1699815990\n|-end|p1a: Great Tusk|Protosynthesis|[silent]\n|switch|p1a: Blissey|Blissey, F|91\/100\n|-start|p1a: Blissey|typechange|Normal\/Ghost|[silent]\n|move|p2a: Glimmora|Earth Power|p1a: Blissey\n|-damage|p1a: Blissey|82\/100\n|\n|-heal|p2a: Glimmora|82\/100|[from] item: Black Sludge\n|upkeep\n|-start|p1a: Blissey|typechange|Normal\/Ghost|[silent]\n|turn|22\n|\n|t:|1699815995\n|move|p2a: Glimmora|Toxic|p1a: Blissey\n|-status|p1a: Blissey|tox\n|move|p1a: Blissey|Seismic Toss|p2a: Glimmora\n|-damage|p2a: Glimmora|49\/100\n|\n|-heal|p2a: Glimmora|56\/100|[from] item: Black Sludge\n|-damage|p1a: Blissey|75\/100 tox|[from] psn\n|upkeep\n|turn|23\n|\n|t:|1699816001\n|move|p2a: Glimmora|Earth Power|p1a: Blissey\n|-damage|p1a: Blissey|67\/100 tox\n|move|p1a: Blissey|Seismic Toss|p2a: Glimmora\n|-damage|p2a: Glimmora|23\/100\n|\n|-heal|p2a: Glimmora|29\/100|[from] item: Black Sludge\n|-damage|p1a: Blissey|54\/100 tox|[from] psn\n|upkeep\n|turn|24\n|\n|t:|1699816009\n|switch|p2a: Weezing|Weezing-Galar, M|100\/100\n|-start|p2a: Weezing|typechange|Poison\/Fairy\/Dark|[silent]\n|-damage|p2a: Weezing|88\/100|[from] Stealth Rock\n|move|p1a: Blissey|Seismic Toss|p2a: Weezing\n|-damage|p2a: Weezing|58\/100\n|\n|-heal|p2a: Weezing|64\/100|[from] item: Black Sludge\n|-damage|p1a: Blissey|36\/100 tox|[from] psn\n|upkeep\n|-start|p2a: Weezing|typechange|Poison\/Fairy\/Dark|[silent]\n|turn|25\n|\n|t:|1699816014\n|-curestatus|p1a: Blissey|tox|[from] ability: Natural Cure\n|switch|p1a: Toxapex|Toxapex, F|92\/100\n|-start|p1a: Toxapex|typechange|Poison\/Water\/Dark|[silent]\n|move|p2a: Weezing|Defog|p1a: Toxapex\n|-unboost|p1a: Toxapex|evasion|1\n|-sideend|p2: guru000|Stealth Rock|[from] move: Defog|[of] p2a: Weezing\n|\n|-heal|p2a: Weezing|70\/100|[from] item: Black Sludge\n|upkeep\n|-start|p1a: Toxapex|typechange|Poison\/Water\/Dark|[silent]\n|turn|26\n|\n|t:|1699816026\n|switch|p2a: Glimmora|Glimmora, M|29\/100\n|-start|p2a: Glimmora|typechange|Rock\/Poison\/Flying|[silent]\n|switch|p1a: Blissey|Blissey, F|36\/100\n|-start|p1a: Blissey|typechange|Normal\/Ghost|[silent]\n|\n|-heal|p2a: Glimmora|35\/100|[from] item: Black Sludge\n|upkeep\n|-start|p1a: Blissey|typechange|Normal\/Ghost|[silent]\n|-start|p2a: Glimmora|typechange|Rock\/Poison\/Flying|[silent]\n|turn|27\n|\n|t:|1699816033\n|move|p2a: Glimmora|Toxic|p1a: Blissey\n|-status|p1a: Blissey|tox\n|move|p1a: Blissey|Soft-Boiled|p1a: Blissey\n|-heal|p1a: Blissey|86\/100 tox\n|\n|-heal|p2a: Glimmora|42\/100|[from] item: Black Sludge\n|-damage|p1a: Blissey|80\/100 tox|[from] psn\n|upkeep\n|turn|28\n|\n|t:|1699816043\n|switch|p2a: Corviknight|Corviknight, F|100\/100\n|-start|p2a: Corviknight|typechange|Flying\/Steel\/Dragon|[silent]\n|-ability|p2a: Corviknight|Pressure\n|move|p1a: Blissey|Seismic Toss|p2a: Corviknight\n|-damage|p2a: Corviknight|75\/100\n|\n|-heal|p2a: Corviknight|82\/100|[from] item: Leftovers\n|-damage|p1a: Blissey|68\/100 tox|[from] psn\n|upkeep\n|-start|p2a: Corviknight|typechange|Flying\/Steel\/Dragon|[silent]\n|turn|29\n|\n|t:|1699816048\n|-curestatus|p1a: Blissey|tox|[from] ability: Natural Cure\n|switch|p1a: Alomomola|Alomomola, M|100\/100\n|-start|p1a: Alomomola|typechange|Water\/Flying|[silent]\n|move|p2a: Corviknight|Bulk Up|p2a: Corviknight\n|-boost|p2a: Corviknight|atk|1\n|-boost|p2a: Corviknight|def|1\n|\n|-heal|p2a: Corviknight|88\/100|[from] item: Leftovers\n|upkeep\n|-start|p1a: Alomomola|typechange|Water\/Flying|[silent]\n|turn|30\n|\n|t:|1699816054\n|move|p2a: Corviknight|Bulk Up|p2a: Corviknight\n|-boost|p2a: Corviknight|atk|1\n|-boost|p2a: Corviknight|def|1\n|move|p1a: Alomomola|Scald|p2a: Corviknight\n|-resisted|p2a: Corviknight\n|-damage|p2a: Corviknight|83\/100\n|\n|-heal|p2a: Corviknight|89\/100|[from] item: Leftovers\n|upkeep\n|turn|31\n|\n|t:|1699816063\n|move|p2a: Corviknight|Bulk Up|p2a: Corviknight\n|-boost|p2a: Corviknight|atk|1\n|-boost|p2a: Corviknight|def|1\n|move|p1a: Alomomola|Scald|p2a: Corviknight\n|-resisted|p2a: Corviknight\n|-damage|p2a: Corviknight|84\/100\n|-status|p2a: Corviknight|brn\n|\n|-heal|p2a: Corviknight|91\/100 brn|[from] item: Leftovers\n|-damage|p2a: Corviknight|84\/100 brn|[from] brn\n|upkeep\n|turn|32\n|\n|t:|1699816067\n|move|p2a: Corviknight|Bulk Up|p2a: Corviknight\n|-boost|p2a: Corviknight|atk|1\n|-boost|p2a: Corviknight|def|1\n|move|p1a: Alomomola|Wish|p1a: Alomomola\n|\n|-heal|p2a: Corviknight|91\/100 brn|[from] item: Leftovers\n|-damage|p2a: Corviknight|84\/100 brn|[from] brn\n|upkeep\n|turn|33\n|\n|t:|1699816069\n|switch|p1a: Great Tusk|Great Tusk|38\/100 brn\n|-start|p1a: Great Tusk|typechange|Ground\/Fighting\/Water|[silent]\n|move|p2a: Corviknight|Bulk Up|p2a: Corviknight\n|-boost|p2a: Corviknight|atk|1\n|-boost|p2a: Corviknight|def|1\n|\n|-heal|p1a: Great Tusk|99\/100 brn|[from] move: Wish|[wisher] Alomomola\n|-heal|p2a: Corviknight|91\/100 brn|[from] item: Leftovers\n|-damage|p1a: Great Tusk|94\/100 brn|[from] brn\n|-damage|p2a: Corviknight|84\/100 brn|[from] brn\n|upkeep\n|-start|p1a: Great Tusk|typechange|Ground\/Fighting\/Water|[silent]\n|turn|34\n|\n|t:|1699816074\n|move|p1a: Great Tusk|Knock Off|p2a: Corviknight\n|-damage|p2a: Corviknight|81\/100 brn\n|-enditem|p2a: Corviknight|Leftovers|[from] move: Knock Off|[of] p1a: Great Tusk\n|move|p2a: Corviknight|Bulk Up|p2a: Corviknight\n|-boost|p2a: Corviknight|atk|1\n|-boost|p2a: Corviknight|def|1\n|\n|-damage|p1a: Great Tusk|88\/100 brn|[from] brn\n|-damage|p2a: Corviknight|75\/100 brn|[from] brn\n|upkeep\n|turn|35\n|\n|t:|1699816080\n|-end|p1a: Great Tusk|Protosynthesis|[silent]\n|switch|p1a: Dondozo|Dondozo, M|100\/100\n|-start|p1a: Dondozo|typechange|Water\/Fairy|[silent]\n|move|p2a: Corviknight|Body Press|p1a: Dondozo\n|-resisted|p1a: Dondozo\n|-damage|p1a: Dondozo|99\/100\n|\n|-damage|p2a: Corviknight|69\/100 brn|[from] brn\n|upkeep\n|-start|p1a: Dondozo|typechange|Water\/Fairy|[silent]\n|turn|36\n|\n|t:|1699816086\n|move|p2a: Corviknight|Power Trip|p1a: Dondozo\n|-resisted|p1a: Dondozo\n|-damage|p1a: Dondozo|93\/100\n|move|p1a: Dondozo|Body Press|p2a: Corviknight\n|-damage|p2a: Corviknight|46\/100 brn\n|\n|-damage|p2a: Corviknight|40\/100 brn|[from] brn\n|upkeep\n|turn|37\n|\n|t:|1699816094\n|move|p2a: Corviknight|Roost|p2a: Corviknight\n|-heal|p2a: Corviknight|90\/100 brn\n|-singleturn|p2a: Corviknight|move: Roost\n|move|p1a: Dondozo|Body Press|p2a: Corviknight\n|-supereffective|p2a: Corviknight\n|-damage|p2a: Corviknight|44\/100 brn\n|\n|-damage|p2a: Corviknight|38\/100 brn|[from] brn\n|upkeep\n|turn|38\n|\n|t:|1699816102\n|move|p2a: Corviknight|Roost|p2a: Corviknight\n|-heal|p2a: Corviknight|88\/100 brn\n|-singleturn|p2a: Corviknight|move: Roost\n|move|p1a: Dondozo|Body Press|p2a: Corviknight\n|-supereffective|p2a: Corviknight\n|-damage|p2a: Corviknight|44\/100 brn\n|\n|-damage|p2a: Corviknight|38\/100 brn|[from] brn\n|upkeep\n|turn|39\n|\n|t:|1699816105\n|move|p2a: Corviknight|Roost|p2a: Corviknight\n|-heal|p2a: Corviknight|88\/100 brn\n|-singleturn|p2a: Corviknight|move: Roost\n|move|p1a: Dondozo|Body Press|p2a: Corviknight\n|-supereffective|p2a: Corviknight\n|-damage|p2a: Corviknight|42\/100 brn\n|\n|-damage|p2a: Corviknight|36\/100 brn|[from] brn\n|upkeep\n|turn|40\n|j| Dogpraxis\n|\n|t:|1699816109\n|move|p2a: Corviknight|Roost|p2a: Corviknight\n|-heal|p2a: Corviknight|86\/100 brn\n|-singleturn|p2a: Corviknight|move: Roost\n|move|p1a: Dondozo|Body Press|p2a: Corviknight\n|-supereffective|p2a: Corviknight\n|-damage|p2a: Corviknight|40\/100 brn\n|\n|-damage|p2a: Corviknight|34\/100 brn|[from] brn\n|upkeep\n|turn|41\n|\n|t:|1699816112\n|move|p2a: Corviknight|Roost|p2a: Corviknight\n|-heal|p2a: Corviknight|84\/100 brn\n|-singleturn|p2a: Corviknight|move: Roost\n|move|p1a: Dondozo|Body Press|p2a: Corviknight\n|-supereffective|p2a: Corviknight\n|-damage|p2a: Corviknight|40\/100 brn\n|\n|-damage|p2a: Corviknight|34\/100 brn|[from] brn\n|upkeep\n|turn|42\n|\n|t:|1699816115\n|move|p2a: Corviknight|Roost|p2a: Corviknight\n|-heal|p2a: Corviknight|84\/100 brn\n|-singleturn|p2a: Corviknight|move: Roost\n|move|p1a: Dondozo|Body Press|p2a: Corviknight\n|-supereffective|p2a: Corviknight\n|-crit|p2a: Corviknight\n|-damage|p2a: Corviknight|18\/100 brn\n|\n|-damage|p2a: Corviknight|12\/100 brn|[from] brn\n|upkeep\n|turn|43\n|l| Dogpraxis\n|\n|t:|1699816117\n|move|p2a: Corviknight|Roost|p2a: Corviknight\n|-heal|p2a: Corviknight|62\/100 brn\n|-singleturn|p2a: Corviknight|move: Roost\n|move|p1a: Dondozo|Body Press|p2a: Corviknight\n|-supereffective|p2a: Corviknight\n|-crit|p2a: Corviknight\n|-damage|p2a: Corviknight|0 fnt\n|faint|p2a: Corviknight\n|\n|upkeep\n|\n|t:|1699816121\n|switch|p2a: Glimmora|Glimmora, M|42\/100\n|-start|p2a: Glimmora|typechange|Rock\/Poison\/Flying|[silent]\n|-start|p2a: Glimmora|typechange|Rock\/Poison\/Flying|[silent]\n|turn|44\n|\n|t:|1699816127\n|switch|p1a: Blissey|Blissey, F|68\/100\n|-start|p1a: Blissey|typechange|Normal\/Ghost|[silent]\n|move|p2a: Glimmora|Sludge Wave|p1a: Blissey\n|-resisted|p1a: Blissey\n|-damage|p1a: Blissey|60\/100\n|\n|-heal|p2a: Glimmora|48\/100|[from] item: Black Sludge\n|upkeep\n|-start|p1a: Blissey|typechange|Normal\/Ghost|[silent]\n|turn|45\n|\n|t:|1699816131\n|move|p2a: Glimmora|Toxic|p1a: Blissey\n|-status|p1a: Blissey|tox\n|move|p1a: Blissey|Seismic Toss|p2a: Glimmora\n|-damage|p2a: Glimmora|15\/100\n|\n|-heal|p2a: Glimmora|21\/100|[from] item: Black Sludge\n|-damage|p1a: Blissey|54\/100 tox|[from] psn\n|upkeep\n|turn|46\n|\n|t:|1699816136\n|move|p2a: Glimmora|Sludge Wave|p1a: Blissey\n|-resisted|p1a: Blissey\n|-damage|p1a: Blissey|47\/100 tox\n|move|p1a: Blissey|Seismic Toss|p2a: Glimmora\n|-damage|p2a: Glimmora|0 fnt\n|faint|p2a: Glimmora\n|\n|-damage|p1a: Blissey|34\/100 tox|[from] psn\n|upkeep\n|\n|t:|1699816140\n|switch|p2a: Clefable|Clefable, M|100\/100\n|-start|p2a: Clefable|typechange|Fairy\/Steel|[silent]\n|-start|p2a: Clefable|typechange|Fairy\/Steel|[silent]\n|turn|47\n|\n|t:|1699816142\n|-curestatus|p1a: Blissey|tox|[from] ability: Natural Cure\n|switch|p1a: Clodsire|Clodsire, F|100\/100\n|-start|p1a: Clodsire|typechange|Poison\/Ground\/Dark|[silent]\n|move|p2a: Clefable|Cosmic Power|p2a: Clefable\n|-boost|p2a: Clefable|def|1\n|-boost|p2a: Clefable|spd|1\n|\n|upkeep\n|-start|p1a: Clodsire|typechange|Poison\/Ground\/Dark|[silent]\n|turn|48\n|\n|t:|1699816150\n|move|p2a: Clefable|Cosmic Power|p2a: Clefable\n|-boost|p2a: Clefable|def|1\n|-boost|p2a: Clefable|spd|1\n|move|p1a: Clodsire|Earthquake|p2a: Clefable\n|-supereffective|p2a: Clefable\n|-damage|p2a: Clefable|48\/100\n|\n|-heal|p2a: Clefable|54\/100|[from] item: Leftovers\n|upkeep\n|turn|49\n|\n|t:|1699816155\n|move|p2a: Clefable|Cosmic Power|p2a: Clefable\n|-boost|p2a: Clefable|def|1\n|-boost|p2a: Clefable|spd|1\n|move|p1a: Clodsire|Earthquake|p2a: Clefable\n|-supereffective|p2a: Clefable\n|-damage|p2a: Clefable|0 fnt\n|faint|p2a: Clefable\n|\n|upkeep\n|\n|t:|1699816158\n|switch|p2a: Weezing|Weezing-Galar, M|70\/100\n|-start|p2a: Weezing|typechange|Poison\/Fairy\/Dark|[silent]\n|-start|p2a: Weezing|typechange|Poison\/Fairy\/Dark|[silent]\n|turn|50\n|\n|t:|1699816161\n|move|p2a: Weezing|Will-O-Wisp|p1a: Clodsire\n|-status|p1a: Clodsire|brn\n|move|p1a: Clodsire|Earthquake|p2a: Weezing\n|-immune|p2a: Weezing|[from] ability: Levitate\n|\n|-heal|p2a: Weezing|76\/100|[from] item: Black Sludge\n|-damage|p1a: Clodsire|94\/100 brn|[from] brn\n|upkeep\n|turn|51\n|\n|t:|1699816171\n|switch|p1a: Great Tusk|Great Tusk|88\/100 brn\n|-start|p1a: Great Tusk|typechange|Ground\/Fighting\/Water|[silent]\n|move|p2a: Weezing|Strange Steam|p1a: Great Tusk\n|-supereffective|p1a: Great Tusk\n|-damage|p1a: Great Tusk|12\/100 brn\n|\n|-heal|p2a: Weezing|82\/100|[from] item: Black Sludge\n|-damage|p1a: Great Tusk|6\/100 brn|[from] brn\n|upkeep\n|-start|p1a: Great Tusk|typechange|Ground\/Fighting\/Water|[silent]\n|turn|52\n|\n|t:|1699816175\n|move|p1a: Great Tusk|Knock Off|p2a: Weezing\n|-resisted|p2a: Weezing\n|-damage|p2a: Weezing|79\/100\n|-enditem|p2a: Weezing|Black Sludge|[from] move: Knock Off|[of] p1a: Great Tusk\n|move|p2a: Weezing|Sludge Bomb|p1a: Great Tusk\n|-resisted|p1a: Great Tusk\n|-damage|p1a: Great Tusk|0 fnt\n|faint|p1a: Great Tusk\n|-end|p1a: Great Tusk|Protosynthesis|[silent]\n|\n|upkeep\n|\n|t:|1699816178\n|switch|p1a: Blissey|Blissey, F|34\/100\n|-start|p1a: Blissey|typechange|Normal\/Ghost|[silent]\n|-start|p1a: Blissey|typechange|Normal\/Ghost|[silent]\n|turn|53\n|\n|t:|1699816183\n|move|p2a: Weezing|Strange Steam|p1a: Blissey\n|-damage|p1a: Blissey|26\/100\n|move|p1a: Blissey|Seismic Toss|p2a: Weezing\n|-damage|p2a: Weezing|49\/100\n|\n|upkeep\n|turn|54\n|\n|t:|1699816186\n|move|p2a: Weezing|Strange Steam|p1a: Blissey\n|-damage|p1a: Blissey|17\/100\n|move|p1a: Blissey|Seismic Toss|p2a: Weezing\n|-damage|p2a: Weezing|19\/100\n|\n|upkeep\n|turn|55\n|\n|t:|1699816189\n|move|p2a: Weezing|Strange Steam|p1a: Blissey\n|-damage|p1a: Blissey|9\/100\n|move|p1a: Blissey|Seismic Toss|p2a: Weezing\n|-damage|p2a: Weezing|0 fnt\n|faint|p2a: Weezing\n|\n|win|jb291\n|n|\u2606jb291|jb291\n|n|\u2606guru000|guru000\n","uploadtime":1699816190,"views":14,"p1id":"jb291","p2id":"guru000","formatid":"gen9anythinggoes","rating":0,"private":0,"password":""}