{"id":"gen9anythinggoes-1979632027","p1":"joshant-","p2":"sendfreegifttome","format":"[Gen 9] Anything Goes","log":"|j|\u2606joshant-\n|j|\u2606sendfreegifttome\n|t:|1698698320\n|gametype|singles\n|player|p1|joshant-|102|1418\n|player|p2|sendfreegifttome|nate|1408\n|teamsize|p1|6\n|teamsize|p2|6\n|gen|9\n|tier|[Gen 9] Anything Goes\n|rated|\n|rule|HP Percentage Mod: HP is shown in percentages\n|rule|Endless Battle Clause: Forcing endless battles is banned\n|clearpoke\n|poke|p1|Pelipper, F|\n|poke|p1|Floatzel, M|\n|poke|p1|Dragonite, M|\n|poke|p1|Magnezone|\n|poke|p1|Crawdaunt, F|\n|poke|p1|Quagsire, F|\n|poke|p2|Calyrex-Shadow|\n|poke|p2|Kyogre|\n|poke|p2|Urshifu-*, F|\n|poke|p2|Zacian-*|\n|poke|p2|Miraidon|\n|poke|p2|Arceus-Dark|\n|teampreview\n|inactive|Battle timer is ON: inactive players will automatically lose when time's up. (requested by sendfreegifttome)\n|\n|t:|1698698337\n|start\n|switch|p1a: Magnezone|Magnezone|100\/100\n|switch|p2a: Miraidon|Miraidon|100\/100\n|-fieldstart|move: Electric Terrain|[from] ability: Hadron Engine|[of] p2a: Miraidon\n|turn|1\n|\n|t:|1698698345\n|move|p2a: Miraidon|Agility|p2a: Miraidon\n|-boost|p2a: Miraidon|spe|2\n|move|p1a: Magnezone|Volt Switch|p2a: Miraidon\n|-resisted|p2a: Miraidon\n|-damage|p2a: Miraidon|92\/100\n|\n|t:|1698698352\n|switch|p1a: Quagsire|Quagsire, F|100\/100|[from] Volt Switch\n|\n|upkeep\n|turn|2\n|c|\u2606sendfreegifttome|Hi again\n|\n|t:|1698698358\n|move|p2a: Miraidon|Dragon Pulse|p1a: Quagsire\n|-damage|p1a: Quagsire|39\/100\n|move|p1a: Quagsire|Earthquake|p2a: Miraidon\n|-supereffective|p2a: Miraidon\n|-damage|p2a: Miraidon|22\/100\n|-enditem|p2a: Miraidon|Weakness Policy\n|-boost|p2a: Miraidon|atk|2|[from] item: Weakness Policy\n|-boost|p2a: Miraidon|spa|2|[from] item: Weakness Policy\n|\n|-heal|p1a: Quagsire|45\/100|[from] item: Leftovers\n|upkeep\n|turn|3\n|c|\u2606joshant-|yo\n|\n|t:|1698698380\n|move|p2a: Miraidon|Dragon Pulse|p1a: Quagsire\n|-damage|p1a: Quagsire|0 fnt\n|faint|p1a: Quagsire\n|\n|upkeep\n|\n|t:|1698698384\n|switch|p1a: Pelipper|Pelipper, F|100\/100\n|-weather|RainDance|[from] ability: Drizzle|[of] p1a: Pelipper\n|turn|4\n|\n|t:|1698698391\n|move|p2a: Miraidon|Parabolic Charge|p1a: Pelipper\n|-supereffective|p1a: Pelipper\n|-damage|p1a: Pelipper|0 fnt\n|-heal|p2a: Miraidon|70\/100|[from] drain|[of] p1a: Pelipper\n|faint|p1a: Pelipper\n|\n|-weather|RainDance|[upkeep]\n|upkeep\n|\n|t:|1698698396\n|switch|p1a: Floatzel|Floatzel, M|100\/100\n|turn|5\n|\n|t:|1698698401\n|move|p2a: Miraidon|Parabolic Charge|p1a: Floatzel\n|-supereffective|p1a: Floatzel\n|-damage|p1a: Floatzel|0 fnt\n|-heal|p2a: Miraidon|100\/100|[from] drain|[of] p1a: Floatzel\n|faint|p1a: Floatzel\n|\n|-weather|RainDance|[upkeep]\n|-fieldend|move: Electric Terrain\n|upkeep\n|\n|t:|1698698407\n|switch|p1a: Dragonite|Dragonite, M|100\/100\n|turn|6\n|\n|t:|1698698412\n|-terastallize|p2a: Miraidon|Fairy\n|move|p2a: Miraidon|Dragon Pulse|p1a: Dragonite\n|-supereffective|p1a: Dragonite\n|-crit|p1a: Dragonite\n|-damage|p1a: Dragonite|0 fnt\n|faint|p1a: Dragonite\n|\n|-weather|RainDance|[upkeep]\n|upkeep\n|-message|joshant- forfeited.\n|\n|win|sendfreegifttome\n|raw|joshant-'s rating: 1418 &rarr; <strong>1397<\/strong><br \/>(-21 for losing)\n|raw|sendfreegifttome's rating: 1408 &rarr; <strong>1429<\/strong><br \/>(+21 for winning)\n|l|\u2606joshant-\n","uploadtime":1698698431,"views":8,"p1id":"joshant","p2id":"sendfreegifttome","formatid":"gen9anythinggoes","rating":1397,"private":0,"password":""}