{"id":"gen9anythinggoes-1971633303","p1":"jycdwmn","p2":"Iamfrutrated","format":"[Gen 9] Anything Goes","log":"|j|\u2606jycdwmn\n|j|\u2606Iamfrutrated\n|t:|1697755441\n|gametype|singles\n|player|p1|jycdwmn|lucas-gen4pt|1000\n|player|p2|Iamfrutrated|170|1094\n|teamsize|p1|6\n|teamsize|p2|6\n|gen|9\n|tier|[Gen 9] Anything Goes\n|rated|\n|rule|HP Percentage Mod: HP is shown in percentages\n|rule|Endless Battle Clause: Forcing endless battles is banned\n|clearpoke\n|poke|p1|Torterra, F|\n|poke|p1|Infernape, F|\n|poke|p1|Empoleon, M|\n|poke|p1|Staraptor, F|\n|poke|p1|Spiritomb, F|\n|poke|p1|Arceus|\n|poke|p2|Miraidon|\n|poke|p2|Houndstone, F|\n|poke|p2|Ditto|\n|poke|p2|Spidops, F|\n|poke|p2|Murkrow, F|\n|poke|p2|Tyranitar, F|\n|teampreview\n|\n|t:|1697755451\n|start\n|switch|p1a: Torterra|Torterra, F|100\/100\n|switch|p2a: Spidops|Spidops, F|100\/100\n|turn|1\n|\n|t:|1697755458\n|move|p2a: Spidops|Silk Trap|p2a: Spidops\n|-singleturn|p2a: Spidops|Protect\n|move|p1a: Torterra|Stealth Rock|p2a: Spidops\n|-sidestart|p2: Iamfrutrated|move: Stealth Rock\n|\n|upkeep\n|turn|2\n|\n|t:|1697755464\n|move|p1a: Torterra|Body Slam|p2a: Spidops\n|-damage|p2a: Spidops|80\/100\n|move|p2a: Spidops|Sticky Web|p1a: Torterra\n|-sidestart|p1: jycdwmn|move: Sticky Web\n|\n|-heal|p2a: Spidops|87\/100|[from] item: Leftovers\n|upkeep\n|turn|3\n|\n|t:|1697755470\n|move|p1a: Torterra|Body Slam|p2a: Spidops\n|-damage|p2a: Spidops|67\/100\n|-status|p2a: Spidops|par\n|move|p2a: Spidops|Toxic Spikes|p1a: Torterra\n|-sidestart|p1: jycdwmn|move: Toxic Spikes\n|\n|-heal|p2a: Spidops|74\/100 par|[from] item: Leftovers\n|upkeep\n|turn|4\n|\n|t:|1697755479\n|move|p2a: Spidops|Silk Trap|p2a: Spidops\n|-singleturn|p2a: Spidops|Protect\n|move|p1a: Torterra|Earthquake|p2a: Spidops\n|-activate|p2a: Spidops|move: Protect\n|\n|-heal|p2a: Spidops|80\/100 par|[from] item: Leftovers\n|upkeep\n|turn|5\n|\n|t:|1697755488\n|move|p1a: Torterra|Earthquake|p2a: Spidops\n|-resisted|p2a: Spidops\n|-damage|p2a: Spidops|61\/100 par\n|move|p2a: Spidops|Toxic Spikes|p1a: Torterra\n|-sidestart|p1: jycdwmn|move: Toxic Spikes\n|\n|-heal|p2a: Spidops|67\/100 par|[from] item: Leftovers\n|upkeep\n|turn|6\n|\n|t:|1697755494\n|move|p1a: Torterra|Wood Hammer|p2a: Spidops\n|-resisted|p2a: Spidops\n|-damage|p2a: Spidops|46\/100 par\n|-damage|p1a: Torterra|94\/100|[from] Recoil\n|move|p2a: Spidops|Spikes|p1a: Torterra\n|-sidestart|p1: jycdwmn|Spikes\n|\n|-heal|p1a: Torterra|99\/100|[from] item: Leftovers\n|-heal|p2a: Spidops|52\/100 par|[from] item: Leftovers\n|upkeep\n|turn|7\n|\n|t:|1697755503\n|move|p2a: Spidops|Silk Trap|p2a: Spidops\n|-singleturn|p2a: Spidops|Protect\n|move|p1a: Torterra|Earthquake|p2a: Spidops\n|-activate|p2a: Spidops|move: Protect\n|\n|-heal|p1a: Torterra|100\/100|[from] item: Leftovers\n|-heal|p2a: Spidops|58\/100 par|[from] item: Leftovers\n|upkeep\n|turn|8\n|\n|t:|1697755510\n|move|p1a: Torterra|Body Slam|p2a: Spidops\n|-damage|p2a: Spidops|37\/100 par\n|move|p2a: Spidops|Spikes|p1a: Torterra\n|-sidestart|p1: jycdwmn|Spikes\n|\n|-heal|p2a: Spidops|43\/100 par|[from] item: Leftovers\n|upkeep\n|turn|9\n|\n|t:|1697755517\n|move|p1a: Torterra|Body Slam|p2a: Spidops\n|-damage|p2a: Spidops|22\/100 par\n|move|p2a: Spidops|Spikes|p1a: Torterra\n|-sidestart|p1: jycdwmn|Spikes\n|\n|-heal|p2a: Spidops|29\/100 par|[from] item: Leftovers\n|upkeep\n|turn|10\n|\n|t:|1697755523\n|cant|p2a: Spidops|par\n|move|p1a: Torterra|Body Slam|p2a: Spidops\n|-damage|p2a: Spidops|9\/100 par\n|\n|-heal|p2a: Spidops|15\/100 par|[from] item: Leftovers\n|upkeep\n|turn|11\n|\n|t:|1697755529\n|cant|p2a: Spidops|par\n|move|p1a: Torterra|Body Slam|p2a: Spidops\n|-damage|p2a: Spidops|0 fnt\n|faint|p2a: Spidops\n|\n|upkeep\n|c|\u2606Iamfrutrated|HELL NAH\n|\n|t:|1697755539\n|switch|p2a: Miraidon|Miraidon|100\/100\n|-damage|p2a: Miraidon|88\/100|[from] Stealth Rock\n|-fieldstart|move: Electric Terrain|[from] ability: Hadron Engine|[of] p2a: Miraidon\n|turn|12\n|\n|t:|1697755549\n|move|p2a: Miraidon|Draco Meteor|p1a: Torterra\n|-damage|p1a: Torterra|0 fnt\n|-unboost|p2a: Miraidon|spa|2\n|faint|p1a: Torterra\n|\n|upkeep\n|\n|t:|1697755566\n|switch|p1a: Infernape|Infernape, F, shiny|100\/100\n|-activate|p1a: Infernape|move: Sticky Web\n|-unboost|p1a: Infernape|spe|1\n|-status|p1a: Infernape|tox\n|-damage|p1a: Infernape|76\/100 tox|[from] Spikes\n|turn|13\n|\n|t:|1697755574\n|move|p2a: Miraidon|Draco Meteor|p1a: Infernape\n|-damage|p1a: Infernape|0 fnt\n|-unboost|p2a: Miraidon|spa|2\n|faint|p1a: Infernape\n|\n|upkeep\n|c|\u2606Iamfrutrated|haha\n|\n|t:|1697755580\n|switch|p1a: Staraptor|Staraptor, F|100\/100\n|-ability|p1a: Staraptor|Intimidate|boost\n|-unboost|p2a: Miraidon|atk|1\n|turn|14\n|\n|t:|1697755586\n|move|p2a: Miraidon|Draco Meteor|p1a: Staraptor\n|-damage|p1a: Staraptor|26\/100\n|-unboost|p2a: Miraidon|spa|2\n|move|p1a: Staraptor|Brave Bird|p2a: Miraidon\n|-resisted|p2a: Miraidon\n|-damage|p2a: Miraidon|60\/100\n|-damage|p1a: Staraptor|16\/100|[from] Recoil\n|\n|upkeep\n|turn|15\n|\n|t:|1697755597\n|move|p2a: Miraidon|Draco Meteor|p1a: Staraptor|[miss]\n|-miss|p2a: Miraidon|p1a: Staraptor\n|move|p1a: Staraptor|Close Combat|p2a: Miraidon\n|-damage|p2a: Miraidon|17\/100\n|-unboost|p1a: Staraptor|def|1\n|-unboost|p1a: Staraptor|spd|1\n|\n|upkeep\n|turn|16\n|\n|t:|1697755606\n|move|p2a: Miraidon|Draco Meteor|p1a: Staraptor\n|-damage|p1a: Staraptor|0 fnt\n|faint|p1a: Staraptor\n|\n|-fieldend|move: Electric Terrain\n|upkeep\n|\n|t:|1697755610\n|switch|p1a: Spiritomb|Spiritomb, F|100\/100\n|-activate|p1a: Spiritomb|move: Sticky Web\n|-unboost|p1a: Spiritomb|spe|1\n|-status|p1a: Spiritomb|tox\n|-damage|p1a: Spiritomb|76\/100 tox|[from] Spikes\n|-ability|p1a: Spiritomb|Pressure\n|turn|17\n|\n|t:|1697755617\n|move|p1a: Spiritomb|Sucker Punch|p2a: Miraidon\n|-damage|p2a: Miraidon|0 fnt\n|faint|p2a: Miraidon\n|\n|-damage|p1a: Spiritomb|69\/100 tox|[from] psn\n|upkeep\n|\n|t:|1697755627\n|switch|p2a: Ditto|Ditto|100\/100\n|-damage|p2a: Ditto|88\/100|[from] Stealth Rock\n|-transform|p2a: Ditto|p1a: Spiritomb|[from] ability: Imposter\n|-ability|p2a: Ditto|Pressure\n|turn|18\n|\n|t:|1697755636\n|move|p2a: Ditto|Hypnosis||[still]\n|-fail|p2a: Ditto\n|move|p1a: Spiritomb|Hypnosis|p2a: Ditto\n|-status|p2a: Ditto|slp|[from] move: Hypnosis\n|\n|-damage|p1a: Spiritomb|57\/100 tox|[from] psn\n|upkeep\n|turn|19\n|\n|t:|1697755647\n|move|p1a: Spiritomb|Sucker Punch||[still]\n|-fail|p1a: Spiritomb\n|cant|p2a: Ditto|slp\n|\n|-damage|p1a: Spiritomb|38\/100 tox|[from] psn\n|upkeep\n|turn|20\n|\n|t:|1697755652\n|switch|p1a: Arceus|Arceus|100\/100\n|-activate|p1a: Arceus|move: Sticky Web\n|-unboost|p1a: Arceus|spe|1\n|-status|p1a: Arceus|tox\n|-damage|p1a: Arceus|76\/100 tox|[from] Spikes\n|-curestatus|p2a: Ditto|slp|[msg]\n|move|p2a: Ditto|Hypnosis||[still]\n|-fail|p2a: Ditto\n|\n|-damage|p1a: Arceus|69\/100 tox|[from] psn\n|upkeep\n|turn|21\n|\n|t:|1697755674\n|move|p1a: Arceus|Swords Dance|p1a: Arceus\n|-boost|p1a: Arceus|atk|2\n|move|p2a: Ditto|Hypnosis||[still]\n|-fail|p2a: Ditto\n|\n|-damage|p1a: Arceus|57\/100 tox|[from] psn\n|upkeep\n|turn|22\n|\n|t:|1697755680\n|switch|p2a: Murkrow|Murkrow, F|100\/100\n|-damage|p2a: Murkrow|76\/100|[from] Stealth Rock\n|move|p1a: Arceus|Swords Dance|p1a: Arceus\n|-boost|p1a: Arceus|atk|2\n|\n|-damage|p1a: Arceus|38\/100 tox|[from] psn\n|upkeep\n|turn|23\n|\n|t:|1697755693\n|-terastallize|p1a: Arceus|Ghost\n|move|p2a: Murkrow|Haze|p2a: Murkrow\n|-clearallboost\n|move|p1a: Arceus|Ice Beam|p2a: Murkrow\n|-supereffective|p2a: Murkrow\n|-damage|p2a: Murkrow|0 fnt\n|faint|p2a: Murkrow\n|-damage|p1a: Arceus|28\/100 tox|[from] item: Life Orb\n|\n|-damage|p1a: Arceus|3\/100 tox|[from] psn\n|upkeep\n|\n|t:|1697755705\n|switch|p2a: Ditto|Ditto|88\/100\n|-damage|p2a: Ditto|76\/100|[from] Stealth Rock\n|-transform|p2a: Ditto|p1a: Arceus|[from] ability: Imposter\n|-start|p2a: Ditto|typechange|Normal|[silent]\n|turn|24\n|\n|t:|1697755715\n|move|p1a: Arceus|Extreme Speed|p2a: Ditto\n|-damage|p2a: Ditto|37\/100\n|-damage|p1a: Arceus|0 fnt|[from] item: Life Orb\n|faint|p1a: Arceus\n|move|p2a: Ditto|Ice Beam|p1: Arceus|[notarget]\n|-fail|p2a: Ditto\n|\n|upkeep\n|\n|t:|1697755720\n|switch|p1a: Spiritomb|Spiritomb, F|38\/100 tox\n|-activate|p1a: Spiritomb|move: Sticky Web\n|-unboost|p1a: Spiritomb|spe|1\n|-damage|p1a: Spiritomb|13\/100 tox|[from] Spikes\n|-ability|p1a: Spiritomb|Pressure\n|turn|25\n|\n|t:|1697755727\n|move|p1a: Spiritomb|Sucker Punch|p2a: Ditto\n|-damage|p2a: Ditto|7\/100\n|move|p2a: Ditto|Ice Beam|p1a: Spiritomb\n|-damage|p1a: Spiritomb|0 fnt\n|faint|p1a: Spiritomb\n|\n|upkeep\n|\n|t:|1697755730\n|switch|p1a: Empoleon|Empoleon, M|100\/100\n|-activate|p1a: Empoleon|move: Sticky Web\n|-unboost|p1a: Empoleon|spe|1\n|-damage|p1a: Empoleon|76\/100|[from] Spikes\n|turn|26\n|\n|t:|1697755738\n|move|p2a: Ditto|Ice Beam|p1a: Empoleon\n|-resisted|p1a: Empoleon\n|-damage|p1a: Empoleon|68\/100\n|move|p1a: Empoleon|Drill Peck|p2a: Ditto\n|-damage|p2a: Ditto|0 fnt\n|faint|p2a: Ditto\n|\n|upkeep\n|\n|t:|1697755744\n|switch|p2a: Tyranitar|Tyranitar, F|100\/100\n|-damage|p2a: Tyranitar|88\/100|[from] Stealth Rock\n|-weather|Sandstorm|[from] ability: Sand Stream|[of] p2a: Tyranitar\n|turn|27\n|\n|t:|1697755755\n|move|p2a: Tyranitar|Stone Edge|p1a: Empoleon\n|-resisted|p1a: Empoleon\n|-damage|p1a: Empoleon|34\/100\n|move|p1a: Empoleon|Wave Crash|p2a: Tyranitar\n|-supereffective|p2a: Tyranitar\n|-damage|p2a: Tyranitar|12\/100\n|-damage|p1a: Empoleon|1\/100|[from] Recoil\n|\n|-weather|Sandstorm|[upkeep]\n|-heal|p2a: Tyranitar|18\/100|[from] item: Leftovers\n|upkeep\n|turn|28\n|\n|t:|1697755764\n|move|p2a: Tyranitar|Rest|p2a: Tyranitar\n|-status|p2a: Tyranitar|slp|[from] move: Rest\n|-heal|p2a: Tyranitar|100\/100 slp|[silent]\n|move|p1a: Empoleon|Flash Cannon|p2a: Tyranitar\n|-supereffective|p2a: Tyranitar\n|-damage|p2a: Tyranitar|58\/100 slp\n|\n|-weather|Sandstorm|[upkeep]\n|-heal|p2a: Tyranitar|65\/100 slp|[from] item: Leftovers\n|upkeep\n|turn|29\n|\n|t:|1697755772\n|cant|p2a: Tyranitar|slp\n|move|p2a: Tyranitar|Sleep Talk|p2a: Tyranitar\n|move|p2a: Tyranitar|Rest||[from]move: Sleep Talk|[still]\n|-fail|p2a: Tyranitar\n|move|p1a: Empoleon|Wave Crash|p2a: Tyranitar\n|-supereffective|p2a: Tyranitar\n|-damage|p2a: Tyranitar|0 fnt\n|faint|p2a: Tyranitar\n|-damage|p1a: Empoleon|0 fnt|[from] Recoil\n|faint|p1a: Empoleon\n|\n|win|Iamfrutrated\n|raw|jycdwmn's rating: 1000 &rarr; <strong>1000<\/strong><br \/>(+0 for losing)\n|raw|Iamfrutrated's rating: 1094 &rarr; <strong>1113<\/strong><br \/>(+19 for winning)\n|l|\u2606jycdwmn\n","uploadtime":1697755795,"views":8,"p1id":"jycdwmn","p2id":"iamfrutrated","formatid":"gen9anythinggoes","rating":1000,"private":0,"password":""}