{"id":"gen9anythinggoes-1987961317","p1":"MemeMimicks","p2":"sceptile22222","format":"[Gen 9] Anything Goes","log":"|j|\u2606MemeMimicks\n|j|\u2606sceptile22222\n|t:|1699653469\n|gametype|singles\n|player|p1|MemeMimicks|emmet|1233\n|player|p2|sceptile22222|tuber|1316\n|teamsize|p1|6\n|teamsize|p2|6\n|gen|9\n|tier|[Gen 9] Anything Goes\n|rated|\n|rule|HP Percentage Mod: HP is shown in percentages\n|rule|Endless Battle Clause: Forcing endless battles is banned\n|clearpoke\n|poke|p1|Glimmora, F|\n|poke|p1|Manaphy|\n|poke|p1|Corviknight, M|\n|poke|p1|Ting-Lu|\n|poke|p1|Calyrex-Shadow|\n|poke|p1|Kingambit, F|\n|poke|p2|Espathra, M|\n|poke|p2|Clodsire, M|\n|poke|p2|Skeledirge, F|\n|poke|p2|Iron Bundle|\n|poke|p2|Kommo-o, F|\n|poke|p2|Torterra, M|\n|teampreview\n|inactive|Battle timer is ON: inactive players will automatically lose when time's up. (requested by sceptile22222)\n|\n|t:|1699653476\n|start\n|switch|p1a: Manaphy|Manaphy|100\/100\n|switch|p2a: Sweeps v2.0|Espathra, M|100\/100\n|turn|1\n|\n|t:|1699653487\n|switch|p1a: Kingambit|Kingambit, F|100\/100\n|move|p2a: Sweeps v2.0|Substitute|p2a: Sweeps v2.0\n|-start|p2a: Sweeps v2.0|Substitute\n|-damage|p2a: Sweeps v2.0|76\/100\n|\n|-heal|p2a: Sweeps v2.0|82\/100|[from] item: Leftovers\n|-ability|p2a: Sweeps v2.0|Speed Boost|boost\n|-boost|p2a: Sweeps v2.0|spe|1\n|upkeep\n|turn|2\n|\n|t:|1699653498\n|switch|p2a: Angry Monk|Kommo-o, F|100\/100\n|-end|p1a: Kingambit|fallenundefined|[silent]\n|switch|p1a: Glimmora|Glimmora, F|100\/100\n|\n|upkeep\n|turn|3\n|\n|t:|1699653506\n|switch|p2a: Sweeps v2.0|Espathra, M|82\/100\n|move|p1a: Glimmora|Stealth Rock|p2a: Sweeps v2.0\n|-sidestart|p2: sceptile22222|move: Stealth Rock\n|\n|-heal|p2a: Sweeps v2.0|88\/100|[from] item: Leftovers\n|upkeep\n|turn|4\n|\n|t:|1699653514\n|switch|p1a: Kingambit|Kingambit, F|100\/100\n|move|p2a: Sweeps v2.0|Substitute|p2a: Sweeps v2.0\n|-start|p2a: Sweeps v2.0|Substitute\n|-damage|p2a: Sweeps v2.0|63\/100\n|\n|-heal|p2a: Sweeps v2.0|69\/100|[from] item: Leftovers\n|-ability|p2a: Sweeps v2.0|Speed Boost|boost\n|-boost|p2a: Sweeps v2.0|spe|1\n|upkeep\n|turn|5\n|\n|t:|1699653525\n|move|p2a: Sweeps v2.0|Calm Mind|p2a: Sweeps v2.0\n|-boost|p2a: Sweeps v2.0|spa|1\n|-boost|p2a: Sweeps v2.0|spd|1\n|move|p1a: Kingambit|Swords Dance|p1a: Kingambit\n|-boost|p1a: Kingambit|atk|2\n|\n|-heal|p2a: Sweeps v2.0|75\/100|[from] item: Leftovers\n|-ability|p2a: Sweeps v2.0|Speed Boost|boost\n|-boost|p2a: Sweeps v2.0|spe|1\n|upkeep\n|turn|6\n|\n|t:|1699653536\n|move|p1a: Kingambit|Sucker Punch||[still]\n|-fail|p1a: Kingambit\n|move|p2a: Sweeps v2.0|Calm Mind|p2a: Sweeps v2.0\n|-boost|p2a: Sweeps v2.0|spa|1\n|-boost|p2a: Sweeps v2.0|spd|1\n|\n|-heal|p2a: Sweeps v2.0|81\/100|[from] item: Leftovers\n|-ability|p2a: Sweeps v2.0|Speed Boost|boost\n|-boost|p2a: Sweeps v2.0|spe|1\n|upkeep\n|turn|7\n|\n|t:|1699653546\n|move|p2a: Sweeps v2.0|Calm Mind|p2a: Sweeps v2.0\n|-boost|p2a: Sweeps v2.0|spa|1\n|-boost|p2a: Sweeps v2.0|spd|1\n|move|p1a: Kingambit|Swords Dance|p1a: Kingambit\n|-boost|p1a: Kingambit|atk|2\n|\n|-heal|p2a: Sweeps v2.0|87\/100|[from] item: Leftovers\n|-ability|p2a: Sweeps v2.0|Speed Boost|boost\n|-boost|p2a: Sweeps v2.0|spe|1\n|upkeep\n|turn|8\n|\n|t:|1699653556\n|move|p2a: Sweeps v2.0|Calm Mind|p2a: Sweeps v2.0\n|-boost|p2a: Sweeps v2.0|spa|1\n|-boost|p2a: Sweeps v2.0|spd|1\n|move|p1a: Kingambit|Swords Dance|p1a: Kingambit\n|-boost|p1a: Kingambit|atk|2\n|\n|-heal|p2a: Sweeps v2.0|93\/100|[from] item: Leftovers\n|-ability|p2a: Sweeps v2.0|Speed Boost|boost\n|-boost|p2a: Sweeps v2.0|spe|1\n|upkeep\n|turn|9\n|\n|t:|1699653570\n|move|p2a: Sweeps v2.0|Calm Mind|p2a: Sweeps v2.0\n|-boost|p2a: Sweeps v2.0|spa|1\n|-boost|p2a: Sweeps v2.0|spd|1\n|move|p1a: Kingambit|Kowtow Cleave|p2a: Sweeps v2.0\n|-supereffective|p2a: Sweeps v2.0\n|-end|p2a: Sweeps v2.0|Substitute\n|\n|-heal|p2a: Sweeps v2.0|99\/100|[from] item: Leftovers\n|-ability|p2a: Sweeps v2.0|Speed Boost|boost\n|-boost|p2a: Sweeps v2.0|spe|1\n|upkeep\n|turn|10\n|\n|t:|1699653581\n|move|p2a: Sweeps v2.0|Dazzling Gleam|p1a: Kingambit\n|-damage|p1a: Kingambit|37\/100\n|move|p1a: Kingambit|Kowtow Cleave|p2a: Sweeps v2.0\n|-supereffective|p2a: Sweeps v2.0\n|-damage|p2a: Sweeps v2.0|0 fnt\n|faint|p2a: Sweeps v2.0\n|\n|upkeep\n|\n|t:|1699653590\n|switch|p2a: King Clod|Clodsire, M|100\/100\n|-damage|p2a: King Clod|94\/100|[from] Stealth Rock\n|turn|11\n|\n|t:|1699653598\n|-end|p1a: Kingambit|fallenundefined|[silent]\n|switch|p1a: Corviknight|Corviknight, M|100\/100\n|move|p2a: King Clod|Earthquake|p1a: Corviknight\n|-immune|p1a: Corviknight\n|\n|-heal|p2a: King Clod|100\/100|[from] item: Leftovers\n|upkeep\n|turn|12\n|\n|t:|1699653609\n|move|p1a: Corviknight|Iron Defense|p1a: Corviknight\n|-boost|p1a: Corviknight|def|2\n|move|p2a: King Clod|Counter||[still]\n|-fail|p2a: King Clod\n|\n|upkeep\n|turn|13\n|\n|t:|1699653615\n|switch|p2a: Rocco|Skeledirge, F|100\/100\n|-damage|p2a: Rocco|76\/100|[from] Stealth Rock\n|move|p1a: Corviknight|Iron Defense|p1a: Corviknight\n|-boost|p1a: Corviknight|def|2\n|\n|upkeep\n|turn|14\n|\n|t:|1699653625\n|switch|p1a: Manaphy|Manaphy|100\/100\n|move|p2a: Rocco|Torch Song|p1a: Manaphy\n|-resisted|p1a: Manaphy\n|-damage|p1a: Manaphy|80\/100\n|-boost|p2a: Rocco|spa|1\n|\n|upkeep\n|turn|15\n|\n|t:|1699653634\n|move|p1a: Manaphy|Rain Dance|p1a: Manaphy\n|-weather|RainDance\n|move|p2a: Rocco|Torch Song|p1a: Manaphy\n|-resisted|p1a: Manaphy\n|-damage|p1a: Manaphy|64\/100\n|-boost|p2a: Rocco|spa|1\n|\n|-weather|RainDance|[upkeep]\n|upkeep\n|turn|16\n|\n|t:|1699653643\n|move|p1a: Manaphy|Tail Glow|p1a: Manaphy\n|-boost|p1a: Manaphy|spa|3\n|move|p2a: Rocco|Torch Song|p1a: Manaphy\n|-resisted|p1a: Manaphy\n|-damage|p1a: Manaphy|41\/100\n|-boost|p2a: Rocco|spa|1\n|\n|-weather|RainDance|[upkeep]\n|upkeep\n|turn|17\n|\n|t:|1699653653\n|switch|p2a: Ak\u016bp\u0101ra|Torterra, M|100\/100\n|-damage|p2a: Ak\u016bp\u0101ra|94\/100|[from] Stealth Rock\n|move|p1a: Manaphy|Baton Pass|p1a: Manaphy\n|\n|t:|1699653659\n|switch|p1a: Calyrex|Calyrex-Shadow|100\/100|[from] Baton Pass\n|-ability|p1a: Calyrex|As One\n|-ability|p1a: Calyrex|Unnerve\n|\n|-weather|RainDance|[upkeep]\n|upkeep\n|turn|18\n|\n|t:|1699653669\n|-terastallize|p1a: Calyrex|Grass\n|move|p1a: Calyrex|Calm Mind|p1a: Calyrex\n|-boost|p1a: Calyrex|spa|1\n|-boost|p1a: Calyrex|spd|1\n|move|p2a: Ak\u016bp\u0101ra|Shell Smash|p2a: Ak\u016bp\u0101ra\n|-unboost|p2a: Ak\u016bp\u0101ra|def|1\n|-unboost|p2a: Ak\u016bp\u0101ra|spd|1\n|-boost|p2a: Ak\u016bp\u0101ra|atk|2\n|-boost|p2a: Ak\u016bp\u0101ra|spa|2\n|-boost|p2a: Ak\u016bp\u0101ra|spe|2\n|-enditem|p2a: Ak\u016bp\u0101ra|White Herb\n|-clearnegativeboost|p2a: Ak\u016bp\u0101ra|[silent]\n|\n|-weather|RainDance|[upkeep]\n|upkeep\n|turn|19\n|\n|t:|1699653684\n|move|p2a: Ak\u016bp\u0101ra|Body Press|p1a: Calyrex\n|-damage|p1a: Calyrex|76\/100\n|move|p1a: Calyrex|Astral Barrage|p2a: Ak\u016bp\u0101ra\n|-damage|p2a: Ak\u016bp\u0101ra|0 fnt\n|faint|p2a: Ak\u016bp\u0101ra\n|-ability|p1a: Calyrex|Grim Neigh|boost\n|-boost|p1a: Calyrex|spa|1\n|\n|-weather|none\n|upkeep\n|\n|t:|1699653696\n|switch|p2a: Speedy Santa|Iron Bundle|100\/100\n|-damage|p2a: Speedy Santa|75\/100|[from] Stealth Rock\n|-enditem|p2a: Speedy Santa|Booster Energy\n|-activate|p2a: Speedy Santa|ability: Quark Drive|[fromitem]\n|-start|p2a: Speedy Santa|quarkdrivespe\n|turn|20\n|\n|t:|1699653704\n|move|p2a: Speedy Santa|Ice Beam|p1a: Calyrex\n|-supereffective|p1a: Calyrex\n|-damage|p1a: Calyrex|27\/100\n|move|p1a: Calyrex|Astral Barrage|p2a: Speedy Santa\n|-damage|p2a: Speedy Santa|0 fnt\n|faint|p2a: Speedy Santa\n|-end|p2a: Speedy Santa|Quark Drive|[silent]\n|-ability|p1a: Calyrex|Grim Neigh|boost\n|-boost|p1a: Calyrex|spa|1\n|\n|upkeep\n|\n|t:|1699653715\n|switch|p2a: King Clod|Clodsire, M|100\/100\n|-damage|p2a: King Clod|94\/100|[from] Stealth Rock\n|turn|21\n|\n|t:|1699653723\n|move|p1a: Calyrex|Astral Barrage|p2a: King Clod\n|-damage|p2a: King Clod|18\/100\n|move|p2a: King Clod|Gunk Shot|p1a: Calyrex|[miss]\n|-miss|p2a: King Clod|p1a: Calyrex\n|\n|-heal|p2a: King Clod|25\/100|[from] item: Leftovers\n|upkeep\n|turn|22\n|\n|t:|1699653736\n|move|p1a: Calyrex|Astral Barrage|p2a: King Clod\n|-damage|p2a: King Clod|0 fnt\n|faint|p2a: King Clod\n|\n|upkeep\n|\n|t:|1699653743\n|switch|p2a: Angry Monk|Kommo-o, F|100\/100\n|-damage|p2a: Angry Monk|94\/100|[from] Stealth Rock\n|turn|23\n|\n|t:|1699653749\n|-terastallize|p2a: Angry Monk|Steel\n|move|p1a: Calyrex|Energy Ball|p2a: Angry Monk\n|-immune|p2a: Angry Monk|[from] ability: Bulletproof\n|move|p2a: Angry Monk|Dragon Claw|p1a: Calyrex\n|-damage|p1a: Calyrex|0 fnt\n|faint|p1a: Calyrex\n|\n|upkeep\n|\n|t:|1699653760\n|switch|p1a: Ting-Lu|Ting-Lu|100\/100\n|-ability|p1a: Ting-Lu|Vessel of Ruin\n|turn|24\n|\n|t:|1699653765\n|move|p2a: Angry Monk|Close Combat|p1a: Ting-Lu\n|-supereffective|p1a: Ting-Lu\n|-damage|p1a: Ting-Lu|43\/100\n|-unboost|p2a: Angry Monk|def|1\n|-unboost|p2a: Angry Monk|spd|1\n|move|p1a: Ting-Lu|Fissure|p2a: Angry Monk|[miss]\n|-miss|p1a: Ting-Lu|p2a: Angry Monk\n|\n|upkeep\n|turn|25\n|\n|t:|1699653774\n|move|p2a: Angry Monk|Close Combat|p1a: Ting-Lu\n|-supereffective|p1a: Ting-Lu\n|-damage|p1a: Ting-Lu|0 fnt\n|-unboost|p2a: Angry Monk|def|1\n|-unboost|p2a: Angry Monk|spd|1\n|faint|p1a: Ting-Lu\n|\n|upkeep\n|\n|t:|1699653787\n|switch|p1a: Manaphy|Manaphy|41\/100\n|turn|26\n|\n|t:|1699653796\n|move|p1a: Manaphy|Scald|p2a: Angry Monk\n|-damage|p2a: Angry Monk|52\/100\n|move|p2a: Angry Monk|Tera Blast|p1a: Manaphy|[anim] Tera Blast Steel\n|-resisted|p1a: Manaphy\n|-damage|p1a: Manaphy|25\/100\n|-enditem|p1a: Manaphy|Aguav Berry|[eat]\n|-heal|p1a: Manaphy|58\/100|[from] item: Aguav Berry\n|\n|upkeep\n|turn|27\n|\n|t:|1699653805\n|move|p1a: Manaphy|Tail Glow|p1a: Manaphy\n|-boost|p1a: Manaphy|spa|3\n|move|p2a: Angry Monk|Clanging Scales|p1a: Manaphy\n|-damage|p1a: Manaphy|18\/100\n|-unboost|p2a: Angry Monk|def|1\n|\n|upkeep\n|turn|28\n|\n|t:|1699653815\n|move|p1a: Manaphy|Scald|p2a: Angry Monk\n|-damage|p2a: Angry Monk|0 fnt\n|faint|p2a: Angry Monk\n|\n|upkeep\n|\n|t:|1699653820\n|switch|p2a: Rocco|Skeledirge, F|76\/100\n|-damage|p2a: Rocco|51\/100|[from] Stealth Rock\n|turn|29\n|\n|t:|1699653826\n|move|p1a: Manaphy|Scald|p2a: Rocco\n|-supereffective|p2a: Rocco\n|-crit|p2a: Rocco\n|-damage|p2a: Rocco|0 fnt\n|faint|p2a: Rocco\n|\n|win|MemeMimicks\n|raw|MemeMimicks's rating: 1233 &rarr; <strong>1264<\/strong><br \/>(+31 for winning)\n|raw|sceptile22222's rating: 1316 &rarr; <strong>1291<\/strong><br \/>(-25 for losing)\n|c|\u2606MemeMimicks|gg\n|c|\u2606sceptile22222|ggs\n|l|\u2606sceptile22222\n","uploadtime":1699653839,"views":6,"p1id":"mememimicks","p2id":"sceptile22222","formatid":"gen9anythinggoes","rating":1264,"private":0,"password":""}