{"id":"gen9anythinggoes-1975877737","p1":"plexssf","p2":"you will losse","format":"[Gen 9] Anything Goes","log":"|j|\u203dplexssf\n|j|\u2606you will losse\n|t:|1698245915\n|gametype|singles\n|player|p1|plexssf|265|1000\n|player|p2|you will losse|cynthia-gen4|1084\n|teamsize|p1|4\n|teamsize|p2|2\n|gen|9\n|tier|[Gen 9] Anything Goes\n|rated|\n|rule|HP Percentage Mod: HP is shown in percentages\n|rule|Endless Battle Clause: Forcing endless battles is banned\n|clearpoke\n|poke|p1|Blissey, F|\n|poke|p1|Iron Valiant|\n|poke|p1|Rillaboom, F|\n|poke|p1|Walking Wake|\n|poke|p2|Polteageist-Antique|\n|poke|p2|Dialga-Origin|\n|teampreview\n|\n|t:|1698245919\n|start\n|switch|p1a: Blissey|Blissey, F|100\/100\n|switch|p2a: Polteageist|Polteageist-Antique|100\/100\n|turn|1\n|\n|t:|1698245926\n|move|p2a: Polteageist|Shell Smash|p2a: Polteageist\n|-unboost|p2a: Polteageist|def|1\n|-unboost|p2a: Polteageist|spd|1\n|-boost|p2a: Polteageist|atk|2\n|-boost|p2a: Polteageist|spa|2\n|-boost|p2a: Polteageist|spe|2\n|move|p1a: Blissey|Grass Knot|p2a: Polteageist\n|-damage|p2a: Polteageist|94\/100\n|\n|upkeep\n|turn|2\n|\n|t:|1698245935\n|move|p2a: Polteageist|Shell Smash|p2a: Polteageist\n|-unboost|p2a: Polteageist|def|1\n|-unboost|p2a: Polteageist|spd|1\n|-boost|p2a: Polteageist|atk|2\n|-boost|p2a: Polteageist|spa|2\n|-boost|p2a: Polteageist|spe|2\n|move|p1a: Blissey|Drain Punch|p2a: Polteageist\n|-immune|p2a: Polteageist\n|\n|upkeep\n|turn|3\n|\n|t:|1698245952\n|switch|p1a: Rillaboom|Rillaboom, F|100\/100\n|-fieldstart|move: Grassy Terrain|[from] ability: Grassy Surge|[of] p1a: Rillaboom\n|move|p2a: Polteageist|Baton Pass|p2a: Polteageist\n|inactive|Battle timer is ON: inactive players will automatically lose when time's up. (requested by plexssf)\n|inactive|you will losse has 120 seconds left.\n|\n|t:|1698246004\n|switch|p2a: Dialga|Dialga-Origin|100\/100|[from] Baton Pass\n|-ability|p2a: Dialga|Pressure\n|\n|upkeep\n|turn|4\n|\n|t:|1698246015\n|move|p2a: Dialga|Flamethrower|p1a: Rillaboom\n|-supereffective|p1a: Rillaboom\n|-damage|p1a: Rillaboom|0 fnt\n|faint|p1a: Rillaboom\n|\n|upkeep\n|\n|t:|1698246020\n|switch|p1a: Blissey|Blissey, F|100\/100\n|turn|5\n|\n|t:|1698246025\n|move|p2a: Dialga|Aura Sphere|p1a: Blissey\n|-supereffective|p1a: Blissey\n|-damage|p1a: Blissey|36\/100\n|move|p1a: Blissey|Grass Knot|p2a: Dialga\n|-resisted|p2a: Dialga\n|-damage|p2a: Dialga|88\/100\n|\n|-heal|p2a: Dialga|94\/100|[from] Grassy Terrain\n|-heal|p1a: Blissey|43\/100|[from] Grassy Terrain\n|upkeep\n|turn|6\n|\n|t:|1698246034\n|move|p2a: Dialga|Aura Sphere|p1a: Blissey\n|-supereffective|p1a: Blissey\n|-damage|p1a: Blissey|0 fnt\n|faint|p1a: Blissey\n|\n|-heal|p2a: Dialga|99\/100|[from] Grassy Terrain\n|upkeep\n|\n|t:|1698246040\n|switch|p1a: Iron Valiant|Iron Valiant|100\/100\n|turn|7\n|j| zane123456\n|\n|t:|1698246047\n|move|p2a: Dialga|Dragon Pulse|p1a: Iron Valiant\n|-immune|p1a: Iron Valiant\n|move|p1a: Iron Valiant|Drain Punch|p2a: Dialga\n|-supereffective|p2a: Dialga\n|-damage|p2a: Dialga|0 fnt\n|faint|p2a: Dialga\n|\n|-fieldend|move: Grassy Terrain\n|upkeep\n|\n|t:|1698246053\n|switch|p2a: Polteageist|Polteageist-Antique|94\/100\n|turn|8\n|\n|t:|1698246066\n|-end|p1a: Iron Valiant|Quark Drive|[silent]\n|switch|p1a: Walking Wake|Walking Wake|100\/100\n|move|p2a: Polteageist|Shell Smash|p2a: Polteageist\n|-unboost|p2a: Polteageist|def|1\n|-unboost|p2a: Polteageist|spd|1\n|-boost|p2a: Polteageist|atk|2\n|-boost|p2a: Polteageist|spa|2\n|-boost|p2a: Polteageist|spe|2\n|\n|upkeep\n|turn|9\n|\n|t:|1698246079\n|-terastallize|p2a: Polteageist|Ghost\n|move|p1a: Walking Wake|Aqua Jet|p2a: Polteageist\n|-damage|p2a: Polteageist|60\/100\n|-ability|p2a: Polteageist|Weak Armor|boost\n|-unboost|p2a: Polteageist|def|1\n|-boost|p2a: Polteageist|spe|2\n|move|p2a: Polteageist|Shadow Ball|p1a: Walking Wake\n|-enditem|p1a: Walking Wake|Focus Sash\n|-damage|p1a: Walking Wake|1\/100\n|\n|upkeep\n|turn|10\n|\n|t:|1698246092\n|move|p1a: Walking Wake|Aqua Jet|p2a: Polteageist\n|-damage|p2a: Polteageist|18\/100\n|-ability|p2a: Polteageist|Weak Armor|boost\n|-unboost|p2a: Polteageist|def|1\n|-boost|p2a: Polteageist|spe|2\n|move|p2a: Polteageist|Shadow Ball|p1a: Walking Wake\n|-damage|p1a: Walking Wake|0 fnt\n|faint|p1a: Walking Wake\n|-end|p1a: Walking Wake|Protosynthesis|[silent]\n|\n|upkeep\n|\n|t:|1698246101\n|switch|p1a: Iron Valiant|Iron Valiant|100\/100\n|turn|11\n|\n|t:|1698246107\n|-terastallize|p1a: Iron Valiant|Fairy\n|move|p2a: Polteageist|Stored Power|p1a: Iron Valiant\n|-damage|p1a: Iron Valiant|0 fnt\n|faint|p1a: Iron Valiant\n|-end|p1a: Iron Valiant|Quark Drive|[silent]\n|\n|win|you will losse\n|raw|plexssf's rating: 1000 &rarr; <strong>1000<\/strong><br \/>(+0 for losing)\n|raw|you will losse's rating: 1084 &rarr; <strong>1105<\/strong><br \/>(+21 for winning)\n|c|\u2606you will losse|gg\n|l|\u203dplexssf\n","uploadtime":1698246120,"views":6,"p1id":"plexssf","p2id":"youwilllosse","formatid":"gen9anythinggoes","rating":1000,"private":0,"password":""}