{"id":"gen9anythinggoes-1996336305","p1":"Testingnewstratfr","p2":"sendfreegifttome","format":"[Gen 9] Anything Goes","log":"|j|\u2606Testingnewstratfr\n|j|\u2606sendfreegifttome\n|t:|1700672361\n|gametype|singles\n|player|p1|Testingnewstratfr|janitor|\n|player|p2|sendfreegifttome|nate|\n|teamsize|p1|6\n|teamsize|p2|6\n|gen|9\n|tier|[Gen 9] Anything Goes\n|rule|HP Percentage Mod: HP is shown in percentages\n|rule|Endless Battle Clause: Forcing endless battles is banned\n|clearpoke\n|poke|p1|Wo-Chien|\n|poke|p1|Dachsbun, M|\n|poke|p1|Clodsire, F|\n|poke|p1|Mandibuzz, F|\n|poke|p1|Dondozo, F|\n|poke|p1|Blissey, F|\n|poke|p2|Ditto|\n|poke|p2|Ditto|\n|poke|p2|Ditto|\n|poke|p2|Ditto|\n|poke|p2|Calyrex-Shadow|\n|poke|p2|Houndstone, M|\n|teampreview\n|inactive|Battle timer is ON: inactive players will automatically lose when time's up. (requested by Testingnewstratfr)\n|inactive|sendfreegifttome also wants the timer to be on.\n|inactive|sendfreegifttome has 270 seconds left.\n|l|\u2606Testingnewstratfr\n|inactive|Testingnewstratfr disconnected and has 300 seconds to reconnect!\n|player|p1|\n|\n|t:|1700672404\n|start\n|switch|p1a: Clodsire|Clodsire, F|100\/100\n|switch|p2a: Calyrex|Calyrex-Shadow|100\/100\n|-ability|p2a: Calyrex|As One\n|-ability|p2a: Calyrex|Unnerve\n|turn|1\n|j|\u2606Testingnewstratfr\n|inactive|Testingnewstratfr reconnected and has 300 seconds left.\n|player|p1|Testingnewstratfr|janitor\n|\n|t:|1700672424\n|switch|p1a: Mandibuzz|Mandibuzz, F|100\/100\n|move|p2a: Calyrex|Nasty Plot|p2a: Calyrex\n|-boost|p2a: Calyrex|spa|2\n|\n|upkeep\n|turn|2\n|\n|t:|1700672434\n|switch|p2a: Ditto|Ditto|100\/100\n|-transform|p2a: Ditto|p1a: Mandibuzz|[from] ability: Imposter\n|move|p1a: Mandibuzz|Toxic|p2a: Ditto\n|-status|p2a: Ditto|tox\n|\n|-damage|p2a: Ditto|94\/100 tox|[from] psn\n|upkeep\n|turn|3\n|\n|t:|1700672442\n|switch|p1a: Blissey|Blissey, F|100\/100\n|move|p2a: Ditto|Toxic|p1a: Blissey\n|-status|p1a: Blissey|tox\n|\n|-damage|p2a: Ditto|82\/100 tox|[from] psn\n|-damage|p1a: Blissey|94\/100 tox|[from] psn\n|upkeep\n|turn|4\n|\n|t:|1700672449\n|switch|p2a: Ditto|Ditto|100\/100\n|-transform|p2a: Ditto|p1a: Blissey|[from] ability: Imposter\n|move|p1a: Blissey|Stealth Rock|p2a: Ditto\n|-sidestart|p2: sendfreegifttome|move: Stealth Rock\n|\n|-damage|p1a: Blissey|82\/100 tox|[from] psn\n|upkeep\n|turn|5\n|\n|t:|1700672458\n|-curestatus|p1a: Blissey|tox|[from] ability: Natural Cure\n|switch|p1a: Clodsire|Clodsire, F|100\/100\n|move|p2a: Ditto|Stealth Rock|p1a: Clodsire\n|-sidestart|p1: Testingnewstratfr|move: Stealth Rock\n|\n|upkeep\n|turn|6\n|\n|t:|1700672465\n|switch|p2a: Ditto|Ditto|82\/100 tox\n|-damage|p2a: Ditto|70\/100 tox|[from] Stealth Rock\n|-transform|p2a: Ditto|p1a: Clodsire|[from] ability: Imposter\n|move|p1a: Clodsire|Toxic|p2a: Ditto\n|-fail|p2a: Ditto|tox\n|\n|-damage|p2a: Ditto|64\/100 tox|[from] psn\n|upkeep\n|turn|7\n|\n|t:|1700672474\n|switch|p1a: Mandibuzz|Mandibuzz, F|100\/100\n|move|p2a: Ditto|Earthquake|p1a: Mandibuzz\n|-immune|p1a: Mandibuzz\n|\n|-damage|p2a: Ditto|52\/100 tox|[from] psn\n|upkeep\n|turn|8\n|\n|t:|1700672480\n|switch|p2a: Ditto|Ditto|100\/100\n|-damage|p2a: Ditto|88\/100|[from] Stealth Rock\n|-transform|p2a: Ditto|p1a: Mandibuzz|[from] ability: Imposter\n|move|p1a: Mandibuzz|Foul Play|p2a: Ditto\n|-resisted|p2a: Ditto\n|-damage|p2a: Ditto|81\/100\n|\n|upkeep\n|turn|9\n|\n|t:|1700672491\n|switch|p1a: Blissey|Blissey, F|82\/100\n|move|p2a: Ditto|Defog|p1a: Blissey\n|-unboost|p1a: Blissey|evasion|1\n|-sideend|p1: Testingnewstratfr|Stealth Rock|[from] move: Defog|[of] p2a: Ditto\n|-sideend|p2: sendfreegifttome|Stealth Rock|[from] move: Defog|[of] p2a: Ditto\n|\n|upkeep\n|turn|10\n|\n|t:|1700672499\n|switch|p2a: Calyrex|Calyrex-Shadow|100\/100\n|-ability|p2a: Calyrex|As One\n|-ability|p2a: Calyrex|Unnerve\n|move|p1a: Blissey|Stealth Rock|p2a: Calyrex\n|-sidestart|p2: sendfreegifttome|move: Stealth Rock\n|\n|upkeep\n|turn|11\n|\n|t:|1700672509\n|switch|p1a: Wo-Chien|Wo-Chien|100\/100\n|-ability|p1a: Wo-Chien|Tablets of Ruin\n|move|p2a: Calyrex|Dark Pulse|p1a: Wo-Chien\n|-resisted|p1a: Wo-Chien\n|-damage|p1a: Wo-Chien|91\/100\n|\n|-heal|p1a: Wo-Chien|97\/100|[from] item: Leftovers\n|upkeep\n|turn|12\n|\n|t:|1700672518\n|switch|p2a: Ditto|Ditto|52\/100 tox\n|-damage|p2a: Ditto|40\/100 tox|[from] Stealth Rock\n|-transform|p2a: Ditto|p1a: Wo-Chien|[from] ability: Imposter\n|-ability|p2a: Ditto|Tablets of Ruin\n|move|p1a: Wo-Chien|Knock Off|p2a: Ditto\n|-resisted|p2a: Ditto\n|-damage|p2a: Ditto|22\/100 tox\n|-enditem|p2a: Ditto|Choice Scarf|[from] move: Knock Off|[of] p1a: Wo-Chien\n|\n|-heal|p1a: Wo-Chien|100\/100|[from] item: Leftovers\n|-damage|p2a: Ditto|16\/100 tox|[from] psn\n|upkeep\n|turn|13\n|\n|t:|1700672531\n|move|p1a: Wo-Chien|Protect|p1a: Wo-Chien\n|-singleturn|p1a: Wo-Chien|Protect\n|move|p2a: Ditto|Leech Seed|p1a: Wo-Chien\n|-activate|p1a: Wo-Chien|move: Protect\n|\n|-damage|p2a: Ditto|4\/100 tox|[from] psn\n|upkeep\n|turn|14\n|\n|t:|1700672537\n|move|p2a: Ditto|Taunt|p1a: Wo-Chien\n|-start|p1a: Wo-Chien|move: Taunt\n|cant|p1a: Wo-Chien|move: Taunt|Taunt\n|\n|-damage|p2a: Ditto|0 fnt|[from] psn\n|faint|p2a: Ditto\n|upkeep\n|\n|t:|1700672543\n|switch|p2a: Ditto|Ditto|100\/100\n|-damage|p2a: Ditto|88\/100|[from] Stealth Rock\n|-transform|p2a: Ditto|p1a: Wo-Chien|[from] ability: Imposter\n|-ability|p2a: Ditto|Tablets of Ruin\n|turn|15\n|\n|t:|1700672551\n|switch|p1a: Dachsbun|Dachsbun, M|100\/100\n|move|p2a: Ditto|Knock Off|p1a: Dachsbun\n|-resisted|p1a: Dachsbun\n|-damage|p1a: Dachsbun|89\/100\n|-damage|p2a: Ditto|71\/100|[from] item: Rocky Helmet|[of] p1a: Dachsbun\n|-enditem|p1a: Dachsbun|Rocky Helmet|[from] move: Knock Off|[of] p2a: Ditto\n|\n|upkeep\n|turn|16\n|\n|t:|1700672561\n|switch|p2a: Ditto|Ditto|81\/100\n|-damage|p2a: Ditto|68\/100|[from] Stealth Rock\n|-transform|p2a: Ditto|p1a: Dachsbun|[from] ability: Imposter\n|move|p1a: Dachsbun|Body Press|p2a: Ditto\n|-resisted|p2a: Ditto\n|-damage|p2a: Ditto|59\/100\n|\n|upkeep\n|turn|17\n|\n|t:|1700672573\n|switch|p1a: Clodsire|Clodsire, F|100\/100\n|move|p2a: Ditto|Wish|p2a: Ditto\n|\n|upkeep\n|turn|18\n|\n|t:|1700672579\n|move|p2a: Ditto|Wish||[still]\n|-fail|p2a: Ditto\n|move|p1a: Clodsire|Toxic|p2a: Ditto\n|-status|p2a: Ditto|tox\n|\n|-heal|p2a: Ditto|100\/100 tox|[from] move: Wish|[wisher] Ditto\n|-damage|p2a: Ditto|94\/100 tox|[from] psn\n|upkeep\n|turn|19\n|\n|t:|1700672589\n|switch|p2a: Calyrex|Calyrex-Shadow|100\/100\n|-ability|p2a: Calyrex|As One\n|-ability|p2a: Calyrex|Unnerve\n|-damage|p2a: Calyrex|88\/100|[from] Stealth Rock\n|move|p1a: Clodsire|Earthquake|p2a: Calyrex\n|-damage|p2a: Calyrex|58\/100\n|\n|upkeep\n|turn|20\n|\n|t:|1700672598\n|switch|p1a: Wo-Chien|Wo-Chien|100\/100\n|-ability|p1a: Wo-Chien|Tablets of Ruin\n|move|p2a: Calyrex|Psychic|p1a: Wo-Chien\n|-immune|p1a: Wo-Chien\n|\n|upkeep\n|turn|21\n|\n|t:|1700672606\n|switch|p2a: Ditto|Ditto|94\/100 tox\n|-damage|p2a: Ditto|82\/100 tox|[from] Stealth Rock\n|-transform|p2a: Ditto|p1a: Wo-Chien|[from] ability: Imposter\n|-ability|p2a: Ditto|Tablets of Ruin\n|move|p1a: Wo-Chien|Knock Off|p2a: Ditto\n|-resisted|p2a: Ditto\n|-damage|p2a: Ditto|65\/100 tox\n|-enditem|p2a: Ditto|Choice Scarf|[from] move: Knock Off|[of] p1a: Wo-Chien\n|\n|-damage|p2a: Ditto|59\/100 tox|[from] psn\n|upkeep\n|turn|22\n|\n|t:|1700672618\n|move|p1a: Wo-Chien|Protect|p1a: Wo-Chien\n|-singleturn|p1a: Wo-Chien|Protect\n|move|p2a: Ditto|Knock Off|p1a: Wo-Chien\n|-activate|p1a: Wo-Chien|move: Protect\n|\n|-damage|p2a: Ditto|47\/100 tox|[from] psn\n|upkeep\n|turn|23\n|\n|t:|1700672631\n|switch|p1a: Dachsbun|Dachsbun, M|89\/100\n|move|p2a: Ditto|Knock Off|p1a: Dachsbun\n|-resisted|p1a: Dachsbun\n|-damage|p1a: Dachsbun|83\/100\n|\n|-damage|p2a: Ditto|29\/100 tox|[from] psn\n|upkeep\n|turn|24\n|\n|t:|1700672639\n|move|p1a: Dachsbun|Protect|p1a: Dachsbun\n|-singleturn|p1a: Dachsbun|Protect\n|move|p2a: Ditto|Leech Seed|p1a: Dachsbun\n|-activate|p1a: Dachsbun|move: Protect\n|\n|-damage|p2a: Ditto|5\/100 tox|[from] psn\n|upkeep\n|turn|25\n|\n|t:|1700672641\n|move|p1a: Dachsbun|Wish|p1a: Dachsbun\n|move|p2a: Ditto|Leech Seed|p1a: Dachsbun|[miss]\n|-miss|p2a: Ditto|p1a: Dachsbun\n|\n|-damage|p2a: Ditto|0 fnt|[from] psn\n|faint|p2a: Ditto\n|upkeep\n|\n|t:|1700672645\n|switch|p2a: Ditto|Ditto|71\/100\n|-damage|p2a: Ditto|59\/100|[from] Stealth Rock\n|-transform|p2a: Ditto|p1a: Dachsbun|[from] ability: Imposter\n|turn|26\n|\n|t:|1700672655\n|switch|p1a: Clodsire|Clodsire, F|100\/100\n|move|p2a: Ditto|Play Rough|p1a: Clodsire\n|-resisted|p1a: Clodsire\n|-damage|p1a: Clodsire|86\/100\n|-unboost|p1a: Clodsire|atk|1\n|\n|-heal|p1a: Clodsire|100\/100|[from] move: Wish|[wisher] Dachsbun\n|upkeep\n|turn|27\n|\n|t:|1700672664\n|switch|p2a: Calyrex|Calyrex-Shadow|58\/100\n|-ability|p2a: Calyrex|As One\n|-ability|p2a: Calyrex|Unnerve\n|-damage|p2a: Calyrex|46\/100|[from] Stealth Rock\n|move|p1a: Clodsire|Toxic|p2a: Calyrex\n|-status|p2a: Calyrex|tox\n|\n|-damage|p2a: Calyrex|40\/100 tox|[from] psn\n|upkeep\n|turn|28\n|\n|t:|1700672668\n|switch|p1a: Wo-Chien|Wo-Chien|100\/100\n|-ability|p1a: Wo-Chien|Tablets of Ruin\n|move|p2a: Calyrex|Astral Barrage|p1a: Wo-Chien\n|-resisted|p1a: Wo-Chien\n|-damage|p1a: Wo-Chien|81\/100\n|\n|-heal|p1a: Wo-Chien|87\/100|[from] item: Leftovers\n|-damage|p2a: Calyrex|27\/100 tox|[from] psn\n|upkeep\n|turn|29\n|\n|t:|1700672678\n|move|p2a: Calyrex|Dark Pulse|p1a: Wo-Chien\n|-resisted|p1a: Wo-Chien\n|-damage|p1a: Wo-Chien|79\/100\n|move|p1a: Wo-Chien|Leech Seed|p2a: Calyrex\n|-start|p2a: Calyrex|move: Leech Seed\n|\n|-heal|p1a: Wo-Chien|85\/100|[from] item: Leftovers\n|-damage|p2a: Calyrex|15\/100 tox|[from] Leech Seed|[of] p1a: Wo-Chien\n|-heal|p1a: Wo-Chien|96\/100|[silent]\n|-damage|p2a: Calyrex|0 fnt|[from] psn\n|faint|p2a: Calyrex\n|upkeep\n|\n|t:|1700672685\n|switch|p2a: Ditto|Ditto|59\/100\n|-damage|p2a: Ditto|47\/100|[from] Stealth Rock\n|-transform|p2a: Ditto|p1a: Wo-Chien|[from] ability: Imposter\n|-ability|p2a: Ditto|Tablets of Ruin\n|turn|30\n|\n|t:|1700672702\n|switch|p1a: Clodsire|Clodsire, F|100\/100\n|move|p2a: Ditto|Protect||[still]\n|-fail|p2a: Ditto\n|\n|upkeep\n|turn|31\n|\n|t:|1700672714\n|move|p2a: Ditto|Protect|p2a: Ditto\n|-singleturn|p2a: Ditto|Protect\n|move|p1a: Clodsire|Toxic|p2a: Ditto\n|-activate|p2a: Ditto|move: Protect\n|\n|upkeep\n|turn|32\n|\n|t:|1700672720\n|switch|p2a: Ditto|Ditto|100\/100\n|-damage|p2a: Ditto|88\/100|[from] Stealth Rock\n|-transform|p2a: Ditto|p1a: Clodsire|[from] ability: Imposter\n|move|p1a: Clodsire|Toxic|p2a: Ditto\n|-immune|p2a: Ditto\n|\n|upkeep\n|turn|33\n|\n|t:|1700672732\n|switch|p1a: Wo-Chien|Wo-Chien|96\/100\n|-ability|p1a: Wo-Chien|Tablets of Ruin\n|move|p2a: Ditto|Spikes|p1a: Wo-Chien\n|-sidestart|p1: Testingnewstratfr|Spikes\n|\n|-heal|p1a: Wo-Chien|100\/100|[from] item: Leftovers\n|upkeep\n|turn|34\n|\n|t:|1700672739\n|move|p1a: Wo-Chien|Taunt|p2a: Ditto\n|-start|p2a: Ditto|move: Taunt\n|cant|p2a: Ditto|move: Taunt|Spikes\n|\n|upkeep\n|turn|35\n|\n|t:|1700672744\n|move|p1a: Wo-Chien|Taunt||[still]\n|-fail|p1a: Wo-Chien\n|-activate|p2a: Ditto|move: Struggle\n|move|p2a: Ditto|Struggle|p1a: Wo-Chien\n|-damage|p1a: Wo-Chien|94\/100\n|-damage|p2a: Ditto|63\/100|[from] recoil\n|\n|-heal|p1a: Wo-Chien|99\/100|[from] item: Leftovers\n|upkeep\n|turn|36\n|\n|t:|1700672750\n|switch|p2a: Ditto|Ditto|47\/100\n|-damage|p2a: Ditto|34\/100|[from] Stealth Rock\n|-transform|p2a: Ditto|p1a: Wo-Chien|[from] ability: Imposter\n|-ability|p2a: Ditto|Tablets of Ruin\n|move|p1a: Wo-Chien|Taunt|p2a: Ditto\n|-start|p2a: Ditto|move: Taunt\n|\n|-heal|p1a: Wo-Chien|100\/100|[from] item: Leftovers\n|upkeep\n|turn|37\n|\n|t:|1700672760\n|switch|p2a: Ditto|Ditto|63\/100\n|-damage|p2a: Ditto|51\/100|[from] Stealth Rock\n|-transform|p2a: Ditto|p1a: Wo-Chien|[from] ability: Imposter\n|-ability|p2a: Ditto|Tablets of Ruin\n|switch|p1a: Dachsbun|Dachsbun, M|83\/100\n|-damage|p1a: Dachsbun|71\/100|[from] Spikes\n|\n|upkeep\n|turn|38\n|\n|t:|1700672769\n|move|p2a: Ditto|Leech Seed|p1a: Dachsbun\n|-start|p1a: Dachsbun|move: Leech Seed\n|move|p1a: Dachsbun|Wish|p1a: Dachsbun\n|\n|-damage|p1a: Dachsbun|58\/100|[from] Leech Seed|[of] p2a: Ditto\n|-heal|p2a: Ditto|64\/100|[silent]\n|upkeep\n|turn|39\n|\n|t:|1700672776\n|switch|p1a: Mandibuzz|Mandibuzz, F|100\/100\n|move|p2a: Ditto|Leech Seed|p1a: Mandibuzz|[miss]\n|-miss|p2a: Ditto|p1a: Mandibuzz\n|\n|upkeep\n|turn|40\n|\n|t:|1700672781\n|move|p2a: Ditto|Leech Seed|p1a: Mandibuzz\n|-start|p1a: Mandibuzz|move: Leech Seed\n|move|p1a: Mandibuzz|Toxic|p2a: Ditto|[miss]\n|-miss|p1a: Mandibuzz|p2a: Ditto\n|\n|-damage|p1a: Mandibuzz|88\/100|[from] Leech Seed|[of] p2a: Ditto\n|-heal|p2a: Ditto|81\/100|[silent]\n|upkeep\n|turn|41\n|\n|t:|1700672788\n|move|p2a: Ditto|Leech Seed||[still]\n|-fail|p2a: Ditto\n|move|p1a: Mandibuzz|Toxic|p2a: Ditto\n|-status|p2a: Ditto|tox\n|\n|-damage|p1a: Mandibuzz|76\/100|[from] Leech Seed|[of] p2a: Ditto\n|-heal|p2a: Ditto|98\/100 tox|[silent]\n|-damage|p2a: Ditto|92\/100 tox|[from] psn\n|upkeep\n|turn|42\n|\n|t:|1700672794\n|switch|p1a: Dachsbun|Dachsbun, M|58\/100\n|-damage|p1a: Dachsbun|46\/100|[from] Spikes\n|move|p2a: Ditto|Leech Seed|p1a: Dachsbun\n|-start|p1a: Dachsbun|move: Leech Seed\n|\n|-damage|p1a: Dachsbun|34\/100|[from] Leech Seed|[of] p2a: Ditto\n|-heal|p2a: Ditto|100\/100 tox|[silent]\n|-damage|p2a: Ditto|88\/100 tox|[from] psn\n|upkeep\n|turn|43\n|\n|t:|1700672802\n|-activate|p2a: Ditto|move: Struggle\n|move|p2a: Ditto|Struggle|p1a: Dachsbun\n|-damage|p1a: Dachsbun|27\/100\n|-damage|p2a: Ditto|63\/100 tox|[from] recoil\n|move|p1a: Dachsbun|Wish|p1a: Dachsbun\n|\n|-damage|p1a: Dachsbun|15\/100|[from] Leech Seed|[of] p2a: Ditto\n|-heal|p2a: Ditto|76\/100 tox|[silent]\n|-damage|p2a: Ditto|58\/100 tox|[from] psn\n|upkeep\n|turn|44\n|\n|t:|1700672808\n|move|p1a: Dachsbun|Protect|p1a: Dachsbun\n|-singleturn|p1a: Dachsbun|Protect\n|-activate|p2a: Ditto|move: Struggle\n|move|p2a: Ditto|Struggle|p1a: Dachsbun\n|-activate|p1a: Dachsbun|move: Protect\n|\n|-heal|p1a: Dachsbun|65\/100|[from] move: Wish|[wisher] Dachsbun\n|-damage|p1a: Dachsbun|52\/100|[from] Leech Seed|[of] p2a: Ditto\n|-heal|p2a: Ditto|71\/100 tox|[silent]\n|-damage|p2a: Ditto|47\/100 tox|[from] psn\n|upkeep\n|turn|45\n|\n|t:|1700672813\n|switch|p1a: Mandibuzz|Mandibuzz, F|76\/100\n|-activate|p2a: Ditto|move: Struggle\n|move|p2a: Ditto|Struggle|p1a: Mandibuzz\n|-damage|p1a: Mandibuzz|70\/100\n|-damage|p2a: Ditto|22\/100 tox|[from] recoil\n|\n|-damage|p2a: Ditto|0 fnt|[from] psn\n|faint|p2a: Ditto\n|upkeep\n|\n|t:|1700672824\n|switch|p2a: Ditto|Ditto|34\/100\n|-damage|p2a: Ditto|22\/100|[from] Stealth Rock\n|-transform|p2a: Ditto|p1a: Mandibuzz|[from] ability: Imposter\n|turn|46\n|\n|t:|1700672832\n|move|p2a: Ditto|Roost|p2a: Ditto\n|-heal|p2a: Ditto|72\/100\n|-singleturn|p2a: Ditto|move: Roost\n|move|p1a: Mandibuzz|Roost|p1a: Mandibuzz\n|-heal|p1a: Mandibuzz|100\/100\n|-singleturn|p1a: Mandibuzz|move: Roost\n|\n|upkeep\n|turn|47\n|\n|t:|1700672837\n|move|p2a: Ditto|Roost|p2a: Ditto\n|-heal|p2a: Ditto|100\/100\n|-singleturn|p2a: Ditto|move: Roost\n|move|p1a: Mandibuzz|Toxic|p2a: Ditto\n|-status|p2a: Ditto|tox\n|\n|-damage|p2a: Ditto|94\/100 tox|[from] psn\n|upkeep\n|turn|48\n|\n|t:|1700672845\n|move|p2a: Ditto|Roost|p2a: Ditto\n|-heal|p2a: Ditto|100\/100 tox\n|-singleturn|p2a: Ditto|move: Roost\n|move|p1a: Mandibuzz|Toxic|p2a: Ditto\n|-fail|p2a: Ditto|tox\n|\n|-damage|p2a: Ditto|88\/100 tox|[from] psn\n|upkeep\n|turn|49\n|\n|t:|1700672850\n|-terastallize|p1a: Mandibuzz|Dark\n|move|p2a: Ditto|Roost|p2a: Ditto\n|-heal|p2a: Ditto|100\/100 tox\n|-singleturn|p2a: Ditto|move: Roost\n|move|p1a: Mandibuzz|Foul Play|p2a: Ditto\n|-resisted|p2a: Ditto\n|-damage|p2a: Ditto|91\/100 tox\n|\n|-damage|p2a: Ditto|73\/100 tox|[from] psn\n|upkeep\n|turn|50\n|\n|t:|1700672857\n|move|p2a: Ditto|Roost|p2a: Ditto\n|-heal|p2a: Ditto|100\/100 tox\n|-singleturn|p2a: Ditto|move: Roost\n|move|p1a: Mandibuzz|Foul Play|p2a: Ditto\n|-resisted|p2a: Ditto\n|-damage|p2a: Ditto|91\/100 tox\n|\n|-damage|p2a: Ditto|67\/100 tox|[from] psn\n|upkeep\n|turn|51\n|\n|t:|1700672859\n|-activate|p2a: Ditto|move: Struggle\n|move|p2a: Ditto|Struggle|p1a: Mandibuzz\n|-damage|p1a: Mandibuzz|97\/100\n|-damage|p2a: Ditto|42\/100 tox|[from] recoil\n|move|p1a: Mandibuzz|Foul Play|p2a: Ditto\n|-resisted|p2a: Ditto\n|-damage|p2a: Ditto|34\/100 tox\n|\n|-damage|p2a: Ditto|4\/100 tox|[from] psn\n|upkeep\n|turn|52\n|\n|t:|1700672864\n|-activate|p2a: Ditto|move: Struggle\n|move|p2a: Ditto|Struggle|p1a: Mandibuzz\n|-damage|p1a: Mandibuzz|94\/100\n|-damage|p2a: Ditto|0 fnt|[from] recoil\n|faint|p2a: Ditto\n|move|p1a: Mandibuzz|Roost|p1a: Mandibuzz\n|-heal|p1a: Mandibuzz|100\/100\n|\n|upkeep\n|\n|t:|1700672867\n|switch|p2a: Houndstone|Houndstone, M|100\/100\n|-damage|p2a: Houndstone|88\/100|[from] Stealth Rock\n|turn|53\n|\n|t:|1700672870\n|-terastallize|p2a: Houndstone|Ghost\n|move|p2a: Houndstone|Last Respects|p1a: Mandibuzz\n|-resisted|p1a: Mandibuzz\n|-damage|p1a: Mandibuzz|50\/100\n|move|p1a: Mandibuzz|Foul Play|p2a: Houndstone\n|-supereffective|p2a: Houndstone\n|-damage|p2a: Houndstone|0 fnt\n|faint|p2a: Houndstone\n|\n|win|Testingnewstratfr\n|l|\u2606sendfreegifttome\n|l|\u2606Testingnewstratfr\n|j|\u2606Testingnewstratfr\n|player|p1|Testingnewstratfr|janitor\n","uploadtime":1700672887,"views":1,"p1id":"testingnewstratfr","p2id":"sendfreegifttome","formatid":"gen9anythinggoes","rating":0,"private":0,"password":""}