{"id":"gen9anythinggoes-1991778909","p1":"Marleydog","p2":"pokemarcus2","format":"[Gen 9] Anything Goes","log":"|j|\u2606Marleydog\n|j|\u2606pokemarcus2\n|t:|1700115715\n|gametype|singles\n|player|p1|Marleydog|1|1150\n|player|p2|pokemarcus2|ghetsis|1224\n|teamsize|p1|6\n|teamsize|p2|6\n|gen|9\n|tier|[Gen 9] Anything Goes\n|rated|\n|rule|HP Percentage Mod: HP is shown in percentages\n|rule|Endless Battle Clause: Forcing endless battles is banned\n|clearpoke\n|poke|p1|Iron Valiant|\n|poke|p1|Palafin, M|\n|poke|p1|Gholdengo|\n|poke|p1|Espathra, M|\n|poke|p1|Chi-Yu|\n|poke|p1|Glimmora, M|\n|poke|p2|Palafin, F|\n|poke|p2|Gliscor, M|\n|poke|p2|Snorlax, F|\n|poke|p2|Garchomp, M|\n|poke|p2|Flutter Mane|\n|poke|p2|Iron Moth|\n|teampreview\n|inactive|Battle timer is ON: inactive players will automatically lose when time's up. (requested by pokemarcus2)\n|\n|t:|1700115724\n|start\n|switch|p1a: Espathra|Espathra, M, shiny|100\/100\n|switch|p2a: Palafin|Palafin, F|100\/100\n|turn|1\n|\n|t:|1700115732\n|move|p1a: Espathra|Calm Mind|p1a: Espathra\n|-boost|p1a: Espathra|spa|1\n|-boost|p1a: Espathra|spd|1\n|move|p2a: Palafin|Flip Turn|p1a: Espathra\n|-crit|p1a: Espathra\n|-damage|p1a: Espathra|30\/100\n|\n|t:|1700115746\n|detailschange|p2a: Palafin|Palafin-Hero, F\n|switch|p2a: Gliscor|Gliscor, M|100\/100|[from] Flip Turn\n|\n|-ability|p1a: Espathra|Speed Boost|boost\n|-boost|p1a: Espathra|spe|1\n|upkeep\n|turn|2\n|\n|t:|1700115752\n|move|p1a: Espathra|Baton Pass|p1a: Espathra\n|\n|t:|1700115757\n|switch|p1a: Palafin|Palafin, M|100\/100|[from] Baton Pass\n|move|p2a: Gliscor|Acrobatics|p1a: Palafin\n|-damage|p1a: Palafin|37\/100\n|\n|upkeep\n|turn|3\n|\n|t:|1700115764\n|move|p1a: Palafin|Jet Punch|p2a: Gliscor\n|-supereffective|p2a: Gliscor\n|-damage|p2a: Gliscor|63\/100\n|move|p2a: Gliscor|Acrobatics|p1a: Palafin\n|-damage|p1a: Palafin|0 fnt\n|faint|p1a: Palafin\n|\n|upkeep\n|\n|t:|1700115768\n|switch|p1a: Iron Valiant|Iron Valiant|100\/100\n|turn|4\n|\n|t:|1700115772\n|move|p1a: Iron Valiant|Aura Sphere|p2a: Gliscor\n|-resisted|p2a: Gliscor\n|-damage|p2a: Gliscor|24\/100\n|-damage|p1a: Iron Valiant|91\/100|[from] item: Life Orb\n|move|p2a: Gliscor|Acrobatics|p1a: Iron Valiant\n|-supereffective|p1a: Iron Valiant\n|-damage|p1a: Iron Valiant|0 fnt\n|faint|p1a: Iron Valiant\n|-end|p1a: Iron Valiant|Quark Drive|[silent]\n|\n|upkeep\n|\n|t:|1700115777\n|switch|p1a: Glimmora|Glimmora, M|100\/100\n|turn|5\n|\n|t:|1700115780\n|move|p1a: Glimmora|Mortal Spin|p2a: Gliscor\n|-resisted|p2a: Gliscor\n|-damage|p2a: Gliscor|21\/100\n|-status|p2a: Gliscor|psn\n|move|p2a: Gliscor|Earthquake|p1a: Glimmora\n|-supereffective|p1a: Glimmora\n|-enditem|p1a: Glimmora|Focus Sash\n|-damage|p1a: Glimmora|1\/100\n|-activate|p1a: Glimmora|ability: Toxic Debris\n|-sidestart|p2: pokemarcus2|move: Toxic Spikes\n|\n|-damage|p2a: Gliscor|9\/100 psn|[from] psn\n|upkeep\n|turn|6\n|\n|t:|1700115788\n|switch|p1a: Chi-Yu|Chi-Yu|100\/100\n|-ability|p1a: Chi-Yu|Beads of Ruin\n|move|p2a: Gliscor|Earthquake|p1a: Chi-Yu\n|-supereffective|p1a: Chi-Yu\n|-damage|p1a: Chi-Yu|0 fnt\n|faint|p1a: Chi-Yu\n|\n|-damage|p2a: Gliscor|0 fnt|[from] psn\n|faint|p2a: Gliscor\n|upkeep\n|\n|t:|1700115796\n|switch|p1a: Gholdengo|Gholdengo, shiny|100\/100\n|switch|p2a: Palafin|Palafin-Hero, F|100\/100\n|-status|p2a: Palafin|psn\n|-activate|p2a: Palafin|ability: Zero to Hero\n|turn|7\n|\n|t:|1700115802\n|move|p2a: Palafin|Flip Turn|p1a: Gholdengo\n|-damage|p1a: Gholdengo|49\/100\n|\n|t:|1700115811\n|switch|p2a: Flutter Mane|Flutter Mane|100\/100|[from] Flip Turn\n|-status|p2a: Flutter Mane|psn\n|-enditem|p2a: Flutter Mane|Booster Energy\n|-activate|p2a: Flutter Mane|ability: Protosynthesis|[fromitem]\n|-start|p2a: Flutter Mane|protosynthesisspa\n|move|p1a: Gholdengo|Nasty Plot|p1a: Gholdengo\n|-boost|p1a: Gholdengo|spa|2\n|\n|-heal|p1a: Gholdengo|55\/100|[from] item: Leftovers\n|-damage|p2a: Flutter Mane|88\/100 psn|[from] psn\n|upkeep\n|turn|8\n|\n|t:|1700115819\n|move|p2a: Flutter Mane|Shadow Ball|p1a: Gholdengo\n|-supereffective|p1a: Gholdengo\n|-damage|p1a: Gholdengo|0 fnt\n|faint|p1a: Gholdengo\n|\n|-damage|p2a: Flutter Mane|76\/100 psn|[from] psn\n|upkeep\n|\n|t:|1700115823\n|switch|p1a: Espathra|Espathra, M, shiny|30\/100\n|turn|9\n|-message|Marleydog forfeited.\n|\n|win|pokemarcus2\n|raw|Marleydog's rating: 1150 &rarr; <strong>1130<\/strong><br \/>(-20 for losing)\n|raw|pokemarcus2's rating: 1224 &rarr; <strong>1244<\/strong><br \/>(+20 for winning)\n|l|\u2606Marleydog\n","uploadtime":1700115827,"views":5,"p1id":"marleydog","p2id":"pokemarcus2","formatid":"gen9anythinggoes","rating":1130,"private":0,"password":""}