{"id":"gen9anythinggoes-1975270602","p1":"Un0Eg0","p2":"BreadVGnotC","format":"[Gen 9] Anything Goes","log":"|j|\u2606Un0Eg0\n|j|\u2606BreadVGnotC\n|t:|1698175311\n|gametype|singles\n|player|p1|Un0Eg0|ash|1470\n|player|p2|BreadVGnotC|steven|1573\n|teamsize|p1|6\n|teamsize|p2|6\n|gen|9\n|tier|[Gen 9] Anything Goes\n|rated|\n|rule|HP Percentage Mod: HP is shown in percentages\n|rule|Endless Battle Clause: Forcing endless battles is banned\n|clearpoke\n|poke|p1|Lycanroc-Dusk, F|\n|poke|p1|Kingambit, F|\n|poke|p1|Iron Hands|\n|poke|p1|Iron Moth|\n|poke|p1|Greninja-*, M|\n|poke|p1|Eiscue, M|\n|poke|p2|Miraidon|\n|poke|p2|Calyrex-Shadow|\n|poke|p2|Arceus-Water|\n|poke|p2|Koraidon|\n|poke|p2|Chi-Yu|\n|poke|p2|Maushold-Four|\n|teampreview\n|inactive|Battle timer is ON: inactive players will automatically lose when time's up. (requested by Un0Eg0)\n|inactive|BreadVGnotC also wants the timer to be on.\n|\n|t:|1698175322\n|start\n|switch|p1a: Rock Leone|Lycanroc-Dusk, F|100\/100\n|switch|p2a: Miraidon|Miraidon|100\/100\n|-fieldstart|move: Electric Terrain|[from] ability: Hadron Engine|[of] p2a: Miraidon\n|turn|1\n|l|\u2606Un0Eg0\n|inactive|Un0Eg0 disconnected and has a minute to reconnect!\n|player|p1|\n|\n|t:|1698175336\n|move|p2a: Miraidon|Volt Switch|p1a: Rock Leone\n|-enditem|p1a: Rock Leone|Focus Sash\n|-damage|p1a: Rock Leone|1\/100\n|j|\u2606Un0Eg0\n|inactive|Un0Eg0 reconnected.\n|player|p1|Un0Eg0|ash\n|\n|t:|1698175344\n|switch|p2a: Calyrex|Calyrex-Shadow|100\/100|[from] Volt Switch\n|-ability|p2a: Calyrex|As One\n|-ability|p2a: Calyrex|Unnerve\n|move|p1a: Rock Leone|Stealth Rock|p2a: Calyrex\n|-sidestart|p2: BreadVGnotC|move: Stealth Rock\n|\n|upkeep\n|turn|2\n|\n|t:|1698175360\n|move|p1a: Rock Leone|Accelerock|p2a: Calyrex\n|-damage|p2a: Calyrex|69\/100\n|move|p2a: Calyrex|Astral Barrage|p1a: Rock Leone\n|-damage|p1a: Rock Leone|0 fnt\n|faint|p1a: Rock Leone\n|-ability|p2a: Calyrex|Grim Neigh|boost\n|-boost|p2a: Calyrex|spa|1\n|\n|upkeep\n|\n|t:|1698175364\n|switch|p1a: Alien X|Kingambit, F|100\/100\n|-activate|p1a: Alien X|ability: Supreme Overlord\n|-start|p1a: Alien X|fallen1|[silent]\n|turn|3\n|\n|t:|1698175374\n|move|p2a: Calyrex|Baton Pass|p2a: Calyrex\n|\n|t:|1698175376\n|switch|p2a: Chi-Yu|Chi-Yu|100\/100|[from] Baton Pass\n|-damage|p2a: Chi-Yu|76\/100|[from] Stealth Rock\n|-ability|p2a: Chi-Yu|Beads of Ruin\n|move|p1a: Alien X|Kowtow Cleave|p2a: Chi-Yu\n|-resisted|p2a: Chi-Yu\n|-damage|p2a: Chi-Yu|33\/100\n|\n|upkeep\n|turn|4\n|\n|t:|1698175385\n|-end|p1a: Alien X|fallen1|[silent]\n|switch|p1a: Naruto|Greninja, M|100\/100\n|move|p2a: Chi-Yu|Flamethrower|p1a: Naruto\n|-resisted|p1a: Naruto\n|-damage|p1a: Naruto|16\/100\n|\n|upkeep\n|turn|5\n|\n|t:|1698175389\n|move|p1a: Naruto|Water Shuriken|p2a: Chi-Yu\n|-supereffective|p2a: Chi-Yu\n|-damage|p2a: Chi-Yu|10\/100\n|-supereffective|p2a: Chi-Yu\n|-damage|p2a: Chi-Yu|0 fnt\n|faint|p2a: Chi-Yu\n|-ability|p1a: Naruto|Battle Bond|boost\n|-boost|p1a: Naruto|atk|1\n|-boost|p1a: Naruto|spa|1\n|-boost|p1a: Naruto|spe|1\n|-activate|p1a: Naruto|ability: Battle Bond\n|-hitcount|p2: Chi-Yu|2\n|-damage|p1a: Naruto|6\/100|[from] item: Life Orb\n|\n|-fieldend|move: Electric Terrain\n|upkeep\n|\n|t:|1698175394\n|switch|p2a: Arceus|Arceus-Water|100\/100\n|-damage|p2a: Arceus|88\/100|[from] Stealth Rock\n|turn|6\n|\n|t:|1698175399\n|move|p2a: Arceus|Extreme Speed|p1a: Naruto\n|-damage|p1a: Naruto|0 fnt\n|faint|p1a: Naruto\n|\n|upkeep\n|\n|t:|1698175402\n|switch|p1a: Madagascar|Eiscue, M|100\/100\n|turn|7\n|\n|t:|1698175406\n|move|p2a: Arceus|Extreme Speed|p1a: Madagascar\n|-activate|p1a: Madagascar|ability: Ice Face\n|-damage|p1a: Madagascar|100\/100\n|detailschange|p1a: Madagascar|Eiscue-Noice, M\n|move|p1a: Madagascar|Substitute|p1a: Madagascar\n|-start|p1a: Madagascar|Substitute\n|-damage|p1a: Madagascar|75\/100\n|\n|upkeep\n|turn|8\n|\n|t:|1698175411\n|move|p2a: Arceus|Extreme Speed|p1a: Madagascar\n|-end|p1a: Madagascar|Substitute\n|move|p1a: Madagascar|Belly Drum|p1a: Madagascar\n|-damage|p1a: Madagascar|25\/100\n|-setboost|p1a: Madagascar|atk|6|[from] move: Belly Drum\n|-enditem|p1a: Madagascar|Salac Berry|[eat]\n|-boost|p1a: Madagascar|spe|1|[from] item: Salac Berry\n|\n|upkeep\n|turn|9\n|\n|t:|1698175417\n|-terastallize|p1a: Madagascar|Ghost\n|move|p2a: Arceus|Extreme Speed|p1a: Madagascar\n|-immune|p1a: Madagascar\n|move|p1a: Madagascar|Tera Blast|p2a: Arceus|[anim] Tera Blast Ghost\n|-damage|p2a: Arceus|6\/100\n|\n|upkeep\n|turn|10\n|\n|t:|1698175423\n|move|p1a: Madagascar|Ice Spinner|p2a: Arceus\n|-resisted|p2a: Arceus\n|-damage|p2a: Arceus|0 fnt\n|faint|p2a: Arceus\n|\n|upkeep\n|\n|t:|1698175436\n|switch|p2a: Miraidon|Miraidon|100\/100\n|-damage|p2a: Miraidon|88\/100|[from] Stealth Rock\n|-fieldstart|move: Electric Terrain|[from] ability: Hadron Engine|[of] p2a: Miraidon\n|turn|11\n|\n|t:|1698175438\n|move|p2a: Miraidon|Volt Switch|p1a: Madagascar\n|-damage|p1a: Madagascar|0 fnt\n|faint|p1a: Madagascar\n|\n|t:|1698175442\n|switch|p2a: Calyrex|Calyrex-Shadow|69\/100|[from] Volt Switch\n|-ability|p2a: Calyrex|As One\n|-ability|p2a: Calyrex|Unnerve\n|-damage|p2a: Calyrex|57\/100|[from] Stealth Rock\n|\n|upkeep\n|\n|t:|1698175454\n|switch|p1a: Alien X|Kingambit, F|100\/100\n|-activate|p1a: Alien X|ability: Supreme Overlord\n|-start|p1a: Alien X|fallen3|[silent]\n|turn|12\n|\n|t:|1698175459\n|move|p2a: Calyrex|Astral Barrage|p1a: Alien X\n|-resisted|p1a: Alien X\n|-damage|p1a: Alien X|78\/100\n|move|p1a: Alien X|Kowtow Cleave|p2a: Calyrex\n|-supereffective|p2a: Calyrex\n|-damage|p2a: Calyrex|0 fnt\n|faint|p2a: Calyrex\n|\n|upkeep\n|\n|t:|1698175463\n|switch|p2a: Maushold|Maushold-Four|100\/100\n|-damage|p2a: Maushold|88\/100|[from] Stealth Rock\n|turn|13\n|\n|t:|1698175466\n|move|p2a: Maushold|Tidy Up|p2a: Maushold\n|-sideend|p2: BreadVGnotC|Stealth Rock\n|-activate|p2a: Maushold|move: Tidy Up\n|-boost|p2a: Maushold|atk|1\n|-boost|p2a: Maushold|spe|1\n|move|p1a: Alien X|Kowtow Cleave|p2a: Maushold\n|-damage|p2a: Maushold|0 fnt\n|faint|p2a: Maushold\n|\n|upkeep\n|\n|t:|1698175474\n|switch|p2a: Koraidon|Koraidon|100\/100\n|-weather|SunnyDay|[from] ability: Orichalcum Pulse|[of] p2a: Koraidon\n|-activate|p2a: Koraidon|Orichalcum Pulse|[source]\n|turn|14\n|\n|t:|1698175480\n|move|p1a: Alien X|Sucker Punch|p2a: Koraidon\n|-resisted|p2a: Koraidon\n|-damage|p2a: Koraidon|76\/100\n|move|p2a: Koraidon|Collision Course|p1a: Alien X\n|-supereffective|p1a: Alien X\n|-damage|p1a: Alien X|0 fnt\n|faint|p1a: Alien X\n|-end|p1a: Alien X|fallen3|[silent]\n|\n|-weather|SunnyDay|[upkeep]\n|upkeep\n|\n|t:|1698175498\n|switch|p1a: Ultimate Big Chill|Iron Moth|100\/100\n|-activate|p1a: Ultimate Big Chill|ability: Quark Drive\n|-start|p1a: Ultimate Big Chill|quarkdrivespa\n|turn|15\n|\n|t:|1698175518\n|switch|p2a: Miraidon|Miraidon|88\/100\n|-activate|p2a: Miraidon|ability: Hadron Engine\n|move|p1a: Ultimate Big Chill|Fiery Dance|p2a: Miraidon\n|-resisted|p2a: Miraidon\n|-damage|p2a: Miraidon|50\/100\n|-boost|p1a: Ultimate Big Chill|spa|1\n|\n|-weather|SunnyDay|[upkeep]\n|-fieldend|move: Electric Terrain\n|-end|p1a: Ultimate Big Chill|Quark Drive\n|upkeep\n|turn|16\n|\n|t:|1698175525\n|move|p2a: Miraidon|Electro Drift|p1a: Ultimate Big Chill\n|-damage|p1a: Ultimate Big Chill|47\/100\n|move|p1a: Ultimate Big Chill|Fiery Dance|p2a: Miraidon\n|-resisted|p2a: Miraidon\n|-damage|p2a: Miraidon|5\/100\n|\n|-weather|SunnyDay|[upkeep]\n|upkeep\n|turn|17\n|\n|t:|1698175529\n|move|p2a: Miraidon|Electro Drift|p1a: Ultimate Big Chill\n|-damage|p1a: Ultimate Big Chill|0 fnt\n|faint|p1a: Ultimate Big Chill\n|-end|p1a: Ultimate Big Chill|Quark Drive|[silent]\n|\n|-weather|SunnyDay|[upkeep]\n|upkeep\n|\n|t:|1698175532\n|switch|p1a: Hanayama|Iron Hands|100\/100\n|turn|18\n|\n|t:|1698175535\n|switch|p2a: Koraidon|Koraidon|76\/100\n|-activate|p2a: Koraidon|ability: Orichalcum Pulse\n|move|p1a: Hanayama|Drain Punch|p2a: Koraidon\n|-damage|p2a: Koraidon|32\/100\n|\n|-weather|none\n|upkeep\n|turn|19\n|\n|t:|1698175542\n|move|p2a: Koraidon|Flare Blitz|p1a: Hanayama\n|-damage|p1a: Hanayama|72\/100\n|-status|p1a: Hanayama|brn\n|-damage|p2a: Koraidon|19\/100|[from] Recoil\n|move|p1a: Hanayama|Drain Punch|p2a: Koraidon\n|-damage|p2a: Koraidon|0 fnt\n|-heal|p1a: Hanayama|79\/100 brn|[from] drain|[of] p2a: Koraidon\n|faint|p2a: Koraidon\n|\n|-damage|p1a: Hanayama|73\/100 brn|[from] brn\n|upkeep\n|\n|t:|1698175545\n|switch|p2a: Miraidon|Miraidon|5\/100\n|-fieldstart|move: Electric Terrain|[from] ability: Hadron Engine|[of] p2a: Miraidon\n|-activate|p1a: Hanayama|ability: Quark Drive\n|-start|p1a: Hanayama|quarkdriveatk\n|turn|20\n|\n|t:|1698175552\n|move|p2a: Miraidon|Dragon Pulse|p1a: Hanayama\n|-damage|p1a: Hanayama|38\/100 brn\n|move|p1a: Hanayama|Earthquake|p2a: Miraidon\n|-supereffective|p2a: Miraidon\n|-damage|p2a: Miraidon|0 fnt\n|faint|p2a: Miraidon\n|\n|win|Un0Eg0\n|raw|Un0Eg0's rating: 1470 &rarr; <strong>1496<\/strong><br \/>(+26 for winning)\n|raw|BreadVGnotC's rating: 1573 &rarr; <strong>1547<\/strong><br \/>(-26 for losing)\n|l|\u2606BreadVGnotC\n","uploadtime":1698175559,"views":6,"p1id":"un0eg0","p2id":"breadvgnotc","formatid":"gen9anythinggoes","rating":1496,"private":0,"password":""}