{"id":"gen9anythinggoes-1988422816","p1":"AGisgood\u82cd\u54cd\u4fa0","p2":"mid ladder memes","format":"[Gen 9] Anything Goes","log":"|j|\u2606AGisgood\u82cd\u54cd\u4fa0\n|j|\u2606mid ladder memes\n|inactive|Battle timer is ON: inactive players will automatically lose when time's up.\n|t:|1699721295\n|gametype|singles\n|player|p1|AGisgood\u82cd\u54cd\u4fa0|cowgirl|\n|player|p2|mid ladder memes|saguaro|\n|teamsize|p1|6\n|teamsize|p2|6\n|gen|9\n|tier|[Gen 9] Anything Goes\n|rated|Tournament battle\n|rule|HP Percentage Mod: HP is shown in percentages\n|rule|Endless Battle Clause: Forcing endless battles is banned\n|clearpoke\n|poke|p1|Rayquaza|\n|poke|p1|Calyrex-Shadow|\n|poke|p1|Koraidon|\n|poke|p1|Koraidon|\n|poke|p1|Leavanny, F|\n|poke|p1|Arceus-Ground|\n|poke|p2|Calyrex-Shadow|\n|poke|p2|Arceus|\n|poke|p2|Zacian-*|\n|poke|p2|Koraidon|\n|poke|p2|Leavanny, F|\n|poke|p2|Koraidon|\n|teampreview\n|inactive|AGisgood\u82cd\u54cd\u4fa0 also wants the timer to be on.\n|c|\u2606AGisgood\u82cd\u54cd\u4fa0|omg\n|c|\u2606mid ladder memes|levanny mirror\n|c|\u2606AGisgood\u82cd\u54cd\u4fa0|yes\n|c|\u2606mid ladder memes|may the worse player win\n|\n|t:|1699721319\n|start\n|switch|p1a: Calyrex|Calyrex-Shadow|100\/100\n|switch|p2a: Leavanny|Leavanny, F, shiny|100\/100\n|-ability|p1a: Calyrex|As One\n|-ability|p1a: Calyrex|Unnerve\n|turn|1\n|\n|t:|1699721325\n|switch|p2a: Arceus|Arceus|100\/100\n|move|p1a: Calyrex|Astral Barrage|p2a: Arceus\n|-immune|p2a: Arceus\n|\n|upkeep\n|turn|2\n|\n|t:|1699721333\n|switch|p1a: Arceus|Arceus-Ground|100\/100\n|move|p2a: Arceus|Shadow Claw|p1a: Arceus\n|-damage|p1a: Arceus|82\/100\n|\n|upkeep\n|turn|3\n|\n|t:|1699721344\n|move|p2a: Arceus|Extreme Speed|p1a: Arceus\n|-damage|p1a: Arceus|47\/100\n|move|p1a: Arceus|Taunt|p2a: Arceus\n|-start|p2a: Arceus|move: Taunt\n|\n|upkeep\n|turn|4\n|\n|t:|1699721349\n|move|p2a: Arceus|Extreme Speed|p1a: Arceus\n|-damage|p1a: Arceus|11\/100\n|move|p1a: Arceus|Stealth Rock|p2a: Arceus\n|-sidestart|p2: mid ladder memes|move: Stealth Rock\n|\n|upkeep\n|turn|5\n|\n|t:|1699721353\n|move|p2a: Arceus|Extreme Speed|p1a: Arceus\n|-damage|p1a: Arceus|0 fnt\n|faint|p1a: Arceus\n|\n|upkeep\n|\n|t:|1699721355\n|switch|p1a: Leavanny|Leavanny, F|100\/100\n|turn|6\n|\n|t:|1699721374\n|switch|p2a: Leavanny|Leavanny, F, shiny|100\/100\n|-damage|p2a: Leavanny|76\/100|[from] Stealth Rock\n|move|p1a: Leavanny|Sticky Web|p2a: Leavanny\n|-sidestart|p2: mid ladder memes|move: Sticky Web\n|\n|upkeep\n|turn|7\n|\n|t:|1699721380\n|move|p1a: Leavanny|Knock Off|p2a: Leavanny\n|-damage|p2a: Leavanny|33\/100\n|-enditem|p2a: Leavanny|Focus Sash|[from] move: Knock Off|[of] p1a: Leavanny\n|move|p2a: Leavanny|Sticky Web|p1a: Leavanny\n|-sidestart|p1: AGisgood\u82cd\u54cd\u4fa0|move: Sticky Web\n|\n|upkeep\n|turn|8\n|\n|t:|1699721384\n|move|p1a: Leavanny|Lunge|p2a: Leavanny\n|-supereffective|p2a: Leavanny\n|-damage|p2a: Leavanny|0 fnt\n|faint|p2a: Leavanny\n|\n|upkeep\n|c|\u2606AGisgood\u82cd\u54cd\u4fa0|I forgot it\n|c|\u2606AGisgood\u82cd\u54cd\u4fa0|lmao\n|c|\u2606mid ladder memes|potentiall throw\n|c|\u2606mid ladder memes|potential*\n|c|\u2606mid ladder memes|idk how to spell\n|\n|t:|1699721414\n|switch|p2a: Arceus|Arceus|100\/100\n|-damage|p2a: Arceus|88\/100|[from] Stealth Rock\n|-activate|p2a: Arceus|move: Sticky Web\n|-unboost|p2a: Arceus|spe|1\n|turn|9\n|\n|t:|1699721420\n|move|p1a: Leavanny|Low Kick|p2a: Arceus\n|-supereffective|p2a: Arceus\n|-damage|p2a: Arceus|40\/100\n|move|p2a: Arceus|Swords Dance|p2a: Arceus\n|-boost|p2a: Arceus|atk|2\n|\n|-heal|p2a: Arceus|46\/100|[from] item: Leftovers\n|upkeep\n|turn|10\n|\n|t:|1699721423\n|move|p2a: Arceus|Extreme Speed|p1a: Leavanny\n|-enditem|p1a: Leavanny|Focus Sash\n|-damage|p1a: Leavanny|1\/100\n|move|p1a: Leavanny|Low Kick|p2a: Arceus\n|-supereffective|p2a: Arceus\n|-damage|p2a: Arceus|0 fnt\n|faint|p2a: Arceus\n|\n|upkeep\n|\n|t:|1699721437\n|switch|p2a: Calyrex|Calyrex-Shadow|100\/100\n|-ability|p2a: Calyrex|As One\n|-ability|p2a: Calyrex|Unnerve\n|turn|11\n|\n|t:|1699721441\n|move|p2a: Calyrex|Giga Drain|p1a: Leavanny\n|-resisted|p1a: Leavanny\n|-damage|p1a: Leavanny|0 fnt\n|faint|p1a: Leavanny\n|-ability|p2a: Calyrex|Grim Neigh|boost\n|-boost|p2a: Calyrex|spa|1\n|\n|upkeep\n|\n|t:|1699721444\n|switch|p1a: Calyrex|Calyrex-Shadow|100\/100\n|-ability|p1a: Calyrex|As One\n|-ability|p1a: Calyrex|Unnerve\n|-activate|p1a: Calyrex|move: Sticky Web\n|-unboost|p1a: Calyrex|spe|1\n|turn|12\n|\n|t:|1699721450\n|-terastallize|p2a: Calyrex|Grass\n|move|p1a: Calyrex|Astral Barrage|p2a: Calyrex\n|-damage|p2a: Calyrex|21\/100\n|move|p2a: Calyrex|Giga Drain|p1a: Calyrex\n|-damage|p1a: Calyrex|39\/100\n|-heal|p2a: Calyrex|51\/100|[from] drain|[of] p1a: Calyrex\n|\n|upkeep\n|turn|13\n|\n|t:|1699721469\n|move|p1a: Calyrex|Astral Barrage|p2a: Calyrex\n|-damage|p2a: Calyrex|0 fnt\n|faint|p2a: Calyrex\n|-ability|p1a: Calyrex|Grim Neigh|boost\n|-boost|p1a: Calyrex|spa|1\n|\n|upkeep\n|\n|t:|1699721473\n|switch|p2a: Koraidon|Koraidon|100\/100\n|-damage|p2a: Koraidon|94\/100|[from] Stealth Rock\n|-activate|p2a: Koraidon|move: Sticky Web\n|-unboost|p2a: Koraidon|spe|1\n|-weather|SunnyDay|[from] ability: Orichalcum Pulse|[of] p2a: Koraidon\n|-activate|p2a: Koraidon|Orichalcum Pulse|[source]\n|turn|14\n|c|\u2606mid ladder memes|gambling failed\n|\n|t:|1699721481\n|move|p1a: Calyrex|Astral Barrage|p2a: Koraidon\n|-damage|p2a: Koraidon|4\/100\n|move|p2a: Koraidon|Outrage|p1a: Calyrex\n|-crit|p1a: Calyrex\n|-damage|p1a: Calyrex|0 fnt\n|faint|p1a: Calyrex\n|\n|-weather|SunnyDay|[upkeep]\n|upkeep\n|c|\u2606AGisgood\u82cd\u54cd\u4fa0|maybe it will done\n|\n|t:|1699721490\n|switch|p1a: Rayquaza|Rayquaza, shiny|100\/100\n|-ability|p1a: Rayquaza|Air Lock\n|turn|15\n|\n|t:|1699721493\n|move|p1a: Rayquaza|Extreme Speed|p2a: Koraidon\n|-damage|p2a: Koraidon|0 fnt\n|faint|p2a: Koraidon\n|\n|-weather|SunnyDay|[upkeep]\n|upkeep\n|\n|t:|1699721499\n|switch|p2a: Koraidon|Koraidon|100\/100\n|-damage|p2a: Koraidon|94\/100|[from] Stealth Rock\n|-activate|p2a: Koraidon|move: Sticky Web\n|-unboost|p2a: Koraidon|spe|1\n|turn|16\n|\n|t:|1699721507\n|-terastallize|p1a: Rayquaza|Flying\n|move|p1a: Rayquaza|Extreme Speed|p2a: Koraidon\n|-damage|p2a: Koraidon|47\/100\n|move|p2a: Koraidon|Scale Shot|p1a: Rayquaza\n|-damage|p1a: Rayquaza|85\/100\n|-damage|p1a: Rayquaza|69\/100\n|-damage|p1a: Rayquaza|54\/100\n|-damage|p1a: Rayquaza|40\/100\n|-damage|p1a: Rayquaza|25\/100\n|-hitcount|p1a: Rayquaza|5\n|-unboost|p2a: Koraidon|def|1\n|-boost|p2a: Koraidon|spe|1\n|\n|-weather|SunnyDay|[upkeep]\n|upkeep\n|turn|17\n|\n|t:|1699721516\n|move|p1a: Rayquaza|Extreme Speed|p2a: Koraidon\n|-damage|p2a: Koraidon|0 fnt\n|faint|p2a: Koraidon\n|\n|-weather|SunnyDay|[upkeep]\n|upkeep\n|\n|t:|1699721518\n|switch|p2a: Zacian|Zacian-Crowned|100\/100\n|-damage|p2a: Zacian|95\/100|[from] Stealth Rock\n|-activate|p2a: Zacian|move: Sticky Web\n|-unboost|p2a: Zacian|spe|1\n|-ability|p2a: Zacian|Intrepid Sword|boost\n|-boost|p2a: Zacian|atk|1\n|turn|18\n|\n|t:|1699721529\n|move|p1a: Rayquaza|Extreme Speed|p2a: Zacian\n|-resisted|p2a: Zacian\n|-damage|p2a: Zacian|73\/100\n|move|p2a: Zacian|Substitute|p2a: Zacian\n|-start|p2a: Zacian|Substitute\n|-damage|p2a: Zacian|48\/100\n|\n|-weather|none\n|upkeep\n|turn|19\n|\n|t:|1699721537\n|move|p1a: Rayquaza|Extreme Speed|p2a: Zacian\n|-resisted|p2a: Zacian\n|-activate|p2a: Zacian|move: Substitute|[damage]\n|move|p2a: Zacian|Behemoth Blade|p1a: Rayquaza\n|-damage|p1a: Rayquaza|0 fnt\n|faint|p1a: Rayquaza\n|\n|upkeep\n|\n|t:|1699721543\n|switch|p1a: Koraidon|Koraidon|100\/100\n|-activate|p1a: Koraidon|move: Sticky Web\n|-unboost|p1a: Koraidon|spe|1\n|-weather|SunnyDay|[from] ability: Orichalcum Pulse|[of] p1a: Koraidon\n|-activate|p1a: Koraidon|Orichalcum Pulse|[source]\n|turn|20\n|c|\u2606mid ladder memes|plan 2: skill\n|\n|t:|1699721545\n|move|p2a: Zacian|Play Rough|p1a: Koraidon\n|-supereffective|p1a: Koraidon\n|-damage|p1a: Koraidon|0 fnt\n|faint|p1a: Koraidon\n|\n|-weather|SunnyDay|[upkeep]\n|upkeep\n|\n|t:|1699721549\n|switch|p1a: Koraidon|Koraidon|100\/100\n|-activate|p1a: Koraidon|move: Sticky Web\n|-unboost|p1a: Koraidon|spe|1\n|-activate|p1a: Koraidon|ability: Orichalcum Pulse\n|turn|21\n|\n|t:|1699721551\n|move|p1a: Koraidon|Flare Blitz|p2a: Zacian\n|-supereffective|p2a: Zacian\n|-end|p2a: Zacian|Substitute\n|-damage|p1a: Koraidon|99\/100|[from] Recoil|[of] p2a: Zacian\n|move|p2a: Zacian|Play Rough|p1a: Koraidon\n|-supereffective|p1a: Koraidon\n|-damage|p1a: Koraidon|0 fnt\n|faint|p1a: Koraidon\n|\n|win|mid ladder memes\n|n|\u2606AGisgood\u82cd\u54cd\u4fa0|agisgood\n|n|\u2606mid ladder memes|midladdermemes\n|c|\u2606AGisgood\u82cd\u54cd\u4fa0|gg\n|c|\u2606AGisgood\u82cd\u54cd\u4fa0|wp\n|c|\u2606mid ladder memes|well the worse player won\n|c|\u2606mid ladder memes|gg\n|l|\u2606AGisgood\u82cd\u54cd\u4fa0\n|l|\u2606mid ladder memes\n","uploadtime":1699721646,"views":19,"p1id":"agisgood","p2id":"midladdermemes","formatid":"gen9anythinggoes","rating":0,"private":0,"password":""}