{"id":"gen9anythinggoes-1999051893","p1":"gabrinfinito","p2":"Guest 4633522","format":"[Gen 9] Anything Goes","log":"|j|\u2606gabrinfinito\n|j|\u203dGuest 4633522\n|t:|1701027984\n|gametype|singles\n|player|p1|gabrinfinito|lucas|1109\n|player|p2|Guest 4633522|265|1081\n|teamsize|p1|6\n|teamsize|p2|6\n|gen|9\n|tier|[Gen 9] Anything Goes\n|rated|\n|rule|HP Percentage Mod: HP is shown in percentages\n|rule|Endless Battle Clause: Forcing endless battles is banned\n|clearpoke\n|poke|p1|Charizard, F|\n|poke|p1|Toxicroak, M|\n|poke|p1|Decidueye, M|\n|poke|p1|Slowking, F|\n|poke|p1|Krookodile, F|\n|poke|p1|Raichu, M|\n|poke|p2|Annihilape, M|\n|poke|p2|Annihilape, F|\n|poke|p2|Kingambit, M|\n|poke|p2|Annihilape, F|\n|poke|p2|Annihilape, F|\n|poke|p2|Calyrex-Shadow|\n|teampreview\n|inactive|Battle timer is ON: inactive players will automatically lose when time's up. (requested by Guest 4633522)\n|\n|t:|1701027994\n|start\n|switch|p1a: Charizard|Charizard, F, shiny|100\/100\n|switch|p2a: Annihilape|Annihilape, F|100\/100\n|turn|1\n|\n|t:|1701028000\n|move|p2a: Annihilape|Stealth Rock|p1a: Charizard\n|-sidestart|p1: gabrinfinito|move: Stealth Rock\n|move|p1a: Charizard|Will-O-Wisp|p2a: Annihilape\n|-status|p2a: Annihilape|brn\n|\n|-damage|p2a: Annihilape|94\/100 brn|[from] brn\n|upkeep\n|turn|2\n|\n|t:|1701028009\n|move|p2a: Annihilape|Final Gambit|p1a: Charizard\n|-damage|p1a: Charizard|0 fnt\n|faint|p2a: Annihilape\n|faint|p1a: Charizard\n|\n|upkeep\n|\n|t:|1701028025\n|switch|p2a: Annihilape|Annihilape, M|100\/100\n|switch|p1a: Raichu|Raichu, M|100\/100\n|-damage|p1a: Raichu|88\/100|[from] Stealth Rock\n|turn|3\n|\n|t:|1701028032\n|move|p2a: Annihilape|Final Gambit|p1a: Raichu\n|-damage|p1a: Raichu|0 fnt\n|faint|p2a: Annihilape\n|faint|p1a: Raichu\n|\n|upkeep\n|\n|t:|1701028046\n|switch|p2a: Annihilape|Annihilape, F|100\/100\n|switch|p1a: Slowking|Slowking, F|100\/100\n|-damage|p1a: Slowking|88\/100|[from] Stealth Rock\n|turn|4\n|\n|t:|1701028055\n|move|p2a: Annihilape|Final Gambit|p1a: Slowking\n|-damage|p1a: Slowking|0 fnt\n|faint|p2a: Annihilape\n|faint|p1a: Slowking\n|\n|upkeep\n|\n|t:|1701028062\n|switch|p2a: Annihilape|Annihilape, F|100\/100\n|switch|p1a: Decidueye|Decidueye, M|100\/100\n|-damage|p1a: Decidueye|88\/100|[from] Stealth Rock\n|turn|5\n|\n|t:|1701028070\n|move|p2a: Annihilape|Rage Fist|p1a: Decidueye\n|-supereffective|p1a: Decidueye\n|-damage|p1a: Decidueye|37\/100\n|move|p1a: Decidueye|Leaf Blade|p2a: Annihilape\n|-crit|p2a: Annihilape\n|-damage|p2a: Annihilape|38\/100\n|\n|upkeep\n|turn|6\n|\n|t:|1701028095\n|-terastallize|p1a: Decidueye|Grass\n|move|p2a: Annihilape|Rage Fist|p1a: Decidueye\n|-damage|p1a: Decidueye|0 fnt\n|faint|p1a: Decidueye\n|\n|upkeep\n|inactive|gabrinfinito has 120 seconds left.\n|\n|t:|1701028111\n|switch|p1a: Toxicroak|Toxicroak, M|100\/100\n|-damage|p1a: Toxicroak|94\/100|[from] Stealth Rock\n|turn|7\n|\n|t:|1701028120\n|move|p1a: Toxicroak|Sucker Punch|p2a: Annihilape\n|-damage|p2a: Annihilape|16\/100\n|move|p2a: Annihilape|Rage Fist|p1a: Toxicroak\n|-damage|p1a: Toxicroak|24\/100\n|\n|-heal|p1a: Toxicroak|30\/100|[from] item: Black Sludge\n|upkeep\n|turn|8\n|\n|t:|1701028134\n|move|p1a: Toxicroak|Sucker Punch|p2a: Annihilape\n|-damage|p2a: Annihilape|0 fnt\n|faint|p2a: Annihilape\n|\n|-heal|p1a: Toxicroak|37\/100|[from] item: Black Sludge\n|upkeep\n|\n|t:|1701028149\n|switch|p2a: Calyrex|Calyrex-Shadow|100\/100\n|-ability|p2a: Calyrex|As One\n|-ability|p2a: Calyrex|Unnerve\n|turn|9\n|\n|t:|1701028157\n|-terastallize|p2a: Calyrex|Fighting\n|move|p1a: Toxicroak|Sucker Punch|p2a: Calyrex\n|-resisted|p2a: Calyrex\n|-damage|p2a: Calyrex|88\/100\n|move|p2a: Calyrex|Astral Barrage|p1a: Toxicroak\n|-damage|p1a: Toxicroak|0 fnt\n|faint|p1a: Toxicroak\n|-ability|p2a: Calyrex|Grim Neigh|boost\n|-boost|p2a: Calyrex|spa|1\n|\n|upkeep\n|-message|gabrinfinito forfeited.\n|\n|win|Guest 4633522\n|raw|gabrinfinito's rating: 1109 &rarr; <strong>1086<\/strong><br \/>(-23 for losing)\n|raw|Guest 4633522's rating: 1140 &rarr; <strong>1163<\/strong><br \/>(+23 for winning)\n|l|\u2606gabrinfinito\n","uploadtime":1701028177,"views":0,"p1id":"gabrinfinito","p2id":"guest4633522","formatid":"gen9anythinggoes","rating":1086,"private":0,"password":""}