{"id":"gen9anythinggoes-1999071144","p1":"Odj1022","p2":"Guest 4633522","format":"[Gen 9] Anything Goes","log":"|j|\u2606Odj1022\n|j|\u203dGuest 4633522\n|t:|1701030065\n|gametype|singles\n|player|p1|Odj1022|alder|1451\n|player|p2|Guest 4633522|265|1333\n|teamsize|p1|6\n|teamsize|p2|6\n|gen|9\n|tier|[Gen 9] Anything Goes\n|rated|\n|rule|HP Percentage Mod: HP is shown in percentages\n|rule|Endless Battle Clause: Forcing endless battles is banned\n|clearpoke\n|poke|p1|Rayquaza|\n|poke|p1|Cinderace, M|\n|poke|p1|Zacian-*|\n|poke|p1|Calyrex-Shadow|\n|poke|p1|Arceus-Dark|\n|poke|p1|Ursaluna-Bloodmoon, M|\n|poke|p2|Annihilape, M|\n|poke|p2|Annihilape, F|\n|poke|p2|Kingambit, M|\n|poke|p2|Annihilape, M|\n|poke|p2|Annihilape, M|\n|poke|p2|Calyrex-Shadow|\n|teampreview\n|inactive|Battle timer is ON: inactive players will automatically lose when time's up. (requested by Guest 4633522)\n|\n|t:|1701030090\n|start\n|switch|p1a: Calyrex|Calyrex-Shadow|100\/100\n|switch|p2a: Annihilape|Annihilape, M|100\/100\n|-ability|p1a: Calyrex|As One\n|-ability|p1a: Calyrex|Unnerve\n|turn|1\n|\n|t:|1701030093\n|-terastallize|p1a: Calyrex|Normal\n|move|p1a: Calyrex|Astral Barrage|p2a: Annihilape\n|-supereffective|p2a: Annihilape\n|-crit|p2a: Annihilape\n|-enditem|p2a: Annihilape|Focus Sash\n|-damage|p2a: Annihilape|1\/100\n|move|p2a: Annihilape|Rage Fist|p1a: Calyrex\n|-immune|p1a: Calyrex\n|\n|upkeep\n|turn|2\n|\n|t:|1701030100\n|move|p1a: Calyrex|Astral Barrage|p2a: Annihilape\n|-supereffective|p2a: Annihilape\n|-damage|p2a: Annihilape|0 fnt\n|faint|p2a: Annihilape\n|-ability|p1a: Calyrex|Grim Neigh|boost\n|-boost|p1a: Calyrex|spa|1\n|\n|upkeep\n|\n|t:|1701030108\n|switch|p2a: Annihilape|Annihilape, M|100\/100\n|turn|3\n|\n|t:|1701030112\n|move|p2a: Annihilape|Final Gambit|p1a: Calyrex\n|-damage|p1a: Calyrex|0 fnt\n|faint|p2a: Annihilape\n|faint|p1a: Calyrex\n|\n|upkeep\n|\n|t:|1701030126\n|switch|p1a: Cinderace|Cinderace, M|100\/100\n|switch|p2a: Annihilape|Annihilape, M|100\/100\n|turn|4\n|\n|t:|1701030137\n|move|p1a: Cinderace|Sucker Punch|p2a: Annihilape\n|-start|p1a: Cinderace|typechange|Dark|[from] ability: Libero\n|-damage|p2a: Annihilape|65\/100\n|move|p2a: Annihilape|Final Gambit|p1a: Cinderace\n|-damage|p1a: Cinderace|10\/100\n|faint|p2a: Annihilape\n|\n|upkeep\n|\n|t:|1701030147\n|switch|p2a: Annihilape|Annihilape, F|100\/100\n|turn|5\n|\n|t:|1701030152\n|move|p1a: Cinderace|Sucker Punch|p2a: Annihilape\n|-damage|p2a: Annihilape|66\/100\n|move|p2a: Annihilape|Rage Fist|p1a: Cinderace\n|-resisted|p1a: Cinderace\n|-damage|p1a: Cinderace|0 fnt\n|faint|p1a: Cinderace\n|\n|upkeep\n|\n|t:|1701030159\n|switch|p1a: Rayquaza|Rayquaza|100\/100\n|-ability|p1a: Rayquaza|Air Lock\n|turn|6\n|\n|t:|1701030165\n|move|p2a: Annihilape|Rage Fist|p1a: Rayquaza\n|-damage|p1a: Rayquaza|63\/100\n|move|p1a: Rayquaza|Dragon Dance|p1a: Rayquaza\n|-boost|p1a: Rayquaza|atk|1\n|-boost|p1a: Rayquaza|spe|1\n|\n|upkeep\n|turn|7\n|\n|t:|1701030168\n|move|p1a: Rayquaza|Dragon Dance|p1a: Rayquaza\n|-boost|p1a: Rayquaza|atk|1\n|-boost|p1a: Rayquaza|spe|1\n|move|p2a: Annihilape|Rage Fist|p1a: Rayquaza\n|-damage|p1a: Rayquaza|24\/100\n|\n|upkeep\n|turn|8\n|\n|t:|1701030171\n|move|p1a: Rayquaza|Dragon Ascent|p2a: Annihilape\n|-supereffective|p2a: Annihilape\n|-damage|p2a: Annihilape|0 fnt\n|-unboost|p1a: Rayquaza|def|1\n|-unboost|p1a: Rayquaza|spd|1\n|faint|p2a: Annihilape\n|-damage|p1a: Rayquaza|14\/100|[from] item: Life Orb\n|\n|upkeep\n|\n|t:|1701030174\n|switch|p2a: Kingambit|Kingambit, M|100\/100\n|-activate|p2a: Kingambit|ability: Supreme Overlord\n|-start|p2a: Kingambit|fallen4|[silent]\n|turn|9\n|\n|t:|1701030177\n|move|p2a: Kingambit|Sucker Punch|p1a: Rayquaza\n|-damage|p1a: Rayquaza|0 fnt\n|faint|p1a: Rayquaza\n|\n|upkeep\n|\n|t:|1701030187\n|switch|p1a: Ursaluna|Ursaluna-Bloodmoon, M|100\/100\n|turn|10\n|\n|t:|1701030203\n|move|p1a: Ursaluna|Earth Power|p2a: Kingambit\n|-supereffective|p2a: Kingambit\n|-damage|p2a: Kingambit|0 fnt\n|faint|p2a: Kingambit\n|-end|p2a: Kingambit|fallen4|[silent]\n|\n|upkeep\n|\n|t:|1701030206\n|switch|p2a: Calyrex|Calyrex-Shadow|100\/100\n|-ability|p2a: Calyrex|As One\n|-ability|p2a: Calyrex|Unnerve\n|turn|11\n|\n|t:|1701030210\n|move|p2a: Calyrex|Nasty Plot|p2a: Calyrex\n|-boost|p2a: Calyrex|spa|2\n|move|p1a: Ursaluna|Blood Moon|p2a: Calyrex\n|-damage|p2a: Calyrex|18\/100\n|\n|upkeep\n|turn|12\n|\n|t:|1701030214\n|-terastallize|p2a: Calyrex|Fighting\n|move|p2a: Calyrex|Tera Blast|p1a: Ursaluna|[anim] Tera Blast Fighting\n|-supereffective|p1a: Ursaluna\n|-damage|p1a: Ursaluna|0 fnt\n|faint|p1a: Ursaluna\n|-ability|p2a: Calyrex|Grim Neigh|boost\n|-boost|p2a: Calyrex|spa|1\n|\n|upkeep\n|\n|t:|1701030220\n|switch|p1a: Arceus|Arceus-Dark|100\/100\n|turn|13\n|\n|t:|1701030247\n|move|p2a: Calyrex|Tera Blast|p1a: Arceus|[anim] Tera Blast Fighting\n|-supereffective|p1a: Arceus\n|-damage|p1a: Arceus|0 fnt\n|faint|p1a: Arceus\n|-ability|p2a: Calyrex|Grim Neigh|boost\n|-boost|p2a: Calyrex|spa|1\n|\n|upkeep\n|\n|t:|1701030250\n|switch|p1a: Zacian|Zacian-Crowned|100\/100\n|-ability|p1a: Zacian|Intrepid Sword|boost\n|-boost|p1a: Zacian|atk|1\n|turn|14\n|\n|t:|1701030254\n|move|p2a: Calyrex|Astral Barrage|p1a: Zacian\n|-damage|p1a: Zacian|0 fnt\n|faint|p1a: Zacian\n|\n|win|Guest 4633522\n|raw|Odj1022's rating: 1451 &rarr; <strong>1424<\/strong><br \/>(-27 for losing)\n|raw|Guest 4633522's rating: 1333 &rarr; <strong>1360<\/strong><br \/>(+27 for winning)\n|l|\u2606Odj1022\n","uploadtime":1701030411,"views":0,"p1id":"odj1022","p2id":"guest4633522","formatid":"gen9anythinggoes","rating":1360,"private":0,"password":""}