{"id":"gen9anythinggoes-2000095225","p1":"Rowan_Rocket","p2":"Cakecool","format":"[Gen 9] Anything Goes","log":"|j|\u2606Rowan_Rocket\n|j|\u2606Cakecool\n|t:|1701153842\n|gametype|singles\n|player|p1|Rowan_Rocket|rocketgruntf|1118\n|player|p2|Cakecool|1|1023\n|teamsize|p1|6\n|teamsize|p2|6\n|gen|9\n|tier|[Gen 9] Anything Goes\n|rated|\n|rule|HP Percentage Mod: HP is shown in percentages\n|rule|Endless Battle Clause: Forcing endless battles is banned\n|clearpoke\n|poke|p1|Weezing-Galar, F|\n|poke|p1|Arbok, M|\n|poke|p1|Persian, M|\n|poke|p1|Persian-Alola, F|\n|poke|p1|Ariados, M|\n|poke|p1|Drifblim, F|\n|poke|p2|Ditto|\n|poke|p2|Ditto|\n|poke|p2|Ditto|\n|poke|p2|Infernape, F|\n|poke|p2|Infernape, M|\n|poke|p2|Infernape, F|\n|teampreview\n|inactive|Battle timer is ON: inactive players will automatically lose when time's up. (requested by Cakecool)\n|inactive|Rowan_Rocket has 120 seconds left.\n|\n|t:|1701153927\n|start\n|switch|p1a: Weezing|Weezing-Galar, F|100\/100\n|switch|p2a: Ditto|Ditto, shiny|100\/100\n|-transform|p2a: Ditto|p1a: Weezing|[from] ability: Imposter\n|turn|1\n|\n|t:|1701153937\n|move|p1a: Weezing|Toxic Spikes|p2a: Ditto\n|-sidestart|p2: Cakecool|move: Toxic Spikes\n|move|p2a: Ditto|Strange Steam|p1a: Weezing\n|-resisted|p1a: Weezing\n|-crit|p1a: Weezing\n|-damage|p1a: Weezing|81\/100\n|\n|upkeep\n|turn|2\n|\n|t:|1701153945\n|move|p1a: Weezing|Toxic Spikes|p2a: Ditto\n|-sidestart|p2: Cakecool|move: Toxic Spikes\n|move|p2a: Ditto|Strange Steam|p1a: Weezing\n|-resisted|p1a: Weezing\n|-damage|p1a: Weezing|69\/100\n|\n|upkeep\n|turn|3\n|\n|t:|1701153961\n|switch|p1a: Ariados|Ariados, M|100\/100\n|move|p2a: Ditto|Strange Steam|p1a: Ariados\n|-resisted|p1a: Ariados\n|-damage|p1a: Ariados|84\/100\n|\n|upkeep\n|turn|4\n|\n|t:|1701153975\n|switch|p2a: Ditto|Ditto, shiny|100\/100\n|-status|p2a: Ditto|tox\n|-transform|p2a: Ditto|p1a: Ariados|[from] ability: Imposter\n|move|p1a: Ariados|Sticky Web|p2a: Ditto\n|-sidestart|p2: Cakecool|move: Sticky Web\n|\n|-damage|p2a: Ditto|95\/100 tox|[from] psn\n|upkeep\n|turn|5\n|\n|t:|1701153987\n|switch|p1a: Weezing|Weezing-Galar, F|69\/100\n|move|p2a: Ditto|Knock Off|p1a: Weezing\n|-resisted|p1a: Weezing\n|-damage|p1a: Weezing|60\/100\n|-damage|p2a: Ditto|78\/100 tox|[from] item: Rocky Helmet|[of] p1a: Weezing\n|-enditem|p1a: Weezing|Rocky Helmet|[from] move: Knock Off|[of] p2a: Ditto\n|\n|-damage|p2a: Ditto|66\/100 tox|[from] psn\n|upkeep\n|turn|6\n|\n|t:|1701154007\n|switch|p2a: Ditto|Ditto, shiny|100\/100\n|-status|p2a: Ditto|tox\n|-activate|p2a: Ditto|move: Sticky Web\n|-unboost|p2a: Ditto|spe|1\n|-transform|p2a: Ditto|p1a: Weezing|[from] ability: Imposter\n|move|p1a: Weezing|Strange Steam|p2a: Ditto|[miss]\n|-miss|p1a: Weezing|p2a: Ditto\n|\n|-damage|p2a: Ditto|95\/100 tox|[from] psn\n|upkeep\n|turn|7\n|\n|t:|1701154020\n|move|p2a: Ditto|Clear Smog|p1a: Weezing\n|-damage|p1a: Weezing|47\/100\n|-clearboost|p1a: Weezing\n|move|p1a: Weezing|Pain Split|p2a: Ditto\n|-sethp|p2a: Ditto|78\/100 tox|[from] move: Pain Split|[silent]\n|-sethp|p1a: Weezing|59\/100|[from] move: Pain Split\n|\n|-damage|p2a: Ditto|66\/100 tox|[from] psn\n|upkeep\n|turn|8\n|inactive|Rowan_Rocket has 120 seconds left.\n|\n|t:|1701154046\n|switch|p1a: Persian|Persian, M|100\/100\n|move|p2a: Ditto|Clear Smog|p1a: Persian\n|-damage|p1a: Persian|73\/100\n|-clearboost|p1a: Persian\n|\n|-damage|p2a: Ditto|48\/100 tox|[from] psn\n|upkeep\n|turn|9\n|inactive|Rowan_Rocket has 120 seconds left.\n|\n|t:|1701154066\n|switch|p2a: Infernape|Infernape, M, shiny|100\/100\n|-status|p2a: Infernape|tox\n|-activate|p2a: Infernape|move: Sticky Web\n|-unboost|p2a: Infernape|spe|1\n|move|p1a: Persian|U-turn|p2a: Infernape\n|-resisted|p2a: Infernape\n|-damage|p2a: Infernape|95\/100 tox\n|\n|t:|1701154074\n|switch|p1a: Drifblim|Drifblim, F|100\/100|[from] U-turn\n|\n|-damage|p2a: Infernape|89\/100 tox|[from] psn\n|-status|p1a: Drifblim|brn|[from] item: Flame Orb\n|upkeep\n|turn|10\n|\n|t:|1701154083\n|switch|p2a: Ditto|Ditto, shiny|100\/100\n|-status|p2a: Ditto|tox\n|-activate|p2a: Ditto|move: Sticky Web\n|-unboost|p2a: Ditto|spe|1\n|-transform|p2a: Ditto|p1a: Drifblim|[from] ability: Imposter\n|move|p1a: Drifblim|Shadow Ball|p2a: Ditto\n|-supereffective|p2a: Ditto\n|-enditem|p2a: Ditto|Focus Sash\n|-damage|p2a: Ditto|1\/100 tox\n|\n|-damage|p2a: Ditto|0 fnt|[from] psn\n|faint|p2a: Ditto\n|-damage|p1a: Drifblim|94\/100 brn|[from] brn\n|upkeep\n|\n|t:|1701154099\n|switch|p2a: Ditto|Ditto, shiny|66\/100 tox\n|-activate|p2a: Ditto|move: Sticky Web\n|-unboost|p2a: Ditto|spe|1\n|-transform|p2a: Ditto|p1a: Drifblim|[from] ability: Imposter\n|turn|11\n|inactive|Rowan_Rocket has 120 seconds left.\n|\n|t:|1701154111\n|switch|p1a: Persian|Persian-Alola, F|100\/100\n|move|p2a: Ditto|Shadow Ball|p1a: Persian\n|-resisted|p1a: Persian\n|-damage|p1a: Persian|71\/100\n|\n|-damage|p2a: Ditto|60\/100 tox|[from] psn\n|upkeep\n|turn|12\n|inactive|Cakecool has 120 seconds left.\n|\n|t:|1701154145\n|move|p1a: Persian|Foul Play|p2a: Ditto\n|-supereffective|p2a: Ditto\n|-damage|p2a: Ditto|0 fnt\n|faint|p2a: Ditto\n|\n|upkeep\n|inactive|Cakecool has 120 seconds left.\n|\n|t:|1701154151\n|switch|p2a: Ditto|Ditto, shiny|48\/100 tox\n|-activate|p2a: Ditto|move: Sticky Web\n|-unboost|p2a: Ditto|spe|1\n|-transform|p2a: Ditto|p1a: Persian|[from] ability: Imposter\n|turn|13\n|\n|t:|1701154162\n|move|p2a: Ditto|Foul Play|p1a: Persian\n|-resisted|p1a: Persian\n|-damage|p1a: Persian|60\/100\n|move|p1a: Persian|Roar|p2a: Ditto\n|drag|p2a: Infernape|Infernape, F, shiny|100\/100\n|-status|p2a: Infernape|tox\n|-activate|p2a: Infernape|move: Sticky Web\n|-unboost|p2a: Infernape|spe|1\n|\n|-damage|p2a: Infernape|94\/100 tox|[from] psn\n|upkeep\n|turn|14\n|\n|t:|1701154174\n|move|p2a: Infernape|Mach Punch|p1a: Persian\n|-supereffective|p1a: Persian\n|-enditem|p1a: Persian|Chople Berry|[eat]\n|-enditem|p1a: Persian|Chople Berry|[weaken]\n|-damage|p1a: Persian|47\/100\n|move|p1a: Persian|Parting Shot|p2a: Infernape\n|-unboost|p2a: Infernape|atk|1\n|-unboost|p2a: Infernape|spa|1\n|\n|t:|1701154181\n|switch|p1a: Drifblim|Drifblim, F|94\/100 brn|[from] Parting Shot\n|\n|-heal|p2a: Infernape|100\/100 tox|[from] item: Leftovers\n|-damage|p2a: Infernape|88\/100 tox|[from] psn\n|-damage|p1a: Drifblim|88\/100 brn|[from] brn\n|upkeep\n|turn|15\n|-message|Cakecool forfeited.\n|\n|win|Rowan_Rocket\n|raw|Rowan_Rocket's rating: 1118 &rarr; <strong>1136<\/strong><br \/>(+18 for winning)\n|raw|Cakecool's rating: 1023 &rarr; <strong>1013<\/strong><br \/>(-10 for losing)\n|l|\u2606Cakecool\n","uploadtime":1701154203,"views":0,"p1id":"rowanrocket","p2id":"cakecool","formatid":"gen9anythinggoes","rating":1013,"private":0,"password":""}