{"id":"gen9anythinggoes-1992517090","p1":"Binacle Pinnacle","p2":"fauxmale","format":"[Gen 9] Anything Goes","log":"|j|\u2606Binacle Pinnacle\n|j|\u2606fauxmale\n|t:|1700198198\n|gametype|singles\n|player|p1|Binacle Pinnacle|170|\n|player|p2|fauxmale|emma|\n|teamsize|p1|6\n|teamsize|p2|6\n|gen|9\n|tier|[Gen 9] Anything Goes\n|rule|HP Percentage Mod: HP is shown in percentages\n|rule|Endless Battle Clause: Forcing endless battles is banned\n|rule|Frantic Fusions Mod: Pok\u00e9mon nicknamed after another Pok\u00e9mon get buffed stats and more abilities.\n|rule|Sleep Moves Clause: Sleep-inducing moves are banned\n|rule|Species Clause: Limit one of each Pok\u00e9mon\n|rule|OHKO Clause: OHKO moves are banned\n|rule|Evasion Moves Clause: Evasion moves are banned\n|rule|Terastal Clause: You cannot Terastallize\n|clearpoke\n|poke|p1|Jirachi|\n|poke|p1|Great Tusk|\n|poke|p1|Ting-Lu|\n|poke|p1|Koraidon|\n|poke|p1|Kyogre|\n|poke|p1|Arceus-Electric|\n|poke|p2|Ribombee, M|\n|poke|p2|Iron Valiant|\n|poke|p2|Kingambit, M|\n|poke|p2|Arceus-Fire|\n|poke|p2|Gholdengo|\n|poke|p2|Zacian-*|\n|teampreview\n|j| Osgv2\n|l| Osgv2\n|\n|t:|1700198231\n|start\n|switch|p1a: Slowking-Galar|Jirachi|100\/100\n|switch|p2a: Basculin|Ribombee, M|100\/100\n|-ability|p2a: Basculin|Mold Breaker\n|turn|1\n|\n|t:|1700198246\n|move|p2a: Basculin|Stun Spore|p1a: Slowking-Galar\n|-status|p1a: Slowking-Galar|par\n|cant|p1a: Slowking-Galar|par\n|\n|upkeep\n|turn|2\n|\n|t:|1700198250\n|move|p2a: Basculin|Sticky Web|p1a: Slowking-Galar\n|-sidestart|p1: Binacle Pinnacle|move: Sticky Web\n|move|p1a: Slowking-Galar|Iron Head|p2a: Basculin\n|-supereffective|p2a: Basculin\n|-enditem|p2a: Basculin|Focus Sash\n|-damage|p2a: Basculin|1\/100\n|\n|upkeep\n|turn|3\n|\n|t:|1700198256\n|move|p2a: Basculin|Moonblast|p1a: Slowking-Galar\n|-resisted|p1a: Slowking-Galar\n|-damage|p1a: Slowking-Galar|93\/100 par\n|-unboost|p1a: Slowking-Galar|spa|1\n|move|p1a: Slowking-Galar|Doom Desire|p2a: Basculin\n|-start|p1a: Slowking-Galar|Doom Desire\n|\n|upkeep\n|turn|4\n|\n|t:|1700198264\n|switch|p2a: Regieleki|Gholdengo|100\/100\n|-item|p2a: Regieleki|Air Balloon\n|cant|p1a: Slowking-Galar|par\n|\n|upkeep\n|turn|5\n|\n|t:|1700198285\n|switch|p2a: Basculin|Ribombee, M|1\/100\n|-ability|p2a: Basculin|Mold Breaker\n|move|p1a: Slowking-Galar|U-turn|p2a: Basculin\n|-resisted|p2a: Basculin\n|-damage|p2a: Basculin|0 fnt\n|faint|p2a: Basculin\n|\n|t:|1700198291\n|switch|p1a: Toxapex|Ting-Lu|100\/100|[from] U-turn\n|\n|-hint|Doom Desire did not hit because the target is fainted.\n|upkeep\n|\n|t:|1700198351\n|switch|p2a: Persian-Alola|Arceus-Fire|100\/100\n|turn|6\n|\n|t:|1700198362\n|switch|p1a: Persian-Alola|Kyogre|100\/100\n|move|p2a: Persian-Alola|Taunt|p1a: Persian-Alola\n|-start|p1a: Persian-Alola|move: Taunt\n|\n|upkeep\n|turn|7\n|\n|t:|1700198371\n|switch|p2a: Regieleki|Gholdengo|100\/100\n|-item|p2a: Regieleki|Air Balloon\n|move|p1a: Persian-Alola|Surf|p2a: Regieleki\n|-damage|p2a: Regieleki|53\/100\n|-enditem|p2a: Regieleki|Air Balloon\n|\n|upkeep\n|turn|8\n|\n|t:|1700198379\n|switch|p1a: Toxapex|Ting-Lu|100\/100\n|move|p2a: Regieleki|Recover|p2a: Regieleki\n|-heal|p2a: Regieleki|100\/100\n|\n|upkeep\n|turn|9\n|\n|t:|1700198396\n|move|p2a: Regieleki|Nasty Plot|p2a: Regieleki\n|-boost|p2a: Regieleki|spa|2\n|move|p1a: Toxapex|Earthquake|p2a: Regieleki\n|-supereffective|p2a: Regieleki\n|-damage|p2a: Regieleki|14\/100\n|\n|upkeep\n|turn|10\n|\n|t:|1700198407\n|move|p2a: Regieleki|Make It Rain|p1a: Toxapex\n|-damage|p1a: Toxapex|40\/100\n|-unboost|p2a: Regieleki|spa|1\n|move|p1a: Toxapex|Earthquake|p2a: Regieleki\n|-supereffective|p2a: Regieleki\n|-damage|p2a: Regieleki|0 fnt\n|faint|p2a: Regieleki\n|\n|upkeep\n|\n|t:|1700198419\n|switch|p2a: Landorus|Iron Valiant|100\/100\n|turn|11\n|\n|t:|1700198425\n|switch|p1a: Slowking-Galar|Jirachi|100\/100 par\n|-activate|p1a: Slowking-Galar|move: Sticky Web\n|-unboost|p1a: Slowking-Galar|spe|1\n|move|p2a: Landorus|Calm Mind|p2a: Landorus\n|-boost|p2a: Landorus|spa|1\n|-boost|p2a: Landorus|spd|1\n|\n|upkeep\n|turn|12\n|\n|t:|1700198435\n|move|p2a: Landorus|Moonblast|p1a: Slowking-Galar\n|-resisted|p1a: Slowking-Galar\n|-damage|p1a: Slowking-Galar|78\/100 par\n|move|p1a: Slowking-Galar|U-turn|p2a: Landorus\n|-resisted|p2a: Landorus\n|-damage|p2a: Landorus|96\/100\n|\n|t:|1700198443\n|switch|p1a: Chien-Pao|Koraidon|100\/100|[from] U-turn\n|-ability|p1a: Chien-Pao|Sword of Ruin\n|\n|upkeep\n|turn|13\n|\n|t:|1700198453\n|switch|p2a: Persian-Alola|Arceus-Fire|100\/100\n|move|p1a: Chien-Pao|Iron Head|p2a: Persian-Alola\n|-resisted|p2a: Persian-Alola\n|-damage|p2a: Persian-Alola|94\/100\n|\n|-heal|p2a: Persian-Alola|100\/100|[from] item: Leftovers\n|upkeep\n|turn|14\n|\n|t:|1700198465\n|switch|p2a: Zacian|Zacian-Crowned|100\/100\n|-ability|p2a: Zacian|Intrepid Sword|boost\n|-boost|p2a: Zacian|atk|1\n|move|p1a: Chien-Pao|Taunt|p2a: Zacian\n|-start|p2a: Zacian|move: Taunt\n|\n|upkeep\n|turn|15\n|\n|t:|1700198472\n|switch|p1a: Persian-Alola|Kyogre|100\/100\n|move|p2a: Zacian|Play Rough|p1a: Persian-Alola\n|-damage|p1a: Persian-Alola|76\/100\n|\n|upkeep\n|turn|16\n|\n|t:|1700198505\n|move|p2a: Zacian|Play Rough|p1a: Persian-Alola\n|-damage|p1a: Persian-Alola|50\/100\n|move|p1a: Persian-Alola|Calm Mind|p1a: Persian-Alola\n|-boost|p1a: Persian-Alola|spa|1\n|-boost|p1a: Persian-Alola|spd|1\n|\n|-end|p2a: Zacian|move: Taunt\n|upkeep\n|turn|17\n|\n|t:|1700198516\n|move|p2a: Zacian|Play Rough|p1a: Persian-Alola\n|-damage|p1a: Persian-Alola|23\/100\n|move|p1a: Persian-Alola|Surf|p2a: Zacian\n|-damage|p2a: Zacian|43\/100\n|\n|upkeep\n|turn|18\n|\n|t:|1700198525\n|move|p2a: Zacian|Play Rough|p1a: Persian-Alola\n|-damage|p1a: Persian-Alola|0 fnt\n|faint|p1a: Persian-Alola\n|\n|upkeep\n|\n|t:|1700198567\n|switch|p1a: Slowking-Galar|Jirachi|100\/100 par\n|-activate|p1a: Slowking-Galar|move: Sticky Web\n|-unboost|p1a: Slowking-Galar|spe|1\n|turn|19\n|\n|t:|1700198575\n|move|p2a: Zacian|Crunch|p1a: Slowking-Galar\n|-supereffective|p1a: Slowking-Galar\n|-damage|p1a: Slowking-Galar|30\/100 par\n|move|p1a: Slowking-Galar|Iron Head|p2a: Zacian\n|-damage|p2a: Zacian|17\/100\n|\n|upkeep\n|turn|20\n|\n|t:|1700198582\n|switch|p1a: Toxapex|Ting-Lu|73\/100\n|move|p2a: Zacian|Crunch|p1a: Toxapex\n|-resisted|p1a: Toxapex\n|-damage|p1a: Toxapex|63\/100\n|\n|upkeep\n|turn|21\n|\n|t:|1700198591\n|move|p2a: Zacian|Play Rough|p1a: Toxapex\n|-supereffective|p1a: Toxapex\n|-damage|p1a: Toxapex|0 fnt\n|faint|p1a: Toxapex\n|\n|upkeep\n|\n|t:|1700198594\n|switch|p1a: Slowking-Galar|Jirachi|63\/100 par\n|-activate|p1a: Slowking-Galar|move: Sticky Web\n|-unboost|p1a: Slowking-Galar|spe|1\n|turn|22\n|\n|t:|1700198632\n|switch|p1a: Slowking|Great Tusk|100\/100\n|-activate|p1a: Slowking|move: Sticky Web\n|-unboost|p1a: Slowking|spe|1\n|move|p2a: Zacian|Swords Dance|p2a: Zacian\n|-boost|p2a: Zacian|atk|2\n|\n|upkeep\n|turn|23\n|\n|t:|1700198641\n|move|p2a: Zacian|Play Rough|p1a: Slowking\n|-supereffective|p1a: Slowking\n|-damage|p1a: Slowking|0 fnt\n|faint|p1a: Slowking\n|\n|upkeep\n|\n|t:|1700198645\n|switch|p1a: Regieleki|Arceus-Electric|100\/100\n|turn|24\n|\n|t:|1700198657\n|move|p2a: Zacian|Play Rough|p1a: Regieleki\n|-damage|p1a: Regieleki|0 fnt\n|faint|p1a: Regieleki\n|\n|upkeep\n|-message|Binacle Pinnacle forfeited.\n|\n|win|fauxmale\n|l|\u2606Binacle Pinnacle\n","uploadtime":1700199084,"views":6,"p1id":"binaclepinnacle","p2id":"fauxmale","formatid":"gen9anythinggoes","rating":0,"private":0,"password":""}