{"id":"gen9anythinggoes-1976190600","p1":"Verdonyx","p2":"Iknowmyabc'slol","format":"[Gen 9] Anything Goes","log":"|j|\u2606Verdonyx\n|j|\u2606Iknowmyabc'slol\n|t:|1698272061\n|gametype|singles\n|player|p1|Verdonyx|linebacker|1541\n|player|p2|Iknowmyabc'slol|266|1540\n|teamsize|p1|6\n|teamsize|p2|6\n|gen|9\n|tier|[Gen 9] Anything Goes\n|rated|\n|rule|HP Percentage Mod: HP is shown in percentages\n|rule|Endless Battle Clause: Forcing endless battles is banned\n|clearpoke\n|poke|p1|Pelipper, M|\n|poke|p1|Iron Bundle|\n|poke|p1|Basculegion, M|\n|poke|p1|Clodsire, M|\n|poke|p1|Palafin, M|\n|poke|p1|Dugtrio, F|\n|poke|p2|Arceus-Fairy|\n|poke|p2|Toxapex, F|\n|poke|p2|Ting-Lu|\n|poke|p2|Calyrex-Shadow|\n|poke|p2|Koraidon|\n|poke|p2|Arceus|\n|teampreview\n|\n|t:|1698272075\n|start\n|switch|p1a: Palafin|Palafin, M|100\/100\n|switch|p2a: Koraidon|Koraidon|100\/100\n|-weather|SunnyDay|[from] ability: Orichalcum Pulse|[of] p2a: Koraidon\n|-activate|p2a: Koraidon|Orichalcum Pulse|[source]\n|turn|1\n|\n|t:|1698272087\n|detailschange|p1a: Palafin|Palafin-Hero, M\n|switch|p1a: Pelipper|Pelipper, M|100\/100\n|-weather|RainDance|[from] ability: Drizzle|[of] p1a: Pelipper\n|move|p2a: Koraidon|U-turn|p1a: Pelipper\n|-resisted|p1a: Pelipper\n|-damage|p1a: Pelipper|92\/100\n|\n|t:|1698272096\n|switch|p2a: Arceus|Arceus-Fairy|100\/100|[from] U-turn\n|\n|-weather|RainDance|[upkeep]\n|upkeep\n|turn|2\n|\n|t:|1698272102\n|switch|p1a: Clodsire|Clodsire, M|100\/100\n|move|p2a: Arceus|Taunt|p1a: Clodsire\n|-start|p1a: Clodsire|move: Taunt\n|\n|-weather|RainDance|[upkeep]\n|upkeep\n|turn|3\n|\n|t:|1698272112\n|switch|p2a: Ting-Lu|Ting-Lu|100\/100\n|-ability|p2a: Ting-Lu|Vessel of Ruin\n|move|p1a: Clodsire|Earthquake|p2a: Ting-Lu\n|-damage|p2a: Ting-Lu|85\/100\n|\n|-weather|RainDance|[upkeep]\n|-heal|p2a: Ting-Lu|91\/100|[from] item: Leftovers\n|upkeep\n|turn|4\n|j| pikatchouk\n|\n|t:|1698272122\n|switch|p1a: Palafin|Palafin-Hero, M|100\/100\n|-activate|p1a: Palafin|ability: Zero to Hero\n|move|p2a: Ting-Lu|Spikes|p1a: Palafin\n|-sidestart|p1: Verdonyx|Spikes\n|\n|-weather|RainDance|[upkeep]\n|-heal|p2a: Ting-Lu|98\/100|[from] item: Leftovers\n|upkeep\n|turn|5\n|\n|t:|1698272130\n|switch|p2a: Toxapex|Toxapex, F|100\/100\n|move|p1a: Palafin|Close Combat|p2a: Toxapex\n|-resisted|p2a: Toxapex\n|-damage|p2a: Toxapex|78\/100\n|-unboost|p1a: Palafin|def|1\n|-unboost|p1a: Palafin|spd|1\n|-damage|p1a: Palafin|84\/100|[from] item: Rocky Helmet|[of] p2a: Toxapex\n|\n|-weather|none\n|upkeep\n|turn|6\n|\n|t:|1698272140\n|switch|p1a: Clodsire|Clodsire, M|100\/100\n|-damage|p1a: Clodsire|88\/100|[from] Spikes\n|move|p2a: Toxapex|Baneful Bunker||[still]\n|-fail|p2a: Toxapex\n|\n|-heal|p1a: Clodsire|94\/100|[from] item: Black Sludge\n|upkeep\n|turn|7\n|\n|t:|1698272150\n|move|p2a: Toxapex|Toxic Spikes|p1a: Clodsire\n|-sidestart|p1: Verdonyx|move: Toxic Spikes\n|move|p1a: Clodsire|Spikes|p2a: Toxapex\n|-sidestart|p2: Iknowmyabc'slol|Spikes\n|\n|-heal|p1a: Clodsire|99\/100|[from] item: Black Sludge\n|upkeep\n|turn|8\n|\n|t:|1698272156\n|move|p2a: Toxapex|Toxic Spikes|p1a: Clodsire\n|-sidestart|p1: Verdonyx|move: Toxic Spikes\n|move|p1a: Clodsire|Spikes|p2a: Toxapex\n|-sidestart|p2: Iknowmyabc'slol|Spikes\n|\n|-heal|p1a: Clodsire|100\/100|[from] item: Black Sludge\n|upkeep\n|turn|9\n|\n|t:|1698272168\n|switch|p2a: Ting-Lu|Ting-Lu|98\/100\n|-damage|p2a: Ting-Lu|81\/100|[from] Spikes\n|-ability|p2a: Ting-Lu|Vessel of Ruin\n|move|p1a: Clodsire|Toxic|p2a: Ting-Lu\n|-status|p2a: Ting-Lu|tox\n|\n|-heal|p2a: Ting-Lu|87\/100 tox|[from] item: Leftovers\n|-damage|p2a: Ting-Lu|81\/100 tox|[from] psn\n|upkeep\n|turn|10\n|\n|t:|1698272179\n|switch|p1a: Iron Bundle|Iron Bundle|100\/100\n|move|p2a: Ting-Lu|Earthquake|p1a: Iron Bundle\n|-crit|p1a: Iron Bundle\n|-damage|p1a: Iron Bundle|31\/100\n|\n|-heal|p2a: Ting-Lu|87\/100 tox|[from] item: Leftovers\n|-damage|p2a: Ting-Lu|75\/100 tox|[from] psn\n|upkeep\n|turn|11\n|\n|t:|1698272190\n|switch|p2a: Toxapex|Toxapex, F|100\/100\n|-damage|p2a: Toxapex|84\/100|[from] Spikes\n|move|p1a: Iron Bundle|Substitute|p1a: Iron Bundle\n|-start|p1a: Iron Bundle|Substitute\n|-damage|p1a: Iron Bundle|6\/100\n|\n|upkeep\n|turn|12\n|\n|t:|1698272201\n|switch|p2a: Arceus|Arceus|100\/100\n|move|p1a: Iron Bundle|Freeze-Dry|p2a: Arceus\n|-damage|p2a: Arceus|78\/100\n|\n|upkeep\n|turn|13\n|\n|t:|1698272210\n|move|p2a: Arceus|Extreme Speed|p1a: Iron Bundle\n|-crit|p1a: Iron Bundle\n|-end|p1a: Iron Bundle|Substitute\n|move|p1a: Iron Bundle|Taunt|p2a: Arceus\n|-start|p2a: Arceus|move: Taunt\n|\n|upkeep\n|turn|14\n|\n|t:|1698272217\n|-end|p1a: Iron Bundle|Quark Drive|[silent]\n|switch|p1a: Pelipper|Pelipper, M|92\/100\n|-weather|RainDance|[from] ability: Drizzle|[of] p1a: Pelipper\n|move|p2a: Arceus|Extreme Speed|p1a: Pelipper\n|-damage|p1a: Pelipper|58\/100\n|\n|-weather|RainDance|[upkeep]\n|upkeep\n|turn|15\n|\n|t:|1698272226\n|move|p2a: Arceus|Extreme Speed|p1a: Pelipper\n|-crit|p1a: Pelipper\n|-damage|p1a: Pelipper|9\/100\n|move|p1a: Pelipper|Roost|p1a: Pelipper\n|-heal|p1a: Pelipper|59\/100\n|-singleturn|p1a: Pelipper|move: Roost\n|\n|-weather|RainDance|[upkeep]\n|upkeep\n|turn|16\n|\n|t:|1698272235\n|switch|p1a: Clodsire|Clodsire, M|100\/100\n|-damage|p1a: Clodsire|88\/100|[from] Spikes\n|-sideend|p1: Verdonyx|move: Toxic Spikes|[of] p1a: Clodsire\n|move|p2a: Arceus|Extreme Speed|p1a: Clodsire\n|-damage|p1a: Clodsire|42\/100\n|\n|-weather|RainDance|[upkeep]\n|-heal|p1a: Clodsire|48\/100|[from] item: Black Sludge\n|-end|p2a: Arceus|move: Taunt\n|upkeep\n|turn|17\n|\n|t:|1698272247\n|switch|p2a: Toxapex|Toxapex, F|100\/100\n|-damage|p2a: Toxapex|84\/100|[from] Spikes\n|switch|p1a: Basculegion|Basculegion, M|100\/100\n|-damage|p1a: Basculegion|88\/100|[from] Spikes\n|\n|-weather|RainDance|[upkeep]\n|upkeep\n|turn|18\n|\n|t:|1698272260\n|switch|p1a: Dugtrio|Dugtrio, F|100\/100\n|-damage|p1a: Dugtrio|88\/100|[from] Spikes\n|move|p2a: Toxapex|Baneful Bunker||[still]\n|-fail|p2a: Toxapex\n|\n|-weather|none\n|upkeep\n|turn|19\n|\n|t:|1698272269\n|move|p2a: Toxapex|Baneful Bunker|p2a: Toxapex\n|-singleturn|p2a: Toxapex|move: Protect\n|move|p1a: Dugtrio|Earthquake|p2a: Toxapex\n|-activate|p2a: Toxapex|move: Protect\n|\n|upkeep\n|turn|20\n|\n|t:|1698272291\n|move|p1a: Dugtrio|Earthquake|p2a: Toxapex\n|-supereffective|p2a: Toxapex\n|-damage|p2a: Toxapex|31\/100\n|move|p2a: Toxapex|Toxic Spikes|p1a: Dugtrio\n|-sidestart|p1: Verdonyx|move: Toxic Spikes\n|\n|upkeep\n|turn|21\n|\n|t:|1698272302\n|move|p2a: Toxapex|Baneful Bunker|p2a: Toxapex\n|-singleturn|p2a: Toxapex|move: Protect\n|move|p1a: Dugtrio|Earthquake|p2a: Toxapex\n|-activate|p2a: Toxapex|move: Protect\n|\n|upkeep\n|turn|22\n|\n|t:|1698272309\n|move|p2a: Toxapex|Baneful Bunker|p2a: Toxapex\n|-singleturn|p2a: Toxapex|move: Protect\n|move|p1a: Dugtrio|Earthquake|p2a: Toxapex\n|-activate|p2a: Toxapex|move: Protect\n|\n|upkeep\n|turn|23\n|\n|t:|1698272315\n|move|p2a: Toxapex|Baneful Bunker||[still]\n|-fail|p2a: Toxapex\n|move|p1a: Dugtrio|Earthquake|p2a: Toxapex\n|-supereffective|p2a: Toxapex\n|-damage|p2a: Toxapex|0 fnt\n|faint|p2a: Toxapex\n|\n|upkeep\n|\n|t:|1698272323\n|switch|p2a: Koraidon|Koraidon|100\/100\n|-damage|p2a: Koraidon|84\/100|[from] Spikes\n|-weather|SunnyDay|[from] ability: Orichalcum Pulse|[of] p2a: Koraidon\n|-activate|p2a: Koraidon|Orichalcum Pulse|[source]\n|turn|24\n|\n|t:|1698272331\n|switch|p1a: Pelipper|Pelipper, M|59\/100\n|-weather|RainDance|[from] ability: Drizzle|[of] p1a: Pelipper\n|move|p2a: Koraidon|Outrage|p1a: Pelipper\n|-damage|p1a: Pelipper|14\/100\n|\n|-weather|RainDance|[upkeep]\n|upkeep\n|turn|25\n|\n|t:|1698272339\n|-terastallize|p1a: Pelipper|Fairy\n|move|p2a: Koraidon|Outrage|p1a: Pelipper|[from]lockedmove\n|-immune|p1a: Pelipper\n|move|p1a: Pelipper|Roost|p1a: Pelipper\n|-heal|p1a: Pelipper|64\/100\n|\n|-weather|RainDance|[upkeep]\n|upkeep\n|turn|26\n|\n|t:|1698272351\n|switch|p2a: Calyrex|Calyrex-Shadow|100\/100\n|-ability|p2a: Calyrex|As One\n|-ability|p2a: Calyrex|Unnerve\n|move|p1a: Pelipper|Knock Off|p2a: Calyrex\n|-supereffective|p2a: Calyrex\n|-damage|p2a: Calyrex|32\/100\n|-enditem|p2a: Calyrex|Heavy-Duty Boots|[from] move: Knock Off|[of] p1a: Pelipper\n|\n|-weather|RainDance|[upkeep]\n|upkeep\n|turn|27\n|\n|t:|1698272365\n|switch|p1a: Iron Bundle|Iron Bundle|6\/100\n|move|p2a: Calyrex|Astral Barrage|p1a: Iron Bundle\n|-crit|p1a: Iron Bundle\n|-damage|p1a: Iron Bundle|0 fnt\n|faint|p1a: Iron Bundle\n|-end|p1a: Iron Bundle|Quark Drive|[silent]\n|-ability|p2a: Calyrex|Grim Neigh|boost\n|-boost|p2a: Calyrex|spa|1\n|\n|-weather|RainDance|[upkeep]\n|upkeep\n|\n|t:|1698272373\n|switch|p1a: Dugtrio|Dugtrio, F|88\/100\n|-damage|p1a: Dugtrio|76\/100|[from] Spikes\n|-status|p1a: Dugtrio|psn\n|turn|28\n|\n|t:|1698272380\n|move|p1a: Dugtrio|Earthquake|p2a: Calyrex\n|-damage|p2a: Calyrex|0 fnt\n|faint|p2a: Calyrex\n|\n|-weather|none\n|-damage|p1a: Dugtrio|64\/100 psn|[from] psn\n|upkeep\n|\n|t:|1698272394\n|switch|p2a: Arceus|Arceus|78\/100\n|turn|29\n|\n|t:|1698272399\n|switch|p1a: Clodsire|Clodsire, M|48\/100\n|-damage|p1a: Clodsire|36\/100|[from] Spikes\n|-sideend|p1: Verdonyx|move: Toxic Spikes|[of] p1a: Clodsire\n|move|p2a: Arceus|Swords Dance|p2a: Arceus\n|-boost|p2a: Arceus|atk|2\n|\n|-heal|p1a: Clodsire|42\/100|[from] item: Black Sludge\n|upkeep\n|turn|30\n|\n|t:|1698272412\n|move|p2a: Arceus|Extreme Speed|p1a: Clodsire\n|-damage|p1a: Clodsire|0 fnt\n|faint|p1a: Clodsire\n|\n|upkeep\n|\n|t:|1698272413\n|switch|p1a: Dugtrio|Dugtrio, F|64\/100 psn\n|-damage|p1a: Dugtrio|51\/100 psn|[from] Spikes\n|turn|31\n|\n|t:|1698272421\n|move|p1a: Dugtrio|Final Gambit|p2a: Arceus\n|-damage|p2a: Arceus|54\/100\n|faint|p1a: Dugtrio\n|move|p2a: Arceus|Swords Dance|p2a: Arceus\n|-boost|p2a: Arceus|atk|2\n|\n|upkeep\n|\n|t:|1698272425\n|switch|p1a: Pelipper|Pelipper, M, tera:Fairy|64\/100\n|-weather|RainDance|[from] ability: Drizzle|[of] p1a: Pelipper\n|turn|32\n|\n|t:|1698272431\n|switch|p1a: Basculegion|Basculegion, M|88\/100\n|-damage|p1a: Basculegion|76\/100|[from] Spikes\n|move|p2a: Arceus|Extreme Speed|p1a: Basculegion\n|-immune|p1a: Basculegion\n|\n|-weather|RainDance|[upkeep]\n|upkeep\n|turn|33\n|\n|t:|1698272441\n|move|p1a: Basculegion|Wave Crash|p2a: Arceus\n|-damage|p2a: Arceus|0 fnt\n|faint|p2a: Arceus\n|-damage|p1a: Basculegion|56\/100|[from] Recoil\n|-damage|p1a: Basculegion|46\/100|[from] item: Life Orb\n|\n|-weather|RainDance|[upkeep]\n|upkeep\n|\n|t:|1698272449\n|switch|p2a: Koraidon|Koraidon|84\/100\n|-damage|p2a: Koraidon|68\/100|[from] Spikes\n|-weather|SunnyDay|[from] ability: Orichalcum Pulse|[of] p2a: Koraidon\n|-activate|p2a: Koraidon|Orichalcum Pulse|[source]\n|turn|34\n|\n|t:|1698272461\n|-terastallize|p2a: Koraidon|Fire\n|move|p2a: Koraidon|Flare Blitz|p1a: Basculegion\n|-resisted|p1a: Basculegion\n|-damage|p1a: Basculegion|0 fnt\n|faint|p1a: Basculegion\n|-damage|p2a: Koraidon|51\/100|[from] Recoil\n|\n|-weather|SunnyDay|[upkeep]\n|upkeep\n|\n|t:|1698272465\n|switch|p1a: Pelipper|Pelipper, M, tera:Fairy|64\/100\n|-weather|RainDance|[from] ability: Drizzle|[of] p1a: Pelipper\n|turn|35\n|\n|t:|1698272473\n|switch|p2a: Ting-Lu|Ting-Lu|75\/100 tox\n|-damage|p2a: Ting-Lu|58\/100 tox|[from] Spikes\n|-ability|p2a: Ting-Lu|Vessel of Ruin\n|move|p1a: Pelipper|U-turn|p2a: Ting-Lu\n|-supereffective|p2a: Ting-Lu\n|-damage|p2a: Ting-Lu|47\/100 tox\n|\n|t:|1698272478\n|switch|p1a: Palafin|Palafin-Hero, M|84\/100|[from] U-turn\n|-damage|p1a: Palafin|72\/100|[from] Spikes\n|\n|-weather|RainDance|[upkeep]\n|-heal|p2a: Ting-Lu|54\/100 tox|[from] item: Leftovers\n|-damage|p2a: Ting-Lu|47\/100 tox|[from] psn\n|upkeep\n|turn|36\n|\n|t:|1698272489\n|move|p1a: Palafin|Wave Crash|p2a: Ting-Lu\n|-supereffective|p2a: Ting-Lu\n|-damage|p2a: Ting-Lu|0 fnt\n|faint|p2a: Ting-Lu\n|-damage|p1a: Palafin|48\/100|[from] Recoil\n|\n|-weather|RainDance|[upkeep]\n|upkeep\n|\n|t:|1698272497\n|switch|p2a: Arceus|Arceus-Fairy|100\/100\n|-damage|p2a: Arceus|84\/100|[from] Spikes\n|turn|37\n|\n|t:|1698272505\n|move|p2a: Arceus|Will-O-Wisp|p1a: Palafin\n|-status|p1a: Palafin|brn\n|move|p1a: Palafin|Wave Crash|p2a: Arceus\n|-damage|p2a: Arceus|32\/100\n|-damage|p1a: Palafin|26\/100 brn|[from] Recoil\n|\n|-weather|RainDance|[upkeep]\n|-damage|p1a: Palafin|20\/100 brn|[from] brn\n|upkeep\n|turn|38\n|\n|t:|1698272515\n|move|p2a: Arceus|Judgment|p1a: Palafin\n|-crit|p1a: Palafin\n|-damage|p1a: Palafin|0 fnt\n|faint|p1a: Palafin\n|\n|-weather|RainDance|[upkeep]\n|upkeep\n|\n|t:|1698272517\n|switch|p1a: Pelipper|Pelipper, M, tera:Fairy|64\/100\n|turn|39\n|\n|t:|1698272524\n|move|p2a: Arceus|Recover|p2a: Arceus\n|-heal|p2a: Arceus|82\/100\n|move|p1a: Pelipper|Roost|p1a: Pelipper\n|-heal|p1a: Pelipper|100\/100\n|\n|-weather|none\n|upkeep\n|turn|40\n|-message|Verdonyx forfeited.\n|\n|win|Iknowmyabc'slol\n|raw|Verdonyx's rating: 1541 &rarr; <strong>1521<\/strong><br \/>(-20 for losing)\n|raw|Iknowmyabc&apos;slol's rating: 1540 &rarr; <strong>1560<\/strong><br \/>(+20 for winning)\n|l|\u2606Verdonyx\n|c|\u2606Iknowmyabc'slol|gg\n","uploadtime":1698272539,"views":14,"p1id":"verdonyx","p2id":"iknowmyabcslol","formatid":"gen9anythinggoes","rating":1521,"private":0,"password":""}