{"id":"gen9anythinggoes-1972096898","p1":"NuttyBonvoy","p2":"LimefennecYT","format":"[Gen 9] Anything Goes","log":"|j|\u2606NuttyBonvoy\n|j|\u2606LimefennecYT\n|t:|1697812552\n|gametype|singles\n|player|p1|NuttyBonvoy|elesa|1077\n|player|p2|LimefennecYT|iris-gen5bw2|1083\n|teamsize|p1|6\n|teamsize|p2|6\n|gen|9\n|tier|[Gen 9] Anything Goes\n|rated|\n|rule|HP Percentage Mod: HP is shown in percentages\n|rule|Endless Battle Clause: Forcing endless battles is banned\n|clearpoke\n|poke|p1|Blissey, F|\n|poke|p1|Miraidon|\n|poke|p1|Ursaluna-Bloodmoon, M|\n|poke|p1|Regieleki|\n|poke|p1|Iron Moth|\n|poke|p1|Roaring Moon|\n|poke|p2|Kingambit, M|\n|poke|p2|Tyranitar, F|\n|poke|p2|Annihilape, F|\n|poke|p2|Ditto|\n|poke|p2|Maushold-Four|\n|poke|p2|Sylveon, M|\n|teampreview\n|\n|t:|1697812562\n|start\n|switch|p1a: Setiabudi|Blissey, F|100\/100\n|switch|p2a: Sandy|Tyranitar, F|100\/100\n|-weather|Sandstorm|[from] ability: Sand Stream|[of] p2a: Sandy\n|turn|1\n|c|\u2606LimefennecYT|loving the legendary spam\n|\n|t:|1697812573\n|move|p2a: Sandy|Stone Edge|p1a: Setiabudi\n|-damage|p1a: Setiabudi|47\/100\n|move|p1a: Setiabudi|Thunder Wave|p2a: Sandy\n|-status|p2a: Sandy|par\n|-enditem|p2a: Sandy|Lum Berry|[eat]\n|-curestatus|p2a: Sandy|par|[msg]\n|\n|-weather|Sandstorm|[upkeep]\n|-damage|p1a: Setiabudi|41\/100|[from] Sandstorm\n|upkeep\n|turn|2\n|c|\u2606NuttyBonvoy|funi\n|\n|t:|1697812590\n|switch|p1a: Ciracas V2|Ursaluna-Bloodmoon, M|100\/100\n|move|p2a: Sandy|Stealth Rock|p1a: Ciracas V2\n|-sidestart|p1: NuttyBonvoy|move: Stealth Rock\n|\n|-weather|Sandstorm|[upkeep]\n|upkeep\n|turn|3\n|\n|t:|1697812597\n|move|p1a: Ciracas V2|Vacuum Wave|p2a: Sandy\n|-supereffective|p2a: Sandy\n|-damage|p2a: Sandy|66\/100\n|move|p2a: Sandy|Earthquake|p1a: Ciracas V2\n|-damage|p1a: Ciracas V2|75\/100\n|\n|-weather|Sandstorm|[upkeep]\n|upkeep\n|turn|4\n|\n|t:|1697812605\n|switch|p2a: Domaustic Abuse|Maushold-Four, shiny|100\/100\n|move|p1a: Ciracas V2|Vacuum Wave|p2a: Domaustic Abuse\n|-supereffective|p2a: Domaustic Abuse\n|-damage|p2a: Domaustic Abuse|63\/100\n|\n|-weather|Sandstorm|[upkeep]\n|-damage|p2a: Domaustic Abuse|57\/100|[from] Sandstorm\n|-heal|p2a: Domaustic Abuse|63\/100|[from] item: Leftovers\n|upkeep\n|turn|5\n|\n|t:|1697812618\n|move|p1a: Ciracas V2|Vacuum Wave|p2a: Domaustic Abuse\n|-supereffective|p2a: Domaustic Abuse\n|-damage|p2a: Domaustic Abuse|24\/100\n|move|p2a: Domaustic Abuse|Shadow Claw|p1a: Ciracas V2\n|-immune|p1a: Ciracas V2\n|\n|-weather|none\n|-heal|p2a: Domaustic Abuse|30\/100|[from] item: Leftovers\n|upkeep\n|turn|6\n|\n|t:|1697812625\n|move|p1a: Ciracas V2|Vacuum Wave|p2a: Domaustic Abuse\n|-supereffective|p2a: Domaustic Abuse\n|-damage|p2a: Domaustic Abuse|0 fnt\n|faint|p2a: Domaustic Abuse\n|\n|upkeep\n|\n|t:|1697812633\n|switch|p2a: Amogus|Ditto, shiny|100\/100\n|-transform|p2a: Amogus|p1a: Ciracas V2|[from] ability: Imposter\n|turn|7\n|\n|t:|1697812640\n|move|p2a: Amogus|Earth Power|p1a: Ciracas V2\n|-damage|p1a: Ciracas V2|13\/100\n|move|p1a: Ciracas V2|Blood Moon|p2a: Amogus\n|-damage|p2a: Amogus|0 fnt\n|faint|p2a: Amogus\n|\n|upkeep\n|\n|t:|1697812647\n|switch|p2a: Sandy|Tyranitar, F|66\/100\n|-weather|Sandstorm|[from] ability: Sand Stream|[of] p2a: Sandy\n|turn|8\n|\n|t:|1697812652\n|move|p1a: Ciracas V2|Vacuum Wave|p2a: Sandy\n|-supereffective|p2a: Sandy\n|-damage|p2a: Sandy|34\/100\n|move|p2a: Sandy|Stone Edge|p1a: Ciracas V2\n|-resisted|p1a: Ciracas V2\n|-damage|p1a: Ciracas V2|0 fnt\n|faint|p1a: Ciracas V2\n|\n|-weather|Sandstorm|[upkeep]\n|upkeep\n|\n|t:|1697812666\n|switch|p1a: Dukuh Atas-U|Roaring Moon|100\/100\n|-damage|p1a: Dukuh Atas-U|88\/100|[from] Stealth Rock\n|-enditem|p1a: Dukuh Atas-U|Booster Energy\n|-activate|p1a: Dukuh Atas-U|ability: Protosynthesis|[fromitem]\n|-start|p1a: Dukuh Atas-U|protosynthesisatk\n|turn|9\n|\n|t:|1697812677\n|switch|p2a: Rose|Sylveon, M, shiny|100\/100\n|move|p1a: Dukuh Atas-U|Acrobatics|p2a: Rose\n|-damage|p2a: Rose|29\/100\n|\n|-weather|Sandstorm|[upkeep]\n|-damage|p1a: Dukuh Atas-U|82\/100|[from] Sandstorm\n|-damage|p2a: Rose|23\/100|[from] Sandstorm\n|upkeep\n|turn|10\n|\n|t:|1697812686\n|move|p1a: Dukuh Atas-U|Acrobatics|p2a: Rose\n|-damage|p2a: Rose|0 fnt\n|faint|p2a: Rose\n|\n|-weather|Sandstorm|[upkeep]\n|-damage|p1a: Dukuh Atas-U|76\/100|[from] Sandstorm\n|upkeep\n|\n|t:|1697812728\n|switch|p2a: Sandy|Tyranitar, F|34\/100\n|turn|11\n|\n|t:|1697812732\n|move|p1a: Dukuh Atas-U|Acrobatics|p2a: Sandy\n|-resisted|p2a: Sandy\n|-damage|p2a: Sandy|12\/100\n|move|p2a: Sandy|Payback|p1a: Dukuh Atas-U\n|-resisted|p1a: Dukuh Atas-U\n|-damage|p1a: Dukuh Atas-U|45\/100\n|\n|-weather|Sandstorm|[upkeep]\n|-damage|p1a: Dukuh Atas-U|39\/100|[from] Sandstorm\n|upkeep\n|turn|12\n|\n|t:|1697812742\n|move|p1a: Dukuh Atas-U|Roost|p1a: Dukuh Atas-U\n|-heal|p1a: Dukuh Atas-U|89\/100\n|-singleturn|p1a: Dukuh Atas-U|move: Roost\n|move|p2a: Sandy|Stone Edge|p1a: Dukuh Atas-U\n|-damage|p1a: Dukuh Atas-U|22\/100\n|\n|-weather|none\n|upkeep\n|turn|13\n|\n|t:|1697812750\n|move|p1a: Dukuh Atas-U|Acrobatics|p2a: Sandy\n|-resisted|p2a: Sandy\n|-damage|p2a: Sandy|0 fnt\n|faint|p2a: Sandy\n|\n|upkeep\n|\n|t:|1697812755\n|switch|p2a: Rage Quit|Annihilape, F|100\/100\n|turn|14\n|\n|t:|1697812759\n|-terastallize|p2a: Rage Quit|Fairy\n|move|p1a: Dukuh Atas-U|Acrobatics|p2a: Rage Quit\n|-damage|p2a: Rage Quit|42\/100\n|move|p2a: Rage Quit|Drain Punch|p1a: Dukuh Atas-U\n|-supereffective|p1a: Dukuh Atas-U\n|-crit|p1a: Dukuh Atas-U\n|-damage|p1a: Dukuh Atas-U|0 fnt\n|-heal|p2a: Rage Quit|51\/100|[from] drain|[of] p1a: Dukuh Atas-U\n|faint|p1a: Dukuh Atas-U\n|-end|p1a: Dukuh Atas-U|Protosynthesis|[silent]\n|\n|-heal|p2a: Rage Quit|57\/100|[from] item: Leftovers\n|upkeep\n|\n|t:|1697812773\n|switch|p1a: Harjamukti-LRT|Miraidon|100\/100\n|-damage|p1a: Harjamukti-LRT|88\/100|[from] Stealth Rock\n|-fieldstart|move: Electric Terrain|[from] ability: Hadron Engine|[of] p1a: Harjamukti-LRT\n|turn|15\n|c|\u2606LimefennecYT|\u0442\u044b, \u0435\u0431\u0430\u043d\u0430\u044f \u043f\u0438\u0437\u0434\u0430, \u043c\u0430\u043b\u0435\u043d\u044c\u043a\u0430\u044f \u0441\u0443\u0447\u043a\u0430, \u044f \u043d\u0435\u043d\u0430\u0432\u0438\u0436\u0443 \u0442\u0432\u043e\u0438 \u0447\u0435\u0440\u0442\u043e\u0432\u044b \u043c\u0435\u0442\u0430-\u0431\u0438\u043b\u0434\u044b\n|\n|t:|1697812785\n|move|p1a: Harjamukti-LRT|Parabolic Charge|p2a: Rage Quit\n|-damage|p2a: Rage Quit|9\/100\n|-heal|p1a: Harjamukti-LRT|100\/100|[from] drain|[of] p2a: Rage Quit\n|-damage|p1a: Harjamukti-LRT|91\/100|[from] item: Life Orb\n|move|p2a: Rage Quit|Drain Punch|p1a: Harjamukti-LRT\n|-damage|p1a: Harjamukti-LRT|60\/100\n|-heal|p2a: Rage Quit|21\/100|[from] drain|[of] p1a: Harjamukti-LRT\n|\n|-heal|p2a: Rage Quit|27\/100|[from] item: Leftovers\n|upkeep\n|turn|16\n|\n|t:|1697812798\n|move|p1a: Harjamukti-LRT|Parabolic Charge|p2a: Rage Quit\n|-damage|p2a: Rage Quit|0 fnt\n|-heal|p1a: Harjamukti-LRT|76\/100|[from] drain|[of] p2a: Rage Quit\n|faint|p2a: Rage Quit\n|-damage|p1a: Harjamukti-LRT|66\/100|[from] item: Life Orb\n|\n|upkeep\n|c|\u2606NuttyBonvoy|calm down bro\n|\n|t:|1697812804\n|switch|p2a: Death|Kingambit, M, shiny|100\/100\n|-activate|p2a: Death|ability: Supreme Overlord\n|-start|p2a: Death|fallen5|[silent]\n|turn|17\n|\n|t:|1697812812\n|-terastallize|p1a: Harjamukti-LRT|Dragon\n|move|p1a: Harjamukti-LRT|Parabolic Charge|p2a: Death\n|-damage|p2a: Death|9\/100\n|-heal|p1a: Harjamukti-LRT|100\/100|[from] drain|[of] p2a: Death\n|-damage|p1a: Harjamukti-LRT|91\/100|[from] item: Life Orb\n|move|p2a: Death|Kowtow Cleave|p1a: Harjamukti-LRT\n|-damage|p1a: Harjamukti-LRT|7\/100\n|\n|upkeep\n|turn|18\n|c|\u2606LimefennecYT|fucking legendary spammer\n|\n|t:|1697812834\n|move|p2a: Death|Sucker Punch|p1a: Harjamukti-LRT\n|-damage|p1a: Harjamukti-LRT|0 fnt\n|faint|p1a: Harjamukti-LRT\n|\n|upkeep\n|l|\u2606NuttyBonvoy\n|player|p1|\n|inactive|Battle timer is ON: inactive players will automatically lose when time's up. (requested by LimefennecYT)\n|inactive|NuttyBonvoy has 30 seconds to reconnect!\n|inactive|NuttyBonvoy has 20 seconds to reconnect!\n|inactive|NuttyBonvoy has 15 seconds to reconnect!\n|inactive|NuttyBonvoy has 10 seconds to reconnect!\n|inactive|NuttyBonvoy has 5 seconds to reconnect!\n|-message|NuttyBonvoy lost due to inactivity.\n|\n|win|LimefennecYT\n|raw|NuttyBonvoy's rating: 1102 &rarr; <strong>1076<\/strong><br \/>(-26 for losing)\n|raw|LimefennecYT's rating: 1083 &rarr; <strong>1112<\/strong><br \/>(+29 for winning)\n","uploadtime":1697812781,"views":11,"p1id":"nuttybonvoy","p2id":"limefennecyt","formatid":"gen9anythinggoes","rating":1076,"private":0,"password":""}