{"id":"gen9anythinggoes-1983361223","p1":"gabbybabbyishawt","p2":"0-9p8p9p7","format":"[Gen 9] Anything Goes","log":"|j|\u2606gabbybabbyishawt\n|j|\u26060-9p8p9p7\n|t:|1699122055\n|gametype|singles\n|player|p1|gabbybabbyishawt|2|1096\n|player|p2|0-9p8p9p7|102|1141\n|teamsize|p1|6\n|teamsize|p2|6\n|gen|9\n|tier|[Gen 9] Anything Goes\n|rated|\n|rule|HP Percentage Mod: HP is shown in percentages\n|rule|Endless Battle Clause: Forcing endless battles is banned\n|clearpoke\n|poke|p1|Tinkaton, F|\n|poke|p1|Mimikyu, F|\n|poke|p1|Chien-Pao|\n|poke|p1|Iron Hands|\n|poke|p1|Gholdengo|\n|poke|p1|Quaquaval, M|\n|poke|p2|Snom, M|\n|poke|p2|Rabsca, F|\n|poke|p2|Snom, M|\n|poke|p2|Snom, F|\n|poke|p2|Snom, F|\n|poke|p2|Hoothoot, M|\n|teampreview\n|\n|t:|1699122065\n|start\n|switch|p1a: Chien-Pao|Chien-Pao|100\/100\n|switch|p2a: the smallest burb|Hoothoot, M|100\/100\n|-ability|p1a: Chien-Pao|Sword of Ruin\n|turn|1\n|\n|t:|1699122076\n|move|p1a: Chien-Pao|Sacred Sword|p2a: the smallest burb\n|-enditem|p2a: the smallest burb|Focus Sash\n|-damage|p2a: the smallest burb|1\/100\n|move|p2a: the smallest burb|Reflect|p2a: the smallest burb\n|-sidestart|p2: 0-9p8p9p7|Reflect\n|\n|upkeep\n|turn|2\n|\n|t:|1699122085\n|move|p1a: Chien-Pao|Sacred Sword|p2a: the smallest burb\n|-damage|p2a: the smallest burb|0 fnt\n|faint|p2a: the smallest burb\n|\n|upkeep\n|\n|t:|1699122087\n|switch|p2a: our savior|Rabsca, F|100\/100\n|turn|3\n|\n|t:|1699122093\n|move|p1a: Chien-Pao|Ice Spinner|p2a: our savior\n|-damage|p2a: our savior|71\/100\n|move|p2a: our savior|Trick Room|p2a: our savior\n|-fieldstart|move: Trick Room|[of] p2a: our savior\n|\n|upkeep\n|turn|4\n|\n|t:|1699122100\n|move|p2a: our savior|Sand Attack|p1a: Chien-Pao\n|-unboost|p1a: Chien-Pao|accuracy|1\n|move|p1a: Chien-Pao|Swords Dance|p1a: Chien-Pao\n|-boost|p1a: Chien-Pao|atk|2\n|\n|upkeep\n|turn|5\n|\n|t:|1699122104\n|move|p2a: our savior|Revival Blessing|p2a: our savior\n|\n|t:|1699122105\n|-heal|p2: the smallest burb|50\/100|[from] move: Revival Blessing\n|move|p1a: Chien-Pao|Sacred Sword|p2a: our savior\n|-resisted|p2a: our savior\n|-damage|p2a: our savior|60\/100\n|\n|-sideend|p2: 0-9p8p9p7|Reflect\n|upkeep\n|turn|6\n|\n|t:|1699122111\n|move|p2a: our savior|Sand Attack|p1a: Chien-Pao\n|-unboost|p1a: Chien-Pao|accuracy|1\n|move|p1a: Chien-Pao|Ice Spinner|p2a: our savior|[miss]\n|-miss|p1a: Chien-Pao|p2a: our savior\n|\n|upkeep\n|turn|7\n|\n|t:|1699122116\n|move|p1a: Chien-Pao|Sucker Punch||[still]\n|-fail|p1a: Chien-Pao\n|move|p2a: our savior|Sand Attack|p1a: Chien-Pao\n|-unboost|p1a: Chien-Pao|accuracy|1\n|\n|-fieldend|move: Trick Room\n|upkeep\n|turn|8\n|-message|gabbybabbyishawt forfeited.\n|\n|win|0-9p8p9p7\n|raw|gabbybabbyishawt's rating: 1096 &rarr; <strong>1075<\/strong><br \/>(-21 for losing)\n|raw|0-9p8p9p7's rating: 1141 &rarr; <strong>1163<\/strong><br \/>(+22 for winning)\n|l|\u2606gabbybabbyishawt\n","uploadtime":1699122126,"views":14,"p1id":"gabbybabbyishawt","p2id":"09p8p9p7","formatid":"gen9anythinggoes","rating":1075,"private":0,"password":""}