{"id":"gen9anythinggoes-1976614735","p1":"Kurdeus","p2":"Strong Lea","format":"[Gen 9] Anything Goes","log":"|j|\u2606Kurdeus\n|j|\u2606Strong Lea\n|t:|1698327404\n|gametype|singles\n|player|p1|Kurdeus|hugh|\n|player|p2|Strong Lea|korrina|\n|teamsize|p1|6\n|teamsize|p2|6\n|gen|9\n|tier|[Gen 9] Anything Goes\n|rule|HP Percentage Mod: HP is shown in percentages\n|rule|Endless Battle Clause: Forcing endless battles is banned\n|clearpoke\n|poke|p1|Iron Valiant|\n|poke|p1|Roaring Moon|\n|poke|p1|Toedscruel, F|\n|poke|p1|Chandelure, F|\n|poke|p1|Tinkaton, F|\n|poke|p1|Snorlax, M|\n|poke|p2|Qwilfish-Hisui, M|\n|poke|p2|Dachsbun, M|\n|poke|p2|Garganacl, M|\n|poke|p2|Annihilape, F|\n|poke|p2|Dudunsparce-*, M|\n|poke|p2|Slowking, F|\n|teampreview\n|inactive|Battle timer is ON: inactive players will automatically lose when time's up. (requested by Strong Lea)\n|c|\u2606Strong Lea|gl hf\n|c|\u2606Kurdeus|gl hf\n|inactive|Strong Lea has 270 seconds left.\n|inactiveoff|Battle timer is now OFF.\n|\n|t:|1698327459\n|start\n|switch|p1a: Tinkaton|Tinkaton, F|100\/100\n|switch|p2a: Mojito|Annihilape, F|100\/100\n|-ability|p1a: Tinkaton|Mold Breaker\n|turn|1\n|\n|t:|1698327487\n|switch|p2a: Manhattan|Qwilfish-Hisui, M, shiny|100\/100\n|-ability|p2a: Manhattan|Intimidate|boost\n|-unboost|p1a: Tinkaton|atk|1\n|move|p1a: Tinkaton|Stealth Rock|p2a: Manhattan\n|-sidestart|p2: Strong Lea|move: Stealth Rock\n|\n|upkeep\n|turn|2\n|\n|t:|1698327507\n|switch|p1a: Roaring Moon|Roaring Moon|100\/100\n|move|p2a: Manhattan|Toxic Spikes|p1a: Roaring Moon\n|-sidestart|p1: Kurdeus|move: Toxic Spikes\n|\n|upkeep\n|turn|3\n|\n|t:|1698327525\n|move|p1a: Roaring Moon|Earthquake|p2a: Manhattan\n|-supereffective|p2a: Manhattan\n|-damage|p2a: Manhattan|7\/100\n|move|p2a: Manhattan|Spikes|p1a: Roaring Moon\n|-sidestart|p1: Kurdeus|Spikes\n|\n|upkeep\n|turn|4\n|\n|t:|1698327547\n|move|p1a: Roaring Moon|Earthquake|p2a: Manhattan\n|-supereffective|p2a: Manhattan\n|-damage|p2a: Manhattan|0 fnt\n|faint|p2a: Manhattan\n|\n|upkeep\n|\n|t:|1698327549\n|switch|p2a: April Shower|Dachsbun, M|100\/100\n|-damage|p2a: April Shower|88\/100|[from] Stealth Rock\n|turn|5\n|\n|t:|1698327559\n|-end|p1a: Roaring Moon|Protosynthesis|[silent]\n|switch|p1a: Tinkaton|Tinkaton, F|100\/100\n|-damage|p1a: Tinkaton|88\/100|[from] Spikes\n|-ability|p1a: Tinkaton|Mold Breaker\n|move|p2a: April Shower|Baton Pass|p2a: April Shower\n|\n|t:|1698327584\n|switch|p2a: Paloma|Garganacl, M|100\/100|[from] Baton Pass\n|-damage|p2a: Paloma|88\/100|[from] Stealth Rock\n|\n|upkeep\n|turn|6\n|\n|t:|1698327605\n|move|p1a: Tinkaton|Fake Out|p2a: Paloma\n|-resisted|p2a: Paloma\n|-damage|p2a: Paloma|85\/100\n|cant|p2a: Paloma|flinch\n|\n|upkeep\n|turn|7\n|\n|t:|1698327611\n|move|p1a: Tinkaton|Gigaton Hammer|p2a: Paloma\n|-supereffective|p2a: Paloma\n|-damage|p2a: Paloma|10\/100\n|move|p2a: Paloma|Salt Cure|p1a: Tinkaton\n|-resisted|p1a: Tinkaton\n|-damage|p1a: Tinkaton|79\/100\n|-start|p1a: Tinkaton|Salt Cure\n|\n|-damage|p1a: Tinkaton|54\/100|[from] Salt Cure\n|upkeep\n|turn|8\n|\n|t:|1698327623\n|switch|p1a: Toedscruel|Toedscruel, F|100\/100\n|-status|p1a: Toedscruel|psn\n|-damage|p1a: Toedscruel|88\/100 psn|[from] Spikes\n|move|p2a: Paloma|Recover|p2a: Paloma\n|-heal|p2a: Paloma|60\/100\n|\n|-damage|p1a: Toedscruel|76\/100 psn|[from] psn\n|upkeep\n|turn|9\n|\n|t:|1698327627\n|switch|p2a: Mojito|Annihilape, F|100\/100\n|-damage|p2a: Mojito|94\/100|[from] Stealth Rock\n|move|p1a: Toedscruel|Rapid Spin|p2a: Mojito\n|-immune|p2a: Mojito\n|\n|-heal|p2a: Mojito|100\/100|[from] item: Leftovers\n|-damage|p1a: Toedscruel|64\/100 psn|[from] psn\n|upkeep\n|turn|10\n|\n|t:|1698327664\n|move|p2a: Mojito|Bulk Up|p2a: Mojito\n|-boost|p2a: Mojito|atk|1\n|-boost|p2a: Mojito|def|1\n|move|p1a: Toedscruel|Leech Seed|p2a: Mojito|[miss]\n|-miss|p1a: Toedscruel|p2a: Mojito\n|\n|-damage|p1a: Toedscruel|51\/100 psn|[from] psn\n|upkeep\n|turn|11\n|\n|t:|1698327681\n|move|p2a: Mojito|Drain Punch|p1a: Toedscruel\n|-damage|p1a: Toedscruel|0 fnt\n|faint|p1a: Toedscruel\n|\n|upkeep\n|\n|t:|1698327696\n|switch|p1a: Chandelure|Chandelure, F|100\/100\n|-status|p1a: Chandelure|psn\n|-damage|p1a: Chandelure|88\/100 psn|[from] Spikes\n|turn|12\n|\n|t:|1698327710\n|-terastallize|p1a: Chandelure|Fighting\n|move|p2a: Mojito|Protect|p2a: Mojito\n|-singleturn|p2a: Mojito|Protect\n|move|p1a: Chandelure|Shadow Ball|p2a: Mojito\n|-activate|p2a: Mojito|move: Protect\n|\n|-damage|p1a: Chandelure|76\/100 psn|[from] psn\n|upkeep\n|turn|13\n|\n|t:|1698327751\n|switch|p2a: Paloma|Garganacl, M|60\/100\n|-damage|p2a: Paloma|48\/100|[from] Stealth Rock\n|move|p1a: Chandelure|Shadow Ball|p2a: Paloma\n|-damage|p2a: Paloma|24\/100\n|-unboost|p2a: Paloma|spd|1\n|\n|-damage|p1a: Chandelure|64\/100 psn|[from] psn\n|upkeep\n|turn|14\n|\n|t:|1698327770\n|switch|p1a: Tinkaton|Tinkaton, F|54\/100\n|-damage|p1a: Tinkaton|42\/100|[from] Spikes\n|-ability|p1a: Tinkaton|Mold Breaker\n|-enditem|p1a: Tinkaton|Sitrus Berry|[eat]\n|-heal|p1a: Tinkaton|66\/100|[from] item: Sitrus Berry\n|switch|p2a: Vodka O|Dudunsparce, M|100\/100\n|-damage|p2a: Vodka O|88\/100|[from] Stealth Rock\n|\n|upkeep\n|turn|15\n|\n|t:|1698327795\n|move|p1a: Tinkaton|Fake Out|p2a: Vodka O\n|-damage|p2a: Vodka O|81\/100\n|-damage|p1a: Tinkaton|50\/100|[from] item: Rocky Helmet|[of] p2a: Vodka O\n|cant|p2a: Vodka O|flinch\n|\n|upkeep\n|turn|16\n|\n|t:|1698327811\n|move|p1a: Tinkaton|Gigaton Hammer|p2a: Vodka O\n|-damage|p2a: Vodka O|45\/100\n|move|p2a: Vodka O|Glare|p1a: Tinkaton\n|-status|p1a: Tinkaton|par\n|\n|upkeep\n|turn|17\n|\n|t:|1698327828\n|switch|p1a: Roaring Moon|Roaring Moon|100\/100\n|-status|p1a: Roaring Moon|psn\n|-damage|p1a: Roaring Moon|88\/100 psn|[from] Spikes\n|move|p2a: Vodka O|Roost|p2a: Vodka O\n|-heal|p2a: Vodka O|95\/100\n|-singleturn|p2a: Vodka O|move: Roost\n|\n|-damage|p1a: Roaring Moon|76\/100 psn|[from] psn\n|upkeep\n|turn|18\n|\n|t:|1698327851\n|switch|p2a: April Shower|Dachsbun, M|88\/100\n|-damage|p2a: April Shower|76\/100|[from] Stealth Rock\n|move|p1a: Roaring Moon|Knock Off|p2a: April Shower\n|-resisted|p2a: April Shower\n|-damage|p2a: April Shower|48\/100\n|-enditem|p2a: April Shower|Babiri Berry|[from] move: Knock Off|[of] p1a: Roaring Moon\n|\n|-damage|p1a: Roaring Moon|64\/100 psn|[from] psn\n|upkeep\n|turn|19\n|\n|t:|1698327861\n|-end|p1a: Roaring Moon|Protosynthesis|[silent]\n|switch|p1a: Tinkaton|Tinkaton, F|50\/100 par\n|-damage|p1a: Tinkaton|38\/100 par|[from] Spikes\n|-ability|p1a: Tinkaton|Mold Breaker\n|move|p2a: April Shower|Wish|p2a: April Shower\n|\n|upkeep\n|turn|20\n|\n|t:|1698327879\n|move|p2a: April Shower|Protect|p2a: April Shower\n|-singleturn|p2a: April Shower|Protect\n|move|p1a: Tinkaton|Gigaton Hammer|p2a: April Shower\n|-activate|p2a: April Shower|move: Protect\n|\n|-heal|p2a: April Shower|98\/100|[from] move: Wish|[wisher] April Shower\n|upkeep\n|turn|21\n|\n|t:|1698327915\n|switch|p1a: Snorlax|Snorlax, M|100\/100\n|-damage|p1a: Snorlax|88\/100|[from] Spikes\n|move|p2a: April Shower|Wish|p2a: April Shower\n|\n|-heal|p1a: Snorlax|94\/100|[from] item: Leftovers\n|upkeep\n|turn|22\n|\n|t:|1698327938\n|move|p2a: April Shower|Baton Pass|p2a: April Shower\n|\n|t:|1698327940\n|switch|p2a: Paloma|Garganacl, M|24\/100|[from] Baton Pass\n|-damage|p2a: Paloma|12\/100|[from] Stealth Rock\n|move|p1a: Snorlax|Crunch|p2a: Paloma\n|-damage|p2a: Paloma|0 fnt\n|faint|p2a: Paloma\n|\n|-heal|p1a: Snorlax|99\/100|[from] item: Leftovers\n|upkeep\n|\n|t:|1698327952\n|switch|p2a: Mojito|Annihilape, F|100\/100\n|-damage|p2a: Mojito|94\/100|[from] Stealth Rock\n|turn|23\n|\n|t:|1698327974\n|move|p2a: Mojito|Rage Fist|p1a: Snorlax\n|-immune|p1a: Snorlax\n|move|p1a: Snorlax|Crunch|p2a: Mojito\n|-damage|p2a: Mojito|68\/100\n|\n|-heal|p2a: Mojito|74\/100|[from] item: Leftovers\n|-heal|p1a: Snorlax|100\/100|[from] item: Leftovers\n|upkeep\n|turn|24\n|\n|t:|1698327987\n|move|p2a: Mojito|Bulk Up|p2a: Mojito\n|-boost|p2a: Mojito|atk|1\n|-boost|p2a: Mojito|def|1\n|move|p1a: Snorlax|Heat Crash|p2a: Mojito\n|-damage|p2a: Mojito|45\/100\n|\n|-heal|p2a: Mojito|52\/100|[from] item: Leftovers\n|upkeep\n|turn|25\n|\n|t:|1698327997\n|move|p2a: Mojito|Protect|p2a: Mojito\n|-singleturn|p2a: Mojito|Protect\n|move|p1a: Snorlax|Crunch|p2a: Mojito\n|-activate|p2a: Mojito|move: Protect\n|\n|-heal|p2a: Mojito|58\/100|[from] item: Leftovers\n|upkeep\n|turn|26\n|\n|t:|1698328003\n|move|p2a: Mojito|Bulk Up|p2a: Mojito\n|-boost|p2a: Mojito|atk|1\n|-boost|p2a: Mojito|def|1\n|move|p1a: Snorlax|Crunch|p2a: Mojito\n|-damage|p2a: Mojito|45\/100\n|\n|-heal|p2a: Mojito|52\/100|[from] item: Leftovers\n|upkeep\n|turn|27\n|\n|t:|1698328012\n|move|p2a: Mojito|Drain Punch|p1a: Snorlax\n|-supereffective|p1a: Snorlax\n|-damage|p1a: Snorlax|0 fnt\n|-heal|p2a: Mojito|100\/100|[from] drain|[of] p1a: Snorlax\n|faint|p1a: Snorlax\n|\n|upkeep\n|\n|t:|1698328020\n|switch|p1a: Iron Valiant|Iron Valiant|100\/100\n|-status|p1a: Iron Valiant|psn\n|-damage|p1a: Iron Valiant|88\/100 psn|[from] Spikes\n|turn|28\n|\n|t:|1698328046\n|move|p2a: Mojito|Protect|p2a: Mojito\n|-singleturn|p2a: Mojito|Protect\n|move|p1a: Iron Valiant|Spirit Break|p2a: Mojito\n|-activate|p2a: Mojito|move: Protect\n|\n|-damage|p1a: Iron Valiant|76\/100 psn|[from] psn\n|upkeep\n|turn|29\n|\n|t:|1698328059\n|move|p1a: Iron Valiant|Spirit Break|p2a: Mojito\n|-supereffective|p2a: Mojito\n|-damage|p2a: Mojito|59\/100\n|-unboost|p2a: Mojito|spa|1\n|move|p2a: Mojito|Rage Fist|p1a: Iron Valiant\n|-damage|p1a: Iron Valiant|0 fnt\n|faint|p1a: Iron Valiant\n|-end|p1a: Iron Valiant|Quark Drive|[silent]\n|\n|-heal|p2a: Mojito|66\/100|[from] item: Leftovers\n|upkeep\n|\n|t:|1698328070\n|switch|p1a: Chandelure|Chandelure, F, tera:Fighting|64\/100 psn\n|-damage|p1a: Chandelure|51\/100 psn|[from] Spikes\n|turn|30\n|\n|t:|1698328076\n|move|p2a: Mojito|Protect|p2a: Mojito\n|-singleturn|p2a: Mojito|Protect\n|move|p1a: Chandelure|Shadow Ball|p2a: Mojito\n|-activate|p2a: Mojito|move: Protect\n|\n|-heal|p2a: Mojito|72\/100|[from] item: Leftovers\n|-damage|p1a: Chandelure|39\/100 psn|[from] psn\n|upkeep\n|turn|31\n|\n|t:|1698328135\n|move|p2a: Mojito|Rage Fist|p1a: Chandelure\n|-damage|p1a: Chandelure|0 fnt\n|faint|p1a: Chandelure\n|\n|-heal|p2a: Mojito|78\/100|[from] item: Leftovers\n|upkeep\n|\n|t:|1698328141\n|switch|p1a: Tinkaton|Tinkaton, F|38\/100 par\n|-damage|p1a: Tinkaton|26\/100 par|[from] Spikes\n|-ability|p1a: Tinkaton|Mold Breaker\n|turn|32\n|\n|t:|1698328149\n|move|p2a: Mojito|Drain Punch|p1a: Tinkaton\n|-damage|p1a: Tinkaton|0 fnt\n|-heal|p2a: Mojito|87\/100|[from] drain|[of] p1a: Tinkaton\n|faint|p1a: Tinkaton\n|\n|-heal|p2a: Mojito|93\/100|[from] item: Leftovers\n|upkeep\n|c|\u2606Kurdeus|gg\n|\n|t:|1698328158\n|switch|p1a: Roaring Moon|Roaring Moon|64\/100 psn\n|-damage|p1a: Roaring Moon|51\/100 psn|[from] Spikes\n|turn|33\n|\n|t:|1698328163\n|move|p2a: Mojito|Protect|p2a: Mojito\n|-singleturn|p2a: Mojito|Protect\n|move|p1a: Roaring Moon|Outrage|p2a: Mojito\n|-activate|p2a: Mojito|move: Protect\n|\n|-heal|p2a: Mojito|99\/100|[from] item: Leftovers\n|-damage|p1a: Roaring Moon|39\/100 psn|[from] psn\n|upkeep\n|turn|34\n|\n|t:|1698328166\n|move|p1a: Roaring Moon|Outrage|p2a: Mojito\n|-damage|p2a: Mojito|50\/100\n|move|p2a: Mojito|Drain Punch|p1a: Roaring Moon\n|-supereffective|p1a: Roaring Moon\n|-damage|p1a: Roaring Moon|0 fnt\n|-heal|p2a: Mojito|66\/100|[from] drain|[of] p1a: Roaring Moon\n|faint|p1a: Roaring Moon\n|-end|p1a: Roaring Moon|Protosynthesis|[silent]\n|\n|win|Strong Lea\n|c|\u2606Strong Lea|gg\n|l|\u2606Kurdeus\n|c|\u2606Strong Lea|ich schicke\n","uploadtime":1698328174,"views":29,"p1id":"kurdeus","p2id":"stronglea","formatid":"gen9anythinggoes","rating":0,"private":0,"password":""}