{"id":"gen9anythinggoes-1977153275","p1":"FeeboFlavour","p2":"Hackity","format":"[Gen 9] Anything Goes","log":"|j|\u2606FeeboFlavour\n|j|\u2606Hackity\n|t:|1698378011\n|gametype|singles\n|player|p1|FeeboFlavour|265|1051\n|player|p2|Hackity|red|1201\n|teamsize|p1|6\n|teamsize|p2|6\n|gen|9\n|tier|[Gen 9] Anything Goes\n|rated|\n|rule|HP Percentage Mod: HP is shown in percentages\n|rule|Endless Battle Clause: Forcing endless battles is banned\n|clearpoke\n|poke|p1|Arceus-Fairy|\n|poke|p1|Groudon|\n|poke|p1|Zacian-*|\n|poke|p1|Regieleki|\n|poke|p1|Palkia|\n|poke|p1|Toxapex, M|\n|poke|p2|Mewtwo|\n|poke|p2|Snorlax, F|\n|poke|p2|Charizard, M|\n|poke|p2|Dragonite, F|\n|poke|p2|Persian, F|\n|poke|p2|Electrode-Hisui|\n|teampreview\n|\n|t:|1698378030\n|start\n|switch|p1a: Stingy|Toxapex, M|100\/100\n|switch|p2a: Electrode|Electrode-Hisui|100\/100\n|turn|1\n|inactive|Battle timer is ON: inactive players will automatically lose when time's up. (requested by FeeboFlavour)\n|\n|t:|1698378042\n|move|p1a: Stingy|Baneful Bunker|p1a: Stingy\n|-singleturn|p1a: Stingy|move: Protect\n|move|p2a: Electrode|Taunt|p1a: Stingy\n|-activate|p1a: Stingy|move: Protect\n|\n|upkeep\n|turn|2\n|\n|t:|1698378047\n|move|p2a: Electrode|Taunt|p1a: Stingy\n|-start|p1a: Stingy|move: Taunt\n|cant|p1a: Stingy|move: Taunt|Toxic Spikes\n|\n|upkeep\n|turn|3\n|\n|t:|1698378060\n|switch|p1a: Dragging|Palkia|100\/100\n|-ability|p1a: Dragging|Pressure\n|move|p2a: Electrode|Discharge|p1a: Dragging\n|-crit|p1a: Dragging\n|-damage|p1a: Dragging|55\/100\n|-status|p1a: Dragging|par\n|\n|upkeep\n|turn|4\n|\n|t:|1698378071\n|move|p2a: Electrode|Discharge|p1a: Dragging\n|-damage|p1a: Dragging|26\/100 par\n|move|p1a: Dragging|Avalanche|p2a: Electrode\n|-supereffective|p2a: Electrode\n|-enditem|p2a: Electrode|Focus Sash\n|-damage|p2a: Electrode|1\/100\n|\n|upkeep\n|turn|5\n|\n|t:|1698378079\n|move|p1a: Dragging|Protect|p1a: Dragging\n|-singleturn|p1a: Dragging|Protect\n|move|p2a: Electrode|Discharge|p1a: Dragging\n|-activate|p1a: Dragging|move: Protect\n|\n|upkeep\n|turn|6\n|\n|t:|1698378090\n|switch|p1a: Beep boop beep|Regieleki|100\/100\n|move|p2a: Electrode|Foul Play|p1a: Beep boop beep\n|-damage|p1a: Beep boop beep|58\/100\n|\n|upkeep\n|turn|7\n|\n|t:|1698378098\n|move|p1a: Beep boop beep|Extreme Speed|p2a: Electrode\n|-damage|p2a: Electrode|0 fnt\n|-damage|p1a: Beep boop beep|33\/100|[from] ability: Aftermath|[of] p2a: Electrode\n|faint|p2a: Electrode\n|\n|upkeep\n|\n|t:|1698378108\n|switch|p2a: Persian|Persian, F|100\/100\n|turn|8\n|\n|t:|1698378115\n|switch|p1a: Woof|Zacian-Crowned|100\/100\n|-ability|p1a: Woof|Intrepid Sword|boost\n|-boost|p1a: Woof|atk|1\n|move|p2a: Persian|Fake Out|p1a: Woof\n|-resisted|p1a: Woof\n|-damage|p1a: Woof|90\/100\n|\n|upkeep\n|turn|9\n|\n|t:|1698378131\n|switch|p2a: waff|Charizard, M|100\/100\n|move|p1a: Woof|Behemoth Blade|p2a: waff\n|-resisted|p2a: waff\n|-damage|p2a: waff|36\/100\n|\n|upkeep\n|turn|10\n|\n|t:|1698378143\n|switch|p1a: Stingy|Toxapex, M|100\/100\n|move|p2a: waff|Will-O-Wisp|p1a: Stingy\n|-status|p1a: Stingy|brn\n|\n|-damage|p1a: Stingy|94\/100 brn|[from] brn\n|upkeep\n|turn|11\n|\n|t:|1698378156\n|switch|p2a: Mewtwo|Mewtwo|100\/100\n|-ability|p2a: Mewtwo|Pressure\n|move|p1a: Stingy|Toxic Spikes|p2a: Mewtwo\n|-sidestart|p2: Hackity|move: Toxic Spikes\n|\n|-heal|p1a: Stingy|100\/100 brn|[from] item: Black Sludge\n|-damage|p1a: Stingy|94\/100 brn|[from] brn\n|upkeep\n|turn|12\n|\n|t:|1698378168\n|move|p1a: Stingy|Baneful Bunker|p1a: Stingy\n|-singleturn|p1a: Stingy|move: Protect\n|move|p2a: Mewtwo|Nasty Plot|p2a: Mewtwo\n|-boost|p2a: Mewtwo|spa|2\n|\n|-heal|p1a: Stingy|100\/100 brn|[from] item: Black Sludge\n|-damage|p1a: Stingy|94\/100 brn|[from] brn\n|upkeep\n|turn|13\n|\n|t:|1698378179\n|move|p2a: Mewtwo|Psystrike|p1a: Stingy\n|-supereffective|p1a: Stingy\n|-damage|p1a: Stingy|0 fnt\n|faint|p1a: Stingy\n|-damage|p2a: Mewtwo|91\/100|[from] item: Life Orb\n|\n|upkeep\n|\n|t:|1698378186\n|switch|p1a: Woof|Zacian-Crowned|90\/100\n|turn|14\n|\n|t:|1698378190\n|-terastallize|p2a: Mewtwo|Fire\n|move|p1a: Woof|Behemoth Blade|p2a: Mewtwo\n|-resisted|p2a: Mewtwo\n|-damage|p2a: Mewtwo|61\/100\n|move|p2a: Mewtwo|Fire Blast|p1a: Woof\n|-supereffective|p1a: Woof\n|-damage|p1a: Woof|0 fnt\n|faint|p1a: Woof\n|-damage|p2a: Mewtwo|51\/100|[from] item: Life Orb\n|\n|upkeep\n|\n|t:|1698378201\n|switch|p1a: Magic Horse|Arceus-Fairy, shiny|100\/100\n|turn|15\n|\n|t:|1698378220\n|-terastallize|p1a: Magic Horse|Fairy\n|move|p2a: Mewtwo|Psystrike|p1a: Magic Horse\n|-damage|p1a: Magic Horse|0 fnt\n|faint|p1a: Magic Horse\n|-damage|p2a: Mewtwo|42\/100|[from] item: Life Orb\n|\n|upkeep\n|\n|t:|1698378227\n|switch|p1a: Groudon|Groudon|100\/100\n|-weather|SunnyDay|[from] ability: Drought|[of] p1a: Groudon\n|turn|16\n|\n|t:|1698378237\n|move|p2a: Mewtwo|Psystrike|p1a: Groudon\n|-damage|p1a: Groudon|0 fnt\n|faint|p1a: Groudon\n|-damage|p2a: Mewtwo|32\/100|[from] item: Life Orb\n|\n|-weather|SunnyDay|[upkeep]\n|upkeep\n|\n|t:|1698378244\n|switch|p1a: Beep boop beep|Regieleki|33\/100\n|turn|17\n|\n|t:|1698378252\n|move|p1a: Beep boop beep|Extreme Speed|p2a: Mewtwo\n|-crit|p2a: Mewtwo\n|-damage|p2a: Mewtwo|5\/100\n|move|p2a: Mewtwo|Psystrike|p1a: Beep boop beep\n|-damage|p1a: Beep boop beep|0 fnt\n|faint|p1a: Beep boop beep\n|-damage|p2a: Mewtwo|0 fnt|[from] item: Life Orb\n|faint|p2a: Mewtwo\n|\n|-weather|SunnyDay|[upkeep]\n|upkeep\n|\n|t:|1698378265\n|switch|p1a: Dragging|Palkia|26\/100 par\n|switch|p2a: Dragonite|Dragonite, F|100\/100\n|-ability|p1a: Dragging|Pressure\n|turn|18\n|\n|t:|1698378274\n|move|p1a: Dragging|Protect|p1a: Dragging\n|-singleturn|p1a: Dragging|Protect\n|move|p2a: Dragonite|Extreme Speed|p1a: Dragging\n|-activate|p1a: Dragging|move: Protect\n|\n|-weather|SunnyDay|[upkeep]\n|upkeep\n|turn|19\n|\n|t:|1698378281\n|move|p2a: Dragonite|Extreme Speed|p1a: Dragging\n|-damage|p1a: Dragging|1\/100 par\n|move|p1a: Dragging|Spacial Rend|p2a: Dragonite\n|-supereffective|p2a: Dragonite\n|-damage|p2a: Dragonite|23\/100\n|-enditem|p2a: Dragonite|Weakness Policy\n|-boost|p2a: Dragonite|atk|2|[from] item: Weakness Policy\n|-boost|p2a: Dragonite|spa|2|[from] item: Weakness Policy\n|\n|-weather|SunnyDay|[upkeep]\n|upkeep\n|turn|20\n|\n|t:|1698378289\n|cant|p1a: Dragging|par\n|move|p2a: Dragonite|Extreme Speed|p1a: Dragging\n|-damage|p1a: Dragging|0 fnt\n|faint|p1a: Dragging\n|\n|win|Hackity\n|raw|FeeboFlavour's rating: 1051 &rarr; <strong>1041<\/strong><br \/>(-10 for losing)\n|raw|Hackity's rating: 1201 &rarr; <strong>1216<\/strong><br \/>(+15 for winning)\n|c|\u2606Hackity|gg wp\n|l|\u2606FeeboFlavour\n","uploadtime":1698378573,"views":11,"p1id":"feeboflavour","p2id":"hackity","formatid":"gen9anythinggoes","rating":1041,"private":0,"password":""}