{"id":"gen9anythinggoes-1979416646","p1":"thieunangcaobang","p2":"Glaire","format":"[Gen 9] Anything Goes","log":"|j|\u2606thieunangcaobang\n|j|\u2606Glaire\n|t:|1698680947\n|gametype|singles\n|player|p1|thieunangcaobang|265|1115\n|player|p2|Glaire|backersf|1044\n|teamsize|p1|6\n|teamsize|p2|6\n|gen|9\n|tier|[Gen 9] Anything Goes\n|rated|\n|rule|HP Percentage Mod: HP is shown in percentages\n|rule|Endless Battle Clause: Forcing endless battles is banned\n|clearpoke\n|poke|p1|Hippowdon, F|\n|poke|p1|Corviknight, F|\n|poke|p1|Blissey, F|\n|poke|p1|Toxapex, M|\n|poke|p1|Clefable, F|\n|poke|p1|Slowking-Galar, M|\n|poke|p2|Ariados, F|\n|poke|p2|Basculin, L2, F|\n|poke|p2|Pikachu-Unova, M|\n|poke|p2|Brute Bonnet|\n|poke|p2|Sableye, F|\n|poke|p2|Jirachi|\n|teampreview\n|\n|t:|1698680968\n|start\n|switch|p1a: Clefable|Clefable, F, shiny|100\/100\n|switch|p2a: Sableye|Sableye, F|100\/100\n|turn|1\n|\n|t:|1698680973\n|move|p2a: Sableye|Fake Out|p1a: Clefable\n|-damage|p1a: Clefable|94\/100\n|cant|p1a: Clefable|flinch\n|\n|-heal|p1a: Clefable|99\/100|[from] item: Leftovers\n|upkeep\n|turn|2\n|\n|t:|1698680981\n|switch|p2a: Jirachi|Jirachi|100\/100\n|move|p1a: Clefable|Calm Mind|p1a: Clefable\n|-boost|p1a: Clefable|spa|1\n|-boost|p1a: Clefable|spd|1\n|\n|-heal|p1a: Clefable|100\/100|[from] item: Leftovers\n|upkeep\n|turn|3\n|\n|t:|1698680989\n|-terastallize|p2a: Jirachi|Steel\n|move|p2a: Jirachi|Iron Head|p1a: Clefable\n|-supereffective|p1a: Clefable\n|-damage|p1a: Clefable|0 fnt\n|faint|p1a: Clefable\n|\n|upkeep\n|\n|t:|1698681001\n|switch|p1a: Hippowdon|Hippowdon, F|100\/100\n|-weather|Sandstorm|[from] ability: Sand Stream|[of] p1a: Hippowdon\n|turn|4\n|\n|t:|1698681011\n|switch|p2a: Brute Bonnet|Brute Bonnet|100\/100\n|move|p1a: Hippowdon|Earthquake|p2a: Brute Bonnet\n|-resisted|p2a: Brute Bonnet\n|-damage|p2a: Brute Bonnet|85\/100\n|\n|-weather|Sandstorm|[upkeep]\n|-damage|p2a: Brute Bonnet|79\/100|[from] Sandstorm\n|-heal|p2a: Brute Bonnet|85\/100|[from] item: Leftovers\n|upkeep\n|turn|5\n|\n|t:|1698681023\n|move|p2a: Brute Bonnet|Spore|p1a: Hippowdon\n|-status|p1a: Hippowdon|slp|[from] move: Spore\n|cant|p1a: Hippowdon|slp\n|\n|-weather|Sandstorm|[upkeep]\n|-damage|p2a: Brute Bonnet|79\/100|[from] Sandstorm\n|-heal|p2a: Brute Bonnet|85\/100|[from] item: Leftovers\n|upkeep\n|turn|6\n|\n|t:|1698681036\n|move|p2a: Brute Bonnet|Seed Bomb|p1a: Hippowdon\n|-supereffective|p1a: Hippowdon\n|-damage|p1a: Hippowdon|40\/100 slp\n|-curestatus|p1a: Hippowdon|slp|[msg]\n|move|p1a: Hippowdon|Whirlwind|p2a: Brute Bonnet\n|-end|p2a: Brute Bonnet|Protosynthesis|[silent]\n|drag|p2a: Sableye|Sableye, F|100\/100\n|\n|-weather|Sandstorm|[upkeep]\n|-damage|p2a: Sableye|94\/100|[from] Sandstorm\n|-heal|p2a: Sableye|100\/100|[from] item: Leftovers\n|-heal|p1a: Hippowdon|46\/100|[from] item: Leftovers\n|upkeep\n|turn|7\n|\n|t:|1698681051\n|move|p2a: Sableye|Fake Out|p1a: Hippowdon\n|-damage|p1a: Hippowdon|41\/100\n|cant|p1a: Hippowdon|flinch\n|\n|-weather|Sandstorm|[upkeep]\n|-damage|p2a: Sableye|94\/100|[from] Sandstorm\n|-heal|p2a: Sableye|100\/100|[from] item: Leftovers\n|-heal|p1a: Hippowdon|47\/100|[from] item: Leftovers\n|upkeep\n|turn|8\n|\n|t:|1698681061\n|switch|p2a: Brute Bonnet|Brute Bonnet|85\/100\n|move|p1a: Hippowdon|Stealth Rock|p2a: Brute Bonnet\n|-sidestart|p2: Glaire|move: Stealth Rock\n|\n|-weather|none\n|-heal|p2a: Brute Bonnet|92\/100|[from] item: Leftovers\n|-heal|p1a: Hippowdon|54\/100|[from] item: Leftovers\n|upkeep\n|turn|9\n|\n|t:|1698681073\n|switch|p1a: Slowking|Slowking-Galar, M|100\/100\n|move|p2a: Brute Bonnet|Seed Bomb|p1a: Slowking\n|-resisted|p1a: Slowking\n|-damage|p1a: Slowking|83\/100\n|\n|-heal|p2a: Brute Bonnet|98\/100|[from] item: Leftovers\n|-heal|p1a: Slowking|89\/100|[from] item: Black Sludge\n|upkeep\n|turn|10\n|\n|t:|1698681088\n|-end|p2a: Brute Bonnet|Protosynthesis|[silent]\n|switch|p2a: Sableye|Sableye, F|100\/100\n|-damage|p2a: Sableye|88\/100|[from] Stealth Rock\n|move|p1a: Slowking|Ice Beam|p2a: Sableye\n|-damage|p2a: Sableye|61\/100\n|\n|-heal|p2a: Sableye|67\/100|[from] item: Leftovers\n|-heal|p1a: Slowking|95\/100|[from] item: Black Sludge\n|upkeep\n|turn|11\n|\n|t:|1698681098\n|move|p2a: Sableye|Fake Out|p1a: Slowking\n|-damage|p1a: Slowking|89\/100\n|cant|p1a: Slowking|flinch\n|\n|-heal|p2a: Sableye|74\/100|[from] item: Leftovers\n|-heal|p1a: Slowking|95\/100|[from] item: Black Sludge\n|upkeep\n|turn|12\n|\n|t:|1698681106\n|move|p2a: Sableye|Knock Off|p1a: Slowking\n|-supereffective|p1a: Slowking\n|-damage|p1a: Slowking|48\/100\n|-enditem|p1a: Slowking|Black Sludge|[from] move: Knock Off|[of] p2a: Sableye\n|move|p1a: Slowking|Eerie Spell|p2a: Sableye\n|-immune|p2a: Sableye\n|\n|-heal|p2a: Sableye|80\/100|[from] item: Leftovers\n|upkeep\n|turn|13\n|\n|t:|1698681135\n|switch|p1a: Hippowdon|Hippowdon, F|54\/100\n|-weather|Sandstorm|[from] ability: Sand Stream|[of] p1a: Hippowdon\n|move|p2a: Sableye|Knock Off|p1a: Hippowdon\n|-damage|p1a: Hippowdon|37\/100\n|-enditem|p1a: Hippowdon|Leftovers|[from] move: Knock Off|[of] p2a: Sableye\n|\n|-weather|Sandstorm|[upkeep]\n|-damage|p2a: Sableye|74\/100|[from] Sandstorm\n|-heal|p2a: Sableye|80\/100|[from] item: Leftovers\n|upkeep\n|turn|14\n|\n|t:|1698681149\n|switch|p2a: Brute Bonnet|Brute Bonnet|98\/100\n|-damage|p2a: Brute Bonnet|85\/100|[from] Stealth Rock\n|move|p1a: Hippowdon|Stealth Rock||[still]\n|-fail|p1a: Hippowdon\n|\n|-weather|Sandstorm|[upkeep]\n|-damage|p2a: Brute Bonnet|79\/100|[from] Sandstorm\n|-heal|p2a: Brute Bonnet|85\/100|[from] item: Leftovers\n|upkeep\n|turn|15\n|\n|t:|1698681164\n|switch|p1a: Slowking|Slowking-Galar, M|81\/100\n|move|p2a: Brute Bonnet|Spore|p1a: Slowking\n|-status|p1a: Slowking|slp|[from] move: Spore\n|\n|-weather|Sandstorm|[upkeep]\n|-damage|p2a: Brute Bonnet|79\/100|[from] Sandstorm\n|-damage|p1a: Slowking|75\/100 slp|[from] Sandstorm\n|-heal|p2a: Brute Bonnet|85\/100|[from] item: Leftovers\n|upkeep\n|turn|16\n|\n|t:|1698681177\n|-end|p2a: Brute Bonnet|Protosynthesis|[silent]\n|switch|p2a: Basculin|Basculin, L2, F|100\/100\n|-damage|p2a: Basculin|94\/100|[from] Stealth Rock\n|-ability|p2a: Basculin|Mold Breaker\n|cant|p1a: Slowking|slp\n|\n|-weather|Sandstorm|[upkeep]\n|-damage|p1a: Slowking|69\/100 slp|[from] Sandstorm\n|-damage|p2a: Basculin|87\/100|[from] Sandstorm\n|upkeep\n|turn|17\n|\n|t:|1698681213\n|switch|p1a: Toxapex|Toxapex, M|100\/100\n|move|p2a: Basculin|Endeavor|p1a: Toxapex\n|-damage|p1a: Toxapex|5\/100\n|\n|-weather|none\n|-heal|p1a: Toxapex|11\/100|[from] item: Black Sludge\n|upkeep\n|turn|18\n|\n|t:|1698681231\n|switch|p2a: Pikachu|Pikachu-Unova, M|100\/100\n|-damage|p2a: Pikachu|88\/100|[from] Stealth Rock\n|move|p1a: Toxapex|Toxic|p2a: Pikachu\n|-status|p2a: Pikachu|tox\n|\n|-heal|p1a: Toxapex|17\/100|[from] item: Black Sludge\n|-damage|p2a: Pikachu|82\/100 tox|[from] psn\n|upkeep\n|turn|19\n|\n|t:|1698681241\n|move|p1a: Toxapex|Baneful Bunker|p1a: Toxapex\n|-singleturn|p1a: Toxapex|move: Protect\n|move|p2a: Pikachu|Nasty Plot|p2a: Pikachu\n|-boost|p2a: Pikachu|spa|2\n|\n|-heal|p1a: Toxapex|24\/100|[from] item: Black Sludge\n|-damage|p2a: Pikachu|70\/100 tox|[from] psn\n|upkeep\n|turn|20\n|\n|t:|1698681252\n|move|p2a: Pikachu|Thunderbolt|p1a: Toxapex\n|-supereffective|p1a: Toxapex\n|-damage|p1a: Toxapex|0 fnt\n|faint|p1a: Toxapex\n|\n|-damage|p2a: Pikachu|51\/100 tox|[from] psn\n|upkeep\n|\n|t:|1698681258\n|switch|p1a: Hippowdon|Hippowdon, F|37\/100\n|-weather|Sandstorm|[from] ability: Sand Stream|[of] p1a: Hippowdon\n|turn|21\n|\n|t:|1698681273\n|move|p2a: Pikachu|Surf|p1a: Hippowdon\n|-supereffective|p1a: Hippowdon\n|-damage|p1a: Hippowdon|0 fnt\n|faint|p1a: Hippowdon\n|\n|-weather|Sandstorm|[upkeep]\n|-damage|p2a: Pikachu|45\/100 tox|[from] Sandstorm\n|-damage|p2a: Pikachu|21\/100 tox|[from] psn\n|upkeep\n|\n|t:|1698681295\n|switch|p1a: Slowking|Slowking-Galar, M|100\/100 slp\n|turn|22\n|\n|t:|1698681304\n|move|p2a: Pikachu|Thunderbolt|p1a: Slowking\n|-crit|p1a: Slowking\n|-damage|p1a: Slowking|0 fnt\n|faint|p1a: Slowking\n|\n|-weather|Sandstorm|[upkeep]\n|-damage|p2a: Pikachu|15\/100 tox|[from] Sandstorm\n|-damage|p2a: Pikachu|0 fnt|[from] psn\n|faint|p2a: Pikachu\n|upkeep\n|\n|t:|1698681317\n|switch|p2a: Jirachi|Jirachi, tera:Steel|100\/100\n|switch|p1a: Blissey|Blissey, F|100\/100\n|-damage|p2a: Jirachi|94\/100|[from] Stealth Rock\n|turn|23\n|\n|t:|1698681324\n|move|p2a: Jirachi|Drain Punch|p1a: Blissey\n|-supereffective|p1a: Blissey\n|-damage|p1a: Blissey|0 fnt\n|-heal|p2a: Jirachi|100\/100|[from] drain|[of] p1a: Blissey\n|faint|p1a: Blissey\n|\n|-weather|Sandstorm|[upkeep]\n|upkeep\n|\n|t:|1698681330\n|switch|p1a: Corviknight|Corviknight, F|100\/100\n|-ability|p1a: Corviknight|Pressure\n|turn|24\n|\n|t:|1698681347\n|switch|p2a: Sableye|Sableye, F|80\/100\n|-damage|p2a: Sableye|67\/100|[from] Stealth Rock\n|move|p1a: Corviknight|Brave Bird|p2a: Sableye\n|-damage|p2a: Sableye|17\/100\n|-damage|p1a: Corviknight|88\/100|[from] Recoil\n|\n|-weather|Sandstorm|[upkeep]\n|-damage|p2a: Sableye|10\/100|[from] Sandstorm\n|-heal|p1a: Corviknight|94\/100|[from] item: Leftovers\n|-heal|p2a: Sableye|17\/100|[from] item: Leftovers\n|upkeep\n|turn|25\n|\n|t:|1698681359\n|move|p2a: Sableye|Fake Out|p1a: Corviknight\n|-resisted|p1a: Corviknight\n|-crit|p1a: Corviknight\n|-damage|p1a: Corviknight|90\/100\n|cant|p1a: Corviknight|flinch\n|\n|-weather|none\n|-heal|p1a: Corviknight|96\/100|[from] item: Leftovers\n|-heal|p2a: Sableye|23\/100|[from] item: Leftovers\n|upkeep\n|turn|26\n|\n|t:|1698681384\n|move|p2a: Sableye|Recover|p2a: Sableye\n|-heal|p2a: Sableye|73\/100\n|move|p1a: Corviknight|U-turn|p2a: Sableye\n|-damage|p2a: Sableye|53\/100\n|\n|-heal|p1a: Corviknight|100\/100|[from] item: Leftovers\n|-heal|p2a: Sableye|59\/100|[from] item: Leftovers\n|upkeep\n|turn|27\n|\n|t:|1698681399\n|move|p2a: Sableye|Will-O-Wisp|p1a: Corviknight\n|-status|p1a: Corviknight|brn\n|move|p1a: Corviknight|Brave Bird|p2a: Sableye\n|-damage|p2a: Sableye|37\/100\n|-damage|p1a: Corviknight|95\/100 brn|[from] Recoil\n|\n|-heal|p1a: Corviknight|100\/100 brn|[from] item: Leftovers\n|-heal|p2a: Sableye|43\/100|[from] item: Leftovers\n|-damage|p1a: Corviknight|94\/100 brn|[from] brn\n|upkeep\n|turn|28\n|inactive|Battle timer is ON: inactive players will automatically lose when time's up. (requested by Glaire)\n|\n|t:|1698681420\n|move|p2a: Sableye|Recover|p2a: Sableye\n|-heal|p2a: Sableye|93\/100\n|move|p1a: Corviknight|Brave Bird|p2a: Sableye\n|-damage|p2a: Sableye|70\/100\n|-damage|p1a: Corviknight|88\/100 brn|[from] Recoil\n|\n|-heal|p1a: Corviknight|95\/100 brn|[from] item: Leftovers\n|-heal|p2a: Sableye|76\/100|[from] item: Leftovers\n|-damage|p1a: Corviknight|88\/100 brn|[from] brn\n|upkeep\n|turn|29\n|\n|t:|1698681430\n|move|p1a: Corviknight|U-turn|p2a: Sableye\n|-damage|p2a: Sableye|68\/100\n|move|p2a: Sableye|Knock Off|p1a: Corviknight\n|-damage|p1a: Corviknight|72\/100 brn\n|-enditem|p1a: Corviknight|Leftovers|[from] move: Knock Off|[of] p2a: Sableye\n|\n|-heal|p2a: Sableye|74\/100|[from] item: Leftovers\n|-damage|p1a: Corviknight|66\/100 brn|[from] brn\n|upkeep\n|turn|30\n|\n|t:|1698681438\n|move|p2a: Sableye|Will-O-Wisp|p1a: Corviknight\n|-fail|p1a: Corviknight|brn\n|move|p1a: Corviknight|Roost|p1a: Corviknight\n|-heal|p1a: Corviknight|100\/100 brn\n|-singleturn|p1a: Corviknight|move: Roost\n|\n|-heal|p2a: Sableye|80\/100|[from] item: Leftovers\n|-damage|p1a: Corviknight|94\/100 brn|[from] brn\n|upkeep\n|turn|31\n|\n|t:|1698681450\n|move|p1a: Corviknight|U-turn|p2a: Sableye\n|-damage|p2a: Sableye|71\/100\n|move|p2a: Sableye|Knock Off|p1a: Corviknight\n|-damage|p1a: Corviknight|81\/100 brn\n|\n|-heal|p2a: Sableye|77\/100|[from] item: Leftovers\n|-damage|p1a: Corviknight|75\/100 brn|[from] brn\n|upkeep\n|turn|32\n|\n|t:|1698681462\n|move|p1a: Corviknight|Brave Bird|p2a: Sableye\n|-damage|p2a: Sableye|51\/100\n|-damage|p1a: Corviknight|69\/100 brn|[from] Recoil\n|move|p2a: Sableye|Knock Off|p1a: Corviknight\n|-damage|p1a: Corviknight|57\/100 brn\n|\n|-heal|p2a: Sableye|58\/100|[from] item: Leftovers\n|-damage|p1a: Corviknight|51\/100 brn|[from] brn\n|upkeep\n|turn|33\n|\n|t:|1698681473\n|move|p1a: Corviknight|Roost|p1a: Corviknight\n|-heal|p1a: Corviknight|100\/100 brn\n|-singleturn|p1a: Corviknight|move: Roost\n|move|p2a: Sableye|Knock Off|p1a: Corviknight\n|-damage|p1a: Corviknight|88\/100 brn\n|\n|-heal|p2a: Sableye|64\/100|[from] item: Leftovers\n|-damage|p1a: Corviknight|82\/100 brn|[from] brn\n|upkeep\n|turn|34\n|\n|t:|1698681481\n|move|p1a: Corviknight|Brave Bird|p2a: Sableye\n|-damage|p2a: Sableye|40\/100\n|-damage|p1a: Corviknight|76\/100 brn|[from] Recoil\n|move|p2a: Sableye|Knock Off|p1a: Corviknight\n|-damage|p1a: Corviknight|65\/100 brn\n|\n|-heal|p2a: Sableye|47\/100|[from] item: Leftovers\n|-damage|p1a: Corviknight|58\/100 brn|[from] brn\n|upkeep\n|turn|35\n|\n|t:|1698681494\n|move|p1a: Corviknight|Brave Bird|p2a: Sableye\n|-damage|p2a: Sableye|22\/100\n|-damage|p1a: Corviknight|52\/100 brn|[from] Recoil\n|move|p2a: Sableye|Knock Off|p1a: Corviknight\n|-damage|p1a: Corviknight|40\/100 brn\n|\n|-heal|p2a: Sableye|28\/100|[from] item: Leftovers\n|-damage|p1a: Corviknight|33\/100 brn|[from] brn\n|upkeep\n|turn|36\n|\n|t:|1698681518\n|move|p2a: Sableye|Recover|p2a: Sableye\n|-heal|p2a: Sableye|78\/100\n|move|p1a: Corviknight|Roost|p1a: Corviknight\n|-heal|p1a: Corviknight|83\/100 brn\n|-singleturn|p1a: Corviknight|move: Roost\n|\n|-heal|p2a: Sableye|85\/100|[from] item: Leftovers\n|-damage|p1a: Corviknight|77\/100 brn|[from] brn\n|upkeep\n|turn|37\n|\n|t:|1698681530\n|switch|p2a: Jirachi|Jirachi, tera:Steel|100\/100\n|-damage|p2a: Jirachi|94\/100|[from] Stealth Rock\n|move|p1a: Corviknight|Brave Bird|p2a: Jirachi\n|-resisted|p2a: Jirachi\n|-damage|p2a: Jirachi|86\/100\n|-damage|p1a: Corviknight|75\/100 brn|[from] Recoil\n|\n|-damage|p1a: Corviknight|68\/100 brn|[from] brn\n|upkeep\n|turn|38\n|\n|t:|1698681542\n|move|p2a: Jirachi|Iron Head|p1a: Corviknight\n|-resisted|p1a: Corviknight\n|-damage|p1a: Corviknight|47\/100 brn\n|move|p1a: Corviknight|Brave Bird|p2a: Jirachi\n|-resisted|p2a: Jirachi\n|-damage|p2a: Jirachi|76\/100\n|-damage|p1a: Corviknight|45\/100 brn|[from] Recoil\n|\n|-damage|p1a: Corviknight|38\/100 brn|[from] brn\n|upkeep\n|turn|39\n|\n|t:|1698681551\n|move|p2a: Jirachi|Iron Head|p1a: Corviknight\n|-resisted|p1a: Corviknight\n|-damage|p1a: Corviknight|16\/100 brn\n|cant|p1a: Corviknight|flinch\n|\n|-damage|p1a: Corviknight|10\/100 brn|[from] brn\n|upkeep\n|turn|40\n|\n|t:|1698681558\n|switch|p2a: Sableye|Sableye, F|85\/100\n|-damage|p2a: Sableye|72\/100|[from] Stealth Rock\n|move|p1a: Corviknight|Roost|p1a: Corviknight\n|-heal|p1a: Corviknight|60\/100 brn\n|-singleturn|p1a: Corviknight|move: Roost\n|\n|-heal|p2a: Sableye|78\/100|[from] item: Leftovers\n|-damage|p1a: Corviknight|53\/100 brn|[from] brn\n|upkeep\n|turn|41\n|\n|t:|1698681573\n|move|p2a: Sableye|Fake Out|p1a: Corviknight\n|-resisted|p1a: Corviknight\n|-damage|p1a: Corviknight|51\/100 brn\n|cant|p1a: Corviknight|flinch\n|\n|-heal|p2a: Sableye|85\/100|[from] item: Leftovers\n|-damage|p1a: Corviknight|45\/100 brn|[from] brn\n|upkeep\n|turn|42\n|\n|t:|1698681580\n|switch|p2a: Jirachi|Jirachi, tera:Steel|76\/100\n|-damage|p2a: Jirachi|70\/100|[from] Stealth Rock\n|move|p1a: Corviknight|Roost|p1a: Corviknight\n|-heal|p1a: Corviknight|95\/100 brn\n|-singleturn|p1a: Corviknight|move: Roost\n|\n|-damage|p1a: Corviknight|88\/100 brn|[from] brn\n|upkeep\n|turn|43\n|\n|t:|1698681589\n|move|p2a: Jirachi|Iron Head|p1a: Corviknight\n|-resisted|p1a: Corviknight\n|-damage|p1a: Corviknight|68\/100 brn\n|cant|p1a: Corviknight|flinch\n|\n|-damage|p1a: Corviknight|61\/100 brn|[from] brn\n|upkeep\n|turn|44\n|\n|t:|1698681600\n|move|p2a: Jirachi|Iron Head|p1a: Corviknight\n|-resisted|p1a: Corviknight\n|-damage|p1a: Corviknight|39\/100 brn\n|cant|p1a: Corviknight|flinch\n|\n|-damage|p1a: Corviknight|33\/100 brn|[from] brn\n|upkeep\n|turn|45\n|\n|t:|1698681607\n|move|p2a: Jirachi|Iron Head|p1a: Corviknight\n|-resisted|p1a: Corviknight\n|-damage|p1a: Corviknight|13\/100 brn\n|cant|p1a: Corviknight|flinch\n|\n|-damage|p1a: Corviknight|7\/100 brn|[from] brn\n|upkeep\n|turn|46\n|\n|t:|1698681617\n|switch|p2a: Sableye|Sableye, F|85\/100\n|-damage|p2a: Sableye|72\/100|[from] Stealth Rock\n|move|p1a: Corviknight|Roost|p1a: Corviknight\n|-heal|p1a: Corviknight|57\/100 brn\n|-singleturn|p1a: Corviknight|move: Roost\n|\n|-heal|p2a: Sableye|78\/100|[from] item: Leftovers\n|-damage|p1a: Corviknight|51\/100 brn|[from] brn\n|upkeep\n|turn|47\n|\n|t:|1698681626\n|move|p2a: Sableye|Fake Out|p1a: Corviknight\n|-resisted|p1a: Corviknight\n|-damage|p1a: Corviknight|48\/100 brn\n|cant|p1a: Corviknight|flinch\n|\n|-heal|p2a: Sableye|85\/100|[from] item: Leftovers\n|-damage|p1a: Corviknight|42\/100 brn|[from] brn\n|upkeep\n|turn|48\n|\n|t:|1698681639\n|move|p1a: Corviknight|Roost|p1a: Corviknight\n|-heal|p1a: Corviknight|92\/100 brn\n|-singleturn|p1a: Corviknight|move: Roost\n|move|p2a: Sableye|Knock Off|p1a: Corviknight\n|-damage|p1a: Corviknight|80\/100 brn\n|\n|-heal|p2a: Sableye|91\/100|[from] item: Leftovers\n|-damage|p1a: Corviknight|73\/100 brn|[from] brn\n|upkeep\n|turn|49\n|\n|t:|1698681653\n|switch|p2a: Jirachi|Jirachi, tera:Steel|70\/100\n|-damage|p2a: Jirachi|64\/100|[from] Stealth Rock\n|move|p1a: Corviknight|Brave Bird|p2a: Jirachi\n|-resisted|p2a: Jirachi\n|-damage|p2a: Jirachi|55\/100\n|-damage|p1a: Corviknight|71\/100 brn|[from] Recoil\n|\n|-damage|p1a: Corviknight|65\/100 brn|[from] brn\n|upkeep\n|turn|50\n|\n|t:|1698681663\n|move|p2a: Jirachi|Iron Head|p1a: Corviknight\n|-resisted|p1a: Corviknight\n|-damage|p1a: Corviknight|45\/100 brn\n|move|p1a: Corviknight|Brave Bird|p2a: Jirachi\n|-resisted|p2a: Jirachi\n|-damage|p2a: Jirachi|46\/100\n|-damage|p1a: Corviknight|43\/100 brn|[from] Recoil\n|\n|-damage|p1a: Corviknight|36\/100 brn|[from] brn\n|upkeep\n|turn|51\n|\n|t:|1698681672\n|switch|p2a: Sableye|Sableye, F|91\/100\n|-damage|p2a: Sableye|78\/100|[from] Stealth Rock\n|move|p1a: Corviknight|Roost|p1a: Corviknight\n|-heal|p1a: Corviknight|86\/100 brn\n|-singleturn|p1a: Corviknight|move: Roost\n|\n|-heal|p2a: Sableye|85\/100|[from] item: Leftovers\n|-damage|p1a: Corviknight|80\/100 brn|[from] brn\n|upkeep\n|turn|52\n|\n|t:|1698681683\n|move|p2a: Sableye|Fake Out|p1a: Corviknight\n|-resisted|p1a: Corviknight\n|-damage|p1a: Corviknight|78\/100 brn\n|cant|p1a: Corviknight|flinch\n|\n|-heal|p2a: Sableye|91\/100|[from] item: Leftovers\n|-damage|p1a: Corviknight|72\/100 brn|[from] brn\n|upkeep\n|turn|53\n|\n|t:|1698681690\n|move|p1a: Corviknight|Brave Bird|p2a: Sableye\n|-damage|p2a: Sableye|68\/100\n|-damage|p1a: Corviknight|66\/100 brn|[from] Recoil\n|move|p2a: Sableye|Knock Off|p1a: Corviknight\n|-damage|p1a: Corviknight|54\/100 brn\n|\n|-heal|p2a: Sableye|75\/100|[from] item: Leftovers\n|-damage|p1a: Corviknight|48\/100 brn|[from] brn\n|upkeep\n|turn|54\n|\n|t:|1698681699\n|move|p1a: Corviknight|U-turn|p2a: Sableye\n|-damage|p2a: Sableye|66\/100\n|move|p2a: Sableye|Knock Off|p1a: Corviknight\n|-damage|p1a: Corviknight|35\/100 brn\n|\n|-heal|p2a: Sableye|72\/100|[from] item: Leftovers\n|-damage|p1a: Corviknight|29\/100 brn|[from] brn\n|upkeep\n|turn|55\n|\n|t:|1698681707\n|move|p1a: Corviknight|Brave Bird|p2a: Sableye\n|-damage|p2a: Sableye|50\/100\n|-damage|p1a: Corviknight|24\/100 brn|[from] Recoil\n|move|p2a: Sableye|Knock Off|p1a: Corviknight\n|-damage|p1a: Corviknight|11\/100 brn\n|\n|-heal|p2a: Sableye|56\/100|[from] item: Leftovers\n|-damage|p1a: Corviknight|5\/100 brn|[from] brn\n|upkeep\n|turn|56\n|\n|t:|1698681716\n|move|p2a: Sableye|Recover|p2a: Sableye\n|-heal|p2a: Sableye|100\/100\n|move|p1a: Corviknight|Brave Bird|p2a: Sableye\n|-damage|p2a: Sableye|79\/100\n|-damage|p1a: Corviknight|0 fnt|[from] Recoil\n|faint|p1a: Corviknight\n|\n|win|Glaire\n|raw|thieunangcaobang's rating: 1115 &rarr; <strong>1085<\/strong><br \/>(-30 for losing)\n|raw|Glaire's rating: 1044 &rarr; <strong>1084<\/strong><br \/>(+40 for winning)\n|c|\u2606thieunangcaobang|gg\n|l|\u2606thieunangcaobang\n|c|\u2606Glaire|gg\n","uploadtime":1698681729,"views":18,"p1id":"thieunangcaobang","p2id":"glaire","formatid":"gen9anythinggoes","rating":1084,"private":0,"password":""}