{"id":"gen9anythinggoes-1997872182","p1":"YoungEsq","p2":"adocks3","format":"[Gen 9] Anything Goes","log":"|j|\u2606YoungEsq\n|j|\u2606adocks3\n|t:|1700862091\n|gametype|singles\n|player|p1|YoungEsq|1|1380\n|player|p2|adocks3|hilbert-wonderlauncher|1335\n|teamsize|p1|6\n|teamsize|p2|6\n|gen|9\n|tier|[Gen 9] Anything Goes\n|rated|\n|rule|HP Percentage Mod: HP is shown in percentages\n|rule|Endless Battle Clause: Forcing endless battles is banned\n|clearpoke\n|poke|p1|Ting-Lu|\n|poke|p1|Gholdengo|\n|poke|p1|Roaring Moon|\n|poke|p1|Chi-Yu|\n|poke|p1|Samurott-Hisui, M|\n|poke|p1|Mandibuzz, F|\n|poke|p2|Regidrago|\n|poke|p2|Calyrex-Shadow|\n|poke|p2|Dragapult, F|\n|poke|p2|Ninetales-Alola, M|\n|poke|p2|Garchomp, M|\n|poke|p2|Skeledirge, M|\n|teampreview\n|inactive|Battle timer is ON: inactive players will automatically lose when time's up. (requested by YoungEsq)\n|\n|t:|1700862105\n|start\n|switch|p1a: Ting-Lu|Ting-Lu|100\/100\n|switch|p2a: Ninetales|Ninetales-Alola, M|100\/100\n|-weather|Snow|[from] ability: Snow Warning|[of] p2a: Ninetales\n|-ability|p1a: Ting-Lu|Vessel of Ruin\n|turn|1\n|\n|t:|1700862117\n|move|p2a: Ninetales|Aurora Veil|p2a: Ninetales\n|-sidestart|p2: adocks3|move: Aurora Veil\n|move|p1a: Ting-Lu|Stealth Rock|p2a: Ninetales\n|-sidestart|p2: adocks3|move: Stealth Rock\n|\n|-weather|Snow|[upkeep]\n|upkeep\n|turn|2\n|\n|t:|1700862125\n|move|p2a: Ninetales|Weather Ball|p1a: Ting-Lu\n|-supereffective|p1a: Ting-Lu\n|-damage|p1a: Ting-Lu|68\/100\n|move|p1a: Ting-Lu|Whirlwind|p2a: Ninetales\n|drag|p2a: Dragapult|Dragapult, F|100\/100\n|-damage|p2a: Dragapult|88\/100|[from] Stealth Rock\n|\n|-weather|Snow|[upkeep]\n|-heal|p1a: Ting-Lu|74\/100|[from] item: Leftovers\n|upkeep\n|turn|3\n|\n|t:|1700862143\n|move|p2a: Dragapult|Sucker Punch|p1a: Ting-Lu\n|-resisted|p1a: Ting-Lu\n|-damage|p1a: Ting-Lu|68\/100\n|move|p1a: Ting-Lu|Earthquake|p2a: Dragapult\n|-damage|p2a: Dragapult|65\/100\n|-enditem|p2a: Dragapult|Eject Button\n|\n|t:|1700862152\n|switch|p2a: Skeledirge|Skeledirge, M|100\/100\n|\n|-weather|Snow|[upkeep]\n|-heal|p1a: Ting-Lu|74\/100|[from] item: Leftovers\n|upkeep\n|turn|4\n|\n|t:|1700862166\n|-terastallize|p2a: Skeledirge|Fairy\n|move|p2a: Skeledirge|Will-O-Wisp|p1a: Ting-Lu\n|-status|p1a: Ting-Lu|brn\n|move|p1a: Ting-Lu|Earthquake|p2a: Skeledirge\n|-damage|p2a: Skeledirge|92\/100\n|\n|-weather|Snow|[upkeep]\n|-heal|p1a: Ting-Lu|80\/100 brn|[from] item: Leftovers\n|-damage|p1a: Ting-Lu|74\/100 brn|[from] brn\n|upkeep\n|turn|5\n|\n|t:|1700862179\n|move|p2a: Skeledirge|Torch Song|p1a: Ting-Lu\n|-damage|p1a: Ting-Lu|62\/100 brn\n|-boost|p2a: Skeledirge|spa|1\n|move|p1a: Ting-Lu|Ruination|p2a: Skeledirge\n|-damage|p2a: Skeledirge|46\/100\n|\n|-weather|none\n|-heal|p1a: Ting-Lu|68\/100 brn|[from] item: Leftovers\n|-damage|p1a: Ting-Lu|62\/100 brn|[from] brn\n|upkeep\n|turn|6\n|\n|t:|1700862191\n|move|p2a: Skeledirge|Slack Off|p2a: Skeledirge\n|-heal|p2a: Skeledirge|97\/100\n|move|p1a: Ting-Lu|Whirlwind|p2a: Skeledirge\n|drag|p2a: Regidrago|Regidrago|100\/100\n|-damage|p2a: Regidrago|88\/100|[from] Stealth Rock\n|\n|-heal|p1a: Ting-Lu|68\/100 brn|[from] item: Leftovers\n|-damage|p1a: Ting-Lu|62\/100 brn|[from] brn\n|upkeep\n|turn|7\n|\n|t:|1700862207\n|move|p2a: Regidrago|Dragon Energy|p1a: Ting-Lu\n|-damage|p1a: Ting-Lu|24\/100 brn\n|move|p1a: Ting-Lu|Whirlwind|p2a: Regidrago\n|drag|p2a: Dragapult|Dragapult, F|65\/100\n|-damage|p2a: Dragapult|53\/100|[from] Stealth Rock\n|\n|-heal|p1a: Ting-Lu|30\/100 brn|[from] item: Leftovers\n|-damage|p1a: Ting-Lu|24\/100 brn|[from] brn\n|upkeep\n|turn|8\n|\n|t:|1700862222\n|switch|p1a: Samurott|Samurott-Hisui, M|100\/100\n|move|p2a: Dragapult|Dragon Darts|p1a: Samurott\n|-damage|p1a: Samurott|74\/100\n|-anim|p2a: Dragapult|Dragon Darts|p1a: Samurott\n|-damage|p1a: Samurott|44\/100\n|\n|-sideend|p2: adocks3|move: Aurora Veil\n|upkeep\n|turn|9\n|\n|t:|1700862233\n|move|p1a: Samurott|Aqua Jet|p2a: Dragapult\n|-resisted|p2a: Dragapult\n|-damage|p2a: Dragapult|40\/100\n|move|p2a: Dragapult|Dragon Darts|p1a: Samurott\n|-damage|p1a: Samurott|15\/100\n|-anim|p2a: Dragapult|Dragon Darts|p1a: Samurott\n|-damage|p1a: Samurott|0 fnt\n|faint|p1a: Samurott\n|\n|upkeep\n|\n|t:|1700862241\n|switch|p1a: Chi-Yu|Chi-Yu|100\/100\n|-ability|p1a: Chi-Yu|Beads of Ruin\n|turn|10\n|\n|t:|1700862250\n|move|p1a: Chi-Yu|Dark Pulse|p2a: Dragapult\n|-supereffective|p2a: Dragapult\n|-damage|p2a: Dragapult|0 fnt\n|faint|p2a: Dragapult\n|\n|upkeep\n|\n|t:|1700862256\n|switch|p2a: Skeledirge|Skeledirge, M, tera:Fairy|97\/100\n|turn|11\n|\n|t:|1700862269\n|switch|p1a: Mandibuzz|Mandibuzz, F|100\/100\n|move|p2a: Skeledirge|Torch Song|p1a: Mandibuzz\n|-damage|p1a: Mandibuzz|84\/100\n|-boost|p2a: Skeledirge|spa|1\n|\n|upkeep\n|turn|12\n|\n|t:|1700862278\n|move|p1a: Mandibuzz|Toxic|p2a: Skeledirge\n|-status|p2a: Skeledirge|tox\n|move|p2a: Skeledirge|Hex|p1a: Mandibuzz\n|-resisted|p1a: Mandibuzz\n|-damage|p1a: Mandibuzz|72\/100\n|\n|-damage|p2a: Skeledirge|91\/100 tox|[from] psn\n|upkeep\n|turn|13\n|\n|t:|1700862289\n|move|p1a: Mandibuzz|Roost|p1a: Mandibuzz\n|-heal|p1a: Mandibuzz|100\/100\n|-singleturn|p1a: Mandibuzz|move: Roost\n|move|p2a: Skeledirge|Torch Song|p1a: Mandibuzz\n|-damage|p1a: Mandibuzz|71\/100\n|-boost|p2a: Skeledirge|spa|1\n|\n|-damage|p2a: Skeledirge|78\/100 tox|[from] psn\n|upkeep\n|turn|14\n|\n|t:|1700862302\n|move|p1a: Mandibuzz|Roost|p1a: Mandibuzz\n|-heal|p1a: Mandibuzz|100\/100\n|-singleturn|p1a: Mandibuzz|move: Roost\n|move|p2a: Skeledirge|Torch Song|p1a: Mandibuzz\n|-damage|p1a: Mandibuzz|66\/100\n|-boost|p2a: Skeledirge|spa|1\n|\n|-damage|p2a: Skeledirge|60\/100 tox|[from] psn\n|upkeep\n|turn|15\n|\n|t:|1700862318\n|move|p1a: Mandibuzz|Foul Play|p2a: Skeledirge\n|-resisted|p2a: Skeledirge\n|-damage|p2a: Skeledirge|52\/100 tox\n|move|p2a: Skeledirge|Slack Off|p2a: Skeledirge\n|-heal|p2a: Skeledirge|100\/100 tox\n|\n|-damage|p2a: Skeledirge|76\/100 tox|[from] psn\n|upkeep\n|turn|16\n|\n|t:|1700862330\n|move|p1a: Mandibuzz|Roost|p1a: Mandibuzz\n|-heal|p1a: Mandibuzz|100\/100\n|-singleturn|p1a: Mandibuzz|move: Roost\n|move|p2a: Skeledirge|Will-O-Wisp|p1a: Mandibuzz\n|-status|p1a: Mandibuzz|brn\n|\n|-damage|p2a: Skeledirge|46\/100 tox|[from] psn\n|-damage|p1a: Mandibuzz|94\/100 brn|[from] brn\n|upkeep\n|turn|17\n|\n|t:|1700862345\n|switch|p1a: Gholdengo|Gholdengo|100\/100\n|-item|p1a: Gholdengo|Air Balloon\n|move|p2a: Skeledirge|Slack Off|p2a: Skeledirge\n|-heal|p2a: Skeledirge|96\/100 tox\n|\n|-damage|p2a: Skeledirge|59\/100 tox|[from] psn\n|upkeep\n|turn|18\n|\n|t:|1700862359\n|move|p1a: Gholdengo|Make It Rain|p2a: Skeledirge\n|-supereffective|p2a: Skeledirge\n|-damage|p2a: Skeledirge|0 fnt\n|-unboost|p1a: Gholdengo|spa|1\n|faint|p2a: Skeledirge\n|\n|upkeep\n|\n|t:|1700862369\n|switch|p2a: Ninetales|Ninetales-Alola, M|100\/100\n|-damage|p2a: Ninetales|76\/100|[from] Stealth Rock\n|-weather|Snow|[from] ability: Snow Warning|[of] p2a: Ninetales\n|turn|19\n|\n|t:|1700862377\n|move|p2a: Ninetales|Aurora Veil|p2a: Ninetales\n|-sidestart|p2: adocks3|move: Aurora Veil\n|move|p1a: Gholdengo|Make It Rain|p2a: Ninetales\n|-supereffective|p2a: Ninetales\n|-damage|p2a: Ninetales|0 fnt\n|-unboost|p1a: Gholdengo|spa|1\n|faint|p2a: Ninetales\n|\n|-weather|Snow|[upkeep]\n|upkeep\n|\n|t:|1700862389\n|switch|p2a: Calyrex|Calyrex-Shadow|100\/100\n|-ability|p2a: Calyrex|As One\n|-ability|p2a: Calyrex|Unnerve\n|-damage|p2a: Calyrex|88\/100|[from] Stealth Rock\n|turn|20\n|\n|t:|1700862398\n|switch|p1a: Mandibuzz|Mandibuzz, F|94\/100 brn\n|move|p2a: Calyrex|Dark Pulse|p1a: Mandibuzz\n|-resisted|p1a: Mandibuzz\n|-damage|p1a: Mandibuzz|80\/100 brn\n|\n|-weather|Snow|[upkeep]\n|-damage|p1a: Mandibuzz|74\/100 brn|[from] brn\n|upkeep\n|turn|21\n|\n|t:|1700862412\n|switch|p2a: Garchomp|Garchomp, M|100\/100\n|-damage|p2a: Garchomp|94\/100|[from] Stealth Rock\n|move|p1a: Mandibuzz|Toxic|p2a: Garchomp\n|-status|p2a: Garchomp|tox\n|\n|-weather|Snow|[upkeep]\n|-damage|p2a: Garchomp|88\/100 tox|[from] psn\n|-damage|p1a: Mandibuzz|68\/100 brn|[from] brn\n|upkeep\n|turn|22\n|\n|t:|1700862431\n|switch|p1a: Ting-Lu|Ting-Lu|24\/100 brn\n|-ability|p1a: Ting-Lu|Vessel of Ruin\n|move|p2a: Garchomp|Scale Shot|p1a: Ting-Lu\n|-damage|p1a: Ting-Lu|16\/100 brn\n|-damage|p1a: Ting-Lu|8\/100 brn\n|-hitcount|p1a: Ting-Lu|2\n|-unboost|p2a: Garchomp|def|1\n|-boost|p2a: Garchomp|spe|1\n|\n|-weather|Snow|[upkeep]\n|-heal|p1a: Ting-Lu|15\/100 brn|[from] item: Leftovers\n|-damage|p2a: Garchomp|76\/100 tox|[from] psn\n|-damage|p1a: Ting-Lu|8\/100 brn|[from] brn\n|upkeep\n|turn|23\n|\n|t:|1700862450\n|move|p2a: Garchomp|Scale Shot|p1a: Ting-Lu\n|-damage|p1a: Ting-Lu|1\/100 brn\n|-damage|p1a: Ting-Lu|0 fnt\n|faint|p1a: Ting-Lu\n|-hitcount|p1: Ting-Lu|2\n|-unboost|p2a: Garchomp|def|1\n|-boost|p2a: Garchomp|spe|1\n|\n|-weather|none\n|-damage|p2a: Garchomp|57\/100 tox|[from] psn\n|upkeep\n|\n|t:|1700862457\n|switch|p1a: Mandibuzz|Mandibuzz, F|68\/100 brn\n|turn|24\n|\n|t:|1700862466\n|move|p2a: Garchomp|Dragon Claw|p1a: Mandibuzz\n|-damage|p1a: Mandibuzz|34\/100 brn\n|move|p1a: Mandibuzz|Roost|p1a: Mandibuzz\n|-heal|p1a: Mandibuzz|84\/100 brn\n|-singleturn|p1a: Mandibuzz|move: Roost\n|\n|-damage|p2a: Garchomp|33\/100 tox|[from] psn\n|-damage|p1a: Mandibuzz|78\/100 brn|[from] brn\n|upkeep\n|turn|25\n|\n|t:|1700862478\n|move|p2a: Garchomp|Earthquake|p1a: Mandibuzz\n|-immune|p1a: Mandibuzz\n|move|p1a: Mandibuzz|Roost|p1a: Mandibuzz\n|-heal|p1a: Mandibuzz|100\/100 brn\n|-singleturn|p1a: Mandibuzz|move: Roost\n|\n|-damage|p2a: Garchomp|2\/100 tox|[from] psn\n|-damage|p1a: Mandibuzz|94\/100 brn|[from] brn\n|upkeep\n|turn|26\n|\n|t:|1700862492\n|move|p2a: Garchomp|Dragon Claw|p1a: Mandibuzz\n|-damage|p1a: Mandibuzz|64\/100 brn\n|move|p1a: Mandibuzz|Foul Play|p2a: Garchomp\n|-damage|p2a: Garchomp|0 fnt\n|-damage|p1a: Mandibuzz|51\/100 brn|[from] ability: Rough Skin|[of] p2a: Garchomp\n|-damage|p1a: Mandibuzz|35\/100 brn|[from] item: Rocky Helmet|[of] p2a: Garchomp\n|faint|p2a: Garchomp\n|\n|-damage|p1a: Mandibuzz|29\/100 brn|[from] brn\n|-sideend|p2: adocks3|move: Aurora Veil\n|upkeep\n|\n|t:|1700862508\n|switch|p2a: Calyrex|Calyrex-Shadow|88\/100\n|-ability|p2a: Calyrex|As One\n|-ability|p2a: Calyrex|Unnerve\n|-damage|p2a: Calyrex|76\/100|[from] Stealth Rock\n|turn|27\n|\n|t:|1700862522\n|move|p2a: Calyrex|Astral Barrage|p1a: Mandibuzz\n|-resisted|p1a: Mandibuzz\n|-damage|p1a: Mandibuzz|0 fnt\n|faint|p1a: Mandibuzz\n|-ability|p2a: Calyrex|Grim Neigh|boost\n|-boost|p2a: Calyrex|spa|1\n|\n|upkeep\n|\n|t:|1700862526\n|switch|p1a: Chi-Yu|Chi-Yu|100\/100\n|-ability|p1a: Chi-Yu|Beads of Ruin\n|turn|28\n|\n|t:|1700862535\n|move|p1a: Chi-Yu|Dark Pulse|p2a: Calyrex\n|-supereffective|p2a: Calyrex\n|-damage|p2a: Calyrex|0 fnt\n|faint|p2a: Calyrex\n|\n|upkeep\n|\n|t:|1700862542\n|switch|p2a: Regidrago|Regidrago|88\/100\n|-damage|p2a: Regidrago|76\/100|[from] Stealth Rock\n|turn|29\n|\n|t:|1700862549\n|move|p1a: Chi-Yu|Dark Pulse|p2a: Regidrago\n|-damage|p2a: Regidrago|39\/100\n|cant|p2a: Regidrago|flinch\n|\n|upkeep\n|turn|30\n|\n|t:|1700862557\n|move|p1a: Chi-Yu|Dark Pulse|p2a: Regidrago\n|-damage|p2a: Regidrago|1\/100\n|move|p2a: Regidrago|Earth Power|p1a: Chi-Yu\n|-supereffective|p1a: Chi-Yu\n|-damage|p1a: Chi-Yu|34\/100\n|\n|upkeep\n|turn|31\n|c|\u2606adocks3|Are you scarfed\n|\n|t:|1700862586\n|move|p1a: Chi-Yu|Dark Pulse|p2a: Regidrago\n|-damage|p2a: Regidrago|0 fnt\n|faint|p2a: Regidrago\n|\n|win|YoungEsq\n|raw|YoungEsq's rating: 1380 &rarr; <strong>1397<\/strong><br \/>(+17 for winning)\n|raw|adocks3's rating: 1335 &rarr; <strong>1318<\/strong><br \/>(-17 for losing)\n","uploadtime":1700862590,"views":0,"p1id":"youngesq","p2id":"adocks3","formatid":"gen9anythinggoes","rating":1318,"private":0,"password":""}