{"id":"gen9anythinggoes-1998795753","p1":"Puffaaaaa","p2":"Pakudin","format":"[Gen 9] Anything Goes","log":"|j|\u2606Puffaaaaa\n|j|\u2606Pakudin\n|t:|1700992609\n|gametype|singles\n|player|p1|Puffaaaaa|170|1070\n|player|p2|Pakudin|psychic-gen4|1187\n|teamsize|p1|6\n|teamsize|p2|6\n|gen|9\n|tier|[Gen 9] Anything Goes\n|rated|\n|rule|HP Percentage Mod: HP is shown in percentages\n|rule|Endless Battle Clause: Forcing endless battles is banned\n|clearpoke\n|poke|p1|Bellibolt, M|\n|poke|p1|Bellibolt, F|\n|poke|p1|Bellibolt, F|\n|poke|p1|Bellibolt, F|\n|poke|p1|Bellibolt, F|\n|poke|p1|Tadbulb, F|\n|poke|p2|Alomomola, F|\n|poke|p2|Eelektross, M|\n|poke|p2|Cresselia, F|\n|poke|p2|Rotom-Wash|\n|poke|p2|Dragonite, M|\n|poke|p2|Wo-Chien|\n|teampreview\n|c|\u2606Puffaaaaa|bellibolt\n|\n|t:|1700992625\n|start\n|switch|p1a: Defense Belli 2|Bellibolt, F|100\/100\n|switch|p2a: Rotom|Rotom-Wash|100\/100\n|turn|1\n|\n|t:|1700992632\n|move|p2a: Rotom|Trick|p1a: Defense Belli 2\n|-activate|p2a: Rotom|move: Trick|[of] p1a: Defense Belli 2\n|-item|p1a: Defense Belli 2|Choice Scarf|[from] move: Trick\n|-item|p2a: Rotom|Leftovers|[from] move: Trick\n|move|p1a: Defense Belli 2|Confuse Ray|p2a: Rotom\n|-start|p2a: Rotom|confusion\n|\n|upkeep\n|turn|2\n|\n|t:|1700992649\n|switch|p1a: Fast Bellibolt|Bellibolt, F|100\/100\n|-activate|p2a: Rotom|confusion\n|move|p2a: Rotom|Volt Switch|p1a: Fast Bellibolt\n|-resisted|p1a: Fast Bellibolt\n|-damage|p1a: Fast Bellibolt|88\/100\n|\n|t:|1700992658\n|switch|p2a: Alomomola|Alomomola, F|100\/100|[from] Volt Switch\n|\n|upkeep\n|turn|3\n|\n|t:|1700992664\n|move|p1a: Fast Bellibolt|Discharge|p2a: Alomomola\n|-supereffective|p2a: Alomomola\n|-damage|p2a: Alomomola|27\/100\n|move|p2a: Alomomola|Aqua Ring|p2a: Alomomola\n|-start|p2a: Alomomola|Aqua Ring\n|\n|-heal|p2a: Alomomola|33\/100|[from] item: Leftovers\n|-heal|p2a: Alomomola|39\/100|[from] Aqua Ring\n|upkeep\n|turn|4\n|\n|t:|1700992673\n|move|p1a: Fast Bellibolt|Discharge|p2a: Alomomola\n|-supereffective|p2a: Alomomola\n|-damage|p2a: Alomomola|0 fnt\n|faint|p2a: Alomomola\n|\n|upkeep\n|\n|t:|1700992676\n|switch|p2a: Wo-Chien|Wo-Chien|100\/100\n|-ability|p2a: Wo-Chien|Tablets of Ruin\n|turn|5\n|\n|t:|1700992681\n|move|p1a: Fast Bellibolt|Soak|p2a: Wo-Chien\n|-start|p2a: Wo-Chien|typechange|Water\n|move|p2a: Wo-Chien|Ingrain|p2a: Wo-Chien\n|-start|p2a: Wo-Chien|move: Ingrain\n|\n|upkeep\n|turn|6\n|\n|t:|1700992687\n|move|p1a: Fast Bellibolt|Discharge|p2a: Wo-Chien\n|-supereffective|p2a: Wo-Chien\n|-damage|p2a: Wo-Chien|55\/100\n|move|p2a: Wo-Chien|Leech Seed|p1a: Fast Bellibolt|[miss]\n|-miss|p2a: Wo-Chien|p1a: Fast Bellibolt\n|\n|-heal|p2a: Wo-Chien|64\/100|[from] Ingrain\n|upkeep\n|turn|7\n|\n|t:|1700992696\n|move|p1a: Fast Bellibolt|Discharge|p2a: Wo-Chien\n|-supereffective|p2a: Wo-Chien\n|-damage|p2a: Wo-Chien|23\/100\n|move|p2a: Wo-Chien|Leech Seed|p1a: Fast Bellibolt\n|-start|p1a: Fast Bellibolt|move: Leech Seed\n|\n|-heal|p2a: Wo-Chien|31\/100|[from] Ingrain\n|-damage|p1a: Fast Bellibolt|76\/100|[from] Leech Seed|[of] p2a: Wo-Chien\n|-heal|p2a: Wo-Chien|51\/100|[silent]\n|upkeep\n|turn|8\n|\n|t:|1700992710\n|move|p1a: Fast Bellibolt|Discharge|p2a: Wo-Chien\n|-supereffective|p2a: Wo-Chien\n|-damage|p2a: Wo-Chien|6\/100\n|move|p2a: Wo-Chien|Ruination|p1a: Fast Bellibolt\n|-damage|p1a: Fast Bellibolt|38\/100\n|\n|-heal|p2a: Wo-Chien|14\/100|[from] Ingrain\n|-damage|p1a: Fast Bellibolt|26\/100|[from] Leech Seed|[of] p2a: Wo-Chien\n|-heal|p2a: Wo-Chien|34\/100|[silent]\n|upkeep\n|turn|9\n|\n|t:|1700992720\n|move|p1a: Fast Bellibolt|Discharge|p2a: Wo-Chien\n|-supereffective|p2a: Wo-Chien\n|-damage|p2a: Wo-Chien|0 fnt\n|faint|p2a: Wo-Chien\n|\n|upkeep\n|\n|t:|1700992728\n|switch|p2a: Eelektross|Eelektross, M|100\/100\n|turn|10\n|\n|t:|1700992734\n|move|p1a: Fast Bellibolt|Slack Off|p1a: Fast Bellibolt\n|-heal|p1a: Fast Bellibolt|76\/100\n|move|p2a: Eelektross|Dragon Claw|p1a: Fast Bellibolt\n|-damage|p1a: Fast Bellibolt|48\/100\n|\n|-damage|p1a: Fast Bellibolt|36\/100|[from] Leech Seed|[of] p2a: Eelektross\n|upkeep\n|turn|11\n|\n|t:|1700992742\n|move|p1a: Fast Bellibolt|Slack Off|p1a: Fast Bellibolt\n|-heal|p1a: Fast Bellibolt|86\/100\n|move|p2a: Eelektross|Coil|p2a: Eelektross\n|-boost|p2a: Eelektross|atk|1\n|-boost|p2a: Eelektross|def|1\n|-boost|p2a: Eelektross|accuracy|1\n|\n|-damage|p1a: Fast Bellibolt|74\/100|[from] Leech Seed|[of] p2a: Eelektross\n|upkeep\n|turn|12\n|\n|t:|1700992750\n|move|p1a: Fast Bellibolt|Soak|p2a: Eelektross\n|-start|p2a: Eelektross|typechange|Water\n|move|p2a: Eelektross|Dragon Claw|p1a: Fast Bellibolt\n|-damage|p1a: Fast Bellibolt|35\/100\n|\n|-damage|p1a: Fast Bellibolt|23\/100|[from] Leech Seed|[of] p2a: Eelektross\n|upkeep\n|turn|13\n|\n|t:|1700992758\n|move|p1a: Fast Bellibolt|Slack Off|p1a: Fast Bellibolt\n|-heal|p1a: Fast Bellibolt|73\/100\n|move|p2a: Eelektross|Dragon Claw|p1a: Fast Bellibolt\n|-damage|p1a: Fast Bellibolt|30\/100\n|-status|p2a: Eelektross|par|[from] ability: Static|[of] p1a: Fast Bellibolt\n|\n|-damage|p1a: Fast Bellibolt|17\/100|[from] Leech Seed|[of] p2a: Eelektross\n|upkeep\n|turn|14\n|\n|t:|1700992767\n|move|p1a: Fast Bellibolt|Slack Off|p1a: Fast Bellibolt\n|-heal|p1a: Fast Bellibolt|68\/100\n|cant|p2a: Eelektross|par\n|\n|-damage|p1a: Fast Bellibolt|55\/100|[from] Leech Seed|[of] p2a: Eelektross\n|upkeep\n|turn|15\n|\n|t:|1700992773\n|move|p1a: Fast Bellibolt|Discharge|p2a: Eelektross\n|-supereffective|p2a: Eelektross\n|-damage|p2a: Eelektross|31\/100 par\n|-enditem|p2a: Eelektross|Sitrus Berry|[eat]\n|-heal|p2a: Eelektross|56\/100 par|[from] item: Sitrus Berry\n|move|p2a: Eelektross|Coil|p2a: Eelektross\n|-boost|p2a: Eelektross|atk|1\n|-boost|p2a: Eelektross|def|1\n|-boost|p2a: Eelektross|accuracy|1\n|\n|-damage|p1a: Fast Bellibolt|43\/100|[from] Leech Seed|[of] p2a: Eelektross\n|-heal|p2a: Eelektross|69\/100 par|[silent]\n|upkeep\n|turn|16\n|\n|t:|1700992783\n|move|p1a: Fast Bellibolt|Discharge|p2a: Eelektross\n|-supereffective|p2a: Eelektross\n|-damage|p2a: Eelektross|9\/100 par\n|cant|p2a: Eelektross|par\n|\n|-damage|p1a: Fast Bellibolt|31\/100|[from] Leech Seed|[of] p2a: Eelektross\n|-heal|p2a: Eelektross|22\/100 par|[silent]\n|upkeep\n|turn|17\n|\n|t:|1700992790\n|move|p1a: Fast Bellibolt|Discharge|p2a: Eelektross\n|-supereffective|p2a: Eelektross\n|-damage|p2a: Eelektross|0 fnt\n|faint|p2a: Eelektross\n|\n|upkeep\n|\n|t:|1700992792\n|switch|p2a: Cresselia|Cresselia, F|100\/100\n|turn|18\n|\n|t:|1700992797\n|move|p1a: Fast Bellibolt|Slack Off|p1a: Fast Bellibolt\n|-heal|p1a: Fast Bellibolt|81\/100\n|move|p2a: Cresselia|Calm Mind|p2a: Cresselia\n|-boost|p2a: Cresselia|spa|1\n|-boost|p2a: Cresselia|spd|1\n|\n|-damage|p1a: Fast Bellibolt|68\/100|[from] Leech Seed|[of] p2a: Cresselia\n|upkeep\n|turn|19\n|\n|t:|1700992806\n|move|p1a: Fast Bellibolt|Soak|p2a: Cresselia\n|-start|p2a: Cresselia|typechange|Water\n|move|p2a: Cresselia|Calm Mind|p2a: Cresselia\n|-boost|p2a: Cresselia|spa|1\n|-boost|p2a: Cresselia|spd|1\n|\n|-damage|p1a: Fast Bellibolt|56\/100|[from] Leech Seed|[of] p2a: Cresselia\n|upkeep\n|turn|20\n|\n|t:|1700992815\n|move|p1a: Fast Bellibolt|Toxic|p2a: Cresselia|[miss]\n|-miss|p1a: Fast Bellibolt|p2a: Cresselia\n|move|p2a: Cresselia|Calm Mind|p2a: Cresselia\n|-boost|p2a: Cresselia|spa|1\n|-boost|p2a: Cresselia|spd|1\n|\n|-damage|p1a: Fast Bellibolt|44\/100|[from] Leech Seed|[of] p2a: Cresselia\n|upkeep\n|turn|21\n|\n|t:|1700992824\n|move|p1a: Fast Bellibolt|Toxic|p2a: Cresselia\n|-status|p2a: Cresselia|tox\n|-enditem|p2a: Cresselia|Lum Berry|[eat]\n|-curestatus|p2a: Cresselia|tox|[msg]\n|move|p2a: Cresselia|Stored Power|p1a: Fast Bellibolt\n|-damage|p1a: Fast Bellibolt|0 fnt\n|faint|p1a: Fast Bellibolt\n|\n|upkeep\n|\n|t:|1700992833\n|switch|p1a: Assault Bellibolt|Bellibolt, M|100\/100\n|-item|p1a: Assault Bellibolt|Air Balloon\n|turn|22\n|\n|t:|1700992840\n|move|p2a: Cresselia|Calm Mind|p2a: Cresselia\n|-boost|p2a: Cresselia|spa|1\n|-boost|p2a: Cresselia|spd|1\n|move|p1a: Assault Bellibolt|Thunderbolt|p2a: Cresselia\n|-supereffective|p2a: Cresselia\n|-damage|p2a: Cresselia|83\/100\n|\n|upkeep\n|turn|23\n|\n|t:|1700992847\n|move|p2a: Cresselia|Calm Mind|p2a: Cresselia\n|-boost|p2a: Cresselia|spa|1\n|-boost|p2a: Cresselia|spd|1\n|move|p1a: Assault Bellibolt|Toxic|p2a: Cresselia\n|-status|p2a: Cresselia|tox\n|\n|-damage|p2a: Cresselia|77\/100 tox|[from] psn\n|upkeep\n|turn|24\n|\n|t:|1700992859\n|switch|p1a: Defense Belli 2|Bellibolt, F|100\/100\n|-terastallize|p2a: Cresselia|Electric\n|move|p2a: Cresselia|Stored Power|p1a: Defense Belli 2\n|-damage|p1a: Defense Belli 2|0 fnt\n|faint|p1a: Defense Belli 2\n|\n|-damage|p2a: Cresselia|65\/100 tox|[from] psn\n|upkeep\n|\n|t:|1700992871\n|switch|p1a: Bellibolt JR|Tadbulb, F|100\/100\n|turn|25\n|\n|t:|1700992876\n|move|p2a: Cresselia|Stored Power|p1a: Bellibolt JR\n|-enditem|p1a: Bellibolt JR|Focus Sash\n|-damage|p1a: Bellibolt JR|1\/100\n|move|p1a: Bellibolt JR|Confuse Ray|p2a: Cresselia\n|-start|p2a: Cresselia|confusion\n|\n|-damage|p2a: Cresselia|47\/100 tox|[from] psn\n|upkeep\n|turn|26\n|\n|t:|1700992886\n|-activate|p2a: Cresselia|confusion\n|-damage|p2a: Cresselia|44\/100 tox|[from] confusion\n|move|p1a: Bellibolt JR|Thunder Wave||[still]\n|-fail|p1a: Bellibolt JR\n|\n|-damage|p2a: Cresselia|20\/100 tox|[from] psn\n|upkeep\n|turn|27\n|\n|t:|1700992893\n|move|p1a: Bellibolt JR|Sucker Punch|p2a: Cresselia\n|-crit|p2a: Cresselia\n|-damage|p2a: Cresselia|13\/100 tox\n|-activate|p2a: Cresselia|confusion\n|-damage|p2a: Cresselia|10\/100 tox|[from] confusion\n|\n|-damage|p2a: Cresselia|0 fnt|[from] psn\n|faint|p2a: Cresselia\n|upkeep\n|\n|t:|1700992900\n|switch|p2a: Rotom|Rotom-Wash|100\/100\n|turn|28\n|\n|t:|1700992905\n|move|p2a: Rotom|Volt Switch|p1a: Bellibolt JR\n|-resisted|p1a: Bellibolt JR\n|-damage|p1a: Bellibolt JR|0 fnt\n|faint|p1a: Bellibolt JR\n|\n|t:|1700992907\n|switch|p2a: Dragonite|Dragonite, M|100\/100|[from] Volt Switch\n|\n|upkeep\n|\n|t:|1700992916\n|switch|p1a: Combat Bellibolt|Bellibolt, F|100\/100\n|turn|29\n|\n|t:|1700992924\n|move|p2a: Dragonite|Dragon Dance|p2a: Dragonite\n|-boost|p2a: Dragonite|atk|1\n|-boost|p2a: Dragonite|spe|1\n|move|p1a: Combat Bellibolt|Thunderbolt|p2a: Dragonite\n|-damage|p2a: Dragonite|84\/100\n|\n|upkeep\n|turn|30\n|\n|t:|1700992931\n|move|p2a: Dragonite|Dragon Dance|p2a: Dragonite\n|-boost|p2a: Dragonite|atk|1\n|-boost|p2a: Dragonite|spe|1\n|move|p1a: Combat Bellibolt|Soak|p2a: Dragonite\n|-start|p2a: Dragonite|typechange|Water\n|\n|upkeep\n|turn|31\n|\n|t:|1700992939\n|move|p2a: Dragonite|Dragon Dance|p2a: Dragonite\n|-boost|p2a: Dragonite|atk|1\n|-boost|p2a: Dragonite|spe|1\n|move|p1a: Combat Bellibolt|Thunderbolt|p2a: Dragonite\n|-supereffective|p2a: Dragonite\n|-damage|p2a: Dragonite|27\/100\n|-enditem|p2a: Dragonite|Weakness Policy\n|-boost|p2a: Dragonite|atk|2|[from] item: Weakness Policy\n|-boost|p2a: Dragonite|spa|2|[from] item: Weakness Policy\n|\n|upkeep\n|turn|32\n|\n|t:|1700992947\n|move|p2a: Dragonite|Ice Spinner|p1a: Combat Bellibolt\n|-damage|p1a: Combat Bellibolt|4\/100\n|move|p1a: Combat Bellibolt|Thunderbolt|p2a: Dragonite\n|-supereffective|p2a: Dragonite\n|-damage|p2a: Dragonite|0 fnt\n|faint|p2a: Dragonite\n|\n|upkeep\n|\n|t:|1700992950\n|switch|p2a: Rotom|Rotom-Wash|100\/100\n|turn|33\n|\n|t:|1700992957\n|move|p2a: Rotom|Night Shade|p1a: Combat Bellibolt\n|-damage|p1a: Combat Bellibolt|0 fnt\n|faint|p1a: Combat Bellibolt\n|\n|upkeep\n|\n|t:|1700992963\n|switch|p1a: Defense Bellibolt|Bellibolt, F|100\/100\n|turn|34\n|\n|t:|1700992970\n|move|p2a: Rotom|Night Shade|p1a: Defense Bellibolt\n|-damage|p1a: Defense Bellibolt|73\/100\n|move|p1a: Defense Bellibolt|Soak|p2a: Rotom\n|-start|p2a: Rotom|typechange|Water\n|\n|-heal|p1a: Defense Bellibolt|79\/100|[from] item: Leftovers\n|upkeep\n|turn|35\n|-message|Pakudin forfeited.\n|\n|win|Puffaaaaa\n|raw|Puffaaaaa's rating: 1070 &rarr; <strong>1109<\/strong><br \/>(+39 for winning)\n|raw|Pakudin's rating: 1187 &rarr; <strong>1154<\/strong><br \/>(-33 for losing)\n|l|\u2606Pakudin\n|c|\u2606Puffaaaaa|gg\n","uploadtime":1700994017,"views":31,"p1id":"puffaaaaa","p2id":"pakudin","formatid":"gen9anythinggoes","rating":1109,"private":0,"password":""}