{"id":"gen9anythinggoes-1971526393","p1":"MemeMimicks","p2":"Detroit14","format":"[Gen 9] Anything Goes","log":"|j|\u2606MemeMimicks\n|j|\u2606Detroit14\n|t:|1697745535\n|gametype|singles\n|player|p1|MemeMimicks|emmet|1238\n|player|p2|Detroit14|170|1175\n|teamsize|p1|6\n|teamsize|p2|6\n|gen|9\n|tier|[Gen 9] Anything Goes\n|rated|\n|rule|HP Percentage Mod: HP is shown in percentages\n|rule|Endless Battle Clause: Forcing endless battles is banned\n|clearpoke\n|poke|p1|Cyclizar, M|\n|poke|p1|Annihilape, F|\n|poke|p1|Staraptor, M|\n|poke|p1|Calyrex-Shadow|\n|poke|p1|Ogerpon-Hearthflame, F|\n|poke|p1|Ursaluna-Bloodmoon, M|\n|poke|p2|Basculegion, M|\n|poke|p2|Mimikyu, F|\n|poke|p2|Staraptor, F|\n|poke|p2|Azelf|\n|poke|p2|Starly, L1, M|\n|poke|p2|Giratina-Origin|\n|teampreview\n|\n|t:|1697745547\n|start\n|switch|p1a: Annihilape|Annihilape, F|100\/100\n|switch|p2a: Starly|Starly, L1, M|100\/100\n|turn|1\n|\n|t:|1697745555\n|move|p2a: Starly|Protect|p2a: Starly\n|-singleturn|p2a: Starly|Protect\n|move|p1a: Annihilape|Encore|p2a: Starly\n|-activate|p2a: Starly|move: Protect\n|\n|upkeep\n|turn|2\n|\n|t:|1697745567\n|switch|p2a: Staraptor|Staraptor, F|100\/100\n|-ability|p2a: Staraptor|Intimidate|boost\n|-unboost|p1a: Annihilape|atk|1\n|move|p1a: Annihilape|Encore||[still]\n|-fail|p1a: Annihilape\n|\n|upkeep\n|turn|3\n|\n|t:|1697745573\n|switch|p1a: Staraptor|Staraptor, M|100\/100\n|-ability|p1a: Staraptor|Intimidate|boost\n|-unboost|p2a: Staraptor|atk|1\n|move|p2a: Staraptor|Brave Bird|p1a: Staraptor\n|-damage|p1a: Staraptor|48\/100\n|-damage|p2a: Staraptor|80\/100|[from] Recoil\n|\n|upkeep\n|turn|4\n|\n|t:|1697745582\n|move|p1a: Staraptor|Tailwind|p1a: Staraptor\n|-sidestart|p1: MemeMimicks|move: Tailwind\n|move|p2a: Staraptor|Brave Bird|p1a: Staraptor\n|-damage|p1a: Staraptor|1\/100\n|-damage|p2a: Staraptor|61\/100|[from] Recoil\n|\n|upkeep\n|turn|5\n|\n|t:|1697745592\n|move|p1a: Staraptor|Tailwind||[still]\n|-fail|p1a: Staraptor\n|move|p2a: Staraptor|Double-Edge|p1a: Staraptor\n|-damage|p1a: Staraptor|0 fnt\n|faint|p1a: Staraptor\n|-damage|p2a: Staraptor|61\/100|[from] Recoil\n|\n|upkeep\n|\n|t:|1697745604\n|switch|p1a: Ogerpon|Ogerpon-Hearthflame, F|100\/100\n|-ability|p1a: Ogerpon|Mold Breaker\n|turn|6\n|\n|t:|1697745612\n|-terastallize|p1a: Ogerpon|Fire\n|detailschange|p1a: Ogerpon|Ogerpon-Hearthflame-Tera, F, tera:Fire\n|-ability|p1a: Ogerpon|Embody Aspect (Hearthflame)|boost\n|-boost|p1a: Ogerpon|atk|1\n|move|p1a: Ogerpon|Ivy Cudgel|p2a: Staraptor\n|-damage|p2a: Staraptor|0 fnt\n|faint|p2a: Staraptor\n|\n|upkeep\n|\n|t:|1697745620\n|switch|p2a: Giratina|Giratina-Origin|100\/100\n|turn|7\n|\n|t:|1697745632\n|switch|p1a: Ursaluna|Ursaluna-Bloodmoon, M|100\/100\n|move|p2a: Giratina|Destiny Bond|p2a: Giratina\n|-singlemove|p2a: Giratina|Destiny Bond\n|\n|-sideend|p1: MemeMimicks|move: Tailwind\n|upkeep\n|turn|8\n|\n|t:|1697745641\n|move|p2a: Giratina|Dragon Pulse|p1a: Ursaluna\n|-damage|p1a: Ursaluna|37\/100\n|move|p1a: Ursaluna|Calm Mind|p1a: Ursaluna\n|-boost|p1a: Ursaluna|spa|1\n|-boost|p1a: Ursaluna|spd|1\n|\n|upkeep\n|turn|9\n|\n|t:|1697745647\n|move|p2a: Giratina|Dragon Pulse|p1a: Ursaluna\n|-damage|p1a: Ursaluna|0 fnt\n|faint|p1a: Ursaluna\n|\n|upkeep\n|\n|t:|1697745659\n|switch|p1a: Calyrex|Calyrex-Shadow|100\/100\n|-ability|p1a: Calyrex|As One\n|-ability|p1a: Calyrex|Unnerve\n|turn|10\n|\n|t:|1697745667\n|move|p1a: Calyrex|Dark Pulse|p2a: Giratina\n|-supereffective|p2a: Giratina\n|-damage|p2a: Giratina|52\/100\n|move|p2a: Giratina|Shadow Ball|p1a: Calyrex\n|-supereffective|p1a: Calyrex\n|-enditem|p1a: Calyrex|Focus Sash\n|-damage|p1a: Calyrex|1\/100\n|-unboost|p1a: Calyrex|spd|1\n|\n|upkeep\n|turn|11\n|\n|t:|1697745677\n|move|p1a: Calyrex|Dark Pulse|p2a: Giratina\n|-supereffective|p2a: Giratina\n|-crit|p2a: Giratina\n|-damage|p2a: Giratina|0 fnt\n|faint|p2a: Giratina\n|-ability|p1a: Calyrex|Grim Neigh|boost\n|-boost|p1a: Calyrex|spa|1\n|\n|upkeep\n|\n|t:|1697745683\n|switch|p2a: Mimikyu|Mimikyu, F|100\/100\n|turn|12\n|\n|t:|1697745686\n|move|p2a: Mimikyu|Shadow Sneak|p1a: Calyrex\n|-supereffective|p1a: Calyrex\n|-crit|p1a: Calyrex\n|-damage|p1a: Calyrex|0 fnt\n|faint|p1a: Calyrex\n|\n|upkeep\n|\n|t:|1697745693\n|switch|p1a: Cyclizar|Cyclizar, M|100\/100\n|turn|13\n|\n|t:|1697745700\n|move|p1a: Cyclizar|Shed Tail|p1a: Cyclizar\n|-start|p1a: Cyclizar|Substitute|[from] move: Shed Tail\n|-damage|p1a: Cyclizar|50\/100\n|\n|t:|1697745702\n|switch|p1a: Ogerpon|Ogerpon-Hearthflame-Tera, F, tera:Fire|100\/100|[from] Shed Tail\n|-ability|p1a: Ogerpon|Embody Aspect (Hearthflame)|boost\n|-boost|p1a: Ogerpon|atk|1\n|move|p2a: Mimikyu|Play Rough|p1a: Ogerpon\n|-resisted|p1a: Ogerpon\n|-activate|p1a: Ogerpon|move: Substitute|[damage]\n|\n|upkeep\n|turn|14\n|\n|t:|1697745713\n|move|p2a: Mimikyu|Shadow Sneak|p1a: Ogerpon\n|-end|p1a: Ogerpon|Substitute\n|move|p1a: Ogerpon|Swords Dance|p1a: Ogerpon\n|-boost|p1a: Ogerpon|atk|2\n|\n|upkeep\n|turn|15\n|\n|t:|1697745719\n|move|p2a: Mimikyu|Shadow Sneak|p1a: Ogerpon\n|-damage|p1a: Ogerpon|79\/100\n|move|p1a: Ogerpon|Ivy Cudgel|p2a: Mimikyu\n|-activate|p2a: Mimikyu|ability: Disguise\n|-damage|p2a: Mimikyu|100\/100\n|detailschange|p2a: Mimikyu|Mimikyu-Busted, F\n|-damage|p2a: Mimikyu|88\/100|[from] pokemon: Mimikyu-Busted\n|\n|upkeep\n|turn|16\n|\n|t:|1697745727\n|move|p2a: Mimikyu|Shadow Sneak|p1a: Ogerpon\n|-damage|p1a: Ogerpon|57\/100\n|move|p1a: Ogerpon|Horn Leech|p2a: Mimikyu\n|-damage|p2a: Mimikyu|0 fnt\n|-heal|p1a: Ogerpon|94\/100|[from] drain|[of] p2a: Mimikyu\n|faint|p2a: Mimikyu\n|\n|upkeep\n|\n|t:|1697745735\n|switch|p2a: Starly|Starly, L1, M|100\/100\n|turn|17\n|\n|t:|1697745742\n|switch|p1a: Annihilape|Annihilape, F|100\/100\n|move|p2a: Starly|Endeavor|p1a: Annihilape\n|-immune|p1a: Annihilape\n|\n|upkeep\n|turn|18\n|\n|t:|1697745748\n|move|p2a: Starly|Protect|p2a: Starly\n|-singleturn|p2a: Starly|Protect\n|move|p1a: Annihilape|Encore|p2a: Starly\n|-activate|p2a: Starly|move: Protect\n|\n|upkeep\n|turn|19\n|\n|t:|1697745754\n|switch|p2a: Azelf|Azelf|100\/100\n|move|p1a: Annihilape|Encore||[still]\n|-fail|p1a: Annihilape\n|\n|upkeep\n|turn|20\n|\n|t:|1697745760\n|switch|p1a: Cyclizar|Cyclizar, M|84\/100\n|move|p2a: Azelf|Psychic|p1a: Cyclizar\n|-damage|p1a: Cyclizar|23\/100\n|\n|-heal|p1a: Cyclizar|29\/100|[from] item: Leftovers\n|upkeep\n|turn|21\n|\n|t:|1697745767\n|switch|p1a: Annihilape|Annihilape, F|100\/100\n|move|p2a: Azelf|Psychic|p1a: Annihilape\n|-supereffective|p1a: Annihilape\n|-damage|p1a: Annihilape|18\/100\n|\n|upkeep\n|turn|22\n|\n|t:|1697745774\n|move|p1a: Annihilape|Stealth Rock|p2a: Azelf\n|-sidestart|p2: Detroit14|move: Stealth Rock\n|move|p2a: Azelf|Psychic|p1a: Annihilape\n|-supereffective|p1a: Annihilape\n|-damage|p1a: Annihilape|0 fnt\n|faint|p1a: Annihilape\n|\n|upkeep\n|\n|t:|1697745781\n|switch|p1a: Ogerpon|Ogerpon-Hearthflame-Tera, F, tera:Fire|94\/100\n|-ability|p1a: Ogerpon|Embody Aspect (Hearthflame)|boost\n|-boost|p1a: Ogerpon|atk|1\n|turn|23\n|\n|t:|1697745788\n|move|p2a: Azelf|Psychic|p1a: Ogerpon\n|-damage|p1a: Ogerpon|44\/100\n|move|p1a: Ogerpon|Horn Leech|p2a: Azelf\n|-damage|p2a: Azelf|0 fnt\n|-heal|p1a: Ogerpon|93\/100|[from] drain|[of] p2a: Azelf\n|faint|p2a: Azelf\n|\n|upkeep\n|\n|t:|1697745795\n|switch|p2a: Starly|Starly, L1, M|100\/100\n|-damage|p2a: Starly|75\/100|[from] Stealth Rock\n|turn|24\n|\n|t:|1697745801\n|move|p1a: Ogerpon|Swords Dance|p1a: Ogerpon\n|-boost|p1a: Ogerpon|atk|2\n|move|p2a: Starly|Endeavor|p1a: Ogerpon\n|-damage|p1a: Ogerpon|3\/100\n|\n|upkeep\n|turn|25\n|\n|t:|1697745808\n|move|p2a: Starly|Quick Attack|p1a: Ogerpon\n|-damage|p1a: Ogerpon|3\/100\n|move|p1a: Ogerpon|Ivy Cudgel|p2a: Starly\n|-damage|p2a: Starly|0 fnt\n|faint|p2a: Starly\n|\n|upkeep\n|\n|t:|1697745813\n|switch|p2a: Basculegion|Basculegion, M|100\/100\n|-damage|p2a: Basculegion|88\/100|[from] Stealth Rock\n|turn|26\n|\n|t:|1697745818\n|-terastallize|p2a: Basculegion|Ghost\n|move|p2a: Basculegion|Last Respects|p1a: Ogerpon\n|-damage|p1a: Ogerpon|0 fnt\n|faint|p1a: Ogerpon\n|\n|upkeep\n|c|\u2606Detroit14|gg\n|\n|t:|1697745823\n|switch|p1a: Cyclizar|Cyclizar, M|62\/100\n|turn|27\n|\n|t:|1697745828\n|move|p1a: Cyclizar|Protect|p1a: Cyclizar\n|-singleturn|p1a: Cyclizar|Protect\n|move|p2a: Basculegion|Last Respects|p1a: Cyclizar\n|-activate|p1a: Cyclizar|move: Protect\n|\n|-heal|p1a: Cyclizar|68\/100|[from] item: Leftovers\n|upkeep\n|turn|28\n|c|\u2606MemeMimicks|gg\n|\n|t:|1697745835\n|move|p2a: Basculegion|Last Respects|p1a: Cyclizar\n|-immune|p1a: Cyclizar\n|move|p1a: Cyclizar|Dragon Tail|p2a: Basculegion\n|-damage|p2a: Basculegion|63\/100\n|\n|-heal|p1a: Cyclizar|74\/100|[from] item: Leftovers\n|upkeep\n|turn|29\n|\n|t:|1697745843\n|move|p2a: Basculegion|Last Respects|p1a: Cyclizar\n|-immune|p1a: Cyclizar\n|move|p1a: Cyclizar|Dragon Tail|p2a: Basculegion\n|-damage|p2a: Basculegion|37\/100\n|\n|-heal|p1a: Cyclizar|80\/100|[from] item: Leftovers\n|upkeep\n|turn|30\n|-message|Detroit14 forfeited.\n|\n|win|MemeMimicks\n|raw|MemeMimicks's rating: 1238 &rarr; <strong>1259<\/strong><br \/>(+21 for winning)\n|raw|Detroit14's rating: 1175 &rarr; <strong>1154<\/strong><br \/>(-21 for losing)\n|l|\u2606Detroit14\n","uploadtime":1697745866,"views":7,"p1id":"mememimicks","p2id":"detroit14","formatid":"gen9anythinggoes","rating":1154,"private":0,"password":""}