{"id":"gen9anythinggoes-1997011778","p1":"oskar furzt","p2":"jeremy261","format":"[Gen 9] Anything Goes","log":"|j|\u2606oskar furzt\n|j|\u2606jeremy261\n|t:|1700755495\n|gametype|singles\n|player|p1|oskar furzt|firebreather|\n|player|p2|jeremy261|101|\n|teamsize|p1|6\n|teamsize|p2|6\n|gen|9\n|tier|[Gen 9] Anything Goes\n|rule|HP Percentage Mod: HP is shown in percentages\n|rule|Endless Battle Clause: Forcing endless battles is banned\n|clearpoke\n|poke|p1|Landorus-Therian, M|\n|poke|p1|Cryogonal|\n|poke|p1|Salamence, M|\n|poke|p1|Volcanion|\n|poke|p1|Weezing-Galar, F|\n|poke|p1|Raichu, M|\n|poke|p2|Inteleon, M|\n|poke|p2|Iron Valiant|\n|poke|p2|Heatran, M|\n|poke|p2|Shaymin|\n|poke|p2|Gliscor, F|\n|poke|p2|Leavanny, F|\n|teampreview\n|inactive|Battle timer is ON: inactive players will automatically lose when time's up. (requested by jeremy261)\n|inactiveoff|Battle timer is now OFF.\n|c|\u2606jeremy261|Glhf\n|c|\u2606oskar furzt|hf gl\n|\n|t:|1700755542\n|start\n|switch|p1a: Mein B\u00e4r|Landorus-Therian, M, shiny|100\/100\n|switch|p2a: Leavanny|Leavanny, F, shiny|100\/100\n|-ability|p1a: Mein B\u00e4r|Intimidate|boost\n|-unboost|p2a: Leavanny|atk|1\n|turn|1\n|\n|t:|1700755554\n|move|p1a: Mein B\u00e4r|U-turn|p2a: Leavanny\n|-supereffective|p2a: Leavanny\n|-damage|p2a: Leavanny|20\/100\n|\n|t:|1700755559\n|switch|p1a: Schneeauflock|Cryogonal, shiny|100\/100|[from] U-turn\n|move|p2a: Leavanny|Sticky Web|p1a: Schneeauflock\n|-sidestart|p1: oskar furzt|move: Sticky Web\n|\n|upkeep\n|turn|2\n|\n|t:|1700755588\n|switch|p2a: Heatran|Heatran, M|100\/100\n|-terastallize|p1a: Schneeauflock|Steel\n|move|p1a: Schneeauflock|Rapid Spin|p2a: Heatran\n|-resisted|p2a: Heatran\n|-damage|p2a: Heatran|98\/100\n|-boost|p1a: Schneeauflock|spe|1\n|-sideend|p1: oskar furzt|Sticky Web|[from] move: Rapid Spin|[of] p1a: Schneeauflock\n|\n|-heal|p2a: Heatran|100\/100|[from] item: Leftovers\n|upkeep\n|turn|3\n|\n|t:|1700755602\n|switch|p1a: Volcanion|Volcanion|100\/100\n|move|p2a: Heatran|Flamethrower|p1a: Volcanion\n|-resisted|p1a: Volcanion\n|-damage|p1a: Volcanion|93\/100\n|\n|upkeep\n|turn|4\n|\n|t:|1700755620\n|switch|p2a: Gliscor|Gliscor, F, shiny|100\/100\n|move|p1a: Volcanion|Steam Eruption|p2a: Gliscor\n|-supereffective|p2a: Gliscor\n|-damage|p2a: Gliscor|0 fnt\n|faint|p2a: Gliscor\n|\n|upkeep\n|\n|t:|1700755636\n|switch|p2a: Shaymin|Shaymin|100\/100\n|turn|5\n|\n|t:|1700755643\n|move|p2a: Shaymin|Leech Seed|p1a: Volcanion\n|-start|p1a: Volcanion|move: Leech Seed\n|move|p1a: Volcanion|Flamethrower|p2a: Shaymin\n|-supereffective|p2a: Shaymin\n|-damage|p2a: Shaymin|0 fnt\n|faint|p2a: Shaymin\n|\n|upkeep\n|\n|t:|1700755657\n|switch|p2a: Inteleon|Inteleon, M, shiny|100\/100\n|turn|6\n|\n|t:|1700755673\n|switch|p1a: Schneeauflock|Cryogonal, shiny, tera:Steel|100\/100\n|move|p2a: Inteleon|Ice Beam|p1a: Schneeauflock\n|-resisted|p1a: Schneeauflock\n|-damage|p1a: Schneeauflock|88\/100\n|\n|-heal|p1a: Schneeauflock|94\/100|[from] item: Leftovers\n|upkeep\n|turn|7\n|\n|t:|1700755689\n|switch|p2a: Heatran|Heatran, M|100\/100\n|switch|p1a: Volcanion|Volcanion|93\/100\n|\n|upkeep\n|turn|8\n|\n|t:|1700755698\n|switch|p2a: Leavanny|Leavanny, F, shiny|20\/100\n|move|p1a: Volcanion|Steam Eruption|p2a: Leavanny\n|-resisted|p2a: Leavanny\n|-damage|p2a: Leavanny|0 fnt\n|faint|p2a: Leavanny\n|\n|upkeep\n|\n|t:|1700755716\n|switch|p2a: Iron Valiant|Iron Valiant|100\/100\n|-enditem|p2a: Iron Valiant|Booster Energy\n|-activate|p2a: Iron Valiant|ability: Quark Drive|[fromitem]\n|-start|p2a: Iron Valiant|quarkdrivespe\n|turn|9\n|\n|t:|1700755723\n|move|p2a: Iron Valiant|Psycho Cut|p1a: Volcanion\n|-damage|p1a: Volcanion|72\/100\n|move|p1a: Volcanion|Flamethrower|p2a: Iron Valiant\n|-damage|p2a: Iron Valiant|10\/100\n|\n|upkeep\n|turn|10\n|\n|t:|1700755730\n|move|p2a: Iron Valiant|Destiny Bond|p2a: Iron Valiant\n|-singlemove|p2a: Iron Valiant|Destiny Bond\n|move|p1a: Volcanion|Flamethrower|p2a: Iron Valiant\n|-damage|p2a: Iron Valiant|0 fnt\n|faint|p2a: Iron Valiant\n|-activate|p2a: Iron Valiant|move: Destiny Bond\n|-end|p2a: Iron Valiant|Quark Drive|[silent]\n|faint|p1a: Volcanion\n|\n|upkeep\n|\n|t:|1700755744\n|switch|p2a: Inteleon|Inteleon, M, shiny|100\/100\n|switch|p1a: Mein B\u00e4r|Landorus-Therian, M, shiny|100\/100\n|-ability|p1a: Mein B\u00e4r|Intimidate|boost\n|-unboost|p2a: Inteleon|atk|1\n|turn|11\n|\n|t:|1700755764\n|move|p1a: Mein B\u00e4r|U-turn|p2a: Inteleon\n|-damage|p2a: Inteleon|57\/100\n|\n|t:|1700755769\n|switch|p1a: Schneeauflock|Cryogonal, shiny, tera:Steel|94\/100|[from] U-turn\n|move|p2a: Inteleon|Snipe Shot|p1a: Schneeauflock\n|-damage|p1a: Schneeauflock|60\/100\n|\n|-heal|p1a: Schneeauflock|66\/100|[from] item: Leftovers\n|upkeep\n|turn|12\n|\n|t:|1700755779\n|switch|p1a: Brutal|Salamence, M, shiny|100\/100\n|-ability|p1a: Brutal|Intimidate|boost\n|-unboost|p2a: Inteleon|atk|1\n|-terastallize|p2a: Inteleon|Electric\n|move|p2a: Inteleon|Snipe Shot|p1a: Brutal\n|-resisted|p1a: Brutal\n|-damage|p1a: Brutal|70\/100\n|\n|upkeep\n|turn|13\n|\n|t:|1700755791\n|switch|p2a: Heatran|Heatran, M|100\/100\n|switch|p1a: Schneeauflock|Cryogonal, shiny, tera:Steel|66\/100\n|\n|-heal|p1a: Schneeauflock|72\/100|[from] item: Leftovers\n|upkeep\n|turn|14\n|\n|t:|1700755801\n|switch|p1a: Brutal|Salamence, M, shiny|70\/100\n|-ability|p1a: Brutal|Intimidate|boost\n|-unboost|p2a: Heatran|atk|1\n|move|p2a: Heatran|Will-O-Wisp|p1a: Brutal\n|-status|p1a: Brutal|brn\n|\n|-damage|p1a: Brutal|64\/100 brn|[from] brn\n|upkeep\n|turn|15\n|\n|t:|1700755826\n|move|p1a: Brutal|Earthquake|p2a: Heatran\n|-supereffective|p2a: Heatran\n|-damage|p2a: Heatran|49\/100\n|move|p2a: Heatran|Taunt|p1a: Brutal\n|-start|p1a: Brutal|move: Taunt\n|\n|-heal|p2a: Heatran|55\/100|[from] item: Leftovers\n|-damage|p1a: Brutal|58\/100 brn|[from] brn\n|upkeep\n|turn|16\n|\n|t:|1700755837\n|move|p1a: Brutal|Earthquake|p2a: Heatran\n|-supereffective|p2a: Heatran\n|-damage|p2a: Heatran|0 fnt\n|faint|p2a: Heatran\n|\n|-damage|p1a: Brutal|51\/100 brn|[from] brn\n|upkeep\n|\n|t:|1700755844\n|switch|p2a: Inteleon|Inteleon, M, shiny, tera:Electric|57\/100\n|turn|17\n|\n|t:|1700755858\n|switch|p1a: Schneeauflock|Cryogonal, shiny, tera:Steel|72\/100\n|move|p2a: Inteleon|Snipe Shot|p1a: Schneeauflock\n|-damage|p1a: Schneeauflock|39\/100\n|\n|-heal|p1a: Schneeauflock|45\/100|[from] item: Leftovers\n|upkeep\n|turn|18\n|\n|t:|1700755866\n|move|p2a: Inteleon|Snipe Shot|p1a: Schneeauflock\n|-damage|p1a: Schneeauflock|8\/100\n|move|p1a: Schneeauflock|Recover|p1a: Schneeauflock\n|-heal|p1a: Schneeauflock|58\/100\n|\n|-heal|p1a: Schneeauflock|64\/100|[from] item: Leftovers\n|upkeep\n|turn|19\n|\n|t:|1700755874\n|move|p2a: Inteleon|Snipe Shot|p1a: Schneeauflock\n|-damage|p1a: Schneeauflock|31\/100\n|move|p1a: Schneeauflock|Recover|p1a: Schneeauflock\n|-heal|p1a: Schneeauflock|81\/100\n|\n|-heal|p1a: Schneeauflock|87\/100|[from] item: Leftovers\n|upkeep\n|turn|20\n|\n|t:|1700755883\n|move|p2a: Inteleon|Snipe Shot|p1a: Schneeauflock\n|-damage|p1a: Schneeauflock|48\/100\n|move|p1a: Schneeauflock|Rapid Spin|p2a: Inteleon\n|-damage|p2a: Inteleon|46\/100\n|-boost|p1a: Schneeauflock|spe|1\n|\n|-heal|p1a: Schneeauflock|54\/100|[from] item: Leftovers\n|upkeep\n|turn|21\n|\n|t:|1700755892\n|move|p2a: Inteleon|Snipe Shot|p1a: Schneeauflock\n|-damage|p1a: Schneeauflock|17\/100\n|move|p1a: Schneeauflock|Freeze-Dry|p2a: Inteleon\n|-damage|p2a: Inteleon|0 fnt\n|faint|p2a: Inteleon\n|\n|win|oskar furzt\n|l|\u2606jeremy261\n|c|\u2606oskar furzt|gg\n","uploadtime":1700755915,"views":10,"p1id":"oskarfurzt","p2id":"jeremy261","formatid":"gen9anythinggoes","rating":0,"private":0,"password":""}