{"id":"gen9anythinggoes-1990814740","p1":"Chazirard feet","p2":"Tobiaskingdom","format":"[Gen 9] Anything Goes","log":"|j|\u2606Chazirard feet\n|j|\u2606Tobiaskingdom\n|t:|1700003608\n|gametype|singles\n|player|p1|Chazirard feet|ingo|1477\n|player|p2|Tobiaskingdom|giovanni|1534\n|teamsize|p1|6\n|teamsize|p2|6\n|gen|9\n|tier|[Gen 9] Anything Goes\n|rated|\n|rule|HP Percentage Mod: HP is shown in percentages\n|rule|Endless Battle Clause: Forcing endless battles is banned\n|clearpoke\n|poke|p1|Ting-Lu|\n|poke|p1|Ditto|\n|poke|p1|Calyrex-Shadow|\n|poke|p1|Miraidon|\n|poke|p1|Koraidon|\n|poke|p1|Zacian-*|\n|poke|p2|Glimmora, M|\n|poke|p2|Electrode-Hisui|\n|poke|p2|Giratina|\n|poke|p2|Uxie|\n|poke|p2|Great Tusk|\n|poke|p2|Volcarona, F|\n|teampreview\n|inactive|Battle timer is ON: inactive players will automatically lose when time's up. (requested by Tobiaskingdom)\n|inactive|Chazirard feet also wants the timer to be on.\n|\n|t:|1700003615\n|start\n|switch|p1a: Plates|Ting-Lu|100\/100\n|switch|p2a: See No Eyes|Uxie|100\/100\n|-ability|p1a: Plates|Vessel of Ruin\n|turn|1\n|\n|t:|1700003622\n|move|p2a: See No Eyes|Light Screen|p2a: See No Eyes\n|-sidestart|p2: Tobiaskingdom|move: Light Screen\n|move|p1a: Plates|Stealth Rock|p2a: See No Eyes\n|-sidestart|p2: Tobiaskingdom|move: Stealth Rock\n|\n|upkeep\n|turn|2\n|\n|t:|1700003628\n|move|p2a: See No Eyes|Reflect|p2a: See No Eyes\n|-sidestart|p2: Tobiaskingdom|Reflect\n|move|p1a: Plates|Spikes|p2a: See No Eyes\n|-sidestart|p2: Tobiaskingdom|Spikes\n|\n|upkeep\n|turn|3\n|\n|t:|1700003635\n|switch|p2a: The Plug|Glimmora, M|100\/100\n|-damage|p2a: The Plug|88\/100|[from] Stealth Rock\n|-damage|p2a: The Plug|76\/100|[from] Spikes\n|move|p1a: Plates|Whirlwind|p2a: The Plug\n|drag|p2a: SorrynotSorry|Electrode-Hisui, shiny|100\/100\n|-damage|p2a: SorrynotSorry|88\/100|[from] Stealth Rock\n|-damage|p2a: SorrynotSorry|76\/100|[from] Spikes\n|\n|-heal|p2a: SorrynotSorry|82\/100|[from] item: Leftovers\n|upkeep\n|turn|4\n|\n|t:|1700003648\n|move|p2a: SorrynotSorry|Leech Seed|p1a: Plates\n|-start|p1a: Plates|move: Leech Seed\n|move|p1a: Plates|Whirlwind|p2a: SorrynotSorry\n|drag|p2a: The Plug|Glimmora, M|76\/100\n|-damage|p2a: The Plug|63\/100|[from] Stealth Rock\n|-damage|p2a: The Plug|51\/100|[from] Spikes\n|\n|-damage|p1a: Plates|88\/100|[from] Leech Seed|[of] p2a: The Plug\n|-heal|p2a: The Plug|69\/100|[silent]\n|upkeep\n|turn|5\n|\n|t:|1700003659\n|-terastallize|p2a: The Plug|Grass\n|move|p2a: The Plug|Mortal Spin|p1a: Plates\n|-resisted|p1a: Plates\n|-crit|p1a: Plates\n|-damage|p1a: Plates|86\/100\n|-status|p1a: Plates|psn\n|-damage|p2a: The Plug|53\/100|[from] item: Rocky Helmet|[of] p1a: Plates\n|-sideend|p2: Tobiaskingdom|Spikes|[from] move: Mortal Spin|[of] p2a: The Plug\n|-sideend|p2: Tobiaskingdom|Stealth Rock|[from] move: Mortal Spin|[of] p2a: The Plug\n|move|p1a: Plates|Whirlwind|p2a: The Plug\n|drag|p2a: SorrynotSorry|Electrode-Hisui, shiny|82\/100\n|\n|-heal|p2a: SorrynotSorry|88\/100|[from] item: Leftovers\n|-damage|p1a: Plates|74\/100 psn|[from] Leech Seed|[of] p2a: SorrynotSorry\n|-heal|p2a: SorrynotSorry|100\/100|[silent]\n|-damage|p1a: Plates|61\/100 psn|[from] psn\n|upkeep\n|turn|6\n|\n|t:|1700003687\n|switch|p1a: Boots|Miraidon|100\/100\n|-fieldstart|move: Electric Terrain|[from] ability: Hadron Engine|[of] p1a: Boots\n|move|p2a: SorrynotSorry|Chloroblast|p1a: Boots\n|-resisted|p1a: Boots\n|-damage|p1a: Boots|83\/100\n|-damage|p2a: SorrynotSorry|50\/100|[from] Recoil\n|\n|-heal|p2a: SorrynotSorry|56\/100|[from] item: Leftovers\n|upkeep\n|turn|7\n|\n|t:|1700003697\n|move|p2a: SorrynotSorry|Protect|p2a: SorrynotSorry\n|-singleturn|p2a: SorrynotSorry|Protect\n|move|p1a: Boots|Calm Mind|p1a: Boots\n|-boost|p1a: Boots|spa|1\n|-boost|p1a: Boots|spd|1\n|\n|-heal|p2a: SorrynotSorry|63\/100|[from] item: Leftovers\n|upkeep\n|turn|8\n|\n|t:|1700003706\n|move|p2a: SorrynotSorry|Leech Seed|p1a: Boots\n|-start|p1a: Boots|move: Leech Seed\n|move|p1a: Boots|Agility|p1a: Boots\n|-boost|p1a: Boots|spe|2\n|\n|-heal|p2a: SorrynotSorry|69\/100|[from] item: Leftovers\n|-damage|p1a: Boots|71\/100|[from] Leech Seed|[of] p2a: SorrynotSorry\n|-heal|p2a: SorrynotSorry|85\/100|[silent]\n|-sideend|p2: Tobiaskingdom|move: Light Screen\n|upkeep\n|turn|9\n|\n|t:|1700003716\n|move|p1a: Boots|Dragon Pulse|p2a: SorrynotSorry\n|-crit|p2a: SorrynotSorry\n|-damage|p2a: SorrynotSorry|0 fnt\n|faint|p2a: SorrynotSorry\n|\n|-sideend|p2: Tobiaskingdom|Reflect\n|upkeep\n|\n|t:|1700003722\n|switch|p2a: See No Eyes|Uxie|100\/100\n|turn|10\n|\n|t:|1700003725\n|move|p1a: Boots|Parabolic Charge|p2a: See No Eyes\n|-damage|p2a: See No Eyes|42\/100\n|-heal|p1a: Boots|100\/100|[from] drain|[of] p2a: See No Eyes\n|move|p2a: See No Eyes|Light Screen|p2a: See No Eyes\n|-sidestart|p2: Tobiaskingdom|move: Light Screen\n|\n|-damage|p1a: Boots|88\/100|[from] Leech Seed|[of] p2a: See No Eyes\n|-heal|p2a: See No Eyes|54\/100|[silent]\n|-fieldend|move: Electric Terrain\n|upkeep\n|turn|11\n|\n|t:|1700003734\n|move|p1a: Boots|Calm Mind|p1a: Boots\n|-boost|p1a: Boots|spa|1\n|-boost|p1a: Boots|spd|1\n|move|p2a: See No Eyes|Reflect|p2a: See No Eyes\n|-sidestart|p2: Tobiaskingdom|Reflect\n|\n|-damage|p1a: Boots|76\/100|[from] Leech Seed|[of] p2a: See No Eyes\n|-heal|p2a: See No Eyes|65\/100|[silent]\n|upkeep\n|turn|12\n|\n|t:|1700003741\n|move|p1a: Boots|Parabolic Charge|p2a: See No Eyes\n|-damage|p2a: See No Eyes|42\/100\n|-heal|p1a: Boots|88\/100|[from] drain|[of] p2a: See No Eyes\n|move|p2a: See No Eyes|U-turn|p1a: Boots\n|-damage|p1a: Boots|75\/100\n|\n|t:|1700003749\n|switch|p2a: The Plug|Glimmora, M, tera:Grass|53\/100|[from] U-turn\n|\n|-damage|p1a: Boots|63\/100|[from] Leech Seed|[of] p2a: The Plug\n|-heal|p2a: The Plug|65\/100|[silent]\n|upkeep\n|turn|13\n|\n|t:|1700003755\n|move|p1a: Boots|Dragon Pulse|p2a: The Plug\n|-damage|p2a: The Plug|22\/100\n|-enditem|p2a: The Plug|Aguav Berry|[eat]\n|-heal|p2a: The Plug|55\/100|[from] item: Aguav Berry\n|move|p2a: The Plug|Spikes|p1a: Boots\n|-sidestart|p1: Chazirard feet|Spikes\n|\n|-damage|p1a: Boots|50\/100|[from] Leech Seed|[of] p2a: The Plug\n|-heal|p2a: The Plug|67\/100|[silent]\n|upkeep\n|turn|14\n|\n|t:|1700003765\n|move|p1a: Boots|Dragon Pulse|p2a: The Plug\n|-damage|p2a: The Plug|17\/100\n|move|p2a: The Plug|Spikes|p1a: Boots\n|-sidestart|p1: Chazirard feet|Spikes\n|\n|-damage|p1a: Boots|38\/100|[from] Leech Seed|[of] p2a: The Plug\n|-heal|p2a: The Plug|29\/100|[silent]\n|upkeep\n|turn|15\n|\n|t:|1700003773\n|move|p1a: Boots|Dragon Pulse|p2a: The Plug\n|-damage|p2a: The Plug|0 fnt\n|faint|p2a: The Plug\n|\n|upkeep\n|\n|t:|1700003780\n|switch|p2a: Right Round|Great Tusk|100\/100\n|-enditem|p2a: Right Round|Booster Energy\n|-activate|p2a: Right Round|ability: Protosynthesis|[fromitem]\n|-start|p2a: Right Round|protosynthesisatk\n|turn|16\n|\n|t:|1700003786\n|move|p1a: Boots|Dragon Pulse|p2a: Right Round\n|-crit|p2a: Right Round\n|-damage|p2a: Right Round|0 fnt\n|faint|p2a: Right Round\n|-end|p2a: Right Round|Protosynthesis|[silent]\n|\n|upkeep\n|\n|t:|1700003793\n|switch|p2a: See No Eyes|Uxie|42\/100\n|turn|17\n|\n|t:|1700003797\n|move|p1a: Boots|Parabolic Charge|p2a: See No Eyes\n|-damage|p2a: See No Eyes|17\/100\n|-heal|p1a: Boots|51\/100|[from] drain|[of] p2a: See No Eyes\n|move|p2a: See No Eyes|U-turn|p1a: Boots\n|-damage|p1a: Boots|38\/100\n|\n|t:|1700003804\n|switch|p2a: Mothra|Volcarona, F, shiny|100\/100|[from] U-turn\n|\n|-damage|p1a: Boots|25\/100|[from] Leech Seed|[of] p2a: Mothra\n|-sideend|p2: Tobiaskingdom|move: Light Screen\n|upkeep\n|turn|18\n|\n|t:|1700003811\n|move|p1a: Boots|Parabolic Charge|p2a: Mothra\n|-damage|p2a: Mothra|24\/100\n|-heal|p1a: Boots|60\/100|[from] drain|[of] p2a: Mothra\n|move|p2a: Mothra|Bug Buzz|p1a: Boots\n|-damage|p1a: Boots|22\/100\n|\n|-damage|p1a: Boots|10\/100|[from] Leech Seed|[of] p2a: Mothra\n|-heal|p2a: Mothra|37\/100|[silent]\n|-sideend|p2: Tobiaskingdom|Reflect\n|upkeep\n|turn|19\n|\n|t:|1700003820\n|move|p1a: Boots|Parabolic Charge|p2a: Mothra\n|-crit|p2a: Mothra\n|-damage|p2a: Mothra|0 fnt\n|-heal|p1a: Boots|27\/100|[from] drain|[of] p2a: Mothra\n|faint|p2a: Mothra\n|\n|upkeep\n|\n|t:|1700003827\n|switch|p2a: Krueger|Giratina|100\/100\n|-ability|p2a: Krueger|Pressure\n|turn|20\n|\n|t:|1700003830\n|move|p2a: Krueger|Shadow Sneak|p1a: Boots\n|-damage|p1a: Boots|8\/100\n|move|p1a: Boots|Dragon Pulse|p2a: Krueger\n|-supereffective|p2a: Krueger\n|-damage|p2a: Krueger|0 fnt\n|faint|p2a: Krueger\n|\n|upkeep\n|\n|t:|1700003838\n|switch|p2a: See No Eyes|Uxie|17\/100\n|turn|21\n|c|\u2606Chazirard feet|Gg\n|\n|t:|1700003844\n|move|p1a: Boots|Parabolic Charge|p2a: See No Eyes\n|-damage|p2a: See No Eyes|0 fnt\n|-heal|p1a: Boots|17\/100|[from] drain|[of] p2a: See No Eyes\n|faint|p2a: See No Eyes\n|\n|win|Chazirard feet\n|raw|Chazirard feet's rating: 1477 &rarr; <strong>1500<\/strong><br \/>(+23 for winning)\n|raw|Tobiaskingdom's rating: 1534 &rarr; <strong>1511<\/strong><br \/>(-23 for losing)\n|l|\u2606Tobiaskingdom\n","uploadtime":1700003866,"views":12,"p1id":"chazirardfeet","p2id":"tobiaskingdom","formatid":"gen9anythinggoes","rating":1500,"private":0,"password":""}