{"id":"gen9anythinggoes-1977836422","p1":"millardo22","p2":"Blade Z Knights","format":"[Gen 9] Anything Goes","log":"|j|\u2606millardo22\n|j|\u2606Blade Z Knights\n|t:|1698455602\n|gametype|singles\n|player|p1|millardo22|102|1280\n|player|p2|Blade Z Knights|giovanni|1218\n|teamsize|p1|6\n|teamsize|p2|6\n|gen|9\n|tier|[Gen 9] Anything Goes\n|rated|\n|rule|HP Percentage Mod: HP is shown in percentages\n|rule|Endless Battle Clause: Forcing endless battles is banned\n|clearpoke\n|poke|p1|Cyclizar, F|\n|poke|p1|Maushold-Four|\n|poke|p1|Glimmora, F|\n|poke|p1|Dondozo, F|\n|poke|p1|Kingambit, M|\n|poke|p1|Garganacl, F|\n|poke|p2|Polteageist-Antique|\n|poke|p2|Indeedee-F, F|\n|poke|p2|Torterra, M|\n|poke|p2|Glimmora, F|\n|poke|p2|Iron Valiant|\n|poke|p2|Orthworm, F|\n|teampreview\n|inactive|Battle timer is ON: inactive players will automatically lose when time's up. (requested by Blade Z Knights)\n|inactive|millardo22 has 120 seconds left.\n|\n|t:|1698455642\n|start\n|switch|p1a: Dondozo|Dondozo, F, shiny|100\/100\n|switch|p2a: Glimmora|Glimmora, F|100\/100\n|turn|1\n|\n|t:|1698455651\n|move|p2a: Glimmora|Mortal Spin|p1a: Dondozo\n|-damage|p1a: Dondozo|97\/100\n|-status|p1a: Dondozo|psn\n|move|p1a: Dondozo|Curse|p1a: Dondozo\n|-unboost|p1a: Dondozo|spe|1\n|-boost|p1a: Dondozo|atk|1\n|-boost|p1a: Dondozo|def|1\n|\n|-damage|p1a: Dondozo|84\/100 psn|[from] psn\n|upkeep\n|turn|2\n|\n|t:|1698455662\n|move|p2a: Glimmora|Stealth Rock|p1a: Dondozo\n|-sidestart|p1: millardo22|move: Stealth Rock\n|move|p1a: Dondozo|Curse|p1a: Dondozo\n|-unboost|p1a: Dondozo|spe|1\n|-boost|p1a: Dondozo|atk|1\n|-boost|p1a: Dondozo|def|1\n|\n|-damage|p1a: Dondozo|72\/100 psn|[from] psn\n|upkeep\n|turn|3\n|\n|t:|1698455671\n|move|p2a: Glimmora|Sludge Wave|p1a: Dondozo\n|-damage|p1a: Dondozo|34\/100 psn\n|move|p1a: Dondozo|Wave Crash|p2a: Glimmora\n|-supereffective|p2a: Glimmora\n|-enditem|p2a: Glimmora|Focus Sash\n|-damage|p2a: Glimmora|1\/100\n|-damage|p1a: Dondozo|11\/100 psn|[from] Recoil\n|\n|-damage|p1a: Dondozo|0 fnt|[from] psn\n|faint|p1a: Dondozo\n|upkeep\n|\n|t:|1698455701\n|switch|p1a: Maushold|Maushold-Four|100\/100\n|-damage|p1a: Maushold|88\/100|[from] Stealth Rock\n|turn|4\n|\n|t:|1698455711\n|move|p1a: Maushold|Substitute|p1a: Maushold\n|-start|p1a: Maushold|Substitute\n|-damage|p1a: Maushold|63\/100\n|move|p2a: Glimmora|Mortal Spin|p1a: Maushold\n|-activate|p1a: Maushold|move: Substitute|[damage]\n|\n|upkeep\n|turn|5\n|\n|t:|1698455719\n|move|p1a: Maushold|Population Bomb|p2a: Glimmora\n|-resisted|p2a: Glimmora\n|-damage|p2a: Glimmora|0 fnt\n|faint|p2a: Glimmora\n|-hitcount|p2: Glimmora|1\n|\n|upkeep\n|\n|t:|1698455725\n|switch|p2a: Orthworm|Orthworm, F|100\/100\n|turn|6\n|\n|t:|1698455731\n|move|p1a: Maushold|Tidy Up|p1a: Maushold\n|-end|p1a: Maushold|Substitute\n|-sideend|p1: millardo22|Stealth Rock\n|-activate|p1a: Maushold|move: Tidy Up\n|-boost|p1a: Maushold|atk|1\n|-boost|p1a: Maushold|spe|1\n|move|p2a: Orthworm|Shed Tail|p2a: Orthworm\n|-start|p2a: Orthworm|Substitute|[from] move: Shed Tail\n|-damage|p2a: Orthworm|50\/100\n|-enditem|p2a: Orthworm|Sitrus Berry|[eat]\n|-heal|p2a: Orthworm|75\/100|[from] item: Sitrus Berry\n|\n|t:|1698455745\n|switch|p2a: Polteageist|Polteageist-Antique|100\/100|[from] Shed Tail\n|\n|upkeep\n|turn|7\n|inactive|millardo22 has 120 seconds left.\n|\n|t:|1698455778\n|switch|p1a: Glimmora|Glimmora, F|100\/100\n|move|p2a: Polteageist|Shell Smash|p2a: Polteageist\n|-unboost|p2a: Polteageist|def|1\n|-unboost|p2a: Polteageist|spd|1\n|-boost|p2a: Polteageist|atk|2\n|-boost|p2a: Polteageist|spa|2\n|-boost|p2a: Polteageist|spe|2\n|\n|upkeep\n|turn|8\n|\n|t:|1698455790\n|move|p2a: Polteageist|Stored Power|p1a: Glimmora\n|-supereffective|p1a: Glimmora\n|-damage|p1a: Glimmora|0 fnt\n|faint|p1a: Glimmora\n|\n|upkeep\n|\n|t:|1698455797\n|switch|p1a: Garganacl|Garganacl, F, shiny|100\/100\n|turn|9\n|\n|t:|1698455805\n|move|p2a: Polteageist|Stored Power|p1a: Garganacl\n|-damage|p1a: Garganacl|14\/100\n|-enditem|p1a: Garganacl|Red Card|[of] p2a: Polteageist\n|drag|p2a: Orthworm|Orthworm, F|75\/100\n|move|p1a: Garganacl|Recover|p1a: Garganacl\n|-heal|p1a: Garganacl|64\/100\n|\n|upkeep\n|turn|10\n|\n|t:|1698455814\n|move|p2a: Orthworm|Stealth Rock|p1a: Garganacl\n|-sidestart|p1: millardo22|move: Stealth Rock\n|move|p1a: Garganacl|Earthquake|p2a: Orthworm\n|-heal|p2a: Orthworm|99\/100|[from] ability: Earth Eater|[of] p1a: Garganacl\n|\n|upkeep\n|turn|11\n|\n|t:|1698455827\n|move|p2a: Orthworm|Shed Tail|p2a: Orthworm\n|-start|p2a: Orthworm|Substitute|[from] move: Shed Tail\n|-damage|p2a: Orthworm|50\/100\n|\n|t:|1698455831\n|switch|p2a: Polteageist|Polteageist-Antique|100\/100|[from] Shed Tail\n|move|p1a: Garganacl|Body Press|p2a: Polteageist\n|-immune|p2a: Polteageist\n|\n|upkeep\n|turn|12\n|\n|t:|1698455839\n|move|p2a: Polteageist|Shell Smash|p2a: Polteageist\n|-unboost|p2a: Polteageist|def|1\n|-unboost|p2a: Polteageist|spd|1\n|-boost|p2a: Polteageist|atk|2\n|-boost|p2a: Polteageist|spa|2\n|-boost|p2a: Polteageist|spe|2\n|move|p1a: Garganacl|Earthquake|p2a: Polteageist\n|-end|p2a: Polteageist|Substitute\n|\n|upkeep\n|turn|13\n|\n|t:|1698455849\n|switch|p1a: Kingambit|Kingambit, M|100\/100\n|-damage|p1a: Kingambit|94\/100|[from] Stealth Rock\n|-activate|p1a: Kingambit|ability: Supreme Overlord\n|-start|p1a: Kingambit|fallen2|[silent]\n|move|p2a: Polteageist|Stored Power|p1a: Kingambit\n|-immune|p1a: Kingambit\n|\n|upkeep\n|turn|14\n|\n|t:|1698455867\n|-terastallize|p2a: Polteageist|Fighting\n|move|p1a: Kingambit|Sucker Punch|p2a: Polteageist\n|-resisted|p2a: Polteageist\n|-damage|p2a: Polteageist|29\/100\n|-ability|p2a: Polteageist|Weak Armor|boost\n|-unboost|p2a: Polteageist|def|1\n|-boost|p2a: Polteageist|spe|2\n|move|p2a: Polteageist|Tera Blast|p1a: Kingambit|[anim] Tera Blast Fighting\n|-supereffective|p1a: Kingambit\n|-damage|p1a: Kingambit|0 fnt\n|faint|p1a: Kingambit\n|-end|p1a: Kingambit|fallen2|[silent]\n|\n|upkeep\n|-message|millardo22 forfeited.\n|\n|win|Blade Z Knights\n|raw|millardo22's rating: 1280 &rarr; <strong>1251<\/strong><br \/>(-29 for losing)\n|raw|Blade Z Knights's rating: 1218 &rarr; <strong>1247<\/strong><br \/>(+29 for winning)\n|l|\u2606millardo22\n","uploadtime":1698455894,"views":5,"p1id":"millardo22","p2id":"bladezknights","formatid":"gen9anythinggoes","rating":1247,"private":0,"password":""}