{"id":"gen9anythinggoes-1986596130","p1":"Greggey","p2":"Leafeon2009","format":"[Gen 9] Anything Goes","log":"|j|\u2606Greggey\n|j|\u2606Leafeon2009\n|t:|1699496006\n|gametype|singles\n|player|p1|Greggey|169|1000\n|player|p2|Leafeon2009|hilbert|1115\n|teamsize|p1|6\n|teamsize|p2|6\n|gen|9\n|tier|[Gen 9] Anything Goes\n|rated|\n|rule|HP Percentage Mod: HP is shown in percentages\n|rule|Endless Battle Clause: Forcing endless battles is banned\n|clearpoke\n|poke|p1|Rillaboom, M|\n|poke|p1|Ribombee, F|\n|poke|p1|Drifblim, F|\n|poke|p1|Glimmora, F|\n|poke|p1|Giratina-Origin|\n|poke|p1|Kyogre|\n|poke|p2|Roaring Moon|\n|poke|p2|Iron Hands|\n|poke|p2|Ceruledge, F|\n|poke|p2|Dachsbun, M|\n|poke|p2|Veluza, F|\n|poke|p2|Leafeon, M|\n|teampreview\n|\n|t:|1699496011\n|start\n|switch|p1a: Ribombee|Ribombee, F, shiny|100\/100\n|switch|p2a: Jade|Veluza, F, shiny|100\/100\n|-ability|p2a: Jade|Mold Breaker\n|turn|1\n|\n|t:|1699496019\n|move|p2a: Jade|Fillet Away|p2a: Jade\n|-boost|p2a: Jade|atk|2\n|-boost|p2a: Jade|spa|2\n|-boost|p2a: Jade|spe|2\n|-damage|p2a: Jade|50\/100\n|move|p1a: Ribombee|Sticky Web|p2a: Jade\n|-sidestart|p2: Leafeon2009|move: Sticky Web\n|\n|upkeep\n|turn|2\n|\n|t:|1699496029\n|move|p2a: Jade|Recover|p2a: Jade\n|-heal|p2a: Jade|100\/100\n|move|p1a: Ribombee|Stun Spore|p2a: Jade\n|-status|p2a: Jade|par\n|\n|upkeep\n|turn|3\n|\n|t:|1699496036\n|move|p2a: Jade|Stored Power|p1a: Ribombee\n|-damage|p1a: Ribombee|0 fnt\n|faint|p1a: Ribombee\n|\n|upkeep\n|\n|t:|1699496047\n|switch|p1a: Kyogre|Kyogre|100\/100\n|-weather|RainDance|[from] ability: Drizzle|[of] p1a: Kyogre\n|turn|4\n|\n|t:|1699496057\n|move|p2a: Jade|Stored Power|p1a: Kyogre\n|-damage|p1a: Kyogre|34\/100\n|move|p1a: Kyogre|Water Spout|p2a: Jade\n|-resisted|p2a: Jade\n|-damage|p2a: Jade|61\/100 par\n|\n|-weather|RainDance|[upkeep]\n|-heal|p1a: Kyogre|40\/100|[from] item: Leftovers\n|upkeep\n|turn|5\n|\n|t:|1699496068\n|move|p1a: Kyogre|Protect|p1a: Kyogre\n|-singleturn|p1a: Kyogre|Protect\n|move|p2a: Jade|Stored Power|p1a: Kyogre\n|-activate|p1a: Kyogre|move: Protect\n|\n|-weather|RainDance|[upkeep]\n|-heal|p1a: Kyogre|47\/100|[from] item: Leftovers\n|upkeep\n|turn|6\n|\n|t:|1699496077\n|move|p2a: Jade|Stored Power|p1a: Kyogre\n|-damage|p1a: Kyogre|0 fnt\n|faint|p1a: Kyogre\n|\n|-weather|RainDance|[upkeep]\n|upkeep\n|\n|t:|1699496083\n|switch|p1a: Giratina|Giratina-Origin|100\/100\n|turn|7\n|\n|t:|1699496088\n|move|p1a: Giratina|Protect|p1a: Giratina\n|-singleturn|p1a: Giratina|Protect\n|move|p2a: Jade|Stored Power|p1a: Giratina\n|-activate|p1a: Giratina|move: Protect\n|\n|-weather|RainDance|[upkeep]\n|upkeep\n|turn|8\n|\n|t:|1699496097\n|move|p2a: Jade|Stored Power|p1a: Giratina\n|-damage|p1a: Giratina|44\/100\n|move|p1a: Giratina|Shadow Force||[still]\n|-prepare|p1a: Giratina|Shadow Force\n|\n|-weather|none\n|upkeep\n|turn|9\n|\n|t:|1699496112\n|-terastallize|p2a: Jade|Poison\n|move|p2a: Jade|Recover|p2a: Jade\n|-heal|p2a: Jade|100\/100 par\n|move|p1a: Giratina|Shadow Force|p2a: Jade|[from]lockedmove\n|-damage|p2a: Jade|25\/100 par\n|\n|upkeep\n|turn|10\n|\n|t:|1699496123\n|move|p1a: Giratina|Protect|p1a: Giratina\n|-singleturn|p1a: Giratina|Protect\n|cant|p2a: Jade|par\n|\n|upkeep\n|turn|11\n|\n|t:|1699496130\n|move|p2a: Jade|Stored Power|p1a: Giratina\n|-damage|p1a: Giratina|0 fnt\n|faint|p1a: Giratina\n|\n|upkeep\n|\n|t:|1699496135\n|switch|p1a: Drifblim|Drifblim, F|100\/100\n|turn|12\n|-message|Greggey forfeited.\n|\n|win|Leafeon2009\n|raw|Greggey's rating: 1000 &rarr; <strong>1000<\/strong><br \/>(+0 for losing)\n|raw|Leafeon2009's rating: 1115 &rarr; <strong>1132<\/strong><br \/>(+17 for winning)\n|l|\u2606Greggey\n|c|\u2606Leafeon2009|Gg\n","uploadtime":1699496149,"views":3,"p1id":"greggey","p2id":"leafeon2009","formatid":"gen9anythinggoes","rating":1000,"private":0,"password":""}