{"id":"gen9anythinggoes-1996654123","p1":"sabp","p2":"TypeSpammer","format":"[Gen 9] Anything Goes","log":"|j|\u2606sabp\n|j|\u2606TypeSpammer\n|t:|1700705657\n|gametype|singles\n|player|p1|sabp|marshal|1348\n|player|p2|TypeSpammer|266|1437\n|teamsize|p1|6\n|teamsize|p2|6\n|gen|9\n|tier|[Gen 9] Anything Goes\n|rated|\n|rule|HP Percentage Mod: HP is shown in percentages\n|rule|Endless Battle Clause: Forcing endless battles is banned\n|clearpoke\n|poke|p1|Landorus-Therian, M|\n|poke|p1|Baxcalibur, F|\n|poke|p1|Chien-Pao|\n|poke|p1|Flutter Mane|\n|poke|p1|Snorlax, M|\n|poke|p1|Arceus|\n|poke|p2|Mew|\n|poke|p2|Vaporeon, M|\n|poke|p2|Goodra-Hisui, F|\n|poke|p2|Landorus-Therian, M|\n|poke|p2|Cinderace, F|\n|poke|p2|Lycanroc-Dusk, F|\n|teampreview\n|\n|t:|1700705667\n|start\n|switch|p1a: Arceus|Arceus, shiny|100\/100\n|switch|p2a: Lycanroc|Lycanroc-Dusk, F|100\/100\n|turn|1\n|\n|t:|1700705675\n|move|p2a: Lycanroc|Close Combat|p1a: Arceus\n|-supereffective|p1a: Arceus\n|-damage|p1a: Arceus|46\/100\n|-unboost|p2a: Lycanroc|def|1\n|-unboost|p2a: Lycanroc|spd|1\n|move|p1a: Arceus|Cosmic Power|p1a: Arceus\n|-boost|p1a: Arceus|def|1\n|-boost|p1a: Arceus|spd|1\n|\n|-heal|p1a: Arceus|52\/100|[from] item: Leftovers\n|upkeep\n|turn|2\n|\n|t:|1700705704\n|move|p2a: Lycanroc|Close Combat|p1a: Arceus\n|-supereffective|p1a: Arceus\n|-damage|p1a: Arceus|15\/100\n|-unboost|p2a: Lycanroc|def|1\n|-unboost|p2a: Lycanroc|spd|1\n|move|p1a: Arceus|Recover|p1a: Arceus\n|-heal|p1a: Arceus|65\/100\n|\n|-heal|p1a: Arceus|71\/100|[from] item: Leftovers\n|upkeep\n|turn|3\n|\n|t:|1700705711\n|switch|p2a: Goodra|Goodra-Hisui, F|100\/100\n|move|p1a: Arceus|Recover|p1a: Arceus\n|-heal|p1a: Arceus|100\/100\n|\n|upkeep\n|turn|4\n|\n|t:|1700705716\n|move|p1a: Arceus|Cosmic Power|p1a: Arceus\n|-boost|p1a: Arceus|def|1\n|-boost|p1a: Arceus|spd|1\n|move|p2a: Goodra|Dragon Tail|p1a: Arceus\n|-damage|p1a: Arceus|94\/100\n|drag|p1a: Landorus|Landorus-Therian, M|100\/100\n|-ability|p1a: Landorus|Intimidate|boost\n|-unboost|p2a: Goodra|atk|1\n|\n|upkeep\n|turn|5\n|\n|t:|1700705725\n|switch|p2a: Landorus|Landorus-Therian, M|100\/100\n|-ability|p2a: Landorus|Intimidate|boost\n|-unboost|p1a: Landorus|atk|1\n|move|p1a: Landorus|Stealth Rock|p2a: Landorus\n|-sidestart|p2: TypeSpammer|move: Stealth Rock\n|\n|upkeep\n|turn|6\n|\n|t:|1700705752\n|move|p2a: Landorus|U-turn|p1a: Landorus\n|-resisted|p1a: Landorus\n|-damage|p1a: Landorus|88\/100\n|-damage|p2a: Landorus|84\/100|[from] item: Rocky Helmet|[of] p1a: Landorus\n|\n|t:|1700705756\n|switch|p2a: Cinderace|Cinderace, F|100\/100|[from] U-turn\n|move|p1a: Landorus|Taunt|p2a: Cinderace\n|-start|p2a: Cinderace|move: Taunt\n|\n|upkeep\n|turn|7\n|\n|t:|1700705765\n|switch|p2a: Landorus|Landorus-Therian, M|84\/100\n|-damage|p2a: Landorus|71\/100|[from] Stealth Rock\n|-ability|p2a: Landorus|Intimidate|boost\n|-unboost|p1a: Landorus|atk|1\n|move|p1a: Landorus|Earthquake|p2a: Landorus\n|-immune|p2a: Landorus\n|\n|upkeep\n|turn|8\n|\n|t:|1700705774\n|move|p2a: Landorus|Stone Edge|p1a: Landorus|[miss]\n|-miss|p2a: Landorus|p1a: Landorus\n|move|p1a: Landorus|Taunt|p2a: Landorus\n|-start|p2a: Landorus|move: Taunt\n|\n|upkeep\n|turn|9\n|\n|t:|1700705782\n|switch|p2a: Cinderace|Cinderace, F|100\/100\n|move|p1a: Landorus|U-turn|p2a: Cinderace\n|-resisted|p2a: Cinderace\n|-damage|p2a: Cinderace|90\/100\n|\n|t:|1700705793\n|switch|p1a: Arceus|Arceus, shiny|94\/100|[from] U-turn\n|\n|-heal|p1a: Arceus|99\/100|[from] item: Leftovers\n|upkeep\n|turn|10\n|\n|t:|1700705796\n|move|p2a: Cinderace|Court Change|p2a: Cinderace\n|-start|p2a: Cinderace|typechange|Normal|[from] ability: Libero\n|-swapsideconditions\n|-activate|p2a: Cinderace|move: Court Change\n|move|p1a: Arceus|Cosmic Power|p1a: Arceus\n|-boost|p1a: Arceus|def|1\n|-boost|p1a: Arceus|spd|1\n|\n|-heal|p1a: Arceus|100\/100|[from] item: Leftovers\n|upkeep\n|turn|11\n|\n|t:|1700705850\n|move|p2a: Cinderace|U-turn|p1a: Arceus\n|-damage|p1a: Arceus|91\/100\n|inactive|Battle timer is ON: inactive players will automatically lose when time's up. (requested by TypeSpammer)\n|\n|t:|1700705852\n|switch|p2a: Goodra|Goodra-Hisui, F|100\/100|[from] U-turn\n|move|p1a: Arceus|Cosmic Power|p1a: Arceus\n|-boost|p1a: Arceus|def|1\n|-boost|p1a: Arceus|spd|1\n|\n|-heal|p1a: Arceus|98\/100|[from] item: Leftovers\n|upkeep\n|turn|12\n|\n|t:|1700705860\n|move|p1a: Arceus|Body Press|p2a: Goodra\n|-supereffective|p2a: Goodra\n|-crit|p2a: Goodra\n|-damage|p2a: Goodra|0 fnt\n|faint|p2a: Goodra\n|\n|-heal|p1a: Arceus|100\/100|[from] item: Leftovers\n|upkeep\n|\n|t:|1700705866\n|switch|p2a: Vaporeon|Vaporeon, M|100\/100\n|turn|13\n|\n|t:|1700705871\n|switch|p2a: Mew|Mew|100\/100\n|move|p1a: Arceus|Cosmic Power|p1a: Arceus\n|-boost|p1a: Arceus|def|1\n|-boost|p1a: Arceus|spd|1\n|\n|upkeep\n|turn|14\n|\n|t:|1700705883\n|move|p2a: Mew|Fire Spin|p1a: Arceus\n|-damage|p1a: Arceus|99\/100\n|-activate|p1a: Arceus|move: Fire Spin|[of] p2a: Mew\n|move|p1a: Arceus|Body Press|p2a: Mew\n|-resisted|p2a: Mew\n|-damage|p2a: Mew|76\/100\n|\n|-heal|p1a: Arceus|100\/100|[from] item: Leftovers\n|-damage|p1a: Arceus|88\/100|[from] move: Fire Spin|[partiallytrapped]\n|upkeep\n|turn|15\n|\n|t:|1700705891\n|move|p2a: Mew|Imprison|p2a: Mew\n|-start|p2a: Mew|move: Imprison\n|move|p1a: Arceus|Cosmic Power|p1a: Arceus\n|-boost|p1a: Arceus|def|1\n|-boost|p1a: Arceus|spd|1\n|\n|-heal|p1a: Arceus|94\/100|[from] item: Leftovers\n|-damage|p1a: Arceus|82\/100|[from] move: Fire Spin|[partiallytrapped]\n|upkeep\n|turn|16\n|\n|t:|1700705898\n|move|p2a: Mew|Transform|p1a: Arceus\n|-transform|p2a: Mew|p1a: Arceus\n|cant|p1a: Arceus|move: Imprison|Cosmic Power\n|\n|-heal|p1a: Arceus|88\/100|[from] item: Leftovers\n|-damage|p1a: Arceus|75\/100|[from] move: Fire Spin|[partiallytrapped]\n|upkeep\n|turn|17\n|\n|t:|1700705920\n|move|p2a: Mew|Recover|p2a: Mew\n|-heal|p2a: Mew|100\/100\n|-activate|p1a: Arceus|move: Struggle\n|move|p1a: Arceus|Struggle|p2a: Mew\n|-damage|p2a: Mew|98\/100\n|-damage|p1a: Arceus|50\/100|[from] recoil\n|\n|-heal|p1a: Arceus|57\/100|[from] item: Leftovers\n|-damage|p1a: Arceus|44\/100|[from] move: Fire Spin|[partiallytrapped]\n|upkeep\n|turn|18\n|c|\u2606sabp|wow\n|\n|t:|1700705928\n|move|p2a: Mew|Cosmic Power|p2a: Mew\n|-boost|p2a: Mew|def|1\n|-boost|p2a: Mew|spd|1\n|-activate|p1a: Arceus|move: Struggle\n|move|p1a: Arceus|Struggle|p2a: Mew\n|-damage|p2a: Mew|96\/100\n|-damage|p1a: Arceus|19\/100|[from] recoil\n|\n|-heal|p1a: Arceus|25\/100|[from] item: Leftovers\n|-damage|p1a: Arceus|13\/100|[from] move: Fire Spin|[partiallytrapped]\n|upkeep\n|turn|19\n|c|\u2606TypeSpammer|weird set i know\n|c|\u2606TypeSpammer|its for my draft league I'm just testing it on here\n|\n|t:|1700705946\n|-activate|p1a: Arceus|move: Struggle\n|move|p1a: Arceus|Struggle|p2a: Mew\n|-damage|p2a: Mew|94\/100\n|-damage|p1a: Arceus|0 fnt|[from] recoil\n|faint|p1a: Arceus\n|move|p2a: Mew|Cosmic Power|p2a: Mew\n|-boost|p2a: Mew|def|1\n|-boost|p2a: Mew|spd|1\n|\n|upkeep\n|\n|t:|1700705975\n|switch|p1a: Chien-Pao|Chien-Pao|100\/100\n|-damage|p1a: Chien-Pao|76\/100|[from] Stealth Rock\n|-ability|p1a: Chien-Pao|Sword of Ruin\n|turn|20\n|\n|t:|1700705981\n|-terastallize|p1a: Chien-Pao|Ghost\n|move|p1a: Chien-Pao|Sacred Sword|p2a: Mew\n|-supereffective|p2a: Mew\n|-damage|p2a: Mew|44\/100\n|move|p2a: Mew|Body Press|p1a: Chien-Pao\n|-immune|p1a: Chien-Pao\n|\n|upkeep\n|turn|21\n|\n|t:|1700705991\n|-terastallize|p2a: Mew|Water\n|move|p1a: Chien-Pao|Sacred Sword|p2a: Mew\n|-damage|p2a: Mew|19\/100\n|move|p2a: Mew|Recover|p2a: Mew\n|-heal|p2a: Mew|69\/100\n|\n|upkeep\n|turn|22\n|\n|t:|1700706001\n|move|p1a: Chien-Pao|Crunch|p2a: Mew\n|-damage|p2a: Mew|60\/100\n|move|p2a: Mew|Recover|p2a: Mew\n|-heal|p2a: Mew|100\/100\n|\n|upkeep\n|turn|23\n|-message|sabp forfeited.\n|\n|win|TypeSpammer\n|raw|sabp's rating: 1348 &rarr; <strong>1333<\/strong><br \/>(-15 for losing)\n|raw|TypeSpammer's rating: 1437 &rarr; <strong>1452<\/strong><br \/>(+15 for winning)\n|l|\u2606sabp\n|c|\u2606TypeSpammer|gg wp\n","uploadtime":1700706032,"views":2,"p1id":"sabp","p2id":"typespammer","formatid":"gen9anythinggoes","rating":1333,"private":0,"password":""}