{"id":"gen9anythinggoes-1995892650","p1":"Deathbylilkungfu","p2":"JVoid","format":"[Gen 9] Anything Goes","log":"|j|\u2606Deathbylilkungfu\n|j|\u2606JVoid\n|t:|1700614357\n|gametype|singles\n|player|p1|Deathbylilkungfu|lyra|1313\n|player|p2|JVoid|lucas-gen4pt|1262\n|teamsize|p1|6\n|teamsize|p2|6\n|gen|9\n|tier|[Gen 9] Anything Goes\n|rated|\n|rule|HP Percentage Mod: HP is shown in percentages\n|rule|Endless Battle Clause: Forcing endless battles is banned\n|clearpoke\n|poke|p1|Spidops, F|\n|poke|p1|Drifblim, F|\n|poke|p1|Zangoose, F|\n|poke|p1|Ursaluna, F|\n|poke|p1|Volcarona, F|\n|poke|p1|Noivern, F|\n|poke|p2|Ursaluna-Bloodmoon, M|\n|poke|p2|Zacian-*|\n|poke|p2|Ogerpon-Wellspring, F|\n|poke|p2|Enamorus-Therian, F|\n|poke|p2|Urshifu-*, M|\n|poke|p2|Arcanine-Hisui, M|\n|teampreview\n|\n|t:|1700614385\n|start\n|switch|p1a: Spidops|Spidops, F|100\/100\n|switch|p2a: Urshifu|Urshifu, M|100\/100\n|turn|1\n|\n|t:|1700614395\n|move|p2a: Urshifu|Wicked Blow|p1a: Spidops\n|-crit|p1a: Spidops\n|-damage|p1a: Spidops|36\/100\n|move|p1a: Spidops|Sticky Web|p2a: Urshifu\n|-sidestart|p2: JVoid|move: Sticky Web\n|\n|upkeep\n|turn|2\n|\n|t:|1700614403\n|move|p1a: Spidops|Silk Trap|p1a: Spidops\n|-singleturn|p1a: Spidops|Protect\n|move|p2a: Urshifu|Wicked Blow|p1a: Spidops\n|-crit|p1a: Spidops\n|-damage|p1a: Spidops|0 fnt\n|faint|p1a: Spidops\n|\n|upkeep\n|\n|t:|1700614417\n|switch|p1a: Zangoose|Zangoose, F|100\/100\n|turn|3\n|\n|t:|1700614429\n|move|p1a: Zangoose|Endure|p1a: Zangoose\n|-singleturn|p1a: Zangoose|move: Endure\n|move|p2a: Urshifu|Wicked Blow|p1a: Zangoose\n|-crit|p1a: Zangoose\n|-activate|p1a: Zangoose|move: Endure\n|-damage|p1a: Zangoose|1\/100\n|-enditem|p1a: Zangoose|Salac Berry|[eat]\n|-boost|p1a: Zangoose|spe|1|[from] item: Salac Berry\n|\n|upkeep\n|turn|4\n|\n|t:|1700614446\n|move|p2a: Urshifu|Sucker Punch|p1a: Zangoose\n|-damage|p1a: Zangoose|0 fnt\n|faint|p1a: Zangoose\n|\n|upkeep\n|\n|t:|1700614456\n|switch|p1a: Noivern|Noivern, F|100\/100\n|turn|5\n|\n|t:|1700614466\n|move|p1a: Noivern|Tailwind|p1a: Noivern\n|-sidestart|p1: Deathbylilkungfu|move: Tailwind\n|move|p2a: Urshifu|Wicked Blow|p1a: Noivern\n|-crit|p1a: Noivern\n|-damage|p1a: Noivern|26\/100\n|\n|upkeep\n|turn|6\n|\n|t:|1700614473\n|move|p1a: Noivern|Boomburst|p2a: Urshifu\n|-damage|p2a: Urshifu|19\/100\n|-damage|p1a: Noivern|16\/100|[from] item: Life Orb\n|move|p2a: Urshifu|Wicked Blow|p1a: Noivern\n|-crit|p1a: Noivern\n|-damage|p1a: Noivern|0 fnt\n|faint|p1a: Noivern\n|\n|upkeep\n|\n|t:|1700614483\n|switch|p1a: Ursaluna|Ursaluna, F|100\/100\n|turn|7\n|\n|t:|1700614492\n|move|p1a: Ursaluna|Trailblaze|p2a: Urshifu\n|-damage|p2a: Urshifu|0 fnt\n|-boost|p1a: Ursaluna|spe|1\n|faint|p2a: Urshifu\n|\n|-status|p1a: Ursaluna|brn|[from] item: Flame Orb\n|upkeep\n|\n|t:|1700614532\n|switch|p2a: Arcanine|Arcanine-Hisui, M|100\/100\n|-activate|p2a: Arcanine|move: Sticky Web\n|-unboost|p2a: Arcanine|spe|1\n|turn|8\n|\n|t:|1700614543\n|move|p1a: Ursaluna|Facade|p2a: Arcanine\n|-resisted|p2a: Arcanine\n|-damage|p2a: Arcanine|23\/100\n|move|p2a: Arcanine|Flare Blitz|p1a: Ursaluna\n|-crit|p1a: Ursaluna\n|-damage|p1a: Ursaluna|24\/100 brn\n|\n|-damage|p1a: Ursaluna|18\/100 brn|[from] brn\n|-sideend|p1: Deathbylilkungfu|move: Tailwind\n|upkeep\n|turn|9\n|\n|t:|1700614555\n|move|p1a: Ursaluna|Trailblaze|p2a: Arcanine\n|-damage|p2a: Arcanine|0 fnt\n|-boost|p1a: Ursaluna|spe|1\n|faint|p2a: Arcanine\n|\n|-damage|p1a: Ursaluna|11\/100 brn|[from] brn\n|upkeep\n|\n|t:|1700614565\n|switch|p2a: Zacian|Zacian-Crowned|100\/100\n|-activate|p2a: Zacian|move: Sticky Web\n|-unboost|p2a: Zacian|spe|1\n|-ability|p2a: Zacian|Intrepid Sword|boost\n|-boost|p2a: Zacian|atk|1\n|turn|10\n|\n|t:|1700614579\n|move|p2a: Zacian|Quick Attack|p1a: Ursaluna\n|-damage|p1a: Ursaluna|0 fnt\n|faint|p1a: Ursaluna\n|\n|upkeep\n|\n|t:|1700614582\n|switch|p1a: Drifblim|Drifblim, F|100\/100\n|turn|11\n|\n|t:|1700614593\n|-terastallize|p2a: Zacian|Steel\n|move|p2a: Zacian|Behemoth Blade|p1a: Drifblim\n|-enditem|p1a: Drifblim|Focus Sash\n|-damage|p1a: Drifblim|1\/100\n|move|p1a: Drifblim|Minimize|p1a: Drifblim\n|-boost|p1a: Drifblim|evasion|2\n|\n|upkeep\n|turn|12\n|\n|t:|1700614602\n|move|p2a: Zacian|Behemoth Blade|p1a: Drifblim|[miss]\n|-miss|p2a: Zacian|p1a: Drifblim\n|move|p1a: Drifblim|Minimize|p1a: Drifblim\n|-boost|p1a: Drifblim|evasion|2\n|\n|upkeep\n|turn|13\n|\n|t:|1700614613\n|move|p2a: Zacian|Behemoth Blade|p1a: Drifblim|[miss]\n|-miss|p2a: Zacian|p1a: Drifblim\n|move|p1a: Drifblim|Minimize|p1a: Drifblim\n|-boost|p1a: Drifblim|evasion|2\n|\n|upkeep\n|turn|14\n|\n|t:|1700614619\n|switch|p2a: Ursaluna|Ursaluna-Bloodmoon, M|100\/100\n|-activate|p2a: Ursaluna|move: Sticky Web\n|-unboost|p2a: Ursaluna|spe|1\n|move|p1a: Drifblim|Strength Sap|p2a: Ursaluna\n|-unboost|p2a: Ursaluna|atk|1\n|-heal|p1a: Drifblim|26\/100\n|\n|upkeep\n|turn|15\n|\n|t:|1700614629\n|move|p1a: Drifblim|Baton Pass|p1a: Drifblim\n|\n|t:|1700614632\n|switch|p1a: Volcarona|Volcarona, F|100\/100|[from] Baton Pass\n|move|p2a: Ursaluna|Blood Moon|p1a: Volcarona\n|-damage|p1a: Volcarona|14\/100\n|\n|upkeep\n|turn|16\n|\n|t:|1700614648\n|move|p1a: Volcarona|Fiery Dance|p2a: Ursaluna\n|-damage|p2a: Ursaluna|56\/100\n|-boost|p1a: Volcarona|spa|1\n|move|p2a: Ursaluna|Earth Power|p1a: Volcarona\n|-damage|p1a: Volcarona|0 fnt\n|faint|p1a: Volcarona\n|\n|-heal|p2a: Ursaluna|62\/100|[from] item: Leftovers\n|upkeep\n|-message|Deathbylilkungfu forfeited.\n|\n|win|JVoid\n|raw|Deathbylilkungfu's rating: 1313 &rarr; <strong>1290<\/strong><br \/>(-23 for losing)\n|raw|JVoid's rating: 1262 &rarr; <strong>1291<\/strong><br \/>(+29 for winning)\n|l|\u2606Deathbylilkungfu\n","uploadtime":1700614671,"views":0,"p1id":"deathbylilkungfu","p2id":"jvoid","formatid":"gen9anythinggoes","rating":1290,"private":0,"password":""}