{"id":"gen9anythinggoes-1976852034","p1":"ubbbber","p2":"LocalEspinas","format":"[Gen 9] Anything Goes","log":"|j|\u2606ubbbber\n|j|\u2606LocalEspinas\n|t:|1698346551\n|gametype|singles\n|player|p1|ubbbber|ingo|\n|player|p2|LocalEspinas|iris-gen5bw2|\n|teamsize|p1|6\n|teamsize|p2|6\n|gen|9\n|tier|[Gen 9] Anything Goes\n|rule|HP Percentage Mod: HP is shown in percentages\n|rule|Endless Battle Clause: Forcing endless battles is banned\n|clearpoke\n|poke|p1|Garchomp, F|\n|poke|p1|Landorus-Therian, M|\n|poke|p1|Tyranitar, F|\n|poke|p1|Corviknight, F|\n|poke|p1|Arcanine-Hisui, F|\n|poke|p1|Kingambit, F|\n|poke|p2|Roaring Moon|\n|poke|p2|Oricorio-Sensu, F|\n|poke|p2|Orthworm, F|\n|poke|p2|Cinderace, M|\n|poke|p2|Miraidon|\n|poke|p2|Corviknight, F|\n|teampreview\n|\n|t:|1698346565\n|start\n|switch|p1a: Landorus|Landorus-Therian, M|100\/100\n|switch|p2a: Orthworm|Orthworm, F|100\/100\n|-ability|p1a: Landorus|Intimidate|boost\n|-unboost|p2a: Orthworm|atk|1\n|turn|1\n|\n|t:|1698346573\n|move|p1a: Landorus|U-turn|p2a: Orthworm\n|-resisted|p2a: Orthworm\n|-damage|p2a: Orthworm|94\/100\n|\n|t:|1698346581\n|switch|p1a: Arcanine|Arcanine-Hisui, F|100\/100|[from] U-turn\n|move|p2a: Orthworm|Iron Defense|p2a: Orthworm\n|-boost|p2a: Orthworm|def|2\n|\n|upkeep\n|turn|2\n|\n|t:|1698346593\n|-terastallize|p1a: Arcanine|Fire\n|move|p1a: Arcanine|Flare Blitz|p2a: Orthworm\n|-supereffective|p2a: Orthworm\n|-damage|p2a: Orthworm|33\/100\n|-status|p2a: Orthworm|brn\n|-enditem|p2a: Orthworm|Sitrus Berry|[eat]\n|-heal|p2a: Orthworm|58\/100 brn|[from] item: Sitrus Berry\n|move|p2a: Orthworm|Iron Defense|p2a: Orthworm\n|-boost|p2a: Orthworm|def|2\n|\n|-damage|p2a: Orthworm|52\/100 brn|[from] brn\n|upkeep\n|turn|3\n|\n|t:|1698346608\n|move|p1a: Arcanine|Flare Blitz|p2a: Orthworm\n|-supereffective|p2a: Orthworm\n|-damage|p2a: Orthworm|8\/100 brn\n|move|p2a: Orthworm|Body Press|p1a: Arcanine\n|-damage|p1a: Arcanine|39\/100\n|\n|-damage|p2a: Orthworm|2\/100 brn|[from] brn\n|upkeep\n|turn|4\n|\n|t:|1698346617\n|move|p1a: Arcanine|Flare Blitz|p2a: Orthworm\n|-supereffective|p2a: Orthworm\n|-damage|p2a: Orthworm|0 fnt\n|faint|p2a: Orthworm\n|\n|upkeep\n|\n|t:|1698346629\n|switch|p2a: Roaring Moon|Roaring Moon|100\/100\n|-enditem|p2a: Roaring Moon|Booster Energy\n|-activate|p2a: Roaring Moon|ability: Protosynthesis|[fromitem]\n|-start|p2a: Roaring Moon|protosynthesisatk\n|turn|5\n|\n|t:|1698346636\n|move|p2a: Roaring Moon|Earthquake|p1a: Arcanine\n|-supereffective|p1a: Arcanine\n|-damage|p1a: Arcanine|0 fnt\n|faint|p1a: Arcanine\n|\n|upkeep\n|\n|t:|1698346649\n|switch|p1a: Tyranitar|Tyranitar, F|100\/100\n|-weather|Sandstorm|[from] ability: Sand Stream|[of] p1a: Tyranitar\n|turn|6\n|\n|t:|1698346656\n|move|p2a: Roaring Moon|Earthquake|p1a: Tyranitar\n|-supereffective|p1a: Tyranitar\n|-damage|p1a: Tyranitar|33\/100\n|move|p1a: Tyranitar|Avalanche|p2a: Roaring Moon\n|-supereffective|p2a: Roaring Moon\n|-damage|p2a: Roaring Moon|0 fnt\n|faint|p2a: Roaring Moon\n|-end|p2a: Roaring Moon|Protosynthesis|[silent]\n|\n|-weather|Sandstorm|[upkeep]\n|upkeep\n|\n|t:|1698346682\n|switch|p2a: Cinderace|Cinderace, M|100\/100\n|turn|7\n|\n|t:|1698346691\n|move|p2a: Cinderace|U-turn|p1a: Tyranitar\n|-supereffective|p1a: Tyranitar\n|-damage|p1a: Tyranitar|2\/100\n|\n|t:|1698346699\n|switch|p2a: Miraidon|Miraidon|100\/100|[from] U-turn\n|-fieldstart|move: Electric Terrain|[from] ability: Hadron Engine|[of] p2a: Miraidon\n|move|p1a: Tyranitar|Knock Off|p2a: Miraidon\n|-damage|p2a: Miraidon|48\/100\n|-enditem|p2a: Miraidon|Life Orb|[from] move: Knock Off|[of] p1a: Tyranitar\n|\n|-weather|Sandstorm|[upkeep]\n|-damage|p2a: Miraidon|42\/100|[from] Sandstorm\n|upkeep\n|turn|8\n|\n|t:|1698346714\n|move|p2a: Miraidon|Dazzling Gleam|p1a: Tyranitar\n|-supereffective|p1a: Tyranitar\n|-damage|p1a: Tyranitar|0 fnt\n|faint|p1a: Tyranitar\n|\n|-weather|Sandstorm|[upkeep]\n|-damage|p2a: Miraidon|36\/100|[from] Sandstorm\n|upkeep\n|\n|t:|1698346723\n|switch|p1a: Landorus|Landorus-Therian, M|100\/100\n|-ability|p1a: Landorus|Intimidate|boost\n|-unboost|p2a: Miraidon|atk|1\n|turn|9\n|\n|t:|1698346733\n|-terastallize|p2a: Miraidon|Fairy\n|move|p1a: Landorus|Rock Slide|p2a: Miraidon\n|-damage|p2a: Miraidon|7\/100\n|move|p2a: Miraidon|Draco Meteor|p1a: Landorus|[miss]\n|-miss|p2a: Miraidon|p1a: Landorus\n|\n|-weather|Sandstorm|[upkeep]\n|-damage|p2a: Miraidon|1\/100|[from] Sandstorm\n|upkeep\n|turn|10\n|\n|t:|1698346750\n|move|p1a: Landorus|Rock Slide|p2a: Miraidon\n|-damage|p2a: Miraidon|0 fnt\n|faint|p2a: Miraidon\n|\n|-weather|Sandstorm|[upkeep]\n|upkeep\n|\n|t:|1698346760\n|switch|p2a: Oricorio|Oricorio-Sensu, F|100\/100\n|turn|11\n|\n|t:|1698346792\n|move|p1a: Landorus|Rock Slide|p2a: Oricorio\n|-supereffective|p2a: Oricorio\n|-damage|p2a: Oricorio|28\/100\n|move|p2a: Oricorio|Swords Dance|p2a: Oricorio\n|-boost|p2a: Oricorio|atk|2\n|\n|-weather|Sandstorm|[upkeep]\n|-damage|p2a: Oricorio|21\/100|[from] Sandstorm\n|-fieldend|move: Electric Terrain\n|upkeep\n|turn|12\n|\n|t:|1698346802\n|move|p1a: Landorus|Rock Slide|p2a: Oricorio|[miss]\n|-miss|p1a: Landorus|p2a: Oricorio\n|move|p2a: Oricorio|Baton Pass|p2a: Oricorio\n|\n|t:|1698346808\n|switch|p2a: Corviknight|Corviknight, F|100\/100|[from] Baton Pass\n|\n|-weather|Sandstorm|[upkeep]\n|upkeep\n|turn|13\n|\n|t:|1698346821\n|move|p1a: Landorus|Rock Slide|p2a: Corviknight\n|-damage|p2a: Corviknight|81\/100\n|move|p2a: Corviknight|Body Slam|p1a: Landorus\n|-damage|p1a: Landorus|57\/100\n|\n|-weather|none\n|-heal|p2a: Corviknight|88\/100|[from] item: Leftovers\n|upkeep\n|turn|14\n|\n|t:|1698346831\n|move|p1a: Landorus|Rock Slide|p2a: Corviknight\n|-damage|p2a: Corviknight|71\/100\n|move|p2a: Corviknight|Bulk Up|p2a: Corviknight\n|-boost|p2a: Corviknight|atk|1\n|-boost|p2a: Corviknight|def|1\n|\n|-heal|p2a: Corviknight|77\/100|[from] item: Leftovers\n|upkeep\n|turn|15\n|\n|t:|1698346844\n|switch|p1a: Garchomp|Garchomp, F|100\/100\n|move|p2a: Corviknight|Bulk Up|p2a: Corviknight\n|-boost|p2a: Corviknight|atk|1\n|-boost|p2a: Corviknight|def|1\n|\n|-heal|p2a: Corviknight|83\/100|[from] item: Leftovers\n|upkeep\n|turn|16\n|\n|t:|1698346854\n|switch|p1a: Landorus|Landorus-Therian, M|57\/100\n|-ability|p1a: Landorus|Intimidate|boost\n|-ability|p2a: Corviknight|Mirror Armor\n|-unboost|p1a: Landorus|atk|1\n|move|p2a: Corviknight|Bulk Up|p2a: Corviknight\n|-boost|p2a: Corviknight|atk|1\n|-boost|p2a: Corviknight|def|1\n|\n|-heal|p2a: Corviknight|89\/100|[from] item: Leftovers\n|upkeep\n|turn|17\n|\n|t:|1698346866\n|switch|p1a: Garchomp|Garchomp, F|100\/100\n|move|p2a: Corviknight|Body Press|p1a: Garchomp\n|-crit|p1a: Garchomp\n|-damage|p1a: Garchomp|13\/100\n|-damage|p2a: Corviknight|77\/100|[from] ability: Rough Skin|[of] p1a: Garchomp\n|\n|-heal|p2a: Corviknight|83\/100|[from] item: Leftovers\n|upkeep\n|turn|18\n|\n|t:|1698346876\n|move|p1a: Garchomp|Dragon Claw|p2a: Corviknight\n|-resisted|p2a: Corviknight\n|-damage|p2a: Corviknight|78\/100\n|move|p2a: Corviknight|Bulk Up|p2a: Corviknight\n|-boost|p2a: Corviknight|atk|1\n|-boost|p2a: Corviknight|def|1\n|\n|-heal|p2a: Corviknight|84\/100|[from] item: Leftovers\n|upkeep\n|turn|19\n|\n|t:|1698346887\n|move|p1a: Garchomp|Dragon Claw|p2a: Corviknight\n|-resisted|p2a: Corviknight\n|-damage|p2a: Corviknight|79\/100\n|move|p2a: Corviknight|Bulk Up|p2a: Corviknight\n|-boost|p2a: Corviknight|atk|0\n|-boost|p2a: Corviknight|def|1\n|\n|-heal|p2a: Corviknight|86\/100|[from] item: Leftovers\n|upkeep\n|turn|20\n|\n|t:|1698346898\n|move|p1a: Garchomp|Dragon Claw|p2a: Corviknight\n|-resisted|p2a: Corviknight\n|-damage|p2a: Corviknight|82\/100\n|move|p2a: Corviknight|Bulk Up|p2a: Corviknight\n|-boost|p2a: Corviknight|atk|0\n|-boost|p2a: Corviknight|def|1\n|\n|-heal|p2a: Corviknight|88\/100|[from] item: Leftovers\n|upkeep\n|turn|21\n|\n|t:|1698346908\n|move|p1a: Garchomp|Dragon Claw|p2a: Corviknight\n|-resisted|p2a: Corviknight\n|-damage|p2a: Corviknight|84\/100\n|move|p2a: Corviknight|Body Slam|p1a: Garchomp\n|-damage|p1a: Garchomp|0 fnt\n|-damage|p2a: Corviknight|72\/100|[from] ability: Rough Skin|[of] p1a: Garchomp\n|faint|p1a: Garchomp\n|\n|-heal|p2a: Corviknight|78\/100|[from] item: Leftovers\n|upkeep\n|\n|t:|1698346915\n|switch|p1a: Corviknight|Corviknight, F|100\/100\n|turn|22\n|\n|t:|1698346948\n|move|p1a: Corviknight|Brave Bird|p2a: Corviknight\n|-resisted|p2a: Corviknight\n|-damage|p2a: Corviknight|74\/100\n|-damage|p1a: Corviknight|99\/100|[from] Recoil\n|move|p2a: Corviknight|Body Press|p1a: Corviknight\n|-damage|p1a: Corviknight|15\/100\n|\n|-heal|p2a: Corviknight|80\/100|[from] item: Leftovers\n|-heal|p1a: Corviknight|22\/100|[from] item: Leftovers\n|upkeep\n|turn|23\n|\n|t:|1698346970\n|move|p2a: Corviknight|Body Slam|p1a: Corviknight\n|-resisted|p1a: Corviknight\n|-crit|p1a: Corviknight\n|-damage|p1a: Corviknight|0 fnt\n|faint|p1a: Corviknight\n|\n|-heal|p2a: Corviknight|86\/100|[from] item: Leftovers\n|upkeep\n|\n|t:|1698346974\n|switch|p1a: Landorus|Landorus-Therian, M|57\/100\n|-ability|p1a: Landorus|Intimidate|boost\n|-ability|p2a: Corviknight|Mirror Armor\n|-unboost|p1a: Landorus|atk|1\n|turn|24\n|\n|t:|1698346991\n|move|p1a: Landorus|Rock Slide|p2a: Corviknight\n|-crit|p2a: Corviknight\n|-damage|p2a: Corviknight|60\/100\n|move|p2a: Corviknight|Body Slam|p1a: Landorus\n|-damage|p1a: Landorus|0 fnt\n|faint|p1a: Landorus\n|\n|-heal|p2a: Corviknight|66\/100|[from] item: Leftovers\n|upkeep\n|\n|t:|1698346997\n|switch|p1a: Kingambit|Kingambit, F|100\/100\n|-activate|p1a: Kingambit|ability: Supreme Overlord\n|-start|p1a: Kingambit|fallen5|[silent]\n|turn|25\n|\n|t:|1698347006\n|move|p1a: Kingambit|Sucker Punch|p2a: Corviknight\n|-damage|p2a: Corviknight|54\/100\n|move|p2a: Corviknight|Body Press|p1a: Kingambit\n|-supereffective|p1a: Kingambit\n|-damage|p1a: Kingambit|0 fnt\n|faint|p1a: Kingambit\n|-end|p1a: Kingambit|fallen5|[silent]\n|\n|win|LocalEspinas\n|l|\u2606ubbbber\n","uploadtime":1698347020,"views":5,"p1id":"ubbbber","p2id":"localespinas","formatid":"gen9anythinggoes","rating":0,"private":0,"password":""}