{"id":"gen9anythinggoes-1988638903","p1":"LingLing007","p2":"noobgygy1234","format":"[Gen 9] Anything Goes","log":"|j|\u2606LingLing007\n|j|\u2606noobgygy1234\n|t:|1699744932\n|gametype|singles\n|player|p1|LingLing007|cynthia-masters2|1331\n|player|p2|noobgygy1234|265|1318\n|teamsize|p1|6\n|teamsize|p2|6\n|gen|9\n|tier|[Gen 9] Anything Goes\n|rated|\n|rule|HP Percentage Mod: HP is shown in percentages\n|rule|Endless Battle Clause: Forcing endless battles is banned\n|clearpoke\n|poke|p1|Samurott-Hisui, M|\n|poke|p1|Kommo-o, M|\n|poke|p1|Orthworm, F|\n|poke|p1|Clefable, F|\n|poke|p1|Skeledirge, M|\n|poke|p1|Corviknight, M|\n|poke|p2|Gyarados, M|\n|poke|p2|Chi-Yu|\n|poke|p2|Torterra, M|\n|poke|p2|Golem-Alola, F|\n|poke|p2|Cloyster, F|\n|poke|p2|Forretress, M|\n|teampreview\n|\n|t:|1699744937\n|start\n|switch|p1a: Orthworm|Orthworm, F|100\/100\n|switch|p2a: Forretress|Forretress, M|100\/100\n|turn|1\n|inactive|Battle timer is ON: inactive players will automatically lose when time's up. (requested by LingLing007)\n|\n|t:|1699744944\n|move|p1a: Orthworm|Shed Tail|p1a: Orthworm\n|-start|p1a: Orthworm|Substitute|[from] move: Shed Tail\n|-damage|p1a: Orthworm|50\/100\n|\n|t:|1699744960\n|switch|p1a: Kommo-o|Kommo-o, M, shiny|100\/100|[from] Shed Tail\n|move|p2a: Forretress|Thunder Wave||[still]\n|-fail|p2a: Forretress\n|\n|upkeep\n|turn|2\n|\n|t:|1699744967\n|move|p1a: Kommo-o|Clangorous Soul|p1a: Kommo-o\n|-boost|p1a: Kommo-o|atk|1\n|-boost|p1a: Kommo-o|def|1\n|-boost|p1a: Kommo-o|spa|1\n|-boost|p1a: Kommo-o|spd|1\n|-boost|p1a: Kommo-o|spe|1\n|-damage|p1a: Kommo-o|68\/100\n|-enditem|p1a: Kommo-o|Throat Spray\n|-boost|p1a: Kommo-o|spa|1|[from] item: Throat Spray\n|move|p2a: Forretress|Spikes|p1a: Kommo-o\n|-sidestart|p1: LingLing007|Spikes\n|\n|upkeep\n|turn|3\n|\n|t:|1699744976\n|move|p1a: Kommo-o|Clangorous Soul|p1a: Kommo-o\n|-boost|p1a: Kommo-o|atk|1\n|-boost|p1a: Kommo-o|def|1\n|-boost|p1a: Kommo-o|spa|1\n|-boost|p1a: Kommo-o|spd|1\n|-boost|p1a: Kommo-o|spe|1\n|-damage|p1a: Kommo-o|35\/100\n|move|p2a: Forretress|Spikes|p1a: Kommo-o\n|-sidestart|p1: LingLing007|Spikes\n|\n|upkeep\n|turn|4\n|\n|t:|1699744984\n|move|p1a: Kommo-o|Drain Punch|p2a: Forretress\n|-damage|p2a: Forretress|61\/100\n|-heal|p1a: Kommo-o|59\/100|[from] drain|[of] p2a: Forretress\n|move|p2a: Forretress|Toxic Spikes|p1a: Kommo-o\n|-sidestart|p1: LingLing007|move: Toxic Spikes\n|\n|-heal|p2a: Forretress|67\/100|[from] item: Leftovers\n|upkeep\n|turn|5\n|\n|t:|1699744992\n|move|p1a: Kommo-o|Drain Punch|p2a: Forretress\n|-damage|p2a: Forretress|26\/100\n|-heal|p1a: Kommo-o|84\/100|[from] drain|[of] p2a: Forretress\n|move|p2a: Forretress|Spikes|p1a: Kommo-o\n|-sidestart|p1: LingLing007|Spikes\n|\n|-heal|p2a: Forretress|32\/100|[from] item: Leftovers\n|upkeep\n|turn|6\n|\n|t:|1699745000\n|move|p1a: Kommo-o|Drain Punch|p2a: Forretress\n|-damage|p2a: Forretress|0 fnt\n|-heal|p1a: Kommo-o|100\/100|[from] drain|[of] p2a: Forretress\n|faint|p2a: Forretress\n|\n|upkeep\n|\n|t:|1699745006\n|switch|p2a: fishy|Chi-Yu|100\/100\n|-ability|p2a: fishy|Beads of Ruin\n|turn|7\n|\n|t:|1699745017\n|move|p1a: Kommo-o|Clanging Scales|p2a: fishy\n|-damage|p2a: fishy|0 fnt\n|faint|p2a: fishy\n|-unboost|p1a: Kommo-o|def|1\n|\n|upkeep\n|\n|t:|1699745023\n|switch|p2a: Torterra|Torterra, M|100\/100\n|turn|8\n|\n|t:|1699745026\n|move|p1a: Kommo-o|Clanging Scales|p2a: Torterra\n|-damage|p2a: Torterra|0 fnt\n|faint|p2a: Torterra\n|-unboost|p1a: Kommo-o|def|1\n|\n|upkeep\n|\n|t:|1699745037\n|switch|p2a: Cloyster|Cloyster, F|100\/100\n|turn|9\n|\n|t:|1699745041\n|move|p1a: Kommo-o|Clanging Scales|p2a: Cloyster\n|-damage|p2a: Cloyster|0 fnt\n|faint|p2a: Cloyster\n|-unboost|p1a: Kommo-o|def|1\n|\n|upkeep\n|-message|noobgygy1234 forfeited.\n|\n|win|LingLing007\n|raw|LingLing007's rating: 1331 &rarr; <strong>1350<\/strong><br \/>(+19 for winning)\n|raw|noobgygy1234's rating: 1318 &rarr; <strong>1299<\/strong><br \/>(-19 for losing)\n|l|\u2606noobgygy1234\n|c|\u2606LingLing007|gg\n","uploadtime":1699745057,"views":16,"p1id":"lingling007","p2id":"noobgygy1234","formatid":"gen9anythinggoes","rating":1299,"private":0,"password":""}