{"id":"gen9anythinggoes-1984096171","p1":"Rabbit'sfool","p2":"Oxygon","format":"[Gen 9] Anything Goes","log":"|j|\u2606Rabbit'sfool\n|j|\u2606Oxygon\n|t:|1699218255\n|gametype|singles\n|player|p1|Rabbit'sfool|swimmer-gen4dp|\n|player|p2|Oxygon|aaron|\n|teamsize|p1|6\n|teamsize|p2|6\n|gen|9\n|tier|[Gen 9] Anything Goes\n|rule|HP Percentage Mod: HP is shown in percentages\n|rule|Endless Battle Clause: Forcing endless battles is banned\n|clearpoke\n|poke|p1|Tornadus-Therian, M|\n|poke|p1|Scream Tail|\n|poke|p1|Mamoswine, F|\n|poke|p1|Iron Hands|\n|poke|p1|Infernape, F|\n|poke|p1|Decidueye, M|\n|poke|p2|Thundurus, M|\n|poke|p2|Manaphy|\n|poke|p2|Espeon, M|\n|poke|p2|Ursaluna-Bloodmoon, M|\n|poke|p2|Goodra-Hisui, F|\n|poke|p2|Weezing-Galar, M|\n|teampreview\n|\n|t:|1699218302\n|start\n|switch|p1a: Mamoswine|Mamoswine, F|100\/100\n|switch|p2a: Weezing|Weezing-Galar, M|100\/100\n|turn|1\n|\n|t:|1699218320\n|switch|p1a: Tornadus|Tornadus-Therian, M|100\/100\n|move|p2a: Weezing|Toxic Spikes|p1a: Tornadus\n|-sidestart|p1: Rabbit'sfool|move: Toxic Spikes\n|\n|upkeep\n|turn|2\n|\n|t:|1699218347\n|switch|p2a: Thundurus|Thundurus, M|100\/100\n|move|p1a: Tornadus|Bleakwind Storm|p2a: Thundurus\n|-resisted|p2a: Thundurus\n|-damage|p2a: Thundurus|66\/100\n|\n|upkeep\n|turn|3\n|\n|t:|1699218363\n|move|p2a: Thundurus|Thunder Punch|p1a: Tornadus\n|-supereffective|p1a: Tornadus\n|-damage|p1a: Tornadus|12\/100\n|move|p1a: Tornadus|Bleakwind Storm|p2a: Thundurus\n|-resisted|p2a: Thundurus\n|-damage|p2a: Thundurus|32\/100\n|\n|upkeep\n|turn|4\n|\n|t:|1699218374\n|move|p2a: Thundurus|Thunder Punch|p1a: Tornadus\n|-supereffective|p1a: Tornadus\n|-damage|p1a: Tornadus|0 fnt\n|faint|p1a: Tornadus\n|\n|upkeep\n|\n|t:|1699218384\n|switch|p1a: Mamoswine|Mamoswine, F|100\/100\n|-status|p1a: Mamoswine|psn\n|turn|5\n|\n|t:|1699218425\n|switch|p2a: Weezing|Weezing-Galar, M|100\/100\n|move|p1a: Mamoswine|Ice Shard|p2a: Weezing\n|-damage|p2a: Weezing|85\/100\n|\n|-damage|p1a: Mamoswine|88\/100 psn|[from] psn\n|upkeep\n|turn|6\n|\n|t:|1699218437\n|move|p1a: Mamoswine|Stealth Rock|p2a: Weezing\n|-sidestart|p2: Oxygon|move: Stealth Rock\n|move|p2a: Weezing|Strange Steam|p1a: Mamoswine\n|-damage|p1a: Mamoswine|42\/100 psn\n|-start|p1a: Mamoswine|confusion\n|\n|-damage|p1a: Mamoswine|30\/100 psn|[from] psn\n|upkeep\n|turn|7\n|\n|t:|1699218450\n|-activate|p1a: Mamoswine|confusion\n|move|p1a: Mamoswine|Icicle Crash|p2a: Weezing|[miss]\n|-miss|p1a: Mamoswine|p2a: Weezing\n|move|p2a: Weezing|Strange Steam|p1a: Mamoswine\n|-damage|p1a: Mamoswine|0 fnt\n|faint|p1a: Mamoswine\n|\n|upkeep\n|\n|t:|1699218464\n|switch|p1a: Scream Tail|Scream Tail|100\/100\n|-status|p1a: Scream Tail|psn\n|turn|8\n|\n|t:|1699218492\n|switch|p2a: Goodra|Goodra-Hisui, F|100\/100\n|-damage|p2a: Goodra|94\/100|[from] Stealth Rock\n|move|p1a: Scream Tail|Psychic|p2a: Goodra\n|-resisted|p2a: Goodra\n|-damage|p2a: Goodra|89\/100\n|\n|-damage|p1a: Scream Tail|88\/100 psn|[from] psn\n|upkeep\n|turn|9\n|\n|t:|1699218504\n|-end|p1a: Scream Tail|Protosynthesis|[silent]\n|switch|p1a: Iron Hands|Iron Hands|100\/100\n|-status|p1a: Iron Hands|psn\n|move|p2a: Goodra|Heavy Slam|p1a: Iron Hands\n|-resisted|p1a: Iron Hands\n|-damage|p1a: Iron Hands|96\/100 psn\n|\n|-damage|p1a: Iron Hands|84\/100 psn|[from] psn\n|upkeep\n|turn|10\n|\n|t:|1699218522\n|switch|p2a: Weezing|Weezing-Galar, M|85\/100\n|-damage|p2a: Weezing|73\/100|[from] Stealth Rock\n|move|p1a: Iron Hands|Drain Punch|p2a: Weezing\n|-resisted|p2a: Weezing\n|-damage|p2a: Weezing|67\/100\n|-heal|p1a: Iron Hands|86\/100 psn|[from] drain|[of] p2a: Weezing\n|\n|-damage|p1a: Iron Hands|74\/100 psn|[from] psn\n|upkeep\n|turn|11\n|\n|t:|1699218550\n|move|p1a: Iron Hands|Heavy Slam|p2a: Weezing\n|-supereffective|p2a: Weezing\n|-damage|p2a: Weezing|14\/100\n|move|p2a: Weezing|Strange Steam|p1a: Iron Hands\n|-supereffective|p1a: Iron Hands\n|-damage|p1a: Iron Hands|10\/100 psn\n|\n|-damage|p1a: Iron Hands|0 fnt|[from] psn\n|faint|p1a: Iron Hands\n|-end|p1a: Iron Hands|Quark Drive|[silent]\n|upkeep\n|\n|t:|1699218561\n|switch|p1a: Scream Tail|Scream Tail|88\/100 psn\n|turn|12\n|-enditem|p2a: Weezing|Custap Berry|[eat]\n|-activate|p2a: Weezing|item: Custap Berry|[consumed]\n|\n|t:|1699218567\n|move|p2a: Weezing|Destiny Bond|p2a: Weezing\n|-singlemove|p2a: Weezing|Destiny Bond\n|move|p1a: Scream Tail|Psychic|p2a: Weezing\n|-supereffective|p2a: Weezing\n|-damage|p2a: Weezing|0 fnt\n|faint|p2a: Weezing\n|-activate|p2a: Weezing|move: Destiny Bond\n|faint|p1a: Scream Tail\n|-end|p1a: Scream Tail|Protosynthesis|[silent]\n|\n|upkeep\n|\n|t:|1699218606\n|switch|p1a: Decidueye|Decidueye, M|100\/100\n|switch|p2a: Espeon|Espeon, M|100\/100\n|-damage|p2a: Espeon|88\/100|[from] Stealth Rock\n|-status|p1a: Decidueye|psn\n|turn|13\n|\n|t:|1699218618\n|-terastallize|p2a: Espeon|Electric\n|move|p2a: Espeon|Calm Mind|p2a: Espeon\n|-boost|p2a: Espeon|spa|1\n|-boost|p2a: Espeon|spd|1\n|move|p1a: Decidueye|Air Slash|p2a: Espeon\n|-resisted|p2a: Espeon\n|-damage|p2a: Espeon|81\/100\n|\n|-damage|p1a: Decidueye|88\/100 psn|[from] psn\n|upkeep\n|turn|14\n|\n|t:|1699218629\n|move|p2a: Espeon|Shadow Ball|p1a: Decidueye\n|-supereffective|p1a: Decidueye\n|-damage|p1a: Decidueye|1\/100 psn\n|move|p1a: Decidueye|Air Slash|p2a: Espeon\n|-resisted|p2a: Espeon\n|-damage|p2a: Espeon|74\/100\n|\n|-damage|p1a: Decidueye|0 fnt|[from] psn\n|faint|p1a: Decidueye\n|upkeep\n|\n|t:|1699218648\n|switch|p1a: Infernape|Infernape, F|100\/100\n|-status|p1a: Infernape|psn\n|-enditem|p1a: Infernape|Lum Berry|[eat]\n|-curestatus|p1a: Infernape|psn|[msg]\n|turn|15\n|\n|t:|1699218662\n|move|p2a: Espeon|Psychic|p1a: Infernape\n|-supereffective|p1a: Infernape\n|-damage|p1a: Infernape|0 fnt\n|faint|p1a: Infernape\n|\n|win|Oxygon\n|l|\u2606Rabbit'sfool\n","uploadtime":1699218708,"views":4,"p1id":"rabbitsfool","p2id":"oxygon","formatid":"gen9anythinggoes","rating":0,"private":0,"password":""}