{"id":"gen9anythinggoes-1980680254","p1":"Ankun4","p2":"rvtg4v5g5","format":"[Gen 9] Anything Goes","log":"|j|\u2606Ankun4\n|j|\u2606rvtg4v5g5\n|t:|1698811970\n|gametype|singles\n|player|p1|Ankun4|101|1008\n|player|p2|rvtg4v5g5|1|1124\n|teamsize|p1|6\n|teamsize|p2|1\n|gen|9\n|tier|[Gen 9] Anything Goes\n|rated|\n|rule|HP Percentage Mod: HP is shown in percentages\n|rule|Endless Battle Clause: Forcing endless battles is banned\n|clearpoke\n|poke|p1|Pikachu, F|\n|poke|p1|Leafeon, F|\n|poke|p1|Empoleon, M|\n|poke|p1|Ninetales, F|\n|poke|p1|Gardevoir, M|\n|poke|p1|Dusknoir, F|\n|poke|p2|Calyrex-Shadow|\n|teampreview\n|inactive|Battle timer is ON: inactive players will automatically lose when time's up. (requested by rvtg4v5g5)\n|\n|t:|1698811977\n|start\n|switch|p1a: Gardevoir|Gardevoir, M|100\/100\n|switch|p2a: Calyrex|Calyrex-Shadow|100\/100\n|-ability|p2a: Calyrex|As One\n|-ability|p2a: Calyrex|Unnerve\n|turn|1\n|\n|t:|1698811986\n|-terastallize|p2a: Calyrex|Fairy\n|move|p2a: Calyrex|Agility|p2a: Calyrex\n|-boost|p2a: Calyrex|spe|2\n|move|p1a: Gardevoir|Substitute|p1a: Gardevoir\n|-start|p1a: Gardevoir|Substitute\n|-damage|p1a: Gardevoir|76\/100\n|\n|-heal|p1a: Gardevoir|82\/100|[from] item: Leftovers\n|upkeep\n|turn|2\n|\n|t:|1698811998\n|move|p2a: Calyrex|Astral Barrage|p1a: Gardevoir\n|-supereffective|p1a: Gardevoir\n|-end|p1a: Gardevoir|Substitute\n|move|p1a: Gardevoir|Moonblast|p2a: Calyrex\n|-damage|p2a: Calyrex|57\/100\n|\n|-heal|p2a: Calyrex|64\/100|[from] item: Leftovers\n|-heal|p1a: Gardevoir|88\/100|[from] item: Leftovers\n|upkeep\n|turn|3\n|\n|t:|1698812015\n|switch|p1a: Empoleon|Empoleon, M|100\/100\n|move|p2a: Calyrex|Astral Barrage|p1a: Empoleon\n|-damage|p1a: Empoleon|35\/100\n|\n|-heal|p2a: Calyrex|70\/100|[from] item: Leftovers\n|upkeep\n|turn|4\n|\n|t:|1698812027\n|move|p2a: Calyrex|Psychic|p1a: Empoleon\n|-resisted|p1a: Empoleon\n|-damage|p1a: Empoleon|11\/100\n|move|p1a: Empoleon|Waterfall|p2a: Calyrex\n|-damage|p2a: Calyrex|21\/100\n|\n|-heal|p2a: Calyrex|27\/100|[from] item: Leftovers\n|upkeep\n|turn|5\n|\n|t:|1698812036\n|move|p2a: Calyrex|Draining Kiss|p1a: Empoleon\n|-resisted|p1a: Empoleon\n|-damage|p1a: Empoleon|0 fnt\n|-heal|p2a: Calyrex|35\/100|[from] drain|[of] p1a: Empoleon\n|faint|p1a: Empoleon\n|-ability|p2a: Calyrex|Grim Neigh|boost\n|-boost|p2a: Calyrex|spa|1\n|\n|-heal|p2a: Calyrex|41\/100|[from] item: Leftovers\n|upkeep\n|\n|t:|1698812044\n|switch|p1a: Pikachu|Pikachu, F|100\/100\n|turn|6\n|\n|t:|1698812049\n|move|p2a: Calyrex|Draining Kiss|p1a: Pikachu\n|-damage|p1a: Pikachu|0 fnt\n|-heal|p2a: Calyrex|80\/100|[from] drain|[of] p1a: Pikachu\n|faint|p1a: Pikachu\n|-ability|p2a: Calyrex|Grim Neigh|boost\n|-boost|p2a: Calyrex|spa|1\n|\n|-heal|p2a: Calyrex|86\/100|[from] item: Leftovers\n|upkeep\n|\n|t:|1698812057\n|switch|p1a: Leafeon|Leafeon, F|100\/100\n|turn|7\n|\n|t:|1698812061\n|move|p2a: Calyrex|Astral Barrage|p1a: Leafeon\n|-damage|p1a: Leafeon|0 fnt\n|faint|p1a: Leafeon\n|-ability|p2a: Calyrex|Grim Neigh|boost\n|-boost|p2a: Calyrex|spa|1\n|\n|-heal|p2a: Calyrex|92\/100|[from] item: Leftovers\n|upkeep\n|\n|t:|1698812069\n|switch|p1a: Gardevoir|Gardevoir, M|88\/100\n|turn|8\n|\n|t:|1698812072\n|move|p2a: Calyrex|Astral Barrage|p1a: Gardevoir\n|-supereffective|p1a: Gardevoir\n|-damage|p1a: Gardevoir|0 fnt\n|faint|p1a: Gardevoir\n|-ability|p2a: Calyrex|Grim Neigh|boost\n|-boost|p2a: Calyrex|spa|1\n|\n|-heal|p2a: Calyrex|99\/100|[from] item: Leftovers\n|upkeep\n|\n|t:|1698812081\n|switch|p1a: Ninetales|Ninetales, F|100\/100\n|turn|9\n|\n|t:|1698812085\n|move|p2a: Calyrex|Astral Barrage|p1a: Ninetales\n|-damage|p1a: Ninetales|0 fnt\n|faint|p1a: Ninetales\n|-ability|p2a: Calyrex|Grim Neigh|boost\n|-boost|p2a: Calyrex|spa|1\n|\n|-heal|p2a: Calyrex|100\/100|[from] item: Leftovers\n|upkeep\n|\n|t:|1698812093\n|switch|p1a: Dusknoir|Dusknoir, F|100\/100\n|-ability|p1a: Dusknoir|Pressure\n|turn|10\n|\n|t:|1698812098\n|move|p2a: Calyrex|Astral Barrage|p1a: Dusknoir\n|-supereffective|p1a: Dusknoir\n|-damage|p1a: Dusknoir|0 fnt\n|faint|p1a: Dusknoir\n|\n|win|rvtg4v5g5\n|raw|Ankun4's rating: 1008 &rarr; <strong>1000<\/strong><br \/>(-8 for losing)\n|raw|rvtg4v5g5's rating: 1124 &rarr; <strong>1141<\/strong><br \/>(+17 for winning)\n","uploadtime":1698812109,"views":15,"p1id":"ankun4","p2id":"rvtg4v5g5","formatid":"gen9anythinggoes","rating":1000,"private":0,"password":""}