{"id":"gen9anythinggoes-1996878050","p1":"mo0613","p2":"AstralStudios","format":"[Gen 9] Anything Goes","log":"|j|\u2606mo0613\n|j|\u2606AstralStudios\n|t:|1700739232\n|gametype|singles\n|player|p1|mo0613|psychic-gen4|1464\n|player|p2|AstralStudios|cynthia-masters|1373\n|teamsize|p1|6\n|teamsize|p2|6\n|gen|9\n|tier|[Gen 9] Anything Goes\n|rated|\n|rule|HP Percentage Mod: HP is shown in percentages\n|rule|Endless Battle Clause: Forcing endless battles is banned\n|clearpoke\n|poke|p1|Zoroark-Hisui, F|\n|poke|p1|Ting-Lu|\n|poke|p1|Corviknight, F|\n|poke|p1|Scream Tail|\n|poke|p1|Gliscor, M|\n|poke|p1|Calyrex-Shadow|\n|poke|p2|Iron Valiant|\n|poke|p2|Miraidon|\n|poke|p2|Calyrex-Shadow|\n|poke|p2|Toedscruel, F|\n|poke|p2|Zacian-*|\n|poke|p2|Chien-Pao|\n|teampreview\n|inactive|Battle timer is ON: inactive players will automatically lose when time's up. (requested by mo0613)\n|\n|t:|1700739249\n|start\n|switch|p1a: Calyrex|Calyrex-Shadow|100\/100\n|switch|p2a: Toedscruel|Toedscruel, F|100\/100\n|turn|1\n|\n|t:|1700739260\n|move|p1a: Calyrex|Hyper Voice|p2a: Toedscruel\n|-damage|p2a: Toedscruel|64\/100\n|move|p2a: Toedscruel|Spore|p1a: Calyrex\n|-status|p1a: Calyrex|slp|[from] move: Spore\n|\n|upkeep\n|turn|2\n|\n|t:|1700739268\n|cant|p1a: Calyrex|slp\n|move|p2a: Toedscruel|Toxic Spikes|p1a: Calyrex\n|-sidestart|p1: mo0613|move: Toxic Spikes\n|\n|upkeep\n|turn|3\n|\n|t:|1700739277\n|-curestatus|p1a: Calyrex|slp|[msg]\n|move|p1a: Calyrex|Hyper Voice|p2a: Toedscruel\n|-damage|p2a: Toedscruel|27\/100\n|move|p2a: Toedscruel|Toxic Spikes|p1a: Calyrex\n|-sidestart|p1: mo0613|move: Toxic Spikes\n|\n|upkeep\n|turn|4\n|\n|t:|1700739286\n|switch|p2a: Calyrex|Calyrex-Shadow|100\/100\n|-ability|p2a: Calyrex|As One\n|-ability|p2a: Calyrex|Unnerve\n|move|p1a: Calyrex|Hyper Voice|p2a: Calyrex\n|-immune|p2a: Calyrex\n|\n|upkeep\n|turn|5\n|\n|t:|1700739295\n|move|p2a: Calyrex|Dark Pulse|p1a: Calyrex\n|-supereffective|p1a: Calyrex\n|-enditem|p1a: Calyrex|Focus Sash\n|-damage|p1a: Calyrex|1\/100\n|replace|p1a: Zoroark|Zoroark-Hisui, F, shiny\n|-end|p1a: Zoroark|Illusion\n|move|p1a: Zoroark|Bitter Malice|p2a: Calyrex\n|-supereffective|p2a: Calyrex\n|-damage|p2a: Calyrex|0 fnt\n|faint|p2a: Calyrex\n|\n|upkeep\n|\n|t:|1700739310\n|switch|p2a: Iron Valiant|Iron Valiant|100\/100\n|-enditem|p2a: Iron Valiant|Booster Energy\n|-activate|p2a: Iron Valiant|ability: Quark Drive|[fromitem]\n|-start|p2a: Iron Valiant|quarkdrivespe\n|turn|6\n|\n|t:|1700739323\n|switch|p1a: Steel Phoenix|Corviknight, F, shiny|100\/100\n|move|p2a: Iron Valiant|Moonblast|p1a: Steel Phoenix\n|-resisted|p1a: Steel Phoenix\n|-damage|p1a: Steel Phoenix|77\/100\n|\n|upkeep\n|turn|7\n|\n|t:|1700739332\n|move|p2a: Iron Valiant|Aura Sphere|p1a: Steel Phoenix\n|-damage|p1a: Steel Phoenix|40\/100\n|move|p1a: Steel Phoenix|Drill Peck|p2a: Iron Valiant\n|-supereffective|p2a: Iron Valiant\n|-damage|p2a: Iron Valiant|31\/100\n|\n|upkeep\n|turn|8\n|c|\u2606mo0613|oops\n|c|\u2606AstralStudios|?\n|\n|t:|1700739350\n|move|p2a: Iron Valiant|Thunderbolt|p1a: Steel Phoenix\n|-supereffective|p1a: Steel Phoenix\n|-damage|p1a: Steel Phoenix|0 fnt\n|faint|p1a: Steel Phoenix\n|\n|upkeep\n|c|\u2606mo0613|nice\n|\n|t:|1700739356\n|switch|p1a: Ting-Lu|Ting-Lu|100\/100\n|-status|p1a: Ting-Lu|tox\n|-ability|p1a: Ting-Lu|Vessel of Ruin\n|turn|9\n|c|\u2606AstralStudios|Thx\n|\n|t:|1700739363\n|move|p2a: Iron Valiant|Aura Sphere|p1a: Ting-Lu\n|-supereffective|p1a: Ting-Lu\n|-damage|p1a: Ting-Lu|65\/100 tox\n|move|p1a: Ting-Lu|Fissure|p2a: Iron Valiant|[miss]\n|-miss|p1a: Ting-Lu|p2a: Iron Valiant\n|\n|-heal|p1a: Ting-Lu|72\/100 tox|[from] item: Leftovers\n|-damage|p1a: Ting-Lu|65\/100 tox|[from] psn\n|upkeep\n|turn|10\n|\n|t:|1700739371\n|move|p2a: Iron Valiant|Aura Sphere|p1a: Ting-Lu\n|-supereffective|p1a: Ting-Lu\n|-damage|p1a: Ting-Lu|32\/100 tox\n|move|p1a: Ting-Lu|Fissure|p2a: Iron Valiant|[miss]\n|-miss|p1a: Ting-Lu|p2a: Iron Valiant\n|\n|-heal|p1a: Ting-Lu|38\/100 tox|[from] item: Leftovers\n|-damage|p1a: Ting-Lu|25\/100 tox|[from] psn\n|upkeep\n|turn|11\n|c|\u2606mo0613|umm\n|c|\u2606AstralStudios|...\n|\n|t:|1700739387\n|move|p2a: Iron Valiant|Moonblast|p1a: Ting-Lu\n|-supereffective|p1a: Ting-Lu\n|-damage|p1a: Ting-Lu|0 fnt\n|faint|p1a: Ting-Lu\n|\n|upkeep\n|\n|t:|1700739393\n|switch|p1a: Calyrex|Calyrex-Shadow|1\/100\n|-status|p1a: Calyrex|tox\n|turn|12\n|\n|t:|1700739409\n|move|p2a: Iron Valiant|Psychic|p1a: Calyrex\n|-damage|p1a: Calyrex|0 fnt\n|replace|p1a: Zoroark|Zoroark-Hisui, F, shiny\n|-end|p1a: Zoroark|Illusion\n|faint|p1a: Zoroark\n|\n|upkeep\n|\n|t:|1700739417\n|switch|p1a: Scream Tail|Scream Tail|100\/100\n|-status|p1a: Scream Tail|tox\n|turn|13\n|\n|t:|1700739427\n|move|p2a: Iron Valiant|Thunderbolt|p1a: Scream Tail\n|-damage|p1a: Scream Tail|77\/100 tox\n|move|p1a: Scream Tail|Wish|p1a: Scream Tail\n|\n|-damage|p1a: Scream Tail|71\/100 tox|[from] psn\n|upkeep\n|turn|14\n|\n|t:|1700739439\n|move|p2a: Iron Valiant|Thunderbolt|p1a: Scream Tail\n|-crit|p1a: Scream Tail\n|-damage|p1a: Scream Tail|36\/100 tox\n|move|p1a: Scream Tail|Encore|p2a: Iron Valiant\n|-start|p2a: Iron Valiant|Encore\n|\n|-heal|p1a: Scream Tail|85\/100 tox|[from] move: Wish|[wisher] Scream Tail\n|-damage|p1a: Scream Tail|73\/100 tox|[from] psn\n|upkeep\n|turn|15\n|\n|t:|1700739448\n|-end|p2a: Iron Valiant|Quark Drive|[silent]\n|switch|p2a: Zacian|Zacian-Crowned, shiny|100\/100\n|-ability|p2a: Zacian|Intrepid Sword|boost\n|-boost|p2a: Zacian|atk|1\n|move|p1a: Scream Tail|Wish|p1a: Scream Tail\n|\n|-damage|p1a: Scream Tail|54\/100 tox|[from] psn\n|upkeep\n|turn|16\n|\n|t:|1700739456\n|-terastallize|p1a: Scream Tail|Fire\n|move|p2a: Zacian|Behemoth Blade|p1a: Scream Tail\n|-resisted|p1a: Scream Tail\n|-damage|p1a: Scream Tail|16\/100 tox\n|-enditem|p1a: Scream Tail|Iapapa Berry|[eat]\n|-heal|p1a: Scream Tail|50\/100 tox|[from] item: Iapapa Berry\n|move|p1a: Scream Tail|Encore|p2a: Zacian\n|-start|p2a: Zacian|Encore\n|\n|-heal|p1a: Scream Tail|99\/100 tox|[from] move: Wish|[wisher] Scream Tail\n|-damage|p1a: Scream Tail|75\/100 tox|[from] psn\n|upkeep\n|turn|17\n|\n|t:|1700739478\n|move|p2a: Zacian|Behemoth Blade|p1a: Scream Tail\n|-resisted|p1a: Scream Tail\n|-damage|p1a: Scream Tail|42\/100 tox\n|move|p1a: Scream Tail|Disable|p2a: Zacian\n|-start|p2a: Zacian|Disable|Behemoth Blade\n|\n|-damage|p1a: Scream Tail|11\/100 tox|[from] psn\n|upkeep\n|turn|18\n|\n|t:|1700739495\n|switch|p2a: Chien-Pao|Chien-Pao|100\/100\n|-ability|p2a: Chien-Pao|Sword of Ruin\n|move|p1a: Scream Tail|Wish|p1a: Scream Tail\n|\n|-damage|p1a: Scream Tail|0 fnt|[from] psn\n|faint|p1a: Scream Tail\n|-end|p1a: Scream Tail|Protosynthesis|[silent]\n|upkeep\n|\n|t:|1700739509\n|switch|p1a: Calyrex|Calyrex-Shadow|100\/100\n|-ability|p1a: Calyrex|As One\n|-ability|p1a: Calyrex|Unnerve\n|-status|p1a: Calyrex|tox\n|turn|19\n|\n|t:|1700739517\n|move|p1a: Calyrex|Pollen Puff|p2a: Chien-Pao\n|-supereffective|p2a: Chien-Pao\n|-enditem|p2a: Chien-Pao|Focus Sash\n|-damage|p2a: Chien-Pao|1\/100\n|move|p2a: Chien-Pao|Crunch|p1a: Calyrex\n|-supereffective|p1a: Calyrex\n|-enditem|p1a: Calyrex|Focus Sash\n|-damage|p1a: Calyrex|1\/100 tox\n|\n|-heal|p1a: Calyrex|55\/100 tox|[from] move: Wish|[wisher] Scream Tail\n|-damage|p1a: Calyrex|49\/100 tox|[from] psn\n|upkeep\n|turn|20\n|c|\u2606mo0613|gg\n|c|\u2606AstralStudios|Ahh the wish\n|\n|t:|1700739543\n|switch|p1a: Gliscor|Gliscor, M, shiny|100\/100\n|move|p2a: Chien-Pao|Crunch|p1a: Gliscor\n|-damage|p1a: Gliscor|70\/100\n|-unboost|p1a: Gliscor|def|1\n|\n|-status|p1a: Gliscor|tox|[from] item: Toxic Orb\n|upkeep\n|turn|21\n|inactive|mo0613 has 120 seconds left.\n|\n|t:|1700739563\n|move|p2a: Chien-Pao|Ice Spinner|p1a: Gliscor\n|-supereffective|p1a: Gliscor\n|-damage|p1a: Gliscor|0 fnt\n|faint|p1a: Gliscor\n|\n|upkeep\n|\n|t:|1700739565\n|switch|p1a: Calyrex|Calyrex-Shadow|49\/100 tox\n|-ability|p1a: Calyrex|As One\n|-ability|p1a: Calyrex|Unnerve\n|turn|22\n|\n|t:|1700739575\n|switch|p2a: Miraidon|Miraidon|100\/100\n|-fieldstart|move: Electric Terrain|[from] ability: Hadron Engine|[of] p2a: Miraidon\n|move|p1a: Calyrex|Astral Barrage|p2a: Miraidon\n|-damage|p2a: Miraidon|31\/100\n|\n|-damage|p1a: Calyrex|43\/100 tox|[from] psn\n|upkeep\n|turn|23\n|\n|t:|1700739588\n|move|p1a: Calyrex|Astral Barrage|p2a: Miraidon\n|-damage|p2a: Miraidon|0 fnt\n|faint|p2a: Miraidon\n|-ability|p1a: Calyrex|Grim Neigh|boost\n|-boost|p1a: Calyrex|spa|1\n|\n|-damage|p1a: Calyrex|30\/100 tox|[from] psn\n|upkeep\n|\n|t:|1700739600\n|switch|p2a: Zacian|Zacian-Crowned, shiny|100\/100\n|turn|24\n|c|\u2606mo0613|I'll lose\n|c|\u2606mo0613|gg\n|\n|t:|1700739609\n|move|p1a: Calyrex|Astral Barrage|p2a: Zacian\n|-damage|p2a: Zacian|0 fnt\n|faint|p2a: Zacian\n|-ability|p1a: Calyrex|Grim Neigh|boost\n|-boost|p1a: Calyrex|spa|1\n|\n|-damage|p1a: Calyrex|12\/100 tox|[from] psn\n|upkeep\n|c|\u2606AstralStudios|No way\n|c|\u2606mo0613|TOX\n|\n|t:|1700739622\n|switch|p2a: Iron Valiant|Iron Valiant|31\/100\n|-activate|p2a: Iron Valiant|ability: Quark Drive\n|-start|p2a: Iron Valiant|quarkdrivespe\n|turn|25\n|c|\u2606AstralStudios|Ohh\n|\n|t:|1700739630\n|move|p2a: Iron Valiant|Moonblast|p1a: Calyrex\n|-damage|p1a: Calyrex|0 fnt\n|faint|p1a: Calyrex\n|\n|win|AstralStudios\n|raw|mo0613's rating: 1464 &rarr; <strong>1439<\/strong><br \/>(-25 for losing)\n|raw|AstralStudios's rating: 1373 &rarr; <strong>1398<\/strong><br \/>(+25 for winning)\n|c|\u2606AstralStudios|Mb\n|c|\u2606AstralStudios|Nvm\n|l|\u2606mo0613\n","uploadtime":1700739663,"views":0,"p1id":"mo0613","p2id":"astralstudios","formatid":"gen9anythinggoes","rating":1398,"private":0,"password":""}