{"id":"gen9anythinggoes-1979477936","p1":"SukiLycaenion","p2":"Classic frisk","format":"[Gen 9] Anything Goes","log":"|j|\u203dSukiLycaenion\n|j|\u2606Classic frisk\n|t:|1698685829\n|gametype|singles\n|player|p1|SukiLycaenion|2|1419\n|player|p2|Classic frisk|serena-masters|1380\n|teamsize|p1|6\n|teamsize|p2|6\n|gen|9\n|tier|[Gen 9] Anything Goes\n|rated|\n|rule|HP Percentage Mod: HP is shown in percentages\n|rule|Endless Battle Clause: Forcing endless battles is banned\n|clearpoke\n|poke|p1|Dondozo, M|\n|poke|p1|Snorlax, M|\n|poke|p1|Ting-Lu|\n|poke|p1|Haxorus, M|\n|poke|p1|Calyrex-Shadow|\n|poke|p1|Skeledirge, M|\n|poke|p2|Zacian-*|\n|poke|p2|Calyrex-Shadow|\n|poke|p2|Rayquaza|\n|poke|p2|Arceus-Ghost|\n|poke|p2|Manaphy|\n|poke|p2|Regieleki|\n|teampreview\n|inactive|Battle timer is ON: inactive players will automatically lose when time's up. (requested by Classic frisk)\n|c|\u2606Classic frisk|am big legend spammer rahh\n|\n|t:|1698685842\n|start\n|switch|p1a: Snorlax|Snorlax, M|100\/100\n|switch|p2a: RAHHH|Rayquaza|100\/100\n|-ability|p2a: RAHHH|Air Lock\n|turn|1\n|\n|t:|1698685856\n|move|p2a: RAHHH|Dragon Dance|p2a: RAHHH\n|-boost|p2a: RAHHH|atk|1\n|-boost|p2a: RAHHH|spe|1\n|move|p1a: Snorlax|Body Slam|p2a: RAHHH\n|-damage|p2a: RAHHH|69\/100\n|\n|upkeep\n|turn|2\n|\n|t:|1698685865\n|switch|p1a: Skeledirge|Skeledirge, M|100\/100\n|move|p2a: RAHHH|Dragon Ascent|p1a: Skeledirge\n|-damage|p1a: Skeledirge|20\/100\n|-unboost|p2a: RAHHH|def|1\n|-unboost|p2a: RAHHH|spd|1\n|-damage|p2a: RAHHH|59\/100|[from] item: Life Orb\n|\n|-heal|p1a: Skeledirge|26\/100|[from] item: Leftovers\n|upkeep\n|turn|3\n|\n|t:|1698685870\n|move|p2a: RAHHH|Dragon Ascent|p1a: Skeledirge\n|-damage|p1a: Skeledirge|0 fnt\n|-unboost|p2a: RAHHH|def|1\n|-unboost|p2a: RAHHH|spd|1\n|faint|p1a: Skeledirge\n|-damage|p2a: RAHHH|50\/100|[from] item: Life Orb\n|\n|upkeep\n|\n|t:|1698685874\n|switch|p1a: Dondozo|Dondozo, M|100\/100\n|turn|4\n|\n|t:|1698685889\n|move|p2a: RAHHH|Dragon Ascent|p1a: Dondozo\n|-damage|p1a: Dondozo|38\/100\n|-unboost|p2a: RAHHH|def|1\n|-unboost|p2a: RAHHH|spd|1\n|-damage|p2a: RAHHH|40\/100|[from] item: Life Orb\n|move|p1a: Dondozo|Waterfall|p2a: RAHHH\n|-resisted|p2a: RAHHH\n|-damage|p2a: RAHHH|26\/100\n|\n|-heal|p1a: Dondozo|45\/100|[from] item: Leftovers\n|upkeep\n|turn|5\n|\n|t:|1698685893\n|move|p2a: RAHHH|Dragon Ascent|p1a: Dondozo\n|-damage|p1a: Dondozo|0 fnt\n|-unboost|p2a: RAHHH|def|1\n|-unboost|p2a: RAHHH|spd|1\n|faint|p1a: Dondozo\n|-damage|p2a: RAHHH|16\/100|[from] item: Life Orb\n|\n|upkeep\n|\n|t:|1698685897\n|switch|p1a: Ting-Lu|Ting-Lu|100\/100\n|-ability|p1a: Ting-Lu|Vessel of Ruin\n|turn|6\n|\n|t:|1698685900\n|move|p2a: RAHHH|Dragon Ascent|p1a: Ting-Lu\n|-damage|p1a: Ting-Lu|37\/100\n|-unboost|p2a: RAHHH|def|1\n|-unboost|p2a: RAHHH|spd|1\n|-damage|p2a: RAHHH|6\/100|[from] item: Life Orb\n|move|p1a: Ting-Lu|Snarl|p2a: RAHHH\n|-damage|p2a: RAHHH|0 fnt\n|faint|p2a: RAHHH\n|\n|upkeep\n|\n|t:|1698685905\n|switch|p2a: Bork|Zacian-Crowned|100\/100\n|-ability|p2a: Bork|Intrepid Sword|boost\n|-boost|p2a: Bork|atk|1\n|turn|7\n|\n|t:|1698685909\n|move|p2a: Bork|Play Rough|p1a: Ting-Lu\n|-supereffective|p1a: Ting-Lu\n|-damage|p1a: Ting-Lu|0 fnt\n|faint|p1a: Ting-Lu\n|\n|upkeep\n|\n|t:|1698685913\n|switch|p1a: Snorlax|Snorlax, M|100\/100\n|turn|8\n|\n|t:|1698685916\n|move|p2a: Bork|Swords Dance|p2a: Bork\n|-boost|p2a: Bork|atk|2\n|move|p1a: Snorlax|Fissure|p2a: Bork\n|-damage|p2a: Bork|0 fnt\n|faint|p2a: Bork\n|-ohko\n|\n|upkeep\n|\n|t:|1698685923\n|switch|p2a: God Himself|Arceus-Ghost|100\/100\n|turn|9\n|\n|t:|1698685927\n|move|p2a: God Himself|Earth Power|p1a: Snorlax\n|-damage|p1a: Snorlax|86\/100\n|-unboost|p1a: Snorlax|spd|1\n|move|p1a: Snorlax|Fissure|p2a: God Himself|[miss]\n|-miss|p1a: Snorlax|p2a: God Himself\n|\n|-heal|p1a: Snorlax|92\/100|[from] item: Leftovers\n|upkeep\n|turn|10\n|\n|t:|1698685933\n|move|p2a: God Himself|Earth Power|p1a: Snorlax\n|-crit|p1a: Snorlax\n|-damage|p1a: Snorlax|57\/100\n|move|p1a: Snorlax|Fissure|p2a: God Himself\n|-damage|p2a: God Himself|0 fnt\n|faint|p2a: God Himself\n|-ohko\n|\n|-heal|p1a: Snorlax|63\/100|[from] item: Leftovers\n|upkeep\n|\n|t:|1698685940\n|switch|p2a: Not Un Un Un|Regieleki|100\/100\n|turn|11\n|\n|t:|1698685945\n|switch|p1a: Haxorus|Haxorus, M|100\/100\n|-ability|p1a: Haxorus|Mold Breaker\n|move|p2a: Not Un Un Un|Thunderbolt|p1a: Haxorus\n|-resisted|p1a: Haxorus\n|-damage|p1a: Haxorus|67\/100\n|\n|upkeep\n|turn|12\n|\n|t:|1698685959\n|-terastallize|p2a: Not Un Un Un|Ice\n|move|p2a: Not Un Un Un|Tera Blast|p1a: Haxorus|[anim] Tera Blast Ice\n|-supereffective|p1a: Haxorus\n|-damage|p1a: Haxorus|0 fnt\n|faint|p1a: Haxorus\n|\n|upkeep\n|\n|t:|1698685964\n|switch|p1a: Calyrex|Calyrex-Shadow|100\/100\n|-ability|p1a: Calyrex|As One\n|-ability|p1a: Calyrex|Unnerve\n|turn|13\n|\n|t:|1698685971\n|move|p2a: Not Un Un Un|Volt Switch|p1a: Calyrex\n|-damage|p1a: Calyrex|63\/100\n|\n|t:|1698685974\n|switch|p2a: Mana :D|Manaphy|100\/100|[from] Volt Switch\n|move|p1a: Calyrex|Astral Barrage|p2a: Mana :D\n|-damage|p2a: Mana :D|25\/100\n|\n|upkeep\n|turn|14\n|\n|t:|1698685979\n|move|p1a: Calyrex|Substitute|p1a: Calyrex\n|-start|p1a: Calyrex|Substitute\n|-damage|p1a: Calyrex|39\/100\n|move|p2a: Mana :D|Dazzling Gleam|p1a: Calyrex\n|-end|p1a: Calyrex|Substitute\n|\n|upkeep\n|turn|15\n|\n|t:|1698685987\n|move|p1a: Calyrex|Astral Barrage|p2a: Mana :D\n|-damage|p2a: Mana :D|0 fnt\n|faint|p2a: Mana :D\n|-ability|p1a: Calyrex|Grim Neigh|boost\n|-boost|p1a: Calyrex|spa|1\n|\n|upkeep\n|j| pikatchouk 2\n|\n|t:|1698686011\n|switch|p2a: Horsey :D|Calyrex-Shadow|100\/100\n|-ability|p2a: Horsey :D|As One\n|-ability|p2a: Horsey :D|Unnerve\n|turn|16\n|\n|t:|1698686017\n|move|p1a: Calyrex|Astral Barrage|p2a: Horsey :D\n|-supereffective|p2a: Horsey :D\n|-enditem|p2a: Horsey :D|Focus Sash\n|-damage|p2a: Horsey :D|1\/100\n|move|p2a: Horsey :D|Psychic|p1a: Calyrex\n|-resisted|p1a: Calyrex\n|-damage|p1a: Calyrex|9\/100\n|\n|upkeep\n|turn|17\n|\n|t:|1698686022\n|move|p1a: Calyrex|Astral Barrage|p2a: Horsey :D\n|-supereffective|p2a: Horsey :D\n|-damage|p2a: Horsey :D|0 fnt\n|faint|p2a: Horsey :D\n|-ability|p1a: Calyrex|Grim Neigh|boost\n|-boost|p1a: Calyrex|spa|1\n|\n|upkeep\n|\n|t:|1698686024\n|switch|p2a: Not Un Un Un|Regieleki, tera:Ice|100\/100\n|turn|18\n|\n|t:|1698686028\n|move|p2a: Not Un Un Un|Volt Switch|p1a: Calyrex\n|-damage|p1a: Calyrex|0 fnt\n|faint|p1a: Calyrex\n|\n|upkeep\n|\n|t:|1698686031\n|switch|p1a: Snorlax|Snorlax, M|63\/100\n|turn|19\n|\n|t:|1698686052\n|move|p2a: Not Un Un Un|Thunderbolt|p1a: Snorlax\n|-damage|p1a: Snorlax|30\/100\n|move|p1a: Snorlax|Body Slam|p2a: Not Un Un Un\n|-damage|p2a: Not Un Un Un|38\/100\n|\n|-heal|p1a: Snorlax|36\/100|[from] item: Leftovers\n|upkeep\n|turn|20\n|\n|t:|1698686078\n|move|p2a: Not Un Un Un|Thunderbolt|p1a: Snorlax\n|-damage|p1a: Snorlax|4\/100\n|move|p1a: Snorlax|Body Slam|p2a: Not Un Un Un\n|-damage|p2a: Not Un Un Un|0 fnt\n|faint|p2a: Not Un Un Un\n|\n|win|SukiLycaenion\n|raw|SukiLycaenion's rating: 1419 &rarr; <strong>1437<\/strong><br \/>(+18 for winning)\n|raw|Classic frisk's rating: 1380 &rarr; <strong>1362<\/strong><br \/>(-18 for losing)\n|l|\u2606Classic frisk\n","uploadtime":1698686099,"views":8,"p1id":"sukilycaenion","p2id":"classicfrisk","formatid":"gen9anythinggoes","rating":1362,"private":0,"password":""}