{"id":"gen9anythinggoes-1977487814","p1":"Drugon","p2":"anusEater69","format":"[Gen 9] Anything Goes","log":"|j|\u2606Drugon\n|j|\u2606anusEater69\n|t:|1698421294\n|gametype|singles\n|player|p1|Drugon|klara|1205\n|player|p2|anusEater69|hilbert-wonderlauncher|1201\n|teamsize|p1|6\n|teamsize|p2|6\n|gen|9\n|tier|[Gen 9] Anything Goes\n|rated|\n|rule|HP Percentage Mod: HP is shown in percentages\n|rule|Endless Battle Clause: Forcing endless battles is banned\n|clearpoke\n|poke|p1|Eiscue, M|\n|poke|p1|Alomomola, M|\n|poke|p1|Kingambit, F|\n|poke|p1|Glimmora, F|\n|poke|p1|Meowscarada, F|\n|poke|p1|Sneasler, F|\n|poke|p2|Garchomp, M|\n|poke|p2|Ceruledge, M|\n|poke|p2|Annihilape, M|\n|poke|p2|Koraidon|\n|poke|p2|Zacian-*|\n|poke|p2|Clodsire, M|\n|teampreview\n|\n|t:|1698421297\n|start\n|switch|p1a: Glimmora|Glimmora, F|100\/100\n|switch|p2a: Clodsire|Clodsire, M|100\/100\n|turn|1\n|\n|t:|1698421302\n|move|p1a: Glimmora|Stealth Rock|p2a: Clodsire\n|-sidestart|p2: anusEater69|move: Stealth Rock\n|move|p2a: Clodsire|Toxic Spikes|p1a: Glimmora\n|-sidestart|p1: Drugon|move: Toxic Spikes\n|\n|upkeep\n|turn|2\n|\n|t:|1698421305\n|move|p1a: Glimmora|Earth Power|p2a: Clodsire\n|-supereffective|p2a: Clodsire\n|-damage|p2a: Clodsire|66\/100\n|move|p2a: Clodsire|Stealth Rock|p1a: Glimmora\n|-sidestart|p1: Drugon|move: Stealth Rock\n|\n|-heal|p2a: Clodsire|72\/100|[from] item: Leftovers\n|upkeep\n|turn|3\n|\n|t:|1698421309\n|move|p1a: Glimmora|Earth Power|p2a: Clodsire\n|-supereffective|p2a: Clodsire\n|-damage|p2a: Clodsire|36\/100\n|move|p2a: Clodsire|Spikes|p1a: Glimmora\n|-sidestart|p1: Drugon|Spikes\n|\n|-heal|p2a: Clodsire|42\/100|[from] item: Leftovers\n|upkeep\n|turn|4\n|\n|t:|1698421315\n|move|p1a: Glimmora|Earth Power|p2a: Clodsire\n|-supereffective|p2a: Clodsire\n|-damage|p2a: Clodsire|4\/100\n|move|p2a: Clodsire|Recover|p2a: Clodsire\n|-heal|p2a: Clodsire|54\/100\n|\n|-heal|p2a: Clodsire|61\/100|[from] item: Leftovers\n|upkeep\n|turn|5\n|\n|t:|1698421318\n|move|p1a: Glimmora|Earth Power|p2a: Clodsire\n|-supereffective|p2a: Clodsire\n|-damage|p2a: Clodsire|24\/100\n|move|p2a: Clodsire|Recover|p2a: Clodsire\n|-heal|p2a: Clodsire|74\/100\n|\n|-heal|p2a: Clodsire|80\/100|[from] item: Leftovers\n|upkeep\n|turn|6\n|\n|t:|1698421323\n|move|p1a: Glimmora|Earth Power|p2a: Clodsire\n|-supereffective|p2a: Clodsire\n|-damage|p2a: Clodsire|41\/100\n|move|p2a: Clodsire|Toxic Spikes|p1a: Glimmora\n|-sidestart|p1: Drugon|move: Toxic Spikes\n|\n|-heal|p2a: Clodsire|47\/100|[from] item: Leftovers\n|upkeep\n|turn|7\n|\n|t:|1698421331\n|move|p1a: Glimmora|Earth Power|p2a: Clodsire\n|-supereffective|p2a: Clodsire\n|-damage|p2a: Clodsire|12\/100\n|move|p2a: Clodsire|Recover|p2a: Clodsire\n|-heal|p2a: Clodsire|62\/100\n|\n|-heal|p2a: Clodsire|68\/100|[from] item: Leftovers\n|upkeep\n|turn|8\n|\n|t:|1698421335\n|move|p1a: Glimmora|Earth Power|p2a: Clodsire\n|-supereffective|p2a: Clodsire\n|-damage|p2a: Clodsire|29\/100\n|move|p2a: Clodsire|Recover|p2a: Clodsire\n|-heal|p2a: Clodsire|79\/100\n|\n|-heal|p2a: Clodsire|85\/100|[from] item: Leftovers\n|upkeep\n|turn|9\n|\n|t:|1698421337\n|move|p1a: Glimmora|Earth Power|p2a: Clodsire\n|-supereffective|p2a: Clodsire\n|-damage|p2a: Clodsire|44\/100\n|-unboost|p2a: Clodsire|spd|1\n|move|p2a: Clodsire|Spikes|p1a: Glimmora\n|-sidestart|p1: Drugon|Spikes\n|\n|-heal|p2a: Clodsire|50\/100|[from] item: Leftovers\n|upkeep\n|turn|10\n|\n|t:|1698421340\n|move|p1a: Glimmora|Dazzling Gleam|p2a: Clodsire\n|-resisted|p2a: Clodsire\n|-damage|p2a: Clodsire|37\/100\n|move|p2a: Clodsire|Recover|p2a: Clodsire\n|-heal|p2a: Clodsire|87\/100\n|\n|-heal|p2a: Clodsire|93\/100|[from] item: Leftovers\n|upkeep\n|turn|11\n|\n|t:|1698421347\n|move|p1a: Glimmora|Mortal Spin|p2a: Clodsire\n|-resisted|p2a: Clodsire\n|-damage|p2a: Clodsire|92\/100\n|-sideend|p1: Drugon|Spikes|[from] move: Mortal Spin|[of] p1a: Glimmora\n|-sideend|p1: Drugon|Toxic Spikes|[from] move: Mortal Spin|[of] p1a: Glimmora\n|-sideend|p1: Drugon|Stealth Rock|[from] move: Mortal Spin|[of] p1a: Glimmora\n|move|p2a: Clodsire|Toxic Spikes|p1a: Glimmora\n|-sidestart|p1: Drugon|move: Toxic Spikes\n|\n|-heal|p2a: Clodsire|98\/100|[from] item: Leftovers\n|upkeep\n|turn|12\n|\n|t:|1698421353\n|move|p1a: Glimmora|Earth Power|p2a: Clodsire\n|-supereffective|p2a: Clodsire\n|-damage|p2a: Clodsire|43\/100\n|move|p2a: Clodsire|Spikes|p1a: Glimmora\n|-sidestart|p1: Drugon|Spikes\n|\n|-heal|p2a: Clodsire|49\/100|[from] item: Leftovers\n|upkeep\n|turn|13\n|\n|t:|1698421360\n|switch|p2a: Annihilape|Annihilape, M|100\/100\n|-damage|p2a: Annihilape|94\/100|[from] Stealth Rock\n|move|p1a: Glimmora|Earth Power|p2a: Annihilape\n|-damage|p2a: Annihilape|68\/100\n|-unboost|p2a: Annihilape|spd|1\n|\n|upkeep\n|turn|14\n|\n|t:|1698421364\n|move|p1a: Glimmora|Mortal Spin|p2a: Annihilape\n|-resisted|p2a: Annihilape\n|-crit|p2a: Annihilape\n|-damage|p2a: Annihilape|63\/100\n|-status|p2a: Annihilape|psn\n|-sideend|p1: Drugon|Spikes|[from] move: Mortal Spin|[of] p1a: Glimmora\n|-sideend|p1: Drugon|Toxic Spikes|[from] move: Mortal Spin|[of] p1a: Glimmora\n|move|p2a: Annihilape|Bulk Up|p2a: Annihilape\n|-boost|p2a: Annihilape|atk|1\n|-boost|p2a: Annihilape|def|1\n|\n|-damage|p2a: Annihilape|51\/100 psn|[from] psn\n|upkeep\n|turn|15\n|\n|t:|1698421381\n|move|p1a: Glimmora|Dazzling Gleam|p2a: Annihilape\n|-supereffective|p2a: Annihilape\n|-damage|p2a: Annihilape|0 fnt\n|faint|p2a: Annihilape\n|\n|upkeep\n|\n|t:|1698421385\n|switch|p2a: Ceruledge|Ceruledge, M|100\/100\n|-damage|p2a: Ceruledge|76\/100|[from] Stealth Rock\n|turn|16\n|\n|t:|1698421390\n|move|p1a: Glimmora|Earth Power|p2a: Ceruledge\n|-supereffective|p2a: Ceruledge\n|-damage|p2a: Ceruledge|11\/100\n|move|p2a: Ceruledge|Bulk Up|p2a: Ceruledge\n|-boost|p2a: Ceruledge|atk|1\n|-boost|p2a: Ceruledge|def|1\n|\n|-heal|p2a: Ceruledge|17\/100|[from] item: Leftovers\n|upkeep\n|turn|17\n|\n|t:|1698421393\n|move|p1a: Glimmora|Earth Power|p2a: Ceruledge\n|-supereffective|p2a: Ceruledge\n|-damage|p2a: Ceruledge|0 fnt\n|faint|p2a: Ceruledge\n|\n|upkeep\n|\n|t:|1698421399\n|switch|p2a: Koraidon|Koraidon|100\/100\n|-damage|p2a: Koraidon|94\/100|[from] Stealth Rock\n|-weather|SunnyDay|[from] ability: Orichalcum Pulse|[of] p2a: Koraidon\n|-activate|p2a: Koraidon|Orichalcum Pulse|[source]\n|turn|18\n|\n|t:|1698421403\n|move|p2a: Koraidon|Bulk Up|p2a: Koraidon\n|-boost|p2a: Koraidon|atk|1\n|-boost|p2a: Koraidon|def|1\n|move|p1a: Glimmora|Dazzling Gleam|p2a: Koraidon\n|-supereffective|p2a: Koraidon\n|-damage|p2a: Koraidon|12\/100\n|\n|-weather|SunnyDay|[upkeep]\n|-heal|p2a: Koraidon|18\/100|[from] item: Leftovers\n|upkeep\n|turn|19\n|\n|t:|1698421406\n|move|p2a: Koraidon|Brick Break|p1a: Glimmora\n|-enditem|p1a: Glimmora|Focus Sash\n|-damage|p1a: Glimmora|1\/100\n|-activate|p1a: Glimmora|ability: Toxic Debris\n|-sidestart|p2: anusEater69|move: Toxic Spikes\n|move|p1a: Glimmora|Dazzling Gleam|p2a: Koraidon\n|-supereffective|p2a: Koraidon\n|-damage|p2a: Koraidon|0 fnt\n|faint|p2a: Koraidon\n|\n|-weather|SunnyDay|[upkeep]\n|upkeep\n|\n|t:|1698421413\n|switch|p2a: Garchomp|Garchomp, M|100\/100\n|-damage|p2a: Garchomp|94\/100|[from] Stealth Rock\n|-status|p2a: Garchomp|psn\n|turn|20\n|c|\u2606Drugon|glimmora is kinda popping off\n|\n|t:|1698421422\n|move|p1a: Glimmora|Dazzling Gleam|p2a: Garchomp\n|-supereffective|p2a: Garchomp\n|-damage|p2a: Garchomp|45\/100 psn\n|move|p2a: Garchomp|Brick Break|p1a: Glimmora\n|-crit|p1a: Glimmora\n|-damage|p1a: Glimmora|0 fnt\n|-activate|p1a: Glimmora|ability: Toxic Debris\n|-sidestart|p2: anusEater69|move: Toxic Spikes\n|faint|p1a: Glimmora\n|\n|-weather|SunnyDay|[upkeep]\n|-heal|p2a: Garchomp|51\/100 psn|[from] item: Leftovers\n|-damage|p2a: Garchomp|39\/100 psn|[from] psn\n|upkeep\n|\n|t:|1698421427\n|switch|p1a: Eiscue|Eiscue, M|100\/100\n|turn|21\n|\n|t:|1698421430\n|move|p2a: Garchomp|Brick Break|p1a: Eiscue\n|-activate|p1a: Eiscue|ability: Ice Face\n|-damage|p1a: Eiscue|100\/100\n|detailschange|p1a: Eiscue|Eiscue-Noice, M\n|move|p1a: Eiscue|Belly Drum|p1a: Eiscue\n|-damage|p1a: Eiscue|50\/100\n|-setboost|p1a: Eiscue|atk|6|[from] move: Belly Drum\n|-enditem|p1a: Eiscue|Sitrus Berry|[eat]\n|-heal|p1a: Eiscue|75\/100|[from] item: Sitrus Berry\n|\n|-weather|SunnyDay|[upkeep]\n|-heal|p2a: Garchomp|45\/100 psn|[from] item: Leftovers\n|-damage|p2a: Garchomp|33\/100 psn|[from] psn\n|upkeep\n|turn|22\n|\n|t:|1698421435\n|move|p1a: Eiscue|Liquidation|p2a: Garchomp\n|-damage|p2a: Garchomp|0 fnt\n|-damage|p1a: Eiscue|63\/100|[from] ability: Rough Skin|[of] p2a: Garchomp\n|faint|p2a: Garchomp\n|\n|-weather|none\n|upkeep\n|\n|t:|1698421438\n|switch|p2a: Clodsire|Clodsire, M|49\/100\n|-damage|p2a: Clodsire|43\/100|[from] Stealth Rock\n|-sideend|p2: anusEater69|move: Toxic Spikes|[of] p2a: Clodsire\n|turn|23\n|\n|t:|1698421442\n|move|p1a: Eiscue|Ice Spinner|p2a: Clodsire\n|-supereffective|p2a: Clodsire\n|-damage|p2a: Clodsire|0 fnt\n|-status|p1a: Eiscue|psn|[from] ability: Poison Point|[of] p2a: Clodsire\n|faint|p2a: Clodsire\n|\n|-damage|p1a: Eiscue|51\/100 psn|[from] psn\n|upkeep\n|\n|t:|1698421445\n|switch|p2a: Zacian|Zacian-Crowned|100\/100\n|-damage|p2a: Zacian|94\/100|[from] Stealth Rock\n|-ability|p2a: Zacian|Intrepid Sword|boost\n|-boost|p2a: Zacian|atk|1\n|turn|24\n|\n|t:|1698421450\n|move|p1a: Eiscue|Liquidation|p2a: Zacian\n|-damage|p2a: Zacian|20\/100\n|move|p2a: Zacian|Swords Dance|p2a: Zacian\n|-boost|p2a: Zacian|atk|2\n|\n|-damage|p1a: Eiscue|39\/100 psn|[from] psn\n|upkeep\n|turn|25\n|\n|t:|1698421455\n|move|p1a: Eiscue|Liquidation|p2a: Zacian\n|-damage|p2a: Zacian|0 fnt\n|faint|p2a: Zacian\n|\n|win|Drugon\n|raw|Drugon's rating: 1205 &rarr; <strong>1230<\/strong><br \/>(+25 for winning)\n|raw|anusEater69's rating: 1201 &rarr; <strong>1176<\/strong><br \/>(-25 for losing)\n|c|\u2606Drugon|gg\n|l|\u2606anusEater69\n","uploadtime":1698421466,"views":9,"p1id":"drugon","p2id":"anuseater69","formatid":"gen9anythinggoes","rating":1176,"private":0,"password":""}