{"id":"gen9anythinggoes-1974611043","p1":"AngstyCrit","p2":"simondie","format":"[Gen 9] Anything Goes","log":"|j|\u2606AngstyCrit\n|j|\u2606simondie\n|t:|1698102418\n|gametype|singles\n|player|p1|AngstyCrit|caitlin|1087\n|player|p2|simondie|parasollady|1071\n|teamsize|p1|6\n|teamsize|p2|4\n|gen|9\n|tier|[Gen 9] Anything Goes\n|rated|\n|rule|HP Percentage Mod: HP is shown in percentages\n|rule|Endless Battle Clause: Forcing endless battles is banned\n|clearpoke\n|poke|p1|Oricorio-Pom-Pom, M|\n|poke|p1|Oricorio-Sensu, F|\n|poke|p1|Oricorio, F|\n|poke|p1|Oricorio-Pa'u, F|\n|poke|p1|Oricorio-Pa'u, F|\n|poke|p1|Oricorio-Sensu, M|\n|poke|p2|Drifblim, F|\n|poke|p2|Clefable, M|\n|poke|p2|Espathra, M|\n|poke|p2|Gliscor, M|\n|teampreview\n|inactive|Battle timer is ON: inactive players will automatically lose when time's up. (requested by simondie)\n|\n|t:|1698102423\n|start\n|switch|p1a: Oricorio|Oricorio-Pa'u, F, shiny|100\/100\n|switch|p2a: Drifblim|Drifblim, F|100\/100\n|turn|1\n|\n|t:|1698102430\n|move|p1a: Oricorio|Quiver Dance|p1a: Oricorio\n|-boost|p1a: Oricorio|spa|1\n|-boost|p1a: Oricorio|spd|1\n|-boost|p1a: Oricorio|spe|1\n|move|p2a: Drifblim|Substitute|p2a: Drifblim\n|-start|p2a: Drifblim|Substitute\n|-damage|p2a: Drifblim|76\/100\n|\n|upkeep\n|turn|2\n|\n|t:|1698102439\n|move|p1a: Oricorio|Quiver Dance|p1a: Oricorio\n|-boost|p1a: Oricorio|spa|1\n|-boost|p1a: Oricorio|spd|1\n|-boost|p1a: Oricorio|spe|1\n|move|p2a: Drifblim|Minimize|p2a: Drifblim\n|-boost|p2a: Drifblim|evasion|2\n|\n|upkeep\n|turn|3\n|\n|t:|1698102446\n|move|p1a: Oricorio|Rain Dance|p1a: Oricorio\n|-weather|RainDance\n|move|p2a: Drifblim|Minimize|p2a: Drifblim\n|-boost|p2a: Drifblim|evasion|2\n|\n|-weather|RainDance|[upkeep]\n|upkeep\n|turn|4\n|\n|t:|1698102453\n|move|p1a: Oricorio|Revelation Dance|p2a: Drifblim\n|-end|p2a: Drifblim|Substitute\n|move|p2a: Drifblim|Minimize|p2a: Drifblim\n|-boost|p2a: Drifblim|evasion|2\n|\n|-weather|RainDance|[upkeep]\n|upkeep\n|turn|5\n|\n|t:|1698102461\n|move|p1a: Oricorio|Baton Pass|p1a: Oricorio\n|\n|t:|1698102463\n|switch|p1a: Oricorio|Oricorio-Sensu, M|100\/100|[from] Baton Pass\n|move|p2a: Drifblim|Substitute|p2a: Drifblim\n|-start|p2a: Drifblim|Substitute\n|-damage|p2a: Drifblim|51\/100\n|\n|-weather|RainDance|[upkeep]\n|upkeep\n|turn|6\n|\n|t:|1698102472\n|-terastallize|p1a: Oricorio|Flying\n|move|p1a: Oricorio|Air Slash|p2a: Drifblim\n|-end|p2a: Drifblim|Substitute\n|move|p2a: Drifblim|Baton Pass|p2a: Drifblim\n|\n|t:|1698102478\n|switch|p2a: Clefable|Clefable, M|100\/100|[from] Baton Pass\n|\n|-weather|RainDance|[upkeep]\n|upkeep\n|turn|7\n|\n|t:|1698102487\n|move|p2a: Clefable|Protect|p2a: Clefable\n|-singleturn|p2a: Clefable|Protect\n|move|p1a: Oricorio|Hurricane|p2a: Clefable\n|-activate|p2a: Clefable|move: Protect\n|\n|-weather|none\n|upkeep\n|turn|8\n|\n|t:|1698102495\n|move|p1a: Oricorio|Baton Pass|p1a: Oricorio\n|\n|t:|1698102500\n|switch|p1a: Oricorio|Oricorio-Pa'u, F|100\/100|[from] Baton Pass\n|move|p2a: Clefable|Substitute|p2a: Clefable\n|-start|p2a: Clefable|Substitute\n|-damage|p2a: Clefable|76\/100\n|\n|upkeep\n|turn|9\n|\n|t:|1698102507\n|move|p1a: Oricorio|Rain Dance|p1a: Oricorio\n|-weather|RainDance\n|move|p2a: Clefable|Cosmic Power|p2a: Clefable\n|-boost|p2a: Clefable|def|1\n|-boost|p2a: Clefable|spd|1\n|\n|-weather|RainDance|[upkeep]\n|upkeep\n|turn|10\n|\n|t:|1698102514\n|move|p1a: Oricorio|Agility|p1a: Oricorio\n|-boost|p1a: Oricorio|spe|2\n|move|p2a: Clefable|Cosmic Power|p2a: Clefable\n|-boost|p2a: Clefable|def|1\n|-boost|p2a: Clefable|spd|1\n|\n|-weather|RainDance|[upkeep]\n|upkeep\n|turn|11\n|\n|t:|1698102523\n|move|p1a: Oricorio|Tailwind|p1a: Oricorio\n|-sidestart|p1: AngstyCrit|move: Tailwind\n|move|p2a: Clefable|Cosmic Power|p2a: Clefable\n|-boost|p2a: Clefable|def|1\n|-boost|p2a: Clefable|spd|1\n|\n|-weather|RainDance|[upkeep]\n|upkeep\n|turn|12\n|\n|t:|1698102530\n|move|p1a: Oricorio|Rain Dance||[still]\n|-fail|p1a: Oricorio\n|move|p2a: Clefable|Cosmic Power|p2a: Clefable\n|-boost|p2a: Clefable|def|1\n|-boost|p2a: Clefable|spd|1\n|\n|-weather|RainDance|[upkeep]\n|upkeep\n|turn|13\n|\n|t:|1698102537\n|move|p1a: Oricorio|Baton Pass|p1a: Oricorio\n|\n|t:|1698102541\n|switch|p1a: Oricorio|Oricorio-Sensu, M, tera:Flying|100\/100|[from] Baton Pass\n|move|p2a: Clefable|Cosmic Power|p2a: Clefable\n|-boost|p2a: Clefable|def|1\n|-boost|p2a: Clefable|spd|1\n|\n|-weather|none\n|upkeep\n|turn|14\n|\n|t:|1698102551\n|move|p1a: Oricorio|Air Slash|p2a: Clefable|[miss]\n|-miss|p1a: Oricorio|p2a: Clefable\n|move|p2a: Clefable|Cosmic Power|p2a: Clefable\n|-boost|p2a: Clefable|def|1\n|-boost|p2a: Clefable|spd|1\n|\n|-sideend|p1: AngstyCrit|move: Tailwind\n|upkeep\n|turn|15\n|\n|t:|1698102559\n|move|p1a: Oricorio|Baton Pass|p1a: Oricorio\n|\n|t:|1698102561\n|switch|p1a: Oricorio|Oricorio-Pa'u, F, shiny|100\/100|[from] Baton Pass\n|move|p2a: Clefable|Baton Pass|p2a: Clefable\n|\n|t:|1698102568\n|switch|p2a: Espathra|Espathra, M|100\/100|[from] Baton Pass\n|\n|upkeep\n|turn|16\n|\n|t:|1698102573\n|move|p1a: Oricorio|Quiver Dance|p1a: Oricorio\n|-boost|p1a: Oricorio|spa|1\n|-boost|p1a: Oricorio|spd|1\n|-boost|p1a: Oricorio|spe|1\n|move|p2a: Espathra|Agility|p2a: Espathra\n|-boost|p2a: Espathra|spe|2\n|\n|-ability|p2a: Espathra|Speed Boost|boost\n|-boost|p2a: Espathra|spe|1\n|upkeep\n|turn|17\n|\n|t:|1698102583\n|move|p1a: Oricorio|Quiver Dance|p1a: Oricorio\n|-boost|p1a: Oricorio|spa|1\n|-boost|p1a: Oricorio|spd|1\n|-boost|p1a: Oricorio|spe|1\n|move|p2a: Espathra|Agility|p2a: Espathra\n|-boost|p2a: Espathra|spe|2\n|\n|-ability|p2a: Espathra|Speed Boost|boost\n|-boost|p2a: Espathra|spe|1\n|upkeep\n|turn|18\n|\n|t:|1698102595\n|move|p2a: Espathra|Baton Pass|p2a: Espathra\n|\n|t:|1698102597\n|switch|p2a: Gliscor|Gliscor, M|100\/100|[from] Baton Pass\n|move|p1a: Oricorio|Quiver Dance|p1a: Oricorio\n|-boost|p1a: Oricorio|spa|1\n|-boost|p1a: Oricorio|spd|1\n|-boost|p1a: Oricorio|spe|0\n|\n|-status|p2a: Gliscor|tox|[from] item: Toxic Orb\n|upkeep\n|turn|19\n|\n|t:|1698102609\n|move|p2a: Gliscor|Swords Dance|p2a: Gliscor\n|-boost|p2a: Gliscor|atk|2\n|-activate|p1a: Oricorio|ability: Dancer\n|move|p1a: Oricorio|Swords Dance|p1a: Oricorio|[from]ability: Dancer\n|-boost|p1a: Oricorio|atk|2\n|move|p1a: Oricorio|Rain Dance|p1a: Oricorio\n|-weather|RainDance\n|\n|-weather|RainDance|[upkeep]\n|upkeep\n|turn|20\n|\n|t:|1698102626\n|move|p2a: Gliscor|Facade|p1a: Oricorio\n|-damage|p1a: Oricorio|5\/100\n|-damage|p2a: Gliscor|84\/100 tox|[from] item: Rocky Helmet|[of] p1a: Oricorio\n|move|p1a: Oricorio|Baton Pass|p1a: Oricorio\n|\n|t:|1698102632\n|switch|p1a: Oricorio|Oricorio-Sensu, M, tera:Flying|100\/100|[from] Baton Pass\n|\n|-weather|RainDance|[upkeep]\n|-heal|p2a: Gliscor|96\/100 tox|[from] ability: Poison Heal\n|upkeep\n|turn|21\n|\n|t:|1698102637\n|move|p2a: Gliscor|Swords Dance|p2a: Gliscor\n|-boost|p2a: Gliscor|atk|2\n|-activate|p1a: Oricorio|ability: Dancer\n|move|p1a: Oricorio|Swords Dance|p1a: Oricorio|[from]ability: Dancer\n|-boost|p1a: Oricorio|atk|2\n|move|p1a: Oricorio|Hurricane|p2a: Gliscor\n|-end|p2a: Gliscor|Substitute\n|\n|-weather|RainDance|[upkeep]\n|-heal|p2a: Gliscor|100\/100 tox|[from] ability: Poison Heal\n|upkeep\n|turn|22\n|\n|t:|1698102661\n|move|p2a: Gliscor|Facade|p1a: Oricorio\n|-damage|p1a: Oricorio|0 fnt\n|faint|p1a: Oricorio\n|\n|-weather|RainDance|[upkeep]\n|upkeep\n|\n|t:|1698102668\n|switch|p1a: Oricorio|Oricorio-Pom-Pom, M, shiny|100\/100\n|turn|23\n|\n|t:|1698102675\n|move|p2a: Gliscor|Facade|p1a: Oricorio\n|-damage|p1a: Oricorio|0 fnt\n|faint|p1a: Oricorio\n|\n|-weather|none\n|upkeep\n|\n|t:|1698102680\n|switch|p1a: Oricorio|Oricorio-Pa'u, F, shiny|5\/100\n|turn|24\n|\n|t:|1698102685\n|move|p2a: Gliscor|Facade|p1a: Oricorio\n|-damage|p1a: Oricorio|0 fnt\n|-damage|p2a: Gliscor|84\/100 tox|[from] item: Rocky Helmet|[of] p1a: Oricorio\n|faint|p1a: Oricorio\n|\n|-heal|p2a: Gliscor|96\/100 tox|[from] ability: Poison Heal\n|upkeep\n|\n|t:|1698102692\n|switch|p1a: Oricorio|Oricorio, F, shiny|100\/100\n|turn|25\n|\n|t:|1698102696\n|move|p2a: Gliscor|Facade|p1a: Oricorio\n|-damage|p1a: Oricorio|0 fnt\n|faint|p1a: Oricorio\n|\n|-heal|p2a: Gliscor|100\/100 tox|[from] ability: Poison Heal\n|upkeep\n|\n|t:|1698102702\n|switch|p1a: Oricorio|Oricorio-Sensu, F, shiny|100\/100\n|turn|26\n|\n|t:|1698102705\n|move|p2a: Gliscor|Facade|p1a: Oricorio\n|-immune|p1a: Oricorio\n|move|p1a: Oricorio|Revelation Dance|p2a: Gliscor|[miss]\n|-miss|p1a: Oricorio|p2a: Gliscor\n|\n|upkeep\n|turn|27\n|\n|t:|1698102715\n|move|p2a: Gliscor|Swords Dance|p2a: Gliscor\n|-boost|p2a: Gliscor|atk|2\n|-activate|p1a: Oricorio|ability: Dancer\n|move|p1a: Oricorio|Swords Dance|p1a: Oricorio|[from]ability: Dancer\n|-boost|p1a: Oricorio|atk|2\n|move|p1a: Oricorio|Hurricane|p2a: Gliscor|[miss]\n|-miss|p1a: Oricorio|p2a: Gliscor\n|\n|upkeep\n|turn|28\n|\n|t:|1698102730\n|switch|p1a: Oricorio|Oricorio-Pa'u, F|100\/100\n|move|p2a: Gliscor|Earthquake|p1a: Oricorio\n|-immune|p1a: Oricorio\n|\n|upkeep\n|turn|29\n|\n|t:|1698102737\n|move|p2a: Gliscor|Facade|p1a: Oricorio\n|-damage|p1a: Oricorio|0 fnt\n|-damage|p2a: Gliscor|84\/100 tox|[from] item: Rocky Helmet|[of] p1a: Oricorio\n|faint|p1a: Oricorio\n|\n|-heal|p2a: Gliscor|96\/100 tox|[from] ability: Poison Heal\n|upkeep\n|\n|t:|1698102744\n|switch|p1a: Oricorio|Oricorio-Sensu, F, shiny|100\/100\n|turn|30\n|\n|t:|1698102755\n|move|p2a: Gliscor|Facade|p1a: Oricorio\n|-immune|p1a: Oricorio\n|move|p1a: Oricorio|Calm Mind|p1a: Oricorio\n|-boost|p1a: Oricorio|spa|1\n|-boost|p1a: Oricorio|spd|1\n|\n|-heal|p2a: Gliscor|100\/100 tox|[from] ability: Poison Heal\n|upkeep\n|turn|31\n|\n|t:|1698102764\n|move|p2a: Gliscor|Substitute|p2a: Gliscor\n|-start|p2a: Gliscor|Substitute\n|-damage|p2a: Gliscor|76\/100 tox\n|move|p1a: Oricorio|Calm Mind|p1a: Oricorio\n|-boost|p1a: Oricorio|spa|1\n|-boost|p1a: Oricorio|spd|1\n|\n|-heal|p2a: Gliscor|88\/100 tox|[from] ability: Poison Heal\n|upkeep\n|turn|32\n|\n|t:|1698102775\n|move|p2a: Gliscor|Facade|p1a: Oricorio\n|-immune|p1a: Oricorio\n|move|p1a: Oricorio|Calm Mind|p1a: Oricorio\n|-boost|p1a: Oricorio|spa|1\n|-boost|p1a: Oricorio|spd|1\n|\n|-heal|p2a: Gliscor|100\/100 tox|[from] ability: Poison Heal\n|upkeep\n|turn|33\n|\n|t:|1698102784\n|move|p2a: Gliscor|Substitute|p2a: Gliscor\n|-fail|p2a: Gliscor|move: Substitute\n|move|p1a: Oricorio|Calm Mind|p1a: Oricorio\n|-boost|p1a: Oricorio|spa|1\n|-boost|p1a: Oricorio|spd|1\n|\n|upkeep\n|turn|34\n|\n|t:|1698102796\n|move|p2a: Gliscor|Earthquake|p1a: Oricorio\n|-immune|p1a: Oricorio\n|move|p1a: Oricorio|Calm Mind|p1a: Oricorio\n|-boost|p1a: Oricorio|spa|1\n|-boost|p1a: Oricorio|spd|1\n|\n|upkeep\n|turn|35\n|\n|t:|1698102803\n|move|p2a: Gliscor|Earthquake|p1a: Oricorio\n|-immune|p1a: Oricorio\n|move|p1a: Oricorio|Calm Mind|p1a: Oricorio\n|-boost|p1a: Oricorio|spa|1\n|-boost|p1a: Oricorio|spd|1\n|\n|upkeep\n|turn|36\n|c|\u2606simondie|stuck =-=\n|\n|t:|1698102812\n|move|p2a: Gliscor|Swords Dance|p2a: Gliscor\n|-boost|p2a: Gliscor|atk|0\n|move|p1a: Oricorio|Revelation Dance|p2a: Gliscor|[miss]\n|-miss|p1a: Oricorio|p2a: Gliscor\n|\n|upkeep\n|turn|37\n|\n|t:|1698102821\n|move|p2a: Gliscor|Earthquake|p1a: Oricorio\n|-immune|p1a: Oricorio\n|move|p1a: Oricorio|Revelation Dance|p2a: Gliscor|[miss]\n|-miss|p1a: Oricorio|p2a: Gliscor\n|\n|upkeep\n|turn|38\n|c|\u2606AngstyCrit|yup\n|c|\u2606AngstyCrit|:(\n|\n|t:|1698102833\n|move|p2a: Gliscor|Facade|p1a: Oricorio\n|-immune|p1a: Oricorio\n|move|p1a: Oricorio|Hurricane|p2a: Gliscor|[miss]\n|-miss|p1a: Oricorio|p2a: Gliscor\n|\n|upkeep\n|turn|39\n|c|\u2606simondie|:(\n|c|\u2606simondie|i dont want to forfit\n|\n|t:|1698102847\n|move|p2a: Gliscor|Facade|p1a: Oricorio\n|-immune|p1a: Oricorio\n|move|p1a: Oricorio|Revelation Dance|p2a: Gliscor|[miss]\n|-miss|p1a: Oricorio|p2a: Gliscor\n|\n|upkeep\n|turn|40\n|c|\u2606AngstyCrit|me neither, but i will if it comes to that\n|\n|t:|1698102865\n|move|p2a: Gliscor|Facade|p1a: Oricorio\n|-immune|p1a: Oricorio\n|move|p1a: Oricorio|Revelation Dance|p2a: Gliscor|[miss]\n|-miss|p1a: Oricorio|p2a: Gliscor\n|\n|upkeep\n|turn|41\n|c|\u2606simondie|dont it would be funny\n|\n|t:|1698102876\n|move|p2a: Gliscor|Facade|p1a: Oricorio\n|-immune|p1a: Oricorio\n|move|p1a: Oricorio|Calm Mind|p1a: Oricorio\n|-boost|p1a: Oricorio|spa|0\n|-boost|p1a: Oricorio|spd|0\n|\n|upkeep\n|turn|42\n|c|\u2606simondie|we should get to move 999\n|\n|t:|1698102884\n|move|p2a: Gliscor|Facade|p1a: Oricorio\n|-immune|p1a: Oricorio\n|move|p1a: Oricorio|Hurricane|p2a: Gliscor\n|-end|p2a: Gliscor|Substitute\n|\n|upkeep\n|turn|43\n|\n|t:|1698102895\n|move|p2a: Gliscor|Facade|p1a: Oricorio\n|-immune|p1a: Oricorio\n|move|p1a: Oricorio|Revelation Dance|p2a: Gliscor\n|-damage|p2a: Gliscor|42\/100 tox\n|\n|-heal|p2a: Gliscor|54\/100 tox|[from] ability: Poison Heal\n|upkeep\n|turn|44\n|\n|t:|1698102904\n|move|p2a: Gliscor|Substitute|p2a: Gliscor\n|-start|p2a: Gliscor|Substitute\n|-damage|p2a: Gliscor|29\/100 tox\n|move|p1a: Oricorio|Hurricane|p2a: Gliscor\n|-end|p2a: Gliscor|Substitute\n|\n|-heal|p2a: Gliscor|42\/100 tox|[from] ability: Poison Heal\n|upkeep\n|turn|45\n|\n|t:|1698102912\n|move|p2a: Gliscor|Substitute|p2a: Gliscor\n|-start|p2a: Gliscor|Substitute\n|-damage|p2a: Gliscor|17\/100 tox\n|move|p1a: Oricorio|Hurricane|p2a: Gliscor|[miss]\n|-miss|p1a: Oricorio|p2a: Gliscor\n|\n|-heal|p2a: Gliscor|29\/100 tox|[from] ability: Poison Heal\n|upkeep\n|turn|46\n|\n|t:|1698102920\n|move|p2a: Gliscor|Facade|p1a: Oricorio\n|-immune|p1a: Oricorio\n|move|p1a: Oricorio|Hurricane|p2a: Gliscor\n|-end|p2a: Gliscor|Substitute\n|\n|-heal|p2a: Gliscor|42\/100 tox|[from] ability: Poison Heal\n|upkeep\n|turn|47\n|\n|t:|1698102929\n|move|p2a: Gliscor|Facade|p1a: Oricorio\n|-immune|p1a: Oricorio\n|move|p1a: Oricorio|Hurricane|p2a: Gliscor|[miss]\n|-miss|p1a: Oricorio|p2a: Gliscor\n|\n|-heal|p2a: Gliscor|54\/100 tox|[from] ability: Poison Heal\n|upkeep\n|turn|48\n|\n|t:|1698102941\n|move|p2a: Gliscor|Facade|p1a: Oricorio\n|-immune|p1a: Oricorio\n|move|p1a: Oricorio|Hurricane|p2a: Gliscor|[miss]\n|-miss|p1a: Oricorio|p2a: Gliscor\n|\n|-heal|p2a: Gliscor|66\/100 tox|[from] ability: Poison Heal\n|upkeep\n|turn|49\n|\n|t:|1698102949\n|move|p2a: Gliscor|Facade|p1a: Oricorio\n|-immune|p1a: Oricorio\n|move|p1a: Oricorio|Hurricane|p2a: Gliscor|[miss]\n|-miss|p1a: Oricorio|p2a: Gliscor\n|\n|-heal|p2a: Gliscor|79\/100 tox|[from] ability: Poison Heal\n|upkeep\n|turn|50\n|\n|t:|1698102956\n|move|p2a: Gliscor|Facade|p1a: Oricorio\n|-immune|p1a: Oricorio\n|move|p1a: Oricorio|Calm Mind|p1a: Oricorio\n|-boost|p1a: Oricorio|spa|0\n|-boost|p1a: Oricorio|spd|0\n|\n|-heal|p2a: Gliscor|91\/100 tox|[from] ability: Poison Heal\n|upkeep\n|turn|51\n|\n|t:|1698102965\n|move|p2a: Gliscor|Facade|p1a: Oricorio\n|-immune|p1a: Oricorio\n|move|p1a: Oricorio|Calm Mind|p1a: Oricorio\n|-boost|p1a: Oricorio|spa|0\n|-boost|p1a: Oricorio|spd|0\n|\n|-heal|p2a: Gliscor|100\/100 tox|[from] ability: Poison Heal\n|upkeep\n|turn|52\n|\n|t:|1698102977\n|move|p2a: Gliscor|Facade|p1a: Oricorio\n|-immune|p1a: Oricorio\n|move|p1a: Oricorio|Revelation Dance|p2a: Gliscor|[miss]\n|-miss|p1a: Oricorio|p2a: Gliscor\n|\n|upkeep\n|turn|53\n|\n|t:|1698102984\n|move|p2a: Gliscor|Facade|p1a: Oricorio\n|-immune|p1a: Oricorio\n|move|p1a: Oricorio|Revelation Dance|p2a: Gliscor|[miss]\n|-miss|p1a: Oricorio|p2a: Gliscor\n|\n|upkeep\n|turn|54\n|\n|t:|1698102993\n|move|p2a: Gliscor|Facade|p1a: Oricorio\n|-immune|p1a: Oricorio\n|move|p1a: Oricorio|Revelation Dance|p2a: Gliscor|[miss]\n|-miss|p1a: Oricorio|p2a: Gliscor\n|\n|upkeep\n|turn|55\n|\n|t:|1698103001\n|move|p2a: Gliscor|Facade|p1a: Oricorio\n|-immune|p1a: Oricorio\n|move|p1a: Oricorio|Baton Pass||[still]\n|-fail|p1a: Oricorio\n|\n|upkeep\n|turn|56\n|\n|t:|1698103008\n|move|p2a: Gliscor|Facade|p1a: Oricorio\n|-immune|p1a: Oricorio\n|move|p1a: Oricorio|Revelation Dance|p2a: Gliscor|[miss]\n|-miss|p1a: Oricorio|p2a: Gliscor\n|\n|upkeep\n|turn|57\n|c|\u2606simondie|im almost out of facade\n|\n|t:|1698103018\n|move|p2a: Gliscor|Facade|p1a: Oricorio\n|-immune|p1a: Oricorio\n|move|p1a: Oricorio|Revelation Dance|p2a: Gliscor|[miss]\n|-miss|p1a: Oricorio|p2a: Gliscor\n|\n|upkeep\n|turn|58\n|c|\u2606simondie|5 more to go\n|c|\u2606AngstyCrit|wow\n|\n|t:|1698103026\n|move|p2a: Gliscor|Facade|p1a: Oricorio\n|-immune|p1a: Oricorio\n|move|p1a: Oricorio|Revelation Dance|p2a: Gliscor|[miss]\n|-miss|p1a: Oricorio|p2a: Gliscor\n|\n|upkeep\n|turn|59\n|c|\u2606AngstyCrit|man im actually so low on hurricanes\n|\n|t:|1698103036\n|move|p2a: Gliscor|Substitute|p2a: Gliscor\n|-start|p2a: Gliscor|Substitute\n|-damage|p2a: Gliscor|76\/100 tox\n|move|p1a: Oricorio|Hurricane|p2a: Gliscor\n|-end|p2a: Gliscor|Substitute\n|\n|-heal|p2a: Gliscor|88\/100 tox|[from] ability: Poison Heal\n|upkeep\n|turn|60\n|c|\u2606AngstyCrit|like 6\n|\n|t:|1698103044\n|move|p2a: Gliscor|Facade|p1a: Oricorio\n|-immune|p1a: Oricorio\n|move|p1a: Oricorio|Hurricane|p2a: Gliscor\n|-damage|p2a: Gliscor|19\/100 tox\n|\n|-heal|p2a: Gliscor|31\/100 tox|[from] ability: Poison Heal\n|upkeep\n|turn|61\n|c|\u2606simondie|i have other mon with no attack moves\n|\n|t:|1698103061\n|move|p2a: Gliscor|Facade|p1a: Oricorio\n|-immune|p1a: Oricorio\n|move|p1a: Oricorio|Hurricane|p2a: Gliscor|[miss]\n|-miss|p1a: Oricorio|p2a: Gliscor\n|\n|-heal|p2a: Gliscor|43\/100 tox|[from] ability: Poison Heal\n|upkeep\n|turn|62\n|\n|t:|1698103070\n|move|p2a: Gliscor|Facade|p1a: Oricorio\n|-immune|p1a: Oricorio\n|move|p1a: Oricorio|Hurricane|p2a: Gliscor|[miss]\n|-miss|p1a: Oricorio|p2a: Gliscor\n|\n|-heal|p2a: Gliscor|56\/100 tox|[from] ability: Poison Heal\n|upkeep\n|turn|63\n|\n|t:|1698103080\n|move|p2a: Gliscor|Facade|p1a: Oricorio\n|-immune|p1a: Oricorio\n|move|p1a: Oricorio|Hurricane|p2a: Gliscor\n|-damage|p2a: Gliscor|0 fnt\n|faint|p2a: Gliscor\n|\n|upkeep\n|c|\u2606AngstyCrit|so if i somehow manage to take down gliscor...\n|c|\u2606AngstyCrit|holy\n|\n|t:|1698103088\n|switch|p2a: Drifblim|Drifblim, F|51\/100\n|turn|64\n|c|\u2606simondie|:0\n|c|\u2606AngstyCrit|I DIDNT ACTUALLY THINK I WOULD\n|c|\u2606simondie|omfg\n|c|\u2606AngstyCrit|75 ACCURACY WOW\n|c|\u2606simondie|YOUR SO LUCKY\n|inactive|AngstyCrit has 120 seconds left.\n|\n|t:|1698103120\n|move|p1a: Oricorio|Revelation Dance|p2a: Drifblim\n|-supereffective|p2a: Drifblim\n|-damage|p2a: Drifblim|0 fnt\n|faint|p2a: Drifblim\n|\n|upkeep\n|c|\u2606AngstyCrit|good game\n|\n|t:|1698103126\n|switch|p2a: Clefable|Clefable, M|76\/100\n|turn|65\n|\n|t:|1698103131\n|move|p2a: Clefable|Protect|p2a: Clefable\n|-singleturn|p2a: Clefable|Protect\n|move|p1a: Oricorio|Revelation Dance|p2a: Clefable\n|-activate|p2a: Clefable|move: Protect\n|\n|upkeep\n|turn|66\n|c|\u2606simondie|gg\n|c|\u2606AngstyCrit|never had this happen before\n|c|\u2606simondie|u deserve it\n|c|\u2606simondie|accept my friend request\n|\n|t:|1698103155\n|move|p1a: Oricorio|Hurricane|p2a: Clefable\n|-damage|p2a: Clefable|0 fnt\n|faint|p2a: Clefable\n|\n|upkeep\n|\n|t:|1698103160\n|switch|p2a: Espathra|Espathra, M|100\/100\n|turn|67\n|c|\u2606AngstyCrit|i will!\n|\n|t:|1698103167\n|move|p2a: Espathra|Protect|p2a: Espathra\n|-singleturn|p2a: Espathra|Protect\n|move|p1a: Oricorio|Revelation Dance|p2a: Espathra\n|-activate|p2a: Espathra|move: Protect\n|\n|-ability|p2a: Espathra|Speed Boost|boost\n|-boost|p2a: Espathra|spe|1\n|upkeep\n|turn|68\n|\n|t:|1698103181\n|move|p2a: Espathra|Substitute|p2a: Espathra\n|-start|p2a: Espathra|Substitute\n|-damage|p2a: Espathra|76\/100\n|move|p1a: Oricorio|Revelation Dance|p2a: Espathra\n|-supereffective|p2a: Espathra\n|-end|p2a: Espathra|Substitute\n|\n|-ability|p2a: Espathra|Speed Boost|boost\n|-boost|p2a: Espathra|spe|1\n|upkeep\n|turn|69\n|\n|t:|1698103192\n|move|p2a: Espathra|Protect|p2a: Espathra\n|-singleturn|p2a: Espathra|Protect\n|move|p1a: Oricorio|Revelation Dance|p2a: Espathra\n|-activate|p2a: Espathra|move: Protect\n|\n|-ability|p2a: Espathra|Speed Boost|boost\n|-boost|p2a: Espathra|spe|1\n|upkeep\n|turn|70\n|\n|t:|1698103203\n|move|p2a: Espathra|Substitute|p2a: Espathra\n|-start|p2a: Espathra|Substitute\n|-damage|p2a: Espathra|51\/100\n|move|p1a: Oricorio|Revelation Dance|p2a: Espathra\n|-supereffective|p2a: Espathra\n|-end|p2a: Espathra|Substitute\n|\n|-ability|p2a: Espathra|Speed Boost|boost\n|-boost|p2a: Espathra|spe|1\n|upkeep\n|turn|71\n|\n|t:|1698103212\n|move|p2a: Espathra|Protect|p2a: Espathra\n|-singleturn|p2a: Espathra|Protect\n|move|p1a: Oricorio|Hurricane|p2a: Espathra\n|-activate|p2a: Espathra|move: Protect\n|\n|-ability|p2a: Espathra|Speed Boost|boost\n|-boost|p2a: Espathra|spe|1\n|upkeep\n|turn|72\n|\n|t:|1698103221\n|move|p2a: Espathra|Substitute|p2a: Espathra\n|-start|p2a: Espathra|Substitute\n|-damage|p2a: Espathra|26\/100\n|move|p1a: Oricorio|Revelation Dance|p2a: Espathra\n|-supereffective|p2a: Espathra\n|-end|p2a: Espathra|Substitute\n|\n|-ability|p2a: Espathra|Speed Boost|boost\n|-boost|p2a: Espathra|spe|1\n|upkeep\n|turn|73\n|\n|t:|1698103229\n|move|p2a: Espathra|Protect|p2a: Espathra\n|-singleturn|p2a: Espathra|Protect\n|move|p1a: Oricorio|Revelation Dance|p2a: Espathra\n|-activate|p2a: Espathra|move: Protect\n|\n|upkeep\n|turn|74\n|\n|t:|1698103237\n|move|p2a: Espathra|Protect||[still]\n|-fail|p2a: Espathra\n|move|p1a: Oricorio|Calm Mind|p1a: Oricorio\n|-boost|p1a: Oricorio|spa|0\n|-boost|p1a: Oricorio|spd|0\n|\n|upkeep\n|turn|75\n|\n|t:|1698103243\n|move|p2a: Espathra|Protect|p2a: Espathra\n|-singleturn|p2a: Espathra|Protect\n|move|p1a: Oricorio|Revelation Dance|p2a: Espathra\n|-activate|p2a: Espathra|move: Protect\n|\n|upkeep\n|turn|76\n|c|\u2606simondie|it failed\n|\n|t:|1698103250\n|move|p2a: Espathra|Protect|p2a: Espathra\n|-singleturn|p2a: Espathra|Protect\n|move|p1a: Oricorio|Calm Mind|p1a: Oricorio\n|-boost|p1a: Oricorio|spa|0\n|-boost|p1a: Oricorio|spd|0\n|\n|upkeep\n|turn|77\n|\n|t:|1698103256\n|move|p2a: Espathra|Protect||[still]\n|-fail|p2a: Espathra\n|move|p1a: Oricorio|Revelation Dance|p2a: Espathra\n|-supereffective|p2a: Espathra\n|-damage|p2a: Espathra|0 fnt\n|faint|p2a: Espathra\n|\n|win|AngstyCrit\n|raw|AngstyCrit's rating: 1087 &rarr; <strong>1113<\/strong><br \/>(+26 for winning)\n|raw|simondie's rating: 1071 &rarr; <strong>1051<\/strong><br \/>(-20 for losing)\n|c|\u2606simondie|gg\n|c|\u2606AngstyCrit|gg\n|c|\u2606simondie|xp\n|c|\u2606AngstyCrit|man...\n|c|\u2606AngstyCrit|what a round\n|c|\u2606simondie|tru tho\n|c|\u2606AngstyCrit|i accepted it :)\n|c|\u2606simondie|:)\n|c|\u2606AngstyCrit|rematch?\n|c|\u2606simondie|i gtg\n|c|\u2606simondie|sorry\n|c|\u2606AngstyCrit|cya\n|c|\u2606simondie|cya\n|l|\u2606simondie\n","uploadtime":1698103376,"views":19,"p1id":"angstycrit","p2id":"simondie","formatid":"gen9anythinggoes","rating":1051,"private":0,"password":""}