{"id":"gen9anythinggoes-1991939441","p1":"KARP OP","p2":"2exclusiveT","format":"[Gen 9] Anything Goes","log":"|j|\u203dKARP OP\n|j|\u203d2exclusiveT\n|t:|1700140529\n|gametype|singles\n|player|p1|KARP OP|265|1030\n|player|p2|2exclusiveT|proton|1032\n|teamsize|p1|6\n|teamsize|p2|6\n|gen|9\n|tier|[Gen 9] Anything Goes\n|rated|\n|rule|HP Percentage Mod: HP is shown in percentages\n|rule|Endless Battle Clause: Forcing endless battles is banned\n|clearpoke\n|poke|p1|Magikarp, F|\n|poke|p1|Magikarp, M|\n|poke|p1|Magikarp, M|\n|poke|p1|Magikarp, M|\n|poke|p1|Magikarp, M|\n|poke|p1|Magikarp, F|\n|poke|p2|Haxorus, M|\n|poke|p2|Giratina|\n|poke|p2|Hawlucha, F|\n|poke|p2|Greninja-*, M|\n|poke|p2|Luxray, M|\n|poke|p2|Staravia, M|\n|teampreview\n|\n|t:|1700140539\n|start\n|switch|p1a: Magikarp|Magikarp, F|100\/100\n|switch|p2a: Luxray|Luxray, M, shiny|100\/100\n|-ability|p2a: Luxray|Intimidate|boost\n|-unboost|p1a: Magikarp|atk|1\n|turn|1\n|\n|t:|1700140548\n|move|p2a: Luxray|Discharge|p1a: Magikarp\n|-supereffective|p1a: Magikarp\n|-enditem|p1a: Magikarp|Focus Sash\n|-damage|p1a: Magikarp|1\/100\n|-status|p1a: Magikarp|par\n|cant|p1a: Magikarp|par\n|\n|upkeep\n|turn|2\n|\n|t:|1700140557\n|move|p2a: Luxray|Discharge|p1a: Magikarp\n|-supereffective|p1a: Magikarp\n|-damage|p1a: Magikarp|0 fnt\n|faint|p1a: Magikarp\n|\n|upkeep\n|\n|t:|1700140562\n|switch|p1a: Magikarp|Magikarp, M|100\/100\n|turn|3\n|\n|t:|1700140565\n|move|p2a: Luxray|Discharge|p1a: Magikarp\n|-supereffective|p1a: Magikarp\n|-enditem|p1a: Magikarp|Focus Sash\n|-damage|p1a: Magikarp|1\/100\n|move|p1a: Magikarp|Splash|p1a: Magikarp\n|-nothing\n|\n|upkeep\n|turn|4\n|\n|t:|1700140575\n|move|p2a: Luxray|Discharge|p1a: Magikarp\n|-supereffective|p1a: Magikarp\n|-damage|p1a: Magikarp|0 fnt\n|faint|p1a: Magikarp\n|\n|upkeep\n|\n|t:|1700140582\n|switch|p1a: Magikarp|Magikarp, M|100\/100\n|turn|5\n|\n|t:|1700140585\n|move|p2a: Luxray|Discharge|p1a: Magikarp\n|-supereffective|p1a: Magikarp\n|-enditem|p1a: Magikarp|Focus Sash\n|-damage|p1a: Magikarp|1\/100\n|move|p1a: Magikarp|Splash|p1a: Magikarp\n|-nothing\n|\n|upkeep\n|turn|6\n|\n|t:|1700140592\n|move|p2a: Luxray|Discharge|p1a: Magikarp\n|-supereffective|p1a: Magikarp\n|-damage|p1a: Magikarp|0 fnt\n|faint|p1a: Magikarp\n|\n|upkeep\n|\n|t:|1700140596\n|switch|p1a: Magikarp|Magikarp, M|100\/100\n|turn|7\n|\n|t:|1700140599\n|move|p2a: Luxray|Discharge|p1a: Magikarp\n|-supereffective|p1a: Magikarp\n|-enditem|p1a: Magikarp|Focus Sash\n|-damage|p1a: Magikarp|1\/100\n|-status|p1a: Magikarp|par\n|move|p1a: Magikarp|Splash|p1a: Magikarp\n|-nothing\n|\n|upkeep\n|turn|8\n|\n|t:|1700140607\n|move|p2a: Luxray|Discharge|p1a: Magikarp\n|-supereffective|p1a: Magikarp\n|-damage|p1a: Magikarp|0 fnt\n|faint|p1a: Magikarp\n|\n|upkeep\n|\n|t:|1700140611\n|switch|p1a: Magikarp|Magikarp, F|100\/100\n|turn|9\n|\n|t:|1700140623\n|move|p2a: Luxray|Discharge|p1a: Magikarp\n|-supereffective|p1a: Magikarp\n|-enditem|p1a: Magikarp|Focus Sash\n|-damage|p1a: Magikarp|1\/100\n|move|p1a: Magikarp|Splash|p1a: Magikarp\n|-nothing\n|\n|upkeep\n|turn|10\n|\n|t:|1700140636\n|move|p2a: Luxray|Discharge|p1a: Magikarp\n|-supereffective|p1a: Magikarp\n|-damage|p1a: Magikarp|0 fnt\n|faint|p1a: Magikarp\n|\n|upkeep\n|\n|t:|1700140639\n|switch|p1a: Magikarp|Magikarp, M|100\/100\n|turn|11\n|\n|t:|1700140643\n|move|p2a: Luxray|Discharge|p1a: Magikarp\n|-supereffective|p1a: Magikarp\n|-enditem|p1a: Magikarp|Focus Sash\n|-damage|p1a: Magikarp|1\/100\n|move|p1a: Magikarp|Splash|p1a: Magikarp\n|-nothing\n|\n|upkeep\n|turn|12\n|\n|t:|1700140649\n|move|p2a: Luxray|Discharge|p1a: Magikarp\n|-supereffective|p1a: Magikarp\n|-damage|p1a: Magikarp|0 fnt\n|faint|p1a: Magikarp\n|\n|win|2exclusiveT\n|raw|KARP OP's rating: 1030 &rarr; <strong>1016<\/strong><br \/>(-14 for losing)\n|raw|2exclusiveT's rating: 1032 &rarr; <strong>1067<\/strong><br \/>(+35 for winning)\n|l|\u203dKARP OP\n","uploadtime":1700140747,"views":5,"p1id":"karpop","p2id":"2exclusivet","formatid":"gen9anythinggoes","rating":1016,"private":0,"password":""}