{"id":"gen9anythinggoes-1993565403","p1":"babbona","p2":"Thunderburg","format":"[Gen 9] Anything Goes","log":"|j|\u2606babbona\n|j|\u2606Thunderburg\n|t:|1700332364\n|gametype|singles\n|player|p1|babbona|ghetsis-gen5bw|1192\n|player|p2|Thunderburg|emmet|1110\n|teamsize|p1|6\n|teamsize|p2|6\n|gen|9\n|tier|[Gen 9] Anything Goes\n|rated|\n|rule|HP Percentage Mod: HP is shown in percentages\n|rule|Endless Battle Clause: Forcing endless battles is banned\n|clearpoke\n|poke|p1|Darkrai|\n|poke|p1|Calyrex-Shadow|\n|poke|p1|Azumarill, F|\n|poke|p1|Ribombee, M|\n|poke|p1|Shaymin-Sky|\n|poke|p1|Eternatus|\n|poke|p2|Azelf|\n|poke|p2|Hawlucha, M|\n|poke|p2|Shiftry, M|\n|poke|p2|Drakloak, F|\n|poke|p2|Weezing, M|\n|poke|p2|Scream Tail|\n|teampreview\n|inactive|Battle timer is ON: inactive players will automatically lose when time's up. (requested by Thunderburg)\n|\n|t:|1700332377\n|start\n|switch|p1a: Ribombee|Ribombee, M|100\/100\n|switch|p2a: Hawlucha|Hawlucha, M, shiny|100\/100\n|turn|1\n|\n|t:|1700332384\n|move|p1a: Ribombee|Sticky Web|p2a: Hawlucha\n|-sidestart|p2: Thunderburg|move: Sticky Web\n|move|p2a: Hawlucha|Swords Dance|p2a: Hawlucha\n|-boost|p2a: Hawlucha|atk|2\n|\n|upkeep\n|turn|2\n|\n|t:|1700332391\n|move|p1a: Ribombee|Stun Spore|p2a: Hawlucha|[miss]\n|-miss|p1a: Ribombee|p2a: Hawlucha\n|move|p2a: Hawlucha|Poison Jab|p1a: Ribombee\n|-supereffective|p1a: Ribombee\n|-enditem|p1a: Ribombee|Focus Sash\n|-damage|p1a: Ribombee|1\/100\n|\n|upkeep\n|turn|3\n|\n|t:|1700332417\n|move|p1a: Ribombee|Stun Spore|p2a: Hawlucha\n|-status|p2a: Hawlucha|par\n|move|p2a: Hawlucha|Acrobatics|p1a: Ribombee\n|-supereffective|p1a: Ribombee\n|-damage|p1a: Ribombee|0 fnt\n|faint|p1a: Ribombee\n|\n|upkeep\n|\n|t:|1700332427\n|switch|p1a: Eternatus|Eternatus|100\/100\n|-ability|p1a: Eternatus|Pressure\n|turn|4\n|\n|t:|1700332436\n|move|p1a: Eternatus|Dynamax Cannon|p2a: Hawlucha\n|-damage|p2a: Hawlucha|23\/100 par\n|cant|p2a: Hawlucha|par\n|\n|upkeep\n|turn|5\n|\n|t:|1700332445\n|move|p1a: Eternatus|Dynamax Cannon|p2a: Hawlucha\n|-damage|p2a: Hawlucha|0 fnt\n|faint|p2a: Hawlucha\n|\n|upkeep\n|\n|t:|1700332453\n|switch|p2a: Weezing|Weezing, M, shiny|100\/100\n|-ability|p2a: Weezing|Neutralizing Gas\n|-activate|p2a: Weezing|move: Sticky Web\n|-unboost|p2a: Weezing|spe|1\n|turn|6\n|\n|t:|1700332464\n|move|p1a: Eternatus|Dynamax Cannon|p2a: Weezing\n|-damage|p2a: Weezing|36\/100\n|move|p2a: Weezing|Body Slam|p1a: Eternatus\n|-damage|p1a: Eternatus|81\/100\n|\n|-heal|p1a: Eternatus|87\/100|[from] item: Black Sludge\n|-heal|p2a: Weezing|42\/100|[from] item: Black Sludge\n|upkeep\n|turn|7\n|-message|Thunderburg forfeited.\n|\n|win|babbona\n|raw|babbona's rating: 1192 &rarr; <strong>1211<\/strong><br \/>(+19 for winning)\n|raw|Thunderburg's rating: 1110 &rarr; <strong>1091<\/strong><br \/>(-19 for losing)\n|l|\u2606Thunderburg\n","uploadtime":1700332477,"views":2,"p1id":"babbona","p2id":"thunderburg","formatid":"gen9anythinggoes","rating":1091,"private":0,"password":""}