{"id":"gen9anythinggoes-1982588268","p1":"69 a rat","p2":"MysticalMystery","format":"[Gen 9] Anything Goes","log":"|j|\u260669 a rat\n|j|\u2606MysticalMystery\n|t:|1699027847\n|gametype|singles\n|player|p1|69 a rat|roxie|1097\n|player|p2|MysticalMystery|nate|1013\n|teamsize|p1|6\n|teamsize|p2|6\n|gen|9\n|tier|[Gen 9] Anything Goes\n|rated|\n|rule|HP Percentage Mod: HP is shown in percentages\n|rule|Endless Battle Clause: Forcing endless battles is banned\n|clearpoke\n|poke|p1|Basculegion, M|\n|poke|p1|Klefki, M|\n|poke|p1|Politoed, M|\n|poke|p1|Ditto|\n|poke|p1|Kyogre|\n|poke|p1|Cryogonal|\n|poke|p2|Meowscarada, M|\n|poke|p2|Goodra, F|\n|poke|p2|Flareon, M|\n|poke|p2|Garganacl, M|\n|poke|p2|Ampharos, M|\n|poke|p2|Farigiraf, M|\n|teampreview\n|\n|t:|1699027852\n|start\n|switch|p1a: Cryogonal|Cryogonal|100\/100\n|switch|p2a: Garganacl|Garganacl, M|100\/100\n|turn|1\n|-activate|p2a: Garganacl|item: Quick Claw\n|\n|t:|1699027860\n|move|p2a: Garganacl|Stealth Rock|p1a: Cryogonal\n|-sidestart|p1: 69 a rat|move: Stealth Rock\n|move|p1a: Cryogonal|Sheer Cold|p2a: Garganacl|[miss]\n|-miss|p1a: Cryogonal|p2a: Garganacl\n|\n|upkeep\n|turn|2\n|c|\u2606MysticalMystery|D:\n|c|\u260669 a rat|quick claw?\n|c|\u2606MysticalMystery|yep\n|c|\u260669 a rat|ur a gigachad\n|c|\u2606MysticalMystery|thank you\n|-activate|p2a: Garganacl|item: Quick Claw\n|\n|t:|1699027888\n|move|p2a: Garganacl|Hammer Arm|p1a: Cryogonal\n|-supereffective|p1a: Cryogonal\n|-enditem|p1a: Cryogonal|Focus Sash\n|-damage|p1a: Cryogonal|1\/100\n|-unboost|p2a: Garganacl|spe|1\n|move|p1a: Cryogonal|Sheer Cold|p2a: Garganacl\n|-damage|p2a: Garganacl|0 fnt\n|faint|p2a: Garganacl\n|-ohko\n|\n|upkeep\n|c|\u260669 a rat|twice??\n|c|\u2606MysticalMystery|casual 2% chance\n|c|\u2606MysticalMystery|don't mind me\n|\n|t:|1699027903\n|switch|p2a: Ampharos|Ampharos, M|100\/100\n|turn|3\n|c|\u260669 a rat|jesus\n|\n|t:|1699027909\n|move|p1a: Cryogonal|Explosion|p2a: Ampharos\n|-damage|p2a: Ampharos|58\/100\n|faint|p1a: Cryogonal\n|move|p2a: Ampharos|Trailblaze|p1: Cryogonal|[notarget]\n|-fail|p2a: Ampharos\n|\n|-heal|p2a: Ampharos|64\/100|[from] item: Leftovers\n|upkeep\n|\n|t:|1699027921\n|switch|p1a: Politoed|Politoed, M|100\/100\n|-damage|p1a: Politoed|88\/100|[from] Stealth Rock\n|-weather|RainDance|[from] ability: Drizzle|[of] p1a: Politoed\n|turn|4\n|\n|t:|1699027929\n|move|p1a: Politoed|Metronome|p1a: Politoed\n|move|p1a: Politoed|Double Kick|p2a: Ampharos|[from]move: Metronome\n|-damage|p2a: Ampharos|58\/100\n|-status|p1a: Politoed|par|[from] ability: Static|[of] p2a: Ampharos\n|-damage|p2a: Ampharos|52\/100\n|-hitcount|p2a: Ampharos|2\n|move|p2a: Ampharos|Thunder Wave|p1a: Politoed\n|-fail|p1a: Politoed|par\n|\n|-weather|RainDance|[upkeep]\n|-heal|p2a: Ampharos|58\/100|[from] item: Leftovers\n|upkeep\n|turn|5\n|\n|t:|1699027942\n|move|p2a: Ampharos|Trailblaze|p1a: Politoed\n|-supereffective|p1a: Politoed\n|-damage|p1a: Politoed|67\/100 par\n|-boost|p2a: Ampharos|spe|1\n|cant|p1a: Politoed|par\n|\n|-weather|RainDance|[upkeep]\n|-heal|p2a: Ampharos|65\/100|[from] item: Leftovers\n|upkeep\n|turn|6\n|\n|t:|1699027953\n|move|p2a: Ampharos|Trailblaze|p1a: Politoed\n|-supereffective|p1a: Politoed\n|-damage|p1a: Politoed|45\/100 par\n|-boost|p2a: Ampharos|spe|1\n|move|p1a: Politoed|Metronome|p1a: Politoed\n|move|p1a: Politoed|Supersonic|p2a: Ampharos|[from]move: Metronome\n|-start|p2a: Ampharos|confusion\n|\n|-weather|RainDance|[upkeep]\n|-heal|p2a: Ampharos|71\/100|[from] item: Leftovers\n|upkeep\n|turn|7\n|\n|t:|1699027963\n|-activate|p2a: Ampharos|confusion\n|move|p2a: Ampharos|Trailblaze|p1a: Politoed\n|-supereffective|p1a: Politoed\n|-damage|p1a: Politoed|25\/100 par\n|-boost|p2a: Ampharos|spe|1\n|move|p1a: Politoed|Metronome|p1a: Politoed\n|move|p1a: Politoed|Cotton Spore|p2a: Ampharos|[from]move: Metronome\n|-unboost|p2a: Ampharos|spe|2\n|\n|-weather|RainDance|[upkeep]\n|-heal|p2a: Ampharos|77\/100|[from] item: Leftovers\n|upkeep\n|turn|8\n|c|\u260669 a rat|all planned\n|\n|t:|1699027981\n|-activate|p2a: Ampharos|confusion\n|-damage|p2a: Ampharos|67\/100|[from] confusion\n|move|p1a: Politoed|Metronome|p1a: Politoed\n|move|p1a: Politoed|Mega Kick|p2a: Ampharos|[from]move: Metronome|[miss]\n|-miss|p1a: Politoed|p2a: Ampharos\n|\n|-weather|none\n|-heal|p2a: Ampharos|73\/100|[from] item: Leftovers\n|upkeep\n|turn|9\n|\n|t:|1699027988\n|-end|p2a: Ampharos|confusion\n|move|p2a: Ampharos|Trailblaze|p1a: Politoed\n|-supereffective|p1a: Politoed\n|-damage|p1a: Politoed|2\/100 par\n|-boost|p2a: Ampharos|spe|1\n|cant|p1a: Politoed|par\n|\n|-heal|p2a: Ampharos|80\/100|[from] item: Leftovers\n|upkeep\n|turn|10\n|\n|t:|1699027998\n|move|p2a: Ampharos|Trailblaze|p1a: Politoed\n|-supereffective|p1a: Politoed\n|-crit|p1a: Politoed\n|-damage|p1a: Politoed|0 fnt\n|-boost|p2a: Ampharos|spe|1\n|faint|p1a: Politoed\n|\n|-heal|p2a: Ampharos|86\/100|[from] item: Leftovers\n|upkeep\n|\n|t:|1699028007\n|switch|p1a: Ditto|Ditto, shiny|100\/100\n|-damage|p1a: Ditto|88\/100|[from] Stealth Rock\n|-transform|p1a: Ditto|p2a: Ampharos|[from] ability: Imposter\n|turn|11\n|\n|t:|1699028018\n|move|p1a: Ditto|Dragon Pulse|p2a: Ampharos\n|-damage|p2a: Ampharos|55\/100\n|move|p2a: Ampharos|Trailblaze|p1a: Ditto\n|-damage|p1a: Ditto|73\/100\n|-boost|p2a: Ampharos|spe|1\n|\n|-heal|p2a: Ampharos|61\/100|[from] item: Leftovers\n|upkeep\n|turn|12\n|\n|t:|1699028026\n|move|p1a: Ditto|Dragon Pulse|p2a: Ampharos\n|-damage|p2a: Ampharos|30\/100\n|move|p2a: Ampharos|Trailblaze|p1a: Ditto\n|-damage|p1a: Ditto|61\/100\n|-boost|p2a: Ampharos|spe|1\n|\n|-heal|p2a: Ampharos|37\/100|[from] item: Leftovers\n|upkeep\n|turn|13\n|\n|t:|1699028035\n|move|p1a: Ditto|Dragon Pulse|p2a: Ampharos\n|-damage|p2a: Ampharos|7\/100\n|move|p2a: Ampharos|Electro Ball|p1a: Ditto\n|-resisted|p1a: Ditto\n|-damage|p1a: Ditto|48\/100\n|\n|-heal|p2a: Ampharos|13\/100|[from] item: Leftovers\n|upkeep\n|turn|14\n|\n|t:|1699028043\n|move|p1a: Ditto|Dragon Pulse|p2a: Ampharos\n|-damage|p2a: Ampharos|0 fnt\n|faint|p2a: Ampharos\n|\n|upkeep\n|c|\u260669 a rat|he's scarfed\n|c|\u2606MysticalMystery|i figured\n|c|\u2606MysticalMystery|tried to outspeed with trailblaze\n|\n|t:|1699028077\n|switch|p2a: Farigiraf|Farigiraf, M|100\/100\n|turn|15\n|c|\u260669 a rat|I thought u would a 3.5\n|\n|t:|1699028092\n|switch|p1a: Klefki|Klefki, M|100\/100\n|-damage|p1a: Klefki|95\/100|[from] Stealth Rock\n|move|p2a: Farigiraf|Nasty Plot|p2a: Farigiraf\n|-boost|p2a: Farigiraf|spa|2\n|\n|upkeep\n|turn|16\n|\n|t:|1699028100\n|move|p1a: Klefki|Thunder Wave||[still]\n|cant|p2a: Farigiraf|ability: Armor Tail|Thunder Wave|[of] p1a: Klefki\n|move|p2a: Farigiraf|Thunder Wave|p1a: Klefki\n|-status|p1a: Klefki|par\n|\n|upkeep\n|turn|17\n|c|\u260669 a rat|well that's its ability?\n|c|\u260669 a rat|damn\n|c|\u2606MysticalMystery|yep\n|\n|t:|1699028126\n|cant|p1a: Klefki|par\n|move|p2a: Farigiraf|Nasty Plot|p2a: Farigiraf\n|-boost|p2a: Farigiraf|spa|2\n|\n|upkeep\n|turn|18\n|c|\u2606MysticalMystery|stops all priority on it\n|\n|t:|1699028137\n|cant|p1a: Klefki|par\n|move|p2a: Farigiraf|Nasty Plot|p2a: Farigiraf\n|-boost|p2a: Farigiraf|spa|2\n|\n|upkeep\n|turn|19\n|\n|t:|1699028145\n|cant|p1a: Klefki|par\n|move|p2a: Farigiraf|Hyper Voice|p1a: Klefki\n|-resisted|p1a: Klefki\n|-damage|p1a: Klefki|31\/100 par\n|\n|upkeep\n|turn|20\n|c|\u260669 a rat|3 para?\n|\n|t:|1699028164\n|cant|p1a: Klefki|par\n|move|p2a: Farigiraf|Psychic|p1a: Klefki\n|-resisted|p1a: Klefki\n|-damage|p1a: Klefki|0 fnt\n|faint|p1a: Klefki\n|\n|upkeep\n|c|\u2606MysticalMystery|4\n|c|\u260669 a rat|4\n|c|\u260669 a rat|holy shit\n|\n|t:|1699028179\n|switch|p1a: Ditto|Ditto, shiny|48\/100\n|-damage|p1a: Ditto|36\/100|[from] Stealth Rock\n|-transform|p1a: Ditto|p2a: Farigiraf|[from] ability: Imposter\n|turn|21\n|c|\u2606MysticalMystery|I'll do the calcs\n|j| AGisgood\u82cd\u54cd\u4fa0\n|l| AGisgood\u82cd\u54cd\u4fa0\n|c|\u260669 a rat|I'll wait for them\n|c|\u2606MysticalMystery|0.00390625; assuming I did the math right\n|\n|t:|1699028249\n|move|p1a: Ditto|Hyper Voice|p2a: Farigiraf\n|-damage|p2a: Farigiraf|0 fnt\n|faint|p2a: Farigiraf\n|\n|upkeep\n|c|\u260669 a rat|go play the lottery\n|\n|t:|1699028258\n|switch|p2a: Meowscarada|Meowscarada, M|100\/100\n|turn|22\n|c|\u2606MysticalMystery|I can't\n|c|\u260669 a rat|or am I just unlucky\n|c|\u260669 a rat|idk which\n|\n|t:|1699028276\n|move|p2a: Meowscarada|Night Slash|p1a: Ditto\n|-supereffective|p1a: Ditto\n|-damage|p1a: Ditto|0 fnt\n|faint|p1a: Ditto\n|\n|upkeep\n|\n|t:|1699028282\n|switch|p1a: Kyogre|Kyogre|100\/100\n|-damage|p1a: Kyogre|88\/100|[from] Stealth Rock\n|-weather|RainDance|[from] ability: Drizzle|[of] p1a: Kyogre\n|turn|23\n|\n|t:|1699028288\n|-terastallize|p2a: Meowscarada|Grass\n|move|p2a: Meowscarada|Flower Trick|p1a: Kyogre\n|-supereffective|p1a: Kyogre\n|-crit|p1a: Kyogre\n|-damage|p1a: Kyogre|0 fnt\n|faint|p1a: Kyogre\n|\n|-weather|RainDance|[upkeep]\n|upkeep\n|\n|t:|1699028295\n|switch|p1a: Basculegion|Basculegion, M|100\/100\n|-damage|p1a: Basculegion|88\/100|[from] Stealth Rock\n|turn|24\n|\n|t:|1699028302\n|switch|p2a: Goodra|Goodra, F|100\/100\n|-terastallize|p1a: Basculegion|Ghost\n|move|p1a: Basculegion|Last Respects|p2a: Goodra\n|-crit|p2a: Goodra\n|-damage|p2a: Goodra|0 fnt\n|faint|p2a: Goodra\n|\n|-weather|RainDance|[upkeep]\n|upkeep\n|\n|t:|1699028317\n|switch|p2a: Flareon|Flareon, M|100\/100\n|turn|25\n|c|\u260669 a rat|and with rain I sweep\n|\n|t:|1699028321\n|move|p2a: Flareon|Protect|p2a: Flareon\n|-singleturn|p2a: Flareon|Protect\n|move|p1a: Basculegion|Last Respects|p2a: Flareon\n|-activate|p2a: Flareon|move: Protect\n|\n|-weather|RainDance|[upkeep]\n|-status|p2a: Flareon|tox|[from] item: Toxic Orb\n|upkeep\n|turn|26\n|\n|t:|1699028328\n|move|p2a: Flareon|Protect||[still]\n|-fail|p2a: Flareon\n|move|p1a: Basculegion|Last Respects|p2a: Flareon\n|-damage|p2a: Flareon|0 fnt\n|faint|p2a: Flareon\n|\n|-weather|RainDance|[upkeep]\n|upkeep\n|\n|t:|1699028331\n|switch|p2a: Meowscarada|Meowscarada, M, tera:Grass|100\/100\n|turn|27\n|c|\u2606MysticalMystery|gg\n|\n|t:|1699028338\n|move|p1a: Basculegion|Last Respects|p2a: Meowscarada\n|-damage|p2a: Meowscarada|0 fnt\n|faint|p2a: Meowscarada\n|\n|win|69 a rat\n|raw|69 a rat's rating: 1097 &rarr; <strong>1116<\/strong><br \/>(+19 for winning)\n|raw|MysticalMystery's rating: 1013 &rarr; <strong>1004<\/strong><br \/>(-9 for losing)\n|c|\u260669 a rat|gg\n","uploadtime":1699028345,"views":3,"p1id":"69arat","p2id":"mysticalmystery","formatid":"gen9anythinggoes","rating":1004,"private":0,"password":""}