{"id":"gen9anythinggoes-1999121160","p1":"Mr Kipling Ct","p2":"Lass Veronica","format":"[Gen 9] Anything Goes","log":"|j|\u2606Mr Kipling Ct\n|j|\u2606Lass Veronica\n|t:|1701035396\n|gametype|singles\n|player|p1|Mr Kipling Ct|169|1077\n|player|p2|Lass Veronica|lady-gen4|1157\n|teamsize|p1|6\n|teamsize|p2|6\n|gen|9\n|tier|[Gen 9] Anything Goes\n|rated|\n|rule|HP Percentage Mod: HP is shown in percentages\n|rule|Endless Battle Clause: Forcing endless battles is banned\n|clearpoke\n|poke|p1|Maushold-Four|\n|poke|p1|Flutter Mane|\n|poke|p1|Miraidon|\n|poke|p1|Rabsca, M|\n|poke|p1|Garganacl, F|\n|poke|p1|Houndstone, M|\n|poke|p2|Garganacl, F|\n|poke|p2|Koraidon|\n|poke|p2|Great Tusk|\n|poke|p2|Sandy Shocks|\n|poke|p2|Roaring Moon|\n|poke|p2|Walking Wake|\n|teampreview\n|inactive|Battle timer is ON: inactive players will automatically lose when time's up. (requested by Lass Veronica)\n|inactive|Mr Kipling Ct has 120 seconds left.\n|\n|t:|1701035427\n|start\n|switch|p1a: Maushold|Maushold-Four|100\/100\n|switch|p2a: Garganacl|Garganacl, F|100\/100\n|turn|1\n|\n|t:|1701035436\n|move|p1a: Maushold|Population Bomb|p2a: Garganacl\n|-resisted|p2a: Garganacl\n|-damage|p2a: Garganacl|97\/100\n|-resisted|p2a: Garganacl\n|-damage|p2a: Garganacl|93\/100\n|-resisted|p2a: Garganacl\n|-damage|p2a: Garganacl|90\/100\n|-resisted|p2a: Garganacl\n|-damage|p2a: Garganacl|86\/100\n|-resisted|p2a: Garganacl\n|-damage|p2a: Garganacl|82\/100\n|-resisted|p2a: Garganacl\n|-damage|p2a: Garganacl|78\/100\n|-resisted|p2a: Garganacl\n|-damage|p2a: Garganacl|75\/100\n|-resisted|p2a: Garganacl\n|-damage|p2a: Garganacl|71\/100\n|-resisted|p2a: Garganacl\n|-damage|p2a: Garganacl|67\/100\n|-resisted|p2a: Garganacl\n|-damage|p2a: Garganacl|63\/100\n|-hitcount|p2a: Garganacl|10\n|cant|p2a: Garganacl|flinch\n|\n|-heal|p2a: Garganacl|69\/100|[from] item: Leftovers\n|upkeep\n|turn|2\n|\n|t:|1701035446\n|move|p1a: Maushold|Population Bomb|p2a: Garganacl\n|-resisted|p2a: Garganacl\n|-damage|p2a: Garganacl|65\/100\n|-resisted|p2a: Garganacl\n|-damage|p2a: Garganacl|62\/100\n|-resisted|p2a: Garganacl\n|-damage|p2a: Garganacl|58\/100\n|-resisted|p2a: Garganacl\n|-damage|p2a: Garganacl|54\/100\n|-resisted|p2a: Garganacl\n|-crit|p2a: Garganacl\n|-damage|p2a: Garganacl|48\/100\n|-resisted|p2a: Garganacl\n|-damage|p2a: Garganacl|44\/100\n|-resisted|p2a: Garganacl\n|-damage|p2a: Garganacl|40\/100\n|-resisted|p2a: Garganacl\n|-damage|p2a: Garganacl|37\/100\n|-resisted|p2a: Garganacl\n|-damage|p2a: Garganacl|33\/100\n|-resisted|p2a: Garganacl\n|-damage|p2a: Garganacl|29\/100\n|-hitcount|p2a: Garganacl|10\n|move|p2a: Garganacl|Iron Defense|p2a: Garganacl\n|-boost|p2a: Garganacl|def|2\n|\n|-heal|p2a: Garganacl|35\/100|[from] item: Leftovers\n|upkeep\n|turn|3\n|\n|t:|1701035454\n|move|p1a: Maushold|Encore|p2a: Garganacl\n|-start|p2a: Garganacl|Encore\n|move|p2a: Garganacl|Iron Defense|p2a: Garganacl\n|-boost|p2a: Garganacl|def|2\n|\n|-heal|p2a: Garganacl|42\/100|[from] item: Leftovers\n|upkeep\n|turn|4\n|\n|t:|1701035457\n|move|p1a: Maushold|Tidy Up|p1a: Maushold\n|-boost|p1a: Maushold|atk|1\n|-boost|p1a: Maushold|spe|1\n|move|p2a: Garganacl|Iron Defense|p2a: Garganacl\n|-boost|p2a: Garganacl|def|2\n|\n|-heal|p2a: Garganacl|48\/100|[from] item: Leftovers\n|upkeep\n|turn|5\n|\n|t:|1701035468\n|move|p1a: Maushold|Tidy Up|p1a: Maushold\n|-boost|p1a: Maushold|atk|1\n|-boost|p1a: Maushold|spe|1\n|move|p2a: Garganacl|Iron Defense|p2a: Garganacl\n|-boost|p2a: Garganacl|def|0\n|\n|-heal|p2a: Garganacl|54\/100|[from] item: Leftovers\n|-end|p2a: Garganacl|Encore\n|upkeep\n|turn|6\n|\n|t:|1701035478\n|move|p1a: Maushold|Encore|p2a: Garganacl\n|-start|p2a: Garganacl|Encore\n|move|p2a: Garganacl|Iron Defense|p2a: Garganacl\n|-boost|p2a: Garganacl|def|0\n|\n|-heal|p2a: Garganacl|60\/100|[from] item: Leftovers\n|upkeep\n|turn|7\n|\n|t:|1701035485\n|switch|p2a: Great Tusk|Great Tusk, shiny|100\/100\n|move|p1a: Maushold|Baton Pass|p1a: Maushold\n|\n|t:|1701035491\n|switch|p1a: Flutter Mane|Flutter Mane, shiny|100\/100|[from] Baton Pass\n|\n|upkeep\n|turn|8\n|\n|t:|1701035498\n|move|p1a: Flutter Mane|Moonblast|p2a: Great Tusk\n|-supereffective|p2a: Great Tusk\n|-damage|p2a: Great Tusk|0 fnt\n|faint|p2a: Great Tusk\n|-end|p2a: Great Tusk|Protosynthesis|[silent]\n|-damage|p1a: Flutter Mane|91\/100|[from] item: Life Orb\n|\n|upkeep\n|\n|t:|1701035500\n|switch|p2a: Roaring Moon|Roaring Moon|100\/100\n|turn|9\n|\n|t:|1701035505\n|-terastallize|p2a: Roaring Moon|Fairy\n|move|p1a: Flutter Mane|Moonblast|p2a: Roaring Moon\n|-damage|p2a: Roaring Moon|34\/100\n|-damage|p1a: Flutter Mane|81\/100|[from] item: Life Orb\n|move|p2a: Roaring Moon|Iron Head|p1a: Flutter Mane\n|-supereffective|p1a: Flutter Mane\n|-damage|p1a: Flutter Mane|0 fnt\n|faint|p1a: Flutter Mane\n|-end|p1a: Flutter Mane|Protosynthesis|[silent]\n|-damage|p2a: Roaring Moon|24\/100|[from] item: Life Orb\n|\n|upkeep\n|\n|t:|1701035516\n|switch|p1a: DeMarco|Miraidon|100\/100\n|-fieldstart|move: Electric Terrain|[from] ability: Hadron Engine|[of] p1a: DeMarco\n|turn|10\n|\n|t:|1701035523\n|-end|p2a: Roaring Moon|Protosynthesis|[silent]\n|switch|p2a: Garganacl|Garganacl, F|60\/100\n|move|p1a: DeMarco|Electro Drift|p2a: Garganacl\n|-damage|p2a: Garganacl|0 fnt\n|faint|p2a: Garganacl\n|\n|upkeep\n|\n|t:|1701035530\n|switch|p2a: Koraidon|Koraidon|100\/100\n|-weather|SunnyDay|[from] ability: Orichalcum Pulse|[of] p2a: Koraidon\n|-activate|p2a: Koraidon|Orichalcum Pulse|[source]\n|turn|11\n|\n|t:|1701035537\n|-terastallize|p1a: DeMarco|Electric\n|move|p2a: Koraidon|Dragon Claw|p1a: DeMarco\n|-damage|p1a: DeMarco|46\/100\n|move|p1a: DeMarco|Dragon Pulse|p2a: Koraidon\n|-supereffective|p2a: Koraidon\n|-damage|p2a: Koraidon|0 fnt\n|faint|p2a: Koraidon\n|\n|-weather|SunnyDay|[upkeep]\n|upkeep\n|\n|t:|1701035546\n|switch|p2a: Walking Wake|Walking Wake|100\/100\n|-activate|p2a: Walking Wake|ability: Protosynthesis\n|-start|p2a: Walking Wake|protosynthesisspa\n|turn|12\n|\n|t:|1701035551\n|move|p1a: DeMarco|Electro Drift|p2a: Walking Wake\n|-damage|p2a: Walking Wake|0 fnt\n|faint|p2a: Walking Wake\n|-end|p2a: Walking Wake|Protosynthesis|[silent]\n|\n|-weather|SunnyDay|[upkeep]\n|upkeep\n|\n|t:|1701035554\n|switch|p2a: Sandy Shocks|Sandy Shocks|100\/100\n|-activate|p2a: Sandy Shocks|ability: Protosynthesis\n|-start|p2a: Sandy Shocks|protosynthesisspa\n|turn|13\n|\n|t:|1701035560\n|move|p1a: DeMarco|Dragon Pulse|p2a: Sandy Shocks\n|-damage|p2a: Sandy Shocks|19\/100\n|move|p2a: Sandy Shocks|Earth Power|p1a: DeMarco\n|-supereffective|p1a: DeMarco\n|-damage|p1a: DeMarco|0 fnt\n|faint|p1a: DeMarco\n|\n|-weather|SunnyDay|[upkeep]\n|upkeep\n|\n|t:|1701035567\n|switch|p1a: Rabsca|Rabsca, M, shiny|100\/100\n|turn|14\n|\n|t:|1701035573\n|move|p2a: Sandy Shocks|Thunderbolt|p1a: Rabsca\n|-damage|p1a: Rabsca|38\/100\n|move|p1a: Rabsca|Trick Room|p1a: Rabsca\n|-fieldstart|move: Trick Room|[of] p1a: Rabsca\n|\n|-weather|SunnyDay|[upkeep]\n|-fieldend|move: Electric Terrain\n|upkeep\n|turn|15\n|\n|t:|1701035577\n|move|p1a: Rabsca|Revival Blessing|p1a: Rabsca\n|-enditem|p1a: Rabsca|Leppa Berry|[eat]\n|-activate|p1a: Rabsca|item: Leppa Berry|Revival Blessing|[consumed]\n|\n|t:|1701035582\n|-heal|p1: Flutter Mane|50\/100|[from] move: Revival Blessing\n|move|p2a: Sandy Shocks|Thunderbolt|p1a: Rabsca\n|-damage|p1a: Rabsca|0 fnt\n|faint|p1a: Rabsca\n|\n|-weather|SunnyDay|[upkeep]\n|upkeep\n|\n|t:|1701035589\n|switch|p1a: Houndstone|Houndstone, M|100\/100\n|turn|16\n|\n|t:|1701035600\n|move|p1a: Houndstone|Last Respects|p2a: Sandy Shocks\n|-damage|p2a: Sandy Shocks|0 fnt\n|faint|p2a: Sandy Shocks\n|-end|p2a: Sandy Shocks|Protosynthesis|[silent]\n|\n|-weather|SunnyDay|[upkeep]\n|upkeep\n|\n|t:|1701035604\n|switch|p2a: Roaring Moon|Roaring Moon, tera:Fairy|24\/100\n|-activate|p2a: Roaring Moon|ability: Protosynthesis\n|-start|p2a: Roaring Moon|protosynthesisatk\n|turn|17\n|-message|Lass Veronica forfeited.\n|\n|win|Mr Kipling Ct\n|raw|Mr Kipling Ct's rating: 1077 &rarr; <strong>1112<\/strong><br \/>(+35 for winning)\n|raw|Lass Veronica's rating: 1157 &rarr; <strong>1126<\/strong><br \/>(-31 for losing)\n|l|\u2606Lass Veronica\n","uploadtime":1701035612,"views":0,"p1id":"mrkiplingct","p2id":"lassveronica","formatid":"gen9anythinggoes","rating":1112,"private":0,"password":""}