{"id":"gen9anythinggoes-2000304829","p1":"The Duper","p2":"fight fora","format":"[Gen 9] Anything Goes","log":"|j|\u203dThe Duper\n|j|\u2606fight fora\n|t:|1701183223\n|gametype|singles\n|player|p1|The Duper|veteran|1129\n|player|p2|fight fora|youngster-gen4dp|1233\n|teamsize|p1|6\n|teamsize|p2|6\n|gen|9\n|tier|[Gen 9] Anything Goes\n|rated|\n|rule|HP Percentage Mod: HP is shown in percentages\n|rule|Endless Battle Clause: Forcing endless battles is banned\n|clearpoke\n|poke|p1|Lurantis, M|\n|poke|p1|Snorlax, F|\n|poke|p1|Basculegion, M|\n|poke|p1|Dugtrio, F|\n|poke|p1|Ambipom, F|\n|poke|p1|Quaquaval, M|\n|poke|p2|Eternatus|\n|poke|p2|Kyogre|\n|poke|p2|Calyrex-Shadow|\n|poke|p2|Dialga|\n|poke|p2|Overqwil, F|\n|poke|p2|Zacian-*|\n|teampreview\n|\n|t:|1701183238\n|start\n|switch|p1a: Dugtrio|Dugtrio, F|100\/100\n|switch|p2a: Zacian|Zacian-Crowned|100\/100\n|-ability|p2a: Zacian|Intrepid Sword|boost\n|-boost|p2a: Zacian|atk|1\n|turn|1\n|\n|t:|1701183251\n|-terastallize|p2a: Zacian|Fairy\n|move|p2a: Zacian|Ice Fang|p1a: Dugtrio\n|-supereffective|p1a: Dugtrio\n|-enditem|p1a: Dugtrio|Focus Sash\n|-damage|p1a: Dugtrio|1\/100\n|move|p1a: Dugtrio|Earthquake|p2a: Zacian\n|-crit|p2a: Zacian\n|-damage|p2a: Zacian|49\/100\n|\n|upkeep\n|turn|2\n|\n|t:|1701183263\n|move|p1a: Dugtrio|Sucker Punch|p2a: Zacian\n|-resisted|p2a: Zacian\n|-damage|p2a: Zacian|42\/100\n|move|p2a: Zacian|Ice Fang|p1a: Dugtrio|[miss]\n|-miss|p2a: Zacian|p1a: Dugtrio\n|\n|upkeep\n|turn|3\n|\n|t:|1701183277\n|move|p2a: Zacian|Ice Fang|p1a: Dugtrio\n|-supereffective|p1a: Dugtrio\n|-damage|p1a: Dugtrio|0 fnt\n|faint|p1a: Dugtrio\n|\n|upkeep\n|\n|t:|1701183285\n|switch|p1a: Ambipom|Ambipom, F|100\/100\n|turn|4\n|\n|t:|1701183290\n|move|p1a: Ambipom|Fake Out|p2a: Zacian\n|-enditem|p1a: Ambipom|Normal Gem|[from] gem\n|-damage|p2a: Zacian|16\/100\n|cant|p2a: Zacian|flinch\n|\n|upkeep\n|turn|5\n|\n|t:|1701183300\n|move|p2a: Zacian|Behemoth Blade|p1a: Ambipom\n|-damage|p1a: Ambipom|0 fnt\n|faint|p1a: Ambipom\n|\n|upkeep\n|\n|t:|1701183311\n|switch|p1a: Quaquaval|Quaquaval, M|100\/100\n|turn|6\n|\n|t:|1701183318\n|-terastallize|p1a: Quaquaval|Water\n|move|p2a: Zacian|Moonblast|p1a: Quaquaval\n|-damage|p1a: Quaquaval|53\/100\n|-unboost|p1a: Quaquaval|spa|1\n|move|p1a: Quaquaval|Aqua Step|p2a: Zacian\n|-damage|p2a: Zacian|0 fnt\n|-boost|p1a: Quaquaval|spe|1\n|faint|p2a: Zacian\n|-ability|p1a: Quaquaval|Moxie|boost\n|-boost|p1a: Quaquaval|atk|1\n|\n|upkeep\n|\n|t:|1701183339\n|switch|p2a: Calyrex|Calyrex-Shadow|100\/100\n|-ability|p2a: Calyrex|As One\n|-ability|p2a: Calyrex|Unnerve\n|turn|7\n|\n|t:|1701183350\n|move|p1a: Quaquaval|Knock Off|p2a: Calyrex\n|-supereffective|p2a: Calyrex\n|-damage|p2a: Calyrex|0 fnt\n|-enditem|p2a: Calyrex|Leftovers|[from] move: Knock Off|[of] p1a: Quaquaval\n|faint|p2a: Calyrex\n|-ability|p1a: Quaquaval|Moxie|boost\n|-boost|p1a: Quaquaval|atk|1\n|\n|upkeep\n|\n|t:|1701183362\n|switch|p2a: Eternatus|Eternatus|100\/100\n|-ability|p2a: Eternatus|Pressure\n|turn|8\n|\n|t:|1701183375\n|move|p1a: Quaquaval|Close Combat|p2a: Eternatus\n|-resisted|p2a: Eternatus\n|-damage|p2a: Eternatus|55\/100\n|-unboost|p1a: Quaquaval|def|1\n|-unboost|p1a: Quaquaval|spd|1\n|move|p2a: Eternatus|Dynamax Cannon|p1a: Quaquaval\n|-damage|p1a: Quaquaval|0 fnt\n|faint|p1a: Quaquaval\n|\n|-heal|p2a: Eternatus|61\/100|[from] item: Black Sludge\n|upkeep\n|\n|t:|1701183392\n|switch|p1a: Snorlax|Snorlax, F|100\/100\n|turn|9\n|\n|t:|1701183408\n|move|p2a: Eternatus|Toxic|p1a: Snorlax\n|-immune|p1a: Snorlax|[from] ability: Immunity\n|move|p1a: Snorlax|Curse|p1a: Snorlax\n|-unboost|p1a: Snorlax|spe|1\n|-boost|p1a: Snorlax|atk|1\n|-boost|p1a: Snorlax|def|1\n|\n|-heal|p2a: Eternatus|67\/100|[from] item: Black Sludge\n|upkeep\n|turn|10\n|\n|t:|1701183420\n|move|p2a: Eternatus|Dynamax Cannon|p1a: Snorlax\n|-damage|p1a: Snorlax|80\/100\n|move|p1a: Snorlax|Curse|p1a: Snorlax\n|-unboost|p1a: Snorlax|spe|1\n|-boost|p1a: Snorlax|atk|1\n|-boost|p1a: Snorlax|def|1\n|\n|-heal|p2a: Eternatus|74\/100|[from] item: Black Sludge\n|-heal|p1a: Snorlax|86\/100|[from] item: Leftovers\n|upkeep\n|turn|11\n|\n|t:|1701183433\n|move|p2a: Eternatus|Dynamax Cannon|p1a: Snorlax\n|-damage|p1a: Snorlax|65\/100\n|move|p1a: Snorlax|Curse|p1a: Snorlax\n|-unboost|p1a: Snorlax|spe|1\n|-boost|p1a: Snorlax|atk|1\n|-boost|p1a: Snorlax|def|1\n|\n|-heal|p2a: Eternatus|80\/100|[from] item: Black Sludge\n|-heal|p1a: Snorlax|71\/100|[from] item: Leftovers\n|upkeep\n|turn|12\n|\n|t:|1701183446\n|move|p2a: Eternatus|Dynamax Cannon|p1a: Snorlax\n|-damage|p1a: Snorlax|51\/100\n|move|p1a: Snorlax|Curse|p1a: Snorlax\n|-unboost|p1a: Snorlax|spe|1\n|-boost|p1a: Snorlax|atk|1\n|-boost|p1a: Snorlax|def|1\n|\n|-heal|p2a: Eternatus|86\/100|[from] item: Black Sludge\n|-heal|p1a: Snorlax|57\/100|[from] item: Leftovers\n|upkeep\n|turn|13\n|\n|t:|1701183458\n|move|p2a: Eternatus|Dynamax Cannon|p1a: Snorlax\n|-damage|p1a: Snorlax|37\/100\n|move|p1a: Snorlax|Body Slam|p2a: Eternatus\n|-damage|p2a: Eternatus|8\/100\n|\n|-heal|p2a: Eternatus|14\/100|[from] item: Black Sludge\n|-heal|p1a: Snorlax|43\/100|[from] item: Leftovers\n|upkeep\n|turn|14\n|\n|t:|1701183469\n|move|p2a: Eternatus|Dynamax Cannon|p1a: Snorlax\n|-damage|p1a: Snorlax|23\/100\n|move|p1a: Snorlax|Rest|p1a: Snorlax\n|-status|p1a: Snorlax|slp|[from] move: Rest\n|-heal|p1a: Snorlax|100\/100 slp|[silent]\n|\n|-heal|p2a: Eternatus|20\/100|[from] item: Black Sludge\n|upkeep\n|turn|15\n|\n|t:|1701183479\n|move|p2a: Eternatus|Dynamax Cannon|p1a: Snorlax\n|-damage|p1a: Snorlax|79\/100 slp\n|cant|p1a: Snorlax|slp\n|move|p1a: Snorlax|Sleep Talk|p1a: Snorlax\n|move|p1a: Snorlax|Curse|p1a: Snorlax|[from]move: Sleep Talk\n|-unboost|p1a: Snorlax|spe|1\n|-boost|p1a: Snorlax|atk|1\n|-boost|p1a: Snorlax|def|1\n|\n|-heal|p2a: Eternatus|26\/100|[from] item: Black Sludge\n|-heal|p1a: Snorlax|85\/100 slp|[from] item: Leftovers\n|upkeep\n|turn|16\n|\n|t:|1701183493\n|move|p2a: Eternatus|Dynamax Cannon|p1a: Snorlax\n|-damage|p1a: Snorlax|65\/100 slp\n|cant|p1a: Snorlax|slp\n|move|p1a: Snorlax|Sleep Talk|p1a: Snorlax\n|move|p1a: Snorlax|Rest||[from]move: Sleep Talk|[still]\n|-fail|p1a: Snorlax\n|\n|-heal|p2a: Eternatus|32\/100|[from] item: Black Sludge\n|-heal|p1a: Snorlax|71\/100 slp|[from] item: Leftovers\n|upkeep\n|turn|17\n|\n|t:|1701183515\n|move|p2a: Eternatus|Sludge Bomb|p1a: Snorlax\n|-damage|p1a: Snorlax|51\/100 slp\n|-curestatus|p1a: Snorlax|slp|[msg]\n|move|p1a: Snorlax|Body Slam|p2a: Eternatus\n|-damage|p2a: Eternatus|0 fnt\n|faint|p2a: Eternatus\n|\n|-heal|p1a: Snorlax|57\/100|[from] item: Leftovers\n|upkeep\n|\n|t:|1701183527\n|switch|p2a: Kyogre|Kyogre|100\/100\n|-weather|RainDance|[from] ability: Drizzle|[of] p2a: Kyogre\n|turn|18\n|\n|t:|1701183533\n|move|p2a: Kyogre|Ice Beam|p1a: Snorlax\n|-damage|p1a: Snorlax|44\/100\n|move|p1a: Snorlax|Body Slam|p2a: Kyogre\n|-damage|p2a: Kyogre|2\/100\n|\n|-weather|RainDance|[upkeep]\n|-heal|p2a: Kyogre|8\/100|[from] item: Leftovers\n|-heal|p1a: Snorlax|50\/100|[from] item: Leftovers\n|upkeep\n|turn|19\n|\n|t:|1701183544\n|move|p2a: Kyogre|Ice Beam|p1a: Snorlax\n|-damage|p1a: Snorlax|36\/100\n|move|p1a: Snorlax|Rest|p1a: Snorlax\n|-status|p1a: Snorlax|slp|[from] move: Rest\n|-heal|p1a: Snorlax|100\/100 slp|[silent]\n|\n|-weather|RainDance|[upkeep]\n|-heal|p2a: Kyogre|14\/100|[from] item: Leftovers\n|upkeep\n|turn|20\n|\n|t:|1701183555\n|move|p2a: Kyogre|Ice Beam|p1a: Snorlax\n|-damage|p1a: Snorlax|88\/100 slp\n|cant|p1a: Snorlax|slp\n|move|p1a: Snorlax|Sleep Talk|p1a: Snorlax\n|move|p1a: Snorlax|Curse|p1a: Snorlax|[from]move: Sleep Talk\n|-unboost|p1a: Snorlax|spe|1\n|-boost|p1a: Snorlax|atk|1\n|-boost|p1a: Snorlax|def|1\n|\n|-weather|RainDance|[upkeep]\n|-heal|p2a: Kyogre|21\/100|[from] item: Leftovers\n|-heal|p1a: Snorlax|94\/100 slp|[from] item: Leftovers\n|upkeep\n|turn|21\n|\n|t:|1701183570\n|move|p2a: Kyogre|Surf|p1a: Snorlax\n|-damage|p1a: Snorlax|62\/100 slp\n|cant|p1a: Snorlax|slp\n|move|p1a: Snorlax|Sleep Talk|p1a: Snorlax\n|move|p1a: Snorlax|Curse|p1a: Snorlax|[from]move: Sleep Talk\n|\n|-weather|RainDance|[upkeep]\n|-heal|p2a: Kyogre|27\/100|[from] item: Leftovers\n|-heal|p1a: Snorlax|68\/100 slp|[from] item: Leftovers\n|upkeep\n|turn|22\n|\n|t:|1701183582\n|move|p2a: Kyogre|Ice Beam|p1a: Snorlax\n|-damage|p1a: Snorlax|54\/100 slp\n|-curestatus|p1a: Snorlax|slp|[msg]\n|move|p1a: Snorlax|Body Slam|p2a: Kyogre\n|-damage|p2a: Kyogre|0 fnt\n|faint|p2a: Kyogre\n|\n|-weather|none\n|-heal|p1a: Snorlax|60\/100|[from] item: Leftovers\n|upkeep\n|\n|t:|1701183594\n|switch|p2a: Overqwil|Overqwil, F|100\/100\n|turn|23\n|\n|t:|1701183599\n|move|p2a: Overqwil|Toxic|p1a: Snorlax\n|-immune|p1a: Snorlax|[from] ability: Immunity\n|move|p1a: Snorlax|Body Slam|p2a: Overqwil\n|-damage|p2a: Overqwil|0 fnt\n|faint|p2a: Overqwil\n|\n|-heal|p1a: Snorlax|66\/100|[from] item: Leftovers\n|upkeep\n|\n|t:|1701183610\n|switch|p2a: Dialga|Dialga|100\/100\n|-ability|p2a: Dialga|Pressure\n|turn|24\n|\n|t:|1701183616\n|move|p2a: Dialga|Dragon Pulse|p1a: Snorlax\n|-damage|p1a: Snorlax|44\/100\n|move|p1a: Snorlax|Body Slam|p2a: Dialga\n|-resisted|p2a: Dialga\n|-damage|p2a: Dialga|53\/100\n|\n|-heal|p2a: Dialga|59\/100|[from] item: Leftovers\n|-heal|p1a: Snorlax|50\/100|[from] item: Leftovers\n|upkeep\n|turn|25\n|\n|t:|1701183632\n|move|p2a: Dialga|Ice Beam|p1a: Snorlax\n|-damage|p1a: Snorlax|32\/100\n|move|p1a: Snorlax|Body Slam|p2a: Dialga\n|-resisted|p2a: Dialga\n|-damage|p2a: Dialga|8\/100\n|\n|-heal|p2a: Dialga|14\/100|[from] item: Leftovers\n|-heal|p1a: Snorlax|38\/100|[from] item: Leftovers\n|upkeep\n|turn|26\n|\n|t:|1701183642\n|move|p2a: Dialga|Ice Beam|p1a: Snorlax\n|-damage|p1a: Snorlax|20\/100\n|-status|p1a: Snorlax|frz\n|cant|p1a: Snorlax|frz\n|\n|-heal|p2a: Dialga|20\/100|[from] item: Leftovers\n|-heal|p1a: Snorlax|26\/100 frz|[from] item: Leftovers\n|upkeep\n|turn|27\n|\n|t:|1701183656\n|move|p2a: Dialga|Dragon Pulse|p1a: Snorlax\n|-damage|p1a: Snorlax|1\/100 frz\n|-curestatus|p1a: Snorlax|frz|[msg]\n|move|p1a: Snorlax|Rest|p1a: Snorlax\n|-status|p1a: Snorlax|slp|[from] move: Rest\n|-heal|p1a: Snorlax|100\/100 slp|[silent]\n|\n|-heal|p2a: Dialga|26\/100|[from] item: Leftovers\n|upkeep\n|turn|28\n|\n|t:|1701183669\n|move|p2a: Dialga|Dragon Pulse|p1a: Snorlax\n|-damage|p1a: Snorlax|76\/100 slp\n|cant|p1a: Snorlax|slp\n|move|p1a: Snorlax|Sleep Talk|p1a: Snorlax\n|move|p1a: Snorlax|Curse|p1a: Snorlax|[from]move: Sleep Talk\n|\n|-heal|p2a: Dialga|32\/100|[from] item: Leftovers\n|-heal|p1a: Snorlax|82\/100 slp|[from] item: Leftovers\n|upkeep\n|turn|29\n|\n|t:|1701183683\n|move|p2a: Dialga|Dragon Pulse|p1a: Snorlax\n|-damage|p1a: Snorlax|56\/100 slp\n|cant|p1a: Snorlax|slp\n|move|p1a: Snorlax|Sleep Talk|p1a: Snorlax\n|move|p1a: Snorlax|Curse|p1a: Snorlax|[from]move: Sleep Talk\n|\n|-heal|p2a: Dialga|38\/100|[from] item: Leftovers\n|-heal|p1a: Snorlax|62\/100 slp|[from] item: Leftovers\n|upkeep\n|turn|30\n|\n|t:|1701183695\n|move|p2a: Dialga|Dragon Pulse|p1a: Snorlax\n|-damage|p1a: Snorlax|38\/100 slp\n|-curestatus|p1a: Snorlax|slp|[msg]\n|move|p1a: Snorlax|Body Slam|p2a: Dialga\n|-resisted|p2a: Dialga\n|-damage|p2a: Dialga|0 fnt\n|faint|p2a: Dialga\n|\n|win|The Duper\n|raw|The Duper's rating: 1129 &rarr; <strong>1161<\/strong><br \/>(+32 for winning)\n|raw|fight fora's rating: 1233 &rarr; <strong>1201<\/strong><br \/>(-32 for losing)\n|l|\u2606fight fora\n","uploadtime":1701183718,"views":2,"p1id":"theduper","p2id":"fightfora","formatid":"gen9anythinggoes","rating":1161,"private":0,"password":""}