{"id":"gen9anythinggoes-1983270537","p1":"rivertail","p2":"Tsing0103","format":"[Gen 9] Anything Goes","log":"|j|\u2606rivertail\n|j|\u2606Tsing0103\n|t:|1699112629\n|gametype|singles\n|player|p1|rivertail|dawn-gen4pt|1248\n|player|p2|Tsing0103|iono|1175\n|teamsize|p1|6\n|teamsize|p2|6\n|gen|9\n|tier|[Gen 9] Anything Goes\n|rated|\n|rule|HP Percentage Mod: HP is shown in percentages\n|rule|Endless Battle Clause: Forcing endless battles is banned\n|clearpoke\n|poke|p1|Groudon|\n|poke|p1|Kyogre|\n|poke|p1|Rayquaza|\n|poke|p1|Dialga-Origin|\n|poke|p1|Palkia-Origin|\n|poke|p1|Giratina-Origin|\n|poke|p2|Miraidon|\n|poke|p2|Glimmora, M|\n|poke|p2|Calyrex-Shadow|\n|poke|p2|Arceus|\n|poke|p2|Arceus-Ground|\n|poke|p2|Koraidon|\n|teampreview\n|\n|t:|1699112636\n|start\n|switch|p1a: Groudon|Groudon, shiny|100\/100\n|switch|p2a: Glimmora|Glimmora, M|100\/100\n|-weather|SunnyDay|[from] ability: Drought|[of] p1a: Groudon\n|turn|1\n|\n|t:|1699112645\n|switch|p1a: Dialga|Dialga-Origin, shiny|100\/100\n|-ability|p1a: Dialga|Pressure\n|move|p2a: Glimmora|Stealth Rock|p1a: Dialga\n|-sidestart|p1: rivertail|move: Stealth Rock\n|\n|-weather|SunnyDay|[upkeep]\n|upkeep\n|turn|2\n|\n|t:|1699112660\n|switch|p2a: Arceus|Arceus-Ground|100\/100\n|move|p1a: Dialga|Flash Cannon|p2a: Arceus\n|-damage|p2a: Arceus|61\/100\n|\n|-weather|SunnyDay|[upkeep]\n|upkeep\n|turn|3\n|\n|t:|1699112669\n|switch|p1a: Rayquaza|Rayquaza, shiny|100\/100\n|-damage|p1a: Rayquaza|76\/100|[from] Stealth Rock\n|-ability|p1a: Rayquaza|Air Lock\n|move|p2a: Arceus|Earthquake|p1a: Rayquaza\n|-immune|p1a: Rayquaza\n|\n|-weather|SunnyDay|[upkeep]\n|-heal|p1a: Rayquaza|82\/100|[from] item: Leftovers\n|upkeep\n|turn|4\n|\n|t:|1699112685\n|switch|p2a: Glimmora|Glimmora, M|100\/100\n|move|p1a: Rayquaza|Hydro Pump|p2a: Glimmora\n|-supereffective|p2a: Glimmora\n|-damage|p2a: Glimmora|8\/100\n|\n|-weather|SunnyDay|[upkeep]\n|-heal|p1a: Rayquaza|88\/100|[from] item: Leftovers\n|upkeep\n|turn|5\n|\n|t:|1699112696\n|move|p1a: Rayquaza|Hydro Pump|p2a: Glimmora\n|-supereffective|p2a: Glimmora\n|-damage|p2a: Glimmora|0 fnt\n|faint|p2a: Glimmora\n|\n|-weather|SunnyDay|[upkeep]\n|-heal|p1a: Rayquaza|94\/100|[from] item: Leftovers\n|upkeep\n|\n|t:|1699112704\n|switch|p2a: Miraidon|Miraidon|100\/100\n|-fieldstart|move: Electric Terrain|[from] ability: Hadron Engine|[of] p2a: Miraidon\n|turn|6\n|\n|t:|1699112712\n|move|p2a: Miraidon|Electro Drift|p1a: Rayquaza\n|-damage|p1a: Rayquaza|22\/100\n|move|p1a: Rayquaza|Earth Power|p2a: Miraidon\n|-supereffective|p2a: Miraidon\n|-damage|p2a: Miraidon|54\/100\n|-unboost|p2a: Miraidon|spd|1\n|\n|-weather|SunnyDay|[upkeep]\n|-heal|p1a: Rayquaza|28\/100|[from] item: Leftovers\n|upkeep\n|turn|7\n|\n|t:|1699112727\n|switch|p1a: Groudon|Groudon, shiny|100\/100\n|-damage|p1a: Groudon|94\/100|[from] Stealth Rock\n|move|p2a: Miraidon|Reflect|p2a: Miraidon\n|-sidestart|p2: Tsing0103|Reflect\n|\n|-weather|SunnyDay|[upkeep]\n|upkeep\n|turn|8\n|\n|t:|1699112739\n|switch|p2a: Calyrex|Calyrex-Shadow|100\/100\n|-ability|p2a: Calyrex|As One\n|-ability|p2a: Calyrex|Unnerve\n|-enditem|p2a: Calyrex|Electric Seed\n|-boost|p2a: Calyrex|def|1|[from] item: Electric Seed\n|move|p1a: Groudon|Precipice Blades|p2a: Calyrex\n|-damage|p2a: Calyrex|75\/100\n|\n|-weather|none\n|upkeep\n|turn|9\n|\n|t:|1699112754\n|switch|p1a: Dialga|Dialga-Origin, shiny|100\/100\n|-damage|p1a: Dialga|94\/100|[from] Stealth Rock\n|-ability|p1a: Dialga|Pressure\n|move|p2a: Calyrex|Nasty Plot|p2a: Calyrex\n|-boost|p2a: Calyrex|spa|2\n|\n|upkeep\n|turn|10\n|\n|t:|1699112767\n|move|p2a: Calyrex|Astral Barrage|p1a: Dialga\n|-damage|p1a: Dialga|0 fnt\n|faint|p1a: Dialga\n|-ability|p2a: Calyrex|Grim Neigh|boost\n|-boost|p2a: Calyrex|spa|1\n|\n|-fieldend|move: Electric Terrain\n|upkeep\n|\n|t:|1699112785\n|switch|p1a: Giratina|Giratina-Origin, shiny|100\/100\n|-damage|p1a: Giratina|88\/100|[from] Stealth Rock\n|turn|11\n|\n|t:|1699112792\n|-terastallize|p2a: Calyrex|Fairy\n|-terastallize|p1a: Giratina|Dark\n|move|p2a: Calyrex|Astral Barrage|p1a: Giratina\n|-resisted|p1a: Giratina\n|-damage|p1a: Giratina|27\/100\n|move|p1a: Giratina|Shadow Force||[still]\n|-prepare|p1a: Giratina|Shadow Force\n|\n|upkeep\n|turn|12\n|\n|t:|1699112806\n|move|p2a: Calyrex|Nasty Plot|p2a: Calyrex\n|-boost|p2a: Calyrex|spa|2\n|move|p1a: Giratina|Shadow Force|p2a: Calyrex|[from]lockedmove\n|-damage|p2a: Calyrex|46\/100\n|\n|upkeep\n|turn|13\n|\n|t:|1699112818\n|move|p2a: Calyrex|Draining Kiss|p1a: Giratina\n|-supereffective|p1a: Giratina\n|-damage|p1a: Giratina|0 fnt\n|-heal|p2a: Calyrex|74\/100|[from] drain|[of] p1a: Giratina\n|faint|p1a: Giratina\n|-ability|p2a: Calyrex|Grim Neigh|boost\n|-boost|p2a: Calyrex|spa|1\n|\n|upkeep\n|\n|t:|1699112829\n|switch|p1a: Groudon|Groudon, shiny|94\/100\n|-damage|p1a: Groudon|88\/100|[from] Stealth Rock\n|-weather|SunnyDay|[from] ability: Drought|[of] p1a: Groudon\n|turn|14\n|\n|t:|1699112835\n|move|p2a: Calyrex|Draining Kiss|p1a: Groudon\n|-damage|p1a: Groudon|0 fnt\n|-heal|p2a: Calyrex|100\/100|[from] drain|[of] p1a: Groudon\n|faint|p1a: Groudon\n|\n|-weather|SunnyDay|[upkeep]\n|-sideend|p2: Tsing0103|Reflect\n|upkeep\n|\n|t:|1699112842\n|switch|p1a: Kyogre|Kyogre, shiny|100\/100\n|-damage|p1a: Kyogre|88\/100|[from] Stealth Rock\n|-weather|RainDance|[from] ability: Drizzle|[of] p1a: Kyogre\n|turn|15\n|\n|t:|1699112849\n|move|p2a: Calyrex|Draining Kiss|p1a: Kyogre\n|-damage|p1a: Kyogre|0 fnt\n|faint|p1a: Kyogre\n|\n|-weather|RainDance|[upkeep]\n|upkeep\n|\n|t:|1699112854\n|switch|p1a: Palkia|Palkia-Origin, shiny|100\/100\n|-damage|p1a: Palkia|88\/100|[from] Stealth Rock\n|-ability|p1a: Palkia|Pressure\n|turn|16\n|\n|t:|1699112862\n|move|p2a: Calyrex|Astral Barrage|p1a: Palkia\n|-damage|p1a: Palkia|0 fnt\n|faint|p1a: Palkia\n|\n|-weather|RainDance|[upkeep]\n|upkeep\n|\n|t:|1699112868\n|switch|p1a: Rayquaza|Rayquaza, shiny|28\/100\n|-damage|p1a: Rayquaza|3\/100|[from] Stealth Rock\n|-ability|p1a: Rayquaza|Air Lock\n|turn|17\n|\n|t:|1699112874\n|move|p2a: Calyrex|Draining Kiss|p1a: Rayquaza\n|-supereffective|p1a: Rayquaza\n|-damage|p1a: Rayquaza|0 fnt\n|faint|p1a: Rayquaza\n|\n|win|Tsing0103\n|raw|rivertail's rating: 1248 &rarr; <strong>1218<\/strong><br \/>(-30 for losing)\n|raw|Tsing0103's rating: 1175 &rarr; <strong>1205<\/strong><br \/>(+30 for winning)\n","uploadtime":1699112883,"views":8,"p1id":"rivertail","p2id":"tsing0103","formatid":"gen9anythinggoes","rating":1205,"private":0,"password":""}