{"id":"gen9anythinggoes-1993245708","p1":"bigdoof1121","p2":"Terra_Spectrum8293","format":"[Gen 9] Anything Goes","log":"|j|\u2606bigdoof1121\n|j|\u2606Terra_Spectrum8293\n|t:|1700283536\n|gametype|singles\n|player|p1|bigdoof1121|1|1078\n|player|p2|Terra_Spectrum8293|nessa|1164\n|teamsize|p1|6\n|teamsize|p2|6\n|gen|9\n|tier|[Gen 9] Anything Goes\n|rated|\n|rule|HP Percentage Mod: HP is shown in percentages\n|rule|Endless Battle Clause: Forcing endless battles is banned\n|clearpoke\n|poke|p1|Diancie|\n|poke|p1|Kommo-o, F|\n|poke|p1|Zoroark-Hisui, F|\n|poke|p1|Gengar, M|\n|poke|p1|Salamence, M|\n|poke|p1|Copperajah, F|\n|poke|p2|Grimmsnarl, M|\n|poke|p2|Haxorus, F|\n|poke|p2|Polteageist|\n|poke|p2|Flapple, M|\n|poke|p2|Scream Tail|\n|poke|p2|Zacian-*|\n|teampreview\n|inactive|Battle timer is ON: inactive players will automatically lose when time's up. (requested by Terra_Spectrum8293)\n|\n|t:|1700283563\n|start\n|switch|p1a: Diancie|Diancie|100\/100\n|switch|p2a: Abominable Orc|Grimmsnarl, M, shiny|100\/100\n|turn|1\n|\n|t:|1700283581\n|move|p2a: Abominable Orc|Light Screen|p2a: Abominable Orc\n|-sidestart|p2: Terra_Spectrum8293|move: Light Screen\n|move|p1a: Diancie|Trick Room|p1a: Diancie\n|-fieldstart|move: Trick Room|[of] p1a: Diancie\n|\n|upkeep\n|turn|2\n|\n|t:|1700283585\n|move|p2a: Abominable Orc|Reflect|p2a: Abominable Orc\n|-sidestart|p2: Terra_Spectrum8293|Reflect\n|move|p1a: Diancie|Calm Mind|p1a: Diancie\n|-boost|p1a: Diancie|spa|1\n|-boost|p1a: Diancie|spd|1\n|\n|upkeep\n|turn|3\n|\n|t:|1700283590\n|move|p2a: Abominable Orc|Parting Shot|p1a: Diancie\n|-fail|p1a: Diancie|unboost|[from] ability: Clear Body|[of] p1a: Diancie\n|move|p1a: Diancie|Calm Mind|p1a: Diancie\n|-boost|p1a: Diancie|spa|1\n|-boost|p1a: Diancie|spd|1\n|\n|upkeep\n|turn|4\n|\n|t:|1700283600\n|switch|p2a: Slurp|Polteageist|100\/100\n|move|p1a: Diancie|Calm Mind|p1a: Diancie\n|-boost|p1a: Diancie|spa|1\n|-boost|p1a: Diancie|spd|1\n|\n|upkeep\n|turn|5\n|\n|t:|1700283605\n|move|p1a: Diancie|Baton Pass|p1a: Diancie\n|\n|t:|1700283617\n|switch|p1a: Salamence|Salamence, M|100\/100|[from] Baton Pass\n|move|p2a: Slurp|Shell Smash|p2a: Slurp\n|-unboost|p2a: Slurp|def|1\n|-unboost|p2a: Slurp|spd|1\n|-boost|p2a: Slurp|atk|2\n|-boost|p2a: Slurp|spa|2\n|-boost|p2a: Slurp|spe|2\n|-enditem|p2a: Slurp|White Herb\n|-clearnegativeboost|p2a: Slurp|[silent]\n|\n|-fieldend|move: Trick Room\n|upkeep\n|turn|6\n|\n|t:|1700283631\n|move|p2a: Slurp|Baton Pass|p2a: Slurp\n|\n|t:|1700283635\n|switch|p2a: Ice Cream|Scream Tail|100\/100|[from] Baton Pass\n|move|p1a: Salamence|Dragon Dance|p1a: Salamence\n|-boost|p1a: Salamence|atk|1\n|-boost|p1a: Salamence|spe|1\n|\n|upkeep\n|turn|7\n|\n|t:|1700283642\n|move|p2a: Ice Cream|Bulk Up|p2a: Ice Cream\n|-boost|p2a: Ice Cream|atk|1\n|-boost|p2a: Ice Cream|def|1\n|move|p1a: Salamence|Fire Fang|p2a: Ice Cream\n|-damage|p2a: Ice Cream|87\/100\n|-damage|p1a: Salamence|91\/100|[from] item: Life Orb\n|\n|upkeep\n|turn|8\n|\n|t:|1700283652\n|move|p2a: Ice Cream|Bulk Up|p2a: Ice Cream\n|-boost|p2a: Ice Cream|atk|1\n|-boost|p2a: Ice Cream|def|1\n|move|p1a: Salamence|Dual Wingbeat|p2a: Ice Cream\n|-damage|p2a: Ice Cream|78\/100\n|-damage|p2a: Ice Cream|69\/100\n|-hitcount|p2a: Ice Cream|2\n|-damage|p1a: Salamence|81\/100|[from] item: Life Orb\n|\n|-sideend|p2: Terra_Spectrum8293|move: Light Screen\n|upkeep\n|turn|9\n|\n|t:|1700283663\n|move|p2a: Ice Cream|Play Rough|p1a: Salamence|[miss]\n|-miss|p2a: Ice Cream|p1a: Salamence\n|move|p1a: Salamence|Dragon Tail|p2a: Ice Cream\n|-immune|p2a: Ice Cream\n|\n|-sideend|p2: Terra_Spectrum8293|Reflect\n|upkeep\n|turn|10\n|\n|t:|1700283670\n|move|p2a: Ice Cream|Play Rough|p1a: Salamence\n|-supereffective|p1a: Salamence\n|-damage|p1a: Salamence|0 fnt\n|faint|p1a: Salamence\n|\n|upkeep\n|\n|t:|1700283677\n|switch|p1a: Copperajah|Copperajah, F|100\/100\n|turn|11\n|\n|t:|1700283682\n|move|p2a: Ice Cream|Baton Pass|p2a: Ice Cream\n|\n|t:|1700283684\n|-end|p2a: Ice Cream|Protosynthesis|[silent]\n|switch|p2a: Sakura|Zacian-Crowned|100\/100|[from] Baton Pass\n|-ability|p2a: Sakura|Intrepid Sword|boost\n|-boost|p2a: Sakura|atk|1\n|move|p1a: Copperajah|Iron Defense|p1a: Copperajah\n|-boost|p1a: Copperajah|def|2\n|\n|upkeep\n|turn|12\n|\n|t:|1700283695\n|move|p2a: Sakura|Close Combat|p1a: Copperajah\n|-supereffective|p1a: Copperajah\n|-damage|p1a: Copperajah|0 fnt\n|-unboost|p2a: Sakura|def|1\n|-unboost|p2a: Sakura|spd|1\n|faint|p1a: Copperajah\n|\n|upkeep\n|-message|bigdoof1121 forfeited.\n|\n|win|Terra_Spectrum8293\n|raw|bigdoof1121's rating: 1078 &rarr; <strong>1062<\/strong><br \/>(-16 for losing)\n|raw|Terra_Spectrum8293's rating: 1164 &rarr; <strong>1183<\/strong><br \/>(+19 for winning)\n|l|\u2606bigdoof1121\n","uploadtime":1700283726,"views":3,"p1id":"bigdoof1121","p2id":"terraspectrum8293","formatid":"gen9anythinggoes","rating":1062,"private":0,"password":""}