{"id":"gen9anythinggoes-1999438255","p1":"longhiep341","p2":"Natcrozma (\u25d5\u203f\u25d5\u273f)","format":"[Gen 9] Anything Goes","log":"|j|\u2606longhiep341\n|j|\u2606Natcrozma (\u25d5\u203f\u25d5\u273f)\n|t:|1701080537\n|gametype|singles\n|player|p1|longhiep341|yellow|\n|player|p2|Natcrozma (\u25d5\u203f\u25d5\u273f)|penny|\n|teamsize|p1|6\n|teamsize|p2|6\n|gen|9\n|tier|[Gen 9] Anything Goes\n|rated|Tournament battle\n|rule|HP Percentage Mod: HP is shown in percentages\n|rule|Endless Battle Clause: Forcing endless battles is banned\n|rule|Species Clause: Limit one of each Pok\u00e9mon\n|rule|OHKO Clause: OHKO moves are banned\n|rule|Evasion Moves Clause: Evasion moves are banned\n|rule|Tier Shift Mod: Pok\u00e9mon get stat buffs depending on their tier, excluding HP.\n|rule|Sleep Clause Mod: Limit one foe put to sleep\n|rule|1 Ability Clause: Limit 1 of each ability\n|clearpoke\n|poke|p1|Noivern, F|\n|poke|p1|Crabominable, M|\n|poke|p1|Ampharos, F|\n|poke|p1|Hippowdon, M|\n|poke|p1|Corviknight, F|\n|poke|p1|Sudowoodo, M|\n|poke|p2|Corviknight, M|\n|poke|p2|Hariyama, F|\n|poke|p2|Frosmoth, M|\n|poke|p2|Revavroom, F|\n|poke|p2|Zoroark-Hisui, F|\n|poke|p2|Azelf|\n|teampreview\n|j|%Iolanthe\n|inactive|Battle timer is ON: inactive players will automatically lose when time's up. (requested by Natcrozma (\u25d5\u203f\u25d5\u273f))\n|c|\u2606Natcrozma (\u25d5\u203f\u25d5\u273f)|uh oh\n|c|\u2606Natcrozma (\u25d5\u203f\u25d5\u273f)|noivern\n|\n|t:|1701080551\n|start\n|switch|p1a: Sudowoodo|Sudowoodo, M|100\/100\n|switch|p2a: Corviknight|Corviknight, M|100\/100\n|turn|1\n|l|%Iolanthe\n|\n|t:|1701080556\n|move|p2a: Corviknight|Taunt|p1a: Sudowoodo\n|-start|p1a: Sudowoodo|move: Taunt\n|move|p1a: Sudowoodo|Head Smash|p2a: Corviknight\n|-damage|p2a: Corviknight|33\/100\n|\n|upkeep\n|turn|2\n|\n|t:|1701080571\n|switch|p1a: Corviknight|Corviknight, F|100\/100\n|move|p2a: Corviknight|Reflect|p2a: Corviknight\n|-sidestart|p2: Natcrozma (\u25d5\u203f\u25d5\u273f)|Reflect\n|\n|upkeep\n|turn|3\n|\n|t:|1701080576\n|move|p2a: Corviknight|Light Screen|p2a: Corviknight\n|-sidestart|p2: Natcrozma (\u25d5\u203f\u25d5\u273f)|move: Light Screen\n|move|p1a: Corviknight|U-turn|p2a: Corviknight\n|-resisted|p2a: Corviknight\n|-damage|p2a: Corviknight|32\/100\n|\n|t:|1701080581\n|switch|p1a: Sudowoodo|Sudowoodo, M|100\/100|[from] U-turn\n|\n|upkeep\n|turn|4\n|\n|t:|1701080585\n|switch|p1a: Corviknight|Corviknight, F|100\/100\n|move|p2a: Corviknight|U-turn|p1a: Corviknight\n|-resisted|p1a: Corviknight\n|-damage|p1a: Corviknight|98\/100\n|\n|t:|1701080593\n|switch|p2a: Hariyama|Hariyama, F|100\/100|[from] U-turn\n|\n|-heal|p1a: Corviknight|100\/100|[from] item: Leftovers\n|upkeep\n|turn|5\n|\n|t:|1701080597\n|move|p2a: Hariyama|Belly Drum|p2a: Hariyama\n|-damage|p2a: Hariyama|50\/100\n|-setboost|p2a: Hariyama|atk|6|[from] move: Belly Drum\n|-enditem|p2a: Hariyama|Sitrus Berry|[eat]\n|-heal|p2a: Hariyama|75\/100|[from] item: Sitrus Berry\n|move|p1a: Corviknight|U-turn|p2a: Hariyama\n|-resisted|p2a: Hariyama\n|-damage|p2a: Hariyama|73\/100\n|\n|t:|1701080599\n|switch|p1a: Hippowdon|Hippowdon, M|100\/100|[from] U-turn\n|\n|upkeep\n|turn|6\n|\n|t:|1701080602\n|move|p2a: Hariyama|Drain Punch|p1a: Hippowdon\n|-damage|p1a: Hippowdon|57\/100\n|-heal|p2a: Hariyama|94\/100|[from] drain|[of] p1a: Hippowdon\n|move|p1a: Hippowdon|Whirlwind|p2a: Hariyama\n|drag|p2a: Zoroark|Zoroark-Hisui, F|100\/100\n|\n|-heal|p1a: Hippowdon|64\/100|[from] item: Leftovers\n|upkeep\n|turn|7\n|\n|t:|1701080615\n|switch|p1a: Ampharos|Ampharos, F|100\/100\n|move|p2a: Zoroark|Shadow Ball|p1a: Ampharos\n|-damage|p1a: Ampharos|72\/100\n|\n|upkeep\n|turn|8\n|\n|t:|1701080619\n|move|p2a: Zoroark|Nasty Plot|p2a: Zoroark\n|-boost|p2a: Zoroark|spa|2\n|move|p1a: Ampharos|Discharge|p2a: Zoroark\n|-damage|p2a: Zoroark|72\/100\n|-status|p2a: Zoroark|par\n|\n|upkeep\n|turn|9\n|\n|t:|1701080624\n|move|p2a: Zoroark|Shadow Ball|p1a: Ampharos\n|-damage|p1a: Ampharos|11\/100\n|move|p1a: Ampharos|Dragon Tail|p2a: Zoroark\n|-damage|p2a: Zoroark|60\/100 par\n|drag|p2a: Corviknight|Corviknight, M|32\/100\n|\n|-sideend|p2: Natcrozma (\u25d5\u203f\u25d5\u273f)|Reflect\n|upkeep\n|turn|10\n|\n|t:|1701080633\n|move|p2a: Corviknight|Reflect|p2a: Corviknight\n|-sidestart|p2: Natcrozma (\u25d5\u203f\u25d5\u273f)|Reflect\n|move|p1a: Ampharos|Volt Switch|p2a: Corviknight\n|-supereffective|p2a: Corviknight\n|-damage|p2a: Corviknight|0 fnt\n|faint|p2a: Corviknight\n|\n|t:|1701080644\n|switch|p1a: Noivern|Noivern, F|100\/100|[from] Volt Switch\n|\n|-sideend|p2: Natcrozma (\u25d5\u203f\u25d5\u273f)|move: Light Screen\n|upkeep\n|\n|t:|1701080647\n|switch|p2a: Revavroom|Revavroom, F|100\/100\n|turn|11\n|\n|t:|1701080650\n|move|p1a: Noivern|Taunt|p2a: Revavroom\n|-start|p2a: Revavroom|move: Taunt\n|cant|p2a: Revavroom|move: Taunt|Shift Gear\n|\n|upkeep\n|turn|12\n|\n|t:|1701080657\n|switch|p1a: Corviknight|Corviknight, F|100\/100\n|move|p2a: Revavroom|Iron Head|p1a: Corviknight\n|-resisted|p1a: Corviknight\n|-damage|p1a: Corviknight|46\/100\n|-damage|p2a: Revavroom|91\/100|[from] item: Life Orb\n|\n|-heal|p1a: Corviknight|53\/100|[from] item: Leftovers\n|upkeep\n|turn|13\n|\n|t:|1701080662\n|switch|p1a: Hippowdon|Hippowdon, M|64\/100\n|move|p2a: Revavroom|Iron Head|p1a: Hippowdon\n|-damage|p1a: Hippowdon|50\/100\n|-damage|p2a: Revavroom|81\/100|[from] item: Life Orb\n|\n|-heal|p1a: Hippowdon|56\/100|[from] item: Leftovers\n|-end|p2a: Revavroom|move: Taunt\n|upkeep\n|turn|14\n|\n|t:|1701080668\n|switch|p2a: Frosmoth|Frosmoth, M|100\/100\n|move|p1a: Hippowdon|Earthquake|p2a: Frosmoth\n|-resisted|p2a: Frosmoth\n|-damage|p2a: Frosmoth|85\/100\n|\n|-heal|p1a: Hippowdon|62\/100|[from] item: Leftovers\n|upkeep\n|turn|15\n|\n|t:|1701080679\n|switch|p1a: Ampharos|Ampharos, F|44\/100\n|move|p2a: Frosmoth|Ice Beam|p1a: Ampharos\n|-damage|p1a: Ampharos|21\/100\n|-status|p1a: Ampharos|frz\n|\n|upkeep\n|turn|16\n|c|\u2606Natcrozma (\u25d5\u203f\u25d5\u273f)|mb\n|\n|t:|1701080695\n|switch|p1a: Sudowoodo|Sudowoodo, M|100\/100\n|move|p2a: Frosmoth|Quiver Dance|p2a: Frosmoth\n|-boost|p2a: Frosmoth|spa|1\n|-boost|p2a: Frosmoth|spd|1\n|-boost|p2a: Frosmoth|spe|1\n|\n|upkeep\n|turn|17\n|\n|t:|1701080701\n|move|p2a: Frosmoth|Ice Beam|p1a: Sudowoodo\n|-damage|p1a: Sudowoodo|0 fnt\n|faint|p1a: Sudowoodo\n|\n|-sideend|p2: Natcrozma (\u25d5\u203f\u25d5\u273f)|Reflect\n|upkeep\n|\n|t:|1701080708\n|switch|p1a: Corviknight|Corviknight, F|53\/100\n|turn|18\n|\n|t:|1701080710\n|move|p2a: Frosmoth|Ice Beam|p1a: Corviknight\n|-damage|p1a: Corviknight|18\/100\n|move|p1a: Corviknight|Brave Bird|p2a: Frosmoth\n|-supereffective|p2a: Frosmoth\n|-damage|p2a: Frosmoth|0 fnt\n|faint|p2a: Frosmoth\n|-damage|p1a: Corviknight|0 fnt|[from] Recoil\n|faint|p1a: Corviknight\n|\n|upkeep\n|\n|t:|1701080737\n|switch|p2a: Azelf|Azelf|100\/100\n|switch|p1a: Noivern|Noivern, F|100\/100\n|-fieldstart|move: Psychic Terrain|[from] ability: Psychic Surge|[of] p2a: Azelf\n|turn|19\n|\n|t:|1701080740\n|move|p1a: Noivern|Boomburst|p2a: Azelf\n|-damage|p2a: Azelf|0 fnt\n|faint|p2a: Azelf\n|\n|upkeep\n|\n|t:|1701080745\n|switch|p2a: Revavroom|Revavroom, F|81\/100\n|turn|20\n|\n|t:|1701080749\n|switch|p1a: Hippowdon|Hippowdon, M|62\/100\n|move|p2a: Revavroom|Shift Gear|p2a: Revavroom\n|-boost|p2a: Revavroom|spe|2\n|-boost|p2a: Revavroom|atk|1\n|\n|-heal|p1a: Hippowdon|68\/100|[from] item: Leftovers\n|upkeep\n|turn|21\n|\n|t:|1701080756\n|move|p2a: Revavroom|Gunk Shot|p1a: Hippowdon\n|-resisted|p1a: Hippowdon\n|-damage|p1a: Hippowdon|36\/100\n|-damage|p2a: Revavroom|71\/100|[from] item: Life Orb\n|move|p1a: Hippowdon|Earthquake|p2a: Revavroom\n|-supereffective|p2a: Revavroom\n|-damage|p2a: Revavroom|0 fnt\n|faint|p2a: Revavroom\n|\n|-heal|p1a: Hippowdon|42\/100|[from] item: Leftovers\n|upkeep\n|\n|t:|1701080761\n|switch|p2a: Zoroark|Zoroark-Hisui, F|60\/100 par\n|turn|22\n|\n|t:|1701080768\n|move|p2a: Zoroark|Shadow Ball|p1a: Hippowdon\n|-damage|p1a: Hippowdon|0 fnt\n|faint|p1a: Hippowdon\n|\n|upkeep\n|\n|t:|1701080771\n|switch|p1a: Noivern|Noivern, F|100\/100\n|turn|23\n|\n|t:|1701080774\n|move|p1a: Noivern|Boomburst|p2a: Zoroark\n|-damage|p2a: Zoroark|0 fnt\n|faint|p2a: Zoroark\n|\n|-fieldend|move: Psychic Terrain\n|upkeep\n|\n|t:|1701080776\n|switch|p2a: Hariyama|Hariyama, F|94\/100\n|turn|24\n|\n|t:|1701080783\n|-terastallize|p2a: Hariyama|Steel\n|move|p2a: Hariyama|Bullet Punch|p1a: Noivern\n|-damage|p1a: Noivern|73\/100\n|move|p1a: Noivern|Boomburst|p2a: Hariyama\n|-resisted|p2a: Hariyama\n|-damage|p2a: Hariyama|64\/100\n|\n|upkeep\n|turn|25\n|\n|t:|1701080791\n|move|p2a: Hariyama|Bullet Punch|p1a: Noivern\n|-damage|p1a: Noivern|48\/100\n|move|p1a: Noivern|Boomburst|p2a: Hariyama\n|-resisted|p2a: Hariyama\n|-damage|p2a: Hariyama|32\/100\n|\n|upkeep\n|turn|26\n|\n|t:|1701080795\n|move|p2a: Hariyama|Bullet Punch|p1a: Noivern\n|-damage|p1a: Noivern|19\/100\n|move|p1a: Noivern|Boomburst|p2a: Hariyama\n|-resisted|p2a: Hariyama\n|-damage|p2a: Hariyama|0 fnt\n|faint|p2a: Hariyama\n|\n|win|longhiep341\n|n|\u2606longhiep341|longhiep341\n|n|\u2606Natcrozma (\u25d5\u203f\u25d5\u273f)|natcrozma\n","uploadtime":1701080796,"views":11,"p1id":"longhiep341","p2id":"natcrozma","formatid":"gen9anythinggoes","rating":0,"private":0,"password":""}