{"id":"gen9anythinggoes-1982322142","p1":"OceansBounty","p2":"whismaster1","format":"[Gen 9] Anything Goes","log":"|j|\u2606OceansBounty\n|j|\u2606whismaster1\n|t:|1698997137\n|gametype|singles\n|player|p1|OceansBounty|scientist-gen4|1000\n|player|p2|whismaster1|lance|1000\n|teamsize|p1|6\n|teamsize|p2|6\n|gen|9\n|tier|[Gen 9] Anything Goes\n|rated|\n|rule|HP Percentage Mod: HP is shown in percentages\n|rule|Endless Battle Clause: Forcing endless battles is banned\n|clearpoke\n|poke|p1|Vaporeon, F|\n|poke|p1|Vaporeon, M|\n|poke|p1|Vaporeon, M|\n|poke|p1|Vaporeon, F|\n|poke|p1|Vaporeon, F|\n|poke|p1|Vaporeon, F|\n|poke|p2|Kyogre|\n|poke|p2|Calyrex-Shadow|\n|poke|p2|Rotom-Fan|\n|poke|p2|Gholdengo|\n|poke|p2|Slowking-Galar, M|\n|poke|p2|Annihilape, M|\n|teampreview\n|\n|t:|1698997142\n|start\n|switch|p1a: Vaporeon|Vaporeon, F|100\/100\n|switch|p2a: Rotom|Rotom-Fan, shiny|100\/100\n|turn|1\n|inactive|Battle timer is ON: inactive players will automatically lose when time's up. (requested by whismaster1)\n|c|\u2606OceansBounty|Did you know, that Vaporeon is the perfect partner pokemon\n|inactiveoff|Battle timer is now OFF.\n|\n|t:|1698997186\n|move|p2a: Rotom|Thunder|p1a: Vaporeon|[miss]\n|-miss|p2a: Rotom|p1a: Vaporeon\n|move|p1a: Vaporeon|Ice Beam|p2a: Rotom\n|-supereffective|p2a: Rotom\n|-damage|p2a: Rotom|18\/100\n|-status|p2a: Rotom|frz\n|\n|upkeep\n|turn|2\n|inactive|Battle timer is ON: inactive players will automatically lose when time's up. (requested by OceansBounty)\n|\n|t:|1698997199\n|cant|p2a: Rotom|frz\n|move|p1a: Vaporeon|Calm Mind|p1a: Vaporeon\n|-boost|p1a: Vaporeon|spa|1\n|-boost|p1a: Vaporeon|spd|1\n|\n|upkeep\n|turn|3\n|c|\u2606OceansBounty|Through our special training regime my vaporeons and I are the prefect team\n|inactive|OceansBounty has 120 seconds left.\n|\n|t:|1698997232\n|switch|p2a: Gholdengo|Gholdengo|100\/100\n|move|p1a: Vaporeon|Calm Mind|p1a: Vaporeon\n|-boost|p1a: Vaporeon|spa|1\n|-boost|p1a: Vaporeon|spd|1\n|\n|upkeep\n|turn|4\n|\n|t:|1698997242\n|move|p2a: Gholdengo|Iron Head|p1a: Vaporeon\n|-resisted|p1a: Vaporeon\n|-damage|p1a: Vaporeon|90\/100\n|cant|p1a: Vaporeon|flinch\n|\n|-heal|p1a: Vaporeon|96\/100|[from] item: Leftovers\n|upkeep\n|turn|5\n|\n|t:|1698997254\n|-terastallize|p2a: Gholdengo|Water\n|move|p2a: Gholdengo|Tera Blast|p1a: Vaporeon|[anim] Tera Blast Water\n|-heal|p1a: Vaporeon|100\/100|[from] ability: Water Absorb|[of] p2a: Gholdengo\n|move|p1a: Vaporeon|Scald|p2a: Gholdengo\n|-resisted|p2a: Gholdengo\n|-damage|p2a: Gholdengo|57\/100\n|-status|p2a: Gholdengo|brn\n|\n|-damage|p2a: Gholdengo|51\/100 brn|[from] brn\n|upkeep\n|turn|6\n|\n|t:|1698997268\n|move|p2a: Gholdengo|Dazzling Gleam|p1a: Vaporeon\n|-damage|p1a: Vaporeon|91\/100\n|move|p1a: Vaporeon|Hyper Voice|p2a: Gholdengo\n|-damage|p2a: Gholdengo|0 fnt\n|faint|p2a: Gholdengo\n|\n|-heal|p1a: Vaporeon|97\/100|[from] item: Leftovers\n|upkeep\n|\n|t:|1698997280\n|switch|p2a: Kyogre|Kyogre, shiny|100\/100\n|-weather|RainDance|[from] ability: Drizzle|[of] p2a: Kyogre\n|turn|7\n|\n|t:|1698997286\n|move|p2a: Kyogre|Aqua Tail|p1a: Vaporeon\n|-heal|p1a: Vaporeon|100\/100|[from] ability: Water Absorb|[of] p2a: Kyogre\n|move|p1a: Vaporeon|Hyper Voice|p2a: Kyogre\n|-damage|p2a: Kyogre|59\/100\n|\n|-weather|RainDance|[upkeep]\n|upkeep\n|turn|8\n|\n|t:|1698997298\n|move|p1a: Vaporeon|Hyper Voice|p2a: Kyogre\n|-damage|p2a: Kyogre|18\/100\n|move|p2a: Kyogre|Avalanche|p1a: Vaporeon\n|-resisted|p1a: Vaporeon\n|-damage|p1a: Vaporeon|86\/100\n|\n|-weather|RainDance|[upkeep]\n|-heal|p1a: Vaporeon|93\/100|[from] item: Leftovers\n|upkeep\n|turn|9\n|\n|t:|1698997313\n|switch|p2a: Calyrex|Calyrex-Shadow|100\/100\n|-ability|p2a: Calyrex|As One\n|-ability|p2a: Calyrex|Unnerve\n|move|p1a: Vaporeon|Calm Mind|p1a: Vaporeon\n|-boost|p1a: Vaporeon|spa|1\n|-boost|p1a: Vaporeon|spd|1\n|\n|-weather|RainDance|[upkeep]\n|-heal|p1a: Vaporeon|99\/100|[from] item: Leftovers\n|upkeep\n|turn|10\n|\n|t:|1698997327\n|move|p2a: Calyrex|Astral Barrage|p1a: Vaporeon\n|-damage|p1a: Vaporeon|80\/100\n|move|p1a: Vaporeon|Scald|p2a: Calyrex\n|-crit|p2a: Calyrex\n|-damage|p2a: Calyrex|0 fnt\n|faint|p2a: Calyrex\n|\n|-weather|RainDance|[upkeep]\n|-heal|p1a: Vaporeon|86\/100|[from] item: Leftovers\n|upkeep\n|\n|t:|1698997340\n|switch|p2a: Annihilape|Annihilape, M|100\/100\n|turn|11\n|\n|t:|1698997346\n|move|p2a: Annihilape|Close Combat|p1a: Vaporeon\n|-damage|p1a: Vaporeon|30\/100\n|-unboost|p2a: Annihilape|def|1\n|-unboost|p2a: Annihilape|spd|1\n|move|p1a: Vaporeon|Scald|p2a: Annihilape\n|-damage|p2a: Annihilape|0 fnt\n|faint|p2a: Annihilape\n|\n|-weather|none\n|-heal|p1a: Vaporeon|37\/100|[from] item: Leftovers\n|upkeep\n|\n|t:|1698997360\n|switch|p2a: Slowking|Slowking-Galar, M|100\/100\n|turn|12\n|\n|t:|1698997365\n|move|p2a: Slowking|Gunk Shot|p1a: Vaporeon\n|-damage|p1a: Vaporeon|5\/100\n|-status|p1a: Vaporeon|psn\n|move|p1a: Vaporeon|Scald|p2a: Slowking\n|-damage|p2a: Slowking|0 fnt\n|faint|p2a: Slowking\n|\n|-heal|p1a: Vaporeon|11\/100 psn|[from] item: Leftovers\n|-damage|p1a: Vaporeon|0 fnt|[from] psn\n|faint|p1a: Vaporeon\n|upkeep\n|\n|t:|1698997380\n|switch|p2a: Kyogre|Kyogre, shiny|18\/100\n|switch|p1a: Vaporeon|Vaporeon, M|100\/100\n|-weather|RainDance|[from] ability: Drizzle|[of] p2a: Kyogre\n|turn|13\n|\n|t:|1698997392\n|move|p1a: Vaporeon|Calm Mind|p1a: Vaporeon\n|-boost|p1a: Vaporeon|spa|1\n|-boost|p1a: Vaporeon|spd|1\n|move|p2a: Kyogre|Avalanche|p1a: Vaporeon\n|-resisted|p1a: Vaporeon\n|-damage|p1a: Vaporeon|93\/100\n|\n|-weather|RainDance|[upkeep]\n|-heal|p1a: Vaporeon|99\/100|[from] item: Leftovers\n|upkeep\n|turn|14\n|\n|t:|1698997402\n|move|p2a: Kyogre|Ancient Power|p1a: Vaporeon\n|-damage|p1a: Vaporeon|92\/100\n|-boost|p2a: Kyogre|atk|1\n|-boost|p2a: Kyogre|def|1\n|-boost|p2a: Kyogre|spa|1\n|-boost|p2a: Kyogre|spd|1\n|-boost|p2a: Kyogre|spe|1\n|move|p1a: Vaporeon|Acid Armor|p1a: Vaporeon\n|-boost|p1a: Vaporeon|def|2\n|\n|-weather|RainDance|[upkeep]\n|-heal|p1a: Vaporeon|98\/100|[from] item: Leftovers\n|upkeep\n|turn|15\n|\n|t:|1698997414\n|move|p2a: Kyogre|Ancient Power|p1a: Vaporeon\n|-damage|p1a: Vaporeon|87\/100\n|move|p1a: Vaporeon|Calm Mind|p1a: Vaporeon\n|-boost|p1a: Vaporeon|spa|1\n|-boost|p1a: Vaporeon|spd|1\n|\n|-weather|RainDance|[upkeep]\n|-heal|p1a: Vaporeon|93\/100|[from] item: Leftovers\n|upkeep\n|turn|16\n|\n|t:|1698997425\n|move|p2a: Kyogre|Ancient Power|p1a: Vaporeon\n|-damage|p1a: Vaporeon|84\/100\n|move|p1a: Vaporeon|Calm Mind|p1a: Vaporeon\n|-boost|p1a: Vaporeon|spa|1\n|-boost|p1a: Vaporeon|spd|1\n|\n|-weather|RainDance|[upkeep]\n|-heal|p1a: Vaporeon|90\/100|[from] item: Leftovers\n|upkeep\n|turn|17\n|\n|t:|1698997434\n|move|p2a: Kyogre|Ancient Power|p1a: Vaporeon\n|-damage|p1a: Vaporeon|83\/100\n|move|p1a: Vaporeon|Calm Mind|p1a: Vaporeon\n|-boost|p1a: Vaporeon|spa|1\n|-boost|p1a: Vaporeon|spd|1\n|\n|-weather|none\n|-heal|p1a: Vaporeon|89\/100|[from] item: Leftovers\n|upkeep\n|turn|18\n|\n|t:|1698997444\n|move|p2a: Kyogre|Ancient Power|p1a: Vaporeon\n|-damage|p1a: Vaporeon|84\/100\n|move|p1a: Vaporeon|Wish|p1a: Vaporeon\n|\n|-heal|p1a: Vaporeon|90\/100|[from] item: Leftovers\n|upkeep\n|turn|19\n|\n|t:|1698997452\n|move|p2a: Kyogre|Ancient Power|p1a: Vaporeon\n|-damage|p1a: Vaporeon|84\/100\n|move|p1a: Vaporeon|Calm Mind|p1a: Vaporeon\n|-boost|p1a: Vaporeon|spa|1\n|-boost|p1a: Vaporeon|spd|1\n|\n|-heal|p1a: Vaporeon|100\/100|[from] move: Wish|[wisher] Vaporeon\n|upkeep\n|turn|20\n|\n|t:|1698997465\n|move|p2a: Kyogre|Ancient Power|p1a: Vaporeon\n|-damage|p1a: Vaporeon|96\/100\n|-boost|p2a: Kyogre|atk|1\n|-boost|p2a: Kyogre|def|1\n|-boost|p2a: Kyogre|spa|1\n|-boost|p2a: Kyogre|spd|1\n|-boost|p2a: Kyogre|spe|1\n|move|p1a: Vaporeon|Calm Mind|p1a: Vaporeon\n|-boost|p1a: Vaporeon|spa|1\n|-boost|p1a: Vaporeon|spd|1\n|\n|-heal|p1a: Vaporeon|100\/100|[from] item: Leftovers\n|upkeep\n|turn|21\n|\n|t:|1698997477\n|switch|p2a: Rotom|Rotom-Fan, shiny|18\/100 frz\n|move|p1a: Vaporeon|Acid Armor|p1a: Vaporeon\n|-boost|p1a: Vaporeon|def|2\n|\n|upkeep\n|turn|22\n|c|\u2606OceansBounty|Bro I\u2019m starting to feel bad\n|\n|t:|1698997484\n|cant|p2a: Rotom|frz\n|move|p1a: Vaporeon|Stored Power|p2a: Rotom\n|-damage|p2a: Rotom|0 fnt\n|faint|p2a: Rotom\n|\n|upkeep\n|\n|t:|1698997491\n|switch|p2a: Kyogre|Kyogre, shiny|18\/100\n|-weather|RainDance|[from] ability: Drizzle|[of] p2a: Kyogre\n|turn|23\n|c|\u2606OceansBounty|Psych\n|\n|t:|1698997496\n|move|p2a: Kyogre|Ancient Power|p1a: Vaporeon\n|-damage|p1a: Vaporeon|98\/100\n|move|p1a: Vaporeon|Stored Power|p2a: Kyogre\n|-damage|p2a: Kyogre|0 fnt\n|faint|p2a: Kyogre\n|\n|win|OceansBounty\n|raw|OceansBounty's rating: 1000 &rarr; <strong>1040<\/strong><br \/>(+40 for winning)\n|raw|whismaster1's rating: 1000 &rarr; <strong>1000<\/strong><br \/>(+0 for losing)\n|c|\u2606OceansBounty|Gg\n|c|\u2606OceansBounty|Ez\n","uploadtime":1698997511,"views":16,"p1id":"oceansbounty","p2id":"whismaster1","formatid":"gen9anythinggoes","rating":1000,"private":0,"password":""}