{"id":"gen9anythinggoes-1994389968","p1":"4stepstomakeumad","p2":"LingLing007","format":"[Gen 9] Anything Goes","log":"|j|\u26064stepstomakeumad\n|j|\u2606LingLing007\n|t:|1700438407\n|gametype|singles\n|player|p1|4stepstomakeumad|170|1348\n|player|p2|LingLing007|morty-masters|1357\n|teamsize|p1|6\n|teamsize|p2|6\n|gen|9\n|tier|[Gen 9] Anything Goes\n|rated|\n|rule|HP Percentage Mod: HP is shown in percentages\n|rule|Endless Battle Clause: Forcing endless battles is banned\n|clearpoke\n|poke|p1|Calyrex-Shadow|\n|poke|p1|Eternatus|\n|poke|p1|Arceus|\n|poke|p1|Lilligant-Hisui, F|\n|poke|p1|Drifblim, F|\n|poke|p1|Furret, M|\n|poke|p2|Roaring Moon|\n|poke|p2|Toxapex, F|\n|poke|p2|Zoroark-Hisui, M|\n|poke|p2|Polteageist-Antique|\n|poke|p2|Great Tusk|\n|poke|p2|Ninetales-Alola, F|\n|teampreview\n|inactive|Battle timer is ON: inactive players will automatically lose when time's up. (requested by 4stepstomakeumad)\n|\n|t:|1700438421\n|start\n|switch|p1a: Furret|Furret, M|100\/100\n|switch|p2a: Ninetales|Ninetales-Alola, F, shiny|100\/100\n|-weather|Snow|[from] ability: Snow Warning|[of] p2a: Ninetales\n|turn|1\n|\n|t:|1700438425\n|move|p2a: Ninetales|Aurora Veil|p2a: Ninetales\n|-sidestart|p2: LingLing007|move: Aurora Veil\n|move|p1a: Furret|Coil|p1a: Furret\n|-boost|p1a: Furret|atk|1\n|-boost|p1a: Furret|def|1\n|-boost|p1a: Furret|accuracy|1\n|\n|-weather|Snow|[upkeep]\n|upkeep\n|turn|2\n|\n|t:|1700438428\n|move|p2a: Ninetales|Encore|p1a: Furret\n|-start|p1a: Furret|Encore\n|move|p1a: Furret|Coil|p1a: Furret\n|-boost|p1a: Furret|atk|1\n|-boost|p1a: Furret|def|1\n|-boost|p1a: Furret|accuracy|1\n|\n|-weather|Snow|[upkeep]\n|upkeep\n|turn|3\n|\n|t:|1700438430\n|switch|p2a: Polteageist|Polteageist-Antique|100\/100\n|move|p1a: Furret|Coil|p1a: Furret\n|-boost|p1a: Furret|atk|1\n|-boost|p1a: Furret|def|1\n|-boost|p1a: Furret|accuracy|1\n|\n|-weather|Snow|[upkeep]\n|upkeep\n|turn|4\n|\n|t:|1700438432\n|move|p1a: Furret|Coil|p1a: Furret\n|-boost|p1a: Furret|atk|1\n|-boost|p1a: Furret|def|1\n|-boost|p1a: Furret|accuracy|1\n|move|p2a: Polteageist|Shell Smash|p2a: Polteageist\n|-unboost|p2a: Polteageist|def|1\n|-unboost|p2a: Polteageist|spd|1\n|-boost|p2a: Polteageist|atk|2\n|-boost|p2a: Polteageist|spa|2\n|-boost|p2a: Polteageist|spe|2\n|-enditem|p2a: Polteageist|White Herb\n|-clearnegativeboost|p2a: Polteageist|[silent]\n|\n|-weather|Snow|[upkeep]\n|-end|p1a: Furret|Encore\n|upkeep\n|turn|5\n|\n|t:|1700438436\n|move|p2a: Polteageist|Stored Power|p1a: Furret\n|-enditem|p1a: Furret|Focus Sash\n|-damage|p1a: Furret|1\/100\n|move|p1a: Furret|Tidy Up|p1a: Furret\n|-boost|p1a: Furret|atk|1\n|-boost|p1a: Furret|spe|1\n|\n|-weather|none\n|upkeep\n|turn|6\n|\n|t:|1700438440\n|move|p2a: Polteageist|Stored Power|p1a: Furret\n|-damage|p1a: Furret|0 fnt\n|faint|p1a: Furret\n|\n|upkeep\n|\n|t:|1700438442\n|switch|p1a: Drifblim|Drifblim, F|100\/100\n|turn|7\n|\n|t:|1700438445\n|move|p2a: Polteageist|Dark Pulse|p1a: Drifblim\n|-supereffective|p1a: Drifblim\n|-enditem|p1a: Drifblim|Focus Sash\n|-damage|p1a: Drifblim|1\/100\n|move|p1a: Drifblim|Minimize|p1a: Drifblim\n|-boost|p1a: Drifblim|evasion|2\n|\n|upkeep\n|turn|8\n|\n|t:|1700438448\n|move|p1a: Drifblim|Minimize|p1a: Drifblim\n|-boost|p1a: Drifblim|evasion|2\n|move|p2a: Polteageist|Dark Pulse|p1a: Drifblim\n|-supereffective|p1a: Drifblim\n|-damage|p1a: Drifblim|0 fnt\n|faint|p1a: Drifblim\n|\n|-sideend|p2: LingLing007|move: Aurora Veil\n|upkeep\n|\n|t:|1700438454\n|switch|p1a: Arceus|Arceus|100\/100\n|turn|9\n|\n|t:|1700438457\n|move|p2a: Polteageist|Stored Power|p1a: Arceus\n|-damage|p1a: Arceus|21\/100\n|move|p1a: Arceus|Shadow Claw|p2a: Polteageist\n|-supereffective|p2a: Polteageist\n|-damage|p2a: Polteageist|0 fnt\n|faint|p2a: Polteageist\n|\n|upkeep\n|\n|t:|1700438462\n|switch|p2a: Great Tusk|Great Tusk|100\/100\n|turn|10\n|\n|t:|1700438465\n|-terastallize|p1a: Arceus|Normal\n|move|p1a: Arceus|Extreme Speed|p2a: Great Tusk\n|-immune|p2a: Great Tusk\n|move|p2a: Great Tusk|Flamethrower|p1a: Arceus\n|-damage|p1a: Arceus|0 fnt\n|faint|p1a: Arceus\n|\n|upkeep\n|\n|t:|1700438472\n|switch|p1a: Calyrex|Calyrex-Shadow|100\/100\n|-ability|p1a: Calyrex|As One\n|-ability|p1a: Calyrex|Unnerve\n|turn|11\n|\n|t:|1700438475\n|move|p1a: Calyrex|Psychic|p2a: Great Tusk\n|-enditem|p2a: Great Tusk|Focus Sash\n|-damage|p2a: Great Tusk|1\/100\n|-unboost|p2a: Great Tusk|spd|1\n|replace|p2a: Zoroark|Zoroark-Hisui, M, shiny\n|-end|p2a: Zoroark|Illusion\n|move|p2a: Zoroark|Shadow Ball|p1a: Calyrex\n|-supereffective|p1a: Calyrex\n|-enditem|p1a: Calyrex|Focus Sash\n|-damage|p1a: Calyrex|1\/100\n|-unboost|p1a: Calyrex|spd|1\n|\n|upkeep\n|turn|12\n|\n|t:|1700438487\n|switch|p2a: Ninetales|Ninetales-Alola, F, shiny|100\/100\n|-weather|Snow|[from] ability: Snow Warning|[of] p2a: Ninetales\n|move|p1a: Calyrex|Psychic|p2a: Ninetales\n|-crit|p2a: Ninetales\n|-damage|p2a: Ninetales|11\/100\n|\n|-weather|Snow|[upkeep]\n|upkeep\n|turn|13\n|\n|t:|1700438490\n|move|p2a: Ninetales|Ice Shard|p1a: Calyrex\n|-damage|p1a: Calyrex|0 fnt\n|faint|p1a: Calyrex\n|\n|-weather|Snow|[upkeep]\n|upkeep\n|\n|t:|1700438493\n|switch|p1a: Lilligant|Lilligant-Hisui, F|100\/100\n|turn|14\n|\n|t:|1700438498\n|move|p2a: Ninetales|Aurora Veil|p2a: Ninetales\n|-sidestart|p2: LingLing007|move: Aurora Veil\n|move|p1a: Lilligant|Sleep Powder|p2a: Ninetales\n|-status|p2a: Ninetales|slp|[from] move: Sleep Powder\n|\n|-weather|Snow|[upkeep]\n|upkeep\n|turn|15\n|\n|t:|1700438504\n|switch|p2a: Great Tusk|Great Tusk|1\/100\n|move|p1a: Lilligant|Victory Dance|p1a: Lilligant\n|-boost|p1a: Lilligant|atk|1\n|-boost|p1a: Lilligant|def|1\n|-boost|p1a: Lilligant|spe|1\n|\n|-weather|Snow|[upkeep]\n|upkeep\n|turn|16\n|\n|t:|1700438509\n|move|p1a: Lilligant|Leaf Blade|p2a: Great Tusk\n|-damage|p2a: Great Tusk|0 fnt\n|replace|p2a: Zoroark|Zoroark-Hisui, M, shiny\n|-end|p2a: Zoroark|Illusion\n|faint|p2a: Zoroark\n|\n|-weather|none\n|upkeep\n|\n|t:|1700438511\n|switch|p2a: Roaring Moon|Roaring Moon|100\/100\n|-enditem|p2a: Roaring Moon|Booster Energy\n|-activate|p2a: Roaring Moon|ability: Protosynthesis|[fromitem]\n|-start|p2a: Roaring Moon|protosynthesisspe\n|turn|17\n|\n|t:|1700438515\n|-terastallize|p2a: Roaring Moon|Flying\n|move|p2a: Roaring Moon|Acrobatics|p1a: Lilligant\n|-supereffective|p1a: Lilligant\n|-enditem|p1a: Lilligant|Focus Sash\n|-damage|p1a: Lilligant|1\/100\n|move|p1a: Lilligant|Sleep Powder|p2a: Roaring Moon\n|-status|p2a: Roaring Moon|slp|[from] move: Sleep Powder\n|\n|upkeep\n|turn|18\n|\n|t:|1700438523\n|cant|p2a: Roaring Moon|slp\n|move|p1a: Lilligant|Leaf Blade|p2a: Roaring Moon\n|-resisted|p2a: Roaring Moon\n|-damage|p2a: Roaring Moon|70\/100 slp\n|\n|upkeep\n|turn|19\n|\n|t:|1700438528\n|-curestatus|p2a: Roaring Moon|slp|[msg]\n|move|p2a: Roaring Moon|Acrobatics|p1a: Lilligant\n|-supereffective|p1a: Lilligant\n|-damage|p1a: Lilligant|0 fnt\n|faint|p1a: Lilligant\n|\n|upkeep\n|\n|t:|1700438531\n|switch|p1a: Eternatus|Eternatus|100\/100\n|-ability|p1a: Eternatus|Pressure\n|turn|20\n|\n|t:|1700438533\n|move|p2a: Roaring Moon|Earthquake|p1a: Eternatus\n|-supereffective|p1a: Eternatus\n|-damage|p1a: Eternatus|57\/100\n|move|p1a: Eternatus|Cosmic Power|p1a: Eternatus\n|-boost|p1a: Eternatus|def|1\n|-boost|p1a: Eternatus|spd|1\n|\n|-heal|p1a: Eternatus|63\/100|[from] item: Black Sludge\n|upkeep\n|turn|21\n|\n|t:|1700438535\n|move|p2a: Roaring Moon|Knock Off|p1a: Eternatus\n|-damage|p1a: Eternatus|38\/100\n|-enditem|p1a: Eternatus|Black Sludge|[from] move: Knock Off|[of] p2a: Roaring Moon\n|move|p1a: Eternatus|Cosmic Power|p1a: Eternatus\n|-boost|p1a: Eternatus|def|1\n|-boost|p1a: Eternatus|spd|1\n|\n|-sideend|p2: LingLing007|move: Aurora Veil\n|upkeep\n|turn|22\n|\n|t:|1700438537\n|move|p2a: Roaring Moon|Earthquake|p1a: Eternatus\n|-supereffective|p1a: Eternatus\n|-damage|p1a: Eternatus|14\/100\n|move|p1a: Eternatus|Cosmic Power|p1a: Eternatus\n|-boost|p1a: Eternatus|def|1\n|-boost|p1a: Eternatus|spd|1\n|\n|upkeep\n|turn|23\n|\n|t:|1700438540\n|move|p2a: Roaring Moon|Earthquake|p1a: Eternatus\n|-supereffective|p1a: Eternatus\n|-damage|p1a: Eternatus|0 fnt\n|faint|p1a: Eternatus\n|\n|win|LingLing007\n|raw|4stepstomakeumad's rating: 1348 &rarr; <strong>1329<\/strong><br \/>(-19 for losing)\n|raw|LingLing007's rating: 1357 &rarr; <strong>1376<\/strong><br \/>(+19 for winning)\n|l|\u26064stepstomakeumad\n|c|\u2606LingLing007|gg\n","uploadtime":1700438545,"views":2,"p1id":"4stepstomakeumad","p2id":"lingling007","formatid":"gen9anythinggoes","rating":1329,"private":0,"password":""}