{"id":"gen9anythinggoes-1980369967","p1":"rory26781","p2":"sannnal07","format":"[Gen 9] Anything Goes","log":"|j|\u2606rory26781\n|j|\u2606sannnal07\n|t:|1698779031\n|gametype|singles\n|player|p1|rory26781|2|1000\n|player|p2|sannnal07|bruno|1000\n|teamsize|p1|6\n|teamsize|p2|6\n|gen|9\n|tier|[Gen 9] Anything Goes\n|rated|\n|rule|HP Percentage Mod: HP is shown in percentages\n|rule|Endless Battle Clause: Forcing endless battles is banned\n|clearpoke\n|poke|p1|Mewtwo|\n|poke|p1|Rayquaza|\n|poke|p1|Avalugg, F|\n|poke|p1|Garchomp, F|\n|poke|p1|Diancie|\n|poke|p1|Dragapult, F|\n|poke|p2|Zacian-*|\n|poke|p2|Eternatus|\n|poke|p2|Rillaboom, M|\n|poke|p2|Zoroark-Hisui, M|\n|poke|p2|Toxtricity-Low-Key, F|\n|poke|p2|Zarude-Dada|\n|teampreview\n|\n|t:|1698779059\n|start\n|switch|p1a: Garchomp|Garchomp, F|100\/100\n|switch|p2a: Rillaboom|Rillaboom, M, shiny|100\/100\n|turn|1\n|\n|t:|1698779066\n|move|p1a: Garchomp|Sandstorm|p1a: Garchomp\n|-weather|Sandstorm\n|move|p2a: Rillaboom|Hammer Arm|p1a: Garchomp\n|-damage|p1a: Garchomp|70\/100\n|-unboost|p2a: Rillaboom|spe|1\n|\n|-weather|Sandstorm|[upkeep]\n|-damage|p2a: Rillaboom|94\/100|[from] Sandstorm\n|-heal|p2a: Rillaboom|100\/100|[from] item: Leftovers\n|upkeep\n|turn|2\n|\n|t:|1698779077\n|move|p1a: Garchomp|Swords Dance|p1a: Garchomp\n|-boost|p1a: Garchomp|atk|2\n|move|p2a: Rillaboom|Earthquake|p1a: Garchomp\n|-damage|p1a: Garchomp|38\/100\n|\n|-weather|Sandstorm|[upkeep]\n|-damage|p2a: Rillaboom|94\/100|[from] Sandstorm\n|-heal|p2a: Rillaboom|100\/100|[from] item: Leftovers\n|upkeep\n|turn|3\n|\n|t:|1698779088\n|move|p1a: Garchomp|Earthquake|p2a: Rillaboom\n|-resisted|p2a: Rillaboom\n|-damage|p2a: Rillaboom|48\/100\n|move|p2a: Rillaboom|Hammer Arm|p1a: Garchomp|[miss]\n|-miss|p2a: Rillaboom|p1a: Garchomp\n|\n|-weather|Sandstorm|[upkeep]\n|-damage|p2a: Rillaboom|42\/100|[from] Sandstorm\n|-heal|p2a: Rillaboom|48\/100|[from] item: Leftovers\n|upkeep\n|turn|4\n|\n|t:|1698779099\n|move|p1a: Garchomp|Earthquake|p2a: Rillaboom\n|-resisted|p2a: Rillaboom\n|-damage|p2a: Rillaboom|0 fnt\n|faint|p2a: Rillaboom\n|\n|-weather|Sandstorm|[upkeep]\n|upkeep\n|\n|t:|1698779106\n|switch|p2a: Zarude|Zarude-Dada|100\/100\n|turn|5\n|\n|t:|1698779124\n|move|p2a: Zarude|Close Combat|p1a: Garchomp\n|-damage|p1a: Garchomp|1\/100\n|-unboost|p2a: Zarude|def|1\n|-unboost|p2a: Zarude|spd|1\n|move|p1a: Garchomp|Outrage|p2a: Zarude\n|-damage|p2a: Zarude|0 fnt\n|faint|p2a: Zarude\n|\n|-weather|none\n|upkeep\n|\n|t:|1698779134\n|switch|p2a: Zacian|Zacian-Crowned, shiny|100\/100\n|turn|6\n|\n|t:|1698779146\n|move|p1a: Garchomp|Outrage|p2a: Zacian|[from]lockedmove\n|-damage|p2a: Zacian|0 fnt\n|replace|p2a: Zoroark|Zoroark-Hisui, M, shiny\n|-end|p2a: Zoroark|Illusion\n|faint|p2a: Zoroark\n|-start|p1a: Garchomp|confusion|[fatigue]\n|\n|upkeep\n|\n|t:|1698779153\n|switch|p2a: Toxtricity|Toxtricity-Low-Key, F, shiny|100\/100\n|turn|7\n|\n|t:|1698779161\n|-activate|p1a: Garchomp|confusion\n|-damage|p1a: Garchomp|0 fnt|[from] confusion\n|faint|p1a: Garchomp\n|move|p2a: Toxtricity|Toxic Spikes|p1: Garchomp\n|-sidestart|p1: rory26781|move: Toxic Spikes\n|\n|upkeep\n|\n|t:|1698779170\n|switch|p1a: Diancie|Diancie, shiny|100\/100\n|-status|p1a: Diancie|psn\n|turn|8\n|\n|t:|1698779182\n|move|p1a: Diancie|Protect|p1a: Diancie\n|-singleturn|p1a: Diancie|Protect\n|move|p2a: Toxtricity|Boomburst|p1a: Diancie\n|-activate|p1a: Diancie|move: Protect\n|\n|-damage|p1a: Diancie|88\/100 psn|[from] psn\n|upkeep\n|turn|9\n|\n|t:|1698779191\n|move|p2a: Toxtricity|Gunk Shot|p1a: Diancie\n|-damage|p1a: Diancie|41\/100 psn\n|-damage|p2a: Toxtricity|91\/100|[from] item: Life Orb\n|move|p1a: Diancie|Iron Defense|p1a: Diancie\n|-boost|p1a: Diancie|def|2\n|\n|-heal|p1a: Diancie|47\/100 psn|[from] item: Leftovers\n|-damage|p1a: Diancie|35\/100 psn|[from] psn\n|upkeep\n|turn|10\n|\n|t:|1698779200\n|move|p2a: Toxtricity|Gunk Shot|p1a: Diancie\n|-damage|p1a: Diancie|13\/100 psn\n|-damage|p2a: Toxtricity|81\/100|[from] item: Life Orb\n|move|p1a: Diancie|Body Press|p2a: Toxtricity\n|-resisted|p2a: Toxtricity\n|-damage|p2a: Toxtricity|37\/100\n|\n|-heal|p1a: Diancie|20\/100 psn|[from] item: Leftovers\n|-damage|p1a: Diancie|7\/100 psn|[from] psn\n|upkeep\n|turn|11\n|\n|t:|1698779215\n|move|p2a: Toxtricity|Boomburst|p1a: Diancie\n|-resisted|p1a: Diancie\n|-damage|p1a: Diancie|0 fnt\n|faint|p1a: Diancie\n|-damage|p2a: Toxtricity|27\/100|[from] item: Life Orb\n|\n|upkeep\n|\n|t:|1698779225\n|switch|p1a: Dragapult|Dragapult, F, shiny|100\/100\n|-status|p1a: Dragapult|psn\n|turn|12\n|\n|t:|1698779231\n|move|p1a: Dragapult|Sucker Punch||[still]\n|-fail|p1a: Dragapult\n|move|p2a: Toxtricity|Toxic Spikes|p1a: Dragapult\n|-sidestart|p1: rory26781|move: Toxic Spikes\n|\n|-damage|p1a: Dragapult|88\/100 psn|[from] psn\n|upkeep\n|turn|13\n|\n|t:|1698779239\n|move|p1a: Dragapult|Sucker Punch|p2a: Toxtricity\n|-damage|p2a: Toxtricity|0 fnt\n|faint|p2a: Toxtricity\n|\n|-damage|p1a: Dragapult|76\/100 psn|[from] psn\n|upkeep\n|\n|t:|1698779245\n|switch|p2a: Zacian|Zacian-Crowned, shiny|100\/100\n|-ability|p2a: Zacian|Intrepid Sword|boost\n|-boost|p2a: Zacian|atk|1\n|turn|14\n|\n|t:|1698779252\n|-terastallize|p2a: Zacian|Fairy\n|move|p1a: Dragapult|Sucker Punch|p2a: Zacian\n|-resisted|p2a: Zacian\n|-damage|p2a: Zacian|91\/100\n|move|p2a: Zacian|Behemoth Blade|p1a: Dragapult\n|-damage|p1a: Dragapult|0 fnt\n|faint|p1a: Dragapult\n|\n|upkeep\n|\n|t:|1698779262\n|switch|p1a: Avalugg|Avalugg, F|100\/100\n|-status|p1a: Avalugg|tox\n|turn|15\n|\n|t:|1698779268\n|move|p2a: Zacian|Close Combat|p1a: Avalugg\n|-supereffective|p1a: Avalugg\n|-damage|p1a: Avalugg|48\/100 tox\n|-unboost|p2a: Zacian|def|1\n|-unboost|p2a: Zacian|spd|1\n|move|p1a: Avalugg|Iron Defense|p1a: Avalugg\n|-boost|p1a: Avalugg|def|2\n|\n|-damage|p1a: Avalugg|42\/100 tox|[from] psn\n|upkeep\n|turn|16\n|\n|t:|1698779279\n|move|p2a: Zacian|Behemoth Blade|p1a: Avalugg\n|-supereffective|p1a: Avalugg\n|-damage|p1a: Avalugg|10\/100 tox\n|move|p1a: Avalugg|Body Press|p2a: Zacian\n|-resisted|p2a: Zacian\n|-damage|p2a: Zacian|46\/100\n|\n|-damage|p1a: Avalugg|0 fnt|[from] psn\n|faint|p1a: Avalugg\n|upkeep\n|\n|t:|1698779291\n|switch|p1a: Mewtwo|Mewtwo, shiny|100\/100\n|-status|p1a: Mewtwo|tox\n|-ability|p1a: Mewtwo|Pressure\n|turn|17\n|\n|t:|1698779299\n|move|p1a: Mewtwo|Protect|p1a: Mewtwo\n|-singleturn|p1a: Mewtwo|Protect\n|move|p2a: Zacian|Focus Blast|p1a: Mewtwo\n|-activate|p1a: Mewtwo|move: Protect\n|\n|-damage|p1a: Mewtwo|94\/100 tox|[from] psn\n|upkeep\n|turn|18\n|\n|t:|1698779312\n|move|p1a: Mewtwo|Shadow Ball|p2a: Zacian\n|-damage|p2a: Zacian|5\/100\n|move|p2a: Zacian|Close Combat|p1a: Mewtwo\n|-resisted|p1a: Mewtwo\n|-damage|p1a: Mewtwo|58\/100 tox\n|-unboost|p2a: Zacian|def|1\n|-unboost|p2a: Zacian|spd|1\n|\n|-damage|p1a: Mewtwo|46\/100 tox|[from] psn\n|upkeep\n|turn|19\n|\n|t:|1698779322\n|move|p1a: Mewtwo|Shadow Ball|p2a: Zacian\n|-damage|p2a: Zacian|0 fnt\n|faint|p2a: Zacian\n|\n|-damage|p1a: Mewtwo|27\/100 tox|[from] psn\n|upkeep\n|\n|t:|1698779326\n|switch|p2a: Eternatus|Eternatus, shiny|100\/100\n|-ability|p2a: Eternatus|Pressure\n|turn|20\n|\n|t:|1698779337\n|move|p1a: Mewtwo|Shadow Ball|p2a: Eternatus\n|-damage|p2a: Eternatus|74\/100\n|move|p2a: Eternatus|Dynamax Cannon|p1a: Mewtwo\n|-damage|p1a: Mewtwo|0 fnt\n|faint|p1a: Mewtwo\n|\n|upkeep\n|\n|t:|1698779343\n|switch|p1a: Rayquaza|Rayquaza, shiny|100\/100\n|-ability|p1a: Rayquaza|Air Lock\n|turn|21\n|\n|t:|1698779351\n|move|p2a: Eternatus|Dynamax Cannon|p1a: Rayquaza\n|-supereffective|p1a: Rayquaza\n|-damage|p1a: Rayquaza|0 fnt\n|faint|p1a: Rayquaza\n|\n|win|sannnal07\n|raw|rory26781's rating: 1000 &rarr; <strong>1000<\/strong><br \/>(+0 for losing)\n|raw|sannnal07's rating: 1000 &rarr; <strong>1040<\/strong><br \/>(+40 for winning)\n|l|\u2606rory26781\n","uploadtime":1698779360,"views":8,"p1id":"rory26781","p2id":"sannnal07","formatid":"gen9anythinggoes","rating":1000,"private":0,"password":""}