{"id":"gen9anythinggoes-1977116200","p1":"i'm drunk xd","p2":"RndmPrsn122","format":"[Gen 9] Anything Goes","log":"|j|\u2606i'm drunk xd\n|j|\u2606RndmPrsn122\n|t:|1698373363\n|gametype|singles\n|player|p1|i'm drunk xd|cynthia|1033\n|player|p2|RndmPrsn122|169|1103\n|teamsize|p1|6\n|teamsize|p2|6\n|gen|9\n|tier|[Gen 9] Anything Goes\n|rated|\n|rule|HP Percentage Mod: HP is shown in percentages\n|rule|Endless Battle Clause: Forcing endless battles is banned\n|clearpoke\n|poke|p1|Ogerpon, F|\n|poke|p1|Tinkaton, F|\n|poke|p1|Iron Valiant|\n|poke|p1|Gholdengo|\n|poke|p1|Grimmsnarl, M|\n|poke|p1|Miraidon|\n|poke|p2|Mewtwo|\n|poke|p2|Zacian-*|\n|poke|p2|Rayquaza|\n|poke|p2|Kyogre|\n|poke|p2|Volcarona, F|\n|poke|p2|Tyranitar, M|\n|teampreview\n|c|\u2606i'm drunk xd|I might die\n|\n|t:|1698373380\n|start\n|switch|p1a: Drinkaton|Tinkaton, F|100\/100\n|switch|p2a: Mewtwo|Mewtwo, shiny|100\/100\n|-ability|p2a: Mewtwo|Pressure\n|turn|1\n|\n|t:|1698373390\n|move|p2a: Mewtwo|Fire Blast|p1a: Drinkaton\n|-supereffective|p1a: Drinkaton\n|-enditem|p1a: Drinkaton|Focus Sash\n|-damage|p1a: Drinkaton|1\/100\n|-damage|p2a: Mewtwo|91\/100|[from] item: Life Orb\n|move|p1a: Drinkaton|Stealth Rock|p2a: Mewtwo\n|-sidestart|p2: RndmPrsn122|move: Stealth Rock\n|\n|upkeep\n|turn|2\n|\n|t:|1698373401\n|move|p2a: Mewtwo|Psystrike|p1a: Drinkaton\n|-resisted|p1a: Drinkaton\n|-damage|p1a: Drinkaton|0 fnt\n|faint|p1a: Drinkaton\n|-damage|p2a: Mewtwo|81\/100|[from] item: Life Orb\n|\n|upkeep\n|\n|t:|1698373408\n|switch|p1a: Kain|Grimmsnarl, M, shiny|100\/100\n|turn|3\n|\n|t:|1698373414\n|move|p1a: Kain|Light Screen|p1a: Kain\n|-sidestart|p1: i'm drunk xd|move: Light Screen\n|move|p2a: Mewtwo|Psystrike|p1a: Kain\n|-immune|p1a: Kain\n|\n|upkeep\n|turn|4\n|\n|t:|1698373423\n|move|p1a: Kain|Reflect|p1a: Kain\n|-sidestart|p1: i'm drunk xd|Reflect\n|move|p2a: Mewtwo|Fire Blast|p1a: Kain\n|-damage|p1a: Kain|71\/100\n|-damage|p2a: Mewtwo|71\/100|[from] item: Life Orb\n|\n|upkeep\n|turn|5\n|\n|t:|1698373430\n|move|p1a: Kain|Parting Shot|p2a: Mewtwo\n|-unboost|p2a: Mewtwo|atk|1\n|-unboost|p2a: Mewtwo|spa|1\n|\n|t:|1698373435\n|switch|p1a: Cannapon|Ogerpon, F|100\/100|[from] Parting Shot\n|move|p2a: Mewtwo|Recover|p2a: Mewtwo\n|-heal|p2a: Mewtwo|100\/100\n|\n|upkeep\n|turn|6\n|\n|t:|1698373445\n|move|p2a: Mewtwo|Ice Beam|p1a: Cannapon\n|-supereffective|p1a: Cannapon\n|-damage|p1a: Cannapon|63\/100\n|-enditem|p1a: Cannapon|Weakness Policy\n|-boost|p1a: Cannapon|atk|2|[from] item: Weakness Policy\n|-boost|p1a: Cannapon|spa|2|[from] item: Weakness Policy\n|-damage|p2a: Mewtwo|91\/100|[from] item: Life Orb\n|move|p1a: Cannapon|Swords Dance|p1a: Cannapon\n|-boost|p1a: Cannapon|atk|2\n|\n|upkeep\n|turn|7\n|\n|t:|1698373455\n|-terastallize|p1a: Cannapon|Grass\n|detailschange|p1a: Cannapon|Ogerpon-Teal-Tera, F, tera:Grass\n|-ability|p1a: Cannapon|Embody Aspect (Teal)|boost\n|-boost|p1a: Cannapon|spe|1\n|move|p1a: Cannapon|Knock Off|p2a: Mewtwo\n|-supereffective|p2a: Mewtwo\n|-damage|p2a: Mewtwo|0 fnt\n|-enditem|p2a: Mewtwo|Life Orb|[from] move: Knock Off|[of] p1a: Cannapon\n|faint|p2a: Mewtwo\n|\n|upkeep\n|\n|t:|1698373466\n|switch|p2a: Volcarona|Volcarona, F, shiny|100\/100\n|-damage|p2a: Volcarona|51\/100|[from] Stealth Rock\n|turn|8\n|-activate|p2a: Volcarona|item: Quick Claw\n|\n|t:|1698373471\n|move|p2a: Volcarona|Fire Blast|p1a: Cannapon|[miss]\n|-miss|p2a: Volcarona|p1a: Cannapon\n|move|p1a: Cannapon|Ivy Cudgel|p2a: Volcarona\n|-resisted|p2a: Volcarona\n|-damage|p2a: Volcarona|0 fnt\n|faint|p2a: Volcarona\n|\n|upkeep\n|-message|RndmPrsn122 forfeited.\n|\n|win|i'm drunk xd\n|raw|i&apos;m drunk xd's rating: 1033 &rarr; <strong>1077<\/strong><br \/>(+44 for winning)\n|raw|RndmPrsn122's rating: 1121 &rarr; <strong>1090<\/strong><br \/>(-31 for losing)\n|l|\u2606RndmPrsn122\n|c|\u2606i'm drunk xd|ggs\n","uploadtime":1698373499,"views":18,"p1id":"imdrunkxd","p2id":"rndmprsn122","formatid":"gen9anythinggoes","rating":1077,"private":0,"password":""}