{"id":"gen9anythinggoes-1997262529","p1":"chamer","p2":"YoungEsq","format":"[Gen 9] Anything Goes","log":"|j|\u2606chamer\n|j|\u2606YoungEsq\n|t:|1700781885\n|gametype|singles\n|player|p1|chamer|elesa-gen5bw2|1304\n|player|p2|YoungEsq|170|1355\n|teamsize|p1|6\n|teamsize|p2|6\n|gen|9\n|tier|[Gen 9] Anything Goes\n|rated|\n|rule|HP Percentage Mod: HP is shown in percentages\n|rule|Endless Battle Clause: Forcing endless battles is banned\n|clearpoke\n|poke|p1|Hatterene, F|\n|poke|p1|Slowking-Galar, M|\n|poke|p1|Kingambit, F|\n|poke|p1|Calyrex-Ice|\n|poke|p1|Iron Hands|\n|poke|p1|Braviary-Hisui, M|\n|poke|p2|Ting-Lu|\n|poke|p2|Gholdengo|\n|poke|p2|Roaring Moon|\n|poke|p2|Chi-Yu|\n|poke|p2|Samurott-Hisui, M|\n|poke|p2|Mandibuzz, F|\n|teampreview\n|inactive|Battle timer is ON: inactive players will automatically lose when time's up. (requested by chamer)\n|\n|t:|1700781888\n|start\n|switch|p1a: Hatterene|Hatterene, F, shiny|100\/100\n|switch|p2a: Ting-Lu|Ting-Lu|100\/100\n|-ability|p2a: Ting-Lu|Vessel of Ruin\n|turn|1\n|\n|t:|1700781895\n|move|p2a: Ting-Lu|Ruination|p1a: Hatterene\n|-damage|p1a: Hatterene|50\/100\n|move|p1a: Hatterene|Trick Room|p1a: Hatterene\n|-fieldstart|move: Trick Room|[of] p1a: Hatterene\n|\n|-heal|p1a: Hatterene|56\/100|[from] item: Leftovers\n|upkeep\n|turn|2\n|\n|t:|1700781901\n|move|p1a: Hatterene|Giga Drain|p2a: Ting-Lu\n|-supereffective|p2a: Ting-Lu\n|-damage|p2a: Ting-Lu|74\/100\n|-heal|p1a: Hatterene|78\/100|[from] drain|[of] p2a: Ting-Lu\n|move|p2a: Ting-Lu|Earthquake|p1a: Hatterene\n|-damage|p1a: Hatterene|34\/100\n|\n|-heal|p1a: Hatterene|40\/100|[from] item: Leftovers\n|-heal|p2a: Ting-Lu|80\/100|[from] item: Leftovers\n|upkeep\n|turn|3\n|\n|t:|1700781909\n|move|p1a: Hatterene|Giga Drain|p2a: Ting-Lu\n|-supereffective|p2a: Ting-Lu\n|-damage|p2a: Ting-Lu|54\/100\n|-heal|p1a: Hatterene|62\/100|[from] drain|[of] p2a: Ting-Lu\n|move|p2a: Ting-Lu|Earthquake|p1a: Hatterene\n|-damage|p1a: Hatterene|20\/100\n|\n|-heal|p1a: Hatterene|26\/100|[from] item: Leftovers\n|-heal|p2a: Ting-Lu|60\/100|[from] item: Leftovers\n|upkeep\n|turn|4\n|\n|t:|1700781916\n|switch|p1a: Braviary|Braviary-Hisui, M, shiny|100\/100\n|move|p2a: Ting-Lu|Earthquake|p1a: Braviary\n|-immune|p1a: Braviary\n|\n|-heal|p2a: Ting-Lu|66\/100|[from] item: Leftovers\n|upkeep\n|turn|5\n|\n|t:|1700781927\n|move|p2a: Ting-Lu|Stealth Rock|p1a: Braviary\n|-sidestart|p1: chamer|move: Stealth Rock\n|move|p1a: Braviary|Tera Blast|p2a: Ting-Lu\n|-damage|p2a: Ting-Lu|55\/100\n|\n|-heal|p2a: Ting-Lu|61\/100|[from] item: Leftovers\n|-fieldend|move: Trick Room\n|upkeep\n|turn|6\n|\n|t:|1700781936\n|switch|p1a: Hatterene|Hatterene, F, shiny|26\/100\n|-damage|p1a: Hatterene|14\/100|[from] Stealth Rock\n|move|p2a: Ting-Lu|Whirlwind|p1a: Hatterene\n|move|p1a: Hatterene|Whirlwind|p2a: Ting-Lu|[from]ability: Magic Bounce\n|drag|p2a: Samurott|Samurott-Hisui, M|100\/100\n|\n|-heal|p1a: Hatterene|20\/100|[from] item: Leftovers\n|upkeep\n|turn|7\n|\n|t:|1700781951\n|move|p2a: Samurott|Ceaseless Edge|p1a: Hatterene\n|-crit|p1a: Hatterene\n|-damage|p1a: Hatterene|0 fnt\n|-sidestart|p1: chamer|Spikes\n|faint|p1a: Hatterene\n|\n|upkeep\n|\n|t:|1700781958\n|switch|p1a: Slowking|Slowking-Galar, M|100\/100\n|-damage|p1a: Slowking|88\/100|[from] Stealth Rock\n|-damage|p1a: Slowking|76\/100|[from] Spikes\n|turn|8\n|\n|t:|1700781964\n|move|p2a: Samurott|Ceaseless Edge|p1a: Slowking\n|-supereffective|p1a: Slowking\n|-damage|p1a: Slowking|0 fnt\n|-sidestart|p1: chamer|Spikes\n|faint|p1a: Slowking\n|\n|upkeep\n|\n|t:|1700781969\n|switch|p1a: Braviary|Braviary-Hisui, M, shiny|100\/100\n|turn|9\n|\n|t:|1700781974\n|move|p2a: Samurott|Ceaseless Edge|p1a: Braviary\n|-supereffective|p1a: Braviary\n|-damage|p1a: Braviary|7\/100\n|-sidestart|p1: chamer|Spikes\n|move|p1a: Braviary|Shadow Ball|p2a: Samurott\n|-resisted|p2a: Samurott\n|-damage|p2a: Samurott|87\/100\n|\n|upkeep\n|turn|10\n|-message|chamer forfeited.\n|\n|win|YoungEsq\n|raw|chamer's rating: 1304 &rarr; <strong>1287<\/strong><br \/>(-17 for losing)\n|raw|YoungEsq's rating: 1355 &rarr; <strong>1372<\/strong><br \/>(+17 for winning)\n|l|\u2606chamer\n","uploadtime":1700781985,"views":9,"p1id":"chamer","p2id":"youngesq","formatid":"gen9anythinggoes","rating":1287,"private":0,"password":""}