{"id":"gen9anythinggoes-1975207409","p1":"Dr. Drake6782","p2":"yo mAma thicc","format":"[Gen 9] Anything Goes","log":"|j|\u2606Dr. Drake6782\n|j|\u203dyo mAma thicc\n|t:|1698170235\n|gametype|singles\n|player|p1|Dr. Drake6782|hilbert-masters|1582\n|player|p2|yo mAma thicc|zinzolin|1715\n|teamsize|p1|6\n|teamsize|p2|6\n|gen|9\n|tier|[Gen 9] Anything Goes\n|rated|\n|rule|HP Percentage Mod: HP is shown in percentages\n|rule|Endless Battle Clause: Forcing endless battles is banned\n|clearpoke\n|poke|p1|Calyrex-Shadow|\n|poke|p1|Miraidon|\n|poke|p1|Eternatus|\n|poke|p1|Ting-Lu|\n|poke|p1|Arceus-Fairy|\n|poke|p1|Landorus-Therian, M|\n|poke|p2|Arceus|\n|poke|p2|Koraidon|\n|poke|p2|Calyrex-Shadow|\n|poke|p2|Zacian-*|\n|poke|p2|Ditto|\n|poke|p2|Giratina-Origin|\n|teampreview\n|inactive|Battle timer is ON: inactive players will automatically lose when time's up. (requested by Dr. Drake6782)\n|\n|t:|1698170249\n|start\n|switch|p1a: Landorus|Landorus-Therian, M|100\/100\n|switch|p2a: Koraidon|Koraidon|100\/100\n|-weather|SunnyDay|[from] ability: Orichalcum Pulse|[of] p2a: Koraidon\n|-activate|p2a: Koraidon|Orichalcum Pulse|[source]\n|-ability|p1a: Landorus|Intimidate|boost\n|-unboost|p2a: Koraidon|atk|1\n|turn|1\n|\n|t:|1698170255\n|move|p2a: Koraidon|U-turn|p1a: Landorus\n|-resisted|p1a: Landorus\n|-damage|p1a: Landorus|92\/100\n|-damage|p2a: Koraidon|84\/100|[from] item: Rocky Helmet|[of] p1a: Landorus\n|\n|t:|1698170257\n|switch|p2a: Giratina|Giratina-Origin|100\/100|[from] U-turn\n|move|p1a: Landorus|Stealth Rock|p2a: Giratina\n|-sidestart|p2: yo mAma thicc|move: Stealth Rock\n|\n|-weather|SunnyDay|[upkeep]\n|upkeep\n|turn|2\n|\n|t:|1698170261\n|move|p1a: Landorus|U-turn|p2a: Giratina\n|-resisted|p2a: Giratina\n|-damage|p2a: Giratina|92\/100\n|\n|t:|1698170264\n|switch|p1a: Ting-Lu|Ting-Lu|100\/100|[from] U-turn\n|-ability|p1a: Ting-Lu|Vessel of Ruin\n|move|p2a: Giratina|Defog|p1a: Ting-Lu\n|-unboost|p1a: Ting-Lu|evasion|1\n|-sideend|p2: yo mAma thicc|Stealth Rock|[from] move: Defog|[of] p2a: Giratina\n|\n|-weather|SunnyDay|[upkeep]\n|upkeep\n|turn|3\n|\n|t:|1698170271\n|switch|p2a: Koraidon|Koraidon|84\/100\n|-activate|p2a: Koraidon|ability: Orichalcum Pulse\n|move|p1a: Ting-Lu|Ruination|p2a: Koraidon\n|-damage|p2a: Koraidon|42\/100\n|\n|-weather|SunnyDay|[upkeep]\n|upkeep\n|turn|4\n|\n|t:|1698170278\n|switch|p1a: Landorus|Landorus-Therian, M|92\/100\n|-ability|p1a: Landorus|Intimidate|boost\n|-unboost|p2a: Koraidon|atk|1\n|move|p2a: Koraidon|Low Kick|p1a: Landorus\n|-resisted|p1a: Landorus\n|-damage|p1a: Landorus|78\/100\n|-damage|p2a: Koraidon|26\/100|[from] item: Rocky Helmet|[of] p1a: Landorus\n|\n|-weather|SunnyDay|[upkeep]\n|upkeep\n|turn|5\n|\n|t:|1698170284\n|switch|p2a: Calyrex|Calyrex-Shadow|100\/100\n|-ability|p2a: Calyrex|As One\n|-ability|p2a: Calyrex|Unnerve\n|move|p1a: Landorus|U-turn|p2a: Calyrex\n|-damage|p2a: Calyrex|72\/100\n|\n|t:|1698170297\n|switch|p1a: Ting-Lu|Ting-Lu|100\/100|[from] U-turn\n|-ability|p1a: Ting-Lu|Vessel of Ruin\n|\n|-weather|none\n|upkeep\n|turn|6\n|\n|t:|1698170300\n|move|p2a: Calyrex|Substitute|p2a: Calyrex\n|-start|p2a: Calyrex|Substitute\n|-damage|p2a: Calyrex|47\/100\n|move|p1a: Ting-Lu|Ruination|p2a: Calyrex\n|-activate|p2a: Calyrex|move: Substitute|[damage]\n|\n|upkeep\n|turn|7\n|\n|t:|1698170309\n|move|p2a: Calyrex|Grass Knot|p1a: Ting-Lu\n|-supereffective|p1a: Ting-Lu\n|-damage|p1a: Ting-Lu|57\/100\n|move|p1a: Ting-Lu|Earthquake|p2a: Calyrex\n|-end|p2a: Calyrex|Substitute\n|\n|-heal|p1a: Ting-Lu|63\/100|[from] item: Leftovers\n|upkeep\n|turn|8\n|\n|t:|1698170318\n|move|p2a: Calyrex|Grass Knot|p1a: Ting-Lu\n|-supereffective|p1a: Ting-Lu\n|-damage|p1a: Ting-Lu|19\/100\n|move|p1a: Ting-Lu|Spikes|p2a: Calyrex\n|-sidestart|p2: yo mAma thicc|Spikes\n|\n|-heal|p1a: Ting-Lu|25\/100|[from] item: Leftovers\n|upkeep\n|turn|9\n|\n|t:|1698170324\n|switch|p1a: Eternatus|Eternatus|100\/100\n|-ability|p1a: Eternatus|Pressure\n|move|p2a: Calyrex|Grass Knot|p1a: Eternatus\n|-resisted|p1a: Eternatus\n|-damage|p1a: Eternatus|93\/100\n|\n|upkeep\n|turn|10\n|\n|t:|1698170326\n|move|p2a: Calyrex|Substitute|p2a: Calyrex\n|-start|p2a: Calyrex|Substitute\n|-damage|p2a: Calyrex|22\/100\n|move|p1a: Eternatus|Dynamax Cannon|p2a: Calyrex\n|-end|p2a: Calyrex|Substitute\n|\n|upkeep\n|turn|11\n|\n|t:|1698170329\n|switch|p2a: Zacian|Zacian-Crowned|100\/100\n|-damage|p2a: Zacian|88\/100|[from] Spikes\n|-ability|p2a: Zacian|Intrepid Sword|boost\n|-boost|p2a: Zacian|atk|1\n|move|p1a: Eternatus|Dynamax Cannon|p2a: Zacian\n|-immune|p2a: Zacian\n|\n|upkeep\n|turn|12\n|\n|t:|1698170338\n|switch|p1a: Ting-Lu|Ting-Lu|25\/100\n|-ability|p1a: Ting-Lu|Vessel of Ruin\n|move|p2a: Zacian|Behemoth Blade|p1a: Ting-Lu\n|-damage|p1a: Ting-Lu|0 fnt\n|faint|p1a: Ting-Lu\n|\n|upkeep\n|\n|t:|1698170345\n|switch|p1a: this clown|Calyrex-Shadow|100\/100\n|-ability|p1a: this clown|As One\n|-ability|p1a: this clown|Unnerve\n|turn|13\n|\n|t:|1698170351\n|move|p1a: this clown|Astral Barrage|p2a: Zacian\n|-damage|p2a: Zacian|18\/100\n|move|p2a: Zacian|Behemoth Blade|p1a: this clown\n|-damage|p1a: this clown|0 fnt\n|faint|p1a: this clown\n|\n|upkeep\n|\n|t:|1698170362\n|switch|p1a: Arceus|Arceus-Fairy, shiny|100\/100\n|turn|14\n|\n|t:|1698170371\n|-terastallize|p1a: Arceus|Water\n|move|p2a: Zacian|Behemoth Blade|p1a: Arceus\n|-resisted|p1a: Arceus\n|-damage|p1a: Arceus|78\/100\n|move|p1a: Arceus|Will-O-Wisp|p2a: Zacian|[miss]\n|-miss|p1a: Arceus|p2a: Zacian\n|\n|upkeep\n|turn|15\n|\n|t:|1698170377\n|move|p2a: Zacian|Wild Charge|p1a: Arceus\n|-supereffective|p1a: Arceus\n|-damage|p1a: Arceus|20\/100\n|-damage|p2a: Zacian|0 fnt|[from] Recoil\n|faint|p2a: Zacian\n|move|p1a: Arceus|Will-O-Wisp|p2: Zacian|[notarget]\n|-fail|p1a: Arceus\n|\n|upkeep\n|\n|t:|1698170387\n|switch|p2a: Calyrex|Calyrex-Shadow|22\/100\n|-ability|p2a: Calyrex|As One\n|-ability|p2a: Calyrex|Unnerve\n|turn|16\n|\n|t:|1698170394\n|switch|p1a: Eternatus|Eternatus|93\/100\n|-ability|p1a: Eternatus|Pressure\n|move|p2a: Calyrex|Astral Barrage|p1a: Eternatus\n|-damage|p1a: Eternatus|43\/100\n|\n|upkeep\n|turn|17\n|\n|t:|1698170397\n|move|p2a: Calyrex|Astral Barrage|p1a: Eternatus\n|-damage|p1a: Eternatus|0 fnt\n|faint|p1a: Eternatus\n|-ability|p2a: Calyrex|Grim Neigh|boost\n|-boost|p2a: Calyrex|spa|1\n|\n|upkeep\n|-message|Dr. Drake6782 forfeited.\n|\n|win|yo mAma thicc\n|raw|Dr. Drake6782's rating: 1582 &rarr; <strong>1569<\/strong><br \/>(-13 for losing)\n|raw|yo mAma thicc's rating: 1715 &rarr; <strong>1728<\/strong><br \/>(+13 for winning)\n|l|\u2606Dr. Drake6782\n|l|\u203dyo mAma thicc\n","uploadtime":1698170441,"views":6,"p1id":"drdrake6782","p2id":"yomamathicc","formatid":"gen9anythinggoes","rating":1569,"private":0,"password":""}