{"id":"gen9anythinggoes-1980457033","p1":"233qz","p2":"ChimeBliss","format":"[Gen 9] Anything Goes","log":"|j|\u2606233qz\n|j|\u2606ChimeBliss\n|t:|1698786684\n|gametype|singles\n|player|p1|233qz|101|1160\n|player|p2|ChimeBliss|dawn-gen4pt|1230\n|teamsize|p1|3\n|teamsize|p2|6\n|gen|9\n|tier|[Gen 9] Anything Goes\n|rated|\n|rule|HP Percentage Mod: HP is shown in percentages\n|rule|Endless Battle Clause: Forcing endless battles is banned\n|clearpoke\n|poke|p1|Espathra, M|\n|poke|p1|Gholdengo|\n|poke|p1|Orthworm, F|\n|poke|p2|Grimmsnarl, M|\n|poke|p2|Glimmora, F|\n|poke|p2|Arceus|\n|poke|p2|Arceus-Ground|\n|poke|p2|Koraidon|\n|poke|p2|Calyrex-Shadow|\n|teampreview\n|inactive|Battle timer is ON: inactive players will automatically lose when time's up. (requested by ChimeBliss)\n|\n|t:|1698786695\n|start\n|switch|p1a: Gholdengo|Gholdengo|100\/100\n|switch|p2a: Grimmsnarl|Grimmsnarl, M|100\/100\n|turn|1\n|\n|t:|1698786700\n|move|p2a: Grimmsnarl|Taunt|p1a: Gholdengo\n|-immune|p1a: Gholdengo|[from] ability: Good as Gold\n|move|p1a: Gholdengo|Light Screen|p1a: Gholdengo\n|-sidestart|p1: 233qz|move: Light Screen\n|\n|upkeep\n|turn|2\n|\n|t:|1698786707\n|switch|p2a: Glimmora|Glimmora, F|100\/100\n|move|p1a: Gholdengo|Reflect|p1a: Gholdengo\n|-sidestart|p1: 233qz|Reflect\n|\n|upkeep\n|turn|3\n|\n|t:|1698786711\n|move|p2a: Glimmora|Mud Shot|p1a: Gholdengo\n|-supereffective|p1a: Gholdengo\n|-damage|p1a: Gholdengo|81\/100\n|-unboost|p1a: Gholdengo|spe|1\n|move|p1a: Gholdengo|Memento|p2a: Glimmora\n|-unboost|p2a: Glimmora|atk|2\n|-unboost|p2a: Glimmora|spa|2\n|faint|p1a: Gholdengo\n|\n|upkeep\n|\n|t:|1698786715\n|switch|p1a: Orthworm|Orthworm, F|100\/100\n|turn|4\n|\n|t:|1698786727\n|switch|p2a: Grimmsnarl|Grimmsnarl, M|100\/100\n|move|p1a: Orthworm|Shed Tail|p1a: Orthworm\n|-start|p1a: Orthworm|Substitute|[from] move: Shed Tail\n|-damage|p1a: Orthworm|50\/100\n|-enditem|p1a: Orthworm|Sitrus Berry|[eat]\n|-heal|p1a: Orthworm|75\/100|[from] item: Sitrus Berry\n|\n|t:|1698786731\n|switch|p1a: Espathra|Espathra, M|100\/100|[from] Shed Tail\n|\n|upkeep\n|turn|5\n|\n|t:|1698786735\n|move|p2a: Grimmsnarl|Taunt|p1a: Espathra\n|-start|p1a: Espathra|move: Taunt\n|cant|p1a: Espathra|move: Taunt|Calm Mind\n|\n|-ability|p1a: Espathra|Speed Boost|boost\n|-boost|p1a: Espathra|spe|1\n|upkeep\n|turn|6\n|\n|t:|1698786740\n|move|p2a: Grimmsnarl|Light Screen|p2a: Grimmsnarl\n|-sidestart|p2: ChimeBliss|move: Light Screen\n|move|p1a: Espathra|Tera Blast|p2a: Grimmsnarl\n|-damage|p2a: Grimmsnarl|94\/100\n|\n|-ability|p1a: Espathra|Speed Boost|boost\n|-boost|p1a: Espathra|spe|1\n|upkeep\n|turn|7\n|\n|t:|1698786744\n|move|p1a: Espathra|Tera Blast|p2a: Grimmsnarl\n|-damage|p2a: Grimmsnarl|87\/100\n|move|p2a: Grimmsnarl|Spirit Break|p1a: Espathra\n|-activate|p1a: Espathra|move: Substitute|[damage]\n|\n|-end|p1a: Espathra|move: Taunt\n|-ability|p1a: Espathra|Speed Boost|boost\n|-boost|p1a: Espathra|spe|1\n|upkeep\n|turn|8\n|\n|t:|1698786752\n|move|p2a: Grimmsnarl|Taunt|p1a: Espathra\n|-start|p1a: Espathra|move: Taunt\n|move|p1a: Espathra|Tera Blast|p2a: Grimmsnarl\n|-damage|p2a: Grimmsnarl|79\/100\n|\n|-sideend|p1: 233qz|move: Light Screen\n|-ability|p1a: Espathra|Speed Boost|boost\n|-boost|p1a: Espathra|spe|1\n|upkeep\n|turn|9\n|\n|t:|1698786758\n|move|p1a: Espathra|Stored Power|p2a: Grimmsnarl\n|-immune|p2a: Grimmsnarl\n|move|p2a: Grimmsnarl|Spirit Break|p1a: Espathra\n|-end|p1a: Espathra|Substitute\n|\n|-sideend|p1: 233qz|Reflect\n|-ability|p1a: Espathra|Speed Boost|boost\n|-boost|p1a: Espathra|spe|1\n|upkeep\n|turn|10\n|\n|t:|1698786761\n|-terastallize|p1a: Espathra|Fighting\n|move|p1a: Espathra|Tera Blast|p2a: Grimmsnarl|[anim] Tera Blast Fighting\n|-damage|p2a: Grimmsnarl|69\/100\n|move|p2a: Grimmsnarl|Spirit Break|p1a: Espathra\n|-supereffective|p1a: Espathra\n|-damage|p1a: Espathra|49\/100\n|-unboost|p1a: Espathra|spa|1\n|\n|-heal|p1a: Espathra|55\/100|[from] item: Leftovers\n|-end|p1a: Espathra|move: Taunt\n|-ability|p1a: Espathra|Speed Boost|boost\n|-boost|p1a: Espathra|spe|1\n|upkeep\n|turn|11\n|\n|t:|1698786766\n|move|p2a: Grimmsnarl|Taunt|p1a: Espathra\n|-start|p1a: Espathra|move: Taunt\n|move|p1a: Espathra|Tera Blast|p2a: Grimmsnarl|[anim] Tera Blast Fighting\n|-damage|p2a: Grimmsnarl|62\/100\n|\n|-heal|p1a: Espathra|61\/100|[from] item: Leftovers\n|upkeep\n|turn|12\n|\n|t:|1698786771\n|move|p1a: Espathra|Tera Blast|p2a: Grimmsnarl|[anim] Tera Blast Fighting\n|-damage|p2a: Grimmsnarl|55\/100\n|move|p2a: Grimmsnarl|Spirit Break|p1a: Espathra\n|-supereffective|p1a: Espathra\n|-damage|p1a: Espathra|11\/100\n|-unboost|p1a: Espathra|spa|1\n|\n|-heal|p1a: Espathra|17\/100|[from] item: Leftovers\n|upkeep\n|turn|13\n|\n|t:|1698786775\n|move|p1a: Espathra|Tera Blast|p2a: Grimmsnarl|[anim] Tera Blast Fighting\n|-damage|p2a: Grimmsnarl|49\/100\n|move|p2a: Grimmsnarl|Spirit Break|p1a: Espathra\n|-supereffective|p1a: Espathra\n|-damage|p1a: Espathra|0 fnt\n|faint|p1a: Espathra\n|\n|-sideend|p2: ChimeBliss|move: Light Screen\n|upkeep\n|-message|233qz forfeited.\n|\n|win|ChimeBliss\n|raw|233qz's rating: 1160 &rarr; <strong>1140<\/strong><br \/>(-20 for losing)\n|raw|ChimeBliss's rating: 1230 &rarr; <strong>1250<\/strong><br \/>(+20 for winning)\n|l|\u2606233qz\n","uploadtime":1698786881,"views":10,"p1id":"233qz","p2id":"chimebliss","formatid":"gen9anythinggoes","rating":1140,"private":0,"password":""}