{"id":"gen9anythinggoes-1995609260","p1":"Lebrown_69","p2":"C1ownPierceYT","format":"[Gen 9] Anything Goes","log":"|j|\u2606Lebrown_69\n|j|\u2606C1ownPierceYT\n|t:|1700587188\n|gametype|singles\n|player|p1|Lebrown_69|170|1156\n|player|p2|C1ownPierceYT|1|1117\n|teamsize|p1|6\n|teamsize|p2|6\n|gen|9\n|tier|[Gen 9] Anything Goes\n|rated|\n|rule|HP Percentage Mod: HP is shown in percentages\n|rule|Endless Battle Clause: Forcing endless battles is banned\n|clearpoke\n|poke|p1|Dragapult, M|\n|poke|p1|Snorlax, M|\n|poke|p1|Glalie, M|\n|poke|p1|Charizard, M|\n|poke|p1|Lucario, M|\n|poke|p1|Lucario, M|\n|poke|p2|Charizard, M|\n|poke|p2|Quaquaval, F|\n|poke|p2|Ninetales-Alola, M|\n|poke|p2|Rayquaza|\n|poke|p2|Calyrex-Shadow|\n|poke|p2|Miraidon|\n|teampreview\n|\n|t:|1700587206\n|start\n|switch|p1a: Glalie|Glalie, M, shiny|100\/100\n|switch|p2a: Calyrex|Calyrex-Shadow|100\/100\n|-ability|p2a: Calyrex|As One\n|-ability|p2a: Calyrex|Unnerve\n|turn|1\n|\n|t:|1700587217\n|move|p1a: Glalie|Protect|p1a: Glalie\n|-singleturn|p1a: Glalie|Protect\n|move|p2a: Calyrex|Astral Barrage|p1a: Glalie\n|-activate|p1a: Glalie|move: Protect\n|\n|-ability|p1a: Glalie|Moody|boost\n|-boost|p1a: Glalie|spa|2\n|-unboost|p1a: Glalie|spd|1\n|upkeep\n|turn|2\n|c|\u2606C1ownPierceYT|im gonna fuck ur booty hole\n|\n|t:|1700587229\n|move|p2a: Calyrex|Astral Barrage|p1a: Glalie\n|-damage|p1a: Glalie|0 fnt\n|faint|p1a: Glalie\n|-ability|p2a: Calyrex|Grim Neigh|boost\n|-boost|p2a: Calyrex|spa|1\n|\n|upkeep\n|c|\u2606C1ownPierceYT|there done\n|\n|t:|1700587236\n|switch|p1a: Snorlax|Snorlax, M, shiny|100\/100\n|turn|3\n|\n|t:|1700587240\n|switch|p2a: Miraidon|Miraidon|100\/100\n|-fieldstart|move: Electric Terrain|[from] ability: Hadron Engine|[of] p2a: Miraidon\n|-terastallize|p1a: Snorlax|Ground\n|move|p1a: Snorlax|Earthquake|p2a: Miraidon\n|-supereffective|p2a: Miraidon\n|-damage|p2a: Miraidon|29\/100\n|\n|upkeep\n|turn|4\n|\n|t:|1700587250\n|switch|p2a: Calyrex|Calyrex-Shadow|100\/100\n|-ability|p2a: Calyrex|As One\n|-ability|p2a: Calyrex|Unnerve\n|move|p1a: Snorlax|Earthquake|p2a: Calyrex\n|-damage|p2a: Calyrex|60\/100\n|\n|upkeep\n|turn|5\n|\n|t:|1700587259\n|move|p2a: Calyrex|Astral Barrage|p1a: Snorlax\n|-damage|p1a: Snorlax|64\/100\n|move|p1a: Snorlax|Earthquake|p2a: Calyrex\n|-damage|p2a: Calyrex|20\/100\n|\n|-heal|p1a: Snorlax|70\/100|[from] item: Leftovers\n|upkeep\n|turn|6\n|c|\u2606C1ownPierceYT|biig booty hole\n|\n|t:|1700587277\n|switch|p2a: Quaquaval|Quaquaval, F|100\/100\n|move|p1a: Snorlax|Earthquake|p2a: Quaquaval\n|-damage|p2a: Quaquaval|55\/100\n|\n|-heal|p1a: Snorlax|76\/100|[from] item: Leftovers\n|upkeep\n|turn|7\n|\n|t:|1700587283\n|move|p2a: Quaquaval|Aqua Step|p1a: Snorlax\n|-supereffective|p1a: Snorlax\n|-damage|p1a: Snorlax|32\/100\n|-boost|p2a: Quaquaval|spe|1\n|move|p1a: Snorlax|Thunder Punch|p2a: Quaquaval\n|-supereffective|p2a: Quaquaval\n|-damage|p2a: Quaquaval|0 fnt\n|faint|p2a: Quaquaval\n|\n|-heal|p1a: Snorlax|38\/100|[from] item: Leftovers\n|-fieldend|move: Electric Terrain\n|upkeep\n|\n|t:|1700587295\n|switch|p2a: Ninetales|Ninetales-Alola, M|100\/100\n|turn|8\n|c|\u2606C1ownPierceYT|awe hel naw\n|inactive|Battle timer is ON: inactive players will automatically lose when time's up. (requested by C1ownPierceYT)\n|\n|t:|1700587324\n|-terastallize|p2a: Ninetales|Ice\n|move|p2a: Ninetales|Freeze-Dry|p1a: Snorlax\n|-supereffective|p1a: Snorlax\n|-damage|p1a: Snorlax|4\/100\n|move|p1a: Snorlax|Earthquake|p2a: Ninetales\n|-crit|p2a: Ninetales\n|-damage|p2a: Ninetales|17\/100\n|\n|-heal|p1a: Snorlax|10\/100|[from] item: Leftovers\n|upkeep\n|turn|9\n|\n|t:|1700587335\n|move|p2a: Ninetales|Freeze-Dry|p1a: Snorlax\n|-supereffective|p1a: Snorlax\n|-damage|p1a: Snorlax|0 fnt\n|faint|p1a: Snorlax\n|\n|upkeep\n|\n|t:|1700587345\n|switch|p1a: Charizard|Charizard, M|100\/100\n|turn|10\n|inactive|Lebrown_69 has 120 seconds left.\n|\n|t:|1700587378\n|move|p2a: Ninetales|Freeze-Dry|p1a: Charizard\n|-damage|p1a: Charizard|66\/100\n|-status|p1a: Charizard|frz\n|-curestatus|p1a: Charizard|frz|[msg]\n|move|p1a: Charizard|Fire Punch|p2a: Ninetales\n|-supereffective|p2a: Ninetales\n|-damage|p2a: Ninetales|0 fnt\n|faint|p2a: Ninetales\n|\n|upkeep\n|\n|t:|1700587389\n|switch|p2a: Calyrex|Calyrex-Shadow|20\/100\n|-ability|p2a: Calyrex|As One\n|-ability|p2a: Calyrex|Unnerve\n|turn|11\n|c|\u2606C1ownPierceYT|man FU\n|\n|t:|1700587401\n|move|p2a: Calyrex|Astral Barrage|p1a: Charizard\n|-damage|p1a: Charizard|0 fnt\n|faint|p1a: Charizard\n|-ability|p2a: Calyrex|Grim Neigh|boost\n|-boost|p2a: Calyrex|spa|1\n|\n|upkeep\n|c|\u2606C1ownPierceYT|i hate u\n|\n|t:|1700587408\n|switch|p1a: Dragapult|Dragapult, M|100\/100\n|turn|12\n|\n|t:|1700587411\n|move|p2a: Calyrex|Astral Barrage|p1a: Dragapult\n|-supereffective|p1a: Dragapult\n|-enditem|p1a: Dragapult|Focus Sash\n|-damage|p1a: Dragapult|1\/100\n|move|p1a: Dragapult|Dragon Darts|p2a: Calyrex\n|-damage|p2a: Calyrex|0 fnt\n|faint|p2a: Calyrex\n|\n|upkeep\n|\n|t:|1700587420\n|switch|p2a: Miraidon|Miraidon|29\/100\n|-fieldstart|move: Electric Terrain|[from] ability: Hadron Engine|[of] p2a: Miraidon\n|turn|13\n|\n|t:|1700587424\n|move|p2a: Miraidon|Discharge|p1a: Dragapult\n|-resisted|p1a: Dragapult\n|-damage|p1a: Dragapult|0 fnt\n|faint|p1a: Dragapult\n|\n|upkeep\n|\n|t:|1700587428\n|switch|p1a: Lucario|Lucario, M|100\/100\n|turn|14\n|\n|t:|1700587437\n|move|p2a: Miraidon|Discharge|p1a: Lucario\n|-damage|p1a: Lucario|4\/100\n|move|p1a: Lucario|Flash Cannon|p2a: Miraidon\n|-resisted|p2a: Miraidon\n|-damage|p2a: Miraidon|15\/100\n|\n|upkeep\n|turn|15\n|\n|t:|1700587443\n|move|p2a: Miraidon|Discharge|p1a: Lucario\n|-damage|p1a: Lucario|0 fnt\n|faint|p1a: Lucario\n|\n|upkeep\n|\n|t:|1700587445\n|switch|p1a: Lucario|Lucario, M|100\/100\n|turn|16\n|\n|t:|1700587448\n|move|p1a: Lucario|Extreme Speed|p2a: Miraidon\n|-damage|p2a: Miraidon|0 fnt\n|faint|p2a: Miraidon\n|\n|upkeep\n|\n|t:|1700587456\n|switch|p2a: Rayquaza|Rayquaza|100\/100\n|-ability|p2a: Rayquaza|Air Lock\n|turn|17\n|\n|t:|1700587461\n|move|p1a: Lucario|Extreme Speed|p2a: Rayquaza\n|-damage|p2a: Rayquaza|75\/100\n|move|p2a: Rayquaza|Earthquake|p1a: Lucario\n|-supereffective|p1a: Lucario\n|-damage|p1a: Lucario|8\/100\n|\n|-fieldend|move: Electric Terrain\n|upkeep\n|turn|18\n|-message|Lebrown_69 forfeited.\n|\n|win|C1ownPierceYT\n|raw|Lebrown_69's rating: 1156 &rarr; <strong>1128<\/strong><br \/>(-28 for losing)\n|raw|C1ownPierceYT's rating: 1117 &rarr; <strong>1145<\/strong><br \/>(+28 for winning)\n","uploadtime":1700587228,"views":0,"p1id":"lebrown69","p2id":"c1ownpierceyt","formatid":"gen9anythinggoes","rating":1128,"private":0,"password":""}