{"id":"gen9anythinggoes-1997279381","p1":"YoungEsq","p2":"Koolaid9090","format":"[Gen 9] Anything Goes","log":"|j|\u2606YoungEsq\n|j|\u2606Koolaid9090\n|t:|1700783916\n|gametype|singles\n|player|p1|YoungEsq|170|1387\n|player|p2|Koolaid9090|giovanni|1488\n|teamsize|p1|6\n|teamsize|p2|6\n|gen|9\n|tier|[Gen 9] Anything Goes\n|rated|\n|rule|HP Percentage Mod: HP is shown in percentages\n|rule|Endless Battle Clause: Forcing endless battles is banned\n|clearpoke\n|poke|p1|Ting-Lu|\n|poke|p1|Gholdengo|\n|poke|p1|Roaring Moon|\n|poke|p1|Chi-Yu|\n|poke|p1|Samurott-Hisui, M|\n|poke|p1|Mandibuzz, F|\n|poke|p2|Ursaluna-Bloodmoon, M|\n|poke|p2|Dragonite, M|\n|poke|p2|Palafin, F|\n|poke|p2|Iron Moth|\n|poke|p2|Zapdos|\n|poke|p2|Ribombee, F|\n|teampreview\n|inactive|Battle timer is ON: inactive players will automatically lose when time's up. (requested by Koolaid9090)\n|\n|t:|1700783922\n|start\n|switch|p1a: Ting-Lu|Ting-Lu|100\/100\n|switch|p2a: Ribombee|Ribombee, F|100\/100\n|-ability|p1a: Ting-Lu|Vessel of Ruin\n|turn|1\n|\n|t:|1700783930\n|move|p2a: Ribombee|Sticky Web|p1a: Ting-Lu\n|-sidestart|p1: YoungEsq|move: Sticky Web\n|move|p1a: Ting-Lu|Stealth Rock|p2a: Ribombee\n|-sidestart|p2: Koolaid9090|move: Stealth Rock\n|\n|upkeep\n|turn|2\n|\n|t:|1700783934\n|move|p2a: Ribombee|Quiver Dance|p2a: Ribombee\n|-boost|p2a: Ribombee|spa|1\n|-boost|p2a: Ribombee|spd|1\n|-boost|p2a: Ribombee|spe|1\n|move|p1a: Ting-Lu|Whirlwind|p2a: Ribombee\n|drag|p2a: Dragonite|Dragonite, M|100\/100\n|-damage|p2a: Dragonite|76\/100|[from] Stealth Rock\n|\n|upkeep\n|turn|3\n|\n|t:|1700783938\n|switch|p2a: Palafin|Palafin, F|100\/100\n|-damage|p2a: Palafin|88\/100|[from] Stealth Rock\n|move|p1a: Ting-Lu|Whirlwind|p2a: Palafin\n|detailschange|p2a: Palafin|Palafin-Hero, F\n|drag|p2a: Ribombee|Ribombee, F|100\/100\n|-damage|p2a: Ribombee|76\/100|[from] Stealth Rock\n|\n|upkeep\n|turn|4\n|\n|t:|1700783947\n|move|p2a: Ribombee|Moonblast|p1a: Ting-Lu\n|-supereffective|p1a: Ting-Lu\n|-damage|p1a: Ting-Lu|64\/100\n|move|p1a: Ting-Lu|Whirlwind|p2a: Ribombee\n|drag|p2a: Ursaluna|Ursaluna-Bloodmoon, M|100\/100\n|-damage|p2a: Ursaluna|94\/100|[from] Stealth Rock\n|\n|-heal|p1a: Ting-Lu|71\/100|[from] item: Leftovers\n|upkeep\n|turn|5\n|\n|t:|1700783951\n|move|p2a: Ursaluna|Moonblast|p1a: Ting-Lu\n|-supereffective|p1a: Ting-Lu\n|-damage|p1a: Ting-Lu|41\/100\n|move|p1a: Ting-Lu|Whirlwind|p2a: Ursaluna\n|drag|p2a: Ribombee|Ribombee, F|76\/100\n|-damage|p2a: Ribombee|51\/100|[from] Stealth Rock\n|\n|-heal|p1a: Ting-Lu|47\/100|[from] item: Leftovers\n|upkeep\n|turn|6\n|\n|t:|1700783956\n|switch|p1a: Samurott|Samurott-Hisui, M|100\/100\n|-activate|p1a: Samurott|move: Sticky Web\n|-unboost|p1a: Samurott|spe|1\n|move|p2a: Ribombee|Moonblast|p1a: Samurott\n|-supereffective|p1a: Samurott\n|-enditem|p1a: Samurott|Roseli Berry|[eat]\n|-enditem|p1a: Samurott|Roseli Berry|[weaken]\n|-damage|p1a: Samurott|56\/100\n|\n|upkeep\n|turn|7\n|\n|t:|1700783965\n|move|p2a: Ribombee|Quiver Dance|p2a: Ribombee\n|-boost|p2a: Ribombee|spa|1\n|-boost|p2a: Ribombee|spd|1\n|-boost|p2a: Ribombee|spe|1\n|move|p1a: Samurott|Ceaseless Edge|p2a: Ribombee\n|-resisted|p2a: Ribombee\n|-damage|p2a: Ribombee|6\/100\n|-sidestart|p2: Koolaid9090|Spikes\n|\n|upkeep\n|turn|8\n|\n|t:|1700783968\n|move|p1a: Samurott|Aqua Jet|p2a: Ribombee\n|-damage|p2a: Ribombee|0 fnt\n|faint|p2a: Ribombee\n|\n|upkeep\n|\n|t:|1700783971\n|switch|p2a: Palafin|Palafin-Hero, F|88\/100\n|-damage|p2a: Palafin|76\/100|[from] Stealth Rock\n|-damage|p2a: Palafin|64\/100|[from] Spikes\n|-activate|p2a: Palafin|ability: Zero to Hero\n|turn|9\n|\n|t:|1700783974\n|move|p2a: Palafin|Flip Turn|p1a: Samurott\n|-resisted|p1a: Samurott\n|-damage|p1a: Samurott|25\/100\n|\n|t:|1700783976\n|switch|p2a: Zapdos|Zapdos|100\/100|[from] Flip Turn\n|move|p1a: Samurott|Ceaseless Edge|p2a: Zapdos\n|-damage|p2a: Zapdos|50\/100\n|-sidestart|p2: Koolaid9090|Spikes\n|\n|upkeep\n|turn|10\n|\n|t:|1700783984\n|move|p2a: Zapdos|Hurricane|p1a: Samurott|[miss]\n|-miss|p2a: Zapdos|p1a: Samurott\n|move|p1a: Samurott|Ceaseless Edge|p2a: Zapdos\n|-damage|p2a: Zapdos|0 fnt\n|-sidestart|p2: Koolaid9090|Spikes\n|faint|p2a: Zapdos\n|\n|upkeep\n|-message|Koolaid9090 forfeited.\n|\n|win|YoungEsq\n|raw|YoungEsq's rating: 1387 &rarr; <strong>1413<\/strong><br \/>(+26 for winning)\n|raw|Koolaid9090's rating: 1488 &rarr; <strong>1462<\/strong><br \/>(-26 for losing)\n|l|\u2606Koolaid9090\n","uploadtime":1700783992,"views":0,"p1id":"youngesq","p2id":"koolaid9090","formatid":"gen9anythinggoes","rating":1413,"private":0,"password":""}