{"id":"gen9anythinggoes-1976474469","p1":"Ellippo","p2":"puissance du feu","format":"[Gen 9] Anything Goes","log":"|j|\u2606Ellippo\n|j|\u203dpuissance du feu\n|t:|1698309473\n|gametype|singles\n|player|p1|Ellippo|lance|1653\n|player|p2|puissance du feu|blackbelt|1760\n|teamsize|p1|6\n|teamsize|p2|6\n|gen|9\n|tier|[Gen 9] Anything Goes\n|rated|\n|rule|HP Percentage Mod: HP is shown in percentages\n|rule|Endless Battle Clause: Forcing endless battles is banned\n|clearpoke\n|poke|p1|Basculegion, M|\n|poke|p1|Sneasler, M|\n|poke|p1|Calyrex-Shadow|\n|poke|p1|Kyogre|\n|poke|p1|Koraidon|\n|poke|p1|Arceus|\n|poke|p2|Calyrex-Shadow|\n|poke|p2|Arceus|\n|poke|p2|Arceus|\n|poke|p2|Miraidon|\n|poke|p2|Koraidon|\n|poke|p2|Koraidon|\n|teampreview\n|inactive|Battle timer is ON: inactive players will automatically lose when time's up. (requested by puissance du feu)\n|inactive|Ellippo has 120 seconds left.\n|inactive|puissance du feu has 120 seconds left.\n|j| Kaminari no Kokiyu\n|\n|t:|1698309508\n|start\n|switch|p1a: Sneasler|Sneasler, M|100\/100\n|switch|p2a: Koraidon|Koraidon|100\/100\n|-weather|SunnyDay|[from] ability: Orichalcum Pulse|[of] p2a: Koraidon\n|-activate|p2a: Koraidon|Orichalcum Pulse|[source]\n|turn|1\n|\n|t:|1698309518\n|switch|p1a: Arceus|Arceus|100\/100\n|move|p2a: Koraidon|U-turn|p1a: Arceus\n|-damage|p1a: Arceus|78\/100\n|\n|t:|1698309529\n|switch|p2a: Miraidon|Miraidon|100\/100|[from] U-turn\n|-fieldstart|move: Electric Terrain|[from] ability: Hadron Engine|[of] p2a: Miraidon\n|\n|-weather|SunnyDay|[upkeep]\n|upkeep\n|turn|2\n|\n|t:|1698309535\n|move|p2a: Miraidon|Volt Switch|p1a: Arceus\n|-damage|p1a: Arceus|27\/100\n|inactive|puissance du feu has 120 seconds left.\n|inactive|puissance du feu has 90 seconds left.\n|\n|t:|1698309605\n|switch|p2a: Arceus|Arceus|100\/100|[from] Volt Switch\n|move|p1a: Arceus|Dragon Dance|p1a: Arceus\n|-boost|p1a: Arceus|atk|1\n|-boost|p1a: Arceus|spe|1\n|\n|-weather|SunnyDay|[upkeep]\n|upkeep\n|turn|3\n|\n|t:|1698309611\n|move|p1a: Arceus|Extreme Speed|p2a: Arceus\n|-damage|p2a: Arceus|45\/100\n|move|p2a: Arceus|Extreme Speed|p1a: Arceus\n|-damage|p1a: Arceus|0 fnt\n|faint|p1a: Arceus\n|-damage|p2a: Arceus|35\/100|[from] item: Life Orb\n|\n|-weather|SunnyDay|[upkeep]\n|upkeep\n|\n|t:|1698309621\n|switch|p1a: Koraidon|Koraidon|100\/100\n|-activate|p1a: Koraidon|ability: Orichalcum Pulse\n|turn|4\n|inactive|puissance du feu has 90 seconds left.\n|\n|t:|1698309636\n|move|p2a: Arceus|Extreme Speed|p1a: Koraidon\n|-damage|p1a: Koraidon|59\/100\n|-damage|p2a: Arceus|25\/100|[from] item: Life Orb\n|move|p1a: Koraidon|Dragon Claw|p2a: Arceus\n|-damage|p2a: Arceus|0 fnt\n|faint|p2a: Arceus\n|\n|-weather|SunnyDay|[upkeep]\n|upkeep\n|\n|t:|1698309641\n|switch|p2a: Calyrex|Calyrex-Shadow|100\/100\n|-ability|p2a: Calyrex|As One\n|-ability|p2a: Calyrex|Unnerve\n|turn|5\n|\n|t:|1698309652\n|switch|p1a: Sneasler|Sneasler, M|100\/100\n|move|p2a: Calyrex|Psychic|p1a: Sneasler\n|-supereffective|p1a: Sneasler\n|-enditem|p1a: Sneasler|Focus Sash\n|-damage|p1a: Sneasler|1\/100\n|\n|-weather|none\n|-fieldend|move: Electric Terrain\n|upkeep\n|turn|6\n|\n|t:|1698309660\n|-terastallize|p2a: Calyrex|Dark\n|move|p1a: Sneasler|Night Slash|p2a: Calyrex\n|-resisted|p2a: Calyrex\n|-damage|p2a: Calyrex|85\/100\n|move|p2a: Calyrex|Psychic|p1a: Sneasler\n|-supereffective|p1a: Sneasler\n|-damage|p1a: Sneasler|0 fnt\n|faint|p1a: Sneasler\n|-ability|p2a: Calyrex|Grim Neigh|boost\n|-boost|p2a: Calyrex|spa|1\n|\n|upkeep\n|\n|t:|1698309669\n|switch|p1a: Koraidon|Koraidon|59\/100\n|-weather|SunnyDay|[from] ability: Orichalcum Pulse|[of] p1a: Koraidon\n|-activate|p1a: Koraidon|Orichalcum Pulse|[source]\n|turn|7\n|inactive|puissance du feu has 90 seconds left.\n|\n|t:|1698309700\n|move|p2a: Calyrex|Psychic|p1a: Koraidon\n|-supereffective|p1a: Koraidon\n|-damage|p1a: Koraidon|0 fnt\n|faint|p1a: Koraidon\n|-ability|p2a: Calyrex|Grim Neigh|boost\n|-boost|p2a: Calyrex|spa|1\n|\n|-weather|SunnyDay|[upkeep]\n|upkeep\n|\n|t:|1698309711\n|switch|p1a: Kyogre|Kyogre|100\/100\n|-weather|RainDance|[from] ability: Drizzle|[of] p1a: Kyogre\n|turn|8\n|inactive|puissance du feu has 90 seconds left.\n|\n|t:|1698309734\n|move|p2a: Calyrex|Psychic|p1a: Kyogre\n|-damage|p1a: Kyogre|15\/100\n|move|p1a: Kyogre|Origin Pulse|p2a: Calyrex\n|-damage|p2a: Calyrex|0 fnt\n|faint|p2a: Calyrex\n|\n|-weather|RainDance|[upkeep]\n|upkeep\n|\n|t:|1698309742\n|switch|p2a: Koraidon|Koraidon|100\/100\n|-weather|SunnyDay|[from] ability: Orichalcum Pulse|[of] p2a: Koraidon\n|-activate|p2a: Koraidon|Orichalcum Pulse|[source]\n|turn|9\n|\n|t:|1698309748\n|switch|p1a: Calyrex|Calyrex-Shadow|100\/100\n|-ability|p1a: Calyrex|As One\n|-ability|p1a: Calyrex|Unnerve\n|move|p2a: Koraidon|Swords Dance|p2a: Koraidon\n|-boost|p2a: Koraidon|atk|2\n|\n|-weather|SunnyDay|[upkeep]\n|upkeep\n|turn|10\n|\n|t:|1698309757\n|move|p1a: Calyrex|Psychic|p2a: Koraidon\n|-supereffective|p2a: Koraidon\n|-damage|p2a: Koraidon|0 fnt\n|faint|p2a: Koraidon\n|-ability|p1a: Calyrex|Grim Neigh|boost\n|-boost|p1a: Calyrex|spa|1\n|\n|-weather|SunnyDay|[upkeep]\n|upkeep\n|\n|t:|1698309762\n|switch|p2a: Arceus|Arceus|100\/100\n|turn|11\n|\n|t:|1698309771\n|move|p1a: Calyrex|Psychic|p2a: Arceus\n|-damage|p2a: Arceus|48\/100\n|move|p2a: Arceus|Shadow Claw|p1a: Calyrex\n|-supereffective|p1a: Calyrex\n|-enditem|p1a: Calyrex|Focus Sash\n|-damage|p1a: Calyrex|1\/100\n|-damage|p2a: Arceus|38\/100|[from] item: Life Orb\n|\n|-weather|SunnyDay|[upkeep]\n|upkeep\n|turn|12\n|\n|t:|1698309779\n|move|p1a: Calyrex|Psychic|p2a: Arceus\n|-damage|p2a: Arceus|0 fnt\n|faint|p2a: Arceus\n|-ability|p1a: Calyrex|Grim Neigh|boost\n|-boost|p1a: Calyrex|spa|1\n|\n|-weather|SunnyDay|[upkeep]\n|upkeep\n|\n|t:|1698309784\n|switch|p2a: Koraidon|Koraidon|100\/100\n|-activate|p2a: Koraidon|ability: Orichalcum Pulse\n|turn|13\n|\n|t:|1698309788\n|move|p2a: Koraidon|U-turn|p1a: Calyrex\n|-damage|p1a: Calyrex|0 fnt\n|faint|p1a: Calyrex\n|inactive|puissance du feu has 120 seconds left.\n|\n|t:|1698309819\n|switch|p2a: Miraidon|Miraidon|100\/100|[from] U-turn\n|-fieldstart|move: Electric Terrain|[from] ability: Hadron Engine|[of] p2a: Miraidon\n|\n|-weather|none\n|upkeep\n|\n|t:|1698309825\n|switch|p1a: Basculegion|Basculegion, M, shiny|100\/100\n|turn|14\n|inactive|puissance du feu has 120 seconds left.\n|inactive|puissance du feu has 90 seconds left.\n|inactive|puissance du feu has 60 seconds left.\n|inactive|puissance du feu has 30 seconds left.\n|inactive|puissance du feu has 20 seconds left.\n|c|\u2606Ellippo|rip\n|inactive|puissance du feu has 15 seconds left.\n|inactive|puissance du feu has 10 seconds left.\n|inactive|puissance du feu has 5 seconds left.\n|-message|puissance du feu lost due to inactivity.\n|\n|win|Ellippo\n|raw|Ellippo's rating: 1653 &rarr; <strong>1680<\/strong><br \/>(+27 for winning)\n|raw|puissance du feu's rating: 1781 &rarr; <strong>1754<\/strong><br \/>(-27 for losing)\n|l|\u2606Ellippo\n","uploadtime":1698309960,"views":22,"p1id":"ellippo","p2id":"puissancedufeu","formatid":"gen9anythinggoes","rating":1680,"private":0,"password":""}