{"id":"gen9anythinggoes-1975335693","p1":"AGisgood\u82cd\u54cd\u4fa0","p2":"Hypocritically!","format":"[Gen 9] Anything Goes","log":"|j|\u2606AGisgood\u82cd\u54cd\u4fa0\n|j|\u2606Hypocritically!\n|t:|1698180886\n|gametype|singles\n|player|p1|AGisgood\u82cd\u54cd\u4fa0|cynthia-masters|1629\n|player|p2|Hypocritically!|backpacker|1516\n|teamsize|p1|6\n|teamsize|p2|6\n|gen|9\n|tier|[Gen 9] Anything Goes\n|rated|\n|rule|HP Percentage Mod: HP is shown in percentages\n|rule|Endless Battle Clause: Forcing endless battles is banned\n|clearpoke\n|poke|p1|Calyrex-Shadow|\n|poke|p1|Zacian-*|\n|poke|p1|Koraidon|\n|poke|p1|Arceus|\n|poke|p1|Dondozo, F|\n|poke|p1|Ting-Lu|\n|poke|p2|Orthworm, F|\n|poke|p2|Clodsire, M|\n|poke|p2|Glimmora, F|\n|poke|p2|Garganacl, M|\n|poke|p2|Kingambit, F|\n|poke|p2|Ceruledge, F|\n|teampreview\n|inactive|Battle timer is ON: inactive players will automatically lose when time's up. (requested by AGisgood\u82cd\u54cd\u4fa0)\n|\n|t:|1698180901\n|start\n|switch|p1a: Calyrex|Calyrex-Shadow|100\/100\n|switch|p2a: Clodsire|Clodsire, M, shiny|100\/100\n|-ability|p1a: Calyrex|As One\n|-ability|p1a: Calyrex|Unnerve\n|turn|1\n|j| dat_one_dude13\n|\n|t:|1698180916\n|move|p1a: Calyrex|Taunt|p2a: Clodsire\n|-start|p2a: Clodsire|move: Taunt\n|move|p2a: Clodsire|Earthquake|p1a: Calyrex\n|-damage|p1a: Calyrex|58\/100\n|\n|upkeep\n|turn|2\n|\n|t:|1698180924\n|move|p1a: Calyrex|Psyshock|p2a: Clodsire\n|-supereffective|p2a: Clodsire\n|-damage|p2a: Clodsire|0 fnt\n|faint|p2a: Clodsire\n|-ability|p1a: Calyrex|Grim Neigh|boost\n|-boost|p1a: Calyrex|spa|1\n|\n|upkeep\n|\n|t:|1698180928\n|switch|p2a: Ceruledge|Ceruledge, F, shiny|100\/100\n|turn|3\n|\n|t:|1698180934\n|-terastallize|p1a: Calyrex|Fairy\n|move|p1a: Calyrex|Psyshock|p2a: Ceruledge\n|-damage|p2a: Ceruledge|1\/100\n|move|p2a: Ceruledge|Bitter Blade|p1a: Calyrex\n|-damage|p1a: Calyrex|6\/100\n|-heal|p2a: Ceruledge|32\/100|[from] drain|[of] p1a: Calyrex\n|\n|upkeep\n|turn|4\n|\n|t:|1698180938\n|move|p2a: Ceruledge|Shadow Sneak|p1a: Calyrex\n|-damage|p1a: Calyrex|0 fnt\n|faint|p1a: Calyrex\n|\n|upkeep\n|\n|t:|1698180945\n|switch|p1a: Zacian|Zacian-Crowned|100\/100\n|-ability|p1a: Zacian|Intrepid Sword|boost\n|-boost|p1a: Zacian|atk|1\n|turn|5\n|\n|t:|1698180954\n|move|p1a: Zacian|Behemoth Blade|p2a: Ceruledge\n|-resisted|p2a: Ceruledge\n|-damage|p2a: Ceruledge|0 fnt\n|faint|p2a: Ceruledge\n|\n|upkeep\n|\n|t:|1698180958\n|switch|p2a: Garganacl|Garganacl, M, shiny|100\/100\n|turn|6\n|\n|t:|1698180965\n|-terastallize|p2a: Garganacl|Flying\n|move|p1a: Zacian|Swords Dance|p1a: Zacian\n|-boost|p1a: Zacian|atk|2\n|move|p2a: Garganacl|Iron Defense|p2a: Garganacl\n|-boost|p2a: Garganacl|def|2\n|\n|upkeep\n|turn|7\n|\n|t:|1698180971\n|move|p1a: Zacian|Play Rough|p2a: Garganacl\n|-damage|p2a: Garganacl|65\/100\n|move|p2a: Garganacl|Salt Cure|p1a: Zacian\n|-resisted|p1a: Zacian\n|-damage|p1a: Zacian|94\/100\n|-start|p1a: Zacian|Salt Cure\n|\n|-damage|p1a: Zacian|69\/100|[from] Salt Cure\n|upkeep\n|turn|8\n|\n|t:|1698180976\n|move|p1a: Zacian|Behemoth Blade|p2a: Garganacl\n|-damage|p2a: Garganacl|20\/100\n|move|p2a: Garganacl|Recover|p2a: Garganacl\n|-heal|p2a: Garganacl|71\/100\n|\n|-damage|p1a: Zacian|45\/100|[from] Salt Cure\n|upkeep\n|turn|9\n|\n|t:|1698180980\n|move|p1a: Zacian|Swords Dance|p1a: Zacian\n|-boost|p1a: Zacian|atk|2\n|move|p2a: Garganacl|Recover|p2a: Garganacl\n|-heal|p2a: Garganacl|100\/100\n|\n|-damage|p1a: Zacian|20\/100|[from] Salt Cure\n|upkeep\n|turn|10\n|\n|t:|1698180986\n|move|p1a: Zacian|Behemoth Blade|p2a: Garganacl\n|-damage|p2a: Garganacl|44\/100\n|move|p2a: Garganacl|Recover|p2a: Garganacl\n|-heal|p2a: Garganacl|94\/100\n|\n|-damage|p1a: Zacian|0 fnt|[from] Salt Cure\n|faint|p1a: Zacian\n|upkeep\n|\n|t:|1698181000\n|switch|p1a: Ting-Lu|Ting-Lu|100\/100\n|-ability|p1a: Ting-Lu|Vessel of Ruin\n|turn|11\n|\n|t:|1698181007\n|move|p2a: Garganacl|Salt Cure|p1a: Ting-Lu\n|-resisted|p1a: Ting-Lu\n|-damage|p1a: Ting-Lu|97\/100\n|-start|p1a: Ting-Lu|Salt Cure\n|move|p1a: Ting-Lu|Whirlwind|p2a: Garganacl\n|drag|p2a: Orthworm|Orthworm, F, shiny|100\/100\n|\n|-heal|p1a: Ting-Lu|100\/100|[from] item: Leftovers\n|-damage|p1a: Ting-Lu|88\/100|[from] Salt Cure\n|upkeep\n|turn|12\n|\n|t:|1698181018\n|switch|p1a: Koraidon|Koraidon|100\/100\n|-weather|SunnyDay|[from] ability: Orichalcum Pulse|[of] p1a: Koraidon\n|-activate|p1a: Koraidon|Orichalcum Pulse|[source]\n|move|p2a: Orthworm|Coil|p2a: Orthworm\n|-boost|p2a: Orthworm|atk|1\n|-boost|p2a: Orthworm|def|1\n|-boost|p2a: Orthworm|accuracy|1\n|\n|-weather|SunnyDay|[upkeep]\n|upkeep\n|turn|13\n|\n|t:|1698181026\n|move|p1a: Koraidon|Low Kick|p2a: Orthworm\n|-supereffective|p2a: Orthworm\n|-damage|p2a: Orthworm|30\/100\n|move|p2a: Orthworm|Wrap|p1a: Koraidon\n|-damage|p1a: Koraidon|95\/100\n|-activate|p1a: Koraidon|move: Wrap|[of] p2a: Orthworm\n|\n|-weather|SunnyDay|[upkeep]\n|-heal|p2a: Orthworm|36\/100|[from] item: Leftovers\n|-damage|p1a: Koraidon|83\/100|[from] move: Wrap|[partiallytrapped]\n|upkeep\n|turn|14\n|\n|t:|1698181029\n|move|p2a: Orthworm|Protect|p2a: Orthworm\n|-singleturn|p2a: Orthworm|Protect\n|move|p1a: Koraidon|Low Kick|p2a: Orthworm\n|-activate|p2a: Orthworm|move: Protect\n|\n|-weather|SunnyDay|[upkeep]\n|-heal|p2a: Orthworm|42\/100|[from] item: Leftovers\n|-damage|p1a: Koraidon|70\/100|[from] move: Wrap|[partiallytrapped]\n|upkeep\n|turn|15\n|\n|t:|1698181044\n|switch|p2a: Glimmora|Glimmora, F, shiny|100\/100\n|move|p1a: Koraidon|Low Kick|p2a: Glimmora\n|-damage|p2a: Glimmora|56\/100\n|-activate|p2a: Glimmora|ability: Toxic Debris\n|-sidestart|p1: AGisgood\u82cd\u54cd\u4fa0|move: Toxic Spikes\n|\n|-weather|SunnyDay|[upkeep]\n|-heal|p2a: Glimmora|62\/100|[from] item: Black Sludge\n|-end|p1a: Koraidon|Wrap|[partiallytrapped]|[silent]\n|upkeep\n|turn|16\n|\n|t:|1698181053\n|switch|p1a: Ting-Lu|Ting-Lu|88\/100\n|-status|p1a: Ting-Lu|psn\n|-ability|p1a: Ting-Lu|Vessel of Ruin\n|move|p2a: Glimmora|Spiky Shield||[still]\n|-fail|p2a: Glimmora\n|\n|-weather|none\n|-heal|p2a: Glimmora|69\/100|[from] item: Black Sludge\n|-heal|p1a: Ting-Lu|94\/100 psn|[from] item: Leftovers\n|-damage|p1a: Ting-Lu|82\/100 psn|[from] psn\n|upkeep\n|turn|17\n|\n|t:|1698181063\n|move|p2a: Glimmora|Stealth Rock|p1a: Ting-Lu\n|-sidestart|p1: AGisgood\u82cd\u54cd\u4fa0|move: Stealth Rock\n|move|p1a: Ting-Lu|Whirlwind|p2a: Glimmora\n|drag|p2a: Kingambit|Kingambit, F, shiny|100\/100\n|-activate|p2a: Kingambit|ability: Supreme Overlord\n|-start|p2a: Kingambit|fallen2|[silent]\n|\n|-heal|p1a: Ting-Lu|88\/100 psn|[from] item: Leftovers\n|-damage|p1a: Ting-Lu|76\/100 psn|[from] psn\n|upkeep\n|turn|18\n|\n|t:|1698181074\n|move|p1a: Ting-Lu|Earthquake|p2a: Kingambit\n|-supereffective|p2a: Kingambit\n|-damage|p2a: Kingambit|45\/100\n|move|p2a: Kingambit|Guillotine|p1a: Ting-Lu|[miss]\n|-miss|p2a: Kingambit|p1a: Ting-Lu\n|\n|-heal|p1a: Ting-Lu|82\/100 psn|[from] item: Leftovers\n|-damage|p1a: Ting-Lu|69\/100 psn|[from] psn\n|upkeep\n|turn|19\n|\n|t:|1698181082\n|switch|p1a: Arceus|Arceus|100\/100\n|-status|p1a: Arceus|psn\n|-damage|p1a: Arceus|88\/100 psn|[from] Stealth Rock\n|-end|p2a: Kingambit|fallen2|[silent]\n|switch|p2a: Orthworm|Orthworm, F, shiny|42\/100\n|\n|-heal|p1a: Arceus|94\/100 psn|[from] item: Leftovers\n|-heal|p2a: Orthworm|48\/100|[from] item: Leftovers\n|-damage|p1a: Arceus|82\/100 psn|[from] psn\n|upkeep\n|turn|20\n|\n|t:|1698181086\n|move|p2a: Orthworm|Protect|p2a: Orthworm\n|-singleturn|p2a: Orthworm|Protect\n|move|p1a: Arceus|Swords Dance|p1a: Arceus\n|-boost|p1a: Arceus|atk|2\n|\n|-heal|p1a: Arceus|88\/100 psn|[from] item: Leftovers\n|-heal|p2a: Orthworm|54\/100|[from] item: Leftovers\n|-damage|p1a: Arceus|75\/100 psn|[from] psn\n|upkeep\n|turn|21\n|\n|t:|1698181094\n|move|p1a: Arceus|Extreme Speed|p2a: Orthworm\n|-resisted|p2a: Orthworm\n|-damage|p2a: Orthworm|28\/100\n|move|p2a: Orthworm|Coil|p2a: Orthworm\n|-boost|p2a: Orthworm|atk|1\n|-boost|p2a: Orthworm|def|1\n|-boost|p2a: Orthworm|accuracy|1\n|\n|-heal|p1a: Arceus|82\/100 psn|[from] item: Leftovers\n|-heal|p2a: Orthworm|34\/100|[from] item: Leftovers\n|-damage|p1a: Arceus|69\/100 psn|[from] psn\n|upkeep\n|turn|22\n|\n|t:|1698181106\n|move|p1a: Arceus|Extreme Speed|p2a: Orthworm\n|-resisted|p2a: Orthworm\n|-damage|p2a: Orthworm|16\/100\n|move|p2a: Orthworm|Iron Tail|p1a: Arceus\n|-damage|p1a: Arceus|30\/100 psn\n|\n|-heal|p1a: Arceus|37\/100 psn|[from] item: Leftovers\n|-heal|p2a: Orthworm|22\/100|[from] item: Leftovers\n|-damage|p1a: Arceus|24\/100 psn|[from] psn\n|upkeep\n|turn|23\n|\n|t:|1698181111\n|move|p2a: Orthworm|Protect|p2a: Orthworm\n|-singleturn|p2a: Orthworm|Protect\n|move|p1a: Arceus|Recover|p1a: Arceus\n|-heal|p1a: Arceus|74\/100 psn\n|\n|-heal|p1a: Arceus|80\/100 psn|[from] item: Leftovers\n|-heal|p2a: Orthworm|28\/100|[from] item: Leftovers\n|-damage|p1a: Arceus|68\/100 psn|[from] psn\n|upkeep\n|turn|24\n|\n|t:|1698181119\n|move|p1a: Arceus|Swords Dance|p1a: Arceus\n|-boost|p1a: Arceus|atk|2\n|move|p2a: Orthworm|Wrap|p1a: Arceus\n|-damage|p1a: Arceus|64\/100 psn\n|-activate|p1a: Arceus|move: Wrap|[of] p2a: Orthworm\n|\n|-heal|p1a: Arceus|70\/100 psn|[from] item: Leftovers\n|-heal|p2a: Orthworm|34\/100|[from] item: Leftovers\n|-damage|p1a: Arceus|58\/100 psn|[from] psn\n|-damage|p1a: Arceus|45\/100 psn|[from] move: Wrap|[partiallytrapped]\n|upkeep\n|turn|25\n|\n|t:|1698181125\n|move|p2a: Orthworm|Protect|p2a: Orthworm\n|-singleturn|p2a: Orthworm|Protect\n|move|p1a: Arceus|Recover|p1a: Arceus\n|-heal|p1a: Arceus|95\/100 psn\n|\n|-heal|p1a: Arceus|100\/100 psn|[from] item: Leftovers\n|-heal|p2a: Orthworm|40\/100|[from] item: Leftovers\n|-damage|p1a: Arceus|88\/100 psn|[from] psn\n|-damage|p1a: Arceus|76\/100 psn|[from] move: Wrap|[partiallytrapped]\n|upkeep\n|turn|26\n|\n|t:|1698181135\n|move|p1a: Arceus|Shadow Claw|p2a: Orthworm\n|-damage|p2a: Orthworm|10\/100\n|move|p2a: Orthworm|Coil|p2a: Orthworm\n|-boost|p2a: Orthworm|atk|1\n|-boost|p2a: Orthworm|def|1\n|-boost|p2a: Orthworm|accuracy|1\n|\n|-heal|p1a: Arceus|82\/100 psn|[from] item: Leftovers\n|-heal|p2a: Orthworm|16\/100|[from] item: Leftovers\n|-damage|p1a: Arceus|69\/100 psn|[from] psn\n|-damage|p1a: Arceus|57\/100 psn|[from] move: Wrap|[partiallytrapped]\n|upkeep\n|turn|27\n|\n|t:|1698181146\n|move|p2a: Orthworm|Protect|p2a: Orthworm\n|-singleturn|p2a: Orthworm|Protect\n|move|p1a: Arceus|Shadow Claw|p2a: Orthworm\n|-activate|p2a: Orthworm|move: Protect\n|\n|-heal|p1a: Arceus|63\/100 psn|[from] item: Leftovers\n|-heal|p2a: Orthworm|22\/100|[from] item: Leftovers\n|-damage|p1a: Arceus|51\/100 psn|[from] psn\n|-damage|p1a: Arceus|38\/100 psn|[from] move: Wrap|[partiallytrapped]\n|upkeep\n|turn|28\n|\n|t:|1698181159\n|move|p1a: Arceus|Recover|p1a: Arceus\n|-heal|p1a: Arceus|88\/100 psn\n|move|p2a: Orthworm|Iron Tail|p1a: Arceus\n|-damage|p1a: Arceus|41\/100 psn\n|\n|-heal|p1a: Arceus|48\/100 psn|[from] item: Leftovers\n|-heal|p2a: Orthworm|28\/100|[from] item: Leftovers\n|-damage|p1a: Arceus|35\/100 psn|[from] psn\n|-damage|p1a: Arceus|23\/100 psn|[from] move: Wrap|[partiallytrapped]\n|upkeep\n|turn|29\n|\n|t:|1698181166\n|move|p2a: Orthworm|Protect|p2a: Orthworm\n|-singleturn|p2a: Orthworm|Protect\n|move|p1a: Arceus|Recover|p1a: Arceus\n|-heal|p1a: Arceus|73\/100 psn\n|\n|-heal|p1a: Arceus|79\/100 psn|[from] item: Leftovers\n|-heal|p2a: Orthworm|34\/100|[from] item: Leftovers\n|-damage|p1a: Arceus|66\/100 psn|[from] psn\n|-end|p1a: Arceus|Wrap|[partiallytrapped]\n|upkeep\n|turn|30\n|\n|t:|1698181177\n|move|p1a: Arceus|Shadow Claw|p2a: Orthworm\n|-damage|p2a: Orthworm|10\/100\n|move|p2a: Orthworm|Iron Tail|p1a: Arceus\n|-damage|p1a: Arceus|19\/100 psn\n|\n|-heal|p1a: Arceus|25\/100 psn|[from] item: Leftovers\n|-heal|p2a: Orthworm|16\/100|[from] item: Leftovers\n|-damage|p1a: Arceus|12\/100 psn|[from] psn\n|upkeep\n|turn|31\n|\n|t:|1698181183\n|move|p1a: Arceus|Recover|p1a: Arceus\n|-heal|p1a: Arceus|62\/100 psn\n|move|p2a: Orthworm|Iron Tail|p1a: Arceus\n|-damage|p1a: Arceus|11\/100 psn\n|\n|-heal|p1a: Arceus|17\/100 psn|[from] item: Leftovers\n|-heal|p2a: Orthworm|22\/100|[from] item: Leftovers\n|-damage|p1a: Arceus|4\/100 psn|[from] psn\n|upkeep\n|turn|32\n|\n|t:|1698181195\n|move|p2a: Orthworm|Protect|p2a: Orthworm\n|-singleturn|p2a: Orthworm|Protect\n|move|p1a: Arceus|Shadow Claw|p2a: Orthworm\n|-activate|p2a: Orthworm|move: Protect\n|\n|-heal|p1a: Arceus|10\/100 psn|[from] item: Leftovers\n|-heal|p2a: Orthworm|28\/100|[from] item: Leftovers\n|-damage|p1a: Arceus|0 fnt|[from] psn\n|faint|p1a: Arceus\n|upkeep\n|\n|t:|1698181201\n|switch|p1a: Koraidon|Koraidon|70\/100\n|-status|p1a: Koraidon|psn\n|-damage|p1a: Koraidon|64\/100 psn|[from] Stealth Rock\n|-weather|SunnyDay|[from] ability: Orichalcum Pulse|[of] p1a: Koraidon\n|-activate|p1a: Koraidon|Orichalcum Pulse|[source]\n|turn|33\n|\n|t:|1698181227\n|move|p2a: Orthworm|Protect|p2a: Orthworm\n|-singleturn|p2a: Orthworm|Protect\n|move|p1a: Koraidon|Low Kick|p2a: Orthworm\n|-activate|p2a: Orthworm|move: Protect\n|\n|-weather|SunnyDay|[upkeep]\n|-heal|p2a: Orthworm|34\/100|[from] item: Leftovers\n|-damage|p1a: Koraidon|52\/100 psn|[from] psn\n|upkeep\n|turn|34\n|\n|t:|1698181238\n|move|p1a: Koraidon|Low Kick|p2a: Orthworm\n|-supereffective|p2a: Orthworm\n|-damage|p2a: Orthworm|0 fnt\n|faint|p2a: Orthworm\n|\n|-weather|SunnyDay|[upkeep]\n|-damage|p1a: Koraidon|40\/100 psn|[from] psn\n|upkeep\n|\n|t:|1698181244\n|switch|p2a: Garganacl|Garganacl, M, shiny, tera:Flying|94\/100\n|turn|35\n|\n|t:|1698181251\n|switch|p1a: Dondozo|Dondozo, F|100\/100\n|-status|p1a: Dondozo|psn\n|-damage|p1a: Dondozo|88\/100 psn|[from] Stealth Rock\n|move|p2a: Garganacl|Iron Defense|p2a: Garganacl\n|-boost|p2a: Garganacl|def|2\n|\n|-weather|SunnyDay|[upkeep]\n|-heal|p1a: Dondozo|94\/100 psn|[from] item: Leftovers\n|-damage|p1a: Dondozo|82\/100 psn|[from] psn\n|upkeep\n|turn|36\n|\n|t:|1698181256\n|move|p1a: Dondozo|Curse|p1a: Dondozo\n|-unboost|p1a: Dondozo|spe|1\n|-boost|p1a: Dondozo|atk|1\n|-boost|p1a: Dondozo|def|1\n|move|p2a: Garganacl|Salt Cure|p1a: Dondozo\n|-damage|p1a: Dondozo|77\/100 psn\n|-start|p1a: Dondozo|Salt Cure\n|\n|-weather|SunnyDay|[upkeep]\n|-heal|p1a: Dondozo|83\/100 psn|[from] item: Leftovers\n|-damage|p1a: Dondozo|71\/100 psn|[from] psn\n|-damage|p1a: Dondozo|46\/100 psn|[from] Salt Cure\n|upkeep\n|turn|37\n|\n|t:|1698181260\n|move|p2a: Garganacl|Iron Defense|p2a: Garganacl\n|-boost|p2a: Garganacl|def|2\n|move|p1a: Dondozo|Rest|p1a: Dondozo\n|-status|p1a: Dondozo|slp|[from] move: Rest\n|-heal|p1a: Dondozo|100\/100 slp|[silent]\n|\n|-weather|none\n|-damage|p1a: Dondozo|75\/100 slp|[from] Salt Cure\n|upkeep\n|turn|38\n|\n|t:|1698181275\n|move|p2a: Garganacl|Iron Defense|p2a: Garganacl\n|-boost|p2a: Garganacl|def|2\n|cant|p1a: Dondozo|slp\n|move|p1a: Dondozo|Sleep Talk|p1a: Dondozo\n|move|p1a: Dondozo|Body Press|p2a: Garganacl|[from]move: Sleep Talk\n|-resisted|p2a: Garganacl\n|-damage|p2a: Garganacl|82\/100\n|\n|-heal|p1a: Dondozo|82\/100 slp|[from] item: Leftovers\n|-damage|p1a: Dondozo|57\/100 slp|[from] Salt Cure\n|upkeep\n|turn|39\n|\n|t:|1698181278\n|move|p2a: Garganacl|Body Press|p1a: Dondozo\n|-damage|p1a: Dondozo|49\/100 slp\n|cant|p1a: Dondozo|slp\n|\n|-heal|p1a: Dondozo|55\/100 slp|[from] item: Leftovers\n|-damage|p1a: Dondozo|30\/100 slp|[from] Salt Cure\n|upkeep\n|turn|40\n|\n|t:|1698181287\n|move|p2a: Garganacl|Body Press|p1a: Dondozo\n|-damage|p1a: Dondozo|21\/100 slp\n|-curestatus|p1a: Dondozo|slp|[msg]\n|move|p1a: Dondozo|Rest|p1a: Dondozo\n|-status|p1a: Dondozo|slp|[from] move: Rest\n|-heal|p1a: Dondozo|100\/100 slp|[silent]\n|\n|-damage|p1a: Dondozo|75\/100 slp|[from] Salt Cure\n|upkeep\n|turn|41\n|\n|t:|1698181299\n|move|p2a: Garganacl|Body Press|p1a: Dondozo\n|-damage|p1a: Dondozo|67\/100 slp\n|cant|p1a: Dondozo|slp\n|\n|-heal|p1a: Dondozo|73\/100 slp|[from] item: Leftovers\n|-damage|p1a: Dondozo|48\/100 slp|[from] Salt Cure\n|upkeep\n|turn|42\n|\n|t:|1698181308\n|move|p2a: Garganacl|Body Press|p1a: Dondozo\n|-damage|p1a: Dondozo|39\/100 slp\n|cant|p1a: Dondozo|slp\n|\n|-heal|p1a: Dondozo|46\/100 slp|[from] item: Leftovers\n|-damage|p1a: Dondozo|21\/100 slp|[from] Salt Cure\n|upkeep\n|turn|43\n|\n|t:|1698181319\n|move|p2a: Garganacl|Body Press|p1a: Dondozo\n|-damage|p1a: Dondozo|12\/100 slp\n|-curestatus|p1a: Dondozo|slp|[msg]\n|move|p1a: Dondozo|Rest|p1a: Dondozo\n|-status|p1a: Dondozo|slp|[from] move: Rest\n|-heal|p1a: Dondozo|100\/100 slp|[silent]\n|\n|-damage|p1a: Dondozo|75\/100 slp|[from] Salt Cure\n|upkeep\n|turn|44\n|\n|t:|1698181325\n|move|p2a: Garganacl|Body Press|p1a: Dondozo\n|-damage|p1a: Dondozo|67\/100 slp\n|cant|p1a: Dondozo|slp\n|move|p1a: Dondozo|Sleep Talk|p1a: Dondozo\n|move|p1a: Dondozo|Rest||[from]move: Sleep Talk|[still]\n|-fail|p1a: Dondozo\n|\n|-heal|p1a: Dondozo|73\/100 slp|[from] item: Leftovers\n|-damage|p1a: Dondozo|48\/100 slp|[from] Salt Cure\n|upkeep\n|turn|45\n|\n|t:|1698181329\n|move|p2a: Garganacl|Body Press|p1a: Dondozo\n|-damage|p1a: Dondozo|39\/100 slp\n|cant|p1a: Dondozo|slp\n|move|p1a: Dondozo|Sleep Talk|p1a: Dondozo\n|move|p1a: Dondozo|Body Press|p2a: Garganacl|[from]move: Sleep Talk\n|-resisted|p2a: Garganacl\n|-damage|p2a: Garganacl|70\/100\n|\n|-heal|p1a: Dondozo|45\/100 slp|[from] item: Leftovers\n|-damage|p1a: Dondozo|20\/100 slp|[from] Salt Cure\n|upkeep\n|turn|46\n|\n|t:|1698181342\n|move|p2a: Garganacl|Body Press|p1a: Dondozo\n|-damage|p1a: Dondozo|12\/100 slp\n|-curestatus|p1a: Dondozo|slp|[msg]\n|move|p1a: Dondozo|Rest|p1a: Dondozo\n|-status|p1a: Dondozo|slp|[from] move: Rest\n|-heal|p1a: Dondozo|100\/100 slp|[silent]\n|\n|-damage|p1a: Dondozo|75\/100 slp|[from] Salt Cure\n|upkeep\n|turn|47\n|\n|t:|1698181353\n|move|p2a: Garganacl|Body Press|p1a: Dondozo\n|-damage|p1a: Dondozo|67\/100 slp\n|cant|p1a: Dondozo|slp\n|move|p1a: Dondozo|Sleep Talk|p1a: Dondozo\n|move|p1a: Dondozo|Body Press|p2a: Garganacl|[from]move: Sleep Talk\n|-resisted|p2a: Garganacl\n|-damage|p2a: Garganacl|58\/100\n|\n|-heal|p1a: Dondozo|73\/100 slp|[from] item: Leftovers\n|-damage|p1a: Dondozo|48\/100 slp|[from] Salt Cure\n|upkeep\n|turn|48\n|\n|t:|1698181358\n|move|p2a: Garganacl|Body Press|p1a: Dondozo\n|-damage|p1a: Dondozo|40\/100 slp\n|cant|p1a: Dondozo|slp\n|move|p1a: Dondozo|Sleep Talk|p1a: Dondozo\n|move|p1a: Dondozo|Body Press|p2a: Garganacl|[from]move: Sleep Talk\n|-resisted|p2a: Garganacl\n|-damage|p2a: Garganacl|45\/100\n|\n|-heal|p1a: Dondozo|46\/100 slp|[from] item: Leftovers\n|-damage|p1a: Dondozo|21\/100 slp|[from] Salt Cure\n|upkeep\n|turn|49\n|\n|t:|1698181362\n|move|p2a: Garganacl|Body Press|p1a: Dondozo\n|-damage|p1a: Dondozo|12\/100 slp\n|-curestatus|p1a: Dondozo|slp|[msg]\n|move|p1a: Dondozo|Sleep Talk||[still]\n|-fail|p1a: Dondozo\n|\n|-heal|p1a: Dondozo|19\/100|[from] item: Leftovers\n|-damage|p1a: Dondozo|0 fnt|[from] Salt Cure\n|faint|p1a: Dondozo\n|upkeep\n|-message|AGisgood\u82cd\u54cd\u4fa0 forfeited.\n|\n|win|Hypocritically!\n|raw|AGisgood\u82cd\u54cd\u4fa0's rating: 1637 &rarr; <strong>1611<\/strong><br \/>(-26 for losing)\n|raw|Hypocritically!'s rating: 1535 &rarr; <strong>1561<\/strong><br \/>(+26 for winning)\n","uploadtime":1698181376,"views":9,"p1id":"agisgood","p2id":"hypocritically","formatid":"gen9anythinggoes","rating":1561,"private":0,"password":""}