{"id":"gen9anythinggoes-1982510183","p1":"charizard=trash","p2":"aggron meta","format":"[Gen 9] Anything Goes","log":"|j|\u2606charizard=trash\n|j|\u2606aggron meta\n|inactive|Battle timer is ON: inactive players will automatically lose when time's up.\n|t:|1699021505\n|gametype|singles\n|player|p1|charizard=trash|carmine-festival|\n|player|p2|aggron meta|hanbei-conquest|\n|teamsize|p1|6\n|teamsize|p2|6\n|gen|9\n|tier|[Gen 9] Anything Goes\n|rated|Tournament battle\n|rule|HP Percentage Mod: HP is shown in percentages\n|rule|Endless Battle Clause: Forcing endless battles is banned\n|clearpoke\n|poke|p1|Calyrex-Shadow|\n|poke|p1|Arceus|\n|poke|p1|Ting-Lu|\n|poke|p1|Koraidon|\n|poke|p1|Koraidon|\n|poke|p1|Zacian-*|\n|poke|p2|Mandibuzz, F|\n|poke|p2|Gliscor, M|\n|poke|p2|Blissey, F|\n|poke|p2|Alomomola, F|\n|poke|p2|Clodsire, M|\n|poke|p2|Dondozo, M|\n|teampreview\n|j| Ban Miraidon\n|c|\u2606aggron meta|we load in a bad mu guys\n|inactive|charizard=trash has 120 seconds left.\n|j| Coronet077\n|j| eavo\n|inactive|charizard=trash has 90 seconds left.\n|\n|t:|1699021569\n|start\n|switch|p1a: Koraidon|Koraidon|100\/100\n|switch|p2a: Malevolent Shrine|Gliscor, M, shiny|100\/100\n|-weather|SunnyDay|[from] ability: Orichalcum Pulse|[of] p1a: Koraidon\n|-activate|p1a: Koraidon|Orichalcum Pulse|[source]\n|turn|1\n|\n|t:|1699021576\n|move|p1a: Koraidon|Outrage|p2a: Malevolent Shrine\n|-damage|p2a: Malevolent Shrine|49\/100\n|move|p2a: Malevolent Shrine|Toxic|p1a: Koraidon\n|-status|p1a: Koraidon|tox\n|\n|-weather|SunnyDay|[upkeep]\n|-damage|p1a: Koraidon|94\/100 tox|[from] psn\n|-status|p2a: Malevolent Shrine|tox|[from] item: Toxic Orb\n|upkeep\n|turn|2\n|\n|t:|1699021581\n|move|p2a: Malevolent Shrine|Protect|p2a: Malevolent Shrine\n|-singleturn|p2a: Malevolent Shrine|Protect\n|move|p1a: Koraidon|Outrage|p2a: Malevolent Shrine|[from]lockedmove\n|-activate|p2a: Malevolent Shrine|move: Protect\n|\n|-weather|SunnyDay|[upkeep]\n|-damage|p1a: Koraidon|82\/100 tox|[from] psn\n|-heal|p2a: Malevolent Shrine|61\/100 tox|[from] ability: Poison Heal\n|upkeep\n|turn|3\n|c| eavo|ohh~\n|\n|t:|1699021590\n|switch|p1a: Ting-Lu|Ting-Lu|100\/100\n|-ability|p1a: Ting-Lu|Vessel of Ruin\n|switch|p2a: Wishing Stars|Alomomola, F|100\/100\n|\n|-weather|SunnyDay|[upkeep]\n|upkeep\n|turn|4\n|c|\u2606aggron meta|true\n|\n|t:|1699021594\n|move|p1a: Ting-Lu|Stealth Rock|p2a: Wishing Stars\n|-sidestart|p2: aggron meta|move: Stealth Rock\n|move|p2a: Wishing Stars|Wish|p2a: Wishing Stars\n|\n|-weather|SunnyDay|[upkeep]\n|upkeep\n|turn|5\n|\n|t:|1699021598\n|switch|p2a: Malevolent Shrine|Gliscor, M, shiny|61\/100 tox\n|-damage|p2a: Malevolent Shrine|49\/100 tox|[from] Stealth Rock\n|move|p1a: Ting-Lu|Spikes|p2a: Malevolent Shrine\n|-sidestart|p2: aggron meta|Spikes\n|\n|-weather|none\n|-heal|p2a: Malevolent Shrine|100\/100 tox|[from] move: Wish|[wisher] Wishing Stars\n|upkeep\n|turn|6\n|\n|t:|1699021607\n|move|p2a: Malevolent Shrine|Toxic|p1a: Ting-Lu\n|-status|p1a: Ting-Lu|tox\n|move|p1a: Ting-Lu|Whirlwind|p2a: Malevolent Shrine\n|drag|p2a: Soothing Wetlands|Blissey, F|100\/100\n|\n|-damage|p1a: Ting-Lu|94\/100 tox|[from] psn\n|upkeep\n|turn|7\n|\n|t:|1699021611\n|switch|p2a: Wishing Stars|Alomomola, F|100\/100\n|switch|p1a: Koraidon|Koraidon|100\/100\n|-weather|SunnyDay|[from] ability: Orichalcum Pulse|[of] p1a: Koraidon\n|-activate|p1a: Koraidon|Orichalcum Pulse|[source]\n|\n|-weather|SunnyDay|[upkeep]\n|upkeep\n|turn|8\n|\n|t:|1699021618\n|move|p1a: Koraidon|Swords Dance|p1a: Koraidon\n|-boost|p1a: Koraidon|atk|2\n|move|p2a: Wishing Stars|Play Rough|p1a: Koraidon\n|-supereffective|p1a: Koraidon\n|-damage|p1a: Koraidon|42\/100\n|\n|-weather|SunnyDay|[upkeep]\n|upkeep\n|turn|9\n|c| eavo|why is it called soothing wetlands wtf\n|\n|t:|1699021630\n|-terastallize|p2a: Wishing Stars|Fairy\n|move|p1a: Koraidon|Scale Shot|p2a: Wishing Stars\n|-immune|p2a: Wishing Stars\n|move|p2a: Wishing Stars|Scald|p1a: Koraidon\n|-resisted|p1a: Koraidon\n|-crit|p1a: Koraidon\n|-damage|p1a: Koraidon|37\/100\n|\n|-weather|SunnyDay|[upkeep]\n|upkeep\n|turn|10\n|\n|t:|1699021638\n|switch|p2a: Only Chance|Dondozo, M|100\/100\n|move|p1a: Koraidon|Flare Blitz|p2a: Only Chance\n|-resisted|p2a: Only Chance\n|-damage|p2a: Only Chance|83\/100\n|-damage|p1a: Koraidon|28\/100|[from] Recoil\n|\n|-weather|SunnyDay|[upkeep]\n|upkeep\n|turn|11\n|\n|t:|1699021644\n|switch|p2a: Wishing Stars|Alomomola, F, tera:Fairy|100\/100\n|move|p1a: Koraidon|Scale Shot|p2a: Wishing Stars\n|-immune|p2a: Wishing Stars\n|\n|-weather|none\n|upkeep\n|turn|12\n|\n|t:|1699021657\n|move|p1a: Koraidon|Flare Blitz|p2a: Wishing Stars\n|-damage|p2a: Wishing Stars|57\/100\n|-damage|p1a: Koraidon|6\/100|[from] Recoil\n|move|p2a: Wishing Stars|Play Rough|p1a: Koraidon\n|-supereffective|p1a: Koraidon\n|-damage|p1a: Koraidon|0 fnt\n|faint|p1a: Koraidon\n|\n|upkeep\n|\n|t:|1699021667\n|switch|p1a: Calyrex|Calyrex-Shadow|100\/100\n|-ability|p1a: Calyrex|As One\n|-ability|p1a: Calyrex|Unnerve\n|turn|13\n|\n|t:|1699021672\n|switch|p2a: Den of The Lost|Mandibuzz, F|100\/100\n|move|p1a: Calyrex|Encore||[still]\n|-fail|p1a: Calyrex\n|\n|upkeep\n|turn|14\n|\n|t:|1699021677\n|switch|p1a: Ting-Lu|Ting-Lu|94\/100 tox\n|-ability|p1a: Ting-Lu|Vessel of Ruin\n|move|p2a: Den of The Lost|Knock Off|p1a: Ting-Lu\n|-resisted|p1a: Ting-Lu\n|-damage|p1a: Ting-Lu|88\/100 tox\n|-enditem|p1a: Ting-Lu|Leftovers|[from] move: Knock Off|[of] p2a: Den of The Lost\n|\n|-damage|p1a: Ting-Lu|82\/100 tox|[from] psn\n|upkeep\n|turn|15\n|\n|t:|1699021683\n|switch|p2a: Wishing Stars|Alomomola, F, tera:Fairy|90\/100\n|switch|p1a: Zacian|Zacian-Crowned|100\/100\n|-ability|p1a: Zacian|Intrepid Sword|boost\n|-boost|p1a: Zacian|atk|1\n|\n|upkeep\n|turn|16\n|\n|t:|1699021691\n|switch|p2a: Only Chance|Dondozo, M|83\/100\n|move|p1a: Zacian|Behemoth Blade|p2a: Only Chance\n|-resisted|p2a: Only Chance\n|-damage|p2a: Only Chance|69\/100\n|\n|upkeep\n|turn|17\n|\n|t:|1699021694\n|move|p1a: Zacian|Wild Charge|p2a: Only Chance\n|-supereffective|p2a: Only Chance\n|-damage|p2a: Only Chance|36\/100\n|-damage|p1a: Zacian|88\/100|[from] Recoil\n|move|p2a: Only Chance|Rest|p2a: Only Chance\n|-status|p2a: Only Chance|slp|[from] move: Rest\n|-heal|p2a: Only Chance|100\/100 slp|[silent]\n|\n|upkeep\n|turn|18\n|\n|t:|1699021702\n|move|p1a: Zacian|Play Rough|p2a: Only Chance\n|-damage|p2a: Only Chance|78\/100 slp\n|cant|p2a: Only Chance|slp\n|move|p2a: Only Chance|Sleep Talk|p2a: Only Chance\n|move|p2a: Only Chance|Rest||[from]move: Sleep Talk|[still]\n|-fail|p2a: Only Chance\n|\n|upkeep\n|turn|19\n|\n|t:|1699021708\n|move|p1a: Zacian|Wild Charge|p2a: Only Chance\n|-supereffective|p2a: Only Chance\n|-damage|p2a: Only Chance|47\/100 slp\n|-damage|p1a: Zacian|75\/100|[from] Recoil\n|cant|p2a: Only Chance|slp\n|move|p2a: Only Chance|Sleep Talk|p2a: Only Chance\n|move|p2a: Only Chance|Rest||[from]move: Sleep Talk|[still]\n|-fail|p2a: Only Chance\n|\n|upkeep\n|turn|20\n|\n|t:|1699021713\n|move|p1a: Zacian|Wild Charge|p2a: Only Chance\n|-supereffective|p2a: Only Chance\n|-damage|p2a: Only Chance|18\/100 slp\n|-damage|p1a: Zacian|64\/100|[from] Recoil\n|-curestatus|p2a: Only Chance|slp|[msg]\n|move|p2a: Only Chance|Rest|p2a: Only Chance\n|-status|p2a: Only Chance|slp|[from] move: Rest\n|-heal|p2a: Only Chance|100\/100 slp|[silent]\n|\n|upkeep\n|turn|21\n|\n|t:|1699021716\n|move|p1a: Zacian|Wild Charge|p2a: Only Chance\n|-supereffective|p2a: Only Chance\n|-damage|p2a: Only Chance|68\/100 slp\n|-damage|p1a: Zacian|51\/100|[from] Recoil\n|cant|p2a: Only Chance|slp\n|move|p2a: Only Chance|Sleep Talk|p2a: Only Chance\n|move|p2a: Only Chance|Rest||[from]move: Sleep Talk|[still]\n|-fail|p2a: Only Chance\n|\n|upkeep\n|turn|22\n|\n|t:|1699021720\n|move|p1a: Zacian|Wild Charge|p2a: Only Chance\n|-supereffective|p2a: Only Chance\n|-crit|p2a: Only Chance\n|-damage|p2a: Only Chance|19\/100 slp\n|-damage|p1a: Zacian|32\/100|[from] Recoil\n|cant|p2a: Only Chance|slp\n|move|p2a: Only Chance|Sleep Talk|p2a: Only Chance\n|move|p2a: Only Chance|Rest||[from]move: Sleep Talk|[still]\n|-fail|p2a: Only Chance\n|\n|upkeep\n|turn|23\n|c| eavo|ohh~\n|c|\u2606aggron meta|of course\n|\n|t:|1699021743\n|move|p1a: Zacian|Wild Charge|p2a: Only Chance\n|-supereffective|p2a: Only Chance\n|-damage|p2a: Only Chance|0 fnt\n|faint|p2a: Only Chance\n|-damage|p1a: Zacian|25\/100|[from] Recoil\n|\n|upkeep\n|\n|t:|1699021745\n|switch|p2a: Only Chance|Clodsire, M|100\/100\n|turn|24\n|\n|t:|1699021747\n|move|p1a: Zacian|Behemoth Blade|p2a: Only Chance\n|-damage|p2a: Only Chance|37\/100\n|move|p2a: Only Chance|Earthquake|p1a: Zacian\n|-supereffective|p1a: Zacian\n|-damage|p1a: Zacian|0 fnt\n|faint|p1a: Zacian\n|\n|upkeep\n|\n|t:|1699021760\n|switch|p1a: Arceus|Arceus|100\/100\n|turn|25\n|\n|t:|1699021762\n|switch|p2a: Malevolent Shrine|Gliscor, M, shiny|100\/100 tox\n|-damage|p2a: Malevolent Shrine|88\/100 tox|[from] Stealth Rock\n|move|p1a: Arceus|Extreme Speed|p2a: Malevolent Shrine\n|-damage|p2a: Malevolent Shrine|62\/100 tox\n|\n|-heal|p2a: Malevolent Shrine|75\/100 tox|[from] ability: Poison Heal\n|upkeep\n|turn|26\n|\n|t:|1699021766\n|switch|p1a: Koraidon|Koraidon|82\/100 tox\n|-weather|SunnyDay|[from] ability: Orichalcum Pulse|[of] p1a: Koraidon\n|-activate|p1a: Koraidon|Orichalcum Pulse|[source]\n|move|p2a: Malevolent Shrine|Toxic|p1a: Koraidon\n|-fail|p1a: Koraidon|tox\n|\n|-weather|SunnyDay|[upkeep]\n|-damage|p1a: Koraidon|76\/100 tox|[from] psn\n|-heal|p2a: Malevolent Shrine|87\/100 tox|[from] ability: Poison Heal\n|upkeep\n|turn|27\n|\n|t:|1699021770\n|move|p2a: Malevolent Shrine|Protect|p2a: Malevolent Shrine\n|-singleturn|p2a: Malevolent Shrine|Protect\n|move|p1a: Koraidon|U-turn|p2a: Malevolent Shrine\n|-activate|p2a: Malevolent Shrine|move: Protect\n|\n|-weather|SunnyDay|[upkeep]\n|-damage|p1a: Koraidon|64\/100 tox|[from] psn\n|-heal|p2a: Malevolent Shrine|99\/100 tox|[from] ability: Poison Heal\n|upkeep\n|turn|28\n|\n|t:|1699021775\n|switch|p1a: Ting-Lu|Ting-Lu|82\/100 tox\n|-ability|p1a: Ting-Lu|Vessel of Ruin\n|move|p2a: Malevolent Shrine|Knock Off|p1a: Ting-Lu\n|-resisted|p1a: Ting-Lu\n|-damage|p1a: Ting-Lu|78\/100 tox\n|\n|-weather|SunnyDay|[upkeep]\n|-heal|p2a: Malevolent Shrine|100\/100 tox|[from] ability: Poison Heal\n|-damage|p1a: Ting-Lu|72\/100 tox|[from] psn\n|upkeep\n|turn|29\n|\n|t:|1699021785\n|move|p2a: Malevolent Shrine|Spikes|p1a: Ting-Lu\n|-sidestart|p1: charizard=trash|Spikes\n|move|p1a: Ting-Lu|Spikes|p2a: Malevolent Shrine\n|-sidestart|p2: aggron meta|Spikes\n|\n|-weather|SunnyDay|[upkeep]\n|-damage|p1a: Ting-Lu|59\/100 tox|[from] psn\n|upkeep\n|turn|30\n|\n|t:|1699021789\n|switch|p1a: Arceus|Arceus|100\/100\n|move|p2a: Malevolent Shrine|Spikes|p1a: Arceus\n|-sidestart|p1: charizard=trash|Spikes\n|\n|-weather|none\n|upkeep\n|turn|31\n|\n|t:|1699021792\n|move|p1a: Arceus|Swords Dance|p1a: Arceus\n|-boost|p1a: Arceus|atk|2\n|move|p2a: Malevolent Shrine|Toxic|p1a: Arceus\n|-status|p1a: Arceus|tox\n|\n|-damage|p1a: Arceus|94\/100 tox|[from] psn\n|upkeep\n|turn|32\n|\n|t:|1699021796\n|move|p1a: Arceus|Extreme Speed|p2a: Malevolent Shrine\n|-damage|p2a: Malevolent Shrine|44\/100 tox\n|move|p2a: Malevolent Shrine|Knock Off|p1a: Arceus\n|-damage|p1a: Arceus|81\/100 tox\n|-enditem|p1a: Arceus|Heavy-Duty Boots|[from] move: Knock Off|[of] p2a: Malevolent Shrine\n|\n|-damage|p1a: Arceus|69\/100 tox|[from] psn\n|-heal|p2a: Malevolent Shrine|56\/100 tox|[from] ability: Poison Heal\n|upkeep\n|turn|33\n|\n|t:|1699021803\n|switch|p2a: Wishing Stars|Alomomola, F, tera:Fairy|100\/100\n|move|p1a: Arceus|Swords Dance|p1a: Arceus\n|-boost|p1a: Arceus|atk|2\n|\n|-damage|p1a: Arceus|51\/100 tox|[from] psn\n|upkeep\n|turn|34\n|\n|t:|1699021809\n|move|p1a: Arceus|Extreme Speed|p2a: Wishing Stars\n|-damage|p2a: Wishing Stars|30\/100\n|move|p2a: Wishing Stars|Wish|p2a: Wishing Stars\n|\n|-damage|p1a: Arceus|26\/100 tox|[from] psn\n|upkeep\n|turn|35\n|\n|t:|1699021815\n|move|p1a: Arceus|Recover|p1a: Arceus\n|-heal|p1a: Arceus|76\/100 tox\n|move|p2a: Wishing Stars|Play Rough|p1a: Arceus\n|-damage|p1a: Arceus|61\/100 tox\n|\n|-heal|p2a: Wishing Stars|80\/100|[from] move: Wish|[wisher] Wishing Stars\n|-damage|p1a: Arceus|30\/100 tox|[from] psn\n|upkeep\n|turn|36\n|\n|t:|1699021821\n|switch|p2a: Malevolent Shrine|Gliscor, M, shiny|56\/100 tox\n|-damage|p2a: Malevolent Shrine|44\/100 tox|[from] Stealth Rock\n|move|p1a: Arceus|Extreme Speed|p2a: Malevolent Shrine\n|-damage|p2a: Malevolent Shrine|0 fnt\n|faint|p2a: Malevolent Shrine\n|\n|-damage|p1a: Arceus|0 fnt|[from] psn\n|faint|p1a: Arceus\n|upkeep\n|\n|t:|1699021829\n|switch|p1a: Koraidon|Koraidon|64\/100 tox\n|switch|p2a: Wishing Stars|Alomomola, F, tera:Fairy|100\/100\n|-damage|p1a: Koraidon|47\/100 tox|[from] Spikes\n|-weather|SunnyDay|[from] ability: Orichalcum Pulse|[of] p1a: Koraidon\n|-activate|p1a: Koraidon|Orichalcum Pulse|[source]\n|turn|37\n|\n|t:|1699021833\n|-terastallize|p1a: Koraidon|Fire\n|move|p1a: Koraidon|Flare Blitz|p2a: Wishing Stars\n|-damage|p2a: Wishing Stars|30\/100\n|-damage|p1a: Koraidon|11\/100 tox|[from] Recoil\n|move|p2a: Wishing Stars|Wish|p2a: Wishing Stars\n|\n|-weather|SunnyDay|[upkeep]\n|-damage|p1a: Koraidon|5\/100 tox|[from] psn\n|upkeep\n|turn|38\n|\n|t:|1699021840\n|move|p2a: Wishing Stars|Protect|p2a: Wishing Stars\n|-singleturn|p2a: Wishing Stars|Protect\n|move|p1a: Koraidon|Flare Blitz|p2a: Wishing Stars\n|-activate|p2a: Wishing Stars|move: Protect\n|\n|-weather|SunnyDay|[upkeep]\n|-heal|p2a: Wishing Stars|80\/100|[from] move: Wish|[wisher] Wishing Stars\n|-damage|p1a: Koraidon|0 fnt|[from] psn\n|faint|p1a: Koraidon\n|upkeep\n|\n|t:|1699021842\n|switch|p1a: Calyrex|Calyrex-Shadow|100\/100\n|-ability|p1a: Calyrex|As One\n|-ability|p1a: Calyrex|Unnerve\n|turn|39\n|\n|t:|1699021848\n|switch|p2a: Den of The Lost|Mandibuzz, F|100\/100\n|move|p1a: Calyrex|Nasty Plot|p1a: Calyrex\n|-boost|p1a: Calyrex|spa|2\n|\n|-weather|SunnyDay|[upkeep]\n|upkeep\n|turn|40\n|\n|t:|1699021851\n|move|p1a: Calyrex|Astral Barrage|p2a: Den of The Lost\n|-resisted|p2a: Den of The Lost\n|-damage|p2a: Den of The Lost|53\/100\n|move|p2a: Den of The Lost|Knock Off|p1a: Calyrex\n|-supereffective|p1a: Calyrex\n|-damage|p1a: Calyrex|0 fnt\n|-enditem|p1a: Calyrex|Heavy-Duty Boots|[from] move: Knock Off|[of] p2a: Den of The Lost\n|faint|p1a: Calyrex\n|\n|-weather|SunnyDay|[upkeep]\n|upkeep\n|c|\u2606aggron meta|gg\n|c|\u2606charizard=trash|gg\n|\n|t:|1699021860\n|switch|p1a: Ting-Lu|Ting-Lu|59\/100 tox\n|-damage|p1a: Ting-Lu|43\/100 tox|[from] Spikes\n|-ability|p1a: Ting-Lu|Vessel of Ruin\n|turn|41\n|\n|t:|1699021866\n|move|p2a: Den of The Lost|Roost|p2a: Den of The Lost\n|-heal|p2a: Den of The Lost|100\/100\n|-singleturn|p2a: Den of The Lost|move: Roost\n|move|p1a: Ting-Lu|Whirlwind|p2a: Den of The Lost\n|drag|p2a: Wishing Stars|Alomomola, F, tera:Fairy|100\/100\n|\n|-weather|none\n|-damage|p1a: Ting-Lu|36\/100 tox|[from] psn\n|upkeep\n|turn|42\n|-message|charizard=trash forfeited.\n|\n|win|aggron meta\n|n|\u2606charizard=trash|charizardtrash\n|n|\u2606aggron meta|aggronmeta\n|n| Ban Miraidon|banmiraidon\n|n| Coronet077|coronet077\n|n| eavo|eavo\n|l|\u2606charizard=trash\n","uploadtime":1699021874,"views":10,"p1id":"charizardtrash","p2id":"aggronmeta","formatid":"gen9anythinggoes","rating":0,"private":0,"password":""}