{"id":"gen9anythinggoes-1974469625","p1":"dum ree kid","p2":"theluckyone26","format":"[Gen 9] Anything Goes","log":"|j|\u2606dum ree kid\n|j|\u2606theluckyone26\n|t:|1698089584\n|gametype|singles\n|player|p1|dum ree kid|1|1000\n|player|p2|theluckyone26|265|1078\n|teamsize|p1|6\n|teamsize|p2|6\n|gen|9\n|tier|[Gen 9] Anything Goes\n|rated|\n|rule|HP Percentage Mod: HP is shown in percentages\n|rule|Endless Battle Clause: Forcing endless battles is banned\n|clearpoke\n|poke|p1|Dialga-Origin|\n|poke|p1|Palkia-Origin|\n|poke|p1|Giratina-Origin|\n|poke|p1|Darkrai|\n|poke|p1|Arceus-Dragon|\n|poke|p1|Heatran, M|\n|poke|p2|Riolu, F|\n|poke|p2|Riolu, M|\n|poke|p2|Nacli, L1, F|\n|poke|p2|Nacli, L1, M|\n|poke|p2|Glimmora, M|\n|poke|p2|Calyrex-Shadow|\n|teampreview\n|\n|t:|1698089597\n|start\n|switch|p1a: Volcano|Heatran, M, shiny|100\/100\n|switch|p2a: Glimmora|Glimmora, M|100\/100\n|turn|1\n|inactive|Battle timer is ON: inactive players will automatically lose when time's up. (requested by dum ree kid)\n|\n|t:|1698089610\n|move|p2a: Glimmora|Toxic Spikes|p1a: Volcano\n|-sidestart|p1: dum ree kid|move: Toxic Spikes\n|move|p1a: Volcano|Flash Cannon|p2a: Glimmora\n|-supereffective|p2a: Glimmora\n|-damage|p2a: Glimmora|18\/100\n|\n|upkeep\n|turn|2\n|\n|t:|1698089617\n|move|p2a: Glimmora|Toxic|p1a: Volcano\n|-status|p1a: Volcano|tox\n|move|p1a: Volcano|Metal Claw|p2a: Glimmora\n|-supereffective|p2a: Glimmora\n|-damage|p2a: Glimmora|0 fnt\n|-boost|p1a: Volcano|atk|1\n|faint|p2a: Glimmora\n|\n|-damage|p1a: Volcano|94\/100 tox|[from] psn\n|upkeep\n|\n|t:|1698089626\n|switch|p2a: Nacli|Nacli, L1, F|100\/100\n|turn|3\n|\n|t:|1698089632\n|move|p1a: Volcano|Flash Cannon|p2a: Nacli\n|-supereffective|p2a: Nacli\n|-ability|p2a: Nacli|Sturdy\n|-damage|p2a: Nacli|9\/100\n|move|p2a: Nacli|Dig||[still]\n|-prepare|p2a: Nacli|Dig\n|\n|-damage|p1a: Volcano|82\/100 tox|[from] psn\n|-damage|p2a: Nacli|0 fnt|[from] item: Sticky Barb\n|faint|p2a: Nacli\n|upkeep\n|\n|t:|1698089642\n|switch|p2a: Hi|Riolu, F|100\/100\n|turn|4\n|\n|t:|1698089649\n|move|p2a: Hi|Copycat|p2a: Hi\n|move|p2a: Hi|Dig||[from]move: Copycat|[still]\n|-prepare|p2a: Hi|Dig\n|move|p1a: Volcano|Flame Charge|p2a: Hi|[miss]\n|-miss|p1a: Volcano|p2a: Hi\n|\n|-damage|p1a: Volcano|64\/100 tox|[from] psn\n|upkeep\n|turn|5\n|\n|t:|1698089657\n|move|p1a: Volcano|Flame Charge|p2a: Hi|[miss]\n|-miss|p1a: Volcano|p2a: Hi\n|move|p2a: Hi|Dig|p1a: Volcano|[from]lockedmove\n|-supereffective|p1a: Volcano\n|-damage|p1a: Volcano|0 fnt\n|faint|p1a: Volcano\n|\n|upkeep\n|\n|t:|1698089665\n|switch|p1a: Literal God|Arceus-Dragon, shiny|100\/100\n|-status|p1a: Literal God|psn\n|turn|6\n|\n|t:|1698089671\n|move|p2a: Hi|Copycat|p2a: Hi\n|move|p2a: Hi|Dig||[from]move: Copycat|[still]\n|-prepare|p2a: Hi|Dig\n|move|p1a: Literal God|Draco Meteor|p2a: Hi|[miss]\n|-miss|p1a: Literal God|p2a: Hi\n|\n|-damage|p1a: Literal God|88\/100 psn|[from] psn\n|upkeep\n|turn|7\n|\n|t:|1698089683\n|move|p1a: Literal God|Brick Break|p2a: Hi|[miss]\n|-miss|p1a: Literal God|p2a: Hi\n|move|p2a: Hi|Dig|p1a: Literal God|[from]lockedmove\n|-damage|p1a: Literal God|73\/100 psn\n|\n|-damage|p1a: Literal God|61\/100 psn|[from] psn\n|upkeep\n|turn|8\n|\n|t:|1698089690\n|move|p2a: Hi|Copycat|p2a: Hi\n|move|p2a: Hi|Dig||[from]move: Copycat|[still]\n|-prepare|p2a: Hi|Dig\n|move|p1a: Literal God|Draco Meteor|p2a: Hi|[miss]\n|-miss|p1a: Literal God|p2a: Hi\n|\n|-damage|p1a: Literal God|48\/100 psn|[from] psn\n|upkeep\n|turn|9\n|\n|t:|1698089698\n|move|p1a: Literal God|Draco Meteor|p2a: Hi|[miss]\n|-miss|p1a: Literal God|p2a: Hi\n|move|p2a: Hi|Dig|p1a: Literal God|[from]lockedmove\n|-damage|p1a: Literal God|33\/100 psn\n|\n|-damage|p1a: Literal God|21\/100 psn|[from] psn\n|upkeep\n|turn|10\n|-message|dum ree kid forfeited.\n|\n|win|theluckyone26\n|raw|dum ree kid's rating: 1000 &rarr; <strong>1000<\/strong><br \/>(+0 for losing)\n|raw|theluckyone26's rating: 1078 &rarr; <strong>1100<\/strong><br \/>(+22 for winning)\n|l|\u2606dum ree kid\n","uploadtime":1698089710,"views":11,"p1id":"dumreekid","p2id":"theluckyone26","formatid":"gen9anythinggoes","rating":1000,"private":0,"password":""}