{"id":"gen9anythinggoes-1994659366","p1":"DONMANOLITOARMANDO","p2":"MrBoxhill","format":"[Gen 9] Anything Goes","log":"|j|\u2606DONMANOLITOARMANDO\n|j|\u2606MrBoxhill\n|t:|1700476936\n|gametype|singles\n|player|p1|DONMANOLITOARMANDO|266|1205\n|player|p2|MrBoxhill|riley|1107\n|teamsize|p1|6\n|teamsize|p2|6\n|gen|9\n|tier|[Gen 9] Anything Goes\n|rated|\n|rule|HP Percentage Mod: HP is shown in percentages\n|rule|Endless Battle Clause: Forcing endless battles is banned\n|clearpoke\n|poke|p1|Ursaluna, F|\n|poke|p1|Ditto|\n|poke|p1|Manaphy|\n|poke|p1|Regieleki|\n|poke|p1|Orthworm, M|\n|poke|p1|Baxcalibur, M|\n|poke|p2|Maushold-Four|\n|poke|p2|Flutter Mane|\n|poke|p2|Miraidon|\n|poke|p2|Rabsca, M|\n|poke|p2|Garganacl, F|\n|poke|p2|Houndstone, M|\n|teampreview\n|\n|t:|1700476953\n|start\n|switch|p1a: Regieleki|Regieleki|100\/100\n|switch|p2a: Flutter Mane|Flutter Mane, shiny|100\/100\n|turn|1\n|\n|t:|1700476957\n|move|p1a: Regieleki|Light Screen|p1a: Regieleki\n|-sidestart|p1: DONMANOLITOARMANDO|move: Light Screen\n|move|p2a: Flutter Mane|Moonblast|p1a: Regieleki\n|-damage|p1a: Regieleki|41\/100\n|-damage|p2a: Flutter Mane|91\/100|[from] item: Life Orb\n|\n|upkeep\n|turn|2\n|\n|t:|1700476961\n|move|p1a: Regieleki|Thunder Cage|p2a: Flutter Mane\n|-damage|p2a: Flutter Mane|31\/100\n|-activate|p2a: Flutter Mane|move: Thunder Cage|[of] p1a: Regieleki\n|move|p2a: Flutter Mane|Moonblast|p1a: Regieleki\n|-damage|p1a: Regieleki|0 fnt\n|faint|p1a: Regieleki\n|-damage|p2a: Flutter Mane|21\/100|[from] item: Life Orb\n|\n|-end|p2a: Flutter Mane|Thunder Cage|[partiallytrapped]|[silent]\n|upkeep\n|\n|t:|1700476965\n|switch|p1a: Manaphy|Manaphy|100\/100\n|turn|3\n|\n|t:|1700476971\n|move|p2a: Flutter Mane|Moonblast|p1a: Manaphy\n|-damage|p1a: Manaphy|72\/100\n|-damage|p2a: Flutter Mane|11\/100|[from] item: Life Orb\n|move|p1a: Manaphy|Tail Glow|p1a: Manaphy\n|-boost|p1a: Manaphy|spa|3\n|\n|upkeep\n|turn|4\n|\n|t:|1700476974\n|move|p2a: Flutter Mane|Mystical Fire|p1a: Manaphy\n|-resisted|p1a: Manaphy\n|-damage|p1a: Manaphy|64\/100\n|-unboost|p1a: Manaphy|spa|1\n|-damage|p2a: Flutter Mane|1\/100|[from] item: Life Orb\n|move|p1a: Manaphy|Tail Glow|p1a: Manaphy\n|-boost|p1a: Manaphy|spa|3\n|\n|upkeep\n|turn|5\n|\n|t:|1700476978\n|move|p2a: Flutter Mane|Mystical Fire|p1a: Manaphy\n|-resisted|p1a: Manaphy\n|-crit|p1a: Manaphy\n|-damage|p1a: Manaphy|40\/100\n|-unboost|p1a: Manaphy|spa|1\n|-damage|p2a: Flutter Mane|0 fnt|[from] item: Life Orb\n|faint|p2a: Flutter Mane\n|-end|p2a: Flutter Mane|Protosynthesis|[silent]\n|move|p1a: Manaphy|Tail Glow|p1a: Manaphy\n|-boost|p1a: Manaphy|spa|2\n|\n|-sideend|p1: DONMANOLITOARMANDO|move: Light Screen\n|upkeep\n|\n|t:|1700476982\n|switch|p2a: Maushold|Maushold-Four|100\/100\n|turn|6\n|\n|t:|1700476985\n|move|p2a: Maushold|Encore|p1a: Manaphy\n|-start|p1a: Manaphy|Encore\n|move|p1a: Manaphy|Tail Glow|p1a: Manaphy\n|-boost|p1a: Manaphy|spa|0\n|\n|upkeep\n|turn|7\n|\n|t:|1700476995\n|switch|p1a: Orthworm|Orthworm, M|100\/100\n|move|p2a: Maushold|Population Bomb|p1a: Orthworm\n|-resisted|p1a: Orthworm\n|-damage|p1a: Orthworm|97\/100\n|-damage|p2a: Maushold|84\/100|[from] item: Rocky Helmet|[of] p1a: Orthworm\n|-resisted|p1a: Orthworm\n|-damage|p1a: Orthworm|93\/100\n|-damage|p2a: Maushold|67\/100|[from] item: Rocky Helmet|[of] p1a: Orthworm\n|-resisted|p1a: Orthworm\n|-damage|p1a: Orthworm|90\/100\n|-damage|p2a: Maushold|51\/100|[from] item: Rocky Helmet|[of] p1a: Orthworm\n|-resisted|p1a: Orthworm\n|-damage|p1a: Orthworm|87\/100\n|-damage|p2a: Maushold|34\/100|[from] item: Rocky Helmet|[of] p1a: Orthworm\n|-resisted|p1a: Orthworm\n|-crit|p1a: Orthworm\n|-damage|p1a: Orthworm|81\/100\n|-damage|p2a: Maushold|18\/100|[from] item: Rocky Helmet|[of] p1a: Orthworm\n|-resisted|p1a: Orthworm\n|-damage|p1a: Orthworm|77\/100\n|-damage|p2a: Maushold|1\/100|[from] item: Rocky Helmet|[of] p1a: Orthworm\n|-resisted|p1a: Orthworm\n|-damage|p1a: Orthworm|73\/100\n|-damage|p2a: Maushold|0 fnt|[from] item: Rocky Helmet|[of] p1a: Orthworm\n|faint|p2a: Maushold\n|-hitcount|p1a: Orthworm|7\n|\n|upkeep\n|\n|t:|1700477002\n|switch|p2a: DeMarco|Miraidon|100\/100\n|-fieldstart|move: Electric Terrain|[from] ability: Hadron Engine|[of] p2a: DeMarco\n|turn|8\n|\n|t:|1700477009\n|-terastallize|p2a: DeMarco|Electric\n|move|p2a: DeMarco|Electro Drift|p1a: Orthworm\n|-damage|p1a: Orthworm|0 fnt\n|-damage|p2a: DeMarco|84\/100|[from] item: Rocky Helmet|[of] p1a: Orthworm\n|faint|p1a: Orthworm\n|\n|upkeep\n|\n|t:|1700477017\n|switch|p1a: Ursaluna|Ursaluna, F|100\/100\n|turn|9\n|\n|t:|1700477026\n|switch|p2a: Houndstone|Houndstone, M|100\/100\n|-terastallize|p1a: Ursaluna|Ground\n|move|p1a: Ursaluna|Earthquake|p2a: Houndstone\n|-damage|p2a: Houndstone|18\/100\n|\n|-status|p1a: Ursaluna|brn|[from] item: Flame Orb\n|upkeep\n|turn|10\n|\n|t:|1700477037\n|move|p2a: Houndstone|Play Rough|p1a: Ursaluna\n|-damage|p1a: Ursaluna|79\/100 brn\n|-unboost|p1a: Ursaluna|atk|1\n|move|p1a: Ursaluna|Earthquake|p2a: Houndstone\n|-damage|p2a: Houndstone|0 fnt\n|faint|p2a: Houndstone\n|\n|-damage|p1a: Ursaluna|73\/100 brn|[from] brn\n|upkeep\n|\n|t:|1700477049\n|switch|p2a: Rabsca|Rabsca, M, shiny|100\/100\n|turn|11\n|\n|t:|1700477062\n|move|p1a: Ursaluna|Earthquake|p2a: Rabsca\n|-resisted|p2a: Rabsca\n|-crit|p2a: Rabsca\n|-damage|p2a: Rabsca|26\/100\n|move|p2a: Rabsca|Trick Room|p2a: Rabsca\n|-fieldstart|move: Trick Room|[of] p2a: Rabsca\n|\n|-damage|p1a: Ursaluna|66\/100 brn|[from] brn\n|upkeep\n|turn|12\n|\n|t:|1700477070\n|move|p2a: Rabsca|Revival Blessing|p2a: Rabsca\n|-enditem|p2a: Rabsca|Leppa Berry|[eat]\n|-activate|p2a: Rabsca|item: Leppa Berry|Revival Blessing|[consumed]\n|\n|t:|1700477074\n|-heal|p2: Houndstone|50\/100|[from] move: Revival Blessing\n|move|p1a: Ursaluna|Earthquake|p2a: Rabsca\n|-resisted|p2a: Rabsca\n|-damage|p2a: Rabsca|0 fnt\n|faint|p2a: Rabsca\n|\n|-damage|p1a: Ursaluna|60\/100 brn|[from] brn\n|-fieldend|move: Electric Terrain\n|upkeep\n|\n|t:|1700477079\n|switch|p2a: Houndstone|Houndstone, M|50\/100\n|turn|13\n|\n|t:|1700477081\n|move|p1a: Ursaluna|Earthquake|p2a: Houndstone\n|-damage|p2a: Houndstone|0 fnt\n|faint|p2a: Houndstone\n|\n|-damage|p1a: Ursaluna|54\/100 brn|[from] brn\n|upkeep\n|\n|t:|1700477094\n|switch|p2a: SSSReplacement|Garganacl, F, shiny|100\/100\n|turn|14\n|\n|t:|1700477097\n|move|p2a: SSSReplacement|Recover||[still]\n|-fail|p2a: SSSReplacement|heal\n|move|p1a: Ursaluna|Cross Chop|p2a: SSSReplacement\n|-supereffective|p2a: SSSReplacement\n|-damage|p2a: SSSReplacement|50\/100\n|\n|-heal|p2a: SSSReplacement|57\/100|[from] item: Leftovers\n|-damage|p1a: Ursaluna|48\/100 brn|[from] brn\n|upkeep\n|turn|15\n|\n|t:|1700477100\n|move|p2a: SSSReplacement|Recover|p2a: SSSReplacement\n|-heal|p2a: SSSReplacement|100\/100\n|move|p1a: Ursaluna|Cross Chop|p2a: SSSReplacement\n|-supereffective|p2a: SSSReplacement\n|-damage|p2a: SSSReplacement|49\/100\n|\n|-heal|p2a: SSSReplacement|55\/100|[from] item: Leftovers\n|-damage|p1a: Ursaluna|41\/100 brn|[from] brn\n|-fieldend|move: Trick Room\n|upkeep\n|turn|16\n|\n|t:|1700477102\n|move|p1a: Ursaluna|Cross Chop|p2a: SSSReplacement\n|-supereffective|p2a: SSSReplacement\n|-damage|p2a: SSSReplacement|0 fnt\n|faint|p2a: SSSReplacement\n|\n|-damage|p1a: Ursaluna|35\/100 brn|[from] brn\n|upkeep\n|\n|t:|1700477103\n|switch|p2a: DeMarco|Miraidon, tera:Electric|84\/100\n|-fieldstart|move: Electric Terrain|[from] ability: Hadron Engine|[of] p2a: DeMarco\n|turn|17\n|\n|t:|1700477110\n|move|p2a: DeMarco|Dragon Pulse|p1a: Ursaluna\n|-crit|p1a: Ursaluna\n|-damage|p1a: Ursaluna|0 fnt\n|faint|p1a: Ursaluna\n|\n|upkeep\n|\n|t:|1700477116\n|switch|p1a: Ditto|Ditto|100\/100\n|-transform|p1a: Ditto|p2a: DeMarco|[from] ability: Imposter\n|-activate|p1a: Ditto|ability: Hadron Engine\n|turn|18\n|\n|t:|1700477120\n|move|p1a: Ditto|Dragon Pulse|p2a: DeMarco\n|-damage|p2a: DeMarco|45\/100\n|move|p2a: DeMarco|Dragon Pulse|p1a: Ditto\n|-supereffective|p1a: Ditto\n|-damage|p1a: Ditto|0 fnt\n|faint|p1a: Ditto\n|\n|upkeep\n|\n|t:|1700477123\n|switch|p1a: Baxcalibur|Baxcalibur, M|100\/100\n|turn|19\n|inactive|Battle timer is ON: inactive players will automatically lose when time's up. (requested by MrBoxhill)\n|\n|t:|1700477139\n|move|p1a: Baxcalibur|Glaive Rush|p2a: DeMarco\n|-damage|p2a: DeMarco|0 fnt\n|-singlemove|p1a: Baxcalibur|Glaive Rush|[silent]\n|faint|p2a: DeMarco\n|\n|win|DONMANOLITOARMANDO\n|raw|DONMANOLITOARMANDO's rating: 1205 &rarr; <strong>1223<\/strong><br \/>(+18 for winning)\n|raw|MrBoxhill's rating: 1107 &rarr; <strong>1089<\/strong><br \/>(-18 for losing)\n","uploadtime":1700477142,"views":2,"p1id":"donmanolitoarmando","p2id":"mrboxhill","formatid":"gen9anythinggoes","rating":1089,"private":0,"password":""}