{"id":"gen9anythinggoes-1980200923","p1":"davishotmailcom","p2":"bobchickenstein","format":"[Gen 9] Anything Goes","log":"|j|\u2606davishotmailcom\n|j|\u2606bobchickenstein\n|t:|1698765835\n|gametype|singles\n|player|p1|davishotmailcom|lucas|1101\n|player|p2|bobchickenstein|flannery|1141\n|teamsize|p1|6\n|teamsize|p2|6\n|gen|9\n|tier|[Gen 9] Anything Goes\n|rated|\n|rule|HP Percentage Mod: HP is shown in percentages\n|rule|Endless Battle Clause: Forcing endless battles is banned\n|clearpoke\n|poke|p1|Garchomp, F|\n|poke|p1|Toxapex, F|\n|poke|p1|Lucario, M|\n|poke|p1|Lycanroc-Midnight, M|\n|poke|p1|Dondozo, M|\n|poke|p1|Mimikyu, M|\n|poke|p2|Pelipper, F|\n|poke|p2|Greninja-*, M|\n|poke|p2|Cinderace, F|\n|poke|p2|Crawdaunt, F|\n|poke|p2|Espathra, F|\n|poke|p2|Slowbro, M|\n|teampreview\n|inactive|Battle timer is ON: inactive players will automatically lose when time's up. (requested by bobchickenstein)\n|\n|t:|1698765841\n|start\n|switch|p1a: Lucario|Lucario, M, shiny|100\/100\n|switch|p2a: Espathra|Espathra, F|100\/100\n|turn|1\n|\n|t:|1698765850\n|move|p2a: Espathra|Protect|p2a: Espathra\n|-singleturn|p2a: Espathra|Protect\n|move|p1a: Lucario|Aura Sphere|p2a: Espathra\n|-activate|p2a: Espathra|move: Protect\n|\n|-ability|p2a: Espathra|Speed Boost|boost\n|-boost|p2a: Espathra|spe|1\n|upkeep\n|turn|2\n|\n|t:|1698765859\n|move|p2a: Espathra|Substitute|p2a: Espathra\n|-start|p2a: Espathra|Substitute\n|-damage|p2a: Espathra|76\/100\n|move|p1a: Lucario|Aura Sphere|p2a: Espathra\n|-resisted|p2a: Espathra\n|-activate|p2a: Espathra|move: Substitute|[damage]\n|\n|-heal|p2a: Espathra|82\/100|[from] item: Leftovers\n|-ability|p2a: Espathra|Speed Boost|boost\n|-boost|p2a: Espathra|spe|1\n|upkeep\n|turn|3\n|\n|t:|1698765871\n|move|p2a: Espathra|Protect|p2a: Espathra\n|-singleturn|p2a: Espathra|Protect\n|move|p1a: Lucario|Aura Sphere|p2a: Espathra\n|-activate|p2a: Espathra|move: Protect\n|\n|-heal|p2a: Espathra|88\/100|[from] item: Leftovers\n|-ability|p2a: Espathra|Speed Boost|boost\n|-boost|p2a: Espathra|spe|1\n|upkeep\n|turn|4\n|\n|t:|1698765882\n|move|p2a: Espathra|Lumina Crash|p1a: Lucario\n|-damage|p1a: Lucario|53\/100\n|-unboost|p1a: Lucario|spd|2\n|move|p1a: Lucario|Aura Sphere|p2a: Espathra\n|-resisted|p2a: Espathra\n|-end|p2a: Espathra|Substitute\n|\n|-heal|p2a: Espathra|94\/100|[from] item: Leftovers\n|-ability|p2a: Espathra|Speed Boost|boost\n|-boost|p2a: Espathra|spe|1\n|upkeep\n|turn|5\n|\n|t:|1698765894\n|move|p2a: Espathra|Substitute|p2a: Espathra\n|-start|p2a: Espathra|Substitute\n|-damage|p2a: Espathra|69\/100\n|move|p1a: Lucario|Aura Sphere|p2a: Espathra\n|-resisted|p2a: Espathra\n|-activate|p2a: Espathra|move: Substitute|[damage]\n|\n|-heal|p2a: Espathra|75\/100|[from] item: Leftovers\n|-ability|p2a: Espathra|Speed Boost|boost\n|-boost|p2a: Espathra|spe|1\n|upkeep\n|turn|6\n|\n|t:|1698765909\n|move|p2a: Espathra|Protect|p2a: Espathra\n|-singleturn|p2a: Espathra|Protect\n|move|p1a: Lucario|Earthquake|p2a: Espathra\n|-activate|p2a: Espathra|move: Protect\n|\n|-heal|p2a: Espathra|81\/100|[from] item: Leftovers\n|-ability|p2a: Espathra|Speed Boost|boost\n|-boost|p2a: Espathra|spe|1\n|upkeep\n|turn|7\n|\n|t:|1698765920\n|move|p2a: Espathra|Baton Pass|p2a: Espathra\n|\n|t:|1698765922\n|switch|p2a: Mr Craw|Crawdaunt, F|100\/100|[from] Baton Pass\n|move|p1a: Lucario|Earthquake|p2a: Mr Craw\n|-end|p2a: Mr Craw|Substitute\n|\n|upkeep\n|turn|8\n|\n|t:|1698765930\n|move|p2a: Mr Craw|Swords Dance|p2a: Mr Craw\n|-boost|p2a: Mr Craw|atk|2\n|move|p1a: Lucario|Earthquake|p2a: Mr Craw\n|-damage|p2a: Mr Craw|55\/100\n|\n|upkeep\n|turn|9\n|\n|t:|1698765938\n|move|p2a: Mr Craw|Swords Dance|p2a: Mr Craw\n|-boost|p2a: Mr Craw|atk|2\n|move|p1a: Lucario|Aura Sphere|p2a: Mr Craw\n|-supereffective|p2a: Mr Craw\n|-damage|p2a: Mr Craw|0 fnt\n|faint|p2a: Mr Craw\n|\n|upkeep\n|\n|t:|1698765950\n|switch|p2a: Espathra|Espathra, F|81\/100\n|turn|10\n|\n|t:|1698765954\n|move|p2a: Espathra|Protect|p2a: Espathra\n|-singleturn|p2a: Espathra|Protect\n|move|p1a: Lucario|Aura Sphere|p2a: Espathra\n|-activate|p2a: Espathra|move: Protect\n|\n|-heal|p2a: Espathra|87\/100|[from] item: Leftovers\n|-ability|p2a: Espathra|Speed Boost|boost\n|-boost|p2a: Espathra|spe|1\n|upkeep\n|turn|11\n|\n|t:|1698765965\n|move|p2a: Espathra|Substitute|p2a: Espathra\n|-start|p2a: Espathra|Substitute\n|-damage|p2a: Espathra|62\/100\n|move|p1a: Lucario|Aura Sphere|p2a: Espathra\n|-resisted|p2a: Espathra\n|-activate|p2a: Espathra|move: Substitute|[damage]\n|\n|-heal|p2a: Espathra|69\/100|[from] item: Leftovers\n|-ability|p2a: Espathra|Speed Boost|boost\n|-boost|p2a: Espathra|spe|1\n|upkeep\n|turn|12\n|\n|t:|1698765979\n|move|p2a: Espathra|Protect|p2a: Espathra\n|-singleturn|p2a: Espathra|Protect\n|move|p1a: Lucario|Meteor Mash|p2a: Espathra\n|-activate|p2a: Espathra|move: Protect\n|\n|-heal|p2a: Espathra|75\/100|[from] item: Leftovers\n|-ability|p2a: Espathra|Speed Boost|boost\n|-boost|p2a: Espathra|spe|1\n|upkeep\n|turn|13\n|\n|t:|1698766005\n|move|p2a: Espathra|Lumina Crash|p1a: Lucario\n|-damage|p1a: Lucario|0 fnt\n|faint|p1a: Lucario\n|\n|-heal|p2a: Espathra|81\/100|[from] item: Leftovers\n|-ability|p2a: Espathra|Speed Boost|boost\n|-boost|p2a: Espathra|spe|1\n|upkeep\n|\n|t:|1698766017\n|switch|p1a: Dondozo|Dondozo, M|100\/100\n|turn|14\n|\n|t:|1698766023\n|move|p2a: Espathra|Protect|p2a: Espathra\n|-singleturn|p2a: Espathra|Protect\n|move|p1a: Dondozo|Hydro Pump|p2a: Espathra\n|-activate|p2a: Espathra|move: Protect\n|\n|-heal|p2a: Espathra|87\/100|[from] item: Leftovers\n|-ability|p2a: Espathra|Speed Boost|boost\n|-boost|p2a: Espathra|spe|1\n|upkeep\n|turn|15\n|\n|t:|1698766052\n|move|p2a: Espathra|Lumina Crash|p1a: Dondozo\n|-damage|p1a: Dondozo|73\/100\n|-unboost|p1a: Dondozo|spd|2\n|move|p1a: Dondozo|Hydro Pump|p2a: Espathra\n|-end|p2a: Espathra|Substitute\n|\n|-heal|p2a: Espathra|93\/100|[from] item: Leftovers\n|-heal|p1a: Dondozo|79\/100|[from] item: Leftovers\n|-ability|p2a: Espathra|Speed Boost|boost\n|-boost|p2a: Espathra|spe|1\n|upkeep\n|turn|16\n|\n|t:|1698766066\n|move|p2a: Espathra|Baton Pass|p2a: Espathra\n|\n|t:|1698766069\n|switch|p2a: Slowbro|Slowbro, M|100\/100|[from] Baton Pass\n|move|p1a: Dondozo|Hydro Pump|p2a: Slowbro\n|-resisted|p2a: Slowbro\n|-damage|p2a: Slowbro|88\/100\n|\n|-heal|p2a: Slowbro|94\/100|[from] item: Leftovers\n|-heal|p1a: Dondozo|85\/100|[from] item: Leftovers\n|upkeep\n|turn|17\n|inactive|davishotmailcom has 120 seconds left.\n|\n|t:|1698766089\n|switch|p1a: Mimikyu|Mimikyu, M, shiny|100\/100\n|move|p2a: Slowbro|Psychic|p1a: Mimikyu\n|-activate|p1a: Mimikyu|ability: Disguise\n|-damage|p1a: Mimikyu|100\/100\n|detailschange|p1a: Mimikyu|Mimikyu-Busted, M, shiny\n|-damage|p1a: Mimikyu|88\/100|[from] pokemon: Mimikyu-Busted\n|\n|-heal|p2a: Slowbro|99\/100|[from] item: Leftovers\n|upkeep\n|turn|18\n|inactive|davishotmailcom has 120 seconds left.\n|\n|t:|1698766103\n|-terastallize|p2a: Slowbro|Water\n|move|p2a: Slowbro|Surf|p1a: Mimikyu\n|-damage|p1a: Mimikyu|36\/100\n|move|p1a: Mimikyu|Shadow Ball|p2a: Slowbro\n|-damage|p2a: Slowbro|83\/100\n|\n|-heal|p2a: Slowbro|89\/100|[from] item: Leftovers\n|upkeep\n|turn|19\n|inactive|davishotmailcom has 120 seconds left.\n|\n|t:|1698766118\n|move|p2a: Slowbro|Surf|p1a: Mimikyu\n|-damage|p1a: Mimikyu|0 fnt\n|faint|p1a: Mimikyu\n|\n|-heal|p2a: Slowbro|95\/100|[from] item: Leftovers\n|upkeep\n|inactive|davishotmailcom has 120 seconds left.\n|\n|t:|1698766125\n|switch|p1a: Toxapex|Toxapex, F, shiny|100\/100\n|turn|20\n|\n|t:|1698766128\n|move|p2a: Slowbro|Psychic|p1a: Toxapex\n|-supereffective|p1a: Toxapex\n|-damage|p1a: Toxapex|27\/100\n|move|p1a: Toxapex|Toxic|p2a: Slowbro\n|-status|p2a: Slowbro|tox\n|\n|-heal|p2a: Slowbro|100\/100 tox|[from] item: Leftovers\n|-heal|p1a: Toxapex|34\/100|[from] item: Black Sludge\n|-damage|p2a: Slowbro|94\/100 tox|[from] psn\n|upkeep\n|turn|21\n|\n|t:|1698766140\n|move|p2a: Slowbro|Psychic|p1a: Toxapex\n|-supereffective|p1a: Toxapex\n|-damage|p1a: Toxapex|0 fnt\n|faint|p1a: Toxapex\n|\n|-heal|p2a: Slowbro|100\/100 tox|[from] item: Leftovers\n|-damage|p2a: Slowbro|88\/100 tox|[from] psn\n|upkeep\n|inactive|davishotmailcom has 120 seconds left.\n|\n|t:|1698766157\n|switch|p1a: Garchomp|Garchomp, F, shiny|100\/100\n|turn|22\n|inactive|davishotmailcom has 120 seconds left.\n|\n|t:|1698766168\n|move|p2a: Slowbro|Ice Beam|p1a: Garchomp\n|-supereffective|p1a: Garchomp\n|-damage|p1a: Garchomp|0 fnt\n|faint|p1a: Garchomp\n|\n|-heal|p2a: Slowbro|94\/100 tox|[from] item: Leftovers\n|-damage|p2a: Slowbro|76\/100 tox|[from] psn\n|upkeep\n|inactive|davishotmailcom has 120 seconds left.\n|\n|t:|1698766177\n|switch|p1a: Dondozo|Dondozo, M|85\/100\n|turn|23\n|\n|t:|1698766186\n|move|p2a: Slowbro|Psychic|p1a: Dondozo\n|-damage|p1a: Dondozo|43\/100\n|move|p1a: Dondozo|Earthquake|p2a: Slowbro\n|-damage|p2a: Slowbro|54\/100 tox\n|\n|-heal|p2a: Slowbro|60\/100 tox|[from] item: Leftovers\n|-heal|p1a: Dondozo|50\/100|[from] item: Leftovers\n|-damage|p2a: Slowbro|35\/100 tox|[from] psn\n|upkeep\n|turn|24\n|\n|t:|1698766198\n|move|p2a: Slowbro|Slack Off|p2a: Slowbro\n|-heal|p2a: Slowbro|85\/100 tox\n|move|p1a: Dondozo|Earthquake|p2a: Slowbro\n|-damage|p2a: Slowbro|63\/100 tox\n|\n|-heal|p2a: Slowbro|69\/100 tox|[from] item: Leftovers\n|-heal|p1a: Dondozo|56\/100|[from] item: Leftovers\n|-damage|p2a: Slowbro|39\/100 tox|[from] psn\n|upkeep\n|turn|25\n|\n|t:|1698766208\n|move|p2a: Slowbro|Psychic|p1a: Dondozo\n|-damage|p1a: Dondozo|18\/100\n|move|p1a: Dondozo|Earthquake|p2a: Slowbro\n|-damage|p2a: Slowbro|17\/100 tox\n|\n|-heal|p2a: Slowbro|23\/100 tox|[from] item: Leftovers\n|-heal|p1a: Dondozo|24\/100|[from] item: Leftovers\n|-damage|p2a: Slowbro|0 fnt|[from] psn\n|faint|p2a: Slowbro\n|upkeep\n|\n|t:|1698766223\n|switch|p2a: Cinderace|Cinderace, F|100\/100\n|turn|26\n|\n|t:|1698766228\n|move|p2a: Cinderace|High Jump Kick|p1a: Dondozo\n|-start|p2a: Cinderace|typechange|Fighting|[from] ability: Libero\n|-damage|p1a: Dondozo|0 fnt\n|faint|p1a: Dondozo\n|\n|upkeep\n|\n|t:|1698766235\n|switch|p1a: Lycanroc|Lycanroc-Midnight, M, shiny|100\/100\n|turn|27\n|\n|t:|1698766239\n|move|p2a: Cinderace|U-turn|p1a: Lycanroc\n|-damage|p1a: Lycanroc|71\/100\n|\n|t:|1698766254\n|switch|p2a: Grenja|Greninja, M|100\/100|[from] U-turn\n|move|p1a: Lycanroc|Close Combat|p2a: Grenja\n|-supereffective|p2a: Grenja\n|-damage|p2a: Grenja|0 fnt\n|-unboost|p1a: Lycanroc|def|1\n|-unboost|p1a: Lycanroc|spd|1\n|faint|p2a: Grenja\n|\n|upkeep\n|\n|t:|1698766262\n|switch|p2a: Cinderace|Cinderace, F|100\/100\n|turn|28\n|\n|t:|1698766268\n|move|p2a: Cinderace|U-turn|p1a: Lycanroc\n|-start|p2a: Cinderace|typechange|Bug|[from] ability: Libero\n|-damage|p1a: Lycanroc|6\/100\n|\n|t:|1698766272\n|switch|p2a: Pelipper|Pelipper, F|100\/100|[from] U-turn\n|-weather|RainDance|[from] ability: Drizzle|[of] p2a: Pelipper\n|move|p1a: Lycanroc|Close Combat|p2a: Pelipper\n|-resisted|p2a: Pelipper\n|-damage|p2a: Pelipper|84\/100\n|-unboost|p1a: Lycanroc|def|1\n|-unboost|p1a: Lycanroc|spd|1\n|\n|-weather|RainDance|[upkeep]\n|upkeep\n|turn|29\n|\n|t:|1698766290\n|move|p1a: Lycanroc|Shadow Claw|p2a: Pelipper\n|-damage|p2a: Pelipper|66\/100\n|move|p2a: Pelipper|Roost|p2a: Pelipper\n|-heal|p2a: Pelipper|100\/100\n|-singleturn|p2a: Pelipper|move: Roost\n|\n|-weather|RainDance|[upkeep]\n|upkeep\n|turn|30\n|\n|t:|1698766300\n|switch|p2a: Espathra|Espathra, F|93\/100\n|move|p1a: Lycanroc|Shadow Claw|p2a: Espathra\n|-supereffective|p2a: Espathra\n|-damage|p2a: Espathra|29\/100\n|\n|-weather|RainDance|[upkeep]\n|-heal|p2a: Espathra|36\/100|[from] item: Leftovers\n|upkeep\n|turn|31\n|\n|t:|1698766310\n|move|p2a: Espathra|Lumina Crash|p1a: Lycanroc\n|-damage|p1a: Lycanroc|0 fnt\n|faint|p1a: Lycanroc\n|\n|win|bobchickenstein\n|raw|davishotmailcom's rating: 1101 &rarr; <strong>1079<\/strong><br \/>(-22 for losing)\n|raw|bobchickenstein's rating: 1141 &rarr; <strong>1163<\/strong><br \/>(+22 for winning)\n","uploadtime":1698766315,"views":6,"p1id":"davishotmailcom","p2id":"bobchickenstein","formatid":"gen9anythinggoes","rating":1079,"private":0,"password":""}