{"id":"gen9anythinggoes-1995966974","p1":"alden6357632","p2":"Rowan_Rocket","format":"[Gen 9] Anything Goes","log":"|j|\u2606alden6357632\n|j|\u2606Rowan_Rocket\n|t:|1700623116\n|gametype|singles\n|player|p1|alden6357632|benga|1048\n|player|p2|Rowan_Rocket|rocketgruntf|1098\n|teamsize|p1|6\n|teamsize|p2|6\n|gen|9\n|tier|[Gen 9] Anything Goes\n|rated|\n|rule|HP Percentage Mod: HP is shown in percentages\n|rule|Endless Battle Clause: Forcing endless battles is banned\n|clearpoke\n|poke|p1|Annihilape, M|\n|poke|p1|Pawmot, M|\n|poke|p1|Lucario, M|\n|poke|p1|Iron Valiant|\n|poke|p1|Tauros-Paldea-Blaze, M|\n|poke|p1|Quaquaval, F|\n|poke|p2|Weezing, M|\n|poke|p2|Arbok, F|\n|poke|p2|Ariados, F|\n|poke|p2|Persian-Alola, F|\n|poke|p2|Mabosstiff, F|\n|poke|p2|Drifblim, F|\n|teampreview\n|inactive|Battle timer is ON: inactive players will automatically lose when time's up. (requested by alden6357632)\n|\n|t:|1700623134\n|start\n|switch|p1a: Annihilape|Annihilape, M|100\/100\n|switch|p2a: Weezing|Weezing, M|100\/100\n|turn|1\n|\n|t:|1700623143\n|move|p1a: Annihilape|Drain Punch|p2a: Weezing\n|-resisted|p2a: Weezing\n|-damage|p2a: Weezing|82\/100\n|-damage|p1a: Annihilape|84\/100|[from] item: Rocky Helmet|[of] p2a: Weezing\n|move|p2a: Weezing|Toxic Spikes|p1a: Annihilape\n|-sidestart|p1: alden6357632|move: Toxic Spikes\n|\n|upkeep\n|turn|2\n|\n|t:|1700623154\n|move|p1a: Annihilape|Rage Fist|p2a: Weezing\n|-damage|p2a: Weezing|59\/100\n|-damage|p1a: Annihilape|67\/100|[from] item: Rocky Helmet|[of] p2a: Weezing\n|move|p2a: Weezing|Toxic Spikes|p1a: Annihilape\n|-sidestart|p1: alden6357632|move: Toxic Spikes\n|\n|upkeep\n|turn|3\n|\n|t:|1700623176\n|switch|p2a: Arbok|Arbok, F|100\/100\n|move|p1a: Annihilape|Body Slam|p2a: Arbok\n|-damage|p2a: Arbok|76\/100\n|\n|upkeep\n|turn|4\n|\n|t:|1700623183\n|move|p1a: Annihilape|U-turn|p2a: Arbok\n|-resisted|p2a: Arbok\n|-damage|p2a: Arbok|64\/100\n|\n|t:|1700623189\n|switch|p1a: Pawmot|Pawmot, M|100\/100|[from] U-turn\n|-status|p1a: Pawmot|tox\n|move|p2a: Arbok|Glare||[still]\n|-fail|p2a: Arbok\n|\n|-damage|p1a: Pawmot|94\/100 tox|[from] psn\n|upkeep\n|turn|5\n|\n|t:|1700623203\n|move|p1a: Pawmot|Encore|p2a: Arbok\n|-start|p2a: Arbok|Encore\n|move|p2a: Arbok|Glare||[still]\n|-fail|p2a: Arbok\n|\n|-damage|p1a: Pawmot|82\/100 tox|[from] psn\n|upkeep\n|turn|6\n|\n|t:|1700623220\n|switch|p1a: Iron Valiant|Iron Valiant|100\/100\n|-status|p1a: Iron Valiant|tox\n|-enditem|p1a: Iron Valiant|Booster Energy\n|-activate|p1a: Iron Valiant|ability: Quark Drive|[fromitem]\n|-start|p1a: Iron Valiant|quarkdrivespe\n|switch|p2a: Ariados|Ariados, F|100\/100\n|\n|-damage|p1a: Iron Valiant|94\/100 tox|[from] psn\n|upkeep\n|turn|7\n|inactive|Rowan_Rocket has 120 seconds left.\n|\n|t:|1700623247\n|move|p1a: Iron Valiant|Swords Dance|p1a: Iron Valiant\n|-boost|p1a: Iron Valiant|atk|2\n|move|p2a: Ariados|Toxic Thread||[still]\n|-unboost|p1a: Iron Valiant|spe|1\n|-fail|p2a: Ariados\n|\n|-damage|p1a: Iron Valiant|82\/100 tox|[from] psn\n|upkeep\n|turn|8\n|inactive|Rowan_Rocket has 120 seconds left.\n|\n|t:|1700623260\n|move|p1a: Iron Valiant|Spirit Break|p2a: Ariados\n|-resisted|p2a: Ariados\n|-damage|p2a: Ariados|64\/100\n|-unboost|p2a: Ariados|spa|1\n|move|p2a: Ariados|Toxic Thread||[still]\n|-unboost|p1a: Iron Valiant|spe|1\n|-fail|p2a: Ariados\n|\n|-damage|p1a: Iron Valiant|63\/100 tox|[from] psn\n|upkeep\n|turn|9\n|inactive|Rowan_Rocket has 120 seconds left.\n|\n|t:|1700623290\n|move|p1a: Iron Valiant|Drain Punch|p2a: Ariados\n|-resisted|p2a: Ariados\n|-damage|p2a: Ariados|47\/100\n|-heal|p1a: Iron Valiant|74\/100 tox|[from] drain|[of] p2a: Ariados\n|move|p2a: Ariados|Leech Life|p1a: Iron Valiant\n|-resisted|p1a: Iron Valiant\n|-damage|p1a: Iron Valiant|65\/100 tox\n|-heal|p2a: Ariados|50\/100|[from] drain|[of] p1a: Iron Valiant\n|\n|-damage|p1a: Iron Valiant|40\/100 tox|[from] psn\n|upkeep\n|turn|10\n|inactive|alden6357632 has 120 seconds left.\n|\n|t:|1700623313\n|move|p1a: Iron Valiant|Spirit Break|p2a: Ariados\n|-resisted|p2a: Ariados\n|-damage|p2a: Ariados|17\/100\n|-unboost|p2a: Ariados|spa|1\n|move|p2a: Ariados|Leech Life|p1a: Iron Valiant\n|-resisted|p1a: Iron Valiant\n|-damage|p1a: Iron Valiant|32\/100 tox\n|-heal|p2a: Ariados|21\/100|[from] drain|[of] p1a: Iron Valiant\n|\n|-damage|p1a: Iron Valiant|1\/100 tox|[from] psn\n|upkeep\n|turn|11\n|inactive|alden6357632 has 120 seconds left.\n|inactive|Rowan_Rocket has 90 seconds left.\n|\n|t:|1700623337\n|move|p1a: Iron Valiant|Spirit Break|p2a: Ariados\n|-resisted|p2a: Ariados\n|-damage|p2a: Ariados|0 fnt\n|faint|p2a: Ariados\n|\n|-damage|p1a: Iron Valiant|0 fnt|[from] psn\n|faint|p1a: Iron Valiant\n|-end|p1a: Iron Valiant|Quark Drive|[silent]\n|upkeep\n|inactive|alden6357632 has 120 seconds left.\n|inactive|Rowan_Rocket has 90 seconds left.\n|\n|t:|1700623355\n|switch|p1a: Lucario|Lucario, M|100\/100\n|switch|p2a: Arbok|Arbok, F|64\/100\n|turn|12\n|inactive|alden6357632 has 120 seconds left.\n|\n|t:|1700623362\n|move|p1a: Lucario|Flash Cannon|p2a: Arbok\n|-damage|p2a: Arbok|10\/100\n|move|p2a: Arbok|Glare|p1a: Lucario\n|-status|p1a: Lucario|par\n|\n|upkeep\n|turn|13\n|\n|t:|1700623374\n|move|p2a: Arbok|Leech Life|p1a: Lucario\n|-resisted|p1a: Lucario\n|-damage|p1a: Lucario|94\/100 par\n|-heal|p2a: Arbok|13\/100|[from] drain|[of] p1a: Lucario\n|cant|p1a: Lucario|par\n|\n|upkeep\n|turn|14\n|\n|t:|1700623385\n|move|p2a: Arbok|Leech Life|p1a: Lucario\n|-resisted|p1a: Lucario\n|-damage|p1a: Lucario|87\/100 par\n|-heal|p2a: Arbok|16\/100|[from] drain|[of] p1a: Lucario\n|move|p1a: Lucario|Nasty Plot|p1a: Lucario\n|-boost|p1a: Lucario|spa|2\n|\n|upkeep\n|turn|15\n|\n|t:|1700623398\n|switch|p2a: Mabosstiff|Mabosstiff, F|100\/100\n|move|p1a: Lucario|Flash Cannon|p2a: Mabosstiff\n|-damage|p2a: Mabosstiff|12\/100\n|\n|upkeep\n|turn|16\n|\n|t:|1700623410\n|move|p2a: Mabosstiff|Psychic Fangs|p1a: Lucario\n|-damage|p1a: Lucario|35\/100 par\n|cant|p1a: Lucario|par\n|\n|upkeep\n|turn|17\n|\n|t:|1700623418\n|move|p2a: Mabosstiff|Psychic Fangs|p1a: Lucario\n|-damage|p1a: Lucario|0 fnt\n|faint|p1a: Lucario\n|\n|upkeep\n|\n|t:|1700623425\n|switch|p1a: Annihilape|Annihilape, M|67\/100\n|-status|p1a: Annihilape|tox\n|turn|18\n|\n|t:|1700623433\n|move|p1a: Annihilape|U-turn|p2a: Mabosstiff\n|-supereffective|p2a: Mabosstiff\n|-damage|p2a: Mabosstiff|0 fnt\n|faint|p2a: Mabosstiff\n|\n|t:|1700623438\n|switch|p1a: Pawmot|Pawmot, M|82\/100 tox|[from] U-turn\n|\n|-damage|p1a: Pawmot|76\/100 tox|[from] psn\n|upkeep\n|inactive|Rowan_Rocket has 120 seconds left.\n|\n|t:|1700623447\n|switch|p2a: Arbok|Arbok, F|16\/100\n|turn|19\n|inactive|Rowan_Rocket has 120 seconds left.\n|\n|t:|1700623463\n|move|p1a: Pawmot|Double Shock|p2a: Arbok\n|-damage|p2a: Arbok|0 fnt\n|-start|p1a: Pawmot|typechange|???\/Fighting|[from] move: Double Shock\n|faint|p2a: Arbok\n|\n|-damage|p1a: Pawmot|64\/100 tox|[from] psn\n|upkeep\n|\n|t:|1700623474\n|switch|p2a: Persian|Persian-Alola, F|100\/100\n|turn|20\n|\n|t:|1700623480\n|move|p2a: Persian|Fake Out|p1a: Pawmot\n|-crit|p1a: Pawmot\n|-damage|p1a: Pawmot|48\/100 tox\n|cant|p1a: Pawmot|flinch\n|\n|-damage|p1a: Pawmot|30\/100 tox|[from] psn\n|upkeep\n|turn|21\n|\n|t:|1700623488\n|move|p2a: Persian|Parting Shot|p1a: Pawmot\n|-unboost|p1a: Pawmot|atk|1\n|-unboost|p1a: Pawmot|spa|1\n|\n|t:|1700623497\n|switch|p2a: Weezing|Weezing, M|59\/100|[from] Parting Shot\n|move|p1a: Pawmot|Double Shock||[still]\n|-fail|p1a: Pawmot|move: Double Shock\n|\n|-damage|p1a: Pawmot|6\/100 tox|[from] psn\n|upkeep\n|turn|22\n|\n|t:|1700623510\n|switch|p1a: Annihilape|Annihilape, M|67\/100 tox\n|move|p2a: Weezing|Destiny Bond|p2a: Weezing\n|-singlemove|p2a: Weezing|Destiny Bond\n|\n|-damage|p1a: Annihilape|61\/100 tox|[from] psn\n|upkeep\n|turn|23\n|\n|t:|1700623520\n|move|p1a: Annihilape|U-turn|p2a: Weezing\n|-resisted|p2a: Weezing\n|-damage|p2a: Weezing|50\/100\n|-damage|p1a: Annihilape|45\/100 tox|[from] item: Rocky Helmet|[of] p2a: Weezing\n|\n|t:|1700623527\n|switch|p1a: Tauros|Tauros-Paldea-Blaze, M|100\/100|[from] U-turn\n|-status|p1a: Tauros|tox\n|-ability|p1a: Tauros|Intimidate|boost\n|-unboost|p2a: Weezing|atk|1\n|move|p2a: Weezing|Pain Split|p1a: Tauros\n|-sethp|p1a: Tauros|73\/100 tox|[from] move: Pain Split|[silent]\n|-sethp|p2a: Weezing|78\/100|[from] move: Pain Split\n|\n|-damage|p1a: Tauros|67\/100 tox|[from] psn\n|upkeep\n|turn|24\n|\n|t:|1700623542\n|move|p1a: Tauros|Endeavor|p2a: Weezing\n|-damage|p2a: Weezing|72\/100\n|-damage|p1a: Tauros|51\/100 tox|[from] item: Rocky Helmet|[of] p2a: Weezing\n|move|p2a: Weezing|Sludge Bomb|p1a: Tauros\n|-damage|p1a: Tauros|11\/100 tox\n|\n|-damage|p1a: Tauros|0 fnt|[from] psn\n|faint|p1a: Tauros\n|upkeep\n|\n|t:|1700623556\n|switch|p1a: Pawmot|Pawmot, M|6\/100 tox\n|turn|25\n|\n|t:|1700623566\n|move|p1a: Pawmot|Crunch|p2a: Weezing\n|-damage|p2a: Weezing|36\/100\n|-damage|p1a: Pawmot|0 fnt|[from] item: Rocky Helmet|[of] p2a: Weezing\n|faint|p1a: Pawmot\n|move|p2a: Weezing|Sludge Bomb|p1: Pawmot|[notarget]\n|-fail|p2a: Weezing\n|\n|upkeep\n|\n|t:|1700623573\n|switch|p1a: Annihilape|Annihilape, M|45\/100 tox\n|turn|26\n|\n|t:|1700623582\n|move|p1a: Annihilape|U-turn|p2a: Weezing\n|-resisted|p2a: Weezing\n|-damage|p2a: Weezing|26\/100\n|-damage|p1a: Annihilape|28\/100 tox|[from] item: Rocky Helmet|[of] p2a: Weezing\n|\n|t:|1700623586\n|switch|p1a: Quaquaval|Quaquaval, F|100\/100|[from] U-turn\n|-status|p1a: Quaquaval|tox\n|move|p2a: Weezing|Pain Split|p1a: Quaquaval\n|-sethp|p1a: Quaquaval|62\/100 tox|[from] move: Pain Split|[silent]\n|-sethp|p2a: Weezing|70\/100|[from] move: Pain Split\n|\n|-heal|p1a: Quaquaval|68\/100 tox|[from] item: Leftovers\n|-damage|p1a: Quaquaval|62\/100 tox|[from] psn\n|upkeep\n|turn|27\n|\n|t:|1700623600\n|move|p1a: Quaquaval|Aqua Step|p2a: Weezing\n|-damage|p2a: Weezing|33\/100\n|-boost|p1a: Quaquaval|spe|1\n|-damage|p1a: Quaquaval|45\/100 tox|[from] item: Rocky Helmet|[of] p2a: Weezing\n|move|p2a: Weezing|Sludge Bomb|p1a: Quaquaval\n|-damage|p1a: Quaquaval|10\/100 tox\n|\n|-heal|p1a: Quaquaval|16\/100 tox|[from] item: Leftovers\n|-damage|p1a: Quaquaval|3\/100 tox|[from] psn\n|upkeep\n|turn|28\n|\n|t:|1700623613\n|move|p1a: Quaquaval|Aqua Step|p2a: Weezing\n|-damage|p2a: Weezing|0 fnt\n|-boost|p1a: Quaquaval|spe|1\n|-damage|p1a: Quaquaval|0 fnt|[from] item: Rocky Helmet|[of] p2a: Weezing\n|faint|p2a: Weezing\n|faint|p1a: Quaquaval\n|\n|upkeep\n|\n|t:|1700623621\n|switch|p1a: Annihilape|Annihilape, M|28\/100 tox\n|switch|p2a: Drifblim|Drifblim, F|100\/100\n|turn|29\n|\n|t:|1700623630\n|move|p1a: Annihilape|Rage Fist|p2a: Drifblim\n|-supereffective|p2a: Drifblim\n|-damage|p2a: Drifblim|33\/100\n|move|p2a: Drifblim|Shadow Ball|p1a: Annihilape\n|-supereffective|p1a: Annihilape\n|-damage|p1a: Annihilape|0 fnt\n|faint|p1a: Annihilape\n|\n|win|Rowan_Rocket\n|raw|alden6357632's rating: 1048 &rarr; <strong>1033<\/strong><br \/>(-15 for losing)\n|raw|Rowan_Rocket's rating: 1098 &rarr; <strong>1120<\/strong><br \/>(+22 for winning)\n|l|\u2606Rowan_Rocket\n|j|\u2606Rowan_Rocket\n|player|p2|Rowan_Rocket|rocketgruntf\n","uploadtime":1700624612,"views":10,"p1id":"alden6357632","p2id":"rowanrocket","formatid":"gen9anythinggoes","rating":1033,"private":0,"password":""}