{"id":"gen9anythinggoes-1997240773","p1":"LJDARKTHUNDER","p2":"IFailedHighSchool","format":"[Gen 9] Anything Goes","log":"|j|\u2606LJDARKTHUNDER\n|j|\u2606IFailedHighSchool\n|t:|1700779324\n|gametype|singles\n|player|p1|LJDARKTHUNDER|psychicf-gen4|1318\n|player|p2|IFailedHighSchool|burglar|1239\n|teamsize|p1|6\n|teamsize|p2|6\n|gen|9\n|tier|[Gen 9] Anything Goes\n|rated|\n|rule|HP Percentage Mod: HP is shown in percentages\n|rule|Endless Battle Clause: Forcing endless battles is banned\n|clearpoke\n|poke|p1|Sandaconda, F|\n|poke|p1|Hariyama, M|\n|poke|p1|Scream Tail|\n|poke|p1|Polteageist-Antique|\n|poke|p1|Espathra, F|\n|poke|p1|Jolteon, F|\n|poke|p2|Weavile, M|\n|poke|p2|Decidueye, M|\n|poke|p2|Gastrodon, M|\n|poke|p2|Dusknoir, F|\n|poke|p2|Staraptor, M|\n|poke|p2|Haxorus, M|\n|teampreview\n|\n|t:|1700779349\n|start\n|switch|p1a: Sandaconda|Sandaconda, F|100\/100\n|switch|p2a: Soul|Dusknoir, F|100\/100\n|-item|p1a: Sandaconda|Rocky Helmet|[from] ability: Frisk|[of] p2a: Soul|[identify]\n|turn|1\n|\n|t:|1700779362\n|move|p1a: Sandaconda|Glare|p2a: Soul\n|-status|p2a: Soul|par\n|move|p2a: Soul|Will-O-Wisp|p1a: Sandaconda\n|-status|p1a: Sandaconda|brn\n|\n|-damage|p1a: Sandaconda|94\/100 brn|[from] brn\n|upkeep\n|turn|2\n|\n|t:|1700779371\n|move|p1a: Sandaconda|Coil|p1a: Sandaconda\n|-boost|p1a: Sandaconda|atk|1\n|-boost|p1a: Sandaconda|def|1\n|-boost|p1a: Sandaconda|accuracy|1\n|move|p2a: Soul|Trick Room|p2a: Soul\n|-fieldstart|move: Trick Room|[of] p2a: Soul\n|\n|-damage|p1a: Sandaconda|88\/100 brn|[from] brn\n|upkeep\n|turn|3\n|\n|t:|1700779377\n|move|p2a: Soul|Brick Break|p1a: Sandaconda\n|-damage|p1a: Sandaconda|76\/100 brn\n|-damage|p2a: Soul|84\/100 par|[from] item: Rocky Helmet|[of] p1a: Sandaconda\n|-weather|Sandstorm|[from] ability: Sand Spit|[of] p1a: Sandaconda\n|move|p1a: Sandaconda|Coil|p1a: Sandaconda\n|-boost|p1a: Sandaconda|atk|1\n|-boost|p1a: Sandaconda|def|1\n|-boost|p1a: Sandaconda|accuracy|1\n|\n|-weather|Sandstorm|[upkeep]\n|-damage|p2a: Soul|78\/100 par|[from] Sandstorm\n|-damage|p1a: Sandaconda|70\/100 brn|[from] brn\n|upkeep\n|turn|4\n|\n|t:|1700779391\n|switch|p2a: Oozy|Gastrodon, M|100\/100\n|move|p1a: Sandaconda|Coil|p1a: Sandaconda\n|-boost|p1a: Sandaconda|atk|1\n|-boost|p1a: Sandaconda|def|1\n|-boost|p1a: Sandaconda|accuracy|1\n|\n|-weather|Sandstorm|[upkeep]\n|-damage|p1a: Sandaconda|64\/100 brn|[from] brn\n|upkeep\n|turn|5\n|\n|t:|1700779402\n|switch|p1a: Scream Tail|Scream Tail|100\/100\n|move|p2a: Oozy|Chilling Water|p1a: Scream Tail\n|-damage|p1a: Scream Tail|88\/100\n|-unboost|p1a: Scream Tail|atk|1\n|\n|-weather|Sandstorm|[upkeep]\n|-damage|p1a: Scream Tail|82\/100|[from] Sandstorm\n|upkeep\n|turn|6\n|\n|t:|1700779410\n|move|p2a: Oozy|Clear Smog|p1a: Scream Tail\n|-supereffective|p1a: Scream Tail\n|-damage|p1a: Scream Tail|66\/100\n|-clearboost|p1a: Scream Tail\n|move|p1a: Scream Tail|Substitute|p1a: Scream Tail\n|-start|p1a: Scream Tail|Substitute\n|-damage|p1a: Scream Tail|41\/100\n|\n|-weather|Sandstorm|[upkeep]\n|-damage|p1a: Scream Tail|35\/100|[from] Sandstorm\n|-fieldend|move: Trick Room\n|upkeep\n|turn|7\n|\n|t:|1700779420\n|move|p1a: Scream Tail|Light Screen|p1a: Scream Tail\n|-sidestart|p1: LJDARKTHUNDER|move: Light Screen\n|move|p2a: Oozy|Earthquake|p1a: Scream Tail\n|-activate|p1a: Scream Tail|move: Substitute|[damage]\n|\n|-weather|none\n|upkeep\n|turn|8\n|\n|t:|1700779425\n|move|p1a: Scream Tail|Reflect|p1a: Scream Tail\n|-sidestart|p1: LJDARKTHUNDER|Reflect\n|move|p2a: Oozy|Earthquake|p1a: Scream Tail\n|-crit|p1a: Scream Tail\n|-end|p1a: Scream Tail|Substitute\n|\n|upkeep\n|turn|9\n|\n|t:|1700779430\n|move|p1a: Scream Tail|Substitute|p1a: Scream Tail\n|-start|p1a: Scream Tail|Substitute\n|-damage|p1a: Scream Tail|10\/100\n|move|p2a: Oozy|Clear Smog|p1a: Scream Tail\n|-supereffective|p1a: Scream Tail\n|-activate|p1a: Scream Tail|move: Substitute|[damage]\n|\n|upkeep\n|turn|10\n|\n|t:|1700779440\n|-end|p1a: Scream Tail|Protosynthesis|[silent]\n|switch|p1a: Polteageist|Polteageist-Antique|100\/100\n|move|p2a: Oozy|Clear Smog|p1a: Polteageist\n|-resisted|p1a: Polteageist\n|-damage|p1a: Polteageist|98\/100\n|-clearboost|p1a: Polteageist\n|\n|upkeep\n|turn|11\n|\n|t:|1700779466\n|switch|p1a: Espathra|Espathra, F|100\/100\n|move|p2a: Oozy|Earthquake|p1a: Espathra\n|-damage|p1a: Espathra|80\/100\n|\n|-heal|p1a: Espathra|86\/100|[from] item: Leftovers\n|upkeep\n|turn|12\n|\n|t:|1700779473\n|switch|p2a: Soul|Dusknoir, F|78\/100 par\n|-item|p1a: Espathra|Leftovers|[from] ability: Frisk|[of] p2a: Soul|[identify]\n|move|p1a: Espathra|Substitute|p1a: Espathra\n|-start|p1a: Espathra|Substitute\n|-damage|p1a: Espathra|61\/100\n|\n|-heal|p1a: Espathra|67\/100|[from] item: Leftovers\n|-ability|p1a: Espathra|Speed Boost|boost\n|-boost|p1a: Espathra|spe|1\n|upkeep\n|turn|13\n|\n|t:|1700779483\n|move|p1a: Espathra|Calm Mind|p1a: Espathra\n|-boost|p1a: Espathra|spa|1\n|-boost|p1a: Espathra|spd|1\n|move|p2a: Soul|Will-O-Wisp|p1a: Espathra|[miss]\n|-miss|p2a: Soul|p1a: Espathra\n|\n|-heal|p1a: Espathra|73\/100|[from] item: Leftovers\n|-ability|p1a: Espathra|Speed Boost|boost\n|-boost|p1a: Espathra|spe|1\n|upkeep\n|turn|14\n|\n|t:|1700779491\n|move|p1a: Espathra|Calm Mind|p1a: Espathra\n|-boost|p1a: Espathra|spa|1\n|-boost|p1a: Espathra|spd|1\n|move|p2a: Soul|Brick Break|p1a: Espathra\n|-sideend|p1: LJDARKTHUNDER|Reflect\n|-sideend|p1: LJDARKTHUNDER|move: Light Screen\n|-resisted|p1a: Espathra\n|-crit|p1a: Espathra\n|-activate|p1a: Espathra|move: Substitute|[damage]\n|\n|-heal|p1a: Espathra|79\/100|[from] item: Leftovers\n|-ability|p1a: Espathra|Speed Boost|boost\n|-boost|p1a: Espathra|spe|1\n|upkeep\n|turn|15\n|\n|t:|1700779502\n|switch|p2a: Robin Hood|Decidueye, M|100\/100\n|move|p1a: Espathra|Calm Mind|p1a: Espathra\n|-boost|p1a: Espathra|spa|1\n|-boost|p1a: Espathra|spd|1\n|\n|-heal|p1a: Espathra|86\/100|[from] item: Leftovers\n|-ability|p1a: Espathra|Speed Boost|boost\n|-boost|p1a: Espathra|spe|1\n|upkeep\n|turn|16\n|\n|t:|1700779512\n|move|p1a: Espathra|Baton Pass|p1a: Espathra\n|\n|t:|1700779514\n|switch|p1a: Polteageist|Polteageist-Antique|98\/100|[from] Baton Pass\n|move|p2a: Robin Hood|U-turn|p1a: Polteageist\n|-resisted|p1a: Polteageist\n|-end|p1a: Polteageist|Substitute\n|\n|t:|1700779524\n|switch|p2a: Shinobi|Weavile, M|100\/100|[from] U-turn\n|-ability|p2a: Shinobi|Pressure\n|\n|upkeep\n|turn|17\n|\n|t:|1700779535\n|-terastallize|p1a: Polteageist|Normal\n|move|p2a: Shinobi|Ice Shard|p1a: Polteageist\n|-damage|p1a: Polteageist|62\/100\n|-ability|p1a: Polteageist|Weak Armor|boost\n|-unboost|p1a: Polteageist|def|1\n|-boost|p1a: Polteageist|spe|2\n|-enditem|p1a: Polteageist|White Herb\n|-clearnegativeboost|p1a: Polteageist|[silent]\n|move|p1a: Polteageist|Shell Smash|p1a: Polteageist\n|-unboost|p1a: Polteageist|def|1\n|-unboost|p1a: Polteageist|spd|1\n|-boost|p1a: Polteageist|atk|2\n|-boost|p1a: Polteageist|spa|2\n|-boost|p1a: Polteageist|spe|0\n|\n|upkeep\n|turn|18\n|\n|t:|1700779550\n|move|p2a: Shinobi|Ice Shard|p1a: Polteageist\n|-damage|p1a: Polteageist|8\/100\n|-ability|p1a: Polteageist|Weak Armor|boost\n|-unboost|p1a: Polteageist|def|1\n|move|p1a: Polteageist|Baton Pass|p1a: Polteageist\n|\n|t:|1700779555\n|switch|p1a: Jolteon|Jolteon, F|100\/100|[from] Baton Pass\n|\n|upkeep\n|turn|19\n|\n|t:|1700779563\n|move|p2a: Shinobi|Ice Shard|p1a: Jolteon\n|-damage|p1a: Jolteon|22\/100\n|move|p1a: Jolteon|Discharge|p2a: Shinobi\n|-damage|p2a: Shinobi|0 fnt\n|faint|p2a: Shinobi\n|\n|upkeep\n|\n|t:|1700779573\n|switch|p2a: Oozy|Gastrodon, M|100\/100\n|turn|20\n|\n|t:|1700779577\n|move|p1a: Jolteon|Stored Power|p2a: Oozy\n|-damage|p2a: Oozy|0 fnt\n|faint|p2a: Oozy\n|\n|upkeep\n|\n|t:|1700779581\n|switch|p2a: Soul|Dusknoir, F|78\/100 par\n|-item|p1a: Jolteon|King's Rock|[from] ability: Frisk|[of] p2a: Soul|[identify]\n|turn|21\n|\n|t:|1700779585\n|move|p1a: Jolteon|Stored Power|p2a: Soul\n|-damage|p2a: Soul|0 fnt\n|faint|p2a: Soul\n|\n|upkeep\n|\n|t:|1700779589\n|switch|p2a: Warrior|Staraptor, M|100\/100\n|turn|22\n|\n|t:|1700779595\n|-terastallize|p2a: Warrior|Normal\n|move|p1a: Jolteon|Discharge|p2a: Warrior\n|-damage|p2a: Warrior|0 fnt\n|faint|p2a: Warrior\n|\n|upkeep\n|\n|t:|1700779600\n|switch|p2a: Axel|Haxorus, M|100\/100\n|-ability|p2a: Axel|Mold Breaker\n|turn|23\n|\n|t:|1700779605\n|move|p1a: Jolteon|Stored Power|p2a: Axel\n|-damage|p2a: Axel|0 fnt\n|faint|p2a: Axel\n|\n|upkeep\n|\n|t:|1700779608\n|switch|p2a: Robin Hood|Decidueye, M|100\/100\n|turn|24\n|c|\u2606LJDARKTHUNDER|Gg.\n|\n|t:|1700779612\n|move|p2a: Robin Hood|Shadow Sneak|p1a: Jolteon\n|-damage|p1a: Jolteon|0 fnt\n|faint|p1a: Jolteon\n|\n|upkeep\n|\n|t:|1700779615\n|switch|p1a: Sandaconda|Sandaconda, F|64\/100 brn\n|turn|25\n|\n|t:|1700779617\n|move|p2a: Robin Hood|Shadow Sneak|p1a: Sandaconda\n|-damage|p1a: Sandaconda|45\/100 brn\n|-weather|Sandstorm|[from] ability: Sand Spit|[of] p1a: Sandaconda\n|move|p1a: Sandaconda|Glare|p2a: Robin Hood\n|-status|p2a: Robin Hood|par\n|\n|-weather|Sandstorm|[upkeep]\n|-damage|p2a: Robin Hood|94\/100 par|[from] Sandstorm\n|-damage|p1a: Sandaconda|39\/100 brn|[from] brn\n|upkeep\n|turn|26\n|\n|t:|1700779626\n|move|p2a: Robin Hood|Shadow Sneak|p1a: Sandaconda\n|-damage|p1a: Sandaconda|19\/100 brn\n|move|p1a: Sandaconda|Fire Fang|p2a: Robin Hood\n|-supereffective|p2a: Robin Hood\n|-damage|p2a: Robin Hood|65\/100 par\n|\n|-weather|Sandstorm|[upkeep]\n|-damage|p2a: Robin Hood|59\/100 par|[from] Sandstorm\n|-damage|p1a: Sandaconda|13\/100 brn|[from] brn\n|upkeep\n|turn|27\n|\n|t:|1700779634\n|cant|p2a: Robin Hood|par\n|move|p1a: Sandaconda|Fire Fang|p2a: Robin Hood\n|-supereffective|p2a: Robin Hood\n|-damage|p2a: Robin Hood|30\/100 par\n|\n|-weather|Sandstorm|[upkeep]\n|-damage|p2a: Robin Hood|24\/100 par|[from] Sandstorm\n|-damage|p1a: Sandaconda|7\/100 brn|[from] brn\n|upkeep\n|turn|28\n|\n|t:|1700779641\n|move|p2a: Robin Hood|Shadow Sneak|p1a: Sandaconda\n|-damage|p1a: Sandaconda|0 fnt\n|faint|p1a: Sandaconda\n|\n|-weather|Sandstorm|[upkeep]\n|-damage|p2a: Robin Hood|18\/100 par|[from] Sandstorm\n|upkeep\n|\n|t:|1700779648\n|switch|p1a: Hariyama|Hariyama, M|100\/100\n|turn|29\n|\n|t:|1700779650\n|move|p1a: Hariyama|Bullet Punch|p2a: Robin Hood\n|-damage|p2a: Robin Hood|0 fnt\n|faint|p2a: Robin Hood\n|\n|win|LJDARKTHUNDER\n|raw|LJDARKTHUNDER's rating: 1303 &rarr; <strong>1319<\/strong><br \/>(+16 for winning)\n|raw|IFailedHighSchool's rating: 1239 &rarr; <strong>1219<\/strong><br \/>(-20 for losing)\n","uploadtime":1700779655,"views":0,"p1id":"ljdarkthunder","p2id":"ifailedhighschool","formatid":"gen9anythinggoes","rating":1219,"private":0,"password":""}