{"id":"gen9anythinggoes-1983757060","p1":"Frazzle99","p2":"jmilner.15","format":"[Gen 9] Anything Goes","log":"|j|\u2606Frazzle99\n|j|\u2606jmilner.15\n|t:|1699174834\n|gametype|singles\n|player|p1|Frazzle99|2|1096\n|player|p2|jmilner.15|170|1107\n|teamsize|p1|6\n|teamsize|p2|6\n|gen|9\n|tier|[Gen 9] Anything Goes\n|rated|\n|rule|HP Percentage Mod: HP is shown in percentages\n|rule|Endless Battle Clause: Forcing endless battles is banned\n|clearpoke\n|poke|p1|Scream Tail|\n|poke|p1|Drifblim, F|\n|poke|p1|Maushold-Four|\n|poke|p1|Calyrex-Ice|\n|poke|p1|Annihilape, F|\n|poke|p1|Infernape, F|\n|poke|p2|Cyclizar, F|\n|poke|p2|Kommo-o, F|\n|poke|p2|Ceruledge, M|\n|poke|p2|Palafin, F|\n|poke|p2|Scizor, M|\n|poke|p2|Torkoal, M|\n|teampreview\n|\n|t:|1699174840\n|start\n|switch|p1a: Drifblim|Drifblim, F|100\/100\n|switch|p2a: Bicycle|Cyclizar, F, shiny|100\/100\n|turn|1\n|\n|t:|1699174847\n|move|p2a: Bicycle|Shed Tail|p2a: Bicycle\n|-start|p2a: Bicycle|Substitute|[from] move: Shed Tail\n|-damage|p2a: Bicycle|50\/100\n|\n|t:|1699174855\n|switch|p2a: NailClipers|Scizor, M, shiny|100\/100|[from] Shed Tail\n|move|p1a: Drifblim|Minimize|p1a: Drifblim\n|-boost|p1a: Drifblim|evasion|2\n|\n|upkeep\n|turn|2\n|\n|t:|1699174863\n|move|p1a: Drifblim|Minimize|p1a: Drifblim\n|-boost|p1a: Drifblim|evasion|2\n|move|p2a: NailClipers|Swords Dance|p2a: NailClipers\n|-boost|p2a: NailClipers|atk|2\n|\n|upkeep\n|turn|3\n|\n|t:|1699174870\n|move|p1a: Drifblim|Minimize|p1a: Drifblim\n|-boost|p1a: Drifblim|evasion|2\n|move|p2a: NailClipers|Swords Dance|p2a: NailClipers\n|-boost|p2a: NailClipers|atk|2\n|\n|upkeep\n|turn|4\n|\n|t:|1699174877\n|move|p1a: Drifblim|Baton Pass|p1a: Drifblim\n|\n|t:|1699174879\n|switch|p1a: Scream Tail|Scream Tail|100\/100|[from] Baton Pass\n|-enditem|p1a: Scream Tail|Booster Energy\n|-activate|p1a: Scream Tail|ability: Protosynthesis|[fromitem]\n|-start|p1a: Scream Tail|protosynthesisspe\n|move|p2a: NailClipers|Swords Dance|p2a: NailClipers\n|-boost|p2a: NailClipers|atk|2\n|\n|upkeep\n|turn|5\n|\n|t:|1699174890\n|move|p2a: NailClipers|Bullet Punch|p1a: Scream Tail|[miss]\n|-miss|p2a: NailClipers|p1a: Scream Tail\n|move|p1a: Scream Tail|Bulk Up|p1a: Scream Tail\n|-boost|p1a: Scream Tail|atk|1\n|-boost|p1a: Scream Tail|def|1\n|\n|upkeep\n|turn|6\n|\n|t:|1699174904\n|move|p2a: NailClipers|Bullet Punch|p1a: Scream Tail|[miss]\n|-miss|p2a: NailClipers|p1a: Scream Tail\n|move|p1a: Scream Tail|Bulk Up|p1a: Scream Tail\n|-boost|p1a: Scream Tail|atk|1\n|-boost|p1a: Scream Tail|def|1\n|\n|upkeep\n|turn|7\n|\n|t:|1699174923\n|move|p2a: NailClipers|Bullet Punch|p1a: Scream Tail|[miss]\n|-miss|p2a: NailClipers|p1a: Scream Tail\n|move|p1a: Scream Tail|Baton Pass|p1a: Scream Tail\n|\n|t:|1699174928\n|-end|p1a: Scream Tail|Protosynthesis|[silent]\n|switch|p1a: Infernape|Infernape, F|100\/100|[from] Baton Pass\n|\n|upkeep\n|turn|8\n|\n|t:|1699174935\n|move|p1a: Infernape|Fire Punch|p2a: NailClipers\n|-supereffective|p2a: NailClipers\n|-end|p2a: NailClipers|Substitute\n|move|p2a: NailClipers|Acrobatics|p1a: Infernape|[miss]\n|-miss|p2a: NailClipers|p1a: Infernape\n|\n|upkeep\n|turn|9\n|\n|t:|1699174943\n|move|p1a: Infernape|Fire Punch|p2a: NailClipers\n|-supereffective|p2a: NailClipers\n|-damage|p2a: NailClipers|0 fnt\n|faint|p2a: NailClipers\n|\n|upkeep\n|\n|t:|1699174948\n|switch|p2a: paypalpaly|Palafin, F, shiny|100\/100\n|turn|10\n|\n|t:|1699174952\n|move|p2a: paypalpaly|Flip Turn|p1a: Infernape|[miss]\n|-miss|p2a: paypalpaly|p1a: Infernape\n|move|p1a: Infernape|Thunder Punch|p2a: paypalpaly\n|-supereffective|p2a: paypalpaly\n|-damage|p2a: paypalpaly|0 fnt\n|faint|p2a: paypalpaly\n|\n|upkeep\n|\n|t:|1699174960\n|switch|p2a: TheD-Man|Kommo-o, F, shiny|100\/100\n|turn|11\n|\n|t:|1699174969\n|move|p1a: Infernape|Fire Punch|p2a: TheD-Man\n|-resisted|p2a: TheD-Man\n|-damage|p2a: TheD-Man|64\/100\n|move|p2a: TheD-Man|Clanging Scales|p1a: Infernape|[miss]\n|-miss|p2a: TheD-Man|p1a: Infernape\n|\n|upkeep\n|turn|12\n|\n|t:|1699174981\n|move|p1a: Infernape|Close Combat|p2a: TheD-Man\n|-damage|p2a: TheD-Man|0 fnt\n|-unboost|p1a: Infernape|def|1\n|-unboost|p1a: Infernape|spd|1\n|faint|p2a: TheD-Man\n|\n|upkeep\n|\n|t:|1699174987\n|switch|p2a: Switchblade|Ceruledge, M, shiny|100\/100\n|turn|13\n|\n|t:|1699174996\n|move|p1a: Infernape|Thunder Punch|p2a: Switchblade\n|-damage|p2a: Switchblade|28\/100\n|move|p2a: Switchblade|Bitter Blade|p1a: Infernape|[miss]\n|-miss|p2a: Switchblade|p1a: Infernape\n|\n|upkeep\n|turn|14\n|\n|t:|1699175011\n|move|p1a: Infernape|Thunder Punch|p2a: Switchblade\n|-damage|p2a: Switchblade|0 fnt\n|faint|p2a: Switchblade\n|\n|upkeep\n|\n|t:|1699175016\n|switch|p2a: Bicycle|Cyclizar, F, shiny|83\/100\n|turn|15\n|\n|t:|1699175024\n|move|p1a: Infernape|Close Combat|p2a: Bicycle\n|-supereffective|p2a: Bicycle\n|-enditem|p2a: Bicycle|Chople Berry|[eat]\n|-enditem|p2a: Bicycle|Chople Berry|[weaken]\n|-damage|p2a: Bicycle|0 fnt\n|-unboost|p1a: Infernape|def|1\n|-unboost|p1a: Infernape|spd|1\n|faint|p2a: Bicycle\n|\n|upkeep\n|\n|t:|1699175031\n|switch|p2a: TrurtleBOI|Torkoal, M, shiny|100\/100\n|-weather|SunnyDay|[from] ability: Drought|[of] p2a: TrurtleBOI\n|turn|16\n|\n|t:|1699175038\n|move|p1a: Infernape|Thunder Punch|p2a: TrurtleBOI\n|-damage|p2a: TrurtleBOI|63\/100\n|move|p2a: TrurtleBOI|Body Slam|p1a: Infernape|[miss]\n|-miss|p2a: TrurtleBOI|p1a: Infernape\n|\n|-weather|SunnyDay|[upkeep]\n|upkeep\n|turn|17\n|\n|t:|1699175046\n|move|p1a: Infernape|Close Combat|p2a: TrurtleBOI\n|-damage|p2a: TrurtleBOI|0 fnt\n|-unboost|p1a: Infernape|def|1\n|-unboost|p1a: Infernape|spd|1\n|faint|p2a: TrurtleBOI\n|\n|win|Frazzle99\n|raw|Frazzle99's rating: 1096 &rarr; <strong>1122<\/strong><br \/>(+26 for winning)\n|raw|jmilner.15's rating: 1107 &rarr; <strong>1081<\/strong><br \/>(-26 for losing)\n","uploadtime":1699175055,"views":4,"p1id":"frazzle99","p2id":"jmilner15","formatid":"gen9anythinggoes","rating":1081,"private":0,"password":""}