{"id":"gen9anythinggoes-1981955381","p1":"XanderHaki","p2":"TraceTheDingo","format":"[Gen 9] Anything Goes","log":"|j|\u2606XanderHaki\n|j|\u2606TraceTheDingo\n|t:|1698954670\n|gametype|singles\n|player|p1|XanderHaki|drayden|1109\n|player|p2|TraceTheDingo|102|1085\n|teamsize|p1|5\n|teamsize|p2|6\n|gen|9\n|tier|[Gen 9] Anything Goes\n|rated|\n|rule|HP Percentage Mod: HP is shown in percentages\n|rule|Endless Battle Clause: Forcing endless battles is banned\n|clearpoke\n|poke|p1|Cloyster, M|\n|poke|p1|Gliscor, F|\n|poke|p1|Torterra, M|\n|poke|p1|Baxcalibur, M|\n|poke|p1|Ninetales-Alola, M|\n|poke|p2|Baxcalibur, M|\n|poke|p2|Skeledirge, F|\n|poke|p2|Palafin, F|\n|poke|p2|Toedscruel, F|\n|poke|p2|Garganacl, F|\n|poke|p2|Tinkaton, F|\n|teampreview\n|inactive|Battle timer is ON: inactive players will automatically lose when time's up. (requested by XanderHaki)\n|\n|t:|1698954678\n|start\n|switch|p1a: Gliscor|Gliscor, F|100\/100\n|switch|p2a: Bonk|Tinkaton, F|100\/100\n|turn|1\n|\n|t:|1698954687\n|move|p2a: Bonk|Fake Out|p1a: Gliscor\n|-crit|p1a: Gliscor\n|-damage|p1a: Gliscor|85\/100\n|-damage|p2a: Bonk|91\/100|[from] item: Life Orb\n|cant|p1a: Gliscor|flinch\n|\n|-status|p1a: Gliscor|tox|[from] item: Toxic Orb\n|upkeep\n|turn|2\n|\n|t:|1698954696\n|move|p1a: Gliscor|Swords Dance|p1a: Gliscor\n|-boost|p1a: Gliscor|atk|2\n|move|p2a: Bonk|Knock Off|p1a: Gliscor\n|-damage|p1a: Gliscor|61\/100 tox\n|-enditem|p1a: Gliscor|Toxic Orb|[from] move: Knock Off|[of] p2a: Bonk\n|-damage|p2a: Bonk|81\/100|[from] item: Life Orb\n|\n|-heal|p1a: Gliscor|73\/100 tox|[from] ability: Poison Heal\n|upkeep\n|turn|3\n|\n|t:|1698954709\n|move|p1a: Gliscor|Swords Dance|p1a: Gliscor\n|-boost|p1a: Gliscor|atk|2\n|move|p2a: Bonk|Gigaton Hammer|p1a: Gliscor\n|-damage|p1a: Gliscor|14\/100 tox\n|-damage|p2a: Bonk|71\/100|[from] item: Life Orb\n|\n|-heal|p1a: Gliscor|27\/100 tox|[from] ability: Poison Heal\n|upkeep\n|turn|4\n|\n|t:|1698954715\n|move|p1a: Gliscor|Baton Pass|p1a: Gliscor\n|\n|t:|1698954717\n|switch|p1a: Baxcalibur|Baxcalibur, M|100\/100|[from] Baton Pass\n|move|p2a: Bonk|Play Rough|p1a: Baxcalibur|[miss]\n|-miss|p2a: Bonk|p1a: Baxcalibur\n|\n|upkeep\n|turn|5\n|\n|t:|1698954735\n|-terastallize|p1a: Baxcalibur|Fairy\n|move|p2a: Bonk|Gigaton Hammer|p1a: Baxcalibur\n|-supereffective|p1a: Baxcalibur\n|-damage|p1a: Baxcalibur|0 fnt\n|faint|p1a: Baxcalibur\n|-damage|p2a: Bonk|61\/100|[from] item: Life Orb\n|\n|upkeep\n|\n|t:|1698954753\n|switch|p1a: Torterra|Torterra, M|100\/100\n|turn|6\n|\n|t:|1698954761\n|move|p2a: Bonk|Play Rough|p1a: Torterra\n|-damage|p1a: Torterra|58\/100\n|-unboost|p1a: Torterra|atk|1\n|-damage|p2a: Bonk|51\/100|[from] item: Life Orb\n|move|p1a: Torterra|Shell Smash|p1a: Torterra\n|-unboost|p1a: Torterra|def|1\n|-unboost|p1a: Torterra|spd|1\n|-boost|p1a: Torterra|atk|2\n|-boost|p1a: Torterra|spa|2\n|-boost|p1a: Torterra|spe|2\n|\n|upkeep\n|turn|7\n|\n|t:|1698954773\n|move|p1a: Torterra|Headlong Rush|p2a: Bonk\n|-supereffective|p2a: Bonk\n|-damage|p2a: Bonk|0 fnt\n|-unboost|p1a: Torterra|def|1\n|-unboost|p1a: Torterra|spd|1\n|faint|p2a: Bonk\n|\n|upkeep\n|\n|t:|1698954779\n|switch|p2a: Habanero|Skeledirge, F|100\/100\n|turn|8\n|\n|t:|1698954786\n|move|p1a: Torterra|Headlong Rush|p2a: Habanero\n|-supereffective|p2a: Habanero\n|-damage|p2a: Habanero|0 fnt\n|-unboost|p1a: Torterra|def|1\n|-unboost|p1a: Torterra|spd|1\n|faint|p2a: Habanero\n|\n|upkeep\n|\n|t:|1698954791\n|switch|p2a: Wiggles|Toedscruel, F|100\/100\n|turn|9\n|\n|t:|1698954804\n|move|p1a: Torterra|Headlong Rush|p2a: Wiggles\n|-resisted|p2a: Wiggles\n|-damage|p2a: Wiggles|26\/100\n|-unboost|p1a: Torterra|def|1\n|-unboost|p1a: Torterra|spd|1\n|move|p2a: Wiggles|Lunge|p1a: Torterra\n|-supereffective|p1a: Torterra\n|-damage|p1a: Torterra|0 fnt\n|faint|p1a: Torterra\n|\n|-heal|p2a: Wiggles|32\/100|[from] item: Leftovers\n|upkeep\n|\n|t:|1698954818\n|switch|p1a: Cloyster|Cloyster, M|100\/100\n|turn|10\n|\n|t:|1698954823\n|move|p1a: Cloyster|Shell Smash|p1a: Cloyster\n|-unboost|p1a: Cloyster|def|1\n|-unboost|p1a: Cloyster|spd|1\n|-boost|p1a: Cloyster|atk|2\n|-boost|p1a: Cloyster|spa|2\n|-boost|p1a: Cloyster|spe|2\n|-enditem|p1a: Cloyster|White Herb\n|-clearnegativeboost|p1a: Cloyster|[silent]\n|move|p2a: Wiggles|Spore|p1a: Cloyster\n|-status|p1a: Cloyster|slp|[from] move: Spore\n|\n|-heal|p2a: Wiggles|38\/100|[from] item: Leftovers\n|upkeep\n|turn|11\n|\n|t:|1698954837\n|cant|p1a: Cloyster|slp\n|move|p2a: Wiggles|Energy Ball|p1a: Cloyster\n|-supereffective|p1a: Cloyster\n|-damage|p1a: Cloyster|0 fnt\n|faint|p1a: Cloyster\n|\n|-heal|p2a: Wiggles|44\/100|[from] item: Leftovers\n|upkeep\n|\n|t:|1698954846\n|switch|p1a: Ninetales|Ninetales-Alola, M|100\/100\n|-weather|Snow|[from] ability: Snow Warning|[of] p1a: Ninetales\n|turn|12\n|\n|t:|1698954853\n|move|p1a: Ninetales|Blizzard|p2a: Wiggles\n|-supereffective|p2a: Wiggles\n|-crit|p2a: Wiggles\n|-damage|p2a: Wiggles|0 fnt\n|faint|p2a: Wiggles\n|\n|-weather|Snow|[upkeep]\n|upkeep\n|\n|t:|1698954858\n|switch|p2a: Pyrite|Garganacl, F|100\/100\n|turn|13\n|\n|t:|1698954866\n|move|p1a: Ninetales|Blizzard|p2a: Pyrite\n|-damage|p2a: Pyrite|75\/100\n|move|p2a: Pyrite|Salt Cure|p1a: Ninetales\n|-supereffective|p1a: Ninetales\n|-damage|p1a: Ninetales|64\/100\n|-start|p1a: Ninetales|Salt Cure\n|\n|-weather|Snow|[upkeep]\n|-damage|p1a: Ninetales|52\/100|[from] Salt Cure\n|upkeep\n|turn|14\n|\n|t:|1698954878\n|move|p1a: Ninetales|Moonblast|p2a: Pyrite\n|-damage|p2a: Pyrite|53\/100\n|-unboost|p2a: Pyrite|spa|1\n|move|p2a: Pyrite|Brick Break|p1a: Ninetales\n|-crit|p1a: Ninetales\n|-damage|p1a: Ninetales|16\/100\n|\n|-weather|Snow|[upkeep]\n|-damage|p1a: Ninetales|4\/100|[from] Salt Cure\n|upkeep\n|turn|15\n|\n|t:|1698954895\n|switch|p2a: Godchilla|Baxcalibur, M|100\/100\n|move|p1a: Ninetales|Blizzard|p2a: Godchilla\n|-damage|p2a: Godchilla|64\/100\n|\n|-weather|Snow|[upkeep]\n|-damage|p1a: Ninetales|0 fnt|[from] Salt Cure\n|faint|p1a: Ninetales\n|upkeep\n|\n|t:|1698954905\n|switch|p1a: Gliscor|Gliscor, F|27\/100 tox\n|turn|16\n|\n|t:|1698954911\n|move|p1a: Gliscor|Toxic|p2a: Godchilla\n|-status|p2a: Godchilla|tox\n|move|p2a: Godchilla|Ice Fang|p1a: Gliscor\n|-supereffective|p1a: Gliscor\n|-damage|p1a: Gliscor|0 fnt\n|faint|p1a: Gliscor\n|\n|win|TraceTheDingo\n|raw|XanderHaki's rating: 1109 &rarr; <strong>1082<\/strong><br \/>(-27 for losing)\n|raw|TraceTheDingo's rating: 1085 &rarr; <strong>1114<\/strong><br \/>(+29 for winning)\n","uploadtime":1698954915,"views":9,"p1id":"xanderhaki","p2id":"tracethedingo","formatid":"gen9anythinggoes","rating":1082,"private":0,"password":""}