{"id":"gen9anythinggoes-1988437925","p1":"firapla","p2":"Zaack95","format":"[Gen 9] Anything Goes","log":"|j|\u2606firapla\n|j|\u2606Zaack95\n|t:|1699722927\n|gametype|singles\n|player|p1|firapla|misty|\n|player|p2|Zaack95|169|\n|teamsize|p1|6\n|teamsize|p2|6\n|gen|9\n|tier|[Gen 9] Anything Goes\n|rule|HP Percentage Mod: HP is shown in percentages\n|rule|Endless Battle Clause: Forcing endless battles is banned\n|clearpoke\n|poke|p1|Hoopa-Unbound|\n|poke|p1|Iron Moth|\n|poke|p1|Jolteon, M|\n|poke|p1|Landorus, M|\n|poke|p1|Diancie|\n|poke|p1|Thundurus-Therian, M|\n|poke|p2|Pelipper, M|\n|poke|p2|Floatzel, M|\n|poke|p2|Bellibolt, F|\n|poke|p2|Donphan, M|\n|poke|p2|Goodra, F|\n|poke|p2|Glastrier|\n|teampreview\n|c|\u2606firapla|glhf\n|c|\u2606Zaack95|dann gl hf\n|\n|t:|1699722964\n|start\n|switch|p1a: Jolteon|Jolteon, M|100\/100\n|switch|p2a: Pelipper|Pelipper, M|100\/100\n|-weather|RainDance|[from] ability: Drizzle|[of] p2a: Pelipper\n|turn|1\n|\n|t:|1699722976\n|switch|p2a: Goodra|Goodra, F|100\/100\n|move|p1a: Jolteon|Calm Mind|p1a: Jolteon\n|-boost|p1a: Jolteon|spa|1\n|-boost|p1a: Jolteon|spd|1\n|\n|-weather|RainDance|[upkeep]\n|upkeep\n|turn|2\n|\n|t:|1699723008\n|-terastallize|p1a: Jolteon|Ice\n|move|p1a: Jolteon|Tera Blast|p2a: Goodra|[anim] Tera Blast Ice\n|-supereffective|p2a: Goodra\n|-damage|p2a: Goodra|60\/100\n|move|p2a: Goodra|Acid Spray|p1a: Jolteon\n|-damage|p1a: Jolteon|91\/100\n|-unboost|p1a: Jolteon|spd|2\n|\n|-weather|RainDance|[upkeep]\n|upkeep\n|turn|3\n|\n|t:|1699723025\n|move|p1a: Jolteon|Tera Blast|p2a: Goodra|[anim] Tera Blast Ice\n|-supereffective|p2a: Goodra\n|-damage|p2a: Goodra|17\/100\n|move|p2a: Goodra|Scald|p1a: Jolteon\n|-damage|p1a: Jolteon|25\/100\n|\n|-weather|RainDance|[upkeep]\n|upkeep\n|turn|4\n|\n|t:|1699723054\n|move|p1a: Jolteon|Tera Blast|p2a: Goodra|[anim] Tera Blast Ice\n|-supereffective|p2a: Goodra\n|-damage|p2a: Goodra|0 fnt\n|faint|p2a: Goodra\n|\n|-weather|RainDance|[upkeep]\n|upkeep\n|\n|t:|1699723059\n|switch|p2a: Floatzel|Floatzel, M|100\/100\n|turn|5\n|\n|t:|1699723068\n|move|p2a: Floatzel|Wave Crash|p1a: Jolteon\n|-damage|p1a: Jolteon|0 fnt\n|faint|p1a: Jolteon\n|-damage|p2a: Floatzel|94\/100|[from] Recoil\n|\n|-weather|RainDance|[upkeep]\n|upkeep\n|\n|t:|1699723084\n|switch|p1a: Thundurus|Thundurus-Therian, M|100\/100\n|turn|6\n|\n|t:|1699723106\n|move|p2a: Floatzel|Wave Crash|p1a: Thundurus\n|-damage|p1a: Thundurus|0 fnt\n|faint|p1a: Thundurus\n|-damage|p2a: Floatzel|63\/100|[from] Recoil\n|\n|-weather|RainDance|[upkeep]\n|upkeep\n|\n|t:|1699723114\n|switch|p1a: Hoopa|Hoopa-Unbound|100\/100\n|turn|7\n|\n|t:|1699723130\n|switch|p1a: Diancie|Diancie|100\/100\n|move|p2a: Floatzel|Wave Crash|p1a: Diancie\n|-supereffective|p1a: Diancie\n|-damage|p1a: Diancie|0 fnt\n|faint|p1a: Diancie\n|-damage|p2a: Floatzel|32\/100|[from] Recoil\n|\n|-weather|RainDance|[upkeep]\n|upkeep\n|\n|t:|1699723171\n|switch|p1a: Hoopa|Hoopa-Unbound|100\/100\n|turn|8\n|\n|t:|1699723178\n|move|p2a: Floatzel|Wave Crash|p1a: Hoopa\n|-damage|p1a: Hoopa|0 fnt\n|faint|p1a: Hoopa\n|-damage|p2a: Floatzel|1\/100|[from] Recoil\n|\n|-weather|none\n|upkeep\n|\n|t:|1699723185\n|switch|p1a: Iron Moth|Iron Moth|100\/100\n|turn|9\n|\n|t:|1699723214\n|move|p2a: Floatzel|Wave Crash|p1a: Iron Moth\n|-supereffective|p1a: Iron Moth\n|-damage|p1a: Iron Moth|0 fnt\n|faint|p1a: Iron Moth\n|-end|p1a: Iron Moth|Quark Drive|[silent]\n|-damage|p2a: Floatzel|0 fnt|[from] Recoil\n|faint|p2a: Floatzel\n|\n|upkeep\n|\n|t:|1699723225\n|switch|p2a: Donphan|Donphan, M|100\/100\n|switch|p1a: Landorus|Landorus, M|100\/100\n|turn|10\n|\n|t:|1699723235\n|move|p2a: Donphan|Ice Shard|p1a: Landorus\n|-supereffective|p1a: Landorus\n|-damage|p1a: Landorus|28\/100\n|move|p1a: Landorus|Earthquake|p2a: Donphan\n|-damage|p2a: Donphan|43\/100\n|\n|upkeep\n|turn|11\n|\n|t:|1699723241\n|move|p2a: Donphan|Ice Shard|p1a: Landorus\n|-supereffective|p1a: Landorus\n|-damage|p1a: Landorus|0 fnt\n|faint|p1a: Landorus\n|\n|win|Zaack95\n|c|\u2606firapla|gg\n|c|\u2606Zaack95|gg\n","uploadtime":1699723248,"views":21,"p1id":"firapla","p2id":"zaack95","formatid":"gen9anythinggoes","rating":0,"private":0,"password":""}