{"id":"gen9anythinggoes-1985059215","p1":"game18","p2":"FAKE_Angle","format":"[Gen 9] Anything Goes","log":"|j|\u2606game18\n|j|\u2606FAKE_Angle\n|t:|1699325770\n|gametype|singles\n|player|p1|game18|ghetsis|1576\n|player|p2|FAKE_Angle|1|1611\n|teamsize|p1|6\n|teamsize|p2|6\n|gen|9\n|tier|[Gen 9] Anything Goes\n|rated|\n|rule|HP Percentage Mod: HP is shown in percentages\n|rule|Endless Battle Clause: Forcing endless battles is banned\n|clearpoke\n|poke|p1|Ting-Lu|\n|poke|p1|Arceus-Fairy|\n|poke|p1|Calyrex-Shadow|\n|poke|p1|Arceus|\n|poke|p1|Koraidon|\n|poke|p1|Toxapex, F|\n|poke|p2|Calyrex-Shadow|\n|poke|p2|Glimmora, M|\n|poke|p2|Arceus|\n|poke|p2|Arceus-Ground|\n|poke|p2|Arceus-Ground|\n|poke|p2|Koraidon|\n|teampreview\n|inactive|Battle timer is ON: inactive players will automatically lose when time's up. (requested by FAKE_Angle)\n|\n|t:|1699325801\n|start\n|switch|p1a: Arceus|Arceus-Fairy|100\/100\n|switch|p2a: Calyrex|Calyrex-Shadow|100\/100\n|-ability|p2a: Calyrex|As One\n|-ability|p2a: Calyrex|Unnerve\n|turn|1\n|\n|t:|1699325821\n|switch|p1a: Ting-Lu|Ting-Lu|100\/100\n|-ability|p1a: Ting-Lu|Vessel of Ruin\n|-terastallize|p2a: Calyrex|Normal\n|move|p2a: Calyrex|Astral Barrage|p1a: Ting-Lu\n|-resisted|p1a: Ting-Lu\n|-damage|p1a: Ting-Lu|85\/100\n|\n|-heal|p1a: Ting-Lu|91\/100|[from] item: Leftovers\n|upkeep\n|turn|2\n|\n|t:|1699325835\n|switch|p2a: Glimmora|Glimmora, M|100\/100\n|move|p1a: Ting-Lu|Stealth Rock|p2a: Glimmora\n|-sidestart|p2: FAKE_Angle|move: Stealth Rock\n|\n|-heal|p1a: Ting-Lu|97\/100|[from] item: Leftovers\n|upkeep\n|turn|3\n|\n|t:|1699325845\n|move|p2a: Glimmora|Mortal Spin|p1a: Ting-Lu\n|-resisted|p1a: Ting-Lu\n|-damage|p1a: Ting-Lu|96\/100\n|-status|p1a: Ting-Lu|psn\n|-sideend|p2: FAKE_Angle|Stealth Rock|[from] move: Mortal Spin|[of] p2a: Glimmora\n|move|p1a: Ting-Lu|Whirlwind|p2a: Glimmora\n|drag|p2a: Arceus|Arceus|100\/100\n|\n|-heal|p1a: Ting-Lu|100\/100 psn|[from] item: Leftovers\n|-damage|p1a: Ting-Lu|88\/100 psn|[from] psn\n|upkeep\n|turn|4\n|\n|t:|1699325860\n|switch|p1a: Toxapex|Toxapex, F|100\/100\n|move|p2a: Arceus|Shadow Claw|p1a: Toxapex\n|-crit|p1a: Toxapex\n|-damage|p1a: Toxapex|81\/100\n|-damage|p2a: Arceus|84\/100|[from] item: Rocky Helmet|[of] p1a: Toxapex\n|\n|-heal|p2a: Arceus|90\/100|[from] item: Leftovers\n|upkeep\n|turn|5\n|\n|t:|1699325872\n|move|p1a: Toxapex|Toxic Spikes|p2a: Arceus\n|-sidestart|p2: FAKE_Angle|move: Toxic Spikes\n|move|p2a: Arceus|Roar|p1a: Toxapex\n|drag|p1a: Arceus|Arceus-Fairy|100\/100\n|\n|-heal|p2a: Arceus|96\/100|[from] item: Leftovers\n|upkeep\n|turn|6\n|\n|t:|1699325881\n|switch|p2a: Glimmora|Glimmora, M|100\/100\n|-sideend|p2: FAKE_Angle|move: Toxic Spikes|[of] p2a: Glimmora\n|move|p1a: Arceus|Taunt|p2a: Glimmora\n|-start|p2a: Glimmora|move: Taunt\n|\n|upkeep\n|turn|7\n|\n|t:|1699325890\n|switch|p1a: Toxapex|Toxapex, F|100\/100\n|move|p2a: Glimmora|Mortal Spin|p1a: Toxapex\n|-resisted|p1a: Toxapex\n|-damage|p1a: Toxapex|99\/100\n|-damage|p2a: Glimmora|84\/100|[from] item: Rocky Helmet|[of] p1a: Toxapex\n|\n|upkeep\n|turn|8\n|\n|t:|1699325898\n|switch|p2a: Koraidon|Koraidon|100\/100\n|-weather|SunnyDay|[from] ability: Orichalcum Pulse|[of] p2a: Koraidon\n|-activate|p2a: Koraidon|Orichalcum Pulse|[source]\n|move|p1a: Toxapex|Toxic Spikes|p2a: Koraidon\n|-sidestart|p2: FAKE_Angle|move: Toxic Spikes\n|\n|-weather|SunnyDay|[upkeep]\n|upkeep\n|turn|9\n|\n|t:|1699325908\n|move|p2a: Koraidon|Flare Blitz|p1a: Toxapex\n|-resisted|p1a: Toxapex\n|-damage|p1a: Toxapex|72\/100\n|-damage|p2a: Koraidon|84\/100|[from] item: Rocky Helmet|[of] p1a: Toxapex\n|-damage|p2a: Koraidon|76\/100|[from] Recoil\n|move|p1a: Toxapex|Chilling Water|p2a: Koraidon\n|-resisted|p2a: Koraidon\n|-damage|p2a: Koraidon|74\/100\n|-unboost|p2a: Koraidon|atk|1\n|\n|-weather|SunnyDay|[upkeep]\n|upkeep\n|turn|10\n|\n|t:|1699325921\n|switch|p2a: Glimmora|Glimmora, M|84\/100\n|-sideend|p2: FAKE_Angle|move: Toxic Spikes|[of] p2a: Glimmora\n|move|p1a: Toxapex|Recover|p1a: Toxapex\n|-heal|p1a: Toxapex|100\/100\n|\n|-weather|SunnyDay|[upkeep]\n|upkeep\n|turn|11\n|\n|t:|1699325946\n|switch|p2a: Koraidon|Koraidon|74\/100\n|-activate|p2a: Koraidon|ability: Orichalcum Pulse\n|move|p1a: Toxapex|Toxic Spikes|p2a: Koraidon\n|-sidestart|p2: FAKE_Angle|move: Toxic Spikes\n|\n|-weather|SunnyDay|[upkeep]\n|upkeep\n|turn|12\n|\n|t:|1699325955\n|move|p2a: Koraidon|Wild Charge|p1a: Toxapex\n|-supereffective|p1a: Toxapex\n|-damage|p1a: Toxapex|46\/100\n|-damage|p2a: Koraidon|57\/100|[from] item: Rocky Helmet|[of] p1a: Toxapex\n|-damage|p2a: Koraidon|45\/100|[from] Recoil\n|move|p1a: Toxapex|Chilling Water|p2a: Koraidon\n|-resisted|p2a: Koraidon\n|-damage|p2a: Koraidon|43\/100\n|-unboost|p2a: Koraidon|atk|1\n|\n|-weather|none\n|upkeep\n|turn|13\n|\n|t:|1699325966\n|switch|p2a: Glimmora|Glimmora, M|84\/100\n|-sideend|p2: FAKE_Angle|move: Toxic Spikes|[of] p2a: Glimmora\n|move|p1a: Toxapex|Recover|p1a: Toxapex\n|-heal|p1a: Toxapex|97\/100\n|\n|upkeep\n|turn|14\n|\n|t:|1699325983\n|switch|p2a: Calyrex|Calyrex-Shadow, tera:Normal|100\/100\n|-ability|p2a: Calyrex|As One\n|-ability|p2a: Calyrex|Unnerve\n|move|p1a: Toxapex|Toxic Spikes|p2a: Calyrex\n|-sidestart|p2: FAKE_Angle|move: Toxic Spikes\n|\n|upkeep\n|turn|15\n|\n|t:|1699325994\n|switch|p1a: Ting-Lu|Ting-Lu|88\/100 psn\n|-ability|p1a: Ting-Lu|Vessel of Ruin\n|move|p2a: Calyrex|Energy Ball|p1a: Ting-Lu\n|-supereffective|p1a: Ting-Lu\n|-damage|p1a: Ting-Lu|57\/100 psn\n|\n|-heal|p1a: Ting-Lu|63\/100 psn|[from] item: Leftovers\n|-damage|p1a: Ting-Lu|50\/100 psn|[from] psn\n|upkeep\n|turn|16\n|\n|t:|1699326011\n|move|p2a: Calyrex|Energy Ball|p1a: Ting-Lu\n|-supereffective|p1a: Ting-Lu\n|-damage|p1a: Ting-Lu|18\/100 psn\n|move|p1a: Ting-Lu|Ruination|p2a: Calyrex\n|-damage|p2a: Calyrex|50\/100\n|\n|-heal|p1a: Ting-Lu|24\/100 psn|[from] item: Leftovers\n|-damage|p1a: Ting-Lu|11\/100 psn|[from] psn\n|upkeep\n|turn|17\n|\n|t:|1699326022\n|move|p2a: Calyrex|Energy Ball|p1a: Ting-Lu\n|-supereffective|p1a: Ting-Lu\n|-damage|p1a: Ting-Lu|0 fnt\n|faint|p1a: Ting-Lu\n|-ability|p2a: Calyrex|Grim Neigh|boost\n|-boost|p2a: Calyrex|spa|1\n|\n|upkeep\n|\n|t:|1699326027\n|switch|p1a: Arceus|Arceus|100\/100\n|turn|18\n|\n|t:|1699326033\n|switch|p2a: Glimmora|Glimmora, M|84\/100\n|-sideend|p2: FAKE_Angle|move: Toxic Spikes|[of] p2a: Glimmora\n|move|p1a: Arceus|Extreme Speed|p2a: Glimmora\n|-resisted|p2a: Glimmora\n|-crit|p2a: Glimmora\n|-damage|p2a: Glimmora|43\/100\n|-activate|p2a: Glimmora|ability: Toxic Debris\n|-sidestart|p1: game18|move: Toxic Spikes\n|\n|upkeep\n|turn|19\n|\n|t:|1699326050\n|switch|p2a: Arceus|Arceus-Ground|100\/100\n|move|p1a: Arceus|Extreme Speed|p2a: Arceus\n|-damage|p2a: Arceus|66\/100\n|\n|upkeep\n|turn|20\n|\n|t:|1699326069\n|move|p2a: Arceus|Judgment|p1a: Arceus\n|-damage|p1a: Arceus|64\/100\n|move|p1a: Arceus|Swords Dance|p1a: Arceus\n|-boost|p1a: Arceus|atk|2\n|\n|upkeep\n|turn|21\n|inactive|FAKE_Angle has 120 seconds left.\n|\n|t:|1699326094\n|move|p1a: Arceus|Extreme Speed|p2a: Arceus\n|-damage|p2a: Arceus|0 fnt\n|faint|p2a: Arceus\n|\n|upkeep\n|inactive|FAKE_Angle has 120 seconds left.\n|\n|t:|1699326103\n|switch|p2a: Arceus|Arceus|96\/100\n|turn|22\n|\n|t:|1699326110\n|move|p1a: Arceus|Extreme Speed|p2a: Arceus\n|-damage|p2a: Arceus|24\/100\n|move|p2a: Arceus|Roar|p1a: Arceus\n|drag|p1a: Arceus|Arceus-Fairy|100\/100\n|-status|p1a: Arceus|psn\n|\n|-heal|p2a: Arceus|30\/100|[from] item: Leftovers\n|-damage|p1a: Arceus|88\/100 psn|[from] psn\n|upkeep\n|turn|23\n|\n|t:|1699326121\n|switch|p2a: Arceus|Arceus-Ground|100\/100\n|move|p1a: Arceus|Judgment|p2a: Arceus\n|-damage|p2a: Arceus|63\/100\n|\n|-damage|p1a: Arceus|76\/100 psn|[from] psn\n|upkeep\n|turn|24\n|j|+cromagnet\n|\n|t:|1699326143\n|switch|p1a: Toxapex|Toxapex, F|100\/100\n|-sideend|p1: game18|move: Toxic Spikes|[of] p1a: Toxapex\n|move|p2a: Arceus|Calm Mind|p2a: Arceus\n|-boost|p2a: Arceus|spa|1\n|-boost|p2a: Arceus|spd|1\n|\n|upkeep\n|turn|25\n|\n|t:|1699326157\n|-terastallize|p1a: Toxapex|Fairy\n|move|p2a: Arceus|Judgment|p1a: Toxapex\n|-damage|p1a: Toxapex|21\/100\n|move|p1a: Toxapex|Haze|p1a: Toxapex\n|-clearallboost\n|\n|upkeep\n|turn|26\n|\n|t:|1699326173\n|switch|p1a: Koraidon|Koraidon|100\/100\n|-weather|SunnyDay|[from] ability: Orichalcum Pulse|[of] p1a: Koraidon\n|-activate|p1a: Koraidon|Orichalcum Pulse|[source]\n|move|p2a: Arceus|Judgment|p1a: Koraidon\n|-damage|p1a: Koraidon|45\/100\n|\n|-weather|SunnyDay|[upkeep]\n|upkeep\n|turn|27\n|\n|t:|1699326185\n|switch|p2a: Glimmora|Glimmora, M|43\/100\n|move|p1a: Koraidon|Flare Blitz|p2a: Glimmora\n|-resisted|p2a: Glimmora\n|-damage|p2a: Glimmora|0 fnt\n|-activate|p2a: Glimmora|ability: Toxic Debris\n|-sidestart|p1: game18|move: Toxic Spikes\n|faint|p2a: Glimmora\n|-damage|p1a: Koraidon|32\/100|[from] Recoil\n|\n|-weather|SunnyDay|[upkeep]\n|upkeep\n|\n|t:|1699326193\n|switch|p2a: Calyrex|Calyrex-Shadow, tera:Normal|50\/100\n|-ability|p2a: Calyrex|As One\n|-ability|p2a: Calyrex|Unnerve\n|turn|28\n|\n|t:|1699326208\n|switch|p1a: Arceus|Arceus|64\/100\n|move|p2a: Calyrex|Psychic|p1a: Arceus\n|-damage|p1a: Arceus|26\/100\n|\n|-weather|SunnyDay|[upkeep]\n|upkeep\n|turn|29\n|\n|t:|1699326217\n|move|p1a: Arceus|Extreme Speed|p2a: Calyrex\n|-damage|p2a: Calyrex|0 fnt\n|faint|p2a: Calyrex\n|\n|-weather|SunnyDay|[upkeep]\n|upkeep\n|\n|t:|1699326229\n|switch|p2a: Arceus|Arceus|30\/100\n|turn|30\n|\n|t:|1699326246\n|move|p2a: Arceus|Extreme Speed|p1a: Arceus\n|-damage|p1a: Arceus|0 fnt\n|faint|p1a: Arceus\n|\n|-weather|none\n|-heal|p2a: Arceus|36\/100|[from] item: Leftovers\n|upkeep\n|inactive|game18 has 120 seconds left.\n|\n|t:|1699326266\n|switch|p1a: Koraidon|Koraidon|32\/100\n|-status|p1a: Koraidon|psn\n|-weather|SunnyDay|[from] ability: Orichalcum Pulse|[of] p1a: Koraidon\n|-activate|p1a: Koraidon|Orichalcum Pulse|[source]\n|turn|31\n|inactive|game18 has 120 seconds left.\n|\n|t:|1699326276\n|switch|p1a: Toxapex|Toxapex, F, tera:Fairy|55\/100\n|-status|p1a: Toxapex|psn\n|move|p2a: Arceus|Extreme Speed|p1a: Toxapex\n|-damage|p1a: Toxapex|31\/100 psn\n|-damage|p2a: Arceus|20\/100|[from] item: Rocky Helmet|[of] p1a: Toxapex\n|\n|-weather|SunnyDay|[upkeep]\n|-heal|p2a: Arceus|26\/100|[from] item: Leftovers\n|-damage|p1a: Toxapex|19\/100 psn|[from] psn\n|upkeep\n|turn|32\n|inactive|game18 has 120 seconds left.\n|\n|t:|1699326289\n|move|p2a: Arceus|Shadow Claw|p1a: Toxapex\n|-damage|p1a: Toxapex|4\/100 psn\n|-damage|p2a: Arceus|9\/100|[from] item: Rocky Helmet|[of] p1a: Toxapex\n|move|p1a: Toxapex|Toxic Spikes|p2a: Arceus\n|-sidestart|p2: FAKE_Angle|move: Toxic Spikes\n|\n|-weather|SunnyDay|[upkeep]\n|-heal|p2a: Arceus|15\/100|[from] item: Leftovers\n|-damage|p1a: Toxapex|0 fnt|[from] psn\n|faint|p1a: Toxapex\n|upkeep\n|inactive|game18 has 120 seconds left.\n|\n|t:|1699326305\n|switch|p1a: Calyrex|Calyrex-Shadow|100\/100\n|-ability|p1a: Calyrex|As One\n|-ability|p1a: Calyrex|Unnerve\n|-status|p1a: Calyrex|psn\n|turn|33\n|\n|t:|1699326323\n|switch|p2a: Arceus|Arceus-Ground|63\/100\n|-status|p2a: Arceus|psn\n|move|p1a: Calyrex|Psyshock|p2a: Arceus\n|-damage|p2a: Arceus|22\/100 psn\n|\n|-weather|SunnyDay|[upkeep]\n|-damage|p1a: Calyrex|88\/100 psn|[from] psn\n|-damage|p2a: Arceus|10\/100 psn|[from] psn\n|upkeep\n|turn|34\n|inactive|game18 has 120 seconds left.\n|\n|t:|1699326333\n|move|p1a: Calyrex|Psyshock|p2a: Arceus\n|-damage|p2a: Arceus|0 fnt\n|faint|p2a: Arceus\n|-ability|p1a: Calyrex|Grim Neigh|boost\n|-boost|p1a: Calyrex|spa|1\n|\n|-weather|SunnyDay|[upkeep]\n|-damage|p1a: Calyrex|76\/100 psn|[from] psn\n|upkeep\n|\n|t:|1699326336\n|switch|p2a: Koraidon|Koraidon|43\/100\n|-status|p2a: Koraidon|psn\n|-activate|p2a: Koraidon|ability: Orichalcum Pulse\n|turn|35\n|inactive|game18 has 120 seconds left.\n|\n|t:|1699326356\n|move|p1a: Calyrex|Psyshock|p2a: Koraidon\n|-supereffective|p2a: Koraidon\n|-damage|p2a: Koraidon|0 fnt\n|faint|p2a: Koraidon\n|-ability|p1a: Calyrex|Grim Neigh|boost\n|-boost|p1a: Calyrex|spa|1\n|\n|-weather|none\n|-damage|p1a: Calyrex|64\/100 psn|[from] psn\n|upkeep\n|\n|t:|1699326374\n|switch|p2a: Arceus|Arceus|15\/100\n|-status|p2a: Arceus|psn\n|turn|36\n|-message|FAKE_Angle forfeited.\n|\n|win|game18\n|raw|game18's rating: 1576 &rarr; <strong>1598<\/strong><br \/>(+22 for winning)\n|raw|FAKE_Angle's rating: 1611 &rarr; <strong>1589<\/strong><br \/>(-22 for losing)\n|l|+cromagnet\n","uploadtime":1699326392,"views":8,"p1id":"game18","p2id":"fakeangle","formatid":"gen9anythinggoes","rating":1589,"private":0,"password":""}