{"id":"gen9anythinggoes-1982728545","p1":"TanPadeusz","p2":"Wixu","format":"[Gen 9] Anything Goes","log":"|j|\u2606TanPadeusz\n|j|\u2606Wixu\n|t:|1699039415\n|gametype|singles\n|player|p1|TanPadeusz|giovanni|\n|player|p2|Wixu|265|\n|teamsize|p1|6\n|teamsize|p2|6\n|gen|9\n|tier|[Gen 9] Anything Goes\n|rule|HP Percentage Mod: HP is shown in percentages\n|rule|Endless Battle Clause: Forcing endless battles is banned\n|clearpoke\n|poke|p1|Gallade, M|\n|poke|p1|Tinkaton, F|\n|poke|p1|Toxapex, M|\n|poke|p1|Gliscor, M|\n|poke|p1|Zoroark-Hisui, F|\n|poke|p1|Hydreigon, F|\n|poke|p2|Charizard, F|\n|poke|p2|Vaporeon, M|\n|poke|p2|Falinks|\n|poke|p2|Kommo-o, F|\n|poke|p2|Toxicroak, F|\n|poke|p2|Heracross, F|\n|teampreview\n|\n|t:|1699039438\n|start\n|switch|p1a: Toxapex|Toxapex, M|100\/100\n|switch|p2a: Kommo-o|Kommo-o, F|100\/100\n|turn|1\n|\n|t:|1699039445\n|move|p2a: Kommo-o|Close Combat|p1a: Toxapex\n|-resisted|p1a: Toxapex\n|-damage|p1a: Toxapex|83\/100\n|-unboost|p2a: Kommo-o|def|1\n|-unboost|p2a: Kommo-o|spd|1\n|move|p1a: Toxapex|Toxic|p2a: Kommo-o\n|-status|p2a: Kommo-o|tox\n|\n|-heal|p1a: Toxapex|89\/100|[from] item: Black Sludge\n|-damage|p2a: Kommo-o|94\/100 tox|[from] psn\n|upkeep\n|turn|2\n|\n|t:|1699039471\n|-terastallize|p2a: Kommo-o|Dragon\n|move|p2a: Kommo-o|Body Slam|p1a: Toxapex\n|-damage|p1a: Toxapex|72\/100\n|move|p1a: Toxapex|Toxic Spikes|p2a: Kommo-o\n|-sidestart|p2: Wixu|move: Toxic Spikes\n|\n|-heal|p2a: Kommo-o|100\/100 tox|[from] item: Leftovers\n|-heal|p1a: Toxapex|78\/100|[from] item: Black Sludge\n|-damage|p2a: Kommo-o|88\/100 tox|[from] psn\n|upkeep\n|turn|3\n|\n|t:|1699039482\n|move|p1a: Toxapex|Baneful Bunker|p1a: Toxapex\n|-singleturn|p1a: Toxapex|move: Protect\n|move|p2a: Kommo-o|Body Slam|p1a: Toxapex\n|-activate|p1a: Toxapex|move: Protect\n|\n|-heal|p2a: Kommo-o|94\/100 tox|[from] item: Leftovers\n|-heal|p1a: Toxapex|84\/100|[from] item: Black Sludge\n|-damage|p2a: Kommo-o|76\/100 tox|[from] psn\n|upkeep\n|turn|4\n|\n|t:|1699039492\n|move|p2a: Kommo-o|Body Slam|p1a: Toxapex\n|-damage|p1a: Toxapex|66\/100\n|move|p1a: Toxapex|Recover|p1a: Toxapex\n|-heal|p1a: Toxapex|100\/100\n|\n|-heal|p2a: Kommo-o|82\/100 tox|[from] item: Leftovers\n|-damage|p2a: Kommo-o|57\/100 tox|[from] psn\n|upkeep\n|turn|5\n|\n|t:|1699039501\n|move|p1a: Toxapex|Baneful Bunker|p1a: Toxapex\n|-singleturn|p1a: Toxapex|move: Protect\n|move|p2a: Kommo-o|Swords Dance|p2a: Kommo-o\n|-boost|p2a: Kommo-o|atk|2\n|\n|-heal|p2a: Kommo-o|63\/100 tox|[from] item: Leftovers\n|-damage|p2a: Kommo-o|32\/100 tox|[from] psn\n|upkeep\n|turn|6\n|\n|t:|1699039514\n|move|p2a: Kommo-o|Close Combat|p1a: Toxapex\n|-resisted|p1a: Toxapex\n|-damage|p1a: Toxapex|65\/100\n|-unboost|p2a: Kommo-o|def|1\n|-unboost|p2a: Kommo-o|spd|1\n|move|p1a: Toxapex|Recover|p1a: Toxapex\n|-heal|p1a: Toxapex|100\/100\n|\n|-heal|p2a: Kommo-o|39\/100 tox|[from] item: Leftovers\n|-damage|p2a: Kommo-o|2\/100 tox|[from] psn\n|upkeep\n|turn|7\n|\n|t:|1699039526\n|move|p1a: Toxapex|Baneful Bunker|p1a: Toxapex\n|-singleturn|p1a: Toxapex|move: Protect\n|move|p2a: Kommo-o|Close Combat|p1a: Toxapex\n|-activate|p1a: Toxapex|move: Protect\n|\n|-heal|p2a: Kommo-o|8\/100 tox|[from] item: Leftovers\n|-damage|p2a: Kommo-o|0 fnt|[from] psn\n|faint|p2a: Kommo-o\n|upkeep\n|\n|t:|1699039540\n|switch|p2a: Toxicroak|Toxicroak, F|100\/100\n|-sideend|p2: Wixu|move: Toxic Spikes|[of] p2a: Toxicroak\n|turn|8\n|\n|t:|1699039546\n|switch|p1a: Gliscor|Gliscor, M|100\/100\n|move|p2a: Toxicroak|Counter||[still]\n|-fail|p2a: Toxicroak\n|\n|-status|p1a: Gliscor|tox|[from] item: Toxic Orb\n|upkeep\n|turn|9\n|\n|t:|1699039555\n|move|p1a: Gliscor|Earthquake|p2a: Toxicroak\n|-supereffective|p2a: Toxicroak\n|-damage|p2a: Toxicroak|0 fnt\n|faint|p2a: Toxicroak\n|\n|upkeep\n|\n|t:|1699039561\n|switch|p2a: Charizard|Charizard, F|100\/100\n|turn|10\n|\n|t:|1699039567\n|switch|p1a: Toxapex|Toxapex, M|100\/100\n|move|p2a: Charizard|Air Slash|p1a: Toxapex\n|-damage|p1a: Toxapex|74\/100\n|\n|-heal|p1a: Toxapex|80\/100|[from] item: Black Sludge\n|upkeep\n|turn|11\n|\n|t:|1699039576\n|move|p2a: Charizard|Fire Blast|p1a: Toxapex\n|-resisted|p1a: Toxapex\n|-damage|p1a: Toxapex|61\/100\n|move|p1a: Toxapex|Toxic|p2a: Charizard\n|-status|p2a: Charizard|tox\n|\n|-heal|p1a: Toxapex|67\/100|[from] item: Black Sludge\n|-damage|p2a: Charizard|94\/100 tox|[from] psn\n|upkeep\n|turn|12\n|\n|t:|1699039588\n|move|p2a: Charizard|Fire Spin|p1a: Toxapex\n|-resisted|p1a: Toxapex\n|-damage|p1a: Toxapex|62\/100\n|-activate|p1a: Toxapex|move: Fire Spin|[of] p2a: Charizard\n|move|p1a: Toxapex|Toxic Spikes|p2a: Charizard\n|-sidestart|p2: Wixu|move: Toxic Spikes\n|\n|-heal|p2a: Charizard|100\/100 tox|[from] item: Leftovers\n|-heal|p1a: Toxapex|68\/100|[from] item: Black Sludge\n|-damage|p2a: Charizard|88\/100 tox|[from] psn\n|-damage|p1a: Toxapex|55\/100|[from] move: Fire Spin|[partiallytrapped]\n|upkeep\n|turn|13\n|\n|t:|1699039598\n|move|p1a: Toxapex|Baneful Bunker|p1a: Toxapex\n|-singleturn|p1a: Toxapex|move: Protect\n|move|p2a: Charizard|Fire Blast|p1a: Toxapex\n|-activate|p1a: Toxapex|move: Protect\n|\n|-heal|p2a: Charizard|94\/100 tox|[from] item: Leftovers\n|-heal|p1a: Toxapex|62\/100|[from] item: Black Sludge\n|-damage|p2a: Charizard|76\/100 tox|[from] psn\n|-damage|p1a: Toxapex|49\/100|[from] move: Fire Spin|[partiallytrapped]\n|upkeep\n|turn|14\n|\n|t:|1699039613\n|move|p2a: Charizard|Fire Blast|p1a: Toxapex\n|-resisted|p1a: Toxapex\n|-damage|p1a: Toxapex|29\/100\n|move|p1a: Toxapex|Recover|p1a: Toxapex\n|-heal|p1a: Toxapex|79\/100\n|\n|-heal|p2a: Charizard|82\/100 tox|[from] item: Leftovers\n|-heal|p1a: Toxapex|86\/100|[from] item: Black Sludge\n|-damage|p2a: Charizard|58\/100 tox|[from] psn\n|-damage|p1a: Toxapex|73\/100|[from] move: Fire Spin|[partiallytrapped]\n|upkeep\n|turn|15\n|\n|t:|1699039627\n|move|p1a: Toxapex|Baneful Bunker|p1a: Toxapex\n|-singleturn|p1a: Toxapex|move: Protect\n|move|p2a: Charizard|Earthquake|p1a: Toxapex\n|-activate|p1a: Toxapex|move: Protect\n|\n|-heal|p2a: Charizard|64\/100 tox|[from] item: Leftovers\n|-heal|p1a: Toxapex|79\/100|[from] item: Black Sludge\n|-damage|p2a: Charizard|34\/100 tox|[from] psn\n|-damage|p1a: Toxapex|67\/100|[from] move: Fire Spin|[partiallytrapped]\n|upkeep\n|turn|16\n|\n|t:|1699039637\n|move|p2a: Charizard|Earthquake|p1a: Toxapex\n|-supereffective|p1a: Toxapex\n|-damage|p1a: Toxapex|37\/100\n|move|p1a: Toxapex|Recover|p1a: Toxapex\n|-heal|p1a: Toxapex|87\/100\n|\n|-heal|p2a: Charizard|40\/100 tox|[from] item: Leftovers\n|-heal|p1a: Toxapex|93\/100|[from] item: Black Sludge\n|-damage|p2a: Charizard|4\/100 tox|[from] psn\n|-damage|p1a: Toxapex|80\/100|[from] move: Fire Spin|[partiallytrapped]\n|upkeep\n|turn|17\n|\n|t:|1699039648\n|move|p1a: Toxapex|Baneful Bunker|p1a: Toxapex\n|-singleturn|p1a: Toxapex|move: Protect\n|move|p2a: Charizard|Earthquake|p1a: Toxapex\n|-activate|p1a: Toxapex|move: Protect\n|\n|-heal|p2a: Charizard|10\/100 tox|[from] item: Leftovers\n|-heal|p1a: Toxapex|87\/100|[from] item: Black Sludge\n|-damage|p2a: Charizard|0 fnt|[from] psn\n|faint|p2a: Charizard\n|-end|p1a: Toxapex|Fire Spin|[partiallytrapped]\n|upkeep\n|\n|t:|1699039661\n|switch|p2a: Falinks|Falinks|100\/100\n|-status|p2a: Falinks|psn\n|turn|18\n|\n|t:|1699039682\n|move|p2a: Falinks|Brick Break|p1a: Toxapex\n|-resisted|p1a: Toxapex\n|-damage|p1a: Toxapex|76\/100\n|move|p1a: Toxapex|Toxic||[still]\n|-fail|p1a: Toxapex\n|\n|-heal|p1a: Toxapex|82\/100|[from] item: Black Sludge\n|-damage|p2a: Falinks|88\/100 psn|[from] psn\n|upkeep\n|turn|19\n|\n|t:|1699039704\n|move|p2a: Falinks|Facade|p1a: Toxapex\n|-damage|p1a: Toxapex|54\/100\n|move|p1a: Toxapex|Toxic Spikes|p2a: Falinks\n|-sidestart|p2: Wixu|move: Toxic Spikes\n|\n|-heal|p2a: Falinks|94\/100 psn|[from] item: Leftovers\n|-heal|p1a: Toxapex|60\/100|[from] item: Black Sludge\n|-damage|p2a: Falinks|82\/100 psn|[from] psn\n|upkeep\n|turn|20\n|\n|t:|1699039717\n|move|p1a: Toxapex|Baneful Bunker|p1a: Toxapex\n|-singleturn|p1a: Toxapex|move: Protect\n|move|p2a: Falinks|Body Press|p1a: Toxapex\n|-activate|p1a: Toxapex|move: Protect\n|\n|-heal|p2a: Falinks|88\/100 psn|[from] item: Leftovers\n|-heal|p1a: Toxapex|66\/100|[from] item: Black Sludge\n|-damage|p2a: Falinks|76\/100 psn|[from] psn\n|upkeep\n|turn|21\n|\n|t:|1699039728\n|switch|p1a: Hydreigon|Hydreigon, F|100\/100\n|move|p2a: Falinks|Body Press|p1a: Hydreigon\n|-immune|p1a: Hydreigon\n|\n|-heal|p2a: Falinks|82\/100 psn|[from] item: Leftovers\n|-damage|p2a: Falinks|69\/100 psn|[from] psn\n|upkeep\n|turn|22\n|\n|t:|1699039745\n|move|p1a: Hydreigon|Agility|p1a: Hydreigon\n|-boost|p1a: Hydreigon|spe|2\n|move|p2a: Falinks|Facade|p1a: Hydreigon\n|-immune|p1a: Hydreigon\n|\n|-heal|p2a: Falinks|75\/100 psn|[from] item: Leftovers\n|-damage|p2a: Falinks|63\/100 psn|[from] psn\n|upkeep\n|turn|23\n|\n|t:|1699039756\n|switch|p2a: Heracross|Heracross, F|100\/100\n|-status|p2a: Heracross|tox\n|move|p1a: Hydreigon|Calm Mind|p1a: Hydreigon\n|-boost|p1a: Hydreigon|spa|1\n|-boost|p1a: Hydreigon|spd|1\n|\n|-damage|p2a: Heracross|94\/100 tox|[from] psn\n|upkeep\n|turn|24\n|\n|t:|1699039767\n|move|p1a: Hydreigon|Calm Mind|p1a: Hydreigon\n|-boost|p1a: Hydreigon|spa|1\n|-boost|p1a: Hydreigon|spd|1\n|move|p2a: Heracross|Earthquake|p1a: Hydreigon\n|-damage|p1a: Hydreigon|28\/100\n|replace|p1a: Zoroark|Zoroark-Hisui, F\n|-end|p1a: Zoroark|Illusion\n|\n|-heal|p2a: Heracross|100\/100 tox|[from] item: Leftovers\n|-damage|p2a: Heracross|88\/100 tox|[from] psn\n|upkeep\n|turn|25\n|\n|t:|1699039785\n|switch|p1a: Toxapex|Toxapex, M|99\/100\n|move|p2a: Heracross|Earthquake|p1a: Toxapex\n|-supereffective|p1a: Toxapex\n|-crit|p1a: Toxapex\n|-damage|p1a: Toxapex|34\/100\n|\n|-heal|p2a: Heracross|94\/100 tox|[from] item: Leftovers\n|-heal|p1a: Toxapex|40\/100|[from] item: Black Sludge\n|-damage|p2a: Heracross|76\/100 tox|[from] psn\n|upkeep\n|turn|26\n|\n|t:|1699039797\n|move|p1a: Toxapex|Baneful Bunker|p1a: Toxapex\n|-singleturn|p1a: Toxapex|move: Protect\n|move|p2a: Heracross|Close Combat|p1a: Toxapex\n|-activate|p1a: Toxapex|move: Protect\n|\n|-heal|p2a: Heracross|82\/100 tox|[from] item: Leftovers\n|-heal|p1a: Toxapex|46\/100|[from] item: Black Sludge\n|-damage|p2a: Heracross|57\/100 tox|[from] psn\n|upkeep\n|turn|27\n|\n|t:|1699039814\n|switch|p1a: Hydreigon|Hydreigon, F|28\/100\n|move|p2a: Heracross|Earthquake|p1a: Hydreigon\n|-damage|p1a: Hydreigon|0 fnt\n|replace|p1a: Zoroark|Zoroark-Hisui, F\n|-end|p1a: Zoroark|Illusion\n|faint|p1a: Zoroark\n|\n|-heal|p2a: Heracross|63\/100 tox|[from] item: Leftovers\n|-damage|p2a: Heracross|33\/100 tox|[from] psn\n|upkeep\n|\n|t:|1699039824\n|switch|p1a: Toxapex|Toxapex, M|79\/100\n|turn|28\n|\n|t:|1699039827\n|move|p1a: Toxapex|Baneful Bunker|p1a: Toxapex\n|-singleturn|p1a: Toxapex|move: Protect\n|move|p2a: Heracross|Earthquake|p1a: Toxapex\n|-activate|p1a: Toxapex|move: Protect\n|\n|-heal|p2a: Heracross|39\/100 tox|[from] item: Leftovers\n|-heal|p1a: Toxapex|86\/100|[from] item: Black Sludge\n|-damage|p2a: Heracross|2\/100 tox|[from] psn\n|upkeep\n|turn|29\n|\n|t:|1699039837\n|move|p2a: Heracross|Earthquake|p1a: Toxapex\n|-supereffective|p1a: Toxapex\n|-damage|p1a: Toxapex|39\/100\n|move|p1a: Toxapex|Recover|p1a: Toxapex\n|-heal|p1a: Toxapex|89\/100\n|\n|-heal|p2a: Heracross|8\/100 tox|[from] item: Leftovers\n|-heal|p1a: Toxapex|96\/100|[from] item: Black Sludge\n|-damage|p2a: Heracross|0 fnt|[from] psn\n|faint|p2a: Heracross\n|upkeep\n|\n|t:|1699039850\n|switch|p2a: Falinks|Falinks|63\/100 psn\n|turn|30\n|\n|t:|1699039874\n|switch|p1a: Gallade|Gallade, M|100\/100\n|move|p2a: Falinks|Facade|p1a: Gallade\n|-damage|p1a: Gallade|28\/100\n|\n|-heal|p2a: Falinks|69\/100 psn|[from] item: Leftovers\n|-damage|p2a: Falinks|57\/100 psn|[from] psn\n|upkeep\n|turn|31\n|\n|t:|1699039883\n|move|p1a: Gallade|Psycho Cut|p2a: Falinks\n|-supereffective|p2a: Falinks\n|-damage|p2a: Falinks|0 fnt\n|faint|p2a: Falinks\n|-damage|p1a: Gallade|18\/100|[from] item: Life Orb\n|\n|upkeep\n|\n|t:|1699039890\n|switch|p2a: Vaporeon|Vaporeon, M|100\/100\n|-status|p2a: Vaporeon|tox\n|turn|32\n|\n|t:|1699039904\n|switch|p1a: Hydreigon|Hydreigon, F|100\/100\n|move|p2a: Vaporeon|Hydro Pump|p1a: Hydreigon|[miss]\n|-miss|p2a: Vaporeon|p1a: Hydreigon\n|\n|-damage|p2a: Vaporeon|94\/100 tox|[from] psn\n|upkeep\n|turn|33\n|\n|t:|1699039921\n|move|p1a: Hydreigon|Crunch|p2a: Vaporeon\n|-damage|p2a: Vaporeon|56\/100 tox\n|move|p2a: Vaporeon|Hydro Pump|p1a: Hydreigon|[miss]\n|-miss|p2a: Vaporeon|p1a: Hydreigon\n|\n|-heal|p2a: Vaporeon|62\/100 tox|[from] item: Leftovers\n|-damage|p2a: Vaporeon|50\/100 tox|[from] psn\n|upkeep\n|turn|34\n|\n|t:|1699039931\n|move|p1a: Hydreigon|Crunch|p2a: Vaporeon\n|-damage|p2a: Vaporeon|10\/100 tox\n|move|p2a: Vaporeon|Hydro Pump|p1a: Hydreigon\n|-resisted|p1a: Hydreigon\n|-damage|p1a: Hydreigon|78\/100\n|\n|-heal|p2a: Vaporeon|17\/100 tox|[from] item: Leftovers\n|-damage|p2a: Vaporeon|0 fnt|[from] psn\n|faint|p2a: Vaporeon\n|\n|win|TanPadeusz\n|upkeep\n","uploadtime":1699039942,"views":8,"p1id":"tanpadeusz","p2id":"wixu","formatid":"gen9anythinggoes","rating":0,"private":0,"password":""}