{"id":"gen9anythinggoes-1977268969","p1":"loquesea27","p2":"Insomniac89","format":"[Gen 9] Anything Goes","log":"|j|\u2606loquesea27\n|j|\u2606Insomniac89\n|t:|1698396877\n|gametype|singles\n|player|p1|loquesea27|roxie|1218\n|player|p2|Insomniac89|colress|1058\n|teamsize|p1|6\n|teamsize|p2|6\n|gen|9\n|tier|[Gen 9] Anything Goes\n|rated|\n|rule|HP Percentage Mod: HP is shown in percentages\n|rule|Endless Battle Clause: Forcing endless battles is banned\n|clearpoke\n|poke|p1|Lokix, F|\n|poke|p1|Rabsca, F|\n|poke|p1|Clawitzer, M|\n|poke|p1|Revavroom, F|\n|poke|p1|Gliscor, F|\n|poke|p1|Heracross, M|\n|poke|p2|Toxtricity, M|\n|poke|p2|Gallade, M|\n|poke|p2|Bisharp, M|\n|poke|p2|Sylveon, F|\n|poke|p2|Tornadus-Therian, M|\n|poke|p2|Rotom-Wash|\n|teampreview\n|\n|t:|1698396886\n|start\n|switch|p1a: Heracross|Heracross, M|100\/100\n|switch|p2a: Theria|Tornadus-Therian, M, shiny|100\/100\n|turn|1\n|\n|t:|1698396894\n|switch|p1a: Gliscor|Gliscor, F|100\/100\n|move|p2a: Theria|Hurricane|p1a: Gliscor\n|-crit|p1a: Gliscor\n|-damage|p1a: Gliscor|24\/100\n|\n|-status|p1a: Gliscor|tox|[from] item: Toxic Orb\n|upkeep\n|turn|2\n|\n|t:|1698396904\n|move|p2a: Theria|Knock Off|p1a: Gliscor\n|-damage|p1a: Gliscor|12\/100 tox\n|-enditem|p1a: Gliscor|Toxic Orb|[from] move: Knock Off|[of] p2a: Theria\n|move|p1a: Gliscor|Toxic|p2a: Theria\n|-status|p2a: Theria|tox\n|\n|-damage|p2a: Theria|94\/100 tox|[from] psn\n|-heal|p1a: Gliscor|24\/100 tox|[from] ability: Poison Heal\n|upkeep\n|turn|3\n|\n|t:|1698396916\n|move|p1a: Gliscor|Protect|p1a: Gliscor\n|-singleturn|p1a: Gliscor|Protect\n|move|p2a: Theria|Heat Wave|p1a: Gliscor\n|-activate|p1a: Gliscor|move: Protect\n|\n|-damage|p2a: Theria|82\/100 tox|[from] psn\n|-heal|p1a: Gliscor|36\/100 tox|[from] ability: Poison Heal\n|upkeep\n|turn|4\n|inactive|Battle timer is ON: inactive players will automatically lose when time's up. (requested by loquesea27)\n|\n|t:|1698396924\n|move|p1a: Gliscor|Protect|p1a: Gliscor\n|-singleturn|p1a: Gliscor|Protect\n|move|p2a: Theria|U-turn|p1a: Gliscor\n|-activate|p1a: Gliscor|move: Protect\n|\n|-damage|p2a: Theria|64\/100 tox|[from] psn\n|-heal|p1a: Gliscor|49\/100 tox|[from] ability: Poison Heal\n|upkeep\n|turn|5\n|\n|t:|1698396935\n|move|p2a: Theria|U-turn|p1a: Gliscor\n|-resisted|p1a: Gliscor\n|-damage|p1a: Gliscor|44\/100 tox\n|\n|t:|1698396939\n|switch|p2a: Bobot|Rotom-Wash, shiny|100\/100|[from] U-turn\n|move|p1a: Gliscor|Toxic Spikes|p2a: Bobot\n|-sidestart|p2: Insomniac89|move: Toxic Spikes\n|\n|-heal|p1a: Gliscor|56\/100 tox|[from] ability: Poison Heal\n|upkeep\n|turn|6\n|\n|t:|1698396951\n|move|p1a: Gliscor|Protect|p1a: Gliscor\n|-singleturn|p1a: Gliscor|Protect\n|move|p2a: Bobot|Hydro Pump|p1a: Gliscor\n|-activate|p1a: Gliscor|move: Protect\n|\n|-heal|p1a: Gliscor|69\/100 tox|[from] ability: Poison Heal\n|upkeep\n|turn|7\n|\n|t:|1698396959\n|move|p2a: Bobot|Hydro Pump|p1a: Gliscor\n|-supereffective|p1a: Gliscor\n|-damage|p1a: Gliscor|0 fnt\n|faint|p1a: Gliscor\n|\n|upkeep\n|\n|t:|1698396965\n|switch|p1a: Revavroom|Revavroom, F|100\/100\n|turn|8\n|\n|t:|1698396971\n|move|p1a: Revavroom|Shift Gear|p1a: Revavroom\n|-boost|p1a: Revavroom|spe|2\n|-boost|p1a: Revavroom|atk|1\n|move|p2a: Bobot|Will-O-Wisp|p1a: Revavroom\n|-status|p1a: Revavroom|brn\n|\n|-damage|p1a: Revavroom|95\/100 brn|[from] brn\n|upkeep\n|turn|9\n|\n|t:|1698396990\n|move|p1a: Revavroom|Gunk Shot|p2a: Bobot\n|-damage|p2a: Bobot|58\/100\n|move|p2a: Bobot|Hydro Pump|p1a: Revavroom\n|-damage|p1a: Revavroom|34\/100 brn\n|\n|-heal|p1a: Revavroom|40\/100 brn|[from] item: Leftovers\n|-heal|p2a: Bobot|64\/100|[from] item: Leftovers\n|-damage|p1a: Revavroom|34\/100 brn|[from] brn\n|upkeep\n|turn|10\n|\n|t:|1698397008\n|move|p1a: Revavroom|Gunk Shot|p2a: Bobot|[miss]\n|-miss|p1a: Revavroom|p2a: Bobot\n|move|p2a: Bobot|Hydro Pump|p1a: Revavroom\n|-damage|p1a: Revavroom|0 fnt\n|faint|p1a: Revavroom\n|\n|-heal|p2a: Bobot|71\/100|[from] item: Leftovers\n|upkeep\n|\n|t:|1698397018\n|switch|p1a: Heracross|Heracross, M|100\/100\n|turn|11\n|\n|t:|1698397025\n|move|p1a: Heracross|Bulk Up|p1a: Heracross\n|-boost|p1a: Heracross|atk|1\n|-boost|p1a: Heracross|def|1\n|move|p2a: Bobot|Volt Switch|p1a: Heracross\n|-damage|p1a: Heracross|68\/100\n|\n|t:|1698397031\n|switch|p2a: Theria|Tornadus-Therian, M, shiny|97\/100 tox|[from] Volt Switch\n|\n|-damage|p2a: Theria|91\/100 tox|[from] psn\n|-status|p1a: Heracross|brn|[from] item: Flame Orb\n|upkeep\n|turn|12\n|\n|t:|1698397039\n|move|p2a: Theria|Hurricane|p1a: Heracross\n|-supereffective|p1a: Heracross\n|-damage|p1a: Heracross|0 fnt\n|faint|p1a: Heracross\n|\n|-damage|p2a: Theria|79\/100 tox|[from] psn\n|upkeep\n|\n|t:|1698397051\n|switch|p1a: Rabsca|Rabsca, F|100\/100\n|turn|13\n|\n|t:|1698397059\n|move|p2a: Theria|Hurricane|p1a: Rabsca|[miss]\n|-miss|p2a: Theria|p1a: Rabsca\n|move|p1a: Rabsca|Trick Room|p1a: Rabsca\n|-fieldstart|move: Trick Room|[of] p1a: Rabsca\n|\n|-damage|p2a: Theria|61\/100 tox|[from] psn\n|upkeep\n|turn|14\n|\n|t:|1698397073\n|move|p1a: Rabsca|Calm Mind|p1a: Rabsca\n|-boost|p1a: Rabsca|spa|1\n|-boost|p1a: Rabsca|spd|1\n|move|p2a: Theria|Hurricane|p1a: Rabsca\n|-supereffective|p1a: Rabsca\n|-damage|p1a: Rabsca|50\/100\n|-start|p1a: Rabsca|confusion\n|\n|-damage|p2a: Theria|37\/100 tox|[from] psn\n|upkeep\n|turn|15\n|\n|t:|1698397084\n|-activate|p1a: Rabsca|confusion\n|move|p1a: Rabsca|Psychic|p2a: Theria\n|-damage|p2a: Theria|0 fnt\n|faint|p2a: Theria\n|\n|upkeep\n|\n|t:|1698397092\n|switch|p2a: Francis|Bisharp, M|100\/100\n|turn|16\n|\n|t:|1698397098\n|move|p2a: Francis|Sucker Punch|p1a: Rabsca\n|-supereffective|p1a: Rabsca\n|-damage|p1a: Rabsca|0 fnt\n|faint|p1a: Rabsca\n|\n|upkeep\n|\n|t:|1698397104\n|switch|p1a: Clawitzer|Clawitzer, M|100\/100\n|turn|17\n|\n|t:|1698397121\n|move|p1a: Clawitzer|Focus Blast|p2a: Francis\n|-supereffective|p2a: Francis\n|-damage|p2a: Francis|0 fnt\n|faint|p2a: Francis\n|\n|-fieldend|move: Trick Room\n|upkeep\n|\n|t:|1698397134\n|switch|p2a: Bobot|Rotom-Wash, shiny|71\/100\n|turn|18\n|\n|t:|1698397137\n|move|p2a: Bobot|Volt Switch|p1a: Clawitzer\n|-supereffective|p1a: Clawitzer\n|-damage|p1a: Clawitzer|43\/100\n|\n|t:|1698397140\n|switch|p2a: PURPLE GUY?!|Toxtricity, M|100\/100|[from] Volt Switch\n|-sideend|p2: Insomniac89|move: Toxic Spikes|[of] p2a: PURPLE GUY?!\n|move|p1a: Clawitzer|Focus Blast|p2a: PURPLE GUY?!|[miss]\n|-miss|p1a: Clawitzer|p2a: PURPLE GUY?!\n|\n|upkeep\n|turn|19\n|\n|t:|1698397149\n|move|p2a: PURPLE GUY?!|Overdrive|p1a: Clawitzer\n|-supereffective|p1a: Clawitzer\n|-damage|p1a: Clawitzer|0 fnt\n|faint|p1a: Clawitzer\n|-damage|p2a: PURPLE GUY?!|91\/100|[from] item: Life Orb\n|\n|upkeep\n|\n|t:|1698397156\n|switch|p1a: Lokix|Lokix, F|100\/100\n|turn|20\n|\n|t:|1698397169\n|move|p1a: Lokix|First Impression|p2a: PURPLE GUY?!\n|-resisted|p2a: PURPLE GUY?!\n|-damage|p2a: PURPLE GUY?!|18\/100\n|move|p2a: PURPLE GUY?!|Drain Punch|p1a: Lokix\n|-damage|p1a: Lokix|65\/100\n|-heal|p2a: PURPLE GUY?!|36\/100|[from] drain|[of] p1a: Lokix\n|-damage|p2a: PURPLE GUY?!|26\/100|[from] item: Life Orb\n|\n|upkeep\n|turn|21\n|\n|t:|1698397179\n|move|p1a: Lokix|Knock Off|p2a: PURPLE GUY?!\n|-damage|p2a: PURPLE GUY?!|0 fnt\n|-enditem|p2a: PURPLE GUY?!|Life Orb|[from] move: Knock Off|[of] p1a: Lokix\n|faint|p2a: PURPLE GUY?!\n|\n|upkeep\n|\n|t:|1698397185\n|switch|p2a: Sylvia|Sylveon, F|100\/100\n|turn|22\n|\n|t:|1698397192\n|move|p1a: Lokix|Knock Off|p2a: Sylvia\n|-resisted|p2a: Sylvia\n|-damage|p2a: Sylvia|35\/100\n|-enditem|p2a: Sylvia|Leftovers|[from] move: Knock Off|[of] p1a: Lokix\n|move|p2a: Sylvia|Hyper Voice|p1a: Lokix\n|-supereffective|p1a: Lokix\n|-damage|p1a: Lokix|0 fnt\n|faint|p1a: Lokix\n|\n|win|Insomniac89\n|raw|loquesea27's rating: 1218 &rarr; <strong>1182<\/strong><br \/>(-36 for losing)\n|raw|Insomniac89's rating: 1058 &rarr; <strong>1103<\/strong><br \/>(+45 for winning)\n|l|\u2606loquesea27\n","uploadtime":1698397204,"views":8,"p1id":"loquesea27","p2id":"insomniac89","formatid":"gen9anythinggoes","rating":1103,"private":0,"password":""}