{"id":"gen9anythinggoes-1971853989","p1":"hbkmnw","p2":"ParwStenio\u2764","format":"[Gen 9] Anything Goes","log":"|j|\u2606hbkmnw\n|j|\u2606ParwStenio\u2764\n|t:|1697781852\n|gametype|singles\n|player|p1|hbkmnw|guitarist|1601\n|player|p2|ParwStenio\u2764|veteranf|1645\n|teamsize|p1|6\n|teamsize|p2|6\n|gen|9\n|tier|[Gen 9] Anything Goes\n|rated|\n|rule|HP Percentage Mod: HP is shown in percentages\n|rule|Endless Battle Clause: Forcing endless battles is banned\n|clearpoke\n|poke|p1|Calyrex-Shadow|\n|poke|p1|Ting-Lu|\n|poke|p1|Arceus|\n|poke|p1|Koraidon|\n|poke|p1|Ribombee, F|\n|poke|p1|Espeon, F|\n|poke|p2|Zacian-*|\n|poke|p2|Calyrex-Shadow|\n|poke|p2|Arceus|\n|poke|p2|Arceus|\n|poke|p2|Koraidon|\n|poke|p2|Glimmora, F|\n|teampreview\n|inactive|Battle timer is ON: inactive players will automatically lose when time's up. (requested by ParwStenio\u2764)\n|\n|t:|1697781863\n|start\n|switch|p1a: Ribombee|Ribombee, F, shiny|100\/100\n|switch|p2a: Zacian|Zacian-Crowned, shiny|100\/100\n|-ability|p2a: Zacian|Intrepid Sword|boost\n|-boost|p2a: Zacian|atk|1\n|turn|1\n|\n|t:|1697781873\n|move|p2a: Zacian|Substitute|p2a: Zacian\n|-start|p2a: Zacian|Substitute\n|-damage|p2a: Zacian|76\/100\n|move|p1a: Ribombee|Quiver Dance|p1a: Ribombee\n|-boost|p1a: Ribombee|spa|1\n|-boost|p1a: Ribombee|spd|1\n|-boost|p1a: Ribombee|spe|1\n|\n|upkeep\n|turn|2\n|\n|t:|1697781897\n|move|p1a: Ribombee|Baton Pass|p1a: Ribombee\n|inactive|hbkmnw has 120 seconds left.\n|\n|t:|1697781913\n|switch|p1a: Ting-Lu|Ting-Lu|100\/100|[from] Baton Pass\n|-ability|p1a: Ting-Lu|Vessel of Ruin\n|move|p2a: Zacian|Swords Dance|p2a: Zacian\n|-boost|p2a: Zacian|atk|2\n|\n|upkeep\n|turn|3\n|\n|t:|1697781922\n|move|p2a: Zacian|Close Combat|p1a: Ting-Lu\n|-supereffective|p1a: Ting-Lu\n|-damage|p1a: Ting-Lu|4\/100\n|-unboost|p2a: Zacian|def|1\n|-unboost|p2a: Zacian|spd|1\n|move|p1a: Ting-Lu|Earthquake|p2a: Zacian\n|-supereffective|p2a: Zacian\n|-end|p2a: Zacian|Substitute\n|\n|-heal|p1a: Ting-Lu|10\/100|[from] item: Leftovers\n|upkeep\n|turn|4\n|\n|t:|1697781932\n|move|p2a: Zacian|Behemoth Blade|p1a: Ting-Lu\n|-damage|p1a: Ting-Lu|0 fnt\n|faint|p1a: Ting-Lu\n|\n|upkeep\n|\n|t:|1697781940\n|switch|p1a: Koraidon|Koraidon|100\/100\n|-weather|SunnyDay|[from] ability: Orichalcum Pulse|[of] p1a: Koraidon\n|-activate|p1a: Koraidon|Orichalcum Pulse|[source]\n|turn|5\n|\n|t:|1697781949\n|move|p1a: Koraidon|Flare Blitz|p2a: Zacian\n|-supereffective|p2a: Zacian\n|-damage|p2a: Zacian|0 fnt\n|faint|p2a: Zacian\n|-damage|p1a: Koraidon|75\/100|[from] Recoil\n|\n|-weather|SunnyDay|[upkeep]\n|upkeep\n|\n|t:|1697781955\n|switch|p2a: Glimmora|Glimmora, F|100\/100\n|turn|6\n|\n|t:|1697781959\n|switch|p1a: Espeon|Espeon, F|100\/100\n|move|p2a: Glimmora|Stealth Rock|p1a: Espeon\n|move|p1a: Espeon|Stealth Rock|p2a: Glimmora|[from]ability: Magic Bounce\n|-sidestart|p2: ParwStenio\u2764|move: Stealth Rock\n|\n|-weather|SunnyDay|[upkeep]\n|upkeep\n|turn|7\n|\n|t:|1697781982\n|move|p1a: Espeon|Trick|p2a: Glimmora\n|-activate|p1a: Espeon|move: Trick|[of] p2a: Glimmora\n|-item|p2a: Glimmora|Choice Scarf|[from] move: Trick\n|-item|p1a: Espeon|Focus Sash|[from] move: Trick\n|move|p2a: Glimmora|Mortal Spin|p1a: Espeon\n|-damage|p1a: Espeon|89\/100\n|-status|p1a: Espeon|psn\n|-sideend|p2: ParwStenio\u2764|Stealth Rock|[from] move: Mortal Spin|[of] p2a: Glimmora\n|\n|-weather|SunnyDay|[upkeep]\n|-damage|p1a: Espeon|77\/100 psn|[from] psn\n|upkeep\n|turn|8\n|\n|t:|1697781997\n|switch|p2a: Calyrex|Calyrex-Shadow|100\/100\n|-ability|p2a: Calyrex|As One\n|-ability|p2a: Calyrex|Unnerve\n|move|p1a: Espeon|Psychic|p2a: Calyrex\n|-resisted|p2a: Calyrex\n|-damage|p2a: Calyrex|76\/100\n|\n|-weather|SunnyDay|[upkeep]\n|-damage|p1a: Espeon|64\/100 psn|[from] psn\n|upkeep\n|turn|9\n|\n|t:|1697782014\n|switch|p2a: Koraidon|Koraidon|100\/100\n|-activate|p2a: Koraidon|ability: Orichalcum Pulse\n|switch|p1a: Arceus|Arceus|100\/100\n|\n|-weather|none\n|upkeep\n|turn|10\n|\n|t:|1697782035\n|switch|p1a: Calyrex|Calyrex-Shadow|100\/100\n|-ability|p1a: Calyrex|As One\n|-ability|p1a: Calyrex|Unnerve\n|move|p2a: Koraidon|Flare Blitz|p1a: Calyrex\n|-damage|p1a: Calyrex|49\/100\n|-damage|p2a: Koraidon|83\/100|[from] Recoil\n|\n|upkeep\n|turn|11\n|inactive|ParwStenio\u2764 has 120 seconds left.\n|\n|t:|1697782052\n|switch|p2a: Arceus|Arceus|100\/100\n|move|p1a: Calyrex|Psychic|p2a: Arceus\n|-damage|p2a: Arceus|65\/100\n|\n|upkeep\n|turn|12\n|\n|t:|1697782070\n|switch|p1a: Arceus|Arceus|100\/100\n|move|p2a: Arceus|Recover|p2a: Arceus\n|-heal|p2a: Arceus|100\/100\n|\n|upkeep\n|turn|13\n|\n|t:|1697782076\n|switch|p2a: Calyrex|Calyrex-Shadow|76\/100\n|-ability|p2a: Calyrex|As One\n|-ability|p2a: Calyrex|Unnerve\n|move|p1a: Arceus|Taunt|p2a: Calyrex\n|-start|p2a: Calyrex|move: Taunt\n|\n|upkeep\n|turn|14\n|\n|t:|1697782083\n|switch|p2a: Glimmora|Glimmora, F|100\/100\n|move|p1a: Arceus|Shadow Claw|p2a: Glimmora\n|-damage|p2a: Glimmora|71\/100\n|-activate|p2a: Glimmora|ability: Toxic Debris\n|-sidestart|p1: hbkmnw|move: Toxic Spikes\n|\n|upkeep\n|turn|15\n|\n|t:|1697782093\n|move|p2a: Glimmora|Mortal Spin|p1a: Arceus\n|-damage|p1a: Arceus|96\/100\n|-status|p1a: Arceus|psn\n|move|p1a: Arceus|Taunt|p2a: Glimmora\n|-start|p2a: Glimmora|move: Taunt\n|\n|-damage|p1a: Arceus|84\/100 psn|[from] psn\n|upkeep\n|turn|16\n|\n|t:|1697782102\n|move|p2a: Glimmora|Mortal Spin|p1a: Arceus\n|-damage|p1a: Arceus|79\/100 psn\n|move|p1a: Arceus|Swords Dance|p1a: Arceus\n|-boost|p1a: Arceus|atk|2\n|\n|-damage|p1a: Arceus|67\/100 psn|[from] psn\n|upkeep\n|turn|17\n|\n|t:|1697782114\n|move|p1a: Arceus|Extreme Speed|p2a: Glimmora\n|-resisted|p2a: Glimmora\n|-damage|p2a: Glimmora|26\/100\n|-activate|p2a: Glimmora|ability: Toxic Debris\n|-sidestart|p1: hbkmnw|move: Toxic Spikes\n|move|p2a: Glimmora|Mortal Spin|p1a: Arceus\n|-damage|p1a: Arceus|62\/100 psn\n|\n|-damage|p1a: Arceus|50\/100 psn|[from] psn\n|upkeep\n|turn|18\n|\n|t:|1697782120\n|move|p1a: Arceus|Extreme Speed|p2a: Glimmora\n|-resisted|p2a: Glimmora\n|-damage|p2a: Glimmora|0 fnt\n|faint|p2a: Glimmora\n|\n|-damage|p1a: Arceus|37\/100 psn|[from] psn\n|upkeep\n|\n|t:|1697782123\n|switch|p2a: Calyrex|Calyrex-Shadow|76\/100\n|-ability|p2a: Calyrex|As One\n|-ability|p2a: Calyrex|Unnerve\n|turn|19\n|\n|t:|1697782131\n|move|p2a: Calyrex|Encore|p1a: Arceus\n|-start|p1a: Arceus|Encore\n|move|p1a: Arceus|Extreme Speed|p2a: Calyrex\n|-immune|p2a: Calyrex\n|\n|-damage|p1a: Arceus|25\/100 psn|[from] psn\n|upkeep\n|turn|20\n|\n|t:|1697782145\n|switch|p1a: Espeon|Espeon, F|64\/100 psn\n|move|p2a: Calyrex|Grass Knot|p1a: Espeon\n|-damage|p1a: Espeon|31\/100 psn\n|\n|-damage|p1a: Espeon|19\/100 psn|[from] psn\n|upkeep\n|turn|21\n|\n|t:|1697782161\n|move|p2a: Calyrex|Astral Barrage|p1a: Espeon\n|-supereffective|p1a: Espeon\n|-damage|p1a: Espeon|0 fnt\n|faint|p1a: Espeon\n|-ability|p2a: Calyrex|Grim Neigh|boost\n|-boost|p2a: Calyrex|spa|1\n|\n|upkeep\n|\n|t:|1697782167\n|switch|p1a: Ribombee|Ribombee, F, shiny|100\/100\n|-status|p1a: Ribombee|tox\n|turn|22\n|\n|t:|1697782179\n|-terastallize|p2a: Calyrex|Grass\n|move|p2a: Calyrex|Astral Barrage|p1a: Ribombee\n|-enditem|p1a: Ribombee|Focus Sash\n|-damage|p1a: Ribombee|1\/100 tox\n|move|p1a: Ribombee|Sticky Web|p2a: Calyrex\n|-sidestart|p2: ParwStenio\u2764|move: Sticky Web\n|\n|-damage|p1a: Ribombee|0 fnt|[from] psn\n|faint|p1a: Ribombee\n|upkeep\n|j| vijhmthzzh\n|\n|t:|1697782206\n|switch|p1a: Koraidon|Koraidon|75\/100\n|-status|p1a: Koraidon|tox\n|-weather|SunnyDay|[from] ability: Orichalcum Pulse|[of] p1a: Koraidon\n|-activate|p1a: Koraidon|Orichalcum Pulse|[source]\n|turn|23\n|inactive|hbkmnw has 120 seconds left.\n|\n|t:|1697782223\n|switch|p2a: Koraidon|Koraidon|83\/100\n|-activate|p2a: Koraidon|move: Sticky Web\n|-unboost|p2a: Koraidon|spe|1\n|-activate|p2a: Koraidon|ability: Orichalcum Pulse\n|move|p1a: Koraidon|Collision Course|p2a: Koraidon\n|-damage|p2a: Koraidon|18\/100\n|\n|-weather|SunnyDay|[upkeep]\n|-damage|p1a: Koraidon|69\/100 tox|[from] psn\n|upkeep\n|turn|24\n|\n|t:|1697782235\n|move|p1a: Koraidon|Collision Course|p2a: Koraidon\n|-damage|p2a: Koraidon|0 fnt\n|faint|p2a: Koraidon\n|\n|-weather|SunnyDay|[upkeep]\n|-damage|p1a: Koraidon|57\/100 tox|[from] psn\n|upkeep\n|\n|t:|1697782244\n|switch|p2a: Arceus|Arceus|100\/100\n|-activate|p2a: Arceus|move: Sticky Web\n|-unboost|p2a: Arceus|spe|1\n|turn|25\n|\n|t:|1697782247\n|move|p2a: Arceus|Extreme Speed|p1a: Koraidon\n|-damage|p1a: Koraidon|10\/100 tox\n|-damage|p2a: Arceus|91\/100|[from] item: Life Orb\n|move|p1a: Koraidon|Collision Course|p2a: Arceus\n|-supereffective|p2a: Arceus\n|-damage|p2a: Arceus|0 fnt\n|faint|p2a: Arceus\n|\n|-weather|SunnyDay|[upkeep]\n|-damage|p1a: Koraidon|0 fnt|[from] psn\n|faint|p1a: Koraidon\n|upkeep\n|\n|t:|1697782276\n|switch|p1a: Arceus|Arceus|25\/100 psn\n|switch|p2a: Arceus|Arceus|100\/100\n|-activate|p2a: Arceus|move: Sticky Web\n|-unboost|p2a: Arceus|spe|1\n|turn|26\n|\n|t:|1697782290\n|move|p1a: Arceus|Extreme Speed|p2a: Arceus\n|-damage|p2a: Arceus|75\/100\n|move|p2a: Arceus|Extreme Speed|p1a: Arceus\n|-damage|p1a: Arceus|0 fnt\n|faint|p1a: Arceus\n|\n|-weather|SunnyDay|[upkeep]\n|upkeep\n|\n|t:|1697782296\n|switch|p1a: Calyrex|Calyrex-Shadow|49\/100\n|-ability|p1a: Calyrex|As One\n|-ability|p1a: Calyrex|Unnerve\n|-status|p1a: Calyrex|tox\n|turn|27\n|inactive|hbkmnw has 120 seconds left.\n|\n|t:|1697782316\n|move|p1a: Calyrex|Psychic|p2a: Arceus\n|-damage|p2a: Arceus|37\/100\n|move|p2a: Arceus|Shadow Claw|p1a: Calyrex\n|-supereffective|p1a: Calyrex\n|-damage|p1a: Calyrex|0 fnt\n|faint|p1a: Calyrex\n|\n|win|ParwStenio\u2764\n|raw|hbkmnw's rating: 1601 &rarr; <strong>1584<\/strong><br \/>(-17 for losing)\n|raw|ParwStenio\u2764's rating: 1645 &rarr; <strong>1662<\/strong><br \/>(+17 for winning)\n","uploadtime":1697782325,"views":15,"p1id":"hbkmnw","p2id":"parwstenio","formatid":"gen9anythinggoes","rating":1584,"private":0,"password":""}