{"id":"gen9anythinggoes-1982119339","p1":"NotASpectre","p2":"HelloThereMites","format":"[Gen 9] Anything Goes","log":"|j|\u2606NotASpectre\n|j|\u2606HelloThereMites\n|t:|1698969813\n|gametype|singles\n|player|p1|NotASpectre|psychic-gen4|1251\n|player|p2|HelloThereMites|larry|1306\n|teamsize|p1|6\n|teamsize|p2|6\n|gen|9\n|tier|[Gen 9] Anything Goes\n|rated|\n|rule|HP Percentage Mod: HP is shown in percentages\n|rule|Endless Battle Clause: Forcing endless battles is banned\n|clearpoke\n|poke|p1|Eiscue, F|\n|poke|p1|Spiritomb, M|\n|poke|p1|Espathra, F|\n|poke|p1|Dragonite, M|\n|poke|p1|Grafaiai, F|\n|poke|p1|Lurantis, M|\n|poke|p2|Ogerpon-Hearthflame, F|\n|poke|p2|Zacian-*|\n|poke|p2|Flutter Mane|\n|poke|p2|Iron Bundle|\n|poke|p2|Calyrex-Shadow|\n|poke|p2|Chien-Pao|\n|teampreview\n|inactive|Battle timer is ON: inactive players will automatically lose when time's up. (requested by HelloThereMites)\n|inactive|NotASpectre also wants the timer to be on.\n|\n|t:|1698969825\n|start\n|switch|p1a: Monke|Grafaiai, F|100\/100\n|switch|p2a: Flutter Mane|Flutter Mane|100\/100\n|turn|1\n|\n|t:|1698969832\n|move|p1a: Monke|Toxic|p2a: Flutter Mane\n|-status|p2a: Flutter Mane|tox\n|move|p2a: Flutter Mane|Psyshock|p1a: Monke\n|-supereffective|p1a: Monke\n|-damage|p1a: Monke|3\/100\n|\n|-damage|p2a: Flutter Mane|95\/100 tox|[from] psn\n|upkeep\n|turn|2\n|\n|t:|1698969846\n|move|p1a: Monke|Encore|p2a: Flutter Mane\n|-start|p2a: Flutter Mane|Encore\n|move|p2a: Flutter Mane|Psyshock|p1a: Monke\n|-supereffective|p1a: Monke\n|-damage|p1a: Monke|0 fnt\n|faint|p1a: Monke\n|\n|-damage|p2a: Flutter Mane|83\/100 tox|[from] psn\n|upkeep\n|\n|t:|1698969855\n|switch|p1a: Nuh Uh|Spiritomb, M|100\/100\n|turn|3\n|\n|t:|1698969863\n|-end|p2a: Flutter Mane|Protosynthesis|[silent]\n|switch|p2a: Chien-Pao|Chien-Pao|100\/100\n|-ability|p2a: Chien-Pao|Sword of Ruin\n|move|p1a: Nuh Uh|Calm Mind|p1a: Nuh Uh\n|-boost|p1a: Nuh Uh|spa|1\n|-boost|p1a: Nuh Uh|spd|1\n|\n|upkeep\n|turn|4\n|\n|t:|1698969883\n|move|p2a: Chien-Pao|Crunch|p1a: Nuh Uh\n|-damage|p1a: Nuh Uh|47\/100\n|move|p1a: Nuh Uh|Dark Pulse|p2a: Chien-Pao\n|-resisted|p2a: Chien-Pao\n|-damage|p2a: Chien-Pao|58\/100\n|\n|-heal|p1a: Nuh Uh|53\/100|[from] item: Leftovers\n|upkeep\n|turn|5\n|\n|t:|1698969903\n|move|p2a: Chien-Pao|Crunch|p1a: Nuh Uh\n|-damage|p1a: Nuh Uh|3\/100\n|move|p1a: Nuh Uh|Dark Pulse|p2a: Chien-Pao\n|-resisted|p2a: Chien-Pao\n|-damage|p2a: Chien-Pao|14\/100\n|\n|-heal|p1a: Nuh Uh|9\/100|[from] item: Leftovers\n|upkeep\n|turn|6\n|\n|t:|1698969913\n|move|p2a: Chien-Pao|Sucker Punch|p1a: Nuh Uh\n|-damage|p1a: Nuh Uh|0 fnt\n|faint|p1a: Nuh Uh\n|\n|upkeep\n|\n|t:|1698969922\n|switch|p1a: Noot Noot|Eiscue, F|100\/100\n|turn|7\n|\n|t:|1698969928\n|move|p2a: Chien-Pao|Sacred Sword|p1a: Noot Noot\n|-activate|p1a: Noot Noot|ability: Ice Face\n|-damage|p1a: Noot Noot|100\/100\n|detailschange|p1a: Noot Noot|Eiscue-Noice, F\n|move|p1a: Noot Noot|Belly Drum|p1a: Noot Noot\n|-damage|p1a: Noot Noot|50\/100\n|-setboost|p1a: Noot Noot|atk|6|[from] move: Belly Drum\n|\n|-heal|p1a: Noot Noot|57\/100|[from] item: Leftovers\n|upkeep\n|turn|8\n|c|\u2606HelloThereMites|i love noot noot\n|\n|t:|1698969945\n|-terastallize|p1a: Noot Noot|Ghost\n|move|p2a: Chien-Pao|Sacred Sword|p1a: Noot Noot\n|-immune|p1a: Noot Noot\n|move|p1a: Noot Noot|Iron Head|p2a: Chien-Pao\n|-supereffective|p2a: Chien-Pao\n|-damage|p2a: Chien-Pao|0 fnt\n|faint|p2a: Chien-Pao\n|\n|-heal|p1a: Noot Noot|63\/100|[from] item: Leftovers\n|upkeep\n|\n|t:|1698969956\n|switch|p2a: Calyrex|Calyrex-Shadow|100\/100\n|-ability|p2a: Calyrex|As One\n|-ability|p2a: Calyrex|Unnerve\n|turn|9\n|\n|t:|1698969969\n|-terastallize|p2a: Calyrex|Ghost\n|move|p2a: Calyrex|Astral Barrage|p1a: Noot Noot\n|-supereffective|p1a: Noot Noot\n|-damage|p1a: Noot Noot|0 fnt\n|faint|p1a: Noot Noot\n|-ability|p2a: Calyrex|Grim Neigh|boost\n|-boost|p2a: Calyrex|spa|1\n|\n|upkeep\n|\n|t:|1698969982\n|switch|p1a: Uno Reverse|Lurantis, M|100\/100\n|turn|10\n|\n|t:|1698969988\n|move|p2a: Calyrex|Astral Barrage|p1a: Uno Reverse\n|-damage|p1a: Uno Reverse|0 fnt\n|faint|p1a: Uno Reverse\n|-ability|p2a: Calyrex|Grim Neigh|boost\n|-boost|p2a: Calyrex|spa|1\n|\n|upkeep\n|\n|t:|1698969996\n|switch|p1a: It Is Wednesday|Espathra, F|100\/100\n|turn|11\n|\n|t:|1698970004\n|move|p1a: It Is Wednesday|Protect|p1a: It Is Wednesday\n|-singleturn|p1a: It Is Wednesday|Protect\n|move|p2a: Calyrex|Astral Barrage|p1a: It Is Wednesday\n|-activate|p1a: It Is Wednesday|move: Protect\n|\n|-ability|p1a: It Is Wednesday|Speed Boost|boost\n|-boost|p1a: It Is Wednesday|spe|1\n|upkeep\n|turn|12\n|\n|t:|1698970013\n|move|p2a: Calyrex|Astral Barrage|p1a: It Is Wednesday\n|-supereffective|p1a: It Is Wednesday\n|-damage|p1a: It Is Wednesday|0 fnt\n|faint|p1a: It Is Wednesday\n|-ability|p2a: Calyrex|Grim Neigh|boost\n|-boost|p2a: Calyrex|spa|1\n|\n|upkeep\n|\n|t:|1698970022\n|switch|p1a: My Dude|Dragonite, M|100\/100\n|turn|13\n|\n|t:|1698970029\n|move|p2a: Calyrex|Astral Barrage|p1a: My Dude\n|-damage|p1a: My Dude|0 fnt\n|faint|p1a: My Dude\n|\n|win|HelloThereMites\n|raw|NotASpectre's rating: 1251 &rarr; <strong>1230<\/strong><br \/>(-21 for losing)\n|raw|HelloThereMites's rating: 1306 &rarr; <strong>1323<\/strong><br \/>(+17 for winning)\n","uploadtime":1698970036,"views":9,"p1id":"notaspectre","p2id":"hellotheremites","formatid":"gen9anythinggoes","rating":1230,"private":0,"password":""}