{"id":"gen9anythinggoes-1979422865","p1":"LingLing007","p2":"Jaitto","format":"[Gen 9] Anything Goes","log":"|j|\u2606LingLing007\n|j|\u2606Jaitto\n|t:|1698681452\n|gametype|singles\n|player|p1|LingLing007|hilbert-masters2|1387\n|player|p2|Jaitto|roughneck-gen4|1336\n|teamsize|p1|6\n|teamsize|p2|6\n|gen|9\n|tier|[Gen 9] Anything Goes\n|rated|\n|rule|HP Percentage Mod: HP is shown in percentages\n|rule|Endless Battle Clause: Forcing endless battles is banned\n|clearpoke\n|poke|p1|Roaring Moon|\n|poke|p1|Toxapex, F|\n|poke|p1|Gliscor, M|\n|poke|p1|Polteageist-Antique|\n|poke|p1|Tinkaton, F|\n|poke|p1|Gengar, M|\n|poke|p2|Kilowattrel, M|\n|poke|p2|Goodra, F|\n|poke|p2|Corviknight, F|\n|poke|p2|Scizor, M|\n|poke|p2|Snorlax, M|\n|poke|p2|Milotic, M|\n|teampreview\n|inactive|Battle timer is ON: inactive players will automatically lose when time's up. (requested by Jaitto)\n|\n|t:|1698681468\n|start\n|switch|p1a: Gengar|Gengar, M|100\/100\n|switch|p2a: Scizor|Scizor, M|100\/100\n|turn|1\n|\n|t:|1698681474\n|switch|p1a: Tinkaton|Tinkaton, F|100\/100\n|-ability|p1a: Tinkaton|Mold Breaker\n|move|p2a: Scizor|Swords Dance|p2a: Scizor\n|-boost|p2a: Scizor|atk|2\n|\n|upkeep\n|turn|2\n|\n|t:|1698681482\n|move|p1a: Tinkaton|Encore|p2a: Scizor\n|-start|p2a: Scizor|Encore\n|move|p2a: Scizor|Swords Dance|p2a: Scizor\n|-boost|p2a: Scizor|atk|2\n|\n|upkeep\n|turn|3\n|\n|t:|1698681497\n|switch|p2a: Milotic|Milotic, M|100\/100\n|move|p1a: Tinkaton|Stealth Rock|p2a: Milotic\n|-sidestart|p2: Jaitto|move: Stealth Rock\n|\n|-status|p2a: Milotic|brn|[from] item: Flame Orb\n|upkeep\n|turn|4\n|\n|t:|1698681504\n|move|p1a: Tinkaton|Knock Off|p2a: Milotic\n|-damage|p2a: Milotic|88\/100 brn\n|-enditem|p2a: Milotic|Flame Orb|[from] move: Knock Off|[of] p1a: Tinkaton\n|move|p2a: Milotic|Scald|p1a: Tinkaton\n|-damage|p1a: Tinkaton|75\/100\n|\n|-heal|p1a: Tinkaton|81\/100|[from] item: Leftovers\n|-damage|p2a: Milotic|81\/100 brn|[from] brn\n|upkeep\n|turn|5\n|\n|t:|1698681519\n|switch|p1a: Toxapex|Toxapex, F|100\/100\n|move|p2a: Milotic|Scald|p1a: Toxapex\n|-resisted|p1a: Toxapex\n|-damage|p1a: Toxapex|92\/100\n|\n|-damage|p2a: Milotic|75\/100 brn|[from] brn\n|upkeep\n|turn|6\n|\n|t:|1698681530\n|switch|p2a: Corviknight|Corviknight, F|100\/100\n|-damage|p2a: Corviknight|88\/100|[from] Stealth Rock\n|move|p1a: Toxapex|Liquidation|p2a: Corviknight\n|-damage|p2a: Corviknight|75\/100\n|-damage|p1a: Toxapex|75\/100|[from] item: Rocky Helmet|[of] p2a: Corviknight\n|\n|upkeep\n|turn|7\n|\n|t:|1698681543\n|switch|p1a: Gengar|Gengar, M|100\/100\n|move|p2a: Corviknight|Body Press|p1a: Gengar\n|-immune|p1a: Gengar\n|\n|upkeep\n|turn|8\n|\n|t:|1698681549\n|move|p1a: Gengar|Thunder|p2a: Corviknight\n|-supereffective|p2a: Corviknight\n|-damage|p2a: Corviknight|0 fnt\n|faint|p2a: Corviknight\n|\n|upkeep\n|\n|t:|1698681558\n|switch|p2a: Snorlax|Snorlax, M|100\/100\n|-damage|p2a: Snorlax|88\/100|[from] Stealth Rock\n|turn|9\n|\n|t:|1698681568\n|move|p1a: Gengar|Focus Blast|p2a: Snorlax\n|-supereffective|p2a: Snorlax\n|-damage|p2a: Snorlax|38\/100\n|move|p2a: Snorlax|Earthquake|p1a: Gengar\n|-supereffective|p1a: Gengar\n|-enditem|p1a: Gengar|Focus Sash\n|-damage|p1a: Gengar|1\/100\n|\n|upkeep\n|turn|10\n|\n|t:|1698681581\n|move|p1a: Gengar|Destiny Bond|p1a: Gengar\n|-singlemove|p1a: Gengar|Destiny Bond\n|move|p2a: Snorlax|Earthquake|p1a: Gengar\n|-supereffective|p1a: Gengar\n|-damage|p1a: Gengar|0 fnt\n|faint|p1a: Gengar\n|-activate|p1a: Gengar|move: Destiny Bond\n|faint|p2a: Snorlax\n|\n|upkeep\n|\n|t:|1698681598\n|switch|p1a: Polteageist|Polteageist-Antique|100\/100\n|switch|p2a: Milotic|Milotic, M|75\/100 brn\n|-damage|p2a: Milotic|63\/100 brn|[from] Stealth Rock\n|turn|11\n|\n|t:|1698681606\n|move|p1a: Polteageist|Shell Smash|p1a: Polteageist\n|-unboost|p1a: Polteageist|def|1\n|-unboost|p1a: Polteageist|spd|1\n|-boost|p1a: Polteageist|atk|2\n|-boost|p1a: Polteageist|spa|2\n|-boost|p1a: Polteageist|spe|2\n|move|p2a: Milotic|Scald|p1a: Polteageist\n|-damage|p1a: Polteageist|48\/100\n|\n|-damage|p2a: Milotic|57\/100 brn|[from] brn\n|upkeep\n|turn|12\n|\n|t:|1698681626\n|move|p1a: Polteageist|Giga Drain|p2a: Milotic\n|-supereffective|p2a: Milotic\n|-damage|p2a: Milotic|0 fnt\n|-heal|p1a: Polteageist|90\/100|[from] drain|[of] p2a: Milotic\n|faint|p2a: Milotic\n|\n|upkeep\n|\n|t:|1698681631\n|switch|p2a: Scizor|Scizor, M|100\/100\n|-damage|p2a: Scizor|88\/100|[from] Stealth Rock\n|turn|13\n|\n|t:|1698681637\n|move|p2a: Scizor|Bullet Punch|p1a: Polteageist\n|-damage|p1a: Polteageist|0 fnt\n|faint|p1a: Polteageist\n|\n|upkeep\n|\n|t:|1698681648\n|switch|p1a: Gliscor|Gliscor, M|100\/100\n|turn|14\n|\n|t:|1698681658\n|-terastallize|p1a: Gliscor|Water\n|move|p1a: Gliscor|Earthquake|p2a: Scizor\n|-damage|p2a: Scizor|46\/100\n|move|p2a: Scizor|Swords Dance|p2a: Scizor\n|-boost|p2a: Scizor|atk|2\n|\n|-status|p1a: Gliscor|tox|[from] item: Toxic Orb\n|upkeep\n|turn|15\n|\n|t:|1698681669\n|move|p2a: Scizor|Bullet Punch|p1a: Gliscor\n|-resisted|p1a: Gliscor\n|-damage|p1a: Gliscor|69\/100 tox\n|move|p1a: Gliscor|Facade|p2a: Scizor\n|-resisted|p2a: Scizor\n|-damage|p2a: Scizor|25\/100\n|\n|-heal|p1a: Gliscor|81\/100 tox|[from] ability: Poison Heal\n|upkeep\n|turn|16\n|\n|t:|1698681678\n|move|p2a: Scizor|Bullet Punch|p1a: Gliscor\n|-resisted|p1a: Gliscor\n|-damage|p1a: Gliscor|50\/100 tox\n|move|p1a: Gliscor|Earthquake|p2a: Scizor\n|-damage|p2a: Scizor|0 fnt\n|faint|p2a: Scizor\n|\n|-heal|p1a: Gliscor|62\/100 tox|[from] ability: Poison Heal\n|upkeep\n|\n|t:|1698681696\n|switch|p2a: Kilowattrel|Kilowattrel, M|100\/100\n|-damage|p2a: Kilowattrel|76\/100|[from] Stealth Rock\n|turn|17\n|\n|t:|1698681702\n|move|p1a: Gliscor|Protect|p1a: Gliscor\n|-singleturn|p1a: Gliscor|Protect\n|move|p2a: Kilowattrel|Volt Switch|p1a: Gliscor\n|-activate|p1a: Gliscor|move: Protect\n|\n|-heal|p1a: Gliscor|75\/100 tox|[from] ability: Poison Heal\n|upkeep\n|turn|18\n|\n|t:|1698681711\n|switch|p1a: Tinkaton|Tinkaton, F|81\/100\n|-ability|p1a: Tinkaton|Mold Breaker\n|move|p2a: Kilowattrel|Volt Switch|p1a: Tinkaton\n|-damage|p1a: Tinkaton|56\/100\n|\n|t:|1698681718\n|switch|p2a: Goodra|Goodra, F|100\/100|[from] Volt Switch\n|-damage|p2a: Goodra|88\/100|[from] Stealth Rock\n|\n|-heal|p2a: Goodra|94\/100|[from] item: Leftovers\n|-heal|p1a: Tinkaton|62\/100|[from] item: Leftovers\n|upkeep\n|turn|19\n|\n|t:|1698681728\n|-terastallize|p2a: Goodra|Electric\n|move|p2a: Goodra|Rain Dance|p2a: Goodra\n|-weather|RainDance\n|move|p1a: Tinkaton|Knock Off|p2a: Goodra\n|-damage|p2a: Goodra|67\/100\n|-enditem|p2a: Goodra|Leftovers|[from] move: Knock Off|[of] p1a: Tinkaton\n|\n|-weather|RainDance|[upkeep]\n|-heal|p1a: Tinkaton|68\/100|[from] item: Leftovers\n|upkeep\n|turn|20\n|\n|t:|1698681737\n|move|p2a: Goodra|Surf|p1a: Tinkaton\n|-crit|p1a: Tinkaton\n|-damage|p1a: Tinkaton|9\/100\n|move|p1a: Tinkaton|Encore|p2a: Goodra\n|-start|p2a: Goodra|Encore\n|\n|-weather|RainDance|[upkeep]\n|-heal|p1a: Tinkaton|15\/100|[from] item: Leftovers\n|upkeep\n|turn|21\n|\n|t:|1698681744\n|switch|p1a: Roaring Moon|Roaring Moon|100\/100\n|-enditem|p1a: Roaring Moon|Booster Energy\n|-activate|p1a: Roaring Moon|ability: Protosynthesis|[fromitem]\n|-start|p1a: Roaring Moon|protosynthesisspe\n|move|p2a: Goodra|Surf|p1a: Roaring Moon\n|-resisted|p1a: Roaring Moon\n|-damage|p1a: Roaring Moon|79\/100\n|\n|-weather|RainDance|[upkeep]\n|upkeep\n|turn|22\n|\n|t:|1698681755\n|move|p1a: Roaring Moon|Dragon Dance|p1a: Roaring Moon\n|-boost|p1a: Roaring Moon|atk|1\n|-boost|p1a: Roaring Moon|spe|1\n|move|p2a: Goodra|Surf|p1a: Roaring Moon\n|-resisted|p1a: Roaring Moon\n|-damage|p1a: Roaring Moon|59\/100\n|\n|-weather|RainDance|[upkeep]\n|upkeep\n|turn|23\n|\n|t:|1698681768\n|move|p1a: Roaring Moon|Earthquake|p2a: Goodra\n|-supereffective|p2a: Goodra\n|-damage|p2a: Goodra|0 fnt\n|faint|p2a: Goodra\n|\n|-weather|none\n|upkeep\n|\n|t:|1698681770\n|switch|p2a: Kilowattrel|Kilowattrel, M|76\/100\n|-damage|p2a: Kilowattrel|51\/100|[from] Stealth Rock\n|turn|24\n|\n|t:|1698681774\n|move|p1a: Roaring Moon|Knock Off|p2a: Kilowattrel\n|-damage|p2a: Kilowattrel|0 fnt\n|-enditem|p2a: Kilowattrel|Focus Sash|[from] move: Knock Off|[of] p1a: Roaring Moon\n|faint|p2a: Kilowattrel\n|\n|win|LingLing007\n|raw|LingLing007's rating: 1387 &rarr; <strong>1404<\/strong><br \/>(+17 for winning)\n|raw|Jaitto's rating: 1336 &rarr; <strong>1319<\/strong><br \/>(-17 for losing)\n|c|\u2606LingLing007|gg\n|l|\u2606Jaitto\n","uploadtime":1698681879,"views":10,"p1id":"lingling007","p2id":"jaitto","formatid":"gen9anythinggoes","rating":1319,"private":0,"password":""}