{"id":"gen9anythinggoes-1983114830","p1":"SkyPrincess420","p2":"ghhka","format":"[Gen 9] Anything Goes","log":"|j|\u2606SkyPrincess420\n|j|\u2606ghhka\n|t:|1699089365\n|gametype|singles\n|player|p1|SkyPrincess420|caitlin|1192\n|player|p2|ghhka|hilbert|1101\n|teamsize|p1|6\n|teamsize|p2|6\n|gen|9\n|tier|[Gen 9] Anything Goes\n|rated|\n|rule|HP Percentage Mod: HP is shown in percentages\n|rule|Endless Battle Clause: Forcing endless battles is banned\n|clearpoke\n|poke|p1|Tropius, F|\n|poke|p1|Cramorant, F|\n|poke|p1|Ditto|\n|poke|p1|Houndstone, M|\n|poke|p1|Chansey, F|\n|poke|p1|Weezing, F|\n|poke|p2|Calyrex-Shadow|\n|poke|p2|Kyogre|\n|poke|p2|Zacian-*|\n|poke|p2|Zamazenta-*|\n|poke|p2|Ditto|\n|poke|p2|Hatterene, F|\n|teampreview\n|\n|t:|1699089384\n|start\n|switch|p1a: Ditto|Ditto|100\/100\n|switch|p2a: Zamazenta|Zamazenta-Crowned|100\/100\n|-ability|p2a: Zamazenta|Dauntless Shield|boost\n|-boost|p2a: Zamazenta|def|1\n|-transform|p1a: Ditto|p2a: Zamazenta|[from] ability: Imposter\n|-ability|p1a: Ditto|Dauntless Shield|boost\n|-boost|p1a: Ditto|def|1\n|turn|1\n|\n|t:|1699089412\n|switch|p1a: Houndstone|Houndstone, M|100\/100\n|-terastallize|p2a: Zamazenta|Fighting\n|move|p2a: Zamazenta|Iron Defense|p2a: Zamazenta\n|-boost|p2a: Zamazenta|def|2\n|\n|upkeep\n|turn|2\n|\n|t:|1699089421\n|move|p2a: Zamazenta|Behemoth Bash|p1a: Houndstone\n|-damage|p1a: Houndstone|52\/100\n|move|p1a: Houndstone|Will-O-Wisp|p2a: Zamazenta\n|-status|p2a: Zamazenta|brn\n|\n|-damage|p2a: Zamazenta|94\/100 brn|[from] brn\n|upkeep\n|turn|3\n|\n|t:|1699089440\n|switch|p1a: Tropius|Tropius, F|100\/100\n|move|p2a: Zamazenta|Behemoth Bash|p1a: Tropius\n|-damage|p1a: Tropius|87\/100\n|\n|-damage|p2a: Zamazenta|88\/100 brn|[from] brn\n|upkeep\n|turn|4\n|\n|t:|1699089453\n|move|p2a: Zamazenta|Body Press|p1a: Tropius\n|-resisted|p1a: Tropius\n|-damage|p1a: Tropius|59\/100\n|move|p1a: Tropius|Leech Seed|p2a: Zamazenta\n|-start|p2a: Zamazenta|move: Leech Seed\n|\n|-damage|p2a: Zamazenta|76\/100 brn|[from] Leech Seed|[of] p1a: Tropius\n|-heal|p1a: Tropius|71\/100|[silent]\n|-damage|p2a: Zamazenta|70\/100 brn|[from] brn\n|upkeep\n|turn|5\n|-message|ghhka forfeited.\n|\n|win|SkyPrincess420\n|raw|SkyPrincess420's rating: 1192 &rarr; <strong>1211<\/strong><br \/>(+19 for winning)\n|raw|ghhka's rating: 1101 &rarr; <strong>1082<\/strong><br \/>(-19 for losing)\n|l|\u2606ghhka\n","uploadtime":1699089465,"views":8,"p1id":"skyprincess420","p2id":"ghhka","formatid":"gen9anythinggoes","rating":1082,"private":0,"password":""}