{"id":"gen9anythinggoes-1988432502","p1":"Quillavel!","p2":"Shroomfruit","format":"[Gen 9] Anything Goes","log":"|j|\u2606Quillavel!\n|j|\u2606Shroomfruit\n|t:|1699722351\n|gametype|singles\n|player|p1|Quillavel!|roxie|\n|player|p2|Shroomfruit|ingo|\n|teamsize|p1|6\n|teamsize|p2|6\n|gen|9\n|tier|[Gen 9] Anything Goes\n|rule|HP Percentage Mod: HP is shown in percentages\n|rule|Endless Battle Clause: Forcing endless battles is banned\n|clearpoke\n|poke|p1|Ninetales-Alola, F|\n|poke|p1|Azumarill, F|\n|poke|p1|Gardevoir, M|\n|poke|p1|Hatterene, F|\n|poke|p1|Dragapult, F|\n|poke|p1|Mimikyu, M|\n|poke|p2|Kingambit, M|\n|poke|p2|Corviknight, M|\n|poke|p2|Iron Treads|\n|poke|p2|Revavroom, M|\n|poke|p2|Gholdengo|\n|poke|p2|Annihilape, M|\n|teampreview\n|\n|t:|1699722362\n|start\n|switch|p1a: Yae|Ninetales-Alola, F, shiny|100\/100\n|switch|p2a: Pok\u00e9mon|Corviknight, M|100\/100\n|-weather|Snow|[from] ability: Snow Warning|[of] p1a: Yae\n|turn|1\n|c|\u2606Quillavel!|WAIT\n|c|\u2606Quillavel!|YOUR TEAM COUNTERS MINE LOLLL\n|c|\u2606Quillavel!|thisll be fun\n|\n|t:|1699722382\n|move|p1a: Yae|Aurora Veil|p1a: Yae\n|-sidestart|p1: Quillavel!|move: Aurora Veil\n|move|p2a: Pok\u00e9mon|Taunt|p1a: Yae\n|-start|p1a: Yae|move: Taunt\n|\n|-weather|Snow|[upkeep]\n|upkeep\n|turn|2\n|\n|t:|1699722392\n|move|p1a: Yae|Blizzard|p2a: Pok\u00e9mon\n|-damage|p2a: Pok\u00e9mon|73\/100\n|move|p2a: Pok\u00e9mon|Light Screen|p2a: Pok\u00e9mon\n|-sidestart|p2: Shroomfruit|move: Light Screen\n|\n|-weather|Snow|[upkeep]\n|upkeep\n|turn|3\n|\n|t:|1699722400\n|move|p1a: Yae|Moonblast|p2a: Pok\u00e9mon\n|-resisted|p2a: Pok\u00e9mon\n|-damage|p2a: Pok\u00e9mon|67\/100\n|move|p2a: Pok\u00e9mon|U-turn|p1a: Yae\n|-resisted|p1a: Yae\n|-damage|p1a: Yae|97\/100\n|\n|t:|1699722416\n|switch|p2a: Teriyaki|Annihilape, M|100\/100|[from] U-turn\n|\n|-weather|Snow|[upkeep]\n|upkeep\n|turn|4\n|\n|t:|1699722426\n|move|p1a: Yae|Blizzard|p2a: Teriyaki\n|-damage|p2a: Teriyaki|87\/100\n|-status|p2a: Teriyaki|frz\n|cant|p2a: Teriyaki|frz\n|\n|-weather|Snow|[upkeep]\n|-heal|p2a: Teriyaki|93\/100 frz|[from] item: Leftovers\n|-end|p1a: Yae|move: Taunt\n|upkeep\n|turn|5\n|\n|t:|1699722439\n|-terastallize|p2a: Teriyaki|Steel\n|move|p1a: Yae|Moonblast|p2a: Teriyaki\n|-resisted|p2a: Teriyaki\n|-damage|p2a: Teriyaki|87\/100 frz\n|-unboost|p2a: Teriyaki|spa|1\n|-ability|p2a: Teriyaki|Defiant|boost\n|-boost|p2a: Teriyaki|atk|2\n|cant|p2a: Teriyaki|frz\n|\n|-weather|none\n|-heal|p2a: Teriyaki|93\/100 frz|[from] item: Leftovers\n|upkeep\n|turn|6\n|\n|t:|1699722459\n|switch|p1a: The Mad Hatter|Hatterene, F|100\/100\n|-curestatus|p2a: Teriyaki|frz|[msg]\n|move|p2a: Teriyaki|Bulk Up|p2a: Teriyaki\n|-boost|p2a: Teriyaki|atk|1\n|-boost|p2a: Teriyaki|def|1\n|\n|-heal|p2a: Teriyaki|99\/100|[from] item: Leftovers\n|upkeep\n|turn|7\n|\n|t:|1699722480\n|move|p2a: Teriyaki|Rage Fist|p1a: The Mad Hatter\n|-supereffective|p1a: The Mad Hatter\n|-damage|p1a: The Mad Hatter|0 fnt\n|faint|p1a: The Mad Hatter\n|\n|-heal|p2a: Teriyaki|100\/100|[from] item: Leftovers\n|upkeep\n|c|\u2606Quillavel!|uh oh\n|\n|t:|1699722490\n|switch|p1a: Megumi|Mimikyu, M|100\/100\n|turn|8\n|\n|t:|1699722501\n|move|p1a: Megumi|Swords Dance|p1a: Megumi\n|-boost|p1a: Megumi|atk|2\n|move|p2a: Teriyaki|Rage Fist|p1a: Megumi\n|-activate|p1a: Megumi|ability: Disguise\n|-damage|p1a: Megumi|100\/100\n|detailschange|p1a: Megumi|Mimikyu-Busted, M\n|-damage|p1a: Megumi|88\/100|[from] pokemon: Mimikyu-Busted\n|\n|-sideend|p1: Quillavel!|move: Aurora Veil\n|upkeep\n|turn|9\n|\n|t:|1699722517\n|move|p1a: Megumi|Shadow Sneak|p2a: Teriyaki\n|-damage|p2a: Teriyaki|71\/100\n|-damage|p1a: Megumi|78\/100|[from] item: Life Orb\n|move|p2a: Teriyaki|Rage Fist|p1a: Megumi\n|-supereffective|p1a: Megumi\n|-damage|p1a: Megumi|0 fnt\n|faint|p1a: Megumi\n|\n|-heal|p2a: Teriyaki|77\/100|[from] item: Leftovers\n|-sideend|p2: Shroomfruit|move: Light Screen\n|upkeep\n|\n|t:|1699722529\n|switch|p1a: Danger noodle|Dragapult, F|100\/100\n|turn|10\n|c|\u2606Quillavel!|ruhroh\n|\n|t:|1699722539\n|-terastallize|p1a: Danger noodle|Fairy\n|move|p1a: Danger noodle|Dragon Dance|p1a: Danger noodle\n|-boost|p1a: Danger noodle|atk|1\n|-boost|p1a: Danger noodle|spe|1\n|move|p2a: Teriyaki|Rage Fist|p1a: Danger noodle\n|-damage|p1a: Danger noodle|0 fnt\n|faint|p1a: Danger noodle\n|\n|-heal|p2a: Teriyaki|83\/100|[from] item: Leftovers\n|upkeep\n|\n|t:|1699722549\n|switch|p1a: sillygirl|Azumarill, F|100\/100\n|turn|11\n|\n|t:|1699722561\n|move|p2a: Teriyaki|Rage Fist|p1a: sillygirl\n|-damage|p1a: sillygirl|0 fnt\n|faint|p1a: sillygirl\n|\n|-heal|p2a: Teriyaki|89\/100|[from] item: Leftovers\n|upkeep\n|\n|t:|1699722567\n|switch|p1a: Yuuki|Gardevoir, M, shiny|100\/100\n|-ability|p1a: Yuuki|Defiant|[from] ability: Trace|[of] p2a: Teriyaki\n|turn|12\n|\n|t:|1699722574\n|move|p1a: Yuuki|Psychic|p2a: Teriyaki\n|-resisted|p2a: Teriyaki\n|-damage|p2a: Teriyaki|74\/100\n|move|p2a: Teriyaki|Rage Fist|p1a: Yuuki\n|-supereffective|p1a: Yuuki\n|-damage|p1a: Yuuki|0 fnt\n|faint|p1a: Yuuki\n|\n|-heal|p2a: Teriyaki|81\/100|[from] item: Leftovers\n|upkeep\n|\n|t:|1699722582\n|switch|p1a: Yae|Ninetales-Alola, F, shiny|97\/100\n|-weather|Snow|[from] ability: Snow Warning|[of] p1a: Yae\n|turn|13\n|\n|t:|1699722590\n|move|p1a: Yae|Blizzard|p2a: Teriyaki\n|-resisted|p2a: Teriyaki\n|-damage|p2a: Teriyaki|67\/100\n|move|p2a: Teriyaki|Drain Punch|p1a: Yae\n|-damage|p1a: Yae|30\/100\n|-heal|p2a: Teriyaki|90\/100|[from] drain|[of] p1a: Yae\n|\n|-weather|Snow|[upkeep]\n|-heal|p2a: Teriyaki|96\/100|[from] item: Leftovers\n|upkeep\n|turn|14\n|\n|t:|1699722603\n|move|p1a: Yae|Blizzard|p2a: Teriyaki\n|-resisted|p2a: Teriyaki\n|-damage|p2a: Teriyaki|82\/100\n|move|p2a: Teriyaki|Drain Punch|p1a: Yae\n|-damage|p1a: Yae|0 fnt\n|-heal|p2a: Teriyaki|92\/100|[from] drain|[of] p1a: Yae\n|faint|p1a: Yae\n|\n|win|Shroomfruit\n|c|\u2606Quillavel!|gg\n|l|\u2606Quillavel!\n|l|\u2606Shroomfruit\n|j|\u2606Shroomfruit\n|player|p2|Shroomfruit|ingo\n","uploadtime":1699722670,"views":25,"p1id":"quillavel","p2id":"shroomfruit","formatid":"gen9anythinggoes","rating":0,"private":0,"password":""}