{"id":"gen9anythinggoes-1996307893","p1":"MrCatKing07","p2":"Scorpion257","format":"[Gen 9] Anything Goes","log":"|j|\u2606MrCatKing07\n|j|\u2606Scorpion257\n|t:|1700669684\n|gametype|singles\n|player|p1|MrCatKing07|preschoolers|1484\n|player|p2|Scorpion257|giovanni|1748\n|teamsize|p1|6\n|teamsize|p2|6\n|gen|9\n|tier|[Gen 9] Anything Goes\n|rated|\n|rule|HP Percentage Mod: HP is shown in percentages\n|rule|Endless Battle Clause: Forcing endless battles is banned\n|clearpoke\n|poke|p1|Calyrex-Ice|\n|poke|p1|Arceus|\n|poke|p1|Dondozo, F|\n|poke|p1|Indeedee-F, F|\n|poke|p1|Sableye, M|\n|poke|p1|Ursaluna-Bloodmoon, M|\n|poke|p2|Miraidon|\n|poke|p2|Calyrex-Shadow|\n|poke|p2|Arceus-Water|\n|poke|p2|Ting-Lu|\n|poke|p2|Koraidon|\n|poke|p2|Zacian-*|\n|teampreview\n|inactive|Battle timer is ON: inactive players will automatically lose when time's up. (requested by Scorpion257)\n|inactive|MrCatKing07 also wants the timer to be on.\n|\n|t:|1700669707\n|start\n|switch|p1a: Arceus|Arceus|100\/100\n|switch|p2a: Koraidon|Koraidon|100\/100\n|-weather|SunnyDay|[from] ability: Orichalcum Pulse|[of] p2a: Koraidon\n|-activate|p2a: Koraidon|Orichalcum Pulse|[source]\n|turn|1\n|inactive|MrCatKing07 has 120 seconds left.\n|\n|t:|1700669742\n|move|p2a: Koraidon|Scale Shot|p1a: Arceus\n|-damage|p1a: Arceus|88\/100\n|-damage|p1a: Arceus|76\/100\n|-damage|p1a: Arceus|64\/100\n|-damage|p1a: Arceus|52\/100\n|-damage|p1a: Arceus|41\/100\n|-hitcount|p1a: Arceus|5\n|-unboost|p2a: Koraidon|def|1\n|-boost|p2a: Koraidon|spe|1\n|move|p1a: Arceus|Trick|p2a: Koraidon\n|-activate|p1a: Arceus|move: Trick|[of] p2a: Koraidon\n|-item|p2a: Koraidon|Sticky Barb|[from] move: Trick\n|-item|p1a: Arceus|Loaded Dice|[from] move: Trick\n|\n|-weather|SunnyDay|[upkeep]\n|-damage|p2a: Koraidon|88\/100|[from] item: Sticky Barb\n|upkeep\n|turn|2\n|\n|t:|1700669753\n|move|p2a: Koraidon|Low Kick|p1a: Arceus\n|-supereffective|p1a: Arceus\n|-damage|p1a: Arceus|0 fnt\n|faint|p1a: Arceus\n|\n|-weather|SunnyDay|[upkeep]\n|-damage|p2a: Koraidon|76\/100|[from] item: Sticky Barb\n|upkeep\n|\n|t:|1700669755\n|switch|p1a: Indeedee|Indeedee-F, F|100\/100\n|-fieldstart|move: Psychic Terrain|[from] ability: Psychic Surge|[of] p1a: Indeedee\n|turn|3\n|\n|t:|1700669764\n|move|p1a: Indeedee|Fake Out|p2a: Koraidon\n|-activate|p2a: Koraidon|move: Psychic Terrain\n|move|p2a: Koraidon|Scale Shot|p1a: Indeedee\n|-damage|p1a: Indeedee|76\/100\n|-damage|p1a: Indeedee|49\/100\n|-hitcount|p1a: Indeedee|2\n|-unboost|p2a: Koraidon|def|1\n|-boost|p2a: Koraidon|spe|1\n|\n|-weather|SunnyDay|[upkeep]\n|-heal|p1a: Indeedee|55\/100|[from] item: Leftovers\n|-damage|p2a: Koraidon|64\/100|[from] item: Sticky Barb\n|upkeep\n|turn|4\n|inactive|MrCatKing07 has 120 seconds left.\n|c|\u2606MrCatKing07|ok this is useless\n|\n|t:|1700669805\n|move|p2a: Koraidon|Flare Blitz|p1a: Indeedee\n|-damage|p1a: Indeedee|0 fnt\n|faint|p1a: Indeedee\n|-damage|p2a: Koraidon|45\/100|[from] Recoil\n|\n|-weather|SunnyDay|[upkeep]\n|-damage|p2a: Koraidon|33\/100|[from] item: Sticky Barb\n|upkeep\n|\n|t:|1700669808\n|switch|p1a: Sableye|Sableye, M|100\/100\n|turn|5\n|inactive|MrCatKing07 has 120 seconds left.\n|\n|t:|1700669814\n|move|p1a: Sableye|Will-O-Wisp|p2a: Koraidon\n|-activate|p2a: Koraidon|move: Psychic Terrain\n|move|p2a: Koraidon|Flare Blitz|p1a: Sableye\n|-damage|p1a: Sableye|0 fnt\n|-damage|p2a: Koraidon|17\/100|[from] item: Rocky Helmet|[of] p1a: Sableye\n|faint|p1a: Sableye\n|-damage|p2a: Koraidon|0 fnt|[from] Recoil\n|faint|p2a: Koraidon\n|\n|-weather|none\n|upkeep\n|inactive|MrCatKing07 has 120 seconds left.\n|inactive|MrCatKing07 has 90 seconds left.\n|\n|t:|1700669869\n|switch|p2a: Calyrex|Calyrex-Shadow|100\/100\n|switch|p1a: Calyrex|Calyrex-Ice|100\/100\n|-ability|p2a: Calyrex|As One\n|-ability|p2a: Calyrex|Unnerve\n|-ability|p1a: Calyrex|As One\n|-ability|p1a: Calyrex|Unnerve\n|turn|6\n|\n|t:|1700669876\n|move|p2a: Calyrex|Trick|p1a: Calyrex\n|-activate|p2a: Calyrex|move: Trick|[of] p1a: Calyrex\n|-item|p1a: Calyrex|Choice Scarf|[from] move: Trick\n|-item|p2a: Calyrex|Life Orb|[from] move: Trick\n|move|p1a: Calyrex|Glacial Lance|p2a: Calyrex\n|-damage|p2a: Calyrex|6\/100\n|\n|upkeep\n|turn|7\n|inactive|MrCatKing07 has 90 seconds left.\n|\n|t:|1700669883\n|move|p2a: Calyrex|Astral Barrage|p1a: Calyrex\n|-supereffective|p1a: Calyrex\n|-damage|p1a: Calyrex|0 fnt\n|faint|p1a: Calyrex\n|-ability|p2a: Calyrex|Grim Neigh|boost\n|-boost|p2a: Calyrex|spa|1\n|-damage|p2a: Calyrex|0 fnt|[from] item: Life Orb\n|faint|p2a: Calyrex\n|\n|-fieldend|move: Psychic Terrain\n|upkeep\n|j| PivotsMan\n|\n|t:|1700669896\n|switch|p2a: Arceus|Arceus-Water|100\/100\n|switch|p1a: Dondozo|Dondozo, F|100\/100\n|turn|8\n|-message|MrCatKing07 forfeited.\n|\n|win|Scorpion257\n|raw|MrCatKing07's rating: 1484 &rarr; <strong>1477<\/strong><br \/>(-7 for losing)\n|raw|Scorpion257's rating: 1748 &rarr; <strong>1755<\/strong><br \/>(+7 for winning)\n|l|\u2606MrCatKing07\n|l|\u2606Scorpion257\n","uploadtime":1700669920,"views":0,"p1id":"mrcatking07","p2id":"scorpion257","formatid":"gen9anythinggoes","rating":1477,"private":0,"password":""}