{"id":"gen9anythinggoes-1985000562","p1":"Bob627","p2":"pikamucho","format":"[Gen 9] Anything Goes","log":"|j|\u2606Bob627\n|j|\u2606pikamucho\n|t:|1699319314\n|gametype|singles\n|player|p1|Bob627|102|1050\n|player|p2|pikamucho|2|1029\n|teamsize|p1|6\n|teamsize|p2|6\n|gen|9\n|tier|[Gen 9] Anything Goes\n|rated|\n|rule|HP Percentage Mod: HP is shown in percentages\n|rule|Endless Battle Clause: Forcing endless battles is banned\n|clearpoke\n|poke|p1|Maushold-Four|\n|poke|p1|Maushold-Four|\n|poke|p1|Maushold-Four|\n|poke|p1|Maushold-Four|\n|poke|p1|Maushold-Four|\n|poke|p1|Maushold-Four|\n|poke|p2|Pikachu, M|\n|poke|p2|Pikachu-Hoenn, M|\n|poke|p2|Pikachu-Kalos, M|\n|poke|p2|Pikachu-World, M|\n|poke|p2|Pikachu, F|\n|poke|p2|Pikachu, F|\n|teampreview\n|\n|t:|1699319333\n|start\n|switch|p1a: Maushold|Maushold-Four|100\/100\n|switch|p2a: Pikachu|Pikachu-Hoenn, M|100\/100\n|turn|1\n|inactive|Battle timer is ON: inactive players will automatically lose when time's up. (requested by Bob627)\n|\n|t:|1699319339\n|move|p1a: Maushold|Population Bomb|p2a: Pikachu\n|-damage|p2a: Pikachu|76\/100\n|-crit|p2a: Pikachu\n|-damage|p2a: Pikachu|41\/100\n|-status|p1a: Maushold|par|[from] ability: Static|[of] p2a: Pikachu\n|-damage|p2a: Pikachu|18\/100\n|-damage|p2a: Pikachu|0 fnt\n|faint|p2a: Pikachu\n|-hitcount|p2: Pikachu|4\n|\n|upkeep\n|inactive|pikamucho has 120 seconds left.\n|\n|t:|1699319383\n|switch|p2a: Pikachu|Pikachu, M|100\/100\n|turn|2\n|\n|t:|1699319388\n|move|p2a: Pikachu|Volt Tackle|p1a: Maushold\n|-damage|p1a: Maushold|9\/100 par\n|-damage|p2a: Pikachu|55\/100|[from] Recoil\n|cant|p1a: Maushold|par\n|\n|upkeep\n|turn|3\n|\n|t:|1699319393\n|move|p2a: Pikachu|Trailblaze|p1a: Maushold\n|-damage|p1a: Maushold|0 fnt\n|-boost|p2a: Pikachu|spe|1\n|faint|p1a: Maushold\n|\n|upkeep\n|\n|t:|1699319399\n|switch|p1a: Maushold|Maushold-Four|100\/100\n|turn|4\n|\n|t:|1699319403\n|move|p2a: Pikachu|Volt Tackle|p1a: Maushold\n|-enditem|p1a: Maushold|Focus Sash\n|-damage|p1a: Maushold|1\/100\n|-damage|p2a: Pikachu|5\/100|[from] Recoil\n|move|p1a: Maushold|Population Bomb|p2a: Pikachu\n|-damage|p2a: Pikachu|0 fnt\n|faint|p2a: Pikachu\n|-hitcount|p2: Pikachu|1\n|\n|upkeep\n|inactive|pikamucho has 120 seconds left.\n|\n|t:|1699319440\n|switch|p2a: Pikachu|Pikachu, F|100\/100\n|turn|5\n|\n|t:|1699319445\n|move|p2a: Pikachu|Fake Out|p1a: Maushold\n|-damage|p1a: Maushold|0 fnt\n|faint|p1a: Maushold\n|\n|upkeep\n|\n|t:|1699319449\n|switch|p1a: Maushold|Maushold-Four|100\/100\n|turn|6\n|inactive|pikamucho has 120 seconds left.\n|\n|t:|1699319466\n|switch|p2a: Pikachu|Pikachu-Kalos, M|100\/100\n|move|p1a: Maushold|Population Bomb|p2a: Pikachu\n|-damage|p2a: Pikachu|73\/100\n|-status|p1a: Maushold|par|[from] ability: Static|[of] p2a: Pikachu\n|-damage|p2a: Pikachu|45\/100\n|-damage|p2a: Pikachu|13\/100\n|-damage|p2a: Pikachu|0 fnt\n|faint|p2a: Pikachu\n|-hitcount|p2: Pikachu|4\n|\n|upkeep\n|inactive|pikamucho has 120 seconds left.\n|\n|t:|1699319491\n|switch|p2a: Pikachu|Pikachu-World, M|100\/100\n|turn|7\n|\n|t:|1699319496\n|move|p2a: Pikachu|Thunderbolt|p1a: Maushold\n|-damage|p1a: Maushold|40\/100 par\n|move|p1a: Maushold|Population Bomb|p2a: Pikachu\n|-damage|p2a: Pikachu|69\/100\n|-damage|p2a: Pikachu|37\/100\n|-damage|p2a: Pikachu|7\/100\n|-hitcount|p2a: Pikachu|3\n|\n|upkeep\n|turn|8\n|inactive|pikamucho has 120 seconds left.\n|\n|t:|1699319506\n|move|p2a: Pikachu|Thunderbolt|p1a: Maushold\n|-damage|p1a: Maushold|0 fnt\n|faint|p1a: Maushold\n|\n|upkeep\n|\n|t:|1699319510\n|switch|p1a: Maushold|Maushold-Four|100\/100\n|turn|9\n|\n|t:|1699319520\n|move|p2a: Pikachu|Thunderbolt|p1a: Maushold\n|-damage|p1a: Maushold|40\/100\n|move|p1a: Maushold|Population Bomb|p2a: Pikachu\n|-damage|p2a: Pikachu|0 fnt\n|faint|p2a: Pikachu\n|-hitcount|p2: Pikachu|1\n|\n|upkeep\n|\n|t:|1699319533\n|switch|p2a: Pikachu|Pikachu, F|100\/100\n|turn|10\n|\n|t:|1699319538\n|move|p2a: Pikachu|Brick Break|p1a: Maushold\n|-supereffective|p1a: Maushold\n|-damage|p1a: Maushold|0 fnt\n|faint|p1a: Maushold\n|\n|upkeep\n|\n|t:|1699319543\n|switch|p1a: Maushold|Maushold-Four|100\/100\n|turn|11\n|\n|t:|1699319545\n|move|p2a: Pikachu|Brick Break|p1a: Maushold\n|-supereffective|p1a: Maushold\n|-damage|p1a: Maushold|51\/100\n|move|p1a: Maushold|Population Bomb|p2a: Pikachu\n|-damage|p2a: Pikachu|69\/100\n|-damage|p2a: Pikachu|41\/100\n|-hitcount|p2a: Pikachu|2\n|\n|upkeep\n|turn|12\n|\n|t:|1699319561\n|move|p2a: Pikachu|Brick Break|p1a: Maushold\n|-supereffective|p1a: Maushold\n|-damage|p1a: Maushold|5\/100\n|move|p1a: Maushold|Population Bomb|p2a: Pikachu|[miss]\n|-miss|p1a: Maushold|p2a: Pikachu\n|\n|upkeep\n|turn|13\n|\n|t:|1699319576\n|move|p2a: Pikachu|Brick Break|p1a: Maushold\n|-supereffective|p1a: Maushold\n|-damage|p1a: Maushold|0 fnt\n|faint|p1a: Maushold\n|\n|upkeep\n|\n|t:|1699319581\n|switch|p1a: Maushold|Maushold-Four|100\/100\n|turn|14\n|\n|t:|1699319585\n|move|p2a: Pikachu|Brick Break|p1a: Maushold\n|-supereffective|p1a: Maushold\n|-damage|p1a: Maushold|55\/100\n|move|p1a: Maushold|Population Bomb|p2a: Pikachu\n|-damage|p2a: Pikachu|9\/100\n|-damage|p2a: Pikachu|0 fnt\n|-status|p1a: Maushold|par|[from] ability: Static|[of] p2a: Pikachu\n|faint|p2a: Pikachu\n|-hitcount|p2: Pikachu|2\n|\n|upkeep\n|\n|t:|1699319592\n|switch|p2a: Pikachu|Pikachu, F|100\/100\n|turn|15\n|\n|t:|1699319597\n|-terastallize|p2a: Pikachu|Normal\n|move|p2a: Pikachu|Fake Out|p1a: Maushold\n|-damage|p1a: Maushold|20\/100 par\n|cant|p1a: Maushold|flinch\n|\n|upkeep\n|turn|16\n|\n|t:|1699319605\n|-terastallize|p1a: Maushold|Normal\n|move|p2a: Pikachu|Quick Attack|p1a: Maushold\n|-damage|p1a: Maushold|0 fnt\n|faint|p1a: Maushold\n|\n|win|pikamucho\n|raw|Bob627's rating: 1050 &rarr; <strong>1033<\/strong><br \/>(-17 for losing)\n|raw|pikamucho's rating: 1062 &rarr; <strong>1092<\/strong><br \/>(+30 for winning)\n|l|\u2606Bob627\n","uploadtime":1699319622,"views":7,"p1id":"bob627","p2id":"pikamucho","formatid":"gen9anythinggoes","rating":1033,"private":0,"password":""}