{"id":"gen9anythinggoes-1984780496","p1":"jayden.bain","p2":"TanPadeusz","format":"[Gen 9] Anything Goes","log":"|j|\u2606jayden.bain\n|j|\u2606TanPadeusz\n|t:|1699298427\n|gametype|singles\n|player|p1|jayden.bain|170|1104\n|player|p2|TanPadeusz|giovanni|1126\n|teamsize|p1|6\n|teamsize|p2|6\n|gen|9\n|tier|[Gen 9] Anything Goes\n|rated|\n|rule|HP Percentage Mod: HP is shown in percentages\n|rule|Endless Battle Clause: Forcing endless battles is banned\n|clearpoke\n|poke|p1|Drifblim, M|\n|poke|p1|Blissey, F|\n|poke|p1|Drifblim, F|\n|poke|p1|Polteageist|\n|poke|p1|Mimikyu, M|\n|poke|p1|Copperajah, M|\n|poke|p2|Gallade, M|\n|poke|p2|Tinkaton, F|\n|poke|p2|Toxapex, F|\n|poke|p2|Gliscor, M|\n|poke|p2|Zoroark-Hisui, M|\n|poke|p2|Hydreigon, M|\n|teampreview\n|c|\u2606TanPadeusz|hi\n|c|\u2606TanPadeusz|glhf\n|\n|t:|1699298436\n|start\n|switch|p1a: Drifblim|Drifblim, M|100\/100\n|switch|p2a: Toxapex|Toxapex, F|100\/100\n|turn|1\n|c|\u2606jayden.bain|hi\n|c|\u2606jayden.bain|dont say mean things\n|c|\u2606jayden.bain|pls\n|\n|t:|1699298448\n|move|p1a: Drifblim|Minimize|p1a: Drifblim\n|-boost|p1a: Drifblim|evasion|2\n|move|p2a: Toxapex|Toxic|p1a: Drifblim\n|-status|p1a: Drifblim|tox\n|\n|-damage|p1a: Drifblim|94\/100 tox|[from] psn\n|upkeep\n|turn|2\n|c|\u2606TanPadeusz|I won't\n|c|\u2606jayden.bain|im 16 i dont wanna cry\n|\n|t:|1699298468\n|move|p1a: Drifblim|Minimize|p1a: Drifblim\n|-boost|p1a: Drifblim|evasion|2\n|move|p2a: Toxapex|Toxic Spikes|p1a: Drifblim\n|-sidestart|p1: jayden.bain|move: Toxic Spikes\n|\n|-damage|p1a: Drifblim|82\/100 tox|[from] psn\n|upkeep\n|turn|3\n|\n|t:|1699298474\n|move|p1a: Drifblim|Minimize|p1a: Drifblim\n|-boost|p1a: Drifblim|evasion|2\n|move|p2a: Toxapex|Toxic Spikes|p1a: Drifblim\n|-sidestart|p1: jayden.bain|move: Toxic Spikes\n|\n|-damage|p1a: Drifblim|64\/100 tox|[from] psn\n|upkeep\n|turn|4\n|\n|t:|1699298480\n|move|p2a: Toxapex|Baneful Bunker|p2a: Toxapex\n|-singleturn|p2a: Toxapex|move: Protect\n|move|p1a: Drifblim|Baton Pass|p1a: Drifblim\n|\n|t:|1699298484\n|switch|p1a: Polteageist|Polteageist, shiny|100\/100|[from] Baton Pass\n|-status|p1a: Polteageist|tox\n|\n|-damage|p1a: Polteageist|94\/100 tox|[from] psn\n|upkeep\n|turn|5\n|\n|t:|1699298491\n|move|p1a: Polteageist|Shell Smash|p1a: Polteageist\n|-unboost|p1a: Polteageist|def|1\n|-unboost|p1a: Polteageist|spd|1\n|-boost|p1a: Polteageist|atk|2\n|-boost|p1a: Polteageist|spa|2\n|-boost|p1a: Polteageist|spe|2\n|move|p2a: Toxapex|Recover||[still]\n|-fail|p2a: Toxapex|heal\n|\n|-damage|p1a: Polteageist|82\/100 tox|[from] psn\n|upkeep\n|turn|6\n|\n|t:|1699298499\n|move|p2a: Toxapex|Baneful Bunker|p2a: Toxapex\n|-singleturn|p2a: Toxapex|move: Protect\n|move|p1a: Polteageist|Stored Power|p2a: Toxapex\n|-activate|p2a: Toxapex|move: Protect\n|\n|-damage|p1a: Polteageist|64\/100 tox|[from] psn\n|upkeep\n|turn|7\n|\n|t:|1699298518\n|switch|p2a: Hydreigon|Hydreigon, M|100\/100\n|move|p1a: Polteageist|Stored Power|p2a: Hydreigon\n|-immune|p2a: Hydreigon\n|\n|-damage|p1a: Polteageist|39\/100 tox|[from] psn\n|upkeep\n|turn|8\n|\n|t:|1699298528\n|move|p1a: Polteageist|Strength Sap|p2a: Hydreigon\n|-unboost|p2a: Hydreigon|atk|1\n|-heal|p1a: Polteageist|100\/100 tox\n|move|p2a: Hydreigon|Dragon Dance|p2a: Hydreigon\n|-boost|p2a: Hydreigon|atk|1\n|-boost|p2a: Hydreigon|spe|1\n|\n|-damage|p1a: Polteageist|70\/100 tox|[from] psn\n|upkeep\n|turn|9\n|\n|t:|1699298536\n|move|p1a: Polteageist|Strength Sap|p2a: Hydreigon\n|-unboost|p2a: Hydreigon|atk|1\n|-heal|p1a: Polteageist|100\/100 tox\n|move|p2a: Hydreigon|Dragon Dance|p2a: Hydreigon\n|-boost|p2a: Hydreigon|atk|1\n|-boost|p2a: Hydreigon|spe|1\n|\n|-damage|p1a: Polteageist|64\/100 tox|[from] psn\n|upkeep\n|turn|10\n|\n|t:|1699298546\n|move|p2a: Hydreigon|Dragon Dance|p2a: Hydreigon\n|-boost|p2a: Hydreigon|atk|1\n|-boost|p2a: Hydreigon|spe|1\n|move|p1a: Polteageist|Baton Pass|p1a: Polteageist\n|\n|t:|1699298551\n|switch|p1a: Blissey|Blissey, F, shiny|100\/100|[from] Baton Pass\n|-status|p1a: Blissey|tox\n|\n|-damage|p1a: Blissey|94\/100 tox|[from] psn\n|upkeep\n|turn|11\n|\n|t:|1699298562\n|move|p2a: Hydreigon|Dragon Dance|p2a: Hydreigon\n|-boost|p2a: Hydreigon|atk|1\n|-boost|p2a: Hydreigon|spe|1\n|move|p1a: Blissey|Thunder|p2a: Hydreigon\n|-resisted|p2a: Hydreigon\n|-damage|p2a: Hydreigon|77\/100\n|-status|p2a: Hydreigon|par\n|\n|-heal|p1a: Blissey|100\/100 tox|[from] item: Leftovers\n|-damage|p1a: Blissey|88\/100 tox|[from] psn\n|upkeep\n|turn|12\n|\n|t:|1699298573\n|move|p2a: Hydreigon|Earthquake|p1a: Blissey\n|-damage|p1a: Blissey|0 fnt\n|faint|p1a: Blissey\n|\n|upkeep\n|-message|jayden.bain forfeited.\n|\n|win|TanPadeusz\n|raw|jayden.bain's rating: 1104 &rarr; <strong>1081<\/strong><br \/>(-23 for losing)\n|raw|TanPadeusz's rating: 1126 &rarr; <strong>1149<\/strong><br \/>(+23 for winning)\n|l|\u2606jayden.bain\n","uploadtime":1699298606,"views":5,"p1id":"jaydenbain","p2id":"tanpadeusz","formatid":"gen9anythinggoes","rating":1081,"private":0,"password":""}