{"id":"gen9anythinggoes-2000292425","p1":"ThomasTheTank8","p2":"Eioki","format":"[Gen 9] Anything Goes","log":"|j|\u203dThomasTheTank8\n|j|\u2606Eioki\n|t:|1701182039\n|gametype|singles\n|player|p1|ThomasTheTank8|roark|1275\n|player|p2|Eioki|1|1385\n|teamsize|p1|6\n|teamsize|p2|6\n|gen|9\n|tier|[Gen 9] Anything Goes\n|rated|\n|rule|HP Percentage Mod: HP is shown in percentages\n|rule|Endless Battle Clause: Forcing endless battles is banned\n|clearpoke\n|poke|p1|Abomasnow, M|\n|poke|p1|Articuno|\n|poke|p1|Landorus, M|\n|poke|p1|Groudon|\n|poke|p1|Kingambit, F|\n|poke|p1|Crawdaunt, M|\n|poke|p2|Kilowattrel, F|\n|poke|p2|Calyrex-Shadow|\n|poke|p2|Zacian-*|\n|poke|p2|Dragapult, F|\n|poke|p2|Toxapex, M|\n|poke|p2|Manaphy|\n|teampreview\n|inactive|Battle timer is ON: inactive players will automatically lose when time's up. (requested by ThomasTheTank8)\n|\n|t:|1701182042\n|start\n|switch|p1a: Abomasnow|Abomasnow, M|100\/100\n|switch|p2a: Toxapex|Toxapex, M, shiny|100\/100\n|-weather|Snow|[from] ability: Snow Warning|[of] p1a: Abomasnow\n|turn|1\n|\n|t:|1701182048\n|move|p1a: Abomasnow|Aurora Veil|p1a: Abomasnow\n|-sidestart|p1: ThomasTheTank8|move: Aurora Veil\n|move|p2a: Toxapex|Infestation|p1a: Abomasnow\n|-supereffective|p1a: Abomasnow\n|-damage|p1a: Abomasnow|98\/100\n|-activate|p1a: Abomasnow|move: Infestation|[of] p2a: Toxapex\n|\n|-weather|Snow|[upkeep]\n|-damage|p1a: Abomasnow|85\/100|[from] move: Infestation|[partiallytrapped]\n|upkeep\n|turn|2\n|\n|t:|1701182055\n|move|p1a: Abomasnow|Sheer Cold|p2a: Toxapex|[miss]\n|-miss|p1a: Abomasnow|p2a: Toxapex\n|move|p2a: Toxapex|Toxic|p1a: Abomasnow\n|-status|p1a: Abomasnow|tox\n|\n|-weather|Snow|[upkeep]\n|-damage|p1a: Abomasnow|79\/100 tox|[from] psn\n|-damage|p1a: Abomasnow|67\/100 tox|[from] move: Infestation|[partiallytrapped]\n|upkeep\n|turn|3\n|\n|t:|1701182066\n|move|p1a: Abomasnow|Sheer Cold|p2a: Toxapex\n|-damage|p2a: Toxapex|0 fnt\n|faint|p2a: Toxapex\n|-ohko\n|\n|-weather|Snow|[upkeep]\n|-damage|p1a: Abomasnow|55\/100 tox|[from] psn\n|-end|p1a: Abomasnow|Infestation|[partiallytrapped]|[silent]\n|upkeep\n|\n|t:|1701182077\n|switch|p2a: Kilowattrel|Kilowattrel, F|100\/100\n|turn|4\n|\n|t:|1701182080\n|switch|p1a: Articuno|Articuno|100\/100\n|move|p2a: Kilowattrel|Tailwind|p2a: Kilowattrel\n|-sidestart|p2: Eioki|move: Tailwind\n|-start|p2a: Kilowattrel|Charge|Tailwind|[from] ability: Wind Power\n|\n|-weather|Snow|[upkeep]\n|upkeep\n|turn|5\n|\n|t:|1701182090\n|move|p2a: Kilowattrel|Roost||[still]\n|-fail|p2a: Kilowattrel|heal\n|move|p1a: Articuno|Blizzard|p2a: Kilowattrel\n|-supereffective|p2a: Kilowattrel\n|-damage|p2a: Kilowattrel|0 fnt\n|faint|p2a: Kilowattrel\n|\n|-weather|none\n|upkeep\n|\n|t:|1701182104\n|switch|p2a: Manaphy|Manaphy|100\/100\n|turn|6\n|\n|t:|1701182108\n|move|p2a: Manaphy|Take Heart|p2a: Manaphy\n|-boost|p2a: Manaphy|spa|1\n|-boost|p2a: Manaphy|spd|1\n|move|p1a: Articuno|Sheer Cold|p2a: Manaphy|[miss]\n|-miss|p1a: Articuno|p2a: Manaphy\n|\n|upkeep\n|turn|7\n|\n|t:|1701182115\n|move|p2a: Manaphy|Take Heart|p2a: Manaphy\n|-boost|p2a: Manaphy|spa|1\n|-boost|p2a: Manaphy|spd|1\n|move|p1a: Articuno|Sheer Cold|p2a: Manaphy|[miss]\n|-miss|p1a: Articuno|p2a: Manaphy\n|\n|-sideend|p2: Eioki|move: Tailwind\n|upkeep\n|turn|8\n|\n|t:|1701182121\n|move|p2a: Manaphy|Take Heart|p2a: Manaphy\n|-boost|p2a: Manaphy|spa|1\n|-boost|p2a: Manaphy|spd|1\n|move|p1a: Articuno|Sheer Cold|p2a: Manaphy|[miss]\n|-miss|p1a: Articuno|p2a: Manaphy\n|\n|-sideend|p1: ThomasTheTank8|move: Aurora Veil\n|upkeep\n|turn|9\n|\n|t:|1701182129\n|move|p2a: Manaphy|Scald|p1a: Articuno\n|-damage|p1a: Articuno|34\/100\n|move|p1a: Articuno|Sheer Cold|p2a: Manaphy|[miss]\n|-miss|p1a: Articuno|p2a: Manaphy\n|\n|upkeep\n|turn|10\n|\n|t:|1701182135\n|move|p2a: Manaphy|Scald|p1a: Articuno\n|-damage|p1a: Articuno|0 fnt\n|faint|p1a: Articuno\n|\n|upkeep\n|\n|t:|1701182141\n|switch|p1a: Kingambit|Kingambit, F|100\/100\n|-activate|p1a: Kingambit|ability: Supreme Overlord\n|-start|p1a: Kingambit|fallen1|[silent]\n|turn|11\n|\n|t:|1701182145\n|move|p2a: Manaphy|Scald|p1a: Kingambit\n|-damage|p1a: Kingambit|3\/100\n|-status|p1a: Kingambit|brn\n|move|p1a: Kingambit|Guillotine|p2a: Manaphy\n|-damage|p2a: Manaphy|0 fnt\n|faint|p2a: Manaphy\n|-ohko\n|\n|-heal|p1a: Kingambit|9\/100 brn|[from] item: Leftovers\n|-damage|p1a: Kingambit|3\/100 brn|[from] brn\n|upkeep\n|\n|t:|1701182156\n|switch|p2a: Calyrex|Calyrex-Shadow|100\/100\n|-ability|p2a: Calyrex|As One\n|-ability|p2a: Calyrex|Unnerve\n|turn|12\n|\n|t:|1701182162\n|move|p1a: Kingambit|Sucker Punch|p2a: Calyrex\n|-supereffective|p2a: Calyrex\n|-enditem|p2a: Calyrex|Focus Sash\n|-damage|p2a: Calyrex|1\/100\n|move|p2a: Calyrex|Draining Kiss|p1a: Kingambit\n|-damage|p1a: Kingambit|0 fnt\n|-heal|p2a: Calyrex|3\/100|[from] drain|[of] p1a: Kingambit\n|faint|p1a: Kingambit\n|-end|p1a: Kingambit|fallen1|[silent]\n|-ability|p2a: Calyrex|Grim Neigh|boost\n|-boost|p2a: Calyrex|spa|1\n|\n|upkeep\n|\n|t:|1701182168\n|switch|p1a: Abomasnow|Abomasnow, M|55\/100 tox\n|-weather|Snow|[from] ability: Snow Warning|[of] p1a: Abomasnow\n|turn|13\n|\n|t:|1701182177\n|move|p1a: Abomasnow|Ice Shard|p2a: Calyrex\n|-damage|p2a: Calyrex|0 fnt\n|faint|p2a: Calyrex\n|\n|-weather|Snow|[upkeep]\n|-damage|p1a: Abomasnow|49\/100 tox|[from] psn\n|upkeep\n|\n|t:|1701182183\n|switch|p2a: Zacian|Zacian-Crowned, shiny|100\/100\n|-ability|p2a: Zacian|Intrepid Sword|boost\n|-boost|p2a: Zacian|atk|1\n|turn|14\n|\n|t:|1701182189\n|switch|p1a: Crawdaunt|Crawdaunt, M|100\/100\n|move|p2a: Zacian|Swords Dance|p2a: Zacian\n|-boost|p2a: Zacian|atk|2\n|\n|-weather|Snow|[upkeep]\n|upkeep\n|turn|15\n|\n|t:|1701182195\n|move|p2a: Zacian|Play Rough|p1a: Crawdaunt\n|-supereffective|p1a: Crawdaunt\n|-enditem|p1a: Crawdaunt|Focus Sash\n|-damage|p1a: Crawdaunt|1\/100\n|-unboost|p1a: Crawdaunt|atk|1\n|move|p1a: Crawdaunt|Guillotine|p2a: Zacian\n|-damage|p2a: Zacian|0 fnt\n|faint|p2a: Zacian\n|-ohko\n|\n|-weather|Snow|[upkeep]\n|upkeep\n|\n|t:|1701182205\n|switch|p2a: Dragapult|Dragapult, F|100\/100\n|turn|16\n|\n|t:|1701182207\n|move|p2a: Dragapult|Dragon Dance|p2a: Dragapult\n|-boost|p2a: Dragapult|atk|1\n|-boost|p2a: Dragapult|spe|1\n|move|p1a: Crawdaunt|Knock Off|p2a: Dragapult\n|-supereffective|p2a: Dragapult\n|-damage|p2a: Dragapult|0 fnt\n|-enditem|p2a: Dragapult|Expert Belt|[from] move: Knock Off|[of] p1a: Crawdaunt\n|faint|p2a: Dragapult\n|\n|win|ThomasTheTank8\n|raw|ThomasTheTank8's rating: 1275 &rarr; <strong>1308<\/strong><br \/>(+33 for winning)\n|raw|Eioki's rating: 1385 &rarr; <strong>1359<\/strong><br \/>(-26 for losing)\n|l|\u2606Eioki\n|l|\u203dThomasTheTank8\n|j|\u203dThomasTheTank8\n|player|p1|ThomasTheTank8|roark\n|n|\u203dThomasTheTank8|thomasthetank8\n","uploadtime":1701182216,"views":11,"p1id":"thomasthetank8","p2id":"eioki","formatid":"gen9anythinggoes","rating":1308,"private":0,"password":""}