{"id":"gen9anythinggoes-1984483392","p1":"Mac Moist","p2":"eavo x","format":"[Gen 9] Anything Goes","log":"|j|\u2606Mac Moist\n|j|\u2606eavo x\n|t:|1699270758\n|gametype|singles\n|player|p1|Mac Moist|pokemaniac|1549\n|player|p2|eavo x|erika-gen2|1642\n|teamsize|p1|6\n|teamsize|p2|6\n|gen|9\n|tier|[Gen 9] Anything Goes\n|rated|\n|rule|HP Percentage Mod: HP is shown in percentages\n|rule|Endless Battle Clause: Forcing endless battles is banned\n|clearpoke\n|poke|p1|Miraidon|\n|poke|p1|Arceus|\n|poke|p1|Landorus-Therian, M|\n|poke|p1|Calyrex-Shadow|\n|poke|p1|Chien-Pao|\n|poke|p1|Ditto|\n|poke|p2|Kingambit, F|\n|poke|p2|Ting-Lu|\n|poke|p2|Eternatus|\n|poke|p2|Calyrex-Shadow|\n|poke|p2|Landorus-Therian, M|\n|poke|p2|Koraidon|\n|teampreview\n|inactive|Battle timer is ON: inactive players will automatically lose when time's up. (requested by eavo x)\n|\n|t:|1699270771\n|start\n|switch|p1a: Landorus|Landorus-Therian, M|100\/100\n|switch|p2a: In The Clouds|Landorus-Therian, M, shiny|100\/100\n|-ability|p1a: Landorus|Intimidate|boost\n|-unboost|p2a: In The Clouds|atk|1\n|-ability|p2a: In The Clouds|Intimidate|boost\n|-unboost|p1a: Landorus|atk|1\n|turn|1\n|j| laprasplayer\n|\n|t:|1699270779\n|-terastallize|p2a: In The Clouds|Fairy\n|move|p1a: Landorus|Stealth Rock|p2a: In The Clouds\n|-sidestart|p2: eavo x|move: Stealth Rock\n|move|p2a: In The Clouds|Taunt|p1a: Landorus\n|-start|p1a: Landorus|move: Taunt\n|\n|upkeep\n|turn|2\n|c| laprasplayer|wot\n|\n|t:|1699270791\n|move|p1a: Landorus|Earthquake|p2a: In The Clouds\n|-damage|p2a: In The Clouds|71\/100\n|move|p2a: In The Clouds|Stealth Rock|p1a: Landorus\n|-sidestart|p1: Mac Moist|move: Stealth Rock\n|\n|upkeep\n|turn|3\n|c|\u2606eavo x|who the fuck is running 32+ speed bro\n|c| laprasplayer|bro is scared of a random ass chien set\n|\n|t:|1699270814\n|switch|p2a: Eternal Suffering|Eternatus, shiny|100\/100\n|-ability|p2a: Eternal Suffering|Pressure\n|move|p1a: Landorus|Earthquake|p2a: Eternal Suffering\n|-supereffective|p2a: Eternal Suffering\n|-damage|p2a: Eternal Suffering|30\/100\n|\n|upkeep\n|turn|4\n|\n|t:|1699270821\n|switch|p2a: In The Clouds|Landorus-Therian, M, shiny, tera:Fairy|71\/100\n|-damage|p2a: In The Clouds|58\/100|[from] Stealth Rock\n|-ability|p2a: In The Clouds|Intimidate|boost\n|-unboost|p1a: Landorus|atk|1\n|move|p1a: Landorus|Earthquake|p2a: In The Clouds\n|-damage|p2a: In The Clouds|37\/100\n|\n|-end|p1a: Landorus|move: Taunt\n|upkeep\n|turn|5\n|\n|t:|1699270831\n|move|p1a: Landorus|Swords Dance|p1a: Landorus\n|-boost|p1a: Landorus|atk|2\n|move|p2a: In The Clouds|U-turn|p1a: Landorus\n|-resisted|p1a: Landorus\n|-damage|p1a: Landorus|88\/100\n|c|\u2606eavo x|;\n|\n|t:|1699270837\n|switch|p2a: The Dark Horse|Calyrex-Shadow|100\/100|[from] U-turn\n|-ability|p2a: The Dark Horse|As One\n|-ability|p2a: The Dark Horse|Unnerve\n|\n|-heal|p1a: Landorus|94\/100|[from] item: Leftovers\n|upkeep\n|turn|6\n|\n|t:|1699270845\n|move|p2a: The Dark Horse|Encore|p1a: Landorus\n|-start|p1a: Landorus|Encore\n|move|p1a: Landorus|Swords Dance|p1a: Landorus\n|-boost|p1a: Landorus|atk|2\n|\n|-heal|p1a: Landorus|99\/100|[from] item: Leftovers\n|upkeep\n|turn|7\n|\n|t:|1699270852\n|move|p2a: The Dark Horse|Grass Knot|p1a: Landorus\n|-damage|p1a: Landorus|60\/100\n|move|p1a: Landorus|Swords Dance|p1a: Landorus\n|-boost|p1a: Landorus|atk|2\n|\n|-heal|p1a: Landorus|66\/100|[from] item: Leftovers\n|upkeep\n|turn|8\n|\n|t:|1699270859\n|move|p2a: The Dark Horse|Astral Barrage|p1a: Landorus\n|-damage|p1a: Landorus|0 fnt\n|faint|p1a: Landorus\n|-ability|p2a: The Dark Horse|Grim Neigh|boost\n|-boost|p2a: The Dark Horse|spa|1\n|\n|upkeep\n|\n|t:|1699270868\n|switch|p1a: Ditto|Ditto|100\/100\n|-damage|p1a: Ditto|88\/100|[from] Stealth Rock\n|-transform|p1a: Ditto|p2a: The Dark Horse|[from] ability: Imposter\n|turn|9\n|\n|t:|1699270875\n|switch|p2a: The Botez Gambit|Kingambit, F, shiny|100\/100\n|-damage|p2a: The Botez Gambit|94\/100|[from] Stealth Rock\n|move|p1a: Ditto|Grass Knot|p2a: The Botez Gambit\n|-resisted|p2a: The Botez Gambit\n|-damage|p2a: The Botez Gambit|69\/100\n|\n|-heal|p2a: The Botez Gambit|75\/100|[from] item: Leftovers\n|upkeep\n|turn|10\n|\n|t:|1699270884\n|switch|p1a: Chien-Pao|Chien-Pao|100\/100\n|-damage|p1a: Chien-Pao|76\/100|[from] Stealth Rock\n|-ability|p1a: Chien-Pao|Sword of Ruin\n|move|p2a: The Botez Gambit|Swords Dance|p2a: The Botez Gambit\n|-boost|p2a: The Botez Gambit|atk|2\n|\n|-heal|p2a: The Botez Gambit|82\/100|[from] item: Leftovers\n|upkeep\n|turn|11\n|\n|t:|1699270893\n|move|p2a: The Botez Gambit|Sucker Punch|p1a: Chien-Pao\n|-resisted|p1a: Chien-Pao\n|-damage|p1a: Chien-Pao|26\/100\n|move|p1a: Chien-Pao|Sacred Sword|p2a: The Botez Gambit\n|-supereffective|p2a: The Botez Gambit\n|-damage|p2a: The Botez Gambit|0 fnt\n|faint|p2a: The Botez Gambit\n|-end|p2a: The Botez Gambit|fallenundefined|[silent]\n|\n|upkeep\n|\n|t:|1699270897\n|switch|p2a: Featured Today|Koraidon|100\/100\n|-damage|p2a: Featured Today|94\/100|[from] Stealth Rock\n|-weather|SunnyDay|[from] ability: Orichalcum Pulse|[of] p2a: Featured Today\n|-activate|p2a: Featured Today|Orichalcum Pulse|[source]\n|turn|12\n|\n|t:|1699270909\n|switch|p1a: Calyrex|Calyrex-Shadow|100\/100\n|-ability|p1a: Calyrex|As One\n|-ability|p1a: Calyrex|Unnerve\n|move|p2a: Featured Today|U-turn|p1a: Calyrex\n|-crit|p1a: Calyrex\n|-damage|p1a: Calyrex|37\/100\n|\n|t:|1699270920\n|switch|p2a: Desert Anchor|Ting-Lu|100\/100|[from] U-turn\n|-damage|p2a: Desert Anchor|94\/100|[from] Stealth Rock\n|-ability|p2a: Desert Anchor|Vessel of Ruin\n|\n|-weather|SunnyDay|[upkeep]\n|-heal|p2a: Desert Anchor|100\/100|[from] item: Leftovers\n|upkeep\n|turn|13\n|\n|t:|1699270933\n|-terastallize|p1a: Calyrex|Fighting\n|move|p1a: Calyrex|Tera Blast|p2a: Desert Anchor|[anim] Tera Blast Fighting\n|-supereffective|p2a: Desert Anchor\n|-damage|p2a: Desert Anchor|58\/100\n|move|p2a: Desert Anchor|Earthquake|p1a: Calyrex\n|-damage|p1a: Calyrex|0 fnt\n|faint|p1a: Calyrex\n|\n|-weather|SunnyDay|[upkeep]\n|-heal|p2a: Desert Anchor|65\/100|[from] item: Leftovers\n|upkeep\n|-message|Mac Moist forfeited.\n|\n|win|eavo x\n|raw|Mac Moist's rating: 1549 &rarr; <strong>1534<\/strong><br \/>(-15 for losing)\n|raw|eavo x's rating: 1642 &rarr; <strong>1657<\/strong><br \/>(+15 for winning)\n|l|\u2606Mac Moist\n|c|\u2606eavo x|bro\n|c|\u2606eavo x|he was still winning\n|c|\u2606eavo x|because ditto is such an ass\n","uploadtime":1699270984,"views":4,"p1id":"macmoist","p2id":"eavox","formatid":"gen9anythinggoes","rating":1534,"private":0,"password":""}