{"id":"gen9anythinggoes-1979253576","p1":"faenskaperen","p2":"CH33TO127","format":"[Gen 9] Anything Goes","log":"|j|\u2606faenskaperen\n|j|\u2606CH33TO127\n|t:|1698661358\n|gametype|singles\n|player|p1|faenskaperen|101|1079\n|player|p2|CH33TO127|2|1149\n|teamsize|p1|6\n|teamsize|p2|6\n|gen|9\n|tier|[Gen 9] Anything Goes\n|rated|\n|rule|HP Percentage Mod: HP is shown in percentages\n|rule|Endless Battle Clause: Forcing endless battles is banned\n|clearpoke\n|poke|p1|Maushold-Four|\n|poke|p1|Empoleon, M|\n|poke|p1|Ursaluna, F|\n|poke|p1|Salamence, M|\n|poke|p1|Ogerpon-Hearthflame, F|\n|poke|p1|Annihilape, M|\n|poke|p2|Arceus-Fairy|\n|poke|p2|Calyrex-Shadow|\n|poke|p2|Gliscor, F|\n|poke|p2|Zapdos|\n|poke|p2|Kyogre|\n|poke|p2|Darkrai|\n|teampreview\n|inactive|Battle timer is ON: inactive players will automatically lose when time's up. (requested by faenskaperen)\n|\n|t:|1698661384\n|start\n|switch|p1a: Gangbanged|Maushold-Four|100\/100\n|switch|p2a: Darkrai|Darkrai|100\/100\n|turn|1\n|\n|t:|1698661391\n|-terastallize|p1a: Gangbanged|Normal\n|move|p1a: Gangbanged|Tidy Up|p1a: Gangbanged\n|-boost|p1a: Gangbanged|atk|1\n|-boost|p1a: Gangbanged|spe|1\n|move|p2a: Darkrai|Hypnosis|p1a: Gangbanged|[miss]\n|-miss|p2a: Darkrai|p1a: Gangbanged\n|\n|upkeep\n|turn|2\n|\n|t:|1698661403\n|move|p1a: Gangbanged|Population Bomb|p2a: Darkrai\n|-damage|p2a: Darkrai|77\/100\n|-damage|p2a: Darkrai|55\/100\n|-damage|p2a: Darkrai|31\/100\n|-damage|p2a: Darkrai|9\/100\n|-damage|p2a: Darkrai|0 fnt\n|faint|p2a: Darkrai\n|-hitcount|p2: Darkrai|5\n|\n|upkeep\n|\n|t:|1698661412\n|switch|p2a: Kyogre|Kyogre, shiny|100\/100\n|-weather|RainDance|[from] ability: Drizzle|[of] p2a: Kyogre\n|turn|3\n|\n|t:|1698661422\n|move|p2a: Kyogre|Protect|p2a: Kyogre\n|-singleturn|p2a: Kyogre|Protect\n|move|p1a: Gangbanged|Population Bomb|p2a: Kyogre\n|-activate|p2a: Kyogre|move: Protect\n|\n|-weather|RainDance|[upkeep]\n|upkeep\n|turn|4\n|\n|t:|1698661434\n|move|p1a: Gangbanged|Population Bomb|p2a: Kyogre\n|-damage|p2a: Kyogre|85\/100\n|-damage|p2a: Kyogre|71\/100\n|-damage|p2a: Kyogre|56\/100\n|-damage|p2a: Kyogre|40\/100\n|-damage|p2a: Kyogre|25\/100\n|-damage|p2a: Kyogre|9\/100\n|-damage|p2a: Kyogre|0 fnt\n|faint|p2a: Kyogre\n|-hitcount|p2: Kyogre|7\n|\n|-weather|RainDance|[upkeep]\n|upkeep\n|inactive|CH33TO127 has 120 seconds left.\n|\n|t:|1698661462\n|switch|p2a: Zapdos|Zapdos, shiny|100\/100\n|turn|5\n|\n|t:|1698661468\n|move|p1a: Gangbanged|Population Bomb|p2a: Zapdos\n|-damage|p2a: Zapdos|75\/100\n|-status|p1a: Gangbanged|par|[from] ability: Static|[of] p2a: Zapdos\n|-damage|p2a: Zapdos|49\/100\n|-damage|p2a: Zapdos|20\/100\n|-damage|p2a: Zapdos|0 fnt\n|faint|p2a: Zapdos\n|-hitcount|p2: Zapdos|4\n|\n|-weather|RainDance|[upkeep]\n|upkeep\n|\n|t:|1698661479\n|switch|p2a: Calyrex|Calyrex-Shadow|100\/100\n|-ability|p2a: Calyrex|As One\n|-ability|p2a: Calyrex|Unnerve\n|turn|6\n|inactive|faenskaperen has 120 seconds left.\n|\n|t:|1698661531\n|switch|p1a: Dead Rillboom|Annihilape, M|100\/100\n|move|p2a: Calyrex|Astral Barrage|p1a: Dead Rillboom\n|-supereffective|p1a: Dead Rillboom\n|-damage|p1a: Dead Rillboom|0 fnt\n|faint|p1a: Dead Rillboom\n|-ability|p2a: Calyrex|Grim Neigh|boost\n|-boost|p2a: Calyrex|spa|1\n|\n|-weather|RainDance|[upkeep]\n|upkeep\n|inactive|faenskaperen has 90 seconds left.\n|inactive|faenskaperen has 60 seconds left.\n|\n|t:|1698661580\n|switch|p1a: Oh Jeepers|Salamence, M|100\/100\n|-ability|p1a: Oh Jeepers|Intimidate|boost\n|-unboost|p2a: Calyrex|atk|1\n|turn|7\n|inactive|CH33TO127 has 120 seconds left.\n|\n|t:|1698661607\n|move|p2a: Calyrex|Astral Barrage|p1a: Oh Jeepers\n|-damage|p1a: Oh Jeepers|0 fnt\n|faint|p1a: Oh Jeepers\n|-ability|p2a: Calyrex|Grim Neigh|boost\n|-boost|p2a: Calyrex|spa|1\n|\n|-weather|none\n|upkeep\n|inactive|faenskaperen has 60 seconds left.\n|\n|t:|1698661641\n|switch|p1a: Waddles|Empoleon, M, shiny|100\/100\n|turn|8\n|\n|t:|1698661647\n|move|p2a: Calyrex|Astral Barrage|p1a: Waddles\n|-damage|p1a: Waddles|0 fnt\n|faint|p1a: Waddles\n|-ability|p2a: Calyrex|Grim Neigh|boost\n|-boost|p2a: Calyrex|spa|1\n|\n|upkeep\n|c|\u2606faenskaperen|kill\n|c|\u2606faenskaperen|yourself\n|\n|t:|1698661659\n|switch|p1a: Charizard?|Ogerpon-Hearthflame, F|100\/100\n|-ability|p1a: Charizard?|Mold Breaker\n|turn|9\n|\n|t:|1698661664\n|move|p2a: Calyrex|Astral Barrage|p1a: Charizard?\n|-damage|p1a: Charizard?|0 fnt\n|faint|p1a: Charizard?\n|-ability|p2a: Calyrex|Grim Neigh|boost\n|-boost|p2a: Calyrex|spa|1\n|\n|upkeep\n|\n|t:|1698661671\n|switch|p1a: Mauled|Ursaluna, F|100\/100\n|turn|10\n|c|\u2606CH33TO127|karma for ur gay ass strat\n|\n|t:|1698661683\n|move|p2a: Calyrex|Astral Barrage|p1a: Mauled\n|-immune|p1a: Mauled\n|move|p1a: Mauled|Bulk Up|p1a: Mauled\n|-boost|p1a: Mauled|atk|1\n|-boost|p1a: Mauled|def|1\n|\n|-status|p1a: Mauled|brn|[from] item: Flame Orb\n|upkeep\n|turn|11\n|inactive|faenskaperen has 60 seconds left.\n|c|\u2606faenskaperen|says the gay ass using clyrex\n|inactive|faenskaperen has 30 seconds left.\n|inactive|faenskaperen has 20 seconds left.\n|c|\u2606faenskaperen|getting carried by gayest mon ever\n|\n|t:|1698661732\n|move|p2a: Calyrex|Draining Kiss|p1a: Mauled\n|-damage|p1a: Mauled|49\/100 brn\n|move|p1a: Mauled|Earthquake|p2a: Calyrex\n|-damage|p2a: Calyrex|1\/100\n|\n|-damage|p1a: Mauled|43\/100 brn|[from] brn\n|upkeep\n|turn|12\n|inactive|faenskaperen has 30 seconds left this turn.\n|\n|t:|1698661741\n|move|p2a: Calyrex|Draining Kiss|p1a: Mauled\n|-damage|p1a: Mauled|0 fnt\n|-heal|p2a: Calyrex|34\/100|[from] drain|[of] p1a: Mauled\n|faint|p1a: Mauled\n|-ability|p2a: Calyrex|Grim Neigh|boost\n|-boost|p2a: Calyrex|spa|1\n|\n|upkeep\n|inactive|faenskaperen has 30 seconds left this turn.\n|\n|t:|1698661748\n|switch|p1a: Gangbanged|Maushold-Four, tera:Normal|100\/100 par\n|turn|13\n|c|\u2606CH33TO127|ur using mashould\n|inactive|faenskaperen has 30 seconds left.\n|c|\u2606faenskaperen|wow im not blind asshole\n|l|\u2606faenskaperen\n|inactive|faenskaperen disconnected and has a minute to reconnect!\n|player|p1|\n|inactive|faenskaperen has 20 seconds left.\n|inactive|faenskaperen has 15 seconds left.\n|inactive|faenskaperen has 10 seconds left.\n|inactive|faenskaperen has 5 seconds left.\n|-message|faenskaperen lost due to inactivity.\n|\n|win|CH33TO127\n|raw|faenskaperen's rating: 1079 &rarr; <strong>1061<\/strong><br \/>(-18 for losing)\n|raw|CH33TO127's rating: 1149 &rarr; <strong>1169<\/strong><br \/>(+20 for winning)\n","uploadtime":1698661682,"views":7,"p1id":"faenskaperen","p2id":"ch33to127","formatid":"gen9anythinggoes","rating":1061,"private":0,"password":""}