{"id":"gen9anythinggoes-1981912981","p1":"Shadowkipz13","p2":"Beast19630","format":"[Gen 9] Anything Goes","log":"|j|\u2606Shadowkipz13\n|j|\u203dBeast19630\n|t:|1698951176\n|gametype|singles\n|player|p1|Shadowkipz13|petrel|1300\n|player|p2|Beast19630|benga|1225\n|teamsize|p1|6\n|teamsize|p2|6\n|gen|9\n|tier|[Gen 9] Anything Goes\n|rated|\n|rule|HP Percentage Mod: HP is shown in percentages\n|rule|Endless Battle Clause: Forcing endless battles is banned\n|clearpoke\n|poke|p1|Infernape, F|\n|poke|p1|Ogerpon-Wellspring, F|\n|poke|p1|Hawlucha, M|\n|poke|p1|Maushold|\n|poke|p1|Tyranitar, M|\n|poke|p1|Ursaluna-Bloodmoon, M|\n|poke|p2|Ninetales-Alola, M|\n|poke|p2|Cinderace, M|\n|poke|p2|Garchomp, F|\n|poke|p2|Flutter Mane|\n|poke|p2|Greninja-*, M|\n|poke|p2|Jirachi|\n|teampreview\n|\n|t:|1698951199\n|start\n|switch|p1a: The Family|Maushold|100\/100\n|switch|p2a: Ninetales|Ninetales-Alola, M|100\/100\n|-weather|Snow|[from] ability: Snow Warning|[of] p2a: Ninetales\n|turn|1\n|\n|t:|1698951206\n|move|p1a: The Family|Population Bomb|p2a: Ninetales\n|-damage|p2a: Ninetales|91\/100\n|-damage|p2a: Ninetales|82\/100\n|-damage|p2a: Ninetales|73\/100\n|-damage|p2a: Ninetales|63\/100\n|-damage|p2a: Ninetales|54\/100\n|-damage|p2a: Ninetales|46\/100\n|-damage|p2a: Ninetales|36\/100\n|-damage|p2a: Ninetales|27\/100\n|-hitcount|p2a: Ninetales|8\n|move|p2a: Ninetales|Aurora Veil|p2a: Ninetales\n|-sidestart|p2: Beast19630|move: Aurora Veil\n|\n|-weather|Snow|[upkeep]\n|-heal|p2a: Ninetales|33\/100|[from] item: Leftovers\n|upkeep\n|turn|2\n|\n|t:|1698951214\n|move|p1a: The Family|Tidy Up|p1a: The Family\n|-boost|p1a: The Family|atk|1\n|-boost|p1a: The Family|spe|1\n|move|p2a: Ninetales|Blizzard|p1a: The Family\n|-damage|p1a: The Family|47\/100\n|\n|-weather|Snow|[upkeep]\n|-heal|p2a: Ninetales|40\/100|[from] item: Leftovers\n|upkeep\n|turn|3\n|\n|t:|1698951222\n|move|p1a: The Family|Baton Pass|p1a: The Family\n|\n|t:|1698951238\n|switch|p1a: Mountainous|Tyranitar, M, shiny|100\/100|[from] Baton Pass\n|-weather|Sandstorm|[from] ability: Sand Stream|[of] p1a: Mountainous\n|move|p2a: Ninetales|Blizzard|p1a: Mountainous|[miss]\n|-miss|p2a: Ninetales|p1a: Mountainous\n|\n|-weather|Sandstorm|[upkeep]\n|-damage|p2a: Ninetales|33\/100|[from] Sandstorm\n|-heal|p2a: Ninetales|40\/100|[from] item: Leftovers\n|upkeep\n|turn|4\n|\n|t:|1698951249\n|move|p2a: Ninetales|Moonblast|p1a: Mountainous\n|-supereffective|p1a: Mountainous\n|-damage|p1a: Mountainous|78\/100\n|-unboost|p1a: Mountainous|spa|1\n|move|p1a: Mountainous|Smack Down|p2a: Ninetales\n|-supereffective|p2a: Ninetales\n|-damage|p2a: Ninetales|0 fnt\n|faint|p2a: Ninetales\n|\n|-weather|Sandstorm|[upkeep]\n|upkeep\n|\n|t:|1698951259\n|switch|p2a: Greninja|Greninja, M|100\/100\n|turn|5\n|\n|t:|1698951265\n|move|p2a: Greninja|Hydro Pump|p1a: Mountainous\n|-supereffective|p1a: Mountainous\n|-damage|p1a: Mountainous|41\/100\n|move|p1a: Mountainous|Knock Off|p2a: Greninja\n|-resisted|p2a: Greninja\n|-damage|p2a: Greninja|73\/100\n|-enditem|p2a: Greninja|Expert Belt|[from] move: Knock Off|[of] p1a: Mountainous\n|\n|-weather|Sandstorm|[upkeep]\n|-damage|p2a: Greninja|68\/100|[from] Sandstorm\n|-sideend|p2: Beast19630|move: Aurora Veil\n|upkeep\n|turn|6\n|\n|t:|1698951275\n|move|p2a: Greninja|Hydro Pump|p1a: Mountainous\n|-supereffective|p1a: Mountainous\n|-damage|p1a: Mountainous|6\/100\n|move|p1a: Mountainous|Smack Down|p2a: Greninja\n|-damage|p2a: Greninja|11\/100\n|\n|-weather|Sandstorm|[upkeep]\n|-damage|p2a: Greninja|5\/100|[from] Sandstorm\n|upkeep\n|turn|7\n|\n|t:|1698951284\n|move|p2a: Greninja|Water Shuriken|p1a: Mountainous\n|-supereffective|p1a: Mountainous\n|-damage|p1a: Mountainous|1\/100\n|-supereffective|p1a: Mountainous\n|-damage|p1a: Mountainous|0 fnt\n|faint|p1a: Mountainous\n|-ability|p2a: Greninja|Battle Bond|boost\n|-boost|p2a: Greninja|atk|1\n|-boost|p2a: Greninja|spa|1\n|-boost|p2a: Greninja|spe|1\n|-activate|p2a: Greninja|ability: Battle Bond\n|-hitcount|p1: Mountainous|2\n|\n|-weather|none\n|upkeep\n|\n|t:|1698951298\n|switch|p1a: Majora|Ogerpon-Wellspring, F|100\/100\n|turn|8\n|\n|t:|1698951304\n|move|p2a: Greninja|Night Slash|p1a: Majora\n|-crit|p1a: Majora\n|-damage|p1a: Majora|26\/100\n|move|p1a: Majora|Horn Leech|p2a: Greninja\n|-supereffective|p2a: Greninja\n|-damage|p2a: Greninja|0 fnt\n|-heal|p1a: Majora|29\/100|[from] drain|[of] p2a: Greninja\n|faint|p2a: Greninja\n|\n|upkeep\n|c|\u2606Shadowkipz13|Nice, ow\n|\n|t:|1698951313\n|switch|p2a: Jirachi|Jirachi, shiny|100\/100\n|turn|9\n|\n|t:|1698951318\n|move|p1a: Majora|Rock Tomb|p2a: Jirachi\n|-resisted|p2a: Jirachi\n|-damage|p2a: Jirachi|90\/100\n|-unboost|p2a: Jirachi|spe|1\n|move|p2a: Jirachi|Psychic|p1a: Majora\n|-damage|p1a: Majora|0 fnt\n|faint|p1a: Majora\n|\n|-heal|p2a: Jirachi|97\/100|[from] item: Leftovers\n|upkeep\n|\n|t:|1698951326\n|switch|p1a: The Family|Maushold|47\/100\n|turn|10\n|\n|t:|1698951330\n|move|p1a: The Family|Bite|p2a: Jirachi\n|-supereffective|p2a: Jirachi\n|-crit|p2a: Jirachi\n|-damage|p2a: Jirachi|43\/100\n|move|p2a: Jirachi|Drain Punch|p1a: The Family\n|-supereffective|p1a: The Family\n|-damage|p1a: The Family|0 fnt\n|-heal|p2a: Jirachi|62\/100|[from] drain|[of] p1a: The Family\n|faint|p1a: The Family\n|\n|-heal|p2a: Jirachi|68\/100|[from] item: Leftovers\n|upkeep\n|\n|t:|1698951348\n|switch|p1a: Freddy Fazbear|Ursaluna-Bloodmoon, M|100\/100\n|turn|11\n|\n|t:|1698951354\n|move|p2a: Jirachi|Drain Punch|p1a: Freddy Fazbear\n|-supereffective|p1a: Freddy Fazbear\n|-damage|p1a: Freddy Fazbear|75\/100\n|-heal|p2a: Jirachi|82\/100|[from] drain|[of] p1a: Freddy Fazbear\n|move|p1a: Freddy Fazbear|Earth Power|p2a: Jirachi\n|-supereffective|p2a: Jirachi\n|-damage|p2a: Jirachi|0 fnt\n|faint|p2a: Jirachi\n|\n|upkeep\n|\n|t:|1698951362\n|switch|p2a: Cinderace|Cinderace, M, shiny|100\/100\n|turn|12\n|\n|t:|1698951372\n|move|p2a: Cinderace|High Jump Kick|p1a: Freddy Fazbear\n|-start|p2a: Cinderace|typechange|Fighting|[from] ability: Libero\n|-supereffective|p1a: Freddy Fazbear\n|-damage|p1a: Freddy Fazbear|10\/100\n|-enditem|p1a: Freddy Fazbear|Wiki Berry|[eat]\n|-heal|p1a: Freddy Fazbear|44\/100|[from] item: Wiki Berry\n|move|p1a: Freddy Fazbear|Blood Moon|p2a: Cinderace\n|-damage|p2a: Cinderace|0 fnt\n|faint|p2a: Cinderace\n|\n|upkeep\n|\n|t:|1698951385\n|switch|p2a: Flutter Mane|Flutter Mane|100\/100\n|-enditem|p2a: Flutter Mane|Booster Energy\n|-activate|p2a: Flutter Mane|ability: Protosynthesis|[fromitem]\n|-start|p2a: Flutter Mane|protosynthesisspa\n|turn|13\n|\n|t:|1698951393\n|move|p2a: Flutter Mane|Energy Ball|p1a: Freddy Fazbear\n|-supereffective|p1a: Freddy Fazbear\n|-damage|p1a: Freddy Fazbear|0 fnt\n|faint|p1a: Freddy Fazbear\n|\n|upkeep\n|\n|t:|1698951415\n|switch|p1a: Goget|Infernape, F|100\/100\n|turn|14\n|\n|t:|1698951425\n|move|p1a: Goget|Fire Punch|p2a: Flutter Mane\n|-damage|p2a: Flutter Mane|32\/100\n|move|p2a: Flutter Mane|Shadow Ball|p1a: Goget\n|-damage|p1a: Goget|26\/100\n|\n|upkeep\n|turn|15\n|c|\u2606Shadowkipz13|Gg\n|c|\u2606Shadowkipz13|Danggit\n|\n|t:|1698951435\n|move|p1a: Goget|Fire Punch|p2a: Flutter Mane\n|-damage|p2a: Flutter Mane|0 fnt\n|faint|p2a: Flutter Mane\n|-end|p2a: Flutter Mane|Protosynthesis|[silent]\n|\n|upkeep\n|\n|t:|1698951438\n|switch|p2a: Garchomp|Garchomp, F|100\/100\n|turn|16\n|c|\u2606Shadowkipz13|Wait\n|c|\u2606Shadowkipz13|You're not max speed?\n|\n|t:|1698951451\n|move|p1a: Goget|Will-O-Wisp|p2a: Garchomp\n|-status|p2a: Garchomp|brn\n|move|p2a: Garchomp|Iron Head|p1a: Goget\n|-resisted|p1a: Goget\n|-damage|p1a: Goget|19\/100\n|\n|-damage|p2a: Garchomp|94\/100 brn|[from] brn\n|upkeep\n|turn|17\n|\n|t:|1698951460\n|move|p1a: Goget|Drain Punch|p2a: Garchomp\n|-damage|p2a: Garchomp|60\/100 brn\n|-heal|p1a: Goget|40\/100|[from] drain|[of] p2a: Garchomp\n|move|p2a: Garchomp|Earthquake|p1a: Goget\n|-supereffective|p1a: Goget\n|-crit|p1a: Goget\n|-damage|p1a: Goget|0 fnt\n|faint|p1a: Goget\n|\n|-damage|p2a: Garchomp|54\/100 brn|[from] brn\n|upkeep\n|\n|t:|1698951468\n|switch|p1a: Rey Mysterio|Hawlucha, M, shiny|100\/100\n|-ability|p1a: Rey Mysterio|Mold Breaker\n|turn|18\n|\n|t:|1698951484\n|-terastallize|p1a: Rey Mysterio|Fighting\n|-terastallize|p2a: Garchomp|Dragon\n|move|p1a: Rey Mysterio|Flying Press|p2a: Garchomp\n|-damage|p2a: Garchomp|0 fnt\n|-damage|p1a: Rey Mysterio|88\/100|[from] ability: Rough Skin|[of] p2a: Garchomp\n|-damage|p1a: Rey Mysterio|72\/100|[from] item: Rocky Helmet|[of] p2a: Garchomp\n|faint|p2a: Garchomp\n|-damage|p1a: Rey Mysterio|62\/100|[from] item: Life Orb\n|\n|win|Shadowkipz13\n|raw|Shadowkipz13's rating: 1300 &rarr; <strong>1320<\/strong><br \/>(+20 for winning)\n|raw|Beast19630's rating: 1225 &rarr; <strong>1205<\/strong><br \/>(-20 for losing)\n|l|\u203dBeast19630\n|c|\u2606Shadowkipz13|Gg?\n","uploadtime":1698951503,"views":9,"p1id":"shadowkipz13","p2id":"beast19630","formatid":"gen9anythinggoes","rating":1205,"private":0,"password":""}