{"id":"gen9anythinggoes-1974051853","p1":"09-10a","p2":"losr1229","format":"[Gen 9] Anything Goes","log":"|j|\u260609-10a\n|j|\u2606losr1229\n|t:|1698048405\n|gametype|singles\n|player|p1|09-10a|schoolkid-gen4dp|1712\n|player|p2|losr1229|twins|1613\n|teamsize|p1|6\n|teamsize|p2|6\n|gen|9\n|tier|[Gen 9] Anything Goes\n|rated|\n|rule|HP Percentage Mod: HP is shown in percentages\n|rule|Endless Battle Clause: Forcing endless battles is banned\n|clearpoke\n|poke|p1|Arceus-Ground|\n|poke|p1|Arceus|\n|poke|p1|Calyrex-Shadow|\n|poke|p1|Miraidon|\n|poke|p1|Grimmsnarl, M|\n|poke|p1|Arceus-Fairy|\n|poke|p2|Calyrex-Shadow|\n|poke|p2|Chansey, F|\n|poke|p2|Miraidon|\n|poke|p2|Koraidon|\n|poke|p2|Zamazenta-*|\n|poke|p2|Giratina-Origin|\n|teampreview\n|inactive|Battle timer is ON: inactive players will automatically lose when time's up. (requested by losr1229)\n|inactive|09-10a also wants the timer to be on.\n|inactive|09-10a has 120 seconds left.\n|\n|t:|1698048451\n|start\n|switch|p1a: Arceus|Arceus-Fairy|100\/100\n|switch|p2a: Calyrex|Calyrex-Shadow|100\/100\n|-ability|p2a: Calyrex|As One\n|-ability|p2a: Calyrex|Unnerve\n|turn|1\n|\n|t:|1698048462\n|move|p2a: Calyrex|Nasty Plot|p2a: Calyrex\n|-boost|p2a: Calyrex|spa|2\n|move|p1a: Arceus|Stealth Rock|p2a: Calyrex\n|-sidestart|p2: losr1229|move: Stealth Rock\n|\n|upkeep\n|turn|2\n|\n|t:|1698048492\n|move|p2a: Calyrex|Astral Barrage|p1a: Arceus\n|-damage|p1a: Arceus|0 fnt\n|faint|p1a: Arceus\n|-ability|p2a: Calyrex|Grim Neigh|boost\n|-boost|p2a: Calyrex|spa|1\n|\n|upkeep\n|\n|t:|1698048497\n|switch|p1a: Grimmsnarl|Grimmsnarl, M|100\/100\n|turn|3\n|\n|t:|1698048500\n|move|p1a: Grimmsnarl|Light Screen|p1a: Grimmsnarl\n|-sidestart|p1: 09-10a|move: Light Screen\n|move|p2a: Calyrex|Draining Kiss|p1a: Grimmsnarl\n|-supereffective|p1a: Grimmsnarl\n|-damage|p1a: Grimmsnarl|56\/100\n|\n|upkeep\n|turn|4\n|\n|t:|1698048513\n|move|p2a: Calyrex|Nasty Plot|p2a: Calyrex\n|-boost|p2a: Calyrex|spa|2\n|move|p1a: Grimmsnarl|Spirit Break|p2a: Calyrex\n|-damage|p2a: Calyrex|61\/100\n|-unboost|p2a: Calyrex|spa|1\n|\n|upkeep\n|turn|5\n|\n|t:|1698048518\n|move|p2a: Calyrex|Draining Kiss|p1a: Grimmsnarl\n|-supereffective|p1a: Grimmsnarl\n|-damage|p1a: Grimmsnarl|9\/100\n|-heal|p2a: Calyrex|100\/100|[from] drain|[of] p1a: Grimmsnarl\n|move|p1a: Grimmsnarl|Spirit Break|p2a: Calyrex\n|-damage|p2a: Calyrex|67\/100\n|-unboost|p2a: Calyrex|spa|1\n|\n|upkeep\n|turn|6\n|\n|t:|1698048540\n|move|p1a: Grimmsnarl|Reflect|p1a: Grimmsnarl\n|-sidestart|p1: 09-10a|Reflect\n|move|p2a: Calyrex|Draining Kiss|p1a: Grimmsnarl\n|-supereffective|p1a: Grimmsnarl\n|-damage|p1a: Grimmsnarl|0 fnt\n|-heal|p2a: Calyrex|74\/100|[from] drain|[of] p1a: Grimmsnarl\n|faint|p1a: Grimmsnarl\n|-ability|p2a: Calyrex|Grim Neigh|boost\n|-boost|p2a: Calyrex|spa|1\n|\n|upkeep\n|\n|t:|1698048543\n|switch|p1a: Arceus|Arceus, shiny|100\/100\n|turn|7\n|\n|t:|1698048546\n|move|p2a: Calyrex|Psyshock|p1a: Arceus\n|-damage|p1a: Arceus|47\/100\n|move|p1a: Arceus|Dragon Dance|p1a: Arceus\n|-boost|p1a: Arceus|atk|1\n|-boost|p1a: Arceus|spe|1\n|\n|upkeep\n|turn|8\n|\n|t:|1698048552\n|-terastallize|p2a: Calyrex|Normal\n|move|p1a: Arceus|Shadow Claw|p2a: Calyrex\n|-immune|p2a: Calyrex\n|move|p2a: Calyrex|Psyshock|p1a: Arceus\n|-damage|p1a: Arceus|0 fnt\n|faint|p1a: Arceus\n|-ability|p2a: Calyrex|Grim Neigh|boost\n|-boost|p2a: Calyrex|spa|1\n|\n|upkeep\n|\n|t:|1698048558\n|switch|p1a: Calyrex|Calyrex-Shadow|100\/100\n|-ability|p1a: Calyrex|As One\n|-ability|p1a: Calyrex|Unnerve\n|turn|9\n|\n|t:|1698048563\n|-terastallize|p1a: Calyrex|Fighting\n|move|p2a: Calyrex|Psyshock|p1a: Calyrex\n|-supereffective|p1a: Calyrex\n|-damage|p1a: Calyrex|0 fnt\n|faint|p1a: Calyrex\n|-ability|p2a: Calyrex|Grim Neigh|boost\n|-boost|p2a: Calyrex|spa|1\n|\n|upkeep\n|-message|09-10a forfeited.\n|\n|win|losr1229\n|raw|09-10a's rating: 1697 &rarr; <strong>1672<\/strong><br \/>(-25 for losing)\n|raw|losr1229's rating: 1613 &rarr; <strong>1638<\/strong><br \/>(+25 for winning)\n|l|\u260609-10a\n|l|\u2606losr1229\n","uploadtime":1698048849,"views":11,"p1id":"0910a","p2id":"losr1229","formatid":"gen9anythinggoes","rating":1638,"private":0,"password":""}