{"id":"gen9anythinggoes-1990592273","p1":"Cool Trainer Plant","p2":"Ahotor12","format":"[Gen 9] Anything Goes","log":"|j|\u2606Cool Trainer Plant\n|j|\u2606Ahotor12\n|t:|1699984073\n|gametype|singles\n|player|p1|Cool Trainer Plant|2|1164\n|player|p2|Ahotor12|265|1134\n|teamsize|p1|6\n|teamsize|p2|6\n|gen|9\n|tier|[Gen 9] Anything Goes\n|rated|\n|rule|HP Percentage Mod: HP is shown in percentages\n|rule|Endless Battle Clause: Forcing endless battles is banned\n|clearpoke\n|poke|p1|Skeledirge, F|\n|poke|p1|Annihilape, M|\n|poke|p1|Clodsire, F|\n|poke|p1|Ursaluna-Bloodmoon, M|\n|poke|p1|Hawlucha, M|\n|poke|p1|Great Tusk|\n|poke|p2|Cloyster, M|\n|poke|p2|Salazzle, F|\n|poke|p2|Drifblim, M|\n|poke|p2|Toxtricity, F|\n|poke|p2|Maushold-Four|\n|poke|p2|Dipplin, M|\n|teampreview\n|\n|t:|1699984089\n|start\n|switch|p1a: Issac|Ursaluna-Bloodmoon, M|100\/100\n|switch|p2a: Cloyster|Cloyster, M|100\/100\n|turn|1\n|\n|t:|1699984097\n|move|p2a: Cloyster|Icicle Spear|p1a: Issac\n|-supereffective|p1a: Issac\n|-damage|p1a: Issac|84\/100\n|-supereffective|p1a: Issac\n|-damage|p1a: Issac|68\/100\n|-supereffective|p1a: Issac\n|-damage|p1a: Issac|51\/100\n|-supereffective|p1a: Issac\n|-damage|p1a: Issac|36\/100\n|-supereffective|p1a: Issac\n|-damage|p1a: Issac|19\/100\n|-hitcount|p1a: Issac|5\n|move|p1a: Issac|Taunt|p2a: Cloyster\n|-start|p2a: Cloyster|move: Taunt\n|\n|upkeep\n|turn|2\n|inactive|Battle timer is ON: inactive players will automatically lose when time's up. (requested by Ahotor12)\n|\n|t:|1699984111\n|-terastallize|p1a: Issac|Steel\n|move|p2a: Cloyster|Icicle Spear|p1a: Issac\n|-resisted|p1a: Issac\n|-damage|p1a: Issac|14\/100\n|-resisted|p1a: Issac\n|-damage|p1a: Issac|11\/100\n|-resisted|p1a: Issac\n|-damage|p1a: Issac|7\/100\n|-resisted|p1a: Issac\n|-damage|p1a: Issac|3\/100\n|-resisted|p1a: Issac\n|-damage|p1a: Issac|0 fnt\n|faint|p1a: Issac\n|-hitcount|p1: Issac|5\n|\n|upkeep\n|\n|t:|1699984119\n|switch|p1a: Great Tusk|Great Tusk|100\/100\n|-enditem|p1a: Great Tusk|Booster Energy\n|-activate|p1a: Great Tusk|ability: Protosynthesis|[fromitem]\n|-start|p1a: Great Tusk|protosynthesisatk\n|turn|3\n|\n|t:|1699984124\n|move|p2a: Cloyster|Icicle Spear|p1a: Great Tusk\n|-supereffective|p1a: Great Tusk\n|-damage|p1a: Great Tusk|85\/100\n|-supereffective|p1a: Great Tusk\n|-damage|p1a: Great Tusk|70\/100\n|-supereffective|p1a: Great Tusk\n|-crit|p1a: Great Tusk\n|-damage|p1a: Great Tusk|47\/100\n|-supereffective|p1a: Great Tusk\n|-damage|p1a: Great Tusk|31\/100\n|-supereffective|p1a: Great Tusk\n|-damage|p1a: Great Tusk|17\/100\n|-hitcount|p1a: Great Tusk|5\n|move|p1a: Great Tusk|Rapid Spin|p2a: Cloyster\n|-crit|p2a: Cloyster\n|-damage|p2a: Cloyster|66\/100\n|-boost|p1a: Great Tusk|spe|1\n|\n|upkeep\n|turn|4\n|\n|t:|1699984139\n|switch|p2a: Drifblim|Drifblim, M|100\/100\n|move|p1a: Great Tusk|Close Combat|p2a: Drifblim\n|-immune|p2a: Drifblim\n|\n|upkeep\n|turn|5\n|\n|t:|1699984153\n|move|p1a: Great Tusk|Fire Fang|p2a: Drifblim\n|-damage|p2a: Drifblim|50\/100\n|-enditem|p2a: Drifblim|Sitrus Berry|[eat]\n|-heal|p2a: Drifblim|75\/100|[from] item: Sitrus Berry\n|move|p2a: Drifblim|Air Slash|p1a: Great Tusk|[miss]\n|-miss|p2a: Drifblim|p1a: Great Tusk\n|\n|upkeep\n|turn|6\n|\n|t:|1699984158\n|move|p2a: Drifblim|Air Slash|p1a: Great Tusk\n|-supereffective|p1a: Great Tusk\n|-damage|p1a: Great Tusk|0 fnt\n|faint|p1a: Great Tusk\n|-end|p1a: Great Tusk|Protosynthesis|[silent]\n|\n|upkeep\n|\n|t:|1699984163\n|switch|p1a: Akuma|Skeledirge, F, shiny|100\/100\n|turn|7\n|\n|t:|1699984168\n|move|p2a: Drifblim|Calm Mind|p2a: Drifblim\n|-boost|p2a: Drifblim|spa|1\n|-boost|p2a: Drifblim|spd|1\n|move|p1a: Akuma|Will-O-Wisp|p2a: Drifblim\n|-status|p2a: Drifblim|brn\n|\n|-damage|p2a: Drifblim|69\/100 brn|[from] brn\n|upkeep\n|turn|8\n|\n|t:|1699984175\n|move|p2a: Drifblim|Calm Mind|p2a: Drifblim\n|-boost|p2a: Drifblim|spa|1\n|-boost|p2a: Drifblim|spd|1\n|move|p1a: Akuma|Hex|p2a: Drifblim\n|-supereffective|p2a: Drifblim\n|-damage|p2a: Drifblim|0 fnt\n|faint|p2a: Drifblim\n|\n|upkeep\n|\n|t:|1699984185\n|switch|p2a: Cloyster|Cloyster, M|66\/100\n|turn|9\n|\n|t:|1699984189\n|move|p2a: Cloyster|Rock Blast|p1a: Akuma\n|-supereffective|p1a: Akuma\n|-damage|p1a: Akuma|87\/100\n|-supereffective|p1a: Akuma\n|-damage|p1a: Akuma|73\/100\n|-supereffective|p1a: Akuma\n|-damage|p1a: Akuma|59\/100\n|-supereffective|p1a: Akuma\n|-damage|p1a: Akuma|47\/100\n|-supereffective|p1a: Akuma\n|-damage|p1a: Akuma|34\/100\n|-hitcount|p1a: Akuma|5\n|move|p1a: Akuma|Torch Song|p2a: Cloyster\n|-damage|p2a: Cloyster|0 fnt\n|-boost|p1a: Akuma|spa|1\n|faint|p2a: Cloyster\n|\n|-heal|p1a: Akuma|41\/100|[from] item: Leftovers\n|upkeep\n|\n|t:|1699984198\n|switch|p2a: Dipplin|Dipplin, M|100\/100\n|turn|10\n|\n|t:|1699984202\n|move|p1a: Akuma|Will-O-Wisp|p2a: Dipplin\n|-status|p2a: Dipplin|brn\n|move|p2a: Dipplin|Dragon Pulse|p1a: Akuma\n|-damage|p1a: Akuma|20\/100\n|\n|-heal|p1a: Akuma|26\/100|[from] item: Leftovers\n|-damage|p2a: Dipplin|94\/100 brn|[from] brn\n|upkeep\n|turn|11\n|\n|t:|1699984207\n|move|p1a: Akuma|Rest|p1a: Akuma\n|-status|p1a: Akuma|slp|[from] move: Rest\n|-heal|p1a: Akuma|100\/100 slp|[silent]\n|move|p2a: Dipplin|Dragon Pulse|p1a: Akuma\n|-damage|p1a: Akuma|82\/100 slp\n|\n|-heal|p1a: Akuma|88\/100 slp|[from] item: Leftovers\n|-damage|p2a: Dipplin|88\/100 brn|[from] brn\n|upkeep\n|turn|12\n|\n|t:|1699984220\n|switch|p2a: Maushold|Maushold-Four|100\/100\n|cant|p1a: Akuma|slp\n|\n|-heal|p1a: Akuma|94\/100 slp|[from] item: Leftovers\n|upkeep\n|turn|13\n|\n|t:|1699984223\n|move|p2a: Maushold|Tidy Up|p2a: Maushold\n|-boost|p2a: Maushold|atk|1\n|-boost|p2a: Maushold|spe|1\n|cant|p1a: Akuma|slp\n|\n|-heal|p1a: Akuma|99\/100 slp|[from] item: Leftovers\n|upkeep\n|turn|14\n|\n|t:|1699984229\n|-terastallize|p2a: Maushold|Ghost\n|move|p2a: Maushold|Tera Blast|p1a: Akuma|[anim] Tera Blast Ghost\n|-supereffective|p1a: Akuma\n|-damage|p1a: Akuma|49\/100 slp\n|-curestatus|p1a: Akuma|slp|[msg]\n|move|p1a: Akuma|Will-O-Wisp|p2a: Maushold|[miss]\n|-miss|p1a: Akuma|p2a: Maushold\n|\n|-heal|p1a: Akuma|55\/100|[from] item: Leftovers\n|upkeep\n|turn|15\n|\n|t:|1699984236\n|move|p2a: Maushold|Tera Blast|p1a: Akuma|[anim] Tera Blast Ghost\n|-supereffective|p1a: Akuma\n|-damage|p1a: Akuma|8\/100\n|move|p1a: Akuma|Hex|p2a: Maushold\n|-supereffective|p2a: Maushold\n|-damage|p2a: Maushold|0 fnt\n|faint|p2a: Maushold\n|\n|-heal|p1a: Akuma|14\/100|[from] item: Leftovers\n|upkeep\n|\n|t:|1699984242\n|switch|p2a: Salazzle|Salazzle, F|100\/100\n|turn|16\n|\n|t:|1699984247\n|move|p2a: Salazzle|Flamethrower|p1a: Akuma\n|-resisted|p1a: Akuma\n|-damage|p1a: Akuma|3\/100\n|move|p1a: Akuma|Rest|p1a: Akuma\n|-status|p1a: Akuma|slp|[from] move: Rest\n|-heal|p1a: Akuma|100\/100 slp|[silent]\n|\n|upkeep\n|turn|17\n|\n|t:|1699984252\n|move|p2a: Salazzle|Substitute|p2a: Salazzle\n|-start|p2a: Salazzle|Substitute\n|-damage|p2a: Salazzle|76\/100\n|cant|p1a: Akuma|slp\n|\n|-heal|p2a: Salazzle|82\/100|[from] item: Leftovers\n|upkeep\n|turn|18\n|\n|t:|1699984255\n|move|p2a: Salazzle|Flamethrower|p1a: Akuma\n|-resisted|p1a: Akuma\n|-crit|p1a: Akuma\n|-damage|p1a: Akuma|82\/100 slp\n|cant|p1a: Akuma|slp\n|\n|-heal|p2a: Salazzle|88\/100|[from] item: Leftovers\n|-heal|p1a: Akuma|88\/100 slp|[from] item: Leftovers\n|upkeep\n|turn|19\n|\n|t:|1699984257\n|move|p2a: Salazzle|Toxic||[still]\n|-fail|p2a: Salazzle\n|-curestatus|p1a: Akuma|slp|[msg]\n|move|p1a: Akuma|Torch Song|p2a: Salazzle\n|-resisted|p2a: Salazzle\n|-damage|p2a: Salazzle|57\/100\n|-boost|p1a: Akuma|spa|1\n|\n|-heal|p2a: Salazzle|63\/100|[from] item: Leftovers\n|-heal|p1a: Akuma|94\/100|[from] item: Leftovers\n|upkeep\n|turn|20\n|\n|t:|1699984265\n|move|p2a: Salazzle|Toxic|p1a: Akuma\n|-status|p1a: Akuma|tox\n|move|p1a: Akuma|Torch Song|p2a: Salazzle\n|-resisted|p2a: Salazzle\n|-damage|p2a: Salazzle|15\/100\n|-boost|p1a: Akuma|spa|1\n|\n|-heal|p2a: Salazzle|21\/100|[from] item: Leftovers\n|-heal|p1a: Akuma|99\/100 tox|[from] item: Leftovers\n|-damage|p1a: Akuma|94\/100 tox|[from] psn\n|upkeep\n|turn|21\n|\n|t:|1699984273\n|move|p2a: Salazzle|Protect|p2a: Salazzle\n|-singleturn|p2a: Salazzle|Protect\n|move|p1a: Akuma|Torch Song|p2a: Salazzle\n|-activate|p2a: Salazzle|move: Protect\n|\n|-heal|p2a: Salazzle|27\/100|[from] item: Leftovers\n|-heal|p1a: Akuma|99\/100 tox|[from] item: Leftovers\n|-damage|p1a: Akuma|88\/100 tox|[from] psn\n|upkeep\n|turn|22\n|\n|t:|1699984279\n|move|p2a: Salazzle|Flamethrower|p1a: Akuma\n|-resisted|p1a: Akuma\n|-damage|p1a: Akuma|75\/100 tox\n|move|p1a: Akuma|Torch Song|p2a: Salazzle\n|-resisted|p2a: Salazzle\n|-damage|p2a: Salazzle|0 fnt\n|-boost|p1a: Akuma|spa|1\n|faint|p2a: Salazzle\n|\n|-heal|p1a: Akuma|81\/100 tox|[from] item: Leftovers\n|-damage|p1a: Akuma|63\/100 tox|[from] psn\n|upkeep\n|\n|t:|1699984291\n|switch|p2a: Toxtricity|Toxtricity, F|100\/100\n|turn|23\n|\n|t:|1699984298\n|move|p2a: Toxtricity|Boomburst|p1a: Akuma\n|-immune|p1a: Akuma\n|move|p1a: Akuma|Rest|p1a: Akuma\n|-status|p1a: Akuma|slp|[from] move: Rest\n|-heal|p1a: Akuma|100\/100 slp|[silent]\n|\n|upkeep\n|turn|24\n|inactive|Ahotor12 has 120 seconds left.\n|inactive|Ahotor12 has 90 seconds left.\n|inactive|Ahotor12 has 60 seconds left.\n|inactive|Ahotor12 has 30 seconds left.\n|inactive|Ahotor12 has 20 seconds left.\n|inactive|Ahotor12 has 15 seconds left.\n|inactive|Ahotor12 has 10 seconds left.\n|inactive|Ahotor12 has 5 seconds left.\n|-message|Ahotor12 lost due to inactivity.\n|\n|win|Cool Trainer Plant\n|raw|Cool Trainer Plant's rating: 1164 &rarr; <strong>1187<\/strong><br \/>(+23 for winning)\n|raw|Ahotor12's rating: 1134 &rarr; <strong>1111<\/strong><br \/>(-23 for losing)\n|l|\u2606Cool Trainer Plant\n|j|\u2606Cool Trainer Plant\n|player|p1|Cool Trainer Plant|2\n|l|\u2606Cool Trainer Plant\n|player|p1|\n|j|\u2606Cool Trainer Plant\n|player|p1|Cool Trainer Plant|2\n|l|\u2606Cool Trainer Plant\n|player|p1|\n|j|\u2606Cool Trainer Plant\n|player|p1|Cool Trainer Plant|2\n","uploadtime":1699984590,"views":14,"p1id":"cooltrainerplant","p2id":"ahotor12","formatid":"gen9anythinggoes","rating":1111,"private":0,"password":""}