{"id":"gen9anythinggoes-1984790971","p1":"Citybob","p2":"PokeBro LOST","format":"[Gen 9] Anything Goes","log":"|j|\u2606Citybob\n|j|\u2606PokeBro LOST\n|t:|1699299277\n|gametype|singles\n|player|p1|Citybob|fantina|\n|player|p2|PokeBro LOST|101|\n|teamsize|p1|6\n|teamsize|p2|6\n|gen|9\n|tier|[Gen 9] Anything Goes\n|rule|HP Percentage Mod: HP is shown in percentages\n|rule|Endless Battle Clause: Forcing endless battles is banned\n|clearpoke\n|poke|p1|Torterra, M|\n|poke|p1|Glimmora, F|\n|poke|p1|Spiritomb, F|\n|poke|p1|Zapdos-Galar|\n|poke|p1|Milotic, M|\n|poke|p1|Talonflame, M|\n|poke|p2|Ogerpon-Hearthflame, F|\n|poke|p2|Rotom-Wash|\n|poke|p2|Goodra, M|\n|poke|p2|Jirachi|\n|poke|p2|Froslass, F|\n|poke|p2|Donphan, F|\n|teampreview\n|c|\u2606Citybob|hf\n|\n|t:|1699299327\n|start\n|switch|p1a: Milotic|Milotic, M|100\/100\n|switch|p2a: CityRudy|Rotom-Wash|100\/100\n|turn|1\n|\n|t:|1699299339\n|switch|p1a: Zapdos|Zapdos-Galar|100\/100\n|move|p2a: CityRudy|Substitute|p2a: CityRudy\n|-start|p2a: CityRudy|Substitute\n|-damage|p2a: CityRudy|76\/100\n|\n|upkeep\n|turn|2\n|\n|t:|1699299347\n|move|p1a: Zapdos|U-turn|p2a: CityRudy\n|-end|p2a: CityRudy|Substitute\n|\n|t:|1699299387\n|switch|p1a: Spiritomb|Spiritomb, F|100\/100|[from] U-turn\n|-ability|p1a: Spiritomb|Pressure\n|move|p2a: CityRudy|Hyper Voice|p1a: Spiritomb\n|-immune|p1a: Spiritomb\n|\n|upkeep\n|turn|3\n|\n|t:|1699299455\n|switch|p2a: CityJoop|Jirachi|100\/100\n|move|p1a: Spiritomb|Calm Mind|p1a: Spiritomb\n|-boost|p1a: Spiritomb|spa|1\n|-boost|p1a: Spiritomb|spd|1\n|\n|upkeep\n|turn|4\n|\n|t:|1699299465\n|move|p2a: CityJoop|Trick|p1a: Spiritomb\n|-activate|p2a: CityJoop|move: Trick|[of] p1a: Spiritomb\n|-item|p1a: Spiritomb|Toxic Orb|[from] move: Trick\n|-item|p2a: CityJoop|Leftovers|[from] move: Trick\n|move|p1a: Spiritomb|Will-O-Wisp|p2a: CityJoop|[miss]\n|-miss|p1a: Spiritomb|p2a: CityJoop\n|\n|-status|p1a: Spiritomb|tox|[from] item: Toxic Orb\n|upkeep\n|turn|5\n|\n|t:|1699299491\n|move|p2a: CityJoop|Iron Head|p1a: Spiritomb\n|-damage|p1a: Spiritomb|71\/100 tox\n|move|p1a: Spiritomb|Will-O-Wisp|p2a: CityJoop\n|-status|p2a: CityJoop|brn\n|\n|-damage|p1a: Spiritomb|65\/100 tox|[from] psn\n|-damage|p2a: CityJoop|94\/100 brn|[from] brn\n|upkeep\n|turn|6\n|\n|t:|1699299542\n|move|p2a: CityJoop|Wish|p2a: CityJoop\n|move|p1a: Spiritomb|Hex|p2a: CityJoop\n|-supereffective|p2a: CityJoop\n|-damage|p2a: CityJoop|0 fnt\n|faint|p2a: CityJoop\n|\n|-damage|p1a: Spiritomb|53\/100 tox|[from] psn\n|upkeep\n|\n|t:|1699299585\n|switch|p2a: CityRudy|Rotom-Wash|76\/100\n|turn|7\n|\n|t:|1699299619\n|move|p2a: CityRudy|Discharge|p1a: Spiritomb\n|-damage|p1a: Spiritomb|26\/100 tox\n|move|p1a: Spiritomb|Hex|p2a: CityRudy\n|-damage|p2a: CityRudy|35\/100\n|\n|-heal|p2a: CityRudy|100\/100|[from] move: Wish|[wisher] CityJoop\n|-damage|p1a: Spiritomb|8\/100 tox|[from] psn\n|upkeep\n|turn|8\n|\n|t:|1699299651\n|move|p2a: CityRudy|Substitute|p2a: CityRudy\n|-start|p2a: CityRudy|Substitute\n|-damage|p2a: CityRudy|76\/100\n|move|p1a: Spiritomb|Pain Split||[still]\n|-fail|p1a: Spiritomb\n|\n|-damage|p1a: Spiritomb|0 fnt|[from] psn\n|faint|p1a: Spiritomb\n|upkeep\n|\n|t:|1699299679\n|switch|p1a: Zapdos|Zapdos-Galar|100\/100\n|turn|9\n|\n|t:|1699299691\n|move|p1a: Zapdos|U-turn|p2a: CityRudy\n|-end|p2a: CityRudy|Substitute\n|\n|t:|1699299696\n|switch|p1a: Torterra|Torterra, M|100\/100|[from] U-turn\n|move|p2a: CityRudy|Discharge|p1a: Torterra\n|-immune|p1a: Torterra\n|\n|upkeep\n|turn|10\n|\n|t:|1699299746\n|switch|p2a: CityDirk|Donphan, F|100\/100\n|move|p1a: Torterra|Headlong Rush|p2a: CityDirk\n|-damage|p2a: CityDirk|50\/100\n|-unboost|p1a: Torterra|def|1\n|-unboost|p1a: Torterra|spd|1\n|-enditem|p1a: Torterra|White Herb\n|-clearnegativeboost|p1a: Torterra|[silent]\n|-enditem|p2a: CityDirk|Red Card|[of] p1a: Torterra\n|drag|p1a: Milotic|Milotic, M|100\/100\n|\n|upkeep\n|turn|11\n|\n|t:|1699299777\n|switch|p2a: CityRudy|Rotom-Wash|76\/100\n|move|p1a: Milotic|Scald|p2a: CityRudy\n|-resisted|p2a: CityRudy\n|-damage|p2a: CityRudy|57\/100\n|\n|upkeep\n|turn|12\n|\n|t:|1699299798\n|switch|p1a: Torterra|Torterra, M|100\/100\n|move|p2a: CityRudy|Hyper Voice|p1a: Torterra\n|-damage|p1a: Torterra|70\/100\n|-enditem|p2a: CityRudy|Throat Spray\n|-boost|p2a: CityRudy|spa|1|[from] item: Throat Spray\n|\n|upkeep\n|turn|13\n|\n|t:|1699299841\n|move|p2a: CityRudy|Hydro Pump|p1a: Torterra|[miss]\n|-miss|p2a: CityRudy|p1a: Torterra\n|move|p1a: Torterra|Seed Bomb|p2a: CityRudy\n|-supereffective|p2a: CityRudy\n|-damage|p2a: CityRudy|0 fnt\n|faint|p2a: CityRudy\n|\n|upkeep\n|\n|t:|1699299868\n|switch|p2a: CityFrieda|Froslass, F|100\/100\n|turn|14\n|\n|t:|1699299885\n|switch|p1a: Milotic|Milotic, M|100\/100\n|move|p2a: CityFrieda|Ice Shard|p1a: Milotic\n|-resisted|p1a: Milotic\n|-damage|p1a: Milotic|93\/100\n|\n|upkeep\n|turn|15\n|\n|t:|1699299903\n|switch|p2a: CityViktor|Goodra, M, shiny|100\/100\n|move|p1a: Milotic|Coil|p1a: Milotic\n|-boost|p1a: Milotic|atk|1\n|-boost|p1a: Milotic|def|1\n|-boost|p1a: Milotic|accuracy|1\n|\n|upkeep\n|turn|16\n|\n|t:|1699299924\n|-terastallize|p2a: CityViktor|Fairy\n|move|p1a: Milotic|Coil|p1a: Milotic\n|-boost|p1a: Milotic|atk|1\n|-boost|p1a: Milotic|def|1\n|-boost|p1a: Milotic|accuracy|1\n|move|p2a: CityViktor|Toxic|p1a: Milotic\n|-status|p1a: Milotic|tox\n|\n|-damage|p1a: Milotic|87\/100 tox|[from] psn\n|upkeep\n|turn|17\n|\n|t:|1699299937\n|move|p1a: Milotic|Hypnosis|p2a: CityViktor\n|-status|p2a: CityViktor|slp|[from] move: Hypnosis\n|cant|p2a: CityViktor|slp\n|\n|-damage|p1a: Milotic|75\/100 tox|[from] psn\n|upkeep\n|turn|18\n|\n|t:|1699299951\n|switch|p1a: Glimmora|Glimmora, F|100\/100\n|cant|p2a: CityViktor|slp\n|\n|upkeep\n|turn|19\n|l|\u2606Citybob\n|player|p1|\n|j|\u2606Citybob\n|player|p1|Citybob|fantina\n|\n|t:|1699300022\n|move|p1a: Glimmora|Stealth Rock|p2a: CityViktor\n|-sidestart|p2: PokeBro LOST|move: Stealth Rock\n|-curestatus|p2a: CityViktor|slp|[msg]\n|move|p2a: CityViktor|Scald|p1a: Glimmora\n|-supereffective|p1a: Glimmora\n|-damage|p1a: Glimmora|53\/100\n|\n|upkeep\n|turn|20\n|\n|t:|1699300037\n|switch|p2a: CityDirk|Donphan, F|50\/100\n|-damage|p2a: CityDirk|44\/100|[from] Stealth Rock\n|move|p1a: Glimmora|Mortal Spin|p2a: CityDirk\n|-resisted|p2a: CityDirk\n|-damage|p2a: CityDirk|42\/100\n|-status|p2a: CityDirk|psn\n|\n|-damage|p2a: CityDirk|30\/100 psn|[from] psn\n|upkeep\n|turn|21\n|\n|t:|1699300055\n|move|p1a: Glimmora|Earth Power|p2a: CityDirk\n|-damage|p2a: CityDirk|0 fnt\n|faint|p2a: CityDirk\n|\n|upkeep\n|\n|t:|1699300139\n|switch|p2a: CityViktor|Goodra, M, shiny, tera:Fairy|100\/100\n|-damage|p2a: CityViktor|88\/100|[from] Stealth Rock\n|turn|22\n|\n|t:|1699300189\n|move|p1a: Glimmora|Sludge Bomb|p2a: CityViktor\n|-supereffective|p2a: CityViktor\n|-damage|p2a: CityViktor|29\/100\n|-status|p2a: CityViktor|psn\n|move|p2a: CityViktor|Scald|p1a: Glimmora\n|-supereffective|p1a: Glimmora\n|-damage|p1a: Glimmora|2\/100\n|-status|p1a: Glimmora|brn\n|\n|-heal|p2a: CityViktor|35\/100 psn|[from] item: Leftovers\n|-damage|p2a: CityViktor|22\/100 psn|[from] psn\n|-damage|p1a: Glimmora|0 fnt|[from] brn\n|faint|p1a: Glimmora\n|upkeep\n|\n|t:|1699300211\n|switch|p1a: Zapdos|Zapdos-Galar|100\/100\n|turn|23\n|\n|t:|1699300229\n|switch|p2a: CityFrieda|Froslass, F|100\/100\n|-damage|p2a: CityFrieda|76\/100|[from] Stealth Rock\n|move|p1a: Zapdos|Brave Bird|p2a: CityFrieda\n|-damage|p2a: CityFrieda|0 fnt\n|-start|p1a: Zapdos|Disable|Brave Bird|[from] ability: Cursed Body|[of] p2a: CityFrieda\n|faint|p2a: CityFrieda\n|-damage|p1a: Zapdos|81\/100|[from] Recoil\n|\n|upkeep\n|\n|t:|1699300239\n|switch|p2a: CityOlga|Ogerpon-Hearthflame, F|100\/100\n|-damage|p2a: CityOlga|76\/100|[from] Stealth Rock\n|-ability|p2a: CityOlga|Mold Breaker\n|turn|24\n|\n|t:|1699300270\n|switch|p1a: Talonflame|Talonflame, M|100\/100\n|move|p2a: CityOlga|Trailblaze|p1a: Talonflame\n|-resisted|p1a: Talonflame\n|-damage|p1a: Talonflame|92\/100\n|-boost|p2a: CityOlga|spe|1\n|\n|upkeep\n|turn|25\n|\n|t:|1699300281\n|move|p2a: CityOlga|Swords Dance|p2a: CityOlga\n|-boost|p2a: CityOlga|atk|2\n|move|p1a: Talonflame|Brave Bird|p2a: CityOlga\n|-supereffective|p2a: CityOlga\n|-crit|p2a: CityOlga\n|-damage|p2a: CityOlga|0 fnt\n|faint|p2a: CityOlga\n|-damage|p1a: Talonflame|70\/100|[from] Recoil\n|\n|upkeep\n|\n|t:|1699300291\n|switch|p2a: CityViktor|Goodra, M, shiny, tera:Fairy|22\/100 psn\n|-damage|p2a: CityViktor|10\/100 psn|[from] Stealth Rock\n|turn|26\n|\n|t:|1699300308\n|move|p1a: Talonflame|Brave Bird|p2a: CityViktor\n|-damage|p2a: CityViktor|0 fnt\n|-ability|p2a: CityViktor|Gooey\n|-unboost|p1a: Talonflame|spe|1\n|faint|p2a: CityViktor\n|-damage|p1a: Talonflame|67\/100|[from] Recoil\n|\n|win|Citybob\n|l|\u2606PokeBro LOST\n","uploadtime":1699300401,"views":23,"p1id":"citybob","p2id":"pokebrolost","formatid":"gen9anythinggoes","rating":0,"private":0,"password":""}