{"id":"gen9anythinggoes-1985802207","p1":"fish study u dido","p2":"darkfarts","format":"[Gen 9] Anything Goes","log":"|j|\u2606fish study u dido\n|j|\u2606darkfarts\n|t:|1699407708\n|gametype|singles\n|player|p1|fish study u dido|2|1000\n|player|p2|darkfarts|170|1099\n|teamsize|p1|6\n|teamsize|p2|6\n|gen|9\n|tier|[Gen 9] Anything Goes\n|rated|\n|rule|HP Percentage Mod: HP is shown in percentages\n|rule|Endless Battle Clause: Forcing endless battles is banned\n|clearpoke\n|poke|p1|Regieleki|\n|poke|p1|Regieleki|\n|poke|p1|Regieleki|\n|poke|p1|Regieleki|\n|poke|p1|Kyogre|\n|poke|p1|Basculegion, M|\n|poke|p2|Arcanine-Hisui, F|\n|poke|p2|Annihilape, F|\n|poke|p2|Greninja-*, M|\n|poke|p2|Gengar, M|\n|poke|p2|Kommo-o, M|\n|poke|p2|Ceruledge, F|\n|teampreview\n|c|\u2606darkfarts|huh\n|c|\u2606darkfarts|hi\n|\n|t:|1699407729\n|start\n|switch|p1a: Regieleki|Regieleki|100\/100\n|switch|p2a: Annihilape|Annihilape, F, shiny|100\/100\n|turn|1\n|\n|t:|1699407733\n|move|p1a: Regieleki|Explosion|p2a: Annihilape\n|-immune|p2a: Annihilape\n|faint|p1a: Regieleki\n|move|p2a: Annihilape|Earthquake|p1: Regieleki|[notarget]\n|-fail|p2a: Annihilape\n|\n|upkeep\n|\n|t:|1699407736\n|switch|p1a: Regieleki|Regieleki|100\/100\n|turn|2\n|\n|t:|1699407741\n|move|p1a: Regieleki|Explosion|p2a: Annihilape\n|-immune|p2a: Annihilape\n|faint|p1a: Regieleki\n|move|p2a: Annihilape|Earthquake|p1: Regieleki|[notarget]\n|-fail|p2a: Annihilape\n|\n|upkeep\n|\n|t:|1699407743\n|switch|p1a: Regieleki|Regieleki|100\/100\n|turn|3\n|\n|t:|1699407747\n|move|p1a: Regieleki|Explosion|p2a: Annihilape\n|-immune|p2a: Annihilape\n|faint|p1a: Regieleki\n|move|p2a: Annihilape|Earthquake|p1: Regieleki|[notarget]\n|-fail|p2a: Annihilape\n|\n|upkeep\n|\n|t:|1699407749\n|switch|p1a: Regieleki|Regieleki|100\/100\n|turn|4\n|c|\u2606darkfarts|grow a brain\n|\n|t:|1699407760\n|move|p1a: Regieleki|Explosion|p2a: Annihilape\n|-immune|p2a: Annihilape\n|faint|p1a: Regieleki\n|move|p2a: Annihilape|Earthquake|p1: Regieleki|[notarget]\n|-fail|p2a: Annihilape\n|\n|upkeep\n|\n|t:|1699407767\n|switch|p1a: Kyogre|Kyogre|100\/100\n|-weather|RainDance|[from] ability: Drizzle|[of] p1a: Kyogre\n|turn|5\n|\n|t:|1699407773\n|move|p1a: Kyogre|Water Spout|p2a: Annihilape\n|-damage|p2a: Annihilape|0 fnt\n|faint|p2a: Annihilape\n|\n|-weather|RainDance|[upkeep]\n|upkeep\n|\n|t:|1699407784\n|switch|p2a: Arcanine|Arcanine-Hisui, F, shiny|100\/100\n|turn|6\n|\n|t:|1699407790\n|-terastallize|p2a: Arcanine|Normal\n|move|p2a: Arcanine|Double-Edge|p1a: Kyogre\n|-damage|p1a: Kyogre|27\/100\n|move|p1a: Kyogre|Water Spout|p2a: Arcanine\n|-damage|p2a: Arcanine|62\/100\n|\n|-weather|RainDance|[upkeep]\n|upkeep\n|turn|7\n|\n|t:|1699407798\n|move|p2a: Arcanine|Double-Edge|p1a: Kyogre\n|-damage|p1a: Kyogre|0 fnt\n|faint|p1a: Kyogre\n|\n|-weather|RainDance|[upkeep]\n|upkeep\n|\n|t:|1699407800\n|switch|p1a: Basculegion|Basculegion, M|100\/100\n|turn|8\n|\n|t:|1699407808\n|switch|p2a: Gengar|Gengar, M, shiny|100\/100\n|move|p1a: Basculegion|Wave Crash|p2a: Gengar\n|-damage|p2a: Gengar|0 fnt\n|-start|p1a: Basculegion|Disable|Wave Crash|[from] ability: Cursed Body|[of] p2a: Gengar\n|faint|p2a: Gengar\n|-damage|p1a: Basculegion|72\/100|[from] Recoil\n|\n|-weather|RainDance|[upkeep]\n|upkeep\n|\n|t:|1699407818\n|switch|p2a: Greninja|Greninja, M, shiny|100\/100\n|turn|9\n|\n|t:|1699407822\n|-terastallize|p1a: Basculegion|Water\n|move|p1a: Basculegion|Last Respects|p2a: Greninja\n|-resisted|p2a: Greninja\n|-damage|p2a: Greninja|3\/100\n|move|p2a: Greninja|Swords Dance|p2a: Greninja\n|-start|p2a: Greninja|typechange|Normal|[from] ability: Protean\n|-boost|p2a: Greninja|atk|2\n|\n|-weather|RainDance|[upkeep]\n|upkeep\n|turn|10\n|\n|t:|1699407837\n|move|p1a: Basculegion|Aqua Jet|p2a: Greninja\n|-damage|p2a: Greninja|0 fnt\n|faint|p2a: Greninja\n|\n|-weather|RainDance|[upkeep]\n|upkeep\n|\n|t:|1699407843\n|switch|p2a: Kommo-o|Kommo-o, M|100\/100\n|turn|11\n|\n|t:|1699407846\n|move|p1a: Basculegion|Last Respects|p2a: Kommo-o\n|-damage|p2a: Kommo-o|0 fnt\n|faint|p2a: Kommo-o\n|\n|-weather|RainDance|[upkeep]\n|-end|p1a: Basculegion|Disable\n|upkeep\n|\n|t:|1699407853\n|switch|p2a: Ceruledge|Ceruledge, F, shiny|100\/100\n|turn|12\n|\n|t:|1699407859\n|move|p1a: Basculegion|Last Respects|p2a: Ceruledge\n|-supereffective|p2a: Ceruledge\n|-damage|p2a: Ceruledge|0 fnt\n|faint|p2a: Ceruledge\n|\n|-weather|none\n|upkeep\n|\n|t:|1699407864\n|switch|p2a: Arcanine|Arcanine-Hisui, F, shiny, tera:Normal|62\/100\n|turn|13\n|\n|t:|1699407868\n|move|p2a: Arcanine|Crunch|p1a: Basculegion\n|-damage|p1a: Basculegion|37\/100\n|move|p1a: Basculegion|Wave Crash|p2a: Arcanine\n|-damage|p2a: Arcanine|0 fnt\n|faint|p2a: Arcanine\n|-damage|p1a: Basculegion|19\/100|[from] Recoil\n|\n|win|fish study u dido\n|raw|fish study u dido's rating: 1000 &rarr; <strong>1051<\/strong><br \/>(+51 for winning)\n|raw|darkfarts's rating: 1099 &rarr; <strong>1067<\/strong><br \/>(-32 for losing)\n|c|\u2606darkfarts|gg\n|c|\u2606darkfarts|noce meme\n|l|\u2606darkfarts\n","uploadtime":1699408008,"views":6,"p1id":"fishstudyudido","p2id":"darkfarts","formatid":"gen9anythinggoes","rating":1051,"private":0,"password":""}