{"id":"gen9anythinggoes-1993175001","p1":"LingLing007","p2":"Chef DC c","format":"[Gen 9] Anything Goes","log":"|j|\u2606LingLing007\n|j|\u2606Chef DC c\n|t:|1700273949\n|gametype|singles\n|player|p1|LingLing007|proton|1177\n|player|p2|Chef DC c|swimmer-gen4dp|1093\n|teamsize|p1|6\n|teamsize|p2|6\n|gen|9\n|tier|[Gen 9] Anything Goes\n|rated|\n|rule|HP Percentage Mod: HP is shown in percentages\n|rule|Endless Battle Clause: Forcing endless battles is banned\n|clearpoke\n|poke|p1|Toxapex, M|\n|poke|p1|Slowking-Galar, M|\n|poke|p1|Amoonguss, F|\n|poke|p1|Slowbro-Galar, M|\n|poke|p1|Weezing-Galar, M|\n|poke|p1|Sneasler, M|\n|poke|p2|Koraidon|\n|poke|p2|Zacian-*|\n|poke|p2|Flutter Mane|\n|poke|p2|Calyrex-Shadow|\n|poke|p2|Urshifu-*, F|\n|poke|p2|Greninja-*, M|\n|teampreview\n|inactive|Battle timer is ON: inactive players will automatically lose when time's up. (requested by LingLing007)\n|\n|t:|1700273972\n|start\n|switch|p1a: Toxapex|Toxapex, M|100\/100\n|switch|p2a: Greninja|Greninja, M|100\/100\n|turn|1\n|\n|t:|1700273984\n|move|p2a: Greninja|Dark Pulse|p1a: Toxapex\n|-damage|p1a: Toxapex|72\/100\n|move|p1a: Toxapex|Toxic|p2a: Greninja\n|-status|p2a: Greninja|tox\n|\n|-heal|p1a: Toxapex|78\/100|[from] item: Black Sludge\n|-damage|p2a: Greninja|95\/100 tox|[from] psn\n|upkeep\n|turn|2\n|\n|t:|1700273995\n|move|p2a: Greninja|Dark Pulse|p1a: Toxapex\n|-damage|p1a: Toxapex|49\/100\n|move|p1a: Toxapex|Infestation|p2a: Greninja\n|-supereffective|p2a: Greninja\n|-crit|p2a: Greninja\n|-damage|p2a: Greninja|81\/100 tox\n|-activate|p2a: Greninja|move: Infestation|[of] p1a: Toxapex\n|\n|-heal|p1a: Toxapex|55\/100|[from] item: Black Sludge\n|-damage|p2a: Greninja|69\/100 tox|[from] psn\n|-damage|p2a: Greninja|57\/100 tox|[from] move: Infestation|[partiallytrapped]\n|upkeep\n|turn|3\n|j| Mattattac\n|\n|t:|1700274008\n|switch|p1a: Weezing|Weezing-Galar, M|100\/100\n|move|p2a: Greninja|Dark Pulse|p1a: Weezing\n|-resisted|p1a: Weezing\n|-damage|p1a: Weezing|83\/100\n|\n|-damage|p2a: Greninja|39\/100 tox|[from] psn\n|-end|p2a: Greninja|Infestation|[partiallytrapped]|[silent]\n|upkeep\n|turn|4\n|\n|t:|1700274024\n|move|p2a: Greninja|Dark Pulse|p1a: Weezing\n|-resisted|p1a: Weezing\n|-crit|p1a: Weezing\n|-damage|p1a: Weezing|56\/100\n|cant|p1a: Weezing|flinch\n|\n|-damage|p2a: Greninja|16\/100 tox|[from] psn\n|upkeep\n|turn|5\n|\n|t:|1700274043\n|switch|p1a: Slowking|Slowking-Galar, M|100\/100\n|move|p2a: Greninja|Chilling Water|p1a: Slowking\n|-damage|p1a: Slowking|92\/100\n|-unboost|p1a: Slowking|atk|1\n|\n|-damage|p2a: Greninja|0 fnt|[from] psn\n|faint|p2a: Greninja\n|upkeep\n|\n|t:|1700274057\n|switch|p2a: Urshifu|Urshifu-Rapid-Strike, F|100\/100\n|turn|6\n|\n|t:|1700274074\n|move|p2a: Urshifu|Liquidation|p1a: Slowking\n|-damage|p1a: Slowking|42\/100\n|move|p1a: Slowking|Future Sight|p2a: Urshifu\n|-start|p1a: Slowking|move: Future Sight\n|\n|upkeep\n|turn|7\n|\n|t:|1700274080\n|switch|p1a: Toxapex|Toxapex, M|88\/100\n|move|p2a: Urshifu|Liquidation|p1a: Toxapex\n|-resisted|p1a: Toxapex\n|-damage|p1a: Toxapex|75\/100\n|-unboost|p1a: Toxapex|def|1\n|\n|-heal|p1a: Toxapex|82\/100|[from] item: Black Sludge\n|upkeep\n|turn|8\n|\n|t:|1700274095\n|move|p2a: Urshifu|Acrobatics|p1a: Toxapex\n|-damage|p1a: Toxapex|44\/100\n|move|p1a: Toxapex|Infestation|p2a: Urshifu\n|-resisted|p2a: Urshifu\n|-damage|p2a: Urshifu|98\/100\n|-activate|p2a: Urshifu|move: Infestation|[of] p1a: Toxapex\n|\n|-end|p2a: Urshifu|move: Future Sight\n|-supereffective|p2a: Urshifu\n|-damage|p2a: Urshifu|0 fnt\n|faint|p2a: Urshifu\n|-heal|p1a: Toxapex|50\/100|[from] item: Black Sludge\n|upkeep\n|\n|t:|1700274109\n|switch|p2a: Flutter Mane|Flutter Mane|100\/100\n|turn|9\n|\n|t:|1700274115\n|switch|p1a: Slowking|Slowking-Galar, M|76\/100\n|move|p2a: Flutter Mane|Energy Ball|p1a: Slowking\n|-resisted|p1a: Slowking\n|-damage|p1a: Slowking|66\/100\n|\n|upkeep\n|turn|10\n|\n|t:|1700274124\n|-end|p2a: Flutter Mane|Protosynthesis|[silent]\n|switch|p2a: Koraidon|Koraidon|100\/100\n|-weather|SunnyDay|[from] ability: Orichalcum Pulse|[of] p2a: Koraidon\n|-activate|p2a: Koraidon|Orichalcum Pulse|[source]\n|move|p1a: Slowking|Sludge Bomb|p2a: Koraidon\n|-damage|p2a: Koraidon|72\/100\n|\n|-weather|SunnyDay|[upkeep]\n|upkeep\n|turn|11\n|\n|t:|1700274134\n|switch|p1a: Toxapex|Toxapex, M|84\/100\n|move|p2a: Koraidon|Outrage|p1a: Toxapex\n|-damage|p1a: Toxapex|13\/100\n|-damage|p2a: Koraidon|62\/100|[from] item: Life Orb\n|\n|-weather|SunnyDay|[upkeep]\n|-heal|p1a: Toxapex|20\/100|[from] item: Black Sludge\n|upkeep\n|turn|12\n|\n|t:|1700274144\n|switch|p1a: Weezing|Weezing-Galar, M|56\/100\n|move|p2a: Koraidon|Outrage|p1a: Weezing|[from]lockedmove\n|-immune|p1a: Weezing\n|\n|-weather|SunnyDay|[upkeep]\n|upkeep\n|turn|13\n|\n|t:|1700274154\n|move|p2a: Koraidon|Close Combat|p1a: Weezing\n|-resisted|p1a: Weezing\n|-damage|p1a: Weezing|31\/100\n|-unboost|p2a: Koraidon|def|1\n|-unboost|p2a: Koraidon|spd|1\n|-damage|p2a: Koraidon|52\/100|[from] item: Life Orb\n|move|p1a: Weezing|Pain Split|p2a: Koraidon\n|-sethp|p2a: Koraidon|40\/100|[from] move: Pain Split|[silent]\n|-sethp|p1a: Weezing|45\/100|[from] move: Pain Split\n|\n|-weather|SunnyDay|[upkeep]\n|upkeep\n|turn|14\n|\n|t:|1700274172\n|switch|p2a: Calyrex|Calyrex-Shadow|100\/100\n|-ability|p2a: Calyrex|As One\n|-ability|p2a: Calyrex|Unnerve\n|move|p1a: Weezing|Strange Steam|p2a: Calyrex\n|-damage|p2a: Calyrex|73\/100\n|\n|-weather|none\n|upkeep\n|turn|15\n|\n|t:|1700274186\n|switch|p1a: Slowking|Slowking-Galar, M|99\/100\n|move|p2a: Calyrex|Astral Barrage|p1a: Slowking\n|-supereffective|p1a: Slowking\n|-damage|p1a: Slowking|26\/100\n|-damage|p2a: Calyrex|63\/100|[from] item: Life Orb\n|\n|upkeep\n|turn|16\n|\n|t:|1700274199\n|-terastallize|p1a: Slowking|Normal\n|move|p2a: Calyrex|Astral Barrage|p1a: Slowking\n|-immune|p1a: Slowking\n|move|p1a: Slowking|Future Sight|p2a: Calyrex\n|-start|p1a: Slowking|move: Future Sight\n|\n|upkeep\n|turn|17\n|\n|t:|1700274209\n|switch|p1a: Weezing|Weezing-Galar, M|45\/100\n|move|p2a: Calyrex|Dark Pulse|p1a: Weezing\n|-resisted|p1a: Weezing\n|-damage|p1a: Weezing|24\/100\n|-damage|p2a: Calyrex|53\/100|[from] item: Life Orb\n|\n|upkeep\n|turn|18\n|\n|t:|1700274218\n|switch|p2a: Flutter Mane|Flutter Mane|100\/100\n|switch|p1a: Slowking|Slowking-Galar, M, tera:Normal|59\/100\n|\n|-end|p2a: Flutter Mane|move: Future Sight\n|-damage|p2a: Flutter Mane|51\/100\n|upkeep\n|turn|19\n|\n|t:|1700274242\n|move|p2a: Flutter Mane|Dazzling Gleam|p1a: Slowking\n|-damage|p1a: Slowking|33\/100\n|move|p1a: Slowking|Earthquake|p2a: Flutter Mane\n|-damage|p2a: Flutter Mane|17\/100\n|\n|upkeep\n|turn|20\n|\n|t:|1700274249\n|switch|p1a: Toxapex|Toxapex, M|53\/100\n|move|p2a: Flutter Mane|Dazzling Gleam|p1a: Toxapex\n|-resisted|p1a: Toxapex\n|-damage|p1a: Toxapex|25\/100\n|\n|-heal|p1a: Toxapex|31\/100|[from] item: Black Sludge\n|upkeep\n|turn|21\n|\n|t:|1700274258\n|move|p2a: Flutter Mane|Dazzling Gleam|p1a: Toxapex\n|-resisted|p1a: Toxapex\n|-damage|p1a: Toxapex|4\/100\n|move|p1a: Toxapex|Recover|p1a: Toxapex\n|-heal|p1a: Toxapex|54\/100\n|\n|-heal|p1a: Toxapex|60\/100|[from] item: Black Sludge\n|upkeep\n|turn|22\n|\n|t:|1700274268\n|move|p2a: Flutter Mane|Dazzling Gleam|p1a: Toxapex\n|-resisted|p1a: Toxapex\n|-damage|p1a: Toxapex|34\/100\n|move|p1a: Toxapex|Recover|p1a: Toxapex\n|-heal|p1a: Toxapex|84\/100\n|\n|-heal|p1a: Toxapex|91\/100|[from] item: Black Sludge\n|upkeep\n|turn|23\n|\n|t:|1700274277\n|move|p2a: Flutter Mane|Dazzling Gleam|p1a: Toxapex\n|-resisted|p1a: Toxapex\n|-damage|p1a: Toxapex|63\/100\n|move|p1a: Toxapex|Infestation|p2a: Flutter Mane\n|-resisted|p2a: Flutter Mane\n|-damage|p2a: Flutter Mane|17\/100\n|-activate|p2a: Flutter Mane|move: Infestation|[of] p1a: Toxapex\n|\n|-heal|p1a: Toxapex|69\/100|[from] item: Black Sludge\n|-damage|p2a: Flutter Mane|4\/100|[from] move: Infestation|[partiallytrapped]\n|upkeep\n|turn|24\n|\n|t:|1700274287\n|switch|p1a: Slowking|Slowking-Galar, M, tera:Normal|66\/100\n|move|p2a: Flutter Mane|Dazzling Gleam|p1a: Slowking\n|-damage|p1a: Slowking|42\/100\n|\n|-end|p2a: Flutter Mane|Infestation|[partiallytrapped]|[silent]\n|upkeep\n|turn|25\n|\n|t:|1700274294\n|switch|p1a: Toxapex|Toxapex, M|100\/100\n|move|p2a: Flutter Mane|Dazzling Gleam|p1a: Toxapex\n|-resisted|p1a: Toxapex\n|-damage|p1a: Toxapex|73\/100\n|\n|-heal|p1a: Toxapex|79\/100|[from] item: Black Sludge\n|upkeep\n|turn|26\n|\n|t:|1700274303\n|move|p2a: Flutter Mane|Dazzling Gleam|p1a: Toxapex\n|-resisted|p1a: Toxapex\n|-damage|p1a: Toxapex|51\/100\n|move|p1a: Toxapex|Infestation|p2a: Flutter Mane\n|-resisted|p2a: Flutter Mane\n|-damage|p2a: Flutter Mane|4\/100\n|-activate|p2a: Flutter Mane|move: Infestation|[of] p1a: Toxapex\n|\n|-heal|p1a: Toxapex|57\/100|[from] item: Black Sludge\n|-damage|p2a: Flutter Mane|0 fnt|[from] move: Infestation|[partiallytrapped]\n|faint|p2a: Flutter Mane\n|-end|p2a: Flutter Mane|Protosynthesis|[silent]\n|upkeep\n|\n|t:|1700274320\n|switch|p2a: Zacian|Zacian-Crowned|100\/100\n|-ability|p2a: Zacian|Intrepid Sword|boost\n|-boost|p2a: Zacian|atk|1\n|turn|27\n|\n|t:|1700274325\n|move|p2a: Zacian|Behemoth Blade|p1a: Toxapex\n|-resisted|p1a: Toxapex\n|-damage|p1a: Toxapex|30\/100\n|move|p1a: Toxapex|Haze|p1a: Toxapex\n|-clearallboost\n|\n|-heal|p1a: Toxapex|36\/100|[from] item: Black Sludge\n|upkeep\n|turn|28\n|\n|t:|1700274334\n|switch|p1a: Amoonguss|Amoonguss, F|100\/100\n|move|p2a: Zacian|Sacred Sword|p1a: Amoonguss\n|-resisted|p1a: Amoonguss\n|-damage|p1a: Amoonguss|87\/100\n|\n|-heal|p1a: Amoonguss|93\/100|[from] item: Black Sludge\n|upkeep\n|turn|29\n|\n|t:|1700274346\n|switch|p1a: Toxapex|Toxapex, M|70\/100\n|move|p2a: Zacian|Play Rough|p1a: Toxapex\n|-resisted|p1a: Toxapex\n|-damage|p1a: Toxapex|53\/100\n|\n|-heal|p1a: Toxapex|59\/100|[from] item: Black Sludge\n|upkeep\n|turn|30\n|\n|t:|1700274360\n|move|p2a: Zacian|Behemoth Blade|p1a: Toxapex\n|-resisted|p1a: Toxapex\n|-damage|p1a: Toxapex|40\/100\n|move|p1a: Toxapex|Infestation|p2a: Zacian\n|-resisted|p2a: Zacian\n|-damage|p2a: Zacian|99\/100\n|-activate|p2a: Zacian|move: Infestation|[of] p1a: Toxapex\n|\n|-heal|p1a: Toxapex|47\/100|[from] item: Black Sludge\n|-damage|p2a: Zacian|88\/100|[from] move: Infestation|[partiallytrapped]\n|upkeep\n|turn|31\n|\n|t:|1700274371\n|move|p2a: Zacian|Play Rough|p1a: Toxapex\n|-resisted|p1a: Toxapex\n|-damage|p1a: Toxapex|28\/100\n|move|p1a: Toxapex|Recover|p1a: Toxapex\n|-heal|p1a: Toxapex|78\/100\n|\n|-heal|p1a: Toxapex|85\/100|[from] item: Black Sludge\n|-damage|p2a: Zacian|75\/100|[from] move: Infestation|[partiallytrapped]\n|upkeep\n|turn|32\n|\n|t:|1700274388\n|move|p2a: Zacian|Swords Dance|p2a: Zacian\n|-boost|p2a: Zacian|atk|2\n|move|p1a: Toxapex|Infestation|p2a: Zacian\n|-resisted|p2a: Zacian\n|-damage|p2a: Zacian|75\/100\n|\n|-heal|p1a: Toxapex|91\/100|[from] item: Black Sludge\n|-damage|p2a: Zacian|62\/100|[from] move: Infestation|[partiallytrapped]\n|upkeep\n|turn|33\n|\n|t:|1700274400\n|move|p2a: Zacian|Sacred Sword|p1a: Toxapex\n|-resisted|p1a: Toxapex\n|-damage|p1a: Toxapex|69\/100\n|move|p1a: Toxapex|Haze|p1a: Toxapex\n|-clearallboost\n|\n|-heal|p1a: Toxapex|75\/100|[from] item: Black Sludge\n|-damage|p2a: Zacian|50\/100|[from] move: Infestation|[partiallytrapped]\n|upkeep\n|turn|34\n|\n|t:|1700274410\n|move|p2a: Zacian|Behemoth Blade|p1a: Toxapex\n|-resisted|p1a: Toxapex\n|-damage|p1a: Toxapex|56\/100\n|move|p1a: Toxapex|Infestation|p2a: Zacian\n|-resisted|p2a: Zacian\n|-damage|p2a: Zacian|50\/100\n|\n|-heal|p1a: Toxapex|63\/100|[from] item: Black Sludge\n|-damage|p2a: Zacian|37\/100|[from] move: Infestation|[partiallytrapped]\n|upkeep\n|turn|35\n|\n|t:|1700274426\n|move|p2a: Zacian|Play Rough|p1a: Toxapex\n|-resisted|p1a: Toxapex\n|-damage|p1a: Toxapex|45\/100\n|move|p1a: Toxapex|Infestation|p2a: Zacian\n|-resisted|p2a: Zacian\n|-damage|p2a: Zacian|37\/100\n|\n|-heal|p1a: Toxapex|51\/100|[from] item: Black Sludge\n|-end|p2a: Zacian|Infestation|[partiallytrapped]\n|upkeep\n|turn|36\n|\n|t:|1700274437\n|move|p2a: Zacian|Behemoth Blade|p1a: Toxapex\n|-resisted|p1a: Toxapex\n|-damage|p1a: Toxapex|32\/100\n|move|p1a: Toxapex|Infestation|p2a: Zacian\n|-resisted|p2a: Zacian\n|-damage|p2a: Zacian|36\/100\n|-activate|p2a: Zacian|move: Infestation|[of] p1a: Toxapex\n|\n|-heal|p1a: Toxapex|38\/100|[from] item: Black Sludge\n|-damage|p2a: Zacian|24\/100|[from] move: Infestation|[partiallytrapped]\n|upkeep\n|turn|37\n|\n|t:|1700274449\n|move|p2a: Zacian|Behemoth Blade|p1a: Toxapex\n|-resisted|p1a: Toxapex\n|-damage|p1a: Toxapex|18\/100\n|move|p1a: Toxapex|Recover|p1a: Toxapex\n|-heal|p1a: Toxapex|68\/100\n|\n|-heal|p1a: Toxapex|75\/100|[from] item: Black Sludge\n|-damage|p2a: Zacian|12\/100|[from] move: Infestation|[partiallytrapped]\n|upkeep\n|turn|38\n|inactive|Chef DC c has 120 seconds left.\n|\n|t:|1700274469\n|move|p2a: Zacian|Behemoth Blade|p1a: Toxapex\n|-resisted|p1a: Toxapex\n|-damage|p1a: Toxapex|56\/100\n|move|p1a: Toxapex|Infestation|p2a: Zacian\n|-resisted|p2a: Zacian\n|-damage|p2a: Zacian|11\/100\n|\n|-heal|p1a: Toxapex|62\/100|[from] item: Black Sludge\n|-damage|p2a: Zacian|0 fnt|[from] move: Infestation|[partiallytrapped]\n|faint|p2a: Zacian\n|upkeep\n|inactive|Chef DC c has 120 seconds left.\n|\n|t:|1700274481\n|switch|p2a: Koraidon|Koraidon|40\/100\n|-weather|SunnyDay|[from] ability: Orichalcum Pulse|[of] p2a: Koraidon\n|-activate|p2a: Koraidon|Orichalcum Pulse|[source]\n|turn|39\n|inactive|Chef DC c has 120 seconds left.\n|\n|t:|1700274492\n|move|p2a: Koraidon|Close Combat|p1a: Toxapex\n|-resisted|p1a: Toxapex\n|-crit|p1a: Toxapex\n|-damage|p1a: Toxapex|10\/100\n|-unboost|p2a: Koraidon|def|1\n|-unboost|p2a: Koraidon|spd|1\n|-damage|p2a: Koraidon|30\/100|[from] item: Life Orb\n|move|p1a: Toxapex|Infestation|p2a: Koraidon\n|-resisted|p2a: Koraidon\n|-damage|p2a: Koraidon|28\/100\n|-activate|p2a: Koraidon|move: Infestation|[of] p1a: Toxapex\n|\n|-weather|SunnyDay|[upkeep]\n|-heal|p1a: Toxapex|16\/100|[from] item: Black Sludge\n|-damage|p2a: Koraidon|16\/100|[from] move: Infestation|[partiallytrapped]\n|upkeep\n|turn|40\n|inactive|Chef DC c has 120 seconds left.\n|\n|t:|1700274506\n|switch|p1a: Amoonguss|Amoonguss, F|100\/100\n|move|p2a: Koraidon|Close Combat|p1a: Amoonguss\n|-resisted|p1a: Amoonguss\n|-damage|p1a: Amoonguss|54\/100\n|-unboost|p2a: Koraidon|def|1\n|-unboost|p2a: Koraidon|spd|1\n|-damage|p2a: Koraidon|6\/100|[from] item: Life Orb\n|\n|-weather|SunnyDay|[upkeep]\n|-heal|p1a: Amoonguss|60\/100|[from] item: Black Sludge\n|-end|p2a: Koraidon|Infestation|[partiallytrapped]|[silent]\n|upkeep\n|turn|41\n|inactive|Chef DC c has 120 seconds left.\n|\n|t:|1700274518\n|move|p2a: Koraidon|Outrage|p1a: Amoonguss\n|-damage|p1a: Amoonguss|0 fnt\n|faint|p1a: Amoonguss\n|-damage|p2a: Koraidon|0 fnt|[from] item: Life Orb\n|faint|p2a: Koraidon\n|\n|-weather|SunnyDay|[upkeep]\n|upkeep\n|inactive|Chef DC c has 120 seconds left.\n|\n|t:|1700274528\n|switch|p2a: Calyrex|Calyrex-Shadow|53\/100\n|switch|p1a: Sneasler|Sneasler, M|100\/100\n|-ability|p2a: Calyrex|As One\n|-ability|p2a: Calyrex|Unnerve\n|turn|42\n|inactive|Chef DC c has 120 seconds left.\n|\n|t:|1700274539\n|move|p2a: Calyrex|Dark Pulse|p1a: Sneasler\n|-resisted|p1a: Sneasler\n|-damage|p1a: Sneasler|73\/100\n|-damage|p2a: Calyrex|43\/100|[from] item: Life Orb\n|move|p1a: Sneasler|Swords Dance|p1a: Sneasler\n|-boost|p1a: Sneasler|atk|2\n|\n|-weather|SunnyDay|[upkeep]\n|upkeep\n|turn|43\n|inactive|Chef DC c has 120 seconds left.\n|\n|t:|1700274549\n|move|p2a: Calyrex|Astral Barrage|p1a: Sneasler\n|-damage|p1a: Sneasler|0 fnt\n|faint|p1a: Sneasler\n|-ability|p2a: Calyrex|Grim Neigh|boost\n|-boost|p2a: Calyrex|spa|1\n|-damage|p2a: Calyrex|33\/100|[from] item: Life Orb\n|\n|-weather|none\n|upkeep\n|\n|t:|1700274554\n|switch|p1a: Slowking|Slowking-Galar, M, tera:Normal|75\/100\n|turn|44\n|\n|t:|1700274562\n|move|p2a: Calyrex|Dark Pulse|p1a: Slowking\n|-damage|p1a: Slowking|50\/100\n|-damage|p2a: Calyrex|23\/100|[from] item: Life Orb\n|move|p1a: Slowking|Earthquake|p2a: Calyrex\n|-damage|p2a: Calyrex|3\/100\n|\n|upkeep\n|turn|45\n|c|\u2606LingLing007|gg\n|\n|t:|1700274574\n|move|p2a: Calyrex|Dark Pulse|p1a: Slowking\n|-damage|p1a: Slowking|26\/100\n|-damage|p2a: Calyrex|0 fnt|[from] item: Life Orb\n|faint|p2a: Calyrex\n|\n|win|LingLing007\n|raw|LingLing007's rating: 1177 &rarr; <strong>1196<\/strong><br \/>(+19 for winning)\n|raw|Chef DC c's rating: 1093 &rarr; <strong>1075<\/strong><br \/>(-18 for losing)\n|c|\u2606Chef DC c|Gg\n|l|\u2606Chef DC c\n","uploadtime":1700274583,"views":7,"p1id":"lingling007","p2id":"chefdcc","formatid":"gen9anythinggoes","rating":1075,"private":0,"password":""}