{"id":"gen9anythinggoes-1980592251","p1":"sendfreegifttome","p2":"TDgarden","format":"[Gen 9] Anything Goes","log":"|j|\u2606sendfreegifttome\n|j|\u203dTDgarden\n|t:|1698800951\n|gametype|singles\n|player|p1|sendfreegifttome|nate|1452\n|player|p2|TDgarden|102|1431\n|teamsize|p1|6\n|teamsize|p2|6\n|gen|9\n|tier|[Gen 9] Anything Goes\n|rated|\n|rule|HP Percentage Mod: HP is shown in percentages\n|rule|Endless Battle Clause: Forcing endless battles is banned\n|clearpoke\n|poke|p1|Calyrex-Shadow|\n|poke|p1|Kyogre|\n|poke|p1|Zacian-*|\n|poke|p1|Miraidon|\n|poke|p1|Arceus|\n|poke|p1|Eternatus|\n|poke|p2|Darkrai|\n|poke|p2|Espeon, M|\n|poke|p2|Koraidon|\n|poke|p2|Kyogre|\n|poke|p2|Dragapult, F|\n|poke|p2|Landorus-Therian, M|\n|teampreview\n|inactive|Battle timer is ON: inactive players will automatically lose when time's up. (requested by sendfreegifttome)\n|\n|t:|1698800967\n|start\n|switch|p1a: Eternatus|Eternatus|100\/100\n|switch|p2a: Darkrai|Darkrai|100\/100\n|-ability|p1a: Eternatus|Pressure\n|turn|1\n|\n|t:|1698800975\n|move|p1a: Eternatus|Toxic|p2a: Darkrai\n|-status|p2a: Darkrai|tox\n|move|p2a: Darkrai|Hypnosis|p1a: Eternatus|[miss]\n|-miss|p2a: Darkrai|p1a: Eternatus\n|\n|-damage|p2a: Darkrai|94\/100 tox|[from] psn\n|upkeep\n|turn|2\n|\n|t:|1698800981\n|move|p1a: Eternatus|Toxic Spikes|p2a: Darkrai\n|-sidestart|p2: TDgarden|move: Toxic Spikes\n|move|p2a: Darkrai|Hypnosis|p1a: Eternatus\n|-status|p1a: Eternatus|slp|[from] move: Hypnosis\n|\n|-heal|p2a: Darkrai|100\/100 tox|[from] item: Leftovers\n|-damage|p2a: Darkrai|88\/100 tox|[from] psn\n|-damage|p1a: Eternatus|88\/100 slp|[from] ability: Bad Dreams|[of] p2a: Darkrai\n|upkeep\n|turn|3\n|\n|t:|1698800992\n|cant|p1a: Eternatus|slp\n|move|p2a: Darkrai|Dream Eater|p1a: Eternatus\n|-supereffective|p1a: Eternatus\n|-crit|p1a: Eternatus\n|-damage|p1a: Eternatus|12\/100 slp\n|-heal|p2a: Darkrai|100\/100 tox|[from] drain|[of] p1a: Eternatus\n|-enditem|p1a: Eternatus|Sitrus Berry|[eat]\n|-heal|p1a: Eternatus|37\/100 slp|[from] item: Sitrus Berry\n|\n|-damage|p2a: Darkrai|82\/100 tox|[from] psn\n|-damage|p1a: Eternatus|24\/100 slp|[from] ability: Bad Dreams|[of] p2a: Darkrai\n|upkeep\n|turn|4\n|\n|t:|1698801003\n|-curestatus|p1a: Eternatus|slp|[msg]\n|move|p1a: Eternatus|Toxic Spikes|p2a: Darkrai\n|-sidestart|p2: TDgarden|move: Toxic Spikes\n|move|p2a: Darkrai|Dark Pulse|p1a: Eternatus\n|-damage|p1a: Eternatus|0 fnt\n|faint|p1a: Eternatus\n|\n|-heal|p2a: Darkrai|88\/100 tox|[from] item: Leftovers\n|-damage|p2a: Darkrai|64\/100 tox|[from] psn\n|upkeep\n|\n|t:|1698801012\n|switch|p1a: Arceus|Arceus|100\/100\n|turn|5\n|\n|t:|1698801016\n|move|p2a: Darkrai|Hypnosis|p1a: Arceus\n|-status|p1a: Arceus|slp|[from] move: Hypnosis\n|cant|p1a: Arceus|slp\n|\n|-heal|p2a: Darkrai|70\/100 tox|[from] item: Leftovers\n|-damage|p2a: Darkrai|40\/100 tox|[from] psn\n|-damage|p1a: Arceus|88\/100 slp|[from] ability: Bad Dreams|[of] p2a: Darkrai\n|upkeep\n|turn|6\n|\n|t:|1698801024\n|switch|p1a: Zacian|Zacian-Crowned, shiny|100\/100\n|-ability|p1a: Zacian|Intrepid Sword|boost\n|-boost|p1a: Zacian|atk|1\n|move|p2a: Darkrai|Dark Pulse|p1a: Zacian\n|-resisted|p1a: Zacian\n|-damage|p1a: Zacian|81\/100\n|\n|-heal|p2a: Darkrai|46\/100 tox|[from] item: Leftovers\n|-damage|p2a: Darkrai|10\/100 tox|[from] psn\n|upkeep\n|turn|7\n|\n|t:|1698801036\n|switch|p1a: Arceus|Arceus|88\/100 slp\n|move|p2a: Darkrai|Hypnosis|p1a: Arceus|[miss]\n|-miss|p2a: Darkrai|p1a: Arceus\n|\n|-heal|p2a: Darkrai|16\/100 tox|[from] item: Leftovers\n|-damage|p2a: Darkrai|0 fnt|[from] psn\n|faint|p2a: Darkrai\n|upkeep\n|\n|t:|1698801050\n|switch|p2a: Kyogre|Kyogre|100\/100\n|-status|p2a: Kyogre|tox\n|-weather|RainDance|[from] ability: Drizzle|[of] p2a: Kyogre\n|turn|8\n|\n|t:|1698801055\n|-curestatus|p1a: Arceus|slp|[msg]\n|move|p1a: Arceus|Swords Dance|p1a: Arceus\n|-boost|p1a: Arceus|atk|2\n|move|p2a: Kyogre|Water Spout|p1a: Arceus\n|-damage|p1a: Arceus|6\/100\n|\n|-weather|RainDance|[upkeep]\n|-damage|p2a: Kyogre|94\/100 tox|[from] psn\n|upkeep\n|turn|9\n|\n|t:|1698801064\n|move|p1a: Arceus|Extreme Speed|p2a: Kyogre\n|-enditem|p1a: Arceus|Normal Gem|[from] gem\n|-damage|p2a: Kyogre|0 fnt\n|faint|p2a: Kyogre\n|\n|-weather|RainDance|[upkeep]\n|upkeep\n|\n|t:|1698801069\n|switch|p2a: Dragapult|Dragapult, F|100\/100\n|-status|p2a: Dragapult|tox\n|turn|10\n|\n|t:|1698801077\n|move|p2a: Dragapult|Flamethrower|p1a: Arceus\n|-damage|p1a: Arceus|0 fnt\n|faint|p1a: Arceus\n|\n|-weather|RainDance|[upkeep]\n|-damage|p2a: Dragapult|95\/100 tox|[from] psn\n|upkeep\n|\n|t:|1698801082\n|switch|p1a: Miraidon|Miraidon|100\/100\n|-fieldstart|move: Electric Terrain|[from] ability: Hadron Engine|[of] p1a: Miraidon\n|turn|11\n|\n|t:|1698801086\n|move|p2a: Dragapult|Dragon Darts|p1a: Miraidon\n|-supereffective|p1a: Miraidon\n|-damage|p1a: Miraidon|57\/100\n|-enditem|p1a: Miraidon|Weakness Policy\n|-boost|p1a: Miraidon|atk|2|[from] item: Weakness Policy\n|-boost|p1a: Miraidon|spa|2|[from] item: Weakness Policy\n|-anim|p2a: Dragapult|Dragon Darts|p1a: Miraidon\n|-supereffective|p1a: Miraidon\n|-damage|p1a: Miraidon|10\/100\n|move|p1a: Miraidon|Agility|p1a: Miraidon\n|-boost|p1a: Miraidon|spe|2\n|\n|-weather|RainDance|[upkeep]\n|-damage|p2a: Dragapult|83\/100 tox|[from] psn\n|upkeep\n|turn|12\n|\n|t:|1698801097\n|move|p2a: Dragapult|Sucker Punch|p1a: Miraidon\n|-damage|p1a: Miraidon|0 fnt\n|faint|p1a: Miraidon\n|\n|-weather|none\n|-damage|p2a: Dragapult|65\/100 tox|[from] psn\n|upkeep\n|\n|t:|1698801101\n|switch|p1a: Zacian|Zacian-Crowned, shiny|81\/100\n|turn|13\n|\n|t:|1698801106\n|move|p1a: Zacian|Play Rough|p2a: Dragapult\n|-supereffective|p2a: Dragapult\n|-damage|p2a: Dragapult|0 fnt\n|faint|p2a: Dragapult\n|\n|upkeep\n|\n|t:|1698801112\n|switch|p2a: Landorus|Landorus-Therian, M|100\/100\n|-ability|p2a: Landorus|Intimidate|boost\n|-unboost|p1a: Zacian|atk|1\n|turn|14\n|\n|t:|1698801116\n|move|p2a: Landorus|Earthquake|p1a: Zacian\n|-supereffective|p1a: Zacian\n|-damage|p1a: Zacian|0 fnt\n|faint|p1a: Zacian\n|\n|upkeep\n|\n|t:|1698801119\n|switch|p1a: Kyogre|Kyogre, shiny|100\/100\n|-weather|RainDance|[from] ability: Drizzle|[of] p1a: Kyogre\n|turn|15\n|\n|t:|1698801127\n|switch|p2a: Koraidon|Koraidon|100\/100\n|-status|p2a: Koraidon|tox\n|-weather|SunnyDay|[from] ability: Orichalcum Pulse|[of] p2a: Koraidon\n|-activate|p2a: Koraidon|Orichalcum Pulse|[source]\n|move|p1a: Kyogre|Ice Beam|p2a: Koraidon\n|-supereffective|p2a: Koraidon\n|-damage|p2a: Koraidon|20\/100 tox\n|\n|-weather|SunnyDay|[upkeep]\n|-heal|p2a: Koraidon|26\/100 tox|[from] item: Leftovers\n|-damage|p2a: Koraidon|20\/100 tox|[from] psn\n|-fieldend|move: Electric Terrain\n|upkeep\n|turn|16\n|\n|t:|1698801140\n|move|p2a: Koraidon|Wild Charge|p1a: Kyogre\n|-supereffective|p1a: Kyogre\n|-damage|p1a: Kyogre|12\/100\n|-damage|p2a: Koraidon|0 fnt|[from] Recoil\n|faint|p2a: Koraidon\n|move|p1a: Kyogre|Ice Beam|p2: Koraidon|[notarget]\n|-fail|p1a: Kyogre\n|\n|-weather|SunnyDay|[upkeep]\n|upkeep\n|\n|t:|1698801147\n|switch|p2a: Landorus|Landorus-Therian, M|100\/100\n|-ability|p2a: Landorus|Intimidate|boost\n|-unboost|p1a: Kyogre|atk|1\n|turn|17\n|\n|t:|1698801151\n|move|p2a: Landorus|Earthquake|p1a: Kyogre\n|-damage|p1a: Kyogre|0 fnt\n|faint|p1a: Kyogre\n|\n|-weather|SunnyDay|[upkeep]\n|upkeep\n|\n|t:|1698801153\n|switch|p1a: Calyrex|Calyrex-Shadow|100\/100\n|-ability|p1a: Calyrex|As One\n|-ability|p1a: Calyrex|Unnerve\n|turn|18\n|\n|t:|1698801160\n|move|p1a: Calyrex|Dark Pulse|p2a: Landorus\n|-damage|p2a: Landorus|65\/100\n|move|p2a: Landorus|Earthquake|p1a: Calyrex\n|-damage|p1a: Calyrex|44\/100\n|\n|-weather|SunnyDay|[upkeep]\n|upkeep\n|turn|19\n|\n|t:|1698801166\n|move|p1a: Calyrex|Dark Pulse|p2a: Landorus\n|-damage|p2a: Landorus|26\/100\n|cant|p2a: Landorus|flinch\n|\n|-weather|none\n|upkeep\n|turn|20\n|\n|t:|1698801172\n|move|p1a: Calyrex|Dark Pulse|p2a: Landorus\n|-damage|p2a: Landorus|0 fnt\n|faint|p2a: Landorus\n|-ability|p1a: Calyrex|Grim Neigh|boost\n|-boost|p1a: Calyrex|spa|1\n|\n|upkeep\n|\n|t:|1698801177\n|switch|p2a: Espeon|Espeon, M|100\/100\n|-status|p2a: Espeon|tox\n|turn|21\n|\n|t:|1698801182\n|-terastallize|p2a: Espeon|Fairy\n|move|p1a: Calyrex|Dark Pulse|p2a: Espeon\n|-resisted|p2a: Espeon\n|-damage|p2a: Espeon|71\/100 tox\n|move|p2a: Espeon|Dazzling Gleam|p1a: Calyrex\n|-damage|p1a: Calyrex|8\/100\n|\n|-damage|p2a: Espeon|65\/100 tox|[from] psn\n|upkeep\n|turn|22\n|\n|t:|1698801191\n|-terastallize|p1a: Calyrex|Normal\n|move|p1a: Calyrex|Dark Pulse|p2a: Espeon\n|-resisted|p2a: Espeon\n|-damage|p2a: Espeon|37\/100 tox\n|cant|p2a: Espeon|flinch\n|\n|-damage|p2a: Espeon|25\/100 tox|[from] psn\n|upkeep\n|turn|23\n|\n|t:|1698801199\n|move|p1a: Calyrex|Dark Pulse|p2a: Espeon\n|-resisted|p2a: Espeon\n|-damage|p2a: Espeon|0 fnt\n|faint|p2a: Espeon\n|\n|win|sendfreegifttome\n|raw|sendfreegifttome's rating: 1452 &rarr; <strong>1471<\/strong><br \/>(+19 for winning)\n|raw|TDgarden's rating: 1431 &rarr; <strong>1412<\/strong><br \/>(-19 for losing)\n|l|\u203dTDgarden\n","uploadtime":1698801212,"views":9,"p1id":"sendfreegifttome","p2id":"tdgarden","formatid":"gen9anythinggoes","rating":1412,"private":0,"password":""}