{"id":"gen9anythinggoes-1989151469","p1":"Zen077","p2":"Agastyaa","format":"[Gen 9] Anything Goes","log":"|j|\u2606Zen077\n|j|\u2606Agastyaa\n|t:|1699817700\n|gametype|singles\n|player|p1|Zen077|ash-alola|1618\n|player|p2|Agastyaa|170|1773\n|teamsize|p1|6\n|teamsize|p2|6\n|gen|9\n|tier|[Gen 9] Anything Goes\n|rated|\n|rule|HP Percentage Mod: HP is shown in percentages\n|rule|Endless Battle Clause: Forcing endless battles is banned\n|clearpoke\n|poke|p1|Ditto|\n|poke|p1|Pawmot, M|\n|poke|p1|Corviknight, F|\n|poke|p1|Zacian-*|\n|poke|p1|Calyrex-Shadow|\n|poke|p1|Koraidon|\n|poke|p2|Koraidon|\n|poke|p2|Arceus|\n|poke|p2|Calyrex-Shadow|\n|poke|p2|Miraidon|\n|poke|p2|Kyogre|\n|poke|p2|Giratina-Origin|\n|teampreview\n|\n|t:|1699817708\n|start\n|switch|p1a: Koraidon|Koraidon|100\/100\n|switch|p2a: Calyrex|Calyrex-Shadow|100\/100\n|-ability|p2a: Calyrex|As One\n|-ability|p2a: Calyrex|Unnerve\n|-weather|SunnyDay|[from] ability: Orichalcum Pulse|[of] p1a: Koraidon\n|-activate|p1a: Koraidon|Orichalcum Pulse|[source]\n|turn|1\n|\n|t:|1699817714\n|move|p2a: Calyrex|Astral Barrage|p1a: Koraidon\n|-damage|p1a: Koraidon|32\/100\n|move|p1a: Koraidon|Outrage|p2a: Calyrex\n|-damage|p2a: Calyrex|4\/100\n|\n|-weather|SunnyDay|[upkeep]\n|upkeep\n|turn|2\n|j| FlamingThunderG0d\n|\n|t:|1699817722\n|move|p2a: Calyrex|Astral Barrage|p1a: Koraidon\n|-damage|p1a: Koraidon|0 fnt\n|faint|p1a: Koraidon\n|-ability|p2a: Calyrex|Grim Neigh|boost\n|-boost|p2a: Calyrex|spa|1\n|\n|-weather|SunnyDay|[upkeep]\n|upkeep\n|\n|t:|1699817738\n|switch|p1a: Ditto|Ditto|100\/100\n|-transform|p1a: Ditto|p2a: Calyrex|[from] ability: Imposter\n|turn|3\n|\n|t:|1699817745\n|move|p1a: Ditto|Grass Knot|p2a: Calyrex\n|-damage|p2a: Calyrex|0 fnt\n|faint|p2a: Calyrex\n|-ability|p1a: Ditto|Grim Neigh|boost\n|-boost|p1a: Ditto|spa|1\n|\n|-weather|SunnyDay|[upkeep]\n|upkeep\n|\n|t:|1699817755\n|switch|p2a: Giratina|Giratina-Origin|100\/100\n|turn|4\n|\n|t:|1699817758\n|switch|p1a: Corviknight|Corviknight, F|100\/100\n|-ability|p1a: Corviknight|Pressure\n|move|p2a: Giratina|Shadow Sneak|p1a: Corviknight\n|-damage|p1a: Corviknight|89\/100\n|\n|-weather|SunnyDay|[upkeep]\n|upkeep\n|turn|5\n|\n|t:|1699817766\n|move|p1a: Corviknight|Brave Bird|p2a: Giratina\n|-damage|p2a: Giratina|72\/100\n|-damage|p1a: Corviknight|77\/100|[from] Recoil\n|move|p2a: Giratina|Dragon Tail|p1a: Corviknight\n|-resisted|p1a: Corviknight\n|-crit|p1a: Corviknight\n|-damage|p1a: Corviknight|64\/100\n|drag|p1a: Calyrex|Calyrex-Shadow|100\/100\n|-ability|p1a: Calyrex|As One\n|-ability|p1a: Calyrex|Unnerve\n|\n|-weather|none\n|upkeep\n|turn|6\n|\n|t:|1699817775\n|-terastallize|p1a: Calyrex|Normal\n|move|p2a: Giratina|Shadow Sneak|p1a: Calyrex\n|-immune|p1a: Calyrex\n|move|p1a: Calyrex|Astral Barrage|p2a: Giratina\n|-supereffective|p2a: Giratina\n|-damage|p2a: Giratina|0 fnt\n|faint|p2a: Giratina\n|-ability|p1a: Calyrex|Grim Neigh|boost\n|-boost|p1a: Calyrex|spa|1\n|\n|upkeep\n|\n|t:|1699817790\n|switch|p2a: Arceus|Arceus|100\/100\n|turn|7\n|\n|t:|1699817799\n|move|p1a: Calyrex|Psychic|p2a: Arceus\n|-damage|p2a: Arceus|49\/100\n|move|p2a: Arceus|Swords Dance|p2a: Arceus\n|-boost|p2a: Arceus|atk|2\n|\n|upkeep\n|turn|8\n|inactive|Battle timer is ON: inactive players will automatically lose when time's up. (requested by Zen077)\n|\n|t:|1699817804\n|move|p2a: Arceus|Extreme Speed|p1a: Calyrex\n|-crit|p1a: Calyrex\n|-enditem|p1a: Calyrex|Focus Sash\n|-damage|p1a: Calyrex|1\/100\n|-damage|p2a: Arceus|39\/100|[from] item: Life Orb\n|move|p1a: Calyrex|Psychic|p2a: Arceus\n|-damage|p2a: Arceus|0 fnt\n|faint|p2a: Arceus\n|-ability|p1a: Calyrex|Grim Neigh|boost\n|-boost|p1a: Calyrex|spa|1\n|\n|upkeep\n|\n|t:|1699817816\n|switch|p2a: Koraidon|Koraidon|100\/100\n|-weather|SunnyDay|[from] ability: Orichalcum Pulse|[of] p2a: Koraidon\n|-activate|p2a: Koraidon|Orichalcum Pulse|[source]\n|turn|9\n|\n|t:|1699817832\n|move|p1a: Calyrex|Psychic|p2a: Koraidon\n|-supereffective|p2a: Koraidon\n|-damage|p2a: Koraidon|0 fnt\n|faint|p2a: Koraidon\n|-ability|p1a: Calyrex|Grim Neigh|boost\n|-boost|p1a: Calyrex|spa|1\n|\n|-weather|SunnyDay|[upkeep]\n|upkeep\n|\n|t:|1699817840\n|switch|p2a: Kyogre|Kyogre|100\/100\n|-weather|RainDance|[from] ability: Drizzle|[of] p2a: Kyogre\n|turn|10\n|\n|t:|1699817845\n|move|p2a: Kyogre|Origin Pulse|p1a: Calyrex|[miss]\n|-miss|p2a: Kyogre|p1a: Calyrex\n|move|p1a: Calyrex|Astral Barrage|p2a: Kyogre\n|-damage|p2a: Kyogre|0 fnt\n|faint|p2a: Kyogre\n|-ability|p1a: Calyrex|Grim Neigh|boost\n|-boost|p1a: Calyrex|spa|1\n|\n|-weather|RainDance|[upkeep]\n|upkeep\n|\n|t:|1699817850\n|switch|p2a: Miraidon|Miraidon|100\/100\n|-fieldstart|move: Electric Terrain|[from] ability: Hadron Engine|[of] p2a: Miraidon\n|turn|11\n|\n|t:|1699817858\n|move|p2a: Miraidon|Overheat|p1a: Calyrex\n|-damage|p1a: Calyrex|0 fnt\n|-unboost|p2a: Miraidon|spa|2\n|faint|p1a: Calyrex\n|\n|-weather|RainDance|[upkeep]\n|upkeep\n|c|\u2606Agastyaa|aint no way\n|\n|t:|1699817866\n|switch|p1a: Ditto|Ditto|100\/100\n|-transform|p1a: Ditto|p2a: Miraidon|[from] ability: Imposter\n|-activate|p1a: Ditto|ability: Hadron Engine\n|turn|12\n|\n|t:|1699817870\n|-terastallize|p2a: Miraidon|Electric\n|move|p1a: Ditto|Dragon Pulse|p2a: Miraidon\n|-damage|p2a: Miraidon|75\/100\n|move|p2a: Miraidon|Overheat|p1a: Ditto\n|-resisted|p1a: Ditto\n|-damage|p1a: Ditto|93\/100\n|-unboost|p2a: Miraidon|spa|2\n|\n|-weather|RainDance|[upkeep]\n|upkeep\n|turn|13\n|-message|Agastyaa forfeited.\n|\n|win|Zen077\n|raw|Zen077's rating: 1618 &rarr; <strong>1646<\/strong><br \/>(+28 for winning)\n|raw|Agastyaa's rating: 1773 &rarr; <strong>1745<\/strong><br \/>(-28 for losing)\n|l|\u2606Agastyaa\n|c|\u2606Zen077|Gg\n","uploadtime":1699817905,"views":4,"p1id":"zen077","p2id":"agastyaa","formatid":"gen9anythinggoes","rating":1646,"private":0,"password":""}