{"id":"gen9anythinggoes-1987736641","p1":"Purple Slushie","p2":"SerRedKing","format":"[Gen 9] Anything Goes","log":"|j|\u2606Purple Slushie\n|j|\u2606SerRedKing\n|t:|1699632288\n|gametype|singles\n|player|p1|Purple Slushie|101|1269\n|player|p2|SerRedKing|red|1436\n|teamsize|p1|6\n|teamsize|p2|6\n|gen|9\n|tier|[Gen 9] Anything Goes\n|rated|\n|rule|HP Percentage Mod: HP is shown in percentages\n|rule|Endless Battle Clause: Forcing endless battles is banned\n|clearpoke\n|poke|p1|Palafin, M|\n|poke|p1|Gardevoir, F|\n|poke|p1|Ursaluna-Bloodmoon, M|\n|poke|p1|Skeledirge, M|\n|poke|p1|Gliscor, F|\n|poke|p1|Garganacl, M|\n|poke|p2|Baxcalibur, M|\n|poke|p2|Ninetales-Alola, F|\n|poke|p2|Chien-Pao|\n|poke|p2|Frosmoth, F|\n|poke|p2|Sandslash-Alola, M|\n|poke|p2|Calyrex-Ice|\n|teampreview\n|inactive|Battle timer is ON: inactive players will automatically lose when time's up. (requested by SerRedKing)\n|\n|t:|1699632320\n|start\n|switch|p1a: Palafin|Palafin, M|100\/100\n|switch|p2a: Sandslash|Sandslash-Alola, M|100\/100\n|turn|1\n|\n|t:|1699632328\n|move|p1a: Palafin|Flip Turn|p2a: Sandslash\n|-damage|p2a: Sandslash|76\/100\n|\n|t:|1699632331\n|detailschange|p1a: Palafin|Palafin-Hero, M\n|switch|p1a: Skeledirge|Skeledirge, M|100\/100|[from] Flip Turn\n|move|p2a: Sandslash|Rapid Spin|p1a: Skeledirge\n|-immune|p1a: Skeledirge\n|\n|upkeep\n|turn|2\n|\n|t:|1699632343\n|-terastallize|p2a: Sandslash|Ground\n|move|p1a: Skeledirge|Hex|p2a: Sandslash\n|-damage|p2a: Sandslash|37\/100\n|move|p2a: Sandslash|Earthquake|p1a: Skeledirge\n|-supereffective|p1a: Skeledirge\n|-damage|p1a: Skeledirge|20\/100\n|\n|upkeep\n|turn|3\n|\n|t:|1699632360\n|switch|p1a: Ursaluna|Ursaluna-Bloodmoon, M|100\/100\n|move|p2a: Sandslash|Earthquake|p1a: Ursaluna\n|-damage|p1a: Ursaluna|70\/100\n|\n|-heal|p1a: Ursaluna|76\/100|[from] item: Leftovers\n|upkeep\n|turn|4\n|\n|t:|1699632366\n|move|p1a: Ursaluna|Blood Moon|p2a: Sandslash\n|-damage|p2a: Sandslash|0 fnt\n|faint|p2a: Sandslash\n|\n|-heal|p1a: Ursaluna|82\/100|[from] item: Leftovers\n|upkeep\n|\n|t:|1699632382\n|switch|p2a: Chien-Pao|Chien-Pao|100\/100\n|-ability|p2a: Chien-Pao|Sword of Ruin\n|turn|5\n|\n|t:|1699632387\n|move|p1a: Ursaluna|Vacuum Wave|p2a: Chien-Pao\n|-supereffective|p2a: Chien-Pao\n|-damage|p2a: Chien-Pao|3\/100\n|move|p2a: Chien-Pao|Ice Spinner|p1a: Ursaluna\n|-supereffective|p1a: Ursaluna\n|-damage|p1a: Ursaluna|6\/100\n|\n|-heal|p1a: Ursaluna|12\/100|[from] item: Leftovers\n|upkeep\n|turn|6\n|\n|t:|1699632392\n|move|p2a: Chien-Pao|Sucker Punch||[still]\n|-fail|p2a: Chien-Pao\n|move|p1a: Ursaluna|Calm Mind|p1a: Ursaluna\n|-boost|p1a: Ursaluna|spa|1\n|-boost|p1a: Ursaluna|spd|1\n|\n|-heal|p1a: Ursaluna|18\/100|[from] item: Leftovers\n|upkeep\n|turn|7\n|\n|t:|1699632400\n|move|p2a: Chien-Pao|Sucker Punch||[still]\n|-fail|p2a: Chien-Pao\n|move|p1a: Ursaluna|Calm Mind|p1a: Ursaluna\n|-boost|p1a: Ursaluna|spa|1\n|-boost|p1a: Ursaluna|spd|1\n|\n|-heal|p1a: Ursaluna|24\/100|[from] item: Leftovers\n|upkeep\n|turn|8\n|\n|t:|1699632406\n|move|p2a: Chien-Pao|Sucker Punch||[still]\n|-fail|p2a: Chien-Pao\n|move|p1a: Ursaluna|Calm Mind|p1a: Ursaluna\n|-boost|p1a: Ursaluna|spa|1\n|-boost|p1a: Ursaluna|spd|1\n|\n|-heal|p1a: Ursaluna|30\/100|[from] item: Leftovers\n|upkeep\n|turn|9\n|\n|t:|1699632414\n|move|p1a: Ursaluna|Vacuum Wave|p2a: Chien-Pao\n|-supereffective|p2a: Chien-Pao\n|-damage|p2a: Chien-Pao|0 fnt\n|faint|p2a: Chien-Pao\n|\n|-heal|p1a: Ursaluna|36\/100|[from] item: Leftovers\n|upkeep\n|\n|t:|1699632420\n|switch|p2a: Calyrex|Calyrex-Ice|100\/100\n|-ability|p2a: Calyrex|As One\n|-ability|p2a: Calyrex|Unnerve\n|turn|10\n|\n|t:|1699632425\n|move|p1a: Ursaluna|Blood Moon|p2a: Calyrex\n|-damage|p2a: Calyrex|0 fnt\n|faint|p2a: Calyrex\n|\n|-heal|p1a: Ursaluna|42\/100|[from] item: Leftovers\n|upkeep\n|\n|t:|1699632432\n|switch|p2a: Baxcalibur|Baxcalibur, M|100\/100\n|turn|11\n|\n|t:|1699632437\n|move|p1a: Ursaluna|Vacuum Wave|p2a: Baxcalibur\n|-supereffective|p2a: Baxcalibur\n|-damage|p2a: Baxcalibur|14\/100\n|move|p2a: Baxcalibur|Icicle Crash|p1a: Ursaluna\n|-supereffective|p1a: Ursaluna\n|-damage|p1a: Ursaluna|0 fnt\n|faint|p1a: Ursaluna\n|\n|upkeep\n|\n|t:|1699632443\n|switch|p1a: Palafin|Palafin-Hero, M|100\/100\n|-activate|p1a: Palafin|ability: Zero to Hero\n|turn|12\n|\n|t:|1699632449\n|move|p1a: Palafin|Jet Punch|p2a: Baxcalibur\n|-resisted|p2a: Baxcalibur\n|-damage|p2a: Baxcalibur|0 fnt\n|faint|p2a: Baxcalibur\n|\n|upkeep\n|\n|t:|1699632451\n|switch|p2a: Ninetales|Ninetales-Alola, F|100\/100\n|-weather|Snow|[from] ability: Snow Warning|[of] p2a: Ninetales\n|turn|13\n|\n|t:|1699632456\n|move|p1a: Palafin|Jet Punch|p2a: Ninetales\n|-damage|p2a: Ninetales|49\/100\n|move|p2a: Ninetales|Aurora Veil|p2a: Ninetales\n|-sidestart|p2: SerRedKing|move: Aurora Veil\n|\n|-weather|Snow|[upkeep]\n|-heal|p2a: Ninetales|55\/100|[from] item: Leftovers\n|upkeep\n|turn|14\n|inactive|SerRedKing has 120 seconds left.\n|\n|t:|1699632487\n|move|p1a: Palafin|Jet Punch|p2a: Ninetales\n|-damage|p2a: Ninetales|27\/100\n|move|p2a: Ninetales|Moonblast|p1a: Palafin\n|-damage|p1a: Palafin|61\/100\n|-unboost|p1a: Palafin|spa|1\n|\n|-weather|Snow|[upkeep]\n|-heal|p2a: Ninetales|33\/100|[from] item: Leftovers\n|upkeep\n|turn|15\n|\n|t:|1699632496\n|move|p1a: Palafin|Jet Punch|p2a: Ninetales\n|-damage|p2a: Ninetales|5\/100\n|move|p2a: Ninetales|Moonblast|p1a: Palafin\n|-damage|p1a: Palafin|22\/100\n|\n|-weather|Snow|[upkeep]\n|-heal|p2a: Ninetales|11\/100|[from] item: Leftovers\n|upkeep\n|turn|16\n|\n|t:|1699632501\n|move|p1a: Palafin|Jet Punch|p2a: Ninetales\n|-damage|p2a: Ninetales|0 fnt\n|faint|p2a: Ninetales\n|\n|-weather|Snow|[upkeep]\n|upkeep\n|\n|t:|1699632503\n|switch|p2a: Frosmoth|Frosmoth, F, shiny|100\/100\n|turn|17\n|\n|t:|1699632508\n|move|p1a: Palafin|Jet Punch|p2a: Frosmoth\n|-damage|p2a: Frosmoth|67\/100\n|move|p2a: Frosmoth|Bug Buzz|p1a: Palafin\n|-damage|p1a: Palafin|0 fnt\n|faint|p1a: Palafin\n|\n|-weather|none\n|-heal|p2a: Frosmoth|73\/100|[from] item: Leftovers\n|-sideend|p2: SerRedKing|move: Aurora Veil\n|upkeep\n|\n|t:|1699632525\n|switch|p1a: Skeledirge|Skeledirge, M|20\/100\n|turn|18\n|\n|t:|1699632532\n|move|p2a: Frosmoth|Ice Beam|p1a: Skeledirge\n|-resisted|p1a: Skeledirge\n|-damage|p1a: Skeledirge|7\/100\n|move|p1a: Skeledirge|Torch Song|p2a: Frosmoth\n|-supereffective|p2a: Frosmoth\n|-damage|p2a: Frosmoth|10\/100\n|-boost|p1a: Skeledirge|spa|1\n|\n|-heal|p2a: Frosmoth|16\/100|[from] item: Leftovers\n|upkeep\n|turn|19\n|\n|t:|1699632539\n|move|p2a: Frosmoth|Ice Beam|p1a: Skeledirge\n|-resisted|p1a: Skeledirge\n|-damage|p1a: Skeledirge|0 fnt\n|faint|p1a: Skeledirge\n|\n|-heal|p2a: Frosmoth|22\/100|[from] item: Leftovers\n|upkeep\n|\n|t:|1699632541\n|switch|p1a: Gliscor|Gliscor, F|100\/100\n|turn|20\n|\n|t:|1699632545\n|-terastallize|p1a: Gliscor|Water\n|move|p2a: Frosmoth|Protect|p2a: Frosmoth\n|-singleturn|p2a: Frosmoth|Protect\n|move|p1a: Gliscor|Substitute|p1a: Gliscor\n|-start|p1a: Gliscor|Substitute\n|-damage|p1a: Gliscor|76\/100\n|\n|-heal|p2a: Frosmoth|28\/100|[from] item: Leftovers\n|-status|p1a: Gliscor|tox|[from] item: Toxic Orb\n|upkeep\n|turn|21\n|\n|t:|1699632552\n|move|p1a: Gliscor|Facade|p2a: Frosmoth\n|-damage|p2a: Frosmoth|0 fnt\n|faint|p2a: Frosmoth\n|\n|win|Purple Slushie\n|raw|Purple Slushie's rating: 1269 &rarr; <strong>1305<\/strong><br \/>(+36 for winning)\n|raw|SerRedKing's rating: 1436 &rarr; <strong>1407<\/strong><br \/>(-29 for losing)\n|c|\u2606Purple Slushie|ggwp\n|l|\u2606SerRedKing\n","uploadtime":1699632562,"views":6,"p1id":"purpleslushie","p2id":"serredking","formatid":"gen9anythinggoes","rating":1305,"private":0,"password":""}