{"id":"gen9anythinggoes-1997278270","p1":"Koibitio","p2":"Puigson","format":"[Gen 9] Anything Goes","log":"|j|\u203dKoibitio\n|j|\u2606Puigson\n|t:|1700783782\n|gametype|singles\n|player|p1|Koibitio|buck|1486\n|player|p2|Puigson|steven|1674\n|teamsize|p1|6\n|teamsize|p2|6\n|gen|9\n|tier|[Gen 9] Anything Goes\n|rated|\n|rule|HP Percentage Mod: HP is shown in percentages\n|rule|Endless Battle Clause: Forcing endless battles is banned\n|clearpoke\n|poke|p1|Koraidon|\n|poke|p1|Flutter Mane|\n|poke|p1|Torkoal, M|\n|poke|p1|Chi-Yu|\n|poke|p1|Lilligant-Hisui, F|\n|poke|p1|Maushold-Four|\n|poke|p2|Calyrex-Shadow|\n|poke|p2|Koraidon|\n|poke|p2|Arceus|\n|poke|p2|Arceus-Fairy|\n|poke|p2|Toxapex, M|\n|poke|p2|Ting-Lu|\n|teampreview\n|inactive|Battle timer is ON: inactive players will automatically lose when time's up. (requested by Puigson)\n|j| 94q\n|\n|t:|1700783796\n|start\n|switch|p1a: Torkoal|Torkoal, M, shiny|100\/100\n|switch|p2a: Ting-Lu|Ting-Lu|100\/100\n|-ability|p2a: Ting-Lu|Vessel of Ruin\n|-weather|SunnyDay|[from] ability: Drought|[of] p1a: Torkoal\n|turn|1\n|\n|t:|1700783812\n|move|p2a: Ting-Lu|Earthquake|p1a: Torkoal\n|-supereffective|p1a: Torkoal\n|-damage|p1a: Torkoal|55\/100\n|move|p1a: Torkoal|Yawn|p2a: Ting-Lu\n|-start|p2a: Ting-Lu|move: Yawn|[of] p1a: Torkoal\n|\n|-weather|SunnyDay|[upkeep]\n|upkeep\n|turn|2\n|\n|t:|1700783822\n|switch|p2a: Toxapex|Toxapex, M|100\/100\n|switch|p1a: Lilligant|Lilligant-Hisui, F, shiny|100\/100\n|\n|-weather|SunnyDay|[upkeep]\n|upkeep\n|turn|3\n|\n|t:|1700783825\n|move|p1a: Lilligant|Sleep Powder|p2a: Toxapex|[miss]\n|-miss|p1a: Lilligant|p2a: Toxapex\n|move|p2a: Toxapex|Toxic|p1a: Lilligant\n|-status|p1a: Lilligant|tox\n|\n|-weather|SunnyDay|[upkeep]\n|-damage|p1a: Lilligant|94\/100 tox|[from] psn\n|upkeep\n|turn|4\n|\n|t:|1700783831\n|switch|p2a: Arceus|Arceus-Fairy|100\/100\n|move|p1a: Lilligant|Sleep Powder|p2a: Arceus\n|-status|p2a: Arceus|slp|[from] move: Sleep Powder\n|\n|-weather|SunnyDay|[upkeep]\n|-damage|p1a: Lilligant|82\/100 tox|[from] psn\n|upkeep\n|turn|5\n|\n|t:|1700783837\n|switch|p1a: Maushold|Maushold-Four|100\/100\n|cant|p2a: Arceus|slp\n|\n|-weather|SunnyDay|[upkeep]\n|upkeep\n|turn|6\n|\n|t:|1700783841\n|switch|p2a: Toxapex|Toxapex, M|100\/100\n|move|p1a: Maushold|Tidy Up|p1a: Maushold\n|-boost|p1a: Maushold|atk|1\n|-boost|p1a: Maushold|spe|1\n|\n|-weather|SunnyDay|[upkeep]\n|upkeep\n|turn|7\n|\n|t:|1700783848\n|switch|p1a: Lilligant|Lilligant-Hisui, F, shiny|82\/100 tox\n|move|p2a: Toxapex|Recover||[still]\n|-fail|p2a: Toxapex|heal\n|\n|-weather|SunnyDay|[upkeep]\n|-damage|p1a: Lilligant|76\/100 tox|[from] psn\n|upkeep\n|turn|8\n|\n|t:|1700783857\n|switch|p2a: Arceus|Arceus-Fairy|100\/100 slp\n|move|p1a: Lilligant|Solar Blade||[still]\n|-prepare|p1a: Lilligant|Solar Blade\n|-anim|p1a: Lilligant|Solar Blade|p2a: Arceus\n|-damage|p2a: Arceus|49\/100 slp\n|\n|-weather|none\n|-damage|p1a: Lilligant|64\/100 tox|[from] psn\n|upkeep\n|turn|9\n|\n|t:|1700783861\n|move|p1a: Lilligant|Solar Blade||[still]\n|-prepare|p1a: Lilligant|Solar Blade\n|cant|p2a: Arceus|slp\n|\n|-damage|p1a: Lilligant|46\/100 tox|[from] psn\n|upkeep\n|turn|10\n|\n|t:|1700783863\n|move|p1a: Lilligant|Solar Blade|p2a: Arceus|[from]lockedmove\n|-damage|p2a: Arceus|0 fnt\n|faint|p2a: Arceus\n|\n|-damage|p1a: Lilligant|22\/100 tox|[from] psn\n|upkeep\n|\n|t:|1700783868\n|switch|p2a: Calyrex|Calyrex-Shadow|100\/100\n|-ability|p2a: Calyrex|As One\n|-ability|p2a: Calyrex|Unnerve\n|turn|11\n|\n|t:|1700783873\n|switch|p1a: Chi-Yu|Chi-Yu|100\/100\n|-ability|p1a: Chi-Yu|Beads of Ruin\n|move|p2a: Calyrex|Psychic|p1a: Chi-Yu\n|-immune|p1a: Chi-Yu\n|\n|upkeep\n|turn|12\n|\n|t:|1700783879\n|switch|p2a: Ting-Lu|Ting-Lu|100\/100\n|-ability|p2a: Ting-Lu|Vessel of Ruin\n|move|p1a: Chi-Yu|Heat Wave|p2a: Ting-Lu\n|-damage|p2a: Ting-Lu|74\/100\n|\n|-heal|p2a: Ting-Lu|80\/100|[from] item: Leftovers\n|upkeep\n|turn|13\n|\n|t:|1700783883\n|switch|p1a: Torkoal|Torkoal, M, shiny|55\/100\n|-weather|SunnyDay|[from] ability: Drought|[of] p1a: Torkoal\n|move|p2a: Ting-Lu|Earthquake|p1a: Torkoal\n|-supereffective|p1a: Torkoal\n|-damage|p1a: Torkoal|14\/100\n|\n|-weather|SunnyDay|[upkeep]\n|-heal|p2a: Ting-Lu|87\/100|[from] item: Leftovers\n|upkeep\n|turn|14\n|\n|t:|1700783887\n|move|p2a: Ting-Lu|Earthquake|p1a: Torkoal\n|-supereffective|p1a: Torkoal\n|-damage|p1a: Torkoal|0 fnt\n|faint|p1a: Torkoal\n|\n|-weather|SunnyDay|[upkeep]\n|-heal|p2a: Ting-Lu|93\/100|[from] item: Leftovers\n|upkeep\n|\n|t:|1700783903\n|switch|p1a: Lilligant|Lilligant-Hisui, F, shiny|22\/100 tox\n|turn|15\n|\n|t:|1700783908\n|switch|p2a: Toxapex|Toxapex, M|100\/100\n|move|p1a: Lilligant|Solar Blade||[still]\n|-prepare|p1a: Lilligant|Solar Blade\n|-anim|p1a: Lilligant|Solar Blade|p2a: Toxapex\n|-damage|p2a: Toxapex|50\/100\n|-damage|p1a: Lilligant|5\/100 tox|[from] item: Rocky Helmet|[of] p2a: Toxapex\n|\n|-weather|SunnyDay|[upkeep]\n|-damage|p1a: Lilligant|0 fnt|[from] psn\n|faint|p1a: Lilligant\n|upkeep\n|\n|t:|1700783916\n|switch|p1a: Chi-Yu|Chi-Yu|100\/100\n|-ability|p1a: Chi-Yu|Beads of Ruin\n|turn|16\n|\n|t:|1700783919\n|switch|p2a: Ting-Lu|Ting-Lu|93\/100\n|-ability|p2a: Ting-Lu|Vessel of Ruin\n|move|p1a: Chi-Yu|Psychic|p2a: Ting-Lu\n|-immune|p2a: Ting-Lu\n|\n|-weather|SunnyDay|[upkeep]\n|-heal|p2a: Ting-Lu|99\/100|[from] item: Leftovers\n|upkeep\n|turn|17\n|\n|t:|1700783925\n|switch|p1a: Flutter Mane|Flutter Mane|100\/100\n|-activate|p1a: Flutter Mane|ability: Protosynthesis\n|-start|p1a: Flutter Mane|protosynthesisspe\n|move|p2a: Ting-Lu|Earthquake|p1a: Flutter Mane\n|-damage|p1a: Flutter Mane|14\/100\n|\n|-weather|SunnyDay|[upkeep]\n|-heal|p2a: Ting-Lu|100\/100|[from] item: Leftovers\n|upkeep\n|turn|18\n|\n|t:|1700783939\n|switch|p2a: Arceus|Arceus|100\/100\n|move|p1a: Flutter Mane|Energy Ball|p2a: Arceus\n|-damage|p2a: Arceus|67\/100\n|\n|-weather|SunnyDay|[upkeep]\n|upkeep\n|turn|19\n|\n|t:|1700783946\n|move|p1a: Flutter Mane|Energy Ball|p2a: Arceus\n|-damage|p2a: Arceus|34\/100\n|move|p2a: Arceus|Shadow Claw|p1a: Flutter Mane\n|-supereffective|p1a: Flutter Mane\n|-damage|p1a: Flutter Mane|0 fnt\n|faint|p1a: Flutter Mane\n|-end|p1a: Flutter Mane|Protosynthesis|[silent]\n|-damage|p2a: Arceus|24\/100|[from] item: Life Orb\n|\n|-weather|SunnyDay|[upkeep]\n|upkeep\n|\n|t:|1700783948\n|switch|p1a: Chi-Yu|Chi-Yu|100\/100\n|-ability|p1a: Chi-Yu|Beads of Ruin\n|turn|20\n|\n|t:|1700783951\n|move|p2a: Arceus|Extreme Speed|p1a: Chi-Yu\n|-damage|p1a: Chi-Yu|6\/100\n|-damage|p2a: Arceus|14\/100|[from] item: Life Orb\n|move|p1a: Chi-Yu|Heat Wave|p2a: Arceus\n|-damage|p2a: Arceus|0 fnt\n|faint|p2a: Arceus\n|\n|-weather|none\n|upkeep\n|\n|t:|1700783958\n|switch|p2a: Calyrex|Calyrex-Shadow|100\/100\n|-ability|p2a: Calyrex|As One\n|-ability|p2a: Calyrex|Unnerve\n|turn|21\n|\n|t:|1700783961\n|move|p2a: Calyrex|Grass Knot|p1a: Chi-Yu\n|-resisted|p1a: Chi-Yu\n|-damage|p1a: Chi-Yu|1\/100\n|move|p1a: Chi-Yu|Heat Wave|p2a: Calyrex\n|-damage|p2a: Calyrex|27\/100\n|\n|upkeep\n|turn|22\n|\n|t:|1700783965\n|move|p2a: Calyrex|Grass Knot|p1a: Chi-Yu\n|-resisted|p1a: Chi-Yu\n|-damage|p1a: Chi-Yu|0 fnt\n|faint|p1a: Chi-Yu\n|-ability|p2a: Calyrex|Grim Neigh|boost\n|-boost|p2a: Calyrex|spa|1\n|\n|upkeep\n|\n|t:|1700783967\n|switch|p1a: Koraidon|Koraidon|100\/100\n|-weather|SunnyDay|[from] ability: Orichalcum Pulse|[of] p1a: Koraidon\n|-activate|p1a: Koraidon|Orichalcum Pulse|[source]\n|turn|23\n|\n|t:|1700783971\n|switch|p2a: Toxapex|Toxapex, M|83\/100\n|move|p1a: Koraidon|Flame Charge|p2a: Toxapex\n|-resisted|p2a: Toxapex\n|-damage|p2a: Toxapex|71\/100\n|-boost|p1a: Koraidon|spe|1\n|-damage|p1a: Koraidon|84\/100|[from] item: Rocky Helmet|[of] p2a: Toxapex\n|\n|-weather|SunnyDay|[upkeep]\n|upkeep\n|turn|24\n|\n|t:|1700783986\n|-terastallize|p1a: Koraidon|Steel\n|move|p1a: Koraidon|Dragon Claw|p2a: Toxapex\n|-damage|p2a: Toxapex|31\/100\n|-damage|p1a: Koraidon|68\/100|[from] item: Rocky Helmet|[of] p2a: Toxapex\n|move|p2a: Toxapex|Toxic|p1a: Koraidon\n|-immune|p1a: Koraidon\n|\n|-weather|SunnyDay|[upkeep]\n|upkeep\n|turn|25\n|\n|t:|1700783997\n|switch|p2a: Ting-Lu|Ting-Lu|100\/100\n|-ability|p2a: Ting-Lu|Vessel of Ruin\n|move|p1a: Koraidon|Dragon Claw|p2a: Ting-Lu\n|-damage|p2a: Ting-Lu|63\/100\n|\n|-weather|SunnyDay|[upkeep]\n|-heal|p2a: Ting-Lu|69\/100|[from] item: Leftovers\n|upkeep\n|turn|26\n|\n|t:|1700784001\n|move|p1a: Koraidon|Collision Course|p2a: Ting-Lu\n|-supereffective|p2a: Ting-Lu\n|-damage|p2a: Ting-Lu|0 fnt\n|faint|p2a: Ting-Lu\n|\n|-weather|SunnyDay|[upkeep]\n|upkeep\n|\n|t:|1700784003\n|switch|p2a: Calyrex|Calyrex-Shadow|27\/100\n|-ability|p2a: Calyrex|As One\n|-ability|p2a: Calyrex|Unnerve\n|turn|27\n|\n|t:|1700784007\n|-terastallize|p2a: Calyrex|Ghost\n|move|p2a: Calyrex|Astral Barrage|p1a: Koraidon\n|-damage|p1a: Koraidon|0 fnt\n|faint|p1a: Koraidon\n|-ability|p2a: Calyrex|Grim Neigh|boost\n|-boost|p2a: Calyrex|spa|1\n|\n|-weather|none\n|upkeep\n|\n|t:|1700784013\n|switch|p1a: Maushold|Maushold-Four|100\/100\n|turn|28\n|\n|t:|1700784023\n|switch|p2a: Koraidon|Koraidon|100\/100\n|-weather|SunnyDay|[from] ability: Orichalcum Pulse|[of] p2a: Koraidon\n|-activate|p2a: Koraidon|Orichalcum Pulse|[source]\n|move|p1a: Maushold|Tidy Up|p1a: Maushold\n|-boost|p1a: Maushold|atk|1\n|-boost|p1a: Maushold|spe|1\n|\n|-weather|SunnyDay|[upkeep]\n|upkeep\n|turn|29\n|\n|t:|1700784026\n|move|p1a: Maushold|Population Bomb|p2a: Koraidon\n|-damage|p2a: Koraidon|87\/100\n|-damage|p2a: Koraidon|74\/100\n|-damage|p2a: Koraidon|58\/100\n|-damage|p2a: Koraidon|42\/100\n|-damage|p2a: Koraidon|26\/100\n|-damage|p2a: Koraidon|11\/100\n|-damage|p2a: Koraidon|0 fnt\n|faint|p2a: Koraidon\n|-hitcount|p2: Koraidon|7\n|\n|-weather|SunnyDay|[upkeep]\n|upkeep\n|\n|t:|1700784029\n|switch|p2a: Toxapex|Toxapex, M|65\/100\n|turn|30\n|\n|t:|1700784040\n|move|p1a: Maushold|Population Bomb|p2a: Toxapex|[miss]\n|-miss|p1a: Maushold|p2a: Toxapex\n|move|p2a: Toxapex|Recover|p2a: Toxapex\n|-heal|p2a: Toxapex|100\/100\n|\n|-weather|SunnyDay|[upkeep]\n|upkeep\n|turn|31\n|\n|t:|1700784053\n|move|p1a: Maushold|Encore|p2a: Toxapex\n|-start|p2a: Toxapex|Encore\n|move|p2a: Toxapex|Recover||[still]\n|-fail|p2a: Toxapex|heal\n|\n|-weather|SunnyDay|[upkeep]\n|upkeep\n|turn|32\n|\n|t:|1700784056\n|move|p1a: Maushold|Tidy Up|p1a: Maushold\n|-boost|p1a: Maushold|atk|1\n|-boost|p1a: Maushold|spe|1\n|move|p2a: Toxapex|Recover||[still]\n|-fail|p2a: Toxapex|heal\n|\n|-weather|none\n|upkeep\n|turn|33\n|\n|t:|1700784059\n|switch|p2a: Calyrex|Calyrex-Shadow, tera:Ghost|27\/100\n|-ability|p2a: Calyrex|As One\n|-ability|p2a: Calyrex|Unnerve\n|move|p1a: Maushold|Tidy Up|p1a: Maushold\n|-boost|p1a: Maushold|atk|1\n|-boost|p1a: Maushold|spe|1\n|\n|upkeep\n|turn|34\n|\n|t:|1700784063\n|move|p1a: Maushold|Beat Up|p2a: Calyrex\n|-supereffective|p2a: Calyrex\n|-crit|p2a: Calyrex\n|-damage|p2a: Calyrex|0 fnt\n|faint|p2a: Calyrex\n|-hitcount|p2: Calyrex|1\n|\n|upkeep\n|\n|t:|1700784066\n|switch|p2a: Toxapex|Toxapex, M|100\/100\n|turn|35\n|\n|t:|1700784080\n|move|p1a: Maushold|Population Bomb|p2a: Toxapex\n|-damage|p2a: Toxapex|85\/100\n|-damage|p1a: Maushold|84\/100|[from] item: Rocky Helmet|[of] p2a: Toxapex\n|-damage|p2a: Toxapex|68\/100\n|-damage|p1a: Maushold|67\/100|[from] item: Rocky Helmet|[of] p2a: Toxapex\n|-damage|p2a: Toxapex|51\/100\n|-damage|p1a: Maushold|51\/100|[from] item: Rocky Helmet|[of] p2a: Toxapex\n|-damage|p2a: Toxapex|35\/100\n|-damage|p1a: Maushold|34\/100|[from] item: Rocky Helmet|[of] p2a: Toxapex\n|-damage|p2a: Toxapex|20\/100\n|-damage|p1a: Maushold|17\/100|[from] item: Rocky Helmet|[of] p2a: Toxapex\n|-damage|p2a: Toxapex|4\/100\n|-damage|p1a: Maushold|1\/100|[from] item: Rocky Helmet|[of] p2a: Toxapex\n|-damage|p2a: Toxapex|0 fnt\n|-damage|p1a: Maushold|0 fnt|[from] item: Rocky Helmet|[of] p2a: Toxapex\n|faint|p2a: Toxapex\n|faint|p1a: Maushold\n|\n|win|Koibitio\n|-hitcount|p2: Toxapex|7\n|raw|Koibitio's rating: 1486 &rarr; <strong>1516<\/strong><br \/>(+30 for winning)\n|raw|Puigson's rating: 1674 &rarr; <strong>1644<\/strong><br \/>(-30 for losing)\n|l|\u2606Puigson\n","uploadtime":1700784119,"views":0,"p1id":"koibitio","p2id":"puigson","formatid":"gen9anythinggoes","rating":1516,"private":0,"password":""}