{"id":"gen9anythinggoes-1983348269","p1":"firapla","p2":"abonniertChaotix","format":"[Gen 9] Anything Goes","log":"|j|\u2606firapla\n|j|\u2606abonniertChaotix\n|t:|1699120720\n|gametype|singles\n|player|p1|firapla|misty|\n|player|p2|abonniertChaotix|whitney|\n|teamsize|p1|6\n|teamsize|p2|6\n|gen|9\n|tier|[Gen 9] Anything Goes\n|rule|HP Percentage Mod: HP is shown in percentages\n|rule|Endless Battle Clause: Forcing endless battles is banned\n|clearpoke\n|poke|p1|Iron Moth|\n|poke|p1|Thundurus-Therian, M|\n|poke|p1|Heracross, M|\n|poke|p1|Jolteon, F|\n|poke|p1|Diancie|\n|poke|p1|Hoopa-Unbound|\n|poke|p2|Ursaring, F|\n|poke|p2|Empoleon, F|\n|poke|p2|Dragapult, M|\n|poke|p2|Sandaconda, F|\n|poke|p2|Electrode-Hisui|\n|poke|p2|Meowscarada, M|\n|teampreview\n|c|\u2606firapla|glhf\n|c|\u2606abonniertChaotix|u2\n|\n|t:|1699120776\n|start\n|switch|p1a: Jolteon|Jolteon, F|100\/100\n|switch|p2a: Dragapult|Dragapult, M|100\/100\n|turn|1\n|\n|t:|1699120793\n|move|p1a: Jolteon|Thunderbolt|p2a: Dragapult\n|-resisted|p2a: Dragapult\n|-damage|p2a: Dragapult|60\/100\n|move|p2a: Dragapult|U-turn|p1a: Jolteon\n|-damage|p1a: Jolteon|59\/100\n|-damage|p2a: Dragapult|50\/100|[from] item: Life Orb\n|\n|t:|1699120814\n|switch|p2a: Electrode|Electrode-Hisui|100\/100|[from] U-turn\n|\n|upkeep\n|turn|2\n|\n|t:|1699120833\n|switch|p1a: Iron Moth|Iron Moth|100\/100\n|move|p2a: Electrode|Leaf Storm|p1a: Iron Moth\n|-resisted|p1a: Iron Moth\n|-damage|p1a: Iron Moth|86\/100\n|-unboost|p2a: Electrode|spa|2\n|\n|upkeep\n|turn|3\n|\n|t:|1699120850\n|switch|p2a: Empoleon|Empoleon, F|100\/100\n|move|p1a: Iron Moth|Flamethrower|p2a: Empoleon\n|-damage|p2a: Empoleon|49\/100\n|\n|-heal|p2a: Empoleon|55\/100|[from] item: Leftovers\n|upkeep\n|turn|4\n|\n|t:|1699120922\n|-end|p1a: Iron Moth|Quark Drive|[silent]\n|switch|p1a: Thundurus|Thundurus-Therian, M|100\/100\n|move|p2a: Empoleon|Roost|p2a: Empoleon\n|-heal|p2a: Empoleon|100\/100\n|-singleturn|p2a: Empoleon|move: Roost\n|\n|upkeep\n|turn|5\n|\n|t:|1699120930\n|switch|p2a: Sandaconda|Sandaconda, F|100\/100\n|move|p1a: Thundurus|Nasty Plot|p1a: Thundurus\n|-boost|p1a: Thundurus|spa|2\n|\n|upkeep\n|turn|6\n|\n|t:|1699120962\n|move|p1a: Thundurus|Flash Cannon|p2a: Sandaconda\n|-damage|p2a: Sandaconda|0 fnt\n|faint|p2a: Sandaconda\n|-damage|p1a: Thundurus|91\/100|[from] item: Life Orb\n|\n|upkeep\n|\n|t:|1699120986\n|switch|p2a: Electrode|Electrode-Hisui|100\/100\n|turn|7\n|\n|t:|1699120990\n|-terastallize|p2a: Electrode|Ice\n|move|p2a: Electrode|Tera Blast|p1a: Thundurus|[anim] Tera Blast Ice\n|-supereffective|p1a: Thundurus\n|-damage|p1a: Thundurus|0 fnt\n|faint|p1a: Thundurus\n|\n|upkeep\n|\n|t:|1699121017\n|switch|p1a: Hoopa|Hoopa-Unbound|100\/100\n|turn|8\n|\n|t:|1699121043\n|switch|p2a: Ursaring|Ursaring, F|100\/100\n|move|p1a: Hoopa|Hyperspace Fury|p2a: Ursaring\n|-damage|p2a: Ursaring|54\/100\n|-unboost|p1a: Hoopa|def|1\n|\n|upkeep\n|turn|9\n|\n|t:|1699121053\n|switch|p1a: Diancie|Diancie|100\/100\n|move|p2a: Ursaring|Earthquake|p1a: Diancie\n|-supereffective|p1a: Diancie\n|-damage|p1a: Diancie|56\/100\n|\n|upkeep\n|turn|10\n|\n|t:|1699121064\n|move|p2a: Ursaring|Earthquake|p1a: Diancie\n|-supereffective|p1a: Diancie\n|-damage|p1a: Diancie|14\/100\n|move|p1a: Diancie|Reflect|p1a: Diancie\n|-sidestart|p1: firapla|Reflect\n|\n|upkeep\n|turn|11\n|\n|t:|1699121076\n|switch|p1a: Hoopa|Hoopa-Unbound|100\/100\n|move|p2a: Ursaring|Earthquake|p1a: Hoopa\n|-damage|p1a: Hoopa|77\/100\n|\n|upkeep\n|turn|12\n|\n|t:|1699121122\n|move|p1a: Hoopa|Gunk Shot|p2a: Ursaring\n|-damage|p2a: Ursaring|19\/100\n|move|p2a: Ursaring|Rest|p2a: Ursaring\n|-status|p2a: Ursaring|slp|[from] move: Rest\n|-heal|p2a: Ursaring|100\/100 slp|[silent]\n|\n|upkeep\n|turn|13\n|\n|t:|1699121132\n|switch|p1a: Heracross|Heracross, M|100\/100\n|switch|p2a: Empoleon|Empoleon, F|100\/100\n|\n|-status|p1a: Heracross|brn|[from] item: Flame Orb\n|upkeep\n|turn|14\n|\n|t:|1699121148\n|switch|p2a: Meowscarada|Meowscarada, M|100\/100\n|move|p1a: Heracross|Seismic Toss|p2a: Meowscarada\n|-damage|p2a: Meowscarada|70\/100\n|\n|-damage|p1a: Heracross|95\/100 brn|[from] brn\n|upkeep\n|turn|15\n|\n|t:|1699121199\n|move|p2a: Meowscarada|Spikes|p1a: Heracross\n|-start|p2a: Meowscarada|typechange|Ground|[from] ability: Protean\n|-sidestart|p1: firapla|Spikes\n|move|p1a: Heracross|Lunge|p2a: Meowscarada\n|-damage|p2a: Meowscarada|0 fnt\n|faint|p2a: Meowscarada\n|\n|-damage|p1a: Heracross|89\/100 brn|[from] brn\n|upkeep\n|\n|t:|1699121205\n|switch|p2a: Dragapult|Dragapult, M|50\/100\n|turn|16\n|\n|t:|1699121214\n|move|p2a: Dragapult|Draco Meteor|p1a: Heracross\n|-damage|p1a: Heracross|0 fnt\n|-unboost|p2a: Dragapult|spa|2\n|faint|p1a: Heracross\n|-damage|p2a: Dragapult|40\/100|[from] item: Life Orb\n|\n|upkeep\n|\n|t:|1699121224\n|switch|p1a: Hoopa|Hoopa-Unbound|77\/100\n|-damage|p1a: Hoopa|64\/100|[from] Spikes\n|turn|17\n|\n|t:|1699121232\n|switch|p2a: Ursaring|Ursaring, F|100\/100 slp\n|move|p1a: Hoopa|Hyperspace Fury|p2a: Ursaring\n|-damage|p2a: Ursaring|53\/100 slp\n|-unboost|p1a: Hoopa|def|1\n|\n|-sideend|p1: firapla|Reflect\n|upkeep\n|turn|18\n|\n|t:|1699121247\n|move|p1a: Hoopa|Hyperspace Fury|p2a: Ursaring\n|-crit|p2a: Ursaring\n|-damage|p2a: Ursaring|0 fnt\n|-unboost|p1a: Hoopa|def|1\n|faint|p2a: Ursaring\n|\n|upkeep\n|\n|t:|1699121257\n|switch|p2a: Empoleon|Empoleon, F|100\/100\n|turn|19\n|\n|t:|1699121267\n|move|p1a: Hoopa|Hyperspace Fury|p2a: Empoleon\n|-damage|p2a: Empoleon|40\/100\n|-unboost|p1a: Hoopa|def|1\n|move|p2a: Empoleon|Knock Off|p1a: Hoopa\n|-damage|p1a: Hoopa|0 fnt\n|-enditem|p1a: Hoopa|Choice Scarf|[from] move: Knock Off|[of] p2a: Empoleon\n|faint|p1a: Hoopa\n|\n|-heal|p2a: Empoleon|46\/100|[from] item: Leftovers\n|upkeep\n|\n|t:|1699121283\n|switch|p1a: Jolteon|Jolteon, F|59\/100\n|-damage|p1a: Jolteon|47\/100|[from] Spikes\n|turn|20\n|c|\u2606firapla|noch da?\n|\n|t:|1699121445\n|move|p1a: Jolteon|Thunderbolt|p2a: Empoleon\n|-supereffective|p2a: Empoleon\n|-damage|p2a: Empoleon|0 fnt\n|faint|p2a: Empoleon\n|\n|upkeep\n|\n|t:|1699121452\n|switch|p2a: Electrode|Electrode-Hisui, tera:Ice|100\/100\n|turn|21\n|\n|t:|1699121458\n|-terastallize|p1a: Jolteon|Ice\n|move|p1a: Jolteon|Thunderbolt|p2a: Electrode\n|-damage|p2a: Electrode|21\/100\n|move|p2a: Electrode|Leaf Storm|p1a: Jolteon\n|-damage|p1a: Jolteon|0 fnt\n|-unboost|p2a: Electrode|spa|2\n|faint|p1a: Jolteon\n|\n|upkeep\n|\n|t:|1699121473\n|switch|p1a: Iron Moth|Iron Moth|86\/100\n|-damage|p1a: Iron Moth|74\/100|[from] Spikes\n|turn|22\n|\n|t:|1699121485\n|move|p2a: Electrode|Thunderbolt|p1a: Iron Moth\n|-damage|p1a: Iron Moth|56\/100\n|move|p1a: Iron Moth|Flamethrower|p2a: Electrode\n|-supereffective|p2a: Electrode\n|-damage|p2a: Electrode|0 fnt\n|faint|p2a: Electrode\n|\n|upkeep\n|\n|t:|1699121487\n|switch|p2a: Dragapult|Dragapult, M|40\/100\n|turn|23\n|\n|t:|1699121493\n|move|p2a: Dragapult|Surf|p1a: Iron Moth\n|-supereffective|p1a: Iron Moth\n|-damage|p1a: Iron Moth|0 fnt\n|faint|p1a: Iron Moth\n|-end|p1a: Iron Moth|Quark Drive|[silent]\n|-damage|p2a: Dragapult|30\/100|[from] item: Life Orb\n|\n|upkeep\n|\n|t:|1699121498\n|switch|p1a: Diancie|Diancie|14\/100\n|-damage|p1a: Diancie|2\/100|[from] Spikes\n|turn|24\n|\n|t:|1699121505\n|move|p2a: Dragapult|Surf|p1a: Diancie\n|-supereffective|p1a: Diancie\n|-crit|p1a: Diancie\n|-damage|p1a: Diancie|0 fnt\n|faint|p1a: Diancie\n|-damage|p2a: Dragapult|20\/100|[from] item: Life Orb\n|\n|win|abonniertChaotix\n|c|\u2606firapla|ggwp\n|c|\u2606abonniertChaotix|gg\n|c|\u2606firapla|schickst du rein?\n|c|\u2606abonniertChaotix|jo\n|c|\u2606firapla|ok, danke\n|c|\u2606abonniertChaotix|Dann dir noch nen sch\u00f6nen Abend\n|c|\u2606firapla|danke, ebenso\n","uploadtime":1699121528,"views":19,"p1id":"firapla","p2id":"abonniertchaotix","formatid":"gen9anythinggoes","rating":0,"private":0,"password":""}