{"id":"gen9anythinggoes-1993201155","p1":"12YOweaboo","p2":"SuezGod","format":"[Gen 9] Anything Goes","log":"|j|\u260612YOweaboo\n|j|\u2606SuezGod\n|t:|1700277282\n|gametype|singles\n|player|p1|12YOweaboo|volkner|\n|player|p2|SuezGod|roughneck-gen4|\n|teamsize|p1|6\n|teamsize|p2|6\n|gen|9\n|tier|[Gen 9] Anything Goes\n|rule|HP Percentage Mod: HP is shown in percentages\n|rule|Endless Battle Clause: Forcing endless battles is banned\n|clearpoke\n|poke|p1|Greninja-*, M|\n|poke|p1|Landorus-Therian, M|\n|poke|p1|Jirachi|\n|poke|p1|Gengar, M|\n|poke|p1|Sandy Shocks|\n|poke|p1|Gallade, M|\n|poke|p2|Garchomp, M|\n|poke|p2|Slowking-Galar, M|\n|poke|p2|Iron Hands|\n|poke|p2|Clodsire, M|\n|poke|p2|Rotom-Mow|\n|poke|p2|Scizor, F|\n|teampreview\n|\n|t:|1700277302\n|start\n|switch|p1a: gar field|Landorus-Therian, M|100\/100\n|switch|p2a: Clodsire|Clodsire, M|100\/100\n|-ability|p1a: gar field|Intimidate|boost\n|-unboost|p2a: Clodsire|atk|1\n|turn|1\n|\n|t:|1700277315\n|move|p1a: gar field|Rock Slide|p2a: Clodsire\n|-resisted|p2a: Clodsire\n|-damage|p2a: Clodsire|85\/100\n|cant|p2a: Clodsire|flinch\n|\n|-heal|p2a: Clodsire|91\/100|[from] item: Black Sludge\n|upkeep\n|turn|2\n|\n|t:|1700277322\n|move|p1a: gar field|Earthquake|p2a: Clodsire\n|-supereffective|p2a: Clodsire\n|-damage|p2a: Clodsire|0 fnt\n|faint|p2a: Clodsire\n|\n|upkeep\n|\n|t:|1700277350\n|switch|p2a: Rotom|Rotom-Mow|100\/100\n|turn|3\n|\n|t:|1700277356\n|move|p1a: gar field|U-turn|p2a: Rotom\n|-supereffective|p2a: Rotom\n|-damage|p2a: Rotom|27\/100\n|\n|t:|1700277386\n|switch|p1a: Triedtotellem|Greninja, M|100\/100|[from] U-turn\n|move|p2a: Rotom|Leaf Storm|p1a: Triedtotellem\n|-supereffective|p1a: Triedtotellem\n|-damage|p1a: Triedtotellem|0 fnt\n|-unboost|p2a: Rotom|spa|2\n|faint|p1a: Triedtotellem\n|\n|upkeep\n|\n|t:|1700277400\n|switch|p1a: That aint Falco|Gengar, M, shiny|100\/100\n|turn|4\n|\n|t:|1700277405\n|move|p1a: That aint Falco|Shadow Ball|p2a: Rotom\n|-damage|p2a: Rotom|0 fnt\n|faint|p2a: Rotom\n|\n|upkeep\n|\n|t:|1700277428\n|switch|p2a: Iron Hands|Iron Hands|100\/100\n|turn|5\n|\n|t:|1700277442\n|move|p1a: That aint Falco|Sludge Bomb|p2a: Iron Hands\n|-damage|p2a: Iron Hands|56\/100\n|-status|p2a: Iron Hands|psn\n|move|p2a: Iron Hands|Earthquake|p1a: That aint Falco\n|-supereffective|p1a: That aint Falco\n|-damage|p1a: That aint Falco|0 fnt\n|faint|p1a: That aint Falco\n|\n|-damage|p2a: Iron Hands|44\/100 psn|[from] psn\n|upkeep\n|\n|t:|1700277455\n|switch|p1a: gar field|Landorus-Therian, M|100\/100\n|-ability|p1a: gar field|Intimidate|boost\n|-unboost|p2a: Iron Hands|atk|1\n|turn|6\n|\n|t:|1700277468\n|move|p1a: gar field|Earthquake|p2a: Iron Hands\n|-supereffective|p2a: Iron Hands\n|-damage|p2a: Iron Hands|0 fnt\n|faint|p2a: Iron Hands\n|-end|p2a: Iron Hands|Quark Drive|[silent]\n|\n|upkeep\n|\n|t:|1700277486\n|switch|p2a: Garchomp|Garchomp, M|100\/100\n|turn|7\n|\n|t:|1700277503\n|move|p2a: Garchomp|Poison Jab|p1a: gar field\n|-resisted|p1a: gar field\n|-damage|p1a: gar field|83\/100\n|-status|p1a: gar field|psn\n|move|p1a: gar field|U-turn|p2a: Garchomp\n|-damage|p2a: Garchomp|74\/100\n|-damage|p1a: gar field|71\/100 psn|[from] ability: Rough Skin|[of] p2a: Garchomp\n|\n|t:|1700277519\n|switch|p1a: Glade|Gallade, M|100\/100|[from] U-turn\n|\n|upkeep\n|turn|8\n|\n|t:|1700277543\n|switch|p2a: Slowking|Slowking-Galar, M|100\/100\n|move|p1a: Glade|Sacred Sword|p2a: Slowking\n|-resisted|p2a: Slowking\n|-damage|p2a: Slowking|84\/100\n|\n|upkeep\n|turn|9\n|\n|t:|1700277571\n|move|p1a: Glade|Psycho Cut|p2a: Slowking\n|-damage|p2a: Slowking|32\/100\n|move|p2a: Slowking|Sludge Bomb|p1a: Glade\n|-damage|p1a: Glade|72\/100\n|\n|upkeep\n|turn|10\n|\n|t:|1700277580\n|switch|p2a: Scizor|Scizor, F|100\/100\n|move|p1a: Glade|Sacred Sword|p2a: Scizor\n|-damage|p2a: Scizor|34\/100\n|\n|upkeep\n|turn|11\n|\n|t:|1700277592\n|move|p2a: Scizor|Bullet Punch|p1a: Glade\n|-damage|p1a: Glade|33\/100\n|move|p1a: Glade|Sacred Sword|p2a: Scizor\n|-damage|p2a: Scizor|0 fnt\n|faint|p2a: Scizor\n|\n|upkeep\n|\n|t:|1700277603\n|switch|p2a: Garchomp|Garchomp, M|74\/100\n|turn|12\n|\n|t:|1700277615\n|move|p2a: Garchomp|Earthquake|p1a: Glade\n|-damage|p1a: Glade|0 fnt\n|faint|p1a: Glade\n|\n|upkeep\n|\n|t:|1700277621\n|switch|p1a: gar field|Landorus-Therian, M|71\/100 psn\n|-ability|p1a: gar field|Intimidate|boost\n|-fail|p2a: Garchomp|unboost|[from] item: Clear Amulet|[of] p2a: Garchomp\n|turn|13\n|\n|t:|1700277635\n|move|p2a: Garchomp|Dragon Claw|p1a: gar field\n|-damage|p1a: gar field|24\/100 psn\n|move|p1a: gar field|Earthquake|p2a: Garchomp\n|-damage|p2a: Garchomp|15\/100\n|\n|-damage|p1a: gar field|12\/100 psn|[from] psn\n|upkeep\n|turn|14\n|\n|t:|1700277643\n|move|p2a: Garchomp|Dragon Claw|p1a: gar field\n|-damage|p1a: gar field|0 fnt\n|faint|p1a: gar field\n|\n|upkeep\n|\n|t:|1700277649\n|switch|p1a: Dabuz|Jirachi, shiny|100\/100\n|turn|15\n|\n|t:|1700277661\n|move|p1a: Dabuz|Iron Head|p2a: Garchomp\n|-damage|p2a: Garchomp|0 fnt\n|-damage|p1a: Dabuz|88\/100|[from] ability: Rough Skin|[of] p2a: Garchomp\n|faint|p2a: Garchomp\n|\n|upkeep\n|\n|t:|1700277666\n|switch|p2a: Slowking|Slowking-Galar, M|65\/100\n|turn|16\n|\n|t:|1700277678\n|move|p1a: Dabuz|Iron Head|p2a: Slowking\n|-damage|p2a: Slowking|31\/100\n|move|p2a: Slowking|Sludge Bomb|p1a: Dabuz\n|-immune|p1a: Dabuz\n|\n|upkeep\n|turn|17\n|\n|t:|1700277685\n|move|p1a: Dabuz|Iron Head|p2a: Slowking\n|-damage|p2a: Slowking|0 fnt\n|faint|p2a: Slowking\n|\n|win|12YOweaboo\n","uploadtime":1700277783,"views":28,"p1id":"12yoweaboo","p2id":"suezgod","formatid":"gen9anythinggoes","rating":0,"private":0,"password":""}