{"id":"gen9anythinggoes-1980858411","p1":"AGisgood","p2":"goofsterino","format":"[Gen 9] Anything Goes","log":"|j|\u2606AGisgood\n|j|\u2606goofsterino\n|inactive|Battle timer is ON: inactive players will automatically lose when time's up.\n|t:|1698843098\n|gametype|singles\n|player|p1|AGisgood|cynthia-gen4|\n|player|p2|goofsterino|101|\n|teamsize|p1|6\n|teamsize|p2|6\n|gen|9\n|tier|[Gen 9] Anything Goes\n|rated|Tournament battle\n|rule|HP Percentage Mod: HP is shown in percentages\n|rule|Endless Battle Clause: Forcing endless battles is banned\n|clearpoke\n|poke|p1|Arceus|\n|poke|p1|Koraidon|\n|poke|p1|Calyrex-Ice|\n|poke|p1|Rayquaza|\n|poke|p1|Ursaluna-Bloodmoon, M|\n|poke|p1|Arceus-Fairy|\n|poke|p2|Ursaluna-Bloodmoon, M|\n|poke|p2|Koraidon|\n|poke|p2|Calyrex-Ice|\n|poke|p2|Rayquaza|\n|poke|p2|Slowking-Galar, F|\n|poke|p2|Arceus|\n|teampreview\n|inactive|AGisgood also wants the timer to be on.\n|j|%Adhiraj8202\u2764\n|c|\u2606goofsterino|xD\n|\n|t:|1698843123\n|start\n|switch|p1a: Rayquaza|Rayquaza|100\/100\n|switch|p2a: Rayquaza|Rayquaza|100\/100\n|-ability|p1a: Rayquaza|Air Lock\n|-ability|p2a: Rayquaza|Air Lock\n|turn|1\n|j| MrCatKing07\n|j| Laprasplayer\n|\n|t:|1698843131\n|move|p1a: Rayquaza|Stealth Rock|p2a: Rayquaza\n|-sidestart|p2: goofsterino|move: Stealth Rock\n|move|p2a: Rayquaza|Dragon Ascent|p1a: Rayquaza\n|-damage|p1a: Rayquaza|20\/100\n|-unboost|p2a: Rayquaza|def|1\n|-unboost|p2a: Rayquaza|spd|1\n|\n|upkeep\n|turn|2\n|\n|t:|1698843137\n|move|p2a: Rayquaza|Extreme Speed|p1a: Rayquaza\n|-damage|p1a: Rayquaza|0 fnt\n|faint|p1a: Rayquaza\n|\n|upkeep\n|\n|t:|1698843141\n|switch|p1a: Arceus|Arceus|100\/100\n|turn|3\n|c| Laprasplayer|bros a goat for using the glowking tech fr\n|\n|t:|1698843148\n|move|p1a: Arceus|Extreme Speed|p2a: Rayquaza\n|-damage|p2a: Rayquaza|51\/100\n|move|p2a: Rayquaza|Stealth Rock|p1a: Arceus\n|-sidestart|p1: AGisgood|move: Stealth Rock\n|\n|upkeep\n|turn|4\n|\n|t:|1698843155\n|move|p1a: Arceus|Extreme Speed|p2a: Rayquaza\n|-damage|p2a: Rayquaza|0 fnt\n|faint|p2a: Rayquaza\n|\n|upkeep\n|\n|t:|1698843169\n|switch|p2a: Koraidon|Koraidon|100\/100\n|-damage|p2a: Koraidon|94\/100|[from] Stealth Rock\n|-weather|SunnyDay|[from] ability: Orichalcum Pulse|[of] p2a: Koraidon\n|-activate|p2a: Koraidon|Orichalcum Pulse|[source]\n|turn|5\n|j| zhangdinglong\u589e\u706b\u9f99\u4fa0\n|\n|t:|1698843177\n|move|p2a: Koraidon|U-turn|p1a: Arceus\n|-damage|p1a: Arceus|83\/100\n|\n|t:|1698843183\n|switch|p2a: Calyrex|Calyrex-Ice|100\/100|[from] U-turn\n|-ability|p2a: Calyrex|As One\n|-ability|p2a: Calyrex|Unnerve\n|-damage|p2a: Calyrex|75\/100|[from] Stealth Rock\n|move|p1a: Arceus|Trick Room|p1a: Arceus\n|-fieldstart|move: Trick Room|[of] p1a: Arceus\n|\n|-weather|SunnyDay|[upkeep]\n|upkeep\n|turn|6\n|\n|t:|1698843195\n|move|p2a: Calyrex|Glacial Lance|p1a: Arceus\n|-damage|p1a: Arceus|22\/100\n|move|p1a: Arceus|Healing Wish|p1a: Arceus\n|faint|p1a: Arceus\n|\n|-weather|SunnyDay|[upkeep]\n|upkeep\n|\n|t:|1698843200\n|switch|p1a: Calyrex|Calyrex-Ice|100\/100\n|-ability|p1a: Calyrex|As One\n|-ability|p1a: Calyrex|Unnerve\n|-damage|p1a: Calyrex|76\/100|[from] Stealth Rock\n|turn|7\n|\n|t:|1698843206\n|-terastallize|p1a: Calyrex|Ice\n|move|p2a: Calyrex|Glacial Lance|p1a: Calyrex\n|-resisted|p1a: Calyrex\n|-damage|p1a: Calyrex|38\/100\n|move|p1a: Calyrex|Glacial Lance|p2a: Calyrex\n|-resisted|p2a: Calyrex\n|-damage|p2a: Calyrex|28\/100\n|\n|-weather|SunnyDay|[upkeep]\n|upkeep\n|turn|8\n|\n|t:|1698843216\n|move|p1a: Calyrex|Glacial Lance|p2a: Calyrex\n|-resisted|p2a: Calyrex\n|-damage|p2a: Calyrex|0 fnt\n|faint|p2a: Calyrex\n|-ability|p1a: Calyrex|Chilling Neigh|boost\n|-boost|p1a: Calyrex|atk|1\n|\n|-weather|SunnyDay|[upkeep]\n|upkeep\n|\n|t:|1698843229\n|switch|p2a: Arceus|Arceus|100\/100\n|-damage|p2a: Arceus|88\/100|[from] Stealth Rock\n|turn|9\n|\n|t:|1698843238\n|move|p2a: Arceus|Extreme Speed|p1a: Calyrex\n|-damage|p1a: Calyrex|18\/100\n|move|p1a: Calyrex|Glacial Lance|p2a: Arceus\n|-damage|p2a: Arceus|0 fnt\n|faint|p2a: Arceus\n|-ability|p1a: Calyrex|Chilling Neigh|boost\n|-boost|p1a: Calyrex|atk|1\n|\n|-weather|none\n|-fieldend|move: Trick Room\n|upkeep\n|\n|t:|1698843256\n|switch|p2a: Ursaluna|Ursaluna-Bloodmoon, M|100\/100\n|-damage|p2a: Ursaluna|94\/100|[from] Stealth Rock\n|turn|10\n|\n|t:|1698843265\n|switch|p1a: Arceus|Arceus-Fairy|100\/100\n|-damage|p1a: Arceus|88\/100|[from] Stealth Rock\n|move|p2a: Ursaluna|Hyper Voice|p1a: Arceus\n|-damage|p1a: Arceus|57\/100\n|\n|upkeep\n|turn|11\n|\n|t:|1698843272\n|switch|p2a: Slowking|Slowking-Galar, F|100\/100\n|-damage|p2a: Slowking|88\/100|[from] Stealth Rock\n|move|p1a: Arceus|Healing Wish|p1a: Arceus\n|faint|p1a: Arceus\n|\n|upkeep\n|c|\u2606AGisgood|dude\n|\n|t:|1698843280\n|switch|p1a: Ursaluna|Ursaluna-Bloodmoon, M|100\/100\n|-damage|p1a: Ursaluna|94\/100|[from] Stealth Rock\n|turn|12\n|c|\u2606goofsterino|bro\n|c|\u2606goofsterino|I forgot\n|c|\u2606goofsterino|to put regen\n|c| Laprasplayer|rip\n|c|\u2606goofsterino|we dont talk abt this\n|\n|t:|1698843305\n|move|p1a: Ursaluna|Earth Power|p2a: Slowking\n|-supereffective|p2a: Slowking\n|-enditem|p2a: Slowking|Shuca Berry|[eat]\n|-enditem|p2a: Slowking|Shuca Berry|[weaken]\n|-damage|p2a: Slowking|47\/100\n|-damage|p1a: Ursaluna|84\/100|[from] item: Life Orb\n|move|p2a: Slowking|Chilly Reception|p2a: Slowking\n|-weather|Snow\n|c| Laprasplayer|i can relate\n|\n|t:|1698843314\n|switch|p2a: Koraidon|Koraidon|94\/100|[from] Chilly Reception\n|-damage|p2a: Koraidon|88\/100|[from] Stealth Rock\n|-weather|SunnyDay|[from] ability: Orichalcum Pulse|[of] p2a: Koraidon\n|-activate|p2a: Koraidon|Orichalcum Pulse|[source]\n|\n|-weather|SunnyDay|[upkeep]\n|upkeep\n|turn|13\n|\n|t:|1698843324\n|switch|p1a: Calyrex|Calyrex-Ice, tera:Ice|18\/100\n|-ability|p1a: Calyrex|As One\n|-ability|p1a: Calyrex|Unnerve\n|-heal|p1a: Calyrex|100\/100|[from] move: Healing Wish\n|-damage|p1a: Calyrex|76\/100|[from] Stealth Rock\n|move|p2a: Koraidon|Low Kick|p1a: Calyrex\n|-supereffective|p1a: Calyrex\n|-damage|p1a: Calyrex|0 fnt\n|faint|p1a: Calyrex\n|\n|-weather|SunnyDay|[upkeep]\n|upkeep\n|\n|t:|1698843326\n|switch|p1a: Koraidon|Koraidon|100\/100\n|-damage|p1a: Koraidon|94\/100|[from] Stealth Rock\n|-activate|p1a: Koraidon|ability: Orichalcum Pulse\n|turn|14\n|\n|t:|1698843335\n|switch|p2a: Slowking|Slowking-Galar, F|47\/100\n|-damage|p2a: Slowking|35\/100|[from] Stealth Rock\n|move|p1a: Koraidon|Low Kick|p2a: Slowking\n|-resisted|p2a: Slowking\n|-crit|p2a: Slowking\n|-damage|p2a: Slowking|13\/100\n|\n|-weather|SunnyDay|[upkeep]\n|upkeep\n|turn|15\n|\n|t:|1698843345\n|move|p1a: Koraidon|Low Kick|p2a: Slowking\n|-resisted|p2a: Slowking\n|-damage|p2a: Slowking|0 fnt\n|faint|p2a: Slowking\n|\n|-weather|SunnyDay|[upkeep]\n|upkeep\n|\n|t:|1698843351\n|switch|p2a: Koraidon|Koraidon|88\/100\n|-damage|p2a: Koraidon|82\/100|[from] Stealth Rock\n|-activate|p2a: Koraidon|ability: Orichalcum Pulse\n|turn|16\n|\n|t:|1698843360\n|switch|p1a: Ursaluna|Ursaluna-Bloodmoon, M|84\/100\n|-damage|p1a: Ursaluna|78\/100|[from] Stealth Rock\n|-terastallize|p2a: Koraidon|Ghost\n|move|p2a: Koraidon|Outrage|p1a: Ursaluna\n|-damage|p1a: Ursaluna|22\/100\n|\n|-weather|none\n|upkeep\n|turn|17\n|\n|t:|1698843365\n|move|p1a: Ursaluna|Vacuum Wave|p2a: Koraidon\n|-damage|p2a: Koraidon|60\/100\n|-damage|p1a: Ursaluna|12\/100|[from] item: Life Orb\n|move|p2a: Koraidon|Outrage|p1a: Ursaluna|[from]lockedmove\n|-damage|p1a: Ursaluna|0 fnt\n|faint|p1a: Ursaluna\n|-start|p2a: Koraidon|confusion|[fatigue]\n|\n|upkeep\n|\n|t:|1698843370\n|switch|p1a: Koraidon|Koraidon|94\/100\n|-damage|p1a: Koraidon|88\/100|[from] Stealth Rock\n|-weather|SunnyDay|[from] ability: Orichalcum Pulse|[of] p1a: Koraidon\n|-activate|p1a: Koraidon|Orichalcum Pulse|[source]\n|turn|18\n|\n|t:|1698843382\n|-activate|p2a: Koraidon|confusion\n|-damage|p2a: Koraidon|47\/100|[from] confusion\n|move|p1a: Koraidon|Outrage|p2a: Koraidon\n|-damage|p2a: Koraidon|0 fnt\n|faint|p2a: Koraidon\n|\n|-weather|SunnyDay|[upkeep]\n|upkeep\n|\n|t:|1698843384\n|switch|p2a: Ursaluna|Ursaluna-Bloodmoon, M|94\/100\n|-damage|p2a: Ursaluna|88\/100|[from] Stealth Rock\n|turn|19\n|\n|t:|1698843387\n|move|p1a: Koraidon|Outrage|p2a: Ursaluna|[from]lockedmove\n|-damage|p2a: Ursaluna|34\/100\n|move|p2a: Ursaluna|Blood Moon|p1a: Koraidon\n|-damage|p1a: Koraidon|0 fnt\n|faint|p1a: Koraidon\n|\n|win|goofsterino\n|n|\u2606AGisgood|agisgood\n|n|\u2606goofsterino|goofsterino\n|n| Adhiraj8202\u2764|adhiraj8202\n|n| MrCatKing07|mrcatking07\n|n| Laprasplayer|laprasplayer\n|n| zhangdinglong\u589e\u706b\u9f99\u4fa0|zhangdinglong\n","uploadtime":1698843388,"views":3,"p1id":"agisgood","p2id":"goofsterino","formatid":"gen9anythinggoes","rating":0,"private":0,"password":""}