{"id":"gen9anythinggoes-1986125581","p1":"LostParrot","p2":"vivixr31","format":"[Gen 9] Anything Goes","log":"|j|\u2606LostParrot\n|j|\u2606vivixr31\n|t:|1699452661\n|gametype|singles\n|player|p1|LostParrot|clown|1051\n|player|p2|vivixr31|265|1000\n|teamsize|p1|2\n|teamsize|p2|2\n|gen|9\n|tier|[Gen 9] Anything Goes\n|rated|\n|rule|HP Percentage Mod: HP is shown in percentages\n|rule|Endless Battle Clause: Forcing endless battles is banned\n|clearpoke\n|poke|p1|Murkrow, M|\n|poke|p1|Misdreavus, F|\n|poke|p2|Espeon, M|\n|poke|p2|Skeledirge, M|\n|teampreview\n|\n|t:|1699452673\n|start\n|switch|p1a: GHOST SWEEP|Misdreavus, F, shiny|100\/100\n|switch|p2a: Espeon|Espeon, M|100\/100\n|turn|1\n|\n|t:|1699452680\n|move|p2a: Espeon|Light Screen|p2a: Espeon\n|-sidestart|p2: vivixr31|move: Light Screen\n|move|p1a: GHOST SWEEP|Trick Room|p1a: GHOST SWEEP\n|-fieldstart|move: Trick Room|[of] p1a: GHOST SWEEP\n|\n|upkeep\n|turn|2\n|\n|t:|1699452691\n|move|p1a: GHOST SWEEP|Trick|p2a: Espeon\n|-activate|p1a: GHOST SWEEP|move: Trick|[of] p2a: Espeon\n|-item|p2a: Espeon|Eviolite|[from] move: Trick\n|-item|p1a: GHOST SWEEP|Light Clay|[from] move: Trick\n|move|p2a: Espeon|Yawn|p1a: GHOST SWEEP\n|-start|p1a: GHOST SWEEP|move: Yawn|[of] p2a: Espeon\n|\n|upkeep\n|turn|3\n|\n|t:|1699452700\n|move|p1a: GHOST SWEEP|Substitute|p1a: GHOST SWEEP\n|-start|p1a: GHOST SWEEP|Substitute\n|-damage|p1a: GHOST SWEEP|75\/100\n|move|p2a: Espeon|Reflect|p2a: Espeon\n|-sidestart|p2: vivixr31|Reflect\n|\n|-end|p1a: GHOST SWEEP|move: Yawn|[silent]\n|-status|p1a: GHOST SWEEP|slp\n|upkeep\n|turn|4\n|\n|t:|1699452717\n|move|p2a: Espeon|Baton Pass|p2a: Espeon\n|\n|t:|1699452718\n|switch|p2a: Skeledirge|Skeledirge, M|100\/100|[from] Baton Pass\n|cant|p1a: GHOST SWEEP|slp\n|\n|upkeep\n|turn|5\n|\n|t:|1699452738\n|-terastallize|p2a: Skeledirge|Fire\n|-curestatus|p1a: GHOST SWEEP|slp|[msg]\n|move|p1a: GHOST SWEEP|Thunderbolt|p2a: Skeledirge\n|-damage|p2a: Skeledirge|86\/100\n|move|p2a: Skeledirge|Torch Song|p1a: GHOST SWEEP\n|-damage|p1a: GHOST SWEEP|16\/100\n|-boost|p2a: Skeledirge|spa|1\n|\n|-fieldend|move: Trick Room\n|upkeep\n|turn|6\n|\n|t:|1699452747\n|move|p2a: Skeledirge|Torch Song|p1a: GHOST SWEEP\n|-damage|p1a: GHOST SWEEP|0 fnt\n|-boost|p2a: Skeledirge|spa|1\n|faint|p1a: GHOST SWEEP\n|\n|upkeep\n|\n|t:|1699452753\n|switch|p1a: CROW SWEEP|Murkrow, M, shiny|100\/100\n|turn|7\n|\n|t:|1699452759\n|-terastallize|p1a: CROW SWEEP|Fighting\n|move|p1a: CROW SWEEP|Calm Mind|p1a: CROW SWEEP\n|-boost|p1a: CROW SWEEP|spa|1\n|-boost|p1a: CROW SWEEP|spd|1\n|move|p2a: Skeledirge|Torch Song|p1a: CROW SWEEP\n|-damage|p1a: CROW SWEEP|0 fnt\n|-boost|p2a: Skeledirge|spa|1\n|faint|p1a: CROW SWEEP\n|\n|win|vivixr31\n|raw|LostParrot's rating: 1051 &rarr; <strong>1031<\/strong><br \/>(-20 for losing)\n|raw|vivixr31's rating: 1000 &rarr; <strong>1046<\/strong><br \/>(+46 for winning)\n|l|\u2606LostParrot\n","uploadtime":1699452772,"views":10,"p1id":"lostparrot","p2id":"vivixr31","formatid":"gen9anythinggoes","rating":1031,"private":0,"password":""}