{"id":"gen9anythinggoes-1985254043","p1":"Pheonix11","p2":"BrooklynSavage","format":"[Gen 9] Anything Goes","log":"|j|\u2606Pheonix11\n|j|\u2606BrooklynSavage\n|t:|1699355894\n|gametype|singles\n|player|p1|Pheonix11|101|1255\n|player|p2|BrooklynSavage|169|1300\n|teamsize|p1|6\n|teamsize|p2|6\n|gen|9\n|tier|[Gen 9] Anything Goes\n|rated|\n|rule|HP Percentage Mod: HP is shown in percentages\n|rule|Endless Battle Clause: Forcing endless battles is banned\n|clearpoke\n|poke|p1|Toxapex, F|\n|poke|p1|Umbreon, F|\n|poke|p1|Cresselia, F|\n|poke|p1|Goodra-Hisui, F|\n|poke|p1|Arceus|\n|poke|p1|Diancie|\n|poke|p2|Piloswine, F|\n|poke|p2|Slowking, M|\n|poke|p2|Pawmot, F|\n|poke|p2|Dragapult, F|\n|poke|p2|Tyranitar, M|\n|poke|p2|Glimmora, M|\n|teampreview\n|inactive|Battle timer is ON: inactive players will automatically lose when time's up. (requested by Pheonix11)\n|\n|t:|1699355930\n|start\n|switch|p1a: Toxapex|Toxapex, F|100\/100\n|switch|p2a: Piloswine|Piloswine, F|100\/100\n|turn|1\n|\n|t:|1699355934\n|move|p2a: Piloswine|Stealth Rock|p1a: Toxapex\n|-sidestart|p1: Pheonix11|move: Stealth Rock\n|move|p1a: Toxapex|Toxic|p2a: Piloswine\n|-status|p2a: Piloswine|tox\n|\n|-damage|p2a: Piloswine|94\/100 tox|[from] psn\n|upkeep\n|turn|2\n|\n|t:|1699355941\n|move|p2a: Piloswine|Earthquake|p1a: Toxapex\n|-supereffective|p1a: Toxapex\n|-damage|p1a: Toxapex|43\/100\n|move|p1a: Toxapex|Toxic|p2a: Piloswine\n|-fail|p2a: Piloswine|tox\n|\n|-heal|p1a: Toxapex|50\/100|[from] item: Leftovers\n|-damage|p2a: Piloswine|82\/100 tox|[from] psn\n|upkeep\n|turn|3\n|l|\u2606BrooklynSavage\n|inactive|BrooklynSavage disconnected and has a minute to reconnect!\n|player|p2|\n|j|\u2606BrooklynSavage\n|inactive|BrooklynSavage reconnected and has 125 seconds left.\n|player|p2|BrooklynSavage|169\n|inactive|BrooklynSavage has 120 seconds left.\n|\n|t:|1699355985\n|move|p1a: Toxapex|Protect|p1a: Toxapex\n|-singleturn|p1a: Toxapex|Protect\n|move|p2a: Piloswine|Earthquake|p1a: Toxapex\n|-activate|p1a: Toxapex|move: Protect\n|\n|-heal|p1a: Toxapex|56\/100|[from] item: Leftovers\n|-damage|p2a: Piloswine|63\/100 tox|[from] psn\n|upkeep\n|turn|4\n|\n|t:|1699355992\n|switch|p1a: Cresselia|Cresselia, F|100\/100\n|-damage|p1a: Cresselia|88\/100|[from] Stealth Rock\n|move|p2a: Piloswine|Earthquake|p1a: Cresselia\n|-immune|p1a: Cresselia|[from] ability: Levitate\n|\n|-damage|p2a: Piloswine|39\/100 tox|[from] psn\n|upkeep\n|turn|5\n|inactive|BrooklynSavage has 120 seconds left.\n|\n|t:|1699356017\n|switch|p1a: Toxapex|Toxapex, F|89\/100\n|-damage|p1a: Toxapex|76\/100|[from] Stealth Rock\n|switch|p2a: Tyranitar|Tyranitar, M|100\/100\n|-weather|Sandstorm|[from] ability: Sand Stream|[of] p2a: Tyranitar\n|\n|-weather|Sandstorm|[upkeep]\n|-damage|p1a: Toxapex|70\/100|[from] Sandstorm\n|-heal|p1a: Toxapex|76\/100|[from] item: Leftovers\n|upkeep\n|turn|6\n|\n|t:|1699356029\n|switch|p2a: Glimmora|Glimmora, M|100\/100\n|move|p1a: Toxapex|Toxic|p2a: Glimmora\n|-immune|p2a: Glimmora\n|\n|-weather|Sandstorm|[upkeep]\n|-damage|p1a: Toxapex|70\/100|[from] Sandstorm\n|-heal|p1a: Toxapex|76\/100|[from] item: Leftovers\n|upkeep\n|turn|7\n|inactive|BrooklynSavage has 90 seconds left.\n|inactive|Pheonix11 has 120 seconds left.\n|inactive|BrooklynSavage has 60 seconds left.\n|\n|t:|1699356117\n|switch|p2a: Piloswine|Piloswine, F|39\/100 tox\n|switch|p1a: Arceus|Arceus|100\/100\n|-damage|p1a: Arceus|88\/100|[from] Stealth Rock\n|\n|-weather|Sandstorm|[upkeep]\n|-damage|p1a: Arceus|82\/100|[from] Sandstorm\n|-heal|p1a: Arceus|88\/100|[from] item: Leftovers\n|-damage|p2a: Piloswine|32\/100 tox|[from] psn\n|upkeep\n|turn|8\n|\n|t:|1699356126\n|switch|p2a: Glimmora|Glimmora, M|100\/100\n|move|p1a: Arceus|Cosmic Power|p1a: Arceus\n|-boost|p1a: Arceus|def|1\n|-boost|p1a: Arceus|spd|1\n|\n|-weather|Sandstorm|[upkeep]\n|-damage|p1a: Arceus|82\/100|[from] Sandstorm\n|-heal|p1a: Arceus|88\/100|[from] item: Leftovers\n|upkeep\n|turn|9\n|\n|t:|1699356129\n|move|p2a: Glimmora|Mortal Spin|p1a: Arceus\n|-damage|p1a: Arceus|85\/100\n|-status|p1a: Arceus|psn\n|move|p1a: Arceus|Cosmic Power|p1a: Arceus\n|-boost|p1a: Arceus|def|1\n|-boost|p1a: Arceus|spd|1\n|\n|-weather|none\n|-heal|p1a: Arceus|91\/100 psn|[from] item: Leftovers\n|-damage|p1a: Arceus|79\/100 psn|[from] psn\n|upkeep\n|turn|10\n|inactive|BrooklynSavage has 30 seconds left.\n|\n|t:|1699356163\n|move|p2a: Glimmora|Spiky Shield|p2a: Glimmora\n|-singleturn|p2a: Glimmora|move: Protect\n|move|p1a: Arceus|Cosmic Power|p1a: Arceus\n|-boost|p1a: Arceus|def|1\n|-boost|p1a: Arceus|spd|1\n|\n|-heal|p1a: Arceus|85\/100 psn|[from] item: Leftovers\n|-damage|p1a: Arceus|73\/100 psn|[from] psn\n|upkeep\n|turn|11\n|\n|t:|1699356169\n|switch|p2a: Pawmot|Pawmot, F|100\/100\n|move|p1a: Arceus|Cosmic Power|p1a: Arceus\n|-boost|p1a: Arceus|def|1\n|-boost|p1a: Arceus|spd|1\n|\n|-heal|p1a: Arceus|79\/100 psn|[from] item: Leftovers\n|-damage|p1a: Arceus|66\/100 psn|[from] psn\n|upkeep\n|turn|12\n|\n|t:|1699356172\n|move|p2a: Pawmot|Encore|p1a: Arceus\n|-start|p1a: Arceus|Encore\n|move|p1a: Arceus|Cosmic Power|p1a: Arceus\n|-boost|p1a: Arceus|def|1\n|-boost|p1a: Arceus|spd|1\n|\n|-heal|p1a: Arceus|73\/100 psn|[from] item: Leftovers\n|-damage|p1a: Arceus|60\/100 psn|[from] psn\n|upkeep\n|turn|13\n|\n|t:|1699356178\n|switch|p2a: Tyranitar|Tyranitar, M|100\/100\n|-weather|Sandstorm|[from] ability: Sand Stream|[of] p2a: Tyranitar\n|move|p1a: Arceus|Cosmic Power|p1a: Arceus\n|-boost|p1a: Arceus|def|1\n|-boost|p1a: Arceus|spd|1\n|\n|-weather|Sandstorm|[upkeep]\n|-damage|p1a: Arceus|54\/100 psn|[from] Sandstorm\n|-heal|p1a: Arceus|60\/100 psn|[from] item: Leftovers\n|-damage|p1a: Arceus|48\/100 psn|[from] psn\n|upkeep\n|turn|14\n|\n|t:|1699356187\n|move|p1a: Arceus|Cosmic Power|p1a: Arceus\n|-boost|p1a: Arceus|def|0\n|-boost|p1a: Arceus|spd|0\n|move|p2a: Tyranitar|Rock Blast|p1a: Arceus\n|-damage|p1a: Arceus|46\/100 psn\n|-damage|p1a: Arceus|43\/100 psn\n|-hitcount|p1a: Arceus|2\n|\n|-weather|Sandstorm|[upkeep]\n|-damage|p1a: Arceus|37\/100 psn|[from] Sandstorm\n|-heal|p1a: Arceus|43\/100 psn|[from] item: Leftovers\n|-damage|p1a: Arceus|31\/100 psn|[from] psn\n|-end|p1a: Arceus|Encore\n|upkeep\n|turn|15\n|inactive|BrooklynSavage has 60 seconds left.\n|\n|t:|1699356192\n|move|p1a: Arceus|Recover|p1a: Arceus\n|-heal|p1a: Arceus|81\/100 psn\n|move|p2a: Tyranitar|Rock Blast|p1a: Arceus\n|-damage|p1a: Arceus|79\/100 psn\n|-damage|p1a: Arceus|76\/100 psn\n|-damage|p1a: Arceus|74\/100 psn\n|-hitcount|p1a: Arceus|3\n|\n|-weather|Sandstorm|[upkeep]\n|-damage|p1a: Arceus|68\/100 psn|[from] Sandstorm\n|-heal|p1a: Arceus|74\/100 psn|[from] item: Leftovers\n|-damage|p1a: Arceus|62\/100 psn|[from] psn\n|upkeep\n|turn|16\n|\n|t:|1699356201\n|move|p1a: Arceus|Body Press|p2a: Tyranitar\n|-supereffective|p2a: Tyranitar\n|-damage|p2a: Tyranitar|0 fnt\n|faint|p2a: Tyranitar\n|\n|-weather|Sandstorm|[upkeep]\n|-damage|p1a: Arceus|56\/100 psn|[from] Sandstorm\n|-heal|p1a: Arceus|62\/100 psn|[from] item: Leftovers\n|-damage|p1a: Arceus|49\/100 psn|[from] psn\n|upkeep\n|inactive|BrooklynSavage has 60 seconds left.\n|\n|t:|1699356222\n|switch|p2a: Slowking|Slowking, M|100\/100\n|turn|17\n|inactive|BrooklynSavage has 60 seconds left.\n|\n|t:|1699356228\n|-terastallize|p2a: Slowking|Ghost\n|move|p1a: Arceus|Recover|p1a: Arceus\n|-heal|p1a: Arceus|99\/100 psn\n|move|p2a: Slowking|Curse|p1a: Arceus\n|-start|p1a: Arceus|Curse|[of] p2a: Slowking\n|-damage|p2a: Slowking|50\/100\n|\n|-weather|none\n|-heal|p1a: Arceus|100\/100 psn|[from] item: Leftovers\n|-damage|p1a: Arceus|88\/100 psn|[from] psn\n|-damage|p1a: Arceus|63\/100 psn|[from] Curse\n|upkeep\n|turn|18\n|\n|t:|1699356242\n|switch|p1a: Toxapex|Toxapex, F|100\/100\n|-damage|p1a: Toxapex|88\/100|[from] Stealth Rock\n|move|p2a: Slowking|Trick Room|p2a: Slowking\n|-fieldstart|move: Trick Room|[of] p2a: Slowking\n|\n|-heal|p1a: Toxapex|94\/100|[from] item: Leftovers\n|upkeep\n|turn|19\n|\n|t:|1699356252\n|move|p1a: Toxapex|Toxic|p2a: Slowking\n|-status|p2a: Slowking|tox\n|move|p2a: Slowking|Chilly Reception|p2a: Slowking\n|-weather|Snow\n|\n|t:|1699356260\n|switch|p2a: Dragapult|Dragapult, F|100\/100|[from] Chilly Reception\n|\n|-weather|Snow|[upkeep]\n|-heal|p1a: Toxapex|100\/100|[from] item: Leftovers\n|upkeep\n|turn|20\n|\n|t:|1699356270\n|-terastallize|p1a: Toxapex|Fairy\n|move|p1a: Toxapex|Toxic|p2a: Dragapult\n|-status|p2a: Dragapult|tox\n|move|p2a: Dragapult|Thunder Wave|p1a: Toxapex\n|-status|p1a: Toxapex|par\n|\n|-weather|Snow|[upkeep]\n|-damage|p2a: Dragapult|94\/100 tox|[from] psn\n|upkeep\n|turn|21\n|inactive|BrooklynSavage has 90 seconds left.\n|\n|t:|1699356280\n|move|p1a: Toxapex|Toxic|p2a: Dragapult\n|-fail|p2a: Dragapult|tox\n|move|p2a: Dragapult|Hex|p1a: Toxapex\n|-damage|p1a: Toxapex|70\/100 par\n|\n|-weather|Snow|[upkeep]\n|-heal|p1a: Toxapex|76\/100 par|[from] item: Leftovers\n|-heal|p2a: Dragapult|100\/100 tox|[from] item: Leftovers\n|-damage|p2a: Dragapult|88\/100 tox|[from] psn\n|upkeep\n|turn|22\n|\n|t:|1699356289\n|move|p1a: Toxapex|Protect|p1a: Toxapex\n|-singleturn|p1a: Toxapex|Protect\n|move|p2a: Dragapult|Hex|p1a: Toxapex\n|-activate|p1a: Toxapex|move: Protect\n|\n|-weather|Snow|[upkeep]\n|-heal|p1a: Toxapex|82\/100 par|[from] item: Leftovers\n|-heal|p2a: Dragapult|94\/100 tox|[from] item: Leftovers\n|-damage|p2a: Dragapult|76\/100 tox|[from] psn\n|-fieldend|move: Trick Room\n|upkeep\n|turn|23\n|\n|t:|1699356296\n|move|p2a: Dragapult|Hex|p1a: Toxapex\n|-damage|p1a: Toxapex|51\/100 par\n|move|p1a: Toxapex|Recover|p1a: Toxapex\n|-heal|p1a: Toxapex|100\/100 par\n|\n|-weather|none\n|-heal|p2a: Dragapult|82\/100 tox|[from] item: Leftovers\n|-damage|p2a: Dragapult|58\/100 tox|[from] psn\n|upkeep\n|turn|24\n|\n|t:|1699356304\n|cant|p1a: Toxapex|par\n|move|p2a: Dragapult|U-turn|p1a: Toxapex\n|-resisted|p1a: Toxapex\n|-damage|p1a: Toxapex|95\/100 par\n|\n|t:|1699356312\n|switch|p2a: Pawmot|Pawmot, F|100\/100|[from] U-turn\n|\n|-heal|p1a: Toxapex|100\/100 par|[from] item: Leftovers\n|upkeep\n|turn|25\n|\n|t:|1699356319\n|move|p2a: Pawmot|Encore|p1a: Toxapex\n|-start|p1a: Toxapex|Encore\n|move|p1a: Toxapex|Recover||[still]\n|-fail|p1a: Toxapex|heal\n|\n|upkeep\n|turn|26\n|\n|t:|1699356330\n|switch|p1a: Cresselia|Cresselia, F|88\/100\n|-damage|p1a: Cresselia|76\/100|[from] Stealth Rock\n|move|p2a: Pawmot|Double Shock|p1a: Cresselia\n|-damage|p1a: Cresselia|38\/100\n|-start|p2a: Pawmot|typechange|???\/Fighting|[from] move: Double Shock\n|\n|upkeep\n|turn|27\n|inactive|BrooklynSavage has 120 seconds left.\n|\n|t:|1699356360\n|move|p2a: Pawmot|Revival Blessing|p2a: Pawmot\n|-enditem|p2a: Pawmot|Leppa Berry|[eat]\n|-activate|p2a: Pawmot|item: Leppa Berry|Revival Blessing|[consumed]\n|\n|t:|1699356362\n|-heal|p2: Tyranitar|50\/100|[from] move: Revival Blessing\n|move|p1a: Cresselia|Reflect|p1a: Cresselia\n|-sidestart|p1: Pheonix11|Reflect\n|\n|upkeep\n|turn|28\n|inactive|BrooklynSavage has 120 seconds left.\n|\n|t:|1699356371\n|switch|p1a: Toxapex|Toxapex, F, tera:Fairy|100\/100 par\n|-damage|p1a: Toxapex|88\/100 par|[from] Stealth Rock\n|move|p2a: Pawmot|Encore||[still]\n|-fail|p2a: Pawmot\n|\n|-heal|p1a: Toxapex|94\/100 par|[from] item: Leftovers\n|upkeep\n|turn|29\n|inactive|BrooklynSavage has 120 seconds left.\n|\n|t:|1699356383\n|switch|p2a: Glimmora|Glimmora, M|100\/100\n|move|p1a: Toxapex|Toxic|p2a: Glimmora\n|-immune|p2a: Glimmora\n|\n|-heal|p1a: Toxapex|100\/100 par|[from] item: Leftovers\n|upkeep\n|turn|30\n|\n|t:|1699356390\n|cant|p1a: Toxapex|par\n|move|p2a: Glimmora|Mortal Spin|p1a: Toxapex\n|-supereffective|p1a: Toxapex\n|-damage|p1a: Toxapex|96\/100 par\n|\n|-heal|p1a: Toxapex|100\/100 par|[from] item: Leftovers\n|upkeep\n|turn|31\n|\n|t:|1699356401\n|move|p2a: Glimmora|Sludge Bomb|p1a: Toxapex\n|-supereffective|p1a: Toxapex\n|-damage|p1a: Toxapex|27\/100 par\n|move|p1a: Toxapex|Haze|p1a: Toxapex\n|-clearallboost\n|\n|-heal|p1a: Toxapex|34\/100 par|[from] item: Leftovers\n|upkeep\n|turn|32\n|\n|t:|1699356419\n|switch|p2a: Piloswine|Piloswine, F|32\/100 tox\n|switch|p1a: Goodra|Goodra-Hisui, F|100\/100\n|-damage|p1a: Goodra|94\/100|[from] Stealth Rock\n|\n|-heal|p1a: Goodra|100\/100|[from] item: Leftovers\n|-damage|p2a: Piloswine|26\/100 tox|[from] psn\n|upkeep\n|turn|33\n|\n|t:|1699356429\n|move|p1a: Goodra|Protect|p1a: Goodra\n|-singleturn|p1a: Goodra|Protect\n|move|p2a: Piloswine|Earthquake|p1a: Goodra\n|-activate|p1a: Goodra|move: Protect\n|\n|-damage|p2a: Piloswine|14\/100 tox|[from] psn\n|upkeep\n|turn|34\n|\n|t:|1699356437\n|switch|p1a: Cresselia|Cresselia, F|38\/100\n|-damage|p1a: Cresselia|25\/100|[from] Stealth Rock\n|move|p2a: Piloswine|Earthquake|p1a: Cresselia\n|-immune|p1a: Cresselia|[from] ability: Levitate\n|\n|-damage|p2a: Piloswine|0 fnt|[from] psn\n|faint|p2a: Piloswine\n|-sideend|p1: Pheonix11|Reflect\n|upkeep\n|\n|t:|1699356461\n|switch|p2a: Pawmot|Pawmot, F|100\/100\n|turn|35\n|\n|t:|1699356474\n|move|p1a: Cresselia|Protect|p1a: Cresselia\n|-singleturn|p1a: Cresselia|Protect\n|move|p2a: Pawmot|Double Shock|p1a: Cresselia\n|-activate|p1a: Cresselia|move: Protect\n|\n|upkeep\n|turn|36\n|inactive|Pheonix11 has 120 seconds left.\n|\n|t:|1699356511\n|switch|p1a: Umbreon|Umbreon, F|100\/100\n|-damage|p1a: Umbreon|88\/100|[from] Stealth Rock\n|move|p2a: Pawmot|Encore||[still]\n|-fail|p2a: Pawmot\n|\n|-heal|p1a: Umbreon|94\/100|[from] item: Leftovers\n|upkeep\n|turn|37\n|inactive|Pheonix11 has 120 seconds left.\n|\n|t:|1699356521\n|move|p2a: Pawmot|Double Shock|p1a: Umbreon\n|-damage|p1a: Umbreon|58\/100\n|-start|p2a: Pawmot|typechange|???\/Fighting|[from] move: Double Shock\n|move|p1a: Umbreon|Wish|p1a: Umbreon\n|\n|-heal|p1a: Umbreon|64\/100|[from] item: Leftovers\n|upkeep\n|turn|38\n|\n|t:|1699356529\n|switch|p1a: Cresselia|Cresselia, F|25\/100\n|-damage|p1a: Cresselia|13\/100|[from] Stealth Rock\n|move|p2a: Pawmot|Encore||[still]\n|-fail|p2a: Pawmot\n|\n|-heal|p1a: Cresselia|57\/100|[from] move: Wish|[wisher] Umbreon\n|upkeep\n|turn|39\n|\n|t:|1699356551\n|move|p2a: Pawmot|Revival Blessing|p2a: Pawmot\n|\n|t:|1699356558\n|-heal|p2: Piloswine|50\/100|[from] move: Revival Blessing\n|move|p1a: Cresselia|Psychic|p2a: Pawmot\n|-supereffective|p2a: Pawmot\n|-damage|p2a: Pawmot|7\/100\n|\n|upkeep\n|turn|40\n|c|\u2606Pheonix11|How'd you get your pp back?\n|inactive|BrooklynSavage has 120 seconds left.\n|\n|t:|1699356588\n|switch|p2a: Tyranitar|Tyranitar, M|50\/100\n|-weather|Sandstorm|[from] ability: Sand Stream|[of] p2a: Tyranitar\n|move|p1a: Cresselia|Psychic|p2a: Tyranitar\n|-immune|p2a: Tyranitar\n|\n|-weather|Sandstorm|[upkeep]\n|-damage|p1a: Cresselia|51\/100|[from] Sandstorm\n|upkeep\n|turn|41\n|\n|t:|1699356609\n|switch|p1a: Toxapex|Toxapex, F, tera:Fairy|67\/100 par\n|-damage|p1a: Toxapex|54\/100 par|[from] Stealth Rock\n|move|p2a: Tyranitar|Rock Blast|p1a: Toxapex\n|-damage|p1a: Toxapex|45\/100 par\n|-damage|p1a: Toxapex|34\/100 par\n|-damage|p1a: Toxapex|25\/100 par\n|-hitcount|p1a: Toxapex|3\n|\n|-weather|Sandstorm|[upkeep]\n|-damage|p1a: Toxapex|18\/100 par|[from] Sandstorm\n|-heal|p1a: Toxapex|25\/100 par|[from] item: Leftovers\n|upkeep\n|turn|42\n|inactive|Pheonix11 has 120 seconds left.\n|\n|t:|1699356648\n|switch|p1a: Cresselia|Cresselia, F|51\/100\n|-damage|p1a: Cresselia|39\/100|[from] Stealth Rock\n|move|p2a: Tyranitar|Earthquake|p1a: Cresselia\n|-immune|p1a: Cresselia|[from] ability: Levitate\n|\n|-weather|Sandstorm|[upkeep]\n|-damage|p1a: Cresselia|33\/100|[from] Sandstorm\n|upkeep\n|turn|43\n|inactive|BrooklynSavage has 120 seconds left.\n|\n|t:|1699356664\n|move|p1a: Cresselia|Protect|p1a: Cresselia\n|-singleturn|p1a: Cresselia|Protect\n|move|p2a: Tyranitar|Rock Blast|p1a: Cresselia\n|-activate|p1a: Cresselia|move: Protect\n|\n|-weather|Sandstorm|[upkeep]\n|-damage|p1a: Cresselia|27\/100|[from] Sandstorm\n|upkeep\n|turn|44\n|\n|t:|1699356674\n|move|p1a: Cresselia|Reflect|p1a: Cresselia\n|-sidestart|p1: Pheonix11|Reflect\n|move|p2a: Tyranitar|Rock Blast|p1a: Cresselia\n|-damage|p1a: Cresselia|22\/100\n|-crit|p1a: Cresselia\n|-damage|p1a: Cresselia|8\/100\n|-damage|p1a: Cresselia|3\/100\n|-hitcount|p1a: Cresselia|3\n|\n|-weather|none\n|upkeep\n|turn|45\n|\n|t:|1699356680\n|move|p1a: Cresselia|Light Screen|p1a: Cresselia\n|-sidestart|p1: Pheonix11|move: Light Screen\n|move|p2a: Tyranitar|Dark Pulse|p1a: Cresselia\n|-supereffective|p1a: Cresselia\n|-damage|p1a: Cresselia|0 fnt\n|faint|p1a: Cresselia\n|\n|upkeep\n|\n|t:|1699356685\n|switch|p1a: Diancie|Diancie|100\/100\n|-damage|p1a: Diancie|88\/100|[from] Stealth Rock\n|turn|46\n|\n|t:|1699356709\n|switch|p2a: Slowking|Slowking, M, tera:Ghost|84\/100 tox\n|move|p1a: Diancie|Iron Defense|p1a: Diancie\n|-boost|p1a: Diancie|def|2\n|\n|-heal|p1a: Diancie|94\/100|[from] item: Leftovers\n|-damage|p2a: Slowking|78\/100 tox|[from] psn\n|upkeep\n|turn|47\n|inactive|BrooklynSavage has 120 seconds left.\n|\n|t:|1699356733\n|move|p1a: Diancie|Amnesia|p1a: Diancie\n|-boost|p1a: Diancie|spd|2\n|move|p2a: Slowking|Trick Room|p2a: Slowking\n|-fieldstart|move: Trick Room|[of] p2a: Slowking\n|\n|-heal|p1a: Diancie|100\/100|[from] item: Leftovers\n|-damage|p2a: Slowking|65\/100 tox|[from] psn\n|upkeep\n|turn|48\n|\n|t:|1699356747\n|move|p2a: Slowking|Curse|p1a: Diancie\n|-start|p1a: Diancie|Curse|[of] p2a: Slowking\n|-damage|p2a: Slowking|15\/100 tox\n|move|p1a: Diancie|Amnesia|p1a: Diancie\n|-boost|p1a: Diancie|spd|2\n|\n|-damage|p2a: Slowking|0 fnt|[from] psn\n|faint|p2a: Slowking\n|-damage|p1a: Diancie|75\/100|[from] Curse\n|upkeep\n|inactive|BrooklynSavage has 120 seconds left.\n|\n|t:|1699356766\n|switch|p2a: Glimmora|Glimmora, M|100\/100\n|turn|49\n|c|\u2606Pheonix11|Yeah this game is over lol\n|\n|t:|1699356779\n|move|p2a: Glimmora|Spiky Shield|p2a: Glimmora\n|-singleturn|p2a: Glimmora|move: Protect\n|move|p1a: Diancie|Baton Pass|p1a: Diancie\n|\n|t:|1699356783\n|switch|p1a: Arceus|Arceus|63\/100 psn|[from] Baton Pass\n|-damage|p1a: Arceus|51\/100 psn|[from] Stealth Rock\n|\n|-heal|p1a: Arceus|57\/100 psn|[from] item: Leftovers\n|-damage|p1a: Arceus|44\/100 psn|[from] psn\n|-damage|p1a: Arceus|19\/100 psn|[from] Curse\n|upkeep\n|turn|50\n|c|\u2606BrooklynSavage|Lol\n|inactive|BrooklynSavage has 120 seconds left.\n|inactive|Pheonix11 has 120 seconds left.\n|c|\u2606Pheonix11|Wait baton pass Carry's curse? LMAO\n|c|\u2606Pheonix11|That's funny timing\n|\n|t:|1699356826\n|switch|p1a: Toxapex|Toxapex, F, tera:Fairy|58\/100 par\n|-damage|p1a: Toxapex|45\/100 par|[from] Stealth Rock\n|move|p2a: Glimmora|Sludge Bomb|p1a: Toxapex\n|-supereffective|p1a: Toxapex\n|-damage|p1a: Toxapex|7\/100 par\n|\n|-heal|p1a: Toxapex|14\/100 par|[from] item: Leftovers\n|upkeep\n|turn|51\n|\n|t:|1699356845\n|move|p1a: Toxapex|Recover|p1a: Toxapex\n|-heal|p1a: Toxapex|64\/100 par\n|move|p2a: Glimmora|Sludge Bomb|p1a: Toxapex\n|-supereffective|p1a: Toxapex\n|-damage|p1a: Toxapex|26\/100 par\n|\n|-heal|p1a: Toxapex|32\/100 par|[from] item: Leftovers\n|-sideend|p1: Pheonix11|Reflect\n|-fieldend|move: Trick Room\n|upkeep\n|turn|52\n|\n|t:|1699356863\n|switch|p1a: Umbreon|Umbreon, F|64\/100\n|-damage|p1a: Umbreon|52\/100|[from] Stealth Rock\n|move|p2a: Glimmora|Sludge Bomb|p1a: Umbreon\n|-damage|p1a: Umbreon|36\/100\n|-status|p1a: Umbreon|psn\n|-activate|p1a: Umbreon|ability: Synchronize\n|-immune|p2a: Glimmora\n|\n|-heal|p1a: Umbreon|42\/100 psn|[from] item: Leftovers\n|-damage|p1a: Umbreon|30\/100 psn|[from] psn\n|-sideend|p1: Pheonix11|move: Light Screen\n|upkeep\n|turn|53\n|inactive|BrooklynSavage has 120 seconds left.\n|\n|t:|1699356873\n|switch|p2a: Pawmot|Pawmot, F|7\/100\n|move|p1a: Umbreon|Wish|p1a: Umbreon\n|\n|-heal|p1a: Umbreon|36\/100 psn|[from] item: Leftovers\n|-damage|p1a: Umbreon|23\/100 psn|[from] psn\n|upkeep\n|turn|54\n|\n|t:|1699356883\n|move|p1a: Umbreon|Protect|p1a: Umbreon\n|-singleturn|p1a: Umbreon|Protect\n|move|p2a: Pawmot|Mach Punch|p1a: Umbreon\n|-activate|p1a: Umbreon|move: Protect\n|\n|-heal|p1a: Umbreon|73\/100 psn|[from] move: Wish|[wisher] Umbreon\n|-heal|p1a: Umbreon|79\/100 psn|[from] item: Leftovers\n|-damage|p1a: Umbreon|67\/100 psn|[from] psn\n|upkeep\n|turn|55\n|\n|t:|1699356890\n|move|p2a: Pawmot|Encore|p1a: Umbreon\n|-start|p1a: Umbreon|Encore\n|move|p1a: Umbreon|Protect||[still]\n|-fail|p1a: Umbreon\n|\n|-heal|p1a: Umbreon|73\/100 psn|[from] item: Leftovers\n|-damage|p1a: Umbreon|61\/100 psn|[from] psn\n|upkeep\n|turn|56\n|\n|t:|1699356913\n|switch|p2a: Dragapult|Dragapult, F|58\/100 tox\n|switch|p1a: Goodra|Goodra-Hisui, F|100\/100\n|-damage|p1a: Goodra|94\/100|[from] Stealth Rock\n|\n|-heal|p2a: Dragapult|64\/100 tox|[from] item: Leftovers\n|-heal|p1a: Goodra|100\/100|[from] item: Leftovers\n|-damage|p2a: Dragapult|58\/100 tox|[from] psn\n|upkeep\n|turn|57\n|\n|t:|1699356923\n|move|p1a: Goodra|Protect|p1a: Goodra\n|-singleturn|p1a: Goodra|Protect\n|move|p2a: Dragapult|U-turn|p1a: Goodra\n|-activate|p1a: Goodra|move: Protect\n|\n|-heal|p2a: Dragapult|64\/100 tox|[from] item: Leftovers\n|-damage|p2a: Dragapult|52\/100 tox|[from] psn\n|upkeep\n|turn|58\n|inactive|Pheonix11 has 90 seconds left.\n|c|\u2606Pheonix11|Still think the game is over, just hit I minor set back with that curse\n|\n|t:|1699356951\n|switch|p1a: Umbreon|Umbreon, F|61\/100 psn\n|-damage|p1a: Umbreon|48\/100 psn|[from] Stealth Rock\n|move|p2a: Dragapult|Thunder Wave||[still]\n|-fail|p2a: Dragapult\n|\n|-heal|p2a: Dragapult|58\/100 tox|[from] item: Leftovers\n|-heal|p1a: Umbreon|54\/100 psn|[from] item: Leftovers\n|-damage|p2a: Dragapult|40\/100 tox|[from] psn\n|-damage|p1a: Umbreon|42\/100 psn|[from] psn\n|upkeep\n|turn|59\n|inactive|Pheonix11 has 90 seconds left.\n|\n|t:|1699356959\n|move|p2a: Dragapult|U-turn|p1a: Umbreon\n|-supereffective|p1a: Umbreon\n|-damage|p1a: Umbreon|22\/100 psn\n|\n|t:|1699356965\n|switch|p2a: Piloswine|Piloswine, F|50\/100|[from] U-turn\n|move|p1a: Umbreon|Wish|p1a: Umbreon\n|\n|-heal|p1a: Umbreon|28\/100 psn|[from] item: Leftovers\n|-damage|p1a: Umbreon|15\/100 psn|[from] psn\n|upkeep\n|turn|60\n|inactive|Pheonix11 has 90 seconds left.\n|\n|t:|1699356982\n|switch|p1a: Arceus|Arceus|19\/100 psn\n|-damage|p1a: Arceus|7\/100 psn|[from] Stealth Rock\n|move|p2a: Piloswine|Icicle Spear|p1a: Arceus\n|-damage|p1a: Arceus|1\/100 psn\n|-damage|p1a: Arceus|0 fnt\n|faint|p1a: Arceus\n|-hitcount|p1: Arceus|2\n|\n|upkeep\n|inactive|Pheonix11 has 90 seconds left.\n|\n|t:|1699356998\n|switch|p1a: Toxapex|Toxapex, F, tera:Fairy|65\/100 par\n|-damage|p1a: Toxapex|53\/100 par|[from] Stealth Rock\n|turn|61\n|c|\u2606BrooklynSavage|Of course friend\n|c|\u2606BrooklynSavage|This was a great battle btw\n|inactive|BrooklynSavage has 120 seconds left.\n|\n|t:|1699357029\n|move|p2a: Piloswine|Icicle Spear|p1a: Toxapex\n|-damage|p1a: Toxapex|47\/100 par\n|-damage|p1a: Toxapex|39\/100 par\n|-damage|p1a: Toxapex|32\/100 par\n|-hitcount|p1a: Toxapex|3\n|cant|p1a: Toxapex|par\n|\n|-heal|p1a: Toxapex|39\/100 par|[from] item: Leftovers\n|upkeep\n|turn|62\n|c|\u2606BrooklynSavage|Respect\n|inactive|BrooklynSavage has 120 seconds left.\n|\n|t:|1699357040\n|move|p2a: Piloswine|Earthquake|p1a: Toxapex\n|-damage|p1a: Toxapex|14\/100 par\n|move|p1a: Toxapex|Recover|p1a: Toxapex\n|-heal|p1a: Toxapex|64\/100 par\n|\n|-heal|p1a: Toxapex|70\/100 par|[from] item: Leftovers\n|upkeep\n|turn|63\n|inactive|BrooklynSavage has 120 seconds left.\n|\n|t:|1699357060\n|move|p2a: Piloswine|Earthquake|p1a: Toxapex\n|-damage|p1a: Toxapex|42\/100 par\n|cant|p1a: Toxapex|par\n|\n|-heal|p1a: Toxapex|49\/100 par|[from] item: Leftovers\n|upkeep\n|turn|64\n|\n|t:|1699357066\n|move|p2a: Piloswine|Icicle Spear|p1a: Toxapex\n|-damage|p1a: Toxapex|42\/100 par\n|-damage|p1a: Toxapex|35\/100 par\n|-damage|p1a: Toxapex|28\/100 par\n|-damage|p1a: Toxapex|21\/100 par\n|-hitcount|p1a: Toxapex|4\n|move|p1a: Toxapex|Recover|p1a: Toxapex\n|-heal|p1a: Toxapex|71\/100 par\n|\n|-heal|p1a: Toxapex|77\/100 par|[from] item: Leftovers\n|upkeep\n|turn|65\n|\n|t:|1699357073\n|switch|p2a: Glimmora|Glimmora, M|100\/100\n|move|p1a: Toxapex|Toxic|p2a: Glimmora\n|-immune|p2a: Glimmora\n|\n|-heal|p1a: Toxapex|84\/100 par|[from] item: Leftovers\n|upkeep\n|turn|66\n|\n|t:|1699357085\n|switch|p1a: Goodra|Goodra-Hisui, F|100\/100\n|-damage|p1a: Goodra|94\/100|[from] Stealth Rock\n|move|p2a: Glimmora|Sludge Bomb|p1a: Goodra\n|-immune|p1a: Goodra\n|\n|-heal|p1a: Goodra|100\/100|[from] item: Leftovers\n|upkeep\n|turn|67\n|\n|t:|1699357096\n|move|p2a: Glimmora|Spiky Shield|p2a: Glimmora\n|-singleturn|p2a: Glimmora|move: Protect\n|move|p1a: Goodra|Acid Armor|p1a: Goodra\n|-boost|p1a: Goodra|def|2\n|\n|upkeep\n|turn|68\n|\n|t:|1699357101\n|switch|p2a: Pawmot|Pawmot, F|7\/100\n|move|p1a: Goodra|Water Pulse|p2a: Pawmot\n|-damage|p2a: Pawmot|0 fnt\n|faint|p2a: Pawmot\n|\n|upkeep\n|\n|t:|1699357113\n|switch|p2a: Dragapult|Dragapult, F|40\/100 tox\n|turn|69\n|\n|t:|1699357116\n|move|p1a: Goodra|Protect|p1a: Goodra\n|-singleturn|p1a: Goodra|Protect\n|move|p2a: Dragapult|Thunder Wave|p1a: Goodra\n|-activate|p1a: Goodra|move: Protect\n|\n|-heal|p2a: Dragapult|46\/100 tox|[from] item: Leftovers\n|-damage|p2a: Dragapult|40\/100 tox|[from] psn\n|upkeep\n|turn|70\n|\n|t:|1699357122\n|switch|p1a: Toxapex|Toxapex, F, tera:Fairy|100\/100 par\n|-damage|p1a: Toxapex|88\/100 par|[from] Stealth Rock\n|move|p2a: Dragapult|Thunder Wave|p1a: Toxapex\n|-fail|p1a: Toxapex|par\n|\n|-heal|p2a: Dragapult|46\/100 tox|[from] item: Leftovers\n|-heal|p1a: Toxapex|94\/100 par|[from] item: Leftovers\n|-damage|p2a: Dragapult|34\/100 tox|[from] psn\n|upkeep\n|turn|71\n|\n|t:|1699357137\n|switch|p2a: Glimmora|Glimmora, M|100\/100\n|cant|p1a: Toxapex|par\n|\n|-heal|p1a: Toxapex|100\/100 par|[from] item: Leftovers\n|upkeep\n|turn|72\n|\n|t:|1699357142\n|switch|p2a: Tyranitar|Tyranitar, M|50\/100\n|-weather|Sandstorm|[from] ability: Sand Stream|[of] p2a: Tyranitar\n|switch|p1a: Goodra|Goodra-Hisui, F|100\/100\n|-damage|p1a: Goodra|94\/100|[from] Stealth Rock\n|\n|-weather|Sandstorm|[upkeep]\n|-heal|p1a: Goodra|100\/100|[from] item: Leftovers\n|upkeep\n|turn|73\n|\n|t:|1699357150\n|move|p1a: Goodra|Protect|p1a: Goodra\n|-singleturn|p1a: Goodra|Protect\n|move|p2a: Tyranitar|Earthquake|p1a: Goodra\n|-activate|p1a: Goodra|move: Protect\n|\n|-weather|Sandstorm|[upkeep]\n|upkeep\n|turn|74\n|\n|t:|1699357167\n|move|p1a: Goodra|Acid Armor|p1a: Goodra\n|-boost|p1a: Goodra|def|2\n|move|p2a: Tyranitar|Earthquake|p1a: Goodra\n|-supereffective|p1a: Goodra\n|-damage|p1a: Goodra|64\/100\n|\n|-weather|Sandstorm|[upkeep]\n|-heal|p1a: Goodra|70\/100|[from] item: Leftovers\n|upkeep\n|turn|75\n|\n|t:|1699357173\n|move|p1a: Goodra|Acid Armor|p1a: Goodra\n|-boost|p1a: Goodra|def|2\n|move|p2a: Tyranitar|Earthquake|p1a: Goodra\n|-supereffective|p1a: Goodra\n|-damage|p1a: Goodra|46\/100\n|\n|-weather|Sandstorm|[upkeep]\n|-heal|p1a: Goodra|52\/100|[from] item: Leftovers\n|upkeep\n|turn|76\n|\n|t:|1699357178\n|move|p1a: Goodra|Acid Armor|p1a: Goodra\n|-boost|p1a: Goodra|def|2\n|move|p2a: Tyranitar|Earthquake|p1a: Goodra\n|-supereffective|p1a: Goodra\n|-damage|p1a: Goodra|33\/100\n|\n|-weather|none\n|-heal|p1a: Goodra|40\/100|[from] item: Leftovers\n|upkeep\n|turn|77\n|\n|t:|1699357185\n|move|p1a: Goodra|Protect|p1a: Goodra\n|-singleturn|p1a: Goodra|Protect\n|move|p2a: Tyranitar|Earthquake|p1a: Goodra\n|-activate|p1a: Goodra|move: Protect\n|\n|-heal|p1a: Goodra|46\/100|[from] item: Leftovers\n|upkeep\n|turn|78\n|\n|t:|1699357190\n|move|p1a: Goodra|Water Pulse|p2a: Tyranitar\n|-supereffective|p2a: Tyranitar\n|-damage|p2a: Tyranitar|25\/100\n|-enditem|p2a: Tyranitar|Weakness Policy\n|-boost|p2a: Tyranitar|atk|2|[from] item: Weakness Policy\n|-boost|p2a: Tyranitar|spa|2|[from] item: Weakness Policy\n|move|p2a: Tyranitar|Earthquake|p1a: Goodra\n|-supereffective|p1a: Goodra\n|-damage|p1a: Goodra|7\/100\n|\n|-heal|p1a: Goodra|13\/100|[from] item: Leftovers\n|upkeep\n|turn|79\n|\n|t:|1699357209\n|move|p1a: Goodra|Protect|p1a: Goodra\n|-singleturn|p1a: Goodra|Protect\n|move|p2a: Tyranitar|Earthquake|p1a: Goodra\n|-activate|p1a: Goodra|move: Protect\n|\n|-heal|p1a: Goodra|19\/100|[from] item: Leftovers\n|upkeep\n|turn|80\n|inactive|Pheonix11 has 120 seconds left.\n|\n|t:|1699357242\n|switch|p1a: Umbreon|Umbreon, F|15\/100 psn\n|-damage|p1a: Umbreon|3\/100 psn|[from] Stealth Rock\n|move|p2a: Tyranitar|Earthquake|p1a: Umbreon\n|-damage|p1a: Umbreon|0 fnt\n|faint|p1a: Umbreon\n|\n|upkeep\n|\n|t:|1699357248\n|switch|p1a: Toxapex|Toxapex, F, tera:Fairy|100\/100 par\n|-damage|p1a: Toxapex|88\/100 par|[from] Stealth Rock\n|turn|81\n|\n|t:|1699357256\n|move|p2a: Tyranitar|Rock Blast|p1a: Toxapex\n|-damage|p1a: Toxapex|68\/100 par\n|-damage|p1a: Toxapex|48\/100 par\n|-hitcount|p1a: Toxapex|2\n|move|p1a: Toxapex|Toxic|p2a: Tyranitar\n|-status|p2a: Tyranitar|tox\n|\n|-heal|p1a: Toxapex|54\/100 par|[from] item: Leftovers\n|-damage|p2a: Tyranitar|19\/100 tox|[from] psn\n|upkeep\n|turn|82\n|\n|t:|1699357267\n|cant|p1a: Toxapex|par\n|move|p2a: Tyranitar|Earthquake|p1a: Toxapex\n|-damage|p1a: Toxapex|3\/100 par\n|\n|-heal|p1a: Toxapex|10\/100 par|[from] item: Leftovers\n|-damage|p2a: Tyranitar|6\/100 tox|[from] psn\n|upkeep\n|turn|83\n|\n|t:|1699357279\n|switch|p1a: Goodra|Goodra-Hisui, F|19\/100\n|-damage|p1a: Goodra|13\/100|[from] Stealth Rock\n|move|p2a: Tyranitar|Earthquake|p1a: Goodra\n|-supereffective|p1a: Goodra\n|-damage|p1a: Goodra|0 fnt\n|faint|p1a: Goodra\n|\n|-damage|p2a: Tyranitar|0 fnt|[from] psn\n|faint|p2a: Tyranitar\n|upkeep\n|inactive|Pheonix11 has 120 seconds left.\n|c|\u2606BrooklynSavage|Our battle has been nothing short of legendary lol\n|inactive|BrooklynSavage has 120 seconds left.\n|c|\u2606Pheonix11|Lol\n|c|\u2606BrooklynSavage|You're a great adversary\n|\n|t:|1699357322\n|switch|p1a: Diancie|Diancie|75\/100\n|switch|p2a: Dragapult|Dragapult, F|34\/100 tox\n|-damage|p1a: Diancie|63\/100|[from] Stealth Rock\n|turn|84\n|inactive|Pheonix11 has 120 seconds left.\n|c|\u2606Pheonix11|That curse transfer really f'ed me\n|\n|t:|1699357342\n|switch|p2a: Glimmora|Glimmora, M|100\/100\n|move|p1a: Diancie|Protect||[still]\n|-fail|p1a: Diancie\n|\n|-heal|p1a: Diancie|69\/100|[from] item: Leftovers\n|upkeep\n|turn|85\n|inactive|Pheonix11 has 120 seconds left.\n|c|\u2606BrooklynSavage|Yea. Lol it was deliberate\n|\n|t:|1699357355\n|move|p2a: Glimmora|Mortal Spin|p1a: Diancie\n|-damage|p1a: Diancie|64\/100\n|-status|p1a: Diancie|psn\n|move|p1a: Diancie|Amnesia|p1a: Diancie\n|-boost|p1a: Diancie|spd|2\n|\n|-heal|p1a: Diancie|71\/100 psn|[from] item: Leftovers\n|-damage|p1a: Diancie|58\/100 psn|[from] psn\n|upkeep\n|turn|86\n|inactive|Pheonix11 has 120 seconds left.\n|\n|t:|1699357370\n|move|p2a: Glimmora|Sludge Bomb|p1a: Diancie\n|-damage|p1a: Diancie|42\/100 psn\n|move|p1a: Diancie|Iron Defense|p1a: Diancie\n|-boost|p1a: Diancie|def|2\n|\n|-heal|p1a: Diancie|48\/100 psn|[from] item: Leftovers\n|-damage|p1a: Diancie|36\/100 psn|[from] psn\n|upkeep\n|turn|87\n|inactive|Pheonix11 has 90 seconds left.\n|\n|t:|1699357403\n|switch|p2a: Dragapult|Dragapult, F|34\/100 tox\n|move|p1a: Diancie|Baton Pass|p1a: Diancie\n|\n|t:|1699357408\n|switch|p1a: Toxapex|Toxapex, F, tera:Fairy|43\/100 par|[from] Baton Pass\n|-damage|p1a: Toxapex|30\/100 par|[from] Stealth Rock\n|\n|-heal|p2a: Dragapult|40\/100 tox|[from] item: Leftovers\n|-heal|p1a: Toxapex|37\/100 par|[from] item: Leftovers\n|-damage|p2a: Dragapult|34\/100 tox|[from] psn\n|upkeep\n|turn|88\n|inactive|Pheonix11 has 90 seconds left.\n|\n|t:|1699357421\n|move|p2a: Dragapult|Hex|p1a: Toxapex\n|-damage|p1a: Toxapex|20\/100 par\n|move|p1a: Toxapex|Recover|p1a: Toxapex\n|-heal|p1a: Toxapex|70\/100 par\n|\n|-heal|p2a: Dragapult|40\/100 tox|[from] item: Leftovers\n|-heal|p1a: Toxapex|76\/100 par|[from] item: Leftovers\n|-damage|p2a: Dragapult|28\/100 tox|[from] psn\n|upkeep\n|turn|89\n|\n|t:|1699357431\n|move|p1a: Toxapex|Protect|p1a: Toxapex\n|-singleturn|p1a: Toxapex|Protect\n|move|p2a: Dragapult|Hex|p1a: Toxapex\n|-activate|p1a: Toxapex|move: Protect\n|\n|-heal|p2a: Dragapult|34\/100 tox|[from] item: Leftovers\n|-heal|p1a: Toxapex|82\/100 par|[from] item: Leftovers\n|-damage|p2a: Dragapult|16\/100 tox|[from] psn\n|upkeep\n|turn|90\n|\n|t:|1699357443\n|move|p2a: Dragapult|U-turn|p1a: Toxapex\n|-resisted|p1a: Toxapex\n|-damage|p1a: Toxapex|79\/100 par\n|\n|t:|1699357448\n|switch|p2a: Glimmora|Glimmora, M|100\/100|[from] U-turn\n|move|p1a: Toxapex|Recover|p1a: Toxapex\n|-heal|p1a: Toxapex|100\/100 par\n|\n|upkeep\n|turn|91\n|\n|t:|1699357459\n|cant|p1a: Toxapex|par\n|move|p2a: Glimmora|Sludge Bomb|p1a: Toxapex\n|-supereffective|p1a: Toxapex\n|-damage|p1a: Toxapex|65\/100 par\n|\n|-heal|p1a: Toxapex|71\/100 par|[from] item: Leftovers\n|upkeep\n|turn|92\n|\n|t:|1699357477\n|cant|p1a: Toxapex|par\n|move|p2a: Glimmora|Sludge Bomb|p1a: Toxapex\n|-supereffective|p1a: Toxapex\n|-damage|p1a: Toxapex|36\/100 par\n|\n|-heal|p1a: Toxapex|42\/100 par|[from] item: Leftovers\n|upkeep\n|turn|93\n|\n|t:|1699357488\n|cant|p1a: Toxapex|par\n|move|p2a: Glimmora|Sludge Bomb|p1a: Toxapex\n|-supereffective|p1a: Toxapex\n|-damage|p1a: Toxapex|8\/100 par\n|\n|-heal|p1a: Toxapex|15\/100 par|[from] item: Leftovers\n|upkeep\n|turn|94\n|inactive|Pheonix11 has 60 seconds left.\n|c|\u2606BrooklynSavage|Great game my friend\n|\n|t:|1699357523\n|switch|p1a: Diancie|Diancie|36\/100 psn\n|-damage|p1a: Diancie|23\/100 psn|[from] Stealth Rock\n|move|p2a: Glimmora|Sludge Bomb|p1a: Diancie\n|-damage|p1a: Diancie|0 fnt\n|faint|p1a: Diancie\n|\n|upkeep\n|\n|t:|1699357530\n|switch|p1a: Toxapex|Toxapex, F, tera:Fairy|48\/100 par\n|-damage|p1a: Toxapex|35\/100 par|[from] Stealth Rock\n|turn|95\n|c|\u2606BrooklynSavage|95+ turns is crazy lol\n|\n|t:|1699357547\n|cant|p1a: Toxapex|par\n|move|p2a: Glimmora|Sludge Bomb|p1a: Toxapex\n|-supereffective|p1a: Toxapex\n|-damage|p1a: Toxapex|0 fnt\n|faint|p1a: Toxapex\n|\n|win|BrooklynSavage\n|raw|Pheonix11's rating: 1236 &rarr; <strong>1216<\/strong><br \/>(-20 for losing)\n|raw|BrooklynSavage's rating: 1300 &rarr; <strong>1320<\/strong><br \/>(+20 for winning)\n","uploadtime":1699357557,"views":4,"p1id":"pheonix11","p2id":"brooklynsavage","formatid":"gen9anythinggoes","rating":1216,"private":0,"password":""}