{"id":"gen9anythinggoes-1972810120","p1":"mauriciopateacaras","p2":"Unknowunown","format":"[Gen 9] Anything Goes","log":"|j|\u2606mauriciopateacaras\n|j|\u2606Unknowunown\n|t:|1697897849\n|gametype|singles\n|player|p1|mauriciopateacaras|allister|1298\n|player|p2|Unknowunown|265|1259\n|teamsize|p1|6\n|teamsize|p2|6\n|gen|9\n|tier|[Gen 9] Anything Goes\n|rated|\n|rule|HP Percentage Mod: HP is shown in percentages\n|rule|Endless Battle Clause: Forcing endless battles is banned\n|clearpoke\n|poke|p1|Vespiquen, F|\n|poke|p1|Spidops, M|\n|poke|p1|Masquerain, F|\n|poke|p1|Lokix, M|\n|poke|p1|Volcarona, F|\n|poke|p1|Ariados, F|\n|poke|p2|Zangoose, F|\n|poke|p2|Garganacl, M|\n|poke|p2|Dragapult, M|\n|poke|p2|Toxapex, M|\n|poke|p2|Ursaluna-Bloodmoon, M|\n|poke|p2|Lurantis, M|\n|teampreview\n|\n|t:|1697897856\n|start\n|switch|p1a: Spidops|Spidops, M|100\/100\n|switch|p2a: Garganacl|Garganacl, M|100\/100\n|turn|1\n|\n|t:|1697897863\n|move|p2a: Garganacl|Iron Defense|p2a: Garganacl\n|-boost|p2a: Garganacl|def|2\n|move|p1a: Spidops|Sticky Web|p2a: Garganacl\n|-sidestart|p2: Unknowunown|move: Sticky Web\n|\n|upkeep\n|turn|2\n|\n|t:|1697897867\n|move|p2a: Garganacl|Salt Cure|p1a: Spidops\n|-supereffective|p1a: Spidops\n|-damage|p1a: Spidops|74\/100\n|-start|p1a: Spidops|Salt Cure\n|move|p1a: Spidops|Circle Throw|p2a: Garganacl\n|-supereffective|p2a: Garganacl\n|-damage|p2a: Garganacl|93\/100\n|drag|p2a: Lurantis|Lurantis, M, shiny|100\/100\n|-activate|p2a: Lurantis|move: Sticky Web\n|-boost|p2a: Lurantis|spe|1\n|\n|-heal|p1a: Spidops|81\/100|[from] item: Leftovers\n|-damage|p1a: Spidops|68\/100|[from] Salt Cure\n|upkeep\n|turn|3\n|\n|t:|1697897874\n|move|p2a: Lurantis|Knock Off|p1a: Spidops\n|-damage|p1a: Spidops|30\/100\n|-enditem|p1a: Spidops|Leftovers|[from] move: Knock Off|[of] p2a: Lurantis\n|-damage|p2a: Lurantis|91\/100|[from] item: Life Orb\n|move|p1a: Spidops|Counter|p2a: Lurantis\n|-damage|p2a: Lurantis|20\/100\n|\n|-damage|p1a: Spidops|18\/100|[from] Salt Cure\n|upkeep\n|turn|4\n|\n|t:|1697897884\n|move|p2a: Lurantis|Knock Off|p1a: Spidops\n|-damage|p1a: Spidops|0 fnt\n|faint|p1a: Spidops\n|-damage|p2a: Lurantis|10\/100|[from] item: Life Orb\n|\n|upkeep\n|\n|t:|1697897887\n|switch|p1a: Lokix|Lokix, M|100\/100\n|turn|5\n|\n|t:|1697897889\n|move|p1a: Lokix|First Impression|p2a: Lurantis\n|-supereffective|p2a: Lurantis\n|-damage|p2a: Lurantis|0 fnt\n|faint|p2a: Lurantis\n|-damage|p1a: Lokix|91\/100|[from] item: Life Orb\n|\n|upkeep\n|\n|t:|1697897892\n|switch|p2a: Garganacl|Garganacl, M|93\/100\n|-activate|p2a: Garganacl|move: Sticky Web\n|-unboost|p2a: Garganacl|spe|1\n|turn|6\n|\n|t:|1697897906\n|move|p1a: Lokix|U-turn|p2a: Garganacl\n|-damage|p2a: Garganacl|65\/100\n|-damage|p1a: Lokix|81\/100|[from] item: Life Orb\n|\n|t:|1697897917\n|switch|p1a: Ariados|Ariados, F|100\/100|[from] U-turn\n|move|p2a: Garganacl|Iron Defense|p2a: Garganacl\n|-boost|p2a: Garganacl|def|2\n|\n|-heal|p2a: Garganacl|71\/100|[from] item: Leftovers\n|upkeep\n|turn|7\n|\n|t:|1697897924\n|move|p1a: Ariados|Swords Dance|p1a: Ariados\n|-boost|p1a: Ariados|atk|2\n|move|p2a: Garganacl|Iron Defense|p2a: Garganacl\n|-boost|p2a: Garganacl|def|2\n|\n|-heal|p2a: Garganacl|77\/100|[from] item: Leftovers\n|upkeep\n|turn|8\n|\n|t:|1697897941\n|move|p1a: Ariados|Baton Pass|p1a: Ariados\n|\n|t:|1697897949\n|switch|p1a: Masquerain|Masquerain, F|100\/100|[from] Baton Pass\n|-ability|p1a: Masquerain|Intimidate|boost\n|-unboost|p2a: Garganacl|atk|1\n|move|p2a: Garganacl|Salt Cure|p1a: Masquerain\n|-supereffective|p1a: Masquerain\n|-damage|p1a: Masquerain|32\/100\n|-start|p1a: Masquerain|Salt Cure\n|\n|-heal|p2a: Garganacl|84\/100|[from] item: Leftovers\n|-damage|p1a: Masquerain|20\/100|[from] Salt Cure\n|upkeep\n|turn|9\n|\n|t:|1697897957\n|-terastallize|p1a: Masquerain|Ground\n|move|p1a: Masquerain|Tera Blast|p2a: Garganacl|[anim] Tera Blast Ground\n|-supereffective|p2a: Garganacl\n|-damage|p2a: Garganacl|20\/100\n|move|p2a: Garganacl|Iron Defense|p2a: Garganacl\n|-boost|p2a: Garganacl|def|2\n|\n|-heal|p2a: Garganacl|26\/100|[from] item: Leftovers\n|-damage|p1a: Masquerain|8\/100|[from] Salt Cure\n|upkeep\n|turn|10\n|\n|t:|1697897963\n|move|p1a: Masquerain|Tera Blast|p2a: Garganacl|[anim] Tera Blast Ground\n|-supereffective|p2a: Garganacl\n|-damage|p2a: Garganacl|0 fnt\n|faint|p2a: Garganacl\n|\n|-damage|p1a: Masquerain|0 fnt|[from] Salt Cure\n|faint|p1a: Masquerain\n|upkeep\n|\n|t:|1697897974\n|switch|p1a: Ariados|Ariados, F|100\/100\n|switch|p2a: Toxapex|Toxapex, M|100\/100\n|-activate|p2a: Toxapex|move: Sticky Web\n|-unboost|p2a: Toxapex|spe|1\n|turn|11\n|\n|t:|1697897980\n|move|p1a: Ariados|Swords Dance|p1a: Ariados\n|-boost|p1a: Ariados|atk|2\n|move|p2a: Toxapex|Liquidation|p1a: Ariados\n|-damage|p1a: Ariados|78\/100\n|\n|upkeep\n|turn|12\n|\n|t:|1697897986\n|move|p1a: Ariados|Swords Dance|p1a: Ariados\n|-boost|p1a: Ariados|atk|2\n|move|p2a: Toxapex|Liquidation|p1a: Ariados\n|-damage|p1a: Ariados|54\/100\n|\n|upkeep\n|turn|13\n|\n|t:|1697897991\n|move|p1a: Ariados|Agility|p1a: Ariados\n|-boost|p1a: Ariados|spe|2\n|move|p2a: Toxapex|Liquidation|p1a: Ariados\n|-damage|p1a: Ariados|31\/100\n|\n|upkeep\n|turn|14\n|\n|t:|1697897998\n|move|p1a: Ariados|Rest|p1a: Ariados\n|-status|p1a: Ariados|slp|[from] move: Rest\n|-heal|p1a: Ariados|100\/100 slp|[silent]\n|-enditem|p1a: Ariados|Chesto Berry|[eat]\n|-curestatus|p1a: Ariados|slp|[msg]\n|move|p2a: Toxapex|Liquidation|p1a: Ariados\n|-damage|p1a: Ariados|76\/100\n|\n|upkeep\n|turn|15\n|\n|t:|1697898006\n|move|p1a: Ariados|Swords Dance|p1a: Ariados\n|-boost|p1a: Ariados|atk|2\n|move|p2a: Toxapex|Liquidation|p1a: Ariados\n|-crit|p1a: Ariados\n|-damage|p1a: Ariados|39\/100\n|\n|upkeep\n|turn|16\n|\n|t:|1697898012\n|move|p1a: Ariados|Baton Pass|p1a: Ariados\n|\n|t:|1697898013\n|switch|p1a: Lokix|Lokix, M|81\/100|[from] Baton Pass\n|move|p2a: Toxapex|Liquidation|p1a: Lokix\n|-damage|p1a: Lokix|52\/100\n|\n|upkeep\n|turn|17\n|\n|t:|1697898021\n|move|p2a: Toxapex|Baneful Bunker|p2a: Toxapex\n|-singleturn|p2a: Toxapex|move: Protect\n|move|p1a: Lokix|Leech Life|p2a: Toxapex\n|-activate|p2a: Toxapex|move: Protect\n|-status|p1a: Lokix|psn\n|\n|-damage|p1a: Lokix|40\/100 psn|[from] psn\n|upkeep\n|turn|18\n|\n|t:|1697898031\n|move|p1a: Lokix|Leech Life|p2a: Toxapex\n|-resisted|p2a: Toxapex\n|-damage|p2a: Toxapex|0 fnt\n|-heal|p1a: Lokix|82\/100 psn|[from] drain|[of] p2a: Toxapex\n|faint|p2a: Toxapex\n|-damage|p1a: Lokix|73\/100 psn|[from] item: Life Orb\n|\n|-damage|p1a: Lokix|60\/100 psn|[from] psn\n|upkeep\n|\n|t:|1697898040\n|switch|p2a: Dragapult|Dragapult, M|100\/100\n|-activate|p2a: Dragapult|move: Sticky Web\n|-unboost|p2a: Dragapult|spe|1\n|turn|19\n|\n|t:|1697898049\n|move|p1a: Lokix|Leech Life|p2a: Dragapult\n|-resisted|p2a: Dragapult\n|-damage|p2a: Dragapult|0 fnt\n|-heal|p1a: Lokix|100\/100 psn|[from] drain|[of] p2a: Dragapult\n|faint|p2a: Dragapult\n|-damage|p1a: Lokix|91\/100 psn|[from] item: Life Orb\n|\n|-damage|p1a: Lokix|78\/100 psn|[from] psn\n|upkeep\n|\n|t:|1697898055\n|switch|p2a: Ursaluna|Ursaluna-Bloodmoon, M|100\/100\n|-activate|p2a: Ursaluna|move: Sticky Web\n|-unboost|p2a: Ursaluna|spe|1\n|turn|20\n|\n|t:|1697898060\n|-terastallize|p2a: Ursaluna|Steel\n|move|p1a: Lokix|Leech Life|p2a: Ursaluna\n|-resisted|p2a: Ursaluna\n|-damage|p2a: Ursaluna|0 fnt\n|-heal|p1a: Lokix|100\/100 psn|[from] drain|[of] p2a: Ursaluna\n|faint|p2a: Ursaluna\n|-damage|p1a: Lokix|91\/100 psn|[from] item: Life Orb\n|\n|-damage|p1a: Lokix|78\/100 psn|[from] psn\n|upkeep\n|\n|t:|1697898065\n|switch|p2a: Zangoose|Zangoose, F, shiny|100\/100\n|-activate|p2a: Zangoose|move: Sticky Web\n|-unboost|p2a: Zangoose|spe|1\n|turn|21\n|\n|t:|1697898073\n|move|p2a: Zangoose|Quick Attack|p1a: Lokix\n|-damage|p1a: Lokix|49\/100 psn\n|move|p1a: Lokix|Leech Life|p2a: Zangoose\n|-damage|p2a: Zangoose|0 fnt\n|-heal|p1a: Lokix|99\/100 psn|[from] drain|[of] p2a: Zangoose\n|faint|p2a: Zangoose\n|-damage|p1a: Lokix|90\/100 psn|[from] item: Life Orb\n|\n|win|mauriciopateacaras\n|raw|mauriciopateacaras's rating: 1298 &rarr; <strong>1320<\/strong><br \/>(+22 for winning)\n|raw|Unknowunown's rating: 1259 &rarr; <strong>1237<\/strong><br \/>(-22 for losing)\n|l|\u2606Unknowunown\n","uploadtime":1697898086,"views":12,"p1id":"mauriciopateacaras","p2id":"unknowunown","formatid":"gen9anythinggoes","rating":1237,"private":0,"password":""}