{"id":"gen9anythinggoes-1990184130","p1":"milesforhire","p2":"fufyyyf","format":"[Gen 9] Anything Goes","log":"|j|\u2606milesforhire\n|j|\u2606fufyyyf\n|t:|1699934196\n|gametype|singles\n|player|p1|milesforhire|rosa-masters2|1220\n|player|p2|fufyyyf|2|1203\n|teamsize|p1|6\n|teamsize|p2|6\n|gen|9\n|tier|[Gen 9] Anything Goes\n|rated|\n|rule|HP Percentage Mod: HP is shown in percentages\n|rule|Endless Battle Clause: Forcing endless battles is banned\n|clearpoke\n|poke|p1|Gothitelle, F|\n|poke|p1|Skeledirge, M|\n|poke|p1|Froslass, F|\n|poke|p1|Iron Valiant|\n|poke|p1|Miraidon|\n|poke|p1|Alomomola, F|\n|poke|p2|Calyrex-Shadow|\n|poke|p2|Moltres|\n|poke|p2|Kyogre|\n|poke|p2|Zapdos|\n|poke|p2|Mew|\n|poke|p2|Dragonite, F|\n|teampreview\n|\n|t:|1699934210\n|start\n|switch|p1a: Tomie|Froslass, F, shiny|100\/100\n|switch|p2a: Squirtle|Kyogre|100\/100\n|-weather|RainDance|[from] ability: Drizzle|[of] p2a: Squirtle\n|turn|1\n|\n|t:|1699934217\n|move|p1a: Tomie|Thunder Wave|p2a: Squirtle\n|-status|p2a: Squirtle|par\n|move|p2a: Squirtle|Origin Pulse|p1a: Tomie\n|-enditem|p1a: Tomie|Focus Sash\n|-damage|p1a: Tomie|1\/100\n|\n|-weather|RainDance|[upkeep]\n|upkeep\n|turn|2\n|\n|t:|1699934228\n|move|p1a: Tomie|Destiny Bond|p1a: Tomie\n|-singlemove|p1a: Tomie|Destiny Bond\n|move|p2a: Squirtle|Thunder|p1a: Tomie\n|-damage|p1a: Tomie|0 fnt\n|-start|p2a: Squirtle|Disable|Thunder|[from] ability: Cursed Body|[of] p1a: Tomie\n|faint|p1a: Tomie\n|-activate|p1a: Tomie|move: Destiny Bond\n|faint|p2a: Squirtle\n|\n|-weather|RainDance|[upkeep]\n|upkeep\n|c|\u2606fufyyyf|nice\n|\n|t:|1699934240\n|switch|p1a: Eros|Alomomola, F, shiny|100\/100\n|switch|p2a: Pikachu|Zapdos|100\/100\n|turn|3\n|\n|t:|1699934246\n|move|p1a: Eros|Protect|p1a: Eros\n|-singleturn|p1a: Eros|Protect\n|move|p2a: Pikachu|Thunder|p1a: Eros\n|-activate|p1a: Eros|move: Protect\n|\n|-weather|RainDance|[upkeep]\n|upkeep\n|turn|4\n|\n|t:|1699934253\n|switch|p1a: Downshift|Miraidon|100\/100\n|-fieldstart|move: Electric Terrain|[from] ability: Hadron Engine|[of] p1a: Downshift\n|move|p2a: Pikachu|Thunder|p1a: Downshift\n|-resisted|p1a: Downshift\n|-damage|p1a: Downshift|91\/100\n|\n|-weather|RainDance|[upkeep]\n|upkeep\n|turn|5\n|\n|t:|1699934263\n|move|p1a: Downshift|Draco Meteor|p2a: Pikachu\n|-damage|p2a: Pikachu|1\/100\n|-unboost|p1a: Downshift|spa|2\n|-enditem|p2a: Pikachu|Mago Berry|[eat]\n|-heal|p2a: Pikachu|34\/100|[from] item: Mago Berry\n|move|p2a: Pikachu|Thunder Wave|p1a: Downshift\n|-immune|p1a: Downshift\n|\n|-weather|none\n|upkeep\n|turn|6\n|\n|t:|1699934273\n|move|p1a: Downshift|Draco Meteor|p2a: Pikachu\n|-damage|p2a: Pikachu|0 fnt\n|-unboost|p1a: Downshift|spa|2\n|faint|p2a: Pikachu\n|\n|upkeep\n|\n|t:|1699934278\n|switch|p2a: Bulbasor|Dragonite, F|100\/100\n|turn|7\n|\n|t:|1699934283\n|switch|p1a: Knight|Iron Valiant, shiny|100\/100\n|-activate|p1a: Knight|ability: Quark Drive\n|-start|p1a: Knight|quarkdrivespe\n|move|p2a: Bulbasor|Outrage|p1a: Knight\n|-immune|p1a: Knight\n|\n|upkeep\n|turn|8\n|\n|t:|1699934293\n|switch|p2a: Jigglypuff|Mew|100\/100\n|move|p1a: Knight|Moonblast|p2a: Jigglypuff\n|-damage|p2a: Jigglypuff|50\/100\n|-damage|p1a: Knight|91\/100|[from] item: Life Orb\n|\n|-fieldend|move: Electric Terrain\n|-end|p1a: Knight|Quark Drive\n|upkeep\n|turn|9\n|\n|t:|1699934301\n|move|p1a: Knight|Knock Off|p2a: Jigglypuff\n|-supereffective|p2a: Jigglypuff\n|-damage|p2a: Jigglypuff|0 fnt\n|-enditem|p2a: Jigglypuff|Mago Berry|[from] move: Knock Off|[of] p1a: Knight\n|faint|p2a: Jigglypuff\n|-damage|p1a: Knight|81\/100|[from] item: Life Orb\n|\n|upkeep\n|\n|t:|1699934309\n|switch|p2a: Charmander|Moltres|100\/100\n|turn|10\n|\n|t:|1699934313\n|move|p1a: Knight|Thunderbolt|p2a: Charmander\n|-supereffective|p2a: Charmander\n|-damage|p2a: Charmander|11\/100\n|-status|p2a: Charmander|par\n|-enditem|p2a: Charmander|Mago Berry|[eat]\n|-heal|p2a: Charmander|45\/100 par|[from] item: Mago Berry\n|-damage|p1a: Knight|71\/100|[from] item: Life Orb\n|cant|p2a: Charmander|par\n|\n|upkeep\n|turn|11\n|\n|t:|1699934322\n|move|p1a: Knight|Thunderbolt|p2a: Charmander\n|-supereffective|p2a: Charmander\n|-crit|p2a: Charmander\n|-damage|p2a: Charmander|0 fnt\n|faint|p2a: Charmander\n|-damage|p1a: Knight|62\/100|[from] item: Life Orb\n|\n|upkeep\n|\n|t:|1699934329\n|switch|p2a: Bulbasor|Dragonite, F|100\/100\n|turn|12\n|\n|t:|1699934333\n|move|p2a: Bulbasor|Extreme Speed|p1a: Knight\n|-damage|p1a: Knight|25\/100\n|move|p1a: Knight|Moonblast|p2a: Bulbasor\n|-supereffective|p2a: Bulbasor\n|-damage|p2a: Bulbasor|43\/100\n|-damage|p1a: Knight|15\/100|[from] item: Life Orb\n|\n|upkeep\n|turn|13\n|\n|t:|1699934348\n|-end|p1a: Knight|Quark Drive|[silent]\n|switch|p1a: Downshift|Miraidon|91\/100\n|-fieldstart|move: Electric Terrain|[from] ability: Hadron Engine|[of] p1a: Downshift\n|move|p2a: Bulbasor|Extreme Speed|p1a: Downshift\n|-damage|p1a: Downshift|63\/100\n|\n|upkeep\n|turn|14\n|\n|t:|1699934355\n|move|p1a: Downshift|Volt Switch|p2a: Bulbasor\n|-damage|p2a: Bulbasor|0 fnt\n|faint|p2a: Bulbasor\n|\n|t:|1699934360\n|switch|p1a: Knight|Iron Valiant, shiny|15\/100|[from] Volt Switch\n|-activate|p1a: Knight|ability: Quark Drive\n|-start|p1a: Knight|quarkdrivespe\n|\n|upkeep\n|\n|t:|1699934364\n|switch|p2a: Horsea|Calyrex-Shadow|100\/100\n|-ability|p2a: Horsea|As One\n|-ability|p2a: Horsea|Unnerve\n|turn|15\n|\n|t:|1699934372\n|move|p1a: Knight|Moonblast|p2a: Horsea\n|-damage|p2a: Horsea|46\/100\n|-damage|p1a: Knight|6\/100|[from] item: Life Orb\n|move|p2a: Horsea|Pollen Puff|p1a: Knight\n|-resisted|p1a: Knight\n|-damage|p1a: Knight|0 fnt\n|faint|p1a: Knight\n|-end|p1a: Knight|Quark Drive|[silent]\n|-ability|p2a: Horsea|Grim Neigh|boost\n|-boost|p2a: Horsea|spa|1\n|\n|upkeep\n|\n|t:|1699934382\n|switch|p1a: Downshift|Miraidon|63\/100\n|-activate|p1a: Downshift|ability: Hadron Engine\n|turn|16\n|\n|t:|1699934387\n|move|p1a: Downshift|Electro Drift|p2a: Horsea\n|-damage|p2a: Horsea|0 fnt\n|faint|p2a: Horsea\n|\n|win|milesforhire\n|raw|milesforhire's rating: 1220 &rarr; <strong>1244<\/strong><br \/>(+24 for winning)\n|raw|fufyyyf's rating: 1203 &rarr; <strong>1179<\/strong><br \/>(-24 for losing)\n|c|\u2606milesforhire|gg\n|l|\u2606fufyyyf\n","uploadtime":1699934400,"views":7,"p1id":"milesforhire","p2id":"fufyyyf","formatid":"gen9anythinggoes","rating":1179,"private":0,"password":""}