{"id":"gen9anythinggoes-1978343990","p1":"LingLing007","p2":"terra990","format":"[Gen 9] Anything Goes","log":"|j|\u2606LingLing007\n|j|\u2606terra990\n|t:|1698527420\n|gametype|singles\n|player|p1|LingLing007|proton|1405\n|player|p2|terra990|nate|1338\n|teamsize|p1|6\n|teamsize|p2|6\n|gen|9\n|tier|[Gen 9] Anything Goes\n|rated|\n|rule|HP Percentage Mod: HP is shown in percentages\n|rule|Endless Battle Clause: Forcing endless battles is banned\n|clearpoke\n|poke|p1|Roaring Moon|\n|poke|p1|Toxapex, F|\n|poke|p1|Zoroark-Hisui, M|\n|poke|p1|Polteageist-Antique|\n|poke|p1|Great Tusk|\n|poke|p1|Ninetales-Alola, F|\n|poke|p2|Ogerpon-Cornerstone, F|\n|poke|p2|Miraidon|\n|poke|p2|Zacian-*|\n|poke|p2|Chi-Yu|\n|poke|p2|Iron Valiant|\n|poke|p2|Baxcalibur, F|\n|teampreview\n|inactive|Battle timer is ON: inactive players will automatically lose when time's up. (requested by LingLing007)\n|\n|t:|1698527436\n|start\n|switch|p1a: Ninetales|Ninetales-Alola, F, shiny|100\/100\n|switch|p2a: Chi-Yu|Chi-Yu|100\/100\n|-weather|Snow|[from] ability: Snow Warning|[of] p1a: Ninetales\n|-ability|p2a: Chi-Yu|Beads of Ruin\n|turn|1\n|\n|t:|1698527446\n|move|p1a: Ninetales|Aurora Veil|p1a: Ninetales\n|-sidestart|p1: LingLing007|move: Aurora Veil\n|move|p2a: Chi-Yu|Lava Plume|p1a: Ninetales\n|-supereffective|p1a: Ninetales\n|-damage|p1a: Ninetales|42\/100\n|\n|-weather|Snow|[upkeep]\n|upkeep\n|turn|2\n|\n|t:|1698527451\n|switch|p1a: Roaring Moon|Roaring Moon|100\/100\n|-enditem|p1a: Roaring Moon|Booster Energy\n|-activate|p1a: Roaring Moon|ability: Protosynthesis|[fromitem]\n|-start|p1a: Roaring Moon|protosynthesisspe\n|move|p2a: Chi-Yu|Lava Plume|p1a: Roaring Moon\n|-resisted|p1a: Roaring Moon\n|-damage|p1a: Roaring Moon|87\/100\n|\n|-weather|Snow|[upkeep]\n|upkeep\n|turn|3\n|\n|t:|1698527460\n|move|p1a: Roaring Moon|Dragon Dance|p1a: Roaring Moon\n|-boost|p1a: Roaring Moon|atk|1\n|-boost|p1a: Roaring Moon|spe|1\n|move|p2a: Chi-Yu|Dark Pulse|p1a: Roaring Moon\n|-resisted|p1a: Roaring Moon\n|-damage|p1a: Roaring Moon|74\/100\n|\n|-weather|Snow|[upkeep]\n|upkeep\n|turn|4\n|\n|t:|1698527473\n|move|p1a: Roaring Moon|Earthquake|p2a: Chi-Yu\n|-supereffective|p2a: Chi-Yu\n|-damage|p2a: Chi-Yu|0 fnt\n|faint|p2a: Chi-Yu\n|\n|-weather|Snow|[upkeep]\n|upkeep\n|\n|t:|1698527479\n|switch|p2a: Ogerpon|Ogerpon-Cornerstone, F|100\/100\n|turn|5\n|\n|t:|1698527487\n|move|p1a: Roaring Moon|Earthquake|p2a: Ogerpon\n|-damage|p2a: Ogerpon|36\/100\n|move|p2a: Ogerpon|Ivy Cudgel|p1a: Roaring Moon\n|-damage|p1a: Roaring Moon|36\/100\n|\n|-weather|none\n|upkeep\n|turn|6\n|\n|t:|1698527494\n|move|p1a: Roaring Moon|Earthquake|p2a: Ogerpon\n|-damage|p2a: Ogerpon|0 fnt\n|faint|p2a: Ogerpon\n|\n|upkeep\n|\n|t:|1698527499\n|switch|p2a: Zacian|Zacian-Crowned|100\/100\n|-ability|p2a: Zacian|Intrepid Sword|boost\n|-boost|p2a: Zacian|atk|1\n|turn|7\n|\n|t:|1698527503\n|move|p1a: Roaring Moon|Earthquake|p2a: Zacian\n|-supereffective|p2a: Zacian\n|-damage|p2a: Zacian|0 fnt\n|faint|p2a: Zacian\n|\n|upkeep\n|\n|t:|1698527511\n|switch|p2a: Iron Valiant|Iron Valiant|100\/100\n|-enditem|p2a: Iron Valiant|Booster Energy\n|-activate|p2a: Iron Valiant|ability: Quark Drive|[fromitem]\n|-start|p2a: Iron Valiant|quarkdrivespe\n|turn|8\n|\n|t:|1698527520\n|move|p1a: Roaring Moon|Acrobatics|p2a: Iron Valiant\n|-supereffective|p2a: Iron Valiant\n|-crit|p2a: Iron Valiant\n|-damage|p2a: Iron Valiant|0 fnt\n|faint|p2a: Iron Valiant\n|-end|p2a: Iron Valiant|Quark Drive|[silent]\n|\n|-sideend|p1: LingLing007|move: Aurora Veil\n|upkeep\n|\n|t:|1698527527\n|switch|p2a: Miraidon|Miraidon|100\/100\n|-fieldstart|move: Electric Terrain|[from] ability: Hadron Engine|[of] p2a: Miraidon\n|turn|9\n|\n|t:|1698527534\n|-terastallize|p2a: Miraidon|Fairy\n|move|p1a: Roaring Moon|Earthquake|p2a: Miraidon\n|-damage|p2a: Miraidon|49\/100\n|move|p2a: Miraidon|Electro Drift|p1a: Roaring Moon\n|-resisted|p1a: Roaring Moon\n|-damage|p1a: Roaring Moon|0 fnt\n|faint|p1a: Roaring Moon\n|-end|p1a: Roaring Moon|Protosynthesis|[silent]\n|\n|upkeep\n|\n|t:|1698527538\n|switch|p1a: Ninetales|Ninetales-Alola, F, shiny|42\/100\n|-weather|Snow|[from] ability: Snow Warning|[of] p1a: Ninetales\n|turn|10\n|\n|t:|1698527547\n|move|p2a: Miraidon|Flash Cannon|p1a: Ninetales\n|-supereffective|p1a: Ninetales\n|-damage|p1a: Ninetales|0 fnt\n|faint|p1a: Ninetales\n|\n|-weather|Snow|[upkeep]\n|upkeep\n|\n|t:|1698527557\n|switch|p1a: Great Tusk|Great Tusk|100\/100\n|turn|11\n|\n|t:|1698527568\n|move|p2a: Miraidon|Dragon Pulse|p1a: Great Tusk\n|-enditem|p1a: Great Tusk|Focus Sash\n|-damage|p1a: Great Tusk|1\/100\n|replace|p1a: Zoroark|Zoroark-Hisui, M, shiny\n|-end|p1a: Zoroark|Illusion\n|move|p1a: Zoroark|Hyper Voice|p2a: Miraidon\n|-crit|p2a: Miraidon\n|-damage|p2a: Miraidon|0 fnt\n|faint|p2a: Miraidon\n|\n|-weather|Snow|[upkeep]\n|upkeep\n|\n|t:|1698527578\n|switch|p2a: Baxcalibur|Baxcalibur, F|100\/100\n|turn|12\n|\n|t:|1698527584\n|move|p1a: Zoroark|Hyper Voice|p2a: Baxcalibur\n|-damage|p2a: Baxcalibur|56\/100\n|move|p2a: Baxcalibur|Dragon Dance|p2a: Baxcalibur\n|-boost|p2a: Baxcalibur|atk|1\n|-boost|p2a: Baxcalibur|spe|1\n|\n|-weather|Snow|[upkeep]\n|upkeep\n|turn|13\n|\n|t:|1698527598\n|move|p2a: Baxcalibur|Icicle Spear|p1a: Zoroark\n|-damage|p1a: Zoroark|0 fnt\n|faint|p1a: Zoroark\n|-hitcount|p1: Zoroark|1\n|\n|-weather|Snow|[upkeep]\n|-fieldend|move: Electric Terrain\n|upkeep\n|\n|t:|1698527601\n|switch|p1a: Great Tusk|Great Tusk|100\/100\n|turn|14\n|\n|t:|1698527608\n|-terastallize|p1a: Great Tusk|Ice\n|move|p2a: Baxcalibur|Icicle Spear|p1a: Great Tusk\n|-resisted|p1a: Great Tusk\n|-damage|p1a: Great Tusk|96\/100\n|-resisted|p1a: Great Tusk\n|-damage|p1a: Great Tusk|92\/100\n|-resisted|p1a: Great Tusk\n|-crit|p1a: Great Tusk\n|-damage|p1a: Great Tusk|85\/100\n|-resisted|p1a: Great Tusk\n|-damage|p1a: Great Tusk|80\/100\n|-resisted|p1a: Great Tusk\n|-crit|p1a: Great Tusk\n|-damage|p1a: Great Tusk|74\/100\n|-hitcount|p1a: Great Tusk|5\n|move|p1a: Great Tusk|Knock Off|p2a: Baxcalibur\n|-damage|p2a: Baxcalibur|37\/100\n|-enditem|p2a: Baxcalibur|Loaded Dice|[from] move: Knock Off|[of] p1a: Great Tusk\n|\n|-weather|none\n|upkeep\n|turn|15\n|\n|t:|1698527629\n|move|p2a: Baxcalibur|Earthquake|p1a: Great Tusk\n|-damage|p1a: Great Tusk|39\/100\n|move|p1a: Great Tusk|Earthquake|p2a: Baxcalibur\n|-damage|p2a: Baxcalibur|0 fnt\n|faint|p2a: Baxcalibur\n|\n|win|LingLing007\n|raw|LingLing007's rating: 1405 &rarr; <strong>1421<\/strong><br \/>(+16 for winning)\n|raw|terra990's rating: 1338 &rarr; <strong>1322<\/strong><br \/>(-16 for losing)\n|c|\u2606LingLing007|gg\n|c|\u2606terra990|gg\n|c|\u2606terra990|wp\n|l|\u2606terra990\n","uploadtime":1698528078,"views":12,"p1id":"lingling007","p2id":"terra990","formatid":"gen9anythinggoes","rating":1322,"private":0,"password":""}