{"id":"gen9anythinggoes-1997760349","p1":"Brenzino","p2":"BigShaq189","format":"[Gen 9] Anything Goes","log":"|j|\u2606Brenzino\n|j|\u2606BigShaq189\n|t:|1700849757\n|gametype|singles\n|player|p1|Brenzino|pokemaniac|\n|player|p2|BigShaq189|veteran|\n|teamsize|p1|6\n|teamsize|p2|6\n|gen|9\n|tier|[Gen 9] Anything Goes\n|rule|HP Percentage Mod: HP is shown in percentages\n|rule|Endless Battle Clause: Forcing endless battles is banned\n|clearpoke\n|poke|p1|Cresselia, F|\n|poke|p1|Mamoswine, M|\n|poke|p1|Slaking, F|\n|poke|p1|Samurott-Hisui, F|\n|poke|p1|Clodsire, M|\n|poke|p1|Cloyster, M|\n|poke|p2|Great Tusk|\n|poke|p2|Iron Hands|\n|poke|p2|Gholdengo|\n|poke|p2|Amoonguss, M|\n|poke|p2|Sneasler, F|\n|poke|p2|Iron Bundle|\n|teampreview\n|inactive|Battle timer is ON: inactive players will automatically lose when time's up. (requested by BigShaq189)\n|inactiveoff|Battle timer is now OFF.\n|\n|t:|1700849781\n|start\n|switch|p1a: Samurott|Samurott-Hisui, F|100\/100\n|switch|p2a: Gholdengo|Gholdengo|100\/100\n|turn|1\n|\n|t:|1700849799\n|switch|p2a: Iron Hands|Iron Hands|100\/100\n|move|p1a: Samurott|Ceaseless Edge|p2a: Iron Hands\n|-resisted|p2a: Iron Hands\n|-damage|p2a: Iron Hands|85\/100\n|-sidestart|p2: BigShaq189|Spikes\n|\n|upkeep\n|turn|2\n|\n|t:|1700849812\n|switch|p1a: Clodsire|Clodsire, M|100\/100\n|move|p2a: Iron Hands|Wild Charge|p1a: Clodsire\n|-immune|p1a: Clodsire\n|\n|upkeep\n|turn|3\n|\n|t:|1700849829\n|-end|p2a: Iron Hands|Quark Drive|[silent]\n|switch|p2a: Great Tusk|Great Tusk|100\/100\n|-damage|p2a: Great Tusk|88\/100|[from] Spikes\n|move|p1a: Clodsire|Gunk Shot|p2a: Great Tusk\n|-resisted|p2a: Great Tusk\n|-damage|p2a: Great Tusk|77\/100\n|\n|upkeep\n|turn|4\n|\n|t:|1700849839\n|switch|p1a: Cloyster|Cloyster, M|100\/100\n|move|p2a: Great Tusk|Rapid Spin|p1a: Cloyster\n|-damage|p1a: Cloyster|85\/100\n|-boost|p2a: Great Tusk|spe|1\n|-sideend|p2: BigShaq189|Spikes|[from] move: Rapid Spin|[of] p2a: Great Tusk\n|\n|upkeep\n|turn|5\n|\n|t:|1700849876\n|move|p2a: Great Tusk|Knock Off|p1a: Cloyster\n|-damage|p1a: Cloyster|52\/100\n|-enditem|p1a: Cloyster|White Herb|[from] move: Knock Off|[of] p2a: Great Tusk\n|move|p1a: Cloyster|Icicle Spear|p2a: Great Tusk\n|-supereffective|p2a: Great Tusk\n|-damage|p2a: Great Tusk|61\/100\n|-supereffective|p2a: Great Tusk\n|-damage|p2a: Great Tusk|46\/100\n|-supereffective|p2a: Great Tusk\n|-damage|p2a: Great Tusk|31\/100\n|-supereffective|p2a: Great Tusk\n|-damage|p2a: Great Tusk|18\/100\n|-supereffective|p2a: Great Tusk\n|-damage|p2a: Great Tusk|2\/100\n|-hitcount|p2a: Great Tusk|5\n|\n|upkeep\n|turn|6\n|\n|t:|1700849900\n|move|p2a: Great Tusk|Close Combat|p1a: Cloyster\n|-supereffective|p1a: Cloyster\n|-damage|p1a: Cloyster|0 fnt\n|-unboost|p2a: Great Tusk|def|1\n|-unboost|p2a: Great Tusk|spd|1\n|faint|p1a: Cloyster\n|\n|upkeep\n|\n|t:|1700849908\n|switch|p1a: Mamoswine|Mamoswine, M|100\/100\n|turn|7\n|\n|t:|1700849912\n|move|p2a: Great Tusk|Close Combat|p1a: Mamoswine\n|-supereffective|p1a: Mamoswine\n|-damage|p1a: Mamoswine|0 fnt\n|-unboost|p2a: Great Tusk|def|1\n|-unboost|p2a: Great Tusk|spd|1\n|faint|p1a: Mamoswine\n|\n|upkeep\n|\n|t:|1700849917\n|switch|p1a: Clodsire|Clodsire, M|100\/100\n|turn|8\n|\n|t:|1700849921\n|move|p2a: Great Tusk|Headlong Rush|p1a: Clodsire\n|-supereffective|p1a: Clodsire\n|-damage|p1a: Clodsire|0 fnt\n|-unboost|p2a: Great Tusk|def|1\n|-unboost|p2a: Great Tusk|spd|1\n|faint|p1a: Clodsire\n|\n|upkeep\n|c|\u2606Brenzino|i hate this\n|\n|t:|1700849932\n|switch|p1a: Cresselia|Cresselia, F|100\/100\n|turn|9\n|\n|t:|1700849936\n|move|p2a: Great Tusk|Knock Off|p1a: Cresselia\n|-supereffective|p1a: Cresselia\n|-damage|p1a: Cresselia|41\/100\n|-enditem|p1a: Cresselia|Leftovers|[from] move: Knock Off|[of] p2a: Great Tusk\n|move|p1a: Cresselia|Shadow Ball|p2a: Great Tusk\n|-damage|p2a: Great Tusk|0 fnt\n|faint|p2a: Great Tusk\n|-end|p2a: Great Tusk|Protosynthesis|[silent]\n|\n|upkeep\n|\n|t:|1700849948\n|switch|p2a: Gholdengo|Gholdengo|100\/100\n|turn|10\n|\n|t:|1700849957\n|move|p2a: Gholdengo|Make It Rain|p1a: Cresselia\n|-damage|p1a: Cresselia|0 fnt\n|-unboost|p2a: Gholdengo|spa|1\n|faint|p1a: Cresselia\n|\n|upkeep\n|\n|t:|1700849964\n|switch|p1a: Samurott|Samurott-Hisui, F|100\/100\n|turn|11\n|\n|t:|1700849970\n|switch|p2a: Iron Hands|Iron Hands|85\/100\n|move|p1a: Samurott|Aqua Cutter|p2a: Iron Hands\n|-damage|p2a: Iron Hands|47\/100\n|\n|upkeep\n|turn|12\n|\n|t:|1700849983\n|switch|p1a: Slaking|Slaking, F|100\/100\n|move|p2a: Iron Hands|Drain Punch|p1a: Slaking\n|-supereffective|p1a: Slaking\n|-damage|p1a: Slaking|29\/100\n|-heal|p2a: Iron Hands|80\/100|[from] drain|[of] p1a: Slaking\n|\n|upkeep\n|turn|13\n|\n|t:|1700849993\n|-end|p2a: Iron Hands|Quark Drive|[silent]\n|switch|p2a: Gholdengo|Gholdengo|100\/100\n|-terastallize|p1a: Slaking|Fighting\n|move|p1a: Slaking|Earthquake|p2a: Gholdengo\n|-supereffective|p2a: Gholdengo\n|-damage|p2a: Gholdengo|26\/100\n|\n|upkeep\n|turn|14\n|\n|t:|1700850007\n|move|p2a: Gholdengo|Make It Rain|p1a: Slaking\n|-damage|p1a: Slaking|0 fnt\n|-unboost|p2a: Gholdengo|spa|1\n|faint|p1a: Slaking\n|\n|upkeep\n|\n|t:|1700850011\n|switch|p1a: Samurott|Samurott-Hisui, F|100\/100\n|turn|15\n|\n|t:|1700850023\n|move|p2a: Gholdengo|Make It Rain|p1a: Samurott\n|-resisted|p1a: Samurott\n|-damage|p1a: Samurott|66\/100\n|-unboost|p2a: Gholdengo|spa|1\n|move|p1a: Samurott|Sacred Sword|p2a: Gholdengo\n|-immune|p2a: Gholdengo\n|\n|upkeep\n|turn|16\n|c|\u2606Brenzino|um\n|\n|t:|1700850040\n|switch|p2a: Iron Hands|Iron Hands|80\/100\n|move|p1a: Samurott|Sacred Sword|p2a: Iron Hands\n|-damage|p2a: Iron Hands|50\/100\n|\n|upkeep\n|turn|17\n|\n|t:|1700850047\n|move|p1a: Samurott|Sacred Sword|p2a: Iron Hands\n|-damage|p2a: Iron Hands|17\/100\n|move|p2a: Iron Hands|Close Combat|p1a: Samurott\n|-supereffective|p1a: Samurott\n|-damage|p1a: Samurott|0 fnt\n|-unboost|p2a: Iron Hands|def|1\n|-unboost|p2a: Iron Hands|spd|1\n|faint|p1a: Samurott\n|\n|win|BigShaq189\n|c|\u2606BigShaq189|gg\n|c|\u2606Brenzino|gg\n|c|\u2606Brenzino|u should play tyler\n|l|\u2606Brenzino\n","uploadtime":1700850060,"views":7,"p1id":"brenzino","p2id":"bigshaq189","formatid":"gen9anythinggoes","rating":0,"private":0,"password":""}