{"id":"gen9anythinggoes-1978259244","p1":"moneywaizard","p2":"Lucasoduncu","format":"[Gen 9] Anything Goes","log":"|j|\u2606moneywaizard\n|j|\u2606Lucasoduncu\n|t:|1698518057\n|gametype|singles\n|player|p1|moneywaizard|2|1164\n|player|p2|Lucasoduncu|cameraman|1087\n|teamsize|p1|6\n|teamsize|p2|6\n|gen|9\n|tier|[Gen 9] Anything Goes\n|rated|\n|rule|HP Percentage Mod: HP is shown in percentages\n|rule|Endless Battle Clause: Forcing endless battles is banned\n|clearpoke\n|poke|p1|Calyrex-Ice|\n|poke|p1|Eternatus|\n|poke|p1|Breloom, F|\n|poke|p1|Diancie|\n|poke|p1|Iron Treads|\n|poke|p1|Volcanion|\n|poke|p2|Ogerpon, F|\n|poke|p2|Trevenant, F|\n|poke|p2|Tsareena, F|\n|poke|p2|Rotom-Mow|\n|poke|p2|Sawsbuck-Autumn, F|\n|poke|p2|Lombre, F|\n|teampreview\n|\n|t:|1698518064\n|start\n|switch|p1a: Diancie|Diancie|100\/100\n|switch|p2a: Rotom|Rotom-Mow, shiny|100\/100\n|turn|1\n|\n|t:|1698518079\n|move|p1a: Diancie|Light Screen|p1a: Diancie\n|-sidestart|p1: moneywaizard|move: Light Screen\n|move|p2a: Rotom|Trick|p1a: Diancie\n|-activate|p2a: Rotom|move: Trick|[of] p1a: Diancie\n|-item|p1a: Diancie|Lagging Tail|[from] move: Trick\n|-item|p2a: Rotom|Light Clay|[from] move: Trick\n|\n|upkeep\n|turn|2\n|\n|t:|1698518086\n|move|p2a: Rotom|Double Team|p2a: Rotom\n|-boost|p2a: Rotom|evasion|1\n|move|p1a: Diancie|Reflect|p1a: Diancie\n|-sidestart|p1: moneywaizard|Reflect\n|\n|upkeep\n|turn|3\n|\n|t:|1698518093\n|move|p2a: Rotom|Astonish|p1a: Diancie\n|-damage|p1a: Diancie|99\/100\n|cant|p1a: Diancie|flinch\n|\n|upkeep\n|turn|4\n|\n|t:|1698518099\n|move|p2a: Rotom|Astonish|p1a: Diancie\n|-damage|p1a: Diancie|97\/100\n|move|p1a: Diancie|Calm Mind|p1a: Diancie\n|-boost|p1a: Diancie|spa|1\n|-boost|p1a: Diancie|spd|1\n|\n|upkeep\n|turn|5\n|\n|t:|1698518103\n|move|p2a: Rotom|Thunder Wave|p1a: Diancie\n|-status|p1a: Diancie|par\n|move|p1a: Diancie|Calm Mind|p1a: Diancie\n|-boost|p1a: Diancie|spa|1\n|-boost|p1a: Diancie|spd|1\n|\n|upkeep\n|turn|6\n|\n|t:|1698518113\n|move|p2a: Rotom|Astonish|p1a: Diancie\n|-damage|p1a: Diancie|95\/100 par\n|move|p1a: Diancie|Baton Pass|p1a: Diancie\n|\n|t:|1698518122\n|switch|p1a: Eternatus|Eternatus|100\/100|[from] Baton Pass\n|-ability|p1a: Eternatus|Pressure\n|\n|-sideend|p1: moneywaizard|Reflect\n|upkeep\n|turn|7\n|\n|t:|1698518134\n|move|p2a: Rotom|Thunder Wave|p1a: Eternatus\n|-status|p1a: Eternatus|par\n|move|p1a: Eternatus|Dragon Tail|p2a: Rotom|[miss]\n|-miss|p1a: Eternatus|p2a: Rotom\n|\n|upkeep\n|turn|8\n|\n|t:|1698518141\n|move|p2a: Rotom|Trick|p1a: Eternatus\n|-activate|p2a: Rotom|move: Trick|[of] p1a: Eternatus\n|-item|p1a: Eternatus|Light Clay|[from] move: Trick\n|-item|p2a: Rotom|Life Orb|[from] move: Trick\n|move|p1a: Eternatus|Dragon Tail|p2a: Rotom\n|-damage|p2a: Rotom|82\/100\n|drag|p2a: Tsareena|Tsareena, F, shiny|100\/100\n|\n|-sideend|p1: moneywaizard|move: Light Screen\n|upkeep\n|turn|9\n|\n|t:|1698518152\n|move|p2a: Tsareena|Leaf Storm|p1a: Eternatus\n|-resisted|p1a: Eternatus\n|-damage|p1a: Eternatus|97\/100 par\n|-unboost|p2a: Tsareena|spa|2\n|move|p1a: Eternatus|Dynamax Cannon|p2a: Tsareena\n|-damage|p2a: Tsareena|0 fnt\n|faint|p2a: Tsareena\n|\n|upkeep\n|\n|t:|1698518159\n|switch|p2a: Lombre|Lombre, F, shiny|100\/100\n|turn|10\n|\n|t:|1698518166\n|move|p1a: Eternatus|Dynamax Cannon|p2a: Lombre\n|-damage|p2a: Lombre|35\/100\n|move|p2a: Lombre|Leech Seed|p1a: Eternatus\n|-start|p1a: Eternatus|move: Leech Seed\n|\n|-damage|p1a: Eternatus|85\/100 par|[from] Leech Seed|[of] p2a: Lombre\n|-heal|p2a: Lombre|54\/100|[silent]\n|upkeep\n|turn|11\n|\n|t:|1698518175\n|move|p1a: Eternatus|Dynamax Cannon|p2a: Lombre\n|-damage|p2a: Lombre|0 fnt\n|faint|p2a: Lombre\n|\n|upkeep\n|\n|t:|1698518179\n|switch|p2a: Rotom|Rotom-Mow, shiny|82\/100\n|turn|12\n|\n|t:|1698518184\n|move|p2a: Rotom|Astonish|p1a: Eternatus\n|-damage|p1a: Eternatus|79\/100 par\n|-damage|p2a: Rotom|72\/100|[from] item: Life Orb\n|cant|p1a: Eternatus|par\n|\n|-damage|p1a: Eternatus|67\/100 par|[from] Leech Seed|[of] p2a: Rotom\n|-heal|p2a: Rotom|97\/100|[silent]\n|upkeep\n|turn|13\n|\n|t:|1698518195\n|move|p2a: Rotom|Astonish|p1a: Eternatus\n|-damage|p1a: Eternatus|61\/100 par\n|-damage|p2a: Rotom|87\/100|[from] item: Life Orb\n|move|p1a: Eternatus|Dragon Tail|p2a: Rotom\n|-crit|p2a: Rotom\n|-damage|p2a: Rotom|62\/100\n|drag|p2a: Ogerpon|Ogerpon, F|100\/100\n|\n|-damage|p1a: Eternatus|49\/100 par|[from] Leech Seed|[of] p2a: Ogerpon\n|upkeep\n|turn|14\n|\n|t:|1698518208\n|switch|p2a: Rotom|Rotom-Mow, shiny|62\/100\n|move|p1a: Eternatus|Dynamax Cannon|p2a: Rotom\n|-damage|p2a: Rotom|0 fnt\n|faint|p2a: Rotom\n|\n|upkeep\n|\n|t:|1698518210\n|switch|p2a: Sawsbuck|Sawsbuck-Autumn, F, shiny|100\/100\n|turn|15\n|\n|t:|1698518219\n|move|p2a: Sawsbuck|Hyper Beam|p1a: Eternatus\n|-damage|p1a: Eternatus|31\/100 par\n|-mustrecharge|p2a: Sawsbuck\n|cant|p1a: Eternatus|par\n|\n|-damage|p1a: Eternatus|19\/100 par|[from] Leech Seed|[of] p2a: Sawsbuck\n|upkeep\n|turn|16\n|\n|t:|1698518228\n|cant|p2a: Sawsbuck|recharge\n|move|p1a: Eternatus|Dynamax Cannon|p2a: Sawsbuck\n|-damage|p2a: Sawsbuck|0 fnt\n|faint|p2a: Sawsbuck\n|\n|upkeep\n|inactive|Battle timer is ON: inactive players will automatically lose when time's up. (requested by Lucasoduncu)\n|\n|t:|1698518232\n|switch|p2a: Ogerpon|Ogerpon, F|100\/100\n|turn|17\n|\n|t:|1698518244\n|-terastallize|p2a: Ogerpon|Grass\n|detailschange|p2a: Ogerpon|Ogerpon-Teal-Tera, F, tera:Grass\n|-ability|p2a: Ogerpon|Embody Aspect (Teal)|boost\n|-boost|p2a: Ogerpon|spe|1\n|move|p2a: Ogerpon|Knock Off|p1a: Eternatus\n|-damage|p1a: Eternatus|0 fnt\n|-enditem|p1a: Eternatus|Light Clay|[from] move: Knock Off|[of] p2a: Ogerpon\n|faint|p1a: Eternatus\n|\n|upkeep\n|\n|t:|1698518257\n|switch|p1a: Diancie|Diancie|95\/100 par\n|turn|18\n|\n|t:|1698518264\n|move|p2a: Ogerpon|Swords Dance|p2a: Ogerpon\n|-boost|p2a: Ogerpon|atk|2\n|move|p1a: Diancie|Light Screen|p1a: Diancie\n|-sidestart|p1: moneywaizard|move: Light Screen\n|\n|upkeep\n|turn|19\n|\n|t:|1698518271\n|move|p2a: Ogerpon|Ivy Cudgel|p1a: Diancie\n|-supereffective|p1a: Diancie\n|-damage|p1a: Diancie|0 fnt\n|faint|p1a: Diancie\n|\n|upkeep\n|\n|t:|1698518284\n|switch|p1a: Iron Treads|Iron Treads|100\/100\n|turn|20\n|\n|t:|1698518300\n|move|p2a: Ogerpon|Ivy Cudgel|p1a: Iron Treads\n|-damage|p1a: Iron Treads|0 fnt\n|faint|p1a: Iron Treads\n|-end|p1a: Iron Treads|Quark Drive|[silent]\n|\n|upkeep\n|\n|t:|1698518308\n|switch|p1a: Breloom|Breloom, F|100\/100\n|turn|21\n|\n|t:|1698518313\n|move|p2a: Ogerpon|Ivy Cudgel|p1a: Breloom\n|-resisted|p1a: Breloom\n|-damage|p1a: Breloom|13\/100\n|move|p1a: Breloom|Leech Seed|p2a: Ogerpon\n|-immune|p2a: Ogerpon\n|\n|upkeep\n|turn|22\n|\n|t:|1698518321\n|move|p2a: Ogerpon|Knock Off|p1a: Breloom\n|-resisted|p1a: Breloom\n|-damage|p1a: Breloom|0 fnt\n|-enditem|p1a: Breloom|Focus Sash|[from] move: Knock Off|[of] p2a: Ogerpon\n|faint|p1a: Breloom\n|\n|-sideend|p1: moneywaizard|move: Light Screen\n|upkeep\n|\n|t:|1698518328\n|switch|p1a: Calyrex|Calyrex-Ice|100\/100\n|-ability|p1a: Calyrex|As One\n|-ability|p1a: Calyrex|Unnerve\n|turn|23\n|\n|t:|1698518337\n|move|p2a: Ogerpon|Knock Off|p1a: Calyrex\n|-supereffective|p1a: Calyrex\n|-damage|p1a: Calyrex|22\/100\n|-enditem|p1a: Calyrex|Focus Sash|[from] move: Knock Off|[of] p2a: Ogerpon\n|move|p1a: Calyrex|Glacial Lance|p2a: Ogerpon\n|-supereffective|p2a: Ogerpon\n|-damage|p2a: Ogerpon|0 fnt\n|faint|p2a: Ogerpon\n|-ability|p1a: Calyrex|Chilling Neigh|boost\n|-boost|p1a: Calyrex|atk|1\n|\n|upkeep\n|\n|t:|1698518340\n|switch|p2a: Trevenant|Trevenant, F, shiny|100\/100\n|turn|24\n|\n|t:|1698518357\n|move|p2a: Trevenant|Shadow Claw|p1a: Calyrex\n|-supereffective|p1a: Calyrex\n|-crit|p1a: Calyrex\n|-damage|p1a: Calyrex|0 fnt\n|faint|p1a: Calyrex\n|\n|upkeep\n|\n|t:|1698518363\n|switch|p1a: Volcanion|Volcanion|100\/100\n|turn|25\n|\n|t:|1698518374\n|-terastallize|p1a: Volcanion|Fire\n|move|p2a: Trevenant|Rock Slide|p1a: Volcanion\n|-supereffective|p1a: Volcanion\n|-damage|p1a: Volcanion|57\/100\n|cant|p1a: Volcanion|flinch\n|\n|upkeep\n|turn|26\n|\n|t:|1698518383\n|move|p2a: Trevenant|Dig||[still]\n|-prepare|p2a: Trevenant|Dig\n|move|p1a: Volcanion|Fire Blast|p2a: Trevenant|[miss]\n|-miss|p1a: Volcanion|p2a: Trevenant\n|\n|upkeep\n|turn|27\n|\n|t:|1698518392\n|move|p2a: Trevenant|Dig|p1a: Volcanion|[from]lockedmove\n|-supereffective|p1a: Volcanion\n|-damage|p1a: Volcanion|16\/100\n|move|p1a: Volcanion|Fire Blast|p2a: Trevenant\n|-supereffective|p2a: Trevenant\n|-damage|p2a: Trevenant|0 fnt\n|faint|p2a: Trevenant\n|-damage|p1a: Volcanion|6\/100|[from] item: Life Orb\n|\n|win|moneywaizard\n|raw|moneywaizard's rating: 1164 &rarr; <strong>1184<\/strong><br \/>(+20 for winning)\n|raw|Lucasoduncu's rating: 1087 &rarr; <strong>1069<\/strong><br \/>(-18 for losing)\n","uploadtime":1698518399,"views":12,"p1id":"moneywaizard","p2id":"lucasoduncu","formatid":"gen9anythinggoes","rating":1069,"private":0,"password":""}