{"id":"gen9anythinggoes-1981549798","p1":"NotAtAllPockchan","p2":"Mac Moist","format":"[Gen 9] Anything Goes","log":"|j|\u2606NotAtAllPockchan\n|j|\u2606Mac Moist\n|t:|1698916677\n|gametype|singles\n|player|p1|NotAtAllPockchan|cynthia-masters|1520\n|player|p2|Mac Moist|pokemaniac|1383\n|teamsize|p1|6\n|teamsize|p2|6\n|gen|9\n|tier|[Gen 9] Anything Goes\n|rated|\n|rule|HP Percentage Mod: HP is shown in percentages\n|rule|Endless Battle Clause: Forcing endless battles is banned\n|clearpoke\n|poke|p1|Calyrex-Shadow|\n|poke|p1|Zacian-*|\n|poke|p1|Groudon|\n|poke|p1|Arceus|\n|poke|p1|Chien-Pao|\n|poke|p1|Ditto|\n|poke|p2|Koraidon|\n|poke|p2|Arceus|\n|poke|p2|Dondozo, F|\n|poke|p2|Calyrex-Shadow|\n|poke|p2|Chien-Pao|\n|poke|p2|Grimmsnarl, M|\n|teampreview\n|inactive|Battle timer is ON: inactive players will automatically lose when time's up. (requested by NotAtAllPockchan)\n|\n|t:|1698916690\n|start\n|switch|p1a: Groudon|Groudon|100\/100\n|switch|p2a: Grimmsnarl|Grimmsnarl, M|100\/100\n|-weather|SunnyDay|[from] ability: Drought|[of] p1a: Groudon\n|turn|1\n|inactive|Mac Moist has 120 seconds left.\n|\n|t:|1698916724\n|move|p2a: Grimmsnarl|Taunt|p1a: Groudon\n|-start|p1a: Groudon|move: Taunt\n|-enditem|p1a: Groudon|Mental Herb\n|-end|p1a: Groudon|move: Taunt\n|move|p1a: Groudon|Stealth Rock|p2a: Grimmsnarl\n|-sidestart|p2: Mac Moist|move: Stealth Rock\n|\n|-weather|SunnyDay|[upkeep]\n|upkeep\n|turn|2\n|\n|t:|1698916731\n|move|p2a: Grimmsnarl|Reflect|p2a: Grimmsnarl\n|-sidestart|p2: Mac Moist|Reflect\n|move|p1a: Groudon|Eruption|p2a: Grimmsnarl\n|-damage|p2a: Grimmsnarl|50\/100\n|\n|-weather|SunnyDay|[upkeep]\n|upkeep\n|turn|3\n|\n|t:|1698916738\n|move|p2a: Grimmsnarl|Light Screen|p2a: Grimmsnarl\n|-sidestart|p2: Mac Moist|move: Light Screen\n|move|p1a: Groudon|Eruption|p2a: Grimmsnarl\n|-damage|p2a: Grimmsnarl|25\/100\n|\n|-weather|SunnyDay|[upkeep]\n|upkeep\n|turn|4\n|\n|t:|1698916744\n|move|p2a: Grimmsnarl|Parting Shot|p1a: Groudon\n|-unboost|p1a: Groudon|atk|1\n|-unboost|p1a: Groudon|spa|1\n|\n|t:|1698916748\n|switch|p2a: Dondozo|Dondozo, F|100\/100|[from] Parting Shot\n|-damage|p2a: Dondozo|88\/100|[from] Stealth Rock\n|move|p1a: Groudon|Eruption|p2a: Dondozo\n|-resisted|p2a: Dondozo\n|-damage|p2a: Dondozo|80\/100\n|\n|-weather|SunnyDay|[upkeep]\n|upkeep\n|turn|5\n|\n|t:|1698916757\n|move|p1a: Groudon|Spikes|p2a: Dondozo\n|-sidestart|p2: Mac Moist|Spikes\n|move|p2a: Dondozo|Curse|p2a: Dondozo\n|-unboost|p2a: Dondozo|spe|1\n|-boost|p2a: Dondozo|atk|1\n|-boost|p2a: Dondozo|def|1\n|\n|-weather|none\n|upkeep\n|turn|6\n|\n|t:|1698916764\n|move|p1a: Groudon|Spikes|p2a: Dondozo\n|-sidestart|p2: Mac Moist|Spikes\n|move|p2a: Dondozo|Curse|p2a: Dondozo\n|-unboost|p2a: Dondozo|spe|1\n|-boost|p2a: Dondozo|atk|1\n|-boost|p2a: Dondozo|def|1\n|\n|upkeep\n|turn|7\n|\n|t:|1698916771\n|move|p1a: Groudon|Spikes|p2a: Dondozo\n|-sidestart|p2: Mac Moist|Spikes\n|move|p2a: Dondozo|Curse|p2a: Dondozo\n|-unboost|p2a: Dondozo|spe|1\n|-boost|p2a: Dondozo|atk|1\n|-boost|p2a: Dondozo|def|1\n|\n|upkeep\n|turn|8\n|\n|t:|1698916777\n|move|p2a: Dondozo|Curse|p2a: Dondozo\n|-unboost|p2a: Dondozo|spe|1\n|-boost|p2a: Dondozo|atk|1\n|-boost|p2a: Dondozo|def|1\n|move|p1a: Groudon|Roar|p2a: Dondozo\n|drag|p2a: Arceus|Arceus|100\/100\n|-damage|p2a: Arceus|88\/100|[from] Stealth Rock\n|-damage|p2a: Arceus|63\/100|[from] Spikes\n|\n|-heal|p2a: Arceus|69\/100|[from] item: Leftovers\n|upkeep\n|turn|9\n|\n|t:|1698916788\n|move|p2a: Arceus|Will-O-Wisp|p1a: Groudon\n|-status|p1a: Groudon|brn\n|move|p1a: Groudon|Roar|p2a: Arceus\n|drag|p2a: Chien-Pao|Chien-Pao|100\/100\n|-damage|p2a: Chien-Pao|76\/100|[from] Stealth Rock\n|-damage|p2a: Chien-Pao|51\/100|[from] Spikes\n|-ability|p2a: Chien-Pao|Sword of Ruin\n|\n|-damage|p1a: Groudon|94\/100 brn|[from] brn\n|-sideend|p2: Mac Moist|Reflect\n|upkeep\n|turn|10\n|\n|t:|1698916799\n|move|p2a: Chien-Pao|Ice Spinner|p1a: Groudon\n|-supereffective|p1a: Groudon\n|-damage|p1a: Groudon|35\/100 brn\n|move|p1a: Groudon|Roar|p2a: Chien-Pao\n|drag|p2a: Grimmsnarl|Grimmsnarl, M|25\/100\n|-damage|p2a: Grimmsnarl|12\/100|[from] Stealth Rock\n|-damage|p2a: Grimmsnarl|0 fnt|[from] Spikes\n|faint|p2a: Grimmsnarl\n|\n|-damage|p1a: Groudon|29\/100 brn|[from] brn\n|-sideend|p2: Mac Moist|move: Light Screen\n|upkeep\n|\n|t:|1698916821\n|switch|p2a: Koraidon|Koraidon|100\/100\n|-damage|p2a: Koraidon|94\/100|[from] Stealth Rock\n|-damage|p2a: Koraidon|70\/100|[from] Spikes\n|-weather|SunnyDay|[from] ability: Orichalcum Pulse|[of] p2a: Koraidon\n|-activate|p2a: Koraidon|Orichalcum Pulse|[source]\n|turn|11\n|\n|t:|1698916828\n|move|p2a: Koraidon|Scale Shot|p1a: Groudon\n|-damage|p1a: Groudon|20\/100 brn\n|-damage|p1a: Groudon|10\/100 brn\n|-hitcount|p1a: Groudon|2\n|-unboost|p2a: Koraidon|def|1\n|-boost|p2a: Koraidon|spe|1\n|move|p1a: Groudon|Roar|p2a: Koraidon\n|drag|p2a: Arceus|Arceus|69\/100\n|-damage|p2a: Arceus|57\/100|[from] Stealth Rock\n|-damage|p2a: Arceus|32\/100|[from] Spikes\n|\n|-weather|SunnyDay|[upkeep]\n|-heal|p2a: Arceus|38\/100|[from] item: Leftovers\n|-damage|p1a: Groudon|3\/100 brn|[from] brn\n|upkeep\n|turn|12\n|\n|t:|1698916842\n|move|p2a: Arceus|Extreme Speed|p1a: Groudon\n|-damage|p1a: Groudon|0 fnt\n|faint|p1a: Groudon\n|\n|-weather|SunnyDay|[upkeep]\n|-heal|p2a: Arceus|44\/100|[from] item: Leftovers\n|upkeep\n|\n|t:|1698916855\n|switch|p1a: Arceus|Arceus|100\/100\n|turn|13\n|\n|t:|1698916858\n|move|p1a: Arceus|Extreme Speed|p2a: Arceus\n|-damage|p2a: Arceus|5\/100\n|move|p2a: Arceus|Will-O-Wisp|p1a: Arceus\n|-status|p1a: Arceus|brn\n|\n|-weather|SunnyDay|[upkeep]\n|-heal|p2a: Arceus|11\/100|[from] item: Leftovers\n|-damage|p1a: Arceus|94\/100 brn|[from] brn\n|upkeep\n|turn|14\n|\n|t:|1698916867\n|move|p1a: Arceus|Extreme Speed|p2a: Arceus\n|-damage|p2a: Arceus|0 fnt\n|faint|p2a: Arceus\n|\n|-weather|SunnyDay|[upkeep]\n|-damage|p1a: Arceus|88\/100 brn|[from] brn\n|upkeep\n|\n|t:|1698916874\n|switch|p2a: Dondozo|Dondozo, F|80\/100\n|-damage|p2a: Dondozo|67\/100|[from] Stealth Rock\n|-damage|p2a: Dondozo|42\/100|[from] Spikes\n|turn|15\n|\n|t:|1698916879\n|switch|p1a: Mop|Calyrex-Shadow|100\/100\n|-ability|p1a: Mop|As One\n|-ability|p1a: Mop|Unnerve\n|move|p2a: Dondozo|Rest|p2a: Dondozo\n|-status|p2a: Dondozo|slp|[from] move: Rest\n|-heal|p2a: Dondozo|100\/100 slp|[silent]\n|\n|-weather|none\n|upkeep\n|turn|16\n|\n|t:|1698916890\n|-terastallize|p1a: Mop|Ghost\n|move|p1a: Mop|Astral Barrage|p2a: Dondozo\n|-damage|p2a: Dondozo|0 fnt\n|faint|p2a: Dondozo\n|-ability|p1a: Mop|Grim Neigh|boost\n|-boost|p1a: Mop|spa|1\n|\n|upkeep\n|\n|t:|1698916899\n|switch|p2a: Chien-Pao|Chien-Pao|51\/100\n|-damage|p2a: Chien-Pao|26\/100|[from] Stealth Rock\n|-damage|p2a: Chien-Pao|1\/100|[from] Spikes\n|-ability|p2a: Chien-Pao|Sword of Ruin\n|turn|17\n|\n|t:|1698916905\n|switch|p1a: Arceus|Arceus|88\/100 brn\n|move|p2a: Chien-Pao|Sucker Punch||[still]\n|-fail|p2a: Chien-Pao\n|\n|-damage|p1a: Arceus|82\/100 brn|[from] brn\n|upkeep\n|turn|18\n|\n|t:|1698916912\n|move|p1a: Arceus|Extreme Speed|p2a: Chien-Pao\n|-damage|p2a: Chien-Pao|0 fnt\n|faint|p2a: Chien-Pao\n|\n|-damage|p1a: Arceus|76\/100 brn|[from] brn\n|upkeep\n|\n|t:|1698916918\n|switch|p2a: Koraidon|Koraidon|70\/100\n|-damage|p2a: Koraidon|63\/100|[from] Stealth Rock\n|-damage|p2a: Koraidon|39\/100|[from] Spikes\n|-weather|SunnyDay|[from] ability: Orichalcum Pulse|[of] p2a: Koraidon\n|-activate|p2a: Koraidon|Orichalcum Pulse|[source]\n|turn|19\n|\n|t:|1698916925\n|move|p1a: Arceus|Extreme Speed|p2a: Koraidon\n|-damage|p2a: Koraidon|10\/100\n|move|p2a: Koraidon|Collision Course|p1a: Arceus\n|-supereffective|p1a: Arceus\n|-damage|p1a: Arceus|0 fnt\n|faint|p1a: Arceus\n|\n|-weather|SunnyDay|[upkeep]\n|upkeep\n|\n|t:|1698916931\n|switch|p1a: Chien-Pao|Chien-Pao|100\/100\n|-ability|p1a: Chien-Pao|Sword of Ruin\n|turn|20\n|\n|t:|1698916937\n|move|p1a: Chien-Pao|Ice Spinner|p2a: Koraidon\n|-supereffective|p2a: Koraidon\n|-damage|p2a: Koraidon|0 fnt\n|faint|p2a: Koraidon\n|\n|-weather|SunnyDay|[upkeep]\n|upkeep\n|\n|t:|1698916942\n|switch|p2a: Calyrex|Calyrex-Shadow|100\/100\n|-ability|p2a: Calyrex|As One\n|-ability|p2a: Calyrex|Unnerve\n|turn|21\n|\n|t:|1698916948\n|-terastallize|p2a: Calyrex|Fighting\n|move|p1a: Chien-Pao|Sucker Punch|p2a: Calyrex\n|-resisted|p2a: Calyrex\n|-damage|p2a: Calyrex|72\/100\n|move|p2a: Calyrex|Tera Blast|p1a: Chien-Pao|[anim] Tera Blast Fighting\n|-supereffective|p1a: Chien-Pao\n|-enditem|p1a: Chien-Pao|Focus Sash\n|-damage|p1a: Chien-Pao|1\/100\n|\n|-weather|SunnyDay|[upkeep]\n|upkeep\n|turn|22\n|\n|t:|1698916958\n|move|p2a: Calyrex|Astral Barrage|p1a: Chien-Pao\n|-resisted|p1a: Chien-Pao\n|-damage|p1a: Chien-Pao|0 fnt\n|faint|p1a: Chien-Pao\n|-ability|p2a: Calyrex|Grim Neigh|boost\n|-boost|p2a: Calyrex|spa|1\n|\n|-weather|SunnyDay|[upkeep]\n|upkeep\n|\n|t:|1698916962\n|switch|p1a: Ditto|Ditto|100\/100\n|-transform|p1a: Ditto|p2a: Calyrex|[from] ability: Imposter\n|-start|p1a: Ditto|typechange|Psychic\/Ghost|[silent]\n|turn|23\n|\n|t:|1698916968\n|move|p1a: Ditto|Psyshock|p2a: Calyrex\n|-supereffective|p2a: Calyrex\n|-damage|p2a: Calyrex|0 fnt\n|faint|p2a: Calyrex\n|\n|win|NotAtAllPockchan\n|raw|NotAtAllPockchan's rating: 1520 &rarr; <strong>1532<\/strong><br \/>(+12 for winning)\n|raw|Mac Moist's rating: 1383 &rarr; <strong>1371<\/strong><br \/>(-12 for losing)\n|l|\u2606Mac Moist\n","uploadtime":1698916977,"views":6,"p1id":"notatallpockchan","p2id":"macmoist","formatid":"gen9anythinggoes","rating":1371,"private":0,"password":""}