{"id":"gen9anythinggoes-1990611199","p1":"Jin Mori Kato","p2":"ymmwinaround","format":"[Gen 9] Anything Goes","log":"|j|\u2606Jin Mori Kato\n|j|\u2606ymmwinaround\n|t:|1699985593\n|gametype|singles\n|player|p1|Jin Mori Kato|red|1508\n|player|p2|ymmwinaround|jogger|1740\n|teamsize|p1|6\n|teamsize|p2|6\n|gen|9\n|tier|[Gen 9] Anything Goes\n|rated|\n|rule|HP Percentage Mod: HP is shown in percentages\n|rule|Endless Battle Clause: Forcing endless battles is banned\n|clearpoke\n|poke|p1|Calyrex-Shadow|\n|poke|p1|Koraidon|\n|poke|p1|Miraidon|\n|poke|p1|Rayquaza|\n|poke|p1|Zacian-*|\n|poke|p1|Eternatus|\n|poke|p2|Arceus-Fairy|\n|poke|p2|Ting-Lu|\n|poke|p2|Koraidon|\n|poke|p2|Arceus|\n|poke|p2|Calyrex-Shadow|\n|poke|p2|Toxapex, F|\n|teampreview\n|inactive|Battle timer is ON: inactive players will automatically lose when time's up. (requested by Jin Mori Kato)\n|c|\u2606Jin Mori Kato|2\n|c|\u2606Jin Mori Kato|...\n|c|\u2606Jin Mori Kato|you really lack that  much skill\/imagination\/strategy\n|inactive|ymmwinaround has 120 seconds left.\n|c|\u2606Jin Mori Kato|that you need 2 arceus ina  childrens game\n|\n|t:|1699985627\n|start\n|switch|p1a: 55th Goliath|Eternatus|100\/100\n|switch|p2a: Koraidon|Koraidon|100\/100\n|-ability|p1a: 55th Goliath|Pressure\n|-weather|SunnyDay|[from] ability: Orichalcum Pulse|[of] p2a: Koraidon\n|-activate|p2a: Koraidon|Orichalcum Pulse|[source]\n|turn|1\n|c|\u2606Jin Mori Kato|LMFAO\n|c|\u2606Jin Mori Kato|glhf\n|c|\u2606ymmwinaround|ok\n|c|\u2606Jin Mori Kato|\"OhKaIyUgHh\"\n|inactive|Jin Mori Kato has 120 seconds left.\n|c|\u2606Jin Mori Kato|mentaility of you players^\n|\n|t:|1699985679\n|switch|p2a: Arceus|Arceus-Fairy|100\/100\n|-terastallize|p1a: 55th Goliath|Poison\n|move|p1a: 55th Goliath|Sludge Bomb|p2a: Arceus\n|-supereffective|p2a: Arceus\n|-damage|p2a: Arceus|2\/100\n|\n|-weather|SunnyDay|[upkeep]\n|upkeep\n|turn|2\n|c|\u2606Jin Mori Kato|duh easy\n|c|\u2606Jin Mori Kato|sharingan\n|c|\u2606Jin Mori Kato|chump\n|\n|t:|1699985690\n|switch|p2a: Ting-Lu|Ting-Lu|100\/100\n|-ability|p2a: Ting-Lu|Vessel of Ruin\n|move|p1a: 55th Goliath|Sludge Bomb|p2a: Ting-Lu\n|-resisted|p2a: Ting-Lu\n|-damage|p2a: Ting-Lu|83\/100\n|-status|p2a: Ting-Lu|psn\n|\n|-weather|SunnyDay|[upkeep]\n|-heal|p2a: Ting-Lu|89\/100 psn|[from] item: Leftovers\n|-damage|p2a: Ting-Lu|77\/100 psn|[from] psn\n|upkeep\n|turn|3\n|c|\u2606Jin Mori Kato|you dont deserve your rank\n|c|\u2606Jin Mori Kato|bow down to me\n|c|\u2606Jin Mori Kato|haha\n|\n|t:|1699985708\n|move|p1a: 55th Goliath|Sludge Bomb|p2a: Ting-Lu\n|-resisted|p2a: Ting-Lu\n|-damage|p2a: Ting-Lu|61\/100 psn\n|move|p2a: Ting-Lu|Spikes|p1a: 55th Goliath\n|-sidestart|p1: Jin Mori Kato|Spikes\n|\n|-weather|SunnyDay|[upkeep]\n|-heal|p2a: Ting-Lu|68\/100 psn|[from] item: Leftovers\n|-damage|p2a: Ting-Lu|55\/100 psn|[from] psn\n|upkeep\n|turn|4\n|\n|t:|1699985716\n|switch|p2a: Toxapex|Toxapex, F|100\/100\n|move|p1a: 55th Goliath|Sludge Bomb|p2a: Toxapex\n|-resisted|p2a: Toxapex\n|-damage|p2a: Toxapex|68\/100\n|\n|-weather|SunnyDay|[upkeep]\n|upkeep\n|turn|5\n|\n|t:|1699985722\n|move|p1a: 55th Goliath|Sludge Bomb|p2a: Toxapex\n|-resisted|p2a: Toxapex\n|-damage|p2a: Toxapex|36\/100\n|move|p2a: Toxapex|Toxic Spikes|p1a: 55th Goliath\n|-sidestart|p1: Jin Mori Kato|move: Toxic Spikes\n|\n|-weather|none\n|upkeep\n|turn|6\n|c|\u2606Jin Mori Kato|i will posion ur whole team bro\n|c|\u2606Jin Mori Kato|lmao lets go\n|\n|t:|1699985731\n|move|p1a: 55th Goliath|Sludge Bomb|p2a: Toxapex\n|-resisted|p2a: Toxapex\n|-damage|p2a: Toxapex|6\/100\n|move|p2a: Toxapex|Recover|p2a: Toxapex\n|-heal|p2a: Toxapex|57\/100\n|\n|upkeep\n|turn|7\n|\n|t:|1699985737\n|move|p1a: 55th Goliath|Sludge Bomb|p2a: Toxapex\n|-resisted|p2a: Toxapex\n|-damage|p2a: Toxapex|26\/100\n|move|p2a: Toxapex|Recover|p2a: Toxapex\n|-heal|p2a: Toxapex|76\/100\n|\n|upkeep\n|turn|8\n|inactive|Jin Mori Kato has 120 seconds left.\n|\n|t:|1699985742\n|move|p1a: 55th Goliath|Sludge Bomb|p2a: Toxapex\n|-resisted|p2a: Toxapex\n|-damage|p2a: Toxapex|47\/100\n|move|p2a: Toxapex|Toxic Spikes|p1a: 55th Goliath\n|-sidestart|p1: Jin Mori Kato|move: Toxic Spikes\n|\n|upkeep\n|turn|9\n|\n|t:|1699985747\n|move|p1a: 55th Goliath|Sludge Bomb|p2a: Toxapex\n|-resisted|p2a: Toxapex\n|-damage|p2a: Toxapex|16\/100\n|move|p2a: Toxapex|Recover|p2a: Toxapex\n|-heal|p2a: Toxapex|66\/100\n|\n|upkeep\n|turn|10\n|\n|t:|1699985760\n|switch|p1a: Gregar|Zacian-Crowned|100\/100\n|-damage|p1a: Gregar|88\/100|[from] Spikes\n|-ability|p1a: Gregar|Intrepid Sword|boost\n|-boost|p1a: Gregar|atk|1\n|switch|p2a: Koraidon|Koraidon|100\/100\n|-weather|SunnyDay|[from] ability: Orichalcum Pulse|[of] p2a: Koraidon\n|-activate|p2a: Koraidon|Orichalcum Pulse|[source]\n|\n|-weather|SunnyDay|[upkeep]\n|upkeep\n|turn|11\n|c|\u2606Jin Mori Kato|lmaoooo\n|\n|t:|1699985773\n|move|p2a: Koraidon|Flare Blitz|p1a: Gregar\n|-supereffective|p1a: Gregar\n|-damage|p1a: Gregar|0 fnt\n|faint|p1a: Gregar\n|-damage|p2a: Koraidon|74\/100|[from] Recoil\n|\n|-weather|SunnyDay|[upkeep]\n|upkeep\n|\n|t:|1699985781\n|switch|p1a: 55th Goliath|Eternatus, tera:Poison|100\/100\n|-damage|p1a: 55th Goliath|88\/100|[from] Spikes\n|-sideend|p1: Jin Mori Kato|move: Toxic Spikes|[of] p1a: 55th Goliath\n|-ability|p1a: 55th Goliath|Pressure\n|turn|12\n|\n|t:|1699985790\n|switch|p2a: Arceus|Arceus-Fairy|2\/100\n|move|p1a: 55th Goliath|Sludge Bomb|p2a: Arceus\n|-supereffective|p2a: Arceus\n|-damage|p2a: Arceus|0 fnt\n|faint|p2a: Arceus\n|\n|-weather|SunnyDay|[upkeep]\n|upkeep\n|c|\u2606Jin Mori Kato|so bad\n|\n|t:|1699985815\n|switch|p2a: Toxapex|Toxapex, F|99\/100\n|turn|13\n|\n|t:|1699985831\n|move|p1a: 55th Goliath|Sludge Bomb|p2a: Toxapex\n|-resisted|p2a: Toxapex\n|-damage|p2a: Toxapex|66\/100\n|move|p2a: Toxapex|Toxic Spikes|p1a: 55th Goliath\n|-sidestart|p1: Jin Mori Kato|move: Toxic Spikes\n|\n|-weather|SunnyDay|[upkeep]\n|upkeep\n|turn|14\n|\n|t:|1699985842\n|switch|p1a: Shadowphax|Calyrex-Shadow|100\/100\n|-ability|p1a: Shadowphax|As One\n|-ability|p1a: Shadowphax|Unnerve\n|-damage|p1a: Shadowphax|88\/100|[from] Spikes\n|-status|p1a: Shadowphax|psn\n|move|p2a: Toxapex|Recover|p2a: Toxapex\n|-heal|p2a: Toxapex|100\/100\n|\n|-weather|none\n|-damage|p1a: Shadowphax|76\/100 psn|[from] psn\n|upkeep\n|turn|15\n|\n|t:|1699985854\n|switch|p2a: Ting-Lu|Ting-Lu|55\/100 psn\n|-ability|p2a: Ting-Lu|Vessel of Ruin\n|move|p1a: Shadowphax|Psychic|p2a: Ting-Lu\n|-immune|p2a: Ting-Lu\n|\n|-heal|p2a: Ting-Lu|61\/100 psn|[from] item: Leftovers\n|-damage|p1a: Shadowphax|64\/100 psn|[from] psn\n|-damage|p2a: Ting-Lu|49\/100 psn|[from] psn\n|upkeep\n|turn|16\n|\n|t:|1699985863\n|switch|p1a: 32nd Lightning|Miraidon|100\/100\n|-damage|p1a: 32nd Lightning|88\/100|[from] Spikes\n|-status|p1a: 32nd Lightning|psn\n|-fieldstart|move: Electric Terrain|[from] ability: Hadron Engine|[of] p1a: 32nd Lightning\n|move|p2a: Ting-Lu|Payback|p1a: 32nd Lightning\n|-damage|p1a: 32nd Lightning|69\/100 psn\n|\n|-heal|p2a: Ting-Lu|55\/100 psn|[from] item: Leftovers\n|-damage|p1a: 32nd Lightning|57\/100 psn|[from] psn\n|-damage|p2a: Ting-Lu|43\/100 psn|[from] psn\n|upkeep\n|turn|17\n|j| AnimeZZZZ5\n|\n|t:|1699985875\n|move|p1a: 32nd Lightning|Dragon Pulse|p2a: Ting-Lu\n|-damage|p2a: Ting-Lu|15\/100 psn\n|move|p2a: Ting-Lu|Payback|p1a: 32nd Lightning\n|-damage|p1a: 32nd Lightning|17\/100 psn\n|\n|-heal|p2a: Ting-Lu|22\/100 psn|[from] item: Leftovers\n|-damage|p1a: 32nd Lightning|5\/100 psn|[from] psn\n|-damage|p2a: Ting-Lu|9\/100 psn|[from] psn\n|upkeep\n|turn|18\n|\n|t:|1699985883\n|move|p1a: 32nd Lightning|Dragon Pulse|p2a: Ting-Lu\n|-damage|p2a: Ting-Lu|0 fnt\n|faint|p2a: Ting-Lu\n|\n|-damage|p1a: 32nd Lightning|0 fnt|[from] psn\n|faint|p1a: 32nd Lightning\n|upkeep\n|\n|t:|1699985894\n|switch|p1a: 201st Junior|Rayquaza|100\/100\n|switch|p2a: Calyrex|Calyrex-Shadow|100\/100\n|-ability|p2a: Calyrex|As One\n|-ability|p2a: Calyrex|Unnerve\n|-ability|p1a: 201st Junior|Air Lock\n|turn|19\n|\n|t:|1699985919\n|move|p2a: Calyrex|Astral Barrage|p1a: 201st Junior\n|-damage|p1a: 201st Junior|7\/100\n|move|p1a: 201st Junior|Outrage|p2a: Calyrex\n|-damage|p2a: Calyrex|13\/100\n|\n|upkeep\n|turn|20\n|c|\u2606Jin Mori Kato|why do people think\n|c|\u2606Jin Mori Kato|that they can one shot my ray\n|c|\u2606Jin Mori Kato|with their mediocre astral barrages\n|c|\u2606Jin Mori Kato|smh\n|c|\u2606Jin Mori Kato|xD\n|inactive|Jin Mori Kato has 120 seconds left.\n|\n|t:|1699985940\n|move|p2a: Calyrex|Astral Barrage|p1a: 201st Junior\n|-damage|p1a: 201st Junior|0 fnt\n|faint|p1a: 201st Junior\n|-ability|p2a: Calyrex|Grim Neigh|boost\n|-boost|p2a: Calyrex|spa|1\n|\n|-fieldend|move: Electric Terrain\n|upkeep\n|inactive|Jin Mori Kato has 120 seconds left.\n|\n|t:|1699985951\n|switch|p1a: Shadowphax|Calyrex-Shadow|64\/100 psn\n|-ability|p1a: Shadowphax|As One\n|-ability|p1a: Shadowphax|Unnerve\n|-damage|p1a: Shadowphax|51\/100 psn|[from] Spikes\n|turn|21\n|inactive|Jin Mori Kato has 120 seconds left.\n|c|\u2606Jin Mori Kato|draw cowboy\n|\n|t:|1699985969\n|-terastallize|p2a: Calyrex|Normal\n|move|p1a: Shadowphax|Psychic|p2a: Calyrex\n|-damage|p2a: Calyrex|0 fnt\n|faint|p2a: Calyrex\n|-ability|p1a: Shadowphax|Grim Neigh|boost\n|-boost|p1a: Shadowphax|spa|1\n|\n|-damage|p1a: Shadowphax|39\/100 psn|[from] psn\n|upkeep\n|c|\u2606Jin Mori Kato|too ez\n|\n|t:|1699985975\n|switch|p2a: Arceus|Arceus|100\/100\n|turn|22\n|c|\u2606Jin Mori Kato|CLAPPED\n|c|\u2606Jin Mori Kato|GG\n|\n|t:|1699985980\n|move|p1a: Shadowphax|Psychic|p2a: Arceus\n|-damage|p2a: Arceus|40\/100\n|move|p2a: Arceus|Shadow Claw|p1a: Shadowphax\n|-supereffective|p1a: Shadowphax\n|-damage|p1a: Shadowphax|0 fnt\n|faint|p1a: Shadowphax\n|\n|upkeep\n|inactive|Jin Mori Kato has 120 seconds left.\n|\n|t:|1699986013\n|switch|p1a: 91st Flame|Koraidon|100\/100\n|-damage|p1a: 91st Flame|88\/100|[from] Spikes\n|-status|p1a: 91st Flame|psn\n|-weather|SunnyDay|[from] ability: Orichalcum Pulse|[of] p1a: 91st Flame\n|-activate|p1a: 91st Flame|Orichalcum Pulse|[source]\n|turn|23\n|\n|t:|1699986021\n|switch|p2a: Toxapex|Toxapex, F|100\/100\n|move|p1a: 91st Flame|Outrage|p2a: Toxapex\n|-damage|p2a: Toxapex|44\/100\n|-damage|p1a: 91st Flame|72\/100 psn|[from] item: Rocky Helmet|[of] p2a: Toxapex\n|\n|-weather|SunnyDay|[upkeep]\n|-damage|p1a: 91st Flame|59\/100 psn|[from] psn\n|upkeep\n|turn|24\n|c|\u2606Jin Mori Kato|baneful\n|c|\u2606Jin Mori Kato|buynker\n|c|\u2606Jin Mori Kato|dumbie\n|\n|t:|1699986038\n|switch|p2a: Arceus|Arceus|40\/100\n|move|p1a: 91st Flame|Outrage|p2a: Arceus|[from]lockedmove\n|-damage|p2a: Arceus|0 fnt\n|faint|p2a: Arceus\n|\n|-weather|SunnyDay|[upkeep]\n|-damage|p1a: 91st Flame|47\/100 psn|[from] psn\n|upkeep\n|c|\u2606Jin Mori Kato|need 2 arceus\n|c|\u2606Jin Mori Kato|cant win\n|c|\u2606Jin Mori Kato|\\HAHAHAHA\n|\n|t:|1699986043\n|switch|p2a: Toxapex|Toxapex, F|77\/100\n|turn|25\n|c|\u2606Jin Mori Kato|FAKE 1700\n|c|\u2606Jin Mori Kato|RANKER\n|c|\u2606Jin Mori Kato|FORFEIT\n|inactive|Jin Mori Kato has 120 seconds left.\n|\n|t:|1699986050\n|move|p1a: 91st Flame|Outrage|p2a: Toxapex|[from]lockedmove\n|-damage|p2a: Toxapex|17\/100\n|-damage|p1a: 91st Flame|30\/100 psn|[from] item: Rocky Helmet|[of] p2a: Toxapex\n|-start|p1a: 91st Flame|confusion|[fatigue]\n|move|p2a: Toxapex|Recover|p2a: Toxapex\n|-heal|p2a: Toxapex|67\/100\n|\n|-weather|SunnyDay|[upkeep]\n|-damage|p1a: 91st Flame|18\/100 psn|[from] psn\n|upkeep\n|turn|26\n|inactive|Jin Mori Kato has 120 seconds left.\n|\n|t:|1699986061\n|-activate|p1a: 91st Flame|confusion\n|move|p1a: 91st Flame|Outrage|p2a: Toxapex\n|-damage|p2a: Toxapex|10\/100\n|-damage|p1a: 91st Flame|1\/100 psn|[from] item: Rocky Helmet|[of] p2a: Toxapex\n|move|p2a: Toxapex|Recover|p2a: Toxapex\n|-heal|p2a: Toxapex|61\/100\n|\n|-weather|SunnyDay|[upkeep]\n|-damage|p1a: 91st Flame|0 fnt|[from] psn\n|faint|p1a: 91st Flame\n|upkeep\n|inactive|Jin Mori Kato has 120 seconds left.\n|c|\u2606Jin Mori Kato|so disgusting\n|c|\u2606Jin Mori Kato|u ened 2 arceus\\to pull of a stall\n|c|\u2606Jin Mori Kato|i bet u dont even know how to make love to a woman\n|c|\u2606Jin Mori Kato|xD\n|inactive|Jin Mori Kato has 90 seconds left.\n|c|\u2606Jin Mori Kato|thats how much u stall and rely on cheating to win\n|c|\u2606Jin Mori Kato|ina  kids game\n|\n|t:|1699986100\n|switch|p1a: 55th Goliath|Eternatus, tera:Poison|88\/100\n|-damage|p1a: 55th Goliath|76\/100|[from] Spikes\n|-sideend|p1: Jin Mori Kato|move: Toxic Spikes|[of] p1a: 55th Goliath\n|-ability|p1a: 55th Goliath|Pressure\n|turn|27\n|\n|t:|1699986107\n|move|p1a: 55th Goliath|Dynamax Cannon|p2a: Toxapex\n|-damage|p2a: Toxapex|6\/100\n|move|p2a: Toxapex|Recover|p2a: Toxapex\n|-heal|p2a: Toxapex|56\/100\n|\n|-weather|none\n|upkeep\n|turn|28\n|\n|t:|1699986114\n|move|p1a: 55th Goliath|Dynamax Cannon|p2a: Toxapex\n|-damage|p2a: Toxapex|5\/100\n|move|p2a: Toxapex|Recover|p2a: Toxapex\n|-heal|p2a: Toxapex|56\/100\n|\n|upkeep\n|turn|29\n|\n|t:|1699986120\n|move|p1a: 55th Goliath|Dynamax Cannon|p2a: Toxapex\n|-crit|p2a: Toxapex\n|-damage|p2a: Toxapex|0 fnt\n|faint|p2a: Toxapex\n|\n|upkeep\n|\n|t:|1699986122\n|switch|p2a: Koraidon|Koraidon|74\/100\n|-weather|SunnyDay|[from] ability: Orichalcum Pulse|[of] p2a: Koraidon\n|-activate|p2a: Koraidon|Orichalcum Pulse|[source]\n|turn|30\n|c|\u2606Jin Mori Kato|gtfo\n|c|\u2606Jin Mori Kato|my sight\n|\n|t:|1699986127\n|move|p1a: 55th Goliath|Dynamax Cannon|p2a: Koraidon\n|-supereffective|p2a: Koraidon\n|-damage|p2a: Koraidon|0 fnt\n|faint|p2a: Koraidon\n|\n|win|Jin Mori Kato\n|raw|Jin Mori Kato's rating: 1508 &rarr; <strong>1540<\/strong><br \/>(+32 for winning)\n|raw|ymmwinaround's rating: 1740 &rarr; <strong>1708<\/strong><br \/>(-32 for losing)\n","uploadtime":1699986098,"views":4,"p1id":"jinmorikato","p2id":"ymmwinaround","formatid":"gen9anythinggoes","rating":1540,"private":0,"password":""}