{"id":"gen9anythinggoes-1979028979","p1":"RedAlicorn","p2":"Li-ting","format":"[Gen 9] Anything Goes","log":"|j|\u2606RedAlicorn\n|j|\u2606Li-ting\n|t:|1698623122\n|gametype|singles\n|player|p1|RedAlicorn|unknownf|1170\n|player|p2|Li-ting|kieran|1090\n|teamsize|p1|6\n|teamsize|p2|6\n|gen|9\n|tier|[Gen 9] Anything Goes\n|rated|\n|rule|HP Percentage Mod: HP is shown in percentages\n|rule|Endless Battle Clause: Forcing endless battles is banned\n|clearpoke\n|poke|p1|Noivern, F|\n|poke|p1|Meowscarada, F|\n|poke|p1|Cinderace, F|\n|poke|p1|Annihilape, F|\n|poke|p1|Kyogre|\n|poke|p1|Zacian-*|\n|poke|p2|Scream Tail|\n|poke|p2|Clefable, M|\n|poke|p2|Sylveon, F|\n|poke|p2|Scizor, F|\n|poke|p2|Drifblim, M|\n|poke|p2|Espathra, F|\n|teampreview\n|\n|t:|1698623134\n|start\n|switch|p1a: Noivern|Noivern, F|100\/100\n|switch|p2a: Clefable|Clefable, M|100\/100\n|-item|p2a: Clefable|Weakness Policy|[from] ability: Frisk|[of] p1a: Noivern|[identify]\n|turn|1\n|\n|t:|1698623146\n|move|p1a: Noivern|Air Slash|p2a: Clefable\n|-damage|p2a: Clefable|78\/100\n|cant|p2a: Clefable|flinch\n|\n|upkeep\n|turn|2\n|\n|t:|1698623153\n|move|p1a: Noivern|Flamethrower|p2a: Clefable\n|-damage|p2a: Clefable|62\/100\n|move|p2a: Clefable|Cosmic Power|p2a: Clefable\n|-boost|p2a: Clefable|def|1\n|-boost|p2a: Clefable|spd|1\n|\n|upkeep\n|turn|3\n|\n|t:|1698623161\n|move|p1a: Noivern|Psychic|p2a: Clefable\n|-damage|p2a: Clefable|51\/100\n|move|p2a: Clefable|Cosmic Power|p2a: Clefable\n|-boost|p2a: Clefable|def|1\n|-boost|p2a: Clefable|spd|1\n|\n|upkeep\n|turn|4\n|\n|t:|1698623169\n|move|p1a: Noivern|Air Slash|p2a: Clefable\n|-damage|p2a: Clefable|39\/100\n|move|p2a: Clefable|Substitute|p2a: Clefable\n|-start|p2a: Clefable|Substitute\n|-damage|p2a: Clefable|14\/100\n|\n|upkeep\n|turn|5\n|\n|t:|1698623176\n|move|p1a: Noivern|Air Slash|p2a: Clefable\n|-activate|p2a: Clefable|move: Substitute|[damage]\n|move|p2a: Clefable|Cosmic Power|p2a: Clefable\n|-boost|p2a: Clefable|def|1\n|-boost|p2a: Clefable|spd|1\n|\n|upkeep\n|turn|6\n|\n|t:|1698623184\n|move|p1a: Noivern|Flamethrower|p2a: Clefable\n|-activate|p2a: Clefable|move: Substitute|[damage]\n|move|p2a: Clefable|Baton Pass|p2a: Clefable\n|\n|t:|1698623190\n|switch|p2a: Espathra|Espathra, F|100\/100|[from] Baton Pass\n|\n|upkeep\n|turn|7\n|\n|t:|1698623196\n|move|p1a: Noivern|Flamethrower|p2a: Espathra\n|-end|p2a: Espathra|Substitute\n|move|p2a: Espathra|Calm Mind|p2a: Espathra\n|-boost|p2a: Espathra|spa|1\n|-boost|p2a: Espathra|spd|1\n|\n|-ability|p2a: Espathra|Speed Boost|boost\n|-boost|p2a: Espathra|spe|1\n|upkeep\n|turn|8\n|\n|t:|1698623207\n|move|p2a: Espathra|Substitute|p2a: Espathra\n|-start|p2a: Espathra|Substitute\n|-damage|p2a: Espathra|76\/100\n|move|p1a: Noivern|Dragon Pulse|p2a: Espathra\n|-activate|p2a: Espathra|move: Substitute|[damage]\n|\n|-heal|p2a: Espathra|82\/100|[from] item: Leftovers\n|-ability|p2a: Espathra|Speed Boost|boost\n|-boost|p2a: Espathra|spe|1\n|upkeep\n|turn|9\n|\n|t:|1698623224\n|move|p2a: Espathra|Calm Mind|p2a: Espathra\n|-boost|p2a: Espathra|spa|1\n|-boost|p2a: Espathra|spd|1\n|move|p1a: Noivern|Air Slash|p2a: Espathra\n|-end|p2a: Espathra|Substitute\n|\n|-heal|p2a: Espathra|88\/100|[from] item: Leftovers\n|-ability|p2a: Espathra|Speed Boost|boost\n|-boost|p2a: Espathra|spe|1\n|upkeep\n|turn|10\n|\n|t:|1698623236\n|move|p2a: Espathra|Substitute|p2a: Espathra\n|-start|p2a: Espathra|Substitute\n|-damage|p2a: Espathra|63\/100\n|move|p1a: Noivern|Air Slash|p2a: Espathra\n|-activate|p2a: Espathra|move: Substitute|[damage]\n|\n|-heal|p2a: Espathra|69\/100|[from] item: Leftovers\n|-ability|p2a: Espathra|Speed Boost|boost\n|-boost|p2a: Espathra|spe|1\n|upkeep\n|turn|11\n|\n|t:|1698623246\n|switch|p1a: Zacian|Zacian-Crowned|100\/100\n|-ability|p1a: Zacian|Intrepid Sword|boost\n|-boost|p1a: Zacian|atk|1\n|move|p2a: Espathra|Calm Mind|p2a: Espathra\n|-boost|p2a: Espathra|spa|1\n|-boost|p2a: Espathra|spd|1\n|\n|-heal|p2a: Espathra|75\/100|[from] item: Leftovers\n|-ability|p2a: Espathra|Speed Boost|boost\n|-boost|p2a: Espathra|spe|1\n|upkeep\n|turn|12\n|\n|t:|1698623259\n|move|p2a: Espathra|Baton Pass|p2a: Espathra\n|\n|t:|1698623262\n|switch|p2a: Scizor|Scizor, F|100\/100|[from] Baton Pass\n|move|p1a: Zacian|Behemoth Blade|p2a: Scizor\n|-resisted|p2a: Scizor\n|-end|p2a: Scizor|Substitute\n|\n|upkeep\n|turn|13\n|\n|t:|1698623273\n|move|p2a: Scizor|Swords Dance|p2a: Scizor\n|-boost|p2a: Scizor|atk|2\n|move|p1a: Zacian|Sacred Sword|p2a: Scizor\n|-damage|p2a: Scizor|33\/100\n|\n|upkeep\n|turn|14\n|\n|t:|1698623280\n|move|p2a: Scizor|Baton Pass|p2a: Scizor\n|\n|t:|1698623282\n|switch|p2a: Drifblim|Drifblim, M|100\/100|[from] Baton Pass\n|move|p1a: Zacian|Sacred Sword|p2a: Drifblim\n|-immune|p2a: Drifblim\n|\n|upkeep\n|turn|15\n|\n|t:|1698623293\n|move|p2a: Drifblim|Minimize|p2a: Drifblim\n|-boost|p2a: Drifblim|evasion|2\n|move|p1a: Zacian|Behemoth Blade|p2a: Drifblim|[miss]\n|-miss|p1a: Zacian|p2a: Drifblim\n|\n|upkeep\n|turn|16\n|\n|t:|1698623307\n|move|p2a: Drifblim|Minimize|p2a: Drifblim\n|-boost|p2a: Drifblim|evasion|2\n|move|p1a: Zacian|Sacred Sword|p2a: Drifblim\n|-immune|p2a: Drifblim\n|\n|upkeep\n|turn|17\n|\n|t:|1698623315\n|move|p2a: Drifblim|Minimize|p2a: Drifblim\n|-boost|p2a: Drifblim|evasion|2\n|move|p1a: Zacian|Play Rough|p2a: Drifblim\n|-damage|p2a: Drifblim|58\/100\n|-unboost|p2a: Drifblim|atk|1\n|\n|upkeep\n|turn|18\n|\n|t:|1698623325\n|move|p2a: Drifblim|Thunder Wave|p1a: Zacian\n|-status|p1a: Zacian|par\n|cant|p1a: Zacian|par\n|\n|upkeep\n|turn|19\n|\n|t:|1698623331\n|move|p2a: Drifblim|Substitute|p2a: Drifblim\n|-start|p2a: Drifblim|Substitute\n|-damage|p2a: Drifblim|33\/100\n|cant|p1a: Zacian|par\n|\n|upkeep\n|turn|20\n|\n|t:|1698623337\n|move|p2a: Drifblim|Baton Pass|p2a: Drifblim\n|\n|t:|1698623342\n|switch|p2a: Scream Tail|Scream Tail|100\/100|[from] Baton Pass\n|move|p1a: Zacian|Play Rough|p2a: Scream Tail|[miss]\n|-miss|p1a: Zacian|p2a: Scream Tail\n|\n|upkeep\n|turn|21\n|\n|t:|1698623350\n|move|p2a: Scream Tail|Bulk Up|p2a: Scream Tail\n|-boost|p2a: Scream Tail|atk|1\n|-boost|p2a: Scream Tail|def|1\n|move|p1a: Zacian|Behemoth Blade|p2a: Scream Tail\n|-supereffective|p2a: Scream Tail\n|-end|p2a: Scream Tail|Substitute\n|\n|upkeep\n|turn|22\n|\n|t:|1698623361\n|-terastallize|p2a: Scream Tail|Poison\n|move|p2a: Scream Tail|Substitute|p2a: Scream Tail\n|-start|p2a: Scream Tail|Substitute\n|-damage|p2a: Scream Tail|76\/100\n|move|p1a: Zacian|Behemoth Blade|p2a: Scream Tail|[miss]\n|-miss|p1a: Zacian|p2a: Scream Tail\n|\n|-heal|p2a: Scream Tail|82\/100|[from] item: Leftovers\n|upkeep\n|turn|23\n|\n|t:|1698623373\n|move|p2a: Scream Tail|Bulk Up|p2a: Scream Tail\n|-boost|p2a: Scream Tail|atk|1\n|-boost|p2a: Scream Tail|def|1\n|move|p1a: Zacian|Psychic Fangs|p2a: Scream Tail|[miss]\n|-miss|p1a: Zacian|p2a: Scream Tail\n|\n|-heal|p2a: Scream Tail|88\/100|[from] item: Leftovers\n|upkeep\n|turn|24\n|\n|t:|1698623385\n|move|p2a: Scream Tail|Bulk Up|p2a: Scream Tail\n|-boost|p2a: Scream Tail|atk|1\n|-boost|p2a: Scream Tail|def|1\n|move|p1a: Zacian|Psychic Fangs|p2a: Scream Tail\n|-supereffective|p2a: Scream Tail\n|-activate|p2a: Scream Tail|move: Substitute|[damage]\n|\n|-heal|p2a: Scream Tail|94\/100|[from] item: Leftovers\n|upkeep\n|turn|25\n|\n|t:|1698623396\n|move|p2a: Scream Tail|Baton Pass|p2a: Scream Tail\n|\n|t:|1698623398\n|-end|p2a: Scream Tail|Protosynthesis|[silent]\n|switch|p2a: Sylveon|Sylveon, F|100\/100|[from] Baton Pass\n|cant|p1a: Zacian|par\n|\n|upkeep\n|turn|26\n|\n|t:|1698623405\n|move|p2a: Sylveon|Stored Power|p1a: Zacian\n|-resisted|p1a: Zacian\n|-damage|p1a: Zacian|0 fnt\n|faint|p1a: Zacian\n|\n|upkeep\n|\n|t:|1698623412\n|switch|p1a: Meowscarada|Meowscarada, F|100\/100\n|turn|27\n|\n|t:|1698623425\n|move|p2a: Sylveon|Hyper Voice|p1a: Meowscarada\n|-supereffective|p1a: Meowscarada\n|-damage|p1a: Meowscarada|0 fnt\n|faint|p1a: Meowscarada\n|\n|upkeep\n|\n|t:|1698623432\n|switch|p1a: Kyogre|Kyogre|100\/100\n|-weather|RainDance|[from] ability: Drizzle|[of] p1a: Kyogre\n|turn|28\n|\n|t:|1698623436\n|move|p2a: Sylveon|Stored Power|p1a: Kyogre\n|-damage|p1a: Kyogre|0 fnt\n|faint|p1a: Kyogre\n|\n|-weather|RainDance|[upkeep]\n|upkeep\n|\n|t:|1698623443\n|switch|p1a: Annihilape|Annihilape, F|100\/100\n|turn|29\n|\n|t:|1698623446\n|move|p2a: Sylveon|Stored Power|p1a: Annihilape\n|-supereffective|p1a: Annihilape\n|-damage|p1a: Annihilape|0 fnt\n|faint|p1a: Annihilape\n|\n|-weather|RainDance|[upkeep]\n|upkeep\n|\n|t:|1698623453\n|switch|p1a: Noivern|Noivern, F|100\/100\n|-item|p2a: Sylveon|Leftovers|[from] ability: Frisk|[of] p1a: Noivern|[identify]\n|turn|30\n|\n|t:|1698623460\n|move|p2a: Sylveon|Stored Power|p1a: Noivern\n|-damage|p1a: Noivern|0 fnt\n|faint|p1a: Noivern\n|\n|-weather|RainDance|[upkeep]\n|upkeep\n|\n|t:|1698623466\n|switch|p1a: Cinderace|Cinderace, F|100\/100\n|turn|31\n|\n|t:|1698623470\n|move|p1a: Cinderace|Sucker Punch|p2a: Sylveon\n|-start|p1a: Cinderace|typechange|Dark|[from] ability: Libero\n|-resisted|p2a: Sylveon\n|-end|p2a: Sylveon|Substitute\n|move|p2a: Sylveon|Stored Power|p1a: Cinderace\n|-immune|p1a: Cinderace\n|\n|-weather|RainDance|[upkeep]\n|upkeep\n|turn|32\n|\n|t:|1698623481\n|move|p2a: Sylveon|Hyper Voice|p1a: Cinderace\n|-supereffective|p1a: Cinderace\n|-crit|p1a: Cinderace\n|-damage|p1a: Cinderace|0 fnt\n|faint|p1a: Cinderace\n|\n|win|Li-ting\n|raw|RedAlicorn's rating: 1170 &rarr; <strong>1139<\/strong><br \/>(-31 for losing)\n|raw|Li-ting's rating: 1090 &rarr; <strong>1122<\/strong><br \/>(+32 for winning)\n|l|\u2606Li-ting\n|c|\u2606RedAlicorn|Wtf was that?\n","uploadtime":1698623510,"views":17,"p1id":"redalicorn","p2id":"liting","formatid":"gen9anythinggoes","rating":1122,"private":0,"password":""}