{"id":"gen9anythinggoes-1998760162","p1":"cbreezy222","p2":"Annler_Regi","format":"[Gen 9] Anything Goes","log":"|j|\u2606cbreezy222\n|j|\u2606Annler_Regi\n|t:|1700985092\n|gametype|singles\n|player|p1|cbreezy222|2|\n|player|p2|Annler_Regi|selene|\n|teamsize|p1|6\n|teamsize|p2|6\n|gen|9\n|tier|[Gen 9] Anything Goes\n|rule|HP Percentage Mod: HP is shown in percentages\n|rule|Endless Battle Clause: Forcing endless battles is banned\n|clearpoke\n|poke|p1|Darkrai|\n|poke|p1|Sylveon, M|\n|poke|p1|Gliscor, M|\n|poke|p1|Rayquaza|\n|poke|p1|Gyarados, F|\n|poke|p1|Volcarona, M|\n|poke|p2|Ursaluna, M|\n|poke|p2|Hoopa|\n|poke|p2|Pawmot, M|\n|poke|p2|Toxapex, F|\n|poke|p2|Slowbro-Galar, M|\n|poke|p2|Scream Tail|\n|teampreview\n|inactive|Battle timer is ON: inactive players will automatically lose when time's up. (requested by Annler_Regi)\n|inactive|Annler_Regi has 270 seconds left.\n|\n|t:|1700985147\n|start\n|switch|p1a: Rayquaza|Rayquaza|100\/100\n|switch|p2a: Patootie 4.0|Scream Tail|100\/100\n|-ability|p1a: Rayquaza|Air Lock\n|turn|1\n|\n|t:|1700985167\n|switch|p1a: Gyarados|Gyarados, F|100\/100\n|-ability|p1a: Gyarados|Intimidate|boost\n|-unboost|p2a: Patootie 4.0|atk|1\n|move|p2a: Patootie 4.0|Trick Room|p2a: Patootie 4.0\n|-fieldstart|move: Trick Room|[of] p2a: Patootie 4.0\n|\n|upkeep\n|turn|2\n|\n|t:|1700985177\n|move|p1a: Gyarados|Lash Out|p2a: Patootie 4.0\n|-damage|p2a: Patootie 4.0|86\/100\n|move|p2a: Patootie 4.0|Wish|p2a: Patootie 4.0\n|\n|upkeep\n|turn|3\n|\n|t:|1700985183\n|-end|p2a: Patootie 4.0|Protosynthesis|[silent]\n|switch|p2a: Grumpy the Bear|Ursaluna, M|100\/100\n|move|p1a: Gyarados|Dragon Dance|p1a: Gyarados\n|-boost|p1a: Gyarados|atk|1\n|-boost|p1a: Gyarados|spe|1\n|\n|-status|p2a: Grumpy the Bear|brn|[from] item: Flame Orb\n|upkeep\n|turn|4\n|\n|t:|1700985196\n|-terastallize|p2a: Grumpy the Bear|Normal\n|move|p2a: Grumpy the Bear|Facade|p1a: Gyarados\n|-damage|p1a: Gyarados|0 fnt\n|faint|p1a: Gyarados\n|\n|-damage|p2a: Grumpy the Bear|94\/100 brn|[from] brn\n|upkeep\n|\n|t:|1700985209\n|switch|p1a: Sylveon|Sylveon, M|100\/100\n|turn|5\n|\n|t:|1700985214\n|move|p2a: Grumpy the Bear|Facade|p1a: Sylveon\n|-damage|p1a: Sylveon|0 fnt\n|faint|p1a: Sylveon\n|\n|-damage|p2a: Grumpy the Bear|88\/100 brn|[from] brn\n|-fieldend|move: Trick Room\n|upkeep\n|c|\u2606cbreezy222|o no\n|c|\u2606Annler_Regi|Oh yea\n|\n|t:|1700985227\n|switch|p1a: Gliscor|Gliscor, M|100\/100\n|turn|6\n|\n|t:|1700985232\n|switch|p2a: Slowbro|Slowbro-Galar, M|100\/100\n|move|p1a: Gliscor|Earthquake|p2a: Slowbro\n|-supereffective|p2a: Slowbro\n|-damage|p2a: Slowbro|47\/100\n|\n|-status|p1a: Gliscor|tox|[from] item: Toxic Orb\n|upkeep\n|turn|7\n|\n|t:|1700985251\n|switch|p2a: Patootie 4.0|Scream Tail|86\/100\n|move|p1a: Gliscor|Earthquake|p2a: Patootie 4.0\n|-damage|p2a: Patootie 4.0|62\/100\n|\n|upkeep\n|turn|8\n|\n|t:|1700985258\n|move|p1a: Gliscor|Toxic|p2a: Patootie 4.0\n|-status|p2a: Patootie 4.0|tox\n|move|p2a: Patootie 4.0|Trick Room|p2a: Patootie 4.0\n|-fieldstart|move: Trick Room|[of] p2a: Patootie 4.0\n|\n|-damage|p2a: Patootie 4.0|56\/100 tox|[from] psn\n|upkeep\n|turn|9\n|\n|t:|1700985268\n|move|p1a: Gliscor|Earthquake|p2a: Patootie 4.0\n|-damage|p2a: Patootie 4.0|33\/100 tox\n|move|p2a: Patootie 4.0|Wish|p2a: Patootie 4.0\n|\n|-damage|p2a: Patootie 4.0|21\/100 tox|[from] psn\n|upkeep\n|turn|10\n|\n|t:|1700985273\n|-end|p2a: Patootie 4.0|Protosynthesis|[silent]\n|switch|p2a: Grumpy the Bear|Ursaluna, M, tera:Normal|88\/100 brn\n|move|p1a: Gliscor|Earthquake|p2a: Grumpy the Bear\n|-damage|p2a: Grumpy the Bear|62\/100 brn\n|\n|-heal|p2a: Grumpy the Bear|100\/100 brn|[from] move: Wish|[wisher] Patootie 4.0\n|-damage|p2a: Grumpy the Bear|94\/100 brn|[from] brn\n|upkeep\n|turn|11\n|c|\u2606cbreezy222|pls grumpy\n|c|\u2606cbreezy222|you dont have to do this\n|inactive|cbreezy222 has 270 seconds left.\n|c|\u2606Annler_Regi|Nah ah Nah ah\n|c|\u2606Annler_Regi|You flinched me\n|\n|t:|1700985312\n|move|p2a: Grumpy the Bear|Facade|p1a: Gliscor\n|-crit|p1a: Gliscor\n|-damage|p1a: Gliscor|0 fnt\n|faint|p1a: Gliscor\n|\n|-damage|p2a: Grumpy the Bear|88\/100 brn|[from] brn\n|upkeep\n|c|\u2606Annler_Regi|Two of your Mons\n|c|\u2606Annler_Regi|WILL die\n|c|\u2606Annler_Regi|Choose\n|\n|t:|1700985318\n|switch|p1a: Rayquaza|Rayquaza|100\/100\n|-ability|p1a: Rayquaza|Air Lock\n|turn|12\n|inactive|cbreezy222 has 270 seconds left.\n|\n|t:|1700985326\n|move|p2a: Grumpy the Bear|Facade|p1a: Rayquaza\n|-damage|p1a: Rayquaza|0 fnt\n|faint|p1a: Rayquaza\n|\n|-damage|p2a: Grumpy the Bear|82\/100 brn|[from] brn\n|-fieldend|move: Trick Room\n|upkeep\n|inactive|cbreezy222 has 270 seconds left.\n|\n|t:|1700985332\n|switch|p1a: Darkrai|Darkrai|100\/100\n|turn|13\n|\n|t:|1700985345\n|switch|p2a: You Know 2.0|Toxapex, F, shiny|100\/100\n|move|p1a: Darkrai|Dark Pulse|p2a: You Know 2.0\n|-damage|p2a: You Know 2.0|75\/100\n|\n|upkeep\n|turn|14\n|\n|t:|1700985361\n|move|p1a: Darkrai|Psychic|p2a: You Know 2.0\n|-supereffective|p2a: You Know 2.0\n|-damage|p2a: You Know 2.0|35\/100\n|move|p2a: You Know 2.0|Toxic Spikes|p1a: Darkrai\n|-sidestart|p1: cbreezy222|move: Toxic Spikes\n|\n|upkeep\n|turn|15\n|\n|t:|1700985384\n|switch|p2a: Slowbro|Slowbro-Galar, M|80\/100\n|move|p1a: Darkrai|Psychic|p2a: Slowbro\n|-damage|p2a: Slowbro|50\/100\n|\n|upkeep\n|turn|16\n|\n|t:|1700985391\n|switch|p2a: You Know 2.0|Toxapex, F, shiny|68\/100\n|move|p1a: Darkrai|Dark Pulse|p2a: You Know 2.0\n|-damage|p2a: You Know 2.0|39\/100\n|\n|upkeep\n|turn|17\n|\n|t:|1700985397\n|switch|p2a: Slowbro|Slowbro-Galar, M|83\/100\n|move|p1a: Darkrai|Dark Pulse|p2a: Slowbro\n|-supereffective|p2a: Slowbro\n|-damage|p2a: Slowbro|8\/100\n|\n|upkeep\n|turn|18\n|\n|t:|1700985409\n|switch|p2a: Patootie 4.0|Scream Tail|21\/100 tox\n|move|p1a: Darkrai|Dark Pulse|p2a: Patootie 4.0\n|-damage|p2a: Patootie 4.0|0 fnt\n|faint|p2a: Patootie 4.0\n|-end|p2a: Patootie 4.0|Protosynthesis|[silent]\n|\n|upkeep\n|\n|t:|1700985419\n|switch|p2a: You Know 1.0|Pawmot, M|100\/100\n|turn|19\n|\n|t:|1700985424\n|switch|p1a: Volcarona|Volcarona, M|100\/100\n|-status|p1a: Volcarona|psn\n|move|p2a: You Know 1.0|Mach Punch|p1a: Volcarona\n|-resisted|p1a: Volcarona\n|-damage|p1a: Volcarona|89\/100 psn\n|\n|-heal|p1a: Volcarona|95\/100 psn|[from] item: Leftovers\n|-damage|p1a: Volcarona|83\/100 psn|[from] psn\n|upkeep\n|turn|20\n|\n|t:|1700985444\n|switch|p2a: Slowbro|Slowbro-Galar, M|41\/100\n|move|p1a: Volcarona|Quiver Dance|p1a: Volcarona\n|-boost|p1a: Volcarona|spa|1\n|-boost|p1a: Volcarona|spd|1\n|-boost|p1a: Volcarona|spe|1\n|\n|-heal|p1a: Volcarona|89\/100 psn|[from] item: Leftovers\n|-damage|p1a: Volcarona|77\/100 psn|[from] psn\n|upkeep\n|turn|21\n|\n|t:|1700985457\n|move|p1a: Volcarona|Fiery Dance|p2a: Slowbro\n|-damage|p2a: Slowbro|0 fnt\n|faint|p2a: Slowbro\n|\n|-heal|p1a: Volcarona|83\/100 psn|[from] item: Leftovers\n|-damage|p1a: Volcarona|70\/100 psn|[from] psn\n|upkeep\n|\n|t:|1700985467\n|switch|p2a: You Know 1.0|Pawmot, M|100\/100\n|turn|22\n|\n|t:|1700985470\n|move|p2a: You Know 1.0|Fake Out|p1a: Volcarona\n|-damage|p1a: Volcarona|54\/100 psn\n|-status|p2a: You Know 1.0|brn|[from] ability: Flame Body|[of] p1a: Volcarona\n|cant|p1a: Volcarona|flinch\n|\n|-heal|p1a: Volcarona|60\/100 psn|[from] item: Leftovers\n|-damage|p1a: Volcarona|48\/100 psn|[from] psn\n|-damage|p2a: You Know 1.0|94\/100 brn|[from] brn\n|upkeep\n|turn|23\n|\n|t:|1700985480\n|move|p2a: You Know 1.0|Protect|p2a: You Know 1.0\n|-singleturn|p2a: You Know 1.0|Protect\n|move|p1a: Volcarona|Giga Drain|p2a: You Know 1.0\n|-activate|p2a: You Know 1.0|move: Protect\n|\n|-heal|p1a: Volcarona|54\/100 psn|[from] item: Leftovers\n|-damage|p1a: Volcarona|41\/100 psn|[from] psn\n|-damage|p2a: You Know 1.0|88\/100 brn|[from] brn\n|upkeep\n|turn|24\n|\n|t:|1700985488\n|switch|p2a: Hoopster|Hoopa|100\/100\n|move|p1a: Volcarona|Giga Drain|p2a: Hoopster\n|-damage|p2a: Hoopster|68\/100\n|-heal|p1a: Volcarona|56\/100 psn|[from] drain|[of] p2a: Hoopster\n|\n|-heal|p1a: Volcarona|62\/100 psn|[from] item: Leftovers\n|-damage|p1a: Volcarona|50\/100 psn|[from] psn\n|upkeep\n|turn|25\n|\n|t:|1700985503\n|move|p2a: Hoopster|Hyperspace Hole|p1a: Volcarona\n|-damage|p1a: Volcarona|25\/100 psn\n|move|p1a: Volcarona|Giga Drain|p2a: Hoopster\n|-crit|p2a: Hoopster\n|-damage|p2a: Hoopster|15\/100\n|-heal|p1a: Volcarona|48\/100 psn|[from] drain|[of] p2a: Hoopster\n|\n|-heal|p1a: Volcarona|55\/100 psn|[from] item: Leftovers\n|-damage|p1a: Volcarona|42\/100 psn|[from] psn\n|upkeep\n|turn|26\n|c|\u2606Annler_Regi|oh\n|c|\u2606Annler_Regi|my\n|c|\u2606Annler_Regi|god\n|\n|t:|1700985519\n|move|p2a: Hoopster|Hyperspace Hole|p1a: Volcarona\n|-damage|p1a: Volcarona|17\/100 psn\n|move|p1a: Volcarona|Giga Drain|p2a: Hoopster\n|-damage|p2a: Hoopster|0 fnt\n|-heal|p1a: Volcarona|23\/100 psn|[from] drain|[of] p2a: Hoopster\n|faint|p2a: Hoopster\n|\n|-heal|p1a: Volcarona|29\/100 psn|[from] item: Leftovers\n|-damage|p1a: Volcarona|17\/100 psn|[from] psn\n|upkeep\n|c|\u2606cbreezy222|I PREVAIL\n|\n|t:|1700985526\n|switch|p2a: You Know 1.0|Pawmot, M|88\/100 brn\n|turn|27\n|\n|t:|1700985540\n|move|p2a: You Know 1.0|Fake Out|p1a: Volcarona\n|-damage|p1a: Volcarona|9\/100 psn\n|cant|p1a: Volcarona|flinch\n|\n|-heal|p1a: Volcarona|15\/100 psn|[from] item: Leftovers\n|-damage|p1a: Volcarona|3\/100 psn|[from] psn\n|-damage|p2a: You Know 1.0|82\/100 brn|[from] brn\n|upkeep\n|turn|28\n|\n|t:|1700985548\n|move|p2a: You Know 1.0|Mach Punch|p1a: Volcarona\n|-resisted|p1a: Volcarona\n|-damage|p1a: Volcarona|0 fnt\n|faint|p1a: Volcarona\n|\n|-damage|p2a: You Know 1.0|76\/100 brn|[from] brn\n|upkeep\n|\n|t:|1700985554\n|switch|p1a: Darkrai|Darkrai|100\/100\n|-status|p1a: Darkrai|psn\n|turn|29\n|\n|t:|1700985573\n|move|p2a: You Know 1.0|Protect|p2a: You Know 1.0\n|-singleturn|p2a: You Know 1.0|Protect\n|move|p1a: Darkrai|Dark Pulse|p2a: You Know 1.0\n|-activate|p2a: You Know 1.0|move: Protect\n|\n|-damage|p1a: Darkrai|88\/100 psn|[from] psn\n|-damage|p2a: You Know 1.0|70\/100 brn|[from] brn\n|upkeep\n|turn|30\n|\n|t:|1700985582\n|switch|p2a: You Know 2.0|Toxapex, F, shiny|73\/100\n|move|p1a: Darkrai|Psychic|p2a: You Know 2.0\n|-supereffective|p2a: You Know 2.0\n|-damage|p2a: You Know 2.0|30\/100\n|\n|-heal|p1a: Darkrai|94\/100 psn|[from] item: Leftovers\n|-damage|p1a: Darkrai|82\/100 psn|[from] psn\n|upkeep\n|turn|31\n|\n|t:|1700985595\n|switch|p2a: You Know 1.0|Pawmot, M|70\/100 brn\n|move|p1a: Darkrai|Dark Pulse|p2a: You Know 1.0\n|-resisted|p2a: You Know 1.0\n|-damage|p2a: You Know 1.0|31\/100 brn\n|\n|-heal|p1a: Darkrai|88\/100 psn|[from] item: Leftovers\n|-damage|p1a: Darkrai|76\/100 psn|[from] psn\n|-damage|p2a: You Know 1.0|25\/100 brn|[from] brn\n|upkeep\n|turn|32\n|\n|t:|1700985604\n|move|p2a: You Know 1.0|Fake Out|p1a: Darkrai\n|-damage|p1a: Darkrai|69\/100 psn\n|cant|p1a: Darkrai|flinch\n|\n|-heal|p1a: Darkrai|75\/100 psn|[from] item: Leftovers\n|-damage|p1a: Darkrai|63\/100 psn|[from] psn\n|-damage|p2a: You Know 1.0|19\/100 brn|[from] brn\n|upkeep\n|turn|33\n|\n|t:|1700985612\n|move|p2a: You Know 1.0|Mach Punch|p1a: Darkrai\n|-supereffective|p1a: Darkrai\n|-damage|p1a: Darkrai|41\/100 psn\n|move|p1a: Darkrai|Psychic|p2a: You Know 1.0\n|-supereffective|p2a: You Know 1.0\n|-damage|p2a: You Know 1.0|0 fnt\n|faint|p2a: You Know 1.0\n|\n|-heal|p1a: Darkrai|47\/100 psn|[from] item: Leftovers\n|-damage|p1a: Darkrai|35\/100 psn|[from] psn\n|upkeep\n|\n|t:|1700985616\n|switch|p2a: You Know 2.0|Toxapex, F, shiny|64\/100\n|turn|34\n|\n|t:|1700985624\n|move|p1a: Darkrai|Psychic|p2a: You Know 2.0\n|-supereffective|p2a: You Know 2.0\n|-damage|p2a: You Know 2.0|19\/100\n|move|p2a: You Know 2.0|Recover|p2a: You Know 2.0\n|-heal|p2a: You Know 2.0|69\/100\n|\n|-heal|p1a: Darkrai|41\/100 psn|[from] item: Leftovers\n|-damage|p1a: Darkrai|29\/100 psn|[from] psn\n|upkeep\n|turn|35\n|\n|t:|1700985633\n|move|p1a: Darkrai|Facade|p2a: You Know 2.0\n|-damage|p2a: You Know 2.0|48\/100\n|-damage|p1a: Darkrai|12\/100 psn|[from] item: Rocky Helmet|[of] p2a: You Know 2.0\n|move|p2a: You Know 2.0|Recover|p2a: You Know 2.0\n|-heal|p2a: You Know 2.0|98\/100\n|\n|-heal|p1a: Darkrai|19\/100 psn|[from] item: Leftovers\n|-damage|p1a: Darkrai|6\/100 psn|[from] psn\n|upkeep\n|turn|36\n|c|\u2606Annler_Regi|ggs ggs\n|c|\u2606Annler_Regi|close game\n|c|\u2606Annler_Regi|But I LOVE\n|c|\u2606Annler_Regi|my bear\n|c|\u2606cbreezy222|bear op ngl\n|\n|t:|1700985653\n|move|p1a: Darkrai|Psychic|p2a: You Know 2.0\n|-supereffective|p2a: You Know 2.0\n|-damage|p2a: You Know 2.0|57\/100\n|move|p2a: You Know 2.0|Recover|p2a: You Know 2.0\n|-heal|p2a: You Know 2.0|100\/100\n|\n|-heal|p1a: Darkrai|12\/100 psn|[from] item: Leftovers\n|-damage|p1a: Darkrai|0 fnt|[from] psn\n|faint|p1a: Darkrai\n|\n|win|Annler_Regi\n|upkeep\n|c|\u2606Annler_Regi|YES\n|c|\u2606Annler_Regi|I KNOW\n|c|\u2606Annler_Regi|But still, I  love him\n|l|\u2606cbreezy222\n","uploadtime":1700985673,"views":7,"p1id":"cbreezy222","p2id":"annlerregi","formatid":"gen9anythinggoes","rating":0,"private":0,"password":""}