{"id":"gen9anythinggoes-1974646713","p1":"Seosh","p2":"ReallyOutOfNames","format":"[Gen 9] Anything Goes","log":"|j|\u2606Seosh\n|j|\u2606ReallyOutOfNames\n|t:|1698106219\n|gametype|singles\n|player|p1|Seosh|ingo-masters|1195\n|player|p2|ReallyOutOfNames|266|1084\n|teamsize|p1|6\n|teamsize|p2|6\n|gen|9\n|tier|[Gen 9] Anything Goes\n|rated|\n|rule|HP Percentage Mod: HP is shown in percentages\n|rule|Endless Battle Clause: Forcing endless battles is banned\n|clearpoke\n|poke|p1|Garganacl, M|\n|poke|p1|Kingambit, F|\n|poke|p1|Annihilape, F|\n|poke|p1|Lokix, F|\n|poke|p1|Zoroark-Hisui, F|\n|poke|p1|Baxcalibur, F|\n|poke|p2|Iron Valiant|\n|poke|p2|Ceruledge, M|\n|poke|p2|Gliscor, M|\n|poke|p2|Haxorus, M|\n|poke|p2|Weavile, M|\n|poke|p2|Espathra, F|\n|teampreview\n|\n|t:|1698106235\n|start\n|switch|p1a: Monkey|Annihilape, F|100\/100\n|switch|p2a: Weavile|Weavile, M|100\/100\n|turn|1\n|\n|t:|1698106241\n|move|p2a: Weavile|Agility|p2a: Weavile\n|-boost|p2a: Weavile|spe|2\n|move|p1a: Monkey|Drain Punch|p2a: Weavile\n|-supereffective|p2a: Weavile\n|-damage|p2a: Weavile|0 fnt\n|faint|p2a: Weavile\n|\n|upkeep\n|\n|t:|1698106250\n|switch|p2a: Gliscor|Gliscor, M|100\/100\n|turn|2\n|\n|t:|1698106255\n|move|p1a: Monkey|Taunt|p2a: Gliscor\n|-start|p2a: Gliscor|move: Taunt\n|move|p2a: Gliscor|Dual Wingbeat|p1a: Monkey\n|-supereffective|p1a: Monkey\n|-damage|p1a: Monkey|69\/100\n|-supereffective|p1a: Monkey\n|-damage|p1a: Monkey|39\/100\n|-hitcount|p1a: Monkey|2\n|\n|-heal|p1a: Monkey|45\/100|[from] item: Leftovers\n|-status|p2a: Gliscor|tox|[from] item: Toxic Orb\n|upkeep\n|turn|3\n|\n|t:|1698106263\n|move|p1a: Monkey|Rage Fist|p2a: Gliscor\n|-damage|p2a: Gliscor|59\/100 tox\n|move|p2a: Gliscor|Dual Wingbeat|p1a: Monkey\n|-supereffective|p1a: Monkey\n|-damage|p1a: Monkey|14\/100\n|-supereffective|p1a: Monkey\n|-damage|p1a: Monkey|0 fnt\n|faint|p1a: Monkey\n|-hitcount|p1: Monkey|2\n|\n|-heal|p2a: Gliscor|71\/100 tox|[from] ability: Poison Heal\n|upkeep\n|\n|t:|1698106267\n|switch|p1a: Icy blade|Baxcalibur, F|100\/100\n|turn|4\n|\n|t:|1698106286\n|move|p1a: Icy blade|Ice Shard|p2a: Gliscor\n|-supereffective|p2a: Gliscor\n|-damage|p2a: Gliscor|20\/100 tox\n|move|p2a: Gliscor|Earthquake|p1a: Icy blade\n|-crit|p1a: Icy blade\n|-damage|p1a: Icy blade|48\/100\n|\n|-heal|p2a: Gliscor|33\/100 tox|[from] ability: Poison Heal\n|-end|p2a: Gliscor|move: Taunt\n|upkeep\n|turn|5\n|\n|t:|1698106291\n|move|p2a: Gliscor|Protect|p2a: Gliscor\n|-singleturn|p2a: Gliscor|Protect\n|move|p1a: Icy blade|Ice Shard|p2a: Gliscor\n|-activate|p2a: Gliscor|move: Protect\n|\n|-heal|p2a: Gliscor|45\/100 tox|[from] ability: Poison Heal\n|upkeep\n|turn|6\n|\n|t:|1698106299\n|move|p1a: Icy blade|Ice Shard|p2a: Gliscor\n|-supereffective|p2a: Gliscor\n|-damage|p2a: Gliscor|0 fnt\n|faint|p2a: Gliscor\n|\n|upkeep\n|\n|t:|1698106303\n|switch|p2a: Ceruledge|Ceruledge, M|100\/100\n|turn|7\n|\n|t:|1698106305\n|move|p1a: Icy blade|Swords Dance|p1a: Icy blade\n|-boost|p1a: Icy blade|atk|2\n|move|p2a: Ceruledge|Bitter Blade|p1a: Icy blade\n|-damage|p1a: Icy blade|0 fnt\n|faint|p1a: Icy blade\n|\n|upkeep\n|\n|t:|1698106309\n|switch|p1a: Kicking bug|Lokix, F|100\/100\n|turn|8\n|\n|t:|1698106322\n|move|p1a: Kicking bug|Throat Chop|p2a: Ceruledge\n|-supereffective|p2a: Ceruledge\n|-damage|p2a: Ceruledge|0 fnt\n|faint|p2a: Ceruledge\n|-damage|p1a: Kicking bug|91\/100|[from] item: Life Orb\n|\n|upkeep\n|\n|t:|1698106329\n|switch|p2a: Espathra|Espathra, F|100\/100\n|turn|9\n|\n|t:|1698106338\n|move|p1a: Kicking bug|Throat Chop|p2a: Espathra\n|-supereffective|p2a: Espathra\n|-enditem|p2a: Espathra|Focus Sash\n|-damage|p2a: Espathra|1\/100\n|-start|p2a: Espathra|Throat Chop|[silent]\n|-damage|p1a: Kicking bug|81\/100|[from] item: Life Orb\n|move|p2a: Espathra|Calm Mind|p2a: Espathra\n|-boost|p2a: Espathra|spa|1\n|-boost|p2a: Espathra|spd|1\n|\n|-ability|p2a: Espathra|Speed Boost|boost\n|-boost|p2a: Espathra|spe|1\n|upkeep\n|turn|10\n|\n|t:|1698106364\n|move|p2a: Espathra|Dazzling Gleam|p1a: Kicking bug\n|-supereffective|p1a: Kicking bug\n|-damage|p1a: Kicking bug|0 fnt\n|faint|p1a: Kicking bug\n|\n|-end|p2a: Espathra|Throat Chop|[silent]\n|-ability|p2a: Espathra|Speed Boost|boost\n|-boost|p2a: Espathra|spe|1\n|upkeep\n|\n|t:|1698106369\n|switch|p1a: Sword head|Kingambit, F|100\/100\n|turn|11\n|\n|t:|1698106385\n|move|p2a: Espathra|Calm Mind|p2a: Espathra\n|-boost|p2a: Espathra|spa|1\n|-boost|p2a: Espathra|spd|1\n|move|p1a: Sword head|Dark Pulse|p2a: Espathra\n|-supereffective|p2a: Espathra\n|-damage|p2a: Espathra|0 fnt\n|faint|p2a: Espathra\n|\n|upkeep\n|\n|t:|1698106391\n|switch|p2a: Haxorus|Haxorus, M|100\/100\n|-ability|p2a: Haxorus|Mold Breaker\n|turn|12\n|\n|t:|1698106394\n|move|p1a: Sword head|Dark Pulse|p2a: Haxorus\n|-damage|p2a: Haxorus|30\/100\n|move|p2a: Haxorus|Dragon Dance|p2a: Haxorus\n|-boost|p2a: Haxorus|atk|1\n|-boost|p2a: Haxorus|spe|1\n|\n|upkeep\n|turn|13\n|\n|t:|1698106400\n|move|p2a: Haxorus|Close Combat|p1a: Sword head\n|-immune|p1a: Sword head\n|move|p1a: Sword head|Dark Pulse|p2a: Haxorus\n|-damage|p2a: Haxorus|0 fnt\n|faint|p2a: Haxorus\n|\n|upkeep\n|c|\u2606ReallyOutOfNames|the what\n|\n|t:|1698106410\n|switch|p2a: Iron Valiant|Iron Valiant|100\/100\n|-enditem|p2a: Iron Valiant|Booster Energy\n|-activate|p2a: Iron Valiant|ability: Quark Drive|[fromitem]\n|-start|p2a: Iron Valiant|quarkdriveatk\n|turn|14\n|\n|t:|1698106417\n|move|p1a: Sword head|Dark Pulse|p2a: Iron Valiant\n|-resisted|p2a: Iron Valiant\n|-damage|p2a: Iron Valiant|79\/100\n|cant|p2a: Iron Valiant|flinch\n|\n|upkeep\n|turn|15\n|\n|t:|1698106422\n|move|p1a: Sword head|Dark Pulse|p2a: Iron Valiant\n|-resisted|p2a: Iron Valiant\n|-damage|p2a: Iron Valiant|59\/100\n|cant|p2a: Iron Valiant|flinch\n|\n|upkeep\n|turn|16\n|\n|t:|1698106426\n|move|p1a: Sword head|Dark Pulse|p2a: Iron Valiant\n|-resisted|p2a: Iron Valiant\n|-damage|p2a: Iron Valiant|41\/100\n|move|p2a: Iron Valiant|Close Combat|p1a: Sword head\n|-immune|p1a: Sword head\n|\n|upkeep\n|turn|17\n|c|\u2606ReallyOutOfNames|WHY DOES IT NOT WORK??\n|\n|t:|1698106436\n|move|p1a: Sword head|Dark Pulse|p2a: Iron Valiant\n|-resisted|p2a: Iron Valiant\n|-damage|p2a: Iron Valiant|22\/100\n|move|p2a: Iron Valiant|Shadow Claw|p1a: Sword head\n|-immune|p1a: Sword head\n|\n|upkeep\n|turn|18\n|c|\u2606Seosh|Its a hisui zoaroak\n|\n|t:|1698106451\n|move|p1a: Sword head|Dark Pulse|p2a: Iron Valiant\n|-resisted|p2a: Iron Valiant\n|-damage|p2a: Iron Valiant|2\/100\n|move|p2a: Iron Valiant|Shadow Claw|p1a: Sword head\n|-immune|p1a: Sword head\n|\n|upkeep\n|turn|19\n|c|\u2606ReallyOutOfNames|OH SHUCKS\n|\n|t:|1698106466\n|move|p1a: Sword head|Dark Pulse|p2a: Iron Valiant\n|-resisted|p2a: Iron Valiant\n|-damage|p2a: Iron Valiant|0 fnt\n|faint|p2a: Iron Valiant\n|-end|p2a: Iron Valiant|Quark Drive|[silent]\n|\n|win|Seosh\n|raw|Seosh's rating: 1195 &rarr; <strong>1212<\/strong><br \/>(+17 for winning)\n|raw|ReallyOutOfNames's rating: 1084 &rarr; <strong>1068<\/strong><br \/>(-16 for losing)\n|c|\u2606Seosh|Gg\n|c|\u2606ReallyOutOfNames|GG\n|l|\u2606ReallyOutOfNames\n","uploadtime":1698106483,"views":8,"p1id":"seosh","p2id":"reallyoutofnames","formatid":"gen9anythinggoes","rating":1068,"private":0,"password":""}