{"id":"gen9anythinggoes-1996574336","p1":"Dragomirl","p2":"DR4N","format":"[Gen 9] Anything Goes","log":"|j|\u2606Dragomirl\n|j|\u2606DR4N\n|t:|1700695979\n|gametype|singles\n|player|p1|Dragomirl|170|1105\n|player|p2|DR4N|lucas-gen4pt|1126\n|teamsize|p1|6\n|teamsize|p2|6\n|gen|9\n|tier|[Gen 9] Anything Goes\n|rated|\n|rule|HP Percentage Mod: HP is shown in percentages\n|rule|Endless Battle Clause: Forcing endless battles is banned\n|clearpoke\n|poke|p1|Vaporeon, M|\n|poke|p1|Annihilape, F|\n|poke|p1|Scream Tail|\n|poke|p1|Dugtrio, M|\n|poke|p1|Tyranitar, M|\n|poke|p1|Hatterene, F|\n|poke|p2|Umbreon, M|\n|poke|p2|Lycanroc-Dusk, M|\n|poke|p2|Pawmot, F|\n|poke|p2|Clodsire, M|\n|poke|p2|Gogoat, M|\n|poke|p2|Arcanine, M|\n|teampreview\n|\n|t:|1700695992\n|start\n|switch|p1a: Perish|Scream Tail, shiny|100\/100\n|switch|p2a: Bobby|Clodsire, M, shiny|100\/100\n|turn|1\n|\n|t:|1700696003\n|move|p1a: Perish|Calm Mind|p1a: Perish\n|-boost|p1a: Perish|spa|1\n|-boost|p1a: Perish|spd|1\n|move|p2a: Bobby|Stealth Rock|p1a: Perish\n|-sidestart|p1: Dragomirl|move: Stealth Rock\n|\n|upkeep\n|turn|2\n|\n|t:|1700696012\n|move|p1a: Perish|Calm Mind|p1a: Perish\n|-boost|p1a: Perish|spa|1\n|-boost|p1a: Perish|spd|1\n|move|p2a: Bobby|Toxic Spikes|p1a: Perish\n|-sidestart|p1: Dragomirl|move: Toxic Spikes\n|\n|upkeep\n|turn|3\n|\n|t:|1700696019\n|move|p1a: Perish|Baton Pass|p1a: Perish\n|\n|t:|1700696020\n|-end|p1a: Perish|Protosynthesis|[silent]\n|switch|p1a: Mad hatter|Hatterene, F, shiny|100\/100|[from] Baton Pass\n|-damage|p1a: Mad hatter|88\/100|[from] Stealth Rock\n|-status|p1a: Mad hatter|psn\n|move|p2a: Bobby|Toxic Spikes|p1a: Mad hatter\n|move|p1a: Mad hatter|Toxic Spikes|p2a: Bobby|[from]ability: Magic Bounce\n|-sidestart|p2: DR4N|move: Toxic Spikes\n|\n|-heal|p1a: Mad hatter|94\/100 psn|[from] item: Leftovers\n|-damage|p1a: Mad hatter|82\/100 psn|[from] psn\n|upkeep\n|turn|4\n|\n|t:|1700696037\n|switch|p2a: Billy|Gogoat, M, shiny|100\/100\n|-status|p2a: Billy|psn\n|move|p1a: Mad hatter|Agility|p1a: Mad hatter\n|-boost|p1a: Mad hatter|spe|2\n|\n|-heal|p1a: Mad hatter|88\/100 psn|[from] item: Leftovers\n|-damage|p1a: Mad hatter|76\/100 psn|[from] psn\n|-damage|p2a: Billy|88\/100 psn|[from] psn\n|upkeep\n|turn|5\n|\n|t:|1700696048\n|move|p1a: Mad hatter|Agility|p1a: Mad hatter\n|-boost|p1a: Mad hatter|spe|2\n|move|p2a: Billy|Horn Leech|p1a: Mad hatter\n|-damage|p1a: Mad hatter|38\/100 psn\n|-heal|p2a: Billy|100\/100 psn|[from] drain|[of] p1a: Mad hatter\n|\n|-heal|p1a: Mad hatter|44\/100 psn|[from] item: Leftovers\n|-damage|p1a: Mad hatter|32\/100 psn|[from] psn\n|-damage|p2a: Billy|88\/100 psn|[from] psn\n|upkeep\n|turn|6\n|\n|t:|1700696061\n|switch|p2a: Bobby|Clodsire, M, shiny|100\/100\n|-sideend|p2: DR4N|move: Toxic Spikes|[of] p2a: Bobby\n|move|p1a: Mad hatter|Baton Pass|p1a: Mad hatter\n|\n|t:|1700696068\n|switch|p1a: God|Vaporeon, M, shiny|100\/100|[from] Baton Pass\n|-damage|p1a: God|88\/100|[from] Stealth Rock\n|-status|p1a: God|psn\n|\n|-heal|p1a: God|94\/100 psn|[from] item: Leftovers\n|-damage|p1a: God|82\/100 psn|[from] psn\n|upkeep\n|turn|7\n|\n|t:|1700696079\n|move|p1a: God|Hydro Pump|p2a: Bobby|[miss]\n|-miss|p1a: God|p2a: Bobby\n|move|p2a: Bobby|Toxic Spikes|p1a: God\n|-sidestart|p1: Dragomirl|move: Toxic Spikes\n|\n|-heal|p1a: God|88\/100 psn|[from] item: Leftovers\n|-damage|p1a: God|75\/100 psn|[from] psn\n|upkeep\n|turn|8\n|\n|t:|1700696088\n|move|p1a: God|Hydro Pump|p2a: Bobby|[miss]\n|-miss|p1a: God|p2a: Bobby\n|move|p2a: Bobby|Recover||[still]\n|-fail|p2a: Bobby|heal\n|\n|-heal|p1a: God|82\/100 psn|[from] item: Leftovers\n|-damage|p1a: God|69\/100 psn|[from] psn\n|upkeep\n|turn|9\n|\n|t:|1700696098\n|move|p1a: God|Hydro Pump|p2a: Bobby\n|-supereffective|p2a: Bobby\n|-damage|p2a: Bobby|46\/100\n|move|p2a: Bobby|Recover|p2a: Bobby\n|-heal|p2a: Bobby|96\/100\n|\n|-heal|p1a: God|75\/100 psn|[from] item: Leftovers\n|-heal|p2a: Bobby|100\/100|[from] item: Leftovers\n|-damage|p1a: God|63\/100 psn|[from] psn\n|upkeep\n|turn|10\n|\n|t:|1700696110\n|move|p1a: God|Acid Armor|p1a: God\n|-boost|p1a: God|def|2\n|move|p2a: Bobby|Recover||[still]\n|-fail|p2a: Bobby|heal\n|\n|-heal|p1a: God|69\/100 psn|[from] item: Leftovers\n|-damage|p1a: God|57\/100 psn|[from] psn\n|upkeep\n|turn|11\n|\n|t:|1700696119\n|move|p1a: God|Acid Armor|p1a: God\n|-boost|p1a: God|def|2\n|move|p2a: Bobby|Earthquake|p1a: God\n|-damage|p1a: God|28\/100 psn\n|\n|-heal|p1a: God|34\/100 psn|[from] item: Leftovers\n|-damage|p1a: God|21\/100 psn|[from] psn\n|upkeep\n|turn|12\n|\n|t:|1700696129\n|move|p1a: God|Hydro Pump|p2a: Bobby\n|-supereffective|p2a: Bobby\n|-damage|p2a: Bobby|40\/100\n|move|p2a: Bobby|Earthquake|p1a: God\n|-damage|p1a: God|0 fnt\n|faint|p1a: God\n|\n|-heal|p2a: Bobby|46\/100|[from] item: Leftovers\n|upkeep\n|-message|Dragomirl forfeited.\n|\n|win|DR4N\n|raw|Dragomirl's rating: 1105 &rarr; <strong>1082<\/strong><br \/>(-23 for losing)\n|raw|DR4N's rating: 1126 &rarr; <strong>1149<\/strong><br \/>(+23 for winning)\n|l|\u2606Dragomirl\n","uploadtime":1700696149,"views":0,"p1id":"dragomirl","p2id":"dr4n","formatid":"gen9anythinggoes","rating":1082,"private":0,"password":""}