{"id":"gen9anythinggoes-1974886691","p1":"Kayleb1718","p2":"Walmartbag2","format":"[Gen 9] Anything Goes","log":"|j|\u2606Kayleb1718\n|j|\u2606Walmartbag2\n|t:|1698140090\n|gametype|singles\n|player|p1|Kayleb1718|lucas|1286\n|player|p2|Walmartbag2|265|1177\n|teamsize|p1|6\n|teamsize|p2|6\n|gen|9\n|tier|[Gen 9] Anything Goes\n|rated|\n|rule|HP Percentage Mod: HP is shown in percentages\n|rule|Endless Battle Clause: Forcing endless battles is banned\n|clearpoke\n|poke|p1|Glimmora, M|\n|poke|p1|Zacian-*|\n|poke|p1|Cresselia, F|\n|poke|p1|Calyrex-Shadow|\n|poke|p1|Urshifu-*, M|\n|poke|p1|Miraidon|\n|poke|p2|Articuno|\n|poke|p2|Articuno|\n|poke|p2|Articuno|\n|poke|p2|Articuno|\n|poke|p2|Articuno|\n|poke|p2|Articuno|\n|teampreview\n|\n|t:|1698140099\n|start\n|switch|p1a: Miraidon|Miraidon|100\/100\n|switch|p2a: Pls sweep me|Articuno|100\/100\n|-fieldstart|move: Electric Terrain|[from] ability: Hadron Engine|[of] p1a: Miraidon\n|turn|1\n|c|\u2606Kayleb1718|Wait what?\n|\n|t:|1698140109\n|move|p1a: Miraidon|Electro Drift|p2a: Pls sweep me\n|-supereffective|p2a: Pls sweep me\n|-damage|p2a: Pls sweep me|0 fnt\n|faint|p2a: Pls sweep me\n|\n|upkeep\n|\n|t:|1698140117\n|switch|p2a: Pls sweep me|Articuno|100\/100\n|turn|2\n|\n|t:|1698140122\n|move|p1a: Miraidon|Electro Drift|p2a: Pls sweep me\n|-supereffective|p2a: Pls sweep me\n|-damage|p2a: Pls sweep me|0 fnt\n|faint|p2a: Pls sweep me\n|\n|upkeep\n|\n|t:|1698140132\n|switch|p2a: Pls sweep me|Articuno|100\/100\n|turn|3\n|\n|t:|1698140135\n|move|p1a: Miraidon|Electro Drift|p2a: Pls sweep me\n|-supereffective|p2a: Pls sweep me\n|-damage|p2a: Pls sweep me|0 fnt\n|faint|p2a: Pls sweep me\n|\n|upkeep\n|\n|t:|1698140141\n|switch|p2a: Pls sweep me|Articuno|100\/100\n|turn|4\n|\n|t:|1698140145\n|move|p1a: Miraidon|Electro Drift|p2a: Pls sweep me\n|-supereffective|p2a: Pls sweep me\n|-damage|p2a: Pls sweep me|0 fnt\n|faint|p2a: Pls sweep me\n|\n|upkeep\n|\n|t:|1698140151\n|switch|p2a: Pls sweep me|Articuno|100\/100\n|turn|5\n|\n|t:|1698140154\n|move|p1a: Miraidon|Electro Drift|p2a: Pls sweep me\n|-supereffective|p2a: Pls sweep me\n|-damage|p2a: Pls sweep me|0 fnt\n|faint|p2a: Pls sweep me\n|\n|-fieldend|move: Electric Terrain\n|upkeep\n|\n|t:|1698140160\n|switch|p2a: Pls sweep me|Articuno|100\/100\n|turn|6\n|\n|t:|1698140164\n|move|p1a: Miraidon|Electro Drift|p2a: Pls sweep me\n|-supereffective|p2a: Pls sweep me\n|-damage|p2a: Pls sweep me|2\/100\n|move|p2a: Pls sweep me|Snowscape|p2a: Pls sweep me\n|-weather|Snow\n|\n|-weather|Snow|[upkeep]\n|upkeep\n|turn|7\n|\n|t:|1698140172\n|move|p1a: Miraidon|Electro Drift|p2a: Pls sweep me\n|-supereffective|p2a: Pls sweep me\n|-damage|p2a: Pls sweep me|0 fnt\n|faint|p2a: Pls sweep me\n|\n|win|Kayleb1718\n|raw|Kayleb1718's rating: 1286 &rarr; <strong>1303<\/strong><br \/>(+17 for winning)\n|raw|Walmartbag2's rating: 1177 &rarr; <strong>1160<\/strong><br \/>(-17 for losing)\n|c|\u2606Kayleb1718|Gg?\n|l|\u2606Walmartbag2\n","uploadtime":1698140190,"views":12,"p1id":"kayleb1718","p2id":"walmartbag2","formatid":"gen9anythinggoes","rating":1160,"private":0,"password":""}