{"id":"gen9anythinggoes-1997390053","p1":"MiguelRRM","p2":"G_egg177","format":"[Gen 9] Anything Goes","log":"|j|\u2606MiguelRRM\n|j|\u2606G_egg177\n|t:|1700797911\n|gametype|singles\n|player|p1|MiguelRRM|lucas|1525\n|player|p2|G_egg177|red|1523\n|teamsize|p1|6\n|teamsize|p2|6\n|gen|9\n|tier|[Gen 9] Anything Goes\n|rated|\n|rule|HP Percentage Mod: HP is shown in percentages\n|rule|Endless Battle Clause: Forcing endless battles is banned\n|clearpoke\n|poke|p1|Arceus|\n|poke|p1|Calyrex-Shadow|\n|poke|p1|Koraidon|\n|poke|p1|Gliscor, M|\n|poke|p1|Kyogre|\n|poke|p1|Miraidon|\n|poke|p2|Ribombee, M|\n|poke|p2|Calyrex-Shadow|\n|poke|p2|Glimmora, M|\n|poke|p2|Zacian-*|\n|poke|p2|Kyogre|\n|poke|p2|Shaymin-Sky|\n|teampreview\n|inactive|Battle timer is ON: inactive players will automatically lose when time's up. (requested by G_egg177)\n|\n|t:|1700797931\n|start\n|switch|p1a: Calyrex|Calyrex-Shadow|100\/100\n|switch|p2a: Navi|Ribombee, M|100\/100\n|-ability|p1a: Calyrex|As One\n|-ability|p1a: Calyrex|Unnerve\n|turn|1\n|\n|t:|1700797942\n|move|p1a: Calyrex|Taunt|p2a: Navi\n|-start|p2a: Navi|move: Taunt\n|cant|p2a: Navi|move: Taunt|Sticky Web\n|\n|upkeep\n|turn|2\n|c|\u2606G_egg177|K!7L YOURSELLFFF\n|inactive|G_egg177 has 120 seconds left.\n|c|\u2606G_egg177|lol jk pookie\n|c|\u2606G_egg177|also if i get banned im appealing this\n|c|\u2606G_egg177|K!7L doesnt = Kill\n|inactive|G_egg177 has 90 seconds left.\n|\n|t:|1700798008\n|move|p1a: Calyrex|Psyshock|p2a: Navi\n|-damage|p2a: Navi|20\/100\n|move|p2a: Navi|U-turn|p1a: Calyrex\n|-damage|p1a: Calyrex|83\/100\n|\n|t:|1700798027\n|switch|p2a: Sloppiest toppy|Kyogre, shiny|100\/100|[from] U-turn\n|-weather|RainDance|[from] ability: Drizzle|[of] p2a: Sloppiest toppy\n|\n|-weather|RainDance|[upkeep]\n|upkeep\n|turn|3\n|\n|t:|1700798043\n|move|p2a: Sloppiest toppy|Water Spout|p1a: Calyrex\n|-damage|p1a: Calyrex|0 fnt\n|faint|p1a: Calyrex\n|\n|-weather|RainDance|[upkeep]\n|upkeep\n|\n|t:|1700798051\n|switch|p1a: Miraidon|Miraidon|100\/100\n|-fieldstart|move: Electric Terrain|[from] ability: Hadron Engine|[of] p1a: Miraidon\n|turn|4\n|\n|t:|1700798067\n|-terastallize|p2a: Sloppiest toppy|Steel\n|move|p2a: Sloppiest toppy|Water Spout|p1a: Miraidon\n|-resisted|p1a: Miraidon\n|-damage|p1a: Miraidon|41\/100\n|move|p1a: Miraidon|Volt Switch|p2a: Sloppiest toppy\n|-damage|p2a: Sloppiest toppy|27\/100\n|\n|t:|1700798078\n|switch|p1a: Arceus|Arceus|100\/100|[from] Volt Switch\n|\n|-weather|RainDance|[upkeep]\n|upkeep\n|turn|5\n|\n|t:|1700798084\n|move|p2a: Sloppiest toppy|Water Spout|p1a: Arceus\n|-damage|p1a: Arceus|72\/100\n|move|p1a: Arceus|Swords Dance|p1a: Arceus\n|-boost|p1a: Arceus|atk|2\n|\n|-weather|RainDance|[upkeep]\n|upkeep\n|turn|6\n|\n|t:|1700798091\n|move|p2a: Sloppiest toppy|Water Spout|p1a: Arceus\n|-damage|p1a: Arceus|44\/100\n|move|p1a: Arceus|Swords Dance|p1a: Arceus\n|-boost|p1a: Arceus|atk|2\n|\n|-weather|none\n|upkeep\n|turn|7\n|inactive|G_egg177 has 90 seconds left.\n|\n|t:|1700798098\n|move|p1a: Arceus|Extreme Speed|p2a: Sloppiest toppy\n|-resisted|p2a: Sloppiest toppy\n|-damage|p2a: Sloppiest toppy|0 fnt\n|faint|p2a: Sloppiest toppy\n|\n|upkeep\n|inactive|G_egg177 has 90 seconds left.\n|\n|t:|1700798106\n|switch|p2a: dumbfudge|Shaymin-Sky|100\/100\n|turn|8\n|\n|t:|1700798109\n|move|p1a: Arceus|Extreme Speed|p2a: dumbfudge\n|-damage|p2a: dumbfudge|0 fnt\n|faint|p2a: dumbfudge\n|\n|-fieldend|move: Electric Terrain\n|upkeep\n|\n|t:|1700798116\n|switch|p2a: Nerd Emoji|Calyrex-Shadow|100\/100\n|-ability|p2a: Nerd Emoji|As One\n|-ability|p2a: Nerd Emoji|Unnerve\n|turn|9\n|\n|t:|1700798129\n|move|p2a: Nerd Emoji|Nasty Plot|p2a: Nerd Emoji\n|-boost|p2a: Nerd Emoji|spa|2\n|move|p1a: Arceus|Shadow Claw|p2a: Nerd Emoji\n|-supereffective|p2a: Nerd Emoji\n|-crit|p2a: Nerd Emoji\n|-enditem|p2a: Nerd Emoji|Focus Sash\n|-damage|p2a: Nerd Emoji|1\/100\n|\n|upkeep\n|turn|10\n|\n|t:|1700798137\n|switch|p1a: Miraidon|Miraidon|41\/100\n|-fieldstart|move: Electric Terrain|[from] ability: Hadron Engine|[of] p1a: Miraidon\n|move|p2a: Nerd Emoji|Energy Ball|p1a: Miraidon\n|-resisted|p1a: Miraidon\n|-damage|p1a: Miraidon|10\/100\n|\n|upkeep\n|turn|11\n|\n|t:|1700798146\n|move|p2a: Nerd Emoji|Draining Kiss|p1a: Miraidon\n|-supereffective|p1a: Miraidon\n|-damage|p1a: Miraidon|0 fnt\n|-heal|p2a: Nerd Emoji|8\/100|[from] drain|[of] p1a: Miraidon\n|faint|p1a: Miraidon\n|-ability|p2a: Nerd Emoji|Grim Neigh|boost\n|-boost|p2a: Nerd Emoji|spa|1\n|\n|upkeep\n|\n|t:|1700798148\n|switch|p1a: Koraidon|Koraidon|100\/100\n|-weather|SunnyDay|[from] ability: Orichalcum Pulse|[of] p1a: Koraidon\n|-activate|p1a: Koraidon|Orichalcum Pulse|[source]\n|turn|12\n|\n|t:|1700798155\n|move|p1a: Koraidon|U-turn|p2a: Nerd Emoji\n|-damage|p2a: Nerd Emoji|0 fnt\n|faint|p2a: Nerd Emoji\n|\n|t:|1700798158\n|switch|p1a: Arceus|Arceus|44\/100|[from] U-turn\n|\n|-weather|SunnyDay|[upkeep]\n|upkeep\n|l|\u2606G_egg177\n|inactive|G_egg177 disconnected and has a minute to reconnect!\n|player|p2|\n|inactive|G_egg177 has 30 seconds to reconnect!\n|inactive|G_egg177 has 20 seconds to reconnect!\n|inactive|G_egg177 has 15 seconds to reconnect!\n|inactive|G_egg177 has 10 seconds to reconnect!\n|inactive|G_egg177 has 5 seconds to reconnect!\n|-message|G_egg177 lost due to inactivity.\n|\n|win|MiguelRRM\n|raw|MiguelRRM's rating: 1525 &rarr; <strong>1545<\/strong><br \/>(+20 for winning)\n|raw|G_egg177's rating: 1523 &rarr; <strong>1503<\/strong><br \/>(-20 for losing)\n","uploadtime":1700797963,"views":0,"p1id":"miguelrrm","p2id":"gegg177","formatid":"gen9anythinggoes","rating":1503,"private":0,"password":""}