{"id":"gen9anythinggoes-1992063699","p1":"Iresh","p2":"SnappisPappis","format":"[Gen 9] Anything Goes","log":"|j|\u2606Iresh\n|j|\u2606SnappisPappis\n|t:|1700152028\n|gametype|singles\n|player|p1|Iresh|morty-masters|1308\n|player|p2|SnappisPappis|riley|1207\n|teamsize|p1|6\n|teamsize|p2|6\n|gen|9\n|tier|[Gen 9] Anything Goes\n|rated|\n|rule|HP Percentage Mod: HP is shown in percentages\n|rule|Endless Battle Clause: Forcing endless battles is banned\n|clearpoke\n|poke|p1|Espathra, F|\n|poke|p1|Palkia-Origin|\n|poke|p1|Iron Moth|\n|poke|p1|Darkrai|\n|poke|p1|Diancie|\n|poke|p1|Zacian-*|\n|poke|p2|Maushold-Four|\n|poke|p2|Flutter Mane|\n|poke|p2|Miraidon|\n|poke|p2|Rabsca, M|\n|poke|p2|Garganacl, F|\n|poke|p2|Houndstone, M|\n|teampreview\n|\n|t:|1700152036\n|start\n|switch|p1a: Darkrai|Darkrai|100\/100\n|switch|p2a: Maushold|Maushold-Four|100\/100\n|turn|1\n|\n|t:|1700152045\n|switch|p2a: DeMarco|Miraidon|100\/100\n|-fieldstart|move: Electric Terrain|[from] ability: Hadron Engine|[of] p2a: DeMarco\n|move|p1a: Darkrai|Hypnosis|p2a: DeMarco|[miss]\n|-miss|p1a: Darkrai|p2a: DeMarco\n|\n|upkeep\n|turn|2\n|inactive|Battle timer is ON: inactive players will automatically lose when time's up. (requested by SnappisPappis)\n|inactive|Iresh has 120 seconds left.\n|\n|t:|1700152124\n|-terastallize|p2a: DeMarco|Electric\n|move|p2a: DeMarco|Electro Drift|p1a: Darkrai\n|-enditem|p1a: Darkrai|Focus Sash\n|-damage|p1a: Darkrai|1\/100\n|move|p1a: Darkrai|Hypnosis|p2a: DeMarco\n|-activate|p2a: DeMarco|move: Electric Terrain\n|\n|upkeep\n|turn|3\n|\n|t:|1700152135\n|move|p2a: DeMarco|Electro Drift|p1a: Darkrai\n|-damage|p1a: Darkrai|0 fnt\n|faint|p1a: Darkrai\n|\n|upkeep\n|\n|t:|1700152150\n|switch|p1a: Iron Moth|Iron Moth|100\/100\n|-activate|p1a: Iron Moth|ability: Quark Drive\n|-start|p1a: Iron Moth|quarkdrivespa\n|turn|4\n|\n|t:|1700152154\n|move|p2a: DeMarco|Electro Drift|p1a: Iron Moth\n|-crit|p1a: Iron Moth\n|-damage|p1a: Iron Moth|0 fnt\n|faint|p1a: Iron Moth\n|-end|p1a: Iron Moth|Quark Drive|[silent]\n|\n|upkeep\n|\n|t:|1700152158\n|switch|p1a: Diancie|Diancie|100\/100\n|-item|p1a: Diancie|Air Balloon\n|turn|5\n|\n|t:|1700152163\n|move|p2a: DeMarco|Flash Cannon|p1a: Diancie\n|-supereffective|p1a: Diancie\n|-damage|p1a: Diancie|0 fnt\n|-enditem|p1a: Diancie|Air Balloon\n|faint|p1a: Diancie\n|\n|-fieldend|move: Electric Terrain\n|upkeep\n|\n|t:|1700152168\n|switch|p1a: Espathra|Espathra, F|100\/100\n|turn|6\n|\n|t:|1700152170\n|switch|p2a: Maushold|Maushold-Four|100\/100\n|move|p1a: Espathra|Lumina Crash|p2a: Maushold\n|-damage|p2a: Maushold|39\/100\n|-unboost|p2a: Maushold|spd|2\n|\n|-ability|p1a: Espathra|Speed Boost|boost\n|-boost|p1a: Espathra|spe|1\n|upkeep\n|turn|7\n|\n|t:|1700152174\n|move|p1a: Espathra|Lumina Crash|p2a: Maushold\n|-damage|p2a: Maushold|0 fnt\n|faint|p2a: Maushold\n|\n|-ability|p1a: Espathra|Speed Boost|boost\n|-boost|p1a: Espathra|spe|1\n|upkeep\n|\n|t:|1700152182\n|switch|p2a: Rabsca|Rabsca, M, shiny|100\/100\n|turn|8\n|\n|t:|1700152189\n|move|p1a: Espathra|Drill Peck|p2a: Rabsca\n|-supereffective|p2a: Rabsca\n|-damage|p2a: Rabsca|76\/100\n|move|p2a: Rabsca|Trick Room|p2a: Rabsca\n|-fieldstart|move: Trick Room|[of] p2a: Rabsca\n|\n|-ability|p1a: Espathra|Speed Boost|boost\n|-boost|p1a: Espathra|spe|1\n|upkeep\n|turn|9\n|\n|t:|1700152195\n|switch|p2a: Houndstone|Houndstone, M|100\/100\n|move|p1a: Espathra|Hex|p2a: Houndstone\n|-supereffective|p2a: Houndstone\n|-damage|p2a: Houndstone|66\/100\n|\n|-ability|p1a: Espathra|Speed Boost|boost\n|-boost|p1a: Espathra|spe|1\n|upkeep\n|turn|10\n|\n|t:|1700152199\n|move|p2a: Houndstone|Last Respects|p1a: Espathra\n|-supereffective|p1a: Espathra\n|-damage|p1a: Espathra|0 fnt\n|faint|p1a: Espathra\n|\n|upkeep\n|\n|t:|1700152206\n|switch|p1a: Zacian|Zacian-Crowned, shiny|100\/100\n|-ability|p1a: Zacian|Intrepid Sword|boost\n|-boost|p1a: Zacian|atk|1\n|turn|11\n|\n|t:|1700152211\n|move|p2a: Houndstone|Last Respects|p1a: Zacian\n|-damage|p1a: Zacian|57\/100\n|move|p1a: Zacian|Crunch|p2a: Houndstone\n|-supereffective|p2a: Houndstone\n|-damage|p2a: Houndstone|20\/100\n|-unboost|p2a: Houndstone|def|1\n|\n|upkeep\n|turn|12\n|\n|t:|1700152215\n|move|p2a: Houndstone|Last Respects|p1a: Zacian\n|-damage|p1a: Zacian|13\/100\n|move|p1a: Zacian|Crunch|p2a: Houndstone\n|-supereffective|p2a: Houndstone\n|-damage|p2a: Houndstone|0 fnt\n|faint|p2a: Houndstone\n|\n|-fieldend|move: Trick Room\n|upkeep\n|\n|t:|1700152219\n|switch|p2a: DeMarco|Miraidon, tera:Electric|100\/100\n|-fieldstart|move: Electric Terrain|[from] ability: Hadron Engine|[of] p2a: DeMarco\n|turn|13\n|\n|t:|1700152229\n|move|p1a: Zacian|Play Rough|p2a: DeMarco\n|-damage|p2a: DeMarco|23\/100\n|move|p2a: DeMarco|Electro Drift|p1a: Zacian\n|-damage|p1a: Zacian|0 fnt\n|faint|p1a: Zacian\n|\n|upkeep\n|\n|t:|1700152232\n|switch|p1a: Palkia|Palkia-Origin|100\/100\n|-ability|p1a: Palkia|Pressure\n|turn|14\n|\n|t:|1700152237\n|move|p2a: DeMarco|Electro Drift|p1a: Palkia\n|-damage|p1a: Palkia|0 fnt\n|faint|p1a: Palkia\n|\n|win|SnappisPappis\n|raw|Iresh's rating: 1308 &rarr; <strong>1282<\/strong><br \/>(-26 for losing)\n|raw|SnappisPappis's rating: 1207 &rarr; <strong>1239<\/strong><br \/>(+32 for winning)\n","uploadtime":1700152240,"views":4,"p1id":"iresh","p2id":"snappispappis","formatid":"gen9anythinggoes","rating":1239,"private":0,"password":""}