{"id":"gen9anythinggoes-1983104337","p1":"Arpitraj1","p2":"laprasplayer","format":"[Gen 9] Anything Goes","log":"|j|\u2606Arpitraj1\n|j|\u2606laprasplayer\n|t:|1699086982\n|gametype|singles\n|player|p1|Arpitraj1|anabel|1620\n|player|p2|laprasplayer|hanbei-conquest|1833\n|teamsize|p1|6\n|teamsize|p2|6\n|gen|9\n|tier|[Gen 9] Anything Goes\n|rated|\n|rule|HP Percentage Mod: HP is shown in percentages\n|rule|Endless Battle Clause: Forcing endless battles is banned\n|clearpoke\n|poke|p1|Calyrex-Shadow|\n|poke|p1|Ditto|\n|poke|p1|Arceus-Fairy|\n|poke|p1|Koraidon|\n|poke|p1|Zacian-*|\n|poke|p1|Arceus|\n|poke|p2|Mandibuzz, F|\n|poke|p2|Gliscor, M|\n|poke|p2|Blissey, F|\n|poke|p2|Alomomola, M|\n|poke|p2|Clodsire, M|\n|poke|p2|Dondozo, M|\n|teampreview\n|inactive|Battle timer is ON: inactive players will automatically lose when time's up. (requested by Arpitraj1)\n|c|\u2606Arpitraj1|I lost\n|\n|t:|1699087005\n|start\n|switch|p1a: Go greeninja|Koraidon|100\/100\n|switch|p2a: Malevolent Shrine|Gliscor, M, shiny|100\/100\n|-weather|SunnyDay|[from] ability: Orichalcum Pulse|[of] p1a: Go greeninja\n|-activate|p1a: Go greeninja|Orichalcum Pulse|[source]\n|turn|1\n|\n|t:|1699087011\n|move|p1a: Go greeninja|Outrage|p2a: Malevolent Shrine\n|-damage|p2a: Malevolent Shrine|51\/100\n|move|p2a: Malevolent Shrine|Toxic|p1a: Go greeninja\n|-status|p1a: Go greeninja|tox\n|\n|-weather|SunnyDay|[upkeep]\n|-damage|p1a: Go greeninja|94\/100 tox|[from] psn\n|-status|p2a: Malevolent Shrine|tox|[from] item: Toxic Orb\n|upkeep\n|turn|2\n|\n|t:|1699087016\n|move|p2a: Malevolent Shrine|Protect|p2a: Malevolent Shrine\n|-singleturn|p2a: Malevolent Shrine|Protect\n|move|p1a: Go greeninja|Outrage|p2a: Malevolent Shrine|[from]lockedmove\n|-activate|p2a: Malevolent Shrine|move: Protect\n|-start|p1a: Go greeninja|confusion|[fatigue]\n|\n|-weather|SunnyDay|[upkeep]\n|-damage|p1a: Go greeninja|82\/100 tox|[from] psn\n|-heal|p2a: Malevolent Shrine|64\/100 tox|[from] ability: Poison Heal\n|upkeep\n|turn|3\n|\n|t:|1699087021\n|switch|p2a: Wishing Stars|Alomomola, M|100\/100\n|-activate|p1a: Go greeninja|confusion\n|-damage|p1a: Go greeninja|69\/100 tox|[from] confusion\n|\n|-weather|SunnyDay|[upkeep]\n|-damage|p1a: Go greeninja|51\/100 tox|[from] psn\n|upkeep\n|turn|4\n|\n|t:|1699087030\n|switch|p1a: Zacian|Zacian-Crowned|100\/100\n|-ability|p1a: Zacian|Intrepid Sword|boost\n|-boost|p1a: Zacian|atk|1\n|move|p2a: Wishing Stars|Wish|p2a: Wishing Stars\n|\n|-weather|SunnyDay|[upkeep]\n|upkeep\n|turn|5\n|\n|t:|1699087033\n|move|p1a: Zacian|Swords Dance|p1a: Zacian\n|-boost|p1a: Zacian|atk|2\n|move|p2a: Wishing Stars|Scald|p1a: Zacian\n|-damage|p1a: Zacian|95\/100\n|\n|-weather|none\n|upkeep\n|turn|6\n|\n|t:|1699087039\n|switch|p2a: Only Chance|Dondozo, M|100\/100\n|move|p1a: Zacian|Wild Charge|p2a: Only Chance\n|-supereffective|p2a: Only Chance\n|-damage|p2a: Only Chance|68\/100\n|-damage|p1a: Zacian|82\/100|[from] Recoil\n|\n|upkeep\n|turn|7\n|\n|t:|1699087048\n|move|p1a: Zacian|Behemoth Blade|p2a: Only Chance\n|-resisted|p2a: Only Chance\n|-damage|p2a: Only Chance|55\/100\n|move|p2a: Only Chance|Rest|p2a: Only Chance\n|-status|p2a: Only Chance|slp|[from] move: Rest\n|-heal|p2a: Only Chance|100\/100 slp|[silent]\n|\n|upkeep\n|turn|8\n|\n|t:|1699087052\n|move|p1a: Zacian|Wild Charge|p2a: Only Chance\n|-supereffective|p2a: Only Chance\n|-damage|p2a: Only Chance|69\/100 slp\n|-damage|p1a: Zacian|69\/100|[from] Recoil\n|cant|p2a: Only Chance|slp\n|move|p2a: Only Chance|Sleep Talk|p2a: Only Chance\n|move|p2a: Only Chance|Fissure|p1a: Zacian|[from]move: Sleep Talk\n|-damage|p1a: Zacian|0 fnt\n|faint|p1a: Zacian\n|-ohko\n|\n|upkeep\n|\n|t:|1699087057\n|switch|p1a: Zowwyxafe|Arceus-Fairy|100\/100\n|turn|9\n|\n|t:|1699087060\n|switch|p2a: Soothing Wetlands|Blissey, F|100\/100\n|move|p1a: Zowwyxafe|Calm Mind|p1a: Zowwyxafe\n|-boost|p1a: Zowwyxafe|spa|1\n|-boost|p1a: Zowwyxafe|spd|1\n|\n|upkeep\n|turn|10\n|\n|t:|1699087063\n|move|p1a: Zowwyxafe|Calm Mind|p1a: Zowwyxafe\n|-boost|p1a: Zowwyxafe|spa|1\n|-boost|p1a: Zowwyxafe|spd|1\n|move|p2a: Soothing Wetlands|Seismic Toss|p1a: Zowwyxafe\n|-damage|p1a: Zowwyxafe|78\/100\n|\n|upkeep\n|turn|11\n|\n|t:|1699087070\n|move|p1a: Zowwyxafe|Judgment|p2a: Soothing Wetlands\n|-damage|p2a: Soothing Wetlands|71\/100\n|move|p2a: Soothing Wetlands|Calm Mind|p2a: Soothing Wetlands\n|-boost|p2a: Soothing Wetlands|spa|1\n|-boost|p2a: Soothing Wetlands|spd|1\n|\n|upkeep\n|turn|12\n|\n|t:|1699087073\n|move|p1a: Zowwyxafe|Calm Mind|p1a: Zowwyxafe\n|-boost|p1a: Zowwyxafe|spa|1\n|-boost|p1a: Zowwyxafe|spd|1\n|move|p2a: Soothing Wetlands|Calm Mind|p2a: Soothing Wetlands\n|-boost|p2a: Soothing Wetlands|spa|1\n|-boost|p2a: Soothing Wetlands|spd|1\n|\n|upkeep\n|turn|13\n|\n|t:|1699087075\n|move|p1a: Zowwyxafe|Calm Mind|p1a: Zowwyxafe\n|-boost|p1a: Zowwyxafe|spa|1\n|-boost|p1a: Zowwyxafe|spd|1\n|move|p2a: Soothing Wetlands|Calm Mind|p2a: Soothing Wetlands\n|-boost|p2a: Soothing Wetlands|spa|1\n|-boost|p2a: Soothing Wetlands|spd|1\n|\n|upkeep\n|turn|14\n|\n|t:|1699087079\n|move|p1a: Zowwyxafe|Calm Mind|p1a: Zowwyxafe\n|-boost|p1a: Zowwyxafe|spa|1\n|-boost|p1a: Zowwyxafe|spd|1\n|move|p2a: Soothing Wetlands|Seismic Toss|p1a: Zowwyxafe\n|-damage|p1a: Zowwyxafe|55\/100\n|\n|upkeep\n|turn|15\n|\n|t:|1699087082\n|move|p1a: Zowwyxafe|Judgment|p2a: Soothing Wetlands\n|-damage|p2a: Soothing Wetlands|49\/100\n|move|p2a: Soothing Wetlands|Calm Mind|p2a: Soothing Wetlands\n|-boost|p2a: Soothing Wetlands|spa|1\n|-boost|p2a: Soothing Wetlands|spd|1\n|\n|upkeep\n|turn|16\n|\n|t:|1699087086\n|move|p1a: Zowwyxafe|Calm Mind|p1a: Zowwyxafe\n|-boost|p1a: Zowwyxafe|spa|1\n|-boost|p1a: Zowwyxafe|spd|1\n|move|p2a: Soothing Wetlands|Soft-Boiled|p2a: Soothing Wetlands\n|-heal|p2a: Soothing Wetlands|99\/100\n|\n|upkeep\n|turn|17\n|\n|t:|1699087089\n|move|p1a: Zowwyxafe|Judgment|p2a: Soothing Wetlands\n|-damage|p2a: Soothing Wetlands|79\/100\n|move|p2a: Soothing Wetlands|Calm Mind|p2a: Soothing Wetlands\n|-boost|p2a: Soothing Wetlands|spa|1\n|-boost|p2a: Soothing Wetlands|spd|1\n|\n|upkeep\n|turn|18\n|\n|t:|1699087093\n|move|p1a: Zowwyxafe|Stored Power|p2a: Soothing Wetlands\n|-damage|p2a: Soothing Wetlands|55\/100\n|move|p2a: Soothing Wetlands|Calm Mind|p2a: Soothing Wetlands\n|-boost|p2a: Soothing Wetlands|spa|1\n|-boost|p2a: Soothing Wetlands|spd|1\n|\n|upkeep\n|turn|19\n|\n|t:|1699087099\n|move|p1a: Zowwyxafe|Stored Power|p2a: Soothing Wetlands\n|-damage|p2a: Soothing Wetlands|33\/100\n|move|p2a: Soothing Wetlands|Soft-Boiled|p2a: Soothing Wetlands\n|-heal|p2a: Soothing Wetlands|83\/100\n|\n|upkeep\n|turn|20\n|j| GUESSWHOTPRADO\n|\n|t:|1699087103\n|move|p1a: Zowwyxafe|Recover|p1a: Zowwyxafe\n|-heal|p1a: Zowwyxafe|100\/100\n|move|p2a: Soothing Wetlands|Seismic Toss|p1a: Zowwyxafe\n|-damage|p1a: Zowwyxafe|78\/100\n|\n|upkeep\n|turn|21\n|\n|t:|1699087108\n|move|p1a: Zowwyxafe|Stored Power|p2a: Soothing Wetlands\n|-damage|p2a: Soothing Wetlands|62\/100\n|move|p2a: Soothing Wetlands|Seismic Toss|p1a: Zowwyxafe\n|-damage|p1a: Zowwyxafe|55\/100\n|\n|upkeep\n|turn|22\n|\n|t:|1699087122\n|move|p1a: Zowwyxafe|Stored Power|p2a: Soothing Wetlands\n|-damage|p2a: Soothing Wetlands|40\/100\n|move|p2a: Soothing Wetlands|Seismic Toss|p1a: Zowwyxafe\n|-damage|p1a: Zowwyxafe|33\/100\n|\n|upkeep\n|turn|23\n|\n|t:|1699087129\n|move|p1a: Zowwyxafe|Recover|p1a: Zowwyxafe\n|-heal|p1a: Zowwyxafe|83\/100\n|move|p2a: Soothing Wetlands|Soft-Boiled|p2a: Soothing Wetlands\n|-heal|p2a: Soothing Wetlands|90\/100\n|\n|upkeep\n|turn|24\n|\n|t:|1699087135\n|move|p1a: Zowwyxafe|Stored Power|p2a: Soothing Wetlands\n|-damage|p2a: Soothing Wetlands|70\/100\n|move|p2a: Soothing Wetlands|Seismic Toss|p1a: Zowwyxafe\n|-damage|p1a: Zowwyxafe|60\/100\n|\n|upkeep\n|turn|25\n|\n|t:|1699087138\n|move|p1a: Zowwyxafe|Stored Power|p2a: Soothing Wetlands\n|-damage|p2a: Soothing Wetlands|49\/100\n|move|p2a: Soothing Wetlands|Seismic Toss|p1a: Zowwyxafe\n|-damage|p1a: Zowwyxafe|38\/100\n|\n|upkeep\n|turn|26\n|inactive|Arpitraj1 has 120 seconds left.\n|\n|t:|1699087171\n|move|p1a: Zowwyxafe|Recover|p1a: Zowwyxafe\n|-heal|p1a: Zowwyxafe|88\/100\n|move|p2a: Soothing Wetlands|Seismic Toss|p1a: Zowwyxafe\n|-damage|p1a: Zowwyxafe|65\/100\n|\n|upkeep\n|turn|27\n|\n|t:|1699087178\n|move|p1a: Zowwyxafe|Stored Power|p2a: Soothing Wetlands\n|-damage|p2a: Soothing Wetlands|26\/100\n|move|p2a: Soothing Wetlands|Soft-Boiled|p2a: Soothing Wetlands\n|-heal|p2a: Soothing Wetlands|76\/100\n|\n|upkeep\n|turn|28\n|\n|t:|1699087183\n|move|p1a: Zowwyxafe|Judgment|p2a: Soothing Wetlands\n|-damage|p2a: Soothing Wetlands|62\/100\n|move|p2a: Soothing Wetlands|Seismic Toss|p1a: Zowwyxafe\n|-damage|p1a: Zowwyxafe|43\/100\n|\n|upkeep\n|turn|29\n|\n|t:|1699087188\n|move|p1a: Zowwyxafe|Recover|p1a: Zowwyxafe\n|-heal|p1a: Zowwyxafe|93\/100\n|move|p2a: Soothing Wetlands|Seismic Toss|p1a: Zowwyxafe\n|-damage|p1a: Zowwyxafe|70\/100\n|\n|upkeep\n|turn|30\n|\n|t:|1699087194\n|move|p1a: Zowwyxafe|Judgment|p2a: Soothing Wetlands\n|-damage|p2a: Soothing Wetlands|48\/100\n|move|p2a: Soothing Wetlands|Seismic Toss|p1a: Zowwyxafe\n|-damage|p1a: Zowwyxafe|48\/100\n|\n|upkeep\n|turn|31\n|\n|t:|1699087200\n|move|p1a: Zowwyxafe|Stored Power|p2a: Soothing Wetlands\n|-damage|p2a: Soothing Wetlands|25\/100\n|move|p2a: Soothing Wetlands|Soft-Boiled|p2a: Soothing Wetlands\n|-heal|p2a: Soothing Wetlands|75\/100\n|\n|upkeep\n|turn|32\n|\n|t:|1699087204\n|move|p1a: Zowwyxafe|Recover|p1a: Zowwyxafe\n|-heal|p1a: Zowwyxafe|98\/100\n|move|p2a: Soothing Wetlands|Seismic Toss|p1a: Zowwyxafe\n|-damage|p1a: Zowwyxafe|75\/100\n|\n|upkeep\n|turn|33\n|\n|t:|1699087209\n|move|p1a: Zowwyxafe|Stored Power|p2a: Soothing Wetlands\n|-damage|p2a: Soothing Wetlands|54\/100\n|move|p2a: Soothing Wetlands|Seismic Toss|p1a: Zowwyxafe\n|-damage|p1a: Zowwyxafe|53\/100\n|\n|upkeep\n|turn|34\n|inactive|Arpitraj1 has 120 seconds left.\n|\n|t:|1699087261\n|move|p1a: Zowwyxafe|Stored Power|p2a: Soothing Wetlands\n|-damage|p2a: Soothing Wetlands|31\/100\n|move|p2a: Soothing Wetlands|Seismic Toss|p1a: Zowwyxafe\n|-damage|p1a: Zowwyxafe|30\/100\n|\n|upkeep\n|turn|35\n|\n|t:|1699087268\n|move|p1a: Zowwyxafe|Stored Power|p2a: Soothing Wetlands\n|-damage|p2a: Soothing Wetlands|8\/100\n|move|p2a: Soothing Wetlands|Soft-Boiled|p2a: Soothing Wetlands\n|-heal|p2a: Soothing Wetlands|58\/100\n|\n|upkeep\n|turn|36\n|inactive|Arpitraj1 has 90 seconds left.\n|\n|t:|1699087303\n|move|p1a: Zowwyxafe|Recover|p1a: Zowwyxafe\n|-heal|p1a: Zowwyxafe|80\/100\n|move|p2a: Soothing Wetlands|Seismic Toss|p1a: Zowwyxafe\n|-damage|p1a: Zowwyxafe|58\/100\n|\n|upkeep\n|turn|37\n|\n|t:|1699087310\n|move|p1a: Zowwyxafe|Stored Power|p2a: Soothing Wetlands\n|-damage|p2a: Soothing Wetlands|36\/100\n|move|p2a: Soothing Wetlands|Seismic Toss|p1a: Zowwyxafe\n|-damage|p1a: Zowwyxafe|35\/100\n|\n|upkeep\n|turn|38\n|inactive|Arpitraj1 has 90 seconds left.\n|\n|t:|1699087351\n|move|p1a: Zowwyxafe|Stored Power|p2a: Soothing Wetlands\n|-damage|p2a: Soothing Wetlands|16\/100\n|move|p2a: Soothing Wetlands|Soft-Boiled|p2a: Soothing Wetlands\n|-heal|p2a: Soothing Wetlands|66\/100\n|\n|upkeep\n|turn|39\n|\n|t:|1699087355\n|move|p1a: Zowwyxafe|Recover|p1a: Zowwyxafe\n|-heal|p1a: Zowwyxafe|85\/100\n|move|p2a: Soothing Wetlands|Seismic Toss|p1a: Zowwyxafe\n|-damage|p1a: Zowwyxafe|63\/100\n|\n|upkeep\n|turn|40\n|\n|t:|1699087359\n|move|p1a: Zowwyxafe|Stored Power|p2a: Soothing Wetlands\n|-damage|p2a: Soothing Wetlands|44\/100\n|move|p2a: Soothing Wetlands|Seismic Toss|p1a: Zowwyxafe\n|-damage|p1a: Zowwyxafe|40\/100\n|\n|upkeep\n|turn|41\n|\n|t:|1699087365\n|move|p1a: Zowwyxafe|Stored Power|p2a: Soothing Wetlands\n|-damage|p2a: Soothing Wetlands|22\/100\n|move|p2a: Soothing Wetlands|Seismic Toss|p1a: Zowwyxafe\n|-damage|p1a: Zowwyxafe|18\/100\n|\n|upkeep\n|turn|42\n|\n|t:|1699087371\n|move|p1a: Zowwyxafe|Stored Power|p2a: Soothing Wetlands\n|-damage|p2a: Soothing Wetlands|1\/100\n|move|p2a: Soothing Wetlands|Soft-Boiled|p2a: Soothing Wetlands\n|-heal|p2a: Soothing Wetlands|51\/100\n|\n|upkeep\n|turn|43\n|\n|t:|1699087375\n|switch|p2a: Only Chance|Clodsire, M|100\/100\n|move|p1a: Zowwyxafe|Recover|p1a: Zowwyxafe\n|-heal|p1a: Zowwyxafe|68\/100\n|\n|upkeep\n|turn|44\n|inactive|Arpitraj1 has 120 seconds left.\n|\n|t:|1699087386\n|move|p1a: Zowwyxafe|Judgment|p2a: Only Chance\n|-resisted|p2a: Only Chance\n|-damage|p2a: Only Chance|88\/100\n|move|p2a: Only Chance|Stealth Rock|p1a: Zowwyxafe\n|-sidestart|p1: Arpitraj1|move: Stealth Rock\n|\n|upkeep\n|turn|45\n|inactive|Arpitraj1 has 120 seconds left.\n|-message|Arpitraj1 forfeited.\n|\n|win|laprasplayer\n|raw|Arpitraj1's rating: 1620 &rarr; <strong>1611<\/strong><br \/>(-9 for losing)\n|raw|laprasplayer's rating: 1833 &rarr; <strong>1842<\/strong><br \/>(+9 for winning)\n|l|\u2606Arpitraj1\n|j|\u2606Arpitraj1\n|player|p1|Arpitraj1|anabel\n|l|\u2606laprasplayer\n","uploadtime":1699087404,"views":29,"p1id":"arpitraj1","p2id":"laprasplayer","formatid":"gen9anythinggoes","rating":1611,"private":0,"password":""}