{"id":"gen9anythinggoes-1975431581","p1":"mastwo1","p2":"LordPizza1211","format":"[Gen 9] Anything Goes","log":"|j|\u2606mastwo1\n|j|\u2606LordPizza1211\n|t:|1698190593\n|gametype|singles\n|player|p1|mastwo1|ninjaboy|1106\n|player|p2|LordPizza1211|blue|1138\n|teamsize|p1|5\n|teamsize|p2|6\n|gen|9\n|tier|[Gen 9] Anything Goes\n|rated|\n|rule|HP Percentage Mod: HP is shown in percentages\n|rule|Endless Battle Clause: Forcing endless battles is banned\n|clearpoke\n|poke|p1|Lechonk, F|\n|poke|p1|Espathra, F|\n|poke|p1|Dudunsparce-*, M|\n|poke|p1|Drifblim, M|\n|poke|p1|Quaquaval, F|\n|poke|p2|Regieleki|\n|poke|p2|Gliscor, M|\n|poke|p2|Garchomp, M|\n|poke|p2|Baxcalibur, M|\n|poke|p2|Calyrex-Shadow|\n|poke|p2|Polteageist|\n|teampreview\n|c|\u2606mastwo1|AAAAA\n|\n|t:|1698190607\n|start\n|switch|p1a: i may be silly|Espathra, F|100\/100\n|switch|p2a: Weakling|Polteageist|100\/100\n|turn|1\n|\n|t:|1698190627\n|move|p1a: i may be silly|Hypnosis|p2a: Weakling|[miss]\n|-miss|p1a: i may be silly|p2a: Weakling\n|move|p2a: Weakling|Shell Smash|p2a: Weakling\n|-unboost|p2a: Weakling|def|1\n|-unboost|p2a: Weakling|spd|1\n|-boost|p2a: Weakling|atk|2\n|-boost|p2a: Weakling|spa|2\n|-boost|p2a: Weakling|spe|2\n|\n|-ability|p1a: i may be silly|Speed Boost|boost\n|-boost|p1a: i may be silly|spe|1\n|upkeep\n|turn|2\n|\n|t:|1698190638\n|move|p1a: i may be silly|Hypnosis|p2a: Weakling\n|-status|p2a: Weakling|slp|[from] move: Hypnosis\n|cant|p2a: Weakling|slp\n|\n|-ability|p1a: i may be silly|Speed Boost|boost\n|-boost|p1a: i may be silly|spe|1\n|upkeep\n|turn|3\n|\n|t:|1698190646\n|move|p1a: i may be silly|Calm Mind|p1a: i may be silly\n|-boost|p1a: i may be silly|spa|1\n|-boost|p1a: i may be silly|spd|1\n|cant|p2a: Weakling|slp\n|\n|-ability|p1a: i may be silly|Speed Boost|boost\n|-boost|p1a: i may be silly|spe|1\n|upkeep\n|turn|4\n|\n|t:|1698190655\n|switch|p2a: Funny Hat Man|Calyrex-Shadow|100\/100\n|-ability|p2a: Funny Hat Man|As One\n|-ability|p2a: Funny Hat Man|Unnerve\n|move|p1a: i may be silly|Substitute|p1a: i may be silly\n|-start|p1a: i may be silly|Substitute\n|-damage|p1a: i may be silly|76\/100\n|\n|-ability|p1a: i may be silly|Speed Boost|boost\n|-boost|p1a: i may be silly|spe|1\n|upkeep\n|turn|5\n|\n|t:|1698190669\n|move|p1a: i may be silly|Hypnosis|p2a: Funny Hat Man\n|-status|p2a: Funny Hat Man|slp|[from] move: Hypnosis\n|cant|p2a: Funny Hat Man|slp\n|\n|-ability|p1a: i may be silly|Speed Boost|boost\n|-boost|p1a: i may be silly|spe|1\n|upkeep\n|turn|6\n|c|\u2606mastwo1|RAHHHHH\n|\n|t:|1698190679\n|switch|p2a: Krayt|Garchomp, M|100\/100\n|move|p1a: i may be silly|Baton Pass|p1a: i may be silly\n|\n|t:|1698190682\n|switch|p1a: i may be SILLY|Dudunsparce, M|100\/100|[from] Baton Pass\n|\n|upkeep\n|turn|7\n|\n|t:|1698190690\n|move|p1a: i may be SILLY|Glare|p2a: Krayt\n|-status|p2a: Krayt|par\n|cant|p2a: Krayt|par\n|\n|upkeep\n|turn|8\n|c|\u2606mastwo1|silence\n|\n|t:|1698190699\n|move|p1a: i may be SILLY|Coil|p1a: i may be SILLY\n|-boost|p1a: i may be SILLY|atk|1\n|-boost|p1a: i may be SILLY|def|1\n|-boost|p1a: i may be SILLY|accuracy|1\n|cant|p2a: Krayt|par\n|\n|upkeep\n|turn|9\n|c|\u2606mastwo1|S I L E N C E\n|l|\u2606LordPizza1211\n|player|p2|\n|j|\u2606LordPizza1211\n|player|p2|LordPizza1211|blue\n|\n|t:|1698190742\n|switch|p2a: Weakling|Polteageist|100\/100 slp\n|move|p1a: i may be SILLY|Coil|p1a: i may be SILLY\n|-boost|p1a: i may be SILLY|atk|1\n|-boost|p1a: i may be SILLY|def|1\n|-boost|p1a: i may be SILLY|accuracy|1\n|\n|upkeep\n|turn|10\n|\n|t:|1698190760\n|move|p1a: i may be SILLY|Coil|p1a: i may be SILLY\n|-boost|p1a: i may be SILLY|atk|1\n|-boost|p1a: i may be SILLY|def|1\n|-boost|p1a: i may be SILLY|accuracy|1\n|cant|p2a: Weakling|slp\n|\n|upkeep\n|turn|11\n|c|\u2606LordPizza1211|Very silly\n|\n|t:|1698190769\n|move|p1a: i may be SILLY|Coil|p1a: i may be SILLY\n|-boost|p1a: i may be SILLY|atk|1\n|-boost|p1a: i may be SILLY|def|1\n|-boost|p1a: i may be SILLY|accuracy|1\n|-curestatus|p2a: Weakling|slp|[msg]\n|move|p2a: Weakling|Shell Smash|p2a: Weakling\n|-unboost|p2a: Weakling|def|1\n|-unboost|p2a: Weakling|spd|1\n|-boost|p2a: Weakling|atk|2\n|-boost|p2a: Weakling|spa|2\n|-boost|p2a: Weakling|spe|2\n|\n|upkeep\n|turn|12\n|\n|t:|1698190786\n|move|p1a: i may be SILLY|Glare|p2a: Weakling\n|-status|p2a: Weakling|par\n|move|p2a: Weakling|Stored Power|p1a: i may be SILLY\n|-end|p1a: i may be SILLY|Substitute\n|\n|upkeep\n|turn|13\n|\n|t:|1698190794\n|move|p1a: i may be SILLY|Coil|p1a: i may be SILLY\n|-boost|p1a: i may be SILLY|atk|1\n|-boost|p1a: i may be SILLY|def|1\n|-boost|p1a: i may be SILLY|accuracy|1\n|move|p2a: Weakling|Stored Power|p1a: i may be SILLY\n|-damage|p1a: i may be SILLY|34\/100\n|\n|-heal|p1a: i may be SILLY|41\/100|[from] item: Leftovers\n|upkeep\n|turn|14\n|\n|t:|1698190805\n|move|p1a: i may be SILLY|Roost|p1a: i may be SILLY\n|-heal|p1a: i may be SILLY|91\/100\n|-singleturn|p1a: i may be SILLY|move: Roost\n|move|p2a: Weakling|Stored Power|p1a: i may be SILLY\n|-damage|p1a: i may be SILLY|26\/100\n|\n|-heal|p1a: i may be SILLY|32\/100|[from] item: Leftovers\n|upkeep\n|turn|15\n|\n|t:|1698190813\n|move|p1a: i may be SILLY|Roost|p1a: i may be SILLY\n|-heal|p1a: i may be SILLY|82\/100\n|-singleturn|p1a: i may be SILLY|move: Roost\n|move|p2a: Weakling|Stored Power|p1a: i may be SILLY\n|-damage|p1a: i may be SILLY|9\/100\n|\n|-heal|p1a: i may be SILLY|15\/100|[from] item: Leftovers\n|upkeep\n|turn|16\n|\n|t:|1698190824\n|move|p1a: i may be SILLY|Baton Pass|p1a: i may be SILLY\n|\n|t:|1698190825\n|switch|p1a: i may be silly|Espathra, F|76\/100|[from] Baton Pass\n|move|p2a: Weakling|Stored Power|p1a: i may be silly\n|-resisted|p1a: i may be silly\n|-damage|p1a: i may be silly|32\/100\n|\n|upkeep\n|turn|17\n|c|\u2606mastwo1|uhhhh\n|\n|t:|1698190841\n|move|p1a: i may be silly|Hypnosis||[still]\n|-fail|p1a: i may be silly\n|move|p2a: Weakling|Stored Power|p1a: i may be silly\n|-resisted|p1a: i may be silly\n|-damage|p1a: i may be silly|0 fnt\n|faint|p1a: i may be silly\n|\n|upkeep\n|c|\u2606LordPizza1211|That was silly asf\n|c|\u2606LordPizza1211|heheheha\n|\n|t:|1698190863\n|switch|p1a: i hate you|Quaquaval, F|100\/100\n|turn|18\n|\n|t:|1698190869\n|move|p1a: i hate you|Rapid Spin|p2a: Weakling\n|-immune|p2a: Weakling\n|cant|p2a: Weakling|par\n|\n|upkeep\n|turn|19\n|\n|t:|1698190878\n|move|p1a: i hate you|Substitute|p1a: i hate you\n|-start|p1a: i hate you|Substitute\n|-damage|p1a: i hate you|76\/100\n|cant|p2a: Weakling|par\n|\n|upkeep\n|turn|20\n|c|\u2606LordPizza1211|I may as well use yawn\n|\n|t:|1698190889\n|move|p1a: i hate you|Baton Pass|p1a: i hate you\n|\n|t:|1698190892\n|switch|p1a: holy shi|Drifblim, M|100\/100|[from] Baton Pass\n|move|p2a: Weakling|Stored Power|p1a: holy shi\n|-end|p1a: holy shi|Substitute\n|\n|upkeep\n|turn|21\n|\n|t:|1698190900\n|move|p1a: holy shi|Minimize|p1a: holy shi\n|-boost|p1a: holy shi|evasion|2\n|move|p2a: Weakling|Stored Power|p1a: holy shi|[miss]\n|-miss|p2a: Weakling|p1a: holy shi\n|\n|upkeep\n|turn|22\n|c|\u2606mastwo1|oh?\n|\n|t:|1698190908\n|move|p1a: holy shi|Minimize|p1a: holy shi\n|-boost|p1a: holy shi|evasion|2\n|cant|p2a: Weakling|par\n|\n|upkeep\n|turn|23\n|c|\u2606mastwo1|oh????\n|j| WatIzDatFing\n|j| SwiftPoke\n|\n|t:|1698190925\n|move|p1a: holy shi|Minimize|p1a: holy shi\n|-boost|p1a: holy shi|evasion|2\n|move|p2a: Weakling|Stored Power|p1a: holy shi\n|-damage|p1a: holy shi|0 fnt\n|faint|p1a: holy shi\n|\n|upkeep\n|j| saltyfur\n|j| want my papa\n|c|\u2606mastwo1|i am going to\n|c| SwiftPoke|lol\n|c|\u2606LordPizza1211|OH?????\n|c|\u2606mastwo1|AAAAAAAAAAAAAAAAAAAAAAAAAAAAAAAAAAAAAAAAAA\n|c|\u2606mastwo1|i hate rng\n|\n|t:|1698190944\n|switch|p1a: i hate you|Quaquaval, F|76\/100\n|turn|24\n|c| SwiftPoke|\"i might win\"\n|c|\u2606mastwo1|immediately loses the upperhand due to rng\n|\n|t:|1698190962\n|move|p1a: i hate you|Substitute|p1a: i hate you\n|-start|p1a: i hate you|Substitute\n|-damage|p1a: i hate you|51\/100\n|cant|p2a: Weakling|par\n|\n|upkeep\n|turn|25\n|c|\u2606LordPizza1211|*lord pizza used yawn*\n|c| WatIzDatFing|Do well!\n|\n|t:|1698190979\n|move|p1a: i hate you|Baton Pass|p1a: i hate you\n|\n|t:|1698190983\n|switch|p1a: i may be SILLY|Dudunsparce, M|15\/100|[from] Baton Pass\n|cant|p2a: Weakling|par\n|\n|-heal|p1a: i may be SILLY|21\/100|[from] item: Leftovers\n|upkeep\n|turn|26\n|c| SwiftPoke|why did you baton pass\n|c| SwiftPoke|oh for sub\n|c|\u2606mastwo1|4 pokemon are baton passers\n|c| WatIzDatFing|Who does not like pizza? Everybody loves pizza, so you can't say no to it.\n|c|\u2606mastwo1|i bet you know who i was gonna use to sweep\n|\n|t:|1698191014\n|move|p1a: i may be SILLY|Coil|p1a: i may be SILLY\n|-boost|p1a: i may be SILLY|atk|1\n|-boost|p1a: i may be SILLY|def|1\n|-boost|p1a: i may be SILLY|accuracy|1\n|move|p2a: Weakling|Stored Power|p1a: i may be SILLY\n|-end|p1a: i may be SILLY|Substitute\n|\n|-heal|p1a: i may be SILLY|27\/100|[from] item: Leftovers\n|upkeep\n|turn|27\n|c| SwiftPoke|espathra\n|c| SwiftPoke|or lechonk\\\n|\n|t:|1698191024\n|move|p1a: i may be SILLY|Roost|p1a: i may be SILLY\n|-heal|p1a: i may be SILLY|77\/100\n|-singleturn|p1a: i may be SILLY|move: Roost\n|move|p2a: Weakling|Stored Power|p1a: i may be SILLY\n|-damage|p1a: i may be SILLY|0 fnt\n|faint|p1a: i may be SILLY\n|\n|upkeep\n|c|\u2606mastwo1|lechonk?\n|c|\u2606mastwo1|duh\n|c|\u2606mastwo1|the most powerful pokemon\n|\n|t:|1698191039\n|switch|p1a: GOD|Lechonk, F|100\/100\n|turn|28\n|c|\u2606LordPizza1211|Fr\n|c|\u2606LordPizza1211|he gon clutch it w lechonk\n|c| WatIzDatFing|Who in the world uses a Lechonk in battle?!\n|\n|t:|1698191058\n|switch|p2a: Funny Hat Man|Calyrex-Shadow|100\/100 slp\n|-ability|p2a: Funny Hat Man|As One\n|-ability|p2a: Funny Hat Man|Unnerve\n|move|p1a: GOD|Play Rough|p2a: Funny Hat Man|[miss]\n|-miss|p1a: GOD|p2a: Funny Hat Man\n|\n|upkeep\n|turn|29\n|c|\u2606LordPizza1211|Wow.\n|c|\u2606mastwo1|the sleeping pokemon evaded\n|\n|t:|1698191080\n|-terastallize|p1a: GOD|Ghost\n|cant|p2a: Funny Hat Man|slp\n|move|p1a: GOD|Play Rough|p2a: Funny Hat Man\n|-damage|p2a: Funny Hat Man|80\/100 slp\n|-unboost|p2a: Funny Hat Man|atk|1\n|\n|upkeep\n|turn|30\n|c| WatIzDatFing|Why is the Lechonk named GOD?\n|c|\u2606mastwo1|of course it is\n|c|\u2606LordPizza1211|WHY DID U TERA GHOST\n|c| saltyfur|?????\n|c|\u2606LordPizza1211|I WAS LETTING U KILL\n|c| WatIzDatFing|Lechonk is trash!\n|c| SwiftPoke|watizdatfing it was supposed to have max +6 stats on it\n|\n|t:|1698191117\n|cant|p2a: Funny Hat Man|slp\n|move|p1a: GOD|Play Rough|p2a: Funny Hat Man\n|-damage|p2a: Funny Hat Man|57\/100 slp\n|\n|upkeep\n|turn|31\n|c| SwiftPoke|baton pass\n|\n|t:|1698191123\n|-curestatus|p2a: Funny Hat Man|slp|[msg]\n|move|p2a: Funny Hat Man|Astral Barrage|p1a: GOD\n|-supereffective|p1a: GOD\n|-damage|p1a: GOD|0 fnt\n|faint|p1a: GOD\n|-ability|p2a: Funny Hat Man|Grim Neigh|boost\n|-boost|p2a: Funny Hat Man|spa|1\n|\n|upkeep\n|c|\u2606mastwo1|augh\n|c|\u2606LordPizza1211|NOW ITS SUPER EFFECTIVE\n|c| saltyfur|Why Did You Tera Man\n|c| SwiftPoke|tera should be reversible\n|c|\u2606mastwo1|aaaaaaaaaa\n|c|\u2606mastwo1|no\n|c| WatIzDatFing|Oinkologne is better than Lechonk.\n|c| SwiftPoke|imagine the mind games\n|c|\u2606LordPizza1211|Bro I was letting u kill it \ud83d\ude2d\ud83d\ude2d\ud83d\ude2d\n|c|\u2606mastwo1|I AM GOING TO DEMOLISH YOU WATIZDAT\n|c| SwiftPoke|watizdatfing but lechonk funny\n|\n|t:|1698191157\n|switch|p1a: i hate you|Quaquaval, F|51\/100\n|turn|32\n|c|\u2606LordPizza1211|lechonk normal type\n|\n|t:|1698191164\n|move|p2a: Funny Hat Man|Astral Barrage|p1a: i hate you\n|-damage|p1a: i hate you|0 fnt\n|faint|p1a: i hate you\n|\n|win|LordPizza1211\n|raw|mastwo1's rating: 1106 &rarr; <strong>1083<\/strong><br \/>(-23 for losing)\n|raw|LordPizza1211's rating: 1138 &rarr; <strong>1161<\/strong><br \/>(+23 for winning)\n|l| SwiftPoke\n|c|\u2606LordPizza1211|Lmao\n|c|\u2606mastwo1|i hate this set so much\n|c|\u2606LordPizza1211|ggs\n|c|\u2606mastwo1|all it does is\n|c|\u2606mastwo1|either\n|c| saltyfur|Why Are You Missing A Mon ?\n|c| WatIzDatFing|I understand SwiftPoke, but Lechonk is a garbage Pokemon.\n|c|\u2606mastwo1|make the opponent piss themself\n|c|\u2606mastwo1|or fail\n|c|\u2606LordPizza1211|Yeah\n|c|\u2606LordPizza1211|it failed miserably here\n|c|\u2606LordPizza1211|ima be honest\n|l| WatIzDatFing\n|c|\u2606mastwo1|im missing a mon because uhh\n|c|\u2606mastwo1|its\n|c|\u2606mastwo1|a\n|c|\u2606LordPizza1211|it was really fun crushing u\n|c|\u2606mastwo1|gimmick\n|c|\u2606LordPizza1211|lmao\n|c| saltyfur|Ohhhh\n|c|\u2606LordPizza1211|ggs bro\n|c| saltyfur|Could I Battle You ?\n|c|\u2606LordPizza1211|Have a good one guys\n|l|\u2606LordPizza1211\n","uploadtime":1698191883,"views":13,"p1id":"mastwo1","p2id":"lordpizza1211","formatid":"gen9anythinggoes","rating":1083,"private":0,"password":""}