{"id":"gen9anythinggoes-1971606431","p1":"mouchepute","p2":"Qxtel","format":"[Gen 9] Anything Goes","log":"|j|\u2606mouchepute\n|j|\u2606Qxtel\n|t:|1697752714\n|gametype|singles\n|player|p1|mouchepute|170|\n|player|p2|Qxtel|riley|\n|teamsize|p1|6\n|teamsize|p2|6\n|gen|9\n|tier|[Gen 9] Anything Goes\n|rule|HP Percentage Mod: HP is shown in percentages\n|rule|Endless Battle Clause: Forcing endless battles is banned\n|clearpoke\n|poke|p1|Okidogi, M|\n|poke|p1|Garganacl, M|\n|poke|p1|Ogerpon-Hearthflame, F|\n|poke|p1|Gholdengo|\n|poke|p1|Froslass, F|\n|poke|p1|Torterra, M|\n|poke|p2|Ariados, M|\n|poke|p2|Ninetales, F|\n|poke|p2|Typhlosion-Hisui, F|\n|poke|p2|Iron Valiant|\n|poke|p2|Scream Tail|\n|poke|p2|Brute Bonnet|\n|teampreview\n|j| Senpapiii\n|j| BubblesLOU\n|l| Senpapiii\n|j| Senpapiii\n|\n|t:|1697752817\n|start\n|switch|p1a: Garganacl|Garganacl, M|100\/100\n|switch|p2a: Ariados|Ariados, M|100\/100\n|turn|1\n|inactive|Battle timer is ON: inactive players will automatically lose when time's up. (requested by Qxtel)\n|\n|t:|1697752836\n|move|p2a: Ariados|Sticky Web|p1a: Garganacl\n|-sidestart|p1: mouchepute|move: Sticky Web\n|move|p1a: Garganacl|Stealth Rock|p2a: Ariados\n|-sidestart|p2: Qxtel|move: Stealth Rock\n|\n|upkeep\n|turn|2\n|j| mario brus\n|\n|t:|1697752850\n|move|p2a: Ariados|Toxic Thread|p1a: Garganacl\n|-unboost|p1a: Garganacl|spe|1\n|-immune|p1a: Garganacl|[from] ability: Purifying Salt\n|move|p1a: Garganacl|Block|p2a: Ariados\n|-activate|p2a: Ariados|trapped\n|\n|upkeep\n|turn|3\n|\n|t:|1697752861\n|move|p2a: Ariados|X-Scissor|p1a: Garganacl\n|-damage|p1a: Garganacl|77\/100\n|move|p1a: Garganacl|Salt Cure|p2a: Ariados\n|-supereffective|p2a: Ariados\n|-damage|p2a: Ariados|67\/100\n|-start|p2a: Ariados|Salt Cure\n|\n|-heal|p1a: Garganacl|83\/100|[from] item: Leftovers\n|-damage|p2a: Ariados|54\/100|[from] Salt Cure\n|upkeep\n|turn|4\n|\n|t:|1697752875\n|move|p2a: Ariados|X-Scissor|p1a: Garganacl\n|-damage|p1a: Garganacl|59\/100\n|move|p1a: Garganacl|Recover|p1a: Garganacl\n|-heal|p1a: Garganacl|100\/100\n|\n|-damage|p2a: Ariados|42\/100|[from] Salt Cure\n|upkeep\n|turn|5\n|\n|t:|1697752885\n|move|p2a: Ariados|X-Scissor|p1a: Garganacl\n|-damage|p1a: Garganacl|75\/100\n|move|p1a: Garganacl|Salt Cure|p2a: Ariados\n|-supereffective|p2a: Ariados\n|-damage|p2a: Ariados|7\/100\n|\n|-heal|p1a: Garganacl|81\/100|[from] item: Leftovers\n|-damage|p2a: Ariados|0 fnt|[from] Salt Cure\n|faint|p2a: Ariados\n|upkeep\n|j| brouski\n|n| mario brus|brouski\n|\n|t:|1697752900\n|switch|p2a: Scream Tail|Scream Tail|100\/100\n|-damage|p2a: Scream Tail|88\/100|[from] Stealth Rock\n|turn|6\n|c| mario brus|a\n|c|\u2606Qxtel|b\n|\n|t:|1697752918\n|move|p2a: Scream Tail|Stealth Rock|p1a: Garganacl\n|-sidestart|p1: mouchepute|move: Stealth Rock\n|move|p1a: Garganacl|Salt Cure|p2a: Scream Tail\n|-damage|p2a: Scream Tail|77\/100\n|-start|p2a: Scream Tail|Salt Cure\n|\n|-heal|p2a: Scream Tail|84\/100|[from] item: Leftovers\n|-heal|p1a: Garganacl|87\/100|[from] item: Leftovers\n|-damage|p2a: Scream Tail|71\/100|[from] Salt Cure\n|upkeep\n|turn|7\n|c| Senpapiii|c\n|c| BubblesLOU|g\n|\n|t:|1697752935\n|move|p2a: Scream Tail|Wish|p2a: Scream Tail\n|move|p1a: Garganacl|Block|p2a: Scream Tail\n|-activate|p2a: Scream Tail|trapped\n|\n|-heal|p2a: Scream Tail|77\/100|[from] item: Leftovers\n|-heal|p1a: Garganacl|94\/100|[from] item: Leftovers\n|-damage|p2a: Scream Tail|65\/100|[from] Salt Cure\n|upkeep\n|turn|8\n|\n|t:|1697752944\n|move|p2a: Scream Tail|Flamethrower|p1a: Garganacl\n|-resisted|p1a: Garganacl\n|-damage|p1a: Garganacl|88\/100\n|move|p1a: Garganacl|Salt Cure|p2a: Scream Tail\n|-damage|p2a: Scream Tail|53\/100\n|\n|-heal|p2a: Scream Tail|100\/100|[from] move: Wish|[wisher] Scream Tail\n|-heal|p1a: Garganacl|95\/100|[from] item: Leftovers\n|-damage|p2a: Scream Tail|88\/100|[from] Salt Cure\n|upkeep\n|turn|9\n|\n|t:|1697752962\n|move|p2a: Scream Tail|Flamethrower|p1a: Garganacl\n|-resisted|p1a: Garganacl\n|-damage|p1a: Garganacl|90\/100\n|move|p1a: Garganacl|Salt Cure|p2a: Scream Tail\n|-damage|p2a: Scream Tail|77\/100\n|\n|-heal|p2a: Scream Tail|84\/100|[from] item: Leftovers\n|-heal|p1a: Garganacl|96\/100|[from] item: Leftovers\n|-damage|p2a: Scream Tail|71\/100|[from] Salt Cure\n|upkeep\n|turn|10\n|\n|t:|1697752981\n|move|p2a: Scream Tail|Wish|p2a: Scream Tail\n|move|p1a: Garganacl|Salt Cure|p2a: Scream Tail\n|-damage|p2a: Scream Tail|61\/100\n|\n|-heal|p2a: Scream Tail|67\/100|[from] item: Leftovers\n|-heal|p1a: Garganacl|100\/100|[from] item: Leftovers\n|-damage|p2a: Scream Tail|54\/100|[from] Salt Cure\n|upkeep\n|turn|11\n|\n|t:|1697752992\n|move|p2a: Scream Tail|Stealth Rock||[still]\n|-fail|p2a: Scream Tail\n|move|p1a: Garganacl|Stealth Rock||[still]\n|-fail|p1a: Garganacl\n|\n|-heal|p2a: Scream Tail|100\/100|[from] move: Wish|[wisher] Scream Tail\n|-damage|p2a: Scream Tail|88\/100|[from] Salt Cure\n|upkeep\n|turn|12\n|\n|t:|1697753002\n|move|p2a: Scream Tail|Wish|p2a: Scream Tail\n|move|p1a: Garganacl|Stealth Rock||[still]\n|-fail|p1a: Garganacl\n|\n|-heal|p2a: Scream Tail|94\/100|[from] item: Leftovers\n|-damage|p2a: Scream Tail|82\/100|[from] Salt Cure\n|upkeep\n|turn|13\n|c| BubblesLOU|mettez le timer btw\n|c|\u2606Qxtel|deja fait\n|\n|t:|1697753011\n|move|p2a: Scream Tail|Stealth Rock||[still]\n|-fail|p2a: Scream Tail\n|move|p1a: Garganacl|Stealth Rock||[still]\n|-fail|p1a: Garganacl\n|\n|-heal|p2a: Scream Tail|100\/100|[from] move: Wish|[wisher] Scream Tail\n|-damage|p2a: Scream Tail|88\/100|[from] Salt Cure\n|upkeep\n|turn|14\n|c| BubblesLOU|lol parfait ok\n|\n|t:|1697753020\n|move|p2a: Scream Tail|Stealth Rock||[still]\n|-fail|p2a: Scream Tail\n|move|p1a: Garganacl|Stealth Rock||[still]\n|-fail|p1a: Garganacl\n|\n|-heal|p2a: Scream Tail|94\/100|[from] item: Leftovers\n|-damage|p2a: Scream Tail|82\/100|[from] Salt Cure\n|upkeep\n|turn|15\n|\n|t:|1697753027\n|move|p2a: Scream Tail|Stealth Rock||[still]\n|-fail|p2a: Scream Tail\n|move|p1a: Garganacl|Stealth Rock||[still]\n|-fail|p1a: Garganacl\n|\n|-heal|p2a: Scream Tail|88\/100|[from] item: Leftovers\n|-damage|p2a: Scream Tail|76\/100|[from] Salt Cure\n|upkeep\n|turn|16\n|\n|t:|1697753034\n|move|p2a: Scream Tail|Stealth Rock||[still]\n|-fail|p2a: Scream Tail\n|move|p1a: Garganacl|Salt Cure|p2a: Scream Tail\n|-damage|p2a: Scream Tail|64\/100\n|\n|-heal|p2a: Scream Tail|71\/100|[from] item: Leftovers\n|-damage|p2a: Scream Tail|58\/100|[from] Salt Cure\n|upkeep\n|turn|17\n|\n|t:|1697753042\n|move|p2a: Scream Tail|Stealth Rock||[still]\n|-fail|p2a: Scream Tail\n|move|p1a: Garganacl|Salt Cure|p2a: Scream Tail\n|-damage|p2a: Scream Tail|47\/100\n|\n|-heal|p2a: Scream Tail|53\/100|[from] item: Leftovers\n|-damage|p2a: Scream Tail|41\/100|[from] Salt Cure\n|upkeep\n|turn|18\n|\n|t:|1697753050\n|move|p2a: Scream Tail|Stealth Rock||[still]\n|-fail|p2a: Scream Tail\n|move|p1a: Garganacl|Salt Cure|p2a: Scream Tail\n|-damage|p2a: Scream Tail|30\/100\n|\n|-heal|p2a: Scream Tail|36\/100|[from] item: Leftovers\n|-damage|p2a: Scream Tail|24\/100|[from] Salt Cure\n|upkeep\n|turn|19\n|\n|t:|1697753058\n|move|p2a: Scream Tail|Stealth Rock||[still]\n|-fail|p2a: Scream Tail\n|move|p1a: Garganacl|Salt Cure|p2a: Scream Tail\n|-damage|p2a: Scream Tail|12\/100\n|\n|-heal|p2a: Scream Tail|18\/100|[from] item: Leftovers\n|-damage|p2a: Scream Tail|6\/100|[from] Salt Cure\n|upkeep\n|turn|20\n|\n|t:|1697753066\n|move|p2a: Scream Tail|Wish|p2a: Scream Tail\n|move|p1a: Garganacl|Salt Cure|p2a: Scream Tail\n|-damage|p2a: Scream Tail|0 fnt\n|faint|p2a: Scream Tail\n|-end|p2a: Scream Tail|Protosynthesis|[silent]\n|\n|upkeep\n|\n|t:|1697753085\n|switch|p2a: Ninetales|Ninetales, F|100\/100\n|-damage|p2a: Ninetales|75\/100|[from] Stealth Rock\n|-weather|SunnyDay|[from] ability: Drought|[of] p2a: Ninetales\n|turn|21\n|\n|t:|1697753094\n|move|p2a: Ninetales|Memento|p1a: Garganacl\n|-unboost|p1a: Garganacl|atk|2\n|-unboost|p1a: Garganacl|spa|2\n|faint|p2a: Ninetales\n|move|p1a: Garganacl|Salt Cure|p2: Ninetales|[notarget]\n|-fail|p1a: Garganacl\n|\n|-weather|SunnyDay|[upkeep]\n|upkeep\n|\n|t:|1697753099\n|switch|p2a: Iron Valiant|Iron Valiant|100\/100\n|-damage|p2a: Iron Valiant|94\/100|[from] Stealth Rock\n|-enditem|p2a: Iron Valiant|Booster Energy\n|-activate|p2a: Iron Valiant|ability: Quark Drive|[fromitem]\n|-start|p2a: Iron Valiant|quarkdrivespe\n|turn|22\n|inactive|mouchepute has 270 seconds left.\n|\n|t:|1697753140\n|move|p2a: Iron Valiant|Swords Dance|p2a: Iron Valiant\n|-boost|p2a: Iron Valiant|atk|2\n|move|p1a: Garganacl|Salt Cure|p2a: Iron Valiant\n|-resisted|p2a: Iron Valiant\n|-damage|p2a: Iron Valiant|89\/100\n|-start|p2a: Iron Valiant|Salt Cure\n|\n|-weather|SunnyDay|[upkeep]\n|-damage|p2a: Iron Valiant|77\/100|[from] Salt Cure\n|upkeep\n|turn|23\n|\n|t:|1697753164\n|switch|p1a: Froslass|Froslass, F, shiny|100\/100\n|-activate|p1a: Froslass|move: Sticky Web\n|-unboost|p1a: Froslass|spe|1\n|-damage|p1a: Froslass|75\/100|[from] Stealth Rock\n|move|p2a: Iron Valiant|Close Combat|p1a: Froslass\n|-immune|p1a: Froslass\n|\n|-weather|SunnyDay|[upkeep]\n|-damage|p2a: Iron Valiant|65\/100|[from] Salt Cure\n|upkeep\n|turn|24\n|inactive|mouchepute has 240 seconds left.\n|\n|t:|1697753201\n|move|p2a: Iron Valiant|Fire Punch|p1a: Froslass\n|-supereffective|p1a: Froslass\n|-damage|p1a: Froslass|0 fnt\n|-start|p2a: Iron Valiant|Disable|Fire Punch|[from] ability: Cursed Body|[of] p1a: Froslass\n|faint|p1a: Froslass\n|\n|-weather|SunnyDay|[upkeep]\n|-damage|p2a: Iron Valiant|52\/100|[from] Salt Cure\n|upkeep\n|c|\u2606Qxtel|wow\n|\n|t:|1697753216\n|switch|p1a: Gholdengo|Gholdengo|100\/100\n|-damage|p1a: Gholdengo|95\/100|[from] Stealth Rock\n|-item|p1a: Gholdengo|Air Balloon\n|turn|25\n|\n|t:|1697753231\n|-end|p2a: Iron Valiant|Quark Drive|[silent]\n|switch|p2a: Brute Bonnet|Brute Bonnet|100\/100\n|-damage|p2a: Brute Bonnet|88\/100|[from] Stealth Rock\n|-activate|p2a: Brute Bonnet|ability: Protosynthesis\n|-start|p2a: Brute Bonnet|protosynthesisatk\n|move|p1a: Gholdengo|Make It Rain|p2a: Brute Bonnet\n|-damage|p2a: Brute Bonnet|53\/100\n|-unboost|p1a: Gholdengo|spa|1\n|\n|-weather|SunnyDay|[upkeep]\n|upkeep\n|turn|26\n|\n|t:|1697753246\n|move|p2a: Brute Bonnet|Sucker Punch||[still]\n|-fail|p2a: Brute Bonnet\n|move|p1a: Gholdengo|Thunder Wave|p2a: Brute Bonnet\n|-status|p2a: Brute Bonnet|par\n|\n|-weather|SunnyDay|[upkeep]\n|upkeep\n|turn|27\n|\n|t:|1697753254\n|switch|p1a: Garganacl|Garganacl, M|100\/100\n|-activate|p1a: Garganacl|move: Sticky Web\n|-unboost|p1a: Garganacl|spe|1\n|-damage|p1a: Garganacl|88\/100|[from] Stealth Rock\n|move|p2a: Brute Bonnet|Sucker Punch||[still]\n|-fail|p2a: Brute Bonnet\n|\n|-weather|SunnyDay|[upkeep]\n|-heal|p1a: Garganacl|94\/100|[from] item: Leftovers\n|upkeep\n|turn|28\n|\n|t:|1697753263\n|move|p2a: Brute Bonnet|Seed Bomb|p1a: Garganacl\n|-supereffective|p1a: Garganacl\n|-damage|p1a: Garganacl|16\/100\n|move|p1a: Garganacl|Salt Cure|p2a: Brute Bonnet\n|-damage|p2a: Brute Bonnet|41\/100 par\n|-start|p2a: Brute Bonnet|Salt Cure\n|\n|-weather|none\n|-end|p2a: Brute Bonnet|Protosynthesis\n|-heal|p1a: Garganacl|22\/100|[from] item: Leftovers\n|-damage|p2a: Brute Bonnet|29\/100 par|[from] Salt Cure\n|upkeep\n|turn|29\n|\n|t:|1697753274\n|switch|p1a: Ogerpon|Ogerpon-Hearthflame, F|100\/100\n|-activate|p1a: Ogerpon|move: Sticky Web\n|-unboost|p1a: Ogerpon|spe|1\n|-damage|p1a: Ogerpon|76\/100|[from] Stealth Rock\n|-ability|p1a: Ogerpon|Mold Breaker\n|move|p2a: Brute Bonnet|Seed Bomb|p1a: Ogerpon\n|-resisted|p1a: Ogerpon\n|-damage|p1a: Ogerpon|62\/100\n|\n|-damage|p2a: Brute Bonnet|16\/100 par|[from] Salt Cure\n|upkeep\n|turn|30\n|\n|t:|1697753292\n|cant|p2a: Brute Bonnet|par\n|move|p1a: Ogerpon|Ivy Cudgel|p2a: Brute Bonnet\n|-supereffective|p2a: Brute Bonnet\n|-damage|p2a: Brute Bonnet|0 fnt\n|faint|p2a: Brute Bonnet\n|-end|p2a: Brute Bonnet|Protosynthesis|[silent]\n|\n|upkeep\n|inactive|Qxtel has 270 seconds left.\n|\n|t:|1697753332\n|switch|p2a: Typhlosion|Typhlosion-Hisui, F|100\/100\n|-damage|p2a: Typhlosion|75\/100|[from] Stealth Rock\n|turn|31\n|inactive|Qxtel has 270 seconds left.\n|\n|t:|1697753351\n|move|p2a: Typhlosion|Overheat|p1a: Ogerpon\n|-damage|p1a: Ogerpon|0 fnt\n|-unboost|p2a: Typhlosion|spa|2\n|faint|p1a: Ogerpon\n|\n|upkeep\n|inactive|mouchepute has 210 seconds left.\n|\n|t:|1697753371\n|switch|p1a: Okidogi|Okidogi, M|100\/100\n|-activate|p1a: Okidogi|move: Sticky Web\n|-unboost|p1a: Okidogi|spe|1\n|-damage|p1a: Okidogi|94\/100|[from] Stealth Rock\n|turn|32\n|inactive|mouchepute has 210 seconds left.\n|inactive|Qxtel has 270 seconds left.\n|\n|t:|1697753395\n|-terastallize|p2a: Typhlosion|Grass\n|move|p2a: Typhlosion|Flamethrower|p1a: Okidogi\n|-damage|p1a: Okidogi|81\/100\n|move|p1a: Okidogi|High Horsepower|p2a: Typhlosion\n|-resisted|p2a: Typhlosion\n|-damage|p2a: Typhlosion|53\/100\n|\n|upkeep\n|turn|33\n|inactive|Qxtel has 270 seconds left.\n|\n|t:|1697753405\n|move|p2a: Typhlosion|Overheat|p1a: Okidogi\n|-damage|p1a: Okidogi|62\/100\n|-unboost|p2a: Typhlosion|spa|2\n|move|p1a: Okidogi|Poison Jab|p2a: Typhlosion\n|-supereffective|p2a: Typhlosion\n|-damage|p2a: Typhlosion|0 fnt\n|faint|p2a: Typhlosion\n|\n|upkeep\n|inactive|Qxtel has 270 seconds left.\n|\n|t:|1697753412\n|switch|p2a: Iron Valiant|Iron Valiant|52\/100\n|-damage|p2a: Iron Valiant|46\/100|[from] Stealth Rock\n|turn|34\n|inactive|Qxtel has 270 seconds left.\n|\n|t:|1697753430\n|move|p2a: Iron Valiant|Close Combat|p1a: Okidogi\n|-resisted|p1a: Okidogi\n|-damage|p1a: Okidogi|38\/100\n|-unboost|p2a: Iron Valiant|def|1\n|-unboost|p2a: Iron Valiant|spd|1\n|move|p1a: Okidogi|Poison Jab|p2a: Iron Valiant\n|-supereffective|p2a: Iron Valiant\n|-damage|p2a: Iron Valiant|0 fnt\n|faint|p2a: Iron Valiant\n|-end|p2a: Iron Valiant|Quark Drive|[silent]\n|\n|win|mouchepute\n|c|\u2606Qxtel|gg\n|c|\u2606mouchepute|gg\n","uploadtime":1697753446,"views":7,"p1id":"mouchepute","p2id":"qxtel","formatid":"gen9anythinggoes","rating":0,"private":0,"password":""}