{"id":"gen9anythinggoes-1994838271","p1":"PapuhJohn","p2":"AGZTV","format":"[Gen 9] Anything Goes","log":"|j|\u2606PapuhJohn\n|j|\u2606AGZTV\n|t:|1700497443\n|gametype|singles\n|player|p1|PapuhJohn|265|1311\n|player|p2|AGZTV|169|1285\n|teamsize|p1|6\n|teamsize|p2|6\n|gen|9\n|tier|[Gen 9] Anything Goes\n|rated|\n|rule|HP Percentage Mod: HP is shown in percentages\n|rule|Endless Battle Clause: Forcing endless battles is banned\n|clearpoke\n|poke|p1|Forretress, M|\n|poke|p1|Forretress, M|\n|poke|p1|Giratina|\n|poke|p1|Giratina|\n|poke|p1|Giratina|\n|poke|p1|Drifblim, F|\n|poke|p2|Groudon|\n|poke|p2|Scovillain, F|\n|poke|p2|Charizard, F|\n|poke|p2|Lilligant-Hisui, F|\n|poke|p2|Victreebel, M|\n|poke|p2|Ninetales, M|\n|teampreview\n|inactive|Battle timer is ON: inactive players will automatically lose when time's up. (requested by PapuhJohn)\n|\n|t:|1700497453\n|start\n|switch|p1a: Forretress|Forretress, M|100\/100\n|switch|p2a: CHARIZARDO|Charizard, F, shiny|100\/100\n|turn|1\n|\n|t:|1700497466\n|move|p2a: CHARIZARDO|Flamethrower|p1a: Forretress\n|-supereffective|p1a: Forretress\n|-ability|p1a: Forretress|Sturdy\n|-damage|p1a: Forretress|1\/100\n|-enditem|p1a: Forretress|Red Card|[of] p2a: CHARIZARDO\n|drag|p2a: LILLY POTTER|Lilligant-Hisui, F|100\/100\n|move|p1a: Forretress|Stealth Rock|p2a: LILLY POTTER\n|-sidestart|p2: AGZTV|move: Stealth Rock\n|\n|upkeep\n|turn|2\n|\n|t:|1700497494\n|move|p2a: LILLY POTTER|Giga Drain|p1a: Forretress\n|-resisted|p1a: Forretress\n|-damage|p1a: Forretress|0 fnt\n|faint|p1a: Forretress\n|\n|upkeep\n|\n|t:|1700497498\n|switch|p1a: Forretress|Forretress, M|100\/100\n|turn|3\n|\n|t:|1700497508\n|switch|p2a: NUEVA COLAS|Ninetales, M|100\/100\n|-damage|p2a: NUEVA COLAS|76\/100|[from] Stealth Rock\n|-weather|SunnyDay|[from] ability: Drought|[of] p2a: NUEVA COLAS\n|move|p1a: Forretress|Toxic Spikes|p2a: NUEVA COLAS\n|-sidestart|p2: AGZTV|move: Toxic Spikes\n|\n|-weather|SunnyDay|[upkeep]\n|upkeep\n|turn|4\n|\n|t:|1700497519\n|move|p2a: NUEVA COLAS|Heat Wave|p1a: Forretress\n|-supereffective|p1a: Forretress\n|-ability|p1a: Forretress|Sturdy\n|-damage|p1a: Forretress|1\/100\n|-enditem|p1a: Forretress|Red Card|[of] p2a: NUEVA COLAS\n|drag|p2a: ESCOBILLAS|Scovillain, F|100\/100\n|-damage|p2a: ESCOBILLAS|75\/100|[from] Stealth Rock\n|-status|p2a: ESCOBILLAS|psn\n|move|p1a: Forretress|Spikes|p2a: ESCOBILLAS\n|-sidestart|p2: AGZTV|Spikes\n|\n|-weather|SunnyDay|[upkeep]\n|-damage|p2a: ESCOBILLAS|63\/100 psn|[from] psn\n|upkeep\n|turn|5\n|\n|t:|1700497534\n|move|p2a: ESCOBILLAS|Stomping Tantrum|p1a: Forretress\n|-damage|p1a: Forretress|0 fnt\n|faint|p1a: Forretress\n|-damage|p2a: ESCOBILLAS|53\/100 psn|[from] item: Life Orb\n|\n|-weather|SunnyDay|[upkeep]\n|-damage|p2a: ESCOBILLAS|41\/100 psn|[from] psn\n|upkeep\n|\n|t:|1700497542\n|switch|p1a: Drifblim|Drifblim, F|100\/100\n|turn|6\n|\n|t:|1700497552\n|move|p2a: ESCOBILLAS|Crunch|p1a: Drifblim\n|-supereffective|p1a: Drifblim\n|-damage|p1a: Drifblim|12\/100\n|-damage|p2a: ESCOBILLAS|31\/100 psn|[from] item: Life Orb\n|move|p1a: Drifblim|Minimize|p1a: Drifblim\n|-boost|p1a: Drifblim|evasion|2\n|\n|-weather|SunnyDay|[upkeep]\n|-damage|p2a: ESCOBILLAS|18\/100 psn|[from] psn\n|upkeep\n|turn|7\n|\n|t:|1700497561\n|move|p2a: ESCOBILLAS|Crunch|p1a: Drifblim|[miss]\n|-miss|p2a: ESCOBILLAS|p1a: Drifblim\n|move|p1a: Drifblim|Minimize|p1a: Drifblim\n|-boost|p1a: Drifblim|evasion|2\n|\n|-weather|none\n|-damage|p2a: ESCOBILLAS|6\/100 psn|[from] psn\n|upkeep\n|turn|8\n|\n|t:|1700497568\n|move|p1a: Drifblim|Minimize|p1a: Drifblim\n|-boost|p1a: Drifblim|evasion|2\n|move|p2a: ESCOBILLAS|Crunch|p1a: Drifblim|[miss]\n|-miss|p2a: ESCOBILLAS|p1a: Drifblim\n|\n|-damage|p2a: ESCOBILLAS|0 fnt|[from] psn\n|faint|p2a: ESCOBILLAS\n|upkeep\n|\n|t:|1700497574\n|switch|p2a: NUEVA COLAS|Ninetales, M|76\/100\n|-damage|p2a: NUEVA COLAS|51\/100|[from] Stealth Rock\n|-status|p2a: NUEVA COLAS|psn\n|-damage|p2a: NUEVA COLAS|39\/100 psn|[from] Spikes\n|-weather|SunnyDay|[from] ability: Drought|[of] p2a: NUEVA COLAS\n|turn|9\n|\n|t:|1700497587\n|move|p1a: Drifblim|Baton Pass|p1a: Drifblim\n|\n|t:|1700497591\n|switch|p1a: Giratina|Giratina|100\/100|[from] Baton Pass\n|-ability|p1a: Giratina|Pressure\n|move|p2a: NUEVA COLAS|Heat Wave|p1a: Giratina\n|-resisted|p1a: Giratina\n|-damage|p1a: Giratina|89\/100\n|-enditem|p1a: Giratina|Red Card|[of] p2a: NUEVA COLAS\n|drag|p2a: GROUDIOS|Groudon|100\/100\n|-damage|p2a: GROUDIOS|94\/100|[from] Stealth Rock\n|-status|p2a: GROUDIOS|psn\n|-damage|p2a: GROUDIOS|82\/100 psn|[from] Spikes\n|\n|-weather|SunnyDay|[upkeep]\n|-damage|p2a: GROUDIOS|70\/100 psn|[from] psn\n|upkeep\n|turn|10\n|\n|t:|1700497606\n|move|p2a: GROUDIOS|Will-O-Wisp|p1a: Giratina|[miss]\n|-miss|p2a: GROUDIOS|p1a: Giratina\n|move|p1a: Giratina|Dragon Tail|p2a: GROUDIOS\n|-damage|p2a: GROUDIOS|55\/100 psn\n|drag|p2a: V\u00cdCTIMAS|Victreebel, M|100\/100\n|-damage|p2a: V\u00cdCTIMAS|88\/100|[from] Stealth Rock\n|-sideend|p2: AGZTV|move: Toxic Spikes|[of] p2a: V\u00cdCTIMAS\n|-damage|p2a: V\u00cdCTIMAS|76\/100|[from] Spikes\n|\n|-weather|SunnyDay|[upkeep]\n|upkeep\n|turn|11\n|\n|t:|1700497619\n|move|p2a: V\u00cdCTIMAS|Toxic|p1a: Giratina\n|-status|p1a: Giratina|tox\n|move|p1a: Giratina|Roar|p2a: V\u00cdCTIMAS\n|drag|p2a: GROUDIOS|Groudon|55\/100 psn\n|-damage|p2a: GROUDIOS|48\/100 psn|[from] Stealth Rock\n|-damage|p2a: GROUDIOS|36\/100 psn|[from] Spikes\n|\n|-weather|SunnyDay|[upkeep]\n|-damage|p2a: GROUDIOS|24\/100 psn|[from] psn\n|-damage|p1a: Giratina|83\/100 tox|[from] psn\n|upkeep\n|turn|12\n|\n|t:|1700497629\n|switch|p2a: V\u00cdCTIMAS|Victreebel, M|76\/100\n|-damage|p2a: V\u00cdCTIMAS|64\/100|[from] Stealth Rock\n|-damage|p2a: V\u00cdCTIMAS|51\/100|[from] Spikes\n|move|p1a: Giratina|Roar|p2a: V\u00cdCTIMAS\n|drag|p2a: NUEVA COLAS|Ninetales, M|39\/100 psn\n|-damage|p2a: NUEVA COLAS|14\/100 psn|[from] Stealth Rock\n|-damage|p2a: NUEVA COLAS|2\/100 psn|[from] Spikes\n|\n|-weather|SunnyDay|[upkeep]\n|-damage|p2a: NUEVA COLAS|0 fnt|[from] psn\n|faint|p2a: NUEVA COLAS\n|-damage|p1a: Giratina|71\/100 tox|[from] psn\n|upkeep\n|c|\u2606AGZTV|que buen eres tio increible\n|\n|t:|1700497648\n|switch|p2a: LILLY POTTER|Lilligant-Hisui, F|100\/100\n|-damage|p2a: LILLY POTTER|94\/100|[from] Stealth Rock\n|-damage|p2a: LILLY POTTER|82\/100|[from] Spikes\n|turn|13\n|\n|t:|1700497655\n|move|p2a: LILLY POTTER|Ice Spinner|p1a: Giratina|[miss]\n|-miss|p2a: LILLY POTTER|p1a: Giratina\n|move|p1a: Giratina|Roar|p2a: LILLY POTTER\n|drag|p2a: V\u00cdCTIMAS|Victreebel, M|51\/100\n|-damage|p2a: V\u00cdCTIMAS|39\/100|[from] Stealth Rock\n|-damage|p2a: V\u00cdCTIMAS|27\/100|[from] Spikes\n|\n|-weather|none\n|-damage|p1a: Giratina|52\/100 tox|[from] psn\n|upkeep\n|turn|14\n|\n|t:|1700497665\n|move|p2a: V\u00cdCTIMAS|Clear Smog|p1a: Giratina\n|-resisted|p1a: Giratina\n|-damage|p1a: Giratina|46\/100 tox\n|-clearboost|p1a: Giratina\n|move|p1a: Giratina|Roar|p2a: V\u00cdCTIMAS\n|drag|p2a: LILLY POTTER|Lilligant-Hisui, F|82\/100\n|-damage|p2a: LILLY POTTER|76\/100|[from] Stealth Rock\n|-damage|p2a: LILLY POTTER|63\/100|[from] Spikes\n|\n|-damage|p1a: Giratina|21\/100 tox|[from] psn\n|upkeep\n|turn|15\n|\n|t:|1700497678\n|move|p2a: LILLY POTTER|Ice Spinner|p1a: Giratina\n|-supereffective|p1a: Giratina\n|-damage|p1a: Giratina|0 fnt\n|faint|p1a: Giratina\n|\n|upkeep\n|\n|t:|1700497685\n|switch|p1a: Drifblim|Drifblim, F|12\/100\n|turn|16\n|\n|t:|1700497689\n|move|p1a: Drifblim|Thunder Wave|p2a: LILLY POTTER\n|-status|p2a: LILLY POTTER|par\n|move|p2a: LILLY POTTER|Ice Spinner|p1a: Drifblim\n|-supereffective|p1a: Drifblim\n|-damage|p1a: Drifblim|0 fnt\n|-damage|p2a: LILLY POTTER|39\/100 par|[from] ability: Aftermath|[of] p1a: Drifblim\n|faint|p1a: Drifblim\n|\n|upkeep\n|c|\u2606AGZTV|JODETE SUBNORMAL\n|\n|t:|1700497714\n|switch|p1a: Giratina|Giratina|100\/100\n|-ability|p1a: Giratina|Pressure\n|turn|17\n|\n|t:|1700497717\n|move|p2a: LILLY POTTER|Ice Spinner|p1a: Giratina\n|-supereffective|p1a: Giratina\n|-damage|p1a: Giratina|65\/100\n|-enditem|p1a: Giratina|Red Card|[of] p2a: LILLY POTTER\n|drag|p2a: V\u00cdCTIMAS|Victreebel, M|27\/100\n|-damage|p2a: V\u00cdCTIMAS|15\/100|[from] Stealth Rock\n|-damage|p2a: V\u00cdCTIMAS|2\/100|[from] Spikes\n|move|p1a: Giratina|Dragon Tail|p2a: V\u00cdCTIMAS\n|-damage|p2a: V\u00cdCTIMAS|0 fnt\n|faint|p2a: V\u00cdCTIMAS\n|\n|upkeep\n|\n|t:|1700497723\n|switch|p2a: GROUDIOS|Groudon|24\/100 psn\n|-damage|p2a: GROUDIOS|18\/100 psn|[from] Stealth Rock\n|-damage|p2a: GROUDIOS|5\/100 psn|[from] Spikes\n|-weather|SunnyDay|[from] ability: Drought|[of] p2a: GROUDIOS\n|turn|18\n|\n|t:|1700497734\n|move|p1a: Giratina|Protect|p1a: Giratina\n|-singleturn|p1a: Giratina|Protect\n|move|p2a: GROUDIOS|Will-O-Wisp|p1a: Giratina\n|-activate|p1a: Giratina|move: Protect\n|\n|-weather|SunnyDay|[upkeep]\n|-damage|p2a: GROUDIOS|0 fnt|[from] psn\n|faint|p2a: GROUDIOS\n|upkeep\n|\n|t:|1700497738\n|switch|p2a: LILLY POTTER|Lilligant-Hisui, F|39\/100 par\n|-damage|p2a: LILLY POTTER|33\/100 par|[from] Stealth Rock\n|-damage|p2a: LILLY POTTER|20\/100 par|[from] Spikes\n|turn|19\n|\n|t:|1700497746\n|move|p1a: Giratina|Shadow Sneak|p2a: LILLY POTTER\n|-damage|p2a: LILLY POTTER|0 fnt\n|faint|p2a: LILLY POTTER\n|\n|-weather|SunnyDay|[upkeep]\n|upkeep\n|\n|t:|1700497748\n|switch|p2a: CHARIZARDO|Charizard, F, shiny|100\/100\n|-damage|p2a: CHARIZARDO|51\/100|[from] Stealth Rock\n|turn|20\n|\n|t:|1700497754\n|-terastallize|p2a: CHARIZARDO|Dragon\n|move|p1a: Giratina|Shadow Sneak|p2a: CHARIZARDO\n|-damage|p2a: CHARIZARDO|22\/100\n|move|p2a: CHARIZARDO|Dragon Pulse|p1a: Giratina\n|-supereffective|p1a: Giratina\n|-damage|p1a: Giratina|3\/100\n|\n|-weather|SunnyDay|[upkeep]\n|-damage|p2a: CHARIZARDO|10\/100|[from] ability: Solar Power|[of] p2a: CHARIZARDO\n|upkeep\n|turn|21\n|\n|t:|1700497765\n|move|p1a: Giratina|Protect|p1a: Giratina\n|-singleturn|p1a: Giratina|Protect\n|move|p2a: CHARIZARDO|Dragon Pulse|p1a: Giratina\n|-activate|p1a: Giratina|move: Protect\n|\n|-weather|SunnyDay|[upkeep]\n|-damage|p2a: CHARIZARDO|0 fnt|[from] ability: Solar Power|[of] p2a: CHARIZARDO\n|faint|p2a: CHARIZARDO\n|\n|win|PapuhJohn\n|upkeep\n|raw|PapuhJohn's rating: 1311 &rarr; <strong>1330<\/strong><br \/>(+19 for winning)\n|raw|AGZTV's rating: 1285 &rarr; <strong>1262<\/strong><br \/>(-23 for losing)\n","uploadtime":1700497697,"views":0,"p1id":"papuhjohn","p2id":"agztv","formatid":"gen9anythinggoes","rating":1262,"private":0,"password":""}