{"id":"gen9anythinggoes-1979794409","p1":"Steeltachi","p2":"bareraptor","format":"[Gen 9] Anything Goes","log":"|j|\u2606Steeltachi\n|j|\u2606bareraptor\n|t:|1698713942\n|gametype|singles\n|player|p1|Steeltachi|clown|\n|player|p2|bareraptor|266|\n|teamsize|p1|6\n|teamsize|p2|6\n|gen|9\n|tier|[Gen 9] Anything Goes\n|rule|HP Percentage Mod: HP is shown in percentages\n|rule|Endless Battle Clause: Forcing endless battles is banned\n|clearpoke\n|poke|p1|Ditto|\n|poke|p1|Zoroark-Hisui, F|\n|poke|p1|Zoroark, M|\n|poke|p1|Ursaluna-Bloodmoon, M|\n|poke|p1|Mew|\n|poke|p1|Heracross, M|\n|poke|p2|Ogerpon-Hearthflame, F|\n|poke|p2|Cyclizar, M|\n|poke|p2|Sandy Shocks|\n|poke|p2|Zamazenta-*|\n|poke|p2|Greninja-*, F|\n|poke|p2|Annihilape, M|\n|teampreview\n|c|\u2606bareraptor|gl hf!\n|j| Chazl Dazl\n|c|\u2606Steeltachi|you as well!\n|\n|t:|1698713964\n|start\n|switch|p1a: Ditto|Ditto|100\/100\n|switch|p2a: Sandy Shocks|Sandy Shocks|100\/100\n|-transform|p1a: Ditto|p2a: Sandy Shocks|[from] ability: Imposter\n|turn|1\n|\n|t:|1698713973\n|move|p2a: Sandy Shocks|Earth Power|p1a: Ditto\n|-supereffective|p1a: Ditto\n|-crit|p1a: Ditto\n|-damage|p1a: Ditto|0 fnt\n|faint|p1a: Ditto\n|-end|p1a: Ditto|Protosynthesis|[silent]\n|\n|upkeep\n|j| kayjulers\n|j| CLECrustles\n|\n|t:|1698713999\n|switch|p1a: Ursaluna|Ursaluna-Bloodmoon, M|100\/100\n|turn|2\n|j| Bogaes\n|\n|t:|1698714038\n|move|p2a: Sandy Shocks|Earth Power|p1a: Ursaluna\n|-damage|p1a: Ursaluna|47\/100\n|move|p1a: Ursaluna|Calm Mind|p1a: Ursaluna\n|-boost|p1a: Ursaluna|spa|1\n|-boost|p1a: Ursaluna|spd|1\n|\n|-heal|p1a: Ursaluna|53\/100|[from] item: Leftovers\n|upkeep\n|turn|3\n|\n|t:|1698714047\n|move|p2a: Sandy Shocks|Earth Power|p1a: Ursaluna\n|-damage|p1a: Ursaluna|20\/100\n|move|p1a: Ursaluna|Earth Power|p2a: Sandy Shocks\n|-supereffective|p2a: Sandy Shocks\n|-damage|p2a: Sandy Shocks|0 fnt\n|faint|p2a: Sandy Shocks\n|-end|p2a: Sandy Shocks|Protosynthesis|[silent]\n|\n|-heal|p1a: Ursaluna|26\/100|[from] item: Leftovers\n|upkeep\n|\n|t:|1698714059\n|switch|p2a: Zamazenta|Zamazenta|100\/100\n|-ability|p2a: Zamazenta|Dauntless Shield|boost\n|-boost|p2a: Zamazenta|def|1\n|turn|4\n|\n|t:|1698714098\n|switch|p1a: Heracross|Heracross, M|100\/100\n|move|p2a: Zamazenta|Crunch|p1a: Heracross\n|-supereffective|p1a: Heracross\n|-damage|p1a: Heracross|0 fnt\n|replace|p1a: Zoroark|Zoroark-Hisui, F\n|-end|p1a: Zoroark|Illusion\n|faint|p1a: Zoroark\n|\n|upkeep\n|\n|t:|1698714109\n|switch|p1a: Heracross|Heracross, M|100\/100\n|turn|5\n|\n|t:|1698714123\n|move|p2a: Zamazenta|Play Rough|p1a: Heracross|[miss]\n|-miss|p2a: Zamazenta|p1a: Heracross\n|move|p1a: Heracross|Knock Off|p2a: Zamazenta\n|-resisted|p2a: Zamazenta\n|-damage|p2a: Zamazenta|88\/100\n|-enditem|p2a: Zamazenta|Assault Vest|[from] move: Knock Off|[of] p1a: Heracross\n|\n|upkeep\n|turn|6\n|\n|t:|1698714131\n|move|p2a: Zamazenta|Play Rough|p1a: Heracross\n|-supereffective|p1a: Heracross\n|-damage|p1a: Heracross|0 fnt\n|replace|p1a: Zoroark|Zoroark, M\n|-end|p1a: Zoroark|Illusion\n|faint|p1a: Zoroark\n|\n|upkeep\n|\n|t:|1698714140\n|switch|p1a: Mew|Mew|100\/100\n|turn|7\n|\n|t:|1698714169\n|switch|p2a: Greninja|Greninja, F|100\/100\n|move|p1a: Mew|Transform|p2a: Greninja\n|-transform|p1a: Mew|p2a: Greninja\n|\n|upkeep\n|turn|8\n|\n|t:|1698714190\n|move|p1a: Mew|Grass Knot|p2a: Greninja\n|-start|p1a: Mew|typechange|Grass|[from] ability: Protean\n|-supereffective|p2a: Greninja\n|-damage|p2a: Greninja|23\/100\n|move|p2a: Greninja|Grass Knot|p1a: Mew\n|-start|p2a: Greninja|typechange|Grass|[from] ability: Protean\n|-resisted|p1a: Mew\n|-damage|p1a: Mew|80\/100\n|\n|upkeep\n|turn|9\n|\n|t:|1698714203\n|move|p1a: Mew|Grass Knot|p2a: Greninja\n|-resisted|p2a: Greninja\n|-damage|p2a: Greninja|3\/100\n|move|p2a: Greninja|Grass Knot|p1a: Mew\n|-resisted|p1a: Mew\n|-damage|p1a: Mew|56\/100\n|\n|upkeep\n|turn|10\n|\n|t:|1698714209\n|move|p1a: Mew|Grass Knot|p2a: Greninja\n|-resisted|p2a: Greninja\n|-damage|p2a: Greninja|0 fnt\n|faint|p2a: Greninja\n|\n|upkeep\n|\n|t:|1698714213\n|switch|p2a: Zamazenta|Zamazenta|88\/100\n|turn|11\n|\n|t:|1698714226\n|move|p1a: Mew|Grass Knot|p2a: Zamazenta\n|-damage|p2a: Zamazenta|39\/100\n|move|p2a: Zamazenta|Close Combat|p1a: Mew\n|-damage|p1a: Mew|0 fnt\n|-unboost|p2a: Zamazenta|def|1\n|-unboost|p2a: Zamazenta|spd|1\n|faint|p1a: Mew\n|\n|upkeep\n|\n|t:|1698714238\n|switch|p1a: Heracross|Heracross, M|100\/100\n|turn|12\n|\n|t:|1698714270\n|switch|p2a: Annihilape|Annihilape, M|100\/100\n|move|p1a: Heracross|Earthquake|p2a: Annihilape\n|-damage|p2a: Annihilape|55\/100\n|\n|upkeep\n|turn|13\n|\n|t:|1698714277\n|move|p2a: Annihilape|Acrobatics|p1a: Heracross\n|-supereffective|p1a: Heracross\n|-damage|p1a: Heracross|22\/100\n|move|p1a: Heracross|Earthquake|p2a: Annihilape\n|-damage|p2a: Annihilape|5\/100\n|\n|upkeep\n|turn|14\n|\n|t:|1698714284\n|move|p2a: Annihilape|Acrobatics|p1a: Heracross\n|-supereffective|p1a: Heracross\n|-damage|p1a: Heracross|0 fnt\n|faint|p1a: Heracross\n|\n|upkeep\n|\n|t:|1698714288\n|switch|p1a: Ursaluna|Ursaluna-Bloodmoon, M|26\/100\n|turn|15\n|\n|t:|1698714291\n|move|p1a: Ursaluna|Vacuum Wave|p2a: Annihilape\n|-damage|p2a: Annihilape|0 fnt\n|faint|p2a: Annihilape\n|\n|-heal|p1a: Ursaluna|32\/100|[from] item: Leftovers\n|upkeep\n|\n|t:|1698714294\n|switch|p2a: Zamazenta|Zamazenta|39\/100\n|turn|16\n|\n|t:|1698714298\n|move|p1a: Ursaluna|Vacuum Wave|p2a: Zamazenta\n|-damage|p2a: Zamazenta|24\/100\n|move|p2a: Zamazenta|Close Combat|p1a: Ursaluna\n|-supereffective|p1a: Ursaluna\n|-damage|p1a: Ursaluna|0 fnt\n|-unboost|p2a: Zamazenta|def|1\n|-unboost|p2a: Zamazenta|spd|1\n|faint|p1a: Ursaluna\n|\n|win|bareraptor\n|l| Chazl Dazl\n|c|\u2606Steeltachi|ggs\n|c|\u2606bareraptor|gg\n|l| kayjulers\n","uploadtime":1698714314,"views":20,"p1id":"steeltachi","p2id":"bareraptor","formatid":"gen9anythinggoes","rating":0,"private":0,"password":""}