{"id":"gen9anythinggoes-1984754811","p1":"NoirGames_","p2":"babbona","format":"[Gen 9] Anything Goes","log":"|j|\u2606NoirGames_\n|j|\u2606babbona\n|t:|1699296334\n|gametype|singles\n|player|p1|NoirGames_|dancer|1248\n|player|p2|babbona|ghetsis-gen5bw|1237\n|teamsize|p1|6\n|teamsize|p2|6\n|gen|9\n|tier|[Gen 9] Anything Goes\n|rated|\n|rule|HP Percentage Mod: HP is shown in percentages\n|rule|Endless Battle Clause: Forcing endless battles is banned\n|clearpoke\n|poke|p1|Urshifu-*, M|\n|poke|p1|Garchomp, F|\n|poke|p1|Maushold-Four|\n|poke|p1|Koraidon|\n|poke|p1|Ceruledge, F|\n|poke|p1|Urshifu-*, F|\n|poke|p2|Ribombee, F|\n|poke|p2|Muk-Alola, F|\n|poke|p2|Calyrex-Shadow|\n|poke|p2|Hawlucha, M|\n|poke|p2|Volcarona, F|\n|poke|p2|Ogerpon-Hearthflame, F|\n|teampreview\n|inactive|Battle timer is ON: inactive players will automatically lose when time's up. (requested by NoirGames_)\n|\n|t:|1699296345\n|start\n|switch|p1a: Ohana|Maushold-Four, shiny|100\/100\n|switch|p2a: Bloom|Ribombee, F|100\/100\n|turn|1\n|\n|t:|1699296353\n|move|p2a: Bloom|Sticky Web|p1a: Ohana\n|-sidestart|p1: NoirGames_|move: Sticky Web\n|move|p1a: Ohana|Substitute|p1a: Ohana\n|-start|p1a: Ohana|Substitute\n|-damage|p1a: Ohana|76\/100\n|\n|upkeep\n|turn|2\n|\n|t:|1699296357\n|move|p2a: Bloom|Reflect|p2a: Bloom\n|-sidestart|p2: babbona|Reflect\n|move|p1a: Ohana|Rest|p1a: Ohana\n|-status|p1a: Ohana|slp|[from] move: Rest\n|-heal|p1a: Ohana|100\/100 slp|[silent]\n|\n|upkeep\n|turn|3\n|\n|t:|1699296361\n|move|p2a: Bloom|Light Screen|p2a: Bloom\n|-sidestart|p2: babbona|move: Light Screen\n|cant|p1a: Ohana|slp\n|move|p1a: Ohana|Sleep Talk|p1a: Ohana\n|move|p1a: Ohana|Population Bomb|p2a: Bloom|[from]move: Sleep Talk|[miss]\n|-miss|p1a: Ohana|p2a: Bloom\n|\n|upkeep\n|turn|4\n|\n|t:|1699296366\n|move|p2a: Bloom|U-turn|p1a: Ohana\n|-activate|p1a: Ohana|move: Substitute|[damage]\n|\n|t:|1699296372\n|switch|p2a: Sludger|Muk-Alola, F|100\/100|[from] U-turn\n|cant|p1a: Ohana|slp\n|move|p1a: Ohana|Sleep Talk|p1a: Ohana\n|move|p1a: Ohana|Rest||[from]move: Sleep Talk|[still]\n|-fail|p1a: Ohana\n|\n|upkeep\n|turn|5\n|\n|t:|1699296379\n|-curestatus|p1a: Ohana|slp|[msg]\n|move|p1a: Ohana|Rest|p1a: Ohana\n|-fail|p1a: Ohana|heal\n|move|p2a: Sludger|Minimize|p2a: Sludger\n|-boost|p2a: Sludger|evasion|2\n|\n|upkeep\n|turn|6\n|\n|t:|1699296384\n|move|p1a: Ohana|Sleep Talk||[still]\n|-fail|p1a: Ohana\n|move|p2a: Sludger|Minimize|p2a: Sludger\n|-boost|p2a: Sludger|evasion|2\n|\n|-sideend|p2: babbona|Reflect\n|upkeep\n|turn|7\n|\n|t:|1699296387\n|move|p1a: Ohana|Rest|p1a: Ohana\n|-fail|p1a: Ohana|heal\n|move|p2a: Sludger|Minimize|p2a: Sludger\n|-boost|p2a: Sludger|evasion|2\n|\n|-sideend|p2: babbona|move: Light Screen\n|upkeep\n|turn|8\n|\n|t:|1699296394\n|move|p1a: Ohana|Rest|p1a: Ohana\n|-fail|p1a: Ohana|heal\n|move|p2a: Sludger|Poison Jab|p1a: Ohana\n|-end|p1a: Ohana|Substitute\n|\n|upkeep\n|turn|9\n|\n|t:|1699296408\n|move|p1a: Ohana|Substitute|p1a: Ohana\n|-start|p1a: Ohana|Substitute\n|-damage|p1a: Ohana|76\/100\n|move|p2a: Sludger|Poison Jab|p1a: Ohana\n|-end|p1a: Ohana|Substitute\n|\n|upkeep\n|turn|10\n|\n|t:|1699296412\n|move|p1a: Ohana|Rest|p1a: Ohana\n|-status|p1a: Ohana|slp|[from] move: Rest\n|-heal|p1a: Ohana|100\/100 slp|[silent]\n|move|p2a: Sludger|Poison Jab|p1a: Ohana\n|-damage|p1a: Ohana|45\/100 slp\n|\n|upkeep\n|turn|11\n|\n|t:|1699296414\n|cant|p1a: Ohana|slp\n|move|p1a: Ohana|Sleep Talk|p1a: Ohana\n|move|p1a: Ohana|Substitute|p1a: Ohana|[from]move: Sleep Talk\n|-start|p1a: Ohana|Substitute\n|-damage|p1a: Ohana|20\/100 slp\n|move|p2a: Sludger|Poison Jab|p1a: Ohana\n|-end|p1a: Ohana|Substitute\n|\n|upkeep\n|turn|12\n|\n|t:|1699296421\n|cant|p1a: Ohana|slp\n|move|p2a: Sludger|Poison Jab|p1a: Ohana\n|-damage|p1a: Ohana|0 fnt\n|faint|p1a: Ohana\n|\n|upkeep\n|\n|t:|1699296427\n|switch|p1a: Big Bite|Garchomp, F, shiny|100\/100\n|-activate|p1a: Big Bite|move: Sticky Web\n|-unboost|p1a: Big Bite|spe|1\n|turn|13\n|\n|t:|1699296439\n|move|p1a: Big Bite|Swords Dance|p1a: Big Bite\n|-boost|p1a: Big Bite|atk|2\n|move|p2a: Sludger|Poison Jab|p1a: Big Bite\n|-resisted|p1a: Big Bite\n|-damage|p1a: Big Bite|83\/100\n|-damage|p2a: Sludger|88\/100|[from] ability: Rough Skin|[of] p1a: Big Bite\n|\n|upkeep\n|turn|14\n|\n|t:|1699296445\n|move|p1a: Big Bite|Scale Shot|p2a: Sludger|[miss]\n|-miss|p1a: Big Bite|p2a: Sludger\n|move|p2a: Sludger|Poison Jab|p1a: Big Bite\n|-resisted|p1a: Big Bite\n|-damage|p1a: Big Bite|61\/100\n|-damage|p2a: Sludger|76\/100|[from] ability: Rough Skin|[of] p1a: Big Bite\n|\n|upkeep\n|turn|15\n|\n|t:|1699296451\n|move|p1a: Big Bite|Scale Shot|p2a: Sludger\n|-damage|p2a: Sludger|46\/100\n|-enditem|p2a: Sludger|Iapapa Berry|[eat]\n|-heal|p2a: Sludger|79\/100|[from] item: Iapapa Berry\n|-damage|p2a: Sludger|53\/100\n|-damage|p2a: Sludger|24\/100\n|-damage|p2a: Sludger|0 fnt\n|faint|p2a: Sludger\n|-hitcount|p2: Sludger|4\n|-unboost|p1a: Big Bite|def|1\n|-boost|p1a: Big Bite|spe|1\n|\n|upkeep\n|\n|t:|1699296458\n|switch|p2a: Hulk Hogan|Hawlucha, M|100\/100\n|turn|16\n|\n|t:|1699296464\n|move|p2a: Hulk Hogan|Endure|p2a: Hulk Hogan\n|-singleturn|p2a: Hulk Hogan|move: Endure\n|move|p1a: Big Bite|Scale Shot|p2a: Hulk Hogan\n|-damage|p2a: Hulk Hogan|65\/100\n|-damage|p2a: Hulk Hogan|26\/100\n|-activate|p2a: Hulk Hogan|move: Endure\n|-damage|p2a: Hulk Hogan|1\/100\n|-enditem|p2a: Hulk Hogan|Liechi Berry|[eat]\n|-boost|p2a: Hulk Hogan|atk|1|[from] item: Liechi Berry\n|-activate|p2a: Hulk Hogan|move: Endure\n|-damage|p2a: Hulk Hogan|1\/100\n|-hitcount|p2a: Hulk Hogan|4\n|-unboost|p1a: Big Bite|def|1\n|-boost|p1a: Big Bite|spe|1\n|\n|upkeep\n|turn|17\n|\n|t:|1699296480\n|move|p2a: Hulk Hogan|Close Combat|p1a: Big Bite\n|-damage|p1a: Big Bite|0 fnt\n|-unboost|p2a: Hulk Hogan|def|1\n|-unboost|p2a: Hulk Hogan|spd|1\n|-damage|p2a: Hulk Hogan|0 fnt|[from] ability: Rough Skin|[of] p1a: Big Bite\n|faint|p1a: Big Bite\n|faint|p2a: Hulk Hogan\n|\n|upkeep\n|\n|t:|1699296500\n|switch|p2a: Headless Horseman|Calyrex-Shadow|100\/100\n|switch|p1a: One Punch Man|Urshifu, M|100\/100\n|-ability|p2a: Headless Horseman|As One\n|-ability|p2a: Headless Horseman|Unnerve\n|-activate|p1a: One Punch Man|move: Sticky Web\n|-unboost|p1a: One Punch Man|spe|1\n|turn|18\n|\n|t:|1699296508\n|-terastallize|p2a: Headless Horseman|Fairy\n|move|p2a: Headless Horseman|Draining Kiss|p1a: One Punch Man\n|-supereffective|p1a: One Punch Man\n|-enditem|p1a: One Punch Man|Focus Sash\n|-damage|p1a: One Punch Man|1\/100\n|move|p1a: One Punch Man|Swords Dance|p1a: One Punch Man\n|-boost|p1a: One Punch Man|atk|2\n|\n|upkeep\n|turn|19\n|\n|t:|1699296524\n|move|p1a: One Punch Man|Sucker Punch|p2a: Headless Horseman\n|-resisted|p2a: Headless Horseman\n|-damage|p2a: Headless Horseman|49\/100\n|move|p2a: Headless Horseman|Draining Kiss|p1a: One Punch Man\n|-supereffective|p1a: One Punch Man\n|-damage|p1a: One Punch Man|0 fnt\n|-heal|p2a: Headless Horseman|49\/100|[from] drain|[of] p1a: One Punch Man\n|faint|p1a: One Punch Man\n|-ability|p2a: Headless Horseman|Grim Neigh|boost\n|-boost|p2a: Headless Horseman|spa|1\n|\n|upkeep\n|\n|t:|1699296528\n|switch|p1a: Bike|Koraidon|100\/100\n|-activate|p1a: Bike|move: Sticky Web\n|-unboost|p1a: Bike|spe|1\n|-weather|SunnyDay|[from] ability: Orichalcum Pulse|[of] p1a: Bike\n|-activate|p1a: Bike|Orichalcum Pulse|[source]\n|turn|20\n|\n|t:|1699296532\n|move|p2a: Headless Horseman|Draining Kiss|p1a: Bike\n|-supereffective|p1a: Bike\n|-damage|p1a: Bike|0 fnt\n|-heal|p2a: Headless Horseman|100\/100|[from] drain|[of] p1a: Bike\n|faint|p1a: Bike\n|-ability|p2a: Headless Horseman|Grim Neigh|boost\n|-boost|p2a: Headless Horseman|spa|1\n|\n|-weather|SunnyDay|[upkeep]\n|upkeep\n|\n|t:|1699296535\n|switch|p1a: edgy blade|Ceruledge, F|100\/100\n|-activate|p1a: edgy blade|move: Sticky Web\n|-unboost|p1a: edgy blade|spe|1\n|turn|21\n|\n|t:|1699296539\n|move|p2a: Headless Horseman|Nasty Plot|p2a: Headless Horseman\n|-boost|p2a: Headless Horseman|spa|2\n|move|p1a: edgy blade|Swords Dance|p1a: edgy blade\n|-boost|p1a: edgy blade|atk|2\n|\n|-weather|SunnyDay|[upkeep]\n|upkeep\n|turn|22\n|\n|t:|1699296543\n|move|p1a: edgy blade|Shadow Sneak|p2a: Headless Horseman\n|-damage|p2a: Headless Horseman|55\/100\n|move|p2a: Headless Horseman|Nasty Plot|p2a: Headless Horseman\n|-boost|p2a: Headless Horseman|spa|2\n|\n|-weather|SunnyDay|[upkeep]\n|upkeep\n|turn|23\n|\n|t:|1699296547\n|move|p1a: edgy blade|Shadow Sneak|p2a: Headless Horseman\n|-damage|p2a: Headless Horseman|10\/100\n|move|p2a: Headless Horseman|Astral Barrage|p1a: edgy blade\n|-supereffective|p1a: edgy blade\n|-damage|p1a: edgy blade|0 fnt\n|faint|p1a: edgy blade\n|\n|-weather|SunnyDay|[upkeep]\n|upkeep\n|\n|t:|1699296550\n|switch|p1a: Multi Punch Man|Urshifu-Rapid-Strike, F|100\/100\n|-activate|p1a: Multi Punch Man|move: Sticky Web\n|-unboost|p1a: Multi Punch Man|spe|1\n|turn|24\n|\n|t:|1699296559\n|move|p2a: Headless Horseman|Draining Kiss|p1a: Multi Punch Man\n|-supereffective|p1a: Multi Punch Man\n|-damage|p1a: Multi Punch Man|0 fnt\n|-heal|p2a: Headless Horseman|99\/100|[from] drain|[of] p1a: Multi Punch Man\n|faint|p1a: Multi Punch Man\n|\n|win|babbona\n|raw|NoirGames_'s rating: 1248 &rarr; <strong>1222<\/strong><br \/>(-26 for losing)\n|raw|babbona's rating: 1237 &rarr; <strong>1263<\/strong><br \/>(+26 for winning)\n|c|\u2606NoirGames_|ggs\n|c|\u2606babbona|gg\n|l|\u2606NoirGames_\n","uploadtime":1699296625,"views":3,"p1id":"noirgames","p2id":"babbona","formatid":"gen9anythinggoes","rating":1222,"private":0,"password":""}