{"id":"gen9anythinggoes-1997383773","p1":"HemmingfordEQs","p2":"Beauce Raikous","format":"[Gen 9] Anything Goes","log":"|j|\u2606HemmingfordEQs\n|j|\u2606Beauce Raikous\n|t:|1700797069\n|gametype|singles\n|player|p1|HemmingfordEQs|cynthia-gen4|\n|player|p2|Beauce Raikous|1|\n|teamsize|p1|6\n|teamsize|p2|6\n|gen|9\n|tier|[Gen 9] Anything Goes\n|rule|HP Percentage Mod: HP is shown in percentages\n|rule|Endless Battle Clause: Forcing endless battles is banned\n|clearpoke\n|poke|p1|Heatran, M|\n|poke|p1|Dragapult, F|\n|poke|p1|Sylveon, F|\n|poke|p1|Arcanine-Hisui, M|\n|poke|p1|Decidueye-Hisui, F|\n|poke|p1|Jolteon, M|\n|poke|p2|Hoopa-Unbound|\n|poke|p2|Slowbro, F|\n|poke|p2|Mimikyu, F|\n|poke|p2|Wo-Chien|\n|poke|p2|Forretress, M|\n|poke|p2|Zapdos-Galar|\n|teampreview\n|inactive|Battle timer is ON: inactive players will automatically lose when time's up. (requested by HemmingfordEQs)\n|inactiveoff|Battle timer is now OFF.\n|\n|t:|1700797107\n|start\n|switch|p1a: Arcanine|Arcanine-Hisui, M|100\/100\n|switch|p2a: Zapdos|Zapdos-Galar|100\/100\n|turn|1\n|\n|t:|1700797222\n|-terastallize|p1a: Arcanine|Water\n|move|p2a: Zapdos|Close Combat|p1a: Arcanine\n|-damage|p1a: Arcanine|23\/100\n|-unboost|p2a: Zapdos|def|1\n|-unboost|p2a: Zapdos|spd|1\n|move|p1a: Arcanine|Flare Blitz|p2a: Zapdos\n|-damage|p2a: Zapdos|0 fnt\n|faint|p2a: Zapdos\n|\n|upkeep\n|\n|t:|1700797233\n|switch|p2a: Mimikyu|Mimikyu, F|100\/100\n|turn|2\n|\n|t:|1700797241\n|switch|p1a: Sylveon|Sylveon, F, shiny|100\/100\n|move|p2a: Mimikyu|Shadow Sneak|p1a: Sylveon\n|-damage|p1a: Sylveon|83\/100\n|-damage|p2a: Mimikyu|91\/100|[from] item: Life Orb\n|\n|upkeep\n|turn|3\n|\n|t:|1700797248\n|move|p2a: Mimikyu|Swords Dance|p2a: Mimikyu\n|-boost|p2a: Mimikyu|atk|2\n|move|p1a: Sylveon|Yawn|p2a: Mimikyu\n|-start|p2a: Mimikyu|move: Yawn|[of] p1a: Sylveon\n|\n|upkeep\n|turn|4\n|\n|t:|1700797255\n|move|p1a: Sylveon|Protect|p1a: Sylveon\n|-singleturn|p1a: Sylveon|Protect\n|move|p2a: Mimikyu|Play Rough|p1a: Sylveon\n|-activate|p1a: Sylveon|move: Protect\n|\n|-end|p2a: Mimikyu|move: Yawn|[silent]\n|-status|p2a: Mimikyu|slp\n|upkeep\n|turn|5\n|\n|t:|1700797266\n|cant|p2a: Mimikyu|slp\n|move|p1a: Sylveon|Hyper Voice|p2a: Mimikyu\n|-activate|p2a: Mimikyu|ability: Disguise\n|-damage|p2a: Mimikyu|91\/100 slp\n|detailschange|p2a: Mimikyu|Mimikyu-Busted, F\n|-damage|p2a: Mimikyu|78\/100 slp|[from] pokemon: Mimikyu-Busted\n|\n|upkeep\n|turn|6\n|\n|t:|1700797273\n|cant|p2a: Mimikyu|slp\n|move|p1a: Sylveon|Hyper Voice|p2a: Mimikyu\n|-damage|p2a: Mimikyu|25\/100 slp\n|\n|upkeep\n|turn|7\n|\n|t:|1700797279\n|-curestatus|p2a: Mimikyu|slp|[msg]\n|move|p2a: Mimikyu|Play Rough|p1a: Sylveon\n|-damage|p1a: Sylveon|0 fnt\n|faint|p1a: Sylveon\n|-damage|p2a: Mimikyu|15\/100|[from] item: Life Orb\n|\n|upkeep\n|\n|t:|1700797286\n|switch|p1a: Jolteon|Jolteon, M|100\/100\n|turn|8\n|\n|t:|1700797291\n|move|p2a: Mimikyu|Shadow Sneak|p1a: Jolteon\n|-damage|p1a: Jolteon|14\/100\n|-damage|p2a: Mimikyu|5\/100|[from] item: Life Orb\n|move|p1a: Jolteon|Volt Switch|p2a: Mimikyu\n|-damage|p2a: Mimikyu|0 fnt\n|faint|p2a: Mimikyu\n|\n|t:|1700797311\n|switch|p1a: Heatran|Heatran, M|100\/100|[from] Volt Switch\n|\n|upkeep\n|\n|t:|1700797319\n|switch|p2a: Slowbro|Slowbro, F|100\/100\n|turn|9\n|\n|t:|1700797327\n|move|p1a: Heatran|Magma Storm|p2a: Slowbro\n|-resisted|p2a: Slowbro\n|-damage|p2a: Slowbro|77\/100\n|-activate|p2a: Slowbro|move: Magma Storm|[of] p1a: Heatran\n|move|p2a: Slowbro|Surf|p1a: Heatran\n|-supereffective|p1a: Heatran\n|-damage|p1a: Heatran|48\/100\n|\n|-heal|p1a: Heatran|54\/100|[from] item: Leftovers\n|-damage|p2a: Slowbro|64\/100|[from] move: Magma Storm|[partiallytrapped]\n|upkeep\n|turn|10\n|\n|t:|1700797338\n|switch|p1a: Dragapult|Dragapult, F|100\/100\n|move|p2a: Slowbro|Surf|p1a: Dragapult\n|-resisted|p1a: Dragapult\n|-crit|p1a: Dragapult\n|-damage|p1a: Dragapult|71\/100\n|\n|-end|p2a: Slowbro|Magma Storm|[partiallytrapped]|[silent]\n|upkeep\n|turn|11\n|\n|t:|1700797348\n|switch|p2a: Wo-Chien|Wo-Chien|100\/100\n|-ability|p2a: Wo-Chien|Tablets of Ruin\n|move|p1a: Dragapult|Draco Meteor|p2a: Wo-Chien\n|-crit|p2a: Wo-Chien\n|-damage|p2a: Wo-Chien|40\/100\n|-unboost|p1a: Dragapult|spa|2\n|\n|upkeep\n|turn|12\n|\n|t:|1700797366\n|switch|p1a: Decidueye|Decidueye-Hisui, F|100\/100\n|move|p2a: Wo-Chien|Knock Off|p1a: Decidueye\n|-resisted|p1a: Decidueye\n|-damage|p1a: Decidueye|91\/100\n|-enditem|p1a: Decidueye|Heavy-Duty Boots|[from] move: Knock Off|[of] p2a: Wo-Chien\n|\n|upkeep\n|turn|13\n|\n|t:|1700797384\n|move|p2a: Wo-Chien|Reflect|p2a: Wo-Chien\n|-sidestart|p2: Beauce Raikous|Reflect\n|move|p1a: Decidueye|Triple Arrows|p2a: Wo-Chien\n|-supereffective|p2a: Wo-Chien\n|-damage|p2a: Wo-Chien|22\/100\n|-unboost|p2a: Wo-Chien|def|1\n|\n|upkeep\n|turn|14\n|\n|t:|1700797394\n|switch|p2a: Hoopa|Hoopa-Unbound|100\/100\n|move|p1a: Decidueye|Defog|p2a: Hoopa\n|-unboost|p2a: Hoopa|evasion|1\n|-sideend|p2: Beauce Raikous|Reflect\n|\n|upkeep\n|turn|15\n|\n|t:|1700797404\n|move|p2a: Hoopa|Gunk Shot|p1a: Decidueye\n|-supereffective|p1a: Decidueye\n|-damage|p1a: Decidueye|21\/100\n|move|p1a: Decidueye|Knock Off|p2a: Hoopa\n|-damage|p2a: Hoopa|54\/100\n|-enditem|p2a: Hoopa|Assault Vest|[from] move: Knock Off|[of] p1a: Decidueye\n|\n|upkeep\n|turn|16\n|\n|t:|1700797413\n|switch|p1a: Heatran|Heatran, M|54\/100\n|move|p2a: Hoopa|Gunk Shot|p1a: Heatran\n|-immune|p1a: Heatran\n|\n|-heal|p1a: Heatran|60\/100|[from] item: Leftovers\n|upkeep\n|turn|17\n|\n|t:|1700797421\n|move|p2a: Hoopa|Drain Punch|p1a: Heatran\n|-supereffective|p1a: Heatran\n|-damage|p1a: Heatran|21\/100\n|-heal|p2a: Hoopa|79\/100|[from] drain|[of] p1a: Heatran\n|-item|p2a: Hoopa|Leftovers|[from] ability: Magician|[of] p1a: Heatran\n|move|p1a: Heatran|Magma Storm|p2a: Hoopa\n|-damage|p2a: Hoopa|40\/100\n|-activate|p2a: Hoopa|move: Magma Storm|[of] p1a: Heatran\n|\n|-heal|p2a: Hoopa|46\/100|[from] item: Leftovers\n|-damage|p2a: Hoopa|34\/100|[from] move: Magma Storm|[partiallytrapped]\n|upkeep\n|turn|18\n|\n|t:|1700797437\n|move|p1a: Heatran|Protect|p1a: Heatran\n|-singleturn|p1a: Heatran|Protect\n|move|p2a: Hoopa|Drain Punch|p1a: Heatran\n|-activate|p1a: Heatran|move: Protect\n|\n|-heal|p2a: Hoopa|40\/100|[from] item: Leftovers\n|-damage|p2a: Hoopa|28\/100|[from] move: Magma Storm|[partiallytrapped]\n|upkeep\n|turn|19\n|\n|t:|1700797445\n|move|p2a: Hoopa|Hyperspace Fury|p1a: Heatran\n|-damage|p1a: Heatran|0 fnt\n|-unboost|p2a: Hoopa|def|1\n|faint|p1a: Heatran\n|\n|-heal|p2a: Hoopa|34\/100|[from] item: Leftovers\n|-end|p2a: Hoopa|Magma Storm|[partiallytrapped]|[silent]\n|upkeep\n|\n|t:|1700797453\n|switch|p1a: Jolteon|Jolteon, M|14\/100\n|turn|20\n|\n|t:|1700797467\n|switch|p2a: Wo-Chien|Wo-Chien|22\/100\n|-ability|p2a: Wo-Chien|Tablets of Ruin\n|move|p1a: Jolteon|Thunderbolt|p2a: Wo-Chien\n|-resisted|p2a: Wo-Chien\n|-damage|p2a: Wo-Chien|2\/100\n|\n|upkeep\n|turn|21\n|\n|t:|1700797475\n|move|p1a: Jolteon|Thunderbolt|p2a: Wo-Chien\n|-resisted|p2a: Wo-Chien\n|-damage|p2a: Wo-Chien|0 fnt\n|faint|p2a: Wo-Chien\n|\n|upkeep\n|\n|t:|1700797480\n|switch|p2a: Forretress|Forretress, M|100\/100\n|turn|22\n|\n|t:|1700797509\n|move|p1a: Jolteon|Thunderbolt|p2a: Forretress\n|-damage|p2a: Forretress|13\/100\n|move|p2a: Forretress|Body Press|p1a: Jolteon\n|-damage|p1a: Jolteon|0 fnt\n|faint|p1a: Jolteon\n|\n|-heal|p2a: Forretress|19\/100|[from] item: Leftovers\n|upkeep\n|\n|t:|1700797517\n|switch|p1a: Decidueye|Decidueye-Hisui, F|21\/100\n|turn|23\n|\n|t:|1700797525\n|move|p1a: Decidueye|Triple Arrows|p2a: Forretress\n|-damage|p2a: Forretress|0 fnt\n|faint|p2a: Forretress\n|\n|upkeep\n|\n|t:|1700797529\n|switch|p2a: Hoopa|Hoopa-Unbound|34\/100\n|turn|24\n|l|\u2606Beauce Raikous\n|player|p2|\n|\n|t:|1700797538\n|move|p2a: Hoopa|Gunk Shot|p1a: Decidueye\n|-supereffective|p1a: Decidueye\n|-crit|p1a: Decidueye\n|-damage|p1a: Decidueye|0 fnt\n|faint|p1a: Decidueye\n|\n|-heal|p2a: Hoopa|40\/100|[from] item: Leftovers\n|upkeep\n|\n|t:|1700797543\n|switch|p1a: Dragapult|Dragapult, F|71\/100\n|turn|25\n|l|\u2606HemmingfordEQs\n|player|p1|\n|j|\u2606HemmingfordEQs\n|player|p1|HemmingfordEQs|cynthia-gen4\n|-message|HemmingfordEQs forfeited.\n|\n|win|Beauce Raikous\n","uploadtime":1700799068,"views":2,"p1id":"hemmingfordeqs","p2id":"beauceraikous","formatid":"gen9anythinggoes","rating":0,"private":0,"password":""}