{"id":"gen9anythinggoes-1981578566","p1":"TanPadeusz","p2":"JustDaras","format":"[Gen 9] Anything Goes","log":"|j|\u2606TanPadeusz\n|j|\u2606JustDaras\n|t:|1698921316\n|gametype|singles\n|player|p1|TanPadeusz|giovanni|\n|player|p2|JustDaras|170|\n|teamsize|p1|6\n|teamsize|p2|6\n|gen|9\n|tier|[Gen 9] Anything Goes\n|rule|HP Percentage Mod: HP is shown in percentages\n|rule|Endless Battle Clause: Forcing endless battles is banned\n|clearpoke\n|poke|p1|Gallade, M|\n|poke|p1|Tinkaton, F|\n|poke|p1|Toxapex, M|\n|poke|p1|Gliscor, M|\n|poke|p1|Zoroark-Hisui, M|\n|poke|p1|Hydreigon, F|\n|poke|p2|Ceruledge, M|\n|poke|p2|Iron Valiant|\n|poke|p2|Golem, F|\n|poke|p2|Dragonite, F|\n|poke|p2|Greninja-*, M|\n|poke|p2|Slowbro-Galar, M|\n|teampreview\n|\n|t:|1698921344\n|start\n|switch|p1a: Toxapex|Toxapex, M|100\/100\n|switch|p2a: Slowbro|Slowbro-Galar, M|100\/100\n|turn|1\n|-activate|p2a: Slowbro|ability: Quick Draw\n|\n|t:|1698921352\n|move|p2a: Slowbro|Earthquake|p1a: Toxapex\n|-supereffective|p1a: Toxapex\n|-damage|p1a: Toxapex|74\/100\n|move|p1a: Toxapex|Toxic Spikes|p2a: Slowbro\n|-sidestart|p2: JustDaras|move: Toxic Spikes\n|\n|-heal|p1a: Toxapex|80\/100|[from] item: Black Sludge\n|upkeep\n|turn|2\n|\n|t:|1698921364\n|switch|p1a: Gliscor|Gliscor, M|100\/100\n|move|p2a: Slowbro|Earthquake|p1a: Gliscor\n|-immune|p1a: Gliscor\n|\n|-status|p1a: Gliscor|tox|[from] item: Toxic Orb\n|upkeep\n|turn|3\n|\n|t:|1698921386\n|switch|p2a: Golem|Golem, F|100\/100\n|-status|p2a: Golem|psn\n|move|p1a: Gliscor|Earthquake|p2a: Golem\n|-supereffective|p2a: Golem\n|-damage|p2a: Golem|15\/100 psn\n|\n|-damage|p2a: Golem|2\/100 psn|[from] psn\n|upkeep\n|turn|4\n|\n|t:|1698921395\n|move|p1a: Gliscor|Protect|p1a: Gliscor\n|-singleturn|p1a: Gliscor|Protect\n|move|p2a: Golem|Earthquake|p1a: Gliscor\n|-activate|p1a: Gliscor|move: Protect\n|\n|-damage|p2a: Golem|0 fnt|[from] psn\n|faint|p2a: Golem\n|upkeep\n|\n|t:|1698921424\n|switch|p2a: Greninja|Greninja, M, shiny|100\/100\n|-status|p2a: Greninja|psn\n|turn|5\n|\n|t:|1698921476\n|move|p2a: Greninja|Hydro Pump|p1a: Gliscor|[miss]\n|-miss|p2a: Greninja|p1a: Gliscor\n|move|p1a: Gliscor|Dual Wingbeat|p2a: Greninja|[miss]\n|-miss|p1a: Gliscor|p2a: Greninja\n|\n|-damage|p2a: Greninja|88\/100 psn|[from] psn\n|upkeep\n|turn|6\n|\n|t:|1698921484\n|move|p1a: Gliscor|Protect|p1a: Gliscor\n|-singleturn|p1a: Gliscor|Protect\n|move|p2a: Greninja|Hydro Pump|p1a: Gliscor\n|-activate|p1a: Gliscor|move: Protect\n|\n|-damage|p2a: Greninja|76\/100 psn|[from] psn\n|upkeep\n|turn|7\n|\n|t:|1698921494\n|move|p2a: Greninja|Protect|p2a: Greninja\n|-singleturn|p2a: Greninja|Protect\n|move|p1a: Gliscor|Dual Wingbeat|p2a: Greninja\n|-activate|p2a: Greninja|move: Protect\n|\n|-damage|p2a: Greninja|64\/100 psn|[from] psn\n|upkeep\n|turn|8\n|\n|t:|1698921503\n|move|p1a: Gliscor|Protect|p1a: Gliscor\n|-singleturn|p1a: Gliscor|Protect\n|move|p2a: Greninja|Hydro Pump|p1a: Gliscor\n|-activate|p1a: Gliscor|move: Protect\n|\n|-damage|p2a: Greninja|52\/100 psn|[from] psn\n|upkeep\n|turn|9\n|\n|t:|1698921509\n|move|p2a: Greninja|Hydro Pump|p1a: Gliscor\n|-supereffective|p1a: Gliscor\n|-damage|p1a: Gliscor|0 fnt\n|faint|p1a: Gliscor\n|\n|-damage|p2a: Greninja|39\/100 psn|[from] psn\n|upkeep\n|\n|t:|1698921518\n|switch|p1a: Toxapex|Toxapex, M|100\/100\n|turn|10\n|\n|t:|1698921523\n|move|p1a: Toxapex|Baneful Bunker|p1a: Toxapex\n|-singleturn|p1a: Toxapex|move: Protect\n|move|p2a: Greninja|Dark Pulse|p1a: Toxapex\n|-activate|p1a: Toxapex|move: Protect\n|\n|-damage|p2a: Greninja|27\/100 psn|[from] psn\n|upkeep\n|turn|11\n|\n|t:|1698921532\n|move|p2a: Greninja|Dark Pulse|p1a: Toxapex\n|-damage|p1a: Toxapex|77\/100\n|move|p1a: Toxapex|Recover|p1a: Toxapex\n|-heal|p1a: Toxapex|100\/100\n|\n|-damage|p2a: Greninja|15\/100 psn|[from] psn\n|upkeep\n|-enditem|p2a: Greninja|Apicot Berry|[eat]\n|-boost|p2a: Greninja|spd|1|[from] item: Apicot Berry\n|turn|12\n|\n|t:|1698921548\n|move|p1a: Toxapex|Baneful Bunker|p1a: Toxapex\n|-singleturn|p1a: Toxapex|move: Protect\n|move|p2a: Greninja|Dark Pulse|p1a: Toxapex\n|-activate|p1a: Toxapex|move: Protect\n|\n|-damage|p2a: Greninja|3\/100 psn|[from] psn\n|upkeep\n|turn|13\n|\n|t:|1698921556\n|move|p2a: Greninja|Dark Pulse|p1a: Toxapex\n|-damage|p1a: Toxapex|77\/100\n|cant|p1a: Toxapex|flinch\n|\n|-heal|p1a: Toxapex|83\/100|[from] item: Black Sludge\n|-damage|p2a: Greninja|0 fnt|[from] psn\n|faint|p2a: Greninja\n|upkeep\n|\n|t:|1698921573\n|switch|p2a: Slowbro|Slowbro-Galar, M|100\/100\n|-sideend|p2: JustDaras|move: Toxic Spikes|[of] p2a: Slowbro\n|turn|14\n|-activate|p2a: Slowbro|ability: Quick Draw\n|\n|t:|1698921583\n|switch|p1a: Tinkaton|Tinkaton, F|100\/100\n|move|p2a: Slowbro|Earthquake|p1a: Tinkaton\n|-supereffective|p1a: Tinkaton\n|-damage|p1a: Tinkaton|48\/100\n|-enditem|p1a: Tinkaton|Weakness Policy\n|-boost|p1a: Tinkaton|atk|2|[from] item: Weakness Policy\n|-boost|p1a: Tinkaton|spa|2|[from] item: Weakness Policy\n|\n|upkeep\n|turn|15\n|-activate|p2a: Slowbro|ability: Quick Draw\n|\n|t:|1698921600\n|move|p2a: Slowbro|Earthquake|p1a: Tinkaton\n|-supereffective|p1a: Tinkaton\n|-damage|p1a: Tinkaton|2\/100\n|move|p1a: Tinkaton|Rest|p1a: Tinkaton\n|-status|p1a: Tinkaton|slp|[from] move: Rest\n|-heal|p1a: Tinkaton|100\/100 slp|[silent]\n|\n|upkeep\n|turn|16\n|-activate|p2a: Slowbro|ability: Quick Draw\n|\n|t:|1698921613\n|move|p2a: Slowbro|Earthquake|p1a: Tinkaton\n|-supereffective|p1a: Tinkaton\n|-damage|p1a: Tinkaton|48\/100 slp\n|cant|p1a: Tinkaton|slp\n|move|p1a: Tinkaton|Sleep Talk|p1a: Tinkaton\n|move|p1a: Tinkaton|Play Rough|p2a: Slowbro|[from]move: Sleep Talk\n|-resisted|p2a: Slowbro\n|-damage|p2a: Slowbro|80\/100\n|\n|upkeep\n|turn|17\n|\n|t:|1698921653\n|switch|p1a: Gallade|Gallade, M|100\/100\n|move|p2a: Slowbro|Earthquake|p1a: Gallade\n|-crit|p1a: Gallade\n|-damage|p1a: Gallade|55\/100\n|\n|upkeep\n|turn|18\n|\n|t:|1698921702\n|move|p1a: Gallade|Swords Dance|p1a: Gallade\n|-boost|p1a: Gallade|atk|2\n|move|p2a: Slowbro|Earthquake|p1a: Gallade\n|-damage|p1a: Gallade|24\/100\n|\n|upkeep\n|turn|19\n|-activate|p2a: Slowbro|ability: Quick Draw\n|\n|t:|1698921711\n|move|p2a: Slowbro|Earthquake|p1a: Gallade\n|-crit|p1a: Gallade\n|-damage|p1a: Gallade|0 fnt\n|faint|p1a: Gallade\n|\n|upkeep\n|\n|t:|1698921723\n|switch|p1a: Tinkaton|Tinkaton, F|48\/100 slp\n|turn|20\n|\n|t:|1698921726\n|cant|p1a: Tinkaton|slp\n|move|p1a: Tinkaton|Sleep Talk|p1a: Tinkaton\n|move|p1a: Tinkaton|Rest||[from]move: Sleep Talk|[still]\n|-fail|p1a: Tinkaton\n|move|p2a: Slowbro|Earthquake|p1a: Tinkaton\n|-supereffective|p1a: Tinkaton\n|-damage|p1a: Tinkaton|0 fnt\n|faint|p1a: Tinkaton\n|\n|upkeep\n|\n|t:|1698921741\n|switch|p1a: Hydreigon|Hydreigon, F|100\/100\n|turn|21\n|\n|t:|1698921756\n|switch|p2a: Iron Valiant|Iron Valiant|100\/100\n|move|p1a: Hydreigon|Dragon Dance|p1a: Hydreigon\n|-boost|p1a: Hydreigon|atk|1\n|-boost|p1a: Hydreigon|spe|1\n|\n|upkeep\n|turn|22\n|\n|t:|1698921765\n|switch|p1a: Toxapex|Toxapex, M|100\/100\n|move|p2a: Iron Valiant|Dazzling Gleam|p1a: Toxapex\n|-resisted|p1a: Toxapex\n|-damage|p1a: Toxapex|86\/100\n|\n|-heal|p1a: Toxapex|93\/100|[from] item: Black Sludge\n|upkeep\n|turn|23\n|\n|t:|1698921775\n|move|p2a: Iron Valiant|Dazzling Gleam|p1a: Toxapex\n|-resisted|p1a: Toxapex\n|-damage|p1a: Toxapex|79\/100\n|move|p1a: Toxapex|Toxic|p2a: Iron Valiant\n|-status|p2a: Iron Valiant|tox\n|\n|-heal|p1a: Toxapex|85\/100|[from] item: Black Sludge\n|-damage|p2a: Iron Valiant|94\/100 tox|[from] psn\n|upkeep\n|turn|24\n|\n|t:|1698921787\n|move|p2a: Iron Valiant|Dazzling Gleam|p1a: Toxapex\n|-resisted|p1a: Toxapex\n|-damage|p1a: Toxapex|72\/100\n|move|p1a: Toxapex|Toxic Spikes|p2a: Iron Valiant\n|-sidestart|p2: JustDaras|move: Toxic Spikes\n|\n|-heal|p1a: Toxapex|78\/100|[from] item: Black Sludge\n|-damage|p2a: Iron Valiant|82\/100 tox|[from] psn\n|upkeep\n|turn|25\n|\n|t:|1698921802\n|-end|p2a: Iron Valiant|Quark Drive|[silent]\n|switch|p2a: Slowbro|Slowbro-Galar, M|80\/100\n|-sideend|p2: JustDaras|move: Toxic Spikes|[of] p2a: Slowbro\n|move|p1a: Toxapex|Baneful Bunker||[still]\n|-fail|p1a: Toxapex\n|\n|-heal|p1a: Toxapex|84\/100|[from] item: Black Sludge\n|upkeep\n|turn|26\n|\n|t:|1698921810\n|switch|p1a: Hydreigon|Hydreigon, F|100\/100\n|move|p2a: Slowbro|Earthquake|p1a: Hydreigon\n|-immune|p1a: Hydreigon|[from] ability: Levitate\n|\n|upkeep\n|turn|27\n|\n|t:|1698921816\n|switch|p2a: Iron Valiant|Iron Valiant|82\/100 tox\n|move|p1a: Hydreigon|Earthquake|p2a: Iron Valiant\n|-damage|p2a: Iron Valiant|49\/100 tox\n|\n|-damage|p2a: Iron Valiant|43\/100 tox|[from] psn\n|upkeep\n|turn|28\n|\n|t:|1698921825\n|-end|p2a: Iron Valiant|Quark Drive|[silent]\n|switch|p2a: Slowbro|Slowbro-Galar, M|80\/100\n|switch|p1a: Toxapex|Toxapex, M|100\/100\n|\n|upkeep\n|turn|29\n|\n|t:|1698921831\n|switch|p1a: Hydreigon|Hydreigon, F|100\/100\n|move|p2a: Slowbro|Earthquake|p1a: Hydreigon\n|-immune|p1a: Hydreigon|[from] ability: Levitate\n|\n|upkeep\n|turn|30\n|\n|t:|1698921841\n|switch|p2a: Ceruledge|Ceruledge, M|100\/100\n|move|p1a: Hydreigon|Earthquake|p2a: Ceruledge\n|-supereffective|p2a: Ceruledge\n|-damage|p2a: Ceruledge|30\/100\n|\n|upkeep\n|turn|31\n|\n|t:|1698921853\n|move|p2a: Ceruledge|Protect|p2a: Ceruledge\n|-singleturn|p2a: Ceruledge|Protect\n|move|p1a: Hydreigon|Earthquake|p2a: Ceruledge\n|-activate|p2a: Ceruledge|move: Protect\n|\n|upkeep\n|turn|32\n|\n|t:|1698921886\n|move|p2a: Ceruledge|Protect||[still]\n|-fail|p2a: Ceruledge\n|move|p1a: Hydreigon|Dragon Dance|p1a: Hydreigon\n|-boost|p1a: Hydreigon|atk|1\n|-boost|p1a: Hydreigon|spe|1\n|\n|upkeep\n|turn|33\n|\n|t:|1698921892\n|move|p2a: Ceruledge|Protect|p2a: Ceruledge\n|-singleturn|p2a: Ceruledge|Protect\n|move|p1a: Hydreigon|Dragon Dance|p1a: Hydreigon\n|-boost|p1a: Hydreigon|atk|1\n|-boost|p1a: Hydreigon|spe|1\n|\n|upkeep\n|turn|34\n|\n|t:|1698921898\n|move|p2a: Ceruledge|Protect||[still]\n|-fail|p2a: Ceruledge\n|move|p1a: Hydreigon|Earthquake|p2a: Ceruledge\n|-supereffective|p2a: Ceruledge\n|-damage|p2a: Ceruledge|0 fnt\n|faint|p2a: Ceruledge\n|\n|upkeep\n|\n|t:|1698921905\n|switch|p2a: Dragonite|Dragonite, F|100\/100\n|turn|35\n|\n|t:|1698921914\n|move|p2a: Dragonite|Dragon Pulse|p1a: Hydreigon\n|-supereffective|p1a: Hydreigon\n|-damage|p1a: Hydreigon|32\/100\n|move|p1a: Hydreigon|Dragon Tail|p2a: Dragonite\n|-supereffective|p2a: Dragonite\n|-damage|p2a: Dragonite|44\/100\n|drag|p2a: Iron Valiant|Iron Valiant|43\/100 tox\n|\n|-damage|p2a: Iron Valiant|37\/100 tox|[from] psn\n|upkeep\n|turn|36\n|\n|t:|1698921925\n|move|p1a: Hydreigon|Earthquake|p2a: Iron Valiant\n|-damage|p2a: Iron Valiant|0 fnt\n|faint|p2a: Iron Valiant\n|-end|p2a: Iron Valiant|Quark Drive|[silent]\n|\n|upkeep\n|\n|t:|1698921929\n|switch|p2a: Dragonite|Dragonite, F|44\/100\n|turn|37\n|\n|t:|1698921933\n|switch|p1a: Toxapex|Toxapex, M|100\/100\n|move|p2a: Dragonite|Dragon Pulse|p1a: Toxapex\n|-damage|p1a: Toxapex|77\/100\n|\n|-heal|p2a: Dragonite|50\/100|[from] item: Leftovers\n|-heal|p1a: Toxapex|84\/100|[from] item: Black Sludge\n|upkeep\n|turn|38\n|\n|t:|1698921942\n|move|p2a: Dragonite|Fly||[still]\n|-prepare|p2a: Dragonite|Fly\n|move|p1a: Toxapex|Toxic|p2a: Dragonite\n|-status|p2a: Dragonite|tox\n|\n|-heal|p2a: Dragonite|56\/100 tox|[from] item: Leftovers\n|-heal|p1a: Toxapex|90\/100|[from] item: Black Sludge\n|-damage|p2a: Dragonite|50\/100 tox|[from] psn\n|upkeep\n|turn|39\n|\n|t:|1698921955\n|move|p1a: Toxapex|Baneful Bunker|p1a: Toxapex\n|-singleturn|p1a: Toxapex|move: Protect\n|move|p2a: Dragonite|Fly|p1a: Toxapex|[from]lockedmove\n|-activate|p1a: Toxapex|move: Protect\n|\n|-heal|p2a: Dragonite|56\/100 tox|[from] item: Leftovers\n|-heal|p1a: Toxapex|96\/100|[from] item: Black Sludge\n|-damage|p2a: Dragonite|44\/100 tox|[from] psn\n|upkeep\n|turn|40\n|\n|t:|1698921968\n|move|p1a: Toxapex|Baneful Bunker||[still]\n|-fail|p1a: Toxapex\n|move|p2a: Dragonite|Dragon Pulse|p1a: Toxapex\n|-damage|p1a: Toxapex|71\/100\n|\n|-heal|p2a: Dragonite|50\/100 tox|[from] item: Leftovers\n|-heal|p1a: Toxapex|77\/100|[from] item: Black Sludge\n|-damage|p2a: Dragonite|32\/100 tox|[from] psn\n|upkeep\n|turn|41\n|\n|t:|1698921977\n|switch|p2a: Slowbro|Slowbro-Galar, M|80\/100\n|move|p1a: Toxapex|Baneful Bunker||[still]\n|-fail|p1a: Toxapex\n|\n|-heal|p1a: Toxapex|84\/100|[from] item: Black Sludge\n|upkeep\n|turn|42\n|\n|t:|1698921984\n|switch|p1a: Hydreigon|Hydreigon, F|32\/100\n|move|p2a: Slowbro|Earthquake|p1a: Hydreigon\n|-immune|p1a: Hydreigon|[from] ability: Levitate\n|\n|upkeep\n|turn|43\n|\n|t:|1698921990\n|move|p1a: Hydreigon|Earthquake|p2a: Slowbro\n|-supereffective|p2a: Slowbro\n|-damage|p2a: Slowbro|32\/100\n|move|p2a: Slowbro|Earthquake|p1a: Hydreigon\n|-immune|p1a: Hydreigon|[from] ability: Levitate\n|\n|upkeep\n|turn|44\n|\n|t:|1698921999\n|switch|p2a: Dragonite|Dragonite, F|32\/100 tox\n|move|p1a: Hydreigon|Earthquake|p2a: Dragonite\n|-immune|p2a: Dragonite\n|\n|-heal|p2a: Dragonite|38\/100 tox|[from] item: Leftovers\n|-damage|p2a: Dragonite|32\/100 tox|[from] psn\n|upkeep\n|turn|45\n|\n|t:|1698922011\n|switch|p1a: Toxapex|Toxapex, M|100\/100\n|move|p2a: Dragonite|Dragon Pulse|p1a: Toxapex\n|-damage|p1a: Toxapex|77\/100\n|\n|-heal|p2a: Dragonite|38\/100 tox|[from] item: Leftovers\n|-heal|p1a: Toxapex|84\/100|[from] item: Black Sludge\n|-damage|p2a: Dragonite|26\/100 tox|[from] psn\n|upkeep\n|turn|46\n|\n|t:|1698922024\n|switch|p2a: Slowbro|Slowbro-Galar, M|32\/100\n|move|p1a: Toxapex|Baneful Bunker||[still]\n|-fail|p1a: Toxapex\n|\n|-heal|p1a: Toxapex|90\/100|[from] item: Black Sludge\n|upkeep\n|turn|47\n|\n|t:|1698922032\n|switch|p2a: Dragonite|Dragonite, F|26\/100 tox\n|switch|p1a: Hydreigon|Hydreigon, F|32\/100\n|\n|-heal|p2a: Dragonite|32\/100 tox|[from] item: Leftovers\n|-damage|p2a: Dragonite|26\/100 tox|[from] psn\n|upkeep\n|turn|48\n|\n|t:|1698922042\n|switch|p1a: Hydreigon|Hydreigon, F|100\/100\n|move|p2a: Dragonite|Dragon Pulse|p1a: Hydreigon\n|-damage|p1a: Hydreigon|46\/100\n|replace|p1a: Zoroark|Zoroark-Hisui, M\n|-end|p1a: Zoroark|Illusion\n|\n|-heal|p2a: Dragonite|32\/100 tox|[from] item: Leftovers\n|-damage|p2a: Dragonite|20\/100 tox|[from] psn\n|upkeep\n|turn|49\n|\n|t:|1698922056\n|move|p1a: Zoroark|Shadow Sneak|p2a: Dragonite\n|-damage|p2a: Dragonite|6\/100 tox\n|move|p2a: Dragonite|Fly||[still]\n|-prepare|p2a: Dragonite|Fly\n|\n|-heal|p2a: Dragonite|12\/100 tox|[from] item: Leftovers\n|-damage|p2a: Dragonite|0 fnt|[from] psn\n|faint|p2a: Dragonite\n|upkeep\n|\n|t:|1698922063\n|switch|p2a: Slowbro|Slowbro-Galar, M|32\/100\n|turn|50\n|-activate|p2a: Slowbro|ability: Quick Draw\n|\n|t:|1698922067\n|switch|p1a: Hydreigon|Hydreigon, F|32\/100\n|move|p2a: Slowbro|Earthquake|p1a: Hydreigon\n|-immune|p1a: Hydreigon|[from] ability: Levitate\n|\n|upkeep\n|turn|51\n|\n|t:|1698922075\n|move|p1a: Hydreigon|Earthquake|p2a: Slowbro\n|-supereffective|p2a: Slowbro\n|-damage|p2a: Slowbro|0 fnt\n|faint|p2a: Slowbro\n|\n|win|TanPadeusz\n|l|\u2606JustDaras\n","uploadtime":1698922107,"views":9,"p1id":"tanpadeusz","p2id":"justdaras","formatid":"gen9anythinggoes","rating":0,"private":0,"password":""}