{"id":"gen9anythinggoes-1974611919","p1":"Rasenmon10","p2":"Slow gymleader","format":"[Gen 9] Anything Goes","log":"|j|\u2606Rasenmon10\n|j|\u2606Slow gymleader\n|t:|1698102513\n|gametype|singles\n|player|p1|Rasenmon10|ninjaboy|1089\n|player|p2|Slow gymleader|ltsurge|1103\n|teamsize|p1|6\n|teamsize|p2|6\n|gen|9\n|tier|[Gen 9] Anything Goes\n|rated|\n|rule|HP Percentage Mod: HP is shown in percentages\n|rule|Endless Battle Clause: Forcing endless battles is banned\n|clearpoke\n|poke|p1|Infernape, F|\n|poke|p1|Infernape, M|\n|poke|p1|Infernape, M|\n|poke|p1|Infernape, M|\n|poke|p1|Infernape, F|\n|poke|p1|Infernape, F|\n|poke|p2|Luxray, M|\n|poke|p2|Morpeko, M|\n|poke|p2|Bellibolt, F|\n|poke|p2|Electrode|\n|poke|p2|Vikavolt, M|\n|poke|p2|Oricorio-Pom-Pom, M|\n|teampreview\n|c|\u2606Rasenmon10|monke\n|\n|t:|1698102526\n|start\n|switch|p1a: Infernape|Infernape, M|100\/100\n|switch|p2a: Electrode|Electrode|100\/100\n|turn|1\n|c|\u2606Slow gymleader|zap zap\n|\n|t:|1698102534\n|move|p1a: Infernape|Fake Out|p2a: Electrode\n|-damage|p2a: Electrode|83\/100\n|cant|p2a: Electrode|flinch\n|\n|upkeep\n|turn|2\n|\n|t:|1698102540\n|move|p2a: Electrode|Electric Terrain|p2a: Electrode\n|-fieldstart|move: Electric Terrain\n|move|p1a: Infernape|Knock Off|p2a: Electrode\n|-damage|p2a: Electrode|43\/100\n|-enditem|p2a: Electrode|Focus Sash|[from] move: Knock Off|[of] p1a: Infernape\n|\n|upkeep\n|turn|3\n|\n|t:|1698102546\n|move|p1a: Infernape|Mach Punch|p2a: Electrode\n|-damage|p2a: Electrode|12\/100\n|move|p2a: Electrode|Discharge|p1a: Infernape\n|-damage|p1a: Infernape|69\/100\n|\n|upkeep\n|turn|4\n|c|\u2606Rasenmon10|fast fist\n|\n|t:|1698102556\n|move|p1a: Infernape|Mach Punch|p2a: Electrode\n|-crit|p2a: Electrode\n|-damage|p2a: Electrode|0 fnt\n|-damage|p1a: Infernape|44\/100|[from] ability: Aftermath|[of] p2a: Electrode\n|faint|p2a: Electrode\n|\n|upkeep\n|\n|t:|1698102561\n|switch|p2a: Bellibolt|Bellibolt, F|100\/100\n|turn|5\n|\n|t:|1698102569\n|move|p1a: Infernape|Knock Off|p2a: Bellibolt\n|-damage|p2a: Bellibolt|82\/100\n|-start|p2a: Bellibolt|Charge|Knock Off|[from] ability: Electromorphosis\n|-enditem|p2a: Bellibolt|Leftovers|[from] move: Knock Off|[of] p1a: Infernape\n|move|p2a: Bellibolt|Discharge|p1a: Infernape\n|-crit|p1a: Infernape\n|-damage|p1a: Infernape|0 fnt\n|faint|p1a: Infernape\n|-end|p2a: Bellibolt|Charge|[silent]\n|\n|upkeep\n|\n|t:|1698102578\n|switch|p1a: Infernape|Infernape, F|100\/100\n|turn|6\n|\n|t:|1698102583\n|move|p1a: Infernape|Fake Out|p2a: Bellibolt\n|-damage|p2a: Bellibolt|73\/100\n|-start|p2a: Bellibolt|Charge|Fake Out|[from] ability: Electromorphosis\n|cant|p2a: Bellibolt|flinch\n|\n|-fieldend|move: Electric Terrain\n|upkeep\n|turn|7\n|\n|t:|1698102597\n|move|p1a: Infernape|Earthquake|p2a: Bellibolt\n|-supereffective|p2a: Bellibolt\n|-damage|p2a: Bellibolt|30\/100\n|-start|p2a: Bellibolt|Charge|Earthquake|[from] ability: Electromorphosis\n|move|p2a: Bellibolt|Thunder Wave|p1a: Infernape\n|-status|p1a: Infernape|par\n|-end|p2a: Bellibolt|Charge|[silent]\n|\n|upkeep\n|turn|8\n|c|\u2606Rasenmon10|frick\n|\n|t:|1698102609\n|-terastallize|p1a: Infernape|Ground\n|cant|p1a: Infernape|par\n|move|p2a: Bellibolt|Discharge|p1a: Infernape\n|-immune|p1a: Infernape\n|\n|upkeep\n|turn|9\n|\n|t:|1698102616\n|move|p1a: Infernape|Earthquake|p2a: Bellibolt\n|-supereffective|p2a: Bellibolt\n|-damage|p2a: Bellibolt|0 fnt\n|faint|p2a: Bellibolt\n|\n|upkeep\n|\n|t:|1698102624\n|switch|p2a: Morpeko|Morpeko, M|100\/100\n|turn|10\n|c|\u2606Rasenmon10|should've tera'd first turn\n|\n|t:|1698102646\n|move|p2a: Morpeko|Knock Off|p1a: Infernape\n|-damage|p1a: Infernape|48\/100 par\n|-enditem|p1a: Infernape|Quick Claw|[from] move: Knock Off|[of] p2a: Morpeko\n|cant|p1a: Infernape|par\n|\n|-formechange|p2a: Morpeko|Morpeko-Hangry||[from] ability: Hunger Switch\n|upkeep\n|turn|11\n|c|\u2606Rasenmon10|dang\n|\n|t:|1698102656\n|move|p2a: Morpeko|Aura Wheel|p1a: Infernape\n|-damage|p1a: Infernape|0 fnt\n|-boost|p2a: Morpeko|spe|1\n|faint|p1a: Infernape\n|\n|-formechange|p2a: Morpeko|Morpeko||[from] ability: Hunger Switch\n|upkeep\n|\n|t:|1698102673\n|switch|p1a: Infernape|Infernape, F|100\/100\n|turn|12\n|\n|t:|1698102678\n|move|p2a: Morpeko|Knock Off|p1a: Infernape\n|-resisted|p1a: Infernape\n|-damage|p1a: Infernape|75\/100\n|-enditem|p1a: Infernape|White Herb|[from] move: Knock Off|[of] p2a: Morpeko\n|move|p1a: Infernape|Close Combat|p2a: Morpeko\n|-supereffective|p2a: Morpeko\n|-damage|p2a: Morpeko|0 fnt\n|-unboost|p1a: Infernape|def|1\n|-unboost|p1a: Infernape|spd|1\n|faint|p2a: Morpeko\n|\n|upkeep\n|\n|t:|1698102688\n|switch|p2a: Luxray|Luxray, M|100\/100\n|-ability|p2a: Luxray|Intimidate|boost\n|-unboost|p1a: Infernape|atk|1\n|turn|13\n|\n|t:|1698102695\n|move|p1a: Infernape|U-turn|p2a: Luxray\n|-damage|p2a: Luxray|82\/100\n|\n|t:|1698102699\n|switch|p1a: Infernape|Infernape, M|100\/100|[from] U-turn\n|move|p2a: Luxray|Confuse Ray|p1a: Infernape\n|-start|p1a: Infernape|confusion\n|\n|upkeep\n|turn|14\n|\n|t:|1698102706\n|-activate|p1a: Infernape|confusion\n|move|p1a: Infernape|Knock Off|p2a: Luxray\n|-damage|p2a: Luxray|57\/100\n|-enditem|p2a: Luxray|Aguav Berry|[from] move: Knock Off|[of] p1a: Infernape\n|move|p2a: Luxray|Psychic Fangs|p1a: Infernape\n|-supereffective|p1a: Infernape\n|-damage|p1a: Infernape|33\/100\n|\n|upkeep\n|turn|15\n|\n|t:|1698102715\n|-activate|p1a: Infernape|confusion\n|move|p1a: Infernape|Stealth Rock|p2a: Luxray\n|-sidestart|p2: Slow gymleader|move: Stealth Rock\n|move|p2a: Luxray|Psychic Fangs|p1a: Infernape\n|-supereffective|p1a: Infernape\n|-damage|p1a: Infernape|0 fnt\n|faint|p1a: Infernape\n|\n|upkeep\n|\n|t:|1698102723\n|switch|p1a: Infernape|Infernape, F|75\/100\n|turn|16\n|\n|t:|1698102728\n|move|p1a: Infernape|Poison Jab|p2a: Luxray\n|-damage|p2a: Luxray|30\/100\n|-status|p2a: Luxray|psn\n|move|p2a: Luxray|Confuse Ray|p1a: Infernape\n|-start|p1a: Infernape|confusion\n|\n|-damage|p2a: Luxray|17\/100 psn|[from] psn\n|upkeep\n|turn|17\n|\n|t:|1698102739\n|-activate|p1a: Infernape|confusion\n|move|p1a: Infernape|Poison Jab|p2a: Luxray\n|-damage|p2a: Luxray|0 fnt\n|faint|p2a: Luxray\n|\n|upkeep\n|\n|t:|1698102744\n|switch|p2a: Vikavolt|Vikavolt, M|100\/100\n|-damage|p2a: Vikavolt|75\/100|[from] Stealth Rock\n|turn|18\n|\n|t:|1698102751\n|-end|p1a: Infernape|confusion\n|move|p1a: Infernape|Acrobatics|p2a: Vikavolt\n|-damage|p2a: Vikavolt|34\/100\n|move|p2a: Vikavolt|Sticky Web|p1a: Infernape\n|-sidestart|p1: Rasenmon10|move: Sticky Web\n|\n|upkeep\n|turn|19\n|c|\u2606Rasenmon10|electric mono is not what I expected to fight today\n|\n|t:|1698102780\n|move|p1a: Infernape|Poison Jab|p2a: Vikavolt\n|-damage|p2a: Vikavolt|2\/100\n|move|p2a: Vikavolt|Bug Buzz|p1a: Infernape\n|-resisted|p1a: Infernape\n|-damage|p1a: Infernape|55\/100\n|\n|upkeep\n|turn|20\n|\n|t:|1698102789\n|move|p1a: Infernape|Poison Jab|p2a: Vikavolt\n|-damage|p2a: Vikavolt|0 fnt\n|faint|p2a: Vikavolt\n|\n|upkeep\n|\n|t:|1698102793\n|switch|p2a: Oricorio|Oricorio-Pom-Pom, M|100\/100\n|-damage|p2a: Oricorio|76\/100|[from] Stealth Rock\n|turn|21\n|\n|t:|1698102797\n|move|p1a: Infernape|Poison Jab|p2a: Oricorio\n|-damage|p2a: Oricorio|49\/100\n|move|p2a: Oricorio|Quiver Dance|p2a: Oricorio\n|-boost|p2a: Oricorio|spa|1\n|-boost|p2a: Oricorio|spd|1\n|-boost|p2a: Oricorio|spe|1\n|\n|-heal|p2a: Oricorio|55\/100|[from] item: Leftovers\n|upkeep\n|turn|22\n|\n|t:|1698102807\n|move|p2a: Oricorio|Quiver Dance|p2a: Oricorio\n|-boost|p2a: Oricorio|spa|1\n|-boost|p2a: Oricorio|spd|1\n|-boost|p2a: Oricorio|spe|1\n|move|p1a: Infernape|Poison Jab|p2a: Oricorio\n|-damage|p2a: Oricorio|30\/100\n|\n|-heal|p2a: Oricorio|36\/100|[from] item: Leftovers\n|upkeep\n|turn|23\n|c|\u2606Rasenmon10|dang no poison\n|\n|t:|1698102823\n|-terastallize|p2a: Oricorio|Electric\n|move|p2a: Oricorio|Revelation Dance|p1a: Infernape\n|-damage|p1a: Infernape|0 fnt\n|faint|p1a: Infernape\n|\n|-heal|p2a: Oricorio|42\/100|[from] item: Leftovers\n|upkeep\n|\n|t:|1698102834\n|switch|p1a: Infernape|Infernape, F|100\/100\n|-activate|p1a: Infernape|move: Sticky Web\n|-unboost|p1a: Infernape|spe|1\n|turn|24\n|\n|t:|1698102848\n|move|p2a: Oricorio|Revelation Dance|p1a: Infernape\n|-damage|p1a: Infernape|0 fnt\n|faint|p1a: Infernape\n|\n|-heal|p2a: Oricorio|49\/100|[from] item: Leftovers\n|upkeep\n|c|\u2606Rasenmon10|ggs\n|\n|t:|1698102857\n|switch|p1a: Infernape|Infernape, M|100\/100\n|-activate|p1a: Infernape|move: Sticky Web\n|-unboost|p1a: Infernape|spe|1\n|turn|25\n|c|\u2606Slow gymleader|gg\n|\n|t:|1698102861\n|move|p1a: Infernape|Mach Punch|p2a: Oricorio\n|-damage|p2a: Oricorio|15\/100\n|move|p2a: Oricorio|Revelation Dance|p1a: Infernape\n|-damage|p1a: Infernape|0 fnt\n|faint|p1a: Infernape\n|\n|win|Slow gymleader\n|raw|Rasenmon10's rating: 1089 &rarr; <strong>1067<\/strong><br \/>(-22 for losing)\n|raw|Slow gymleader's rating: 1103 &rarr; <strong>1127<\/strong><br \/>(+24 for winning)\n|c|\u2606Rasenmon10|close\n|c|\u2606Rasenmon10|so close\n|l|\u2606Slow gymleader\n|c|\u2606Rasenmon10|wp\n","uploadtime":1698102879,"views":7,"p1id":"rasenmon10","p2id":"slowgymleader","formatid":"gen9anythinggoes","rating":1067,"private":0,"password":""}