{"id":"gen9anythinggoes-1974086465","p1":"MrTeo123","p2":"SayTheMoves1","format":"[Gen 9] Anything Goes","log":"|j|\u2606MrTeo123\n|j|\u2606SayTheMoves1\n|t:|1698053771\n|gametype|singles\n|player|p1|MrTeo123|lucas|1092\n|player|p2|SayTheMoves1|gentleman-gen4|1125\n|teamsize|p1|6\n|teamsize|p2|6\n|gen|9\n|tier|[Gen 9] Anything Goes\n|rated|\n|rule|HP Percentage Mod: HP is shown in percentages\n|rule|Endless Battle Clause: Forcing endless battles is banned\n|clearpoke\n|poke|p1|Meowscarada, F|\n|poke|p1|Koraidon|\n|poke|p1|Armarouge, M|\n|poke|p1|Kilowattrel, F|\n|poke|p1|Flutter Mane|\n|poke|p1|Dondozo, M|\n|poke|p2|Iron Hands|\n|poke|p2|Iron Bundle|\n|poke|p2|Espathra, F|\n|poke|p2|Roaring Moon|\n|poke|p2|Mamoswine, F|\n|poke|p2|Great Tusk|\n|teampreview\n|inactive|Battle timer is ON: inactive players will automatically lose when time's up. (requested by SayTheMoves1)\n|\n|t:|1698053780\n|start\n|switch|p1a: Dondozo|Dondozo, M|100\/100\n|switch|p2a: Mamoswine|Mamoswine, F|100\/100\n|turn|1\n|\n|t:|1698053794\n|move|p2a: Mamoswine|Icicle Crash|p1a: Dondozo\n|-resisted|p1a: Dondozo\n|-crit|p1a: Dondozo\n|-damage|p1a: Dondozo|82\/100\n|move|p1a: Dondozo|Aqua Tail|p2a: Mamoswine\n|-supereffective|p2a: Mamoswine\n|-damage|p2a: Mamoswine|17\/100\n|\n|upkeep\n|turn|2\n|\n|t:|1698053804\n|move|p2a: Mamoswine|Body Slam|p1a: Dondozo\n|-damage|p1a: Dondozo|65\/100\n|-status|p1a: Dondozo|par\n|move|p1a: Dondozo|Rain Dance|p1a: Dondozo\n|-weather|RainDance\n|\n|-weather|RainDance|[upkeep]\n|upkeep\n|turn|3\n|\n|t:|1698053813\n|move|p2a: Mamoswine|Body Slam|p1a: Dondozo\n|-damage|p1a: Dondozo|47\/100 par\n|cant|p1a: Dondozo|par\n|\n|-weather|RainDance|[upkeep]\n|upkeep\n|turn|4\n|\n|t:|1698053822\n|move|p2a: Mamoswine|Body Slam|p1a: Dondozo\n|-damage|p1a: Dondozo|29\/100 par\n|move|p1a: Dondozo|Aqua Tail|p2a: Mamoswine\n|-supereffective|p2a: Mamoswine\n|-damage|p2a: Mamoswine|0 fnt\n|faint|p2a: Mamoswine\n|\n|-weather|RainDance|[upkeep]\n|upkeep\n|\n|t:|1698053834\n|switch|p2a: Iron Bundle|Iron Bundle|100\/100\n|turn|5\n|-activate|p1a: Dondozo|item: Quick Claw\n|\n|t:|1698053848\n|cant|p1a: Dondozo|par\n|move|p2a: Iron Bundle|Hydro Pump|p1a: Dondozo\n|-resisted|p1a: Dondozo\n|-damage|p1a: Dondozo|0 fnt\n|faint|p1a: Dondozo\n|-damage|p2a: Iron Bundle|91\/100|[from] item: Life Orb\n|\n|-weather|RainDance|[upkeep]\n|upkeep\n|\n|t:|1698053870\n|switch|p1a: Kilowattrel|Kilowattrel, F|100\/100\n|turn|6\n|\n|t:|1698053879\n|-terastallize|p1a: Kilowattrel|Electric\n|move|p2a: Iron Bundle|Ice Beam|p1a: Kilowattrel\n|-damage|p1a: Kilowattrel|19\/100\n|-damage|p2a: Iron Bundle|81\/100|[from] item: Life Orb\n|move|p1a: Kilowattrel|Thunderbolt|p2a: Iron Bundle\n|-supereffective|p2a: Iron Bundle\n|-damage|p2a: Iron Bundle|0 fnt\n|faint|p2a: Iron Bundle\n|-end|p2a: Iron Bundle|Quark Drive|[silent]\n|\n|-weather|none\n|upkeep\n|\n|t:|1698053892\n|switch|p2a: Roaring Moon|Roaring Moon|100\/100\n|-enditem|p2a: Roaring Moon|Booster Energy\n|-activate|p2a: Roaring Moon|ability: Protosynthesis|[fromitem]\n|-start|p2a: Roaring Moon|protosynthesisatk\n|turn|7\n|\n|t:|1698053908\n|move|p2a: Roaring Moon|Crunch|p1a: Kilowattrel\n|-damage|p1a: Kilowattrel|0 fnt\n|faint|p1a: Kilowattrel\n|\n|upkeep\n|\n|t:|1698053923\n|switch|p1a: Koraidon|Koraidon|100\/100\n|-weather|SunnyDay|[from] ability: Orichalcum Pulse|[of] p1a: Koraidon\n|-activate|p1a: Koraidon|Orichalcum Pulse|[source]\n|turn|8\n|\n|t:|1698053935\n|-terastallize|p2a: Roaring Moon|Poison\n|move|p2a: Roaring Moon|Acrobatics|p1a: Koraidon\n|-supereffective|p1a: Koraidon\n|-damage|p1a: Koraidon|24\/100\n|move|p1a: Koraidon|Collision Course|p2a: Roaring Moon\n|-resisted|p2a: Roaring Moon\n|-damage|p2a: Roaring Moon|57\/100\n|\n|-weather|SunnyDay|[upkeep]\n|upkeep\n|turn|9\n|\n|t:|1698053947\n|move|p2a: Roaring Moon|Acrobatics|p1a: Koraidon\n|-supereffective|p1a: Koraidon\n|-damage|p1a: Koraidon|0 fnt\n|faint|p1a: Koraidon\n|\n|-weather|SunnyDay|[upkeep]\n|upkeep\n|inactive|MrTeo123 has 120 seconds left.\n|\n|t:|1698053963\n|switch|p1a: Armarouge|Armarouge, M|100\/100\n|turn|10\n|\n|t:|1698053971\n|-end|p2a: Roaring Moon|Protosynthesis|[silent]\n|switch|p2a: Espathra|Espathra, F|100\/100\n|move|p1a: Armarouge|Psychic|p2a: Espathra\n|-resisted|p2a: Espathra\n|-damage|p2a: Espathra|66\/100\n|\n|-weather|SunnyDay|[upkeep]\n|upkeep\n|turn|11\n|\n|t:|1698053990\n|move|p2a: Espathra|Lumina Crash|p1a: Armarouge\n|-resisted|p1a: Armarouge\n|-damage|p1a: Armarouge|73\/100\n|-unboost|p1a: Armarouge|spd|2\n|-damage|p2a: Espathra|56\/100|[from] item: Life Orb\n|move|p1a: Armarouge|Shadow Ball|p2a: Espathra\n|-supereffective|p2a: Espathra\n|-damage|p2a: Espathra|0 fnt\n|faint|p2a: Espathra\n|-heal|p1a: Armarouge|80\/100|[from] item: Shell Bell|[of] p2: Espathra\n|\n|-weather|SunnyDay|[upkeep]\n|upkeep\n|\n|t:|1698054006\n|switch|p2a: Great Tusk|Great Tusk|100\/100\n|-activate|p2a: Great Tusk|ability: Protosynthesis\n|-start|p2a: Great Tusk|protosynthesisatk\n|turn|12\n|\n|t:|1698054012\n|move|p2a: Great Tusk|Earthquake|p1a: Armarouge\n|-supereffective|p1a: Armarouge\n|-damage|p1a: Armarouge|0 fnt\n|faint|p1a: Armarouge\n|\n|-weather|none\n|-end|p2a: Great Tusk|Protosynthesis\n|upkeep\n|-enditem|p2a: Great Tusk|Booster Energy\n|-activate|p2a: Great Tusk|ability: Protosynthesis|[fromitem]\n|-start|p2a: Great Tusk|protosynthesisatk\n|\n|t:|1698054020\n|switch|p1a: Flutter Mane|Flutter Mane|100\/100\n|-enditem|p1a: Flutter Mane|Booster Energy\n|-activate|p1a: Flutter Mane|ability: Protosynthesis|[fromitem]\n|-start|p1a: Flutter Mane|protosynthesisspe\n|turn|13\n|\n|t:|1698054027\n|move|p1a: Flutter Mane|Moonblast|p2a: Great Tusk\n|-supereffective|p2a: Great Tusk\n|-damage|p2a: Great Tusk|0 fnt\n|faint|p2a: Great Tusk\n|-end|p2a: Great Tusk|Protosynthesis|[silent]\n|\n|upkeep\n|\n|t:|1698054036\n|switch|p2a: Roaring Moon|Roaring Moon, tera:Poison|57\/100\n|turn|14\n|\n|t:|1698054041\n|move|p1a: Flutter Mane|Shadow Ball|p2a: Roaring Moon\n|-damage|p2a: Roaring Moon|17\/100\n|move|p2a: Roaring Moon|Crunch|p1a: Flutter Mane\n|-damage|p1a: Flutter Mane|37\/100\n|\n|upkeep\n|turn|15\n|\n|t:|1698054049\n|move|p1a: Flutter Mane|Shadow Ball|p2a: Roaring Moon\n|-damage|p2a: Roaring Moon|0 fnt\n|faint|p2a: Roaring Moon\n|-end|p2a: Roaring Moon|Protosynthesis|[silent]\n|\n|upkeep\n|\n|t:|1698054054\n|switch|p2a: Iron Hands|Iron Hands|100\/100\n|turn|16\n|\n|t:|1698054072\n|move|p1a: Flutter Mane|Moonblast|p2a: Iron Hands\n|-supereffective|p2a: Iron Hands\n|-damage|p2a: Iron Hands|43\/100\n|move|p2a: Iron Hands|Heavy Slam|p1a: Flutter Mane\n|-supereffective|p1a: Flutter Mane\n|-damage|p1a: Flutter Mane|0 fnt\n|faint|p1a: Flutter Mane\n|-end|p1a: Flutter Mane|Protosynthesis|[silent]\n|\n|upkeep\n|\n|t:|1698054079\n|switch|p1a: Meowscarada|Meowscarada, F|100\/100\n|turn|17\n|\n|t:|1698054083\n|move|p1a: Meowscarada|Play Rough|p2a: Iron Hands\n|-supereffective|p2a: Iron Hands\n|-damage|p2a: Iron Hands|8\/100\n|move|p2a: Iron Hands|Drain Punch|p1a: Meowscarada\n|-supereffective|p1a: Meowscarada\n|-damage|p1a: Meowscarada|0 fnt\n|-heal|p2a: Iron Hands|39\/100|[from] drain|[of] p1a: Meowscarada\n|faint|p1a: Meowscarada\n|\n|win|SayTheMoves1\n|raw|MrTeo123's rating: 1092 &rarr; <strong>1070<\/strong><br \/>(-22 for losing)\n|raw|SayTheMoves1's rating: 1125 &rarr; <strong>1148<\/strong><br \/>(+23 for winning)\n|c|\u2606SayTheMoves1|Gg\n|c|\u2606MrTeo123|bruh that was so close\n|c|\u2606SayTheMoves1|Yeah lmao\n|c|\u2606SayTheMoves1|I thought i lost\n|c|\u2606MrTeo123|i thought i won\n|c|\u2606SayTheMoves1|God clicked dran punch for me somhow\n|c|\u2606SayTheMoves1|*drain\n|c|\u2606MrTeo123|i really thought that play rough would kill\n|c|\u2606MrTeo123|that barely did anything\n|c|\u2606SayTheMoves1|The tanky hands\n|c|\u2606SayTheMoves1|I dont know meowscaradas weakness\n|c|\u2606MrTeo123|well its fighting....\n|c|\u2606SayTheMoves1|God clicked drain punch for me i was gonna wild charge\n|c|\u2606MrTeo123|maaaaan\n|c|\u2606MrTeo123|i probably wouldve won\n|c|\u2606SayTheMoves1|Yeah\n|c|\u2606SayTheMoves1|GG's tho\n|c|\u2606MrTeo123|yeah, gg's\n","uploadtime":1698054276,"views":10,"p1id":"mrteo123","p2id":"saythemoves1","formatid":"gen9anythinggoes","rating":1070,"private":0,"password":""}