{"id":"gen9anythinggoes-1997345364","p1":"YIPPEEEEEEEE","p2":"Brotryhard","format":"[Gen 9] Anything Goes","log":"|j|\u2606YIPPEEEEEEEE\n|j|\u2606Brotryhard\n|t:|1700792147\n|gametype|singles\n|player|p1|YIPPEEEEEEEE|cynthia|1238\n|player|p2|Brotryhard|lucas|1261\n|teamsize|p1|6\n|teamsize|p2|6\n|gen|9\n|tier|[Gen 9] Anything Goes\n|rated|\n|rule|HP Percentage Mod: HP is shown in percentages\n|rule|Endless Battle Clause: Forcing endless battles is banned\n|clearpoke\n|poke|p1|Eternatus|\n|poke|p1|Arcanine-Hisui, F|\n|poke|p1|Regieleki|\n|poke|p1|Walking Wake|\n|poke|p1|Gholdengo|\n|poke|p1|Roaring Moon|\n|poke|p2|Cloyster, M|\n|poke|p2|Zapdos|\n|poke|p2|Mew|\n|poke|p2|Dragonite, M|\n|poke|p2|Clefable, M|\n|poke|p2|Ditto|\n|teampreview\n|inactive|Battle timer is ON: inactive players will automatically lose when time's up. (requested by Brotryhard)\n|\n|t:|1700792161\n|start\n|switch|p1a: Eternatus|Eternatus|100\/100\n|switch|p2a: Zapdos|Zapdos, shiny|100\/100\n|-ability|p1a: Eternatus|Pressure\n|turn|1\n|\n|t:|1700792173\n|move|p1a: Eternatus|Sludge Bomb|p2a: Zapdos\n|-damage|p2a: Zapdos|20\/100\n|move|p2a: Zapdos|Tailwind|p2a: Zapdos\n|-sidestart|p2: Brotryhard|move: Tailwind\n|\n|upkeep\n|turn|2\n|\n|t:|1700792182\n|move|p2a: Zapdos|Discharge|p1a: Eternatus\n|-resisted|p1a: Eternatus\n|-damage|p1a: Eternatus|84\/100\n|move|p1a: Eternatus|Sludge Bomb|p2a: Zapdos\n|-damage|p2a: Zapdos|0 fnt\n|faint|p2a: Zapdos\n|\n|upkeep\n|\n|t:|1700792200\n|switch|p2a: Cloyster|Cloyster, M, shiny|100\/100\n|turn|3\n|\n|t:|1700792204\n|move|p2a: Cloyster|Icicle Spear|p1a: Eternatus\n|-supereffective|p1a: Eternatus\n|-damage|p1a: Eternatus|63\/100\n|-supereffective|p1a: Eternatus\n|-damage|p1a: Eternatus|41\/100\n|-supereffective|p1a: Eternatus\n|-damage|p1a: Eternatus|21\/100\n|-supereffective|p1a: Eternatus\n|-damage|p1a: Eternatus|0 fnt\n|faint|p1a: Eternatus\n|-hitcount|p1: Eternatus|4\n|\n|upkeep\n|\n|t:|1700792217\n|switch|p1a: Regieleki|Regieleki|100\/100\n|turn|4\n|\n|t:|1700792235\n|-terastallize|p2a: Cloyster|Ground\n|move|p1a: Regieleki|Thunderbolt|p2a: Cloyster\n|-immune|p2a: Cloyster\n|move|p2a: Cloyster|Icicle Spear|p1a: Regieleki\n|-damage|p1a: Regieleki|74\/100\n|-crit|p1a: Regieleki\n|-damage|p1a: Regieleki|36\/100\n|-damage|p1a: Regieleki|9\/100\n|-damage|p1a: Regieleki|0 fnt\n|faint|p1a: Regieleki\n|-hitcount|p1: Regieleki|4\n|\n|-sideend|p2: Brotryhard|move: Tailwind\n|upkeep\n|\n|t:|1700792250\n|switch|p1a: Walking Wake|Walking Wake|100\/100\n|-enditem|p1a: Walking Wake|Booster Energy\n|-activate|p1a: Walking Wake|ability: Protosynthesis|[fromitem]\n|-start|p1a: Walking Wake|protosynthesisspa\n|turn|5\n|\n|t:|1700792257\n|move|p1a: Walking Wake|Surf|p2a: Cloyster\n|-supereffective|p2a: Cloyster\n|-damage|p2a: Cloyster|0 fnt\n|faint|p2a: Cloyster\n|\n|upkeep\n|\n|t:|1700792260\n|switch|p2a: Uno Reverse|Mew, shiny|100\/100\n|turn|6\n|\n|t:|1700792268\n|move|p1a: Walking Wake|Surf|p2a: Uno Reverse\n|-damage|p2a: Uno Reverse|48\/100\n|move|p2a: Uno Reverse|Imprison|p2a: Uno Reverse\n|-start|p2a: Uno Reverse|move: Imprison\n|\n|-heal|p2a: Uno Reverse|55\/100|[from] item: Leftovers\n|upkeep\n|turn|7\n|\n|t:|1700792278\n|move|p1a: Walking Wake|Surf|p2a: Uno Reverse\n|-damage|p2a: Uno Reverse|9\/100\n|move|p2a: Uno Reverse|Transform|p1a: Walking Wake\n|-transform|p2a: Uno Reverse|p1a: Walking Wake\n|\n|-heal|p2a: Uno Reverse|15\/100|[from] item: Leftovers\n|upkeep\n|turn|8\n|\n|t:|1700792296\n|-activate|p1a: Walking Wake|move: Struggle\n|move|p1a: Walking Wake|Struggle|p2a: Uno Reverse\n|-crit|p2a: Uno Reverse\n|-damage|p2a: Uno Reverse|4\/100\n|-damage|p1a: Walking Wake|75\/100|[from] recoil\n|move|p2a: Uno Reverse|Dragon Pulse|p1a: Walking Wake\n|-supereffective|p1a: Walking Wake\n|-damage|p1a: Walking Wake|0 fnt\n|faint|p1a: Walking Wake\n|-end|p1a: Walking Wake|Protosynthesis|[silent]\n|\n|-heal|p2a: Uno Reverse|10\/100|[from] item: Leftovers\n|upkeep\n|\n|t:|1700792310\n|switch|p1a: Roaring Moon|Roaring Moon|100\/100\n|-enditem|p1a: Roaring Moon|Booster Energy\n|-activate|p1a: Roaring Moon|ability: Protosynthesis|[fromitem]\n|-start|p1a: Roaring Moon|protosynthesisatk\n|turn|9\n|\n|t:|1700792317\n|-terastallize|p1a: Roaring Moon|Steel\n|move|p1a: Roaring Moon|Iron Head|p2a: Uno Reverse\n|-resisted|p2a: Uno Reverse\n|-damage|p2a: Uno Reverse|0 fnt\n|faint|p2a: Uno Reverse\n|-end|p2a: Uno Reverse|Protosynthesis|[silent]\n|\n|upkeep\n|\n|t:|1700792322\n|switch|p2a: Dragonite|Dragonite, M|100\/100\n|turn|10\n|\n|t:|1700792327\n|move|p1a: Roaring Moon|Knock Off|p2a: Dragonite\n|-damage|p2a: Dragonite|61\/100\n|-enditem|p2a: Dragonite|Weakness Policy|[from] move: Knock Off|[of] p1a: Roaring Moon\n|move|p2a: Dragonite|Dragon Dance|p2a: Dragonite\n|-boost|p2a: Dragonite|atk|1\n|-boost|p2a: Dragonite|spe|1\n|\n|upkeep\n|turn|11\n|\n|t:|1700792338\n|move|p2a: Dragonite|Earthquake|p1a: Roaring Moon\n|-supereffective|p1a: Roaring Moon\n|-damage|p1a: Roaring Moon|0 fnt\n|faint|p1a: Roaring Moon\n|-end|p1a: Roaring Moon|Protosynthesis|[silent]\n|\n|upkeep\n|c|\u2606YIPPEEEEEEEE|Go to hell with you stupid ass mew and ditto\n|n|\u203dYIPPEEEEEEEE|yippeeeeeeee\n|c|&|\/log YIPPEEEEEEEE was locked from talking by Artemis. (\u2606YIPPEEEEEEEE: Go to hell with you stupid ass [[Pokemon]] and [[Pokemon]])\n|c|&|\/raw <small>This action was done automatically. Want to learn more about the AI? <a href=\"https:\/\/www.smogon.com\/forums\/threads\/3570628\/#post-9056769\">Visit the information thread<\/a>.<\/small>\n|-message|YIPPEEEEEEEE forfeited.\n|\n|win|Brotryhard\n|raw|YIPPEEEEEEEE's rating: 1238 &rarr; <strong>1215<\/strong><br \/>(-23 for losing)\n|raw|Brotryhard's rating: 1261 &rarr; <strong>1284<\/strong><br \/>(+23 for winning)\n","uploadtime":1700792357,"views":2,"p1id":"yippeeeeeeee","p2id":"brotryhard","formatid":"gen9anythinggoes","rating":1215,"private":0,"password":""}