{"id":"gen9anythinggoes-1999363639","p1":"Jandrooooo","p2":"Khryce","format":"[Gen 9] Anything Goes","log":"|j|\u2606Jandrooooo\n|j|\u2606Khryce\n|t:|1701067233\n|gametype|singles\n|player|p1|Jandrooooo|2|1045\n|player|p2|Khryce|preschooler|1042\n|teamsize|p1|6\n|teamsize|p2|6\n|gen|9\n|tier|[Gen 9] Anything Goes\n|rated|\n|rule|HP Percentage Mod: HP is shown in percentages\n|rule|Endless Battle Clause: Forcing endless battles is banned\n|clearpoke\n|poke|p1|Gliscor, M|\n|poke|p1|Gengar, F|\n|poke|p1|Sylveon, M|\n|poke|p1|Snorlax, M|\n|poke|p1|Lycanroc-Midnight, M|\n|poke|p1|Dialga|\n|poke|p2|Ursaluna-Bloodmoon, M|\n|poke|p2|Ursaluna, M|\n|poke|p2|Blissey, F|\n|poke|p2|Ambipom, M|\n|poke|p2|Grafaiai, M|\n|poke|p2|Zoroark-Hisui, M|\n|teampreview\n|inactive|Battle timer is ON: inactive players will automatically lose when time's up. (requested by Khryce)\n|\n|t:|1701067245\n|start\n|switch|p1a: Gliscor|Gliscor, M, shiny|100\/100\n|switch|p2a: Grafaiai|Grafaiai, M|100\/100\n|turn|1\n|\n|t:|1701067252\n|move|p1a: Gliscor|Swords Dance|p1a: Gliscor\n|-boost|p1a: Gliscor|atk|2\n|move|p2a: Grafaiai|Knock Off|p1a: Gliscor\n|-damage|p1a: Gliscor|78\/100\n|-enditem|p1a: Gliscor|Leftovers|[from] move: Knock Off|[of] p2a: Grafaiai\n|\n|upkeep\n|turn|2\n|l|\u2606Khryce\n|inactive|Khryce disconnected and has a minute to reconnect!\n|player|p2|\n|j|\u2606Khryce\n|inactive|Khryce reconnected and has 110 seconds left.\n|player|p2|Khryce|preschooler\n|\n|t:|1701067302\n|move|p1a: Gliscor|Swords Dance|p1a: Gliscor\n|-boost|p1a: Gliscor|atk|2\n|move|p2a: Grafaiai|Foul Play|p1a: Gliscor\n|-damage|p1a: Gliscor|2\/100\n|\n|upkeep\n|turn|3\n|\n|t:|1701067313\n|move|p1a: Gliscor|Baton Pass|p1a: Gliscor\n|\n|t:|1701067317\n|switch|p1a: Lycanroc|Lycanroc-Midnight, M|100\/100|[from] Baton Pass\n|move|p2a: Grafaiai|Foul Play|p1a: Lycanroc\n|-damage|p1a: Lycanroc|0 fnt\n|faint|p1a: Lycanroc\n|\n|upkeep\n|\n|t:|1701067328\n|switch|p1a: Sylveon|Sylveon, M, shiny|100\/100\n|-item|p1a: Sylveon|Air Balloon\n|turn|4\n|\n|t:|1701067346\n|move|p2a: Grafaiai|Toxic|p1a: Sylveon\n|-status|p1a: Sylveon|tox\n|move|p1a: Sylveon|Substitute|p1a: Sylveon\n|-start|p1a: Sylveon|Substitute\n|-damage|p1a: Sylveon|76\/100 tox\n|\n|-damage|p1a: Sylveon|70\/100 tox|[from] psn\n|upkeep\n|turn|5\n|inactive|Khryce has 120 seconds left.\n|\n|t:|1701067357\n|move|p2a: Grafaiai|Parting Shot|p1a: Sylveon\n|-unboost|p1a: Sylveon|atk|1\n|-unboost|p1a: Sylveon|spa|1\n|\n|t:|1701067362\n|switch|p2a: Ambipom|Ambipom, M|100\/100|[from] Parting Shot\n|move|p1a: Sylveon|Calm Mind|p1a: Sylveon\n|-boost|p1a: Sylveon|spa|1\n|-boost|p1a: Sylveon|spd|1\n|\n|-damage|p1a: Sylveon|57\/100 tox|[from] psn\n|upkeep\n|turn|6\n|inactive|Khryce has 120 seconds left.\n|\n|t:|1701067371\n|-terastallize|p2a: Ambipom|Normal\n|move|p2a: Ambipom|Fake Out|p1a: Sylveon\n|-end|p1a: Sylveon|Substitute\n|-enditem|p1a: Sylveon|Air Balloon\n|move|p1a: Sylveon|Calm Mind|p1a: Sylveon\n|-boost|p1a: Sylveon|spa|1\n|-boost|p1a: Sylveon|spd|1\n|\n|-damage|p1a: Sylveon|39\/100 tox|[from] psn\n|upkeep\n|turn|7\n|\n|t:|1701067380\n|move|p2a: Ambipom|Double Hit|p1a: Sylveon\n|-damage|p1a: Sylveon|3\/100 tox\n|-damage|p1a: Sylveon|0 fnt\n|faint|p1a: Sylveon\n|-hitcount|p1: Sylveon|2\n|\n|upkeep\n|\n|t:|1701067389\n|switch|p1a: Gengar|Gengar, F|100\/100\n|turn|8\n|\n|t:|1701067397\n|move|p1a: Gengar|Dark Pulse|p2a: Ambipom\n|-damage|p2a: Ambipom|54\/100\n|move|p2a: Ambipom|Knock Off|p1a: Gengar\n|-supereffective|p1a: Gengar\n|-damage|p1a: Gengar|0 fnt\n|-enditem|p1a: Gengar|Figy Berry|[from] move: Knock Off|[of] p2a: Ambipom\n|faint|p1a: Gengar\n|\n|upkeep\n|\n|t:|1701067406\n|switch|p1a: Gliscor|Gliscor, M, shiny|2\/100\n|turn|9\n|\n|t:|1701067412\n|move|p2a: Ambipom|Knock Off|p1a: Gliscor\n|-damage|p1a: Gliscor|0 fnt\n|faint|p1a: Gliscor\n|\n|upkeep\n|\n|t:|1701067416\n|switch|p1a: Snorlax|Snorlax, M|100\/100\n|turn|10\n|\n|t:|1701067422\n|switch|p2a: Ursaluna|Ursaluna-Bloodmoon, M|100\/100\n|move|p1a: Snorlax|Counter||[still]\n|-fail|p1a: Snorlax\n|\n|upkeep\n|turn|11\n|\n|t:|1701067428\n|move|p2a: Ursaluna|Calm Mind|p2a: Ursaluna\n|-boost|p2a: Ursaluna|spa|1\n|-boost|p2a: Ursaluna|spd|1\n|move|p1a: Snorlax|Body Slam|p2a: Ursaluna\n|-immune|p2a: Ursaluna\n|\n|upkeep\n|turn|12\n|\n|t:|1701067444\n|move|p2a: Ursaluna|Calm Mind|p2a: Ursaluna\n|-boost|p2a: Ursaluna|spa|1\n|-boost|p2a: Ursaluna|spd|1\n|move|p1a: Snorlax|Counter||[still]\n|-fail|p1a: Snorlax\n|\n|upkeep\n|turn|13\n|\n|t:|1701067451\n|move|p2a: Ursaluna|Calm Mind|p2a: Ursaluna\n|-boost|p2a: Ursaluna|spa|1\n|-boost|p2a: Ursaluna|spd|1\n|move|p1a: Snorlax|Counter||[still]\n|-fail|p1a: Snorlax\n|\n|upkeep\n|turn|14\n|\n|t:|1701067461\n|move|p2a: Ursaluna|Calm Mind|p2a: Ursaluna\n|-boost|p2a: Ursaluna|spa|1\n|-boost|p2a: Ursaluna|spd|1\n|move|p1a: Snorlax|Body Slam|p2a: Ursaluna\n|-immune|p2a: Ursaluna\n|\n|upkeep\n|turn|15\n|\n|t:|1701067469\n|move|p2a: Ursaluna|Hyper Voice|p1a: Snorlax\n|-damage|p1a: Snorlax|29\/100\n|move|p1a: Snorlax|Body Slam|p2a: Ursaluna\n|-immune|p2a: Ursaluna\n|\n|-heal|p1a: Snorlax|35\/100|[from] item: Leftovers\n|upkeep\n|turn|16\n|\n|t:|1701067476\n|move|p2a: Ursaluna|Hyper Voice|p1a: Snorlax\n|-damage|p1a: Snorlax|0 fnt\n|faint|p1a: Snorlax\n|\n|upkeep\n|\n|t:|1701067480\n|switch|p1a: Dialga|Dialga|100\/100\n|-ability|p1a: Dialga|Pressure\n|turn|17\n|\n|t:|1701067494\n|move|p2a: Ursaluna|Bitter Malice|p1a: Dialga\n|-damage|p1a: Dialga|0 fnt\n|faint|p1a: Dialga\n|\n|win|Khryce\n|raw|Jandrooooo's rating: 1045 &rarr; <strong>1028<\/strong><br \/>(-17 for losing)\n|raw|Khryce's rating: 1042 &rarr; <strong>1076<\/strong><br \/>(+34 for winning)\n|l|\u2606Jandrooooo\n","uploadtime":1701067506,"views":1,"p1id":"jandrooooo","p2id":"khryce","formatid":"gen9anythinggoes","rating":1028,"private":0,"password":""}