{"id":"gen9anythinggoes-1991998003","p1":"Schoolguyy","p2":"redpikmin5","format":"[Gen 9] Anything Goes","log":"|j|\u2606Schoolguyy\n|j|\u2606redpikmin5\n|t:|1700146352\n|gametype|singles\n|player|p1|Schoolguyy|hilbert-wonderlauncher|\n|player|p2|redpikmin5|170|\n|teamsize|p1|6\n|teamsize|p2|6\n|gen|9\n|tier|[Gen 9] Anything Goes\n|rule|HP Percentage Mod: HP is shown in percentages\n|rule|Endless Battle Clause: Forcing endless battles is banned\n|clearpoke\n|poke|p1|Dondozo, F|\n|poke|p1|Espathra, M|\n|poke|p1|Annihilape, F|\n|poke|p1|Wooper, M|\n|poke|p1|Maushold-Four|\n|poke|p1|Garganacl, F|\n|poke|p2|Regieleki|\n|poke|p2|Iron Moth|\n|poke|p2|Dipplin, M|\n|poke|p2|Magearna-Original|\n|poke|p2|Ursaluna-Bloodmoon, M|\n|poke|p2|Houndstone, M|\n|teampreview\n|\n|t:|1700146358\n|start\n|switch|p1a: Maushold|Maushold-Four|100\/100\n|switch|p2a: Little Zoom Orb|Regieleki|100\/100\n|turn|1\n|\n|t:|1700146365\n|move|p2a: Little Zoom Orb|Rapid Spin|p1a: Maushold\n|-damage|p1a: Maushold|82\/100\n|-boost|p2a: Little Zoom Orb|spe|1\n|move|p1a: Maushold|Tidy Up|p1a: Maushold\n|-boost|p1a: Maushold|atk|1\n|-boost|p1a: Maushold|spe|1\n|\n|upkeep\n|turn|2\n|\n|t:|1700146372\n|move|p2a: Little Zoom Orb|Rapid Spin|p1a: Maushold\n|-damage|p1a: Maushold|65\/100\n|-boost|p2a: Little Zoom Orb|spe|1\n|move|p1a: Maushold|Tidy Up|p1a: Maushold\n|-boost|p1a: Maushold|atk|1\n|-boost|p1a: Maushold|spe|1\n|\n|upkeep\n|turn|3\n|\n|t:|1700146379\n|move|p2a: Little Zoom Orb|Rapid Spin|p1a: Maushold\n|-damage|p1a: Maushold|49\/100\n|-boost|p2a: Little Zoom Orb|spe|1\n|-enditem|p1a: Maushold|Oran Berry|[eat]\n|-heal|p1a: Maushold|52\/100|[from] item: Oran Berry\n|move|p1a: Maushold|Tidy Up|p1a: Maushold\n|-boost|p1a: Maushold|atk|1\n|-boost|p1a: Maushold|spe|1\n|\n|upkeep\n|turn|4\n|\n|t:|1700146387\n|move|p2a: Little Zoom Orb|Rapid Spin|p1a: Maushold\n|-damage|p1a: Maushold|34\/100\n|-boost|p2a: Little Zoom Orb|spe|1\n|move|p1a: Maushold|Baton Pass|p1a: Maushold\n|\n|t:|1700146390\n|switch|p1a: Annihilape|Annihilape, F|100\/100|[from] Baton Pass\n|\n|upkeep\n|turn|5\n|\n|t:|1700146399\n|move|p2a: Little Zoom Orb|Zap Cannon|p1a: Annihilape|[miss]\n|-miss|p2a: Little Zoom Orb|p1a: Annihilape\n|move|p1a: Annihilape|Rage Fist|p2a: Little Zoom Orb\n|-damage|p2a: Little Zoom Orb|0 fnt\n|faint|p2a: Little Zoom Orb\n|\n|upkeep\n|\n|t:|1700146406\n|switch|p2a: Buck Bumble|Iron Moth|100\/100\n|-enditem|p2a: Buck Bumble|Booster Energy\n|-activate|p2a: Buck Bumble|ability: Quark Drive|[fromitem]\n|-start|p2a: Buck Bumble|quarkdrivespa\n|turn|6\n|\n|t:|1700146410\n|move|p1a: Annihilape|Rage Fist|p2a: Buck Bumble\n|-damage|p2a: Buck Bumble|0 fnt\n|faint|p2a: Buck Bumble\n|-end|p2a: Buck Bumble|Quark Drive|[silent]\n|\n|upkeep\n|\n|t:|1700146415\n|switch|p2a: Cande Appl|Dipplin, M|100\/100\n|-ability|p2a: Cande Appl|Supersweet Syrup\n|-ability|p2a: Cande Appl|Supersweet Syrup|boost\n|-unboost|p1a: Annihilape|evasion|1\n|-ability|p1a: Annihilape|Defiant|boost\n|-boost|p1a: Annihilape|atk|2\n|turn|7\n|\n|t:|1700146423\n|move|p1a: Annihilape|Rage Fist|p2a: Cande Appl\n|-damage|p2a: Cande Appl|0 fnt\n|faint|p2a: Cande Appl\n|\n|upkeep\n|\n|t:|1700146429\n|switch|p2a: Magearna|Magearna-Original|100\/100\n|turn|8\n|\n|t:|1700146436\n|move|p1a: Annihilape|Rage Fist|p2a: Magearna\n|-damage|p2a: Magearna|0 fnt\n|faint|p2a: Magearna\n|\n|upkeep\n|\n|t:|1700146440\n|switch|p2a: Ursaluna|Ursaluna-Bloodmoon, M|100\/100\n|turn|9\n|\n|t:|1700146447\n|move|p1a: Annihilape|Rage Fist|p2a: Ursaluna\n|-immune|p2a: Ursaluna\n|move|p2a: Ursaluna|Blood Moon|p1a: Annihilape\n|-damage|p1a: Annihilape|51\/100\n|\n|upkeep\n|turn|10\n|\n|t:|1700146462\n|switch|p1a: Wooper|Wooper, M|100\/100\n|move|p2a: Ursaluna|Brick Break|p1a: Wooper\n|-damage|p1a: Wooper|47\/100\n|\n|upkeep\n|turn|11\n|\n|t:|1700146471\n|move|p2a: Ursaluna|Trailblaze|p1a: Wooper\n|-supereffective|p1a: Wooper\n|-damage|p1a: Wooper|0 fnt\n|-boost|p2a: Ursaluna|spe|1\n|faint|p1a: Wooper\n|\n|upkeep\n|\n|t:|1700146476\n|switch|p1a: Espathra|Espathra, M|100\/100\n|turn|12\n|\n|t:|1700146485\n|move|p2a: Ursaluna|Blood Moon|p1a: Espathra\n|-damage|p1a: Espathra|38\/100\n|move|p1a: Espathra|Trick Room|p1a: Espathra\n|-fieldstart|move: Trick Room|[of] p1a: Espathra\n|\n|-heal|p1a: Espathra|44\/100|[from] item: Leftovers\n|upkeep\n|turn|13\n|\n|t:|1700146499\n|move|p2a: Ursaluna|Vacuum Wave|p1a: Espathra\n|-resisted|p1a: Espathra\n|-damage|p1a: Espathra|38\/100\n|move|p1a: Espathra|Shadow Ball|p2a: Ursaluna\n|-immune|p2a: Ursaluna\n|\n|-heal|p1a: Espathra|44\/100|[from] item: Leftovers\n|upkeep\n|turn|14\n|\n|t:|1700146510\n|move|p1a: Espathra|Psychic|p2a: Ursaluna\n|-damage|p2a: Ursaluna|50\/100\n|move|p2a: Ursaluna|Brick Break|p1a: Espathra\n|-resisted|p1a: Espathra\n|-damage|p1a: Espathra|34\/100\n|\n|-heal|p1a: Espathra|40\/100|[from] item: Leftovers\n|upkeep\n|turn|15\n|\n|t:|1700146519\n|switch|p1a: Annihilape|Annihilape, F|51\/100\n|move|p2a: Ursaluna|Blood Moon|p1a: Annihilape\n|-damage|p1a: Annihilape|3\/100\n|\n|upkeep\n|turn|16\n|\n|t:|1700146527\n|move|p1a: Annihilape|Brick Break|p2a: Ursaluna\n|-supereffective|p2a: Ursaluna\n|-damage|p2a: Ursaluna|0 fnt\n|-damage|p1a: Annihilape|0 fnt|[from] item: Rocky Helmet|[of] p2a: Ursaluna\n|faint|p2a: Ursaluna\n|faint|p1a: Annihilape\n|\n|-fieldend|move: Trick Room\n|upkeep\n|\n|t:|1700146534\n|switch|p1a: Espathra|Espathra, M|40\/100\n|switch|p2a: NYEH HEH HEH!|Houndstone, M|100\/100\n|turn|17\n|\n|t:|1700146539\n|-terastallize|p2a: NYEH HEH HEH!|Ghost\n|move|p1a: Espathra|Shadow Ball|p2a: NYEH HEH HEH!\n|-supereffective|p2a: NYEH HEH HEH!\n|-damage|p2a: NYEH HEH HEH!|44\/100\n|move|p2a: NYEH HEH HEH!|Last Respects|p1a: Espathra\n|-supereffective|p1a: Espathra\n|-damage|p1a: Espathra|0 fnt\n|faint|p1a: Espathra\n|\n|upkeep\n|\n|t:|1700146552\n|switch|p1a: Maushold|Maushold-Four|34\/100\n|turn|18\n|\n|t:|1700146558\n|move|p1a: Maushold|Tidy Up|p1a: Maushold\n|-boost|p1a: Maushold|atk|1\n|-boost|p1a: Maushold|spe|1\n|move|p2a: NYEH HEH HEH!|Destiny Bond|p2a: NYEH HEH HEH!\n|-singlemove|p2a: NYEH HEH HEH!|Destiny Bond\n|\n|upkeep\n|turn|19\n|\n|t:|1700146564\n|move|p1a: Maushold|Baton Pass|p1a: Maushold\n|\n|t:|1700146565\n|switch|p1a: Dondozo|Dondozo, F|100\/100|[from] Baton Pass\n|move|p2a: NYEH HEH HEH!|Last Respects|p1a: Dondozo\n|-damage|p1a: Dondozo|0 fnt\n|faint|p1a: Dondozo\n|\n|upkeep\n|\n|t:|1700146567\n|switch|p1a: Garganacl|Garganacl, F|100\/100\n|turn|20\n|\n|t:|1700146575\n|move|p2a: NYEH HEH HEH!|Last Respects|p1a: Garganacl\n|-ability|p1a: Garganacl|Sturdy\n|-damage|p1a: Garganacl|1\/100\n|move|p1a: Garganacl|Stone Edge|p2a: NYEH HEH HEH!\n|-damage|p2a: NYEH HEH HEH!|0 fnt\n|faint|p2a: NYEH HEH HEH!\n|\n|win|Schoolguyy\n|l|\u2606Schoolguyy\n","uploadtime":1700146586,"views":5,"p1id":"schoolguyy","p2id":"redpikmin5","formatid":"gen9anythinggoes","rating":0,"private":0,"password":""}