{"id":"gen9anythinggoes-1979042874","p1":"BTT2023","p2":"PKMN Trainer Acorn","format":"[Gen 9] Anything Goes","log":"|j|\u2606BTT2023\n|j|\u2606PKMN Trainer Acorn\n|t:|1698624883\n|gametype|singles\n|player|p1|BTT2023|red|1176\n|player|p2|PKMN Trainer Acorn|hilbert|1208\n|teamsize|p1|6\n|teamsize|p2|6\n|gen|9\n|tier|[Gen 9] Anything Goes\n|rated|\n|rule|HP Percentage Mod: HP is shown in percentages\n|rule|Endless Battle Clause: Forcing endless battles is banned\n|clearpoke\n|poke|p1|Charizard, M|\n|poke|p1|Pikachu, M|\n|poke|p1|Quaquaval, M|\n|poke|p1|Meowscarada, F|\n|poke|p1|Koraidon|\n|poke|p1|Gholdengo|\n|poke|p2|Espathra, M|\n|poke|p2|Magearna|\n|poke|p2|Magearna|\n|poke|p2|Magearna|\n|poke|p2|Magearna|\n|poke|p2|Calyrex-Shadow|\n|teampreview\n|inactive|Battle timer is ON: inactive players will automatically lose when time's up. (requested by PKMN Trainer Acorn)\n|\n|t:|1698624895\n|start\n|switch|p1a: Meowscarada|Meowscarada, F|100\/100\n|switch|p2a: Espathra|Espathra, M|100\/100\n|turn|1\n|\n|t:|1698624903\n|move|p1a: Meowscarada|Knock Off|p2a: Espathra\n|-start|p1a: Meowscarada|typechange|Dark|[from] ability: Protean\n|-supereffective|p2a: Espathra\n|-enditem|p2a: Espathra|Focus Sash\n|-damage|p2a: Espathra|1\/100\n|move|p2a: Espathra|Calm Mind|p2a: Espathra\n|-boost|p2a: Espathra|spa|1\n|-boost|p2a: Espathra|spd|1\n|\n|-ability|p2a: Espathra|Speed Boost|boost\n|-boost|p2a: Espathra|spe|1\n|upkeep\n|turn|2\n|\n|t:|1698624923\n|move|p1a: Meowscarada|Knock Off|p2a: Espathra\n|-supereffective|p2a: Espathra\n|-damage|p2a: Espathra|0 fnt\n|faint|p2a: Espathra\n|\n|upkeep\n|\n|t:|1698624928\n|switch|p2a: Magearna|Magearna|100\/100\n|turn|3\n|\n|t:|1698624934\n|switch|p1a: Gholdengo|Gholdengo|100\/100\n|-item|p1a: Gholdengo|Air Balloon\n|move|p2a: Magearna|Iron Defense|p2a: Magearna\n|-boost|p2a: Magearna|def|2\n|\n|upkeep\n|turn|4\n|\n|t:|1698624943\n|move|p1a: Gholdengo|Nasty Plot|p1a: Gholdengo\n|-boost|p1a: Gholdengo|spa|2\n|move|p2a: Magearna|Calm Mind|p2a: Magearna\n|-boost|p2a: Magearna|spa|1\n|-boost|p2a: Magearna|spd|1\n|\n|upkeep\n|turn|5\n|\n|t:|1698624949\n|move|p1a: Gholdengo|Shadow Ball|p2a: Magearna\n|-damage|p2a: Magearna|52\/100\n|move|p2a: Magearna|Calm Mind|p2a: Magearna\n|-boost|p2a: Magearna|spa|1\n|-boost|p2a: Magearna|spd|1\n|\n|-heal|p2a: Magearna|58\/100|[from] item: Leftovers\n|upkeep\n|turn|6\n|\n|t:|1698624971\n|move|p1a: Gholdengo|Shadow Ball|p2a: Magearna\n|-damage|p2a: Magearna|21\/100\n|-unboost|p2a: Magearna|spd|1\n|move|p2a: Magearna|Baton Pass|p2a: Magearna\n|\n|t:|1698624981\n|switch|p2a: Magearna|Magearna|100\/100|[from] Baton Pass\n|\n|upkeep\n|turn|7\n|\n|t:|1698624991\n|move|p1a: Gholdengo|Shadow Ball|p2a: Magearna\n|-damage|p2a: Magearna|52\/100\n|move|p2a: Magearna|Calm Mind|p2a: Magearna\n|-boost|p2a: Magearna|spa|1\n|-boost|p2a: Magearna|spd|1\n|\n|-heal|p2a: Magearna|58\/100|[from] item: Leftovers\n|upkeep\n|turn|8\n|\n|t:|1698625000\n|move|p1a: Gholdengo|Shadow Ball|p2a: Magearna\n|-damage|p2a: Magearna|24\/100\n|move|p2a: Magearna|Calm Mind|p2a: Magearna\n|-boost|p2a: Magearna|spa|1\n|-boost|p2a: Magearna|spd|1\n|\n|-heal|p2a: Magearna|30\/100|[from] item: Leftovers\n|upkeep\n|turn|9\n|\n|t:|1698625008\n|move|p1a: Gholdengo|Shadow Ball|p2a: Magearna\n|-damage|p2a: Magearna|1\/100\n|-unboost|p2a: Magearna|spd|1\n|move|p2a: Magearna|Baton Pass|p2a: Magearna\n|\n|t:|1698625015\n|switch|p2a: Magearna|Magearna|100\/100|[from] Baton Pass\n|\n|upkeep\n|turn|10\n|\n|t:|1698625030\n|move|p1a: Gholdengo|Make It Rain|p2a: Magearna\n|-damage|p2a: Magearna|52\/100\n|-unboost|p1a: Gholdengo|spa|1\n|move|p2a: Magearna|Calm Mind|p2a: Magearna\n|-boost|p2a: Magearna|spa|1\n|-boost|p2a: Magearna|spd|1\n|\n|-heal|p2a: Magearna|58\/100|[from] item: Leftovers\n|upkeep\n|turn|11\n|\n|t:|1698625047\n|switch|p1a: Quaquaval|Quaquaval, M|100\/100\n|move|p2a: Magearna|Stored Power|p1a: Quaquaval\n|-supereffective|p1a: Quaquaval\n|-damage|p1a: Quaquaval|0 fnt\n|faint|p1a: Quaquaval\n|-ability|p2a: Magearna|Soul-Heart|boost\n|-boost|p2a: Magearna|spa|1\n|\n|-heal|p2a: Magearna|64\/100|[from] item: Leftovers\n|upkeep\n|inactive|BTT2023 has 120 seconds left.\n|\n|t:|1698625070\n|switch|p1a: Meowscarada|Meowscarada, F|100\/100\n|turn|12\n|\n|t:|1698625074\n|move|p1a: Meowscarada|Thunder Punch|p2a: Magearna\n|-start|p1a: Meowscarada|typechange|Electric|[from] ability: Protean\n|-damage|p2a: Magearna|43\/100\n|move|p2a: Magearna|Iron Defense|p2a: Magearna\n|-boost|p2a: Magearna|def|2\n|\n|-heal|p2a: Magearna|49\/100|[from] item: Leftovers\n|upkeep\n|turn|13\n|\n|t:|1698625084\n|move|p1a: Meowscarada|Thunder Punch|p2a: Magearna\n|-damage|p2a: Magearna|34\/100\n|move|p2a: Magearna|Iron Defense|p2a: Magearna\n|-boost|p2a: Magearna|def|2\n|\n|-heal|p2a: Magearna|40\/100|[from] item: Leftovers\n|upkeep\n|turn|14\n|\n|t:|1698625096\n|move|p1a: Meowscarada|Thunder Punch|p2a: Magearna\n|-damage|p2a: Magearna|29\/100\n|move|p2a: Magearna|Calm Mind|p2a: Magearna\n|-boost|p2a: Magearna|spa|0\n|-boost|p2a: Magearna|spd|1\n|\n|-heal|p2a: Magearna|35\/100|[from] item: Leftovers\n|upkeep\n|turn|15\n|\n|t:|1698625104\n|switch|p1a: Koraidon|Koraidon|100\/100\n|-weather|SunnyDay|[from] ability: Orichalcum Pulse|[of] p1a: Koraidon\n|-activate|p1a: Koraidon|Orichalcum Pulse|[source]\n|move|p2a: Magearna|Calm Mind|p2a: Magearna\n|-boost|p2a: Magearna|spa|0\n|-boost|p2a: Magearna|spd|1\n|\n|-weather|SunnyDay|[upkeep]\n|-heal|p2a: Magearna|41\/100|[from] item: Leftovers\n|upkeep\n|turn|16\n|\n|t:|1698625115\n|-terastallize|p1a: Koraidon|Fire\n|move|p1a: Koraidon|Flame Charge|p2a: Magearna\n|-supereffective|p2a: Magearna\n|-damage|p2a: Magearna|14\/100\n|-boost|p1a: Koraidon|spe|1\n|move|p2a: Magearna|Stored Power|p1a: Koraidon\n|-damage|p1a: Koraidon|0 fnt\n|faint|p1a: Koraidon\n|\n|-weather|SunnyDay|[upkeep]\n|-heal|p2a: Magearna|20\/100|[from] item: Leftovers\n|upkeep\n|\n|t:|1698625129\n|switch|p1a: Charizard|Charizard, M|100\/100\n|turn|17\n|\n|t:|1698625132\n|move|p1a: Charizard|Flare Blitz|p2a: Magearna\n|-supereffective|p2a: Magearna\n|-damage|p2a: Magearna|0 fnt\n|faint|p2a: Magearna\n|-damage|p1a: Charizard|94\/100|[from] Recoil\n|\n|-weather|SunnyDay|[upkeep]\n|upkeep\n|-message|PKMN Trainer Acorn forfeited.\n|\n|win|BTT2023\n|raw|BTT2023's rating: 1176 &rarr; <strong>1203<\/strong><br \/>(+27 for winning)\n|raw|PKMN Trainer Acorn's rating: 1208 &rarr; <strong>1181<\/strong><br \/>(-27 for losing)\n|l|\u2606PKMN Trainer Acorn\n|c|\u2606BTT2023|GG :)\n","uploadtime":1698625141,"views":9,"p1id":"btt2023","p2id":"pkmntraineracorn","formatid":"gen9anythinggoes","rating":1181,"private":0,"password":""}