{"id":"gen9anythinggoes-1991280475","p1":"Rowan_Rocket","p2":"eleoele12423","format":"[Gen 9] Anything Goes","log":"|j|\u2606Rowan_Rocket\n|j|\u2606eleoele12423\n|t:|1700063891\n|gametype|singles\n|player|p1|Rowan_Rocket|rocketgruntf|1181\n|player|p2|eleoele12423|pokekid|1067\n|teamsize|p1|6\n|teamsize|p2|6\n|gen|9\n|tier|[Gen 9] Anything Goes\n|rated|\n|rule|HP Percentage Mod: HP is shown in percentages\n|rule|Endless Battle Clause: Forcing endless battles is banned\n|clearpoke\n|poke|p1|Ninetales-Alola, F|\n|poke|p1|Cetitan, M|\n|poke|p1|Avalugg-Hisui, M|\n|poke|p1|Eiscue, M|\n|poke|p1|Sandslash-Alola, F|\n|poke|p1|Frosmoth, F|\n|poke|p2|Pineco, M|\n|poke|p2|Pineco, M|\n|poke|p2|Pineco, F|\n|poke|p2|Pineco, M|\n|poke|p2|Tyranitar, F|\n|poke|p2|Houndstone, M|\n|teampreview\n|\n|t:|1700063902\n|start\n|switch|p1a: Ninetales|Ninetales-Alola, F|100\/100\n|switch|p2a: Pineco|Pineco, M|100\/100\n|-weather|Snow|[from] ability: Snow Warning|[of] p1a: Ninetales\n|turn|1\n|\n|t:|1700063913\n|move|p1a: Ninetales|Aurora Veil|p1a: Ninetales\n|-sidestart|p1: Rowan_Rocket|move: Aurora Veil\n|move|p2a: Pineco|Stealth Rock|p1a: Ninetales\n|-sidestart|p1: Rowan_Rocket|move: Stealth Rock\n|\n|-weather|Snow|[upkeep]\n|upkeep\n|turn|2\n|\n|t:|1700063921\n|switch|p1a: Avalugg|Avalugg-Hisui, M|100\/100\n|-damage|p1a: Avalugg|76\/100|[from] Stealth Rock\n|move|p2a: Pineco|Spikes|p1a: Avalugg\n|-sidestart|p1: Rowan_Rocket|Spikes\n|\n|-weather|Snow|[upkeep]\n|upkeep\n|turn|3\n|\n|t:|1700063931\n|move|p1a: Avalugg|Iron Defense|p1a: Avalugg\n|-boost|p1a: Avalugg|def|2\n|move|p2a: Pineco|Spikes|p1a: Avalugg\n|-sidestart|p1: Rowan_Rocket|Spikes\n|\n|-weather|Snow|[upkeep]\n|upkeep\n|turn|4\n|\n|t:|1700063938\n|move|p1a: Avalugg|Iron Defense|p1a: Avalugg\n|-boost|p1a: Avalugg|def|2\n|move|p2a: Pineco|Spikes|p1a: Avalugg\n|-sidestart|p1: Rowan_Rocket|Spikes\n|\n|-weather|Snow|[upkeep]\n|upkeep\n|turn|5\n|\n|t:|1700063945\n|move|p1a: Avalugg|Rapid Spin|p2a: Pineco\n|-damage|p2a: Pineco|85\/100\n|-boost|p1a: Avalugg|spe|1\n|-damage|p1a: Avalugg|59\/100|[from] item: Rocky Helmet|[of] p2a: Pineco\n|-sideend|p1: Rowan_Rocket|Spikes|[from] move: Rapid Spin|[of] p1a: Avalugg\n|-sideend|p1: Rowan_Rocket|Stealth Rock|[from] move: Rapid Spin|[of] p1a: Avalugg\n|move|p2a: Pineco|Light Screen|p2a: Pineco\n|-sidestart|p2: eleoele12423|move: Light Screen\n|\n|-weather|Snow|[upkeep]\n|-sideend|p1: Rowan_Rocket|move: Aurora Veil\n|upkeep\n|turn|6\n|\n|t:|1700063957\n|move|p1a: Avalugg|Recover|p1a: Avalugg\n|-heal|p1a: Avalugg|100\/100\n|move|p2a: Pineco|Reflect|p2a: Pineco\n|-sidestart|p2: eleoele12423|Reflect\n|\n|-weather|Snow|[upkeep]\n|upkeep\n|turn|7\n|\n|t:|1700063972\n|move|p1a: Avalugg|Iron Defense|p1a: Avalugg\n|-boost|p1a: Avalugg|def|2\n|move|p2a: Pineco|Stealth Rock|p1a: Avalugg\n|-sidestart|p1: Rowan_Rocket|move: Stealth Rock\n|\n|-weather|Snow|[upkeep]\n|upkeep\n|turn|8\n|\n|t:|1700063979\n|move|p1a: Avalugg|Body Press|p2a: Pineco\n|-resisted|p2a: Pineco\n|-damage|p2a: Pineco|46\/100\n|-damage|p1a: Avalugg|84\/100|[from] item: Rocky Helmet|[of] p2a: Pineco\n|move|p2a: Pineco|Spikes|p1a: Avalugg\n|-sidestart|p1: Rowan_Rocket|Spikes\n|\n|-weather|none\n|upkeep\n|turn|9\n|\n|t:|1700063991\n|move|p1a: Avalugg|Body Press|p2a: Pineco\n|-resisted|p2a: Pineco\n|-damage|p2a: Pineco|5\/100\n|-damage|p1a: Avalugg|68\/100|[from] item: Rocky Helmet|[of] p2a: Pineco\n|move|p2a: Pineco|Spikes|p1a: Avalugg\n|-sidestart|p1: Rowan_Rocket|Spikes\n|\n|-sideend|p2: eleoele12423|move: Light Screen\n|upkeep\n|turn|10\n|\n|t:|1700064000\n|move|p1a: Avalugg|Recover|p1a: Avalugg\n|-heal|p1a: Avalugg|100\/100\n|move|p2a: Pineco|Light Screen|p2a: Pineco\n|-sidestart|p2: eleoele12423|move: Light Screen\n|\n|-sideend|p2: eleoele12423|Reflect\n|upkeep\n|turn|11\n|\n|t:|1700064007\n|move|p1a: Avalugg|Rapid Spin|p2a: Pineco\n|-damage|p2a: Pineco|0 fnt\n|-boost|p1a: Avalugg|spe|1\n|-damage|p1a: Avalugg|84\/100|[from] item: Rocky Helmet|[of] p2a: Pineco\n|-sideend|p1: Rowan_Rocket|Spikes|[from] move: Rapid Spin|[of] p1a: Avalugg\n|-sideend|p1: Rowan_Rocket|Stealth Rock|[from] move: Rapid Spin|[of] p1a: Avalugg\n|faint|p2a: Pineco\n|\n|upkeep\n|\n|t:|1700064017\n|switch|p2a: Pineco|Pineco, M|100\/100\n|turn|12\n|\n|t:|1700064023\n|move|p1a: Avalugg|Body Press|p2a: Pineco\n|-resisted|p2a: Pineco\n|-damage|p2a: Pineco|21\/100\n|-damage|p1a: Avalugg|68\/100|[from] item: Rocky Helmet|[of] p2a: Pineco\n|move|p2a: Pineco|Reflect|p2a: Pineco\n|-sidestart|p2: eleoele12423|Reflect\n|\n|upkeep\n|turn|13\n|\n|t:|1700064031\n|switch|p2a: Tyranitar|Tyranitar, F|100\/100\n|-weather|Sandstorm|[from] ability: Sand Stream|[of] p2a: Tyranitar\n|move|p1a: Avalugg|Body Press|p2a: Tyranitar\n|-supereffective|p2a: Tyranitar\n|-damage|p2a: Tyranitar|0 fnt\n|faint|p2a: Tyranitar\n|\n|-weather|Sandstorm|[upkeep]\n|upkeep\n|-message|eleoele12423 forfeited.\n|\n|win|Rowan_Rocket\n|raw|Rowan_Rocket's rating: 1181 &rarr; <strong>1198<\/strong><br \/>(+17 for winning)\n|raw|eleoele12423's rating: 1067 &rarr; <strong>1053<\/strong><br \/>(-14 for losing)\n|l|\u2606eleoele12423\n","uploadtime":1700064058,"views":11,"p1id":"rowanrocket","p2id":"eleoele12423","formatid":"gen9anythinggoes","rating":1053,"private":0,"password":""}