{"id":"gen9anythinggoes-1972780450","p1":"bldng","p2":"LuBbangg","format":"[Gen 9] Anything Goes","log":"|j|\u2606bldng\n|j|\u2606LuBbangg\n|t:|1697894052\n|gametype|singles\n|player|p1|bldng|rosa|\n|player|p2|LuBbangg|102|\n|teamsize|p1|6\n|teamsize|p2|6\n|gen|9\n|tier|[Gen 9] Anything Goes\n|rule|HP Percentage Mod: HP is shown in percentages\n|rule|Endless Battle Clause: Forcing endless battles is banned\n|clearpoke\n|poke|p1|Mimikyu, M|\n|poke|p1|Dragonite, M|\n|poke|p1|Samurott-Hisui, M|\n|poke|p1|Dragapult, F|\n|poke|p1|Regieleki|\n|poke|p1|Crawdaunt, M|\n|poke|p2|Sylveon, M|\n|poke|p2|Urshifu-*, M|\n|poke|p2|Chien-Pao|\n|poke|p2|Annihilape, F|\n|poke|p2|Maushold-Four|\n|poke|p2|Ninetales-Alola, M|\n|teampreview\n|\n|t:|1697894071\n|start\n|switch|p1a: \uc81c\ud2b8\uae30\ubcf4\ub2e4\ube60\ub984|Regieleki|100\/100\n|switch|p2a: \uc218\uc0c1\ud55c|Sylveon, M|100\/100\n|turn|1\n|\n|t:|1697894090\n|move|p2a: \uc218\uc0c1\ud55c|Protect|p2a: \uc218\uc0c1\ud55c\n|-singleturn|p2a: \uc218\uc0c1\ud55c|Protect\n|move|p1a: \uc81c\ud2b8\uae30\ubcf4\ub2e4\ube60\ub984|Volt Switch|p2a: \uc218\uc0c1\ud55c\n|-activate|p2a: \uc218\uc0c1\ud55c|move: Protect\n|\n|upkeep\n|turn|2\n|\n|t:|1697894096\n|move|p1a: \uc81c\ud2b8\uae30\ubcf4\ub2e4\ube60\ub984|Volt Switch|p2a: \uc218\uc0c1\ud55c\n|-damage|p2a: \uc218\uc0c1\ud55c|61\/100\n|\n|t:|1697894102\n|switch|p1a: \uc6cc\ud130\ubbf8\uc0ac\uc77c|Crawdaunt, M|100\/100|[from] Volt Switch\n|move|p2a: \uc218\uc0c1\ud55c|Yawn|p1a: \uc6cc\ud130\ubbf8\uc0ac\uc77c\n|-start|p1a: \uc6cc\ud130\ubbf8\uc0ac\uc77c|move: Yawn|[of] p2a: \uc218\uc0c1\ud55c\n|\n|-heal|p2a: \uc218\uc0c1\ud55c|68\/100|[from] item: Leftovers\n|upkeep\n|turn|3\n|c|\u2606bldng|\uac00\ub77c \uc6cc\ud130\ubbf8\uc0ac\uc77c\n|\n|t:|1697894148\n|switch|p2a: \ud138\ubcf5\uc22d\uc774 \ud37c\ub9ac|Annihilape, F|100\/100\n|move|p1a: \uc6cc\ud130\ubbf8\uc0ac\uc77c|Aqua Jet|p2a: \ud138\ubcf5\uc22d\uc774 \ud37c\ub9ac\n|-damage|p2a: \ud138\ubcf5\uc22d\uc774 \ud37c\ub9ac|62\/100\n|\n|-heal|p2a: \ud138\ubcf5\uc22d\uc774 \ud37c\ub9ac|68\/100|[from] item: Leftovers\n|-end|p1a: \uc6cc\ud130\ubbf8\uc0ac\uc77c|move: Yawn|[silent]\n|-status|p1a: \uc6cc\ud130\ubbf8\uc0ac\uc77c|slp\n|upkeep\n|turn|4\n|\n|t:|1697894175\n|-singleturn|p2a: \ud138\ubcf5\uc22d\uc774 \ud37c\ub9ac|move: Focus Punch\n|cant|p1a: \uc6cc\ud130\ubbf8\uc0ac\uc77c|slp\n|move|p2a: \ud138\ubcf5\uc22d\uc774 \ud37c\ub9ac|Focus Punch|p1a: \uc6cc\ud130\ubbf8\uc0ac\uc77c\n|-supereffective|p1a: \uc6cc\ud130\ubbf8\uc0ac\uc77c\n|-damage|p1a: \uc6cc\ud130\ubbf8\uc0ac\uc77c|0 fnt\n|faint|p1a: \uc6cc\ud130\ubbf8\uc0ac\uc77c\n|\n|-heal|p2a: \ud138\ubcf5\uc22d\uc774 \ud37c\ub9ac|74\/100|[from] item: Leftovers\n|upkeep\n|\n|t:|1697894188\n|switch|p1a: \ub530\ub77c\ud050|Mimikyu, M|100\/100\n|turn|5\n|\n|t:|1697894194\n|move|p1a: \ub530\ub77c\ud050|Shadow Claw|p2a: \ud138\ubcf5\uc22d\uc774 \ud37c\ub9ac\n|-supereffective|p2a: \ud138\ubcf5\uc22d\uc774 \ud37c\ub9ac\n|-damage|p2a: \ud138\ubcf5\uc22d\uc774 \ud37c\ub9ac|3\/100\n|-damage|p1a: \ub530\ub77c\ud050|91\/100|[from] item: Life Orb\n|move|p2a: \ud138\ubcf5\uc22d\uc774 \ud37c\ub9ac|Taunt|p1a: \ub530\ub77c\ud050\n|-start|p1a: \ub530\ub77c\ud050|move: Taunt\n|\n|-heal|p2a: \ud138\ubcf5\uc22d\uc774 \ud37c\ub9ac|9\/100|[from] item: Leftovers\n|upkeep\n|turn|6\n|\n|t:|1697894235\n|switch|p2a: \ucc0d\ucc0d\uc774|Maushold-Four|100\/100\n|move|p1a: \ub530\ub77c\ud050|Shadow Sneak|p2a: \ucc0d\ucc0d\uc774\n|-immune|p2a: \ucc0d\ucc0d\uc774\n|\n|upkeep\n|turn|7\n|\n|t:|1697894247\n|move|p2a: \ucc0d\ucc0d\uc774|Encore|p1a: \ub530\ub77c\ud050\n|-start|p1a: \ub530\ub77c\ud050|Encore\n|move|p1a: \ub530\ub77c\ud050|Shadow Sneak|p2a: \ucc0d\ucc0d\uc774\n|-immune|p2a: \ucc0d\ucc0d\uc774\n|\n|upkeep\n|turn|8\n|\n|t:|1697894253\n|move|p1a: \ub530\ub77c\ud050|Shadow Sneak|p2a: \ucc0d\ucc0d\uc774\n|-immune|p2a: \ucc0d\ucc0d\uc774\n|move|p2a: \ucc0d\ucc0d\uc774|Crunch|p1a: \ub530\ub77c\ud050\n|-activate|p1a: \ub530\ub77c\ud050|ability: Disguise\n|-damage|p1a: \ub530\ub77c\ud050|91\/100\n|detailschange|p1a: \ub530\ub77c\ud050|Mimikyu-Busted, M\n|-damage|p1a: \ub530\ub77c\ud050|78\/100|[from] pokemon: Mimikyu-Busted\n|\n|-end|p1a: \ub530\ub77c\ud050|move: Taunt\n|upkeep\n|turn|9\n|\n|t:|1697894262\n|move|p1a: \ub530\ub77c\ud050|Shadow Sneak|p2a: \ucc0d\ucc0d\uc774\n|-immune|p2a: \ucc0d\ucc0d\uc774\n|move|p2a: \ucc0d\ucc0d\uc774|Crunch|p1a: \ub530\ub77c\ud050\n|-damage|p1a: \ub530\ub77c\ud050|46\/100\n|\n|-end|p1a: \ub530\ub77c\ud050|Encore\n|upkeep\n|turn|10\n|\n|t:|1697894270\n|move|p2a: \ucc0d\ucc0d\uc774|Encore|p1a: \ub530\ub77c\ud050\n|-start|p1a: \ub530\ub77c\ud050|Encore\n|move|p1a: \ub530\ub77c\ud050|Shadow Sneak|p2a: \ucc0d\ucc0d\uc774\n|-immune|p2a: \ucc0d\ucc0d\uc774\n|\n|upkeep\n|turn|11\n|c|\u2606bldng|\uc544\n|c|\u2606bldng|\uc800\uc950\uc0c8\uae30\n|c|\u2606bldng|\uc5c4\ub9dd\ubc97\ub098\n|\n|t:|1697894281\n|move|p1a: \ub530\ub77c\ud050|Shadow Sneak|p2a: \ucc0d\ucc0d\uc774\n|-immune|p2a: \ucc0d\ucc0d\uc774\n|move|p2a: \ucc0d\ucc0d\uc774|Crunch|p1a: \ub530\ub77c\ud050\n|-damage|p1a: \ub530\ub77c\ud050|8\/100\n|-unboost|p1a: \ub530\ub77c\ud050|def|1\n|\n|upkeep\n|turn|12\n|\n|t:|1697894288\n|move|p1a: \ub530\ub77c\ud050|Shadow Sneak|p2a: \ucc0d\ucc0d\uc774\n|-immune|p2a: \ucc0d\ucc0d\uc774\n|move|p2a: \ucc0d\ucc0d\uc774|Crunch|p1a: \ub530\ub77c\ud050\n|-crit|p1a: \ub530\ub77c\ud050\n|-damage|p1a: \ub530\ub77c\ud050|0 fnt\n|faint|p1a: \ub530\ub77c\ud050\n|\n|upkeep\n|\n|t:|1697894294\n|switch|p1a: \uc81c\ud2b8\uae30\ubcf4\ub2e4\ube60\ub984|Regieleki|100\/100\n|turn|13\n|\n|t:|1697894300\n|move|p1a: \uc81c\ud2b8\uae30\ubcf4\ub2e4\ube60\ub984|Volt Switch|p2a: \ucc0d\ucc0d\uc774\n|-damage|p2a: \ucc0d\ucc0d\uc774|22\/100\n|\n|t:|1697894304\n|switch|p1a: \uc81c\ud2b8\uae30|Dragapult, F|100\/100|[from] Volt Switch\n|move|p2a: \ucc0d\ucc0d\uc774|Population Bomb|p1a: \uc81c\ud2b8\uae30\n|-immune|p1a: \uc81c\ud2b8\uae30\n|\n|upkeep\n|turn|14\n|\n|t:|1697894341\n|switch|p2a: \ubcf5\uc2ac\ubcf5\uc2ac|Ninetales-Alola, M|100\/100\n|-weather|Snow|[from] ability: Snow Warning|[of] p2a: \ubcf5\uc2ac\ubcf5\uc2ac\n|move|p1a: \uc81c\ud2b8\uae30|Draco Meteor|p2a: \ubcf5\uc2ac\ubcf5\uc2ac\n|-immune|p2a: \ubcf5\uc2ac\ubcf5\uc2ac\n|\n|-weather|Snow|[upkeep]\n|upkeep\n|turn|15\n|\n|t:|1697894355\n|switch|p1a: \uc81c\ud2b8\uae30\ubcf4\ub2e4\ube60\ub984|Regieleki|100\/100\n|move|p2a: \ubcf5\uc2ac\ubcf5\uc2ac|Blizzard|p1a: \uc81c\ud2b8\uae30\ubcf4\ub2e4\ube60\ub984\n|-damage|p1a: \uc81c\ud2b8\uae30\ubcf4\ub2e4\ube60\ub984|5\/100\n|\n|-weather|Snow|[upkeep]\n|upkeep\n|turn|16\n|\n|t:|1697894374\n|move|p1a: \uc81c\ud2b8\uae30\ubcf4\ub2e4\ube60\ub984|Thunderbolt|p2a: \ubcf5\uc2ac\ubcf5\uc2ac\n|-damage|p2a: \ubcf5\uc2ac\ubcf5\uc2ac|15\/100\n|move|p2a: \ubcf5\uc2ac\ubcf5\uc2ac|Dark Pulse|p1a: \uc81c\ud2b8\uae30\ubcf4\ub2e4\ube60\ub984\n|-damage|p1a: \uc81c\ud2b8\uae30\ubcf4\ub2e4\ube60\ub984|0 fnt\n|faint|p1a: \uc81c\ud2b8\uae30\ubcf4\ub2e4\ube60\ub984\n|\n|-weather|Snow|[upkeep]\n|upkeep\n|\n|t:|1697894382\n|switch|p1a: \ube14\ub315|Samurott-Hisui, M|100\/100\n|turn|17\n|\n|t:|1697894410\n|move|p2a: \ubcf5\uc2ac\ubcf5\uc2ac|Blizzard|p1a: \ube14\ub315\n|-resisted|p1a: \ube14\ub315\n|-damage|p1a: \ube14\ub315|66\/100\n|move|p1a: \ube14\ub315|Ceaseless Edge|p2a: \ubcf5\uc2ac\ubcf5\uc2ac\n|-resisted|p2a: \ubcf5\uc2ac\ubcf5\uc2ac\n|-damage|p2a: \ubcf5\uc2ac\ubcf5\uc2ac|0 fnt\n|-sidestart|p2: LuBbangg|Spikes\n|faint|p2a: \ubcf5\uc2ac\ubcf5\uc2ac\n|\n|-weather|Snow|[upkeep]\n|upkeep\n|\n|t:|1697894419\n|switch|p2a: \ud37c\ub9ac\uac8c\uc774|Urshifu, M|100\/100\n|-damage|p2a: \ud37c\ub9ac\uac8c\uc774|88\/100|[from] Spikes\n|turn|18\n|\n|t:|1697894448\n|move|p2a: \ud37c\ub9ac\uac8c\uc774|Focus Blast|p1a: \ube14\ub315\n|-supereffective|p1a: \ube14\ub315\n|-damage|p1a: \ube14\ub315|0 fnt\n|faint|p1a: \ube14\ub315\n|\n|-weather|none\n|upkeep\n|\n|t:|1697894454\n|switch|p1a: \uc81c\ud2b8\uae30|Dragapult, F|100\/100\n|turn|19\n|\n|t:|1697894467\n|move|p2a: \ud37c\ub9ac\uac8c\uc774|Focus Blast|p1a: \uc81c\ud2b8\uae30\n|-immune|p1a: \uc81c\ud2b8\uae30\n|move|p1a: \uc81c\ud2b8\uae30|Draco Meteor|p2a: \ud37c\ub9ac\uac8c\uc774\n|-damage|p2a: \ud37c\ub9ac\uac8c\uc774|0 fnt\n|-unboost|p1a: \uc81c\ud2b8\uae30|spa|2\n|faint|p2a: \ud37c\ub9ac\uac8c\uc774\n|\n|upkeep\n|\n|t:|1697894475\n|switch|p2a: \uc218\uc0c1\ud55c|Sylveon, M|68\/100\n|-damage|p2a: \uc218\uc0c1\ud55c|55\/100|[from] Spikes\n|turn|20\n|\n|t:|1697894481\n|switch|p1a: \ucd5c\uac15|Dragonite, M|100\/100\n|move|p2a: \uc218\uc0c1\ud55c|Protect||[still]\n|-fail|p2a: \uc218\uc0c1\ud55c\n|\n|-heal|p2a: \uc218\uc0c1\ud55c|61\/100|[from] item: Leftovers\n|upkeep\n|turn|21\n|\n|t:|1697894492\n|-terastallize|p1a: \ucd5c\uac15|Normal\n|move|p1a: \ucd5c\uac15|Extreme Speed|p2a: \uc218\uc0c1\ud55c\n|-damage|p2a: \uc218\uc0c1\ud55c|24\/100\n|move|p2a: \uc218\uc0c1\ud55c|Yawn|p1a: \ucd5c\uac15\n|-start|p1a: \ucd5c\uac15|move: Yawn|[of] p2a: \uc218\uc0c1\ud55c\n|\n|-heal|p2a: \uc218\uc0c1\ud55c|30\/100|[from] item: Leftovers\n|upkeep\n|turn|22\n|\n|t:|1697894513\n|move|p2a: \uc218\uc0c1\ud55c|Protect|p2a: \uc218\uc0c1\ud55c\n|-singleturn|p2a: \uc218\uc0c1\ud55c|Protect\n|move|p1a: \ucd5c\uac15|Dragon Dance|p1a: \ucd5c\uac15\n|-boost|p1a: \ucd5c\uac15|atk|1\n|-boost|p1a: \ucd5c\uac15|spe|1\n|\n|-heal|p2a: \uc218\uc0c1\ud55c|37\/100|[from] item: Leftovers\n|-end|p1a: \ucd5c\uac15|move: Yawn|[silent]\n|-status|p1a: \ucd5c\uac15|slp\n|upkeep\n|turn|23\n|\n|t:|1697894526\n|cant|p1a: \ucd5c\uac15|slp\n|move|p2a: \uc218\uc0c1\ud55c|Hyper Voice|p1a: \ucd5c\uac15\n|-damage|p1a: \ucd5c\uac15|79\/100 slp\n|\n|-heal|p2a: \uc218\uc0c1\ud55c|43\/100|[from] item: Leftovers\n|upkeep\n|turn|24\n|\n|t:|1697894535\n|-terastallize|p2a: \uc218\uc0c1\ud55c|Fairy\n|cant|p1a: \ucd5c\uac15|slp\n|move|p2a: \uc218\uc0c1\ud55c|Hyper Voice|p1a: \ucd5c\uac15\n|-damage|p1a: \ucd5c\uac15|18\/100 slp\n|\n|-heal|p2a: \uc218\uc0c1\ud55c|49\/100|[from] item: Leftovers\n|upkeep\n|turn|25\n|\n|t:|1697894542\n|cant|p1a: \ucd5c\uac15|slp\n|move|p2a: \uc218\uc0c1\ud55c|Hyper Voice|p1a: \ucd5c\uac15\n|-damage|p1a: \ucd5c\uac15|0 fnt\n|faint|p1a: \ucd5c\uac15\n|\n|-heal|p2a: \uc218\uc0c1\ud55c|55\/100|[from] item: Leftovers\n|upkeep\n|c|\u2606bldng|\uc544 \uc774\uc0c8\uae30\n|c|\u2606bldng|\ub208\ub728\ub294\ubc95\n|c|\u2606bldng|\uc548\ubc30\uc6e0\ub098\n|\n|t:|1697894556\n|switch|p1a: \uc81c\ud2b8\uae30|Dragapult, F|100\/100\n|turn|26\n|\n|t:|1697894562\n|move|p2a: \uc218\uc0c1\ud55c|Protect|p2a: \uc218\uc0c1\ud55c\n|-singleturn|p2a: \uc218\uc0c1\ud55c|Protect\n|move|p1a: \uc81c\ud2b8\uae30|Shadow Ball|p2a: \uc218\uc0c1\ud55c\n|-activate|p2a: \uc218\uc0c1\ud55c|move: Protect\n|\n|-heal|p2a: \uc218\uc0c1\ud55c|61\/100|[from] item: Leftovers\n|upkeep\n|turn|27\n|\n|t:|1697894584\n|move|p1a: \uc81c\ud2b8\uae30|Shadow Ball|p2a: \uc218\uc0c1\ud55c\n|-damage|p2a: \uc218\uc0c1\ud55c|25\/100\n|move|p2a: \uc218\uc0c1\ud55c|Hyper Voice|p1a: \uc81c\ud2b8\uae30\n|-supereffective|p1a: \uc81c\ud2b8\uae30\n|-damage|p1a: \uc81c\ud2b8\uae30|0 fnt\n|faint|p1a: \uc81c\ud2b8\uae30\n|\n|win|LuBbangg\n","uploadtime":1697894592,"views":6,"p1id":"bldng","p2id":"lubbangg","formatid":"gen9anythinggoes","rating":0,"private":0,"password":""}