{"id":"gen9anythinggoes-1981821890","p1":"Feraligators","p2":"Future king of ou","format":"[Gen 9] Anything Goes","log":"|j|\u2606Feraligators\n|j|\u2606Future king of ou\n|inactive|Battle timer is ON: inactive players will automatically lose when time's up.\n|t:|1698944188\n|gametype|singles\n|player|p1|Feraligators|hooligans|\n|player|p2|Future king of ou|rosa-pokestar|\n|teamsize|p1|6\n|teamsize|p2|6\n|gen|9\n|tier|[Gen 9] Anything Goes\n|rated|Tournament battle\n|rule|HP Percentage Mod: HP is shown in percentages\n|rule|Endless Battle Clause: Forcing endless battles is banned\n|clearpoke\n|poke|p1|Calyrex-Shadow|\n|poke|p1|Arceus|\n|poke|p1|Koraidon|\n|poke|p1|Ditto|\n|poke|p1|Ting-Lu|\n|poke|p1|Miraidon|\n|poke|p2|Ursaluna-Bloodmoon, M|\n|poke|p2|Koraidon|\n|poke|p2|Calyrex-Ice|\n|poke|p2|Rayquaza|\n|poke|p2|Arceus-Fairy|\n|poke|p2|Arceus|\n|teampreview\n|j| laprasplayer\n|\n|t:|1698944204\n|start\n|switch|p1a: Moose Of Ruin|Ting-Lu|100\/100\n|switch|p2a: Quetzalcoatl|Rayquaza|100\/100\n|-ability|p2a: Quetzalcoatl|Air Lock\n|-ability|p1a: Moose Of Ruin|Vessel of Ruin\n|turn|1\n|c| laprasplayer|fkou tryna show us how to use the TR\n|inactive|Future king of ou has 120 seconds left.\n|c|\u2606Feraligators|Whats a quesfscacdtle\n|\n|t:|1698944256\n|move|p2a: Quetzalcoatl|Stealth Rock|p1a: Moose Of Ruin\n|-sidestart|p1: Feraligators|move: Stealth Rock\n|move|p1a: Moose Of Ruin|Spikes|p2a: Quetzalcoatl\n|-sidestart|p2: Future king of ou|Spikes\n|\n|upkeep\n|turn|2\n|\n|t:|1698944260\n|move|p2a: Quetzalcoatl|Dragon Ascent|p1a: Moose Of Ruin\n|-damage|p1a: Moose Of Ruin|62\/100\n|-unboost|p2a: Quetzalcoatl|def|1\n|-unboost|p2a: Quetzalcoatl|spd|1\n|move|p1a: Moose Of Ruin|Spikes|p2a: Quetzalcoatl\n|-sidestart|p2: Future king of ou|Spikes\n|\n|-heal|p1a: Moose Of Ruin|68\/100|[from] item: Leftovers\n|upkeep\n|turn|3\n|\n|t:|1698944262\n|move|p2a: Quetzalcoatl|Dragon Ascent|p1a: Moose Of Ruin\n|-damage|p1a: Moose Of Ruin|28\/100\n|-unboost|p2a: Quetzalcoatl|def|1\n|-unboost|p2a: Quetzalcoatl|spd|1\n|move|p1a: Moose Of Ruin|Spikes|p2a: Quetzalcoatl\n|-sidestart|p2: Future king of ou|Spikes\n|\n|-heal|p1a: Moose Of Ruin|34\/100|[from] item: Leftovers\n|upkeep\n|turn|4\n|\n|t:|1698944267\n|move|p2a: Quetzalcoatl|Dragon Ascent|p1a: Moose Of Ruin\n|-damage|p1a: Moose Of Ruin|0 fnt\n|-unboost|p2a: Quetzalcoatl|def|1\n|-unboost|p2a: Quetzalcoatl|spd|1\n|faint|p1a: Moose Of Ruin\n|\n|upkeep\n|\n|t:|1698944285\n|switch|p1a: Miraidon|Miraidon|100\/100\n|-damage|p1a: Miraidon|88\/100|[from] Stealth Rock\n|-fieldstart|move: Electric Terrain|[from] ability: Hadron Engine|[of] p1a: Miraidon\n|turn|5\n|inactive|Future king of ou has 120 seconds left.\n|\n|t:|1698944313\n|move|p1a: Miraidon|U-turn|p2a: Quetzalcoatl\n|-resisted|p2a: Quetzalcoatl\n|-damage|p2a: Quetzalcoatl|83\/100\n|\n|t:|1698944329\n|switch|p1a: Light of Hope|Arceus|100\/100|[from] U-turn\n|-damage|p1a: Light of Hope|88\/100|[from] Stealth Rock\n|move|p2a: Quetzalcoatl|Earth Power|p1a: Light of Hope\n|-damage|p1a: Light of Hope|65\/100\n|\n|-heal|p1a: Light of Hope|71\/100|[from] item: Leftovers\n|upkeep\n|turn|6\n|\n|t:|1698944334\n|switch|p2a: Siegfried|Calyrex-Ice|100\/100\n|-ability|p2a: Siegfried|As One\n|-ability|p2a: Siegfried|Unnerve\n|-damage|p2a: Siegfried|75\/100|[from] Spikes\n|move|p1a: Light of Hope|Swords Dance|p1a: Light of Hope\n|-boost|p1a: Light of Hope|atk|2\n|\n|-heal|p1a: Light of Hope|78\/100|[from] item: Leftovers\n|upkeep\n|turn|7\n|\n|t:|1698944340\n|move|p1a: Light of Hope|Earthquake|p2a: Siegfried\n|-damage|p2a: Siegfried|29\/100\n|move|p2a: Siegfried|Glacial Lance|p1a: Light of Hope\n|-damage|p1a: Light of Hope|0 fnt\n|faint|p1a: Light of Hope\n|-ability|p2a: Siegfried|Chilling Neigh|boost\n|-boost|p2a: Siegfried|atk|1\n|\n|upkeep\n|\n|t:|1698944350\n|switch|p1a: Dreadful Destroyer|Koraidon|100\/100\n|-damage|p1a: Dreadful Destroyer|94\/100|[from] Stealth Rock\n|-weather|SunnyDay|[from] ability: Orichalcum Pulse|[of] p1a: Dreadful Destroyer\n|-activate|p1a: Dreadful Destroyer|Orichalcum Pulse|[source]\n|turn|8\n|\n|t:|1698944363\n|switch|p2a: Quetzalcoatl|Rayquaza|83\/100\n|-ability|p2a: Quetzalcoatl|Air Lock\n|move|p1a: Dreadful Destroyer|Low Kick|p2a: Quetzalcoatl\n|-resisted|p2a: Quetzalcoatl\n|-damage|p2a: Quetzalcoatl|48\/100\n|\n|-weather|SunnyDay|[upkeep]\n|upkeep\n|turn|9\n|\n|t:|1698944387\n|move|p1a: Dreadful Destroyer|Scale Shot|p2a: Quetzalcoatl\n|-supereffective|p2a: Quetzalcoatl\n|-damage|p2a: Quetzalcoatl|17\/100\n|-supereffective|p2a: Quetzalcoatl\n|-damage|p2a: Quetzalcoatl|0 fnt\n|faint|p2a: Quetzalcoatl\n|-hitcount|p2: Quetzalcoatl|2\n|-unboost|p1a: Dreadful Destroyer|def|1\n|-boost|p1a: Dreadful Destroyer|spe|1\n|\n|-weather|SunnyDay|[upkeep]\n|-fieldend|move: Electric Terrain\n|upkeep\n|\n|t:|1698944394\n|switch|p2a: Yahweh|Arceus-Fairy|100\/100\n|-damage|p2a: Yahweh|75\/100|[from] Spikes\n|turn|10\n|\n|t:|1698944398\n|-terastallize|p1a: Dreadful Destroyer|Fire\n|move|p1a: Dreadful Destroyer|Flare Blitz|p2a: Yahweh\n|-damage|p2a: Yahweh|0 fnt\n|faint|p2a: Yahweh\n|-damage|p1a: Dreadful Destroyer|67\/100|[from] Recoil\n|\n|-weather|SunnyDay|[upkeep]\n|upkeep\n|\n|t:|1698944402\n|switch|p2a: Zeus|Arceus|100\/100\n|-damage|p2a: Zeus|75\/100|[from] Spikes\n|turn|11\n|j| Dregone\n|c|\u2606Feraligators|Time to dethrone the king\n|\n|t:|1698944414\n|move|p1a: Dreadful Destroyer|Low Kick|p2a: Zeus\n|-supereffective|p2a: Zeus\n|-enditem|p2a: Zeus|Chople Berry|[eat]\n|-enditem|p2a: Zeus|Chople Berry|[weaken]\n|-damage|p2a: Zeus|31\/100\n|move|p2a: Zeus|Trick Room|p2a: Zeus\n|-fieldstart|move: Trick Room|[of] p2a: Zeus\n|\n|-weather|SunnyDay|[upkeep]\n|upkeep\n|turn|12\n|\n|t:|1698944416\n|move|p2a: Zeus|Healing Wish|p2a: Zeus\n|faint|p2a: Zeus\n|move|p1a: Dreadful Destroyer|Low Kick|p2: Zeus|[notarget]\n|-fail|p1a: Dreadful Destroyer\n|\n|-weather|none\n|upkeep\n|\n|t:|1698944420\n|switch|p2a: Siegfried|Calyrex-Ice|29\/100\n|-ability|p2a: Siegfried|As One\n|-ability|p2a: Siegfried|Unnerve\n|-heal|p2a: Siegfried|100\/100|[from] move: Healing Wish\n|-damage|p2a: Siegfried|75\/100|[from] Spikes\n|turn|13\n|\n|t:|1698944428\n|-terastallize|p2a: Siegfried|Ice\n|move|p2a: Siegfried|Glacial Lance|p1a: Dreadful Destroyer\n|-resisted|p1a: Dreadful Destroyer\n|-damage|p1a: Dreadful Destroyer|0 fnt\n|faint|p1a: Dreadful Destroyer\n|-ability|p2a: Siegfried|Chilling Neigh|boost\n|-boost|p2a: Siegfried|atk|1\n|\n|upkeep\n|\n|t:|1698944439\n|switch|p1a: Miraidon|Miraidon|88\/100\n|-damage|p1a: Miraidon|76\/100|[from] Stealth Rock\n|-fieldstart|move: Electric Terrain|[from] ability: Hadron Engine|[of] p1a: Miraidon\n|turn|14\n|\n|t:|1698944441\n|move|p2a: Siegfried|Glacial Lance|p1a: Miraidon\n|-supereffective|p1a: Miraidon\n|-damage|p1a: Miraidon|0 fnt\n|faint|p1a: Miraidon\n|-ability|p2a: Siegfried|Chilling Neigh|boost\n|-boost|p2a: Siegfried|atk|1\n|\n|upkeep\n|\n|t:|1698944450\n|switch|p1a: Disguise Da Limit|Ditto, shiny|100\/100\n|-damage|p1a: Disguise Da Limit|88\/100|[from] Stealth Rock\n|-transform|p1a: Disguise Da Limit|p2a: Siegfried|[from] ability: Imposter\n|-start|p1a: Disguise Da Limit|typechange|Psychic\/Ice|[silent]\n|turn|15\n|j| Kanha Greninja\n|\n|t:|1698944464\n|move|p2a: Siegfried|Glacial Lance|p1a: Disguise Da Limit\n|-resisted|p1a: Disguise Da Limit\n|-damage|p1a: Disguise Da Limit|0 fnt\n|faint|p1a: Disguise Da Limit\n|-ability|p2a: Siegfried|Chilling Neigh|boost\n|-boost|p2a: Siegfried|atk|1\n|\n|-fieldend|move: Trick Room\n|upkeep\n|\n|t:|1698944467\n|switch|p1a: Shadow Knight|Calyrex-Shadow|100\/100\n|-ability|p1a: Shadow Knight|As One\n|-ability|p1a: Shadow Knight|Unnerve\n|-damage|p1a: Shadow Knight|88\/100|[from] Stealth Rock\n|turn|16\n|\n|t:|1698944472\n|move|p1a: Shadow Knight|Psyshock|p2a: Siegfried\n|-damage|p2a: Siegfried|46\/100\n|move|p2a: Siegfried|Glacial Lance|p1a: Shadow Knight\n|-damage|p1a: Shadow Knight|0 fnt\n|faint|p1a: Shadow Knight\n|\n|win|Future king of ou\n|n|\u2606Feraligators|feraligators\n|n|\u2606Future king of ou|futurekingofou\n|n| laprasplayer|laprasplayer\n|n| Dregone|dregone\n|n| Kanha Greninja|kanhagreninja\n","uploadtime":1698944473,"views":7,"p1id":"feraligators","p2id":"futurekingofou","formatid":"gen9anythinggoes","rating":0,"private":0,"password":""}