{"id":"gen9anythinggoes-1974845875","p1":"Kayleb1718","p2":"NicouilleDroite","format":"[Gen 9] Anything Goes","log":"|j|\u2606Kayleb1718\n|j|\u2606NicouilleDroite\n|t:|1698133943\n|gametype|singles\n|player|p1|Kayleb1718|102|1255\n|player|p2|NicouilleDroite|swimmerf|1227\n|teamsize|p1|6\n|teamsize|p2|6\n|gen|9\n|tier|[Gen 9] Anything Goes\n|rated|\n|rule|HP Percentage Mod: HP is shown in percentages\n|rule|Endless Battle Clause: Forcing endless battles is banned\n|clearpoke\n|poke|p1|Glimmora, M|\n|poke|p1|Koraidon|\n|poke|p1|Zacian-*|\n|poke|p1|Cresselia, F|\n|poke|p1|Calyrex-Shadow|\n|poke|p1|Urshifu-*, F|\n|poke|p2|Chien-Pao|\n|poke|p2|Ting-Lu|\n|poke|p2|Calyrex-Shadow|\n|poke|p2|Chi-Yu|\n|poke|p2|Toxapex, M|\n|poke|p2|Great Tusk|\n|teampreview\n|inactive|Battle timer is ON: inactive players will automatically lose when time's up. (requested by NicouilleDroite)\n|j| nolanfugyriman43\n|\n|t:|1698133948\n|start\n|switch|p1a: Glimmora|Glimmora, M, shiny|100\/100\n|switch|p2a: Ting-Lu|Ting-Lu|100\/100\n|-ability|p2a: Ting-Lu|Vessel of Ruin\n|turn|1\n|\n|t:|1698133959\n|move|p1a: Glimmora|Toxic Spikes|p2a: Ting-Lu\n|-sidestart|p2: NicouilleDroite|move: Toxic Spikes\n|move|p2a: Ting-Lu|Spikes|p1a: Glimmora\n|-sidestart|p1: Kayleb1718|Spikes\n|\n|upkeep\n|turn|2\n|\n|t:|1698133964\n|move|p1a: Glimmora|Stealth Rock|p2a: Ting-Lu\n|-sidestart|p2: NicouilleDroite|move: Stealth Rock\n|move|p2a: Ting-Lu|Spikes|p1a: Glimmora\n|-sidestart|p1: Kayleb1718|Spikes\n|\n|upkeep\n|turn|3\n|\n|t:|1698133971\n|move|p1a: Glimmora|Spikes|p2a: Ting-Lu\n|-sidestart|p2: NicouilleDroite|Spikes\n|move|p2a: Ting-Lu|Spikes|p1a: Glimmora\n|-sidestart|p1: Kayleb1718|Spikes\n|\n|upkeep\n|turn|4\n|\n|t:|1698133977\n|move|p1a: Glimmora|Mortal Spin|p2a: Ting-Lu\n|-resisted|p2a: Ting-Lu\n|-damage|p2a: Ting-Lu|99\/100\n|-status|p2a: Ting-Lu|psn\n|-sideend|p1: Kayleb1718|Spikes|[from] move: Mortal Spin|[of] p1a: Glimmora\n|move|p2a: Ting-Lu|Taunt|p1a: Glimmora\n|-start|p1a: Glimmora|move: Taunt\n|\n|-heal|p2a: Ting-Lu|100\/100 psn|[from] item: Leftovers\n|-damage|p2a: Ting-Lu|88\/100 psn|[from] psn\n|upkeep\n|turn|5\n|\n|t:|1698133990\n|switch|p2a: Toxapex|Toxapex, M|100\/100\n|-sideend|p2: NicouilleDroite|move: Toxic Spikes|[of] p2a: Toxapex\n|-damage|p2a: Toxapex|88\/100|[from] Stealth Rock\n|-damage|p2a: Toxapex|76\/100|[from] Spikes\n|move|p1a: Glimmora|Mortal Spin|p2a: Toxapex\n|-resisted|p2a: Toxapex\n|-damage|p2a: Toxapex|74\/100\n|-damage|p1a: Glimmora|84\/100|[from] item: Rocky Helmet|[of] p2a: Toxapex\n|\n|upkeep\n|turn|6\n|\n|t:|1698134004\n|switch|p1a: Zacian|Zacian-Crowned, shiny|100\/100\n|-ability|p1a: Zacian|Intrepid Sword|boost\n|-boost|p1a: Zacian|atk|1\n|move|p2a: Toxapex|Infestation|p1a: Zacian\n|-resisted|p1a: Zacian\n|-damage|p1a: Zacian|99\/100\n|-activate|p1a: Zacian|move: Infestation|[of] p2a: Toxapex\n|\n|-damage|p1a: Zacian|88\/100|[from] move: Infestation|[partiallytrapped]\n|upkeep\n|turn|7\n|\n|t:|1698134021\n|move|p1a: Zacian|Agility|p1a: Zacian\n|-boost|p1a: Zacian|spe|2\n|move|p2a: Toxapex|Haze|p2a: Toxapex\n|-clearallboost\n|\n|-damage|p1a: Zacian|75\/100|[from] move: Infestation|[partiallytrapped]\n|upkeep\n|turn|8\n|\n|t:|1698134032\n|switch|p2a: Ting-Lu|Ting-Lu|88\/100 psn\n|-damage|p2a: Ting-Lu|82\/100 psn|[from] Stealth Rock\n|-damage|p2a: Ting-Lu|69\/100 psn|[from] Spikes\n|-ability|p2a: Ting-Lu|Vessel of Ruin\n|move|p1a: Zacian|Agility|p1a: Zacian\n|-boost|p1a: Zacian|spe|2\n|\n|-heal|p2a: Ting-Lu|76\/100 psn|[from] item: Leftovers\n|-damage|p2a: Ting-Lu|63\/100 psn|[from] psn\n|-end|p1a: Zacian|Infestation|[partiallytrapped]|[silent]\n|upkeep\n|turn|9\n|\n|t:|1698134047\n|move|p1a: Zacian|Sacred Sword|p2a: Ting-Lu\n|-supereffective|p2a: Ting-Lu\n|-damage|p2a: Ting-Lu|35\/100 psn\n|move|p2a: Ting-Lu|Payback|p1a: Zacian\n|-resisted|p1a: Zacian\n|-damage|p1a: Zacian|57\/100\n|\n|-heal|p2a: Ting-Lu|41\/100 psn|[from] item: Leftovers\n|-damage|p2a: Ting-Lu|29\/100 psn|[from] psn\n|upkeep\n|turn|10\n|\n|t:|1698134057\n|move|p1a: Zacian|Sacred Sword|p2a: Ting-Lu\n|-supereffective|p2a: Ting-Lu\n|-damage|p2a: Ting-Lu|0 fnt\n|faint|p2a: Ting-Lu\n|\n|upkeep\n|\n|t:|1698134068\n|switch|p2a: Chi-Yu|Chi-Yu|100\/100\n|-damage|p2a: Chi-Yu|76\/100|[from] Stealth Rock\n|-damage|p2a: Chi-Yu|63\/100|[from] Spikes\n|-ability|p2a: Chi-Yu|Beads of Ruin\n|turn|11\n|\n|t:|1698134075\n|move|p1a: Zacian|Sacred Sword|p2a: Chi-Yu\n|-supereffective|p2a: Chi-Yu\n|-damage|p2a: Chi-Yu|0 fnt\n|faint|p2a: Chi-Yu\n|\n|upkeep\n|\n|t:|1698134084\n|switch|p2a: Great Tusk|Great Tusk|100\/100\n|-damage|p2a: Great Tusk|98\/100|[from] Stealth Rock\n|-damage|p2a: Great Tusk|85\/100|[from] Spikes\n|turn|12\n|\n|t:|1698134092\n|move|p1a: Zacian|Play Rough|p2a: Great Tusk\n|-supereffective|p2a: Great Tusk\n|-crit|p2a: Great Tusk\n|-damage|p2a: Great Tusk|0 fnt\n|faint|p2a: Great Tusk\n|-end|p2a: Great Tusk|Protosynthesis|[silent]\n|\n|upkeep\n|\n|t:|1698134095\n|switch|p2a: Toxapex|Toxapex, M|100\/100\n|-damage|p2a: Toxapex|88\/100|[from] Stealth Rock\n|-damage|p2a: Toxapex|76\/100|[from] Spikes\n|turn|13\n|-message|NicouilleDroite forfeited.\n|\n|win|Kayleb1718\n|raw|Kayleb1718's rating: 1255 &rarr; <strong>1278<\/strong><br \/>(+23 for winning)\n|raw|NicouilleDroite's rating: 1227 &rarr; <strong>1204<\/strong><br \/>(-23 for losing)\n|l|\u2606NicouilleDroite\n","uploadtime":1698134108,"views":14,"p1id":"kayleb1718","p2id":"nicouilledroite","formatid":"gen9anythinggoes","rating":1204,"private":0,"password":""}