{"id":"gen9anythinggoes-1989271794","p1":"kaiobrabo","p2":"Kaiky9090","format":"[Gen 9] Anything Goes","log":"|j|\u2606kaiobrabo\n|j|\u2606Kaiky9090\n|t:|1699830357\n|gametype|singles\n|player|p1|kaiobrabo|alder|\n|player|p2|Kaiky9090|dawn|\n|teamsize|p1|6\n|teamsize|p2|6\n|gen|9\n|tier|[Gen 9] Anything Goes\n|rule|HP Percentage Mod: HP is shown in percentages\n|rule|Endless Battle Clause: Forcing endless battles is banned\n|clearpoke\n|poke|p1|Eternatus|\n|poke|p1|Ceruledge, F|\n|poke|p1|Greninja-*, M|\n|poke|p1|Zapdos|\n|poke|p1|Eternatus|\n|poke|p1|Walking Wake|\n|poke|p2|Gyarados, M|\n|poke|p2|Darkrai|\n|poke|p2|Arcanine-Hisui, F|\n|poke|p2|Jolteon, M|\n|poke|p2|Eternatus|\n|poke|p2|Mamoswine, M|\n|teampreview\n|\n|t:|1699830370\n|start\n|switch|p1a: Ceruledge|Ceruledge, F|100\/100\n|switch|p2a: Arcanine|Arcanine-Hisui, F|100\/100\n|-ability|p2a: Arcanine|Intimidate|boost\n|-unboost|p1a: Ceruledge|atk|1\n|turn|1\n|\n|t:|1699830393\n|move|p2a: Arcanine|Double-Edge|p1a: Ceruledge\n|-immune|p1a: Ceruledge\n|move|p1a: Ceruledge|Bitter Blade|p2a: Arcanine\n|-resisted|p2a: Arcanine\n|-damage|p2a: Arcanine|93\/100\n|\n|upkeep\n|turn|2\n|\n|t:|1699830402\n|move|p2a: Arcanine|Close Combat|p1a: Ceruledge\n|-immune|p1a: Ceruledge\n|move|p1a: Ceruledge|Fire Blast|p2a: Arcanine\n|-resisted|p2a: Arcanine\n|-damage|p2a: Arcanine|86\/100\n|\n|upkeep\n|turn|3\n|\n|t:|1699830413\n|move|p2a: Arcanine|Crunch|p1a: Ceruledge\n|-supereffective|p1a: Ceruledge\n|-damage|p1a: Ceruledge|47\/100\n|move|p1a: Ceruledge|Flamethrower|p2a: Arcanine\n|-resisted|p2a: Arcanine\n|-crit|p2a: Arcanine\n|-damage|p2a: Arcanine|78\/100\n|\n|upkeep\n|turn|4\n|\n|t:|1699830422\n|move|p2a: Arcanine|Crunch|p1a: Ceruledge\n|-supereffective|p1a: Ceruledge\n|-damage|p1a: Ceruledge|0 fnt\n|faint|p1a: Ceruledge\n|\n|upkeep\n|\n|t:|1699830429\n|switch|p1a: Greninja|Greninja, M|100\/100\n|turn|5\n|\n|t:|1699830438\n|move|p1a: Greninja|Haze|p1a: Greninja\n|-clearallboost\n|move|p2a: Arcanine|Crunch|p1a: Greninja\n|-resisted|p1a: Greninja\n|-damage|p1a: Greninja|84\/100\n|-unboost|p1a: Greninja|def|1\n|\n|upkeep\n|turn|6\n|\n|t:|1699830453\n|move|p1a: Greninja|Ice Punch|p2a: Arcanine\n|-resisted|p2a: Arcanine\n|-damage|p2a: Arcanine|69\/100\n|move|p2a: Arcanine|Double-Edge|p1a: Greninja\n|-damage|p1a: Greninja|21\/100\n|-damage|p2a: Arcanine|51\/100|[from] Recoil\n|\n|upkeep\n|turn|7\n|\n|t:|1699830478\n|move|p1a: Greninja|Extrasensory|p2a: Arcanine\n|-damage|p2a: Arcanine|30\/100\n|move|p2a: Arcanine|Double-Edge|p1a: Greninja\n|-damage|p1a: Greninja|0 fnt\n|faint|p1a: Greninja\n|-damage|p2a: Arcanine|24\/100|[from] Recoil\n|\n|upkeep\n|\n|t:|1699830487\n|switch|p1a: Zapdos|Zapdos|100\/100\n|turn|8\n|\n|t:|1699830494\n|move|p1a: Zapdos|Ancient Power|p2a: Arcanine\n|-supereffective|p2a: Arcanine\n|-crit|p2a: Arcanine\n|-damage|p2a: Arcanine|0 fnt\n|faint|p2a: Arcanine\n|\n|upkeep\n|\n|t:|1699830504\n|switch|p2a: Mamoswine|Mamoswine, M|100\/100\n|turn|9\n|\n|t:|1699830510\n|move|p1a: Zapdos|Ancient Power|p2a: Mamoswine\n|-damage|p2a: Mamoswine|78\/100\n|-boost|p1a: Zapdos|atk|1\n|-boost|p1a: Zapdos|def|1\n|-boost|p1a: Zapdos|spa|1\n|-boost|p1a: Zapdos|spd|1\n|-boost|p1a: Zapdos|spe|1\n|move|p2a: Mamoswine|Earthquake|p1a: Zapdos\n|-immune|p1a: Zapdos\n|\n|upkeep\n|turn|10\n|\n|t:|1699830522\n|move|p1a: Zapdos|Acrobatics|p2a: Mamoswine\n|-damage|p2a: Mamoswine|49\/100\n|move|p2a: Mamoswine|Blizzard|p1a: Zapdos\n|-supereffective|p1a: Zapdos\n|-damage|p1a: Zapdos|64\/100\n|\n|upkeep\n|turn|11\n|\n|t:|1699830530\n|move|p1a: Zapdos|Heat Wave|p2a: Mamoswine\n|-supereffective|p2a: Mamoswine\n|-damage|p2a: Mamoswine|0 fnt\n|faint|p2a: Mamoswine\n|\n|upkeep\n|\n|t:|1699830538\n|switch|p2a: Eternatus|Eternatus|100\/100\n|-ability|p2a: Eternatus|Pressure\n|turn|12\n|\n|t:|1699830547\n|move|p1a: Zapdos|Heat Wave|p2a: Eternatus\n|-resisted|p2a: Eternatus\n|-damage|p2a: Eternatus|85\/100\n|move|p2a: Eternatus|Draco Meteor|p1a: Zapdos\n|-damage|p1a: Zapdos|24\/100\n|-unboost|p2a: Eternatus|spa|2\n|\n|upkeep\n|turn|13\n|\n|t:|1699830557\n|move|p1a: Zapdos|Ancient Power|p2a: Eternatus\n|-damage|p2a: Eternatus|65\/100\n|move|p2a: Eternatus|Draco Meteor|p1a: Zapdos\n|-damage|p1a: Zapdos|3\/100\n|-unboost|p2a: Eternatus|spa|2\n|\n|upkeep\n|turn|14\n|\n|t:|1699830577\n|move|p1a: Zapdos|Ancient Power|p2a: Eternatus\n|-crit|p2a: Eternatus\n|-damage|p2a: Eternatus|38\/100\n|move|p2a: Eternatus|Dynamax Cannon|p1a: Zapdos\n|-damage|p1a: Zapdos|0 fnt\n|faint|p1a: Zapdos\n|\n|upkeep\n|\n|t:|1699830586\n|switch|p1a: Walking Wake|Walking Wake|100\/100\n|turn|15\n|\n|t:|1699830594\n|move|p2a: Eternatus|Dragon Pulse|p1a: Walking Wake\n|-supereffective|p1a: Walking Wake\n|-damage|p1a: Walking Wake|70\/100\n|move|p1a: Walking Wake|Dragon Dance|p1a: Walking Wake\n|-boost|p1a: Walking Wake|atk|1\n|-boost|p1a: Walking Wake|spe|1\n|\n|-heal|p1a: Walking Wake|76\/100|[from] item: Leftovers\n|upkeep\n|turn|16\n|\n|t:|1699830605\n|move|p1a: Walking Wake|Fire Fang|p2a: Eternatus\n|-resisted|p2a: Eternatus\n|-damage|p2a: Eternatus|31\/100\n|move|p2a: Eternatus|Dragon Pulse|p1a: Walking Wake\n|-supereffective|p1a: Walking Wake\n|-damage|p1a: Walking Wake|44\/100\n|\n|-heal|p1a: Walking Wake|50\/100|[from] item: Leftovers\n|upkeep\n|turn|17\n|\n|t:|1699830616\n|move|p1a: Walking Wake|Draco Meteor|p2a: Eternatus\n|-supereffective|p2a: Eternatus\n|-damage|p2a: Eternatus|0 fnt\n|-unboost|p1a: Walking Wake|spa|2\n|faint|p2a: Eternatus\n|\n|-heal|p1a: Walking Wake|57\/100|[from] item: Leftovers\n|upkeep\n|\n|t:|1699830626\n|switch|p2a: Jolteon|Jolteon, M|100\/100\n|turn|18\n|\n|t:|1699830631\n|move|p1a: Walking Wake|Draco Meteor|p2a: Jolteon\n|-damage|p2a: Jolteon|68\/100\n|-unboost|p1a: Walking Wake|spa|2\n|move|p2a: Jolteon|Discharge|p1a: Walking Wake\n|-damage|p1a: Walking Wake|23\/100\n|\n|-heal|p1a: Walking Wake|29\/100|[from] item: Leftovers\n|upkeep\n|turn|19\n|\n|t:|1699830646\n|move|p1a: Walking Wake|Flamethrower|p2a: Jolteon\n|-damage|p2a: Jolteon|57\/100\n|move|p2a: Jolteon|Facade|p1a: Walking Wake\n|-damage|p1a: Walking Wake|16\/100\n|\n|-heal|p1a: Walking Wake|22\/100|[from] item: Leftovers\n|upkeep\n|turn|20\n|\n|t:|1699830658\n|move|p1a: Walking Wake|Flamethrower|p2a: Jolteon\n|-damage|p2a: Jolteon|47\/100\n|move|p2a: Jolteon|Double-Edge|p1a: Walking Wake\n|-damage|p1a: Walking Wake|3\/100\n|-damage|p2a: Jolteon|39\/100|[from] Recoil\n|\n|-heal|p1a: Walking Wake|9\/100|[from] item: Leftovers\n|upkeep\n|turn|21\n|\n|t:|1699830676\n|move|p1a: Walking Wake|Fire Fang|p2a: Jolteon\n|-damage|p2a: Jolteon|5\/100\n|move|p2a: Jolteon|Double-Edge|p1a: Walking Wake\n|-crit|p1a: Walking Wake\n|-damage|p1a: Walking Wake|0 fnt\n|faint|p1a: Walking Wake\n|-end|p1a: Walking Wake|Protosynthesis|[silent]\n|-damage|p2a: Jolteon|2\/100|[from] Recoil\n|\n|upkeep\n|\n|t:|1699830687\n|switch|p1a: Eternatus|Eternatus|100\/100\n|-ability|p1a: Eternatus|Pressure\n|turn|22\n|\n|t:|1699830693\n|move|p1a: Eternatus|Dragon Pulse|p2a: Jolteon\n|-damage|p2a: Jolteon|0 fnt\n|faint|p2a: Jolteon\n|\n|upkeep\n|\n|t:|1699830702\n|switch|p2a: Darkrai|Darkrai|100\/100\n|turn|23\n|\n|t:|1699830709\n|move|p1a: Eternatus|Dragon Pulse|p2a: Darkrai\n|-damage|p2a: Darkrai|45\/100\n|move|p2a: Darkrai|Blizzard|p1a: Eternatus|[miss]\n|-miss|p2a: Darkrai|p1a: Eternatus\n|\n|upkeep\n|turn|24\n|\n|t:|1699830718\n|move|p1a: Eternatus|Outrage|p2a: Darkrai\n|-damage|p2a: Darkrai|0 fnt\n|faint|p2a: Darkrai\n|\n|upkeep\n|\n|t:|1699830724\n|switch|p2a: Gyarados|Gyarados, M|100\/100\n|-ability|p2a: Gyarados|Intimidate|boost\n|-unboost|p1a: Eternatus|atk|1\n|turn|25\n|\n|t:|1699830741\n|move|p1a: Eternatus|Outrage|p2a: Gyarados|[from]lockedmove\n|-damage|p2a: Gyarados|67\/100\n|move|p2a: Gyarados|Rain Dance|p2a: Gyarados\n|-weather|RainDance\n|\n|-weather|RainDance|[upkeep]\n|upkeep\n|turn|26\n|\n|t:|1699830755\n|move|p1a: Eternatus|Outrage|p2a: Gyarados|[from]lockedmove\n|-damage|p2a: Gyarados|33\/100\n|-start|p1a: Eternatus|confusion|[fatigue]\n|move|p2a: Gyarados|Avalanche|p1a: Eternatus\n|-supereffective|p1a: Eternatus\n|-damage|p1a: Eternatus|44\/100\n|\n|-weather|RainDance|[upkeep]\n|upkeep\n|turn|27\n|\n|t:|1699830769\n|-activate|p1a: Eternatus|confusion\n|-damage|p1a: Eternatus|39\/100|[from] confusion\n|move|p2a: Gyarados|Avalanche|p1a: Eternatus\n|-supereffective|p1a: Eternatus\n|-damage|p1a: Eternatus|14\/100\n|\n|-weather|RainDance|[upkeep]\n|upkeep\n|turn|28\n|\n|t:|1699830780\n|-end|p1a: Eternatus|confusion\n|move|p1a: Eternatus|Dragon Pulse|p2a: Gyarados\n|-damage|p2a: Gyarados|0 fnt\n|faint|p2a: Gyarados\n|\n|win|kaiobrabo\n","uploadtime":1699830818,"views":5,"p1id":"kaiobrabo","p2id":"kaiky9090","formatid":"gen9anythinggoes","rating":0,"private":0,"password":""}