{"id":"gen9anythinggoes-1972270457","p1":"L8R0","p2":"Pwimpler","format":"[Gen 9] Anything Goes","log":"|j|\u2606L8R0\n|j|\u203dPwimpler\n|t:|1697826747\n|gametype|singles\n|player|p1|L8R0|giovanni|1268\n|player|p2|Pwimpler|kieran|1226\n|teamsize|p1|6\n|teamsize|p2|6\n|gen|9\n|tier|[Gen 9] Anything Goes\n|rated|\n|rule|HP Percentage Mod: HP is shown in percentages\n|rule|Endless Battle Clause: Forcing endless battles is banned\n|clearpoke\n|poke|p1|Ceruledge, M|\n|poke|p1|Baxcalibur, F|\n|poke|p1|Ursaluna-Bloodmoon, M|\n|poke|p1|Greninja-*, M|\n|poke|p1|Sinistcha|\n|poke|p1|Espathra, F|\n|poke|p2|Kingambit, M|\n|poke|p2|Manaphy|\n|poke|p2|Iron Valiant|\n|poke|p2|Cinderace, M|\n|poke|p2|Gengar, M|\n|poke|p2|Drifblim, F|\n|teampreview\n|inactive|Battle timer is ON: inactive players will automatically lose when time's up. (requested by Pwimpler)\n|\n|t:|1697826757\n|start\n|switch|p1a: Speed|Espathra, F, shiny|100\/100\n|switch|p2a: Gengar|Gengar, M|100\/100\n|turn|1\n|\n|t:|1697826766\n|move|p1a: Speed|Lumina Crash|p2a: Gengar\n|-supereffective|p2a: Gengar\n|-damage|p2a: Gengar|23\/100\n|-unboost|p2a: Gengar|spd|2\n|-start|p1a: Speed|Disable|Lumina Crash|[from] ability: Cursed Body|[of] p2a: Gengar\n|move|p2a: Gengar|Toxic Spikes|p1a: Speed\n|-sidestart|p1: L8R0|move: Toxic Spikes\n|\n|-ability|p1a: Speed|Speed Boost|boost\n|-boost|p1a: Speed|spe|1\n|upkeep\n|turn|2\n|\n|t:|1697826775\n|move|p1a: Speed|Calm Mind|p1a: Speed\n|-boost|p1a: Speed|spa|1\n|-boost|p1a: Speed|spd|1\n|move|p2a: Gengar|Destiny Bond|p2a: Gengar\n|-singlemove|p2a: Gengar|Destiny Bond\n|\n|-ability|p1a: Speed|Speed Boost|boost\n|-boost|p1a: Speed|spe|1\n|upkeep\n|turn|3\n|\n|t:|1697826782\n|move|p1a: Speed|Calm Mind|p1a: Speed\n|-boost|p1a: Speed|spa|1\n|-boost|p1a: Speed|spd|1\n|move|p2a: Gengar|Toxic Spikes|p1a: Speed\n|-sidestart|p1: L8R0|move: Toxic Spikes\n|\n|-ability|p1a: Speed|Speed Boost|boost\n|-boost|p1a: Speed|spe|1\n|upkeep\n|turn|4\n|\n|t:|1697826789\n|move|p1a: Speed|Calm Mind|p1a: Speed\n|-boost|p1a: Speed|spa|1\n|-boost|p1a: Speed|spd|1\n|move|p2a: Gengar|Shadow Ball|p1a: Speed\n|-supereffective|p1a: Speed\n|-damage|p1a: Speed|58\/100\n|\n|-end|p1a: Speed|Disable\n|-ability|p1a: Speed|Speed Boost|boost\n|-boost|p1a: Speed|spe|1\n|upkeep\n|turn|5\n|\n|t:|1697826798\n|move|p1a: Speed|Lumina Crash|p2a: Gengar\n|-supereffective|p2a: Gengar\n|-damage|p2a: Gengar|0 fnt\n|faint|p2a: Gengar\n|\n|-ability|p1a: Speed|Speed Boost|boost\n|-boost|p1a: Speed|spe|1\n|upkeep\n|\n|t:|1697826805\n|switch|p2a: Manaphy|Manaphy|100\/100\n|turn|6\n|\n|t:|1697826808\n|move|p1a: Speed|Calm Mind|p1a: Speed\n|-boost|p1a: Speed|spa|1\n|-boost|p1a: Speed|spd|1\n|move|p2a: Manaphy|Heart Swap|p1a: Speed\n|-swapboost|p2a: Manaphy|p1a: Speed|[from] move: Heart Swap\n|\n|-ability|p1a: Speed|Speed Boost|boost\n|-boost|p1a: Speed|spe|1\n|upkeep\n|turn|7\n|\n|t:|1697826816\n|move|p2a: Manaphy|Surf|p1a: Speed\n|-damage|p1a: Speed|0 fnt\n|faint|p1a: Speed\n|\n|upkeep\n|\n|t:|1697826822\n|switch|p1a: Matcha|Sinistcha, shiny|100\/100\n|-status|p1a: Matcha|tox\n|turn|8\n|\n|t:|1697826828\n|move|p2a: Manaphy|Surf|p1a: Matcha\n|-resisted|p1a: Matcha\n|-damage|p1a: Matcha|11\/100 tox\n|move|p1a: Matcha|Matcha Gotcha|p2a: Manaphy\n|-supereffective|p2a: Manaphy\n|-damage|p2a: Manaphy|75\/100\n|-heal|p1a: Matcha|35\/100 tox|[from] drain|[of] p2a: Manaphy\n|\n|-damage|p1a: Matcha|29\/100 tox|[from] psn\n|upkeep\n|turn|9\n|\n|t:|1697826836\n|move|p2a: Manaphy|Surf|p1a: Matcha\n|-resisted|p1a: Matcha\n|-damage|p1a: Matcha|0 fnt\n|faint|p1a: Matcha\n|\n|upkeep\n|\n|t:|1697826842\n|switch|p1a: Cloud|Ceruledge, M, shiny|100\/100\n|-status|p1a: Cloud|tox\n|turn|10\n|\n|t:|1697826853\n|move|p2a: Manaphy|Surf|p1a: Cloud\n|-supereffective|p1a: Cloud\n|-enditem|p1a: Cloud|Focus Sash\n|-damage|p1a: Cloud|1\/100 tox\n|move|p1a: Cloud|Shadow Claw|p2a: Manaphy\n|-crit|p2a: Manaphy\n|-damage|p2a: Manaphy|31\/100\n|\n|-damage|p1a: Cloud|0 fnt|[from] psn\n|faint|p1a: Cloud\n|upkeep\n|\n|t:|1697826862\n|switch|p1a: Slimy man|Greninja, M|100\/100\n|-status|p1a: Slimy man|tox\n|turn|11\n|\n|t:|1697826869\n|move|p1a: Slimy man|Water Shuriken|p2a: Manaphy\n|-resisted|p2a: Manaphy\n|-damage|p2a: Manaphy|30\/100\n|-resisted|p2a: Manaphy\n|-damage|p2a: Manaphy|29\/100\n|-resisted|p2a: Manaphy\n|-damage|p2a: Manaphy|28\/100\n|-hitcount|p2a: Manaphy|3\n|cant|p2a: Manaphy|flinch\n|\n|-damage|p1a: Slimy man|94\/100 tox|[from] psn\n|upkeep\n|turn|12\n|\n|t:|1697826878\n|move|p1a: Slimy man|Water Shuriken|p2a: Manaphy\n|-resisted|p2a: Manaphy\n|-damage|p2a: Manaphy|27\/100\n|-resisted|p2a: Manaphy\n|-damage|p2a: Manaphy|26\/100\n|-hitcount|p2a: Manaphy|2\n|move|p2a: Manaphy|Baton Pass|p2a: Manaphy\n|\n|t:|1697826893\n|switch|p2a: Iron Valiant|Iron Valiant|100\/100|[from] Baton Pass\n|-enditem|p2a: Iron Valiant|Booster Energy\n|-activate|p2a: Iron Valiant|ability: Quark Drive|[fromitem]\n|-start|p2a: Iron Valiant|quarkdrivespe\n|\n|-damage|p1a: Slimy man|82\/100 tox|[from] psn\n|upkeep\n|turn|13\n|\n|t:|1697826905\n|move|p1a: Slimy man|Water Shuriken|p2a: Iron Valiant\n|-damage|p2a: Iron Valiant|97\/100\n|-damage|p2a: Iron Valiant|95\/100\n|-hitcount|p2a: Iron Valiant|2\n|move|p2a: Iron Valiant|Moonblast|p1a: Slimy man\n|-supereffective|p1a: Slimy man\n|-damage|p1a: Slimy man|0 fnt\n|faint|p1a: Slimy man\n|\n|upkeep\n|\n|t:|1697826913\n|switch|p1a: Lazerus|Ursaluna-Bloodmoon, M|100\/100\n|-status|p1a: Lazerus|tox\n|turn|14\n|\n|t:|1697826937\n|move|p2a: Iron Valiant|Drain Punch|p1a: Lazerus\n|-supereffective|p1a: Lazerus\n|-damage|p1a: Lazerus|51\/100 tox\n|-heal|p2a: Iron Valiant|100\/100|[from] drain|[of] p1a: Lazerus\n|move|p1a: Lazerus|Blood Moon|p2a: Iron Valiant\n|-damage|p2a: Iron Valiant|71\/100\n|\n|-heal|p1a: Lazerus|57\/100 tox|[from] item: Leftovers\n|-damage|p1a: Lazerus|51\/100 tox|[from] psn\n|upkeep\n|turn|15\n|\n|t:|1697826949\n|move|p2a: Iron Valiant|Drain Punch|p1a: Lazerus\n|-supereffective|p1a: Lazerus\n|-damage|p1a: Lazerus|4\/100 tox\n|-heal|p2a: Iron Valiant|100\/100|[from] drain|[of] p1a: Lazerus\n|move|p1a: Lazerus|Moonblast|p2a: Iron Valiant\n|-supereffective|p2a: Iron Valiant\n|-damage|p2a: Iron Valiant|70\/100\n|\n|-heal|p1a: Lazerus|10\/100 tox|[from] item: Leftovers\n|-damage|p1a: Lazerus|0 fnt|[from] psn\n|faint|p1a: Lazerus\n|upkeep\n|\n|t:|1697826959\n|switch|p1a: excaliber|Baxcalibur, F, shiny|100\/100\n|-status|p1a: excaliber|tox\n|turn|16\n|-message|L8R0 forfeited.\n|\n|win|Pwimpler\n|raw|L8R0's rating: 1268 &rarr; <strong>1240<\/strong><br \/>(-28 for losing)\n|raw|Pwimpler's rating: 1226 &rarr; <strong>1254<\/strong><br \/>(+28 for winning)\n|l|\u2606L8R0\n","uploadtime":1697826969,"views":9,"p1id":"l8r0","p2id":"pwimpler","formatid":"gen9anythinggoes","rating":1240,"private":0,"password":""}