{"id":"gen9anythinggoes-1998264478","p1":"TutsTheNoob","p2":"Psidak_0_0","format":"[Gen 9] Anything Goes","log":"|j|\u2606TutsTheNoob\n|j|\u2606Psidak_0_0\n|t:|1700921914\n|gametype|singles\n|player|p1|TutsTheNoob|wallace|1182\n|player|p2|Psidak_0_0|170|1081\n|teamsize|p1|6\n|teamsize|p2|6\n|gen|9\n|tier|[Gen 9] Anything Goes\n|rated|\n|rule|HP Percentage Mod: HP is shown in percentages\n|rule|Endless Battle Clause: Forcing endless battles is banned\n|clearpoke\n|poke|p1|Appletun, M|\n|poke|p1|Cinderace, F|\n|poke|p1|Annihilape, F|\n|poke|p1|Vivillon-Polar, F|\n|poke|p1|Clodsire, F|\n|poke|p1|Espathra, F|\n|poke|p2|Zoroark-Hisui, F|\n|poke|p2|Scizor, F|\n|poke|p2|Walking Wake|\n|poke|p2|Blissey, F|\n|poke|p2|Mimikyu, F|\n|poke|p2|Gliscor, M|\n|teampreview\n|inactive|Battle timer is ON: inactive players will automatically lose when time's up. (requested by TutsTheNoob)\n|\n|t:|1700921921\n|start\n|switch|p1a: Vivillon|Vivillon-Polar, F|100\/100\n|switch|p2a: Gliscor|Gliscor, M, shiny|100\/100\n|turn|1\n|\n|t:|1700921929\n|move|p1a: Vivillon|Sleep Powder|p2a: Gliscor\n|-status|p2a: Gliscor|slp|[from] move: Sleep Powder\n|cant|p2a: Gliscor|slp\n|\n|upkeep\n|turn|2\n|\n|t:|1700921942\n|-curestatus|p2a: Gliscor|slp|[msg]\n|move|p2a: Gliscor|Protect|p2a: Gliscor\n|-singleturn|p2a: Gliscor|Protect\n|move|p1a: Vivillon|Substitute|p1a: Vivillon\n|-start|p1a: Vivillon|Substitute\n|-damage|p1a: Vivillon|76\/100\n|\n|-heal|p1a: Vivillon|82\/100|[from] item: Leftovers\n|-status|p2a: Gliscor|tox|[from] item: Toxic Orb\n|upkeep\n|turn|3\n|\n|t:|1700921957\n|move|p1a: Vivillon|Hurricane|p2a: Gliscor\n|-damage|p2a: Gliscor|31\/100 tox\n|-start|p2a: Gliscor|confusion\n|-activate|p2a: Gliscor|confusion\n|-damage|p2a: Gliscor|21\/100 tox|[from] confusion\n|\n|-heal|p1a: Vivillon|88\/100|[from] item: Leftovers\n|-heal|p2a: Gliscor|33\/100 tox|[from] ability: Poison Heal\n|upkeep\n|turn|4\n|\n|t:|1700921972\n|-activate|p2a: Gliscor|confusion\n|move|p2a: Gliscor|Protect|p2a: Gliscor\n|-singleturn|p2a: Gliscor|Protect\n|move|p1a: Vivillon|Hurricane|p2a: Gliscor\n|-activate|p2a: Gliscor|move: Protect\n|\n|-heal|p1a: Vivillon|94\/100|[from] item: Leftovers\n|-heal|p2a: Gliscor|46\/100 tox|[from] ability: Poison Heal\n|upkeep\n|turn|5\n|inactive|Psidak_0_0 has 120 seconds left.\n|\n|t:|1700922011\n|move|p1a: Vivillon|Hurricane|p2a: Gliscor\n|-damage|p2a: Gliscor|0 fnt\n|faint|p2a: Gliscor\n|\n|-heal|p1a: Vivillon|99\/100|[from] item: Leftovers\n|upkeep\n|\n|t:|1700922031\n|switch|p2a: Mimikyu|Mimikyu, F, shiny|100\/100\n|turn|6\n|\n|t:|1700922047\n|move|p2a: Mimikyu|Calm Mind|p2a: Mimikyu\n|-boost|p2a: Mimikyu|spa|1\n|-boost|p2a: Mimikyu|spd|1\n|move|p1a: Vivillon|Sleep Powder|p2a: Mimikyu\n|-status|p2a: Mimikyu|slp|[from] move: Sleep Powder\n|\n|-heal|p1a: Vivillon|100\/100|[from] item: Leftovers\n|upkeep\n|turn|7\n|\n|t:|1700922063\n|cant|p2a: Mimikyu|slp\n|move|p1a: Vivillon|Quiver Dance|p1a: Vivillon\n|-boost|p1a: Vivillon|spa|1\n|-boost|p1a: Vivillon|spd|1\n|-boost|p1a: Vivillon|spe|1\n|\n|upkeep\n|turn|8\n|\n|t:|1700922086\n|move|p1a: Vivillon|Hurricane|p2a: Mimikyu\n|-damage|p2a: Mimikyu|2\/100 slp\n|replace|p2a: Zoroark|Zoroark-Hisui, F, shiny\n|-end|p2a: Zoroark|Illusion\n|cant|p2a: Zoroark|slp\n|\n|-heal|p2a: Zoroark|8\/100 slp|[from] item: Leftovers\n|upkeep\n|turn|9\n|inactive|TutsTheNoob has 120 seconds left.\n|\n|t:|1700922110\n|move|p1a: Vivillon|Sleep Powder|p2a: Zoroark\n|-fail|p2a: Zoroark|slp\n|-curestatus|p2a: Zoroark|slp|[msg]\n|move|p2a: Zoroark|Dark Pulse|p1a: Vivillon\n|-end|p1a: Vivillon|Substitute\n|\n|-heal|p2a: Zoroark|14\/100|[from] item: Leftovers\n|upkeep\n|turn|10\n|inactive|TutsTheNoob has 120 seconds left.\n|\n|t:|1700922125\n|move|p1a: Vivillon|Hurricane|p2a: Zoroark\n|-damage|p2a: Zoroark|0 fnt\n|faint|p2a: Zoroark\n|\n|upkeep\n|\n|t:|1700922139\n|switch|p2a: Walking Wake|Walking Wake|100\/100\n|turn|11\n|\n|t:|1700922147\n|move|p1a: Vivillon|Sleep Powder|p2a: Walking Wake\n|-status|p2a: Walking Wake|slp|[from] move: Sleep Powder\n|cant|p2a: Walking Wake|slp\n|\n|upkeep\n|turn|12\n|\n|t:|1700922155\n|move|p1a: Vivillon|Substitute|p1a: Vivillon\n|-start|p1a: Vivillon|Substitute\n|-damage|p1a: Vivillon|76\/100\n|-curestatus|p2a: Walking Wake|slp|[msg]\n|move|p2a: Walking Wake|Flamethrower|p1a: Vivillon\n|-supereffective|p1a: Vivillon\n|-end|p1a: Vivillon|Substitute\n|\n|-heal|p1a: Vivillon|82\/100|[from] item: Leftovers\n|upkeep\n|turn|13\n|\n|t:|1700922165\n|move|p1a: Vivillon|Sleep Powder|p2a: Walking Wake\n|-status|p2a: Walking Wake|slp|[from] move: Sleep Powder\n|cant|p2a: Walking Wake|slp\n|\n|-heal|p1a: Vivillon|88\/100|[from] item: Leftovers\n|upkeep\n|turn|14\n|\n|t:|1700922174\n|move|p1a: Vivillon|Hurricane|p2a: Walking Wake|[miss]\n|-miss|p1a: Vivillon|p2a: Walking Wake\n|cant|p2a: Walking Wake|slp\n|\n|-heal|p1a: Vivillon|94\/100|[from] item: Leftovers\n|upkeep\n|turn|15\n|\n|t:|1700922183\n|move|p1a: Vivillon|Sleep Powder|p2a: Walking Wake\n|-fail|p2a: Walking Wake|slp\n|-curestatus|p2a: Walking Wake|slp|[msg]\n|move|p2a: Walking Wake|Flamethrower|p1a: Vivillon\n|-supereffective|p1a: Vivillon\n|-damage|p1a: Vivillon|11\/100\n|\n|-heal|p1a: Vivillon|17\/100|[from] item: Leftovers\n|upkeep\n|turn|16\n|\n|t:|1700922191\n|move|p1a: Vivillon|Sleep Powder|p2a: Walking Wake\n|-status|p2a: Walking Wake|slp|[from] move: Sleep Powder\n|cant|p2a: Walking Wake|slp\n|\n|-heal|p1a: Vivillon|23\/100|[from] item: Leftovers\n|upkeep\n|turn|17\n|\n|t:|1700922206\n|move|p1a: Vivillon|Hurricane|p2a: Walking Wake\n|-damage|p2a: Walking Wake|18\/100 slp\n|cant|p2a: Walking Wake|slp\n|\n|-heal|p1a: Vivillon|29\/100|[from] item: Leftovers\n|-heal|p2a: Walking Wake|24\/100 slp|[from] item: Leftovers\n|upkeep\n|turn|18\n|\n|t:|1700922217\n|move|p1a: Vivillon|Hurricane|p2a: Walking Wake\n|-crit|p2a: Walking Wake\n|-damage|p2a: Walking Wake|0 fnt\n|faint|p2a: Walking Wake\n|-end|p2a: Walking Wake|Protosynthesis|[silent]\n|\n|-heal|p1a: Vivillon|35\/100|[from] item: Leftovers\n|upkeep\n|inactive|Psidak_0_0 has 120 seconds left.\n|\n|t:|1700922230\n|switch|p2a: Blissey|Blissey, F, shiny|100\/100\n|turn|19\n|\n|t:|1700922249\n|move|p1a: Vivillon|Sleep Powder|p2a: Blissey\n|-status|p2a: Blissey|slp|[from] move: Sleep Powder\n|cant|p2a: Blissey|slp\n|\n|-heal|p1a: Vivillon|41\/100|[from] item: Leftovers\n|upkeep\n|turn|20\n|\n|t:|1700922260\n|move|p1a: Vivillon|Substitute|p1a: Vivillon\n|-start|p1a: Vivillon|Substitute\n|-damage|p1a: Vivillon|16\/100\n|cant|p2a: Blissey|slp\n|\n|-heal|p1a: Vivillon|22\/100|[from] item: Leftovers\n|upkeep\n|turn|21\n|\n|t:|1700922269\n|move|p1a: Vivillon|Quiver Dance|p1a: Vivillon\n|-boost|p1a: Vivillon|spa|1\n|-boost|p1a: Vivillon|spd|1\n|-boost|p1a: Vivillon|spe|1\n|cant|p2a: Blissey|slp\n|\n|-heal|p1a: Vivillon|28\/100|[from] item: Leftovers\n|upkeep\n|turn|22\n|\n|t:|1700922294\n|move|p1a: Vivillon|Hurricane|p2a: Blissey\n|-damage|p2a: Blissey|72\/100 slp\n|-curestatus|p2a: Blissey|slp|[msg]\n|move|p2a: Blissey|Calm Mind|p2a: Blissey\n|-boost|p2a: Blissey|spa|1\n|-boost|p2a: Blissey|spd|1\n|\n|-heal|p1a: Vivillon|34\/100|[from] item: Leftovers\n|-heal|p2a: Blissey|78\/100|[from] item: Leftovers\n|upkeep\n|turn|23\n|\n|t:|1700922310\n|move|p1a: Vivillon|Sleep Powder|p2a: Blissey\n|-status|p2a: Blissey|slp|[from] move: Sleep Powder\n|cant|p2a: Blissey|slp\n|\n|-heal|p1a: Vivillon|40\/100|[from] item: Leftovers\n|-heal|p2a: Blissey|85\/100 slp|[from] item: Leftovers\n|upkeep\n|turn|24\n|\n|t:|1700922321\n|move|p1a: Vivillon|Hurricane|p2a: Blissey\n|-damage|p2a: Blissey|65\/100 slp\n|-start|p2a: Blissey|confusion\n|cant|p2a: Blissey|slp\n|\n|-heal|p1a: Vivillon|46\/100|[from] item: Leftovers\n|-heal|p2a: Blissey|71\/100 slp|[from] item: Leftovers\n|upkeep\n|turn|25\n|\n|t:|1700922332\n|move|p1a: Vivillon|Hurricane|p2a: Blissey|[miss]\n|-miss|p1a: Vivillon|p2a: Blissey\n|cant|p2a: Blissey|slp\n|\n|-heal|p1a: Vivillon|52\/100|[from] item: Leftovers\n|-heal|p2a: Blissey|77\/100 slp|[from] item: Leftovers\n|upkeep\n|turn|26\n|\n|t:|1700922346\n|move|p1a: Vivillon|Quiver Dance|p1a: Vivillon\n|-boost|p1a: Vivillon|spa|1\n|-boost|p1a: Vivillon|spd|1\n|-boost|p1a: Vivillon|spe|1\n|-curestatus|p2a: Blissey|slp|[msg]\n|-activate|p2a: Blissey|confusion\n|move|p2a: Blissey|Fire Blast|p1a: Vivillon\n|-supereffective|p1a: Vivillon\n|-end|p1a: Vivillon|Substitute\n|\n|-heal|p1a: Vivillon|58\/100|[from] item: Leftovers\n|-heal|p2a: Blissey|83\/100|[from] item: Leftovers\n|upkeep\n|turn|27\n|inactive|Psidak_0_0 has 120 seconds left.\n|\n|t:|1700922369\n|move|p1a: Vivillon|Sleep Powder|p2a: Blissey\n|-status|p2a: Blissey|slp|[from] move: Sleep Powder\n|cant|p2a: Blissey|slp\n|\n|-heal|p1a: Vivillon|64\/100|[from] item: Leftovers\n|-heal|p2a: Blissey|89\/100 slp|[from] item: Leftovers\n|upkeep\n|turn|28\n|inactive|TutsTheNoob has 120 seconds left.\n|\n|t:|1700922408\n|move|p1a: Vivillon|Sleep Powder|p2a: Blissey\n|-fail|p2a: Blissey|slp\n|cant|p2a: Blissey|slp\n|\n|-heal|p1a: Vivillon|70\/100|[from] item: Leftovers\n|-heal|p2a: Blissey|95\/100 slp|[from] item: Leftovers\n|upkeep\n|turn|29\n|\n|t:|1700922424\n|move|p1a: Vivillon|Hurricane|p2a: Blissey\n|-damage|p2a: Blissey|72\/100 slp\n|-curestatus|p2a: Blissey|slp|[msg]\n|-activate|p2a: Blissey|confusion\n|move|p2a: Blissey|Fire Blast|p1a: Vivillon\n|-supereffective|p1a: Vivillon\n|-damage|p1a: Vivillon|17\/100\n|\n|-heal|p1a: Vivillon|23\/100|[from] item: Leftovers\n|-heal|p2a: Blissey|79\/100|[from] item: Leftovers\n|upkeep\n|turn|30\n|inactive|Psidak_0_0 has 120 seconds left.\n|\n|t:|1700922446\n|move|p1a: Vivillon|Sleep Powder|p2a: Blissey\n|-status|p2a: Blissey|slp|[from] move: Sleep Powder\n|cant|p2a: Blissey|slp\n|\n|-heal|p1a: Vivillon|29\/100|[from] item: Leftovers\n|-heal|p2a: Blissey|85\/100 slp|[from] item: Leftovers\n|upkeep\n|turn|31\n|inactive|Psidak_0_0 has 120 seconds left.\n|inactive|TutsTheNoob has 90 seconds left.\n|inactive|Psidak_0_0 has 90 seconds left.\n|\n|t:|1700922499\n|move|p1a: Vivillon|Substitute|p1a: Vivillon\n|-start|p1a: Vivillon|Substitute\n|-damage|p1a: Vivillon|4\/100\n|-curestatus|p2a: Blissey|slp|[msg]\n|-activate|p2a: Blissey|confusion\n|move|p2a: Blissey|Blizzard|p1a: Vivillon\n|-supereffective|p1a: Vivillon\n|-end|p1a: Vivillon|Substitute\n|\n|-heal|p1a: Vivillon|10\/100|[from] item: Leftovers\n|-heal|p2a: Blissey|91\/100|[from] item: Leftovers\n|upkeep\n|turn|32\n|\n|t:|1700922511\n|move|p1a: Vivillon|Sleep Powder|p2a: Blissey\n|-status|p2a: Blissey|slp|[from] move: Sleep Powder\n|cant|p2a: Blissey|slp\n|\n|-heal|p1a: Vivillon|16\/100|[from] item: Leftovers\n|-heal|p2a: Blissey|97\/100 slp|[from] item: Leftovers\n|upkeep\n|turn|33\n|\n|t:|1700922525\n|move|p1a: Vivillon|Hurricane|p2a: Blissey\n|-crit|p2a: Blissey\n|-damage|p2a: Blissey|42\/100 slp\n|cant|p2a: Blissey|slp\n|\n|-heal|p1a: Vivillon|22\/100|[from] item: Leftovers\n|-heal|p2a: Blissey|48\/100 slp|[from] item: Leftovers\n|upkeep\n|turn|34\n|\n|t:|1700922533\n|move|p1a: Vivillon|Hurricane|p2a: Blissey\n|-damage|p2a: Blissey|23\/100 slp\n|cant|p2a: Blissey|slp\n|\n|-heal|p1a: Vivillon|28\/100|[from] item: Leftovers\n|-heal|p2a: Blissey|29\/100 slp|[from] item: Leftovers\n|upkeep\n|turn|35\n|inactive|TutsTheNoob has 90 seconds left.\n|\n|t:|1700922545\n|move|p1a: Vivillon|Hurricane|p2a: Blissey\n|-damage|p2a: Blissey|7\/100 slp\n|-curestatus|p2a: Blissey|slp|[msg]\n|-activate|p2a: Blissey|confusion\n|move|p2a: Blissey|Fire Blast|p1a: Vivillon\n|-supereffective|p1a: Vivillon\n|-crit|p1a: Vivillon\n|-damage|p1a: Vivillon|0 fnt\n|faint|p1a: Vivillon\n|\n|-heal|p2a: Blissey|13\/100|[from] item: Leftovers\n|upkeep\n|inactive|TutsTheNoob has 90 seconds left.\n|\n|t:|1700922562\n|switch|p1a: Espathra|Espathra, F|100\/100\n|turn|36\n|\n|t:|1700922579\n|switch|p2a: Mimikyu|Mimikyu, F, shiny|100\/100\n|move|p1a: Espathra|Lumina Crash|p2a: Mimikyu\n|-activate|p2a: Mimikyu|ability: Disguise\n|-damage|p2a: Mimikyu|100\/100\n|-unboost|p2a: Mimikyu|spd|2\n|detailschange|p2a: Mimikyu|Mimikyu-Busted, F, shiny\n|-damage|p2a: Mimikyu|88\/100|[from] pokemon: Mimikyu-Busted\n|\n|-ability|p1a: Espathra|Speed Boost|boost\n|-boost|p1a: Espathra|spe|1\n|upkeep\n|turn|37\n|inactive|TutsTheNoob has 90 seconds left.\n|inactive|Psidak_0_0 has 90 seconds left.\n|\n|t:|1700922603\n|move|p1a: Espathra|Hypnosis|p2a: Mimikyu\n|-status|p2a: Mimikyu|slp|[from] move: Hypnosis\n|cant|p2a: Mimikyu|slp\n|\n|-ability|p1a: Espathra|Speed Boost|boost\n|-boost|p1a: Espathra|spe|1\n|upkeep\n|turn|38\n|inactive|Psidak_0_0 has 90 seconds left.\n|inactive|TutsTheNoob has 90 seconds left.\n|\n|t:|1700922620\n|move|p1a: Espathra|Calm Mind|p1a: Espathra\n|-boost|p1a: Espathra|spa|1\n|-boost|p1a: Espathra|spd|1\n|cant|p2a: Mimikyu|slp\n|\n|-ability|p1a: Espathra|Speed Boost|boost\n|-boost|p1a: Espathra|spe|1\n|upkeep\n|turn|39\n|inactive|TutsTheNoob has 90 seconds left.\n|inactive|Psidak_0_0 has 90 seconds left.\n|\n|t:|1700922629\n|move|p1a: Espathra|Calm Mind|p1a: Espathra\n|-boost|p1a: Espathra|spa|1\n|-boost|p1a: Espathra|spd|1\n|cant|p2a: Mimikyu|slp\n|\n|-ability|p1a: Espathra|Speed Boost|boost\n|-boost|p1a: Espathra|spe|1\n|upkeep\n|turn|40\n|\n|t:|1700922638\n|move|p1a: Espathra|Lumina Crash|p2a: Mimikyu\n|-damage|p2a: Mimikyu|0 fnt\n|faint|p2a: Mimikyu\n|\n|-ability|p1a: Espathra|Speed Boost|boost\n|-boost|p1a: Espathra|spe|1\n|upkeep\n|\n|t:|1700922647\n|switch|p2a: Scizor|Scizor, F|100\/100\n|turn|41\n|inactive|Psidak_0_0 has 90 seconds left.\n|\n|t:|1700922667\n|move|p1a: Espathra|Lumina Crash|p2a: Scizor\n|-resisted|p2a: Scizor\n|-damage|p2a: Scizor|46\/100\n|-unboost|p2a: Scizor|spd|2\n|move|p2a: Scizor|Lunge|p1a: Espathra\n|-supereffective|p1a: Espathra\n|-damage|p1a: Espathra|0 fnt\n|faint|p1a: Espathra\n|\n|-heal|p2a: Scizor|52\/100|[from] item: Leftovers\n|upkeep\n|\n|t:|1700922677\n|switch|p1a: Clodsire|Clodsire, F|100\/100\n|turn|42\n|inactive|Psidak_0_0 has 90 seconds left.\n|\n|t:|1700922704\n|-terastallize|p2a: Scizor|Fighting\n|move|p2a: Scizor|Close Combat|p1a: Clodsire\n|-resisted|p1a: Clodsire\n|-damage|p1a: Clodsire|64\/100\n|-unboost|p2a: Scizor|def|1\n|-unboost|p2a: Scizor|spd|1\n|move|p1a: Clodsire|Earthquake|p2a: Scizor\n|-damage|p2a: Scizor|11\/100\n|\n|-heal|p2a: Scizor|17\/100|[from] item: Leftovers\n|-heal|p1a: Clodsire|71\/100|[from] item: Leftovers\n|upkeep\n|turn|43\n|\n|t:|1700922725\n|move|p2a: Scizor|Iron Head|p1a: Clodsire\n|-damage|p1a: Clodsire|16\/100\n|move|p1a: Clodsire|Earthquake|p2a: Scizor\n|-damage|p2a: Scizor|0 fnt\n|faint|p2a: Scizor\n|\n|-heal|p1a: Clodsire|22\/100|[from] item: Leftovers\n|upkeep\n|\n|t:|1700922735\n|switch|p2a: Blissey|Blissey, F, shiny|13\/100\n|turn|44\n|\n|t:|1700922744\n|move|p2a: Blissey|Blizzard|p1a: Clodsire\n|-supereffective|p1a: Clodsire\n|-damage|p1a: Clodsire|0 fnt\n|faint|p1a: Clodsire\n|\n|-heal|p2a: Blissey|19\/100|[from] item: Leftovers\n|upkeep\n|\n|t:|1700922752\n|switch|p1a: Appletun|Appletun, M|100\/100\n|turn|45\n|\n|t:|1700922757\n|move|p2a: Blissey|Blizzard|p1a: Appletun|[miss]\n|-miss|p2a: Blissey|p1a: Appletun\n|move|p1a: Appletun|Draco Meteor|p2a: Blissey\n|-damage|p2a: Blissey|3\/100\n|-unboost|p1a: Appletun|spa|2\n|\n|-heal|p2a: Blissey|9\/100|[from] item: Leftovers\n|upkeep\n|turn|46\n|inactive|Psidak_0_0 has 90 seconds left.\n|\n|t:|1700922773\n|move|p2a: Blissey|Blizzard|p1a: Appletun\n|-supereffective|p1a: Appletun\n|-damage|p1a: Appletun|67\/100\n|-enditem|p1a: Appletun|Weakness Policy\n|-boost|p1a: Appletun|atk|2|[from] item: Weakness Policy\n|-boost|p1a: Appletun|spa|2|[from] item: Weakness Policy\n|move|p1a: Appletun|Apple Acid|p2a: Blissey\n|-damage|p2a: Blissey|0 fnt\n|faint|p2a: Blissey\n|\n|win|TutsTheNoob\n|raw|TutsTheNoob's rating: 1182 &rarr; <strong>1200<\/strong><br \/>(+18 for winning)\n|raw|Psidak_0_0's rating: 1081 &rarr; <strong>1065<\/strong><br \/>(-16 for losing)\n|l|\u2606Psidak_0_0\n","uploadtime":1700922799,"views":6,"p1id":"tutsthenoob","p2id":"psidak00","formatid":"gen9anythinggoes","rating":1065,"private":0,"password":""}