{"id":"gen9anythinggoes-1986766993","p1":"DR4N","p2":"nishisakana","format":"[Gen 9] Anything Goes","log":"|j|\u2606DR4N\n|j|\u2606nishisakana\n|t:|1699521945\n|gametype|singles\n|player|p1|DR4N|lucas-gen4pt|1162\n|player|p2|nishisakana|cynthia-gen4|1165\n|teamsize|p1|6\n|teamsize|p2|5\n|gen|9\n|tier|[Gen 9] Anything Goes\n|rated|\n|rule|HP Percentage Mod: HP is shown in percentages\n|rule|Endless Battle Clause: Forcing endless battles is banned\n|clearpoke\n|poke|p1|Espeon, F|\n|poke|p1|Lycanroc-Dusk, M|\n|poke|p1|Pawmot, F|\n|poke|p1|Clodsire, M|\n|poke|p1|Gogoat, M|\n|poke|p1|Arcanine, M|\n|poke|p2|Sinistcha-Masterpiece|\n|poke|p2|Drifblim, F|\n|poke|p2|Flutter Mane|\n|poke|p2|Froslass, F|\n|poke|p2|Spiritomb, M|\n|teampreview\n|\n|t:|1699521952\n|start\n|switch|p1a: Sonic|Lycanroc-Dusk, M, shiny|100\/100\n|switch|p2a: Froslass|Froslass, F, shiny|100\/100\n|turn|1\n|c|\u2606DR4N|5?\n|\n|t:|1699521961\n|switch|p1a: Bobby|Clodsire, M, shiny|100\/100\n|move|p2a: Froslass|Snowscape|p2a: Froslass\n|-weather|Snow\n|\n|-weather|Snow|[upkeep]\n|upkeep\n|turn|2\n|\n|t:|1699521969\n|move|p2a: Froslass|Frost Breath|p1a: Bobby\n|-supereffective|p1a: Bobby\n|-crit|p1a: Bobby\n|-damage|p1a: Bobby|70\/100\n|move|p1a: Bobby|Yawn|p2a: Froslass\n|-start|p2a: Froslass|move: Yawn|[of] p1a: Bobby\n|\n|-weather|Snow|[upkeep]\n|-heal|p1a: Bobby|77\/100|[from] item: Black Sludge\n|upkeep\n|turn|3\n|\n|t:|1699521980\n|switch|p1a: Sonic|Lycanroc-Dusk, M, shiny|100\/100\n|move|p2a: Froslass|Aurora Veil|p2a: Froslass\n|-sidestart|p2: nishisakana|move: Aurora Veil\n|\n|-weather|Snow|[upkeep]\n|-end|p2a: Froslass|move: Yawn|[silent]\n|-status|p2a: Froslass|slp\n|upkeep\n|turn|4\n|inactive|Battle timer is ON: inactive players will automatically lose when time's up. (requested by DR4N)\n|\n|t:|1699522016\n|move|p1a: Sonic|Swords Dance|p1a: Sonic\n|-boost|p1a: Sonic|atk|2\n|cant|p2a: Froslass|slp\n|\n|-weather|Snow|[upkeep]\n|upkeep\n|turn|5\n|\n|t:|1699522025\n|switch|p2a: Sinistcha|Sinistcha-Masterpiece, shiny|100\/100\n|move|p1a: Sonic|Swords Dance|p1a: Sonic\n|-boost|p1a: Sonic|atk|2\n|\n|-weather|none\n|upkeep\n|turn|6\n|\n|t:|1699522034\n|move|p1a: Sonic|Crunch|p2a: Sinistcha\n|-supereffective|p2a: Sinistcha\n|-damage|p2a: Sinistcha|0 fnt\n|faint|p2a: Sinistcha\n|-damage|p1a: Sonic|91\/100|[from] item: Life Orb\n|\n|upkeep\n|\n|t:|1699522043\n|switch|p2a: Drifblim|Drifblim, F|100\/100\n|turn|7\n|c|\u2606DR4N|Why not 6\n|\n|t:|1699522049\n|move|p1a: Sonic|Accelerock|p2a: Drifblim\n|-supereffective|p2a: Drifblim\n|-damage|p2a: Drifblim|0 fnt\n|-damage|p1a: Sonic|66\/100|[from] ability: Aftermath|[of] p2a: Drifblim\n|faint|p2a: Drifblim\n|-damage|p1a: Sonic|56\/100|[from] item: Life Orb\n|\n|upkeep\n|\n|t:|1699522057\n|switch|p2a: Spiritomb|Spiritomb, M|100\/100\n|turn|8\n|\n|t:|1699522067\n|move|p1a: Sonic|Crunch|p2a: Spiritomb\n|-damage|p2a: Spiritomb|32\/100\n|-damage|p1a: Sonic|46\/100|[from] item: Life Orb\n|move|p2a: Spiritomb|Foul Play|p1a: Sonic\n|-damage|p1a: Sonic|0 fnt\n|faint|p1a: Sonic\n|\n|upkeep\n|\n|t:|1699522077\n|switch|p1a: Mallow|Pawmot, F, shiny|100\/100\n|turn|9\n|\n|t:|1699522083\n|move|p1a: Mallow|Nuzzle|p2a: Spiritomb\n|-damage|p2a: Spiritomb|27\/100\n|move|p2a: Spiritomb|Pain Split|p1a: Mallow\n|-sethp|p1a: Mallow|60\/100|[from] move: Pain Split|[silent]\n|-sethp|p2a: Spiritomb|85\/100|[from] move: Pain Split\n|\n|upkeep\n|turn|10\n|\n|t:|1699522097\n|move|p1a: Mallow|Revival Blessing|p1a: Mallow\n|\n|t:|1699522099\n|-heal|p1: Sonic|50\/100|[from] move: Revival Blessing\n|move|p2a: Spiritomb|Foul Play|p1a: Mallow\n|-resisted|p1a: Mallow\n|-damage|p1a: Mallow|35\/100\n|\n|-sideend|p2: nishisakana|move: Aurora Veil\n|upkeep\n|turn|11\n|\n|t:|1699522115\n|move|p1a: Mallow|Rest|p1a: Mallow\n|-status|p1a: Mallow|slp|[from] move: Rest\n|-heal|p1a: Mallow|100\/100 slp|[silent]\n|move|p2a: Spiritomb|Shadow Ball|p1a: Mallow\n|-damage|p1a: Mallow|53\/100 slp\n|\n|upkeep\n|turn|12\n|\n|t:|1699522128\n|switch|p1a: Billy|Gogoat, M, shiny|100\/100\n|move|p2a: Spiritomb|Shadow Ball|p1a: Billy\n|-damage|p1a: Billy|68\/100\n|\n|upkeep\n|turn|13\n|\n|t:|1699522145\n|move|p1a: Billy|Leech Seed|p2a: Spiritomb|[miss]\n|-miss|p1a: Billy|p2a: Spiritomb\n|move|p2a: Spiritomb|Foul Play|p1a: Billy\n|-crit|p1a: Billy\n|-damage|p1a: Billy|0 fnt\n|-damage|p2a: Spiritomb|69\/100|[from] item: Rocky Helmet|[of] p1a: Billy\n|faint|p1a: Billy\n|\n|upkeep\n|\n|t:|1699522153\n|switch|p1a: Mallow|Pawmot, F, shiny|53\/100 slp\n|turn|14\n|\n|t:|1699522158\n|cant|p1a: Mallow|slp\n|move|p1a: Mallow|Sleep Talk|p1a: Mallow\n|move|p1a: Mallow|Rest||[from]move: Sleep Talk|[still]\n|-fail|p1a: Mallow\n|move|p2a: Spiritomb|Foul Play|p1a: Mallow\n|-resisted|p1a: Mallow\n|-damage|p1a: Mallow|28\/100 slp\n|\n|upkeep\n|turn|15\n|\n|t:|1699522169\n|cant|p1a: Mallow|slp\n|move|p1a: Mallow|Sleep Talk|p1a: Mallow\n|move|p1a: Mallow|Nuzzle|p2a: Spiritomb|[from]move: Sleep Talk\n|-damage|p2a: Spiritomb|59\/100\n|move|p2a: Spiritomb|Shadow Ball|p1a: Mallow\n|-damage|p1a: Mallow|0 fnt\n|faint|p1a: Mallow\n|\n|upkeep\n|\n|t:|1699522181\n|switch|p1a: Stella|Espeon, F, shiny|100\/100\n|turn|16\n|\n|t:|1699522189\n|-terastallize|p1a: Stella|Fairy\n|move|p1a: Stella|Draining Kiss|p2a: Spiritomb\n|-supereffective|p2a: Spiritomb\n|-damage|p2a: Spiritomb|0 fnt\n|faint|p2a: Spiritomb\n|\n|upkeep\n|\n|t:|1699522202\n|switch|p2a: Froslass|Froslass, F, shiny|100\/100 slp\n|turn|17\n|\n|t:|1699522209\n|-curestatus|p2a: Froslass|slp|[msg]\n|move|p2a: Froslass|Snowscape|p2a: Froslass\n|-weather|Snow\n|move|p1a: Stella|Calm Mind|p1a: Stella\n|-boost|p1a: Stella|spa|1\n|-boost|p1a: Stella|spd|1\n|\n|-weather|Snow|[upkeep]\n|upkeep\n|turn|18\n|\n|t:|1699522218\n|move|p1a: Stella|Shadow Ball|p2a: Froslass\n|-supereffective|p2a: Froslass\n|-damage|p2a: Froslass|0 fnt\n|faint|p2a: Froslass\n|\n|-weather|Snow|[upkeep]\n|upkeep\n|\n|t:|1699522226\n|switch|p2a: Flutter Mane|Flutter Mane|100\/100\n|-enditem|p2a: Flutter Mane|Booster Energy\n|-activate|p2a: Flutter Mane|ability: Protosynthesis|[fromitem]\n|-start|p2a: Flutter Mane|protosynthesisspa\n|turn|19\n|\n|t:|1699522236\n|move|p1a: Stella|Shadow Ball|p2a: Flutter Mane\n|-supereffective|p2a: Flutter Mane\n|-damage|p2a: Flutter Mane|26\/100\n|move|p2a: Flutter Mane|Shadow Ball|p1a: Stella\n|-damage|p1a: Stella|43\/100\n|\n|-weather|Snow|[upkeep]\n|upkeep\n|turn|20\n|c|\u2606DR4N|Bring 6\n|\n|t:|1699522255\n|move|p1a: Stella|Shadow Ball|p2a: Flutter Mane\n|-supereffective|p2a: Flutter Mane\n|-damage|p2a: Flutter Mane|0 fnt\n|faint|p2a: Flutter Mane\n|-end|p2a: Flutter Mane|Protosynthesis|[silent]\n|\n|win|DR4N\n|raw|DR4N's rating: 1162 &rarr; <strong>1187<\/strong><br \/>(+25 for winning)\n|raw|nishisakana's rating: 1165 &rarr; <strong>1140<\/strong><br \/>(-25 for losing)\n|l|\u2606nishisakana\n","uploadtime":1699522265,"views":9,"p1id":"dr4n","p2id":"nishisakana","formatid":"gen9anythinggoes","rating":1140,"private":0,"password":""}