{"id":"gen9anythinggoes-1995678249","p1":"ShadowSolosbadly12","p2":"redpikmin5","format":"[Gen 9] Anything Goes","log":"|j|\u2606ShadowSolosbadly12\n|j|\u2606redpikmin5\n|t:|1700593203\n|gametype|singles\n|player|p1|ShadowSolosbadly12|ethan|1128\n|player|p2|redpikmin5|170|1058\n|teamsize|p1|6\n|teamsize|p2|6\n|gen|9\n|tier|[Gen 9] Anything Goes\n|rated|\n|rule|HP Percentage Mod: HP is shown in percentages\n|rule|Endless Battle Clause: Forcing endless battles is banned\n|clearpoke\n|poke|p1|Dragonite, M|\n|poke|p1|Sylveon, F|\n|poke|p1|Pikachu-World, M|\n|poke|p1|Mudsdale, M|\n|poke|p1|Cloyster, M|\n|poke|p1|Venomoth, F|\n|poke|p2|Regieleki|\n|poke|p2|Iron Moth|\n|poke|p2|Dipplin, M|\n|poke|p2|Magearna-Original|\n|poke|p2|Ursaluna-Bloodmoon, M|\n|poke|p2|Houndstone, F|\n|teampreview\n|\n|t:|1700593211\n|start\n|switch|p1a: Sylveon|Sylveon, F|100\/100\n|switch|p2a: Little Zoom Orb|Regieleki|100\/100\n|turn|1\n|\n|t:|1700593220\n|move|p2a: Little Zoom Orb|Rapid Spin|p1a: Sylveon\n|-damage|p1a: Sylveon|87\/100\n|-boost|p2a: Little Zoom Orb|spe|1\n|move|p1a: Sylveon|Calm Mind|p1a: Sylveon\n|-boost|p1a: Sylveon|spa|1\n|-boost|p1a: Sylveon|spd|1\n|\n|-heal|p1a: Sylveon|93\/100|[from] item: Leftovers\n|upkeep\n|turn|2\n|\n|t:|1700593229\n|move|p2a: Little Zoom Orb|Agility|p2a: Little Zoom Orb\n|-boost|p2a: Little Zoom Orb|spe|2\n|move|p1a: Sylveon|Hyper Voice|p2a: Little Zoom Orb\n|-damage|p2a: Little Zoom Orb|0 fnt\n|faint|p2a: Little Zoom Orb\n|\n|-heal|p1a: Sylveon|99\/100|[from] item: Leftovers\n|upkeep\n|c|\u2606redpikmin5|well then\n|\n|t:|1700593243\n|switch|p2a: Buck Bumble|Iron Moth|100\/100\n|-enditem|p2a: Buck Bumble|Booster Energy\n|-activate|p2a: Buck Bumble|ability: Quark Drive|[fromitem]\n|-start|p2a: Buck Bumble|quarkdrivespa\n|turn|3\n|c|\u2606redpikmin5|time for buck bumble\n|\n|t:|1700593251\n|move|p2a: Buck Bumble|Fire Blast|p1a: Sylveon\n|-damage|p1a: Sylveon|61\/100\n|move|p1a: Sylveon|Hyper Voice|p2a: Buck Bumble\n|-resisted|p2a: Buck Bumble\n|-damage|p2a: Buck Bumble|83\/100\n|\n|-heal|p1a: Sylveon|68\/100|[from] item: Leftovers\n|upkeep\n|turn|4\n|\n|t:|1700593261\n|-terastallize|p1a: Sylveon|Fire\n|move|p2a: Buck Bumble|Flare Blitz|p1a: Sylveon\n|-resisted|p1a: Sylveon\n|-damage|p1a: Sylveon|50\/100\n|-damage|p2a: Buck Bumble|75\/100|[from] Recoil\n|move|p1a: Sylveon|Calm Mind|p1a: Sylveon\n|-boost|p1a: Sylveon|spa|1\n|-boost|p1a: Sylveon|spd|1\n|\n|-heal|p1a: Sylveon|56\/100|[from] item: Leftovers\n|upkeep\n|turn|5\n|\n|t:|1700593271\n|move|p2a: Buck Bumble|Charge Beam|p1a: Sylveon|[miss]\n|-miss|p2a: Buck Bumble|p1a: Sylveon\n|move|p1a: Sylveon|Hyper Voice|p2a: Buck Bumble\n|-resisted|p2a: Buck Bumble\n|-damage|p2a: Buck Bumble|55\/100\n|\n|-heal|p1a: Sylveon|62\/100|[from] item: Leftovers\n|upkeep\n|turn|6\n|\n|t:|1700593279\n|move|p2a: Buck Bumble|Charge Beam|p1a: Sylveon\n|-damage|p1a: Sylveon|54\/100\n|-boost|p2a: Buck Bumble|spa|1\n|move|p1a: Sylveon|Hyper Voice|p2a: Buck Bumble\n|-resisted|p2a: Buck Bumble\n|-damage|p2a: Buck Bumble|34\/100\n|\n|-heal|p1a: Sylveon|60\/100|[from] item: Leftovers\n|upkeep\n|turn|7\n|\n|t:|1700593288\n|move|p2a: Buck Bumble|Rest|p2a: Buck Bumble\n|-status|p2a: Buck Bumble|slp|[from] move: Rest\n|-heal|p2a: Buck Bumble|100\/100 slp|[silent]\n|move|p1a: Sylveon|Hyper Voice|p2a: Buck Bumble\n|-resisted|p2a: Buck Bumble\n|-damage|p2a: Buck Bumble|80\/100 slp\n|\n|-heal|p1a: Sylveon|66\/100|[from] item: Leftovers\n|upkeep\n|turn|8\n|c|\u2606ShadowSolosbadly12|Oh\n|c|\u2606redpikmin5|yea\n|c|\u2606redpikmin5|i can do this all day buddy\n|\n|t:|1700593308\n|cant|p2a: Buck Bumble|slp\n|move|p1a: Sylveon|Hyper Voice|p2a: Buck Bumble\n|-resisted|p2a: Buck Bumble\n|-damage|p2a: Buck Bumble|58\/100 slp\n|\n|-heal|p1a: Sylveon|72\/100|[from] item: Leftovers\n|upkeep\n|turn|9\n|c|\u2606ShadowSolosbadly12|damn\n|\n|t:|1700593316\n|cant|p2a: Buck Bumble|slp\n|move|p1a: Sylveon|Hyper Voice|p2a: Buck Bumble\n|-resisted|p2a: Buck Bumble\n|-crit|p2a: Buck Bumble\n|-damage|p2a: Buck Bumble|24\/100 slp\n|\n|-heal|p1a: Sylveon|78\/100|[from] item: Leftovers\n|upkeep\n|turn|10\n|c|\u2606redpikmin5|or... not\n|c|\u2606redpikmin5|man hyper voice does a lot of damage\n|\n|t:|1700593339\n|-curestatus|p2a: Buck Bumble|slp|[msg]\n|move|p2a: Buck Bumble|Rest|p2a: Buck Bumble\n|-status|p2a: Buck Bumble|slp|[from] move: Rest\n|-heal|p2a: Buck Bumble|100\/100 slp|[silent]\n|move|p1a: Sylveon|Hyper Voice|p2a: Buck Bumble\n|-resisted|p2a: Buck Bumble\n|-damage|p2a: Buck Bumble|77\/100 slp\n|\n|-heal|p1a: Sylveon|84\/100|[from] item: Leftovers\n|upkeep\n|turn|11\n|\n|t:|1700593352\n|cant|p2a: Buck Bumble|slp\n|move|p1a: Sylveon|Hyper Voice|p2a: Buck Bumble\n|-resisted|p2a: Buck Bumble\n|-damage|p2a: Buck Bumble|57\/100 slp\n|\n|-heal|p1a: Sylveon|91\/100|[from] item: Leftovers\n|upkeep\n|turn|12\n|\n|t:|1700593360\n|switch|p1a: Mudsdale|Mudsdale, M|100\/100\n|cant|p2a: Buck Bumble|slp\n|\n|upkeep\n|turn|13\n|\n|t:|1700593374\n|-curestatus|p2a: Buck Bumble|slp|[msg]\n|move|p2a: Buck Bumble|Fire Blast|p1a: Mudsdale|[miss]\n|-miss|p2a: Buck Bumble|p1a: Mudsdale\n|move|p1a: Mudsdale|Earthquake|p2a: Buck Bumble\n|-supereffective|p2a: Buck Bumble\n|-crit|p2a: Buck Bumble\n|-damage|p2a: Buck Bumble|0 fnt\n|faint|p2a: Buck Bumble\n|-end|p2a: Buck Bumble|Quark Drive|[silent]\n|\n|upkeep\n|c|\u2606redpikmin5|welp\n|\n|t:|1700593385\n|switch|p2a: Cande Appl|Dipplin, M|100\/100\n|-ability|p2a: Cande Appl|Supersweet Syrup\n|-ability|p2a: Cande Appl|Supersweet Syrup|boost\n|-unboost|p1a: Mudsdale|evasion|1\n|turn|14\n|\n|t:|1700593392\n|move|p2a: Cande Appl|Giga Drain|p1a: Mudsdale\n|-supereffective|p1a: Mudsdale\n|-damage|p1a: Mudsdale|46\/100\n|move|p1a: Mudsdale|Earthquake|p2a: Cande Appl\n|-resisted|p2a: Cande Appl\n|-damage|p2a: Cande Appl|61\/100\n|\n|upkeep\n|turn|15\n|\n|t:|1700593400\n|move|p2a: Cande Appl|Giga Drain|p1a: Mudsdale\n|-supereffective|p1a: Mudsdale\n|-damage|p1a: Mudsdale|0 fnt\n|-heal|p2a: Cande Appl|98\/100|[from] drain|[of] p1a: Mudsdale\n|faint|p1a: Mudsdale\n|\n|upkeep\n|c|\u2606redpikmin5|hehe appl beats horse\n|\n|t:|1700593411\n|switch|p1a: Dragonite|Dragonite, M|100\/100\n|turn|16\n|\n|t:|1700593417\n|move|p1a: Dragonite|Dragon Dance|p1a: Dragonite\n|-boost|p1a: Dragonite|atk|1\n|-boost|p1a: Dragonite|spe|1\n|move|p2a: Cande Appl|Giga Drain|p1a: Dragonite\n|-resisted|p1a: Dragonite\n|-damage|p1a: Dragonite|97\/100\n|-heal|p2a: Cande Appl|100\/100|[from] drain|[of] p1a: Dragonite\n|\n|upkeep\n|turn|17\n|\n|t:|1700593426\n|move|p1a: Dragonite|Earthquake|p2a: Cande Appl\n|-resisted|p2a: Cande Appl\n|-damage|p2a: Cande Appl|70\/100\n|move|p2a: Cande Appl|Grassy Terrain|p2a: Cande Appl\n|-fieldstart|move: Grassy Terrain\n|\n|-heal|p2a: Cande Appl|76\/100|[from] Grassy Terrain\n|upkeep\n|turn|18\n|\n|t:|1700593436\n|move|p2a: Cande Appl|Grassy Glide|p1a: Dragonite\n|-resisted|p1a: Dragonite\n|-damage|p1a: Dragonite|91\/100\n|move|p1a: Dragonite|Iron Head|p2a: Cande Appl\n|-damage|p2a: Cande Appl|32\/100\n|\n|-heal|p2a: Cande Appl|38\/100|[from] Grassy Terrain\n|upkeep\n|turn|19\n|\n|t:|1700593444\n|move|p1a: Dragonite|Iron Head|p2a: Cande Appl\n|-damage|p2a: Cande Appl|0 fnt\n|faint|p2a: Cande Appl\n|\n|upkeep\n|c|\u2606redpikmin5|w e l p\n|\n|t:|1700593452\n|switch|p2a: Magearna|Magearna-Original|100\/100\n|turn|20\n|c|\u2606ShadowSolosbadly12|oranges are better than apples in my opinion\n|\n|t:|1700593465\n|move|p1a: Dragonite|Earthquake|p2a: Magearna\n|-supereffective|p2a: Magearna\n|-damage|p2a: Magearna|53\/100\n|move|p2a: Magearna|Draining Kiss|p1a: Dragonite\n|-supereffective|p1a: Dragonite\n|-damage|p1a: Dragonite|44\/100\n|-heal|p2a: Magearna|98\/100|[from] drain|[of] p1a: Dragonite\n|\n|-heal|p2a: Magearna|100\/100|[from] Grassy Terrain\n|upkeep\n|turn|21\n|c|\u2606redpikmin5|but blenders make orange juice\n|\n|t:|1700593487\n|move|p1a: Dragonite|Earthquake|p2a: Magearna\n|-supereffective|p2a: Magearna\n|-damage|p2a: Magearna|45\/100\n|move|p2a: Magearna|Draining Kiss|p1a: Dragonite\n|-supereffective|p1a: Dragonite\n|-damage|p1a: Dragonite|3\/100\n|-heal|p2a: Magearna|86\/100|[from] drain|[of] p1a: Dragonite\n|\n|-heal|p2a: Magearna|92\/100|[from] Grassy Terrain\n|-fieldend|move: Grassy Terrain\n|upkeep\n|turn|22\n|\n|t:|1700593500\n|move|p1a: Dragonite|Earthquake|p2a: Magearna\n|-supereffective|p2a: Magearna\n|-damage|p2a: Magearna|0 fnt\n|faint|p2a: Magearna\n|\n|upkeep\n|c|\u2606redpikmin5|w  e  l  p\n|\n|t:|1700593511\n|switch|p2a: Ursaluna|Ursaluna-Bloodmoon, M|100\/100\n|turn|23\n|\n|t:|1700593520\n|move|p1a: Dragonite|Extreme Speed|p2a: Ursaluna\n|-damage|p2a: Ursaluna|70\/100\n|-damage|p1a: Dragonite|0 fnt|[from] item: Rocky Helmet|[of] p2a: Ursaluna\n|faint|p1a: Dragonite\n|move|p2a: Ursaluna|Brick Break|p1: Dragonite|[notarget]\n|-fail|p2a: Ursaluna\n|\n|upkeep\n|\n|t:|1700593528\n|switch|p1a: Cloyster|Cloyster, M|100\/100\n|turn|24\n|c|\u2606redpikmin5|you died to the rocky helmet\n|c|\u2606redpikmin5|XD\n|c|\u2606ShadowSolosbadly12|sadly i did\n|\n|t:|1700593548\n|move|p1a: Cloyster|Shell Smash|p1a: Cloyster\n|-unboost|p1a: Cloyster|def|1\n|-unboost|p1a: Cloyster|spd|1\n|-boost|p1a: Cloyster|atk|2\n|-boost|p1a: Cloyster|spa|2\n|-boost|p1a: Cloyster|spe|2\n|-enditem|p1a: Cloyster|White Herb\n|-clearnegativeboost|p1a: Cloyster|[silent]\n|move|p2a: Ursaluna|Blood Moon|p1a: Cloyster\n|-damage|p1a: Cloyster|0 fnt\n|faint|p1a: Cloyster\n|\n|upkeep\n|\n|t:|1700593561\n|switch|p1a: Sylveon|Sylveon, F, tera:Fire|91\/100\n|turn|25\n|\n|t:|1700593566\n|move|p2a: Ursaluna|Brick Break|p1a: Sylveon\n|-damage|p1a: Sylveon|74\/100\n|move|p1a: Sylveon|Hyper Voice|p2a: Ursaluna\n|-damage|p2a: Ursaluna|11\/100\n|\n|-heal|p1a: Sylveon|80\/100|[from] item: Leftovers\n|upkeep\n|turn|26\n|\n|t:|1700593574\n|move|p2a: Ursaluna|Blood Moon|p1a: Sylveon\n|-damage|p1a: Sylveon|42\/100\n|move|p1a: Sylveon|Hyper Voice|p2a: Ursaluna\n|-crit|p2a: Ursaluna\n|-damage|p2a: Ursaluna|0 fnt\n|faint|p2a: Ursaluna\n|\n|-heal|p1a: Sylveon|48\/100|[from] item: Leftovers\n|upkeep\n|c|\u2606redpikmin5|time for my [SPECIL] ATTACK\n|\n|t:|1700593592\n|switch|p2a: NYEH HEH HEH!|Houndstone, F|100\/100\n|turn|27\n|\n|t:|1700593596\n|-terastallize|p2a: NYEH HEH HEH!|Ghost\n|move|p2a: NYEH HEH HEH!|Last Respects|p1a: Sylveon\n|-damage|p1a: Sylveon|0 fnt\n|faint|p1a: Sylveon\n|\n|upkeep\n|\n|t:|1700593602\n|switch|p1a: Venomoth|Venomoth, F|100\/100\n|turn|28\n|\n|t:|1700593608\n|move|p1a: Venomoth|Sleep Powder|p2a: NYEH HEH HEH!\n|-status|p2a: NYEH HEH HEH!|slp|[from] move: Sleep Powder\n|cant|p2a: NYEH HEH HEH!|slp\n|\n|upkeep\n|turn|29\n|\n|t:|1700593614\n|move|p1a: Venomoth|Quiver Dance|p1a: Venomoth\n|-boost|p1a: Venomoth|spa|1\n|-boost|p1a: Venomoth|spd|1\n|-boost|p1a: Venomoth|spe|1\n|cant|p2a: NYEH HEH HEH!|slp\n|\n|upkeep\n|turn|30\n|\n|t:|1700593620\n|move|p1a: Venomoth|Quiver Dance|p1a: Venomoth\n|-boost|p1a: Venomoth|spa|1\n|-boost|p1a: Venomoth|spd|1\n|-boost|p1a: Venomoth|spe|1\n|cant|p2a: NYEH HEH HEH!|slp\n|\n|upkeep\n|turn|31\n|\n|t:|1700593626\n|move|p1a: Venomoth|Baton Pass|p1a: Venomoth\n|\n|t:|1700593629\n|switch|p1a: Pikachu|Pikachu-World, M|100\/100|[from] Baton Pass\n|-curestatus|p2a: NYEH HEH HEH!|slp|[msg]\n|move|p2a: NYEH HEH HEH!|Last Respects|p1a: Pikachu\n|-damage|p1a: Pikachu|0 fnt\n|faint|p1a: Pikachu\n|\n|upkeep\n|c|\u2606ShadowSolosbadly12|gg\n|\n|t:|1700593642\n|switch|p1a: Venomoth|Venomoth, F|100\/100\n|turn|32\n|c|\u2606redpikmin5|gg\n|\n|t:|1700593647\n|move|p1a: Venomoth|Energy Ball|p2a: NYEH HEH HEH!\n|-damage|p2a: NYEH HEH HEH!|80\/100\n|move|p2a: NYEH HEH HEH!|Last Respects|p1a: Venomoth\n|-enditem|p1a: Venomoth|Focus Sash\n|-damage|p1a: Venomoth|1\/100\n|\n|upkeep\n|turn|33\n|c|\u2606redpikmin5|o h  n o\n|\n|t:|1700593658\n|move|p1a: Venomoth|Energy Ball|p2a: NYEH HEH HEH!\n|-damage|p2a: NYEH HEH HEH!|62\/100\n|move|p2a: NYEH HEH HEH!|Last Respects|p1a: Venomoth\n|-damage|p1a: Venomoth|0 fnt\n|faint|p1a: Venomoth\n|\n|win|redpikmin5\n|raw|ShadowSolosbadly12's rating: 1128 &rarr; <strong>1098<\/strong><br \/>(-30 for losing)\n|raw|redpikmin5's rating: 1058 &rarr; <strong>1096<\/strong><br \/>(+38 for winning)\n|c|\u2606redpikmin5|ok then\n|c|\u2606redpikmin5|gg\n|c|\u2606ShadowSolosbadly12|gg\n|l|\u2606ShadowSolosbadly12\n","uploadtime":1700593726,"views":5,"p1id":"shadowsolosbadly12","p2id":"redpikmin5","formatid":"gen9anythinggoes","rating":1096,"private":0,"password":""}