{"id":"gen9anythinggoes-1972694007","p1":"Captain Carbs","p2":"luffy392","format":"[Gen 9] Anything Goes","log":"|j|\u2606Captain Carbs\n|j|\u2606luffy392\n|t:|1697879171\n|gametype|singles\n|player|p1|Captain Carbs|sailor|1131\n|player|p2|luffy392|fisherman-gen4|1189\n|teamsize|p1|6\n|teamsize|p2|6\n|gen|9\n|tier|[Gen 9] Anything Goes\n|rated|\n|rule|HP Percentage Mod: HP is shown in percentages\n|rule|Endless Battle Clause: Forcing endless battles is banned\n|clearpoke\n|poke|p1|Arceus-Water|\n|poke|p1|Ribombee, F|\n|poke|p1|Ditto|\n|poke|p1|Hoopa-Unbound|\n|poke|p1|Kingambit, M|\n|poke|p1|Calyrex-Shadow|\n|poke|p2|Chi-Yu|\n|poke|p2|Ceruledge, F|\n|poke|p2|Eternatus|\n|poke|p2|Calyrex-Shadow|\n|poke|p2|Drifblim, F|\n|poke|p2|Kingambit, M|\n|teampreview\n|inactive|Battle timer is ON: inactive players will automatically lose when time's up. (requested by Captain Carbs)\n|\n|t:|1697879183\n|start\n|switch|p1a: Kingambit|Kingambit, M|100\/100\n|switch|p2a: Eternatus|Eternatus|100\/100\n|-ability|p2a: Eternatus|Pressure\n|-ability|p1a: Kingambit|Pressure\n|turn|1\n|\n|t:|1697879193\n|move|p2a: Eternatus|Toxic Spikes|p1a: Kingambit\n|-sidestart|p1: Captain Carbs|move: Toxic Spikes\n|move|p1a: Kingambit|Substitute|p1a: Kingambit\n|-start|p1a: Kingambit|Substitute\n|-damage|p1a: Kingambit|75\/100\n|\n|-heal|p1a: Kingambit|82\/100|[from] item: Leftovers\n|upkeep\n|turn|2\n|\n|t:|1697879201\n|move|p2a: Eternatus|Flamethrower|p1a: Kingambit\n|-supereffective|p1a: Kingambit\n|-end|p1a: Kingambit|Substitute\n|move|p1a: Kingambit|Poison Jab|p2a: Eternatus\n|-resisted|p2a: Eternatus\n|-damage|p2a: Eternatus|92\/100\n|\n|-heal|p1a: Kingambit|88\/100|[from] item: Leftovers\n|upkeep\n|turn|3\n|\n|t:|1697879209\n|move|p1a: Kingambit|Protect|p1a: Kingambit\n|-singleturn|p1a: Kingambit|Protect\n|move|p2a: Eternatus|Flamethrower|p1a: Kingambit\n|-activate|p1a: Kingambit|move: Protect\n|\n|-heal|p1a: Kingambit|94\/100|[from] item: Leftovers\n|upkeep\n|turn|4\n|\n|t:|1697879219\n|-terastallize|p1a: Kingambit|Dark\n|move|p2a: Eternatus|Flamethrower|p1a: Kingambit\n|-damage|p1a: Kingambit|66\/100\n|move|p1a: Kingambit|Substitute|p1a: Kingambit\n|-start|p1a: Kingambit|Substitute\n|-damage|p1a: Kingambit|41\/100\n|\n|-heal|p1a: Kingambit|47\/100|[from] item: Leftovers\n|upkeep\n|turn|5\n|\n|t:|1697879230\n|move|p1a: Kingambit|Protect|p1a: Kingambit\n|-singleturn|p1a: Kingambit|Protect\n|move|p2a: Eternatus|Dynamax Cannon|p1a: Kingambit\n|-activate|p1a: Kingambit|move: Protect\n|\n|-heal|p1a: Kingambit|53\/100|[from] item: Leftovers\n|upkeep\n|turn|6\n|\n|t:|1697879237\n|move|p2a: Eternatus|Flamethrower|p1a: Kingambit\n|-end|p1a: Kingambit|Substitute\n|move|p1a: Kingambit|Substitute|p1a: Kingambit\n|-start|p1a: Kingambit|Substitute\n|-damage|p1a: Kingambit|28\/100\n|\n|-heal|p1a: Kingambit|34\/100|[from] item: Leftovers\n|upkeep\n|turn|7\n|\n|t:|1697879248\n|switch|p2a: Calyrex|Calyrex-Shadow|100\/100\n|-ability|p2a: Calyrex|As One\n|-ability|p2a: Calyrex|Unnerve\n|move|p1a: Kingambit|Protect||[still]\n|-fail|p1a: Kingambit\n|\n|-heal|p1a: Kingambit|41\/100|[from] item: Leftovers\n|upkeep\n|turn|8\n|\n|t:|1697879257\n|move|p1a: Kingambit|Sucker Punch||[still]\n|-fail|p1a: Kingambit\n|move|p2a: Calyrex|Nasty Plot|p2a: Calyrex\n|-boost|p2a: Calyrex|spa|2\n|\n|-heal|p1a: Kingambit|47\/100|[from] item: Leftovers\n|upkeep\n|turn|9\n|\n|t:|1697879264\n|move|p1a: Kingambit|Sucker Punch||[still]\n|-fail|p1a: Kingambit\n|move|p2a: Calyrex|Nasty Plot|p2a: Calyrex\n|-boost|p2a: Calyrex|spa|2\n|\n|-heal|p1a: Kingambit|53\/100|[from] item: Leftovers\n|upkeep\n|turn|10\n|\n|t:|1697879270\n|move|p1a: Kingambit|Sucker Punch|p2a: Calyrex\n|-supereffective|p2a: Calyrex\n|-damage|p2a: Calyrex|0 fnt\n|faint|p2a: Calyrex\n|\n|-heal|p1a: Kingambit|59\/100|[from] item: Leftovers\n|upkeep\n|\n|t:|1697879276\n|switch|p2a: Drifblim|Drifblim, F|100\/100\n|turn|11\n|\n|t:|1697879283\n|move|p2a: Drifblim|Minimize|p2a: Drifblim\n|-boost|p2a: Drifblim|evasion|2\n|move|p1a: Kingambit|Poison Jab|p2a: Drifblim|[miss]\n|-miss|p1a: Kingambit|p2a: Drifblim\n|\n|-heal|p1a: Kingambit|65\/100|[from] item: Leftovers\n|upkeep\n|turn|12\n|\n|t:|1697879302\n|switch|p1a: Calyrex|Calyrex-Shadow|100\/100\n|-ability|p1a: Calyrex|As One\n|-ability|p1a: Calyrex|Unnerve\n|-status|p1a: Calyrex|psn\n|move|p2a: Drifblim|Minimize|p2a: Drifblim\n|-boost|p2a: Drifblim|evasion|2\n|\n|-damage|p1a: Calyrex|88\/100 psn|[from] psn\n|upkeep\n|turn|13\n|\n|t:|1697879312\n|move|p1a: Calyrex|Leech Seed|p2a: Drifblim|[miss]\n|-miss|p1a: Calyrex|p2a: Drifblim\n|move|p2a: Drifblim|Minimize|p2a: Drifblim\n|-boost|p2a: Drifblim|evasion|2\n|\n|-heal|p1a: Calyrex|94\/100 psn|[from] item: Leftovers\n|-damage|p1a: Calyrex|82\/100 psn|[from] psn\n|upkeep\n|turn|14\n|\n|t:|1697879320\n|move|p1a: Calyrex|Leech Seed|p2a: Drifblim|[miss]\n|-miss|p1a: Calyrex|p2a: Drifblim\n|move|p2a: Drifblim|Minimize|p2a: Drifblim\n|-boost|p2a: Drifblim|evasion|0\n|\n|-heal|p1a: Calyrex|88\/100 psn|[from] item: Leftovers\n|-damage|p1a: Calyrex|76\/100 psn|[from] psn\n|upkeep\n|turn|15\n|\n|t:|1697879327\n|move|p1a: Calyrex|Leech Seed|p2a: Drifblim\n|-start|p2a: Drifblim|move: Leech Seed\n|move|p2a: Drifblim|Baton Pass|p2a: Drifblim\n|\n|t:|1697879332\n|switch|p2a: Chi-Yu|Chi-Yu|100\/100|[from] Baton Pass\n|-ability|p2a: Chi-Yu|Beads of Ruin\n|\n|-heal|p1a: Calyrex|82\/100 psn|[from] item: Leftovers\n|-damage|p2a: Chi-Yu|88\/100|[from] Leech Seed|[of] p1a: Calyrex\n|-heal|p1a: Calyrex|90\/100 psn|[silent]\n|-damage|p1a: Calyrex|78\/100 psn|[from] psn\n|upkeep\n|turn|16\n|\n|t:|1697879340\n|move|p1a: Calyrex|Confuse Ray|p2a: Chi-Yu|[miss]\n|-miss|p1a: Calyrex|p2a: Chi-Yu\n|move|p2a: Chi-Yu|Nasty Plot|p2a: Chi-Yu\n|-boost|p2a: Chi-Yu|spa|2\n|\n|-heal|p1a: Calyrex|84\/100 psn|[from] item: Leftovers\n|-damage|p2a: Chi-Yu|76\/100|[from] Leech Seed|[of] p1a: Calyrex\n|-heal|p1a: Calyrex|92\/100 psn|[silent]\n|-damage|p1a: Calyrex|80\/100 psn|[from] psn\n|upkeep\n|turn|17\n|\n|t:|1697879352\n|move|p1a: Calyrex|Protect|p1a: Calyrex\n|-singleturn|p1a: Calyrex|Protect\n|move|p2a: Chi-Yu|Dark Pulse|p1a: Calyrex\n|-activate|p1a: Calyrex|move: Protect\n|\n|-heal|p1a: Calyrex|86\/100 psn|[from] item: Leftovers\n|-damage|p2a: Chi-Yu|63\/100|[from] Leech Seed|[of] p1a: Calyrex\n|-heal|p1a: Calyrex|94\/100 psn|[silent]\n|-damage|p1a: Calyrex|82\/100 psn|[from] psn\n|upkeep\n|turn|18\n|\n|t:|1697879361\n|move|p1a: Calyrex|Substitute|p1a: Calyrex\n|-start|p1a: Calyrex|Substitute\n|-damage|p1a: Calyrex|57\/100 psn\n|move|p2a: Chi-Yu|Dark Pulse|p1a: Calyrex\n|-supereffective|p1a: Calyrex\n|-end|p1a: Calyrex|Substitute\n|\n|-heal|p1a: Calyrex|63\/100 psn|[from] item: Leftovers\n|-damage|p2a: Chi-Yu|51\/100|[from] Leech Seed|[of] p1a: Calyrex\n|-heal|p1a: Calyrex|71\/100 psn|[silent]\n|-damage|p1a: Calyrex|59\/100 psn|[from] psn\n|upkeep\n|turn|19\n|\n|t:|1697879387\n|move|p1a: Calyrex|Protect|p1a: Calyrex\n|-singleturn|p1a: Calyrex|Protect\n|move|p2a: Chi-Yu|Dark Pulse|p1a: Calyrex\n|-activate|p1a: Calyrex|move: Protect\n|\n|-heal|p1a: Calyrex|65\/100 psn|[from] item: Leftovers\n|-damage|p2a: Chi-Yu|38\/100|[from] Leech Seed|[of] p1a: Calyrex\n|-heal|p1a: Calyrex|73\/100 psn|[silent]\n|-damage|p1a: Calyrex|61\/100 psn|[from] psn\n|upkeep\n|turn|20\n|\n|t:|1697879396\n|move|p1a: Calyrex|Substitute|p1a: Calyrex\n|-start|p1a: Calyrex|Substitute\n|-damage|p1a: Calyrex|36\/100 psn\n|move|p2a: Chi-Yu|Dark Pulse|p1a: Calyrex\n|-supereffective|p1a: Calyrex\n|-end|p1a: Calyrex|Substitute\n|\n|-heal|p1a: Calyrex|42\/100 psn|[from] item: Leftovers\n|-damage|p2a: Chi-Yu|26\/100|[from] Leech Seed|[of] p1a: Calyrex\n|-heal|p1a: Calyrex|50\/100 psn|[silent]\n|-damage|p1a: Calyrex|38\/100 psn|[from] psn\n|upkeep\n|turn|21\n|\n|t:|1697879408\n|move|p1a: Calyrex|Protect|p1a: Calyrex\n|-singleturn|p1a: Calyrex|Protect\n|move|p2a: Chi-Yu|Dark Pulse|p1a: Calyrex\n|-activate|p1a: Calyrex|move: Protect\n|\n|-heal|p1a: Calyrex|44\/100 psn|[from] item: Leftovers\n|-damage|p2a: Chi-Yu|14\/100|[from] Leech Seed|[of] p1a: Calyrex\n|-heal|p1a: Calyrex|52\/100 psn|[silent]\n|-damage|p1a: Calyrex|40\/100 psn|[from] psn\n|upkeep\n|turn|22\n|c|\u2606luffy392|asshole\n|inactive|Captain Carbs has 120 seconds left.\n|inactive|Captain Carbs has 90 seconds left.\n|\n|t:|1697879480\n|move|p1a: Calyrex|Substitute|p1a: Calyrex\n|-start|p1a: Calyrex|Substitute\n|-damage|p1a: Calyrex|15\/100 psn\n|move|p2a: Chi-Yu|Dark Pulse|p1a: Calyrex\n|-supereffective|p1a: Calyrex\n|-end|p1a: Calyrex|Substitute\n|\n|-heal|p1a: Calyrex|21\/100 psn|[from] item: Leftovers\n|-damage|p2a: Chi-Yu|1\/100|[from] Leech Seed|[of] p1a: Calyrex\n|-heal|p1a: Calyrex|29\/100 psn|[silent]\n|-damage|p1a: Calyrex|17\/100 psn|[from] psn\n|upkeep\n|turn|23\n|c|\u2606luffy392|i hope ya nans just had a hear attack and thats why ur adk\n|\n|t:|1697879489\n|switch|p1a: Ditto|Ditto|100\/100\n|-status|p1a: Ditto|psn\n|-transform|p1a: Ditto|p2a: Chi-Yu|[from] ability: Imposter\n|-ability|p1a: Ditto|Beads of Ruin\n|move|p2a: Chi-Yu|Dark Pulse|p1a: Ditto|[miss]\n|-miss|p2a: Chi-Yu|p1a: Ditto\n|\n|-damage|p2a: Chi-Yu|0 fnt|[from] Leech Seed|[of] p1a: Ditto\n|faint|p2a: Chi-Yu\n|-damage|p1a: Ditto|88\/100 psn|[from] psn\n|upkeep\n|\n|t:|1697879506\n|switch|p2a: Drifblim|Drifblim, F|100\/100\n|turn|24\n|\n|t:|1697879511\n|move|p1a: Ditto|Dark Pulse|p2a: Drifblim\n|-supereffective|p2a: Drifblim\n|-damage|p2a: Drifblim|0 fnt\n|faint|p2a: Drifblim\n|\n|-damage|p1a: Ditto|76\/100 psn|[from] psn\n|upkeep\n|\n|t:|1697879517\n|switch|p2a: Ceruledge|Ceruledge, F|100\/100\n|turn|25\n|\n|t:|1697879522\n|move|p1a: Ditto|Dark Pulse|p2a: Ceruledge\n|-supereffective|p2a: Ceruledge\n|-damage|p2a: Ceruledge|0 fnt\n|faint|p2a: Ceruledge\n|\n|-damage|p1a: Ditto|63\/100 psn|[from] psn\n|upkeep\n|\n|t:|1697879528\n|switch|p2a: Eternatus|Eternatus|92\/100\n|-ability|p2a: Eternatus|Pressure\n|turn|26\n|inactive|Captain Carbs has 120 seconds left.\n|\n|t:|1697879540\n|switch|p1a: Hoopa|Hoopa-Unbound|100\/100\n|-status|p1a: Hoopa|psn\n|move|p2a: Eternatus|Flamethrower|p1a: Hoopa\n|-damage|p1a: Hoopa|74\/100 psn\n|\n|-damage|p1a: Hoopa|62\/100 psn|[from] psn\n|upkeep\n|turn|27\n|inactive|Captain Carbs has 120 seconds left.\n|\n|t:|1697879548\n|move|p2a: Eternatus|Dynamax Cannon|p1a: Hoopa\n|-damage|p1a: Hoopa|14\/100 psn\n|move|p1a: Hoopa|Knock Off|p2a: Eternatus\n|-damage|p2a: Eternatus|52\/100\n|-enditem|p2a: Eternatus|Aguav Berry|[from] move: Knock Off|[of] p1a: Hoopa\n|\n|-damage|p1a: Hoopa|2\/100 psn|[from] psn\n|upkeep\n|turn|28\n|inactive|Captain Carbs has 120 seconds left.\n|\n|t:|1697879559\n|switch|p1a: Arceus|Arceus-Water|100\/100\n|-status|p1a: Arceus|psn\n|move|p2a: Eternatus|Recover|p2a: Eternatus\n|-heal|p2a: Eternatus|100\/100\n|\n|-damage|p1a: Arceus|88\/100 psn|[from] psn\n|upkeep\n|turn|29\n|c|\u2606Captain Carbs|:D\n|inactive|Captain Carbs has 120 seconds left.\n|\n|t:|1697879574\n|move|p2a: Eternatus|Dynamax Cannon|p1a: Arceus\n|-damage|p1a: Arceus|52\/100 psn\n|move|p1a: Arceus|Taunt|p2a: Eternatus\n|-start|p2a: Eternatus|move: Taunt\n|\n|-damage|p1a: Arceus|40\/100 psn|[from] psn\n|upkeep\n|turn|30\n|c|\u2606luffy392|i hope ur nans in the hospital dying\n|\n|t:|1697879586\n|switch|p1a: Ribombee|Ribombee, F|100\/100\n|-status|p1a: Ribombee|psn\n|move|p2a: Eternatus|Dynamax Cannon|p1a: Ribombee\n|-immune|p1a: Ribombee\n|\n|-damage|p1a: Ribombee|88\/100 psn|[from] psn\n|upkeep\n|turn|31\n|\n|t:|1697879597\n|move|p1a: Ribombee|Quiver Dance|p1a: Ribombee\n|-boost|p1a: Ribombee|spa|1\n|-boost|p1a: Ribombee|spd|1\n|-boost|p1a: Ribombee|spe|1\n|move|p2a: Eternatus|Flamethrower|p1a: Ribombee\n|-supereffective|p1a: Ribombee\n|-damage|p1a: Ribombee|14\/100 psn\n|-enditem|p1a: Ribombee|Red Card|[of] p2a: Eternatus\n|drag|p2a: Kingambit|Kingambit, M|100\/100\n|-activate|p2a: Kingambit|ability: Supreme Overlord\n|-start|p2a: Kingambit|fallen4|[silent]\n|\n|-damage|p1a: Ribombee|2\/100 psn|[from] psn\n|upkeep\n|turn|32\n|\n|t:|1697879608\n|move|p1a: Ribombee|Baton Pass|p1a: Ribombee\n|c|\u2606Captain Carbs|:\"D\n|\n|t:|1697879615\n|switch|p1a: Kingambit|Kingambit, M, tera:Dark|65\/100|[from] Baton Pass\n|-status|p1a: Kingambit|psn\n|-ability|p1a: Kingambit|Pressure\n|move|p2a: Kingambit|Swords Dance|p2a: Kingambit\n|-boost|p2a: Kingambit|atk|2\n|\n|-heal|p1a: Kingambit|72\/100 psn|[from] item: Leftovers\n|-damage|p1a: Kingambit|59\/100 psn|[from] psn\n|upkeep\n|turn|33\n|c|\u2606luffy392|FOR FUCKS SAKE\n|\n|t:|1697879630\n|move|p2a: Kingambit|Kowtow Cleave|p1a: Kingambit\n|-resisted|p1a: Kingambit\n|-damage|p1a: Kingambit|29\/100 psn\n|move|p1a: Kingambit|Substitute|p1a: Kingambit\n|-start|p1a: Kingambit|Substitute\n|-damage|p1a: Kingambit|4\/100 psn\n|\n|-heal|p1a: Kingambit|10\/100 psn|[from] item: Leftovers\n|-damage|p1a: Kingambit|0 fnt|[from] psn\n|faint|p1a: Kingambit\n|upkeep\n|c|\u2606Captain Carbs|:\"O\n|\n|t:|1697879644\n|switch|p1a: Calyrex|Calyrex-Shadow|17\/100 psn\n|-ability|p1a: Calyrex|As One\n|-ability|p1a: Calyrex|Unnerve\n|turn|34\n|\n|t:|1697879650\n|move|p1a: Calyrex|Confuse Ray|p2a: Kingambit\n|-start|p2a: Kingambit|confusion\n|-activate|p2a: Kingambit|confusion\n|-damage|p2a: Kingambit|79\/100|[from] confusion\n|\n|-heal|p1a: Calyrex|23\/100 psn|[from] item: Leftovers\n|-heal|p2a: Kingambit|85\/100|[from] item: Leftovers\n|-damage|p1a: Calyrex|10\/100 psn|[from] psn\n|upkeep\n|turn|35\n|\n|t:|1697879658\n|move|p1a: Calyrex|Leech Seed|p2a: Kingambit\n|-start|p2a: Kingambit|move: Leech Seed\n|-activate|p2a: Kingambit|confusion\n|move|p2a: Kingambit|Kowtow Cleave|p1a: Calyrex\n|-supereffective|p1a: Calyrex\n|-damage|p1a: Calyrex|0 fnt\n|faint|p1a: Calyrex\n|\n|-heal|p2a: Kingambit|92\/100|[from] item: Leftovers\n|upkeep\n|\n|t:|1697879667\n|switch|p1a: Ditto|Ditto|63\/100 psn\n|-transform|p1a: Ditto|p2a: Kingambit|[from] ability: Imposter\n|-activate|p1a: Ditto|ability: Supreme Overlord\n|-start|p1a: Ditto|fallen2|[silent]\n|turn|36\n|\n|t:|1697879694\n|move|p1a: Ditto|Kowtow Cleave|p2a: Kingambit\n|-resisted|p2a: Kingambit\n|-damage|p2a: Kingambit|55\/100\n|-end|p2a: Kingambit|confusion\n|move|p2a: Kingambit|Kowtow Cleave|p1a: Ditto\n|-resisted|p1a: Ditto\n|-damage|p1a: Ditto|5\/100 psn\n|\n|-heal|p2a: Kingambit|62\/100|[from] item: Leftovers\n|-damage|p2a: Kingambit|49\/100|[from] Leech Seed|[of] p1a: Ditto\n|-heal|p1a: Ditto|22\/100 psn|[silent]\n|-damage|p1a: Ditto|9\/100 psn|[from] psn\n|upkeep\n|turn|37\n|\n|t:|1697879706\n|move|p1a: Ditto|Sucker Punch|p2a: Kingambit\n|-resisted|p2a: Kingambit\n|-damage|p2a: Kingambit|16\/100\n|move|p2a: Kingambit|Kowtow Cleave|p1a: Ditto\n|-resisted|p1a: Ditto\n|-damage|p1a: Ditto|0 fnt\n|faint|p1a: Ditto\n|-end|p1a: Ditto|fallen2|[silent]\n|\n|-heal|p2a: Kingambit|22\/100|[from] item: Leftovers\n|upkeep\n|\n|t:|1697879715\n|switch|p1a: Hoopa|Hoopa-Unbound|2\/100 psn\n|turn|38\n|\n|t:|1697879720\n|switch|p1a: Arceus|Arceus-Water|40\/100 psn\n|move|p2a: Kingambit|Kowtow Cleave|p1a: Arceus\n|-damage|p1a: Arceus|0 fnt\n|faint|p1a: Arceus\n|\n|-heal|p2a: Kingambit|28\/100|[from] item: Leftovers\n|upkeep\n|\n|t:|1697879728\n|switch|p1a: Ribombee|Ribombee, F|2\/100 psn\n|turn|39\n|\n|t:|1697879733\n|move|p1a: Ribombee|Bug Buzz|p2a: Kingambit\n|-damage|p2a: Kingambit|0 fnt\n|faint|p2a: Kingambit\n|-end|p2a: Kingambit|fallen4|[silent]\n|\n|-damage|p1a: Ribombee|0 fnt|[from] psn\n|faint|p1a: Ribombee\n|upkeep\n|\n|t:|1697879739\n|switch|p1a: Hoopa|Hoopa-Unbound|2\/100 psn\n|switch|p2a: Eternatus|Eternatus|100\/100\n|-ability|p2a: Eternatus|Pressure\n|turn|40\n|c|\u2606Captain Carbs|this was super fun\n|c|\u2606luffy392|no\n|\n|t:|1697879761\n|move|p2a: Eternatus|Flamethrower|p1a: Hoopa\n|-damage|p1a: Hoopa|0 fnt\n|faint|p1a: Hoopa\n|\n|win|luffy392\n|raw|Captain Carbs's rating: 1131 &rarr; <strong>1110<\/strong><br \/>(-21 for losing)\n|raw|luffy392's rating: 1189 &rarr; <strong>1210<\/strong><br \/>(+21 for winning)\n|c|\u2606luffy392|YESSS\n|c|\u2606Captain Carbs|GG :D\n|c|\u2606luffy392|I BEAT YOUR FUCKING TEAM\n","uploadtime":1697879472,"views":17,"p1id":"captaincarbs","p2id":"luffy392","formatid":"gen9anythinggoes","rating":1110,"private":0,"password":""}