{"id":"gen9anythinggoes-1973204475","p1":"supernevan6","p2":"far_buzzard","format":"[Gen 9] Anything Goes","log":"|j|\u2606supernevan6\n|j|\u2606far_buzzard\n|t:|1697939184\n|gametype|singles\n|player|p1|supernevan6|red|1157\n|player|p2|far_buzzard|volkner|1059\n|teamsize|p1|6\n|teamsize|p2|6\n|gen|9\n|tier|[Gen 9] Anything Goes\n|rated|\n|rule|HP Percentage Mod: HP is shown in percentages\n|rule|Endless Battle Clause: Forcing endless battles is banned\n|clearpoke\n|poke|p1|Iron Valiant|\n|poke|p1|Iron Bundle|\n|poke|p1|Iron Jugulis|\n|poke|p1|Miraidon|\n|poke|p1|Iron Moth|\n|poke|p1|Iron Thorns|\n|poke|p2|Mew|\n|poke|p2|Vikavolt, F|\n|poke|p2|Meloetta|\n|poke|p2|Tropius, F|\n|poke|p2|Zapdos-Galar|\n|poke|p2|Ninetales, M|\n|teampreview\n|inactive|Battle timer is ON: inactive players will automatically lose when time's up. (requested by far_buzzard)\n|\n|t:|1697939196\n|start\n|switch|p1a: Iron Thorns|Iron Thorns|100\/100\n|switch|p2a: Vikavolt|Vikavolt, F, shiny|100\/100\n|-enditem|p1a: Iron Thorns|Booster Energy\n|-activate|p1a: Iron Thorns|ability: Quark Drive|[fromitem]\n|-start|p1a: Iron Thorns|quarkdriveatk\n|turn|1\n|\n|t:|1697939210\n|move|p1a: Iron Thorns|Rock Blast|p2a: Vikavolt|[miss]\n|-miss|p1a: Iron Thorns|p2a: Vikavolt\n|move|p2a: Vikavolt|Sticky Web|p1a: Iron Thorns\n|-sidestart|p1: supernevan6|move: Sticky Web\n|\n|upkeep\n|turn|2\n|\n|t:|1697939219\n|move|p1a: Iron Thorns|Rock Blast|p2a: Vikavolt\n|-supereffective|p2a: Vikavolt\n|-damage|p2a: Vikavolt|63\/100\n|-supereffective|p2a: Vikavolt\n|-damage|p2a: Vikavolt|30\/100\n|-supereffective|p2a: Vikavolt\n|-damage|p2a: Vikavolt|0 fnt\n|faint|p2a: Vikavolt\n|-hitcount|p2: Vikavolt|3\n|\n|upkeep\n|\n|t:|1697939227\n|switch|p2a: Mew|Mew, shiny|100\/100\n|turn|3\n|\n|t:|1697939242\n|move|p2a: Mew|Toxic Spikes|p1a: Iron Thorns\n|-sidestart|p1: supernevan6|move: Toxic Spikes\n|move|p1a: Iron Thorns|Dragon Dance|p1a: Iron Thorns\n|-boost|p1a: Iron Thorns|atk|1\n|-boost|p1a: Iron Thorns|spe|1\n|\n|upkeep\n|turn|4\n|\n|t:|1697939249\n|move|p1a: Iron Thorns|Dragon Dance|p1a: Iron Thorns\n|-boost|p1a: Iron Thorns|atk|1\n|-boost|p1a: Iron Thorns|spe|1\n|move|p2a: Mew|Encore|p1a: Iron Thorns\n|-start|p1a: Iron Thorns|Encore\n|\n|upkeep\n|turn|5\n|\n|t:|1697939256\n|move|p1a: Iron Thorns|Dragon Dance|p1a: Iron Thorns\n|-boost|p1a: Iron Thorns|atk|1\n|-boost|p1a: Iron Thorns|spe|1\n|move|p2a: Mew|Spikes|p1a: Iron Thorns\n|-sidestart|p1: supernevan6|Spikes\n|\n|upkeep\n|turn|6\n|\n|t:|1697939261\n|switch|p2a: Ninetales|Ninetales, M, shiny|100\/100\n|-weather|SunnyDay|[from] ability: Drought|[of] p2a: Ninetales\n|move|p1a: Iron Thorns|Dragon Dance|p1a: Iron Thorns\n|-boost|p1a: Iron Thorns|atk|1\n|-boost|p1a: Iron Thorns|spe|1\n|\n|-weather|SunnyDay|[upkeep]\n|upkeep\n|turn|7\n|\n|t:|1697939268\n|move|p1a: Iron Thorns|Dragon Dance|p1a: Iron Thorns\n|-boost|p1a: Iron Thorns|atk|1\n|-boost|p1a: Iron Thorns|spe|1\n|move|p2a: Ninetales|Roar|p1a: Iron Thorns\n|-end|p1a: Iron Thorns|Quark Drive|[silent]\n|drag|p1a: Iron Valiant|Iron Valiant|100\/100\n|-activate|p1a: Iron Valiant|move: Sticky Web\n|-unboost|p1a: Iron Valiant|spe|1\n|-status|p1a: Iron Valiant|psn\n|-damage|p1a: Iron Valiant|88\/100 psn|[from] Spikes\n|-enditem|p1a: Iron Valiant|Booster Energy\n|-activate|p1a: Iron Valiant|ability: Quark Drive|[fromitem]\n|-start|p1a: Iron Valiant|quarkdrivespa\n|\n|-weather|SunnyDay|[upkeep]\n|-damage|p1a: Iron Valiant|76\/100 psn|[from] psn\n|upkeep\n|turn|8\n|\n|t:|1697939293\n|-terastallize|p1a: Iron Valiant|Fairy\n|move|p2a: Ninetales|Dark Pulse|p1a: Iron Valiant\n|-resisted|p1a: Iron Valiant\n|-damage|p1a: Iron Valiant|59\/100 psn\n|cant|p1a: Iron Valiant|flinch\n|\n|-weather|SunnyDay|[upkeep]\n|-damage|p1a: Iron Valiant|47\/100 psn|[from] psn\n|upkeep\n|turn|9\n|\n|t:|1697939308\n|move|p2a: Ninetales|Shadow Ball|p1a: Iron Valiant\n|-damage|p1a: Iron Valiant|18\/100 psn\n|-unboost|p1a: Iron Valiant|spd|1\n|move|p1a: Iron Valiant|Moonblast|p2a: Ninetales\n|-resisted|p2a: Ninetales\n|-damage|p2a: Ninetales|64\/100\n|\n|-weather|SunnyDay|[upkeep]\n|-heal|p2a: Ninetales|70\/100|[from] item: Leftovers\n|-damage|p1a: Iron Valiant|5\/100 psn|[from] psn\n|upkeep\n|turn|10\n|\n|t:|1697939321\n|move|p2a: Ninetales|Shadow Ball|p1a: Iron Valiant\n|-damage|p1a: Iron Valiant|0 fnt\n|faint|p1a: Iron Valiant\n|-end|p1a: Iron Valiant|Quark Drive|[silent]\n|\n|-weather|none\n|-heal|p2a: Ninetales|76\/100|[from] item: Leftovers\n|upkeep\n|\n|t:|1697939327\n|switch|p1a: Iron Bundle|Iron Bundle|100\/100\n|turn|11\n|\n|t:|1697939337\n|switch|p2a: Tropius|Tropius, F, shiny|100\/100\n|move|p1a: Iron Bundle|Hydro Pump|p2a: Tropius|[miss]\n|-miss|p1a: Iron Bundle|p2a: Tropius\n|\n|upkeep\n|turn|12\n|\n|t:|1697939346\n|-terastallize|p2a: Tropius|Electric\n|move|p1a: Iron Bundle|Ice Beam|p2a: Tropius\n|-damage|p2a: Tropius|61\/100\n|-status|p2a: Tropius|frz\n|-curestatus|p2a: Tropius|frz|[msg]\n|move|p2a: Tropius|Substitute|p2a: Tropius\n|-start|p2a: Tropius|Substitute\n|-damage|p2a: Tropius|37\/100\n|\n|-heal|p2a: Tropius|43\/100|[from] item: Leftovers\n|upkeep\n|turn|13\n|\n|t:|1697939357\n|move|p1a: Iron Bundle|Taunt|p2a: Tropius\n|-start|p2a: Tropius|move: Taunt\n|cant|p2a: Tropius|move: Taunt|Leech Seed\n|\n|-heal|p2a: Tropius|49\/100|[from] item: Leftovers\n|upkeep\n|turn|14\n|\n|t:|1697939363\n|move|p1a: Iron Bundle|Ice Beam|p2a: Tropius\n|-end|p2a: Tropius|Substitute\n|move|p2a: Tropius|Seed Bomb|p1a: Iron Bundle\n|-supereffective|p1a: Iron Bundle\n|-damage|p1a: Iron Bundle|55\/100\n|\n|-heal|p2a: Tropius|55\/100|[from] item: Leftovers\n|upkeep\n|turn|15\n|\n|t:|1697939372\n|switch|p2a: Mew|Mew, shiny|100\/100\n|move|p1a: Iron Bundle|Ice Beam|p2a: Mew\n|-damage|p2a: Mew|68\/100\n|\n|-heal|p2a: Mew|74\/100|[from] item: Leftovers\n|upkeep\n|turn|16\n|\n|t:|1697939380\n|move|p1a: Iron Bundle|Hydro Pump|p2a: Mew\n|-damage|p2a: Mew|32\/100\n|move|p2a: Mew|Encore|p1a: Iron Bundle\n|-start|p1a: Iron Bundle|Encore\n|\n|-heal|p2a: Mew|38\/100|[from] item: Leftovers\n|upkeep\n|turn|17\n|\n|t:|1697939388\n|switch|p2a: Meloetta|Meloetta|100\/100\n|move|p1a: Iron Bundle|Hydro Pump|p2a: Meloetta\n|-damage|p2a: Meloetta|59\/100\n|\n|-heal|p2a: Meloetta|65\/100|[from] item: Leftovers\n|upkeep\n|turn|18\n|\n|t:|1697939395\n|move|p1a: Iron Bundle|Hydro Pump|p2a: Meloetta\n|-damage|p2a: Meloetta|26\/100\n|move|p2a: Meloetta|Relic Song|p1a: Iron Bundle\n|-damage|p1a: Iron Bundle|0 fnt\n|faint|p1a: Iron Bundle\n|-end|p1a: Iron Bundle|Quark Drive|[silent]\n|-formechange|p2a: Meloetta|Meloetta-Pirouette|[msg]\n|\n|-heal|p2a: Meloetta|32\/100|[from] item: Leftovers\n|upkeep\n|\n|t:|1697939406\n|switch|p1a: Iron Jugulis|Iron Jugulis|100\/100\n|-enditem|p1a: Iron Jugulis|Booster Energy\n|-activate|p1a: Iron Jugulis|ability: Quark Drive|[fromitem]\n|-start|p1a: Iron Jugulis|quarkdrivespe\n|turn|19\n|\n|t:|1697939418\n|move|p1a: Iron Jugulis|Flamethrower|p2a: Meloetta\n|-damage|p2a: Meloetta|0 fnt\n|faint|p2a: Meloetta\n|\n|upkeep\n|\n|t:|1697939423\n|switch|p2a: Ninetales|Ninetales, M, shiny|76\/100\n|-weather|SunnyDay|[from] ability: Drought|[of] p2a: Ninetales\n|turn|20\n|\n|t:|1697939432\n|move|p1a: Iron Jugulis|Taunt|p2a: Ninetales\n|-start|p2a: Ninetales|move: Taunt\n|move|p2a: Ninetales|Burning Jealousy|p1a: Iron Jugulis\n|-damage|p1a: Iron Jugulis|63\/100\n|\n|-weather|SunnyDay|[upkeep]\n|-heal|p2a: Ninetales|82\/100|[from] item: Leftovers\n|upkeep\n|turn|21\n|\n|t:|1697939441\n|switch|p2a: Tropius|Tropius, F, shiny, tera:Electric|55\/100\n|move|p1a: Iron Jugulis|Hurricane|p2a: Tropius\n|-resisted|p2a: Tropius\n|-damage|p2a: Tropius|34\/100\n|-start|p2a: Tropius|confusion\n|\n|-weather|SunnyDay|[upkeep]\n|-heal|p2a: Tropius|40\/100|[from] item: Leftovers\n|upkeep\n|turn|22\n|\n|t:|1697939452\n|move|p1a: Iron Jugulis|Flamethrower|p2a: Tropius\n|-damage|p2a: Tropius|3\/100\n|-activate|p2a: Tropius|confusion\n|-damage|p2a: Tropius|0 fnt|[from] confusion\n|faint|p2a: Tropius\n|\n|-weather|SunnyDay|[upkeep]\n|upkeep\n|c|\u2606far_buzzard|dam\n|\n|t:|1697939461\n|switch|p2a: Zapdos|Zapdos-Galar, shiny|100\/100\n|turn|23\n|\n|t:|1697939466\n|move|p1a: Iron Jugulis|Hurricane|p2a: Zapdos|[miss]\n|-miss|p1a: Iron Jugulis|p2a: Zapdos\n|move|p2a: Zapdos|Bulk Up|p2a: Zapdos\n|-boost|p2a: Zapdos|atk|1\n|-boost|p2a: Zapdos|def|1\n|\n|-weather|SunnyDay|[upkeep]\n|upkeep\n|turn|24\n|\n|t:|1697939474\n|move|p1a: Iron Jugulis|Taunt|p2a: Zapdos\n|-start|p2a: Zapdos|move: Taunt\n|cant|p2a: Zapdos|move: Taunt|Bulk Up\n|\n|-weather|none\n|upkeep\n|turn|25\n|n|!far_buzzard|farbuzzard\n|\n|t:|1697939498\n|move|p1a: Iron Jugulis|Hurricane|p2a: Zapdos\n|-supereffective|p2a: Zapdos\n|-damage|p2a: Zapdos|0 fnt\n|faint|p2a: Zapdos\n|\n|upkeep\n|-message|far_buzzard forfeited.\n|\n|win|supernevan6\n|raw|supernevan6's rating: 1157 &rarr; <strong>1175<\/strong><br \/>(+18 for winning)\n|raw|far_buzzard's rating: 1059 &rarr; <strong>1045<\/strong><br \/>(-14 for losing)\n","uploadtime":1697939492,"views":8,"p1id":"supernevan6","p2id":"farbuzzard","formatid":"gen9anythinggoes","rating":1045,"private":0,"password":""}