{"id":"gen9anythinggoes-1976026555","p1":"Kingu01","p2":"Fardulf07","format":"[Gen 9] Anything Goes","log":"|j|\u2606Kingu01\n|j|\u2606Fardulf07\n|t:|1698257589\n|gametype|singles\n|player|p1|Kingu01|cameraman|\n|player|p2|Fardulf07|sabrina|\n|teamsize|p1|6\n|teamsize|p2|6\n|gen|9\n|tier|[Gen 9] Anything Goes\n|rule|HP Percentage Mod: HP is shown in percentages\n|rule|Endless Battle Clause: Forcing endless battles is banned\n|clearpoke\n|poke|p1|Great Tusk|\n|poke|p1|Cinderace, M|\n|poke|p1|Maushold|\n|poke|p1|Sneasler, M|\n|poke|p1|Dragonite, F|\n|poke|p1|Ditto|\n|poke|p2|Toxapex, F|\n|poke|p2|Garganacl, M|\n|poke|p2|Naclstack, F|\n|poke|p2|Roaring Moon|\n|poke|p2|Ribombee, F|\n|poke|p2|Regieleki|\n|teampreview\n|j| caligulahar\n|\n|t:|1698257602\n|start\n|switch|p1a: Great Tusk|Great Tusk|100\/100\n|switch|p2a: Toxapex|Toxapex, F|100\/100\n|turn|1\n|\n|t:|1698257612\n|move|p2a: Toxapex|Baneful Bunker|p2a: Toxapex\n|-singleturn|p2a: Toxapex|move: Protect\n|move|p1a: Great Tusk|Stealth Rock|p2a: Toxapex\n|-sidestart|p2: Fardulf07|move: Stealth Rock\n|\n|upkeep\n|turn|2\n|\n|t:|1698257638\n|-end|p1a: Great Tusk|Protosynthesis|[silent]\n|switch|p1a: Dragonite|Dragonite, F|100\/100\n|move|p2a: Toxapex|Toxic Spikes|p1a: Dragonite\n|-sidestart|p1: Kingu01|move: Toxic Spikes\n|\n|upkeep\n|turn|3\n|\n|t:|1698257647\n|move|p2a: Toxapex|Baneful Bunker|p2a: Toxapex\n|-singleturn|p2a: Toxapex|move: Protect\n|move|p1a: Dragonite|Dragon Dance|p1a: Dragonite\n|-boost|p1a: Dragonite|atk|1\n|-boost|p1a: Dragonite|spe|1\n|\n|upkeep\n|turn|4\n|\n|t:|1698257663\n|move|p1a: Dragonite|Dragon Dance|p1a: Dragonite\n|-boost|p1a: Dragonite|atk|1\n|-boost|p1a: Dragonite|spe|1\n|move|p2a: Toxapex|Toxic|p1a: Dragonite\n|-status|p1a: Dragonite|tox\n|\n|-damage|p1a: Dragonite|94\/100 tox|[from] psn\n|upkeep\n|turn|5\n|\n|t:|1698257680\n|move|p1a: Dragonite|Earthquake|p2a: Toxapex\n|-supereffective|p2a: Toxapex\n|-damage|p2a: Toxapex|12\/100\n|move|p2a: Toxapex|Toxic Spikes|p1a: Dragonite\n|-sidestart|p1: Kingu01|move: Toxic Spikes\n|\n|-heal|p2a: Toxapex|18\/100|[from] item: Leftovers\n|-damage|p1a: Dragonite|82\/100 tox|[from] psn\n|upkeep\n|turn|6\n|\n|t:|1698257688\n|move|p2a: Toxapex|Baneful Bunker|p2a: Toxapex\n|-singleturn|p2a: Toxapex|move: Protect\n|move|p1a: Dragonite|Dragon Dance|p1a: Dragonite\n|-boost|p1a: Dragonite|atk|1\n|-boost|p1a: Dragonite|spe|1\n|\n|-heal|p2a: Toxapex|24\/100|[from] item: Leftovers\n|-damage|p1a: Dragonite|63\/100 tox|[from] psn\n|upkeep\n|turn|7\n|\n|t:|1698257704\n|switch|p2a: Naclstack|Naclstack, F|100\/100\n|-damage|p2a: Naclstack|88\/100|[from] Stealth Rock\n|move|p1a: Dragonite|Extreme Speed|p2a: Naclstack\n|-resisted|p2a: Naclstack\n|-damage|p2a: Naclstack|68\/100\n|\n|-damage|p1a: Dragonite|39\/100 tox|[from] psn\n|upkeep\n|turn|8\n|\n|t:|1698257731\n|move|p1a: Dragonite|Earthquake|p2a: Naclstack\n|-supereffective|p2a: Naclstack\n|-damage|p2a: Naclstack|0 fnt\n|faint|p2a: Naclstack\n|\n|-damage|p1a: Dragonite|8\/100 tox|[from] psn\n|upkeep\n|\n|t:|1698257740\n|switch|p2a: Ribombee|Ribombee, F|100\/100\n|-damage|p2a: Ribombee|76\/100|[from] Stealth Rock\n|turn|9\n|\n|t:|1698257756\n|move|p1a: Dragonite|Extreme Speed|p2a: Ribombee\n|-damage|p2a: Ribombee|0 fnt\n|faint|p2a: Ribombee\n|\n|-damage|p1a: Dragonite|0 fnt|[from] psn\n|faint|p1a: Dragonite\n|upkeep\n|\n|t:|1698257769\n|switch|p2a: Garganacl|Garganacl, M|100\/100\n|switch|p1a: Sneasler|Sneasler, M|100\/100\n|-item|p1a: Sneasler|Air Balloon\n|-damage|p2a: Garganacl|88\/100|[from] Stealth Rock\n|turn|10\n|\n|t:|1698257786\n|move|p1a: Sneasler|Swords Dance|p1a: Sneasler\n|-boost|p1a: Sneasler|atk|2\n|move|p2a: Garganacl|Salt Cure|p1a: Sneasler\n|-resisted|p1a: Sneasler\n|-damage|p1a: Sneasler|89\/100\n|-start|p1a: Sneasler|Salt Cure\n|-enditem|p1a: Sneasler|Air Balloon\n|\n|-heal|p2a: Garganacl|94\/100|[from] item: Leftovers\n|-damage|p1a: Sneasler|77\/100|[from] Salt Cure\n|upkeep\n|turn|11\n|\n|t:|1698257818\n|move|p2a: Garganacl|Protect|p2a: Garganacl\n|-singleturn|p2a: Garganacl|Protect\n|move|p1a: Sneasler|Close Combat|p2a: Garganacl\n|-activate|p2a: Garganacl|move: Protect\n|\n|-heal|p2a: Garganacl|100\/100|[from] item: Leftovers\n|-damage|p1a: Sneasler|65\/100|[from] Salt Cure\n|upkeep\n|turn|12\n|\n|t:|1698257835\n|move|p1a: Sneasler|Close Combat|p2a: Garganacl\n|-supereffective|p2a: Garganacl\n|-damage|p2a: Garganacl|0 fnt\n|-unboost|p1a: Sneasler|def|1\n|-unboost|p1a: Sneasler|spd|1\n|faint|p2a: Garganacl\n|\n|-damage|p1a: Sneasler|52\/100|[from] Salt Cure\n|upkeep\n|\n|t:|1698257848\n|switch|p2a: Toxapex|Toxapex, F|57\/100\n|-damage|p2a: Toxapex|45\/100|[from] Stealth Rock\n|turn|13\n|\n|t:|1698257861\n|move|p1a: Sneasler|Dire Claw|p2a: Toxapex\n|-resisted|p2a: Toxapex\n|-damage|p2a: Toxapex|17\/100\n|move|p2a: Toxapex|Recover|p2a: Toxapex\n|-heal|p2a: Toxapex|67\/100\n|\n|-heal|p2a: Toxapex|73\/100|[from] item: Leftovers\n|-damage|p1a: Sneasler|40\/100|[from] Salt Cure\n|upkeep\n|turn|14\n|\n|t:|1698257871\n|move|p2a: Toxapex|Baneful Bunker|p2a: Toxapex\n|-singleturn|p2a: Toxapex|move: Protect\n|move|p1a: Sneasler|Acrobatics|p2a: Toxapex\n|-activate|p2a: Toxapex|move: Protect\n|\n|-heal|p2a: Toxapex|79\/100|[from] item: Leftovers\n|-damage|p1a: Sneasler|28\/100|[from] Salt Cure\n|upkeep\n|turn|15\n|\n|t:|1698257881\n|move|p1a: Sneasler|Acrobatics|p2a: Toxapex\n|-damage|p2a: Toxapex|29\/100\n|move|p2a: Toxapex|Recover|p2a: Toxapex\n|-heal|p2a: Toxapex|79\/100\n|\n|-heal|p2a: Toxapex|86\/100|[from] item: Leftovers\n|-damage|p1a: Sneasler|15\/100|[from] Salt Cure\n|upkeep\n|turn|16\n|\n|t:|1698257892\n|move|p2a: Toxapex|Baneful Bunker|p2a: Toxapex\n|-singleturn|p2a: Toxapex|move: Protect\n|move|p1a: Sneasler|Swords Dance|p1a: Sneasler\n|-boost|p1a: Sneasler|atk|2\n|\n|-heal|p2a: Toxapex|92\/100|[from] item: Leftovers\n|-damage|p1a: Sneasler|3\/100|[from] Salt Cure\n|upkeep\n|turn|17\n|\n|t:|1698257934\n|switch|p2a: Roaring Moon|Roaring Moon|100\/100\n|-damage|p2a: Roaring Moon|88\/100|[from] Stealth Rock\n|-enditem|p2a: Roaring Moon|Booster Energy\n|-activate|p2a: Roaring Moon|ability: Protosynthesis|[fromitem]\n|-start|p2a: Roaring Moon|protosynthesisatk\n|move|p1a: Sneasler|Acrobatics|p2a: Roaring Moon\n|-damage|p2a: Roaring Moon|0 fnt\n|faint|p2a: Roaring Moon\n|-end|p2a: Roaring Moon|Protosynthesis|[silent]\n|\n|-damage|p1a: Sneasler|0 fnt|[from] Salt Cure\n|faint|p1a: Sneasler\n|upkeep\n|\n|t:|1698257955\n|switch|p1a: Great Tusk|Great Tusk|100\/100\n|switch|p2a: Toxapex|Toxapex, F|100\/100\n|-status|p1a: Great Tusk|tox\n|-damage|p2a: Toxapex|88\/100|[from] Stealth Rock\n|turn|18\n|\n|t:|1698257966\n|move|p2a: Toxapex|Baneful Bunker|p2a: Toxapex\n|-singleturn|p2a: Toxapex|move: Protect\n|move|p1a: Great Tusk|Knock Off|p2a: Toxapex\n|-activate|p2a: Toxapex|move: Protect\n|\n|-heal|p2a: Toxapex|94\/100|[from] item: Leftovers\n|-damage|p1a: Great Tusk|94\/100 tox|[from] psn\n|upkeep\n|turn|19\n|\n|t:|1698257975\n|move|p1a: Great Tusk|Rapid Spin|p2a: Toxapex\n|-damage|p2a: Toxapex|85\/100\n|-boost|p1a: Great Tusk|spe|1\n|-sideend|p1: Kingu01|Toxic Spikes|[from] move: Rapid Spin|[of] p1a: Great Tusk\n|move|p2a: Toxapex|Recover|p2a: Toxapex\n|-heal|p2a: Toxapex|100\/100\n|\n|-damage|p1a: Great Tusk|82\/100 tox|[from] psn\n|upkeep\n|turn|20\n|\n|t:|1698257987\n|move|p2a: Toxapex|Baneful Bunker|p2a: Toxapex\n|-singleturn|p2a: Toxapex|move: Protect\n|move|p1a: Great Tusk|Knock Off|p2a: Toxapex\n|-activate|p2a: Toxapex|move: Protect\n|\n|-damage|p1a: Great Tusk|63\/100 tox|[from] psn\n|upkeep\n|turn|21\n|\n|t:|1698257999\n|move|p1a: Great Tusk|Earthquake|p2a: Toxapex\n|-supereffective|p2a: Toxapex\n|-damage|p2a: Toxapex|45\/100\n|move|p2a: Toxapex|Recover|p2a: Toxapex\n|-heal|p2a: Toxapex|95\/100\n|\n|-heal|p2a: Toxapex|100\/100|[from] item: Leftovers\n|-damage|p1a: Great Tusk|38\/100 tox|[from] psn\n|upkeep\n|turn|22\n|\n|t:|1698258016\n|-end|p1a: Great Tusk|Protosynthesis|[silent]\n|switch|p1a: Maushold|Maushold|100\/100\n|move|p2a: Toxapex|Baneful Bunker||[still]\n|-fail|p2a: Toxapex\n|\n|upkeep\n|turn|23\n|\n|t:|1698258030\n|move|p1a: Maushold|Tidy Up|p1a: Maushold\n|-sideend|p2: Fardulf07|Stealth Rock\n|-activate|p1a: Maushold|move: Tidy Up\n|-boost|p1a: Maushold|atk|1\n|-boost|p1a: Maushold|spe|1\n|move|p2a: Toxapex|Toxic Spikes|p1a: Maushold\n|-sidestart|p1: Kingu01|move: Toxic Spikes\n|\n|upkeep\n|turn|24\n|\n|t:|1698258042\n|move|p1a: Maushold|Tidy Up|p1a: Maushold\n|-sideend|p1: Kingu01|Toxic Spikes\n|-activate|p1a: Maushold|move: Tidy Up\n|-boost|p1a: Maushold|atk|1\n|-boost|p1a: Maushold|spe|1\n|move|p2a: Toxapex|Toxic|p1a: Maushold\n|-status|p1a: Maushold|tox\n|\n|-damage|p1a: Maushold|94\/100 tox|[from] psn\n|upkeep\n|turn|25\n|\n|t:|1698258053\n|move|p2a: Toxapex|Baneful Bunker|p2a: Toxapex\n|-singleturn|p2a: Toxapex|move: Protect\n|move|p1a: Maushold|Tidy Up|p1a: Maushold\n|-boost|p1a: Maushold|atk|1\n|-boost|p1a: Maushold|spe|1\n|\n|-damage|p1a: Maushold|82\/100 tox|[from] psn\n|upkeep\n|turn|26\n|\n|t:|1698258079\n|move|p1a: Maushold|Tidy Up|p1a: Maushold\n|-boost|p1a: Maushold|atk|1\n|-boost|p1a: Maushold|spe|1\n|move|p2a: Toxapex|Recover||[still]\n|-fail|p2a: Toxapex|heal\n|\n|-damage|p1a: Maushold|63\/100 tox|[from] psn\n|upkeep\n|turn|27\n|\n|t:|1698258109\n|move|p2a: Toxapex|Baneful Bunker|p2a: Toxapex\n|-singleturn|p2a: Toxapex|move: Protect\n|move|p1a: Maushold|Baton Pass|p1a: Maushold\n|\n|t:|1698258117\n|switch|p1a: Cinderace|Cinderace, M|100\/100|[from] Baton Pass\n|\n|upkeep\n|turn|28\n|\n|t:|1698258130\n|move|p1a: Cinderace|Pyro Ball|p2a: Toxapex\n|-resisted|p2a: Toxapex\n|-damage|p2a: Toxapex|55\/100\n|move|p2a: Toxapex|Recover|p2a: Toxapex\n|-heal|p2a: Toxapex|100\/100\n|\n|upkeep\n|turn|29\n|\n|t:|1698258159\n|move|p1a: Cinderace|Pyro Ball|p2a: Toxapex\n|-resisted|p2a: Toxapex\n|-damage|p2a: Toxapex|52\/100\n|move|p2a: Toxapex|Toxic|p1a: Cinderace\n|-status|p1a: Cinderace|tox\n|\n|-heal|p2a: Toxapex|58\/100|[from] item: Leftovers\n|-damage|p1a: Cinderace|94\/100 tox|[from] psn\n|upkeep\n|turn|30\n|\n|t:|1698258167\n|move|p1a: Cinderace|Pyro Ball|p2a: Toxapex\n|-resisted|p2a: Toxapex\n|-damage|p2a: Toxapex|17\/100\n|move|p2a: Toxapex|Recover|p2a: Toxapex\n|-heal|p2a: Toxapex|67\/100\n|\n|-heal|p2a: Toxapex|73\/100|[from] item: Leftovers\n|-damage|p1a: Cinderace|82\/100 tox|[from] psn\n|upkeep\n|turn|31\n|\n|t:|1698258176\n|move|p1a: Cinderace|Pyro Ball|p2a: Toxapex\n|-resisted|p2a: Toxapex\n|-damage|p2a: Toxapex|27\/100\n|move|p2a: Toxapex|Toxic Spikes|p1a: Cinderace\n|-sidestart|p1: Kingu01|move: Toxic Spikes\n|\n|-heal|p2a: Toxapex|33\/100|[from] item: Leftovers\n|-damage|p1a: Cinderace|64\/100 tox|[from] psn\n|upkeep\n|turn|32\n|\n|t:|1698258188\n|move|p1a: Cinderace|Pyro Ball|p2a: Toxapex\n|-resisted|p2a: Toxapex\n|-damage|p2a: Toxapex|0 fnt\n|faint|p2a: Toxapex\n|\n|-damage|p1a: Cinderace|40\/100 tox|[from] psn\n|upkeep\n|\n|t:|1698258203\n|switch|p2a: Regieleki|Regieleki|100\/100\n|turn|33\n|\n|t:|1698258221\n|move|p1a: Cinderace|Pyro Ball|p2a: Regieleki\n|-damage|p2a: Regieleki|0 fnt\n|faint|p2a: Regieleki\n|\n|win|Kingu01\n|l|\u2606Fardulf07\n","uploadtime":1698258236,"views":17,"p1id":"kingu01","p2id":"fardulf07","formatid":"gen9anythinggoes","rating":0,"private":0,"password":""}