{"id":"gen9anythinggoes-1982942379","p1":"gmighty","p2":"LingLing007","format":"[Gen 9] Anything Goes","log":"|j|\u2606gmighty\n|j|\u2606LingLing007\n|t:|1699061330\n|gametype|singles\n|player|p1|gmighty|266|1178\n|player|p2|LingLing007|hilbert-masters2|1301\n|teamsize|p1|6\n|teamsize|p2|6\n|gen|9\n|tier|[Gen 9] Anything Goes\n|rated|\n|rule|HP Percentage Mod: HP is shown in percentages\n|rule|Endless Battle Clause: Forcing endless battles is banned\n|clearpoke\n|poke|p1|Dragapult, M|\n|poke|p1|Kingambit, M|\n|poke|p1|Regieleki|\n|poke|p1|Gallade, M|\n|poke|p1|Ogerpon-Hearthflame, F|\n|poke|p1|Azumarill, M|\n|poke|p2|Roaring Moon|\n|poke|p2|Toxapex, F|\n|poke|p2|Gliscor, M|\n|poke|p2|Polteageist-Antique|\n|poke|p2|Tinkaton, F|\n|poke|p2|Gengar, M|\n|teampreview\n|\n|t:|1699061341\n|start\n|switch|p1a: Dragapult|Dragapult, M|100\/100\n|switch|p2a: Tinkaton|Tinkaton, F|100\/100\n|-ability|p2a: Tinkaton|Mold Breaker\n|turn|1\n|inactive|Battle timer is ON: inactive players will automatically lose when time's up. (requested by LingLing007)\n|\n|t:|1699061348\n|move|p1a: Dragapult|Dragon Dance|p1a: Dragapult\n|-boost|p1a: Dragapult|atk|1\n|-boost|p1a: Dragapult|spe|1\n|move|p2a: Tinkaton|Thunder Wave|p1a: Dragapult\n|-status|p1a: Dragapult|par\n|\n|upkeep\n|turn|2\n|\n|t:|1699061355\n|move|p1a: Dragapult|Dragon Darts|p2a: Tinkaton\n|-immune|p2a: Tinkaton\n|move|p2a: Tinkaton|Encore|p1a: Dragapult\n|-start|p1a: Dragapult|Encore\n|\n|upkeep\n|turn|3\n|\n|t:|1699061361\n|switch|p1a: Ogerpon|Ogerpon-Hearthflame, F|100\/100\n|-ability|p1a: Ogerpon|Mold Breaker\n|move|p2a: Tinkaton|Knock Off|p1a: Ogerpon\n|-damage|p1a: Ogerpon|84\/100\n|\n|upkeep\n|turn|4\n|\n|t:|1699061370\n|move|p1a: Ogerpon|Ivy Cudgel|p2a: Tinkaton\n|-supereffective|p2a: Tinkaton\n|-damage|p2a: Tinkaton|15\/100\n|move|p2a: Tinkaton|Thunder Wave|p1a: Ogerpon\n|-status|p1a: Ogerpon|par\n|\n|-heal|p2a: Tinkaton|21\/100|[from] item: Leftovers\n|upkeep\n|turn|5\n|\n|t:|1699061377\n|switch|p2a: Gliscor|Gliscor, M|100\/100\n|cant|p1a: Ogerpon|par\n|\n|-status|p2a: Gliscor|tox|[from] item: Toxic Orb\n|upkeep\n|turn|6\n|\n|t:|1699061384\n|move|p2a: Gliscor|Spikes|p1a: Ogerpon\n|-sidestart|p1: gmighty|Spikes\n|move|p1a: Ogerpon|Ivy Cudgel|p2a: Gliscor\n|-damage|p2a: Gliscor|66\/100 tox\n|\n|-heal|p2a: Gliscor|79\/100 tox|[from] ability: Poison Heal\n|upkeep\n|turn|7\n|\n|t:|1699061391\n|move|p2a: Gliscor|Spikes|p1a: Ogerpon\n|-sidestart|p1: gmighty|Spikes\n|move|p1a: Ogerpon|Swords Dance|p1a: Ogerpon\n|-boost|p1a: Ogerpon|atk|2\n|\n|-heal|p2a: Gliscor|91\/100 tox|[from] ability: Poison Heal\n|upkeep\n|turn|8\n|\n|t:|1699061398\n|move|p2a: Gliscor|Protect|p2a: Gliscor\n|-singleturn|p2a: Gliscor|Protect\n|move|p1a: Ogerpon|Horn Leech|p2a: Gliscor\n|-activate|p2a: Gliscor|move: Protect\n|\n|-heal|p2a: Gliscor|100\/100 tox|[from] ability: Poison Heal\n|upkeep\n|turn|9\n|\n|t:|1699061407\n|move|p2a: Gliscor|Earthquake|p1a: Ogerpon\n|-damage|p1a: Ogerpon|44\/100 par\n|move|p1a: Ogerpon|Horn Leech|p2a: Gliscor\n|-damage|p2a: Gliscor|51\/100 tox\n|-heal|p1a: Ogerpon|73\/100 par|[from] drain|[of] p2a: Gliscor\n|\n|-heal|p2a: Gliscor|64\/100 tox|[from] ability: Poison Heal\n|upkeep\n|turn|10\n|\n|t:|1699061417\n|move|p2a: Gliscor|Protect|p2a: Gliscor\n|-singleturn|p2a: Gliscor|Protect\n|move|p1a: Ogerpon|Play Rough|p2a: Gliscor\n|-activate|p2a: Gliscor|move: Protect\n|\n|-heal|p2a: Gliscor|76\/100 tox|[from] ability: Poison Heal\n|upkeep\n|turn|11\n|\n|t:|1699061426\n|move|p2a: Gliscor|Spikes|p1a: Ogerpon\n|-sidestart|p1: gmighty|Spikes\n|move|p1a: Ogerpon|Horn Leech|p2a: Gliscor\n|-damage|p2a: Gliscor|24\/100 tox\n|-heal|p1a: Ogerpon|100\/100 par|[from] drain|[of] p2a: Gliscor\n|\n|-heal|p2a: Gliscor|37\/100 tox|[from] ability: Poison Heal\n|upkeep\n|turn|12\n|\n|t:|1699061435\n|move|p2a: Gliscor|Protect|p2a: Gliscor\n|-singleturn|p2a: Gliscor|Protect\n|move|p1a: Ogerpon|Horn Leech|p2a: Gliscor\n|-activate|p2a: Gliscor|move: Protect\n|\n|-heal|p2a: Gliscor|49\/100 tox|[from] ability: Poison Heal\n|upkeep\n|turn|13\n|\n|t:|1699061442\n|move|p2a: Gliscor|Earthquake|p1a: Ogerpon\n|-damage|p1a: Ogerpon|60\/100 par\n|move|p1a: Ogerpon|Horn Leech|p2a: Gliscor\n|-damage|p2a: Gliscor|0 fnt\n|-heal|p1a: Ogerpon|89\/100 par|[from] drain|[of] p2a: Gliscor\n|faint|p2a: Gliscor\n|\n|upkeep\n|\n|t:|1699061448\n|switch|p2a: Toxapex|Toxapex, F|100\/100\n|turn|14\n|\n|t:|1699061454\n|move|p1a: Ogerpon|Horn Leech|p2a: Toxapex\n|-damage|p2a: Toxapex|25\/100\n|-heal|p1a: Ogerpon|100\/100 par|[from] drain|[of] p2a: Toxapex\n|-damage|p1a: Ogerpon|84\/100 par|[from] item: Rocky Helmet|[of] p2a: Toxapex\n|move|p2a: Toxapex|Haze|p2a: Toxapex\n|-clearallboost\n|\n|upkeep\n|turn|15\n|\n|t:|1699061470\n|switch|p2a: Tinkaton|Tinkaton, F|21\/100\n|-ability|p2a: Tinkaton|Mold Breaker\n|move|p1a: Ogerpon|Horn Leech|p2a: Tinkaton\n|-resisted|p2a: Tinkaton\n|-damage|p2a: Tinkaton|5\/100\n|-heal|p1a: Ogerpon|94\/100 par|[from] drain|[of] p2a: Tinkaton\n|\n|-heal|p2a: Tinkaton|11\/100|[from] item: Leftovers\n|upkeep\n|turn|16\n|\n|t:|1699061481\n|move|p2a: Tinkaton|Stealth Rock|p1a: Ogerpon\n|-sidestart|p1: gmighty|move: Stealth Rock\n|move|p1a: Ogerpon|Ivy Cudgel|p2a: Tinkaton\n|-supereffective|p2a: Tinkaton\n|-damage|p2a: Tinkaton|0 fnt\n|faint|p2a: Tinkaton\n|\n|upkeep\n|\n|t:|1699061487\n|switch|p2a: Polteageist|Polteageist-Antique|100\/100\n|turn|17\n|\n|t:|1699061492\n|move|p2a: Polteageist|Shell Smash|p2a: Polteageist\n|-unboost|p2a: Polteageist|def|1\n|-unboost|p2a: Polteageist|spd|1\n|-boost|p2a: Polteageist|atk|2\n|-boost|p2a: Polteageist|spa|2\n|-boost|p2a: Polteageist|spe|2\n|move|p1a: Ogerpon|Swords Dance|p1a: Ogerpon\n|-boost|p1a: Ogerpon|atk|2\n|\n|upkeep\n|turn|18\n|\n|t:|1699061506\n|move|p2a: Polteageist|Shell Smash|p2a: Polteageist\n|-unboost|p2a: Polteageist|def|1\n|-unboost|p2a: Polteageist|spd|1\n|-boost|p2a: Polteageist|atk|2\n|-boost|p2a: Polteageist|spa|2\n|-boost|p2a: Polteageist|spe|2\n|cant|p1a: Ogerpon|par\n|\n|upkeep\n|turn|19\n|\n|t:|1699061514\n|move|p2a: Polteageist|Stored Power|p1a: Ogerpon\n|-damage|p1a: Ogerpon|0 fnt\n|faint|p1a: Ogerpon\n|\n|upkeep\n|\n|t:|1699061523\n|switch|p1a: Gallade|Gallade, M|100\/100\n|-damage|p1a: Gallade|76\/100|[from] Spikes\n|-damage|p1a: Gallade|69\/100|[from] Stealth Rock\n|turn|20\n|\n|t:|1699061530\n|move|p2a: Polteageist|Stored Power|p1a: Gallade\n|-damage|p1a: Gallade|0 fnt\n|faint|p1a: Gallade\n|\n|upkeep\n|\n|t:|1699061536\n|switch|p1a: Regieleki|Regieleki|100\/100\n|-damage|p1a: Regieleki|76\/100|[from] Spikes\n|-damage|p1a: Regieleki|63\/100|[from] Stealth Rock\n|turn|21\n|\n|t:|1699061541\n|move|p2a: Polteageist|Stored Power|p1a: Regieleki\n|-damage|p1a: Regieleki|0 fnt\n|faint|p1a: Regieleki\n|\n|upkeep\n|\n|t:|1699061545\n|switch|p1a: Azumarill|Azumarill, M, shiny|100\/100\n|-damage|p1a: Azumarill|76\/100|[from] Spikes\n|-damage|p1a: Azumarill|63\/100|[from] Stealth Rock\n|turn|22\n|\n|t:|1699061553\n|move|p1a: Azumarill|Aqua Jet|p2a: Polteageist\n|-damage|p2a: Polteageist|8\/100\n|move|p2a: Polteageist|Giga Drain|p1a: Azumarill\n|-supereffective|p1a: Azumarill\n|-damage|p1a: Azumarill|0 fnt\n|-heal|p2a: Polteageist|49\/100|[from] drain|[of] p1a: Azumarill\n|faint|p1a: Azumarill\n|\n|upkeep\n|\n|t:|1699061564\n|switch|p1a: Dragapult|Dragapult, M|100\/100 par\n|-damage|p1a: Dragapult|76\/100 par|[from] Spikes\n|-damage|p1a: Dragapult|63\/100 par|[from] Stealth Rock\n|turn|23\n|\n|t:|1699061572\n|move|p2a: Polteageist|Dark Pulse|p1a: Dragapult\n|-supereffective|p1a: Dragapult\n|-damage|p1a: Dragapult|0 fnt\n|faint|p1a: Dragapult\n|\n|upkeep\n|\n|t:|1699061577\n|switch|p1a: Kingambit|Kingambit, M|100\/100\n|-damage|p1a: Kingambit|76\/100|[from] Spikes\n|-damage|p1a: Kingambit|69\/100|[from] Stealth Rock\n|-activate|p1a: Kingambit|ability: Supreme Overlord\n|-start|p1a: Kingambit|fallen5|[silent]\n|turn|24\n|\n|t:|1699061583\n|move|p1a: Kingambit|Sucker Punch|p2a: Polteageist\n|-supereffective|p2a: Polteageist\n|-damage|p2a: Polteageist|0 fnt\n|faint|p2a: Polteageist\n|\n|upkeep\n|\n|t:|1699061585\n|switch|p2a: Gengar|Gengar, M|100\/100\n|turn|25\n|\n|t:|1699061593\n|move|p2a: Gengar|Destiny Bond|p2a: Gengar\n|-singlemove|p2a: Gengar|Destiny Bond\n|move|p1a: Kingambit|Kowtow Cleave|p2a: Gengar\n|-supereffective|p2a: Gengar\n|-enditem|p2a: Gengar|Focus Sash\n|-damage|p2a: Gengar|1\/100\n|-start|p1a: Kingambit|Disable|Kowtow Cleave|[from] ability: Cursed Body|[of] p2a: Gengar\n|\n|upkeep\n|turn|26\n|\n|t:|1699061602\n|move|p2a: Gengar|Focus Blast|p1a: Kingambit\n|-supereffective|p1a: Kingambit\n|-damage|p1a: Kingambit|0 fnt\n|faint|p1a: Kingambit\n|-end|p1a: Kingambit|fallen5|[silent]\n|\n|win|LingLing007\n|raw|gmighty's rating: 1178 &rarr; <strong>1161<\/strong><br \/>(-17 for losing)\n|raw|LingLing007's rating: 1301 &rarr; <strong>1314<\/strong><br \/>(+13 for winning)\n|c|\u2606LingLing007|gg\n","uploadtime":1699061608,"views":14,"p1id":"gmighty","p2id":"lingling007","formatid":"gen9anythinggoes","rating":1161,"private":0,"password":""}