{"id":"gen9anythinggoes-1975998559","p1":"Wizardloso","p2":"CACHUMBO","format":"[Gen 9] Anything Goes","log":"|j|\u2606Wizardloso\n|j|\u2606CACHUMBO\n|t:|1698255375\n|gametype|singles\n|player|p1|Wizardloso|sisandbro|1089\n|player|p2|CACHUMBO|ghetsis|1000\n|teamsize|p1|6\n|teamsize|p2|6\n|gen|9\n|tier|[Gen 9] Anything Goes\n|rated|\n|rule|HP Percentage Mod: HP is shown in percentages\n|rule|Endless Battle Clause: Forcing endless battles is banned\n|clearpoke\n|poke|p1|Toxapex, M|\n|poke|p1|Heatran, M|\n|poke|p1|Maushold-Four|\n|poke|p1|Scovillain, F|\n|poke|p1|Hatterene, F|\n|poke|p1|Dragapult, M|\n|poke|p2|Dudunsparce-*, F|\n|poke|p2|Dudunsparce-*, M|\n|poke|p2|Dudunsparce-*, M|\n|poke|p2|Dudunsparce-*, M|\n|poke|p2|Dudunsparce-*, M|\n|poke|p2|Dudunsparce-*, F|\n|teampreview\n|inactive|Battle timer is ON: inactive players will automatically lose when time's up. (requested by CACHUMBO)\n|\n|t:|1698255392\n|start\n|switch|p1a: Ginny Weasly|Hatterene, F, shiny|100\/100\n|switch|p2a: Dudunsparce|Dudunsparce-Three-Segment, F|100\/100\n|turn|1\n|\n|t:|1698255398\n|move|p2a: Dudunsparce|Headbutt|p1a: Ginny Weasly\n|-damage|p1a: Ginny Weasly|65\/100\n|cant|p1a: Ginny Weasly|flinch\n|\n|upkeep\n|turn|2\n|\n|t:|1698255402\n|move|p2a: Dudunsparce|Headbutt|p1a: Ginny Weasly\n|-damage|p1a: Ginny Weasly|33\/100\n|cant|p1a: Ginny Weasly|flinch\n|\n|upkeep\n|turn|3\n|\n|t:|1698255409\n|move|p2a: Dudunsparce|Headbutt|p1a: Ginny Weasly\n|-damage|p1a: Ginny Weasly|2\/100\n|cant|p1a: Ginny Weasly|flinch\n|\n|upkeep\n|turn|4\n|\n|t:|1698255423\n|move|p2a: Dudunsparce|Headbutt|p1a: Ginny Weasly\n|-damage|p1a: Ginny Weasly|0 fnt\n|faint|p1a: Ginny Weasly\n|\n|upkeep\n|\n|t:|1698255427\n|switch|p1a: Bart and Lisa|Scovillain, F|100\/100\n|turn|5\n|\n|t:|1698255431\n|move|p1a: Bart and Lisa|Substitute|p1a: Bart and Lisa\n|-start|p1a: Bart and Lisa|Substitute\n|-damage|p1a: Bart and Lisa|76\/100\n|move|p2a: Dudunsparce|Headbutt|p1a: Bart and Lisa\n|-end|p1a: Bart and Lisa|Substitute\n|\n|-heal|p1a: Bart and Lisa|82\/100|[from] item: Leftovers\n|-ability|p1a: Bart and Lisa|Moody|boost\n|-boost|p1a: Bart and Lisa|spd|2\n|-unboost|p1a: Bart and Lisa|atk|1\n|upkeep\n|turn|6\n|\n|t:|1698255441\n|move|p1a: Bart and Lisa|Protect|p1a: Bart and Lisa\n|-singleturn|p1a: Bart and Lisa|Protect\n|move|p2a: Dudunsparce|Headbutt|p1a: Bart and Lisa\n|-activate|p1a: Bart and Lisa|move: Protect\n|\n|-heal|p1a: Bart and Lisa|88\/100|[from] item: Leftovers\n|-ability|p1a: Bart and Lisa|Moody|boost\n|-boost|p1a: Bart and Lisa|spd|2\n|-unboost|p1a: Bart and Lisa|spe|1\n|upkeep\n|turn|7\n|\n|t:|1698255450\n|move|p1a: Bart and Lisa|Substitute|p1a: Bart and Lisa\n|-start|p1a: Bart and Lisa|Substitute\n|-damage|p1a: Bart and Lisa|63\/100\n|move|p2a: Dudunsparce|Headbutt|p1a: Bart and Lisa\n|-end|p1a: Bart and Lisa|Substitute\n|\n|-heal|p1a: Bart and Lisa|69\/100|[from] item: Leftovers\n|-ability|p1a: Bart and Lisa|Moody|boost\n|-boost|p1a: Bart and Lisa|spe|2\n|-unboost|p1a: Bart and Lisa|spd|1\n|upkeep\n|turn|8\n|\n|t:|1698255459\n|move|p1a: Bart and Lisa|Will-O-Wisp|p2a: Dudunsparce\n|-status|p2a: Dudunsparce|brn\n|move|p2a: Dudunsparce|Headbutt|p1a: Bart and Lisa\n|-damage|p1a: Bart and Lisa|47\/100\n|\n|-heal|p1a: Bart and Lisa|53\/100|[from] item: Leftovers\n|-damage|p2a: Dudunsparce|94\/100 brn|[from] brn\n|-ability|p1a: Bart and Lisa|Moody|boost\n|-boost|p1a: Bart and Lisa|def|2\n|-unboost|p1a: Bart and Lisa|spa|1\n|upkeep\n|turn|9\n|\n|t:|1698255470\n|switch|p2a: Dudunsparce|Dudunsparce-Three-Segment, M|100\/100\n|move|p1a: Bart and Lisa|Protect||[still]\n|-fail|p1a: Bart and Lisa\n|\n|-heal|p1a: Bart and Lisa|58\/100|[from] item: Leftovers\n|-ability|p1a: Bart and Lisa|Moody|boost\n|-boost|p1a: Bart and Lisa|def|2\n|-unboost|p1a: Bart and Lisa|spd|1\n|upkeep\n|turn|10\n|\n|t:|1698255478\n|move|p1a: Bart and Lisa|Substitute|p1a: Bart and Lisa\n|-start|p1a: Bart and Lisa|Substitute\n|-damage|p1a: Bart and Lisa|34\/100\n|move|p2a: Dudunsparce|Air Slash|p1a: Bart and Lisa\n|-supereffective|p1a: Bart and Lisa\n|-end|p1a: Bart and Lisa|Substitute\n|\n|-heal|p1a: Bart and Lisa|40\/100|[from] item: Leftovers\n|-ability|p1a: Bart and Lisa|Moody|boost\n|-boost|p1a: Bart and Lisa|atk|2\n|-unboost|p1a: Bart and Lisa|spd|1\n|upkeep\n|turn|11\n|\n|t:|1698255494\n|move|p1a: Bart and Lisa|Will-O-Wisp|p2a: Dudunsparce\n|-status|p2a: Dudunsparce|brn\n|move|p2a: Dudunsparce|Air Slash|p1a: Bart and Lisa\n|-supereffective|p1a: Bart and Lisa\n|-damage|p1a: Bart and Lisa|0 fnt\n|faint|p1a: Bart and Lisa\n|\n|-damage|p2a: Dudunsparce|94\/100 brn|[from] brn\n|upkeep\n|\n|t:|1698255504\n|switch|p1a: Mr. Krabs|Toxapex, M|100\/100\n|turn|12\n|\n|t:|1698255526\n|move|p1a: Mr. Krabs|Toxic Spikes|p2a: Dudunsparce\n|-sidestart|p2: CACHUMBO|move: Toxic Spikes\n|move|p2a: Dudunsparce|Earth Power|p1a: Mr. Krabs\n|-supereffective|p1a: Mr. Krabs\n|-damage|p1a: Mr. Krabs|51\/100\n|-unboost|p1a: Mr. Krabs|spd|1\n|\n|-damage|p2a: Dudunsparce|88\/100 brn|[from] brn\n|upkeep\n|turn|13\n|\n|t:|1698255534\n|move|p1a: Mr. Krabs|Baneful Bunker|p1a: Mr. Krabs\n|-singleturn|p1a: Mr. Krabs|move: Protect\n|move|p2a: Dudunsparce|Earth Power|p1a: Mr. Krabs\n|-activate|p1a: Mr. Krabs|move: Protect\n|\n|-damage|p2a: Dudunsparce|82\/100 brn|[from] brn\n|upkeep\n|turn|14\n|\n|t:|1698255549\n|-terastallize|p1a: Mr. Krabs|Flying\n|move|p1a: Mr. Krabs|Toxic||[still]\n|-fail|p1a: Mr. Krabs\n|move|p2a: Dudunsparce|Earth Power|p1a: Mr. Krabs\n|-immune|p1a: Mr. Krabs\n|\n|-damage|p2a: Dudunsparce|76\/100 brn|[from] brn\n|upkeep\n|turn|15\n|\n|t:|1698255559\n|move|p1a: Mr. Krabs|Toxic Spikes|p2a: Dudunsparce\n|-sidestart|p2: CACHUMBO|move: Toxic Spikes\n|move|p2a: Dudunsparce|Ancient Power|p1a: Mr. Krabs\n|-supereffective|p1a: Mr. Krabs\n|-damage|p1a: Mr. Krabs|0 fnt\n|faint|p1a: Mr. Krabs\n|\n|-damage|p2a: Dudunsparce|70\/100 brn|[from] brn\n|upkeep\n|\n|t:|1698255567\n|switch|p1a: Melty|Heatran, M, shiny|100\/100\n|turn|16\n|\n|t:|1698255572\n|move|p1a: Melty|Magma Storm|p2a: Dudunsparce\n|-damage|p2a: Dudunsparce|30\/100 brn\n|-activate|p2a: Dudunsparce|move: Magma Storm|[of] p1a: Melty\n|move|p2a: Dudunsparce|Earth Power|p1a: Melty\n|-supereffective|p1a: Melty\n|-damage|p1a: Melty|4\/100\n|\n|-damage|p2a: Dudunsparce|24\/100 brn|[from] brn\n|-damage|p2a: Dudunsparce|12\/100 brn|[from] move: Magma Storm|[partiallytrapped]\n|upkeep\n|-enditem|p2a: Dudunsparce|Aguav Berry|[eat]\n|-heal|p2a: Dudunsparce|45\/100 brn|[from] item: Aguav Berry\n|turn|17\n|\n|t:|1698255583\n|move|p1a: Melty|Flash Cannon|p2a: Dudunsparce\n|-damage|p2a: Dudunsparce|15\/100 brn\n|move|p2a: Dudunsparce|Earth Power|p1a: Melty\n|-supereffective|p1a: Melty\n|-damage|p1a: Melty|0 fnt\n|faint|p1a: Melty\n|\n|-damage|p2a: Dudunsparce|9\/100 brn|[from] brn\n|-end|p2a: Dudunsparce|Magma Storm|[partiallytrapped]|[silent]\n|upkeep\n|\n|t:|1698255594\n|switch|p1a: Tele Tubby|Dragapult, M, shiny|100\/100\n|turn|18\n|\n|t:|1698255600\n|move|p1a: Tele Tubby|Dragon Dance|p1a: Tele Tubby\n|-boost|p1a: Tele Tubby|atk|1\n|-boost|p1a: Tele Tubby|spe|1\n|move|p2a: Dudunsparce|Earth Power|p1a: Tele Tubby\n|-damage|p1a: Tele Tubby|69\/100\n|\n|-damage|p2a: Dudunsparce|3\/100 brn|[from] brn\n|upkeep\n|turn|19\n|\n|t:|1698255608\n|move|p1a: Tele Tubby|Dragon Darts|p2a: Dudunsparce\n|-damage|p2a: Dudunsparce|0 fnt\n|faint|p2a: Dudunsparce\n|\n|upkeep\n|\n|t:|1698255616\n|switch|p2a: Dudunsparce|Dudunsparce-Three-Segment, M|100\/100\n|-status|p2a: Dudunsparce|tox\n|turn|20\n|\n|t:|1698255621\n|move|p1a: Tele Tubby|Dragon Darts|p2a: Dudunsparce\n|-damage|p2a: Dudunsparce|66\/100 tox\n|-anim|p1a: Tele Tubby|Dragon Darts|p2a: Dudunsparce\n|-crit|p2a: Dudunsparce\n|-damage|p2a: Dudunsparce|12\/100 tox\n|-enditem|p2a: Dudunsparce|Aguav Berry|[eat]\n|-heal|p2a: Dudunsparce|45\/100 tox|[from] item: Aguav Berry\n|move|p2a: Dudunsparce|Earthquake|p1a: Tele Tubby\n|-damage|p1a: Tele Tubby|29\/100\n|\n|-damage|p2a: Dudunsparce|39\/100 tox|[from] psn\n|upkeep\n|turn|21\n|\n|t:|1698255631\n|move|p1a: Tele Tubby|Dragon Darts|p2a: Dudunsparce\n|-damage|p2a: Dudunsparce|3\/100 tox\n|-anim|p1a: Tele Tubby|Dragon Darts|p2a: Dudunsparce\n|-damage|p2a: Dudunsparce|0 fnt\n|faint|p2a: Dudunsparce\n|\n|upkeep\n|\n|t:|1698255636\n|switch|p2a: Dudunsparce|Dudunsparce-Three-Segment, F|94\/100 brn\n|turn|22\n|\n|t:|1698255647\n|move|p1a: Tele Tubby|Phantom Force||[still]\n|-prepare|p1a: Tele Tubby|Phantom Force\n|move|p2a: Dudunsparce|Earthquake|p1a: Tele Tubby|[miss]\n|-miss|p2a: Dudunsparce|p1a: Tele Tubby\n|\n|-damage|p2a: Dudunsparce|88\/100 brn|[from] brn\n|upkeep\n|turn|23\n|\n|t:|1698255653\n|move|p1a: Tele Tubby|Phantom Force|p2a: Dudunsparce|[from]lockedmove\n|-immune|p2a: Dudunsparce\n|move|p2a: Dudunsparce|Earthquake|p1a: Tele Tubby\n|-damage|p1a: Tele Tubby|8\/100\n|\n|-damage|p2a: Dudunsparce|82\/100 brn|[from] brn\n|upkeep\n|turn|24\n|\n|t:|1698255661\n|move|p1a: Tele Tubby|Dragon Darts|p2a: Dudunsparce\n|-damage|p2a: Dudunsparce|48\/100 brn\n|-anim|p1a: Tele Tubby|Dragon Darts|p2a: Dudunsparce\n|-damage|p2a: Dudunsparce|15\/100 brn\n|-enditem|p2a: Dudunsparce|Aguav Berry|[eat]\n|-heal|p2a: Dudunsparce|48\/100 brn|[from] item: Aguav Berry\n|move|p2a: Dudunsparce|Earthquake|p1a: Tele Tubby\n|-damage|p1a: Tele Tubby|0 fnt\n|faint|p1a: Tele Tubby\n|\n|-damage|p2a: Dudunsparce|42\/100 brn|[from] brn\n|upkeep\n|-message|Wizardloso forfeited.\n|\n|win|CACHUMBO\n|raw|Wizardloso's rating: 1089 &rarr; <strong>1060<\/strong><br \/>(-29 for losing)\n|raw|CACHUMBO's rating: 1000 &rarr; <strong>1050<\/strong><br \/>(+50 for winning)\n|l|\u2606Wizardloso\n","uploadtime":1698255677,"views":15,"p1id":"wizardloso","p2id":"cachumbo","formatid":"gen9anythinggoes","rating":1050,"private":0,"password":""}