{"id":"gen9anythinggoes-1985706879","p1":"tbone5309","p2":"Pokebanana3000","format":"[Gen 9] Anything Goes","log":"|j|\u2606tbone5309\n|j|\u2606Pokebanana3000\n|t:|1699397737\n|gametype|singles\n|player|p1|tbone5309|cameraman|1061\n|player|p2|Pokebanana3000|hiker-gen4|1093\n|teamsize|p1|5\n|teamsize|p2|6\n|gen|9\n|tier|[Gen 9] Anything Goes\n|rated|\n|rule|HP Percentage Mod: HP is shown in percentages\n|rule|Endless Battle Clause: Forcing endless battles is banned\n|clearpoke\n|poke|p1|Ariados, M|\n|poke|p1|Jumpluff, F|\n|poke|p1|Torkoal, F|\n|poke|p1|Gholdengo|\n|poke|p1|Jumpluff, F|\n|poke|p2|Drizzile, F|\n|poke|p2|Regieleki|\n|poke|p2|Regieleki|\n|poke|p2|Regieleki|\n|poke|p2|Regieleki|\n|poke|p2|Basculegion, M|\n|teampreview\n|\n|t:|1699397742\n|start\n|switch|p1a: Ariados|Ariados, M|100\/100\n|switch|p2a: hi|Drizzile, F|100\/100\n|turn|1\n|\n|t:|1699397753\n|move|p2a: hi|Aqua Jet|p1a: Ariados\n|-damage|p1a: Ariados|87\/100\n|move|p1a: Ariados|Sticky Web|p2a: hi\n|-sidestart|p2: Pokebanana3000|move: Sticky Web\n|\n|upkeep\n|turn|2\n|\n|t:|1699397759\n|move|p2a: hi|Soak|p1a: Ariados\n|-start|p1a: Ariados|typechange|Water\n|move|p1a: Ariados|Toxic Thread|p2a: hi\n|-unboost|p2a: hi|spe|1\n|-status|p2a: hi|psn\n|\n|-damage|p2a: hi|88\/100 psn|[from] psn\n|upkeep\n|turn|3\n|\n|t:|1699397767\n|switch|p2a: Regieleki|Regieleki|100\/100\n|-activate|p2a: Regieleki|move: Sticky Web\n|-unboost|p2a: Regieleki|spe|1\n|move|p1a: Ariados|Lunge|p2a: Regieleki\n|-damage|p2a: Regieleki|67\/100\n|-unboost|p2a: Regieleki|atk|1\n|\n|upkeep\n|turn|4\n|\n|t:|1699397781\n|switch|p1a: Gholdengo|Gholdengo|100\/100\n|move|p2a: Regieleki|Volt Switch|p1a: Gholdengo\n|-damage|p1a: Gholdengo|70\/100\n|\n|t:|1699397788\n|switch|p2a: hi|Drizzile, F|88\/100 psn|[from] Volt Switch\n|-activate|p2a: hi|move: Sticky Web\n|-unboost|p2a: hi|spe|1\n|\n|-damage|p2a: hi|76\/100 psn|[from] psn\n|upkeep\n|turn|5\n|\n|t:|1699397795\n|move|p1a: Gholdengo|Trick|p2a: hi\n|-activate|p1a: Gholdengo|move: Trick|[of] p2a: hi\n|-item|p2a: hi|Choice Scarf|[from] move: Trick\n|-item|p1a: Gholdengo|Eviolite|[from] move: Trick\n|move|p2a: hi|Soak|p1a: Gholdengo\n|-immune|p1a: Gholdengo|[from] ability: Good as Gold\n|\n|-damage|p2a: hi|64\/100 psn|[from] psn\n|upkeep\n|turn|6\n|\n|t:|1699397810\n|switch|p2a: Regieleki|Regieleki|100\/100\n|-activate|p2a: Regieleki|move: Sticky Web\n|-unboost|p2a: Regieleki|spe|1\n|switch|p1a: Jumpluff|Jumpluff, F|100\/100\n|\n|upkeep\n|turn|7\n|c|\u2606tbone5309|!dt volt switch\n|raw|<ul class=\"utilichart\"><li class=\"result\"><span class=\"col movenamecol\"><a href=\"https:\/\/dex.pokemonshowdown.com\/moves\/voltswitch\">Volt Switch<\/a><\/span> <span class=\"col typecol\"><img src=\"\/\/play.pokemonshowdown.com\/sprites\/types\/Electric.png\" alt=\"Electric\" width=\"32\" height=\"14\"><img src=\"\/\/play.pokemonshowdown.com\/sprites\/categories\/Special.png\" alt=\"Special\" width=\"32\" height=\"14\"><\/span> <span class=\"col labelcol\"><em>Power<\/em><br>70<\/span> <span class=\"col widelabelcol\"><em>Accuracy<\/em><br>100%<\/span> <span class=\"col pplabelcol\"><em>PP<\/em><br>32<\/span> <span class=\"col movedesccol\">User switches out after damaging the target.<\/span> <\/li><li style=\"clear:both\"><\/li><\/ul>\n|raw|<font size=\"1\"><font color=\"#686868\">Priority:<\/font> 0&nbsp;|&ThickSpace;<font color=\"#686868\">Gen:<\/font> 5&nbsp;|&ThickSpace;<font color=\"#686868\">Z-Power:<\/font> 140&nbsp;|&ThickSpace;<font color=\"#686868\">Dynamax Power:<\/font> 120&nbsp;|&ThickSpace;<font color=\"#686868\">Target:<\/font> One Adjacent Pok\u00e9mon<\/font>\n\n|\n|t:|1699397826\n|move|p1a: Jumpluff|Sleep Powder|p2a: Regieleki\n|-status|p2a: Regieleki|slp|[from] move: Sleep Powder\n|cant|p2a: Regieleki|slp\n|\n|upkeep\n|turn|8\n|\n|t:|1699397836\n|move|p1a: Jumpluff|Cotton Guard|p1a: Jumpluff\n|-boost|p1a: Jumpluff|def|3\n|-curestatus|p2a: Regieleki|slp|[msg]\n|move|p2a: Regieleki|Wild Charge|p1a: Jumpluff\n|-damage|p1a: Jumpluff|78\/100\n|-damage|p2a: Regieleki|95\/100|[from] Recoil\n|\n|-heal|p1a: Jumpluff|84\/100|[from] item: Leftovers\n|upkeep\n|turn|9\n|\n|t:|1699397848\n|switch|p2a: hi|Drizzile, F|64\/100 psn\n|-activate|p2a: hi|move: Sticky Web\n|-unboost|p2a: hi|spe|1\n|move|p1a: Jumpluff|Sleep Powder||[still]\n|-fail|p1a: Jumpluff\n|\n|-heal|p1a: Jumpluff|90\/100|[from] item: Leftovers\n|-damage|p2a: hi|51\/100 psn|[from] psn\n|upkeep\n|turn|10\n|\n|t:|1699397857\n|move|p1a: Jumpluff|Cotton Guard|p1a: Jumpluff\n|-boost|p1a: Jumpluff|def|3\n|move|p2a: hi|Soak|p1a: Jumpluff\n|-start|p1a: Jumpluff|typechange|Water\n|\n|-heal|p1a: Jumpluff|96\/100|[from] item: Leftovers\n|-damage|p2a: hi|39\/100 psn|[from] psn\n|upkeep\n|turn|11\n|\n|t:|1699397870\n|switch|p2a: Regieleki|Regieleki|100\/100\n|-activate|p2a: Regieleki|move: Sticky Web\n|-unboost|p2a: Regieleki|spe|1\n|move|p1a: Jumpluff|Baton Pass|p1a: Jumpluff\n|\n|t:|1699397876\n|switch|p1a: Torkoal|Torkoal, F|100\/100|[from] Baton Pass\n|\n|upkeep\n|turn|12\n|\n|t:|1699397884\n|move|p2a: Regieleki|Explosion|p1a: Torkoal\n|-damage|p1a: Torkoal|88\/100\n|faint|p2a: Regieleki\n|move|p1a: Torkoal|Shell Smash|p1a: Torkoal\n|-unboost|p1a: Torkoal|def|1\n|-unboost|p1a: Torkoal|spd|1\n|-boost|p1a: Torkoal|atk|2\n|-boost|p1a: Torkoal|spa|2\n|-boost|p1a: Torkoal|spe|2\n|\n|upkeep\n|\n|t:|1699397895\n|switch|p2a: Regieleki|Regieleki|95\/100\n|-activate|p2a: Regieleki|move: Sticky Web\n|-unboost|p2a: Regieleki|spe|1\n|turn|13\n|\n|t:|1699397902\n|move|p1a: Torkoal|Shell Smash|p1a: Torkoal\n|-unboost|p1a: Torkoal|def|1\n|-unboost|p1a: Torkoal|spd|1\n|-boost|p1a: Torkoal|atk|2\n|-boost|p1a: Torkoal|spa|2\n|-boost|p1a: Torkoal|spe|2\n|move|p2a: Regieleki|Volt Switch|p1a: Torkoal\n|-damage|p1a: Torkoal|7\/100\n|\n|t:|1699397911\n|switch|p2a: Regieleki|Regieleki|67\/100|[from] Volt Switch\n|-activate|p2a: Regieleki|move: Sticky Web\n|-unboost|p2a: Regieleki|spe|1\n|\n|upkeep\n|turn|14\n|\n|t:|1699397917\n|move|p2a: Regieleki|Extreme Speed|p1a: Torkoal\n|-crit|p1a: Torkoal\n|-damage|p1a: Torkoal|0 fnt\n|faint|p1a: Torkoal\n|\n|upkeep\n|\n|t:|1699397921\n|switch|p1a: Ariados|Ariados, M|87\/100\n|turn|15\n|\n|t:|1699397925\n|move|p2a: Regieleki|Explosion|p1a: Ariados\n|-crit|p1a: Ariados\n|-damage|p1a: Ariados|0 fnt\n|faint|p2a: Regieleki\n|faint|p1a: Ariados\n|\n|upkeep\n|\n|t:|1699397931\n|switch|p2a: Regieleki|Regieleki|95\/100\n|switch|p1a: Gholdengo|Gholdengo|70\/100\n|-activate|p2a: Regieleki|move: Sticky Web\n|-unboost|p2a: Regieleki|spe|1\n|turn|16\n|\n|t:|1699397939\n|move|p2a: Regieleki|Volt Switch|p1a: Gholdengo\n|-damage|p1a: Gholdengo|40\/100\n|\n|t:|1699397943\n|switch|p2a: Regieleki|Regieleki|100\/100|[from] Volt Switch\n|-activate|p2a: Regieleki|move: Sticky Web\n|-unboost|p2a: Regieleki|spe|1\n|move|p1a: Gholdengo|Nasty Plot|p1a: Gholdengo\n|-boost|p1a: Gholdengo|spa|2\n|\n|upkeep\n|turn|17\n|\n|t:|1699397960\n|move|p2a: Regieleki|Volt Switch|p1a: Gholdengo\n|-damage|p1a: Gholdengo|9\/100\n|\n|t:|1699397963\n|switch|p2a: Regieleki|Regieleki|95\/100|[from] Volt Switch\n|-activate|p2a: Regieleki|move: Sticky Web\n|-unboost|p2a: Regieleki|spe|1\n|move|p1a: Gholdengo|Trick|p2a: Regieleki\n|-activate|p1a: Gholdengo|move: Trick|[of] p2a: Regieleki\n|-item|p2a: Regieleki|Eviolite|[from] move: Trick\n|-item|p1a: Gholdengo|Assault Vest|[from] move: Trick\n|\n|upkeep\n|turn|18\n|\n|t:|1699397976\n|move|p2a: Regieleki|Volt Switch|p1a: Gholdengo\n|-damage|p1a: Gholdengo|0 fnt\n|faint|p1a: Gholdengo\n|\n|t:|1699397980\n|switch|p2a: hello|Basculegion, M|100\/100|[from] Volt Switch\n|-activate|p2a: hello|move: Sticky Web\n|-unboost|p2a: hello|spe|1\n|\n|upkeep\n|\n|t:|1699397987\n|switch|p1a: Jumpluff|Jumpluff, F|96\/100\n|turn|19\n|\n|t:|1699397997\n|move|p1a: Jumpluff|Cotton Guard|p1a: Jumpluff\n|-boost|p1a: Jumpluff|def|3\n|move|p2a: hello|Last Respects|p1a: Jumpluff\n|-damage|p1a: Jumpluff|46\/100\n|\n|-heal|p1a: Jumpluff|52\/100|[from] item: Leftovers\n|upkeep\n|turn|20\n|\n|t:|1699398008\n|move|p1a: Jumpluff|Sleep Powder|p2a: hello\n|-status|p2a: hello|slp|[from] move: Sleep Powder\n|cant|p2a: hello|slp\n|\n|-heal|p1a: Jumpluff|58\/100|[from] item: Leftovers\n|upkeep\n|turn|21\n|\n|t:|1699398016\n|move|p1a: Jumpluff|Cotton Guard|p1a: Jumpluff\n|-boost|p1a: Jumpluff|def|3\n|cant|p2a: hello|slp\n|\n|-heal|p1a: Jumpluff|65\/100|[from] item: Leftovers\n|upkeep\n|turn|22\n|\n|t:|1699398021\n|move|p1a: Jumpluff|Swords Dance|p1a: Jumpluff\n|-boost|p1a: Jumpluff|atk|2\n|-curestatus|p2a: hello|slp|[msg]\n|move|p2a: hello|Last Respects|p1a: Jumpluff\n|-damage|p1a: Jumpluff|35\/100\n|\n|-heal|p1a: Jumpluff|41\/100|[from] item: Leftovers\n|upkeep\n|turn|23\n|\n|t:|1699398030\n|switch|p2a: Regieleki|Regieleki|100\/100\n|-activate|p2a: Regieleki|move: Sticky Web\n|-unboost|p2a: Regieleki|spe|1\n|move|p1a: Jumpluff|Sleep Powder|p2a: Regieleki\n|-status|p2a: Regieleki|slp|[from] move: Sleep Powder\n|\n|-heal|p1a: Jumpluff|48\/100|[from] item: Leftovers\n|upkeep\n|turn|24\n|\n|t:|1699398044\n|move|p1a: Jumpluff|Swords Dance|p1a: Jumpluff\n|-boost|p1a: Jumpluff|atk|2\n|cant|p2a: Regieleki|slp\n|\n|-heal|p1a: Jumpluff|54\/100|[from] item: Leftovers\n|upkeep\n|turn|25\n|\n|t:|1699398052\n|move|p1a: Jumpluff|Baton Pass|p1a: Jumpluff\n|\n|t:|1699398055\n|switch|p1a: Jumpluff|Jumpluff, F|100\/100|[from] Baton Pass\n|cant|p2a: Regieleki|slp\n|\n|upkeep\n|turn|26\n|c|\u2606Pokebanana3000|nice strat\n|\n|t:|1699398069\n|-terastallize|p1a: Jumpluff|Grass\n|cant|p2a: Regieleki|slp\n|move|p1a: Jumpluff|Bullet Seed|p2a: Regieleki\n|-damage|p2a: Regieleki|49\/100 slp\n|-damage|p2a: Regieleki|3\/100 slp\n|-damage|p2a: Regieleki|0 fnt\n|faint|p2a: Regieleki\n|-hitcount|p2: Regieleki|3\n|\n|upkeep\n|\n|t:|1699398080\n|switch|p2a: hi|Drizzile, F|39\/100 psn\n|-activate|p2a: hi|move: Sticky Web\n|-unboost|p2a: hi|spe|1\n|turn|27\n|\n|t:|1699398085\n|move|p2a: hi|U-turn|p1a: Jumpluff\n|-supereffective|p1a: Jumpluff\n|-damage|p1a: Jumpluff|92\/100\n|\n|t:|1699398089\n|switch|p2a: Regieleki|Regieleki|95\/100|[from] U-turn\n|-activate|p2a: Regieleki|move: Sticky Web\n|-unboost|p2a: Regieleki|spe|1\n|move|p1a: Jumpluff|Bullet Seed|p2a: Regieleki\n|-damage|p2a: Regieleki|49\/100\n|-damage|p2a: Regieleki|3\/100\n|-damage|p2a: Regieleki|0 fnt\n|faint|p2a: Regieleki\n|-hitcount|p2: Regieleki|3\n|\n|upkeep\n|\n|t:|1699398099\n|switch|p2a: hello|Basculegion, M|100\/100\n|-activate|p2a: hello|move: Sticky Web\n|-unboost|p2a: hello|spe|1\n|turn|28\n|\n|t:|1699398110\n|move|p1a: Jumpluff|Bullet Seed|p2a: hello\n|-supereffective|p2a: hello\n|-damage|p2a: hello|34\/100\n|-supereffective|p2a: hello\n|-damage|p2a: hello|0 fnt\n|faint|p2a: hello\n|-hitcount|p2: hello|2\n|\n|upkeep\n|\n|t:|1699398116\n|switch|p2a: hi|Drizzile, F|39\/100 psn\n|-activate|p2a: hi|move: Sticky Web\n|-unboost|p2a: hi|spe|1\n|turn|29\n|\n|t:|1699398128\n|-terastallize|p2a: hi|Water\n|move|p2a: hi|Liquidation|p1a: Jumpluff\n|-resisted|p1a: Jumpluff\n|-damage|p1a: Jumpluff|87\/100\n|-unboost|p1a: Jumpluff|def|1\n|move|p1a: Jumpluff|Bullet Seed|p2a: hi\n|-supereffective|p2a: hi\n|-damage|p2a: hi|0 fnt\n|faint|p2a: hi\n|-hitcount|p2: hi|1\n|\n|win|tbone5309\n|raw|tbone5309's rating: 1061 &rarr; <strong>1095<\/strong><br \/>(+34 for winning)\n|raw|Pokebanana3000's rating: 1093 &rarr; <strong>1067<\/strong><br \/>(-26 for losing)\n|l|\u2606Pokebanana3000\n|c|\u2606tbone5309|Ju.pluff bulky AF\n|c|\u2606tbone5309|Gg\n","uploadtime":1699398154,"views":4,"p1id":"tbone5309","p2id":"pokebanana3000","formatid":"gen9anythinggoes","rating":1067,"private":0,"password":""}