{"id":"gen9anythinggoes-1983949853","p1":"Sundude1000","p2":"AGisgood\u82cd\u54cd\u4fa0","format":"[Gen 9] Anything Goes","log":"|j|\u2606Sundude1000\n|j|\u2606AGisgood\u82cd\u54cd\u4fa0\n|t:|1699203244\n|gametype|singles\n|player|p1|Sundude1000|dragontamer|1514\n|player|p2|AGisgood\u82cd\u54cd\u4fa0|cynthia-masters|1690\n|teamsize|p1|6\n|teamsize|p2|6\n|gen|9\n|tier|[Gen 9] Anything Goes\n|rated|\n|rule|HP Percentage Mod: HP is shown in percentages\n|rule|Endless Battle Clause: Forcing endless battles is banned\n|clearpoke\n|poke|p1|Darkrai|\n|poke|p1|Clodsire, M|\n|poke|p1|Scovillain, F|\n|poke|p1|Koraidon|\n|poke|p1|Magearna|\n|poke|p1|Gliscor, M|\n|poke|p2|Alomomola, M|\n|poke|p2|Dondozo, F|\n|poke|p2|Blissey, F|\n|poke|p2|Mandibuzz, F|\n|poke|p2|Toxapex, M|\n|poke|p2|Clodsire, M|\n|teampreview\n|inactive|Battle timer is ON: inactive players will automatically lose when time's up. (requested by AGisgood\u82cd\u54cd\u4fa0)\n|\n|t:|1699203262\n|start\n|switch|p1a: Koraidon|Koraidon|100\/100\n|switch|p2a: Mandibuzz|Mandibuzz, F|100\/100\n|-weather|SunnyDay|[from] ability: Orichalcum Pulse|[of] p1a: Koraidon\n|-activate|p1a: Koraidon|Orichalcum Pulse|[source]\n|turn|1\n|\n|t:|1699203272\n|switch|p2a: Alomomola|Alomomola, M|100\/100\n|move|p1a: Koraidon|Collision Course|p2a: Alomomola\n|-damage|p2a: Alomomola|61\/100\n|-damage|p1a: Koraidon|84\/100|[from] item: Rocky Helmet|[of] p2a: Alomomola\n|\n|-weather|SunnyDay|[upkeep]\n|upkeep\n|turn|2\n|\n|t:|1699203297\n|move|p1a: Koraidon|Dragon Claw|p2a: Alomomola\n|-damage|p2a: Alomomola|32\/100\n|-damage|p1a: Koraidon|68\/100|[from] item: Rocky Helmet|[of] p2a: Alomomola\n|move|p2a: Alomomola|Wish|p2a: Alomomola\n|\n|-weather|SunnyDay|[upkeep]\n|upkeep\n|turn|3\n|\n|t:|1699203305\n|move|p2a: Alomomola|Protect|p2a: Alomomola\n|-singleturn|p2a: Alomomola|Protect\n|move|p1a: Koraidon|Collision Course|p2a: Alomomola\n|-activate|p2a: Alomomola|move: Protect\n|\n|-weather|SunnyDay|[upkeep]\n|-heal|p2a: Alomomola|82\/100|[from] move: Wish|[wisher] Alomomola\n|upkeep\n|turn|4\n|\n|t:|1699203324\n|switch|p1a: Gliscor|Gliscor, M|100\/100\n|move|p2a: Alomomola|Play Rough|p1a: Gliscor\n|-damage|p1a: Gliscor|89\/100\n|\n|-weather|SunnyDay|[upkeep]\n|-status|p1a: Gliscor|tox|[from] item: Toxic Orb\n|upkeep\n|turn|5\n|\n|t:|1699203333\n|move|p1a: Gliscor|Swords Dance|p1a: Gliscor\n|-boost|p1a: Gliscor|atk|2\n|move|p2a: Alomomola|Flip Turn|p1a: Gliscor\n|-supereffective|p1a: Gliscor\n|-damage|p1a: Gliscor|78\/100 tox\n|inactive|AGisgood\u82cd\u54cd\u4fa0 has 120 seconds left.\n|\n|t:|1699203372\n|switch|p2a: Dondozo|Dondozo, F|100\/100|[from] Flip Turn\n|\n|-weather|none\n|-heal|p1a: Gliscor|90\/100 tox|[from] ability: Poison Heal\n|upkeep\n|turn|6\n|inactive|Sundude1000 has 120 seconds left.\n|\n|t:|1699203414\n|move|p1a: Gliscor|Baton Pass|p1a: Gliscor\n|\n|t:|1699203416\n|switch|p1a: Koraidon|Koraidon|68\/100|[from] Baton Pass\n|-weather|SunnyDay|[from] ability: Orichalcum Pulse|[of] p1a: Koraidon\n|-activate|p1a: Koraidon|Orichalcum Pulse|[source]\n|move|p2a: Dondozo|Avalanche|p1a: Koraidon\n|-supereffective|p1a: Koraidon\n|-damage|p1a: Koraidon|46\/100\n|\n|-weather|SunnyDay|[upkeep]\n|upkeep\n|turn|7\n|inactive|Sundude1000 has 120 seconds left.\n|\n|t:|1699203424\n|move|p1a: Koraidon|Collision Course|p2a: Dondozo\n|-damage|p2a: Dondozo|68\/100\n|move|p2a: Dondozo|Avalanche|p1a: Koraidon\n|-supereffective|p1a: Koraidon\n|-damage|p1a: Koraidon|2\/100\n|\n|-weather|SunnyDay|[upkeep]\n|upkeep\n|turn|8\n|inactive|Sundude1000 has 120 seconds left.\n|\n|t:|1699203436\n|switch|p1a: Darkrai|Darkrai|100\/100\n|move|p2a: Dondozo|Avalanche|p1a: Darkrai\n|-damage|p1a: Darkrai|83\/100\n|\n|-weather|SunnyDay|[upkeep]\n|upkeep\n|turn|9\n|\n|t:|1699203443\n|switch|p2a: Mandibuzz|Mandibuzz, F|100\/100\n|move|p1a: Darkrai|Dark Pulse|p2a: Mandibuzz\n|-resisted|p2a: Mandibuzz\n|-damage|p2a: Mandibuzz|88\/100\n|\n|-weather|SunnyDay|[upkeep]\n|upkeep\n|turn|10\n|\n|t:|1699203449\n|move|p1a: Darkrai|Nasty Plot|p1a: Darkrai\n|-boost|p1a: Darkrai|spa|2\n|move|p2a: Mandibuzz|Toxic|p1a: Darkrai\n|-status|p1a: Darkrai|tox\n|\n|-weather|none\n|-damage|p1a: Darkrai|77\/100 tox|[from] psn\n|upkeep\n|turn|11\n|\n|t:|1699203464\n|switch|p2a: Clodsire|Clodsire, M|100\/100\n|move|p1a: Darkrai|Sludge Bomb|p2a: Clodsire\n|-resisted|p2a: Clodsire\n|-damage|p2a: Clodsire|97\/100\n|\n|-damage|p1a: Darkrai|64\/100 tox|[from] psn\n|upkeep\n|turn|12\n|\n|t:|1699203469\n|move|p1a: Darkrai|Dark Pulse|p2a: Clodsire\n|-damage|p2a: Clodsire|74\/100\n|move|p2a: Clodsire|Earthquake|p1a: Darkrai\n|-damage|p1a: Darkrai|32\/100 tox\n|\n|-damage|p1a: Darkrai|13\/100 tox|[from] psn\n|upkeep\n|turn|13\n|\n|t:|1699203497\n|move|p1a: Darkrai|Dark Pulse|p2a: Clodsire\n|-damage|p2a: Clodsire|54\/100\n|move|p2a: Clodsire|Stealth Rock|p1a: Darkrai\n|-sidestart|p1: Sundude1000|move: Stealth Rock\n|\n|-damage|p1a: Darkrai|0 fnt|[from] psn\n|faint|p1a: Darkrai\n|upkeep\n|\n|t:|1699203502\n|switch|p1a: Clodsire|Clodsire, M, shiny|100\/100\n|-damage|p1a: Clodsire|94\/100|[from] Stealth Rock\n|turn|14\n|\n|t:|1699203509\n|switch|p2a: Mandibuzz|Mandibuzz, F|88\/100\n|move|p1a: Clodsire|Curse|p1a: Clodsire\n|-unboost|p1a: Clodsire|spe|1\n|-boost|p1a: Clodsire|atk|1\n|-boost|p1a: Clodsire|def|1\n|\n|-heal|p1a: Clodsire|100\/100|[from] item: Leftovers\n|upkeep\n|turn|15\n|\n|t:|1699203515\n|move|p2a: Mandibuzz|Knock Off|p1a: Clodsire\n|-damage|p1a: Clodsire|84\/100\n|-enditem|p1a: Clodsire|Leftovers|[from] move: Knock Off|[of] p2a: Mandibuzz\n|move|p1a: Clodsire|Toxic|p2a: Mandibuzz\n|-status|p2a: Mandibuzz|tox\n|\n|-damage|p2a: Mandibuzz|82\/100 tox|[from] psn\n|upkeep\n|turn|16\n|j| xinnobu\n|\n|t:|1699203521\n|switch|p2a: Dondozo|Dondozo, F|68\/100\n|move|p1a: Clodsire|Curse|p1a: Clodsire\n|-unboost|p1a: Clodsire|spe|1\n|-boost|p1a: Clodsire|atk|1\n|-boost|p1a: Clodsire|def|1\n|\n|upkeep\n|turn|17\n|\n|t:|1699203530\n|-terastallize|p1a: Clodsire|Flying\n|move|p2a: Dondozo|Fissure|p1a: Clodsire\n|-immune|p1a: Clodsire\n|move|p1a: Clodsire|Recover|p1a: Clodsire\n|-heal|p1a: Clodsire|100\/100\n|\n|upkeep\n|turn|18\n|\n|t:|1699203537\n|move|p1a: Clodsire|Earthquake|p2a: Dondozo\n|-damage|p2a: Dondozo|56\/100\n|move|p2a: Dondozo|Avalanche|p1a: Clodsire\n|-supereffective|p1a: Clodsire\n|-damage|p1a: Clodsire|51\/100\n|\n|upkeep\n|turn|19\n|\n|t:|1699203552\n|move|p2a: Dondozo|Rest|p2a: Dondozo\n|-status|p2a: Dondozo|slp|[from] move: Rest\n|-heal|p2a: Dondozo|100\/100 slp|[silent]\n|move|p1a: Clodsire|Recover|p1a: Clodsire\n|-heal|p1a: Clodsire|100\/100\n|\n|upkeep\n|turn|20\n|\n|t:|1699203561\n|cant|p2a: Dondozo|slp\n|move|p2a: Dondozo|Sleep Talk|p2a: Dondozo\n|move|p2a: Dondozo|Rest||[from]move: Sleep Talk|[still]\n|-fail|p2a: Dondozo\n|move|p1a: Clodsire|Earthquake|p2a: Dondozo\n|-damage|p2a: Dondozo|89\/100 slp\n|\n|upkeep\n|turn|21\n|\n|t:|1699203567\n|cant|p2a: Dondozo|slp\n|move|p2a: Dondozo|Sleep Talk|p2a: Dondozo\n|move|p2a: Dondozo|Rest||[from]move: Sleep Talk|[still]\n|-fail|p2a: Dondozo\n|move|p1a: Clodsire|Earthquake|p2a: Dondozo\n|-crit|p2a: Dondozo\n|-damage|p2a: Dondozo|72\/100 slp\n|\n|upkeep\n|turn|22\n|\n|t:|1699203570\n|move|p1a: Clodsire|Earthquake|p2a: Dondozo\n|-damage|p2a: Dondozo|59\/100 slp\n|-curestatus|p2a: Dondozo|slp|[msg]\n|move|p2a: Dondozo|Avalanche|p1a: Clodsire\n|-supereffective|p1a: Clodsire\n|-damage|p1a: Clodsire|49\/100\n|\n|upkeep\n|turn|23\n|\n|t:|1699203578\n|move|p1a: Clodsire|Recover|p1a: Clodsire\n|-heal|p1a: Clodsire|99\/100\n|move|p2a: Dondozo|Avalanche|p1a: Clodsire\n|-supereffective|p1a: Clodsire\n|-damage|p1a: Clodsire|73\/100\n|\n|upkeep\n|turn|24\n|\n|t:|1699203599\n|switch|p2a: Toxapex|Toxapex, M|100\/100\n|move|p1a: Clodsire|Toxic|p2a: Toxapex\n|-immune|p2a: Toxapex\n|\n|upkeep\n|turn|25\n|\n|t:|1699203604\n|-terastallize|p2a: Toxapex|Fairy\n|move|p2a: Toxapex|Haze|p2a: Toxapex\n|-clearallboost\n|move|p1a: Clodsire|Earthquake|p2a: Toxapex\n|-damage|p2a: Toxapex|82\/100\n|\n|upkeep\n|turn|26\n|\n|t:|1699203608\n|switch|p2a: Mandibuzz|Mandibuzz, F|82\/100 tox\n|move|p1a: Clodsire|Toxic|p2a: Mandibuzz\n|-fail|p2a: Mandibuzz|tox\n|\n|-damage|p2a: Mandibuzz|76\/100 tox|[from] psn\n|upkeep\n|turn|27\n|\n|t:|1699203611\n|move|p2a: Mandibuzz|Toxic|p1a: Clodsire\n|-status|p1a: Clodsire|tox\n|move|p1a: Clodsire|Curse|p1a: Clodsire\n|-unboost|p1a: Clodsire|spe|1\n|-boost|p1a: Clodsire|atk|1\n|-boost|p1a: Clodsire|def|1\n|\n|-damage|p2a: Mandibuzz|64\/100 tox|[from] psn\n|-damage|p1a: Clodsire|67\/100 tox|[from] psn\n|upkeep\n|turn|28\n|\n|t:|1699203620\n|switch|p2a: Dondozo|Dondozo, F|59\/100\n|switch|p1a: Koraidon|Koraidon|2\/100\n|-damage|p1a: Koraidon|0 fnt|[from] Stealth Rock\n|faint|p1a: Koraidon\n|\n|upkeep\n|inactive|Sundude1000 has 120 seconds left.\n|\n|t:|1699203677\n|switch|p1a: Clodsire|Clodsire, M, shiny, tera:Flying|67\/100 tox\n|-damage|p1a: Clodsire|42\/100 tox|[from] Stealth Rock\n|turn|29\n|\n|t:|1699203683\n|move|p1a: Clodsire|Toxic|p2a: Dondozo\n|-status|p2a: Dondozo|tox\n|move|p2a: Dondozo|Avalanche|p1a: Clodsire\n|-supereffective|p1a: Clodsire\n|-damage|p1a: Clodsire|17\/100 tox\n|\n|-damage|p2a: Dondozo|53\/100 tox|[from] psn\n|-damage|p1a: Clodsire|11\/100 tox|[from] psn\n|upkeep\n|turn|30\n|\n|t:|1699203689\n|move|p2a: Dondozo|Rest|p2a: Dondozo\n|-status|p2a: Dondozo|slp|[from] move: Rest\n|-heal|p2a: Dondozo|100\/100 slp|[silent]\n|move|p1a: Clodsire|Earthquake|p2a: Dondozo\n|-damage|p2a: Dondozo|88\/100 slp\n|\n|-damage|p1a: Clodsire|0 fnt|[from] psn\n|faint|p1a: Clodsire\n|upkeep\n|\n|t:|1699203692\n|switch|p1a: Scovillain|Scovillain, F|100\/100\n|-damage|p1a: Scovillain|76\/100|[from] Stealth Rock\n|turn|31\n|\n|t:|1699203704\n|switch|p2a: Clodsire|Clodsire, M|54\/100\n|move|p1a: Scovillain|Leech Seed|p2a: Clodsire\n|-start|p2a: Clodsire|move: Leech Seed\n|\n|-heal|p1a: Scovillain|82\/100|[from] item: Leftovers\n|-damage|p2a: Clodsire|41\/100|[from] Leech Seed|[of] p1a: Scovillain\n|-heal|p1a: Scovillain|100\/100|[silent]\n|-ability|p1a: Scovillain|Moody|boost\n|-boost|p1a: Scovillain|atk|2\n|-unboost|p1a: Scovillain|def|1\n|upkeep\n|turn|32\n|inactive|Sundude1000 has 120 seconds left.\n|\n|t:|1699203745\n|move|p1a: Scovillain|Substitute|p1a: Scovillain\n|-start|p1a: Scovillain|Substitute\n|-damage|p1a: Scovillain|76\/100\n|move|p2a: Clodsire|Recover|p2a: Clodsire\n|-heal|p2a: Clodsire|91\/100\n|\n|-heal|p1a: Scovillain|82\/100|[from] item: Leftovers\n|-damage|p2a: Clodsire|79\/100|[from] Leech Seed|[of] p1a: Scovillain\n|-heal|p1a: Scovillain|100\/100|[silent]\n|-ability|p1a: Scovillain|Moody|boost\n|-boost|p1a: Scovillain|spa|2\n|-unboost|p1a: Scovillain|spd|1\n|upkeep\n|turn|33\n|\n|t:|1699203757\n|move|p1a: Scovillain|Flamethrower|p2a: Clodsire\n|-damage|p2a: Clodsire|60\/100\n|move|p2a: Clodsire|Haze|p2a: Clodsire\n|-clearallboost\n|\n|-damage|p2a: Clodsire|47\/100|[from] Leech Seed|[of] p1a: Scovillain\n|-ability|p1a: Scovillain|Moody|boost\n|-boost|p1a: Scovillain|spd|2\n|-unboost|p1a: Scovillain|def|1\n|upkeep\n|turn|34\n|\n|t:|1699203764\n|move|p1a: Scovillain|Flamethrower|p2a: Clodsire\n|-damage|p2a: Clodsire|29\/100\n|move|p2a: Clodsire|Recover|p2a: Clodsire\n|-heal|p2a: Clodsire|79\/100\n|\n|-damage|p2a: Clodsire|66\/100|[from] Leech Seed|[of] p1a: Scovillain\n|-ability|p1a: Scovillain|Moody|boost\n|-boost|p1a: Scovillain|spe|2\n|-unboost|p1a: Scovillain|def|1\n|upkeep\n|turn|35\n|\n|t:|1699203773\n|switch|p2a: Toxapex|Toxapex, M, tera:Fairy|100\/100\n|move|p1a: Scovillain|Flamethrower|p2a: Toxapex\n|-damage|p2a: Toxapex|75\/100\n|\n|-ability|p1a: Scovillain|Moody|boost\n|-boost|p1a: Scovillain|atk|2\n|-unboost|p1a: Scovillain|spa|1\n|upkeep\n|turn|36\n|\n|t:|1699203779\n|move|p1a: Scovillain|Flamethrower|p2a: Toxapex\n|-damage|p2a: Toxapex|58\/100\n|move|p2a: Toxapex|Haze|p2a: Toxapex\n|-clearallboost\n|\n|-ability|p1a: Scovillain|Moody|boost\n|-boost|p1a: Scovillain|def|2\n|-unboost|p1a: Scovillain|spe|1\n|upkeep\n|turn|37\n|inactive|Sundude1000 has 120 seconds left.\n|\n|t:|1699203784\n|move|p1a: Scovillain|Flamethrower|p2a: Toxapex\n|-damage|p2a: Toxapex|31\/100\n|-status|p2a: Toxapex|brn\n|move|p2a: Toxapex|Recover|p2a: Toxapex\n|-heal|p2a: Toxapex|81\/100 brn\n|\n|-damage|p2a: Toxapex|75\/100 brn|[from] brn\n|-ability|p1a: Scovillain|Moody|boost\n|-boost|p1a: Scovillain|spa|2\n|-unboost|p1a: Scovillain|def|1\n|upkeep\n|turn|38\n|\n|t:|1699203791\n|switch|p2a: Blissey|Blissey, F|100\/100\n|move|p1a: Scovillain|Leech Seed|p2a: Blissey\n|-start|p2a: Blissey|move: Leech Seed\n|\n|-damage|p2a: Blissey|88\/100|[from] Leech Seed|[of] p1a: Scovillain\n|-ability|p1a: Scovillain|Moody|boost\n|-boost|p1a: Scovillain|spd|2\n|-unboost|p1a: Scovillain|spa|1\n|upkeep\n|turn|39\n|\n|t:|1699203796\n|move|p2a: Blissey|Heal Bell|p2a: Blissey\n|-activate|p2a: Blissey|move: Heal Bell\n|-curestatus|p2: Toxapex|brn|[msg]\n|-curestatus|p2: Mandibuzz|tox|[msg]\n|-curestatus|p2: Dondozo|slp|[msg]\n|move|p1a: Scovillain|Flamethrower|p2a: Blissey\n|-damage|p2a: Blissey|75\/100\n|\n|-damage|p2a: Blissey|62\/100|[from] Leech Seed|[of] p1a: Scovillain\n|-ability|p1a: Scovillain|Moody|boost\n|-boost|p1a: Scovillain|spd|2\n|-unboost|p1a: Scovillain|def|1\n|upkeep\n|turn|40\n|\n|t:|1699203807\n|switch|p2a: Mandibuzz|Mandibuzz, F|64\/100\n|move|p1a: Scovillain|Flamethrower|p2a: Mandibuzz\n|-damage|p2a: Mandibuzz|35\/100\n|\n|-ability|p1a: Scovillain|Moody|boost\n|-boost|p1a: Scovillain|atk|2\n|-unboost|p1a: Scovillain|spd|1\n|upkeep\n|turn|41\n|\n|t:|1699203814\n|switch|p2a: Clodsire|Clodsire, M|66\/100\n|move|p1a: Scovillain|Flamethrower|p2a: Clodsire\n|-damage|p2a: Clodsire|48\/100\n|-status|p2a: Clodsire|brn\n|\n|-damage|p2a: Clodsire|42\/100 brn|[from] brn\n|-ability|p1a: Scovillain|Moody|boost\n|-boost|p1a: Scovillain|spd|2\n|-unboost|p1a: Scovillain|spa|1\n|upkeep\n|turn|42\n|\n|t:|1699203819\n|move|p1a: Scovillain|Leech Seed|p2a: Clodsire\n|-start|p2a: Clodsire|move: Leech Seed\n|move|p2a: Clodsire|Recover|p2a: Clodsire\n|-heal|p2a: Clodsire|92\/100 brn\n|\n|-damage|p2a: Clodsire|79\/100 brn|[from] Leech Seed|[of] p1a: Scovillain\n|-damage|p2a: Clodsire|73\/100 brn|[from] brn\n|-ability|p1a: Scovillain|Moody|boost\n|-boost|p1a: Scovillain|spd|1\n|-unboost|p1a: Scovillain|spe|1\n|upkeep\n|turn|43\n|inactive|AGisgood\u82cd\u54cd\u4fa0 has 120 seconds left.\n|\n|t:|1699203850\n|move|p1a: Scovillain|Flamethrower|p2a: Clodsire\n|-damage|p2a: Clodsire|56\/100 brn\n|move|p2a: Clodsire|Haze|p2a: Clodsire\n|-clearallboost\n|\n|-damage|p2a: Clodsire|44\/100 brn|[from] Leech Seed|[of] p1a: Scovillain\n|-damage|p2a: Clodsire|37\/100 brn|[from] brn\n|-ability|p1a: Scovillain|Moody|boost\n|-boost|p1a: Scovillain|spd|2\n|-unboost|p1a: Scovillain|spa|1\n|upkeep\n|turn|44\n|\n|t:|1699203867\n|switch|p2a: Blissey|Blissey, F|62\/100\n|move|p1a: Scovillain|Flamethrower|p2a: Blissey\n|-damage|p2a: Blissey|56\/100\n|\n|-ability|p1a: Scovillain|Moody|boost\n|-boost|p1a: Scovillain|spa|2\n|-unboost|p1a: Scovillain|atk|1\n|upkeep\n|turn|45\n|\n|t:|1699203880\n|move|p1a: Scovillain|Leech Seed|p2a: Blissey|[miss]\n|-miss|p1a: Scovillain|p2a: Blissey\n|move|p2a: Blissey|Soft-Boiled|p2a: Blissey\n|-heal|p2a: Blissey|100\/100\n|\n|-ability|p1a: Scovillain|Moody|boost\n|-boost|p1a: Scovillain|spd|2\n|-unboost|p1a: Scovillain|spa|1\n|upkeep\n|turn|46\n|\n|t:|1699203887\n|move|p1a: Scovillain|Leech Seed|p2a: Blissey\n|-start|p2a: Blissey|move: Leech Seed\n|move|p2a: Blissey|Heal Bell|p2a: Blissey\n|-activate|p2a: Blissey|move: Heal Bell\n|-curestatus|p2: Clodsire|brn|[msg]\n|\n|-damage|p2a: Blissey|88\/100|[from] Leech Seed|[of] p1a: Scovillain\n|-ability|p1a: Scovillain|Moody|boost\n|-boost|p1a: Scovillain|atk|2\n|-unboost|p1a: Scovillain|spa|1\n|upkeep\n|turn|47\n|\n|t:|1699203898\n|switch|p2a: Clodsire|Clodsire, M|37\/100\n|move|p1a: Scovillain|Protect||[still]\n|-fail|p1a: Scovillain\n|\n|-ability|p1a: Scovillain|Moody|boost\n|-boost|p1a: Scovillain|atk|2\n|-unboost|p1a: Scovillain|spa|1\n|upkeep\n|turn|48\n|\n|t:|1699203901\n|move|p1a: Scovillain|Flamethrower|p2a: Clodsire\n|-damage|p2a: Clodsire|20\/100\n|-status|p2a: Clodsire|brn\n|move|p2a: Clodsire|Recover|p2a: Clodsire\n|-heal|p2a: Clodsire|70\/100 brn\n|\n|-damage|p2a: Clodsire|63\/100 brn|[from] brn\n|-ability|p1a: Scovillain|Moody|boost\n|-boost|p1a: Scovillain|spe|2\n|-unboost|p1a: Scovillain|atk|1\n|upkeep\n|turn|49\n|\n|t:|1699203907\n|move|p1a: Scovillain|Flamethrower|p2a: Clodsire\n|-damage|p2a: Clodsire|45\/100 brn\n|move|p2a: Clodsire|Recover|p2a: Clodsire\n|-heal|p2a: Clodsire|95\/100 brn\n|\n|-damage|p2a: Clodsire|88\/100 brn|[from] brn\n|-ability|p1a: Scovillain|Moody|boost\n|-boost|p1a: Scovillain|spd|2\n|-unboost|p1a: Scovillain|def|1\n|upkeep\n|turn|50\n|\n|t:|1699203914\n|switch|p2a: Alomomola|Alomomola, M|100\/100\n|move|p1a: Scovillain|Flamethrower|p2a: Alomomola\n|-resisted|p2a: Alomomola\n|-damage|p2a: Alomomola|91\/100\n|\n|-ability|p1a: Scovillain|Moody|boost\n|-boost|p1a: Scovillain|def|2\n|-unboost|p1a: Scovillain|spa|1\n|upkeep\n|turn|51\n|\n|t:|1699203923\n|move|p1a: Scovillain|Leech Seed|p2a: Alomomola|[miss]\n|-miss|p1a: Scovillain|p2a: Alomomola\n|move|p2a: Alomomola|Wish|p2a: Alomomola\n|\n|-ability|p1a: Scovillain|Moody|boost\n|-boost|p1a: Scovillain|atk|2\n|-unboost|p1a: Scovillain|spe|1\n|upkeep\n|turn|52\n|\n|t:|1699203930\n|move|p1a: Scovillain|Leech Seed|p2a: Alomomola\n|-start|p2a: Alomomola|move: Leech Seed\n|move|p2a: Alomomola|Flip Turn|p1a: Scovillain\n|-activate|p1a: Scovillain|move: Substitute|[damage]\n|\n|t:|1699203932\n|switch|p2a: Mandibuzz|Mandibuzz, F|35\/100|[from] Flip Turn\n|\n|-heal|p2a: Mandibuzz|98\/100|[from] move: Wish|[wisher] Alomomola\n|-ability|p1a: Scovillain|Moody|boost\n|-boost|p1a: Scovillain|spe|2\n|-unboost|p1a: Scovillain|atk|1\n|upkeep\n|turn|53\n|\n|t:|1699203939\n|switch|p2a: Clodsire|Clodsire, M|88\/100 brn\n|move|p1a: Scovillain|Flamethrower|p2a: Clodsire\n|-damage|p2a: Clodsire|71\/100 brn\n|\n|-damage|p2a: Clodsire|65\/100 brn|[from] brn\n|-ability|p1a: Scovillain|Moody|boost\n|-boost|p1a: Scovillain|spe|2\n|-unboost|p1a: Scovillain|spd|1\n|upkeep\n|turn|54\n|\n|t:|1699203948\n|move|p1a: Scovillain|Flamethrower|p2a: Clodsire\n|-damage|p2a: Clodsire|47\/100 brn\n|move|p2a: Clodsire|Haze|p2a: Clodsire\n|-clearallboost\n|\n|-damage|p2a: Clodsire|40\/100 brn|[from] brn\n|-ability|p1a: Scovillain|Moody|boost\n|-boost|p1a: Scovillain|spa|2\n|-unboost|p1a: Scovillain|spd|1\n|upkeep\n|turn|55\n|inactive|Sundude1000 has 120 seconds left.\n|\n|t:|1699203983\n|switch|p2a: Alomomola|Alomomola, M|100\/100\n|move|p1a: Scovillain|Flamethrower|p2a: Alomomola\n|-resisted|p2a: Alomomola\n|-damage|p2a: Alomomola|62\/100\n|\n|-ability|p1a: Scovillain|Moody|boost\n|-boost|p1a: Scovillain|spd|2\n|-unboost|p1a: Scovillain|spe|1\n|upkeep\n|turn|56\n|inactive|Sundude1000 has 120 seconds left.\n|\n|t:|1699203990\n|move|p2a: Alomomola|Wish|p2a: Alomomola\n|move|p1a: Scovillain|Flamethrower|p2a: Alomomola\n|-resisted|p2a: Alomomola\n|-damage|p2a: Alomomola|23\/100\n|\n|-ability|p1a: Scovillain|Moody|boost\n|-boost|p1a: Scovillain|spa|2\n|-unboost|p1a: Scovillain|spd|1\n|upkeep\n|turn|57\n|\n|t:|1699203996\n|move|p2a: Alomomola|Flip Turn|p1a: Scovillain\n|-end|p1a: Scovillain|Substitute\n|\n|t:|1699203999\n|switch|p2a: Clodsire|Clodsire, M|40\/100 brn|[from] Flip Turn\n|move|p1a: Scovillain|Flamethrower|p2a: Clodsire\n|-damage|p2a: Clodsire|23\/100 brn\n|\n|-heal|p2a: Clodsire|80\/100 brn|[from] move: Wish|[wisher] Alomomola\n|-damage|p2a: Clodsire|74\/100 brn|[from] brn\n|-ability|p1a: Scovillain|Moody|boost\n|-boost|p1a: Scovillain|def|2\n|-unboost|p1a: Scovillain|atk|1\n|upkeep\n|turn|58\n|inactive|Sundude1000 has 120 seconds left.\n|\n|t:|1699204029\n|move|p1a: Scovillain|Flamethrower|p2a: Clodsire\n|-damage|p2a: Clodsire|56\/100 brn\n|move|p2a: Clodsire|Haze|p2a: Clodsire\n|-clearallboost\n|\n|-damage|p2a: Clodsire|50\/100 brn|[from] brn\n|-ability|p1a: Scovillain|Moody|boost\n|-boost|p1a: Scovillain|atk|2\n|-unboost|p1a: Scovillain|spa|1\n|upkeep\n|turn|59\n|\n|t:|1699204035\n|move|p1a: Scovillain|Flamethrower|p2a: Clodsire\n|-damage|p2a: Clodsire|32\/100 brn\n|move|p2a: Clodsire|Recover|p2a: Clodsire\n|-heal|p2a: Clodsire|82\/100 brn\n|\n|-damage|p2a: Clodsire|75\/100 brn|[from] brn\n|-ability|p1a: Scovillain|Moody|boost\n|-boost|p1a: Scovillain|spe|2\n|-unboost|p1a: Scovillain|spa|1\n|upkeep\n|turn|60\n|-message|Sundude1000 forfeited.\n|\n|win|AGisgood\u82cd\u54cd\u4fa0\n|raw|Sundude1000's rating: 1514 &rarr; <strong>1503<\/strong><br \/>(-11 for losing)\n|raw|AGisgood\u82cd\u54cd\u4fa0's rating: 1692 &rarr; <strong>1703<\/strong><br \/>(+11 for winning)\n|l|\u2606Sundude1000\n|l|\u2606AGisgood\u82cd\u54cd\u4fa0\n|l| xinnobu\n","uploadtime":1699204127,"views":2,"p1id":"sundude1000","p2id":"agisgood","formatid":"gen9anythinggoes","rating":1503,"private":0,"password":""}