{"id":"gen9anythinggoes-1995318207","p1":"Pokemh","p2":"Slow3","format":"[Gen 9] Anything Goes","log":"|j|\u203dPokemh\n|j|\u2606Slow3\n|t:|1700552774\n|gametype|singles\n|player|p1|Pokemh|lucas|1757\n|player|p2|Slow3|102|1660\n|teamsize|p1|6\n|teamsize|p2|6\n|gen|9\n|tier|[Gen 9] Anything Goes\n|rated|\n|rule|HP Percentage Mod: HP is shown in percentages\n|rule|Endless Battle Clause: Forcing endless battles is banned\n|clearpoke\n|poke|p1|Mandibuzz, F|\n|poke|p1|Toxapex, M|\n|poke|p1|Blissey, F|\n|poke|p1|Alomomola, F|\n|poke|p1|Clodsire, F|\n|poke|p1|Dondozo, F|\n|poke|p2|Calyrex-Shadow|\n|poke|p2|Koraidon|\n|poke|p2|Arceus-Steel|\n|poke|p2|Arceus|\n|poke|p2|Miraidon|\n|poke|p2|Muk-Alola, M|\n|teampreview\n|inactive|Battle timer is ON: inactive players will automatically lose when time's up. (requested by Pokemh)\n|\n|t:|1700552786\n|start\n|switch|p1a: Toxapex|Toxapex, M|100\/100\n|switch|p2a: Muk|Muk-Alola, M|100\/100\n|turn|1\n|\n|t:|1700552790\n|move|p2a: Muk|Taunt|p1a: Toxapex\n|-start|p1a: Toxapex|move: Taunt\n|cant|p1a: Toxapex|move: Taunt|Toxic Spikes\n|\n|upkeep\n|turn|2\n|\n|t:|1700552799\n|switch|p2a: Koraidon|Koraidon|100\/100\n|-weather|SunnyDay|[from] ability: Orichalcum Pulse|[of] p2a: Koraidon\n|-activate|p2a: Koraidon|Orichalcum Pulse|[source]\n|switch|p1a: Dondozo|Dondozo, F|100\/100\n|\n|-weather|SunnyDay|[upkeep]\n|upkeep\n|turn|3\n|\n|t:|1700552807\n|switch|p2a: Miraidon|Miraidon|100\/100\n|-fieldstart|move: Electric Terrain|[from] ability: Hadron Engine|[of] p2a: Miraidon\n|move|p1a: Dondozo|Fissure|p2a: Miraidon|[miss]\n|-miss|p1a: Dondozo|p2a: Miraidon\n|\n|-weather|SunnyDay|[upkeep]\n|upkeep\n|turn|4\n|\n|t:|1700552812\n|switch|p1a: Blissey|Blissey, F|100\/100\n|move|p2a: Miraidon|Draco Meteor|p1a: Blissey\n|-damage|p1a: Blissey|54\/100\n|-unboost|p2a: Miraidon|spa|2\n|\n|-weather|SunnyDay|[upkeep]\n|upkeep\n|turn|5\n|\n|t:|1700552818\n|switch|p2a: Muk|Muk-Alola, M|100\/100\n|move|p1a: Blissey|Soft-Boiled|p1a: Blissey\n|-heal|p1a: Blissey|100\/100\n|\n|-weather|SunnyDay|[upkeep]\n|upkeep\n|turn|6\n|\n|t:|1700552829\n|switch|p1a: Dondozo|Dondozo, F|100\/100\n|move|p2a: Muk|Taunt|p1a: Dondozo\n|-start|p1a: Dondozo|move: Taunt\n|\n|-weather|none\n|upkeep\n|turn|7\n|\n|t:|1700552844\n|move|p2a: Muk|Brick Break|p1a: Dondozo\n|-damage|p1a: Dondozo|92\/100\n|move|p1a: Dondozo|Fissure|p2a: Muk|[miss]\n|-miss|p1a: Dondozo|p2a: Muk\n|\n|-fieldend|move: Electric Terrain\n|upkeep\n|turn|8\n|\n|t:|1700552853\n|move|p2a: Muk|Brick Break|p1a: Dondozo\n|-damage|p1a: Dondozo|85\/100\n|move|p1a: Dondozo|Fissure|p2a: Muk|[miss]\n|-miss|p1a: Dondozo|p2a: Muk\n|\n|-end|p1a: Dondozo|move: Taunt\n|upkeep\n|turn|9\n|\n|t:|1700552862\n|move|p2a: Muk|Brick Break|p1a: Dondozo\n|-damage|p1a: Dondozo|77\/100\n|move|p1a: Dondozo|Fissure|p2a: Muk\n|-damage|p2a: Muk|0 fnt\n|faint|p2a: Muk\n|-ohko\n|\n|upkeep\n|\n|t:|1700552869\n|switch|p2a: Miraidon|Miraidon|100\/100\n|-fieldstart|move: Electric Terrain|[from] ability: Hadron Engine|[of] p2a: Miraidon\n|turn|10\n|\n|t:|1700552885\n|switch|p1a: Blissey|Blissey, F|100\/100\n|move|p2a: Miraidon|Draco Meteor|p1a: Blissey\n|-damage|p1a: Blissey|55\/100\n|-unboost|p2a: Miraidon|spa|2\n|\n|upkeep\n|turn|11\n|\n|t:|1700552889\n|switch|p2a: Koraidon|Koraidon|100\/100\n|-weather|SunnyDay|[from] ability: Orichalcum Pulse|[of] p2a: Koraidon\n|-activate|p2a: Koraidon|Orichalcum Pulse|[source]\n|move|p1a: Blissey|Soft-Boiled|p1a: Blissey\n|-heal|p1a: Blissey|100\/100\n|\n|-weather|SunnyDay|[upkeep]\n|upkeep\n|turn|12\n|\n|t:|1700552893\n|switch|p1a: Toxapex|Toxapex, M|100\/100\n|move|p2a: Koraidon|Scale Shot|p1a: Toxapex\n|-damage|p1a: Toxapex|88\/100\n|-damage|p1a: Toxapex|76\/100\n|-damage|p1a: Toxapex|65\/100\n|-damage|p1a: Toxapex|53\/100\n|-damage|p1a: Toxapex|43\/100\n|-hitcount|p1a: Toxapex|5\n|-unboost|p2a: Koraidon|def|1\n|-boost|p2a: Koraidon|spe|1\n|\n|-weather|SunnyDay|[upkeep]\n|upkeep\n|turn|13\n|\n|t:|1700552900\n|switch|p1a: Alomomola|Alomomola, F|100\/100\n|move|p2a: Koraidon|Scale Shot|p1a: Alomomola\n|-damage|p1a: Alomomola|90\/100\n|-damage|p1a: Alomomola|79\/100\n|-damage|p1a: Alomomola|68\/100\n|-damage|p1a: Alomomola|57\/100\n|-damage|p1a: Alomomola|46\/100\n|-hitcount|p1a: Alomomola|5\n|-unboost|p2a: Koraidon|def|1\n|-boost|p2a: Koraidon|spe|1\n|\n|-weather|SunnyDay|[upkeep]\n|upkeep\n|turn|14\n|\n|t:|1700552907\n|move|p1a: Alomomola|Protect|p1a: Alomomola\n|-singleturn|p1a: Alomomola|Protect\n|move|p2a: Koraidon|Scale Shot|p1a: Alomomola\n|-activate|p1a: Alomomola|move: Protect\n|\n|-weather|SunnyDay|[upkeep]\n|-fieldend|move: Electric Terrain\n|upkeep\n|turn|15\n|\n|t:|1700552910\n|switch|p1a: Toxapex|Toxapex, M|76\/100\n|move|p2a: Koraidon|Scale Shot|p1a: Toxapex\n|-damage|p1a: Toxapex|64\/100\n|-damage|p1a: Toxapex|51\/100\n|-damage|p1a: Toxapex|41\/100\n|-damage|p1a: Toxapex|28\/100\n|-hitcount|p1a: Toxapex|4\n|-unboost|p2a: Koraidon|def|1\n|-boost|p2a: Koraidon|spe|1\n|\n|-weather|none\n|upkeep\n|turn|16\n|\n|t:|1700552913\n|switch|p1a: Dondozo|Dondozo, F|77\/100\n|move|p2a: Koraidon|Scale Shot|p1a: Dondozo|[miss]\n|-miss|p2a: Koraidon|p1a: Dondozo\n|\n|upkeep\n|turn|17\n|\n|t:|1700552920\n|switch|p2a: Miraidon|Miraidon|100\/100\n|-fieldstart|move: Electric Terrain|[from] ability: Hadron Engine|[of] p2a: Miraidon\n|move|p1a: Dondozo|Fissure|p2a: Miraidon|[miss]\n|-miss|p1a: Dondozo|p2a: Miraidon\n|\n|upkeep\n|turn|18\n|\n|t:|1700552924\n|switch|p1a: Blissey|Blissey, F|100\/100\n|move|p2a: Miraidon|Draco Meteor|p1a: Blissey\n|-damage|p1a: Blissey|51\/100\n|-unboost|p2a: Miraidon|spa|2\n|\n|upkeep\n|turn|19\n|\n|t:|1700552929\n|switch|p2a: Koraidon|Koraidon|100\/100\n|-weather|SunnyDay|[from] ability: Orichalcum Pulse|[of] p2a: Koraidon\n|-activate|p2a: Koraidon|Orichalcum Pulse|[source]\n|move|p1a: Blissey|Soft-Boiled|p1a: Blissey\n|-heal|p1a: Blissey|100\/100\n|\n|-weather|SunnyDay|[upkeep]\n|upkeep\n|turn|20\n|\n|t:|1700552934\n|switch|p1a: Alomomola|Alomomola, F|79\/100\n|move|p2a: Koraidon|Scale Shot|p1a: Alomomola\n|-damage|p1a: Alomomola|68\/100\n|-damage|p1a: Alomomola|59\/100\n|-damage|p1a: Alomomola|49\/100\n|-damage|p1a: Alomomola|39\/100\n|-hitcount|p1a: Alomomola|4\n|-unboost|p2a: Koraidon|def|1\n|-boost|p2a: Koraidon|spe|1\n|\n|-weather|SunnyDay|[upkeep]\n|upkeep\n|turn|21\n|\n|t:|1700552940\n|-terastallize|p1a: Alomomola|Fairy\n|move|p2a: Koraidon|Scale Shot|p1a: Alomomola\n|-immune|p1a: Alomomola\n|move|p1a: Alomomola|Play Rough|p2a: Koraidon\n|-supereffective|p2a: Koraidon\n|-damage|p2a: Koraidon|0 fnt\n|faint|p2a: Koraidon\n|\n|-weather|SunnyDay|[upkeep]\n|-fieldend|move: Electric Terrain\n|upkeep\n|\n|t:|1700552944\n|switch|p2a: Calyrex|Calyrex-Shadow|100\/100\n|-ability|p2a: Calyrex|As One\n|-ability|p2a: Calyrex|Unnerve\n|turn|22\n|\n|t:|1700552953\n|switch|p2a: Arceus|Arceus-Steel|100\/100\n|switch|p1a: Mandibuzz|Mandibuzz, F|100\/100\n|\n|-weather|SunnyDay|[upkeep]\n|upkeep\n|turn|23\n|\n|t:|1700552959\n|switch|p1a: Blissey|Blissey, F|100\/100\n|move|p2a: Arceus|Judgment|p1a: Blissey\n|-crit|p1a: Blissey\n|-damage|p1a: Blissey|69\/100\n|\n|-weather|none\n|upkeep\n|turn|24\n|\n|t:|1700552963\n|switch|p2a: Arceus|Arceus|100\/100\n|move|p1a: Blissey|Soft-Boiled|p1a: Blissey\n|-heal|p1a: Blissey|100\/100\n|\n|upkeep\n|turn|25\n|\n|t:|1700552967\n|switch|p1a: Dondozo|Dondozo, F|77\/100\n|move|p2a: Arceus|Swords Dance|p2a: Arceus\n|-boost|p2a: Arceus|atk|2\n|\n|upkeep\n|turn|26\n|\n|t:|1700552971\n|move|p2a: Arceus|Swords Dance|p2a: Arceus\n|-boost|p2a: Arceus|atk|2\n|move|p1a: Dondozo|Fissure|p2a: Arceus|[miss]\n|-miss|p1a: Dondozo|p2a: Arceus\n|\n|upkeep\n|turn|27\n|\n|t:|1700552974\n|move|p2a: Arceus|Swords Dance|p2a: Arceus\n|-boost|p2a: Arceus|atk|2\n|move|p1a: Dondozo|Fissure|p2a: Arceus\n|-damage|p2a: Arceus|0 fnt\n|faint|p2a: Arceus\n|-ohko\n|\n|upkeep\n|\n|t:|1700552977\n|switch|p2a: Arceus|Arceus-Steel|100\/100\n|turn|28\n|\n|t:|1700552982\n|switch|p1a: Blissey|Blissey, F|100\/100\n|move|p2a: Arceus|Judgment|p1a: Blissey\n|-damage|p1a: Blissey|80\/100\n|\n|upkeep\n|turn|29\n|\n|t:|1700552985\n|move|p2a: Arceus|Extreme Speed|p1a: Blissey\n|-damage|p1a: Blissey|62\/100\n|move|p1a: Blissey|Soft-Boiled|p1a: Blissey\n|-heal|p1a: Blissey|100\/100\n|\n|upkeep\n|turn|30\n|\n|t:|1700552990\n|switch|p2a: Miraidon|Miraidon|100\/100\n|-fieldstart|move: Electric Terrain|[from] ability: Hadron Engine|[of] p2a: Miraidon\n|switch|p1a: Toxapex|Toxapex, M|62\/100\n|\n|upkeep\n|turn|31\n|\n|t:|1700552995\n|move|p1a: Toxapex|Baneful Bunker|p1a: Toxapex\n|-singleturn|p1a: Toxapex|move: Protect\n|move|p2a: Miraidon|Electro Drift|p1a: Toxapex\n|-activate|p1a: Toxapex|move: Protect\n|-status|p2a: Miraidon|psn\n|\n|-damage|p2a: Miraidon|88\/100 psn|[from] psn\n|upkeep\n|turn|32\n|\n|t:|1700552998\n|switch|p1a: Clodsire|Clodsire, F|100\/100\n|move|p2a: Miraidon|Electro Drift|p1a: Clodsire\n|-immune|p1a: Clodsire\n|\n|-damage|p2a: Miraidon|76\/100 psn|[from] psn\n|upkeep\n|turn|33\n|inactive|Slow3 has 120 seconds left.\n|inactive|Slow3 has 90 seconds left.\n|inactive|Slow3 has 60 seconds left.\n|inactive|Slow3 has 30 seconds left.\n|inactive|Slow3 has 20 seconds left.\n|inactive|Slow3 has 15 seconds left.\n|inactive|Slow3 has 10 seconds left.\n|j| Arpitraj1\n|inactive|Slow3 has 5 seconds left.\n|-message|Slow3 lost due to inactivity.\n|\n|win|Pokemh\n|raw|Pokemh's rating: 1762 &rarr; <strong>1776<\/strong><br \/>(+14 for winning)\n|raw|Slow3's rating: 1660 &rarr; <strong>1646<\/strong><br \/>(-14 for losing)\n","uploadtime":1700553158,"views":1,"p1id":"pokemh","p2id":"slow3","formatid":"gen9anythinggoes","rating":1646,"private":0,"password":""}