{"id":"gen9anythinggoes-1999372760","p1":"FemboyPlayer","p2":"cbreezy222","format":"[Gen 9] Anything Goes","log":"|j|\u2606FemboyPlayer\n|j|\u2606cbreezy222\n|t:|1701068991\n|gametype|singles\n|player|p1|FemboyPlayer|elesa|1123\n|player|p2|cbreezy222|266|1165\n|teamsize|p1|6\n|teamsize|p2|6\n|gen|9\n|tier|[Gen 9] Anything Goes\n|rated|\n|rule|HP Percentage Mod: HP is shown in percentages\n|rule|Endless Battle Clause: Forcing endless battles is banned\n|clearpoke\n|poke|p1|Zoroark, F|\n|poke|p1|Zoroark-Hisui, F|\n|poke|p1|Ninetales, F|\n|poke|p1|Ninetales-Alola, F|\n|poke|p1|Delphox, F|\n|poke|p1|Espeon, M|\n|poke|p2|Darkrai|\n|poke|p2|Sylveon, F|\n|poke|p2|Gliscor, F|\n|poke|p2|Rayquaza|\n|poke|p2|Gyarados, F|\n|poke|p2|Volcarona, M|\n|teampreview\n|inactive|Battle timer is ON: inactive players will automatically lose when time's up. (requested by FemboyPlayer)\n|inactive|cbreezy222 has 120 seconds left.\n|c|\u2606cbreezy222|bro again?\n|c|\u2606cbreezy222|i already beat you\n|\n|t:|1701069036\n|start\n|switch|p1a: Multifluff|Ninetales, F, shiny|100\/100\n|switch|p2a: Darkrai|Darkrai|100\/100\n|-weather|SunnyDay|[from] ability: Drought|[of] p1a: Multifluff\n|turn|1\n|\n|t:|1701069043\n|move|p1a: Multifluff|Flamethrower|p2a: Darkrai\n|-damage|p2a: Darkrai|42\/100\n|move|p2a: Darkrai|Nasty Plot|p2a: Darkrai\n|-boost|p2a: Darkrai|spa|2\n|\n|-weather|SunnyDay|[upkeep]\n|-heal|p2a: Darkrai|48\/100|[from] item: Leftovers\n|upkeep\n|turn|2\n|c|\u2606FemboyPlayer|it is random\n|\n|t:|1701069054\n|switch|p2a: Rayquaza|Rayquaza|100\/100\n|-ability|p2a: Rayquaza|Air Lock\n|move|p1a: Multifluff|Flamethrower|p2a: Rayquaza\n|-resisted|p2a: Rayquaza\n|-damage|p2a: Rayquaza|83\/100\n|\n|-weather|SunnyDay|[upkeep]\n|upkeep\n|turn|3\n|\n|t:|1701069063\n|move|p1a: Multifluff|Flamethrower|p2a: Rayquaza\n|-resisted|p2a: Rayquaza\n|-damage|p2a: Rayquaza|64\/100\n|-status|p2a: Rayquaza|brn\n|move|p2a: Rayquaza|Dragon Tail|p1a: Multifluff\n|-damage|p1a: Multifluff|64\/100\n|drag|p1a: Ninefails|Ninetales-Alola, F, shiny|100\/100\n|\n|-weather|SunnyDay|[upkeep]\n|-damage|p2a: Rayquaza|58\/100 brn|[from] brn\n|upkeep\n|turn|4\n|\n|t:|1701069074\n|move|p1a: Ninefails|Bitter Malice|p2a: Rayquaza\n|-damage|p2a: Rayquaza|20\/100 brn\n|-unboost|p2a: Rayquaza|atk|1\n|move|p2a: Rayquaza|Dragon Tail|p1a: Ninefails\n|-damage|p1a: Ninefails|68\/100\n|replace|p1a: Lycanrock-Twilight|Zoroark-Hisui, F, shiny\n|-end|p1a: Lycanrock-Twilight|Illusion\n|drag|p1a: Ninefails|Ninetales-Alola, F, shiny|100\/100\n|\n|-weather|SunnyDay|[upkeep]\n|-damage|p2a: Rayquaza|14\/100 brn|[from] brn\n|upkeep\n|turn|5\n|\n|t:|1701069087\n|switch|p2a: Sylveon|Sylveon, F|100\/100\n|move|p1a: Ninefails|Sucker Punch||[still]\n|-fail|p1a: Ninefails\n|\n|-weather|none\n|upkeep\n|turn|6\n|\n|t:|1701069092\n|move|p1a: Ninefails|Fling|p2a: Sylveon\n|-resisted|p2a: Sylveon\n|-damage|p2a: Sylveon|92\/100\n|-status|p2a: Sylveon|par\n|-enditem|p1a: Ninefails|Light Ball|[from] move: Fling\n|move|p2a: Sylveon|Calm Mind|p2a: Sylveon\n|-boost|p2a: Sylveon|spa|1\n|-boost|p2a: Sylveon|spd|1\n|\n|-heal|p2a: Sylveon|99\/100 par|[from] item: Leftovers\n|upkeep\n|turn|7\n|inactive|FemboyPlayer has 120 seconds left.\n|\n|t:|1701069132\n|move|p1a: Ninefails|Brick Break|p2a: Sylveon\n|-resisted|p2a: Sylveon\n|-damage|p2a: Sylveon|87\/100 par\n|cant|p2a: Sylveon|par\n|\n|-heal|p2a: Sylveon|93\/100 par|[from] item: Leftovers\n|upkeep\n|turn|8\n|inactive|FemboyPlayer has 120 seconds left.\n|\n|t:|1701069139\n|switch|p1a: Multifluff|Ninetales, F, shiny|64\/100\n|-weather|SunnyDay|[from] ability: Drought|[of] p1a: Multifluff\n|cant|p2a: Sylveon|par\n|\n|-weather|SunnyDay|[upkeep]\n|-heal|p2a: Sylveon|99\/100 par|[from] item: Leftovers\n|upkeep\n|turn|9\n|\n|t:|1701069149\n|move|p2a: Sylveon|Wish|p2a: Sylveon\n|move|p1a: Multifluff|Roar|p2a: Sylveon\n|drag|p2a: Volcarona|Volcarona, M|100\/100\n|\n|-weather|SunnyDay|[upkeep]\n|upkeep\n|turn|10\n|\n|t:|1701069156\n|move|p1a: Multifluff|Flamethrower|p2a: Volcarona\n|-damage|p2a: Volcarona|55\/100\n|move|p2a: Volcarona|Quiver Dance|p2a: Volcarona\n|-boost|p2a: Volcarona|spa|1\n|-boost|p2a: Volcarona|spd|1\n|-boost|p2a: Volcarona|spe|1\n|\n|-weather|SunnyDay|[upkeep]\n|-heal|p2a: Volcarona|100\/100|[from] move: Wish|[wisher] Sylveon\n|upkeep\n|turn|11\n|\n|t:|1701069165\n|move|p2a: Volcarona|Giga Drain|p1a: Multifluff\n|-resisted|p1a: Multifluff\n|-damage|p1a: Multifluff|43\/100\n|move|p1a: Multifluff|Roar|p2a: Volcarona\n|drag|p2a: Gliscor|Gliscor, F|100\/100\n|\n|-weather|SunnyDay|[upkeep]\n|-status|p2a: Gliscor|tox|[from] item: Toxic Orb\n|upkeep\n|turn|12\n|\n|t:|1701069175\n|-terastallize|p1a: Multifluff|Grass\n|move|p1a: Multifluff|Solar Beam||[still]\n|-prepare|p1a: Multifluff|Solar Beam\n|-anim|p1a: Multifluff|Solar Beam|p2a: Gliscor\n|-damage|p2a: Gliscor|47\/100 tox\n|move|p2a: Gliscor|Earthquake|p1a: Multifluff\n|-resisted|p1a: Multifluff\n|-damage|p1a: Multifluff|15\/100\n|\n|-weather|none\n|-heal|p2a: Gliscor|59\/100 tox|[from] ability: Poison Heal\n|upkeep\n|turn|13\n|\n|t:|1701069187\n|move|p1a: Multifluff|Psyshock|p2a: Gliscor\n|-damage|p2a: Gliscor|41\/100 tox\n|move|p2a: Gliscor|Facade|p1a: Multifluff\n|-damage|p1a: Multifluff|0 fnt\n|faint|p1a: Multifluff\n|\n|-heal|p2a: Gliscor|54\/100 tox|[from] ability: Poison Heal\n|upkeep\n|\n|t:|1701069204\n|switch|p1a: Ninefails|Ninetales-Alola, F, shiny|100\/100\n|-weather|Snow|[from] ability: Snow Warning|[of] p1a: Ninefails\n|turn|14\n|\n|t:|1701069210\n|switch|p2a: Sylveon|Sylveon, F|99\/100 par\n|move|p1a: Ninefails|Blizzard|p2a: Sylveon\n|-crit|p2a: Sylveon\n|-damage|p2a: Sylveon|61\/100 par\n|\n|-weather|Snow|[upkeep]\n|-heal|p2a: Sylveon|67\/100 par|[from] item: Leftovers\n|upkeep\n|turn|15\n|\n|t:|1701069217\n|move|p1a: Ninefails|Blizzard|p2a: Sylveon\n|-damage|p2a: Sylveon|37\/100 par\n|cant|p2a: Sylveon|par\n|\n|-weather|Snow|[upkeep]\n|-heal|p2a: Sylveon|44\/100 par|[from] item: Leftovers\n|upkeep\n|turn|16\n|\n|t:|1701069224\n|move|p1a: Ninefails|Blizzard|p2a: Sylveon\n|-crit|p2a: Sylveon\n|-damage|p2a: Sylveon|5\/100 par\n|move|p2a: Sylveon|Wish|p2a: Sylveon\n|\n|-weather|Snow|[upkeep]\n|-heal|p2a: Sylveon|12\/100 par|[from] item: Leftovers\n|upkeep\n|turn|17\n|\n|t:|1701069231\n|switch|p2a: Darkrai|Darkrai|48\/100\n|move|p1a: Ninefails|Blizzard|p2a: Darkrai\n|-damage|p2a: Darkrai|1\/100\n|\n|-weather|Snow|[upkeep]\n|-heal|p2a: Darkrai|61\/100|[from] move: Wish|[wisher] Sylveon\n|-heal|p2a: Darkrai|67\/100|[from] item: Leftovers\n|upkeep\n|turn|18\n|\n|t:|1701069244\n|move|p2a: Darkrai|Will-O-Wisp|p1a: Ninefails\n|-status|p1a: Ninefails|brn\n|move|p1a: Ninefails|Roar|p2a: Darkrai\n|drag|p2a: Volcarona|Volcarona, M|100\/100\n|\n|-weather|none\n|-damage|p1a: Ninefails|95\/100 brn|[from] brn\n|upkeep\n|turn|19\n|\n|t:|1701069251\n|move|p1a: Ninefails|Moonblast|p2a: Volcarona\n|-resisted|p2a: Volcarona\n|-damage|p2a: Volcarona|83\/100\n|move|p2a: Volcarona|Fiery Dance|p1a: Ninefails\n|-supereffective|p1a: Ninefails\n|-crit|p1a: Ninefails\n|-damage|p1a: Ninefails|0 fnt\n|faint|p1a: Ninefails\n|\n|upkeep\n|\n|t:|1701069263\n|switch|p1a: Fenec|Espeon, M|100\/100\n|turn|20\n|\n|t:|1701069267\n|move|p1a: Fenec|Thunder Wave|p2a: Volcarona\n|-status|p2a: Volcarona|par\n|cant|p2a: Volcarona|par\n|\n|upkeep\n|turn|21\n|\n|t:|1701069272\n|cant|p2a: Volcarona|par\n|move|p1a: Fenec|Roar|p2a: Volcarona\n|drag|p2a: Gliscor|Gliscor, F|54\/100 tox\n|\n|-heal|p2a: Gliscor|66\/100 tox|[from] ability: Poison Heal\n|upkeep\n|turn|22\n|\n|t:|1701069279\n|move|p1a: Fenec|Psychic|p2a: Gliscor\n|-damage|p2a: Gliscor|7\/100 tox\n|move|p2a: Gliscor|Toxic|p1a: Fenec\n|move|p1a: Fenec|Toxic|p2a: Gliscor|[from]ability: Magic Bounce\n|-fail|p2a: Gliscor|tox\n|\n|-heal|p2a: Gliscor|19\/100 tox|[from] ability: Poison Heal\n|upkeep\n|turn|23\n|\n|t:|1701069288\n|switch|p2a: Darkrai|Darkrai|67\/100\n|move|p1a: Fenec|Psychic|p2a: Darkrai\n|-immune|p2a: Darkrai\n|\n|-heal|p2a: Darkrai|74\/100|[from] item: Leftovers\n|upkeep\n|turn|24\n|\n|t:|1701069295\n|move|p1a: Fenec|Thunder Wave|p2a: Darkrai\n|-status|p2a: Darkrai|par\n|move|p2a: Darkrai|Dark Pulse|p1a: Fenec\n|-supereffective|p1a: Fenec\n|-damage|p1a: Fenec|0 fnt\n|faint|p1a: Fenec\n|\n|-heal|p2a: Darkrai|80\/100 par|[from] item: Leftovers\n|upkeep\n|\n|t:|1701069300\n|switch|p1a: Witchfox|Delphox, F, shiny|100\/100\n|turn|25\n|\n|t:|1701069305\n|move|p1a: Witchfox|Brick Break|p2a: Darkrai\n|-supereffective|p2a: Darkrai\n|-damage|p2a: Darkrai|34\/100 par\n|move|p2a: Darkrai|Dark Pulse|p1a: Witchfox\n|-resisted|p1a: Witchfox\n|-damage|p1a: Witchfox|60\/100\n|replace|p1a: Lucario-Hisui|Zoroark, F, shiny\n|-end|p1a: Lucario-Hisui|Illusion\n|\n|-heal|p2a: Darkrai|40\/100 par|[from] item: Leftovers\n|upkeep\n|turn|26\n|\n|t:|1701069319\n|switch|p2a: Gyarados|Gyarados, F|100\/100\n|-ability|p2a: Gyarados|Intimidate|boost\n|-unboost|p1a: Lucario-Hisui|atk|1\n|move|p1a: Lucario-Hisui|Brick Break|p2a: Gyarados\n|-resisted|p2a: Gyarados\n|-damage|p2a: Gyarados|93\/100\n|\n|upkeep\n|turn|27\n|\n|t:|1701069337\n|move|p1a: Lucario-Hisui|Copycat|p1a: Lucario-Hisui\n|move|p1a: Lucario-Hisui|Brick Break|p2a: Gyarados|[from]move: Copycat\n|-resisted|p2a: Gyarados\n|-damage|p2a: Gyarados|87\/100\n|move|p2a: Gyarados|Dragon Dance|p2a: Gyarados\n|-boost|p2a: Gyarados|atk|1\n|-boost|p2a: Gyarados|spe|1\n|\n|upkeep\n|turn|28\n|\n|t:|1701069345\n|move|p1a: Lucario-Hisui|Copycat|p1a: Lucario-Hisui\n|move|p1a: Lucario-Hisui|Dragon Dance|p1a: Lucario-Hisui|[from]move: Copycat\n|-boost|p1a: Lucario-Hisui|atk|1\n|-boost|p1a: Lucario-Hisui|spe|1\n|move|p2a: Gyarados|Earthquake|p1a: Lucario-Hisui\n|-damage|p1a: Lucario-Hisui|0 fnt\n|faint|p1a: Lucario-Hisui\n|\n|upkeep\n|\n|t:|1701069356\n|switch|p1a: Witchfox|Delphox, F, shiny|68\/100\n|turn|29\n|\n|t:|1701069360\n|move|p1a: Witchfox|Bitter Malice|p2a: Gyarados\n|-damage|p2a: Gyarados|54\/100\n|-unboost|p2a: Gyarados|atk|1\n|move|p2a: Gyarados|Earthquake|p1a: Witchfox\n|-damage|p1a: Witchfox|13\/100\n|replace|p1a: Lycanrock-Twilight|Zoroark-Hisui, F, shiny\n|-end|p1a: Lycanrock-Twilight|Illusion\n|\n|upkeep\n|turn|30\n|\n|t:|1701069371\n|move|p1a: Lycanrock-Twilight|Bitter Malice|p2a: Gyarados\n|-crit|p2a: Gyarados\n|-damage|p2a: Gyarados|7\/100\n|-unboost|p2a: Gyarados|atk|1\n|move|p2a: Gyarados|Lash Out|p1a: Lycanrock-Twilight\n|-supereffective|p1a: Lycanrock-Twilight\n|-damage|p1a: Lycanrock-Twilight|0 fnt\n|faint|p1a: Lycanrock-Twilight\n|\n|upkeep\n|\n|t:|1701069373\n|switch|p1a: Witchfox|Delphox, F, shiny|100\/100\n|turn|31\n|\n|t:|1701069383\n|move|p1a: Witchfox|Psyshock|p2a: Gyarados\n|-damage|p2a: Gyarados|0 fnt\n|faint|p2a: Gyarados\n|\n|upkeep\n|\n|t:|1701069391\n|switch|p2a: Volcarona|Volcarona, M|83\/100 par\n|turn|32\n|\n|t:|1701069398\n|move|p1a: Witchfox|Mystical Fire|p2a: Volcarona\n|-damage|p2a: Volcarona|52\/100 par\n|-unboost|p2a: Volcarona|spa|1\n|cant|p2a: Volcarona|par\n|\n|upkeep\n|turn|33\n|\n|t:|1701069406\n|move|p1a: Witchfox|Mystical Fire|p2a: Volcarona\n|-damage|p2a: Volcarona|18\/100 par\n|-unboost|p2a: Volcarona|spa|1\n|move|p2a: Volcarona|Giga Drain|p1a: Witchfox\n|-resisted|p1a: Witchfox\n|-damage|p1a: Witchfox|93\/100\n|-heal|p2a: Volcarona|22\/100 par|[from] drain|[of] p1a: Witchfox\n|\n|upkeep\n|turn|34\n|\n|t:|1701069417\n|move|p1a: Witchfox|Mystical Fire|p2a: Volcarona\n|-damage|p2a: Volcarona|0 fnt\n|faint|p2a: Volcarona\n|\n|upkeep\n|\n|t:|1701069425\n|switch|p2a: Gliscor|Gliscor, F|19\/100 tox\n|turn|35\n|\n|t:|1701069447\n|move|p1a: Witchfox|Shadow Ball|p2a: Gliscor\n|-damage|p2a: Gliscor|0 fnt\n|faint|p2a: Gliscor\n|\n|upkeep\n|\n|t:|1701069457\n|switch|p2a: Sylveon|Sylveon, F|12\/100 par\n|turn|36\n|\n|t:|1701069464\n|move|p1a: Witchfox|Mystical Fire|p2a: Sylveon\n|-damage|p2a: Sylveon|0 fnt\n|faint|p2a: Sylveon\n|\n|upkeep\n|c|\u2606cbreezy222|congrats lil bro\n|\n|t:|1701069472\n|switch|p2a: Darkrai|Darkrai|40\/100 par\n|turn|37\n|\n|t:|1701069480\n|move|p1a: Witchfox|Mystical Fire|p2a: Darkrai\n|-damage|p2a: Darkrai|0 fnt\n|faint|p2a: Darkrai\n|\n|upkeep\n|\n|t:|1701069485\n|switch|p2a: Rayquaza|Rayquaza|14\/100 brn\n|-ability|p2a: Rayquaza|Air Lock\n|turn|38\n|\n|t:|1701069490\n|move|p1a: Witchfox|Mystical Fire|p2a: Rayquaza\n|-resisted|p2a: Rayquaza\n|-damage|p2a: Rayquaza|0 fnt\n|faint|p2a: Rayquaza\n|\n|win|FemboyPlayer\n|raw|FemboyPlayer's rating: 1123 &rarr; <strong>1151<\/strong><br \/>(+28 for winning)\n|raw|cbreezy222's rating: 1165 &rarr; <strong>1137<\/strong><br \/>(-28 for losing)\n","uploadtime":1701069493,"views":0,"p1id":"femboyplayer","p2id":"cbreezy222","formatid":"gen9anythinggoes","rating":1137,"private":0,"password":""}