{"id":"gen9anythinggoes-1974734855","p1":"Yardrok","p2":"Keyloada","format":"[Gen 9] Anything Goes","log":"|j|\u2606Yardrok\n|j|\u2606Keyloada\n|t:|1698115685\n|gametype|singles\n|player|p1|Yardrok|doctor|\n|player|p2|Keyloada|1|\n|teamsize|p1|6\n|teamsize|p2|6\n|gen|9\n|tier|[Gen 9] Anything Goes\n|rule|HP Percentage Mod: HP is shown in percentages\n|rule|Endless Battle Clause: Forcing endless battles is banned\n|clearpoke\n|poke|p1|Jirachi|\n|poke|p1|Annihilape, F|\n|poke|p1|Crocalor, M|\n|poke|p1|Samurott-Hisui, F|\n|poke|p1|Ditto|\n|poke|p1|Forretress, F|\n|poke|p2|Slowking-Galar, F|\n|poke|p2|Avalugg, M|\n|poke|p2|Chandelure, F|\n|poke|p2|Cetitan, M|\n|poke|p2|Umbreon, M|\n|poke|p2|Jolteon, M|\n|teampreview\n|j| LiquidPlazmid77\n|j| Map217\n|j| NotADragonTrainer\n|inactive|Battle timer is ON: inactive players will automatically lose when time's up. (requested by Yardrok)\n|inactiveoff|Battle timer is now OFF.\n|\n|t:|1698115795\n|start\n|switch|p1a: Samurott|Samurott-Hisui, F|100\/100\n|switch|p2a: Soup|Chandelure, F|100\/100\n|turn|1\n|\n|t:|1698115820\n|switch|p2a: Avalugg|Avalugg, M|100\/100\n|move|p1a: Samurott|Ceaseless Edge|p2a: Avalugg\n|-damage|p2a: Avalugg|81\/100\n|-sidestart|p2: Keyloada|Spikes\n|\n|upkeep\n|turn|2\n|\n|t:|1698115835\n|switch|p1a: Forretress|Forretress, F|100\/100\n|move|p2a: Avalugg|Avalanche|p1a: Forretress\n|-resisted|p1a: Forretress\n|-damage|p1a: Forretress|91\/100\n|\n|upkeep\n|turn|3\n|\n|t:|1698115905\n|switch|p2a: Soup|Chandelure, F|100\/100\n|move|p1a: Forretress|Rock Blast|p2a: Soup\n|-supereffective|p2a: Soup\n|-damage|p2a: Soup|82\/100\n|-supereffective|p2a: Soup\n|-damage|p2a: Soup|63\/100\n|-supereffective|p2a: Soup\n|-damage|p2a: Soup|45\/100\n|-supereffective|p2a: Soup\n|-damage|p2a: Soup|27\/100\n|-hitcount|p2a: Soup|4\n|\n|upkeep\n|turn|4\n|\n|t:|1698115929\n|switch|p2a: DORKNESS|Umbreon, M|100\/100\n|-damage|p2a: DORKNESS|88\/100|[from] Spikes\n|switch|p1a: Crocalor|Crocalor, M|100\/100\n|\n|-heal|p2a: DORKNESS|94\/100|[from] item: Leftovers\n|upkeep\n|turn|5\n|j| ChiefBlueScreen\n|\n|t:|1698115945\n|switch|p1a: Forretress|Forretress, F|91\/100\n|move|p2a: DORKNESS|Wish|p2a: DORKNESS\n|\n|-heal|p2a: DORKNESS|99\/100|[from] item: Leftovers\n|upkeep\n|turn|6\n|\n|t:|1698115967\n|move|p2a: DORKNESS|Baton Pass|p2a: DORKNESS\n|\n|t:|1698115972\n|switch|p2a: Slowking|Slowking-Galar, F|100\/100|[from] Baton Pass\n|move|p1a: Forretress|Rock Blast|p2a: Slowking\n|-damage|p2a: Slowking|93\/100\n|-damage|p2a: Slowking|85\/100\n|-damage|p2a: Slowking|77\/100\n|-damage|p2a: Slowking|69\/100\n|-damage|p2a: Slowking|61\/100\n|-hitcount|p2a: Slowking|5\n|\n|-heal|p2a: Slowking|100\/100|[from] move: Wish|[wisher] DORKNESS\n|upkeep\n|turn|7\n|\n|t:|1698115992\n|switch|p1a: Crocalor|Crocalor, M|100\/100\n|move|p2a: Slowking|Chilly Reception|p2a: Slowking\n|-weather|Snow\n|c| ChiefBlueScreen|this was the team I expected in my match tbh\n|\n|t:|1698115998\n|switch|p2a: Avalugg|Avalugg, M|81\/100|[from] Chilly Reception\n|\n|-weather|Snow|[upkeep]\n|-heal|p2a: Avalugg|88\/100|[from] ability: Ice Body\n|upkeep\n|turn|8\n|\n|t:|1698116015\n|switch|p2a: Soup|Chandelure, F|27\/100\n|move|p1a: Crocalor|Yawn|p2a: Soup\n|-start|p2a: Soup|move: Yawn|[of] p1a: Crocalor\n|\n|-weather|Snow|[upkeep]\n|upkeep\n|turn|9\n|\n|t:|1698116035\n|move|p2a: Soup|Substitute|p2a: Soup\n|-start|p2a: Soup|Substitute\n|-damage|p2a: Soup|2\/100\n|move|p1a: Crocalor|Roar|p2a: Soup\n|drag|p2a: Avalugg|Avalugg, M|88\/100\n|\n|-weather|Snow|[upkeep]\n|-heal|p2a: Avalugg|94\/100|[from] ability: Ice Body\n|upkeep\n|turn|10\n|\n|t:|1698116073\n|move|p1a: Crocalor|Tera Blast|p2a: Avalugg\n|-damage|p2a: Avalugg|67\/100\n|move|p2a: Avalugg|Aurora Veil|p2a: Avalugg\n|-sidestart|p2: Keyloada|move: Aurora Veil\n|\n|-weather|Snow|[upkeep]\n|-heal|p2a: Avalugg|73\/100|[from] ability: Ice Body\n|upkeep\n|turn|11\n|\n|t:|1698116082\n|switch|p1a: Ditto|Ditto|100\/100\n|-transform|p1a: Ditto|p2a: Avalugg|[from] ability: Imposter\n|move|p2a: Avalugg|Rapid Spin|p1a: Ditto\n|-damage|p1a: Ditto|96\/100\n|-boost|p2a: Avalugg|spe|1\n|-sideend|p2: Keyloada|Spikes|[from] move: Rapid Spin|[of] p2a: Avalugg\n|\n|-weather|none\n|upkeep\n|turn|12\n|c|\u2606Yardrok|AV RS Avalance Recover\n|\n|t:|1698116119\n|switch|p2a: Cocaine Decisions|Jolteon, M|100\/100\n|switch|p1a: Crocalor|Crocalor, M|100\/100\n|\n|upkeep\n|turn|13\n|\n|t:|1698116132\n|-terastallize|p2a: Cocaine Decisions|Electric\n|move|p2a: Cocaine Decisions|Calm Mind|p2a: Cocaine Decisions\n|-boost|p2a: Cocaine Decisions|spa|1\n|-boost|p2a: Cocaine Decisions|spd|1\n|move|p1a: Crocalor|Yawn|p2a: Cocaine Decisions\n|-start|p2a: Cocaine Decisions|move: Yawn|[of] p1a: Crocalor\n|\n|upkeep\n|turn|14\n|\n|t:|1698116140\n|switch|p1a: Ditto|Ditto|96\/100\n|-transform|p1a: Ditto|p2a: Cocaine Decisions|[from] ability: Imposter\n|move|p2a: Cocaine Decisions|Volt Switch|p1a: Ditto\n|-heal|p1a: Ditto|100\/100|[from] ability: Volt Absorb|[of] p2a: Cocaine Decisions\n|\n|-end|p2a: Cocaine Decisions|move: Yawn|[silent]\n|-status|p2a: Cocaine Decisions|slp\n|-sideend|p2: Keyloada|move: Aurora Veil\n|upkeep\n|turn|15\n|\n|t:|1698116156\n|switch|p1a: Forretress|Forretress, F|91\/100\n|cant|p2a: Cocaine Decisions|slp\n|\n|upkeep\n|turn|16\n|\n|t:|1698116161\n|cant|p2a: Cocaine Decisions|slp\n|move|p1a: Forretress|Pin Missile|p2a: Cocaine Decisions\n|-damage|p2a: Cocaine Decisions|79\/100 slp\n|-damage|p2a: Cocaine Decisions|59\/100 slp\n|-damage|p2a: Cocaine Decisions|36\/100 slp\n|-damage|p2a: Cocaine Decisions|13\/100 slp\n|-hitcount|p2a: Cocaine Decisions|4\n|\n|upkeep\n|turn|17\n|\n|t:|1698116182\n|switch|p1a: Ditto|Ditto|100\/100\n|-transform|p1a: Ditto|p2a: Cocaine Decisions|[from] ability: Imposter\n|cant|p2a: Cocaine Decisions|slp\n|\n|upkeep\n|turn|18\n|\n|t:|1698116211\n|switch|p2a: DORKNESS|Umbreon, M|99\/100\n|move|p1a: Ditto|Weather Ball|p2a: DORKNESS\n|-damage|p2a: DORKNESS|81\/100\n|\n|-heal|p2a: DORKNESS|87\/100|[from] item: Leftovers\n|upkeep\n|turn|19\n|\n|t:|1698116220\n|switch|p1a: Annihilape|Annihilape, F|100\/100\n|move|p2a: DORKNESS|Wish|p2a: DORKNESS\n|\n|-heal|p2a: DORKNESS|93\/100|[from] item: Leftovers\n|upkeep\n|turn|20\n|\n|t:|1698116235\n|switch|p2a: Soup|Chandelure, F|2\/100\n|move|p1a: Annihilape|U-turn|p2a: Soup\n|-resisted|p2a: Soup\n|-damage|p2a: Soup|0 fnt\n|faint|p2a: Soup\n|\n|t:|1698116243\n|switch|p1a: Samurott|Samurott-Hisui, F|100\/100|[from] U-turn\n|\n|upkeep\n|\n|t:|1698116252\n|switch|p2a: Slowking|Slowking-Galar, F|100\/100\n|turn|21\n|\n|t:|1698116289\n|move|p1a: Samurott|Ceaseless Edge|p2a: Slowking\n|-supereffective|p2a: Slowking\n|-damage|p2a: Slowking|0 fnt\n|-sidestart|p2: Keyloada|Spikes\n|faint|p2a: Slowking\n|\n|upkeep\n|\n|t:|1698116300\n|switch|p2a: Avalugg|Avalugg, M|73\/100\n|turn|22\n|\n|t:|1698116307\n|move|p1a: Samurott|Ceaseless Edge|p2a: Avalugg\n|-damage|p2a: Avalugg|55\/100\n|-sidestart|p2: Keyloada|Spikes\n|move|p2a: Avalugg|Rapid Spin|p1a: Samurott\n|-damage|p1a: Samurott|84\/100\n|-boost|p2a: Avalugg|spe|1\n|-sideend|p2: Keyloada|Spikes|[from] move: Rapid Spin|[of] p2a: Avalugg\n|\n|upkeep\n|turn|23\n|\n|t:|1698116316\n|move|p1a: Samurott|Taunt|p2a: Avalugg\n|-start|p2a: Avalugg|move: Taunt\n|cant|p2a: Avalugg|move: Taunt|Recover\n|\n|upkeep\n|turn|24\n|\n|t:|1698116325\n|move|p1a: Samurott|Ceaseless Edge|p2a: Avalugg\n|-damage|p2a: Avalugg|36\/100\n|-sidestart|p2: Keyloada|Spikes\n|move|p2a: Avalugg|Avalanche|p1a: Samurott\n|-resisted|p1a: Samurott\n|-damage|p1a: Samurott|53\/100\n|\n|upkeep\n|turn|25\n|\n|t:|1698116339\n|switch|p1a: Annihilape|Annihilape, F|100\/100\n|switch|p2a: DORKNESS|Umbreon, M|93\/100\n|-damage|p2a: DORKNESS|81\/100|[from] Spikes\n|\n|-heal|p2a: DORKNESS|87\/100|[from] item: Leftovers\n|upkeep\n|turn|26\n|\n|t:|1698116356\n|move|p1a: Annihilape|Close Combat|p2a: DORKNESS\n|-supereffective|p2a: DORKNESS\n|-damage|p2a: DORKNESS|20\/100\n|-unboost|p1a: Annihilape|def|1\n|-unboost|p1a: Annihilape|spd|1\n|move|p2a: DORKNESS|Thunder Wave|p1a: Annihilape\n|-status|p1a: Annihilape|par\n|\n|-heal|p2a: DORKNESS|26\/100|[from] item: Leftovers\n|upkeep\n|turn|27\n|\n|t:|1698116369\n|switch|p2a: Cetitan|Cetitan, M|100\/100\n|-damage|p2a: Cetitan|88\/100|[from] Spikes\n|move|p1a: Annihilape|Close Combat|p2a: Cetitan\n|-supereffective|p2a: Cetitan\n|-damage|p2a: Cetitan|0 fnt\n|-unboost|p1a: Annihilape|def|1\n|-unboost|p1a: Annihilape|spd|1\n|faint|p2a: Cetitan\n|\n|upkeep\n|\n|t:|1698116390\n|switch|p2a: Avalugg|Avalugg, M|36\/100\n|turn|28\n|\n|t:|1698116397\n|move|p1a: Annihilape|Close Combat|p2a: Avalugg\n|-supereffective|p2a: Avalugg\n|-damage|p2a: Avalugg|0 fnt\n|-unboost|p1a: Annihilape|def|1\n|-unboost|p1a: Annihilape|spd|1\n|faint|p2a: Avalugg\n|\n|upkeep\n|\n|t:|1698116403\n|switch|p2a: DORKNESS|Umbreon, M|26\/100\n|-damage|p2a: DORKNESS|13\/100|[from] Spikes\n|turn|29\n|c| ChiefBlueScreen|scary monke\n|\n|t:|1698116416\n|move|p1a: Annihilape|Close Combat|p2a: DORKNESS\n|-supereffective|p2a: DORKNESS\n|-damage|p2a: DORKNESS|0 fnt\n|-unboost|p1a: Annihilape|def|1\n|-unboost|p1a: Annihilape|spd|1\n|faint|p2a: DORKNESS\n|\n|upkeep\n|\n|t:|1698116422\n|switch|p2a: Cocaine Decisions|Jolteon, M, tera:Electric|13\/100 slp\n|-damage|p2a: Cocaine Decisions|1\/100 slp|[from] Spikes\n|turn|30\n|\n|t:|1698116432\n|switch|p1a: Ditto|Ditto|100\/100\n|-transform|p1a: Ditto|p2a: Cocaine Decisions|[from] ability: Imposter\n|-curestatus|p2a: Cocaine Decisions|slp|[msg]\n|move|p2a: Cocaine Decisions|Thunderbolt|p1a: Ditto\n|-immune|p1a: Ditto|[from] ability: Volt Absorb\n|\n|upkeep\n|turn|31\n|\n|t:|1698116443\n|move|p1a: Ditto|Weather Ball|p2a: Cocaine Decisions\n|-damage|p2a: Cocaine Decisions|0 fnt\n|faint|p2a: Cocaine Decisions\n|\n|win|Yardrok\n|c|\u2606Yardrok|GG\n|l| Map217\n|c| ChiefBlueScreen|hfs nice job\n|l|\u2606Keyloada\n","uploadtime":1698116703,"views":19,"p1id":"yardrok","p2id":"keyloada","formatid":"gen9anythinggoes","rating":0,"private":0,"password":""}