{"id":"gen9anythinggoes-1987757074","p1":"natoxlefanpokemon","p2":"Jirachiisnotop","format":"[Gen 9] Anything Goes","log":"|j|\u2606natoxlefanpokemon\n|j|\u2606Jirachiisnotop\n|t:|1699634141\n|gametype|singles\n|player|p1|natoxlefanpokemon|dragontamer|1329\n|player|p2|Jirachiisnotop|unknown|1362\n|teamsize|p1|6\n|teamsize|p2|6\n|gen|9\n|tier|[Gen 9] Anything Goes\n|rated|\n|rule|HP Percentage Mod: HP is shown in percentages\n|rule|Endless Battle Clause: Forcing endless battles is banned\n|clearpoke\n|poke|p1|Corviknight, M|\n|poke|p1|Calyrex-Shadow|\n|poke|p1|Cloyster, F|\n|poke|p1|Koraidon|\n|poke|p1|Miraidon|\n|poke|p1|Zacian-*|\n|poke|p2|Tyranitar, F|\n|poke|p2|Houndstone, M|\n|poke|p2|Ditto|\n|poke|p2|Espeon, F|\n|poke|p2|Maushold-Four|\n|poke|p2|Polteageist-Antique|\n|teampreview\n|inactive|Battle timer is ON: inactive players will automatically lose when time's up. (requested by Jirachiisnotop)\n|\n|t:|1699634156\n|start\n|switch|p1a: Zacian|Zacian-Crowned, shiny|100\/100\n|switch|p2a: DeadMau5|Maushold-Four|100\/100\n|-ability|p1a: Zacian|Intrepid Sword|boost\n|-boost|p1a: Zacian|atk|1\n|turn|1\n|\n|t:|1699634163\n|switch|p2a: Polteageist|Polteageist-Antique|100\/100\n|move|p1a: Zacian|Sacred Sword|p2a: Polteageist\n|-immune|p2a: Polteageist\n|\n|upkeep\n|turn|2\n|\n|t:|1699634170\n|move|p1a: Zacian|Behemoth Blade|p2a: Polteageist\n|-damage|p2a: Polteageist|0 fnt\n|faint|p2a: Polteageist\n|\n|upkeep\n|\n|t:|1699634176\n|switch|p2a: Fast Boi|Ditto|100\/100\n|-transform|p2a: Fast Boi|p1a: Zacian|[from] ability: Imposter\n|-ability|p2a: Fast Boi|Intrepid Sword|boost\n|-boost|p2a: Fast Boi|atk|1\n|turn|3\n|\n|t:|1699634183\n|move|p2a: Fast Boi|Behemoth Blade|p1a: Zacian\n|-damage|p1a: Zacian|0 fnt\n|faint|p1a: Zacian\n|\n|upkeep\n|\n|t:|1699634189\n|switch|p1a: Koraidon|Koraidon|100\/100\n|-weather|SunnyDay|[from] ability: Orichalcum Pulse|[of] p1a: Koraidon\n|-activate|p1a: Koraidon|Orichalcum Pulse|[source]\n|turn|4\n|\n|t:|1699634195\n|-terastallize|p2a: Fast Boi|Normal\n|move|p2a: Fast Boi|Behemoth Blade|p1a: Koraidon\n|-damage|p1a: Koraidon|3\/100\n|move|p1a: Koraidon|Flare Blitz|p2a: Fast Boi\n|-damage|p2a: Fast Boi|18\/100\n|-damage|p1a: Koraidon|0 fnt|[from] Recoil\n|faint|p1a: Koraidon\n|\n|-weather|SunnyDay|[upkeep]\n|upkeep\n|\n|t:|1699634209\n|switch|p1a: Cloyster|Cloyster, F|100\/100\n|turn|5\n|\n|t:|1699634213\n|move|p2a: Fast Boi|Behemoth Blade|p1a: Cloyster\n|-damage|p1a: Cloyster|6\/100\n|move|p1a: Cloyster|Liquidation|p2a: Fast Boi\n|-damage|p2a: Fast Boi|0 fnt\n|faint|p2a: Fast Boi\n|\n|-weather|SunnyDay|[upkeep]\n|upkeep\n|\n|t:|1699634218\n|switch|p2a: DeadMau5|Maushold-Four|100\/100\n|turn|6\n|\n|t:|1699634223\n|move|p2a: DeadMau5|Tidy Up|p2a: DeadMau5\n|-boost|p2a: DeadMau5|atk|1\n|-boost|p2a: DeadMau5|spe|1\n|move|p1a: Cloyster|Icicle Spear|p2a: DeadMau5\n|-damage|p2a: DeadMau5|80\/100\n|-damage|p2a: DeadMau5|58\/100\n|-damage|p2a: DeadMau5|39\/100\n|-damage|p2a: DeadMau5|18\/100\n|-damage|p2a: DeadMau5|0 fnt\n|faint|p2a: DeadMau5\n|-hitcount|p2: DeadMau5|5\n|\n|-weather|SunnyDay|[upkeep]\n|upkeep\n|\n|t:|1699634228\n|switch|p2a: Espeon|Espeon, F|100\/100\n|turn|7\n|\n|t:|1699634237\n|move|p2a: Espeon|Shadow Ball|p1a: Cloyster\n|-damage|p1a: Cloyster|0 fnt\n|faint|p1a: Cloyster\n|\n|-weather|SunnyDay|[upkeep]\n|upkeep\n|\n|t:|1699634245\n|switch|p1a: Calyrex|Calyrex-Shadow|100\/100\n|-ability|p1a: Calyrex|As One\n|-ability|p1a: Calyrex|Unnerve\n|turn|8\n|\n|t:|1699634262\n|move|p1a: Calyrex|Astral Barrage|p2a: Espeon\n|-supereffective|p2a: Espeon\n|-enditem|p2a: Espeon|Focus Sash\n|-damage|p2a: Espeon|1\/100\n|move|p2a: Espeon|Shadow Ball|p1a: Calyrex\n|-supereffective|p1a: Calyrex\n|-damage|p1a: Calyrex|20\/100\n|\n|-weather|none\n|upkeep\n|turn|9\n|\n|t:|1699634272\n|move|p1a: Calyrex|Draining Kiss|p2a: Espeon\n|-damage|p2a: Espeon|0 fnt\n|-heal|p1a: Calyrex|20\/100|[from] drain|[of] p2a: Espeon\n|faint|p2a: Espeon\n|-ability|p1a: Calyrex|Grim Neigh|boost\n|-boost|p1a: Calyrex|spa|1\n|\n|upkeep\n|\n|t:|1699634279\n|switch|p2a: OG Godzilla|Tyranitar, F|100\/100\n|-weather|Sandstorm|[from] ability: Sand Stream|[of] p2a: OG Godzilla\n|turn|10\n|\n|t:|1699634283\n|move|p1a: Calyrex|Astral Barrage|p2a: OG Godzilla\n|-resisted|p2a: OG Godzilla\n|-damage|p2a: OG Godzilla|64\/100\n|move|p2a: OG Godzilla|Rock Tomb|p1a: Calyrex\n|-damage|p1a: Calyrex|0 fnt\n|faint|p1a: Calyrex\n|\n|-weather|Sandstorm|[upkeep]\n|upkeep\n|\n|t:|1699634294\n|switch|p1a: Miraidon|Miraidon|100\/100\n|-fieldstart|move: Electric Terrain|[from] ability: Hadron Engine|[of] p1a: Miraidon\n|turn|11\n|\n|t:|1699634305\n|-terastallize|p1a: Miraidon|Dark\n|move|p1a: Miraidon|Dragon Pulse|p2a: OG Godzilla\n|-damage|p2a: OG Godzilla|7\/100\n|move|p2a: OG Godzilla|Rock Tomb|p1a: Miraidon\n|-damage|p1a: Miraidon|67\/100\n|-unboost|p1a: Miraidon|spe|1\n|\n|-weather|Sandstorm|[upkeep]\n|-damage|p1a: Miraidon|61\/100|[from] Sandstorm\n|upkeep\n|turn|12\n|inactive|Jirachiisnotop has 120 seconds left.\n|\n|t:|1699634337\n|move|p1a: Miraidon|Dragon Pulse|p2a: OG Godzilla\n|-damage|p2a: OG Godzilla|0 fnt\n|faint|p2a: OG Godzilla\n|\n|-weather|Sandstorm|[upkeep]\n|-damage|p1a: Miraidon|55\/100|[from] Sandstorm\n|upkeep\n|\n|t:|1699634340\n|switch|p2a: Houndstone|Houndstone, M|100\/100\n|turn|13\n|\n|t:|1699634347\n|switch|p1a: Corviknight|Corviknight, M|100\/100\n|move|p2a: Houndstone|Last Respects|p1a: Corviknight\n|-damage|p1a: Corviknight|0 fnt\n|faint|p1a: Corviknight\n|\n|-weather|Sandstorm|[upkeep]\n|upkeep\n|\n|t:|1699634354\n|switch|p1a: Miraidon|Miraidon, tera:Dark|55\/100\n|-activate|p1a: Miraidon|ability: Hadron Engine\n|turn|14\n|\n|t:|1699634359\n|move|p2a: Houndstone|Last Respects|p1a: Miraidon\n|-resisted|p1a: Miraidon\n|-damage|p1a: Miraidon|0 fnt\n|faint|p1a: Miraidon\n|\n|win|Jirachiisnotop\n|raw|natoxlefanpokemon's rating: 1329 &rarr; <strong>1311<\/strong><br \/>(-18 for losing)\n|raw|Jirachiisnotop's rating: 1362 &rarr; <strong>1380<\/strong><br \/>(+18 for winning)\n|l|\u2606Jirachiisnotop\n","uploadtime":1699634369,"views":4,"p1id":"natoxlefanpokemon","p2id":"jirachiisnotop","formatid":"gen9anythinggoes","rating":1311,"private":0,"password":""}