{"id":"gen9anythinggoes-1973234084","p1":"IceBerryCoffee","p2":"Ghoulzxn","format":"[Gen 9] Anything Goes","log":"|j|\u2606IceBerryCoffee\n|j|\u2606Ghoulzxn\n|t:|1697942484\n|gametype|singles\n|player|p1|IceBerryCoffee|170|1389\n|player|p2|Ghoulzxn|102|1391\n|teamsize|p1|6\n|teamsize|p2|6\n|gen|9\n|tier|[Gen 9] Anything Goes\n|rated|\n|rule|HP Percentage Mod: HP is shown in percentages\n|rule|Endless Battle Clause: Forcing endless battles is banned\n|clearpoke\n|poke|p1|Staraptor, M|\n|poke|p1|Torterra, F|\n|poke|p1|Uxie|\n|poke|p1|Palkia-Origin|\n|poke|p1|Calyrex-Shadow|\n|poke|p1|Arcanine, F|\n|poke|p2|Calyrex-Shadow|\n|poke|p2|Miraidon|\n|poke|p2|Eternatus|\n|poke|p2|Koraidon|\n|poke|p2|Zacian-*|\n|poke|p2|Zamazenta-*|\n|teampreview\n|\n|t:|1697942492\n|start\n|switch|p1a: Staraptor|Staraptor, M|100\/100\n|switch|p2a: Calyrex|Calyrex-Shadow|100\/100\n|-ability|p2a: Calyrex|As One\n|-ability|p2a: Calyrex|Unnerve\n|turn|1\n|\n|t:|1697942500\n|move|p1a: Staraptor|Brave Bird|p2a: Calyrex\n|-crit|p2a: Calyrex\n|-enditem|p2a: Calyrex|Focus Sash\n|-damage|p2a: Calyrex|1\/100\n|-damage|p1a: Staraptor|65\/100|[from] Recoil\n|move|p2a: Calyrex|Nasty Plot|p2a: Calyrex\n|-boost|p2a: Calyrex|spa|2\n|\n|upkeep\n|turn|2\n|\n|t:|1697942509\n|move|p1a: Staraptor|Brave Bird|p2a: Calyrex\n|-damage|p2a: Calyrex|0 fnt\n|faint|p2a: Calyrex\n|-damage|p1a: Staraptor|64\/100|[from] Recoil\n|\n|upkeep\n|\n|t:|1697942511\n|switch|p2a: Sata andagi|Zamazenta-Crowned|100\/100\n|-ability|p2a: Sata andagi|Dauntless Shield|boost\n|-boost|p2a: Sata andagi|def|1\n|turn|3\n|\n|t:|1697942517\n|switch|p1a: Arcanine|Arcanine, F|100\/100\n|-ability|p1a: Arcanine|Intimidate|boost\n|-unboost|p2a: Sata andagi|atk|1\n|move|p2a: Sata andagi|Iron Defense|p2a: Sata andagi\n|-boost|p2a: Sata andagi|def|2\n|\n|upkeep\n|turn|4\n|\n|t:|1697942524\n|move|p2a: Sata andagi|Iron Defense|p2a: Sata andagi\n|-boost|p2a: Sata andagi|def|2\n|move|p1a: Arcanine|Roar|p2a: Sata andagi\n|drag|p2a: Eternatus|Eternatus|100\/100\n|-ability|p2a: Eternatus|Pressure\n|\n|upkeep\n|turn|5\n|\n|t:|1697942532\n|switch|p1a: Uxie|Uxie|100\/100\n|move|p2a: Eternatus|Dynamax Cannon|p1a: Uxie\n|-damage|p1a: Uxie|60\/100\n|\n|upkeep\n|turn|6\n|\n|t:|1697942541\n|move|p1a: Uxie|Memento|p2a: Eternatus\n|-unboost|p2a: Eternatus|atk|2\n|-unboost|p2a: Eternatus|spa|2\n|faint|p1a: Uxie\n|move|p2a: Eternatus|Cosmic Power|p2a: Eternatus\n|-boost|p2a: Eternatus|def|1\n|-boost|p2a: Eternatus|spd|1\n|\n|upkeep\n|\n|t:|1697942558\n|switch|p1a: Palkia|Palkia-Origin|100\/100\n|-ability|p1a: Palkia|Pressure\n|turn|7\n|\n|t:|1697942562\n|move|p2a: Eternatus|Cosmic Power|p2a: Eternatus\n|-boost|p2a: Eternatus|def|1\n|-boost|p2a: Eternatus|spd|1\n|move|p1a: Palkia|Dragon Tail|p2a: Eternatus\n|-supereffective|p2a: Eternatus\n|-damage|p2a: Eternatus|83\/100\n|drag|p2a: Koraidon|Koraidon|100\/100\n|-weather|SunnyDay|[from] ability: Orichalcum Pulse|[of] p2a: Koraidon\n|-activate|p2a: Koraidon|Orichalcum Pulse|[source]\n|\n|-weather|SunnyDay|[upkeep]\n|upkeep\n|turn|8\n|inactive|Battle timer is ON: inactive players will automatically lose when time's up. (requested by Ghoulzxn)\n|\n|t:|1697942573\n|-terastallize|p1a: Palkia|Fairy\n|-terastallize|p2a: Koraidon|Fighting\n|move|p1a: Palkia|Draco Meteor|p2a: Koraidon\n|-damage|p2a: Koraidon|43\/100\n|-unboost|p1a: Palkia|spa|2\n|move|p2a: Koraidon|Collision Course|p1a: Palkia\n|-resisted|p1a: Palkia\n|-damage|p1a: Palkia|44\/100\n|\n|-weather|SunnyDay|[upkeep]\n|upkeep\n|turn|9\n|\n|t:|1697942594\n|switch|p1a: Calyrex|Calyrex-Shadow|100\/100\n|-ability|p1a: Calyrex|As One\n|-ability|p1a: Calyrex|Unnerve\n|move|p2a: Koraidon|Drain Punch|p1a: Calyrex\n|-immune|p1a: Calyrex\n|\n|-weather|SunnyDay|[upkeep]\n|upkeep\n|turn|10\n|\n|t:|1697942604\n|move|p1a: Calyrex|Astral Barrage|p2a: Koraidon\n|-damage|p2a: Koraidon|0 fnt\n|faint|p2a: Koraidon\n|-ability|p1a: Calyrex|Grim Neigh|boost\n|-boost|p1a: Calyrex|spa|1\n|\n|-weather|SunnyDay|[upkeep]\n|upkeep\n|\n|t:|1697942609\n|switch|p2a: Zacian|Zacian-Crowned|100\/100\n|-ability|p2a: Zacian|Intrepid Sword|boost\n|-boost|p2a: Zacian|atk|1\n|turn|11\n|\n|t:|1697942616\n|switch|p1a: Arcanine|Arcanine, F|100\/100\n|-ability|p1a: Arcanine|Intimidate|boost\n|-unboost|p2a: Zacian|atk|1\n|move|p2a: Zacian|Behemoth Blade|p1a: Arcanine\n|-resisted|p1a: Arcanine\n|-damage|p1a: Arcanine|78\/100\n|\n|-weather|none\n|upkeep\n|turn|12\n|\n|t:|1697942625\n|switch|p2a: Sata andagi|Zamazenta-Crowned|100\/100\n|move|p1a: Arcanine|Will-O-Wisp|p2a: Sata andagi\n|-status|p2a: Sata andagi|brn\n|\n|-damage|p2a: Sata andagi|94\/100 brn|[from] brn\n|upkeep\n|turn|13\n|\n|t:|1697942635\n|switch|p1a: Torterra|Torterra, F|100\/100\n|move|p2a: Sata andagi|Iron Defense|p2a: Sata andagi\n|-boost|p2a: Sata andagi|def|2\n|\n|-damage|p2a: Sata andagi|88\/100 brn|[from] brn\n|upkeep\n|turn|14\n|\n|t:|1697942643\n|move|p2a: Sata andagi|Body Press|p1a: Torterra\n|-damage|p1a: Torterra|52\/100\n|move|p1a: Torterra|Shell Smash|p1a: Torterra\n|-unboost|p1a: Torterra|def|1\n|-unboost|p1a: Torterra|spd|1\n|-boost|p1a: Torterra|atk|2\n|-boost|p1a: Torterra|spa|2\n|-boost|p1a: Torterra|spe|2\n|-enditem|p1a: Torterra|White Herb\n|-clearnegativeboost|p1a: Torterra|[silent]\n|\n|-damage|p2a: Sata andagi|82\/100 brn|[from] brn\n|upkeep\n|turn|15\n|\n|t:|1697942654\n|move|p1a: Torterra|Headlong Rush|p2a: Sata andagi\n|-supereffective|p2a: Sata andagi\n|-damage|p2a: Sata andagi|25\/100 brn\n|-unboost|p1a: Torterra|def|1\n|-unboost|p1a: Torterra|spd|1\n|move|p2a: Sata andagi|Iron Defense|p2a: Sata andagi\n|-boost|p2a: Sata andagi|def|2\n|\n|-damage|p2a: Sata andagi|19\/100 brn|[from] brn\n|upkeep\n|turn|16\n|\n|t:|1697942663\n|move|p1a: Torterra|Headlong Rush|p2a: Sata andagi\n|-supereffective|p2a: Sata andagi\n|-damage|p2a: Sata andagi|0 fnt\n|-unboost|p1a: Torterra|def|1\n|-unboost|p1a: Torterra|spd|1\n|faint|p2a: Sata andagi\n|\n|upkeep\n|\n|t:|1697942666\n|switch|p2a: Eternatus|Eternatus|83\/100\n|-ability|p2a: Eternatus|Pressure\n|turn|17\n|\n|t:|1697942672\n|move|p1a: Torterra|Headlong Rush|p2a: Eternatus\n|-supereffective|p2a: Eternatus\n|-damage|p2a: Eternatus|0 fnt\n|-unboost|p1a: Torterra|def|1\n|-unboost|p1a: Torterra|spd|1\n|faint|p2a: Eternatus\n|\n|upkeep\n|\n|t:|1697942682\n|switch|p2a: Miraidon|Miraidon|100\/100\n|-fieldstart|move: Electric Terrain|[from] ability: Hadron Engine|[of] p2a: Miraidon\n|turn|18\n|\n|t:|1697942687\n|move|p1a: Torterra|Headlong Rush|p2a: Miraidon\n|-supereffective|p2a: Miraidon\n|-damage|p2a: Miraidon|0 fnt\n|-unboost|p1a: Torterra|def|1\n|-unboost|p1a: Torterra|spd|1\n|faint|p2a: Miraidon\n|\n|upkeep\n|\n|t:|1697942693\n|switch|p2a: Zacian|Zacian-Crowned|100\/100\n|turn|19\n|\n|t:|1697942697\n|move|p2a: Zacian|Behemoth Blade|p1a: Torterra\n|-damage|p1a: Torterra|0 fnt\n|faint|p1a: Torterra\n|\n|upkeep\n|\n|t:|1697942702\n|switch|p1a: Arcanine|Arcanine, F|78\/100\n|-ability|p1a: Arcanine|Intimidate|boost\n|-unboost|p2a: Zacian|atk|1\n|turn|20\n|\n|t:|1697942710\n|move|p2a: Zacian|Wild Charge|p1a: Arcanine\n|-damage|p1a: Arcanine|56\/100\n|-damage|p2a: Zacian|94\/100|[from] Recoil\n|move|p1a: Arcanine|Flare Blitz|p2a: Zacian\n|-supereffective|p2a: Zacian\n|-damage|p2a: Zacian|9\/100\n|-damage|p1a: Arcanine|33\/100|[from] Recoil\n|\n|upkeep\n|turn|21\n|\n|t:|1697942718\n|move|p2a: Zacian|Behemoth Blade|p1a: Arcanine\n|-resisted|p1a: Arcanine\n|-damage|p1a: Arcanine|20\/100\n|move|p1a: Arcanine|Flare Blitz|p2a: Zacian\n|-supereffective|p2a: Zacian\n|-damage|p2a: Zacian|0 fnt\n|faint|p2a: Zacian\n|-damage|p1a: Arcanine|17\/100|[from] Recoil\n|\n|win|IceBerryCoffee\n|raw|IceBerryCoffee's rating: 1389 &rarr; <strong>1409<\/strong><br \/>(+20 for winning)\n|raw|Ghoulzxn's rating: 1391 &rarr; <strong>1371<\/strong><br \/>(-20 for losing)\n|l|\u2606Ghoulzxn\n","uploadtime":1697942731,"views":15,"p1id":"iceberrycoffee","p2id":"ghoulzxn","formatid":"gen9anythinggoes","rating":1371,"private":0,"password":""}