{"id":"gen9anythinggoes-1993624973","p1":"Dj johnnyboy","p2":"trotman","format":"[Gen 9] Anything Goes","log":"|j|\u2606Dj johnnyboy\n|j|\u2606trotman\n|t:|1700338808\n|gametype|singles\n|player|p1|Dj johnnyboy|steven|1301\n|player|p2|trotman|brycenman|1190\n|teamsize|p1|6\n|teamsize|p2|6\n|gen|9\n|tier|[Gen 9] Anything Goes\n|rated|\n|rule|HP Percentage Mod: HP is shown in percentages\n|rule|Endless Battle Clause: Forcing endless battles is banned\n|clearpoke\n|poke|p1|Charizard, F|\n|poke|p1|Okidogi, M|\n|poke|p1|Dialga-Origin|\n|poke|p1|Torterra, M|\n|poke|p1|Raichu, M|\n|poke|p1|Samurott-Hisui, M|\n|poke|p2|Ogerpon, F|\n|poke|p2|Landorus-Therian, M|\n|poke|p2|Sneasler, M|\n|poke|p2|Greninja-*, F|\n|poke|p2|Gholdengo|\n|poke|p2|Skeledirge, M|\n|teampreview\n|\n|t:|1700338820\n|start\n|switch|p1a: Herbivore|Torterra, M|100\/100\n|switch|p2a: Landorus|Landorus-Therian, M, shiny|100\/100\n|-ability|p2a: Landorus|Intimidate|boost\n|-unboost|p1a: Herbivore|atk|1\n|-enditem|p1a: Herbivore|White Herb\n|-clearnegativeboost|p1a: Herbivore|[silent]\n|turn|1\n|\n|t:|1700338829\n|move|p2a: Landorus|Stealth Rock|p1a: Herbivore\n|-sidestart|p1: Dj johnnyboy|move: Stealth Rock\n|move|p1a: Herbivore|Shell Smash|p1a: Herbivore\n|-unboost|p1a: Herbivore|def|1\n|-unboost|p1a: Herbivore|spd|1\n|-boost|p1a: Herbivore|atk|2\n|-boost|p1a: Herbivore|spa|2\n|-boost|p1a: Herbivore|spe|2\n|\n|upkeep\n|turn|2\n|\n|t:|1700338837\n|move|p1a: Herbivore|Seed Bomb|p2a: Landorus\n|-damage|p2a: Landorus|32\/100\n|move|p2a: Landorus|U-turn|p1a: Herbivore\n|-supereffective|p1a: Herbivore\n|-damage|p1a: Herbivore|30\/100\n|\n|t:|1700338848\n|switch|p2a: Sneasler|Sneasler, M, shiny|100\/100|[from] U-turn\n|\n|upkeep\n|turn|3\n|\n|t:|1700338852\n|move|p2a: Sneasler|Fake Out|p1a: Herbivore\n|-enditem|p2a: Sneasler|Normal Gem|[from] gem\n|-damage|p1a: Herbivore|3\/100\n|cant|p1a: Herbivore|flinch\n|\n|upkeep\n|turn|4\n|\n|t:|1700338859\n|move|p2a: Sneasler|Night Slash|p1a: Herbivore\n|-damage|p1a: Herbivore|0 fnt\n|faint|p1a: Herbivore\n|\n|upkeep\n|\n|t:|1700338865\n|switch|p1a: Troxic|Okidogi, M|100\/100\n|-damage|p1a: Troxic|95\/100|[from] Stealth Rock\n|turn|5\n|\n|t:|1700338879\n|move|p2a: Sneasler|Dire Claw|p1a: Troxic\n|-resisted|p1a: Troxic\n|-damage|p1a: Troxic|76\/100\n|move|p1a: Troxic|Thunder Punch|p2a: Sneasler\n|-damage|p2a: Sneasler|60\/100\n|\n|upkeep\n|turn|6\n|\n|t:|1700338888\n|move|p2a: Sneasler|Dire Claw|p1a: Troxic\n|-resisted|p1a: Troxic\n|-crit|p1a: Troxic\n|-damage|p1a: Troxic|52\/100\n|move|p1a: Troxic|Thunder Punch|p2a: Sneasler\n|-damage|p2a: Sneasler|15\/100\n|\n|upkeep\n|turn|7\n|\n|t:|1700338898\n|move|p2a: Sneasler|Dire Claw|p1a: Troxic\n|-resisted|p1a: Troxic\n|-damage|p1a: Troxic|34\/100\n|-status|p1a: Troxic|slp\n|cant|p1a: Troxic|slp\n|\n|upkeep\n|turn|8\n|\n|t:|1700338909\n|move|p2a: Sneasler|Close Combat|p1a: Troxic\n|-resisted|p1a: Troxic\n|-damage|p1a: Troxic|9\/100 slp\n|-unboost|p2a: Sneasler|def|1\n|-unboost|p2a: Sneasler|spd|1\n|cant|p1a: Troxic|slp\n|\n|upkeep\n|turn|9\n|\n|t:|1700338917\n|move|p2a: Sneasler|Close Combat|p1a: Troxic\n|-resisted|p1a: Troxic\n|-damage|p1a: Troxic|0 fnt\n|-unboost|p2a: Sneasler|def|1\n|-unboost|p2a: Sneasler|spd|1\n|faint|p1a: Troxic\n|\n|upkeep\n|\n|t:|1700338920\n|switch|p1a: Rupture|Dialga-Origin|100\/100\n|-damage|p1a: Rupture|94\/100|[from] Stealth Rock\n|-ability|p1a: Rupture|Pressure\n|turn|10\n|\n|t:|1700338927\n|-terastallize|p1a: Rupture|Ghost\n|move|p2a: Sneasler|Close Combat|p1a: Rupture\n|-immune|p1a: Rupture\n|move|p1a: Rupture|Dragon Pulse|p2a: Sneasler\n|-damage|p2a: Sneasler|0 fnt\n|faint|p2a: Sneasler\n|\n|upkeep\n|\n|t:|1700338938\n|switch|p2a: Greninja|Greninja, F, shiny|100\/100\n|turn|11\n|\n|t:|1700338944\n|switch|p1a: Jiro|Samurott-Hisui, M|100\/100\n|-damage|p1a: Jiro|88\/100|[from] Stealth Rock\n|move|p2a: Greninja|Dark Pulse|p1a: Jiro\n|-start|p2a: Greninja|typechange|Dark|[from] ability: Protean\n|-resisted|p1a: Jiro\n|-damage|p1a: Jiro|56\/100\n|-damage|p2a: Greninja|91\/100|[from] item: Life Orb\n|\n|upkeep\n|turn|12\n|\n|t:|1700338955\n|move|p1a: Jiro|Sacred Sword|p2a: Greninja\n|-supereffective|p2a: Greninja\n|-damage|p2a: Greninja|0 fnt\n|faint|p2a: Greninja\n|\n|upkeep\n|\n|t:|1700338960\n|switch|p2a: Gholdengo|Gholdengo, shiny|100\/100\n|turn|13\n|\n|t:|1700338972\n|switch|p1a: Ions|Raichu, M|100\/100\n|-damage|p1a: Ions|88\/100|[from] Stealth Rock\n|-terastallize|p2a: Gholdengo|Steel\n|move|p2a: Gholdengo|Make It Rain|p1a: Ions\n|-resisted|p1a: Ions\n|-damage|p1a: Ions|19\/100\n|-unboost|p2a: Gholdengo|spa|1\n|\n|upkeep\n|turn|14\n|\n|t:|1700338984\n|move|p2a: Gholdengo|Make It Rain|p1a: Ions\n|-resisted|p1a: Ions\n|-damage|p1a: Ions|0 fnt\n|-unboost|p2a: Gholdengo|spa|1\n|faint|p1a: Ions\n|\n|upkeep\n|\n|t:|1700338990\n|switch|p1a: Ace|Charizard, F|100\/100\n|turn|15\n|\n|t:|1700338999\n|switch|p2a: Skeledirge|Skeledirge, M, shiny|100\/100\n|move|p1a: Ace|Flamethrower|p2a: Skeledirge\n|-resisted|p2a: Skeledirge\n|-damage|p2a: Skeledirge|86\/100\n|\n|upkeep\n|turn|16\n|\n|t:|1700339006\n|move|p1a: Ace|Air Slash|p2a: Skeledirge\n|-damage|p2a: Skeledirge|61\/100\n|cant|p2a: Skeledirge|flinch\n|\n|upkeep\n|turn|17\n|\n|t:|1700339010\n|move|p1a: Ace|Air Slash|p2a: Skeledirge\n|-damage|p2a: Skeledirge|37\/100\n|move|p2a: Skeledirge|Yawn|p1a: Ace\n|-start|p1a: Ace|move: Yawn|[of] p2a: Skeledirge\n|\n|upkeep\n|turn|18\n|\n|t:|1700339016\n|switch|p1a: Jiro|Samurott-Hisui, M|56\/100\n|-damage|p1a: Jiro|43\/100|[from] Stealth Rock\n|move|p2a: Skeledirge|Slack Off|p2a: Skeledirge\n|-heal|p2a: Skeledirge|87\/100\n|\n|upkeep\n|turn|19\n|\n|t:|1700339023\n|switch|p2a: Landorus|Landorus-Therian, M, shiny|32\/100\n|-ability|p2a: Landorus|Intimidate|boost\n|-unboost|p1a: Jiro|atk|1\n|move|p1a: Jiro|Aqua Cutter|p2a: Landorus\n|-supereffective|p2a: Landorus\n|-crit|p2a: Landorus\n|-damage|p2a: Landorus|0 fnt\n|faint|p2a: Landorus\n|\n|upkeep\n|\n|t:|1700339031\n|switch|p2a: Ogerpon|Ogerpon, F|100\/100\n|turn|20\n|\n|t:|1700339041\n|switch|p1a: Ace|Charizard, F|100\/100\n|move|p2a: Ogerpon|Trailblaze|p1a: Ace\n|-resisted|p1a: Ace\n|-damage|p1a: Ace|90\/100\n|-boost|p2a: Ogerpon|spe|1\n|-damage|p2a: Ogerpon|91\/100|[from] item: Life Orb\n|\n|upkeep\n|turn|21\n|\n|t:|1700339050\n|move|p2a: Ogerpon|Swords Dance|p2a: Ogerpon\n|-boost|p2a: Ogerpon|atk|2\n|move|p1a: Ace|Flamethrower|p2a: Ogerpon\n|-supereffective|p2a: Ogerpon\n|-damage|p2a: Ogerpon|14\/100\n|\n|upkeep\n|turn|22\n|\n|t:|1700339060\n|move|p2a: Ogerpon|Ivy Cudgel|p1a: Ace\n|-resisted|p1a: Ace\n|-damage|p1a: Ace|49\/100\n|-damage|p2a: Ogerpon|4\/100|[from] item: Life Orb\n|move|p1a: Ace|Flamethrower|p2a: Ogerpon\n|-supereffective|p2a: Ogerpon\n|-damage|p2a: Ogerpon|0 fnt\n|faint|p2a: Ogerpon\n|\n|upkeep\n|\n|t:|1700339074\n|switch|p2a: Gholdengo|Gholdengo, shiny, tera:Steel|100\/100\n|turn|23\n|\n|t:|1700339081\n|move|p2a: Gholdengo|Power Gem|p1a: Ace\n|-supereffective|p1a: Ace\n|-damage|p1a: Ace|0 fnt\n|faint|p1a: Ace\n|\n|upkeep\n|\n|t:|1700339085\n|switch|p1a: Rupture|Dialga-Origin, tera:Ghost|94\/100\n|-damage|p1a: Rupture|82\/100|[from] Stealth Rock\n|-ability|p1a: Rupture|Pressure\n|turn|24\n|\n|t:|1700339097\n|switch|p2a: Skeledirge|Skeledirge, M, shiny|87\/100\n|move|p1a: Rupture|Flamethrower|p2a: Skeledirge\n|-resisted|p2a: Skeledirge\n|-damage|p2a: Skeledirge|73\/100\n|\n|upkeep\n|turn|25\n|\n|t:|1700339103\n|move|p1a: Rupture|Draco Meteor|p2a: Skeledirge\n|-damage|p2a: Skeledirge|0 fnt\n|-unboost|p1a: Rupture|spa|2\n|faint|p2a: Skeledirge\n|\n|upkeep\n|\n|t:|1700339113\n|switch|p2a: Gholdengo|Gholdengo, shiny, tera:Steel|100\/100\n|turn|26\n|\n|t:|1700339118\n|move|p2a: Gholdengo|Shadow Ball|p1a: Rupture\n|-supereffective|p1a: Rupture\n|-damage|p1a: Rupture|22\/100\n|move|p1a: Rupture|Draco Meteor|p2a: Gholdengo\n|-resisted|p2a: Gholdengo\n|-damage|p2a: Gholdengo|73\/100\n|-unboost|p1a: Rupture|spa|2\n|\n|upkeep\n|turn|27\n|\n|t:|1700339126\n|move|p2a: Gholdengo|Shadow Ball|p1a: Rupture\n|-supereffective|p1a: Rupture\n|-damage|p1a: Rupture|0 fnt\n|faint|p1a: Rupture\n|\n|upkeep\n|\n|t:|1700339127\n|switch|p1a: Jiro|Samurott-Hisui, M|43\/100\n|-damage|p1a: Jiro|31\/100|[from] Stealth Rock\n|turn|28\n|\n|t:|1700339134\n|move|p2a: Gholdengo|Shadow Ball|p1a: Jiro\n|-resisted|p1a: Jiro\n|-damage|p1a: Jiro|0 fnt\n|faint|p1a: Jiro\n|\n|win|trotman\n|raw|Dj johnnyboy's rating: 1301 &rarr; <strong>1275<\/strong><br \/>(-26 for losing)\n|raw|trotman's rating: 1190 &rarr; <strong>1223<\/strong><br \/>(+33 for winning)\n|c|\u2606trotman|gg\n","uploadtime":1700339144,"views":2,"p1id":"djjohnnyboy","p2id":"trotman","formatid":"gen9anythinggoes","rating":1223,"private":0,"password":""}