{"id":"gen9anythinggoes-1979098996","p1":"Thunderburg","p2":"the arceus spam","format":"[Gen 9] Anything Goes","log":"|j|\u2606Thunderburg\n|j|\u2606the arceus spam\n|t:|1698632023\n|gametype|singles\n|player|p1|Thunderburg|emmet|1233\n|player|p2|the arceus spam|zinnia|1369\n|teamsize|p1|6\n|teamsize|p2|6\n|gen|9\n|tier|[Gen 9] Anything Goes\n|rated|\n|rule|HP Percentage Mod: HP is shown in percentages\n|rule|Endless Battle Clause: Forcing endless battles is banned\n|clearpoke\n|poke|p1|Polteageist-Antique|\n|poke|p1|Flutter Mane|\n|poke|p1|Arcanine-Hisui, M|\n|poke|p1|Gholdengo|\n|poke|p1|Grafaiai, F|\n|poke|p1|Tauros-Paldea-Aqua, M|\n|poke|p2|Arceus|\n|poke|p2|Toxapex, M|\n|poke|p2|Ting-Lu|\n|poke|p2|Arceus-Ground|\n|poke|p2|Arceus-Fairy|\n|poke|p2|Calyrex-Shadow|\n|teampreview\n|inactive|Battle timer is ON: inactive players will automatically lose when time's up. (requested by Thunderburg)\n|c|\u2606the arceus spam|glhf\n|\n|t:|1698632033\n|start\n|switch|p1a: Tauros|Tauros-Paldea-Aqua, M, shiny|100\/100\n|switch|p2a: Ting-Lu moment|Ting-Lu|100\/100\n|-ability|p1a: Tauros|Intimidate|boost\n|-unboost|p2a: Ting-Lu moment|atk|1\n|-ability|p2a: Ting-Lu moment|Vessel of Ruin\n|turn|1\n|\n|t:|1698632045\n|switch|p2a: Toxapex|Toxapex, M|100\/100\n|move|p1a: Tauros|Bulk Up|p1a: Tauros\n|-boost|p1a: Tauros|atk|1\n|-boost|p1a: Tauros|def|1\n|\n|upkeep\n|turn|2\n|\n|t:|1698632059\n|switch|p1a: Grafaiai|Grafaiai, F, shiny|100\/100\n|move|p2a: Toxapex|Toxic|p1a: Grafaiai\n|-immune|p1a: Grafaiai\n|\n|upkeep\n|turn|3\n|\n|t:|1698632067\n|switch|p2a: Arceus!!!|Arceus-Ground|100\/100\n|move|p1a: Grafaiai|Encore||[still]\n|-fail|p1a: Grafaiai\n|\n|upkeep\n|turn|4\n|\n|t:|1698632075\n|move|p1a: Grafaiai|Parting Shot|p2a: Arceus!!!\n|-unboost|p2a: Arceus!!!|atk|1\n|-unboost|p2a: Arceus!!!|spa|1\n|\n|t:|1698632085\n|switch|p1a: Tauros|Tauros-Paldea-Aqua, M, shiny|100\/100|[from] Parting Shot\n|-ability|p1a: Tauros|Intimidate|boost\n|-unboost|p2a: Arceus!!!|atk|1\n|move|p2a: Arceus!!!|Judgment|p1a: Tauros\n|-damage|p1a: Tauros|50\/100\n|\n|-heal|p1a: Tauros|56\/100|[from] item: Leftovers\n|upkeep\n|turn|5\n|\n|t:|1698632104\n|switch|p2a: Toxapex|Toxapex, M|100\/100\n|move|p1a: Tauros|Trailblaze|p2a: Toxapex\n|-damage|p2a: Toxapex|90\/100\n|-boost|p1a: Tauros|spe|1\n|-damage|p1a: Tauros|40\/100|[from] item: Rocky Helmet|[of] p2a: Toxapex\n|\n|-heal|p1a: Tauros|46\/100|[from] item: Leftovers\n|upkeep\n|turn|6\n|\n|t:|1698632120\n|switch|p1a: Gholdengo|Gholdengo|100\/100\n|move|p2a: Toxapex|Toxic Spikes|p1a: Gholdengo\n|-sidestart|p1: Thunderburg|move: Toxic Spikes\n|\n|upkeep\n|turn|7\n|\n|t:|1698632129\n|move|p1a: Gholdengo|Nasty Plot|p1a: Gholdengo\n|-boost|p1a: Gholdengo|spa|2\n|move|p2a: Toxapex|Recover|p2a: Toxapex\n|-heal|p2a: Toxapex|100\/100\n|\n|upkeep\n|turn|8\n|\n|t:|1698632144\n|move|p1a: Gholdengo|Shadow Ball|p2a: Toxapex\n|-damage|p2a: Toxapex|1\/100\n|-damage|p1a: Gholdengo|90\/100|[from] item: Life Orb\n|move|p2a: Toxapex|Haze|p2a: Toxapex\n|-clearallboost\n|\n|upkeep\n|turn|9\n|\n|t:|1698632154\n|switch|p2a: Arceus|Arceus|100\/100\n|move|p1a: Gholdengo|Shadow Ball|p2a: Arceus\n|-immune|p2a: Arceus\n|\n|upkeep\n|turn|10\n|\n|t:|1698632169\n|move|p2a: Arceus|Swords Dance|p2a: Arceus\n|-boost|p2a: Arceus|atk|2\n|move|p1a: Gholdengo|Nasty Plot|p1a: Gholdengo\n|-boost|p1a: Gholdengo|spa|2\n|\n|upkeep\n|turn|11\n|\n|t:|1698632175\n|move|p2a: Arceus|Shadow Claw|p1a: Gholdengo\n|-supereffective|p1a: Gholdengo\n|-damage|p1a: Gholdengo|0 fnt\n|faint|p1a: Gholdengo\n|\n|upkeep\n|\n|t:|1698632179\n|switch|p1a: Grafaiai|Grafaiai, F, shiny|100\/100\n|-sideend|p1: Thunderburg|move: Toxic Spikes|[of] p1a: Grafaiai\n|turn|12\n|\n|t:|1698632183\n|move|p2a: Arceus|Extreme Speed|p1a: Grafaiai\n|-damage|p1a: Grafaiai|0 fnt\n|faint|p1a: Grafaiai\n|\n|upkeep\n|\n|t:|1698632191\n|switch|p1a: Polteageist|Polteageist-Antique, shiny|100\/100\n|turn|13\n|\n|t:|1698632195\n|move|p2a: Arceus|Taunt|p1a: Polteageist\n|-start|p1a: Polteageist|move: Taunt\n|cant|p1a: Polteageist|move: Taunt|Shell Smash\n|\n|upkeep\n|turn|14\n|\n|t:|1698632204\n|switch|p1a: Flutter Mane|Flutter Mane, shiny|100\/100\n|-enditem|p1a: Flutter Mane|Booster Energy\n|-activate|p1a: Flutter Mane|ability: Protosynthesis|[fromitem]\n|-start|p1a: Flutter Mane|protosynthesisspe\n|move|p2a: Arceus|Shadow Claw|p1a: Flutter Mane\n|-supereffective|p1a: Flutter Mane\n|-damage|p1a: Flutter Mane|0 fnt\n|faint|p1a: Flutter Mane\n|-end|p1a: Flutter Mane|Protosynthesis|[silent]\n|\n|upkeep\n|-message|Thunderburg forfeited.\n|\n|win|the arceus spam\n|raw|Thunderburg's rating: 1233 &rarr; <strong>1217<\/strong><br \/>(-16 for losing)\n|raw|the arceus spam's rating: 1369 &rarr; <strong>1382<\/strong><br \/>(+13 for winning)\n|l|\u2606Thunderburg\n","uploadtime":1698632223,"views":11,"p1id":"thunderburg","p2id":"thearceusspam","formatid":"gen9anythinggoes","rating":1217,"private":0,"password":""}