{"id":"gen9anythinggoes-1988198845","p1":"Soniaa134","p2":"AcciaoYt","format":"[Gen 9] Anything Goes","log":"|j|\u2606Soniaa134\n|j|\u2606AcciaoYt\n|t:|1699683739\n|gametype|singles\n|player|p1|Soniaa134|sonia|1072\n|player|p2|AcciaoYt|1|1000\n|teamsize|p1|6\n|teamsize|p2|6\n|gen|9\n|tier|[Gen 9] Anything Goes\n|rated|\n|rule|HP Percentage Mod: HP is shown in percentages\n|rule|Endless Battle Clause: Forcing endless battles is banned\n|clearpoke\n|poke|p1|Drifblim, F|\n|poke|p1|Rillaboom, F|\n|poke|p1|Grimmsnarl, M|\n|poke|p1|Meowscarada, F|\n|poke|p1|Greninja-*, M|\n|poke|p1|Venomoth, M|\n|poke|p2|Azumarill, M|\n|poke|p2|Regieleki|\n|poke|p2|Ogerpon, F|\n|poke|p2|Glimmora, F|\n|poke|p2|Gliscor, M|\n|poke|p2|Gholdengo|\n|teampreview\n|inactive|Battle timer is ON: inactive players will automatically lose when time's up. (requested by Soniaa134)\n|\n|t:|1699683748\n|start\n|switch|p1a: Meowscarada|Meowscarada, F|100\/100\n|switch|p2a: Glimmora|Glimmora, F, shiny|100\/100\n|turn|1\n|\n|t:|1699683760\n|move|p1a: Meowscarada|Taunt|p2a: Glimmora\n|-start|p2a: Glimmora|move: Taunt\n|cant|p2a: Glimmora|move: Taunt|Light Screen\n|\n|upkeep\n|turn|2\n|\n|t:|1699683767\n|move|p1a: Meowscarada|Mud-Slap|p2a: Glimmora\n|-supereffective|p2a: Glimmora\n|-damage|p2a: Glimmora|83\/100\n|-unboost|p2a: Glimmora|accuracy|1\n|-activate|p2a: Glimmora|move: Struggle\n|move|p2a: Glimmora|Struggle|p1a: Meowscarada\n|-damage|p1a: Meowscarada|94\/100\n|-damage|p2a: Glimmora|58\/100|[from] recoil\n|\n|upkeep\n|turn|3\n|\n|t:|1699683785\n|switch|p2a: Gholdengo|Gholdengo, shiny|100\/100\n|move|p1a: Meowscarada|Spikes|p2a: Gholdengo\n|-sidestart|p2: AcciaoYt|Spikes\n|\n|upkeep\n|turn|4\n|\n|t:|1699683801\n|move|p1a: Meowscarada|Mud-Slap|p2a: Gholdengo\n|-supereffective|p2a: Gholdengo\n|-damage|p2a: Gholdengo|92\/100\n|-unboost|p2a: Gholdengo|accuracy|1\n|move|p2a: Gholdengo|Dazzling Gleam|p1a: Meowscarada\n|-supereffective|p1a: Meowscarada\n|-damage|p1a: Meowscarada|20\/100\n|\n|-heal|p2a: Gholdengo|98\/100|[from] item: Leftovers\n|upkeep\n|turn|5\n|\n|t:|1699683812\n|move|p1a: Meowscarada|Knock Off|p2a: Gholdengo\n|-supereffective|p2a: Gholdengo\n|-damage|p2a: Gholdengo|12\/100\n|-enditem|p2a: Gholdengo|Leftovers|[from] move: Knock Off|[of] p1a: Meowscarada\n|move|p2a: Gholdengo|Dazzling Gleam|p1a: Meowscarada\n|-supereffective|p1a: Meowscarada\n|-damage|p1a: Meowscarada|0 fnt\n|faint|p1a: Meowscarada\n|\n|upkeep\n|\n|t:|1699683823\n|switch|p1a: Grimmsnarl|Grimmsnarl, M|100\/100\n|turn|6\n|\n|t:|1699683840\n|switch|p2a: Azumarill|Azumarill, M, shiny|100\/100\n|-damage|p2a: Azumarill|88\/100|[from] Spikes\n|move|p1a: Grimmsnarl|Light Screen|p1a: Grimmsnarl\n|-sidestart|p1: Soniaa134|move: Light Screen\n|\n|upkeep\n|turn|7\n|\n|t:|1699683859\n|move|p1a: Grimmsnarl|Reflect|p1a: Grimmsnarl\n|-sidestart|p1: Soniaa134|Reflect\n|move|p2a: Azumarill|Aqua Tail|p1a: Grimmsnarl\n|-damage|p1a: Grimmsnarl|69\/100\n|\n|upkeep\n|turn|8\n|\n|t:|1699683867\n|move|p1a: Grimmsnarl|Taunt|p2a: Azumarill\n|-start|p2a: Azumarill|move: Taunt\n|move|p2a: Azumarill|Aqua Tail|p1a: Grimmsnarl\n|-damage|p1a: Grimmsnarl|35\/100\n|\n|upkeep\n|turn|9\n|\n|t:|1699683875\n|move|p1a: Grimmsnarl|Parting Shot|p2a: Azumarill\n|-unboost|p2a: Azumarill|atk|1\n|-unboost|p2a: Azumarill|spa|1\n|\n|t:|1699683878\n|switch|p1a: Rillaboom|Rillaboom, F|100\/100|[from] Parting Shot\n|-fieldstart|move: Grassy Terrain|[from] ability: Grassy Surge|[of] p1a: Rillaboom\n|move|p2a: Azumarill|Aqua Tail|p1a: Rillaboom\n|-resisted|p1a: Rillaboom\n|-damage|p1a: Rillaboom|91\/100\n|-enditem|p1a: Rillaboom|Eject Button\n|\n|t:|1699683886\n|switch|p1a: Drifblim|Drifblim, F|100\/100\n|-enditem|p1a: Drifblim|Grassy Seed\n|-boost|p1a: Drifblim|def|1|[from] item: Grassy Seed\n|\n|-heal|p2a: Azumarill|94\/100|[from] Grassy Terrain\n|upkeep\n|turn|10\n|\n|t:|1699683895\n|switch|p2a: Regieleki|Regieleki, shiny|100\/100\n|-damage|p2a: Regieleki|88\/100|[from] Spikes\n|move|p1a: Drifblim|Calm Mind|p1a: Drifblim\n|-boost|p1a: Drifblim|spa|1\n|-boost|p1a: Drifblim|spd|1\n|\n|-heal|p2a: Regieleki|94\/100|[from] Grassy Terrain\n|upkeep\n|turn|11\n|\n|t:|1699683922\n|-terastallize|p1a: Drifblim|Ground\n|move|p1a: Drifblim|Calm Mind|p1a: Drifblim\n|-boost|p1a: Drifblim|spa|1\n|-boost|p1a: Drifblim|spd|1\n|move|p2a: Regieleki|Thunder Cage|p1a: Drifblim\n|-immune|p1a: Drifblim\n|\n|-heal|p2a: Regieleki|99\/100|[from] Grassy Terrain\n|upkeep\n|turn|12\n|\n|t:|1699683934\n|move|p2a: Regieleki|Extreme Speed|p1a: Drifblim\n|-damage|p1a: Drifblim|90\/100\n|move|p1a: Drifblim|Stored Power|p2a: Regieleki\n|-damage|p2a: Regieleki|13\/100\n|\n|-heal|p1a: Drifblim|96\/100|[from] Grassy Terrain\n|-heal|p2a: Regieleki|19\/100|[from] Grassy Terrain\n|upkeep\n|turn|13\n|\n|t:|1699683947\n|move|p1a: Drifblim|Calm Mind|p1a: Drifblim\n|-boost|p1a: Drifblim|spa|1\n|-boost|p1a: Drifblim|spd|1\n|move|p2a: Regieleki|Acrobatics|p1a: Drifblim\n|-damage|p1a: Drifblim|89\/100\n|\n|-heal|p1a: Drifblim|95\/100|[from] Grassy Terrain\n|-heal|p2a: Regieleki|25\/100|[from] Grassy Terrain\n|-sideend|p1: Soniaa134|move: Light Screen\n|-fieldend|move: Grassy Terrain\n|upkeep\n|turn|14\n|\n|t:|1699683960\n|switch|p2a: Ogerpon|Ogerpon, F|100\/100\n|-damage|p2a: Ogerpon|88\/100|[from] Spikes\n|move|p1a: Drifblim|Stored Power|p2a: Ogerpon\n|-damage|p2a: Ogerpon|0 fnt\n|faint|p2a: Ogerpon\n|\n|-sideend|p1: Soniaa134|Reflect\n|upkeep\n|\n|t:|1699683968\n|switch|p2a: Gliscor|Gliscor, M, shiny|100\/100\n|turn|15\n|inactive|AcciaoYt has 120 seconds left.\n|\n|t:|1699683985\n|move|p1a: Drifblim|Stored Power|p2a: Gliscor\n|-damage|p2a: Gliscor|0 fnt\n|faint|p2a: Gliscor\n|\n|upkeep\n|inactive|AcciaoYt has 120 seconds left.\n|\n|t:|1699683991\n|switch|p2a: Glimmora|Glimmora, F, shiny|58\/100\n|-damage|p2a: Glimmora|46\/100|[from] Spikes\n|turn|16\n|\n|t:|1699683997\n|move|p1a: Drifblim|Stored Power|p2a: Glimmora\n|-supereffective|p2a: Glimmora\n|-damage|p2a: Glimmora|0 fnt\n|faint|p2a: Glimmora\n|\n|upkeep\n|\n|t:|1699684002\n|switch|p2a: Gholdengo|Gholdengo, shiny|12\/100\n|-damage|p2a: Gholdengo|0 fnt|[from] Spikes\n|faint|p2a: Gholdengo\n|\n|t:|1699684008\n|switch|p2a: Regieleki|Regieleki, shiny|25\/100\n|-damage|p2a: Regieleki|12\/100|[from] Spikes\n|turn|17\n|\n|t:|1699684014\n|move|p1a: Drifblim|Stored Power|p2a: Regieleki\n|-damage|p2a: Regieleki|0 fnt\n|faint|p2a: Regieleki\n|\n|upkeep\n|\n|t:|1699684018\n|switch|p2a: Azumarill|Azumarill, M, shiny|94\/100\n|-damage|p2a: Azumarill|82\/100|[from] Spikes\n|turn|18\n|\n|t:|1699684023\n|move|p1a: Drifblim|Stored Power|p2a: Azumarill\n|-damage|p2a: Azumarill|13\/100\n|move|p2a: Azumarill|Aqua Tail|p1a: Drifblim\n|-supereffective|p1a: Drifblim\n|-damage|p1a: Drifblim|0 fnt\n|faint|p1a: Drifblim\n|\n|upkeep\n|\n|t:|1699684033\n|switch|p1a: Rillaboom|Rillaboom, F|91\/100\n|-fieldstart|move: Grassy Terrain|[from] ability: Grassy Surge|[of] p1a: Rillaboom\n|turn|19\n|\n|t:|1699684037\n|move|p1a: Rillaboom|Grassy Glide|p2a: Azumarill\n|-supereffective|p2a: Azumarill\n|-damage|p2a: Azumarill|0 fnt\n|faint|p2a: Azumarill\n|\n|win|Soniaa134\n|raw|Soniaa134's rating: 1072 &rarr; <strong>1095<\/strong><br \/>(+23 for winning)\n|raw|AcciaoYt's rating: 1000 &rarr; <strong>1000<\/strong><br \/>(+0 for losing)\n","uploadtime":1699684043,"views":12,"p1id":"soniaa134","p2id":"acciaoyt","formatid":"gen9anythinggoes","rating":1000,"private":0,"password":""}