{"id":"gen9anythinggoes-1971397204","p1":"Ureter","p2":"MAYONAISE3","format":"[Gen 9] Anything Goes","log":"|j|\u2606Ureter\n|j|\u2606MAYONAISE3\n|t:|1697735290\n|gametype|singles\n|player|p1|Ureter|102|1084\n|player|p2|MAYONAISE3|rocketgruntf|1100\n|teamsize|p1|6\n|teamsize|p2|6\n|gen|9\n|tier|[Gen 9] Anything Goes\n|rated|\n|rule|HP Percentage Mod: HP is shown in percentages\n|rule|Endless Battle Clause: Forcing endless battles is banned\n|clearpoke\n|poke|p1|Shaymin-Sky|\n|poke|p1|Vikavolt, M|\n|poke|p1|Jirachi|\n|poke|p1|Dudunsparce-*, F|\n|poke|p1|Zoroark-Hisui, F|\n|poke|p1|Regieleki|\n|poke|p2|Mimikyu, F|\n|poke|p2|Lucario, M|\n|poke|p2|Gengar, M|\n|poke|p2|Dragonite, M|\n|poke|p2|Ludicolo, F|\n|poke|p2|Vikavolt, F|\n|teampreview\n|inactive|Battle timer is ON: inactive players will automatically lose when time's up. (requested by Ureter)\n|\n|t:|1697735300\n|start\n|switch|p1a: malaria|Vikavolt, M|100\/100\n|switch|p2a: Ludicolo|Ludicolo, F|100\/100\n|turn|1\n|\n|t:|1697735312\n|move|p2a: Ludicolo|Leech Seed|p1a: malaria|[miss]\n|-miss|p2a: Ludicolo|p1a: malaria\n|move|p1a: malaria|Sticky Web|p2a: Ludicolo\n|-sidestart|p2: MAYONAISE3|move: Sticky Web\n|\n|upkeep\n|turn|2\n|\n|t:|1697735318\n|move|p2a: Ludicolo|Leech Seed|p1a: malaria\n|-start|p1a: malaria|move: Leech Seed\n|move|p1a: malaria|Bug Buzz|p2a: Ludicolo\n|-supereffective|p2a: Ludicolo\n|-damage|p2a: Ludicolo|0 fnt\n|faint|p2a: Ludicolo\n|\n|upkeep\n|\n|t:|1697735327\n|switch|p2a: Vikavolt|Vikavolt, F|100\/100\n|turn|3\n|\n|t:|1697735340\n|move|p2a: Vikavolt|Acrobatics|p1a: malaria\n|-damage|p1a: malaria|78\/100\n|move|p1a: malaria|Volt Switch|p2a: Vikavolt\n|-resisted|p2a: Vikavolt\n|-damage|p2a: Vikavolt|70\/100\n|\n|t:|1697735362\n|switch|p1a: my turn (forever)|Shaymin-Sky|100\/100|[from] Volt Switch\n|\n|upkeep\n|turn|4\n|\n|t:|1697735379\n|move|p1a: my turn (forever)|Air Slash|p2a: Vikavolt\n|-damage|p2a: Vikavolt|18\/100\n|move|p2a: Vikavolt|Thunderbolt|p1a: my turn (forever)\n|-damage|p1a: my turn (forever)|40\/100\n|\n|upkeep\n|turn|5\n|\n|t:|1697735392\n|switch|p2a: Dragonite|Dragonite, M|100\/100\n|move|p1a: my turn (forever)|Air Slash|p2a: Dragonite\n|-damage|p2a: Dragonite|56\/100\n|\n|upkeep\n|turn|6\n|\n|t:|1697735406\n|move|p1a: my turn (forever)|Air Slash|p2a: Dragonite\n|-damage|p2a: Dragonite|7\/100\n|move|p2a: Dragonite|Stone Edge|p1a: my turn (forever)\n|-supereffective|p1a: my turn (forever)\n|-damage|p1a: my turn (forever)|0 fnt\n|faint|p1a: my turn (forever)\n|\n|upkeep\n|\n|t:|1697735413\n|switch|p1a: down syndrome|Jirachi|100\/100\n|turn|7\n|\n|t:|1697735425\n|-terastallize|p2a: Dragonite|Dragon\n|move|p1a: down syndrome|Iron Head|p2a: Dragonite\n|-damage|p2a: Dragonite|0 fnt\n|faint|p2a: Dragonite\n|\n|upkeep\n|\n|t:|1697735435\n|switch|p2a: Gengar|Gengar, M|100\/100\n|-activate|p2a: Gengar|move: Sticky Web\n|-unboost|p2a: Gengar|spe|1\n|turn|8\n|\n|t:|1697735443\n|move|p1a: down syndrome|Iron Head|p2a: Gengar\n|-damage|p2a: Gengar|36\/100\n|-start|p1a: down syndrome|Disable|Iron Head|[from] ability: Cursed Body|[of] p2a: Gengar\n|cant|p2a: Gengar|flinch\n|\n|upkeep\n|turn|9\n|\n|t:|1697735456\n|switch|p1a: malaria|Vikavolt, M|100\/100\n|move|p2a: Gengar|Shadow Ball|p1a: malaria\n|-immune|p1a: malaria\n|\n|upkeep\n|turn|10\n|inactive|MAYONAISE3 has 120 seconds left.\n|inactive|MAYONAISE3 has 90 seconds left.\n|l|\u2606MAYONAISE3\n|inactive|MAYONAISE3 disconnected and has a minute to reconnect!\n|player|p2|\n|j|\u2606MAYONAISE3\n|inactive|MAYONAISE3 reconnected and has 70 seconds left.\n|player|p2|MAYONAISE3|rocketgruntf\n|\n|t:|1697735538\n|switch|p2a: Lucario|Lucario, M|100\/100\n|-activate|p2a: Lucario|move: Sticky Web\n|-unboost|p2a: Lucario|spe|1\n|move|p1a: malaria|Bitter Malice|p2a: Lucario\n|-damage|p2a: Lucario|26\/100\n|-unboost|p2a: Lucario|atk|1\n|\n|upkeep\n|turn|11\n|\n|t:|1697735550\n|move|p1a: malaria|Bitter Malice|p2a: Lucario\n|-damage|p2a: Lucario|0 fnt\n|faint|p2a: Lucario\n|\n|upkeep\n|\n|t:|1697735556\n|switch|p2a: Mimikyu|Mimikyu, F|100\/100\n|-activate|p2a: Mimikyu|move: Sticky Web\n|-unboost|p2a: Mimikyu|spe|1\n|turn|12\n|\n|t:|1697735560\n|move|p1a: malaria|Bitter Malice|p2a: Mimikyu\n|-activate|p2a: Mimikyu|ability: Disguise\n|-damage|p2a: Mimikyu|100\/100\n|-unboost|p2a: Mimikyu|atk|1\n|detailschange|p2a: Mimikyu|Mimikyu-Busted, F\n|-damage|p2a: Mimikyu|88\/100|[from] pokemon: Mimikyu-Busted\n|move|p2a: Mimikyu|Substitute|p2a: Mimikyu\n|-start|p2a: Mimikyu|Substitute\n|-damage|p2a: Mimikyu|63\/100\n|\n|-heal|p2a: Mimikyu|70\/100|[from] item: Leftovers\n|upkeep\n|turn|13\n|\n|t:|1697735579\n|move|p2a: Mimikyu|Shadow Sneak|p1a: malaria\n|-immune|p1a: malaria\n|move|p1a: malaria|Bitter Malice|p2a: Mimikyu\n|-supereffective|p2a: Mimikyu\n|-end|p2a: Mimikyu|Substitute\n|\n|-heal|p2a: Mimikyu|76\/100|[from] item: Leftovers\n|upkeep\n|turn|14\n|inactive|MAYONAISE3 has 60 seconds left.\n|inactive|MAYONAISE3 has 30 seconds left.\n|inactive|MAYONAISE3 has 20 seconds left.\n|\n|t:|1697735649\n|move|p1a: malaria|Bitter Malice|p2a: Mimikyu\n|-supereffective|p2a: Mimikyu\n|-damage|p2a: Mimikyu|0 fnt\n|faint|p2a: Mimikyu\n|\n|upkeep\n|inactive|MAYONAISE3 has 25 seconds left this turn.\n|inactive|MAYONAISE3 has 20 seconds left.\n|\n|t:|1697735655\n|switch|p2a: Vikavolt|Vikavolt, F|18\/100\n|turn|15\n|inactive|MAYONAISE3 has 30 seconds left this turn.\n|\n|t:|1697735664\n|move|p1a: malaria|Bitter Malice|p2a: Vikavolt\n|-damage|p2a: Vikavolt|0 fnt\n|faint|p2a: Vikavolt\n|\n|upkeep\n|inactive|MAYONAISE3 has 30 seconds left.\n|\n|t:|1697735670\n|switch|p2a: Gengar|Gengar, M|36\/100\n|-activate|p2a: Gengar|move: Sticky Web\n|-unboost|p2a: Gengar|spe|1\n|turn|16\n|\n|t:|1697735674\n|move|p1a: malaria|Bitter Malice|p2a: Gengar\n|-supereffective|p2a: Gengar\n|-damage|p2a: Gengar|0 fnt\n|faint|p2a: Gengar\n|\n|win|Ureter\n|raw|Ureter's rating: 1084 &rarr; <strong>1113<\/strong><br \/>(+29 for winning)\n|raw|MAYONAISE3's rating: 1100 &rarr; <strong>1074<\/strong><br \/>(-26 for losing)\n|l|\u2606Ureter\n|j|\u2606Ureter\n|player|p1|Ureter|102\n|l|\u2606MAYONAISE3\n","uploadtime":1697735690,"views":9,"p1id":"ureter","p2id":"mayonaise3","formatid":"gen9anythinggoes","rating":1074,"private":0,"password":""}