{"id":"gen9anythinggoes-1984197331","p1":"Memek1p","p2":"MiniMan5450","format":"[Gen 9] Anything Goes","log":"|j|\u2606Memek1p\n|j|\u2606MiniMan5450\n|t:|1699229095\n|gametype|singles\n|player|p1|Memek1p|2|\n|player|p2|MiniMan5450|benga|\n|teamsize|p1|6\n|teamsize|p2|6\n|gen|9\n|tier|[Gen 9] Anything Goes\n|rule|HP Percentage Mod: HP is shown in percentages\n|rule|Endless Battle Clause: Forcing endless battles is banned\n|clearpoke\n|poke|p1|Iron Valiant|\n|poke|p1|Dragonite, F|\n|poke|p1|Skeledirge, F|\n|poke|p1|Ogerpon-Cornerstone, F|\n|poke|p1|Amoonguss, M|\n|poke|p1|Tatsugiri, M|\n|poke|p2|Ninetales, M|\n|poke|p2|Donphan, F|\n|poke|p2|Victreebel, F|\n|poke|p2|Espeon, M|\n|poke|p2|Walking Wake|\n|poke|p2|Ogerpon-Hearthflame, F|\n|teampreview\n|\n|t:|1699229120\n|start\n|switch|p1a: Ogerpon|Ogerpon-Cornerstone, F|100\/100\n|switch|p2a: Donny Boy|Donphan, F|100\/100\n|turn|1\n|j| Nathanore\n|\n|t:|1699229145\n|switch|p1a: Amoonguss|Amoonguss, M|100\/100\n|move|p2a: Donny Boy|Ice Spinner|p1a: Amoonguss\n|-supereffective|p1a: Amoonguss\n|-damage|p1a: Amoonguss|42\/100\n|\n|upkeep\n|turn|2\n|j| Icywindrolex\n|\n|t:|1699229170\n|switch|p1a: Tatsugiri|Tatsugiri, M|100\/100\n|move|p2a: Donny Boy|Stealth Rock|p1a: Tatsugiri\n|-sidestart|p1: Memek1p|move: Stealth Rock\n|\n|upkeep\n|turn|3\n|c| Icywindrolex|Quinn getting 6-0\u2019f\n|c| Nathanore|:pensive: unluckers\n|l| Icywindrolex\n|c|\u2606MiniMan5450|!weak water\n|c| MiniMan5450|\/raw <div class=\"infobox\">Water:<br \/><span class=\"message-effect-weak\">Weaknesses<\/span>: Electric, Grass<br \/><span class=\"message-effect-resist\">Resistances<\/span>: Fire, Ice, Steel, Water<br \/><span class=\"message-effect-immune\">Immunities<\/span>: <font color=#999999>None<\/font><\/div>\n|j|+6Roggenrolas\n|\n|t:|1699229219\n|move|p1a: Tatsugiri|Icy Wind|p2a: Donny Boy\n|-supereffective|p2a: Donny Boy\n|-damage|p2a: Donny Boy|59\/100\n|-unboost|p2a: Donny Boy|spe|1\n|move|p2a: Donny Boy|Ice Spinner|p1a: Tatsugiri\n|-damage|p1a: Tatsugiri|46\/100\n|\n|-heal|p2a: Donny Boy|66\/100|[from] item: Leftovers\n|upkeep\n|turn|4\n|j| Icywindrolex\n|\n|t:|1699229247\n|switch|p2a: St. Solaire|Ninetales, M|100\/100\n|-weather|SunnyDay|[from] ability: Drought|[of] p2a: St. Solaire\n|move|p1a: Tatsugiri|Hydro Pump|p2a: St. Solaire\n|-supereffective|p2a: St. Solaire\n|-damage|p2a: St. Solaire|43\/100\n|\n|-weather|SunnyDay|[upkeep]\n|upkeep\n|turn|5\n|l| Icywindrolex\n|j| Icywindrolex\n|\n|t:|1699229262\n|move|p2a: St. Solaire|Solar Beam||[still]\n|-prepare|p2a: St. Solaire|Solar Beam\n|-anim|p2a: St. Solaire|Solar Beam|p1a: Tatsugiri\n|-damage|p1a: Tatsugiri|26\/100\n|move|p1a: Tatsugiri|Rapid Spin|p2a: St. Solaire\n|-damage|p2a: St. Solaire|34\/100\n|-boost|p1a: Tatsugiri|spe|1\n|-sideend|p1: Memek1p|Stealth Rock|[from] move: Rapid Spin|[of] p1a: Tatsugiri\n|\n|-weather|SunnyDay|[upkeep]\n|upkeep\n|turn|6\n|\n|t:|1699229278\n|switch|p2a: Victreebussy|Victreebel, F|100\/100\n|move|p1a: Tatsugiri|Draco Meteor|p2a: Victreebussy\n|-damage|p2a: Victreebussy|10\/100\n|-unboost|p1a: Tatsugiri|spa|2\n|\n|-weather|SunnyDay|[upkeep]\n|upkeep\n|turn|7\n|\n|t:|1699229294\n|switch|p1a: Skeledirge|Skeledirge, F|100\/100\n|move|p2a: Victreebussy|Sludge Bomb|p1a: Skeledirge\n|-resisted|p1a: Skeledirge\n|-damage|p1a: Skeledirge|79\/100\n|-status|p1a: Skeledirge|psn\n|-damage|p2a: Victreebussy|0 fnt|[from] item: Life Orb\n|faint|p2a: Victreebussy\n|\n|-weather|SunnyDay|[upkeep]\n|-damage|p1a: Skeledirge|67\/100 psn|[from] psn\n|upkeep\n|\n|t:|1699229309\n|switch|p2a: Fraudulent Wake|Walking Wake|100\/100\n|-activate|p2a: Fraudulent Wake|ability: Protosynthesis\n|-start|p2a: Fraudulent Wake|protosynthesisspe\n|turn|8\n|\n|t:|1699229333\n|move|p2a: Fraudulent Wake|Hydro Steam|p1a: Skeledirge\n|-supereffective|p1a: Skeledirge\n|-damage|p1a: Skeledirge|0 fnt\n|faint|p1a: Skeledirge\n|-damage|p2a: Fraudulent Wake|91\/100|[from] item: Life Orb\n|\n|-weather|SunnyDay|[upkeep]\n|upkeep\n|\n|t:|1699229339\n|switch|p1a: Dragonite|Dragonite, F|100\/100\n|turn|9\n|\n|t:|1699229345\n|move|p2a: Fraudulent Wake|Flip Turn|p1a: Dragonite\n|-resisted|p1a: Dragonite\n|-damage|p1a: Dragonite|97\/100\n|-damage|p2a: Fraudulent Wake|81\/100|[from] item: Life Orb\n|\n|t:|1699229352\n|-end|p2a: Fraudulent Wake|Protosynthesis|[silent]\n|switch|p2a: I'd Smash|Espeon, M|100\/100|[from] Flip Turn\n|move|p1a: Dragonite|Dragon Dance|p1a: Dragonite\n|-boost|p1a: Dragonite|atk|1\n|-boost|p1a: Dragonite|spe|1\n|\n|-weather|SunnyDay|[upkeep]\n|upkeep\n|turn|10\n|\n|t:|1699229363\n|move|p1a: Dragonite|Dragon Claw|p2a: I'd Smash\n|-damage|p2a: I'd Smash|1\/100\n|move|p2a: I'd Smash|Thunder Wave|p1a: Dragonite\n|-status|p1a: Dragonite|par\n|\n|-weather|SunnyDay|[upkeep]\n|-heal|p2a: I'd Smash|7\/100|[from] item: Leftovers\n|upkeep\n|turn|11\n|\n|t:|1699229397\n|-terastallize|p2a: I'd Smash|Fairy\n|move|p1a: Dragonite|Extreme Speed|p2a: I'd Smash\n|-crit|p2a: I'd Smash\n|-damage|p2a: I'd Smash|0 fnt\n|faint|p2a: I'd Smash\n|\n|-weather|none\n|upkeep\n|\n|t:|1699229405\n|switch|p2a: Donny Boy|Donphan, F|66\/100\n|turn|12\n|c| Nathanore|tell em to bring out the whole ocean\n|c|\u2606MiniMan5450|call me asparagus\n|l|+6Roggenrolas\n|j|+6Roggenrolas\n|\n|t:|1699229476\n|cant|p1a: Dragonite|par\n|move|p2a: Donny Boy|Ice Spinner|p1a: Dragonite\n|-supereffective|p1a: Dragonite\n|-damage|p1a: Dragonite|0 fnt\n|faint|p1a: Dragonite\n|\n|-heal|p2a: Donny Boy|72\/100|[from] item: Leftovers\n|upkeep\n|\n|t:|1699229486\n|switch|p1a: Tatsugiri|Tatsugiri, M|26\/100\n|turn|13\n|\n|t:|1699229500\n|move|p1a: Tatsugiri|Hydro Pump|p2a: Donny Boy\n|-supereffective|p2a: Donny Boy\n|-damage|p2a: Donny Boy|0 fnt\n|faint|p2a: Donny Boy\n|\n|upkeep\n|\n|t:|1699229506\n|switch|p2a: St. Solaire|Ninetales, M|34\/100\n|-weather|SunnyDay|[from] ability: Drought|[of] p2a: St. Solaire\n|turn|14\n|\n|t:|1699229512\n|move|p2a: St. Solaire|Shadow Ball|p1a: Tatsugiri\n|-damage|p1a: Tatsugiri|13\/100\n|move|p1a: Tatsugiri|Hydro Pump|p2a: St. Solaire|[miss]\n|-miss|p1a: Tatsugiri|p2a: St. Solaire\n|\n|-weather|SunnyDay|[upkeep]\n|upkeep\n|turn|15\n|\n|t:|1699229522\n|move|p2a: St. Solaire|Shadow Ball|p1a: Tatsugiri\n|-damage|p1a: Tatsugiri|0 fnt\n|faint|p1a: Tatsugiri\n|\n|-weather|SunnyDay|[upkeep]\n|upkeep\n|\n|t:|1699229544\n|switch|p1a: Iron Valiant|Iron Valiant|100\/100\n|-enditem|p1a: Iron Valiant|Booster Energy\n|-activate|p1a: Iron Valiant|ability: Quark Drive|[fromitem]\n|-start|p1a: Iron Valiant|quarkdrivespa\n|turn|16\n|\n|t:|1699229551\n|move|p1a: Iron Valiant|Aura Sphere|p2a: St. Solaire\n|-damage|p2a: St. Solaire|0 fnt\n|faint|p2a: St. Solaire\n|\n|-weather|SunnyDay|[upkeep]\n|upkeep\n|\n|t:|1699229562\n|switch|p2a: Fraudulent Wake|Walking Wake|81\/100\n|-activate|p2a: Fraudulent Wake|ability: Protosynthesis\n|-start|p2a: Fraudulent Wake|protosynthesisspe\n|turn|17\n|l| Icywindrolex\n|\n|t:|1699229624\n|move|p2a: Fraudulent Wake|Hydro Steam|p1a: Iron Valiant\n|-damage|p1a: Iron Valiant|0 fnt\n|faint|p1a: Iron Valiant\n|-end|p1a: Iron Valiant|Quark Drive|[silent]\n|-damage|p2a: Fraudulent Wake|71\/100|[from] item: Life Orb\n|\n|-weather|SunnyDay|[upkeep]\n|upkeep\n|\n|t:|1699229643\n|switch|p1a: Amoonguss|Amoonguss, M|76\/100\n|turn|18\n|j| Icywindrolex\n|\n|t:|1699229660\n|move|p2a: Fraudulent Wake|Flip Turn|p1a: Amoonguss\n|-resisted|p1a: Amoonguss\n|-damage|p1a: Amoonguss|70\/100\n|-damage|p2a: Fraudulent Wake|61\/100|[from] item: Life Orb\n|\n|t:|1699229664\n|-end|p2a: Fraudulent Wake|Protosynthesis|[silent]\n|switch|p2a: Mask by Dream|Ogerpon-Hearthflame, F|100\/100|[from] Flip Turn\n|-ability|p2a: Mask by Dream|Mold Breaker\n|move|p1a: Amoonguss|Giga Drain|p2a: Mask by Dream\n|-resisted|p2a: Mask by Dream\n|-damage|p2a: Mask by Dream|94\/100\n|-heal|p1a: Amoonguss|73\/100|[from] drain|[of] p2a: Mask by Dream\n|\n|-weather|SunnyDay|[upkeep]\n|upkeep\n|turn|19\n|\n|t:|1699229673\n|move|p2a: Mask by Dream|Swords Dance|p2a: Mask by Dream\n|-boost|p2a: Mask by Dream|atk|2\n|move|p1a: Amoonguss|Sludge Bomb|p2a: Mask by Dream\n|-supereffective|p2a: Mask by Dream\n|-damage|p2a: Mask by Dream|26\/100\n|\n|-weather|SunnyDay|[upkeep]\n|upkeep\n|turn|20\n|\n|t:|1699229681\n|move|p2a: Mask by Dream|Ivy Cudgel|p1a: Amoonguss\n|-supereffective|p1a: Amoonguss\n|-enditem|p1a: Amoonguss|Occa Berry|[eat]\n|-enditem|p1a: Amoonguss|Occa Berry|[weaken]\n|-damage|p1a: Amoonguss|0 fnt\n|faint|p1a: Amoonguss\n|\n|-weather|SunnyDay|[upkeep]\n|upkeep\n|\n|t:|1699229683\n|switch|p1a: Ogerpon|Ogerpon-Cornerstone, F|100\/100\n|turn|21\n|\n|t:|1699229688\n|move|p2a: Mask by Dream|Ivy Cudgel|p1a: Ogerpon\n|-damage|p1a: Ogerpon|0 fnt\n|faint|p1a: Ogerpon\n|\n|win|MiniMan5450\n|c|\u2606MiniMan5450|gg\n|c| Nathanore|freeeeelo\n|c| Nathanore|got cooked\n","uploadtime":1699229697,"views":14,"p1id":"memek1p","p2id":"miniman5450","formatid":"gen9anythinggoes","rating":0,"private":0,"password":""}