{"id":"gen9anythinggoes-1988214120","p1":"mohax425","p2":"RedZerahBr","format":"[Gen 9] Anything Goes","log":"|j|\u2606mohax425\n|j|\u2606RedZerahBr\n|t:|1699686681\n|gametype|singles\n|player|p1|mohax425|caitlin|1075\n|player|p2|RedZerahBr|policeman-gen4|1196\n|teamsize|p1|6\n|teamsize|p2|6\n|gen|9\n|tier|[Gen 9] Anything Goes\n|rated|\n|rule|HP Percentage Mod: HP is shown in percentages\n|rule|Endless Battle Clause: Forcing endless battles is banned\n|clearpoke\n|poke|p1|Dragapult, F|\n|poke|p1|Hatterene, F|\n|poke|p1|Vaporeon, M|\n|poke|p1|Ninetales-Alola, M|\n|poke|p1|Umbreon, M|\n|poke|p1|Espeon, F|\n|poke|p2|Vivillon-Pokeball, M|\n|poke|p2|Baxcalibur, F|\n|poke|p2|Breloom, F|\n|poke|p2|Glimmora, F|\n|poke|p2|Volcarona, F|\n|poke|p2|Thundurus-Therian, M|\n|teampreview\n|inactive|Battle timer is ON: inactive players will automatically lose when time's up. (requested by RedZerahBr)\n|\n|t:|1699686708\n|start\n|switch|p1a: Dog 2|Vaporeon, M|100\/100\n|switch|p2a: Vivillon|Vivillon-Pokeball, M|100\/100\n|turn|1\n|\n|t:|1699686722\n|move|p2a: Vivillon|Sleep Powder|p1a: Dog 2\n|-status|p1a: Dog 2|slp|[from] move: Sleep Powder\n|cant|p1a: Dog 2|slp\n|\n|upkeep\n|turn|2\n|\n|t:|1699686747\n|switch|p1a: Dog 1|Dragapult, F|100\/100\n|move|p2a: Vivillon|Substitute|p2a: Vivillon\n|-start|p2a: Vivillon|Substitute\n|-damage|p2a: Vivillon|76\/100\n|\n|-heal|p2a: Vivillon|82\/100|[from] item: Leftovers\n|upkeep\n|turn|3\n|\n|t:|1699686757\n|move|p1a: Dog 1|Flamethrower|p2a: Vivillon\n|-supereffective|p2a: Vivillon\n|-damage|p2a: Vivillon|0 fnt\n|faint|p2a: Vivillon\n|\n|upkeep\n|\n|t:|1699686776\n|switch|p2a: Glimmora|Glimmora, F|100\/100\n|turn|4\n|\n|t:|1699686803\n|move|p1a: Dog 1|Agility|p1a: Dog 1\n|-boost|p1a: Dog 1|spe|2\n|move|p2a: Glimmora|Mortal Spin|p1a: Dog 1\n|-resisted|p1a: Dog 1\n|-damage|p1a: Dog 1|97\/100\n|-status|p1a: Dog 1|psn\n|\n|-heal|p1a: Dog 1|100\/100 psn|[from] item: Leftovers\n|-damage|p1a: Dog 1|88\/100 psn|[from] psn\n|upkeep\n|turn|5\n|inactive|mohax425 has 120 seconds left.\n|\n|t:|1699686842\n|move|p1a: Dog 1|Agility|p1a: Dog 1\n|-boost|p1a: Dog 1|spe|2\n|move|p2a: Glimmora|Stealth Rock|p1a: Dog 1\n|-sidestart|p1: mohax425|move: Stealth Rock\n|\n|-heal|p1a: Dog 1|94\/100 psn|[from] item: Leftovers\n|-damage|p1a: Dog 1|82\/100 psn|[from] psn\n|upkeep\n|turn|6\n|inactive|mohax425 has 90 seconds left.\n|\n|t:|1699686870\n|move|p1a: Dog 1|Baton Pass|p1a: Dog 1\n|\n|t:|1699686872\n|switch|p1a: Dog 3|Umbreon, M, shiny|100\/100|[from] Baton Pass\n|-damage|p1a: Dog 3|88\/100|[from] Stealth Rock\n|move|p2a: Glimmora|Spikes|p1a: Dog 3\n|-sidestart|p1: mohax425|Spikes\n|\n|-heal|p1a: Dog 3|94\/100|[from] item: Leftovers\n|upkeep\n|turn|7\n|inactive|mohax425 has 90 seconds left.\n|\n|t:|1699686884\n|move|p1a: Dog 3|Calm Mind|p1a: Dog 3\n|-boost|p1a: Dog 3|spa|1\n|-boost|p1a: Dog 3|spd|1\n|move|p2a: Glimmora|Mortal Spin|p1a: Dog 3\n|-damage|p1a: Dog 3|89\/100\n|-status|p1a: Dog 3|psn\n|-activate|p1a: Dog 3|ability: Synchronize\n|-immune|p2a: Glimmora\n|\n|-heal|p1a: Dog 3|95\/100 psn|[from] item: Leftovers\n|-damage|p1a: Dog 3|82\/100 psn|[from] psn\n|upkeep\n|turn|8\n|inactive|mohax425 has 90 seconds left.\n|\n|t:|1699686898\n|switch|p2a: Thundurus|Thundurus-Therian, M|100\/100\n|move|p1a: Dog 3|Stored Power|p2a: Thundurus\n|-damage|p2a: Thundurus|32\/100\n|\n|-heal|p1a: Dog 3|88\/100 psn|[from] item: Leftovers\n|-damage|p1a: Dog 3|76\/100 psn|[from] psn\n|upkeep\n|turn|9\n|\n|t:|1699686908\n|move|p1a: Dog 3|Stored Power|p2a: Thundurus\n|-damage|p2a: Thundurus|0 fnt\n|faint|p2a: Thundurus\n|\n|-heal|p1a: Dog 3|82\/100 psn|[from] item: Leftovers\n|-damage|p1a: Dog 3|70\/100 psn|[from] psn\n|upkeep\n|\n|t:|1699686916\n|switch|p2a: Breloom|Breloom, F|100\/100\n|turn|10\n|\n|t:|1699686936\n|move|p2a: Breloom|Mach Punch|p1a: Dog 3\n|-supereffective|p1a: Dog 3\n|-damage|p1a: Dog 3|21\/100 psn\n|move|p1a: Dog 3|Baton Pass|p1a: Dog 3\n|\n|t:|1699686941\n|switch|p1a: Dog 6|Espeon, F|100\/100|[from] Baton Pass\n|-damage|p1a: Dog 6|88\/100|[from] Stealth Rock\n|-damage|p1a: Dog 6|76\/100|[from] Spikes\n|\n|-heal|p1a: Dog 6|82\/100|[from] item: Leftovers\n|upkeep\n|turn|11\n|inactive|mohax425 has 90 seconds left.\n|\n|t:|1699686968\n|-terastallize|p2a: Breloom|Grass\n|move|p1a: Dog 6|Stored Power|p2a: Breloom\n|-damage|p2a: Breloom|0 fnt\n|faint|p2a: Breloom\n|\n|-heal|p1a: Dog 6|88\/100|[from] item: Leftovers\n|upkeep\n|inactive|RedZerahBr has 120 seconds left.\n|\n|t:|1699686986\n|switch|p2a: Baxcalibur|Baxcalibur, F|100\/100\n|turn|12\n|inactive|mohax425 has 90 seconds left.\n|inactive|mohax425 has 60 seconds left.\n|\n|t:|1699687040\n|move|p2a: Baxcalibur|Ice Shard|p1a: Dog 6\n|-damage|p1a: Dog 6|55\/100\n|move|p1a: Dog 6|Power Gem|p2a: Baxcalibur\n|-supereffective|p2a: Baxcalibur\n|-damage|p2a: Baxcalibur|12\/100\n|\n|-heal|p1a: Dog 6|61\/100|[from] item: Leftovers\n|upkeep\n|turn|13\n|inactive|RedZerahBr has 120 seconds left.\n|\n|t:|1699687074\n|move|p2a: Baxcalibur|Ice Shard|p1a: Dog 6\n|-damage|p1a: Dog 6|24\/100\n|move|p1a: Dog 6|Power Gem|p2a: Baxcalibur\n|-supereffective|p2a: Baxcalibur\n|-damage|p2a: Baxcalibur|0 fnt\n|faint|p2a: Baxcalibur\n|\n|-heal|p1a: Dog 6|30\/100|[from] item: Leftovers\n|upkeep\n|\n|t:|1699687087\n|switch|p2a: Glimmora|Glimmora, F|100\/100\n|turn|14\n|inactive|mohax425 has 60 seconds left.\n|\n|t:|1699687098\n|move|p1a: Dog 6|Stored Power|p2a: Glimmora\n|-supereffective|p2a: Glimmora\n|-enditem|p2a: Glimmora|Focus Sash\n|-damage|p2a: Glimmora|1\/100\n|move|p2a: Glimmora|Mortal Spin|p1a: Dog 6\n|-damage|p1a: Dog 6|20\/100\n|-status|p1a: Dog 6|psn\n|\n|-heal|p1a: Dog 6|26\/100 psn|[from] item: Leftovers\n|-damage|p1a: Dog 6|13\/100 psn|[from] psn\n|upkeep\n|turn|15\n|inactive|mohax425 has 60 seconds left.\n|\n|t:|1699687130\n|move|p1a: Dog 6|Baton Pass|p1a: Dog 6\n|\n|t:|1699687132\n|switch|p1a: Barbie|Hatterene, F|100\/100|[from] Baton Pass\n|-damage|p1a: Barbie|88\/100|[from] Stealth Rock\n|-damage|p1a: Barbie|76\/100|[from] Spikes\n|move|p2a: Glimmora|Toxic Spikes|p1a: Barbie\n|move|p1a: Barbie|Toxic Spikes|p2a: Glimmora|[from]ability: Magic Bounce\n|-sidestart|p2: RedZerahBr|move: Toxic Spikes\n|\n|-heal|p1a: Barbie|82\/100|[from] item: Leftovers\n|upkeep\n|turn|16\n|inactive|RedZerahBr has 120 seconds left.\n|inactive|mohax425 has 30 seconds left.\n|inactive|mohax425 has 20 seconds left.\n|\n|t:|1699687163\n|move|p1a: Barbie|Giga Drain|p2a: Glimmora\n|-damage|p2a: Glimmora|0 fnt\n|-heal|p1a: Barbie|82\/100|[from] drain|[of] p2a: Glimmora\n|faint|p2a: Glimmora\n|\n|-heal|p1a: Barbie|88\/100|[from] item: Leftovers\n|upkeep\n|inactive|mohax425 has 25 seconds left this turn.\n|\n|t:|1699687171\n|switch|p2a: Volcarona|Volcarona, F|100\/100\n|turn|17\n|inactive|mohax425 has 30 seconds left.\n|inactive|RedZerahBr has 120 seconds left.\n|\n|t:|1699687183\n|move|p1a: Barbie|Dazzling Gleam|p2a: Volcarona\n|-resisted|p2a: Volcarona\n|-damage|p2a: Volcarona|72\/100\n|move|p2a: Volcarona|Flamethrower|p1a: Barbie\n|-damage|p1a: Barbie|59\/100\n|\n|-heal|p1a: Barbie|65\/100|[from] item: Leftovers\n|upkeep\n|turn|18\n|inactive|mohax425 has 30 seconds left.\n|\n|t:|1699687193\n|move|p1a: Barbie|Giga Drain|p2a: Volcarona\n|-resisted|p2a: Volcarona\n|-damage|p2a: Volcarona|64\/100\n|-heal|p1a: Barbie|69\/100|[from] drain|[of] p2a: Volcarona\n|move|p2a: Volcarona|Quiver Dance|p2a: Volcarona\n|-boost|p2a: Volcarona|spa|1\n|-boost|p2a: Volcarona|spd|1\n|-boost|p2a: Volcarona|spe|1\n|\n|-heal|p1a: Barbie|75\/100|[from] item: Leftovers\n|upkeep\n|turn|19\n|inactive|mohax425 has 30 seconds left.\n|\n|t:|1699687207\n|move|p1a: Barbie|Baton Pass|p1a: Barbie\n|inactive|mohax425 has 30 seconds left this turn.\n|\n|t:|1699687209\n|switch|p1a: Dog 1|Dragapult, F|82\/100 psn|[from] Baton Pass\n|-damage|p1a: Dog 1|69\/100 psn|[from] Stealth Rock\n|-damage|p1a: Dog 1|57\/100 psn|[from] Spikes\n|move|p2a: Volcarona|Quiver Dance|p2a: Volcarona\n|-boost|p2a: Volcarona|spa|1\n|-boost|p2a: Volcarona|spd|1\n|-boost|p2a: Volcarona|spe|1\n|\n|-heal|p1a: Dog 1|63\/100 psn|[from] item: Leftovers\n|-damage|p1a: Dog 1|51\/100 psn|[from] psn\n|upkeep\n|turn|20\n|inactive|mohax425 has 30 seconds left.\n|\n|t:|1699687224\n|move|p1a: Dog 1|Draco Meteor|p2a: Volcarona\n|-damage|p2a: Volcarona|30\/100\n|-unboost|p1a: Dog 1|spa|2\n|move|p2a: Volcarona|Morning Sun|p2a: Volcarona\n|-heal|p2a: Volcarona|80\/100\n|\n|-heal|p1a: Dog 1|57\/100 psn|[from] item: Leftovers\n|-damage|p1a: Dog 1|44\/100 psn|[from] psn\n|upkeep\n|turn|21\n|inactive|mohax425 has 30 seconds left.\n|\n|t:|1699687236\n|move|p1a: Dog 1|Flamethrower|p2a: Volcarona\n|-damage|p2a: Volcarona|73\/100\n|move|p2a: Volcarona|Quiver Dance|p2a: Volcarona\n|-boost|p2a: Volcarona|spa|1\n|-boost|p2a: Volcarona|spd|1\n|-boost|p2a: Volcarona|spe|1\n|\n|-heal|p1a: Dog 1|50\/100 psn|[from] item: Leftovers\n|-damage|p1a: Dog 1|38\/100 psn|[from] psn\n|upkeep\n|turn|22\n|inactive|mohax425 has 30 seconds left.\n|inactive|mohax425 has 20 seconds left.\n|\n|t:|1699687257\n|move|p1a: Dog 1|Baton Pass|p1a: Dog 1\n|inactive|mohax425 has 25 seconds left this turn.\n|\n|t:|1699687262\n|switch|p1a: Dog 2|Vaporeon, M|100\/100 slp|[from] Baton Pass\n|-damage|p1a: Dog 2|88\/100 slp|[from] Stealth Rock\n|-damage|p1a: Dog 2|76\/100 slp|[from] Spikes\n|move|p2a: Volcarona|Quiver Dance|p2a: Volcarona\n|-boost|p2a: Volcarona|spa|1\n|-boost|p2a: Volcarona|spd|1\n|-boost|p2a: Volcarona|spe|1\n|\n|-heal|p1a: Dog 2|82\/100 slp|[from] item: Leftovers\n|upkeep\n|turn|23\n|inactive|mohax425 has 30 seconds left.\n|\n|t:|1699687281\n|move|p2a: Volcarona|Quiver Dance|p2a: Volcarona\n|-boost|p2a: Volcarona|spa|1\n|-boost|p2a: Volcarona|spd|1\n|-boost|p2a: Volcarona|spe|1\n|-curestatus|p1a: Dog 2|slp|[msg]\n|move|p1a: Dog 2|Yawn|p2a: Volcarona\n|-start|p2a: Volcarona|move: Yawn|[of] p1a: Dog 2\n|\n|-heal|p1a: Dog 2|88\/100|[from] item: Leftovers\n|upkeep\n|turn|24\n|inactive|mohax425 has 30 seconds left.\n|inactive|mohax425 has 20 seconds left.\n|inactive|mohax425 has 15 seconds left.\n|inactive|mohax425 has 10 seconds left.\n|\n|t:|1699687309\n|move|p2a: Volcarona|Flamethrower|p1a: Dog 2\n|-resisted|p1a: Dog 2\n|-damage|p1a: Dog 2|60\/100\n|move|p1a: Dog 2|Aqua Ring|p1a: Dog 2\n|-start|p1a: Dog 2|Aqua Ring\n|\n|-heal|p1a: Dog 2|66\/100|[from] item: Leftovers\n|-heal|p1a: Dog 2|72\/100|[from] Aqua Ring\n|-end|p2a: Volcarona|move: Yawn|[silent]\n|-status|p2a: Volcarona|slp\n|upkeep\n|turn|25\n|inactive|mohax425 has 20 seconds left this turn.\n|inactive|mohax425 has 15 seconds left.\n|inactive|mohax425 has 10 seconds left.\n|inactive|mohax425 has 5 seconds left.\n|\n|t:|1699687328\n|cant|p2a: Volcarona|slp\n|move|p1a: Dog 2|Acid Armor|p1a: Dog 2\n|-boost|p1a: Dog 2|def|2\n|\n|-heal|p1a: Dog 2|78\/100|[from] item: Leftovers\n|-heal|p1a: Dog 2|84\/100|[from] Aqua Ring\n|upkeep\n|turn|26\n|inactive|mohax425 has 15 seconds left this turn.\n|inactive|mohax425 has 10 seconds left.\n|inactive|mohax425 has 5 seconds left.\n|\n|t:|1699687342\n|cant|p2a: Volcarona|slp\n|move|p1a: Dog 2|Acid Armor|p1a: Dog 2\n|-boost|p1a: Dog 2|def|2\n|\n|-heal|p1a: Dog 2|90\/100|[from] item: Leftovers\n|-heal|p1a: Dog 2|96\/100|[from] Aqua Ring\n|upkeep\n|turn|27\n|inactive|mohax425 has 15 seconds left this turn.\n|inactive|mohax425 has 10 seconds left.\n|inactive|mohax425 has 5 seconds left.\n|\n|t:|1699687354\n|-curestatus|p2a: Volcarona|slp|[msg]\n|move|p2a: Volcarona|Quiver Dance|p2a: Volcarona\n|-boost|p2a: Volcarona|spa|1\n|-boost|p2a: Volcarona|spd|1\n|-boost|p2a: Volcarona|spe|1\n|move|p1a: Dog 2|Acid Armor|p1a: Dog 2\n|-boost|p1a: Dog 2|def|2\n|\n|-heal|p1a: Dog 2|100\/100|[from] item: Leftovers\n|upkeep\n|turn|28\n|inactive|mohax425 has 15 seconds left this turn.\n|inactive|mohax425 has 10 seconds left.\n|\n|t:|1699687367\n|move|p2a: Volcarona|Will-O-Wisp|p1a: Dog 2\n|-status|p1a: Dog 2|brn\n|move|p1a: Dog 2|Yawn|p2a: Volcarona\n|-start|p2a: Volcarona|move: Yawn|[of] p1a: Dog 2\n|\n|-damage|p1a: Dog 2|94\/100 brn|[from] brn\n|upkeep\n|turn|29\n|inactive|mohax425 has 20 seconds left this turn.\n|inactive|mohax425 has 15 seconds left.\n|inactive|mohax425 has 10 seconds left.\n|\n|t:|1699687381\n|move|p2a: Volcarona|Flamethrower|p1a: Dog 2\n|-resisted|p1a: Dog 2\n|-damage|p1a: Dog 2|67\/100 brn\n|move|p1a: Dog 2|Baton Pass|p1a: Dog 2\n|inactive|mohax425 has 15 seconds left this turn.\n|inactive|mohax425 has 10 seconds left.\n|inactive|mohax425 has 5 seconds left.\n|\n|t:|1699687394\n|switch|p1a: Dog 3|Umbreon, M, shiny|21\/100 psn|[from] Baton Pass\n|-damage|p1a: Dog 3|8\/100 psn|[from] Stealth Rock\n|-damage|p1a: Dog 3|0 fnt|[from] Spikes\n|faint|p1a: Dog 3\n|\n|-end|p2a: Volcarona|move: Yawn|[silent]\n|-status|p2a: Volcarona|slp\n|upkeep\n|inactive|mohax425 has 10 seconds left this turn.\n|inactive|mohax425 has 5 seconds left.\n|-message|mohax425 forfeited.\n|\n|win|RedZerahBr\n|inactive|mohax425 has 10 seconds left this turn.\n|raw|mohax425's rating: 1075 &rarr; <strong>1061<\/strong><br \/>(-14 for losing)\n|raw|RedZerahBr's rating: 1196 &rarr; <strong>1213<\/strong><br \/>(+17 for winning)\n|l|\u2606mohax425\n","uploadtime":1699687408,"views":20,"p1id":"mohax425","p2id":"redzerahbr","formatid":"gen9anythinggoes","rating":1061,"private":0,"password":""}