{"id":"gen9anythinggoes-1976574929","p1":"SkylineMari","p2":"Bm_235","format":"[Gen 9] Anything Goes","log":"|j|\u2606SkylineMari\n|j|\u2606Bm_235\n|t:|1698323448\n|gametype|singles\n|player|p1|SkylineMari|lusamine-nihilego|1083\n|player|p2|Bm_235|swimmerf-gen4|1153\n|teamsize|p1|6\n|teamsize|p2|6\n|gen|9\n|tier|[Gen 9] Anything Goes\n|rated|\n|rule|HP Percentage Mod: HP is shown in percentages\n|rule|Endless Battle Clause: Forcing endless battles is banned\n|clearpoke\n|poke|p1|Calyrex-Shadow|\n|poke|p1|Zacian-*|\n|poke|p1|Ceruledge, M|\n|poke|p1|Kyogre|\n|poke|p1|Miraidon|\n|poke|p1|Great Tusk|\n|poke|p2|Volcarona, M|\n|poke|p2|Rotom|\n|poke|p2|Meowscarada, F|\n|poke|p2|Iron Valiant|\n|poke|p2|Gholdengo|\n|poke|p2|Samurott-Hisui, M|\n|teampreview\n|inactive|Battle timer is ON: inactive players will automatically lose when time's up. (requested by SkylineMari)\n|\n|t:|1698323455\n|start\n|switch|p1a: Kyogre|Kyogre, shiny|100\/100\n|switch|p2a: Juan_carlos777|Rotom, shiny|100\/100\n|-weather|RainDance|[from] ability: Drizzle|[of] p1a: Kyogre\n|turn|1\n|\n|t:|1698323462\n|-terastallize|p1a: Kyogre|Water\n|move|p2a: Juan_carlos777|Discharge|p1a: Kyogre\n|-supereffective|p1a: Kyogre\n|-damage|p1a: Kyogre|58\/100\n|-enditem|p1a: Kyogre|Weakness Policy\n|-boost|p1a: Kyogre|atk|2|[from] item: Weakness Policy\n|-boost|p1a: Kyogre|spa|2|[from] item: Weakness Policy\n|move|p1a: Kyogre|Calm Mind|p1a: Kyogre\n|-boost|p1a: Kyogre|spa|1\n|-boost|p1a: Kyogre|spd|1\n|\n|-weather|RainDance|[upkeep]\n|upkeep\n|turn|2\n|\n|t:|1698323467\n|move|p2a: Juan_carlos777|Discharge|p1a: Kyogre\n|-supereffective|p1a: Kyogre\n|-damage|p1a: Kyogre|30\/100\n|move|p1a: Kyogre|Water Spout|p2a: Juan_carlos777\n|-damage|p2a: Juan_carlos777|0 fnt\n|faint|p2a: Juan_carlos777\n|\n|-weather|RainDance|[upkeep]\n|upkeep\n|\n|t:|1698323471\n|switch|p2a: T\u00eda Vivi|Meowscarada, F, shiny|100\/100\n|turn|3\n|\n|t:|1698323476\n|move|p2a: T\u00eda Vivi|Petal Blizzard|p1a: Kyogre\n|-start|p2a: T\u00eda Vivi|typechange|Grass|[from] ability: Protean\n|-supereffective|p1a: Kyogre\n|-damage|p1a: Kyogre|0 fnt\n|faint|p1a: Kyogre\n|\n|-weather|RainDance|[upkeep]\n|upkeep\n|\n|t:|1698323482\n|switch|p1a: Great Tusk|Great Tusk|100\/100\n|-enditem|p1a: Great Tusk|Booster Energy\n|-activate|p1a: Great Tusk|ability: Protosynthesis|[fromitem]\n|-start|p1a: Great Tusk|protosynthesisatk\n|turn|4\n|\n|t:|1698323486\n|move|p2a: T\u00eda Vivi|Petal Blizzard|p1a: Great Tusk\n|-supereffective|p1a: Great Tusk\n|-damage|p1a: Great Tusk|42\/100\n|move|p1a: Great Tusk|Bulk Up|p1a: Great Tusk\n|-boost|p1a: Great Tusk|atk|1\n|-boost|p1a: Great Tusk|def|1\n|\n|-weather|RainDance|[upkeep]\n|upkeep\n|turn|5\n|\n|t:|1698323491\n|move|p2a: T\u00eda Vivi|Petal Blizzard|p1a: Great Tusk\n|-supereffective|p1a: Great Tusk\n|-damage|p1a: Great Tusk|6\/100\n|move|p1a: Great Tusk|Earthquake|p2a: T\u00eda Vivi\n|-resisted|p2a: T\u00eda Vivi\n|-damage|p2a: T\u00eda Vivi|35\/100\n|\n|-weather|none\n|-heal|p2a: T\u00eda Vivi|41\/100|[from] item: Leftovers\n|upkeep\n|turn|6\n|\n|t:|1698323497\n|move|p2a: T\u00eda Vivi|Petal Blizzard|p1a: Great Tusk\n|-supereffective|p1a: Great Tusk\n|-damage|p1a: Great Tusk|0 fnt\n|faint|p1a: Great Tusk\n|-end|p1a: Great Tusk|Protosynthesis|[silent]\n|\n|-heal|p2a: T\u00eda Vivi|47\/100|[from] item: Leftovers\n|upkeep\n|\n|t:|1698323501\n|switch|p1a: Miraidon|Miraidon|100\/100\n|-fieldstart|move: Electric Terrain|[from] ability: Hadron Engine|[of] p1a: Miraidon\n|turn|7\n|\n|t:|1698323505\n|move|p1a: Miraidon|Swords Dance|p1a: Miraidon\n|-boost|p1a: Miraidon|atk|2\n|move|p2a: T\u00eda Vivi|Play Rough|p1a: Miraidon\n|-supereffective|p1a: Miraidon\n|-damage|p1a: Miraidon|40\/100\n|\n|-heal|p1a: Miraidon|46\/100|[from] item: Leftovers\n|-heal|p2a: T\u00eda Vivi|53\/100|[from] item: Leftovers\n|upkeep\n|turn|8\n|\n|t:|1698323512\n|move|p1a: Miraidon|Volt Switch|p2a: T\u00eda Vivi\n|-resisted|p2a: T\u00eda Vivi\n|-damage|p2a: T\u00eda Vivi|7\/100\n|\n|t:|1698323520\n|switch|p1a: Ceruledge|Ceruledge, M|100\/100|[from] Volt Switch\n|move|p2a: T\u00eda Vivi|Play Rough|p1a: Ceruledge\n|-resisted|p1a: Ceruledge\n|-damage|p1a: Ceruledge|83\/100\n|\n|-heal|p2a: T\u00eda Vivi|13\/100|[from] item: Leftovers\n|-heal|p1a: Ceruledge|89\/100|[from] item: Leftovers\n|upkeep\n|turn|9\n|\n|t:|1698323525\n|move|p2a: T\u00eda Vivi|Foul Play|p1a: Ceruledge\n|-supereffective|p1a: Ceruledge\n|-crit|p1a: Ceruledge\n|-damage|p1a: Ceruledge|2\/100\n|move|p1a: Ceruledge|Bulk Up|p1a: Ceruledge\n|-boost|p1a: Ceruledge|atk|1\n|-boost|p1a: Ceruledge|def|1\n|\n|-heal|p2a: T\u00eda Vivi|19\/100|[from] item: Leftovers\n|-heal|p1a: Ceruledge|8\/100|[from] item: Leftovers\n|upkeep\n|turn|10\n|inactive|SkylineMari has 120 seconds left.\n|-message|SkylineMari forfeited.\n|\n|win|Bm_235\n|raw|SkylineMari's rating: 1083 &rarr; <strong>1065<\/strong><br \/>(-18 for losing)\n|raw|Bm_235's rating: 1153 &rarr; <strong>1173<\/strong><br \/>(+20 for winning)\n|l|\u2606SkylineMari\n","uploadtime":1698323566,"views":12,"p1id":"skylinemari","p2id":"bm235","formatid":"gen9anythinggoes","rating":1065,"private":0,"password":""}