{"id":"gen9anythinggoes-1999248268","p1":"Shobik Dadhich","p2":"LingLing007","format":"[Gen 9] Anything Goes","log":"|j|\u2606Shobik Dadhich\n|j|\u2606LingLing007\n|t:|1701050478\n|gametype|singles\n|player|p1|Shobik Dadhich|cynthia|1181\n|player|p2|LingLing007|proton|1233\n|teamsize|p1|6\n|teamsize|p2|6\n|gen|9\n|tier|[Gen 9] Anything Goes\n|rated|\n|rule|HP Percentage Mod: HP is shown in percentages\n|rule|Endless Battle Clause: Forcing endless battles is banned\n|clearpoke\n|poke|p1|Eternatus|\n|poke|p1|Calyrex-Shadow|\n|poke|p1|Zacian-*|\n|poke|p1|Arceus-Dark|\n|poke|p1|Maushold-Four|\n|poke|p1|Koraidon|\n|poke|p2|Espathra, F|\n|poke|p2|Flutter Mane|\n|poke|p2|Grimmsnarl, M|\n|poke|p2|Sneasler, F|\n|poke|p2|Garganacl, F|\n|poke|p2|Dondozo, F|\n|teampreview\n|inactive|Battle timer is ON: inactive players will automatically lose when time's up. (requested by Shobik Dadhich)\n|\n|t:|1701050485\n|start\n|switch|p1a: Kaido|Calyrex-Shadow|100\/100\n|switch|p2a: Grimmsnarl|Grimmsnarl, M|100\/100\n|-ability|p1a: Kaido|As One\n|-ability|p1a: Kaido|Unnerve\n|turn|1\n|c|\u2606Shobik Dadhich|Suiiiiiiiiiiiiiiiiiiiiiiiiiiiiiii\n|\n|t:|1701050507\n|switch|p1a: Rocks D Xebec|Zacian-Crowned|100\/100\n|-ability|p1a: Rocks D Xebec|Intrepid Sword|boost\n|-boost|p1a: Rocks D Xebec|atk|1\n|move|p2a: Grimmsnarl|Light Screen|p2a: Grimmsnarl\n|-sidestart|p2: LingLing007|move: Light Screen\n|\n|upkeep\n|turn|2\n|\n|t:|1701050512\n|move|p2a: Grimmsnarl|Parting Shot|p1a: Rocks D Xebec\n|-unboost|p1a: Rocks D Xebec|atk|1\n|-unboost|p1a: Rocks D Xebec|spa|1\n|\n|t:|1701050514\n|switch|p2a: Dondozo|Dondozo, F, shiny|100\/100|[from] Parting Shot\n|move|p1a: Rocks D Xebec|Moonblast|p2a: Dondozo\n|-crit|p2a: Dondozo\n|-damage|p2a: Dondozo|67\/100\n|\n|-heal|p2a: Dondozo|73\/100|[from] item: Leftovers\n|upkeep\n|turn|3\n|\n|t:|1701050520\n|move|p1a: Rocks D Xebec|Behemoth Blade|p2a: Dondozo\n|-resisted|p2a: Dondozo\n|-damage|p2a: Dondozo|60\/100\n|move|p2a: Dondozo|Curse|p2a: Dondozo\n|-unboost|p2a: Dondozo|spe|1\n|-boost|p2a: Dondozo|atk|1\n|-boost|p2a: Dondozo|def|1\n|\n|-heal|p2a: Dondozo|66\/100|[from] item: Leftovers\n|upkeep\n|turn|4\n|\n|t:|1701050525\n|move|p1a: Rocks D Xebec|Psychic Fangs|p2a: Dondozo\n|-sideend|p2: LingLing007|move: Light Screen\n|-crit|p2a: Dondozo\n|-damage|p2a: Dondozo|42\/100\n|move|p2a: Dondozo|Curse|p2a: Dondozo\n|-unboost|p2a: Dondozo|spe|1\n|-boost|p2a: Dondozo|atk|1\n|-boost|p2a: Dondozo|def|1\n|\n|-heal|p2a: Dondozo|49\/100|[from] item: Leftovers\n|upkeep\n|turn|5\n|\n|t:|1701050533\n|move|p1a: Rocks D Xebec|Behemoth Blade|p2a: Dondozo\n|-resisted|p2a: Dondozo\n|-damage|p2a: Dondozo|41\/100\n|move|p2a: Dondozo|Curse|p2a: Dondozo\n|-unboost|p2a: Dondozo|spe|1\n|-boost|p2a: Dondozo|atk|1\n|-boost|p2a: Dondozo|def|1\n|\n|-heal|p2a: Dondozo|48\/100|[from] item: Leftovers\n|upkeep\n|turn|6\n|\n|t:|1701050539\n|move|p1a: Rocks D Xebec|Brick Break|p2a: Dondozo\n|-damage|p2a: Dondozo|42\/100\n|move|p2a: Dondozo|Curse|p2a: Dondozo\n|-unboost|p2a: Dondozo|spe|1\n|-boost|p2a: Dondozo|atk|1\n|-boost|p2a: Dondozo|def|1\n|\n|-heal|p2a: Dondozo|48\/100|[from] item: Leftovers\n|upkeep\n|turn|7\n|\n|t:|1701050545\n|move|p1a: Rocks D Xebec|Moonblast|p2a: Dondozo\n|-damage|p2a: Dondozo|24\/100\n|move|p2a: Dondozo|Curse|p2a: Dondozo\n|-unboost|p2a: Dondozo|spe|1\n|-boost|p2a: Dondozo|atk|1\n|-boost|p2a: Dondozo|def|1\n|\n|-heal|p2a: Dondozo|30\/100|[from] item: Leftovers\n|upkeep\n|turn|8\n|\n|t:|1701050551\n|move|p1a: Rocks D Xebec|Moonblast|p2a: Dondozo\n|-damage|p2a: Dondozo|7\/100\n|move|p2a: Dondozo|Rest|p2a: Dondozo\n|-status|p2a: Dondozo|slp|[from] move: Rest\n|-heal|p2a: Dondozo|100\/100 slp|[silent]\n|\n|upkeep\n|turn|9\n|\n|t:|1701050556\n|move|p1a: Rocks D Xebec|Moonblast|p2a: Dondozo\n|-crit|p2a: Dondozo\n|-damage|p2a: Dondozo|68\/100 slp\n|-unboost|p2a: Dondozo|spa|1\n|cant|p2a: Dondozo|slp\n|move|p2a: Dondozo|Sleep Talk|p2a: Dondozo\n|move|p2a: Dondozo|Curse|p2a: Dondozo|[from]move: Sleep Talk\n|-unboost|p2a: Dondozo|spe|1\n|-boost|p2a: Dondozo|atk|1\n|-boost|p2a: Dondozo|def|1\n|\n|-heal|p2a: Dondozo|74\/100 slp|[from] item: Leftovers\n|upkeep\n|turn|10\n|\n|t:|1701050560\n|move|p1a: Rocks D Xebec|Moonblast|p2a: Dondozo\n|-damage|p2a: Dondozo|52\/100 slp\n|-unboost|p2a: Dondozo|spa|1\n|cant|p2a: Dondozo|slp\n|move|p2a: Dondozo|Sleep Talk|p2a: Dondozo\n|move|p2a: Dondozo|Liquidation|p1a: Rocks D Xebec|[from]move: Sleep Talk\n|-damage|p1a: Rocks D Xebec|8\/100\n|\n|-heal|p2a: Dondozo|58\/100 slp|[from] item: Leftovers\n|upkeep\n|turn|11\n|\n|t:|1701050571\n|move|p1a: Rocks D Xebec|Moonblast|p2a: Dondozo\n|-damage|p2a: Dondozo|35\/100 slp\n|-curestatus|p2a: Dondozo|slp|[msg]\n|move|p2a: Dondozo|Liquidation|p1a: Rocks D Xebec\n|-damage|p1a: Rocks D Xebec|0 fnt\n|faint|p1a: Rocks D Xebec\n|\n|-heal|p2a: Dondozo|41\/100|[from] item: Leftovers\n|upkeep\n|\n|t:|1701050581\n|switch|p1a: Kaido|Calyrex-Shadow|100\/100\n|-ability|p1a: Kaido|As One\n|-ability|p1a: Kaido|Unnerve\n|turn|12\n|\n|t:|1701050587\n|move|p1a: Kaido|Astral Barrage|p2a: Dondozo\n|-damage|p2a: Dondozo|2\/100\n|move|p2a: Dondozo|Rest|p2a: Dondozo\n|-status|p2a: Dondozo|slp|[from] move: Rest\n|-heal|p2a: Dondozo|100\/100 slp|[silent]\n|\n|upkeep\n|turn|13\n|\n|t:|1701050601\n|move|p1a: Kaido|Astral Barrage|p2a: Dondozo\n|-damage|p2a: Dondozo|63\/100 slp\n|cant|p2a: Dondozo|slp\n|move|p2a: Dondozo|Sleep Talk|p2a: Dondozo\n|move|p2a: Dondozo|Curse|p2a: Dondozo|[from]move: Sleep Talk\n|\n|-heal|p2a: Dondozo|70\/100 slp|[from] item: Leftovers\n|upkeep\n|turn|14\n|\n|t:|1701050613\n|move|p1a: Kaido|Astral Barrage|p2a: Dondozo\n|-damage|p2a: Dondozo|26\/100 slp\n|cant|p2a: Dondozo|slp\n|move|p2a: Dondozo|Sleep Talk|p2a: Dondozo\n|move|p2a: Dondozo|Liquidation|p1a: Kaido|[from]move: Sleep Talk\n|-damage|p1a: Kaido|0 fnt\n|faint|p1a: Kaido\n|\n|-heal|p2a: Dondozo|32\/100 slp|[from] item: Leftovers\n|upkeep\n|\n|t:|1701050624\n|switch|p1a: Zoro|Eternatus|100\/100\n|-ability|p1a: Zoro|Pressure\n|turn|15\n|\n|t:|1701050627\n|move|p1a: Zoro|Dynamax Cannon|p2a: Dondozo\n|-damage|p2a: Dondozo|2\/100 slp\n|-curestatus|p2a: Dondozo|slp|[msg]\n|move|p2a: Dondozo|Rest|p2a: Dondozo\n|-status|p2a: Dondozo|slp|[from] move: Rest\n|-heal|p2a: Dondozo|100\/100 slp|[silent]\n|\n|upkeep\n|turn|16\n|\n|t:|1701050637\n|move|p1a: Zoro|Reflect|p1a: Zoro\n|-sidestart|p1: Shobik Dadhich|Reflect\n|cant|p2a: Dondozo|slp\n|move|p2a: Dondozo|Sleep Talk|p2a: Dondozo\n|move|p2a: Dondozo|Curse|p2a: Dondozo|[from]move: Sleep Talk\n|\n|upkeep\n|turn|17\n|\n|t:|1701050641\n|move|p1a: Zoro|Light Screen|p1a: Zoro\n|-sidestart|p1: Shobik Dadhich|move: Light Screen\n|cant|p2a: Dondozo|slp\n|move|p2a: Dondozo|Sleep Talk|p2a: Dondozo\n|move|p2a: Dondozo|Rest||[from]move: Sleep Talk|[still]\n|-fail|p2a: Dondozo\n|\n|upkeep\n|turn|18\n|\n|t:|1701050648\n|move|p1a: Zoro|Dynamax Cannon|p2a: Dondozo\n|-damage|p2a: Dondozo|72\/100 slp\n|-curestatus|p2a: Dondozo|slp|[msg]\n|move|p2a: Dondozo|Liquidation|p1a: Zoro\n|-resisted|p1a: Zoro\n|-damage|p1a: Zoro|81\/100\n|-unboost|p1a: Zoro|def|1\n|\n|-heal|p2a: Dondozo|78\/100|[from] item: Leftovers\n|upkeep\n|turn|19\n|\n|t:|1701050653\n|move|p1a: Zoro|Dynamax Cannon|p2a: Dondozo\n|-damage|p2a: Dondozo|49\/100\n|move|p2a: Dondozo|Liquidation|p1a: Zoro\n|-resisted|p1a: Zoro\n|-damage|p1a: Zoro|59\/100\n|\n|-heal|p2a: Dondozo|55\/100|[from] item: Leftovers\n|upkeep\n|turn|20\n|\n|t:|1701050659\n|move|p1a: Zoro|Sludge Bomb|p2a: Dondozo\n|-damage|p2a: Dondozo|28\/100\n|move|p2a: Dondozo|Rest|p2a: Dondozo\n|-status|p2a: Dondozo|slp|[from] move: Rest\n|-heal|p2a: Dondozo|100\/100 slp|[silent]\n|\n|-sideend|p1: Shobik Dadhich|Reflect\n|upkeep\n|turn|21\n|\n|t:|1701050665\n|move|p1a: Zoro|Sludge Bomb|p2a: Dondozo\n|-damage|p2a: Dondozo|74\/100 slp\n|cant|p2a: Dondozo|slp\n|move|p2a: Dondozo|Sleep Talk|p2a: Dondozo\n|move|p2a: Dondozo|Liquidation|p1a: Zoro|[from]move: Sleep Talk\n|-resisted|p1a: Zoro\n|-damage|p1a: Zoro|16\/100\n|\n|-heal|p2a: Dondozo|80\/100 slp|[from] item: Leftovers\n|-sideend|p1: Shobik Dadhich|move: Light Screen\n|upkeep\n|turn|22\n|-activate|p1a: Zoro|item: Quick Claw\n|\n|t:|1701050670\n|move|p1a: Zoro|Dynamax Cannon|p2a: Dondozo\n|-damage|p2a: Dondozo|54\/100 slp\n|cant|p2a: Dondozo|slp\n|move|p2a: Dondozo|Sleep Talk|p2a: Dondozo\n|move|p2a: Dondozo|Liquidation|p1a: Zoro|[from]move: Sleep Talk\n|-resisted|p1a: Zoro\n|-crit|p1a: Zoro\n|-damage|p1a: Zoro|0 fnt\n|faint|p1a: Zoro\n|\n|-heal|p2a: Dondozo|60\/100 slp|[from] item: Leftovers\n|upkeep\n|\n|t:|1701050677\n|switch|p1a: Kuma|Maushold-Four|100\/100\n|turn|23\n|c|\u2606LingLing007|gg\n|\n|t:|1701050683\n|move|p1a: Kuma|Population Bomb|p2a: Dondozo\n|-damage|p2a: Dondozo|59\/100 slp\n|-damage|p2a: Dondozo|58\/100 slp\n|-damage|p2a: Dondozo|56\/100 slp\n|-damage|p2a: Dondozo|55\/100 slp\n|-damage|p2a: Dondozo|54\/100 slp\n|-damage|p2a: Dondozo|53\/100 slp\n|-damage|p2a: Dondozo|52\/100 slp\n|-damage|p2a: Dondozo|50\/100 slp\n|-crit|p2a: Dondozo\n|-damage|p2a: Dondozo|44\/100 slp\n|-damage|p2a: Dondozo|43\/100 slp\n|-hitcount|p2a: Dondozo|10\n|-curestatus|p2a: Dondozo|slp|[msg]\n|move|p2a: Dondozo|Liquidation|p1a: Kuma\n|-damage|p1a: Kuma|0 fnt\n|faint|p1a: Kuma\n|\n|-heal|p2a: Dondozo|49\/100|[from] item: Leftovers\n|upkeep\n|\n|t:|1701050703\n|switch|p1a: Blackbeard|Arceus-Dark|100\/100\n|turn|24\n|\n|t:|1701050706\n|move|p1a: Blackbeard|Judgment|p2a: Dondozo\n|-damage|p2a: Dondozo|17\/100\n|move|p2a: Dondozo|Rest|p2a: Dondozo\n|-status|p2a: Dondozo|slp|[from] move: Rest\n|-heal|p2a: Dondozo|100\/100 slp|[silent]\n|\n|upkeep\n|turn|25\n|c|\u2606Shobik Dadhich|Cheater\n|c|\u2606LingLing007|skill issue big boi\n|inactive|Shobik Dadhich has 120 seconds left.\n|c|\u2606LingLing007|:)\n|inactive|Shobik Dadhich has 90 seconds left.\n|l|\u2606Shobik Dadhich\n|inactive|Shobik Dadhich disconnected and has a minute to reconnect!\n|player|p1|\n|inactive|Shobik Dadhich has 30 seconds to reconnect!\n|inactive|Shobik Dadhich has 20 seconds to reconnect!\n|inactive|Shobik Dadhich has 15 seconds to reconnect!\n|inactive|Shobik Dadhich has 10 seconds to reconnect!\n|inactive|Shobik Dadhich has 5 seconds to reconnect!\n|-message|Shobik Dadhich lost due to inactivity.\n|\n|win|LingLing007\n|raw|Shobik Dadhich's rating: 1181 &rarr; <strong>1160<\/strong><br \/>(-21 for losing)\n|raw|LingLing007's rating: 1233 &rarr; <strong>1254<\/strong><br \/>(+21 for winning)\n","uploadtime":1701050830,"views":1,"p1id":"shobikdadhich","p2id":"lingling007","formatid":"gen9anythinggoes","rating":1160,"private":0,"password":""}