{"id":"gen9anythinggoes-1988686200","p1":"cesarislh","p2":"eldonas265","format":"[Gen 9] Anything Goes","log":"|j|\u2606cesarislh\n|j|\u2606eldonas265\n|t:|1699750553\n|gametype|singles\n|player|p1|cesarislh|riley|\n|player|p2|eldonas265|roxanne|\n|teamsize|p1|6\n|teamsize|p2|6\n|gen|9\n|tier|[Gen 9] Anything Goes\n|rule|HP Percentage Mod: HP is shown in percentages\n|rule|Endless Battle Clause: Forcing endless battles is banned\n|clearpoke\n|poke|p1|Talonflame, F|\n|poke|p1|Greninja-*, M|\n|poke|p1|Iron Valiant|\n|poke|p1|Ampharos, M|\n|poke|p1|Ninetales, M|\n|poke|p1|Iron Treads|\n|poke|p2|Brambleghast, F|\n|poke|p2|Arboliva, M|\n|poke|p2|Espathra, F|\n|poke|p2|Kingambit, F|\n|poke|p2|Dondozo, F|\n|poke|p2|Skeledirge, F|\n|teampreview\n|\n|t:|1699750580\n|start\n|switch|p1a: Talonflame|Talonflame, F, shiny|100\/100\n|switch|p2a: Dondozo|Dondozo, F, shiny|100\/100\n|turn|1\n|\n|t:|1699750591\n|switch|p1a: Ampharos|Ampharos, M, shiny|100\/100\n|move|p2a: Dondozo|Curse|p2a: Dondozo\n|-unboost|p2a: Dondozo|spe|1\n|-boost|p2a: Dondozo|atk|1\n|-boost|p2a: Dondozo|def|1\n|\n|upkeep\n|turn|2\n|\n|t:|1699750601\n|-terastallize|p2a: Dondozo|Ground\n|move|p1a: Ampharos|Electric Terrain|p1a: Ampharos\n|-fieldstart|move: Electric Terrain\n|move|p2a: Dondozo|Earthquake|p1a: Ampharos\n|-supereffective|p1a: Ampharos\n|-damage|p1a: Ampharos|0 fnt\n|faint|p1a: Ampharos\n|\n|upkeep\n|\n|t:|1699750610\n|switch|p1a: Ninetales|Ninetales, M, shiny|100\/100\n|-weather|SunnyDay|[from] ability: Drought|[of] p1a: Ninetales\n|turn|3\n|\n|t:|1699750624\n|switch|p2a: Arboliva|Arboliva, M|100\/100\n|move|p1a: Ninetales|Energy Ball|p2a: Arboliva\n|-resisted|p2a: Arboliva\n|-damage|p2a: Arboliva|91\/100\n|\n|-weather|SunnyDay|[upkeep]\n|upkeep\n|turn|4\n|\n|t:|1699750637\n|switch|p1a: Iron Valiant|Iron Valiant|100\/100\n|-activate|p1a: Iron Valiant|ability: Quark Drive\n|-start|p1a: Iron Valiant|quarkdrivespe\n|switch|p2a: Skeledirge|Skeledirge, F, shiny|100\/100\n|\n|-weather|SunnyDay|[upkeep]\n|upkeep\n|turn|5\n|\n|t:|1699750657\n|switch|p2a: Dondozo|Dondozo, F, shiny, tera:Ground|100\/100\n|move|p1a: Iron Valiant|Calm Mind|p1a: Iron Valiant\n|-boost|p1a: Iron Valiant|spa|1\n|-boost|p1a: Iron Valiant|spd|1\n|\n|-weather|SunnyDay|[upkeep]\n|upkeep\n|turn|6\n|\n|t:|1699750669\n|move|p1a: Iron Valiant|Aura Sphere|p2a: Dondozo\n|-damage|p2a: Dondozo|70\/100\n|-damage|p1a: Iron Valiant|91\/100|[from] item: Life Orb\n|move|p2a: Dondozo|Liquidation|p1a: Iron Valiant\n|-crit|p1a: Iron Valiant\n|-damage|p1a: Iron Valiant|62\/100\n|\n|-weather|SunnyDay|[upkeep]\n|-heal|p2a: Dondozo|76\/100|[from] item: Leftovers\n|-fieldend|move: Electric Terrain\n|-end|p1a: Iron Valiant|Quark Drive\n|upkeep\n|turn|7\n|\n|t:|1699750681\n|move|p1a: Iron Valiant|Moonblast|p2a: Dondozo\n|-damage|p2a: Dondozo|37\/100\n|-damage|p1a: Iron Valiant|53\/100|[from] item: Life Orb\n|move|p2a: Dondozo|Earthquake|p1a: Iron Valiant\n|-damage|p1a: Iron Valiant|10\/100\n|\n|-weather|none\n|-heal|p2a: Dondozo|43\/100|[from] item: Leftovers\n|upkeep\n|turn|8\n|\n|t:|1699750693\n|-end|p1a: Iron Valiant|Quark Drive|[silent]\n|switch|p1a: Talonflame|Talonflame, F, shiny|100\/100\n|move|p2a: Dondozo|Earthquake|p1a: Talonflame\n|-immune|p1a: Talonflame\n|\n|-heal|p2a: Dondozo|49\/100|[from] item: Leftovers\n|upkeep\n|turn|9\n|\n|t:|1699750704\n|switch|p2a: Skeledirge|Skeledirge, F, shiny|100\/100\n|move|p1a: Talonflame|Tailwind|p1a: Talonflame\n|-sidestart|p1: cesarislh|move: Tailwind\n|\n|upkeep\n|turn|10\n|\n|t:|1699750711\n|switch|p1a: Greninja|Greninja, M|100\/100\n|move|p2a: Skeledirge|Shadow Ball|p1a: Greninja\n|-resisted|p1a: Greninja\n|-damage|p1a: Greninja|75\/100\n|-unboost|p1a: Greninja|spd|1\n|\n|upkeep\n|turn|11\n|\n|t:|1699750742\n|switch|p2a: Arboliva|Arboliva, M|91\/100\n|move|p1a: Greninja|Ice Beam|p2a: Arboliva\n|-start|p1a: Greninja|typechange|Ice|[from] ability: Protean\n|-supereffective|p2a: Arboliva\n|-damage|p2a: Arboliva|29\/100\n|-enditem|p2a: Arboliva|Sitrus Berry|[eat]\n|-heal|p2a: Arboliva|54\/100|[from] item: Sitrus Berry\n|\n|-item|p2a: Arboliva|Sitrus Berry|[from] ability: Harvest\n|upkeep\n|turn|12\n|\n|t:|1699750756\n|switch|p2a: Dondozo|Dondozo, F, shiny, tera:Ground|49\/100\n|move|p1a: Greninja|Ice Beam|p2a: Dondozo\n|-supereffective|p2a: Dondozo\n|-damage|p2a: Dondozo|0 fnt\n|faint|p2a: Dondozo\n|\n|-sideend|p1: cesarislh|move: Tailwind\n|upkeep\n|\n|t:|1699750767\n|switch|p2a: Skeledirge|Skeledirge, F, shiny|100\/100\n|turn|13\n|\n|t:|1699750775\n|switch|p1a: Ninetales|Ninetales, M, shiny|100\/100\n|-weather|SunnyDay|[from] ability: Drought|[of] p1a: Ninetales\n|move|p2a: Skeledirge|Torch Song|p1a: Ninetales\n|-resisted|p1a: Ninetales\n|-damage|p1a: Ninetales|78\/100\n|-boost|p2a: Skeledirge|spa|1\n|\n|-weather|SunnyDay|[upkeep]\n|-heal|p1a: Ninetales|83\/100|[from] item: Leftovers\n|upkeep\n|turn|14\n|\n|t:|1699750786\n|move|p1a: Ninetales|Dark Pulse|p2a: Skeledirge\n|-supereffective|p2a: Skeledirge\n|-damage|p2a: Skeledirge|66\/100\n|move|p2a: Skeledirge|Earth Power|p1a: Ninetales\n|-supereffective|p1a: Ninetales\n|-damage|p1a: Ninetales|8\/100\n|-unboost|p1a: Ninetales|spd|1\n|\n|-weather|SunnyDay|[upkeep]\n|-heal|p1a: Ninetales|14\/100|[from] item: Leftovers\n|-heal|p2a: Skeledirge|72\/100|[from] item: Leftovers\n|upkeep\n|turn|15\n|\n|t:|1699750799\n|switch|p1a: Talonflame|Talonflame, F, shiny|100\/100\n|move|p2a: Skeledirge|Earth Power|p1a: Talonflame\n|-immune|p1a: Talonflame\n|\n|-weather|SunnyDay|[upkeep]\n|-heal|p2a: Skeledirge|78\/100|[from] item: Leftovers\n|upkeep\n|turn|16\n|\n|t:|1699750815\n|move|p1a: Talonflame|Flare Blitz|p2a: Skeledirge\n|-resisted|p2a: Skeledirge\n|-damage|p2a: Skeledirge|45\/100\n|-damage|p1a: Talonflame|85\/100|[from] Recoil\n|-damage|p1a: Talonflame|76\/100|[from] item: Life Orb\n|move|p2a: Skeledirge|Shadow Ball|p1a: Talonflame\n|-damage|p1a: Talonflame|13\/100\n|\n|-weather|SunnyDay|[upkeep]\n|-heal|p2a: Skeledirge|51\/100|[from] item: Leftovers\n|upkeep\n|turn|17\n|\n|t:|1699750828\n|switch|p1a: Iron Treads|Iron Treads, shiny|100\/100\n|move|p2a: Skeledirge|Slack Off|p2a: Skeledirge\n|-heal|p2a: Skeledirge|100\/100\n|\n|-weather|none\n|upkeep\n|turn|18\n|\n|t:|1699750881\n|move|p1a: Iron Treads|Earthquake|p2a: Skeledirge\n|-supereffective|p2a: Skeledirge\n|-damage|p2a: Skeledirge|29\/100\n|move|p2a: Skeledirge|Earth Power|p1a: Iron Treads\n|-supereffective|p1a: Iron Treads\n|-damage|p1a: Iron Treads|39\/100\n|-unboost|p1a: Iron Treads|spd|1\n|\n|-heal|p2a: Skeledirge|35\/100|[from] item: Leftovers\n|upkeep\n|turn|19\n|\n|t:|1699750896\n|switch|p2a: Arboliva|Arboliva, M|54\/100\n|move|p1a: Iron Treads|Megahorn|p2a: Arboliva\n|-supereffective|p2a: Arboliva\n|-damage|p2a: Arboliva|0 fnt\n|faint|p2a: Arboliva\n|\n|upkeep\n|j| MiauPelotita\n|\n|t:|1699750906\n|switch|p2a: Espathra|Espathra, F, shiny|100\/100\n|turn|20\n|\n|t:|1699750915\n|-end|p1a: Iron Treads|Quark Drive|[silent]\n|switch|p1a: Greninja|Greninja, M|75\/100\n|move|p2a: Espathra|Calm Mind|p2a: Espathra\n|-boost|p2a: Espathra|spa|1\n|-boost|p2a: Espathra|spd|1\n|\n|-ability|p2a: Espathra|Speed Boost|boost\n|-boost|p2a: Espathra|spe|1\n|upkeep\n|turn|21\n|l| MiauPelotita\n|\n|t:|1699750927\n|move|p1a: Greninja|Dark Pulse|p2a: Espathra\n|-start|p1a: Greninja|typechange|Dark|[from] ability: Protean\n|-supereffective|p2a: Espathra\n|-damage|p2a: Espathra|54\/100\n|move|p2a: Espathra|Calm Mind|p2a: Espathra\n|-boost|p2a: Espathra|spa|1\n|-boost|p2a: Espathra|spd|1\n|\n|-heal|p2a: Espathra|60\/100|[from] item: Leftovers\n|-ability|p2a: Espathra|Speed Boost|boost\n|-boost|p2a: Espathra|spe|1\n|upkeep\n|turn|22\n|\n|t:|1699750939\n|move|p1a: Greninja|Dark Pulse|p2a: Espathra\n|-supereffective|p2a: Espathra\n|-damage|p2a: Espathra|25\/100\n|move|p2a: Espathra|Roost|p2a: Espathra\n|-heal|p2a: Espathra|75\/100\n|-singleturn|p2a: Espathra|move: Roost\n|\n|-heal|p2a: Espathra|81\/100|[from] item: Leftovers\n|-ability|p2a: Espathra|Speed Boost|boost\n|-boost|p2a: Espathra|spe|1\n|upkeep\n|turn|23\n|\n|t:|1699750949\n|move|p2a: Espathra|Dazzling Gleam|p1a: Greninja\n|-supereffective|p1a: Greninja\n|-damage|p1a: Greninja|0 fnt\n|faint|p1a: Greninja\n|\n|-heal|p2a: Espathra|88\/100|[from] item: Leftovers\n|-ability|p2a: Espathra|Speed Boost|boost\n|-boost|p2a: Espathra|spe|1\n|upkeep\n|\n|t:|1699750958\n|switch|p1a: Talonflame|Talonflame, F, shiny|13\/100\n|turn|24\n|\n|t:|1699750963\n|-terastallize|p1a: Talonflame|Fairy\n|move|p2a: Espathra|Stored Power|p1a: Talonflame\n|-damage|p1a: Talonflame|0 fnt\n|faint|p1a: Talonflame\n|\n|-heal|p2a: Espathra|94\/100|[from] item: Leftovers\n|-ability|p2a: Espathra|Speed Boost|boost\n|-boost|p2a: Espathra|spe|1\n|upkeep\n|\n|t:|1699750975\n|switch|p1a: Iron Treads|Iron Treads, shiny|39\/100\n|turn|25\n|\n|t:|1699750979\n|move|p2a: Espathra|Stored Power|p1a: Iron Treads\n|-resisted|p1a: Iron Treads\n|-damage|p1a: Iron Treads|0 fnt\n|faint|p1a: Iron Treads\n|-end|p1a: Iron Treads|Quark Drive|[silent]\n|\n|-heal|p2a: Espathra|99\/100|[from] item: Leftovers\n|-ability|p2a: Espathra|Speed Boost|boost\n|-boost|p2a: Espathra|spe|1\n|upkeep\n|\n|t:|1699750989\n|switch|p1a: Ninetales|Ninetales, M, shiny|14\/100\n|-weather|SunnyDay|[from] ability: Drought|[of] p1a: Ninetales\n|turn|26\n|\n|t:|1699750994\n|move|p2a: Espathra|Stored Power|p1a: Ninetales\n|-damage|p1a: Ninetales|0 fnt\n|faint|p1a: Ninetales\n|\n|-weather|SunnyDay|[upkeep]\n|-heal|p2a: Espathra|100\/100|[from] item: Leftovers\n|upkeep\n|\n|t:|1699751001\n|switch|p1a: Iron Valiant|Iron Valiant|10\/100\n|turn|27\n|\n|t:|1699751006\n|move|p2a: Espathra|Calm Mind|p2a: Espathra\n|-boost|p2a: Espathra|spa|1\n|-boost|p2a: Espathra|spd|1\n|move|p1a: Iron Valiant|Poison Jab|p2a: Espathra\n|-damage|p2a: Espathra|71\/100\n|-damage|p1a: Iron Valiant|0 fnt|[from] item: Life Orb\n|faint|p1a: Iron Valiant\n|-end|p1a: Iron Valiant|Quark Drive|[silent]\n|\n|win|eldonas265\n","uploadtime":1699751015,"views":6,"p1id":"cesarislh","p2id":"eldonas265","formatid":"gen9anythinggoes","rating":0,"private":0,"password":""}