{"id":"gen9anythinggoes-1977980316","p1":"Jordyn24","p2":"BananaBusCrew5","format":"[Gen 9] Anything Goes","log":"|j|\u2606Jordyn24\n|j|\u2606BananaBusCrew5\n|t:|1698477651\n|gametype|singles\n|player|p1|Jordyn24|clair|1247\n|player|p2|BananaBusCrew5|101|1139\n|teamsize|p1|6\n|teamsize|p2|6\n|gen|9\n|tier|[Gen 9] Anything Goes\n|rated|\n|rule|HP Percentage Mod: HP is shown in percentages\n|rule|Endless Battle Clause: Forcing endless battles is banned\n|clearpoke\n|poke|p1|Sandy Shocks|\n|poke|p1|Breloom, F|\n|poke|p1|Heatran, M|\n|poke|p1|Dragapult, F|\n|poke|p1|Iron Hands|\n|poke|p1|Quaquaval, M|\n|poke|p2|Decidueye-Hisui, M|\n|poke|p2|Braviary, M|\n|poke|p2|Greninja-*, M|\n|poke|p2|Iron Treads|\n|poke|p2|Klawf, M|\n|poke|p2|Skeledirge, M|\n|teampreview\n|c|\u2606Jordyn24|just got freind zoned im pissed\n|inactive|Battle timer is ON: inactive players will automatically lose when time's up. (requested by Jordyn24)\n|\n|t:|1698477677\n|start\n|switch|p1a: Breloom|Breloom, F|100\/100\n|switch|p2a: BasicallyIDoWrk|Greninja, M, shiny|100\/100\n|turn|1\n|\n|t:|1698477684\n|switch|p2a: VanossGaming|Decidueye-Hisui, M, shiny|100\/100\n|move|p1a: Breloom|Spore|p2a: VanossGaming\n|-immune|p2a: VanossGaming\n|\n|upkeep\n|turn|2\n|\n|t:|1698477696\n|switch|p1a: Heatran|Heatran, M, shiny|100\/100\n|move|p2a: VanossGaming|Triple Arrows|p1a: Heatran\n|-supereffective|p1a: Heatran\n|-crit|p1a: Heatran\n|-damage|p1a: Heatran|0 fnt\n|faint|p1a: Heatran\n|\n|upkeep\n|\n|t:|1698477701\n|switch|p1a: Quaquaval|Quaquaval, M, shiny|100\/100\n|turn|3\n|\n|t:|1698477711\n|switch|p2a: Nogla|Klawf, M|100\/100\n|move|p1a: Quaquaval|Air Slash|p2a: Nogla\n|-resisted|p2a: Nogla\n|-damage|p2a: Nogla|86\/100\n|\n|upkeep\n|turn|4\n|inactive|Jordyn24 has 120 seconds left.\n|\n|t:|1698477752\n|move|p2a: Nogla|Stone Edge|p1a: Quaquaval\n|-resisted|p1a: Quaquaval\n|-crit|p1a: Quaquaval\n|-damage|p1a: Quaquaval|67\/100\n|move|p1a: Quaquaval|Aqua Step|p2a: Nogla\n|-supereffective|p2a: Nogla\n|-damage|p2a: Nogla|22\/100\n|-boost|p1a: Quaquaval|spe|1\n|-ability|p2a: Nogla|Anger Shell|boost\n|-boost|p2a: Nogla|atk|1\n|-boost|p2a: Nogla|spa|1\n|-boost|p2a: Nogla|spe|1\n|-unboost|p2a: Nogla|def|1\n|-unboost|p2a: Nogla|spd|1\n|\n|upkeep\n|turn|5\n|\n|t:|1698477760\n|move|p2a: Nogla|Stone Edge|p1a: Quaquaval\n|-resisted|p1a: Quaquaval\n|-damage|p1a: Quaquaval|34\/100\n|move|p1a: Quaquaval|Aqua Step|p2a: Nogla\n|-supereffective|p2a: Nogla\n|-damage|p2a: Nogla|0 fnt\n|-boost|p1a: Quaquaval|spe|1\n|faint|p2a: Nogla\n|-ability|p1a: Quaquaval|Moxie|boost\n|-boost|p1a: Quaquaval|atk|1\n|\n|upkeep\n|\n|t:|1698477774\n|switch|p2a: SilentDroidd|Skeledirge, M, shiny|100\/100\n|turn|6\n|inactive|Jordyn24 has 120 seconds left.\n|\n|t:|1698477794\n|move|p1a: Quaquaval|Aqua Step|p2a: SilentDroidd\n|-supereffective|p2a: SilentDroidd\n|-damage|p2a: SilentDroidd|58\/100\n|-boost|p1a: Quaquaval|spe|1\n|move|p2a: SilentDroidd|Will-O-Wisp|p1a: Quaquaval\n|-status|p1a: Quaquaval|brn\n|\n|-heal|p2a: SilentDroidd|64\/100|[from] item: Leftovers\n|-damage|p1a: Quaquaval|28\/100 brn|[from] brn\n|upkeep\n|turn|7\n|\n|t:|1698477802\n|move|p1a: Quaquaval|Aqua Step|p2a: SilentDroidd\n|-supereffective|p2a: SilentDroidd\n|-damage|p2a: SilentDroidd|45\/100\n|-boost|p1a: Quaquaval|spe|1\n|move|p2a: SilentDroidd|Slack Off|p2a: SilentDroidd\n|-heal|p2a: SilentDroidd|95\/100\n|\n|-heal|p2a: SilentDroidd|100\/100|[from] item: Leftovers\n|-damage|p1a: Quaquaval|22\/100 brn|[from] brn\n|upkeep\n|turn|8\n|\n|t:|1698477807\n|move|p1a: Quaquaval|Roost|p1a: Quaquaval\n|-heal|p1a: Quaquaval|72\/100 brn\n|-singleturn|p1a: Quaquaval|move: Roost\n|move|p2a: SilentDroidd|Earth Power|p1a: Quaquaval\n|-damage|p1a: Quaquaval|43\/100 brn\n|\n|-damage|p1a: Quaquaval|37\/100 brn|[from] brn\n|upkeep\n|turn|9\n|\n|t:|1698477812\n|move|p1a: Quaquaval|Roost|p1a: Quaquaval\n|-heal|p1a: Quaquaval|87\/100 brn\n|-singleturn|p1a: Quaquaval|move: Roost\n|move|p2a: SilentDroidd|Torch Song|p1a: Quaquaval\n|-resisted|p1a: Quaquaval\n|-damage|p1a: Quaquaval|67\/100 brn\n|-boost|p2a: SilentDroidd|spa|1\n|\n|-damage|p1a: Quaquaval|60\/100 brn|[from] brn\n|upkeep\n|turn|10\n|\n|t:|1698477818\n|move|p1a: Quaquaval|Aqua Step|p2a: SilentDroidd\n|-supereffective|p2a: SilentDroidd\n|-damage|p2a: SilentDroidd|78\/100\n|-boost|p1a: Quaquaval|spe|1\n|move|p2a: SilentDroidd|Torch Song|p1a: Quaquaval\n|-resisted|p1a: Quaquaval\n|-damage|p1a: Quaquaval|30\/100 brn\n|-boost|p2a: SilentDroidd|spa|1\n|\n|-heal|p2a: SilentDroidd|84\/100|[from] item: Leftovers\n|-damage|p1a: Quaquaval|24\/100 brn|[from] brn\n|upkeep\n|turn|11\n|\n|t:|1698477829\n|move|p1a: Quaquaval|Air Slash|p2a: SilentDroidd\n|-damage|p2a: SilentDroidd|71\/100\n|cant|p2a: SilentDroidd|flinch\n|\n|-heal|p2a: SilentDroidd|77\/100|[from] item: Leftovers\n|-damage|p1a: Quaquaval|18\/100 brn|[from] brn\n|upkeep\n|turn|12\n|\n|t:|1698477837\n|move|p1a: Quaquaval|Air Slash|p2a: SilentDroidd\n|-damage|p2a: SilentDroidd|61\/100\n|move|p2a: SilentDroidd|Slack Off|p2a: SilentDroidd\n|-heal|p2a: SilentDroidd|100\/100\n|\n|-damage|p1a: Quaquaval|12\/100 brn|[from] brn\n|upkeep\n|turn|13\n|\n|t:|1698477841\n|move|p1a: Quaquaval|Roost|p1a: Quaquaval\n|-heal|p1a: Quaquaval|62\/100 brn\n|-singleturn|p1a: Quaquaval|move: Roost\n|move|p2a: SilentDroidd|Earth Power|p1a: Quaquaval\n|-damage|p1a: Quaquaval|8\/100 brn\n|\n|-damage|p1a: Quaquaval|2\/100 brn|[from] brn\n|upkeep\n|turn|14\n|\n|t:|1698477851\n|move|p1a: Quaquaval|Aqua Step|p2a: SilentDroidd\n|-supereffective|p2a: SilentDroidd\n|-damage|p2a: SilentDroidd|81\/100\n|-boost|p1a: Quaquaval|spe|1\n|move|p2a: SilentDroidd|Earth Power|p1a: Quaquaval\n|-damage|p1a: Quaquaval|0 fnt\n|faint|p1a: Quaquaval\n|\n|-heal|p2a: SilentDroidd|87\/100|[from] item: Leftovers\n|upkeep\n|\n|t:|1698477859\n|switch|p1a: Breloom|Breloom, F|100\/100\n|turn|15\n|\n|t:|1698477863\n|switch|p2a: VanossGaming|Decidueye-Hisui, M, shiny|100\/100\n|-terastallize|p1a: Breloom|Water\n|move|p1a: Breloom|Spore|p2a: VanossGaming\n|-immune|p2a: VanossGaming\n|\n|upkeep\n|turn|16\n|\n|t:|1698477868\n|switch|p1a: Iron Hands|Iron Hands|100\/100\n|move|p2a: VanossGaming|Triple Arrows|p1a: Iron Hands\n|-crit|p1a: Iron Hands\n|-damage|p1a: Iron Hands|56\/100\n|-unboost|p1a: Iron Hands|def|1\n|\n|upkeep\n|turn|17\n|inactive|Jordyn24 has 120 seconds left.\n|\n|t:|1698477914\n|switch|p2a: SilentDroidd|Skeledirge, M, shiny|87\/100\n|move|p1a: Iron Hands|Thunder Punch|p2a: SilentDroidd\n|-damage|p2a: SilentDroidd|56\/100\n|\n|-heal|p2a: SilentDroidd|62\/100|[from] item: Leftovers\n|upkeep\n|turn|18\n|\n|t:|1698477918\n|move|p2a: SilentDroidd|Will-O-Wisp|p1a: Iron Hands\n|-status|p1a: Iron Hands|brn\n|move|p1a: Iron Hands|Thunder Punch|p2a: SilentDroidd\n|-damage|p2a: SilentDroidd|48\/100\n|\n|-heal|p2a: SilentDroidd|54\/100|[from] item: Leftovers\n|-damage|p1a: Iron Hands|50\/100 brn|[from] brn\n|upkeep\n|turn|19\n|inactive|Jordyn24 has 120 seconds left.\n|-message|Jordyn24 forfeited.\n|\n|win|BananaBusCrew5\n|raw|Jordyn24's rating: 1247 &rarr; <strong>1214<\/strong><br \/>(-33 for losing)\n|raw|BananaBusCrew5's rating: 1139 &rarr; <strong>1172<\/strong><br \/>(+33 for winning)\n|l|\u2606Jordyn24\n","uploadtime":1698477931,"views":10,"p1id":"jordyn24","p2id":"bananabuscrew5","formatid":"gen9anythinggoes","rating":1172,"private":0,"password":""}