{"id":"gen9anythinggoes-1987778737","p1":"JacobTheGreat_28Xx","p2":"PunchyWolf063","format":"[Gen 9] Anything Goes","log":"|j|\u2606JacobTheGreat_28Xx\n|j|\u2606PunchyWolf063\n|t:|1699636076\n|gametype|singles\n|player|p1|JacobTheGreat_28Xx|1|1133\n|player|p2|PunchyWolf063|101|1023\n|teamsize|p1|6\n|teamsize|p2|6\n|gen|9\n|tier|[Gen 9] Anything Goes\n|rated|\n|rule|HP Percentage Mod: HP is shown in percentages\n|rule|Endless Battle Clause: Forcing endless battles is banned\n|clearpoke\n|poke|p1|Glimmora, M|\n|poke|p1|Toxapex, F|\n|poke|p1|Volcarona, M|\n|poke|p1|Ceruledge, F|\n|poke|p1|Baxcalibur, F|\n|poke|p1|Clefable, F|\n|poke|p2|Drifblim, M|\n|poke|p2|Drifblim, M|\n|poke|p2|Regieleki|\n|poke|p2|Regieleki|\n|poke|p2|Regieleki|\n|poke|p2|Rayquaza|\n|teampreview\n|\n|t:|1699636080\n|start\n|switch|p1a: Glimmora|Glimmora, M|100\/100\n|switch|p2a: Drifblim|Drifblim, M, shiny|100\/100\n|turn|1\n|\n|t:|1699636088\n|move|p2a: Drifblim|Minimize|p2a: Drifblim\n|-boost|p2a: Drifblim|evasion|2\n|move|p1a: Glimmora|Stealth Rock|p2a: Drifblim\n|-sidestart|p2: PunchyWolf063|move: Stealth Rock\n|\n|upkeep\n|turn|2\n|\n|t:|1699636096\n|move|p2a: Drifblim|Minimize|p2a: Drifblim\n|-boost|p2a: Drifblim|evasion|2\n|move|p1a: Glimmora|Stealth Rock||[still]\n|-fail|p1a: Glimmora\n|\n|upkeep\n|turn|3\n|\n|t:|1699636101\n|move|p2a: Drifblim|Minimize|p2a: Drifblim\n|-boost|p2a: Drifblim|evasion|2\n|move|p1a: Glimmora|Spikes|p2a: Drifblim\n|-sidestart|p2: PunchyWolf063|Spikes\n|\n|upkeep\n|turn|4\n|\n|t:|1699636109\n|move|p2a: Drifblim|Focus Energy|p2a: Drifblim\n|-start|p2a: Drifblim|move: Focus Energy\n|move|p1a: Glimmora|Spikes|p2a: Drifblim\n|-sidestart|p2: PunchyWolf063|Spikes\n|\n|upkeep\n|turn|5\n|\n|t:|1699636125\n|move|p2a: Drifblim|Baton Pass|p2a: Drifblim\n|\n|t:|1699636127\n|switch|p2a: Drifblim|Drifblim, M, shiny|100\/100|[from] Baton Pass\n|-damage|p2a: Drifblim|76\/100|[from] Stealth Rock\n|move|p1a: Glimmora|Spikes|p2a: Drifblim\n|-sidestart|p2: PunchyWolf063|Spikes\n|\n|upkeep\n|turn|6\n|\n|t:|1699636137\n|move|p2a: Drifblim|Calm Mind|p2a: Drifblim\n|-boost|p2a: Drifblim|spa|1\n|-boost|p2a: Drifblim|spd|1\n|move|p1a: Glimmora|Power Gem|p2a: Drifblim|[miss]\n|-miss|p1a: Glimmora|p2a: Drifblim\n|\n|upkeep\n|turn|7\n|\n|t:|1699636148\n|move|p2a: Drifblim|Baton Pass|p2a: Drifblim\n|\n|t:|1699636150\n|switch|p2a: Regieleki|Regieleki|100\/100|[from] Baton Pass\n|-damage|p2a: Regieleki|88\/100|[from] Stealth Rock\n|-damage|p2a: Regieleki|63\/100|[from] Spikes\n|move|p1a: Glimmora|Power Gem|p2a: Regieleki\n|-damage|p2a: Regieleki|15\/100\n|\n|upkeep\n|turn|8\n|\n|t:|1699636159\n|move|p2a: Regieleki|Thunder Cage|p1a: Glimmora\n|-crit|p1a: Glimmora\n|-damage|p1a: Glimmora|3\/100\n|-activate|p1a: Glimmora|move: Thunder Cage|[of] p2a: Regieleki\n|move|p1a: Glimmora|Sludge Wave|p2a: Regieleki|[miss]\n|-miss|p1a: Glimmora|p2a: Regieleki\n|\n|-damage|p1a: Glimmora|0 fnt|[from] move: Thunder Cage|[partiallytrapped]\n|faint|p1a: Glimmora\n|upkeep\n|\n|t:|1699636173\n|switch|p1a: Toxapex|Toxapex, F|100\/100\n|turn|9\n|\n|t:|1699636178\n|move|p1a: Toxapex|Baneful Bunker|p1a: Toxapex\n|-singleturn|p1a: Toxapex|move: Protect\n|move|p2a: Regieleki|Thunder Cage|p1a: Toxapex\n|-activate|p1a: Toxapex|move: Protect\n|\n|upkeep\n|turn|10\n|\n|t:|1699636184\n|move|p2a: Regieleki|Thunder Cage|p1a: Toxapex\n|-supereffective|p1a: Toxapex\n|-damage|p1a: Toxapex|0 fnt\n|faint|p1a: Toxapex\n|\n|upkeep\n|\n|t:|1699636190\n|switch|p1a: Volcarona|Volcarona, M|100\/100\n|turn|11\n|\n|t:|1699636194\n|move|p2a: Regieleki|Thunder Cage|p1a: Volcarona\n|-crit|p1a: Volcarona\n|-damage|p1a: Volcarona|20\/100\n|-activate|p1a: Volcarona|move: Thunder Cage|[of] p2a: Regieleki\n|move|p1a: Volcarona|Bug Buzz|p2a: Regieleki|[miss]\n|-miss|p1a: Volcarona|p2a: Regieleki\n|\n|-heal|p1a: Volcarona|26\/100|[from] item: Leftovers\n|-damage|p1a: Volcarona|14\/100|[from] move: Thunder Cage|[partiallytrapped]\n|upkeep\n|turn|12\n|\n|t:|1699636207\n|move|p2a: Regieleki|Thunder Cage|p1a: Volcarona\n|-crit|p1a: Volcarona\n|-damage|p1a: Volcarona|0 fnt\n|faint|p1a: Volcarona\n|\n|upkeep\n|-message|JacobTheGreat_28Xx forfeited.\n|\n|win|PunchyWolf063\n|raw|JacobTheGreat_28Xx's rating: 1133 &rarr; <strong>1100<\/strong><br \/>(-33 for losing)\n|raw|PunchyWolf063's rating: 1023 &rarr; <strong>1071<\/strong><br \/>(+48 for winning)\n|l|\u2606JacobTheGreat_28Xx\n","uploadtime":1699636224,"views":22,"p1id":"jacobthegreat28xx","p2id":"punchywolf063","formatid":"gen9anythinggoes","rating":1071,"private":0,"password":""}