{"id":"gen9anythinggoes-1978301851","p1":"champ duck","p2":"Tinen","format":"[Gen 9] Anything Goes","log":"|j|\u2606champ duck\n|j|\u2606Tinen\n|t:|1698522711\n|gametype|singles\n|player|p1|champ duck|102|1076\n|player|p2|Tinen|dancer|1045\n|teamsize|p1|6\n|teamsize|p2|6\n|gen|9\n|tier|[Gen 9] Anything Goes\n|rated|\n|rule|HP Percentage Mod: HP is shown in percentages\n|rule|Endless Battle Clause: Forcing endless battles is banned\n|clearpoke\n|poke|p1|Spectrier|\n|poke|p1|Flutter Mane|\n|poke|p1|Basculegion, M|\n|poke|p1|Zoroark-Hisui, F|\n|poke|p1|Sableye, F|\n|poke|p1|Dragapult, M|\n|poke|p2|Slowbro-Galar, F|\n|poke|p2|Slowbro-Galar, F|\n|poke|p2|Slowbro-Galar, M|\n|poke|p2|Slowbro-Galar, M|\n|poke|p2|Slowbro-Galar, M|\n|poke|p2|Slowbro-Galar, M|\n|teampreview\n|inactive|Battle timer is ON: inactive players will automatically lose when time's up. (requested by champ duck)\n|\n|t:|1698522739\n|start\n|switch|p1a: Sableye|Sableye, F|100\/100\n|switch|p2a: Slowbro|Slowbro-Galar, M|100\/100\n|turn|1\n|\n|t:|1698522752\n|move|p1a: Sableye|Thunder Wave|p2a: Slowbro\n|-status|p2a: Slowbro|par\n|cant|p2a: Slowbro|par\n|\n|upkeep\n|turn|2\n|\n|t:|1698522757\n|move|p1a: Sableye|Taunt|p2a: Slowbro\n|-start|p2a: Slowbro|move: Taunt\n|cant|p2a: Slowbro|move: Taunt|Yawn\n|\n|upkeep\n|turn|3\n|\n|t:|1698522769\n|switch|p2a: Slowbro|Slowbro-Galar, F|100\/100\n|move|p1a: Sableye|Light Screen|p1a: Sableye\n|-sidestart|p1: champ duck|move: Light Screen\n|\n|upkeep\n|turn|4\n|\n|t:|1698522775\n|move|p1a: Sableye|Thunder Wave|p2a: Slowbro\n|-status|p2a: Slowbro|par\n|move|p2a: Slowbro|Yawn|p1a: Sableye\n|-start|p1a: Sableye|move: Yawn|[of] p2a: Slowbro\n|\n|upkeep\n|turn|5\n|\n|t:|1698522781\n|move|p1a: Sableye|Taunt|p2a: Slowbro\n|-start|p2a: Slowbro|move: Taunt\n|cant|p2a: Slowbro|move: Taunt|Calm Mind\n|\n|-end|p1a: Sableye|move: Yawn|[silent]\n|-status|p1a: Sableye|slp\n|upkeep\n|turn|6\n|\n|t:|1698522791\n|switch|p2a: Slowbro|Slowbro-Galar, M|100\/100\n|cant|p1a: Sableye|slp\n|\n|upkeep\n|turn|7\n|\n|t:|1698522796\n|-curestatus|p1a: Sableye|slp|[msg]\n|move|p1a: Sableye|Thunder Wave|p2a: Slowbro\n|-status|p2a: Slowbro|par\n|move|p2a: Slowbro|Calm Mind|p2a: Slowbro\n|-boost|p2a: Slowbro|spa|1\n|-boost|p2a: Slowbro|spd|1\n|\n|upkeep\n|turn|8\n|\n|t:|1698522804\n|move|p1a: Sableye|Taunt|p2a: Slowbro\n|-start|p2a: Slowbro|move: Taunt\n|cant|p2a: Slowbro|move: Taunt|Calm Mind\n|\n|upkeep\n|turn|9\n|\n|t:|1698522820\n|switch|p1a: Dragapult|Dragapult, M|100\/100\n|move|p2a: Slowbro|Flamethrower|p1a: Dragapult\n|-resisted|p1a: Dragapult\n|-damage|p1a: Dragapult|89\/100\n|\n|upkeep\n|turn|10\n|inactive|champ duck has 120 seconds left.\n|inactive|champ duck has 90 seconds left.\n|inactive|champ duck has 60 seconds left.\n|inactive|champ duck has 30 seconds left.\n|inactive|champ duck has 20 seconds left.\n|inactive|champ duck has 15 seconds left.\n|inactive|champ duck has 10 seconds left.\n|inactive|champ duck has 5 seconds left.\n|\n|t:|1698522961\n|move|p1a: Dragapult|Sucker Punch|p2a: Slowbro\n|-supereffective|p2a: Slowbro\n|-damage|p2a: Slowbro|28\/100 par\n|move|p2a: Slowbro|Flamethrower|p1a: Dragapult\n|-resisted|p1a: Dragapult\n|-damage|p1a: Dragapult|79\/100\n|\n|-heal|p2a: Slowbro|34\/100 par|[from] item: Leftovers\n|-end|p2a: Slowbro|move: Taunt\n|-sideend|p1: champ duck|move: Light Screen\n|upkeep\n|turn|11\n|inactive|champ duck has 15 seconds left this turn.\n|inactive|champ duck has 10 seconds left.\n|\n|t:|1698522983\n|move|p1a: Dragapult|Sucker Punch||[still]\n|-fail|p1a: Dragapult\n|move|p2a: Slowbro|Iron Defense|p2a: Slowbro\n|-boost|p2a: Slowbro|def|2\n|\n|-heal|p2a: Slowbro|40\/100 par|[from] item: Leftovers\n|upkeep\n|turn|12\n|inactive|champ duck has 20 seconds left this turn.\n|\n|t:|1698522987\n|move|p1a: Dragapult|Sucker Punch||[still]\n|-fail|p1a: Dragapult\n|move|p2a: Slowbro|Slack Off|p2a: Slowbro\n|-heal|p2a: Slowbro|90\/100 par\n|\n|-heal|p2a: Slowbro|96\/100 par|[from] item: Leftovers\n|upkeep\n|turn|13\n|inactive|champ duck has 30 seconds left this turn.\n|\n|t:|1698522993\n|move|p1a: Dragapult|Sucker Punch||[still]\n|-fail|p1a: Dragapult\n|move|p2a: Slowbro|Iron Defense|p2a: Slowbro\n|-boost|p2a: Slowbro|def|2\n|\n|-heal|p2a: Slowbro|100\/100 par|[from] item: Leftovers\n|upkeep\n|turn|14\n|\n|t:|1698522998\n|move|p1a: Dragapult|Sucker Punch||[still]\n|-fail|p1a: Dragapult\n|move|p2a: Slowbro|Calm Mind|p2a: Slowbro\n|-boost|p2a: Slowbro|spa|1\n|-boost|p2a: Slowbro|spd|1\n|\n|upkeep\n|turn|15\n|\n|t:|1698523002\n|move|p1a: Dragapult|Sucker Punch||[still]\n|-fail|p1a: Dragapult\n|move|p2a: Slowbro|Calm Mind|p2a: Slowbro\n|-boost|p2a: Slowbro|spa|1\n|-boost|p2a: Slowbro|spd|1\n|\n|upkeep\n|turn|16\n|\n|t:|1698523006\n|move|p1a: Dragapult|Sucker Punch||[still]\n|-fail|p1a: Dragapult\n|move|p2a: Slowbro|Calm Mind|p2a: Slowbro\n|-boost|p2a: Slowbro|spa|1\n|-boost|p2a: Slowbro|spd|1\n|\n|upkeep\n|turn|17\n|\n|t:|1698523010\n|move|p1a: Dragapult|Sucker Punch||[still]\n|-fail|p1a: Dragapult\n|move|p2a: Slowbro|Iron Defense|p2a: Slowbro\n|-boost|p2a: Slowbro|def|2\n|\n|upkeep\n|turn|18\n|\n|t:|1698523014\n|-activate|p1a: Dragapult|move: Struggle\n|move|p1a: Dragapult|Struggle|p2a: Slowbro\n|-damage|p2a: Slowbro|94\/100 par\n|-damage|p1a: Dragapult|54\/100|[from] recoil\n|move|p2a: Slowbro|Calm Mind|p2a: Slowbro\n|-boost|p2a: Slowbro|spa|1\n|-boost|p2a: Slowbro|spd|1\n|\n|-heal|p2a: Slowbro|99\/100 par|[from] item: Leftovers\n|upkeep\n|turn|19\n|\n|t:|1698523022\n|-activate|p1a: Dragapult|move: Struggle\n|move|p1a: Dragapult|Struggle|p2a: Slowbro\n|-damage|p2a: Slowbro|94\/100 par\n|-damage|p1a: Dragapult|29\/100|[from] recoil\n|move|p2a: Slowbro|Calm Mind|p2a: Slowbro\n|-boost|p2a: Slowbro|spa|1\n|-boost|p2a: Slowbro|spd|1\n|\n|-heal|p2a: Slowbro|100\/100 par|[from] item: Leftovers\n|upkeep\n|turn|20\n|\n|t:|1698523034\n|-activate|p1a: Dragapult|move: Struggle\n|move|p1a: Dragapult|Struggle|p2a: Slowbro\n|-damage|p2a: Slowbro|94\/100 par\n|-damage|p1a: Dragapult|4\/100|[from] recoil\n|move|p2a: Slowbro|Flamethrower|p1a: Dragapult\n|-resisted|p1a: Dragapult\n|-damage|p1a: Dragapult|0 fnt\n|faint|p1a: Dragapult\n|\n|-heal|p2a: Slowbro|100\/100 par|[from] item: Leftovers\n|upkeep\n|\n|t:|1698523044\n|switch|p1a: Basculegion|Basculegion, M|100\/100\n|turn|21\n|\n|t:|1698523050\n|-terastallize|p1a: Basculegion|Water\n|move|p1a: Basculegion|Wave Crash|p2a: Slowbro\n|-damage|p2a: Slowbro|80\/100 par\n|-damage|p1a: Basculegion|94\/100|[from] Recoil\n|move|p2a: Slowbro|Flamethrower|p1a: Basculegion\n|-resisted|p1a: Basculegion\n|-damage|p1a: Basculegion|43\/100\n|\n|-heal|p2a: Slowbro|87\/100 par|[from] item: Leftovers\n|upkeep\n|turn|22\n|inactive|champ duck has 90 seconds left.\n|-message|champ duck forfeited.\n|\n|win|Tinen\n|raw|champ duck's rating: 1076 &rarr; <strong>1053<\/strong><br \/>(-23 for losing)\n|raw|Tinen's rating: 1045 &rarr; <strong>1081<\/strong><br \/>(+36 for winning)\n|l|\u2606champ duck\n","uploadtime":1698523069,"views":10,"p1id":"champduck","p2id":"tinen","formatid":"gen9anythinggoes","rating":1053,"private":0,"password":""}