{"id":"gen9anythinggoes-1997818780","p1":"Guest 3107088","p2":"Sft46","format":"[Gen 9] Anything Goes","log":"|j|\u203dGuest 3107088\n|j|\u2606Sft46\n|t:|1700856057\n|gametype|singles\n|player|p1|Guest 3107088|266|1267\n|player|p2|Sft46|bellelba|1103\n|teamsize|p1|6\n|teamsize|p2|6\n|gen|9\n|tier|[Gen 9] Anything Goes\n|rated|\n|rule|HP Percentage Mod: HP is shown in percentages\n|rule|Endless Battle Clause: Forcing endless battles is banned\n|clearpoke\n|poke|p1|Annihilape, F|\n|poke|p1|Annihilape, M|\n|poke|p1|Kingambit, F|\n|poke|p1|Annihilape, M|\n|poke|p1|Annihilape, F|\n|poke|p1|Annihilape, M|\n|poke|p2|Polteageist-Antique|\n|poke|p2|Calyrex-Shadow|\n|poke|p2|Espathra, F|\n|poke|p2|Ribombee, M|\n|poke|p2|Magearna|\n|poke|p2|Kyogre|\n|teampreview\n|inactive|Battle timer is ON: inactive players will automatically lose when time's up. (requested by Sft46)\n|\n|t:|1700856061\n|start\n|switch|p1a: Annihilape|Annihilape, F|100\/100\n|switch|p2a: Polteageist|Polteageist-Antique, shiny|100\/100\n|turn|1\n|\n|t:|1700856069\n|move|p1a: Annihilape|Rage Fist|p2a: Polteageist\n|-supereffective|p2a: Polteageist\n|-damage|p2a: Polteageist|39\/100\n|-start|p1a: Annihilape|Disable|Rage Fist|[from] ability: Cursed Body|[of] p2a: Polteageist\n|move|p2a: Polteageist|Shell Smash|p2a: Polteageist\n|-unboost|p2a: Polteageist|def|1\n|-unboost|p2a: Polteageist|spd|1\n|-boost|p2a: Polteageist|atk|2\n|-boost|p2a: Polteageist|spa|2\n|-boost|p2a: Polteageist|spe|2\n|\n|upkeep\n|turn|2\n|\n|t:|1700856079\n|move|p2a: Polteageist|Substitute|p2a: Polteageist\n|-start|p2a: Polteageist|Substitute\n|-damage|p2a: Polteageist|14\/100\n|-activate|p1a: Annihilape|move: Struggle\n|move|p1a: Annihilape|Struggle|p2a: Polteageist\n|-end|p2a: Polteageist|Substitute\n|-damage|p1a: Annihilape|75\/100|[from] recoil\n|\n|upkeep\n|turn|3\n|\n|t:|1700856092\n|move|p2a: Polteageist|Baton Pass|p2a: Polteageist\n|\n|t:|1700856094\n|switch|p2a: Rainy Cloud\ud83c\udf27\ufe0f|Kyogre|100\/100|[from] Baton Pass\n|-weather|RainDance|[from] ability: Drizzle|[of] p2a: Rainy Cloud\ud83c\udf27\ufe0f\n|-activate|p1a: Annihilape|move: Struggle\n|move|p1a: Annihilape|Struggle|p2a: Rainy Cloud\ud83c\udf27\ufe0f\n|-damage|p2a: Rainy Cloud\ud83c\udf27\ufe0f|83\/100\n|-damage|p1a: Annihilape|50\/100|[from] recoil\n|\n|-weather|RainDance|[upkeep]\n|-heal|p2a: Rainy Cloud\ud83c\udf27\ufe0f|89\/100|[from] item: Leftovers\n|upkeep\n|turn|4\n|\n|t:|1700856106\n|-activate|p1a: Annihilape|move: Struggle\n|move|p1a: Annihilape|Struggle|p2a: Rainy Cloud\ud83c\udf27\ufe0f\n|-damage|p2a: Rainy Cloud\ud83c\udf27\ufe0f|70\/100\n|-damage|p1a: Annihilape|25\/100|[from] recoil\n|move|p2a: Rainy Cloud\ud83c\udf27\ufe0f|Water Spout|p1a: Annihilape\n|-damage|p1a: Annihilape|0 fnt\n|faint|p1a: Annihilape\n|\n|-weather|RainDance|[upkeep]\n|-heal|p2a: Rainy Cloud\ud83c\udf27\ufe0f|76\/100|[from] item: Leftovers\n|upkeep\n|\n|t:|1700856112\n|switch|p1a: Kingambit|Kingambit, F|100\/100\n|-activate|p1a: Kingambit|ability: Supreme Overlord\n|-start|p1a: Kingambit|fallen1|[silent]\n|turn|5\n|\n|t:|1700856123\n|move|p2a: Rainy Cloud\ud83c\udf27\ufe0f|Ancient Power|p1a: Kingambit\n|-resisted|p1a: Kingambit\n|-crit|p1a: Kingambit\n|-damage|p1a: Kingambit|66\/100\n|move|p1a: Kingambit|Kowtow Cleave|p2a: Rainy Cloud\ud83c\udf27\ufe0f\n|-damage|p2a: Rainy Cloud\ud83c\udf27\ufe0f|0 fnt\n|faint|p2a: Rainy Cloud\ud83c\udf27\ufe0f\n|\n|-weather|RainDance|[upkeep]\n|upkeep\n|\n|t:|1700856141\n|switch|p2a: Magearna|Magearna|100\/100\n|turn|6\n|\n|t:|1700856158\n|-end|p1a: Kingambit|fallen1|[silent]\n|switch|p1a: Annihilape|Annihilape, M|100\/100\n|move|p2a: Magearna|Calm Mind|p2a: Magearna\n|-boost|p2a: Magearna|spa|1\n|-boost|p2a: Magearna|spd|1\n|\n|-weather|RainDance|[upkeep]\n|upkeep\n|turn|7\n|\n|t:|1700856166\n|move|p1a: Annihilape|Final Gambit|p2a: Magearna\n|-damage|p2a: Magearna|0 fnt\n|faint|p1a: Annihilape\n|faint|p2a: Magearna\n|\n|-weather|none\n|upkeep\n|\n|t:|1700856177\n|switch|p1a: Annihilape|Annihilape, F|100\/100\n|switch|p2a: Polteageist|Polteageist-Antique, shiny|14\/100\n|turn|8\n|\n|t:|1700856184\n|move|p1a: Annihilape|Rage Fist|p2a: Polteageist\n|-supereffective|p2a: Polteageist\n|-damage|p2a: Polteageist|0 fnt\n|faint|p2a: Polteageist\n|\n|upkeep\n|\n|t:|1700856190\n|switch|p2a: Espathra|Espathra, F|100\/100\n|turn|9\n|\n|t:|1700856194\n|move|p1a: Annihilape|Rage Fist|p2a: Espathra\n|-supereffective|p2a: Espathra\n|-damage|p2a: Espathra|42\/100\n|move|p2a: Espathra|Calm Mind|p2a: Espathra\n|-boost|p2a: Espathra|spa|1\n|-boost|p2a: Espathra|spd|1\n|\n|-ability|p2a: Espathra|Speed Boost|boost\n|-boost|p2a: Espathra|spe|1\n|upkeep\n|turn|10\n|\n|t:|1700856203\n|move|p2a: Espathra|Protect|p2a: Espathra\n|-singleturn|p2a: Espathra|Protect\n|move|p1a: Annihilape|Rage Fist|p2a: Espathra\n|-activate|p2a: Espathra|move: Protect\n|\n|-ability|p2a: Espathra|Speed Boost|boost\n|-boost|p2a: Espathra|spe|1\n|upkeep\n|turn|11\n|\n|t:|1700856215\n|move|p2a: Espathra|Baton Pass|p2a: Espathra\n|\n|t:|1700856217\n|switch|p2a: Calyrex|Calyrex-Shadow|100\/100|[from] Baton Pass\n|-ability|p2a: Calyrex|As One\n|-ability|p2a: Calyrex|Unnerve\n|move|p1a: Annihilape|Rage Fist|p2a: Calyrex\n|-supereffective|p2a: Calyrex\n|-damage|p2a: Calyrex|13\/100\n|\n|upkeep\n|turn|12\n|\n|t:|1700856228\n|move|p2a: Calyrex|Leech Seed|p1a: Annihilape\n|-start|p1a: Annihilape|move: Leech Seed\n|move|p1a: Annihilape|Rage Fist|p2a: Calyrex\n|-supereffective|p2a: Calyrex\n|-damage|p2a: Calyrex|0 fnt\n|faint|p2a: Calyrex\n|\n|upkeep\n|\n|t:|1700856236\n|switch|p2a: Espathra|Espathra, F|42\/100\n|turn|13\n|\n|t:|1700856240\n|move|p2a: Espathra|Protect|p2a: Espathra\n|-singleturn|p2a: Espathra|Protect\n|move|p1a: Annihilape|Rage Fist|p2a: Espathra\n|-activate|p2a: Espathra|move: Protect\n|\n|-damage|p1a: Annihilape|88\/100|[from] Leech Seed|[of] p2a: Espathra\n|-heal|p2a: Espathra|59\/100|[silent]\n|-ability|p2a: Espathra|Speed Boost|boost\n|-boost|p2a: Espathra|spe|1\n|upkeep\n|turn|14\n|\n|t:|1700856251\n|move|p2a: Espathra|Calm Mind|p2a: Espathra\n|-boost|p2a: Espathra|spa|1\n|-boost|p2a: Espathra|spd|1\n|move|p1a: Annihilape|Rage Fist|p2a: Espathra\n|-supereffective|p2a: Espathra\n|-damage|p2a: Espathra|0 fnt\n|faint|p2a: Espathra\n|\n|upkeep\n|\n|t:|1700856259\n|switch|p2a: Ribombee|Ribombee, M|100\/100\n|turn|15\n|\n|t:|1700856263\n|move|p1a: Annihilape|Rage Fist|p2a: Ribombee\n|-damage|p2a: Ribombee|62\/100\n|move|p2a: Ribombee|Quiver Dance|p2a: Ribombee\n|-boost|p2a: Ribombee|spa|1\n|-boost|p2a: Ribombee|spd|1\n|-boost|p2a: Ribombee|spe|1\n|\n|-damage|p1a: Annihilape|75\/100|[from] Leech Seed|[of] p2a: Ribombee\n|-heal|p2a: Ribombee|82\/100|[silent]\n|upkeep\n|turn|16\n|\n|t:|1700856276\n|move|p2a: Ribombee|Draining Kiss|p1a: Annihilape\n|-supereffective|p1a: Annihilape\n|-damage|p1a: Annihilape|20\/100\n|-heal|p2a: Ribombee|100\/100|[from] drain|[of] p1a: Annihilape\n|move|p1a: Annihilape|Rage Fist|p2a: Ribombee\n|-damage|p2a: Ribombee|24\/100\n|\n|-damage|p1a: Annihilape|7\/100|[from] Leech Seed|[of] p2a: Ribombee\n|-heal|p2a: Ribombee|45\/100|[silent]\n|upkeep\n|turn|17\n|inactive|Guest 3107088 has 120 seconds left.\n|\n|t:|1700856310\n|move|p2a: Ribombee|Draining Kiss|p1a: Annihilape\n|-supereffective|p1a: Annihilape\n|-damage|p1a: Annihilape|0 fnt\n|-heal|p2a: Ribombee|53\/100|[from] drain|[of] p1a: Annihilape\n|faint|p1a: Annihilape\n|\n|upkeep\n|inactive|Guest 3107088 has 120 seconds left.\n|\n|t:|1700856318\n|switch|p1a: Annihilape|Annihilape, M|100\/100\n|turn|18\n|\n|t:|1700856321\n|move|p2a: Ribombee|Quiver Dance|p2a: Ribombee\n|-boost|p2a: Ribombee|spa|1\n|-boost|p2a: Ribombee|spd|1\n|-boost|p2a: Ribombee|spe|1\n|move|p1a: Annihilape|Final Gambit|p2a: Ribombee\n|-damage|p2a: Ribombee|0 fnt\n|faint|p1a: Annihilape\n|faint|p2a: Ribombee\n|\n|win|Guest 3107088\n|raw|Guest 3107088's rating: 1267 &rarr; <strong>1281<\/strong><br \/>(+14 for winning)\n|raw|Sft46's rating: 1103 &rarr; <strong>1089<\/strong><br \/>(-14 for losing)\n","uploadtime":1700856325,"views":0,"p1id":"guest3107088","p2id":"sft46","formatid":"gen9anythinggoes","rating":1089,"private":0,"password":""}