{"id":"gen9anythinggoes-1998297093","p1":"sumitvs138","p2":"HeavenBurningLight","format":"[Gen 9] Anything Goes","log":"|j|\u2606sumitvs138\n|j|\u2606HeavenBurningLight\n|inactive|Battle timer is ON: inactive players will automatically lose when time's up.\n|t:|1700926227\n|gametype|singles\n|player|p1|sumitvs138|youngcouple-gen4dp|\n|player|p2|HeavenBurningLight|rosa-pokestar|\n|teamsize|p1|6\n|teamsize|p2|6\n|gen|9\n|tier|[Gen 9] Anything Goes\n|rated|Tournament battle\n|rule|HP Percentage Mod: HP is shown in percentages\n|rule|Endless Battle Clause: Forcing endless battles is banned\n|clearpoke\n|poke|p1|Calyrex-Shadow|\n|poke|p1|Basculegion, M|\n|poke|p1|Iron Leaves|\n|poke|p1|Glimmora, M|\n|poke|p1|Arceus|\n|poke|p1|Miraidon|\n|poke|p2|Ribombee, M|\n|poke|p2|Koraidon|\n|poke|p2|Miraidon|\n|poke|p2|Calyrex-Shadow|\n|poke|p2|Zacian-*|\n|poke|p2|Arceus|\n|teampreview\n|j| artemisery\n|j| laprasplayer\n|\n|t:|1700926234\n|start\n|switch|p1a: Miraidon|Miraidon|100\/100\n|switch|p2a: Ribombee|Ribombee, M|100\/100\n|-fieldstart|move: Electric Terrain|[from] ability: Hadron Engine|[of] p1a: Miraidon\n|turn|1\n|j| ZowwyCafe\u2764\n|\n|t:|1700926243\n|move|p1a: Miraidon|Volt Switch|p2a: Ribombee\n|-damage|p2a: Ribombee|6\/100\n|c| laprasplayer|>94\n|\n|t:|1700926251\n|switch|p1a: Glimmora|Glimmora, M|100\/100|[from] Volt Switch\n|move|p2a: Ribombee|Sticky Web|p1a: Glimmora\n|-sidestart|p1: sumitvs138|move: Sticky Web\n|\n|upkeep\n|turn|2\n|c| laprasplayer|-0 spa miraidon confirmed\n|\n|t:|1700926261\n|switch|p2a: Zacian|Zacian-Crowned|100\/100\n|-ability|p2a: Zacian|Intrepid Sword|boost\n|-boost|p2a: Zacian|atk|1\n|move|p1a: Glimmora|Toxic|p2a: Zacian\n|-status|p2a: Zacian|tox\n|\n|-damage|p2a: Zacian|94\/100 tox|[from] psn\n|upkeep\n|turn|3\n|inactive|sumitvs138 has 120 seconds left.\n|\n|t:|1700926294\n|switch|p1a: Arceus|Arceus|100\/100\n|-activate|p1a: Arceus|move: Sticky Web\n|-unboost|p1a: Arceus|spe|1\n|move|p2a: Zacian|Behemoth Blade|p1a: Arceus\n|-damage|p1a: Arceus|31\/100\n|\n|-damage|p2a: Zacian|82\/100 tox|[from] psn\n|upkeep\n|turn|4\n|inactive|sumitvs138 has 120 seconds left.\n|inactive|HeavenBurningLight has 120 seconds left.\n|\n|t:|1700926310\n|move|p1a: Arceus|Extreme Speed|p2a: Zacian\n|-resisted|p2a: Zacian\n|-damage|p2a: Zacian|61\/100 tox\n|move|p2a: Zacian|Behemoth Blade|p1a: Arceus\n|-damage|p1a: Arceus|0 fnt\n|faint|p1a: Arceus\n|\n|-damage|p2a: Zacian|42\/100 tox|[from] psn\n|upkeep\n|inactive|sumitvs138 has 120 seconds left.\n|\n|t:|1700926326\n|switch|p1a: Basculegion|Basculegion, M|100\/100\n|-activate|p1a: Basculegion|move: Sticky Web\n|-unboost|p1a: Basculegion|spe|1\n|turn|5\n|\n|t:|1700926335\n|move|p1a: Basculegion|Aqua Jet|p2a: Zacian\n|-damage|p2a: Zacian|20\/100 tox\n|move|p2a: Zacian|Play Rough|p1a: Basculegion\n|-damage|p1a: Basculegion|1\/100\n|\n|-damage|p2a: Zacian|0 fnt|[from] psn\n|faint|p2a: Zacian\n|-fieldend|move: Electric Terrain\n|upkeep\n|\n|t:|1700926344\n|switch|p2a: Miraidon|Miraidon|100\/100\n|-fieldstart|move: Electric Terrain|[from] ability: Hadron Engine|[of] p2a: Miraidon\n|-enditem|p2a: Miraidon|Electric Seed\n|-boost|p2a: Miraidon|def|1|[from] item: Electric Seed\n|turn|6\n|j| AGLP 1\n|\n|t:|1700926353\n|move|p1a: Basculegion|Aqua Jet|p2a: Miraidon\n|-resisted|p2a: Miraidon\n|-damage|p2a: Miraidon|94\/100\n|move|p2a: Miraidon|Agility|p2a: Miraidon\n|-boost|p2a: Miraidon|spe|2\n|\n|upkeep\n|turn|7\n|\n|t:|1700926361\n|move|p1a: Basculegion|Aqua Jet|p2a: Miraidon\n|-resisted|p2a: Miraidon\n|-damage|p2a: Miraidon|87\/100\n|move|p2a: Miraidon|Calm Mind|p2a: Miraidon\n|-boost|p2a: Miraidon|spa|1\n|-boost|p2a: Miraidon|spd|1\n|\n|upkeep\n|turn|8\n|\n|t:|1700926369\n|switch|p1a: Glimmora|Glimmora, M|100\/100\n|-activate|p1a: Glimmora|move: Sticky Web\n|-unboost|p1a: Glimmora|spe|1\n|move|p2a: Miraidon|Calm Mind|p2a: Miraidon\n|-boost|p2a: Miraidon|spa|1\n|-boost|p2a: Miraidon|spd|1\n|\n|upkeep\n|turn|9\n|\n|t:|1700926378\n|move|p2a: Miraidon|Parabolic Charge|p1a: Glimmora\n|-enditem|p1a: Glimmora|Focus Sash\n|-damage|p1a: Glimmora|1\/100\n|-heal|p2a: Miraidon|100\/100|[from] drain|[of] p1a: Glimmora\n|move|p1a: Glimmora|Mortal Spin|p2a: Miraidon\n|-damage|p2a: Miraidon|96\/100\n|-status|p2a: Miraidon|psn\n|-sideend|p1: sumitvs138|Sticky Web|[from] move: Mortal Spin|[of] p1a: Glimmora\n|\n|-damage|p2a: Miraidon|84\/100 psn|[from] psn\n|upkeep\n|turn|10\n|l| artemisery\n|\n|t:|1700926390\n|move|p2a: Miraidon|Parabolic Charge|p1a: Glimmora\n|-damage|p1a: Glimmora|0 fnt\n|-heal|p2a: Miraidon|84\/100 psn|[from] drain|[of] p1a: Glimmora\n|faint|p1a: Glimmora\n|\n|-damage|p2a: Miraidon|72\/100 psn|[from] psn\n|-fieldend|move: Electric Terrain\n|upkeep\n|\n|t:|1700926405\n|switch|p1a: Iron Leaves|Iron Leaves|100\/100\n|turn|11\n|l| ZowwyCafe\u2764\n|\n|t:|1700926429\n|-terastallize|p2a: Miraidon|Fairy\n|move|p2a: Miraidon|Dazzling Gleam|p1a: Iron Leaves\n|-damage|p1a: Iron Leaves|0 fnt\n|faint|p1a: Iron Leaves\n|-end|p1a: Iron Leaves|Quark Drive|[silent]\n|\n|-damage|p2a: Miraidon|59\/100 psn|[from] psn\n|upkeep\n|\n|t:|1700926439\n|switch|p1a: Basculegion|Basculegion, M|1\/100\n|turn|12\n|\n|t:|1700926444\n|-terastallize|p1a: Basculegion|Water\n|move|p1a: Basculegion|Aqua Jet|p2a: Miraidon\n|-damage|p2a: Miraidon|44\/100 psn\n|move|p2a: Miraidon|Parabolic Charge|p1a: Basculegion\n|-supereffective|p1a: Basculegion\n|-damage|p1a: Basculegion|0 fnt\n|-heal|p2a: Miraidon|44\/100 psn|[from] drain|[of] p1a: Basculegion\n|faint|p1a: Basculegion\n|\n|-damage|p2a: Miraidon|32\/100 psn|[from] psn\n|upkeep\n|\n|t:|1700926459\n|switch|p1a: Calyrex|Calyrex-Shadow|100\/100\n|-ability|p1a: Calyrex|As One\n|-ability|p1a: Calyrex|Unnerve\n|turn|13\n|\n|t:|1700926473\n|move|p2a: Miraidon|Parabolic Charge|p1a: Calyrex\n|-damage|p1a: Calyrex|30\/100\n|-heal|p2a: Miraidon|64\/100 psn|[from] drain|[of] p1a: Calyrex\n|move|p1a: Calyrex|Psyshock|p2a: Miraidon\n|-damage|p2a: Miraidon|31\/100 psn\n|-damage|p1a: Calyrex|20\/100|[from] item: Life Orb\n|\n|-damage|p2a: Miraidon|19\/100 psn|[from] psn\n|upkeep\n|turn|14\n|\n|t:|1700926483\n|move|p2a: Miraidon|Parabolic Charge|p1a: Calyrex\n|-damage|p1a: Calyrex|0 fnt\n|-heal|p2a: Miraidon|28\/100 psn|[from] drain|[of] p1a: Calyrex\n|faint|p1a: Calyrex\n|\n|-damage|p2a: Miraidon|16\/100 psn|[from] psn\n|upkeep\n|c|\u2606sumitvs138|This the dumbest battle of my life ever\n|\n|t:|1700926500\n|switch|p1a: Miraidon|Miraidon|100\/100\n|-fieldstart|move: Electric Terrain|[from] ability: Hadron Engine|[of] p1a: Miraidon\n|turn|15\n|\n|t:|1700926509\n|move|p2a: Miraidon|Dazzling Gleam|p1a: Miraidon\n|-supereffective|p1a: Miraidon\n|-damage|p1a: Miraidon|0 fnt\n|faint|p1a: Miraidon\n|\n|win|HeavenBurningLight\n|n|\u2606sumitvs138|sumitvs138\n|n|\u2606HeavenBurningLight|heavenburninglight\n|n| laprasplayer|laprasplayer\n|n| AGLP 1|aglp1\n","uploadtime":1700926510,"views":3,"p1id":"sumitvs138","p2id":"heavenburninglight","formatid":"gen9anythinggoes","rating":0,"private":0,"password":""}