{"id":"gen9anythinggoes-1981348244","p1":"Guyisprettycool","p2":"Banjoji","format":"[Gen 9] Anything Goes","log":"|j|\u2606Guyisprettycool\n|j|\u2606Banjoji\n|t:|1698886157\n|gametype|singles\n|player|p1|Guyisprettycool|ash|1092\n|player|p2|Banjoji|veteran|1000\n|teamsize|p1|6\n|teamsize|p2|6\n|gen|9\n|tier|[Gen 9] Anything Goes\n|rated|\n|rule|HP Percentage Mod: HP is shown in percentages\n|rule|Endless Battle Clause: Forcing endless battles is banned\n|clearpoke\n|poke|p1|Urshifu-*, F|\n|poke|p1|Drifblim, M|\n|poke|p1|Polteageist-Antique|\n|poke|p1|Pawmot, M|\n|poke|p1|Pawmot, M|\n|poke|p1|Froslass, F|\n|poke|p2|Toxapex, F|\n|poke|p2|Toxapex, M|\n|poke|p2|Toxapex, F|\n|poke|p2|Toxapex, F|\n|poke|p2|Toxapex, F|\n|poke|p2|Toxapex, F|\n|teampreview\n|inactive|Battle timer is ON: inactive players will automatically lose when time's up. (requested by Guyisprettycool)\n|\n|t:|1698886162\n|start\n|switch|p1a: Drifblim|Drifblim, M|100\/100\n|switch|p2a: Toxapex|Toxapex, F|100\/100\n|turn|1\n|\n|t:|1698886167\n|move|p1a: Drifblim|Minimize|p1a: Drifblim\n|-boost|p1a: Drifblim|evasion|2\n|move|p2a: Toxapex|Toxic Spikes|p1a: Drifblim\n|-sidestart|p1: Guyisprettycool|move: Toxic Spikes\n|\n|upkeep\n|turn|2\n|\n|t:|1698886172\n|move|p1a: Drifblim|Minimize|p1a: Drifblim\n|-boost|p1a: Drifblim|evasion|2\n|move|p2a: Toxapex|Toxic Spikes|p1a: Drifblim\n|-sidestart|p1: Guyisprettycool|move: Toxic Spikes\n|\n|upkeep\n|turn|3\n|\n|t:|1698886182\n|move|p1a: Drifblim|Minimize|p1a: Drifblim\n|-boost|p1a: Drifblim|evasion|2\n|move|p2a: Toxapex|Hex|p1a: Drifblim|[miss]\n|-miss|p2a: Toxapex|p1a: Drifblim\n|\n|upkeep\n|turn|4\n|c|\u2606Guyisprettycool|fuck being a legendary spammer. be a w toxapex spammer\n|\n|t:|1698886207\n|move|p1a: Drifblim|Baton Pass|p1a: Drifblim\n|\n|t:|1698886208\n|switch|p1a: Polteageist|Polteageist-Antique|100\/100|[from] Baton Pass\n|-status|p1a: Polteageist|tox\n|move|p2a: Toxapex|Hex|p1a: Polteageist|[miss]\n|-miss|p2a: Toxapex|p1a: Polteageist\n|\n|-damage|p1a: Polteageist|94\/100 tox|[from] psn\n|upkeep\n|turn|5\n|\n|t:|1698886214\n|move|p1a: Polteageist|Shell Smash|p1a: Polteageist\n|-unboost|p1a: Polteageist|def|1\n|-unboost|p1a: Polteageist|spd|1\n|-boost|p1a: Polteageist|atk|2\n|-boost|p1a: Polteageist|spa|2\n|-boost|p1a: Polteageist|spe|2\n|-enditem|p1a: Polteageist|White Herb\n|-clearnegativeboost|p1a: Polteageist|[silent]\n|move|p2a: Toxapex|Hex|p1a: Polteageist|[miss]\n|-miss|p2a: Toxapex|p1a: Polteageist\n|\n|-damage|p1a: Polteageist|82\/100 tox|[from] psn\n|upkeep\n|turn|6\n|\n|t:|1698886226\n|move|p1a: Polteageist|Baton Pass|p1a: Polteageist\n|\n|t:|1698886228\n|switch|p1a: Urshifu|Urshifu-Rapid-Strike, F|100\/100|[from] Baton Pass\n|move|p2a: Toxapex|Hex|p1a: Urshifu|[miss]\n|-miss|p2a: Toxapex|p1a: Urshifu\n|\n|upkeep\n|turn|7\n|\n|t:|1698886237\n|move|p1a: Urshifu|Thunder Punch|p2a: Toxapex\n|-supereffective|p2a: Toxapex\n|-damage|p2a: Toxapex|45\/100\n|move|p2a: Toxapex|Hex|p1a: Urshifu|[miss]\n|-miss|p2a: Toxapex|p1a: Urshifu\n|\n|-heal|p2a: Toxapex|51\/100|[from] item: Black Sludge\n|upkeep\n|turn|8\n|\n|t:|1698886240\n|move|p2a: Toxapex|Baneful Bunker|p2a: Toxapex\n|-singleturn|p2a: Toxapex|move: Protect\n|move|p1a: Urshifu|Thunder Punch|p2a: Toxapex\n|-supereffective|p2a: Toxapex\n|-damage|p2a: Toxapex|1\/100\n|\n|-heal|p2a: Toxapex|7\/100|[from] item: Black Sludge\n|upkeep\n|turn|9\n|c|\u2606Guyisprettycool|unseen fist\n|\n|t:|1698886261\n|move|p1a: Urshifu|Thunder Punch|p2a: Toxapex\n|-supereffective|p2a: Toxapex\n|-damage|p2a: Toxapex|0 fnt\n|faint|p2a: Toxapex\n|\n|upkeep\n|\n|t:|1698886264\n|switch|p2a: Toxapex|Toxapex, M|100\/100\n|turn|10\n|\n|t:|1698886271\n|move|p1a: Urshifu|Thunder Punch|p2a: Toxapex\n|-supereffective|p2a: Toxapex\n|-damage|p2a: Toxapex|45\/100\n|move|p2a: Toxapex|Hex|p1a: Urshifu|[miss]\n|-miss|p2a: Toxapex|p1a: Urshifu\n|\n|-heal|p2a: Toxapex|51\/100|[from] item: Black Sludge\n|upkeep\n|turn|11\n|\n|t:|1698886280\n|move|p1a: Urshifu|Thunder Punch|p2a: Toxapex\n|-supereffective|p2a: Toxapex\n|-damage|p2a: Toxapex|0 fnt\n|faint|p2a: Toxapex\n|\n|upkeep\n|\n|t:|1698886282\n|switch|p2a: Toxapex|Toxapex, F|100\/100\n|turn|12\n|\n|t:|1698886287\n|move|p1a: Urshifu|Thunder Punch|p2a: Toxapex\n|-supereffective|p2a: Toxapex\n|-crit|p2a: Toxapex\n|-damage|p2a: Toxapex|26\/100\n|move|p2a: Toxapex|Lunge|p1a: Urshifu|[miss]\n|-miss|p2a: Toxapex|p1a: Urshifu\n|\n|-heal|p2a: Toxapex|32\/100|[from] item: Black Sludge\n|upkeep\n|turn|13\n|\n|t:|1698886296\n|move|p1a: Urshifu|Thunder Punch|p2a: Toxapex\n|-supereffective|p2a: Toxapex\n|-damage|p2a: Toxapex|0 fnt\n|faint|p2a: Toxapex\n|\n|upkeep\n|\n|t:|1698886301\n|switch|p2a: Toxapex|Toxapex, F, shiny|100\/100\n|turn|14\n|\n|t:|1698886304\n|move|p1a: Urshifu|Thunder Punch|p2a: Toxapex\n|-supereffective|p2a: Toxapex\n|-damage|p2a: Toxapex|45\/100\n|move|p2a: Toxapex|Surf|p1a: Urshifu|[miss]\n|-miss|p2a: Toxapex|p1a: Urshifu\n|\n|-heal|p2a: Toxapex|51\/100|[from] item: Black Sludge\n|upkeep\n|turn|15\n|\n|t:|1698886313\n|move|p1a: Urshifu|Thunder Punch|p2a: Toxapex\n|-supereffective|p2a: Toxapex\n|-damage|p2a: Toxapex|0 fnt\n|faint|p2a: Toxapex\n|\n|upkeep\n|\n|t:|1698886315\n|switch|p2a: Toxapex|Toxapex, F, shiny|100\/100\n|turn|16\n|\n|t:|1698886320\n|-terastallize|p2a: Toxapex|Ground\n|move|p1a: Urshifu|Thunder Punch|p2a: Toxapex\n|-immune|p2a: Toxapex\n|move|p2a: Toxapex|Mud Shot|p1a: Urshifu|[miss]\n|-miss|p2a: Toxapex|p1a: Urshifu\n|\n|-damage|p2a: Toxapex|88\/100|[from] item: Black Sludge\n|upkeep\n|turn|17\n|\n|t:|1698886328\n|move|p1a: Urshifu|Surging Strikes|p2a: Toxapex\n|-supereffective|p2a: Toxapex\n|-crit|p2a: Toxapex\n|-damage|p2a: Toxapex|44\/100\n|-supereffective|p2a: Toxapex\n|-crit|p2a: Toxapex\n|-damage|p2a: Toxapex|2\/100\n|-supereffective|p2a: Toxapex\n|-crit|p2a: Toxapex\n|-damage|p2a: Toxapex|0 fnt\n|faint|p2a: Toxapex\n|-hitcount|p2: Toxapex|3\n|\n|upkeep\n|\n|t:|1698886334\n|switch|p2a: Toxapex|Toxapex, F, shiny|100\/100\n|turn|18\n|\n|t:|1698886348\n|move|p1a: Urshifu|Thunder Punch|p2a: Toxapex\n|-supereffective|p2a: Toxapex\n|-damage|p2a: Toxapex|52\/100\n|move|p2a: Toxapex|Recover|p2a: Toxapex\n|-heal|p2a: Toxapex|100\/100\n|\n|upkeep\n|turn|19\n|\n|t:|1698886354\n|move|p1a: Urshifu|Surging Strikes|p2a: Toxapex\n|-resisted|p2a: Toxapex\n|-crit|p2a: Toxapex\n|-damage|p2a: Toxapex|90\/100\n|-resisted|p2a: Toxapex\n|-crit|p2a: Toxapex\n|-damage|p2a: Toxapex|80\/100\n|-resisted|p2a: Toxapex\n|-crit|p2a: Toxapex\n|-damage|p2a: Toxapex|70\/100\n|-hitcount|p2a: Toxapex|3\n|move|p2a: Toxapex|Recover|p2a: Toxapex\n|-heal|p2a: Toxapex|100\/100\n|\n|upkeep\n|turn|20\n|\n|t:|1698886357\n|move|p1a: Urshifu|Thunder Punch|p2a: Toxapex\n|-supereffective|p2a: Toxapex\n|-damage|p2a: Toxapex|48\/100\n|move|p2a: Toxapex|Sludge Bomb|p1a: Urshifu|[miss]\n|-miss|p2a: Toxapex|p1a: Urshifu\n|\n|-heal|p2a: Toxapex|54\/100|[from] item: Black Sludge\n|upkeep\n|turn|21\n|\n|t:|1698886360\n|move|p1a: Urshifu|Thunder Punch|p2a: Toxapex\n|-supereffective|p2a: Toxapex\n|-damage|p2a: Toxapex|5\/100\n|move|p2a: Toxapex|Recover|p2a: Toxapex\n|-heal|p2a: Toxapex|55\/100\n|\n|-heal|p2a: Toxapex|61\/100|[from] item: Black Sludge\n|upkeep\n|turn|22\n|\n|t:|1698886363\n|move|p1a: Urshifu|Thunder Punch|p2a: Toxapex\n|-supereffective|p2a: Toxapex\n|-damage|p2a: Toxapex|12\/100\n|move|p2a: Toxapex|Recover|p2a: Toxapex\n|-heal|p2a: Toxapex|62\/100\n|\n|-heal|p2a: Toxapex|68\/100|[from] item: Black Sludge\n|upkeep\n|turn|23\n|\n|t:|1698886367\n|move|p1a: Urshifu|Thunder Punch|p2a: Toxapex\n|-supereffective|p2a: Toxapex\n|-damage|p2a: Toxapex|19\/100\n|move|p2a: Toxapex|Recover|p2a: Toxapex\n|-heal|p2a: Toxapex|69\/100\n|\n|-heal|p2a: Toxapex|75\/100|[from] item: Black Sludge\n|upkeep\n|turn|24\n|\n|t:|1698886371\n|move|p1a: Urshifu|Thunder Punch|p2a: Toxapex\n|-supereffective|p2a: Toxapex\n|-damage|p2a: Toxapex|25\/100\n|move|p2a: Toxapex|Recover|p2a: Toxapex\n|-heal|p2a: Toxapex|75\/100\n|\n|-heal|p2a: Toxapex|82\/100|[from] item: Black Sludge\n|upkeep\n|turn|25\n|\n|t:|1698886378\n|move|p1a: Urshifu|Thunder Punch|p2a: Toxapex\n|-supereffective|p2a: Toxapex\n|-damage|p2a: Toxapex|30\/100\n|-status|p2a: Toxapex|par\n|move|p2a: Toxapex|Recover|p2a: Toxapex\n|-heal|p2a: Toxapex|80\/100 par\n|\n|-heal|p2a: Toxapex|87\/100 par|[from] item: Black Sludge\n|upkeep\n|turn|26\n|\n|t:|1698886383\n|-terastallize|p1a: Urshifu|Dragon\n|move|p1a: Urshifu|Tera Blast|p2a: Toxapex|[anim] Tera Blast Dragon\n|-damage|p2a: Toxapex|43\/100 par\n|move|p2a: Toxapex|Sludge Bomb|p1a: Urshifu|[miss]\n|-miss|p2a: Toxapex|p1a: Urshifu\n|\n|-heal|p2a: Toxapex|49\/100 par|[from] item: Black Sludge\n|upkeep\n|turn|27\n|\n|t:|1698886390\n|move|p1a: Urshifu|Tera Blast|p2a: Toxapex|[anim] Tera Blast Dragon\n|-damage|p2a: Toxapex|5\/100 par\n|move|p2a: Toxapex|Sludge Bomb|p1a: Urshifu|[miss]\n|-miss|p2a: Toxapex|p1a: Urshifu\n|\n|-heal|p2a: Toxapex|12\/100 par|[from] item: Black Sludge\n|upkeep\n|turn|28\n|\n|t:|1698886392\n|move|p1a: Urshifu|Thunder Punch|p2a: Toxapex\n|-supereffective|p2a: Toxapex\n|-damage|p2a: Toxapex|0 fnt\n|faint|p2a: Toxapex\n|\n|win|Guyisprettycool\n|raw|Guyisprettycool's rating: 1092 &rarr; <strong>1111<\/strong><br \/>(+19 for winning)\n|raw|Banjoji's rating: 1000 &rarr; <strong>1000<\/strong><br \/>(+0 for losing)\n|l|\u2606Banjoji\n|c|\u2606Guyisprettycool|gg\n","uploadtime":1698886403,"views":11,"p1id":"guyisprettycool","p2id":"banjoji","formatid":"gen9anythinggoes","rating":1000,"private":0,"password":""}