{"id":"gen9anythinggoes-1975418977","p1":"TreBucet","p2":"Rocky&zay","format":"[Gen 9] Anything Goes","log":"|j|\u2606TreBucet\n|j|\u2606Rocky&zay\n|t:|1698189224\n|gametype|singles\n|player|p1|TreBucet|grimsley|1078\n|player|p2|Rocky&zay|265|1097\n|teamsize|p1|6\n|teamsize|p2|6\n|gen|9\n|tier|[Gen 9] Anything Goes\n|rated|\n|rule|HP Percentage Mod: HP is shown in percentages\n|rule|Endless Battle Clause: Forcing endless battles is banned\n|clearpoke\n|poke|p1|Houndstone, M|\n|poke|p1|Tyranitar, M|\n|poke|p1|Glimmora, F|\n|poke|p1|Flutter Mane|\n|poke|p1|Eternatus|\n|poke|p1|Zoroark, F|\n|poke|p2|Empoleon, M|\n|poke|p2|Dragapult, M|\n|poke|p2|Sneasler, F|\n|poke|p2|Gardevoir, M|\n|poke|p2|Gliscor, F|\n|poke|p2|Hawlucha, F|\n|teampreview\n|\n|t:|1698189235\n|start\n|switch|p1a: funny rock|Glimmora, F|100\/100\n|switch|p2a: Gardevoir|Gardevoir, M, shiny|100\/100\n|turn|1\n|\n|t:|1698189246\n|move|p1a: funny rock|Mortal Spin|p2a: Gardevoir\n|-supereffective|p2a: Gardevoir\n|-damage|p2a: Gardevoir|80\/100\n|-status|p2a: Gardevoir|psn\n|-activate|p2a: Gardevoir|ability: Synchronize\n|-immune|p1a: funny rock\n|-damage|p1a: funny rock|90\/100|[from] item: Life Orb\n|move|p2a: Gardevoir|Psychic|p1a: funny rock\n|-supereffective|p1a: funny rock\n|-damage|p1a: funny rock|0 fnt\n|faint|p1a: funny rock\n|\n|-damage|p2a: Gardevoir|68\/100 psn|[from] psn\n|upkeep\n|\n|t:|1698189261\n|switch|p1a: hehe|Flutter Mane|100\/100\n|turn|2\n|\n|t:|1698189266\n|move|p1a: hehe|Mystical Fire|p2a: Gardevoir\n|-damage|p2a: Gardevoir|40\/100 psn\n|-unboost|p2a: Gardevoir|spa|1\n|move|p2a: Gardevoir|Shadow Ball|p1a: hehe\n|-supereffective|p1a: hehe\n|-damage|p1a: hehe|64\/100\n|\n|-damage|p2a: Gardevoir|28\/100 psn|[from] psn\n|upkeep\n|turn|3\n|\n|t:|1698189276\n|move|p1a: hehe|Mystical Fire|p2a: Gardevoir\n|-damage|p2a: Gardevoir|1\/100 psn\n|-unboost|p2a: Gardevoir|spa|1\n|move|p2a: Gardevoir|Mystical Fire|p1a: hehe\n|-damage|p1a: hehe|52\/100\n|-unboost|p1a: hehe|spa|1\n|\n|-damage|p2a: Gardevoir|0 fnt|[from] psn\n|faint|p2a: Gardevoir\n|upkeep\n|\n|t:|1698189288\n|switch|p2a: Sneasler|Sneasler, F, shiny|100\/100\n|turn|4\n|\n|t:|1698189293\n|move|p1a: hehe|Moonblast|p2a: Sneasler\n|-damage|p2a: Sneasler|78\/100\n|-unboost|p2a: Sneasler|spa|1\n|move|p2a: Sneasler|Dire Claw|p1a: hehe\n|-damage|p1a: hehe|0 fnt\n|-damage|p2a: Sneasler|61\/100|[from] item: Rocky Helmet|[of] p1a: hehe\n|faint|p1a: hehe\n|-end|p1a: hehe|Protosynthesis|[silent]\n|\n|upkeep\n|\n|t:|1698189302\n|switch|p1a: the hound|Houndstone, M|100\/100\n|turn|5\n|\n|t:|1698189307\n|move|p1a: the hound|Psychic|p2a: Sneasler\n|-supereffective|p2a: Sneasler\n|-damage|p2a: Sneasler|0 fnt\n|faint|p2a: Sneasler\n|\n|upkeep\n|\n|t:|1698189313\n|switch|p2a: Empoleon|Empoleon, M, shiny|100\/100\n|turn|6\n|\n|t:|1698189320\n|move|p1a: the hound|Psychic|p2a: Empoleon\n|-resisted|p2a: Empoleon\n|-damage|p2a: Empoleon|90\/100\n|move|p2a: Empoleon|Chilling Water|p1a: the hound\n|-damage|p1a: the hound|59\/100\n|-unboost|p1a: the hound|atk|1\n|replace|p1a: uh oh|Zoroark, F\n|-end|p1a: uh oh|Illusion\n|\n|upkeep\n|turn|7\n|\n|t:|1698189329\n|move|p2a: Empoleon|Air Slash|p1a: uh oh\n|-damage|p1a: uh oh|16\/100\n|move|p1a: uh oh|Counter||[still]\n|-fail|p1a: uh oh\n|\n|upkeep\n|turn|8\n|c|\u2606TreBucet|what\n|c|\u2606TreBucet|how?\n|\n|t:|1698189339\n|move|p1a: uh oh|Memento|p2a: Empoleon\n|-unboost|p2a: Empoleon|atk|2\n|-ability|p2a: Empoleon|Competitive|boost\n|-boost|p2a: Empoleon|spa|2\n|-unboost|p2a: Empoleon|spa|2\n|-ability|p2a: Empoleon|Competitive|boost\n|-boost|p2a: Empoleon|spa|2\n|faint|p1a: uh oh\n|move|p2a: Empoleon|Chilling Water|p1: uh oh|[notarget]\n|-fail|p2a: Empoleon\n|\n|upkeep\n|\n|t:|1698189349\n|switch|p1a: big man|Tyranitar, M|100\/100\n|-weather|Sandstorm|[from] ability: Sand Stream|[of] p1a: big man\n|turn|9\n|\n|t:|1698189364\n|move|p1a: big man|Brick Break|p2a: Empoleon\n|-supereffective|p2a: Empoleon\n|-damage|p2a: Empoleon|33\/100\n|move|p2a: Empoleon|Chilling Water|p1a: big man\n|-supereffective|p1a: big man\n|-damage|p1a: big man|35\/100\n|-unboost|p1a: big man|atk|1\n|\n|-weather|Sandstorm|[upkeep]\n|-heal|p1a: big man|42\/100|[from] item: Leftovers\n|upkeep\n|turn|10\n|\n|t:|1698189375\n|move|p1a: big man|Brick Break|p2a: Empoleon\n|-supereffective|p2a: Empoleon\n|-damage|p2a: Empoleon|0 fnt\n|faint|p2a: Empoleon\n|\n|-weather|Sandstorm|[upkeep]\n|-heal|p1a: big man|48\/100|[from] item: Leftovers\n|upkeep\n|\n|t:|1698189383\n|switch|p2a: Gliscor|Gliscor, F, shiny|100\/100\n|turn|11\n|\n|t:|1698189388\n|switch|p1a: the hound|Houndstone, M|100\/100\n|move|p2a: Gliscor|Brick Break|p1a: the hound\n|-immune|p1a: the hound\n|\n|-weather|Sandstorm|[upkeep]\n|-damage|p1a: the hound|95\/100|[from] Sandstorm\n|-status|p2a: Gliscor|tox|[from] item: Toxic Orb\n|upkeep\n|turn|12\n|\n|t:|1698189399\n|-terastallize|p1a: the hound|Normal\n|move|p1a: the hound|Last Respects|p2a: Gliscor\n|-damage|p2a: Gliscor|15\/100 tox\n|move|p2a: Gliscor|Earthquake|p1a: the hound\n|-damage|p1a: the hound|51\/100\n|\n|-weather|Sandstorm|[upkeep]\n|-damage|p1a: the hound|45\/100|[from] Sandstorm\n|-heal|p2a: Gliscor|27\/100 tox|[from] ability: Poison Heal\n|upkeep\n|turn|13\n|\n|t:|1698189411\n|move|p1a: the hound|Last Respects|p2a: Gliscor\n|-damage|p2a: Gliscor|0 fnt\n|faint|p2a: Gliscor\n|\n|-weather|none\n|upkeep\n|\n|t:|1698189417\n|switch|p2a: Hawlucha|Hawlucha, F, shiny|100\/100\n|turn|14\n|\n|t:|1698189421\n|move|p1a: the hound|Last Respects|p2a: Hawlucha\n|-damage|p2a: Hawlucha|0 fnt\n|faint|p2a: Hawlucha\n|\n|upkeep\n|\n|t:|1698189426\n|switch|p2a: Dragapult|Dragapult, M, shiny|100\/100\n|turn|15\n|\n|t:|1698189433\n|-terastallize|p2a: Dragapult|Fairy\n|move|p1a: the hound|Last Respects|p2a: Dragapult\n|-crit|p2a: Dragapult\n|-damage|p2a: Dragapult|0 fnt\n|faint|p2a: Dragapult\n|\n|win|TreBucet\n|raw|TreBucet's rating: 1078 &rarr; <strong>1108<\/strong><br \/>(+30 for winning)\n|raw|Rocky&amp;zay's rating: 1097 &rarr; <strong>1071<\/strong><br \/>(-26 for losing)\n|l|\u2606Rocky&zay\n|c|\u2606TreBucet|gg\n","uploadtime":1698189449,"views":6,"p1id":"trebucet","p2id":"rockyzay","formatid":"gen9anythinggoes","rating":1071,"private":0,"password":""}