{"id":"gen9anythinggoes-1984692421","p1":"franzua","p2":"Teckel1","format":"[Gen 9] Anything Goes","log":"|j|\u2606franzua\n|j|\u2606Teckel1\n|t:|1699291308\n|gametype|singles\n|player|p1|franzua|266|1053\n|player|p2|Teckel1|rocketgrunt|1018\n|teamsize|p1|6\n|teamsize|p2|6\n|gen|9\n|tier|[Gen 9] Anything Goes\n|rated|\n|rule|HP Percentage Mod: HP is shown in percentages\n|rule|Endless Battle Clause: Forcing endless battles is banned\n|clearpoke\n|poke|p1|Arcanine, F|\n|poke|p1|Jolteon, F|\n|poke|p1|Haxorus, M|\n|poke|p1|Weavile, M|\n|poke|p1|Espeon, M|\n|poke|p1|Dragonite, M|\n|poke|p2|Greninja-*, M|\n|poke|p2|Dragapult, F|\n|poke|p2|Ninetales-Alola, F|\n|poke|p2|Great Tusk|\n|poke|p2|Blissey, F|\n|poke|p2|Ceruledge, M|\n|teampreview\n|inactive|Battle timer is ON: inactive players will automatically lose when time's up. (requested by Teckel1)\n|\n|t:|1699291317\n|start\n|switch|p1a: Espeon|Espeon, M|100\/100\n|switch|p2a: Great Tusk|Great Tusk|100\/100\n|turn|1\n|\n|t:|1699291332\n|move|p1a: Espeon|Psychic|p2a: Great Tusk\n|-supereffective|p2a: Great Tusk\n|-damage|p2a: Great Tusk|0 fnt\n|faint|p2a: Great Tusk\n|-end|p2a: Great Tusk|Protosynthesis|[silent]\n|\n|upkeep\n|\n|t:|1699291338\n|switch|p2a: Dragapult|Dragapult, F|100\/100\n|turn|2\n|\n|t:|1699291343\n|move|p2a: Dragapult|Dragon Darts|p1a: Espeon\n|-damage|p1a: Espeon|38\/100\n|-anim|p2a: Dragapult|Dragon Darts|p1a: Espeon\n|-damage|p1a: Espeon|0 fnt\n|faint|p1a: Espeon\n|\n|upkeep\n|\n|t:|1699291351\n|switch|p1a: Weavile|Weavile, M|100\/100\n|-ability|p1a: Weavile|Pressure\n|turn|3\n|\n|t:|1699291361\n|move|p2a: Dragapult|Dragon Darts|p1a: Weavile\n|-damage|p1a: Weavile|43\/100\n|-anim|p2a: Dragapult|Dragon Darts|p1a: Weavile\n|-damage|p1a: Weavile|0 fnt\n|faint|p1a: Weavile\n|\n|upkeep\n|\n|t:|1699291373\n|switch|p1a: Jolteon|Jolteon, F|100\/100\n|turn|4\n|\n|t:|1699291382\n|move|p2a: Dragapult|Dragon Darts|p1a: Jolteon\n|-damage|p1a: Jolteon|35\/100\n|-anim|p2a: Dragapult|Dragon Darts|p1a: Jolteon\n|-damage|p1a: Jolteon|0 fnt\n|faint|p1a: Jolteon\n|\n|upkeep\n|\n|t:|1699291393\n|switch|p1a: Dragonite|Dragonite, M|100\/100\n|turn|5\n|\n|t:|1699291399\n|move|p2a: Dragapult|Dragon Darts|p1a: Dragonite\n|-supereffective|p1a: Dragonite\n|-damage|p1a: Dragonite|67\/100\n|-anim|p2a: Dragapult|Dragon Darts|p1a: Dragonite\n|-supereffective|p1a: Dragonite\n|-damage|p1a: Dragonite|2\/100\n|move|p1a: Dragonite|Dragon Tail|p2a: Dragapult\n|-supereffective|p2a: Dragapult\n|-damage|p2a: Dragapult|1\/100\n|drag|p2a: Blissey|Blissey, F|100\/100\n|\n|upkeep\n|turn|6\n|\n|t:|1699291416\n|move|p2a: Blissey|Drain Punch|p1a: Dragonite\n|-resisted|p1a: Dragonite\n|-damage|p1a: Dragonite|0 fnt\n|faint|p1a: Dragonite\n|\n|upkeep\n|\n|t:|1699291424\n|switch|p1a: Haxorus|Haxorus, M|100\/100\n|-ability|p1a: Haxorus|Mold Breaker\n|turn|7\n|\n|t:|1699291429\n|move|p1a: Haxorus|Dragon Dance|p1a: Haxorus\n|-boost|p1a: Haxorus|atk|1\n|-boost|p1a: Haxorus|spe|1\n|move|p2a: Blissey|Blizzard|p1a: Haxorus\n|-supereffective|p1a: Haxorus\n|-damage|p1a: Haxorus|36\/100\n|\n|upkeep\n|turn|8\n|\n|t:|1699291447\n|move|p1a: Haxorus|Outrage|p2a: Blissey\n|-damage|p2a: Blissey|0 fnt\n|faint|p2a: Blissey\n|\n|upkeep\n|\n|t:|1699291452\n|switch|p2a: Greninja|Greninja, M|100\/100\n|turn|9\n|\n|t:|1699291457\n|move|p1a: Haxorus|Outrage|p2a: Greninja|[from]lockedmove\n|-enditem|p2a: Greninja|Focus Sash\n|-damage|p2a: Greninja|1\/100\n|-start|p1a: Haxorus|confusion|[fatigue]\n|move|p2a: Greninja|Grass Knot|p1a: Haxorus\n|-resisted|p1a: Haxorus\n|-damage|p1a: Haxorus|11\/100\n|\n|upkeep\n|turn|10\n|\n|t:|1699291468\n|-activate|p1a: Haxorus|confusion\n|move|p1a: Haxorus|Outrage|p2a: Greninja\n|-damage|p2a: Greninja|0 fnt\n|faint|p2a: Greninja\n|\n|upkeep\n|\n|t:|1699291474\n|switch|p2a: Ninetales|Ninetales-Alola, F|100\/100\n|-weather|Snow|[from] ability: Snow Warning|[of] p2a: Ninetales\n|turn|11\n|\n|t:|1699291482\n|-end|p1a: Haxorus|confusion\n|move|p1a: Haxorus|Outrage|p2a: Ninetales|[from]lockedmove\n|-immune|p2a: Ninetales\n|move|p2a: Ninetales|Freeze-Dry|p1a: Haxorus\n|-supereffective|p1a: Haxorus\n|-damage|p1a: Haxorus|0 fnt\n|faint|p1a: Haxorus\n|\n|-weather|Snow|[upkeep]\n|upkeep\n|\n|t:|1699291490\n|switch|p1a: Arcanine|Arcanine, F|100\/100\n|-ability|p1a: Arcanine|Intimidate|boost\n|-unboost|p2a: Ninetales|atk|1\n|turn|12\n|\n|t:|1699291504\n|move|p2a: Ninetales|Zen Headbutt|p1a: Arcanine|[miss]\n|-miss|p2a: Ninetales|p1a: Arcanine\n|move|p1a: Arcanine|Flame Charge|p2a: Ninetales\n|-supereffective|p2a: Ninetales\n|-damage|p2a: Ninetales|34\/100\n|-boost|p1a: Arcanine|spe|1\n|\n|-weather|Snow|[upkeep]\n|-heal|p2a: Ninetales|40\/100|[from] item: Leftovers\n|upkeep\n|turn|13\n|\n|t:|1699291514\n|move|p1a: Arcanine|Flame Charge|p2a: Ninetales\n|-supereffective|p2a: Ninetales\n|-damage|p2a: Ninetales|0 fnt\n|-boost|p1a: Arcanine|spe|1\n|faint|p2a: Ninetales\n|\n|-weather|Snow|[upkeep]\n|upkeep\n|\n|t:|1699291522\n|switch|p2a: Ceruledge|Ceruledge, M|100\/100\n|turn|14\n|\n|t:|1699291534\n|-terastallize|p1a: Arcanine|Fire\n|move|p1a: Arcanine|Flare Blitz|p2a: Ceruledge\n|-resisted|p2a: Ceruledge\n|-damage|p2a: Ceruledge|36\/100\n|-ability|p2a: Ceruledge|Weak Armor|boost\n|-unboost|p2a: Ceruledge|def|1\n|-boost|p2a: Ceruledge|spe|2\n|-damage|p1a: Arcanine|81\/100|[from] Recoil\n|move|p2a: Ceruledge|Close Combat|p1a: Arcanine\n|-damage|p1a: Arcanine|32\/100\n|-unboost|p2a: Ceruledge|def|1\n|-unboost|p2a: Ceruledge|spd|1\n|\n|-weather|Snow|[upkeep]\n|-heal|p2a: Ceruledge|42\/100|[from] item: Leftovers\n|upkeep\n|turn|15\n|\n|t:|1699291556\n|move|p2a: Ceruledge|Close Combat|p1a: Arcanine\n|-damage|p1a: Arcanine|0 fnt\n|-unboost|p2a: Ceruledge|def|1\n|-unboost|p2a: Ceruledge|spd|1\n|faint|p1a: Arcanine\n|\n|win|Teckel1\n|raw|franzua's rating: 1053 &rarr; <strong>1033<\/strong><br \/>(-20 for losing)\n|raw|Teckel1's rating: 1018 &rarr; <strong>1059<\/strong><br \/>(+41 for winning)\n|l|\u2606franzua\n|c|\u2606Teckel1|GG\n","uploadtime":1699291592,"views":5,"p1id":"franzua","p2id":"teckel1","formatid":"gen9anythinggoes","rating":1033,"private":0,"password":""}