{"id":"gen9anythinggoes-1983111964","p1":"SkyPrincess420","p2":"Grill queen","format":"[Gen 9] Anything Goes","log":"|j|\u2606SkyPrincess420\n|j|\u2606Grill queen\n|t:|1699088721\n|gametype|singles\n|player|p1|SkyPrincess420|caitlin|1172\n|player|p2|Grill queen|wallace|1095\n|teamsize|p1|6\n|teamsize|p2|6\n|gen|9\n|tier|[Gen 9] Anything Goes\n|rated|\n|rule|HP Percentage Mod: HP is shown in percentages\n|rule|Endless Battle Clause: Forcing endless battles is banned\n|clearpoke\n|poke|p1|Tropius, M|\n|poke|p1|Cramorant, M|\n|poke|p1|Ditto|\n|poke|p1|Houndstone, F|\n|poke|p1|Chansey, F|\n|poke|p1|Weezing, F|\n|poke|p2|Toedscruel, F|\n|poke|p2|Flutter Mane|\n|poke|p2|Lilligant-Hisui, F|\n|poke|p2|Groudon|\n|poke|p2|Gholdengo|\n|poke|p2|Drifblim, M|\n|teampreview\n|\n|t:|1699088742\n|start\n|switch|p1a: Ditto|Ditto|100\/100\n|switch|p2a: Drifblim|Drifblim, M, shiny|100\/100\n|-transform|p1a: Ditto|p2a: Drifblim|[from] ability: Imposter\n|turn|1\n|\n|t:|1699088757\n|move|p1a: Ditto|Baton Pass|p1a: Ditto\n|\n|t:|1699088762\n|switch|p1a: Weezing|Weezing, F|100\/100|[from] Baton Pass\n|-ability|p1a: Weezing|Neutralizing Gas\n|move|p2a: Drifblim|Substitute|p2a: Drifblim\n|-start|p2a: Drifblim|Substitute\n|-damage|p2a: Drifblim|75\/100\n|\n|upkeep\n|turn|2\n|-activate|p2a: Drifblim|item: Quick Claw\n|\n|t:|1699088772\n|move|p2a: Drifblim|Minimize|p2a: Drifblim\n|-boost|p2a: Drifblim|evasion|2\n|move|p1a: Weezing|Toxic Spikes|p2a: Drifblim\n|-sidestart|p2: Grill queen|move: Toxic Spikes\n|\n|upkeep\n|turn|3\n|\n|t:|1699088783\n|move|p2a: Drifblim|Minimize|p2a: Drifblim\n|-boost|p2a: Drifblim|evasion|2\n|move|p1a: Weezing|Haze|p1a: Weezing\n|-clearallboost\n|\n|upkeep\n|turn|4\n|\n|t:|1699088797\n|move|p2a: Drifblim|Minimize|p2a: Drifblim\n|-boost|p2a: Drifblim|evasion|2\n|move|p1a: Weezing|Toxic Spikes|p2a: Drifblim\n|-sidestart|p2: Grill queen|move: Toxic Spikes\n|\n|upkeep\n|turn|5\n|-activate|p2a: Drifblim|item: Quick Claw\n|\n|t:|1699088805\n|move|p2a: Drifblim|Minimize|p2a: Drifblim\n|-boost|p2a: Drifblim|evasion|2\n|move|p1a: Weezing|Haze|p1a: Weezing\n|-clearallboost\n|\n|upkeep\n|turn|6\n|\n|t:|1699088823\n|-end|p1a: Weezing|ability: Neutralizing Gas\n|switch|p1a: Houndstone|Houndstone, F|100\/100\n|move|p2a: Drifblim|Baton Pass|p2a: Drifblim\n|\n|t:|1699088833\n|switch|p2a: Gholdengo|Gholdengo|100\/100|[from] Baton Pass\n|\n|upkeep\n|turn|7\n|\n|t:|1699088844\n|switch|p1a: Cramorant|Cramorant, M|100\/100\n|move|p2a: Gholdengo|Shadow Ball|p1a: Cramorant\n|-damage|p1a: Cramorant|70\/100\n|\n|upkeep\n|turn|8\n|\n|t:|1699088860\n|move|p2a: Gholdengo|Nasty Plot|p2a: Gholdengo\n|-boost|p2a: Gholdengo|spa|2\n|move|p1a: Cramorant|Surf|p2a: Gholdengo\n|-formechange|p1a: Cramorant|Cramorant-Gulping|\n|-activate|p2a: Gholdengo|move: Substitute|[damage]\n|\n|upkeep\n|turn|9\n|\n|t:|1699088869\n|move|p2a: Gholdengo|Make It Rain|p1a: Cramorant\n|-resisted|p1a: Cramorant\n|-damage|p1a: Cramorant|25\/100\n|-unboost|p2a: Gholdengo|spa|1\n|-damage|p2a: Gholdengo|76\/100|[from] ability: Gulp Missile|[of] p1a: Cramorant\n|-unboost|p2a: Gholdengo|def|1\n|-formechange|p1a: Cramorant|Cramorant|\n|move|p1a: Cramorant|Surf|p2a: Gholdengo\n|-formechange|p1a: Cramorant|Cramorant-Gorging|\n|-end|p2a: Gholdengo|Substitute\n|\n|upkeep\n|turn|10\n|\n|t:|1699088898\n|switch|p1a: Ditto|Ditto|100\/100\n|-transform|p1a: Ditto|p2a: Gholdengo|[from] ability: Imposter\n|move|p2a: Gholdengo|Make It Rain|p1a: Ditto\n|-resisted|p1a: Ditto\n|-damage|p1a: Ditto|45\/100\n|-unboost|p2a: Gholdengo|spa|1\n|\n|upkeep\n|turn|11\n|\n|t:|1699088914\n|move|p1a: Ditto|Shadow Ball|p2a: Gholdengo\n|-supereffective|p2a: Gholdengo\n|-damage|p2a: Gholdengo|0 fnt\n|faint|p2a: Gholdengo\n|\n|upkeep\n|\n|t:|1699088920\n|switch|p2a: Toedscruel|Toedscruel, F, shiny|100\/100\n|turn|12\n|\n|t:|1699088929\n|switch|p1a: Houndstone|Houndstone, F|100\/100\n|move|p2a: Toedscruel|Spore|p1a: Houndstone\n|-status|p1a: Houndstone|slp|[from] move: Spore\n|\n|upkeep\n|turn|13\n|\n|t:|1699088940\n|cant|p1a: Houndstone|slp\n|move|p2a: Toedscruel|Knock Off|p1a: Houndstone\n|-supereffective|p1a: Houndstone\n|-damage|p1a: Houndstone|67\/100 slp\n|-enditem|p1a: Houndstone|Smooth Rock|[from] move: Knock Off|[of] p2a: Toedscruel\n|\n|upkeep\n|turn|14\n|\n|t:|1699088947\n|cant|p1a: Houndstone|slp\n|move|p2a: Toedscruel|Knock Off|p1a: Houndstone\n|-supereffective|p1a: Houndstone\n|-damage|p1a: Houndstone|42\/100 slp\n|\n|upkeep\n|turn|15\n|\n|t:|1699088952\n|cant|p1a: Houndstone|slp\n|move|p2a: Toedscruel|Spore|p1a: Houndstone\n|-fail|p1a: Houndstone|slp\n|\n|upkeep\n|turn|16\n|\n|t:|1699088958\n|-curestatus|p1a: Houndstone|slp|[msg]\n|move|p1a: Houndstone|Will-O-Wisp|p2a: Toedscruel|[miss]\n|-miss|p1a: Houndstone|p2a: Toedscruel\n|move|p2a: Toedscruel|Knock Off|p1a: Houndstone\n|-supereffective|p1a: Houndstone\n|-damage|p1a: Houndstone|19\/100\n|\n|upkeep\n|turn|17\n|\n|t:|1699088968\n|move|p1a: Houndstone|Will-O-Wisp|p2a: Toedscruel\n|-status|p2a: Toedscruel|brn\n|move|p2a: Toedscruel|Knock Off|p1a: Houndstone\n|-supereffective|p1a: Houndstone\n|-damage|p1a: Houndstone|6\/100\n|\n|-damage|p2a: Toedscruel|95\/100 brn|[from] brn\n|upkeep\n|turn|18\n|\n|t:|1699088996\n|switch|p1a: Cramorant|Cramorant, M|25\/100\n|move|p2a: Toedscruel|Knock Off|p1a: Cramorant\n|-damage|p1a: Cramorant|12\/100\n|-enditem|p1a: Cramorant|Heavy-Duty Boots|[from] move: Knock Off|[of] p2a: Toedscruel\n|\n|-damage|p2a: Toedscruel|89\/100 brn|[from] brn\n|upkeep\n|turn|19\n|\n|t:|1699089010\n|switch|p1a: Houndstone|Houndstone, F|6\/100\n|move|p2a: Toedscruel|Flash Cannon|p1a: Houndstone\n|-damage|p1a: Houndstone|0 fnt\n|faint|p1a: Houndstone\n|\n|-damage|p2a: Toedscruel|83\/100 brn|[from] brn\n|upkeep\n|\n|t:|1699089026\n|switch|p1a: Tropius|Tropius, M|100\/100\n|turn|20\n|\n|t:|1699089043\n|move|p2a: Toedscruel|Flash Cannon|p1a: Tropius\n|-damage|p1a: Tropius|86\/100\n|move|p1a: Tropius|Air Slash|p2a: Toedscruel|[miss]\n|-miss|p1a: Tropius|p2a: Toedscruel\n|\n|-damage|p2a: Toedscruel|77\/100 brn|[from] brn\n|upkeep\n|turn|21\n|\n|t:|1699089060\n|move|p1a: Tropius|Protect|p1a: Tropius\n|-singleturn|p1a: Tropius|Protect\n|move|p2a: Toedscruel|Knock Off|p1a: Tropius\n|-activate|p1a: Tropius|move: Protect\n|\n|-damage|p2a: Toedscruel|71\/100 brn|[from] brn\n|upkeep\n|turn|22\n|\n|t:|1699089070\n|move|p2a: Toedscruel|Knock Off|p1a: Tropius\n|-damage|p1a: Tropius|81\/100\n|-enditem|p1a: Tropius|Sitrus Berry|[from] move: Knock Off|[of] p2a: Toedscruel\n|move|p1a: Tropius|Air Slash|p2a: Toedscruel\n|-supereffective|p2a: Toedscruel\n|-damage|p2a: Toedscruel|42\/100 brn\n|\n|-damage|p2a: Toedscruel|36\/100 brn|[from] brn\n|upkeep\n|turn|23\n|\n|t:|1699089084\n|switch|p2a: Drifblim|Drifblim, M, shiny|75\/100\n|move|p1a: Tropius|Substitute|p1a: Tropius\n|-start|p1a: Tropius|Substitute\n|-damage|p1a: Tropius|56\/100\n|\n|upkeep\n|turn|24\n|\n|t:|1699089092\n|move|p2a: Drifblim|Substitute|p2a: Drifblim\n|-start|p2a: Drifblim|Substitute\n|-damage|p2a: Drifblim|50\/100\n|move|p1a: Tropius|Leech Seed||[still]\n|-fail|p1a: Tropius\n|\n|upkeep\n|turn|25\n|\n|t:|1699089100\n|switch|p1a: Cramorant|Cramorant, M|12\/100\n|move|p2a: Drifblim|Minimize|p2a: Drifblim\n|-boost|p2a: Drifblim|evasion|2\n|\n|upkeep\n|turn|26\n|-activate|p2a: Drifblim|item: Quick Claw\n|\n|t:|1699089107\n|move|p2a: Drifblim|Minimize|p2a: Drifblim\n|-boost|p2a: Drifblim|evasion|2\n|move|p1a: Cramorant|Roost|p1a: Cramorant\n|-heal|p1a: Cramorant|62\/100\n|-singleturn|p1a: Cramorant|move: Roost\n|\n|upkeep\n|turn|27\n|\n|t:|1699089115\n|switch|p1a: Weezing|Weezing, F|100\/100\n|-ability|p1a: Weezing|Neutralizing Gas\n|move|p2a: Drifblim|Minimize|p2a: Drifblim\n|-boost|p2a: Drifblim|evasion|2\n|\n|upkeep\n|turn|28\n|\n|t:|1699089122\n|move|p2a: Drifblim|Baton Pass|p2a: Drifblim\n|\n|t:|1699089124\n|switch|p2a: Flutter Mane|Flutter Mane, shiny|100\/100|[from] Baton Pass\n|-status|p2a: Flutter Mane|tox\n|move|p1a: Weezing|Haze|p1a: Weezing\n|-clearallboost\n|\n|-damage|p2a: Flutter Mane|94\/100 tox|[from] psn\n|upkeep\n|turn|29\n|\n|t:|1699089139\n|-end|p1a: Weezing|ability: Neutralizing Gas\n|switch|p1a: Chansey|Chansey, F|100\/100\n|move|p2a: Flutter Mane|Dazzling Gleam|p1a: Chansey\n|-damage|p1a: Chansey|86\/100\n|\n|-damage|p2a: Flutter Mane|82\/100 tox|[from] psn\n|upkeep\n|turn|30\n|\n|t:|1699089150\n|move|p2a: Flutter Mane|Wish|p2a: Flutter Mane\n|move|p1a: Chansey|Stealth Rock|p2a: Flutter Mane\n|-sidestart|p2: Grill queen|move: Stealth Rock\n|\n|-damage|p2a: Flutter Mane|63\/100 tox|[from] psn\n|upkeep\n|turn|31\n|\n|t:|1699089160\n|move|p2a: Flutter Mane|Stored Power|p1a: Chansey\n|-damage|p1a: Chansey|84\/100\n|move|p1a: Chansey|Seismic Toss|p2a: Flutter Mane\n|-immune|p2a: Flutter Mane\n|\n|-heal|p2a: Flutter Mane|100\/100 tox|[from] move: Wish|[wisher] Flutter Mane\n|-damage|p2a: Flutter Mane|76\/100 tox|[from] psn\n|upkeep\n|turn|32\n|\n|t:|1699089171\n|-end|p2a: Flutter Mane|Protosynthesis|[silent]\n|switch|p2a: Toedscruel|Toedscruel, F, shiny|36\/100 brn\n|move|p1a: Chansey|Shadow Ball|p2a: Toedscruel\n|-damage|p2a: Toedscruel|29\/100 brn\n|\n|-damage|p2a: Toedscruel|23\/100 brn|[from] brn\n|upkeep\n|turn|33\n|\n|t:|1699089184\n|switch|p1a: Tropius|Tropius, M|56\/100\n|move|p2a: Toedscruel|Giga Drain|p1a: Tropius\n|-resisted|p1a: Tropius\n|-damage|p1a: Tropius|50\/100\n|-heal|p2a: Toedscruel|27\/100 brn|[from] drain|[of] p1a: Tropius\n|\n|-damage|p2a: Toedscruel|21\/100 brn|[from] brn\n|upkeep\n|turn|34\n|inactive|Battle timer is ON: inactive players will automatically lose when time's up. (requested by SkyPrincess420)\n|\n|t:|1699089201\n|switch|p2a: Drifblim|Drifblim, M, shiny|50\/100\n|-damage|p2a: Drifblim|25\/100|[from] Stealth Rock\n|move|p1a: Tropius|Air Slash|p2a: Drifblim\n|-damage|p2a: Drifblim|2\/100\n|\n|upkeep\n|turn|35\n|\n|t:|1699089213\n|move|p2a: Drifblim|Minimize|p2a: Drifblim\n|-boost|p2a: Drifblim|evasion|2\n|move|p1a: Tropius|Air Slash|p2a: Drifblim\n|-damage|p2a: Drifblim|0 fnt\n|faint|p2a: Drifblim\n|\n|upkeep\n|c|\u2606SkyPrincess420|Lol\n|\n|t:|1699089222\n|switch|p2a: Flutter Mane|Flutter Mane, shiny|76\/100 tox\n|-damage|p2a: Flutter Mane|63\/100 tox|[from] Stealth Rock\n|turn|36\n|\n|t:|1699089234\n|switch|p1a: Chansey|Chansey, F|84\/100\n|move|p2a: Flutter Mane|Wish|p2a: Flutter Mane\n|\n|-damage|p2a: Flutter Mane|57\/100 tox|[from] psn\n|upkeep\n|turn|37\n|\n|t:|1699089245\n|-end|p2a: Flutter Mane|Protosynthesis|[silent]\n|switch|p2a: Toedscruel|Toedscruel, F, shiny|21\/100 brn\n|move|p1a: Chansey|Seismic Toss|p2a: Toedscruel\n|-damage|p2a: Toedscruel|0 fnt\n|faint|p2a: Toedscruel\n|\n|upkeep\n|c|\u2606SkyPrincess420|Nope\n|\n|t:|1699089252\n|switch|p2a: Flutter Mane|Flutter Mane, shiny|57\/100 tox\n|-damage|p2a: Flutter Mane|45\/100 tox|[from] Stealth Rock\n|turn|38\n|\n|t:|1699089259\n|move|p2a: Flutter Mane|Wish|p2a: Flutter Mane\n|move|p1a: Chansey|Shadow Ball|p2a: Flutter Mane\n|-supereffective|p2a: Flutter Mane\n|-damage|p2a: Flutter Mane|28\/100 tox\n|\n|-damage|p2a: Flutter Mane|22\/100 tox|[from] psn\n|upkeep\n|-enditem|p2a: Flutter Mane|Salac Berry|[eat]\n|-boost|p2a: Flutter Mane|spe|1|[from] item: Salac Berry\n|turn|39\n|\n|t:|1699089272\n|move|p2a: Flutter Mane|Calm Mind|p2a: Flutter Mane\n|-boost|p2a: Flutter Mane|spa|1\n|-boost|p2a: Flutter Mane|spd|1\n|move|p1a: Chansey|Soft-Boiled|p1a: Chansey\n|-heal|p1a: Chansey|100\/100\n|\n|-heal|p2a: Flutter Mane|72\/100 tox|[from] move: Wish|[wisher] Flutter Mane\n|-damage|p2a: Flutter Mane|59\/100 tox|[from] psn\n|upkeep\n|turn|40\n|\n|t:|1699089285\n|move|p2a: Flutter Mane|Stored Power|p1a: Chansey\n|-damage|p1a: Chansey|88\/100\n|move|p1a: Chansey|Shadow Ball|p2a: Flutter Mane\n|-supereffective|p2a: Flutter Mane\n|-damage|p2a: Flutter Mane|49\/100 tox\n|-unboost|p2a: Flutter Mane|spd|1\n|\n|-damage|p2a: Flutter Mane|30\/100 tox|[from] psn\n|upkeep\n|turn|41\n|\n|t:|1699089295\n|move|p2a: Flutter Mane|Wish|p2a: Flutter Mane\n|move|p1a: Chansey|Shadow Ball|p2a: Flutter Mane\n|-supereffective|p2a: Flutter Mane\n|-damage|p2a: Flutter Mane|15\/100 tox\n|\n|-damage|p2a: Flutter Mane|0 fnt|[from] psn\n|faint|p2a: Flutter Mane\n|-end|p2a: Flutter Mane|Protosynthesis|[silent]\n|upkeep\n|\n|t:|1699089302\n|switch|p2a: Groudon|Groudon|100\/100\n|-status|p2a: Groudon|tox\n|-damage|p2a: Groudon|94\/100 tox|[from] Stealth Rock\n|-weather|SunnyDay|[from] ability: Drought|[of] p2a: Groudon\n|turn|42\n|\n|t:|1699089312\n|move|p2a: Groudon|Earthquake|p1a: Chansey\n|-damage|p1a: Chansey|56\/100\n|move|p1a: Chansey|Seismic Toss|p2a: Groudon\n|-damage|p2a: Groudon|69\/100 tox\n|\n|-weather|SunnyDay|[upkeep]\n|-heal|p2a: Groudon|100\/100 tox|[from] move: Wish|[wisher] Flutter Mane\n|-damage|p2a: Groudon|94\/100 tox|[from] psn\n|upkeep\n|turn|43\n|\n|t:|1699089324\n|move|p2a: Groudon|Earthquake|p1a: Chansey\n|-damage|p1a: Chansey|25\/100\n|move|p1a: Chansey|Soft-Boiled|p1a: Chansey\n|-heal|p1a: Chansey|75\/100\n|\n|-weather|SunnyDay|[upkeep]\n|-damage|p2a: Groudon|82\/100 tox|[from] psn\n|upkeep\n|turn|44\n|-message|Grill queen forfeited.\n|\n|win|SkyPrincess420\n|raw|SkyPrincess420's rating: 1172 &rarr; <strong>1192<\/strong><br \/>(+20 for winning)\n|raw|Grill queen's rating: 1095 &rarr; <strong>1076<\/strong><br \/>(-19 for losing)\n|l|\u2606Grill queen\n","uploadtime":1699089336,"views":6,"p1id":"skyprincess420","p2id":"grillqueen","formatid":"gen9anythinggoes","rating":1076,"private":0,"password":""}