{"id":"gen9anythinggoes-1984641154","p1":"A Bread Sandwich","p2":"ymmwinaround","format":"[Gen 9] Anything Goes","log":"|j|\u2606A Bread Sandwich\n|j|\u2606ymmwinaround\n|inactive|Battle timer is ON: inactive players will automatically lose when time's up.\n|t:|1699287077\n|gametype|singles\n|player|p1|A Bread Sandwich|triathleteswimmer-gen6|\n|player|p2|ymmwinaround|jogger|\n|teamsize|p1|6\n|teamsize|p2|6\n|gen|9\n|tier|[Gen 9] Anything Goes\n|rated|Tournament battle\n|rule|HP Percentage Mod: HP is shown in percentages\n|rule|Endless Battle Clause: Forcing endless battles is banned\n|clearpoke\n|poke|p1|Alomomola, F|\n|poke|p1|Blissey, F|\n|poke|p1|Mandibuzz, F|\n|poke|p1|Dondozo, F|\n|poke|p1|Clodsire, M|\n|poke|p1|Dachsbun, M|\n|poke|p2|Ting-Lu|\n|poke|p2|Arceus|\n|poke|p2|Calyrex-Shadow|\n|poke|p2|Toxapex, M|\n|poke|p2|Arceus-Fairy|\n|poke|p2|Espeon, M|\n|teampreview\n|c|\u2606ymmwinaround|ugh\n|j| aaape big eavo\n|\n|t:|1699287094\n|start\n|switch|p1a: Alomomola|Alomomola, F|100\/100\n|switch|p2a: Calyrex|Calyrex-Shadow|100\/100\n|-ability|p2a: Calyrex|As One\n|-ability|p2a: Calyrex|Unnerve\n|turn|1\n|j| artemisery\n|\n|t:|1699287101\n|switch|p1a: Mandibuzz|Mandibuzz, F|100\/100\n|move|p2a: Calyrex|Trick|p1a: Mandibuzz\n|-activate|p2a: Calyrex|move: Trick|[of] p1a: Mandibuzz\n|-item|p1a: Mandibuzz|Choice Specs|[from] move: Trick\n|-item|p2a: Calyrex|Heavy-Duty Boots|[from] move: Trick\n|\n|upkeep\n|turn|2\n|\n|t:|1699287112\n|switch|p2a: Arceus|Arceus-Fairy|100\/100\n|move|p1a: Mandibuzz|Knock Off|p2a: Arceus\n|-resisted|p2a: Arceus\n|-damage|p2a: Arceus|96\/100\n|\n|upkeep\n|turn|3\n|c| artemisery|the stall with the dachsbun :scream:\n|\n|t:|1699287120\n|switch|p1a: Clodsire|Clodsire, M|100\/100\n|move|p2a: Arceus|Calm Mind|p2a: Arceus\n|-boost|p2a: Arceus|spa|1\n|-boost|p2a: Arceus|spd|1\n|\n|upkeep\n|turn|4\n|\n|t:|1699287133\n|-terastallize|p2a: Arceus|Poison\n|move|p2a: Arceus|Will-O-Wisp|p1a: Clodsire\n|-status|p1a: Clodsire|brn\n|move|p1a: Clodsire|Toxic|p2a: Arceus\n|-immune|p2a: Arceus\n|\n|-damage|p1a: Clodsire|94\/100 brn|[from] brn\n|upkeep\n|turn|5\n|\n|t:|1699287147\n|switch|p1a: Dondozo|Dondozo, F|100\/100\n|move|p2a: Arceus|Calm Mind|p2a: Arceus\n|-boost|p2a: Arceus|spa|1\n|-boost|p2a: Arceus|spd|1\n|\n|upkeep\n|turn|6\n|\n|t:|1699287151\n|move|p2a: Arceus|Will-O-Wisp|p1a: Dondozo\n|-status|p1a: Dondozo|brn\n|move|p1a: Dondozo|Fissure|p2a: Arceus|[miss]\n|-miss|p1a: Dondozo|p2a: Arceus\n|\n|-damage|p1a: Dondozo|94\/100 brn|[from] brn\n|upkeep\n|turn|7\n|c|\u2606ymmwinaround|no way\n|\n|t:|1699287172\n|move|p2a: Arceus|Judgment|p1a: Dondozo\n|-damage|p1a: Dondozo|46\/100 brn\n|move|p1a: Dondozo|Fissure|p2a: Arceus|[miss]\n|-miss|p1a: Dondozo|p2a: Arceus\n|\n|-heal|p1a: Dondozo|52\/100 brn|[from] item: Leftovers\n|-damage|p1a: Dondozo|46\/100 brn|[from] brn\n|upkeep\n|turn|8\n|\n|t:|1699287179\n|switch|p1a: Blissey|Blissey, F|100\/100\n|move|p2a: Arceus|Judgment|p1a: Blissey\n|-damage|p1a: Blissey|72\/100\n|\n|upkeep\n|turn|9\n|\n|t:|1699287192\n|switch|p2a: Ting-Lu|Ting-Lu|100\/100\n|-ability|p2a: Ting-Lu|Vessel of Ruin\n|move|p1a: Blissey|Seismic Toss|p2a: Ting-Lu\n|-damage|p2a: Ting-Lu|80\/100\n|\n|-heal|p2a: Ting-Lu|87\/100|[from] item: Leftovers\n|upkeep\n|turn|10\n|\n|t:|1699287199\n|move|p1a: Blissey|Soft-Boiled|p1a: Blissey\n|-heal|p1a: Blissey|100\/100\n|move|p2a: Ting-Lu|Spikes|p1a: Blissey\n|-sidestart|p1: A Bread Sandwich|Spikes\n|\n|-heal|p2a: Ting-Lu|93\/100|[from] item: Leftovers\n|upkeep\n|turn|11\n|\n|t:|1699287203\n|switch|p1a: Mandibuzz|Mandibuzz, F|100\/100\n|move|p2a: Ting-Lu|Whirlwind|p1a: Mandibuzz\n|drag|p1a: Blissey|Blissey, F|100\/100\n|\n|-heal|p2a: Ting-Lu|99\/100|[from] item: Leftovers\n|upkeep\n|turn|12\n|\n|t:|1699287211\n|switch|p1a: Mandibuzz|Mandibuzz, F|100\/100\n|move|p2a: Ting-Lu|Taunt|p1a: Mandibuzz\n|-start|p1a: Mandibuzz|move: Taunt\n|\n|-heal|p2a: Ting-Lu|100\/100|[from] item: Leftovers\n|upkeep\n|turn|13\n|\n|t:|1699287215\n|move|p1a: Mandibuzz|Knock Off|p2a: Ting-Lu\n|-resisted|p2a: Ting-Lu\n|-damage|p2a: Ting-Lu|93\/100\n|-enditem|p2a: Ting-Lu|Leftovers|[from] move: Knock Off|[of] p1a: Mandibuzz\n|move|p2a: Ting-Lu|Spikes|p1a: Mandibuzz\n|-sidestart|p1: A Bread Sandwich|Spikes\n|\n|upkeep\n|turn|14\n|\n|t:|1699287221\n|switch|p1a: Blissey|Blissey, F|100\/100\n|move|p2a: Ting-Lu|Whirlwind|p1a: Blissey\n|drag|p1a: Dachsbun|Dachsbun, M|100\/100\n|-damage|p1a: Dachsbun|84\/100|[from] Spikes\n|\n|upkeep\n|turn|15\n|\n|t:|1699287229\n|switch|p2a: Toxapex|Toxapex, M|100\/100\n|move|p1a: Dachsbun|Wish|p1a: Dachsbun\n|\n|upkeep\n|turn|16\n|\n|t:|1699287237\n|switch|p1a: Dondozo|Dondozo, F|46\/100 brn\n|-damage|p1a: Dondozo|29\/100 brn|[from] Spikes\n|move|p2a: Toxapex|Toxic||[still]\n|-fail|p2a: Toxapex\n|\n|-heal|p1a: Dondozo|61\/100 brn|[from] move: Wish|[wisher] Dachsbun\n|-heal|p1a: Dondozo|67\/100 brn|[from] item: Leftovers\n|-damage|p1a: Dondozo|61\/100 brn|[from] brn\n|upkeep\n|turn|17\n|\n|t:|1699287243\n|move|p1a: Dondozo|Rest|p1a: Dondozo\n|-status|p1a: Dondozo|slp|[from] move: Rest\n|-heal|p1a: Dondozo|100\/100 slp|[silent]\n|move|p2a: Toxapex|Toxic Spikes|p1a: Dondozo\n|-sidestart|p1: A Bread Sandwich|move: Toxic Spikes\n|\n|upkeep\n|turn|18\n|\n|t:|1699287248\n|move|p2a: Toxapex|Toxic Spikes|p1a: Dondozo\n|-sidestart|p1: A Bread Sandwich|move: Toxic Spikes\n|cant|p1a: Dondozo|slp\n|move|p1a: Dondozo|Sleep Talk|p1a: Dondozo\n|move|p1a: Dondozo|Rest||[from]move: Sleep Talk|[still]\n|-fail|p1a: Dondozo\n|\n|upkeep\n|turn|19\n|\n|t:|1699287261\n|move|p2a: Toxapex|Toxic||[still]\n|-fail|p2a: Toxapex\n|cant|p1a: Dondozo|slp\n|move|p1a: Dondozo|Sleep Talk|p1a: Dondozo\n|move|p1a: Dondozo|Rest||[from]move: Sleep Talk|[still]\n|-fail|p1a: Dondozo\n|\n|upkeep\n|turn|20\n|\n|t:|1699287273\n|switch|p1a: Mandibuzz|Mandibuzz, F|100\/100\n|move|p2a: Toxapex|Toxic|p1a: Mandibuzz\n|-status|p1a: Mandibuzz|tox\n|\n|-damage|p1a: Mandibuzz|94\/100 tox|[from] psn\n|upkeep\n|turn|21\n|c| artemisery|wheres the homosexual mons tio prevent ferro from doing anything\n|c|\u2606ymmwinaround|what\n|\n|t:|1699287286\n|switch|p2a: Ting-Lu|Ting-Lu|93\/100\n|-ability|p2a: Ting-Lu|Vessel of Ruin\n|-terastallize|p1a: Mandibuzz|Poison\n|move|p1a: Mandibuzz|Defog|p2a: Ting-Lu\n|-unboost|p2a: Ting-Lu|evasion|1\n|-sideend|p1: A Bread Sandwich|Spikes|[from] move: Defog|[of] p1a: Mandibuzz\n|-sideend|p1: A Bread Sandwich|Toxic Spikes|[from] move: Defog|[of] p1a: Mandibuzz\n|\n|-damage|p1a: Mandibuzz|82\/100 tox|[from] psn\n|upkeep\n|turn|22\n|\n|t:|1699287295\n|switch|p1a: Dondozo|Dondozo, F|100\/100 slp\n|switch|p2a: Calyrex|Calyrex-Shadow|100\/100\n|-ability|p2a: Calyrex|As One\n|-ability|p2a: Calyrex|Unnerve\n|\n|upkeep\n|turn|23\n|\n|t:|1699287309\n|switch|p1a: Blissey|Blissey, F|100\/100\n|move|p2a: Calyrex|Psyshock|p1a: Blissey\n|-damage|p1a: Blissey|53\/100\n|\n|upkeep\n|turn|24\n|c|\u2606A Bread Sandwich|Homophobic ferrothorn meme\n|c|\u2606A Bread Sandwich|lmao\n|c| artemisery|homophobic ferrothorn is smogon joke involving slowbro dating exeggutor and ferrothorn being upset about it\n|\n|t:|1699287332\n|switch|p2a: Ting-Lu|Ting-Lu|93\/100\n|-ability|p2a: Ting-Lu|Vessel of Ruin\n|move|p1a: Blissey|Soft-Boiled|p1a: Blissey\n|-heal|p1a: Blissey|100\/100\n|\n|upkeep\n|turn|25\n|\n|t:|1699287342\n|switch|p1a: Dondozo|Dondozo, F|100\/100 slp\n|move|p2a: Ting-Lu|Taunt|p1a: Dondozo\n|-start|p1a: Dondozo|move: Taunt\n|\n|upkeep\n|turn|26\n|inactive|ymmwinaround has 120 seconds left.\n|\n|t:|1699287373\n|-curestatus|p1a: Dondozo|slp|[msg]\n|move|p1a: Dondozo|Fissure|p2a: Ting-Lu|[miss]\n|-miss|p1a: Dondozo|p2a: Ting-Lu\n|move|p2a: Ting-Lu|Whirlwind|p1a: Dondozo\n|drag|p1a: Mandibuzz|Mandibuzz, F, tera:Poison|82\/100 tox\n|\n|-damage|p1a: Mandibuzz|76\/100 tox|[from] psn\n|upkeep\n|turn|27\n|\n|t:|1699287384\n|switch|p1a: Dondozo|Dondozo, F|100\/100\n|move|p2a: Ting-Lu|Taunt|p1a: Dondozo\n|-start|p1a: Dondozo|move: Taunt\n|\n|upkeep\n|turn|28\n|\n|t:|1699287388\n|move|p1a: Dondozo|Fissure|p2a: Ting-Lu|[miss]\n|-miss|p1a: Dondozo|p2a: Ting-Lu\n|move|p2a: Ting-Lu|Whirlwind|p1a: Dondozo\n|drag|p1a: Dachsbun|Dachsbun, M|84\/100\n|\n|upkeep\n|turn|29\n|\n|t:|1699287393\n|switch|p1a: Dondozo|Dondozo, F|100\/100\n|move|p2a: Ting-Lu|Spikes|p1a: Dondozo\n|-sidestart|p1: A Bread Sandwich|Spikes\n|\n|upkeep\n|turn|30\n|\n|t:|1699287400\n|switch|p2a: Arceus|Arceus|100\/100\n|move|p1a: Dondozo|Fissure|p2a: Arceus|[miss]\n|-miss|p1a: Dondozo|p2a: Arceus\n|\n|upkeep\n|turn|31\n|c|\u2606A Bread Sandwich|if I don't hit a single fissure this match is rigged\n|\n|t:|1699287409\n|move|p2a: Arceus|Extreme Speed|p1a: Dondozo\n|-damage|p1a: Dondozo|81\/100\n|move|p1a: Dondozo|Body Press|p2a: Arceus\n|-supereffective|p2a: Arceus\n|-damage|p2a: Arceus|61\/100\n|\n|-heal|p1a: Dondozo|87\/100|[from] item: Leftovers\n|upkeep\n|turn|32\n|c|\u2606ymmwinaround|please dont hit a fissure\n|\n|t:|1699287419\n|move|p2a: Arceus|Extreme Speed|p1a: Dondozo\n|-damage|p1a: Dondozo|70\/100\n|move|p1a: Dondozo|Body Press|p2a: Arceus\n|-supereffective|p2a: Arceus\n|-damage|p2a: Arceus|21\/100\n|\n|-heal|p1a: Dondozo|76\/100|[from] item: Leftovers\n|upkeep\n|turn|33\n|\n|t:|1699287424\n|switch|p2a: Toxapex|Toxapex, M|100\/100\n|move|p1a: Dondozo|Body Press|p2a: Toxapex\n|-resisted|p2a: Toxapex\n|-damage|p2a: Toxapex|92\/100\n|-damage|p1a: Dondozo|60\/100|[from] item: Rocky Helmet|[of] p2a: Toxapex\n|\n|-heal|p1a: Dondozo|66\/100|[from] item: Leftovers\n|upkeep\n|turn|34\n|\n|t:|1699287429\n|switch|p2a: Arceus|Arceus|21\/100\n|move|p1a: Dondozo|Fissure|p2a: Arceus\n|-damage|p2a: Arceus|0 fnt\n|faint|p2a: Arceus\n|-ohko\n|\n|-heal|p1a: Dondozo|72\/100|[from] item: Leftovers\n|upkeep\n|c|\u2606ymmwinaround|there you go\n|c|\u2606A Bread Sandwich|finally\n|c|\u2606A Bread Sandwich|not the one I wanted to hit tho\n|c|\u2606A Bread Sandwich|lol\n|\n|t:|1699287457\n|switch|p2a: Arceus|Arceus-Fairy, tera:Poison|96\/100\n|turn|35\n|\n|t:|1699287469\n|switch|p1a: Blissey|Blissey, F|100\/100\n|move|p2a: Arceus|Judgment|p1a: Blissey\n|-damage|p1a: Blissey|86\/100\n|\n|upkeep\n|turn|36\n|\n|t:|1699287474\n|switch|p2a: Ting-Lu|Ting-Lu|93\/100\n|-ability|p2a: Ting-Lu|Vessel of Ruin\n|move|p1a: Blissey|Seismic Toss|p2a: Ting-Lu\n|-damage|p2a: Ting-Lu|73\/100\n|\n|upkeep\n|turn|37\n|\n|t:|1699287479\n|switch|p1a: Dondozo|Dondozo, F|72\/100\n|-damage|p1a: Dondozo|60\/100|[from] Spikes\n|move|p2a: Ting-Lu|Whirlwind|p1a: Dondozo\n|drag|p1a: Mandibuzz|Mandibuzz, F, tera:Poison|76\/100 tox\n|-damage|p1a: Mandibuzz|64\/100 tox|[from] Spikes\n|\n|-damage|p1a: Mandibuzz|57\/100 tox|[from] psn\n|upkeep\n|turn|38\n|\n|t:|1699287489\n|move|p1a: Mandibuzz|Roost|p1a: Mandibuzz\n|-heal|p1a: Mandibuzz|100\/100 tox\n|move|p2a: Ting-Lu|Spikes|p1a: Mandibuzz\n|-sidestart|p1: A Bread Sandwich|Spikes\n|\n|-damage|p1a: Mandibuzz|88\/100 tox|[from] psn\n|upkeep\n|turn|39\n|\n|t:|1699287497\n|switch|p1a: Alomomola|Alomomola, F|100\/100\n|-damage|p1a: Alomomola|84\/100|[from] Spikes\n|move|p2a: Ting-Lu|Whirlwind|p1a: Alomomola\n|drag|p1a: Clodsire|Clodsire, M|94\/100 brn\n|-damage|p1a: Clodsire|78\/100 brn|[from] Spikes\n|\n|-heal|p1a: Clodsire|84\/100 brn|[from] item: Leftovers\n|-damage|p1a: Clodsire|78\/100 brn|[from] brn\n|upkeep\n|turn|40\n|\n|t:|1699287509\n|switch|p2a: Toxapex|Toxapex, M|100\/100\n|move|p1a: Clodsire|Toxic|p2a: Toxapex\n|-immune|p2a: Toxapex\n|\n|-heal|p1a: Clodsire|84\/100 brn|[from] item: Leftovers\n|-damage|p1a: Clodsire|78\/100 brn|[from] brn\n|upkeep\n|turn|41\n|\n|t:|1699287526\n|switch|p1a: Mandibuzz|Mandibuzz, F, tera:Poison|88\/100 tox\n|-damage|p1a: Mandibuzz|72\/100 tox|[from] Spikes\n|move|p2a: Toxapex|Toxic|p1a: Mandibuzz\n|-fail|p1a: Mandibuzz|tox\n|\n|-damage|p1a: Mandibuzz|66\/100 tox|[from] psn\n|upkeep\n|turn|42\n|\n|t:|1699287548\n|switch|p2a: Ting-Lu|Ting-Lu|73\/100\n|-ability|p2a: Ting-Lu|Vessel of Ruin\n|move|p1a: Mandibuzz|Defog|p2a: Ting-Lu\n|-unboost|p2a: Ting-Lu|evasion|1\n|-sideend|p1: A Bread Sandwich|Spikes|[from] move: Defog|[of] p1a: Mandibuzz\n|\n|-damage|p1a: Mandibuzz|53\/100 tox|[from] psn\n|upkeep\n|turn|43\n|\n|t:|1699287561\n|switch|p1a: Dondozo|Dondozo, F|60\/100\n|move|p2a: Ting-Lu|Spikes|p1a: Dondozo\n|-sidestart|p1: A Bread Sandwich|Spikes\n|\n|-heal|p1a: Dondozo|66\/100|[from] item: Leftovers\n|upkeep\n|turn|44\n|\n|t:|1699287571\n|switch|p2a: Arceus|Arceus-Fairy, tera:Poison|96\/100\n|move|p1a: Dondozo|Fissure|p2a: Arceus|[miss]\n|-miss|p1a: Dondozo|p2a: Arceus\n|\n|-heal|p1a: Dondozo|72\/100|[from] item: Leftovers\n|upkeep\n|turn|45\n|c|\u2606ymmwinaround|one more\n|\n|t:|1699287581\n|move|p2a: Arceus|Judgment|p1a: Dondozo\n|-damage|p1a: Dondozo|30\/100\n|move|p1a: Dondozo|Fissure|p2a: Arceus\n|-damage|p2a: Arceus|0 fnt\n|faint|p2a: Arceus\n|-ohko\n|\n|-heal|p1a: Dondozo|36\/100|[from] item: Leftovers\n|upkeep\n|c|\u2606A Bread Sandwich|yeet\n|\n|t:|1699287591\n|switch|p2a: Calyrex|Calyrex-Shadow|100\/100\n|-ability|p2a: Calyrex|As One\n|-ability|p2a: Calyrex|Unnerve\n|turn|46\n|c| artemisery|narrator voice: those were the rigged ones\n|\n|t:|1699287612\n|switch|p1a: Alomomola|Alomomola, F|100\/100\n|-damage|p1a: Alomomola|88\/100|[from] Spikes\n|move|p2a: Calyrex|Psyshock|p1a: Alomomola\n|-damage|p1a: Alomomola|61\/100\n|\n|upkeep\n|turn|47\n|\n|t:|1699287641\n|move|p1a: Alomomola|Protect|p1a: Alomomola\n|-singleturn|p1a: Alomomola|Protect\n|move|p2a: Calyrex|Grass Knot|p1a: Alomomola\n|-activate|p1a: Alomomola|move: Protect\n|\n|upkeep\n|turn|48\n|\n|t:|1699287649\n|move|p2a: Calyrex|Grass Knot|p1a: Alomomola\n|-supereffective|p1a: Alomomola\n|-damage|p1a: Alomomola|4\/100\n|-damage|p2a: Calyrex|84\/100|[from] item: Rocky Helmet|[of] p1a: Alomomola\n|move|p1a: Alomomola|Flip Turn|p2a: Calyrex\n|-damage|p2a: Calyrex|64\/100\n|\n|t:|1699287653\n|switch|p1a: Blissey|Blissey, F|86\/100|[from] Flip Turn\n|\n|upkeep\n|turn|49\n|\n|t:|1699287673\n|switch|p2a: Ting-Lu|Ting-Lu|73\/100\n|-ability|p2a: Ting-Lu|Vessel of Ruin\n|move|p1a: Blissey|Soft-Boiled|p1a: Blissey\n|-heal|p1a: Blissey|100\/100\n|\n|upkeep\n|turn|50\n|\n|t:|1699287679\n|switch|p1a: Alomomola|Alomomola, F|37\/100\n|-damage|p1a: Alomomola|25\/100|[from] Spikes\n|move|p2a: Ting-Lu|Taunt|p1a: Alomomola\n|-start|p1a: Alomomola|move: Taunt\n|\n|upkeep\n|turn|51\n|\n|t:|1699287685\n|switch|p2a: Toxapex|Toxapex, M|100\/100\n|switch|p1a: Dondozo|Dondozo, F|36\/100\n|-damage|p1a: Dondozo|23\/100|[from] Spikes\n|\n|-heal|p1a: Dondozo|29\/100|[from] item: Leftovers\n|upkeep\n|turn|52\n|\n|t:|1699287690\n|move|p1a: Dondozo|Rest|p1a: Dondozo\n|-status|p1a: Dondozo|slp|[from] move: Rest\n|-heal|p1a: Dondozo|100\/100 slp|[silent]\n|move|p2a: Toxapex|Toxic||[still]\n|-fail|p2a: Toxapex\n|\n|upkeep\n|turn|53\n|\n|t:|1699287700\n|switch|p2a: Espeon|Espeon, M|100\/100\n|cant|p1a: Dondozo|slp\n|move|p1a: Dondozo|Sleep Talk|p1a: Dondozo\n|move|p1a: Dondozo|Rest||[from]move: Sleep Talk|[still]\n|-fail|p1a: Dondozo\n|\n|upkeep\n|turn|54\n|c| artemisery|the espeon\n|\n|t:|1699287708\n|move|p2a: Espeon|Calm Mind|p2a: Espeon\n|-boost|p2a: Espeon|spa|1\n|-boost|p2a: Espeon|spd|1\n|cant|p1a: Dondozo|slp\n|move|p1a: Dondozo|Sleep Talk|p1a: Dondozo\n|move|p1a: Dondozo|Fissure|p2a: Espeon|[from]move: Sleep Talk|[miss]\n|-miss|p1a: Dondozo|p2a: Espeon\n|\n|upkeep\n|turn|55\n|\n|t:|1699287718\n|switch|p1a: Blissey|Blissey, F|100\/100\n|move|p2a: Espeon|Calm Mind|p2a: Espeon\n|-boost|p2a: Espeon|spa|1\n|-boost|p2a: Espeon|spd|1\n|\n|upkeep\n|turn|56\n|c| artemisery|what it do\n|\n|t:|1699287723\n|move|p2a: Espeon|Psychic|p1a: Blissey\n|-damage|p1a: Blissey|74\/100\n|move|p1a: Blissey|Seismic Toss|p2a: Espeon\n|-damage|p2a: Espeon|64\/100\n|\n|-heal|p2a: Espeon|70\/100|[from] item: Leftovers\n|upkeep\n|turn|57\n|\n|t:|1699287742\n|move|p2a: Espeon|Psychic|p1a: Blissey\n|-damage|p1a: Blissey|44\/100\n|move|p1a: Blissey|Seismic Toss|p2a: Espeon\n|-damage|p2a: Espeon|33\/100\n|\n|-heal|p2a: Espeon|39\/100|[from] item: Leftovers\n|upkeep\n|turn|58\n|\n|t:|1699287746\n|move|p2a: Espeon|Morning Sun|p2a: Espeon\n|-heal|p2a: Espeon|88\/100\n|move|p1a: Blissey|Soft-Boiled|p1a: Blissey\n|-heal|p1a: Blissey|94\/100\n|\n|-heal|p2a: Espeon|94\/100|[from] item: Leftovers\n|upkeep\n|turn|59\n|\n|t:|1699287754\n|move|p2a: Espeon|Calm Mind|p2a: Espeon\n|-boost|p2a: Espeon|spa|1\n|-boost|p2a: Espeon|spd|1\n|move|p1a: Blissey|Seismic Toss|p2a: Espeon\n|-damage|p2a: Espeon|57\/100\n|\n|-heal|p2a: Espeon|63\/100|[from] item: Leftovers\n|upkeep\n|turn|60\n|\n|t:|1699287761\n|move|p2a: Espeon|Psychic|p1a: Blissey\n|-damage|p1a: Blissey|59\/100\n|move|p1a: Blissey|Seismic Toss|p2a: Espeon\n|-damage|p2a: Espeon|26\/100\n|\n|-heal|p2a: Espeon|32\/100|[from] item: Leftovers\n|upkeep\n|turn|61\n|\n|t:|1699287765\n|move|p2a: Espeon|Morning Sun|p2a: Espeon\n|-heal|p2a: Espeon|82\/100\n|move|p1a: Blissey|Seismic Toss|p2a: Espeon\n|-damage|p2a: Espeon|45\/100\n|\n|-heal|p2a: Espeon|51\/100|[from] item: Leftovers\n|upkeep\n|turn|62\n|\n|t:|1699287769\n|move|p2a: Espeon|Morning Sun|p2a: Espeon\n|-heal|p2a: Espeon|100\/100\n|move|p1a: Blissey|Seismic Toss|p2a: Espeon\n|-damage|p2a: Espeon|64\/100\n|\n|-heal|p2a: Espeon|70\/100|[from] item: Leftovers\n|upkeep\n|turn|63\n|\n|t:|1699287772\n|move|p2a: Espeon|Calm Mind|p2a: Espeon\n|-boost|p2a: Espeon|spa|1\n|-boost|p2a: Espeon|spd|1\n|move|p1a: Blissey|Soft-Boiled|p1a: Blissey\n|-heal|p1a: Blissey|100\/100\n|\n|-heal|p2a: Espeon|75\/100|[from] item: Leftovers\n|upkeep\n|turn|64\n|\n|t:|1699287780\n|move|p2a: Espeon|Calm Mind|p2a: Espeon\n|-boost|p2a: Espeon|spa|1\n|-boost|p2a: Espeon|spd|1\n|move|p1a: Blissey|Seismic Toss|p2a: Espeon\n|-damage|p2a: Espeon|39\/100\n|\n|-heal|p2a: Espeon|44\/100|[from] item: Leftovers\n|upkeep\n|turn|65\n|\n|t:|1699287783\n|move|p2a: Espeon|Morning Sun|p2a: Espeon\n|-heal|p2a: Espeon|94\/100\n|move|p1a: Blissey|Seismic Toss|p2a: Espeon\n|-damage|p2a: Espeon|57\/100\n|\n|-heal|p2a: Espeon|63\/100|[from] item: Leftovers\n|upkeep\n|turn|66\n|\n|t:|1699287789\n|move|p2a: Espeon|Psychic|p1a: Blissey\n|-damage|p1a: Blissey|50\/100\n|move|p1a: Blissey|Seismic Toss|p2a: Espeon\n|-damage|p2a: Espeon|26\/100\n|\n|-heal|p2a: Espeon|32\/100|[from] item: Leftovers\n|upkeep\n|turn|67\n|\n|t:|1699287795\n|move|p2a: Espeon|Morning Sun|p2a: Espeon\n|-heal|p2a: Espeon|82\/100\n|move|p1a: Blissey|Seismic Toss|p2a: Espeon\n|-damage|p2a: Espeon|45\/100\n|\n|-heal|p2a: Espeon|51\/100|[from] item: Leftovers\n|upkeep\n|turn|68\n|\n|t:|1699287802\n|switch|p1a: Mandibuzz|Mandibuzz, F, tera:Poison|53\/100 tox\n|-damage|p1a: Mandibuzz|41\/100 tox|[from] Spikes\n|move|p2a: Espeon|Psychic|p1a: Mandibuzz\n|-supereffective|p1a: Mandibuzz\n|-damage|p1a: Mandibuzz|0 fnt\n|faint|p1a: Mandibuzz\n|\n|-heal|p2a: Espeon|57\/100|[from] item: Leftovers\n|upkeep\n|\n|t:|1699287804\n|switch|p1a: Dondozo|Dondozo, F|100\/100 slp\n|-damage|p1a: Dondozo|88\/100 slp|[from] Spikes\n|turn|69\n|c|\u2606ymmwinaround|phew\n|c|\u2606ymmwinaround|no 5-0\n|c|\u2606ymmwinaround|6\n|c|\u2606ymmwinaround|0\n|\n|t:|1699287813\n|move|p2a: Espeon|Calm Mind|p2a: Espeon\n|-boost|p2a: Espeon|spa|1\n|-boost|p2a: Espeon|spd|1\n|-curestatus|p1a: Dondozo|slp|[msg]\n|move|p1a: Dondozo|Body Press|p2a: Espeon\n|-resisted|p2a: Espeon\n|-damage|p2a: Espeon|30\/100\n|\n|-heal|p2a: Espeon|36\/100|[from] item: Leftovers\n|-heal|p1a: Dondozo|94\/100|[from] item: Leftovers\n|upkeep\n|turn|70\n|c|\u2606A Bread Sandwich|I lose\n|c|\u2606A Bread Sandwich|now\n|c|\u2606A Bread Sandwich|lmao\n|\n|t:|1699287825\n|move|p2a: Espeon|Morning Sun|p2a: Espeon\n|-heal|p2a: Espeon|86\/100\n|move|p1a: Dondozo|Rest|p1a: Dondozo\n|-status|p1a: Dondozo|slp|[from] move: Rest\n|-heal|p1a: Dondozo|100\/100 slp|[silent]\n|\n|-heal|p2a: Espeon|92\/100|[from] item: Leftovers\n|upkeep\n|turn|71\n|\n|t:|1699287830\n|move|p2a: Espeon|Psychic|p1a: Dondozo\n|-damage|p1a: Dondozo|53\/100 slp\n|cant|p1a: Dondozo|slp\n|move|p1a: Dondozo|Sleep Talk|p1a: Dondozo\n|move|p1a: Dondozo|Body Press|p2a: Espeon|[from]move: Sleep Talk\n|-resisted|p2a: Espeon\n|-damage|p2a: Espeon|65\/100\n|\n|-heal|p2a: Espeon|71\/100|[from] item: Leftovers\n|-heal|p1a: Dondozo|59\/100 slp|[from] item: Leftovers\n|upkeep\n|turn|72\n|\n|t:|1699287837\n|move|p2a: Espeon|Psychic|p1a: Dondozo\n|-damage|p1a: Dondozo|13\/100 slp\n|cant|p1a: Dondozo|slp\n|move|p1a: Dondozo|Sleep Talk|p1a: Dondozo\n|move|p1a: Dondozo|Rest||[from]move: Sleep Talk|[still]\n|-fail|p1a: Dondozo\n|\n|-heal|p2a: Espeon|77\/100|[from] item: Leftovers\n|-heal|p1a: Dondozo|19\/100 slp|[from] item: Leftovers\n|upkeep\n|turn|73\n|\n|t:|1699287848\n|move|p2a: Espeon|Psychic|p1a: Dondozo\n|-damage|p1a: Dondozo|0 fnt\n|faint|p1a: Dondozo\n|\n|-heal|p2a: Espeon|83\/100|[from] item: Leftovers\n|upkeep\n|c|\u2606A Bread Sandwich|yeah gg\n|-message|A Bread Sandwich forfeited.\n|\n|win|ymmwinaround\n|n|\u2606A Bread Sandwich|abreadsandwich\n|n|\u2606ymmwinaround|ymmwinaround\n|n| aaape big eavo|aaapebigeavo\n|n| artemisery|artemisery\n","uploadtime":1699287852,"views":4,"p1id":"abreadsandwich","p2id":"ymmwinaround","formatid":"gen9anythinggoes","rating":0,"private":0,"password":""}