{"id":"gen9anythinggoes-1986427509","p1":"Kmd1","p2":"BruhMyNameIsDylan","format":"[Gen 9] Anything Goes","log":"|j|\u2606Kmd1\n|j|\u2606BruhMyNameIsDylan\n|t:|1699478212\n|gametype|singles\n|player|p1|Kmd1|rancher|1343\n|player|p2|BruhMyNameIsDylan|hugh|1231\n|teamsize|p1|6\n|teamsize|p2|6\n|gen|9\n|tier|[Gen 9] Anything Goes\n|rated|\n|rule|HP Percentage Mod: HP is shown in percentages\n|rule|Endless Battle Clause: Forcing endless battles is banned\n|clearpoke\n|poke|p1|Klefki, F|\n|poke|p1|Copperajah, M|\n|poke|p1|Glalie, M|\n|poke|p1|Torkoal, M|\n|poke|p1|Masquerain, M|\n|poke|p1|Gengar, M|\n|poke|p2|Krookodile, M|\n|poke|p2|Honchkrow, M|\n|poke|p2|Decidueye-Hisui, F|\n|poke|p2|Crawdaunt, F|\n|poke|p2|Vespiquen, F|\n|poke|p2|Dunsparce, F|\n|teampreview\n|inactive|Battle timer is ON: inactive players will automatically lose when time's up. (requested by Kmd1)\n|\n|t:|1699478232\n|start\n|switch|p1a: Masquerain|Masquerain, M|100\/100\n|switch|p2a: Krookodile|Krookodile, M|100\/100\n|-ability|p1a: Masquerain|Intimidate|boost\n|-unboost|p2a: Krookodile|atk|1\n|turn|1\n|\n|t:|1699478239\n|move|p2a: Krookodile|Stealth Rock|p1a: Masquerain\n|-sidestart|p1: Kmd1|move: Stealth Rock\n|move|p1a: Masquerain|Stun Spore|p2a: Krookodile\n|-status|p2a: Krookodile|par\n|\n|upkeep\n|turn|2\n|\n|t:|1699478244\n|move|p1a: Masquerain|Sticky Web|p2a: Krookodile\n|-sidestart|p2: BruhMyNameIsDylan|move: Sticky Web\n|move|p2a: Krookodile|Stone Edge|p1a: Masquerain\n|-supereffective|p1a: Masquerain\n|-enditem|p1a: Masquerain|Focus Sash\n|-damage|p1a: Masquerain|1\/100\n|\n|upkeep\n|turn|3\n|\n|t:|1699478251\n|move|p1a: Masquerain|U-turn|p2a: Krookodile\n|-supereffective|p2a: Krookodile\n|-damage|p2a: Krookodile|50\/100 par\n|\n|t:|1699478254\n|switch|p1a: Torkoal|Torkoal, M|100\/100|[from] U-turn\n|-weather|SunnyDay|[from] ability: Drought|[of] p1a: Torkoal\n|move|p2a: Krookodile|Dragon Tail|p1a: Torkoal\n|-damage|p1a: Torkoal|94\/100\n|drag|p1a: Klefki|Klefki, F|100\/100\n|-damage|p1a: Klefki|95\/100|[from] Stealth Rock\n|\n|-weather|SunnyDay|[upkeep]\n|-heal|p1a: Klefki|100\/100|[from] item: Leftovers\n|upkeep\n|turn|4\n|\n|t:|1699478264\n|move|p1a: Klefki|Magnet Rise|p1a: Klefki\n|-start|p1a: Klefki|Magnet Rise\n|cant|p2a: Krookodile|par\n|\n|-weather|SunnyDay|[upkeep]\n|upkeep\n|turn|5\n|\n|t:|1699478269\n|move|p1a: Klefki|Reflect|p1a: Klefki\n|-sidestart|p1: Kmd1|Reflect\n|cant|p2a: Krookodile|par\n|\n|-weather|SunnyDay|[upkeep]\n|upkeep\n|turn|6\n|\n|t:|1699478273\n|move|p1a: Klefki|Spikes|p2a: Krookodile\n|-sidestart|p2: BruhMyNameIsDylan|Spikes\n|move|p2a: Krookodile|Shadow Claw|p1a: Klefki\n|-damage|p1a: Klefki|94\/100\n|\n|-weather|SunnyDay|[upkeep]\n|-heal|p1a: Klefki|99\/100|[from] item: Leftovers\n|upkeep\n|turn|7\n|\n|t:|1699478282\n|switch|p2a: Decidueye|Decidueye-Hisui, F|100\/100\n|-activate|p2a: Decidueye|move: Sticky Web\n|-unboost|p2a: Decidueye|spe|1\n|-damage|p2a: Decidueye|88\/100|[from] Spikes\n|move|p1a: Klefki|Spikes|p2a: Decidueye\n|-sidestart|p2: BruhMyNameIsDylan|Spikes\n|\n|-weather|none\n|-heal|p1a: Klefki|100\/100|[from] item: Leftovers\n|upkeep\n|turn|8\n|\n|t:|1699478288\n|-terastallize|p2a: Decidueye|Grass\n|move|p1a: Klefki|Thunder Wave|p2a: Decidueye\n|-status|p2a: Decidueye|par\n|move|p2a: Decidueye|Defog|p1a: Klefki\n|-unboost|p1a: Klefki|evasion|1\n|-sideend|p1: Kmd1|Reflect\n|-sideend|p1: Kmd1|Stealth Rock|[from] move: Defog|[of] p2a: Decidueye\n|-sideend|p2: BruhMyNameIsDylan|Spikes|[from] move: Defog|[of] p2a: Decidueye\n|-sideend|p2: BruhMyNameIsDylan|Sticky Web|[from] move: Defog|[of] p2a: Decidueye\n|\n|-end|p1a: Klefki|Magnet Rise\n|upkeep\n|turn|9\n|\n|t:|1699478299\n|switch|p1a: Torkoal|Torkoal, M|94\/100\n|-weather|SunnyDay|[from] ability: Drought|[of] p1a: Torkoal\n|switch|p2a: Crawdaunt|Crawdaunt, F|100\/100\n|\n|-weather|SunnyDay|[upkeep]\n|upkeep\n|turn|10\n|\n|t:|1699478305\n|move|p2a: Crawdaunt|Swords Dance|p2a: Crawdaunt\n|-boost|p2a: Crawdaunt|atk|2\n|move|p1a: Torkoal|Body Press|p2a: Crawdaunt\n|-supereffective|p2a: Crawdaunt\n|-damage|p2a: Crawdaunt|21\/100\n|\n|-weather|SunnyDay|[upkeep]\n|upkeep\n|turn|11\n|\n|t:|1699478317\n|-terastallize|p1a: Torkoal|Flying\n|move|p2a: Crawdaunt|Crabhammer|p1a: Torkoal\n|-damage|p1a: Torkoal|63\/100\n|move|p1a: Torkoal|Body Press|p2a: Crawdaunt\n|-supereffective|p2a: Crawdaunt\n|-damage|p2a: Crawdaunt|0 fnt\n|faint|p2a: Crawdaunt\n|\n|-weather|SunnyDay|[upkeep]\n|upkeep\n|\n|t:|1699478328\n|switch|p2a: Dunsparce|Dunsparce, F|100\/100\n|turn|12\n|\n|t:|1699478331\n|move|p2a: Dunsparce|Rock Slide|p1a: Torkoal\n|-supereffective|p1a: Torkoal\n|-crit|p1a: Torkoal\n|-damage|p1a: Torkoal|33\/100\n|cant|p1a: Torkoal|flinch\n|\n|-weather|SunnyDay|[upkeep]\n|upkeep\n|turn|13\n|\n|t:|1699478337\n|switch|p1a: Klefki|Klefki, F|100\/100\n|move|p2a: Dunsparce|Rock Slide|p1a: Klefki\n|-resisted|p1a: Klefki\n|-crit|p1a: Klefki\n|-damage|p1a: Klefki|89\/100\n|\n|-weather|none\n|-heal|p1a: Klefki|95\/100|[from] item: Leftovers\n|upkeep\n|turn|14\n|\n|t:|1699478343\n|move|p1a: Klefki|Thunder Wave|p2a: Dunsparce|[miss]\n|-miss|p1a: Klefki|p2a: Dunsparce\n|move|p2a: Dunsparce|Drill Run|p1a: Klefki\n|-supereffective|p1a: Klefki\n|-damage|p1a: Klefki|59\/100\n|\n|-heal|p1a: Klefki|65\/100|[from] item: Leftovers\n|upkeep\n|turn|15\n|\n|t:|1699478348\n|move|p1a: Klefki|Magnet Rise|p1a: Klefki\n|-start|p1a: Klefki|Magnet Rise\n|move|p2a: Dunsparce|Body Slam|p1a: Klefki\n|-resisted|p1a: Klefki\n|-damage|p1a: Klefki|51\/100\n|\n|-heal|p1a: Klefki|57\/100|[from] item: Leftovers\n|upkeep\n|turn|16\n|\n|t:|1699478355\n|move|p1a: Klefki|Thunder Wave|p2a: Dunsparce\n|-status|p2a: Dunsparce|par\n|cant|p2a: Dunsparce|par\n|\n|-heal|p1a: Klefki|63\/100|[from] item: Leftovers\n|upkeep\n|turn|17\n|\n|t:|1699478361\n|move|p1a: Klefki|Spikes|p2a: Dunsparce\n|-sidestart|p2: BruhMyNameIsDylan|Spikes\n|cant|p2a: Dunsparce|par\n|\n|-heal|p1a: Klefki|69\/100|[from] item: Leftovers\n|upkeep\n|turn|18\n|\n|t:|1699478365\n|move|p1a: Klefki|Spikes|p2a: Dunsparce\n|-sidestart|p2: BruhMyNameIsDylan|Spikes\n|cant|p2a: Dunsparce|par\n|\n|-heal|p1a: Klefki|75\/100|[from] item: Leftovers\n|upkeep\n|turn|19\n|c|\u2606BruhMyNameIsDylan|Dude you are so hell persistent\n|c|\u2606BruhMyNameIsDylan|I remove spikes and you keep adding It\n|c|\u2606Kmd1|So\n|inactive|BruhMyNameIsDylan has 120 seconds left.\n|c|\u2606BruhMyNameIsDylan|I hate people who do that\n|\n|t:|1699478405\n|move|p1a: Klefki|Spikes|p2a: Dunsparce\n|-sidestart|p2: BruhMyNameIsDylan|Spikes\n|move|p2a: Dunsparce|Last Resort|p1a: Klefki\n|-resisted|p1a: Klefki\n|-damage|p1a: Klefki|52\/100\n|\n|-heal|p1a: Klefki|58\/100|[from] item: Leftovers\n|-end|p1a: Klefki|Magnet Rise\n|upkeep\n|turn|20\n|inactive|BruhMyNameIsDylan has 120 seconds left.\n|\n|t:|1699478411\n|switch|p1a: Torkoal|Torkoal, M, tera:Flying|33\/100\n|-weather|SunnyDay|[from] ability: Drought|[of] p1a: Torkoal\n|move|p2a: Dunsparce|Body Slam|p1a: Torkoal\n|-damage|p1a: Torkoal|14\/100\n|\n|-weather|SunnyDay|[upkeep]\n|upkeep\n|turn|21\n|\n|t:|1699478420\n|move|p1a: Torkoal|Stealth Rock|p2a: Dunsparce\n|-sidestart|p2: BruhMyNameIsDylan|move: Stealth Rock\n|move|p2a: Dunsparce|Last Resort|p1a: Torkoal\n|-damage|p1a: Torkoal|0 fnt\n|faint|p1a: Torkoal\n|\n|-weather|SunnyDay|[upkeep]\n|upkeep\n|c|\u2606Kmd1|I mean\n|c|\u2606Kmd1|if it works\n|\n|t:|1699478428\n|switch|p1a: Gengar|Gengar, M|100\/100\n|turn|22\n|\n|t:|1699478431\n|move|p1a: Gengar|Toxic Spikes|p2a: Dunsparce\n|-sidestart|p2: BruhMyNameIsDylan|move: Toxic Spikes\n|cant|p2a: Dunsparce|par\n|\n|-weather|SunnyDay|[upkeep]\n|upkeep\n|turn|23\n|\n|t:|1699478436\n|move|p1a: Gengar|Toxic Spikes|p2a: Dunsparce\n|-sidestart|p2: BruhMyNameIsDylan|move: Toxic Spikes\n|cant|p2a: Dunsparce|par\n|\n|-weather|SunnyDay|[upkeep]\n|upkeep\n|turn|24\n|\n|t:|1699478441\n|switch|p1a: Masquerain|Masquerain, M|1\/100\n|-ability|p1a: Masquerain|Intimidate|boost\n|-unboost|p2a: Dunsparce|atk|1\n|move|p2a: Dunsparce|Drill Run|p1a: Masquerain\n|-immune|p1a: Masquerain\n|\n|-weather|none\n|upkeep\n|turn|25\n|\n|t:|1699478448\n|move|p1a: Masquerain|Sticky Web|p2a: Dunsparce\n|-sidestart|p2: BruhMyNameIsDylan|move: Sticky Web\n|move|p2a: Dunsparce|Body Slam|p1a: Masquerain\n|-damage|p1a: Masquerain|0 fnt\n|faint|p1a: Masquerain\n|\n|upkeep\n|\n|t:|1699478451\n|switch|p1a: Glalie|Glalie, M|100\/100\n|turn|26\n|\n|t:|1699478457\n|move|p1a: Glalie|Substitute|p1a: Glalie\n|-start|p1a: Glalie|Substitute\n|-damage|p1a: Glalie|75\/100\n|cant|p2a: Dunsparce|par\n|\n|-heal|p1a: Glalie|82\/100|[from] item: Leftovers\n|-ability|p1a: Glalie|Moody|boost\n|-boost|p1a: Glalie|spa|2\n|-unboost|p1a: Glalie|atk|1\n|upkeep\n|turn|27\n|\n|t:|1699478462\n|move|p1a: Glalie|Protect|p1a: Glalie\n|-singleturn|p1a: Glalie|Protect\n|move|p2a: Dunsparce|Last Resort|p1a: Glalie\n|-activate|p1a: Glalie|move: Protect\n|\n|-heal|p1a: Glalie|88\/100|[from] item: Leftovers\n|-ability|p1a: Glalie|Moody|boost\n|-boost|p1a: Glalie|def|2\n|-unboost|p1a: Glalie|spd|1\n|upkeep\n|turn|28\n|\n|t:|1699478468\n|move|p1a: Glalie|Freeze-Dry|p2a: Dunsparce\n|-damage|p2a: Dunsparce|52\/100 par\n|move|p2a: Dunsparce|Last Resort|p1a: Glalie\n|-activate|p1a: Glalie|move: Substitute|[damage]\n|\n|-heal|p1a: Glalie|94\/100|[from] item: Leftovers\n|-ability|p1a: Glalie|Moody|boost\n|-boost|p1a: Glalie|spa|2\n|-unboost|p1a: Glalie|def|1\n|upkeep\n|turn|29\n|\n|t:|1699478474\n|move|p1a: Glalie|Protect|p1a: Glalie\n|-singleturn|p1a: Glalie|Protect\n|cant|p2a: Dunsparce|par\n|\n|-heal|p1a: Glalie|99\/100|[from] item: Leftovers\n|-ability|p1a: Glalie|Moody|boost\n|-boost|p1a: Glalie|def|2\n|-unboost|p1a: Glalie|spe|1\n|upkeep\n|turn|30\n|\n|t:|1699478479\n|move|p1a: Glalie|Freeze-Dry|p2a: Dunsparce\n|-damage|p2a: Dunsparce|0 fnt\n|faint|p2a: Dunsparce\n|\n|-heal|p1a: Glalie|100\/100|[from] item: Leftovers\n|-ability|p1a: Glalie|Moody|boost\n|-boost|p1a: Glalie|spa|2\n|-unboost|p1a: Glalie|spe|1\n|upkeep\n|\n|t:|1699478484\n|switch|p2a: Decidueye|Decidueye-Hisui, F, tera:Grass|88\/100 par\n|-damage|p2a: Decidueye|63\/100 par|[from] Spikes\n|-damage|p2a: Decidueye|51\/100 par|[from] Stealth Rock\n|-activate|p2a: Decidueye|move: Sticky Web\n|-unboost|p2a: Decidueye|spe|1\n|turn|31\n|\n|t:|1699478490\n|move|p1a: Glalie|Freeze-Dry|p2a: Decidueye\n|-supereffective|p2a: Decidueye\n|-damage|p2a: Decidueye|0 fnt\n|faint|p2a: Decidueye\n|\n|-ability|p1a: Glalie|Moody|boost\n|-boost|p1a: Glalie|atk|2\n|-unboost|p1a: Glalie|spe|1\n|upkeep\n|\n|t:|1699478494\n|switch|p2a: Honchkrow|Honchkrow, M|100\/100\n|-damage|p2a: Honchkrow|76\/100|[from] Stealth Rock\n|turn|32\n|\n|t:|1699478501\n|move|p1a: Glalie|Protect|p1a: Glalie\n|-singleturn|p1a: Glalie|Protect\n|move|p2a: Honchkrow|Haze|p2a: Honchkrow\n|-clearallboost\n|\n|-ability|p1a: Glalie|Moody|boost\n|-boost|p1a: Glalie|def|2\n|-unboost|p1a: Glalie|spe|1\n|upkeep\n|turn|33\n|\n|t:|1699478508\n|move|p1a: Glalie|Freeze-Dry|p2a: Honchkrow\n|-supereffective|p2a: Honchkrow\n|-damage|p2a: Honchkrow|18\/100\n|-status|p2a: Honchkrow|frz\n|cant|p2a: Honchkrow|frz\n|\n|-ability|p1a: Glalie|Moody|boost\n|-boost|p1a: Glalie|spe|2\n|-unboost|p1a: Glalie|atk|1\n|upkeep\n|turn|34\n|c|\u2606Kmd1|Lol\n|c|\u2606BruhMyNameIsDylan|Man\n|c|\u2606BruhMyNameIsDylan|Im sorry for being salty\n|c|\u2606BruhMyNameIsDylan|But die in hell DUDE\n|c|\u2606Kmd1|It\u2019s all good\n|c|\u2606BruhMyNameIsDylan|Frozen Hazard spam\n|c|\u2606Kmd1|my team is supposed to just be cancer\n|inactive|BruhMyNameIsDylan has 120 seconds left.\n|c|\u2606Kmd1|Not good by any means. Live and die by the rng\n|c|\u2606BruhMyNameIsDylan|Then stop using a cancer team\n|c|\u2606BruhMyNameIsDylan|Its annoying\n|inactive|BruhMyNameIsDylan has 90 seconds left.\n|c|\u2606BruhMyNameIsDylan|and people dont like playing with annoying people\n|c|\u2606BruhMyNameIsDylan|Like me\n|c|\u2606Kmd1|I literally only play this game to see people rage when they switch into full hazard\n|c|\u2606Kmd1|Was better last gen when I had gmax spikes from the elephant\n|c|\u2606BruhMyNameIsDylan|Well congragulations then\n|inactive|BruhMyNameIsDylan has 60 seconds left.\n|-message|BruhMyNameIsDylan forfeited.\n|\n|win|Kmd1\n|raw|Kmd1's rating: 1343 &rarr; <strong>1357<\/strong><br \/>(+14 for winning)\n|raw|BruhMyNameIsDylan's rating: 1231 &rarr; <strong>1214<\/strong><br \/>(-17 for losing)\n","uploadtime":1699478526,"views":6,"p1id":"kmd1","p2id":"bruhmynameisdylan","formatid":"gen9anythinggoes","rating":1214,"private":0,"password":""}