{"id":"gen9anythinggoes-1999182628","p1":"shdowlss chrzrd","p2":"Mr Honey Brew","format":"[Gen 9] Anything Goes","log":"|j|\u2606shdowlss chrzrd\n|j|\u2606Mr Honey Brew\n|t:|1701042448\n|gametype|singles\n|player|p1|shdowlss chrzrd|morty|1071\n|player|p2|Mr Honey Brew|102|1161\n|teamsize|p1|6\n|teamsize|p2|6\n|gen|9\n|tier|[Gen 9] Anything Goes\n|rated|\n|rule|HP Percentage Mod: HP is shown in percentages\n|rule|Endless Battle Clause: Forcing endless battles is banned\n|clearpoke\n|poke|p1|Gallade, M|\n|poke|p1|Lycanroc, M|\n|poke|p1|Urshifu-*, M|\n|poke|p1|Ursaluna-Bloodmoon, M|\n|poke|p1|Greninja-*, M|\n|poke|p1|Mismagius, F|\n|poke|p2|Maushold-Four|\n|poke|p2|Flutter Mane|\n|poke|p2|Miraidon|\n|poke|p2|Rabsca, M|\n|poke|p2|Garganacl, F|\n|poke|p2|Houndstone, M|\n|teampreview\n|\n|t:|1701042456\n|start\n|switch|p1a: Megumi|Lycanroc, M, shiny|100\/100\n|switch|p2a: Flutter Mane|Flutter Mane, shiny|100\/100\n|turn|1\n|\n|t:|1701042462\n|move|p2a: Flutter Mane|Moonblast|p1a: Megumi\n|-damage|p1a: Megumi|35\/100\n|-unboost|p1a: Megumi|spa|1\n|-damage|p2a: Flutter Mane|91\/100|[from] item: Life Orb\n|move|p1a: Megumi|Stealth Rock|p2a: Flutter Mane\n|-sidestart|p2: Mr Honey Brew|move: Stealth Rock\n|\n|upkeep\n|turn|2\n|\n|t:|1701042473\n|move|p2a: Flutter Mane|Moonblast|p1a: Megumi\n|-damage|p1a: Megumi|0 fnt\n|faint|p1a: Megumi\n|-damage|p2a: Flutter Mane|81\/100|[from] item: Life Orb\n|\n|upkeep\n|\n|t:|1701042492\n|switch|p1a: Nanami|Gallade, M|100\/100\n|turn|3\n|\n|t:|1701042501\n|-terastallize|p1a: Nanami|Water\n|move|p2a: Flutter Mane|Moonblast|p1a: Nanami\n|-damage|p1a: Nanami|39\/100\n|-unboost|p1a: Nanami|spa|1\n|-enditem|p1a: Nanami|Sitrus Berry|[eat]\n|-heal|p1a: Nanami|64\/100|[from] item: Sitrus Berry\n|-damage|p2a: Flutter Mane|71\/100|[from] item: Life Orb\n|move|p1a: Nanami|Aqua Cutter|p2a: Flutter Mane\n|-damage|p2a: Flutter Mane|0 fnt\n|faint|p2a: Flutter Mane\n|-end|p2a: Flutter Mane|Protosynthesis|[silent]\n|\n|upkeep\n|\n|t:|1701042517\n|switch|p2a: Maushold|Maushold-Four|100\/100\n|-damage|p2a: Maushold|88\/100|[from] Stealth Rock\n|turn|4\n|\n|t:|1701042526\n|move|p2a: Maushold|Population Bomb|p1a: Nanami\n|-damage|p1a: Nanami|54\/100\n|-damage|p1a: Nanami|44\/100\n|-damage|p1a: Nanami|34\/100\n|-damage|p1a: Nanami|24\/100\n|-damage|p1a: Nanami|14\/100\n|-damage|p1a: Nanami|3\/100\n|-damage|p1a: Nanami|0 fnt\n|faint|p1a: Nanami\n|-hitcount|p1: Nanami|7\n|\n|upkeep\n|inactive|Battle timer is ON: inactive players will automatically lose when time's up. (requested by Mr Honey Brew)\n|\n|t:|1701042549\n|switch|p1a: Nobara|Mismagius, F|100\/100\n|turn|5\n|\n|t:|1701042556\n|move|p2a: Maushold|Tidy Up|p2a: Maushold\n|-sideend|p2: Mr Honey Brew|Stealth Rock\n|-activate|p2a: Maushold|move: Tidy Up\n|-boost|p2a: Maushold|atk|1\n|-boost|p2a: Maushold|spe|1\n|move|p1a: Nobara|Calm Mind|p1a: Nobara\n|-boost|p1a: Nobara|spa|1\n|-boost|p1a: Nobara|spd|1\n|\n|upkeep\n|turn|6\n|\n|t:|1701042563\n|move|p2a: Maushold|Encore|p1a: Nobara\n|-start|p1a: Nobara|Encore\n|move|p1a: Nobara|Calm Mind|p1a: Nobara\n|-boost|p1a: Nobara|spa|1\n|-boost|p1a: Nobara|spd|1\n|\n|upkeep\n|turn|7\n|\n|t:|1701042573\n|move|p2a: Maushold|Tidy Up|p2a: Maushold\n|-boost|p2a: Maushold|atk|1\n|-boost|p2a: Maushold|spe|1\n|move|p1a: Nobara|Calm Mind|p1a: Nobara\n|-boost|p1a: Nobara|spa|1\n|-boost|p1a: Nobara|spd|1\n|\n|upkeep\n|turn|8\n|\n|t:|1701042579\n|move|p2a: Maushold|Tidy Up|p2a: Maushold\n|-boost|p2a: Maushold|atk|1\n|-boost|p2a: Maushold|spe|1\n|move|p1a: Nobara|Calm Mind|p1a: Nobara\n|-boost|p1a: Nobara|spa|1\n|-boost|p1a: Nobara|spd|1\n|\n|-end|p1a: Nobara|Encore\n|upkeep\n|turn|9\n|\n|t:|1701042586\n|move|p2a: Maushold|Encore|p1a: Nobara\n|-start|p1a: Nobara|Encore\n|move|p1a: Nobara|Calm Mind|p1a: Nobara\n|-boost|p1a: Nobara|spa|1\n|-boost|p1a: Nobara|spd|1\n|\n|upkeep\n|turn|10\n|\n|t:|1701042592\n|move|p2a: Maushold|Tidy Up|p2a: Maushold\n|-boost|p2a: Maushold|atk|1\n|-boost|p2a: Maushold|spe|1\n|move|p1a: Nobara|Calm Mind|p1a: Nobara\n|-boost|p1a: Nobara|spa|1\n|-boost|p1a: Nobara|spd|1\n|\n|upkeep\n|turn|11\n|\n|t:|1701042599\n|move|p2a: Maushold|Tidy Up|p2a: Maushold\n|-boost|p2a: Maushold|atk|1\n|-boost|p2a: Maushold|spe|1\n|move|p1a: Nobara|Calm Mind|p1a: Nobara\n|-boost|p1a: Nobara|spa|0\n|-boost|p1a: Nobara|spd|0\n|\n|-end|p1a: Nobara|Encore\n|upkeep\n|turn|12\n|\n|t:|1701042606\n|move|p2a: Maushold|Encore|p1a: Nobara\n|-start|p1a: Nobara|Encore\n|move|p1a: Nobara|Calm Mind|p1a: Nobara\n|-boost|p1a: Nobara|spa|0\n|-boost|p1a: Nobara|spd|0\n|\n|upkeep\n|turn|13\n|\n|t:|1701042611\n|move|p2a: Maushold|Baton Pass|p2a: Maushold\n|\n|t:|1701042624\n|switch|p2a: Houndstone|Houndstone, M|100\/100|[from] Baton Pass\n|move|p1a: Nobara|Calm Mind|p1a: Nobara\n|-boost|p1a: Nobara|spa|0\n|-boost|p1a: Nobara|spd|0\n|\n|upkeep\n|turn|14\n|\n|t:|1701042632\n|move|p2a: Houndstone|Last Respects|p1a: Nobara\n|-supereffective|p1a: Nobara\n|-damage|p1a: Nobara|0 fnt\n|faint|p1a: Nobara\n|\n|upkeep\n|-message|shdowlss chrzrd forfeited.\n|\n|win|Mr Honey Brew\n|raw|shdowlss chrzrd's rating: 1071 &rarr; <strong>1056<\/strong><br \/>(-15 for losing)\n|raw|Mr Honey Brew's rating: 1161 &rarr; <strong>1180<\/strong><br \/>(+19 for winning)\n|l|\u2606shdowlss chrzrd\n","uploadtime":1701042643,"views":0,"p1id":"shdowlsschrzrd","p2id":"mrhoneybrew","formatid":"gen9anythinggoes","rating":1056,"private":0,"password":""}