{"id":"gen9anythinggoes-1975417260","p1":"Lugunika","p2":"BlackHoler","format":"[Gen 9] Anything Goes","log":"|j|\u2606Lugunika\n|j|\u2606BlackHoler\n|t:|1698189041\n|gametype|singles\n|player|p1|Lugunika|wallace|1047\n|player|p2|BlackHoler|lucas|1076\n|teamsize|p1|6\n|teamsize|p2|4\n|gen|9\n|tier|[Gen 9] Anything Goes\n|rated|\n|rule|HP Percentage Mod: HP is shown in percentages\n|rule|Endless Battle Clause: Forcing endless battles is banned\n|clearpoke\n|poke|p1|Rayquaza|\n|poke|p1|Eternatus|\n|poke|p1|Zamazenta-*|\n|poke|p1|Cresselia, F|\n|poke|p1|Regieleki|\n|poke|p1|Palafin, F|\n|poke|p2|Palafin, M|\n|poke|p2|Shaymin-Sky|\n|poke|p2|Clodsire, M|\n|poke|p2|Tyranitar, M|\n|teampreview\n|\n|t:|1698189048\n|start\n|switch|p1a: Palafin|Palafin, F, shiny|100\/100\n|switch|p2a: A dolph|Palafin, M|100\/100\n|turn|1\n|\n|t:|1698189069\n|move|p2a: A dolph|Flip Turn|p1a: Palafin\n|-resisted|p1a: Palafin\n|-damage|p1a: Palafin|81\/100\n|-enditem|p1a: Palafin|Eject Button\n|\n|t:|1698189080\n|detailschange|p1a: Palafin|Palafin-Hero, F, shiny\n|switch|p1a: Regieleki|Regieleki, shiny|100\/100\n|\n|upkeep\n|turn|2\n|\n|t:|1698189092\n|detailschange|p2a: A dolph|Palafin-Hero, M\n|switch|p2a: Clodsire|Clodsire, M|100\/100\n|move|p1a: Regieleki|Thunder Cage|p2a: Clodsire\n|-immune|p2a: Clodsire\n|\n|upkeep\n|turn|3\n|\n|t:|1698189102\n|switch|p1a: Palafin|Palafin-Hero, F, shiny|81\/100\n|-activate|p1a: Palafin|ability: Zero to Hero\n|move|p2a: Clodsire|Gunk Shot|p1a: Palafin\n|-damage|p1a: Palafin|53\/100\n|-status|p1a: Palafin|psn\n|\n|-damage|p1a: Palafin|40\/100 psn|[from] psn\n|upkeep\n|turn|4\n|\n|t:|1698189122\n|move|p1a: Palafin|Close Combat|p2a: Clodsire\n|-resisted|p2a: Clodsire\n|-damage|p2a: Clodsire|80\/100\n|-unboost|p1a: Palafin|def|1\n|-unboost|p1a: Palafin|spd|1\n|move|p2a: Clodsire|Counter|p1a: Palafin\n|-damage|p1a: Palafin|0 fnt\n|faint|p1a: Palafin\n|\n|-heal|p2a: Clodsire|86\/100|[from] item: Leftovers\n|upkeep\n|\n|t:|1698189131\n|switch|p1a: Eternatus|Eternatus, shiny|100\/100\n|-ability|p1a: Eternatus|Pressure\n|turn|5\n|\n|t:|1698189136\n|move|p1a: Eternatus|Confuse Ray|p2a: Clodsire\n|-start|p2a: Clodsire|confusion\n|-activate|p2a: Clodsire|confusion\n|move|p2a: Clodsire|Liquidation|p1a: Eternatus\n|-resisted|p1a: Eternatus\n|-damage|p1a: Eternatus|95\/100\n|\n|-heal|p2a: Clodsire|92\/100|[from] item: Leftovers\n|upkeep\n|turn|6\n|\n|t:|1698189150\n|move|p1a: Eternatus|Dynamax Cannon|p2a: Clodsire\n|-damage|p2a: Clodsire|53\/100\n|-end|p2a: Clodsire|confusion\n|move|p2a: Clodsire|Counter||[still]\n|-fail|p2a: Clodsire\n|\n|-heal|p2a: Clodsire|59\/100|[from] item: Leftovers\n|upkeep\n|turn|7\n|\n|t:|1698189156\n|move|p1a: Eternatus|Confuse Ray|p2a: Clodsire\n|-start|p2a: Clodsire|confusion\n|-activate|p2a: Clodsire|confusion\n|-damage|p2a: Clodsire|53\/100|[from] confusion\n|\n|-heal|p2a: Clodsire|59\/100|[from] item: Leftovers\n|upkeep\n|turn|8\n|\n|t:|1698189163\n|move|p1a: Eternatus|Shadow Ball|p2a: Clodsire\n|-damage|p2a: Clodsire|38\/100\n|-activate|p2a: Clodsire|confusion\n|move|p2a: Clodsire|Recover|p2a: Clodsire\n|-heal|p2a: Clodsire|88\/100\n|\n|-heal|p2a: Clodsire|94\/100|[from] item: Leftovers\n|upkeep\n|turn|9\n|\n|t:|1698189192\n|switch|p1a: Cresselia|Cresselia, F, shiny|100\/100\n|-activate|p2a: Clodsire|confusion\n|move|p2a: Clodsire|Liquidation|p1a: Cresselia\n|-damage|p1a: Cresselia|88\/100\n|\n|-heal|p2a: Clodsire|99\/100|[from] item: Leftovers\n|upkeep\n|turn|10\n|\n|t:|1698189203\n|switch|p2a: Tyranitar|Tyranitar, M, shiny|100\/100\n|-weather|Sandstorm|[from] ability: Sand Stream|[of] p2a: Tyranitar\n|move|p1a: Cresselia|Calm Mind|p1a: Cresselia\n|-boost|p1a: Cresselia|spa|1\n|-boost|p1a: Cresselia|spd|1\n|\n|-weather|Sandstorm|[upkeep]\n|-damage|p1a: Cresselia|81\/100|[from] Sandstorm\n|upkeep\n|turn|11\n|\n|t:|1698189217\n|move|p1a: Cresselia|Moonblast|p2a: Tyranitar\n|-supereffective|p2a: Tyranitar\n|-damage|p2a: Tyranitar|81\/100\n|-unboost|p2a: Tyranitar|spa|1\n|move|p2a: Tyranitar|Knock Off|p1a: Cresselia\n|-supereffective|p1a: Cresselia\n|-enditem|p1a: Cresselia|Colbur Berry|[eat]\n|-enditem|p1a: Cresselia|Colbur Berry|[weaken]\n|-damage|p1a: Cresselia|46\/100\n|\n|-weather|Sandstorm|[upkeep]\n|-damage|p1a: Cresselia|40\/100|[from] Sandstorm\n|upkeep\n|turn|12\n|\n|t:|1698189242\n|move|p1a: Cresselia|Shadow Ball|p2a: Tyranitar\n|-resisted|p2a: Tyranitar\n|-damage|p2a: Tyranitar|77\/100\n|move|p2a: Tyranitar|Avalanche|p1a: Cresselia\n|-damage|p1a: Cresselia|10\/100\n|\n|-weather|Sandstorm|[upkeep]\n|-damage|p1a: Cresselia|4\/100|[from] Sandstorm\n|upkeep\n|turn|13\n|\n|t:|1698189252\n|move|p1a: Cresselia|Moonblast|p2a: Tyranitar\n|-supereffective|p2a: Tyranitar\n|-damage|p2a: Tyranitar|59\/100\n|move|p2a: Tyranitar|Knock Off|p1a: Cresselia\n|-supereffective|p1a: Cresselia\n|-damage|p1a: Cresselia|0 fnt\n|faint|p1a: Cresselia\n|\n|-weather|Sandstorm|[upkeep]\n|upkeep\n|\n|t:|1698189263\n|switch|p1a: Eternatus|Eternatus, shiny|95\/100\n|-ability|p1a: Eternatus|Pressure\n|turn|14\n|\n|t:|1698189268\n|move|p1a: Eternatus|Confuse Ray|p2a: Tyranitar\n|-start|p2a: Tyranitar|confusion\n|-activate|p2a: Tyranitar|confusion\n|-damage|p2a: Tyranitar|50\/100|[from] confusion\n|\n|-weather|none\n|upkeep\n|turn|15\n|\n|t:|1698189278\n|move|p1a: Eternatus|Dynamax Cannon|p2a: Tyranitar\n|-damage|p2a: Tyranitar|19\/100\n|-activate|p2a: Tyranitar|confusion\n|move|p2a: Tyranitar|Earthquake|p1a: Eternatus\n|-supereffective|p1a: Eternatus\n|-damage|p1a: Eternatus|49\/100\n|\n|upkeep\n|turn|16\n|\n|t:|1698189284\n|move|p1a: Eternatus|Dynamax Cannon|p2a: Tyranitar\n|-damage|p2a: Tyranitar|0 fnt\n|faint|p2a: Tyranitar\n|\n|upkeep\n|inactive|Battle timer is ON: inactive players will automatically lose when time's up. (requested by Lugunika)\n|\n|t:|1698189299\n|switch|p2a: Clodsire|Clodsire, M|99\/100\n|turn|17\n|\n|t:|1698189306\n|move|p1a: Eternatus|Confuse Ray|p2a: Clodsire\n|-start|p2a: Clodsire|confusion\n|-activate|p2a: Clodsire|confusion\n|move|p2a: Clodsire|Liquidation|p1a: Eternatus\n|-resisted|p1a: Eternatus\n|-damage|p1a: Eternatus|43\/100\n|-unboost|p1a: Eternatus|def|1\n|\n|-heal|p2a: Clodsire|100\/100|[from] item: Leftovers\n|upkeep\n|turn|18\n|\n|t:|1698189313\n|switch|p1a: Zamazenta|Zamazenta-Crowned, shiny|100\/100\n|-ability|p1a: Zamazenta|Dauntless Shield|boost\n|-boost|p1a: Zamazenta|def|1\n|-end|p2a: Clodsire|confusion\n|move|p2a: Clodsire|Liquidation|p1a: Zamazenta\n|-damage|p1a: Zamazenta|90\/100\n|\n|upkeep\n|turn|19\n|\n|t:|1698189334\n|move|p1a: Zamazenta|Behemoth Bash|p2a: Clodsire\n|-damage|p2a: Clodsire|59\/100\n|move|p2a: Clodsire|Counter|p1a: Zamazenta\n|-damage|p1a: Zamazenta|0 fnt\n|faint|p1a: Zamazenta\n|\n|-heal|p2a: Clodsire|66\/100|[from] item: Leftovers\n|upkeep\n|\n|t:|1698189346\n|switch|p1a: Rayquaza|Rayquaza, shiny|100\/100\n|-ability|p1a: Rayquaza|Air Lock\n|turn|20\n|\n|t:|1698189354\n|move|p1a: Rayquaza|Earthquake|p2a: Clodsire\n|-supereffective|p2a: Clodsire\n|-damage|p2a: Clodsire|2\/100\n|move|p2a: Clodsire|Counter|p1a: Rayquaza\n|-damage|p1a: Rayquaza|0 fnt\n|faint|p1a: Rayquaza\n|\n|-heal|p2a: Clodsire|9\/100|[from] item: Leftovers\n|upkeep\n|\n|t:|1698189361\n|switch|p1a: Eternatus|Eternatus, shiny|43\/100\n|-ability|p1a: Eternatus|Pressure\n|turn|21\n|\n|t:|1698189365\n|move|p1a: Eternatus|Shadow Ball|p2a: Clodsire\n|-damage|p2a: Clodsire|0 fnt\n|faint|p2a: Clodsire\n|\n|upkeep\n|\n|t:|1698189369\n|switch|p2a: Shaymin|Shaymin-Sky|100\/100\n|turn|22\n|\n|t:|1698189377\n|move|p2a: Shaymin|Protect|p2a: Shaymin\n|-singleturn|p2a: Shaymin|Protect\n|move|p1a: Eternatus|Confuse Ray|p2a: Shaymin\n|-activate|p2a: Shaymin|move: Protect\n|\n|upkeep\n|turn|23\n|\n|t:|1698189381\n|move|p2a: Shaymin|Swords Dance|p2a: Shaymin\n|-boost|p2a: Shaymin|atk|2\n|move|p1a: Eternatus|Confuse Ray|p2a: Shaymin\n|-start|p2a: Shaymin|confusion\n|\n|upkeep\n|turn|24\n|-message|Lugunika forfeited.\n|\n|win|BlackHoler\n|raw|Lugunika's rating: 1047 &rarr; <strong>1031<\/strong><br \/>(-16 for losing)\n|raw|BlackHoler's rating: 1076 &rarr; <strong>1102<\/strong><br \/>(+26 for winning)\n|l|\u2606Lugunika\n","uploadtime":1698189390,"views":11,"p1id":"lugunika","p2id":"blackholer","formatid":"gen9anythinggoes","rating":1031,"private":0,"password":""}