{"id":"gen9anythinggoes-1985854715","p1":"FatquatGame","p2":"its a gambit trust","format":"[Gen 9] Anything Goes","log":"|j|\u2606FatquatGame\n|j|\u2606its a gambit trust\n|t:|1699413602\n|gametype|singles\n|player|p1|FatquatGame|1|1239\n|player|p2|its a gambit trust|acerola-masters|1093\n|teamsize|p1|6\n|teamsize|p2|6\n|gen|9\n|tier|[Gen 9] Anything Goes\n|rated|\n|rule|HP Percentage Mod: HP is shown in percentages\n|rule|Endless Battle Clause: Forcing endless battles is banned\n|clearpoke\n|poke|p1|Iron Valiant|\n|poke|p1|Breloom, M|\n|poke|p1|Ogerpon-Hearthflame, F|\n|poke|p1|Great Tusk|\n|poke|p1|Groudon|\n|poke|p1|Lokix, F|\n|poke|p2|Calyrex-Shadow|\n|poke|p2|Koraidon|\n|poke|p2|Palkia-Origin|\n|poke|p2|Arceus-Flying|\n|poke|p2|Miraidon|\n|poke|p2|Groudon|\n|teampreview\n|inactive|Battle timer is ON: inactive players will automatically lose when time's up. (requested by its a gambit trust)\n|c|\u2606FatquatGame|glhf\n|\n|t:|1699413608\n|start\n|switch|p1a: MushyRoom|Breloom, M|100\/100\n|switch|p2a: Arceus|Arceus-Flying|100\/100\n|turn|1\n|c|\u2606its a gambit trust|u2\n|\n|t:|1699413625\n|move|p2a: Arceus|Judgment|p1a: MushyRoom\n|-supereffective|p1a: MushyRoom\n|-damage|p1a: MushyRoom|0 fnt\n|faint|p1a: MushyRoom\n|\n|upkeep\n|c|\u2606its a gambit trust|?\n|\n|t:|1699413644\n|switch|p1a: TheOceanSucks|Groudon|100\/100\n|-weather|SunnyDay|[from] ability: Drought|[of] p1a: TheOceanSucks\n|turn|2\n|\n|t:|1699413649\n|move|p2a: Arceus|Judgment|p1a: TheOceanSucks\n|-damage|p1a: TheOceanSucks|70\/100\n|move|p1a: TheOceanSucks|Will-O-Wisp|p2a: Arceus\n|-status|p2a: Arceus|brn\n|\n|-weather|SunnyDay|[upkeep]\n|-damage|p2a: Arceus|94\/100 brn|[from] brn\n|upkeep\n|turn|3\n|\n|t:|1699413657\n|move|p2a: Arceus|Stealth Rock|p1a: TheOceanSucks\n|-sidestart|p1: FatquatGame|move: Stealth Rock\n|move|p1a: TheOceanSucks|Stealth Rock|p2a: Arceus\n|-sidestart|p2: its a gambit trust|move: Stealth Rock\n|\n|-weather|SunnyDay|[upkeep]\n|-damage|p2a: Arceus|88\/100 brn|[from] brn\n|upkeep\n|turn|4\n|\n|t:|1699413664\n|move|p2a: Arceus|Judgment|p1a: TheOceanSucks\n|-damage|p1a: TheOceanSucks|40\/100\n|move|p1a: TheOceanSucks|Precipice Blades|p2a: Arceus\n|-immune|p2a: Arceus\n|\n|-weather|SunnyDay|[upkeep]\n|-damage|p2a: Arceus|82\/100 brn|[from] brn\n|upkeep\n|turn|5\n|\n|t:|1699413679\n|move|p2a: Arceus|Judgment|p1a: TheOceanSucks\n|-damage|p1a: TheOceanSucks|6\/100\n|move|p1a: TheOceanSucks|Tera Blast|p2a: Arceus\n|-damage|p2a: Arceus|70\/100 brn\n|\n|-weather|SunnyDay|[upkeep]\n|-damage|p2a: Arceus|63\/100 brn|[from] brn\n|upkeep\n|turn|6\n|\n|t:|1699413691\n|move|p2a: Arceus|Stealth Rock||[still]\n|-fail|p2a: Arceus\n|move|p1a: TheOceanSucks|Will-O-Wisp|p2a: Arceus|[miss]\n|-miss|p1a: TheOceanSucks|p2a: Arceus\n|\n|-weather|none\n|-damage|p2a: Arceus|57\/100 brn|[from] brn\n|upkeep\n|turn|7\n|\n|t:|1699413698\n|move|p2a: Arceus|Recover|p2a: Arceus\n|-heal|p2a: Arceus|100\/100 brn\n|move|p1a: TheOceanSucks|Tera Blast|p2a: Arceus\n|-damage|p2a: Arceus|88\/100 brn\n|\n|-damage|p2a: Arceus|82\/100 brn|[from] brn\n|upkeep\n|turn|8\n|\n|t:|1699413705\n|move|p2a: Arceus|Judgment|p1a: TheOceanSucks\n|-damage|p1a: TheOceanSucks|0 fnt\n|faint|p1a: TheOceanSucks\n|\n|-damage|p2a: Arceus|76\/100 brn|[from] brn\n|upkeep\n|\n|t:|1699413714\n|switch|p1a: Meta Moment|Great Tusk|100\/100\n|-damage|p1a: Meta Moment|98\/100|[from] Stealth Rock\n|turn|9\n|\n|t:|1699413718\n|move|p2a: Arceus|Judgment|p1a: Meta Moment\n|-supereffective|p1a: Meta Moment\n|-damage|p1a: Meta Moment|0 fnt\n|faint|p1a: Meta Moment\n|-end|p1a: Meta Moment|Protosynthesis|[silent]\n|\n|-damage|p2a: Arceus|70\/100 brn|[from] brn\n|upkeep\n|c|\u2606FatquatGame|how?\n|c|\u2606its a gambit trust|bro\n|\n|t:|1699413730\n|switch|p1a: Bugging Ya|Lokix, F|100\/100\n|-damage|p1a: Bugging Ya|76\/100|[from] Stealth Rock\n|turn|10\n|\n|t:|1699413735\n|move|p2a: Arceus|Judgment|p1a: Bugging Ya\n|-supereffective|p1a: Bugging Ya\n|-crit|p1a: Bugging Ya\n|-damage|p1a: Bugging Ya|0 fnt\n|faint|p1a: Bugging Ya\n|\n|-damage|p2a: Arceus|63\/100 brn|[from] brn\n|upkeep\n|c|\u2606FatquatGame|I hate arceus\n|\n|t:|1699413744\n|switch|p1a: Ultimate Valkyrie|Iron Valiant|100\/100\n|-damage|p1a: Ultimate Valkyrie|94\/100|[from] Stealth Rock\n|-enditem|p1a: Ultimate Valkyrie|Booster Energy\n|-activate|p1a: Ultimate Valkyrie|ability: Quark Drive|[fromitem]\n|-start|p1a: Ultimate Valkyrie|quarkdrivespe\n|turn|11\n|\n|t:|1699413755\n|move|p1a: Ultimate Valkyrie|Spirit Break|p2a: Arceus\n|-damage|p2a: Arceus|38\/100 brn\n|-unboost|p2a: Arceus|spa|1\n|move|p2a: Arceus|Recover|p2a: Arceus\n|-heal|p2a: Arceus|89\/100 brn\n|\n|-damage|p2a: Arceus|82\/100 brn|[from] brn\n|upkeep\n|turn|12\n|\n|t:|1699413764\n|move|p1a: Ultimate Valkyrie|Spirit Break|p2a: Arceus\n|-damage|p2a: Arceus|59\/100 brn\n|-unboost|p2a: Arceus|spa|1\n|move|p2a: Arceus|Judgment|p1a: Ultimate Valkyrie\n|-supereffective|p1a: Ultimate Valkyrie\n|-damage|p1a: Ultimate Valkyrie|15\/100\n|\n|-damage|p2a: Arceus|53\/100 brn|[from] brn\n|upkeep\n|turn|13\n|\n|t:|1699413773\n|move|p1a: Ultimate Valkyrie|Spirit Break|p2a: Arceus\n|-damage|p2a: Arceus|30\/100 brn\n|-unboost|p2a: Arceus|spa|1\n|move|p2a: Arceus|Recover|p2a: Arceus\n|-heal|p2a: Arceus|80\/100 brn\n|\n|-damage|p2a: Arceus|74\/100 brn|[from] brn\n|upkeep\n|turn|14\n|\n|t:|1699413781\n|move|p1a: Ultimate Valkyrie|Spirit Break|p2a: Arceus\n|-damage|p2a: Arceus|52\/100 brn\n|-unboost|p2a: Arceus|spa|1\n|move|p2a: Arceus|Judgment|p1a: Ultimate Valkyrie\n|-supereffective|p1a: Ultimate Valkyrie\n|-damage|p1a: Ultimate Valkyrie|0 fnt\n|faint|p1a: Ultimate Valkyrie\n|-end|p1a: Ultimate Valkyrie|Quark Drive|[silent]\n|\n|-damage|p2a: Arceus|45\/100 brn|[from] brn\n|upkeep\n|\n|t:|1699413790\n|switch|p1a: Dream|Ogerpon-Hearthflame, F|100\/100\n|-damage|p1a: Dream|76\/100|[from] Stealth Rock\n|-ability|p1a: Dream|Mold Breaker\n|turn|15\n|\n|t:|1699413801\n|switch|p2a: Koraidon|Koraidon|100\/100\n|-damage|p2a: Koraidon|94\/100|[from] Stealth Rock\n|-weather|SunnyDay|[from] ability: Orichalcum Pulse|[of] p2a: Koraidon\n|-activate|p2a: Koraidon|Orichalcum Pulse|[source]\n|move|p1a: Dream|Trailblaze|p2a: Koraidon\n|-resisted|p2a: Koraidon\n|-damage|p2a: Koraidon|80\/100\n|-boost|p1a: Dream|spe|1\n|\n|-weather|SunnyDay|[upkeep]\n|upkeep\n|turn|16\n|\n|t:|1699413814\n|-terastallize|p1a: Dream|Fire\n|detailschange|p1a: Dream|Ogerpon-Hearthflame-Tera, F, tera:Fire\n|-ability|p1a: Dream|Embody Aspect (Hearthflame)|boost\n|-boost|p1a: Dream|atk|1\n|move|p1a: Dream|Ivy Cudgel|p2a: Koraidon\n|-resisted|p2a: Koraidon\n|-damage|p2a: Koraidon|5\/100\n|move|p2a: Koraidon|Scale Shot|p1a: Dream\n|-damage|p1a: Dream|52\/100\n|-damage|p1a: Dream|30\/100\n|-damage|p1a: Dream|7\/100\n|-damage|p1a: Dream|0 fnt\n|faint|p1a: Dream\n|-hitcount|p1: Dream|4\n|\n|win|its a gambit trust\n|raw|FatquatGame's rating: 1239 &rarr; <strong>1204<\/strong><br \/>(-35 for losing)\n|raw|its a gambit trust's rating: 1093 &rarr; <strong>1129<\/strong><br \/>(+36 for winning)\n|c|\u2606FatquatGame|bruh\n|l|\u2606FatquatGame\n","uploadtime":1699415018,"views":5,"p1id":"fatquatgame","p2id":"itsagambittrust","formatid":"gen9anythinggoes","rating":1129,"private":0,"password":""}