{"id":"gen9anythinggoes-1992007341","p1":"Ultragaming777","p2":"ClappisYappis","format":"[Gen 9] Anything Goes","log":"|j|\u2606Ultragaming777\n|j|\u2606ClappisYappis\n|t:|1700147206\n|gametype|singles\n|player|p1|Ultragaming777|rosa|1216\n|player|p2|ClappisYappis|riley|1195\n|teamsize|p1|6\n|teamsize|p2|6\n|gen|9\n|tier|[Gen 9] Anything Goes\n|rated|\n|rule|HP Percentage Mod: HP is shown in percentages\n|rule|Endless Battle Clause: Forcing endless battles is banned\n|clearpoke\n|poke|p1|Calyrex-Ice|\n|poke|p1|Charizard, F|\n|poke|p1|Zapdos-Galar|\n|poke|p1|Greninja-*, M|\n|poke|p1|Rayquaza|\n|poke|p1|Gallade, M|\n|poke|p2|Maushold-Four|\n|poke|p2|Flutter Mane|\n|poke|p2|Miraidon|\n|poke|p2|Rabsca, M|\n|poke|p2|Garganacl, F|\n|poke|p2|Houndstone, M|\n|teampreview\n|inactive|Battle timer is ON: inactive players will automatically lose when time's up. (requested by Ultragaming777)\n|\n|t:|1700147215\n|start\n|switch|p1a: Rayquaza|Rayquaza|100\/100\n|switch|p2a: DeMarco|Miraidon|100\/100\n|-fieldstart|move: Electric Terrain|[from] ability: Hadron Engine|[of] p2a: DeMarco\n|-ability|p1a: Rayquaza|Air Lock\n|turn|1\n|\n|t:|1700147224\n|-terastallize|p2a: DeMarco|Electric\n|move|p2a: DeMarco|Dragon Pulse|p1a: Rayquaza\n|-supereffective|p1a: Rayquaza\n|-damage|p1a: Rayquaza|0 fnt\n|faint|p1a: Rayquaza\n|\n|upkeep\n|\n|t:|1700147230\n|switch|p1a: Gallade|Gallade, M, shiny|100\/100\n|turn|2\n|\n|t:|1700147234\n|move|p2a: DeMarco|Electro Drift|p1a: Gallade\n|-damage|p1a: Gallade|0 fnt\n|faint|p1a: Gallade\n|\n|upkeep\n|\n|t:|1700147242\n|switch|p1a: Zapdos|Zapdos-Galar, shiny|100\/100\n|turn|3\n|\n|t:|1700147245\n|-terastallize|p1a: Zapdos|Electric\n|move|p2a: DeMarco|Electro Drift|p1a: Zapdos\n|-resisted|p1a: Zapdos\n|-damage|p1a: Zapdos|34\/100\n|-damage|p2a: DeMarco|84\/100|[from] item: Rocky Helmet|[of] p1a: Zapdos\n|move|p1a: Zapdos|Thunderous Kick|p2a: DeMarco\n|-damage|p2a: DeMarco|36\/100\n|-unboost|p2a: DeMarco|def|1\n|\n|upkeep\n|turn|4\n|\n|t:|1700147254\n|move|p2a: DeMarco|Dragon Pulse|p1a: Zapdos\n|-damage|p1a: Zapdos|0 fnt\n|faint|p1a: Zapdos\n|\n|upkeep\n|\n|t:|1700147261\n|switch|p1a: Calyrex|Calyrex-Ice|100\/100\n|-ability|p1a: Calyrex|As One\n|-ability|p1a: Calyrex|Unnerve\n|turn|5\n|\n|t:|1700147267\n|switch|p2a: Maushold|Maushold-Four|100\/100\n|move|p1a: Calyrex|Glacial Lance|p2a: Maushold\n|-damage|p2a: Maushold|0 fnt\n|faint|p2a: Maushold\n|-ability|p1a: Calyrex|Chilling Neigh|boost\n|-boost|p1a: Calyrex|atk|1\n|\n|-fieldend|move: Electric Terrain\n|upkeep\n|\n|t:|1700147272\n|switch|p2a: DeMarco|Miraidon, tera:Electric|36\/100\n|-fieldstart|move: Electric Terrain|[from] ability: Hadron Engine|[of] p2a: DeMarco\n|turn|6\n|\n|t:|1700147275\n|move|p2a: DeMarco|Electro Drift|p1a: Calyrex\n|-crit|p1a: Calyrex\n|-damage|p1a: Calyrex|0 fnt\n|faint|p1a: Calyrex\n|\n|upkeep\n|\n|t:|1700147279\n|switch|p1a: Charizard|Charizard, F, shiny|100\/100\n|turn|7\n|\n|t:|1700147282\n|move|p2a: DeMarco|Electro Drift|p1a: Charizard\n|-supereffective|p1a: Charizard\n|-damage|p1a: Charizard|0 fnt\n|faint|p1a: Charizard\n|\n|upkeep\n|\n|t:|1700147284\n|switch|p1a: Greninja|Greninja, M|100\/100\n|turn|8\n|\n|t:|1700147285\n|move|p1a: Greninja|Water Shuriken|p2a: DeMarco\n|-damage|p2a: DeMarco|31\/100\n|-damage|p2a: DeMarco|27\/100\n|-hitcount|p2a: DeMarco|2\n|move|p2a: DeMarco|Electro Drift|p1a: Greninja\n|-supereffective|p1a: Greninja\n|-damage|p1a: Greninja|0 fnt\n|faint|p1a: Greninja\n|\n|win|ClappisYappis\n|raw|Ultragaming777's rating: 1216 &rarr; <strong>1191<\/strong><br \/>(-25 for losing)\n|raw|ClappisYappis's rating: 1216 &rarr; <strong>1241<\/strong><br \/>(+25 for winning)\n","uploadtime":1700147289,"views":4,"p1id":"ultragaming777","p2id":"clappisyappis","formatid":"gen9anythinggoes","rating":1191,"private":0,"password":""}