{"id":"gen9anythinggoes-1998618564","p1":"hfreddy fazbear","p2":"Rowan_Rocket","format":"[Gen 9] Anything Goes","log":"|j|\u2606hfreddy fazbear\n|j|\u2606Rowan_Rocket\n|t:|1700963665\n|gametype|singles\n|player|p1|hfreddy fazbear|266|1000\n|player|p2|Rowan_Rocket|rocketgruntf|1084\n|teamsize|p1|6\n|teamsize|p2|6\n|gen|9\n|tier|[Gen 9] Anything Goes\n|rated|\n|rule|HP Percentage Mod: HP is shown in percentages\n|rule|Endless Battle Clause: Forcing endless battles is banned\n|clearpoke\n|poke|p1|Meowscarada, F|\n|poke|p1|Quagsire, M|\n|poke|p1|Ceruledge, F|\n|poke|p1|Ampharos, M|\n|poke|p1|Lucario, F|\n|poke|p1|Dragonite, M|\n|poke|p2|Ninetales-Alola, M|\n|poke|p2|Cetitan, F|\n|poke|p2|Avalugg-Hisui, M|\n|poke|p2|Eiscue, M|\n|poke|p2|Sandslash-Alola, M|\n|poke|p2|Frosmoth, M|\n|teampreview\n|\n|t:|1700963679\n|start\n|switch|p1a: CerulEdgar|Ceruledge, F|100\/100\n|switch|p2a: Ninetales|Ninetales-Alola, M|100\/100\n|-weather|Snow|[from] ability: Snow Warning|[of] p2a: Ninetales\n|turn|1\n|\n|t:|1700963692\n|move|p2a: Ninetales|Aurora Veil|p2a: Ninetales\n|-sidestart|p2: Rowan_Rocket|move: Aurora Veil\n|move|p1a: CerulEdgar|Flamethrower|p2a: Ninetales\n|-supereffective|p2a: Ninetales\n|-damage|p2a: Ninetales|68\/100\n|\n|-weather|Snow|[upkeep]\n|upkeep\n|turn|2\n|inactive|Battle timer is ON: inactive players will automatically lose when time's up. (requested by Rowan_Rocket)\n|\n|t:|1700963709\n|switch|p2a: Cetitan|Cetitan, F|100\/100\n|move|p1a: CerulEdgar|Flamethrower|p2a: Cetitan\n|-supereffective|p2a: Cetitan\n|-damage|p2a: Cetitan|94\/100\n|\n|-weather|Snow|[upkeep]\n|upkeep\n|turn|3\n|\n|t:|1700963717\n|move|p1a: CerulEdgar|Flamethrower|p2a: Cetitan\n|-supereffective|p2a: Cetitan\n|-damage|p2a: Cetitan|86\/100\n|move|p2a: Cetitan|Knock Off|p1a: CerulEdgar\n|-supereffective|p1a: CerulEdgar\n|-damage|p1a: CerulEdgar|33\/100\n|-enditem|p1a: CerulEdgar|Flame Plate|[from] move: Knock Off|[of] p2a: Cetitan\n|\n|-weather|Snow|[upkeep]\n|upkeep\n|turn|4\n|\n|t:|1700963727\n|move|p1a: CerulEdgar|Flare Blitz|p2a: Cetitan\n|-supereffective|p2a: Cetitan\n|-damage|p2a: Cetitan|69\/100\n|-damage|p1a: CerulEdgar|24\/100|[from] Recoil\n|move|p2a: Cetitan|Knock Off|p1a: CerulEdgar\n|-supereffective|p1a: CerulEdgar\n|-damage|p1a: CerulEdgar|0 fnt\n|faint|p1a: CerulEdgar\n|\n|-weather|Snow|[upkeep]\n|upkeep\n|\n|t:|1700963736\n|switch|p1a: Swampanto|Quagsire, M, shiny|100\/100\n|turn|5\n|\n|t:|1700963744\n|move|p2a: Cetitan|Knock Off|p1a: Swampanto\n|-damage|p1a: Swampanto|68\/100\n|-enditem|p1a: Swampanto|Splash Plate|[from] move: Knock Off|[of] p2a: Cetitan\n|move|p1a: Swampanto|Surf|p2a: Cetitan\n|-damage|p2a: Cetitan|64\/100\n|\n|-weather|Snow|[upkeep]\n|-sideend|p2: Rowan_Rocket|move: Aurora Veil\n|upkeep\n|turn|6\n|\n|t:|1700963757\n|switch|p2a: Frosmoth|Frosmoth, M|100\/100\n|move|p1a: Swampanto|Earthquake|p2a: Frosmoth\n|-resisted|p2a: Frosmoth\n|-damage|p2a: Frosmoth|78\/100\n|\n|-weather|Snow|[upkeep]\n|upkeep\n|turn|7\n|\n|t:|1700963765\n|move|p2a: Frosmoth|Quiver Dance|p2a: Frosmoth\n|-boost|p2a: Frosmoth|spa|1\n|-boost|p2a: Frosmoth|spd|1\n|-boost|p2a: Frosmoth|spe|1\n|move|p1a: Swampanto|Aqua Tail|p2a: Frosmoth\n|-damage|p2a: Frosmoth|39\/100\n|\n|-weather|Snow|[upkeep]\n|upkeep\n|turn|8\n|\n|t:|1700963773\n|move|p2a: Frosmoth|Giga Drain|p1a: Swampanto\n|-supereffective|p1a: Swampanto\n|-damage|p1a: Swampanto|0 fnt\n|-heal|p2a: Frosmoth|81\/100|[from] drain|[of] p1a: Swampanto\n|faint|p1a: Swampanto\n|\n|-weather|none\n|upkeep\n|\n|t:|1700963781\n|switch|p1a: Barbia|Ampharos, M, shiny|100\/100\n|turn|9\n|\n|t:|1700963792\n|move|p2a: Frosmoth|Quiver Dance|p2a: Frosmoth\n|-boost|p2a: Frosmoth|spa|1\n|-boost|p2a: Frosmoth|spd|1\n|-boost|p2a: Frosmoth|spe|1\n|move|p1a: Barbia|Discharge|p2a: Frosmoth\n|-damage|p2a: Frosmoth|66\/100\n|\n|upkeep\n|turn|10\n|\n|t:|1700963802\n|move|p2a: Frosmoth|Giga Drain|p1a: Barbia\n|-damage|p1a: Barbia|53\/100\n|-heal|p2a: Frosmoth|95\/100|[from] drain|[of] p1a: Barbia\n|move|p1a: Barbia|Thunder Punch|p2a: Frosmoth\n|-damage|p2a: Frosmoth|49\/100\n|\n|upkeep\n|turn|11\n|\n|t:|1700963819\n|move|p2a: Frosmoth|Bug Buzz|p1a: Barbia\n|-damage|p1a: Barbia|0 fnt\n|faint|p1a: Barbia\n|\n|upkeep\n|\n|t:|1700963825\n|switch|p1a: Lansa|Dragonite, M|100\/100\n|turn|12\n|\n|t:|1700963841\n|move|p2a: Frosmoth|Bug Buzz|p1a: Lansa\n|-resisted|p1a: Lansa\n|-damage|p1a: Lansa|61\/100\n|move|p1a: Lansa|Dragon Pulse|p2a: Frosmoth\n|-damage|p2a: Frosmoth|35\/100\n|\n|upkeep\n|turn|13\n|\n|t:|1700963852\n|move|p2a: Frosmoth|Bug Buzz|p1a: Lansa\n|-resisted|p1a: Lansa\n|-damage|p1a: Lansa|16\/100\n|move|p1a: Lansa|Dragon Claw|p2a: Frosmoth\n|-damage|p2a: Frosmoth|0 fnt\n|faint|p2a: Frosmoth\n|\n|upkeep\n|\n|t:|1700963856\n|switch|p2a: Ninetales|Ninetales-Alola, M|68\/100\n|-weather|Snow|[from] ability: Snow Warning|[of] p2a: Ninetales\n|turn|14\n|inactive|hfreddy fazbear has 120 seconds left.\n|inactive|hfreddy fazbear has 90 seconds left.\n|inactive|hfreddy fazbear has 60 seconds left.\n|inactive|hfreddy fazbear has 30 seconds left.\n|inactive|hfreddy fazbear has 20 seconds left.\n|inactive|hfreddy fazbear has 15 seconds left.\n|inactive|hfreddy fazbear has 10 seconds left.\n|inactive|hfreddy fazbear has 5 seconds left.\n|c|\u2606Rowan_Rocket|Everything is going to be okay. I'm just going to take your pokemon back to the boss.\n|-message|hfreddy fazbear lost due to inactivity.\n|\n|win|Rowan_Rocket\n|raw|hfreddy fazbear's rating: 1000 &rarr; <strong>1000<\/strong><br \/>(+0 for losing)\n|raw|Rowan_Rocket's rating: 1107 &rarr; <strong>1125<\/strong><br \/>(+18 for winning)\n","uploadtime":1700964013,"views":5,"p1id":"hfreddyfazbear","p2id":"rowanrocket","formatid":"gen9anythinggoes","rating":1000,"private":0,"password":""}