{"id":"gen9anythinggoes-1994876814","p1":"KenshuTepes","p2":"samiew","format":"[Gen 9] Anything Goes","log":"|j|\u2606KenshuTepes\n|j|\u2606samiew\n|t:|1700500897\n|gametype|singles\n|player|p1|KenshuTepes|gambler|1259\n|player|p2|samiew|dahlia|1386\n|teamsize|p1|6\n|teamsize|p2|6\n|gen|9\n|tier|[Gen 9] Anything Goes\n|rated|\n|rule|HP Percentage Mod: HP is shown in percentages\n|rule|Endless Battle Clause: Forcing endless battles is banned\n|clearpoke\n|poke|p1|Koraidon|\n|poke|p1|Ceruledge, F|\n|poke|p1|Arceus-Ground|\n|poke|p1|Hoopa-Unbound|\n|poke|p1|Rayquaza|\n|poke|p1|Giratina|\n|poke|p2|Gliscor, M|\n|poke|p2|Garganacl, F|\n|poke|p2|Goodra-Hisui, F|\n|poke|p2|Clodsire, M|\n|poke|p2|Pelipper, F|\n|poke|p2|Ribombee, M|\n|teampreview\n|inactive|Battle timer is ON: inactive players will automatically lose when time's up. (requested by KenshuTepes)\n|\n|t:|1700500919\n|start\n|switch|p1a: Ceruledge|Ceruledge, F|100\/100\n|switch|p2a: Gliscor|Gliscor, M|100\/100\n|turn|1\n|\n|t:|1700500928\n|move|p1a: Ceruledge|Swords Dance|p1a: Ceruledge\n|-boost|p1a: Ceruledge|atk|2\n|move|p2a: Gliscor|Stealth Rock|p1a: Ceruledge\n|-sidestart|p1: KenshuTepes|move: Stealth Rock\n|\n|-status|p2a: Gliscor|tox|[from] item: Toxic Orb\n|upkeep\n|turn|2\n|\n|t:|1700500937\n|move|p1a: Ceruledge|Bitter Blade|p2a: Gliscor\n|-damage|p2a: Gliscor|42\/100 tox\n|move|p2a: Gliscor|Knock Off|p1a: Ceruledge\n|-supereffective|p1a: Ceruledge\n|-damage|p1a: Ceruledge|31\/100\n|-ability|p1a: Ceruledge|Weak Armor|boost\n|-unboost|p1a: Ceruledge|def|1\n|-boost|p1a: Ceruledge|spe|2\n|-enditem|p1a: Ceruledge|Salac Berry|[from] move: Knock Off|[of] p2a: Gliscor\n|\n|-heal|p2a: Gliscor|55\/100 tox|[from] ability: Poison Heal\n|upkeep\n|turn|3\n|\n|t:|1700500948\n|move|p2a: Gliscor|Protect|p2a: Gliscor\n|-singleturn|p2a: Gliscor|Protect\n|move|p1a: Ceruledge|Bitter Blade|p2a: Gliscor\n|-activate|p2a: Gliscor|move: Protect\n|\n|-heal|p2a: Gliscor|67\/100 tox|[from] ability: Poison Heal\n|upkeep\n|turn|4\n|\n|t:|1700500955\n|move|p1a: Ceruledge|Bitter Blade|p2a: Gliscor\n|-damage|p2a: Gliscor|13\/100 tox\n|-heal|p1a: Ceruledge|64\/100|[from] drain|[of] p2a: Gliscor\n|move|p2a: Gliscor|Earthquake|p1a: Ceruledge\n|-supereffective|p1a: Ceruledge\n|-damage|p1a: Ceruledge|0 fnt\n|faint|p1a: Ceruledge\n|\n|-heal|p2a: Gliscor|26\/100 tox|[from] ability: Poison Heal\n|upkeep\n|c|\u2606samiew|please\n|\n|t:|1700500964\n|switch|p1a: Giratina|Giratina, shiny|100\/100\n|-ability|p1a: Giratina|Pressure\n|turn|5\n|c|\u2606samiew|oh my god that hits so hard\n|\n|t:|1700500968\n|switch|p2a: Ribombee|Ribombee, M, shiny|100\/100\n|move|p1a: Giratina|Defog|p2a: Ribombee\n|-unboost|p2a: Ribombee|evasion|1\n|-sideend|p1: KenshuTepes|Stealth Rock|[from] move: Defog|[of] p1a: Giratina\n|\n|upkeep\n|turn|6\n|\n|t:|1700500975\n|switch|p1a: Rayquaza|Rayquaza, shiny|100\/100\n|-ability|p1a: Rayquaza|Air Lock\n|move|p2a: Ribombee|Stun Spore|p1a: Rayquaza\n|-status|p1a: Rayquaza|par\n|\n|upkeep\n|turn|7\n|\n|t:|1700500984\n|move|p2a: Ribombee|Moonblast|p1a: Rayquaza\n|-supereffective|p1a: Rayquaza\n|-damage|p1a: Rayquaza|13\/100 par\n|cant|p1a: Rayquaza|par\n|\n|upkeep\n|turn|8\n|\n|t:|1700500993\n|move|p2a: Ribombee|Sticky Web|p1a: Rayquaza\n|-sidestart|p1: KenshuTepes|move: Sticky Web\n|cant|p1a: Rayquaza|par\n|\n|upkeep\n|turn|9\n|c|\u2606samiew|nice\n|\n|t:|1700500998\n|move|p2a: Ribombee|Sticky Web||[still]\n|-fail|p2a: Ribombee\n|move|p1a: Rayquaza|Dragon Dance|p1a: Rayquaza\n|-boost|p1a: Rayquaza|atk|1\n|-boost|p1a: Rayquaza|spe|1\n|\n|upkeep\n|turn|10\n|c|\u2606samiew|dont wuit on me\n|\n|t:|1700501006\n|move|p2a: Ribombee|Moonblast|p1a: Rayquaza\n|-supereffective|p1a: Rayquaza\n|-damage|p1a: Rayquaza|0 fnt\n|faint|p1a: Rayquaza\n|\n|upkeep\n|\n|t:|1700501020\n|switch|p1a: Giratina|Giratina, shiny|100\/100\n|-ability|p1a: Giratina|Pressure\n|turn|11\n|\n|t:|1700501027\n|-terastallize|p1a: Giratina|Ghost\n|move|p2a: Ribombee|Stun Spore|p1a: Giratina\n|-status|p1a: Giratina|par\n|move|p1a: Giratina|Defog|p2a: Ribombee\n|-unboost|p2a: Ribombee|evasion|1\n|-sideend|p1: KenshuTepes|Sticky Web|[from] move: Defog|[of] p1a: Giratina\n|\n|upkeep\n|turn|12\n|c|\u2606samiew|nice\n|\n|t:|1700501041\n|switch|p2a: Gliscor|Gliscor, M|26\/100 tox\n|move|p1a: Giratina|Calm Mind|p1a: Giratina\n|-boost|p1a: Giratina|spa|1\n|-boost|p1a: Giratina|spd|1\n|\n|-heal|p2a: Gliscor|38\/100 tox|[from] ability: Poison Heal\n|upkeep\n|turn|13\n|\n|t:|1700501048\n|move|p2a: Gliscor|Knock Off|p1a: Giratina\n|-supereffective|p1a: Giratina\n|-damage|p1a: Giratina|75\/100 par\n|-enditem|p1a: Giratina|Heavy-Duty Boots|[from] move: Knock Off|[of] p2a: Gliscor\n|cant|p1a: Giratina|par\n|\n|-heal|p2a: Gliscor|51\/100 tox|[from] ability: Poison Heal\n|upkeep\n|turn|14\n|\n|t:|1700501056\n|move|p2a: Gliscor|Stealth Rock|p1a: Giratina\n|-sidestart|p1: KenshuTepes|move: Stealth Rock\n|move|p1a: Giratina|Shadow Ball|p2a: Gliscor\n|-damage|p2a: Gliscor|0 fnt\n|faint|p2a: Gliscor\n|\n|upkeep\n|c|\u2606samiew|ouch\n|\n|t:|1700501062\n|switch|p2a: Ribombee|Ribombee, M, shiny|100\/100\n|turn|15\n|\n|t:|1700501066\n|move|p2a: Ribombee|Moonblast|p1a: Giratina\n|-damage|p1a: Giratina|59\/100 par\n|cant|p1a: Giratina|par\n|\n|upkeep\n|turn|16\n|c|\u2606samiew|oh lord\n|\n|t:|1700501077\n|switch|p2a: Garganacl|Garganacl, F, shiny|100\/100\n|move|p1a: Giratina|Calm Mind|p1a: Giratina\n|-boost|p1a: Giratina|spa|1\n|-boost|p1a: Giratina|spd|1\n|\n|upkeep\n|turn|17\n|\n|t:|1700501082\n|move|p1a: Giratina|Shadow Ball|p2a: Garganacl\n|-damage|p2a: Garganacl|63\/100\n|move|p2a: Garganacl|Salt Cure|p1a: Giratina\n|-damage|p1a: Giratina|51\/100 par\n|-start|p1a: Giratina|Salt Cure\n|\n|-damage|p1a: Giratina|38\/100 par|[from] Salt Cure\n|upkeep\n|turn|18\n|c|\u2606samiew|literally just die please\n|\n|t:|1700501093\n|switch|p2a: Ribombee|Ribombee, M, shiny|100\/100\n|move|p1a: Giratina|Shadow Ball|p2a: Ribombee\n|-enditem|p2a: Ribombee|Focus Sash\n|-damage|p2a: Ribombee|1\/100\n|\n|-damage|p1a: Giratina|26\/100 par|[from] Salt Cure\n|upkeep\n|turn|19\n|\n|t:|1700501105\n|move|p2a: Ribombee|Sticky Web|p1a: Giratina\n|-sidestart|p1: KenshuTepes|move: Sticky Web\n|move|p1a: Giratina|Shadow Ball|p2a: Ribombee\n|-damage|p2a: Ribombee|0 fnt\n|faint|p2a: Ribombee\n|\n|-damage|p1a: Giratina|14\/100 par|[from] Salt Cure\n|upkeep\n|\n|t:|1700501118\n|switch|p2a: Pelipper|Pelipper, F, shiny|100\/100\n|-weather|RainDance|[from] ability: Drizzle|[of] p2a: Pelipper\n|turn|20\n|\n|t:|1700501124\n|move|p2a: Pelipper|Hurricane|p1a: Giratina\n|-damage|p1a: Giratina|0 fnt\n|faint|p1a: Giratina\n|\n|-weather|RainDance|[upkeep]\n|upkeep\n|c|\u2606samiew|nice\n|\n|t:|1700501130\n|switch|p1a: Hoopa|Hoopa-Unbound|100\/100\n|-damage|p1a: Hoopa|88\/100|[from] Stealth Rock\n|-activate|p1a: Hoopa|move: Sticky Web\n|-unboost|p1a: Hoopa|spe|1\n|turn|21\n|\n|t:|1700501139\n|move|p2a: Pelipper|Hurricane|p1a: Hoopa\n|-damage|p1a: Hoopa|39\/100\n|move|p1a: Hoopa|Psychic|p2a: Pelipper\n|-damage|p2a: Pelipper|21\/100\n|\n|-weather|RainDance|[upkeep]\n|upkeep\n|turn|22\n|c|\u2606samiew|what is his deal\n|c|\u2606samiew|ouch\n|\n|t:|1700501147\n|move|p2a: Pelipper|Hurricane|p1a: Hoopa\n|-damage|p1a: Hoopa|0 fnt\n|faint|p1a: Hoopa\n|\n|-weather|RainDance|[upkeep]\n|upkeep\n|\n|t:|1700501149\n|switch|p1a: Arceus|Arceus-Ground, shiny|100\/100\n|-damage|p1a: Arceus|94\/100|[from] Stealth Rock\n|-activate|p1a: Arceus|move: Sticky Web\n|-unboost|p1a: Arceus|spe|1\n|turn|23\n|\n|t:|1700501156\n|move|p2a: Pelipper|Surf|p1a: Arceus\n|-supereffective|p1a: Arceus\n|-damage|p1a: Arceus|0 fnt\n|faint|p1a: Arceus\n|\n|-weather|RainDance|[upkeep]\n|upkeep\n|c|\u2606samiew|nice\n|\n|t:|1700501160\n|switch|p1a: Koraidon|Koraidon|100\/100\n|-damage|p1a: Koraidon|94\/100|[from] Stealth Rock\n|-activate|p1a: Koraidon|move: Sticky Web\n|-unboost|p1a: Koraidon|spe|1\n|-weather|SunnyDay|[from] ability: Orichalcum Pulse|[of] p1a: Koraidon\n|-activate|p1a: Koraidon|Orichalcum Pulse|[source]\n|turn|24\n|\n|t:|1700501168\n|switch|p2a: Garganacl|Garganacl, F, shiny|63\/100\n|move|p1a: Koraidon|Heavy Slam|p2a: Garganacl\n|-supereffective|p2a: Garganacl\n|-damage|p2a: Garganacl|43\/100\n|-damage|p1a: Koraidon|78\/100|[from] item: Rocky Helmet|[of] p2a: Garganacl\n|\n|-weather|SunnyDay|[upkeep]\n|upkeep\n|turn|25\n|c|\u2606samiew|ouch\n|\n|t:|1700501178\n|-terastallize|p2a: Garganacl|Fairy\n|move|p1a: Koraidon|Collision Course|p2a: Garganacl\n|-resisted|p2a: Garganacl\n|-damage|p2a: Garganacl|24\/100\n|-damage|p1a: Koraidon|61\/100|[from] item: Rocky Helmet|[of] p2a: Garganacl\n|move|p2a: Garganacl|Recover|p2a: Garganacl\n|-heal|p2a: Garganacl|74\/100\n|\n|-weather|SunnyDay|[upkeep]\n|upkeep\n|turn|26\n|c|\u2606samiew|nope\n|\n|t:|1700501194\n|move|p1a: Koraidon|Swords Dance|p1a: Koraidon\n|-boost|p1a: Koraidon|atk|2\n|move|p2a: Garganacl|Recover|p2a: Garganacl\n|-heal|p2a: Garganacl|100\/100\n|\n|-weather|SunnyDay|[upkeep]\n|upkeep\n|turn|27\n|\n|t:|1700501200\n|move|p1a: Koraidon|Heavy Slam|p2a: Garganacl\n|-supereffective|p2a: Garganacl\n|-damage|p2a: Garganacl|63\/100\n|-damage|p1a: Koraidon|45\/100|[from] item: Rocky Helmet|[of] p2a: Garganacl\n|move|p2a: Garganacl|Iron Defense|p2a: Garganacl\n|-boost|p2a: Garganacl|def|2\n|\n|-weather|SunnyDay|[upkeep]\n|upkeep\n|turn|28\n|c|\u2606samiew|damn\n|\n|t:|1700501208\n|move|p1a: Koraidon|Swords Dance|p1a: Koraidon\n|-boost|p1a: Koraidon|atk|2\n|move|p2a: Garganacl|Iron Defense|p2a: Garganacl\n|-boost|p2a: Garganacl|def|2\n|\n|-weather|SunnyDay|[upkeep]\n|upkeep\n|turn|29\n|c|\u2606samiew|no thank you\n|c|\u2606samiew|please be nice\n|\n|t:|1700501215\n|move|p1a: Koraidon|Swords Dance|p1a: Koraidon\n|-boost|p1a: Koraidon|atk|2\n|move|p2a: Garganacl|Recover|p2a: Garganacl\n|-heal|p2a: Garganacl|100\/100\n|\n|-weather|SunnyDay|[upkeep]\n|upkeep\n|turn|30\n|\n|t:|1700501221\n|move|p1a: Koraidon|Collision Course|p2a: Garganacl\n|-resisted|p2a: Garganacl\n|-damage|p2a: Garganacl|76\/100\n|-damage|p1a: Koraidon|29\/100|[from] item: Rocky Helmet|[of] p2a: Garganacl\n|move|p2a: Garganacl|Iron Defense|p2a: Garganacl\n|-boost|p2a: Garganacl|def|2\n|\n|-weather|SunnyDay|[upkeep]\n|upkeep\n|turn|31\n|c|\u2606samiew|resist\n|c|\u2606samiew|gg\n|\n|t:|1700501233\n|move|p1a: Koraidon|Heavy Slam|p2a: Garganacl\n|-supereffective|p2a: Garganacl\n|-damage|p2a: Garganacl|57\/100\n|-damage|p1a: Koraidon|12\/100|[from] item: Rocky Helmet|[of] p2a: Garganacl\n|move|p2a: Garganacl|Recover|p2a: Garganacl\n|-heal|p2a: Garganacl|100\/100\n|\n|-weather|none\n|upkeep\n|turn|32\n|\n|t:|1700501241\n|move|p1a: Koraidon|Heavy Slam|p2a: Garganacl\n|-supereffective|p2a: Garganacl\n|-damage|p2a: Garganacl|85\/100\n|-damage|p1a: Koraidon|0 fnt|[from] item: Rocky Helmet|[of] p2a: Garganacl\n|faint|p1a: Koraidon\n|\n|win|samiew\n|raw|KenshuTepes's rating: 1259 &rarr; <strong>1243<\/strong><br \/>(-16 for losing)\n|raw|samiew's rating: 1386 &rarr; <strong>1399<\/strong><br \/>(+13 for winning)\n","uploadtime":1700501090,"views":0,"p1id":"kenshutepes","p2id":"samiew","formatid":"gen9anythinggoes","rating":1243,"private":0,"password":""}