{"id":"gen9anythinggoes-1980581272","p1":"XX_1nfinity_XX","p2":"Itriedtodo","format":"[Gen 9] Anything Goes","log":"|j|\u2606XX_1nfinity_XX\n|j|\u2606Itriedtodo\n|inactive|Battle timer is ON: inactive players will automatically lose when time's up.\n|t:|1698799740\n|gametype|singles\n|player|p1|XX_1nfinity_XX|lucas|\n|player|p2|Itriedtodo|teamrocket|\n|teamsize|p1|6\n|teamsize|p2|6\n|gen|9\n|tier|[Gen 9] Anything Goes\n|rated|Tournament battle\n|rule|HP Percentage Mod: HP is shown in percentages\n|rule|Endless Battle Clause: Forcing endless battles is banned\n|clearpoke\n|poke|p1|Calyrex-Shadow|\n|poke|p1|Zacian-*|\n|poke|p1|Miraidon|\n|poke|p1|Mewtwo|\n|poke|p1|Arceus|\n|poke|p1|Annihilape, M|\n|poke|p2|Arceus|\n|poke|p2|Zacian-*|\n|poke|p2|Eternatus|\n|poke|p2|Calyrex-Shadow|\n|poke|p2|Sneasler, M|\n|poke|p2|Dragapult, F|\n|teampreview\n|j|*Lady Monita \u263d\n|inactive|XX_1nfinity_XX also wants the timer to be on.\n|inactive|Itriedtodo also wants the timer to be on.\n|\n|t:|1698799754\n|start\n|switch|p1a: Miraidon|Miraidon|100\/100\n|switch|p2a: Eternatus|Eternatus|100\/100\n|-ability|p2a: Eternatus|Pressure\n|-fieldstart|move: Electric Terrain|[from] ability: Hadron Engine|[of] p1a: Miraidon\n|turn|1\n|\n|t:|1698799768\n|move|p2a: Eternatus|Shed Tail|p2a: Eternatus\n|-start|p2a: Eternatus|Substitute|[from] move: Shed Tail\n|-damage|p2a: Eternatus|50\/100\n|\n|t:|1698799779\n|switch|p2a: Zacian|Zacian-Crowned|100\/100|[from] Shed Tail\n|-ability|p2a: Zacian|Intrepid Sword|boost\n|-boost|p2a: Zacian|atk|1\n|move|p1a: Miraidon|Substitute|p1a: Miraidon\n|-start|p1a: Miraidon|Substitute\n|-damage|p1a: Miraidon|76\/100\n|\n|upkeep\n|turn|2\n|\n|t:|1698799789\n|move|p1a: Miraidon|Electro Drift|p2a: Zacian\n|-end|p2a: Zacian|Substitute\n|-damage|p1a: Miraidon|66\/100|[from] item: Life Orb\n|move|p2a: Zacian|Behemoth Blade|p1a: Miraidon\n|-resisted|p1a: Miraidon\n|-end|p1a: Miraidon|Substitute\n|\n|upkeep\n|turn|3\n|\n|t:|1698799794\n|move|p1a: Miraidon|Electro Drift|p2a: Zacian\n|-damage|p2a: Zacian|0 fnt\n|faint|p2a: Zacian\n|-damage|p1a: Miraidon|56\/100|[from] item: Life Orb\n|\n|upkeep\n|c|\u2606Itriedtodo|man\n|c|\u2606Itriedtodo|im scarf\n|c|\u2606XX_1nfinity_XX|why so slow?\n|c|\u2606Itriedtodo|and you stayed in on the etern\n|\n|t:|1698799811\n|switch|p2a: Eternatus|Eternatus|50\/100\n|-ability|p2a: Eternatus|Pressure\n|turn|4\n|c|\u2606Itriedtodo|pressure triggers\n|c|\u2606Itriedtodo|that means im faster\n|c|\u2606Itriedtodo|and yet you stay in\n|\n|t:|1698799829\n|switch|p1a: Zacian|Zacian-Crowned|100\/100\n|-ability|p1a: Zacian|Intrepid Sword|boost\n|-boost|p1a: Zacian|atk|1\n|move|p2a: Eternatus|Memento|p1a: Zacian\n|-unboost|p1a: Zacian|atk|2\n|-unboost|p1a: Zacian|spa|2\n|faint|p2a: Eternatus\n|\n|upkeep\n|inactive|Itriedtodo has 120 seconds left.\n|\n|t:|1698799853\n|switch|p2a: Dragapult|Dragapult, F|100\/100\n|turn|5\n|c|\u2606Itriedtodo|wtf\n|inactive|Itriedtodo has 120 seconds left.\n|c|\u2606Itriedtodo|I didnt fucking click that\n|\n|t:|1698799869\n|switch|p1a: Arceus|Arceus|100\/100\n|switch|p2a: Arceus|Arceus|100\/100\n|\n|-fieldend|move: Electric Terrain\n|upkeep\n|turn|6\n|\n|t:|1698799883\n|move|p1a: Arceus|Swords Dance|p1a: Arceus\n|-boost|p1a: Arceus|atk|2\n|move|p2a: Arceus|Population Bomb|p1a: Arceus\n|-damage|p1a: Arceus|94\/100\n|-damage|p1a: Arceus|86\/100\n|-damage|p1a: Arceus|78\/100\n|-damage|p1a: Arceus|70\/100\n|-damage|p1a: Arceus|62\/100\n|-damage|p1a: Arceus|55\/100\n|-damage|p1a: Arceus|49\/100\n|-damage|p1a: Arceus|42\/100\n|-damage|p1a: Arceus|35\/100\n|-damage|p1a: Arceus|28\/100\n|-hitcount|p1a: Arceus|10\n|\n|-heal|p1a: Arceus|34\/100|[from] item: Leftovers\n|upkeep\n|turn|7\n|inactive|Itriedtodo has 120 seconds left.\n|c|\u2606XX_1nfinity_XX|damn\n|\n|t:|1698799906\n|move|p2a: Arceus|Extreme Speed|p1a: Arceus\n|-damage|p1a: Arceus|7\/100\n|move|p1a: Arceus|Extreme Speed|p2a: Arceus\n|-damage|p2a: Arceus|40\/100\n|\n|-heal|p1a: Arceus|13\/100|[from] item: Leftovers\n|upkeep\n|turn|8\n|c|\u2606Itriedtodo|that lives\n|c|\u2606Itriedtodo|diabolical\n|\n|t:|1698799921\n|switch|p1a: Annihilape|Annihilape, M|100\/100\n|move|p2a: Arceus|Extreme Speed|p1a: Annihilape\n|-immune|p1a: Annihilape\n|\n|upkeep\n|turn|9\n|inactive|Itriedtodo has 120 seconds left.\n|\n|t:|1698799930\n|move|p2a: Arceus|Last Respects|p1a: Annihilape\n|-supereffective|p1a: Annihilape\n|-damage|p1a: Annihilape|0 fnt\n|faint|p1a: Annihilape\n|\n|upkeep\n|\n|t:|1698799937\n|switch|p1a: Miraidon|Miraidon|56\/100\n|-fieldstart|move: Electric Terrain|[from] ability: Hadron Engine|[of] p1a: Miraidon\n|turn|10\n|\n|t:|1698799947\n|move|p2a: Arceus|Extreme Speed|p1a: Miraidon\n|-damage|p1a: Miraidon|13\/100\n|move|p1a: Miraidon|Electro Drift|p2a: Arceus\n|-damage|p2a: Arceus|0 fnt\n|faint|p2a: Arceus\n|-damage|p1a: Miraidon|3\/100|[from] item: Life Orb\n|\n|upkeep\n|\n|t:|1698799953\n|switch|p2a: Dragapult|Dragapult, F|100\/100\n|turn|11\n|\n|t:|1698799957\n|move|p2a: Dragapult|Substitute|p2a: Dragapult\n|-start|p2a: Dragapult|Substitute\n|-damage|p2a: Dragapult|76\/100\n|move|p1a: Miraidon|Ice Beam|p2a: Dragapult\n|-supereffective|p2a: Dragapult\n|-end|p2a: Dragapult|Substitute\n|-damage|p1a: Miraidon|0 fnt|[from] item: Life Orb\n|faint|p1a: Miraidon\n|\n|upkeep\n|\n|t:|1698799966\n|switch|p1a: Zacian|Zacian-Crowned|100\/100\n|turn|12\n|\n|t:|1698799979\n|move|p1a: Zacian|Spirit Break|p2a: Dragapult\n|-supereffective|p2a: Dragapult\n|-damage|p2a: Dragapult|0 fnt\n|faint|p2a: Dragapult\n|\n|upkeep\n|\n|t:|1698799983\n|switch|p2a: Sneasler|Sneasler, M|100\/100\n|turn|13\n|\n|t:|1698799993\n|switch|p1a: Calyrex|Calyrex-Shadow|100\/100\n|-ability|p1a: Calyrex|As One\n|-ability|p1a: Calyrex|Unnerve\n|move|p2a: Sneasler|Last Respects|p1a: Calyrex\n|-supereffective|p1a: Calyrex\n|-damage|p1a: Calyrex|0 fnt\n|faint|p1a: Calyrex\n|\n|upkeep\n|\n|t:|1698800004\n|switch|p1a: Arceus|Arceus|13\/100\n|turn|14\n|\n|t:|1698800014\n|move|p2a: Sneasler|Collision Course|p1a: Arceus\n|-supereffective|p1a: Arceus\n|-damage|p1a: Arceus|0 fnt\n|faint|p1a: Arceus\n|\n|-fieldend|move: Electric Terrain\n|upkeep\n|\n|t:|1698800020\n|switch|p1a: Mewtwo|Mewtwo|100\/100\n|-ability|p1a: Mewtwo|Pressure\n|turn|15\n|\n|t:|1698800027\n|move|p1a: Mewtwo|Thunderbolt|p2a: Sneasler\n|-damage|p2a: Sneasler|55\/100\n|move|p2a: Sneasler|Last Respects|p1a: Mewtwo\n|-supereffective|p1a: Mewtwo\n|-damage|p1a: Mewtwo|0 fnt\n|faint|p1a: Mewtwo\n|\n|upkeep\n|\n|t:|1698800031\n|switch|p1a: Zacian|Zacian-Crowned|100\/100\n|turn|16\n|\n|t:|1698800036\n|move|p1a: Zacian|Spirit Break|p2a: Sneasler\n|-damage|p2a: Sneasler|0 fnt\n|faint|p2a: Sneasler\n|\n|upkeep\n|\n|t:|1698800039\n|switch|p2a: Calyrex|Calyrex-Shadow|100\/100\n|-ability|p2a: Calyrex|As One\n|-ability|p2a: Calyrex|Unnerve\n|turn|17\n|\n|t:|1698800053\n|-terastallize|p2a: Calyrex|Fairy\n|move|p2a: Calyrex|Tail Glow|p2a: Calyrex\n|-boost|p2a: Calyrex|spa|3\n|move|p1a: Zacian|Spirit Break|p2a: Calyrex\n|-damage|p2a: Calyrex|44\/100\n|-unboost|p2a: Calyrex|spa|1\n|\n|upkeep\n|turn|18\n|\n|t:|1698800065\n|move|p2a: Calyrex|Astral Barrage|p1a: Zacian\n|-damage|p1a: Zacian|0 fnt\n|faint|p1a: Zacian\n|\n|win|Itriedtodo\n|n|\u2606XX_1nfinity_XX|xx1nfinityxx\n|n|\u2606Itriedtodo|itriedtodo\n|n|*Lady Monita \u263d|ladymonita\n","uploadtime":1698800067,"views":7,"p1id":"xx1nfinityxx","p2id":"itriedtodo","formatid":"gen9anythinggoes","rating":0,"private":0,"password":""}