{"id":"gen9anythinggoes-1992089016","p1":"Mario Flare","p2":"El Barano","format":"[Gen 9] Anything Goes","log":"|j|\u2606Mario Flare\n|j|\u2606El Barano\n|t:|1700154144\n|gametype|singles\n|player|p1|Mario Flare|2|\n|player|p2|El Barano|hiker-gen4|\n|teamsize|p1|6\n|teamsize|p2|6\n|gen|9\n|tier|[Gen 9] Anything Goes\n|rule|HP Percentage Mod: HP is shown in percentages\n|rule|Endless Battle Clause: Forcing endless battles is banned\n|clearpoke\n|poke|p1|Ogerpon-Cornerstone, F|\n|poke|p1|Weavile, F|\n|poke|p1|Clodsire, F|\n|poke|p1|Quaquaval, M|\n|poke|p1|Haxorus, F|\n|poke|p1|Flareon, M|\n|poke|p2|Thundurus-Therian, M|\n|poke|p2|Houndstone, M|\n|poke|p2|Gholdengo|\n|poke|p2|Weezing-Galar, M|\n|poke|p2|Slowking, F|\n|poke|p2|Tyranitar, M|\n|teampreview\n|inactive|Battle timer is ON: inactive players will automatically lose when time's up. (requested by Mario Flare)\n|inactiveoff|Battle timer is now OFF.\n|c|\u2606Mario Flare|Warm war Smogsmog so klar? xd\n|c|\u2606El Barano|auf ein gutes <3\n|c|\u2606Mario Flare|Danke dir auch :D\n|\n|t:|1700154181\n|start\n|switch|p1a: Clodsire|Clodsire, F|100\/100\n|switch|p2a: Schmackofatz|Thundurus-Therian, M|100\/100\n|turn|1\n|\n|t:|1700154194\n|move|p2a: Schmackofatz|Psychic|p1a: Clodsire\n|-supereffective|p1a: Clodsire\n|-damage|p1a: Clodsire|50\/100\n|move|p1a: Clodsire|Stealth Rock|p2a: Schmackofatz\n|-sidestart|p2: El Barano|move: Stealth Rock\n|\n|-heal|p1a: Clodsire|56\/100|[from] item: Black Sludge\n|upkeep\n|turn|2\n|\n|t:|1700154205\n|switch|p2a: Volker Racho|Weezing-Galar, M|100\/100\n|-damage|p2a: Volker Racho|88\/100|[from] Stealth Rock\n|move|p1a: Clodsire|Recover|p1a: Clodsire\n|-heal|p1a: Clodsire|100\/100\n|\n|upkeep\n|turn|3\n|\n|t:|1700154218\n|switch|p1a: Haxorus|Haxorus, F|100\/100\n|-ability|p1a: Haxorus|Mold Breaker\n|move|p2a: Volker Racho|Will-O-Wisp|p1a: Haxorus\n|-status|p1a: Haxorus|brn\n|-enditem|p1a: Haxorus|Lum Berry|[eat]\n|-curestatus|p1a: Haxorus|brn|[msg]\n|\n|upkeep\n|turn|4\n|\n|t:|1700154238\n|switch|p1a: Flareon|Flareon, M|100\/100\n|move|p2a: Volker Racho|Strange Steam|p1a: Flareon\n|-resisted|p1a: Flareon\n|-damage|p1a: Flareon|85\/100\n|\n|upkeep\n|turn|5\n|\n|t:|1700154247\n|-terastallize|p1a: Flareon|Normal\n|move|p1a: Flareon|Trailblaze|p2a: Volker Racho\n|-resisted|p2a: Volker Racho\n|-damage|p2a: Volker Racho|83\/100\n|-boost|p1a: Flareon|spe|1\n|-damage|p1a: Flareon|69\/100|[from] item: Rocky Helmet|[of] p2a: Volker Racho\n|move|p2a: Volker Racho|Toxic|p1a: Flareon\n|-status|p1a: Flareon|tox\n|\n|-damage|p1a: Flareon|63\/100 tox|[from] psn\n|upkeep\n|turn|6\n|\n|t:|1700154316\n|move|p1a: Flareon|Facade|p2a: Volker Racho\n|-crit|p2a: Volker Racho\n|-damage|p2a: Volker Racho|0 fnt\n|-damage|p1a: Flareon|46\/100 tox|[from] item: Rocky Helmet|[of] p2a: Volker Racho\n|faint|p2a: Volker Racho\n|\n|-damage|p1a: Flareon|34\/100 tox|[from] psn\n|upkeep\n|c|\u2606Mario Flare|Das hat gemattert...\n|c|\u2606El Barano|geilooo haha\n|c|\u2606Mario Flare|Ohne Crit h\u00e4ttest du physisch defensive \u00fcberlebt habe deswegen gerade lustigerweise gecalct ob der Crit mich rettet xd\n|\n|t:|1700154373\n|switch|p2a: Blubber Bernd|Slowking, F|100\/100\n|turn|7\n|\n|t:|1700154395\n|move|p1a: Flareon|Facade|p2a: Blubber Bernd\n|-damage|p2a: Blubber Bernd|27\/100\n|move|p2a: Blubber Bernd|Chilly Reception|p2a: Blubber Bernd\n|-weather|Snow\n|\n|t:|1700154407\n|switch|p2a: Schmackofatz|Thundurus-Therian, M|100\/100|[from] Chilly Reception\n|-damage|p2a: Schmackofatz|76\/100|[from] Stealth Rock\n|\n|-weather|Snow|[upkeep]\n|-damage|p1a: Flareon|17\/100 tox|[from] psn\n|upkeep\n|turn|8\n|\n|t:|1700154415\n|move|p1a: Flareon|Facade|p2a: Schmackofatz\n|-damage|p2a: Schmackofatz|0 fnt\n|faint|p2a: Schmackofatz\n|\n|-weather|Snow|[upkeep]\n|-damage|p1a: Flareon|0 fnt|[from] psn\n|faint|p1a: Flareon\n|upkeep\n|\n|t:|1700154443\n|switch|p2a: Blubber Bernd|Slowking, F|61\/100\n|switch|p1a: Weavile|Weavile, F|100\/100\n|-ability|p1a: Weavile|Pressure\n|turn|9\n|c|\u2606Mario Flare|Flamara hat nun das gemacht was es sollte xd\n|c|\u2606Mario Flare|2 Kills claimen und sterben\n|\n|t:|1700154464\n|switch|p2a: Bokaufbiercic|Tyranitar, M|100\/100\n|-damage|p2a: Bokaufbiercic|88\/100|[from] Stealth Rock\n|-weather|Sandstorm|[from] ability: Sand Stream|[of] p2a: Bokaufbiercic\n|move|p1a: Weavile|Knock Off|p2a: Bokaufbiercic\n|-resisted|p2a: Bokaufbiercic\n|-damage|p2a: Bokaufbiercic|66\/100\n|-enditem|p2a: Bokaufbiercic|Smooth Rock|[from] move: Knock Off|[of] p1a: Weavile\n|\n|-weather|Sandstorm|[upkeep]\n|-damage|p1a: Weavile|94\/100|[from] Sandstorm\n|upkeep\n|turn|10\n|\n|t:|1700154480\n|switch|p1a: Quaquaval|Quaquaval, M|100\/100\n|move|p2a: Bokaufbiercic|Thunder Wave|p1a: Quaquaval\n|-status|p1a: Quaquaval|par\n|\n|-weather|Sandstorm|[upkeep]\n|-damage|p1a: Quaquaval|94\/100 par|[from] Sandstorm\n|-heal|p1a: Quaquaval|100\/100 par|[from] item: Leftovers\n|upkeep\n|turn|11\n|\n|t:|1700154493\n|switch|p2a: Blubber Bernd|Slowking, F|94\/100\n|move|p1a: Quaquaval|Aqua Step|p2a: Blubber Bernd\n|-resisted|p2a: Blubber Bernd\n|-damage|p2a: Blubber Bernd|78\/100\n|-boost|p1a: Quaquaval|spe|1\n|\n|-weather|Sandstorm|[upkeep]\n|-damage|p1a: Quaquaval|94\/100 par|[from] Sandstorm\n|-damage|p2a: Blubber Bernd|71\/100|[from] Sandstorm\n|-heal|p1a: Quaquaval|100\/100 par|[from] item: Leftovers\n|upkeep\n|turn|12\n|\n|t:|1700154504\n|switch|p1a: Weavile|Weavile, F|94\/100\n|-ability|p1a: Weavile|Pressure\n|move|p2a: Blubber Bernd|Psychic|p1a: Weavile\n|-immune|p1a: Weavile\n|\n|-weather|Sandstorm|[upkeep]\n|-damage|p1a: Weavile|88\/100|[from] Sandstorm\n|-damage|p2a: Blubber Bernd|65\/100|[from] Sandstorm\n|upkeep\n|turn|13\n|\n|t:|1700154516\n|switch|p2a: Bokaufbiercic|Tyranitar, M|66\/100\n|-damage|p2a: Bokaufbiercic|53\/100|[from] Stealth Rock\n|move|p1a: Weavile|Low Kick|p2a: Bokaufbiercic\n|-supereffective|p2a: Bokaufbiercic\n|-damage|p2a: Bokaufbiercic|0 fnt\n|faint|p2a: Bokaufbiercic\n|\n|-weather|Sandstorm|[upkeep]\n|-damage|p1a: Weavile|82\/100|[from] Sandstorm\n|upkeep\n|\n|t:|1700154525\n|switch|p2a: Friedhelm|Houndstone, M|100\/100\n|-damage|p2a: Friedhelm|88\/100|[from] Stealth Rock\n|turn|14\n|\n|t:|1700154537\n|switch|p1a: Quaquaval|Quaquaval, M|100\/100 par\n|-terastallize|p2a: Friedhelm|Fairy\n|move|p2a: Friedhelm|Play Rough|p1a: Quaquaval|[miss]\n|-miss|p2a: Friedhelm|p1a: Quaquaval\n|\n|-weather|Sandstorm|[upkeep]\n|-damage|p1a: Quaquaval|94\/100 par|[from] Sandstorm\n|-heal|p1a: Quaquaval|100\/100 par|[from] item: Leftovers\n|upkeep\n|turn|15\n|c|\u2606El Barano|lieben wir\n|\n|t:|1700154568\n|switch|p1a: Clodsire|Clodsire, F|100\/100\n|move|p2a: Friedhelm|Poltergeist|p1a: Clodsire\n|-activate|p1a: Clodsire|move: Poltergeist|Black Sludge\n|-damage|p1a: Clodsire|22\/100\n|-damage|p2a: Friedhelm|78\/100|[from] item: Life Orb\n|\n|-weather|Sandstorm|[upkeep]\n|-heal|p1a: Clodsire|29\/100|[from] item: Black Sludge\n|upkeep\n|turn|16\n|c|\u2606Mario Flare|Jap das Game einfach absolut gegen dich\n|\n|t:|1700154583\n|move|p2a: Friedhelm|Psychic Fangs|p1a: Clodsire\n|-supereffective|p1a: Clodsire\n|-damage|p1a: Clodsire|0 fnt\n|faint|p1a: Clodsire\n|-damage|p2a: Friedhelm|69\/100|[from] item: Life Orb\n|\n|-weather|none\n|upkeep\n|\n|t:|1700154613\n|switch|p1a: Ogerpon|Ogerpon-Cornerstone, F|100\/100\n|turn|17\n|\n|t:|1700154630\n|switch|p2a: Blubber Bernd|Slowking, F|99\/100\n|move|p1a: Ogerpon|Swords Dance|p1a: Ogerpon\n|-boost|p1a: Ogerpon|atk|2\n|\n|upkeep\n|turn|18\n|\n|t:|1700154636\n|move|p1a: Ogerpon|Horn Leech|p2a: Blubber Bernd\n|-supereffective|p2a: Blubber Bernd\n|-damage|p2a: Blubber Bernd|0 fnt\n|faint|p2a: Blubber Bernd\n|\n|upkeep\n|\n|t:|1700154642\n|switch|p2a: Money Boy|Gholdengo|100\/100\n|-damage|p2a: Money Boy|94\/100|[from] Stealth Rock\n|turn|19\n|\n|t:|1700154653\n|move|p1a: Ogerpon|Stomping Tantrum|p2a: Money Boy\n|-supereffective|p2a: Money Boy\n|-damage|p2a: Money Boy|18\/100\n|move|p2a: Money Boy|Substitute|p2a: Money Boy\n|-fail|p2a: Money Boy|move: Substitute|[weak]\n|\n|upkeep\n|turn|20\n|\n|t:|1700154658\n|move|p1a: Ogerpon|Stomping Tantrum|p2a: Money Boy\n|-supereffective|p2a: Money Boy\n|-damage|p2a: Money Boy|0 fnt\n|faint|p2a: Money Boy\n|\n|upkeep\n|c|\u2606El Barano|gg\n|\n|t:|1700154666\n|switch|p2a: Friedhelm|Houndstone, M, tera:Fairy|69\/100\n|-damage|p2a: Friedhelm|56\/100|[from] Stealth Rock\n|turn|21\n|c|\u2606Mario Flare|gg\n|\n|t:|1700154673\n|move|p1a: Ogerpon|Ivy Cudgel|p2a: Friedhelm|[anim] Ivy Cudgel Rock\n|-damage|p2a: Friedhelm|0 fnt\n|faint|p2a: Friedhelm\n|\n|win|Mario Flare\n","uploadtime":1700154679,"views":43,"p1id":"marioflare","p2id":"elbarano","formatid":"gen9anythinggoes","rating":0,"private":0,"password":""}