{"id":"gen9anythinggoes-2000014763","p1":"DR4N","p2":"SpainwinsHouseCup","format":"[Gen 9] Anything Goes","log":"|j|\u2606DR4N\n|j|\u2606SpainwinsHouseCup\n|t:|1701141359\n|gametype|singles\n|player|p1|DR4N|lucas-gen4pt|1105\n|player|p2|SpainwinsHouseCup|1|1000\n|teamsize|p1|6\n|teamsize|p2|6\n|gen|9\n|tier|[Gen 9] Anything Goes\n|rated|\n|rule|HP Percentage Mod: HP is shown in percentages\n|rule|Endless Battle Clause: Forcing endless battles is banned\n|clearpoke\n|poke|p1|Oshawott, M|\n|poke|p1|Lycanroc-Dusk, M|\n|poke|p1|Pawmot, F|\n|poke|p1|Clodsire, M|\n|poke|p1|Gogoat, M|\n|poke|p1|Arcanine, M|\n|poke|p2|Annihilape, M|\n|poke|p2|Maushold-Four|\n|poke|p2|Clefable, M|\n|poke|p2|Clefable, M|\n|poke|p2|Arcanine-Hisui, F|\n|poke|p2|Brambleghast, M|\n|teampreview\n|inactive|Battle timer is ON: inactive players will automatically lose when time's up. (requested by SpainwinsHouseCup)\n|\n|t:|1701141368\n|start\n|switch|p1a: \u30c9\u30aa\u30fc|Clodsire, M, shiny|100\/100\n|switch|p2a: Maushold|Maushold-Four|100\/100\n|turn|1\n|\n|t:|1701141376\n|move|p2a: Maushold|Tidy Up|p2a: Maushold\n|-boost|p2a: Maushold|atk|1\n|-boost|p2a: Maushold|spe|1\n|move|p1a: \u30c9\u30aa\u30fc|Toxic Spikes|p2a: Maushold\n|-sidestart|p2: SpainwinsHouseCup|move: Toxic Spikes\n|\n|upkeep\n|turn|2\n|\n|t:|1701141382\n|switch|p1a: \u30b4\u30fc\u30b4\u30fc\u30c8|Gogoat, M, shiny|100\/100\n|move|p2a: Maushold|Tidy Up|p2a: Maushold\n|-sideend|p2: SpainwinsHouseCup|Toxic Spikes\n|-activate|p2a: Maushold|move: Tidy Up\n|-boost|p2a: Maushold|atk|1\n|-boost|p2a: Maushold|spe|1\n|\n|upkeep\n|turn|3\n|\n|t:|1701141388\n|move|p2a: Maushold|Population Bomb|p1a: \u30b4\u30fc\u30b4\u30fc\u30c8\n|-damage|p1a: \u30b4\u30fc\u30b4\u30fc\u30c8|75\/100\n|-damage|p2a: Maushold|84\/100|[from] item: Rocky Helmet|[of] p1a: \u30b4\u30fc\u30b4\u30fc\u30c8\n|-damage|p1a: \u30b4\u30fc\u30b4\u30fc\u30c8|49\/100\n|-damage|p2a: Maushold|67\/100|[from] item: Rocky Helmet|[of] p1a: \u30b4\u30fc\u30b4\u30fc\u30c8\n|-damage|p1a: \u30b4\u30fc\u30b4\u30fc\u30c8|26\/100\n|-damage|p2a: Maushold|51\/100|[from] item: Rocky Helmet|[of] p1a: \u30b4\u30fc\u30b4\u30fc\u30c8\n|-damage|p1a: \u30b4\u30fc\u30b4\u30fc\u30c8|1\/100\n|-damage|p2a: Maushold|34\/100|[from] item: Rocky Helmet|[of] p1a: \u30b4\u30fc\u30b4\u30fc\u30c8\n|-damage|p1a: \u30b4\u30fc\u30b4\u30fc\u30c8|0 fnt\n|-damage|p2a: Maushold|17\/100|[from] item: Rocky Helmet|[of] p1a: \u30b4\u30fc\u30b4\u30fc\u30c8\n|faint|p1a: \u30b4\u30fc\u30b4\u30fc\u30c8\n|-hitcount|p1: \u30b4\u30fc\u30b4\u30fc\u30c8|5\n|\n|upkeep\n|\n|t:|1701141403\n|switch|p1a: \u30eb\u30ac\u30eb\u30ac\u30f3|Lycanroc-Dusk, M, shiny|100\/100\n|turn|4\n|\n|t:|1701141406\n|move|p1a: \u30eb\u30ac\u30eb\u30ac\u30f3|Accelerock|p2a: Maushold\n|-damage|p2a: Maushold|0 fnt\n|faint|p2a: Maushold\n|-damage|p1a: \u30eb\u30ac\u30eb\u30ac\u30f3|91\/100|[from] item: Life Orb\n|\n|upkeep\n|\n|t:|1701141411\n|switch|p2a: Annihilape|Annihilape, M|100\/100\n|turn|5\n|\n|t:|1701141415\n|switch|p1a: \u30c9\u30aa\u30fc|Clodsire, M, shiny|100\/100\n|move|p2a: Annihilape|Drain Punch|p1a: \u30c9\u30aa\u30fc\n|-resisted|p1a: \u30c9\u30aa\u30fc\n|-damage|p1a: \u30c9\u30aa\u30fc|80\/100\n|\n|-heal|p1a: \u30c9\u30aa\u30fc|86\/100|[from] item: Leftovers\n|upkeep\n|turn|6\n|\n|t:|1701141423\n|move|p2a: Annihilape|Taunt|p1a: \u30c9\u30aa\u30fc\n|-start|p1a: \u30c9\u30aa\u30fc|move: Taunt\n|cant|p1a: \u30c9\u30aa\u30fc|move: Taunt|Stealth Rock\n|\n|-heal|p1a: \u30c9\u30aa\u30fc|93\/100|[from] item: Leftovers\n|upkeep\n|turn|7\n|\n|t:|1701141427\n|move|p2a: Annihilape|Bulk Up|p2a: Annihilape\n|-boost|p2a: Annihilape|atk|1\n|-boost|p2a: Annihilape|def|1\n|move|p1a: \u30c9\u30aa\u30fc|Earthquake|p2a: Annihilape\n|-damage|p2a: Annihilape|71\/100\n|\n|-heal|p2a: Annihilape|78\/100|[from] item: Leftovers\n|-heal|p1a: \u30c9\u30aa\u30fc|99\/100|[from] item: Leftovers\n|upkeep\n|turn|8\n|\n|t:|1701141434\n|move|p2a: Annihilape|Bulk Up|p2a: Annihilape\n|-boost|p2a: Annihilape|atk|1\n|-boost|p2a: Annihilape|def|1\n|move|p1a: \u30c9\u30aa\u30fc|Earthquake|p2a: Annihilape\n|-damage|p2a: Annihilape|52\/100\n|\n|-heal|p2a: Annihilape|58\/100|[from] item: Leftovers\n|-heal|p1a: \u30c9\u30aa\u30fc|100\/100|[from] item: Leftovers\n|-end|p1a: \u30c9\u30aa\u30fc|move: Taunt\n|upkeep\n|turn|9\n|\n|t:|1701141444\n|move|p2a: Annihilape|Rage Fist|p1a: \u30c9\u30aa\u30fc\n|-damage|p1a: \u30c9\u30aa\u30fc|16\/100\n|move|p1a: \u30c9\u30aa\u30fc|Earthquake|p2a: Annihilape\n|-damage|p2a: Annihilape|31\/100\n|\n|-heal|p2a: Annihilape|38\/100|[from] item: Leftovers\n|-heal|p1a: \u30c9\u30aa\u30fc|22\/100|[from] item: Leftovers\n|upkeep\n|turn|10\n|\n|t:|1701141457\n|move|p2a: Annihilape|Rage Fist|p1a: \u30c9\u30aa\u30fc\n|-damage|p1a: \u30c9\u30aa\u30fc|0 fnt\n|faint|p1a: \u30c9\u30aa\u30fc\n|\n|-heal|p2a: Annihilape|44\/100|[from] item: Leftovers\n|upkeep\n|\n|t:|1701141460\n|switch|p1a: \u30df\u30b8\u30e5\u30de\u30eb|Oshawott, M, shiny|100\/100\n|turn|11\n|\n|t:|1701141464\n|move|p2a: Annihilape|Rage Fist|p1a: \u30df\u30b8\u30e5\u30de\u30eb\n|-enditem|p1a: \u30df\u30b8\u30e5\u30de\u30eb|Focus Sash\n|-damage|p1a: \u30df\u30b8\u30e5\u30de\u30eb|1\/100\n|move|p1a: \u30df\u30b8\u30e5\u30de\u30eb|Copycat|p1a: \u30df\u30b8\u30e5\u30de\u30eb\n|move|p1a: \u30df\u30b8\u30e5\u30de\u30eb|Rage Fist|p2a: Annihilape|[from]move: Copycat\n|-supereffective|p2a: Annihilape\n|-damage|p2a: Annihilape|22\/100\n|\n|-heal|p2a: Annihilape|29\/100|[from] item: Leftovers\n|upkeep\n|turn|12\n|\n|t:|1701141474\n|-terastallize|p1a: \u30df\u30b8\u30e5\u30de\u30eb|Water\n|move|p1a: \u30df\u30b8\u30e5\u30de\u30eb|Aqua Jet|p2a: Annihilape\n|-damage|p2a: Annihilape|14\/100\n|move|p2a: Annihilape|Rage Fist|p1a: \u30df\u30b8\u30e5\u30de\u30eb\n|-damage|p1a: \u30df\u30b8\u30e5\u30de\u30eb|0 fnt\n|faint|p1a: \u30df\u30b8\u30e5\u30de\u30eb\n|\n|-heal|p2a: Annihilape|21\/100|[from] item: Leftovers\n|upkeep\n|c|\u2606SpainwinsHouseCup|clever\n|c|\u2606SpainwinsHouseCup|wp\n|\n|t:|1701141485\n|switch|p1a: \u30a6\u30a4\u30f3\u30c7\u30a3|Arcanine, M, shiny|100\/100\n|turn|13\n|\n|t:|1701141493\n|move|p1a: \u30a6\u30a4\u30f3\u30c7\u30a3|Dragon Pulse|p2a: Annihilape\n|-damage|p2a: Annihilape|0 fnt\n|faint|p2a: Annihilape\n|\n|upkeep\n|\n|t:|1701141498\n|switch|p2a: Arcanine|Arcanine-Hisui, F|100\/100\n|turn|14\n|\n|t:|1701141505\n|move|p2a: Arcanine|Head Smash|p1a: \u30a6\u30a4\u30f3\u30c7\u30a3\n|-supereffective|p1a: \u30a6\u30a4\u30f3\u30c7\u30a3\n|-damage|p1a: \u30a6\u30a4\u30f3\u30c7\u30a3|0 fnt\n|faint|p1a: \u30a6\u30a4\u30f3\u30c7\u30a3\n|\n|upkeep\n|\n|t:|1701141511\n|switch|p1a: \u30eb\u30ac\u30eb\u30ac\u30f3|Lycanroc-Dusk, M, shiny|91\/100\n|turn|15\n|\n|t:|1701141524\n|switch|p2a: Clefable|Clefable, M|100\/100\n|move|p1a: \u30eb\u30ac\u30eb\u30ac\u30f3|Accelerock|p2a: Clefable\n|-damage|p2a: Clefable|59\/100\n|-damage|p1a: \u30eb\u30ac\u30eb\u30ac\u30f3|81\/100|[from] item: Life Orb\n|\n|upkeep\n|turn|16\n|\n|t:|1701141529\n|move|p2a: Clefable|Moonblast|p1a: \u30eb\u30ac\u30eb\u30ac\u30f3\n|-damage|p1a: \u30eb\u30ac\u30eb\u30ac\u30f3|13\/100\n|-unboost|p1a: \u30eb\u30ac\u30eb\u30ac\u30f3|spa|1\n|move|p1a: \u30eb\u30ac\u30eb\u30ac\u30f3|Swords Dance|p1a: \u30eb\u30ac\u30eb\u30ac\u30f3\n|-boost|p1a: \u30eb\u30ac\u30eb\u30ac\u30f3|atk|2\n|\n|upkeep\n|turn|17\n|\n|t:|1701141534\n|move|p1a: \u30eb\u30ac\u30eb\u30ac\u30f3|Accelerock|p2a: Clefable\n|-damage|p2a: Clefable|0 fnt\n|faint|p2a: Clefable\n|-damage|p1a: \u30eb\u30ac\u30eb\u30ac\u30f3|3\/100|[from] item: Life Orb\n|\n|upkeep\n|\n|t:|1701141541\n|switch|p2a: Brambleghast|Brambleghast, M|100\/100\n|turn|18\n|\n|t:|1701141546\n|move|p1a: \u30eb\u30ac\u30eb\u30ac\u30f3|Iron Head|p2a: Brambleghast\n|-damage|p2a: Brambleghast|0 fnt\n|faint|p2a: Brambleghast\n|-damage|p1a: \u30eb\u30ac\u30eb\u30ac\u30f3|0 fnt|[from] item: Life Orb\n|faint|p1a: \u30eb\u30ac\u30eb\u30ac\u30f3\n|\n|upkeep\n|\n|t:|1701141552\n|switch|p1a: \u30d1\u30fc\u30e2\u30c3\u30c8|Pawmot, F, shiny|100\/100\n|switch|p2a: Clefable|Clefable, M|100\/100\n|turn|19\n|-message|SpainwinsHouseCup forfeited.\n|\n|win|DR4N\n|raw|DR4N's rating: 1105 &rarr; <strong>1123<\/strong><br \/>(+18 for winning)\n|raw|SpainwinsHouseCup's rating: 1000 &rarr; <strong>1000<\/strong><br \/>(+0 for losing)\n|l|\u2606SpainwinsHouseCup\n","uploadtime":1701141563,"views":0,"p1id":"dr4n","p2id":"spainwinshousecup","formatid":"gen9anythinggoes","rating":1000,"private":0,"password":""}