{"id":"gen9anythinggoes-1980699025","p1":"person13","p2":"Tvrtko420","format":"[Gen 9] Anything Goes","log":"|j|\u2606person13\n|j|\u2606Tvrtko420\n|t:|1698814980\n|gametype|singles\n|player|p1|person13|pokekid|1579\n|player|p2|Tvrtko420|red-masters2|1779\n|teamsize|p1|6\n|teamsize|p2|6\n|gen|9\n|tier|[Gen 9] Anything Goes\n|rated|\n|rule|HP Percentage Mod: HP is shown in percentages\n|rule|Endless Battle Clause: Forcing endless battles is banned\n|clearpoke\n|poke|p1|Flutter Mane|\n|poke|p1|Donphan, L1, M|\n|poke|p1|Koraidon|\n|poke|p1|Vivillon-Tundra, M|\n|poke|p1|Kingambit, M|\n|poke|p1|Glimmora, F|\n|poke|p2|Hatterene, F|\n|poke|p2|Ursaluna, F|\n|poke|p2|Kingambit, M|\n|poke|p2|Calyrex-Ice|\n|poke|p2|Arceus|\n|poke|p2|Ursaluna-Bloodmoon, M|\n|teampreview\n|inactive|Battle timer is ON: inactive players will automatically lose when time's up. (requested by Tvrtko420)\n|\n|t:|1698814986\n|start\n|switch|p1a: Glimmora|Glimmora, F|100\/100\n|switch|p2a: Hatterene|Hatterene, F|100\/100\n|turn|1\n|j| GUESSWHOTPRADO\n|inactive|Tvrtko420 has 120 seconds left.\n|\n|t:|1698815025\n|move|p1a: Glimmora|Mortal Spin|p2a: Hatterene\n|-supereffective|p2a: Hatterene\n|-damage|p2a: Hatterene|85\/100\n|-status|p2a: Hatterene|psn\n|move|p2a: Hatterene|Trick Room|p2a: Hatterene\n|-fieldstart|move: Trick Room|[of] p2a: Hatterene\n|\n|-damage|p2a: Hatterene|73\/100 psn|[from] psn\n|upkeep\n|turn|2\n|inactive|Tvrtko420 has 120 seconds left.\n|\n|t:|1698815033\n|move|p2a: Hatterene|Misty Explosion|p1a: Glimmora\n|-resisted|p1a: Glimmora\n|-damage|p1a: Glimmora|56\/100\n|faint|p2a: Hatterene\n|move|p1a: Glimmora|Power Gem|p2: Hatterene|[notarget]\n|-fail|p1a: Glimmora\n|\n|upkeep\n|inactive|Tvrtko420 has 120 seconds left.\n|\n|t:|1698815043\n|switch|p2a: Calyrex|Calyrex-Ice|100\/100\n|-ability|p2a: Calyrex|As One\n|-ability|p2a: Calyrex|Unnerve\n|turn|3\n|\n|t:|1698815045\n|move|p2a: Calyrex|Glacial Lance|p1a: Glimmora\n|-damage|p1a: Glimmora|0 fnt\n|-activate|p1a: Glimmora|ability: Toxic Debris\n|-sidestart|p2: Tvrtko420|move: Toxic Spikes\n|faint|p1a: Glimmora\n|-ability|p2a: Calyrex|Chilling Neigh|boost\n|-boost|p2a: Calyrex|atk|1\n|\n|upkeep\n|\n|t:|1698815055\n|switch|p1a: Kingambit|Kingambit, M|100\/100\n|-activate|p1a: Kingambit|ability: Supreme Overlord\n|-start|p1a: Kingambit|fallen1|[silent]\n|turn|4\n|\n|t:|1698815072\n|-terastallize|p2a: Calyrex|Fire\n|move|p2a: Calyrex|High Horsepower|p1a: Kingambit\n|-supereffective|p1a: Kingambit\n|-damage|p1a: Kingambit|7\/100\n|move|p1a: Kingambit|Kowtow Cleave|p2a: Calyrex\n|-damage|p2a: Calyrex|59\/100\n|\n|-heal|p2a: Calyrex|66\/100|[from] item: Leftovers\n|upkeep\n|turn|5\n|\n|t:|1698815080\n|-end|p1a: Kingambit|fallen1|[silent]\n|switch|p1a: Vivillon|Vivillon-Tundra, M, shiny|100\/100\n|move|p2a: Calyrex|High Horsepower|p1a: Vivillon\n|-immune|p1a: Vivillon\n|\n|-heal|p2a: Calyrex|72\/100|[from] item: Leftovers\n|-fieldend|move: Trick Room\n|upkeep\n|turn|6\n|inactive|Tvrtko420 has 120 seconds left.\n|\n|t:|1698815116\n|move|p1a: Vivillon|Sleep Powder|p2a: Calyrex\n|-status|p2a: Calyrex|slp|[from] move: Sleep Powder\n|cant|p2a: Calyrex|slp\n|\n|-heal|p2a: Calyrex|78\/100 slp|[from] item: Leftovers\n|upkeep\n|turn|7\n|\n|t:|1698815118\n|move|p1a: Vivillon|Substitute|p1a: Vivillon\n|-start|p1a: Vivillon|Substitute\n|-damage|p1a: Vivillon|76\/100\n|cant|p2a: Calyrex|slp\n|\n|-heal|p1a: Vivillon|82\/100|[from] item: Leftovers\n|-heal|p2a: Calyrex|84\/100 slp|[from] item: Leftovers\n|upkeep\n|turn|8\n|\n|t:|1698815121\n|move|p1a: Vivillon|Quiver Dance|p1a: Vivillon\n|-boost|p1a: Vivillon|spa|1\n|-boost|p1a: Vivillon|spd|1\n|-boost|p1a: Vivillon|spe|1\n|cant|p2a: Calyrex|slp\n|\n|-heal|p1a: Vivillon|88\/100|[from] item: Leftovers\n|-heal|p2a: Calyrex|90\/100 slp|[from] item: Leftovers\n|upkeep\n|turn|9\n|c| GUESSWHOTPRADO|wow\n|\n|t:|1698815129\n|move|p1a: Vivillon|Quiver Dance|p1a: Vivillon\n|-boost|p1a: Vivillon|spa|1\n|-boost|p1a: Vivillon|spd|1\n|-boost|p1a: Vivillon|spe|1\n|-curestatus|p2a: Calyrex|slp|[msg]\n|move|p2a: Calyrex|Trick Room|p2a: Calyrex\n|-fieldstart|move: Trick Room|[of] p2a: Calyrex\n|\n|-heal|p2a: Calyrex|97\/100|[from] item: Leftovers\n|-heal|p1a: Vivillon|94\/100|[from] item: Leftovers\n|upkeep\n|turn|10\n|c| GUESSWHOTPRADO|sleep powder\n|c| GUESSWHOTPRADO|all the way\n|\n|t:|1698815147\n|move|p2a: Calyrex|Glacial Lance|p1a: Vivillon\n|-supereffective|p1a: Vivillon\n|-end|p1a: Vivillon|Substitute\n|move|p1a: Vivillon|Sleep Powder|p2a: Calyrex\n|-status|p2a: Calyrex|slp|[from] move: Sleep Powder\n|\n|-heal|p2a: Calyrex|100\/100 slp|[from] item: Leftovers\n|-heal|p1a: Vivillon|99\/100|[from] item: Leftovers\n|upkeep\n|turn|11\n|\n|t:|1698815155\n|switch|p2a: Ursaluna|Ursaluna, F|100\/100\n|-status|p2a: Ursaluna|psn\n|move|p1a: Vivillon|Substitute|p1a: Vivillon\n|-start|p1a: Vivillon|Substitute\n|-damage|p1a: Vivillon|75\/100\n|\n|-heal|p1a: Vivillon|81\/100|[from] item: Leftovers\n|-damage|p2a: Ursaluna|88\/100 psn|[from] psn\n|upkeep\n|turn|12\n|\n|t:|1698815165\n|move|p2a: Ursaluna|Facade|p1a: Vivillon\n|-crit|p1a: Vivillon\n|-end|p1a: Vivillon|Substitute\n|move|p1a: Vivillon|Substitute|p1a: Vivillon\n|-start|p1a: Vivillon|Substitute\n|-damage|p1a: Vivillon|56\/100\n|\n|-heal|p1a: Vivillon|62\/100|[from] item: Leftovers\n|-damage|p2a: Ursaluna|75\/100 psn|[from] psn\n|upkeep\n|turn|13\n|\n|t:|1698815174\n|move|p2a: Ursaluna|Substitute|p2a: Ursaluna\n|-start|p2a: Ursaluna|Substitute\n|-damage|p2a: Ursaluna|50\/100 psn\n|move|p1a: Vivillon|Substitute|p1a: Vivillon\n|-fail|p1a: Vivillon|move: Substitute\n|\n|-heal|p1a: Vivillon|68\/100|[from] item: Leftovers\n|-damage|p2a: Ursaluna|38\/100 psn|[from] psn\n|-fieldend|move: Trick Room\n|upkeep\n|turn|14\n|\n|t:|1698815178\n|move|p1a: Vivillon|Hurricane|p2a: Ursaluna|[miss]\n|-miss|p1a: Vivillon|p2a: Ursaluna\n|move|p2a: Ursaluna|Facade|p1a: Vivillon\n|-end|p1a: Vivillon|Substitute\n|\n|-heal|p1a: Vivillon|74\/100|[from] item: Leftovers\n|-damage|p2a: Ursaluna|25\/100 psn|[from] psn\n|upkeep\n|turn|15\n|\n|t:|1698815186\n|move|p1a: Vivillon|Substitute|p1a: Vivillon\n|-start|p1a: Vivillon|Substitute\n|-damage|p1a: Vivillon|49\/100\n|move|p2a: Ursaluna|Facade|p1a: Vivillon\n|-end|p1a: Vivillon|Substitute\n|\n|-heal|p1a: Vivillon|55\/100|[from] item: Leftovers\n|-damage|p2a: Ursaluna|13\/100 psn|[from] psn\n|upkeep\n|turn|16\n|\n|t:|1698815190\n|move|p1a: Vivillon|Substitute|p1a: Vivillon\n|-start|p1a: Vivillon|Substitute\n|-damage|p1a: Vivillon|30\/100\n|move|p2a: Ursaluna|Facade|p1a: Vivillon\n|-end|p1a: Vivillon|Substitute\n|\n|-heal|p1a: Vivillon|36\/100|[from] item: Leftovers\n|-damage|p2a: Ursaluna|0 fnt|[from] psn\n|faint|p2a: Ursaluna\n|upkeep\n|inactive|Tvrtko420 has 120 seconds left.\n|\n|t:|1698815242\n|switch|p2a: Kingambit|Kingambit, M|100\/100\n|-activate|p2a: Kingambit|ability: Supreme Overlord\n|-start|p2a: Kingambit|fallen2|[silent]\n|turn|17\n|\n|t:|1698815247\n|move|p1a: Vivillon|Sleep Powder|p2a: Kingambit\n|-status|p2a: Kingambit|slp|[from] move: Sleep Powder\n|cant|p2a: Kingambit|slp\n|\n|-heal|p1a: Vivillon|42\/100|[from] item: Leftovers\n|upkeep\n|turn|18\n|\n|t:|1698815250\n|move|p1a: Vivillon|Substitute|p1a: Vivillon\n|-start|p1a: Vivillon|Substitute\n|-damage|p1a: Vivillon|17\/100\n|cant|p2a: Kingambit|slp\n|\n|-heal|p1a: Vivillon|23\/100|[from] item: Leftovers\n|upkeep\n|turn|19\n|\n|t:|1698815254\n|move|p1a: Vivillon|Hurricane|p2a: Kingambit\n|-resisted|p2a: Kingambit\n|-damage|p2a: Kingambit|59\/100 slp\n|-curestatus|p2a: Kingambit|slp|[msg]\n|move|p2a: Kingambit|Kowtow Cleave|p1a: Vivillon\n|-end|p1a: Vivillon|Substitute\n|\n|-heal|p1a: Vivillon|29\/100|[from] item: Leftovers\n|upkeep\n|turn|20\n|\n|t:|1698815260\n|-end|p2a: Kingambit|fallen2|[silent]\n|switch|p2a: Calyrex|Calyrex-Ice, tera:Fire|100\/100 slp\n|-ability|p2a: Calyrex|As One\n|-ability|p2a: Calyrex|Unnerve\n|move|p1a: Vivillon|Sleep Powder|p2a: Calyrex\n|-fail|p2a: Calyrex|slp\n|\n|-heal|p1a: Vivillon|35\/100|[from] item: Leftovers\n|upkeep\n|turn|21\n|\n|t:|1698815274\n|move|p1a: Vivillon|Substitute|p1a: Vivillon\n|-start|p1a: Vivillon|Substitute\n|-damage|p1a: Vivillon|10\/100\n|cant|p2a: Calyrex|slp\n|\n|-heal|p1a: Vivillon|16\/100|[from] item: Leftovers\n|upkeep\n|turn|22\n|\n|t:|1698815276\n|move|p1a: Vivillon|Hurricane|p2a: Calyrex|[miss]\n|-miss|p1a: Vivillon|p2a: Calyrex\n|-curestatus|p2a: Calyrex|slp|[msg]\n|move|p2a: Calyrex|Glacial Lance|p1a: Vivillon\n|-supereffective|p1a: Vivillon\n|-end|p1a: Vivillon|Substitute\n|\n|-heal|p1a: Vivillon|22\/100|[from] item: Leftovers\n|upkeep\n|turn|23\n|\n|t:|1698815279\n|move|p1a: Vivillon|Sleep Powder|p2a: Calyrex\n|-status|p2a: Calyrex|slp|[from] move: Sleep Powder\n|cant|p2a: Calyrex|slp\n|\n|-heal|p1a: Vivillon|28\/100|[from] item: Leftovers\n|upkeep\n|turn|24\n|\n|t:|1698815281\n|move|p1a: Vivillon|Substitute|p1a: Vivillon\n|-start|p1a: Vivillon|Substitute\n|-damage|p1a: Vivillon|3\/100\n|cant|p2a: Calyrex|slp\n|\n|-heal|p1a: Vivillon|9\/100|[from] item: Leftovers\n|upkeep\n|turn|25\n|\n|t:|1698815286\n|move|p1a: Vivillon|Hurricane|p2a: Calyrex\n|-damage|p2a: Calyrex|41\/100 slp\n|-curestatus|p2a: Calyrex|slp|[msg]\n|move|p2a: Calyrex|Glacial Lance|p1a: Vivillon\n|-supereffective|p1a: Vivillon\n|-end|p1a: Vivillon|Substitute\n|\n|-heal|p1a: Vivillon|15\/100|[from] item: Leftovers\n|-heal|p2a: Calyrex|47\/100|[from] item: Leftovers\n|upkeep\n|turn|26\n|\n|t:|1698815301\n|move|p1a: Vivillon|Hurricane|p2a: Calyrex\n|-damage|p2a: Calyrex|0 fnt\n|faint|p2a: Calyrex\n|\n|-heal|p1a: Vivillon|21\/100|[from] item: Leftovers\n|upkeep\n|\n|t:|1698815310\n|switch|p2a: Kingambit|Kingambit, M|59\/100\n|-activate|p2a: Kingambit|ability: Supreme Overlord\n|-start|p2a: Kingambit|fallen3|[silent]\n|turn|27\n|\n|t:|1698815313\n|move|p1a: Vivillon|Sleep Powder|p2a: Kingambit\n|-status|p2a: Kingambit|slp|[from] move: Sleep Powder\n|cant|p2a: Kingambit|slp\n|\n|-heal|p1a: Vivillon|27\/100|[from] item: Leftovers\n|upkeep\n|turn|28\n|\n|t:|1698815317\n|move|p1a: Vivillon|Substitute|p1a: Vivillon\n|-start|p1a: Vivillon|Substitute\n|-damage|p1a: Vivillon|2\/100\n|cant|p2a: Kingambit|slp\n|\n|-heal|p1a: Vivillon|8\/100|[from] item: Leftovers\n|upkeep\n|turn|29\n|\n|t:|1698815319\n|move|p1a: Vivillon|Hurricane|p2a: Kingambit\n|-resisted|p2a: Kingambit\n|-damage|p2a: Kingambit|16\/100 slp\n|-curestatus|p2a: Kingambit|slp|[msg]\n|move|p2a: Kingambit|Kowtow Cleave|p1a: Vivillon\n|-end|p1a: Vivillon|Substitute\n|\n|-heal|p1a: Vivillon|14\/100|[from] item: Leftovers\n|upkeep\n|turn|30\n|\n|t:|1698815330\n|-end|p2a: Kingambit|fallen3|[silent]\n|switch|p2a: Ursaluna|Ursaluna-Bloodmoon, M|100\/100\n|-status|p2a: Ursaluna|psn\n|move|p1a: Vivillon|Sleep Powder||[still]\n|-fail|p1a: Vivillon\n|\n|-heal|p1a: Vivillon|20\/100|[from] item: Leftovers\n|-damage|p2a: Ursaluna|88\/100 psn|[from] psn\n|upkeep\n|turn|31\n|\n|t:|1698815337\n|switch|p2a: Arceus|Arceus|100\/100\n|-status|p2a: Arceus|psn\n|move|p1a: Vivillon|Hurricane|p2a: Arceus\n|-damage|p2a: Arceus|45\/100 psn\n|-start|p2a: Arceus|confusion\n|\n|-heal|p1a: Vivillon|26\/100|[from] item: Leftovers\n|-damage|p2a: Arceus|32\/100 psn|[from] psn\n|upkeep\n|turn|32\n|\n|t:|1698815344\n|move|p1a: Vivillon|Hurricane|p2a: Arceus|[miss]\n|-miss|p1a: Vivillon|p2a: Arceus\n|-activate|p2a: Arceus|confusion\n|move|p2a: Arceus|Trick Room|p2a: Arceus\n|-fieldstart|move: Trick Room|[of] p2a: Arceus\n|\n|-heal|p1a: Vivillon|32\/100|[from] item: Leftovers\n|-damage|p2a: Arceus|20\/100 psn|[from] psn\n|upkeep\n|turn|33\n|\n|t:|1698815350\n|-activate|p2a: Arceus|confusion\n|move|p2a: Arceus|Healing Wish|p2a: Arceus\n|faint|p2a: Arceus\n|move|p1a: Vivillon|Hurricane|p2: Arceus|[notarget]\n|-fail|p1a: Vivillon\n|\n|-heal|p1a: Vivillon|38\/100|[from] item: Leftovers\n|upkeep\n|\n|t:|1698815361\n|switch|p2a: Kingambit|Kingambit, M|16\/100\n|-heal|p2a: Kingambit|100\/100|[from] move: Healing Wish\n|-activate|p2a: Kingambit|ability: Supreme Overlord\n|-start|p2a: Kingambit|fallen4|[silent]\n|turn|34\n|\n|t:|1698815366\n|switch|p1a: Kingambit|Kingambit, M|7\/100\n|-activate|p1a: Kingambit|ability: Supreme Overlord\n|-start|p1a: Kingambit|fallen1|[silent]\n|move|p2a: Kingambit|Kowtow Cleave|p1a: Kingambit\n|-resisted|p1a: Kingambit\n|-damage|p1a: Kingambit|0 fnt\n|faint|p1a: Kingambit\n|-end|p1a: Kingambit|fallen1|[silent]\n|\n|upkeep\n|\n|t:|1698815376\n|switch|p1a: Koraidon|Koraidon|100\/100\n|-weather|SunnyDay|[from] ability: Orichalcum Pulse|[of] p1a: Koraidon\n|-activate|p1a: Koraidon|Orichalcum Pulse|[source]\n|turn|35\n|\n|t:|1698815390\n|move|p2a: Kingambit|Kowtow Cleave|p1a: Koraidon\n|-resisted|p1a: Koraidon\n|-damage|p1a: Koraidon|65\/100\n|move|p1a: Koraidon|Collision Course|p2a: Kingambit\n|-supereffective|p2a: Kingambit\n|-damage|p2a: Kingambit|0 fnt\n|faint|p2a: Kingambit\n|-end|p2a: Kingambit|fallen4|[silent]\n|\n|-weather|SunnyDay|[upkeep]\n|upkeep\n|\n|t:|1698815394\n|switch|p2a: Ursaluna|Ursaluna-Bloodmoon, M|88\/100 psn\n|turn|36\n|c| GUESSWHOTPRADO|gg\n|\n|t:|1698815406\n|switch|p1a: Vivillon|Vivillon-Tundra, M, shiny|38\/100\n|move|p2a: Ursaluna|Blood Moon|p1a: Vivillon\n|-damage|p1a: Vivillon|0 fnt\n|faint|p1a: Vivillon\n|\n|-weather|SunnyDay|[upkeep]\n|-damage|p2a: Ursaluna|76\/100 psn|[from] psn\n|-fieldend|move: Trick Room\n|upkeep\n|\n|t:|1698815411\n|switch|p1a: Donphan|Donphan, L1, M, shiny|100\/100\n|turn|37\n|c|\u2606Tvrtko420|yup\n|c|\u2606person13|Gg\n|\n|t:|1698815418\n|move|p2a: Ursaluna|Hyper Voice|p1a: Donphan\n|-ability|p1a: Donphan|Sturdy\n|-damage|p1a: Donphan|8\/100\n|-enditem|p2a: Ursaluna|Throat Spray\n|-boost|p2a: Ursaluna|spa|1|[from] item: Throat Spray\n|move|p1a: Donphan|Endeavor|p2a: Ursaluna\n|-damage|p2a: Ursaluna|1\/100 psn\n|-heal|p1a: Donphan|100\/100|[from] item: Shell Bell|[of] p2a: Ursaluna\n|\n|-weather|SunnyDay|[upkeep]\n|-damage|p2a: Ursaluna|0 fnt|[from] psn\n|faint|p2a: Ursaluna\n|\n|win|person13\n|upkeep\n|raw|person13's rating: 1579 &rarr; <strong>1609<\/strong><br \/>(+30 for winning)\n|raw|Tvrtko420's rating: 1779 &rarr; <strong>1749<\/strong><br \/>(-30 for losing)\n|c|\u2606Tvrtko420|gg\n|l|\u2606person13\n|l|\u2606Tvrtko420\n","uploadtime":1698815469,"views":11,"p1id":"person13","p2id":"tvrtko420","formatid":"gen9anythinggoes","rating":1609,"private":0,"password":""}