{"id":"gen9anythinggoes-1978739772","p1":"ash_wastakenxd","p2":"Dumbfudge","format":"[Gen 9] Anything Goes","log":"|j|\u2606ash_wastakenxd\n|j|\u2606Dumbfudge\n|t:|1698589343\n|gametype|singles\n|player|p1|ash_wastakenxd|cynthia-masters3|1426\n|player|p2|Dumbfudge|blackbelt-gen4dp|1428\n|teamsize|p1|6\n|teamsize|p2|6\n|gen|9\n|tier|[Gen 9] Anything Goes\n|rated|\n|rule|HP Percentage Mod: HP is shown in percentages\n|rule|Endless Battle Clause: Forcing endless battles is banned\n|clearpoke\n|poke|p1|Zacian-*|\n|poke|p1|Calyrex-Shadow|\n|poke|p1|Regieleki|\n|poke|p1|Koraidon|\n|poke|p1|Kyogre|\n|poke|p1|Rayquaza|\n|poke|p2|Zacian-*|\n|poke|p2|Calyrex-Shadow|\n|poke|p2|Breloom, M|\n|poke|p2|Espathra, F|\n|poke|p2|Hoopa-Unbound|\n|poke|p2|Grimmsnarl, M|\n|teampreview\n|inactive|Battle timer is ON: inactive players will automatically lose when time's up. (requested by ash_wastakenxd)\n|\n|t:|1698589358\n|start\n|switch|p1a: Regieleki|Regieleki, shiny|100\/100\n|switch|p2a: Grimmsnarl|Grimmsnarl, M|100\/100\n|turn|1\n|\n|t:|1698589374\n|move|p2a: Grimmsnarl|Taunt|p1a: Regieleki\n|-start|p1a: Regieleki|move: Taunt\n|move|p1a: Regieleki|Thunder Cage|p2a: Grimmsnarl|[miss]\n|-miss|p1a: Regieleki|p2a: Grimmsnarl\n|\n|upkeep\n|turn|2\n|\n|t:|1698589382\n|move|p2a: Grimmsnarl|Light Screen|p2a: Grimmsnarl\n|-sidestart|p2: Dumbfudge|move: Light Screen\n|move|p1a: Regieleki|Thunder Cage|p2a: Grimmsnarl\n|-damage|p2a: Grimmsnarl|73\/100\n|-activate|p2a: Grimmsnarl|move: Thunder Cage|[of] p1a: Regieleki\n|\n|-damage|p2a: Grimmsnarl|61\/100|[from] move: Thunder Cage|[partiallytrapped]\n|upkeep\n|turn|3\n|\n|t:|1698589390\n|move|p2a: Grimmsnarl|Reflect|p2a: Grimmsnarl\n|-sidestart|p2: Dumbfudge|Reflect\n|move|p1a: Regieleki|Thunderbolt|p2a: Grimmsnarl\n|-damage|p2a: Grimmsnarl|31\/100\n|\n|-damage|p2a: Grimmsnarl|18\/100|[from] move: Thunder Cage|[partiallytrapped]\n|-end|p1a: Regieleki|move: Taunt\n|upkeep\n|turn|4\n|\n|t:|1698589398\n|move|p2a: Grimmsnarl|Sucker Punch|p1a: Regieleki\n|-damage|p1a: Regieleki|42\/100\n|move|p1a: Regieleki|Thunderbolt|p2a: Grimmsnarl\n|-damage|p2a: Grimmsnarl|0 fnt\n|faint|p2a: Grimmsnarl\n|\n|upkeep\n|\n|t:|1698589405\n|switch|p2a: Espathra|Espathra, F|100\/100\n|turn|5\n|\n|t:|1698589413\n|move|p2a: Espathra|Protect|p2a: Espathra\n|-singleturn|p2a: Espathra|Protect\n|move|p1a: Regieleki|Thunder Cage|p2a: Espathra\n|-activate|p2a: Espathra|move: Protect\n|\n|-ability|p2a: Espathra|Speed Boost|boost\n|-boost|p2a: Espathra|spe|1\n|upkeep\n|turn|6\n|\n|t:|1698589421\n|move|p1a: Regieleki|Thunder Cage|p2a: Espathra\n|-damage|p2a: Espathra|68\/100\n|-activate|p2a: Espathra|move: Thunder Cage|[of] p1a: Regieleki\n|move|p2a: Espathra|Substitute|p2a: Espathra\n|-start|p2a: Espathra|Substitute\n|-end|p2a: Espathra|Thunder Cage|[partiallytrapped]|[silent]\n|-damage|p2a: Espathra|43\/100\n|\n|-ability|p2a: Espathra|Speed Boost|boost\n|-boost|p2a: Espathra|spe|1\n|upkeep\n|turn|7\n|\n|t:|1698589434\n|move|p2a: Espathra|Protect|p2a: Espathra\n|-singleturn|p2a: Espathra|Protect\n|move|p1a: Regieleki|Volt Switch|p2a: Espathra\n|-activate|p2a: Espathra|move: Protect\n|\n|-ability|p2a: Espathra|Speed Boost|boost\n|-boost|p2a: Espathra|spe|1\n|upkeep\n|turn|8\n|\n|t:|1698589446\n|move|p2a: Espathra|Baton Pass|p2a: Espathra\n|\n|t:|1698589448\n|switch|p2a: Breloom|Breloom, M|100\/100|[from] Baton Pass\n|move|p1a: Regieleki|Volt Switch|p2a: Breloom\n|-resisted|p2a: Breloom\n|-activate|p2a: Breloom|move: Substitute|[damage]\n|\n|t:|1698589461\n|switch|p1a: Zacian|Zacian-Crowned|100\/100|[from] Volt Switch\n|-ability|p1a: Zacian|Intrepid Sword|boost\n|-boost|p1a: Zacian|atk|1\n|\n|upkeep\n|turn|9\n|c|\u2606Dumbfudge|Omai wa mu shendeiru lol\n|inactive|ash_wastakenxd has 120 seconds left.\n|\n|t:|1698589495\n|move|p2a: Breloom|Spore|p1a: Zacian\n|-status|p1a: Zacian|slp|[from] move: Spore\n|cant|p1a: Zacian|slp\n|\n|-sideend|p2: Dumbfudge|move: Light Screen\n|upkeep\n|turn|10\n|\n|t:|1698589504\n|move|p2a: Breloom|Leech Seed|p1a: Zacian\n|-start|p1a: Zacian|move: Leech Seed\n|cant|p1a: Zacian|slp\n|\n|-damage|p1a: Zacian|88\/100 slp|[from] Leech Seed|[of] p2a: Breloom\n|-sideend|p2: Dumbfudge|Reflect\n|upkeep\n|turn|11\n|c|\u2606ash_wastakenxd|tf\n|\n|t:|1698589511\n|-singleturn|p2a: Breloom|move: Focus Punch\n|-curestatus|p1a: Zacian|slp|[msg]\n|move|p1a: Zacian|Swords Dance|p1a: Zacian\n|-boost|p1a: Zacian|atk|2\n|move|p2a: Breloom|Focus Punch|p1a: Zacian\n|-damage|p1a: Zacian|39\/100\n|\n|-damage|p1a: Zacian|26\/100|[from] Leech Seed|[of] p2a: Breloom\n|upkeep\n|turn|12\n|\n|t:|1698589523\n|move|p2a: Breloom|Spore|p1a: Zacian\n|-status|p1a: Zacian|slp|[from] move: Spore\n|cant|p1a: Zacian|slp\n|\n|-damage|p1a: Zacian|14\/100 slp|[from] Leech Seed|[of] p2a: Breloom\n|upkeep\n|turn|13\n|c|\u2606ash_wastakenxd|noob\n|\n|t:|1698589534\n|-singleturn|p2a: Breloom|move: Focus Punch\n|-curestatus|p1a: Zacian|slp|[msg]\n|move|p1a: Zacian|Sacred Sword|p2a: Breloom\n|-end|p2a: Breloom|Substitute\n|move|p2a: Breloom|Focus Punch|p1a: Zacian\n|-damage|p1a: Zacian|0 fnt\n|faint|p1a: Zacian\n|\n|upkeep\n|\n|t:|1698589539\n|switch|p1a: Regieleki|Regieleki, shiny|42\/100\n|turn|14\n|c|\u2606Dumbfudge|I am a noob\n|\n|t:|1698589554\n|-terastallize|p1a: Regieleki|Ice\n|move|p2a: Breloom|Spore|p1a: Regieleki\n|-status|p1a: Regieleki|slp|[from] move: Spore\n|cant|p1a: Regieleki|slp\n|\n|upkeep\n|turn|15\n|\n|t:|1698589563\n|move|p2a: Breloom|Substitute|p2a: Breloom\n|-start|p2a: Breloom|Substitute\n|-damage|p2a: Breloom|76\/100\n|-curestatus|p1a: Regieleki|slp|[msg]\n|move|p1a: Regieleki|Thunder Cage|p2a: Breloom\n|-resisted|p2a: Breloom\n|-end|p2a: Breloom|Substitute\n|\n|upkeep\n|turn|16\n|\n|t:|1698589571\n|move|p2a: Breloom|Spore|p1a: Regieleki\n|-status|p1a: Regieleki|slp|[from] move: Spore\n|cant|p1a: Regieleki|slp\n|\n|upkeep\n|turn|17\n|\n|t:|1698589577\n|move|p2a: Breloom|Substitute|p2a: Breloom\n|-start|p2a: Breloom|Substitute\n|-damage|p2a: Breloom|51\/100\n|cant|p1a: Regieleki|slp\n|\n|upkeep\n|turn|18\n|\n|t:|1698589584\n|move|p2a: Breloom|Leech Seed|p1a: Regieleki\n|-start|p1a: Regieleki|move: Leech Seed\n|cant|p1a: Regieleki|slp\n|\n|-damage|p1a: Regieleki|29\/100 slp|[from] Leech Seed|[of] p2a: Breloom\n|-heal|p2a: Breloom|65\/100|[silent]\n|upkeep\n|turn|19\n|\n|t:|1698589592\n|-singleturn|p2a: Breloom|move: Focus Punch\n|-curestatus|p1a: Regieleki|slp|[msg]\n|move|p1a: Regieleki|Tera Blast|p2a: Breloom|[anim] Tera Blast Ice\n|-supereffective|p2a: Breloom\n|-end|p2a: Breloom|Substitute\n|move|p2a: Breloom|Focus Punch|p1a: Regieleki\n|-supereffective|p1a: Regieleki\n|-damage|p1a: Regieleki|0 fnt\n|faint|p1a: Regieleki\n|\n|upkeep\n|\n|t:|1698589597\n|switch|p1a: Rayquaza|Rayquaza|100\/100\n|-ability|p1a: Rayquaza|Air Lock\n|turn|20\n|\n|t:|1698589606\n|move|p1a: Rayquaza|Extreme Speed|p2a: Breloom\n|-damage|p2a: Breloom|23\/100\n|-damage|p1a: Rayquaza|84\/100|[from] item: Rocky Helmet|[of] p2a: Breloom\n|move|p2a: Breloom|Spore|p1a: Rayquaza\n|-status|p1a: Rayquaza|slp|[from] move: Spore\n|\n|upkeep\n|turn|21\n|\n|t:|1698589615\n|move|p2a: Breloom|Substitute|p2a: Breloom\n|-fail|p2a: Breloom|move: Substitute|[weak]\n|cant|p1a: Rayquaza|slp\n|\n|upkeep\n|turn|22\n|\n|t:|1698589621\n|move|p2a: Breloom|Leech Seed|p1a: Rayquaza\n|-start|p1a: Rayquaza|move: Leech Seed\n|cant|p1a: Rayquaza|slp\n|\n|-damage|p1a: Rayquaza|72\/100 slp|[from] Leech Seed|[of] p2a: Breloom\n|-heal|p2a: Breloom|40\/100|[silent]\n|upkeep\n|turn|23\n|\n|t:|1698589629\n|move|p2a: Breloom|Substitute|p2a: Breloom\n|-start|p2a: Breloom|Substitute\n|-damage|p2a: Breloom|15\/100\n|-curestatus|p1a: Rayquaza|slp|[msg]\n|move|p1a: Rayquaza|Dragon Dance|p1a: Rayquaza\n|-boost|p1a: Rayquaza|atk|1\n|-boost|p1a: Rayquaza|spe|1\n|\n|-damage|p1a: Rayquaza|59\/100|[from] Leech Seed|[of] p2a: Breloom\n|-heal|p2a: Breloom|32\/100|[silent]\n|upkeep\n|turn|24\n|\n|t:|1698589641\n|move|p2a: Breloom|Spore|p1a: Rayquaza\n|-status|p1a: Rayquaza|slp|[from] move: Spore\n|cant|p1a: Rayquaza|slp\n|\n|-damage|p1a: Rayquaza|47\/100 slp|[from] Leech Seed|[of] p2a: Breloom\n|-heal|p2a: Breloom|49\/100|[silent]\n|upkeep\n|turn|25\n|\n|t:|1698589650\n|-singleturn|p2a: Breloom|move: Focus Punch\n|cant|p1a: Rayquaza|slp\n|move|p2a: Breloom|Focus Punch|p1a: Rayquaza\n|-resisted|p1a: Rayquaza\n|-damage|p1a: Rayquaza|13\/100 slp\n|\n|-damage|p1a: Rayquaza|1\/100 slp|[from] Leech Seed|[of] p2a: Breloom\n|-heal|p2a: Breloom|66\/100|[silent]\n|upkeep\n|turn|26\n|c|\u2606ash_wastakenxd|i hate noobs like ya\n|c|\u2606Dumbfudge|Any tips on how i can improve\n|\n|t:|1698589672\n|-singleturn|p2a: Breloom|move: Focus Punch\n|cant|p1a: Rayquaza|slp\n|move|p2a: Breloom|Focus Punch|p1a: Rayquaza\n|-resisted|p1a: Rayquaza\n|-damage|p1a: Rayquaza|0 fnt\n|faint|p1a: Rayquaza\n|\n|upkeep\n|\n|t:|1698589676\n|switch|p1a: Calyrex|Calyrex-Shadow|100\/100\n|-ability|p1a: Calyrex|As One\n|-ability|p1a: Calyrex|Unnerve\n|turn|27\n|\n|t:|1698589686\n|move|p2a: Breloom|Spore|p1a: Calyrex\n|-status|p1a: Calyrex|slp|[from] move: Spore\n|cant|p1a: Calyrex|slp\n|\n|upkeep\n|turn|28\n|\n|t:|1698589693\n|move|p2a: Breloom|Leech Seed|p1a: Calyrex\n|-start|p1a: Calyrex|move: Leech Seed\n|cant|p1a: Calyrex|slp\n|\n|-damage|p1a: Calyrex|88\/100 slp|[from] Leech Seed|[of] p2a: Breloom\n|-heal|p2a: Breloom|82\/100|[silent]\n|upkeep\n|turn|29\n|\n|t:|1698589704\n|-singleturn|p2a: Breloom|move: Focus Punch\n|-curestatus|p1a: Calyrex|slp|[msg]\n|move|p1a: Calyrex|Nasty Plot|p1a: Calyrex\n|-boost|p1a: Calyrex|spa|2\n|move|p2a: Breloom|Focus Punch|p1a: Calyrex\n|-immune|p1a: Calyrex\n|\n|-damage|p1a: Calyrex|76\/100|[from] Leech Seed|[of] p2a: Breloom\n|-heal|p2a: Breloom|98\/100|[silent]\n|upkeep\n|turn|30\n|\n|t:|1698589716\n|move|p2a: Breloom|Spore|p1a: Calyrex\n|-status|p1a: Calyrex|slp|[from] move: Spore\n|cant|p1a: Calyrex|slp\n|\n|-damage|p1a: Calyrex|64\/100 slp|[from] Leech Seed|[of] p2a: Breloom\n|-heal|p2a: Breloom|100\/100|[silent]\n|upkeep\n|turn|31\n|\n|t:|1698589726\n|-singleturn|p2a: Breloom|move: Focus Punch\n|cant|p1a: Calyrex|slp\n|move|p2a: Breloom|Focus Punch|p1a: Calyrex\n|-immune|p1a: Calyrex\n|\n|-damage|p1a: Calyrex|51\/100 slp|[from] Leech Seed|[of] p2a: Breloom\n|upkeep\n|turn|32\n|c|\u2606ash_wastakenxd|cant even attack\n|\n|t:|1698589738\n|-singleturn|p2a: Breloom|move: Focus Punch\n|-curestatus|p1a: Calyrex|slp|[msg]\n|move|p1a: Calyrex|Draining Kiss|p2a: Breloom\n|-supereffective|p2a: Breloom\n|-end|p2a: Breloom|Substitute\n|-heal|p1a: Calyrex|66\/100|[from] drain|[of] p2a: Breloom\n|move|p2a: Breloom|Focus Punch|p1a: Calyrex\n|-immune|p1a: Calyrex\n|\n|-damage|p1a: Calyrex|53\/100|[from] Leech Seed|[of] p2a: Breloom\n|upkeep\n|turn|33\n|c|\u2606Dumbfudge|Wow u r toxic\n|c|\u2606Dumbfudge|Im not the one spaming legendaries btw\n|inactive|Dumbfudge has 120 seconds left.\n|\n|t:|1698589771\n|move|p2a: Breloom|Spore|p1a: Calyrex\n|-status|p1a: Calyrex|slp|[from] move: Spore\n|cant|p1a: Calyrex|slp\n|\n|-damage|p1a: Calyrex|41\/100 slp|[from] Leech Seed|[of] p2a: Breloom\n|upkeep\n|turn|34\n|c|\u2606ash_wastakenxd|it isnt toxic\n|\n|t:|1698589794\n|move|p2a: Breloom|Substitute|p2a: Breloom\n|-start|p2a: Breloom|Substitute\n|-damage|p2a: Breloom|76\/100\n|cant|p1a: Calyrex|slp\n|\n|-damage|p1a: Calyrex|29\/100 slp|[from] Leech Seed|[of] p2a: Breloom\n|-heal|p2a: Breloom|92\/100|[silent]\n|upkeep\n|turn|35\n|c|\u2606Dumbfudge|Yes but u r\n|\n|t:|1698589807\n|-singleturn|p2a: Breloom|move: Focus Punch\n|cant|p1a: Calyrex|slp\n|move|p2a: Breloom|Focus Punch|p1a: Calyrex\n|-immune|p1a: Calyrex\n|\n|-damage|p1a: Calyrex|17\/100 slp|[from] Leech Seed|[of] p2a: Breloom\n|-heal|p2a: Breloom|100\/100|[silent]\n|upkeep\n|turn|36\n|c|\u2606ash_wastakenxd|like ur team\n|\n|t:|1698589820\n|-singleturn|p2a: Breloom|move: Focus Punch\n|-curestatus|p1a: Calyrex|slp|[msg]\n|move|p1a: Calyrex|Draining Kiss|p2a: Breloom\n|-supereffective|p2a: Breloom\n|-end|p2a: Breloom|Substitute\n|-heal|p1a: Calyrex|31\/100|[from] drain|[of] p2a: Breloom\n|move|p2a: Breloom|Focus Punch|p1a: Calyrex\n|-immune|p1a: Calyrex\n|\n|-damage|p1a: Calyrex|19\/100|[from] Leech Seed|[of] p2a: Breloom\n|upkeep\n|turn|37\n|\n|t:|1698589833\n|move|p2a: Breloom|Spore|p1a: Calyrex\n|-status|p1a: Calyrex|slp|[from] move: Spore\n|cant|p1a: Calyrex|slp\n|\n|-damage|p1a: Calyrex|6\/100 slp|[from] Leech Seed|[of] p2a: Breloom\n|upkeep\n|turn|38\n|\n|t:|1698589841\n|move|p2a: Breloom|Substitute|p2a: Breloom\n|-start|p2a: Breloom|Substitute\n|-damage|p2a: Breloom|76\/100\n|-curestatus|p1a: Calyrex|slp|[msg]\n|move|p1a: Calyrex|Draining Kiss|p2a: Breloom\n|-supereffective|p2a: Breloom\n|-end|p2a: Breloom|Substitute\n|-heal|p1a: Calyrex|21\/100|[from] drain|[of] p2a: Breloom\n|\n|-damage|p1a: Calyrex|8\/100|[from] Leech Seed|[of] p2a: Breloom\n|-heal|p2a: Breloom|92\/100|[silent]\n|upkeep\n|turn|39\n|\n|t:|1698589852\n|move|p2a: Breloom|Spore|p1a: Calyrex\n|-status|p1a: Calyrex|slp|[from] move: Spore\n|cant|p1a: Calyrex|slp\n|\n|-damage|p1a: Calyrex|0 fnt|[from] Leech Seed|[of] p2a: Breloom\n|-heal|p2a: Breloom|100\/100|[silent]\n|faint|p1a: Calyrex\n|upkeep\n|\n|t:|1698589857\n|switch|p1a: Koraidon|Koraidon|100\/100\n|-weather|SunnyDay|[from] ability: Orichalcum Pulse|[of] p1a: Koraidon\n|-activate|p1a: Koraidon|Orichalcum Pulse|[source]\n|turn|40\n|c|\u2606Dumbfudge|Well im new and experimenting got any better tips\n|inactive|Dumbfudge has 120 seconds left.\n|c|\u2606Dumbfudge|instead of calling names\n|\n|t:|1698589889\n|move|p2a: Breloom|Spore|p1a: Koraidon\n|-status|p1a: Koraidon|slp|[from] move: Spore\n|cant|p1a: Koraidon|slp\n|\n|-weather|SunnyDay|[upkeep]\n|upkeep\n|turn|41\n|c|\u2606ash_wastakenxd|come and fight\n|inactive|Dumbfudge has 120 seconds left.\n|\n|t:|1698589896\n|move|p2a: Breloom|Substitute|p2a: Breloom\n|-start|p2a: Breloom|Substitute\n|-damage|p2a: Breloom|76\/100\n|cant|p1a: Koraidon|slp\n|\n|-weather|SunnyDay|[upkeep]\n|upkeep\n|turn|42\n|\n|t:|1698589907\n|move|p2a: Breloom|Leech Seed|p1a: Koraidon\n|-start|p1a: Koraidon|move: Leech Seed\n|cant|p1a: Koraidon|slp\n|\n|-weather|SunnyDay|[upkeep]\n|-damage|p1a: Koraidon|88\/100 slp|[from] Leech Seed|[of] p2a: Breloom\n|-heal|p2a: Breloom|92\/100|[silent]\n|upkeep\n|turn|43\n|\n|t:|1698589916\n|-singleturn|p2a: Breloom|move: Focus Punch\n|-curestatus|p1a: Koraidon|slp|[msg]\n|move|p1a: Koraidon|Flame Charge|p2a: Breloom\n|-supereffective|p2a: Breloom\n|-end|p2a: Breloom|Substitute\n|-boost|p1a: Koraidon|spe|1\n|move|p2a: Breloom|Focus Punch|p1a: Koraidon\n|-damage|p1a: Koraidon|35\/100\n|\n|-weather|SunnyDay|[upkeep]\n|-damage|p1a: Koraidon|23\/100|[from] Leech Seed|[of] p2a: Breloom\n|-heal|p2a: Breloom|100\/100|[silent]\n|upkeep\n|turn|44\n|\n|t:|1698589930\n|move|p2a: Breloom|Spore|p1a: Koraidon\n|-status|p1a: Koraidon|slp|[from] move: Spore\n|cant|p1a: Koraidon|slp\n|\n|-weather|none\n|-damage|p1a: Koraidon|11\/100 slp|[from] Leech Seed|[of] p2a: Breloom\n|upkeep\n|turn|45\n|\n|t:|1698589938\n|move|p2a: Breloom|Substitute|p2a: Breloom\n|-start|p2a: Breloom|Substitute\n|-damage|p2a: Breloom|76\/100\n|cant|p1a: Koraidon|slp\n|\n|-damage|p1a: Koraidon|0 fnt|[from] Leech Seed|[of] p2a: Breloom\n|-heal|p2a: Breloom|89\/100|[silent]\n|faint|p1a: Koraidon\n|upkeep\n|c|\u2606ash_wastakenxd|noob gonna win\n|c|\u2606ash_wastakenxd|cant even attack wow\n|\n|t:|1698589954\n|switch|p1a: Kyogre|Kyogre|100\/100\n|-weather|RainDance|[from] ability: Drizzle|[of] p1a: Kyogre\n|turn|46\n|c|\u2606Dumbfudge|You know u can use quick attack or u should have a grass type\n|c|\u2606Dumbfudge|All this can be avoided\n|\n|t:|1698589975\n|move|p2a: Breloom|Spore|p1a: Kyogre\n|-status|p1a: Kyogre|slp|[from] move: Spore\n|cant|p1a: Kyogre|slp\n|\n|-weather|RainDance|[upkeep]\n|upkeep\n|turn|47\n|\n|t:|1698589984\n|move|p2a: Breloom|Leech Seed|p1a: Kyogre\n|-start|p1a: Kyogre|move: Leech Seed\n|cant|p1a: Kyogre|slp\n|\n|-weather|RainDance|[upkeep]\n|-damage|p1a: Kyogre|88\/100 slp|[from] Leech Seed|[of] p2a: Breloom\n|-heal|p2a: Breloom|100\/100|[silent]\n|upkeep\n|turn|48\n|c|\u2606ash_wastakenxd|u suck fr\n|\n|t:|1698589993\n|-singleturn|p2a: Breloom|move: Focus Punch\n|-curestatus|p1a: Kyogre|slp|[msg]\n|move|p1a: Kyogre|Ice Beam|p2a: Breloom\n|-supereffective|p2a: Breloom\n|-end|p2a: Breloom|Substitute\n|move|p2a: Breloom|Focus Punch|p1a: Kyogre\n|-damage|p1a: Kyogre|24\/100\n|\n|-weather|RainDance|[upkeep]\n|-damage|p1a: Kyogre|12\/100|[from] Leech Seed|[of] p2a: Breloom\n|upkeep\n|turn|49\n|\n|t:|1698590005\n|move|p2a: Breloom|Spore|p1a: Kyogre\n|-status|p1a: Kyogre|slp|[from] move: Spore\n|cant|p1a: Kyogre|slp\n|\n|-weather|RainDance|[upkeep]\n|-damage|p1a: Kyogre|0 fnt|[from] Leech Seed|[of] p2a: Breloom\n|faint|p1a: Kyogre\n|\n|win|Dumbfudge\n|upkeep\n|raw|ash_wastakenxd's rating: 1426 &rarr; <strong>1406<\/strong><br \/>(-20 for losing)\n|raw|Dumbfudge's rating: 1428 &rarr; <strong>1448<\/strong><br \/>(+20 for winning)\n|l|\u2606ash_wastakenxd\n|c|\u2606Dumbfudge|Well gg and gl\n","uploadtime":1698590048,"views":7,"p1id":"ashwastakenxd","p2id":"dumbfudge","formatid":"gen9anythinggoes","rating":1406,"private":0,"password":""}