{"id":"gen9anythinggoes-1989980770","p1":"trotman","p2":"Firsttrainer1234","format":"[Gen 9] Anything Goes","log":"|j|\u2606trotman\n|j|\u2606Firsttrainer1234\n|t:|1699912230\n|gametype|singles\n|player|p1|trotman|brycenman|1280\n|player|p2|Firsttrainer1234|lance|1180\n|teamsize|p1|6\n|teamsize|p2|6\n|gen|9\n|tier|[Gen 9] Anything Goes\n|rated|\n|rule|HP Percentage Mod: HP is shown in percentages\n|rule|Endless Battle Clause: Forcing endless battles is banned\n|clearpoke\n|poke|p1|Ogerpon, F|\n|poke|p1|Okidogi, M|\n|poke|p1|Regieleki|\n|poke|p1|Kingambit, M|\n|poke|p1|Palafin, F|\n|poke|p1|Chi-Yu|\n|poke|p2|Rayquaza|\n|poke|p2|Miraidon|\n|poke|p2|Koraidon|\n|poke|p2|Zacian-*|\n|poke|p2|Zamazenta-*|\n|poke|p2|Baxcalibur, M|\n|teampreview\n|\n|t:|1699912251\n|start\n|switch|p1a: Kingambit|Kingambit, M, shiny|100\/100\n|switch|p2a: Miraidon|Miraidon|100\/100\n|-fieldstart|move: Electric Terrain|[from] ability: Hadron Engine|[of] p2a: Miraidon\n|turn|1\n|\n|t:|1699912264\n|move|p2a: Miraidon|Electro Drift|p1a: Kingambit\n|-damage|p1a: Kingambit|16\/100\n|move|p1a: Kingambit|Stealth Rock|p2a: Miraidon\n|-sidestart|p2: Firsttrainer1234|move: Stealth Rock\n|\n|-heal|p1a: Kingambit|23\/100|[from] item: Leftovers\n|upkeep\n|turn|2\n|\n|t:|1699912275\n|move|p2a: Miraidon|Dragon Pulse|p1a: Kingambit\n|-resisted|p1a: Kingambit\n|-damage|p1a: Kingambit|0 fnt\n|faint|p1a: Kingambit\n|\n|upkeep\n|\n|t:|1699912284\n|switch|p1a: Okidogi|Okidogi, M|100\/100\n|turn|3\n|\n|t:|1699912290\n|move|p2a: Miraidon|Charge Beam|p1a: Okidogi|[miss]\n|-miss|p2a: Miraidon|p1a: Okidogi\n|move|p1a: Okidogi|Close Combat|p2a: Miraidon\n|-damage|p2a: Miraidon|25\/100\n|-unboost|p1a: Okidogi|def|1\n|-unboost|p1a: Okidogi|spd|1\n|-status|p2a: Miraidon|tox|[from] ability: Toxic Chain|[of] p1a: Okidogi\n|-enditem|p2a: Miraidon|Aguav Berry|[eat]\n|-heal|p2a: Miraidon|58\/100 tox|[from] item: Aguav Berry\n|-damage|p1a: Okidogi|91\/100|[from] item: Life Orb\n|\n|-damage|p2a: Miraidon|52\/100 tox|[from] psn\n|upkeep\n|turn|4\n|\n|t:|1699912320\n|switch|p2a: Zacian|Zacian-Crowned|100\/100\n|-damage|p2a: Zacian|94\/100|[from] Stealth Rock\n|-ability|p2a: Zacian|Intrepid Sword|boost\n|-boost|p2a: Zacian|atk|1\n|switch|p1a: Palafin|Palafin, F, shiny|100\/100\n|\n|upkeep\n|turn|5\n|\n|t:|1699912359\n|move|p2a: Zacian|Sacred Sword|p1a: Palafin\n|-damage|p1a: Palafin|38\/100\n|move|p1a: Palafin|Close Combat|p2a: Zacian\n|-damage|p2a: Zacian|55\/100\n|-unboost|p1a: Palafin|def|1\n|-unboost|p1a: Palafin|spd|1\n|\n|-fieldend|move: Electric Terrain\n|upkeep\n|turn|6\n|\n|t:|1699912367\n|move|p2a: Zacian|Sacred Sword|p1a: Palafin\n|-damage|p1a: Palafin|0 fnt\n|faint|p1a: Palafin\n|\n|upkeep\n|\n|t:|1699912375\n|switch|p1a: Chi-Yu|Chi-Yu|100\/100\n|-ability|p1a: Chi-Yu|Beads of Ruin\n|turn|7\n|\n|t:|1699912386\n|switch|p2a: Rayquaza|Rayquaza|100\/100\n|-damage|p2a: Rayquaza|76\/100|[from] Stealth Rock\n|-ability|p2a: Rayquaza|Air Lock\n|move|p1a: Chi-Yu|Flamethrower|p2a: Rayquaza\n|-resisted|p2a: Rayquaza\n|-damage|p2a: Rayquaza|39\/100\n|\n|upkeep\n|turn|8\n|\n|t:|1699912400\n|switch|p1a: Okidogi|Okidogi, M|91\/100\n|move|p2a: Rayquaza|Dragon Ascent|p1a: Okidogi\n|-supereffective|p1a: Okidogi\n|-damage|p1a: Okidogi|0 fnt\n|-unboost|p2a: Rayquaza|def|1\n|-unboost|p2a: Rayquaza|spd|1\n|faint|p1a: Okidogi\n|\n|upkeep\n|\n|t:|1699912415\n|switch|p1a: Regieleki|Regieleki, shiny|100\/100\n|turn|9\n|\n|t:|1699912425\n|switch|p2a: Zacian|Zacian-Crowned|55\/100\n|-damage|p2a: Zacian|49\/100|[from] Stealth Rock\n|move|p1a: Regieleki|Thunderbolt|p2a: Zacian\n|-damage|p2a: Zacian|0 fnt\n|faint|p2a: Zacian\n|-damage|p1a: Regieleki|91\/100|[from] item: Life Orb\n|\n|upkeep\n|\n|t:|1699912433\n|switch|p2a: Miraidon|Miraidon|52\/100 tox\n|-damage|p2a: Miraidon|39\/100 tox|[from] Stealth Rock\n|-fieldstart|move: Electric Terrain|[from] ability: Hadron Engine|[of] p2a: Miraidon\n|turn|10\n|\n|t:|1699912443\n|-terastallize|p1a: Regieleki|Ice\n|move|p1a: Regieleki|Tera Blast|p2a: Miraidon|[anim] Tera Blast Ice\n|-supereffective|p2a: Miraidon\n|-crit|p2a: Miraidon\n|-damage|p2a: Miraidon|0 fnt\n|faint|p2a: Miraidon\n|-damage|p1a: Regieleki|81\/100|[from] item: Life Orb\n|\n|upkeep\n|\n|t:|1699912451\n|switch|p2a: Koraidon|Koraidon|100\/100\n|-damage|p2a: Koraidon|94\/100|[from] Stealth Rock\n|-weather|SunnyDay|[from] ability: Orichalcum Pulse|[of] p2a: Koraidon\n|-activate|p2a: Koraidon|Orichalcum Pulse|[source]\n|turn|11\n|\n|t:|1699912464\n|move|p1a: Regieleki|Volt Switch|p2a: Koraidon\n|-resisted|p2a: Koraidon\n|-damage|p2a: Koraidon|64\/100\n|-damage|p1a: Regieleki|71\/100|[from] item: Life Orb\n|\n|t:|1699912469\n|switch|p1a: Ogerpon|Ogerpon, F|100\/100|[from] Volt Switch\n|move|p2a: Koraidon|Flare Blitz|p1a: Ogerpon\n|-supereffective|p1a: Ogerpon\n|-damage|p1a: Ogerpon|0 fnt\n|faint|p1a: Ogerpon\n|-damage|p2a: Koraidon|35\/100|[from] Recoil\n|\n|-weather|SunnyDay|[upkeep]\n|upkeep\n|\n|t:|1699912477\n|switch|p1a: Regieleki|Regieleki, shiny, tera:Ice|71\/100\n|turn|12\n|\n|t:|1699912481\n|move|p1a: Regieleki|Tera Blast|p2a: Koraidon|[anim] Tera Blast Ice\n|-supereffective|p2a: Koraidon\n|-damage|p2a: Koraidon|0 fnt\n|faint|p2a: Koraidon\n|-damage|p1a: Regieleki|61\/100|[from] item: Life Orb\n|\n|-weather|SunnyDay|[upkeep]\n|upkeep\n|\n|t:|1699912491\n|switch|p2a: Rayquaza|Rayquaza|39\/100\n|-damage|p2a: Rayquaza|14\/100|[from] Stealth Rock\n|-ability|p2a: Rayquaza|Air Lock\n|-enditem|p2a: Rayquaza|Aguav Berry|[eat]\n|-heal|p2a: Rayquaza|48\/100|[from] item: Aguav Berry\n|turn|13\n|\n|t:|1699912500\n|move|p1a: Regieleki|Tera Blast|p2a: Rayquaza|[anim] Tera Blast Ice\n|-supereffective|p2a: Rayquaza\n|-damage|p2a: Rayquaza|0 fnt\n|faint|p2a: Rayquaza\n|-damage|p1a: Regieleki|51\/100|[from] item: Life Orb\n|\n|-weather|SunnyDay|[upkeep]\n|upkeep\n|\n|t:|1699912510\n|switch|p2a: Zamazenta|Zamazenta-Crowned|100\/100\n|-damage|p2a: Zamazenta|97\/100|[from] Stealth Rock\n|-ability|p2a: Zamazenta|Dauntless Shield|boost\n|-boost|p2a: Zamazenta|def|1\n|turn|14\n|\n|t:|1699912519\n|move|p1a: Regieleki|Thunderbolt|p2a: Zamazenta\n|-damage|p2a: Zamazenta|26\/100\n|-damage|p1a: Regieleki|41\/100|[from] item: Life Orb\n|move|p2a: Zamazenta|Steel Beam|p1a: Regieleki\n|-supereffective|p1a: Regieleki\n|-damage|p1a: Regieleki|0 fnt\n|-damage|p2a: Zamazenta|0 fnt|[from] steelbeam\n|faint|p2a: Zamazenta\n|faint|p1a: Regieleki\n|\n|-weather|SunnyDay|[upkeep]\n|-fieldend|move: Electric Terrain\n|upkeep\n|\n|t:|1699912529\n|switch|p1a: Chi-Yu|Chi-Yu|100\/100\n|switch|p2a: Baxcalibur|Baxcalibur, M|100\/100\n|-ability|p1a: Chi-Yu|Beads of Ruin\n|-damage|p2a: Baxcalibur|76\/100|[from] Stealth Rock\n|turn|15\n|\n|t:|1699912537\n|move|p1a: Chi-Yu|Flamethrower|p2a: Baxcalibur\n|-damage|p2a: Baxcalibur|0 fnt\n|faint|p2a: Baxcalibur\n|\n|win|trotman\n|raw|trotman's rating: 1280 &rarr; <strong>1298<\/strong><br \/>(+18 for winning)\n|raw|Firsttrainer1234's rating: 1180 &rarr; <strong>1162<\/strong><br \/>(-18 for losing)\n|c|\u2606trotman|gg\n|l|\u2606Firsttrainer1234\n","uploadtime":1699912547,"views":5,"p1id":"trotman","p2id":"firsttrainer1234","formatid":"gen9anythinggoes","rating":1162,"private":0,"password":""}