{"id":"gen9anythinggoes-1977243952","p1":"wizardmidnight","p2":"Doktor214269","format":"[Gen 9] Anything Goes","log":"|j|\u2606wizardmidnight\n|j|\u2606Doktor214269\n|t:|1698392887\n|gametype|singles\n|player|p1|wizardmidnight|lucas-gen4pt|1078\n|player|p2|Doktor214269|roxie|1183\n|teamsize|p1|6\n|teamsize|p2|6\n|gen|9\n|tier|[Gen 9] Anything Goes\n|rated|\n|rule|HP Percentage Mod: HP is shown in percentages\n|rule|Endless Battle Clause: Forcing endless battles is banned\n|clearpoke\n|poke|p1|Geodude, L1, F|\n|poke|p1|Grafaiai, M|\n|poke|p1|Flutter Mane|\n|poke|p1|Glimmora, M|\n|poke|p1|Mewtwo|\n|poke|p1|Indeedee, L1, M|\n|poke|p2|Miraidon|\n|poke|p2|Lilligant-Hisui, F|\n|poke|p2|Bisharp, F|\n|poke|p2|Cloyster, M|\n|poke|p2|Zoroark-Hisui, F|\n|poke|p2|Mimikyu, M|\n|teampreview\n|c|\u2606wizardmidnight|glhf\n|\n|t:|1698392896\n|start\n|switch|p1a: Glimmora|Glimmora, M|100\/100\n|switch|p2a: Miraidon|Miraidon|100\/100\n|turn|1\n|\n|t:|1698392913\n|move|p2a: Miraidon|Nasty Plot|p2a: Miraidon\n|-boost|p2a: Miraidon|spa|2\n|move|p1a: Glimmora|Dazzling Gleam|p2a: Miraidon\n|-damage|p2a: Miraidon|56\/100\n|replace|p2a: Zoroark-|Zoroark-Hisui, F\n|-end|p2a: Zoroark-|Illusion\n|\n|upkeep\n|turn|2\n|\n|t:|1698392934\n|move|p2a: Zoroark-|Flamethrower|p1a: Glimmora\n|-resisted|p1a: Glimmora\n|-damage|p1a: Glimmora|70\/100\n|move|p1a: Glimmora|Mortal Spin|p2a: Zoroark-\n|-resisted|p2a: Zoroark-\n|-damage|p2a: Zoroark-|50\/100\n|-status|p2a: Zoroark-|psn\n|\n|-damage|p2a: Zoroark-|37\/100 psn|[from] psn\n|upkeep\n|turn|3\n|\n|t:|1698392947\n|move|p2a: Zoroark-|Dark Pulse|p1a: Glimmora\n|-damage|p1a: Glimmora|19\/100\n|move|p1a: Glimmora|Dazzling Gleam|p2a: Zoroark-\n|-damage|p2a: Zoroark-|0 fnt\n|faint|p2a: Zoroark-\n|\n|upkeep\n|\n|t:|1698392960\n|switch|p2a: Mimikyu|Mimikyu, M|100\/100\n|turn|4\n|\n|t:|1698392968\n|switch|p1a: Mewtwo|Mewtwo|100\/100\n|-ability|p1a: Mewtwo|Pressure\n|move|p2a: Mimikyu|Drain Punch|p1a: Mewtwo\n|-resisted|p1a: Mewtwo\n|-damage|p1a: Mewtwo|89\/100\n|-damage|p2a: Mimikyu|91\/100|[from] item: Life Orb\n|\n|upkeep\n|turn|5\n|\n|t:|1698393000\n|move|p1a: Mewtwo|Trick|p2a: Mimikyu\n|-activate|p1a: Mewtwo|move: Trick|[of] p2a: Mimikyu\n|-item|p2a: Mimikyu|Ring Target|[from] move: Trick\n|-item|p1a: Mewtwo|Life Orb|[from] move: Trick\n|move|p2a: Mimikyu|Swords Dance|p2a: Mimikyu\n|-boost|p2a: Mimikyu|atk|2\n|\n|upkeep\n|turn|6\n|\n|t:|1698393013\n|move|p1a: Mewtwo|Drain Punch|p2a: Mimikyu\n|-activate|p2a: Mimikyu|ability: Disguise\n|-damage|p2a: Mimikyu|91\/100\n|detailschange|p2a: Mimikyu|Mimikyu-Busted, M\n|-damage|p2a: Mimikyu|78\/100|[from] pokemon: Mimikyu-Busted\n|-damage|p1a: Mewtwo|79\/100|[from] item: Life Orb\n|move|p2a: Mimikyu|Swords Dance|p2a: Mimikyu\n|-boost|p2a: Mimikyu|atk|2\n|\n|upkeep\n|turn|7\n|\n|t:|1698393024\n|move|p2a: Mimikyu|Shadow Sneak|p1a: Mewtwo\n|-supereffective|p1a: Mewtwo\n|-damage|p1a: Mewtwo|0 fnt\n|faint|p1a: Mewtwo\n|\n|upkeep\n|\n|t:|1698393032\n|switch|p1a: Flutter Mane|Flutter Mane|100\/100\n|turn|8\n|\n|t:|1698393037\n|move|p2a: Mimikyu|Shadow Sneak|p1a: Flutter Mane\n|-supereffective|p1a: Flutter Mane\n|-enditem|p1a: Flutter Mane|Focus Sash\n|-damage|p1a: Flutter Mane|1\/100\n|move|p1a: Flutter Mane|Memento|p2a: Mimikyu\n|-unboost|p2a: Mimikyu|atk|2\n|-unboost|p2a: Mimikyu|spa|2\n|faint|p1a: Flutter Mane\n|-end|p1a: Flutter Mane|Protosynthesis|[silent]\n|\n|upkeep\n|\n|t:|1698393045\n|switch|p1a: Glimmora|Glimmora, M|19\/100\n|turn|9\n|\n|t:|1698393048\n|move|p2a: Mimikyu|Drain Punch|p1a: Glimmora\n|-damage|p1a: Glimmora|0 fnt\n|-heal|p2a: Mimikyu|92\/100|[from] drain|[of] p1a: Glimmora\n|-activate|p1a: Glimmora|ability: Toxic Debris\n|-sidestart|p2: Doktor214269|move: Toxic Spikes\n|faint|p1a: Glimmora\n|\n|upkeep\n|\n|t:|1698393057\n|switch|p1a: Indeedee|Indeedee, L1, M|100\/100\n|-fieldstart|move: Psychic Terrain|[from] ability: Psychic Surge|[of] p1a: Indeedee\n|turn|10\n|\n|t:|1698393063\n|move|p2a: Mimikyu|Drain Punch|p1a: Indeedee\n|-damage|p1a: Indeedee|0 fnt\n|-heal|p2a: Mimikyu|95\/100|[from] drain|[of] p1a: Indeedee\n|faint|p1a: Indeedee\n|\n|upkeep\n|\n|t:|1698393069\n|switch|p1a: Geodude|Geodude, L1, F|100\/100\n|turn|11\n|\n|t:|1698393081\n|move|p2a: Mimikyu|Shadow Sneak|p1a: Geodude\n|-activate|p1a: Geodude|move: Psychic Terrain\n|move|p1a: Geodude|Dig||[still]\n|-prepare|p1a: Geodude|Dig\n|\n|-damage|p1a: Geodude|92\/100|[from] item: Sticky Barb\n|upkeep\n|turn|12\n|c|\u2606wizardmidnight|g8yokhubkihb\n|\n|t:|1698393090\n|move|p2a: Mimikyu|Swords Dance|p2a: Mimikyu\n|-boost|p2a: Mimikyu|atk|2\n|move|p1a: Geodude|Dig|p2a: Mimikyu|[from]lockedmove\n|-damage|p2a: Mimikyu|94\/100\n|\n|-damage|p1a: Geodude|84\/100|[from] item: Sticky Barb\n|upkeep\n|turn|13\n|\n|t:|1698393098\n|move|p2a: Mimikyu|Drain Punch|p1a: Geodude\n|-supereffective|p1a: Geodude\n|-damage|p1a: Geodude|0 fnt\n|-heal|p2a: Mimikyu|96\/100|[from] drain|[of] p1a: Geodude\n|faint|p1a: Geodude\n|\n|upkeep\n|\n|t:|1698393104\n|switch|p1a: Grafaiai|Grafaiai, M|100\/100\n|turn|14\n|\n|t:|1698393108\n|move|p1a: Grafaiai|Copycat|p1a: Grafaiai\n|move|p1a: Grafaiai|Drain Punch|p2a: Mimikyu|[from]move: Copycat\n|-activate|p2a: Mimikyu|move: Psychic Terrain\n|move|p2a: Mimikyu|Drain Punch|p1a: Grafaiai\n|-damage|p1a: Grafaiai|14\/100\n|-heal|p2a: Mimikyu|100\/100|[from] drain|[of] p1a: Grafaiai\n|\n|-fieldend|move: Psychic Terrain\n|upkeep\n|turn|15\n|\n|t:|1698393118\n|move|p1a: Grafaiai|Copycat|p1a: Grafaiai\n|move|p1a: Grafaiai|Drain Punch|p2a: Mimikyu|[from]move: Copycat\n|-resisted|p2a: Mimikyu\n|-damage|p2a: Mimikyu|83\/100\n|-heal|p1a: Grafaiai|20\/100|[from] drain|[of] p2a: Mimikyu\n|move|p2a: Mimikyu|Swords Dance|p2a: Mimikyu\n|-boost|p2a: Mimikyu|atk|2\n|\n|upkeep\n|turn|16\n|\n|t:|1698393126\n|move|p1a: Grafaiai|Copycat|p1a: Grafaiai\n|move|p1a: Grafaiai|Swords Dance|p1a: Grafaiai|[from]move: Copycat\n|-boost|p1a: Grafaiai|atk|2\n|move|p2a: Mimikyu|Drain Punch|p1a: Grafaiai\n|-damage|p1a: Grafaiai|0 fnt\n|-heal|p2a: Mimikyu|96\/100|[from] drain|[of] p1a: Grafaiai\n|faint|p1a: Grafaiai\n|\n|win|Doktor214269\n|raw|wizardmidnight's rating: 1078 &rarr; <strong>1063<\/strong><br \/>(-15 for losing)\n|raw|Doktor214269's rating: 1183 &rarr; <strong>1201<\/strong><br \/>(+18 for winning)\n|l|\u2606wizardmidnight\n","uploadtime":1698393133,"views":9,"p1id":"wizardmidnight","p2id":"doktor214269","formatid":"gen9anythinggoes","rating":1063,"private":0,"password":""}