{"id":"gen9anythinggoes-1984961097","p1":"juandlm13","p2":"MegaBrownie","format":"[Gen 9] Anything Goes","log":"|j|\u2606juandlm13\n|j|\u2606MegaBrownie\n|t:|1699315120\n|gametype|singles\n|player|p1|juandlm13|veteran|1218\n|player|p2|MegaBrownie|102|1194\n|teamsize|p1|6\n|teamsize|p2|6\n|gen|9\n|tier|[Gen 9] Anything Goes\n|rated|\n|rule|HP Percentage Mod: HP is shown in percentages\n|rule|Endless Battle Clause: Forcing endless battles is banned\n|clearpoke\n|poke|p1|Manaphy|\n|poke|p1|Lechonk, L1, M|\n|poke|p1|Hippowdon, M|\n|poke|p1|Houndstone, M|\n|poke|p1|Toxapex, M|\n|poke|p1|Garganacl, M|\n|poke|p2|Meowscarada, F|\n|poke|p2|Skeledirge, M|\n|poke|p2|Garganacl, M|\n|poke|p2|Corviknight, F|\n|poke|p2|Baxcalibur, M|\n|poke|p2|Ribombee, F|\n|teampreview\n|c|\u2606MegaBrownie|Interesting\n|\n|t:|1699315141\n|start\n|switch|p1a: Manaphy|Manaphy|100\/100\n|switch|p2a: KitKat|Meowscarada, F|100\/100\n|turn|1\n|\n|t:|1699315169\n|switch|p1a: Toxapex|Toxapex, M, shiny|100\/100\n|move|p2a: KitKat|Flower Trick|p1a: Toxapex\n|-start|p2a: KitKat|typechange|Grass|[from] ability: Protean\n|-crit|p1a: Toxapex\n|-damage|p1a: Toxapex|53\/100\n|\n|upkeep\n|turn|2\n|\n|t:|1699315187\n|switch|p2a: Raven|Corviknight, F|100\/100\n|-ability|p2a: Raven|Pressure\n|move|p1a: Toxapex|Recover|p1a: Toxapex\n|-heal|p1a: Toxapex|100\/100\n|\n|upkeep\n|turn|3\n|\n|t:|1699315196\n|move|p2a: Raven|U-turn|p1a: Toxapex\n|-resisted|p1a: Toxapex\n|-damage|p1a: Toxapex|96\/100\n|-damage|p2a: Raven|84\/100|[from] item: Rocky Helmet|[of] p1a: Toxapex\n|\n|t:|1699315206\n|switch|p2a: Salty|Garganacl, M|100\/100|[from] U-turn\n|move|p1a: Toxapex|Stockpile|p1a: Toxapex\n|-start|p1a: Toxapex|stockpile1\n|-boost|p1a: Toxapex|def|1\n|-boost|p1a: Toxapex|spd|1\n|\n|upkeep\n|turn|4\n|\n|t:|1699315227\n|move|p2a: Salty|Salt Cure|p1a: Toxapex\n|-damage|p1a: Toxapex|90\/100\n|-start|p1a: Toxapex|Salt Cure\n|move|p1a: Toxapex|Infestation|p2a: Salty\n|-damage|p2a: Salty|98\/100\n|-activate|p2a: Salty|move: Infestation|[of] p1a: Toxapex\n|\n|-heal|p2a: Salty|100\/100|[from] item: Leftovers\n|-damage|p2a: Salty|88\/100|[from] move: Infestation|[partiallytrapped]\n|-damage|p1a: Toxapex|66\/100|[from] Salt Cure\n|upkeep\n|turn|5\n|\n|t:|1699315241\n|move|p2a: Salty|Iron Defense|p2a: Salty\n|-boost|p2a: Salty|def|2\n|move|p1a: Toxapex|Stockpile|p1a: Toxapex\n|-start|p1a: Toxapex|stockpile2\n|-boost|p1a: Toxapex|def|1\n|-boost|p1a: Toxapex|spd|1\n|\n|-heal|p2a: Salty|94\/100|[from] item: Leftovers\n|-damage|p2a: Salty|82\/100|[from] move: Infestation|[partiallytrapped]\n|-damage|p1a: Toxapex|41\/100|[from] Salt Cure\n|upkeep\n|turn|6\n|\n|t:|1699315257\n|switch|p1a: Lechonk|Lechonk, L1, M|100\/100\n|move|p2a: Salty|Iron Defense|p2a: Salty\n|-boost|p2a: Salty|def|2\n|\n|-heal|p2a: Salty|88\/100|[from] item: Leftovers\n|-end|p2a: Salty|Infestation|[partiallytrapped]|[silent]\n|upkeep\n|turn|7\n|\n|t:|1699315272\n|switch|p2a: Crimson|Skeledirge, M|100\/100\n|move|p1a: Lechonk|Endeavor|p2a: Crimson\n|-immune|p2a: Crimson\n|\n|upkeep\n|turn|8\n|\n|t:|1699315283\n|move|p2a: Crimson|Hex|p1a: Lechonk\n|-immune|p1a: Lechonk\n|move|p1a: Lechonk|Yawn|p2a: Crimson\n|-start|p2a: Crimson|move: Yawn|[of] p1a: Lechonk\n|\n|upkeep\n|turn|9\n|c|\u2606MegaBrownie|Why did i click that lol\n|\n|t:|1699315302\n|move|p1a: Lechonk|Protect|p1a: Lechonk\n|-singleturn|p1a: Lechonk|Protect\n|move|p2a: Crimson|Torch Song|p1a: Lechonk\n|-activate|p1a: Lechonk|move: Protect\n|\n|-end|p2a: Crimson|move: Yawn|[silent]\n|-status|p2a: Crimson|slp\n|upkeep\n|turn|10\n|\n|t:|1699315323\n|switch|p1a: Manaphy|Manaphy|100\/100\n|cant|p2a: Crimson|slp\n|\n|upkeep\n|turn|11\n|\n|t:|1699315333\n|switch|p2a: Salty|Garganacl, M|88\/100\n|move|p1a: Manaphy|Tail Glow|p1a: Manaphy\n|-boost|p1a: Manaphy|spa|3\n|\n|-heal|p2a: Salty|94\/100|[from] item: Leftovers\n|upkeep\n|turn|12\n|c|\u2606juandlm13|I dont know\n|\n|t:|1699315345\n|move|p1a: Manaphy|Scald|p2a: Salty\n|-supereffective|p2a: Salty\n|-damage|p2a: Salty|0 fnt\n|faint|p2a: Salty\n|\n|upkeep\n|\n|t:|1699315350\n|switch|p2a: KitKat|Meowscarada, F|100\/100\n|turn|13\n|\n|t:|1699315357\n|move|p2a: KitKat|Flower Trick|p1a: Manaphy\n|-start|p2a: KitKat|typechange|Grass|[from] ability: Protean\n|-supereffective|p1a: Manaphy\n|-crit|p1a: Manaphy\n|-damage|p1a: Manaphy|0 fnt\n|faint|p1a: Manaphy\n|\n|upkeep\n|c|\u2606juandlm13|Crit\n|c|\u2606juandlm13|seriously\n|\n|t:|1699315374\n|switch|p1a: Lechonk|Lechonk, L1, M|100\/100\n|turn|14\n|c|\u2606MegaBrownie|Its a move that always crits what did you expect?\n|\n|t:|1699315393\n|switch|p2a: Crimson|Skeledirge, M|100\/100 slp\n|move|p1a: Lechonk|Endeavor|p2a: Crimson\n|-immune|p2a: Crimson\n|\n|upkeep\n|turn|15\n|c|\u2606juandlm13|ummm\n|c|\u2606juandlm13|well, i dont know that\n|c|\u2606MegaBrownie|Ah i see\n|\n|t:|1699315433\n|switch|p1a: Garganacl|Garganacl, M|100\/100\n|cant|p2a: Crimson|slp\n|\n|upkeep\n|turn|16\n|\n|t:|1699315450\n|-curestatus|p2a: Crimson|slp|[msg]\n|move|p2a: Crimson|Torch Song|p1a: Garganacl\n|-resisted|p1a: Garganacl\n|-damage|p1a: Garganacl|91\/100\n|-boost|p2a: Crimson|spa|1\n|move|p1a: Garganacl|Salt Cure|p2a: Crimson\n|-supereffective|p2a: Crimson\n|-damage|p2a: Crimson|80\/100\n|-start|p2a: Crimson|Salt Cure\n|\n|-damage|p2a: Crimson|67\/100|[from] Salt Cure\n|upkeep\n|turn|17\n|\n|t:|1699315465\n|switch|p2a: Honey|Ribombee, F|100\/100\n|move|p1a: Garganacl|Salt Cure|p2a: Honey\n|-supereffective|p2a: Honey\n|-damage|p2a: Honey|42\/100\n|\n|upkeep\n|turn|18\n|\n|t:|1699315473\n|move|p2a: Honey|Sticky Web|p1a: Garganacl\n|-sidestart|p1: juandlm13|move: Sticky Web\n|move|p1a: Garganacl|Salt Cure|p2a: Honey\n|-supereffective|p2a: Honey\n|-damage|p2a: Honey|0 fnt\n|faint|p2a: Honey\n|\n|upkeep\n|\n|t:|1699315484\n|switch|p2a: KitKat|Meowscarada, F|100\/100\n|turn|19\n|\n|t:|1699315492\n|-terastallize|p2a: KitKat|Grass\n|move|p2a: KitKat|Flower Trick|p1a: Garganacl\n|-supereffective|p1a: Garganacl\n|-crit|p1a: Garganacl\n|-damage|p1a: Garganacl|0 fnt\n|faint|p1a: Garganacl\n|\n|upkeep\n|\n|t:|1699315510\n|switch|p1a: Toxapex|Toxapex, M, shiny|74\/100\n|-activate|p1a: Toxapex|move: Sticky Web\n|-unboost|p1a: Toxapex|spe|1\n|turn|20\n|\n|t:|1699315523\n|move|p2a: KitKat|Flower Trick|p1a: Toxapex\n|-crit|p1a: Toxapex\n|-damage|p1a: Toxapex|20\/100\n|move|p1a: Toxapex|Toxic Spikes|p2a: KitKat\n|-sidestart|p2: MegaBrownie|move: Toxic Spikes\n|\n|upkeep\n|turn|21\n|\n|t:|1699315536\n|move|p2a: KitKat|Flower Trick|p1a: Toxapex\n|-crit|p1a: Toxapex\n|-damage|p1a: Toxapex|0 fnt\n|faint|p1a: Toxapex\n|\n|upkeep\n|\n|t:|1699315546\n|switch|p1a: Lechonk|Lechonk, L1, M|100\/100\n|-activate|p1a: Lechonk|move: Sticky Web\n|-unboost|p1a: Lechonk|spe|1\n|turn|22\n|\n|t:|1699315561\n|move|p2a: KitKat|Flower Trick|p1a: Lechonk\n|-crit|p1a: Lechonk\n|-enditem|p1a: Lechonk|Focus Sash\n|-damage|p1a: Lechonk|9\/100\n|move|p1a: Lechonk|Yawn|p2a: KitKat\n|-start|p2a: KitKat|move: Yawn|[of] p1a: Lechonk\n|\n|upkeep\n|turn|23\n|\n|t:|1699315575\n|move|p2a: KitKat|Flower Trick|p1a: Lechonk\n|-crit|p1a: Lechonk\n|-damage|p1a: Lechonk|0 fnt\n|faint|p1a: Lechonk\n|\n|-end|p2a: KitKat|move: Yawn|[silent]\n|-status|p2a: KitKat|slp\n|upkeep\n|\n|t:|1699315584\n|switch|p1a: Hippowdon|Hippowdon, M|100\/100\n|-activate|p1a: Hippowdon|move: Sticky Web\n|-unboost|p1a: Hippowdon|spe|1\n|-weather|Sandstorm|[from] ability: Sand Stream|[of] p1a: Hippowdon\n|-enditem|p1a: Hippowdon|White Herb\n|-clearnegativeboost|p1a: Hippowdon|[silent]\n|turn|24\n|\n|t:|1699315607\n|cant|p2a: KitKat|slp\n|move|p1a: Hippowdon|High Horsepower|p2a: KitKat\n|-resisted|p2a: KitKat\n|-damage|p2a: KitKat|72\/100 slp\n|\n|-weather|Sandstorm|[upkeep]\n|-damage|p2a: KitKat|66\/100 slp|[from] Sandstorm\n|upkeep\n|turn|25\n|c|\u2606MegaBrownie|Ik about last respects its only a matter of time till it comes out\n|\n|t:|1699315624\n|cant|p2a: KitKat|slp\n|move|p1a: Hippowdon|Body Press|p2a: KitKat\n|-damage|p2a: KitKat|32\/100 slp\n|\n|-weather|Sandstorm|[upkeep]\n|-damage|p2a: KitKat|25\/100 slp|[from] Sandstorm\n|upkeep\n|turn|26\n|c|\u2606juandlm13|yes\n|\n|t:|1699315662\n|-curestatus|p2a: KitKat|slp|[msg]\n|move|p2a: KitKat|Flower Trick|p1a: Hippowdon\n|-supereffective|p1a: Hippowdon\n|-crit|p1a: Hippowdon\n|-damage|p1a: Hippowdon|0 fnt\n|faint|p1a: Hippowdon\n|\n|-weather|Sandstorm|[upkeep]\n|-damage|p2a: KitKat|19\/100|[from] Sandstorm\n|upkeep\n|\n|t:|1699315671\n|switch|p1a: Houndstone|Houndstone, M|100\/100\n|turn|27\n|\n|t:|1699315684\n|switch|p2a: Glacier|Baxcalibur, M|100\/100\n|-status|p2a: Glacier|psn\n|move|p1a: Houndstone|Last Respects|p2a: Glacier\n|-damage|p2a: Glacier|0 fnt\n|faint|p2a: Glacier\n|\n|-weather|Sandstorm|[upkeep]\n|upkeep\n|\n|t:|1699315695\n|switch|p2a: Raven|Corviknight, F|84\/100\n|-ability|p2a: Raven|Pressure\n|turn|28\n|\n|t:|1699315701\n|move|p1a: Houndstone|Last Respects|p2a: Raven\n|-damage|p2a: Raven|0 fnt\n|faint|p2a: Raven\n|\n|-weather|none\n|upkeep\n|\n|t:|1699315716\n|switch|p2a: KitKat|Meowscarada, F, tera:Grass|19\/100\n|-status|p2a: KitKat|psn\n|turn|29\n|\n|t:|1699315739\n|-terastallize|p1a: Houndstone|Dragon\n|move|p2a: KitKat|U-turn|p1a: Houndstone\n|-damage|p1a: Houndstone|62\/100\n|\n|t:|1699315744\n|switch|p2a: Crimson|Skeledirge, M|67\/100|[from] U-turn\n|move|p1a: Houndstone|Last Respects|p2a: Crimson\n|-supereffective|p2a: Crimson\n|-damage|p2a: Crimson|0 fnt\n|faint|p2a: Crimson\n|\n|upkeep\n|\n|t:|1699315751\n|switch|p2a: KitKat|Meowscarada, F, tera:Grass|19\/100 psn\n|turn|30\n|\n|t:|1699315773\n|move|p2a: KitKat|Play Rough|p1a: Houndstone\n|-supereffective|p1a: Houndstone\n|-damage|p1a: Houndstone|0 fnt\n|faint|p1a: Houndstone\n|\n|win|MegaBrownie\n|raw|juandlm13's rating: 1218 &rarr; <strong>1191<\/strong><br \/>(-27 for losing)\n|raw|MegaBrownie's rating: 1194 &rarr; <strong>1221<\/strong><br \/>(+27 for winning)\n|c|\u2606MegaBrownie|Gg\n|c|\u2606juandlm13|bruh\n|c|\u2606juandlm13|gg\n|c|\u2606MegaBrownie|Ur team is pretty good\n|c|\u2606juandlm13|well, its experimental\n|c|\u2606MegaBrownie|I aiht gonna lie when i say i was scared at the end lol\n|c|\u2606juandlm13|But your team its great too\n|c|\u2606juandlm13|lol\n|c|\u2606juandlm13|heheh\n|c|\u2606MegaBrownie|That thing 8s a demon for good reasons\n|c|\u2606MegaBrownie|Is*\n|c|\u2606juandlm13|yes yes\n|c|\u2606juandlm13|well\n|c|\u2606MegaBrownie|Welp cya next time\n|c|\u2606juandlm13|good bye\n|l|\u2606MegaBrownie\n|l|\u2606juandlm13\n|j|\u2606MegaBrownie\n|player|p2|MegaBrownie|102\n","uploadtime":1699316109,"views":21,"p1id":"juandlm13","p2id":"megabrownie","formatid":"gen9anythinggoes","rating":1191,"private":0,"password":""}