{"id":"gen9anythinggoes-1998301263","p1":"matze_m","p2":"Strong Lea","format":"[Gen 9] Anything Goes","log":"|j|\u2606matze_m\n|j|\u2606Strong Lea\n|t:|1700926746\n|gametype|singles\n|player|p1|matze_m|lance|\n|player|p2|Strong Lea|korrina|\n|teamsize|p1|6\n|teamsize|p2|6\n|gen|9\n|tier|[Gen 9] Anything Goes\n|rule|HP Percentage Mod: HP is shown in percentages\n|rule|Endless Battle Clause: Forcing endless battles is banned\n|clearpoke\n|poke|p1|Mandibuzz, F|\n|poke|p1|Mudsdale, F|\n|poke|p1|Mew|\n|poke|p1|Dragapult, F|\n|poke|p1|Rillaboom, F|\n|poke|p1|Arcanine, F|\n|poke|p2|Annihilape, F|\n|poke|p2|Dachsbun, M|\n|poke|p2|Slowking, F|\n|poke|p2|Thundurus, M|\n|poke|p2|Dudunsparce-*, F|\n|poke|p2|Salazzle, F|\n|teampreview\n|inactive|Battle timer is ON: inactive players will automatically lose when time's up. (requested by Strong Lea)\n|c|\u2606Strong Lea|gl hf!\n|c|\u2606matze_m|Gl hf\n|j| Gottkomplexe\n|inactive|Strong Lea has 270 seconds left.\n|\n|t:|1700926785\n|start\n|switch|p1a: Mew|Mew|100\/100\n|switch|p2a: Thundurus|Thundurus, M|100\/100\n|turn|1\n|\n|t:|1700926802\n|move|p2a: Thundurus|Dark Pulse|p1a: Mew\n|-supereffective|p1a: Mew\n|-damage|p1a: Mew|50\/100\n|move|p1a: Mew|Volt Switch|p2a: Thundurus\n|-damage|p2a: Thundurus|77\/100\n|inactive|matze_m has 270 seconds left.\n|\n|t:|1700926837\n|switch|p1a: Arcanine|Arcanine, F|100\/100|[from] Volt Switch\n|\n|upkeep\n|turn|2\n|\n|t:|1700926860\n|switch|p2a: Dachsbun|Dachsbun, M|100\/100\n|move|p1a: Arcanine|Will-O-Wisp|p2a: Dachsbun\n|-ability|p2a: Dachsbun|Well-Baked Body|boost\n|-boost|p2a: Dachsbun|def|2\n|\n|upkeep\n|turn|3\n|\n|t:|1700926880\n|switch|p1a: Mudsdale|Mudsdale, F|100\/100\n|switch|p2a: Thundurus|Thundurus, M|77\/100\n|\n|upkeep\n|turn|4\n|inactive|Strong Lea has 270 seconds left.\n|\n|t:|1700926899\n|switch|p2a: Annihilape|Annihilape, F|100\/100\n|move|p1a: Mudsdale|Smack Down|p2a: Annihilape\n|-resisted|p2a: Annihilape\n|-damage|p2a: Annihilape|93\/100\n|\n|upkeep\n|turn|5\n|inactive|Strong Lea has 270 seconds left.\n|inactive|matze_m has 240 seconds left.\n|\n|t:|1700926944\n|switch|p2a: Slowking|Slowking, F|100\/100\n|move|p1a: Mudsdale|High Horsepower|p2a: Slowking\n|-damage|p2a: Slowking|61\/100\n|\n|upkeep\n|turn|6\n|inactive|Strong Lea has 270 seconds left.\n|\n|t:|1700926959\n|switch|p1a: Mew|Mew|50\/100\n|move|p2a: Slowking|Chilly Reception|p2a: Slowking\n|-weather|Snow\n|\n|t:|1700926971\n|switch|p2a: Annihilape|Annihilape, F|93\/100|[from] Chilly Reception\n|\n|-weather|Snow|[upkeep]\n|-heal|p1a: Mew|56\/100|[from] item: Leftovers\n|upkeep\n|turn|7\n|\n|t:|1700926980\n|move|p2a: Annihilape|U-turn|p1a: Mew\n|-supereffective|p1a: Mew\n|-damage|p1a: Mew|16\/100\n|inactive|Strong Lea has 270 seconds left.\n|\n|t:|1700926989\n|switch|p2a: Slowking|Slowking, F|95\/100|[from] U-turn\n|move|p1a: Mew|Thunder Wave|p2a: Slowking\n|-status|p2a: Slowking|par\n|\n|-weather|Snow|[upkeep]\n|-heal|p1a: Mew|22\/100|[from] item: Leftovers\n|upkeep\n|turn|8\n|inactive|Strong Lea has 270 seconds left.\n|\n|t:|1700927002\n|move|p1a: Mew|Volt Switch|p2a: Slowking\n|-supereffective|p2a: Slowking\n|-damage|p2a: Slowking|74\/100 par\n|\n|t:|1700927011\n|switch|p1a: Mandibuzz|Mandibuzz, F|100\/100|[from] Volt Switch\n|cant|p2a: Slowking|par\n|\n|-weather|Snow|[upkeep]\n|upkeep\n|turn|9\n|inactive|matze_m has 240 seconds left.\n|inactive|Strong Lea has 270 seconds left.\n|\n|t:|1700927035\n|switch|p2a: Dachsbun|Dachsbun, M|100\/100\n|move|p1a: Mandibuzz|Knock Off|p2a: Dachsbun\n|-resisted|p2a: Dachsbun\n|-damage|p2a: Dachsbun|91\/100\n|-damage|p1a: Mandibuzz|84\/100|[from] item: Rocky Helmet|[of] p2a: Dachsbun\n|-enditem|p2a: Dachsbun|Rocky Helmet|[from] move: Knock Off|[of] p1a: Mandibuzz\n|\n|-weather|Snow|[upkeep]\n|upkeep\n|turn|10\n|inactive|Strong Lea has 270 seconds left.\n|inactive|matze_m has 240 seconds left.\n|\n|t:|1700927052\n|switch|p2a: Annihilape|Annihilape, F|93\/100\n|switch|p1a: Arcanine|Arcanine, F|100\/100\n|\n|-weather|none\n|upkeep\n|turn|11\n|inactive|matze_m has 240 seconds left.\n|\n|t:|1700927080\n|switch|p2a: Dachsbun|Dachsbun, M|91\/100\n|move|p1a: Arcanine|Psychic Fangs|p2a: Dachsbun\n|-damage|p2a: Dachsbun|74\/100\n|\n|upkeep\n|turn|12\n|\n|t:|1700927091\n|switch|p1a: Mudsdale|Mudsdale, F|100\/100\n|switch|p2a: Thundurus|Thundurus, M|77\/100\n|\n|upkeep\n|turn|13\n|\n|t:|1700927108\n|move|p2a: Thundurus|Grass Knot|p1a: Mudsdale\n|-supereffective|p1a: Mudsdale\n|-crit|p1a: Mudsdale\n|-damage|p1a: Mudsdale|0 fnt\n|-damage|p2a: Thundurus|60\/100|[from] item: Rocky Helmet|[of] p1a: Mudsdale\n|faint|p1a: Mudsdale\n|\n|upkeep\n|c|\u2606Strong Lea|sorry\n|inactive|matze_m has 210 seconds left.\n|\n|t:|1700927145\n|switch|p1a: Arcanine|Arcanine, F|100\/100\n|turn|14\n|\n|t:|1700927156\n|switch|p2a: Dachsbun|Dachsbun, M|74\/100\n|switch|p1a: Rillaboom|Rillaboom, F|100\/100\n|-fieldstart|move: Grassy Terrain|[from] ability: Grassy Surge|[of] p1a: Rillaboom\n|\n|-heal|p2a: Dachsbun|80\/100|[from] Grassy Terrain\n|upkeep\n|turn|15\n|\n|t:|1700927168\n|move|p2a: Dachsbun|Protect|p2a: Dachsbun\n|-singleturn|p2a: Dachsbun|Protect\n|move|p1a: Rillaboom|Grassy Glide|p2a: Dachsbun\n|-activate|p2a: Dachsbun|move: Protect\n|\n|-heal|p2a: Dachsbun|86\/100|[from] Grassy Terrain\n|upkeep\n|turn|16\n|inactive|matze_m has 210 seconds left.\n|\n|t:|1700927195\n|switch|p1a: Mew|Mew|22\/100\n|move|p2a: Dachsbun|Wish|p2a: Dachsbun\n|\n|-heal|p2a: Dachsbun|92\/100|[from] Grassy Terrain\n|-heal|p1a: Mew|28\/100|[from] Grassy Terrain\n|-heal|p1a: Mew|35\/100|[from] item: Leftovers\n|upkeep\n|turn|17\n|\n|t:|1700927214\n|switch|p2a: Thundurus|Thundurus, M|60\/100\n|move|p1a: Mew|Shadow Ball|p2a: Thundurus\n|-damage|p2a: Thundurus|35\/100\n|\n|-heal|p2a: Thundurus|87\/100|[from] move: Wish|[wisher] Dachsbun\n|-heal|p1a: Mew|41\/100|[from] Grassy Terrain\n|-heal|p1a: Mew|47\/100|[from] item: Leftovers\n|upkeep\n|turn|18\n|\n|t:|1700927234\n|switch|p1a: Arcanine|Arcanine, F|100\/100\n|move|p2a: Thundurus|Thunderbolt|p1a: Arcanine\n|-damage|p1a: Arcanine|21\/100\n|\n|-heal|p1a: Arcanine|27\/100|[from] Grassy Terrain\n|-fieldend|move: Grassy Terrain\n|upkeep\n|turn|19\n|inactive|matze_m has 180 seconds left.\n|\n|t:|1700927251\n|switch|p1a: Rillaboom|Rillaboom, F|100\/100\n|-fieldstart|move: Grassy Terrain|[from] ability: Grassy Surge|[of] p1a: Rillaboom\n|move|p2a: Thundurus|Thunderbolt|p1a: Rillaboom\n|-resisted|p1a: Rillaboom\n|-damage|p1a: Rillaboom|54\/100\n|\n|-heal|p1a: Rillaboom|60\/100|[from] Grassy Terrain\n|upkeep\n|turn|20\n|inactive|matze_m has 180 seconds left.\n|\n|t:|1700927270\n|switch|p2a: Salazzle|Salazzle, F|100\/100\n|move|p1a: Rillaboom|Grassy Glide|p2a: Salazzle\n|-resisted|p2a: Salazzle\n|-damage|p2a: Salazzle|78\/100\n|\n|-heal|p2a: Salazzle|84\/100|[from] Grassy Terrain\n|-heal|p2a: Salazzle|90\/100|[from] item: Black Sludge\n|-heal|p1a: Rillaboom|66\/100|[from] Grassy Terrain\n|upkeep\n|turn|21\n|inactive|matze_m has 180 seconds left.\n|\n|t:|1700927303\n|switch|p1a: Dragapult|Dragapult, F|100\/100\n|move|p2a: Salazzle|Substitute|p2a: Salazzle\n|-start|p2a: Salazzle|Substitute\n|-damage|p2a: Salazzle|65\/100\n|\n|-heal|p2a: Salazzle|71\/100|[from] Grassy Terrain\n|-heal|p2a: Salazzle|78\/100|[from] item: Black Sludge\n|upkeep\n|turn|22\n|\n|t:|1700927318\n|switch|p2a: Dachsbun|Dachsbun, M|92\/100\n|move|p1a: Dragapult|Surf|p2a: Dachsbun\n|-damage|p2a: Dachsbun|51\/100\n|-damage|p1a: Dragapult|91\/100|[from] item: Life Orb\n|\n|-heal|p1a: Dragapult|97\/100|[from] Grassy Terrain\n|-heal|p2a: Dachsbun|57\/100|[from] Grassy Terrain\n|upkeep\n|turn|23\n|inactive|Strong Lea has 240 seconds left.\n|\n|t:|1700927359\n|move|p2a: Dachsbun|Protect|p2a: Dachsbun\n|-singleturn|p2a: Dachsbun|Protect\n|move|p1a: Dragapult|Thunder Wave|p2a: Dachsbun\n|-activate|p2a: Dachsbun|move: Protect\n|\n|-heal|p1a: Dragapult|100\/100|[from] Grassy Terrain\n|-heal|p2a: Dachsbun|63\/100|[from] Grassy Terrain\n|-fieldend|move: Grassy Terrain\n|upkeep\n|turn|24\n|\n|t:|1700927372\n|move|p1a: Dragapult|Thunder Wave|p2a: Dachsbun\n|-status|p2a: Dachsbun|par\n|move|p2a: Dachsbun|Play Rough|p1a: Dragapult|[miss]\n|-miss|p2a: Dachsbun|p1a: Dragapult\n|\n|upkeep\n|turn|25\n|\n|t:|1700927379\n|switch|p2a: Dudunsparce|Dudunsparce, F|100\/100\n|move|p1a: Dragapult|Hex|p2a: Dudunsparce\n|-immune|p2a: Dudunsparce\n|\n|upkeep\n|turn|26\n|\n|t:|1700927388\n|switch|p1a: Arcanine|Arcanine, F|27\/100\n|move|p2a: Dudunsparce|Stealth Rock|p1a: Arcanine\n|-sidestart|p1: matze_m|move: Stealth Rock\n|\n|upkeep\n|turn|27\n|inactive|matze_m has 180 seconds left.\n|\n|t:|1700927422\n|switch|p1a: Dragapult|Dragapult, F|100\/100\n|-damage|p1a: Dragapult|88\/100|[from] Stealth Rock\n|switch|p2a: Dachsbun|Dachsbun, M|63\/100 par\n|\n|upkeep\n|turn|28\n|inactive|matze_m has 150 seconds left.\n|inactive|Strong Lea has 240 seconds left.\n|inactive|matze_m has 120 seconds left.\n|inactiveoff|Battle timer is now OFF.\n|\n|t:|1700927472\n|switch|p2a: Dudunsparce|Dudunsparce, F|100\/100\n|move|p1a: Dragapult|Hex|p2a: Dudunsparce\n|-immune|p2a: Dudunsparce\n|\n|upkeep\n|turn|29\n|c|\u2606Strong Lea|Kein Stress\n|\n|t:|1700927484\n|move|p1a: Dragapult|Thunder Wave|p2a: Dudunsparce\n|-status|p2a: Dudunsparce|par\n|move|p2a: Dudunsparce|Dragon Tail|p1a: Dragapult\n|-supereffective|p1a: Dragapult\n|-damage|p1a: Dragapult|51\/100\n|drag|p1a: Arcanine|Arcanine, F|27\/100\n|\n|upkeep\n|turn|30\n|\n|t:|1700927495\n|switch|p1a: Rillaboom|Rillaboom, F|66\/100\n|-damage|p1a: Rillaboom|54\/100|[from] Stealth Rock\n|-fieldstart|move: Grassy Terrain|[from] ability: Grassy Surge|[of] p1a: Rillaboom\n|switch|p2a: Dachsbun|Dachsbun, M|63\/100 par\n|\n|-heal|p1a: Rillaboom|60\/100|[from] Grassy Terrain\n|-heal|p2a: Dachsbun|69\/100 par|[from] Grassy Terrain\n|upkeep\n|turn|31\n|\n|t:|1700927563\n|move|p2a: Dachsbun|Protect|p2a: Dachsbun\n|-singleturn|p2a: Dachsbun|Protect\n|move|p1a: Rillaboom|High Horsepower|p2a: Dachsbun\n|-activate|p2a: Dachsbun|move: Protect\n|\n|-heal|p1a: Rillaboom|66\/100|[from] Grassy Terrain\n|-heal|p2a: Dachsbun|75\/100 par|[from] Grassy Terrain\n|upkeep\n|turn|32\n|\n|t:|1700927571\n|switch|p2a: Thundurus|Thundurus, M|87\/100\n|move|p1a: Rillaboom|High Horsepower|p2a: Thundurus\n|-immune|p2a: Thundurus\n|\n|-heal|p1a: Rillaboom|72\/100|[from] Grassy Terrain\n|upkeep\n|turn|33\n|\n|t:|1700927619\n|switch|p1a: Arcanine|Arcanine, F|27\/100\n|move|p2a: Thundurus|Volt Switch|p1a: Arcanine\n|-damage|p1a: Arcanine|0 fnt\n|faint|p1a: Arcanine\n|\n|t:|1700927635\n|switch|p2a: Annihilape|Annihilape, F|93\/100|[from] Volt Switch\n|\n|-heal|p2a: Annihilape|99\/100|[from] Grassy Terrain\n|upkeep\n|\n|t:|1700927645\n|switch|p1a: Mew|Mew|47\/100\n|-damage|p1a: Mew|35\/100|[from] Stealth Rock\n|turn|34\n|\n|t:|1700927673\n|switch|p1a: Mandibuzz|Mandibuzz, F|84\/100\n|move|p2a: Annihilape|Rage Fist|p1a: Mandibuzz\n|-resisted|p1a: Mandibuzz\n|-damage|p1a: Mandibuzz|69\/100\n|\n|-heal|p2a: Annihilape|100\/100|[from] Grassy Terrain\n|-fieldend|move: Grassy Terrain\n|upkeep\n|turn|35\n|\n|t:|1700927684\n|switch|p2a: Thundurus|Thundurus, M|87\/100\n|move|p1a: Mandibuzz|Knock Off|p2a: Thundurus\n|-damage|p2a: Thundurus|54\/100\n|-enditem|p2a: Thundurus|Choice Specs|[from] move: Knock Off|[of] p1a: Mandibuzz\n|\n|upkeep\n|turn|36\n|\n|t:|1700927708\n|switch|p1a: Rillaboom|Rillaboom, F|72\/100\n|-damage|p1a: Rillaboom|60\/100|[from] Stealth Rock\n|-fieldstart|move: Grassy Terrain|[from] ability: Grassy Surge|[of] p1a: Rillaboom\n|move|p2a: Thundurus|Thunderbolt|p1a: Rillaboom\n|-resisted|p1a: Rillaboom\n|-damage|p1a: Rillaboom|28\/100\n|\n|-heal|p1a: Rillaboom|34\/100|[from] Grassy Terrain\n|upkeep\n|turn|37\n|\n|t:|1700927724\n|move|p1a: Rillaboom|Grassy Glide|p2a: Thundurus\n|-resisted|p2a: Thundurus\n|-damage|p2a: Thundurus|14\/100\n|move|p2a: Thundurus|Dark Pulse|p1a: Rillaboom\n|-damage|p1a: Rillaboom|0 fnt\n|faint|p1a: Rillaboom\n|\n|upkeep\n|\n|t:|1700927735\n|switch|p1a: Dragapult|Dragapult, F|51\/100\n|-damage|p1a: Dragapult|38\/100|[from] Stealth Rock\n|turn|38\n|\n|t:|1700927743\n|switch|p2a: Dudunsparce|Dudunsparce, F|100\/100 par\n|move|p1a: Dragapult|Surf|p2a: Dudunsparce\n|-damage|p2a: Dudunsparce|80\/100 par\n|-damage|p1a: Dragapult|29\/100|[from] item: Life Orb\n|\n|-heal|p1a: Dragapult|35\/100|[from] Grassy Terrain\n|-heal|p2a: Dudunsparce|86\/100 par|[from] Grassy Terrain\n|-heal|p2a: Dudunsparce|92\/100 par|[from] item: Leftovers\n|upkeep\n|turn|39\n|\n|t:|1700927754\n|move|p1a: Dragapult|Flamethrower|p2a: Dudunsparce\n|-damage|p2a: Dudunsparce|68\/100 par\n|-damage|p1a: Dragapult|25\/100|[from] item: Life Orb\n|cant|p2a: Dudunsparce|par\n|\n|-heal|p1a: Dragapult|31\/100|[from] Grassy Terrain\n|-heal|p2a: Dudunsparce|75\/100 par|[from] Grassy Terrain\n|-heal|p2a: Dudunsparce|81\/100 par|[from] item: Leftovers\n|upkeep\n|turn|40\n|\n|t:|1700927764\n|move|p1a: Dragapult|Surf|p2a: Dudunsparce\n|-damage|p2a: Dudunsparce|57\/100 par\n|-damage|p1a: Dragapult|21\/100|[from] item: Life Orb\n|cant|p2a: Dudunsparce|par\n|\n|-heal|p1a: Dragapult|27\/100|[from] Grassy Terrain\n|-heal|p2a: Dudunsparce|63\/100 par|[from] Grassy Terrain\n|-heal|p2a: Dudunsparce|69\/100 par|[from] item: Leftovers\n|-fieldend|move: Grassy Terrain\n|upkeep\n|turn|41\n|\n|t:|1700927776\n|switch|p1a: Mandibuzz|Mandibuzz, F|69\/100\n|move|p2a: Dudunsparce|Roost|p2a: Dudunsparce\n|-heal|p2a: Dudunsparce|100\/100 par\n|-singleturn|p2a: Dudunsparce|move: Roost\n|\n|upkeep\n|turn|42\n|\n|t:|1700927787\n|switch|p2a: Annihilape|Annihilape, F|100\/100\n|move|p1a: Mandibuzz|Knock Off|p2a: Annihilape\n|-damage|p2a: Annihilape|76\/100\n|-enditem|p2a: Annihilape|Choice Scarf|[from] move: Knock Off|[of] p1a: Mandibuzz\n|\n|upkeep\n|turn|43\n|\n|t:|1700927807\n|move|p2a: Annihilape|Stone Edge|p1a: Mandibuzz\n|-supereffective|p1a: Mandibuzz\n|-crit|p1a: Mandibuzz\n|-damage|p1a: Mandibuzz|13\/100\n|move|p1a: Mandibuzz|U-turn|p2a: Annihilape\n|-resisted|p2a: Annihilape\n|-damage|p2a: Annihilape|73\/100\n|\n|t:|1700927821\n|switch|p1a: Mew|Mew|35\/100|[from] U-turn\n|-damage|p1a: Mew|22\/100|[from] Stealth Rock\n|\n|-heal|p1a: Mew|28\/100|[from] item: Leftovers\n|upkeep\n|turn|44\n|\n|t:|1700927846\n|switch|p2a: Slowking|Slowking, F|100\/100 par\n|move|p1a: Mew|Shadow Ball|p2a: Slowking\n|-supereffective|p2a: Slowking\n|-damage|p2a: Slowking|78\/100 par\n|\n|-heal|p1a: Mew|35\/100|[from] item: Leftovers\n|upkeep\n|turn|45\n|\n|t:|1700927855\n|move|p1a: Mew|Volt Switch|p2a: Slowking\n|-supereffective|p2a: Slowking\n|-damage|p2a: Slowking|57\/100 par\n|\n|t:|1700927859\n|switch|p1a: Dragapult|Dragapult, F|27\/100|[from] Volt Switch\n|-damage|p1a: Dragapult|15\/100|[from] Stealth Rock\n|cant|p2a: Slowking|par\n|\n|upkeep\n|turn|46\n|\n|t:|1700927868\n|switch|p2a: Dudunsparce|Dudunsparce, F|100\/100 par\n|move|p1a: Dragapult|Hex|p2a: Dudunsparce\n|-immune|p2a: Dudunsparce\n|\n|upkeep\n|turn|47\n|\n|t:|1700927877\n|move|p1a: Dragapult|Surf|p2a: Dudunsparce\n|-damage|p2a: Dudunsparce|80\/100 par\n|-damage|p1a: Dragapult|5\/100|[from] item: Life Orb\n|move|p2a: Dudunsparce|Dragon Tail|p1a: Dragapult\n|-supereffective|p1a: Dragapult\n|-damage|p1a: Dragapult|0 fnt\n|faint|p1a: Dragapult\n|\n|-heal|p2a: Dudunsparce|86\/100 par|[from] item: Leftovers\n|upkeep\n|\n|t:|1700927886\n|switch|p1a: Mandibuzz|Mandibuzz, F|13\/100\n|turn|48\n|c|\u2606matze_m|gg\n|\n|t:|1700927892\n|move|p1a: Mandibuzz|Knock Off|p2a: Dudunsparce\n|-damage|p2a: Dudunsparce|65\/100 par\n|-enditem|p2a: Dudunsparce|Leftovers|[from] move: Knock Off|[of] p1a: Mandibuzz\n|move|p2a: Dudunsparce|Body Slam|p1a: Mandibuzz\n|-damage|p1a: Mandibuzz|0 fnt\n|faint|p1a: Mandibuzz\n|\n|upkeep\n|\n|t:|1700927899\n|switch|p1a: Mew|Mew|35\/100\n|-damage|p1a: Mew|22\/100|[from] Stealth Rock\n|turn|49\n|\n|t:|1700927905\n|move|p1a: Mew|Volt Switch|p2a: Dudunsparce\n|-damage|p2a: Dudunsparce|55\/100 par\n|move|p2a: Dudunsparce|Body Slam|p1a: Mew\n|-damage|p1a: Mew|0 fnt\n|faint|p1a: Mew\n|\n|win|Strong Lea\n|c|\u2606Strong Lea|gg!\n|l|\u2606matze_m\n|j|\u2606matze_m\n|player|p1|matze_m|lance\n|l|\u2606matze_m\n|player|p1|\n","uploadtime":1700927912,"views":10,"p1id":"matzem","p2id":"stronglea","formatid":"gen9anythinggoes","rating":0,"private":0,"password":""}