{"id":"gen9anythinggoes-1998893326","p1":"Mails' Hoodie","p2":"Emily Bodoo","format":"[Gen 9] Anything Goes","log":"|j|\u2606Mails' Hoodie\n|j|\u2606Emily Bodoo\n|t:|1701009656\n|gametype|singles\n|player|p1|Mails' Hoodie|brycen|1144\n|player|p2|Emily Bodoo|iris|1302\n|teamsize|p1|6\n|teamsize|p2|6\n|gen|9\n|tier|[Gen 9] Anything Goes\n|rated|\n|rule|HP Percentage Mod: HP is shown in percentages\n|rule|Endless Battle Clause: Forcing endless battles is banned\n|clearpoke\n|poke|p1|Pawmot, F|\n|poke|p1|Pawmot, F|\n|poke|p1|Pawmot, F|\n|poke|p1|Pawmot, F|\n|poke|p1|Pawmot, F|\n|poke|p1|Zacian-*|\n|poke|p2|Weezing, M|\n|poke|p2|Arceus|\n|poke|p2|Snorlax, M|\n|poke|p2|Mudsdale, M|\n|poke|p2|Mismagius, M|\n|poke|p2|Dusknoir, M|\n|teampreview\n|\n|t:|1701009671\n|start\n|switch|p1a: Zacian|Zacian-Crowned, shiny|100\/100\n|switch|p2a: Dusknoir|Dusknoir, M|100\/100\n|-ability|p1a: Zacian|Intrepid Sword|boost\n|-boost|p1a: Zacian|atk|1\n|-item|p1a: Zacian|Rusted Sword|[from] ability: Frisk|[of] p2a: Dusknoir|[identify]\n|turn|1\n|\n|t:|1701009682\n|move|p1a: Zacian|Behemoth Blade|p2a: Dusknoir\n|-damage|p2a: Dusknoir|26\/100\n|move|p2a: Dusknoir|Trick Room|p2a: Dusknoir\n|-fieldstart|move: Trick Room|[of] p2a: Dusknoir\n|\n|upkeep\n|turn|2\n|\n|t:|1701009694\n|move|p2a: Dusknoir|Destiny Bond|p2a: Dusknoir\n|-singlemove|p2a: Dusknoir|Destiny Bond\n|move|p1a: Zacian|Play Rough|p2a: Dusknoir\n|-crit|p2a: Dusknoir\n|-damage|p2a: Dusknoir|0 fnt\n|faint|p2a: Dusknoir\n|-activate|p2a: Dusknoir|move: Destiny Bond\n|faint|p1a: Zacian\n|\n|upkeep\n|\n|t:|1701009702\n|switch|p2a: Mudsdale|Mudsdale, M|100\/100\n|switch|p1a: Pawmot|Pawmot, F, shiny|100\/100\n|turn|3\n|inactive|Battle timer is ON: inactive players will automatically lose when time's up. (requested by Mails' Hoodie)\n|\n|t:|1701009708\n|move|p2a: Mudsdale|Earthquake|p1a: Pawmot\n|-supereffective|p1a: Pawmot\n|-crit|p1a: Pawmot\n|-damage|p1a: Pawmot|0 fnt\n|faint|p1a: Pawmot\n|\n|upkeep\n|\n|t:|1701009719\n|switch|p1a: Pawmot|Pawmot, F, shiny|100\/100\n|turn|4\n|\n|t:|1701009724\n|-terastallize|p1a: Pawmot|Ice\n|move|p2a: Mudsdale|Earthquake|p1a: Pawmot\n|-damage|p1a: Pawmot|31\/100\n|move|p1a: Pawmot|Revival Blessing|p1a: Pawmot\n|\n|t:|1701009728\n|-heal|p1: Zacian|50\/100|[from] move: Revival Blessing\n|\n|upkeep\n|turn|5\n|\n|t:|1701009732\n|move|p2a: Mudsdale|Earthquake|p1a: Pawmot\n|-damage|p1a: Pawmot|0 fnt\n|faint|p1a: Pawmot\n|\n|-fieldend|move: Trick Room\n|upkeep\n|\n|t:|1701009736\n|switch|p1a: Zacian|Zacian-Crowned, shiny|50\/100\n|turn|6\n|\n|t:|1701009740\n|move|p1a: Zacian|Behemoth Blade|p2a: Mudsdale\n|-damage|p2a: Mudsdale|62\/100\n|-ability|p2a: Mudsdale|Stamina|boost\n|-boost|p2a: Mudsdale|def|1\n|move|p2a: Mudsdale|Earthquake|p1a: Zacian\n|-supereffective|p1a: Zacian\n|-damage|p1a: Zacian|0 fnt\n|faint|p1a: Zacian\n|\n|-heal|p2a: Mudsdale|68\/100|[from] item: Leftovers\n|upkeep\n|\n|t:|1701009743\n|switch|p1a: Pawmot|Pawmot, F, shiny|100\/100\n|turn|7\n|\n|t:|1701009752\n|move|p1a: Pawmot|Revival Blessing|p1a: Pawmot\n|\n|t:|1701009758\n|-heal|p1: Pawmot|50\/100|[from] move: Revival Blessing\n|move|p2a: Mudsdale|Earthquake|p1a: Pawmot\n|-supereffective|p1a: Pawmot\n|-damage|p1a: Pawmot|0 fnt\n|faint|p1a: Pawmot\n|\n|-heal|p2a: Mudsdale|74\/100|[from] item: Leftovers\n|upkeep\n|\n|t:|1701009761\n|switch|p1a: Pawmot|Pawmot, F, shiny|50\/100\n|turn|8\n|\n|t:|1701009769\n|move|p1a: Pawmot|Revival Blessing|p1a: Pawmot\n|\n|t:|1701009770\n|-heal|p1: Zacian|50\/100|[from] move: Revival Blessing\n|move|p2a: Mudsdale|Earthquake|p1a: Pawmot\n|-supereffective|p1a: Pawmot\n|-damage|p1a: Pawmot|0 fnt\n|faint|p1a: Pawmot\n|\n|-heal|p2a: Mudsdale|80\/100|[from] item: Leftovers\n|upkeep\n|\n|t:|1701009775\n|switch|p1a: Zacian|Zacian-Crowned, shiny|50\/100\n|turn|9\n|\n|t:|1701009782\n|move|p1a: Zacian|Play Rough|p2a: Mudsdale\n|-damage|p2a: Mudsdale|55\/100\n|-ability|p2a: Mudsdale|Stamina|boost\n|-boost|p2a: Mudsdale|def|1\n|move|p2a: Mudsdale|Earthquake|p1a: Zacian\n|-supereffective|p1a: Zacian\n|-damage|p1a: Zacian|0 fnt\n|faint|p1a: Zacian\n|\n|-heal|p2a: Mudsdale|61\/100|[from] item: Leftovers\n|upkeep\n|\n|t:|1701009791\n|switch|p1a: Pawmot|Pawmot, F, shiny|100\/100\n|turn|10\n|\n|t:|1701009794\n|move|p1a: Pawmot|Mach Punch|p2a: Mudsdale\n|-damage|p2a: Mudsdale|53\/100\n|-ability|p2a: Mudsdale|Stamina|boost\n|-boost|p2a: Mudsdale|def|1\n|move|p2a: Mudsdale|Earthquake|p1a: Pawmot\n|-supereffective|p1a: Pawmot\n|-damage|p1a: Pawmot|0 fnt\n|faint|p1a: Pawmot\n|\n|-heal|p2a: Mudsdale|59\/100|[from] item: Leftovers\n|upkeep\n|\n|t:|1701009797\n|switch|p1a: Pawmot|Pawmot, F, shiny|100\/100\n|turn|11\n|\n|t:|1701009805\n|move|p1a: Pawmot|Revival Blessing|p1a: Pawmot\n|\n|t:|1701009808\n|-heal|p1: Zacian|50\/100|[from] move: Revival Blessing\n|move|p2a: Mudsdale|Earthquake|p1a: Pawmot\n|-supereffective|p1a: Pawmot\n|-damage|p1a: Pawmot|0 fnt\n|faint|p1a: Pawmot\n|\n|-heal|p2a: Mudsdale|65\/100|[from] item: Leftovers\n|upkeep\n|\n|t:|1701009810\n|switch|p1a: Zacian|Zacian-Crowned, shiny|50\/100\n|turn|12\n|\n|t:|1701009817\n|move|p1a: Zacian|Close Combat|p2a: Mudsdale\n|-damage|p2a: Mudsdale|50\/100\n|-unboost|p1a: Zacian|def|1\n|-unboost|p1a: Zacian|spd|1\n|-ability|p2a: Mudsdale|Stamina|boost\n|-boost|p2a: Mudsdale|def|1\n|move|p2a: Mudsdale|Earthquake|p1a: Zacian\n|-supereffective|p1a: Zacian\n|-damage|p1a: Zacian|0 fnt\n|faint|p1a: Zacian\n|\n|win|Emily Bodoo\n|raw|Mails&apos; Hoodie's rating: 1144 &rarr; <strong>1130<\/strong><br \/>(-14 for losing)\n|raw|Emily Bodoo's rating: 1302 &rarr; <strong>1313<\/strong><br \/>(+11 for winning)\n|l|\u2606Mails' Hoodie\n","uploadtime":1701009834,"views":3,"p1id":"mailshoodie","p2id":"emilybodoo","formatid":"gen9anythinggoes","rating":1130,"private":0,"password":""}