{"id":"gen9anythinggoes-1979016299","p1":"ThatStrangerGuy","p2":"Ghhfgffyvxd","format":"[Gen 9] Anything Goes","log":"|j|\u2606ThatStrangerGuy\n|j|\u2606Ghhfgffyvxd\n|t:|1698621514\n|gametype|singles\n|player|p1|ThatStrangerGuy|170|1031\n|player|p2|Ghhfgffyvxd|blackbelt-gen4dp|1000\n|teamsize|p1|6\n|teamsize|p2|6\n|gen|9\n|tier|[Gen 9] Anything Goes\n|rated|\n|rule|HP Percentage Mod: HP is shown in percentages\n|rule|Endless Battle Clause: Forcing endless battles is banned\n|clearpoke\n|poke|p1|Rayquaza|\n|poke|p1|Palkia-Origin|\n|poke|p1|Eternatus|\n|poke|p1|Zamazenta-*|\n|poke|p1|Darkrai|\n|poke|p1|Moltres|\n|poke|p2|Zoroark-Hisui, M|\n|poke|p2|Breloom, M|\n|poke|p2|Gyarados, M|\n|poke|p2|Kyogre|\n|poke|p2|Regidrago|\n|poke|p2|Miraidon|\n|teampreview\n|c|\u2606ThatStrangerGuy|wsg\n|c|\u2606ThatStrangerGuy|u like wat u see?\n|inactive|Battle timer is ON: inactive players will automatically lose when time's up. (requested by Ghhfgffyvxd)\n|\n|t:|1698621574\n|start\n|switch|p1a: Palkia|Palkia-Origin|100\/100\n|switch|p2a: Gyarados|Gyarados, M, shiny|100\/100\n|-ability|p1a: Palkia|Pressure\n|turn|1\n|\n|t:|1698621594\n|move|p1a: Palkia|Thunderbolt|p2a: Gyarados\n|-damage|p2a: Gyarados|38\/100\n|replace|p2a: Zoroark|Zoroark-Hisui, M, shiny\n|-end|p2a: Zoroark|Illusion\n|move|p2a: Zoroark|Knock Off|p1a: Palkia\n|-damage|p1a: Palkia|84\/100\n|\n|-heal|p2a: Zoroark|44\/100|[from] item: Leftovers\n|upkeep\n|turn|2\n|\n|t:|1698621605\n|move|p1a: Palkia|Spacial Rend|p2a: Zoroark\n|-crit|p2a: Zoroark\n|-damage|p2a: Zoroark|0 fnt\n|faint|p2a: Zoroark\n|\n|upkeep\n|\n|t:|1698621613\n|switch|p2a: Breloom|Breloom, M|100\/100\n|turn|3\n|\n|t:|1698621619\n|move|p1a: Palkia|Fire Blast|p2a: Breloom\n|-supereffective|p2a: Breloom\n|-damage|p2a: Breloom|0 fnt\n|faint|p2a: Breloom\n|\n|upkeep\n|\n|t:|1698621626\n|switch|p2a: Gyarados|Gyarados, M, shiny|100\/100\n|-ability|p2a: Gyarados|Intimidate|boost\n|-unboost|p1a: Palkia|atk|1\n|turn|4\n|\n|t:|1698621634\n|move|p1a: Palkia|Thunderbolt|p2a: Gyarados\n|-supereffective|p2a: Gyarados\n|-damage|p2a: Gyarados|0 fnt\n|faint|p2a: Gyarados\n|\n|upkeep\n|\n|t:|1698621641\n|switch|p2a: Miraidon|Miraidon|100\/100\n|-fieldstart|move: Electric Terrain|[from] ability: Hadron Engine|[of] p2a: Miraidon\n|turn|5\n|\n|t:|1698621648\n|move|p1a: Palkia|Spacial Rend|p2a: Miraidon\n|-supereffective|p2a: Miraidon\n|-damage|p2a: Miraidon|0 fnt\n|faint|p2a: Miraidon\n|\n|upkeep\n|\n|t:|1698621654\n|switch|p2a: Regidrago|Regidrago, shiny|100\/100\n|turn|6\n|\n|t:|1698621665\n|move|p1a: Palkia|Spacial Rend|p2a: Regidrago\n|-supereffective|p2a: Regidrago\n|-damage|p2a: Regidrago|0 fnt\n|faint|p2a: Regidrago\n|\n|upkeep\n|\n|t:|1698621671\n|switch|p2a: Kyogre|Kyogre, shiny|100\/100\n|-weather|RainDance|[from] ability: Drizzle|[of] p2a: Kyogre\n|turn|7\n|\n|t:|1698621677\n|move|p1a: Palkia|Thunderbolt|p2a: Kyogre\n|-supereffective|p2a: Kyogre\n|-damage|p2a: Kyogre|43\/100\n|-status|p2a: Kyogre|par\n|move|p2a: Kyogre|Hydro Pump|p1a: Palkia|[miss]\n|-miss|p2a: Kyogre|p1a: Palkia\n|\n|-weather|RainDance|[upkeep]\n|-heal|p2a: Kyogre|49\/100 par|[from] item: Leftovers\n|upkeep\n|turn|8\n|\n|t:|1698621692\n|-terastallize|p2a: Kyogre|Water\n|move|p1a: Palkia|Thunderbolt|p2a: Kyogre\n|-supereffective|p2a: Kyogre\n|-damage|p2a: Kyogre|0 fnt\n|faint|p2a: Kyogre\n|\n|win|ThatStrangerGuy\n|raw|ThatStrangerGuy's rating: 1031 &rarr; <strong>1063<\/strong><br \/>(+32 for winning)\n|raw|Ghhfgffyvxd's rating: 1000 &rarr; <strong>1000<\/strong><br \/>(+0 for losing)\n|c|\u2606ThatStrangerGuy|GG\n|l|\u2606Ghhfgffyvxd\n","uploadtime":1698621704,"views":6,"p1id":"thatstrangerguy","p2id":"ghhfgffyvxd","formatid":"gen9anythinggoes","rating":1000,"private":0,"password":""}