{"id":"gen9anythinggoes-1989337118","p1":"Nuwyrm","p2":"Salty Oshuwatt","format":"[Gen 9] Anything Goes","log":"|j|\u2606Nuwyrm\n|j|\u2606Salty Oshuwatt\n|t:|1699837918\n|gametype|singles\n|player|p1|Nuwyrm|larry|\n|player|p2|Salty Oshuwatt|clown|\n|teamsize|p1|6\n|teamsize|p2|6\n|gen|9\n|tier|[Gen 9] Anything Goes\n|rule|HP Percentage Mod: HP is shown in percentages\n|rule|Endless Battle Clause: Forcing endless battles is banned\n|clearpoke\n|poke|p1|Walking Wake|\n|poke|p1|Great Tusk|\n|poke|p1|Bellibolt, M|\n|poke|p1|Arcanine-Hisui, F|\n|poke|p1|Sylveon, M|\n|poke|p1|Qwilfish-Hisui, M|\n|poke|p2|Ninetales-Alola, F|\n|poke|p2|Annihilape, M|\n|poke|p2|Ursaluna-Bloodmoon, M|\n|poke|p2|Heatran, F|\n|poke|p2|Cyclizar, F|\n|poke|p2|Dudunsparce-*, M|\n|teampreview\n|j| FLOOR IT\n|\n|t:|1699837950\n|start\n|switch|p1a: LANDO TUSK|Great Tusk|100\/100\n|switch|p2a: Ninetales|Ninetales-Alola, F|100\/100\n|-weather|Snow|[from] ability: Snow Warning|[of] p2a: Ninetales\n|-enditem|p1a: LANDO TUSK|Booster Energy\n|-activate|p1a: LANDO TUSK|ability: Protosynthesis|[fromitem]\n|-start|p1a: LANDO TUSK|protosynthesisspe\n|turn|1\n|\n|t:|1699837967\n|move|p1a: LANDO TUSK|Rock Slide|p2a: Ninetales\n|-supereffective|p2a: Ninetales\n|-damage|p2a: Ninetales|62\/100\n|move|p2a: Ninetales|Aurora Veil|p2a: Ninetales\n|-sidestart|p2: Salty Oshuwatt|move: Aurora Veil\n|\n|-weather|Snow|[upkeep]\n|upkeep\n|turn|2\n|\n|t:|1699837974\n|move|p1a: LANDO TUSK|Brick Break|p2a: Ninetales\n|-sideend|p2: Salty Oshuwatt|move: Aurora Veil\n|-damage|p2a: Ninetales|33\/100\n|move|p2a: Ninetales|Moonblast|p1a: LANDO TUSK\n|-supereffective|p1a: LANDO TUSK\n|-damage|p1a: LANDO TUSK|25\/100\n|\n|-weather|Snow|[upkeep]\n|upkeep\n|turn|3\n|\n|t:|1699837987\n|switch|p2a: Annihilape|Annihilape, M|100\/100\n|move|p1a: LANDO TUSK|Rock Slide|p2a: Annihilape\n|-resisted|p2a: Annihilape\n|-damage|p2a: Annihilape|90\/100\n|\n|-weather|Snow|[upkeep]\n|upkeep\n|turn|4\n|\n|t:|1699838004\n|-end|p1a: LANDO TUSK|Protosynthesis|[silent]\n|switch|p1a: BARBER|Qwilfish-Hisui, M|100\/100\n|-ability|p1a: BARBER|Intimidate|boost\n|-unboost|p2a: Annihilape|atk|1\n|-ability|p2a: Annihilape|Defiant|boost\n|-boost|p2a: Annihilape|atk|2\n|move|p2a: Annihilape|Stealth Rock|p1a: BARBER\n|-sidestart|p1: Nuwyrm|move: Stealth Rock\n|\n|-weather|Snow|[upkeep]\n|upkeep\n|turn|5\n|\n|t:|1699838012\n|move|p1a: BARBER|Toxic|p2a: Annihilape\n|-status|p2a: Annihilape|tox\n|move|p2a: Annihilape|Drain Punch|p1a: BARBER\n|-damage|p1a: BARBER|58\/100\n|-heal|p2a: Annihilape|100\/100 tox|[from] drain|[of] p1a: BARBER\n|\n|-weather|none\n|-damage|p2a: Annihilape|94\/100 tox|[from] psn\n|upkeep\n|turn|6\n|\n|t:|1699838026\n|move|p1a: BARBER|Barb Barrage|p2a: Annihilape\n|-resisted|p2a: Annihilape\n|-damage|p2a: Annihilape|77\/100 tox\n|move|p2a: Annihilape|Bulk Up|p2a: Annihilape\n|-boost|p2a: Annihilape|atk|1\n|-boost|p2a: Annihilape|def|1\n|\n|-damage|p2a: Annihilape|64\/100 tox|[from] psn\n|upkeep\n|turn|7\n|\n|t:|1699838036\n|move|p1a: BARBER|Toxic Spikes|p2a: Annihilape\n|-sidestart|p2: Salty Oshuwatt|move: Toxic Spikes\n|move|p2a: Annihilape|Drain Punch|p1a: BARBER\n|-damage|p1a: BARBER|0 fnt\n|-heal|p2a: Annihilape|94\/100 tox|[from] drain|[of] p1a: BARBER\n|faint|p1a: BARBER\n|\n|-damage|p2a: Annihilape|75\/100 tox|[from] psn\n|upkeep\n|\n|t:|1699838060\n|switch|p1a: NOAHBOZO|Walking Wake|100\/100\n|-damage|p1a: NOAHBOZO|88\/100|[from] Stealth Rock\n|turn|8\n|\n|t:|1699838067\n|move|p1a: NOAHBOZO|Surf|p2a: Annihilape\n|-damage|p2a: Annihilape|6\/100 tox\n|move|p2a: Annihilape|Rage Fist|p1a: NOAHBOZO\n|-damage|p1a: NOAHBOZO|0 fnt\n|faint|p1a: NOAHBOZO\n|-end|p1a: NOAHBOZO|Protosynthesis|[silent]\n|\n|-damage|p2a: Annihilape|0 fnt|[from] psn\n|faint|p2a: Annihilape\n|upkeep\n|l| FLOOR IT\n|c|\u2606Nuwyrm|ok does that count as a Qwilfish kill or Wake?\n|\n|t:|1699838098\n|switch|p1a: BOWOW|Arcanine-Hisui, F|100\/100\n|switch|p2a: Cyclizar|Cyclizar, F|100\/100\n|-damage|p1a: BOWOW|76\/100|[from] Stealth Rock\n|turn|9\n|c|\u2606Salty Oshuwatt|qwilfish i believe\n|\n|t:|1699838119\n|move|p2a: Cyclizar|Rapid Spin|p1a: BOWOW\n|-resisted|p1a: BOWOW\n|-damage|p1a: BOWOW|66\/100\n|-boost|p2a: Cyclizar|spe|1\n|-sideend|p2: Salty Oshuwatt|Toxic Spikes|[from] move: Rapid Spin|[of] p2a: Cyclizar\n|move|p1a: BOWOW|Close Combat|p2a: Cyclizar\n|-supereffective|p2a: Cyclizar\n|-damage|p2a: Cyclizar|2\/100\n|-unboost|p1a: BOWOW|def|1\n|-unboost|p1a: BOWOW|spd|1\n|\n|upkeep\n|turn|10\n|\n|t:|1699838138\n|move|p2a: Cyclizar|Knock Off|p1a: BOWOW\n|-damage|p1a: BOWOW|35\/100\n|-enditem|p1a: BOWOW|Choice Scarf|[from] move: Knock Off|[of] p2a: Cyclizar\n|move|p1a: BOWOW|Close Combat|p2a: Cyclizar\n|-supereffective|p2a: Cyclizar\n|-damage|p2a: Cyclizar|0 fnt\n|-unboost|p1a: BOWOW|def|1\n|-unboost|p1a: BOWOW|spd|1\n|faint|p2a: Cyclizar\n|\n|upkeep\n|\n|t:|1699838155\n|switch|p2a: Ninetales|Ninetales-Alola, F|33\/100\n|-weather|Snow|[from] ability: Snow Warning|[of] p2a: Ninetales\n|turn|11\n|\n|t:|1699838171\n|move|p2a: Ninetales|Aurora Veil|p2a: Ninetales\n|-sidestart|p2: Salty Oshuwatt|move: Aurora Veil\n|move|p1a: BOWOW|Head Smash|p2a: Ninetales\n|-supereffective|p2a: Ninetales\n|-damage|p2a: Ninetales|0 fnt\n|faint|p2a: Ninetales\n|\n|-weather|Snow|[upkeep]\n|upkeep\n|\n|t:|1699838185\n|switch|p2a: Ursaluna|Ursaluna-Bloodmoon, M|100\/100\n|turn|12\n|\n|t:|1699838193\n|-terastallize|p1a: BOWOW|Fighting\n|move|p1a: BOWOW|Close Combat|p2a: Ursaluna\n|-supereffective|p2a: Ursaluna\n|-damage|p2a: Ursaluna|70\/100\n|-unboost|p1a: BOWOW|def|1\n|-unboost|p1a: BOWOW|spd|1\n|move|p2a: Ursaluna|Earth Power|p1a: BOWOW\n|-damage|p1a: BOWOW|0 fnt\n|faint|p1a: BOWOW\n|-heal|p2a: Ursaluna|74\/100|[from] item: Shell Bell|[of] p1: BOWOW\n|\n|-weather|Snow|[upkeep]\n|upkeep\n|\n|t:|1699838205\n|switch|p1a: CRAZY!!!!|Sylveon, M|100\/100\n|-damage|p1a: CRAZY!!!!|88\/100|[from] Stealth Rock\n|turn|13\n|\n|t:|1699838210\n|move|p1a: CRAZY!!!!|Calm Mind|p1a: CRAZY!!!!\n|-boost|p1a: CRAZY!!!!|spa|1\n|-boost|p1a: CRAZY!!!!|spd|1\n|move|p2a: Ursaluna|Calm Mind|p2a: Ursaluna\n|-boost|p2a: Ursaluna|spa|1\n|-boost|p2a: Ursaluna|spd|1\n|\n|-weather|Snow|[upkeep]\n|-heal|p1a: CRAZY!!!!|94\/100|[from] item: Leftovers\n|upkeep\n|turn|14\n|\n|t:|1699838221\n|move|p1a: CRAZY!!!!|Calm Mind|p1a: CRAZY!!!!\n|-boost|p1a: CRAZY!!!!|spa|1\n|-boost|p1a: CRAZY!!!!|spd|1\n|move|p2a: Ursaluna|Blood Moon|p1a: CRAZY!!!!\n|-damage|p1a: CRAZY!!!!|61\/100\n|-heal|p2a: Ursaluna|77\/100|[from] item: Shell Bell|[of] p1a: CRAZY!!!!\n|\n|-weather|Snow|[upkeep]\n|-heal|p1a: CRAZY!!!!|68\/100|[from] item: Leftovers\n|upkeep\n|turn|15\n|\n|t:|1699838230\n|move|p1a: CRAZY!!!!|Calm Mind|p1a: CRAZY!!!!\n|-boost|p1a: CRAZY!!!!|spa|1\n|-boost|p1a: CRAZY!!!!|spd|1\n|move|p2a: Ursaluna|Earth Power|p1a: CRAZY!!!!\n|-damage|p1a: CRAZY!!!!|50\/100\n|-heal|p2a: Ursaluna|79\/100|[from] item: Shell Bell|[of] p1a: CRAZY!!!!\n|\n|-weather|none\n|-heal|p1a: CRAZY!!!!|56\/100|[from] item: Leftovers\n|upkeep\n|turn|16\n|\n|t:|1699838244\n|move|p1a: CRAZY!!!!|Calm Mind|p1a: CRAZY!!!!\n|-boost|p1a: CRAZY!!!!|spa|1\n|-boost|p1a: CRAZY!!!!|spd|1\n|move|p2a: Ursaluna|Calm Mind|p2a: Ursaluna\n|-boost|p2a: Ursaluna|spa|1\n|-boost|p2a: Ursaluna|spd|1\n|\n|-heal|p1a: CRAZY!!!!|62\/100|[from] item: Leftovers\n|upkeep\n|turn|17\n|\n|t:|1699838253\n|move|p1a: CRAZY!!!!|Calm Mind|p1a: CRAZY!!!!\n|-boost|p1a: CRAZY!!!!|spa|1\n|-boost|p1a: CRAZY!!!!|spd|1\n|move|p2a: Ursaluna|Calm Mind|p2a: Ursaluna\n|-boost|p2a: Ursaluna|spa|1\n|-boost|p2a: Ursaluna|spd|1\n|\n|-heal|p1a: CRAZY!!!!|68\/100|[from] item: Leftovers\n|upkeep\n|turn|18\n|\n|t:|1699838261\n|move|p1a: CRAZY!!!!|Calm Mind|p1a: CRAZY!!!!\n|-boost|p1a: CRAZY!!!!|spa|1\n|-boost|p1a: CRAZY!!!!|spd|1\n|move|p2a: Ursaluna|Blood Moon|p1a: CRAZY!!!!\n|-damage|p1a: CRAZY!!!!|40\/100\n|-heal|p2a: Ursaluna|82\/100|[from] item: Shell Bell|[of] p1a: CRAZY!!!!\n|\n|-heal|p1a: CRAZY!!!!|46\/100|[from] item: Leftovers\n|-sideend|p2: Salty Oshuwatt|move: Aurora Veil\n|upkeep\n|turn|19\n|\n|t:|1699838270\n|move|p1a: CRAZY!!!!|Wish|p1a: CRAZY!!!!\n|move|p2a: Ursaluna|Earth Power|p1a: CRAZY!!!!\n|-damage|p1a: CRAZY!!!!|29\/100\n|-heal|p2a: Ursaluna|84\/100|[from] item: Shell Bell|[of] p1a: CRAZY!!!!\n|\n|-heal|p1a: CRAZY!!!!|36\/100|[from] item: Leftovers\n|upkeep\n|turn|20\n|\n|t:|1699838278\n|move|p1a: CRAZY!!!!|Protect|p1a: CRAZY!!!!\n|-singleturn|p1a: CRAZY!!!!|Protect\n|move|p2a: Ursaluna|Calm Mind|p2a: Ursaluna\n|-boost|p2a: Ursaluna|spa|1\n|-boost|p2a: Ursaluna|spd|1\n|\n|-heal|p1a: CRAZY!!!!|86\/100|[from] move: Wish|[wisher] CRAZY!!!!\n|-heal|p1a: CRAZY!!!!|92\/100|[from] item: Leftovers\n|upkeep\n|turn|21\n|\n|t:|1699838291\n|move|p1a: CRAZY!!!!|Hyper Voice|p2a: Ursaluna\n|-damage|p2a: Ursaluna|24\/100\n|move|p2a: Ursaluna|Blood Moon|p1a: CRAZY!!!!\n|-damage|p1a: CRAZY!!!!|62\/100\n|-heal|p2a: Ursaluna|27\/100|[from] item: Shell Bell|[of] p1a: CRAZY!!!!\n|\n|-heal|p1a: CRAZY!!!!|68\/100|[from] item: Leftovers\n|upkeep\n|turn|22\n|\n|t:|1699838299\n|move|p1a: CRAZY!!!!|Hyper Voice|p2a: Ursaluna\n|-damage|p2a: Ursaluna|0 fnt\n|faint|p2a: Ursaluna\n|\n|-heal|p1a: CRAZY!!!!|74\/100|[from] item: Leftovers\n|upkeep\n|\n|t:|1699838304\n|switch|p2a: Heatran|Heatran, F|100\/100\n|turn|23\n|\n|t:|1699838329\n|move|p2a: Heatran|Magma Storm|p1a: CRAZY!!!!\n|-damage|p1a: CRAZY!!!!|64\/100\n|-activate|p1a: CRAZY!!!!|move: Magma Storm|[of] p2a: Heatran\n|move|p1a: CRAZY!!!!|Wish|p1a: CRAZY!!!!\n|\n|-heal|p1a: CRAZY!!!!|71\/100|[from] item: Leftovers\n|-damage|p1a: CRAZY!!!!|58\/100|[from] move: Magma Storm|[partiallytrapped]\n|upkeep\n|turn|24\n|\n|t:|1699838337\n|move|p2a: Heatran|Flash Cannon|p1a: CRAZY!!!!\n|-supereffective|p1a: CRAZY!!!!\n|-damage|p1a: CRAZY!!!!|42\/100\n|move|p1a: CRAZY!!!!|Hyper Voice|p2a: Heatran\n|-resisted|p2a: Heatran\n|-damage|p2a: Heatran|69\/100\n|\n|-heal|p1a: CRAZY!!!!|92\/100|[from] move: Wish|[wisher] CRAZY!!!!\n|-heal|p2a: Heatran|75\/100|[from] item: Leftovers\n|-heal|p1a: CRAZY!!!!|98\/100|[from] item: Leftovers\n|-damage|p1a: CRAZY!!!!|86\/100|[from] move: Magma Storm|[partiallytrapped]\n|upkeep\n|turn|25\n|\n|t:|1699838351\n|move|p2a: Heatran|Flash Cannon|p1a: CRAZY!!!!\n|-supereffective|p1a: CRAZY!!!!\n|-damage|p1a: CRAZY!!!!|70\/100\n|move|p1a: CRAZY!!!!|Hyper Voice|p2a: Heatran\n|-resisted|p2a: Heatran\n|-damage|p2a: Heatran|40\/100\n|\n|-heal|p2a: Heatran|46\/100|[from] item: Leftovers\n|-heal|p1a: CRAZY!!!!|76\/100|[from] item: Leftovers\n|-damage|p1a: CRAZY!!!!|64\/100|[from] move: Magma Storm|[partiallytrapped]\n|upkeep\n|turn|26\n|\n|t:|1699838362\n|move|p2a: Heatran|Flash Cannon|p1a: CRAZY!!!!\n|-supereffective|p1a: CRAZY!!!!\n|-damage|p1a: CRAZY!!!!|47\/100\n|move|p1a: CRAZY!!!!|Wish|p1a: CRAZY!!!!\n|\n|-heal|p2a: Heatran|52\/100|[from] item: Leftovers\n|-heal|p1a: CRAZY!!!!|53\/100|[from] item: Leftovers\n|-damage|p1a: CRAZY!!!!|40\/100|[from] move: Magma Storm|[partiallytrapped]\n|upkeep\n|turn|27\n|\n|t:|1699838372\n|move|p2a: Heatran|Flash Cannon|p1a: CRAZY!!!!\n|-supereffective|p1a: CRAZY!!!!\n|-damage|p1a: CRAZY!!!!|25\/100\n|move|p1a: CRAZY!!!!|Hyper Voice|p2a: Heatran\n|-resisted|p2a: Heatran\n|-damage|p2a: Heatran|21\/100\n|\n|-heal|p1a: CRAZY!!!!|75\/100|[from] move: Wish|[wisher] CRAZY!!!!\n|-heal|p2a: Heatran|27\/100|[from] item: Leftovers\n|-heal|p1a: CRAZY!!!!|81\/100|[from] item: Leftovers\n|-end|p1a: CRAZY!!!!|Magma Storm|[partiallytrapped]\n|upkeep\n|turn|28\n|\n|t:|1699838385\n|move|p2a: Heatran|Flash Cannon|p1a: CRAZY!!!!\n|-supereffective|p1a: CRAZY!!!!\n|-damage|p1a: CRAZY!!!!|63\/100\n|move|p1a: CRAZY!!!!|Hyper Voice|p2a: Heatran\n|-resisted|p2a: Heatran\n|-damage|p2a: Heatran|0 fnt\n|faint|p2a: Heatran\n|\n|-heal|p1a: CRAZY!!!!|70\/100|[from] item: Leftovers\n|upkeep\n|\n|t:|1699838393\n|switch|p2a: Dudunsparce|Dudunsparce-Three-Segment, M|100\/100\n|turn|29\n|\n|t:|1699838400\n|move|p1a: CRAZY!!!!|Hyper Voice|p2a: Dudunsparce\n|-damage|p2a: Dudunsparce|0 fnt\n|faint|p2a: Dudunsparce\n|\n|win|Nuwyrm\n|c|\u2606Salty Oshuwatt|gg\n|c|\u2606Nuwyrm|gg! You had me on the run there for a bit lol\n|c|\u2606Salty Oshuwatt|every match ive used dudunsparce have been the only ones ive lost\n|c|\u2606Salty Oshuwatt|my own mascot is cursed lmao\n|c|\u2606Nuwyrm|I don't think it was Sparce's fault you lost that one lol\n|c|\u2606Salty Oshuwatt|it wasnt his fault\n|c|\u2606Salty Oshuwatt|did you get the replay?\n|c|\u2606Nuwyrm|I'm just lucky I had the foresight to confirm hyper drill goes through protect lol\n|c|\u2606Nuwyrm|yeah I'll get it!\n|c|\u2606Nuwyrm|Oo wait if I type up the post can you send it?\n|c|\u2606Nuwyrm|To throw off people who think the poster determines it?\n","uploadtime":1699838466,"views":33,"p1id":"nuwyrm","p2id":"saltyoshuwatt","formatid":"gen9anythinggoes","rating":0,"private":0,"password":""}