{"id":"gen9anythinggoes-1977280304","p1":"lkl303","p2":"I have eyes","format":"[Gen 9] Anything Goes","log":"|j|\u2606lkl303\n|j|\u2606I have eyes\n|t:|1698398652\n|gametype|singles\n|player|p1|lkl303|265|1490\n|player|p2|I have eyes|eusine|1560\n|teamsize|p1|6\n|teamsize|p2|6\n|gen|9\n|tier|[Gen 9] Anything Goes\n|rated|\n|rule|HP Percentage Mod: HP is shown in percentages\n|rule|Endless Battle Clause: Forcing endless battles is banned\n|clearpoke\n|poke|p1|Miraidon|\n|poke|p1|Miraidon|\n|poke|p1|Miraidon|\n|poke|p1|Kyogre|\n|poke|p1|Kyogre|\n|poke|p1|Kyogre|\n|poke|p2|Calyrex-Shadow|\n|poke|p2|Dugtrio, F|\n|poke|p2|Ogerpon, F|\n|poke|p2|Toxapex, M|\n|poke|p2|Miraidon|\n|poke|p2|Giratina|\n|teampreview\n|c|\u2606I have eyes|great team\n|j| wettlandd\n|\n|t:|1698398662\n|start\n|switch|p1a: Miraidon|Miraidon|100\/100\n|switch|p2a: Ogerpon|Ogerpon, F|100\/100\n|-fieldstart|move: Electric Terrain|[from] ability: Hadron Engine|[of] p1a: Miraidon\n|turn|1\n|\n|t:|1698398671\n|move|p1a: Miraidon|Dragon Pulse|p2a: Ogerpon\n|-damage|p2a: Ogerpon|27\/100\n|move|p2a: Ogerpon|Knock Off|p1a: Miraidon\n|-damage|p1a: Miraidon|62\/100\n|-enditem|p1a: Miraidon|Choice Scarf|[from] move: Knock Off|[of] p2a: Ogerpon\n|-damage|p2a: Ogerpon|17\/100|[from] item: Life Orb\n|\n|upkeep\n|turn|2\n|\n|t:|1698398684\n|move|p1a: Miraidon|Dragon Pulse|p2a: Ogerpon\n|-damage|p2a: Ogerpon|0 fnt\n|faint|p2a: Ogerpon\n|\n|upkeep\n|\n|t:|1698398694\n|switch|p2a: Dugtrio|Dugtrio, F, shiny|100\/100\n|turn|3\n|\n|t:|1698398714\n|move|p1a: Miraidon|Dragon Pulse|p2a: Dugtrio\n|-enditem|p2a: Dugtrio|Focus Sash\n|-damage|p2a: Dugtrio|1\/100\n|move|p2a: Dugtrio|Earthquake|p1a: Miraidon\n|-supereffective|p1a: Miraidon\n|-damage|p1a: Miraidon|0 fnt\n|faint|p1a: Miraidon\n|\n|upkeep\n|\n|t:|1698398721\n|switch|p1a: Miraidon|Miraidon|100\/100\n|-activate|p1a: Miraidon|ability: Hadron Engine\n|turn|4\n|\n|t:|1698398732\n|move|p2a: Dugtrio|Sucker Punch|p1a: Miraidon\n|-damage|p1a: Miraidon|79\/100\n|move|p1a: Miraidon|Dragon Pulse|p2a: Dugtrio\n|-damage|p2a: Dugtrio|0 fnt\n|faint|p2a: Dugtrio\n|\n|upkeep\n|\n|t:|1698398738\n|switch|p2a: Toxapex|Toxapex, M, shiny|100\/100\n|turn|5\n|\n|t:|1698398745\n|switch|p1a: Kyogre|Kyogre|100\/100\n|-weather|RainDance|[from] ability: Drizzle|[of] p1a: Kyogre\n|move|p2a: Toxapex|Toxic|p1a: Kyogre\n|-status|p1a: Kyogre|tox\n|\n|-weather|RainDance|[upkeep]\n|-damage|p1a: Kyogre|94\/100 tox|[from] psn\n|-fieldend|move: Electric Terrain\n|upkeep\n|turn|6\n|\n|t:|1698398755\n|move|p2a: Toxapex|Baneful Bunker|p2a: Toxapex\n|-singleturn|p2a: Toxapex|move: Protect\n|move|p1a: Kyogre|Water Spout|p2a: Toxapex\n|-activate|p2a: Toxapex|move: Protect\n|\n|-weather|RainDance|[upkeep]\n|-damage|p1a: Kyogre|82\/100 tox|[from] psn\n|upkeep\n|turn|7\n|\n|t:|1698398771\n|switch|p2a: Giratina|Giratina, shiny|100\/100\n|-ability|p2a: Giratina|Pressure\n|move|p1a: Kyogre|Water Spout|p2a: Giratina\n|-resisted|p2a: Giratina\n|-damage|p2a: Giratina|72\/100\n|\n|-weather|RainDance|[upkeep]\n|-heal|p2a: Giratina|78\/100|[from] item: Leftovers\n|-damage|p1a: Kyogre|64\/100 tox|[from] psn\n|upkeep\n|turn|8\n|inactive|Battle timer is ON: inactive players will automatically lose when time's up. (requested by I have eyes)\n|c|\u2606I have eyes|cmon mr original team make ya move\n|inactive|lkl303 has 120 seconds left.\n|\n|t:|1698398848\n|move|p1a: Kyogre|Water Spout|p2a: Giratina\n|-resisted|p2a: Giratina\n|-damage|p2a: Giratina|58\/100\n|move|p2a: Giratina|Calm Mind|p2a: Giratina\n|-boost|p2a: Giratina|spa|1\n|-boost|p2a: Giratina|spd|1\n|\n|-weather|RainDance|[upkeep]\n|-heal|p2a: Giratina|64\/100|[from] item: Leftovers\n|-damage|p1a: Kyogre|39\/100 tox|[from] psn\n|upkeep\n|turn|9\n|\n|t:|1698398872\n|move|p1a: Kyogre|Water Spout|p2a: Giratina\n|-resisted|p2a: Giratina\n|-damage|p2a: Giratina|55\/100\n|move|p2a: Giratina|Hex|p1a: Kyogre\n|-damage|p1a: Kyogre|0 fnt\n|faint|p1a: Kyogre\n|\n|-weather|none\n|-heal|p2a: Giratina|61\/100|[from] item: Leftovers\n|upkeep\n|\n|t:|1698398885\n|switch|p1a: Miraidon|Miraidon|100\/100\n|-fieldstart|move: Electric Terrain|[from] ability: Hadron Engine|[of] p1a: Miraidon\n|turn|10\n|l| wettlandd\n|\n|t:|1698398895\n|move|p1a: Miraidon|Dragon Pulse|p2a: Giratina\n|-supereffective|p2a: Giratina\n|-damage|p2a: Giratina|25\/100\n|move|p2a: Giratina|Hex|p1a: Miraidon\n|-damage|p1a: Miraidon|70\/100\n|\n|-heal|p2a: Giratina|31\/100|[from] item: Leftovers\n|upkeep\n|turn|11\n|\n|t:|1698398906\n|switch|p2a: Calyrex|Calyrex-Shadow|100\/100\n|-ability|p2a: Calyrex|As One\n|-ability|p2a: Calyrex|Unnerve\n|move|p1a: Miraidon|Dragon Pulse|p2a: Calyrex\n|-damage|p2a: Calyrex|45\/100\n|\n|upkeep\n|turn|12\n|\n|t:|1698398915\n|move|p2a: Calyrex|Astral Barrage|p1a: Miraidon\n|-crit|p1a: Miraidon\n|-damage|p1a: Miraidon|0 fnt\n|faint|p1a: Miraidon\n|-ability|p2a: Calyrex|Grim Neigh|boost\n|-boost|p2a: Calyrex|spa|1\n|\n|upkeep\n|\n|t:|1698398925\n|switch|p1a: Miraidon|Miraidon|79\/100\n|-activate|p1a: Miraidon|ability: Hadron Engine\n|turn|13\n|\n|t:|1698398931\n|-terastallize|p1a: Miraidon|Fairy\n|move|p2a: Calyrex|Astral Barrage|p1a: Miraidon\n|-damage|p1a: Miraidon|0 fnt\n|faint|p1a: Miraidon\n|-ability|p2a: Calyrex|Grim Neigh|boost\n|-boost|p2a: Calyrex|spa|1\n|\n|upkeep\n|\n|t:|1698398941\n|switch|p1a: Kyogre|Kyogre|100\/100\n|-weather|RainDance|[from] ability: Drizzle|[of] p1a: Kyogre\n|turn|14\n|\n|t:|1698398945\n|move|p2a: Calyrex|Astral Barrage|p1a: Kyogre\n|-damage|p1a: Kyogre|0 fnt\n|faint|p1a: Kyogre\n|-ability|p2a: Calyrex|Grim Neigh|boost\n|-boost|p2a: Calyrex|spa|1\n|\n|-weather|RainDance|[upkeep]\n|-fieldend|move: Electric Terrain\n|upkeep\n|c|\u2606I have eyes|look\n|c|\u2606I have eyes|before you lose\n|-message|lkl303 forfeited.\n|\n|win|I have eyes\n|raw|lkl303's rating: 1490 &rarr; <strong>1474<\/strong><br \/>(-16 for losing)\n|raw|I have eyes's rating: 1560 &rarr; <strong>1576<\/strong><br \/>(+16 for winning)\n|l|\u2606lkl303\n|c|\u2606I have eyes|nvm\n|l|\u2606I have eyes\n","uploadtime":1698398978,"views":12,"p1id":"lkl303","p2id":"ihaveeyes","formatid":"gen9anythinggoes","rating":1474,"private":0,"password":""}