{"id":"gen9anythinggoes-1997830807","p1":"Pure Hackmons","p2":"Veecy82","format":"[Gen 9] Anything Goes","log":"|j|\u2606Pure Hackmons\n|j|\u2606Veecy82\n|t:|1700857383\n|gametype|singles\n|player|p1|Pure Hackmons|ethan|\n|player|p2|Veecy82|may-masters2|\n|teamsize|p1|6\n|teamsize|p2|6\n|gen|9\n|tier|[Gen 9] Anything Goes\n|rated|Tournament battle\n|rule|HP Percentage Mod: HP is shown in percentages\n|rule|Endless Battle Clause: Forcing endless battles is banned\n|rule|Species Clause: Limit one of each Pok\u00e9mon\n|rule|OHKO Clause: OHKO moves are banned\n|rule|Evasion Moves Clause: Evasion moves are banned\n|rule|1 Ability Clause: Limit 1 of each ability\n|rule|Sleep Moves Clause: Sleep-inducing moves are banned\n|rule|Terastal Clause: You cannot Terastallize\n|clearpoke\n|poke|p1|Ting-Lu|\n|poke|p1|Blissey, F|\n|poke|p1|Empoleon, F|\n|poke|p1|Corviknight, F|\n|poke|p1|Dipplin, M|\n|poke|p1|Toxapex, M|\n|poke|p2|Scizor, F|\n|poke|p2|Ogerpon-Hearthflame, F|\n|poke|p2|Chansey, F|\n|poke|p2|Toxapex, M|\n|poke|p2|Kingambit, F|\n|poke|p2|Polteageist|\n|teampreview\n|j|%Iolanthe\n|\n|t:|1700857433\n|start\n|switch|p1a: Toxapex|Toxapex, M|100\/100\n|switch|p2a: Ogerpon|Ogerpon-Hearthflame, F|100\/100\n|turn|1\n|l|%Iolanthe\n|\n|t:|1700857457\n|move|p2a: Ogerpon|U-turn|p1a: Toxapex\n|-resisted|p1a: Toxapex\n|-damage|p1a: Toxapex|92\/100\n|-damage|p2a: Ogerpon|84\/100|[from] item: Rocky Helmet|[of] p1a: Toxapex\n|\n|t:|1700857463\n|switch|p2a: Kingambit|Kingambit, F|100\/100|[from] U-turn\n|move|p1a: Toxapex|Mortal Spin|p2a: Kingambit\n|-immune|p2a: Kingambit\n|\n|upkeep\n|turn|2\n|\n|t:|1700857467\n|switch|p1a: Corviknight|Corviknight, F|100\/100\n|move|p2a: Kingambit|Stealth Rock|p1a: Corviknight\n|-sidestart|p1: Pure Hackmons|move: Stealth Rock\n|\n|upkeep\n|turn|3\n|\n|t:|1700857485\n|switch|p2a: Ogerpon|Ogerpon-Hearthflame, F|84\/100\n|move|p1a: Corviknight|Defog|p2a: Ogerpon\n|-unboost|p2a: Ogerpon|evasion|1\n|-sideend|p1: Pure Hackmons|Stealth Rock|[from] move: Defog|[of] p1a: Corviknight\n|\n|upkeep\n|turn|4\n|\n|t:|1700857497\n|switch|p1a: Toxapex|Toxapex, M|100\/100\n|move|p2a: Ogerpon|Ivy Cudgel|p1a: Toxapex|[anim] Ivy Cudgel Fire\n|-resisted|p1a: Toxapex\n|-damage|p1a: Toxapex|81\/100\n|\n|upkeep\n|turn|5\n|\n|t:|1700857505\n|move|p2a: Ogerpon|U-turn|p1a: Toxapex\n|-resisted|p1a: Toxapex\n|-damage|p1a: Toxapex|73\/100\n|-damage|p2a: Ogerpon|67\/100|[from] item: Rocky Helmet|[of] p1a: Toxapex\n|\n|t:|1700857521\n|switch|p2a: Scizor|Scizor, F|100\/100|[from] U-turn\n|move|p1a: Toxapex|Scald|p2a: Scizor\n|-damage|p2a: Scizor|84\/100\n|\n|-heal|p2a: Scizor|90\/100|[from] item: Leftovers\n|upkeep\n|turn|6\n|\n|t:|1700857529\n|switch|p2a: Chansey|Chansey, F|100\/100\n|-ability|p2a: Chansey|Tablets of Ruin\n|move|p1a: Toxapex|Scald|p2a: Chansey\n|-damage|p2a: Chansey|96\/100\n|-status|p2a: Chansey|brn\n|\n|-damage|p2a: Chansey|90\/100 brn|[from] brn\n|upkeep\n|turn|7\n|\n|t:|1700857539\n|switch|p1a: Blissey|Blissey, F|100\/100\n|move|p2a: Chansey|Thunder Wave|p1a: Blissey\n|-status|p1a: Blissey|par\n|\n|-damage|p2a: Chansey|84\/100 brn|[from] brn\n|upkeep\n|turn|8\n|\n|t:|1700857551\n|switch|p1a: Toxapex|Toxapex, M|100\/100\n|move|p2a: Chansey|Wish|p2a: Chansey\n|\n|-damage|p2a: Chansey|78\/100 brn|[from] brn\n|upkeep\n|turn|9\n|\n|t:|1700857557\n|move|p2a: Chansey|Thunder Wave|p1a: Toxapex\n|-status|p1a: Toxapex|par\n|move|p1a: Toxapex|Mortal Spin|p2a: Chansey\n|-damage|p2a: Chansey|74\/100 brn\n|\n|-heal|p2a: Chansey|100\/100 brn|[from] move: Wish|[wisher] Chansey\n|-damage|p2a: Chansey|94\/100 brn|[from] brn\n|upkeep\n|turn|10\n|\n|t:|1700857563\n|switch|p1a: Blissey|Blissey, F|100\/100 par\n|move|p2a: Chansey|Seismic Toss|p1a: Blissey\n|-damage|p1a: Blissey|85\/100 par\n|\n|-heal|p1a: Blissey|91\/100 par|[from] item: Leftovers\n|-damage|p2a: Chansey|88\/100 brn|[from] brn\n|upkeep\n|turn|11\n|\n|t:|1700857577\n|switch|p2a: Scizor|Scizor, F|90\/100\n|move|p1a: Blissey|Transform|p2a: Scizor\n|-transform|p1a: Blissey|p2a: Scizor\n|\n|-heal|p2a: Scizor|96\/100|[from] item: Leftovers\n|-heal|p1a: Blissey|97\/100 par|[from] item: Leftovers\n|upkeep\n|turn|12\n|\n|t:|1700857582\n|move|p2a: Scizor|Knock Off|p1a: Blissey\n|-damage|p1a: Blissey|79\/100 par\n|-enditem|p1a: Blissey|Leftovers|[from] move: Knock Off|[of] p2a: Scizor\n|cant|p1a: Blissey|par\n|\n|-heal|p2a: Scizor|100\/100|[from] item: Leftovers\n|upkeep\n|turn|13\n|\n|t:|1700857590\n|switch|p2a: Ogerpon|Ogerpon-Hearthflame, F|67\/100\n|move|p1a: Blissey|Knock Off|p2a: Ogerpon\n|-crit|p2a: Ogerpon\n|-damage|p2a: Ogerpon|22\/100\n|\n|upkeep\n|turn|14\n|\n|t:|1700857596\n|move|p2a: Ogerpon|Ivy Cudgel|p1a: Blissey|[anim] Ivy Cudgel Fire\n|-ability|p1a: Blissey|Well-Baked Body|boost\n|-boost|p1a: Blissey|def|2\n|move|p1a: Blissey|Swords Dance|p1a: Blissey\n|-boost|p1a: Blissey|atk|2\n|\n|upkeep\n|turn|15\n|c|\u2606Veecy82|Oh right :skull:\n|\n|t:|1700857606\n|move|p2a: Ogerpon|Surging Strikes|p1a: Blissey\n|-crit|p1a: Blissey\n|-damage|p1a: Blissey|72\/100 par\n|-crit|p1a: Blissey\n|-damage|p1a: Blissey|64\/100 par\n|-crit|p1a: Blissey\n|-damage|p1a: Blissey|57\/100 par\n|-hitcount|p1a: Blissey|3\n|move|p1a: Blissey|Knock Off|p2a: Ogerpon\n|-damage|p2a: Ogerpon|0 fnt\n|faint|p2a: Ogerpon\n|\n|upkeep\n|c|\u2606Pure Hackmons|oof\n|\n|t:|1700857616\n|switch|p2a: Toxapex|Toxapex, M|100\/100\n|turn|16\n|\n|t:|1700857618\n|move|p2a: Toxapex|Haze|p2a: Toxapex\n|-clearallboost\n|move|p1a: Blissey|Knock Off|p2a: Toxapex\n|-damage|p2a: Toxapex|76\/100\n|-damage|p1a: Blissey|40\/100 par|[from] item: Rocky Helmet|[of] p2a: Toxapex\n|-enditem|p2a: Toxapex|Rocky Helmet|[from] move: Knock Off|[of] p1a: Blissey\n|\n|upkeep\n|turn|17\n|\n|t:|1700857623\n|move|p2a: Toxapex|Infestation|p1a: Blissey\n|-resisted|p1a: Blissey\n|-damage|p1a: Blissey|39\/100 par\n|-activate|p1a: Blissey|move: Infestation|[of] p2a: Toxapex\n|cant|p1a: Blissey|par\n|\n|-damage|p1a: Blissey|27\/100 par|[from] move: Infestation|[partiallytrapped]\n|upkeep\n|turn|18\n|\n|t:|1700857631\n|move|p2a: Toxapex|Haze|p2a: Toxapex\n|-clearallboost\n|move|p1a: Blissey|Leech Life|p2a: Toxapex\n|-resisted|p2a: Toxapex\n|-damage|p2a: Toxapex|62\/100\n|-heal|p1a: Blissey|30\/100 par|[from] drain|[of] p2a: Toxapex\n|\n|-damage|p1a: Blissey|18\/100 par|[from] move: Infestation|[partiallytrapped]\n|upkeep\n|turn|19\n|\n|t:|1700857636\n|move|p2a: Toxapex|Haze|p2a: Toxapex\n|-clearallboost\n|move|p1a: Blissey|Leech Life|p2a: Toxapex\n|-resisted|p2a: Toxapex\n|-damage|p2a: Toxapex|48\/100\n|-heal|p1a: Blissey|21\/100 par|[from] drain|[of] p2a: Toxapex\n|\n|-damage|p1a: Blissey|8\/100 par|[from] move: Infestation|[partiallytrapped]\n|upkeep\n|turn|20\n|\n|t:|1700857638\n|move|p2a: Toxapex|Recover|p2a: Toxapex\n|-heal|p2a: Toxapex|99\/100\n|move|p1a: Blissey|Leech Life|p2a: Toxapex\n|-resisted|p2a: Toxapex\n|-damage|p2a: Toxapex|86\/100\n|-heal|p1a: Blissey|11\/100 par|[from] drain|[of] p2a: Toxapex\n|\n|-damage|p1a: Blissey|0 fnt|[from] move: Infestation|[partiallytrapped]\n|faint|p1a: Blissey\n|upkeep\n|\n|t:|1700857644\n|switch|p1a: Toxapex|Toxapex, M|100\/100 par\n|turn|21\n|\n|t:|1700857680\n|move|p2a: Toxapex|Infestation|p1a: Toxapex\n|-resisted|p1a: Toxapex\n|-damage|p1a: Toxapex|99\/100 par\n|-activate|p1a: Toxapex|move: Infestation|[of] p2a: Toxapex\n|-damage|p2a: Toxapex|69\/100|[from] item: Rocky Helmet|[of] p1a: Toxapex\n|move|p1a: Toxapex|Scald|p2a: Toxapex\n|-resisted|p2a: Toxapex\n|-damage|p2a: Toxapex|63\/100\n|-status|p2a: Toxapex|brn\n|\n|-damage|p2a: Toxapex|57\/100 brn|[from] brn\n|-damage|p1a: Toxapex|87\/100 par|[from] move: Infestation|[partiallytrapped]\n|upkeep\n|turn|22\n|\n|t:|1700857701\n|switch|p2a: Scizor|Scizor, F|100\/100\n|cant|p1a: Toxapex|par\n|\n|-end|p1a: Toxapex|Infestation|[partiallytrapped]|[silent]\n|upkeep\n|turn|23\n|\n|t:|1700857705\n|switch|p1a: Corviknight|Corviknight, F|100\/100\n|move|p2a: Scizor|Knock Off|p1a: Corviknight\n|-damage|p1a: Corviknight|89\/100\n|-enditem|p1a: Corviknight|Leftovers|[from] move: Knock Off|[of] p2a: Scizor\n|\n|upkeep\n|turn|24\n|\n|t:|1700857719\n|switch|p2a: Toxapex|Toxapex, M|91\/100 brn\n|move|p1a: Corviknight|Brave Bird|p2a: Toxapex\n|-damage|p2a: Toxapex|67\/100 brn\n|-damage|p1a: Corviknight|84\/100|[from] Recoil\n|\n|-damage|p2a: Toxapex|62\/100 brn|[from] brn\n|upkeep\n|turn|25\n|inactive|Battle timer is ON: inactive players will automatically lose when time's up. (requested by Veecy82)\n|\n|t:|1700857748\n|switch|p1a: Empoleon|Empoleon, F|100\/100\n|move|p2a: Toxapex|Infestation|p1a: Empoleon\n|-resisted|p1a: Empoleon\n|-damage|p1a: Empoleon|99\/100\n|-activate|p1a: Empoleon|move: Infestation|[of] p2a: Toxapex\n|\n|-heal|p1a: Empoleon|100\/100|[from] item: Leftovers\n|-damage|p2a: Toxapex|56\/100 brn|[from] brn\n|-damage|p1a: Empoleon|88\/100|[from] move: Infestation|[partiallytrapped]\n|upkeep\n|turn|26\n|\n|t:|1700857755\n|move|p1a: Empoleon|Stealth Rock|p2a: Toxapex\n|-sidestart|p2: Veecy82|move: Stealth Rock\n|move|p2a: Toxapex|Recover|p2a: Toxapex\n|-heal|p2a: Toxapex|100\/100 brn\n|\n|-heal|p1a: Empoleon|94\/100|[from] item: Leftovers\n|-damage|p2a: Toxapex|95\/100 brn|[from] brn\n|-damage|p1a: Empoleon|82\/100|[from] move: Infestation|[partiallytrapped]\n|upkeep\n|turn|27\n|\n|t:|1700857777\n|switch|p2a: Kingambit|Kingambit, F|100\/100\n|-damage|p2a: Kingambit|94\/100|[from] Stealth Rock\n|move|p1a: Empoleon|Knock Off|p2a: Kingambit\n|-resisted|p2a: Kingambit\n|-damage|p2a: Kingambit|87\/100\n|-enditem|p2a: Kingambit|Life Orb|[from] move: Knock Off|[of] p1a: Empoleon\n|\n|-heal|p1a: Empoleon|88\/100|[from] item: Leftovers\n|-end|p1a: Empoleon|Infestation|[partiallytrapped]|[silent]\n|upkeep\n|turn|28\n|\n|t:|1700857783\n|switch|p1a: Corviknight|Corviknight, F|84\/100\n|move|p2a: Kingambit|Stealth Rock|p1a: Corviknight\n|-sidestart|p1: Pure Hackmons|move: Stealth Rock\n|\n|upkeep\n|turn|29\n|\n|t:|1700857790\n|move|p1a: Corviknight|Body Press|p2a: Kingambit\n|-supereffective|p2a: Kingambit\n|-damage|p2a: Kingambit|15\/100\n|move|p2a: Kingambit|Swords Dance|p2a: Kingambit\n|-boost|p2a: Kingambit|atk|2\n|\n|upkeep\n|turn|30\n|\n|t:|1700857796\n|move|p2a: Kingambit|Sucker Punch||[still]\n|-fail|p2a: Kingambit\n|move|p1a: Corviknight|Defog|p2a: Kingambit\n|-unboost|p2a: Kingambit|evasion|1\n|-sideend|p2: Veecy82|Stealth Rock|[from] move: Defog|[of] p1a: Corviknight\n|-sideend|p1: Pure Hackmons|Stealth Rock|[from] move: Defog|[of] p1a: Corviknight\n|\n|upkeep\n|turn|31\n|\n|t:|1700857805\n|move|p2a: Kingambit|Sucker Punch|p1a: Corviknight\n|-damage|p1a: Corviknight|58\/100\n|move|p1a: Corviknight|Body Press|p2a: Kingambit\n|-supereffective|p2a: Kingambit\n|-damage|p2a: Kingambit|0 fnt\n|faint|p2a: Kingambit\n|\n|upkeep\n|\n|t:|1700857814\n|switch|p2a: Chansey|Chansey, F|88\/100 brn\n|-ability|p2a: Chansey|Tablets of Ruin\n|turn|32\n|\n|t:|1700857823\n|switch|p1a: Toxapex|Toxapex, M|100\/100 par\n|move|p2a: Chansey|Thunder Wave|p1a: Toxapex\n|-fail|p1a: Toxapex|par\n|\n|-damage|p2a: Chansey|82\/100 brn|[from] brn\n|upkeep\n|turn|33\n|\n|t:|1700857830\n|switch|p1a: Ting-Lu|Ting-Lu|100\/100\n|-ability|p1a: Ting-Lu|Tablets of Ruin\n|move|p2a: Chansey|Wish|p2a: Chansey\n|\n|-damage|p2a: Chansey|76\/100 brn|[from] brn\n|upkeep\n|turn|34\n|\n|t:|1700857835\n|switch|p2a: Scizor|Scizor, F|100\/100\n|move|p1a: Ting-Lu|Ceaseless Edge|p2a: Scizor|[miss]\n|-miss|p1a: Ting-Lu|p2a: Scizor\n|\n|upkeep\n|turn|35\n|\n|t:|1700857838\n|move|p2a: Scizor|Swords Dance|p2a: Scizor\n|-boost|p2a: Scizor|atk|2\n|move|p1a: Ting-Lu|Foul Play|p2a: Scizor\n|-damage|p2a: Scizor|0 fnt\n|faint|p2a: Scizor\n|\n|upkeep\n|-message|Veecy82 forfeited.\n|\n|win|Pure Hackmons\n|n|\u2606Pure Hackmons|purehackmons\n|n|\u2606Veecy82|veecy82\n","uploadtime":1700857844,"views":0,"p1id":"purehackmons","p2id":"veecy82","formatid":"gen9anythinggoes","rating":0,"private":0,"password":""}