{"id":"gen9anythinggoes-1994309516","p1":"KenKanekiLife","p2":"Oxygon","format":"[Gen 9] Anything Goes","log":"|j|\u2606KenKanekiLife\n|j|\u2606Oxygon\n|t:|1700429604\n|gametype|singles\n|player|p1|KenKanekiLife|giovanni|\n|player|p2|Oxygon|aaron|\n|teamsize|p1|6\n|teamsize|p2|6\n|gen|9\n|tier|[Gen 9] Anything Goes\n|rule|HP Percentage Mod: HP is shown in percentages\n|rule|Endless Battle Clause: Forcing endless battles is banned\n|clearpoke\n|poke|p1|Zapdos-Galar|\n|poke|p1|Arcanine-Hisui, F|\n|poke|p1|Iron Treads|\n|poke|p1|Ogerpon-Wellspring, F|\n|poke|p1|Slowking, M|\n|poke|p1|Salamence, M|\n|poke|p2|Sneasler, F|\n|poke|p2|Manaphy|\n|poke|p2|Sableye, F|\n|poke|p2|Thundurus, M|\n|poke|p2|Weezing-Galar, F|\n|poke|p2|Goodra-Hisui, F|\n|teampreview\n|\n|t:|1700429612\n|start\n|switch|p1a: My Heart|Arcanine-Hisui, F, shiny|100\/100\n|switch|p2a: Manaphy|Manaphy|100\/100\n|turn|1\n|\n|t:|1700429627\n|switch|p1a: My Soul|Ogerpon-Wellspring, F|100\/100\n|move|p2a: Manaphy|U-turn|p1a: My Soul\n|-supereffective|p1a: My Soul\n|-damage|p1a: My Soul|60\/100\n|\n|t:|1700429638\n|switch|p2a: Sneasler|Sneasler, F|100\/100|[from] U-turn\n|-item|p2a: Sneasler|Air Balloon\n|\n|upkeep\n|turn|2\n|\n|t:|1700429652\n|switch|p1a: My Rage|Salamence, M, shiny|100\/100\n|-ability|p1a: My Rage|Intimidate|boost\n|-unboost|p2a: Sneasler|atk|1\n|move|p2a: Sneasler|Toxic Spikes|p1a: My Rage\n|-sidestart|p1: KenKanekiLife|move: Toxic Spikes\n|\n|upkeep\n|turn|3\n|n|\u2606KenKanekiLife|kenkanekilife\n|c|\u2606KenKanekiLife|T.Spikes? Really?\n|c|\u2606KenKanekiLife|Wow.\n|c|\u2606Oxygon|:^)\n|\n|t:|1700429822\n|move|p2a: Sneasler|U-turn|p1a: My Rage\n|-resisted|p1a: My Rage\n|-damage|p1a: My Rage|94\/100\n|\n|t:|1700429829\n|switch|p2a: Manaphy|Manaphy|100\/100|[from] U-turn\n|move|p1a: My Rage|Psychic Fangs|p2a: Manaphy\n|-damage|p2a: Manaphy|74\/100\n|\n|upkeep\n|turn|4\n|\n|t:|1700429872\n|switch|p1a: My Soul|Ogerpon-Wellspring, F|60\/100\n|-status|p1a: My Soul|psn\n|move|p2a: Manaphy|U-turn|p1a: My Soul\n|-supereffective|p1a: My Soul\n|-damage|p1a: My Soul|21\/100 psn\n|\n|t:|1700429889\n|switch|p2a: Sneasler|Sneasler, F|100\/100|[from] U-turn\n|-item|p2a: Sneasler|Air Balloon\n|\n|-damage|p1a: My Soul|8\/100 psn|[from] psn\n|upkeep\n|turn|5\n|\n|t:|1700429914\n|move|p2a: Sneasler|U-turn|p1a: My Soul\n|-supereffective|p1a: My Soul\n|-damage|p1a: My Soul|0 fnt\n|faint|p1a: My Soul\n|\n|t:|1700429923\n|switch|p2a: Manaphy|Manaphy|74\/100|[from] U-turn\n|\n|upkeep\n|\n|t:|1700429958\n|switch|p1a: My Mind|Slowking, M, shiny|100\/100\n|-status|p1a: My Mind|psn\n|turn|6\n|\n|t:|1700429992\n|move|p2a: Manaphy|U-turn|p1a: My Mind\n|-supereffective|p1a: My Mind\n|-damage|p1a: My Mind|71\/100 psn\n|\n|t:|1700429999\n|switch|p2a: Goodra|Goodra-Hisui, F|100\/100|[from] U-turn\n|move|p1a: My Mind|Psychic|p2a: Goodra\n|-resisted|p2a: Goodra\n|-damage|p2a: Goodra|92\/100\n|\n|-damage|p1a: My Mind|58\/100 psn|[from] psn\n|upkeep\n|turn|7\n|c|\u2606KenKanekiLife|Dude stop being cringe seriously\n|c|\u2606Oxygon|:^)\n|c|\u2606KenKanekiLife|Ugh....\n|\n|t:|1700430112\n|switch|p1a: My Body|Iron Treads, shiny|100\/100\n|move|p2a: Goodra|Dragon Tail|p1a: My Body\n|-resisted|p1a: My Body\n|-crit|p1a: My Body\n|-damage|p1a: My Body|89\/100\n|-end|p1a: My Body|Quark Drive|[silent]\n|drag|p1a: My Mind|Slowking, M, shiny|91\/100 psn\n|\n|-damage|p1a: My Mind|79\/100 psn|[from] psn\n|upkeep\n|turn|8\n|\n|t:|1700430150\n|move|p2a: Goodra|Acid Armor|p2a: Goodra\n|-boost|p2a: Goodra|def|2\n|move|p1a: My Mind|Ice Beam|p2a: Goodra\n|-damage|p2a: Goodra|78\/100\n|\n|-damage|p1a: My Mind|66\/100 psn|[from] psn\n|upkeep\n|turn|9\n|\n|t:|1700430181\n|move|p2a: Goodra|Acid Armor|p2a: Goodra\n|-boost|p2a: Goodra|def|2\n|move|p1a: My Mind|Ice Beam|p2a: Goodra\n|-damage|p2a: Goodra|67\/100\n|\n|-damage|p1a: My Mind|54\/100 psn|[from] psn\n|upkeep\n|turn|10\n|\n|t:|1700430208\n|move|p2a: Goodra|Body Press|p1a: My Mind\n|-resisted|p1a: My Mind\n|-crit|p1a: My Mind\n|-damage|p1a: My Mind|0 fnt\n|faint|p1a: My Mind\n|\n|upkeep\n|\n|t:|1700430217\n|switch|p1a: My Passion|Zapdos-Galar, shiny|100\/100\n|turn|11\n|\n|t:|1700430235\n|move|p1a: My Passion|Close Combat|p2a: Goodra\n|-supereffective|p2a: Goodra\n|-damage|p2a: Goodra|36\/100\n|-unboost|p1a: My Passion|def|1\n|-unboost|p1a: My Passion|spd|1\n|move|p2a: Goodra|Body Press|p1a: My Passion\n|-resisted|p1a: My Passion\n|-damage|p1a: My Passion|38\/100\n|\n|upkeep\n|turn|12\n|c|\u2606KenKanekiLife|You are so annoying...\n|\n|t:|1700430304\n|move|p1a: My Passion|Close Combat|p2a: Goodra\n|-supereffective|p2a: Goodra\n|-damage|p2a: Goodra|4\/100\n|-unboost|p1a: My Passion|def|1\n|-unboost|p1a: My Passion|spd|1\n|move|p2a: Goodra|Rest|p2a: Goodra\n|-status|p2a: Goodra|slp|[from] move: Rest\n|-heal|p2a: Goodra|100\/100 slp|[silent]\n|-enditem|p2a: Goodra|Chesto Berry|[eat]\n|-curestatus|p2a: Goodra|slp|[msg]\n|\n|upkeep\n|turn|13\n|c|\u2606Oxygon|GG man it was a good game!\n|\n|t:|1700430342\n|switch|p1a: My Rage|Salamence, M, shiny|94\/100\n|-ability|p1a: My Rage|Intimidate|boost\n|-unboost|p2a: Goodra|atk|1\n|move|p2a: Goodra|Body Press|p1a: My Rage\n|-resisted|p1a: My Rage\n|-damage|p1a: My Rage|71\/100\n|\n|upkeep\n|turn|14\n|\n|t:|1700430362\n|move|p1a: My Rage|Earthquake|p2a: Goodra\n|-supereffective|p2a: Goodra\n|-damage|p2a: Goodra|86\/100\n|move|p2a: Goodra|Dragon Tail|p1a: My Rage\n|-supereffective|p1a: My Rage\n|-crit|p1a: My Rage\n|-damage|p1a: My Rage|27\/100\n|drag|p1a: My Heart|Arcanine-Hisui, F, shiny|100\/100\n|-status|p1a: My Heart|psn\n|\n|-damage|p1a: My Heart|88\/100 psn|[from] psn\n|upkeep\n|turn|15\n|\n|t:|1700430384\n|move|p1a: My Heart|Close Combat|p2a: Goodra\n|-supereffective|p2a: Goodra\n|-damage|p2a: Goodra|67\/100\n|-unboost|p1a: My Heart|def|1\n|-unboost|p1a: My Heart|spd|1\n|move|p2a: Goodra|Body Press|p1a: My Heart\n|-supereffective|p1a: My Heart\n|-damage|p1a: My Heart|0 fnt\n|faint|p1a: My Heart\n|\n|upkeep\n|c|\u2606KenKanekiLife|How is that thing even legal. Its bullshit.\n|c|\u2606Oxygon|:^)\n|\n|t:|1700430434\n|switch|p1a: My Passion|Zapdos-Galar, shiny|38\/100\n|turn|16\n|\n|t:|1700430443\n|move|p1a: My Passion|Close Combat|p2a: Goodra\n|-supereffective|p2a: Goodra\n|-damage|p2a: Goodra|35\/100\n|-unboost|p1a: My Passion|def|1\n|-unboost|p1a: My Passion|spd|1\n|move|p2a: Goodra|Body Press|p1a: My Passion\n|-resisted|p1a: My Passion\n|-crit|p1a: My Passion\n|-damage|p1a: My Passion|0 fnt\n|faint|p1a: My Passion\n|\n|upkeep\n|c|\u2606KenKanekiLife|Crit mattered holy fuck crit mattered\n|c|\u2606Oxygon|:^)\n|\n|t:|1700430480\n|switch|p1a: My Rage|Salamence, M, shiny|27\/100\n|-ability|p1a: My Rage|Intimidate|boost\n|-unboost|p2a: Goodra|atk|1\n|turn|17\n|\n|t:|1700430491\n|move|p1a: My Rage|Earthquake|p2a: Goodra\n|-supereffective|p2a: Goodra\n|-damage|p2a: Goodra|20\/100\n|move|p2a: Goodra|Dragon Tail|p1a: My Rage\n|-supereffective|p1a: My Rage\n|-damage|p1a: My Rage|13\/100\n|drag|p1a: My Body|Iron Treads, shiny|89\/100\n|\n|upkeep\n|turn|18\n|\n|t:|1700430505\n|move|p1a: My Body|Earthquake|p2a: Goodra\n|-supereffective|p2a: Goodra\n|-damage|p2a: Goodra|0 fnt\n|faint|p2a: Goodra\n|\n|upkeep\n|\n|t:|1700430519\n|switch|p2a: Sneasler|Sneasler, F|100\/100\n|-item|p2a: Sneasler|Air Balloon\n|turn|19\n|\n|t:|1700430531\n|-end|p1a: My Body|Quark Drive|[silent]\n|switch|p1a: My Rage|Salamence, M, shiny|13\/100\n|-ability|p1a: My Rage|Intimidate|boost\n|-unboost|p2a: Sneasler|atk|1\n|move|p2a: Sneasler|Low Kick|p1a: My Rage\n|-resisted|p1a: My Rage\n|-crit|p1a: My Rage\n|-damage|p1a: My Rage|0 fnt\n|faint|p1a: My Rage\n|\n|upkeep\n|\n|t:|1700430542\n|switch|p1a: My Body|Iron Treads, shiny|89\/100\n|turn|20\n|\n|t:|1700430553\n|move|p2a: Sneasler|Low Kick|p1a: My Body\n|-supereffective|p1a: My Body\n|-damage|p1a: My Body|20\/100\n|move|p1a: My Body|Rapid Spin|p2a: Sneasler\n|-damage|p2a: Sneasler|82\/100\n|-boost|p1a: My Body|spe|1\n|-enditem|p2a: Sneasler|Air Balloon\n|-sideend|p1: KenKanekiLife|Toxic Spikes|[from] move: Rapid Spin|[of] p1a: My Body\n|\n|upkeep\n|turn|21\n|\n|t:|1700430568\n|move|p1a: My Body|Earthquake|p2a: Sneasler\n|-supereffective|p2a: Sneasler\n|-damage|p2a: Sneasler|0 fnt\n|faint|p2a: Sneasler\n|\n|upkeep\n|\n|t:|1700430576\n|switch|p2a: Manaphy|Manaphy|74\/100\n|turn|22\n|c|\u2606Oxygon|Oh max speed treads is cool tech\n|\n|t:|1700430637\n|move|p2a: Manaphy|Scald|p1a: My Body\n|-supereffective|p1a: My Body\n|-damage|p1a: My Body|0 fnt\n|faint|p1a: My Body\n|-end|p1a: My Body|Quark Drive|[silent]\n|\n|win|Oxygon\n|c|\u2606KenKanekiLife|U-turn spam. Wow. So creative.\n|c|\u2606KenKanekiLife|Your team takes no skill.\n|c|\u2606Oxygon|See you in quarterfinals :^)\n|c|\u2606KenKanekiLife|Fuck off\n","uploadtime":1700430712,"views":33,"p1id":"kenkanekilife","p2id":"oxygon","formatid":"gen9anythinggoes","rating":0,"private":0,"password":""}