{"id":"gen9anythinggoes-1972500247","p1":"VPECKO","p2":"yayitsbruhberry","format":"[Gen 9] Anything Goes","log":"|j|\u2606VPECKO\n|j|\u2606yayitsbruhberry\n|t:|1697849921\n|gametype|singles\n|player|p1|VPECKO|266|\n|player|p2|yayitsbruhberry|caitlin|\n|teamsize|p1|6\n|teamsize|p2|6\n|gen|9\n|tier|[Gen 9] Anything Goes\n|rule|HP Percentage Mod: HP is shown in percentages\n|rule|Endless Battle Clause: Forcing endless battles is banned\n|clearpoke\n|poke|p1|Iron Hands|\n|poke|p1|Rotom-Wash|\n|poke|p1|Sandy Shocks|\n|poke|p1|Snorlax, M|\n|poke|p1|Bellibolt, M|\n|poke|p1|Magnezone|\n|poke|p2|Iron Valiant|\n|poke|p2|Flutter Mane|\n|poke|p2|Hatterene, F|\n|poke|p2|Ribombee, F|\n|poke|p2|Clefable, F|\n|poke|p2|Great Tusk|\n|teampreview\n|\n|t:|1697849931\n|start\n|switch|p1a: fighting fatass|Iron Hands|100\/100\n|switch|p2a: valorant|Iron Valiant|100\/100\n|-enditem|p2a: valorant|Booster Energy\n|-activate|p2a: valorant|ability: Quark Drive|[fromitem]\n|-start|p2a: valorant|quarkdrivespe\n|-enditem|p1a: fighting fatass|Booster Energy\n|-activate|p1a: fighting fatass|ability: Quark Drive|[fromitem]\n|-start|p1a: fighting fatass|quarkdriveatk\n|turn|1\n|\n|t:|1697849951\n|-terastallize|p1a: fighting fatass|Flying\n|move|p2a: valorant|Swords Dance|p2a: valorant\n|-boost|p2a: valorant|atk|2\n|move|p1a: fighting fatass|Drain Punch|p2a: valorant\n|-resisted|p2a: valorant\n|-damage|p2a: valorant|65\/100\n|\n|upkeep\n|turn|2\n|\n|t:|1697849963\n|move|p2a: valorant|Spirit Break|p1a: fighting fatass\n|-damage|p1a: fighting fatass|47\/100\n|-unboost|p1a: fighting fatass|spa|1\n|move|p1a: fighting fatass|Swords Dance|p1a: fighting fatass\n|-boost|p1a: fighting fatass|atk|2\n|\n|upkeep\n|turn|3\n|\n|t:|1697849970\n|move|p2a: valorant|Spirit Break|p1a: fighting fatass\n|-damage|p1a: fighting fatass|0 fnt\n|faint|p1a: fighting fatass\n|-end|p1a: fighting fatass|Quark Drive|[silent]\n|\n|upkeep\n|\n|t:|1697849974\n|switch|p1a: lazy fatass|Snorlax, M, shiny|100\/100\n|turn|4\n|\n|t:|1697849987\n|move|p2a: valorant|Close Combat|p1a: lazy fatass\n|-supereffective|p1a: lazy fatass\n|-damage|p1a: lazy fatass|0 fnt\n|-unboost|p2a: valorant|def|1\n|-unboost|p2a: valorant|spd|1\n|faint|p1a: lazy fatass\n|\n|upkeep\n|\n|t:|1697849991\n|switch|p1a: drying machine|Bellibolt, M|100\/100\n|turn|5\n|\n|t:|1697849999\n|move|p2a: valorant|Close Combat|p1a: drying machine\n|-damage|p1a: drying machine|26\/100\n|-unboost|p2a: valorant|def|1\n|-unboost|p2a: valorant|spd|1\n|-start|p1a: drying machine|Charge|Close Combat|[from] ability: Electromorphosis\n|move|p1a: drying machine|Toxic|p2a: valorant\n|-status|p2a: valorant|tox\n|\n|-heal|p1a: drying machine|32\/100|[from] item: Leftovers\n|-damage|p2a: valorant|59\/100 tox|[from] psn\n|upkeep\n|turn|6\n|\n|t:|1697850011\n|move|p2a: valorant|Close Combat|p1a: drying machine\n|-damage|p1a: drying machine|0 fnt\n|-unboost|p2a: valorant|def|1\n|-unboost|p2a: valorant|spd|1\n|faint|p1a: drying machine\n|\n|-damage|p2a: valorant|47\/100 tox|[from] psn\n|upkeep\n|\n|t:|1697850018\n|switch|p1a: negawatt|Magnezone|100\/100\n|turn|7\n|\n|t:|1697850025\n|move|p2a: valorant|Close Combat|p1a: negawatt\n|-supereffective|p1a: negawatt\n|-damage|p1a: negawatt|0 fnt\n|-unboost|p2a: valorant|def|1\n|-unboost|p2a: valorant|spd|1\n|faint|p1a: negawatt\n|\n|-damage|p2a: valorant|28\/100 tox|[from] psn\n|upkeep\n|\n|t:|1697850031\n|switch|p1a: weirdo|Sandy Shocks|100\/100\n|-enditem|p1a: weirdo|Booster Energy\n|-activate|p1a: weirdo|ability: Protosynthesis|[fromitem]\n|-start|p1a: weirdo|protosynthesisspa\n|turn|8\n|\n|t:|1697850047\n|move|p2a: valorant|Close Combat|p1a: weirdo\n|-damage|p1a: weirdo|0 fnt\n|-unboost|p2a: valorant|def|1\n|-unboost|p2a: valorant|spd|1\n|faint|p1a: weirdo\n|-end|p1a: weirdo|Protosynthesis|[silent]\n|\n|-damage|p2a: valorant|3\/100 tox|[from] psn\n|upkeep\n|\n|t:|1697850052\n|switch|p1a: washing machine|Rotom-Wash, shiny|100\/100\n|turn|9\n|\n|t:|1697850057\n|move|p1a: washing machine|Protect|p1a: washing machine\n|-singleturn|p1a: washing machine|Protect\n|move|p2a: valorant|Close Combat|p1a: washing machine\n|-activate|p1a: washing machine|move: Protect\n|\n|-damage|p2a: valorant|0 fnt|[from] psn\n|faint|p2a: valorant\n|-end|p2a: valorant|Quark Drive|[silent]\n|upkeep\n|c|\u2606VPECKO|i win\n|c|\u2606VPECKO|i win\n|c|\u2606VPECKO|ez\n|c|\u2606VPECKO|ez\n|c|\u2606VPECKO|ez\n|c|\u2606VPECKO|ez\n|\n|t:|1697850072\n|switch|p2a: fun and cool times|Flutter Mane|100\/100\n|turn|10\n|c|\u2606VPECKO|ez\n|c|\u2606VPECKO|ez\n|c|\u2606VPECKO|ez\n|c|\u2606VPECKO|ze\n|c|\u2606VPECKO|ze\n|c|\u2606VPECKO|ze\n|c|\u2606VPECKO|ez\n|c|\u2606VPECKO|ze\n|c|\u2606VPECKO|eze\n|c|\u2606VPECKO|ez\n|c|\u2606VPECKO|ez\n|c|\u2606VPECKO|e\n|c|\u2606VPECKO|z\n|c|\u2606VPECKO|ze\n|\n|t:|1697850090\n|-terastallize|p2a: fun and cool times|Fairy\n|move|p2a: fun and cool times|Moonblast|p1a: washing machine\n|-damage|p1a: washing machine|0 fnt\n|faint|p1a: washing machine\n|\n|win|yayitsbruhberry\n","uploadtime":1697850099,"views":16,"p1id":"vpecko","p2id":"yayitsbruhberry","formatid":"gen9anythinggoes","rating":0,"private":0,"password":""}