{"id":"gen9anythinggoes-1982868841","p1":"Jonusto","p2":"TTanic","format":"[Gen 9] Anything Goes","log":"|j|\u2606Jonusto\n|j|\u2606TTanic\n|t:|1699053101\n|gametype|singles\n|player|p1|Jonusto|170|\n|player|p2|TTanic|unknownf|\n|teamsize|p1|6\n|teamsize|p2|6\n|gen|9\n|tier|[Gen 9] Anything Goes\n|rule|HP Percentage Mod: HP is shown in percentages\n|rule|Endless Battle Clause: Forcing endless battles is banned\n|clearpoke\n|poke|p1|Gholdengo|\n|poke|p1|Espathra, M|\n|poke|p1|Kingambit, M|\n|poke|p1|Glimmora, M|\n|poke|p1|Quaquaval, M|\n|poke|p1|Garganacl, M|\n|poke|p2|Dondozo, F|\n|poke|p2|Cinderace, F|\n|poke|p2|Corviknight, M|\n|poke|p2|Krookodile, F|\n|poke|p2|Klawf, F|\n|poke|p2|Sylveon, M|\n|teampreview\n|c|\u2606TTanic|you winning this one I can tell-\n|c|\u2606Jonusto|this team is pretty strong so beware, glhf mi coranzo\n|\n|t:|1699053142\n|start\n|switch|p1a: Espathra|Espathra, M, shiny|100\/100\n|switch|p2a: Sylveon|Sylveon, M|100\/100\n|turn|1\n|\n|t:|1699053150\n|move|p1a: Espathra|Calm Mind|p1a: Espathra\n|-boost|p1a: Espathra|spa|1\n|-boost|p1a: Espathra|spd|1\n|move|p2a: Sylveon|Calm Mind|p2a: Sylveon\n|-boost|p2a: Sylveon|spa|1\n|-boost|p2a: Sylveon|spd|1\n|\n|-ability|p1a: Espathra|Speed Boost|boost\n|-boost|p1a: Espathra|spe|1\n|upkeep\n|turn|2\n|\n|t:|1699053162\n|move|p1a: Espathra|Lumina Crash|p2a: Sylveon\n|-damage|p2a: Sylveon|80\/100\n|-unboost|p2a: Sylveon|spd|2\n|move|p2a: Sylveon|Calm Mind|p2a: Sylveon\n|-boost|p2a: Sylveon|spa|1\n|-boost|p2a: Sylveon|spd|1\n|\n|-heal|p2a: Sylveon|87\/100|[from] item: Leftovers\n|-ability|p1a: Espathra|Speed Boost|boost\n|-boost|p1a: Espathra|spe|1\n|upkeep\n|turn|3\n|\n|t:|1699053173\n|move|p2a: Sylveon|Protect|p2a: Sylveon\n|-singleturn|p2a: Sylveon|Protect\n|move|p1a: Espathra|Lumina Crash|p2a: Sylveon\n|-activate|p2a: Sylveon|move: Protect\n|\n|-heal|p2a: Sylveon|93\/100|[from] item: Leftovers\n|-ability|p1a: Espathra|Speed Boost|boost\n|-boost|p1a: Espathra|spe|1\n|upkeep\n|turn|4\n|\n|t:|1699053183\n|move|p1a: Espathra|Calm Mind|p1a: Espathra\n|-boost|p1a: Espathra|spa|1\n|-boost|p1a: Espathra|spd|1\n|move|p2a: Sylveon|Calm Mind|p2a: Sylveon\n|-boost|p2a: Sylveon|spa|1\n|-boost|p2a: Sylveon|spd|1\n|\n|-heal|p2a: Sylveon|99\/100|[from] item: Leftovers\n|-ability|p1a: Espathra|Speed Boost|boost\n|-boost|p1a: Espathra|spe|1\n|upkeep\n|turn|5\n|\n|t:|1699053191\n|move|p1a: Espathra|Lumina Crash|p2a: Sylveon\n|-crit|p2a: Sylveon\n|-damage|p2a: Sylveon|41\/100\n|-unboost|p2a: Sylveon|spd|2\n|move|p2a: Sylveon|Hyper Voice|p1a: Espathra\n|-damage|p1a: Espathra|24\/100\n|\n|-heal|p1a: Espathra|30\/100|[from] item: Leftovers\n|-heal|p2a: Sylveon|47\/100|[from] item: Leftovers\n|-ability|p1a: Espathra|Speed Boost|boost\n|-boost|p1a: Espathra|spe|1\n|upkeep\n|turn|6\n|\n|t:|1699053203\n|move|p2a: Sylveon|Protect|p2a: Sylveon\n|-singleturn|p2a: Sylveon|Protect\n|move|p1a: Espathra|Lumina Crash|p2a: Sylveon\n|-activate|p2a: Sylveon|move: Protect\n|\n|-heal|p1a: Espathra|36\/100|[from] item: Leftovers\n|-heal|p2a: Sylveon|53\/100|[from] item: Leftovers\n|-ability|p1a: Espathra|Speed Boost|boost\n|-boost|p1a: Espathra|spe|1\n|upkeep\n|turn|7\n|c|\u2606Jonusto|1,081 SPEED\n|c|\u2606TTanic|DAMN D:\n|\n|t:|1699053226\n|move|p2a: Sylveon|Protect||[still]\n|-fail|p2a: Sylveon\n|move|p1a: Espathra|Lumina Crash|p2a: Sylveon\n|-damage|p2a: Sylveon|0 fnt\n|faint|p2a: Sylveon\n|\n|-heal|p1a: Espathra|42\/100|[from] item: Leftovers\n|upkeep\n|c|\u2606Jonusto|pretty hard to use protect twice\n|\n|t:|1699053244\n|switch|p2a: Krookodile|Krookodile, F|100\/100\n|-ability|p2a: Krookodile|Intimidate|boost\n|-unboost|p1a: Espathra|atk|1\n|turn|8\n|c|\u2606Jonusto|smart\n|\n|t:|1699053270\n|move|p1a: Espathra|Dazzling Gleam|p2a: Krookodile\n|-supereffective|p2a: Krookodile\n|-damage|p2a: Krookodile|0 fnt\n|faint|p2a: Krookodile\n|\n|-heal|p1a: Espathra|49\/100|[from] item: Leftovers\n|upkeep\n|\n|t:|1699053277\n|switch|p2a: Corviknight|Corviknight, M|100\/100\n|-ability|p2a: Corviknight|Pressure\n|turn|9\n|c|\u2606Jonusto|hmm\n|\n|t:|1699053301\n|move|p1a: Espathra|Calm Mind|p1a: Espathra\n|-boost|p1a: Espathra|spa|1\n|-boost|p1a: Espathra|spd|1\n|move|p2a: Corviknight|Brave Bird|p1a: Espathra\n|-damage|p1a: Espathra|0 fnt\n|faint|p1a: Espathra\n|-damage|p2a: Corviknight|87\/100|[from] Recoil\n|\n|-heal|p2a: Corviknight|93\/100|[from] item: Leftovers\n|upkeep\n|\n|t:|1699053311\n|switch|p1a: Gholdengo|Gholdengo|100\/100\n|turn|10\n|\n|t:|1699053323\n|switch|p1a: Glimmora|Glimmora, M, shiny|100\/100\n|move|p2a: Corviknight|Body Press|p1a: Glimmora\n|-damage|p1a: Glimmora|83\/100\n|-activate|p1a: Glimmora|ability: Toxic Debris\n|-sidestart|p2: TTanic|move: Toxic Spikes\n|\n|-heal|p1a: Glimmora|89\/100|[from] item: Leftovers\n|-heal|p2a: Corviknight|99\/100|[from] item: Leftovers\n|upkeep\n|turn|11\n|c|\u2606Jonusto|hehe\n|c|\u2606Jonusto|HEHE\n|c|\u2606TTanic|HEY WHAT?\n|\n|t:|1699053340\n|switch|p2a: Klawf|Klawf, F|100\/100\n|move|p1a: Glimmora|Spiky Shield||[still]\n|-fail|p1a: Glimmora\n|\n|-heal|p1a: Glimmora|95\/100|[from] item: Leftovers\n|upkeep\n|turn|12\n|\n|t:|1699053348\n|move|p2a: Klawf|Knock Off|p1a: Glimmora\n|-damage|p1a: Glimmora|76\/100\n|-activate|p1a: Glimmora|ability: Toxic Debris\n|-sidestart|p2: TTanic|move: Toxic Spikes\n|-enditem|p1a: Glimmora|Leftovers|[from] move: Knock Off|[of] p2a: Klawf\n|move|p1a: Glimmora|Stealth Rock|p2a: Klawf\n|-sidestart|p2: TTanic|move: Stealth Rock\n|\n|upkeep\n|turn|13\n|c|\u2606Jonusto|HEEHEE\n|c|\u2606TTanic|Ooh! Steel rocks :)\n|c|\u2606Jonusto|stealth rocks\n|\n|t:|1699053368\n|move|p1a: Glimmora|Spiky Shield|p1a: Glimmora\n|-singleturn|p1a: Glimmora|move: Protect\n|move|p2a: Klawf|Stone Edge|p1a: Glimmora\n|-activate|p1a: Glimmora|move: Protect\n|\n|upkeep\n|turn|14\n|\n|t:|1699053375\n|move|p2a: Klawf|Stone Edge|p1a: Glimmora|[miss]\n|-miss|p2a: Klawf|p1a: Glimmora\n|move|p1a: Glimmora|Power Gem|p2a: Klawf\n|-damage|p2a: Klawf|45\/100\n|\n|upkeep\n|turn|15\n|\n|t:|1699053385\n|move|p1a: Glimmora|Spiky Shield|p1a: Glimmora\n|-singleturn|p1a: Glimmora|move: Protect\n|move|p2a: Klawf|Swords Dance|p2a: Klawf\n|-boost|p2a: Klawf|atk|2\n|\n|upkeep\n|turn|16\n|\n|t:|1699053391\n|move|p2a: Klawf|Trailblaze|p1a: Glimmora\n|-damage|p1a: Glimmora|57\/100\n|-boost|p2a: Klawf|spe|1\n|move|p1a: Glimmora|Power Gem|p2a: Klawf\n|-damage|p2a: Klawf|0 fnt\n|faint|p2a: Klawf\n|\n|upkeep\n|\n|t:|1699053399\n|switch|p2a: Dondozo|Dondozo, F|100\/100\n|turn|17\n|\n|t:|1699053412\n|move|p1a: Glimmora|Power Gem|p2a: Dondozo\n|-damage|p2a: Dondozo|69\/100\n|move|p2a: Dondozo|Liquidation|p1a: Glimmora\n|-supereffective|p1a: Glimmora\n|-damage|p1a: Glimmora|16\/100\n|\n|upkeep\n|turn|18\n|c|\u2606Jonusto|klawf is so fragile\n|\n|t:|1699053421\n|move|p1a: Glimmora|Power Gem|p2a: Dondozo\n|-damage|p2a: Dondozo|38\/100\n|move|p2a: Dondozo|Body Press|p1a: Glimmora\n|-damage|p1a: Glimmora|0 fnt\n|faint|p1a: Glimmora\n|\n|upkeep\n|c|\u2606Jonusto|ahem\n|c|\u2606Jonusto|It's time.\n|\n|t:|1699053442\n|switch|p1a: Kingambit|Kingambit, M, shiny|100\/100\n|turn|19\n|c|\u2606TTanic|Who tf-\n|\n|t:|1699053453\n|move|p1a: Kingambit|Swords Dance|p1a: Kingambit\n|-boost|p1a: Kingambit|atk|2\n|move|p2a: Dondozo|Sleep Talk||[still]\n|-fail|p2a: Dondozo\n|\n|upkeep\n|turn|20\n|c|\u2606Jonusto|405 Atk.\n|c|\u2606Jonusto|Now.\n|c|\u2606Jonusto|810.\n|c|\u2606Jonusto|KOWWWWW\n|c|\u2606Jonusto|TOWWWWW\n|c|\u2606Jonusto|KUREAAAVUUUU\n|\n|t:|1699053492\n|move|p1a: Kingambit|Kowtow Cleave|p2a: Dondozo\n|-damage|p2a: Dondozo|15\/100\n|move|p2a: Dondozo|Sleep Talk||[still]\n|-fail|p2a: Dondozo\n|\n|upkeep\n|turn|21\n|c|\u2606TTanic|HAHA\n|\n|t:|1699053503\n|move|p1a: Kingambit|Sucker Punch||[still]\n|-fail|p1a: Kingambit\n|move|p2a: Dondozo|Rest|p2a: Dondozo\n|-status|p2a: Dondozo|slp|[from] move: Rest\n|-heal|p2a: Dondozo|100\/100 slp|[silent]\n|\n|upkeep\n|turn|22\n|c|\u2606Jonusto|MAN\n|\n|t:|1699053511\n|move|p1a: Kingambit|Swords Dance|p1a: Kingambit\n|-boost|p1a: Kingambit|atk|2\n|cant|p2a: Dondozo|slp\n|\n|upkeep\n|turn|23\n|c|\u2606Jonusto|1,215.\n|\n|t:|1699053524\n|move|p1a: Kingambit|Swords Dance|p1a: Kingambit\n|-boost|p1a: Kingambit|atk|2\n|cant|p2a: Dondozo|slp\n|\n|upkeep\n|turn|24\n|c|\u2606TTanic|STOP RASING IT\n|c|\u2606Jonusto|1,620.\n|\n|t:|1699053538\n|move|p1a: Kingambit|Kowtow Cleave|p2a: Dondozo\n|-damage|p2a: Dondozo|79\/100 slp\n|-curestatus|p2a: Dondozo|slp|[msg]\n|move|p2a: Dondozo|Liquidation|p1a: Kingambit\n|-damage|p1a: Kingambit|79\/100\n|\n|-heal|p1a: Kingambit|86\/100|[from] item: Leftovers\n|upkeep\n|turn|25\n|c|\u2606TTanic|LMFAO\n|\n|t:|1699053550\n|move|p1a: Kingambit|Iron Head|p2a: Dondozo\n|-resisted|p2a: Dondozo\n|-damage|p2a: Dondozo|69\/100\n|move|p2a: Dondozo|Liquidation|p1a: Kingambit\n|-damage|p1a: Kingambit|65\/100\n|-unboost|p1a: Kingambit|def|1\n|-boost|p1a: Kingambit|atk|0\n|\n|-heal|p1a: Kingambit|71\/100|[from] item: Leftovers\n|upkeep\n|turn|26\n|\n|t:|1699053560\n|move|p1a: Kingambit|Sucker Punch|p2a: Dondozo\n|-damage|p2a: Dondozo|50\/100\n|move|p2a: Dondozo|Liquidation|p1a: Kingambit\n|-damage|p1a: Kingambit|48\/100\n|\n|-heal|p1a: Kingambit|54\/100|[from] item: Leftovers\n|upkeep\n|turn|27\n|c|\u2606Jonusto|this is getting me mad\n|c|\u2606Jonusto|why isnt this working \ud83d\ude2d\ud83d\ude2d\ud83d\ude2d\ud83d\ude2d\n|c|\u2606Jonusto|OH I JUST REALIZED\n|c|\u2606Jonusto|UNAWARE\n|c|\u2606Jonusto|\ud83d\udc80\ud83d\udc80\ud83d\udc80\ud83d\udc80\ud83d\udc80\ud83d\udc80\n|\n|t:|1699053600\n|-terastallize|p1a: Kingambit|Dark\n|move|p1a: Kingambit|Kowtow Cleave|p2a: Dondozo\n|-crit|p2a: Dondozo\n|-damage|p2a: Dondozo|7\/100\n|move|p2a: Dondozo|Liquidation|p1a: Kingambit\n|-damage|p1a: Kingambit|33\/100\n|\n|-heal|p1a: Kingambit|40\/100|[from] item: Leftovers\n|upkeep\n|turn|28\n|c|\u2606TTanic|WTF\n|\n|t:|1699053611\n|move|p1a: Kingambit|Kowtow Cleave|p2a: Dondozo\n|-damage|p2a: Dondozo|0 fnt\n|faint|p2a: Dondozo\n|\n|-heal|p1a: Kingambit|46\/100|[from] item: Leftovers\n|upkeep\n|\n|t:|1699053618\n|switch|p2a: Corviknight|Corviknight, M|99\/100\n|-damage|p2a: Corviknight|87\/100|[from] Stealth Rock\n|-ability|p2a: Corviknight|Pressure\n|turn|29\n|c|\u2606TTanic|MANNNN]\n|c|\u2606Jonusto|ok now i win\n|\n|t:|1699053634\n|move|p1a: Kingambit|Sucker Punch||[still]\n|-fail|p1a: Kingambit\n|move|p2a: Corviknight|Roost|p2a: Corviknight\n|-heal|p2a: Corviknight|100\/100\n|-singleturn|p2a: Corviknight|move: Roost\n|\n|-heal|p1a: Kingambit|52\/100|[from] item: Leftovers\n|upkeep\n|turn|30\n|\n|t:|1699053643\n|move|p1a: Kingambit|Sucker Punch|p2a: Corviknight\n|-crit|p2a: Corviknight\n|-damage|p2a: Corviknight|0 fnt\n|faint|p2a: Corviknight\n|\n|-heal|p1a: Kingambit|58\/100|[from] item: Leftovers\n|upkeep\n|c|\u2606TTanic|HOLY SHIT??\n|\n|t:|1699053652\n|switch|p2a: Cinderace|Cinderace, F|100\/100\n|turn|31\n|c|\u2606TTanic|Gg\n|c|\u2606Jonusto|smirks\n|c|\u2606TTanic|stfu\n|c|\u2606Jonusto|dark breathing\n|c|\u2606Jonusto|final form\n|c|\u2606Jonusto|KOWWW TOWWWWW\n|c|\u2606TTanic|JUST FUCKING KILL ME\n|c|\u2606Jonusto|KUREEEAAAAAVUUUUU\n|\n|t:|1699053690\n|move|p2a: Cinderace|Pyro Ball|p1a: Kingambit\n|-damage|p1a: Kingambit|0 fnt\n|faint|p1a: Kingambit\n|\n|upkeep\n|c|\u2606TTanic|LMFAOOOO\n|c|\u2606Jonusto|im gonna cry\n|\n|t:|1699053699\n|switch|p1a: Quaquaval|Quaquaval, M, shiny|100\/100\n|turn|32\n|c|\u2606TTanic|NO DON'T CRY\n|c|\u2606Jonusto|middle finger \/j\n|\n|t:|1699053716\n|move|p2a: Cinderace|Court Change|p2a: Cinderace\n|-start|p2a: Cinderace|typechange|Normal|[from] ability: Libero\n|-swapsideconditions\n|-activate|p2a: Cinderace|move: Court Change\n|move|p1a: Quaquaval|Wave Crash|p2a: Cinderace\n|-damage|p2a: Cinderace|0 fnt\n|faint|p2a: Cinderace\n|-damage|p1a: Quaquaval|69\/100|[from] Recoil\n|-damage|p1a: Quaquaval|59\/100|[from] item: Life Orb\n|\n|win|Jonusto\n|c|\u2606TTanic|FUCK\n|c|\u2606TTanic|Gg\n|c|\u2606Jonusto|gg\n","uploadtime":1699053736,"views":4,"p1id":"jonusto","p2id":"ttanic","formatid":"gen9anythinggoes","rating":0,"private":0,"password":""}