{"id":"gen9anythinggoes-1995607192","p1":"DaSwampp","p2":"Pokemh","format":"[Gen 9] Anything Goes","log":"|j|\u2606DaSwampp\n|j|\u203dPokemh\n|t:|1700587010\n|gametype|singles\n|player|p1|DaSwampp|alder|1475\n|player|p2|Pokemh|waitress-gen4|1772\n|teamsize|p1|6\n|teamsize|p2|6\n|gen|9\n|tier|[Gen 9] Anything Goes\n|rated|\n|rule|HP Percentage Mod: HP is shown in percentages\n|rule|Endless Battle Clause: Forcing endless battles is banned\n|clearpoke\n|poke|p1|Forretress, F|\n|poke|p1|Calyrex-Shadow|\n|poke|p1|Dragonite, M|\n|poke|p1|Ursaluna-Bloodmoon, M|\n|poke|p1|Dragapult, F|\n|poke|p1|Volcarona, F|\n|poke|p2|Mandibuzz, F|\n|poke|p2|Toxapex, F|\n|poke|p2|Blissey, F|\n|poke|p2|Alomomola, F|\n|poke|p2|Clodsire, M|\n|poke|p2|Dondozo, F|\n|teampreview\n|inactive|Battle timer is ON: inactive players will automatically lose when time's up. (requested by DaSwampp)\n|\n|t:|1700587024\n|start\n|switch|p1a: Calyrex|Calyrex-Shadow|100\/100\n|switch|p2a: Mandibuzz|Mandibuzz, F|100\/100\n|-ability|p1a: Calyrex|As One\n|-ability|p1a: Calyrex|Unnerve\n|turn|1\n|\n|t:|1700587037\n|-terastallize|p1a: Calyrex|Fairy\n|move|p1a: Calyrex|Tera Blast|p2a: Mandibuzz|[anim] Tera Blast Fairy\n|-supereffective|p2a: Mandibuzz\n|-damage|p2a: Mandibuzz|37\/100\n|move|p2a: Mandibuzz|Knock Off|p1a: Calyrex\n|-resisted|p1a: Calyrex\n|-damage|p1a: Calyrex|87\/100\n|-enditem|p1a: Calyrex|Assault Vest|[from] move: Knock Off|[of] p2a: Mandibuzz\n|\n|upkeep\n|turn|2\n|\n|t:|1700587049\n|switch|p2a: Blissey|Blissey, F|100\/100\n|move|p1a: Calyrex|Tera Blast|p2a: Blissey|[anim] Tera Blast Fairy\n|-damage|p2a: Blissey|84\/100\n|\n|upkeep\n|turn|3\n|\n|t:|1700587064\n|switch|p1a: Dragapult|Dragapult, F|100\/100\n|move|p2a: Blissey|Seismic Toss|p1a: Dragapult\n|-immune|p1a: Dragapult\n|\n|upkeep\n|turn|4\n|\n|t:|1700587083\n|switch|p2a: Toxapex|Toxapex, F|100\/100\n|move|p1a: Dragapult|Dragon Darts|p2a: Toxapex\n|-damage|p2a: Toxapex|79\/100\n|-anim|p1a: Dragapult|Dragon Darts|p2a: Toxapex\n|-damage|p2a: Toxapex|55\/100\n|\n|upkeep\n|turn|5\n|inactive|Pokemh has 120 seconds left.\n|\n|t:|1700587114\n|switch|p1a: Forretress|Forretress, F, shiny|100\/100\n|move|p2a: Toxapex|Toxic Spikes|p1a: Forretress\n|-sidestart|p1: DaSwampp|move: Toxic Spikes\n|\n|upkeep\n|turn|6\n|inactive|Pokemh has 120 seconds left.\n|\n|t:|1700587136\n|switch|p2a: Alomomola|Alomomola, F|100\/100\n|move|p1a: Forretress|Rapid Spin|p2a: Alomomola\n|-damage|p2a: Alomomola|95\/100\n|-boost|p1a: Forretress|spe|1\n|-sideend|p1: DaSwampp|Toxic Spikes|[from] move: Rapid Spin|[of] p1a: Forretress\n|\n|upkeep\n|turn|7\n|\n|t:|1700587141\n|move|p1a: Forretress|Stealth Rock|p2a: Alomomola\n|-sidestart|p2: Pokemh|move: Stealth Rock\n|move|p2a: Alomomola|Scald|p1a: Forretress\n|-damage|p1a: Forretress|85\/100\n|-status|p1a: Forretress|brn\n|\n|-heal|p1a: Forretress|91\/100 brn|[from] item: Leftovers\n|-damage|p1a: Forretress|85\/100 brn|[from] brn\n|upkeep\n|turn|8\n|inactive|Pokemh has 120 seconds left.\n|\n|t:|1700587155\n|move|p1a: Forretress|Toxic Spikes|p2a: Alomomola\n|-sidestart|p2: Pokemh|move: Toxic Spikes\n|move|p2a: Alomomola|Scald|p1a: Forretress\n|-damage|p1a: Forretress|71\/100 brn\n|\n|-heal|p1a: Forretress|77\/100 brn|[from] item: Leftovers\n|-damage|p1a: Forretress|71\/100 brn|[from] brn\n|upkeep\n|turn|9\n|inactive|Pokemh has 120 seconds left.\n|\n|t:|1700587193\n|move|p1a: Forretress|Body Press|p2a: Alomomola\n|-damage|p2a: Alomomola|87\/100\n|move|p2a: Alomomola|Scald|p1a: Forretress\n|-damage|p1a: Forretress|54\/100 brn\n|\n|-heal|p1a: Forretress|60\/100 brn|[from] item: Leftovers\n|-damage|p1a: Forretress|54\/100 brn|[from] brn\n|upkeep\n|turn|10\n|\n|t:|1700587201\n|move|p1a: Forretress|Body Press|p2a: Alomomola\n|-damage|p2a: Alomomola|79\/100\n|move|p2a: Alomomola|Scald|p1a: Forretress\n|-damage|p1a: Forretress|37\/100 brn\n|\n|-heal|p1a: Forretress|43\/100 brn|[from] item: Leftovers\n|-damage|p1a: Forretress|37\/100 brn|[from] brn\n|upkeep\n|turn|11\n|\n|t:|1700587206\n|move|p1a: Forretress|Body Press|p2a: Alomomola\n|-damage|p2a: Alomomola|70\/100\n|move|p2a: Alomomola|Wish|p2a: Alomomola\n|\n|-heal|p1a: Forretress|43\/100 brn|[from] item: Leftovers\n|-damage|p1a: Forretress|37\/100 brn|[from] brn\n|upkeep\n|turn|12\n|\n|t:|1700587208\n|move|p1a: Forretress|Body Press|p2a: Alomomola\n|-damage|p2a: Alomomola|63\/100\n|move|p2a: Alomomola|Scald|p1a: Forretress\n|-damage|p1a: Forretress|20\/100 brn\n|\n|-heal|p2a: Alomomola|100\/100|[from] move: Wish|[wisher] Alomomola\n|-heal|p1a: Forretress|26\/100 brn|[from] item: Leftovers\n|-damage|p1a: Forretress|20\/100 brn|[from] brn\n|upkeep\n|turn|13\n|\n|t:|1700587215\n|switch|p2a: Clodsire|Clodsire, M|100\/100\n|-sideend|p2: Pokemh|move: Toxic Spikes|[of] p2a: Clodsire\n|move|p1a: Forretress|Body Press|p2a: Clodsire\n|-resisted|p2a: Clodsire\n|-damage|p2a: Clodsire|93\/100\n|\n|-heal|p1a: Forretress|26\/100 brn|[from] item: Leftovers\n|-damage|p1a: Forretress|20\/100 brn|[from] brn\n|upkeep\n|turn|14\n|\n|t:|1700587230\n|move|p1a: Forretress|Rapid Spin|p2a: Clodsire\n|-damage|p2a: Clodsire|88\/100\n|-boost|p1a: Forretress|spe|1\n|move|p2a: Clodsire|Earthquake|p1a: Forretress\n|-damage|p1a: Forretress|0 fnt\n|faint|p1a: Forretress\n|\n|upkeep\n|\n|t:|1700587238\n|switch|p1a: Calyrex|Calyrex-Shadow, tera:Fairy|87\/100\n|-ability|p1a: Calyrex|As One\n|-ability|p1a: Calyrex|Unnerve\n|turn|15\n|\n|t:|1700587242\n|move|p1a: Calyrex|Psychic|p2a: Clodsire\n|-supereffective|p2a: Clodsire\n|-damage|p2a: Clodsire|28\/100\n|move|p2a: Clodsire|Toxic|p1a: Calyrex\n|-status|p1a: Calyrex|tox\n|\n|-damage|p1a: Calyrex|81\/100 tox|[from] psn\n|upkeep\n|turn|16\n|\n|t:|1700587263\n|switch|p2a: Blissey|Blissey, F|84\/100\n|move|p1a: Calyrex|Tera Blast|p2a: Blissey|[anim] Tera Blast Fairy\n|-damage|p2a: Blissey|66\/100\n|\n|-damage|p1a: Calyrex|69\/100 tox|[from] psn\n|upkeep\n|turn|17\n|\n|t:|1700587270\n|switch|p1a: Dragapult|Dragapult, F|100\/100\n|move|p2a: Blissey|Soft-Boiled|p2a: Blissey\n|-heal|p2a: Blissey|100\/100\n|\n|upkeep\n|turn|18\n|\n|t:|1700587276\n|switch|p2a: Toxapex|Toxapex, F|88\/100\n|move|p1a: Dragapult|Dragon Darts|p2a: Toxapex\n|-damage|p2a: Toxapex|64\/100\n|-anim|p1a: Dragapult|Dragon Darts|p2a: Toxapex\n|-damage|p2a: Toxapex|42\/100\n|\n|upkeep\n|turn|19\n|\n|t:|1700587280\n|switch|p2a: Alomomola|Alomomola, F|100\/100\n|move|p1a: Dragapult|Dragon Darts|p2a: Alomomola\n|-damage|p2a: Alomomola|80\/100\n|-anim|p1a: Dragapult|Dragon Darts|p2a: Alomomola\n|-damage|p2a: Alomomola|59\/100\n|\n|upkeep\n|turn|20\n|\n|t:|1700587292\n|switch|p1a: Calyrex|Calyrex-Shadow, tera:Fairy|69\/100 tox\n|-ability|p1a: Calyrex|As One\n|-ability|p1a: Calyrex|Unnerve\n|move|p2a: Alomomola|Scald|p1a: Calyrex\n|-damage|p1a: Calyrex|57\/100 tox\n|\n|-damage|p1a: Calyrex|50\/100 tox|[from] psn\n|upkeep\n|turn|21\n|\n|t:|1700587294\n|move|p2a: Alomomola|Protect|p2a: Alomomola\n|-singleturn|p2a: Alomomola|Protect\n|move|p1a: Calyrex|Grass Knot|p2a: Alomomola\n|-activate|p2a: Alomomola|move: Protect\n|\n|-damage|p1a: Calyrex|38\/100 tox|[from] psn\n|upkeep\n|turn|22\n|\n|t:|1700587298\n|switch|p2a: Blissey|Blissey, F|100\/100\n|move|p1a: Calyrex|Tera Blast|p2a: Blissey|[anim] Tera Blast Fairy\n|-damage|p2a: Blissey|84\/100\n|\n|-damage|p1a: Calyrex|20\/100 tox|[from] psn\n|upkeep\n|turn|23\n|\n|t:|1700587303\n|switch|p1a: Dragapult|Dragapult, F|100\/100\n|move|p2a: Blissey|Seismic Toss|p1a: Dragapult\n|-immune|p1a: Dragapult\n|\n|upkeep\n|turn|24\n|\n|t:|1700587312\n|switch|p2a: Alomomola|Alomomola, F|92\/100\n|move|p1a: Dragapult|Dragon Darts|p2a: Alomomola\n|-damage|p2a: Alomomola|72\/100\n|-anim|p1a: Dragapult|Dragon Darts|p2a: Alomomola\n|-damage|p2a: Alomomola|53\/100\n|\n|upkeep\n|turn|25\n|\n|t:|1700587316\n|move|p2a: Alomomola|Protect|p2a: Alomomola\n|-singleturn|p2a: Alomomola|Protect\n|move|p1a: Dragapult|Dragon Darts|p2a: Alomomola\n|-activate|p2a: Alomomola|move: Protect\n|\n|upkeep\n|turn|26\n|\n|t:|1700587319\n|switch|p2a: Toxapex|Toxapex, F|75\/100\n|move|p1a: Dragapult|Dragon Darts|p2a: Toxapex\n|-damage|p2a: Toxapex|52\/100\n|-anim|p1a: Dragapult|Dragon Darts|p2a: Toxapex\n|-crit|p2a: Toxapex\n|-damage|p2a: Toxapex|16\/100\n|\n|upkeep\n|turn|27\n|\n|t:|1700587325\n|move|p2a: Toxapex|Baneful Bunker|p2a: Toxapex\n|-singleturn|p2a: Toxapex|move: Protect\n|move|p1a: Dragapult|Dragon Darts|p2a: Toxapex\n|-activate|p2a: Toxapex|move: Protect\n|\n|upkeep\n|turn|28\n|\n|t:|1700587328\n|switch|p2a: Alomomola|Alomomola, F|86\/100\n|move|p1a: Dragapult|Dragon Darts|p2a: Alomomola\n|-damage|p2a: Alomomola|66\/100\n|-anim|p1a: Dragapult|Dragon Darts|p2a: Alomomola\n|-damage|p2a: Alomomola|46\/100\n|\n|upkeep\n|turn|29\n|\n|t:|1700587336\n|move|p2a: Alomomola|Protect|p2a: Alomomola\n|-singleturn|p2a: Alomomola|Protect\n|move|p1a: Dragapult|Dragon Darts|p2a: Alomomola\n|-activate|p2a: Alomomola|move: Protect\n|\n|upkeep\n|turn|30\n|\n|t:|1700587340\n|switch|p2a: Dondozo|Dondozo, F|100\/100\n|move|p1a: Dragapult|Dragon Darts|p2a: Dondozo\n|-damage|p2a: Dondozo|83\/100\n|-anim|p1a: Dragapult|Dragon Darts|p2a: Dondozo\n|-crit|p2a: Dondozo\n|-damage|p2a: Dondozo|58\/100\n|\n|upkeep\n|turn|31\n|\n|t:|1700587355\n|switch|p1a: Ursaluna|Ursaluna-Bloodmoon, M|100\/100\n|-terastallize|p2a: Dondozo|Fairy\n|move|p2a: Dondozo|Rest|p2a: Dondozo\n|-status|p2a: Dondozo|slp|[from] move: Rest\n|-heal|p2a: Dondozo|100\/100 slp|[silent]\n|\n|upkeep\n|turn|32\n|\n|t:|1700587360\n|switch|p2a: Blissey|Blissey, F|84\/100\n|move|p1a: Ursaluna|Calm Mind|p1a: Ursaluna\n|-boost|p1a: Ursaluna|spa|1\n|-boost|p1a: Ursaluna|spd|1\n|\n|upkeep\n|turn|33\n|\n|t:|1700587367\n|move|p2a: Blissey|Seismic Toss|p1a: Ursaluna\n|-damage|p1a: Ursaluna|77\/100\n|move|p1a: Ursaluna|Calm Mind|p1a: Ursaluna\n|-boost|p1a: Ursaluna|spa|1\n|-boost|p1a: Ursaluna|spd|1\n|\n|upkeep\n|turn|34\n|\n|t:|1700587372\n|move|p2a: Blissey|Seismic Toss|p1a: Ursaluna\n|-damage|p1a: Ursaluna|54\/100\n|move|p1a: Ursaluna|Blood Moon|p2a: Blissey\n|-crit|p2a: Blissey\n|-damage|p2a: Blissey|0 fnt\n|faint|p2a: Blissey\n|-damage|p1a: Ursaluna|44\/100|[from] item: Life Orb\n|\n|upkeep\n|\n|t:|1700587387\n|switch|p2a: Mandibuzz|Mandibuzz, F|37\/100\n|turn|35\n|\n|t:|1700587390\n|move|p2a: Mandibuzz|Toxic|p1a: Ursaluna\n|-status|p1a: Ursaluna|tox\n|move|p1a: Ursaluna|Moonblast|p2a: Mandibuzz\n|-supereffective|p2a: Mandibuzz\n|-damage|p2a: Mandibuzz|0 fnt\n|faint|p2a: Mandibuzz\n|-damage|p1a: Ursaluna|34\/100 tox|[from] item: Life Orb\n|\n|-damage|p1a: Ursaluna|28\/100 tox|[from] psn\n|upkeep\n|\n|t:|1700587395\n|switch|p2a: Alomomola|Alomomola, F|79\/100\n|turn|36\n|\n|t:|1700587401\n|move|p2a: Alomomola|Protect|p2a: Alomomola\n|-singleturn|p2a: Alomomola|Protect\n|move|p1a: Ursaluna|Blood Moon|p2a: Alomomola\n|-activate|p2a: Alomomola|move: Protect\n|\n|-damage|p1a: Ursaluna|16\/100 tox|[from] psn\n|upkeep\n|turn|37\n|\n|t:|1700587409\n|switch|p2a: Clodsire|Clodsire, M|28\/100\n|move|p1a: Ursaluna|Earth Power|p2a: Clodsire\n|-supereffective|p2a: Clodsire\n|-damage|p2a: Clodsire|0 fnt\n|faint|p2a: Clodsire\n|-damage|p1a: Ursaluna|6\/100 tox|[from] item: Life Orb\n|\n|-damage|p1a: Ursaluna|0 fnt|[from] psn\n|faint|p1a: Ursaluna\n|upkeep\n|\n|t:|1700587420\n|switch|p1a: Dragapult|Dragapult, F|100\/100\n|switch|p2a: Alomomola|Alomomola, F|100\/100\n|turn|38\n|\n|t:|1700587427\n|move|p2a: Alomomola|Protect|p2a: Alomomola\n|-singleturn|p2a: Alomomola|Protect\n|move|p1a: Dragapult|Dragon Darts|p2a: Alomomola\n|-activate|p2a: Alomomola|move: Protect\n|\n|upkeep\n|turn|39\n|\n|t:|1700587432\n|switch|p2a: Dondozo|Dondozo, F, tera:Fairy|100\/100 slp\n|move|p1a: Dragapult|Dragon Darts|p2a: Dondozo\n|-immune|p2a: Dondozo\n|\n|upkeep\n|turn|40\n|\n|t:|1700587437\n|switch|p1a: Volcarona|Volcarona, F|100\/100\n|switch|p2a: Alomomola|Alomomola, F|100\/100\n|\n|upkeep\n|turn|41\n|\n|t:|1700587443\n|switch|p2a: Toxapex|Toxapex, F|49\/100\n|move|p1a: Volcarona|Quiver Dance|p1a: Volcarona\n|-boost|p1a: Volcarona|spa|1\n|-boost|p1a: Volcarona|spd|1\n|-boost|p1a: Volcarona|spe|1\n|\n|upkeep\n|turn|42\n|\n|t:|1700587448\n|move|p1a: Volcarona|Psychic|p2a: Toxapex\n|-supereffective|p2a: Toxapex\n|-damage|p2a: Toxapex|0 fnt\n|faint|p2a: Toxapex\n|\n|upkeep\n|\n|t:|1700587452\n|switch|p2a: Dondozo|Dondozo, F, tera:Fairy|100\/100 slp\n|turn|43\n|\n|t:|1700587457\n|move|p1a: Volcarona|Flamethrower|p2a: Dondozo\n|-damage|p2a: Dondozo|53\/100 slp\n|cant|p2a: Dondozo|slp\n|move|p2a: Dondozo|Sleep Talk|p2a: Dondozo\n|move|p2a: Dondozo|Fissure|p1a: Volcarona|[from]move: Sleep Talk\n|-enditem|p1a: Volcarona|Focus Sash\n|-damage|p1a: Volcarona|1\/100\n|\n|upkeep\n|turn|44\n|\n|t:|1700587463\n|move|p1a: Volcarona|Flamethrower|p2a: Dondozo\n|-damage|p2a: Dondozo|0 fnt\n|faint|p2a: Dondozo\n|\n|upkeep\n|\n|t:|1700587466\n|switch|p2a: Alomomola|Alomomola, F|100\/100\n|turn|45\n|\n|t:|1700587469\n|move|p1a: Volcarona|Giga Drain|p2a: Alomomola\n|-supereffective|p2a: Alomomola\n|-damage|p2a: Alomomola|0 fnt\n|-heal|p1a: Volcarona|86\/100|[from] drain|[of] p2a: Alomomola\n|faint|p2a: Alomomola\n|\n|win|DaSwampp\n|raw|DaSwampp's rating: 1475 &rarr; <strong>1509<\/strong><br \/>(+34 for winning)\n|raw|Pokemh's rating: 1789 &rarr; <strong>1755<\/strong><br \/>(-34 for losing)\n|l|\u203dPokemh\n|c|\u2606DaSwampp|damn 1700 elo\n","uploadtime":1700587631,"views":23,"p1id":"daswampp","p2id":"pokemh","formatid":"gen9anythinggoes","rating":1509,"private":0,"password":""}