{"id":"gen9anythinggoes-1980531939","p1":"Kamitami","p2":"eurybie","format":"[Gen 9] Anything Goes","log":"|j|\u2606Kamitami\n|j|\u2606eurybie\n|t:|1698794264\n|gametype|singles\n|player|p1|Kamitami|steven|1595\n|player|p2|eurybie|1|1828\n|teamsize|p1|6\n|teamsize|p2|6\n|gen|9\n|tier|[Gen 9] Anything Goes\n|rated|\n|rule|HP Percentage Mod: HP is shown in percentages\n|rule|Endless Battle Clause: Forcing endless battles is banned\n|clearpoke\n|poke|p1|Amoonguss, M|\n|poke|p1|Grimmsnarl, M|\n|poke|p1|Ditto|\n|poke|p1|Glalie, M|\n|poke|p1|Scovillain, M|\n|poke|p1|Miraidon|\n|poke|p2|Miraidon|\n|poke|p2|Grimmsnarl, M|\n|poke|p2|Skeledirge, F|\n|poke|p2|Blissey, F|\n|poke|p2|Moltres|\n|poke|p2|Calyrex-Ice|\n|teampreview\n|inactive|Battle timer is ON: inactive players will automatically lose when time's up. (requested by Kamitami)\n|\n|t:|1698794281\n|start\n|switch|p1a: Grimmsnarl|Grimmsnarl, M|100\/100\n|switch|p2a: Grimmsnarl|Grimmsnarl, M|100\/100\n|turn|1\n|inactive|Kamitami has 120 seconds left.\n|\n|t:|1698794313\n|move|p2a: Grimmsnarl|Spirit Break|p1a: Grimmsnarl\n|-supereffective|p1a: Grimmsnarl\n|-damage|p1a: Grimmsnarl|39\/100\n|-unboost|p1a: Grimmsnarl|spa|1\n|move|p1a: Grimmsnarl|Spirit Break|p2a: Grimmsnarl\n|-supereffective|p2a: Grimmsnarl\n|-damage|p2a: Grimmsnarl|30\/100\n|-unboost|p2a: Grimmsnarl|spa|1\n|\n|upkeep\n|turn|2\n|\n|t:|1698794323\n|move|p1a: Grimmsnarl|Reflect|p1a: Grimmsnarl\n|-sidestart|p1: Kamitami|Reflect\n|move|p2a: Grimmsnarl|Spirit Break|p1a: Grimmsnarl\n|-supereffective|p1a: Grimmsnarl\n|-damage|p1a: Grimmsnarl|12\/100\n|-unboost|p1a: Grimmsnarl|spa|1\n|\n|upkeep\n|turn|3\n|\n|t:|1698794331\n|move|p1a: Grimmsnarl|Light Screen|p1a: Grimmsnarl\n|-sidestart|p1: Kamitami|move: Light Screen\n|move|p2a: Grimmsnarl|Spirit Break|p1a: Grimmsnarl\n|-supereffective|p1a: Grimmsnarl\n|-damage|p1a: Grimmsnarl|0 fnt\n|faint|p1a: Grimmsnarl\n|\n|upkeep\n|\n|t:|1698794338\n|switch|p1a: Ditto|Ditto|100\/100\n|-transform|p1a: Ditto|p2a: Grimmsnarl|[from] ability: Imposter\n|turn|4\n|\n|t:|1698794345\n|switch|p2a: Moltres|Moltres|100\/100\n|move|p1a: Ditto|Spirit Break|p2a: Moltres\n|-resisted|p2a: Moltres\n|-damage|p2a: Moltres|90\/100\n|-unboost|p2a: Moltres|spa|1\n|-status|p1a: Ditto|brn|[from] ability: Flame Body|[of] p2a: Moltres\n|\n|-damage|p1a: Ditto|94\/100 brn|[from] brn\n|upkeep\n|turn|5\n|\n|t:|1698794357\n|move|p1a: Ditto|Parting Shot|p2a: Moltres\n|-unboost|p2a: Moltres|atk|1\n|-unboost|p2a: Moltres|spa|1\n|\n|t:|1698794361\n|switch|p1a: Miraidon|Miraidon|100\/100|[from] Parting Shot\n|-fieldstart|move: Electric Terrain|[from] ability: Hadron Engine|[of] p1a: Miraidon\n|move|p2a: Moltres|U-turn|p1a: Miraidon\n|-damage|p1a: Miraidon|95\/100\n|\n|t:|1698794370\n|switch|p2a: Blissey|Blissey, F|100\/100|[from] U-turn\n|\n|upkeep\n|turn|6\n|\n|t:|1698794376\n|switch|p1a: Amoonguss|Amoonguss, M|100\/100\n|move|p2a: Blissey|Stealth Rock|p1a: Amoonguss\n|-sidestart|p1: Kamitami|move: Stealth Rock\n|\n|upkeep\n|turn|7\n|\n|t:|1698794390\n|switch|p2a: Calyrex|Calyrex-Ice|100\/100\n|-ability|p2a: Calyrex|As One\n|-ability|p2a: Calyrex|Unnerve\n|move|p1a: Amoonguss|Toxic|p2a: Calyrex\n|-status|p2a: Calyrex|tox\n|\n|-damage|p2a: Calyrex|94\/100 tox|[from] psn\n|upkeep\n|turn|8\n|\n|t:|1698794401\n|move|p1a: Amoonguss|Protect|p1a: Amoonguss\n|-singleturn|p1a: Amoonguss|Protect\n|move|p2a: Calyrex|Glacial Lance|p1a: Amoonguss\n|-activate|p1a: Amoonguss|move: Protect\n|\n|-damage|p2a: Calyrex|82\/100 tox|[from] psn\n|upkeep\n|turn|9\n|\n|t:|1698794410\n|switch|p2a: Blissey|Blissey, F|100\/100\n|switch|p1a: Glalie|Glalie, M, shiny|100\/100\n|-damage|p1a: Glalie|76\/100|[from] Stealth Rock\n|\n|-heal|p1a: Glalie|82\/100|[from] item: Leftovers\n|-sideend|p1: Kamitami|Reflect\n|-fieldend|move: Electric Terrain\n|-ability|p1a: Glalie|Moody|boost\n|-boost|p1a: Glalie|atk|2\n|-unboost|p1a: Glalie|def|1\n|upkeep\n|turn|10\n|\n|t:|1698794423\n|move|p1a: Glalie|Substitute|p1a: Glalie\n|-start|p1a: Glalie|Substitute\n|-damage|p1a: Glalie|57\/100\n|move|p2a: Blissey|Heal Bell|p2a: Blissey\n|-activate|p2a: Blissey|move: Heal Bell\n|-curestatus|p2: Calyrex|tox|[msg]\n|\n|-heal|p1a: Glalie|63\/100|[from] item: Leftovers\n|-sideend|p1: Kamitami|move: Light Screen\n|-ability|p1a: Glalie|Moody|boost\n|-boost|p1a: Glalie|atk|2\n|-unboost|p1a: Glalie|spe|1\n|upkeep\n|turn|11\n|\n|t:|1698794435\n|switch|p2a: Grimmsnarl|Grimmsnarl, M|30\/100\n|move|p1a: Glalie|Earthquake|p2a: Grimmsnarl\n|-damage|p2a: Grimmsnarl|0 fnt\n|faint|p2a: Grimmsnarl\n|\n|-heal|p1a: Glalie|69\/100|[from] item: Leftovers\n|-ability|p1a: Glalie|Moody|boost\n|-boost|p1a: Glalie|spa|2\n|-unboost|p1a: Glalie|def|1\n|upkeep\n|\n|t:|1698794447\n|switch|p2a: Skeledirge|Skeledirge, F|100\/100\n|turn|12\n|\n|t:|1698794452\n|move|p1a: Glalie|Protect|p1a: Glalie\n|-singleturn|p1a: Glalie|Protect\n|move|p2a: Skeledirge|Torch Song|p1a: Glalie\n|-activate|p1a: Glalie|move: Protect\n|\n|-heal|p1a: Glalie|75\/100|[from] item: Leftovers\n|-ability|p1a: Glalie|Moody|boost\n|-boost|p1a: Glalie|atk|2\n|-unboost|p1a: Glalie|spa|1\n|upkeep\n|turn|13\n|\n|t:|1698794463\n|-terastallize|p1a: Glalie|Ground\n|move|p1a: Glalie|Earthquake|p2a: Skeledirge\n|-supereffective|p2a: Skeledirge\n|-damage|p2a: Skeledirge|58\/100\n|move|p2a: Skeledirge|Torch Song|p1a: Glalie\n|-damage|p1a: Glalie|35\/100\n|-boost|p2a: Skeledirge|spa|1\n|\n|-heal|p1a: Glalie|41\/100|[from] item: Leftovers\n|-ability|p1a: Glalie|Moody|boost\n|-boost|p1a: Glalie|spe|2\n|-unboost|p1a: Glalie|atk|1\n|upkeep\n|turn|14\n|\n|t:|1698794478\n|move|p1a: Glalie|Earthquake|p2a: Skeledirge\n|-supereffective|p2a: Skeledirge\n|-damage|p2a: Skeledirge|11\/100\n|move|p2a: Skeledirge|Slack Off|p2a: Skeledirge\n|-heal|p2a: Skeledirge|61\/100\n|\n|-heal|p1a: Glalie|47\/100|[from] item: Leftovers\n|-ability|p1a: Glalie|Moody|boost\n|-boost|p1a: Glalie|atk|1\n|-unboost|p1a: Glalie|def|1\n|upkeep\n|turn|15\n|\n|t:|1698794491\n|-terastallize|p2a: Skeledirge|Flying\n|move|p1a: Glalie|Earthquake|p2a: Skeledirge\n|-immune|p2a: Skeledirge\n|move|p2a: Skeledirge|Torch Song|p1a: Glalie\n|-damage|p1a: Glalie|0 fnt\n|-boost|p2a: Skeledirge|spa|1\n|faint|p1a: Glalie\n|\n|upkeep\n|\n|t:|1698794503\n|switch|p1a: Miraidon|Miraidon|95\/100\n|-damage|p1a: Miraidon|83\/100|[from] Stealth Rock\n|-fieldstart|move: Electric Terrain|[from] ability: Hadron Engine|[of] p1a: Miraidon\n|turn|16\n|\n|t:|1698794509\n|switch|p2a: Blissey|Blissey, F|100\/100\n|move|p1a: Miraidon|Electro Drift|p2a: Blissey\n|-damage|p2a: Blissey|70\/100\n|\n|upkeep\n|turn|17\n|\n|t:|1698794517\n|switch|p2a: Miraidon|Miraidon|100\/100\n|-activate|p2a: Miraidon|ability: Hadron Engine\n|move|p1a: Miraidon|Electro Drift|p2a: Miraidon\n|-resisted|p2a: Miraidon\n|-damage|p2a: Miraidon|80\/100\n|\n|upkeep\n|turn|18\n|l|\u2606Kamitami\n|inactive|Kamitami disconnected and has a minute to reconnect!\n|player|p1|\n|inactive|Kamitami has 30 seconds to reconnect!\n|inactive|Kamitami has 20 seconds to reconnect!\n|inactive|Kamitami has 15 seconds to reconnect!\n|inactive|Kamitami has 10 seconds to reconnect!\n|inactive|Kamitami has 5 seconds to reconnect!\n|-message|Kamitami lost due to inactivity.\n|\n|win|eurybie\n|raw|Kamitami's rating: 1595 &rarr; <strong>1587<\/strong><br \/>(-8 for losing)\n|raw|eurybie's rating: 1828 &rarr; <strong>1836<\/strong><br \/>(+8 for winning)\n","uploadtime":1698794594,"views":11,"p1id":"kamitami","p2id":"eurybie","formatid":"gen9anythinggoes","rating":1587,"private":0,"password":""}