{"id":"gen9anythinggoes-1994452818","p1":"XChuckle762","p2":"ValidJohnSmith","format":"[Gen 9] Anything Goes","log":"|j|\u2606XChuckle762\n|j|\u2606ValidJohnSmith\n|t:|1700445593\n|gametype|singles\n|player|p1|XChuckle762|koga|\n|player|p2|ValidJohnSmith|n|\n|teamsize|p1|6\n|teamsize|p2|6\n|gen|9\n|tier|[Gen 9] Anything Goes\n|rule|HP Percentage Mod: HP is shown in percentages\n|rule|Endless Battle Clause: Forcing endless battles is banned\n|clearpoke\n|poke|p1|Roaring Moon|\n|poke|p1|Goodra-Hisui, M|\n|poke|p1|Zangoose, M|\n|poke|p1|Gardevoir, F|\n|poke|p1|Dragonite, F|\n|poke|p1|Sneasler, F|\n|poke|p2|Great Tusk|\n|poke|p2|Gholdengo|\n|poke|p2|Samurott-Hisui, M|\n|poke|p2|Slowbro-Galar, M|\n|poke|p2|Dudunsparce-*, M|\n|poke|p2|Drifblim, M|\n|teampreview\n|inactive|Battle timer is ON: inactive players will automatically lose when time's up. (requested by XChuckle762)\n|j| BillTheThrill42\n|j| Jojospicydong\n|\n|t:|1700445618\n|start\n|switch|p1a: Dragonite|Dragonite, F|100\/100\n|switch|p2a: Giga Sparce|Dudunsparce-Three-Segment, M, shiny|100\/100\n|turn|1\n|\n|t:|1700445629\n|move|p1a: Dragonite|Dragon Dance|p1a: Dragonite\n|-boost|p1a: Dragonite|atk|1\n|-boost|p1a: Dragonite|spe|1\n|move|p2a: Giga Sparce|Glare|p1a: Dragonite\n|-status|p1a: Dragonite|par\n|\n|upkeep\n|turn|2\n|\n|t:|1700445636\n|move|p1a: Dragonite|Dragon Dance|p1a: Dragonite\n|-boost|p1a: Dragonite|atk|1\n|-boost|p1a: Dragonite|spe|1\n|move|p2a: Giga Sparce|Coil|p2a: Giga Sparce\n|-boost|p2a: Giga Sparce|atk|1\n|-boost|p2a: Giga Sparce|def|1\n|-boost|p2a: Giga Sparce|accuracy|1\n|\n|upkeep\n|turn|3\n|\n|t:|1700445644\n|move|p1a: Dragonite|Outrage|p2a: Giga Sparce\n|-damage|p2a: Giga Sparce|25\/100\n|move|p2a: Giga Sparce|Headbutt|p1a: Dragonite\n|-damage|p1a: Dragonite|77\/100 par\n|\n|-heal|p2a: Giga Sparce|31\/100|[from] item: Leftovers\n|upkeep\n|turn|4\n|\n|t:|1700445651\n|move|p1a: Dragonite|Outrage|p2a: Giga Sparce|[from]lockedmove\n|-damage|p2a: Giga Sparce|0 fnt\n|faint|p2a: Giga Sparce\n|\n|upkeep\n|\n|t:|1700445677\n|switch|p2a: Big Cheese|Gholdengo|100\/100\n|turn|5\n|l| Jojospicydong\n|inactiveoff|Battle timer is now OFF.\n|\n|t:|1700445685\n|move|p2a: Big Cheese|Dazzling Gleam|p1a: Dragonite\n|-supereffective|p1a: Dragonite\n|-damage|p1a: Dragonite|18\/100 par\n|move|p1a: Dragonite|Outrage|p2a: Big Cheese|[from]lockedmove\n|-resisted|p2a: Big Cheese\n|-damage|p2a: Big Cheese|17\/100\n|-start|p1a: Dragonite|confusion|[fatigue]\n|\n|upkeep\n|turn|6\n|j| Jojospicydong\n|\n|t:|1700445693\n|move|p2a: Big Cheese|Dazzling Gleam|p1a: Dragonite\n|-supereffective|p1a: Dragonite\n|-damage|p1a: Dragonite|0 fnt\n|faint|p1a: Dragonite\n|\n|upkeep\n|\n|t:|1700445702\n|switch|p1a: Sneasler|Sneasler, F|100\/100\n|turn|7\n|\n|t:|1700445707\n|move|p1a: Sneasler|Swords Dance|p1a: Sneasler\n|-boost|p1a: Sneasler|atk|2\n|move|p2a: Big Cheese|Make It Rain|p1a: Sneasler\n|-crit|p1a: Sneasler\n|-enditem|p1a: Sneasler|Focus Sash\n|-damage|p1a: Sneasler|1\/100\n|-unboost|p2a: Big Cheese|spa|1\n|\n|upkeep\n|turn|8\n|\n|t:|1700445722\n|move|p1a: Sneasler|Acrobatics|p2a: Big Cheese\n|-resisted|p2a: Big Cheese\n|-damage|p2a: Big Cheese|0 fnt\n|faint|p2a: Big Cheese\n|\n|upkeep\n|\n|t:|1700445735\n|switch|p2a: Ow the Edge|Samurott-Hisui, M, shiny|100\/100\n|turn|9\n|\n|t:|1700445741\n|move|p2a: Ow the Edge|Aqua Jet|p1a: Sneasler\n|-damage|p1a: Sneasler|0 fnt\n|faint|p1a: Sneasler\n|\n|upkeep\n|\n|t:|1700445745\n|switch|p1a: Gardevoir|Gardevoir, F|100\/100\n|-ability|p1a: Gardevoir|Sharpness|[from] ability: Trace|[of] p2a: Ow the Edge\n|turn|10\n|\n|t:|1700445750\n|move|p1a: Gardevoir|Moonblast|p2a: Ow the Edge\n|-supereffective|p2a: Ow the Edge\n|-enditem|p2a: Ow the Edge|Focus Sash\n|-damage|p2a: Ow the Edge|1\/100\n|move|p2a: Ow the Edge|Ceaseless Edge|p1a: Gardevoir\n|-damage|p1a: Gardevoir|25\/100\n|-sidestart|p1: XChuckle762|Spikes\n|\n|upkeep\n|turn|11\n|\n|t:|1700445758\n|move|p2a: Ow the Edge|Aqua Jet|p1a: Gardevoir\n|-damage|p1a: Gardevoir|0 fnt\n|faint|p1a: Gardevoir\n|\n|upkeep\n|\n|t:|1700445762\n|switch|p1a: Zangoose|Zangoose, M, shiny|100\/100\n|-damage|p1a: Zangoose|88\/100|[from] Spikes\n|turn|12\n|\n|t:|1700445767\n|move|p2a: Ow the Edge|Aqua Jet|p1a: Zangoose\n|-damage|p1a: Zangoose|54\/100\n|move|p1a: Zangoose|Knock Off|p2a: Ow the Edge\n|-resisted|p2a: Ow the Edge\n|-damage|p2a: Ow the Edge|0 fnt\n|faint|p2a: Ow the Edge\n|\n|-status|p1a: Zangoose|tox|[from] item: Toxic Orb\n|upkeep\n|\n|t:|1700445790\n|switch|p2a: Ray Romano|Great Tusk|100\/100\n|-enditem|p2a: Ray Romano|Booster Energy\n|-activate|p2a: Ray Romano|ability: Protosynthesis|[fromitem]\n|-start|p2a: Ray Romano|protosynthesisatk\n|turn|13\n|\n|t:|1700445811\n|move|p1a: Zangoose|Facade|p2a: Ray Romano\n|-damage|p2a: Ray Romano|29\/100\n|move|p2a: Ray Romano|Close Combat|p1a: Zangoose\n|-supereffective|p1a: Zangoose\n|-damage|p1a: Zangoose|0 fnt\n|-unboost|p2a: Ray Romano|def|1\n|-unboost|p2a: Ray Romano|spd|1\n|faint|p1a: Zangoose\n|\n|upkeep\n|\n|t:|1700445816\n|switch|p1a: Roaring Moon|Roaring Moon|100\/100\n|-damage|p1a: Roaring Moon|88\/100|[from] Spikes\n|-enditem|p1a: Roaring Moon|Booster Energy\n|-activate|p1a: Roaring Moon|ability: Protosynthesis|[fromitem]\n|-start|p1a: Roaring Moon|protosynthesisatk\n|turn|14\n|\n|t:|1700445840\n|move|p1a: Roaring Moon|Dragon Claw|p2a: Ray Romano\n|-damage|p2a: Ray Romano|0 fnt\n|faint|p2a: Ray Romano\n|-end|p2a: Ray Romano|Protosynthesis|[silent]\n|\n|upkeep\n|\n|t:|1700445854\n|switch|p2a: It's High Noon|Slowbro-Galar, M, shiny|100\/100\n|turn|15\n|-activate|p2a: It's High Noon|ability: Quick Draw\n|\n|t:|1700445861\n|move|p2a: It's High Noon|Shell Side Arm|p1a: Roaring Moon|[anim] Shell Side Arm Special\n|-damage|p1a: Roaring Moon|53\/100\n|-hint|Special Shell Side Arm\n|-status|p1a: Roaring Moon|psn\n|move|p1a: Roaring Moon|Earthquake|p2a: It's High Noon\n|-supereffective|p2a: It's High Noon\n|-damage|p2a: It's High Noon|0 fnt\n|faint|p2a: It's High Noon\n|\n|-damage|p1a: Roaring Moon|41\/100 psn|[from] psn\n|upkeep\n|\n|t:|1700445872\n|switch|p2a: Balloon Boy|Drifblim, M, shiny|100\/100\n|turn|16\n|\n|t:|1700445886\n|move|p1a: Roaring Moon|Dragon Claw|p2a: Balloon Boy\n|-damage|p2a: Balloon Boy|28\/100\n|move|p2a: Balloon Boy|Fling|p1a: Roaring Moon\n|-resisted|p1a: Roaring Moon\n|-damage|p1a: Roaring Moon|37\/100 psn\n|-enditem|p2a: Balloon Boy|King's Rock|[from] move: Fling\n|\n|-damage|p1a: Roaring Moon|24\/100 psn|[from] psn\n|upkeep\n|turn|17\n|\n|t:|1700445895\n|move|p2a: Balloon Boy|Acrobatics|p1a: Roaring Moon\n|-crit|p1a: Roaring Moon\n|-damage|p1a: Roaring Moon|0 fnt\n|faint|p1a: Roaring Moon\n|-end|p1a: Roaring Moon|Protosynthesis|[silent]\n|\n|upkeep\n|\n|t:|1700445897\n|switch|p1a: Goodra|Goodra-Hisui, M|100\/100\n|-damage|p1a: Goodra|88\/100|[from] Spikes\n|turn|18\n|\n|t:|1700445904\n|move|p2a: Balloon Boy|Acrobatics|p1a: Goodra\n|-resisted|p1a: Goodra\n|-damage|p1a: Goodra|72\/100\n|-ability|p1a: Goodra|Gooey\n|-unboost|p2a: Balloon Boy|spe|1\n|move|p1a: Goodra|Thunderbolt|p2a: Balloon Boy\n|-supereffective|p2a: Balloon Boy\n|-damage|p2a: Balloon Boy|0 fnt\n|faint|p2a: Balloon Boy\n|\n|win|XChuckle762\n|l|\u2606XChuckle762\n","uploadtime":1700445915,"views":3,"p1id":"xchuckle762","p2id":"validjohnsmith","formatid":"gen9anythinggoes","rating":0,"private":0,"password":""}