{"id":"gen9anythinggoes-1995429791","p1":"MEME\/\/BRAIN","p2":"adrianpopu","format":"[Gen 9] Anything Goes","log":"|j|\u2606MEME\/\/BRAIN\n|j|\u2606adrianpopu\n|t:|1700569733\n|gametype|singles\n|player|p1|MEME\/\/BRAIN|guitarist|1093\n|player|p2|adrianpopu|schoolkid-gen4dp|1281\n|teamsize|p1|6\n|teamsize|p2|6\n|gen|9\n|tier|[Gen 9] Anything Goes\n|rated|\n|rule|HP Percentage Mod: HP is shown in percentages\n|rule|Endless Battle Clause: Forcing endless battles is banned\n|clearpoke\n|poke|p1|Cyclizar, M|\n|poke|p1|Espathra, F|\n|poke|p1|Medicham, F|\n|poke|p1|Cloyster, F|\n|poke|p1|Drifblim, F|\n|poke|p1|Skeledirge, M|\n|poke|p2|Sandslash, M|\n|poke|p2|Sandslash-Alola, M|\n|poke|p2|Ninetales-Alola, F|\n|poke|p2|Zoroark, F|\n|poke|p2|Dachsbun, F|\n|poke|p2|Espeon, F|\n|teampreview\n|inactive|Battle timer is ON: inactive players will automatically lose when time's up. (requested by MEME\/\/BRAIN)\n|\n|t:|1700569749\n|start\n|switch|p1a: Cycle|Cyclizar, M|100\/100\n|switch|p2a: Espeon|Espeon, F|100\/100\n|turn|1\n|\n|t:|1700569759\n|move|p1a: Cycle|Knock Off|p2a: Espeon\n|-resisted|p2a: Espeon\n|-crit|p2a: Espeon\n|-damage|p2a: Espeon|67\/100\n|replace|p2a: Zoroark|Zoroark, F\n|-end|p2a: Zoroark|Illusion\n|-enditem|p2a: Zoroark|Focus Sash|[from] move: Knock Off|[of] p1a: Cycle\n|move|p2a: Zoroark|Nasty Plot|p2a: Zoroark\n|-boost|p2a: Zoroark|spa|2\n|\n|upkeep\n|turn|2\n|\n|t:|1700569769\n|move|p1a: Cycle|Shed Tail|p1a: Cycle\n|-start|p1a: Cycle|Substitute|[from] move: Shed Tail\n|-damage|p1a: Cycle|50\/100\n|\n|t:|1700569776\n|switch|p1a: Medium|Medicham, F|100\/100|[from] Shed Tail\n|move|p2a: Zoroark|Sludge Bomb|p1a: Medium\n|-end|p1a: Medium|Substitute\n|\n|upkeep\n|turn|3\n|inactive|adrianpopu has 120 seconds left.\n|\n|t:|1700569809\n|switch|p2a: Espeon|Espeon, F|100\/100\n|move|p1a: Medium|Aura Sphere|p2a: Espeon\n|-resisted|p2a: Espeon\n|-damage|p2a: Espeon|81\/100\n|\n|upkeep\n|turn|4\n|\n|t:|1700569819\n|move|p2a: Espeon|Shadow Ball|p1a: Medium\n|-supereffective|p1a: Medium\n|-damage|p1a: Medium|0 fnt\n|faint|p1a: Medium\n|\n|upkeep\n|\n|t:|1700569828\n|switch|p1a: Cycle|Cyclizar, M|84\/100\n|turn|5\n|-activate|p1a: Cycle|item: Quick Claw\n|\n|t:|1700569840\n|switch|p2a: Ninetales|Ninetales-Alola, F|100\/100\n|-weather|Snow|[from] ability: Snow Warning|[of] p2a: Ninetales\n|move|p1a: Cycle|Knock Off|p2a: Ninetales\n|-resisted|p2a: Ninetales\n|-damage|p2a: Ninetales|90\/100\n|-enditem|p2a: Ninetales|Light Clay|[from] move: Knock Off|[of] p1a: Cycle\n|\n|-weather|Snow|[upkeep]\n|upkeep\n|turn|6\n|\n|t:|1700569857\n|move|p1a: Cycle|Shed Tail|p1a: Cycle\n|-start|p1a: Cycle|Substitute|[from] move: Shed Tail\n|-damage|p1a: Cycle|34\/100\n|\n|t:|1700569860\n|switch|p1a: BirB|Espathra, F|100\/100|[from] Shed Tail\n|move|p2a: Ninetales|Freeze-Dry|p1a: BirB\n|-end|p1a: BirB|Substitute\n|\n|-weather|Snow|[upkeep]\n|upkeep\n|turn|7\n|\n|t:|1700569871\n|switch|p2a: Ninetales|Ninetales-Alola, F|67\/100\n|move|p1a: BirB|Calm Mind|p1a: BirB\n|-boost|p1a: BirB|spa|1\n|-boost|p1a: BirB|spd|1\n|\n|-weather|Snow|[upkeep]\n|-ability|p1a: BirB|Speed Boost|boost\n|-boost|p1a: BirB|spe|1\n|upkeep\n|turn|8\n|\n|t:|1700569883\n|move|p1a: BirB|Calm Mind|p1a: BirB\n|-boost|p1a: BirB|spa|1\n|-boost|p1a: BirB|spd|1\n|move|p2a: Ninetales|Night Daze|p1a: BirB\n|-supereffective|p1a: BirB\n|-damage|p1a: BirB|48\/100\n|-unboost|p1a: BirB|accuracy|1\n|-enditem|p1a: BirB|Weakness Policy\n|-boost|p1a: BirB|atk|2|[from] item: Weakness Policy\n|-boost|p1a: BirB|spa|2|[from] item: Weakness Policy\n|\n|-weather|Snow|[upkeep]\n|-ability|p1a: BirB|Speed Boost|boost\n|-boost|p1a: BirB|spe|1\n|upkeep\n|turn|9\n|\n|t:|1700569897\n|move|p1a: BirB|Stored Power|p2a: Ninetales\n|-immune|p2a: Ninetales\n|move|p2a: Ninetales|Nasty Plot|p2a: Ninetales\n|-boost|p2a: Ninetales|spa|2\n|\n|-weather|none\n|-ability|p1a: BirB|Speed Boost|boost\n|-boost|p1a: BirB|spe|1\n|upkeep\n|turn|10\n|\n|t:|1700569906\n|move|p1a: BirB|Baton Pass|p1a: BirB\n|\n|t:|1700569908\n|switch|p1a: Crest ov L@bi@|Cloyster, F, shiny|100\/100|[from] Baton Pass\n|-enditem|p1a: Crest ov L@bi@|White Herb\n|-clearnegativeboost|p1a: Crest ov L@bi@|[silent]\n|move|p2a: Ninetales|Night Daze|p1a: Crest ov L@bi@\n|-damage|p1a: Crest ov L@bi@|0 fnt\n|faint|p1a: Crest ov L@bi@\n|\n|upkeep\n|\n|t:|1700569919\n|switch|p1a: Cycle|Cyclizar, M|67\/100\n|turn|11\n|-activate|p1a: Cycle|item: Quick Claw\n|\n|t:|1700569925\n|switch|p2a: Ninetales|Ninetales-Alola, F|90\/100\n|-weather|Snow|[from] ability: Snow Warning|[of] p2a: Ninetales\n|move|p1a: Cycle|Dragon Tail|p2a: Ninetales\n|-immune|p2a: Ninetales\n|\n|-weather|Snow|[upkeep]\n|upkeep\n|turn|12\n|\n|t:|1700569935\n|move|p1a: Cycle|Shed Tail|p1a: Cycle\n|-start|p1a: Cycle|Substitute|[from] move: Shed Tail\n|-damage|p1a: Cycle|17\/100\n|\n|t:|1700569940\n|switch|p1a: BirB|Espathra, F|48\/100|[from] Shed Tail\n|move|p2a: Ninetales|Freeze-Dry|p1a: BirB\n|-end|p1a: BirB|Substitute\n|\n|-weather|Snow|[upkeep]\n|upkeep\n|turn|13\n|\n|t:|1700569950\n|switch|p2a: Ninetales|Ninetales-Alola, F|67\/100\n|move|p1a: BirB|Calm Mind|p1a: BirB\n|-boost|p1a: BirB|spa|1\n|-boost|p1a: BirB|spd|1\n|\n|-weather|Snow|[upkeep]\n|-ability|p1a: BirB|Speed Boost|boost\n|-boost|p1a: BirB|spe|1\n|upkeep\n|turn|14\n|\n|t:|1700569959\n|move|p1a: BirB|Baton Pass|p1a: BirB\n|\n|t:|1700569961\n|switch|p1a: B A L L O O N|Drifblim, F|100\/100|[from] Baton Pass\n|move|p2a: Ninetales|Nasty Plot|p2a: Ninetales\n|-boost|p2a: Ninetales|spa|2\n|\n|-weather|Snow|[upkeep]\n|upkeep\n|turn|15\n|\n|t:|1700569970\n|move|p1a: B A L L O O N|Minimize|p1a: B A L L O O N\n|-boost|p1a: B A L L O O N|evasion|2\n|move|p2a: Ninetales|Night Daze|p1a: B A L L O O N\n|-supereffective|p1a: B A L L O O N\n|-damage|p1a: B A L L O O N|0 fnt\n|faint|p1a: B A L L O O N\n|\n|-weather|none\n|upkeep\n|\n|t:|1700569979\n|switch|p1a: Skelly Boi|Skeledirge, M|100\/100\n|turn|16\n|\n|t:|1700569987\n|-terastallize|p1a: Skelly Boi|Water\n|move|p2a: Ninetales|Night Daze|p1a: Skelly Boi\n|-damage|p1a: Skelly Boi|57\/100\n|-unboost|p1a: Skelly Boi|accuracy|1\n|move|p1a: Skelly Boi|Torch Song|p2a: Ninetales\n|-damage|p2a: Ninetales|0 fnt\n|-boost|p1a: Skelly Boi|spa|1\n|replace|p2a: Zoroark|Zoroark, F\n|-end|p2a: Zoroark|Illusion\n|faint|p2a: Zoroark\n|\n|upkeep\n|\n|t:|1700569994\n|switch|p2a: Espeon|Espeon, F|81\/100\n|turn|17\n|\n|t:|1700570002\n|-terastallize|p2a: Espeon|Electric\n|move|p2a: Espeon|Tera Blast|p1a: Skelly Boi|[anim] Tera Blast Electric\n|-supereffective|p1a: Skelly Boi\n|-damage|p1a: Skelly Boi|0 fnt\n|faint|p1a: Skelly Boi\n|\n|upkeep\n|\n|t:|1700570010\n|switch|p1a: Cycle|Cyclizar, M|50\/100\n|turn|18\n|\n|t:|1700570016\n|switch|p2a: Sandslash|Sandslash, M|100\/100\n|move|p1a: Cycle|Shed Tail|p1a: Cycle\n|-fail|p1a: Cycle|move: Shed Tail|[weak]\n|\n|upkeep\n|turn|19\n|\n|t:|1700570025\n|move|p1a: Cycle|Knock Off|p2a: Sandslash\n|-damage|p2a: Sandslash|85\/100\n|-damage|p1a: Cycle|33\/100|[from] item: Rocky Helmet|[of] p2a: Sandslash\n|-enditem|p2a: Sandslash|Rocky Helmet|[from] move: Knock Off|[of] p1a: Cycle\n|move|p2a: Sandslash|Knock Off|p1a: Cycle\n|-damage|p1a: Cycle|2\/100\n|-enditem|p1a: Cycle|Quick Claw|[from] move: Knock Off|[of] p2a: Sandslash\n|\n|upkeep\n|turn|20\n|\n|t:|1700570034\n|move|p2a: Sandslash|Knock Off|p1a: Cycle\n|-damage|p1a: Cycle|0 fnt\n|faint|p1a: Cycle\n|\n|upkeep\n|\n|t:|1700570039\n|switch|p1a: BirB|Espathra, F|48\/100\n|turn|21\n|\n|t:|1700570044\n|move|p1a: BirB|Calm Mind|p1a: BirB\n|-boost|p1a: BirB|spa|1\n|-boost|p1a: BirB|spd|1\n|move|p2a: Sandslash|Knock Off|p1a: BirB\n|-supereffective|p1a: BirB\n|-damage|p1a: BirB|23\/100\n|\n|-ability|p1a: BirB|Speed Boost|boost\n|-boost|p1a: BirB|spe|1\n|upkeep\n|turn|22\n|\n|t:|1700570056\n|move|p1a: BirB|Roost|p1a: BirB\n|-heal|p1a: BirB|73\/100\n|-singleturn|p1a: BirB|move: Roost\n|move|p2a: Sandslash|Knock Off|p1a: BirB\n|-supereffective|p1a: BirB\n|-damage|p1a: BirB|48\/100\n|\n|-ability|p1a: BirB|Speed Boost|boost\n|-boost|p1a: BirB|spe|1\n|upkeep\n|turn|23\n|\n|t:|1700570068\n|switch|p2a: Ninetales|Ninetales-Alola, F|90\/100\n|-weather|Snow|[from] ability: Snow Warning|[of] p2a: Ninetales\n|move|p1a: BirB|Roost|p1a: BirB\n|-heal|p1a: BirB|98\/100\n|-singleturn|p1a: BirB|move: Roost\n|\n|-weather|Snow|[upkeep]\n|-ability|p1a: BirB|Speed Boost|boost\n|-boost|p1a: BirB|spe|1\n|upkeep\n|turn|24\n|\n|t:|1700570084\n|switch|p2a: Espeon|Espeon, F, tera:Electric|81\/100\n|move|p1a: BirB|Calm Mind|p1a: BirB\n|-boost|p1a: BirB|spa|1\n|-boost|p1a: BirB|spd|1\n|\n|-weather|Snow|[upkeep]\n|-ability|p1a: BirB|Speed Boost|boost\n|-boost|p1a: BirB|spe|1\n|upkeep\n|turn|25\n|c|\u2606MEME\/\/BRAIN|Lol gg\n|\n|t:|1700570102\n|move|p1a: BirB|Stored Power|p2a: Espeon\n|-damage|p2a: Espeon|0 fnt\n|faint|p2a: Espeon\n|\n|-weather|Snow|[upkeep]\n|-ability|p1a: BirB|Speed Boost|boost\n|-boost|p1a: BirB|spe|1\n|upkeep\n|\n|t:|1700570111\n|switch|p2a: Dachsbun|Dachsbun, F|100\/100\n|turn|26\n|\n|t:|1700570114\n|move|p1a: BirB|Stored Power|p2a: Dachsbun\n|-damage|p2a: Dachsbun|0 fnt\n|faint|p2a: Dachsbun\n|\n|-weather|Snow|[upkeep]\n|-ability|p1a: BirB|Speed Boost|boost\n|-boost|p1a: BirB|spe|1\n|upkeep\n|\n|t:|1700570116\n|switch|p2a: Ninetales|Ninetales-Alola, F|90\/100\n|turn|27\n|\n|t:|1700570124\n|move|p1a: BirB|Stored Power|p2a: Ninetales\n|-damage|p2a: Ninetales|0 fnt\n|faint|p2a: Ninetales\n|\n|-weather|none\n|upkeep\n|c|\u2606adrianpopu|Gg\n|\n|t:|1700570132\n|switch|p2a: Sandslash|Sandslash, M|85\/100\n|turn|28\n|\n|t:|1700570135\n|move|p1a: BirB|Stored Power|p2a: Sandslash\n|-damage|p2a: Sandslash|0 fnt\n|faint|p2a: Sandslash\n|\n|upkeep\n|\n|t:|1700570137\n|switch|p2a: Sandslash|Sandslash-Alola, M|100\/100\n|turn|29\n|\n|t:|1700570143\n|move|p1a: BirB|Stored Power|p2a: Sandslash\n|-resisted|p2a: Sandslash\n|-damage|p2a: Sandslash|0 fnt\n|faint|p2a: Sandslash\n|\n|win|MEME\/\/BRAIN\n|raw|MEME&#x2f;&#x2f;BRAIN's rating: 1093 &rarr; <strong>1132<\/strong><br \/>(+39 for winning)\n|raw|adrianpopu's rating: 1281 &rarr; <strong>1244<\/strong><br \/>(-37 for losing)\n|l|\u2606adrianpopu\n|l|\u2606MEME\/\/BRAIN\n|j|\u2606MEME\/\/BRAIN\n|player|p1|MEME\/\/BRAIN|guitarist\n","uploadtime":1700570165,"views":10,"p1id":"memebrain","p2id":"adrianpopu","formatid":"gen9anythinggoes","rating":1132,"private":0,"password":""}