{"id":"gen9anythinggoes-1999640191","p1":"olala10","p2":"KingOfTheMinnish","format":"[Gen 9] Anything Goes","log":"|j|\u2606olala10\n|j|\u2606KingOfTheMinnish\n|t:|1701103664\n|gametype|singles\n|player|p1|olala10|ltsurge|1162\n|player|p2|KingOfTheMinnish|1|1023\n|teamsize|p1|6\n|teamsize|p2|6\n|gen|9\n|tier|[Gen 9] Anything Goes\n|rated|\n|rule|HP Percentage Mod: HP is shown in percentages\n|rule|Endless Battle Clause: Forcing endless battles is banned\n|clearpoke\n|poke|p1|Forretress, F|\n|poke|p1|Dondozo, M|\n|poke|p1|Salamence, M|\n|poke|p1|Polteageist|\n|poke|p1|Espeon, F|\n|poke|p1|Umbreon, M|\n|poke|p2|Maushold-Four|\n|poke|p2|Flutter Mane|\n|poke|p2|Miraidon|\n|poke|p2|Rabsca, M|\n|poke|p2|Garganacl, F|\n|poke|p2|Houndstone, M|\n|teampreview\n|\n|t:|1701103668\n|start\n|switch|p1a: Forretress|Forretress, F|100\/100\n|switch|p2a: Flutter Mane|Flutter Mane, shiny|100\/100\n|turn|1\n|\n|t:|1701103679\n|move|p2a: Flutter Mane|Mystical Fire|p1a: Forretress\n|-supereffective|p1a: Forretress\n|-ability|p1a: Forretress|Sturdy\n|-damage|p1a: Forretress|1\/100\n|-unboost|p1a: Forretress|spa|1\n|-damage|p2a: Flutter Mane|91\/100|[from] item: Life Orb\n|move|p1a: Forretress|Toxic Spikes|p2a: Flutter Mane\n|-sidestart|p2: KingOfTheMinnish|move: Toxic Spikes\n|\n|upkeep\n|turn|2\n|\n|t:|1701103696\n|move|p2a: Flutter Mane|Mystical Fire|p1a: Forretress\n|-supereffective|p1a: Forretress\n|-damage|p1a: Forretress|0 fnt\n|faint|p1a: Forretress\n|-damage|p2a: Flutter Mane|81\/100|[from] item: Life Orb\n|\n|upkeep\n|\n|t:|1701103706\n|switch|p1a: Dondozo|Dondozo, M, shiny|100\/100\n|turn|3\n|\n|t:|1701103713\n|move|p2a: Flutter Mane|Moonblast|p1a: Dondozo\n|-damage|p1a: Dondozo|62\/100\n|-damage|p2a: Flutter Mane|71\/100|[from] item: Life Orb\n|move|p1a: Dondozo|Avalanche|p2a: Flutter Mane\n|-damage|p2a: Flutter Mane|0 fnt\n|faint|p2a: Flutter Mane\n|-end|p2a: Flutter Mane|Protosynthesis|[silent]\n|\n|upkeep\n|\n|t:|1701103719\n|switch|p2a: Maushold|Maushold-Four|100\/100\n|-status|p2a: Maushold|psn\n|turn|4\n|\n|t:|1701103724\n|move|p2a: Maushold|Tidy Up|p2a: Maushold\n|-sideend|p2: KingOfTheMinnish|Toxic Spikes\n|-activate|p2a: Maushold|move: Tidy Up\n|-boost|p2a: Maushold|atk|1\n|-boost|p2a: Maushold|spe|1\n|move|p1a: Dondozo|Body Press|p2a: Maushold\n|-supereffective|p2a: Maushold\n|-damage|p2a: Maushold|31\/100 psn\n|\n|-damage|p2a: Maushold|18\/100 psn|[from] psn\n|upkeep\n|turn|5\n|\n|t:|1701103733\n|move|p2a: Maushold|Population Bomb|p1a: Dondozo\n|-damage|p1a: Dondozo|55\/100\n|-damage|p1a: Dondozo|47\/100\n|-damage|p1a: Dondozo|39\/100\n|-damage|p1a: Dondozo|31\/100\n|-damage|p1a: Dondozo|23\/100\n|-damage|p1a: Dondozo|16\/100\n|-damage|p1a: Dondozo|8\/100\n|-hitcount|p1a: Dondozo|7\n|move|p1a: Dondozo|Body Press|p2a: Maushold\n|-supereffective|p2a: Maushold\n|-damage|p2a: Maushold|0 fnt\n|faint|p2a: Maushold\n|\n|upkeep\n|\n|t:|1701103753\n|switch|p2a: Rabsca|Rabsca, M, shiny|100\/100\n|turn|6\n|\n|t:|1701103757\n|move|p1a: Dondozo|Body Slam|p2a: Rabsca\n|-damage|p2a: Rabsca|79\/100\n|move|p2a: Rabsca|Trick Room|p2a: Rabsca\n|-fieldstart|move: Trick Room|[of] p2a: Rabsca\n|\n|upkeep\n|turn|7\n|\n|t:|1701103764\n|move|p1a: Dondozo|Waterfall|p2a: Rabsca\n|-damage|p2a: Rabsca|50\/100\n|cant|p2a: Rabsca|flinch\n|\n|upkeep\n|turn|8\n|\n|t:|1701103776\n|move|p1a: Dondozo|Waterfall|p2a: Rabsca\n|-damage|p2a: Rabsca|15\/100\n|move|p2a: Rabsca|Revival Blessing|p2a: Rabsca\n|-enditem|p2a: Rabsca|Leppa Berry|[eat]\n|-activate|p2a: Rabsca|item: Leppa Berry|Revival Blessing|[consumed]\n|\n|t:|1701103781\n|-heal|p2: Flutter Mane|50\/100|[from] move: Revival Blessing\n|\n|upkeep\n|turn|9\n|\n|t:|1701103785\n|move|p1a: Dondozo|Waterfall|p2a: Rabsca\n|-damage|p2a: Rabsca|0 fnt\n|faint|p2a: Rabsca\n|\n|upkeep\n|\n|t:|1701103791\n|switch|p2a: Houndstone|Houndstone, M|100\/100\n|turn|10\n|\n|t:|1701103795\n|move|p2a: Houndstone|Shadow Sneak|p1a: Dondozo\n|-damage|p1a: Dondozo|0 fnt\n|faint|p1a: Dondozo\n|\n|-fieldend|move: Trick Room\n|upkeep\n|\n|t:|1701103805\n|switch|p1a: Umbreon|Umbreon, M, shiny|100\/100\n|turn|11\n|\n|t:|1701103811\n|-terastallize|p2a: Houndstone|Fire\n|move|p2a: Houndstone|Last Respects|p1a: Umbreon\n|-resisted|p1a: Umbreon\n|-damage|p1a: Umbreon|63\/100\n|move|p1a: Umbreon|Toxic|p2a: Houndstone\n|-status|p2a: Houndstone|tox\n|\n|-heal|p1a: Umbreon|69\/100|[from] item: Leftovers\n|-damage|p2a: Houndstone|94\/100 tox|[from] psn\n|upkeep\n|turn|12\n|\n|t:|1701103829\n|move|p2a: Houndstone|Play Rough|p1a: Umbreon\n|-supereffective|p1a: Umbreon\n|-crit|p1a: Umbreon\n|-damage|p1a: Umbreon|0 fnt\n|faint|p1a: Umbreon\n|\n|-damage|p2a: Houndstone|82\/100 tox|[from] psn\n|upkeep\n|inactive|Battle timer is ON: inactive players will automatically lose when time's up. (requested by KingOfTheMinnish)\n|\n|t:|1701103847\n|switch|p1a: Salamence|Salamence, M|100\/100\n|turn|13\n|\n|t:|1701103851\n|move|p1a: Salamence|Dragon Dance|p1a: Salamence\n|-boost|p1a: Salamence|atk|1\n|-boost|p1a: Salamence|spe|1\n|move|p2a: Houndstone|Last Respects|p1a: Salamence\n|-damage|p1a: Salamence|0 fnt\n|faint|p1a: Salamence\n|\n|-damage|p2a: Houndstone|64\/100 tox|[from] psn\n|upkeep\n|\n|t:|1701103865\n|switch|p1a: Espeon|Espeon, F|100\/100\n|turn|14\n|\n|t:|1701103874\n|move|p1a: Espeon|Calm Mind|p1a: Espeon\n|-boost|p1a: Espeon|spa|1\n|-boost|p1a: Espeon|spd|1\n|move|p2a: Houndstone|Last Respects|p1a: Espeon\n|-supereffective|p1a: Espeon\n|-crit|p1a: Espeon\n|-damage|p1a: Espeon|0 fnt\n|faint|p1a: Espeon\n|\n|-damage|p2a: Houndstone|40\/100 tox|[from] psn\n|upkeep\n|\n|t:|1701103882\n|switch|p1a: Polteageist|Polteageist|100\/100\n|turn|15\n|\n|t:|1701103886\n|move|p2a: Houndstone|Shadow Sneak|p1a: Polteageist\n|-supereffective|p1a: Polteageist\n|-damage|p1a: Polteageist|30\/100\n|-ability|p1a: Polteageist|Weak Armor|boost\n|-unboost|p1a: Polteageist|def|1\n|-boost|p1a: Polteageist|spe|2\n|move|p1a: Polteageist|Shell Smash|p1a: Polteageist\n|-unboost|p1a: Polteageist|def|1\n|-unboost|p1a: Polteageist|spd|1\n|-boost|p1a: Polteageist|atk|2\n|-boost|p1a: Polteageist|spa|2\n|-boost|p1a: Polteageist|spe|2\n|\n|-damage|p2a: Houndstone|10\/100 tox|[from] psn\n|upkeep\n|turn|16\n|\n|t:|1701103901\n|move|p2a: Houndstone|Shadow Sneak|p1a: Polteageist\n|-supereffective|p1a: Polteageist\n|-damage|p1a: Polteageist|0 fnt\n|faint|p1a: Polteageist\n|\n|win|KingOfTheMinnish\n|raw|olala10's rating: 1162 &rarr; <strong>1127<\/strong><br \/>(-35 for losing)\n|raw|KingOfTheMinnish's rating: 1023 &rarr; <strong>1073<\/strong><br \/>(+50 for winning)\n","uploadtime":1701103903,"views":0,"p1id":"olala10","p2id":"kingoftheminnish","formatid":"gen9anythinggoes","rating":1073,"private":0,"password":""}