{"id":"gen9anythinggoes-1980127597","p1":"Omega-122","p2":"hoenn militian","format":"[Gen 9] Anything Goes","log":"|j|\u2606Omega-122\n|j|\u2606hoenn militian\n|t:|1698759763\n|gametype|singles\n|player|p1|Omega-122|skier|1493\n|player|p2|hoenn militian|101|1812\n|teamsize|p1|6\n|teamsize|p2|6\n|gen|9\n|tier|[Gen 9] Anything Goes\n|rated|\n|rule|HP Percentage Mod: HP is shown in percentages\n|rule|Endless Battle Clause: Forcing endless battles is banned\n|clearpoke\n|poke|p1|Calyrex-Shadow|\n|poke|p1|Dragapult, F|\n|poke|p1|Glimmora, F|\n|poke|p1|Cyclizar, M|\n|poke|p1|Miraidon|\n|poke|p1|Zacian-*|\n|poke|p2|Miraidon|\n|poke|p2|Grimmsnarl, M|\n|poke|p2|Skeledirge, F|\n|poke|p2|Blissey, F|\n|poke|p2|Moltres|\n|poke|p2|Calyrex-Ice|\n|teampreview\n|\n|t:|1698759790\n|start\n|switch|p1a: Cyclizar|Cyclizar, M|100\/100\n|switch|p2a: Miraidon|Miraidon|100\/100\n|-fieldstart|move: Electric Terrain|[from] ability: Hadron Engine|[of] p2a: Miraidon\n|turn|1\n|inactive|Battle timer is ON: inactive players will automatically lose when time's up. (requested by Omega-122)\n|\n|t:|1698759806\n|move|p2a: Miraidon|Dragon Pulse|p1a: Cyclizar\n|-supereffective|p1a: Cyclizar\n|-enditem|p1a: Cyclizar|Focus Sash\n|-damage|p1a: Cyclizar|1\/100\n|move|p1a: Cyclizar|Taunt|p2a: Miraidon\n|-start|p2a: Miraidon|move: Taunt\n|\n|upkeep\n|turn|2\n|\n|t:|1698759816\n|move|p2a: Miraidon|Electro Drift|p1a: Cyclizar\n|-resisted|p1a: Cyclizar\n|-damage|p1a: Cyclizar|0 fnt\n|faint|p1a: Cyclizar\n|\n|upkeep\n|\n|t:|1698759829\n|switch|p1a: Zacian|Zacian-Crowned|100\/100\n|-ability|p1a: Zacian|Intrepid Sword|boost\n|-boost|p1a: Zacian|atk|1\n|turn|3\n|\n|t:|1698759835\n|switch|p2a: Skeledirge|Skeledirge, F|100\/100\n|-terastallize|p1a: Zacian|Ground\n|move|p1a: Zacian|Swords Dance|p1a: Zacian\n|-boost|p1a: Zacian|atk|2\n|\n|upkeep\n|turn|4\n|inactive|Omega-122 has 120 seconds left.\n|\n|t:|1698759867\n|-terastallize|p2a: Skeledirge|Flying\n|move|p1a: Zacian|Behemoth Blade|p2a: Skeledirge\n|-damage|p2a: Skeledirge|65\/100\n|move|p2a: Skeledirge|Will-O-Wisp|p1a: Zacian\n|-status|p1a: Zacian|brn\n|\n|-damage|p1a: Zacian|94\/100 brn|[from] brn\n|upkeep\n|turn|5\n|inactive|Omega-122 has 120 seconds left.\n|\n|t:|1698759883\n|move|p1a: Zacian|Swords Dance|p1a: Zacian\n|-boost|p1a: Zacian|atk|2\n|move|p2a: Skeledirge|Slack Off|p2a: Skeledirge\n|-heal|p2a: Skeledirge|100\/100\n|\n|-damage|p1a: Zacian|88\/100 brn|[from] brn\n|-fieldend|move: Electric Terrain\n|upkeep\n|turn|6\n|inactive|Omega-122 has 120 seconds left.\n|\n|t:|1698759896\n|move|p1a: Zacian|Behemoth Blade|p2a: Skeledirge\n|-damage|p2a: Skeledirge|83\/100\n|move|p2a: Skeledirge|Torch Song|p1a: Zacian\n|-damage|p1a: Zacian|60\/100 brn\n|-boost|p2a: Skeledirge|spa|1\n|\n|-damage|p1a: Zacian|53\/100 brn|[from] brn\n|upkeep\n|turn|7\n|inactive|Omega-122 has 120 seconds left.\n|\n|t:|1698759905\n|move|p1a: Zacian|Play Rough|p2a: Skeledirge\n|-damage|p2a: Skeledirge|68\/100\n|move|p2a: Skeledirge|Hex|p1a: Zacian\n|-damage|p1a: Zacian|0 fnt\n|faint|p1a: Zacian\n|\n|upkeep\n|inactive|Omega-122 has 120 seconds left.\n|\n|t:|1698759915\n|switch|p1a: Miraidon|Miraidon|100\/100\n|-fieldstart|move: Electric Terrain|[from] ability: Hadron Engine|[of] p1a: Miraidon\n|turn|8\n|\n|t:|1698759922\n|switch|p2a: Blissey|Blissey, F|100\/100\n|move|p1a: Miraidon|Agility|p1a: Miraidon\n|-boost|p1a: Miraidon|spe|2\n|\n|upkeep\n|turn|9\n|\n|t:|1698759929\n|move|p1a: Miraidon|Electro Drift|p2a: Blissey\n|-damage|p2a: Blissey|72\/100\n|move|p2a: Blissey|Seismic Toss|p1a: Miraidon\n|-damage|p1a: Miraidon|71\/100\n|\n|-heal|p1a: Miraidon|77\/100|[from] item: Leftovers\n|upkeep\n|turn|10\n|\n|t:|1698759938\n|switch|p1a: Glimmora|Glimmora, F|100\/100\n|move|p2a: Blissey|Stealth Rock|p1a: Glimmora\n|-sidestart|p1: Omega-122|move: Stealth Rock\n|\n|upkeep\n|turn|11\n|\n|t:|1698759949\n|move|p1a: Glimmora|Mortal Spin|p2a: Blissey\n|-damage|p2a: Blissey|58\/100\n|-status|p2a: Blissey|psn\n|-sideend|p1: Omega-122|Stealth Rock|[from] move: Mortal Spin|[of] p1a: Glimmora\n|move|p2a: Blissey|Seismic Toss|p1a: Glimmora\n|-damage|p1a: Glimmora|73\/100\n|-activate|p1a: Glimmora|ability: Toxic Debris\n|-sidestart|p2: hoenn militian|move: Toxic Spikes\n|\n|-damage|p2a: Blissey|46\/100 psn|[from] psn\n|upkeep\n|turn|12\n|\n|t:|1698759960\n|move|p1a: Glimmora|Spikes|p2a: Blissey\n|-sidestart|p2: hoenn militian|Spikes\n|move|p2a: Blissey|Soft-Boiled|p2a: Blissey\n|-heal|p2a: Blissey|96\/100 psn\n|\n|-damage|p2a: Blissey|83\/100 psn|[from] psn\n|-fieldend|move: Electric Terrain\n|upkeep\n|turn|13\n|\n|t:|1698759967\n|-curestatus|p2a: Blissey|psn|[from] ability: Natural Cure\n|switch|p2a: Miraidon|Miraidon|100\/100\n|-fieldstart|move: Electric Terrain|[from] ability: Hadron Engine|[of] p2a: Miraidon\n|move|p1a: Glimmora|Stealth Rock|p2a: Miraidon\n|-sidestart|p2: hoenn militian|move: Stealth Rock\n|\n|upkeep\n|turn|14\n|\n|t:|1698759976\n|move|p1a: Glimmora|Spiky Shield|p1a: Glimmora\n|-singleturn|p1a: Glimmora|move: Protect\n|move|p2a: Miraidon|Electro Drift|p1a: Glimmora\n|-activate|p1a: Glimmora|move: Protect\n|-damage|p2a: Miraidon|88\/100|[from] Spiky Shield|[of] p1a: Glimmora\n|\n|upkeep\n|turn|15\n|\n|t:|1698759985\n|move|p2a: Miraidon|Electro Drift|p1a: Glimmora\n|-damage|p1a: Glimmora|0 fnt\n|faint|p1a: Glimmora\n|\n|upkeep\n|\n|t:|1698759994\n|switch|p1a: Dragapult|Dragapult, F, shiny|100\/100\n|turn|16\n|\n|t:|1698760001\n|move|p2a: Miraidon|Dragon Pulse|p1a: Dragapult\n|-supereffective|p1a: Dragapult\n|-enditem|p1a: Dragapult|Focus Sash\n|-damage|p1a: Dragapult|1\/100\n|move|p1a: Dragapult|Dragon Dance|p1a: Dragapult\n|-boost|p1a: Dragapult|atk|1\n|-boost|p1a: Dragapult|spe|1\n|\n|upkeep\n|turn|17\n|\n|t:|1698760011\n|switch|p2a: Grimmsnarl|Grimmsnarl, M|100\/100\n|move|p1a: Dragapult|Dragon Darts|p2a: Grimmsnarl\n|-immune|p2a: Grimmsnarl\n|\n|-fieldend|move: Electric Terrain\n|upkeep\n|turn|18\n|\n|t:|1698760025\n|move|p2a: Grimmsnarl|Sucker Punch|p1a: Dragapult\n|-supereffective|p1a: Dragapult\n|-damage|p1a: Dragapult|0 fnt\n|faint|p1a: Dragapult\n|\n|upkeep\n|\n|t:|1698760034\n|switch|p1a: Miraidon|Miraidon|77\/100\n|-fieldstart|move: Electric Terrain|[from] ability: Hadron Engine|[of] p1a: Miraidon\n|turn|19\n|\n|t:|1698760049\n|move|p2a: Grimmsnarl|Parting Shot|p1a: Miraidon\n|-unboost|p1a: Miraidon|atk|1\n|-unboost|p1a: Miraidon|spa|1\n|\n|t:|1698760052\n|switch|p2a: Blissey|Blissey, F|83\/100|[from] Parting Shot\n|move|p1a: Miraidon|Electro Drift|p2a: Blissey\n|-damage|p2a: Blissey|65\/100\n|\n|-heal|p1a: Miraidon|83\/100|[from] item: Leftovers\n|upkeep\n|turn|20\n|\n|t:|1698760060\n|switch|p1a: Calyrex|Calyrex-Shadow|100\/100\n|-ability|p1a: Calyrex|As One\n|-ability|p1a: Calyrex|Unnerve\n|move|p2a: Blissey|Stealth Rock|p1a: Calyrex\n|-sidestart|p1: Omega-122|move: Stealth Rock\n|\n|upkeep\n|turn|21\n|\n|t:|1698760071\n|switch|p2a: Grimmsnarl|Grimmsnarl, M|100\/100\n|move|p1a: Calyrex|Calm Mind|p1a: Calyrex\n|-boost|p1a: Calyrex|spa|1\n|-boost|p1a: Calyrex|spd|1\n|\n|upkeep\n|turn|22\n|\n|t:|1698760090\n|move|p1a: Calyrex|Giga Drain|p2a: Grimmsnarl\n|-damage|p2a: Grimmsnarl|66\/100\n|move|p2a: Grimmsnarl|Foul Play|p1a: Calyrex\n|-supereffective|p1a: Calyrex\n|-enditem|p1a: Calyrex|Focus Sash\n|-damage|p1a: Calyrex|1\/100\n|\n|upkeep\n|turn|23\n|\n|t:|1698760099\n|move|p2a: Grimmsnarl|Sucker Punch|p1a: Calyrex\n|-supereffective|p1a: Calyrex\n|-damage|p1a: Calyrex|0 fnt\n|faint|p1a: Calyrex\n|\n|-fieldend|move: Electric Terrain\n|upkeep\n|\n|t:|1698760104\n|switch|p1a: Miraidon|Miraidon|83\/100\n|-damage|p1a: Miraidon|71\/100|[from] Stealth Rock\n|-fieldstart|move: Electric Terrain|[from] ability: Hadron Engine|[of] p1a: Miraidon\n|turn|24\n|\n|t:|1698760110\n|move|p2a: Grimmsnarl|Parting Shot|p1a: Miraidon\n|-unboost|p1a: Miraidon|atk|1\n|-unboost|p1a: Miraidon|spa|1\n|\n|t:|1698760113\n|switch|p2a: Blissey|Blissey, F|65\/100|[from] Parting Shot\n|move|p1a: Miraidon|Parabolic Charge|p2a: Blissey\n|-damage|p2a: Blissey|51\/100\n|-heal|p1a: Miraidon|86\/100|[from] drain|[of] p2a: Blissey\n|\n|-heal|p1a: Miraidon|92\/100|[from] item: Leftovers\n|upkeep\n|turn|25\n|\n|t:|1698760123\n|move|p1a: Miraidon|Electro Drift|p2a: Blissey\n|-damage|p2a: Blissey|33\/100\n|move|p2a: Blissey|Soft-Boiled|p2a: Blissey\n|-heal|p2a: Blissey|83\/100\n|\n|-heal|p1a: Miraidon|98\/100|[from] item: Leftovers\n|upkeep\n|turn|26\n|\n|t:|1698760134\n|move|p1a: Miraidon|Electro Drift|p2a: Blissey\n|-damage|p2a: Blissey|64\/100\n|move|p2a: Blissey|Seismic Toss|p1a: Miraidon\n|-damage|p1a: Miraidon|69\/100\n|\n|-heal|p1a: Miraidon|75\/100|[from] item: Leftovers\n|upkeep\n|turn|27\n|\n|t:|1698760142\n|move|p1a: Miraidon|Electro Drift|p2a: Blissey\n|-damage|p2a: Blissey|43\/100\n|move|p2a: Blissey|Seismic Toss|p1a: Miraidon\n|-damage|p1a: Miraidon|45\/100\n|\n|-heal|p1a: Miraidon|52\/100|[from] item: Leftovers\n|upkeep\n|turn|28\n|\n|t:|1698760155\n|move|p1a: Miraidon|Electro Drift|p2a: Blissey\n|-damage|p2a: Blissey|24\/100\n|move|p2a: Blissey|Soft-Boiled|p2a: Blissey\n|-heal|p2a: Blissey|74\/100\n|\n|-heal|p1a: Miraidon|58\/100|[from] item: Leftovers\n|-fieldend|move: Electric Terrain\n|upkeep\n|turn|29\n|\n|t:|1698760163\n|move|p1a: Miraidon|Parabolic Charge|p2a: Blissey\n|-damage|p2a: Blissey|66\/100\n|-heal|p1a: Miraidon|66\/100|[from] drain|[of] p2a: Blissey\n|move|p2a: Blissey|Seismic Toss|p1a: Miraidon\n|-damage|p1a: Miraidon|36\/100\n|\n|-heal|p1a: Miraidon|42\/100|[from] item: Leftovers\n|upkeep\n|turn|30\n|\n|t:|1698760172\n|move|p1a: Miraidon|Parabolic Charge|p2a: Blissey\n|-damage|p2a: Blissey|59\/100\n|-heal|p1a: Miraidon|50\/100|[from] drain|[of] p2a: Blissey\n|move|p2a: Blissey|Seismic Toss|p1a: Miraidon\n|-damage|p1a: Miraidon|21\/100\n|\n|-heal|p1a: Miraidon|27\/100|[from] item: Leftovers\n|upkeep\n|turn|31\n|\n|t:|1698760180\n|move|p1a: Miraidon|Parabolic Charge|p2a: Blissey\n|-damage|p2a: Blissey|51\/100\n|-heal|p1a: Miraidon|35\/100|[from] drain|[of] p2a: Blissey\n|move|p2a: Blissey|Seismic Toss|p1a: Miraidon\n|-damage|p1a: Miraidon|6\/100\n|\n|-heal|p1a: Miraidon|12\/100|[from] item: Leftovers\n|upkeep\n|turn|32\n|\n|t:|1698760189\n|move|p1a: Miraidon|Parabolic Charge|p2a: Blissey\n|-damage|p2a: Blissey|44\/100\n|-heal|p1a: Miraidon|19\/100|[from] drain|[of] p2a: Blissey\n|move|p2a: Blissey|Seismic Toss|p1a: Miraidon\n|-damage|p1a: Miraidon|0 fnt\n|faint|p1a: Miraidon\n|\n|win|hoenn militian\n|raw|Omega-122's rating: 1493 &rarr; <strong>1488<\/strong><br \/>(-5 for losing)\n|raw|hoenn militian's rating: 1812 &rarr; <strong>1817<\/strong><br \/>(+5 for winning)\n|l|\u2606Omega-122\n","uploadtime":1698760199,"views":7,"p1id":"omega122","p2id":"hoennmilitian","formatid":"gen9anythinggoes","rating":1488,"private":0,"password":""}