{"id":"gen9anythinggoes-1983909638","p1":"AGisgood\u82cd\u54cd\u4fa0","p2":"WhyisMewtwosoweak","format":"[Gen 9] Anything Goes","log":"|j|\u2606AGisgood\u82cd\u54cd\u4fa0\n|j|\u2606WhyisMewtwosoweak\n|t:|1699198878\n|gametype|singles\n|player|p1|AGisgood\u82cd\u54cd\u4fa0|cynthia-masters|1790\n|player|p2|WhyisMewtwosoweak|unknown|1747\n|teamsize|p1|6\n|teamsize|p2|6\n|gen|9\n|tier|[Gen 9] Anything Goes\n|rated|\n|rule|HP Percentage Mod: HP is shown in percentages\n|rule|Endless Battle Clause: Forcing endless battles is banned\n|clearpoke\n|poke|p1|Koraidon|\n|poke|p1|Koraidon|\n|poke|p1|Calyrex-Shadow|\n|poke|p1|Zacian-*|\n|poke|p1|Landorus-Therian, M|\n|poke|p1|Ting-Lu|\n|poke|p2|Miraidon|\n|poke|p2|Koraidon|\n|poke|p2|Samurott-Hisui, F|\n|poke|p2|Ceruledge, F|\n|poke|p2|Zacian-*|\n|poke|p2|Donphan, F|\n|teampreview\n|inactive|Battle timer is ON: inactive players will automatically lose when time's up. (requested by WhyisMewtwosoweak)\n|inactive|AGisgood\u82cd\u54cd\u4fa0 also wants the timer to be on.\n|c|\u2606AGisgood\u82cd\u54cd\u4fa0|changed team?\n|inactive|WhyisMewtwosoweak has 120 seconds left.\n|c|\u2606AGisgood\u82cd\u54cd\u4fa0|me 2\n|\n|t:|1699198930\n|start\n|switch|p1a: Koraidon|Koraidon|100\/100\n|switch|p2a: Donphan|Donphan, F|100\/100\n|-weather|SunnyDay|[from] ability: Orichalcum Pulse|[of] p1a: Koraidon\n|-activate|p1a: Koraidon|Orichalcum Pulse|[source]\n|turn|1\n|c|\u2606WhyisMewtwosoweak|xd\n|\n|t:|1699198940\n|move|p1a: Koraidon|Taunt|p2a: Donphan\n|-start|p2a: Donphan|move: Taunt\n|-enditem|p2a: Donphan|Mental Herb\n|-end|p2a: Donphan|move: Taunt\n|move|p2a: Donphan|Stealth Rock|p1a: Koraidon\n|-sidestart|p1: AGisgood\u82cd\u54cd\u4fa0|move: Stealth Rock\n|\n|-weather|SunnyDay|[upkeep]\n|upkeep\n|turn|2\n|\n|t:|1699198965\n|move|p1a: Koraidon|Low Kick|p2a: Donphan\n|-damage|p2a: Donphan|26\/100\n|-damage|p1a: Koraidon|91\/100|[from] item: Life Orb\n|move|p2a: Donphan|Encore|p1a: Koraidon\n|-start|p1a: Koraidon|Encore\n|\n|-weather|SunnyDay|[upkeep]\n|upkeep\n|turn|3\n|\n|t:|1699198969\n|switch|p2a: Ceruledge|Ceruledge, F, shiny|100\/100\n|move|p1a: Koraidon|Low Kick|p2a: Ceruledge\n|-immune|p2a: Ceruledge\n|\n|-weather|SunnyDay|[upkeep]\n|upkeep\n|turn|4\n|\n|t:|1699198973\n|switch|p1a: Landorus|Landorus-Therian, M|100\/100\n|-damage|p1a: Landorus|88\/100|[from] Stealth Rock\n|-ability|p1a: Landorus|Intimidate|boost\n|-unboost|p2a: Ceruledge|atk|1\n|move|p2a: Ceruledge|Swords Dance|p2a: Ceruledge\n|-boost|p2a: Ceruledge|atk|2\n|\n|-weather|SunnyDay|[upkeep]\n|-heal|p1a: Landorus|94\/100|[from] item: Leftovers\n|upkeep\n|turn|5\n|\n|t:|1699198984\n|-terastallize|p2a: Ceruledge|Ghost\n|move|p2a: Ceruledge|Swords Dance|p2a: Ceruledge\n|-boost|p2a: Ceruledge|atk|2\n|move|p1a: Landorus|Stealth Rock|p2a: Ceruledge\n|-sidestart|p2: WhyisMewtwosoweak|move: Stealth Rock\n|\n|-weather|none\n|-heal|p1a: Landorus|99\/100|[from] item: Leftovers\n|upkeep\n|turn|6\n|\n|t:|1699199009\n|switch|p1a: Ting-Lu|Ting-Lu|100\/100\n|-ability|p1a: Ting-Lu|Vessel of Ruin\n|move|p2a: Ceruledge|Swords Dance|p2a: Ceruledge\n|-boost|p2a: Ceruledge|atk|2\n|\n|upkeep\n|turn|7\n|\n|t:|1699199011\n|move|p2a: Ceruledge|Bitter Blade|p1a: Ting-Lu\n|-damage|p1a: Ting-Lu|0 fnt\n|faint|p1a: Ting-Lu\n|-damage|p2a: Ceruledge|91\/100|[from] item: Life Orb\n|\n|upkeep\n|\n|t:|1699199014\n|switch|p1a: Koraidon|Koraidon|91\/100\n|-damage|p1a: Koraidon|84\/100|[from] Stealth Rock\n|-weather|SunnyDay|[from] ability: Orichalcum Pulse|[of] p1a: Koraidon\n|-activate|p1a: Koraidon|Orichalcum Pulse|[source]\n|turn|8\n|\n|t:|1699199016\n|move|p2a: Ceruledge|Shadow Sneak|p1a: Koraidon\n|-damage|p1a: Koraidon|0 fnt\n|faint|p1a: Koraidon\n|-damage|p2a: Ceruledge|81\/100|[from] item: Life Orb\n|\n|-weather|SunnyDay|[upkeep]\n|upkeep\n|\n|t:|1699199019\n|switch|p1a: Zacian|Zacian-Crowned|100\/100\n|-damage|p1a: Zacian|94\/100|[from] Stealth Rock\n|-ability|p1a: Zacian|Intrepid Sword|boost\n|-boost|p1a: Zacian|atk|1\n|turn|9\n|inactive|WhyisMewtwosoweak has 120 seconds left.\n|\n|t:|1699199069\n|-terastallize|p1a: Zacian|Dark\n|move|p1a: Zacian|Crunch|p2a: Ceruledge\n|-supereffective|p2a: Ceruledge\n|-damage|p2a: Ceruledge|0 fnt\n|faint|p2a: Ceruledge\n|\n|-weather|SunnyDay|[upkeep]\n|upkeep\n|\n|t:|1699199077\n|switch|p2a: Zacian|Zacian-Crowned, shiny|100\/100\n|-damage|p2a: Zacian|94\/100|[from] Stealth Rock\n|-ability|p2a: Zacian|Intrepid Sword|boost\n|-boost|p2a: Zacian|atk|1\n|turn|10\n|\n|t:|1699199080\n|switch|p1a: Landorus|Landorus-Therian, M|99\/100\n|-damage|p1a: Landorus|88\/100|[from] Stealth Rock\n|-ability|p1a: Landorus|Intimidate|boost\n|-unboost|p2a: Zacian|atk|1\n|move|p2a: Zacian|Play Rough|p1a: Landorus\n|-damage|p1a: Landorus|54\/100\n|\n|-weather|SunnyDay|[upkeep]\n|-heal|p1a: Landorus|60\/100|[from] item: Leftovers\n|upkeep\n|turn|11\n|\n|t:|1699199087\n|switch|p2a: Donphan|Donphan, F|26\/100\n|-damage|p2a: Donphan|20\/100|[from] Stealth Rock\n|move|p1a: Landorus|U-turn|p2a: Donphan\n|-damage|p2a: Donphan|3\/100\n|\n|t:|1699199090\n|switch|p1a: Calyrex|Calyrex-Shadow|100\/100|[from] U-turn\n|-ability|p1a: Calyrex|As One\n|-ability|p1a: Calyrex|Unnerve\n|-damage|p1a: Calyrex|88\/100|[from] Stealth Rock\n|\n|-weather|SunnyDay|[upkeep]\n|upkeep\n|turn|12\n|\n|t:|1699199095\n|switch|p2a: Samurott|Samurott-Hisui, F|100\/100\n|-damage|p2a: Samurott|88\/100|[from] Stealth Rock\n|move|p1a: Calyrex|Grass Knot|p2a: Samurott\n|-supereffective|p2a: Samurott\n|-damage|p2a: Samurott|0 fnt\n|faint|p2a: Samurott\n|-ability|p1a: Calyrex|Grim Neigh|boost\n|-boost|p1a: Calyrex|spa|1\n|\n|-weather|none\n|upkeep\n|\n|t:|1699199101\n|switch|p2a: Miraidon|Miraidon|100\/100\n|-damage|p2a: Miraidon|88\/100|[from] Stealth Rock\n|-fieldstart|move: Electric Terrain|[from] ability: Hadron Engine|[of] p2a: Miraidon\n|turn|13\n|\n|t:|1699199107\n|switch|p1a: Landorus|Landorus-Therian, M|60\/100\n|-damage|p1a: Landorus|47\/100|[from] Stealth Rock\n|-ability|p1a: Landorus|Intimidate|boost\n|-unboost|p2a: Miraidon|atk|1\n|move|p2a: Miraidon|U-turn|p1a: Landorus\n|-resisted|p1a: Landorus\n|-damage|p1a: Landorus|45\/100\n|\n|t:|1699199111\n|switch|p2a: Zacian|Zacian-Crowned, shiny|94\/100|[from] U-turn\n|-damage|p2a: Zacian|88\/100|[from] Stealth Rock\n|\n|-heal|p1a: Landorus|51\/100|[from] item: Leftovers\n|upkeep\n|turn|14\n|\n|t:|1699199118\n|move|p2a: Zacian|Behemoth Blade|p1a: Landorus\n|-damage|p1a: Landorus|12\/100\n|move|p1a: Landorus|U-turn|p2a: Zacian\n|-resisted|p2a: Zacian\n|-damage|p2a: Zacian|83\/100\n|\n|t:|1699199120\n|switch|p1a: Calyrex|Calyrex-Shadow|88\/100|[from] U-turn\n|-ability|p1a: Calyrex|As One\n|-ability|p1a: Calyrex|Unnerve\n|-damage|p1a: Calyrex|76\/100|[from] Stealth Rock\n|\n|upkeep\n|turn|15\n|inactive|WhyisMewtwosoweak has 120 seconds left.\n|\n|t:|1699199165\n|move|p1a: Calyrex|Astral Barrage|p2a: Zacian\n|-damage|p2a: Zacian|0 fnt\n|faint|p2a: Zacian\n|-ability|p1a: Calyrex|Grim Neigh|boost\n|-boost|p1a: Calyrex|spa|1\n|\n|upkeep\n|\n|t:|1699199173\n|switch|p2a: Miraidon|Miraidon|88\/100\n|-damage|p2a: Miraidon|76\/100|[from] Stealth Rock\n|-activate|p2a: Miraidon|ability: Hadron Engine\n|turn|16\n|\n|t:|1699199180\n|switch|p1a: Zacian|Zacian-Crowned, tera:Dark|94\/100\n|-damage|p1a: Zacian|82\/100|[from] Stealth Rock\n|move|p2a: Miraidon|Electro Drift|p1a: Zacian\n|-damage|p1a: Zacian|0 fnt\n|faint|p1a: Zacian\n|\n|upkeep\n|\n|t:|1699199185\n|switch|p1a: Landorus|Landorus-Therian, M|12\/100\n|-damage|p1a: Landorus|0 fnt|[from] Stealth Rock\n|faint|p1a: Landorus\n|\n|t:|1699199188\n|switch|p1a: Koraidon|Koraidon|100\/100\n|-damage|p1a: Koraidon|94\/100|[from] Stealth Rock\n|-weather|SunnyDay|[from] ability: Orichalcum Pulse|[of] p1a: Koraidon\n|-activate|p1a: Koraidon|Orichalcum Pulse|[source]\n|turn|17\n|inactive|WhyisMewtwosoweak has 120 seconds left.\n|\n|t:|1699199216\n|switch|p2a: Donphan|Donphan, F|3\/100\n|-damage|p2a: Donphan|0 fnt|[from] Stealth Rock\n|faint|p2a: Donphan\n|move|p1a: Koraidon|Outrage|p2: Donphan|[notarget]\n|-fail|p1a: Koraidon\n|\n|-weather|SunnyDay|[upkeep]\n|-fieldend|move: Electric Terrain\n|upkeep\n|\n|t:|1699199222\n|switch|p2a: Koraidon|Koraidon|100\/100\n|-damage|p2a: Koraidon|94\/100|[from] Stealth Rock\n|-activate|p2a: Koraidon|ability: Orichalcum Pulse\n|turn|18\n|\n|t:|1699199229\n|move|p1a: Koraidon|Outrage|p2a: Koraidon\n|-supereffective|p2a: Koraidon\n|-damage|p2a: Koraidon|0 fnt\n|faint|p2a: Koraidon\n|\n|-weather|SunnyDay|[upkeep]\n|upkeep\n|\n|t:|1699199232\n|switch|p2a: Miraidon|Miraidon|76\/100\n|-damage|p2a: Miraidon|64\/100|[from] Stealth Rock\n|-fieldstart|move: Electric Terrain|[from] ability: Hadron Engine|[of] p2a: Miraidon\n|turn|19\n|\n|t:|1699199237\n|move|p2a: Miraidon|Draco Meteor|p1a: Koraidon\n|-supereffective|p1a: Koraidon\n|-damage|p1a: Koraidon|0 fnt\n|-unboost|p2a: Miraidon|spa|2\n|faint|p1a: Koraidon\n|\n|-weather|SunnyDay|[upkeep]\n|upkeep\n|c|\u2606WhyisMewtwosoweak|gg\n|\n|t:|1699199247\n|switch|p1a: Calyrex|Calyrex-Shadow|76\/100\n|-ability|p1a: Calyrex|As One\n|-ability|p1a: Calyrex|Unnerve\n|-damage|p1a: Calyrex|64\/100|[from] Stealth Rock\n|turn|20\n|c|\u2606AGisgood\u82cd\u54cd\u4fa0|gg\n|\n|t:|1699199263\n|move|p2a: Miraidon|Draco Meteor|p1a: Calyrex\n|-damage|p1a: Calyrex|20\/100\n|-unboost|p2a: Miraidon|spa|2\n|move|p1a: Calyrex|Astral Barrage|p2a: Miraidon\n|-damage|p2a: Miraidon|0 fnt\n|faint|p2a: Miraidon\n|\n|win|AGisgood\u82cd\u54cd\u4fa0\n|raw|AGisgood\u82cd\u54cd\u4fa0's rating: 1790 &rarr; <strong>1808<\/strong><br \/>(+18 for winning)\n|raw|WhyisMewtwosoweak's rating: 1757 &rarr; <strong>1739<\/strong><br \/>(-18 for losing)\n|l|\u2606AGisgood\u82cd\u54cd\u4fa0\n","uploadtime":1699199289,"views":3,"p1id":"agisgood","p2id":"whyismewtwosoweak","formatid":"gen9anythinggoes","rating":1739,"private":0,"password":""}