{"id":"gen9anythinggoes-1978238487","p1":"BTT2023","p2":"Tofdapost","format":"[Gen 9] Anything Goes","log":"|j|\u2606BTT2023\n|j|\u2606Tofdapost\n|t:|1698515847\n|gametype|singles\n|player|p1|BTT2023|red|1211\n|player|p2|Tofdapost|266|1316\n|teamsize|p1|6\n|teamsize|p2|6\n|gen|9\n|tier|[Gen 9] Anything Goes\n|rated|\n|rule|HP Percentage Mod: HP is shown in percentages\n|rule|Endless Battle Clause: Forcing endless battles is banned\n|clearpoke\n|poke|p1|Charizard, M|\n|poke|p1|Pikachu, M|\n|poke|p1|Quaquaval, M|\n|poke|p1|Meowscarada, F|\n|poke|p1|Koraidon|\n|poke|p1|Gholdengo|\n|poke|p2|Glimmora, M|\n|poke|p2|Gliscor, F|\n|poke|p2|Greninja-*, F|\n|poke|p2|Slowbro, M|\n|poke|p2|Clefable, M|\n|poke|p2|Sylveon, M|\n|teampreview\n|\n|t:|1698515854\n|start\n|switch|p1a: Meowscarada|Meowscarada, F|100\/100\n|switch|p2a: Glimmora|Glimmora, M|100\/100\n|turn|1\n|\n|t:|1698515865\n|move|p1a: Meowscarada|Flower Trick|p2a: Glimmora\n|-start|p1a: Meowscarada|typechange|Grass|[from] ability: Protean\n|-crit|p2a: Glimmora\n|-damage|p2a: Glimmora|11\/100\n|-activate|p2a: Glimmora|ability: Toxic Debris\n|-sidestart|p1: BTT2023|move: Toxic Spikes\n|move|p2a: Glimmora|Stealth Rock|p1a: Meowscarada\n|-sidestart|p1: BTT2023|move: Stealth Rock\n|\n|upkeep\n|turn|2\n|l|\u2606Tofdapost\n|player|p2|\n|j|\u2606Tofdapost\n|player|p2|Tofdapost|266\n|\n|t:|1698515896\n|switch|p2a: Clefable|Clefable, M|100\/100\n|move|p1a: Meowscarada|Flower Trick|p2a: Clefable\n|-crit|p2a: Clefable\n|-damage|p2a: Clefable|27\/100\n|\n|-heal|p2a: Clefable|33\/100|[from] item: Leftovers\n|upkeep\n|turn|3\n|\n|t:|1698515907\n|move|p1a: Meowscarada|Flower Trick|p2a: Clefable\n|-crit|p2a: Clefable\n|-damage|p2a: Clefable|0 fnt\n|faint|p2a: Clefable\n|\n|upkeep\n|\n|t:|1698515914\n|switch|p2a: Greninja|Greninja, F|100\/100\n|turn|4\n|\n|t:|1698515917\n|move|p1a: Meowscarada|Flower Trick|p2a: Greninja\n|-supereffective|p2a: Greninja\n|-crit|p2a: Greninja\n|-damage|p2a: Greninja|0 fnt\n|faint|p2a: Greninja\n|\n|upkeep\n|\n|t:|1698515927\n|switch|p2a: Slowbro|Slowbro, M|100\/100\n|turn|5\n|\n|t:|1698515932\n|move|p1a: Meowscarada|Flower Trick|p2a: Slowbro\n|-supereffective|p2a: Slowbro\n|-crit|p2a: Slowbro\n|-damage|p2a: Slowbro|14\/100\n|move|p2a: Slowbro|Flamethrower|p1a: Meowscarada\n|-supereffective|p1a: Meowscarada\n|-crit|p1a: Meowscarada\n|-damage|p1a: Meowscarada|12\/100\n|\n|upkeep\n|turn|6\n|\n|t:|1698515947\n|switch|p2a: Glimmora|Glimmora, M|11\/100\n|move|p1a: Meowscarada|Flower Trick|p2a: Glimmora\n|-crit|p2a: Glimmora\n|-damage|p2a: Glimmora|0 fnt\n|-activate|p2a: Glimmora|ability: Toxic Debris\n|-sidestart|p1: BTT2023|move: Toxic Spikes\n|faint|p2a: Glimmora\n|\n|upkeep\n|\n|t:|1698515957\n|switch|p2a: Gliscor|Gliscor, F|100\/100\n|turn|7\n|\n|t:|1698515966\n|-terastallize|p2a: Gliscor|Steel\n|move|p1a: Meowscarada|Flower Trick|p2a: Gliscor\n|-resisted|p2a: Gliscor\n|-crit|p2a: Gliscor\n|-damage|p2a: Gliscor|68\/100\n|move|p2a: Gliscor|Facade|p1a: Meowscarada\n|-damage|p1a: Meowscarada|0 fnt\n|faint|p1a: Meowscarada\n|\n|upkeep\n|\n|t:|1698515999\n|switch|p1a: Gholdengo|Gholdengo|100\/100\n|-damage|p1a: Gholdengo|94\/100|[from] Stealth Rock\n|-item|p1a: Gholdengo|Air Balloon\n|turn|8\n|\n|t:|1698516006\n|move|p2a: Gliscor|Earthquake|p1a: Gholdengo\n|-immune|p1a: Gholdengo\n|move|p1a: Gholdengo|Nasty Plot|p1a: Gholdengo\n|-boost|p1a: Gholdengo|spa|2\n|\n|upkeep\n|turn|9\n|\n|t:|1698516018\n|switch|p2a: Slowbro|Slowbro, M|47\/100\n|move|p1a: Gholdengo|Shadow Ball|p2a: Slowbro\n|-supereffective|p2a: Slowbro\n|-damage|p2a: Slowbro|0 fnt\n|faint|p2a: Slowbro\n|\n|upkeep\n|-message|Tofdapost forfeited.\n|\n|win|BTT2023\n|raw|BTT2023's rating: 1211 &rarr; <strong>1243<\/strong><br \/>(+32 for winning)\n|raw|Tofdapost's rating: 1316 &rarr; <strong>1290<\/strong><br \/>(-26 for losing)\n|c|\u2606BTT2023|GG :)\n|l|\u2606Tofdapost\n","uploadtime":1698516030,"views":6,"p1id":"btt2023","p2id":"tofdapost","formatid":"gen9anythinggoes","rating":1243,"private":0,"password":""}