{"id":"gen9anythinggoes-1974584494","p1":"mintpokemon2","p2":"pretzels-le-great","format":"[Gen 9] Anything Goes","log":"|j|\u2606mintpokemon2\n|j|\u2606pretzels-le-great\n|t:|1698099722\n|gametype|singles\n|player|p1|mintpokemon2|benga|1182\n|player|p2|pretzels-le-great|n|1248\n|teamsize|p1|6\n|teamsize|p2|6\n|gen|9\n|tier|[Gen 9] Anything Goes\n|rated|\n|rule|HP Percentage Mod: HP is shown in percentages\n|rule|Endless Battle Clause: Forcing endless battles is banned\n|clearpoke\n|poke|p1|Amoonguss, F|\n|poke|p1|Darkrai|\n|poke|p1|Espathra, M|\n|poke|p1|Kyogre|\n|poke|p1|Shaymin-Sky|\n|poke|p1|Palafin, M|\n|poke|p2|Kommo-o, F|\n|poke|p2|Flutter Mane|\n|poke|p2|Urshifu-*, F|\n|poke|p2|Ogerpon-Hearthflame, F|\n|poke|p2|Clefable, M|\n|poke|p2|Dragapult, F|\n|teampreview\n|inactive|Battle timer is ON: inactive players will automatically lose when time's up. (requested by pretzels-le-great)\n|j| gregoryhelmsworth\n|\n|t:|1698099732\n|start\n|switch|p1a: real nightmare|Espathra, M|100\/100\n|switch|p2a: Dragapult|Dragapult, F|100\/100\n|turn|1\n|c|\u2606pretzels-le-great|oh, hi\n|\n|t:|1698099745\n|move|p2a: Dragapult|Shadow Ball|p1a: real nightmare\n|-supereffective|p1a: real nightmare\n|-damage|p1a: real nightmare|0 fnt\n|faint|p1a: real nightmare\n|\n|upkeep\n|\n|t:|1698099750\n|switch|p1a: nightmare|Darkrai|100\/100\n|turn|2\n|\n|t:|1698099766\n|switch|p2a: Urshifu|Urshifu-Rapid-Strike, F|100\/100\n|move|p1a: nightmare|Dark Pulse|p2a: Urshifu\n|-resisted|p2a: Urshifu\n|-damage|p2a: Urshifu|52\/100\n|\n|upkeep\n|turn|3\n|\n|t:|1698099773\n|switch|p1a: mama Spaghetti zzz|Amoonguss, F|100\/100\n|move|p2a: Urshifu|Close Combat|p1a: mama Spaghetti zzz\n|-resisted|p1a: mama Spaghetti zzz\n|-damage|p1a: mama Spaghetti zzz|69\/100\n|-unboost|p2a: Urshifu|def|1\n|-unboost|p2a: Urshifu|spd|1\n|\n|upkeep\n|turn|4\n|\n|t:|1698099790\n|switch|p2a: Dragapult|Dragapult, F|100\/100\n|move|p1a: mama Spaghetti zzz|Spore|p2a: Dragapult\n|-status|p2a: Dragapult|slp|[from] move: Spore\n|\n|upkeep\n|turn|5\n|\n|t:|1698099802\n|switch|p1a: yo moma|Kyogre|100\/100\n|-weather|RainDance|[from] ability: Drizzle|[of] p1a: yo moma\n|cant|p2a: Dragapult|slp\n|\n|-weather|RainDance|[upkeep]\n|upkeep\n|turn|6\n|\n|t:|1698099808\n|cant|p2a: Dragapult|slp\n|move|p1a: yo moma|Blizzard|p2a: Dragapult\n|-supereffective|p2a: Dragapult\n|-damage|p2a: Dragapult|0 fnt\n|faint|p2a: Dragapult\n|\n|-weather|RainDance|[upkeep]\n|upkeep\n|c|\u2606pretzels-le-great|here comes setup\n|c|\u2606pretzels-le-great|do do do do do\n|\n|t:|1698099828\n|switch|p2a: Ogerpon|Ogerpon-Hearthflame, F|100\/100\n|-ability|p2a: Ogerpon|Mold Breaker\n|turn|7\n|\n|t:|1698099838\n|-terastallize|p1a: yo moma|Electric\n|move|p2a: Ogerpon|Wood Hammer|p1a: yo moma\n|-damage|p1a: yo moma|30\/100\n|-damage|p2a: Ogerpon|70\/100|[from] Recoil\n|move|p1a: yo moma|Water Spout|p2a: Ogerpon\n|-damage|p2a: Ogerpon|6\/100\n|\n|-weather|RainDance|[upkeep]\n|upkeep\n|turn|8\n|\n|t:|1698099855\n|switch|p2a: Clefable|Clefable, M|100\/100\n|move|p1a: yo moma|Hydro Pump|p2a: Clefable|[miss]\n|-miss|p1a: yo moma|p2a: Clefable\n|\n|-weather|RainDance|[upkeep]\n|upkeep\n|turn|9\n|\n|t:|1698099862\n|move|p1a: yo moma|Blizzard|p2a: Clefable|[miss]\n|-miss|p1a: yo moma|p2a: Clefable\n|move|p2a: Clefable|Encore|p1a: yo moma\n|-start|p1a: yo moma|Encore\n|\n|-weather|none\n|upkeep\n|turn|10\n|c|\u2606pretzels-le-great|nice\n|\n|t:|1698099871\n|move|p1a: yo moma|Blizzard|p2a: Clefable\n|-damage|p2a: Clefable|66\/100\n|-status|p2a: Clefable|frz\n|cant|p2a: Clefable|frz\n|\n|-heal|p2a: Clefable|73\/100 frz|[from] item: Leftovers\n|upkeep\n|turn|11\n|c|\u2606mintpokemon2|nice\n|\n|t:|1698099879\n|move|p1a: yo moma|Blizzard|p2a: Clefable\n|-damage|p2a: Clefable|39\/100 frz\n|cant|p2a: Clefable|frz\n|\n|-heal|p2a: Clefable|45\/100 frz|[from] item: Leftovers\n|upkeep\n|turn|12\n|c|\u2606pretzels-le-great|awww\n|\n|t:|1698099886\n|move|p1a: yo moma|Blizzard|p2a: Clefable\n|-damage|p2a: Clefable|12\/100 frz\n|cant|p2a: Clefable|frz\n|\n|-heal|p2a: Clefable|18\/100 frz|[from] item: Leftovers\n|-end|p1a: yo moma|Encore\n|upkeep\n|turn|13\n|c|\u2606pretzels-le-great|still?\n|\n|t:|1698099900\n|switch|p1a: mama Spaghetti zzz|Amoonguss, F|100\/100\n|cant|p2a: Clefable|frz\n|\n|-heal|p2a: Clefable|24\/100 frz|[from] item: Leftovers\n|upkeep\n|turn|14\n|c|\u2606mintpokemon2|nice\n|c|\u2606pretzels-le-great|bro wat?\n|\n|t:|1698099913\n|-curestatus|p2a: Clefable|frz|[msg]\n|move|p2a: Clefable|Healing Wish|p2a: Clefable\n|faint|p2a: Clefable\n|move|p1a: mama Spaghetti zzz|Stomping Tantrum|p2: Clefable|[notarget]\n|-fail|p1a: mama Spaghetti zzz\n|\n|upkeep\n|n|!mintpokemon2|mintpokemon2\n|\n|t:|1698099919\n|switch|p2a: Ogerpon|Ogerpon-Hearthflame, F|6\/100\n|-heal|p2a: Ogerpon|100\/100|[from] move: Healing Wish\n|-ability|p2a: Ogerpon|Mold Breaker\n|turn|15\n|c|\u2606pretzels-le-great|there\n|\n|t:|1698099926\n|switch|p1a: nightmare|Darkrai|100\/100\n|-terastallize|p2a: Ogerpon|Fire\n|detailschange|p2a: Ogerpon|Ogerpon-Hearthflame-Tera, F, tera:Fire\n|-ability|p2a: Ogerpon|Embody Aspect (Hearthflame)|boost\n|-boost|p2a: Ogerpon|atk|1\n|move|p2a: Ogerpon|Ivy Cudgel|p1a: nightmare\n|-damage|p1a: nightmare|0 fnt\n|faint|p1a: nightmare\n|\n|upkeep\n|c|\u2606pretzels-le-great|whew\n|\n|t:|1698099935\n|switch|p1a: god of destruction|Shaymin-Sky|100\/100\n|turn|16\n|c|\u2606pretzels-le-great|that was almost bad\n|\n|t:|1698099945\n|move|p2a: Ogerpon|Spiky Shield|p2a: Ogerpon\n|-singleturn|p2a: Ogerpon|move: Protect\n|move|p1a: god of destruction|Air Slash|p2a: Ogerpon\n|-activate|p2a: Ogerpon|move: Protect\n|\n|upkeep\n|turn|17\n|\n|t:|1698099955\n|move|p1a: god of destruction|Air Slash|p2a: Ogerpon\n|-damage|p2a: Ogerpon|40\/100\n|-damage|p1a: god of destruction|91\/100|[from] item: Life Orb\n|cant|p2a: Ogerpon|flinch\n|\n|upkeep\n|turn|18\n|c|\u2606pretzels-le-great|fr\n|\n|t:|1698099964\n|switch|p2a: Flutter Mane|Flutter Mane|100\/100\n|move|p1a: god of destruction|Air Slash|p2a: Flutter Mane\n|-damage|p2a: Flutter Mane|52\/100\n|-damage|p1a: god of destruction|81\/100|[from] item: Life Orb\n|\n|upkeep\n|turn|19\n|c|\u2606pretzels-le-great|waht is your luck?\n|\n|t:|1698099976\n|move|p2a: Flutter Mane|Moonblast|p1a: god of destruction\n|-damage|p1a: god of destruction|0 fnt\n|faint|p1a: god of destruction\n|\n|upkeep\n|\n|t:|1698099987\n|switch|p1a: mama Spaghetti zzz|Amoonguss, F|100\/100\n|turn|20\n|\n|t:|1698099994\n|move|p2a: Flutter Mane|Moonblast|p1a: mama Spaghetti zzz\n|-resisted|p1a: mama Spaghetti zzz\n|-damage|p1a: mama Spaghetti zzz|77\/100\n|move|p1a: mama Spaghetti zzz|Sludge Bomb|p2a: Flutter Mane\n|-damage|p2a: Flutter Mane|24\/100\n|\n|upkeep\n|turn|21\n|\n|t:|1698100002\n|move|p2a: Flutter Mane|Moonblast|p1a: mama Spaghetti zzz\n|-resisted|p1a: mama Spaghetti zzz\n|-damage|p1a: mama Spaghetti zzz|50\/100\n|-unboost|p1a: mama Spaghetti zzz|spa|1\n|move|p1a: mama Spaghetti zzz|Sludge Bomb|p2a: Flutter Mane\n|-damage|p2a: Flutter Mane|8\/100\n|\n|upkeep\n|turn|22\n|\n|t:|1698100010\n|move|p2a: Flutter Mane|Moonblast|p1a: mama Spaghetti zzz\n|-resisted|p1a: mama Spaghetti zzz\n|-crit|p1a: mama Spaghetti zzz\n|-damage|p1a: mama Spaghetti zzz|12\/100\n|move|p1a: mama Spaghetti zzz|Sludge Bomb|p2a: Flutter Mane\n|-crit|p2a: Flutter Mane\n|-damage|p2a: Flutter Mane|0 fnt\n|faint|p2a: Flutter Mane\n|-end|p2a: Flutter Mane|Protosynthesis|[silent]\n|\n|upkeep\n|\n|t:|1698100013\n|switch|p2a: Kommo-o|Kommo-o, F|100\/100\n|turn|23\n|\n|t:|1698100022\n|switch|p1a: punch|Palafin, M|100\/100\n|move|p2a: Kommo-o|Boomburst|p1a: punch\n|-damage|p1a: punch|57\/100\n|\n|upkeep\n|turn|24\n|\n|t:|1698100032\n|move|p1a: punch|Ice Punch|p2a: Kommo-o\n|-supereffective|p2a: Kommo-o\n|-damage|p2a: Kommo-o|48\/100\n|move|p2a: Kommo-o|Boomburst|p1a: punch\n|-damage|p1a: punch|12\/100\n|\n|upkeep\n|turn|25\n|\n|t:|1698100038\n|switch|p2a: Urshifu|Urshifu-Rapid-Strike, F|52\/100\n|move|p1a: punch|Ice Punch|p2a: Urshifu\n|-resisted|p2a: Urshifu\n|-damage|p2a: Urshifu|39\/100\n|\n|upkeep\n|turn|26\n|\n|t:|1698100044\n|detailschange|p1a: punch|Palafin-Hero, M\n|switch|p1a: mama Spaghetti zzz|Amoonguss, F|45\/100\n|move|p2a: Urshifu|Aqua Jet|p1a: mama Spaghetti zzz\n|-resisted|p1a: mama Spaghetti zzz\n|-damage|p1a: mama Spaghetti zzz|34\/100\n|\n|upkeep\n|turn|27\n|\n|t:|1698100050\n|switch|p2a: Kommo-o|Kommo-o, F|48\/100\n|switch|p1a: yo moma|Kyogre, tera:Electric|30\/100\n|-weather|RainDance|[from] ability: Drizzle|[of] p1a: yo moma\n|\n|-weather|RainDance|[upkeep]\n|upkeep\n|turn|28\n|c|\u2606pretzels-le-great|uh oh\n|l| gregoryhelmsworth\n|\n|t:|1698100060\n|move|p2a: Kommo-o|Earthquake|p1a: yo moma\n|-supereffective|p1a: yo moma\n|-damage|p1a: yo moma|0 fnt\n|faint|p1a: yo moma\n|\n|-weather|RainDance|[upkeep]\n|upkeep\n|\n|t:|1698100065\n|switch|p1a: punch|Palafin-Hero, M|12\/100\n|-activate|p1a: punch|ability: Zero to Hero\n|turn|29\n|\n|t:|1698100069\n|move|p1a: punch|Ice Punch|p2a: Kommo-o\n|-supereffective|p2a: Kommo-o\n|-damage|p2a: Kommo-o|0 fnt\n|faint|p2a: Kommo-o\n|\n|-weather|RainDance|[upkeep]\n|upkeep\n|\n|t:|1698100072\n|switch|p2a: Urshifu|Urshifu-Rapid-Strike, F|39\/100\n|turn|30\n|\n|t:|1698100076\n|switch|p1a: mama Spaghetti zzz|Amoonguss, F|68\/100\n|move|p2a: Urshifu|Aqua Jet|p1a: mama Spaghetti zzz\n|-resisted|p1a: mama Spaghetti zzz\n|-crit|p1a: mama Spaghetti zzz\n|-damage|p1a: mama Spaghetti zzz|45\/100\n|\n|-weather|RainDance|[upkeep]\n|upkeep\n|turn|31\n|c|\u2606pretzels-le-great|regenerator?\n|\n|t:|1698100089\n|switch|p2a: Ogerpon|Ogerpon-Hearthflame-Tera, F, tera:Fire|40\/100\n|-ability|p2a: Ogerpon|Embody Aspect (Hearthflame)|boost\n|-boost|p2a: Ogerpon|atk|1\n|move|p1a: mama Spaghetti zzz|Spore|p2a: Ogerpon\n|-status|p2a: Ogerpon|slp|[from] move: Spore\n|\n|-weather|none\n|upkeep\n|turn|32\n|c|\u2606pretzels-le-great|gg\n|\n|t:|1698100105\n|cant|p2a: Ogerpon|slp\n|move|p1a: mama Spaghetti zzz|Stomping Tantrum|p2a: Ogerpon\n|-supereffective|p2a: Ogerpon\n|-damage|p2a: Ogerpon|2\/100 slp\n|\n|upkeep\n|turn|33\n|\n|t:|1698100110\n|cant|p2a: Ogerpon|slp\n|move|p1a: mama Spaghetti zzz|Stomping Tantrum|p2a: Ogerpon\n|-supereffective|p2a: Ogerpon\n|-damage|p2a: Ogerpon|0 fnt\n|faint|p2a: Ogerpon\n|\n|upkeep\n|\n|t:|1698100113\n|switch|p2a: Urshifu|Urshifu-Rapid-Strike, F|39\/100\n|turn|34\n|\n|t:|1698100119\n|move|p2a: Urshifu|Close Combat|p1a: mama Spaghetti zzz\n|-resisted|p1a: mama Spaghetti zzz\n|-damage|p1a: mama Spaghetti zzz|10\/100\n|-unboost|p2a: Urshifu|def|1\n|-unboost|p2a: Urshifu|spd|1\n|move|p1a: mama Spaghetti zzz|Spore|p2a: Urshifu\n|-status|p2a: Urshifu|slp|[from] move: Spore\n|\n|upkeep\n|turn|35\n|\n|t:|1698100128\n|switch|p1a: punch|Palafin-Hero, M|12\/100\n|cant|p2a: Urshifu|slp\n|\n|upkeep\n|turn|36\n|\n|t:|1698100135\n|cant|p2a: Urshifu|slp\n|move|p1a: punch|Close Combat|p2a: Urshifu\n|-damage|p2a: Urshifu|0 fnt\n|-unboost|p1a: punch|def|1\n|-unboost|p1a: punch|spd|1\n|faint|p2a: Urshifu\n|\n|win|mintpokemon2\n|raw|mintpokemon2's rating: 1182 &rarr; <strong>1212<\/strong><br \/>(+30 for winning)\n|raw|pretzels-le-great's rating: 1248 &rarr; <strong>1218<\/strong><br \/>(-30 for losing)\n","uploadtime":1698099918,"views":5,"p1id":"mintpokemon2","p2id":"pretzelslegreat","formatid":"gen9anythinggoes","rating":1212,"private":0,"password":""}