{"id":"gen9anythinggoes-1989341570","p1":"mrelpolloloco","p2":"tbhails","format":"[Gen 9] Anything Goes","log":"|j|\u2606mrelpolloloco\n|j|\u2606tbhails\n|t:|1699838438\n|gametype|singles\n|player|p1|mrelpolloloco|169|\n|player|p2|tbhails|dawn|\n|teamsize|p1|6\n|teamsize|p2|6\n|gen|9\n|tier|[Gen 9] Anything Goes\n|rule|HP Percentage Mod: HP is shown in percentages\n|rule|Endless Battle Clause: Forcing endless battles is banned\n|clearpoke\n|poke|p1|Iron Bundle|\n|poke|p1|Corviknight, F|\n|poke|p1|Clodsire, F|\n|poke|p1|Roaring Moon|\n|poke|p1|Gallade, M|\n|poke|p1|Dedenne, F|\n|poke|p2|Electrode|\n|poke|p2|Volcanion|\n|poke|p2|Great Tusk|\n|poke|p2|Kingambit, M|\n|poke|p2|Sylveon, F|\n|poke|p2|Dondozo, M|\n|teampreview\n|\n|t:|1699838469\n|start\n|switch|p1a: Yami|Gallade, M, shiny|100\/100\n|switch|p2a: Sylveon|Sylveon, F, shiny|100\/100\n|turn|1\n|\n|t:|1699838480\n|-terastallize|p1a: Yami|Grass\n|move|p1a: Yami|Leaf Blade|p2a: Sylveon\n|-damage|p2a: Sylveon|39\/100\n|move|p2a: Sylveon|Calm Mind|p2a: Sylveon\n|-boost|p2a: Sylveon|spa|1\n|-boost|p2a: Sylveon|spd|1\n|\n|upkeep\n|turn|2\n|\n|t:|1699838488\n|move|p1a: Yami|Leaf Blade|p2a: Sylveon\n|-damage|p2a: Sylveon|0 fnt\n|faint|p2a: Sylveon\n|\n|upkeep\n|\n|t:|1699838496\n|switch|p2a: Volcanion|Volcanion|100\/100\n|turn|3\n|\n|t:|1699838507\n|switch|p1a: Shit mouse|Dedenne, F, shiny|100\/100\n|move|p2a: Volcanion|Flame Charge|p1a: Shit mouse\n|-damage|p1a: Shit mouse|51\/100\n|-boost|p2a: Volcanion|spe|1\n|\n|upkeep\n|turn|4\n|\n|t:|1699838522\n|switch|p2a: Great Tusk|Great Tusk|100\/100\n|move|p1a: Shit mouse|Discharge|p2a: Great Tusk\n|-immune|p2a: Great Tusk\n|\n|upkeep\n|turn|5\n|\n|t:|1699838542\n|switch|p1a: STOP TOUCHING ME!|Corviknight, F|100\/100\n|move|p2a: Great Tusk|Earthquake|p1a: STOP TOUCHING ME!\n|-immune|p1a: STOP TOUCHING ME!\n|\n|upkeep\n|turn|6\n|\n|t:|1699838561\n|-end|p2a: Great Tusk|Protosynthesis|[silent]\n|switch|p2a: Volcanion|Volcanion|100\/100\n|move|p1a: STOP TOUCHING ME!|Iron Defense|p1a: STOP TOUCHING ME!\n|-boost|p1a: STOP TOUCHING ME!|def|2\n|\n|upkeep\n|turn|7\n|\n|t:|1699838579\n|move|p2a: Volcanion|Flame Charge|p1a: STOP TOUCHING ME!\n|-supereffective|p1a: STOP TOUCHING ME!\n|-damage|p1a: STOP TOUCHING ME!|84\/100\n|-boost|p2a: Volcanion|spe|1\n|-damage|p2a: Volcanion|84\/100|[from] item: Rocky Helmet|[of] p1a: STOP TOUCHING ME!\n|move|p1a: STOP TOUCHING ME!|Iron Head|p2a: Volcanion\n|-resisted|p2a: Volcanion\n|-damage|p2a: Volcanion|79\/100\n|\n|upkeep\n|turn|8\n|\n|t:|1699838595\n|move|p2a: Volcanion|Flame Charge|p1a: STOP TOUCHING ME!\n|-supereffective|p1a: STOP TOUCHING ME!\n|-damage|p1a: STOP TOUCHING ME!|68\/100\n|-boost|p2a: Volcanion|spe|1\n|-damage|p2a: Volcanion|63\/100|[from] item: Rocky Helmet|[of] p1a: STOP TOUCHING ME!\n|move|p1a: STOP TOUCHING ME!|Iron Defense|p1a: STOP TOUCHING ME!\n|-boost|p1a: STOP TOUCHING ME!|def|2\n|\n|upkeep\n|turn|9\n|\n|t:|1699838609\n|move|p2a: Volcanion|Brick Break|p1a: STOP TOUCHING ME!\n|-damage|p1a: STOP TOUCHING ME!|62\/100\n|-damage|p2a: Volcanion|46\/100|[from] item: Rocky Helmet|[of] p1a: STOP TOUCHING ME!\n|move|p1a: STOP TOUCHING ME!|Roost|p1a: STOP TOUCHING ME!\n|-heal|p1a: STOP TOUCHING ME!|100\/100\n|-singleturn|p1a: STOP TOUCHING ME!|move: Roost\n|\n|upkeep\n|turn|10\n|\n|t:|1699838622\n|switch|p2a: Dondozo|Dondozo, M|100\/100\n|move|p1a: STOP TOUCHING ME!|Iron Defense|p1a: STOP TOUCHING ME!\n|-boost|p1a: STOP TOUCHING ME!|def|2\n|\n|upkeep\n|turn|11\n|\n|t:|1699838633\n|move|p1a: STOP TOUCHING ME!|Brave Bird|p2a: Dondozo\n|-damage|p2a: Dondozo|84\/100\n|-damage|p1a: STOP TOUCHING ME!|93\/100|[from] Recoil\n|move|p2a: Dondozo|Yawn|p1a: STOP TOUCHING ME!\n|-start|p1a: STOP TOUCHING ME!|move: Yawn|[of] p2a: Dondozo\n|\n|-heal|p2a: Dondozo|90\/100|[from] item: Leftovers\n|upkeep\n|turn|12\n|\n|t:|1699838661\n|switch|p1a: Fat Boi|Clodsire, F|100\/100\n|move|p2a: Dondozo|Body Press|p1a: Fat Boi\n|-resisted|p1a: Fat Boi\n|-damage|p1a: Fat Boi|86\/100\n|\n|-heal|p2a: Dondozo|96\/100|[from] item: Leftovers\n|-heal|p1a: Fat Boi|92\/100|[from] item: Black Sludge\n|upkeep\n|turn|13\n|\n|t:|1699838673\n|move|p2a: Dondozo|Yawn|p1a: Fat Boi\n|-start|p1a: Fat Boi|move: Yawn|[of] p2a: Dondozo\n|move|p1a: Fat Boi|Stealth Rock|p2a: Dondozo\n|-sidestart|p2: tbhails|move: Stealth Rock\n|\n|-heal|p2a: Dondozo|100\/100|[from] item: Leftovers\n|-heal|p1a: Fat Boi|98\/100|[from] item: Black Sludge\n|upkeep\n|turn|14\n|\n|t:|1699838686\n|switch|p1a: STOP TOUCHING ME!|Corviknight, F|93\/100\n|move|p2a: Dondozo|Liquidation|p1a: STOP TOUCHING ME!\n|-damage|p1a: STOP TOUCHING ME!|74\/100\n|-damage|p2a: Dondozo|84\/100|[from] item: Rocky Helmet|[of] p1a: STOP TOUCHING ME!\n|\n|-heal|p2a: Dondozo|90\/100|[from] item: Leftovers\n|upkeep\n|turn|15\n|\n|t:|1699838697\n|switch|p1a: Fat Boi|Clodsire, F|98\/100\n|move|p2a: Dondozo|Yawn|p1a: Fat Boi\n|-start|p1a: Fat Boi|move: Yawn|[of] p2a: Dondozo\n|\n|-heal|p2a: Dondozo|96\/100|[from] item: Leftovers\n|-heal|p1a: Fat Boi|100\/100|[from] item: Black Sludge\n|upkeep\n|turn|16\n|\n|t:|1699838711\n|move|p2a: Dondozo|Liquidation|p1a: Fat Boi\n|-immune|p1a: Fat Boi|[from] ability: Water Absorb\n|move|p1a: Fat Boi|Poison Jab|p2a: Dondozo\n|-damage|p2a: Dondozo|87\/100\n|\n|-heal|p2a: Dondozo|93\/100|[from] item: Leftovers\n|-end|p1a: Fat Boi|move: Yawn|[silent]\n|-status|p1a: Fat Boi|slp\n|upkeep\n|turn|17\n|\n|t:|1699838719\n|move|p2a: Dondozo|Body Press|p1a: Fat Boi\n|-resisted|p1a: Fat Boi\n|-crit|p1a: Fat Boi\n|-damage|p1a: Fat Boi|78\/100 slp\n|cant|p1a: Fat Boi|slp\n|\n|-heal|p2a: Dondozo|99\/100|[from] item: Leftovers\n|-heal|p1a: Fat Boi|84\/100 slp|[from] item: Black Sludge\n|upkeep\n|turn|18\n|\n|t:|1699838739\n|move|p2a: Dondozo|Body Press|p1a: Fat Boi\n|-resisted|p1a: Fat Boi\n|-damage|p1a: Fat Boi|68\/100 slp\n|cant|p1a: Fat Boi|slp\n|\n|-heal|p2a: Dondozo|100\/100|[from] item: Leftovers\n|-heal|p1a: Fat Boi|74\/100 slp|[from] item: Black Sludge\n|upkeep\n|turn|19\n|\n|t:|1699838747\n|switch|p1a: STOP TOUCHING ME!|Corviknight, F|74\/100\n|move|p2a: Dondozo|Body Press|p1a: STOP TOUCHING ME!\n|-damage|p1a: STOP TOUCHING ME!|55\/100\n|-damage|p2a: Dondozo|84\/100|[from] item: Rocky Helmet|[of] p1a: STOP TOUCHING ME!\n|\n|-heal|p2a: Dondozo|90\/100|[from] item: Leftovers\n|upkeep\n|turn|20\n|\n|t:|1699838758\n|switch|p1a: Fat Boi|Clodsire, F|74\/100 slp\n|move|p2a: Dondozo|Curse|p2a: Dondozo\n|-unboost|p2a: Dondozo|spe|1\n|-boost|p2a: Dondozo|atk|1\n|-boost|p2a: Dondozo|def|1\n|\n|-heal|p1a: Fat Boi|80\/100 slp|[from] item: Black Sludge\n|-heal|p2a: Dondozo|96\/100|[from] item: Leftovers\n|upkeep\n|turn|21\n|\n|t:|1699838767\n|cant|p1a: Fat Boi|slp\n|move|p2a: Dondozo|Body Press|p1a: Fat Boi\n|-resisted|p1a: Fat Boi\n|-damage|p1a: Fat Boi|56\/100 slp\n|\n|-heal|p1a: Fat Boi|62\/100 slp|[from] item: Black Sludge\n|-heal|p2a: Dondozo|100\/100|[from] item: Leftovers\n|upkeep\n|turn|22\n|\n|t:|1699838776\n|-curestatus|p1a: Fat Boi|slp|[msg]\n|move|p1a: Fat Boi|Poison Jab|p2a: Dondozo\n|-damage|p2a: Dondozo|93\/100\n|move|p2a: Dondozo|Body Press|p1a: Fat Boi\n|-resisted|p1a: Fat Boi\n|-damage|p1a: Fat Boi|40\/100\n|\n|-heal|p1a: Fat Boi|46\/100|[from] item: Black Sludge\n|-heal|p2a: Dondozo|99\/100|[from] item: Leftovers\n|upkeep\n|turn|23\n|\n|t:|1699838788\n|move|p1a: Fat Boi|Poison Jab|p2a: Dondozo\n|-damage|p2a: Dondozo|93\/100\n|-status|p2a: Dondozo|psn\n|move|p2a: Dondozo|Body Press|p1a: Fat Boi\n|-resisted|p1a: Fat Boi\n|-damage|p1a: Fat Boi|21\/100\n|\n|-heal|p1a: Fat Boi|28\/100|[from] item: Black Sludge\n|-heal|p2a: Dondozo|99\/100 psn|[from] item: Leftovers\n|-damage|p2a: Dondozo|87\/100 psn|[from] psn\n|upkeep\n|turn|24\n|\n|t:|1699838801\n|move|p1a: Fat Boi|Recover|p1a: Fat Boi\n|-heal|p1a: Fat Boi|78\/100\n|move|p2a: Dondozo|Body Press|p1a: Fat Boi\n|-resisted|p1a: Fat Boi\n|-damage|p1a: Fat Boi|54\/100\n|\n|-heal|p1a: Fat Boi|60\/100|[from] item: Black Sludge\n|-heal|p2a: Dondozo|93\/100 psn|[from] item: Leftovers\n|-damage|p2a: Dondozo|80\/100 psn|[from] psn\n|upkeep\n|turn|25\n|\n|t:|1699838813\n|switch|p2a: Great Tusk|Great Tusk|100\/100\n|-damage|p2a: Great Tusk|98\/100|[from] Stealth Rock\n|move|p1a: Fat Boi|Recover|p1a: Fat Boi\n|-heal|p1a: Fat Boi|100\/100\n|\n|-heal|p2a: Great Tusk|100\/100|[from] item: Leftovers\n|upkeep\n|turn|26\n|\n|t:|1699838821\n|switch|p1a: STOP TOUCHING ME!|Corviknight, F|55\/100\n|move|p2a: Great Tusk|Rapid Spin|p1a: STOP TOUCHING ME!\n|-resisted|p1a: STOP TOUCHING ME!\n|-damage|p1a: STOP TOUCHING ME!|50\/100\n|-boost|p2a: Great Tusk|spe|1\n|-damage|p2a: Great Tusk|84\/100|[from] item: Rocky Helmet|[of] p1a: STOP TOUCHING ME!\n|-sideend|p2: tbhails|Stealth Rock|[from] move: Rapid Spin|[of] p2a: Great Tusk\n|\n|-heal|p2a: Great Tusk|90\/100|[from] item: Leftovers\n|upkeep\n|turn|27\n|\n|t:|1699838834\n|move|p2a: Great Tusk|Substitute|p2a: Great Tusk\n|-start|p2a: Great Tusk|Substitute\n|-damage|p2a: Great Tusk|65\/100\n|move|p1a: STOP TOUCHING ME!|Roost|p1a: STOP TOUCHING ME!\n|-heal|p1a: STOP TOUCHING ME!|99\/100\n|-singleturn|p1a: STOP TOUCHING ME!|move: Roost\n|\n|-heal|p2a: Great Tusk|71\/100|[from] item: Leftovers\n|upkeep\n|turn|28\n|\n|t:|1699838842\n|move|p2a: Great Tusk|Close Combat|p1a: STOP TOUCHING ME!\n|-damage|p1a: STOP TOUCHING ME!|59\/100\n|-unboost|p2a: Great Tusk|def|1\n|-unboost|p2a: Great Tusk|spd|1\n|-damage|p2a: Great Tusk|55\/100|[from] item: Rocky Helmet|[of] p1a: STOP TOUCHING ME!\n|move|p1a: STOP TOUCHING ME!|Brave Bird|p2a: Great Tusk\n|-supereffective|p2a: Great Tusk\n|-end|p2a: Great Tusk|Substitute\n|-damage|p1a: STOP TOUCHING ME!|49\/100|[from] Recoil|[of] p2a: Great Tusk\n|\n|-heal|p2a: Great Tusk|61\/100|[from] item: Leftovers\n|upkeep\n|turn|29\n|\n|t:|1699838860\n|move|p2a: Great Tusk|Close Combat|p1a: STOP TOUCHING ME!\n|-damage|p1a: STOP TOUCHING ME!|13\/100\n|-unboost|p2a: Great Tusk|def|1\n|-unboost|p2a: Great Tusk|spd|1\n|-damage|p2a: Great Tusk|45\/100|[from] item: Rocky Helmet|[of] p1a: STOP TOUCHING ME!\n|move|p1a: STOP TOUCHING ME!|Roost|p1a: STOP TOUCHING ME!\n|-heal|p1a: STOP TOUCHING ME!|63\/100\n|-singleturn|p1a: STOP TOUCHING ME!|move: Roost\n|\n|-heal|p2a: Great Tusk|51\/100|[from] item: Leftovers\n|upkeep\n|turn|30\n|\n|t:|1699838889\n|-end|p2a: Great Tusk|Protosynthesis|[silent]\n|switch|p2a: Electrode|Electrode, shiny|100\/100\n|move|p1a: STOP TOUCHING ME!|Iron Defense|p1a: STOP TOUCHING ME!\n|-boost|p1a: STOP TOUCHING ME!|def|2\n|\n|upkeep\n|turn|31\n|\n|t:|1699838905\n|switch|p1a: Fat Boi|Clodsire, F|100\/100\n|move|p2a: Electrode|Thunder Wave|p1a: Fat Boi\n|-immune|p1a: Fat Boi\n|\n|upkeep\n|turn|32\n|\n|t:|1699838917\n|switch|p2a: Great Tusk|Great Tusk|51\/100\n|move|p1a: Fat Boi|Earthquake|p2a: Great Tusk\n|-damage|p2a: Great Tusk|33\/100\n|\n|-heal|p2a: Great Tusk|40\/100|[from] item: Leftovers\n|upkeep\n|turn|33\n|\n|t:|1699838933\n|-terastallize|p2a: Great Tusk|Ground\n|move|p2a: Great Tusk|Close Combat|p1a: Fat Boi\n|-resisted|p1a: Fat Boi\n|-damage|p1a: Fat Boi|69\/100\n|-unboost|p2a: Great Tusk|def|1\n|-unboost|p2a: Great Tusk|spd|1\n|move|p1a: Fat Boi|Earthquake|p2a: Great Tusk\n|-damage|p2a: Great Tusk|15\/100\n|\n|-heal|p2a: Great Tusk|21\/100|[from] item: Leftovers\n|-heal|p1a: Fat Boi|75\/100|[from] item: Black Sludge\n|upkeep\n|turn|34\n|\n|t:|1699838947\n|move|p2a: Great Tusk|Earthquake|p1a: Fat Boi\n|-supereffective|p1a: Fat Boi\n|-damage|p1a: Fat Boi|0 fnt\n|faint|p1a: Fat Boi\n|\n|-heal|p2a: Great Tusk|27\/100|[from] item: Leftovers\n|upkeep\n|\n|t:|1699838959\n|switch|p1a: Yami|Gallade, M, shiny, tera:Grass|100\/100\n|turn|35\n|\n|t:|1699838965\n|move|p1a: Yami|Leaf Blade|p2a: Great Tusk\n|-supereffective|p2a: Great Tusk\n|-damage|p2a: Great Tusk|0 fnt\n|faint|p2a: Great Tusk\n|-end|p2a: Great Tusk|Protosynthesis|[silent]\n|\n|upkeep\n|\n|t:|1699838972\n|switch|p2a: Electrode|Electrode, shiny|100\/100\n|turn|36\n|\n|t:|1699838989\n|move|p2a: Electrode|Thunder Wave|p1a: Yami\n|-status|p1a: Yami|par\n|cant|p1a: Yami|par\n|\n|upkeep\n|turn|37\n|\n|t:|1699839015\n|switch|p2a: Kingambit|Kingambit, M|100\/100\n|-activate|p2a: Kingambit|ability: Supreme Overlord\n|-start|p2a: Kingambit|fallen2|[silent]\n|move|p1a: Yami|Leaf Blade|p2a: Kingambit\n|-resisted|p2a: Kingambit\n|-damage|p2a: Kingambit|78\/100\n|\n|-heal|p2a: Kingambit|85\/100|[from] item: Leftovers\n|upkeep\n|turn|38\n|\n|t:|1699839025\n|switch|p1a: STOP TOUCHING ME!|Corviknight, F|63\/100\n|move|p2a: Kingambit|Swords Dance|p2a: Kingambit\n|-boost|p2a: Kingambit|atk|2\n|\n|-heal|p2a: Kingambit|91\/100|[from] item: Leftovers\n|upkeep\n|turn|39\n|\n|t:|1699839036\n|move|p1a: STOP TOUCHING ME!|Iron Defense|p1a: STOP TOUCHING ME!\n|-boost|p1a: STOP TOUCHING ME!|def|2\n|move|p2a: Kingambit|Substitute|p2a: Kingambit\n|-start|p2a: Kingambit|Substitute\n|-damage|p2a: Kingambit|66\/100\n|\n|-heal|p2a: Kingambit|72\/100|[from] item: Leftovers\n|upkeep\n|turn|40\n|\n|t:|1699839043\n|move|p1a: STOP TOUCHING ME!|Iron Defense|p1a: STOP TOUCHING ME!\n|-boost|p1a: STOP TOUCHING ME!|def|2\n|move|p2a: Kingambit|Swords Dance|p2a: Kingambit\n|-boost|p2a: Kingambit|atk|2\n|\n|-heal|p2a: Kingambit|78\/100|[from] item: Leftovers\n|upkeep\n|turn|41\n|\n|t:|1699839054\n|move|p2a: Kingambit|Sucker Punch|p1a: STOP TOUCHING ME!\n|-damage|p1a: STOP TOUCHING ME!|31\/100\n|-damage|p2a: Kingambit|62\/100|[from] item: Rocky Helmet|[of] p1a: STOP TOUCHING ME!\n|move|p1a: STOP TOUCHING ME!|Brave Bird|p2a: Kingambit\n|-resisted|p2a: Kingambit\n|-activate|p2a: Kingambit|move: Substitute|[damage]\n|-damage|p1a: STOP TOUCHING ME!|27\/100|[from] Recoil|[of] p2a: Kingambit\n|\n|-heal|p2a: Kingambit|68\/100|[from] item: Leftovers\n|upkeep\n|turn|42\n|\n|t:|1699839065\n|move|p2a: Kingambit|Sucker Punch||[still]\n|-fail|p2a: Kingambit\n|move|p1a: STOP TOUCHING ME!|Roost|p1a: STOP TOUCHING ME!\n|-heal|p1a: STOP TOUCHING ME!|77\/100\n|-singleturn|p1a: STOP TOUCHING ME!|move: Roost\n|\n|-heal|p2a: Kingambit|74\/100|[from] item: Leftovers\n|upkeep\n|turn|43\n|\n|t:|1699839073\n|move|p2a: Kingambit|Sucker Punch|p1a: STOP TOUCHING ME!\n|-damage|p1a: STOP TOUCHING ME!|44\/100\n|-damage|p2a: Kingambit|57\/100|[from] item: Rocky Helmet|[of] p1a: STOP TOUCHING ME!\n|move|p1a: STOP TOUCHING ME!|Brave Bird|p2a: Kingambit\n|-resisted|p2a: Kingambit\n|-activate|p2a: Kingambit|move: Substitute|[damage]\n|-damage|p1a: STOP TOUCHING ME!|40\/100|[from] Recoil|[of] p2a: Kingambit\n|\n|-heal|p2a: Kingambit|64\/100|[from] item: Leftovers\n|upkeep\n|turn|44\n|\n|t:|1699839087\n|move|p1a: STOP TOUCHING ME!|Roost|p1a: STOP TOUCHING ME!\n|-heal|p1a: STOP TOUCHING ME!|90\/100\n|-singleturn|p1a: STOP TOUCHING ME!|move: Roost\n|move|p2a: Kingambit|Brick Break|p1a: STOP TOUCHING ME!\n|-supereffective|p1a: STOP TOUCHING ME!\n|-damage|p1a: STOP TOUCHING ME!|44\/100\n|-damage|p2a: Kingambit|47\/100|[from] item: Rocky Helmet|[of] p1a: STOP TOUCHING ME!\n|\n|-heal|p2a: Kingambit|53\/100|[from] item: Leftovers\n|upkeep\n|turn|45\n|\n|t:|1699839104\n|move|p1a: STOP TOUCHING ME!|Roost|p1a: STOP TOUCHING ME!\n|-heal|p1a: STOP TOUCHING ME!|94\/100\n|-singleturn|p1a: STOP TOUCHING ME!|move: Roost\n|move|p2a: Kingambit|Swords Dance|p2a: Kingambit\n|-boost|p2a: Kingambit|atk|2\n|\n|-heal|p2a: Kingambit|59\/100|[from] item: Leftovers\n|upkeep\n|turn|46\n|\n|t:|1699839115\n|move|p1a: STOP TOUCHING ME!|Brave Bird|p2a: Kingambit\n|-resisted|p2a: Kingambit\n|-end|p2a: Kingambit|Substitute\n|-damage|p1a: STOP TOUCHING ME!|93\/100|[from] Recoil|[of] p2a: Kingambit\n|move|p2a: Kingambit|Brick Break|p1a: STOP TOUCHING ME!\n|-damage|p1a: STOP TOUCHING ME!|64\/100\n|-damage|p2a: Kingambit|43\/100|[from] item: Rocky Helmet|[of] p1a: STOP TOUCHING ME!\n|\n|-heal|p2a: Kingambit|49\/100|[from] item: Leftovers\n|upkeep\n|turn|47\n|\n|t:|1699839136\n|move|p2a: Kingambit|Sucker Punch||[still]\n|-fail|p2a: Kingambit\n|move|p1a: STOP TOUCHING ME!|Iron Defense|p1a: STOP TOUCHING ME!\n|-boost|p1a: STOP TOUCHING ME!|def|2\n|\n|-heal|p2a: Kingambit|55\/100|[from] item: Leftovers\n|upkeep\n|turn|48\n|\n|t:|1699839142\n|move|p1a: STOP TOUCHING ME!|Brave Bird|p2a: Kingambit\n|-resisted|p2a: Kingambit\n|-damage|p2a: Kingambit|43\/100\n|-damage|p1a: STOP TOUCHING ME!|60\/100|[from] Recoil\n|move|p2a: Kingambit|Brick Break|p1a: STOP TOUCHING ME!\n|-crit|p1a: STOP TOUCHING ME!\n|-damage|p1a: STOP TOUCHING ME!|0 fnt\n|-damage|p2a: Kingambit|27\/100|[from] item: Rocky Helmet|[of] p1a: STOP TOUCHING ME!\n|faint|p1a: STOP TOUCHING ME!\n|\n|-heal|p2a: Kingambit|33\/100|[from] item: Leftovers\n|upkeep\n|\n|t:|1699839160\n|switch|p1a: XXXtentacion|Roaring Moon|100\/100\n|-enditem|p1a: XXXtentacion|Booster Energy\n|-activate|p1a: XXXtentacion|ability: Protosynthesis|[fromitem]\n|-start|p1a: XXXtentacion|protosynthesisspe\n|turn|49\n|\n|t:|1699839170\n|-end|p2a: Kingambit|fallen2|[silent]\n|switch|p2a: Dondozo|Dondozo, M|80\/100 psn\n|move|p1a: XXXtentacion|Fire Fang|p2a: Dondozo\n|-resisted|p2a: Dondozo\n|-damage|p2a: Dondozo|75\/100 psn\n|\n|-heal|p2a: Dondozo|81\/100 psn|[from] item: Leftovers\n|-damage|p2a: Dondozo|69\/100 psn|[from] psn\n|upkeep\n|turn|50\n|\n|t:|1699839178\n|move|p1a: XXXtentacion|Knock Off|p2a: Dondozo\n|-damage|p2a: Dondozo|45\/100 psn\n|-enditem|p2a: Dondozo|Leftovers|[from] move: Knock Off|[of] p1a: XXXtentacion\n|move|p2a: Dondozo|Yawn|p1a: XXXtentacion\n|-start|p1a: XXXtentacion|move: Yawn|[of] p2a: Dondozo\n|\n|-damage|p2a: Dondozo|33\/100 psn|[from] psn\n|upkeep\n|turn|51\n|\n|t:|1699839190\n|-end|p1a: XXXtentacion|Protosynthesis|[silent]\n|switch|p1a: Shit mouse|Dedenne, F, shiny|51\/100\n|move|p2a: Dondozo|Body Press|p1a: Shit mouse\n|-resisted|p1a: Shit mouse\n|-damage|p1a: Shit mouse|25\/100\n|-enditem|p1a: Shit mouse|Sitrus Berry|[eat]\n|-heal|p1a: Shit mouse|50\/100|[from] item: Sitrus Berry\n|-heal|p1a: Shit mouse|83\/100|[from] ability: Cheek Pouch\n|\n|-damage|p2a: Dondozo|20\/100 psn|[from] psn\n|upkeep\n|turn|52\n|\n|t:|1699839212\n|move|p1a: Shit mouse|Discharge|p2a: Dondozo\n|-supereffective|p2a: Dondozo\n|-damage|p2a: Dondozo|0 fnt\n|faint|p2a: Dondozo\n|\n|upkeep\n|\n|t:|1699839233\n|switch|p2a: Kingambit|Kingambit, M|33\/100\n|-activate|p2a: Kingambit|ability: Supreme Overlord\n|-start|p2a: Kingambit|fallen3|[silent]\n|turn|53\n|\n|t:|1699839245\n|move|p1a: Shit mouse|Discharge|p2a: Kingambit\n|-damage|p2a: Kingambit|0 fnt\n|faint|p2a: Kingambit\n|-end|p2a: Kingambit|fallen3|[silent]\n|\n|upkeep\n|\n|t:|1699839249\n|switch|p2a: Volcanion|Volcanion|46\/100\n|turn|54\n|\n|t:|1699839253\n|move|p1a: Shit mouse|Discharge|p2a: Volcanion\n|-supereffective|p2a: Volcanion\n|-damage|p2a: Volcanion|1\/100\n|-status|p2a: Volcanion|par\n|move|p2a: Volcanion|Earthquake|p1a: Shit mouse\n|-supereffective|p1a: Shit mouse\n|-damage|p1a: Shit mouse|0 fnt\n|faint|p1a: Shit mouse\n|\n|upkeep\n|\n|t:|1699839280\n|switch|p1a: XXXtentacion|Roaring Moon|100\/100\n|turn|55\n|\n|t:|1699839287\n|move|p1a: XXXtentacion|Knock Off|p2a: Volcanion\n|-damage|p2a: Volcanion|0 fnt\n|-enditem|p2a: Volcanion|Assault Vest|[from] move: Knock Off|[of] p1a: XXXtentacion\n|faint|p2a: Volcanion\n|\n|upkeep\n|\n|t:|1699839291\n|switch|p2a: Electrode|Electrode, shiny|100\/100\n|turn|56\n|\n|t:|1699839299\n|move|p2a: Electrode|Thunder Wave|p1a: XXXtentacion\n|-status|p1a: XXXtentacion|par\n|cant|p1a: XXXtentacion|par\n|\n|upkeep\n|turn|57\n|\n|t:|1699839305\n|move|p2a: Electrode|Thunderbolt|p1a: XXXtentacion\n|-resisted|p1a: XXXtentacion\n|-damage|p1a: XXXtentacion|79\/100 par\n|move|p1a: XXXtentacion|Knock Off|p2a: Electrode\n|-damage|p2a: Electrode|23\/100\n|-enditem|p2a: Electrode|Magnet|[from] move: Knock Off|[of] p1a: XXXtentacion\n|\n|upkeep\n|turn|58\n|\n|t:|1699839313\n|move|p2a: Electrode|Thunderbolt|p1a: XXXtentacion\n|-resisted|p1a: XXXtentacion\n|-crit|p1a: XXXtentacion\n|-damage|p1a: XXXtentacion|54\/100 par\n|move|p1a: XXXtentacion|Knock Off|p2a: Electrode\n|-damage|p2a: Electrode|0 fnt\n|faint|p2a: Electrode\n|\n|win|mrelpolloloco\n|c|\u2606mrelpolloloco|close one!\n|c|\u2606mrelpolloloco|ggs\n","uploadtime":1699839324,"views":17,"p1id":"mrelpolloloco","p2id":"tbhails","formatid":"gen9anythinggoes","rating":0,"private":0,"password":""}