{"id":"gen9anythinggoes-1995120982","p1":"AltaltLyly","p2":"Fergder","format":"[Gen 9] Anything Goes","log":"|j|\u2606AltaltLyly\n|j|\u2606Fergder\n|t:|1700524870\n|gametype|singles\n|player|p1|AltaltLyly|winona|\n|player|p2|Fergder|265|\n|teamsize|p1|6\n|teamsize|p2|6\n|gen|9\n|tier|[Gen 9] Anything Goes\n|rule|HP Percentage Mod: HP is shown in percentages\n|rule|Endless Battle Clause: Forcing endless battles is banned\n|clearpoke\n|poke|p1|Arceus|\n|poke|p1|Mudsdale, F|\n|poke|p1|Armarouge, M|\n|poke|p1|Corviknight, M|\n|poke|p1|Cyclizar, M|\n|poke|p1|Tauros-Paldea-Aqua, M|\n|poke|p2|Sableye, F|\n|poke|p2|Arcanine-Hisui, M|\n|poke|p2|Sandaconda, F|\n|poke|p2|Shaymin-Sky|\n|poke|p2|Hoopa-Unbound|\n|poke|p2|Brambleghast, F|\n|teampreview\n|\n|t:|1700524883\n|start\n|switch|p1a: Cyclizar|Cyclizar, M|100\/100\n|switch|p2a: Sableye|Sableye, F|100\/100\n|turn|1\n|\n|t:|1700524911\n|move|p2a: Sableye|Taunt|p1a: Cyclizar\n|-start|p1a: Cyclizar|move: Taunt\n|move|p1a: Cyclizar|Knock Off|p2a: Sableye\n|-damage|p2a: Sableye|60\/100\n|-enditem|p2a: Sableye|Mental Herb|[from] move: Knock Off|[of] p1a: Cyclizar\n|\n|upkeep\n|turn|2\n|\n|t:|1700524928\n|switch|p1a: Tauros|Tauros-Paldea-Aqua, M|100\/100\n|-ability|p1a: Tauros|Intimidate|boost\n|-unboost|p2a: Sableye|atk|1\n|move|p2a: Sableye|Will-O-Wisp|p1a: Tauros|[miss]\n|-miss|p2a: Sableye|p1a: Tauros\n|\n|upkeep\n|turn|3\n|\n|t:|1700524942\n|switch|p1a: Armarouge|Armarouge, M|100\/100\n|switch|p2a: Shaymin|Shaymin-Sky|100\/100\n|\n|upkeep\n|turn|4\n|\n|t:|1700524961\n|move|p2a: Shaymin|Earth Power|p1a: Armarouge\n|-supereffective|p1a: Armarouge\n|-damage|p1a: Armarouge|36\/100\n|-unboost|p1a: Armarouge|spd|1\n|move|p1a: Armarouge|Armor Cannon|p2a: Shaymin\n|-supereffective|p2a: Shaymin\n|-damage|p2a: Shaymin|0 fnt\n|-unboost|p1a: Armarouge|def|1\n|-unboost|p1a: Armarouge|spd|1\n|faint|p2a: Shaymin\n|\n|upkeep\n|\n|t:|1700524969\n|switch|p2a: Brambleghast|Brambleghast, F|100\/100\n|turn|5\n|\n|t:|1700524977\n|switch|p1a: Cyclizar|Cyclizar, M|100\/100\n|move|p2a: Brambleghast|Shadow Sneak|p1a: Cyclizar\n|-immune|p1a: Cyclizar\n|\n|upkeep\n|turn|6\n|\n|t:|1700524985\n|switch|p2a: Arcanine|Arcanine-Hisui, M|100\/100\n|move|p1a: Cyclizar|Shed Tail|p1a: Cyclizar\n|-start|p1a: Cyclizar|Substitute|[from] move: Shed Tail\n|-damage|p1a: Cyclizar|50\/100\n|\n|t:|1700524996\n|switch|p1a: Tauros|Tauros-Paldea-Aqua, M|100\/100|[from] Shed Tail\n|-ability|p1a: Tauros|Intimidate|boost\n|-unboost|p2a: Arcanine|atk|1\n|\n|upkeep\n|turn|7\n|\n|t:|1700525009\n|move|p1a: Tauros|Raging Bull|p2a: Arcanine\n|-supereffective|p2a: Arcanine\n|-damage|p2a: Arcanine|0 fnt\n|faint|p2a: Arcanine\n|\n|upkeep\n|\n|t:|1700525020\n|switch|p2a: Hoopa|Hoopa-Unbound|100\/100\n|turn|8\n|\n|t:|1700525028\n|move|p1a: Tauros|Bulk Up|p1a: Tauros\n|-boost|p1a: Tauros|atk|1\n|-boost|p1a: Tauros|def|1\n|move|p2a: Hoopa|Fling|p1a: Tauros\n|-resisted|p1a: Tauros\n|-end|p1a: Tauros|Substitute\n|-enditem|p2a: Hoopa|Big Nugget|[from] move: Fling\n|\n|upkeep\n|turn|9\n|\n|t:|1700525040\n|move|p1a: Tauros|Close Combat|p2a: Hoopa\n|-damage|p2a: Hoopa|0 fnt\n|-unboost|p1a: Tauros|def|1\n|-unboost|p1a: Tauros|spd|1\n|faint|p2a: Hoopa\n|\n|upkeep\n|\n|t:|1700525046\n|switch|p2a: Brambleghast|Brambleghast, F|100\/100\n|turn|10\n|\n|t:|1700525056\n|switch|p1a: Corviknight|Corviknight, M|100\/100\n|-ability|p1a: Corviknight|Pressure\n|move|p2a: Brambleghast|Strength Sap|p1a: Corviknight\n|-unboost|p1a: Corviknight|atk|1\n|\n|upkeep\n|turn|11\n|\n|t:|1700525067\n|switch|p2a: Sandaconda|Sandaconda, F|100\/100\n|move|p1a: Corviknight|Brave Bird|p2a: Sandaconda\n|-damage|p2a: Sandaconda|80\/100\n|-damage|p1a: Corviknight|95\/100|[from] Recoil\n|\n|upkeep\n|turn|12\n|\n|t:|1700525085\n|switch|p1a: Tauros|Tauros-Paldea-Aqua, M|100\/100\n|-ability|p1a: Tauros|Intimidate|boost\n|-unboost|p2a: Sandaconda|atk|1\n|move|p2a: Sandaconda|Coil|p2a: Sandaconda\n|-boost|p2a: Sandaconda|atk|1\n|-boost|p2a: Sandaconda|def|1\n|-boost|p2a: Sandaconda|accuracy|1\n|\n|upkeep\n|turn|13\n|\n|t:|1700525093\n|-terastallize|p2a: Sandaconda|Ghost\n|move|p1a: Tauros|Raging Bull|p2a: Sandaconda\n|-damage|p2a: Sandaconda|57\/100\n|move|p2a: Sandaconda|Coil|p2a: Sandaconda\n|-boost|p2a: Sandaconda|atk|1\n|-boost|p2a: Sandaconda|def|1\n|-boost|p2a: Sandaconda|accuracy|1\n|\n|upkeep\n|turn|14\n|\n|t:|1700525110\n|switch|p1a: Mudsdale|Mudsdale, F|100\/100\n|move|p2a: Sandaconda|Coil|p2a: Sandaconda\n|-boost|p2a: Sandaconda|atk|1\n|-boost|p2a: Sandaconda|def|1\n|-boost|p2a: Sandaconda|accuracy|1\n|\n|upkeep\n|turn|15\n|\n|t:|1700525124\n|move|p2a: Sandaconda|Scale Shot|p1a: Mudsdale\n|-damage|p1a: Mudsdale|85\/100\n|-ability|p1a: Mudsdale|Stamina|boost\n|-boost|p1a: Mudsdale|def|1\n|-damage|p1a: Mudsdale|75\/100\n|-ability|p1a: Mudsdale|Stamina|boost\n|-boost|p1a: Mudsdale|def|1\n|-damage|p1a: Mudsdale|67\/100\n|-ability|p1a: Mudsdale|Stamina|boost\n|-boost|p1a: Mudsdale|def|1\n|-crit|p1a: Mudsdale\n|-damage|p1a: Mudsdale|44\/100\n|-ability|p1a: Mudsdale|Stamina|boost\n|-boost|p1a: Mudsdale|def|1\n|-damage|p1a: Mudsdale|39\/100\n|-ability|p1a: Mudsdale|Stamina|boost\n|-boost|p1a: Mudsdale|def|1\n|-hitcount|p1a: Mudsdale|5\n|-unboost|p2a: Sandaconda|def|1\n|-boost|p2a: Sandaconda|spe|1\n|move|p1a: Mudsdale|Stone Edge|p2a: Sandaconda|[miss]\n|-miss|p1a: Mudsdale|p2a: Sandaconda\n|\n|upkeep\n|turn|16\n|\n|t:|1700525146\n|move|p2a: Sandaconda|Scale Shot|p1a: Mudsdale\n|-damage|p1a: Mudsdale|35\/100\n|-ability|p1a: Mudsdale|Stamina|boost\n|-boost|p1a: Mudsdale|def|1\n|-damage|p1a: Mudsdale|31\/100\n|-damage|p1a: Mudsdale|28\/100\n|-damage|p1a: Mudsdale|24\/100\n|-damage|p1a: Mudsdale|20\/100\n|-hitcount|p1a: Mudsdale|5\n|-unboost|p2a: Sandaconda|def|1\n|-boost|p2a: Sandaconda|spe|1\n|move|p1a: Mudsdale|Stone Edge|p2a: Sandaconda\n|-damage|p2a: Sandaconda|35\/100\n|\n|upkeep\n|turn|17\n|\n|t:|1700525164\n|move|p2a: Sandaconda|Scale Shot|p1a: Mudsdale\n|-crit|p1a: Mudsdale\n|-damage|p1a: Mudsdale|0 fnt\n|faint|p1a: Mudsdale\n|-hitcount|p1: Mudsdale|1\n|-unboost|p2a: Sandaconda|def|1\n|-boost|p2a: Sandaconda|spe|1\n|\n|upkeep\n|\n|t:|1700525194\n|switch|p1a: Cyclizar|Cyclizar, M|83\/100\n|turn|18\n|\n|t:|1700525205\n|move|p1a: Cyclizar|Knock Off|p2a: Sandaconda\n|-supereffective|p2a: Sandaconda\n|-damage|p2a: Sandaconda|0 fnt\n|-enditem|p2a: Sandaconda|Loaded Dice|[from] move: Knock Off|[of] p1a: Cyclizar\n|faint|p2a: Sandaconda\n|\n|upkeep\n|\n|t:|1700525215\n|switch|p2a: Sableye|Sableye, F|60\/100\n|turn|19\n|c|\u2606Fergder|Well\n|-message|Fergder forfeited.\n|\n|win|AltaltLyly\n|l|\u2606Fergder\n","uploadtime":1700525234,"views":2,"p1id":"altaltlyly","p2id":"fergder","formatid":"gen9anythinggoes","rating":0,"private":0,"password":""}