{"id":"gen9anythinggoes-1973310981","p1":"NottoNeisan","p2":"IceBerryCoffee","format":"[Gen 9] Anything Goes","log":"|j|\u2606NottoNeisan\n|j|\u2606IceBerryCoffee\n|t:|1697952671\n|gametype|singles\n|player|p1|NottoNeisan|juan|1344\n|player|p2|IceBerryCoffee|101|1417\n|teamsize|p1|6\n|teamsize|p2|6\n|gen|9\n|tier|[Gen 9] Anything Goes\n|rated|\n|rule|HP Percentage Mod: HP is shown in percentages\n|rule|Endless Battle Clause: Forcing endless battles is banned\n|clearpoke\n|poke|p1|Slowking, M|\n|poke|p1|Slowking-Galar, M|\n|poke|p1|Toxapex, F|\n|poke|p1|Basculegion-F, F|\n|poke|p1|Dondozo, M|\n|poke|p1|Palafin, M|\n|poke|p2|Staraptor, F|\n|poke|p2|Torterra, F|\n|poke|p2|Uxie|\n|poke|p2|Palkia-Origin|\n|poke|p2|Calyrex-Shadow|\n|poke|p2|Arcanine, F|\n|teampreview\n|inactive|Battle timer is ON: inactive players will automatically lose when time's up. (requested by IceBerryCoffee)\n|\n|t:|1697952684\n|start\n|switch|p1a: Palafin|Palafin, M|100\/100\n|switch|p2a: Staraptor|Staraptor, F|100\/100\n|turn|1\n|\n|t:|1697952698\n|detailschange|p1a: Palafin|Palafin-Hero, M\n|switch|p1a: Slowking|Slowking-Galar, M|100\/100\n|move|p2a: Staraptor|Brave Bird|p1a: Slowking\n|-damage|p1a: Slowking|23\/100\n|-damage|p2a: Staraptor|68\/100|[from] Recoil\n|\n|upkeep\n|turn|2\n|\n|t:|1697952706\n|switch|p1a: Dondozo|Dondozo, M|100\/100\n|move|p2a: Staraptor|Brave Bird|p1a: Dondozo\n|-damage|p1a: Dondozo|68\/100\n|-damage|p2a: Staraptor|51\/100|[from] Recoil\n|\n|-heal|p1a: Dondozo|75\/100|[from] item: Leftovers\n|upkeep\n|turn|3\n|\n|t:|1697952718\n|switch|p2a: Arcanine|Arcanine, F|100\/100\n|-ability|p2a: Arcanine|Intimidate|boost\n|-unboost|p1a: Dondozo|atk|1\n|move|p1a: Dondozo|Rest|p1a: Dondozo\n|-status|p1a: Dondozo|slp|[from] move: Rest\n|-heal|p1a: Dondozo|100\/100 slp|[silent]\n|\n|upkeep\n|turn|4\n|\n|t:|1697952726\n|move|p2a: Arcanine|Will-O-Wisp||[still]\n|-fail|p2a: Arcanine\n|cant|p1a: Dondozo|slp\n|move|p1a: Dondozo|Sleep Talk|p1a: Dondozo\n|move|p1a: Dondozo|Rest||[from]move: Sleep Talk|[still]\n|-fail|p1a: Dondozo\n|\n|upkeep\n|turn|5\n|\n|t:|1697952733\n|switch|p2a: Torterra|Torterra, F|100\/100\n|cant|p1a: Dondozo|slp\n|move|p1a: Dondozo|Sleep Talk|p1a: Dondozo\n|move|p1a: Dondozo|Earthquake|p2a: Torterra|[from]move: Sleep Talk\n|-resisted|p2a: Torterra\n|-damage|p2a: Torterra|93\/100\n|\n|upkeep\n|turn|6\n|\n|t:|1697952747\n|switch|p1a: Toxapex|Toxapex, F|100\/100\n|move|p2a: Torterra|Shell Smash|p2a: Torterra\n|-unboost|p2a: Torterra|def|1\n|-unboost|p2a: Torterra|spd|1\n|-boost|p2a: Torterra|atk|2\n|-boost|p2a: Torterra|spa|2\n|-boost|p2a: Torterra|spe|2\n|-enditem|p2a: Torterra|White Herb\n|-clearnegativeboost|p2a: Torterra|[silent]\n|\n|upkeep\n|turn|7\n|\n|t:|1697952756\n|move|p2a: Torterra|Headlong Rush|p1a: Toxapex\n|-supereffective|p1a: Toxapex\n|-damage|p1a: Toxapex|0 fnt\n|-unboost|p2a: Torterra|def|1\n|-unboost|p2a: Torterra|spd|1\n|faint|p1a: Toxapex\n|\n|upkeep\n|\n|t:|1697952779\n|switch|p1a: Palafin|Palafin-Hero, M|100\/100\n|-activate|p1a: Palafin|ability: Zero to Hero\n|turn|8\n|\n|t:|1697952800\n|switch|p2a: Arcanine|Arcanine, F|100\/100\n|-ability|p2a: Arcanine|Intimidate|boost\n|-unboost|p1a: Palafin|atk|1\n|move|p1a: Palafin|Close Combat|p2a: Arcanine\n|-damage|p2a: Arcanine|60\/100\n|-unboost|p1a: Palafin|def|1\n|-unboost|p1a: Palafin|spd|1\n|\n|upkeep\n|turn|9\n|\n|t:|1697952815\n|switch|p1a: Slowking|Slowking, M|100\/100\n|switch|p2a: Uxie|Uxie|100\/100\n|\n|upkeep\n|turn|10\n|inactive|NottoNeisan has 120 seconds left.\n|\n|t:|1697952831\n|move|p2a: Uxie|Trick|p1a: Slowking\n|-activate|p2a: Uxie|move: Trick|[of] p1a: Slowking\n|-item|p1a: Slowking|Choice Scarf|[from] move: Trick\n|-item|p2a: Uxie|Leftovers|[from] move: Trick\n|move|p1a: Slowking|Trick Room|p1a: Slowking\n|-fieldstart|move: Trick Room|[of] p1a: Slowking\n|\n|upkeep\n|turn|11\n|inactive|NottoNeisan has 120 seconds left.\n|\n|t:|1697952842\n|switch|p1a: Dondozo|Dondozo, M|100\/100 slp\n|move|p2a: Uxie|Stealth Rock|p1a: Dondozo\n|-sidestart|p1: NottoNeisan|move: Stealth Rock\n|\n|upkeep\n|turn|12\n|\n|t:|1697952856\n|-curestatus|p1a: Dondozo|slp|[msg]\n|move|p1a: Dondozo|Earthquake|p2a: Uxie\n|-immune|p2a: Uxie|[from] ability: Levitate\n|move|p2a: Uxie|Memento|p1a: Dondozo\n|-unboost|p1a: Dondozo|atk|2\n|-unboost|p1a: Dondozo|spa|2\n|faint|p2a: Uxie\n|\n|upkeep\n|\n|t:|1697952865\n|switch|p2a: Torterra|Torterra, F|93\/100\n|turn|13\n|\n|t:|1697952877\n|move|p1a: Dondozo|Earthquake|p2a: Torterra\n|-resisted|p2a: Torterra\n|-damage|p2a: Torterra|87\/100\n|move|p2a: Torterra|Seed Bomb|p1a: Dondozo\n|-supereffective|p1a: Dondozo\n|-damage|p1a: Dondozo|65\/100\n|\n|-heal|p1a: Dondozo|71\/100|[from] item: Leftovers\n|upkeep\n|turn|14\n|\n|t:|1697952888\n|move|p1a: Dondozo|Rest|p1a: Dondozo\n|-status|p1a: Dondozo|slp|[from] move: Rest\n|-heal|p1a: Dondozo|100\/100 slp|[silent]\n|move|p2a: Torterra|Shell Smash|p2a: Torterra\n|-unboost|p2a: Torterra|def|1\n|-unboost|p2a: Torterra|spd|1\n|-boost|p2a: Torterra|atk|2\n|-boost|p2a: Torterra|spa|2\n|-boost|p2a: Torterra|spe|2\n|\n|-fieldend|move: Trick Room\n|upkeep\n|turn|15\n|\n|t:|1697952898\n|move|p2a: Torterra|Seed Bomb|p1a: Dondozo\n|-supereffective|p1a: Dondozo\n|-damage|p1a: Dondozo|64\/100 slp\n|cant|p1a: Dondozo|slp\n|\n|-heal|p1a: Dondozo|70\/100 slp|[from] item: Leftovers\n|upkeep\n|turn|16\n|\n|t:|1697952905\n|move|p2a: Torterra|Shell Smash|p2a: Torterra\n|-unboost|p2a: Torterra|def|1\n|-unboost|p2a: Torterra|spd|1\n|-boost|p2a: Torterra|atk|2\n|-boost|p2a: Torterra|spa|2\n|-boost|p2a: Torterra|spe|2\n|cant|p1a: Dondozo|slp\n|move|p1a: Dondozo|Sleep Talk|p1a: Dondozo\n|move|p1a: Dondozo|Rest||[from]move: Sleep Talk|[still]\n|-fail|p1a: Dondozo\n|\n|-heal|p1a: Dondozo|76\/100 slp|[from] item: Leftovers\n|upkeep\n|turn|17\n|\n|t:|1697952916\n|move|p2a: Torterra|Seed Bomb|p1a: Dondozo\n|-supereffective|p1a: Dondozo\n|-damage|p1a: Dondozo|41\/100 slp\n|-curestatus|p1a: Dondozo|slp|[msg]\n|move|p1a: Dondozo|Sleep Talk||[still]\n|-fail|p1a: Dondozo\n|\n|-heal|p1a: Dondozo|48\/100|[from] item: Leftovers\n|upkeep\n|turn|18\n|\n|t:|1697952925\n|move|p2a: Torterra|Seed Bomb|p1a: Dondozo\n|-supereffective|p1a: Dondozo\n|-damage|p1a: Dondozo|14\/100\n|move|p1a: Dondozo|Rest|p1a: Dondozo\n|-status|p1a: Dondozo|slp|[from] move: Rest\n|-heal|p1a: Dondozo|100\/100 slp|[silent]\n|\n|upkeep\n|turn|19\n|\n|t:|1697952933\n|move|p2a: Torterra|Seed Bomb|p1a: Dondozo\n|-supereffective|p1a: Dondozo\n|-damage|p1a: Dondozo|66\/100 slp\n|cant|p1a: Dondozo|slp\n|move|p1a: Dondozo|Sleep Talk|p1a: Dondozo\n|move|p1a: Dondozo|Stomping Tantrum|p2a: Torterra|[from]move: Sleep Talk\n|-resisted|p2a: Torterra\n|-damage|p2a: Torterra|83\/100\n|\n|-heal|p1a: Dondozo|72\/100 slp|[from] item: Leftovers\n|upkeep\n|turn|20\n|\n|t:|1697952943\n|move|p2a: Torterra|Seed Bomb|p1a: Dondozo\n|-supereffective|p1a: Dondozo\n|-damage|p1a: Dondozo|36\/100 slp\n|cant|p1a: Dondozo|slp\n|move|p1a: Dondozo|Sleep Talk|p1a: Dondozo\n|move|p1a: Dondozo|Stomping Tantrum|p2a: Torterra|[from]move: Sleep Talk\n|-resisted|p2a: Torterra\n|-damage|p2a: Torterra|78\/100\n|\n|-heal|p1a: Dondozo|43\/100 slp|[from] item: Leftovers\n|upkeep\n|turn|21\n|\n|t:|1697952956\n|move|p2a: Torterra|Seed Bomb|p1a: Dondozo\n|-supereffective|p1a: Dondozo\n|-damage|p1a: Dondozo|9\/100 slp\n|-curestatus|p1a: Dondozo|slp|[msg]\n|move|p1a: Dondozo|Rest|p1a: Dondozo\n|-status|p1a: Dondozo|slp|[from] move: Rest\n|-heal|p1a: Dondozo|100\/100 slp|[silent]\n|\n|upkeep\n|turn|22\n|\n|t:|1697952965\n|move|p2a: Torterra|Seed Bomb|p1a: Dondozo\n|-supereffective|p1a: Dondozo\n|-damage|p1a: Dondozo|64\/100 slp\n|cant|p1a: Dondozo|slp\n|move|p1a: Dondozo|Sleep Talk|p1a: Dondozo\n|move|p1a: Dondozo|Rest||[from]move: Sleep Talk|[still]\n|-fail|p1a: Dondozo\n|\n|-heal|p1a: Dondozo|70\/100 slp|[from] item: Leftovers\n|upkeep\n|turn|23\n|\n|t:|1697952974\n|move|p2a: Torterra|Seed Bomb|p1a: Dondozo\n|-supereffective|p1a: Dondozo\n|-damage|p1a: Dondozo|34\/100 slp\n|cant|p1a: Dondozo|slp\n|move|p1a: Dondozo|Sleep Talk|p1a: Dondozo\n|move|p1a: Dondozo|Earthquake|p2a: Torterra|[from]move: Sleep Talk\n|-resisted|p2a: Torterra\n|-damage|p2a: Torterra|73\/100\n|\n|-heal|p1a: Dondozo|40\/100 slp|[from] item: Leftovers\n|upkeep\n|turn|24\n|\n|t:|1697952984\n|move|p2a: Torterra|Seed Bomb|p1a: Dondozo\n|-supereffective|p1a: Dondozo\n|-damage|p1a: Dondozo|6\/100 slp\n|-curestatus|p1a: Dondozo|slp|[msg]\n|move|p1a: Dondozo|Rest|p1a: Dondozo\n|-status|p1a: Dondozo|slp|[from] move: Rest\n|-heal|p1a: Dondozo|100\/100 slp|[silent]\n|\n|upkeep\n|turn|25\n|\n|t:|1697952992\n|switch|p1a: Slowking|Slowking-Galar, M|57\/100\n|-damage|p1a: Slowking|44\/100|[from] Stealth Rock\n|move|p2a: Torterra|Seed Bomb|p1a: Slowking\n|-resisted|p1a: Slowking\n|-damage|p1a: Slowking|0 fnt\n|faint|p1a: Slowking\n|\n|upkeep\n|\n|t:|1697953004\n|switch|p1a: Palafin|Palafin-Hero, M|100\/100\n|-damage|p1a: Palafin|88\/100|[from] Stealth Rock\n|turn|26\n|\n|t:|1697953012\n|-terastallize|p1a: Palafin|Water\n|move|p1a: Palafin|Jet Punch|p2a: Torterra\n|-damage|p2a: Torterra|0 fnt\n|faint|p2a: Torterra\n|\n|upkeep\n|\n|t:|1697953018\n|switch|p2a: Arcanine|Arcanine, F|60\/100\n|-ability|p2a: Arcanine|Intimidate|boost\n|-unboost|p1a: Palafin|atk|1\n|turn|27\n|\n|t:|1697953028\n|-terastallize|p2a: Arcanine|Water\n|move|p1a: Palafin|Jet Punch|p2a: Arcanine\n|-resisted|p2a: Arcanine\n|-damage|p2a: Arcanine|40\/100\n|move|p2a: Arcanine|Will-O-Wisp|p1a: Palafin\n|-status|p1a: Palafin|brn\n|\n|-damage|p1a: Palafin|82\/100 brn|[from] brn\n|upkeep\n|turn|28\n|\n|t:|1697953040\n|switch|p1a: Slowking|Slowking, M|100\/100\n|-damage|p1a: Slowking|88\/100|[from] Stealth Rock\n|move|p2a: Arcanine|Morning Sun|p2a: Arcanine\n|-heal|p2a: Arcanine|90\/100\n|\n|upkeep\n|turn|29\n|\n|t:|1697953056\n|switch|p2a: Palkia|Palkia-Origin|100\/100\n|-ability|p2a: Palkia|Pressure\n|move|p1a: Slowking|Trick Room|p1a: Slowking\n|-fieldstart|move: Trick Room|[of] p1a: Slowking\n|\n|upkeep\n|turn|30\n|\n|t:|1697953072\n|switch|p1a: Dondozo|Dondozo, M|100\/100 slp\n|-damage|p1a: Dondozo|88\/100 slp|[from] Stealth Rock\n|move|p2a: Palkia|Dragon Tail|p1a: Dondozo\n|-damage|p1a: Dondozo|78\/100 slp\n|drag|p1a: Slowking|Slowking, M|100\/100\n|-damage|p1a: Slowking|88\/100|[from] Stealth Rock\n|\n|upkeep\n|turn|31\n|\n|t:|1697953086\n|move|p1a: Slowking|Foul Play|p2a: Palkia\n|-crit|p2a: Palkia\n|-damage|p2a: Palkia|69\/100\n|move|p2a: Palkia|Dragon Tail|p1a: Slowking\n|-damage|p1a: Slowking|66\/100\n|drag|p1a: Dondozo|Dondozo, M|78\/100 slp\n|-damage|p1a: Dondozo|65\/100 slp|[from] Stealth Rock\n|\n|-heal|p1a: Dondozo|72\/100 slp|[from] item: Leftovers\n|upkeep\n|turn|32\n|\n|t:|1697953096\n|cant|p1a: Dondozo|slp\n|move|p1a: Dondozo|Sleep Talk|p1a: Dondozo\n|move|p1a: Dondozo|Earthquake|p2a: Palkia|[from]move: Sleep Talk\n|-damage|p2a: Palkia|43\/100\n|move|p2a: Palkia|Dragon Tail|p1a: Dondozo\n|-damage|p1a: Dondozo|61\/100 slp\n|drag|p1a: Slowking|Slowking, M|99\/100\n|-damage|p1a: Slowking|87\/100|[from] Stealth Rock\n|\n|upkeep\n|turn|33\n|\n|t:|1697953107\n|move|p1a: Slowking|Foul Play|p2a: Palkia\n|-damage|p2a: Palkia|20\/100\n|move|p2a: Palkia|Draco Meteor|p1a: Slowking\n|-crit|p1a: Slowking\n|-damage|p1a: Slowking|13\/100\n|-unboost|p2a: Palkia|spa|2\n|\n|-fieldend|move: Trick Room\n|upkeep\n|turn|34\n|\n|t:|1697953116\n|switch|p1a: Dondozo|Dondozo, M|61\/100 slp\n|-damage|p1a: Dondozo|49\/100 slp|[from] Stealth Rock\n|move|p2a: Palkia|Dragon Tail|p1a: Dondozo|[miss]\n|-miss|p2a: Palkia|p1a: Dondozo\n|\n|-heal|p1a: Dondozo|55\/100 slp|[from] item: Leftovers\n|upkeep\n|turn|35\n|\n|t:|1697953140\n|cant|p1a: Dondozo|slp\n|move|p1a: Dondozo|Sleep Talk|p1a: Dondozo\n|move|p1a: Dondozo|Earthquake|p2a: Palkia|[from]move: Sleep Talk\n|-damage|p2a: Palkia|0 fnt\n|faint|p2a: Palkia\n|\n|-heal|p1a: Dondozo|61\/100 slp|[from] item: Leftovers\n|upkeep\n|\n|t:|1697953147\n|switch|p2a: Calyrex|Calyrex-Shadow|100\/100\n|-ability|p2a: Calyrex|As One\n|-ability|p2a: Calyrex|Unnerve\n|turn|36\n|\n|t:|1697953158\n|move|p2a: Calyrex|Astral Barrage|p1a: Dondozo\n|-damage|p1a: Dondozo|0 fnt\n|faint|p1a: Dondozo\n|-ability|p2a: Calyrex|Grim Neigh|boost\n|-boost|p2a: Calyrex|spa|1\n|\n|upkeep\n|inactive|NottoNeisan has 120 seconds left.\n|\n|t:|1697953176\n|switch|p1a: Basculegion|Basculegion-F, F|100\/100\n|-damage|p1a: Basculegion|88\/100|[from] Stealth Rock\n|turn|37\n|\n|t:|1697953183\n|move|p1a: Basculegion|Aqua Jet|p2a: Calyrex\n|-damage|p2a: Calyrex|74\/100\n|-damage|p1a: Basculegion|78\/100|[from] item: Life Orb\n|move|p2a: Calyrex|Astral Barrage|p1a: Basculegion\n|-supereffective|p1a: Basculegion\n|-damage|p1a: Basculegion|0 fnt\n|faint|p1a: Basculegion\n|-ability|p2a: Calyrex|Grim Neigh|boost\n|-boost|p2a: Calyrex|spa|1\n|\n|upkeep\n|inactive|NottoNeisan has 120 seconds left.\n|\n|t:|1697953193\n|switch|p1a: Palafin|Palafin-Hero, M, tera:Water|82\/100 brn\n|-damage|p1a: Palafin|70\/100 brn|[from] Stealth Rock\n|turn|38\n|\n|t:|1697953199\n|switch|p2a: Arcanine|Arcanine, F, tera:Water|90\/100\n|-ability|p2a: Arcanine|Intimidate|boost\n|-unboost|p1a: Palafin|atk|1\n|move|p1a: Palafin|Jet Punch|p2a: Arcanine\n|-resisted|p2a: Arcanine\n|-damage|p2a: Arcanine|79\/100\n|\n|-damage|p1a: Palafin|64\/100 brn|[from] brn\n|upkeep\n|turn|39\n|\n|t:|1697953208\n|switch|p1a: Slowking|Slowking, M|47\/100\n|-damage|p1a: Slowking|34\/100|[from] Stealth Rock\n|switch|p2a: Staraptor|Staraptor, F|51\/100\n|\n|upkeep\n|turn|40\n|\n|t:|1697953218\n|move|p2a: Staraptor|Brave Bird|p1a: Slowking\n|-damage|p1a: Slowking|0 fnt\n|faint|p1a: Slowking\n|-damage|p2a: Staraptor|37\/100|[from] Recoil\n|\n|upkeep\n|\n|t:|1697953224\n|switch|p1a: Palafin|Palafin-Hero, M, tera:Water|64\/100 brn\n|-damage|p1a: Palafin|51\/100 brn|[from] Stealth Rock\n|turn|41\n|\n|t:|1697953227\n|move|p2a: Staraptor|Brave Bird|p1a: Palafin\n|-damage|p1a: Palafin|0 fnt\n|faint|p1a: Palafin\n|-damage|p2a: Staraptor|19\/100|[from] Recoil\n|\n|win|IceBerryCoffee\n|raw|NottoNeisan's rating: 1344 &rarr; <strong>1328<\/strong><br \/>(-16 for losing)\n|raw|IceBerryCoffee's rating: 1417 &rarr; <strong>1433<\/strong><br \/>(+16 for winning)\n","uploadtime":1697953235,"views":9,"p1id":"nottoneisan","p2id":"iceberrycoffee","formatid":"gen9anythinggoes","rating":1328,"private":0,"password":""}