{"id":"gen9anythinggoes-1977608271","p1":"EAsportsbad","p2":"BDonutGLXY","format":"[Gen 9] Anything Goes","log":"|j|\u2606EAsportsbad\n|j|\u2606BDonutGLXY\n|t:|1698431462\n|gametype|singles\n|player|p1|EAsportsbad|lucas|1164\n|player|p2|BDonutGLXY|colress|1058\n|teamsize|p1|6\n|teamsize|p2|6\n|gen|9\n|tier|[Gen 9] Anything Goes\n|rated|\n|rule|HP Percentage Mod: HP is shown in percentages\n|rule|Endless Battle Clause: Forcing endless battles is banned\n|clearpoke\n|poke|p1|Blissey, F|\n|poke|p1|Cinderace, F|\n|poke|p1|Corviknight, M|\n|poke|p1|Dragapult, F|\n|poke|p1|Scizor, F|\n|poke|p1|Kingambit, F|\n|poke|p2|Revavroom, F|\n|poke|p2|Dragapult, M|\n|poke|p2|Iron Valiant|\n|poke|p2|Tatsugiri-Droopy, F|\n|poke|p2|Skeledirge, F|\n|poke|p2|Dragonite, M|\n|teampreview\n|inactive|Battle timer is ON: inactive players will automatically lose when time's up. (requested by EAsportsbad)\n|\n|t:|1698431468\n|start\n|switch|p1a: Knight|Corviknight, M|100\/100\n|switch|p2a: FIREARMS|Dragapult, M|100\/100\n|-ability|p1a: Knight|Pressure\n|turn|1\n|\n|t:|1698431475\n|move|p2a: FIREARMS|Thunder Wave|p1a: Knight\n|-status|p1a: Knight|par\n|move|p1a: Knight|Iron Defense|p1a: Knight\n|-boost|p1a: Knight|def|2\n|\n|upkeep\n|turn|2\n|\n|t:|1698431482\n|move|p2a: FIREARMS|Hex|p1a: Knight\n|-damage|p1a: Knight|45\/100 par\n|move|p1a: Knight|Iron Defense|p1a: Knight\n|-boost|p1a: Knight|def|2\n|\n|upkeep\n|turn|3\n|\n|t:|1698431491\n|switch|p1a: Rook|Blissey, F|100\/100\n|move|p2a: FIREARMS|Hex|p1a: Rook\n|-immune|p1a: Rook\n|\n|upkeep\n|turn|4\n|\n|t:|1698431497\n|move|p2a: FIREARMS|Thunder Wave|p1a: Rook\n|-status|p1a: Rook|par\n|cant|p1a: Rook|par\n|\n|upkeep\n|turn|5\n|\n|t:|1698431505\n|move|p2a: FIREARMS|Dragon Darts|p1a: Rook\n|-damage|p1a: Rook|64\/100 par\n|-anim|p2a: FIREARMS|Dragon Darts|p1a: Rook\n|-damage|p1a: Rook|27\/100 par\n|move|p1a: Rook|Dazzling Gleam|p2a: FIREARMS\n|-supereffective|p2a: FIREARMS\n|-damage|p2a: FIREARMS|57\/100\n|\n|-heal|p2a: FIREARMS|63\/100|[from] item: Leftovers\n|upkeep\n|turn|6\n|\n|t:|1698431516\n|-curestatus|p1a: Rook|par|[from] ability: Natural Cure\n|switch|p1a: Pawn|Scizor, F|100\/100\n|move|p2a: FIREARMS|Dragon Darts|p1a: Pawn\n|-resisted|p1a: Pawn\n|-damage|p1a: Pawn|91\/100\n|-anim|p2a: FIREARMS|Dragon Darts|p1a: Pawn\n|-resisted|p1a: Pawn\n|-damage|p1a: Pawn|81\/100\n|\n|-heal|p2a: FIREARMS|69\/100|[from] item: Leftovers\n|upkeep\n|turn|7\n|\n|t:|1698431528\n|move|p1a: Pawn|Bullet Punch|p2a: FIREARMS\n|-damage|p2a: FIREARMS|31\/100\n|move|p2a: FIREARMS|Thunder Wave|p1a: Pawn\n|-status|p1a: Pawn|par\n|\n|-heal|p2a: FIREARMS|37\/100|[from] item: Leftovers\n|upkeep\n|turn|8\n|c|\u2606BDonutGLXY|wait wait do you have a chess themed team\n|c|\u2606BDonutGLXY|thats actually really damn cool\n|\n|t:|1698431553\n|move|p1a: Pawn|Bullet Punch|p2a: FIREARMS\n|-crit|p2a: FIREARMS\n|-damage|p2a: FIREARMS|0 fnt\n|faint|p2a: FIREARMS\n|\n|upkeep\n|c|\u2606EAsportsbad|ik right\n|inactive|BDonutGLXY has 120 seconds left.\n|\n|t:|1698431564\n|switch|p2a: Queer|Iron Valiant|100\/100\n|turn|9\n|\n|t:|1698431571\n|cant|p1a: Pawn|par\n|move|p2a: Queer|Drain Punch|p1a: Pawn\n|-damage|p1a: Pawn|27\/100 par\n|-damage|p2a: Queer|91\/100|[from] item: Life Orb\n|\n|upkeep\n|turn|10\n|\n|t:|1698431580\n|-terastallize|p1a: Pawn|Bug\n|move|p1a: Pawn|Bullet Punch|p2a: Queer\n|-supereffective|p2a: Queer\n|-damage|p2a: Queer|0 fnt\n|faint|p2a: Queer\n|-end|p2a: Queer|Quark Drive|[silent]\n|\n|upkeep\n|\n|t:|1698431586\n|switch|p2a: Hot Rod|Revavroom, F, shiny|100\/100\n|turn|11\n|\n|t:|1698431589\n|move|p1a: Pawn|Bullet Punch|p2a: Hot Rod\n|-resisted|p2a: Hot Rod\n|-damage|p2a: Hot Rod|86\/100\n|move|p2a: Hot Rod|Iron Head|p1a: Pawn\n|-damage|p1a: Pawn|0 fnt\n|faint|p1a: Pawn\n|\n|-heal|p2a: Hot Rod|92\/100|[from] item: Leftovers\n|upkeep\n|\n|t:|1698431597\n|switch|p1a: Bishop|Cinderace, F|100\/100\n|turn|12\n|\n|t:|1698431604\n|move|p1a: Bishop|Pyro Ball|p2a: Hot Rod\n|-supereffective|p2a: Hot Rod\n|-damage|p2a: Hot Rod|0 fnt\n|faint|p2a: Hot Rod\n|\n|upkeep\n|\n|t:|1698431610\n|switch|p2a: Frye|Skeledirge, F|100\/100\n|turn|13\n|\n|t:|1698431618\n|switch|p1a: Rook|Blissey, F|27\/100\n|move|p2a: Frye|Torch Song|p1a: Rook\n|-damage|p1a: Rook|8\/100\n|-boost|p2a: Frye|spa|1\n|\n|upkeep\n|turn|14\n|\n|t:|1698431625\n|move|p2a: Frye|Torch Song|p1a: Rook\n|-damage|p1a: Rook|0 fnt\n|-boost|p2a: Frye|spa|1\n|faint|p1a: Rook\n|\n|upkeep\n|\n|t:|1698431631\n|switch|p1a: Bishop|Cinderace, F|100\/100\n|turn|15\n|\n|t:|1698431634\n|move|p1a: Bishop|Sucker Punch|p2a: Frye\n|-start|p1a: Bishop|typechange|Dark|[from] ability: Libero\n|-supereffective|p2a: Frye\n|-damage|p2a: Frye|0 fnt\n|faint|p2a: Frye\n|\n|upkeep\n|\n|t:|1698431643\n|switch|p2a: Yuzuko|Tatsugiri-Droopy, F|100\/100\n|turn|16\n|\n|t:|1698431648\n|move|p1a: Bishop|Sucker Punch|p2a: Yuzuko\n|-damage|p2a: Yuzuko|2\/100\n|move|p2a: Yuzuko|Counter|p1a: Bishop\n|-damage|p1a: Bishop|0 fnt\n|faint|p1a: Bishop\n|\n|upkeep\n|\n|t:|1698431655\n|switch|p1a: Queen|Dragapult, F|100\/100\n|turn|17\n|\n|t:|1698431664\n|move|p1a: Queen|Dragon Dance|p1a: Queen\n|-boost|p1a: Queen|atk|1\n|-boost|p1a: Queen|spe|1\n|move|p2a: Yuzuko|Draco Meteor|p1a: Queen\n|-supereffective|p1a: Queen\n|-damage|p1a: Queen|0 fnt\n|-unboost|p2a: Yuzuko|spa|2\n|faint|p1a: Queen\n|\n|upkeep\n|\n|t:|1698431673\n|switch|p1a: Knight|Corviknight, M|45\/100 par\n|-ability|p1a: Knight|Pressure\n|turn|18\n|\n|t:|1698431678\n|move|p2a: Yuzuko|Hydro Pump|p1a: Knight\n|-damage|p1a: Knight|13\/100 par\n|move|p1a: Knight|Hurricane|p2a: Yuzuko\n|-crit|p2a: Yuzuko\n|-damage|p2a: Yuzuko|0 fnt\n|faint|p2a: Yuzuko\n|\n|upkeep\n|\n|t:|1698431686\n|switch|p2a: random dragon|Dragonite, M|100\/100\n|turn|19\n|\n|t:|1698431690\n|-terastallize|p2a: random dragon|Normal\n|move|p2a: random dragon|Extreme Speed|p1a: Knight\n|-resisted|p1a: Knight\n|-damage|p1a: Knight|0 fnt\n|faint|p1a: Knight\n|-damage|p2a: random dragon|91\/100|[from] item: Life Orb\n|\n|upkeep\n|\n|t:|1698431697\n|switch|p1a: King|Kingambit, F|100\/100\n|-activate|p1a: King|ability: Supreme Overlord\n|-start|p1a: King|fallen5|[silent]\n|turn|20\n|\n|t:|1698431705\n|move|p2a: random dragon|Fire Punch|p1a: King\n|-supereffective|p1a: King\n|-damage|p1a: King|40\/100\n|-damage|p2a: random dragon|81\/100|[from] item: Life Orb\n|move|p1a: King|Poison Jab|p2a: random dragon\n|-damage|p2a: random dragon|43\/100\n|-status|p2a: random dragon|psn\n|\n|-heal|p1a: King|46\/100|[from] item: Leftovers\n|-damage|p2a: random dragon|31\/100 psn|[from] psn\n|upkeep\n|turn|21\n|\n|t:|1698431720\n|move|p2a: random dragon|Fire Punch|p1a: King\n|-supereffective|p1a: King\n|-damage|p1a: King|0 fnt\n|faint|p1a: King\n|-end|p1a: King|fallen5|[silent]\n|-damage|p2a: random dragon|21\/100 psn|[from] item: Life Orb\n|\n|win|BDonutGLXY\n|raw|EAsportsbad's rating: 1164 &rarr; <strong>1132<\/strong><br \/>(-32 for losing)\n|raw|BDonutGLXY's rating: 1058 &rarr; <strong>1099<\/strong><br \/>(+41 for winning)\n|c|\u2606EAsportsbad|gg\n|c|\u2606BDonutGLXY|ggs\n|l|\u2606EAsportsbad\n|c|\u2606BDonutGLXY|fun game\n","uploadtime":1698431731,"views":14,"p1id":"easportsbad","p2id":"bdonutglxy","formatid":"gen9anythinggoes","rating":1099,"private":0,"password":""}