{"id":"gen9anythinggoes-1977462068","p1":"Gauzic","p2":"Fatcadeguy","format":"[Gen 9] Anything Goes","log":"|j|\u2606Gauzic\n|j|\u203dFatcadeguy\n|t:|1698419131\n|gametype|singles\n|player|p1|Gauzic|rocketgrunt|1117\n|player|p2|Fatcadeguy|2|1044\n|teamsize|p1|6\n|teamsize|p2|6\n|gen|9\n|tier|[Gen 9] Anything Goes\n|rated|\n|rule|HP Percentage Mod: HP is shown in percentages\n|rule|Endless Battle Clause: Forcing endless battles is banned\n|clearpoke\n|poke|p1|Rotom|\n|poke|p1|Rotom-Fan|\n|poke|p1|Rotom-Frost|\n|poke|p1|Rotom-Heat|\n|poke|p1|Rotom-Mow|\n|poke|p1|Rotom-Wash|\n|poke|p2|Maushold|\n|poke|p2|Maushold|\n|poke|p2|Maushold|\n|poke|p2|Maushold|\n|poke|p2|Maushold|\n|poke|p2|Blissey, F|\n|teampreview\n|\n|t:|1698419143\n|start\n|switch|p1a: Number 1|Rotom-Fan|100\/100\n|switch|p2a: Blissey|Blissey, F|100\/100\n|turn|1\n|\n|t:|1698419149\n|switch|p1a: Watt|Rotom|100\/100\n|move|p2a: Blissey|Earthquake|p1a: Watt\n|-immune|p1a: Watt|[from] ability: Levitate\n|\n|upkeep\n|turn|2\n|\n|t:|1698419157\n|move|p1a: Watt|Will-O-Wisp|p2a: Blissey\n|-status|p2a: Blissey|brn\n|move|p2a: Blissey|Ice Beam|p1a: Watt\n|-damage|p1a: Watt|73\/100\n|-status|p1a: Watt|frz\n|\n|-damage|p2a: Blissey|94\/100 brn|[from] brn\n|upkeep\n|turn|3\n|\n|t:|1698419166\n|cant|p1a: Watt|frz\n|move|p2a: Blissey|Ice Beam|p1a: Watt\n|-crit|p1a: Watt\n|-damage|p1a: Watt|32\/100 frz\n|\n|-damage|p2a: Blissey|88\/100 brn|[from] brn\n|upkeep\n|turn|4\n|\n|t:|1698419173\n|-curestatus|p1a: Watt|frz|[msg]\n|move|p1a: Watt|Will-O-Wisp|p2a: Blissey|[miss]\n|-miss|p1a: Watt|p2a: Blissey\n|move|p2a: Blissey|Ice Beam|p1a: Watt\n|-damage|p1a: Watt|2\/100\n|\n|-damage|p2a: Blissey|82\/100 brn|[from] brn\n|upkeep\n|turn|5\n|\n|t:|1698419183\n|switch|p1a: Samsung|Rotom-Frost|100\/100\n|move|p2a: Blissey|Ice Beam|p1a: Samsung\n|-resisted|p1a: Samsung\n|-damage|p1a: Samsung|92\/100\n|\n|-damage|p2a: Blissey|76\/100 brn|[from] brn\n|upkeep\n|turn|6\n|\n|t:|1698419191\n|move|p1a: Samsung|Nasty Plot|p1a: Samsung\n|-boost|p1a: Samsung|spa|2\n|move|p2a: Blissey|Flamethrower|p1a: Samsung\n|-supereffective|p1a: Samsung\n|-damage|p1a: Samsung|58\/100\n|\n|-damage|p2a: Blissey|70\/100 brn|[from] brn\n|upkeep\n|turn|7\n|\n|t:|1698419199\n|move|p1a: Samsung|Thunder|p2a: Blissey|[miss]\n|-miss|p1a: Samsung|p2a: Blissey\n|-enditem|p1a: Samsung|Blunder Policy\n|-boost|p1a: Samsung|spe|2\n|move|p2a: Blissey|Flamethrower|p1a: Samsung\n|-supereffective|p1a: Samsung\n|-damage|p1a: Samsung|23\/100\n|\n|-damage|p2a: Blissey|64\/100 brn|[from] brn\n|upkeep\n|turn|8\n|\n|t:|1698419208\n|move|p1a: Samsung|Thunder|p2a: Blissey\n|-damage|p2a: Blissey|36\/100 brn\n|move|p2a: Blissey|Flamethrower|p1a: Samsung\n|-supereffective|p1a: Samsung\n|-damage|p1a: Samsung|0 fnt\n|faint|p1a: Samsung\n|\n|-damage|p2a: Blissey|30\/100 brn|[from] brn\n|upkeep\n|\n|t:|1698419224\n|switch|p1a: Tide Pod|Rotom-Wash|100\/100\n|turn|9\n|\n|t:|1698419235\n|move|p1a: Tide Pod|Hydro Pump|p2a: Blissey\n|-damage|p2a: Blissey|15\/100 brn\n|move|p2a: Blissey|Substitute|p2a: Blissey\n|-fail|p2a: Blissey|move: Substitute|[weak]\n|\n|-damage|p2a: Blissey|9\/100 brn|[from] brn\n|upkeep\n|turn|10\n|\n|t:|1698419244\n|move|p1a: Tide Pod|Hydro Pump|p2a: Blissey\n|-damage|p2a: Blissey|0 fnt\n|faint|p2a: Blissey\n|\n|upkeep\n|\n|t:|1698419249\n|switch|p2a: Maushold|Maushold|100\/100\n|turn|11\n|\n|t:|1698419253\n|switch|p1a: Number 1|Rotom-Fan|100\/100\n|move|p2a: Maushold|Population Bomb|p1a: Number 1\n|-damage|p1a: Number 1|94\/100\n|-damage|p1a: Number 1|87\/100\n|-damage|p1a: Number 1|81\/100\n|-damage|p1a: Number 1|74\/100\n|-damage|p1a: Number 1|67\/100\n|-damage|p1a: Number 1|61\/100\n|-damage|p1a: Number 1|55\/100\n|-damage|p1a: Number 1|48\/100\n|-damage|p1a: Number 1|42\/100\n|-damage|p1a: Number 1|35\/100\n|-hitcount|p1a: Number 1|10\n|\n|upkeep\n|turn|12\n|\n|t:|1698419271\n|move|p2a: Maushold|Population Bomb|p1a: Number 1|[miss]\n|-miss|p2a: Maushold|p1a: Number 1\n|move|p1a: Number 1|Reflect|p1a: Number 1\n|-sidestart|p1: Gauzic|Reflect\n|\n|upkeep\n|turn|13\n|\n|t:|1698419276\n|move|p2a: Maushold|Population Bomb|p1a: Number 1\n|-damage|p1a: Number 1|32\/100\n|-crit|p1a: Number 1\n|-damage|p1a: Number 1|22\/100\n|-damage|p1a: Number 1|18\/100\n|-damage|p1a: Number 1|15\/100\n|-damage|p1a: Number 1|12\/100\n|-damage|p1a: Number 1|8\/100\n|-damage|p1a: Number 1|5\/100\n|-damage|p1a: Number 1|2\/100\n|-hitcount|p1a: Number 1|8\n|move|p1a: Number 1|Air Slash|p2a: Maushold\n|-damage|p2a: Maushold|66\/100\n|\n|upkeep\n|turn|14\n|\n|t:|1698419291\n|move|p2a: Maushold|Encore|p1a: Number 1\n|-start|p1a: Number 1|Encore\n|move|p1a: Number 1|Air Slash|p2a: Maushold\n|-damage|p2a: Maushold|30\/100\n|\n|upkeep\n|turn|15\n|\n|t:|1698419298\n|move|p2a: Maushold|Protect|p2a: Maushold\n|-singleturn|p2a: Maushold|Protect\n|move|p1a: Number 1|Air Slash|p2a: Maushold\n|-activate|p2a: Maushold|move: Protect\n|\n|upkeep\n|turn|16\n|\n|t:|1698419303\n|move|p2a: Maushold|Population Bomb|p1a: Number 1\n|-damage|p1a: Number 1|0 fnt\n|faint|p1a: Number 1\n|-hitcount|p1: Number 1|1\n|\n|upkeep\n|\n|t:|1698419306\n|switch|p1a: Watt|Rotom|2\/100\n|turn|17\n|\n|t:|1698419311\n|move|p1a: Watt|Volt Switch|p2a: Maushold\n|-damage|p2a: Maushold|0 fnt\n|faint|p2a: Maushold\n|\n|t:|1698419317\n|switch|p1a: Eazy bake|Rotom-Heat, shiny|100\/100|[from] Volt Switch\n|\n|upkeep\n|\n|t:|1698419320\n|switch|p2a: Maushold|Maushold|100\/100\n|turn|18\n|\n|t:|1698419327\n|-terastallize|p1a: Eazy bake|Fire\n|move|p2a: Maushold|Population Bomb|p1a: Eazy bake\n|-damage|p1a: Eazy bake|98\/100\n|-damage|p1a: Eazy bake|95\/100\n|-hitcount|p1a: Eazy bake|2\n|move|p1a: Eazy bake|Overheat|p2a: Maushold\n|-enditem|p2a: Maushold|Focus Sash\n|-damage|p2a: Maushold|1\/100\n|-unboost|p1a: Eazy bake|spa|2\n|-enditem|p1a: Eazy bake|White Herb\n|-clearnegativeboost|p1a: Eazy bake|[silent]\n|\n|upkeep\n|turn|19\n|\n|t:|1698419341\n|move|p2a: Maushold|Population Bomb|p1a: Eazy bake\n|-damage|p1a: Eazy bake|92\/100\n|-damage|p1a: Eazy bake|89\/100\n|-damage|p1a: Eazy bake|86\/100\n|-damage|p1a: Eazy bake|83\/100\n|-damage|p1a: Eazy bake|80\/100\n|-damage|p1a: Eazy bake|77\/100\n|-damage|p1a: Eazy bake|75\/100\n|-damage|p1a: Eazy bake|72\/100\n|-hitcount|p1a: Eazy bake|8\n|move|p1a: Eazy bake|Thief|p2a: Maushold\n|-damage|p2a: Maushold|0 fnt\n|faint|p2a: Maushold\n|\n|-sideend|p1: Gauzic|Reflect\n|upkeep\n|\n|t:|1698419356\n|switch|p2a: Maushold|Maushold|100\/100\n|turn|20\n|\n|t:|1698419360\n|move|p2a: Maushold|Population Bomb|p1a: Eazy bake\n|-damage|p1a: Eazy bake|67\/100\n|-damage|p1a: Eazy bake|61\/100\n|-damage|p1a: Eazy bake|55\/100\n|-damage|p1a: Eazy bake|49\/100\n|-damage|p1a: Eazy bake|43\/100\n|-damage|p1a: Eazy bake|37\/100\n|-damage|p1a: Eazy bake|31\/100\n|-damage|p1a: Eazy bake|25\/100\n|-damage|p1a: Eazy bake|20\/100\n|-damage|p1a: Eazy bake|14\/100\n|-hitcount|p1a: Eazy bake|10\n|move|p1a: Eazy bake|Overheat|p2a: Maushold\n|-enditem|p2a: Maushold|Focus Sash\n|-damage|p2a: Maushold|1\/100\n|-unboost|p1a: Eazy bake|spa|2\n|\n|upkeep\n|turn|21\n|\n|t:|1698419382\n|switch|p1a: Watt|Rotom|2\/100\n|move|p2a: Maushold|Population Bomb|p1a: Watt\n|-immune|p1a: Watt\n|\n|upkeep\n|turn|22\n|inactive|Battle timer is ON: inactive players will automatically lose when time's up. (requested by Gauzic)\n|j| icsrelentless\n|\n|t:|1698419409\n|move|p1a: Watt|Volt Switch|p2a: Maushold\n|-damage|p2a: Maushold|0 fnt\n|faint|p2a: Maushold\n|\n|t:|1698419418\n|switch|p1a: Eazy bake|Rotom-Heat, shiny, tera:Fire|14\/100|[from] Volt Switch\n|\n|upkeep\n|\n|t:|1698419421\n|switch|p2a: Maushold|Maushold|100\/100\n|turn|23\n|\n|t:|1698419426\n|move|p2a: Maushold|Chilling Water|p1a: Eazy bake\n|-supereffective|p1a: Eazy bake\n|-damage|p1a: Eazy bake|0 fnt\n|faint|p1a: Eazy bake\n|\n|upkeep\n|\n|t:|1698419436\n|switch|p1a: Tide Pod|Rotom-Wash|100\/100\n|turn|24\n|\n|t:|1698419441\n|move|p2a: Maushold|Chilling Water|p1a: Tide Pod\n|-resisted|p1a: Tide Pod\n|-damage|p1a: Tide Pod|96\/100\n|-unboost|p1a: Tide Pod|atk|1\n|move|p1a: Tide Pod|Hydro Pump|p2a: Maushold\n|-damage|p2a: Maushold|49\/100\n|\n|upkeep\n|turn|25\n|\n|t:|1698419449\n|move|p2a: Maushold|Population Bomb|p1a: Tide Pod\n|-damage|p1a: Tide Pod|88\/100\n|-damage|p1a: Tide Pod|81\/100\n|-damage|p1a: Tide Pod|73\/100\n|-crit|p1a: Tide Pod\n|-damage|p1a: Tide Pod|62\/100\n|-damage|p1a: Tide Pod|55\/100\n|-damage|p1a: Tide Pod|49\/100\n|-damage|p1a: Tide Pod|41\/100\n|-damage|p1a: Tide Pod|34\/100\n|-damage|p1a: Tide Pod|26\/100\n|-damage|p1a: Tide Pod|19\/100\n|-hitcount|p1a: Tide Pod|10\n|move|p1a: Tide Pod|Hydro Pump|p2a: Maushold\n|-damage|p2a: Maushold|0 fnt\n|faint|p2a: Maushold\n|\n|upkeep\n|inactive|Fatcadeguy has 120 seconds left.\n|\n|t:|1698419505\n|switch|p2a: Maushold|Maushold|100\/100\n|turn|26\n|\n|t:|1698419511\n|move|p2a: Maushold|Population Bomb|p1a: Tide Pod|[miss]\n|-miss|p2a: Maushold|p1a: Tide Pod\n|move|p1a: Tide Pod|Thunderbolt|p2a: Maushold\n|-damage|p2a: Maushold|52\/100\n|\n|upkeep\n|turn|27\n|\n|t:|1698419517\n|move|p2a: Maushold|Population Bomb|p1a: Tide Pod\n|-damage|p1a: Tide Pod|11\/100\n|-damage|p1a: Tide Pod|2\/100\n|-damage|p1a: Tide Pod|0 fnt\n|faint|p1a: Tide Pod\n|-hitcount|p1: Tide Pod|3\n|\n|upkeep\n|\n|t:|1698419519\n|switch|p1a: John Deere|Rotom-Mow|100\/100\n|turn|28\n|\n|t:|1698419527\n|move|p2a: Maushold|Population Bomb|p1a: John Deere\n|-damage|p1a: John Deere|93\/100\n|-damage|p1a: John Deere|85\/100\n|-damage|p1a: John Deere|77\/100\n|-damage|p1a: John Deere|69\/100\n|-damage|p1a: John Deere|63\/100\n|-damage|p1a: John Deere|55\/100\n|-hitcount|p1a: John Deere|6\n|move|p1a: John Deere|Volt Switch|p2a: Maushold\n|-damage|p2a: Maushold|4\/100\n|\n|t:|1698419530\n|switch|p1a: Watt|Rotom|2\/100|[from] Volt Switch\n|\n|upkeep\n|turn|29\n|inactive|Fatcadeguy has 120 seconds left.\n|\n|t:|1698419542\n|move|p1a: Watt|Volt Switch|p2a: Maushold\n|-damage|p2a: Maushold|0 fnt\n|faint|p2a: Maushold\n|\n|win|Gauzic\n|raw|Gauzic's rating: 1117 &rarr; <strong>1137<\/strong><br \/>(+20 for winning)\n|raw|Fatcadeguy's rating: 1044 &rarr; <strong>1031<\/strong><br \/>(-13 for losing)\n|c|\u2606Gauzic|gg\n|l| icsrelentless\n","uploadtime":1698419574,"views":8,"p1id":"gauzic","p2id":"fatcadeguy","formatid":"gen9anythinggoes","rating":1031,"private":0,"password":""}