{"id":"gen9anythinggoes-1984728362","p1":"brianbass","p2":"neko7w7","format":"[Gen 9] Anything Goes","log":"|j|\u2606brianbass\n|j|\u2606neko7w7\n|t:|1699294217\n|gametype|singles\n|player|p1|brianbass|richboy|1237\n|player|p2|neko7w7|pokemonrangerf-gen4|1320\n|teamsize|p1|6\n|teamsize|p2|6\n|gen|9\n|tier|[Gen 9] Anything Goes\n|rated|\n|rule|HP Percentage Mod: HP is shown in percentages\n|rule|Endless Battle Clause: Forcing endless battles is banned\n|clearpoke\n|poke|p1|Pelipper, F|\n|poke|p1|Floatzel, F|\n|poke|p1|Kilowattrel, F|\n|poke|p1|Golduck, M|\n|poke|p1|Donphan, F|\n|poke|p1|Basculegion, M|\n|poke|p2|Ting-Lu|\n|poke|p2|Weavile, M|\n|poke|p2|Corviknight, F|\n|poke|p2|Slowbro, M|\n|poke|p2|Zacian-*|\n|poke|p2|Weezing-Galar, F|\n|teampreview\n|inactive|Battle timer is ON: inactive players will automatically lose when time's up. (requested by neko7w7)\n|j| Cudqo \u263d\n|\n|t:|1699294233\n|start\n|switch|p1a: Pelipper|Pelipper, F|100\/100\n|switch|p2a: Mondongo|Slowbro, M|100\/100\n|-weather|RainDance|[from] ability: Drizzle|[of] p1a: Pelipper\n|turn|1\n|j| Citrius\n|\n|t:|1699294237\n|switch|p1a: Kilowattrel|Kilowattrel, F|100\/100\n|move|p2a: Mondongo|Future Sight|p1a: Kilowattrel\n|-start|p2a: Mondongo|move: Future Sight\n|\n|-weather|RainDance|[upkeep]\n|upkeep\n|turn|2\n|l| Citrius\n|\n|t:|1699294244\n|switch|p2a: Chi-yu feo|Ting-Lu|100\/100\n|-ability|p2a: Chi-yu feo|Vessel of Ruin\n|move|p1a: Kilowattrel|Thunder|p2a: Chi-yu feo\n|-immune|p2a: Chi-yu feo\n|\n|-weather|RainDance|[upkeep]\n|upkeep\n|turn|3\n|c|\u2606brianbass|im on a streak\n|c|\u2606brianbass|today\n|\n|t:|1699294262\n|switch|p1a: Golduck|Golduck, M|100\/100\n|move|p2a: Chi-yu feo|Heavy Slam|p1a: Golduck\n|-resisted|p1a: Golduck\n|-damage|p1a: Golduck|75\/100\n|\n|-weather|RainDance|[upkeep]\n|-end|p1a: Golduck|move: Future Sight\n|-damage|p1a: Golduck|18\/100\n|upkeep\n|turn|4\n|\n|t:|1699294272\n|switch|p2a: Mondongo|Slowbro, M|100\/100\n|move|p1a: Golduck|Ice Beam|p2a: Mondongo\n|-resisted|p2a: Mondongo\n|-damage|p2a: Mondongo|89\/100\n|\n|-weather|RainDance|[upkeep]\n|upkeep\n|turn|5\n|c|\u2606brianbass|did u pray\n|c|\u2606brianbass|today\n|\n|t:|1699294277\n|move|p1a: Golduck|Grass Knot|p2a: Mondongo\n|-supereffective|p2a: Mondongo\n|-damage|p2a: Mondongo|45\/100\n|move|p2a: Mondongo|Trick Room|p2a: Mondongo\n|-fieldstart|move: Trick Room|[of] p2a: Mondongo\n|\n|-weather|RainDance|[upkeep]\n|upkeep\n|turn|6\n|\n|t:|1699294282\n|move|p2a: Mondongo|Future Sight|p1a: Golduck\n|-start|p2a: Mondongo|move: Future Sight\n|move|p1a: Golduck|Grass Knot|p2a: Mondongo\n|-supereffective|p2a: Mondongo\n|-damage|p2a: Mondongo|0 fnt\n|faint|p2a: Mondongo\n|\n|-weather|RainDance|[upkeep]\n|upkeep\n|j| STORM2384882\n|\n|t:|1699294289\n|switch|p2a: Mamawebo|Corviknight, F|100\/100\n|turn|7\n|l| STORM2384882\n|\n|t:|1699294304\n|move|p2a: Mamawebo|Bulk Up|p2a: Mamawebo\n|-boost|p2a: Mamawebo|atk|1\n|-boost|p2a: Mamawebo|def|1\n|move|p1a: Golduck|Hydro Pump|p2a: Mamawebo\n|-damage|p2a: Mamawebo|24\/100\n|\n|-weather|RainDance|[upkeep]\n|upkeep\n|turn|8\n|j| facemcface52\n|\n|t:|1699294317\n|move|p2a: Mamawebo|Body Press|p1a: Golduck\n|-damage|p1a: Golduck|0 fnt\n|faint|p1a: Golduck\n|\n|-weather|none\n|-hint|Future Sight did not hit because the target is fainted.\n|upkeep\n|c|\u2606brianbass|how u faster\n|\n|t:|1699294325\n|switch|p1a: Floatzel|Floatzel, F|100\/100\n|turn|9\n|c|\u2606brianbass|whatevr\n|\n|t:|1699294332\n|move|p1a: Floatzel|Aqua Jet|p2a: Mamawebo\n|-damage|p2a: Mamawebo|10\/100\n|-damage|p1a: Floatzel|84\/100|[from] item: Rocky Helmet|[of] p2a: Mamawebo\n|move|p2a: Mamawebo|Roost|p2a: Mamawebo\n|-heal|p2a: Mamawebo|60\/100\n|-singleturn|p2a: Mamawebo|move: Roost\n|\n|-fieldend|move: Trick Room\n|upkeep\n|turn|10\n|c|\u2606brianbass|whatever\n|c|\u2606brianbass|naa\n|c|\u2606brianbass|bs\n|\n|t:|1699294341\n|switch|p1a: Pelipper|Pelipper, F|100\/100\n|-weather|RainDance|[from] ability: Drizzle|[of] p1a: Pelipper\n|move|p2a: Mamawebo|Roost|p2a: Mamawebo\n|-heal|p2a: Mamawebo|100\/100\n|-singleturn|p2a: Mamawebo|move: Roost\n|\n|-weather|RainDance|[upkeep]\n|upkeep\n|turn|11\n|c|\u2606brianbass|nope\n|\n|t:|1699294349\n|switch|p2a: Falopa|Weezing-Galar, F, shiny|100\/100\n|move|p1a: Pelipper|Tailwind|p1a: Pelipper\n|-sidestart|p1: brianbass|move: Tailwind\n|\n|-weather|RainDance|[upkeep]\n|upkeep\n|turn|12\n|c|\u2606brianbass|tailwind\n|\n|t:|1699294355\n|move|p1a: Pelipper|U-turn|p2a: Falopa\n|-resisted|p2a: Falopa\n|-damage|p2a: Falopa|99\/100\n|\n|t:|1699294358\n|switch|p1a: Floatzel|Floatzel, F|84\/100|[from] U-turn\n|move|p2a: Falopa|Thunderbolt|p1a: Floatzel\n|-supereffective|p1a: Floatzel\n|-damage|p1a: Floatzel|0 fnt\n|faint|p1a: Floatzel\n|\n|-weather|RainDance|[upkeep]\n|-heal|p2a: Falopa|100\/100|[from] item: Leftovers\n|upkeep\n|\n|t:|1699294361\n|switch|p1a: Kilowattrel|Kilowattrel, F|100\/100\n|turn|13\n|c|\u2606brianbass|oh\n|c|\u2606brianbass|fck\n|c|\u2606brianbass|i might die\n|c|\u2606brianbass|here\n|c|\u2606brianbass|if he has a sash\n|c|\u2606brianbass|im dead\n|\n|t:|1699294384\n|move|p1a: Kilowattrel|Weather Ball|p2a: Falopa\n|-damage|p2a: Falopa|22\/100\n|move|p2a: Falopa|Defog|p1a: Kilowattrel\n|-unboost|p1a: Kilowattrel|evasion|1\n|\n|-weather|RainDance|[upkeep]\n|-heal|p2a: Falopa|27\/100|[from] item: Leftovers\n|upkeep\n|turn|14\n|l| Cudqo \u263d\n|\n|t:|1699294399\n|move|p1a: Kilowattrel|Weather Ball|p2a: Falopa\n|-damage|p2a: Falopa|0 fnt\n|faint|p2a: Falopa\n|\n|-weather|RainDance|[upkeep]\n|-sideend|p1: brianbass|move: Tailwind\n|upkeep\n|l| facemcface52\n|\n|t:|1699294405\n|switch|p2a: Metro y medio|Weavile, M|100\/100\n|-ability|p2a: Metro y medio|Pressure\n|turn|15\n|\n|t:|1699294411\n|move|p1a: Kilowattrel|Weather Ball|p2a: Metro y medio\n|-damage|p2a: Metro y medio|2\/100\n|move|p2a: Metro y medio|Icicle Crash|p1a: Kilowattrel\n|-supereffective|p1a: Kilowattrel\n|-damage|p1a: Kilowattrel|0 fnt\n|faint|p1a: Kilowattrel\n|\n|-weather|RainDance|[upkeep]\n|upkeep\n|\n|t:|1699294417\n|switch|p1a: Donphan|Donphan, F|100\/100\n|turn|16\n|\n|t:|1699294422\n|move|p2a: Metro y medio|Icicle Crash|p1a: Donphan\n|-supereffective|p1a: Donphan\n|-damage|p1a: Donphan|44\/100\n|cant|p1a: Donphan|flinch\n|\n|-weather|RainDance|[upkeep]\n|upkeep\n|turn|17\n|\n|t:|1699294434\n|move|p2a: Metro y medio|Icicle Crash|p1a: Donphan\n|-supereffective|p1a: Donphan\n|-damage|p1a: Donphan|0 fnt\n|faint|p1a: Donphan\n|\n|-weather|none\n|upkeep\n|\n|t:|1699294437\n|switch|p1a: Pelipper|Pelipper, F|100\/100\n|-weather|RainDance|[from] ability: Drizzle|[of] p1a: Pelipper\n|turn|18\n|\n|t:|1699294442\n|move|p2a: Metro y medio|Icicle Crash|p1a: Pelipper\n|-damage|p1a: Pelipper|65\/100\n|move|p1a: Pelipper|Tailwind|p1a: Pelipper\n|-sidestart|p1: brianbass|move: Tailwind\n|\n|-weather|RainDance|[upkeep]\n|upkeep\n|turn|19\n|\n|t:|1699294447\n|move|p2a: Metro y medio|Knock Off|p1a: Pelipper\n|-crit|p1a: Pelipper\n|-damage|p1a: Pelipper|1\/100\n|-enditem|p1a: Pelipper|Damp Rock|[from] move: Knock Off|[of] p2a: Metro y medio\n|move|p1a: Pelipper|Hurricane|p2a: Metro y medio\n|-damage|p2a: Metro y medio|0 fnt\n|faint|p2a: Metro y medio\n|\n|-weather|RainDance|[upkeep]\n|upkeep\n|c|\u2606brianbass|i cant\n|c|\u2606brianbass|die\n|c|\u2606brianbass|like dis\n|\n|t:|1699294455\n|switch|p2a: Ano-breaker|Zacian-Crowned|100\/100\n|-ability|p2a: Ano-breaker|Intrepid Sword|boost\n|-boost|p2a: Ano-breaker|atk|1\n|turn|20\n|\n|t:|1699294459\n|move|p2a: Ano-breaker|Quick Attack|p1a: Pelipper\n|-damage|p1a: Pelipper|0 fnt\n|faint|p1a: Pelipper\n|\n|-weather|RainDance|[upkeep]\n|upkeep\n|\n|t:|1699294462\n|switch|p1a: Basculegion|Basculegion, M|100\/100\n|turn|21\n|\n|t:|1699294473\n|-terastallize|p1a: Basculegion|Ghost\n|move|p1a: Basculegion|Last Respects|p2a: Ano-breaker\n|-damage|p2a: Ano-breaker|0 fnt\n|faint|p2a: Ano-breaker\n|\n|-weather|RainDance|[upkeep]\n|-sideend|p1: brianbass|move: Tailwind\n|upkeep\n|c|\u2606brianbass|pls\n|c|\u2606brianbass|gof\n|\n|t:|1699294479\n|switch|p2a: Chi-yu feo|Ting-Lu|100\/100\n|-ability|p2a: Chi-yu feo|Vessel of Ruin\n|turn|22\n|c|\u2606brianbass|god\n|\n|t:|1699294482\n|move|p1a: Basculegion|Last Respects|p2a: Chi-yu feo\n|-resisted|p2a: Chi-yu feo\n|-damage|p2a: Chi-yu feo|35\/100\n|move|p2a: Chi-yu feo|Throat Chop|p1a: Basculegion\n|-supereffective|p1a: Basculegion\n|-damage|p1a: Basculegion|10\/100\n|-start|p1a: Basculegion|Throat Chop|[silent]\n|\n|-weather|RainDance|[upkeep]\n|upkeep\n|turn|23\n|c|\u2606brianbass|dark\n|c|\u2606brianbass|type\n|c|\u2606brianbass|ah\n|c|\u2606brianbass|im dead\n|\n|t:|1699294493\n|move|p1a: Basculegion|Last Respects|p2a: Chi-yu feo\n|-resisted|p2a: Chi-yu feo\n|-damage|p2a: Chi-yu feo|0 fnt\n|faint|p2a: Chi-yu feo\n|\n|-weather|RainDance|[upkeep]\n|-end|p1a: Basculegion|Throat Chop|[silent]\n|upkeep\n|\n|t:|1699294495\n|switch|p2a: Mamawebo|Corviknight, F|100\/100\n|turn|24\n|\n|t:|1699294500\n|move|p1a: Basculegion|Last Respects|p2a: Mamawebo\n|-damage|p2a: Mamawebo|0 fnt\n|faint|p2a: Mamawebo\n|\n|win|brianbass\n|raw|brianbass's rating: 1237 &rarr; <strong>1268<\/strong><br \/>(+31 for winning)\n|raw|neko7w7's rating: 1320 &rarr; <strong>1295<\/strong><br \/>(-25 for losing)\n|c|\u2606brianbass|OMG\n|l|\u2606neko7w7\n","uploadtime":1699294508,"views":4,"p1id":"brianbass","p2id":"neko7w7","formatid":"gen9anythinggoes","rating":1268,"private":0,"password":""}