{"id":"gen9anythinggoes-1999323082","p1":"Dumbfudge","p2":"palboscfv","format":"[Gen 9] Anything Goes","log":"|j|\u2606Dumbfudge\n|j|\u2606palboscfv\n|t:|1701060270\n|gametype|singles\n|player|p1|Dumbfudge|blackbelt-gen4dp|1288\n|player|p2|palboscfv|giovanni|1175\n|teamsize|p1|6\n|teamsize|p2|6\n|gen|9\n|tier|[Gen 9] Anything Goes\n|rated|\n|rule|HP Percentage Mod: HP is shown in percentages\n|rule|Endless Battle Clause: Forcing endless battles is banned\n|clearpoke\n|poke|p1|Shaymin-Sky|\n|poke|p1|Espathra, F|\n|poke|p1|Ceruledge, F|\n|poke|p1|Zacian-*|\n|poke|p1|Ribombee, M|\n|poke|p1|Breloom, F|\n|poke|p2|Regieleki|\n|poke|p2|Grimmsnarl, M|\n|poke|p2|Gyarados, F|\n|poke|p2|Gardevoir, M|\n|poke|p2|Greninja-*, M|\n|poke|p2|Cinderace, M|\n|teampreview\n|inactive|Battle timer is ON: inactive players will automatically lose when time's up. (requested by Dumbfudge)\n|\n|t:|1701060283\n|start\n|switch|p1a: Whooping cough|Zacian-Crowned|100\/100\n|switch|p2a: Cinderace|Cinderace, M|100\/100\n|-ability|p1a: Whooping cough|Intrepid Sword|boost\n|-boost|p1a: Whooping cough|atk|1\n|turn|1\n|\n|t:|1701060291\n|switch|p1a: Neuropathy|Ceruledge, F|100\/100\n|move|p2a: Cinderace|High Jump Kick|p1a: Neuropathy\n|-start|p2a: Cinderace|typechange|Fighting|[from] ability: Libero\n|-immune|p1a: Neuropathy\n|-damage|p2a: Cinderace|51\/100|[from] highjumpkick\n|\n|upkeep\n|turn|2\n|\n|t:|1701060303\n|switch|p2a: Gardevoir|Gardevoir, M|100\/100\n|-ability|p2a: Gardevoir|Flash Fire|[from] ability: Trace|[of] p1a: Neuropathy\n|move|p1a: Neuropathy|Bitter Blade|p2a: Gardevoir\n|-start|p2a: Gardevoir|ability: Flash Fire\n|\n|upkeep\n|turn|3\n|\n|t:|1701060315\n|move|p1a: Neuropathy|Shadow Sneak|p2a: Gardevoir\n|-supereffective|p2a: Gardevoir\n|-damage|p2a: Gardevoir|31\/100\n|move|p2a: Gardevoir|Moonblast|p1a: Neuropathy\n|-resisted|p1a: Neuropathy\n|-damage|p1a: Neuropathy|74\/100\n|\n|upkeep\n|turn|4\n|\n|t:|1701060325\n|move|p1a: Neuropathy|Shadow Sneak|p2a: Gardevoir\n|-supereffective|p2a: Gardevoir\n|-damage|p2a: Gardevoir|0 fnt\n|faint|p2a: Gardevoir\n|\n|upkeep\n|\n|t:|1701060331\n|switch|p2a: Greninja|Greninja, M, shiny|100\/100\n|turn|5\n|\n|t:|1701060337\n|switch|p1a: Furuncle|Ribombee, M|100\/100\n|move|p2a: Greninja|Water Shuriken|p1a: Furuncle\n|-start|p2a: Greninja|typechange|Water|[from] ability: Protean\n|-damage|p1a: Furuncle|86\/100\n|-damage|p1a: Furuncle|72\/100\n|-damage|p1a: Furuncle|58\/100\n|-damage|p1a: Furuncle|46\/100\n|-damage|p1a: Furuncle|33\/100\n|-hitcount|p1a: Furuncle|5\n|-damage|p2a: Greninja|91\/100|[from] item: Life Orb\n|\n|upkeep\n|turn|6\n|\n|t:|1701060352\n|move|p1a: Furuncle|Sticky Web|p2a: Greninja\n|-sidestart|p2: palboscfv|move: Sticky Web\n|move|p2a: Greninja|Ice Beam|p1a: Furuncle\n|-damage|p1a: Furuncle|0 fnt\n|faint|p1a: Furuncle\n|-damage|p2a: Greninja|81\/100|[from] item: Life Orb\n|\n|upkeep\n|\n|t:|1701060360\n|switch|p1a: Cancer|Shaymin-Sky|100\/100\n|turn|7\n|\n|t:|1701060366\n|move|p1a: Cancer|Air Slash|p2a: Greninja\n|-damage|p2a: Greninja|26\/100\n|cant|p2a: Greninja|flinch\n|\n|upkeep\n|turn|8\n|\n|t:|1701060372\n|move|p1a: Cancer|Air Slash|p2a: Greninja\n|-damage|p2a: Greninja|0 fnt\n|faint|p2a: Greninja\n|\n|upkeep\n|\n|t:|1701060377\n|switch|p2a: Regieleki|Regieleki|100\/100\n|-activate|p2a: Regieleki|move: Sticky Web\n|-unboost|p2a: Regieleki|spe|1\n|turn|9\n|\n|t:|1701060384\n|move|p1a: Cancer|Air Slash|p2a: Regieleki\n|-resisted|p2a: Regieleki\n|-damage|p2a: Regieleki|45\/100\n|cant|p2a: Regieleki|flinch\n|\n|upkeep\n|turn|10\n|\n|t:|1701060396\n|move|p1a: Cancer|Air Slash|p2a: Regieleki\n|-resisted|p2a: Regieleki\n|-damage|p2a: Regieleki|0 fnt\n|faint|p2a: Regieleki\n|\n|upkeep\n|\n|t:|1701060400\n|switch|p2a: Gyarados|Gyarados, F, shiny|100\/100\n|turn|11\n|\n|t:|1701060405\n|switch|p1a: Whooping cough|Zacian-Crowned|100\/100\n|move|p2a: Gyarados|Dragon Dance|p2a: Gyarados\n|-boost|p2a: Gyarados|atk|1\n|-boost|p2a: Gyarados|spe|1\n|\n|upkeep\n|turn|12\n|\n|t:|1701060413\n|-terastallize|p1a: Whooping cough|Steel\n|move|p1a: Whooping cough|Behemoth Blade|p2a: Gyarados\n|-resisted|p2a: Gyarados\n|-damage|p2a: Gyarados|51\/100\n|move|p2a: Gyarados|Dragon Dance|p2a: Gyarados\n|-boost|p2a: Gyarados|atk|1\n|-boost|p2a: Gyarados|spe|1\n|\n|upkeep\n|turn|13\n|\n|t:|1701060424\n|move|p2a: Gyarados|Earthquake|p1a: Whooping cough\n|-supereffective|p1a: Whooping cough\n|-damage|p1a: Whooping cough|0 fnt\n|faint|p1a: Whooping cough\n|-ability|p2a: Gyarados|Moxie|boost\n|-boost|p2a: Gyarados|atk|1\n|\n|upkeep\n|\n|t:|1701060434\n|switch|p1a: Chickenpox|Espathra, F|100\/100\n|turn|14\n|\n|t:|1701060438\n|move|p1a: Chickenpox|Protect|p1a: Chickenpox\n|-singleturn|p1a: Chickenpox|Protect\n|move|p2a: Gyarados|Dragon Dance|p2a: Gyarados\n|-boost|p2a: Gyarados|atk|1\n|-boost|p2a: Gyarados|spe|1\n|\n|-ability|p1a: Chickenpox|Speed Boost|boost\n|-boost|p1a: Chickenpox|spe|1\n|upkeep\n|turn|15\n|\n|t:|1701060449\n|move|p2a: Gyarados|Crunch|p1a: Chickenpox\n|-supereffective|p1a: Chickenpox\n|-damage|p1a: Chickenpox|0 fnt\n|faint|p1a: Chickenpox\n|-ability|p2a: Gyarados|Moxie|boost\n|-boost|p2a: Gyarados|atk|1\n|\n|upkeep\n|\n|t:|1701060459\n|switch|p1a: Neuropathy|Ceruledge, F|74\/100\n|turn|16\n|\n|t:|1701060468\n|move|p1a: Neuropathy|Shadow Sneak|p2a: Gyarados\n|-damage|p2a: Gyarados|24\/100\n|-enditem|p2a: Gyarados|Sitrus Berry|[eat]\n|-heal|p2a: Gyarados|49\/100|[from] item: Sitrus Berry\n|move|p2a: Gyarados|Waterfall|p1a: Neuropathy\n|-supereffective|p1a: Neuropathy\n|-damage|p1a: Neuropathy|0 fnt\n|faint|p1a: Neuropathy\n|-ability|p2a: Gyarados|Moxie|boost\n|-boost|p2a: Gyarados|atk|1\n|\n|upkeep\n|\n|t:|1701060479\n|switch|p1a: Flat out AIDS|Breloom, F|100\/100\n|turn|17\n|\n|t:|1701060483\n|move|p2a: Gyarados|Waterfall|p1a: Flat out AIDS\n|-resisted|p1a: Flat out AIDS\n|-damage|p1a: Flat out AIDS|12\/100\n|move|p1a: Flat out AIDS|Spore|p2a: Gyarados\n|-status|p2a: Gyarados|slp|[from] move: Spore\n|\n|-status|p1a: Flat out AIDS|tox|[from] item: Toxic Orb\n|upkeep\n|turn|18\n|\n|t:|1701060493\n|cant|p2a: Gyarados|slp\n|move|p1a: Flat out AIDS|Leech Seed|p2a: Gyarados\n|-start|p2a: Gyarados|move: Leech Seed\n|\n|-damage|p2a: Gyarados|37\/100 slp|[from] Leech Seed|[of] p1a: Flat out AIDS\n|-heal|p1a: Flat out AIDS|24\/100 tox|[silent]\n|-heal|p1a: Flat out AIDS|37\/100 tox|[from] ability: Poison Heal\n|upkeep\n|turn|19\n|\n|t:|1701060507\n|cant|p2a: Gyarados|slp\n|move|p1a: Flat out AIDS|Spore|p2a: Gyarados\n|-fail|p2a: Gyarados|slp\n|\n|-damage|p2a: Gyarados|24\/100 slp|[from] Leech Seed|[of] p1a: Flat out AIDS\n|-heal|p1a: Flat out AIDS|49\/100 tox|[silent]\n|-heal|p1a: Flat out AIDS|62\/100 tox|[from] ability: Poison Heal\n|upkeep\n|turn|20\n|\n|t:|1701060517\n|cant|p2a: Gyarados|slp\n|move|p1a: Flat out AIDS|Spore|p2a: Gyarados\n|-fail|p2a: Gyarados|slp\n|\n|-damage|p2a: Gyarados|12\/100 slp|[from] Leech Seed|[of] p1a: Flat out AIDS\n|-heal|p1a: Flat out AIDS|74\/100 tox|[silent]\n|-heal|p1a: Flat out AIDS|87\/100 tox|[from] ability: Poison Heal\n|upkeep\n|turn|21\n|\n|t:|1701060527\n|-curestatus|p2a: Gyarados|slp|[msg]\n|move|p2a: Gyarados|Waterfall|p1a: Flat out AIDS\n|-resisted|p1a: Flat out AIDS\n|-damage|p1a: Flat out AIDS|0 fnt\n|faint|p1a: Flat out AIDS\n|\n|upkeep\n|\n|t:|1701060535\n|switch|p1a: Cancer|Shaymin-Sky|100\/100\n|turn|22\n|\n|t:|1701060541\n|move|p2a: Gyarados|Crunch|p1a: Cancer\n|-damage|p1a: Cancer|0 fnt\n|faint|p1a: Cancer\n|\n|win|palboscfv\n|raw|Dumbfudge's rating: 1288 &rarr; <strong>1255<\/strong><br \/>(-33 for losing)\n|raw|palboscfv's rating: 1175 &rarr; <strong>1208<\/strong><br \/>(+33 for winning)\n|l|\u2606Dumbfudge\n","uploadtime":1701060551,"views":1,"p1id":"dumbfudge","p2id":"palboscfv","formatid":"gen9anythinggoes","rating":1208,"private":0,"password":""}