{"id":"gen9anythinggoes-1992191876","p1":"TreBucet","p2":"Humqwad","format":"[Gen 9] Anything Goes","log":"|j|\u2606TreBucet\n|j|\u2606Humqwad\n|t:|1700162605\n|gametype|singles\n|player|p1|TreBucet|grimsley|1099\n|player|p2|Humqwad|brycenman|1048\n|teamsize|p1|6\n|teamsize|p2|6\n|gen|9\n|tier|[Gen 9] Anything Goes\n|rated|\n|rule|HP Percentage Mod: HP is shown in percentages\n|rule|Endless Battle Clause: Forcing endless battles is banned\n|clearpoke\n|poke|p1|Houndstone, M|\n|poke|p1|Tyranitar, F|\n|poke|p1|Glimmora, F|\n|poke|p1|Flutter Mane|\n|poke|p1|Miraidon|\n|poke|p1|Zoroark, M|\n|poke|p2|Zoroark-Hisui, M|\n|poke|p2|Zoroark, F|\n|poke|p2|Miraidon|\n|poke|p2|Koraidon|\n|poke|p2|Iron Hands|\n|poke|p2|Walking Wake|\n|teampreview\n|\n|t:|1700162616\n|start\n|switch|p1a: the hound|Houndstone, M|100\/100\n|switch|p2a: Zoroark|Zoroark-Hisui, M, shiny|100\/100\n|turn|1\n|\n|t:|1700162625\n|move|p1a: the hound|Flamethrower|p2a: Zoroark\n|-damage|p2a: Zoroark|52\/100\n|replace|p2a: Zoroark|Zoroark, F, shiny\n|-end|p2a: Zoroark|Illusion\n|move|p2a: Zoroark|Shadow Ball|p1a: the hound\n|-resisted|p1a: the hound\n|-damage|p1a: the hound|76\/100\n|-unboost|p1a: the hound|spd|1\n|replace|p1a: uh oh|Zoroark, M\n|-end|p1a: uh oh|Illusion\n|\n|-heal|p2a: Zoroark|58\/100|[from] item: Leftovers\n|upkeep\n|turn|2\n|\n|t:|1700162642\n|move|p1a: uh oh|Focus Blast|p2a: Zoroark\n|-supereffective|p2a: Zoroark\n|-damage|p2a: Zoroark|0 fnt\n|faint|p2a: Zoroark\n|\n|upkeep\n|\n|t:|1700162649\n|switch|p2a: Koraidon|Koraidon|100\/100\n|-weather|SunnyDay|[from] ability: Orichalcum Pulse|[of] p2a: Koraidon\n|-activate|p2a: Koraidon|Orichalcum Pulse|[source]\n|turn|3\n|\n|t:|1700162655\n|move|p2a: Koraidon|Collision Course|p1a: uh oh\n|-supereffective|p1a: uh oh\n|-damage|p1a: uh oh|0 fnt\n|faint|p1a: uh oh\n|\n|-weather|SunnyDay|[upkeep]\n|upkeep\n|\n|t:|1700162662\n|switch|p1a: hehe|Flutter Mane|100\/100\n|-activate|p1a: hehe|ability: Protosynthesis\n|-start|p1a: hehe|protosynthesisspe\n|turn|4\n|\n|t:|1700162669\n|switch|p2a: Miraidon|Miraidon|100\/100\n|-fieldstart|move: Electric Terrain|[from] ability: Hadron Engine|[of] p2a: Miraidon\n|move|p1a: hehe|Poltergeist|p2a: Miraidon\n|-activate|p2a: Miraidon|move: Poltergeist|Magnet\n|-damage|p2a: Miraidon|80\/100\n|\n|-weather|SunnyDay|[upkeep]\n|upkeep\n|turn|5\n|inactive|Battle timer is ON: inactive players will automatically lose when time's up. (requested by Humqwad)\n|\n|t:|1700162680\n|switch|p2a: Walking Wake|Walking Wake|100\/100\n|-activate|p2a: Walking Wake|ability: Protosynthesis\n|-start|p2a: Walking Wake|protosynthesisspa\n|move|p1a: hehe|Moonblast|p2a: Walking Wake\n|-supereffective|p2a: Walking Wake\n|-damage|p2a: Walking Wake|0 fnt\n|faint|p2a: Walking Wake\n|-end|p2a: Walking Wake|Protosynthesis|[silent]\n|\n|-weather|SunnyDay|[upkeep]\n|upkeep\n|\n|t:|1700162686\n|switch|p2a: Iron Hands|Iron Hands, shiny|100\/100\n|-activate|p2a: Iron Hands|ability: Quark Drive\n|-start|p2a: Iron Hands|quarkdriveatk\n|turn|6\n|\n|t:|1700162698\n|-end|p1a: hehe|Protosynthesis|[silent]\n|switch|p1a: funny rock|Glimmora, F|100\/100\n|-terastallize|p2a: Iron Hands|Steel\n|move|p2a: Iron Hands|Iron Head|p1a: funny rock\n|-supereffective|p1a: funny rock\n|-damage|p1a: funny rock|0 fnt\n|-activate|p1a: funny rock|ability: Toxic Debris\n|-sidestart|p2: Humqwad|move: Toxic Spikes\n|faint|p1a: funny rock\n|-damage|p2a: Iron Hands|91\/100|[from] item: Life Orb\n|\n|-weather|SunnyDay|[upkeep]\n|upkeep\n|\n|t:|1700162712\n|switch|p1a: Miraidon|Miraidon|100\/100\n|-activate|p1a: Miraidon|ability: Hadron Engine\n|turn|7\n|\n|t:|1700162723\n|move|p1a: Miraidon|Electro Drift|p2a: Iron Hands\n|-damage|p2a: Iron Hands|0 fnt\n|faint|p2a: Iron Hands\n|-end|p2a: Iron Hands|Quark Drive|[silent]\n|\n|-weather|none\n|upkeep\n|\n|t:|1700162728\n|switch|p2a: Miraidon|Miraidon|100\/100\n|-status|p2a: Miraidon|psn\n|turn|8\n|\n|t:|1700162735\n|move|p1a: Miraidon|Draco Meteor|p2a: Miraidon\n|-damage|p2a: Miraidon|0 fnt\n|-unboost|p1a: Miraidon|spa|2\n|replace|p2a: Zoroark|Zoroark-Hisui, M, shiny\n|-end|p2a: Zoroark|Illusion\n|faint|p2a: Zoroark\n|\n|-fieldend|move: Electric Terrain\n|upkeep\n|\n|t:|1700162739\n|switch|p2a: Miraidon|Miraidon|80\/100\n|-status|p2a: Miraidon|psn\n|-fieldstart|move: Electric Terrain|[from] ability: Hadron Engine|[of] p2a: Miraidon\n|turn|9\n|\n|t:|1700162749\n|switch|p1a: hehe|Flutter Mane|100\/100\n|move|p2a: Miraidon|Dragon Pulse|p1a: hehe\n|-immune|p1a: hehe\n|\n|-damage|p2a: Miraidon|68\/100 psn|[from] psn\n|upkeep\n|turn|10\n|\n|t:|1700162770\n|move|p1a: hehe|Moonblast|p2a: Miraidon\n|-supereffective|p2a: Miraidon\n|-damage|p2a: Miraidon|0 fnt\n|faint|p2a: Miraidon\n|\n|upkeep\n|\n|t:|1700162772\n|switch|p2a: Koraidon|Koraidon|100\/100\n|-status|p2a: Koraidon|psn\n|-weather|SunnyDay|[from] ability: Orichalcum Pulse|[of] p2a: Koraidon\n|-activate|p1a: hehe|ability: Protosynthesis\n|-start|p1a: hehe|protosynthesisspe\n|-activate|p2a: Koraidon|Orichalcum Pulse|[source]\n|turn|11\n|\n|t:|1700162785\n|move|p1a: hehe|Moonblast|p2a: Koraidon\n|-supereffective|p2a: Koraidon\n|-damage|p2a: Koraidon|0 fnt\n|faint|p2a: Koraidon\n|\n|win|TreBucet\n|raw|TreBucet's rating: 1099 &rarr; <strong>1120<\/strong><br \/>(+21 for winning)\n|raw|Humqwad's rating: 1048 &rarr; <strong>1033<\/strong><br \/>(-15 for losing)\n|l|\u2606Humqwad\n|c|\u2606TreBucet|damn and didnt need to us emy gimmick\n|c|\u2606TreBucet|lol\n","uploadtime":1700162797,"views":4,"p1id":"trebucet","p2id":"humqwad","formatid":"gen9anythinggoes","rating":1033,"private":0,"password":""}