{"id":"gen9anythinggoes-1985479718","p1":"Nidoking7769","p2":"Cuh42069","format":"[Gen 9] Anything Goes","log":"|j|\u203dNidoking7769\n|j|\u2606Cuh42069\n|t:|1699378095\n|gametype|singles\n|player|p1|Nidoking7769|102|1159\n|player|p2|Cuh42069|lucas|1181\n|teamsize|p1|6\n|teamsize|p2|6\n|gen|9\n|tier|[Gen 9] Anything Goes\n|rated|\n|rule|HP Percentage Mod: HP is shown in percentages\n|rule|Endless Battle Clause: Forcing endless battles is banned\n|clearpoke\n|poke|p1|Ting-Lu|\n|poke|p1|Dondozo, M|\n|poke|p1|Kleavor, M|\n|poke|p1|Decidueye-Hisui, M|\n|poke|p1|Sandy Shocks|\n|poke|p1|Skeledirge, M|\n|poke|p2|Houndstone, M|\n|poke|p2|Bellibolt, F|\n|poke|p2|Mudsdale, M|\n|poke|p2|Farigiraf, M|\n|poke|p2|Scizor, F|\n|poke|p2|Starly, L1, M|\n|teampreview\n|\n|t:|1699378107\n|start\n|switch|p1a: Kleavor|Kleavor, M|100\/100\n|switch|p2a: Farigiraf|Farigiraf, M|100\/100\n|turn|1\n|inactive|Battle timer is ON: inactive players will automatically lose when time's up. (requested by Nidoking7769)\n|c|\u2606Cuh42069|Good luck don't have fun\n|\n|t:|1699378119\n|move|p1a: Kleavor|X-Scissor|p2a: Farigiraf\n|-supereffective|p2a: Farigiraf\n|-damage|p2a: Farigiraf|0 fnt\n|faint|p2a: Farigiraf\n|-damage|p1a: Kleavor|91\/100|[from] item: Life Orb\n|\n|upkeep\n|\n|t:|1699378127\n|switch|p2a: Scizor|Scizor, F|100\/100\n|turn|2\n|\n|t:|1699378132\n|move|p2a: Scizor|Bullet Punch|p1a: Kleavor\n|-supereffective|p1a: Kleavor\n|-damage|p1a: Kleavor|3\/100\n|move|p1a: Kleavor|Stone Axe|p2a: Scizor|[miss]\n|-miss|p1a: Kleavor|p2a: Scizor\n|\n|upkeep\n|turn|3\n|\n|t:|1699378138\n|move|p2a: Scizor|Bullet Punch|p1a: Kleavor\n|-supereffective|p1a: Kleavor\n|-damage|p1a: Kleavor|0 fnt\n|faint|p1a: Kleavor\n|\n|upkeep\n|\n|t:|1699378140\n|switch|p1a: Skeledirge|Skeledirge, M|100\/100\n|turn|4\n|\n|t:|1699378145\n|-terastallize|p2a: Scizor|Water\n|move|p1a: Skeledirge|Will-O-Wisp|p2a: Scizor|[miss]\n|-miss|p1a: Skeledirge|p2a: Scizor\n|move|p2a: Scizor|Acrobatics|p1a: Skeledirge\n|-damage|p1a: Skeledirge|82\/100\n|\n|-heal|p1a: Skeledirge|88\/100|[from] item: Leftovers\n|upkeep\n|turn|5\n|\n|t:|1699378152\n|switch|p2a: Mudsdale|Mudsdale, M|100\/100\n|move|p1a: Skeledirge|Will-O-Wisp|p2a: Mudsdale\n|-status|p2a: Mudsdale|brn\n|\n|-heal|p1a: Skeledirge|94\/100|[from] item: Leftovers\n|-damage|p2a: Mudsdale|94\/100 brn|[from] brn\n|upkeep\n|turn|6\n|\n|t:|1699378157\n|move|p1a: Skeledirge|Fire Spin|p2a: Mudsdale|[miss]\n|-miss|p1a: Skeledirge|p2a: Mudsdale\n|move|p2a: Mudsdale|Earthquake|p1a: Skeledirge\n|-supereffective|p1a: Skeledirge\n|-damage|p1a: Skeledirge|61\/100\n|\n|-heal|p1a: Skeledirge|67\/100|[from] item: Leftovers\n|-damage|p2a: Mudsdale|88\/100 brn|[from] brn\n|upkeep\n|turn|7\n|\n|t:|1699378163\n|move|p1a: Skeledirge|Fire Spin|p2a: Mudsdale\n|-damage|p2a: Mudsdale|76\/100 brn\n|-activate|p2a: Mudsdale|move: Fire Spin|[of] p1a: Skeledirge\n|-ability|p2a: Mudsdale|Stamina|boost\n|-boost|p2a: Mudsdale|def|1\n|move|p2a: Mudsdale|Earthquake|p1a: Skeledirge\n|-supereffective|p1a: Skeledirge\n|-damage|p1a: Skeledirge|35\/100\n|\n|-heal|p1a: Skeledirge|41\/100|[from] item: Leftovers\n|-damage|p2a: Mudsdale|70\/100 brn|[from] brn\n|-damage|p2a: Mudsdale|57\/100 brn|[from] move: Fire Spin|[partiallytrapped]\n|upkeep\n|turn|8\n|\n|t:|1699378170\n|move|p1a: Skeledirge|Slack Off|p1a: Skeledirge\n|-heal|p1a: Skeledirge|91\/100\n|move|p2a: Mudsdale|Rest|p2a: Mudsdale\n|-status|p2a: Mudsdale|slp|[from] move: Rest\n|-heal|p2a: Mudsdale|100\/100 slp|[silent]\n|-enditem|p2a: Mudsdale|Chesto Berry|[eat]\n|-curestatus|p2a: Mudsdale|slp|[msg]\n|\n|-heal|p1a: Skeledirge|97\/100|[from] item: Leftovers\n|-damage|p2a: Mudsdale|88\/100|[from] move: Fire Spin|[partiallytrapped]\n|upkeep\n|turn|9\n|\n|t:|1699378178\n|move|p1a: Skeledirge|Will-O-Wisp|p2a: Mudsdale\n|-status|p2a: Mudsdale|brn\n|move|p2a: Mudsdale|Earthquake|p1a: Skeledirge\n|-supereffective|p1a: Skeledirge\n|-damage|p1a: Skeledirge|63\/100\n|\n|-heal|p1a: Skeledirge|69\/100|[from] item: Leftovers\n|-damage|p2a: Mudsdale|82\/100 brn|[from] brn\n|-damage|p2a: Mudsdale|70\/100 brn|[from] move: Fire Spin|[partiallytrapped]\n|upkeep\n|turn|10\n|\n|t:|1699378182\n|move|p1a: Skeledirge|Fire Spin|p2a: Mudsdale\n|-damage|p2a: Mudsdale|57\/100 brn\n|-ability|p2a: Mudsdale|Stamina|boost\n|-boost|p2a: Mudsdale|def|1\n|move|p2a: Mudsdale|Earthquake|p1a: Skeledirge\n|-supereffective|p1a: Skeledirge\n|-damage|p1a: Skeledirge|39\/100\n|\n|-heal|p1a: Skeledirge|45\/100|[from] item: Leftovers\n|-damage|p2a: Mudsdale|51\/100 brn|[from] brn\n|-damage|p2a: Mudsdale|39\/100 brn|[from] move: Fire Spin|[partiallytrapped]\n|upkeep\n|turn|11\n|\n|t:|1699378191\n|switch|p1a: Dondozo|Dondozo, M|100\/100\n|move|p2a: Mudsdale|Rest|p2a: Mudsdale\n|-status|p2a: Mudsdale|slp|[from] move: Rest\n|-heal|p2a: Mudsdale|100\/100 slp|[silent]\n|\n|-end|p2a: Mudsdale|Fire Spin|[partiallytrapped]\n|upkeep\n|turn|12\n|\n|t:|1699378198\n|switch|p2a: Bellibolt|Bellibolt, F|100\/100\n|move|p1a: Dondozo|Wave Crash|p2a: Bellibolt\n|-damage|p2a: Bellibolt|48\/100\n|-start|p2a: Bellibolt|Charge|Wave Crash|[from] ability: Electromorphosis\n|-damage|p1a: Dondozo|86\/100|[from] Recoil\n|\n|-heal|p2a: Bellibolt|55\/100|[from] item: Leftovers\n|upkeep\n|turn|13\n|\n|t:|1699378204\n|switch|p1a: Ting-Lu|Ting-Lu|100\/100\n|-ability|p1a: Ting-Lu|Vessel of Ruin\n|move|p2a: Bellibolt|Protect||[still]\n|-fail|p2a: Bellibolt\n|\n|-heal|p2a: Bellibolt|61\/100|[from] item: Leftovers\n|upkeep\n|turn|14\n|\n|t:|1699378209\n|move|p2a: Bellibolt|Soak|p1a: Ting-Lu\n|-start|p1a: Ting-Lu|typechange|Water\n|move|p1a: Ting-Lu|Payback|p2a: Bellibolt\n|-damage|p2a: Bellibolt|39\/100\n|-start|p2a: Bellibolt|Charge|Payback|[from] ability: Electromorphosis\n|\n|-heal|p2a: Bellibolt|45\/100|[from] item: Leftovers\n|upkeep\n|turn|15\n|\n|t:|1699378214\n|switch|p1a: Sandy Shocks|Sandy Shocks|100\/100\n|move|p2a: Bellibolt|Parabolic Charge|p1a: Sandy Shocks\n|-immune|p1a: Sandy Shocks\n|-end|p2a: Bellibolt|Charge|[silent]\n|\n|-heal|p2a: Bellibolt|51\/100|[from] item: Leftovers\n|upkeep\n|turn|16\n|\n|t:|1699378219\n|move|p2a: Bellibolt|Protect|p2a: Bellibolt\n|-singleturn|p2a: Bellibolt|Protect\n|move|p1a: Sandy Shocks|Earth Power|p2a: Bellibolt\n|-activate|p2a: Bellibolt|move: Protect\n|\n|-heal|p2a: Bellibolt|57\/100|[from] item: Leftovers\n|upkeep\n|turn|17\n|\n|t:|1699378227\n|switch|p2a: Mudsdale|Mudsdale, M|100\/100 slp\n|move|p1a: Sandy Shocks|Earth Power|p2a: Mudsdale\n|-damage|p2a: Mudsdale|48\/100 slp\n|-ability|p2a: Mudsdale|Stamina|boost\n|-boost|p2a: Mudsdale|def|1\n|-damage|p1a: Sandy Shocks|91\/100|[from] item: Life Orb\n|\n|upkeep\n|turn|18\n|\n|t:|1699378241\n|switch|p2a: Starly|Starly, L1, M|100\/100\n|move|p1a: Sandy Shocks|Earth Power|p2a: Starly\n|-immune|p2a: Starly\n|\n|upkeep\n|turn|19\n|\n|t:|1699378244\n|-end|p1a: Sandy Shocks|Protosynthesis|[silent]\n|switch|p1a: Skeledirge|Skeledirge, M|45\/100\n|move|p2a: Starly|Endeavor|p1a: Skeledirge\n|-immune|p1a: Skeledirge\n|\n|-heal|p1a: Skeledirge|51\/100|[from] item: Leftovers\n|upkeep\n|turn|20\n|\n|t:|1699378248\n|switch|p2a: Mudsdale|Mudsdale, M|48\/100 slp\n|move|p1a: Skeledirge|Slack Off|p1a: Skeledirge\n|-heal|p1a: Skeledirge|100\/100\n|\n|upkeep\n|turn|21\n|\n|t:|1699378254\n|switch|p1a: Decidueye|Decidueye-Hisui, M|100\/100\n|cant|p2a: Mudsdale|slp\n|\n|upkeep\n|turn|22\n|\n|t:|1699378259\n|switch|p2a: Bellibolt|Bellibolt, F|57\/100\n|move|p1a: Decidueye|Energy Ball|p2a: Bellibolt\n|-damage|p2a: Bellibolt|18\/100\n|-start|p2a: Bellibolt|Charge|Energy Ball|[from] ability: Electromorphosis\n|\n|-heal|p2a: Bellibolt|24\/100|[from] item: Leftovers\n|upkeep\n|turn|23\n|\n|t:|1699378287\n|move|p1a: Decidueye|Aura Sphere|p2a: Bellibolt\n|-damage|p2a: Bellibolt|0 fnt\n|faint|p2a: Bellibolt\n|\n|upkeep\n|\n|t:|1699378294\n|switch|p2a: Starly|Starly, L1, M|100\/100\n|turn|24\n|\n|t:|1699378298\n|switch|p1a: Skeledirge|Skeledirge, M|100\/100\n|switch|p2a: Mudsdale|Mudsdale, M|48\/100 slp\n|\n|upkeep\n|turn|25\n|\n|t:|1699378304\n|move|p1a: Skeledirge|Fire Spin|p2a: Mudsdale\n|-damage|p2a: Mudsdale|35\/100 slp\n|-activate|p2a: Mudsdale|move: Fire Spin|[of] p1a: Skeledirge\n|-ability|p2a: Mudsdale|Stamina|boost\n|-boost|p2a: Mudsdale|def|1\n|cant|p2a: Mudsdale|slp\n|\n|-damage|p2a: Mudsdale|23\/100 slp|[from] move: Fire Spin|[partiallytrapped]\n|upkeep\n|turn|26\n|\n|t:|1699378310\n|move|p1a: Skeledirge|Night Shade|p2a: Mudsdale\n|-damage|p2a: Mudsdale|0 fnt\n|faint|p2a: Mudsdale\n|\n|upkeep\n|\n|t:|1699378314\n|switch|p2a: Scizor|Scizor, F, tera:Water|100\/100\n|turn|27\n|\n|t:|1699378317\n|move|p1a: Skeledirge|Will-O-Wisp|p2a: Scizor\n|-status|p2a: Scizor|brn\n|move|p2a: Scizor|Acrobatics|p1a: Skeledirge\n|-damage|p1a: Skeledirge|91\/100\n|\n|-heal|p1a: Skeledirge|97\/100|[from] item: Leftovers\n|-damage|p2a: Scizor|94\/100 brn|[from] brn\n|upkeep\n|turn|28\n|\n|t:|1699378323\n|move|p1a: Skeledirge|Fire Spin|p2a: Scizor\n|-resisted|p2a: Scizor\n|-damage|p2a: Scizor|87\/100 brn\n|-activate|p2a: Scizor|move: Fire Spin|[of] p1a: Skeledirge\n|-enditem|p2a: Scizor|Red Card|[of] p1a: Skeledirge\n|drag|p1a: Ting-Lu|Ting-Lu|100\/100\n|-ability|p1a: Ting-Lu|Vessel of Ruin\n|move|p2a: Scizor|Acrobatics|p1a: Ting-Lu\n|-damage|p1a: Ting-Lu|89\/100\n|\n|-damage|p2a: Scizor|81\/100 brn|[from] brn\n|-end|p2a: Scizor|Fire Spin|[partiallytrapped]|[silent]\n|upkeep\n|turn|29\n|\n|t:|1699378334\n|switch|p1a: Skeledirge|Skeledirge, M|97\/100\n|move|p2a: Scizor|Bullet Punch|p1a: Skeledirge\n|-resisted|p1a: Skeledirge\n|-crit|p1a: Skeledirge\n|-damage|p1a: Skeledirge|89\/100\n|\n|-heal|p1a: Skeledirge|95\/100|[from] item: Leftovers\n|-damage|p2a: Scizor|75\/100 brn|[from] brn\n|upkeep\n|turn|30\n|\n|t:|1699378342\n|move|p1a: Skeledirge|Fire Spin|p2a: Scizor\n|-resisted|p2a: Scizor\n|-damage|p2a: Scizor|67\/100 brn\n|-activate|p2a: Scizor|move: Fire Spin|[of] p1a: Skeledirge\n|move|p2a: Scizor|Acrobatics|p1a: Skeledirge\n|-damage|p1a: Skeledirge|83\/100\n|\n|-heal|p1a: Skeledirge|89\/100|[from] item: Leftovers\n|-damage|p2a: Scizor|61\/100 brn|[from] brn\n|-damage|p2a: Scizor|49\/100 brn|[from] move: Fire Spin|[partiallytrapped]\n|upkeep\n|turn|31\n|\n|t:|1699378361\n|move|p1a: Skeledirge|Night Shade|p2a: Scizor\n|-damage|p2a: Scizor|19\/100 brn\n|move|p2a: Scizor|Acrobatics|p1a: Skeledirge\n|-damage|p1a: Skeledirge|77\/100\n|\n|-heal|p1a: Skeledirge|83\/100|[from] item: Leftovers\n|-damage|p2a: Scizor|13\/100 brn|[from] brn\n|-damage|p2a: Scizor|1\/100 brn|[from] move: Fire Spin|[partiallytrapped]\n|upkeep\n|turn|32\n|\n|t:|1699378374\n|move|p1a: Skeledirge|Slack Off|p1a: Skeledirge\n|-heal|p1a: Skeledirge|100\/100\n|move|p2a: Scizor|Acrobatics|p1a: Skeledirge\n|-damage|p1a: Skeledirge|89\/100\n|\n|-heal|p1a: Skeledirge|95\/100|[from] item: Leftovers\n|-damage|p2a: Scizor|0 fnt|[from] brn\n|faint|p2a: Scizor\n|upkeep\n|\n|t:|1699378377\n|switch|p2a: Starly|Starly, L1, M|100\/100\n|turn|33\n|\n|t:|1699378382\n|move|p1a: Skeledirge|Fire Spin|p2a: Starly\n|-enditem|p2a: Starly|Focus Sash\n|-damage|p2a: Starly|9\/100\n|-activate|p2a: Starly|move: Fire Spin|[of] p1a: Skeledirge\n|move|p2a: Starly|U-turn|p1a: Skeledirge\n|-resisted|p1a: Skeledirge\n|-crit|p1a: Skeledirge\n|-damage|p1a: Skeledirge|95\/100\n|\n|t:|1699378386\n|switch|p2a: Houndstone|Houndstone, M|100\/100|[from] U-turn\n|\n|-heal|p1a: Skeledirge|100\/100|[from] item: Leftovers\n|upkeep\n|turn|34\n|\n|t:|1699378390\n|switch|p2a: Starly|Starly, L1, M|9\/100\n|move|p1a: Skeledirge|Will-O-Wisp|p2a: Starly\n|-status|p2a: Starly|brn\n|\n|-damage|p2a: Starly|0 fnt|[from] brn\n|faint|p2a: Starly\n|upkeep\n|\n|t:|1699378395\n|switch|p2a: Houndstone|Houndstone, M|100\/100\n|turn|35\n|\n|t:|1699378397\n|move|p2a: Houndstone|Last Respects|p1a: Skeledirge\n|-supereffective|p1a: Skeledirge\n|-damage|p1a: Skeledirge|0 fnt\n|faint|p1a: Skeledirge\n|\n|upkeep\n|\n|t:|1699378400\n|switch|p1a: Ting-Lu|Ting-Lu|89\/100\n|-ability|p1a: Ting-Lu|Vessel of Ruin\n|turn|36\n|\n|t:|1699378403\n|-terastallize|p1a: Ting-Lu|Dark\n|move|p2a: Houndstone|Last Respects|p1a: Ting-Lu\n|-resisted|p1a: Ting-Lu\n|-damage|p1a: Ting-Lu|49\/100\n|move|p1a: Ting-Lu|Payback|p2a: Houndstone\n|-supereffective|p2a: Houndstone\n|-damage|p2a: Houndstone|33\/100\n|\n|upkeep\n|turn|37\n|\n|t:|1699378410\n|move|p2a: Houndstone|Last Respects|p1a: Ting-Lu\n|-resisted|p1a: Ting-Lu\n|-damage|p1a: Ting-Lu|9\/100\n|move|p1a: Ting-Lu|Payback|p2a: Houndstone\n|-supereffective|p2a: Houndstone\n|-damage|p2a: Houndstone|0 fnt\n|faint|p2a: Houndstone\n|\n|win|Nidoking7769\n|raw|Nidoking7769's rating: 1159 &rarr; <strong>1186<\/strong><br \/>(+27 for winning)\n|raw|Cuh42069's rating: 1181 &rarr; <strong>1154<\/strong><br \/>(-27 for losing)\n|c|\u2606Cuh42069|Gg\n","uploadtime":1699378424,"views":5,"p1id":"nidoking7769","p2id":"cuh42069","formatid":"gen9anythinggoes","rating":1154,"private":0,"password":""}