{"id":"gen9anythinggoes-1997094387","p1":"OP primus","p2":"Udedtehee","format":"[Gen 9] Anything Goes","log":"|j|\u2606OP primus\n|j|\u2606Udedtehee\n|t:|1700763922\n|gametype|singles\n|player|p1|OP primus|unknown|1033\n|player|p2|Udedtehee|winona|1044\n|teamsize|p1|6\n|teamsize|p2|6\n|gen|9\n|tier|[Gen 9] Anything Goes\n|rated|\n|rule|HP Percentage Mod: HP is shown in percentages\n|rule|Endless Battle Clause: Forcing endless battles is banned\n|clearpoke\n|poke|p1|Annihilape, F|\n|poke|p1|Houndstone, F|\n|poke|p1|Zacian-*|\n|poke|p1|Volcanion|\n|poke|p1|Ursaluna-Bloodmoon, M|\n|poke|p1|Urshifu-*, F|\n|poke|p2|Infernape, F|\n|poke|p2|Dragonite, M|\n|poke|p2|Slowbro-Galar, F|\n|poke|p2|Decidueye-Hisui, F|\n|poke|p2|Iron Valiant|\n|poke|p2|Annihilape, F|\n|teampreview\n|\n|t:|1700763935\n|start\n|switch|p1a: Volcanion|Volcanion|100\/100\n|switch|p2a: Annihilape|Annihilape, F|100\/100\n|turn|1\n|inactive|Battle timer is ON: inactive players will automatically lose when time's up. (requested by OP primus)\n|\n|t:|1700763952\n|move|p2a: Annihilape|Gunk Shot|p1a: Volcanion\n|-damage|p1a: Volcanion|67\/100\n|move|p1a: Volcanion|Steam Eruption|p2a: Annihilape\n|-damage|p2a: Annihilape|49\/100\n|-status|p2a: Annihilape|brn\n|\n|-damage|p2a: Annihilape|43\/100 brn|[from] brn\n|upkeep\n|turn|2\n|\n|t:|1700763965\n|move|p2a: Annihilape|Rage Fist|p1a: Volcanion\n|-crit|p1a: Volcanion\n|-damage|p1a: Volcanion|38\/100\n|move|p1a: Volcanion|Steam Eruption|p2a: Annihilape\n|-damage|p2a: Annihilape|0 fnt\n|faint|p2a: Annihilape\n|\n|upkeep\n|\n|t:|1700763981\n|switch|p2a: Decidueye|Decidueye-Hisui, F|100\/100\n|turn|3\n|\n|t:|1700763989\n|move|p1a: Volcanion|Fire Blast|p2a: Decidueye\n|-supereffective|p2a: Decidueye\n|-damage|p2a: Decidueye|13\/100\n|move|p2a: Decidueye|Leaf Storm|p1a: Volcanion\n|-damage|p1a: Volcanion|0 fnt\n|-unboost|p2a: Decidueye|spa|2\n|faint|p1a: Volcanion\n|\n|-heal|p2a: Decidueye|19\/100|[from] item: Leftovers\n|upkeep\n|\n|t:|1700764002\n|switch|p1a: Zacian|Zacian-Crowned, shiny|100\/100\n|-ability|p1a: Zacian|Intrepid Sword|boost\n|-boost|p1a: Zacian|atk|1\n|turn|4\n|\n|t:|1700764010\n|move|p1a: Zacian|Behemoth Blade|p2a: Decidueye\n|-damage|p2a: Decidueye|0 fnt\n|faint|p2a: Decidueye\n|\n|upkeep\n|\n|t:|1700764016\n|switch|p2a: Infernape|Infernape, F, shiny|100\/100\n|turn|5\n|\n|t:|1700764029\n|switch|p1a: Ursaluna|Ursaluna-Bloodmoon, M|100\/100\n|move|p2a: Infernape|Raging Fury|p1a: Ursaluna\n|-damage|p1a: Ursaluna|62\/100\n|\n|upkeep\n|turn|6\n|\n|t:|1700764037\n|move|p2a: Infernape|Raging Fury|p1a: Ursaluna|[from]lockedmove\n|-damage|p1a: Ursaluna|23\/100\n|move|p1a: Ursaluna|Blood Moon|p2a: Infernape\n|-damage|p2a: Infernape|0 fnt\n|faint|p2a: Infernape\n|\n|upkeep\n|\n|t:|1700764050\n|switch|p2a: Dragonite|Dragonite, M|100\/100\n|turn|7\n|\n|t:|1700764057\n|switch|p1a: Zacian|Zacian-Crowned, shiny|100\/100\n|move|p2a: Dragonite|Extreme Speed|p1a: Zacian\n|-resisted|p1a: Zacian\n|-damage|p1a: Zacian|90\/100\n|\n|upkeep\n|turn|8\n|\n|t:|1700764065\n|switch|p2a: Iron Valiant|Iron Valiant|100\/100\n|move|p1a: Zacian|Moonblast|p2a: Iron Valiant\n|-supereffective|p2a: Iron Valiant\n|-damage|p2a: Iron Valiant|0 fnt\n|faint|p2a: Iron Valiant\n|-end|p2a: Iron Valiant|Quark Drive|[silent]\n|\n|upkeep\n|\n|t:|1700764075\n|switch|p2a: Slowbro|Slowbro-Galar, F|100\/100\n|turn|9\n|-activate|p2a: Slowbro|ability: Quick Draw\n|\n|t:|1700764085\n|move|p2a: Slowbro|Gunk Shot|p1a: Zacian\n|-immune|p1a: Zacian\n|move|p1a: Zacian|Behemoth Blade|p2a: Slowbro\n|-crit|p2a: Slowbro\n|-damage|p2a: Slowbro|22\/100\n|\n|upkeep\n|turn|10\n|-activate|p2a: Slowbro|ability: Quick Draw\n|\n|t:|1700764097\n|move|p2a: Slowbro|Earthquake|p1a: Zacian\n|-supereffective|p1a: Zacian\n|-damage|p1a: Zacian|31\/100\n|move|p1a: Zacian|Behemoth Blade|p2a: Slowbro\n|-damage|p2a: Slowbro|0 fnt\n|faint|p2a: Slowbro\n|\n|upkeep\n|\n|t:|1700764109\n|switch|p2a: Dragonite|Dragonite, M|100\/100\n|turn|11\n|\n|t:|1700764113\n|-terastallize|p2a: Dragonite|Fairy\n|move|p2a: Dragonite|Extreme Speed|p1a: Zacian\n|-resisted|p1a: Zacian\n|-damage|p1a: Zacian|20\/100\n|move|p1a: Zacian|Moonblast|p2a: Dragonite\n|-crit|p2a: Dragonite\n|-damage|p2a: Dragonite|83\/100\n|\n|upkeep\n|turn|12\n|\n|t:|1700764122\n|move|p1a: Zacian|Behemoth Blade|p2a: Dragonite\n|-supereffective|p2a: Dragonite\n|-damage|p2a: Dragonite|0 fnt\n|faint|p2a: Dragonite\n|\n|win|OP primus\n|raw|OP primus's rating: 1033 &rarr; <strong>1069<\/strong><br \/>(+36 for winning)\n|raw|Udedtehee's rating: 1044 &rarr; <strong>1027<\/strong><br \/>(-17 for losing)\n|l|\u2606OP primus\n","uploadtime":1700764142,"views":11,"p1id":"opprimus","p2id":"udedtehee","formatid":"gen9anythinggoes","rating":1027,"private":0,"password":""}