{"id":"gen9anythinggoes-1999080976","p1":"SonicSpeedKaleb","p2":"wolfmaster222","format":"[Gen 9] Anything Goes","log":"|j|\u2606SonicSpeedKaleb\n|j|\u2606wolfmaster222\n|t:|1701031117\n|gametype|singles\n|player|p1|SonicSpeedKaleb|170|1328\n|player|p2|wolfmaster222|veteran|1377\n|teamsize|p1|6\n|teamsize|p2|6\n|gen|9\n|tier|[Gen 9] Anything Goes\n|rated|\n|rule|HP Percentage Mod: HP is shown in percentages\n|rule|Endless Battle Clause: Forcing endless battles is banned\n|clearpoke\n|poke|p1|Skeledirge, M|\n|poke|p1|Pawmot, M|\n|poke|p1|Weavile, M|\n|poke|p1|Gliscor, F|\n|poke|p1|Lycanroc, M|\n|poke|p1|Koraidon|\n|poke|p2|Lycanroc-Dusk, F|\n|poke|p2|Volcarona, F|\n|poke|p2|Breloom, F|\n|poke|p2|Azumarill, F|\n|poke|p2|Garchomp, F|\n|poke|p2|Magnezone|\n|teampreview\n|c|\u2606SonicSpeedKaleb|Time for a FAIR strat rock battle!\n|inactive|Battle timer is ON: inactive players will automatically lose when time's up. (requested by SonicSpeedKaleb)\n|\n|t:|1701031127\n|start\n|switch|p1a: Pawmot|Pawmot, M|100\/100\n|switch|p2a: Albaz|Garchomp, F, shiny|100\/100\n|turn|1\n|\n|t:|1701031132\n|move|p1a: Pawmot|Baton Pass|p1a: Pawmot\n|\n|t:|1701031134\n|switch|p1a: Gliscor|Gliscor, F|100\/100|[from] Baton Pass\n|move|p2a: Albaz|Stealth Rock|p1a: Gliscor\n|-sidestart|p1: SonicSpeedKaleb|move: Stealth Rock\n|\n|upkeep\n|turn|2\n|\n|t:|1701031140\n|move|p1a: Gliscor|Agility|p1a: Gliscor\n|-boost|p1a: Gliscor|spe|2\n|move|p2a: Albaz|Dragon Tail|p1a: Gliscor\n|-damage|p1a: Gliscor|74\/100\n|drag|p1a: Weavile|Weavile, M|100\/100\n|-damage|p1a: Weavile|76\/100|[from] Stealth Rock\n|-ability|p1a: Weavile|Pressure\n|\n|upkeep\n|turn|3\n|\n|t:|1701031148\n|move|p1a: Weavile|Beat Up|p2a: Albaz\n|-damage|p2a: Albaz|94\/100\n|-damage|p2a: Albaz|88\/100\n|-damage|p2a: Albaz|82\/100\n|-damage|p2a: Albaz|75\/100\n|-damage|p2a: Albaz|67\/100\n|-damage|p2a: Albaz|59\/100\n|-hitcount|p2a: Albaz|6\n|move|p2a: Albaz|Spikes|p1a: Weavile\n|-sidestart|p1: SonicSpeedKaleb|Spikes\n|\n|-heal|p2a: Albaz|65\/100|[from] item: Leftovers\n|upkeep\n|turn|4\n|\n|t:|1701031159\n|move|p1a: Weavile|Beat Up|p2a: Albaz\n|-damage|p2a: Albaz|57\/100\n|-crit|p2a: Albaz\n|-damage|p2a: Albaz|50\/100\n|-damage|p2a: Albaz|44\/100\n|-damage|p2a: Albaz|38\/100\n|-damage|p2a: Albaz|30\/100\n|-damage|p2a: Albaz|22\/100\n|-hitcount|p2a: Albaz|6\n|move|p2a: Albaz|Dragon Tail|p1a: Weavile\n|-damage|p1a: Weavile|34\/100\n|drag|p1a: Gliscor|Gliscor, F|74\/100\n|-damage|p1a: Gliscor|62\/100|[from] Stealth Rock\n|\n|-heal|p2a: Albaz|29\/100|[from] item: Leftovers\n|upkeep\n|turn|5\n|\n|t:|1701031174\n|move|p1a: Gliscor|Agility|p1a: Gliscor\n|-boost|p1a: Gliscor|spe|2\n|move|p2a: Albaz|Dragon Tail|p1a: Gliscor\n|-damage|p1a: Gliscor|37\/100\n|drag|p1a: Lycanroc|Lycanroc, M|100\/100\n|-damage|p1a: Lycanroc|88\/100|[from] Stealth Rock\n|-damage|p1a: Lycanroc|76\/100|[from] Spikes\n|\n|-heal|p2a: Albaz|35\/100|[from] item: Leftovers\n|upkeep\n|turn|6\n|\n|t:|1701031184\n|move|p1a: Lycanroc|Drill Run|p2a: Albaz\n|-damage|p2a: Albaz|14\/100\n|-damage|p1a: Lycanroc|64\/100|[from] ability: Rough Skin|[of] p2a: Albaz\n|move|p2a: Albaz|Dragon Tail|p1a: Lycanroc\n|-damage|p1a: Lycanroc|21\/100\n|drag|p1a: Koraidon|Koraidon|100\/100\n|-damage|p1a: Koraidon|94\/100|[from] Stealth Rock\n|-damage|p1a: Koraidon|82\/100|[from] Spikes\n|-weather|SunnyDay|[from] ability: Orichalcum Pulse|[of] p1a: Koraidon\n|-activate|p1a: Koraidon|Orichalcum Pulse|[source]\n|\n|-weather|SunnyDay|[upkeep]\n|-heal|p2a: Albaz|20\/100|[from] item: Leftovers\n|upkeep\n|turn|7\n|c|\u2606SonicSpeedKaleb|Okay Dragon Tail spammer, we get it.\n|\n|t:|1701031198\n|move|p1a: Koraidon|Dragon Claw|p2a: Albaz\n|-supereffective|p2a: Albaz\n|-damage|p2a: Albaz|0 fnt\n|-damage|p1a: Koraidon|70\/100|[from] ability: Rough Skin|[of] p2a: Albaz\n|faint|p2a: Albaz\n|\n|-weather|SunnyDay|[upkeep]\n|upkeep\n|\n|t:|1701031204\n|switch|p2a: Sponge|Azumarill, F, shiny|100\/100\n|turn|8\n|\n|t:|1701031208\n|move|p1a: Koraidon|Iron Head|p2a: Sponge\n|-damage|p2a: Sponge|58\/100\n|move|p2a: Sponge|Play Rough|p1a: Koraidon\n|-supereffective|p1a: Koraidon\n|-damage|p1a: Koraidon|0 fnt\n|faint|p1a: Koraidon\n|\n|-weather|SunnyDay|[upkeep]\n|upkeep\n|\n|t:|1701031213\n|switch|p1a: Pawmot|Pawmot, M|100\/100\n|-damage|p1a: Pawmot|94\/100|[from] Stealth Rock\n|-damage|p1a: Pawmot|82\/100|[from] Spikes\n|turn|9\n|\n|t:|1701031224\n|switch|p2a: Arlo|Lycanroc-Dusk, F, shiny|100\/100\n|move|p1a: Pawmot|Thunder Punch|p2a: Arlo\n|-damage|p2a: Arlo|25\/100\n|\n|-weather|SunnyDay|[upkeep]\n|upkeep\n|turn|10\n|\n|t:|1701031235\n|move|p1a: Pawmot|Revival Blessing|p1a: Pawmot\n|\n|t:|1701031237\n|-heal|p1: Koraidon|50\/100|[from] move: Revival Blessing\n|move|p2a: Arlo|Drill Run|p1a: Pawmot\n|-supereffective|p1a: Pawmot\n|-damage|p1a: Pawmot|0 fnt\n|faint|p1a: Pawmot\n|-damage|p2a: Arlo|15\/100|[from] item: Life Orb\n|\n|-weather|none\n|upkeep\n|\n|t:|1701031246\n|switch|p1a: Gliscor|Gliscor, F|37\/100\n|-damage|p1a: Gliscor|25\/100|[from] Stealth Rock\n|turn|11\n|\n|t:|1701031252\n|move|p2a: Arlo|Drill Run|p1a: Gliscor\n|-immune|p1a: Gliscor\n|move|p1a: Gliscor|Earthquake|p2a: Arlo\n|-supereffective|p2a: Arlo\n|-damage|p2a: Arlo|0 fnt\n|faint|p2a: Arlo\n|\n|upkeep\n|\n|t:|1701031271\n|switch|p2a: Sponge|Azumarill, F, shiny|58\/100\n|turn|12\n|\n|t:|1701031275\n|move|p1a: Gliscor|Earthquake|p2a: Sponge\n|-damage|p2a: Sponge|9\/100\n|move|p2a: Sponge|Liquidation|p1a: Gliscor\n|-supereffective|p1a: Gliscor\n|-damage|p1a: Gliscor|0 fnt\n|faint|p1a: Gliscor\n|\n|upkeep\n|\n|t:|1701031284\n|switch|p1a: Weavile|Weavile, M|34\/100\n|-damage|p1a: Weavile|9\/100|[from] Stealth Rock\n|-damage|p1a: Weavile|0 fnt|[from] Spikes\n|faint|p1a: Weavile\n|\n|t:|1701031286\n|switch|p1a: Lycanroc|Lycanroc, M|21\/100\n|-damage|p1a: Lycanroc|9\/100|[from] Stealth Rock\n|-damage|p1a: Lycanroc|0 fnt|[from] Spikes\n|faint|p1a: Lycanroc\n|\n|t:|1701031289\n|switch|p1a: Koraidon|Koraidon|50\/100\n|-damage|p1a: Koraidon|44\/100|[from] Stealth Rock\n|-damage|p1a: Koraidon|32\/100|[from] Spikes\n|-weather|SunnyDay|[from] ability: Orichalcum Pulse|[of] p1a: Koraidon\n|-activate|p1a: Koraidon|Orichalcum Pulse|[source]\n|turn|13\n|c|\u2606SonicSpeedKaleb|You're a floor covering hoe.\n|\n|t:|1701031300\n|move|p2a: Sponge|Aqua Jet|p1a: Koraidon\n|-resisted|p1a: Koraidon\n|-damage|p1a: Koraidon|27\/100\n|move|p1a: Koraidon|Iron Head|p2a: Sponge\n|-damage|p2a: Sponge|0 fnt\n|faint|p2a: Sponge\n|\n|-weather|SunnyDay|[upkeep]\n|upkeep\n|\n|t:|1701031310\n|switch|p2a: Magneto|Magnezone, shiny|100\/100\n|turn|14\n|c|\u2606SonicSpeedKaleb|I hope you realize how evil your strategy is.\n|\n|t:|1701031315\n|move|p1a: Koraidon|Collision Course|p2a: Magneto\n|-supereffective|p2a: Magneto\n|-enditem|p2a: Magneto|Focus Sash\n|-damage|p2a: Magneto|1\/100\n|move|p2a: Magneto|Thunderbolt|p1a: Koraidon\n|-resisted|p1a: Koraidon\n|-crit|p1a: Koraidon\n|-damage|p1a: Koraidon|0 fnt\n|faint|p1a: Koraidon\n|\n|-weather|SunnyDay|[upkeep]\n|upkeep\n|\n|t:|1701031320\n|switch|p1a: Skeledirge|Skeledirge, M|100\/100\n|-damage|p1a: Skeledirge|76\/100|[from] Stealth Rock\n|-damage|p1a: Skeledirge|63\/100|[from] Spikes\n|turn|15\n|\n|t:|1701031330\n|move|p1a: Skeledirge|Torch Song|p2a: Magneto\n|-supereffective|p2a: Magneto\n|-damage|p2a: Magneto|0 fnt\n|-boost|p1a: Skeledirge|spa|1\n|faint|p2a: Magneto\n|\n|-weather|SunnyDay|[upkeep]\n|upkeep\n|c|\u2606SonicSpeedKaleb|Quick Claw! Use activate consistently until I win!\n|\n|t:|1701031336\n|switch|p2a: Mushhead|Breloom, F, shiny|100\/100\n|turn|16\n|\n|t:|1701031340\n|-terastallize|p2a: Mushhead|Normal\n|move|p2a: Mushhead|Spore|p1a: Skeledirge\n|-status|p1a: Skeledirge|slp|[from] move: Spore\n|cant|p1a: Skeledirge|slp\n|\n|-weather|SunnyDay|[upkeep]\n|-status|p2a: Mushhead|tox|[from] item: Toxic Orb\n|upkeep\n|turn|17\n|c|\u2606SonicSpeedKaleb|SPORE LOVER!\n|\n|t:|1701031348\n|move|p2a: Mushhead|Substitute|p2a: Mushhead\n|-start|p2a: Mushhead|Substitute\n|-damage|p2a: Mushhead|76\/100 tox\n|-curestatus|p1a: Skeledirge|slp|[msg]\n|move|p1a: Skeledirge|Torch Song|p2a: Mushhead\n|-damage|p2a: Mushhead|0 fnt\n|-boost|p1a: Skeledirge|spa|1\n|faint|p2a: Mushhead\n|\n|-weather|none\n|upkeep\n|\n|t:|1701031357\n|switch|p2a: Mothra|Volcarona, F, shiny|100\/100\n|turn|18\n|-activate|p1a: Skeledirge|item: Quick Claw\n|\n|t:|1701031364\n|move|p1a: Skeledirge|Torch Song|p2a: Mothra\n|-damage|p2a: Mothra|15\/100\n|-boost|p1a: Skeledirge|spa|1\n|move|p2a: Mothra|Fiery Dance|p1a: Skeledirge\n|-resisted|p1a: Skeledirge\n|-damage|p1a: Skeledirge|31\/100\n|\n|upkeep\n|turn|19\n|\n|t:|1701031372\n|move|p2a: Mothra|Bug Buzz|p1a: Skeledirge\n|-resisted|p1a: Skeledirge\n|-damage|p1a: Skeledirge|16\/100\n|move|p1a: Skeledirge|Torch Song|p2a: Mothra\n|-damage|p2a: Mothra|0 fnt\n|-boost|p1a: Skeledirge|spa|1\n|faint|p2a: Mothra\n|\n|win|SonicSpeedKaleb\n|raw|SonicSpeedKaleb's rating: 1328 &rarr; <strong>1351<\/strong><br \/>(+23 for winning)\n|raw|wolfmaster222's rating: 1377 &rarr; <strong>1354<\/strong><br \/>(-23 for losing)\n","uploadtime":1701031301,"views":3,"p1id":"sonicspeedkaleb","p2id":"wolfmaster222","formatid":"gen9anythinggoes","rating":1351,"private":0,"password":""}