{"id":"gen9anythinggoes-1972160567","p1":"Deathbygasprice","p2":"Rowan_Rocket","format":"[Gen 9] Anything Goes","log":"|j|\u2606Deathbygasprice\n|j|\u2606Rowan_Rocket\n|t:|1697817748\n|gametype|singles\n|player|p1|Deathbygasprice|workerice|1199\n|player|p2|Rowan_Rocket|rocketgrunt|1183\n|teamsize|p1|6\n|teamsize|p2|6\n|gen|9\n|tier|[Gen 9] Anything Goes\n|rated|\n|rule|HP Percentage Mod: HP is shown in percentages\n|rule|Endless Battle Clause: Forcing endless battles is banned\n|clearpoke\n|poke|p1|Maushold-Four|\n|poke|p1|Maushold-Four|\n|poke|p1|Ogerpon-Hearthflame, F|\n|poke|p1|Glimmora, F|\n|poke|p1|Cryogonal|\n|poke|p1|Regieleki|\n|poke|p2|Farigiraf, M|\n|poke|p2|Wyrdeer, F|\n|poke|p2|Ursaluna, M|\n|poke|p2|Grafaiai, M|\n|poke|p2|Zoroark-Hisui, F|\n|poke|p2|Ambipom, F|\n|teampreview\n|\n|t:|1697817763\n|start\n|switch|p1a: Glimmora|Glimmora, F|100\/100\n|switch|p2a: Ursaluna|Ursaluna, M|100\/100\n|turn|1\n|\n|t:|1697817790\n|move|p1a: Glimmora|Substitute|p1a: Glimmora\n|-start|p1a: Glimmora|Substitute\n|-damage|p1a: Glimmora|76\/100\n|move|p2a: Ursaluna|Trailblaze|p1a: Glimmora\n|-activate|p1a: Glimmora|move: Substitute|[damage]\n|-boost|p2a: Ursaluna|spe|1\n|\n|-heal|p1a: Glimmora|82\/100|[from] item: Leftovers\n|-status|p2a: Ursaluna|brn|[from] item: Flame Orb\n|upkeep\n|turn|2\n|\n|t:|1697817801\n|move|p1a: Glimmora|Stealth Rock|p2a: Ursaluna\n|-sidestart|p2: Rowan_Rocket|move: Stealth Rock\n|move|p2a: Ursaluna|Trailblaze|p1a: Glimmora\n|-end|p1a: Glimmora|Substitute\n|-boost|p2a: Ursaluna|spe|1\n|\n|-heal|p1a: Glimmora|88\/100|[from] item: Leftovers\n|-damage|p2a: Ursaluna|94\/100 brn|[from] brn\n|upkeep\n|turn|3\n|\n|t:|1697817812\n|move|p2a: Ursaluna|Trailblaze|p1a: Glimmora\n|-damage|p1a: Glimmora|59\/100\n|-boost|p2a: Ursaluna|spe|1\n|-activate|p1a: Glimmora|ability: Toxic Debris\n|-sidestart|p2: Rowan_Rocket|move: Toxic Spikes\n|move|p1a: Glimmora|Substitute|p1a: Glimmora\n|-start|p1a: Glimmora|Substitute\n|-damage|p1a: Glimmora|34\/100\n|\n|-heal|p1a: Glimmora|40\/100|[from] item: Leftovers\n|-damage|p2a: Ursaluna|88\/100 brn|[from] brn\n|upkeep\n|turn|4\n|\n|t:|1697817824\n|move|p2a: Ursaluna|Trailblaze|p1a: Glimmora\n|-end|p1a: Glimmora|Substitute\n|-boost|p2a: Ursaluna|spe|1\n|move|p1a: Glimmora|Spikes|p2a: Ursaluna\n|-sidestart|p2: Rowan_Rocket|Spikes\n|\n|-heal|p1a: Glimmora|46\/100|[from] item: Leftovers\n|-damage|p2a: Ursaluna|82\/100 brn|[from] brn\n|upkeep\n|turn|5\n|\n|t:|1697817837\n|move|p2a: Ursaluna|Trailblaze|p1a: Glimmora\n|-damage|p1a: Glimmora|20\/100\n|-boost|p2a: Ursaluna|spe|1\n|-activate|p1a: Glimmora|ability: Toxic Debris\n|-sidestart|p2: Rowan_Rocket|move: Toxic Spikes\n|move|p1a: Glimmora|Sludge Bomb|p2a: Ursaluna\n|-resisted|p2a: Ursaluna\n|-damage|p2a: Ursaluna|65\/100 brn\n|\n|-heal|p1a: Glimmora|26\/100|[from] item: Leftovers\n|-damage|p2a: Ursaluna|59\/100 brn|[from] brn\n|upkeep\n|turn|6\n|\n|t:|1697817858\n|move|p2a: Ursaluna|Trailblaze|p1a: Glimmora\n|-damage|p1a: Glimmora|0 fnt\n|-boost|p2a: Ursaluna|spe|1\n|faint|p1a: Glimmora\n|\n|-damage|p2a: Ursaluna|52\/100 brn|[from] brn\n|upkeep\n|\n|t:|1697817868\n|switch|p1a: Regieleki|Regieleki, shiny|100\/100\n|turn|7\n|\n|t:|1697817872\n|move|p1a: Regieleki|Thunder Wave|p2a: Ursaluna\n|-immune|p2a: Ursaluna\n|move|p2a: Ursaluna|Drain Punch|p1a: Regieleki\n|-damage|p1a: Regieleki|14\/100\n|-heal|p2a: Ursaluna|85\/100 brn|[from] drain|[of] p1a: Regieleki\n|\n|-damage|p2a: Ursaluna|79\/100 brn|[from] brn\n|upkeep\n|turn|8\n|\n|t:|1697817887\n|move|p1a: Regieleki|Thunderbolt|p2a: Ursaluna\n|-immune|p2a: Ursaluna\n|move|p2a: Ursaluna|Drain Punch|p1a: Regieleki\n|-damage|p1a: Regieleki|0 fnt\n|-heal|p2a: Ursaluna|84\/100 brn|[from] drain|[of] p1a: Regieleki\n|faint|p1a: Regieleki\n|\n|-damage|p2a: Ursaluna|78\/100 brn|[from] brn\n|upkeep\n|\n|t:|1697817900\n|switch|p1a: Cryogonal|Cryogonal|100\/100\n|turn|9\n|\n|t:|1697817904\n|move|p2a: Ursaluna|Drain Punch|p1a: Cryogonal\n|-supereffective|p1a: Cryogonal\n|-damage|p1a: Cryogonal|0 fnt\n|-heal|p2a: Ursaluna|100\/100 brn|[from] drain|[of] p1a: Cryogonal\n|faint|p1a: Cryogonal\n|\n|-damage|p2a: Ursaluna|94\/100 brn|[from] brn\n|upkeep\n|\n|t:|1697817911\n|switch|p1a: DISNEY CHANNEL 2|Maushold-Four|100\/100\n|turn|10\n|\n|t:|1697817922\n|move|p2a: Ursaluna|Drain Punch|p1a: DISNEY CHANNEL 2\n|-supereffective|p1a: DISNEY CHANNEL 2\n|-damage|p1a: DISNEY CHANNEL 2|0 fnt\n|-heal|p2a: Ursaluna|100\/100 brn|[from] drain|[of] p1a: DISNEY CHANNEL 2\n|faint|p1a: DISNEY CHANNEL 2\n|\n|-damage|p2a: Ursaluna|94\/100 brn|[from] brn\n|upkeep\n|\n|t:|1697817930\n|switch|p1a: DISNEY CHANNEL 1|Maushold-Four|100\/100\n|turn|11\n|\n|t:|1697817936\n|move|p2a: Ursaluna|Drain Punch|p1a: DISNEY CHANNEL 1\n|-supereffective|p1a: DISNEY CHANNEL 1\n|-enditem|p1a: DISNEY CHANNEL 1|Focus Sash\n|-damage|p1a: DISNEY CHANNEL 1|1\/100\n|-heal|p2a: Ursaluna|100\/100 brn|[from] drain|[of] p1a: DISNEY CHANNEL 1\n|move|p1a: DISNEY CHANNEL 1|Population Bomb|p2a: Ursaluna\n|-damage|p2a: Ursaluna|94\/100 brn\n|-damage|p2a: Ursaluna|88\/100 brn\n|-damage|p2a: Ursaluna|82\/100 brn\n|-damage|p2a: Ursaluna|76\/100 brn\n|-damage|p2a: Ursaluna|70\/100 brn\n|-damage|p2a: Ursaluna|63\/100 brn\n|-damage|p2a: Ursaluna|57\/100 brn\n|-damage|p2a: Ursaluna|51\/100 brn\n|-damage|p2a: Ursaluna|45\/100 brn\n|-damage|p2a: Ursaluna|39\/100 brn\n|-hitcount|p2a: Ursaluna|10\n|\n|-damage|p2a: Ursaluna|33\/100 brn|[from] brn\n|upkeep\n|turn|12\n|\n|t:|1697817959\n|move|p2a: Ursaluna|Earthquake|p1a: DISNEY CHANNEL 1\n|-damage|p1a: DISNEY CHANNEL 1|0 fnt\n|faint|p1a: DISNEY CHANNEL 1\n|\n|-damage|p2a: Ursaluna|27\/100 brn|[from] brn\n|upkeep\n|\n|t:|1697817965\n|switch|p1a: Ogerpon|Ogerpon-Hearthflame, F|100\/100\n|-ability|p1a: Ogerpon|Mold Breaker\n|turn|13\n|\n|t:|1697817972\n|-terastallize|p2a: Ursaluna|Ground\n|-terastallize|p1a: Ogerpon|Fire\n|detailschange|p1a: Ogerpon|Ogerpon-Hearthflame-Tera, F, tera:Fire\n|-ability|p1a: Ogerpon|Embody Aspect (Hearthflame)|boost\n|-boost|p1a: Ogerpon|atk|1\n|move|p2a: Ursaluna|Earthquake|p1a: Ogerpon\n|-supereffective|p1a: Ogerpon\n|-damage|p1a: Ogerpon|0 fnt\n|faint|p1a: Ogerpon\n|\n|win|Rowan_Rocket\n|raw|Deathbygasprice's rating: 1199 &rarr; <strong>1173<\/strong><br \/>(-26 for losing)\n|raw|Rowan_Rocket's rating: 1183 &rarr; <strong>1209<\/strong><br \/>(+26 for winning)\n","uploadtime":1697817987,"views":9,"p1id":"deathbygasprice","p2id":"rowanrocket","formatid":"gen9anythinggoes","rating":1173,"private":0,"password":""}