{"id":"gen9anythinggoes-1973782006","p1":"RikkaKitt","p2":"Mister Favourite","format":"[Gen 9] Anything Goes","log":"|j|\u2606RikkaKitt\n|j|\u2606Mister Favourite\n|t:|1698012871\n|gametype|singles\n|player|p1|RikkaKitt|youngcouple-gen4dp|\n|player|p2|Mister Favourite|hilbert|\n|teamsize|p1|6\n|teamsize|p2|6\n|gen|9\n|tier|[Gen 9] Anything Goes\n|rule|HP Percentage Mod: HP is shown in percentages\n|rule|Endless Battle Clause: Forcing endless battles is banned\n|clearpoke\n|poke|p1|Raichu-Alola, M|\n|poke|p1|Sylveon, F|\n|poke|p1|Diancie|\n|poke|p1|Ninetales-Alola, F|\n|poke|p1|Ribombee, F|\n|poke|p1|Azumarill, F|\n|poke|p2|Crocalor, M|\n|poke|p2|Cryogonal|\n|poke|p2|Noctowl, M|\n|poke|p2|Bruxish, F|\n|poke|p2|Overqwil, M|\n|poke|p2|Houndstone, F|\n|teampreview\n|\n|t:|1698012888\n|start\n|switch|p1a: Ribombee|Ribombee, F|100\/100\n|switch|p2a: Bruxish|Bruxish, F|100\/100\n|turn|1\n|\n|t:|1698012897\n|move|p2a: Bruxish|Flip Turn|p1a: Ribombee\n|-damage|p1a: Ribombee|44\/100\n|\n|t:|1698012900\n|switch|p2a: Cryogonal|Cryogonal|100\/100|[from] Flip Turn\n|move|p1a: Ribombee|Sticky Web|p2a: Cryogonal\n|-sidestart|p2: Mister Favourite|move: Sticky Web\n|\n|upkeep\n|turn|2\n|\n|t:|1698012910\n|switch|p1a: Diancie|Diancie|100\/100\n|move|p2a: Cryogonal|Rapid Spin|p1a: Diancie\n|-resisted|p1a: Diancie\n|-crit|p1a: Diancie\n|-damage|p1a: Diancie|97\/100\n|-boost|p2a: Cryogonal|spe|1\n|-sideend|p2: Mister Favourite|Sticky Web|[from] move: Rapid Spin|[of] p2a: Cryogonal\n|\n|upkeep\n|turn|3\n|\n|t:|1698012921\n|-terastallize|p2a: Cryogonal|Steel\n|move|p2a: Cryogonal|Flash Cannon|p1a: Diancie\n|-supereffective|p1a: Diancie\n|-damage|p1a: Diancie|10\/100\n|move|p1a: Diancie|Power Gem|p2a: Cryogonal\n|-resisted|p2a: Cryogonal\n|-damage|p2a: Cryogonal|81\/100\n|\n|upkeep\n|turn|4\n|\n|t:|1698012981\n|switch|p1a: Ribombee|Ribombee, F|44\/100\n|move|p2a: Cryogonal|Flash Cannon|p1a: Ribombee\n|-supereffective|p1a: Ribombee\n|-crit|p1a: Ribombee\n|-damage|p1a: Ribombee|0 fnt\n|faint|p1a: Ribombee\n|\n|upkeep\n|\n|t:|1698013025\n|switch|p1a: Azumarill|Azumarill, F|100\/100\n|turn|5\n|\n|t:|1698013047\n|switch|p2a: Houndstone|Houndstone, F|100\/100\n|move|p1a: Azumarill|Liquidation|p2a: Houndstone\n|-damage|p2a: Houndstone|75\/100\n|\n|-heal|p2a: Houndstone|81\/100|[from] item: Leftovers\n|upkeep\n|turn|6\n|\n|t:|1698013060\n|switch|p1a: Sylveon|Sylveon, F|100\/100\n|move|p2a: Houndstone|Will-O-Wisp|p1a: Sylveon\n|-status|p1a: Sylveon|brn\n|\n|-heal|p2a: Houndstone|87\/100|[from] item: Leftovers\n|-damage|p1a: Sylveon|94\/100 brn|[from] brn\n|upkeep\n|turn|7\n|\n|t:|1698013079\n|switch|p2a: Cryogonal|Cryogonal, tera:Steel|81\/100\n|move|p1a: Sylveon|Hyper Voice|p2a: Cryogonal\n|-resisted|p2a: Cryogonal\n|-damage|p2a: Cryogonal|62\/100\n|-enditem|p1a: Sylveon|Throat Spray\n|-boost|p1a: Sylveon|spa|1|[from] item: Throat Spray\n|\n|-damage|p1a: Sylveon|88\/100 brn|[from] brn\n|upkeep\n|turn|8\n|\n|t:|1698013102\n|switch|p1a: Azumarill|Azumarill, F|100\/100\n|move|p2a: Cryogonal|Haze|p2a: Cryogonal\n|-clearallboost\n|\n|upkeep\n|turn|9\n|\n|t:|1698013114\n|switch|p2a: Houndstone|Houndstone, F|87\/100\n|move|p1a: Azumarill|Liquidation|p2a: Houndstone\n|-damage|p2a: Houndstone|61\/100\n|\n|-heal|p2a: Houndstone|67\/100|[from] item: Leftovers\n|upkeep\n|turn|10\n|\n|t:|1698013132\n|switch|p1a: Sylveon|Sylveon, F|88\/100 brn\n|move|p2a: Houndstone|Poltergeist||[still]\n|-fail|p2a: Houndstone\n|\n|-heal|p2a: Houndstone|73\/100|[from] item: Leftovers\n|-damage|p1a: Sylveon|82\/100 brn|[from] brn\n|upkeep\n|turn|11\n|\n|t:|1698013145\n|move|p1a: Sylveon|Draining Kiss|p2a: Houndstone\n|-damage|p2a: Houndstone|63\/100\n|-heal|p1a: Sylveon|90\/100 brn|[from] drain|[of] p2a: Houndstone\n|move|p2a: Houndstone|Night Shade|p1a: Sylveon\n|-damage|p1a: Sylveon|59\/100 brn\n|\n|-heal|p2a: Houndstone|69\/100|[from] item: Leftovers\n|-damage|p1a: Sylveon|53\/100 brn|[from] brn\n|upkeep\n|turn|12\n|\n|t:|1698013176\n|switch|p1a: Ninetales|Ninetales-Alola, F, shiny|100\/100\n|-weather|Snow|[from] ability: Snow Warning|[of] p1a: Ninetales\n|move|p2a: Houndstone|Night Shade|p1a: Ninetales\n|-damage|p1a: Ninetales|66\/100\n|\n|-weather|Snow|[upkeep]\n|-heal|p2a: Houndstone|75\/100|[from] item: Leftovers\n|upkeep\n|turn|13\n|\n|t:|1698013193\n|switch|p2a: Bruxish|Bruxish, F|100\/100\n|move|p1a: Ninetales|Freeze-Dry|p2a: Bruxish\n|-supereffective|p2a: Bruxish\n|-damage|p2a: Bruxish|7\/100\n|\n|-weather|Snow|[upkeep]\n|upkeep\n|turn|14\n|\n|t:|1698013212\n|move|p2a: Bruxish|Poison Fang|p1a: Ninetales\n|-supereffective|p1a: Ninetales\n|-damage|p1a: Ninetales|18\/100\n|move|p1a: Ninetales|Freeze-Dry|p2a: Bruxish\n|-supereffective|p2a: Bruxish\n|-damage|p2a: Bruxish|0 fnt\n|faint|p2a: Bruxish\n|\n|-weather|Snow|[upkeep]\n|upkeep\n|\n|t:|1698013224\n|switch|p2a: Cryogonal|Cryogonal, tera:Steel|62\/100\n|turn|15\n|\n|t:|1698013232\n|move|p2a: Cryogonal|Flash Cannon|p1a: Ninetales\n|-supereffective|p1a: Ninetales\n|-damage|p1a: Ninetales|0 fnt\n|faint|p1a: Ninetales\n|\n|-weather|Snow|[upkeep]\n|upkeep\n|\n|t:|1698013238\n|switch|p1a: Azumarill|Azumarill, F|100\/100\n|turn|16\n|\n|t:|1698013244\n|switch|p2a: Houndstone|Houndstone, F|75\/100\n|move|p1a: Azumarill|Liquidation|p2a: Houndstone\n|-damage|p2a: Houndstone|47\/100\n|\n|-weather|none\n|-heal|p2a: Houndstone|53\/100|[from] item: Leftovers\n|upkeep\n|turn|17\n|\n|t:|1698013255\n|switch|p1a: Sylveon|Sylveon, F|53\/100 brn\n|move|p2a: Houndstone|Night Shade|p1a: Sylveon\n|-damage|p1a: Sylveon|23\/100 brn\n|\n|-heal|p2a: Houndstone|59\/100|[from] item: Leftovers\n|-damage|p1a: Sylveon|17\/100 brn|[from] brn\n|upkeep\n|turn|18\n|\n|t:|1698013263\n|move|p1a: Sylveon|Hyper Voice|p2a: Houndstone\n|-damage|p2a: Houndstone|18\/100\n|move|p2a: Houndstone|Night Shade|p1a: Sylveon\n|-damage|p1a: Sylveon|0 fnt\n|faint|p1a: Sylveon\n|\n|-heal|p2a: Houndstone|24\/100|[from] item: Leftovers\n|upkeep\n|\n|t:|1698013271\n|switch|p1a: Azumarill|Azumarill, F|100\/100\n|turn|19\n|\n|t:|1698013275\n|switch|p2a: Overqwil|Overqwil, M|100\/100\n|-ability|p2a: Overqwil|Intimidate|boost\n|-unboost|p1a: Azumarill|atk|1\n|move|p1a: Azumarill|Liquidation|p2a: Overqwil\n|-damage|p2a: Overqwil|68\/100\n|\n|-heal|p2a: Overqwil|75\/100|[from] item: Leftovers\n|upkeep\n|turn|20\n|\n|t:|1698013284\n|switch|p1a: Raichu|Raichu-Alola, M|100\/100\n|move|p2a: Overqwil|Spikes|p1a: Raichu\n|-sidestart|p1: RikkaKitt|Spikes\n|\n|-heal|p2a: Overqwil|81\/100|[from] item: Leftovers\n|upkeep\n|turn|21\n|\n|t:|1698013301\n|switch|p2a: Crocalor|Crocalor, M|100\/100\n|move|p1a: Raichu|Fake Out|p2a: Crocalor\n|-damage|p2a: Crocalor|95\/100\n|\n|upkeep\n|turn|22\n|\n|t:|1698013308\n|-terastallize|p1a: Raichu|Ground\n|move|p1a: Raichu|Tera Blast|p2a: Crocalor|[anim] Tera Blast Ground\n|-supereffective|p2a: Crocalor\n|-damage|p2a: Crocalor|34\/100\n|move|p2a: Crocalor|Will-O-Wisp|p1a: Raichu|[miss]\n|-miss|p2a: Crocalor|p1a: Raichu\n|\n|upkeep\n|turn|23\n|\n|t:|1698013324\n|switch|p2a: Cryogonal|Cryogonal, tera:Steel|62\/100\n|move|p1a: Raichu|Volt Switch|p2a: Cryogonal\n|-damage|p2a: Cryogonal|37\/100\n|\n|t:|1698013332\n|switch|p1a: Azumarill|Azumarill, F|100\/100|[from] Volt Switch\n|-damage|p1a: Azumarill|88\/100|[from] Spikes\n|\n|upkeep\n|turn|24\n|\n|t:|1698013341\n|switch|p2a: Houndstone|Houndstone, F|24\/100\n|move|p1a: Azumarill|Liquidation|p2a: Houndstone\n|-damage|p2a: Houndstone|0 fnt\n|faint|p2a: Houndstone\n|\n|upkeep\n|\n|t:|1698013347\n|switch|p2a: Overqwil|Overqwil, M|81\/100\n|-ability|p2a: Overqwil|Intimidate|boost\n|-unboost|p1a: Azumarill|atk|1\n|turn|25\n|\n|t:|1698013361\n|switch|p1a: Diancie|Diancie|10\/100\n|-damage|p1a: Diancie|0 fnt|[from] Spikes\n|faint|p1a: Diancie\n|move|p2a: Overqwil|Spikes|p1: Diancie\n|-sidestart|p1: RikkaKitt|Spikes\n|\n|-heal|p2a: Overqwil|87\/100|[from] item: Leftovers\n|upkeep\n|\n|t:|1698013370\n|switch|p1a: Raichu|Raichu-Alola, M, tera:Ground|100\/100\n|-damage|p1a: Raichu|84\/100|[from] Spikes\n|turn|26\n|\n|t:|1698013377\n|switch|p2a: Crocalor|Crocalor, M|34\/100\n|move|p1a: Raichu|Fake Out|p2a: Crocalor\n|-damage|p2a: Crocalor|28\/100\n|\n|upkeep\n|turn|27\n|\n|t:|1698013404\n|move|p1a: Raichu|Tera Blast|p2a: Crocalor|[anim] Tera Blast Ground\n|-supereffective|p2a: Crocalor\n|-damage|p2a: Crocalor|0 fnt\n|faint|p2a: Crocalor\n|\n|upkeep\n|\n|t:|1698013418\n|switch|p2a: Cryogonal|Cryogonal, tera:Steel|37\/100\n|turn|28\n|\n|t:|1698013427\n|move|p2a: Cryogonal|Recover|p2a: Cryogonal\n|-heal|p2a: Cryogonal|88\/100\n|move|p1a: Raichu|Volt Switch|p2a: Cryogonal\n|-damage|p2a: Cryogonal|66\/100\n|\n|t:|1698013432\n|switch|p1a: Azumarill|Azumarill, F|88\/100|[from] Volt Switch\n|-damage|p1a: Azumarill|72\/100|[from] Spikes\n|\n|upkeep\n|turn|29\n|\n|t:|1698013438\n|switch|p2a: Overqwil|Overqwil, M|87\/100\n|-ability|p2a: Overqwil|Intimidate|boost\n|-unboost|p1a: Azumarill|atk|1\n|move|p1a: Azumarill|Liquidation|p2a: Overqwil\n|-damage|p2a: Overqwil|54\/100\n|\n|-heal|p2a: Overqwil|60\/100|[from] item: Leftovers\n|upkeep\n|turn|30\n|\n|t:|1698013450\n|switch|p1a: Raichu|Raichu-Alola, M, tera:Ground|84\/100\n|-damage|p1a: Raichu|68\/100|[from] Spikes\n|move|p2a: Overqwil|Spikes|p1a: Raichu\n|-sidestart|p1: RikkaKitt|Spikes\n|\n|-heal|p2a: Overqwil|66\/100|[from] item: Leftovers\n|upkeep\n|turn|31\n|\n|t:|1698013458\n|switch|p2a: Cryogonal|Cryogonal, tera:Steel|66\/100\n|move|p1a: Raichu|Fake Out|p2a: Cryogonal\n|-resisted|p2a: Cryogonal\n|-damage|p2a: Cryogonal|60\/100\n|\n|upkeep\n|turn|32\n|\n|t:|1698013495\n|move|p2a: Cryogonal|Recover|p2a: Cryogonal\n|-heal|p2a: Cryogonal|100\/100\n|move|p1a: Raichu|Thunderbolt|p2a: Cryogonal\n|-damage|p2a: Cryogonal|71\/100\n|\n|upkeep\n|turn|33\n|\n|t:|1698013509\n|move|p2a: Cryogonal|Flash Cannon|p1a: Raichu\n|-damage|p1a: Raichu|30\/100\n|move|p1a: Raichu|Thunderbolt|p2a: Cryogonal\n|-damage|p2a: Cryogonal|40\/100\n|-status|p2a: Cryogonal|par\n|\n|upkeep\n|turn|34\n|\n|t:|1698013520\n|switch|p1a: Azumarill|Azumarill, F|72\/100\n|-damage|p1a: Azumarill|47\/100|[from] Spikes\n|move|p2a: Cryogonal|Flash Cannon|p1a: Azumarill\n|-damage|p1a: Azumarill|18\/100\n|\n|upkeep\n|turn|35\n|\n|t:|1698013531\n|switch|p2a: Overqwil|Overqwil, M|66\/100\n|-ability|p2a: Overqwil|Intimidate|boost\n|-unboost|p1a: Azumarill|atk|1\n|move|p1a: Azumarill|Liquidation|p2a: Overqwil\n|-damage|p2a: Overqwil|35\/100\n|\n|-heal|p2a: Overqwil|41\/100|[from] item: Leftovers\n|upkeep\n|turn|36\n|\n|t:|1698013540\n|move|p1a: Azumarill|Aqua Jet|p2a: Overqwil\n|-damage|p2a: Overqwil|26\/100\n|move|p2a: Overqwil|Poison Jab|p1a: Azumarill\n|-supereffective|p1a: Azumarill\n|-damage|p1a: Azumarill|0 fnt\n|faint|p1a: Azumarill\n|\n|-heal|p2a: Overqwil|32\/100|[from] item: Leftovers\n|upkeep\n|\n|t:|1698013548\n|switch|p1a: Raichu|Raichu-Alola, M, tera:Ground|30\/100\n|-damage|p1a: Raichu|5\/100|[from] Spikes\n|turn|37\n|\n|t:|1698013552\n|switch|p2a: Noctowl|Noctowl, M|100\/100\n|move|p1a: Raichu|Fake Out|p2a: Noctowl\n|-damage|p2a: Noctowl|90\/100\n|\n|upkeep\n|turn|38\n|\n|t:|1698013558\n|move|p1a: Raichu|Thunderbolt|p2a: Noctowl\n|-supereffective|p2a: Noctowl\n|-damage|p2a: Noctowl|0 fnt\n|faint|p2a: Noctowl\n|\n|upkeep\n|\n|t:|1698013562\n|switch|p2a: Overqwil|Overqwil, M|32\/100\n|-ability|p2a: Overqwil|Intimidate|boost\n|-unboost|p1a: Raichu|atk|1\n|turn|39\n|\n|t:|1698013578\n|move|p2a: Overqwil|Aqua Jet|p1a: Raichu\n|-supereffective|p1a: Raichu\n|-damage|p1a: Raichu|0 fnt\n|faint|p1a: Raichu\n|\n|win|Mister Favourite\n|c|\u2606Mister Favourite|gg\n|c|\u2606Mister Favourite|that was scary\n|c|\u2606RikkaKitt|ggs\n|c|\u2606RikkaKitt|close\n","uploadtime":1698013590,"views":28,"p1id":"rikkakitt","p2id":"misterfavourite","formatid":"gen9anythinggoes","rating":0,"private":0,"password":""}