{"id":"gen9anythinggoes-1979900216","p1":"Davqueue","p2":"Bakitaladelbarrio","format":"[Gen 9] Anything Goes","log":"|j|\u2606Davqueue\n|j|\u2606Bakitaladelbarrio\n|t:|1698726350\n|gametype|singles\n|player|p1|Davqueue|ethan|1082\n|player|p2|Bakitaladelbarrio|dawn|1085\n|teamsize|p1|3\n|teamsize|p2|6\n|gen|9\n|tier|[Gen 9] Anything Goes\n|rated|\n|rule|HP Percentage Mod: HP is shown in percentages\n|rule|Endless Battle Clause: Forcing endless battles is banned\n|clearpoke\n|poke|p1|Drifblim, F|\n|poke|p1|Clefable, M|\n|poke|p1|Ninetales-Alola, M|\n|poke|p2|Espathra, F|\n|poke|p2|Drifblim, M|\n|poke|p2|Jumpluff, F|\n|poke|p2|Manaphy|\n|poke|p2|Clefable, M|\n|poke|p2|Basculegion, M|\n|teampreview\n|inactive|Battle timer is ON: inactive players will automatically lose when time's up. (requested by Bakitaladelbarrio)\n|\n|t:|1698726356\n|start\n|switch|p1a: Ninetales|Ninetales-Alola, M|100\/100\n|switch|p2a: Drifblim|Drifblim, M|100\/100\n|-weather|Snow|[from] ability: Snow Warning|[of] p1a: Ninetales\n|turn|1\n|\n|t:|1698726364\n|move|p1a: Ninetales|Agility|p1a: Ninetales\n|-boost|p1a: Ninetales|spe|2\n|move|p2a: Drifblim|Minimize|p2a: Drifblim\n|-boost|p2a: Drifblim|evasion|2\n|\n|-weather|Snow|[upkeep]\n|upkeep\n|turn|2\n|\n|t:|1698726371\n|move|p1a: Ninetales|Nasty Plot|p1a: Ninetales\n|-boost|p1a: Ninetales|spa|2\n|move|p2a: Drifblim|Minimize|p2a: Drifblim\n|-boost|p2a: Drifblim|evasion|2\n|\n|-weather|Snow|[upkeep]\n|upkeep\n|turn|3\n|\n|t:|1698726381\n|move|p1a: Ninetales|Baton Pass|p1a: Ninetales\n|\n|t:|1698726382\n|switch|p1a: Drifblim|Drifblim, F|100\/100|[from] Baton Pass\n|move|p2a: Drifblim|Minimize|p2a: Drifblim\n|-boost|p2a: Drifblim|evasion|2\n|\n|-weather|Snow|[upkeep]\n|upkeep\n|turn|4\n|\n|t:|1698726392\n|move|p1a: Drifblim|Minimize|p1a: Drifblim\n|-boost|p1a: Drifblim|evasion|2\n|move|p2a: Drifblim|Baton Pass|p2a: Drifblim\n|c|\u2606Davqueue|oh boy\n|\n|t:|1698726403\n|switch|p2a: Manaphy|Manaphy|100\/100|[from] Baton Pass\n|\n|-weather|Snow|[upkeep]\n|upkeep\n|turn|5\n|\n|t:|1698726413\n|move|p1a: Drifblim|Minimize|p1a: Drifblim\n|-boost|p1a: Drifblim|evasion|2\n|move|p2a: Manaphy|Take Heart|p2a: Manaphy\n|-boost|p2a: Manaphy|spa|1\n|-boost|p2a: Manaphy|spd|1\n|\n|-weather|none\n|upkeep\n|turn|6\n|\n|t:|1698726420\n|move|p1a: Drifblim|Minimize|p1a: Drifblim\n|-boost|p1a: Drifblim|evasion|2\n|move|p2a: Manaphy|Take Heart|p2a: Manaphy\n|-boost|p2a: Manaphy|spa|1\n|-boost|p2a: Manaphy|spd|1\n|\n|upkeep\n|turn|7\n|\n|t:|1698726427\n|move|p1a: Drifblim|Stockpile|p1a: Drifblim\n|-start|p1a: Drifblim|stockpile1\n|-boost|p1a: Drifblim|def|1\n|-boost|p1a: Drifblim|spd|1\n|move|p2a: Manaphy|Stored Power|p1a: Drifblim\n|-damage|p1a: Drifblim|35\/100\n|\n|-heal|p1a: Drifblim|41\/100|[from] item: Leftovers\n|upkeep\n|turn|8\n|\n|t:|1698726437\n|move|p1a: Drifblim|Baton Pass|p1a: Drifblim\n|\n|t:|1698726439\n|switch|p1a: Clefable|Clefable, M|100\/100|[from] Baton Pass\n|move|p2a: Manaphy|Stored Power|p1a: Clefable|[miss]\n|-miss|p2a: Manaphy|p1a: Clefable\n|\n|upkeep\n|turn|9\n|\n|t:|1698726449\n|move|p1a: Clefable|Stored Power|p2a: Manaphy\n|-damage|p2a: Manaphy|30\/100\n|move|p2a: Manaphy|Take Heart|p2a: Manaphy\n|-boost|p2a: Manaphy|spa|1\n|-boost|p2a: Manaphy|spd|1\n|\n|-heal|p2a: Manaphy|36\/100|[from] item: Leftovers\n|upkeep\n|turn|10\n|\n|t:|1698726458\n|move|p1a: Clefable|Stored Power|p2a: Manaphy|[miss]\n|-miss|p1a: Clefable|p2a: Manaphy\n|move|p2a: Manaphy|Stored Power|p1a: Clefable\n|-damage|p1a: Clefable|0 fnt\n|faint|p1a: Clefable\n|\n|-heal|p2a: Manaphy|42\/100|[from] item: Leftovers\n|upkeep\n|-message|Davqueue forfeited.\n|\n|win|Bakitaladelbarrio\n|raw|Davqueue's rating: 1082 &rarr; <strong>1060<\/strong><br \/>(-22 for losing)\n|raw|Bakitaladelbarrio's rating: 1085 &rarr; <strong>1112<\/strong><br \/>(+27 for winning)\n|l|\u2606Davqueue\n","uploadtime":1698726470,"views":16,"p1id":"davqueue","p2id":"bakitaladelbarrio","formatid":"gen9anythinggoes","rating":1060,"private":0,"password":""}