{"id":"gen9anythinggoes-1984324989","p1":"The King Dorko","p2":"AltaltLyly","format":"[Gen 9] Anything Goes","log":"|j|\u2606The King Dorko\n|j|\u2606AltaltLyly\n|t:|1699243939\n|gametype|singles\n|player|p1|The King Dorko|giovanni|\n|player|p2|AltaltLyly|winona|\n|teamsize|p1|6\n|teamsize|p2|6\n|gen|9\n|tier|[Gen 9] Anything Goes\n|rule|HP Percentage Mod: HP is shown in percentages\n|rule|Endless Battle Clause: Forcing endless battles is banned\n|clearpoke\n|poke|p1|Dugtrio, F|\n|poke|p1|Palkia-Origin|\n|poke|p1|Typhlosion-Hisui, F|\n|poke|p1|Kilowattrel, M|\n|poke|p1|Donphan, M|\n|poke|p1|Garganacl, F|\n|poke|p2|Mew|\n|poke|p2|Ursaluna-Bloodmoon, M|\n|poke|p2|Cinderace, F|\n|poke|p2|Weezing-Galar, F|\n|poke|p2|Sneasler, M|\n|poke|p2|Avalugg-Hisui, F|\n|teampreview\n|l|\u2606The King Dorko\n|player|p1|\n|j|\u2606The King Dorko\n|player|p1|The King Dorko|giovanni\n|inactive|Battle timer is ON: inactive players will automatically lose when time's up. (requested by The King Dorko)\n|\n|t:|1699244026\n|start\n|switch|p1a: Dugtrio|Dugtrio, F, shiny|100\/100\n|switch|p2a: Cinderace|Cinderace, F|100\/100\n|turn|1\n|c|\u2606AltaltLyly|There we go\n|\n|t:|1699244049\n|move|p2a: Cinderace|Sucker Punch|p1a: Dugtrio\n|-start|p2a: Cinderace|typechange|Dark|[from] ability: Libero\n|-damage|p1a: Dugtrio|27\/100\n|move|p1a: Dugtrio|Rock Blast|p2a: Cinderace\n|-damage|p2a: Cinderace|93\/100\n|-damage|p2a: Cinderace|85\/100\n|-damage|p2a: Cinderace|78\/100\n|-damage|p2a: Cinderace|70\/100\n|-damage|p2a: Cinderace|63\/100\n|-hitcount|p2a: Cinderace|5\n|\n|upkeep\n|turn|2\n|c|\u2606The King Dorko|ayyy we here\n|\n|t:|1699244070\n|move|p1a: Dugtrio|Stealth Rock|p2a: Cinderace\n|-sidestart|p2: AltaltLyly|move: Stealth Rock\n|move|p2a: Cinderace|U-turn|p1a: Dugtrio\n|-crit|p1a: Dugtrio\n|-damage|p1a: Dugtrio|0 fnt\n|faint|p1a: Dugtrio\n|\n|t:|1699244079\n|switch|p2a: Avalugg|Avalugg-Hisui, F|100\/100|[from] U-turn\n|\n|upkeep\n|\n|t:|1699244085\n|switch|p1a: Typhlosion|Typhlosion-Hisui, F, shiny|100\/100\n|turn|3\n|inactive|AltaltLyly has 270 seconds left.\n|\n|t:|1699244106\n|switch|p2a: Cinderace|Cinderace, F|63\/100\n|move|p1a: Typhlosion|Eruption|p2a: Cinderace\n|-resisted|p2a: Cinderace\n|-damage|p2a: Cinderace|14\/100\n|\n|upkeep\n|turn|4\n|\n|t:|1699244115\n|switch|p1a: Garganacl|Garganacl, F, shiny|100\/100\n|move|p2a: Cinderace|Court Change|p2a: Cinderace\n|-start|p2a: Cinderace|typechange|Normal|[from] ability: Libero\n|-swapsideconditions\n|-activate|p2a: Cinderace|move: Court Change\n|\n|upkeep\n|turn|5\n|\n|t:|1699244123\n|move|p2a: Cinderace|U-turn|p1a: Garganacl\n|-damage|p1a: Garganacl|84\/100\n|\n|t:|1699244130\n|switch|p2a: Ursaluna|Ursaluna-Bloodmoon, M|100\/100|[from] U-turn\n|move|p1a: Garganacl|Stealth Rock|p2a: Ursaluna\n|-sidestart|p2: AltaltLyly|move: Stealth Rock\n|\n|-heal|p1a: Garganacl|90\/100|[from] item: Leftovers\n|upkeep\n|turn|6\n|\n|t:|1699244142\n|move|p2a: Ursaluna|Calm Mind|p2a: Ursaluna\n|-boost|p2a: Ursaluna|spa|1\n|-boost|p2a: Ursaluna|spd|1\n|move|p1a: Garganacl|Salt Cure|p2a: Ursaluna\n|-resisted|p2a: Ursaluna\n|-damage|p2a: Ursaluna|95\/100\n|\n|-heal|p1a: Garganacl|96\/100|[from] item: Leftovers\n|upkeep\n|turn|7\n|\n|t:|1699244154\n|move|p2a: Ursaluna|Calm Mind|p2a: Ursaluna\n|-boost|p2a: Ursaluna|spa|1\n|-boost|p2a: Ursaluna|spd|1\n|move|p1a: Garganacl|Salt Cure|p2a: Ursaluna\n|-resisted|p2a: Ursaluna\n|-damage|p2a: Ursaluna|91\/100\n|\n|-heal|p1a: Garganacl|100\/100|[from] item: Leftovers\n|upkeep\n|turn|8\n|c|\u2606The King Dorko|why did it not salt him..?\n|inactive|The King Dorko has 270 seconds left.\n|c|\u2606AltaltLyly|Covert Cloak\n|c|\u2606The King Dorko|ah cheeky bugger lmao\n|\n|t:|1699244210\n|move|p2a: Ursaluna|Calm Mind|p2a: Ursaluna\n|-boost|p2a: Ursaluna|spa|1\n|-boost|p2a: Ursaluna|spd|1\n|move|p1a: Garganacl|Salt Cure|p2a: Ursaluna\n|-resisted|p2a: Ursaluna\n|-damage|p2a: Ursaluna|86\/100\n|\n|upkeep\n|turn|9\n|c|\u2606AltaltLyly|Prepping you for worst case\n|\n|t:|1699244223\n|move|p2a: Ursaluna|Earth Power|p1a: Garganacl\n|-supereffective|p1a: Garganacl\n|-damage|p1a: Garganacl|0 fnt\n|faint|p1a: Garganacl\n|\n|upkeep\n|\n|t:|1699244231\n|switch|p1a: Donphan|Donphan, M, shiny|100\/100\n|-damage|p1a: Donphan|94\/100|[from] Stealth Rock\n|turn|10\n|\n|t:|1699244238\n|move|p1a: Donphan|Ice Spinner|p2a: Ursaluna\n|-supereffective|p2a: Ursaluna\n|-damage|p2a: Ursaluna|52\/100\n|move|p2a: Ursaluna|Blood Moon|p1a: Donphan\n|-damage|p1a: Donphan|0 fnt\n|faint|p1a: Donphan\n|\n|upkeep\n|\n|t:|1699244244\n|switch|p1a: Palkia|Palkia-Origin, shiny|100\/100\n|-damage|p1a: Palkia|88\/100|[from] Stealth Rock\n|-ability|p1a: Palkia|Pressure\n|turn|11\n|\n|t:|1699244254\n|move|p1a: Palkia|Hydro Pump|p2a: Ursaluna\n|-supereffective|p2a: Ursaluna\n|-damage|p2a: Ursaluna|0 fnt\n|faint|p2a: Ursaluna\n|\n|upkeep\n|\n|t:|1699244273\n|switch|p2a: Sneasler|Sneasler, M|100\/100\n|-damage|p2a: Sneasler|95\/100|[from] Stealth Rock\n|turn|12\n|c|\u2606The King Dorko|Bloodmoon is phys or special bulk naturally.?\n|inactive|The King Dorko has 270 seconds left.\n|\n|t:|1699244285\n|move|p2a: Sneasler|Fake Out|p1a: Palkia\n|-enditem|p2a: Sneasler|Normal Gem|[from] gem\n|-damage|p1a: Palkia|66\/100\n|cant|p1a: Palkia|flinch\n|\n|upkeep\n|turn|13\n|\n|t:|1699244294\n|move|p2a: Sneasler|Acrobatics|p1a: Palkia\n|-damage|p1a: Palkia|18\/100\n|move|p1a: Palkia|Earth Power|p2a: Sneasler\n|-supereffective|p2a: Sneasler\n|-damage|p2a: Sneasler|4\/100\n|\n|upkeep\n|turn|14\n|\n|t:|1699244305\n|move|p2a: Sneasler|Dire Claw|p1a: Palkia\n|-damage|p1a: Palkia|0 fnt\n|faint|p1a: Palkia\n|\n|upkeep\n|\n|t:|1699244315\n|switch|p1a: Kilowattrel|Kilowattrel, M, shiny|100\/100\n|turn|15\n|c|\u2606AltaltLyly|Phys naturally\n|\n|t:|1699244325\n|move|p1a: Kilowattrel|Protect|p1a: Kilowattrel\n|-singleturn|p1a: Kilowattrel|Protect\n|move|p2a: Sneasler|Dire Claw|p1a: Kilowattrel\n|-activate|p1a: Kilowattrel|move: Protect\n|\n|upkeep\n|turn|16\n|\n|t:|1699244332\n|move|p2a: Sneasler|Dire Claw|p1a: Kilowattrel\n|-damage|p1a: Kilowattrel|13\/100\n|move|p1a: Kilowattrel|U-turn|p2a: Sneasler\n|-resisted|p2a: Sneasler\n|-damage|p2a: Sneasler|0 fnt\n|faint|p2a: Sneasler\n|\n|t:|1699244335\n|switch|p1a: Typhlosion|Typhlosion-Hisui, F, shiny|100\/100|[from] U-turn\n|-damage|p1a: Typhlosion|75\/100|[from] Stealth Rock\n|\n|upkeep\n|\n|t:|1699244347\n|switch|p2a: Cinderace|Cinderace, F|14\/100\n|turn|17\n|\n|t:|1699244364\n|-terastallize|p1a: Typhlosion|Grass\n|move|p2a: Cinderace|Sucker Punch|p1a: Typhlosion\n|-start|p2a: Cinderace|typechange|Dark|[from] ability: Libero\n|-damage|p1a: Typhlosion|24\/100\n|move|p1a: Typhlosion|Infernal Parade|p2a: Cinderace\n|-resisted|p2a: Cinderace\n|-damage|p2a: Cinderace|0 fnt\n|faint|p2a: Cinderace\n|\n|upkeep\n|\n|t:|1699244376\n|switch|p2a: Avalugg|Avalugg-Hisui, F|100\/100\n|turn|18\n|\n|t:|1699244382\n|move|p1a: Typhlosion|Infernal Parade|p2a: Avalugg\n|-damage|p2a: Avalugg|35\/100\n|-status|p2a: Avalugg|brn\n|move|p2a: Avalugg|Rapid Spin|p1a: Typhlosion\n|-damage|p1a: Typhlosion|11\/100\n|-boost|p2a: Avalugg|spe|1\n|-sideend|p2: AltaltLyly|Stealth Rock|[from] move: Rapid Spin|[of] p2a: Avalugg\n|\n|-damage|p2a: Avalugg|29\/100 brn|[from] brn\n|upkeep\n|turn|19\n|\n|t:|1699244398\n|move|p1a: Typhlosion|Infernal Parade|p2a: Avalugg\n|-damage|p2a: Avalugg|0 fnt\n|faint|p2a: Avalugg\n|\n|upkeep\n|\n|t:|1699244403\n|switch|p2a: Mew|Mew|100\/100\n|turn|20\n|\n|t:|1699244413\n|move|p1a: Typhlosion|Infernal Parade|p2a: Mew\n|-supereffective|p2a: Mew\n|-damage|p2a: Mew|53\/100\n|-status|p2a: Mew|brn\n|-activate|p2a: Mew|ability: Synchronize\n|-status|p1a: Typhlosion|brn\n|move|p2a: Mew|Calm Mind|p2a: Mew\n|-boost|p2a: Mew|spa|1\n|-boost|p2a: Mew|spd|1\n|\n|-damage|p1a: Typhlosion|5\/100 brn|[from] brn\n|-damage|p2a: Mew|46\/100 brn|[from] brn\n|upkeep\n|turn|21\n|\n|t:|1699244431\n|move|p1a: Typhlosion|Infernal Parade|p2a: Mew\n|-supereffective|p2a: Mew\n|-damage|p2a: Mew|0 fnt\n|faint|p2a: Mew\n|\n|-damage|p1a: Typhlosion|0 fnt|[from] brn\n|faint|p1a: Typhlosion\n|upkeep\n|\n|t:|1699244439\n|switch|p1a: Kilowattrel|Kilowattrel, M, shiny|13\/100\n|switch|p2a: Weezing|Weezing-Galar, F, shiny|100\/100\n|-ability|p2a: Weezing|Neutralizing Gas\n|turn|22\n|\n|t:|1699244460\n|move|p1a: Kilowattrel|Protect|p1a: Kilowattrel\n|-singleturn|p1a: Kilowattrel|Protect\n|move|p2a: Weezing|Strange Steam|p1a: Kilowattrel\n|-activate|p1a: Kilowattrel|move: Protect\n|\n|upkeep\n|turn|23\n|\n|t:|1699244470\n|move|p1a: Kilowattrel|Hurricane|p2a: Weezing\n|-damage|p2a: Weezing|40\/100\n|-start|p2a: Weezing|confusion\n|-activate|p2a: Weezing|confusion\n|move|p2a: Weezing|Sludge Bomb|p1a: Kilowattrel\n|-damage|p1a: Kilowattrel|0 fnt\n|faint|p1a: Kilowattrel\n|\n|win|AltaltLyly\n|c|\u2606The King Dorko|bruh a self hit woulda been insane there lmao\n|c|\u2606AltaltLyly|Ikr\n|c|\u2606AltaltLyly|Solid test tho\n|l|\u2606AltaltLyly\n|j|\u2606AltaltLyly\n|player|p2|AltaltLyly|winona\n","uploadtime":1699244511,"views":5,"p1id":"thekingdorko","p2id":"altaltlyly","formatid":"gen9anythinggoes","rating":0,"private":0,"password":""}