{"id":"gen9anythinggoes-2000110029","p1":"sayfinthemoment","p2":"MrMimeIsMrKetchum","format":"[Gen 9] Anything Goes","log":"|j|\u2606sayfinthemoment\n|j|\u2606MrMimeIsMrKetchum\n|t:|1701156628\n|gametype|singles\n|player|p1|sayfinthemoment|preschooler|1220\n|player|p2|MrMimeIsMrKetchum|swimmerf-gen4|1266\n|teamsize|p1|6\n|teamsize|p2|6\n|gen|9\n|tier|[Gen 9] Anything Goes\n|rated|\n|rule|HP Percentage Mod: HP is shown in percentages\n|rule|Endless Battle Clause: Forcing endless battles is banned\n|clearpoke\n|poke|p1|Breloom, M|\n|poke|p1|Zapdos|\n|poke|p1|Snorlax, M|\n|poke|p1|Muk, M|\n|poke|p1|Arcanine, M|\n|poke|p1|Quagsire, F|\n|poke|p2|Annihilape, M|\n|poke|p2|Blissey, F|\n|poke|p2|Pawmot, M|\n|poke|p2|Rabsca, M|\n|poke|p2|Pelipper, M|\n|poke|p2|Basculegion, M|\n|teampreview\n|inactive|Battle timer is ON: inactive players will automatically lose when time's up. (requested by sayfinthemoment)\n|inactive|MrMimeIsMrKetchum has 120 seconds left.\n|\n|t:|1701156719\n|start\n|switch|p1a: Busta Vines|Breloom, M, shiny|100\/100\n|switch|p2a: Annihilape|Annihilape, M, shiny|100\/100\n|turn|1\n|\n|t:|1701156729\n|move|p2a: Annihilape|Final Gambit|p1a: Busta Vines\n|-damage|p1a: Busta Vines|0 fnt\n|faint|p2a: Annihilape\n|faint|p1a: Busta Vines\n|\n|upkeep\n|\n|t:|1701156736\n|switch|p2a: Blissey|Blissey, F, shiny|100\/100\n|switch|p1a: Queen La Reefa|Quagsire, F, shiny|100\/100\n|turn|2\n|\n|t:|1701156748\n|move|p2a: Blissey|Copycat|p2a: Blissey\n|move|p2a: Blissey|Final Gambit|p1a: Queen La Reefa|[from]move: Copycat\n|-damage|p1a: Queen La Reefa|0 fnt\n|faint|p2a: Blissey\n|faint|p1a: Queen La Reefa\n|\n|upkeep\n|\n|t:|1701156761\n|switch|p2a: Pawmot|Pawmot, M, shiny|100\/100\n|switch|p1a: ASAP Arci|Arcanine, M|100\/100\n|-ability|p1a: ASAP Arci|Intimidate|boost\n|-unboost|p2a: Pawmot|atk|1\n|turn|3\n|c|\u2606MrMimeIsMrKetchum|Your Pokemon have great nicknames. :D\n|\n|t:|1701156781\n|move|p2a: Pawmot|Revival Blessing|p2a: Pawmot\n|-enditem|p2a: Pawmot|Leppa Berry|[eat]\n|-activate|p2a: Pawmot|item: Leppa Berry|Revival Blessing|[consumed]\n|\n|t:|1701156784\n|-heal|p2: Annihilape|50\/100|[from] move: Revival Blessing\n|move|p1a: ASAP Arci|Bulldoze|p2a: Pawmot\n|-supereffective|p2a: Pawmot\n|-damage|p2a: Pawmot|42\/100\n|-unboost|p2a: Pawmot|spe|1\n|\n|upkeep\n|turn|4\n|c|\u2606sayfinthemoment|ah thanks man\n|\n|t:|1701156797\n|move|p1a: ASAP Arci|Bulldoze|p2a: Pawmot\n|-supereffective|p2a: Pawmot\n|-crit|p2a: Pawmot\n|-damage|p2a: Pawmot|0 fnt\n|faint|p2a: Pawmot\n|\n|upkeep\n|\n|t:|1701156807\n|switch|p2a: Pelipper|Pelipper, M, shiny|100\/100\n|-weather|RainDance|[from] ability: Drizzle|[of] p2a: Pelipper\n|turn|5\n|c|\u2606MrMimeIsMrKetchum|you're welcome :D\n|\n|t:|1701156836\n|switch|p1a: Muk Miller|Muk, M|100\/100\n|move|p2a: Pelipper|Surf|p1a: Muk Miller\n|-damage|p1a: Muk Miller|70\/100\n|\n|-weather|RainDance|[upkeep]\n|-heal|p1a: Muk Miller|77\/100|[from] item: Leftovers\n|upkeep\n|turn|6\n|\n|t:|1701156848\n|move|p2a: Pelipper|U-turn|p1a: Muk Miller\n|-resisted|p1a: Muk Miller\n|-damage|p1a: Muk Miller|73\/100\n|\n|t:|1701156856\n|switch|p2a: Rabsca|Rabsca, M, shiny|100\/100|[from] U-turn\n|move|p1a: Muk Miller|Minimize|p1a: Muk Miller\n|-boost|p1a: Muk Miller|evasion|2\n|\n|-weather|RainDance|[upkeep]\n|-heal|p1a: Muk Miller|79\/100|[from] item: Leftovers\n|upkeep\n|turn|7\n|\n|t:|1701156863\n|move|p2a: Rabsca|Revival Blessing|p2a: Rabsca\n|-enditem|p2a: Rabsca|Leppa Berry|[eat]\n|-activate|p2a: Rabsca|item: Leppa Berry|Revival Blessing|[consumed]\n|\n|t:|1701156866\n|-heal|p2: Blissey|50\/100|[from] move: Revival Blessing\n|move|p1a: Muk Miller|Minimize|p1a: Muk Miller\n|-boost|p1a: Muk Miller|evasion|2\n|\n|-weather|RainDance|[upkeep]\n|-heal|p1a: Muk Miller|85\/100|[from] item: Leftovers\n|upkeep\n|turn|8\n|\n|t:|1701156874\n|move|p2a: Rabsca|Revival Blessing|p2a: Rabsca\n|\n|t:|1701156876\n|-heal|p2: Pawmot|50\/100|[from] move: Revival Blessing\n|move|p1a: Muk Miller|Minimize|p1a: Muk Miller\n|-boost|p1a: Muk Miller|evasion|2\n|\n|-weather|RainDance|[upkeep]\n|-heal|p1a: Muk Miller|92\/100|[from] item: Leftovers\n|upkeep\n|turn|9\n|\n|t:|1701156884\n|move|p2a: Rabsca|Psychic|p1a: Muk Miller|[miss]\n|-miss|p2a: Rabsca|p1a: Muk Miller\n|move|p1a: Muk Miller|Toxic|p2a: Rabsca\n|-status|p2a: Rabsca|tox\n|-activate|p2a: Rabsca|ability: Synchronize\n|-immune|p1a: Muk Miller\n|\n|-weather|RainDance|[upkeep]\n|-heal|p1a: Muk Miller|98\/100|[from] item: Leftovers\n|-damage|p2a: Rabsca|94\/100 tox|[from] psn\n|upkeep\n|turn|10\n|\n|t:|1701156896\n|move|p2a: Rabsca|Psychic|p1a: Muk Miller\n|-supereffective|p1a: Muk Miller\n|-crit|p1a: Muk Miller\n|-damage|p1a: Muk Miller|21\/100\n|move|p1a: Muk Miller|Venoshock|p2a: Rabsca\n|-damage|p2a: Rabsca|65\/100 tox\n|\n|-weather|RainDance|[upkeep]\n|-heal|p1a: Muk Miller|27\/100|[from] item: Leftovers\n|-damage|p2a: Rabsca|52\/100 tox|[from] psn\n|upkeep\n|turn|11\n|\n|t:|1701156905\n|move|p2a: Rabsca|Psychic|p1a: Muk Miller|[miss]\n|-miss|p2a: Rabsca|p1a: Muk Miller\n|move|p1a: Muk Miller|Venoshock|p2a: Rabsca\n|-damage|p2a: Rabsca|21\/100 tox\n|\n|-weather|RainDance|[upkeep]\n|-heal|p1a: Muk Miller|34\/100|[from] item: Leftovers\n|-damage|p2a: Rabsca|2\/100 tox|[from] psn\n|upkeep\n|turn|12\n|\n|t:|1701156912\n|move|p2a: Rabsca|Psychic|p1a: Muk Miller\n|-supereffective|p1a: Muk Miller\n|-damage|p1a: Muk Miller|0 fnt\n|faint|p1a: Muk Miller\n|\n|-weather|none\n|-damage|p2a: Rabsca|0 fnt|[from] psn\n|faint|p2a: Rabsca\n|upkeep\n|\n|t:|1701156921\n|switch|p2a: Pelipper|Pelipper, M, shiny|100\/100\n|switch|p1a: ASAP Arci|Arcanine, M|100\/100\n|-ability|p1a: ASAP Arci|Intimidate|boost\n|-unboost|p2a: Pelipper|atk|1\n|-weather|RainDance|[from] ability: Drizzle|[of] p2a: Pelipper\n|turn|13\n|\n|t:|1701156929\n|switch|p1a: Zay Jee|Zapdos, shiny|100\/100\n|move|p2a: Pelipper|Surf|p1a: Zay Jee\n|-damage|p1a: Zay Jee|48\/100\n|\n|-weather|RainDance|[upkeep]\n|-heal|p1a: Zay Jee|54\/100|[from] item: Leftovers\n|upkeep\n|turn|14\n|\n|t:|1701156941\n|-terastallize|p2a: Pelipper|Ground\n|move|p1a: Zay Jee|Thunderbolt|p2a: Pelipper\n|-immune|p2a: Pelipper\n|move|p2a: Pelipper|U-turn|p1a: Zay Jee\n|-resisted|p1a: Zay Jee\n|-damage|p1a: Zay Jee|50\/100\n|-status|p2a: Pelipper|par|[from] ability: Static|[of] p1a: Zay Jee\n|\n|t:|1701156955\n|switch|p2a: Annihilape|Annihilape, M, shiny|50\/100|[from] U-turn\n|\n|-weather|RainDance|[upkeep]\n|-heal|p1a: Zay Jee|56\/100|[from] item: Leftovers\n|upkeep\n|turn|15\n|\n|t:|1701156960\n|move|p2a: Annihilape|Final Gambit|p1a: Zay Jee\n|-damage|p1a: Zay Jee|0 fnt\n|faint|p2a: Annihilape\n|faint|p1a: Zay Jee\n|\n|-weather|RainDance|[upkeep]\n|upkeep\n|\n|t:|1701156967\n|switch|p2a: Blissey|Blissey, F, shiny|50\/100\n|switch|p1a: Notorious BIG|Snorlax, M, shiny|100\/100\n|turn|16\n|\n|t:|1701156976\n|move|p2a: Blissey|Copycat|p2a: Blissey\n|move|p2a: Blissey|Final Gambit|p1a: Notorious BIG|[from]move: Copycat\n|-damage|p1a: Notorious BIG|23\/100\n|faint|p2a: Blissey\n|move|p1a: Notorious BIG|Yawn|p2: Blissey|[notarget]\n|-fail|p1a: Notorious BIG\n|\n|-weather|RainDance|[upkeep]\n|-heal|p1a: Notorious BIG|29\/100|[from] item: Leftovers\n|upkeep\n|-message|sayfinthemoment forfeited.\n|\n|win|MrMimeIsMrKetchum\n|raw|sayfinthemoment's rating: 1220 &rarr; <strong>1198<\/strong><br \/>(-22 for losing)\n|raw|MrMimeIsMrKetchum's rating: 1266 &rarr; <strong>1288<\/strong><br \/>(+22 for winning)\n|l|\u2606sayfinthemoment\n","uploadtime":1701157004,"views":0,"p1id":"sayfinthemoment","p2id":"mrmimeismrketchum","formatid":"gen9anythinggoes","rating":1198,"private":0,"password":""}