{"id":"gen9anythinggoes-1984239392","p1":"Nuwyrm","p2":"TheLocalOnion","format":"[Gen 9] Anything Goes","log":"|j|\u2606Nuwyrm\n|j|\u2606TheLocalOnion\n|t:|1699233788\n|gametype|singles\n|player|p1|Nuwyrm|larry|\n|player|p2|TheLocalOnion|170|\n|teamsize|p1|6\n|teamsize|p2|6\n|gen|9\n|tier|[Gen 9] Anything Goes\n|rule|HP Percentage Mod: HP is shown in percentages\n|rule|Endless Battle Clause: Forcing endless battles is banned\n|clearpoke\n|poke|p1|Lilligant-Hisui, F|\n|poke|p1|Arcanine-Hisui, M|\n|poke|p1|Great Tusk|\n|poke|p1|Qwilfish-Hisui, F|\n|poke|p1|Cresselia, F|\n|poke|p1|Bellibolt, F|\n|poke|p2|Moltres|\n|poke|p2|Chesnaught, M|\n|poke|p2|Klefki, F|\n|poke|p2|Sandy Shocks|\n|poke|p2|Mew|\n|poke|p2|Hydreigon, M|\n|teampreview\n|j| FLOOR IT\n|c|\u2606Nuwyrm|glhf!\n|\n|t:|1699233871\n|start\n|switch|p1a: BARBER|Qwilfish-Hisui, F|100\/100\n|switch|p2a: Stem Cell|Mew, shiny|100\/100\n|-ability|p1a: BARBER|Intimidate|boost\n|-unboost|p2a: Stem Cell|atk|1\n|turn|1\n|j| dancingnightmare\n|\n|t:|1699233897\n|move|p2a: Stem Cell|Draining Kiss|p1a: BARBER\n|-damage|p1a: BARBER|87\/100\n|move|p1a: BARBER|Toxic Spikes|p2a: Stem Cell\n|-sidestart|p2: TheLocalOnion|move: Toxic Spikes\n|\n|upkeep\n|turn|2\n|j| Ryno5311\n|\n|t:|1699233905\n|move|p2a: Stem Cell|Draining Kiss|p1a: BARBER\n|-damage|p1a: BARBER|75\/100\n|move|p1a: BARBER|Toxic Spikes|p2a: Stem Cell\n|-sidestart|p2: TheLocalOnion|move: Toxic Spikes\n|\n|upkeep\n|turn|3\n|\n|t:|1699233919\n|move|p2a: Stem Cell|Draining Kiss|p1a: BARBER\n|-damage|p1a: BARBER|62\/100\n|move|p1a: BARBER|Crunch|p2a: Stem Cell\n|-supereffective|p2a: Stem Cell\n|-damage|p2a: Stem Cell|51\/100\n|\n|upkeep\n|turn|4\n|\n|t:|1699233928\n|move|p2a: Stem Cell|Draining Kiss|p1a: BARBER\n|-damage|p1a: BARBER|50\/100\n|-heal|p2a: Stem Cell|60\/100|[from] drain|[of] p1a: BARBER\n|move|p1a: BARBER|Crunch|p2a: Stem Cell\n|-supereffective|p2a: Stem Cell\n|-damage|p2a: Stem Cell|9\/100\n|\n|upkeep\n|turn|5\n|l| Ryno5311\n|\n|t:|1699233944\n|move|p2a: Stem Cell|Bug Buzz|p1a: BARBER\n|-damage|p1a: BARBER|29\/100\n|move|p1a: BARBER|Barb Barrage|p2a: Stem Cell\n|-damage|p2a: Stem Cell|0 fnt\n|faint|p2a: Stem Cell\n|\n|upkeep\n|\n|t:|1699233972\n|switch|p2a: Jingle|Klefki, F|100\/100\n|turn|6\n|\n|t:|1699233985\n|move|p2a: Jingle|Draining Kiss|p1a: BARBER\n|-damage|p1a: BARBER|13\/100\n|move|p1a: BARBER|Taunt|p2a: Jingle\n|-start|p2a: Jingle|move: Taunt\n|\n|upkeep\n|turn|7\n|\n|t:|1699233994\n|switch|p1a: MALASADA|Cresselia, F|100\/100\n|move|p2a: Jingle|Draining Kiss|p1a: MALASADA\n|-damage|p1a: MALASADA|87\/100\n|\n|upkeep\n|turn|8\n|j| alexwave55\n|\n|t:|1699234005\n|move|p2a: Jingle|Flash Cannon|p1a: MALASADA\n|-damage|p1a: MALASADA|69\/100\n|move|p1a: MALASADA|Calm Mind|p1a: MALASADA\n|-boost|p1a: MALASADA|spa|1\n|-boost|p1a: MALASADA|spd|1\n|\n|upkeep\n|turn|9\n|\n|t:|1699234013\n|move|p2a: Jingle|Flash Cannon|p1a: MALASADA\n|-damage|p1a: MALASADA|56\/100\n|move|p1a: MALASADA|Calm Mind|p1a: MALASADA\n|-boost|p1a: MALASADA|spa|1\n|-boost|p1a: MALASADA|spd|1\n|\n|-end|p2a: Jingle|move: Taunt\n|upkeep\n|turn|10\n|\n|t:|1699234022\n|move|p2a: Jingle|Flash Cannon|p1a: MALASADA\n|-damage|p1a: MALASADA|46\/100\n|-enditem|p1a: MALASADA|Sitrus Berry|[eat]\n|-heal|p1a: MALASADA|71\/100|[from] item: Sitrus Berry\n|move|p1a: MALASADA|Calm Mind|p1a: MALASADA\n|-boost|p1a: MALASADA|spa|1\n|-boost|p1a: MALASADA|spd|1\n|\n|upkeep\n|turn|11\n|\n|t:|1699234030\n|move|p2a: Jingle|Flash Cannon|p1a: MALASADA\n|-damage|p1a: MALASADA|63\/100\n|-unboost|p1a: MALASADA|spd|1\n|move|p1a: MALASADA|Calm Mind|p1a: MALASADA\n|-boost|p1a: MALASADA|spa|1\n|-boost|p1a: MALASADA|spd|1\n|\n|upkeep\n|turn|12\n|\n|t:|1699234054\n|switch|p2a: Aaron Burr|Chesnaught, M|100\/100\n|-status|p2a: Aaron Burr|tox\n|move|p1a: MALASADA|Moonlight|p1a: MALASADA\n|-heal|p1a: MALASADA|100\/100\n|\n|-damage|p2a: Aaron Burr|95\/100 tox|[from] psn\n|upkeep\n|turn|13\n|\n|t:|1699234071\n|move|p1a: MALASADA|Stored Power|p2a: Aaron Burr\n|-supereffective|p2a: Aaron Burr\n|-damage|p2a: Aaron Burr|0 fnt\n|faint|p2a: Aaron Burr\n|\n|upkeep\n|\n|t:|1699234081\n|switch|p2a: Abominus|Hydreigon, M|100\/100\n|turn|14\n|\n|t:|1699234091\n|move|p2a: Abominus|Dark Pulse|p1a: MALASADA\n|-supereffective|p1a: MALASADA\n|-damage|p1a: MALASADA|78\/100\n|move|p1a: MALASADA|Moonblast|p2a: Abominus\n|-supereffective|p2a: Abominus\n|-damage|p2a: Abominus|0 fnt\n|faint|p2a: Abominus\n|\n|upkeep\n|\n|t:|1699234104\n|switch|p2a: Fawkes|Moltres|100\/100\n|turn|15\n|\n|t:|1699234114\n|move|p2a: Fawkes|Hurricane|p1a: MALASADA\n|-damage|p1a: MALASADA|63\/100\n|move|p1a: MALASADA|Stored Power|p2a: Fawkes\n|-damage|p2a: Fawkes|0 fnt\n|faint|p2a: Fawkes\n|\n|upkeep\n|\n|t:|1699234121\n|switch|p2a: Spike|Sandy Shocks|100\/100\n|-status|p2a: Spike|tox\n|-enditem|p2a: Spike|Booster Energy\n|-activate|p2a: Spike|ability: Protosynthesis|[fromitem]\n|-start|p2a: Spike|protosynthesisspa\n|turn|16\n|\n|t:|1699234139\n|move|p2a: Spike|Earth Power|p1a: MALASADA\n|-immune|p1a: MALASADA|[from] ability: Levitate\n|move|p1a: MALASADA|Stored Power|p2a: Spike\n|-damage|p2a: Spike|0 fnt\n|faint|p2a: Spike\n|-end|p2a: Spike|Protosynthesis|[silent]\n|\n|upkeep\n|\n|t:|1699234146\n|switch|p2a: Jingle|Klefki, F|100\/100\n|turn|17\n|\n|t:|1699234153\n|-terastallize|p2a: Jingle|Water\n|move|p2a: Jingle|Tera Blast|p1a: MALASADA|[anim] Tera Blast Water\n|-damage|p1a: MALASADA|55\/100\n|move|p1a: MALASADA|Stored Power|p2a: Jingle\n|-damage|p2a: Jingle|0 fnt\n|faint|p2a: Jingle\n|\n|win|Nuwyrm\n|l| alexwave55\n|c|\u2606Nuwyrm|gg! I'll get the replay\n|l| FLOOR IT\n","uploadtime":1699234182,"views":6,"p1id":"nuwyrm","p2id":"thelocalonion","formatid":"gen9anythinggoes","rating":0,"private":0,"password":""}