{"id":"gen9anythinggoes-1989365786","p1":"Blade Z Knights","p2":"moneywizard","format":"[Gen 9] Anything Goes","log":"|j|\u2606Blade Z Knights\n|j|\u2606moneywizard\n|t:|1699841273\n|gametype|singles\n|player|p1|Blade Z Knights|giovanni|1274\n|player|p2|moneywizard|lance|1336\n|teamsize|p1|6\n|teamsize|p2|6\n|gen|9\n|tier|[Gen 9] Anything Goes\n|rated|\n|rule|HP Percentage Mod: HP is shown in percentages\n|rule|Endless Battle Clause: Forcing endless battles is banned\n|clearpoke\n|poke|p1|Calyrex-Shadow|\n|poke|p1|Palafin, F|\n|poke|p1|Glimmora, M|\n|poke|p1|Polteageist-Antique|\n|poke|p1|Dusclops, F|\n|poke|p1|Indeedee-F, F|\n|poke|p2|Grimmsnarl, M|\n|poke|p2|Talonflame, F|\n|poke|p2|Shaymin-Sky|\n|poke|p2|Calyrex-Shadow|\n|poke|p2|Zacian-*|\n|poke|p2|Kyogre|\n|teampreview\n|inactive|Battle timer is ON: inactive players will automatically lose when time's up. (requested by Blade Z Knights)\n|l|\u2606moneywizard\n|inactive|moneywizard disconnected and has a minute to reconnect!\n|player|p2|\n|j|\u2606moneywizard\n|inactive|moneywizard reconnected and has 120 seconds left.\n|player|p2|moneywizard|lance\n|\n|t:|1699841318\n|start\n|switch|p1a: Dusclops|Dusclops, F, shiny|100\/100\n|switch|p2a: Grimmsnarl|Grimmsnarl, M, shiny|100\/100\n|-ability|p1a: Dusclops|Pressure\n|turn|1\n|\n|t:|1699841327\n|move|p2a: Grimmsnarl|Taunt|p1a: Dusclops\n|-start|p1a: Dusclops|move: Taunt\n|cant|p1a: Dusclops|move: Taunt|Trick Room\n|\n|upkeep\n|turn|2\n|\n|t:|1699841341\n|switch|p1a: Palafin|Palafin, F|100\/100\n|move|p2a: Grimmsnarl|Reflect|p2a: Grimmsnarl\n|-sidestart|p2: moneywizard|Reflect\n|\n|upkeep\n|turn|3\n|\n|t:|1699841348\n|move|p2a: Grimmsnarl|Light Screen|p2a: Grimmsnarl\n|-sidestart|p2: moneywizard|move: Light Screen\n|move|p1a: Palafin|Flip Turn|p2a: Grimmsnarl\n|-damage|p2a: Grimmsnarl|85\/100\n|\n|t:|1699841356\n|detailschange|p1a: Palafin|Palafin-Hero, F\n|switch|p1a: Glimmora|Glimmora, M|100\/100|[from] Flip Turn\n|\n|upkeep\n|turn|4\n|\n|t:|1699841363\n|move|p2a: Grimmsnarl|Taunt|p1a: Glimmora\n|-start|p1a: Glimmora|move: Taunt\n|move|p1a: Glimmora|Mortal Spin|p2a: Grimmsnarl\n|-supereffective|p2a: Grimmsnarl\n|-damage|p2a: Grimmsnarl|79\/100\n|-status|p2a: Grimmsnarl|psn\n|\n|-damage|p2a: Grimmsnarl|67\/100 psn|[from] psn\n|upkeep\n|turn|5\n|\n|t:|1699841374\n|move|p2a: Grimmsnarl|Parting Shot|p1a: Glimmora\n|-unboost|p1a: Glimmora|atk|1\n|-unboost|p1a: Glimmora|spa|1\n|\n|t:|1699841384\n|switch|p2a: Calyrex|Calyrex-Shadow|100\/100|[from] Parting Shot\n|-ability|p2a: Calyrex|As One\n|-ability|p2a: Calyrex|Unnerve\n|move|p1a: Glimmora|Sludge Wave|p2a: Calyrex\n|-resisted|p2a: Calyrex\n|-damage|p2a: Calyrex|94\/100\n|\n|upkeep\n|turn|6\n|\n|t:|1699841399\n|move|p2a: Calyrex|Calm Mind|p2a: Calyrex\n|-boost|p2a: Calyrex|spa|1\n|-boost|p2a: Calyrex|spd|1\n|move|p1a: Glimmora|Mortal Spin|p2a: Calyrex\n|-resisted|p2a: Calyrex\n|-damage|p2a: Calyrex|93\/100\n|-status|p2a: Calyrex|psn\n|\n|-damage|p2a: Calyrex|81\/100 psn|[from] psn\n|-end|p1a: Glimmora|move: Taunt\n|upkeep\n|turn|7\n|\n|t:|1699841419\n|move|p2a: Calyrex|Calm Mind|p2a: Calyrex\n|-boost|p2a: Calyrex|spa|1\n|-boost|p2a: Calyrex|spd|1\n|move|p1a: Glimmora|Flash Cannon|p2a: Calyrex\n|-damage|p2a: Calyrex|77\/100 psn\n|\n|-damage|p2a: Calyrex|65\/100 psn|[from] psn\n|upkeep\n|turn|8\n|\n|t:|1699841432\n|switch|p1a: Dusclops|Dusclops, F, shiny|100\/100\n|-ability|p1a: Dusclops|Pressure\n|move|p2a: Calyrex|Calm Mind|p2a: Calyrex\n|-boost|p2a: Calyrex|spa|1\n|-boost|p2a: Calyrex|spd|1\n|\n|-damage|p2a: Calyrex|52\/100 psn|[from] psn\n|upkeep\n|turn|9\n|inactive|Blade Z Knights has 120 seconds left.\n|\n|t:|1699841455\n|-terastallize|p2a: Calyrex|Normal\n|-terastallize|p1a: Dusclops|Dark\n|move|p2a: Calyrex|Draining Kiss|p1a: Dusclops\n|-supereffective|p1a: Dusclops\n|-damage|p1a: Dusclops|55\/100\n|-heal|p2a: Calyrex|76\/100 psn|[from] drain|[of] p1a: Dusclops\n|move|p1a: Dusclops|Trick Room|p1a: Dusclops\n|-fieldstart|move: Trick Room|[of] p1a: Dusclops\n|\n|-damage|p2a: Calyrex|64\/100 psn|[from] psn\n|-sideend|p2: moneywizard|Reflect\n|upkeep\n|turn|10\n|inactive|Blade Z Knights has 120 seconds left.\n|\n|t:|1699841473\n|move|p1a: Dusclops|Night Shade|p2a: Calyrex\n|-immune|p2a: Calyrex\n|move|p2a: Calyrex|Draining Kiss|p1a: Dusclops\n|-supereffective|p1a: Dusclops\n|-damage|p1a: Dusclops|12\/100\n|-heal|p2a: Calyrex|87\/100 psn|[from] drain|[of] p1a: Dusclops\n|\n|-damage|p2a: Calyrex|75\/100 psn|[from] psn\n|-sideend|p2: moneywizard|move: Light Screen\n|upkeep\n|turn|11\n|inactive|Blade Z Knights has 120 seconds left.\n|\n|t:|1699841484\n|move|p1a: Dusclops|Pain Split|p2a: Calyrex\n|-sethp|p2a: Calyrex|41\/100 psn|[from] move: Pain Split|[silent]\n|-sethp|p1a: Dusclops|59\/100|[from] move: Pain Split\n|move|p2a: Calyrex|Draining Kiss|p1a: Dusclops\n|-supereffective|p1a: Dusclops\n|-damage|p1a: Dusclops|14\/100\n|-heal|p2a: Calyrex|65\/100 psn|[from] drain|[of] p1a: Dusclops\n|\n|-damage|p2a: Calyrex|52\/100 psn|[from] psn\n|upkeep\n|turn|12\n|inactive|Blade Z Knights has 120 seconds left.\n|\n|t:|1699841495\n|move|p1a: Dusclops|Pain Split|p2a: Calyrex\n|-sethp|p2a: Calyrex|31\/100 psn|[from] move: Pain Split|[silent]\n|-sethp|p1a: Dusclops|44\/100|[from] move: Pain Split\n|move|p2a: Calyrex|Draining Kiss|p1a: Dusclops\n|-supereffective|p1a: Dusclops\n|-damage|p1a: Dusclops|0 fnt\n|-heal|p2a: Calyrex|54\/100 psn|[from] drain|[of] p1a: Dusclops\n|faint|p1a: Dusclops\n|-ability|p2a: Calyrex|Grim Neigh|boost\n|-boost|p2a: Calyrex|spa|1\n|\n|-damage|p2a: Calyrex|42\/100 psn|[from] psn\n|upkeep\n|inactive|Blade Z Knights has 120 seconds left.\n|\n|t:|1699841509\n|switch|p1a: Glimmora|Glimmora, M|100\/100\n|turn|13\n|\n|t:|1699841516\n|move|p1a: Glimmora|Sludge Wave|p2a: Calyrex\n|-damage|p2a: Calyrex|25\/100 psn\n|move|p2a: Calyrex|Baton Pass|p2a: Calyrex\n|\n|t:|1699841530\n|switch|p2a: Shaymin|Shaymin-Sky, shiny|100\/100|[from] Baton Pass\n|\n|-fieldend|move: Trick Room\n|upkeep\n|turn|14\n|\n|t:|1699841548\n|move|p2a: Shaymin|Air Slash|p1a: Glimmora\n|-resisted|p1a: Glimmora\n|-damage|p1a: Glimmora|30\/100\n|move|p1a: Glimmora|Mortal Spin|p2a: Shaymin\n|-supereffective|p2a: Shaymin\n|-damage|p2a: Shaymin|87\/100\n|-status|p2a: Shaymin|psn\n|\n|-damage|p2a: Shaymin|75\/100 psn|[from] psn\n|upkeep\n|turn|15\n|\n|t:|1699841559\n|move|p2a: Shaymin|Air Slash|p1a: Glimmora\n|-resisted|p1a: Glimmora\n|-damage|p1a: Glimmora|0 fnt\n|faint|p1a: Glimmora\n|\n|-damage|p2a: Shaymin|62\/100 psn|[from] psn\n|upkeep\n|\n|t:|1699841569\n|switch|p1a: Indeedee|Indeedee-F, F|100\/100\n|-fieldstart|move: Psychic Terrain|[from] ability: Psychic Surge|[of] p1a: Indeedee\n|turn|16\n|l|\u2606moneywizard\n|inactive|moneywizard disconnected and has a minute to reconnect!\n|player|p2|\n|inactive|moneywizard has 30 seconds to reconnect!\n|inactive|moneywizard has 20 seconds to reconnect!\n|inactive|moneywizard has 15 seconds to reconnect!\n|inactive|moneywizard has 10 seconds to reconnect!\n|inactive|moneywizard has 5 seconds to reconnect!\n|j|\u2606moneywizard\n|inactive|moneywizard reconnected and has 75 seconds left.\n|player|p2|moneywizard|lance\n|\n|t:|1699841648\n|move|p2a: Shaymin|Leech Seed|p1a: Indeedee|[miss]\n|-miss|p2a: Shaymin|p1a: Indeedee\n|move|p1a: Indeedee|Reflect|p1a: Indeedee\n|-sidestart|p1: Blade Z Knights|Reflect\n|\n|-damage|p2a: Shaymin|50\/100 psn|[from] psn\n|upkeep\n|turn|17\n|\n|t:|1699841660\n|move|p2a: Shaymin|Leech Seed|p1a: Indeedee\n|-start|p1a: Indeedee|move: Leech Seed\n|move|p1a: Indeedee|Calm Mind|p1a: Indeedee\n|-boost|p1a: Indeedee|spa|1\n|-boost|p1a: Indeedee|spd|1\n|\n|-damage|p1a: Indeedee|88\/100|[from] Leech Seed|[of] p2a: Shaymin\n|-heal|p2a: Shaymin|59\/100 psn|[silent]\n|-damage|p2a: Shaymin|47\/100 psn|[from] psn\n|upkeep\n|turn|18\n|\n|t:|1699841673\n|move|p2a: Shaymin|Seed Flare|p1a: Indeedee\n|-crit|p1a: Indeedee\n|-damage|p1a: Indeedee|0 fnt\n|faint|p1a: Indeedee\n|\n|-damage|p2a: Shaymin|34\/100 psn|[from] psn\n|upkeep\n|\n|t:|1699841684\n|switch|p1a: Polteageist|Polteageist-Antique|100\/100\n|turn|19\n|\n|t:|1699841692\n|move|p2a: Shaymin|Seed Flare|p1a: Polteageist\n|-enditem|p1a: Polteageist|Focus Sash\n|-damage|p1a: Polteageist|1\/100\n|-unboost|p1a: Polteageist|spd|2\n|move|p1a: Polteageist|Shell Smash|p1a: Polteageist\n|-unboost|p1a: Polteageist|def|1\n|-unboost|p1a: Polteageist|spd|1\n|-boost|p1a: Polteageist|atk|2\n|-boost|p1a: Polteageist|spa|2\n|-boost|p1a: Polteageist|spe|2\n|\n|-damage|p2a: Shaymin|22\/100 psn|[from] psn\n|upkeep\n|turn|20\n|inactive|moneywizard has 90 seconds left.\n|\n|t:|1699841706\n|move|p1a: Polteageist|Stored Power|p2a: Shaymin\n|-damage|p2a: Shaymin|0 fnt\n|faint|p2a: Shaymin\n|\n|-sideend|p1: Blade Z Knights|Reflect\n|upkeep\n|\n|t:|1699841712\n|switch|p2a: Grimmsnarl|Grimmsnarl, M, shiny|67\/100 psn\n|turn|21\n|inactive|moneywizard has 90 seconds left.\n|\n|t:|1699841732\n|move|p2a: Grimmsnarl|Light Screen|p2a: Grimmsnarl\n|-sidestart|p2: moneywizard|move: Light Screen\n|move|p1a: Polteageist|Tera Blast|p2a: Grimmsnarl\n|-damage|p2a: Grimmsnarl|41\/100 psn\n|\n|-damage|p2a: Grimmsnarl|28\/100 psn|[from] psn\n|upkeep\n|turn|22\n|inactive|moneywizard has 90 seconds left.\n|\n|t:|1699841754\n|move|p2a: Grimmsnarl|Parting Shot|p1a: Polteageist\n|-activate|p1a: Polteageist|move: Psychic Terrain\n|move|p1a: Polteageist|Shadow Ball|p2a: Grimmsnarl\n|-resisted|p2a: Grimmsnarl\n|-damage|p2a: Grimmsnarl|8\/100 psn\n|\n|-damage|p2a: Grimmsnarl|0 fnt|[from] psn\n|faint|p2a: Grimmsnarl\n|upkeep\n|\n|t:|1699841765\n|switch|p2a: Calyrex|Calyrex-Shadow, tera:Normal|25\/100 psn\n|-ability|p2a: Calyrex|As One\n|-ability|p2a: Calyrex|Unnerve\n|turn|23\n|\n|t:|1699841773\n|move|p1a: Polteageist|Stored Power|p2a: Calyrex\n|-damage|p2a: Calyrex|0 fnt\n|faint|p2a: Calyrex\n|\n|-fieldend|move: Psychic Terrain\n|upkeep\n|\n|t:|1699841782\n|switch|p2a: Kyogre|Kyogre, shiny|100\/100\n|-weather|RainDance|[from] ability: Drizzle|[of] p2a: Kyogre\n|turn|24\n|\n|t:|1699841789\n|move|p1a: Polteageist|Stored Power|p2a: Kyogre\n|-damage|p2a: Kyogre|80\/100\n|move|p2a: Kyogre|Ancient Power|p1a: Polteageist\n|-damage|p1a: Polteageist|0 fnt\n|faint|p1a: Polteageist\n|\n|-weather|RainDance|[upkeep]\n|upkeep\n|\n|t:|1699841802\n|switch|p1a: Palafin|Palafin-Hero, F|100\/100\n|-activate|p1a: Palafin|ability: Zero to Hero\n|turn|25\n|inactive|moneywizard has 90 seconds left.\n|\n|t:|1699841808\n|move|p1a: Palafin|Jet Punch|p2a: Kyogre\n|-resisted|p2a: Kyogre\n|-damage|p2a: Kyogre|55\/100\n|move|p2a: Kyogre|Thunder|p1a: Palafin\n|-supereffective|p1a: Palafin\n|-damage|p1a: Palafin|25\/100\n|-status|p1a: Palafin|par\n|\n|-weather|RainDance|[upkeep]\n|upkeep\n|turn|26\n|inactive|moneywizard has 90 seconds left.\n|\n|t:|1699841818\n|move|p1a: Palafin|Jet Punch|p2a: Kyogre\n|-resisted|p2a: Kyogre\n|-damage|p2a: Kyogre|30\/100\n|move|p2a: Kyogre|Thunder|p1a: Palafin\n|-supereffective|p1a: Palafin\n|-damage|p1a: Palafin|0 fnt\n|faint|p1a: Palafin\n|\n|-weather|RainDance|[upkeep]\n|upkeep\n|\n|t:|1699841828\n|switch|p1a: Calyrex|Calyrex-Shadow|100\/100\n|-ability|p1a: Calyrex|As One\n|-ability|p1a: Calyrex|Unnerve\n|turn|27\n|\n|t:|1699841838\n|move|p1a: Calyrex|Nasty Plot|p1a: Calyrex\n|-boost|p1a: Calyrex|spa|2\n|move|p2a: Kyogre|Origin Pulse|p1a: Calyrex\n|-damage|p1a: Calyrex|13\/100\n|\n|-weather|RainDance|[upkeep]\n|upkeep\n|turn|28\n|\n|t:|1699841847\n|move|p1a: Calyrex|Astral Barrage|p2a: Kyogre\n|-damage|p2a: Kyogre|0 fnt\n|faint|p2a: Kyogre\n|-ability|p1a: Calyrex|Grim Neigh|boost\n|-boost|p1a: Calyrex|spa|1\n|\n|-weather|none\n|-sideend|p2: moneywizard|move: Light Screen\n|upkeep\n|\n|t:|1699841856\n|switch|p2a: Zacian|Zacian-Crowned, shiny|100\/100\n|-ability|p2a: Zacian|Intrepid Sword|boost\n|-boost|p2a: Zacian|atk|1\n|turn|29\n|\n|t:|1699841861\n|move|p1a: Calyrex|Astral Barrage|p2a: Zacian\n|-damage|p2a: Zacian|0 fnt\n|faint|p2a: Zacian\n|-ability|p1a: Calyrex|Grim Neigh|boost\n|-boost|p1a: Calyrex|spa|1\n|\n|upkeep\n|\n|t:|1699841874\n|switch|p2a: Talonflame|Talonflame, F, shiny|100\/100\n|turn|30\n|\n|t:|1699841881\n|move|p1a: Calyrex|Astral Barrage|p2a: Talonflame\n|-damage|p2a: Talonflame|0 fnt\n|faint|p2a: Talonflame\n|\n|win|Blade Z Knights\n|raw|Blade Z Knights's rating: 1274 &rarr; <strong>1303<\/strong><br \/>(+29 for winning)\n|raw|moneywizard's rating: 1336 &rarr; <strong>1312<\/strong><br \/>(-24 for losing)\n|c|\u2606Blade Z Knights|Gg\n|l|\u2606moneywizard\n","uploadtime":1699841899,"views":4,"p1id":"bladezknights","p2id":"moneywizard","formatid":"gen9anythinggoes","rating":1303,"private":0,"password":""}