{"id":"gen9anythinggoes-1992005718","p1":"ClappisYappis","p2":"chill man29","format":"[Gen 9] Anything Goes","log":"|j|\u2606ClappisYappis\n|j|\u2606chill man29\n|t:|1700147061\n|gametype|singles\n|player|p1|ClappisYappis|riley|1195\n|player|p2|chill man29|li|1137\n|teamsize|p1|6\n|teamsize|p2|6\n|gen|9\n|tier|[Gen 9] Anything Goes\n|rated|\n|rule|HP Percentage Mod: HP is shown in percentages\n|rule|Endless Battle Clause: Forcing endless battles is banned\n|clearpoke\n|poke|p1|Maushold-Four|\n|poke|p1|Flutter Mane|\n|poke|p1|Miraidon|\n|poke|p1|Rabsca, M|\n|poke|p1|Garganacl, F|\n|poke|p1|Houndstone, M|\n|poke|p2|Calyrex-Shadow|\n|poke|p2|Goodra-Hisui, M|\n|poke|p2|Ogerpon-Cornerstone, F|\n|poke|p2|Cinderace, F|\n|poke|p2|Fezandipiti, M|\n|poke|p2|Hatterene, F|\n|teampreview\n|\n|t:|1700147103\n|start\n|switch|p1a: DeMarco|Miraidon|100\/100\n|switch|p2a: Hatterene|Hatterene, F, shiny|100\/100\n|-fieldstart|move: Electric Terrain|[from] ability: Hadron Engine|[of] p1a: DeMarco\n|turn|1\n|\n|t:|1700147110\n|-terastallize|p1a: DeMarco|Electric\n|move|p1a: DeMarco|Electro Drift|p2a: Hatterene\n|-enditem|p2a: Hatterene|Focus Sash\n|-damage|p2a: Hatterene|1\/100\n|move|p2a: Hatterene|Trick Room|p2a: Hatterene\n|-fieldstart|move: Trick Room|[of] p2a: Hatterene\n|\n|upkeep\n|turn|2\n|\n|t:|1700147119\n|switch|p1a: SSSReplacement|Garganacl, F, shiny|100\/100\n|move|p2a: Hatterene|Reflect|p2a: Hatterene\n|-sidestart|p2: chill man29|Reflect\n|\n|upkeep\n|turn|3\n|\n|t:|1700147124\n|move|p2a: Hatterene|Psyshock|p1a: SSSReplacement\n|-damage|p1a: SSSReplacement|72\/100\n|move|p1a: SSSReplacement|Iron Defense|p1a: SSSReplacement\n|-boost|p1a: SSSReplacement|def|2\n|\n|-heal|p1a: SSSReplacement|78\/100|[from] item: Leftovers\n|upkeep\n|turn|4\n|\n|t:|1700147135\n|move|p2a: Hatterene|Psyshock|p1a: SSSReplacement\n|-damage|p1a: SSSReplacement|64\/100\n|move|p1a: SSSReplacement|Iron Defense|p1a: SSSReplacement\n|-boost|p1a: SSSReplacement|def|2\n|\n|-heal|p1a: SSSReplacement|70\/100|[from] item: Leftovers\n|upkeep\n|turn|5\n|\n|t:|1700147147\n|switch|p2a: Fezandipiti|Fezandipiti, M|100\/100\n|move|p1a: SSSReplacement|Recover|p1a: SSSReplacement\n|-heal|p1a: SSSReplacement|100\/100\n|\n|-fieldend|move: Trick Room\n|-fieldend|move: Electric Terrain\n|upkeep\n|turn|6\n|\n|t:|1700147155\n|move|p2a: Fezandipiti|Brave Bird|p1a: SSSReplacement\n|-resisted|p1a: SSSReplacement\n|-damage|p1a: SSSReplacement|97\/100\n|-damage|p2a: Fezandipiti|99\/100|[from] Recoil\n|move|p1a: SSSReplacement|Salt Cure|p2a: Fezandipiti\n|-damage|p2a: Fezandipiti|91\/100\n|-start|p2a: Fezandipiti|Salt Cure\n|\n|-heal|p1a: SSSReplacement|100\/100|[from] item: Leftovers\n|-damage|p2a: Fezandipiti|78\/100|[from] Salt Cure\n|-sideend|p2: chill man29|Reflect\n|upkeep\n|turn|7\n|l|\u2606chill man29\n|player|p2|\n|inactive|Battle timer is ON: inactive players will automatically lose when time's up. (requested by ClappisYappis)\n|inactive|chill man29 has 30 seconds to reconnect!\n|inactive|chill man29 has 20 seconds to reconnect!\n|inactive|chill man29 has 15 seconds to reconnect!\n|inactive|chill man29 has 10 seconds to reconnect!\n|inactive|chill man29 has 5 seconds to reconnect!\n|-message|chill man29 lost due to inactivity.\n|\n|win|ClappisYappis\n|raw|ClappisYappis's rating: 1195 &rarr; <strong>1216<\/strong><br \/>(+21 for winning)\n|raw|chill man29's rating: 1137 &rarr; <strong>1116<\/strong><br \/>(-21 for losing)\n","uploadtime":1700147295,"views":4,"p1id":"clappisyappis","p2id":"chillman29","formatid":"gen9anythinggoes","rating":1116,"private":0,"password":""}