{"id":"gen9anythinggoes-1974948865","p1":"RubinKraecker14","p2":"632146P","format":"[Gen 9] Anything Goes","log":"|j|\u2606RubinKraecker14\n|j|\u2606632146P\n|t:|1698148341\n|gametype|singles\n|player|p1|RubinKraecker14|ghetsis-gen5bw|1251\n|player|p2|632146P|ultraforestkartenvoy|1362\n|teamsize|p1|6\n|teamsize|p2|6\n|gen|9\n|tier|[Gen 9] Anything Goes\n|rated|\n|rule|HP Percentage Mod: HP is shown in percentages\n|rule|Endless Battle Clause: Forcing endless battles is banned\n|clearpoke\n|poke|p1|Kommo-o, M|\n|poke|p1|Espathra, M|\n|poke|p1|Ursaluna-Bloodmoon, M|\n|poke|p1|Magearna|\n|poke|p1|Arceus|\n|poke|p1|Lurantis, M|\n|poke|p2|Zacian-*|\n|poke|p2|Ribombee, F|\n|poke|p2|Chi-Yu|\n|poke|p2|Rayquaza|\n|poke|p2|Calyrex-Shadow|\n|poke|p2|Groudon|\n|teampreview\n|inactive|Battle timer is ON: inactive players will automatically lose when time's up. (requested by RubinKraecker14)\n|j| Repeater211\n|\n|t:|1698148367\n|start\n|switch|p1a: Espathra|Espathra, M, shiny|100\/100\n|switch|p2a: Ribombee|Ribombee, F|100\/100\n|turn|1\n|\n|t:|1698148381\n|move|p2a: Ribombee|Stun Spore|p1a: Espathra\n|-status|p1a: Espathra|par\n|move|p1a: Espathra|Calm Mind|p1a: Espathra\n|-boost|p1a: Espathra|spa|1\n|-boost|p1a: Espathra|spd|1\n|\n|-ability|p1a: Espathra|Speed Boost|boost\n|-boost|p1a: Espathra|spe|1\n|upkeep\n|turn|2\n|\n|t:|1698148395\n|move|p2a: Ribombee|Sticky Web|p1a: Espathra\n|-sidestart|p1: RubinKraecker14|move: Sticky Web\n|move|p1a: Espathra|Calm Mind|p1a: Espathra\n|-boost|p1a: Espathra|spa|1\n|-boost|p1a: Espathra|spd|1\n|\n|-ability|p1a: Espathra|Speed Boost|boost\n|-boost|p1a: Espathra|spe|1\n|upkeep\n|turn|3\n|\n|t:|1698148414\n|switch|p2a: Calyrex|Calyrex-Shadow|100\/100\n|-ability|p2a: Calyrex|As One\n|-ability|p2a: Calyrex|Unnerve\n|move|p1a: Espathra|Calm Mind|p1a: Espathra\n|-boost|p1a: Espathra|spa|1\n|-boost|p1a: Espathra|spd|1\n|\n|-ability|p1a: Espathra|Speed Boost|boost\n|-boost|p1a: Espathra|spe|1\n|upkeep\n|turn|4\n|\n|t:|1698148431\n|-terastallize|p1a: Espathra|Normal\n|move|p2a: Calyrex|Astral Barrage|p1a: Espathra\n|-immune|p1a: Espathra\n|move|p1a: Espathra|Calm Mind|p1a: Espathra\n|-boost|p1a: Espathra|spa|1\n|-boost|p1a: Espathra|spd|1\n|\n|-ability|p1a: Espathra|Speed Boost|boost\n|-boost|p1a: Espathra|spe|1\n|upkeep\n|turn|5\n|\n|t:|1698148446\n|move|p1a: Espathra|Calm Mind|p1a: Espathra\n|-boost|p1a: Espathra|spa|1\n|-boost|p1a: Espathra|spd|1\n|move|p2a: Calyrex|Psyshock|p1a: Espathra\n|-damage|p1a: Espathra|22\/100 par\n|\n|-heal|p1a: Espathra|29\/100 par|[from] item: Leftovers\n|-ability|p1a: Espathra|Speed Boost|boost\n|-boost|p1a: Espathra|spe|1\n|upkeep\n|turn|6\n|\n|t:|1698148460\n|cant|p1a: Espathra|par\n|move|p2a: Calyrex|Psyshock|p1a: Espathra\n|-damage|p1a: Espathra|0 fnt\n|faint|p1a: Espathra\n|-ability|p2a: Calyrex|Grim Neigh|boost\n|-boost|p2a: Calyrex|spa|1\n|\n|upkeep\n|-message|RubinKraecker14 forfeited.\n|\n|win|632146P\n|raw|RubinKraecker14's rating: 1251 &rarr; <strong>1234<\/strong><br \/>(-17 for losing)\n|raw|632146P's rating: 1362 &rarr; <strong>1376<\/strong><br \/>(+14 for winning)\n|l|\u2606RubinKraecker14\n","uploadtime":1698148485,"views":14,"p1id":"rubinkraecker14","p2id":"632146p","formatid":"gen9anythinggoes","rating":1234,"private":0,"password":""}