{"id":"gen9anythinggoes-1999094909","p1":"rotombug","p2":"Murota","format":"[Gen 9] Anything Goes","log":"|j|\u2606rotombug\n|j|\u2606Murota\n|t:|1701032581\n|gametype|singles\n|player|p1|rotombug|266|\n|player|p2|Murota|ballguy|\n|teamsize|p1|6\n|teamsize|p2|6\n|gen|9\n|tier|[Gen 9] Anything Goes\n|rule|HP Percentage Mod: HP is shown in percentages\n|rule|Endless Battle Clause: Forcing endless battles is banned\n|clearpoke\n|poke|p1|Rotom|\n|poke|p1|Rotom-Fan|\n|poke|p1|Rotom-Frost|\n|poke|p1|Rotom-Heat|\n|poke|p1|Rotom-Mow|\n|poke|p1|Rotom-Wash|\n|poke|p2|Lucario, M|\n|poke|p2|Lucario, F|\n|poke|p2|Lucario, M|\n|poke|p2|Lucario, M|\n|poke|p2|Lucario, M|\n|poke|p2|Lucario, M|\n|teampreview\n|inactive|Battle timer is ON: inactive players will automatically lose when time's up. (requested by Murota)\n|inactive|rotombug has 270 seconds left.\n|\n|t:|1701032626\n|start\n|switch|p1a: Rotom|Rotom-Frost|100\/100\n|switch|p2a: Lulu<3|Lucario, M|100\/100\n|turn|1\n|\n|t:|1701032648\n|move|p1a: Rotom|Discharge|p2a: Lulu<3\n|-damage|p2a: Lulu<3|39\/100\n|move|p2a: Lulu<3|Swords Dance|p2a: Lulu<3\n|-boost|p2a: Lulu<3|atk|2\n|\n|upkeep\n|turn|2\n|\n|t:|1701032656\n|move|p2a: Lulu<3|Extreme Speed|p1a: Rotom\n|-damage|p1a: Rotom|30\/100\n|move|p1a: Rotom|Discharge|p2a: Lulu<3\n|-damage|p2a: Lulu<3|0 fnt\n|faint|p2a: Lulu<3\n|\n|upkeep\n|\n|t:|1701032663\n|switch|p2a: Gold|Lucario, F, shiny|100\/100\n|turn|3\n|\n|t:|1701032675\n|move|p2a: Gold|Extreme Speed|p1a: Rotom\n|-damage|p1a: Rotom|0 fnt\n|faint|p1a: Rotom\n|\n|upkeep\n|\n|t:|1701032688\n|switch|p1a: Rotom|Rotom|100\/100\n|turn|4\n|\n|t:|1701032697\n|switch|p2a: Goat|Lucario, M|100\/100\n|move|p1a: Rotom|Will-O-Wisp|p2a: Goat|[miss]\n|-miss|p1a: Rotom|p2a: Goat\n|\n|upkeep\n|turn|5\n|\n|t:|1701032706\n|switch|p1a: Rotom|Rotom-Heat|100\/100\n|move|p2a: Goat|Shadow Ball|p1a: Rotom\n|-damage|p1a: Rotom|65\/100\n|\n|upkeep\n|turn|6\n|\n|t:|1701032716\n|move|p1a: Rotom|Overheat|p2a: Goat|[miss]\n|-miss|p1a: Rotom|p2a: Goat\n|move|p2a: Goat|Shadow Ball|p1a: Rotom\n|-damage|p1a: Rotom|33\/100\n|-unboost|p1a: Rotom|spd|1\n|\n|upkeep\n|turn|7\n|\n|t:|1701032727\n|move|p1a: Rotom|Overheat|p2a: Goat\n|-supereffective|p2a: Goat\n|-damage|p2a: Goat|0 fnt\n|-unboost|p1a: Rotom|spa|2\n|faint|p2a: Goat\n|\n|upkeep\n|\n|t:|1701032737\n|switch|p2a: Sonic|Lucario, M|100\/100\n|turn|8\n|\n|t:|1701032754\n|move|p2a: Sonic|Shadow Ball|p1a: Rotom\n|-damage|p1a: Rotom|0 fnt\n|faint|p1a: Rotom\n|\n|upkeep\n|\n|t:|1701032767\n|switch|p1a: Rotom|Rotom-Fan|100\/100\n|turn|9\n|\n|t:|1701032786\n|move|p2a: Sonic|Shadow Ball|p1a: Rotom\n|-damage|p1a: Rotom|66\/100\n|move|p1a: Rotom|Air Slash|p2a: Sonic\n|-damage|p2a: Sonic|50\/100\n|\n|upkeep\n|turn|10\n|\n|t:|1701032795\n|move|p2a: Sonic|Shadow Ball|p1a: Rotom\n|-damage|p1a: Rotom|30\/100\n|move|p1a: Rotom|Rain Dance|p1a: Rotom\n|-weather|RainDance\n|\n|-weather|RainDance|[upkeep]\n|upkeep\n|turn|11\n|\n|t:|1701032804\n|move|p2a: Sonic|Shadow Ball|p1a: Rotom\n|-damage|p1a: Rotom|0 fnt\n|faint|p1a: Rotom\n|\n|-weather|RainDance|[upkeep]\n|upkeep\n|\n|t:|1701032812\n|switch|p1a: Rotom|Rotom-Wash|100\/100\n|turn|12\n|\n|t:|1701032823\n|move|p2a: Sonic|Shadow Ball|p1a: Rotom\n|-damage|p1a: Rotom|66\/100\n|move|p1a: Rotom|Thunder|p2a: Sonic\n|-damage|p2a: Sonic|0 fnt\n|faint|p2a: Sonic\n|\n|-weather|RainDance|[upkeep]\n|-heal|p1a: Rotom|72\/100|[from] item: Leftovers\n|upkeep\n|\n|t:|1701032835\n|switch|p2a: Sheee|Lucario, M|100\/100\n|turn|13\n|\n|t:|1701032841\n|move|p1a: Rotom|Hydro Pump|p2a: Sheee\n|-enditem|p2a: Sheee|Focus Sash\n|-damage|p2a: Sheee|1\/100\n|move|p2a: Sheee|Swords Dance|p2a: Sheee\n|-boost|p2a: Sheee|atk|2\n|\n|-weather|RainDance|[upkeep]\n|-heal|p1a: Rotom|79\/100|[from] item: Leftovers\n|upkeep\n|turn|14\n|\n|t:|1701032850\n|move|p2a: Sheee|Extreme Speed|p1a: Rotom\n|-damage|p1a: Rotom|8\/100\n|move|p1a: Rotom|Thunder|p2a: Sheee\n|-damage|p2a: Sheee|0 fnt\n|faint|p2a: Sheee\n|\n|-weather|none\n|-heal|p1a: Rotom|14\/100|[from] item: Leftovers\n|upkeep\n|\n|t:|1701032856\n|switch|p2a: Gold|Lucario, F, shiny|100\/100\n|turn|15\n|\n|t:|1701032864\n|move|p2a: Gold|Extreme Speed|p1a: Rotom\n|-damage|p1a: Rotom|0 fnt\n|faint|p1a: Rotom\n|\n|upkeep\n|\n|t:|1701032872\n|switch|p1a: Rotom|Rotom|100\/100\n|turn|16\n|\n|t:|1701032876\n|switch|p2a: Fioufiou|Lucario, M|100\/100\n|move|p1a: Rotom|Will-O-Wisp|p2a: Fioufiou|[miss]\n|-miss|p1a: Rotom|p2a: Fioufiou\n|\n|upkeep\n|turn|17\n|\n|t:|1701032884\n|move|p1a: Rotom|Light Screen|p1a: Rotom\n|-sidestart|p1: rotombug|move: Light Screen\n|move|p2a: Fioufiou|Dark Pulse|p1a: Rotom\n|-supereffective|p1a: Rotom\n|-damage|p1a: Rotom|31\/100\n|\n|-heal|p1a: Rotom|37\/100|[from] item: Leftovers\n|upkeep\n|turn|18\n|\n|t:|1701032896\n|switch|p1a: Rotom|Rotom-Mow|100\/100\n|switch|p2a: Gold|Lucario, F, shiny|100\/100\n|\n|upkeep\n|turn|19\n|\n|t:|1701032911\n|move|p1a: Rotom|Trick|p2a: Gold\n|-activate|p1a: Rotom|move: Trick|[of] p2a: Gold\n|-item|p2a: Gold|Choice Specs|[from] move: Trick\n|-item|p1a: Rotom|Choice Band|[from] move: Trick\n|move|p2a: Gold|Ice Punch|p1a: Rotom\n|-supereffective|p1a: Rotom\n|-damage|p1a: Rotom|39\/100\n|\n|upkeep\n|turn|20\n|c|\u2606Murota|Bye bye\n|\n|t:|1701032922\n|move|p1a: Rotom|Leaf Storm|p2a: Gold\n|-resisted|p2a: Gold\n|-damage|p2a: Gold|57\/100\n|-unboost|p1a: Rotom|spa|2\n|move|p2a: Gold|Ice Punch|p1a: Rotom\n|-supereffective|p1a: Rotom\n|-damage|p1a: Rotom|0 fnt\n|faint|p1a: Rotom\n|\n|upkeep\n|inactive|rotombug has 270 seconds left.\n|l|\u2606rotombug\n|inactive|rotombug disconnected and has 300 seconds to reconnect!\n|player|p1|\n|inactive|rotombug has 270 seconds to reconnect!\n|inactive|rotombug has 240 seconds to reconnect!\n|inactive|rotombug has 210 seconds to reconnect!\n|inactive|rotombug has 180 seconds to reconnect!\n|inactive|rotombug has 150 seconds to reconnect!\n|inactive|rotombug has 120 seconds to reconnect!\n|inactive|rotombug has 90 seconds to reconnect!\n|inactive|rotombug has 60 seconds to reconnect!\n|inactive|rotombug has 30 seconds to reconnect!\n|inactive|rotombug has 20 seconds to reconnect!\n|inactive|rotombug has 15 seconds to reconnect!\n|inactive|rotombug has 10 seconds to reconnect!\n|inactive|rotombug has 5 seconds to reconnect!\n|-message|rotombug lost due to inactivity.\n|\n|win|Murota\n","uploadtime":1701033257,"views":0,"p1id":"rotombug","p2id":"murota","formatid":"gen9anythinggoes","rating":0,"private":0,"password":""}