{"id":"gen9anythinggoes-1989329977","p1":"JokeTeamMaker","p2":"The Gonox 26","format":"[Gen 9] Anything Goes","log":"|j|\u2606JokeTeamMaker\n|j|\u2606The Gonox 26\n|t:|1699837094\n|gametype|singles\n|player|p1|JokeTeamMaker|maid|1092\n|player|p2|The Gonox 26|169|1000\n|teamsize|p1|6\n|teamsize|p2|6\n|gen|9\n|tier|[Gen 9] Anything Goes\n|rated|\n|rule|HP Percentage Mod: HP is shown in percentages\n|rule|Endless Battle Clause: Forcing endless battles is banned\n|clearpoke\n|poke|p1|Breloom, M|\n|poke|p1|Hawlucha, F|\n|poke|p1|Rotom-Wash|\n|poke|p1|Moltres|\n|poke|p1|Thundurus-Therian, M|\n|poke|p1|Hippowdon, M|\n|poke|p2|Charizard, M|\n|poke|p2|Lucario, M|\n|poke|p2|Lycanroc-Dusk, M|\n|poke|p2|Greninja-*, M|\n|poke|p2|Gengar, M|\n|poke|p2|Dragonite, M|\n|teampreview\n|\n|t:|1699837098\n|start\n|switch|p1a: Random Breloom|Breloom, M|100\/100\n|switch|p2a: Lycanroc|Lycanroc-Dusk, M|100\/100\n|turn|1\n|\n|t:|1699837111\n|move|p2a: Lycanroc|Stealth Rock|p1a: Random Breloom\n|-sidestart|p1: JokeTeamMaker|move: Stealth Rock\n|move|p1a: Random Breloom|Bullet Seed|p2a: Lycanroc\n|-supereffective|p2a: Lycanroc\n|-damage|p2a: Lycanroc|28\/100\n|-supereffective|p2a: Lycanroc\n|-damage|p2a: Lycanroc|0 fnt\n|faint|p2a: Lycanroc\n|-hitcount|p2: Lycanroc|2\n|\n|upkeep\n|\n|t:|1699837120\n|switch|p2a: Charizard|Charizard, M|100\/100\n|turn|2\n|\n|t:|1699837132\n|-terastallize|p1a: Random Breloom|Fighting\n|move|p1a: Random Breloom|Mach Punch|p2a: Charizard\n|-resisted|p2a: Charizard\n|-damage|p2a: Charizard|64\/100\n|move|p2a: Charizard|Flame Charge|p1a: Random Breloom\n|-damage|p1a: Random Breloom|78\/100\n|-boost|p2a: Charizard|spe|1\n|\n|-heal|p2a: Charizard|70\/100|[from] item: Leftovers\n|upkeep\n|turn|3\n|\n|t:|1699837146\n|move|p2a: Charizard|Air Slash|p1a: Random Breloom\n|-supereffective|p1a: Random Breloom\n|-damage|p1a: Random Breloom|0 fnt\n|faint|p1a: Random Breloom\n|\n|-heal|p2a: Charizard|76\/100|[from] item: Leftovers\n|upkeep\n|\n|t:|1699837152\n|switch|p1a: Random Hawlucha|Hawlucha, F|100\/100\n|-damage|p1a: Random Hawlucha|88\/100|[from] Stealth Rock\n|turn|4\n|\n|t:|1699837177\n|move|p2a: Charizard|Flame Charge|p1a: Random Hawlucha\n|-damage|p1a: Random Hawlucha|66\/100\n|-boost|p2a: Charizard|spe|1\n|move|p1a: Random Hawlucha|Acrobatics|p2a: Charizard\n|-damage|p2a: Charizard|40\/100\n|\n|-heal|p2a: Charizard|46\/100|[from] item: Leftovers\n|upkeep\n|turn|5\n|\n|t:|1699837187\n|move|p2a: Charizard|Fire Blast|p1a: Random Hawlucha\n|-damage|p1a: Random Hawlucha|0 fnt\n|faint|p1a: Random Hawlucha\n|\n|-heal|p2a: Charizard|52\/100|[from] item: Leftovers\n|upkeep\n|\n|t:|1699837194\n|switch|p1a: Random Rotom|Rotom-Wash|100\/100\n|-damage|p1a: Random Rotom|88\/100|[from] Stealth Rock\n|turn|6\n|\n|t:|1699837202\n|move|p2a: Charizard|Brick Break|p1a: Random Rotom\n|-damage|p1a: Random Rotom|77\/100\n|move|p1a: Random Rotom|Hydro Pump|p2a: Charizard\n|-supereffective|p2a: Charizard\n|-damage|p2a: Charizard|0 fnt\n|faint|p2a: Charizard\n|\n|-heal|p1a: Random Rotom|83\/100|[from] item: Leftovers\n|upkeep\n|\n|t:|1699837213\n|switch|p2a: Lucario|Lucario, M|100\/100\n|turn|7\n|\n|t:|1699837221\n|move|p1a: Random Rotom|Protect|p1a: Random Rotom\n|-singleturn|p1a: Random Rotom|Protect\n|move|p2a: Lucario|Drain Punch|p1a: Random Rotom\n|-activate|p1a: Random Rotom|move: Protect\n|\n|-heal|p1a: Random Rotom|90\/100|[from] item: Leftovers\n|upkeep\n|turn|8\n|\n|t:|1699837234\n|move|p2a: Lucario|Drain Punch|p1a: Random Rotom\n|-damage|p1a: Random Rotom|66\/100\n|move|p1a: Random Rotom|Thunder Wave|p2a: Lucario\n|-status|p2a: Lucario|par\n|\n|-heal|p1a: Random Rotom|72\/100|[from] item: Leftovers\n|upkeep\n|turn|9\n|\n|t:|1699837247\n|move|p1a: Random Rotom|Hydro Pump|p2a: Lucario|[miss]\n|-miss|p1a: Random Rotom|p2a: Lucario\n|cant|p2a: Lucario|par\n|\n|-heal|p1a: Random Rotom|78\/100|[from] item: Leftovers\n|upkeep\n|turn|10\n|\n|t:|1699837255\n|move|p1a: Random Rotom|Hydro Pump|p2a: Lucario\n|-damage|p2a: Lucario|32\/100 par\n|move|p2a: Lucario|Meteor Mash|p1a: Random Rotom\n|-resisted|p1a: Random Rotom\n|-crit|p1a: Random Rotom\n|-damage|p1a: Random Rotom|68\/100\n|\n|-heal|p1a: Random Rotom|74\/100|[from] item: Leftovers\n|-heal|p2a: Lucario|38\/100 par|[from] item: Leftovers\n|upkeep\n|turn|11\n|\n|t:|1699837266\n|move|p1a: Random Rotom|Hydro Pump|p2a: Lucario\n|-damage|p2a: Lucario|0 fnt\n|faint|p2a: Lucario\n|\n|-heal|p1a: Random Rotom|80\/100|[from] item: Leftovers\n|upkeep\n|\n|t:|1699837273\n|switch|p2a: Gengar|Gengar, M|100\/100\n|turn|12\n|\n|t:|1699837278\n|move|p2a: Gengar|Will-O-Wisp|p1a: Random Rotom\n|-status|p1a: Random Rotom|brn\n|move|p1a: Random Rotom|Thunder Wave|p2a: Gengar|[miss]\n|-miss|p1a: Random Rotom|p2a: Gengar\n|\n|-heal|p1a: Random Rotom|87\/100 brn|[from] item: Leftovers\n|-damage|p1a: Random Rotom|80\/100 brn|[from] brn\n|upkeep\n|turn|13\n|\n|t:|1699837288\n|move|p1a: Random Rotom|Protect|p1a: Random Rotom\n|-singleturn|p1a: Random Rotom|Protect\n|move|p2a: Gengar|Sludge Bomb|p1a: Random Rotom\n|-activate|p1a: Random Rotom|move: Protect\n|\n|-heal|p1a: Random Rotom|87\/100 brn|[from] item: Leftovers\n|-damage|p1a: Random Rotom|80\/100 brn|[from] brn\n|upkeep\n|turn|14\n|\n|t:|1699837299\n|move|p2a: Gengar|Shadow Ball|p1a: Random Rotom\n|-damage|p1a: Random Rotom|37\/100 brn\n|move|p1a: Random Rotom|Thunder Wave|p2a: Gengar\n|-status|p2a: Gengar|par\n|\n|-heal|p1a: Random Rotom|43\/100 brn|[from] item: Leftovers\n|-damage|p1a: Random Rotom|37\/100 brn|[from] brn\n|upkeep\n|turn|15\n|\n|t:|1699837309\n|move|p1a: Random Rotom|Hydro Pump|p2a: Gengar\n|-damage|p2a: Gengar|40\/100 par\n|move|p2a: Gengar|Shadow Ball|p1a: Random Rotom\n|-damage|p1a: Random Rotom|0 fnt\n|faint|p1a: Random Rotom\n|\n|-heal|p2a: Gengar|46\/100 par|[from] item: Leftovers\n|upkeep\n|\n|t:|1699837318\n|switch|p1a: Random Moltres|Moltres|100\/100\n|turn|16\n|\n|t:|1699837324\n|move|p1a: Random Moltres|Hurricane|p2a: Gengar\n|-damage|p2a: Gengar|0 fnt\n|-start|p1a: Random Moltres|Disable|Hurricane|[from] ability: Cursed Body|[of] p2a: Gengar\n|faint|p2a: Gengar\n|\n|upkeep\n|\n|t:|1699837331\n|switch|p2a: Greninja|Greninja, M|100\/100\n|turn|17\n|\n|t:|1699837348\n|-terastallize|p2a: Greninja|Rock\n|move|p2a: Greninja|Rock Tomb|p1a: Random Moltres\n|-supereffective|p1a: Random Moltres\n|-damage|p1a: Random Moltres|0 fnt\n|faint|p1a: Random Moltres\n|-ability|p2a: Greninja|Battle Bond|boost\n|-boost|p2a: Greninja|atk|1\n|-boost|p2a: Greninja|spa|1\n|-boost|p2a: Greninja|spe|1\n|-activate|p2a: Greninja|ability: Battle Bond\n|\n|upkeep\n|\n|t:|1699837358\n|switch|p1a: Random Thundurus|Thundurus-Therian, M|100\/100\n|turn|18\n|\n|t:|1699837372\n|move|p2a: Greninja|Rock Tomb|p1a: Random Thundurus\n|-supereffective|p1a: Random Thundurus\n|-damage|p1a: Random Thundurus|0 fnt\n|faint|p1a: Random Thundurus\n|\n|upkeep\n|\n|t:|1699837377\n|switch|p1a: Random Hippowdon|Hippowdon, M|100\/100\n|-damage|p1a: Random Hippowdon|94\/100|[from] Stealth Rock\n|-weather|Sandstorm|[from] ability: Sand Stream|[of] p1a: Random Hippowdon\n|turn|19\n|\n|t:|1699837388\n|move|p2a: Greninja|Water Shuriken|p1a: Random Hippowdon\n|-supereffective|p1a: Random Hippowdon\n|-damage|p1a: Random Hippowdon|81\/100\n|-supereffective|p1a: Random Hippowdon\n|-damage|p1a: Random Hippowdon|67\/100\n|-supereffective|p1a: Random Hippowdon\n|-damage|p1a: Random Hippowdon|53\/100\n|-supereffective|p1a: Random Hippowdon\n|-damage|p1a: Random Hippowdon|40\/100\n|-supereffective|p1a: Random Hippowdon\n|-damage|p1a: Random Hippowdon|27\/100\n|-hitcount|p1a: Random Hippowdon|5\n|move|p1a: Random Hippowdon|Earthquake|p2a: Greninja\n|-supereffective|p2a: Greninja\n|-damage|p2a: Greninja|0 fnt\n|faint|p2a: Greninja\n|\n|-weather|Sandstorm|[upkeep]\n|-heal|p1a: Random Hippowdon|33\/100|[from] item: Leftovers\n|upkeep\n|\n|t:|1699837404\n|switch|p2a: Dragonite|Dragonite, M|100\/100\n|turn|20\n|\n|t:|1699837407\n|move|p2a: Dragonite|Air Slash|p1a: Random Hippowdon\n|-damage|p1a: Random Hippowdon|12\/100\n|cant|p1a: Random Hippowdon|flinch\n|\n|-weather|Sandstorm|[upkeep]\n|-damage|p2a: Dragonite|94\/100|[from] Sandstorm\n|-heal|p2a: Dragonite|100\/100|[from] item: Leftovers\n|-heal|p1a: Random Hippowdon|19\/100|[from] item: Leftovers\n|upkeep\n|turn|21\n|\n|t:|1699837418\n|move|p2a: Dragonite|Air Slash|p1a: Random Hippowdon\n|-damage|p1a: Random Hippowdon|0 fnt\n|faint|p1a: Random Hippowdon\n|\n|win|The Gonox 26\n|raw|JokeTeamMaker's rating: 1092 &rarr; <strong>1062<\/strong><br \/>(-30 for losing)\n|raw|The Gonox 26's rating: 1000 &rarr; <strong>1050<\/strong><br \/>(+50 for winning)\n|l|\u2606The Gonox 26\n","uploadtime":1699837427,"views":3,"p1id":"joketeammaker","p2id":"thegonox26","formatid":"gen9anythinggoes","rating":1050,"private":0,"password":""}