{"id":"gen9anythinggoes-1977860637","p1":"dbag69","p2":"iamhappy528","format":"[Gen 9] Anything Goes","log":"|j|\u2606dbag69\n|j|\u2606iamhappy528\n|t:|1698458582\n|gametype|singles\n|player|p1|dbag69|265|1046\n|player|p2|iamhappy528|lucas|1110\n|teamsize|p1|6\n|teamsize|p2|6\n|gen|9\n|tier|[Gen 9] Anything Goes\n|rated|\n|rule|HP Percentage Mod: HP is shown in percentages\n|rule|Endless Battle Clause: Forcing endless battles is banned\n|clearpoke\n|poke|p1|Espathra, M|\n|poke|p1|Regieleki|\n|poke|p1|Maushold-Four|\n|poke|p1|Forretress, M|\n|poke|p1|Alomomola, M|\n|poke|p1|Dachsbun, M|\n|poke|p2|Hoopa-Unbound|\n|poke|p2|Regieleki|\n|poke|p2|Giratina-Origin|\n|poke|p2|Groudon|\n|poke|p2|Arceus-Ice|\n|poke|p2|Urshifu-*, F|\n|teampreview\n|\n|t:|1698458603\n|start\n|switch|p1a: chunk|Forretress, M|100\/100\n|switch|p2a: Groudon|Groudon, shiny|100\/100\n|-weather|SunnyDay|[from] ability: Drought|[of] p2a: Groudon\n|turn|1\n|\n|t:|1698458611\n|switch|p1a: fwoosh|Dachsbun, M, shiny|100\/100\n|move|p2a: Groudon|Stealth Rock|p1a: fwoosh\n|-sidestart|p1: dbag69|move: Stealth Rock\n|\n|-weather|SunnyDay|[upkeep]\n|upkeep\n|turn|2\n|\n|t:|1698458618\n|move|p2a: Groudon|Ancient Power|p1a: fwoosh\n|-damage|p1a: fwoosh|79\/100\n|move|p1a: fwoosh|Substitute|p1a: fwoosh\n|-start|p1a: fwoosh|Substitute\n|-damage|p1a: fwoosh|54\/100\n|\n|-weather|SunnyDay|[upkeep]\n|-heal|p1a: fwoosh|60\/100|[from] item: Leftovers\n|upkeep\n|turn|3\n|\n|t:|1698458627\n|move|p1a: fwoosh|Protect|p1a: fwoosh\n|-singleturn|p1a: fwoosh|Protect\n|move|p2a: Groudon|Precipice Blades|p1a: fwoosh\n|-activate|p1a: fwoosh|move: Protect\n|\n|-weather|SunnyDay|[upkeep]\n|-heal|p1a: fwoosh|66\/100|[from] item: Leftovers\n|upkeep\n|turn|4\n|\n|t:|1698458636\n|move|p2a: Groudon|Ancient Power|p1a: fwoosh\n|-crit|p1a: fwoosh\n|-end|p1a: fwoosh|Substitute\n|move|p1a: fwoosh|Baton Pass|p1a: fwoosh\n|\n|t:|1698458650\n|switch|p1a: yum|Espathra, M|100\/100|[from] Baton Pass\n|-damage|p1a: yum|88\/100|[from] Stealth Rock\n|\n|-weather|SunnyDay|[upkeep]\n|-heal|p1a: yum|94\/100|[from] item: Leftovers\n|upkeep\n|turn|5\n|\n|t:|1698458658\n|move|p1a: yum|Calm Mind|p1a: yum\n|-boost|p1a: yum|spa|1\n|-boost|p1a: yum|spd|1\n|move|p2a: Groudon|Precipice Blades|p1a: yum\n|-damage|p1a: yum|10\/100\n|\n|-weather|none\n|-heal|p1a: yum|16\/100|[from] item: Leftovers\n|-ability|p1a: yum|Speed Boost|boost\n|-boost|p1a: yum|spe|1\n|upkeep\n|turn|6\n|\n|t:|1698458670\n|move|p1a: yum|Roost|p1a: yum\n|-heal|p1a: yum|66\/100\n|-singleturn|p1a: yum|move: Roost\n|move|p2a: Groudon|Ancient Power|p1a: yum\n|-damage|p1a: yum|48\/100\n|\n|-heal|p1a: yum|54\/100|[from] item: Leftovers\n|-ability|p1a: yum|Speed Boost|boost\n|-boost|p1a: yum|spe|1\n|upkeep\n|turn|7\n|\n|t:|1698458680\n|move|p1a: yum|Roost|p1a: yum\n|-heal|p1a: yum|100\/100\n|-singleturn|p1a: yum|move: Roost\n|move|p2a: Groudon|Precipice Blades|p1a: yum\n|-crit|p1a: yum\n|-damage|p1a: yum|0 fnt\n|faint|p1a: yum\n|\n|upkeep\n|\n|t:|1698458701\n|switch|p1a: The alomomola|Alomomola, M|100\/100\n|-damage|p1a: The alomomola|88\/100|[from] Stealth Rock\n|turn|8\n|\n|t:|1698458706\n|switch|p2a: Regieleki|Regieleki|100\/100\n|move|p1a: The alomomola|Scald|p2a: Regieleki\n|-damage|p2a: Regieleki|63\/100\n|\n|-heal|p1a: The alomomola|94\/100|[from] item: Leftovers\n|upkeep\n|turn|9\n|\n|t:|1698458721\n|switch|p1a: slurp|Regieleki|100\/100\n|move|p2a: Regieleki|Zap Cannon|p1a: slurp|[miss]\n|-miss|p2a: Regieleki|p1a: slurp\n|\n|upkeep\n|turn|10\n|\n|t:|1698458728\n|move|p2a: Regieleki|Rest|p2a: Regieleki\n|-status|p2a: Regieleki|slp|[from] move: Rest\n|-heal|p2a: Regieleki|100\/100 slp|[silent]\n|move|p1a: slurp|Rapid Spin|p2a: Regieleki\n|-damage|p2a: Regieleki|84\/100 slp\n|-boost|p1a: slurp|spe|1\n|-sideend|p1: dbag69|Stealth Rock|[from] move: Rapid Spin|[of] p1a: slurp\n|\n|upkeep\n|turn|11\n|\n|t:|1698458736\n|move|p1a: slurp|Light Screen|p1a: slurp\n|-sidestart|p1: dbag69|move: Light Screen\n|cant|p2a: Regieleki|slp\n|move|p2a: Regieleki|Sleep Talk|p2a: Regieleki\n|move|p2a: Regieleki|Thunder Wave|p1a: slurp|[from]move: Sleep Talk\n|-immune|p1a: slurp\n|\n|upkeep\n|turn|12\n|\n|t:|1698458744\n|move|p1a: slurp|Volt Switch|p2a: Regieleki\n|-resisted|p2a: Regieleki\n|-damage|p2a: Regieleki|50\/100 slp\n|\n|t:|1698458752\n|switch|p1a: swish|Maushold-Four|100\/100|[from] Volt Switch\n|cant|p2a: Regieleki|slp\n|move|p2a: Regieleki|Sleep Talk|p2a: Regieleki\n|move|p2a: Regieleki|Thunder Wave|p1a: swish|[from]move: Sleep Talk\n|-status|p1a: swish|par\n|\n|upkeep\n|turn|13\n|\n|t:|1698458763\n|-curestatus|p2a: Regieleki|slp|[msg]\n|move|p2a: Regieleki|Sleep Talk||[still]\n|-fail|p2a: Regieleki\n|move|p1a: swish|Population Bomb|p2a: Regieleki\n|-damage|p2a: Regieleki|30\/100\n|-crit|p2a: Regieleki\n|-damage|p2a: Regieleki|1\/100\n|-damage|p2a: Regieleki|0 fnt\n|faint|p2a: Regieleki\n|-hitcount|p2: Regieleki|3\n|\n|upkeep\n|\n|t:|1698458776\n|switch|p2a: Hoopa|Hoopa-Unbound|100\/100\n|turn|14\n|\n|t:|1698458794\n|move|p1a: swish|Population Bomb|p2a: Hoopa\n|-damage|p2a: Hoopa|86\/100\n|-damage|p2a: Hoopa|72\/100\n|-damage|p2a: Hoopa|56\/100\n|-damage|p2a: Hoopa|42\/100\n|-hitcount|p2a: Hoopa|4\n|move|p2a: Hoopa|Trick Room|p2a: Hoopa\n|-fieldstart|move: Trick Room|[of] p2a: Hoopa\n|\n|upkeep\n|turn|15\n|\n|t:|1698458806\n|cant|p1a: swish|par\n|move|p2a: Hoopa|Psyshock|p1a: swish\n|-damage|p1a: swish|66\/100 par\n|-item|p2a: Hoopa|Wide Lens|[from] ability: Magician|[of] p1a: swish\n|\n|-sideend|p1: dbag69|move: Light Screen\n|upkeep\n|turn|16\n|\n|t:|1698458815\n|move|p1a: swish|Population Bomb|p2a: Hoopa\n|-damage|p2a: Hoopa|27\/100\n|-damage|p2a: Hoopa|12\/100\n|-hitcount|p2a: Hoopa|2\n|move|p2a: Hoopa|Zen Headbutt|p1a: swish\n|-damage|p1a: swish|0 fnt\n|faint|p1a: swish\n|\n|upkeep\n|\n|t:|1698458826\n|switch|p1a: chunk|Forretress, M|100\/100\n|turn|17\n|\n|t:|1698458832\n|move|p1a: chunk|Stealth Rock|p2a: Hoopa\n|-sidestart|p2: iamhappy528|move: Stealth Rock\n|move|p2a: Hoopa|Brick Break|p1a: chunk\n|-damage|p1a: chunk|83\/100\n|\n|-heal|p1a: chunk|89\/100|[from] item: Leftovers\n|upkeep\n|turn|18\n|\n|t:|1698458841\n|move|p1a: chunk|Toxic Spikes|p2a: Hoopa\n|-sidestart|p2: iamhappy528|move: Toxic Spikes\n|move|p2a: Hoopa|Psyshock|p1a: chunk\n|-resisted|p1a: chunk\n|-damage|p1a: chunk|77\/100\n|\n|-heal|p1a: chunk|84\/100|[from] item: Leftovers\n|-fieldend|move: Trick Room\n|upkeep\n|turn|19\n|\n|t:|1698458857\n|switch|p2a: Urshifu|Urshifu, F|100\/100\n|move|p1a: chunk|Toxic Spikes|p2a: Urshifu\n|-sidestart|p2: iamhappy528|move: Toxic Spikes\n|\n|-heal|p1a: chunk|90\/100|[from] item: Leftovers\n|upkeep\n|turn|20\n|\n|t:|1698458866\n|move|p2a: Urshifu|Trailblaze|p1a: chunk\n|-resisted|p1a: chunk\n|-damage|p1a: chunk|88\/100\n|-boost|p2a: Urshifu|spe|1\n|move|p1a: chunk|Volt Switch|p2a: Urshifu\n|-damage|p2a: Urshifu|88\/100\n|\n|t:|1698458873\n|switch|p1a: slurp|Regieleki|100\/100|[from] Volt Switch\n|\n|upkeep\n|turn|21\n|\n|t:|1698458879\n|move|p1a: slurp|Volt Switch|p2a: Urshifu\n|-damage|p2a: Urshifu|43\/100\n|\n|t:|1698458883\n|switch|p1a: chunk|Forretress, M|88\/100|[from] Volt Switch\n|move|p2a: Urshifu|Body Press|p1a: chunk\n|-damage|p1a: chunk|73\/100\n|\n|-heal|p1a: chunk|79\/100|[from] item: Leftovers\n|upkeep\n|turn|22\n|\n|t:|1698458893\n|switch|p2a: Giratina|Giratina-Origin, shiny|100\/100\n|-damage|p2a: Giratina|88\/100|[from] Stealth Rock\n|move|p1a: chunk|Volt Switch|p2a: Giratina\n|-resisted|p2a: Giratina\n|-damage|p2a: Giratina|84\/100\n|\n|t:|1698458911\n|switch|p1a: fwoosh|Dachsbun, M, shiny|66\/100|[from] Volt Switch\n|\n|-heal|p1a: fwoosh|72\/100|[from] item: Leftovers\n|upkeep\n|turn|23\n|\n|t:|1698458925\n|move|p2a: Giratina|Draco Meteor|p1a: fwoosh\n|-immune|p1a: fwoosh\n|move|p1a: fwoosh|Substitute|p1a: fwoosh\n|-start|p1a: fwoosh|Substitute\n|-damage|p1a: fwoosh|47\/100\n|\n|-heal|p1a: fwoosh|53\/100|[from] item: Leftovers\n|upkeep\n|turn|24\n|\n|t:|1698458933\n|move|p2a: Giratina|Shadow Sneak|p1a: fwoosh\n|-activate|p1a: fwoosh|move: Substitute|[damage]\n|move|p1a: fwoosh|Wish|p1a: fwoosh\n|\n|-heal|p1a: fwoosh|59\/100|[from] item: Leftovers\n|upkeep\n|turn|25\n|\n|t:|1698458940\n|move|p1a: fwoosh|Protect|p1a: fwoosh\n|-singleturn|p1a: fwoosh|Protect\n|move|p2a: Giratina|Shadow Sneak|p1a: fwoosh\n|-activate|p1a: fwoosh|move: Protect\n|\n|-heal|p1a: fwoosh|100\/100|[from] move: Wish|[wisher] fwoosh\n|upkeep\n|turn|26\n|\n|t:|1698458952\n|move|p2a: Giratina|Shadow Sneak|p1a: fwoosh\n|-end|p1a: fwoosh|Substitute\n|move|p1a: fwoosh|Substitute|p1a: fwoosh\n|-start|p1a: fwoosh|Substitute\n|-damage|p1a: fwoosh|76\/100\n|\n|-heal|p1a: fwoosh|82\/100|[from] item: Leftovers\n|upkeep\n|turn|27\n|\n|t:|1698458960\n|move|p1a: fwoosh|Protect|p1a: fwoosh\n|-singleturn|p1a: fwoosh|Protect\n|move|p2a: Giratina|Shadow Ball|p1a: fwoosh\n|-activate|p1a: fwoosh|move: Protect\n|\n|-heal|p1a: fwoosh|88\/100|[from] item: Leftovers\n|upkeep\n|turn|28\n|\n|t:|1698458969\n|move|p2a: Giratina|Shadow Ball|p1a: fwoosh\n|-end|p1a: fwoosh|Substitute\n|move|p1a: fwoosh|Baton Pass|p1a: fwoosh\n|\n|t:|1698458986\n|switch|p1a: The alomomola|Alomomola, M|100\/100|[from] Baton Pass\n|\n|upkeep\n|turn|29\n|\n|t:|1698458991\n|move|p2a: Giratina|Energy Ball|p1a: The alomomola\n|-supereffective|p1a: The alomomola\n|-damage|p1a: The alomomola|36\/100\n|move|p1a: The alomomola|Ice Beam|p2a: Giratina\n|-supereffective|p2a: Giratina\n|-damage|p2a: Giratina|58\/100\n|-status|p2a: Giratina|frz\n|\n|-heal|p1a: The alomomola|43\/100|[from] item: Leftovers\n|upkeep\n|turn|30\n|\n|t:|1698459003\n|cant|p2a: Giratina|frz\n|move|p1a: The alomomola|Ice Beam|p2a: Giratina\n|-supereffective|p2a: Giratina\n|-damage|p2a: Giratina|32\/100 frz\n|\n|-heal|p1a: The alomomola|49\/100|[from] item: Leftovers\n|upkeep\n|turn|31\n|\n|t:|1698459011\n|-curestatus|p2a: Giratina|frz|[msg]\n|move|p2a: Giratina|Energy Ball|p1a: The alomomola\n|-supereffective|p1a: The alomomola\n|-damage|p1a: The alomomola|0 fnt\n|faint|p1a: The alomomola\n|\n|upkeep\n|\n|t:|1698459018\n|switch|p1a: slurp|Regieleki|100\/100\n|turn|32\n|\n|t:|1698459023\n|move|p1a: slurp|Volt Switch|p2a: Giratina\n|-resisted|p2a: Giratina\n|-damage|p2a: Giratina|14\/100\n|\n|t:|1698459026\n|switch|p1a: fwoosh|Dachsbun, M, shiny|88\/100|[from] Volt Switch\n|move|p2a: Giratina|Draco Meteor|p1a: fwoosh\n|-immune|p1a: fwoosh\n|\n|-heal|p1a: fwoosh|94\/100|[from] item: Leftovers\n|upkeep\n|turn|33\n|\n|t:|1698459036\n|move|p2a: Giratina|Shadow Ball|p1a: fwoosh\n|-damage|p1a: fwoosh|43\/100\n|move|p1a: fwoosh|Baton Pass|p1a: fwoosh\n|\n|t:|1698459038\n|switch|p1a: slurp|Regieleki|100\/100|[from] Baton Pass\n|\n|upkeep\n|turn|34\n|\n|t:|1698459044\n|move|p1a: slurp|Volt Switch|p2a: Giratina\n|-resisted|p2a: Giratina\n|-damage|p2a: Giratina|0 fnt\n|faint|p2a: Giratina\n|\n|t:|1698459049\n|switch|p1a: fwoosh|Dachsbun, M, shiny|43\/100|[from] Volt Switch\n|\n|-heal|p1a: fwoosh|49\/100|[from] item: Leftovers\n|upkeep\n|\n|t:|1698459056\n|switch|p2a: Arceus|Arceus-Ice|100\/100\n|-damage|p2a: Arceus|76\/100|[from] Stealth Rock\n|-status|p2a: Arceus|tox\n|turn|35\n|\n|t:|1698459064\n|move|p1a: fwoosh|Protect|p1a: fwoosh\n|-singleturn|p1a: fwoosh|Protect\n|move|p2a: Arceus|Fire Blast|p1a: fwoosh\n|-activate|p1a: fwoosh|move: Protect\n|\n|-heal|p1a: fwoosh|55\/100|[from] item: Leftovers\n|-damage|p2a: Arceus|70\/100 tox|[from] psn\n|upkeep\n|turn|36\n|\n|t:|1698459073\n|move|p2a: Arceus|Fire Blast|p1a: fwoosh\n|-ability|p1a: fwoosh|Well-Baked Body|boost\n|-boost|p1a: fwoosh|def|2\n|move|p1a: fwoosh|Wish|p1a: fwoosh\n|\n|-heal|p1a: fwoosh|61\/100|[from] item: Leftovers\n|-damage|p2a: Arceus|57\/100 tox|[from] psn\n|upkeep\n|turn|37\n|\n|t:|1698459086\n|move|p2a: Arceus|Blizzard|p1a: fwoosh\n|-damage|p1a: fwoosh|0 fnt\n|faint|p1a: fwoosh\n|\n|-damage|p2a: Arceus|39\/100 tox|[from] psn\n|upkeep\n|\n|t:|1698459092\n|switch|p1a: slurp|Regieleki|100\/100\n|turn|38\n|\n|t:|1698459097\n|move|p1a: slurp|Volt Switch|p2a: Arceus\n|-damage|p2a: Arceus|5\/100 tox\n|\n|t:|1698459100\n|switch|p1a: chunk|Forretress, M|79\/100|[from] Volt Switch\n|move|p2a: Arceus|Draco Meteor|p1a: chunk\n|-resisted|p1a: chunk\n|-damage|p1a: chunk|56\/100\n|-unboost|p2a: Arceus|spa|2\n|\n|-heal|p1a: chunk|62\/100|[from] item: Leftovers\n|-damage|p2a: Arceus|0 fnt|[from] psn\n|faint|p2a: Arceus\n|upkeep\n|\n|t:|1698459113\n|switch|p2a: Groudon|Groudon, shiny|100\/100\n|-damage|p2a: Groudon|94\/100|[from] Stealth Rock\n|-status|p2a: Groudon|tox\n|-weather|SunnyDay|[from] ability: Drought|[of] p2a: Groudon\n|turn|39\n|\n|t:|1698459124\n|move|p2a: Groudon|Precipice Blades|p1a: chunk\n|-damage|p1a: chunk|29\/100\n|move|p1a: chunk|Spikes|p2a: Groudon\n|-sidestart|p2: iamhappy528|Spikes\n|\n|-weather|SunnyDay|[upkeep]\n|-heal|p2a: Groudon|100\/100 tox|[from] item: Leftovers\n|-heal|p1a: chunk|36\/100|[from] item: Leftovers\n|-damage|p2a: Groudon|94\/100 tox|[from] psn\n|upkeep\n|turn|40\n|\n|t:|1698459136\n|move|p2a: Groudon|Precipice Blades|p1a: chunk\n|-damage|p1a: chunk|3\/100\n|move|p1a: chunk|Spikes|p2a: Groudon\n|-sidestart|p2: iamhappy528|Spikes\n|\n|-weather|SunnyDay|[upkeep]\n|-heal|p2a: Groudon|100\/100 tox|[from] item: Leftovers\n|-heal|p1a: chunk|9\/100|[from] item: Leftovers\n|-damage|p2a: Groudon|88\/100 tox|[from] psn\n|upkeep\n|turn|41\n|\n|t:|1698459148\n|move|p2a: Groudon|Stealth Rock|p1a: chunk\n|-sidestart|p1: dbag69|move: Stealth Rock\n|move|p1a: chunk|Spikes|p2a: Groudon\n|-sidestart|p2: iamhappy528|Spikes\n|\n|-weather|SunnyDay|[upkeep]\n|-heal|p2a: Groudon|94\/100 tox|[from] item: Leftovers\n|-heal|p1a: chunk|15\/100|[from] item: Leftovers\n|-damage|p2a: Groudon|76\/100 tox|[from] psn\n|upkeep\n|turn|42\n|\n|t:|1698459157\n|move|p2a: Groudon|Precipice Blades|p1a: chunk\n|-damage|p1a: chunk|0 fnt\n|faint|p1a: chunk\n|\n|-weather|SunnyDay|[upkeep]\n|-heal|p2a: Groudon|82\/100 tox|[from] item: Leftovers\n|-damage|p2a: Groudon|57\/100 tox|[from] psn\n|upkeep\n|\n|t:|1698459159\n|switch|p1a: slurp|Regieleki|100\/100\n|turn|43\n|\n|t:|1698459167\n|-terastallize|p1a: slurp|Normal\n|move|p1a: slurp|Rapid Spin|p2a: Groudon\n|-damage|p2a: Groudon|43\/100 tox\n|-boost|p1a: slurp|spe|1\n|-sideend|p1: dbag69|Stealth Rock|[from] move: Rapid Spin|[of] p1a: slurp\n|move|p2a: Groudon|Ancient Power|p1a: slurp\n|-damage|p1a: slurp|67\/100\n|\n|-weather|none\n|-heal|p2a: Groudon|49\/100 tox|[from] item: Leftovers\n|-damage|p2a: Groudon|19\/100 tox|[from] psn\n|upkeep\n|turn|44\n|\n|t:|1698459180\n|move|p1a: slurp|Extreme Speed|p2a: Groudon\n|-crit|p2a: Groudon\n|-damage|p2a: Groudon|0 fnt\n|faint|p2a: Groudon\n|\n|upkeep\n|\n|t:|1698459186\n|switch|p2a: Urshifu|Urshifu, F|43\/100\n|turn|45\n|\n|t:|1698459194\n|-terastallize|p2a: Urshifu|Fighting\n|move|p1a: slurp|Volt Switch|p2a: Urshifu\n|-damage|p2a: Urshifu|0 fnt\n|faint|p2a: Urshifu\n|\n|upkeep\n|\n|t:|1698459201\n|switch|p2a: Hoopa|Hoopa-Unbound|12\/100\n|-damage|p2a: Hoopa|0 fnt|[from] Stealth Rock\n|faint|p2a: Hoopa\n|\n|win|dbag69\n|raw|dbag69's rating: 1046 &rarr; <strong>1085<\/strong><br \/>(+39 for winning)\n|raw|iamhappy528's rating: 1110 &rarr; <strong>1080<\/strong><br \/>(-30 for losing)\n|l|\u2606iamhappy528\n","uploadtime":1698459209,"views":12,"p1id":"dbag69","p2id":"iamhappy528","formatid":"gen9anythinggoes","rating":1080,"private":0,"password":""}