{"id":"gen9anythinggoes-1978874555","p1":"thegamer457","p2":"Helton Uzumaki","format":"[Gen 9] Anything Goes","log":"|j|\u2606thegamer457\n|j|\u2606Helton Uzumaki\n|t:|1698605259\n|gametype|singles\n|player|p1|thegamer457|ethan|\n|player|p2|Helton Uzumaki|hilbert|\n|teamsize|p1|6\n|teamsize|p2|6\n|gen|9\n|tier|[Gen 9] Anything Goes\n|rule|HP Percentage Mod: HP is shown in percentages\n|rule|Endless Battle Clause: Forcing endless battles is banned\n|clearpoke\n|poke|p1|Calyrex-Shadow|\n|poke|p1|Dragonite, M|\n|poke|p1|Toxapex, F|\n|poke|p1|Lokix, M|\n|poke|p1|Dragapult, F|\n|poke|p1|Iron Valiant|\n|poke|p2|Urshifu-*, M|\n|poke|p2|Lokix, M|\n|poke|p2|Cinderace, M|\n|poke|p2|Hatterene, F|\n|poke|p2|Rotom-Mow|\n|poke|p2|Gengar, M|\n|teampreview\n|j| Alizoun\n|c| Alizoun|pode come\u00e7ar\n|\n|t:|1698605298\n|start\n|switch|p1a: Dragonite|Dragonite, M|100\/100\n|switch|p2a: Sasuke|Lokix, M|100\/100\n|turn|1\n|j| HoneySan\n|\n|t:|1698605337\n|switch|p2a: Sabrina|Hatterene, F|100\/100\n|move|p1a: Dragonite|Dragon Dance|p1a: Dragonite\n|-boost|p1a: Dragonite|atk|1\n|-boost|p1a: Dragonite|spe|1\n|\n|upkeep\n|turn|2\n|\n|t:|1698605347\n|move|p1a: Dragonite|Dragon Dance|p1a: Dragonite\n|-boost|p1a: Dragonite|atk|1\n|-boost|p1a: Dragonite|spe|1\n|move|p2a: Sabrina|Draining Kiss|p1a: Dragonite\n|-supereffective|p1a: Dragonite\n|-damage|p1a: Dragonite|76\/100\n|-enditem|p1a: Dragonite|Weakness Policy\n|-boost|p1a: Dragonite|atk|2|[from] item: Weakness Policy\n|-boost|p1a: Dragonite|spa|2|[from] item: Weakness Policy\n|\n|upkeep\n|turn|3\n|j| Surprisehrs\n|\n|t:|1698605359\n|move|p1a: Dragonite|Iron Head|p2a: Sabrina\n|-supereffective|p2a: Sabrina\n|-damage|p2a: Sabrina|0 fnt\n|faint|p2a: Sabrina\n|\n|upkeep\n|c| Surprisehrs|nossa oq eu perdi\n|c| Surprisehrs|j\u00e1 t\u00e1 todo setado\n|\n|t:|1698605380\n|switch|p2a: Cobra Kai|Urshifu-Rapid-Strike, M|100\/100\n|turn|4\n|\n|t:|1698605388\n|-terastallize|p2a: Cobra Kai|Rock\n|move|p1a: Dragonite|Dragon Claw|p2a: Cobra Kai\n|-damage|p2a: Cobra Kai|0 fnt\n|faint|p2a: Cobra Kai\n|\n|upkeep\n|c| Surprisehrs|ata tinha weakness police\n|\n|t:|1698605402\n|switch|p2a: Adamastor|Rotom-Mow, shiny|100\/100\n|turn|5\n|\n|t:|1698605412\n|move|p1a: Dragonite|Dragon Claw|p2a: Adamastor\n|-damage|p2a: Adamastor|0 fnt\n|faint|p2a: Adamastor\n|\n|upkeep\n|c| Surprisehrs|caramba\n|\n|t:|1698605436\n|switch|p2a: Cl\u00e1udio|Gengar, M, shiny|100\/100\n|turn|6\n|\n|t:|1698605445\n|move|p1a: Dragonite|Dragon Claw|p2a: Cl\u00e1udio\n|-damage|p2a: Cl\u00e1udio|0 fnt\n|-start|p1a: Dragonite|Disable|Dragon Claw|[from] ability: Cursed Body|[of] p2a: Cl\u00e1udio\n|faint|p2a: Cl\u00e1udio\n|\n|upkeep\n|\n|t:|1698605452\n|switch|p2a: Ronaldinho|Cinderace, M|100\/100\n|turn|7\n|\n|t:|1698605458\n|move|p1a: Dragonite|Earthquake|p2a: Ronaldinho\n|-supereffective|p2a: Ronaldinho\n|-damage|p2a: Ronaldinho|0 fnt\n|faint|p2a: Ronaldinho\n|\n|upkeep\n|c| Surprisehrs|putskkk\n|\n|t:|1698605464\n|switch|p2a: Sasuke|Lokix, M|100\/100\n|turn|8\n|\n|t:|1698605469\n|move|p1a: Dragonite|Iron Head|p2a: Sasuke\n|-damage|p2a: Sasuke|0 fnt\n|faint|p2a: Sasuke\n|\n|win|thegamer457\n|c| Surprisehrs|q azar cair contra esse dragonite viu\n|l| Alizoun\n|l| Surprisehrs\n|l| HoneySan\n|j| megalomegalon\n|c| megalomegalon|Eita\n|l| megalomegalon\n","uploadtime":1698605560,"views":7,"p1id":"thegamer457","p2id":"heltonuzumaki","formatid":"gen9anythinggoes","rating":0,"private":0,"password":""}