{"id":"gen9anythinggoes-1986874332","p1":"Wiilyam","p2":"DingyDing","format":"[Gen 9] Anything Goes","log":"|j|\u2606Wiilyam\n|j|\u2606DingyDing\n|t:|1699536636\n|gametype|singles\n|player|p1|Wiilyam|ingo|1312\n|player|p2|DingyDing|swimmer-gen4dp|1327\n|teamsize|p1|6\n|teamsize|p2|6\n|gen|9\n|tier|[Gen 9] Anything Goes\n|rated|\n|rule|HP Percentage Mod: HP is shown in percentages\n|rule|Endless Battle Clause: Forcing endless battles is banned\n|clearpoke\n|poke|p1|Gliscor, M|\n|poke|p1|Palafin, M|\n|poke|p1|Calyrex-Ice|\n|poke|p1|Rillaboom, M|\n|poke|p1|Sneasler, F|\n|poke|p1|Quaquaval, F|\n|poke|p2|Toxapex, M|\n|poke|p2|Ting-Lu|\n|poke|p2|Calyrex-Shadow|\n|poke|p2|Miraidon|\n|poke|p2|Zacian-*|\n|poke|p2|Landorus-Therian, M|\n|teampreview\n|inactive|Battle timer is ON: inactive players will automatically lose when time's up. (requested by DingyDing)\n|inactive|DingyDing has 120 seconds left.\n|\n|t:|1699536671\n|start\n|switch|p1a: Palafin|Palafin, M, shiny|100\/100\n|switch|p2a: Ting-Lu|Ting-Lu|100\/100\n|-ability|p2a: Ting-Lu|Vessel of Ruin\n|turn|1\n|inactive|Wiilyam has 120 seconds left.\n|inactive|Wiilyam has 90 seconds left.\n|\n|t:|1699536751\n|detailschange|p1a: Palafin|Palafin-Hero, M, shiny\n|switch|p1a: Gliscor|Gliscor, M, shiny|100\/100\n|switch|p2a: Toxapex|Toxapex, M|100\/100\n|\n|-status|p1a: Gliscor|tox|[from] item: Toxic Orb\n|upkeep\n|turn|2\n|\n|t:|1699536777\n|move|p1a: Gliscor|Swords Dance|p1a: Gliscor\n|-boost|p1a: Gliscor|atk|2\n|move|p2a: Toxapex|Hydro Pump|p1a: Gliscor\n|-supereffective|p1a: Gliscor\n|-damage|p1a: Gliscor|49\/100 tox\n|\n|-heal|p1a: Gliscor|61\/100 tox|[from] ability: Poison Heal\n|upkeep\n|turn|3\n|inactive|Wiilyam has 60 seconds left.\n|\n|t:|1699536801\n|move|p1a: Gliscor|Swords Dance|p1a: Gliscor\n|-boost|p1a: Gliscor|atk|2\n|move|p2a: Toxapex|Infestation|p1a: Gliscor\n|-resisted|p1a: Gliscor\n|-damage|p1a: Gliscor|60\/100 tox\n|-activate|p1a: Gliscor|move: Infestation|[of] p2a: Toxapex\n|\n|-heal|p1a: Gliscor|72\/100 tox|[from] ability: Poison Heal\n|-damage|p1a: Gliscor|60\/100 tox|[from] move: Infestation|[partiallytrapped]\n|upkeep\n|turn|4\n|inactive|Wiilyam has 60 seconds left.\n|\n|t:|1699536820\n|move|p1a: Gliscor|Swords Dance|p1a: Gliscor\n|-boost|p1a: Gliscor|atk|2\n|move|p2a: Toxapex|Hydro Pump|p1a: Gliscor\n|-supereffective|p1a: Gliscor\n|-damage|p1a: Gliscor|10\/100 tox\n|\n|-heal|p1a: Gliscor|23\/100 tox|[from] ability: Poison Heal\n|-damage|p1a: Gliscor|10\/100 tox|[from] move: Infestation|[partiallytrapped]\n|upkeep\n|turn|5\n|\n|t:|1699536830\n|move|p2a: Toxapex|Baneful Bunker|p2a: Toxapex\n|-singleturn|p2a: Toxapex|move: Protect\n|move|p1a: Gliscor|Baton Pass|p1a: Gliscor\n|\n|t:|1699536839\n|switch|p1a: Palafin|Palafin-Hero, M, shiny|100\/100|[from] Baton Pass\n|-activate|p1a: Palafin|ability: Zero to Hero\n|\n|-damage|p1a: Palafin|88\/100|[from] move: Infestation|[partiallytrapped]\n|upkeep\n|turn|6\n|inactive|Wiilyam has 60 seconds left.\n|\n|t:|1699536860\n|move|p1a: Palafin|Drain Punch|p2a: Toxapex\n|-resisted|p2a: Toxapex\n|-damage|p2a: Toxapex|13\/100\n|-heal|p1a: Palafin|100\/100|[from] drain|[of] p2a: Toxapex\n|move|p2a: Toxapex|Hydro Pump|p1a: Palafin\n|-resisted|p1a: Palafin\n|-damage|p1a: Palafin|88\/100\n|\n|-heal|p2a: Toxapex|19\/100|[from] item: Leftovers\n|-damage|p1a: Palafin|76\/100|[from] move: Infestation|[partiallytrapped]\n|upkeep\n|turn|7\n|inactive|Wiilyam has 60 seconds left.\n|\n|t:|1699536885\n|move|p1a: Palafin|Drain Punch|p2a: Toxapex\n|-resisted|p2a: Toxapex\n|-damage|p2a: Toxapex|0 fnt\n|-heal|p1a: Palafin|83\/100|[from] drain|[of] p2a: Toxapex\n|faint|p2a: Toxapex\n|\n|-end|p1a: Palafin|Infestation|[partiallytrapped]|[silent]\n|upkeep\n|\n|t:|1699536892\n|switch|p2a: Calyrex|Calyrex-Shadow|100\/100\n|-ability|p2a: Calyrex|As One\n|-ability|p2a: Calyrex|Unnerve\n|turn|8\n|inactive|Wiilyam has 30 seconds left.\n|\n|t:|1699536923\n|switch|p1a: Gliscor|Gliscor, M, shiny|10\/100 tox\n|move|p2a: Calyrex|Astral Barrage|p1a: Gliscor\n|-damage|p1a: Gliscor|0 fnt\n|faint|p1a: Gliscor\n|-ability|p2a: Calyrex|Grim Neigh|boost\n|-boost|p2a: Calyrex|spa|1\n|\n|upkeep\n|inactive|Wiilyam has 30 seconds left this turn.\n|\n|t:|1699536932\n|switch|p1a: Rillaboom|Rillaboom, M, shiny|100\/100\n|-fieldstart|move: Grassy Terrain|[from] ability: Grassy Surge|[of] p1a: Rillaboom\n|turn|9\n|inactive|Wiilyam has 30 seconds left.\n|\n|t:|1699536938\n|move|p1a: Rillaboom|Grassy Glide|p2a: Calyrex\n|-damage|p2a: Calyrex|25\/100\n|move|p2a: Calyrex|Astral Barrage|p1a: Rillaboom\n|-damage|p1a: Rillaboom|0 fnt\n|faint|p1a: Rillaboom\n|-ability|p2a: Calyrex|Grim Neigh|boost\n|-boost|p2a: Calyrex|spa|1\n|\n|-heal|p2a: Calyrex|31\/100|[from] Grassy Terrain\n|upkeep\n|inactive|Wiilyam has 30 seconds left.\n|\n|t:|1699536949\n|switch|p1a: Sneasler|Sneasler, F, shiny|100\/100\n|-enditem|p1a: Sneasler|Grassy Seed\n|-boost|p1a: Sneasler|def|1|[from] item: Grassy Seed\n|turn|10\n|inactive|Wiilyam has 30 seconds left.\n|inactive|Wiilyam has 20 seconds left.\n|\n|t:|1699536972\n|move|p1a: Sneasler|U-turn|p2a: Calyrex\n|-damage|p2a: Calyrex|0 fnt\n|faint|p2a: Calyrex\n|inactive|Wiilyam has 25 seconds left this turn.\n|inactive|Wiilyam has 20 seconds left.\n|inactive|Wiilyam has 15 seconds left.\n|\n|t:|1699536983\n|switch|p1a: Quaquaval|Quaquaval, F|100\/100|[from] U-turn\n|\n|upkeep\n|inactive|Wiilyam has 20 seconds left this turn.\n|\n|t:|1699536996\n|switch|p2a: Miraidon|Miraidon|100\/100\n|-fieldstart|move: Electric Terrain|[from] ability: Hadron Engine|[of] p2a: Miraidon\n|turn|11\n|inactive|Wiilyam has 30 seconds left this turn.\n|inactive|Wiilyam has 20 seconds left.\n|inactive|Wiilyam has 15 seconds left.\n|\n|t:|1699537011\n|move|p1a: Quaquaval|Aqua Jet|p2a: Miraidon\n|-resisted|p2a: Miraidon\n|-damage|p2a: Miraidon|86\/100\n|move|p2a: Miraidon|Electro Drift|p1a: Quaquaval\n|-supereffective|p1a: Quaquaval\n|-damage|p1a: Quaquaval|0 fnt\n|faint|p1a: Quaquaval\n|-damage|p2a: Miraidon|76\/100|[from] item: Life Orb\n|\n|upkeep\n|inactive|Wiilyam has 20 seconds left this turn.\n|inactive|Wiilyam has 15 seconds left.\n|inactive|Wiilyam has 10 seconds left.\n|\n|t:|1699537022\n|switch|p1a: Palafin|Palafin-Hero, M, shiny|83\/100\n|turn|12\n|inactive|Wiilyam has 20 seconds left this turn.\n|inactive|Wiilyam has 15 seconds left.\n|\n|t:|1699537030\n|move|p1a: Palafin|Jet Punch|p2a: Miraidon\n|-resisted|p2a: Miraidon\n|-damage|p2a: Miraidon|47\/100\n|move|p2a: Miraidon|Electro Drift|p1a: Palafin\n|-supereffective|p1a: Palafin\n|-damage|p1a: Palafin|0 fnt\n|faint|p1a: Palafin\n|-damage|p2a: Miraidon|37\/100|[from] item: Life Orb\n|\n|upkeep\n|inactive|Wiilyam has 20 seconds left this turn.\n|inactive|Wiilyam has 15 seconds left.\n|inactive|Wiilyam has 10 seconds left.\n|\n|t:|1699537042\n|switch|p1a: Sneasler|Sneasler, F, shiny|100\/100\n|turn|13\n|inactive|Wiilyam has 20 seconds left this turn.\n|\n|t:|1699537052\n|move|p1a: Sneasler|Fake Out|p2a: Miraidon\n|-damage|p2a: Miraidon|24\/100\n|cant|p2a: Miraidon|flinch\n|\n|upkeep\n|turn|14\n|inactive|Wiilyam has 30 seconds left this turn.\n|inactive|Wiilyam has 20 seconds left.\n|inactive|Wiilyam has 15 seconds left.\n|\n|t:|1699537068\n|move|p2a: Miraidon|Draco Meteor|p1a: Sneasler\n|-damage|p1a: Sneasler|0 fnt\n|-unboost|p2a: Miraidon|spa|2\n|faint|p1a: Sneasler\n|-damage|p2a: Miraidon|14\/100|[from] item: Life Orb\n|\n|upkeep\n|inactive|Wiilyam has 20 seconds left this turn.\n|inactive|Wiilyam has 15 seconds left.\n|\n|t:|1699537076\n|switch|p1a: Calyrex|Calyrex-Ice|100\/100\n|-ability|p1a: Calyrex|As One\n|-ability|p1a: Calyrex|Unnerve\n|turn|15\n|inactive|Wiilyam has 25 seconds left this turn.\n|inactive|Wiilyam has 20 seconds left.\n|inactive|Wiilyam has 15 seconds left.\n|inactive|Wiilyam has 10 seconds left.\n|\n|t:|1699537094\n|-terastallize|p1a: Calyrex|Steel\n|move|p2a: Miraidon|Electro Drift|p1a: Calyrex\n|-damage|p1a: Calyrex|59\/100\n|-damage|p2a: Miraidon|4\/100|[from] item: Life Orb\n|move|p1a: Calyrex|Iron Defense|p1a: Calyrex\n|-boost|p1a: Calyrex|def|2\n|\n|-heal|p1a: Calyrex|66\/100|[from] item: Leftovers\n|-fieldend|move: Electric Terrain\n|upkeep\n|turn|16\n|inactive|Wiilyam has 20 seconds left this turn.\n|inactive|Wiilyam has 15 seconds left.\n|inactive|Wiilyam has 10 seconds left.\n|\n|t:|1699537107\n|move|p2a: Miraidon|Electro Drift|p1a: Calyrex\n|-damage|p1a: Calyrex|38\/100\n|-damage|p2a: Miraidon|0 fnt|[from] item: Life Orb\n|faint|p2a: Miraidon\n|move|p1a: Calyrex|Glacial Lance|p2: Miraidon|[notarget]\n|-fail|p1a: Calyrex\n|\n|-heal|p1a: Calyrex|44\/100|[from] item: Leftovers\n|upkeep\n|inactive|Wiilyam has 15 seconds left this turn.\n|\n|t:|1699537122\n|switch|p2a: Zacian|Zacian-Crowned|100\/100\n|-ability|p2a: Zacian|Intrepid Sword|boost\n|-boost|p2a: Zacian|atk|1\n|turn|17\n|inactive|Wiilyam has 25 seconds left this turn.\n|inactive|Wiilyam has 20 seconds left.\n|inactive|Wiilyam has 15 seconds left.\n|\n|t:|1699537132\n|move|p2a: Zacian|Substitute|p2a: Zacian\n|-start|p2a: Zacian|Substitute\n|-damage|p2a: Zacian|76\/100\n|move|p1a: Calyrex|Glacial Lance|p2a: Zacian\n|-resisted|p2a: Zacian\n|-end|p2a: Zacian|Substitute\n|\n|-heal|p1a: Calyrex|50\/100|[from] item: Leftovers\n|upkeep\n|turn|18\n|inactive|Wiilyam has 25 seconds left this turn.\n|inactive|Wiilyam has 20 seconds left.\n|inactive|Wiilyam has 15 seconds left.\n|\n|t:|1699537154\n|move|p2a: Zacian|Swords Dance|p2a: Zacian\n|-boost|p2a: Zacian|atk|2\n|move|p1a: Calyrex|Glacial Lance|p2a: Zacian\n|-resisted|p2a: Zacian\n|-damage|p2a: Zacian|37\/100\n|\n|-heal|p1a: Calyrex|57\/100|[from] item: Leftovers\n|upkeep\n|turn|19\n|inactive|Wiilyam has 25 seconds left this turn.\n|inactive|Wiilyam has 20 seconds left.\n|inactive|Wiilyam has 15 seconds left.\n|\n|t:|1699537165\n|move|p2a: Zacian|Behemoth Blade|p1a: Calyrex\n|-resisted|p1a: Calyrex\n|-damage|p1a: Calyrex|34\/100\n|move|p1a: Calyrex|Glacial Lance|p2a: Zacian\n|-resisted|p2a: Zacian\n|-damage|p2a: Zacian|0 fnt\n|faint|p2a: Zacian\n|-ability|p1a: Calyrex|Chilling Neigh|boost\n|-boost|p1a: Calyrex|atk|1\n|\n|-heal|p1a: Calyrex|40\/100|[from] item: Leftovers\n|upkeep\n|inactive|Wiilyam has 20 seconds left this turn.\n|\n|t:|1699537175\n|switch|p2a: Landorus|Landorus-Therian, M|100\/100\n|-ability|p2a: Landorus|Intimidate|boost\n|-unboost|p1a: Calyrex|atk|1\n|turn|20\n|inactive|Wiilyam has 30 seconds left this turn.\n|\n|t:|1699537183\n|move|p2a: Landorus|Earthquake|p1a: Calyrex\n|-supereffective|p1a: Calyrex\n|-damage|p1a: Calyrex|3\/100\n|move|p1a: Calyrex|Glacial Lance|p2a: Landorus\n|-supereffective|p2a: Landorus\n|-damage|p2a: Landorus|0 fnt\n|faint|p2a: Landorus\n|-ability|p1a: Calyrex|Chilling Neigh|boost\n|-boost|p1a: Calyrex|atk|1\n|\n|-heal|p1a: Calyrex|9\/100|[from] item: Leftovers\n|upkeep\n|inactive|Wiilyam has 30 seconds left this turn.\n|\n|t:|1699537192\n|switch|p2a: Ting-Lu|Ting-Lu|100\/100\n|-ability|p2a: Ting-Lu|Vessel of Ruin\n|turn|21\n|c|\u2606DingyDing|gg\n|inactive|Wiilyam has 30 seconds left.\n|\n|t:|1699537204\n|move|p1a: Calyrex|Glacial Lance|p2a: Ting-Lu\n|-supereffective|p2a: Ting-Lu\n|-damage|p2a: Ting-Lu|0 fnt\n|faint|p2a: Ting-Lu\n|\n|win|Wiilyam\n|raw|Wiilyam's rating: 1312 &rarr; <strong>1333<\/strong><br \/>(+21 for winning)\n|raw|DingyDing's rating: 1327 &rarr; <strong>1306<\/strong><br \/>(-21 for losing)\n|c|\u2606DingyDing|bruh\n|l|\u2606DingyDing\n","uploadtime":1699537213,"views":12,"p1id":"wiilyam","p2id":"dingyding","formatid":"gen9anythinggoes","rating":1306,"private":0,"password":""}