{"id":"gen9anythinggoes-1987866902","p1":"Gooooper","p2":"HX Shiftry","format":"[Gen 9] Anything Goes","log":"|j|\u2606Gooooper\n|j|\u2606HX Shiftry\n|t:|1699644133\n|gametype|singles\n|player|p1|Gooooper|evelyn|1523\n|player|p2|HX Shiftry|psychic-gen2|1622\n|teamsize|p1|6\n|teamsize|p2|6\n|gen|9\n|tier|[Gen 9] Anything Goes\n|rated|\n|rule|HP Percentage Mod: HP is shown in percentages\n|rule|Endless Battle Clause: Forcing endless battles is banned\n|clearpoke\n|poke|p1|Ditto|\n|poke|p1|Wooper-Paldea, M|\n|poke|p1|Clodsire, M|\n|poke|p1|Arceus|\n|poke|p1|Eternatus|\n|poke|p1|Calyrex-Shadow|\n|poke|p2|Drifblim, M|\n|poke|p2|Ditto|\n|poke|p2|Koraidon|\n|poke|p2|Zacian-*|\n|poke|p2|Calyrex-Ice|\n|poke|p2|Arceus|\n|teampreview\n|inactive|Battle timer is ON: inactive players will automatically lose when time's up. (requested by Gooooper)\n|\n|t:|1699644149\n|start\n|switch|p1a: Gooper|Wooper-Paldea, M, shiny|100\/100\n|switch|p2a: Drifblim|Drifblim, M|100\/100\n|turn|1\n|c|\u2606HX Shiftry|best name\n|\n|t:|1699644158\n|move|p2a: Drifblim|Substitute|p2a: Drifblim\n|-start|p2a: Drifblim|Substitute\n|-damage|p2a: Drifblim|76\/100\n|move|p1a: Gooper|Toxic Spikes|p2a: Drifblim\n|-sidestart|p2: HX Shiftry|move: Toxic Spikes\n|\n|upkeep\n|turn|2\n|\n|t:|1699644173\n|move|p2a: Drifblim|Minimize|p2a: Drifblim\n|-boost|p2a: Drifblim|evasion|2\n|move|p1a: Gooper|Toxic Spikes|p2a: Drifblim\n|-sidestart|p2: HX Shiftry|move: Toxic Spikes\n|\n|upkeep\n|turn|3\n|\n|t:|1699644191\n|move|p2a: Drifblim|Baton Pass|p2a: Drifblim\n|\n|t:|1699644194\n|switch|p2a: Calyrex|Calyrex-Ice|100\/100|[from] Baton Pass\n|-ability|p2a: Calyrex|As One\n|-ability|p2a: Calyrex|Unnerve\n|move|p1a: Gooper|Spikes|p2a: Calyrex\n|-sidestart|p2: HX Shiftry|Spikes\n|\n|upkeep\n|turn|4\n|\n|t:|1699644212\n|move|p2a: Calyrex|Crunch|p1a: Gooper\n|-damage|p1a: Gooper|59\/100\n|move|p1a: Gooper|Spikes|p2a: Calyrex\n|-sidestart|p2: HX Shiftry|Spikes\n|\n|upkeep\n|turn|5\n|\n|t:|1699644221\n|switch|p1a: God ?|Arceus, shiny|100\/100\n|move|p2a: Calyrex|High Horsepower|p1a: God ?\n|-damage|p1a: God ?|78\/100\n|\n|-heal|p1a: God ?|84\/100|[from] item: Leftovers\n|upkeep\n|turn|6\n|\n|t:|1699644233\n|move|p2a: Calyrex|Glacial Lance|p1a: God ?\n|-damage|p1a: God ?|38\/100\n|move|p1a: God ?|Roar|p2a: Calyrex\n|drag|p2a: Ditto|Ditto|100\/100\n|-status|p2a: Ditto|tox\n|-damage|p2a: Ditto|84\/100 tox|[from] Spikes\n|-transform|p2a: Ditto|p1a: God ?|[from] ability: Imposter\n|\n|-heal|p1a: God ?|44\/100|[from] item: Leftovers\n|-damage|p2a: Ditto|78\/100 tox|[from] psn\n|upkeep\n|turn|7\n|\n|t:|1699644261\n|move|p2a: Ditto|Recover|p2a: Ditto\n|-heal|p2a: Ditto|100\/100 tox\n|move|p1a: God ?|Recover|p1a: God ?\n|-heal|p1a: God ?|94\/100\n|\n|-heal|p1a: God ?|100\/100|[from] item: Leftovers\n|-damage|p2a: Ditto|88\/100 tox|[from] psn\n|upkeep\n|turn|8\n|\n|t:|1699644282\n|switch|p2a: Drifblim|Drifblim, M|76\/100\n|switch|p1a: Gooper|Wooper-Paldea, M, shiny|59\/100\n|\n|upkeep\n|turn|9\n|\n|t:|1699644293\n|move|p2a: Drifblim|Substitute|p2a: Drifblim\n|-start|p2a: Drifblim|Substitute\n|-damage|p2a: Drifblim|51\/100\n|move|p1a: Gooper|Spikes|p2a: Drifblim\n|-sidestart|p2: HX Shiftry|Spikes\n|\n|upkeep\n|turn|10\n|\n|t:|1699644301\n|switch|p1a: God ?|Arceus, shiny|100\/100\n|move|p2a: Drifblim|Baton Pass|p2a: Drifblim\n|\n|t:|1699644314\n|switch|p2a: Koraidon|Koraidon|100\/100|[from] Baton Pass\n|-status|p2a: Koraidon|tox\n|-damage|p2a: Koraidon|76\/100 tox|[from] Spikes\n|-weather|SunnyDay|[from] ability: Orichalcum Pulse|[of] p2a: Koraidon\n|-activate|p2a: Koraidon|Orichalcum Pulse|[source]\n|\n|-weather|SunnyDay|[upkeep]\n|-damage|p2a: Koraidon|69\/100 tox|[from] psn\n|upkeep\n|turn|11\n|\n|t:|1699644326\n|switch|p1a: Gooper|Wooper-Paldea, M, shiny|59\/100\n|move|p2a: Koraidon|Collision Course|p1a: Gooper\n|-resisted|p1a: Gooper\n|-damage|p1a: Gooper|15\/100\n|\n|-weather|SunnyDay|[upkeep]\n|-damage|p2a: Koraidon|57\/100 tox|[from] psn\n|upkeep\n|turn|12\n|\n|t:|1699644334\n|move|p2a: Koraidon|Scale Shot|p1a: Gooper\n|-damage|p1a: Gooper|0 fnt\n|faint|p1a: Gooper\n|-hitcount|p1: Gooper|1\n|-unboost|p2a: Koraidon|def|1\n|-boost|p2a: Koraidon|spe|1\n|\n|-weather|SunnyDay|[upkeep]\n|-damage|p2a: Koraidon|39\/100 tox|[from] psn\n|upkeep\n|\n|t:|1699644347\n|switch|p1a: Clod|Clodsire, M, shiny|100\/100\n|turn|13\n|\n|t:|1699644368\n|move|p2a: Koraidon|Swords Dance|p2a: Koraidon\n|-boost|p2a: Koraidon|atk|2\n|move|p1a: Clod|Stealth Rock|p2a: Koraidon\n|-sidestart|p2: HX Shiftry|move: Stealth Rock\n|\n|-weather|SunnyDay|[upkeep]\n|-damage|p2a: Koraidon|14\/100 tox|[from] psn\n|upkeep\n|turn|14\n|c|\u2606HX Shiftry|oh true\n|\n|t:|1699644375\n|move|p2a: Koraidon|Scale Shot|p1a: Clod\n|-damage|p1a: Clod|87\/100\n|-damage|p1a: Clod|74\/100\n|-damage|p1a: Clod|62\/100\n|-damage|p1a: Clod|50\/100\n|-hitcount|p1a: Clod|4\n|-unboost|p2a: Koraidon|def|1\n|-boost|p2a: Koraidon|spe|1\n|move|p1a: Clod|Recover|p1a: Clod\n|-heal|p1a: Clod|99\/100\n|\n|-weather|none\n|-heal|p1a: Clod|100\/100|[from] item: Leftovers\n|-damage|p2a: Koraidon|0 fnt|[from] psn\n|faint|p2a: Koraidon\n|upkeep\n|\n|t:|1699644385\n|switch|p2a: Drifblim|Drifblim, M|51\/100\n|-damage|p2a: Drifblim|26\/100|[from] Stealth Rock\n|turn|15\n|\n|t:|1699644394\n|switch|p1a: God ?|Arceus, shiny|100\/100\n|move|p2a: Drifblim|Minimize|p2a: Drifblim\n|-boost|p2a: Drifblim|evasion|2\n|\n|upkeep\n|turn|16\n|\n|t:|1699644405\n|move|p2a: Drifblim|Minimize|p2a: Drifblim\n|-boost|p2a: Drifblim|evasion|2\n|move|p1a: God ?|Roar|p2a: Drifblim\n|drag|p2a: Ditto|Ditto|88\/100 tox\n|-damage|p2a: Ditto|63\/100 tox|[from] Spikes\n|-damage|p2a: Ditto|51\/100 tox|[from] Stealth Rock\n|-transform|p2a: Ditto|p1a: God ?|[from] ability: Imposter\n|\n|-damage|p2a: Ditto|45\/100 tox|[from] psn\n|upkeep\n|turn|17\n|\n|t:|1699644416\n|move|p2a: Ditto|Recover|p2a: Ditto\n|-heal|p2a: Ditto|95\/100 tox\n|move|p1a: God ?|Swords Dance|p1a: God ?\n|-boost|p1a: God ?|atk|2\n|\n|-damage|p2a: Ditto|83\/100 tox|[from] psn\n|upkeep\n|turn|18\n|\n|t:|1699644427\n|switch|p2a: Arceus|Arceus|100\/100\n|-status|p2a: Arceus|tox\n|-damage|p2a: Arceus|75\/100 tox|[from] Spikes\n|-damage|p2a: Arceus|63\/100 tox|[from] Stealth Rock\n|move|p1a: God ?|Roar|p2a: Arceus\n|drag|p2a: Ditto|Ditto|83\/100 tox\n|-damage|p2a: Ditto|58\/100 tox|[from] Spikes\n|-damage|p2a: Ditto|46\/100 tox|[from] Stealth Rock\n|-transform|p2a: Ditto|p1a: God ?|[from] ability: Imposter\n|\n|-damage|p2a: Ditto|40\/100 tox|[from] psn\n|upkeep\n|turn|19\n|\n|t:|1699644441\n|move|p2a: Ditto|Extreme Speed|p1a: God ?\n|-damage|p1a: God ?|65\/100\n|move|p1a: God ?|Extreme Speed|p2a: Ditto\n|-damage|p2a: Ditto|0 fnt\n|faint|p2a: Ditto\n|\n|-heal|p1a: God ?|71\/100|[from] item: Leftovers\n|upkeep\n|\n|t:|1699644457\n|switch|p2a: Calyrex|Calyrex-Ice|100\/100\n|-ability|p2a: Calyrex|As One\n|-ability|p2a: Calyrex|Unnerve\n|turn|20\n|\n|t:|1699644469\n|move|p1a: God ?|Extreme Speed|p2a: Calyrex\n|-damage|p2a: Calyrex|59\/100\n|move|p2a: Calyrex|Glacial Lance|p1a: God ?\n|-crit|p1a: God ?\n|-damage|p1a: God ?|2\/100\n|\n|-heal|p1a: God ?|8\/100|[from] item: Leftovers\n|upkeep\n|turn|21\n|\n|t:|1699644479\n|move|p1a: God ?|Extreme Speed|p2a: Calyrex\n|-damage|p2a: Calyrex|19\/100\n|move|p2a: Calyrex|Close Combat|p1a: God ?\n|-supereffective|p1a: God ?\n|-damage|p1a: God ?|0 fnt\n|-unboost|p2a: Calyrex|def|1\n|-unboost|p2a: Calyrex|spd|1\n|faint|p1a: God ?\n|-ability|p2a: Calyrex|Chilling Neigh|boost\n|-boost|p2a: Calyrex|atk|1\n|\n|upkeep\n|\n|t:|1699644491\n|switch|p1a: Death|Calyrex-Shadow|100\/100\n|-ability|p1a: Death|As One\n|-ability|p1a: Death|Unnerve\n|turn|22\n|\n|t:|1699644498\n|switch|p2a: Arceus|Arceus|63\/100 tox\n|-damage|p2a: Arceus|38\/100 tox|[from] Spikes\n|-damage|p2a: Arceus|26\/100 tox|[from] Stealth Rock\n|move|p1a: Death|Astral Barrage|p2a: Arceus\n|-immune|p2a: Arceus\n|\n|-damage|p2a: Arceus|20\/100 tox|[from] psn\n|upkeep\n|turn|23\n|\n|t:|1699644510\n|switch|p1a: Clod|Clodsire, M, shiny|100\/100\n|move|p2a: Arceus|Trick Room|p2a: Arceus\n|-fieldstart|move: Trick Room|[of] p2a: Arceus\n|\n|-damage|p2a: Arceus|7\/100 tox|[from] psn\n|upkeep\n|turn|24\n|\n|t:|1699644521\n|move|p1a: Clod|Yawn||[still]\n|-fail|p1a: Clod\n|move|p2a: Arceus|Healing Wish|p2a: Arceus\n|faint|p2a: Arceus\n|\n|upkeep\n|inactive|HX Shiftry has 120 seconds left.\n|inactive|HX Shiftry has 90 seconds left.\n|\n|t:|1699644582\n|switch|p2a: Drifblim|Drifblim, M|26\/100\n|-heal|p2a: Drifblim|100\/100|[from] move: Healing Wish\n|-damage|p2a: Drifblim|76\/100|[from] Stealth Rock\n|turn|25\n|\n|t:|1699644588\n|move|p1a: Clod|Yawn|p2a: Drifblim\n|-start|p2a: Drifblim|move: Yawn|[of] p1a: Clod\n|move|p2a: Drifblim|Substitute|p2a: Drifblim\n|-start|p2a: Drifblim|Substitute\n|-damage|p2a: Drifblim|51\/100\n|\n|upkeep\n|turn|26\n|\n|t:|1699644599\n|switch|p1a: Death|Calyrex-Shadow|100\/100\n|-ability|p1a: Death|As One\n|-ability|p1a: Death|Unnerve\n|move|p2a: Drifblim|Minimize|p2a: Drifblim\n|-boost|p2a: Drifblim|evasion|2\n|\n|-end|p2a: Drifblim|move: Yawn|[silent]\n|-status|p2a: Drifblim|slp\n|upkeep\n|turn|27\n|\n|t:|1699644610\n|cant|p2a: Drifblim|slp\n|move|p1a: Death|Astral Barrage|p2a: Drifblim\n|-supereffective|p2a: Drifblim\n|-end|p2a: Drifblim|Substitute\n|\n|-fieldend|move: Trick Room\n|upkeep\n|turn|28\n|\n|t:|1699644621\n|move|p1a: Death|Astral Barrage|p2a: Drifblim\n|-supereffective|p2a: Drifblim\n|-damage|p2a: Drifblim|0 fnt\n|faint|p2a: Drifblim\n|-ability|p1a: Death|Grim Neigh|boost\n|-boost|p1a: Death|spa|1\n|\n|upkeep\n|\n|t:|1699644623\n|switch|p2a: Zacian|Zacian-Crowned|100\/100\n|-damage|p2a: Zacian|76\/100|[from] Spikes\n|-damage|p2a: Zacian|69\/100|[from] Stealth Rock\n|-ability|p2a: Zacian|Intrepid Sword|boost\n|-boost|p2a: Zacian|atk|1\n|turn|29\n|inactive|HX Shiftry has 120 seconds left.\n|c|\u2606Gooooper|Let the sweep begin\n|\n|t:|1699644637\n|move|p1a: Death|Astral Barrage|p2a: Zacian\n|-damage|p2a: Zacian|0 fnt\n|faint|p2a: Zacian\n|-ability|p1a: Death|Grim Neigh|boost\n|-boost|p1a: Death|spa|1\n|\n|upkeep\n|\n|t:|1699644641\n|switch|p2a: Calyrex|Calyrex-Ice|19\/100\n|-ability|p2a: Calyrex|As One\n|-ability|p2a: Calyrex|Unnerve\n|turn|30\n|c|\u2606HX Shiftry|why\n|\n|t:|1699644653\n|move|p1a: Death|Pollen Puff|p2a: Calyrex\n|-supereffective|p2a: Calyrex\n|-damage|p2a: Calyrex|0 fnt\n|faint|p2a: Calyrex\n|\n|win|Gooooper\n|raw|Gooooper's rating: 1523 &rarr; <strong>1549<\/strong><br \/>(+26 for winning)\n|raw|HX Shiftry's rating: 1622 &rarr; <strong>1596<\/strong><br \/>(-26 for losing)\n","uploadtime":1699644663,"views":4,"p1id":"gooooper","p2id":"hxshiftry","formatid":"gen9anythinggoes","rating":1549,"private":0,"password":""}