{"id":"gen9anythinggoes-1989170876","p1":"Xeo009","p2":"4th Acct To 1700","format":"[Gen 9] Anything Goes","log":"|j|\u2606Xeo009\n|j|\u26064th Acct To 1700\n|t:|1699819701\n|gametype|singles\n|player|p1|Xeo009|ash-alola|1657\n|player|p2|4th Acct To 1700|clown|1705\n|teamsize|p1|6\n|teamsize|p2|6\n|gen|9\n|tier|[Gen 9] Anything Goes\n|rated|\n|rule|HP Percentage Mod: HP is shown in percentages\n|rule|Endless Battle Clause: Forcing endless battles is banned\n|clearpoke\n|poke|p1|Ditto|\n|poke|p1|Pawmot, M|\n|poke|p1|Corviknight, F|\n|poke|p1|Zacian-*|\n|poke|p1|Calyrex-Shadow|\n|poke|p1|Koraidon|\n|poke|p2|Koraidon|\n|poke|p2|Calyrex-Shadow|\n|poke|p2|Arceus-Ground|\n|poke|p2|Ribombee, M|\n|poke|p2|Skeledirge, F|\n|poke|p2|Iron Hands|\n|teampreview\n|\n|t:|1699819708\n|start\n|switch|p1a: Koraidon|Koraidon|100\/100\n|switch|p2a: RibBOMbee|Ribombee, M|100\/100\n|-weather|SunnyDay|[from] ability: Orichalcum Pulse|[of] p1a: Koraidon\n|-activate|p1a: Koraidon|Orichalcum Pulse|[source]\n|turn|1\n|\n|t:|1699819714\n|move|p2a: RibBOMbee|Sticky Web|p1a: Koraidon\n|-sidestart|p1: Xeo009|move: Sticky Web\n|move|p1a: Koraidon|Flame Charge|p2a: RibBOMbee\n|-supereffective|p2a: RibBOMbee\n|-damage|p2a: RibBOMbee|0 fnt\n|-boost|p1a: Koraidon|spe|1\n|faint|p2a: RibBOMbee\n|\n|-weather|SunnyDay|[upkeep]\n|upkeep\n|\n|t:|1699819721\n|switch|p2a: Skeledirge|Skeledirge, F|100\/100\n|turn|2\n|\n|t:|1699819726\n|move|p1a: Koraidon|Stomping Tantrum|p2a: Skeledirge\n|-supereffective|p2a: Skeledirge\n|-damage|p2a: Skeledirge|44\/100\n|move|p2a: Skeledirge|Will-O-Wisp|p1a: Koraidon\n|-status|p1a: Koraidon|brn\n|\n|-weather|SunnyDay|[upkeep]\n|-damage|p1a: Koraidon|94\/100 brn|[from] brn\n|upkeep\n|turn|3\n|\n|t:|1699819735\n|move|p1a: Koraidon|Outrage|p2a: Skeledirge\n|-damage|p2a: Skeledirge|11\/100\n|move|p2a: Skeledirge|Slack Off|p2a: Skeledirge\n|-heal|p2a: Skeledirge|62\/100\n|\n|-weather|SunnyDay|[upkeep]\n|-damage|p1a: Koraidon|88\/100 brn|[from] brn\n|upkeep\n|turn|4\n|\n|t:|1699819740\n|move|p1a: Koraidon|Outrage|p2a: Skeledirge|[from]lockedmove\n|-damage|p2a: Skeledirge|27\/100\n|move|p2a: Skeledirge|Slack Off|p2a: Skeledirge\n|-heal|p2a: Skeledirge|77\/100\n|\n|-weather|SunnyDay|[upkeep]\n|-damage|p1a: Koraidon|82\/100 brn|[from] brn\n|upkeep\n|turn|5\n|\n|t:|1699819745\n|move|p1a: Koraidon|Outrage|p2a: Skeledirge|[from]lockedmove\n|-damage|p2a: Skeledirge|43\/100\n|-start|p1a: Koraidon|confusion|[fatigue]\n|move|p2a: Skeledirge|Slack Off|p2a: Skeledirge\n|-heal|p2a: Skeledirge|94\/100\n|\n|-weather|none\n|-damage|p1a: Koraidon|76\/100 brn|[from] brn\n|upkeep\n|turn|6\n|\n|t:|1699819754\n|-activate|p1a: Koraidon|confusion\n|move|p1a: Koraidon|Outrage|p2a: Skeledirge\n|-damage|p2a: Skeledirge|69\/100\n|move|p2a: Skeledirge|Torch Song|p1a: Koraidon\n|-resisted|p1a: Koraidon\n|-damage|p1a: Koraidon|61\/100 brn\n|-boost|p2a: Skeledirge|spa|1\n|\n|-damage|p1a: Koraidon|55\/100 brn|[from] brn\n|upkeep\n|turn|7\n|\n|t:|1699819762\n|-end|p1a: Koraidon|confusion\n|move|p1a: Koraidon|Outrage|p2a: Skeledirge|[from]lockedmove\n|-damage|p2a: Skeledirge|43\/100\n|move|p2a: Skeledirge|Slack Off|p2a: Skeledirge\n|-heal|p2a: Skeledirge|93\/100\n|\n|-damage|p1a: Koraidon|49\/100 brn|[from] brn\n|upkeep\n|turn|8\n|\n|t:|1699819775\n|move|p1a: Koraidon|Outrage|p2a: Skeledirge|[from]lockedmove\n|-damage|p2a: Skeledirge|68\/100\n|-start|p1a: Koraidon|confusion|[fatigue]\n|move|p2a: Skeledirge|Hex|p1a: Koraidon\n|-damage|p1a: Koraidon|0 fnt\n|faint|p1a: Koraidon\n|\n|upkeep\n|\n|t:|1699819785\n|switch|p1a: Corviknight|Corviknight, F|100\/100\n|-ability|p1a: Corviknight|Pressure\n|turn|9\n|\n|t:|1699819791\n|move|p1a: Corviknight|Defog|p2a: Skeledirge\n|-unboost|p2a: Skeledirge|evasion|1\n|-sideend|p1: Xeo009|Sticky Web|[from] move: Defog|[of] p1a: Corviknight\n|move|p2a: Skeledirge|Will-O-Wisp|p1a: Corviknight\n|-status|p1a: Corviknight|brn\n|\n|-damage|p1a: Corviknight|94\/100 brn|[from] brn\n|upkeep\n|turn|10\n|\n|t:|1699819795\n|move|p1a: Corviknight|Brave Bird|p2a: Skeledirge\n|-damage|p2a: Skeledirge|55\/100\n|-damage|p1a: Corviknight|90\/100 brn|[from] Recoil\n|move|p2a: Skeledirge|Slack Off|p2a: Skeledirge\n|-heal|p2a: Skeledirge|100\/100\n|\n|-damage|p1a: Corviknight|84\/100 brn|[from] brn\n|upkeep\n|turn|11\n|\n|t:|1699819806\n|move|p1a: Corviknight|Body Press|p2a: Skeledirge\n|-immune|p2a: Skeledirge\n|move|p2a: Skeledirge|Torch Song|p1a: Corviknight\n|-supereffective|p1a: Corviknight\n|-damage|p1a: Corviknight|0 fnt\n|-boost|p2a: Skeledirge|spa|1\n|faint|p1a: Corviknight\n|\n|upkeep\n|\n|t:|1699819813\n|switch|p1a: Calyrex|Calyrex-Shadow|100\/100\n|-ability|p1a: Calyrex|As One\n|-ability|p1a: Calyrex|Unnerve\n|turn|12\n|\n|t:|1699819817\n|-terastallize|p2a: Skeledirge|Fire\n|move|p1a: Calyrex|Astral Barrage|p2a: Skeledirge\n|-damage|p2a: Skeledirge|32\/100\n|move|p2a: Skeledirge|Hex|p1a: Calyrex\n|-supereffective|p1a: Calyrex\n|-enditem|p1a: Calyrex|Focus Sash\n|-damage|p1a: Calyrex|1\/100\n|\n|upkeep\n|turn|13\n|\n|t:|1699819828\n|move|p1a: Calyrex|Psychic|p2a: Skeledirge\n|-damage|p2a: Skeledirge|0 fnt\n|faint|p2a: Skeledirge\n|-ability|p1a: Calyrex|Grim Neigh|boost\n|-boost|p1a: Calyrex|spa|1\n|\n|upkeep\n|\n|t:|1699819833\n|switch|p2a: Muhfuckin Blaziken|Koraidon|100\/100\n|-weather|SunnyDay|[from] ability: Orichalcum Pulse|[of] p2a: Muhfuckin Blaziken\n|-activate|p2a: Muhfuckin Blaziken|Orichalcum Pulse|[source]\n|turn|14\n|\n|t:|1699819837\n|move|p1a: Calyrex|Psychic|p2a: Muhfuckin Blaziken\n|-supereffective|p2a: Muhfuckin Blaziken\n|-enditem|p2a: Muhfuckin Blaziken|Focus Sash\n|-damage|p2a: Muhfuckin Blaziken|1\/100\n|move|p2a: Muhfuckin Blaziken|Flare Blitz|p1a: Calyrex\n|-damage|p1a: Calyrex|0 fnt\n|faint|p1a: Calyrex\n|-damage|p2a: Muhfuckin Blaziken|0 fnt|[from] Recoil\n|faint|p2a: Muhfuckin Blaziken\n|\n|-weather|SunnyDay|[upkeep]\n|upkeep\n|\n|t:|1699819856\n|switch|p1a: Pawmot|Pawmot, M|100\/100\n|switch|p2a: Iron Hands|Iron Hands|100\/100\n|turn|15\n|\n|t:|1699819860\n|move|p1a: Pawmot|Revival Blessing|p1a: Pawmot\n|\n|t:|1699819875\n|-heal|p1: Koraidon|50\/100|[from] move: Revival Blessing\n|move|p2a: Iron Hands|Iron Defense|p2a: Iron Hands\n|-boost|p2a: Iron Hands|def|2\n|\n|-weather|SunnyDay|[upkeep]\n|upkeep\n|turn|16\n|\n|t:|1699819889\n|switch|p1a: Koraidon|Koraidon|50\/100\n|-activate|p1a: Koraidon|ability: Orichalcum Pulse\n|move|p2a: Iron Hands|Swords Dance|p2a: Iron Hands\n|-boost|p2a: Iron Hands|atk|2\n|\n|-weather|SunnyDay|[upkeep]\n|upkeep\n|turn|17\n|\n|t:|1699819895\n|move|p1a: Koraidon|Outrage|p2a: Iron Hands\n|-damage|p2a: Iron Hands|74\/100\n|move|p2a: Iron Hands|Ice Punch|p1a: Koraidon\n|-supereffective|p1a: Koraidon\n|-damage|p1a: Koraidon|0 fnt\n|faint|p1a: Koraidon\n|\n|-weather|SunnyDay|[upkeep]\n|upkeep\n|\n|t:|1699819902\n|switch|p1a: Ditto|Ditto|100\/100\n|-transform|p1a: Ditto|p2a: Iron Hands|[from] ability: Imposter\n|turn|18\n|inactive|Battle timer is ON: inactive players will automatically lose when time's up. (requested by Xeo009)\n|\n|t:|1699819926\n|move|p1a: Ditto|Drain Punch|p2a: Iron Hands\n|-damage|p2a: Iron Hands|46\/100\n|move|p2a: Iron Hands|Drain Punch|p1a: Ditto\n|-damage|p1a: Ditto|49\/100\n|-heal|p2a: Iron Hands|61\/100|[from] drain|[of] p1a: Ditto\n|\n|-weather|none\n|upkeep\n|turn|19\n|\n|t:|1699819933\n|move|p1a: Ditto|Drain Punch|p2a: Iron Hands\n|-damage|p2a: Iron Hands|34\/100\n|-heal|p1a: Ditto|72\/100|[from] drain|[of] p2a: Iron Hands\n|move|p2a: Iron Hands|Drain Punch|p1a: Ditto\n|-damage|p1a: Ditto|25\/100\n|-heal|p2a: Iron Hands|48\/100|[from] drain|[of] p1a: Ditto\n|\n|upkeep\n|turn|20\n|\n|t:|1699819939\n|move|p1a: Ditto|Drain Punch|p2a: Iron Hands\n|-damage|p2a: Iron Hands|18\/100\n|-heal|p1a: Ditto|50\/100|[from] drain|[of] p2a: Iron Hands\n|move|p2a: Iron Hands|Iron Defense|p2a: Iron Hands\n|-boost|p2a: Iron Hands|def|2\n|\n|upkeep\n|turn|21\n|\n|t:|1699819944\n|move|p1a: Ditto|Drain Punch|p2a: Iron Hands\n|-damage|p2a: Iron Hands|0 fnt\n|-heal|p1a: Ditto|66\/100|[from] drain|[of] p2a: Iron Hands\n|faint|p2a: Iron Hands\n|-end|p2a: Iron Hands|Quark Drive|[silent]\n|\n|upkeep\n|\n|t:|1699819948\n|switch|p2a: Ok I'm cheating|Calyrex-Shadow|100\/100\n|-ability|p2a: Ok I'm cheating|As One\n|-ability|p2a: Ok I'm cheating|Unnerve\n|turn|22\n|\n|t:|1699819953\n|-end|p1a: Ditto|Quark Drive|[silent]\n|switch|p1a: Zacian|Zacian-Crowned|100\/100\n|-ability|p1a: Zacian|Intrepid Sword|boost\n|-boost|p1a: Zacian|atk|1\n|move|p2a: Ok I'm cheating|Psyshock|p1a: Zacian\n|-resisted|p1a: Zacian\n|-damage|p1a: Zacian|79\/100\n|\n|upkeep\n|turn|23\n|\n|t:|1699819968\n|move|p2a: Ok I'm cheating|Astral Barrage|p1a: Zacian\n|-damage|p1a: Zacian|8\/100\n|move|p1a: Zacian|Behemoth Blade|p2a: Ok I'm cheating\n|-enditem|p2a: Ok I'm cheating|Focus Sash\n|-damage|p2a: Ok I'm cheating|1\/100\n|\n|upkeep\n|turn|24\n|inactive|4th Acct To 1700 has 120 seconds left.\n|j| FlamingThunderG0d\n|inactive|Xeo009 has 120 seconds left.\n|inactive|4th Acct To 1700 has 90 seconds left.\n|\n|t:|1699820032\n|move|p2a: Ok I'm cheating|Astral Barrage|p1a: Zacian\n|-damage|p1a: Zacian|0 fnt\n|faint|p1a: Zacian\n|-ability|p2a: Ok I'm cheating|Grim Neigh|boost\n|-boost|p2a: Ok I'm cheating|spa|1\n|\n|upkeep\n|\n|t:|1699820043\n|switch|p1a: Ditto|Ditto|66\/100\n|-transform|p1a: Ditto|p2a: Ok I'm cheating|[from] ability: Imposter\n|turn|25\n|\n|t:|1699820051\n|-terastallize|p1a: Ditto|Normal\n|move|p1a: Ditto|Psyshock|p2a: Ok I'm cheating\n|-resisted|p2a: Ok I'm cheating\n|-damage|p2a: Ok I'm cheating|0 fnt\n|faint|p2a: Ok I'm cheating\n|-ability|p1a: Ditto|Grim Neigh|boost\n|-boost|p1a: Ditto|spa|1\n|\n|upkeep\n|\n|t:|1699820054\n|switch|p2a: Not my best team|Arceus-Ground|100\/100\n|turn|26\n|\n|t:|1699820056\n|move|p1a: Ditto|Psyshock|p2a: Not my best team\n|-damage|p2a: Not my best team|30\/100\n|move|p2a: Not my best team|Earthquake|p1a: Ditto\n|-damage|p1a: Ditto|0 fnt\n|faint|p1a: Ditto\n|\n|upkeep\n|\n|t:|1699820062\n|switch|p1a: Pawmot|Pawmot, M|100\/100\n|turn|27\n|inactive|4th Acct To 1700 has 120 seconds left.\n|inactive|4th Acct To 1700 has 90 seconds left.\n|\n|t:|1699820118\n|move|p1a: Pawmot|Ice Punch|p2a: Not my best team\n|-supereffective|p2a: Not my best team\n|-damage|p2a: Not my best team|0 fnt\n|faint|p2a: Not my best team\n|\n|win|Xeo009\n|raw|Xeo009's rating: 1657 &rarr; <strong>1680<\/strong><br \/>(+23 for winning)\n|raw|4th Acct To 1700's rating: 1705 &rarr; <strong>1682<\/strong><br \/>(-23 for losing)\n|c|\u2606Xeo009|Gg\n","uploadtime":1699820146,"views":4,"p1id":"xeo009","p2id":"4thacctto1700","formatid":"gen9anythinggoes","rating":1680,"private":0,"password":""}