{"id":"gen9anythinggoes-1978824300","p1":"Iknowmyabc'slol","p2":"Puigson","format":"[Gen 9] Anything Goes","log":"|j|\u2606Iknowmyabc'slol\n|j|\u2606Puigson\n|t:|1698599577\n|gametype|singles\n|player|p1|Iknowmyabc'slol|raihan|1580\n|player|p2|Puigson|steven|1736\n|teamsize|p1|6\n|teamsize|p2|6\n|gen|9\n|tier|[Gen 9] Anything Goes\n|rated|\n|rule|HP Percentage Mod: HP is shown in percentages\n|rule|Endless Battle Clause: Forcing endless battles is banned\n|clearpoke\n|poke|p1|Arceus-Fairy|\n|poke|p1|Toxapex, F|\n|poke|p1|Ting-Lu|\n|poke|p1|Calyrex-Shadow|\n|poke|p1|Koraidon|\n|poke|p1|Arceus|\n|poke|p2|Calyrex-Shadow|\n|poke|p2|Koraidon|\n|poke|p2|Arceus|\n|poke|p2|Arceus-Fairy|\n|poke|p2|Toxapex, F|\n|poke|p2|Ting-Lu|\n|teampreview\n|inactive|Battle timer is ON: inactive players will automatically lose when time's up. (requested by Puigson)\n|c|\u2606Iknowmyabc'slol|?\n|c|\u2606Iknowmyabc'slol|wtf\n|c|\u2606Puigson|Hum\n|c|\u2606Puigson|I see\n|inactive|Iknowmyabc'slol has 120 seconds left.\n|\n|t:|1698599613\n|start\n|switch|p1a: Koraidon|Koraidon|100\/100\n|switch|p2a: Arceus|Arceus-Fairy|100\/100\n|-weather|SunnyDay|[from] ability: Orichalcum Pulse|[of] p1a: Koraidon\n|-activate|p1a: Koraidon|Orichalcum Pulse|[source]\n|turn|1\n|\n|t:|1698599622\n|-terastallize|p1a: Koraidon|Fire\n|move|p1a: Koraidon|Flare Blitz|p2a: Arceus\n|-damage|p2a: Arceus|30\/100\n|-damage|p1a: Koraidon|70\/100|[from] Recoil\n|move|p2a: Arceus|Will-O-Wisp|p1a: Koraidon\n|-immune|p1a: Koraidon\n|\n|-weather|SunnyDay|[upkeep]\n|upkeep\n|turn|2\n|\n|t:|1698599631\n|switch|p2a: Toxapex|Toxapex, F|100\/100\n|move|p1a: Koraidon|Flare Blitz|p2a: Toxapex\n|-resisted|p2a: Toxapex\n|-damage|p2a: Toxapex|59\/100\n|-damage|p1a: Koraidon|54\/100|[from] item: Rocky Helmet|[of] p2a: Toxapex\n|-damage|p1a: Koraidon|42\/100|[from] Recoil\n|\n|-weather|SunnyDay|[upkeep]\n|upkeep\n|turn|3\n|\n|t:|1698599640\n|switch|p1a: Toxapex|Toxapex, F|100\/100\n|move|p2a: Toxapex|Chilling Water|p1a: Toxapex\n|-resisted|p1a: Toxapex\n|-damage|p1a: Toxapex|99\/100\n|-unboost|p1a: Toxapex|atk|1\n|\n|-weather|SunnyDay|[upkeep]\n|upkeep\n|turn|4\n|\n|t:|1698599651\n|switch|p2a: Arceus|Arceus-Fairy|30\/100\n|move|p1a: Toxapex|Toxic Spikes|p2a: Arceus\n|-sidestart|p2: Puigson|move: Toxic Spikes\n|\n|-weather|SunnyDay|[upkeep]\n|upkeep\n|turn|5\n|\n|t:|1698599659\n|move|p1a: Toxapex|Baneful Bunker|p1a: Toxapex\n|-singleturn|p1a: Toxapex|move: Protect\n|move|p2a: Arceus|Judgment|p1a: Toxapex\n|-activate|p1a: Toxapex|move: Protect\n|\n|-weather|none\n|upkeep\n|turn|6\n|\n|t:|1698599668\n|switch|p1a: Arceus|Arceus-Fairy|100\/100\n|move|p2a: Arceus|Calm Mind|p2a: Arceus\n|-boost|p2a: Arceus|spa|1\n|-boost|p2a: Arceus|spd|1\n|\n|upkeep\n|turn|7\n|\n|t:|1698599675\n|move|p1a: Arceus|Judgment|p2a: Arceus\n|-damage|p2a: Arceus|9\/100\n|move|p2a: Arceus|Recover|p2a: Arceus\n|-heal|p2a: Arceus|59\/100\n|\n|upkeep\n|turn|8\n|\n|t:|1698599683\n|move|p1a: Arceus|Taunt|p2a: Arceus\n|-start|p2a: Arceus|move: Taunt\n|cant|p2a: Arceus|move: Taunt|Calm Mind\n|\n|upkeep\n|turn|9\n|\n|t:|1698599687\n|move|p1a: Arceus|Judgment|p2a: Arceus\n|-damage|p2a: Arceus|37\/100\n|move|p2a: Arceus|Judgment|p1a: Arceus\n|-damage|p1a: Arceus|54\/100\n|\n|upkeep\n|turn|10\n|\n|t:|1698599693\n|move|p1a: Arceus|Judgment|p2a: Arceus\n|-damage|p2a: Arceus|15\/100\n|move|p2a: Arceus|Judgment|p1a: Arceus\n|-damage|p1a: Arceus|3\/100\n|\n|-end|p2a: Arceus|move: Taunt\n|upkeep\n|turn|11\n|\n|t:|1698599702\n|move|p1a: Arceus|Judgment|p2a: Arceus\n|-damage|p2a: Arceus|0 fnt\n|faint|p2a: Arceus\n|\n|upkeep\n|\n|t:|1698599705\n|switch|p2a: Toxapex|Toxapex, F|93\/100\n|-sideend|p2: Puigson|move: Toxic Spikes|[of] p2a: Toxapex\n|turn|12\n|c|\u2606Iknowmyabc'slol|lol\\\n|\n|t:|1698599709\n|move|p1a: Arceus|Recover|p1a: Arceus\n|-heal|p1a: Arceus|53\/100\n|move|p2a: Toxapex|Chilling Water|p1a: Arceus\n|-damage|p1a: Arceus|47\/100\n|-unboost|p1a: Arceus|atk|1\n|\n|upkeep\n|turn|13\n|\n|t:|1698599718\n|move|p1a: Arceus|Taunt|p2a: Toxapex\n|-start|p2a: Toxapex|move: Taunt\n|cant|p2a: Toxapex|move: Taunt|Toxic\n|\n|upkeep\n|turn|14\n|\n|t:|1698599722\n|switch|p2a: Arceus|Arceus|100\/100\n|move|p1a: Arceus|Recover|p1a: Arceus\n|-heal|p1a: Arceus|97\/100\n|\n|upkeep\n|turn|15\n|\n|t:|1698599728\n|move|p2a: Arceus|Extreme Speed|p1a: Arceus\n|-damage|p1a: Arceus|68\/100\n|-damage|p2a: Arceus|91\/100|[from] item: Life Orb\n|move|p1a: Arceus|Will-O-Wisp|p2a: Arceus\n|-status|p2a: Arceus|brn\n|\n|-damage|p2a: Arceus|84\/100 brn|[from] brn\n|upkeep\n|turn|16\n|\n|t:|1698599742\n|move|p1a: Arceus|Taunt|p2a: Arceus\n|-start|p2a: Arceus|move: Taunt\n|cant|p2a: Arceus|move: Taunt|Swords Dance\n|\n|-damage|p2a: Arceus|78\/100 brn|[from] brn\n|upkeep\n|turn|17\n|\n|t:|1698599749\n|switch|p2a: Calyrex|Calyrex-Shadow|100\/100\n|-ability|p2a: Calyrex|As One\n|-ability|p2a: Calyrex|Unnerve\n|move|p1a: Arceus|Judgment|p2a: Calyrex\n|-damage|p2a: Calyrex|52\/100\n|\n|upkeep\n|turn|18\n|\n|t:|1698599760\n|move|p2a: Calyrex|Grass Knot|p1a: Arceus\n|-damage|p1a: Arceus|38\/100\n|move|p1a: Arceus|Taunt|p2a: Calyrex\n|-start|p2a: Calyrex|move: Taunt\n|\n|upkeep\n|turn|19\n|\n|t:|1698599765\n|switch|p2a: Koraidon|Koraidon|100\/100\n|-weather|SunnyDay|[from] ability: Orichalcum Pulse|[of] p2a: Koraidon\n|-activate|p2a: Koraidon|Orichalcum Pulse|[source]\n|move|p1a: Arceus|Recover|p1a: Arceus\n|-heal|p1a: Arceus|88\/100\n|\n|-weather|SunnyDay|[upkeep]\n|upkeep\n|turn|20\n|\n|t:|1698599773\n|-terastallize|p2a: Koraidon|Fire\n|move|p2a: Koraidon|Flare Blitz|p1a: Arceus\n|-damage|p1a: Arceus|13\/100\n|-damage|p2a: Koraidon|69\/100|[from] Recoil\n|move|p1a: Arceus|Will-O-Wisp|p2a: Koraidon|[miss]\n|-miss|p1a: Arceus|p2a: Koraidon\n|\n|-weather|SunnyDay|[upkeep]\n|upkeep\n|turn|21\n|\n|t:|1698599784\n|switch|p1a: Toxapex|Toxapex, F|100\/100\n|move|p2a: Koraidon|Close Combat|p1a: Toxapex\n|-resisted|p1a: Toxapex\n|-damage|p1a: Toxapex|76\/100\n|-unboost|p2a: Koraidon|def|1\n|-unboost|p2a: Koraidon|spd|1\n|-damage|p2a: Koraidon|52\/100|[from] item: Rocky Helmet|[of] p1a: Toxapex\n|\n|-weather|SunnyDay|[upkeep]\n|upkeep\n|turn|22\n|\n|t:|1698599793\n|move|p1a: Toxapex|Baneful Bunker|p1a: Toxapex\n|-singleturn|p1a: Toxapex|move: Protect\n|move|p2a: Koraidon|Scale Shot|p1a: Toxapex\n|-activate|p1a: Toxapex|move: Protect\n|\n|-weather|SunnyDay|[upkeep]\n|upkeep\n|turn|23\n|\n|t:|1698599803\n|switch|p1a: Arceus|Arceus-Fairy|13\/100\n|move|p2a: Koraidon|Scale Shot|p1a: Arceus\n|-immune|p1a: Arceus\n|\n|-weather|none\n|upkeep\n|turn|24\n|\n|t:|1698599812\n|switch|p1a: Toxapex|Toxapex, F|100\/100\n|move|p2a: Koraidon|Flare Blitz|p1a: Toxapex\n|-resisted|p1a: Toxapex\n|-damage|p1a: Toxapex|81\/100\n|-damage|p2a: Koraidon|36\/100|[from] item: Rocky Helmet|[of] p1a: Toxapex\n|-damage|p2a: Koraidon|30\/100|[from] Recoil\n|\n|upkeep\n|turn|25\n|\n|t:|1698599820\n|move|p1a: Toxapex|Baneful Bunker|p1a: Toxapex\n|-singleturn|p1a: Toxapex|move: Protect\n|move|p2a: Koraidon|Swords Dance|p2a: Koraidon\n|-boost|p2a: Koraidon|atk|2\n|\n|upkeep\n|turn|26\n|\n|t:|1698599826\n|switch|p1a: Arceus|Arceus-Fairy|13\/100\n|move|p2a: Koraidon|Close Combat|p1a: Arceus\n|-resisted|p1a: Arceus\n|-damage|p1a: Arceus|0 fnt\n|-unboost|p2a: Koraidon|def|1\n|-unboost|p2a: Koraidon|spd|1\n|faint|p1a: Arceus\n|\n|upkeep\n|\n|t:|1698599835\n|switch|p1a: Arceus|Arceus|100\/100\n|turn|27\n|\n|t:|1698599838\n|switch|p2a: Toxapex|Toxapex, F|100\/100\n|move|p1a: Arceus|Extreme Speed|p2a: Toxapex\n|-damage|p2a: Toxapex|74\/100\n|-damage|p1a: Arceus|84\/100|[from] item: Rocky Helmet|[of] p2a: Toxapex\n|\n|upkeep\n|turn|28\n|\n|t:|1698599854\n|switch|p1a: Koraidon|Koraidon, tera:Fire|42\/100\n|-weather|SunnyDay|[from] ability: Orichalcum Pulse|[of] p1a: Koraidon\n|-activate|p1a: Koraidon|Orichalcum Pulse|[source]\n|move|p2a: Toxapex|Toxic|p1a: Koraidon\n|-status|p1a: Koraidon|tox\n|\n|-weather|SunnyDay|[upkeep]\n|-damage|p1a: Koraidon|36\/100 tox|[from] psn\n|upkeep\n|turn|29\n|\n|t:|1698599865\n|move|p1a: Koraidon|U-turn|p2a: Toxapex\n|-resisted|p2a: Toxapex\n|-damage|p2a: Toxapex|64\/100\n|-damage|p1a: Koraidon|19\/100 tox|[from] item: Rocky Helmet|[of] p2a: Toxapex\n|\n|t:|1698599871\n|switch|p1a: Arceus|Arceus|84\/100|[from] U-turn\n|move|p2a: Toxapex|Chilling Water|p1a: Arceus\n|-damage|p1a: Arceus|81\/100\n|-unboost|p1a: Arceus|atk|1\n|\n|-weather|SunnyDay|[upkeep]\n|upkeep\n|turn|30\n|\n|t:|1698599879\n|move|p1a: Arceus|Swords Dance|p1a: Arceus\n|-boost|p1a: Arceus|atk|2\n|move|p2a: Toxapex|Toxic|p1a: Arceus\n|-status|p1a: Arceus|tox\n|\n|-weather|SunnyDay|[upkeep]\n|-damage|p1a: Arceus|75\/100 tox|[from] psn\n|upkeep\n|turn|31\n|\n|t:|1698599890\n|move|p1a: Arceus|Swords Dance|p1a: Arceus\n|-boost|p1a: Arceus|atk|2\n|move|p2a: Toxapex|Haze|p2a: Toxapex\n|-clearallboost\n|\n|-weather|SunnyDay|[upkeep]\n|-damage|p1a: Arceus|63\/100 tox|[from] psn\n|upkeep\n|turn|32\n|\n|t:|1698599897\n|move|p1a: Arceus|Swords Dance|p1a: Arceus\n|-boost|p1a: Arceus|atk|2\n|move|p2a: Toxapex|Chilling Water|p1a: Arceus\n|-damage|p1a: Arceus|59\/100 tox\n|-unboost|p1a: Arceus|atk|1\n|\n|-weather|none\n|-damage|p1a: Arceus|41\/100 tox|[from] psn\n|upkeep\n|turn|33\n|\n|t:|1698599907\n|move|p1a: Arceus|Extreme Speed|p2a: Toxapex\n|-damage|p2a: Toxapex|28\/100\n|-damage|p1a: Arceus|24\/100 tox|[from] item: Rocky Helmet|[of] p2a: Toxapex\n|move|p2a: Toxapex|Haze|p2a: Toxapex\n|-clearallboost\n|\n|-damage|p1a: Arceus|0 fnt|[from] psn\n|faint|p1a: Arceus\n|upkeep\n|\n|t:|1698599919\n|switch|p1a: Koraidon|Koraidon, tera:Fire|19\/100 tox\n|-weather|SunnyDay|[from] ability: Orichalcum Pulse|[of] p1a: Koraidon\n|-activate|p1a: Koraidon|Orichalcum Pulse|[source]\n|turn|34\n|\n|t:|1698599924\n|switch|p2a: Arceus|Arceus|78\/100 brn\n|move|p1a: Koraidon|Outrage|p2a: Arceus\n|-crit|p2a: Arceus\n|-damage|p2a: Arceus|0 fnt\n|faint|p2a: Arceus\n|\n|-weather|SunnyDay|[upkeep]\n|-damage|p1a: Koraidon|13\/100 tox|[from] psn\n|upkeep\n|\n|t:|1698599934\n|switch|p2a: Toxapex|Toxapex, F|62\/100\n|turn|35\n|\n|t:|1698599937\n|move|p1a: Koraidon|Outrage|p2a: Toxapex|[from]lockedmove\n|-damage|p2a: Toxapex|12\/100\n|-damage|p1a: Koraidon|0 fnt|[from] item: Rocky Helmet|[of] p2a: Toxapex\n|faint|p1a: Koraidon\n|move|p2a: Toxapex|Recover|p2a: Toxapex\n|-heal|p2a: Toxapex|62\/100\n|\n|-weather|SunnyDay|[upkeep]\n|upkeep\n|\n|t:|1698599945\n|switch|p1a: Calyrex|Calyrex-Shadow|100\/100\n|-ability|p1a: Calyrex|As One\n|-ability|p1a: Calyrex|Unnerve\n|turn|36\n|\n|t:|1698599953\n|switch|p2a: Ting-Lu|Ting-Lu|100\/100\n|-ability|p2a: Ting-Lu|Vessel of Ruin\n|move|p1a: Calyrex|Grass Knot|p2a: Ting-Lu\n|-supereffective|p2a: Ting-Lu\n|-damage|p2a: Ting-Lu|55\/100\n|\n|-weather|SunnyDay|[upkeep]\n|-heal|p2a: Ting-Lu|62\/100|[from] item: Leftovers\n|upkeep\n|turn|37\n|\n|t:|1698599963\n|switch|p1a: Toxapex|Toxapex, F|100\/100\n|move|p2a: Ting-Lu|Earthquake|p1a: Toxapex\n|-supereffective|p1a: Toxapex\n|-damage|p1a: Toxapex|54\/100\n|\n|-weather|SunnyDay|[upkeep]\n|-heal|p2a: Ting-Lu|68\/100|[from] item: Leftovers\n|upkeep\n|turn|38\n|\n|t:|1698599973\n|switch|p2a: Koraidon|Koraidon, tera:Fire|30\/100\n|-activate|p2a: Koraidon|ability: Orichalcum Pulse\n|move|p1a: Toxapex|Baneful Bunker||[still]\n|-fail|p1a: Toxapex\n|\n|-weather|none\n|upkeep\n|turn|39\n|\n|t:|1698599982\n|move|p2a: Koraidon|Scale Shot|p1a: Toxapex\n|-damage|p1a: Toxapex|45\/100\n|-damage|p1a: Toxapex|36\/100\n|-damage|p1a: Toxapex|27\/100\n|-damage|p1a: Toxapex|19\/100\n|-damage|p1a: Toxapex|10\/100\n|-hitcount|p1a: Toxapex|5\n|-unboost|p2a: Koraidon|def|1\n|-boost|p2a: Koraidon|spe|1\n|move|p1a: Toxapex|Recover|p1a: Toxapex\n|-heal|p1a: Toxapex|60\/100\n|\n|upkeep\n|turn|40\n|\n|t:|1698599996\n|move|p2a: Koraidon|Swords Dance|p2a: Koraidon\n|-boost|p2a: Koraidon|atk|2\n|move|p1a: Toxapex|Recover|p1a: Toxapex\n|-heal|p1a: Toxapex|100\/100\n|\n|upkeep\n|turn|41\n|\n|t:|1698600005\n|move|p2a: Koraidon|Scale Shot|p1a: Toxapex\n|-damage|p1a: Toxapex|85\/100\n|-damage|p1a: Toxapex|69\/100\n|-damage|p1a: Toxapex|52\/100\n|-damage|p1a: Toxapex|34\/100\n|-hitcount|p1a: Toxapex|4\n|-unboost|p2a: Koraidon|def|1\n|-boost|p2a: Koraidon|spe|1\n|move|p1a: Toxapex|Haze|p1a: Toxapex\n|-clearallboost\n|\n|upkeep\n|turn|42\n|\n|t:|1698600018\n|move|p2a: Koraidon|Close Combat|p1a: Toxapex\n|-resisted|p1a: Toxapex\n|-damage|p1a: Toxapex|13\/100\n|-unboost|p2a: Koraidon|def|1\n|-unboost|p2a: Koraidon|spd|1\n|-damage|p2a: Koraidon|13\/100|[from] item: Rocky Helmet|[of] p1a: Toxapex\n|move|p1a: Toxapex|Recover|p1a: Toxapex\n|-heal|p1a: Toxapex|63\/100\n|\n|upkeep\n|turn|43\n|\n|t:|1698600027\n|switch|p2a: Calyrex|Calyrex-Shadow|52\/100\n|-ability|p2a: Calyrex|As One\n|-ability|p2a: Calyrex|Unnerve\n|move|p1a: Toxapex|Recover|p1a: Toxapex\n|-heal|p1a: Toxapex|100\/100\n|\n|upkeep\n|turn|44\n|\n|t:|1698600036\n|switch|p1a: Ting-Lu|Ting-Lu|100\/100\n|-ability|p1a: Ting-Lu|Vessel of Ruin\n|move|p2a: Calyrex|Astral Barrage|p1a: Ting-Lu\n|-resisted|p1a: Ting-Lu\n|-damage|p1a: Ting-Lu|86\/100\n|\n|-heal|p1a: Ting-Lu|93\/100|[from] item: Leftovers\n|upkeep\n|turn|45\n|\n|t:|1698600046\n|switch|p2a: Koraidon|Koraidon, tera:Fire|13\/100\n|-weather|SunnyDay|[from] ability: Orichalcum Pulse|[of] p2a: Koraidon\n|-activate|p2a: Koraidon|Orichalcum Pulse|[source]\n|move|p1a: Ting-Lu|Ruination|p2a: Koraidon\n|-damage|p2a: Koraidon|7\/100\n|\n|-weather|SunnyDay|[upkeep]\n|-heal|p1a: Ting-Lu|99\/100|[from] item: Leftovers\n|upkeep\n|turn|46\n|\n|t:|1698600056\n|move|p2a: Koraidon|Close Combat|p1a: Ting-Lu\n|-supereffective|p1a: Ting-Lu\n|-damage|p1a: Ting-Lu|3\/100\n|-unboost|p2a: Koraidon|def|1\n|-unboost|p2a: Koraidon|spd|1\n|move|p1a: Ting-Lu|Whirlwind|p2a: Koraidon\n|drag|p2a: Toxapex|Toxapex, F|95\/100\n|\n|-weather|SunnyDay|[upkeep]\n|-heal|p1a: Ting-Lu|9\/100|[from] item: Leftovers\n|upkeep\n|turn|47\n|\n|t:|1698600067\n|move|p1a: Ting-Lu|Spikes|p2a: Toxapex\n|-sidestart|p2: Puigson|Spikes\n|move|p2a: Toxapex|Chilling Water|p1a: Ting-Lu\n|-supereffective|p1a: Ting-Lu\n|-damage|p1a: Ting-Lu|6\/100\n|-unboost|p1a: Ting-Lu|atk|1\n|\n|-weather|SunnyDay|[upkeep]\n|-heal|p1a: Ting-Lu|12\/100|[from] item: Leftovers\n|upkeep\n|turn|48\n|\n|t:|1698600076\n|move|p1a: Ting-Lu|Spikes|p2a: Toxapex\n|-sidestart|p2: Puigson|Spikes\n|move|p2a: Toxapex|Toxic|p1a: Ting-Lu\n|-status|p1a: Ting-Lu|tox\n|\n|-weather|SunnyDay|[upkeep]\n|-heal|p1a: Ting-Lu|18\/100 tox|[from] item: Leftovers\n|-damage|p1a: Ting-Lu|12\/100 tox|[from] psn\n|upkeep\n|turn|49\n|\n|t:|1698600085\n|move|p1a: Ting-Lu|Spikes|p2a: Toxapex\n|-sidestart|p2: Puigson|Spikes\n|move|p2a: Toxapex|Chilling Water|p1a: Ting-Lu\n|-supereffective|p1a: Ting-Lu\n|-damage|p1a: Ting-Lu|8\/100 tox\n|-unboost|p1a: Ting-Lu|atk|1\n|\n|-weather|none\n|-heal|p1a: Ting-Lu|15\/100 tox|[from] item: Leftovers\n|-damage|p1a: Ting-Lu|2\/100 tox|[from] psn\n|upkeep\n|turn|50\n|\n|t:|1698600096\n|move|p1a: Ting-Lu|Ruination|p2a: Toxapex|[miss]\n|-miss|p1a: Ting-Lu|p2a: Toxapex\n|move|p2a: Toxapex|Chilling Water|p1a: Ting-Lu\n|-supereffective|p1a: Ting-Lu\n|-damage|p1a: Ting-Lu|0 fnt\n|faint|p1a: Ting-Lu\n|\n|upkeep\n|\n|t:|1698600104\n|switch|p1a: Calyrex|Calyrex-Shadow|100\/100\n|-ability|p1a: Calyrex|As One\n|-ability|p1a: Calyrex|Unnerve\n|turn|51\n|\n|t:|1698600114\n|switch|p2a: Koraidon|Koraidon, tera:Fire|7\/100\n|-damage|p2a: Koraidon|0 fnt|[from] Spikes\n|faint|p2a: Koraidon\n|move|p1a: Calyrex|Grass Knot|p2: Koraidon|[notarget]\n|-fail|p1a: Calyrex\n|\n|upkeep\n|\n|t:|1698600122\n|switch|p2a: Ting-Lu|Ting-Lu|68\/100\n|-damage|p2a: Ting-Lu|43\/100|[from] Spikes\n|-ability|p2a: Ting-Lu|Vessel of Ruin\n|turn|52\n|\n|t:|1698600132\n|move|p1a: Calyrex|Grass Knot|p2a: Ting-Lu\n|-supereffective|p2a: Ting-Lu\n|-damage|p2a: Ting-Lu|3\/100\n|move|p2a: Ting-Lu|Earthquake|p1a: Calyrex\n|-damage|p1a: Calyrex|57\/100\n|\n|-heal|p2a: Ting-Lu|9\/100|[from] item: Leftovers\n|upkeep\n|turn|53\n|\n|t:|1698600148\n|move|p1a: Calyrex|Astral Barrage|p2a: Ting-Lu\n|-resisted|p2a: Ting-Lu\n|-damage|p2a: Ting-Lu|0 fnt\n|faint|p2a: Ting-Lu\n|-ability|p1a: Calyrex|Grim Neigh|boost\n|-boost|p1a: Calyrex|spa|1\n|\n|upkeep\n|\n|t:|1698600150\n|switch|p2a: Calyrex|Calyrex-Shadow|52\/100\n|-ability|p2a: Calyrex|As One\n|-ability|p2a: Calyrex|Unnerve\n|-damage|p2a: Calyrex|27\/100|[from] Spikes\n|turn|54\n|\n|t:|1698600164\n|move|p2a: Calyrex|Astral Barrage|p1a: Calyrex\n|-supereffective|p1a: Calyrex\n|-damage|p1a: Calyrex|0 fnt\n|faint|p1a: Calyrex\n|-ability|p2a: Calyrex|Grim Neigh|boost\n|-boost|p2a: Calyrex|spa|1\n|\n|upkeep\n|\n|t:|1698600171\n|switch|p1a: Toxapex|Toxapex, F|100\/100\n|turn|55\n|\n|t:|1698600177\n|move|p1a: Toxapex|Baneful Bunker|p1a: Toxapex\n|-singleturn|p1a: Toxapex|move: Protect\n|move|p2a: Calyrex|Astral Barrage|p1a: Toxapex\n|-activate|p1a: Toxapex|move: Protect\n|\n|upkeep\n|turn|56\n|\n|t:|1698600183\n|move|p2a: Calyrex|Astral Barrage|p1a: Toxapex\n|-damage|p1a: Toxapex|10\/100\n|move|p1a: Toxapex|Haze|p1a: Toxapex\n|-clearallboost\n|\n|upkeep\n|turn|57\n|c|\u2606Puigson|Gg\n|c|\u2606Iknowmyabc'slol|gg\n|\n|t:|1698600198\n|move|p1a: Toxapex|Baneful Bunker|p1a: Toxapex\n|-singleturn|p1a: Toxapex|move: Protect\n|move|p2a: Calyrex|Astral Barrage|p1a: Toxapex\n|-activate|p1a: Toxapex|move: Protect\n|\n|upkeep\n|turn|58\n|\n|t:|1698600205\n|move|p2a: Calyrex|Astral Barrage|p1a: Toxapex\n|-damage|p1a: Toxapex|0 fnt\n|faint|p1a: Toxapex\n|\n|win|Puigson\n|raw|Iknowmyabc&apos;slol's rating: 1580 &rarr; <strong>1568<\/strong><br \/>(-12 for losing)\n|raw|Puigson's rating: 1736 &rarr; <strong>1748<\/strong><br \/>(+12 for winning)\n|c|\u2606Iknowmyabc'slol|that was a crazy game\n|c|\u2606Iknowmyabc'slol|gg\n|c|\u2606Iknowmyabc'slol|I am trying to reach ur ladder\n|c|\u2606Puigson|Indeed gg my boy\n|c|\u2606Iknowmyabc'slol|but I am not good at using this team\n|c|\u2606Puigson|I'm I'll get to 1700 in no time\n|c|\u2606Puigson|No, i think youre pretty good with it\n|c|\u2606Iknowmyabc'slol|nah\n|c|\u2606Iknowmyabc'slol|I outdid myself this round\n|c|\u2606Iknowmyabc'slol|I normally suck with it\n","uploadtime":1698600304,"views":7,"p1id":"iknowmyabcslol","p2id":"puigson","formatid":"gen9anythinggoes","rating":1568,"private":0,"password":""}