{"id":"gen9anythinggoes-1996936931","p1":"fzyus","p2":"Rifu-sosad","format":"[Gen 9] Anything Goes","log":"|j|\u2606fzyus\n|j|\u203dRifu-sosad\n|t:|1700747039\n|gametype|singles\n|player|p1|fzyus|266|1439\n|player|p2|Rifu-sosad|grimsley|1609\n|teamsize|p1|6\n|teamsize|p2|6\n|gen|9\n|tier|[Gen 9] Anything Goes\n|rated|\n|rule|HP Percentage Mod: HP is shown in percentages\n|rule|Endless Battle Clause: Forcing endless battles is banned\n|clearpoke\n|poke|p1|Calyrex-Shadow|\n|poke|p1|Kyogre|\n|poke|p1|Regieleki|\n|poke|p1|Miraidon|\n|poke|p1|Iron Bundle|\n|poke|p1|Ribombee, M|\n|poke|p2|Lycanroc-Dusk, F|\n|poke|p2|Calyrex-Shadow|\n|poke|p2|Breloom, F|\n|poke|p2|Basculegion, M|\n|poke|p2|Koraidon|\n|poke|p2|Ribombee, F|\n|teampreview\n|inactive|Battle timer is ON: inactive players will automatically lose when time's up. (requested by Rifu-sosad)\n|\n|t:|1700747055\n|start\n|switch|p1a: Iron Bundle|Iron Bundle|100\/100\n|switch|p2a: Calyrex|Calyrex-Shadow|100\/100\n|-ability|p2a: Calyrex|As One\n|-ability|p2a: Calyrex|Unnerve\n|turn|1\n|\n|t:|1700747083\n|move|p2a: Calyrex|Astral Barrage|p1a: Iron Bundle\n|-damage|p1a: Iron Bundle|0 fnt\n|faint|p1a: Iron Bundle\n|-end|p1a: Iron Bundle|Quark Drive|[silent]\n|-ability|p2a: Calyrex|Grim Neigh|boost\n|-boost|p2a: Calyrex|spa|1\n|\n|upkeep\n|\n|t:|1700747088\n|switch|p1a: Ribombee|Ribombee, M|100\/100\n|turn|2\n|\n|t:|1700747094\n|move|p2a: Calyrex|Taunt|p1a: Ribombee\n|-start|p1a: Ribombee|move: Taunt\n|cant|p1a: Ribombee|move: Taunt|Stun Spore\n|\n|upkeep\n|turn|3\n|\n|t:|1700747103\n|move|p2a: Calyrex|Astral Barrage|p1a: Ribombee\n|-enditem|p1a: Ribombee|Focus Sash\n|-damage|p1a: Ribombee|1\/100\n|move|p1a: Ribombee|Moonblast|p2a: Calyrex\n|-damage|p2a: Calyrex|59\/100\n|\n|upkeep\n|turn|4\n|\n|t:|1700747111\n|move|p2a: Calyrex|Astral Barrage|p1a: Ribombee\n|-damage|p1a: Ribombee|0 fnt\n|faint|p1a: Ribombee\n|-ability|p2a: Calyrex|Grim Neigh|boost\n|-boost|p2a: Calyrex|spa|1\n|\n|upkeep\n|\n|t:|1700747118\n|switch|p1a: Calyrex|Calyrex-Shadow|100\/100\n|-ability|p1a: Calyrex|As One\n|-ability|p1a: Calyrex|Unnerve\n|turn|5\n|\n|t:|1700747122\n|move|p1a: Calyrex|Astral Barrage|p2a: Calyrex\n|-supereffective|p2a: Calyrex\n|-damage|p2a: Calyrex|0 fnt\n|faint|p2a: Calyrex\n|-ability|p1a: Calyrex|Grim Neigh|boost\n|-boost|p1a: Calyrex|spa|1\n|\n|upkeep\n|\n|t:|1700747127\n|switch|p2a: Lycanroc|Lycanroc-Dusk, F|100\/100\n|turn|6\n|\n|t:|1700747137\n|move|p2a: Lycanroc|Sucker Punch|p1a: Calyrex\n|-supereffective|p1a: Calyrex\n|-damage|p1a: Calyrex|0 fnt\n|faint|p1a: Calyrex\n|\n|upkeep\n|\n|t:|1700747145\n|switch|p1a: Miraidon|Miraidon|100\/100\n|-fieldstart|move: Electric Terrain|[from] ability: Hadron Engine|[of] p1a: Miraidon\n|turn|7\n|\n|t:|1700747166\n|move|p1a: Miraidon|Volt Switch|p2a: Lycanroc\n|-enditem|p2a: Lycanroc|Focus Sash\n|-damage|p2a: Lycanroc|1\/100\n|\n|t:|1700747185\n|switch|p1a: Kyogre|Kyogre|100\/100|[from] Volt Switch\n|-weather|RainDance|[from] ability: Drizzle|[of] p1a: Kyogre\n|move|p2a: Lycanroc|Endeavor|p1a: Kyogre\n|-damage|p1a: Kyogre|1\/100\n|\n|-weather|RainDance|[upkeep]\n|upkeep\n|turn|8\n|\n|t:|1700747194\n|move|p2a: Lycanroc|Accelerock|p1a: Kyogre\n|-damage|p1a: Kyogre|0 fnt\n|faint|p1a: Kyogre\n|\n|-weather|RainDance|[upkeep]\n|upkeep\n|\n|t:|1700747200\n|switch|p1a: Regieleki|Regieleki|100\/100\n|turn|9\n|\n|t:|1700747206\n|move|p2a: Lycanroc|Sucker Punch|p1a: Regieleki\n|-damage|p1a: Regieleki|42\/100\n|move|p1a: Regieleki|Electro Ball|p2a: Lycanroc\n|-damage|p2a: Lycanroc|0 fnt\n|faint|p2a: Lycanroc\n|\n|-weather|RainDance|[upkeep]\n|upkeep\n|\n|t:|1700747216\n|switch|p2a: Breloom|Breloom, F|100\/100\n|turn|10\n|inactive|fzyus has 120 seconds left.\n|\n|t:|1700747247\n|move|p1a: Regieleki|Electro Ball|p2a: Breloom\n|-resisted|p2a: Breloom\n|-damage|p2a: Breloom|5\/100\n|move|p2a: Breloom|Drain Punch|p1a: Regieleki\n|-damage|p1a: Regieleki|0 fnt\n|-heal|p2a: Breloom|29\/100|[from] drain|[of] p1a: Regieleki\n|faint|p1a: Regieleki\n|\n|-weather|RainDance|[upkeep]\n|upkeep\n|\n|t:|1700747250\n|switch|p1a: Miraidon|Miraidon|100\/100\n|-activate|p1a: Miraidon|ability: Hadron Engine\n|turn|11\n|\n|t:|1700747259\n|move|p2a: Breloom|Mach Punch|p1a: Miraidon\n|-damage|p1a: Miraidon|64\/100\n|move|p1a: Miraidon|Electro Drift|p2a: Breloom\n|-resisted|p2a: Breloom\n|-damage|p2a: Breloom|0 fnt\n|faint|p2a: Breloom\n|\n|-weather|none\n|-fieldend|move: Electric Terrain\n|upkeep\n|\n|t:|1700747266\n|switch|p2a: Ribombee|Ribombee, F|100\/100\n|turn|12\n|\n|t:|1700747278\n|move|p1a: Miraidon|Electro Drift|p2a: Ribombee\n|-enditem|p2a: Ribombee|Focus Sash\n|-damage|p2a: Ribombee|1\/100\n|move|p2a: Ribombee|Moonblast|p1a: Miraidon\n|-supereffective|p1a: Miraidon\n|-damage|p1a: Miraidon|0 fnt\n|faint|p1a: Miraidon\n|\n|win|Rifu-sosad\n|raw|fzyus's rating: 1457 &rarr; <strong>1445<\/strong><br \/>(-12 for losing)\n|raw|Rifu-sosad's rating: 1609 &rarr; <strong>1621<\/strong><br \/>(+12 for winning)\n|l|\u203dRifu-sosad\n","uploadtime":1700747282,"views":0,"p1id":"fzyus","p2id":"rifusosad","formatid":"gen9anythinggoes","rating":1445,"private":0,"password":""}