{"id":"gen9anythinggoes-1989243288","p1":"firepelt123","p2":"OsCraCker2","format":"[Gen 9] Anything Goes","log":"|j|\u2606firepelt123\n|j|\u2606OsCraCker2\n|t:|1699827270\n|gametype|singles\n|player|p1|firepelt123|2|1296\n|player|p2|OsCraCker2|265|1342\n|teamsize|p1|6\n|teamsize|p2|6\n|gen|9\n|tier|[Gen 9] Anything Goes\n|rated|\n|rule|HP Percentage Mod: HP is shown in percentages\n|rule|Endless Battle Clause: Forcing endless battles is banned\n|clearpoke\n|poke|p1|Sylveon, M|\n|poke|p1|Drifblim, F|\n|poke|p1|Vaporeon, F|\n|poke|p1|Espathra, F|\n|poke|p1|Heatran, M|\n|poke|p1|Eternatus|\n|poke|p2|Miraidon|\n|poke|p2|Kingambit, M|\n|poke|p2|Talonflame, M|\n|poke|p2|Hawlucha, F|\n|poke|p2|Toxtricity, M|\n|poke|p2|Gyarados, M|\n|teampreview\n|inactive|Battle timer is ON: inactive players will automatically lose when time's up. (requested by firepelt123)\n|\n|t:|1699827280\n|start\n|switch|p1a: Drifblim|Drifblim, F|100\/100\n|switch|p2a: Toxtricity|Toxtricity, M|100\/100\n|turn|1\n|\n|t:|1699827286\n|-terastallize|p1a: Drifblim|Fairy\n|move|p2a: Toxtricity|Overdrive|p1a: Drifblim\n|-damage|p1a: Drifblim|42\/100\n|-enditem|p1a: Drifblim|Sitrus Berry|[eat]\n|-heal|p1a: Drifblim|67\/100|[from] item: Sitrus Berry\n|move|p1a: Drifblim|Minimize|p1a: Drifblim\n|-boost|p1a: Drifblim|evasion|2\n|\n|upkeep\n|turn|2\n|\n|t:|1699827294\n|move|p1a: Drifblim|Substitute|p1a: Drifblim\n|-start|p1a: Drifblim|Substitute\n|-damage|p1a: Drifblim|42\/100\n|move|p2a: Toxtricity|Sludge Bomb|p1a: Drifblim\n|-supereffective|p1a: Drifblim\n|-end|p1a: Drifblim|Substitute\n|\n|upkeep\n|turn|3\n|\n|t:|1699827301\n|move|p1a: Drifblim|Substitute|p1a: Drifblim\n|-start|p1a: Drifblim|Substitute\n|-damage|p1a: Drifblim|17\/100\n|move|p2a: Toxtricity|Overdrive|p1a: Drifblim|[miss]\n|-miss|p2a: Toxtricity|p1a: Drifblim\n|\n|upkeep\n|turn|4\n|\n|t:|1699827308\n|move|p1a: Drifblim|Minimize|p1a: Drifblim\n|-boost|p1a: Drifblim|evasion|2\n|move|p2a: Toxtricity|Overdrive|p1a: Drifblim|[miss]\n|-miss|p2a: Toxtricity|p1a: Drifblim\n|\n|upkeep\n|turn|5\n|\n|t:|1699827315\n|move|p1a: Drifblim|Minimize|p1a: Drifblim\n|-boost|p1a: Drifblim|evasion|2\n|move|p2a: Toxtricity|Overdrive|p1a: Drifblim|[miss]\n|-miss|p2a: Toxtricity|p1a: Drifblim\n|\n|upkeep\n|turn|6\n|\n|t:|1699827325\n|move|p1a: Drifblim|Baton Pass|p1a: Drifblim\n|\n|t:|1699827326\n|switch|p1a: Espathra|Espathra, F|100\/100|[from] Baton Pass\n|move|p2a: Toxtricity|Shift Gear|p2a: Toxtricity\n|-boost|p2a: Toxtricity|spe|2\n|-boost|p2a: Toxtricity|atk|1\n|\n|upkeep\n|turn|7\n|\n|t:|1699827335\n|move|p2a: Toxtricity|Boomburst|p1a: Espathra|[miss]\n|-miss|p2a: Toxtricity|p1a: Espathra\n|move|p1a: Espathra|Lumina Crash|p2a: Toxtricity\n|-supereffective|p2a: Toxtricity\n|-damage|p2a: Toxtricity|14\/100\n|-unboost|p2a: Toxtricity|spd|2\n|\n|-ability|p1a: Espathra|Speed Boost|boost\n|-boost|p1a: Espathra|spe|1\n|upkeep\n|turn|8\n|\n|t:|1699827345\n|move|p2a: Toxtricity|Boomburst|p1a: Espathra|[miss]\n|-miss|p2a: Toxtricity|p1a: Espathra\n|move|p1a: Espathra|Lumina Crash|p2a: Toxtricity\n|-supereffective|p2a: Toxtricity\n|-damage|p2a: Toxtricity|0 fnt\n|faint|p2a: Toxtricity\n|\n|-ability|p1a: Espathra|Speed Boost|boost\n|-boost|p1a: Espathra|spe|1\n|upkeep\n|\n|t:|1699827354\n|switch|p2a: Talonflame|Talonflame, M, shiny|100\/100\n|turn|9\n|\n|t:|1699827360\n|move|p2a: Talonflame|Defog||[still]\n|-fail|p2a: Talonflame\n|move|p1a: Espathra|Lumina Crash|p2a: Talonflame\n|-damage|p2a: Talonflame|55\/100\n|-unboost|p2a: Talonflame|spd|2\n|\n|-ability|p1a: Espathra|Speed Boost|boost\n|-boost|p1a: Espathra|spe|1\n|upkeep\n|turn|10\n|\n|t:|1699827375\n|move|p1a: Espathra|Lumina Crash|p2a: Talonflame\n|-damage|p2a: Talonflame|0 fnt\n|faint|p2a: Talonflame\n|\n|-ability|p1a: Espathra|Speed Boost|boost\n|-boost|p1a: Espathra|spe|1\n|upkeep\n|inactive|OsCraCker2 has 120 seconds left.\n|\n|t:|1699827402\n|switch|p2a: Gyarados|Gyarados, M, shiny|100\/100\n|turn|11\n|\n|t:|1699827409\n|move|p1a: Espathra|Lumina Crash|p2a: Gyarados\n|-damage|p2a: Gyarados|73\/100\n|-unboost|p2a: Gyarados|spd|2\n|move|p2a: Gyarados|Waterfall|p1a: Espathra\n|-end|p1a: Espathra|Substitute\n|\n|-ability|p1a: Espathra|Speed Boost|boost\n|-boost|p1a: Espathra|spe|1\n|upkeep\n|turn|12\n|\n|t:|1699827421\n|move|p1a: Espathra|Substitute|p1a: Espathra\n|-start|p1a: Espathra|Substitute\n|-damage|p1a: Espathra|76\/100\n|move|p2a: Gyarados|Waterfall|p1a: Espathra|[miss]\n|-miss|p2a: Gyarados|p1a: Espathra\n|\n|-heal|p1a: Espathra|82\/100|[from] item: Leftovers\n|-ability|p1a: Espathra|Speed Boost|boost\n|-boost|p1a: Espathra|spe|1\n|upkeep\n|turn|13\n|\n|t:|1699827435\n|move|p1a: Espathra|Baton Pass|p1a: Espathra\n|\n|t:|1699827436\n|switch|p1a: Vaporeon|Vaporeon, F|100\/100|[from] Baton Pass\n|move|p2a: Gyarados|Waterfall|p1a: Vaporeon\n|-immune|p1a: Vaporeon|[from] ability: Water Absorb\n|\n|upkeep\n|turn|14\n|\n|t:|1699827444\n|move|p1a: Vaporeon|Acid Armor|p1a: Vaporeon\n|-boost|p1a: Vaporeon|def|2\n|move|p2a: Gyarados|Outrage|p1a: Vaporeon|[miss]\n|-miss|p2a: Gyarados|p1a: Vaporeon\n|\n|upkeep\n|turn|15\n|c|\u2606OsCraCker2|gay ass strat\n|-message|OsCraCker2 forfeited.\n|\n|win|firepelt123\n|raw|firepelt123's rating: 1296 &rarr; <strong>1324<\/strong><br \/>(+28 for winning)\n|raw|OsCraCker2's rating: 1342 &rarr; <strong>1319<\/strong><br \/>(-23 for losing)\n|l|\u2606OsCraCker2\n","uploadtime":1699827454,"views":6,"p1id":"firepelt123","p2id":"oscracker2","formatid":"gen9anythinggoes","rating":1319,"private":0,"password":""}