{"id":"gen9anythinggoes-1973213540","p1":"keiggok090","p2":"Mattattac","format":"[Gen 9] Anything Goes","log":"|j|\u2606keiggok090\n|j|\u2606Mattattac\n|t:|1697940181\n|gametype|singles\n|player|p1|keiggok090|caitlin|1121\n|player|p2|Mattattac|nate|1071\n|teamsize|p1|6\n|teamsize|p2|6\n|gen|9\n|tier|[Gen 9] Anything Goes\n|rated|\n|rule|HP Percentage Mod: HP is shown in percentages\n|rule|Endless Battle Clause: Forcing endless battles is banned\n|clearpoke\n|poke|p1|Flutter Mane|\n|poke|p1|Houndstone, M|\n|poke|p1|Groudon|\n|poke|p1|Hippowdon, M|\n|poke|p1|Calyrex-Shadow|\n|poke|p1|Enamorus, F|\n|poke|p2|Calyrex-Shadow|\n|poke|p2|Great Tusk|\n|poke|p2|Volcarona, M|\n|poke|p2|Darkrai|\n|poke|p2|Ogerpon-Hearthflame, F|\n|poke|p2|Greninja-*, M|\n|teampreview\n|inactive|Battle timer is ON: inactive players will automatically lose when time's up. (requested by Mattattac)\n|c|\u2606Mattattac|yo\n|\n|t:|1697940190\n|start\n|switch|p1a: lizzo|Groudon|100\/100\n|switch|p2a: Calyrex|Calyrex-Shadow|100\/100\n|-ability|p2a: Calyrex|As One\n|-ability|p2a: Calyrex|Unnerve\n|-weather|SunnyDay|[from] ability: Drought|[of] p1a: lizzo\n|turn|1\n|c|\u2606keiggok090|hi\n|\n|t:|1697940200\n|-terastallize|p2a: Calyrex|Fairy\n|move|p2a: Calyrex|Tera Blast|p1a: lizzo|[anim] Tera Blast Fairy\n|-damage|p1a: lizzo|18\/100\n|move|p1a: lizzo|Spikes|p2a: Calyrex\n|-sidestart|p2: Mattattac|Spikes\n|\n|-weather|SunnyDay|[upkeep]\n|upkeep\n|turn|2\n|\n|t:|1697940207\n|move|p2a: Calyrex|Tera Blast|p1a: lizzo|[anim] Tera Blast Fairy\n|-damage|p1a: lizzo|0 fnt\n|faint|p1a: lizzo\n|-ability|p2a: Calyrex|Grim Neigh|boost\n|-boost|p2a: Calyrex|spa|1\n|\n|-weather|SunnyDay|[upkeep]\n|upkeep\n|\n|t:|1697940229\n|switch|p1a: wind|Flutter Mane|100\/100\n|-activate|p1a: wind|ability: Protosynthesis\n|-start|p1a: wind|protosynthesisspe\n|turn|3\n|\n|t:|1697940235\n|move|p1a: wind|Shadow Ball|p2a: Calyrex\n|-damage|p2a: Calyrex|59\/100\n|move|p2a: Calyrex|Tera Blast|p1a: wind|[anim] Tera Blast Fairy\n|-enditem|p1a: wind|Focus Sash\n|-damage|p1a: wind|1\/100\n|\n|-weather|SunnyDay|[upkeep]\n|upkeep\n|turn|4\n|\n|t:|1697940242\n|-terastallize|p1a: wind|Steel\n|move|p1a: wind|Shadow Ball|p2a: Calyrex\n|-damage|p2a: Calyrex|16\/100\n|move|p2a: Calyrex|Tera Blast|p1a: wind|[anim] Tera Blast Fairy\n|-resisted|p1a: wind\n|-crit|p1a: wind\n|-damage|p1a: wind|0 fnt\n|faint|p1a: wind\n|-end|p1a: wind|Protosynthesis|[silent]\n|-ability|p2a: Calyrex|Grim Neigh|boost\n|-boost|p2a: Calyrex|spa|1\n|\n|-weather|SunnyDay|[upkeep]\n|upkeep\n|\n|t:|1697940255\n|switch|p1a: rider|Calyrex-Shadow|100\/100\n|-ability|p1a: rider|As One\n|-ability|p1a: rider|Unnerve\n|turn|5\n|c|\u2606Mattattac|no tera blast?\n|\n|t:|1697940262\n|move|p1a: rider|Astral Barrage|p2a: Calyrex\n|-damage|p2a: Calyrex|0 fnt\n|faint|p2a: Calyrex\n|-ability|p1a: rider|Grim Neigh|boost\n|-boost|p1a: rider|spa|1\n|\n|-weather|SunnyDay|[upkeep]\n|upkeep\n|\n|t:|1697940277\n|switch|p2a: Darkrai|Darkrai, shiny|100\/100\n|-damage|p2a: Darkrai|88\/100|[from] Spikes\n|turn|6\n|\n|t:|1697940286\n|move|p1a: rider|Nasty Plot|p1a: rider\n|-boost|p1a: rider|spa|2\n|move|p2a: Darkrai|Dark Void|p1a: rider|[miss]\n|-miss|p2a: Darkrai|p1a: rider\n|\n|-weather|SunnyDay|[upkeep]\n|upkeep\n|turn|7\n|\n|t:|1697940292\n|move|p1a: rider|Astral Barrage|p2a: Darkrai\n|-resisted|p2a: Darkrai\n|-damage|p2a: Darkrai|0 fnt\n|faint|p2a: Darkrai\n|-ability|p1a: rider|Grim Neigh|boost\n|-boost|p1a: rider|spa|1\n|\n|-weather|SunnyDay|[upkeep]\n|upkeep\n|\n|t:|1697940295\n|switch|p2a: Greninja|Greninja, M, shiny|100\/100\n|-damage|p2a: Greninja|88\/100|[from] Spikes\n|turn|8\n|\n|t:|1697940314\n|move|p1a: rider|Giga Drain|p2a: Greninja\n|-supereffective|p2a: Greninja\n|-damage|p2a: Greninja|0 fnt\n|faint|p2a: Greninja\n|-ability|p1a: rider|Grim Neigh|boost\n|-boost|p1a: rider|spa|1\n|\n|-weather|none\n|upkeep\n|\n|t:|1697940322\n|switch|p2a: Ogerpon|Ogerpon-Hearthflame, F|100\/100\n|-damage|p2a: Ogerpon|88\/100|[from] Spikes\n|-ability|p2a: Ogerpon|Mold Breaker\n|turn|9\n|c|\u2606Mattattac|gg\n|\n|t:|1697940330\n|move|p1a: rider|Astral Barrage|p2a: Ogerpon\n|-damage|p2a: Ogerpon|0 fnt\n|faint|p2a: Ogerpon\n|-ability|p1a: rider|Grim Neigh|boost\n|-boost|p1a: rider|spa|1\n|\n|upkeep\n|\n|t:|1697940334\n|switch|p2a: Volcarona|Volcarona, M, shiny|100\/100\n|turn|10\n|\n|t:|1697940340\n|move|p1a: rider|Astral Barrage|p2a: Volcarona\n|-damage|p2a: Volcarona|0 fnt\n|faint|p2a: Volcarona\n|\n|upkeep\n|\n|t:|1697940341\n|switch|p2a: Great Tusk|Great Tusk, shiny|100\/100\n|-damage|p2a: Great Tusk|88\/100|[from] Spikes\n|turn|11\n|c|\u2606Mattattac|rq\n|c|\u2606Mattattac|I'm curious\n|c|\u2606Mattattac|is he sashed\n|\n|t:|1697940360\n|move|p1a: rider|Astral Barrage|p2a: Great Tusk\n|-damage|p2a: Great Tusk|0 fnt\n|faint|p2a: Great Tusk\n|-end|p2a: Great Tusk|Protosynthesis|[silent]\n|\n|win|keiggok090\n|raw|keiggok090's rating: 1138 &rarr; <strong>1158<\/strong><br \/>(+20 for winning)\n|raw|Mattattac's rating: 1071 &rarr; <strong>1054<\/strong><br \/>(-17 for losing)\n|c|\u2606keiggok090|yes\n|c|\u2606Mattattac|knew it\n|c|\u2606keiggok090|gg\n|c|\u2606Mattattac|if I hit dark void I woulda been fine then\n|c|\u2606Mattattac|gg\n","uploadtime":1697940381,"views":7,"p1id":"keiggok090","p2id":"mattattac","formatid":"gen9anythinggoes","rating":1054,"private":0,"password":""}