{"id":"gen9anythinggoes-1994229220","p1":"DexEntries","p2":"SkyKai","format":"[Gen 9] Anything Goes","log":"|j|\u2606DexEntries\n|j|\u2606SkyKai\n|t:|1700421251\n|gametype|singles\n|player|p1|DexEntries|steven|1155\n|player|p2|SkyKai|pokemonrangerf|1077\n|teamsize|p1|6\n|teamsize|p2|6\n|gen|9\n|tier|[Gen 9] Anything Goes\n|rated|\n|rule|HP Percentage Mod: HP is shown in percentages\n|rule|Endless Battle Clause: Forcing endless battles is banned\n|clearpoke\n|poke|p1|Quaquaval, F|\n|poke|p1|Meowscarada, M|\n|poke|p1|Clodsire, M|\n|poke|p1|Baxcalibur, M|\n|poke|p1|Annihilape, M|\n|poke|p1|Espathra, F|\n|poke|p2|Kyogre|\n|poke|p2|Azumarill, M|\n|poke|p2|Vaporeon, M|\n|poke|p2|Cloyster, F|\n|poke|p2|Quagsire, M|\n|poke|p2|Slowking, M|\n|teampreview\n|\n|t:|1700421261\n|start\n|switch|p1a: Meowscarada|Meowscarada, M|100\/100\n|switch|p2a: Slowking|Slowking, M|100\/100\n|turn|1\n|inactive|Battle timer is ON: inactive players will automatically lose when time's up. (requested by SkyKai)\n|inactive|DexEntries has 120 seconds left.\n|\n|t:|1700421316\n|-terastallize|p2a: Slowking|Steel\n|move|p1a: Meowscarada|Flower Trick|p2a: Slowking\n|-resisted|p2a: Slowking\n|-crit|p2a: Slowking\n|-damage|p2a: Slowking|71\/100\n|move|p2a: Slowking|Yawn|p1a: Meowscarada\n|-start|p1a: Meowscarada|move: Yawn|[of] p2a: Slowking\n|\n|-heal|p2a: Slowking|77\/100|[from] item: Leftovers\n|upkeep\n|turn|2\n|\n|t:|1700421328\n|move|p1a: Meowscarada|Knock Off|p2a: Slowking\n|-damage|p2a: Slowking|22\/100\n|-enditem|p2a: Slowking|Leftovers|[from] move: Knock Off|[of] p1a: Meowscarada\n|move|p2a: Slowking|Light Screen|p2a: Slowking\n|-sidestart|p2: SkyKai|move: Light Screen\n|\n|-end|p1a: Meowscarada|move: Yawn|[silent]\n|-status|p1a: Meowscarada|slp\n|upkeep\n|turn|3\n|\n|t:|1700421340\n|switch|p1a: Quaquaval|Quaquaval, F|100\/100\n|switch|p2a: Vaporeon|Vaporeon, M|100\/100\n|\n|upkeep\n|turn|4\n|\n|t:|1700421351\n|switch|p1a: Baxcalibur|Baxcalibur, M|100\/100\n|move|p2a: Vaporeon|Yawn|p1a: Baxcalibur\n|-start|p1a: Baxcalibur|move: Yawn|[of] p2a: Vaporeon\n|\n|upkeep\n|turn|5\n|\n|t:|1700421357\n|move|p1a: Baxcalibur|Dragon Dance|p1a: Baxcalibur\n|-boost|p1a: Baxcalibur|atk|1\n|-boost|p1a: Baxcalibur|spe|1\n|move|p2a: Vaporeon|Substitute|p2a: Vaporeon\n|-start|p2a: Vaporeon|Substitute\n|-damage|p2a: Vaporeon|76\/100\n|\n|-end|p1a: Baxcalibur|move: Yawn|[silent]\n|-status|p1a: Baxcalibur|slp\n|upkeep\n|turn|6\n|\n|t:|1700421366\n|cant|p1a: Baxcalibur|slp\n|move|p2a: Vaporeon|Haze|p2a: Vaporeon\n|-clearallboost\n|\n|-sideend|p2: SkyKai|move: Light Screen\n|upkeep\n|turn|7\n|\n|t:|1700421379\n|-curestatus|p1a: Baxcalibur|slp|[msg]\n|move|p1a: Baxcalibur|Dragon Dance|p1a: Baxcalibur\n|-boost|p1a: Baxcalibur|atk|1\n|-boost|p1a: Baxcalibur|spe|1\n|move|p2a: Vaporeon|Baton Pass|p2a: Vaporeon\n|\n|t:|1700421386\n|switch|p2a: Cloyster|Cloyster, F|100\/100|[from] Baton Pass\n|\n|upkeep\n|turn|8\n|\n|t:|1700421395\n|move|p1a: Baxcalibur|Glaive Rush|p2a: Cloyster\n|-end|p2a: Cloyster|Substitute\n|-singlemove|p1a: Baxcalibur|Glaive Rush|[silent]\n|move|p2a: Cloyster|Shell Smash|p2a: Cloyster\n|-unboost|p2a: Cloyster|def|1\n|-unboost|p2a: Cloyster|spd|1\n|-boost|p2a: Cloyster|atk|2\n|-boost|p2a: Cloyster|spa|2\n|-boost|p2a: Cloyster|spe|2\n|\n|upkeep\n|turn|9\n|\n|t:|1700421409\n|move|p2a: Cloyster|Rock Blast|p1a: Baxcalibur\n|-supereffective|p1a: Baxcalibur\n|-damage|p1a: Baxcalibur|18\/100\n|-supereffective|p1a: Baxcalibur\n|-damage|p1a: Baxcalibur|0 fnt\n|faint|p1a: Baxcalibur\n|-hitcount|p1: Baxcalibur|2\n|-damage|p2a: Cloyster|91\/100|[from] item: Life Orb\n|\n|upkeep\n|\n|t:|1700421417\n|switch|p1a: Annihilape|Annihilape, M|100\/100\n|turn|10\n|\n|t:|1700421432\n|move|p2a: Cloyster|Icicle Spear|p1a: Annihilape\n|-damage|p1a: Annihilape|65\/100\n|-damage|p1a: Annihilape|28\/100\n|-damage|p1a: Annihilape|0 fnt\n|faint|p1a: Annihilape\n|-hitcount|p1: Annihilape|3\n|-damage|p2a: Cloyster|81\/100|[from] item: Life Orb\n|\n|upkeep\n|c|\u2606DexEntries|ok c0cksucker\n|inactive|DexEntries has 120 seconds left.\n|-message|DexEntries forfeited.\n|\n|win|SkyKai\n|raw|DexEntries's rating: 1155 &rarr; <strong>1124<\/strong><br \/>(-31 for losing)\n|raw|SkyKai's rating: 1077 &rarr; <strong>1112<\/strong><br \/>(+35 for winning)\n|l|\u2606DexEntries\n","uploadtime":1700421461,"views":2,"p1id":"dexentries","p2id":"skykai","formatid":"gen9anythinggoes","rating":1112,"private":0,"password":""}