{"id":"gen9anythinggoes-1976318069","p1":"AmoghOp(","p2":"laprasplayer","format":"[Gen 9] Anything Goes","log":"|j|\u2606AmoghOp(\n|j|\u2606laprasplayer\n|inactive|Battle timer is ON: inactive players will automatically lose when time's up.\n|t:|1698285983\n|gametype|singles\n|player|p1|AmoghOp(|chili|\n|player|p2|laprasplayer|102|\n|teamsize|p1|6\n|teamsize|p2|6\n|gen|9\n|tier|[Gen 9] Anything Goes\n|rated|Tournament battle\n|rule|HP Percentage Mod: HP is shown in percentages\n|rule|Endless Battle Clause: Forcing endless battles is banned\n|rule|Tier Shift Mod: Pok\u00e9mon get stat buffs depending on their tier, excluding HP.\n|clearpoke\n|poke|p1|Ting-Lu|\n|poke|p1|Arceus-Water|\n|poke|p1|Miraidon|\n|poke|p1|Calyrex-Shadow|\n|poke|p1|Arceus|\n|poke|p1|Giratina-Origin|\n|poke|p2|Houndstone, F|\n|poke|p2|Hippowdon, F|\n|poke|p2|Koraidon|\n|poke|p2|Wo-Chien|\n|poke|p2|Miraidon|\n|poke|p2|Arceus-Fairy|\n|teampreview\n|j| ZowwyCafe\u2764\n|c|\u2606laprasplayer|I think bro forgot\n|c|\u2606AmoghOp(|What?\n|j|@cromagnet\n|inactive|AmoghOp( has 120 seconds left.\n|inactive|laprasplayer has 120 seconds left.\n|\n|t:|1698286023\n|start\n|switch|p1a: Arceus|Arceus-Water|100\/100\n|switch|p2a: Arceus|Arceus-Fairy|100\/100\n|turn|1\n|\n|t:|1698286027\n|move|p1a: Arceus|Taunt|p2a: Arceus\n|-start|p2a: Arceus|move: Taunt\n|cant|p2a: Arceus|move: Taunt|Taunt\n|\n|upkeep\n|turn|2\n|\n|t:|1698286032\n|switch|p2a: Miraidon|Miraidon|100\/100\n|-fieldstart|move: Electric Terrain|[from] ability: Hadron Engine|[of] p2a: Miraidon\n|move|p1a: Arceus|Stealth Rock|p2a: Miraidon\n|-sidestart|p2: laprasplayer|move: Stealth Rock\n|\n|upkeep\n|turn|3\n|\n|t:|1698286040\n|switch|p1a: Ting-Lu|Ting-Lu|100\/100\n|-ability|p1a: Ting-Lu|Vessel of Ruin\n|move|p2a: Miraidon|U-turn|p1a: Ting-Lu\n|-supereffective|p1a: Ting-Lu\n|-damage|p1a: Ting-Lu|86\/100\n|\n|t:|1698286055\n|switch|p2a: Koraidon|Koraidon|100\/100|[from] U-turn\n|-damage|p2a: Koraidon|94\/100|[from] Stealth Rock\n|-weather|SunnyDay|[from] ability: Orichalcum Pulse|[of] p2a: Koraidon\n|-activate|p2a: Koraidon|Orichalcum Pulse|[source]\n|\n|-weather|SunnyDay|[upkeep]\n|-heal|p1a: Ting-Lu|93\/100|[from] item: Leftovers\n|upkeep\n|turn|4\n|j|%Pure Hackmons@!\n|l|@cromagnet\n|\n|t:|1698286072\n|switch|p1a: Arceus|Arceus-Water|100\/100\n|move|p2a: Koraidon|Bulk Up|p2a: Koraidon\n|-boost|p2a: Koraidon|atk|1\n|-boost|p2a: Koraidon|def|1\n|\n|-weather|SunnyDay|[upkeep]\n|upkeep\n|turn|5\n|j| Future king of ou\n|j| Joel lllllllllll\n|l| Joel lllllllllll\n|inactive|AmoghOp( has 120 seconds left.\n|\n|t:|1698286110\n|move|p2a: Koraidon|Scale Shot|p1a: Arceus\n|-damage|p1a: Arceus|85\/100\n|-damage|p1a: Arceus|70\/100\n|-damage|p1a: Arceus|56\/100\n|-damage|p1a: Arceus|41\/100\n|-hitcount|p1a: Arceus|4\n|-unboost|p2a: Koraidon|def|1\n|-boost|p2a: Koraidon|spe|1\n|move|p1a: Arceus|Judgment|p2a: Koraidon\n|-resisted|p2a: Koraidon\n|-damage|p2a: Koraidon|83\/100\n|\n|-weather|SunnyDay|[upkeep]\n|upkeep\n|turn|6\n|l| Future king of ou\n|\n|t:|1698286133\n|move|p2a: Koraidon|Bulk Up|p2a: Koraidon\n|-boost|p2a: Koraidon|atk|1\n|-boost|p2a: Koraidon|def|1\n|move|p1a: Arceus|Recover|p1a: Arceus\n|-heal|p1a: Arceus|91\/100\n|\n|-weather|SunnyDay|[upkeep]\n|-fieldend|move: Electric Terrain\n|upkeep\n|turn|7\n|\n|t:|1698286138\n|move|p2a: Koraidon|Scale Shot|p1a: Arceus\n|-damage|p1a: Arceus|73\/100\n|-damage|p1a: Arceus|54\/100\n|-damage|p1a: Arceus|34\/100\n|-damage|p1a: Arceus|13\/100\n|-damage|p1a: Arceus|0 fnt\n|faint|p1a: Arceus\n|-hitcount|p1: Arceus|5\n|-unboost|p2a: Koraidon|def|1\n|-boost|p2a: Koraidon|spe|1\n|\n|-weather|none\n|upkeep\n|\n|t:|1698286140\n|switch|p1a: Giratina|Giratina-Origin|100\/100\n|turn|8\n|j| Joel lllllllllll\n|\n|t:|1698286145\n|-terastallize|p1a: Giratina|Steel\n|move|p2a: Koraidon|Low Kick|p1a: Giratina\n|-supereffective|p1a: Giratina\n|-damage|p1a: Giratina|0 fnt\n|faint|p1a: Giratina\n|\n|upkeep\n|l| Joel lllllllllll\n|c|\u2606AmoghOp(|Hm\n|c|\u2606laprasplayer|ayo\n|\n|t:|1698286160\n|switch|p1a: Ting-Lu|Ting-Lu|93\/100\n|-ability|p1a: Ting-Lu|Vessel of Ruin\n|turn|9\n|\n|t:|1698286166\n|move|p2a: Koraidon|Low Kick|p1a: Ting-Lu\n|-supereffective|p1a: Ting-Lu\n|-crit|p1a: Ting-Lu\n|-damage|p1a: Ting-Lu|0 fnt\n|faint|p1a: Ting-Lu\n|\n|upkeep\n|\n|t:|1698286170\n|switch|p1a: Calyrex|Calyrex-Shadow|100\/100\n|-ability|p1a: Calyrex|As One\n|-ability|p1a: Calyrex|Unnerve\n|turn|10\n|\n|t:|1698286174\n|move|p2a: Koraidon|Scale Shot|p1a: Calyrex\n|-damage|p1a: Calyrex|73\/100\n|-crit|p1a: Calyrex\n|-damage|p1a: Calyrex|35\/100\n|-damage|p1a: Calyrex|8\/100\n|-damage|p1a: Calyrex|0 fnt\n|faint|p1a: Calyrex\n|-hitcount|p1: Calyrex|4\n|-unboost|p2a: Koraidon|def|1\n|-boost|p2a: Koraidon|spe|1\n|\n|upkeep\n|\n|t:|1698286182\n|switch|p1a: Miraidon|Miraidon|100\/100\n|-fieldstart|move: Electric Terrain|[from] ability: Hadron Engine|[of] p1a: Miraidon\n|turn|11\n|\n|t:|1698286185\n|move|p2a: Koraidon|Low Kick|p1a: Miraidon\n|-damage|p1a: Miraidon|0 fnt\n|faint|p1a: Miraidon\n|\n|upkeep\n|\n|t:|1698286187\n|switch|p1a: Arceus|Arceus|100\/100\n|turn|12\n|c|\u2606laprasplayer|gg lol\n|\n|t:|1698286192\n|move|p1a: Arceus|Extreme Speed|p2a: Koraidon\n|-damage|p2a: Koraidon|29\/100\n|move|p2a: Koraidon|Low Kick|p1a: Arceus\n|-supereffective|p1a: Arceus\n|-damage|p1a: Arceus|0 fnt\n|faint|p1a: Arceus\n|\n|win|laprasplayer\n|n|\u2606AmoghOp(|amoghop\n|n|\u2606laprasplayer|laprasplayer\n|n| ZowwyCafe\u2764|zowwycafe\n|n| Pure Hackmons@!|purehackmons\n|c|\u2606AmoghOp(|Gg\n|l| Pure Hackmons\n|l|\u2606AmoghOp(\n","uploadtime":1698286194,"views":20,"p1id":"amoghop","p2id":"laprasplayer","formatid":"gen9anythinggoes","rating":0,"private":0,"password":""}