{"id":"gen9anythinggoes-1980239376","p1":"Roddyboi","p2":"Outdated Puppet","format":"[Gen 9] Anything Goes","log":"|j|\u2606Roddyboi\n|j|\u2606Outdated Puppet\n|t:|1698768792\n|gametype|singles\n|player|p1|Roddyboi|265|1371\n|player|p2|Outdated Puppet|170|1407\n|teamsize|p1|6\n|teamsize|p2|6\n|gen|9\n|tier|[Gen 9] Anything Goes\n|rated|\n|rule|HP Percentage Mod: HP is shown in percentages\n|rule|Endless Battle Clause: Forcing endless battles is banned\n|clearpoke\n|poke|p1|Zacian-*|\n|poke|p1|Miraidon|\n|poke|p1|Grimmsnarl, M|\n|poke|p1|Calyrex-Ice|\n|poke|p1|Urshifu-*, M|\n|poke|p1|Clodsire, M|\n|poke|p2|Clefable, M|\n|poke|p2|Tyranitar, M|\n|poke|p2|Toxapex, F|\n|poke|p2|Scovillain, M|\n|poke|p2|Milotic, M|\n|poke|p2|Quagsire, M|\n|teampreview\n|inactive|Battle timer is ON: inactive players will automatically lose when time's up. (requested by Roddyboi)\n|\n|t:|1698768808\n|start\n|switch|p1a: Grimmsnarl|Grimmsnarl, M, shiny|100\/100\n|switch|p2a: Scovillain|Scovillain, M|100\/100\n|turn|1\n|\n|t:|1698768815\n|move|p1a: Grimmsnarl|Taunt|p2a: Scovillain\n|-start|p2a: Scovillain|move: Taunt\n|cant|p2a: Scovillain|move: Taunt|Leech Seed\n|\n|-ability|p2a: Scovillain|Moody|boost\n|-boost|p2a: Scovillain|spe|2\n|-unboost|p2a: Scovillain|atk|1\n|upkeep\n|turn|2\n|\n|t:|1698768830\n|switch|p1a: Clodsire|Clodsire, M, shiny|100\/100\n|move|p2a: Scovillain|Flamethrower|p1a: Clodsire\n|-damage|p1a: Clodsire|78\/100\n|\n|-heal|p1a: Clodsire|85\/100|[from] item: Leftovers\n|-ability|p2a: Scovillain|Moody|boost\n|-boost|p2a: Scovillain|spe|2\n|-unboost|p2a: Scovillain|spa|1\n|upkeep\n|turn|3\n|\n|t:|1698768837\n|move|p2a: Scovillain|Flamethrower|p1a: Clodsire\n|-damage|p1a: Clodsire|65\/100\n|move|p1a: Clodsire|Yawn|p2a: Scovillain\n|-start|p2a: Scovillain|move: Yawn|[of] p1a: Clodsire\n|\n|-heal|p1a: Clodsire|71\/100|[from] item: Leftovers\n|-end|p2a: Scovillain|move: Taunt\n|-ability|p2a: Scovillain|Moody|boost\n|-boost|p2a: Scovillain|def|2\n|-unboost|p2a: Scovillain|spa|1\n|upkeep\n|turn|4\n|\n|t:|1698768844\n|move|p2a: Scovillain|Leech Seed|p1a: Clodsire\n|-start|p1a: Clodsire|move: Leech Seed\n|move|p1a: Clodsire|Recover|p1a: Clodsire\n|-heal|p1a: Clodsire|100\/100\n|\n|-damage|p1a: Clodsire|88\/100|[from] Leech Seed|[of] p2a: Scovillain\n|-end|p2a: Scovillain|move: Yawn|[silent]\n|-status|p2a: Scovillain|slp\n|-ability|p2a: Scovillain|Moody|boost\n|-boost|p2a: Scovillain|atk|2\n|-unboost|p2a: Scovillain|def|1\n|upkeep\n|turn|5\n|\n|t:|1698768856\n|cant|p2a: Scovillain|slp\n|move|p1a: Clodsire|Earthquake|p2a: Scovillain\n|-damage|p2a: Scovillain|62\/100 slp\n|\n|-heal|p2a: Scovillain|68\/100 slp|[from] item: Leftovers\n|-heal|p1a: Clodsire|94\/100|[from] item: Leftovers\n|-damage|p1a: Clodsire|82\/100|[from] Leech Seed|[of] p2a: Scovillain\n|-heal|p2a: Scovillain|84\/100 slp|[silent]\n|-ability|p2a: Scovillain|Moody|boost\n|-boost|p2a: Scovillain|def|2\n|-unboost|p2a: Scovillain|spe|1\n|upkeep\n|turn|6\n|\n|t:|1698768864\n|cant|p2a: Scovillain|slp\n|move|p1a: Clodsire|Earthquake|p2a: Scovillain\n|-damage|p2a: Scovillain|48\/100 slp\n|\n|-heal|p2a: Scovillain|54\/100 slp|[from] item: Leftovers\n|-heal|p1a: Clodsire|88\/100|[from] item: Leftovers\n|-damage|p1a: Clodsire|76\/100|[from] Leech Seed|[of] p2a: Scovillain\n|-heal|p2a: Scovillain|70\/100 slp|[silent]\n|-ability|p2a: Scovillain|Moody|boost\n|-boost|p2a: Scovillain|def|2\n|-unboost|p2a: Scovillain|spa|1\n|upkeep\n|turn|7\n|\n|t:|1698768879\n|cant|p2a: Scovillain|slp\n|move|p1a: Clodsire|Poison Jab|p2a: Scovillain\n|-supereffective|p2a: Scovillain\n|-damage|p2a: Scovillain|7\/100 slp\n|\n|-heal|p2a: Scovillain|13\/100 slp|[from] item: Leftovers\n|-heal|p1a: Clodsire|82\/100|[from] item: Leftovers\n|-damage|p1a: Clodsire|69\/100|[from] Leech Seed|[of] p2a: Scovillain\n|-heal|p2a: Scovillain|29\/100 slp|[silent]\n|-ability|p2a: Scovillain|Moody|boost\n|-boost|p2a: Scovillain|def|1\n|-unboost|p2a: Scovillain|spa|1\n|upkeep\n|turn|8\n|\n|t:|1698768890\n|-curestatus|p2a: Scovillain|slp|[msg]\n|move|p2a: Scovillain|Protect|p2a: Scovillain\n|-singleturn|p2a: Scovillain|Protect\n|move|p1a: Clodsire|Poison Jab|p2a: Scovillain\n|-activate|p2a: Scovillain|move: Protect\n|\n|-heal|p2a: Scovillain|35\/100|[from] item: Leftovers\n|-heal|p1a: Clodsire|76\/100|[from] item: Leftovers\n|-damage|p1a: Clodsire|63\/100|[from] Leech Seed|[of] p2a: Scovillain\n|-heal|p2a: Scovillain|51\/100|[silent]\n|-ability|p2a: Scovillain|Moody|boost\n|-boost|p2a: Scovillain|spe|2\n|-unboost|p2a: Scovillain|def|1\n|upkeep\n|turn|9\n|\n|t:|1698768912\n|-terastallize|p2a: Scovillain|Ghost\n|move|p2a: Scovillain|Substitute|p2a: Scovillain\n|-start|p2a: Scovillain|Substitute\n|-damage|p2a: Scovillain|27\/100\n|move|p1a: Clodsire|Poison Jab|p2a: Scovillain\n|-resisted|p2a: Scovillain\n|-activate|p2a: Scovillain|move: Substitute|[damage]\n|\n|-heal|p2a: Scovillain|33\/100|[from] item: Leftovers\n|-heal|p1a: Clodsire|69\/100|[from] item: Leftovers\n|-damage|p1a: Clodsire|57\/100|[from] Leech Seed|[of] p2a: Scovillain\n|-heal|p2a: Scovillain|49\/100|[silent]\n|-ability|p2a: Scovillain|Moody|boost\n|-boost|p2a: Scovillain|atk|2\n|-unboost|p2a: Scovillain|spd|1\n|upkeep\n|turn|10\n|\n|t:|1698768922\n|switch|p1a: Urshifu|Urshifu, M|100\/100\n|move|p2a: Scovillain|Protect||[still]\n|-fail|p2a: Scovillain\n|\n|-heal|p2a: Scovillain|55\/100|[from] item: Leftovers\n|-ability|p2a: Scovillain|Moody|boost\n|-boost|p2a: Scovillain|spd|2\n|-unboost|p2a: Scovillain|spa|1\n|upkeep\n|turn|11\n|\n|t:|1698768926\n|move|p2a: Scovillain|Leech Seed|p1a: Urshifu\n|-start|p1a: Urshifu|move: Leech Seed\n|move|p1a: Urshifu|Wicked Blow|p2a: Scovillain\n|-supereffective|p2a: Scovillain\n|-crit|p2a: Scovillain\n|-end|p2a: Scovillain|Substitute\n|\n|-heal|p2a: Scovillain|61\/100|[from] item: Leftovers\n|-damage|p1a: Urshifu|88\/100|[from] Leech Seed|[of] p2a: Scovillain\n|-heal|p2a: Scovillain|73\/100|[silent]\n|-ability|p2a: Scovillain|Moody|boost\n|-boost|p2a: Scovillain|spd|2\n|-unboost|p2a: Scovillain|spe|1\n|upkeep\n|turn|12\n|\n|t:|1698768937\n|move|p2a: Scovillain|Substitute|p2a: Scovillain\n|-start|p2a: Scovillain|Substitute\n|-damage|p2a: Scovillain|48\/100\n|move|p1a: Urshifu|Wicked Blow|p2a: Scovillain\n|-supereffective|p2a: Scovillain\n|-crit|p2a: Scovillain\n|-end|p2a: Scovillain|Substitute\n|\n|-heal|p2a: Scovillain|54\/100|[from] item: Leftovers\n|-heal|p1a: Urshifu|94\/100|[from] item: Leftovers\n|-damage|p1a: Urshifu|82\/100|[from] Leech Seed|[of] p2a: Scovillain\n|-heal|p2a: Scovillain|67\/100|[silent]\n|-ability|p2a: Scovillain|Moody|boost\n|-boost|p2a: Scovillain|atk|2\n|-unboost|p2a: Scovillain|spa|1\n|upkeep\n|turn|13\n|\n|t:|1698768955\n|move|p2a: Scovillain|Substitute|p2a: Scovillain\n|-start|p2a: Scovillain|Substitute\n|-damage|p2a: Scovillain|42\/100\n|move|p1a: Urshifu|Wicked Blow|p2a: Scovillain\n|-supereffective|p2a: Scovillain\n|-crit|p2a: Scovillain\n|-end|p2a: Scovillain|Substitute\n|\n|-heal|p2a: Scovillain|48\/100|[from] item: Leftovers\n|-heal|p1a: Urshifu|88\/100|[from] item: Leftovers\n|-damage|p1a: Urshifu|76\/100|[from] Leech Seed|[of] p2a: Scovillain\n|-heal|p2a: Scovillain|61\/100|[silent]\n|-ability|p2a: Scovillain|Moody|boost\n|-boost|p2a: Scovillain|atk|1\n|-unboost|p2a: Scovillain|def|1\n|upkeep\n|turn|14\n|\n|t:|1698768967\n|move|p2a: Scovillain|Substitute|p2a: Scovillain\n|-start|p2a: Scovillain|Substitute\n|-damage|p2a: Scovillain|36\/100\n|move|p1a: Urshifu|Trailblaze|p2a: Scovillain\n|-crit|p2a: Scovillain\n|-end|p2a: Scovillain|Substitute\n|-boost|p1a: Urshifu|spe|1\n|\n|-heal|p2a: Scovillain|42\/100|[from] item: Leftovers\n|-heal|p1a: Urshifu|82\/100|[from] item: Leftovers\n|-damage|p1a: Urshifu|70\/100|[from] Leech Seed|[of] p2a: Scovillain\n|-heal|p2a: Scovillain|54\/100|[silent]\n|-ability|p2a: Scovillain|Moody|boost\n|-boost|p2a: Scovillain|spd|2\n|-unboost|p2a: Scovillain|atk|1\n|upkeep\n|turn|15\n|\n|t:|1698768979\n|move|p2a: Scovillain|Substitute|p2a: Scovillain\n|-start|p2a: Scovillain|Substitute\n|-damage|p2a: Scovillain|30\/100\n|move|p1a: Urshifu|Wicked Blow|p2a: Scovillain\n|-supereffective|p2a: Scovillain\n|-crit|p2a: Scovillain\n|-end|p2a: Scovillain|Substitute\n|\n|-heal|p2a: Scovillain|36\/100|[from] item: Leftovers\n|-heal|p1a: Urshifu|76\/100|[from] item: Leftovers\n|-damage|p1a: Urshifu|64\/100|[from] Leech Seed|[of] p2a: Scovillain\n|-heal|p2a: Scovillain|48\/100|[silent]\n|-ability|p2a: Scovillain|Moody|boost\n|-boost|p2a: Scovillain|spd|1\n|-unboost|p2a: Scovillain|spe|1\n|upkeep\n|turn|16\n|\n|t:|1698768997\n|switch|p2a: Toxapex|Toxapex, F, shiny|100\/100\n|move|p1a: Urshifu|Trailblaze|p2a: Toxapex\n|-damage|p2a: Toxapex|90\/100\n|-boost|p1a: Urshifu|spe|1\n|-damage|p1a: Urshifu|47\/100|[from] item: Rocky Helmet|[of] p2a: Toxapex\n|\n|-heal|p1a: Urshifu|53\/100|[from] item: Leftovers\n|-damage|p1a: Urshifu|41\/100|[from] Leech Seed|[of] p2a: Toxapex\n|-heal|p2a: Toxapex|100\/100|[silent]\n|upkeep\n|turn|17\n|\n|t:|1698769009\n|switch|p1a: Miraidon|Miraidon|100\/100\n|-fieldstart|move: Electric Terrain|[from] ability: Hadron Engine|[of] p1a: Miraidon\n|move|p2a: Toxapex|Infestation|p1a: Miraidon\n|-damage|p1a: Miraidon|98\/100\n|-activate|p1a: Miraidon|move: Infestation|[of] p2a: Toxapex\n|\n|-damage|p1a: Miraidon|86\/100|[from] move: Infestation|[partiallytrapped]\n|upkeep\n|turn|18\n|\n|t:|1698769018\n|move|p2a: Toxapex|Baneful Bunker|p2a: Toxapex\n|-singleturn|p2a: Toxapex|move: Protect\n|move|p1a: Miraidon|Electro Drift|p2a: Toxapex\n|-activate|p2a: Toxapex|move: Protect\n|-status|p1a: Miraidon|psn\n|\n|-damage|p1a: Miraidon|73\/100 psn|[from] psn\n|-damage|p1a: Miraidon|61\/100 psn|[from] move: Infestation|[partiallytrapped]\n|upkeep\n|turn|19\n|\n|t:|1698769025\n|move|p1a: Miraidon|Dragon Pulse|p2a: Toxapex\n|-damage|p2a: Toxapex|48\/100\n|move|p2a: Toxapex|Recover|p2a: Toxapex\n|-heal|p2a: Toxapex|98\/100\n|\n|-damage|p1a: Miraidon|49\/100 psn|[from] psn\n|-damage|p1a: Miraidon|36\/100 psn|[from] move: Infestation|[partiallytrapped]\n|upkeep\n|turn|20\n|\n|t:|1698769032\n|move|p2a: Toxapex|Baneful Bunker|p2a: Toxapex\n|-singleturn|p2a: Toxapex|move: Protect\n|move|p1a: Miraidon|Electro Drift|p2a: Toxapex\n|-activate|p2a: Toxapex|move: Protect\n|\n|-damage|p1a: Miraidon|24\/100 psn|[from] psn\n|-damage|p1a: Miraidon|12\/100 psn|[from] move: Infestation|[partiallytrapped]\n|upkeep\n|turn|21\n|\n|t:|1698769040\n|move|p1a: Miraidon|Parabolic Charge|p2a: Toxapex\n|-supereffective|p2a: Toxapex\n|-damage|p2a: Toxapex|0 fnt\n|-heal|p1a: Miraidon|55\/100 psn|[from] drain|[of] p2a: Toxapex\n|faint|p2a: Toxapex\n|\n|-damage|p1a: Miraidon|43\/100 psn|[from] psn\n|-end|p1a: Miraidon|Infestation|[partiallytrapped]\n|-fieldend|move: Electric Terrain\n|upkeep\n|\n|t:|1698769045\n|switch|p2a: Clefable|Clefable, M|100\/100\n|turn|22\n|\n|t:|1698769050\n|move|p1a: Miraidon|Flash Cannon|p2a: Clefable\n|-supereffective|p2a: Clefable\n|-damage|p2a: Clefable|47\/100\n|-unboost|p2a: Clefable|spd|1\n|move|p2a: Clefable|Calm Mind|p2a: Clefable\n|-boost|p2a: Clefable|spa|1\n|-boost|p2a: Clefable|spd|1\n|\n|-heal|p2a: Clefable|53\/100|[from] item: Leftovers\n|-damage|p1a: Miraidon|30\/100 psn|[from] psn\n|upkeep\n|turn|23\n|\n|t:|1698769058\n|move|p2a: Clefable|Protect|p2a: Clefable\n|-singleturn|p2a: Clefable|Protect\n|move|p1a: Miraidon|Flash Cannon|p2a: Clefable\n|-activate|p2a: Clefable|move: Protect\n|\n|-heal|p2a: Clefable|59\/100|[from] item: Leftovers\n|-damage|p1a: Miraidon|18\/100 psn|[from] psn\n|upkeep\n|turn|24\n|\n|t:|1698769068\n|move|p1a: Miraidon|Flash Cannon|p2a: Clefable\n|-supereffective|p2a: Clefable\n|-damage|p2a: Clefable|0 fnt\n|faint|p2a: Clefable\n|\n|-damage|p1a: Miraidon|6\/100 psn|[from] psn\n|upkeep\n|\n|t:|1698769072\n|switch|p2a: Quagsire|Quagsire, M|100\/100\n|turn|25\n|c|\u2606Roddyboi|your team is so fucking annoying\n|\n|t:|1698769076\n|move|p1a: Miraidon|Dragon Pulse|p2a: Quagsire\n|-damage|p2a: Quagsire|63\/100\n|move|p2a: Quagsire|Liquidation|p1a: Miraidon\n|-resisted|p1a: Miraidon\n|-damage|p1a: Miraidon|0 fnt\n|faint|p1a: Miraidon\n|\n|upkeep\n|c|\u2606Outdated Puppet|and yours isnt?\n|\n|t:|1698769094\n|switch|p1a: Grimmsnarl|Grimmsnarl, M, shiny|100\/100\n|turn|26\n|\n|t:|1698769101\n|move|p1a: Grimmsnarl|Taunt|p2a: Quagsire\n|-start|p2a: Quagsire|move: Taunt\n|move|p2a: Quagsire|Drain Punch|p1a: Grimmsnarl\n|-damage|p1a: Grimmsnarl|86\/100\n|-heal|p2a: Quagsire|70\/100|[from] drain|[of] p1a: Grimmsnarl\n|-damage|p2a: Quagsire|54\/100|[from] item: Rocky Helmet|[of] p1a: Grimmsnarl\n|\n|upkeep\n|turn|27\n|\n|t:|1698769107\n|switch|p1a: Calyrex|Calyrex-Ice|100\/100\n|-ability|p1a: Calyrex|As One\n|-ability|p1a: Calyrex|Unnerve\n|move|p2a: Quagsire|Earthquake|p1a: Calyrex\n|-damage|p1a: Calyrex|82\/100\n|\n|upkeep\n|turn|28\n|\n|t:|1698769119\n|move|p1a: Calyrex|Glacial Lance|p2a: Quagsire\n|-damage|p2a: Quagsire|7\/100\n|move|p2a: Quagsire|Drain Punch|p1a: Calyrex\n|-damage|p1a: Calyrex|71\/100\n|-heal|p2a: Quagsire|12\/100|[from] drain|[of] p1a: Calyrex\n|\n|-end|p2a: Quagsire|move: Taunt\n|upkeep\n|turn|29\n|\n|t:|1698769129\n|switch|p2a: Milotic|Milotic, M|100\/100\n|move|p1a: Calyrex|Trick Room|p1a: Calyrex\n|-fieldstart|move: Trick Room|[of] p1a: Calyrex\n|\n|upkeep\n|turn|30\n|\n|t:|1698769135\n|move|p1a: Calyrex|Glacial Lance|p2a: Milotic\n|-resisted|p2a: Milotic\n|-damage|p2a: Milotic|73\/100\n|move|p2a: Milotic|Coil|p2a: Milotic\n|-boost|p2a: Milotic|atk|1\n|-boost|p2a: Milotic|def|1\n|-boost|p2a: Milotic|accuracy|1\n|\n|-heal|p2a: Milotic|79\/100|[from] item: Leftovers\n|upkeep\n|turn|31\n|\n|t:|1698769140\n|move|p1a: Calyrex|Encore|p2a: Milotic\n|-start|p2a: Milotic|Encore\n|move|p2a: Milotic|Coil|p2a: Milotic\n|-boost|p2a: Milotic|atk|1\n|-boost|p2a: Milotic|def|1\n|-boost|p2a: Milotic|accuracy|1\n|\n|-heal|p2a: Milotic|85\/100|[from] item: Leftovers\n|upkeep\n|turn|32\n|\n|t:|1698769143\n|switch|p1a: Grimmsnarl|Grimmsnarl, M, shiny|86\/100\n|move|p2a: Milotic|Coil|p2a: Milotic\n|-boost|p2a: Milotic|atk|1\n|-boost|p2a: Milotic|def|1\n|-boost|p2a: Milotic|accuracy|1\n|\n|-heal|p2a: Milotic|91\/100|[from] item: Leftovers\n|upkeep\n|turn|33\n|\n|t:|1698769145\n|move|p1a: Grimmsnarl|Taunt|p2a: Milotic\n|-start|p2a: Milotic|move: Taunt\n|cant|p2a: Milotic|move: Taunt|Coil\n|\n|-heal|p2a: Milotic|97\/100|[from] item: Leftovers\n|-end|p2a: Milotic|Encore\n|-fieldend|move: Trick Room\n|upkeep\n|turn|34\n|\n|t:|1698769153\n|move|p1a: Grimmsnarl|Thunder Wave|p2a: Milotic\n|-status|p2a: Milotic|par\n|cant|p2a: Milotic|par\n|\n|-heal|p2a: Milotic|100\/100 par|[from] item: Leftovers\n|upkeep\n|turn|35\n|\n|t:|1698769160\n|move|p1a: Grimmsnarl|Spirit Break|p2a: Milotic\n|-damage|p2a: Milotic|91\/100 par\n|-unboost|p2a: Milotic|spa|1\n|-ability|p2a: Milotic|Competitive|boost\n|-boost|p2a: Milotic|spa|2\n|move|p2a: Milotic|Scale Shot|p1a: Grimmsnarl\n|-immune|p1a: Grimmsnarl\n|\n|-heal|p2a: Milotic|97\/100 par|[from] item: Leftovers\n|-end|p2a: Milotic|move: Taunt\n|upkeep\n|turn|36\n|\n|t:|1698769170\n|move|p1a: Grimmsnarl|Taunt|p2a: Milotic\n|-start|p2a: Milotic|move: Taunt\n|cant|p2a: Milotic|move: Taunt|Hypnosis\n|\n|-heal|p2a: Milotic|100\/100 par|[from] item: Leftovers\n|upkeep\n|turn|37\n|\n|t:|1698769175\n|move|p1a: Grimmsnarl|Reflect|p1a: Grimmsnarl\n|-sidestart|p1: Roddyboi|Reflect\n|cant|p2a: Milotic|par\n|\n|upkeep\n|turn|38\n|\n|t:|1698769180\n|move|p1a: Grimmsnarl|Thunder Wave|p2a: Milotic|[miss]\n|-miss|p1a: Grimmsnarl|p2a: Milotic\n|move|p2a: Milotic|Scale Shot|p1a: Grimmsnarl\n|-immune|p1a: Grimmsnarl\n|\n|-end|p2a: Milotic|move: Taunt\n|upkeep\n|turn|39\n|\n|t:|1698769187\n|move|p1a: Grimmsnarl|Taunt|p2a: Milotic\n|-start|p2a: Milotic|move: Taunt\n|cant|p2a: Milotic|move: Taunt|Coil\n|\n|upkeep\n|turn|40\n|\n|t:|1698769192\n|move|p1a: Grimmsnarl|Thunder Wave|p2a: Milotic\n|-fail|p2a: Milotic|par\n|move|p2a: Milotic|Scale Shot|p1a: Grimmsnarl\n|-immune|p1a: Grimmsnarl\n|\n|upkeep\n|turn|41\n|\n|t:|1698769200\n|move|p1a: Grimmsnarl|Reflect||[still]\n|-fail|p1a: Grimmsnarl\n|cant|p2a: Milotic|par\n|\n|-end|p2a: Milotic|move: Taunt\n|-sideend|p1: Roddyboi|Reflect\n|upkeep\n|turn|42\n|\n|t:|1698769205\n|move|p1a: Grimmsnarl|Taunt|p2a: Milotic\n|-start|p2a: Milotic|move: Taunt\n|move|p2a: Milotic|Scale Shot|p1a: Grimmsnarl\n|-immune|p1a: Grimmsnarl\n|\n|upkeep\n|turn|43\n|\n|t:|1698769212\n|move|p1a: Grimmsnarl|Thunder Wave|p2a: Milotic\n|-fail|p2a: Milotic|par\n|move|p2a: Milotic|Scale Shot|p1a: Grimmsnarl\n|-immune|p1a: Grimmsnarl\n|\n|upkeep\n|turn|44\n|\n|t:|1698769218\n|move|p1a: Grimmsnarl|Reflect|p1a: Grimmsnarl\n|-sidestart|p1: Roddyboi|Reflect\n|move|p2a: Milotic|Scale Shot|p1a: Grimmsnarl\n|-immune|p1a: Grimmsnarl\n|\n|-end|p2a: Milotic|move: Taunt\n|upkeep\n|turn|45\n|\n|t:|1698769232\n|move|p1a: Grimmsnarl|Taunt|p2a: Milotic\n|-start|p2a: Milotic|move: Taunt\n|cant|p2a: Milotic|move: Taunt|Hypnosis\n|\n|upkeep\n|turn|46\n|\n|t:|1698769241\n|move|p1a: Grimmsnarl|Thunder Wave|p2a: Milotic\n|-fail|p2a: Milotic|par\n|move|p2a: Milotic|Scale Shot|p1a: Grimmsnarl\n|-immune|p1a: Grimmsnarl\n|\n|upkeep\n|turn|47\n|\n|t:|1698769249\n|move|p1a: Grimmsnarl|Reflect||[still]\n|-fail|p1a: Grimmsnarl\n|cant|p2a: Milotic|par\n|\n|-end|p2a: Milotic|move: Taunt\n|upkeep\n|turn|48\n|\n|t:|1698769255\n|move|p1a: Grimmsnarl|Taunt|p2a: Milotic\n|-start|p2a: Milotic|move: Taunt\n|move|p2a: Milotic|Scale Shot|p1a: Grimmsnarl\n|-immune|p1a: Grimmsnarl\n|\n|-sideend|p1: Roddyboi|Reflect\n|upkeep\n|turn|49\n|\n|t:|1698769262\n|move|p1a: Grimmsnarl|Reflect|p1a: Grimmsnarl\n|-sidestart|p1: Roddyboi|Reflect\n|move|p2a: Milotic|Scale Shot|p1a: Grimmsnarl\n|-immune|p1a: Grimmsnarl\n|\n|upkeep\n|turn|50\n|\n|t:|1698769272\n|move|p1a: Grimmsnarl|Thunder Wave|p2a: Milotic\n|-fail|p2a: Milotic|par\n|move|p2a: Milotic|Scale Shot|p1a: Grimmsnarl\n|-immune|p1a: Grimmsnarl\n|\n|-end|p2a: Milotic|move: Taunt\n|upkeep\n|turn|51\n|c|\u2606Outdated Puppet|you bored yet?\\\n|\n|t:|1698769284\n|move|p1a: Grimmsnarl|Taunt|p2a: Milotic\n|-start|p2a: Milotic|move: Taunt\n|cant|p2a: Milotic|move: Taunt|Coil\n|\n|upkeep\n|turn|52\n|\n|t:|1698769291\n|move|p1a: Grimmsnarl|Thunder Wave|p2a: Milotic\n|-fail|p2a: Milotic|par\n|move|p2a: Milotic|Scale Shot|p1a: Grimmsnarl\n|-immune|p1a: Grimmsnarl\n|\n|upkeep\n|turn|53\n|c|\u2606Roddyboi|im in class, not really\n|\n|t:|1698769300\n|move|p1a: Grimmsnarl|Taunt||[still]\n|-fail|p1a: Grimmsnarl\n|cant|p2a: Milotic|par\n|\n|-end|p2a: Milotic|move: Taunt\n|-sideend|p1: Roddyboi|Reflect\n|upkeep\n|turn|54\n|\n|t:|1698769307\n|switch|p2a: Scovillain|Scovillain, M, tera:Ghost|48\/100\n|move|p1a: Grimmsnarl|Taunt|p2a: Scovillain\n|-start|p2a: Scovillain|move: Taunt\n|\n|-heal|p2a: Scovillain|54\/100|[from] item: Leftovers\n|-ability|p2a: Scovillain|Moody|boost\n|-boost|p2a: Scovillain|def|2\n|-unboost|p2a: Scovillain|atk|1\n|upkeep\n|turn|55\n|\n|t:|1698769323\n|move|p1a: Grimmsnarl|Thunder Wave|p2a: Scovillain\n|-status|p2a: Scovillain|par\n|move|p2a: Scovillain|Flamethrower|p1a: Grimmsnarl\n|-damage|p1a: Grimmsnarl|58\/100\n|\n|-heal|p2a: Scovillain|60\/100 par|[from] item: Leftovers\n|-ability|p2a: Scovillain|Moody|boost\n|-boost|p2a: Scovillain|spe|2\n|-unboost|p2a: Scovillain|atk|1\n|upkeep\n|turn|56\n|\n|t:|1698769329\n|switch|p1a: Urshifu|Urshifu, M|41\/100\n|move|p2a: Scovillain|Flamethrower|p1a: Urshifu\n|-damage|p1a: Urshifu|0 fnt\n|faint|p1a: Urshifu\n|\n|-heal|p2a: Scovillain|66\/100 par|[from] item: Leftovers\n|-end|p2a: Scovillain|move: Taunt\n|-ability|p2a: Scovillain|Moody|boost\n|-boost|p2a: Scovillain|spe|2\n|-unboost|p2a: Scovillain|atk|1\n|upkeep\n|\n|t:|1698769335\n|switch|p1a: Grimmsnarl|Grimmsnarl, M, shiny|58\/100\n|turn|57\n|\n|t:|1698769341\n|move|p1a: Grimmsnarl|Taunt|p2a: Scovillain\n|-start|p2a: Scovillain|move: Taunt\n|cant|p2a: Scovillain|move: Taunt|Leech Seed\n|\n|-heal|p2a: Scovillain|72\/100 par|[from] item: Leftovers\n|-ability|p2a: Scovillain|Moody|boost\n|-boost|p2a: Scovillain|spe|2\n|-unboost|p2a: Scovillain|spd|1\n|upkeep\n|turn|58\n|\n|t:|1698769351\n|switch|p1a: Zacian|Zacian-Crowned|100\/100\n|-ability|p1a: Zacian|Intrepid Sword|boost\n|-boost|p1a: Zacian|atk|1\n|move|p2a: Scovillain|Flamethrower|p1a: Zacian\n|-supereffective|p1a: Zacian\n|-damage|p1a: Zacian|41\/100\n|\n|-heal|p2a: Scovillain|78\/100 par|[from] item: Leftovers\n|-ability|p2a: Scovillain|Moody|boost\n|-boost|p2a: Scovillain|def|2\n|-unboost|p2a: Scovillain|spe|1\n|upkeep\n|turn|59\n|\n|t:|1698769361\n|move|p1a: Zacian|Behemoth Blade|p2a: Scovillain\n|-damage|p2a: Scovillain|36\/100 par\n|move|p2a: Scovillain|Flamethrower|p1a: Zacian\n|-supereffective|p1a: Zacian\n|-damage|p1a: Zacian|0 fnt\n|faint|p1a: Zacian\n|\n|-heal|p2a: Scovillain|42\/100 par|[from] item: Leftovers\n|-end|p2a: Scovillain|move: Taunt\n|-ability|p2a: Scovillain|Moody|boost\n|-boost|p2a: Scovillain|def|2\n|-unboost|p2a: Scovillain|spa|1\n|upkeep\n|\n|t:|1698769366\n|switch|p1a: Grimmsnarl|Grimmsnarl, M, shiny|58\/100\n|turn|60\n|\n|t:|1698769368\n|move|p1a: Grimmsnarl|Taunt|p2a: Scovillain\n|-start|p2a: Scovillain|move: Taunt\n|cant|p2a: Scovillain|move: Taunt|Substitute\n|\n|-heal|p2a: Scovillain|48\/100 par|[from] item: Leftovers\n|-ability|p2a: Scovillain|Moody|boost\n|-boost|p2a: Scovillain|spa|2\n|-unboost|p2a: Scovillain|def|1\n|upkeep\n|turn|61\n|\n|t:|1698769378\n|move|p2a: Scovillain|Flamethrower|p1a: Grimmsnarl\n|-damage|p1a: Grimmsnarl|14\/100\n|move|p1a: Grimmsnarl|Spirit Break|p2a: Scovillain\n|-damage|p2a: Scovillain|34\/100 par\n|-unboost|p2a: Scovillain|spa|1\n|\n|-heal|p2a: Scovillain|40\/100 par|[from] item: Leftovers\n|-ability|p2a: Scovillain|Moody|boost\n|-boost|p2a: Scovillain|atk|2\n|-unboost|p2a: Scovillain|spe|1\n|upkeep\n|turn|62\n|\n|t:|1698769387\n|cant|p2a: Scovillain|par\n|move|p1a: Grimmsnarl|Spirit Break|p2a: Scovillain\n|-damage|p2a: Scovillain|27\/100 par\n|-unboost|p2a: Scovillain|spa|1\n|\n|-heal|p2a: Scovillain|33\/100 par|[from] item: Leftovers\n|-end|p2a: Scovillain|move: Taunt\n|-ability|p2a: Scovillain|Moody|boost\n|-boost|p2a: Scovillain|atk|2\n|-unboost|p2a: Scovillain|spd|1\n|upkeep\n|turn|63\n|\n|t:|1698769395\n|move|p1a: Grimmsnarl|Taunt|p2a: Scovillain\n|-start|p2a: Scovillain|move: Taunt\n|cant|p2a: Scovillain|move: Taunt|Substitute\n|\n|-heal|p2a: Scovillain|39\/100 par|[from] item: Leftovers\n|-ability|p2a: Scovillain|Moody|boost\n|-boost|p2a: Scovillain|spa|2\n|-unboost|p2a: Scovillain|atk|1\n|upkeep\n|turn|64\n|\n|t:|1698769403\n|move|p2a: Scovillain|Flamethrower|p1a: Grimmsnarl\n|-damage|p1a: Grimmsnarl|0 fnt\n|faint|p1a: Grimmsnarl\n|\n|-heal|p2a: Scovillain|45\/100 par|[from] item: Leftovers\n|-ability|p2a: Scovillain|Moody|boost\n|-boost|p2a: Scovillain|spd|2\n|-unboost|p2a: Scovillain|spa|1\n|upkeep\n|\n|t:|1698769406\n|switch|p1a: Calyrex|Calyrex-Ice|71\/100\n|-ability|p1a: Calyrex|As One\n|-ability|p1a: Calyrex|Unnerve\n|turn|65\n|\n|t:|1698769414\n|cant|p2a: Scovillain|par\n|move|p1a: Calyrex|Trick Room|p1a: Calyrex\n|-fieldstart|move: Trick Room|[of] p1a: Calyrex\n|\n|-heal|p2a: Scovillain|50\/100 par|[from] item: Leftovers\n|-end|p2a: Scovillain|move: Taunt\n|-ability|p2a: Scovillain|Moody|boost\n|-boost|p2a: Scovillain|spd|2\n|-unboost|p2a: Scovillain|def|1\n|upkeep\n|turn|66\n|\n|t:|1698769417\n|move|p1a: Calyrex|Glacial Lance|p2a: Scovillain\n|-damage|p2a: Scovillain|16\/100 par\n|cant|p2a: Scovillain|par\n|\n|-heal|p2a: Scovillain|22\/100 par|[from] item: Leftovers\n|-ability|p2a: Scovillain|Moody|boost\n|-boost|p2a: Scovillain|spe|2\n|-unboost|p2a: Scovillain|spd|1\n|upkeep\n|turn|67\n|\n|t:|1698769422\n|move|p2a: Scovillain|Protect|p2a: Scovillain\n|-singleturn|p2a: Scovillain|Protect\n|move|p1a: Calyrex|Glacial Lance|p2a: Scovillain\n|-activate|p2a: Scovillain|move: Protect\n|\n|-heal|p2a: Scovillain|28\/100 par|[from] item: Leftovers\n|-ability|p2a: Scovillain|Moody|boost\n|-boost|p2a: Scovillain|spa|2\n|-unboost|p2a: Scovillain|def|1\n|upkeep\n|turn|68\n|\n|t:|1698769433\n|switch|p2a: Milotic|Milotic, M|100\/100 par\n|move|p1a: Calyrex|Glacial Lance|p2a: Milotic\n|-resisted|p2a: Milotic\n|-damage|p2a: Milotic|73\/100 par\n|\n|-heal|p2a: Milotic|79\/100 par|[from] item: Leftovers\n|upkeep\n|turn|69\n|-message|Roddyboi forfeited.\n|\n|win|Outdated Puppet\n|raw|Roddyboi's rating: 1371 &rarr; <strong>1353<\/strong><br \/>(-18 for losing)\n|raw|Outdated Puppet's rating: 1407 &rarr; <strong>1425<\/strong><br \/>(+18 for winning)\n","uploadtime":1698769073,"views":7,"p1id":"roddyboi","p2id":"outdatedpuppet","formatid":"gen9anythinggoes","rating":1353,"private":0,"password":""}