{"id":"gen9anythinggoes-1988098654","p1":"JDog200797","p2":"cattya","format":"[Gen 9] Anything Goes","log":"|j|\u2606JDog200797\n|j|\u203dcattya\n|t:|1699669332\n|gametype|singles\n|player|p1|JDog200797|red|1129\n|player|p2|cattya|265|1134\n|teamsize|p1|6\n|teamsize|p2|6\n|gen|9\n|tier|[Gen 9] Anything Goes\n|rated|\n|rule|HP Percentage Mod: HP is shown in percentages\n|rule|Endless Battle Clause: Forcing endless battles is banned\n|clearpoke\n|poke|p1|Ursaluna, F|\n|poke|p1|Arcanine-Hisui, M|\n|poke|p1|Dragonite, F|\n|poke|p1|Cinderace, F|\n|poke|p1|Zapdos|\n|poke|p1|Gengar, F|\n|poke|p2|Glimmora, M|\n|poke|p2|Spiritomb, F|\n|poke|p2|Iron Hands|\n|poke|p2|Samurott-Hisui, M|\n|poke|p2|Rayquaza|\n|poke|p2|Kingambit, F|\n|teampreview\n|\n|t:|1699669335\n|start\n|switch|p1a: Cinderace|Cinderace, F|100\/100\n|switch|p2a: Glimmora|Glimmora, M|100\/100\n|-item|p2a: Glimmora|Air Balloon\n|turn|1\n|\n|t:|1699669345\n|move|p1a: Cinderace|Bulk Up|p1a: Cinderace\n|-start|p1a: Cinderace|typechange|Fighting|[from] ability: Libero\n|-boost|p1a: Cinderace|atk|1\n|-boost|p1a: Cinderace|def|1\n|move|p2a: Glimmora|Stealth Rock|p1a: Cinderace\n|-sidestart|p1: JDog200797|move: Stealth Rock\n|\n|upkeep\n|turn|2\n|\n|t:|1699669352\n|move|p1a: Cinderace|Bulk Up|p1a: Cinderace\n|-boost|p1a: Cinderace|atk|1\n|-boost|p1a: Cinderace|def|1\n|move|p2a: Glimmora|Spikes|p1a: Cinderace\n|-sidestart|p1: JDog200797|Spikes\n|\n|upkeep\n|turn|3\n|\n|t:|1699669358\n|move|p1a: Cinderace|Baton Pass|p1a: Cinderace\n|\n|t:|1699669365\n|switch|p1a: Arcanine|Arcanine-Hisui, M, shiny|100\/100|[from] Baton Pass\n|-damage|p1a: Arcanine|75\/100|[from] Stealth Rock\n|-damage|p1a: Arcanine|63\/100|[from] Spikes\n|move|p2a: Glimmora|Spikes|p1a: Arcanine\n|-sidestart|p1: JDog200797|Spikes\n|\n|upkeep\n|turn|4\n|\n|t:|1699669385\n|move|p1a: Arcanine|Head Smash|p2a: Glimmora\n|-damage|p2a: Glimmora|0 fnt\n|-activate|p2a: Glimmora|ability: Toxic Debris\n|-sidestart|p1: JDog200797|move: Toxic Spikes\n|-enditem|p2a: Glimmora|Air Balloon\n|faint|p2a: Glimmora\n|\n|upkeep\n|\n|t:|1699669397\n|switch|p2a: Samurott|Samurott-Hisui, M|100\/100\n|turn|5\n|\n|t:|1699669409\n|-terastallize|p1a: Arcanine|Normal\n|move|p2a: Samurott|Razor Shell|p1a: Arcanine\n|-damage|p1a: Arcanine|32\/100\n|-unboost|p1a: Arcanine|def|1\n|move|p1a: Arcanine|Double-Edge|p2a: Samurott\n|-damage|p2a: Samurott|0 fnt\n|faint|p2a: Samurott\n|\n|upkeep\n|\n|t:|1699669419\n|switch|p2a: Iron Hands|Iron Hands|100\/100\n|-enditem|p2a: Iron Hands|Booster Energy\n|-activate|p2a: Iron Hands|ability: Quark Drive|[fromitem]\n|-start|p2a: Iron Hands|quarkdriveatk\n|turn|6\n|\n|t:|1699669428\n|move|p2a: Iron Hands|Fake Out|p1a: Arcanine\n|-damage|p1a: Arcanine|15\/100\n|cant|p1a: Arcanine|flinch\n|\n|upkeep\n|turn|7\n|\n|t:|1699669439\n|-terastallize|p2a: Iron Hands|Fighting\n|move|p1a: Arcanine|Head Smash|p2a: Iron Hands|[miss]\n|-miss|p1a: Arcanine|p2a: Iron Hands\n|move|p2a: Iron Hands|Drain Punch|p1a: Arcanine\n|-supereffective|p1a: Arcanine\n|-damage|p1a: Arcanine|0 fnt\n|faint|p1a: Arcanine\n|\n|upkeep\n|\n|t:|1699669449\n|switch|p1a: Gengar|Gengar, F, shiny|100\/100\n|-damage|p1a: Gengar|88\/100|[from] Stealth Rock\n|-damage|p1a: Gengar|72\/100|[from] Spikes\n|-sideend|p1: JDog200797|move: Toxic Spikes|[of] p1a: Gengar\n|turn|8\n|\n|t:|1699669467\n|move|p1a: Gengar|Nasty Plot|p1a: Gengar\n|-boost|p1a: Gengar|spa|2\n|move|p2a: Iron Hands|Fire Punch|p1a: Gengar\n|-damage|p1a: Gengar|0 fnt\n|-damage|p2a: Iron Hands|84\/100|[from] item: Rocky Helmet|[of] p1a: Gengar\n|faint|p1a: Gengar\n|\n|upkeep\n|\n|t:|1699669471\n|switch|p1a: Ursaluna|Ursaluna, F|100\/100\n|-damage|p1a: Ursaluna|94\/100|[from] Stealth Rock\n|-damage|p1a: Ursaluna|78\/100|[from] Spikes\n|turn|9\n|\n|t:|1699669482\n|move|p2a: Iron Hands|Drain Punch|p1a: Ursaluna\n|-supereffective|p1a: Ursaluna\n|-damage|p1a: Ursaluna|0 fnt\n|-heal|p2a: Iron Hands|100\/100|[from] drain|[of] p1a: Ursaluna\n|faint|p1a: Ursaluna\n|\n|upkeep\n|\n|t:|1699669490\n|switch|p1a: Zapdos|Zapdos|100\/100\n|-damage|p1a: Zapdos|76\/100|[from] Stealth Rock\n|turn|10\n|\n|t:|1699669496\n|move|p1a: Zapdos|Drill Peck|p2a: Iron Hands\n|-supereffective|p2a: Iron Hands\n|-crit|p2a: Iron Hands\n|-damage|p2a: Iron Hands|55\/100\n|move|p2a: Iron Hands|Fire Punch|p1a: Zapdos\n|-damage|p1a: Zapdos|26\/100\n|\n|upkeep\n|turn|11\n|\n|t:|1699669504\n|move|p1a: Zapdos|Drill Peck|p2a: Iron Hands\n|-supereffective|p2a: Iron Hands\n|-damage|p2a: Iron Hands|27\/100\n|move|p2a: Iron Hands|Fire Punch|p1a: Zapdos\n|-damage|p1a: Zapdos|0 fnt\n|-status|p2a: Iron Hands|par|[from] ability: Static|[of] p1a: Zapdos\n|faint|p1a: Zapdos\n|\n|upkeep\n|\n|t:|1699669513\n|switch|p1a: Cinderace|Cinderace, F|100\/100\n|-damage|p1a: Cinderace|76\/100|[from] Stealth Rock\n|-damage|p1a: Cinderace|59\/100|[from] Spikes\n|turn|12\n|\n|t:|1699669530\n|move|p1a: Cinderace|Pyro Ball|p2a: Iron Hands\n|-damage|p2a: Iron Hands|0 fnt\n|faint|p2a: Iron Hands\n|-end|p2a: Iron Hands|Quark Drive|[silent]\n|\n|upkeep\n|\n|t:|1699669536\n|switch|p2a: Spiritomb|Spiritomb, F, shiny|100\/100\n|turn|13\n|\n|t:|1699669546\n|move|p1a: Cinderace|Bulk Up|p1a: Cinderace\n|-start|p1a: Cinderace|typechange|Fighting|[from] ability: Libero\n|-boost|p1a: Cinderace|atk|1\n|-boost|p1a: Cinderace|def|1\n|move|p2a: Spiritomb|Destiny Bond|p2a: Spiritomb\n|-singlemove|p2a: Spiritomb|Destiny Bond\n|\n|-status|p2a: Spiritomb|brn|[from] item: Flame Orb\n|upkeep\n|turn|14\n|\n|t:|1699669561\n|move|p1a: Cinderace|Bulk Up|p1a: Cinderace\n|-boost|p1a: Cinderace|atk|1\n|-boost|p1a: Cinderace|def|1\n|move|p2a: Spiritomb|Facade|p1a: Cinderace\n|-damage|p1a: Cinderace|42\/100\n|\n|-damage|p2a: Spiritomb|94\/100 brn|[from] brn\n|upkeep\n|turn|15\n|\n|t:|1699669570\n|move|p1a: Cinderace|Baton Pass|p1a: Cinderace\n|\n|t:|1699669572\n|switch|p1a: Dragonite|Dragonite, F|100\/100|[from] Baton Pass\n|-damage|p1a: Dragonite|76\/100|[from] Stealth Rock\n|move|p2a: Spiritomb|Destiny Bond|p2a: Spiritomb\n|-singlemove|p2a: Spiritomb|Destiny Bond\n|\n|-damage|p2a: Spiritomb|88\/100 brn|[from] brn\n|upkeep\n|turn|16\n|\n|t:|1699669588\n|move|p1a: Dragonite|Dragon Dance|p1a: Dragonite\n|-boost|p1a: Dragonite|atk|1\n|-boost|p1a: Dragonite|spe|1\n|move|p2a: Spiritomb|Will-O-Wisp|p1a: Dragonite\n|-status|p1a: Dragonite|brn\n|\n|-damage|p1a: Dragonite|70\/100 brn|[from] brn\n|-damage|p2a: Spiritomb|82\/100 brn|[from] brn\n|upkeep\n|turn|17\n|\n|t:|1699669598\n|move|p1a: Dragonite|Dragon Claw|p2a: Spiritomb\n|-damage|p2a: Spiritomb|15\/100 brn\n|move|p2a: Spiritomb|Destiny Bond|p2a: Spiritomb\n|-singlemove|p2a: Spiritomb|Destiny Bond\n|\n|-damage|p1a: Dragonite|63\/100 brn|[from] brn\n|-damage|p2a: Spiritomb|9\/100 brn|[from] brn\n|upkeep\n|turn|18\n|\n|t:|1699669610\n|move|p1a: Dragonite|Dragon Dance|p1a: Dragonite\n|-boost|p1a: Dragonite|atk|1\n|-boost|p1a: Dragonite|spe|1\n|move|p2a: Spiritomb|Hex|p1a: Dragonite\n|-damage|p1a: Dragonite|23\/100 brn\n|\n|-damage|p1a: Dragonite|17\/100 brn|[from] brn\n|-damage|p2a: Spiritomb|3\/100 brn|[from] brn\n|upkeep\n|turn|19\n|\n|t:|1699669622\n|move|p1a: Dragonite|Dragon Claw|p2a: Spiritomb\n|-damage|p2a: Spiritomb|0 fnt\n|faint|p2a: Spiritomb\n|\n|-damage|p1a: Dragonite|11\/100 brn|[from] brn\n|upkeep\n|\n|t:|1699669628\n|switch|p2a: Rayquaza|Rayquaza|100\/100\n|-ability|p2a: Rayquaza|Air Lock\n|turn|20\n|\n|t:|1699669637\n|move|p1a: Dragonite|Dragon Claw|p2a: Rayquaza\n|-supereffective|p2a: Rayquaza\n|-damage|p2a: Rayquaza|0 fnt\n|faint|p2a: Rayquaza\n|\n|-damage|p1a: Dragonite|5\/100 brn|[from] brn\n|upkeep\n|\n|t:|1699669644\n|switch|p2a: Kingambit|Kingambit, F|100\/100\n|-activate|p2a: Kingambit|ability: Supreme Overlord\n|-start|p2a: Kingambit|fallen5|[silent]\n|-item|p2a: Kingambit|Air Balloon\n|turn|21\n|\n|t:|1699669670\n|move|p1a: Dragonite|Extreme Speed|p2a: Kingambit\n|-resisted|p2a: Kingambit\n|-damage|p2a: Kingambit|85\/100\n|-enditem|p2a: Kingambit|Air Balloon\n|move|p2a: Kingambit|Zen Headbutt|p1a: Dragonite\n|-damage|p1a: Dragonite|0 fnt\n|faint|p1a: Dragonite\n|\n|upkeep\n|\n|t:|1699669678\n|switch|p1a: Cinderace|Cinderace, F|42\/100\n|-damage|p1a: Cinderace|17\/100|[from] Stealth Rock\n|-damage|p1a: Cinderace|0 fnt|[from] Spikes\n|faint|p1a: Cinderace\n|\n|win|cattya\n|raw|JDog200797's rating: 1129 &rarr; <strong>1104<\/strong><br \/>(-25 for losing)\n|raw|cattya's rating: 1134 &rarr; <strong>1159<\/strong><br \/>(+25 for winning)\n|l|\u2606JDog200797\n","uploadtime":1699669690,"views":6,"p1id":"jdog200797","p2id":"cattya","formatid":"gen9anythinggoes","rating":1104,"private":0,"password":""}