{"id":"gen9anythinggoes-1971527402","p1":"HiruGamer_YT","p2":"sanctusbranf","format":"[Gen 9] Anything Goes","log":"|j|\u2606HiruGamer_YT\n|j|\u2606sanctusbranf\n|t:|1697745621\n|gametype|singles\n|player|p1|HiruGamer_YT|cyrus|\n|player|p2|sanctusbranf|266|\n|teamsize|p1|6\n|teamsize|p2|6\n|gen|9\n|tier|[Gen 9] Anything Goes\n|rule|HP Percentage Mod: HP is shown in percentages\n|rule|Endless Battle Clause: Forcing endless battles is banned\n|clearpoke\n|poke|p1|Iron Moth|\n|poke|p1|Sneasler, M|\n|poke|p1|Amoonguss, M|\n|poke|p1|Okidogi, M|\n|poke|p1|Fezandipiti, M|\n|poke|p1|Salazzle, F|\n|poke|p2|Chien-Pao|\n|poke|p2|Piloswine, M|\n|poke|p2|Weavile, M|\n|poke|p2|Avalugg-Hisui, M|\n|poke|p2|Ninetales-Alola, M|\n|poke|p2|Froslass, F|\n|teampreview\n|inactive|Battle timer is ON: inactive players will automatically lose when time's up. (requested by HiruGamer_YT)\n|c|\u2606HiruGamer_YT|Suerte!!\n|\n|t:|1697745644\n|start\n|switch|p1a: Iron Moth|Iron Moth|100\/100\n|switch|p2a: Volpina|Ninetales-Alola, M, shiny|100\/100\n|-weather|Snow|[from] ability: Snow Warning|[of] p2a: Volpina\n|-enditem|p1a: Iron Moth|Booster Energy\n|-activate|p1a: Iron Moth|ability: Quark Drive|[fromitem]\n|-start|p1a: Iron Moth|quarkdrivespe\n|turn|1\n|\n|t:|1697745656\n|move|p1a: Iron Moth|Substitute|p1a: Iron Moth\n|-start|p1a: Iron Moth|Substitute\n|-damage|p1a: Iron Moth|76\/100\n|move|p2a: Volpina|Aurora Veil|p2a: Volpina\n|-sidestart|p2: sanctusbranf|move: Aurora Veil\n|\n|-weather|Snow|[upkeep]\n|upkeep\n|turn|2\n|\n|t:|1697745666\n|move|p1a: Iron Moth|Fiery Dance|p2a: Volpina\n|-supereffective|p2a: Volpina\n|-damage|p2a: Volpina|56\/100\n|-boost|p1a: Iron Moth|spa|1\n|move|p2a: Volpina|Encore|p1a: Iron Moth\n|-start|p1a: Iron Moth|Encore\n|\n|-weather|Snow|[upkeep]\n|upkeep\n|turn|3\n|\n|t:|1697745675\n|move|p1a: Iron Moth|Fiery Dance|p2a: Volpina\n|-supereffective|p2a: Volpina\n|-damage|p2a: Volpina|0 fnt\n|faint|p2a: Volpina\n|\n|-weather|Snow|[upkeep]\n|upkeep\n|\n|t:|1697745691\n|switch|p2a: Pantene|Piloswine, M, shiny|100\/100\n|turn|4\n|\n|t:|1697745698\n|move|p1a: Iron Moth|Fiery Dance|p2a: Pantene\n|-supereffective|p2a: Pantene\n|-damage|p2a: Pantene|83\/100\n|move|p2a: Pantene|Earthquake|p1a: Iron Moth\n|-supereffective|p1a: Iron Moth\n|-end|p1a: Iron Moth|Substitute\n|\n|-weather|Snow|[upkeep]\n|upkeep\n|turn|5\n|\n|t:|1697745715\n|-end|p1a: Iron Moth|Quark Drive|[silent]\n|switch|p1a: Amoonguss|Amoonguss, M|100\/100\n|move|p2a: Pantene|Earthquake|p1a: Amoonguss\n|-damage|p1a: Amoonguss|75\/100\n|-enditem|p1a: Amoonguss|Red Card|[of] p2a: Pantene\n|drag|p2a: MesaCamilla2.0|Avalugg-Hisui, M|100\/100\n|\n|-weather|none\n|upkeep\n|turn|6\n|\n|t:|1697745731\n|move|p1a: Amoonguss|Spore|p2a: MesaCamilla2.0\n|-status|p2a: MesaCamilla2.0|slp|[from] move: Spore\n|cant|p2a: MesaCamilla2.0|slp\n|\n|upkeep\n|turn|7\n|\n|t:|1697745743\n|switch|p1a: Sneasler|Sneasler, M, shiny|100\/100\n|switch|p2a: Desdentao|Chien-Pao|100\/100\n|-ability|p2a: Desdentao|Sword of Ruin\n|\n|upkeep\n|turn|8\n|\n|t:|1697745756\n|move|p1a: Sneasler|Fake Out|p2a: Desdentao\n|-damage|p2a: Desdentao|90\/100\n|cant|p2a: Desdentao|flinch\n|\n|-sideend|p2: sanctusbranf|move: Aurora Veil\n|upkeep\n|turn|9\n|c|\u2606HiruGamer_YT|Upsi\n|c|\u2606HiruGamer_YT|M\u00e1tame a este\n|c|\u2606HiruGamer_YT|Uy no\n|inactive|HiruGamer_YT has 270 seconds left.\n|c|\u2606HiruGamer_YT|no he dicho nada\n|c|\u2606HiruGamer_YT|Se me ha ido\n|c|\u2606HiruGamer_YT|JAJAJAA\n|\n|t:|1697745797\n|move|p2a: Desdentao|Icicle Crash|p1a: Sneasler\n|-damage|p1a: Sneasler|0 fnt\n|faint|p1a: Sneasler\n|\n|upkeep\n|\n|t:|1697745806\n|switch|p1a: Iron Moth|Iron Moth|76\/100\n|turn|10\n|\n|t:|1697745818\n|move|p2a: Desdentao|Icicle Crash|p1a: Iron Moth\n|-resisted|p1a: Iron Moth\n|-damage|p1a: Iron Moth|36\/100\n|move|p1a: Iron Moth|Fiery Dance|p2a: Desdentao\n|-supereffective|p2a: Desdentao\n|-damage|p2a: Desdentao|0 fnt\n|-boost|p1a: Iron Moth|spa|1\n|faint|p2a: Desdentao\n|\n|upkeep\n|\n|t:|1697745834\n|switch|p2a: Pantene|Piloswine, M, shiny|83\/100\n|turn|11\n|\n|t:|1697745841\n|move|p1a: Iron Moth|Energy Ball|p2a: Pantene\n|-supereffective|p2a: Pantene\n|-damage|p2a: Pantene|33\/100\n|move|p2a: Pantene|Earthquake|p1a: Iron Moth\n|-supereffective|p1a: Iron Moth\n|-damage|p1a: Iron Moth|0 fnt\n|faint|p1a: Iron Moth\n|-end|p1a: Iron Moth|Quark Drive|[silent]\n|\n|upkeep\n|\n|t:|1697745850\n|switch|p1a: Salazzle|Salazzle, F|100\/100\n|turn|12\n|\n|t:|1697745855\n|move|p1a: Salazzle|Flamethrower|p2a: Pantene\n|-supereffective|p2a: Pantene\n|-crit|p2a: Pantene\n|-damage|p2a: Pantene|4\/100\n|move|p2a: Pantene|Rest|p2a: Pantene\n|-status|p2a: Pantene|slp|[from] move: Rest\n|-heal|p2a: Pantene|100\/100 slp|[silent]\n|\n|upkeep\n|turn|13\n|\n|t:|1697745863\n|move|p1a: Salazzle|Substitute|p1a: Salazzle\n|-start|p1a: Salazzle|Substitute\n|-damage|p1a: Salazzle|75\/100\n|cant|p2a: Pantene|slp\n|move|p2a: Pantene|Sleep Talk|p2a: Pantene\n|move|p2a: Pantene|Ice Shard|p1a: Salazzle|[from]move: Sleep Talk\n|-resisted|p1a: Salazzle\n|-activate|p1a: Salazzle|move: Substitute|[damage]\n|\n|upkeep\n|turn|14\n|\n|t:|1697745871\n|move|p1a: Salazzle|Flamethrower|p2a: Pantene\n|-supereffective|p2a: Pantene\n|-damage|p2a: Pantene|81\/100 slp\n|cant|p2a: Pantene|slp\n|move|p2a: Pantene|Sleep Talk|p2a: Pantene\n|move|p2a: Pantene|Earthquake|p1a: Salazzle|[from]move: Sleep Talk\n|-supereffective|p1a: Salazzle\n|-end|p1a: Salazzle|Substitute\n|\n|upkeep\n|turn|15\n|\n|t:|1697745893\n|switch|p1a: Fezandipiti|Fezandipiti, M|100\/100\n|-curestatus|p2a: Pantene|slp|[msg]\n|move|p2a: Pantene|Sleep Talk||[still]\n|-fail|p2a: Pantene\n|\n|upkeep\n|turn|16\n|\n|t:|1697745912\n|move|p1a: Fezandipiti|Toxic|p2a: Pantene\n|-status|p2a: Pantene|tox\n|move|p2a: Pantene|Earthquake|p1a: Fezandipiti\n|-supereffective|p1a: Fezandipiti\n|-damage|p1a: Fezandipiti|33\/100\n|\n|-heal|p1a: Fezandipiti|39\/100|[from] item: Leftovers\n|-damage|p2a: Pantene|75\/100 tox|[from] psn\n|upkeep\n|turn|17\n|\n|t:|1697745920\n|move|p1a: Fezandipiti|U-turn|p2a: Pantene\n|-damage|p2a: Pantene|65\/100 tox\n|\n|t:|1697745923\n|switch|p1a: Okidogi|Okidogi, M|100\/100|[from] U-turn\n|move|p2a: Pantene|Earthquake|p1a: Okidogi\n|-supereffective|p1a: Okidogi\n|-damage|p1a: Okidogi|46\/100\n|\n|-damage|p2a: Pantene|53\/100 tox|[from] psn\n|upkeep\n|turn|18\n|\n|t:|1697745933\n|move|p1a: Okidogi|Drain Punch|p2a: Pantene\n|-supereffective|p2a: Pantene\n|-damage|p2a: Pantene|8\/100 tox\n|-heal|p1a: Okidogi|70\/100|[from] drain|[of] p2a: Pantene\n|move|p2a: Pantene|Rest|p2a: Pantene\n|-status|p2a: Pantene|slp|[from] move: Rest\n|-heal|p2a: Pantene|100\/100 slp|[silent]\n|\n|upkeep\n|turn|19\n|\n|t:|1697745942\n|move|p1a: Okidogi|Drain Punch|p2a: Pantene\n|-supereffective|p2a: Pantene\n|-damage|p2a: Pantene|55\/100 slp\n|-heal|p1a: Okidogi|94\/100|[from] drain|[of] p2a: Pantene\n|cant|p2a: Pantene|slp\n|move|p2a: Pantene|Sleep Talk|p2a: Pantene\n|move|p2a: Pantene|Rest||[from]move: Sleep Talk|[still]\n|-fail|p2a: Pantene\n|\n|upkeep\n|turn|20\n|\n|t:|1697745955\n|switch|p2a: MesaCamilla2.0|Avalugg-Hisui, M|100\/100 slp\n|move|p1a: Okidogi|Drain Punch|p2a: MesaCamilla2.0\n|-supereffective|p2a: MesaCamilla2.0\n|-damage|p2a: MesaCamilla2.0|54\/100 slp\n|-heal|p1a: Okidogi|100\/100|[from] drain|[of] p2a: MesaCamilla2.0\n|\n|-heal|p2a: MesaCamilla2.0|60\/100 slp|[from] item: Leftovers\n|upkeep\n|turn|21\n|\n|t:|1697745978\n|-terastallize|p2a: MesaCamilla2.0|Ice\n|move|p1a: Okidogi|Drain Punch|p2a: MesaCamilla2.0\n|-supereffective|p2a: MesaCamilla2.0\n|-damage|p2a: MesaCamilla2.0|32\/100 slp\n|-curestatus|p2a: MesaCamilla2.0|slp|[msg]\n|move|p2a: MesaCamilla2.0|Recover|p2a: MesaCamilla2.0\n|-heal|p2a: MesaCamilla2.0|82\/100\n|\n|-heal|p2a: MesaCamilla2.0|89\/100|[from] item: Leftovers\n|upkeep\n|turn|22\n|\n|t:|1697745988\n|move|p1a: Okidogi|Drain Punch|p2a: MesaCamilla2.0\n|-supereffective|p2a: MesaCamilla2.0\n|-damage|p2a: MesaCamilla2.0|64\/100\n|-status|p2a: MesaCamilla2.0|tox|[from] ability: Toxic Chain|[of] p1a: Okidogi\n|move|p2a: MesaCamilla2.0|Earthquake|p1a: Okidogi\n|-supereffective|p1a: Okidogi\n|-damage|p1a: Okidogi|57\/100\n|\n|-heal|p2a: MesaCamilla2.0|70\/100 tox|[from] item: Leftovers\n|-damage|p2a: MesaCamilla2.0|64\/100 tox|[from] psn\n|upkeep\n|turn|23\n|\n|t:|1697746001\n|move|p1a: Okidogi|Drain Punch|p2a: MesaCamilla2.0\n|-supereffective|p2a: MesaCamilla2.0\n|-damage|p2a: MesaCamilla2.0|36\/100 tox\n|-heal|p1a: Okidogi|72\/100|[from] drain|[of] p2a: MesaCamilla2.0\n|move|p2a: MesaCamilla2.0|Earthquake|p1a: Okidogi\n|-supereffective|p1a: Okidogi\n|-damage|p1a: Okidogi|25\/100\n|\n|-heal|p2a: MesaCamilla2.0|42\/100 tox|[from] item: Leftovers\n|-damage|p2a: MesaCamilla2.0|30\/100 tox|[from] psn\n|upkeep\n|turn|24\n|\n|t:|1697746017\n|switch|p1a: Amoonguss|Amoonguss, M|100\/100\n|switch|p2a: Froslass|Froslass, F|100\/100\n|\n|upkeep\n|turn|25\n|\n|t:|1697746026\n|move|p2a: Froslass|Icy Wind|p1a: Amoonguss\n|-supereffective|p1a: Amoonguss\n|-damage|p1a: Amoonguss|67\/100\n|-unboost|p1a: Amoonguss|spe|1\n|move|p1a: Amoonguss|Sludge Bomb|p2a: Froslass\n|-resisted|p2a: Froslass\n|-damage|p2a: Froslass|78\/100\n|\n|upkeep\n|turn|26\n|\n|t:|1697746044\n|switch|p2a: Pantene|Piloswine, M, shiny|55\/100 slp\n|move|p1a: Amoonguss|Sludge Bomb|p2a: Pantene\n|-resisted|p2a: Pantene\n|-damage|p2a: Pantene|49\/100 slp\n|\n|upkeep\n|turn|27\n|\n|t:|1697746050\n|cant|p2a: Pantene|slp\n|move|p2a: Pantene|Sleep Talk|p2a: Pantene\n|move|p2a: Pantene|Earthquake|p1a: Amoonguss|[from]move: Sleep Talk\n|-crit|p1a: Amoonguss\n|-damage|p1a: Amoonguss|27\/100\n|move|p1a: Amoonguss|Giga Drain|p2a: Pantene\n|-supereffective|p2a: Pantene\n|-damage|p2a: Pantene|24\/100 slp\n|-heal|p1a: Amoonguss|38\/100|[from] drain|[of] p2a: Pantene\n|\n|upkeep\n|turn|28\n|inactive|sanctusbranf has 270 seconds left.\n|\n|t:|1697746089\n|switch|p2a: Froslass|Froslass, F|78\/100\n|switch|p1a: Fezandipiti|Fezandipiti, M|39\/100\n|\n|-heal|p1a: Fezandipiti|45\/100|[from] item: Leftovers\n|upkeep\n|turn|29\n|inactive|sanctusbranf has 240 seconds left.\n|\n|t:|1697746121\n|move|p2a: Froslass|Taunt|p1a: Fezandipiti\n|-start|p1a: Fezandipiti|move: Taunt\n|cant|p1a: Fezandipiti|move: Taunt|Toxic\n|\n|-heal|p1a: Fezandipiti|51\/100|[from] item: Leftovers\n|upkeep\n|turn|30\n|inactive|sanctusbranf has 240 seconds left.\n|\n|t:|1697746131\n|move|p2a: Froslass|Icy Wind|p1a: Fezandipiti\n|-damage|p1a: Fezandipiti|39\/100\n|-unboost|p1a: Fezandipiti|spe|1\n|move|p1a: Fezandipiti|U-turn|p2a: Froslass\n|-resisted|p2a: Froslass\n|-damage|p2a: Froslass|65\/100\n|-start|p1a: Fezandipiti|Disable|U-turn|[from] ability: Cursed Body|[of] p2a: Froslass\n|-status|p2a: Froslass|tox|[from] ability: Toxic Chain|[of] p1a: Fezandipiti\n|\n|t:|1697746142\n|switch|p1a: Salazzle|Salazzle, F|75\/100|[from] U-turn\n|\n|-damage|p2a: Froslass|59\/100 tox|[from] psn\n|upkeep\n|turn|31\n|\n|t:|1697746147\n|move|p1a: Salazzle|Encore|p2a: Froslass\n|-start|p2a: Froslass|Encore\n|move|p2a: Froslass|Icy Wind|p1a: Salazzle\n|-resisted|p1a: Salazzle\n|-damage|p1a: Salazzle|59\/100\n|-unboost|p1a: Salazzle|spe|1\n|\n|-damage|p2a: Froslass|47\/100 tox|[from] psn\n|upkeep\n|turn|32\n|inactive|sanctusbranf has 240 seconds left.\n|\n|t:|1697746164\n|switch|p2a: Mariloli|Weavile, M|100\/100\n|move|p1a: Salazzle|Flamethrower|p2a: Mariloli\n|-supereffective|p2a: Mariloli\n|-damage|p2a: Mariloli|4\/100\n|\n|upkeep\n|turn|33\n|inactive|sanctusbranf has 240 seconds left.\n|\n|t:|1697746184\n|move|p2a: Mariloli|Knock Off|p1a: Salazzle\n|-damage|p1a: Salazzle|0 fnt\n|-enditem|p1a: Salazzle|Focus Sash|[from] move: Knock Off|[of] p2a: Mariloli\n|faint|p1a: Salazzle\n|\n|upkeep\n|\n|t:|1697746201\n|switch|p1a: Fezandipiti|Fezandipiti, M|39\/100\n|turn|34\n|\n|t:|1697746204\n|move|p2a: Mariloli|Knock Off|p1a: Fezandipiti\n|-resisted|p1a: Fezandipiti\n|-damage|p1a: Fezandipiti|16\/100\n|-enditem|p1a: Fezandipiti|Leftovers|[from] move: Knock Off|[of] p2a: Mariloli\n|move|p1a: Fezandipiti|Play Rough|p2a: Mariloli\n|-supereffective|p2a: Mariloli\n|-damage|p2a: Mariloli|0 fnt\n|faint|p2a: Mariloli\n|\n|upkeep\n|inactive|sanctusbranf has 240 seconds left.\n|\n|t:|1697746220\n|switch|p2a: Pantene|Piloswine, M, shiny|24\/100 slp\n|turn|35\n|\n|t:|1697746225\n|move|p1a: Fezandipiti|Play Rough|p2a: Pantene\n|-crit|p2a: Pantene\n|-damage|p2a: Pantene|0 fnt\n|faint|p2a: Pantene\n|\n|upkeep\n|\n|t:|1697746234\n|switch|p2a: MesaCamilla2.0|Avalugg-Hisui, M, tera:Ice|30\/100 tox\n|turn|36\n|\n|t:|1697746239\n|move|p1a: Fezandipiti|Roost|p1a: Fezandipiti\n|-heal|p1a: Fezandipiti|66\/100\n|-singleturn|p1a: Fezandipiti|move: Roost\n|move|p2a: MesaCamilla2.0|Earthquake|p1a: Fezandipiti\n|-supereffective|p1a: Fezandipiti\n|-damage|p1a: Fezandipiti|2\/100\n|\n|-heal|p2a: MesaCamilla2.0|36\/100 tox|[from] item: Leftovers\n|-damage|p2a: MesaCamilla2.0|30\/100 tox|[from] psn\n|upkeep\n|turn|37\n|\n|t:|1697746254\n|move|p1a: Fezandipiti|Play Rough|p2a: MesaCamilla2.0\n|-damage|p2a: MesaCamilla2.0|19\/100 tox\n|move|p2a: MesaCamilla2.0|Earthquake|p1a: Fezandipiti\n|-supereffective|p1a: Fezandipiti\n|-damage|p1a: Fezandipiti|0 fnt\n|faint|p1a: Fezandipiti\n|\n|-heal|p2a: MesaCamilla2.0|25\/100 tox|[from] item: Leftovers\n|-damage|p2a: MesaCamilla2.0|13\/100 tox|[from] psn\n|upkeep\n|\n|t:|1697746263\n|switch|p1a: Okidogi|Okidogi, M|25\/100\n|turn|38\n|\n|t:|1697746266\n|switch|p1a: Amoonguss|Amoonguss, M|72\/100\n|move|p2a: MesaCamilla2.0|Earthquake|p1a: Amoonguss\n|-damage|p1a: Amoonguss|51\/100\n|\n|-heal|p2a: MesaCamilla2.0|19\/100 tox|[from] item: Leftovers\n|-damage|p2a: MesaCamilla2.0|1\/100 tox|[from] psn\n|upkeep\n|turn|39\n|\n|t:|1697746276\n|move|p1a: Amoonguss|Giga Drain|p2a: MesaCamilla2.0\n|-crit|p2a: MesaCamilla2.0\n|-damage|p2a: MesaCamilla2.0|0 fnt\n|-heal|p1a: Amoonguss|51\/100|[from] drain|[of] p2a: MesaCamilla2.0\n|faint|p2a: MesaCamilla2.0\n|\n|upkeep\n|\n|t:|1697746282\n|switch|p2a: Froslass|Froslass, F|47\/100 tox\n|turn|40\n|\n|t:|1697746289\n|move|p2a: Froslass|Destiny Bond|p2a: Froslass\n|-singlemove|p2a: Froslass|Destiny Bond\n|move|p1a: Amoonguss|Sludge Bomb|p2a: Froslass\n|-resisted|p2a: Froslass\n|-crit|p2a: Froslass\n|-damage|p2a: Froslass|13\/100 tox\n|-start|p1a: Amoonguss|Disable|Sludge Bomb|[from] ability: Cursed Body|[of] p2a: Froslass\n|\n|-damage|p2a: Froslass|7\/100 tox|[from] psn\n|upkeep\n|turn|41\n|\n|t:|1697746300\n|move|p2a: Froslass|Icy Wind|p1a: Amoonguss\n|-supereffective|p1a: Amoonguss\n|-damage|p1a: Amoonguss|16\/100\n|-unboost|p1a: Amoonguss|spe|1\n|move|p1a: Amoonguss|Giga Drain|p2a: Froslass\n|-damage|p2a: Froslass|0 fnt\n|-heal|p1a: Amoonguss|19\/100|[from] drain|[of] p2a: Froslass\n|faint|p2a: Froslass\n|\n|win|HiruGamer_YT\n|c|\u2606HiruGamer_YT|GG\n","uploadtime":1697746312,"views":12,"p1id":"hirugameryt","p2id":"sanctusbranf","formatid":"gen9anythinggoes","rating":0,"private":0,"password":""}