{"id":"gen9anythinggoes-1983306154","p1":"AwawaBababa","p2":"Da1ba Nana","format":"[Gen 9] Anything Goes","log":"|j|\u2606AwawaBababa\n|j|\u2606Da1ba Nana\n|t:|1699116383\n|gametype|singles\n|player|p1|AwawaBababa|shauntal|1297\n|player|p2|Da1ba Nana|baker|1233\n|teamsize|p1|6\n|teamsize|p2|6\n|gen|9\n|tier|[Gen 9] Anything Goes\n|rated|\n|rule|HP Percentage Mod: HP is shown in percentages\n|rule|Endless Battle Clause: Forcing endless battles is banned\n|clearpoke\n|poke|p1|Landorus-Therian, M|\n|poke|p1|Hatterene, F|\n|poke|p1|Scizor, M|\n|poke|p1|Electrode-Hisui|\n|poke|p1|Ceruledge, M|\n|poke|p1|Clodsire, F|\n|poke|p2|Heracross, M|\n|poke|p2|Blissey, F|\n|poke|p2|Bellibolt, F|\n|poke|p2|Vigoroth, M|\n|poke|p2|Infernape, M|\n|poke|p2|Sandslash-Alola, M|\n|teampreview\n|\n|t:|1699116387\n|start\n|switch|p1a: Hatterene|Hatterene, F|100\/100\n|switch|p2a: Blissey|Blissey, F|100\/100\n|turn|1\n|\n|t:|1699116394\n|move|p2a: Blissey|Trick|p1a: Hatterene\n|-activate|p2a: Blissey|move: Trick|[of] p1a: Hatterene\n|-item|p1a: Hatterene|Choice Specs|[from] move: Trick\n|-item|p2a: Blissey|Leftovers|[from] move: Trick\n|move|p1a: Hatterene|Thunder Wave|p2a: Blissey\n|-status|p2a: Blissey|par\n|\n|upkeep\n|turn|2\n|\n|t:|1699116405\n|switch|p1a: Electrode|Electrode-Hisui|100\/100\n|move|p2a: Blissey|Ice Beam|p1a: Electrode\n|-supereffective|p1a: Electrode\n|-damage|p1a: Electrode|39\/100\n|\n|-heal|p1a: Electrode|46\/100|[from] item: Leftovers\n|upkeep\n|turn|3\n|c|\u2606AwawaBababa|bruhhhhhh\n|\n|t:|1699116423\n|move|p1a: Electrode|Substitute|p1a: Electrode\n|-start|p1a: Electrode|Substitute\n|-damage|p1a: Electrode|21\/100\n|move|p2a: Blissey|Flamethrower|p1a: Electrode\n|-supereffective|p1a: Electrode\n|-end|p1a: Electrode|Substitute\n|\n|-heal|p1a: Electrode|27\/100|[from] item: Leftovers\n|upkeep\n|turn|4\n|\n|t:|1699116434\n|move|p1a: Electrode|Substitute|p1a: Electrode\n|-start|p1a: Electrode|Substitute\n|-damage|p1a: Electrode|2\/100\n|cant|p2a: Blissey|par\n|\n|-heal|p1a: Electrode|8\/100|[from] item: Leftovers\n|upkeep\n|turn|5\n|\n|t:|1699116443\n|move|p1a: Electrode|Leech Seed|p2a: Blissey\n|-start|p2a: Blissey|move: Leech Seed\n|cant|p2a: Blissey|par\n|\n|-heal|p1a: Electrode|14\/100|[from] item: Leftovers\n|-damage|p2a: Blissey|88\/100 par|[from] Leech Seed|[of] p1a: Electrode\n|-heal|p1a: Electrode|42\/100|[silent]\n|upkeep\n|turn|6\n|\n|t:|1699116450\n|move|p1a: Electrode|Giga Drain|p2a: Blissey\n|-damage|p2a: Blissey|76\/100 par\n|-heal|p1a: Electrode|55\/100|[from] drain|[of] p2a: Blissey\n|move|p2a: Blissey|Ice Beam|p1a: Electrode\n|-supereffective|p1a: Electrode\n|-end|p1a: Electrode|Substitute\n|\n|-heal|p1a: Electrode|61\/100|[from] item: Leftovers\n|-heal|p2a: Blissey|82\/100 par|[from] item: Leftovers\n|-damage|p2a: Blissey|70\/100 par|[from] Leech Seed|[of] p1a: Electrode\n|-heal|p1a: Electrode|88\/100|[silent]\n|upkeep\n|turn|7\n|\n|t:|1699116461\n|switch|p2a: Sandslash|Sandslash-Alola, M|100\/100\n|move|p1a: Electrode|Substitute|p1a: Electrode\n|-start|p1a: Electrode|Substitute\n|-damage|p1a: Electrode|63\/100\n|\n|-heal|p1a: Electrode|69\/100|[from] item: Leftovers\n|upkeep\n|turn|8\n|\n|t:|1699116469\n|move|p1a: Electrode|Leech Seed|p2a: Sandslash|[miss]\n|-miss|p1a: Electrode|p2a: Sandslash\n|move|p2a: Sandslash|Icicle Spear|p1a: Electrode\n|-supereffective|p1a: Electrode\n|-end|p1a: Electrode|Substitute\n|-supereffective|p1a: Electrode\n|-damage|p1a: Electrode|35\/100\n|-supereffective|p1a: Electrode\n|-damage|p1a: Electrode|0 fnt\n|faint|p1a: Electrode\n|-hitcount|p1: Electrode|3\n|\n|upkeep\n|\n|t:|1699116480\n|switch|p1a: Scizor|Scizor, M|100\/100\n|turn|9\n|\n|t:|1699116487\n|switch|p2a: Bellibolt|Bellibolt, F|100\/100\n|move|p1a: Scizor|Close Combat|p2a: Bellibolt\n|-damage|p2a: Bellibolt|73\/100\n|-unboost|p1a: Scizor|def|1\n|-unboost|p1a: Scizor|spd|1\n|-enditem|p1a: Scizor|Eject Pack\n|-start|p2a: Bellibolt|Charge|Close Combat|[from] ability: Electromorphosis\n|\n|t:|1699116500\n|switch|p1a: Landorus|Landorus-Therian, M|100\/100\n|-ability|p1a: Landorus|Intimidate|boost\n|-unboost|p2a: Bellibolt|atk|1\n|\n|-heal|p2a: Bellibolt|79\/100|[from] item: Leftovers\n|upkeep\n|turn|10\n|\n|t:|1699116523\n|switch|p2a: Vigoroth|Vigoroth, M|100\/100\n|move|p1a: Landorus|Protect||[still]\n|-fail|p1a: Landorus\n|\n|upkeep\n|turn|11\n|\n|t:|1699116530\n|move|p1a: Landorus|Block|p2a: Vigoroth\n|-activate|p2a: Vigoroth|trapped\n|move|p2a: Vigoroth|Bulk Up|p2a: Vigoroth\n|-boost|p2a: Vigoroth|atk|1\n|-boost|p2a: Vigoroth|def|1\n|\n|upkeep\n|turn|12\n|\n|t:|1699116535\n|move|p1a: Landorus|Taunt|p2a: Vigoroth\n|-start|p2a: Vigoroth|move: Taunt\n|cant|p2a: Vigoroth|move: Taunt|Bulk Up\n|\n|upkeep\n|turn|13\n|\n|t:|1699116539\n|move|p1a: Landorus|U-turn|p2a: Vigoroth\n|-damage|p2a: Vigoroth|90\/100\n|\n|t:|1699116543\n|switch|p1a: Hatterene|Hatterene, F|100\/100|[from] U-turn\n|move|p2a: Vigoroth|Facade|p1a: Hatterene\n|-damage|p1a: Hatterene|68\/100\n|\n|upkeep\n|turn|14\n|\n|t:|1699116551\n|switch|p2a: Blissey|Blissey, F|70\/100 par\n|move|p1a: Hatterene|Magic Powder|p2a: Blissey\n|-start|p2a: Blissey|typechange|Psychic\n|\n|-heal|p2a: Blissey|76\/100 par|[from] item: Leftovers\n|upkeep\n|turn|15\n|\n|t:|1699116563\n|switch|p1a: Ceruledge|Ceruledge, M|100\/100\n|move|p2a: Blissey|Flamethrower|p1a: Ceruledge\n|-start|p1a: Ceruledge|ability: Flash Fire\n|\n|-heal|p2a: Blissey|82\/100 par|[from] item: Leftovers\n|upkeep\n|turn|16\n|\n|t:|1699116573\n|switch|p2a: Vigoroth|Vigoroth, M|90\/100\n|move|p1a: Ceruledge|Night Slash|p2a: Vigoroth\n|-damage|p2a: Vigoroth|71\/100\n|\n|upkeep\n|turn|17\n|\n|t:|1699116580\n|move|p1a: Ceruledge|Bitter Blade|p2a: Vigoroth\n|-damage|p2a: Vigoroth|19\/100\n|move|p2a: Vigoroth|Slack Off|p2a: Vigoroth\n|-heal|p2a: Vigoroth|69\/100\n|\n|upkeep\n|turn|18\n|\n|t:|1699116597\n|move|p1a: Ceruledge|Bitter Blade|p2a: Vigoroth\n|-damage|p2a: Vigoroth|19\/100\n|move|p2a: Vigoroth|Bulk Up|p2a: Vigoroth\n|-boost|p2a: Vigoroth|atk|1\n|-boost|p2a: Vigoroth|def|1\n|\n|upkeep\n|turn|19\n|\n|t:|1699116606\n|move|p1a: Ceruledge|Psycho Cut|p2a: Vigoroth\n|-damage|p2a: Vigoroth|6\/100\n|move|p2a: Vigoroth|Slack Off|p2a: Vigoroth\n|-heal|p2a: Vigoroth|56\/100\n|\n|upkeep\n|turn|20\n|\n|t:|1699116611\n|move|p1a: Ceruledge|Bitter Blade|p2a: Vigoroth\n|-crit|p2a: Vigoroth\n|-damage|p2a: Vigoroth|0 fnt\n|faint|p2a: Vigoroth\n|\n|upkeep\n|\n|t:|1699116617\n|switch|p2a: Heracross|Heracross, M|100\/100\n|turn|21\n|\n|t:|1699116620\n|move|p2a: Heracross|Earthquake|p1a: Ceruledge\n|-supereffective|p1a: Ceruledge\n|-damage|p1a: Ceruledge|6\/100\n|move|p1a: Ceruledge|Bitter Blade|p2a: Heracross\n|-supereffective|p2a: Heracross\n|-damage|p2a: Heracross|0 fnt\n|-heal|p1a: Ceruledge|58\/100|[from] drain|[of] p2a: Heracross\n|faint|p2a: Heracross\n|\n|upkeep\n|\n|t:|1699116630\n|switch|p2a: Infernape|Infernape, M|100\/100\n|turn|22\n|\n|t:|1699116636\n|move|p2a: Infernape|Swords Dance|p2a: Infernape\n|-boost|p2a: Infernape|atk|2\n|move|p1a: Ceruledge|Psycho Cut|p2a: Infernape\n|-supereffective|p2a: Infernape\n|-damage|p2a: Infernape|8\/100\n|\n|upkeep\n|turn|23\n|\n|t:|1699116642\n|move|p2a: Infernape|Thunder Punch|p1a: Ceruledge\n|-damage|p1a: Ceruledge|0 fnt\n|faint|p1a: Ceruledge\n|\n|upkeep\n|\n|t:|1699116653\n|switch|p1a: Clodsire|Clodsire, F|100\/100\n|turn|24\n|\n|t:|1699116657\n|switch|p2a: Blissey|Blissey, F|82\/100 par\n|move|p1a: Clodsire|Ancient Power|p2a: Blissey\n|-damage|p2a: Blissey|79\/100 par\n|\n|-heal|p2a: Blissey|85\/100 par|[from] item: Leftovers\n|upkeep\n|turn|25\n|\n|t:|1699116668\n|move|p1a: Clodsire|Curse|p1a: Clodsire\n|-unboost|p1a: Clodsire|spe|1\n|-boost|p1a: Clodsire|atk|1\n|-boost|p1a: Clodsire|def|1\n|move|p2a: Blissey|Flamethrower|p1a: Clodsire\n|-damage|p1a: Clodsire|85\/100\n|-status|p1a: Clodsire|brn\n|\n|-heal|p2a: Blissey|92\/100 par|[from] item: Leftovers\n|-heal|p1a: Clodsire|91\/100 brn|[from] item: Leftovers\n|-damage|p1a: Clodsire|85\/100 brn|[from] brn\n|upkeep\n|turn|26\n|\n|t:|1699116679\n|move|p2a: Blissey|Ice Beam|p1a: Clodsire\n|-supereffective|p1a: Clodsire\n|-damage|p1a: Clodsire|55\/100 brn\n|move|p1a: Clodsire|Curse|p1a: Clodsire\n|-unboost|p1a: Clodsire|spe|1\n|-boost|p1a: Clodsire|atk|1\n|-boost|p1a: Clodsire|def|1\n|\n|-heal|p2a: Blissey|98\/100 par|[from] item: Leftovers\n|-heal|p1a: Clodsire|61\/100 brn|[from] item: Leftovers\n|-damage|p1a: Clodsire|55\/100 brn|[from] brn\n|upkeep\n|turn|27\n|\n|t:|1699116689\n|move|p2a: Blissey|Ice Beam|p1a: Clodsire\n|-supereffective|p1a: Clodsire\n|-damage|p1a: Clodsire|21\/100 brn\n|move|p1a: Clodsire|Recover|p1a: Clodsire\n|-heal|p1a: Clodsire|71\/100 brn\n|\n|-heal|p2a: Blissey|100\/100 par|[from] item: Leftovers\n|-heal|p1a: Clodsire|77\/100 brn|[from] item: Leftovers\n|-damage|p1a: Clodsire|71\/100 brn|[from] brn\n|upkeep\n|turn|28\n|\n|t:|1699116701\n|switch|p2a: Sandslash|Sandslash-Alola, M|100\/100\n|move|p1a: Clodsire|Ancient Power|p2a: Sandslash\n|-damage|p2a: Sandslash|87\/100\n|-boost|p1a: Clodsire|atk|1\n|-boost|p1a: Clodsire|def|1\n|-boost|p1a: Clodsire|spa|1\n|-boost|p1a: Clodsire|spd|1\n|-boost|p1a: Clodsire|spe|1\n|\n|-heal|p1a: Clodsire|77\/100 brn|[from] item: Leftovers\n|-damage|p1a: Clodsire|71\/100 brn|[from] brn\n|upkeep\n|turn|29\n|\n|t:|1699116712\n|move|p2a: Sandslash|Icicle Spear|p1a: Clodsire\n|-supereffective|p1a: Clodsire\n|-damage|p1a: Clodsire|63\/100 brn\n|-supereffective|p1a: Clodsire\n|-damage|p1a: Clodsire|55\/100 brn\n|-supereffective|p1a: Clodsire\n|-damage|p1a: Clodsire|48\/100 brn\n|-supereffective|p1a: Clodsire\n|-damage|p1a: Clodsire|39\/100 brn\n|-hitcount|p1a: Clodsire|4\n|move|p1a: Clodsire|Yawn|p2a: Sandslash\n|-start|p2a: Sandslash|move: Yawn|[of] p1a: Clodsire\n|\n|-heal|p1a: Clodsire|45\/100 brn|[from] item: Leftovers\n|-damage|p1a: Clodsire|39\/100 brn|[from] brn\n|upkeep\n|turn|30\n|\n|t:|1699116726\n|switch|p2a: Blissey|Blissey, F|100\/100 par\n|move|p1a: Clodsire|Recover|p1a: Clodsire\n|-heal|p1a: Clodsire|89\/100 brn\n|\n|-heal|p1a: Clodsire|95\/100 brn|[from] item: Leftovers\n|-damage|p1a: Clodsire|89\/100 brn|[from] brn\n|upkeep\n|turn|31\n|\n|t:|1699116737\n|switch|p2a: Bellibolt|Bellibolt, F|79\/100\n|move|p1a: Clodsire|Ancient Power|p2a: Bellibolt\n|-damage|p2a: Bellibolt|69\/100\n|-boost|p1a: Clodsire|atk|1\n|-boost|p1a: Clodsire|def|1\n|-boost|p1a: Clodsire|spa|1\n|-boost|p1a: Clodsire|spd|1\n|-boost|p1a: Clodsire|spe|1\n|-start|p2a: Bellibolt|Charge|Ancient Power|[from] ability: Electromorphosis\n|\n|-heal|p2a: Bellibolt|75\/100|[from] item: Leftovers\n|-heal|p1a: Clodsire|95\/100 brn|[from] item: Leftovers\n|-damage|p1a: Clodsire|89\/100 brn|[from] brn\n|upkeep\n|turn|32\n|\n|t:|1699116752\n|move|p2a: Bellibolt|Acid Spray|p1a: Clodsire\n|-resisted|p1a: Clodsire\n|-damage|p1a: Clodsire|88\/100 brn\n|-unboost|p1a: Clodsire|spd|2\n|move|p1a: Clodsire|Yawn|p2a: Bellibolt\n|-start|p2a: Bellibolt|move: Yawn|[of] p1a: Clodsire\n|\n|-heal|p2a: Bellibolt|81\/100|[from] item: Leftovers\n|-heal|p1a: Clodsire|94\/100 brn|[from] item: Leftovers\n|-damage|p1a: Clodsire|88\/100 brn|[from] brn\n|upkeep\n|turn|33\n|\n|t:|1699116763\n|switch|p2a: Blissey|Blissey, F|100\/100 par\n|switch|p1a: Scizor|Scizor, M|100\/100\n|\n|upkeep\n|turn|34\n|\n|t:|1699116769\n|move|p1a: Scizor|Close Combat|p2a: Blissey\n|-supereffective|p2a: Blissey\n|-damage|p2a: Blissey|0 fnt\n|-unboost|p1a: Scizor|def|1\n|-unboost|p1a: Scizor|spd|1\n|faint|p2a: Blissey\n|\n|upkeep\n|\n|t:|1699116773\n|switch|p2a: Bellibolt|Bellibolt, F|81\/100\n|turn|35\n|\n|t:|1699116781\n|switch|p1a: Landorus|Landorus-Therian, M|100\/100\n|-ability|p1a: Landorus|Intimidate|boost\n|-unboost|p2a: Bellibolt|atk|1\n|move|p2a: Bellibolt|Acid Spray|p1a: Landorus\n|-resisted|p1a: Landorus\n|-damage|p1a: Landorus|95\/100\n|-unboost|p1a: Landorus|spd|2\n|\n|-heal|p1a: Landorus|100\/100|[from] item: Leftovers\n|-heal|p2a: Bellibolt|87\/100|[from] item: Leftovers\n|upkeep\n|turn|36\n|\n|t:|1699116792\n|move|p1a: Landorus|U-turn|p2a: Bellibolt\n|-damage|p2a: Bellibolt|73\/100\n|-start|p2a: Bellibolt|Charge|U-turn|[from] ability: Electromorphosis\n|\n|t:|1699116796\n|switch|p1a: Hatterene|Hatterene, F|68\/100|[from] U-turn\n|move|p2a: Bellibolt|Acid Spray|p1a: Hatterene\n|-supereffective|p1a: Hatterene\n|-damage|p1a: Hatterene|53\/100\n|-unboost|p1a: Hatterene|spd|2\n|\n|-heal|p2a: Bellibolt|79\/100|[from] item: Leftovers\n|upkeep\n|turn|37\n|\n|t:|1699116808\n|move|p2a: Bellibolt|Thunderbolt|p1a: Hatterene\n|-damage|p1a: Hatterene|0 fnt\n|faint|p1a: Hatterene\n|-end|p2a: Bellibolt|Charge|[silent]\n|\n|-heal|p2a: Bellibolt|85\/100|[from] item: Leftovers\n|upkeep\n|\n|t:|1699116817\n|switch|p1a: Scizor|Scizor, M|100\/100\n|turn|38\n|\n|t:|1699116831\n|-terastallize|p1a: Scizor|Bug\n|move|p1a: Scizor|X-Scissor|p2a: Bellibolt\n|-damage|p2a: Bellibolt|47\/100\n|-start|p2a: Bellibolt|Charge|X-Scissor|[from] ability: Electromorphosis\n|move|p2a: Bellibolt|Thunder Wave|p1a: Scizor\n|-status|p1a: Scizor|par\n|-end|p2a: Bellibolt|Charge|[silent]\n|\n|-heal|p2a: Bellibolt|54\/100|[from] item: Leftovers\n|upkeep\n|turn|39\n|\n|t:|1699116840\n|move|p2a: Bellibolt|Slack Off|p2a: Bellibolt\n|-heal|p2a: Bellibolt|100\/100\n|move|p1a: Scizor|X-Scissor|p2a: Bellibolt\n|-damage|p2a: Bellibolt|61\/100\n|-start|p2a: Bellibolt|Charge|X-Scissor|[from] ability: Electromorphosis\n|\n|-heal|p2a: Bellibolt|67\/100|[from] item: Leftovers\n|upkeep\n|turn|40\n|\n|t:|1699116849\n|-terastallize|p2a: Bellibolt|Electric\n|move|p2a: Bellibolt|Thunderbolt|p1a: Scizor\n|-damage|p1a: Scizor|8\/100 par\n|-end|p2a: Bellibolt|Charge|[silent]\n|move|p1a: Scizor|X-Scissor|p2a: Bellibolt\n|-damage|p2a: Bellibolt|32\/100\n|-start|p2a: Bellibolt|Charge|X-Scissor|[from] ability: Electromorphosis\n|\n|-heal|p2a: Bellibolt|38\/100|[from] item: Leftovers\n|upkeep\n|turn|41\n|\n|t:|1699116859\n|move|p2a: Bellibolt|Thunderbolt|p1a: Scizor\n|-damage|p1a: Scizor|0 fnt\n|faint|p1a: Scizor\n|-end|p2a: Bellibolt|Charge|[silent]\n|\n|-heal|p2a: Bellibolt|44\/100|[from] item: Leftovers\n|upkeep\n|\n|t:|1699116865\n|switch|p1a: Landorus|Landorus-Therian, M|100\/100\n|-ability|p1a: Landorus|Intimidate|boost\n|-unboost|p2a: Bellibolt|atk|1\n|turn|42\n|\n|t:|1699116871\n|switch|p2a: Sandslash|Sandslash-Alola, M|87\/100\n|move|p1a: Landorus|U-turn|p2a: Sandslash\n|-resisted|p2a: Sandslash\n|-damage|p2a: Sandslash|75\/100\n|\n|t:|1699116877\n|switch|p1a: Clodsire|Clodsire, F|88\/100 brn|[from] U-turn\n|\n|-heal|p1a: Clodsire|94\/100 brn|[from] item: Leftovers\n|-damage|p1a: Clodsire|88\/100 brn|[from] brn\n|upkeep\n|turn|43\n|\n|t:|1699116884\n|move|p2a: Sandslash|Icicle Spear|p1a: Clodsire\n|-supereffective|p1a: Clodsire\n|-damage|p1a: Clodsire|68\/100 brn\n|-supereffective|p1a: Clodsire\n|-damage|p1a: Clodsire|49\/100 brn\n|-supereffective|p1a: Clodsire\n|-damage|p1a: Clodsire|30\/100 brn\n|-supereffective|p1a: Clodsire\n|-damage|p1a: Clodsire|9\/100 brn\n|-hitcount|p1a: Clodsire|4\n|move|p1a: Clodsire|Ancient Power|p2a: Sandslash\n|-damage|p2a: Sandslash|61\/100\n|\n|-heal|p1a: Clodsire|15\/100 brn|[from] item: Leftovers\n|-damage|p1a: Clodsire|9\/100 brn|[from] brn\n|upkeep\n|turn|44\n|\n|t:|1699116898\n|move|p2a: Sandslash|Icicle Spear|p1a: Clodsire\n|-supereffective|p1a: Clodsire\n|-damage|p1a: Clodsire|0 fnt\n|faint|p1a: Clodsire\n|-hitcount|p1: Clodsire|1\n|\n|upkeep\n|\n|t:|1699116902\n|switch|p1a: Landorus|Landorus-Therian, M|100\/100\n|-ability|p1a: Landorus|Intimidate|boost\n|-unboost|p2a: Sandslash|atk|1\n|turn|45\n|\n|t:|1699116920\n|move|p2a: Sandslash|Icicle Spear|p1a: Landorus\n|-supereffective|p1a: Landorus\n|-damage|p1a: Landorus|79\/100\n|-supereffective|p1a: Landorus\n|-damage|p1a: Landorus|55\/100\n|-supereffective|p1a: Landorus\n|-damage|p1a: Landorus|36\/100\n|-supereffective|p1a: Landorus\n|-damage|p1a: Landorus|10\/100\n|-hitcount|p1a: Landorus|4\n|move|p1a: Landorus|U-turn|p2a: Sandslash\n|-resisted|p2a: Sandslash\n|-damage|p2a: Sandslash|51\/100\n|\n|-heal|p1a: Landorus|16\/100|[from] item: Leftovers\n|upkeep\n|turn|46\n|\n|t:|1699116931\n|move|p2a: Sandslash|Icicle Spear|p1a: Landorus\n|-supereffective|p1a: Landorus\n|-damage|p1a: Landorus|0 fnt\n|faint|p1a: Landorus\n|-hitcount|p1: Landorus|1\n|\n|win|Da1ba Nana\n|raw|AwawaBababa's rating: 1297 &rarr; <strong>1267<\/strong><br \/>(-30 for losing)\n|raw|Da1ba Nana's rating: 1233 &rarr; <strong>1263<\/strong><br \/>(+30 for winning)\n","uploadtime":1699116939,"views":16,"p1id":"awawabababa","p2id":"da1banana","formatid":"gen9anythinggoes","rating":1263,"private":0,"password":""}