{"id":"gen9anythinggoes-1998629203","p1":"MasterHaxorus4","p2":"LightRye000","format":"[Gen 9] Anything Goes","log":"|j|\u2606MasterHaxorus4\n|j|\u2606LightRye000\n|t:|1700964975\n|gametype|singles\n|player|p1|MasterHaxorus4|n|1112\n|player|p2|LightRye000|2|1000\n|teamsize|p1|6\n|teamsize|p2|6\n|gen|9\n|tier|[Gen 9] Anything Goes\n|rated|\n|rule|HP Percentage Mod: HP is shown in percentages\n|rule|Endless Battle Clause: Forcing endless battles is banned\n|clearpoke\n|poke|p1|Salamence, M|\n|poke|p1|Toxapex, M|\n|poke|p1|Rayquaza|\n|poke|p1|Zacian-*|\n|poke|p1|Eternatus|\n|poke|p1|Zacian-*|\n|poke|p2|Chien-Pao|\n|poke|p2|Gholdengo|\n|poke|p2|Tyranitar, M|\n|poke|p2|Quaquaval, M|\n|poke|p2|Amoonguss, M|\n|poke|p2|Iron Treads|\n|teampreview\n|\n|t:|1700964988\n|start\n|switch|p1a: Zacian|Zacian-Crowned, shiny|100\/100\n|switch|p2a: Chien-Pao|Chien-Pao|100\/100\n|-ability|p1a: Zacian|Intrepid Sword|boost\n|-boost|p1a: Zacian|atk|1\n|-ability|p2a: Chien-Pao|Sword of Ruin\n|turn|1\n|\n|t:|1700965001\n|move|p1a: Zacian|Behemoth Blade|p2a: Chien-Pao\n|-supereffective|p2a: Chien-Pao\n|-enditem|p2a: Chien-Pao|Focus Sash\n|-damage|p2a: Chien-Pao|1\/100\n|move|p2a: Chien-Pao|Crunch|p1a: Zacian\n|-resisted|p1a: Zacian\n|-damage|p1a: Zacian|75\/100\n|\n|upkeep\n|turn|2\n|c|\u2606LightRye000|ow\n|\n|t:|1700965019\n|move|p2a: Chien-Pao|Sucker Punch|p1a: Zacian\n|-resisted|p1a: Zacian\n|-damage|p1a: Zacian|52\/100\n|move|p1a: Zacian|Behemoth Blade|p2a: Chien-Pao\n|-supereffective|p2a: Chien-Pao\n|-damage|p2a: Chien-Pao|0 fnt\n|faint|p2a: Chien-Pao\n|\n|upkeep\n|\n|t:|1700965032\n|switch|p2a: Gholdengo|Gholdengo|100\/100\n|turn|3\n|\n|t:|1700965042\n|move|p1a: Zacian|Close Combat|p2a: Gholdengo\n|-immune|p2a: Gholdengo\n|move|p2a: Gholdengo|Shadow Ball|p1a: Zacian\n|-damage|p1a: Zacian|5\/100\n|\n|upkeep\n|turn|4\n|\n|t:|1700965051\n|move|p1a: Zacian|Behemoth Blade|p2a: Gholdengo\n|-resisted|p2a: Gholdengo\n|-damage|p2a: Gholdengo|62\/100\n|move|p2a: Gholdengo|Make It Rain|p1a: Zacian\n|-damage|p1a: Zacian|0 fnt\n|-unboost|p2a: Gholdengo|spa|1\n|faint|p1a: Zacian\n|\n|-heal|p2a: Gholdengo|68\/100|[from] item: Leftovers\n|upkeep\n|\n|t:|1700965062\n|switch|p1a: Rayquaza|Rayquaza, shiny|100\/100\n|-ability|p1a: Rayquaza|Air Lock\n|turn|5\n|\n|t:|1700965067\n|switch|p1a: Zacian|Zacian-Crowned, shiny|100\/100\n|-ability|p1a: Zacian|Intrepid Sword|boost\n|-boost|p1a: Zacian|atk|1\n|move|p2a: Gholdengo|Nasty Plot|p2a: Gholdengo\n|-boost|p2a: Gholdengo|spa|2\n|\n|-heal|p2a: Gholdengo|75\/100|[from] item: Leftovers\n|upkeep\n|turn|6\n|\n|t:|1700965078\n|move|p1a: Zacian|Poison Jab|p2a: Gholdengo\n|-immune|p2a: Gholdengo\n|move|p2a: Gholdengo|Shadow Ball|p1a: Zacian\n|-damage|p1a: Zacian|32\/100\n|\n|-heal|p2a: Gholdengo|81\/100|[from] item: Leftovers\n|upkeep\n|turn|7\n|\n|t:|1700965090\n|switch|p1a: Eternatus|Eternatus|100\/100\n|-ability|p1a: Eternatus|Pressure\n|move|p2a: Gholdengo|Make It Rain|p1a: Eternatus\n|-damage|p1a: Eternatus|4\/100\n|-unboost|p2a: Gholdengo|spa|1\n|\n|-heal|p2a: Gholdengo|87\/100|[from] item: Leftovers\n|upkeep\n|turn|8\n|\n|t:|1700965102\n|move|p1a: Eternatus|Venoshock|p2a: Gholdengo\n|-immune|p2a: Gholdengo\n|move|p2a: Gholdengo|Shadow Ball|p1a: Eternatus\n|-damage|p1a: Eternatus|0 fnt\n|faint|p1a: Eternatus\n|\n|-heal|p2a: Gholdengo|93\/100|[from] item: Leftovers\n|upkeep\n|-message|MasterHaxorus4 forfeited.\n|\n|win|LightRye000\n|raw|MasterHaxorus4's rating: 1134 &rarr; <strong>1100<\/strong><br \/>(-34 for losing)\n|raw|LightRye000's rating: 1000 &rarr; <strong>1055<\/strong><br \/>(+55 for winning)\n|l|\u2606MasterHaxorus4\n","uploadtime":1700965153,"views":5,"p1id":"masterhaxorus4","p2id":"lightrye000","formatid":"gen9anythinggoes","rating":1055,"private":0,"password":""}