{"id":"gen9anythinggoes-1998815124","p1":"MP_SPEED","p2":"Puffaaaaa","format":"[Gen 9] Anything Goes","log":"|j|\u2606MP_SPEED\n|j|\u2606Puffaaaaa\n|t:|1700996495\n|gametype|singles\n|player|p1|MP_SPEED|clerk-boss|1045\n|player|p2|Puffaaaaa|170|1040\n|teamsize|p1|6\n|teamsize|p2|6\n|gen|9\n|tier|[Gen 9] Anything Goes\n|rated|\n|rule|HP Percentage Mod: HP is shown in percentages\n|rule|Endless Battle Clause: Forcing endless battles is banned\n|clearpoke\n|poke|p1|Quaquaval, M|\n|poke|p1|Kingambit, M|\n|poke|p1|Gallade, M|\n|poke|p1|Polteageist-Antique|\n|poke|p1|Zacian-*|\n|poke|p1|Arcanine, M|\n|poke|p2|Bellibolt, F|\n|poke|p2|Bellibolt, F|\n|poke|p2|Bellibolt, F|\n|poke|p2|Bellibolt, F|\n|poke|p2|Bellibolt, F|\n|poke|p2|Tadbulb, F|\n|teampreview\n|c|\u2606Puffaaaaa|bellibolt\n|\n|t:|1700996517\n|start\n|switch|p1a: Polteageist|Polteageist-Antique|100\/100\n|switch|p2a: Fast Bellibolt|Bellibolt, F|100\/100\n|turn|1\n|c|\u2606MP_SPEED|Yo that's my fav Pokemon\n|c|\u2606Puffaaaaa|mine too\n|c|\u2606MP_SPEED|I won't be mad even if I lose\n|\n|t:|1700996540\n|move|p1a: Polteageist|Shell Smash|p1a: Polteageist\n|-unboost|p1a: Polteageist|def|1\n|-unboost|p1a: Polteageist|spd|1\n|-boost|p1a: Polteageist|atk|2\n|-boost|p1a: Polteageist|spa|2\n|-boost|p1a: Polteageist|spe|2\n|move|p2a: Fast Bellibolt|Soak|p1a: Polteageist\n|-start|p1a: Polteageist|typechange|Water\n|\n|upkeep\n|turn|2\n|c|\u2606MP_SPEED|That's a good strat\n|\n|t:|1700996565\n|move|p1a: Polteageist|Stored Power|p2a: Fast Bellibolt\n|-enditem|p2a: Fast Bellibolt|Focus Sash\n|-damage|p2a: Fast Bellibolt|1\/100\n|move|p2a: Fast Bellibolt|Discharge|p1a: Polteageist\n|-supereffective|p1a: Polteageist\n|-damage|p1a: Polteageist|3\/100\n|-enditem|p1a: Polteageist|Sitrus Berry|[eat]\n|-heal|p1a: Polteageist|28\/100|[from] item: Sitrus Berry\n|\n|upkeep\n|turn|3\n|\n|t:|1700996576\n|move|p1a: Polteageist|Sucker Punch||[still]\n|-fail|p1a: Polteageist\n|move|p2a: Fast Bellibolt|Toxic|p1a: Polteageist\n|-status|p1a: Polteageist|tox\n|\n|-damage|p1a: Polteageist|22\/100 tox|[from] psn\n|upkeep\n|turn|4\n|\n|t:|1700996584\n|move|p1a: Polteageist|Sucker Punch|p2a: Fast Bellibolt\n|-damage|p2a: Fast Bellibolt|0 fnt\n|faint|p2a: Fast Bellibolt\n|\n|-damage|p1a: Polteageist|10\/100 tox|[from] psn\n|upkeep\n|\n|t:|1700996589\n|switch|p2a: Bellibolt JR|Tadbulb, F|100\/100\n|turn|5\n|\n|t:|1700996593\n|move|p2a: Bellibolt JR|Sucker Punch|p1a: Polteageist\n|-damage|p1a: Polteageist|0 fnt\n|-start|p2a: Bellibolt JR|Disable|Sucker Punch|[from] ability: Cursed Body|[of] p1a: Polteageist\n|faint|p1a: Polteageist\n|\n|upkeep\n|\n|t:|1700996600\n|switch|p1a: Arcanine|Arcanine, M|100\/100\n|-ability|p1a: Arcanine|Intimidate|boost\n|-unboost|p2a: Bellibolt JR|atk|1\n|turn|6\n|c|\u2606Puffaaaaa|bellibolt is love bellibolt is life\n|\n|t:|1700996610\n|move|p1a: Arcanine|Flame Charge|p2a: Bellibolt JR\n|-damage|p2a: Bellibolt JR|54\/100\n|-boost|p1a: Arcanine|spe|1\n|move|p2a: Bellibolt JR|Thunder Wave|p1a: Arcanine\n|-status|p1a: Arcanine|par\n|\n|upkeep\n|turn|7\n|c|\u2606MP_SPEED|True\n|\n|t:|1700996622\n|move|p1a: Arcanine|Flamethrower|p2a: Bellibolt JR\n|-damage|p2a: Bellibolt JR|0 fnt\n|faint|p2a: Bellibolt JR\n|\n|upkeep\n|\n|t:|1700996630\n|switch|p2a: Defense Belli 2|Bellibolt, F|100\/100\n|turn|8\n|\n|t:|1700996635\n|move|p1a: Arcanine|Extreme Speed|p2a: Defense Belli 2\n|-damage|p2a: Defense Belli 2|82\/100\n|move|p2a: Defense Belli 2|Confuse Ray|p1a: Arcanine\n|-start|p1a: Arcanine|confusion\n|\n|-heal|p2a: Defense Belli 2|88\/100|[from] item: Leftovers\n|upkeep\n|turn|9\n|\n|t:|1700996645\n|switch|p1a: Zacian|Zacian-Crowned|100\/100\n|-ability|p1a: Zacian|Intrepid Sword|boost\n|-boost|p1a: Zacian|atk|1\n|move|p2a: Defense Belli 2|Soak|p1a: Zacian\n|-start|p1a: Zacian|typechange|Water\n|\n|-heal|p2a: Defense Belli 2|94\/100|[from] item: Leftovers\n|upkeep\n|turn|10\n|\n|t:|1700996664\n|-terastallize|p1a: Zacian|Fairy\n|move|p1a: Zacian|Sacred Sword|p2a: Defense Belli 2\n|-damage|p2a: Defense Belli 2|50\/100\n|move|p2a: Defense Belli 2|Discharge|p1a: Zacian\n|-damage|p1a: Zacian|75\/100\n|\n|-heal|p2a: Defense Belli 2|56\/100|[from] item: Leftovers\n|upkeep\n|turn|11\n|\n|t:|1700996676\n|move|p1a: Zacian|Behemoth Blade|p2a: Defense Belli 2\n|-resisted|p2a: Defense Belli 2\n|-damage|p2a: Defense Belli 2|32\/100\n|move|p2a: Defense Belli 2|Confuse Ray|p1a: Zacian\n|-start|p1a: Zacian|confusion\n|\n|-heal|p2a: Defense Belli 2|38\/100|[from] item: Leftovers\n|upkeep\n|turn|12\n|\n|t:|1700996687\n|-activate|p1a: Zacian|confusion\n|-damage|p1a: Zacian|53\/100|[from] confusion\n|move|p2a: Defense Belli 2|Slack Off|p2a: Defense Belli 2\n|-heal|p2a: Defense Belli 2|89\/100\n|\n|-heal|p2a: Defense Belli 2|95\/100|[from] item: Leftovers\n|upkeep\n|turn|13\n|\n|t:|1700996695\n|-activate|p1a: Zacian|confusion\n|-damage|p1a: Zacian|32\/100|[from] confusion\n|move|p2a: Defense Belli 2|Discharge|p1a: Zacian\n|-damage|p1a: Zacian|3\/100\n|\n|-heal|p2a: Defense Belli 2|100\/100|[from] item: Leftovers\n|upkeep\n|turn|14\n|\n|t:|1700996703\n|-activate|p1a: Zacian|confusion\n|-damage|p1a: Zacian|0 fnt|[from] confusion\n|faint|p1a: Zacian\n|move|p2a: Defense Belli 2|Discharge|p1: Zacian|[notarget]\n|-fail|p2a: Defense Belli 2\n|\n|upkeep\n|c|\u2606MP_SPEED|Welp bad luck\n|c|\u2606Puffaaaaa|bellibolt combo\n|\n|t:|1700996715\n|switch|p1a: Kingambit|Kingambit, M|100\/100\n|-activate|p1a: Kingambit|ability: Supreme Overlord\n|-start|p1a: Kingambit|fallen2|[silent]\n|turn|15\n|\n|t:|1700996722\n|-end|p1a: Kingambit|fallen2|[silent]\n|switch|p1a: Gallade|Gallade, M|100\/100\n|move|p2a: Defense Belli 2|Confuse Ray|p1a: Gallade\n|-start|p1a: Gallade|confusion\n|\n|upkeep\n|turn|16\n|\n|t:|1700996730\n|-activate|p1a: Gallade|confusion\n|move|p1a: Gallade|Swords Dance|p1a: Gallade\n|-boost|p1a: Gallade|atk|2\n|move|p2a: Defense Belli 2|Soak|p1a: Gallade\n|-start|p1a: Gallade|typechange|Water\n|\n|upkeep\n|turn|17\n|\n|t:|1700996740\n|-activate|p1a: Gallade|confusion\n|move|p1a: Gallade|Psycho Cut|p2a: Defense Belli 2\n|-damage|p2a: Defense Belli 2|21\/100\n|-damage|p1a: Gallade|91\/100|[from] item: Life Orb\n|move|p2a: Defense Belli 2|Discharge|p1a: Gallade\n|-supereffective|p1a: Gallade\n|-damage|p1a: Gallade|26\/100\n|\n|-heal|p2a: Defense Belli 2|27\/100|[from] item: Leftovers\n|upkeep\n|turn|18\n|\n|t:|1700996751\n|-activate|p1a: Gallade|confusion\n|move|p1a: Gallade|Drain Punch|p2a: Defense Belli 2\n|-damage|p2a: Defense Belli 2|0 fnt\n|-heal|p1a: Gallade|43\/100|[from] drain|[of] p2a: Defense Belli 2\n|faint|p2a: Defense Belli 2\n|-damage|p1a: Gallade|33\/100|[from] item: Life Orb\n|\n|upkeep\n|inactive|Battle timer is ON: inactive players will automatically lose when time's up. (requested by MP_SPEED)\n|\n|t:|1700996759\n|switch|p2a: Combat Bellibolt|Bellibolt, F|100\/100\n|turn|19\n|\n|t:|1700996766\n|-end|p1a: Gallade|confusion\n|move|p1a: Gallade|Psycho Cut|p2a: Combat Bellibolt\n|-damage|p2a: Combat Bellibolt|0 fnt\n|faint|p2a: Combat Bellibolt\n|-damage|p1a: Gallade|23\/100|[from] item: Life Orb\n|\n|upkeep\n|\n|t:|1700996776\n|switch|p2a: Defense Bellibolt|Bellibolt, F|100\/100\n|turn|20\n|\n|t:|1700996780\n|move|p1a: Gallade|Psycho Cut|p2a: Defense Bellibolt\n|-damage|p2a: Defense Bellibolt|29\/100\n|-damage|p1a: Gallade|13\/100|[from] item: Life Orb\n|move|p2a: Defense Bellibolt|Thunderbolt|p1a: Gallade\n|-supereffective|p1a: Gallade\n|-damage|p1a: Gallade|0 fnt\n|faint|p1a: Gallade\n|\n|-heal|p2a: Defense Bellibolt|35\/100|[from] item: Leftovers\n|upkeep\n|\n|t:|1700996791\n|switch|p1a: Arcanine|Arcanine, M|100\/100 par\n|-ability|p1a: Arcanine|Intimidate|boost\n|-unboost|p2a: Defense Bellibolt|atk|1\n|turn|21\n|\n|t:|1700996798\n|cant|p1a: Arcanine|par\n|move|p2a: Defense Bellibolt|Toxic||[still]\n|-fail|p2a: Defense Bellibolt\n|\n|-heal|p2a: Defense Bellibolt|41\/100|[from] item: Leftovers\n|upkeep\n|turn|22\n|\n|t:|1700996805\n|cant|p1a: Arcanine|par\n|move|p2a: Defense Bellibolt|Soak|p1a: Arcanine\n|-start|p1a: Arcanine|typechange|Water\n|\n|-heal|p2a: Defense Bellibolt|47\/100|[from] item: Leftovers\n|upkeep\n|turn|23\n|\n|t:|1700996813\n|cant|p1a: Arcanine|par\n|move|p2a: Defense Bellibolt|Thunderbolt|p1a: Arcanine\n|-supereffective|p1a: Arcanine\n|-damage|p1a: Arcanine|25\/100 par\n|-enditem|p1a: Arcanine|Sitrus Berry|[eat]\n|-heal|p1a: Arcanine|50\/100 par|[from] item: Sitrus Berry\n|\n|-heal|p2a: Defense Bellibolt|53\/100|[from] item: Leftovers\n|upkeep\n|turn|24\n|c|\u2606Puffaaaaa|luck is on my side\n|\n|t:|1700996822\n|cant|p1a: Arcanine|par\n|move|p2a: Defense Bellibolt|Thunderbolt|p1a: Arcanine\n|-supereffective|p1a: Arcanine\n|-damage|p1a: Arcanine|0 fnt\n|faint|p1a: Arcanine\n|\n|-heal|p2a: Defense Bellibolt|60\/100|[from] item: Leftovers\n|upkeep\n|c|\u2606MP_SPEED|True\n|c|\u2606MP_SPEED|All hail mighty bellibolt\n|\n|t:|1700996849\n|switch|p1a: Quaquaval|Quaquaval, M|100\/100\n|turn|25\n|c|\u2606Puffaaaaa|he is friend shaped\n|\n|t:|1700996859\n|move|p1a: Quaquaval|Protect|p1a: Quaquaval\n|-singleturn|p1a: Quaquaval|Protect\n|move|p2a: Defense Bellibolt|Thunderbolt|p1a: Quaquaval\n|-activate|p1a: Quaquaval|move: Protect\n|\n|-heal|p2a: Defense Bellibolt|66\/100|[from] item: Leftovers\n|upkeep\n|turn|26\n|\n|t:|1700996868\n|move|p1a: Quaquaval|Close Combat|p2a: Defense Bellibolt\n|-damage|p2a: Defense Bellibolt|16\/100\n|-unboost|p1a: Quaquaval|def|1\n|-unboost|p1a: Quaquaval|spd|1\n|move|p2a: Defense Bellibolt|Thunderbolt|p1a: Quaquaval\n|-supereffective|p1a: Quaquaval\n|-damage|p1a: Quaquaval|0 fnt\n|faint|p1a: Quaquaval\n|\n|-heal|p2a: Defense Bellibolt|23\/100|[from] item: Leftovers\n|upkeep\n|\n|t:|1700996880\n|switch|p1a: Kingambit|Kingambit, M|100\/100\n|-activate|p1a: Kingambit|ability: Supreme Overlord\n|-start|p1a: Kingambit|fallen5|[silent]\n|turn|27\n|\n|t:|1700996888\n|move|p1a: Kingambit|Kowtow Cleave|p2a: Defense Bellibolt\n|-damage|p2a: Defense Bellibolt|0 fnt\n|-status|p1a: Kingambit|par|[from] ability: Static|[of] p2a: Defense Bellibolt\n|faint|p2a: Defense Bellibolt\n|-damage|p1a: Kingambit|91\/100 par|[from] item: Life Orb\n|\n|upkeep\n|c|\u2606Puffaaaaa|paralyze came in clutch\n|\n|t:|1700996901\n|switch|p2a: Assault Bellibolt|Bellibolt, F|100\/100\n|-item|p2a: Assault Bellibolt|Air Balloon\n|turn|28\n|c|\u2606MP_SPEED|I think I'm gonna get fully paralyzed and lose\n|c|\u2606MP_SPEED|Well if i do gg\n|\n|t:|1700996913\n|move|p1a: Kingambit|Sucker Punch||[still]\n|-fail|p1a: Kingambit\n|move|p2a: Assault Bellibolt|Soak|p1a: Kingambit\n|-start|p1a: Kingambit|typechange|Water\n|\n|upkeep\n|turn|29\n|\n|t:|1700996921\n|move|p1a: Kingambit|Sucker Punch|p2a: Assault Bellibolt\n|-damage|p2a: Assault Bellibolt|55\/100\n|-start|p2a: Assault Bellibolt|Charge|Sucker Punch|[from] ability: Electromorphosis\n|-enditem|p2a: Assault Bellibolt|Air Balloon\n|-damage|p1a: Kingambit|81\/100 par|[from] item: Life Orb\n|move|p2a: Assault Bellibolt|Thunderbolt|p1a: Kingambit\n|-supereffective|p1a: Kingambit\n|-damage|p1a: Kingambit|0 fnt\n|faint|p1a: Kingambit\n|-end|p1a: Kingambit|fallen5|[silent]\n|-end|p2a: Assault Bellibolt|Charge|[silent]\n|\n|win|Puffaaaaa\n|raw|MP_SPEED's rating: 1045 &rarr; <strong>1028<\/strong><br \/>(-17 for losing)\n|raw|Puffaaaaa's rating: 1040 &rarr; <strong>1074<\/strong><br \/>(+34 for winning)\n|c|\u2606MP_SPEED|Gg\n|c|\u2606Puffaaaaa|gg\n|c|\u2606Puffaaaaa|bellibolt claims another victim\n|c|\u2606MP_SPEED|I have to try that out\n|c|\u2606MP_SPEED|Bye gg\n|c|\u2606Puffaaaaa|bye'\n|l|\u2606MP_SPEED\n","uploadtime":1700997183,"views":23,"p1id":"mpspeed","p2id":"puffaaaaa","formatid":"gen9anythinggoes","rating":1028,"private":0,"password":""}