{"id":"gen9anythinggoes-1977276372","p1":"AWAawawa","p2":"I have eyes","format":"[Gen 9] Anything Goes","log":"|j|\u2606AWAawawa\n|j|\u2606I have eyes\n|t:|1698398050\n|gametype|singles\n|player|p1|AWAawawa|266|1319\n|player|p2|I have eyes|eusine|1552\n|teamsize|p1|6\n|teamsize|p2|6\n|gen|9\n|tier|[Gen 9] Anything Goes\n|rated|\n|rule|HP Percentage Mod: HP is shown in percentages\n|rule|Endless Battle Clause: Forcing endless battles is banned\n|clearpoke\n|poke|p1|Kingambit, M|\n|poke|p1|Arceus|\n|poke|p1|Calyrex-Ice|\n|poke|p1|Ursaluna-Bloodmoon, M|\n|poke|p1|Klefki, F|\n|poke|p1|Regieleki|\n|poke|p2|Calyrex-Shadow|\n|poke|p2|Dugtrio, M|\n|poke|p2|Ogerpon, F|\n|poke|p2|Toxapex, M|\n|poke|p2|Miraidon|\n|poke|p2|Giratina|\n|teampreview\n|c|\u2606I have eyes|wtf is that bear\n|inactive|Battle timer is ON: inactive players will automatically lose when time's up. (requested by AWAawawa)\n|c|\u2606I have eyes|is that from dlc?\n|\n|t:|1698398072\n|start\n|switch|p1a: Regieleki|Regieleki|100\/100\n|switch|p2a: Ogerpon|Ogerpon, F|100\/100\n|turn|1\n|\n|t:|1698398080\n|-terastallize|p1a: Regieleki|Ice\n|move|p1a: Regieleki|Tera Blast|p2a: Ogerpon|[anim] Tera Blast Ice\n|-supereffective|p2a: Ogerpon\n|-damage|p2a: Ogerpon|0 fnt\n|faint|p2a: Ogerpon\n|-damage|p1a: Regieleki|91\/100|[from] item: Life Orb\n|\n|upkeep\n|\n|t:|1698398093\n|switch|p2a: Dugtrio|Dugtrio, M, shiny|100\/100\n|turn|2\n|\n|t:|1698398096\n|move|p1a: Regieleki|Tera Blast|p2a: Dugtrio|[anim] Tera Blast Ice\n|-supereffective|p2a: Dugtrio\n|-enditem|p2a: Dugtrio|Focus Sash\n|-damage|p2a: Dugtrio|1\/100\n|-damage|p1a: Regieleki|81\/100|[from] item: Life Orb\n|move|p2a: Dugtrio|Earthquake|p1a: Regieleki\n|-damage|p1a: Regieleki|0 fnt\n|faint|p1a: Regieleki\n|\n|upkeep\n|\n|t:|1698398112\n|switch|p1a: Kingambit|Kingambit, M|100\/100\n|-activate|p1a: Kingambit|ability: Supreme Overlord\n|-start|p1a: Kingambit|fallen1|[silent]\n|turn|3\n|c|\u2606I have eyes|going full in with boltbeam on the start?\n|\n|t:|1698398117\n|move|p1a: Kingambit|Sucker Punch||[still]\n|-fail|p1a: Kingambit\n|move|p2a: Dugtrio|Stealth Rock|p1a: Kingambit\n|-sidestart|p1: AWAawawa|move: Stealth Rock\n|\n|upkeep\n|turn|4\n|\n|t:|1698398125\n|move|p2a: Dugtrio|Sucker Punch|p1a: Kingambit\n|-resisted|p1a: Kingambit\n|-damage|p1a: Kingambit|92\/100\n|move|p1a: Kingambit|Sucker Punch||[still]\n|-fail|p1a: Kingambit\n|\n|upkeep\n|turn|5\n|\n|t:|1698398151\n|move|p2a: Dugtrio|Sucker Punch|p1a: Kingambit\n|-resisted|p1a: Kingambit\n|-damage|p1a: Kingambit|85\/100\n|move|p1a: Kingambit|Sucker Punch||[still]\n|-fail|p1a: Kingambit\n|\n|upkeep\n|turn|6\n|inactive|I have eyes has 120 seconds left.\n|\n|t:|1698398191\n|move|p2a: Dugtrio|Sucker Punch|p1a: Kingambit\n|-resisted|p1a: Kingambit\n|-damage|p1a: Kingambit|77\/100\n|move|p1a: Kingambit|Iron Head|p2a: Dugtrio\n|-damage|p2a: Dugtrio|0 fnt\n|faint|p2a: Dugtrio\n|-damage|p1a: Kingambit|67\/100|[from] item: Life Orb\n|\n|upkeep\n|inactive|I have eyes has 90 seconds left.\n|inactive|I have eyes has 60 seconds left.\n|\n|t:|1698398242\n|switch|p2a: Miraidon|Miraidon|100\/100\n|-fieldstart|move: Electric Terrain|[from] ability: Hadron Engine|[of] p2a: Miraidon\n|-item|p2a: Miraidon|Air Balloon\n|turn|7\n|\n|t:|1698398252\n|-end|p1a: Kingambit|fallen1|[silent]\n|switch|p1a: Ursaluna|Ursaluna-Bloodmoon, M|100\/100\n|-damage|p1a: Ursaluna|94\/100|[from] Stealth Rock\n|move|p2a: Miraidon|Dragon Pulse|p1a: Ursaluna\n|-damage|p1a: Ursaluna|43\/100\n|\n|upkeep\n|turn|8\n|inactive|I have eyes has 60 seconds left.\n|\n|t:|1698398261\n|move|p2a: Miraidon|Dragon Pulse|p1a: Ursaluna\n|-damage|p1a: Ursaluna|0 fnt\n|faint|p1a: Ursaluna\n|\n|upkeep\n|\n|t:|1698398268\n|switch|p1a: Klefki|Klefki, F|100\/100\n|-damage|p1a: Klefki|95\/100|[from] Stealth Rock\n|turn|9\n|\n|t:|1698398276\n|move|p2a: Miraidon|Electro Drift|p1a: Klefki\n|-damage|p1a: Klefki|17\/100\n|move|p1a: Klefki|Trick Room|p1a: Klefki\n|-fieldstart|move: Trick Room|[of] p1a: Klefki\n|\n|upkeep\n|turn|10\n|\n|t:|1698398285\n|switch|p2a: Giratina|Giratina, shiny|100\/100\n|-ability|p2a: Giratina|Pressure\n|move|p1a: Klefki|Spikes|p2a: Giratina\n|-sidestart|p2: I have eyes|Spikes\n|\n|upkeep\n|turn|11\n|c|\u2606I have eyes|way no way bruh\n|\n|t:|1698398293\n|move|p1a: Klefki|Spikes|p2a: Giratina\n|-sidestart|p2: I have eyes|Spikes\n|move|p2a: Giratina|Will-O-Wisp|p1a: Klefki\n|-status|p1a: Klefki|brn\n|\n|-damage|p1a: Klefki|11\/100 brn|[from] brn\n|-fieldend|move: Electric Terrain\n|upkeep\n|turn|12\n|\n|t:|1698398303\n|move|p1a: Klefki|Switcheroo|p2a: Giratina\n|-activate|p1a: Klefki|move: Trick|[of] p2a: Giratina\n|-item|p2a: Giratina|Mental Herb|[from] move: Switcheroo\n|-item|p1a: Klefki|Leftovers|[from] move: Switcheroo\n|move|p2a: Giratina|Defog|p1a: Klefki\n|-unboost|p1a: Klefki|evasion|1\n|-sideend|p1: AWAawawa|Stealth Rock|[from] move: Defog|[of] p2a: Giratina\n|-sideend|p2: I have eyes|Spikes|[from] move: Defog|[of] p2a: Giratina\n|\n|-heal|p1a: Klefki|17\/100 brn|[from] item: Leftovers\n|-damage|p1a: Klefki|11\/100 brn|[from] brn\n|upkeep\n|turn|13\n|inactive|I have eyes has 90 seconds left.\n|\n|t:|1698398316\n|move|p1a: Klefki|Spikes|p2a: Giratina\n|-sidestart|p2: I have eyes|Spikes\n|move|p2a: Giratina|Hex|p1a: Klefki\n|-damage|p1a: Klefki|0 fnt\n|faint|p1a: Klefki\n|\n|-fieldend|move: Trick Room\n|upkeep\n|\n|t:|1698398331\n|switch|p1a: Calyrex|Calyrex-Ice|100\/100\n|-ability|p1a: Calyrex|As One\n|-ability|p1a: Calyrex|Unnerve\n|turn|14\n|\n|t:|1698398340\n|move|p2a: Giratina|Will-O-Wisp|p1a: Calyrex\n|-status|p1a: Calyrex|brn\n|move|p1a: Calyrex|Glacial Lance|p2a: Giratina\n|-supereffective|p2a: Giratina\n|-damage|p2a: Giratina|60\/100\n|\n|-damage|p1a: Calyrex|94\/100 brn|[from] brn\n|upkeep\n|turn|15\n|\n|t:|1698398351\n|move|p2a: Giratina|Hex|p1a: Calyrex\n|-supereffective|p1a: Calyrex\n|-damage|p1a: Calyrex|38\/100 brn\n|move|p1a: Calyrex|Glacial Lance|p2a: Giratina\n|-supereffective|p2a: Giratina\n|-damage|p2a: Giratina|16\/100\n|\n|-heal|p1a: Calyrex|44\/100 brn|[from] item: Leftovers\n|-damage|p1a: Calyrex|38\/100 brn|[from] brn\n|upkeep\n|turn|16\n|\n|t:|1698398365\n|move|p2a: Giratina|Hex|p1a: Calyrex\n|-supereffective|p1a: Calyrex\n|-damage|p1a: Calyrex|0 fnt\n|faint|p1a: Calyrex\n|\n|upkeep\n|\n|t:|1698398371\n|switch|p1a: Arceus|Arceus|100\/100\n|turn|17\n|\n|t:|1698398381\n|switch|p2a: Calyrex|Calyrex-Shadow|100\/100\n|-ability|p2a: Calyrex|As One\n|-ability|p2a: Calyrex|Unnerve\n|-damage|p2a: Calyrex|88\/100|[from] Spikes\n|move|p1a: Arceus|Earthquake|p2a: Calyrex\n|-damage|p2a: Calyrex|19\/100\n|\n|upkeep\n|turn|18\n|inactive|I have eyes has 120 seconds left.\n|\n|t:|1698398398\n|move|p2a: Calyrex|Psychic|p1a: Arceus\n|-damage|p1a: Arceus|62\/100\n|-unboost|p1a: Arceus|spd|1\n|move|p1a: Arceus|Earthquake|p2a: Calyrex\n|-damage|p2a: Calyrex|0 fnt\n|faint|p2a: Calyrex\n|\n|upkeep\n|\n|t:|1698398406\n|switch|p2a: Miraidon|Miraidon|100\/100\n|-fieldstart|move: Electric Terrain|[from] ability: Hadron Engine|[of] p2a: Miraidon\n|-item|p2a: Miraidon|Air Balloon\n|turn|19\n|\n|t:|1698398416\n|move|p2a: Miraidon|Electro Drift|p1a: Arceus\n|-damage|p1a: Arceus|0 fnt\n|faint|p1a: Arceus\n|\n|upkeep\n|\n|t:|1698398424\n|switch|p1a: Kingambit|Kingambit, M|67\/100\n|-activate|p1a: Kingambit|ability: Supreme Overlord\n|-start|p1a: Kingambit|fallen5|[silent]\n|turn|20\n|inactive|I have eyes has 120 seconds left.\n|\n|t:|1698398432\n|switch|p2a: Toxapex|Toxapex, M, shiny|100\/100\n|-damage|p2a: Toxapex|88\/100|[from] Spikes\n|move|p1a: Kingambit|Sucker Punch||[still]\n|-fail|p1a: Kingambit\n|\n|-heal|p2a: Toxapex|94\/100|[from] item: Leftovers\n|upkeep\n|turn|21\n|\n|t:|1698398440\n|move|p1a: Kingambit|Swords Dance|p1a: Kingambit\n|-boost|p1a: Kingambit|atk|2\n|move|p2a: Toxapex|Chilling Water|p1a: Kingambit\n|-damage|p1a: Kingambit|56\/100\n|-unboost|p1a: Kingambit|atk|1\n|\n|-heal|p2a: Toxapex|100\/100|[from] item: Leftovers\n|upkeep\n|turn|22\n|j| wettlandd\n|l| wettlandd\n|\n|t:|1698398457\n|move|p1a: Kingambit|Iron Head|p2a: Toxapex\n|-resisted|p2a: Toxapex\n|-damage|p2a: Toxapex|62\/100\n|-damage|p1a: Kingambit|46\/100|[from] item: Life Orb\n|move|p2a: Toxapex|Chilling Water|p1a: Kingambit\n|-damage|p1a: Kingambit|36\/100\n|-unboost|p1a: Kingambit|atk|1\n|\n|-heal|p2a: Toxapex|68\/100|[from] item: Leftovers\n|upkeep\n|turn|23\n|j| wettlandd\n|\n|t:|1698398468\n|move|p1a: Kingambit|Sucker Punch|p2a: Toxapex\n|-damage|p2a: Toxapex|22\/100\n|-damage|p1a: Kingambit|26\/100|[from] item: Life Orb\n|move|p2a: Toxapex|Chilling Water|p1a: Kingambit\n|-damage|p1a: Kingambit|16\/100\n|-unboost|p1a: Kingambit|atk|1\n|\n|-heal|p2a: Toxapex|28\/100|[from] item: Leftovers\n|-fieldend|move: Electric Terrain\n|upkeep\n|turn|24\n|\n|t:|1698398484\n|switch|p2a: Giratina|Giratina, shiny|16\/100\n|-damage|p2a: Giratina|3\/100|[from] Spikes\n|-ability|p2a: Giratina|Pressure\n|move|p1a: Kingambit|Brick Break|p2a: Giratina\n|-immune|p2a: Giratina\n|\n|upkeep\n|turn|25\n|inactive|AWAawawa has 120 seconds left.\n|inactive|AWAawawa has 90 seconds left.\n|c|\u2606I have eyes|yo u there brodie?\n|inactive|AWAawawa has 60 seconds left.\n|c|\u2606I have eyes|look 15% chance  you might win just pick a move\n|inactive|AWAawawa has 30 seconds left.\n|inactive|AWAawawa has 20 seconds left.\n|inactive|AWAawawa has 15 seconds left.\n|inactive|AWAawawa has 10 seconds left.\n|inactive|AWAawawa has 5 seconds left.\n|-message|AWAawawa lost due to inactivity.\n|\n|win|I have eyes\n|raw|AWAawawa's rating: 1319 &rarr; <strong>1311<\/strong><br \/>(-8 for losing)\n|raw|I have eyes's rating: 1552 &rarr; <strong>1560<\/strong><br \/>(+8 for winning)\n|l|\u2606I have eyes\n","uploadtime":1698398638,"views":9,"p1id":"awaawawa","p2id":"ihaveeyes","formatid":"gen9anythinggoes","rating":1311,"private":0,"password":""}