{"id":"gen9anythinggoes-1981330300","p1":"Samy1325","p2":"Ryoshi2000","format":"[Gen 9] Anything Goes","log":"|j|\u2606Samy1325\n|j|\u2606Ryoshi2000\n|t:|1698884313\n|gametype|singles\n|player|p1|Samy1325|n|\n|player|p2|Ryoshi2000|giovanni|\n|teamsize|p1|6\n|teamsize|p2|6\n|gen|9\n|tier|[Gen 9] Anything Goes\n|rule|HP Percentage Mod: HP is shown in percentages\n|rule|Endless Battle Clause: Forcing endless battles is banned\n|clearpoke\n|poke|p1|Calyrex-Shadow|\n|poke|p1|Ribombee, M|\n|poke|p1|Arcanine-Hisui, F|\n|poke|p1|Geodude, F|\n|poke|p1|Ninetales, F|\n|poke|p1|Donphan, F|\n|poke|p2|Skeledirge, M|\n|poke|p2|Hawlucha, F|\n|poke|p2|Toxtricity, M|\n|poke|p2|Kingambit, M|\n|poke|p2|Hatterene, F|\n|poke|p2|Haxorus, M|\n|teampreview\n|inactive|Battle timer is ON: inactive players will automatically lose when time's up. (requested by Samy1325)\n|c|\u2606Ryoshi2000|https:\/\/replay.pokemonshowdown.com\/gen9anythinggoes-1981326850\n|c|\u2606Samy1325|Hi again\n|c|\u2606Ryoshi2000|hi\n|\n|t:|1698884329\n|start\n|switch|p1a: Geodude|Geodude, F|100\/100\n|switch|p2a: Hatterene|Hatterene, F, shiny|100\/100\n|turn|1\n|\n|t:|1698884336\n|move|p1a: Geodude|Stealth Rock|p2a: Hatterene\n|move|p2a: Hatterene|Stealth Rock|p1a: Geodude|[from]ability: Magic Bounce\n|-sidestart|p1: Samy1325|move: Stealth Rock\n|move|p2a: Hatterene|Trick Room|p2a: Hatterene\n|-fieldstart|move: Trick Room|[of] p2a: Hatterene\n|\n|upkeep\n|turn|2\n|c|\u2606Samy1325|Omg\n|c|\u2606Samy1325|..\n|\n|t:|1698884354\n|move|p1a: Geodude|Explosion|p2a: Hatterene\n|-damage|p2a: Hatterene|43\/100\n|faint|p1a: Geodude\n|move|p2a: Hatterene|Dazzling Gleam|p1: Geodude|[notarget]\n|-fail|p2a: Hatterene\n|\n|-heal|p2a: Hatterene|50\/100|[from] item: Leftovers\n|upkeep\n|c|\u2606Ryoshi2000|hmmmmmmmmmmmmmmmmmmmmmmmmmmmmmmmmmmmmmmmmmmmmmmmmmmmmmmmmmmmm\n|\n|t:|1698884365\n|switch|p1a: Donphan|Donphan, F|100\/100\n|-damage|p1a: Donphan|94\/100|[from] Stealth Rock\n|turn|3\n|\n|t:|1698884376\n|move|p2a: Hatterene|Psychic|p1a: Donphan\n|-damage|p1a: Donphan|32\/100\n|-enditem|p1a: Donphan|Sitrus Berry|[eat]\n|-heal|p1a: Donphan|57\/100|[from] item: Sitrus Berry\n|move|p1a: Donphan|Head Smash|p2a: Hatterene\n|-damage|p2a: Hatterene|4\/100\n|-damage|p1a: Donphan|38\/100|[from] Recoil\n|\n|-heal|p2a: Hatterene|10\/100|[from] item: Leftovers\n|upkeep\n|turn|4\n|c|\u2606Ryoshi2000|hmmmmmmmmmmmmmmmmmmmmmmm\n|c|\u2606Ryoshi2000|hmmmmmmmmmmmmmm\n|\n|t:|1698884391\n|move|p2a: Hatterene|Psychic|p1a: Donphan\n|-damage|p1a: Donphan|0 fnt\n|faint|p1a: Donphan\n|\n|-heal|p2a: Hatterene|17\/100|[from] item: Leftovers\n|upkeep\n|c|\u2606Ryoshi2000|hmmmmmmmmmmmmmmmmmmmm\n|inactive|Samy1325 has 270 seconds left.\n|\n|t:|1698884407\n|switch|p1a: Ribombee|Ribombee, M|100\/100\n|-damage|p1a: Ribombee|75\/100|[from] Stealth Rock\n|turn|5\n|\n|t:|1698884416\n|move|p1a: Ribombee|Protect|p1a: Ribombee\n|-singleturn|p1a: Ribombee|Protect\n|move|p2a: Hatterene|Mystical Fire|p1a: Ribombee\n|-activate|p1a: Ribombee|move: Protect\n|\n|-heal|p2a: Hatterene|23\/100|[from] item: Leftovers\n|-fieldend|move: Trick Room\n|upkeep\n|turn|6\n|\n|t:|1698884425\n|move|p1a: Ribombee|Bug Buzz|p2a: Hatterene\n|-damage|p2a: Hatterene|0 fnt\n|faint|p2a: Hatterene\n|\n|upkeep\n|\n|t:|1698884438\n|switch|p2a: Toxtricity|Toxtricity, M|100\/100\n|turn|7\n|\n|t:|1698884441\n|move|p1a: Ribombee|Sticky Web|p2a: Toxtricity\n|-sidestart|p2: Ryoshi2000|move: Sticky Web\n|move|p2a: Toxtricity|Boomburst|p1a: Ribombee\n|-damage|p1a: Ribombee|0 fnt\n|faint|p1a: Ribombee\n|-damage|p2a: Toxtricity|91\/100|[from] item: Life Orb\n|\n|upkeep\n|\n|t:|1698884451\n|switch|p1a: Arcanine|Arcanine-Hisui, F|100\/100\n|-damage|p1a: Arcanine|76\/100|[from] Stealth Rock\n|turn|8\n|\n|t:|1698884456\n|-terastallize|p1a: Arcanine|Rock\n|move|p1a: Arcanine|Head Smash|p2a: Toxtricity\n|-damage|p2a: Toxtricity|0 fnt\n|faint|p2a: Toxtricity\n|\n|upkeep\n|\n|t:|1698884460\n|switch|p2a: Hawlucha|Hawlucha, F|100\/100\n|turn|9\n|\n|t:|1698884466\n|move|p1a: Arcanine|Head Smash|p2a: Hawlucha|[miss]\n|-miss|p1a: Arcanine|p2a: Hawlucha\n|move|p2a: Hawlucha|Swords Dance|p2a: Hawlucha\n|-boost|p2a: Hawlucha|atk|2\n|\n|upkeep\n|turn|10\n|\n|t:|1698884473\n|move|p1a: Arcanine|Head Smash|p2a: Hawlucha\n|-enditem|p2a: Hawlucha|Focus Sash\n|-damage|p2a: Hawlucha|1\/100\n|move|p2a: Hawlucha|Flying Press|p1a: Arcanine\n|-damage|p1a: Arcanine|0 fnt\n|faint|p1a: Arcanine\n|\n|upkeep\n|c|\u2606Samy1325|Omg.\n|c|\u2606Samy1325|This miss\n|c|\u2606Samy1325|I hateee\n|\n|t:|1698884492\n|switch|p1a: Gg|Calyrex-Shadow|100\/100\n|-ability|p1a: Gg|As One\n|-ability|p1a: Gg|Unnerve\n|-damage|p1a: Gg|88\/100|[from] Stealth Rock\n|turn|11\n|c|\u2606Ryoshi2000|\ud83d\ude02\n|\n|t:|1698884498\n|move|p2a: Hawlucha|Aerial Ace|p1a: Gg\n|-damage|p1a: Gg|35\/100\n|move|p1a: Gg|Draining Kiss|p2a: Hawlucha\n|-supereffective|p2a: Hawlucha\n|-damage|p2a: Hawlucha|0 fnt\n|-heal|p1a: Gg|35\/100|[from] drain|[of] p2a: Hawlucha\n|faint|p2a: Hawlucha\n|-ability|p1a: Gg|Grim Neigh|boost\n|-boost|p1a: Gg|spa|1\n|-damage|p1a: Gg|25\/100|[from] item: Life Orb\n|\n|upkeep\n|\n|t:|1698884502\n|switch|p2a: Kingambit|Kingambit, M|100\/100\n|-activate|p2a: Kingambit|move: Sticky Web\n|-unboost|p2a: Kingambit|spe|1\n|-ability|p2a: Kingambit|Defiant|boost\n|-boost|p2a: Kingambit|atk|2\n|turn|12\n|\n|t:|1698884521\n|switch|p1a: Ninetales|Ninetales, F|100\/100\n|-damage|p1a: Ninetales|76\/100|[from] Stealth Rock\n|-weather|SunnyDay|[from] ability: Drought|[of] p1a: Ninetales\n|move|p2a: Kingambit|Kowtow Cleave|p1a: Ninetales\n|-damage|p1a: Ninetales|0 fnt\n|faint|p1a: Ninetales\n|\n|-weather|SunnyDay|[upkeep]\n|upkeep\n|c|\u2606Ryoshi2000|am i going to use sucker punch \ud83e\udd14\n|\n|t:|1698884532\n|switch|p1a: Gg|Calyrex-Shadow|25\/100\n|-ability|p1a: Gg|As One\n|-ability|p1a: Gg|Unnerve\n|-damage|p1a: Gg|13\/100|[from] Stealth Rock\n|turn|13\n|c|\u2606Ryoshi2000|am i\n|c|\u2606Ryoshi2000|hmmmmmm \ud83e\udd14\n|\n|t:|1698884545\n|move|p1a: Gg|Astral Barrage|p2a: Kingambit\n|-resisted|p2a: Kingambit\n|-damage|p2a: Kingambit|69\/100\n|-damage|p1a: Gg|3\/100|[from] item: Life Orb\n|move|p2a: Kingambit|Kowtow Cleave|p1a: Gg\n|-supereffective|p1a: Gg\n|-damage|p1a: Gg|0 fnt\n|faint|p1a: Gg\n|\n|win|Ryoshi2000\n|c|\u2606Samy1325|Now\n|c|\u2606Ryoshi2000|gg\n","uploadtime":1698884556,"views":5,"p1id":"samy1325","p2id":"ryoshi2000","formatid":"gen9anythinggoes","rating":0,"private":0,"password":""}