{"id":"gen9anythinggoes-1975994106","p1":"myname69","p2":"ConManJan","format":"[Gen 9] Anything Goes","log":"|j|\u2606myname69\n|j|\u2606ConManJan\n|t:|1698255033\n|gametype|singles\n|player|p1|myname69|carmine|1000\n|player|p2|ConManJan|riley|1045\n|teamsize|p1|6\n|teamsize|p2|6\n|gen|9\n|tier|[Gen 9] Anything Goes\n|rated|\n|rule|HP Percentage Mod: HP is shown in percentages\n|rule|Endless Battle Clause: Forcing endless battles is banned\n|clearpoke\n|poke|p1|Sneasler, M|\n|poke|p1|Ditto|\n|poke|p1|Azelf|\n|poke|p1|Golem-Alola, M|\n|poke|p1|Volcanion|\n|poke|p1|Garganacl, F|\n|poke|p2|Calyrex-Shadow|\n|poke|p2|Miraidon|\n|poke|p2|Scizor, F|\n|poke|p2|Ogerpon-Hearthflame, F|\n|poke|p2|Clefable, F|\n|poke|p2|Dialga-Origin|\n|teampreview\n|\n|t:|1698255042\n|start\n|switch|p1a: Sneasler|Sneasler, M|100\/100\n|switch|p2a: Calyrex|Calyrex-Shadow|100\/100\n|-ability|p2a: Calyrex|As One\n|-ability|p2a: Calyrex|Unnerve\n|turn|1\n|\n|t:|1698255053\n|move|p2a: Calyrex|Psychic|p1a: Sneasler\n|-supereffective|p1a: Sneasler\n|-enditem|p1a: Sneasler|Focus Sash\n|-damage|p1a: Sneasler|1\/100\n|-unboost|p1a: Sneasler|spd|1\n|move|p1a: Sneasler|Swords Dance|p1a: Sneasler\n|-boost|p1a: Sneasler|atk|2\n|\n|upkeep\n|turn|2\n|\n|t:|1698255064\n|move|p1a: Sneasler|Shadow Claw|p2a: Calyrex\n|-supereffective|p2a: Calyrex\n|-damage|p2a: Calyrex|0 fnt\n|faint|p2a: Calyrex\n|\n|upkeep\n|\n|t:|1698255076\n|switch|p2a: Dialga|Dialga-Origin|100\/100\n|-ability|p2a: Dialga|Pressure\n|turn|3\n|c|\u2606myname69|unburden :)\n|\n|t:|1698255082\n|move|p1a: Sneasler|Reversal|p2a: Dialga\n|-supereffective|p2a: Dialga\n|-damage|p2a: Dialga|0 fnt\n|faint|p2a: Dialga\n|\n|upkeep\n|\n|t:|1698255085\n|switch|p2a: Ogerpon|Ogerpon-Hearthflame, F|100\/100\n|-ability|p2a: Ogerpon|Mold Breaker\n|turn|4\n|\n|t:|1698255089\n|move|p1a: Sneasler|Reversal|p2a: Ogerpon\n|-damage|p2a: Ogerpon|0 fnt\n|faint|p2a: Ogerpon\n|\n|upkeep\n|\n|t:|1698255093\n|switch|p2a: Miraidon|Miraidon|100\/100\n|-fieldstart|move: Electric Terrain|[from] ability: Hadron Engine|[of] p2a: Miraidon\n|turn|5\n|\n|t:|1698255098\n|move|p1a: Sneasler|Reversal|p2a: Miraidon\n|-damage|p2a: Miraidon|0 fnt\n|faint|p2a: Miraidon\n|\n|upkeep\n|\n|t:|1698255102\n|switch|p2a: Scizor|Scizor, F|100\/100\n|turn|6\n|\n|t:|1698255105\n|move|p1a: Sneasler|Reversal|p2a: Scizor\n|-damage|p2a: Scizor|0 fnt\n|faint|p2a: Scizor\n|\n|upkeep\n|\n|t:|1698255107\n|switch|p2a: Clefable|Clefable, F|100\/100\n|turn|7\n|\n|t:|1698255114\n|move|p1a: Sneasler|Dire Claw|p2a: Clefable\n|-supereffective|p2a: Clefable\n|-damage|p2a: Clefable|0 fnt\n|faint|p2a: Clefable\n|\n|win|myname69\n|raw|myname69's rating: 1000 &rarr; <strong>1045<\/strong><br \/>(+45 for winning)\n|raw|ConManJan's rating: 1045 &rarr; <strong>1026<\/strong><br \/>(-19 for losing)\n","uploadtime":1698255124,"views":9,"p1id":"myname69","p2id":"conmanjan","formatid":"gen9anythinggoes","rating":1026,"private":0,"password":""}