{"id":"gen9anythinggoes-1993328548","p1":"wer2834","p2":"YutoXD","format":"[Gen 9] Anything Goes","log":"|j|\u2606wer2834\n|j|\u2606YutoXD\n|t:|1700299352\n|gametype|singles\n|player|p1|wer2834|266|1322\n|player|p2|YutoXD|1|1263\n|teamsize|p1|6\n|teamsize|p2|6\n|gen|9\n|tier|[Gen 9] Anything Goes\n|rated|\n|rule|HP Percentage Mod: HP is shown in percentages\n|rule|Endless Battle Clause: Forcing endless battles is banned\n|clearpoke\n|poke|p1|Masquerain, F|\n|poke|p1|Infernape, M|\n|poke|p1|Calyrex-Shadow|\n|poke|p1|Zacian-*|\n|poke|p1|Shaymin-Sky|\n|poke|p1|Kingambit, M|\n|poke|p2|Glimmora, M|\n|poke|p2|Ditto|\n|poke|p2|Annihilape, M|\n|poke|p2|Scovillain, F|\n|poke|p2|Maushold-Four|\n|poke|p2|Dudunsparce-*, F|\n|teampreview\n|\n|t:|1700299365\n|start\n|switch|p1a: Shaymin|Shaymin-Sky|100\/100\n|switch|p2a: Glimmora|Glimmora, M|100\/100\n|turn|1\n|\n|t:|1700299374\n|-terastallize|p1a: Shaymin|Flying\n|move|p1a: Shaymin|Air Slash|p2a: Glimmora\n|-resisted|p2a: Glimmora\n|-damage|p2a: Glimmora|55\/100\n|cant|p2a: Glimmora|flinch\n|\n|upkeep\n|turn|2\n|\n|t:|1700299381\n|move|p1a: Shaymin|Air Slash|p2a: Glimmora|[miss]\n|-miss|p1a: Shaymin|p2a: Glimmora\n|move|p2a: Glimmora|Stealth Rock|p1a: Shaymin\n|-sidestart|p1: wer2834|move: Stealth Rock\n|\n|upkeep\n|turn|3\n|\n|t:|1700299386\n|move|p1a: Shaymin|Air Slash|p2a: Glimmora\n|-resisted|p2a: Glimmora\n|-crit|p2a: Glimmora\n|-damage|p2a: Glimmora|0 fnt\n|faint|p2a: Glimmora\n|\n|upkeep\n|inactive|Battle timer is ON: inactive players will automatically lose when time's up. (requested by wer2834)\n|\n|t:|1700299395\n|switch|p2a: Scovillain|Scovillain, F|100\/100\n|turn|4\n|\n|t:|1700299400\n|-terastallize|p2a: Scovillain|Flying\n|move|p1a: Shaymin|Air Slash|p2a: Scovillain\n|-damage|p2a: Scovillain|23\/100\n|cant|p2a: Scovillain|flinch\n|\n|-heal|p2a: Scovillain|29\/100|[from] item: Leftovers\n|-ability|p2a: Scovillain|Moody|boost\n|-boost|p2a: Scovillain|atk|2\n|-unboost|p2a: Scovillain|def|1\n|upkeep\n|turn|5\n|\n|t:|1700299409\n|move|p2a: Scovillain|Protect|p2a: Scovillain\n|-singleturn|p2a: Scovillain|Protect\n|move|p1a: Shaymin|Air Slash|p2a: Scovillain\n|-activate|p2a: Scovillain|move: Protect\n|\n|-heal|p2a: Scovillain|35\/100|[from] item: Leftovers\n|-ability|p2a: Scovillain|Moody|boost\n|-boost|p2a: Scovillain|def|2\n|-unboost|p2a: Scovillain|atk|1\n|upkeep\n|turn|6\n|\n|t:|1700299425\n|move|p1a: Shaymin|Air Slash|p2a: Scovillain\n|-damage|p2a: Scovillain|0 fnt\n|faint|p2a: Scovillain\n|\n|upkeep\n|\n|t:|1700299430\n|switch|p2a: Maushold|Maushold-Four|100\/100\n|turn|7\n|\n|t:|1700299433\n|move|p1a: Shaymin|Air Slash|p2a: Maushold|[miss]\n|-miss|p1a: Shaymin|p2a: Maushold\n|move|p2a: Maushold|Population Bomb|p1a: Shaymin\n|-damage|p1a: Shaymin|85\/100\n|-hitcount|p1a: Shaymin|1\n|\n|upkeep\n|turn|8\n|\n|t:|1700299440\n|move|p1a: Shaymin|Air Slash|p2a: Maushold\n|-damage|p2a: Maushold|0 fnt\n|faint|p2a: Maushold\n|\n|upkeep\n|-message|YutoXD forfeited.\n|\n|win|wer2834\n|raw|wer2834's rating: 1322 &rarr; <strong>1339<\/strong><br \/>(+17 for winning)\n|raw|YutoXD's rating: 1263 &rarr; <strong>1242<\/strong><br \/>(-21 for losing)\n|l|\u2606YutoXD\n","uploadtime":1700299448,"views":10,"p1id":"wer2834","p2id":"yutoxd","formatid":"gen9anythinggoes","rating":1242,"private":0,"password":""}