{"id":"gen9anythinggoes-1984827322","p1":"yestootz","p2":"jerry_g13","format":"[Gen 9] Anything Goes","log":"|j|\u2606yestootz\n|j|\u2606jerry_g13\n|t:|1699302356\n|gametype|singles\n|player|p1|yestootz|riley|1016\n|player|p2|jerry_g13|sabrina|1114\n|teamsize|p1|6\n|teamsize|p2|6\n|gen|9\n|tier|[Gen 9] Anything Goes\n|rated|\n|rule|HP Percentage Mod: HP is shown in percentages\n|rule|Endless Battle Clause: Forcing endless battles is banned\n|clearpoke\n|poke|p1|Noivern, M|\n|poke|p1|Lucario, F|\n|poke|p1|Darkrai|\n|poke|p1|Roaring Moon|\n|poke|p1|Typhlosion-Hisui, M|\n|poke|p1|Shaymin-Sky|\n|poke|p2|Slowbro-Galar, M|\n|poke|p2|Slowpoke, F|\n|poke|p2|Slowbro, M|\n|poke|p2|Slowking, M|\n|poke|p2|Slowking-Galar, M|\n|poke|p2|Slowpoke-Galar, M|\n|teampreview\n|inactive|Battle timer is ON: inactive players will automatically lose when time's up. (requested by yestootz)\n|\n|t:|1699302370\n|start\n|switch|p1a: Shaymin|Shaymin-Sky|100\/100\n|switch|p2a: Slowking|Slowking, M|100\/100\n|turn|1\n|\n|t:|1699302377\n|move|p1a: Shaymin|Swords Dance|p1a: Shaymin\n|-boost|p1a: Shaymin|atk|2\n|move|p2a: Slowking|Light Screen|p2a: Slowking\n|-sidestart|p2: jerry_g13|move: Light Screen\n|\n|upkeep\n|turn|2\n|\n|t:|1699302391\n|move|p1a: Shaymin|Baton Pass|p1a: Shaymin\n|\n|t:|1699302400\n|switch|p1a: Roaring Moon|Roaring Moon|100\/100|[from] Baton Pass\n|-enditem|p1a: Roaring Moon|Booster Energy\n|-activate|p1a: Roaring Moon|ability: Protosynthesis|[fromitem]\n|-start|p1a: Roaring Moon|protosynthesisatk\n|move|p2a: Slowking|Reflect|p2a: Slowking\n|-sidestart|p2: jerry_g13|Reflect\n|\n|upkeep\n|turn|3\n|\n|t:|1699302411\n|move|p1a: Roaring Moon|Acrobatics|p2a: Slowking\n|-damage|p2a: Slowking|46\/100\n|move|p2a: Slowking|Trick Room|p2a: Slowking\n|-fieldstart|move: Trick Room|[of] p2a: Slowking\n|\n|upkeep\n|turn|4\n|\n|t:|1699302418\n|move|p2a: Slowking|Chilly Reception|p2a: Slowking\n|-weather|Snow\n|\n|t:|1699302423\n|switch|p2a: Slowking|Slowking-Galar, M|100\/100|[from] Chilly Reception\n|move|p1a: Roaring Moon|Acrobatics|p2a: Slowking\n|-damage|p2a: Slowking|48\/100\n|-enditem|p2a: Slowking|Kee Berry|[eat]\n|-boost|p2a: Slowking|def|1|[from] item: Kee Berry\n|\n|-weather|Snow|[upkeep]\n|upkeep\n|turn|5\n|\n|t:|1699302431\n|move|p2a: Slowking|Blizzard|p1a: Roaring Moon\n|-supereffective|p1a: Roaring Moon\n|-damage|p1a: Roaring Moon|26\/100\n|move|p1a: Roaring Moon|Acrobatics|p2a: Slowking\n|-damage|p2a: Slowking|10\/100\n|\n|-weather|Snow|[upkeep]\n|upkeep\n|turn|6\n|\n|t:|1699302443\n|move|p2a: Slowking|Blizzard|p1a: Roaring Moon\n|-supereffective|p1a: Roaring Moon\n|-damage|p1a: Roaring Moon|0 fnt\n|faint|p1a: Roaring Moon\n|-end|p1a: Roaring Moon|Protosynthesis|[silent]\n|\n|-weather|Snow|[upkeep]\n|upkeep\n|-message|yestootz forfeited.\n|\n|win|jerry_g13\n|raw|yestootz's rating: 1016 &rarr; <strong>1007<\/strong><br \/>(-9 for losing)\n|raw|jerry_g13's rating: 1114 &rarr; <strong>1132<\/strong><br \/>(+18 for winning)\n|l|\u2606yestootz\n","uploadtime":1699302462,"views":4,"p1id":"yestootz","p2id":"jerryg13","formatid":"gen9anythinggoes","rating":1007,"private":0,"password":""}