{"id":"gen9anythinggoes-1979296136","p1":"GravityMaster26","p2":"Whatismyteam420","format":"[Gen 9] Anything Goes","log":"|j|\u2606GravityMaster26\n|j|\u2606Whatismyteam420\n|t:|1698667904\n|gametype|singles\n|player|p1|GravityMaster26|1|1183\n|player|p2|Whatismyteam420|cheren|1095\n|teamsize|p1|6\n|teamsize|p2|6\n|gen|9\n|tier|[Gen 9] Anything Goes\n|rated|\n|rule|HP Percentage Mod: HP is shown in percentages\n|rule|Endless Battle Clause: Forcing endless battles is banned\n|clearpoke\n|poke|p1|Calyrex-Shadow|\n|poke|p1|Miraidon|\n|poke|p1|Kyogre|\n|poke|p1|Zacian-*|\n|poke|p1|Maushold-Four|\n|poke|p1|Greninja-*, M|\n|poke|p2|Polteageist|\n|poke|p2|Polteageist|\n|poke|p2|Polteageist|\n|poke|p2|Polteageist|\n|poke|p2|Polteageist|\n|poke|p2|Polteageist|\n|teampreview\n|\n|t:|1698667915\n|start\n|switch|p1a: E|Miraidon|100\/100\n|switch|p2a: TeaAndBiscuit|Polteageist|100\/100\n|-fieldstart|move: Electric Terrain|[from] ability: Hadron Engine|[of] p1a: E\n|turn|1\n|c|\u2606GravityMaster26|Good names\n|inactive|Battle timer is ON: inactive players will automatically lose when time's up. (requested by GravityMaster26)\n|c|\u2606Whatismyteam420|how you see?\n|\n|t:|1698667966\n|move|p1a: E|Electro Drift|p2a: TeaAndBiscuit\n|-enditem|p2a: TeaAndBiscuit|Focus Sash\n|-damage|p2a: TeaAndBiscuit|1\/100\n|-start|p1a: E|Disable|Electro Drift|[from] ability: Cursed Body|[of] p2a: TeaAndBiscuit\n|-damage|p1a: E|91\/100|[from] item: Life Orb\n|move|p2a: TeaAndBiscuit|Curse|p1a: E\n|-start|p1a: E|Curse|[of] p2a: TeaAndBiscuit\n|-damage|p2a: TeaAndBiscuit|0 fnt\n|faint|p2a: TeaAndBiscuit\n|\n|-damage|p1a: E|66\/100|[from] Curse\n|upkeep\n|c|\u2606GravityMaster26|I\u2019ve never seen this efor\n|c|\u2606GravityMaster26|That strat\n|c|\u2606Whatismyteam420|its a british team\n|\n|t:|1698667987\n|switch|p2a: GoodAtNothing|Polteageist|100\/100\n|turn|2\n|c|\u2606GravityMaster26|Ya I know\n|\n|t:|1698667998\n|move|p1a: E|Draco Meteor|p2a: GoodAtNothing\n|-damage|p2a: GoodAtNothing|7\/100\n|-unboost|p1a: E|spa|2\n|-damage|p1a: E|56\/100|[from] item: Life Orb\n|move|p2a: GoodAtNothing|Confuse Ray|p1a: E\n|-start|p1a: E|confusion\n|\n|-damage|p1a: E|31\/100|[from] Curse\n|upkeep\n|turn|3\n|\n|t:|1698668014\n|switch|p2a: HuntingOpsAre|Polteageist|100\/100\n|-activate|p1a: E|confusion\n|-damage|p1a: E|24\/100|[from] confusion\n|\n|-damage|p1a: E|0 fnt|[from] Curse\n|faint|p1a: E\n|upkeep\n|\n|t:|1698668025\n|switch|p1a: Greninja|Greninja, M, shiny|100\/100\n|turn|4\n|inactive|Whatismyteam420 has 120 seconds left.\n|\n|t:|1698668064\n|move|p1a: Greninja|Water Shuriken|p2a: HuntingOpsAre\n|-damage|p2a: HuntingOpsAre|96\/100\n|-start|p1a: Greninja|Disable|Water Shuriken|[from] ability: Cursed Body|[of] p2a: HuntingOpsAre\n|-damage|p2a: HuntingOpsAre|91\/100\n|-damage|p2a: HuntingOpsAre|86\/100\n|-hitcount|p2a: HuntingOpsAre|3\n|move|p2a: HuntingOpsAre|Strength Sap|p1a: Greninja\n|-unboost|p1a: Greninja|atk|1\n|-heal|p2a: HuntingOpsAre|100\/100\n|\n|upkeep\n|turn|5\n|c|\u2606Whatismyteam420|bru\n|c|\u2606Whatismyteam420|im so lucky with this\n|\n|t:|1698668075\n|move|p1a: Greninja|Blizzard|p2a: HuntingOpsAre|[miss]\n|-miss|p1a: Greninja|p2a: HuntingOpsAre\n|move|p2a: HuntingOpsAre|Substitute|p2a: HuntingOpsAre\n|-start|p2a: HuntingOpsAre|Substitute\n|-damage|p2a: HuntingOpsAre|76\/100\n|\n|-heal|p2a: HuntingOpsAre|82\/100|[from] item: Leftovers\n|-fieldend|move: Electric Terrain\n|upkeep\n|turn|6\n|\n|t:|1698668092\n|move|p1a: Greninja|Blizzard|p2a: HuntingOpsAre\n|-activate|p2a: HuntingOpsAre|move: Substitute|[damage]\n|move|p2a: HuntingOpsAre|Shell Smash|p2a: HuntingOpsAre\n|-unboost|p2a: HuntingOpsAre|def|1\n|-unboost|p2a: HuntingOpsAre|spd|1\n|-boost|p2a: HuntingOpsAre|atk|2\n|-boost|p2a: HuntingOpsAre|spa|2\n|-boost|p2a: HuntingOpsAre|spe|2\n|\n|-heal|p2a: HuntingOpsAre|88\/100|[from] item: Leftovers\n|upkeep\n|turn|7\n|inactive|Whatismyteam420 has 120 seconds left.\n|\n|t:|1698668115\n|move|p1a: Greninja|Blizzard|p2a: HuntingOpsAre\n|-end|p2a: HuntingOpsAre|Substitute\n|move|p2a: HuntingOpsAre|Shell Smash|p2a: HuntingOpsAre\n|-unboost|p2a: HuntingOpsAre|def|1\n|-unboost|p2a: HuntingOpsAre|spd|1\n|-boost|p2a: HuntingOpsAre|atk|2\n|-boost|p2a: HuntingOpsAre|spa|2\n|-boost|p2a: HuntingOpsAre|spe|2\n|\n|-heal|p2a: HuntingOpsAre|94\/100|[from] item: Leftovers\n|-end|p1a: Greninja|Disable\n|upkeep\n|turn|8\n|\n|t:|1698668127\n|move|p1a: Greninja|Water Shuriken|p2a: HuntingOpsAre\n|-damage|p2a: HuntingOpsAre|85\/100\n|-start|p1a: Greninja|Disable|Water Shuriken|[from] ability: Cursed Body|[of] p2a: HuntingOpsAre\n|-damage|p2a: HuntingOpsAre|76\/100\n|-damage|p2a: HuntingOpsAre|66\/100\n|-hitcount|p2a: HuntingOpsAre|3\n|move|p2a: HuntingOpsAre|Baton Pass|p2a: HuntingOpsAre\n|c|\u2606Whatismyteam420|broo!!!!!\n|\n|t:|1698668149\n|switch|p2a: TheBritsAreComing|Polteageist|100\/100|[from] Baton Pass\n|\n|upkeep\n|turn|9\n|\n|t:|1698668155\n|move|p2a: TheBritsAreComing|Giga Drain|p1a: Greninja\n|-supereffective|p1a: Greninja\n|-crit|p1a: Greninja\n|-damage|p1a: Greninja|0 fnt\n|faint|p1a: Greninja\n|\n|upkeep\n|c|\u2606Whatismyteam420|the brits are coming\n|\n|t:|1698668168\n|switch|p1a: Dog with a sword|Zacian-Crowned|100\/100\n|-ability|p1a: Dog with a sword|Intrepid Sword|boost\n|-boost|p1a: Dog with a sword|atk|1\n|turn|10\n|\n|t:|1698668176\n|move|p2a: TheBritsAreComing|Stored Power|p1a: Dog with a sword\n|-resisted|p1a: Dog with a sword\n|-damage|p1a: Dog with a sword|0 fnt\n|faint|p1a: Dog with a sword\n|\n|upkeep\n|c|\u2606GravityMaster26|Oh\n|c|\u2606GravityMaster26|ur good\n|c|\u2606Whatismyteam420|my s power is at 260 rn\n|\n|t:|1698668190\n|switch|p1a: Rehehehhehehe|Calyrex-Shadow|100\/100\n|-ability|p1a: Rehehehhehehe|As One\n|-ability|p1a: Rehehehhehehe|Unnerve\n|turn|11\n|inactive|Whatismyteam420 has 120 seconds left.\n|c|\u2606Whatismyteam420|this is a cheese i made in like 5 minutes\n|\n|t:|1698668200\n|move|p2a: TheBritsAreComing|Shadow Ball|p1a: Rehehehhehehe\n|-supereffective|p1a: Rehehehhehehe\n|-damage|p1a: Rehehehhehehe|0 fnt\n|faint|p1a: Rehehehhehehe\n|\n|upkeep\n|\n|t:|1698668207\n|switch|p1a: Pain in the but|Maushold-Four|100\/100\n|turn|12\n|c|\u2606Whatismyteam420|because of polteageists great support\n|\n|t:|1698668213\n|move|p1a: Pain in the but|Protect|p1a: Pain in the but\n|-singleturn|p1a: Pain in the but|Protect\n|move|p2a: TheBritsAreComing|Stored Power|p1a: Pain in the but\n|-activate|p1a: Pain in the but|move: Protect\n|\n|upkeep\n|turn|13\n|\n|t:|1698668221\n|move|p2a: TheBritsAreComing|Stored Power|p1a: Pain in the but\n|-damage|p1a: Pain in the but|0 fnt\n|faint|p1a: Pain in the but\n|\n|upkeep\n|\n|t:|1698668225\n|switch|p1a: Lol|Kyogre, shiny|100\/100\n|-weather|RainDance|[from] ability: Drizzle|[of] p1a: Lol\n|turn|14\n|c|\u2606Whatismyteam420|and shell smash baton pass and things\n|\n|t:|1698668232\n|move|p2a: TheBritsAreComing|Giga Drain|p1a: Lol\n|-supereffective|p1a: Lol\n|-damage|p1a: Lol|0 fnt\n|faint|p1a: Lol\n|\n|win|Whatismyteam420\n|raw|GravityMaster26's rating: 1183 &rarr; <strong>1150<\/strong><br \/>(-33 for losing)\n|raw|Whatismyteam420's rating: 1067 &rarr; <strong>1107<\/strong><br \/>(+40 for winning)\n|c|\u2606Whatismyteam420|thats a gg\n","uploadtime":1698668238,"views":9,"p1id":"gravitymaster26","p2id":"whatismyteam420","formatid":"gen9anythinggoes","rating":1107,"private":0,"password":""}