{"id":"gen9anythinggoes-1991979048","p1":"ClappisYappis","p2":"Raining_Glass","format":"[Gen 9] Anything Goes","log":"|j|\u2606ClappisYappis\n|j|\u2606Raining_Glass\n|t:|1700144595\n|gametype|singles\n|player|p1|ClappisYappis|riley|1109\n|player|p2|Raining_Glass|fisherman-gen4|1108\n|teamsize|p1|6\n|teamsize|p2|6\n|gen|9\n|tier|[Gen 9] Anything Goes\n|rated|\n|rule|HP Percentage Mod: HP is shown in percentages\n|rule|Endless Battle Clause: Forcing endless battles is banned\n|clearpoke\n|poke|p1|Maushold-Four|\n|poke|p1|Flutter Mane|\n|poke|p1|Miraidon|\n|poke|p1|Rabsca, M|\n|poke|p1|Garganacl, F|\n|poke|p1|Houndstone, M|\n|poke|p2|Maushold-Four|\n|poke|p2|Cloyster, M|\n|poke|p2|Miraidon|\n|poke|p2|Annihilape, M|\n|poke|p2|Dragapult, M|\n|poke|p2|Urshifu-*, M|\n|teampreview\n|\n|t:|1700144603\n|start\n|switch|p1a: Maushold|Maushold-Four|100\/100\n|switch|p2a: Maushold|Maushold-Four|100\/100\n|turn|1\n|\n|t:|1700144610\n|move|p1a: Maushold|Population Bomb|p2a: Maushold\n|-damage|p2a: Maushold|85\/100\n|-damage|p2a: Maushold|72\/100\n|-damage|p2a: Maushold|56\/100\n|-hitcount|p2a: Maushold|3\n|move|p2a: Maushold|Tidy Up|p2a: Maushold\n|-boost|p2a: Maushold|atk|1\n|-boost|p2a: Maushold|spe|1\n|\n|upkeep\n|turn|2\n|\n|t:|1700144621\n|switch|p1a: Flutter Mane|Flutter Mane, shiny|100\/100\n|move|p2a: Maushold|Baton Pass|p2a: Maushold\n|\n|t:|1700144631\n|switch|p2a: Miraidon|Miraidon|100\/100|[from] Baton Pass\n|-fieldstart|move: Electric Terrain|[from] ability: Hadron Engine|[of] p2a: Miraidon\n|\n|upkeep\n|turn|3\n|\n|t:|1700144657\n|-end|p1a: Flutter Mane|Protosynthesis|[silent]\n|switch|p1a: Maushold|Maushold-Four|100\/100\n|move|p2a: Miraidon|Electro Drift|p1a: Maushold\n|-damage|p1a: Maushold|0 fnt\n|faint|p1a: Maushold\n|\n|upkeep\n|\n|t:|1700144662\n|switch|p1a: DeMarco|Miraidon|100\/100\n|-activate|p1a: DeMarco|ability: Hadron Engine\n|turn|4\n|\n|t:|1700144670\n|-terastallize|p1a: DeMarco|Electric\n|move|p2a: Miraidon|Outrage|p1a: DeMarco\n|-damage|p1a: DeMarco|52\/100\n|move|p1a: DeMarco|Electro Drift|p2a: Miraidon\n|-resisted|p2a: Miraidon\n|-damage|p2a: Miraidon|75\/100\n|\n|upkeep\n|turn|5\n|\n|t:|1700144681\n|switch|p1a: Flutter Mane|Flutter Mane, shiny|100\/100\n|move|p2a: Miraidon|Outrage|p1a: Flutter Mane|[from]lockedmove\n|-immune|p1a: Flutter Mane\n|\n|upkeep\n|turn|6\n|\n|t:|1700144688\n|move|p2a: Miraidon|Electro Drift|p1a: Flutter Mane\n|-damage|p1a: Flutter Mane|0 fnt\n|faint|p1a: Flutter Mane\n|-end|p1a: Flutter Mane|Protosynthesis|[silent]\n|\n|-fieldend|move: Electric Terrain\n|upkeep\n|\n|t:|1700144696\n|switch|p1a: SSSReplacement|Garganacl, F, shiny|100\/100\n|turn|7\n|\n|t:|1700144701\n|move|p2a: Miraidon|Outrage|p1a: SSSReplacement\n|-damage|p1a: SSSReplacement|65\/100\n|move|p1a: SSSReplacement|Salt Cure|p2a: Miraidon\n|-damage|p2a: Miraidon|62\/100\n|-start|p2a: Miraidon|Salt Cure\n|\n|-heal|p1a: SSSReplacement|71\/100|[from] item: Leftovers\n|-damage|p2a: Miraidon|50\/100|[from] Salt Cure\n|upkeep\n|turn|8\n|\n|t:|1700144713\n|move|p2a: Miraidon|Outrage|p1a: SSSReplacement|[from]lockedmove\n|-damage|p1a: SSSReplacement|34\/100\n|-start|p2a: Miraidon|confusion|[fatigue]\n|move|p1a: SSSReplacement|Iron Defense|p1a: SSSReplacement\n|-boost|p1a: SSSReplacement|def|2\n|\n|-heal|p1a: SSSReplacement|40\/100|[from] item: Leftovers\n|-damage|p2a: Miraidon|38\/100|[from] Salt Cure\n|upkeep\n|turn|9\n|inactive|Battle timer is ON: inactive players will automatically lose when time's up. (requested by ClappisYappis)\n|\n|t:|1700144735\n|-activate|p2a: Miraidon|confusion\n|-damage|p2a: Miraidon|28\/100|[from] confusion\n|move|p1a: SSSReplacement|Recover|p1a: SSSReplacement\n|-heal|p1a: SSSReplacement|90\/100\n|\n|-heal|p1a: SSSReplacement|97\/100|[from] item: Leftovers\n|-damage|p2a: Miraidon|15\/100|[from] Salt Cure\n|upkeep\n|turn|10\n|\n|t:|1700144746\n|switch|p2a: Urshifu|Urshifu-Rapid-Strike, M|100\/100\n|move|p1a: SSSReplacement|Recover|p1a: SSSReplacement\n|-heal|p1a: SSSReplacement|100\/100\n|\n|upkeep\n|turn|11\n|\n|t:|1700144754\n|move|p2a: Urshifu|Surging Strikes|p1a: SSSReplacement\n|-supereffective|p1a: SSSReplacement\n|-crit|p1a: SSSReplacement\n|-damage|p1a: SSSReplacement|74\/100\n|-supereffective|p1a: SSSReplacement\n|-crit|p1a: SSSReplacement\n|-damage|p1a: SSSReplacement|48\/100\n|-supereffective|p1a: SSSReplacement\n|-crit|p1a: SSSReplacement\n|-damage|p1a: SSSReplacement|23\/100\n|-hitcount|p1a: SSSReplacement|3\n|move|p1a: SSSReplacement|Salt Cure|p2a: Urshifu\n|-resisted|p2a: Urshifu\n|-damage|p2a: Urshifu|95\/100\n|-start|p2a: Urshifu|Salt Cure\n|\n|-heal|p2a: Urshifu|100\/100|[from] item: Leftovers\n|-heal|p1a: SSSReplacement|29\/100|[from] item: Leftovers\n|-damage|p2a: Urshifu|75\/100|[from] Salt Cure\n|upkeep\n|turn|12\n|\n|t:|1700144771\n|move|p2a: Urshifu|Surging Strikes|p1a: SSSReplacement\n|-supereffective|p1a: SSSReplacement\n|-crit|p1a: SSSReplacement\n|-damage|p1a: SSSReplacement|5\/100\n|-supereffective|p1a: SSSReplacement\n|-crit|p1a: SSSReplacement\n|-damage|p1a: SSSReplacement|0 fnt\n|faint|p1a: SSSReplacement\n|-hitcount|p1: SSSReplacement|2\n|\n|-heal|p2a: Urshifu|82\/100|[from] item: Leftovers\n|-damage|p2a: Urshifu|57\/100|[from] Salt Cure\n|upkeep\n|\n|t:|1700144774\n|switch|p1a: Rabsca|Rabsca, M, shiny|100\/100\n|turn|13\n|\n|t:|1700144789\n|move|p2a: Urshifu|Poison Jab|p1a: Rabsca\n|-damage|p1a: Rabsca|79\/100\n|move|p1a: Rabsca|Trick Room|p1a: Rabsca\n|-fieldstart|move: Trick Room|[of] p1a: Rabsca\n|\n|-heal|p2a: Urshifu|63\/100|[from] item: Leftovers\n|-damage|p2a: Urshifu|38\/100|[from] Salt Cure\n|upkeep\n|turn|14\n|\n|t:|1700144798\n|move|p1a: Rabsca|Revival Blessing|p1a: Rabsca\n|-enditem|p1a: Rabsca|Leppa Berry|[eat]\n|-activate|p1a: Rabsca|item: Leppa Berry|Revival Blessing|[consumed]\n|\n|t:|1700144802\n|-heal|p1: Flutter Mane|50\/100|[from] move: Revival Blessing\n|move|p2a: Urshifu|Surging Strikes|p1a: Rabsca\n|-crit|p1a: Rabsca\n|-damage|p1a: Rabsca|64\/100\n|-crit|p1a: Rabsca\n|-damage|p1a: Rabsca|49\/100\n|-crit|p1a: Rabsca\n|-damage|p1a: Rabsca|33\/100\n|-hitcount|p1a: Rabsca|3\n|\n|-heal|p2a: Urshifu|44\/100|[from] item: Leftovers\n|-damage|p2a: Urshifu|19\/100|[from] Salt Cure\n|upkeep\n|turn|15\n|\n|t:|1700144817\n|move|p1a: Rabsca|Recover|p1a: Rabsca\n|-heal|p1a: Rabsca|83\/100\n|move|p2a: Urshifu|Surging Strikes|p1a: Rabsca\n|-crit|p1a: Rabsca\n|-damage|p1a: Rabsca|66\/100\n|-crit|p1a: Rabsca\n|-damage|p1a: Rabsca|50\/100\n|-crit|p1a: Rabsca\n|-damage|p1a: Rabsca|34\/100\n|-hitcount|p1a: Rabsca|3\n|\n|-heal|p2a: Urshifu|25\/100|[from] item: Leftovers\n|-damage|p2a: Urshifu|0 fnt|[from] Salt Cure\n|faint|p2a: Urshifu\n|upkeep\n|\n|t:|1700144836\n|switch|p2a: Cloyster|Cloyster, M, shiny|100\/100\n|turn|16\n|\n|t:|1700144847\n|move|p1a: Rabsca|Revival Blessing|p1a: Rabsca\n|\n|t:|1700144851\n|-heal|p1: SSSReplacement|50\/100|[from] move: Revival Blessing\n|move|p2a: Cloyster|Icicle Spear|p1a: Rabsca\n|-damage|p1a: Rabsca|24\/100\n|-damage|p1a: Rabsca|15\/100\n|-damage|p1a: Rabsca|5\/100\n|-damage|p1a: Rabsca|0 fnt\n|faint|p1a: Rabsca\n|-hitcount|p1: Rabsca|4\n|\n|upkeep\n|\n|t:|1700144855\n|switch|p1a: Houndstone|Houndstone, M|100\/100\n|turn|17\n|\n|t:|1700144868\n|move|p1a: Houndstone|Last Respects|p2a: Cloyster\n|-damage|p2a: Cloyster|9\/100\n|move|p2a: Cloyster|Shell Smash|p2a: Cloyster\n|-unboost|p2a: Cloyster|def|1\n|-unboost|p2a: Cloyster|spd|1\n|-boost|p2a: Cloyster|atk|2\n|-boost|p2a: Cloyster|spa|2\n|-boost|p2a: Cloyster|spe|2\n|\n|-fieldend|move: Trick Room\n|upkeep\n|turn|18\n|\n|t:|1700144878\n|move|p1a: Houndstone|Shadow Sneak|p2a: Cloyster\n|-damage|p2a: Cloyster|0 fnt\n|faint|p2a: Cloyster\n|\n|upkeep\n|\n|t:|1700144886\n|switch|p2a: Dragapult|Dragapult, M|100\/100\n|turn|19\n|\n|t:|1700144902\n|move|p1a: Houndstone|Shadow Sneak|p2a: Dragapult\n|-supereffective|p2a: Dragapult\n|-damage|p2a: Dragapult|57\/100\n|move|p2a: Dragapult|Draco Meteor|p1a: Houndstone\n|-crit|p1a: Houndstone\n|-damage|p1a: Houndstone|55\/100\n|-unboost|p2a: Dragapult|spa|2\n|\n|upkeep\n|turn|20\n|\n|t:|1700144911\n|move|p2a: Dragapult|Phantom Force||[still]\n|-prepare|p2a: Dragapult|Phantom Force\n|move|p1a: Houndstone|Last Respects|p2a: Dragapult|[miss]\n|-miss|p1a: Houndstone|p2a: Dragapult\n|\n|upkeep\n|turn|21\n|\n|t:|1700144917\n|switch|p1a: SSSReplacement|Garganacl, F, shiny|50\/100\n|move|p2a: Dragapult|Phantom Force|p1a: SSSReplacement|[from]lockedmove\n|-damage|p1a: SSSReplacement|36\/100\n|\n|-heal|p1a: SSSReplacement|42\/100|[from] item: Leftovers\n|upkeep\n|turn|22\n|\n|t:|1700144926\n|move|p2a: Dragapult|Dragon Darts|p1a: SSSReplacement\n|-damage|p1a: SSSReplacement|26\/100\n|-anim|p2a: Dragapult|Dragon Darts|p1a: SSSReplacement\n|-damage|p1a: SSSReplacement|12\/100\n|move|p1a: SSSReplacement|Recover|p1a: SSSReplacement\n|-heal|p1a: SSSReplacement|62\/100\n|\n|-heal|p1a: SSSReplacement|68\/100|[from] item: Leftovers\n|upkeep\n|turn|23\n|\n|t:|1700144935\n|move|p2a: Dragapult|Dragon Darts|p1a: SSSReplacement\n|-damage|p1a: SSSReplacement|53\/100\n|-anim|p2a: Dragapult|Dragon Darts|p1a: SSSReplacement\n|-damage|p1a: SSSReplacement|37\/100\n|move|p1a: SSSReplacement|Recover|p1a: SSSReplacement\n|-heal|p1a: SSSReplacement|87\/100\n|\n|-heal|p1a: SSSReplacement|93\/100|[from] item: Leftovers\n|upkeep\n|turn|24\n|\n|t:|1700144948\n|switch|p2a: Annihilape|Annihilape, M|100\/100\n|move|p1a: SSSReplacement|Iron Defense|p1a: SSSReplacement\n|-boost|p1a: SSSReplacement|def|2\n|\n|-heal|p1a: SSSReplacement|99\/100|[from] item: Leftovers\n|upkeep\n|turn|25\n|\n|t:|1700144956\n|move|p2a: Annihilape|Rage Fist|p1a: SSSReplacement\n|-damage|p1a: SSSReplacement|95\/100\n|move|p1a: SSSReplacement|Iron Defense|p1a: SSSReplacement\n|-boost|p1a: SSSReplacement|def|2\n|\n|-heal|p1a: SSSReplacement|100\/100|[from] item: Leftovers\n|upkeep\n|turn|26\n|\n|t:|1700144966\n|move|p2a: Annihilape|Rage Fist|p1a: SSSReplacement\n|-damage|p1a: SSSReplacement|98\/100\n|move|p1a: SSSReplacement|Iron Defense|p1a: SSSReplacement\n|-boost|p1a: SSSReplacement|def|2\n|\n|-heal|p1a: SSSReplacement|100\/100|[from] item: Leftovers\n|upkeep\n|turn|27\n|\n|t:|1700144979\n|switch|p2a: Maushold|Maushold-Four|56\/100\n|move|p1a: SSSReplacement|Salt Cure|p2a: Maushold\n|-crit|p2a: Maushold\n|-damage|p2a: Maushold|28\/100\n|-start|p2a: Maushold|Salt Cure\n|\n|-damage|p2a: Maushold|16\/100|[from] Salt Cure\n|upkeep\n|turn|28\n|\n|t:|1700144988\n|move|p2a: Maushold|Population Bomb|p1a: SSSReplacement\n|-resisted|p1a: SSSReplacement\n|-damage|p1a: SSSReplacement|99\/100\n|-resisted|p1a: SSSReplacement\n|-damage|p1a: SSSReplacement|99\/100\n|-resisted|p1a: SSSReplacement\n|-crit|p1a: SSSReplacement\n|-damage|p1a: SSSReplacement|97\/100\n|-resisted|p1a: SSSReplacement\n|-damage|p1a: SSSReplacement|96\/100\n|-resisted|p1a: SSSReplacement\n|-damage|p1a: SSSReplacement|96\/100\n|-hitcount|p1a: SSSReplacement|5\n|move|p1a: SSSReplacement|Salt Cure|p2a: Maushold\n|-damage|p2a: Maushold|0 fnt\n|faint|p2a: Maushold\n|\n|-heal|p1a: SSSReplacement|100\/100|[from] item: Leftovers\n|upkeep\n|\n|t:|1700145007\n|switch|p2a: Miraidon|Miraidon|15\/100\n|-fieldstart|move: Electric Terrain|[from] ability: Hadron Engine|[of] p2a: Miraidon\n|turn|29\n|\n|t:|1700145012\n|move|p2a: Miraidon|Outrage|p1a: SSSReplacement\n|-damage|p1a: SSSReplacement|94\/100\n|move|p1a: SSSReplacement|Body Press|p2a: Miraidon\n|-damage|p2a: Miraidon|0 fnt\n|faint|p2a: Miraidon\n|\n|-heal|p1a: SSSReplacement|100\/100|[from] item: Leftovers\n|upkeep\n|\n|t:|1700145023\n|switch|p2a: Dragapult|Dragapult, M|57\/100\n|turn|30\n|\n|t:|1700145027\n|move|p2a: Dragapult|Dragon Darts|p1a: SSSReplacement\n|-damage|p1a: SSSReplacement|96\/100\n|-anim|p2a: Dragapult|Dragon Darts|p1a: SSSReplacement\n|-crit|p1a: SSSReplacement\n|-damage|p1a: SSSReplacement|72\/100\n|move|p1a: SSSReplacement|Salt Cure|p2a: Dragapult\n|-damage|p2a: Dragapult|40\/100\n|-start|p2a: Dragapult|Salt Cure\n|\n|-heal|p1a: SSSReplacement|78\/100|[from] item: Leftovers\n|-damage|p2a: Dragapult|27\/100|[from] Salt Cure\n|upkeep\n|turn|31\n|\n|t:|1700145039\n|move|p2a: Dragapult|Dragon Darts|p1a: SSSReplacement\n|-damage|p1a: SSSReplacement|75\/100\n|-anim|p2a: Dragapult|Dragon Darts|p1a: SSSReplacement\n|-damage|p1a: SSSReplacement|71\/100\n|move|p1a: SSSReplacement|Recover|p1a: SSSReplacement\n|-heal|p1a: SSSReplacement|100\/100\n|\n|-damage|p2a: Dragapult|15\/100|[from] Salt Cure\n|upkeep\n|turn|32\n|\n|t:|1700145048\n|move|p2a: Dragapult|Dragon Darts|p1a: SSSReplacement\n|-damage|p1a: SSSReplacement|96\/100\n|-anim|p2a: Dragapult|Dragon Darts|p1a: SSSReplacement\n|-damage|p1a: SSSReplacement|92\/100\n|move|p1a: SSSReplacement|Salt Cure|p2a: Dragapult\n|-damage|p2a: Dragapult|0 fnt\n|faint|p2a: Dragapult\n|\n|-heal|p1a: SSSReplacement|99\/100|[from] item: Leftovers\n|upkeep\n|\n|t:|1700145058\n|switch|p2a: Annihilape|Annihilape, M|100\/100\n|turn|33\n|\n|t:|1700145062\n|move|p2a: Annihilape|Drain Punch|p1a: SSSReplacement\n|-supereffective|p1a: SSSReplacement\n|-damage|p1a: SSSReplacement|87\/100\n|move|p1a: SSSReplacement|Salt Cure|p2a: Annihilape\n|-resisted|p2a: Annihilape\n|-damage|p2a: Annihilape|93\/100\n|-start|p2a: Annihilape|Salt Cure\n|\n|-heal|p2a: Annihilape|99\/100|[from] item: Leftovers\n|-heal|p1a: SSSReplacement|93\/100|[from] item: Leftovers\n|-damage|p2a: Annihilape|87\/100|[from] Salt Cure\n|-fieldend|move: Electric Terrain\n|upkeep\n|turn|34\n|\n|t:|1700145075\n|move|p2a: Annihilape|Drain Punch|p1a: SSSReplacement\n|-supereffective|p1a: SSSReplacement\n|-damage|p1a: SSSReplacement|82\/100\n|-heal|p2a: Annihilape|93\/100|[from] drain|[of] p1a: SSSReplacement\n|move|p1a: SSSReplacement|Salt Cure|p2a: Annihilape\n|-resisted|p2a: Annihilape\n|-damage|p2a: Annihilape|86\/100\n|\n|-heal|p2a: Annihilape|92\/100|[from] item: Leftovers\n|-heal|p1a: SSSReplacement|88\/100|[from] item: Leftovers\n|-damage|p2a: Annihilape|79\/100|[from] Salt Cure\n|upkeep\n|turn|35\n|\n|t:|1700145087\n|move|p2a: Annihilape|Drain Punch|p1a: SSSReplacement\n|-supereffective|p1a: SSSReplacement\n|-damage|p1a: SSSReplacement|76\/100\n|-heal|p2a: Annihilape|86\/100|[from] drain|[of] p1a: SSSReplacement\n|move|p1a: SSSReplacement|Salt Cure|p2a: Annihilape\n|-resisted|p2a: Annihilape\n|-damage|p2a: Annihilape|78\/100\n|\n|-heal|p2a: Annihilape|85\/100|[from] item: Leftovers\n|-heal|p1a: SSSReplacement|82\/100|[from] item: Leftovers\n|-damage|p2a: Annihilape|72\/100|[from] Salt Cure\n|upkeep\n|turn|36\n|\n|t:|1700145100\n|move|p2a: Annihilape|Drain Punch|p1a: SSSReplacement\n|-supereffective|p1a: SSSReplacement\n|-damage|p1a: SSSReplacement|72\/100\n|-heal|p2a: Annihilape|78\/100|[from] drain|[of] p1a: SSSReplacement\n|move|p1a: SSSReplacement|Iron Defense|p1a: SSSReplacement\n|-boost|p1a: SSSReplacement|def|0\n|\n|-heal|p2a: Annihilape|84\/100|[from] item: Leftovers\n|-heal|p1a: SSSReplacement|78\/100|[from] item: Leftovers\n|-damage|p2a: Annihilape|71\/100|[from] Salt Cure\n|upkeep\n|turn|37\n|\n|t:|1700145111\n|move|p2a: Annihilape|Drain Punch|p1a: SSSReplacement\n|-supereffective|p1a: SSSReplacement\n|-damage|p1a: SSSReplacement|67\/100\n|-heal|p2a: Annihilape|77\/100|[from] drain|[of] p1a: SSSReplacement\n|move|p1a: SSSReplacement|Iron Defense|p1a: SSSReplacement\n|-boost|p1a: SSSReplacement|def|0\n|\n|-heal|p2a: Annihilape|83\/100|[from] item: Leftovers\n|-heal|p1a: SSSReplacement|74\/100|[from] item: Leftovers\n|-damage|p2a: Annihilape|71\/100|[from] Salt Cure\n|upkeep\n|turn|38\n|\n|t:|1700145124\n|move|p2a: Annihilape|Drain Punch|p1a: SSSReplacement\n|-supereffective|p1a: SSSReplacement\n|-damage|p1a: SSSReplacement|62\/100\n|-heal|p2a: Annihilape|77\/100|[from] drain|[of] p1a: SSSReplacement\n|move|p1a: SSSReplacement|Iron Defense|p1a: SSSReplacement\n|-boost|p1a: SSSReplacement|def|0\n|\n|-heal|p2a: Annihilape|83\/100|[from] item: Leftovers\n|-heal|p1a: SSSReplacement|68\/100|[from] item: Leftovers\n|-damage|p2a: Annihilape|71\/100|[from] Salt Cure\n|upkeep\n|turn|39\n|\n|t:|1700145135\n|move|p2a: Annihilape|Drain Punch|p1a: SSSReplacement\n|-supereffective|p1a: SSSReplacement\n|-damage|p1a: SSSReplacement|57\/100\n|-heal|p2a: Annihilape|76\/100|[from] drain|[of] p1a: SSSReplacement\n|move|p1a: SSSReplacement|Recover|p1a: SSSReplacement\n|-heal|p1a: SSSReplacement|100\/100\n|\n|-heal|p2a: Annihilape|82\/100|[from] item: Leftovers\n|-damage|p2a: Annihilape|70\/100|[from] Salt Cure\n|upkeep\n|turn|40\n|\n|t:|1700145154\n|move|p2a: Annihilape|Drain Punch|p1a: SSSReplacement\n|-supereffective|p1a: SSSReplacement\n|-damage|p1a: SSSReplacement|90\/100\n|-heal|p2a: Annihilape|75\/100|[from] drain|[of] p1a: SSSReplacement\n|move|p1a: SSSReplacement|Iron Defense|p1a: SSSReplacement\n|-boost|p1a: SSSReplacement|def|0\n|\n|-heal|p2a: Annihilape|82\/100|[from] item: Leftovers\n|-heal|p1a: SSSReplacement|96\/100|[from] item: Leftovers\n|-damage|p2a: Annihilape|69\/100|[from] Salt Cure\n|upkeep\n|turn|41\n|\n|t:|1700145165\n|move|p2a: Annihilape|Drain Punch|p1a: SSSReplacement\n|-supereffective|p1a: SSSReplacement\n|-damage|p1a: SSSReplacement|84\/100\n|-heal|p2a: Annihilape|75\/100|[from] drain|[of] p1a: SSSReplacement\n|move|p1a: SSSReplacement|Iron Defense|p1a: SSSReplacement\n|-boost|p1a: SSSReplacement|def|0\n|\n|-heal|p2a: Annihilape|82\/100|[from] item: Leftovers\n|-heal|p1a: SSSReplacement|91\/100|[from] item: Leftovers\n|-damage|p2a: Annihilape|69\/100|[from] Salt Cure\n|upkeep\n|turn|42\n|\n|t:|1700145176\n|move|p2a: Annihilape|Drain Punch|p1a: SSSReplacement\n|-supereffective|p1a: SSSReplacement\n|-damage|p1a: SSSReplacement|80\/100\n|-heal|p2a: Annihilape|75\/100|[from] drain|[of] p1a: SSSReplacement\n|move|p1a: SSSReplacement|Iron Defense|p1a: SSSReplacement\n|-boost|p1a: SSSReplacement|def|0\n|\n|-heal|p2a: Annihilape|81\/100|[from] item: Leftovers\n|-heal|p1a: SSSReplacement|86\/100|[from] item: Leftovers\n|-damage|p2a: Annihilape|69\/100|[from] Salt Cure\n|upkeep\n|turn|43\n|\n|t:|1700145188\n|move|p2a: Annihilape|Drain Punch|p1a: SSSReplacement\n|-supereffective|p1a: SSSReplacement\n|-damage|p1a: SSSReplacement|75\/100\n|-heal|p2a: Annihilape|74\/100|[from] drain|[of] p1a: SSSReplacement\n|move|p1a: SSSReplacement|Iron Defense|p1a: SSSReplacement\n|-boost|p1a: SSSReplacement|def|0\n|\n|-heal|p2a: Annihilape|80\/100|[from] item: Leftovers\n|-heal|p1a: SSSReplacement|82\/100|[from] item: Leftovers\n|-damage|p2a: Annihilape|68\/100|[from] Salt Cure\n|upkeep\n|turn|44\n|\n|t:|1700145199\n|move|p2a: Annihilape|Drain Punch|p1a: SSSReplacement\n|-supereffective|p1a: SSSReplacement\n|-damage|p1a: SSSReplacement|71\/100\n|-heal|p2a: Annihilape|73\/100|[from] drain|[of] p1a: SSSReplacement\n|move|p1a: SSSReplacement|Iron Defense|p1a: SSSReplacement\n|-boost|p1a: SSSReplacement|def|0\n|\n|-heal|p2a: Annihilape|80\/100|[from] item: Leftovers\n|-heal|p1a: SSSReplacement|77\/100|[from] item: Leftovers\n|-damage|p2a: Annihilape|67\/100|[from] Salt Cure\n|upkeep\n|turn|45\n|\n|t:|1700145212\n|move|p2a: Annihilape|Drain Punch|p1a: SSSReplacement\n|-supereffective|p1a: SSSReplacement\n|-damage|p1a: SSSReplacement|67\/100\n|-heal|p2a: Annihilape|73\/100|[from] drain|[of] p1a: SSSReplacement\n|move|p1a: SSSReplacement|Iron Defense|p1a: SSSReplacement\n|-boost|p1a: SSSReplacement|def|0\n|\n|-heal|p2a: Annihilape|79\/100|[from] item: Leftovers\n|-heal|p1a: SSSReplacement|73\/100|[from] item: Leftovers\n|-damage|p2a: Annihilape|66\/100|[from] Salt Cure\n|upkeep\n|turn|46\n|\n|t:|1700145226\n|move|p2a: Annihilape|Drain Punch|p1a: SSSReplacement\n|-supereffective|p1a: SSSReplacement\n|-damage|p1a: SSSReplacement|62\/100\n|-heal|p2a: Annihilape|72\/100|[from] drain|[of] p1a: SSSReplacement\n|move|p1a: SSSReplacement|Iron Defense|p1a: SSSReplacement\n|-boost|p1a: SSSReplacement|def|0\n|\n|-heal|p2a: Annihilape|78\/100|[from] item: Leftovers\n|-heal|p1a: SSSReplacement|69\/100|[from] item: Leftovers\n|-damage|p2a: Annihilape|66\/100|[from] Salt Cure\n|upkeep\n|turn|47\n|\n|t:|1700145242\n|move|p2a: Annihilape|Drain Punch|p1a: SSSReplacement\n|-supereffective|p1a: SSSReplacement\n|-damage|p1a: SSSReplacement|57\/100\n|-heal|p2a: Annihilape|72\/100|[from] drain|[of] p1a: SSSReplacement\n|move|p1a: SSSReplacement|Iron Defense|p1a: SSSReplacement\n|-boost|p1a: SSSReplacement|def|0\n|\n|-heal|p2a: Annihilape|78\/100|[from] item: Leftovers\n|-heal|p1a: SSSReplacement|63\/100|[from] item: Leftovers\n|-damage|p2a: Annihilape|66\/100|[from] Salt Cure\n|upkeep\n|turn|48\n|\n|t:|1700145255\n|move|p2a: Annihilape|Drain Punch|p1a: SSSReplacement\n|-supereffective|p1a: SSSReplacement\n|-damage|p1a: SSSReplacement|52\/100\n|-heal|p2a: Annihilape|71\/100|[from] drain|[of] p1a: SSSReplacement\n|move|p1a: SSSReplacement|Recover|p1a: SSSReplacement\n|-heal|p1a: SSSReplacement|100\/100\n|\n|-heal|p2a: Annihilape|78\/100|[from] item: Leftovers\n|-damage|p2a: Annihilape|65\/100|[from] Salt Cure\n|upkeep\n|turn|49\n|\n|t:|1700145271\n|move|p2a: Annihilape|Rest|p2a: Annihilape\n|-status|p2a: Annihilape|slp|[from] move: Rest\n|-heal|p2a: Annihilape|100\/100 slp|[silent]\n|move|p1a: SSSReplacement|Iron Defense|p1a: SSSReplacement\n|-boost|p1a: SSSReplacement|def|0\n|\n|-damage|p2a: Annihilape|88\/100 slp|[from] Salt Cure\n|upkeep\n|turn|50\n|\n|t:|1700145282\n|cant|p2a: Annihilape|slp\n|move|p2a: Annihilape|Sleep Talk|p2a: Annihilape\n|move|p2a: Annihilape|Rest||[from]move: Sleep Talk|[still]\n|-fail|p2a: Annihilape\n|move|p1a: SSSReplacement|Iron Defense|p1a: SSSReplacement\n|-boost|p1a: SSSReplacement|def|0\n|\n|-heal|p2a: Annihilape|94\/100 slp|[from] item: Leftovers\n|-damage|p2a: Annihilape|82\/100 slp|[from] Salt Cure\n|upkeep\n|turn|51\n|\n|t:|1700145294\n|cant|p2a: Annihilape|slp\n|move|p2a: Annihilape|Sleep Talk|p2a: Annihilape\n|move|p2a: Annihilape|Rest||[from]move: Sleep Talk|[still]\n|-fail|p2a: Annihilape\n|move|p1a: SSSReplacement|Iron Defense|p1a: SSSReplacement\n|-boost|p1a: SSSReplacement|def|0\n|\n|-heal|p2a: Annihilape|88\/100 slp|[from] item: Leftovers\n|-damage|p2a: Annihilape|76\/100 slp|[from] Salt Cure\n|upkeep\n|turn|52\n|\n|t:|1700145307\n|-curestatus|p2a: Annihilape|slp|[msg]\n|move|p2a: Annihilape|Rage Fist|p1a: SSSReplacement\n|-damage|p1a: SSSReplacement|94\/100\n|move|p1a: SSSReplacement|Iron Defense|p1a: SSSReplacement\n|-boost|p1a: SSSReplacement|def|0\n|\n|-heal|p2a: Annihilape|82\/100|[from] item: Leftovers\n|-heal|p1a: SSSReplacement|99\/100|[from] item: Leftovers\n|-damage|p2a: Annihilape|70\/100|[from] Salt Cure\n|upkeep\n|turn|53\n|\n|t:|1700145319\n|move|p2a: Annihilape|Rage Fist|p1a: SSSReplacement\n|-damage|p1a: SSSReplacement|93\/100\n|move|p1a: SSSReplacement|Body Press|p2a: Annihilape\n|-immune|p2a: Annihilape\n|\n|-heal|p2a: Annihilape|76\/100|[from] item: Leftovers\n|-heal|p1a: SSSReplacement|99\/100|[from] item: Leftovers\n|-damage|p2a: Annihilape|63\/100|[from] Salt Cure\n|upkeep\n|turn|54\n|\n|t:|1700145329\n|move|p2a: Annihilape|Rage Fist|p1a: SSSReplacement\n|-damage|p1a: SSSReplacement|92\/100\n|move|p1a: SSSReplacement|Body Press|p2a: Annihilape\n|-immune|p2a: Annihilape\n|\n|-heal|p2a: Annihilape|70\/100|[from] item: Leftovers\n|-heal|p1a: SSSReplacement|98\/100|[from] item: Leftovers\n|-damage|p2a: Annihilape|57\/100|[from] Salt Cure\n|upkeep\n|turn|55\n|\n|t:|1700145342\n|move|p2a: Annihilape|Rest|p2a: Annihilape\n|-status|p2a: Annihilape|slp|[from] move: Rest\n|-heal|p2a: Annihilape|100\/100 slp|[silent]\n|move|p1a: SSSReplacement|Body Press|p2a: Annihilape\n|-immune|p2a: Annihilape\n|\n|-heal|p1a: SSSReplacement|100\/100|[from] item: Leftovers\n|-damage|p2a: Annihilape|88\/100 slp|[from] Salt Cure\n|upkeep\n|turn|56\n|\n|t:|1700145352\n|cant|p2a: Annihilape|slp\n|move|p2a: Annihilape|Sleep Talk|p2a: Annihilape\n|move|p2a: Annihilape|Drain Punch|p1a: SSSReplacement|[from]move: Sleep Talk\n|-supereffective|p1a: SSSReplacement\n|-damage|p1a: SSSReplacement|90\/100\n|-heal|p2a: Annihilape|94\/100 slp|[from] drain|[of] p1a: SSSReplacement\n|move|p1a: SSSReplacement|Body Press|p2a: Annihilape\n|-immune|p2a: Annihilape\n|\n|-heal|p2a: Annihilape|99\/100 slp|[from] item: Leftovers\n|-heal|p1a: SSSReplacement|96\/100|[from] item: Leftovers\n|-damage|p2a: Annihilape|88\/100 slp|[from] Salt Cure\n|upkeep\n|turn|57\n|\n|t:|1700145367\n|cant|p2a: Annihilape|slp\n|move|p2a: Annihilape|Sleep Talk|p2a: Annihilape\n|move|p2a: Annihilape|Drain Punch|p1a: SSSReplacement|[from]move: Sleep Talk\n|-supereffective|p1a: SSSReplacement\n|-damage|p1a: SSSReplacement|85\/100\n|-heal|p2a: Annihilape|93\/100 slp|[from] drain|[of] p1a: SSSReplacement\n|move|p1a: SSSReplacement|Body Press|p2a: Annihilape\n|-immune|p2a: Annihilape\n|\n|-heal|p2a: Annihilape|99\/100 slp|[from] item: Leftovers\n|-heal|p1a: SSSReplacement|92\/100|[from] item: Leftovers\n|-damage|p2a: Annihilape|87\/100 slp|[from] Salt Cure\n|upkeep\n|turn|58\n|\n|t:|1700145382\n|-curestatus|p2a: Annihilape|slp|[msg]\n|move|p2a: Annihilape|Rage Fist|p1a: SSSReplacement\n|-damage|p1a: SSSReplacement|84\/100\n|move|p1a: SSSReplacement|Body Press|p2a: Annihilape\n|-immune|p2a: Annihilape\n|\n|-heal|p2a: Annihilape|93\/100|[from] item: Leftovers\n|-heal|p1a: SSSReplacement|90\/100|[from] item: Leftovers\n|-damage|p2a: Annihilape|81\/100|[from] Salt Cure\n|upkeep\n|turn|59\n|\n|t:|1700145394\n|move|p2a: Annihilape|Rage Fist|p1a: SSSReplacement\n|-damage|p1a: SSSReplacement|83\/100\n|move|p1a: SSSReplacement|Body Press|p2a: Annihilape\n|-immune|p2a: Annihilape\n|\n|-heal|p2a: Annihilape|87\/100|[from] item: Leftovers\n|-heal|p1a: SSSReplacement|89\/100|[from] item: Leftovers\n|-damage|p2a: Annihilape|74\/100|[from] Salt Cure\n|upkeep\n|turn|60\n|\n|t:|1700145409\n|move|p2a: Annihilape|Rage Fist|p1a: SSSReplacement\n|-damage|p1a: SSSReplacement|81\/100\n|move|p1a: SSSReplacement|Body Press|p2a: Annihilape\n|-immune|p2a: Annihilape\n|\n|-heal|p2a: Annihilape|81\/100|[from] item: Leftovers\n|-heal|p1a: SSSReplacement|88\/100|[from] item: Leftovers\n|-damage|p2a: Annihilape|68\/100|[from] Salt Cure\n|upkeep\n|turn|61\n|\n|t:|1700145420\n|move|p2a: Annihilape|Rage Fist|p1a: SSSReplacement\n|-damage|p1a: SSSReplacement|80\/100\n|move|p1a: SSSReplacement|Body Press|p2a: Annihilape\n|-immune|p2a: Annihilape\n|\n|-heal|p2a: Annihilape|74\/100|[from] item: Leftovers\n|-heal|p1a: SSSReplacement|86\/100|[from] item: Leftovers\n|-damage|p2a: Annihilape|62\/100|[from] Salt Cure\n|upkeep\n|turn|62\n|inactive|Raining_Glass has 120 seconds left.\n|\n|t:|1700145437\n|move|p2a: Annihilape|Rage Fist|p1a: SSSReplacement\n|-damage|p1a: SSSReplacement|78\/100\n|move|p1a: SSSReplacement|Body Press|p2a: Annihilape\n|-immune|p2a: Annihilape\n|\n|-heal|p2a: Annihilape|68\/100|[from] item: Leftovers\n|-heal|p1a: SSSReplacement|85\/100|[from] item: Leftovers\n|-damage|p2a: Annihilape|56\/100|[from] Salt Cure\n|upkeep\n|turn|63\n|inactive|Raining_Glass has 120 seconds left.\n|\n|t:|1700145453\n|move|p2a: Annihilape|Rage Fist|p1a: SSSReplacement\n|-damage|p1a: SSSReplacement|77\/100\n|move|p1a: SSSReplacement|Body Press|p2a: Annihilape\n|-immune|p2a: Annihilape\n|\n|-heal|p2a: Annihilape|62\/100|[from] item: Leftovers\n|-heal|p1a: SSSReplacement|83\/100|[from] item: Leftovers\n|-damage|p2a: Annihilape|50\/100|[from] Salt Cure\n|upkeep\n|turn|64\n|inactive|Raining_Glass has 120 seconds left.\n|\n|t:|1700145465\n|move|p2a: Annihilape|Rage Fist|p1a: SSSReplacement\n|-damage|p1a: SSSReplacement|76\/100\n|move|p1a: SSSReplacement|Body Press|p2a: Annihilape\n|-immune|p2a: Annihilape\n|\n|-heal|p2a: Annihilape|56\/100|[from] item: Leftovers\n|-heal|p1a: SSSReplacement|82\/100|[from] item: Leftovers\n|-damage|p2a: Annihilape|44\/100|[from] Salt Cure\n|upkeep\n|turn|65\n|inactive|Raining_Glass has 120 seconds left.\n|\n|t:|1700145476\n|move|p2a: Annihilape|Rest|p2a: Annihilape\n|-status|p2a: Annihilape|slp|[from] move: Rest\n|-heal|p2a: Annihilape|100\/100 slp|[silent]\n|move|p1a: SSSReplacement|Body Press|p2a: Annihilape\n|-immune|p2a: Annihilape\n|\n|-heal|p1a: SSSReplacement|88\/100|[from] item: Leftovers\n|-damage|p2a: Annihilape|88\/100 slp|[from] Salt Cure\n|upkeep\n|turn|66\n|inactive|Raining_Glass has 120 seconds left.\n|\n|t:|1700145490\n|cant|p2a: Annihilape|slp\n|move|p2a: Annihilape|Sleep Talk|p2a: Annihilape\n|move|p2a: Annihilape|Rage Fist|p1a: SSSReplacement|[from]move: Sleep Talk\n|-damage|p1a: SSSReplacement|81\/100\n|move|p1a: SSSReplacement|Body Press|p2a: Annihilape\n|-immune|p2a: Annihilape\n|\n|-heal|p2a: Annihilape|94\/100 slp|[from] item: Leftovers\n|-heal|p1a: SSSReplacement|87\/100|[from] item: Leftovers\n|-damage|p2a: Annihilape|82\/100 slp|[from] Salt Cure\n|upkeep\n|turn|67\n|inactive|Raining_Glass has 120 seconds left.\n|\n|t:|1700145504\n|cant|p2a: Annihilape|slp\n|move|p2a: Annihilape|Sleep Talk|p2a: Annihilape\n|move|p2a: Annihilape|Rage Fist|p1a: SSSReplacement|[from]move: Sleep Talk\n|-damage|p1a: SSSReplacement|80\/100\n|move|p1a: SSSReplacement|Body Press|p2a: Annihilape\n|-immune|p2a: Annihilape\n|\n|-heal|p2a: Annihilape|88\/100 slp|[from] item: Leftovers\n|-heal|p1a: SSSReplacement|86\/100|[from] item: Leftovers\n|-damage|p2a: Annihilape|76\/100 slp|[from] Salt Cure\n|upkeep\n|turn|68\n|inactive|Raining_Glass has 120 seconds left.\n|\n|t:|1700145517\n|-curestatus|p2a: Annihilape|slp|[msg]\n|move|p2a: Annihilape|Rage Fist|p1a: SSSReplacement\n|-damage|p1a: SSSReplacement|78\/100\n|move|p1a: SSSReplacement|Iron Defense|p1a: SSSReplacement\n|-boost|p1a: SSSReplacement|def|0\n|\n|-heal|p2a: Annihilape|82\/100|[from] item: Leftovers\n|-heal|p1a: SSSReplacement|84\/100|[from] item: Leftovers\n|-damage|p2a: Annihilape|70\/100|[from] Salt Cure\n|upkeep\n|turn|69\n|inactive|Raining_Glass has 120 seconds left.\n|\n|t:|1700145530\n|move|p2a: Annihilape|Rage Fist|p1a: SSSReplacement\n|-damage|p1a: SSSReplacement|77\/100\n|move|p1a: SSSReplacement|Iron Defense|p1a: SSSReplacement\n|-boost|p1a: SSSReplacement|def|0\n|\n|-heal|p2a: Annihilape|76\/100|[from] item: Leftovers\n|-heal|p1a: SSSReplacement|84\/100|[from] item: Leftovers\n|-damage|p2a: Annihilape|63\/100|[from] Salt Cure\n|upkeep\n|turn|70\n|inactive|Raining_Glass has 120 seconds left.\n|\n|t:|1700145539\n|move|p2a: Annihilape|Rage Fist|p1a: SSSReplacement\n|-damage|p1a: SSSReplacement|77\/100\n|move|p1a: SSSReplacement|Iron Defense|p1a: SSSReplacement\n|-boost|p1a: SSSReplacement|def|0\n|\n|-heal|p2a: Annihilape|70\/100|[from] item: Leftovers\n|-heal|p1a: SSSReplacement|83\/100|[from] item: Leftovers\n|-damage|p2a: Annihilape|57\/100|[from] Salt Cure\n|upkeep\n|turn|71\n|inactive|Raining_Glass has 120 seconds left.\n|\n|t:|1700145550\n|move|p2a: Annihilape|Rage Fist|p1a: SSSReplacement\n|-damage|p1a: SSSReplacement|76\/100\n|move|p1a: SSSReplacement|Iron Defense|p1a: SSSReplacement\n|-boost|p1a: SSSReplacement|def|0\n|\n|-heal|p2a: Annihilape|63\/100|[from] item: Leftovers\n|-heal|p1a: SSSReplacement|82\/100|[from] item: Leftovers\n|-damage|p2a: Annihilape|51\/100|[from] Salt Cure\n|upkeep\n|turn|72\n|inactive|Raining_Glass has 120 seconds left.\n|\n|t:|1700145562\n|move|p2a: Annihilape|Rest|p2a: Annihilape\n|-status|p2a: Annihilape|slp|[from] move: Rest\n|-heal|p2a: Annihilape|100\/100 slp|[silent]\n|move|p1a: SSSReplacement|Salt Cure|p2a: Annihilape\n|-resisted|p2a: Annihilape\n|-damage|p2a: Annihilape|94\/100 slp\n|\n|-heal|p2a: Annihilape|99\/100 slp|[from] item: Leftovers\n|-heal|p1a: SSSReplacement|89\/100|[from] item: Leftovers\n|-damage|p2a: Annihilape|88\/100 slp|[from] Salt Cure\n|upkeep\n|turn|73\n|inactive|Raining_Glass has 120 seconds left.\n|\n|t:|1700145575\n|cant|p2a: Annihilape|slp\n|move|p2a: Annihilape|Sleep Talk|p2a: Annihilape\n|move|p2a: Annihilape|Drain Punch|p1a: SSSReplacement|[from]move: Sleep Talk\n|-supereffective|p1a: SSSReplacement\n|-damage|p1a: SSSReplacement|76\/100\n|-heal|p2a: Annihilape|94\/100 slp|[from] drain|[of] p1a: SSSReplacement\n|move|p1a: SSSReplacement|Salt Cure|p2a: Annihilape\n|-resisted|p2a: Annihilape\n|-damage|p2a: Annihilape|88\/100 slp\n|\n|-heal|p2a: Annihilape|94\/100 slp|[from] item: Leftovers\n|-heal|p1a: SSSReplacement|82\/100|[from] item: Leftovers\n|-damage|p2a: Annihilape|81\/100 slp|[from] Salt Cure\n|upkeep\n|turn|74\n|inactive|Raining_Glass has 120 seconds left.\n|\n|t:|1700145590\n|cant|p2a: Annihilape|slp\n|move|p2a: Annihilape|Sleep Talk|p2a: Annihilape\n|move|p2a: Annihilape|Rest||[from]move: Sleep Talk|[still]\n|-fail|p2a: Annihilape\n|move|p1a: SSSReplacement|Salt Cure|p2a: Annihilape\n|-resisted|p2a: Annihilape\n|-damage|p2a: Annihilape|75\/100 slp\n|\n|-heal|p2a: Annihilape|81\/100 slp|[from] item: Leftovers\n|-heal|p1a: SSSReplacement|89\/100|[from] item: Leftovers\n|-damage|p2a: Annihilape|69\/100 slp|[from] Salt Cure\n|upkeep\n|turn|75\n|inactive|Raining_Glass has 120 seconds left.\n|\n|t:|1700145609\n|-curestatus|p2a: Annihilape|slp|[msg]\n|move|p2a: Annihilape|Rest|p2a: Annihilape\n|-status|p2a: Annihilape|slp|[from] move: Rest\n|-heal|p2a: Annihilape|100\/100 slp|[silent]\n|move|p1a: SSSReplacement|Salt Cure|p2a: Annihilape\n|-resisted|p2a: Annihilape\n|-damage|p2a: Annihilape|94\/100 slp\n|\n|-heal|p2a: Annihilape|99\/100 slp|[from] item: Leftovers\n|-heal|p1a: SSSReplacement|95\/100|[from] item: Leftovers\n|-damage|p2a: Annihilape|88\/100 slp|[from] Salt Cure\n|upkeep\n|turn|76\n|inactive|Raining_Glass has 120 seconds left.\n|\n|t:|1700145622\n|cant|p2a: Annihilape|slp\n|move|p2a: Annihilape|Sleep Talk|p2a: Annihilape\n|move|p2a: Annihilape|Rest||[from]move: Sleep Talk|[still]\n|-fail|p2a: Annihilape\n|move|p1a: SSSReplacement|Salt Cure|p2a: Annihilape\n|-resisted|p2a: Annihilape\n|-damage|p2a: Annihilape|81\/100 slp\n|\n|-heal|p2a: Annihilape|88\/100 slp|[from] item: Leftovers\n|-heal|p1a: SSSReplacement|100\/100|[from] item: Leftovers\n|-damage|p2a: Annihilape|75\/100 slp|[from] Salt Cure\n|upkeep\n|turn|77\n|inactive|Raining_Glass has 120 seconds left.\n|\n|t:|1700145635\n|cant|p2a: Annihilape|slp\n|move|p2a: Annihilape|Sleep Talk|p2a: Annihilape\n|move|p2a: Annihilape|Rest||[from]move: Sleep Talk|[still]\n|-fail|p2a: Annihilape\n|move|p1a: SSSReplacement|Salt Cure|p2a: Annihilape\n|-resisted|p2a: Annihilape\n|-damage|p2a: Annihilape|69\/100 slp\n|\n|-heal|p2a: Annihilape|75\/100 slp|[from] item: Leftovers\n|-damage|p2a: Annihilape|62\/100 slp|[from] Salt Cure\n|upkeep\n|turn|78\n|inactive|Raining_Glass has 120 seconds left.\n|\n|t:|1700145656\n|-curestatus|p2a: Annihilape|slp|[msg]\n|move|p2a: Annihilape|Rest|p2a: Annihilape\n|-status|p2a: Annihilape|slp|[from] move: Rest\n|-heal|p2a: Annihilape|100\/100 slp|[silent]\n|move|p1a: SSSReplacement|Salt Cure|p2a: Annihilape\n|-resisted|p2a: Annihilape\n|-damage|p2a: Annihilape|94\/100 slp\n|\n|-heal|p2a: Annihilape|99\/100 slp|[from] item: Leftovers\n|-damage|p2a: Annihilape|88\/100 slp|[from] Salt Cure\n|upkeep\n|turn|79\n|\n|t:|1700145668\n|cant|p2a: Annihilape|slp\n|move|p2a: Annihilape|Sleep Talk|p2a: Annihilape\n|move|p2a: Annihilape|Rest||[from]move: Sleep Talk|[still]\n|-fail|p2a: Annihilape\n|move|p1a: SSSReplacement|Salt Cure|p2a: Annihilape\n|-resisted|p2a: Annihilape\n|-damage|p2a: Annihilape|80\/100 slp\n|\n|-heal|p2a: Annihilape|87\/100 slp|[from] item: Leftovers\n|-damage|p2a: Annihilape|74\/100 slp|[from] Salt Cure\n|upkeep\n|turn|80\n|\n|t:|1700145681\n|cant|p2a: Annihilape|slp\n|move|p1a: SSSReplacement|Salt Cure|p2a: Annihilape\n|-resisted|p2a: Annihilape\n|-damage|p2a: Annihilape|68\/100 slp\n|\n|-heal|p2a: Annihilape|74\/100 slp|[from] item: Leftovers\n|-damage|p2a: Annihilape|61\/100 slp|[from] Salt Cure\n|upkeep\n|turn|81\n|\n|t:|1700145690\n|-curestatus|p2a: Annihilape|slp|[msg]\n|move|p2a: Annihilape|Sleep Talk||[still]\n|-fail|p2a: Annihilape\n|move|p1a: SSSReplacement|Iron Defense|p1a: SSSReplacement\n|-boost|p1a: SSSReplacement|def|0\n|\n|-heal|p2a: Annihilape|68\/100|[from] item: Leftovers\n|-damage|p2a: Annihilape|55\/100|[from] Salt Cure\n|upkeep\n|turn|82\n|\n|t:|1700145700\n|move|p2a: Annihilape|Rest|p2a: Annihilape\n|-status|p2a: Annihilape|slp|[from] move: Rest\n|-heal|p2a: Annihilape|100\/100 slp|[silent]\n|move|p1a: SSSReplacement|Salt Cure|p2a: Annihilape\n|-resisted|p2a: Annihilape\n|-damage|p2a: Annihilape|94\/100 slp\n|\n|-heal|p2a: Annihilape|99\/100 slp|[from] item: Leftovers\n|-damage|p2a: Annihilape|87\/100 slp|[from] Salt Cure\n|upkeep\n|turn|83\n|inactive|Raining_Glass has 120 seconds left.\n|\n|t:|1700145711\n|cant|p2a: Annihilape|slp\n|move|p2a: Annihilape|Sleep Talk|p2a: Annihilape\n|move|p2a: Annihilape|Drain Punch|p1a: SSSReplacement|[from]move: Sleep Talk\n|-supereffective|p1a: SSSReplacement\n|-damage|p1a: SSSReplacement|89\/100\n|-heal|p2a: Annihilape|94\/100 slp|[from] drain|[of] p1a: SSSReplacement\n|move|p1a: SSSReplacement|Salt Cure|p2a: Annihilape\n|-resisted|p2a: Annihilape\n|-damage|p2a: Annihilape|86\/100 slp\n|\n|-heal|p2a: Annihilape|92\/100 slp|[from] item: Leftovers\n|-heal|p1a: SSSReplacement|95\/100|[from] item: Leftovers\n|-damage|p2a: Annihilape|80\/100 slp|[from] Salt Cure\n|upkeep\n|turn|84\n|inactive|Raining_Glass has 120 seconds left.\n|\n|t:|1700145727\n|cant|p2a: Annihilape|slp\n|move|p2a: Annihilape|Sleep Talk|p2a: Annihilape\n|move|p2a: Annihilape|Rage Fist|p1a: SSSReplacement|[from]move: Sleep Talk\n|-damage|p1a: SSSReplacement|83\/100\n|move|p1a: SSSReplacement|Salt Cure|p2a: Annihilape\n|-resisted|p2a: Annihilape\n|-damage|p2a: Annihilape|73\/100 slp\n|\n|-heal|p2a: Annihilape|79\/100 slp|[from] item: Leftovers\n|-heal|p1a: SSSReplacement|89\/100|[from] item: Leftovers\n|-damage|p2a: Annihilape|67\/100 slp|[from] Salt Cure\n|upkeep\n|turn|85\n|\n|t:|1700145739\n|-curestatus|p2a: Annihilape|slp|[msg]\n|move|p2a: Annihilape|Rest|p2a: Annihilape\n|-status|p2a: Annihilape|slp|[from] move: Rest\n|-heal|p2a: Annihilape|100\/100 slp|[silent]\n|move|p1a: SSSReplacement|Salt Cure|p2a: Annihilape\n|-resisted|p2a: Annihilape\n|-damage|p2a: Annihilape|93\/100 slp\n|\n|-heal|p2a: Annihilape|99\/100 slp|[from] item: Leftovers\n|-heal|p1a: SSSReplacement|95\/100|[from] item: Leftovers\n|-damage|p2a: Annihilape|87\/100 slp|[from] Salt Cure\n|upkeep\n|turn|86\n|\n|t:|1700145754\n|cant|p2a: Annihilape|slp\n|move|p2a: Annihilape|Sleep Talk|p2a: Annihilape\n|move|p2a: Annihilape|Rest||[from]move: Sleep Talk|[still]\n|-fail|p2a: Annihilape\n|move|p1a: SSSReplacement|Salt Cure|p2a: Annihilape\n|-resisted|p2a: Annihilape\n|-damage|p2a: Annihilape|80\/100 slp\n|\n|-heal|p2a: Annihilape|86\/100 slp|[from] item: Leftovers\n|-heal|p1a: SSSReplacement|100\/100|[from] item: Leftovers\n|-damage|p2a: Annihilape|74\/100 slp|[from] Salt Cure\n|upkeep\n|turn|87\n|\n|t:|1700145766\n|cant|p2a: Annihilape|slp\n|move|p2a: Annihilape|Sleep Talk|p2a: Annihilape\n|move|p2a: Annihilape|Rest||[from]move: Sleep Talk|[still]\n|-fail|p2a: Annihilape\n|move|p1a: SSSReplacement|Salt Cure|p2a: Annihilape\n|-resisted|p2a: Annihilape\n|-damage|p2a: Annihilape|67\/100 slp\n|\n|-heal|p2a: Annihilape|73\/100 slp|[from] item: Leftovers\n|-damage|p2a: Annihilape|61\/100 slp|[from] Salt Cure\n|upkeep\n|turn|88\n|\n|t:|1700145779\n|-curestatus|p2a: Annihilape|slp|[msg]\n|-activate|p2a: Annihilape|move: Struggle\n|move|p2a: Annihilape|Struggle|p1a: SSSReplacement\n|-crit|p1a: SSSReplacement\n|-damage|p1a: SSSReplacement|86\/100\n|-damage|p2a: Annihilape|36\/100|[from] recoil\n|move|p1a: SSSReplacement|Recover|p1a: SSSReplacement\n|-heal|p1a: SSSReplacement|100\/100\n|\n|-heal|p2a: Annihilape|42\/100|[from] item: Leftovers\n|-damage|p2a: Annihilape|29\/100|[from] Salt Cure\n|upkeep\n|turn|89\n|\n|t:|1700145795\n|-activate|p2a: Annihilape|move: Struggle\n|move|p2a: Annihilape|Struggle|p1a: SSSReplacement\n|-damage|p1a: SSSReplacement|98\/100\n|-damage|p2a: Annihilape|4\/100|[from] recoil\n|-activate|p1a: SSSReplacement|move: Struggle\n|move|p1a: SSSReplacement|Struggle|p2a: Annihilape\n|-damage|p2a: Annihilape|0 fnt\n|faint|p2a: Annihilape\n|-damage|p1a: SSSReplacement|73\/100|[from] recoil\n|\n|win|ClappisYappis\n|raw|ClappisYappis's rating: 1109 &rarr; <strong>1134<\/strong><br \/>(+25 for winning)\n|raw|Raining_Glass's rating: 1108 &rarr; <strong>1083<\/strong><br \/>(-25 for losing)\n","uploadtime":1700145803,"views":3,"p1id":"clappisyappis","p2id":"rainingglass","formatid":"gen9anythinggoes","rating":1083,"private":0,"password":""}