{"id":"gen9anythinggoes-1973913562","p1":"RSmile","p2":"Ollure","format":"[Gen 9] Anything Goes","log":"|j|\u2606RSmile\n|j|\u2606Ollure\n|t:|1698027447\n|gametype|singles\n|player|p1|RSmile|shauna-masters|\n|player|p2|Ollure|flannery|\n|teamsize|p1|6\n|teamsize|p2|6\n|gen|9\n|tier|[Gen 9] Anything Goes\n|rule|HP Percentage Mod: HP is shown in percentages\n|rule|Endless Battle Clause: Forcing endless battles is banned\n|clearpoke\n|poke|p1|Miraidon|\n|poke|p1|Koraidon|\n|poke|p1|Ogerpon-Hearthflame, F|\n|poke|p1|Calyrex-Shadow|\n|poke|p1|Great Tusk|\n|poke|p1|Ditto|\n|poke|p2|Drifblim, F|\n|poke|p2|Toxapex, F|\n|poke|p2|Basculegion, M|\n|poke|p2|Flutter Mane|\n|poke|p2|Magearna|\n|poke|p2|Darkrai|\n|teampreview\n|inactive|Battle timer is ON: inactive players will automatically lose when time's up. (requested by RSmile)\n|j| CarlosBeansGaming\n|c|\u2606RSmile|waiting for carlos to join\n|inactive|RSmile has 270 seconds left.\n|\n|t:|1698027482\n|start\n|switch|p1a: \u30df\u30e9\u30a4\u30c9\u30f3|Miraidon|100\/100\n|switch|p2a: Chocolate?!|Darkrai, shiny|100\/100\n|-fieldstart|move: Electric Terrain|[from] ability: Hadron Engine|[of] p1a: \u30df\u30e9\u30a4\u30c9\u30f3\n|turn|1\n|\n|t:|1698027488\n|move|p1a: \u30df\u30e9\u30a4\u30c9\u30f3|Electro Drift|p2a: Chocolate?!\n|-damage|p2a: Chocolate?!|7\/100\n|move|p2a: Chocolate?!|Hypnosis|p1a: \u30df\u30e9\u30a4\u30c9\u30f3\n|-activate|p1a: \u30df\u30e9\u30a4\u30c9\u30f3|move: Electric Terrain\n|\n|upkeep\n|turn|2\n|\n|t:|1698027506\n|switch|p2a: Doo|Magearna|100\/100\n|move|p1a: \u30df\u30e9\u30a4\u30c9\u30f3|Electro Drift|p2a: Doo\n|-damage|p2a: Doo|17\/100\n|\n|upkeep\n|turn|3\n|\n|t:|1698027517\n|switch|p2a: Doo|Toxapex, F, shiny|100\/100\n|move|p1a: \u30df\u30e9\u30a4\u30c9\u30f3|Electro Drift|p2a: Doo\n|-supereffective|p2a: Doo\n|-damage|p2a: Doo|0 fnt\n|faint|p2a: Doo\n|\n|upkeep\n|c|\u2606Ollure|Yeah, that's game.\n|\n|t:|1698027535\n|switch|p2a: Chocolate?!|Darkrai, shiny|7\/100\n|turn|4\n|\n|t:|1698027543\n|move|p1a: \u30df\u30e9\u30a4\u30c9\u30f3|Electro Drift|p2a: Chocolate?!\n|-damage|p2a: Chocolate?!|0 fnt\n|faint|p2a: Chocolate?!\n|\n|upkeep\n|c|\u2606RSmile|The S\/V legends are broken for no reason\n|\n|t:|1698027554\n|switch|p2a: Is|Drifblim, F, shiny|100\/100\n|turn|5\n|c|\u2606RSmile|the powercreep is just insane\n|\n|t:|1698027558\n|move|p1a: \u30df\u30e9\u30a4\u30c9\u30f3|Electro Drift|p2a: Is\n|-supereffective|p2a: Is\n|-damage|p2a: Is|0 fnt\n|-damage|p1a: \u30df\u30e9\u30a4\u30c9\u30f3|76\/100|[from] ability: Aftermath|[of] p2a: Is\n|faint|p2a: Is\n|\n|-fieldend|move: Electric Terrain\n|upkeep\n|\n|t:|1698027567\n|switch|p2a: This|Flutter Mane|100\/100\n|-enditem|p2a: This|Booster Energy\n|-activate|p2a: This|ability: Protosynthesis|[fromitem]\n|-start|p2a: This|protosynthesisspa\n|turn|6\n|\n|t:|1698027579\n|switch|p1a: \u30d0\u30c9\u30ec\u30c3\u30af\u30b9|Calyrex-Shadow|100\/100\n|-ability|p1a: \u30d0\u30c9\u30ec\u30c3\u30af\u30b9|As One\n|-ability|p1a: \u30d0\u30c9\u30ec\u30c3\u30af\u30b9|Unnerve\n|move|p2a: This|Draining Kiss|p1a: \u30d0\u30c9\u30ec\u30c3\u30af\u30b9\n|-damage|p1a: \u30d0\u30c9\u30ec\u30c3\u30af\u30b9|63\/100\n|\n|upkeep\n|turn|7\n|\n|t:|1698027594\n|move|p1a: \u30d0\u30c9\u30ec\u30c3\u30af\u30b9|Encore|p2a: This\n|-start|p2a: This|Encore\n|move|p2a: This|Draining Kiss|p1a: \u30d0\u30c9\u30ec\u30c3\u30af\u30b9\n|-damage|p1a: \u30d0\u30c9\u30ec\u30c3\u30af\u30b9|26\/100\n|\n|upkeep\n|turn|8\n|\n|t:|1698027599\n|move|p1a: \u30d0\u30c9\u30ec\u30c3\u30af\u30b9|Astral Barrage|p2a: This\n|-supereffective|p2a: This\n|-damage|p2a: This|0 fnt\n|faint|p2a: This\n|-end|p2a: This|Protosynthesis|[silent]\n|-ability|p1a: \u30d0\u30c9\u30ec\u30c3\u30af\u30b9|Grim Neigh|boost\n|-boost|p1a: \u30d0\u30c9\u30ec\u30c3\u30af\u30b9|spa|1\n|\n|upkeep\n|\n|t:|1698027607\n|switch|p2a: Doo|Magearna|17\/100\n|turn|9\n|\n|t:|1698027610\n|move|p1a: \u30d0\u30c9\u30ec\u30c3\u30af\u30b9|Astral Barrage|p2a: Doo\n|-crit|p2a: Doo\n|-damage|p2a: Doo|0 fnt\n|faint|p2a: Doo\n|-ability|p1a: \u30d0\u30c9\u30ec\u30c3\u30af\u30b9|Grim Neigh|boost\n|-boost|p1a: \u30d0\u30c9\u30ec\u30c3\u30af\u30b9|spa|1\n|\n|upkeep\n|\n|t:|1698027618\n|switch|p2a: Baby!|Basculegion, M, shiny|100\/100\n|turn|10\n|\n|t:|1698027624\n|-terastallize|p1a: \u30d0\u30c9\u30ec\u30c3\u30af\u30b9|Normal\n|-terastallize|p2a: Baby!|Ghost\n|move|p1a: \u30d0\u30c9\u30ec\u30c3\u30af\u30b9|Astral Barrage|p2a: Baby!\n|-supereffective|p2a: Baby!\n|-damage|p2a: Baby!|0 fnt\n|faint|p2a: Baby!\n|\n|win|RSmile\n|c|\u2606RSmile|gg\n|c|\u2606Ollure|gg\n","uploadtime":1698027633,"views":9,"p1id":"rsmile","p2id":"ollure","formatid":"gen9anythinggoes","rating":0,"private":0,"password":""}