{"id":"gen9anythinggoes-1974284894","p1":"HyugaVGC","p2":"simondie","format":"[Gen 9] Anything Goes","log":"|j|\u2606HyugaVGC\n|j|\u2606simondie\n|t:|1698074777\n|gametype|singles\n|player|p1|HyugaVGC|drayden|1117\n|player|p2|simondie|caitlin|1065\n|teamsize|p1|6\n|teamsize|p2|4\n|gen|9\n|tier|[Gen 9] Anything Goes\n|rated|\n|rule|HP Percentage Mod: HP is shown in percentages\n|rule|Endless Battle Clause: Forcing endless battles is banned\n|clearpoke\n|poke|p1|Greninja-*, M|\n|poke|p1|Volcarona, M|\n|poke|p1|Meowscarada, F|\n|poke|p1|Tyranitar, M|\n|poke|p1|Gholdengo|\n|poke|p1|Hydreigon, M|\n|poke|p2|Drifblim, F|\n|poke|p2|Clefable, F|\n|poke|p2|Gliscor, F|\n|poke|p2|Espathra, F|\n|teampreview\n|inactive|Battle timer is ON: inactive players will automatically lose when time's up. (requested by simondie)\n|\n|t:|1698074803\n|start\n|switch|p1a: Meowscarada|Meowscarada, F|100\/100\n|switch|p2a: Drifblim|Drifblim, F|100\/100\n|turn|1\n|c|\u2606simondie|loser\n|c|\u2606simondie|cringe ass mf\n|inactive|HyugaVGC has 120 seconds left.\n|\n|t:|1698074836\n|move|p1a: Meowscarada|U-turn|p2a: Drifblim\n|-resisted|p2a: Drifblim\n|-damage|p2a: Drifblim|91\/100\n|-enditem|p2a: Drifblim|Red Card|[of] p1a: Meowscarada\n|drag|p1a: Gholdengo|Gholdengo|100\/100\n|-item|p1a: Gholdengo|Air Balloon\n|move|p2a: Drifblim|Substitute|p2a: Drifblim\n|-start|p2a: Drifblim|Substitute\n|-damage|p2a: Drifblim|66\/100\n|\n|upkeep\n|turn|2\n|c|\u2606simondie|i swear if u fucken report me i will kill your family\n|inactive|HyugaVGC has 120 seconds left.\n|\n|t:|1698074854\n|move|p2a: Drifblim|Minimize|p2a: Drifblim\n|-boost|p2a: Drifblim|evasion|2\n|move|p1a: Gholdengo|Nasty Plot|p1a: Gholdengo\n|-boost|p1a: Gholdengo|spa|2\n|\n|upkeep\n|turn|3\n|inactive|HyugaVGC has 120 seconds left.\n|\n|t:|1698074866\n|move|p2a: Drifblim|Minimize|p2a: Drifblim\n|-boost|p2a: Drifblim|evasion|2\n|move|p1a: Gholdengo|Nasty Plot|p1a: Gholdengo\n|-boost|p1a: Gholdengo|spa|2\n|\n|upkeep\n|turn|4\n|inactive|HyugaVGC has 120 seconds left.\n|\n|t:|1698074879\n|move|p2a: Drifblim|Minimize|p2a: Drifblim\n|-boost|p2a: Drifblim|evasion|2\n|move|p1a: Gholdengo|Shadow Ball|p2a: Drifblim|[miss]\n|-miss|p1a: Gholdengo|p2a: Drifblim\n|\n|upkeep\n|turn|5\n|\n|t:|1698074888\n|move|p2a: Drifblim|Baton Pass|p2a: Drifblim\n|\n|t:|1698074893\n|switch|p2a: Clefable|Clefable, F|100\/100|[from] Baton Pass\n|move|p1a: Gholdengo|Shadow Ball|p2a: Clefable\n|-end|p2a: Clefable|Substitute\n|\n|upkeep\n|turn|6\n|\n|t:|1698074907\n|-terastallize|p1a: Gholdengo|Steel\n|move|p1a: Gholdengo|Make It Rain|p2a: Clefable|[miss]\n|-miss|p1a: Gholdengo|p2a: Clefable\n|move|p2a: Clefable|Substitute|p2a: Clefable\n|-start|p2a: Clefable|Substitute\n|-damage|p2a: Clefable|76\/100\n|\n|upkeep\n|turn|7\n|\n|t:|1698074919\n|move|p1a: Gholdengo|Shadow Ball|p2a: Clefable|[miss]\n|-miss|p1a: Gholdengo|p2a: Clefable\n|move|p2a: Clefable|Cosmic Power|p2a: Clefable\n|-boost|p2a: Clefable|def|1\n|-boost|p2a: Clefable|spd|1\n|\n|upkeep\n|turn|8\n|\n|t:|1698074930\n|move|p1a: Gholdengo|Shadow Ball|p2a: Clefable|[miss]\n|-miss|p1a: Gholdengo|p2a: Clefable\n|move|p2a: Clefable|Cosmic Power|p2a: Clefable\n|-boost|p2a: Clefable|def|1\n|-boost|p2a: Clefable|spd|1\n|\n|upkeep\n|turn|9\n|\n|t:|1698074940\n|move|p1a: Gholdengo|Shadow Ball|p2a: Clefable\n|-end|p2a: Clefable|Substitute\n|move|p2a: Clefable|Cosmic Power|p2a: Clefable\n|-boost|p2a: Clefable|def|1\n|-boost|p2a: Clefable|spd|1\n|\n|upkeep\n|turn|10\n|\n|t:|1698074949\n|move|p1a: Gholdengo|Make It Rain|p2a: Clefable\n|-supereffective|p2a: Clefable\n|-damage|p2a: Clefable|0 fnt\n|-unboost|p1a: Gholdengo|spa|1\n|faint|p2a: Clefable\n|\n|upkeep\n|l|\u2606simondie\n|inactive|simondie disconnected and has a minute to reconnect!\n|player|p2|\n|inactive|simondie has 30 seconds to reconnect!\n|inactive|simondie has 20 seconds to reconnect!\n|inactive|simondie has 15 seconds to reconnect!\n|inactive|simondie has 10 seconds to reconnect!\n|inactive|simondie has 5 seconds to reconnect!\n|-message|simondie lost due to inactivity.\n|\n|win|HyugaVGC\n|raw|HyugaVGC's rating: 1117 &rarr; <strong>1138<\/strong><br \/>(+21 for winning)\n|raw|simondie's rating: 1065 &rarr; <strong>1048<\/strong><br \/>(-17 for losing)\n","uploadtime":1698074839,"views":6,"p1id":"hyugavgc","p2id":"simondie","formatid":"gen9anythinggoes","rating":1048,"private":0,"password":""}