{"id":"gen9anythinggoes-1990864467","p1":"thebluecottonee","p2":"wason_jr","format":"[Gen 9] Anything Goes","log":"|j|\u2606thebluecottonee\n|j|\u2606wason_jr\n|t:|1700009006\n|gametype|singles\n|player|p1|thebluecottonee|galacticgruntf|1061\n|player|p2|wason_jr|2|1140\n|teamsize|p1|6\n|teamsize|p2|6\n|gen|9\n|tier|[Gen 9] Anything Goes\n|rated|\n|rule|HP Percentage Mod: HP is shown in percentages\n|rule|Endless Battle Clause: Forcing endless battles is banned\n|clearpoke\n|poke|p1|Cloyster, F|\n|poke|p1|Espathra, M|\n|poke|p1|Calyrex-Shadow|\n|poke|p1|Ogerpon-Cornerstone, F|\n|poke|p1|Garganacl, M|\n|poke|p1|Regieleki|\n|poke|p2|Maushold-Four|\n|poke|p2|Maushold-Four|\n|poke|p2|Maushold-Four|\n|poke|p2|Maushold-Four|\n|poke|p2|Maushold-Four|\n|poke|p2|Maushold-Four|\n|teampreview\n|c|\u2606thebluecottonee|damit\n|c|\u2606wason_jr|mice\n|c|\u2606thebluecottonee|idk how i can kill this\n|c|\u2606wason_jr|lol\n|c|\u2606thebluecottonee|i forgot bout this\n|c|\u2606thebluecottonee|anything goes is truly my home\n|c|\u2606wason_jr|good luck\n|c|\u2606thebluecottonee|imma add it to my team lol\n|\n|t:|1700009068\n|start\n|switch|p1a: the one|Calyrex-Shadow|100\/100\n|switch|p2a: Maushold|Maushold-Four, shiny|100\/100\n|-ability|p1a: the one|As One\n|-ability|p1a: the one|Unnerve\n|turn|1\n|\n|t:|1700009078\n|move|p1a: the one|Psychic|p2a: Maushold\n|-damage|p2a: Maushold|14\/100\n|move|p2a: Maushold|Shadow Claw|p1a: the one\n|-supereffective|p1a: the one\n|-damage|p1a: the one|14\/100\n|\n|upkeep\n|turn|2\n|\n|t:|1700009086\n|move|p1a: the one|Psychic|p2a: Maushold\n|-damage|p2a: Maushold|0 fnt\n|faint|p2a: Maushold\n|-ability|p1a: the one|Grim Neigh|boost\n|-boost|p1a: the one|spa|1\n|\n|upkeep\n|c|\u2606thebluecottonee|least i kill one\n|\n|t:|1700009097\n|switch|p2a: Maushold|Maushold-Four, shiny|100\/100\n|turn|3\n|c|\u2606wason_jr|yep\n|c|\u2606thebluecottonee|ik im going to lose but 1 is pretty cool\n|\n|t:|1700009111\n|move|p1a: the one|Psychic|p2a: Maushold\n|-damage|p2a: Maushold|0 fnt\n|faint|p2a: Maushold\n|-ability|p1a: the one|Grim Neigh|boost\n|-boost|p1a: the one|spa|1\n|\n|upkeep\n|\n|t:|1700009120\n|switch|p2a: Maushold|Maushold-Four, shiny|100\/100\n|turn|4\n|\n|t:|1700009129\n|move|p1a: the one|Psychic|p2a: Maushold\n|-damage|p2a: Maushold|0 fnt\n|faint|p2a: Maushold\n|-ability|p1a: the one|Grim Neigh|boost\n|-boost|p1a: the one|spa|1\n|\n|upkeep\n|\n|t:|1700009133\n|switch|p2a: Maushold|Maushold-Four, shiny|100\/100\n|turn|5\n|c|\u2606thebluecottonee|a chance?\n|c|\u2606thebluecottonee|maybe i have a shot\n|\n|t:|1700009145\n|-terastallize|p2a: Maushold|Dark\n|move|p1a: the one|Psychic|p2a: Maushold\n|-immune|p2a: Maushold\n|move|p2a: Maushold|Crunch|p1a: the one\n|-supereffective|p1a: the one\n|-damage|p1a: the one|0 fnt\n|faint|p1a: the one\n|\n|upkeep\n|c|\u2606thebluecottonee|ooooh\n|c|\u2606thebluecottonee|nice read\n|c|\u2606wason_jr|thanks\n|\n|t:|1700009155\n|switch|p1a: Gary|Garganacl, M|100\/100\n|turn|6\n|\n|t:|1700009163\n|move|p2a: Maushold|Population Bomb|p1a: Gary\n|-resisted|p1a: Gary\n|-damage|p1a: Gary|97\/100\n|-resisted|p1a: Gary\n|-damage|p1a: Gary|93\/100\n|-hitcount|p1a: Gary|2\n|move|p1a: Gary|Salt Cure|p2a: Maushold\n|-damage|p2a: Maushold|79\/100\n|-start|p2a: Maushold|Salt Cure\n|\n|-heal|p1a: Gary|99\/100|[from] item: Leftovers\n|-damage|p2a: Maushold|66\/100|[from] Salt Cure\n|upkeep\n|turn|7\n|\n|t:|1700009174\n|move|p2a: Maushold|Chilling Water|p1a: Gary\n|-supereffective|p1a: Gary\n|-damage|p1a: Gary|82\/100\n|-unboost|p1a: Gary|atk|1\n|move|p1a: Gary|Recover|p1a: Gary\n|-heal|p1a: Gary|100\/100\n|\n|-damage|p2a: Maushold|54\/100|[from] Salt Cure\n|upkeep\n|turn|8\n|c|\u2606thebluecottonee|no tidy up?\n|\n|t:|1700009184\n|move|p2a: Maushold|Crunch|p1a: Gary\n|-damage|p1a: Gary|80\/100\n|-unboost|p1a: Gary|def|1\n|move|p1a: Gary|Iron Defense|p1a: Gary\n|-boost|p1a: Gary|def|2\n|\n|-heal|p1a: Gary|86\/100|[from] item: Leftovers\n|-damage|p2a: Maushold|42\/100|[from] Salt Cure\n|upkeep\n|turn|9\n|c|\u2606wason_jr|not on this one\n|c|\u2606thebluecottonee|like not this specific one?\n|\n|t:|1700009205\n|move|p2a: Maushold|Population Bomb|p1a: Gary\n|-resisted|p1a: Gary\n|-damage|p1a: Gary|84\/100\n|-resisted|p1a: Gary\n|-damage|p1a: Gary|81\/100\n|-resisted|p1a: Gary\n|-damage|p1a: Gary|78\/100\n|-resisted|p1a: Gary\n|-crit|p1a: Gary\n|-damage|p1a: Gary|73\/100\n|-resisted|p1a: Gary\n|-damage|p1a: Gary|70\/100\n|-resisted|p1a: Gary\n|-damage|p1a: Gary|67\/100\n|-resisted|p1a: Gary\n|-damage|p1a: Gary|65\/100\n|-resisted|p1a: Gary\n|-damage|p1a: Gary|62\/100\n|-resisted|p1a: Gary\n|-damage|p1a: Gary|59\/100\n|-resisted|p1a: Gary\n|-damage|p1a: Gary|57\/100\n|-hitcount|p1a: Gary|10\n|move|p1a: Gary|Iron Defense|p1a: Gary\n|-boost|p1a: Gary|def|2\n|\n|-heal|p1a: Gary|63\/100|[from] item: Leftovers\n|-damage|p2a: Maushold|29\/100|[from] Salt Cure\n|upkeep\n|turn|10\n|c|\u2606thebluecottonee|oh crap\n|\n|t:|1700009226\n|move|p2a: Maushold|Chilling Water|p1a: Gary\n|-supereffective|p1a: Gary\n|-damage|p1a: Gary|47\/100\n|-unboost|p1a: Gary|atk|1\n|move|p1a: Gary|Recover|p1a: Gary\n|-heal|p1a: Gary|97\/100\n|\n|-heal|p1a: Gary|100\/100|[from] item: Leftovers\n|-damage|p2a: Maushold|17\/100|[from] Salt Cure\n|upkeep\n|turn|11\n|\n|t:|1700009241\n|move|p1a: Gary|Protect|p1a: Gary\n|-singleturn|p1a: Gary|Protect\n|move|p2a: Maushold|Population Bomb|p1a: Gary\n|-activate|p1a: Gary|move: Protect\n|\n|-damage|p2a: Maushold|4\/100|[from] Salt Cure\n|upkeep\n|turn|12\n|\n|t:|1700009253\n|move|p2a: Maushold|Population Bomb|p1a: Gary|[miss]\n|-miss|p2a: Maushold|p1a: Gary\n|move|p1a: Gary|Iron Defense|p1a: Gary\n|-boost|p1a: Gary|def|2\n|\n|-damage|p2a: Maushold|0 fnt|[from] Salt Cure\n|faint|p2a: Maushold\n|upkeep\n|c|\u2606thebluecottonee|ik im going to lose\n|\n|t:|1700009267\n|switch|p2a: Maushold|Maushold-Four, shiny|100\/100\n|turn|13\n|c|\u2606thebluecottonee|but at least i got some\n|\n|t:|1700009280\n|move|p2a: Maushold|Tidy Up|p2a: Maushold\n|-boost|p2a: Maushold|atk|1\n|-boost|p2a: Maushold|spe|1\n|move|p1a: Gary|Salt Cure|p2a: Maushold\n|-damage|p2a: Maushold|90\/100\n|-start|p2a: Maushold|Salt Cure\n|\n|-damage|p2a: Maushold|77\/100|[from] Salt Cure\n|upkeep\n|turn|14\n|\n|t:|1700009289\n|move|p1a: Gary|Protect|p1a: Gary\n|-singleturn|p1a: Gary|Protect\n|move|p2a: Maushold|Tidy Up|p2a: Maushold\n|-boost|p2a: Maushold|atk|1\n|-boost|p2a: Maushold|spe|1\n|\n|-damage|p2a: Maushold|65\/100|[from] Salt Cure\n|upkeep\n|turn|15\n|\n|t:|1700009302\n|move|p2a: Maushold|Low Sweep|p1a: Gary\n|-supereffective|p1a: Gary\n|-damage|p1a: Gary|88\/100\n|-unboost|p1a: Gary|spe|1\n|move|p1a: Gary|Iron Defense|p1a: Gary\n|-boost|p1a: Gary|def|1\n|\n|-heal|p1a: Gary|94\/100|[from] item: Leftovers\n|-damage|p2a: Maushold|53\/100|[from] Salt Cure\n|upkeep\n|turn|16\n|\n|t:|1700009313\n|move|p1a: Gary|Protect|p1a: Gary\n|-singleturn|p1a: Gary|Protect\n|move|p2a: Maushold|Population Bomb|p1a: Gary\n|-activate|p1a: Gary|move: Protect\n|\n|-heal|p1a: Gary|100\/100|[from] item: Leftovers\n|-damage|p2a: Maushold|40\/100|[from] Salt Cure\n|upkeep\n|turn|17\n|\n|t:|1700009322\n|move|p2a: Maushold|Population Bomb|p1a: Gary\n|-resisted|p1a: Gary\n|-damage|p1a: Gary|99\/100\n|-resisted|p1a: Gary\n|-damage|p1a: Gary|97\/100\n|-resisted|p1a: Gary\n|-damage|p1a: Gary|95\/100\n|-resisted|p1a: Gary\n|-damage|p1a: Gary|93\/100\n|-resisted|p1a: Gary\n|-crit|p1a: Gary\n|-damage|p1a: Gary|82\/100\n|-resisted|p1a: Gary\n|-damage|p1a: Gary|80\/100\n|-resisted|p1a: Gary\n|-damage|p1a: Gary|78\/100\n|-resisted|p1a: Gary\n|-damage|p1a: Gary|76\/100\n|-resisted|p1a: Gary\n|-damage|p1a: Gary|74\/100\n|-resisted|p1a: Gary\n|-damage|p1a: Gary|72\/100\n|-hitcount|p1a: Gary|10\n|move|p1a: Gary|Salt Cure|p2a: Maushold\n|-damage|p2a: Maushold|29\/100\n|\n|-heal|p1a: Gary|78\/100|[from] item: Leftovers\n|-damage|p2a: Maushold|16\/100|[from] Salt Cure\n|upkeep\n|turn|18\n|c|\u2606wason_jr|gg\n|\n|t:|1700009344\n|move|p1a: Gary|Protect|p1a: Gary\n|-singleturn|p1a: Gary|Protect\n|move|p2a: Maushold|Low Sweep|p1a: Gary\n|-activate|p1a: Gary|move: Protect\n|\n|-heal|p1a: Gary|84\/100|[from] item: Leftovers\n|-damage|p2a: Maushold|4\/100|[from] Salt Cure\n|upkeep\n|turn|19\n|c|\u2606wason_jr|this is my first time tryingthis team lmao\n|c|\u2606thebluecottonee|try cottonee\n|c|\u2606thebluecottonee|lvl 1\n|c|\u2606thebluecottonee|its a good finisher\n|c|\u2606wason_jr|oOoOoo\n|\n|t:|1700009371\n|move|p2a: Maushold|Low Sweep|p1a: Gary\n|-supereffective|p1a: Gary\n|-damage|p1a: Gary|72\/100\n|-unboost|p1a: Gary|spe|1\n|move|p1a: Gary|Recover|p1a: Gary\n|-heal|p1a: Gary|100\/100\n|\n|-damage|p2a: Maushold|0 fnt|[from] Salt Cure\n|faint|p2a: Maushold\n|upkeep\n|\n|t:|1700009375\n|switch|p2a: Maushold|Maushold-Four, shiny|100\/100\n|turn|20\n|\n|t:|1700009383\n|move|p2a: Maushold|Chilling Water|p1a: Gary\n|-supereffective|p1a: Gary\n|-damage|p1a: Gary|84\/100\n|-unboost|p1a: Gary|atk|1\n|move|p1a: Gary|Salt Cure|p2a: Maushold\n|-damage|p2a: Maushold|92\/100\n|-start|p2a: Maushold|Salt Cure\n|\n|-heal|p1a: Gary|90\/100|[from] item: Leftovers\n|-damage|p2a: Maushold|80\/100|[from] Salt Cure\n|upkeep\n|turn|21\n|\n|t:|1700009395\n|move|p2a: Maushold|Chilling Water|p1a: Gary\n|-supereffective|p1a: Gary\n|-crit|p1a: Gary\n|-damage|p1a: Gary|66\/100\n|-unboost|p1a: Gary|atk|1\n|move|p1a: Gary|Recover|p1a: Gary\n|-heal|p1a: Gary|100\/100\n|\n|-damage|p2a: Maushold|67\/100|[from] Salt Cure\n|upkeep\n|turn|22\n|\n|t:|1700009403\n|move|p1a: Gary|Protect|p1a: Gary\n|-singleturn|p1a: Gary|Protect\n|move|p2a: Maushold|Chilling Water|p1a: Gary\n|-activate|p1a: Gary|move: Protect\n|\n|-damage|p2a: Maushold|55\/100|[from] Salt Cure\n|upkeep\n|turn|23\n|c|\u2606wason_jr|gary op\n|c|\u2606thebluecottonee|ong\n|\n|t:|1700009419\n|move|p2a: Maushold|Chilling Water|p1a: Gary\n|-supereffective|p1a: Gary\n|-damage|p1a: Gary|85\/100\n|-unboost|p1a: Gary|atk|1\n|move|p1a: Gary|Recover|p1a: Gary\n|-heal|p1a: Gary|100\/100\n|\n|-damage|p2a: Maushold|43\/100|[from] Salt Cure\n|upkeep\n|turn|24\n|\n|t:|1700009428\n|move|p1a: Gary|Protect|p1a: Gary\n|-singleturn|p1a: Gary|Protect\n|move|p2a: Maushold|Chilling Water|p1a: Gary\n|-activate|p1a: Gary|move: Protect\n|\n|-damage|p2a: Maushold|30\/100|[from] Salt Cure\n|upkeep\n|turn|25\n|\n|t:|1700009435\n|move|p2a: Maushold|Population Bomb|p1a: Gary\n|-resisted|p1a: Gary\n|-damage|p1a: Gary|99\/100\n|-resisted|p1a: Gary\n|-damage|p1a: Gary|98\/100\n|-resisted|p1a: Gary\n|-damage|p1a: Gary|97\/100\n|-resisted|p1a: Gary\n|-damage|p1a: Gary|96\/100\n|-resisted|p1a: Gary\n|-damage|p1a: Gary|95\/100\n|-resisted|p1a: Gary\n|-damage|p1a: Gary|94\/100\n|-resisted|p1a: Gary\n|-damage|p1a: Gary|93\/100\n|-resisted|p1a: Gary\n|-damage|p1a: Gary|92\/100\n|-resisted|p1a: Gary\n|-damage|p1a: Gary|91\/100\n|-resisted|p1a: Gary\n|-damage|p1a: Gary|90\/100\n|-hitcount|p1a: Gary|10\n|move|p1a: Gary|Recover|p1a: Gary\n|-heal|p1a: Gary|100\/100\n|\n|-damage|p2a: Maushold|18\/100|[from] Salt Cure\n|upkeep\n|turn|26\n|c|\u2606wason_jr|gg\n|\n|t:|1700009456\n|move|p1a: Gary|Protect|p1a: Gary\n|-singleturn|p1a: Gary|Protect\n|move|p2a: Maushold|Chilling Water|p1a: Gary\n|-activate|p1a: Gary|move: Protect\n|\n|-damage|p2a: Maushold|5\/100|[from] Salt Cure\n|upkeep\n|turn|27\n|\n|t:|1700009464\n|move|p1a: Gary|Protect||[still]\n|-fail|p1a: Gary\n|move|p2a: Maushold|Chilling Water|p1a: Gary\n|-supereffective|p1a: Gary\n|-damage|p1a: Gary|83\/100\n|-unboost|p1a: Gary|atk|1\n|\n|-heal|p1a: Gary|89\/100|[from] item: Leftovers\n|-damage|p2a: Maushold|0 fnt|[from] Salt Cure\n|faint|p2a: Maushold\n|\n|win|thebluecottonee\n|upkeep\n|raw|thebluecottonee's rating: 1061 &rarr; <strong>1099<\/strong><br \/>(+38 for winning)\n|raw|wason_jr's rating: 1140 &rarr; <strong>1109<\/strong><br \/>(-31 for losing)\n|l|\u2606wason_jr\n|c|\u2606thebluecottonee|gg\n","uploadtime":1700009476,"views":14,"p1id":"thebluecottonee","p2id":"wasonjr","formatid":"gen9anythinggoes","rating":1099,"private":0,"password":""}