{"id":"gen9anythinggoes-1976869408","p1":"AGisgood","p2":"MrCatKing07","format":"[Gen 9] Anything Goes","log":"|j|\u2606AGisgood\n|j|\u2606MrCatKing07\n|inactive|Battle timer is ON: inactive players will automatically lose when time's up.\n|t:|1698348033\n|gametype|singles\n|player|p1|AGisgood|cynthia-masters|\n|player|p2|MrCatKing07|hilbert-wonderlauncher|\n|teamsize|p1|6\n|teamsize|p2|6\n|gen|9\n|tier|[Gen 9] Anything Goes\n|rated|Tournament battle\n|rule|HP Percentage Mod: HP is shown in percentages\n|rule|Endless Battle Clause: Forcing endless battles is banned\n|clearpoke\n|poke|p1|Calyrex-Shadow|\n|poke|p1|Zacian-*|\n|poke|p1|Koraidon|\n|poke|p1|Arceus|\n|poke|p1|Dondozo, F|\n|poke|p1|Ting-Lu|\n|poke|p2|Koraidon|\n|poke|p2|Calyrex-Shadow|\n|poke|p2|Zacian-*|\n|poke|p2|Ribombee, M|\n|poke|p2|Miraidon|\n|poke|p2|Arceus|\n|teampreview\n|inactive|MrCatKing07 also wants the timer to be on.\n|inactive|AGisgood also wants the timer to be on.\n|c|\u2606AGisgood|glhf\n|c|\u2606MrCatKing07|u2\n|\n|t:|1698348046\n|start\n|switch|p1a: Koraidon|Koraidon|100\/100\n|switch|p2a: \u26a0\ufe0fHAZARD\u26a0\ufe0f|Ribombee, M, shiny|100\/100\n|-weather|SunnyDay|[from] ability: Orichalcum Pulse|[of] p1a: Koraidon\n|-activate|p1a: Koraidon|Orichalcum Pulse|[source]\n|turn|1\n|\n|t:|1698348070\n|move|p1a: Koraidon|U-turn|p2a: \u26a0\ufe0fHAZARD\u26a0\ufe0f\n|-resisted|p2a: \u26a0\ufe0fHAZARD\u26a0\ufe0f\n|-damage|p2a: \u26a0\ufe0fHAZARD\u26a0\ufe0f|66\/100\n|\n|t:|1698348072\n|switch|p1a: Calyrex|Calyrex-Shadow|100\/100|[from] U-turn\n|-ability|p1a: Calyrex|As One\n|-ability|p1a: Calyrex|Unnerve\n|move|p2a: \u26a0\ufe0fHAZARD\u26a0\ufe0f|Sticky Web|p1a: Calyrex\n|-sidestart|p1: AGisgood|move: Sticky Web\n|\n|-weather|SunnyDay|[upkeep]\n|upkeep\n|turn|2\n|\n|t:|1698348077\n|switch|p2a: GOD|Arceus|100\/100\n|move|p1a: Calyrex|Astral Barrage|p2a: GOD\n|-immune|p2a: GOD\n|\n|-weather|SunnyDay|[upkeep]\n|upkeep\n|turn|3\n|\n|t:|1698348085\n|-terastallize|p1a: Calyrex|Fairy\n|move|p1a: Calyrex|Nasty Plot|p1a: Calyrex\n|-boost|p1a: Calyrex|spa|2\n|move|p2a: GOD|Shadow Claw|p1a: Calyrex\n|-damage|p1a: Calyrex|71\/100\n|\n|-weather|SunnyDay|[upkeep]\n|upkeep\n|turn|4\n|\n|t:|1698348093\n|-terastallize|p2a: GOD|Ghost\n|move|p1a: Calyrex|Psyshock|p2a: GOD\n|-damage|p2a: GOD|35\/100\n|move|p2a: GOD|Swords Dance|p2a: GOD\n|-boost|p2a: GOD|atk|2\n|\n|-weather|SunnyDay|[upkeep]\n|upkeep\n|turn|5\n|\n|t:|1698348098\n|move|p2a: GOD|Extreme Speed|p1a: Calyrex\n|-damage|p1a: Calyrex|0 fnt\n|faint|p1a: Calyrex\n|\n|-weather|none\n|upkeep\n|\n|t:|1698348103\n|switch|p1a: Dondozo|Dondozo, F|100\/100\n|-activate|p1a: Dondozo|move: Sticky Web\n|-unboost|p1a: Dondozo|spe|1\n|turn|6\n|\n|t:|1698348107\n|switch|p2a: drop a draco|Miraidon|100\/100\n|-fieldstart|move: Electric Terrain|[from] ability: Hadron Engine|[of] p2a: drop a draco\n|move|p1a: Dondozo|Liquidation|p2a: drop a draco\n|-resisted|p2a: drop a draco\n|-damage|p2a: drop a draco|86\/100\n|\n|upkeep\n|turn|7\n|\n|t:|1698348111\n|switch|p1a: Ting-Lu|Ting-Lu|100\/100\n|-activate|p1a: Ting-Lu|move: Sticky Web\n|-unboost|p1a: Ting-Lu|spe|1\n|-ability|p1a: Ting-Lu|Vessel of Ruin\n|move|p2a: drop a draco|Electro Drift|p1a: Ting-Lu\n|-immune|p1a: Ting-Lu\n|\n|upkeep\n|turn|8\n|\n|t:|1698348116\n|switch|p2a: Harley Davidson|Koraidon|100\/100\n|-weather|SunnyDay|[from] ability: Orichalcum Pulse|[of] p2a: Harley Davidson\n|-activate|p2a: Harley Davidson|Orichalcum Pulse|[source]\n|move|p1a: Ting-Lu|Fissure|p2a: Harley Davidson|[miss]\n|-miss|p1a: Ting-Lu|p2a: Harley Davidson\n|\n|-weather|SunnyDay|[upkeep]\n|upkeep\n|turn|9\n|\n|t:|1698348119\n|switch|p1a: Dondozo|Dondozo, F|100\/100\n|-activate|p1a: Dondozo|move: Sticky Web\n|-unboost|p1a: Dondozo|spe|1\n|move|p2a: Harley Davidson|Low Kick|p1a: Dondozo\n|-damage|p1a: Dondozo|63\/100\n|\n|-weather|SunnyDay|[upkeep]\n|-heal|p1a: Dondozo|70\/100|[from] item: Leftovers\n|upkeep\n|turn|10\n|\n|t:|1698348125\n|move|p2a: Harley Davidson|Low Kick|p1a: Dondozo\n|-damage|p1a: Dondozo|34\/100\n|move|p1a: Dondozo|Liquidation|p2a: Harley Davidson\n|-resisted|p2a: Harley Davidson\n|-damage|p2a: Harley Davidson|95\/100\n|\n|-weather|SunnyDay|[upkeep]\n|-heal|p1a: Dondozo|40\/100|[from] item: Leftovers\n|-fieldend|move: Electric Terrain\n|upkeep\n|turn|11\n|\n|t:|1698348127\n|move|p2a: Harley Davidson|Low Kick|p1a: Dondozo\n|-damage|p1a: Dondozo|5\/100\n|move|p1a: Dondozo|Rest|p1a: Dondozo\n|-status|p1a: Dondozo|slp|[from] move: Rest\n|-heal|p1a: Dondozo|100\/100 slp|[silent]\n|\n|-weather|SunnyDay|[upkeep]\n|upkeep\n|turn|12\n|\n|t:|1698348135\n|move|p2a: Harley Davidson|Low Kick|p1a: Dondozo\n|-damage|p1a: Dondozo|60\/100 slp\n|cant|p1a: Dondozo|slp\n|\n|-weather|none\n|-heal|p1a: Dondozo|66\/100 slp|[from] item: Leftovers\n|upkeep\n|turn|13\n|\n|t:|1698348137\n|move|p2a: Harley Davidson|Low Kick|p1a: Dondozo\n|-damage|p1a: Dondozo|35\/100 slp\n|cant|p1a: Dondozo|slp\n|\n|-heal|p1a: Dondozo|41\/100 slp|[from] item: Leftovers\n|upkeep\n|turn|14\n|\n|t:|1698348140\n|move|p2a: Harley Davidson|Low Kick|p1a: Dondozo\n|-damage|p1a: Dondozo|15\/100 slp\n|-curestatus|p1a: Dondozo|slp|[msg]\n|move|p1a: Dondozo|Rest|p1a: Dondozo\n|-status|p1a: Dondozo|slp|[from] move: Rest\n|-heal|p1a: Dondozo|100\/100 slp|[silent]\n|\n|upkeep\n|turn|15\n|\n|t:|1698348143\n|move|p2a: Harley Davidson|Low Kick|p1a: Dondozo\n|-damage|p1a: Dondozo|71\/100 slp\n|cant|p1a: Dondozo|slp\n|move|p1a: Dondozo|Sleep Talk|p1a: Dondozo\n|move|p1a: Dondozo|Rest||[from]move: Sleep Talk|[still]\n|-fail|p1a: Dondozo\n|\n|-heal|p1a: Dondozo|77\/100 slp|[from] item: Leftovers\n|upkeep\n|turn|16\n|\n|t:|1698348145\n|move|p2a: Harley Davidson|Low Kick|p1a: Dondozo\n|-damage|p1a: Dondozo|47\/100 slp\n|cant|p1a: Dondozo|slp\n|move|p1a: Dondozo|Sleep Talk|p1a: Dondozo\n|move|p1a: Dondozo|Curse|p1a: Dondozo|[from]move: Sleep Talk\n|-unboost|p1a: Dondozo|spe|1\n|-boost|p1a: Dondozo|atk|1\n|-boost|p1a: Dondozo|def|1\n|\n|-heal|p1a: Dondozo|53\/100 slp|[from] item: Leftovers\n|upkeep\n|turn|17\n|\n|t:|1698348148\n|move|p2a: Harley Davidson|Low Kick|p1a: Dondozo\n|-damage|p1a: Dondozo|33\/100 slp\n|-curestatus|p1a: Dondozo|slp|[msg]\n|move|p1a: Dondozo|Rest|p1a: Dondozo\n|-status|p1a: Dondozo|slp|[from] move: Rest\n|-heal|p1a: Dondozo|100\/100 slp|[silent]\n|\n|upkeep\n|turn|18\n|\n|t:|1698348154\n|move|p2a: Harley Davidson|Low Kick|p1a: Dondozo\n|-damage|p1a: Dondozo|82\/100 slp\n|cant|p1a: Dondozo|slp\n|move|p1a: Dondozo|Sleep Talk|p1a: Dondozo\n|move|p1a: Dondozo|Liquidation|p2a: Harley Davidson|[from]move: Sleep Talk\n|-resisted|p2a: Harley Davidson\n|-damage|p2a: Harley Davidson|77\/100\n|\n|-heal|p1a: Dondozo|89\/100 slp|[from] item: Leftovers\n|upkeep\n|turn|19\n|\n|t:|1698348167\n|move|p2a: Harley Davidson|Low Kick|p1a: Dondozo\n|-damage|p1a: Dondozo|69\/100 slp\n|cant|p1a: Dondozo|slp\n|move|p1a: Dondozo|Sleep Talk|p1a: Dondozo\n|move|p1a: Dondozo|Curse|p1a: Dondozo|[from]move: Sleep Talk\n|-unboost|p1a: Dondozo|spe|1\n|-boost|p1a: Dondozo|atk|1\n|-boost|p1a: Dondozo|def|1\n|\n|-heal|p1a: Dondozo|75\/100 slp|[from] item: Leftovers\n|upkeep\n|turn|20\n|\n|t:|1698348173\n|switch|p2a: drop a draco|Miraidon|86\/100\n|-fieldstart|move: Electric Terrain|[from] ability: Hadron Engine|[of] p2a: drop a draco\n|-curestatus|p1a: Dondozo|slp|[msg]\n|move|p1a: Dondozo|Liquidation|p2a: drop a draco\n|-resisted|p2a: drop a draco\n|-damage|p2a: drop a draco|61\/100\n|\n|-heal|p1a: Dondozo|81\/100|[from] item: Leftovers\n|upkeep\n|turn|21\n|\n|t:|1698348176\n|switch|p1a: Ting-Lu|Ting-Lu|100\/100\n|-activate|p1a: Ting-Lu|move: Sticky Web\n|-unboost|p1a: Ting-Lu|spe|1\n|-ability|p1a: Ting-Lu|Vessel of Ruin\n|move|p2a: drop a draco|Electro Drift|p1a: Ting-Lu\n|-immune|p1a: Ting-Lu\n|\n|upkeep\n|turn|22\n|\n|t:|1698348180\n|switch|p2a: Harley Davidson|Koraidon|77\/100\n|-weather|SunnyDay|[from] ability: Orichalcum Pulse|[of] p2a: Harley Davidson\n|-activate|p2a: Harley Davidson|Orichalcum Pulse|[source]\n|move|p1a: Ting-Lu|Fissure|p2a: Harley Davidson\n|-damage|p2a: Harley Davidson|0 fnt\n|faint|p2a: Harley Davidson\n|-ohko\n|\n|-weather|SunnyDay|[upkeep]\n|upkeep\n|\n|t:|1698348183\n|switch|p2a: dogelord|Zacian-Crowned, shiny|100\/100\n|-ability|p2a: dogelord|Intrepid Sword|boost\n|-boost|p2a: dogelord|atk|1\n|turn|23\n|\n|t:|1698348187\n|switch|p1a: Dondozo|Dondozo, F|81\/100\n|-activate|p1a: Dondozo|move: Sticky Web\n|-unboost|p1a: Dondozo|spe|1\n|move|p2a: dogelord|Close Combat|p1a: Dondozo\n|-damage|p1a: Dondozo|61\/100\n|-unboost|p2a: dogelord|def|1\n|-unboost|p2a: dogelord|spd|1\n|\n|-weather|SunnyDay|[upkeep]\n|-heal|p1a: Dondozo|67\/100|[from] item: Leftovers\n|upkeep\n|turn|24\n|\n|t:|1698348195\n|switch|p2a: Ghastly Horseman|Calyrex-Shadow|100\/100\n|-ability|p2a: Ghastly Horseman|As One\n|-ability|p2a: Ghastly Horseman|Unnerve\n|move|p1a: Dondozo|Curse|p1a: Dondozo\n|-unboost|p1a: Dondozo|spe|1\n|-boost|p1a: Dondozo|atk|1\n|-boost|p1a: Dondozo|def|1\n|\n|-weather|SunnyDay|[upkeep]\n|-heal|p1a: Dondozo|74\/100|[from] item: Leftovers\n|-fieldend|move: Electric Terrain\n|upkeep\n|turn|25\n|\n|t:|1698348197\n|switch|p1a: Ting-Lu|Ting-Lu|100\/100\n|-activate|p1a: Ting-Lu|move: Sticky Web\n|-unboost|p1a: Ting-Lu|spe|1\n|-ability|p1a: Ting-Lu|Vessel of Ruin\n|move|p2a: Ghastly Horseman|Grass Knot|p1a: Ting-Lu\n|-supereffective|p1a: Ting-Lu\n|-damage|p1a: Ting-Lu|55\/100\n|\n|-weather|SunnyDay|[upkeep]\n|-heal|p1a: Ting-Lu|62\/100|[from] item: Leftovers\n|upkeep\n|turn|26\n|\n|t:|1698348207\n|switch|p1a: Zacian|Zacian-Crowned|100\/100\n|-activate|p1a: Zacian|move: Sticky Web\n|-unboost|p1a: Zacian|spe|1\n|-ability|p1a: Zacian|Intrepid Sword|boost\n|-boost|p1a: Zacian|atk|1\n|move|p2a: Ghastly Horseman|Grass Knot|p1a: Zacian\n|-resisted|p1a: Zacian\n|-damage|p1a: Zacian|80\/100\n|\n|-weather|none\n|upkeep\n|turn|27\n|\n|t:|1698348210\n|move|p2a: Ghastly Horseman|Encore||[still]\n|-fail|p2a: Ghastly Horseman\n|move|p1a: Zacian|Crunch|p2a: Ghastly Horseman\n|-supereffective|p2a: Ghastly Horseman\n|-enditem|p2a: Ghastly Horseman|Focus Sash\n|-damage|p2a: Ghastly Horseman|1\/100\n|-unboost|p2a: Ghastly Horseman|def|1\n|\n|upkeep\n|turn|28\n|\n|t:|1698348214\n|move|p2a: Ghastly Horseman|Astral Barrage|p1a: Zacian\n|-damage|p1a: Zacian|18\/100\n|move|p1a: Zacian|Play Rough|p2a: Ghastly Horseman\n|-damage|p2a: Ghastly Horseman|0 fnt\n|faint|p2a: Ghastly Horseman\n|\n|upkeep\n|c|\u2606MrCatKing07|misclick lol\n|\n|t:|1698348225\n|switch|p2a: dogelord|Zacian-Crowned, shiny|100\/100\n|turn|29\n|\n|t:|1698348229\n|move|p2a: dogelord|Behemoth Blade|p1a: Zacian\n|-damage|p1a: Zacian|0 fnt\n|faint|p1a: Zacian\n|\n|upkeep\n|\n|t:|1698348231\n|switch|p1a: Dondozo|Dondozo, F|74\/100\n|-activate|p1a: Dondozo|move: Sticky Web\n|-unboost|p1a: Dondozo|spe|1\n|turn|30\n|\n|t:|1698348237\n|switch|p2a: drop a draco|Miraidon|61\/100\n|-fieldstart|move: Electric Terrain|[from] ability: Hadron Engine|[of] p2a: drop a draco\n|move|p1a: Dondozo|Curse|p1a: Dondozo\n|-unboost|p1a: Dondozo|spe|1\n|-boost|p1a: Dondozo|atk|1\n|-boost|p1a: Dondozo|def|1\n|\n|-heal|p1a: Dondozo|80\/100|[from] item: Leftovers\n|upkeep\n|turn|31\n|\n|t:|1698348240\n|switch|p1a: Ting-Lu|Ting-Lu|62\/100\n|-activate|p1a: Ting-Lu|move: Sticky Web\n|-unboost|p1a: Ting-Lu|spe|1\n|-ability|p1a: Ting-Lu|Vessel of Ruin\n|move|p2a: drop a draco|Electro Drift|p1a: Ting-Lu\n|-immune|p1a: Ting-Lu\n|\n|-heal|p1a: Ting-Lu|68\/100|[from] item: Leftovers\n|upkeep\n|turn|32\n|\n|t:|1698348243\n|move|p2a: drop a draco|Overheat|p1a: Ting-Lu\n|-damage|p1a: Ting-Lu|38\/100\n|-unboost|p2a: drop a draco|spa|2\n|move|p1a: Ting-Lu|Fissure|p2a: drop a draco|[miss]\n|-miss|p1a: Ting-Lu|p2a: drop a draco\n|\n|-heal|p1a: Ting-Lu|45\/100|[from] item: Leftovers\n|upkeep\n|turn|33\n|\n|t:|1698348249\n|switch|p2a: \u26a0\ufe0fHAZARD\u26a0\ufe0f|Ribombee, M, shiny|66\/100\n|move|p1a: Ting-Lu|Earthquake|p2a: \u26a0\ufe0fHAZARD\u26a0\ufe0f\n|-resisted|p2a: \u26a0\ufe0fHAZARD\u26a0\ufe0f\n|-damage|p2a: \u26a0\ufe0fHAZARD\u26a0\ufe0f|33\/100\n|\n|-heal|p1a: Ting-Lu|51\/100|[from] item: Leftovers\n|upkeep\n|turn|34\n|\n|t:|1698348255\n|move|p2a: \u26a0\ufe0fHAZARD\u26a0\ufe0f|Stun Spore|p1a: Ting-Lu\n|-status|p1a: Ting-Lu|par\n|move|p1a: Ting-Lu|Earthquake|p2a: \u26a0\ufe0fHAZARD\u26a0\ufe0f\n|-resisted|p2a: \u26a0\ufe0fHAZARD\u26a0\ufe0f\n|-damage|p2a: \u26a0\ufe0fHAZARD\u26a0\ufe0f|0 fnt\n|faint|p2a: \u26a0\ufe0fHAZARD\u26a0\ufe0f\n|\n|-heal|p1a: Ting-Lu|57\/100 par|[from] item: Leftovers\n|-fieldend|move: Electric Terrain\n|upkeep\n|\n|t:|1698348260\n|switch|p2a: GOD|Arceus, tera:Ghost|35\/100\n|turn|35\n|\n|t:|1698348264\n|move|p2a: GOD|Swords Dance|p2a: GOD\n|-boost|p2a: GOD|atk|2\n|cant|p1a: Ting-Lu|par\n|\n|-heal|p1a: Ting-Lu|63\/100 par|[from] item: Leftovers\n|upkeep\n|turn|36\n|\n|t:|1698348267\n|switch|p1a: Dondozo|Dondozo, F|80\/100\n|-activate|p1a: Dondozo|move: Sticky Web\n|-unboost|p1a: Dondozo|spe|1\n|move|p2a: GOD|Recover|p2a: GOD\n|-heal|p2a: GOD|85\/100\n|\n|-heal|p1a: Dondozo|86\/100|[from] item: Leftovers\n|upkeep\n|turn|37\n|\n|t:|1698348274\n|move|p2a: GOD|Extreme Speed|p1a: Dondozo\n|-damage|p1a: Dondozo|65\/100\n|move|p1a: Dondozo|Curse|p1a: Dondozo\n|-unboost|p1a: Dondozo|spe|1\n|-boost|p1a: Dondozo|atk|1\n|-boost|p1a: Dondozo|def|1\n|\n|-heal|p1a: Dondozo|71\/100|[from] item: Leftovers\n|upkeep\n|turn|38\n|\n|t:|1698348279\n|switch|p2a: drop a draco|Miraidon|61\/100\n|-fieldstart|move: Electric Terrain|[from] ability: Hadron Engine|[of] p2a: drop a draco\n|move|p1a: Dondozo|Curse|p1a: Dondozo\n|-unboost|p1a: Dondozo|spe|1\n|-boost|p1a: Dondozo|atk|1\n|-boost|p1a: Dondozo|def|1\n|\n|-heal|p1a: Dondozo|77\/100|[from] item: Leftovers\n|upkeep\n|turn|39\n|\n|t:|1698348282\n|switch|p1a: Ting-Lu|Ting-Lu|63\/100 par\n|-activate|p1a: Ting-Lu|move: Sticky Web\n|-unboost|p1a: Ting-Lu|spe|1\n|-ability|p1a: Ting-Lu|Vessel of Ruin\n|move|p2a: drop a draco|Electro Drift|p1a: Ting-Lu\n|-immune|p1a: Ting-Lu\n|\n|-heal|p1a: Ting-Lu|70\/100 par|[from] item: Leftovers\n|upkeep\n|turn|40\n|\n|t:|1698348287\n|move|p2a: drop a draco|Draco Meteor|p1a: Ting-Lu\n|-damage|p1a: Ting-Lu|27\/100 par\n|-unboost|p2a: drop a draco|spa|2\n|move|p1a: Ting-Lu|Fissure|p2a: drop a draco|[miss]\n|-miss|p1a: Ting-Lu|p2a: drop a draco\n|\n|-heal|p1a: Ting-Lu|33\/100 par|[from] item: Leftovers\n|upkeep\n|turn|41\n|\n|t:|1698348292\n|move|p2a: drop a draco|Draco Meteor|p1a: Ting-Lu\n|-damage|p1a: Ting-Lu|12\/100 par\n|-unboost|p2a: drop a draco|spa|2\n|move|p1a: Ting-Lu|Earthquake|p2a: drop a draco\n|-supereffective|p2a: drop a draco\n|-damage|p2a: drop a draco|0 fnt\n|faint|p2a: drop a draco\n|\n|-heal|p1a: Ting-Lu|18\/100 par|[from] item: Leftovers\n|upkeep\n|c|\u2606MrCatKing07|NOOOO\n|c|\u2606MrCatKing07|ggs\n|c|\u2606MrCatKing07|wp\n|c|\u2606AGisgood|gg\n|-message|MrCatKing07 forfeited.\n|\n|win|AGisgood\n|n|\u2606AGisgood|agisgood\n|n|\u2606MrCatKing07|mrcatking07\n|l|\u2606MrCatKing07\n|j|\u2606MrCatKing07\n|player|p2|MrCatKing07|hilbert-wonderlauncher\n|l|\u2606AGisgood\n|l|\u2606MrCatKing07\n|player|p2|\n","uploadtime":1698348346,"views":8,"p1id":"agisgood","p2id":"mrcatking07","formatid":"gen9anythinggoes","rating":0,"private":0,"password":""}