{"id":"gen9anythinggoes-1984152777","p1":"Dumbfudge","p2":"Jeremy647","format":"[Gen 9] Anything Goes","log":"|j|\u2606Dumbfudge\n|j|\u2606Jeremy647\n|t:|1699224196\n|gametype|singles\n|player|p1|Dumbfudge|blackbelt-gen4dp|1383\n|player|p2|Jeremy647|ruinmaniac|1286\n|teamsize|p1|6\n|teamsize|p2|6\n|gen|9\n|tier|[Gen 9] Anything Goes\n|rated|\n|rule|HP Percentage Mod: HP is shown in percentages\n|rule|Endless Battle Clause: Forcing endless battles is banned\n|clearpoke\n|poke|p1|Espathra, M|\n|poke|p1|Giratina|\n|poke|p1|Shaymin-Sky|\n|poke|p1|Zacian-*|\n|poke|p1|Breloom, M|\n|poke|p1|Grimmsnarl, M|\n|poke|p2|Iron Bundle|\n|poke|p2|Miraidon|\n|poke|p2|Zacian-*|\n|poke|p2|Annihilape, M|\n|poke|p2|Roaring Moon|\n|poke|p2|Rillaboom, M|\n|teampreview\n|inactive|Battle timer is ON: inactive players will automatically lose when time's up. (requested by Jeremy647)\n|\n|t:|1699224206\n|start\n|switch|p1a: Cancer|Shaymin-Sky|100\/100\n|switch|p2a: Miraidon|Miraidon|100\/100\n|-fieldstart|move: Electric Terrain|[from] ability: Hadron Engine|[of] p2a: Miraidon\n|turn|1\n|c|\u2606Jeremy647|Glhf\n|\n|t:|1699224214\n|move|p1a: Cancer|Air Slash|p2a: Miraidon\n|-resisted|p2a: Miraidon\n|-damage|p2a: Miraidon|84\/100\n|cant|p2a: Miraidon|flinch\n|\n|upkeep\n|turn|2\n|\n|t:|1699224220\n|move|p1a: Cancer|Air Slash|p2a: Miraidon\n|-resisted|p2a: Miraidon\n|-damage|p2a: Miraidon|69\/100\n|move|p2a: Miraidon|Volt Switch|p1a: Cancer\n|-damage|p1a: Cancer|13\/100\n|\n|t:|1699224228\n|switch|p2a: Annihilape|Annihilape, M|100\/100|[from] Volt Switch\n|\n|upkeep\n|turn|3\n|\n|t:|1699224232\n|move|p1a: Cancer|Air Slash|p2a: Annihilape\n|-supereffective|p2a: Annihilape\n|-damage|p2a: Annihilape|31\/100\n|-enditem|p2a: Annihilape|Weakness Policy\n|-boost|p2a: Annihilape|atk|2|[from] item: Weakness Policy\n|-boost|p2a: Annihilape|spa|2|[from] item: Weakness Policy\n|cant|p2a: Annihilape|flinch\n|\n|upkeep\n|turn|4\n|\n|t:|1699224240\n|move|p1a: Cancer|Air Slash|p2a: Annihilape\n|-supereffective|p2a: Annihilape\n|-damage|p2a: Annihilape|0 fnt\n|faint|p2a: Annihilape\n|\n|upkeep\n|\n|t:|1699224242\n|switch|p2a: Iron Bundle|Iron Bundle, shiny|100\/100\n|-activate|p2a: Iron Bundle|ability: Quark Drive\n|-start|p2a: Iron Bundle|quarkdrivespe\n|turn|5\n|\n|t:|1699224248\n|move|p2a: Iron Bundle|Flip Turn|p1a: Cancer\n|-resisted|p1a: Cancer\n|-crit|p1a: Cancer\n|-damage|p1a: Cancer|0 fnt\n|faint|p1a: Cancer\n|\n|t:|1699224256\n|-end|p2a: Iron Bundle|Quark Drive|[silent]\n|switch|p2a: Roaring Moon|Roaring Moon|100\/100|[from] Flip Turn\n|-enditem|p2a: Roaring Moon|Booster Energy\n|-activate|p2a: Roaring Moon|ability: Protosynthesis|[fromitem]\n|-start|p2a: Roaring Moon|protosynthesisatk\n|\n|-fieldend|move: Electric Terrain\n|upkeep\n|\n|t:|1699224267\n|switch|p1a: Ptsd|Grimmsnarl, M|100\/100\n|turn|6\n|\n|t:|1699224275\n|move|p1a: Ptsd|Parting Shot|p2a: Roaring Moon\n|-hint|Since gen 7, Dark is immune to Prankster moves.\n|-immune|p2a: Roaring Moon\n|move|p2a: Roaring Moon|Acrobatics|p1a: Ptsd\n|-damage|p1a: Ptsd|41\/100\n|\n|upkeep\n|turn|7\n|\n|t:|1699224285\n|move|p1a: Ptsd|Sucker Punch|p2a: Roaring Moon\n|-resisted|p2a: Roaring Moon\n|-damage|p2a: Roaring Moon|81\/100\n|move|p2a: Roaring Moon|Acrobatics|p1a: Ptsd\n|-damage|p1a: Ptsd|0 fnt\n|faint|p1a: Ptsd\n|\n|upkeep\n|\n|t:|1699224296\n|switch|p1a: Bed bug|Giratina|100\/100\n|-ability|p1a: Bed bug|Pressure\n|turn|8\n|\n|t:|1699224303\n|-terastallize|p2a: Roaring Moon|Flying\n|move|p2a: Roaring Moon|Jaw Lock|p1a: Bed bug\n|-supereffective|p1a: Bed bug\n|-damage|p1a: Bed bug|18\/100\n|-activate|p2a: Roaring Moon|trapped\n|move|p1a: Bed bug|Outrage|p2a: Roaring Moon\n|-damage|p2a: Roaring Moon|0 fnt\n|faint|p2a: Roaring Moon\n|-end|p2a: Roaring Moon|Protosynthesis|[silent]\n|\n|upkeep\n|\n|t:|1699224308\n|switch|p2a: Miraidon|Miraidon|69\/100\n|-fieldstart|move: Electric Terrain|[from] ability: Hadron Engine|[of] p2a: Miraidon\n|turn|9\n|\n|t:|1699224319\n|move|p2a: Miraidon|Volt Switch|p1a: Bed bug\n|-resisted|p1a: Bed bug\n|-damage|p1a: Bed bug|2\/100\n|\n|t:|1699224323\n|switch|p2a: Zacian|Zacian-Crowned, shiny|100\/100|[from] Volt Switch\n|-ability|p2a: Zacian|Intrepid Sword|boost\n|-boost|p2a: Zacian|atk|1\n|move|p1a: Bed bug|Outrage|p2a: Zacian|[from]lockedmove\n|-immune|p2a: Zacian\n|-start|p1a: Bed bug|confusion|[fatigue]\n|\n|upkeep\n|turn|10\n|\n|t:|1699224333\n|-activate|p1a: Bed bug|confusion\n|-damage|p1a: Bed bug|0 fnt|[from] confusion\n|faint|p1a: Bed bug\n|move|p2a: Zacian|Behemoth Blade|p1: Bed bug|[notarget]\n|-fail|p2a: Zacian\n|\n|upkeep\n|\n|t:|1699224340\n|switch|p1a: Whooping cough|Zacian-Crowned|100\/100\n|-ability|p1a: Whooping cough|Intrepid Sword|boost\n|-boost|p1a: Whooping cough|atk|1\n|turn|11\n|\n|t:|1699224345\n|-terastallize|p1a: Whooping cough|Steel\n|move|p1a: Whooping cough|Behemoth Blade|p2a: Zacian\n|-damage|p2a: Zacian|0 fnt\n|faint|p2a: Zacian\n|\n|upkeep\n|\n|t:|1699224351\n|switch|p2a: Miraidon|Miraidon|69\/100\n|-activate|p2a: Miraidon|ability: Hadron Engine\n|turn|12\n|\n|t:|1699224356\n|move|p2a: Miraidon|Volt Switch|p1a: Whooping cough\n|-damage|p1a: Whooping cough|28\/100\n|\n|t:|1699224360\n|switch|p2a: Rillaboom|Rillaboom, M|100\/100|[from] Volt Switch\n|-fieldstart|move: Grassy Terrain|[from] ability: Grassy Surge|[of] p2a: Rillaboom\n|move|p1a: Whooping cough|Play Rough|p2a: Rillaboom\n|-damage|p2a: Rillaboom|10\/100\n|\n|-heal|p1a: Whooping cough|35\/100|[from] Grassy Terrain\n|-heal|p2a: Rillaboom|16\/100|[from] Grassy Terrain\n|upkeep\n|turn|13\n|\n|t:|1699224372\n|move|p2a: Rillaboom|Grassy Glide|p1a: Whooping cough\n|-resisted|p1a: Whooping cough\n|-damage|p1a: Whooping cough|9\/100\n|move|p1a: Whooping cough|Behemoth Blade|p2a: Rillaboom\n|-damage|p2a: Rillaboom|0 fnt\n|faint|p2a: Rillaboom\n|\n|-heal|p1a: Whooping cough|15\/100|[from] Grassy Terrain\n|upkeep\n|\n|t:|1699224379\n|switch|p2a: Iron Bundle|Iron Bundle, shiny|100\/100\n|turn|14\n|\n|t:|1699224386\n|switch|p1a: Chickenpox|Espathra, M|100\/100\n|move|p2a: Iron Bundle|Flip Turn|p1a: Chickenpox\n|-damage|p1a: Chickenpox|81\/100\n|\n|t:|1699224391\n|-end|p2a: Iron Bundle|Quark Drive|[silent]\n|switch|p2a: Miraidon|Miraidon|69\/100|[from] Flip Turn\n|-fieldstart|move: Electric Terrain|[from] ability: Hadron Engine|[of] p2a: Miraidon\n|\n|upkeep\n|turn|15\n|\n|t:|1699224397\n|move|p1a: Chickenpox|Protect|p1a: Chickenpox\n|-singleturn|p1a: Chickenpox|Protect\n|move|p2a: Miraidon|Volt Switch|p1a: Chickenpox\n|-activate|p1a: Chickenpox|move: Protect\n|\n|-ability|p1a: Chickenpox|Speed Boost|boost\n|-boost|p1a: Chickenpox|spe|1\n|upkeep\n|turn|16\n|\n|t:|1699224406\n|move|p2a: Miraidon|Volt Switch|p1a: Chickenpox\n|-damage|p1a: Chickenpox|0 fnt\n|faint|p1a: Chickenpox\n|\n|t:|1699224409\n|switch|p2a: Iron Bundle|Iron Bundle, shiny|100\/100|[from] Volt Switch\n|-activate|p2a: Iron Bundle|ability: Quark Drive\n|-start|p2a: Iron Bundle|quarkdrivespe\n|\n|upkeep\n|\n|t:|1699224416\n|switch|p1a: Flat out AIDS|Breloom, M|100\/100\n|turn|17\n|\n|t:|1699224423\n|move|p2a: Iron Bundle|Freeze-Dry|p1a: Flat out AIDS\n|-supereffective|p1a: Flat out AIDS\n|-damage|p1a: Flat out AIDS|0 fnt\n|faint|p1a: Flat out AIDS\n|\n|upkeep\n|\n|t:|1699224428\n|switch|p1a: Whooping cough|Zacian-Crowned, tera:Steel|15\/100\n|turn|18\n|\n|t:|1699224435\n|move|p2a: Iron Bundle|Freeze-Dry|p1a: Whooping cough\n|-resisted|p1a: Whooping cough\n|-damage|p1a: Whooping cough|0 fnt\n|faint|p1a: Whooping cough\n|\n|win|Jeremy647\n|raw|Dumbfudge's rating: 1383 &rarr; <strong>1358<\/strong><br \/>(-25 for losing)\n|raw|Jeremy647's rating: 1286 &rarr; <strong>1318<\/strong><br \/>(+32 for winning)\n|c|\u2606Jeremy647|gg\n|l|\u2606Dumbfudge\n","uploadtime":1699224441,"views":4,"p1id":"dumbfudge","p2id":"jeremy647","formatid":"gen9anythinggoes","rating":1318,"private":0,"password":""}