{"id":"gen9anythinggoes-1986325888","p1":"sandurus","p2":"Freepayfee","format":"[Gen 9] Anything Goes","log":"|j|\u2606sandurus\n|j|\u2606Freepayfee\n|t:|1699469470\n|gametype|singles\n|player|p1|sandurus|ingo|\n|player|p2|Freepayfee|265|\n|teamsize|p1|6\n|teamsize|p2|6\n|gen|9\n|tier|[Gen 9] Anything Goes\n|rule|HP Percentage Mod: HP is shown in percentages\n|rule|Endless Battle Clause: Forcing endless battles is banned\n|clearpoke\n|poke|p1|Politoed, F|\n|poke|p1|Manaphy|\n|poke|p1|Snorlax, M|\n|poke|p1|Garganacl, F|\n|poke|p1|Mismagius, M|\n|poke|p1|Zamazenta-*|\n|poke|p2|Ogerpon, F|\n|poke|p2|Empoleon, F|\n|poke|p2|Enamorus, F|\n|poke|p2|Great Tusk|\n|poke|p2|Hydreigon, F|\n|poke|p2|Skeledirge, M|\n|teampreview\n|c|\u2606sandurus|GLHF\n|c|\u2606Freepayfee|GL HF\n|c|\u2606sandurus|sry f\u00fcr den neustart\n|\n|t:|1699469589\n|start\n|switch|p1a: Sophie|Garganacl, F, shiny|100\/100\n|switch|p2a: Empoleon|Empoleon, F, shiny|100\/100\n|turn|1\n|\n|t:|1699469622\n|switch|p1a: Manu|Mismagius, M, shiny|100\/100\n|move|p2a: Empoleon|Flip Turn|p1a: Manu\n|-damage|p1a: Manu|69\/100\n|\n|t:|1699469629\n|switch|p2a: Hydreigon|Hydreigon, F|100\/100|[from] Flip Turn\n|\n|upkeep\n|turn|2\n|\n|t:|1699469689\n|-terastallize|p1a: Manu|Electric\n|move|p2a: Hydreigon|Draco Meteor|p1a: Manu\n|-damage|p1a: Manu|0 fnt\n|-unboost|p2a: Hydreigon|spa|2\n|faint|p1a: Manu\n|\n|upkeep\n|\n|t:|1699469700\n|switch|p1a: Flame|Snorlax, M, shiny|100\/100\n|turn|3\n|\n|t:|1699469726\n|switch|p2a: Enamorus|Enamorus, F, shiny|100\/100\n|move|p1a: Flame|Yawn|p2a: Enamorus\n|-start|p2a: Enamorus|move: Yawn|[of] p1a: Flame\n|\n|upkeep\n|turn|4\n|\n|t:|1699469736\n|switch|p2a: Great Tusk|Great Tusk, shiny|100\/100\n|move|p1a: Flame|Protect||[still]\n|-fail|p1a: Flame\n|\n|upkeep\n|turn|5\n|\n|t:|1699469749\n|move|p2a: Great Tusk|Knock Off|p1a: Flame\n|-damage|p1a: Flame|54\/100\n|-enditem|p1a: Flame|Leftovers|[from] move: Knock Off|[of] p2a: Great Tusk\n|-damage|p2a: Great Tusk|91\/100|[from] item: Life Orb\n|move|p1a: Flame|Yawn|p2a: Great Tusk\n|-start|p2a: Great Tusk|move: Yawn|[of] p1a: Flame\n|\n|upkeep\n|turn|6\n|\n|t:|1699469763\n|-end|p2a: Great Tusk|Protosynthesis|[silent]\n|switch|p2a: Enamorus|Enamorus, F, shiny|100\/100\n|move|p1a: Flame|Protect||[still]\n|-fail|p1a: Flame\n|\n|upkeep\n|turn|7\n|\n|t:|1699469770\n|switch|p1a: Minka|Politoed, F, shiny|100\/100\n|-weather|RainDance|[from] ability: Drizzle|[of] p1a: Minka\n|move|p2a: Enamorus|Superpower|p1a: Minka\n|-damage|p1a: Minka|59\/100\n|-boost|p2a: Enamorus|atk|1\n|-boost|p2a: Enamorus|def|1\n|\n|-weather|RainDance|[upkeep]\n|upkeep\n|turn|8\n|\n|t:|1699469816\n|switch|p2a: Hydreigon|Hydreigon, F|100\/100\n|move|p1a: Minka|Ice Beam|p2a: Hydreigon\n|-supereffective|p2a: Hydreigon\n|-damage|p2a: Hydreigon|43\/100\n|\n|-weather|RainDance|[upkeep]\n|upkeep\n|turn|9\n|\n|t:|1699469825\n|move|p2a: Hydreigon|U-turn|p1a: Minka\n|-damage|p1a: Minka|40\/100\n|\n|t:|1699469831\n|switch|p2a: Empoleon|Empoleon, F, shiny|100\/100|[from] U-turn\n|move|p1a: Minka|Ice Beam|p2a: Empoleon\n|-resisted|p2a: Empoleon\n|-damage|p2a: Empoleon|96\/100\n|\n|-weather|RainDance|[upkeep]\n|-heal|p2a: Empoleon|100\/100|[from] item: Leftovers\n|upkeep\n|turn|10\n|\n|t:|1699469864\n|move|p1a: Minka|Hydro Pump|p2a: Empoleon\n|-resisted|p2a: Empoleon\n|-damage|p2a: Empoleon|77\/100\n|move|p2a: Empoleon|Stealth Rock|p1a: Minka\n|-sidestart|p1: sandurus|move: Stealth Rock\n|\n|-weather|RainDance|[upkeep]\n|-heal|p2a: Empoleon|83\/100|[from] item: Leftovers\n|upkeep\n|turn|11\n|\n|t:|1699469884\n|move|p1a: Minka|Hydro Pump|p2a: Empoleon\n|-resisted|p2a: Empoleon\n|-damage|p2a: Empoleon|60\/100\n|move|p2a: Empoleon|Flip Turn|p1a: Minka\n|-resisted|p1a: Minka\n|-damage|p1a: Minka|27\/100\n|\n|t:|1699469904\n|switch|p2a: Ogerpon|Ogerpon, F|100\/100|[from] Flip Turn\n|\n|-weather|RainDance|[upkeep]\n|upkeep\n|turn|12\n|\n|t:|1699469908\n|move|p2a: Ogerpon|U-turn|p1a: Minka\n|-damage|p1a: Minka|0 fnt\n|faint|p1a: Minka\n|\n|t:|1699469929\n|switch|p2a: Empoleon|Empoleon, F, shiny|60\/100|[from] U-turn\n|\n|-weather|RainDance|[upkeep]\n|-heal|p2a: Empoleon|67\/100|[from] item: Leftovers\n|upkeep\n|\n|t:|1699469935\n|switch|p1a: Darki|Zamazenta-Crowned|100\/100\n|-damage|p1a: Darki|97\/100|[from] Stealth Rock\n|-ability|p1a: Darki|Dauntless Shield|boost\n|-boost|p1a: Darki|def|1\n|turn|13\n|\n|t:|1699469944\n|switch|p2a: Skeledirge|Skeledirge, M, shiny|100\/100\n|move|p1a: Darki|Body Press|p2a: Skeledirge\n|-immune|p2a: Skeledirge\n|\n|-weather|RainDance|[upkeep]\n|upkeep\n|turn|14\n|\n|t:|1699469954\n|move|p1a: Darki|Play Rough|p2a: Skeledirge\n|-resisted|p2a: Skeledirge\n|-damage|p2a: Skeledirge|88\/100\n|move|p2a: Skeledirge|Will-O-Wisp|p1a: Darki\n|-status|p1a: Darki|brn\n|\n|-weather|none\n|-damage|p1a: Darki|91\/100 brn|[from] brn\n|upkeep\n|turn|15\n|\n|t:|1699469963\n|switch|p1a: Sophie|Garganacl, F, shiny|100\/100\n|move|p2a: Skeledirge|Torch Song|p1a: Sophie\n|-resisted|p1a: Sophie\n|-damage|p1a: Sophie|86\/100\n|-boost|p2a: Skeledirge|spa|1\n|\n|upkeep\n|turn|16\n|\n|t:|1699470007\n|move|p2a: Skeledirge|Torch Song|p1a: Sophie\n|-resisted|p1a: Sophie\n|-damage|p1a: Sophie|64\/100\n|-boost|p2a: Skeledirge|spa|1\n|move|p1a: Sophie|Salt Cure|p2a: Skeledirge\n|-supereffective|p2a: Skeledirge\n|-damage|p2a: Skeledirge|63\/100\n|-start|p2a: Skeledirge|Salt Cure\n|\n|-damage|p2a: Skeledirge|51\/100|[from] Salt Cure\n|upkeep\n|turn|17\n|\n|t:|1699470019\n|move|p2a: Skeledirge|Slack Off|p2a: Skeledirge\n|-heal|p2a: Skeledirge|100\/100\n|move|p1a: Sophie|Recover|p1a: Sophie\n|-heal|p1a: Sophie|100\/100\n|\n|-damage|p2a: Skeledirge|88\/100|[from] Salt Cure\n|upkeep\n|turn|18\n|\n|t:|1699470027\n|move|p2a: Skeledirge|Earth Power|p1a: Sophie\n|-supereffective|p1a: Sophie\n|-damage|p1a: Sophie|24\/100\n|move|p1a: Sophie|Earthquake|p2a: Skeledirge\n|-supereffective|p2a: Skeledirge\n|-damage|p2a: Skeledirge|50\/100\n|\n|-damage|p2a: Skeledirge|37\/100|[from] Salt Cure\n|upkeep\n|turn|19\n|\n|t:|1699470036\n|move|p1a: Sophie|Protect|p1a: Sophie\n|-singleturn|p1a: Sophie|Protect\n|move|p2a: Skeledirge|Earth Power|p1a: Sophie\n|-activate|p1a: Sophie|move: Protect\n|\n|-damage|p2a: Skeledirge|25\/100|[from] Salt Cure\n|upkeep\n|turn|20\n|\n|t:|1699470051\n|move|p2a: Skeledirge|Earth Power|p1a: Sophie\n|-supereffective|p1a: Sophie\n|-damage|p1a: Sophie|0 fnt\n|faint|p1a: Sophie\n|\n|-damage|p2a: Skeledirge|12\/100|[from] Salt Cure\n|upkeep\n|\n|t:|1699470058\n|switch|p1a: Flame|Snorlax, M, shiny|54\/100\n|-damage|p1a: Flame|42\/100|[from] Stealth Rock\n|turn|21\n|\n|t:|1699470063\n|move|p1a: Flame|Protect|p1a: Flame\n|-singleturn|p1a: Flame|Protect\n|move|p2a: Skeledirge|Slack Off|p2a: Skeledirge\n|-heal|p2a: Skeledirge|63\/100\n|\n|-damage|p2a: Skeledirge|50\/100|[from] Salt Cure\n|upkeep\n|turn|22\n|\n|t:|1699470070\n|move|p2a: Skeledirge|Slack Off|p2a: Skeledirge\n|-heal|p2a: Skeledirge|99\/100\n|move|p1a: Flame|Fire Punch|p2a: Skeledirge\n|-resisted|p2a: Skeledirge\n|-damage|p2a: Skeledirge|93\/100\n|\n|-damage|p2a: Skeledirge|80\/100|[from] Salt Cure\n|upkeep\n|turn|23\n|\n|t:|1699470090\n|move|p2a: Skeledirge|Will-O-Wisp|p1a: Flame\n|-status|p1a: Flame|brn\n|move|p1a: Flame|Yawn|p2a: Skeledirge\n|-start|p2a: Skeledirge|move: Yawn|[of] p1a: Flame\n|\n|-damage|p1a: Flame|36\/100 brn|[from] brn\n|-damage|p2a: Skeledirge|68\/100|[from] Salt Cure\n|upkeep\n|turn|24\n|\n|t:|1699470114\n|switch|p2a: Enamorus|Enamorus, F, shiny|100\/100\n|move|p1a: Flame|Protect||[still]\n|-fail|p1a: Flame\n|\n|-damage|p1a: Flame|30\/100 brn|[from] brn\n|upkeep\n|turn|25\n|\n|t:|1699470123\n|move|p2a: Enamorus|Superpower|p1a: Flame\n|-supereffective|p1a: Flame\n|-damage|p1a: Flame|0 fnt\n|-boost|p2a: Enamorus|atk|1\n|-boost|p2a: Enamorus|def|1\n|faint|p1a: Flame\n|\n|upkeep\n|\n|t:|1699470129\n|switch|p1a: Darki|Zamazenta-Crowned|91\/100 brn\n|-damage|p1a: Darki|88\/100 brn|[from] Stealth Rock\n|turn|26\n|\n|t:|1699470154\n|move|p1a: Darki|Play Rough|p2a: Enamorus\n|-damage|p2a: Enamorus|85\/100\n|move|p2a: Enamorus|Superpower|p1a: Darki\n|-supereffective|p1a: Darki\n|-damage|p1a: Darki|0 fnt\n|-boost|p2a: Enamorus|atk|1\n|-boost|p2a: Enamorus|def|1\n|faint|p1a: Darki\n|\n|upkeep\n|\n|t:|1699470162\n|switch|p1a: Eli|Manaphy|100\/100\n|-damage|p1a: Eli|88\/100|[from] Stealth Rock\n|turn|27\n|\n|t:|1699470173\n|move|p2a: Enamorus|Play Rough|p1a: Eli\n|-damage|p1a: Eli|21\/100\n|-damage|p2a: Enamorus|68\/100|[from] item: Rocky Helmet|[of] p1a: Eli\n|move|p1a: Eli|Tail Glow|p1a: Eli\n|-boost|p1a: Eli|spa|3\n|\n|upkeep\n|turn|28\n|\n|t:|1699470180\n|move|p2a: Enamorus|Superpower|p1a: Eli\n|-damage|p1a: Eli|0 fnt\n|-boost|p2a: Enamorus|atk|1\n|-boost|p2a: Enamorus|def|1\n|-damage|p2a: Enamorus|52\/100|[from] item: Rocky Helmet|[of] p1a: Eli\n|faint|p1a: Eli\n|\n|win|Freepayfee\n|c|\u2606sandurus|gz\n|c|\u2606Freepayfee|GG\n|c|\u2606sandurus|kannst du reinstellen ?\n|c|\u2606Freepayfee|jap\n|c|\u2606sandurus|danke\n|l|\u2606sandurus\n|c|\u2606Freepayfee|:d\n","uploadtime":1699470237,"views":24,"p1id":"sandurus","p2id":"freepayfee","formatid":"gen9anythinggoes","rating":0,"private":0,"password":""}