{"id":"gen9anythinggoes-1974508140","p1":"Excavations","p2":"trojar","format":"[Gen 9] Anything Goes","log":"|j|\u2606Excavations\n|j|\u2606trojar\n|t:|1698092810\n|gametype|singles\n|player|p1|Excavations|volkner|1177\n|player|p2|trojar|dawn|1192\n|teamsize|p1|6\n|teamsize|p2|6\n|gen|9\n|tier|[Gen 9] Anything Goes\n|rated|\n|rule|HP Percentage Mod: HP is shown in percentages\n|rule|Endless Battle Clause: Forcing endless battles is banned\n|clearpoke\n|poke|p1|Zacian-*|\n|poke|p1|Grimmsnarl, M|\n|poke|p1|Ursaluna-Bloodmoon, M|\n|poke|p1|Heatran, F|\n|poke|p1|Ogerpon-Wellspring, F|\n|poke|p1|Okidogi, M|\n|poke|p2|Forretress, F|\n|poke|p2|Darkrai|\n|poke|p2|Uxie|\n|poke|p2|Regieleki|\n|poke|p2|Chansey, F|\n|poke|p2|Zacian-*|\n|teampreview\n|\n|t:|1698092814\n|start\n|switch|p1a: Grimmsnarl|Grimmsnarl, M, shiny|100\/100\n|switch|p2a: Forretress|Forretress, F|100\/100\n|turn|1\n|inactive|Battle timer is ON: inactive players will automatically lose when time's up. (requested by Excavations)\n|\n|t:|1698092840\n|move|p1a: Grimmsnarl|Thunder Wave|p2a: Forretress\n|-status|p2a: Forretress|par\n|move|p2a: Forretress|Stealth Rock|p1a: Grimmsnarl\n|-sidestart|p1: Excavations|move: Stealth Rock\n|\n|upkeep\n|turn|2\n|\n|t:|1698092854\n|move|p1a: Grimmsnarl|Reflect|p1a: Grimmsnarl\n|-sidestart|p1: Excavations|Reflect\n|move|p2a: Forretress|Spikes|p1a: Grimmsnarl\n|-sidestart|p1: Excavations|Spikes\n|\n|upkeep\n|turn|3\n|\n|t:|1698092859\n|move|p1a: Grimmsnarl|Spirit Break|p2a: Forretress\n|-resisted|p2a: Forretress\n|-damage|p2a: Forretress|89\/100 par\n|-unboost|p2a: Forretress|spa|1\n|-damage|p1a: Grimmsnarl|84\/100|[from] item: Rocky Helmet|[of] p2a: Forretress\n|move|p2a: Forretress|Spikes|p1a: Grimmsnarl\n|-sidestart|p1: Excavations|Spikes\n|\n|upkeep\n|turn|4\n|\n|t:|1698092873\n|switch|p1a: Heatran|Heatran, F|100\/100\n|-damage|p1a: Heatran|88\/100|[from] Stealth Rock\n|-item|p1a: Heatran|Air Balloon\n|move|p2a: Forretress|Spikes|p1a: Heatran\n|-sidestart|p1: Excavations|Spikes\n|\n|upkeep\n|turn|5\n|j| LilBuggy56\n|\n|t:|1698092885\n|-terastallize|p2a: Forretress|Rock\n|move|p1a: Heatran|Magma Storm|p2a: Forretress|[miss]\n|-miss|p1a: Heatran|p2a: Forretress\n|move|p2a: Forretress|Rapid Spin|p1a: Heatran\n|-resisted|p1a: Heatran\n|-damage|p1a: Heatran|86\/100\n|-boost|p2a: Forretress|spe|1\n|-enditem|p1a: Heatran|Air Balloon\n|\n|upkeep\n|turn|6\n|c| LilBuggy56|your trash like you suck dc\n|c| LilBuggy56|you should ouit\n|\n|t:|1698092907\n|move|p1a: Heatran|Earth Power|p2a: Forretress\n|-supereffective|p2a: Forretress\n|-damage|p2a: Forretress|25\/100 par\n|move|p2a: Forretress|Rapid Spin|p1a: Heatran\n|-resisted|p1a: Heatran\n|-damage|p1a: Heatran|84\/100\n|-boost|p2a: Forretress|spe|1\n|\n|upkeep\n|turn|7\n|c| LilBuggy56|this kid is better than you like dc\n|\n|t:|1698092917\n|move|p1a: Heatran|Earth Power|p2a: Forretress\n|-supereffective|p2a: Forretress\n|-damage|p2a: Forretress|0 fnt\n|faint|p2a: Forretress\n|\n|upkeep\n|\n|t:|1698092926\n|switch|p2a: Regieleki|Regieleki, shiny|100\/100\n|-item|p2a: Regieleki|Air Balloon\n|turn|8\n|c| LilBuggy56|lol amigin dieding like you suck n ut sacks\n|\n|t:|1698092942\n|move|p2a: Regieleki|Thunder Cage|p1a: Heatran\n|-damage|p1a: Heatran|47\/100\n|-activate|p1a: Heatran|move: Thunder Cage|[of] p2a: Regieleki\n|move|p1a: Heatran|Magma Storm|p2a: Regieleki\n|-damage|p2a: Regieleki|29\/100\n|-activate|p2a: Regieleki|move: Magma Storm|[of] p1a: Heatran\n|-enditem|p2a: Regieleki|Air Balloon\n|\n|-damage|p2a: Regieleki|17\/100|[from] move: Magma Storm|[partiallytrapped]\n|-damage|p1a: Heatran|35\/100|[from] move: Thunder Cage|[partiallytrapped]\n|upkeep\n|turn|9\n|\n|t:|1698092955\n|move|p2a: Regieleki|Thunder Cage|p1a: Heatran\n|-damage|p1a: Heatran|0 fnt\n|faint|p1a: Heatran\n|\n|-end|p2a: Regieleki|Magma Storm|[partiallytrapped]|[silent]\n|-sideend|p1: Excavations|Reflect\n|upkeep\n|\n|t:|1698092965\n|switch|p1a: Grimmsnarl|Grimmsnarl, M, shiny|84\/100\n|-damage|p1a: Grimmsnarl|71\/100|[from] Stealth Rock\n|-damage|p1a: Grimmsnarl|47\/100|[from] Spikes\n|turn|10\n|c| LilBuggy56|like suck my nuts\n|\n|t:|1698092973\n|move|p1a: Grimmsnarl|Light Screen|p1a: Grimmsnarl\n|-sidestart|p1: Excavations|move: Light Screen\n|move|p2a: Regieleki|Thunder Cage|p1a: Grimmsnarl\n|-damage|p1a: Grimmsnarl|24\/100\n|-activate|p1a: Grimmsnarl|move: Thunder Cage|[of] p2a: Regieleki\n|\n|-damage|p1a: Grimmsnarl|12\/100|[from] move: Thunder Cage|[partiallytrapped]\n|upkeep\n|turn|11\n|\n|t:|1698092982\n|move|p2a: Regieleki|Thunder Cage|p1a: Grimmsnarl\n|-damage|p1a: Grimmsnarl|0 fnt\n|faint|p1a: Grimmsnarl\n|\n|upkeep\n|\n|t:|1698092988\n|switch|p1a: Ursaluna|Ursaluna-Bloodmoon, M|100\/100\n|-damage|p1a: Ursaluna|95\/100|[from] Stealth Rock\n|-damage|p1a: Ursaluna|70\/100|[from] Spikes\n|turn|12\n|c| LilBuggy56|like you suck at this game i am so better than you like on god\n|\n|t:|1698092996\n|move|p2a: Regieleki|Explosion|p1a: Ursaluna\n|-damage|p1a: Ursaluna|39\/100\n|faint|p2a: Regieleki\n|move|p1a: Ursaluna|Moonblast|p2: Regieleki|[notarget]\n|-fail|p1a: Ursaluna\n|\n|upkeep\n|\n|t:|1698093010\n|switch|p2a: Uxie|Uxie|100\/100\n|turn|13\n|c| LilBuggy56|this kid has 10000000 iq likew on god like get a liofe\n|c| LilBuggy56|gget a life you nerd\n|\n|t:|1698093028\n|move|p2a: Uxie|Encore|p1a: Ursaluna\n|-start|p1a: Ursaluna|Encore\n|move|p1a: Ursaluna|Moonblast|p2a: Uxie\n|-damage|p2a: Uxie|75\/100\n|-unboost|p2a: Uxie|spa|1\n|\n|upkeep\n|turn|14\n|\n|t:|1698093038\n|move|p2a: Uxie|Yawn|p1a: Ursaluna\n|-start|p1a: Ursaluna|move: Yawn|[of] p2a: Uxie\n|move|p1a: Ursaluna|Moonblast|p2a: Uxie\n|-damage|p2a: Uxie|53\/100\n|-unboost|p2a: Uxie|spa|1\n|\n|upkeep\n|turn|15\n|\n|t:|1698093048\n|switch|p1a: Ogerpon|Ogerpon-Wellspring, F|100\/100\n|-damage|p1a: Ogerpon|88\/100|[from] Stealth Rock\n|-damage|p1a: Ogerpon|63\/100|[from] Spikes\n|move|p2a: Uxie|Light Screen|p2a: Uxie\n|-sidestart|p2: trojar|move: Light Screen\n|\n|upkeep\n|turn|16\n|c| LilBuggy56|you suck like hes sting up on you l\n|\n|t:|1698093065\n|move|p1a: Ogerpon|Swords Dance|p1a: Ogerpon\n|-boost|p1a: Ogerpon|atk|2\n|move|p2a: Uxie|Yawn|p1a: Ogerpon\n|-start|p1a: Ogerpon|move: Yawn|[of] p2a: Uxie\n|\n|upkeep\n|turn|17\n|\n|t:|1698093074\n|move|p1a: Ogerpon|Lash Out|p2a: Uxie\n|-supereffective|p2a: Uxie\n|-damage|p2a: Uxie|0 fnt\n|faint|p2a: Uxie\n|\n|-end|p1a: Ogerpon|move: Yawn|[silent]\n|-status|p1a: Ogerpon|slp\n|-sideend|p1: Excavations|move: Light Screen\n|upkeep\n|c| LilBuggy56|like you have a trash leg like you suck\n|\n|t:|1698093084\n|switch|p2a: Zacian|Zacian-Crowned|100\/100\n|-ability|p2a: Zacian|Intrepid Sword|boost\n|-boost|p2a: Zacian|atk|1\n|turn|18\n|\n|t:|1698093091\n|switch|p1a: Zacian|Zacian|100\/100\n|-damage|p1a: Zacian|88\/100|[from] Stealth Rock\n|-damage|p1a: Zacian|63\/100|[from] Spikes\n|-ability|p1a: Zacian|Intrepid Sword|boost\n|-boost|p1a: Zacian|atk|1\n|move|p2a: Zacian|Brick Break|p1a: Zacian\n|-resisted|p1a: Zacian\n|-damage|p1a: Zacian|43\/100\n|\n|upkeep\n|turn|19\n|c| LilBuggy56|amiagen falling asleep\n|\n|t:|1698093105\n|move|p1a: Zacian|Fire Fang|p2a: Zacian\n|-supereffective|p2a: Zacian\n|-damage|p2a: Zacian|35\/100\n|move|p2a: Zacian|Behemoth Blade|p1a: Zacian\n|-supereffective|p1a: Zacian\n|-damage|p1a: Zacian|0 fnt\n|faint|p1a: Zacian\n|\n|-sideend|p2: trojar|move: Light Screen\n|upkeep\n|c| LilBuggy56|likke you dont have zacin crowd you suck\n|\n|t:|1698093115\n|switch|p1a: Okidogi|Okidogi, M|100\/100\n|-damage|p1a: Okidogi|95\/100|[from] Stealth Rock\n|-damage|p1a: Okidogi|70\/100|[from] Spikes\n|turn|20\n|\n|t:|1698093127\n|-terastallize|p1a: Okidogi|Poison\n|move|p2a: Zacian|Behemoth Blade|p1a: Okidogi\n|-damage|p1a: Okidogi|0 fnt\n|faint|p1a: Okidogi\n|\n|upkeep\n|\n|t:|1698093136\n|switch|p1a: Ogerpon|Ogerpon-Wellspring, F|63\/100 slp\n|-damage|p1a: Ogerpon|51\/100 slp|[from] Stealth Rock\n|-damage|p1a: Ogerpon|26\/100 slp|[from] Spikes\n|turn|21\n|\n|t:|1698093144\n|move|p2a: Zacian|Brick Break|p1a: Ogerpon\n|-damage|p1a: Ogerpon|0 fnt\n|faint|p1a: Ogerpon\n|\n|upkeep\n|\n|t:|1698093148\n|switch|p1a: Ursaluna|Ursaluna-Bloodmoon, M|39\/100\n|-damage|p1a: Ursaluna|33\/100|[from] Stealth Rock\n|-damage|p1a: Ursaluna|8\/100|[from] Spikes\n|turn|22\n|c| LilBuggy56|liek trea into death like you suck\n|-message|Excavations forfeited.\n|\n|win|trojar\n|raw|Excavations's rating: 1177 &rarr; <strong>1153<\/strong><br \/>(-24 for losing)\n|raw|trojar's rating: 1192 &rarr; <strong>1216<\/strong><br \/>(+24 for winning)\n|l|\u2606Excavations\n","uploadtime":1698092896,"views":6,"p1id":"excavations","p2id":"trojar","formatid":"gen9anythinggoes","rating":1153,"private":0,"password":""}