{"id":"gen9anythinggoes-1974551944","p1":"Deadpoolmaan","p2":"Jacataca37","format":"[Gen 9] Anything Goes","log":"|j|\u2606Deadpoolmaan\n|j|\u2606Jacataca37\n|t:|1698096614\n|gametype|singles\n|player|p1|Deadpoolmaan|cynthia-gen4|1083\n|player|p2|Jacataca37|medium|1000\n|teamsize|p1|6\n|teamsize|p2|4\n|gen|9\n|tier|[Gen 9] Anything Goes\n|rated|\n|rule|HP Percentage Mod: HP is shown in percentages\n|rule|Endless Battle Clause: Forcing endless battles is banned\n|clearpoke\n|poke|p1|Cinderace, F|\n|poke|p1|Vaporeon, M|\n|poke|p1|Calyrex-Shadow|\n|poke|p1|Diancie|\n|poke|p1|Vikavolt, F|\n|poke|p1|Gliscor, F|\n|poke|p2|Bergmite, F|\n|poke|p2|Klefki, M|\n|poke|p2|Ralts, F|\n|poke|p2|Volcarona, M|\n|teampreview\n|inactive|Battle timer is ON: inactive players will automatically lose when time's up. (requested by Jacataca37)\n|c|\u2606Jacataca37|hey, would you be willing to choose a pokemon and add it to this team?\n|inactive|Deadpoolmaan has 120 seconds left.\n|\n|t:|1698096646\n|start\n|switch|p1a: Gliscor|Gliscor, F|100\/100\n|switch|p2a: Klefki|Klefki, M|100\/100\n|turn|1\n|\n|t:|1698096656\n|move|p1a: Gliscor|Toxic Spikes|p2a: Klefki\n|-sidestart|p2: Jacataca37|move: Toxic Spikes\n|move|p2a: Klefki|Dazzling Gleam|p1a: Gliscor\n|-damage|p1a: Gliscor|73\/100\n|\n|upkeep\n|turn|2\n|\n|t:|1698096662\n|move|p1a: Gliscor|Spikes|p2a: Klefki\n|-sidestart|p2: Jacataca37|Spikes\n|move|p2a: Klefki|Dazzling Gleam|p1a: Gliscor\n|-damage|p1a: Gliscor|45\/100\n|\n|upkeep\n|turn|3\n|\n|t:|1698096679\n|move|p1a: Gliscor|Stealth Rock|p2a: Klefki\n|-sidestart|p2: Jacataca37|move: Stealth Rock\n|move|p2a: Klefki|Dazzling Gleam|p1a: Gliscor\n|-damage|p1a: Gliscor|17\/100\n|\n|upkeep\n|turn|4\n|\n|t:|1698096683\n|move|p1a: Gliscor|Spikes|p2a: Klefki\n|-sidestart|p2: Jacataca37|Spikes\n|move|p2a: Klefki|Dazzling Gleam|p1a: Gliscor\n|-damage|p1a: Gliscor|0 fnt\n|faint|p1a: Gliscor\n|\n|upkeep\n|\n|t:|1698096689\n|switch|p1a: Diancie|Diancie, shiny|100\/100\n|turn|5\n|\n|t:|1698096695\n|move|p2a: Klefki|Switcheroo|p1a: Diancie\n|-activate|p2a: Klefki|move: Trick|[of] p1a: Diancie\n|-item|p1a: Diancie|Toxic Orb|[from] move: Switcheroo\n|-item|p2a: Klefki|Rocky Helmet|[from] move: Switcheroo\n|move|p1a: Diancie|Spikes|p2a: Klefki\n|-sidestart|p2: Jacataca37|Spikes\n|\n|-status|p1a: Diancie|tox|[from] item: Toxic Orb\n|upkeep\n|turn|6\n|\n|t:|1698096706\n|move|p2a: Klefki|Spikes|p1a: Diancie\n|-sidestart|p1: Deadpoolmaan|Spikes\n|move|p1a: Diancie|Calm Mind|p1a: Diancie\n|-boost|p1a: Diancie|spa|1\n|-boost|p1a: Diancie|spd|1\n|\n|-damage|p1a: Diancie|95\/100 tox|[from] psn\n|upkeep\n|turn|7\n|\n|t:|1698096712\n|move|p2a: Klefki|Spikes|p1a: Diancie\n|-sidestart|p1: Deadpoolmaan|Spikes\n|move|p1a: Diancie|Calm Mind|p1a: Diancie\n|-boost|p1a: Diancie|spa|1\n|-boost|p1a: Diancie|spd|1\n|\n|-damage|p1a: Diancie|83\/100 tox|[from] psn\n|upkeep\n|turn|8\n|\n|t:|1698096718\n|move|p2a: Klefki|Spikes|p1a: Diancie\n|-sidestart|p1: Deadpoolmaan|Spikes\n|move|p1a: Diancie|Calm Mind|p1a: Diancie\n|-boost|p1a: Diancie|spa|1\n|-boost|p1a: Diancie|spd|1\n|\n|-damage|p1a: Diancie|65\/100 tox|[from] psn\n|upkeep\n|turn|9\n|\n|t:|1698096725\n|move|p2a: Klefki|Dazzling Gleam|p1a: Diancie\n|-damage|p1a: Diancie|57\/100 tox\n|move|p1a: Diancie|Baton Pass|p1a: Diancie\n|\n|t:|1698096729\n|switch|p1a: Calyrex|Calyrex-Shadow|100\/100|[from] Baton Pass\n|-ability|p1a: Calyrex|As One\n|-ability|p1a: Calyrex|Unnerve\n|-damage|p1a: Calyrex|76\/100|[from] Spikes\n|\n|upkeep\n|turn|10\n|\n|t:|1698096736\n|move|p2a: Klefki|Thunder Wave|p1a: Calyrex\n|-status|p1a: Calyrex|par\n|move|p1a: Calyrex|Astral Barrage|p2a: Klefki\n|-damage|p2a: Klefki|0 fnt\n|faint|p2a: Klefki\n|-ability|p1a: Calyrex|Grim Neigh|boost\n|-boost|p1a: Calyrex|spa|1\n|\n|upkeep\n|\n|t:|1698096754\n|switch|p2a: God-slayer|Bergmite, F|100\/100\n|turn|11\n|inactive|Deadpoolmaan has 120 seconds left.\n|\n|t:|1698096800\n|cant|p1a: Calyrex|par\n|move|p2a: God-slayer|Crunch|p1a: Calyrex\n|-supereffective|p1a: Calyrex\n|-damage|p1a: Calyrex|0 fnt\n|faint|p1a: Calyrex\n|\n|upkeep\n|\n|t:|1698096807\n|switch|p1a: Vaporeon|Vaporeon, M|100\/100\n|-damage|p1a: Vaporeon|76\/100|[from] Spikes\n|turn|12\n|\n|t:|1698096813\n|move|p1a: Vaporeon|Stored Power|p2a: God-slayer\n|-damage|p2a: God-slayer|89\/100\n|move|p2a: God-slayer|Rapid Spin|p1a: Vaporeon\n|-damage|p1a: Vaporeon|61\/100\n|-boost|p2a: God-slayer|spe|1\n|-sideend|p2: Jacataca37|Spikes|[from] move: Rapid Spin|[of] p2a: God-slayer\n|-sideend|p2: Jacataca37|Toxic Spikes|[from] move: Rapid Spin|[of] p2a: God-slayer\n|-sideend|p2: Jacataca37|Stealth Rock|[from] move: Rapid Spin|[of] p2a: God-slayer\n|\n|upkeep\n|turn|13\n|\n|t:|1698096822\n|move|p2a: God-slayer|Protect|p2a: God-slayer\n|-singleturn|p2a: God-slayer|Protect\n|move|p1a: Vaporeon|Acid Armor|p1a: Vaporeon\n|-boost|p1a: Vaporeon|def|2\n|\n|upkeep\n|turn|14\n|inactive|Deadpoolmaan has 120 seconds left.\n|\n|t:|1698096828\n|move|p1a: Vaporeon|Acid Armor|p1a: Vaporeon\n|-boost|p1a: Vaporeon|def|2\n|move|p2a: God-slayer|Crunch|p1a: Vaporeon\n|-damage|p1a: Vaporeon|53\/100\n|\n|upkeep\n|turn|15\n|\n|t:|1698096833\n|move|p1a: Vaporeon|Acid Armor|p1a: Vaporeon\n|-boost|p1a: Vaporeon|def|2\n|move|p2a: God-slayer|Crunch|p1a: Vaporeon\n|-damage|p1a: Vaporeon|47\/100\n|\n|upkeep\n|turn|16\n|\n|t:|1698096840\n|move|p1a: Vaporeon|Baton Pass|p1a: Vaporeon\n|\n|t:|1698096842\n|switch|p1a: Cinderace|Cinderace, F|100\/100|[from] Baton Pass\n|-damage|p1a: Cinderace|76\/100|[from] Spikes\n|move|p2a: God-slayer|Crunch|p1a: Cinderace\n|-damage|p1a: Cinderace|70\/100\n|\n|-heal|p1a: Cinderace|76\/100|[from] item: Leftovers\n|upkeep\n|turn|17\n|\n|t:|1698096854\n|move|p2a: God-slayer|Protect|p2a: God-slayer\n|-singleturn|p2a: God-slayer|Protect\n|move|p1a: Cinderace|Fire Fang|p2a: God-slayer\n|-activate|p2a: God-slayer|move: Protect\n|\n|-heal|p1a: Cinderace|82\/100|[from] item: Leftovers\n|upkeep\n|turn|18\n|\n|t:|1698096864\n|move|p1a: Cinderace|Fire Fang|p2a: God-slayer\n|-supereffective|p2a: God-slayer\n|-damage|p2a: God-slayer|29\/100\n|move|p2a: God-slayer|Crunch|p1a: Cinderace\n|-damage|p1a: Cinderace|76\/100\n|\n|-heal|p1a: Cinderace|82\/100|[from] item: Leftovers\n|upkeep\n|turn|19\n|\n|t:|1698096872\n|move|p1a: Cinderace|Fire Fang|p2a: God-slayer\n|-supereffective|p2a: God-slayer\n|-damage|p2a: God-slayer|0 fnt\n|faint|p2a: God-slayer\n|\n|-heal|p1a: Cinderace|88\/100|[from] item: Leftovers\n|upkeep\n|\n|t:|1698096878\n|switch|p2a: Ralts|Ralts, F|100\/100\n|-ability|p2a: Ralts|Blaze|[from] ability: Trace|[of] p1a: Cinderace\n|turn|20\n|\n|t:|1698096884\n|-terastallize|p1a: Cinderace|Fire\n|move|p1a: Cinderace|Pyro Ball|p2a: Ralts\n|-enditem|p2a: Ralts|Focus Sash\n|-damage|p2a: Ralts|1\/100\n|move|p2a: Ralts|Trick Room|p2a: Ralts\n|-fieldstart|move: Trick Room|[of] p2a: Ralts\n|\n|-heal|p1a: Cinderace|94\/100|[from] item: Leftovers\n|upkeep\n|turn|21\n|\n|t:|1698096894\n|move|p2a: Ralts|Destiny Bond|p2a: Ralts\n|-singlemove|p2a: Ralts|Destiny Bond\n|move|p1a: Cinderace|Fire Fang|p2a: Ralts\n|-damage|p2a: Ralts|0 fnt\n|faint|p2a: Ralts\n|-activate|p2a: Ralts|move: Destiny Bond\n|faint|p1a: Cinderace\n|\n|upkeep\n|\n|t:|1698096904\n|switch|p2a: Volcarona|Volcarona, M|100\/100\n|switch|p1a: Vikavolt|Vikavolt, F|100\/100\n|turn|22\n|\n|t:|1698096910\n|move|p1a: Vikavolt|Iron Defense|p1a: Vikavolt\n|-boost|p1a: Vikavolt|def|2\n|move|p2a: Volcarona|Quiver Dance|p2a: Volcarona\n|-boost|p2a: Volcarona|spa|1\n|-boost|p2a: Volcarona|spd|1\n|-boost|p2a: Volcarona|spe|1\n|\n|upkeep\n|turn|23\n|\n|t:|1698096917\n|move|p1a: Vikavolt|Iron Defense|p1a: Vikavolt\n|-boost|p1a: Vikavolt|def|2\n|move|p2a: Volcarona|Quiver Dance|p2a: Volcarona\n|-boost|p2a: Volcarona|spa|1\n|-boost|p2a: Volcarona|spd|1\n|-boost|p2a: Volcarona|spe|1\n|\n|upkeep\n|turn|24\n|\n|t:|1698096923\n|move|p1a: Vikavolt|Agility|p1a: Vikavolt\n|-boost|p1a: Vikavolt|spe|2\n|move|p2a: Volcarona|Quiver Dance|p2a: Volcarona\n|-boost|p2a: Volcarona|spa|1\n|-boost|p2a: Volcarona|spd|1\n|-boost|p2a: Volcarona|spe|1\n|\n|-fieldend|move: Trick Room\n|upkeep\n|turn|25\n|\n|t:|1698096932\n|move|p2a: Volcarona|Fiery Dance|p1a: Vikavolt\n|-supereffective|p1a: Vikavolt\n|-damage|p1a: Vikavolt|0 fnt\n|-boost|p2a: Volcarona|spa|1\n|faint|p1a: Vikavolt\n|\n|upkeep\n|\n|t:|1698096950\n|switch|p1a: Vaporeon|Vaporeon, M|47\/100\n|-damage|p1a: Vaporeon|22\/100|[from] Spikes\n|turn|26\n|\n|t:|1698096955\n|move|p2a: Volcarona|Psychic|p1a: Vaporeon\n|-damage|p1a: Vaporeon|0 fnt\n|faint|p1a: Vaporeon\n|\n|upkeep\n|c|\u2606Deadpoolmaan|Gay ass\n|-message|Deadpoolmaan forfeited.\n|\n|win|Jacataca37\n|raw|Deadpoolmaan's rating: 1083 &rarr; <strong>1055<\/strong><br \/>(-28 for losing)\n|raw|Jacataca37's rating: 1000 &rarr; <strong>1049<\/strong><br \/>(+49 for winning)\n|l|\u2606Deadpoolmaan\n","uploadtime":1698096962,"views":29,"p1id":"deadpoolmaan","p2id":"jacataca37","formatid":"gen9anythinggoes","rating":1049,"private":0,"password":""}