{"id":"gen9anythinggoes-1977858963","p1":"goober447","p2":"Cerecedo","format":"[Gen 9] Anything Goes","log":"|j|\u2606goober447\n|j|\u2606Cerecedo\n|t:|1698458371\n|gametype|singles\n|player|p1|goober447|dawn|1622\n|player|p2|Cerecedo|alder|1794\n|teamsize|p1|6\n|teamsize|p2|6\n|gen|9\n|tier|[Gen 9] Anything Goes\n|rated|\n|rule|HP Percentage Mod: HP is shown in percentages\n|rule|Endless Battle Clause: Forcing endless battles is banned\n|clearpoke\n|poke|p1|Calyrex-Shadow|\n|poke|p1|Arceus|\n|poke|p1|Arceus|\n|poke|p1|Zacian-*|\n|poke|p1|Ribombee, F|\n|poke|p1|Kingambit, F|\n|poke|p2|Arceus-Ground|\n|poke|p2|Scizor, F|\n|poke|p2|Ditto|\n|poke|p2|Arceus|\n|poke|p2|Miraidon|\n|poke|p2|Calyrex-Shadow|\n|teampreview\n|inactive|Battle timer is ON: inactive players will automatically lose when time's up. (requested by goober447)\n|\n|t:|1698458397\n|start\n|switch|p1a: Ribombee|Ribombee, F, shiny|100\/100\n|switch|p2a: Scizor|Scizor, F|100\/100\n|turn|1\n|\n|t:|1698458405\n|move|p2a: Scizor|Bullet Punch|p1a: Ribombee\n|-supereffective|p1a: Ribombee\n|-crit|p1a: Ribombee\n|-enditem|p1a: Ribombee|Focus Sash\n|-damage|p1a: Ribombee|1\/100\n|move|p1a: Ribombee|Sticky Web|p2a: Scizor\n|-sidestart|p2: Cerecedo|move: Sticky Web\n|\n|upkeep\n|turn|2\n|\n|t:|1698458418\n|move|p2a: Scizor|Bullet Punch|p1a: Ribombee\n|-supereffective|p1a: Ribombee\n|-damage|p1a: Ribombee|0 fnt\n|faint|p1a: Ribombee\n|\n|upkeep\n|\n|t:|1698458433\n|switch|p1a: Arceus|Arceus|100\/100\n|turn|3\n|\n|t:|1698458448\n|move|p1a: Arceus|Bulk Up|p1a: Arceus\n|-boost|p1a: Arceus|atk|1\n|-boost|p1a: Arceus|def|1\n|move|p2a: Scizor|Defog|p1a: Arceus\n|-unboost|p1a: Arceus|evasion|1\n|-sideend|p2: Cerecedo|Sticky Web|[from] move: Defog|[of] p2a: Scizor\n|\n|upkeep\n|turn|4\n|\n|t:|1698458457\n|switch|p2a: Miraidon|Miraidon|100\/100\n|-fieldstart|move: Electric Terrain|[from] ability: Hadron Engine|[of] p2a: Miraidon\n|move|p1a: Arceus|Bulk Up|p1a: Arceus\n|-boost|p1a: Arceus|atk|1\n|-boost|p1a: Arceus|def|1\n|\n|upkeep\n|turn|5\n|\n|t:|1698458472\n|move|p1a: Arceus|Extreme Speed|p2a: Miraidon\n|-damage|p2a: Miraidon|12\/100\n|move|p2a: Miraidon|Electro Drift|p1a: Arceus\n|-damage|p1a: Arceus|40\/100\n|\n|-heal|p1a: Arceus|47\/100|[from] item: Leftovers\n|upkeep\n|turn|6\n|\n|t:|1698458487\n|switch|p2a: Calyrex|Calyrex-Shadow|100\/100\n|-ability|p2a: Calyrex|As One\n|-ability|p2a: Calyrex|Unnerve\n|move|p1a: Arceus|Extreme Speed|p2a: Calyrex\n|-immune|p2a: Calyrex\n|\n|-heal|p1a: Arceus|53\/100|[from] item: Leftovers\n|upkeep\n|turn|7\n|\n|t:|1698458499\n|move|p2a: Calyrex|Psyshock|p1a: Arceus\n|-damage|p1a: Arceus|37\/100\n|move|p1a: Arceus|Shadow Claw|p2a: Calyrex\n|-supereffective|p2a: Calyrex\n|-enditem|p2a: Calyrex|Focus Sash\n|-damage|p2a: Calyrex|1\/100\n|\n|-heal|p1a: Arceus|43\/100|[from] item: Leftovers\n|upkeep\n|turn|8\n|\n|t:|1698458510\n|switch|p2a: Arceus|Arceus|100\/100\n|move|p1a: Arceus|Shadow Claw|p2a: Arceus\n|-immune|p2a: Arceus\n|\n|-heal|p1a: Arceus|49\/100|[from] item: Leftovers\n|-fieldend|move: Electric Terrain\n|upkeep\n|turn|9\n|\n|t:|1698458521\n|-terastallize|p2a: Arceus|Ghost\n|move|p2a: Arceus|Swords Dance|p2a: Arceus\n|-boost|p2a: Arceus|atk|2\n|move|p1a: Arceus|Recover|p1a: Arceus\n|-heal|p1a: Arceus|99\/100\n|\n|-heal|p1a: Arceus|100\/100|[from] item: Leftovers\n|upkeep\n|turn|10\n|\n|t:|1698458531\n|move|p2a: Arceus|Extreme Speed|p1a: Arceus\n|-damage|p1a: Arceus|73\/100\n|move|p1a: Arceus|Shadow Claw|p2a: Arceus\n|-supereffective|p2a: Arceus\n|-damage|p2a: Arceus|29\/100\n|\n|-heal|p2a: Arceus|35\/100|[from] item: Leftovers\n|-heal|p1a: Arceus|79\/100|[from] item: Leftovers\n|upkeep\n|turn|11\n|\n|t:|1698458544\n|move|p2a: Arceus|Extreme Speed|p1a: Arceus\n|-damage|p1a: Arceus|55\/100\n|move|p1a: Arceus|Shadow Claw|p2a: Arceus\n|-supereffective|p2a: Arceus\n|-crit|p2a: Arceus\n|-damage|p2a: Arceus|0 fnt\n|faint|p2a: Arceus\n|\n|-heal|p1a: Arceus|61\/100|[from] item: Leftovers\n|upkeep\n|\n|t:|1698458554\n|switch|p2a: Arceus|Arceus-Ground|100\/100\n|turn|12\n|\n|t:|1698458563\n|move|p1a: Arceus|Extreme Speed|p2a: Arceus\n|-damage|p2a: Arceus|46\/100\n|move|p2a: Arceus|Thunder Wave|p1a: Arceus\n|-status|p1a: Arceus|par\n|\n|-heal|p1a: Arceus|67\/100 par|[from] item: Leftovers\n|upkeep\n|turn|13\n|\n|t:|1698458571\n|move|p1a: Arceus|Extreme Speed|p2a: Arceus\n|-damage|p2a: Arceus|0 fnt\n|faint|p2a: Arceus\n|\n|-heal|p1a: Arceus|73\/100 par|[from] item: Leftovers\n|upkeep\n|\n|t:|1698458577\n|switch|p2a: Ditto|Ditto|100\/100\n|-transform|p2a: Ditto|p1a: Arceus|[from] ability: Imposter\n|turn|14\n|\n|t:|1698458587\n|move|p2a: Ditto|Extreme Speed|p1a: Arceus\n|-damage|p1a: Arceus|45\/100 par\n|move|p1a: Arceus|Extreme Speed|p2a: Ditto\n|-damage|p2a: Ditto|50\/100\n|\n|-heal|p1a: Arceus|51\/100 par|[from] item: Leftovers\n|upkeep\n|turn|15\n|\n|t:|1698458597\n|move|p2a: Ditto|Extreme Speed|p1a: Arceus\n|-damage|p1a: Arceus|22\/100 par\n|cant|p1a: Arceus|par\n|\n|-heal|p1a: Arceus|28\/100 par|[from] item: Leftovers\n|upkeep\n|turn|16\n|\n|t:|1698458609\n|move|p2a: Ditto|Extreme Speed|p1a: Arceus\n|-damage|p1a: Arceus|0 fnt\n|faint|p1a: Arceus\n|\n|upkeep\n|\n|t:|1698458622\n|switch|p1a: Zacian|Zacian-Crowned|100\/100\n|-ability|p1a: Zacian|Intrepid Sword|boost\n|-boost|p1a: Zacian|atk|1\n|turn|17\n|\n|t:|1698458639\n|switch|p2a: Scizor|Scizor, F|100\/100\n|move|p1a: Zacian|Behemoth Blade|p2a: Scizor\n|-resisted|p2a: Scizor\n|-damage|p2a: Scizor|61\/100\n|-damage|p1a: Zacian|84\/100|[from] item: Rocky Helmet|[of] p2a: Scizor\n|\n|upkeep\n|turn|18\n|\n|t:|1698458649\n|move|p1a: Zacian|Close Combat|p2a: Scizor\n|-damage|p2a: Scizor|0 fnt\n|-unboost|p1a: Zacian|def|1\n|-unboost|p1a: Zacian|spd|1\n|-damage|p1a: Zacian|67\/100|[from] item: Rocky Helmet|[of] p2a: Scizor\n|faint|p2a: Scizor\n|\n|upkeep\n|\n|t:|1698458658\n|switch|p2a: Ditto|Ditto|50\/100\n|-transform|p2a: Ditto|p1a: Zacian|[from] ability: Imposter\n|-ability|p2a: Ditto|Intrepid Sword|boost\n|-boost|p2a: Ditto|atk|1\n|turn|19\n|\n|t:|1698458666\n|move|p2a: Ditto|Behemoth Blade|p1a: Zacian\n|-damage|p1a: Zacian|0 fnt\n|faint|p1a: Zacian\n|\n|upkeep\n|\n|t:|1698458678\n|switch|p1a: Kingambit|Kingambit, F|100\/100\n|-activate|p1a: Kingambit|ability: Supreme Overlord\n|-start|p1a: Kingambit|fallen3|[silent]\n|turn|20\n|j| Yang_jl2\n|\n|t:|1698458687\n|move|p2a: Ditto|Behemoth Blade|p1a: Kingambit\n|-resisted|p1a: Kingambit\n|-crit|p1a: Kingambit\n|-damage|p1a: Kingambit|28\/100\n|move|p1a: Kingambit|Iron Head|p2a: Ditto\n|-damage|p2a: Ditto|0 fnt\n|faint|p2a: Ditto\n|\n|-heal|p1a: Kingambit|34\/100|[from] item: Leftovers\n|upkeep\n|\n|t:|1698458697\n|switch|p2a: Miraidon|Miraidon|12\/100\n|-fieldstart|move: Electric Terrain|[from] ability: Hadron Engine|[of] p2a: Miraidon\n|turn|21\n|l| Yang_jl2\n|\n|t:|1698458702\n|move|p1a: Kingambit|Sucker Punch|p2a: Miraidon\n|-damage|p2a: Miraidon|0 fnt\n|faint|p2a: Miraidon\n|\n|-heal|p1a: Kingambit|40\/100|[from] item: Leftovers\n|upkeep\n|\n|t:|1698458708\n|switch|p2a: Calyrex|Calyrex-Shadow|1\/100\n|-ability|p2a: Calyrex|As One\n|-ability|p2a: Calyrex|Unnerve\n|turn|22\n|\n|t:|1698458718\n|move|p2a: Calyrex|Draining Kiss|p1a: Kingambit\n|-damage|p1a: Kingambit|18\/100\n|-heal|p2a: Calyrex|19\/100|[from] drain|[of] p1a: Kingambit\n|move|p1a: Kingambit|Kowtow Cleave|p2a: Calyrex\n|-supereffective|p2a: Calyrex\n|-damage|p2a: Calyrex|0 fnt\n|faint|p2a: Calyrex\n|\n|win|goober447\n|raw|goober447's rating: 1622 &rarr; <strong>1651<\/strong><br \/>(+29 for winning)\n|raw|Cerecedo's rating: 1794 &rarr; <strong>1765<\/strong><br \/>(-29 for losing)\n|c|\u2606goober447|gg\n|l|\u2606Cerecedo\n","uploadtime":1698459036,"views":12,"p1id":"goober447","p2id":"cerecedo","formatid":"gen9anythinggoes","rating":1651,"private":0,"password":""}