{"id":"gen9anythinggoes-1984221844","p1":"dbuddy42","p2":"archhunt","format":"[Gen 9] Anything Goes","log":"|j|\u2606dbuddy42\n|j|\u2606archhunt\n|t:|1699231849\n|gametype|singles\n|player|p1|dbuddy42|101|\n|player|p2|archhunt|lusamine-nihilego|\n|teamsize|p1|6\n|teamsize|p2|6\n|gen|9\n|tier|[Gen 9] Anything Goes\n|rule|HP Percentage Mod: HP is shown in percentages\n|rule|Endless Battle Clause: Forcing endless battles is banned\n|clearpoke\n|poke|p1|Chi-Yu|\n|poke|p1|Goodra-Hisui, M|\n|poke|p1|Iron Jugulis|\n|poke|p1|Toxapex, F|\n|poke|p1|Ambipom, M|\n|poke|p1|Great Tusk|\n|poke|p2|Dondozo, M|\n|poke|p2|Regieleki|\n|poke|p2|Gholdengo|\n|poke|p2|Clefable, F|\n|poke|p2|Roaring Moon|\n|poke|p2|Tornadus-Therian, M|\n|teampreview\n|j| AuXanthus\n|c|\u2606archhunt|wanna wait or just go for it?\n|c|\u2606dbuddy42|lets just go\n|\n|t:|1699231912\n|start\n|switch|p1a: Great Tusk|Great Tusk|100\/100\n|switch|p2a: Rocky|Regieleki, shiny|100\/100\n|turn|1\n|\n|t:|1699231962\n|move|p2a: Rocky|Reflect|p2a: Rocky\n|-sidestart|p2: archhunt|Reflect\n|move|p1a: Great Tusk|Headlong Rush|p2a: Rocky\n|-supereffective|p2a: Rocky\n|-damage|p2a: Rocky|0 fnt\n|-unboost|p1a: Great Tusk|def|1\n|-unboost|p1a: Great Tusk|spd|1\n|faint|p2a: Rocky\n|\n|upkeep\n|\n|t:|1699231972\n|switch|p2a: Eddie|Dondozo, M, shiny|100\/100\n|turn|2\n|\n|t:|1699231980\n|move|p1a: Great Tusk|Stealth Rock|p2a: Eddie\n|-sidestart|p2: archhunt|move: Stealth Rock\n|move|p2a: Eddie|Curse|p2a: Eddie\n|-unboost|p2a: Eddie|spe|1\n|-boost|p2a: Eddie|atk|1\n|-boost|p2a: Eddie|def|1\n|\n|upkeep\n|turn|3\n|\n|t:|1699231998\n|-end|p1a: Great Tusk|Protosynthesis|[silent]\n|switch|p1a: Toxapex|Toxapex, F|100\/100\n|move|p2a: Eddie|Liquidation|p1a: Toxapex\n|-resisted|p1a: Toxapex\n|-damage|p1a: Toxapex|87\/100\n|-unboost|p1a: Toxapex|def|1\n|\n|-heal|p1a: Toxapex|93\/100|[from] item: Black Sludge\n|upkeep\n|turn|4\n|\n|t:|1699232024\n|move|p1a: Toxapex|Sludge Bomb|p2a: Eddie\n|-damage|p2a: Eddie|81\/100\n|move|p2a: Eddie|Earthquake|p1a: Toxapex\n|-supereffective|p1a: Toxapex\n|-damage|p1a: Toxapex|51\/100\n|\n|-heal|p1a: Toxapex|58\/100|[from] item: Black Sludge\n|-heal|p2a: Eddie|88\/100|[from] item: Leftovers\n|upkeep\n|turn|5\n|\n|t:|1699232038\n|move|p1a: Toxapex|Baneful Bunker|p1a: Toxapex\n|-singleturn|p1a: Toxapex|move: Protect\n|move|p2a: Eddie|Curse|p2a: Eddie\n|-unboost|p2a: Eddie|spe|1\n|-boost|p2a: Eddie|atk|1\n|-boost|p2a: Eddie|def|1\n|\n|-heal|p1a: Toxapex|64\/100|[from] item: Black Sludge\n|-heal|p2a: Eddie|94\/100|[from] item: Leftovers\n|upkeep\n|turn|6\n|\n|t:|1699232048\n|move|p1a: Toxapex|Recover|p1a: Toxapex\n|-heal|p1a: Toxapex|100\/100\n|move|p2a: Eddie|Earthquake|p1a: Toxapex\n|-supereffective|p1a: Toxapex\n|-damage|p1a: Toxapex|43\/100\n|\n|-heal|p1a: Toxapex|50\/100|[from] item: Black Sludge\n|-heal|p2a: Eddie|99\/100|[from] item: Leftovers\n|upkeep\n|turn|7\n|\n|t:|1699232062\n|switch|p1a: Iron Jugulis|Iron Jugulis|100\/100\n|move|p2a: Eddie|Curse|p2a: Eddie\n|-unboost|p2a: Eddie|spe|1\n|-boost|p2a: Eddie|atk|1\n|-boost|p2a: Eddie|def|1\n|\n|-heal|p2a: Eddie|100\/100|[from] item: Leftovers\n|upkeep\n|turn|8\n|\n|t:|1699232085\n|move|p1a: Iron Jugulis|U-turn|p2a: Eddie\n|-damage|p2a: Eddie|99\/100\n|\n|t:|1699232088\n|-end|p1a: Iron Jugulis|Quark Drive|[silent]\n|switch|p1a: Toxapex|Toxapex, F|83\/100|[from] U-turn\n|move|p2a: Eddie|Liquidation|p1a: Toxapex\n|-resisted|p1a: Toxapex\n|-damage|p1a: Toxapex|61\/100\n|-unboost|p1a: Toxapex|def|1\n|\n|-heal|p1a: Toxapex|67\/100|[from] item: Black Sludge\n|-heal|p2a: Eddie|100\/100|[from] item: Leftovers\n|-sideend|p2: archhunt|Reflect\n|upkeep\n|turn|9\n|\n|t:|1699232106\n|move|p1a: Toxapex|Sludge Bomb|p2a: Eddie\n|-damage|p2a: Eddie|83\/100\n|move|p2a: Eddie|Curse|p2a: Eddie\n|-unboost|p2a: Eddie|spe|1\n|-boost|p2a: Eddie|atk|1\n|-boost|p2a: Eddie|def|1\n|\n|-heal|p1a: Toxapex|74\/100|[from] item: Black Sludge\n|-heal|p2a: Eddie|89\/100|[from] item: Leftovers\n|upkeep\n|turn|10\n|\n|t:|1699232118\n|switch|p1a: Iron Jugulis|Iron Jugulis|100\/100\n|move|p2a: Eddie|Earthquake|p1a: Iron Jugulis\n|-immune|p1a: Iron Jugulis\n|\n|-heal|p2a: Eddie|96\/100|[from] item: Leftovers\n|upkeep\n|turn|11\n|\n|t:|1699232128\n|move|p1a: Iron Jugulis|Hurricane|p2a: Eddie\n|-damage|p2a: Eddie|42\/100\n|move|p2a: Eddie|Earthquake|p1a: Iron Jugulis\n|-immune|p1a: Iron Jugulis\n|\n|-heal|p2a: Eddie|49\/100|[from] item: Leftovers\n|upkeep\n|turn|12\n|\n|t:|1699232139\n|move|p2a: Eddie|Protect|p2a: Eddie\n|-singleturn|p2a: Eddie|Protect\n|move|p1a: Iron Jugulis|Hurricane|p2a: Eddie\n|-activate|p2a: Eddie|move: Protect\n|\n|-heal|p2a: Eddie|55\/100|[from] item: Leftovers\n|upkeep\n|turn|13\n|\n|t:|1699232151\n|move|p1a: Iron Jugulis|Dark Pulse|p2a: Eddie\n|-damage|p2a: Eddie|15\/100\n|cant|p2a: Eddie|flinch\n|\n|-heal|p2a: Eddie|21\/100|[from] item: Leftovers\n|upkeep\n|turn|14\n|\n|t:|1699232160\n|move|p2a: Eddie|Protect|p2a: Eddie\n|-singleturn|p2a: Eddie|Protect\n|move|p1a: Iron Jugulis|Dark Pulse|p2a: Eddie\n|-activate|p2a: Eddie|move: Protect\n|\n|-heal|p2a: Eddie|27\/100|[from] item: Leftovers\n|upkeep\n|turn|15\n|\n|t:|1699232170\n|move|p2a: Eddie|Protect||[still]\n|-fail|p2a: Eddie\n|move|p1a: Iron Jugulis|Dark Pulse|p2a: Eddie\n|-damage|p2a: Eddie|0 fnt\n|faint|p2a: Eddie\n|\n|upkeep\n|\n|t:|1699232184\n|switch|p2a: Franky|Gholdengo, shiny|100\/100\n|-damage|p2a: Franky|94\/100|[from] Stealth Rock\n|turn|16\n|\n|t:|1699232197\n|move|p1a: Iron Jugulis|Earth Power|p2a: Franky\n|-supereffective|p2a: Franky\n|-damage|p2a: Franky|21\/100\n|move|p2a: Franky|Power Gem|p1a: Iron Jugulis\n|-supereffective|p1a: Iron Jugulis\n|-damage|p1a: Iron Jugulis|0 fnt\n|faint|p1a: Iron Jugulis\n|-end|p1a: Iron Jugulis|Quark Drive|[silent]\n|\n|upkeep\n|\n|t:|1699232209\n|switch|p1a: Chi-Yu|Chi-Yu|100\/100\n|-ability|p1a: Chi-Yu|Beads of Ruin\n|turn|17\n|\n|t:|1699232250\n|switch|p2a: Magenta|Clefable, F|100\/100\n|move|p1a: Chi-Yu|Flamethrower|p2a: Magenta\n|-damage|p2a: Magenta|38\/100\n|\n|-heal|p2a: Magenta|44\/100|[from] item: Leftovers\n|upkeep\n|turn|18\n|\n|t:|1699232268\n|move|p2a: Magenta|Protect|p2a: Magenta\n|-singleturn|p2a: Magenta|Protect\n|move|p1a: Chi-Yu|Flamethrower|p2a: Magenta\n|-activate|p2a: Magenta|move: Protect\n|\n|-heal|p2a: Magenta|50\/100|[from] item: Leftovers\n|upkeep\n|turn|19\n|\n|t:|1699232278\n|switch|p2a: Brad|Roaring Moon, shiny|100\/100\n|-damage|p2a: Brad|88\/100|[from] Stealth Rock\n|-enditem|p2a: Brad|Booster Energy\n|-activate|p2a: Brad|ability: Protosynthesis|[fromitem]\n|-start|p2a: Brad|protosynthesisatk\n|move|p1a: Chi-Yu|Flamethrower|p2a: Brad\n|-resisted|p2a: Brad\n|-damage|p2a: Brad|45\/100\n|\n|upkeep\n|turn|20\n|\n|t:|1699232305\n|move|p2a: Brad|Dragon Dance|p2a: Brad\n|-boost|p2a: Brad|atk|1\n|-boost|p2a: Brad|spe|1\n|move|p1a: Chi-Yu|Flamethrower|p2a: Brad\n|-resisted|p2a: Brad\n|-damage|p2a: Brad|0 fnt\n|faint|p2a: Brad\n|-end|p2a: Brad|Protosynthesis|[silent]\n|\n|upkeep\n|c|\u2606archhunt|for some reason i thought i was surviving that one.\n|c|\u2606dbuddy42|yeah me too\n|\n|t:|1699232398\n|switch|p2a: Janet|Tornadus-Therian, M, shiny|100\/100\n|turn|21\n|\n|t:|1699232403\n|move|p2a: Janet|Focus Blast|p1a: Chi-Yu|[miss]\n|-miss|p2a: Janet|p1a: Chi-Yu\n|move|p1a: Chi-Yu|Flamethrower|p2a: Janet\n|-damage|p2a: Janet|0 fnt\n|faint|p2a: Janet\n|\n|upkeep\n|c|\u2606archhunt|ah fuck\n|c|\u2606dbuddy42|just one of those games\n|\n|t:|1699232416\n|switch|p2a: Franky|Gholdengo, shiny|21\/100\n|-damage|p2a: Franky|15\/100|[from] Stealth Rock\n|turn|22\n|\n|t:|1699232424\n|move|p1a: Chi-Yu|Flamethrower|p2a: Franky\n|-supereffective|p2a: Franky\n|-damage|p2a: Franky|0 fnt\n|faint|p2a: Franky\n|\n|upkeep\n|\n|t:|1699232428\n|switch|p2a: Magenta|Clefable, F|50\/100\n|turn|23\n|\n|t:|1699232432\n|move|p1a: Chi-Yu|Flamethrower|p2a: Magenta\n|-damage|p2a: Magenta|0 fnt\n|faint|p2a: Magenta\n|\n|win|dbuddy42\n|c|\u2606archhunt|ggs\n|c|\u2606dbuddy42|i ggs\n|c|\u2606dbuddy42|ggs\n|c|\u2606archhunt|at least the eagles won\n|l|\u2606dbuddy42\n|c|\u2606archhunt|also i def underestimated chi-yu\n|c|\u2606archhunt|that little fish is scary\n","uploadtime":1699232471,"views":15,"p1id":"dbuddy42","p2id":"archhunt","formatid":"gen9anythinggoes","rating":0,"private":0,"password":""}