{"id":"gen9anythinggoes-1997187079","p1":"YIPPEEEEEEEE","p2":"SonicSpeedKaleb","format":"[Gen 9] Anything Goes","log":"|j|\u2606YIPPEEEEEEEE\n|j|\u2606SonicSpeedKaleb\n|t:|1700773456\n|gametype|singles\n|player|p1|YIPPEEEEEEEE|cynthia|1205\n|player|p2|SonicSpeedKaleb|170|1299\n|teamsize|p1|6\n|teamsize|p2|6\n|gen|9\n|tier|[Gen 9] Anything Goes\n|rated|\n|rule|HP Percentage Mod: HP is shown in percentages\n|rule|Endless Battle Clause: Forcing endless battles is banned\n|clearpoke\n|poke|p1|Eternatus|\n|poke|p1|Arcanine-Hisui, M|\n|poke|p1|Great Tusk|\n|poke|p1|Gliscor, M|\n|poke|p1|Zacian-*|\n|poke|p1|Roaring Moon|\n|poke|p2|Skeledirge, M|\n|poke|p2|Pawmot, M|\n|poke|p2|Gardevoir, F|\n|poke|p2|Gliscor, F|\n|poke|p2|Lycanroc, M|\n|poke|p2|Koraidon|\n|teampreview\n|c|\u2606SonicSpeedKaleb|FAIR STRATS ONLY OR I'M CALLING TROLL!!!!!\n|\n|t:|1700773466\n|start\n|switch|p1a: The main event|Eternatus|100\/100\n|switch|p2a: Pawmot|Pawmot, M|100\/100\n|-ability|p1a: The main event|Pressure\n|turn|1\n|\n|t:|1700773476\n|move|p1a: The main event|Sludge Bomb|p2a: Pawmot\n|-enditem|p2a: Pawmot|Focus Sash\n|-damage|p2a: Pawmot|1\/100\n|move|p2a: Pawmot|Agility|p2a: Pawmot\n|-boost|p2a: Pawmot|spe|2\n|\n|upkeep\n|turn|2\n|\n|t:|1700773485\n|move|p2a: Pawmot|Baton Pass|p2a: Pawmot\n|\n|t:|1700773487\n|switch|p2a: Gliscor|Gliscor, F|100\/100|[from] Baton Pass\n|move|p1a: The main event|Sludge Bomb|p2a: Gliscor\n|-resisted|p2a: Gliscor\n|-damage|p2a: Gliscor|39\/100\n|\n|upkeep\n|turn|3\n|\n|t:|1700773495\n|move|p2a: Gliscor|Earthquake|p1a: The main event\n|-supereffective|p1a: The main event\n|-damage|p1a: The main event|28\/100\n|move|p1a: The main event|Sludge Bomb|p2a: Gliscor\n|-resisted|p2a: Gliscor\n|-damage|p2a: Gliscor|0 fnt\n|faint|p2a: Gliscor\n|\n|upkeep\n|\n|t:|1700773504\n|switch|p2a: Gardevoir|Gardevoir, F|100\/100\n|-ability|p2a: Gardevoir|Pressure\n|-ability|p2a: Gardevoir|Pressure|[from] ability: Trace|[of] p1a: The main event\n|turn|4\n|\n|t:|1700773512\n|move|p1a: The main event|Sludge Bomb|p2a: Gardevoir\n|-supereffective|p2a: Gardevoir\n|-enditem|p2a: Gardevoir|Focus Sash\n|-damage|p2a: Gardevoir|1\/100\n|-status|p2a: Gardevoir|psn\n|move|p2a: Gardevoir|Psychic|p1a: The main event\n|-supereffective|p1a: The main event\n|-damage|p1a: The main event|0 fnt\n|faint|p1a: The main event\n|\n|-damage|p2a: Gardevoir|0 fnt|[from] psn\n|faint|p2a: Gardevoir\n|upkeep\n|\n|t:|1700773530\n|switch|p1a: Doggo 2|Zacian-Crowned, shiny|100\/100\n|switch|p2a: Pawmot|Pawmot, M|1\/100\n|-ability|p1a: Doggo 2|Intrepid Sword|boost\n|-boost|p1a: Doggo 2|atk|1\n|turn|5\n|\n|t:|1700773539\n|move|p1a: Doggo 2|Ice Fang|p2a: Pawmot\n|-damage|p2a: Pawmot|0 fnt\n|faint|p2a: Pawmot\n|\n|upkeep\n|\n|t:|1700773543\n|switch|p2a: Lycanroc|Lycanroc, M|100\/100\n|turn|6\n|\n|t:|1700773547\n|move|p1a: Doggo 2|Behemoth Blade|p2a: Lycanroc\n|-supereffective|p2a: Lycanroc\n|-enditem|p2a: Lycanroc|Focus Sash\n|-damage|p2a: Lycanroc|1\/100\n|move|p2a: Lycanroc|Drill Run|p1a: Doggo 2\n|-supereffective|p1a: Doggo 2\n|-damage|p1a: Doggo 2|48\/100\n|\n|upkeep\n|turn|7\n|\n|t:|1700773557\n|move|p2a: Lycanroc|Accelerock|p1a: Doggo 2\n|-resisted|p1a: Doggo 2\n|-crit|p1a: Doggo 2\n|-damage|p1a: Doggo 2|33\/100\n|move|p1a: Doggo 2|Wild Charge|p2a: Lycanroc\n|-damage|p2a: Lycanroc|0 fnt\n|faint|p2a: Lycanroc\n|-damage|p1a: Doggo 2|33\/100|[from] Recoil\n|\n|upkeep\n|\n|t:|1700773563\n|switch|p2a: Skeledirge|Skeledirge, M|100\/100\n|turn|8\n|-activate|p2a: Skeledirge|item: Quick Claw\n|\n|t:|1700773570\n|move|p2a: Skeledirge|Torch Song|p1a: Doggo 2\n|-supereffective|p1a: Doggo 2\n|-damage|p1a: Doggo 2|0 fnt\n|-boost|p2a: Skeledirge|spa|1\n|faint|p1a: Doggo 2\n|\n|upkeep\n|\n|t:|1700773579\n|switch|p1a: manny|Great Tusk|100\/100\n|-enditem|p1a: manny|Booster Energy\n|-activate|p1a: manny|ability: Protosynthesis|[fromitem]\n|-start|p1a: manny|protosynthesisatk\n|turn|9\n|\n|t:|1700773592\n|move|p1a: manny|High Horsepower|p2a: Skeledirge|[miss]\n|-miss|p1a: manny|p2a: Skeledirge\n|move|p2a: Skeledirge|Torch Song|p1a: manny\n|-damage|p1a: manny|10\/100\n|-boost|p2a: Skeledirge|spa|1\n|\n|upkeep\n|turn|10\n|c|\u2606SonicSpeedKaleb|QUICK CLAW USE ACTIVATE!\n|\n|t:|1700773607\n|-end|p1a: manny|Protosynthesis|[silent]\n|switch|p1a: Roaring Moon|Roaring Moon|100\/100\n|-enditem|p1a: Roaring Moon|Booster Energy\n|-activate|p1a: Roaring Moon|ability: Protosynthesis|[fromitem]\n|-start|p1a: Roaring Moon|protosynthesisatk\n|move|p2a: Skeledirge|Torch Song|p1a: Roaring Moon\n|-resisted|p1a: Roaring Moon\n|-damage|p1a: Roaring Moon|63\/100\n|-boost|p2a: Skeledirge|spa|1\n|\n|upkeep\n|turn|11\n|\n|t:|1700773618\n|-terastallize|p2a: Skeledirge|Fire\n|move|p1a: Roaring Moon|Knock Off|p2a: Skeledirge\n|-damage|p2a: Skeledirge|49\/100\n|-enditem|p2a: Skeledirge|Quick Claw|[from] move: Knock Off|[of] p1a: Roaring Moon\n|move|p2a: Skeledirge|Torch Song|p1a: Roaring Moon\n|-resisted|p1a: Roaring Moon\n|-damage|p1a: Roaring Moon|1\/100\n|-boost|p2a: Skeledirge|spa|1\n|\n|upkeep\n|turn|12\n|c|\u2606SonicSpeedKaleb|GAAAAAAAAAAAAAAAAAAAA!\n|\n|t:|1700773631\n|move|p1a: Roaring Moon|Night Slash|p2a: Skeledirge\n|-damage|p2a: Skeledirge|7\/100\n|move|p2a: Skeledirge|Torch Song|p1a: Roaring Moon\n|-resisted|p1a: Roaring Moon\n|-damage|p1a: Roaring Moon|0 fnt\n|-boost|p2a: Skeledirge|spa|1\n|faint|p1a: Roaring Moon\n|-end|p1a: Roaring Moon|Protosynthesis|[silent]\n|\n|upkeep\n|\n|t:|1700773640\n|switch|p1a: Doggo|Arcanine-Hisui, M, shiny|100\/100\n|turn|13\n|\n|t:|1700773644\n|move|p1a: Doggo|Extreme Speed|p2a: Skeledirge\n|-damage|p2a: Skeledirge|0 fnt\n|faint|p2a: Skeledirge\n|\n|upkeep\n|\n|t:|1700773647\n|switch|p2a: Koraidon|Koraidon|100\/100\n|-weather|SunnyDay|[from] ability: Orichalcum Pulse|[of] p2a: Koraidon\n|-activate|p2a: Koraidon|Orichalcum Pulse|[source]\n|turn|14\n|\n|t:|1700773663\n|move|p2a: Koraidon|Collision Course|p1a: Doggo\n|-supereffective|p1a: Doggo\n|-damage|p1a: Doggo|0 fnt\n|faint|p1a: Doggo\n|\n|-weather|SunnyDay|[upkeep]\n|upkeep\n|\n|t:|1700773671\n|switch|p1a: ORPHAN HERO|Gliscor, M|100\/100\n|turn|15\n|\n|t:|1700773680\n|move|p2a: Koraidon|Dragon Claw|p1a: ORPHAN HERO\n|-damage|p1a: ORPHAN HERO|47\/100\n|move|p1a: ORPHAN HERO|Earthquake|p2a: Koraidon\n|-damage|p2a: Koraidon|62\/100\n|\n|-weather|SunnyDay|[upkeep]\n|-status|p1a: ORPHAN HERO|tox|[from] item: Toxic Orb\n|upkeep\n|turn|16\n|\n|t:|1700773690\n|move|p2a: Koraidon|Dragon Claw|p1a: ORPHAN HERO\n|-damage|p1a: ORPHAN HERO|0 fnt\n|faint|p1a: ORPHAN HERO\n|\n|-weather|SunnyDay|[upkeep]\n|upkeep\n|\n|t:|1700773696\n|switch|p1a: manny|Great Tusk|10\/100\n|-activate|p1a: manny|ability: Protosynthesis\n|-start|p1a: manny|protosynthesisatk\n|turn|17\n|\n|t:|1700773706\n|move|p2a: Koraidon|Collision Course|p1a: manny\n|-damage|p1a: manny|0 fnt\n|faint|p1a: manny\n|-end|p1a: manny|Protosynthesis|[silent]\n|\n|win|SonicSpeedKaleb\n|raw|YIPPEEEEEEEE's rating: 1205 &rarr; <strong>1187<\/strong><br \/>(-18 for losing)\n|raw|SonicSpeedKaleb's rating: 1299 &rarr; <strong>1317<\/strong><br \/>(+18 for winning)\n","uploadtime":1700773630,"views":0,"p1id":"yippeeeeeeee","p2id":"sonicspeedkaleb","formatid":"gen9anythinggoes","rating":1187,"private":0,"password":""}