{"id":"gen9anythinggoes-1975796855","p1":"Xiao Shi","p2":"fizz123456","format":"[Gen 9] Anything Goes","log":"|j|\u2606Xiao Shi\n|j|\u2606fizz123456\n|t:|1698238941\n|gametype|singles\n|player|p1|Xiao Shi|265|\n|player|p2|fizz123456|102|\n|teamsize|p1|6\n|teamsize|p2|6\n|gen|9\n|tier|[Gen 9] Anything Goes\n|rule|HP Percentage Mod: HP is shown in percentages\n|rule|Endless Battle Clause: Forcing endless battles is banned\n|clearpoke\n|poke|p1|Dondozo, M|\n|poke|p1|Dondozo, M|\n|poke|p1|Dondozo, F|\n|poke|p1|Dondozo, M|\n|poke|p1|Dondozo, F|\n|poke|p1|Dondozo, F|\n|poke|p2|Dondozo, M|\n|poke|p2|Dondozo, F|\n|poke|p2|Dondozo, F|\n|poke|p2|Dondozo, M|\n|poke|p2|Dondozo, M|\n|poke|p2|Dondozo, F|\n|teampreview\n|\n|t:|1698238946\n|start\n|switch|p1a: \u4e00\u4e0b\u4e00\u4e2a|Dondozo, M|100\/100\n|switch|p2a: Dondozo|Dondozo, M|100\/100\n|turn|1\n|\n|t:|1698238949\n|move|p1a: \u4e00\u4e0b\u4e00\u4e2a|Fissure|p2a: Dondozo|[miss]\n|-miss|p1a: \u4e00\u4e0b\u4e00\u4e2a|p2a: Dondozo\n|move|p2a: Dondozo|Fissure|p1a: \u4e00\u4e0b\u4e00\u4e2a|[miss]\n|-miss|p2a: Dondozo|p1a: \u4e00\u4e0b\u4e00\u4e2a\n|\n|upkeep\n|turn|2\n|inactive|Battle timer is ON: inactive players will automatically lose when time's up. (requested by Xiao Shi)\n|\n|t:|1698238957\n|move|p1a: \u4e00\u4e0b\u4e00\u4e2a|Fissure|p2a: Dondozo|[miss]\n|-miss|p1a: \u4e00\u4e0b\u4e00\u4e2a|p2a: Dondozo\n|move|p2a: Dondozo|Fissure|p1a: \u4e00\u4e0b\u4e00\u4e2a|[miss]\n|-miss|p2a: Dondozo|p1a: \u4e00\u4e0b\u4e00\u4e2a\n|\n|upkeep\n|turn|3\n|\n|t:|1698238960\n|move|p1a: \u4e00\u4e0b\u4e00\u4e2a|Fissure|p2a: Dondozo|[miss]\n|-miss|p1a: \u4e00\u4e0b\u4e00\u4e2a|p2a: Dondozo\n|move|p2a: Dondozo|Fissure|p1a: \u4e00\u4e0b\u4e00\u4e2a|[miss]\n|-miss|p2a: Dondozo|p1a: \u4e00\u4e0b\u4e00\u4e2a\n|\n|upkeep\n|turn|4\n|\n|t:|1698238972\n|move|p1a: \u4e00\u4e0b\u4e00\u4e2a|Fissure|p2a: Dondozo|[miss]\n|-miss|p1a: \u4e00\u4e0b\u4e00\u4e2a|p2a: Dondozo\n|move|p2a: Dondozo|Fissure|p1a: \u4e00\u4e0b\u4e00\u4e2a|[miss]\n|-miss|p2a: Dondozo|p1a: \u4e00\u4e0b\u4e00\u4e2a\n|\n|upkeep\n|turn|5\n|\n|t:|1698238976\n|move|p1a: \u4e00\u4e0b\u4e00\u4e2a|Fissure|p2a: Dondozo|[miss]\n|-miss|p1a: \u4e00\u4e0b\u4e00\u4e2a|p2a: Dondozo\n|move|p2a: Dondozo|Fissure|p1a: \u4e00\u4e0b\u4e00\u4e2a|[miss]\n|-miss|p2a: Dondozo|p1a: \u4e00\u4e0b\u4e00\u4e2a\n|\n|upkeep\n|turn|6\n|c|\u2606Xiao Shi|\u597d\u523a\u6fc0\u554a\n|\n|t:|1698238983\n|move|p2a: Dondozo|Fissure|p1a: \u4e00\u4e0b\u4e00\u4e2a|[miss]\n|-miss|p2a: Dondozo|p1a: \u4e00\u4e0b\u4e00\u4e2a\n|move|p1a: \u4e00\u4e0b\u4e00\u4e2a|Fissure|p2a: Dondozo|[miss]\n|-miss|p1a: \u4e00\u4e0b\u4e00\u4e2a|p2a: Dondozo\n|\n|upkeep\n|turn|7\n|\n|t:|1698238991\n|move|p1a: \u4e00\u4e0b\u4e00\u4e2a|Fissure|p2a: Dondozo\n|-damage|p2a: Dondozo|0 fnt\n|faint|p2a: Dondozo\n|-ohko\n|\n|upkeep\n|\n|t:|1698238995\n|switch|p2a: Dondozo|Dondozo, F|100\/100\n|turn|8\n|\n|t:|1698238999\n|move|p2a: Dondozo|Fissure|p1a: \u4e00\u4e0b\u4e00\u4e2a|[miss]\n|-miss|p2a: Dondozo|p1a: \u4e00\u4e0b\u4e00\u4e2a\n|move|p1a: \u4e00\u4e0b\u4e00\u4e2a|Fissure|p2a: Dondozo\n|-damage|p2a: Dondozo|0 fnt\n|faint|p2a: Dondozo\n|-ohko\n|\n|upkeep\n|\n|t:|1698239005\n|switch|p2a: Dondozo|Dondozo, F|100\/100\n|turn|9\n|\n|t:|1698239010\n|move|p2a: Dondozo|Fissure|p1a: \u4e00\u4e0b\u4e00\u4e2a|[miss]\n|-miss|p2a: Dondozo|p1a: \u4e00\u4e0b\u4e00\u4e2a\n|-activate|p1a: \u4e00\u4e0b\u4e00\u4e2a|move: Struggle\n|move|p1a: \u4e00\u4e0b\u4e00\u4e2a|Struggle|p2a: Dondozo\n|-damage|p2a: Dondozo|92\/100\n|-damage|p1a: \u4e00\u4e0b\u4e00\u4e2a|75\/100|[from] recoil\n|\n|upkeep\n|turn|10\n|l|\u2606fizz123456\n|inactive|fizz123456 disconnected and has 300 seconds to reconnect!\n|player|p2|\n|inactive|fizz123456 has 270 seconds to reconnect!\n|inactiveoff|Battle timer is now OFF.\n|j|\u2606fizz123456\n|player|p2|fizz123456|102\n|\n|t:|1698239068\n|-activate|p1a: \u4e00\u4e0b\u4e00\u4e2a|move: Struggle\n|move|p1a: \u4e00\u4e0b\u4e00\u4e2a|Struggle|p2a: Dondozo\n|-damage|p2a: Dondozo|83\/100\n|-damage|p1a: \u4e00\u4e0b\u4e00\u4e2a|50\/100|[from] recoil\n|move|p2a: Dondozo|Fissure|p1a: \u4e00\u4e0b\u4e00\u4e2a\n|-damage|p1a: \u4e00\u4e0b\u4e00\u4e2a|0 fnt\n|faint|p1a: \u4e00\u4e0b\u4e00\u4e2a\n|-ohko\n|\n|upkeep\n|inactive|Battle timer is ON: inactive players will automatically lose when time's up. (requested by Xiao Shi)\n|\n|t:|1698239076\n|switch|p1a: \u8fd8\u6709\u9ad8\u624b\uff1f|Dondozo, M|100\/100\n|turn|11\n|l|\u2606fizz123456\n|inactive|fizz123456 disconnected and has 270 seconds to reconnect!\n|player|p2|\n|inactiveoff|Battle timer is now OFF.\n|j|\u2606fizz123456\n|player|p2|fizz123456|102\n|j| ch3cho1117\n|c| ch3cho1117|\u600e\u4e48\u5361\u4f4f\u4e86\n|\n|t:|1698239142\n|move|p1a: \u8fd8\u6709\u9ad8\u624b\uff1f|Fissure|p2a: Dondozo|[miss]\n|-miss|p1a: \u8fd8\u6709\u9ad8\u624b\uff1f|p2a: Dondozo\n|move|p2a: Dondozo|Fissure|p1a: \u8fd8\u6709\u9ad8\u624b\uff1f\n|-damage|p1a: \u8fd8\u6709\u9ad8\u624b\uff1f|0 fnt\n|faint|p1a: \u8fd8\u6709\u9ad8\u624b\uff1f\n|-ohko\n|\n|upkeep\n|inactive|Battle timer is ON: inactive players will automatically lose when time's up. (requested by Xiao Shi)\n|\n|t:|1698239149\n|switch|p1a: \u600e\u4e48\u56de\u4e8b\uff1f|Dondozo, F|100\/100\n|turn|12\n|c|\u2606Xiao Shi|\u6211\u9760\n|l|\u2606fizz123456\n|inactive|fizz123456 disconnected and has 270 seconds to reconnect!\n|player|p2|\n|inactive|fizz123456 has 240 seconds to reconnect!\n|inactive|fizz123456 has 210 seconds to reconnect!\n|inactiveoff|Battle timer is now OFF.\n|j|\u2606fizz123456\n|player|p2|fizz123456|102\n|l|\u2606fizz123456\n|player|p2|\n|j|\u2606fizz123456\n|player|p2|fizz123456|102\n|\n|t:|1698239318\n|move|p1a: \u600e\u4e48\u56de\u4e8b\uff1f|Fissure|p2a: Dondozo|[miss]\n|-miss|p1a: \u600e\u4e48\u56de\u4e8b\uff1f|p2a: Dondozo\n|move|p2a: Dondozo|Fissure|p1a: \u600e\u4e48\u56de\u4e8b\uff1f\n|-damage|p1a: \u600e\u4e48\u56de\u4e8b\uff1f|0 fnt\n|faint|p1a: \u600e\u4e48\u56de\u4e8b\uff1f\n|-ohko\n|\n|upkeep\n|\n|t:|1698239326\n|switch|p1a: \u600e\u4e48\u73a9\u9633\u5bff\u7684\u554a|Dondozo, M|100\/100\n|turn|13\n|inactive|Battle timer is ON: inactive players will automatically lose when time's up. (requested by Xiao Shi)\n|\n|t:|1698239341\n|move|p1a: \u600e\u4e48\u73a9\u9633\u5bff\u7684\u554a|Fissure|p2a: Dondozo\n|-damage|p2a: Dondozo|0 fnt\n|faint|p2a: Dondozo\n|-ohko\n|\n|upkeep\n|\n|t:|1698239346\n|switch|p2a: Dondozo|Dondozo, M|100\/100\n|turn|14\n|\n|t:|1698239350\n|move|p2a: Dondozo|Fissure|p1a: \u600e\u4e48\u73a9\u9633\u5bff\u7684\u554a|[miss]\n|-miss|p2a: Dondozo|p1a: \u600e\u4e48\u73a9\u9633\u5bff\u7684\u554a\n|move|p1a: \u600e\u4e48\u73a9\u9633\u5bff\u7684\u554a|Fissure|p2a: Dondozo|[miss]\n|-miss|p1a: \u600e\u4e48\u73a9\u9633\u5bff\u7684\u554a|p2a: Dondozo\n|\n|upkeep\n|turn|15\n|\n|t:|1698239357\n|move|p2a: Dondozo|Fissure|p1a: \u600e\u4e48\u73a9\u9633\u5bff\u7684\u554a|[miss]\n|-miss|p2a: Dondozo|p1a: \u600e\u4e48\u73a9\u9633\u5bff\u7684\u554a\n|move|p1a: \u600e\u4e48\u73a9\u9633\u5bff\u7684\u554a|Fissure|p2a: Dondozo|[miss]\n|-miss|p1a: \u600e\u4e48\u73a9\u9633\u5bff\u7684\u554a|p2a: Dondozo\n|\n|upkeep\n|turn|16\n|\n|t:|1698239363\n|move|p1a: \u600e\u4e48\u73a9\u9633\u5bff\u7684\u554a|Fissure|p2a: Dondozo|[miss]\n|-miss|p1a: \u600e\u4e48\u73a9\u9633\u5bff\u7684\u554a|p2a: Dondozo\n|move|p2a: Dondozo|Fissure|p1a: \u600e\u4e48\u73a9\u9633\u5bff\u7684\u554a|[miss]\n|-miss|p2a: Dondozo|p1a: \u600e\u4e48\u73a9\u9633\u5bff\u7684\u554a\n|\n|upkeep\n|turn|17\n|l|\u2606fizz123456\n|inactive|fizz123456 disconnected and has 195 seconds to reconnect!\n|player|p2|\n|inactive|fizz123456 has 180 seconds to reconnect!\n|c| ch3cho1117|\u600e\u4e48\u56de\u4e8b\n|c|\u2606Xiao Shi|\u7f51\u7edc\u6ce2\u52a8\n|c| ch3cho1117|\u88c2\u4e00\u53ea\u6389\u4e00\u6b21\u7ebf\n|c|\u2606Xiao Shi|\u662f\u8fd9\u6837\u7684\n|j|\u2606fizz123456\n|inactive|fizz123456 reconnected and has 290 seconds left.\n|player|p2|fizz123456|102\n|inactive|fizz123456 has 270 seconds left.\n|\n|t:|1698239435\n|move|p1a: \u600e\u4e48\u73a9\u9633\u5bff\u7684\u554a|Fissure|p2a: Dondozo\n|-damage|p2a: Dondozo|0 fnt\n|faint|p2a: Dondozo\n|-ohko\n|\n|upkeep\n|\n|t:|1698239439\n|switch|p2a: Dondozo|Dondozo, M|100\/100\n|turn|18\n|\n|t:|1698239441\n|move|p1a: \u600e\u4e48\u73a9\u9633\u5bff\u7684\u554a|Fissure|p2a: Dondozo|[miss]\n|-miss|p1a: \u600e\u4e48\u73a9\u9633\u5bff\u7684\u554a|p2a: Dondozo\n|move|p2a: Dondozo|Fissure|p1a: \u600e\u4e48\u73a9\u9633\u5bff\u7684\u554a\n|-damage|p1a: \u600e\u4e48\u73a9\u9633\u5bff\u7684\u554a|0 fnt\n|faint|p1a: \u600e\u4e48\u73a9\u9633\u5bff\u7684\u554a\n|-ohko\n|\n|upkeep\n|c| ch3cho1117|6\n|c|\u2606Xiao Shi|6\n|\n|t:|1698239450\n|switch|p1a: \u90a3\u6211\u73a9\u5565|Dondozo, F|100\/100\n|turn|19\n|l|\u2606fizz123456\n|inactive|fizz123456 disconnected and has 160 seconds to reconnect!\n|player|p2|\n|c| ch3cho1117|\u54c8\u54c8\u54c8\u54c8\n|inactive|fizz123456 has 150 seconds to reconnect!\n|c| ch3cho1117|\u53c8\u53bb\u505a\u6cd5\u4e86\n|c|\u2606Xiao Shi|\u4ed6\u4e0d\u4f1a\u771f\u7684\u53bb\u505a\u6cd5\u4e86\u5427\u54c8\u54c8\u54c8\u54c8\n|j|\u2606fizz123456\n|inactive|fizz123456 reconnected and has 280 seconds left.\n|player|p2|fizz123456|102\n|inactive|fizz123456 has 270 seconds left.\n|l|\u2606fizz123456\n|inactive|fizz123456 disconnected and has 140 seconds to reconnect!\n|player|p2|\n|c| ch3cho1117|\u53ef\u80fd\u5728\u7b97\u65f6\u8fb0\n|inactive|fizz123456 has 120 seconds to reconnect!\n|c| ch3cho1117|\u4ec0\u4e48\u4e16\u754c\u6700\u597d\u88c2\n|c| ch3cho1117|\u65f6\u95f4\n|c|\u2606Xiao Shi|\u54c8\u54c8\u54c8\u54c8\n|c|\u2606Xiao Shi|\u7b49\u4e8e\u662f\uff0c\u8c01\u5148\u624b\n|c|\u2606Xiao Shi|\u8c01\u8d62\u4e86\n|inactive|fizz123456 has 90 seconds to reconnect!\n|inactiveoff|Battle timer is now OFF.\n|j|\u2606fizz123456\n|player|p2|fizz123456|102\n|n|\u2606fizz123456|fizz123456\n|l|\u2606fizz123456\n|player|p2|\n|j|\u2606fizz123456\n|player|p2|fizz123456|102\n|\n|t:|1698239680\n|move|p2a: Dondozo|Fissure|p1a: \u90a3\u6211\u73a9\u5565|[miss]\n|-miss|p2a: Dondozo|p1a: \u90a3\u6211\u73a9\u5565\n|move|p1a: \u90a3\u6211\u73a9\u5565|Fissure|p2a: Dondozo|[miss]\n|-miss|p1a: \u90a3\u6211\u73a9\u5565|p2a: Dondozo\n|\n|upkeep\n|turn|20\n|\n|t:|1698239687\n|move|p2a: Dondozo|Fissure|p1a: \u90a3\u6211\u73a9\u5565|[miss]\n|-miss|p2a: Dondozo|p1a: \u90a3\u6211\u73a9\u5565\n|move|p1a: \u90a3\u6211\u73a9\u5565|Fissure|p2a: Dondozo\n|-damage|p2a: Dondozo|0 fnt\n|faint|p2a: Dondozo\n|-ohko\n|\n|upkeep\n|\n|t:|1698239692\n|switch|p2a: Dondozo|Dondozo, F|100\/100\n|turn|21\n|c| ch3cho1117|\u7ec8\u4e8e\uff01\n|c| ch3cho1117|\u6700\u540e\u4e00\u53ea\uff01\n|\n|t:|1698239700\n|move|p2a: Dondozo|Fissure|p1a: \u90a3\u6211\u73a9\u5565\n|-damage|p1a: \u90a3\u6211\u73a9\u5565|0 fnt\n|faint|p1a: \u90a3\u6211\u73a9\u5565\n|-ohko\n|\n|upkeep\n|\n|t:|1698239705\n|switch|p1a: \u8981\u53d8\u6210\u5c0f\u840c\u65b0\u4e86|Dondozo, F|100\/100\n|turn|22\n|c| ch3cho1117|\u51b3\u6218\uff01\uff01\n|c|\u2606Xiao Shi|\u6211\u9760\n|\n|t:|1698239728\n|move|p2a: Dondozo|Fissure|p1a: \u8981\u53d8\u6210\u5c0f\u840c\u65b0\u4e86|[miss]\n|-miss|p2a: Dondozo|p1a: \u8981\u53d8\u6210\u5c0f\u840c\u65b0\u4e86\n|move|p1a: \u8981\u53d8\u6210\u5c0f\u840c\u65b0\u4e86|Fissure|p2a: Dondozo|[miss]\n|-miss|p1a: \u8981\u53d8\u6210\u5c0f\u840c\u65b0\u4e86|p2a: Dondozo\n|\n|upkeep\n|turn|23\n|\n|t:|1698239737\n|move|p1a: \u8981\u53d8\u6210\u5c0f\u840c\u65b0\u4e86|Fissure|p2a: Dondozo|[miss]\n|-miss|p1a: \u8981\u53d8\u6210\u5c0f\u840c\u65b0\u4e86|p2a: Dondozo\n|move|p2a: Dondozo|Fissure|p1a: \u8981\u53d8\u6210\u5c0f\u840c\u65b0\u4e86|[miss]\n|-miss|p2a: Dondozo|p1a: \u8981\u53d8\u6210\u5c0f\u840c\u65b0\u4e86\n|\n|upkeep\n|turn|24\n|c| ch3cho1117|\u5413\u6b7b\u4e86\n|inactive|Battle timer is ON: inactive players will automatically lose when time's up. (requested by Xiao Shi)\n|inactive|fizz123456 has 270 seconds left.\n|l|\u2606fizz123456\n|inactive|fizz123456 disconnected and has 65 seconds to reconnect!\n|player|p2|\n|inactive|fizz123456 has 60 seconds to reconnect!\n|inactiveoff|Battle timer is now OFF.\n|c| ch3cho1117|\u8349\n|c| ch3cho1117|\u9000\u7968\uff01\n|j|\u2606fizz123456\n|player|p2|fizz123456|102\n|c|\u2606Xiao Shi|\u8349\uff0c\u4ed6\u4e3a\u4e86\u6740\u6211\n|c|\u2606Xiao Shi|\u4e0d\u7559\u4f59\u529b\n|l|\u2606fizz123456\n|player|p2|\n|c|\u2606Xiao Shi|\u6cd5\u529b\u8981\u7528\u5149\u4e86\n|c| ch3cho1117|\u53c8\u53bb\u4e86\n|j|\u2606fizz123456\n|player|p2|fizz123456|102\n|\n|t:|1698240023\n|move|p1a: \u8981\u53d8\u6210\u5c0f\u840c\u65b0\u4e86|Fissure|p2a: Dondozo|[miss]\n|-miss|p1a: \u8981\u53d8\u6210\u5c0f\u840c\u65b0\u4e86|p2a: Dondozo\n|move|p2a: Dondozo|Fissure|p1a: \u8981\u53d8\u6210\u5c0f\u840c\u65b0\u4e86|[miss]\n|-miss|p2a: Dondozo|p1a: \u8981\u53d8\u6210\u5c0f\u840c\u65b0\u4e86\n|\n|upkeep\n|turn|25\n|l|\u2606fizz123456\n|player|p2|\n|j|\u2606fizz123456\n|player|p2|fizz123456|102\n|l|\u2606fizz123456\n|player|p2|\n|j|\u2606fizz123456\n|player|p2|fizz123456|102\n|l|\u2606fizz123456\n|player|p2|\n|j|\u2606fizz123456\n|player|p2|fizz123456|102\n|n|\u2606fizz123456|fizz123456\n|c| ch3cho1117|t\n|\n|t:|1698240306\n|move|p2a: Dondozo|Fissure|p1a: \u8981\u53d8\u6210\u5c0f\u840c\u65b0\u4e86|[miss]\n|-miss|p2a: Dondozo|p1a: \u8981\u53d8\u6210\u5c0f\u840c\u65b0\u4e86\n|move|p1a: \u8981\u53d8\u6210\u5c0f\u840c\u65b0\u4e86|Fissure|p2a: Dondozo\n|-damage|p2a: Dondozo|0 fnt\n|faint|p2a: Dondozo\n|-ohko\n|\n|win|Xiao Shi\n|n|\u2606fizz123456|fizz123456\n|l|\u2606fizz123456\n","uploadtime":1698240345,"views":13,"p1id":"xiaoshi","p2id":"fizz123456","formatid":"gen9anythinggoes","rating":0,"private":0,"password":""}