{"id":"gen9anythinggoes-1992002083","p1":"ScreamerClaus","p2":"ClappisYappis","format":"[Gen 9] Anything Goes","log":"|j|\u2606ScreamerClaus\n|j|\u2606ClappisYappis\n|t:|1700146724\n|gametype|singles\n|player|p1|ScreamerClaus|ghetsis|1161\n|player|p2|ClappisYappis|riley|1171\n|teamsize|p1|6\n|teamsize|p2|6\n|gen|9\n|tier|[Gen 9] Anything Goes\n|rated|\n|rule|HP Percentage Mod: HP is shown in percentages\n|rule|Endless Battle Clause: Forcing endless battles is banned\n|clearpoke\n|poke|p1|Calyrex-Shadow|\n|poke|p1|Arceus-Fire|\n|poke|p1|Dialga-Origin|\n|poke|p1|Zacian-*|\n|poke|p1|Jirachi|\n|poke|p1|Pawmot, F|\n|poke|p2|Maushold-Four|\n|poke|p2|Flutter Mane|\n|poke|p2|Miraidon|\n|poke|p2|Rabsca, M|\n|poke|p2|Garganacl, F|\n|poke|p2|Houndstone, M|\n|teampreview\n|\n|t:|1700146737\n|start\n|switch|p1a: HEaler|Jirachi|100\/100\n|switch|p2a: DeMarco|Miraidon|100\/100\n|-fieldstart|move: Electric Terrain|[from] ability: Hadron Engine|[of] p2a: DeMarco\n|turn|1\n|\n|t:|1700146747\n|-terastallize|p2a: DeMarco|Electric\n|move|p2a: DeMarco|Electro Drift|p1a: HEaler\n|-damage|p1a: HEaler|24\/100\n|-enditem|p1a: HEaler|Mago Berry|[eat]\n|-heal|p1a: HEaler|57\/100|[from] item: Mago Berry\n|move|p1a: HEaler|Light Screen|p1a: HEaler\n|-sidestart|p1: ScreamerClaus|move: Light Screen\n|\n|upkeep\n|turn|2\n|\n|t:|1700146752\n|move|p2a: DeMarco|Electro Drift|p1a: HEaler\n|-damage|p1a: HEaler|21\/100\n|move|p1a: HEaler|Reflect|p1a: HEaler\n|-sidestart|p1: ScreamerClaus|Reflect\n|\n|upkeep\n|turn|3\n|\n|t:|1700146755\n|move|p2a: DeMarco|Electro Drift|p1a: HEaler\n|-damage|p1a: HEaler|0 fnt\n|faint|p1a: HEaler\n|\n|upkeep\n|\n|t:|1700146760\n|switch|p1a: 1 shot|Zacian-Crowned|100\/100\n|-ability|p1a: 1 shot|Intrepid Sword|boost\n|-boost|p1a: 1 shot|atk|1\n|turn|4\n|\n|t:|1700146764\n|move|p1a: 1 shot|Behemoth Blade|p2a: DeMarco\n|-resisted|p2a: DeMarco\n|-damage|p2a: DeMarco|55\/100\n|move|p2a: DeMarco|Electro Drift|p1a: 1 shot\n|-damage|p1a: 1 shot|47\/100\n|\n|upkeep\n|turn|5\n|\n|t:|1700146770\n|move|p1a: 1 shot|Sacred Sword|p2a: DeMarco\n|-damage|p2a: DeMarco|5\/100\n|move|p2a: DeMarco|Electro Drift|p1a: 1 shot\n|-damage|p1a: 1 shot|0 fnt\n|faint|p1a: 1 shot\n|\n|-sideend|p1: ScreamerClaus|move: Light Screen\n|-fieldend|move: Electric Terrain\n|upkeep\n|\n|t:|1700146773\n|switch|p1a: Pawmot|Pawmot, F|100\/100\n|turn|6\n|\n|t:|1700146789\n|switch|p2a: Maushold|Maushold-Four|100\/100\n|move|p1a: Pawmot|Revival Blessing|p1a: Pawmot\n|\n|t:|1700146800\n|-heal|p1: 1 shot|50\/100|[from] move: Revival Blessing\n|\n|-sideend|p1: ScreamerClaus|Reflect\n|upkeep\n|turn|7\n|\n|t:|1700146816\n|switch|p1a: GETO|Arceus-Fire|100\/100\n|move|p2a: Maushold|Population Bomb|p1a: GETO\n|-damage|p1a: GETO|92\/100\n|-damage|p1a: GETO|84\/100\n|-damage|p1a: GETO|75\/100\n|-damage|p1a: GETO|68\/100\n|-damage|p1a: GETO|59\/100\n|-damage|p1a: GETO|50\/100\n|-damage|p1a: GETO|42\/100\n|-damage|p1a: GETO|33\/100\n|-hitcount|p1a: GETO|8\n|\n|upkeep\n|turn|8\n|\n|t:|1700146820\n|move|p2a: Maushold|Population Bomb|p1a: GETO\n|-damage|p1a: GETO|25\/100\n|-damage|p1a: GETO|17\/100\n|-damage|p1a: GETO|10\/100\n|-damage|p1a: GETO|1\/100\n|-damage|p1a: GETO|0 fnt\n|faint|p1a: GETO\n|-hitcount|p1: GETO|5\n|\n|upkeep\n|\n|t:|1700146822\n|switch|p1a: M3th|Dialga-Origin|100\/100\n|-ability|p1a: M3th|Pressure\n|turn|9\n|\n|t:|1700146827\n|move|p2a: Maushold|Population Bomb|p1a: M3th\n|-resisted|p1a: M3th\n|-damage|p1a: M3th|95\/100\n|-hitcount|p1a: M3th|1\n|move|p1a: M3th|Shadow Claw|p2a: Maushold\n|-immune|p2a: Maushold\n|\n|upkeep\n|turn|10\n|\n|t:|1700146832\n|move|p2a: Maushold|Encore|p1a: M3th\n|-start|p1a: M3th|Encore\n|move|p1a: M3th|Shadow Claw|p2a: Maushold\n|-immune|p2a: Maushold\n|\n|upkeep\n|turn|11\n|\n|t:|1700146838\n|switch|p1a: GOJO|Calyrex-Shadow|100\/100\n|-ability|p1a: GOJO|As One\n|-ability|p1a: GOJO|Unnerve\n|move|p2a: Maushold|Tidy Up|p2a: Maushold\n|-boost|p2a: Maushold|atk|1\n|-boost|p2a: Maushold|spe|1\n|\n|upkeep\n|turn|12\n|\n|t:|1700146844\n|move|p2a: Maushold|Baton Pass|p2a: Maushold\n|\n|t:|1700146845\n|switch|p2a: SSSReplacement|Garganacl, F, shiny|100\/100|[from] Baton Pass\n|move|p1a: GOJO|Nasty Plot|p1a: GOJO\n|-boost|p1a: GOJO|spa|2\n|\n|upkeep\n|turn|13\n|\n|t:|1700146851\n|move|p1a: GOJO|Astral Barrage|p2a: SSSReplacement\n|-damage|p2a: SSSReplacement|39\/100\n|move|p2a: SSSReplacement|Salt Cure|p1a: GOJO\n|-damage|p1a: GOJO|71\/100\n|-start|p1a: GOJO|Salt Cure\n|\n|-heal|p2a: SSSReplacement|45\/100|[from] item: Leftovers\n|-damage|p1a: GOJO|59\/100|[from] Salt Cure\n|upkeep\n|turn|14\n|\n|t:|1700146858\n|switch|p2a: Maushold|Maushold-Four|100\/100\n|move|p1a: GOJO|Astral Barrage|p2a: Maushold\n|-immune|p2a: Maushold\n|\n|-damage|p1a: GOJO|47\/100|[from] Salt Cure\n|upkeep\n|turn|15\n|\n|t:|1700146871\n|switch|p1a: 1 shot|Zacian-Crowned|50\/100\n|switch|p2a: SSSReplacement|Garganacl, F, shiny|45\/100\n|\n|-heal|p2a: SSSReplacement|51\/100|[from] item: Leftovers\n|upkeep\n|turn|16\n|\n|t:|1700146893\n|switch|p2a: DeMarco|Miraidon, tera:Electric|5\/100\n|-fieldstart|move: Electric Terrain|[from] ability: Hadron Engine|[of] p2a: DeMarco\n|move|p1a: 1 shot|Behemoth Blade|p2a: DeMarco\n|-resisted|p2a: DeMarco\n|-damage|p2a: DeMarco|0 fnt\n|faint|p2a: DeMarco\n|\n|upkeep\n|\n|t:|1700146926\n|switch|p2a: Houndstone|Houndstone, M|100\/100\n|turn|17\n|\n|t:|1700146933\n|-terastallize|p1a: 1 shot|Fairy\n|move|p1a: 1 shot|Behemoth Blade|p2a: Houndstone\n|-damage|p2a: Houndstone|73\/100\n|move|p2a: Houndstone|Last Respects|p1a: 1 shot\n|-damage|p1a: 1 shot|3\/100\n|\n|upkeep\n|turn|18\n|\n|t:|1700146938\n|switch|p1a: Pawmot|Pawmot, F|100\/100\n|move|p2a: Houndstone|Shadow Sneak|p1a: Pawmot\n|-damage|p1a: Pawmot|73\/100\n|\n|upkeep\n|turn|19\n|\n|t:|1700146942\n|move|p1a: Pawmot|Substitute|p1a: Pawmot\n|-start|p1a: Pawmot|Substitute\n|-damage|p1a: Pawmot|48\/100\n|move|p2a: Houndstone|Play Rough|p1a: Pawmot\n|-supereffective|p1a: Pawmot\n|-end|p1a: Pawmot|Substitute\n|\n|upkeep\n|turn|20\n|\n|t:|1700146944\n|move|p1a: Pawmot|Protect|p1a: Pawmot\n|-singleturn|p1a: Pawmot|Protect\n|move|p2a: Houndstone|Play Rough|p1a: Pawmot\n|-activate|p1a: Pawmot|move: Protect\n|\n|-fieldend|move: Electric Terrain\n|upkeep\n|turn|21\n|\n|t:|1700146947\n|move|p1a: Pawmot|Crunch|p2a: Houndstone\n|-supereffective|p2a: Houndstone\n|-damage|p2a: Houndstone|53\/100\n|move|p2a: Houndstone|Play Rough|p1a: Pawmot\n|-supereffective|p1a: Pawmot\n|-damage|p1a: Pawmot|0 fnt\n|faint|p1a: Pawmot\n|\n|upkeep\n|\n|t:|1700146951\n|switch|p1a: M3th|Dialga-Origin|95\/100\n|-ability|p1a: M3th|Pressure\n|turn|22\n|\n|t:|1700146966\n|move|p1a: M3th|Shadow Claw|p2a: Houndstone\n|-supereffective|p2a: Houndstone\n|-damage|p2a: Houndstone|37\/100\n|move|p2a: Houndstone|Last Respects|p1a: M3th\n|-damage|p1a: M3th|51\/100\n|\n|upkeep\n|turn|23\n|\n|t:|1700146970\n|move|p1a: M3th|Shadow Claw|p2a: Houndstone\n|-supereffective|p2a: Houndstone\n|-damage|p2a: Houndstone|22\/100\n|move|p2a: Houndstone|Last Respects|p1a: M3th\n|-damage|p1a: M3th|5\/100\n|\n|upkeep\n|turn|24\n|\n|t:|1700146975\n|move|p2a: Houndstone|Shadow Sneak|p1a: M3th\n|-damage|p1a: M3th|0 fnt\n|faint|p1a: M3th\n|\n|upkeep\n|\n|t:|1700146978\n|switch|p1a: GOJO|Calyrex-Shadow|47\/100\n|-ability|p1a: GOJO|As One\n|-ability|p1a: GOJO|Unnerve\n|turn|25\n|\n|t:|1700146983\n|move|p2a: Houndstone|Shadow Sneak|p1a: GOJO\n|-supereffective|p1a: GOJO\n|-damage|p1a: GOJO|0 fnt\n|faint|p1a: GOJO\n|\n|upkeep\n|\n|t:|1700146986\n|switch|p1a: 1 shot|Zacian-Crowned, tera:Fairy|3\/100\n|turn|26\n|\n|t:|1700146988\n|move|p2a: Houndstone|Shadow Sneak|p1a: 1 shot\n|-damage|p1a: 1 shot|0 fnt\n|faint|p1a: 1 shot\n|\n|win|ClappisYappis\n|raw|ScreamerClaus's rating: 1161 &rarr; <strong>1137<\/strong><br \/>(-24 for losing)\n|raw|ClappisYappis's rating: 1171 &rarr; <strong>1195<\/strong><br \/>(+24 for winning)\n|l|\u2606ScreamerClaus\n","uploadtime":1700146999,"views":3,"p1id":"screamerclaus","p2id":"clappisyappis","formatid":"gen9anythinggoes","rating":1137,"private":0,"password":""}