{"id":"gen9anythinggoes-1978769921","p1":"duck_the_meta","p2":"Brotryhard","format":"[Gen 9] Anything Goes","log":"|j|\u2606duck_the_meta\n|j|\u2606Brotryhard\n|t:|1698593010\n|gametype|singles\n|player|p1|duck_the_meta|clemont|1175\n|player|p2|Brotryhard|lucas|1185\n|teamsize|p1|6\n|teamsize|p2|6\n|gen|9\n|tier|[Gen 9] Anything Goes\n|rated|\n|rule|HP Percentage Mod: HP is shown in percentages\n|rule|Endless Battle Clause: Forcing endless battles is banned\n|clearpoke\n|poke|p1|Slowbro-Galar, M|\n|poke|p1|Polteageist|\n|poke|p1|Copperajah, F|\n|poke|p1|Hatterene, F|\n|poke|p1|Pawmot, F|\n|poke|p1|Jirachi|\n|poke|p2|Cloyster, M|\n|poke|p2|Dragonite, M|\n|poke|p2|Mew|\n|poke|p2|Mewtwo|\n|poke|p2|Vaporeon, F|\n|poke|p2|Snorlax, F|\n|teampreview\n|inactive|Battle timer is ON: inactive players will automatically lose when time's up. (requested by Brotryhard)\n|\n|t:|1698593014\n|start\n|switch|p1a: Mochi Requiem|Pawmot, F|100\/100\n|switch|p2a: Mew|Mew, shiny|100\/100\n|turn|1\n|c|\u2606duck_the_meta|Oh? You're approaching me? Instead of running away, you're coming right to me?\n|\n|t:|1698593025\n|move|p2a: Mew|Imprison|p2a: Mew\n|-start|p2a: Mew|move: Imprison\n|move|p1a: Mochi Requiem|Thunder Punch|p2a: Mew\n|-damage|p2a: Mew|57\/100\n|\n|-heal|p2a: Mew|63\/100|[from] item: Leftovers\n|upkeep\n|turn|2\n|c|\u2606duck_the_meta|!data imprison\n|raw|<ul class=\"utilichart\"><li class=\"result\"><span class=\"col movenamecol\"><a href=\"https:\/\/dex.pokemonshowdown.com\/moves\/imprison\">Imprison<\/a><\/span> <span class=\"col typecol\"><img src=\"\/\/play.pokemonshowdown.com\/sprites\/types\/Psychic.png\" alt=\"Psychic\" width=\"32\" height=\"14\"><img src=\"\/\/play.pokemonshowdown.com\/sprites\/categories\/Status.png\" alt=\"Status\" width=\"32\" height=\"14\"><\/span> <span class=\"col widelabelcol\"><em>Accuracy<\/em><br>\u2014<\/span> <span class=\"col pplabelcol\"><em>PP<\/em><br>16<\/span> <span class=\"col movedesccol\">No foe can use any move known by the user.<\/span> <\/li><li style=\"clear:both\"><\/li><\/ul>\n\n|\n|t:|1698593037\n|move|p2a: Mew|Transform|p1a: Mochi Requiem\n|-transform|p2a: Mew|p1a: Mochi Requiem\n|cant|p1a: Mochi Requiem|move: Imprison|Thunder Punch\n|\n|-heal|p2a: Mew|69\/100|[from] item: Leftovers\n|upkeep\n|turn|3\n|\n|t:|1698593056\n|switch|p1a: Ivory Ella|Copperajah, F, shiny|100\/100\n|move|p2a: Mew|Ice Punch|p1a: Ivory Ella\n|-resisted|p1a: Ivory Ella\n|-damage|p1a: Ivory Ella|85\/100\n|\n|-heal|p2a: Mew|75\/100|[from] item: Leftovers\n|upkeep\n|turn|4\n|c|\u2606duck_the_meta|thank god my team resists itself\n|\n|t:|1698593066\n|move|p2a: Mew|Fire Punch|p1a: Ivory Ella\n|-supereffective|p1a: Ivory Ella\n|-damage|p1a: Ivory Ella|22\/100\n|-status|p1a: Ivory Ella|brn\n|move|p1a: Ivory Ella|Earthquake|p2a: Mew\n|-supereffective|p2a: Mew\n|-damage|p2a: Mew|32\/100\n|\n|-heal|p2a: Mew|38\/100|[from] item: Leftovers\n|-damage|p1a: Ivory Ella|16\/100 brn|[from] brn\n|upkeep\n|turn|5\n|\n|t:|1698593076\n|move|p2a: Mew|Fire Punch|p1a: Ivory Ella\n|-supereffective|p1a: Ivory Ella\n|-damage|p1a: Ivory Ella|0 fnt\n|faint|p1a: Ivory Ella\n|\n|-heal|p2a: Mew|44\/100|[from] item: Leftovers\n|upkeep\n|\n|t:|1698593082\n|switch|p1a: King Henry VIII|Polteageist, shiny|100\/100\n|turn|6\n|\n|t:|1698593095\n|switch|p2a: Cloyster|Cloyster, M, shiny|100\/100\n|move|p1a: King Henry VIII|Shell Smash|p1a: King Henry VIII\n|-unboost|p1a: King Henry VIII|def|1\n|-unboost|p1a: King Henry VIII|spd|1\n|-boost|p1a: King Henry VIII|atk|2\n|-boost|p1a: King Henry VIII|spa|2\n|-boost|p1a: King Henry VIII|spe|2\n|\n|upkeep\n|turn|7\n|c|\u2606duck_the_meta|!weak cloyster\n|c| duck_the_meta|\/raw <div class=\"infobox\">Cloyster (ignoring abilities):<br \/><span class=\"message-effect-weak\">Weaknesses<\/span>: Electric, Fighting, Grass, Rock<br \/><span class=\"message-effect-resist\">Resistances<\/span>: <b>Ice<\/b>, Water<br \/><span class=\"message-effect-immune\">Immunities<\/span>: Frozen, Hail damage<\/div>\n|\n|t:|1698593109\n|move|p2a: Cloyster|Ice Shard|p1a: King Henry VIII\n|-damage|p1a: King Henry VIII|44\/100\n|-ability|p1a: King Henry VIII|Weak Armor|boost\n|-unboost|p1a: King Henry VIII|def|1\n|-boost|p1a: King Henry VIII|spe|2\n|move|p1a: King Henry VIII|Giga Drain|p2a: Cloyster\n|-supereffective|p2a: Cloyster\n|-damage|p2a: Cloyster|0 fnt\n|-heal|p1a: King Henry VIII|97\/100|[from] drain|[of] p2a: Cloyster\n|faint|p2a: Cloyster\n|\n|upkeep\n|c|\u2606duck_the_meta|thank god\n|\n|t:|1698593124\n|switch|p2a: Mew|Mew, shiny|44\/100\n|turn|8\n|\n|t:|1698593129\n|-terastallize|p2a: Mew|Normal\n|move|p1a: King Henry VIII|Shadow Ball|p2a: Mew\n|-immune|p2a: Mew\n|move|p2a: Mew|Transform|p1a: King Henry VIII\n|-transform|p2a: Mew|p1a: King Henry VIII\n|\n|-heal|p2a: Mew|50\/100|[from] item: Leftovers\n|upkeep\n|turn|9\n|\n|t:|1698593139\n|move|p2a: Mew|Shadow Ball|p1a: King Henry VIII\n|-supereffective|p1a: King Henry VIII\n|-damage|p1a: King Henry VIII|0 fnt\n|faint|p1a: King Henry VIII\n|\n|-heal|p2a: Mew|56\/100|[from] item: Leftovers\n|upkeep\n|\n|t:|1698593146\n|switch|p1a: Mochi Requiem|Pawmot, F|100\/100\n|turn|10\n|\n|t:|1698593152\n|switch|p2a: Dragonite|Dragonite, M, shiny|100\/100\n|move|p1a: Mochi Requiem|Mach Punch|p2a: Dragonite\n|-resisted|p2a: Dragonite\n|-damage|p2a: Dragonite|93\/100\n|\n|upkeep\n|turn|11\n|\n|t:|1698593161\n|move|p1a: Mochi Requiem|Mach Punch|p2a: Dragonite\n|-resisted|p2a: Dragonite\n|-damage|p2a: Dragonite|78\/100\n|move|p2a: Dragonite|Dragon Dance|p2a: Dragonite\n|-boost|p2a: Dragonite|atk|1\n|-boost|p2a: Dragonite|spe|1\n|\n|upkeep\n|turn|12\n|c|\u2606Brotryhard|You still thanking god?\n|c|\u2606duck_the_meta|funny thing about dragonite\n|\n|t:|1698593187\n|move|p2a: Dragonite|Earthquake|p1a: Mochi Requiem\n|-supereffective|p1a: Mochi Requiem\n|-damage|p1a: Mochi Requiem|0 fnt\n|faint|p1a: Mochi Requiem\n|\n|upkeep\n|c|\u2606duck_the_meta|huh\n|c|\u2606duck_the_meta|Well not anymore\n|c|\u2606duck_the_meta|god can go fuck himself\n|\n|t:|1698593200\n|switch|p1a: Miku(Oo ee oo)|Hatterene, F|100\/100\n|turn|13\n|c|\u2606Brotryhard|Lmao\n|\n|t:|1698593214\n|move|p2a: Dragonite|Extreme Speed|p1a: Miku(Oo ee oo)\n|-damage|p1a: Miku(Oo ee oo)|46\/100\n|move|p1a: Miku(Oo ee oo)|Trick Room|p1a: Miku(Oo ee oo)\n|-fieldstart|move: Trick Room|[of] p1a: Miku(Oo ee oo)\n|\n|upkeep\n|turn|14\n|\n|t:|1698593220\n|move|p2a: Dragonite|Extreme Speed|p1a: Miku(Oo ee oo)\n|-damage|p1a: Miku(Oo ee oo)|0 fnt\n|faint|p1a: Miku(Oo ee oo)\n|\n|upkeep\n|c|\u2606duck_the_meta|ah\n|\n|t:|1698593228\n|switch|p1a: F\u00f3dlan's Marked|Slowbro-Galar, M|100\/100\n|turn|15\n|c|\u2606Brotryhard|Es ok. Gen 1 meta is still good\n|-activate|p1a: F\u00f3dlan's Marked|ability: Quick Draw\n|\n|t:|1698593241\n|move|p1a: F\u00f3dlan's Marked|Rock Blast|p2a: Dragonite\n|-supereffective|p2a: Dragonite\n|-damage|p2a: Dragonite|59\/100\n|-supereffective|p2a: Dragonite\n|-damage|p2a: Dragonite|42\/100\n|-supereffective|p2a: Dragonite\n|-damage|p2a: Dragonite|24\/100\n|-hitcount|p2a: Dragonite|3\n|move|p2a: Dragonite|Earthquake|p1a: F\u00f3dlan's Marked\n|-supereffective|p1a: F\u00f3dlan's Marked\n|-damage|p1a: F\u00f3dlan's Marked|5\/100\n|-enditem|p1a: F\u00f3dlan's Marked|Sitrus Berry|[eat]\n|-heal|p1a: F\u00f3dlan's Marked|29\/100|[from] item: Sitrus Berry\n|\n|upkeep\n|turn|16\n|c|\u2606duck_the_meta|yezh\n|-activate|p1a: F\u00f3dlan's Marked|ability: Quick Draw\n|\n|t:|1698593254\n|move|p2a: Dragonite|Extreme Speed|p1a: F\u00f3dlan's Marked\n|-damage|p1a: F\u00f3dlan's Marked|0 fnt\n|faint|p1a: F\u00f3dlan's Marked\n|\n|upkeep\n|c|\u2606duck_the_meta|*yeah\n|c|\u2606duck_the_meta|ah\n|c|\u2606duck_the_meta|forgot that trick room makes no sense\n|\n|t:|1698593270\n|switch|p1a: Pajama Sam|Jirachi|100\/100\n|turn|17\n|c|\u2606duck_the_meta|double priorities in a trick room should favor the slower one imo\n|\n|t:|1698593288\n|move|p2a: Dragonite|Extreme Speed|p1a: Pajama Sam\n|-resisted|p1a: Pajama Sam\n|-damage|p1a: Pajama Sam|78\/100\n|move|p1a: Pajama Sam|Charge Beam|p2a: Dragonite\n|-damage|p2a: Dragonite|10\/100\n|-boost|p1a: Pajama Sam|spa|1\n|\n|-fieldend|move: Trick Room\n|upkeep\n|turn|18\n|c|\u2606Brotryhard|Just need some chipperino rq\n|\n|t:|1698593300\n|move|p2a: Dragonite|Earthquake|p1a: Pajama Sam\n|-supereffective|p1a: Pajama Sam\n|-damage|p1a: Pajama Sam|0 fnt\n|faint|p1a: Pajama Sam\n|\n|win|Brotryhard\n|raw|duck_the_meta's rating: 1175 &rarr; <strong>1151<\/strong><br \/>(-24 for losing)\n|raw|Brotryhard's rating: 1185 &rarr; <strong>1209<\/strong><br \/>(+24 for winning)\n","uploadtime":1698593200,"views":9,"p1id":"duckthemeta","p2id":"brotryhard","formatid":"gen9anythinggoes","rating":1151,"private":0,"password":""}