{"id":"gen9anythinggoes-1985524833","p1":"Oakwings","p2":"ToraMew","format":"[Gen 9] Anything Goes","log":"|j|\u2606Oakwings\n|j|\u2606ToraMew\n|t:|1699381765\n|gametype|singles\n|player|p1|Oakwings|policeman-gen4|1199\n|player|p2|ToraMew|idol|1195\n|teamsize|p1|6\n|teamsize|p2|6\n|gen|9\n|tier|[Gen 9] Anything Goes\n|rated|\n|rule|HP Percentage Mod: HP is shown in percentages\n|rule|Endless Battle Clause: Forcing endless battles is banned\n|clearpoke\n|poke|p1|Greninja-*, M|\n|poke|p1|Zacian-*|\n|poke|p1|Kingambit, M|\n|poke|p1|Ursaluna-Bloodmoon, M|\n|poke|p1|Annihilape, M|\n|poke|p1|Ceruledge, M|\n|poke|p2|Calyrex-Shadow|\n|poke|p2|Eternatus|\n|poke|p2|Landorus, M|\n|poke|p2|Zacian-*|\n|poke|p2|Maushold|\n|poke|p2|Gengar, M|\n|teampreview\n|inactive|Battle timer is ON: inactive players will automatically lose when time's up. (requested by ToraMew)\n|\n|t:|1699381773\n|start\n|switch|p1a: Annihilape|Annihilape, M|100\/100\n|switch|p2a: Calyrex|Calyrex-Shadow|100\/100\n|-ability|p2a: Calyrex|As One\n|-ability|p2a: Calyrex|Unnerve\n|turn|1\n|\n|t:|1699381785\n|move|p2a: Calyrex|Astral Barrage|p1a: Annihilape\n|-supereffective|p1a: Annihilape\n|-damage|p1a: Annihilape|0 fnt\n|faint|p1a: Annihilape\n|-ability|p2a: Calyrex|Grim Neigh|boost\n|-boost|p2a: Calyrex|spa|1\n|-damage|p2a: Calyrex|91\/100|[from] item: Life Orb\n|\n|upkeep\n|\n|t:|1699381794\n|switch|p1a: Ursaluna|Ursaluna-Bloodmoon, M|100\/100\n|turn|2\n|\n|t:|1699381807\n|move|p2a: Calyrex|Hyper Beam|p1a: Ursaluna\n|-damage|p1a: Ursaluna|0 fnt\n|-mustrecharge|p2a: Calyrex\n|faint|p1a: Ursaluna\n|-ability|p2a: Calyrex|Grim Neigh|boost\n|-boost|p2a: Calyrex|spa|1\n|-damage|p2a: Calyrex|81\/100|[from] item: Life Orb\n|\n|upkeep\n|\n|t:|1699381816\n|switch|p1a: Greninja|Greninja, M|100\/100\n|turn|3\n|\n|t:|1699381820\n|cant|p2a: Calyrex|recharge\n|move|p1a: Greninja|Night Slash|p2a: Calyrex\n|-supereffective|p2a: Calyrex\n|-crit|p2a: Calyrex\n|-damage|p2a: Calyrex|0 fnt\n|faint|p2a: Calyrex\n|-ability|p1a: Greninja|Battle Bond|boost\n|-boost|p1a: Greninja|atk|1\n|-boost|p1a: Greninja|spa|1\n|-boost|p1a: Greninja|spe|1\n|-activate|p1a: Greninja|ability: Battle Bond\n|\n|upkeep\n|\n|t:|1699381828\n|switch|p2a: Gengar|Gengar, M|100\/100\n|turn|4\n|\n|t:|1699381838\n|move|p1a: Greninja|Night Slash|p2a: Gengar\n|-supereffective|p2a: Gengar\n|-damage|p2a: Gengar|0 fnt\n|faint|p2a: Gengar\n|\n|upkeep\n|\n|t:|1699381843\n|switch|p2a: Maushold|Maushold|100\/100\n|turn|5\n|\n|t:|1699381848\n|move|p1a: Greninja|Gunk Shot|p2a: Maushold|[miss]\n|-miss|p1a: Greninja|p2a: Maushold\n|move|p2a: Maushold|Tidy Up|p2a: Maushold\n|-boost|p2a: Maushold|atk|1\n|-boost|p2a: Maushold|spe|1\n|\n|-status|p2a: Maushold|tox|[from] item: Toxic Orb\n|upkeep\n|turn|6\n|\n|t:|1699381865\n|move|p1a: Greninja|Gunk Shot|p2a: Maushold\n|-damage|p2a: Maushold|35\/100 tox\n|move|p2a: Maushold|Baton Pass|p2a: Maushold\n|\n|t:|1699381869\n|switch|p2a: Zacian|Zacian-Crowned|100\/100|[from] Baton Pass\n|-ability|p2a: Zacian|Intrepid Sword|boost\n|-boost|p2a: Zacian|atk|1\n|\n|upkeep\n|turn|7\n|\n|t:|1699381876\n|move|p2a: Zacian|Sacred Sword|p1a: Greninja\n|-supereffective|p1a: Greninja\n|-damage|p1a: Greninja|0 fnt\n|faint|p1a: Greninja\n|\n|upkeep\n|\n|t:|1699381883\n|switch|p1a: Ceruledge|Ceruledge, M|100\/100\n|turn|8\n|\n|t:|1699381892\n|-terastallize|p1a: Ceruledge|Fire\n|move|p2a: Zacian|Behemoth Blade|p1a: Ceruledge\n|-resisted|p1a: Ceruledge\n|-damage|p1a: Ceruledge|12\/100\n|move|p1a: Ceruledge|Bitter Blade|p2a: Zacian\n|-supereffective|p2a: Zacian\n|-damage|p2a: Zacian|0 fnt\n|-heal|p1a: Ceruledge|68\/100|[from] drain|[of] p2a: Zacian\n|faint|p2a: Zacian\n|\n|-heal|p1a: Ceruledge|74\/100|[from] item: Leftovers\n|upkeep\n|\n|t:|1699381907\n|switch|p2a: Landorus|Landorus, M|100\/100\n|turn|9\n|\n|t:|1699381918\n|move|p2a: Landorus|Focus Blast|p1a: Ceruledge|[miss]\n|-miss|p2a: Landorus|p1a: Ceruledge\n|move|p1a: Ceruledge|Destiny Bond|p1a: Ceruledge\n|-singlemove|p1a: Ceruledge|Destiny Bond\n|\n|-heal|p1a: Ceruledge|81\/100|[from] item: Leftovers\n|upkeep\n|turn|10\n|\n|t:|1699381927\n|move|p2a: Landorus|Focus Blast|p1a: Ceruledge\n|-damage|p1a: Ceruledge|38\/100\n|move|p1a: Ceruledge|Dragon Claw|p2a: Landorus\n|-damage|p2a: Landorus|67\/100\n|\n|-heal|p1a: Ceruledge|44\/100|[from] item: Leftovers\n|upkeep\n|turn|11\n|\n|t:|1699381938\n|move|p2a: Landorus|Focus Blast|p1a: Ceruledge\n|-damage|p1a: Ceruledge|0 fnt\n|faint|p1a: Ceruledge\n|\n|upkeep\n|\n|t:|1699381947\n|switch|p1a: Zacian|Zacian-Crowned|100\/100\n|-ability|p1a: Zacian|Intrepid Sword|boost\n|-boost|p1a: Zacian|atk|1\n|turn|12\n|\n|t:|1699381957\n|move|p1a: Zacian|Behemoth Blade|p2a: Landorus\n|-damage|p2a: Landorus|0 fnt\n|faint|p2a: Landorus\n|\n|upkeep\n|\n|t:|1699381964\n|switch|p2a: Maushold|Maushold|35\/100 tox\n|turn|13\n|\n|t:|1699381968\n|move|p1a: Zacian|Behemoth Blade|p2a: Maushold\n|-crit|p2a: Maushold\n|-damage|p2a: Maushold|0 fnt\n|faint|p2a: Maushold\n|\n|upkeep\n|\n|t:|1699381970\n|switch|p2a: Eternatus|Eternatus|100\/100\n|-ability|p2a: Eternatus|Pressure\n|turn|14\n|\n|t:|1699381985\n|move|p2a: Eternatus|Protect|p2a: Eternatus\n|-singleturn|p2a: Eternatus|Protect\n|move|p1a: Zacian|Behemoth Blade|p2a: Eternatus\n|-activate|p2a: Eternatus|move: Protect\n|\n|upkeep\n|turn|15\n|\n|t:|1699381997\n|move|p1a: Zacian|Behemoth Blade|p2a: Eternatus\n|-damage|p2a: Eternatus|32\/100\n|move|p2a: Eternatus|Recover|p2a: Eternatus\n|-heal|p2a: Eternatus|82\/100\n|\n|-heal|p2a: Eternatus|88\/100|[from] item: Leftovers\n|upkeep\n|turn|16\n|\n|t:|1699382006\n|move|p2a: Eternatus|Protect|p2a: Eternatus\n|-singleturn|p2a: Eternatus|Protect\n|move|p1a: Zacian|Behemoth Blade|p2a: Eternatus\n|-activate|p2a: Eternatus|move: Protect\n|\n|-heal|p2a: Eternatus|94\/100|[from] item: Leftovers\n|upkeep\n|turn|17\n|\n|t:|1699382018\n|move|p1a: Zacian|Dazzling Gleam|p2a: Eternatus\n|-damage|p2a: Eternatus|78\/100\n|move|p2a: Eternatus|Toxic Spikes|p1a: Zacian\n|-sidestart|p1: Oakwings|move: Toxic Spikes\n|\n|-heal|p2a: Eternatus|84\/100|[from] item: Leftovers\n|upkeep\n|turn|18\n|\n|t:|1699382031\n|switch|p1a: Kingambit|Kingambit, M, shiny|100\/100\n|-activate|p1a: Kingambit|ability: Supreme Overlord\n|-start|p1a: Kingambit|fallen4|[silent]\n|move|p2a: Eternatus|Toxic Spikes|p1a: Kingambit\n|-sidestart|p1: Oakwings|move: Toxic Spikes\n|\n|-heal|p2a: Eternatus|91\/100|[from] item: Leftovers\n|upkeep\n|turn|19\n|\n|t:|1699382042\n|move|p2a: Eternatus|Substitute|p2a: Eternatus\n|-start|p2a: Eternatus|Substitute\n|-damage|p2a: Eternatus|66\/100\n|move|p1a: Kingambit|Kowtow Cleave|p2a: Eternatus\n|-end|p2a: Eternatus|Substitute\n|\n|-heal|p2a: Eternatus|72\/100|[from] item: Leftovers\n|upkeep\n|turn|20\n|\n|t:|1699382051\n|move|p2a: Eternatus|Protect|p2a: Eternatus\n|-singleturn|p2a: Eternatus|Protect\n|move|p1a: Kingambit|Kowtow Cleave|p2a: Eternatus\n|-activate|p2a: Eternatus|move: Protect\n|\n|-heal|p2a: Eternatus|78\/100|[from] item: Leftovers\n|upkeep\n|turn|21\n|\n|t:|1699382059\n|move|p2a: Eternatus|Substitute|p2a: Eternatus\n|-start|p2a: Eternatus|Substitute\n|-damage|p2a: Eternatus|53\/100\n|move|p1a: Kingambit|Kowtow Cleave|p2a: Eternatus\n|-end|p2a: Eternatus|Substitute\n|\n|-heal|p2a: Eternatus|60\/100|[from] item: Leftovers\n|upkeep\n|turn|22\n|\n|t:|1699382079\n|move|p2a: Eternatus|Protect|p2a: Eternatus\n|-singleturn|p2a: Eternatus|Protect\n|move|p1a: Kingambit|Kowtow Cleave|p2a: Eternatus\n|-activate|p2a: Eternatus|move: Protect\n|\n|-heal|p2a: Eternatus|66\/100|[from] item: Leftovers\n|upkeep\n|turn|23\n|\n|t:|1699382097\n|move|p2a: Eternatus|Substitute|p2a: Eternatus\n|-start|p2a: Eternatus|Substitute\n|-damage|p2a: Eternatus|41\/100\n|move|p1a: Kingambit|Kowtow Cleave|p2a: Eternatus\n|-end|p2a: Eternatus|Substitute\n|\n|-heal|p2a: Eternatus|47\/100|[from] item: Leftovers\n|upkeep\n|turn|24\n|\n|t:|1699382106\n|move|p2a: Eternatus|Protect|p2a: Eternatus\n|-singleturn|p2a: Eternatus|Protect\n|move|p1a: Kingambit|Sucker Punch||[still]\n|-fail|p1a: Kingambit\n|\n|-heal|p2a: Eternatus|53\/100|[from] item: Leftovers\n|upkeep\n|turn|25\n|\n|t:|1699382114\n|move|p2a: Eternatus|Substitute|p2a: Eternatus\n|-start|p2a: Eternatus|Substitute\n|-damage|p2a: Eternatus|28\/100\n|move|p1a: Kingambit|Kowtow Cleave|p2a: Eternatus\n|-end|p2a: Eternatus|Substitute\n|\n|-heal|p2a: Eternatus|35\/100|[from] item: Leftovers\n|upkeep\n|turn|26\n|\n|t:|1699382124\n|move|p2a: Eternatus|Protect|p2a: Eternatus\n|-singleturn|p2a: Eternatus|Protect\n|move|p1a: Kingambit|Flash Cannon|p2a: Eternatus\n|-activate|p2a: Eternatus|move: Protect\n|\n|-heal|p2a: Eternatus|41\/100|[from] item: Leftovers\n|upkeep\n|turn|27\n|\n|t:|1699382134\n|move|p2a: Eternatus|Recover|p2a: Eternatus\n|-heal|p2a: Eternatus|91\/100\n|move|p1a: Kingambit|Flash Cannon|p2a: Eternatus\n|-damage|p2a: Eternatus|73\/100\n|\n|-heal|p2a: Eternatus|79\/100|[from] item: Leftovers\n|upkeep\n|turn|28\n|\n|t:|1699382145\n|move|p1a: Kingambit|Sucker Punch||[still]\n|-fail|p1a: Kingambit\n|move|p2a: Eternatus|Substitute|p2a: Eternatus\n|-start|p2a: Eternatus|Substitute\n|-damage|p2a: Eternatus|54\/100\n|\n|-heal|p2a: Eternatus|61\/100|[from] item: Leftovers\n|upkeep\n|turn|29\n|\n|t:|1699382157\n|move|p1a: Kingambit|Sucker Punch||[still]\n|-fail|p1a: Kingambit\n|move|p2a: Eternatus|Toxic Spikes||[still]\n|-fail|p2a: Eternatus\n|\n|-heal|p2a: Eternatus|67\/100|[from] item: Leftovers\n|upkeep\n|turn|30\n|\n|t:|1699382165\n|move|p2a: Eternatus|Toxic Spikes||[still]\n|-fail|p2a: Eternatus\n|move|p1a: Kingambit|Kowtow Cleave|p2a: Eternatus\n|-end|p2a: Eternatus|Substitute\n|\n|-heal|p2a: Eternatus|73\/100|[from] item: Leftovers\n|upkeep\n|turn|31\n|\n|t:|1699382175\n|move|p2a: Eternatus|Substitute|p2a: Eternatus\n|-start|p2a: Eternatus|Substitute\n|-damage|p2a: Eternatus|48\/100\n|move|p1a: Kingambit|X-Scissor|p2a: Eternatus\n|-resisted|p2a: Eternatus\n|-activate|p2a: Eternatus|move: Substitute|[damage]\n|\n|-heal|p2a: Eternatus|54\/100|[from] item: Leftovers\n|upkeep\n|turn|32\n|\n|t:|1699382191\n|move|p2a: Eternatus|Toxic Spikes||[still]\n|-fail|p2a: Eternatus\n|move|p1a: Kingambit|Flash Cannon|p2a: Eternatus\n|-end|p2a: Eternatus|Substitute\n|\n|-heal|p2a: Eternatus|61\/100|[from] item: Leftovers\n|upkeep\n|turn|33\n|\n|t:|1699382200\n|move|p2a: Eternatus|Substitute|p2a: Eternatus\n|-start|p2a: Eternatus|Substitute\n|-damage|p2a: Eternatus|36\/100\n|move|p1a: Kingambit|Kowtow Cleave|p2a: Eternatus\n|-end|p2a: Eternatus|Substitute\n|\n|-heal|p2a: Eternatus|42\/100|[from] item: Leftovers\n|upkeep\n|turn|34\n|\n|t:|1699382220\n|move|p2a: Eternatus|Protect|p2a: Eternatus\n|-singleturn|p2a: Eternatus|Protect\n|move|p1a: Kingambit|Flash Cannon|p2a: Eternatus\n|-activate|p2a: Eternatus|move: Protect\n|\n|-heal|p2a: Eternatus|48\/100|[from] item: Leftovers\n|upkeep\n|turn|35\n|\n|t:|1699382229\n|move|p2a: Eternatus|Substitute|p2a: Eternatus\n|-start|p2a: Eternatus|Substitute\n|-damage|p2a: Eternatus|23\/100\n|move|p1a: Kingambit|X-Scissor|p2a: Eternatus\n|-resisted|p2a: Eternatus\n|-activate|p2a: Eternatus|move: Substitute|[damage]\n|\n|-heal|p2a: Eternatus|29\/100|[from] item: Leftovers\n|upkeep\n|turn|36\n|\n|t:|1699382238\n|move|p2a: Eternatus|Toxic Spikes||[still]\n|-fail|p2a: Eternatus\n|move|p1a: Kingambit|X-Scissor|p2a: Eternatus\n|-resisted|p2a: Eternatus\n|-end|p2a: Eternatus|Substitute\n|\n|-heal|p2a: Eternatus|36\/100|[from] item: Leftovers\n|upkeep\n|turn|37\n|\n|t:|1699382250\n|move|p2a: Eternatus|Recover|p2a: Eternatus\n|-heal|p2a: Eternatus|86\/100\n|move|p1a: Kingambit|Flash Cannon|p2a: Eternatus\n|-damage|p2a: Eternatus|68\/100\n|\n|-heal|p2a: Eternatus|75\/100|[from] item: Leftovers\n|upkeep\n|turn|38\n|\n|t:|1699382261\n|move|p2a: Eternatus|Toxic Spikes||[still]\n|-fail|p2a: Eternatus\n|move|p1a: Kingambit|Flash Cannon|p2a: Eternatus\n|-damage|p2a: Eternatus|56\/100\n|\n|-heal|p2a: Eternatus|63\/100|[from] item: Leftovers\n|upkeep\n|turn|39\n|\n|t:|1699382270\n|move|p2a: Eternatus|Toxic Spikes||[still]\n|-fail|p2a: Eternatus\n|move|p1a: Kingambit|Flash Cannon|p2a: Eternatus\n|-damage|p2a: Eternatus|44\/100\n|\n|-heal|p2a: Eternatus|50\/100|[from] item: Leftovers\n|upkeep\n|turn|40\n|\n|t:|1699382278\n|move|p2a: Eternatus|Toxic Spikes||[still]\n|-fail|p2a: Eternatus\n|move|p1a: Kingambit|Flash Cannon|p2a: Eternatus\n|-damage|p2a: Eternatus|29\/100\n|\n|-heal|p2a: Eternatus|36\/100|[from] item: Leftovers\n|upkeep\n|turn|41\n|\n|t:|1699382288\n|-end|p1a: Kingambit|fallen4|[silent]\n|switch|p1a: Zacian|Zacian-Crowned|100\/100\n|move|p2a: Eternatus|Recover|p2a: Eternatus\n|-heal|p2a: Eternatus|86\/100\n|\n|-heal|p2a: Eternatus|92\/100|[from] item: Leftovers\n|upkeep\n|turn|42\n|\n|t:|1699382303\n|move|p2a: Eternatus|Protect|p2a: Eternatus\n|-singleturn|p2a: Eternatus|Protect\n|move|p1a: Zacian|Fire Fang|p2a: Eternatus\n|-activate|p2a: Eternatus|move: Protect\n|\n|-heal|p2a: Eternatus|98\/100|[from] item: Leftovers\n|upkeep\n|turn|43\n|\n|t:|1699382315\n|move|p1a: Zacian|Air Slash|p2a: Eternatus\n|-damage|p2a: Eternatus|87\/100\n|move|p2a: Eternatus|Substitute|p2a: Eternatus\n|-start|p2a: Eternatus|Substitute\n|-damage|p2a: Eternatus|62\/100\n|\n|-heal|p2a: Eternatus|69\/100|[from] item: Leftovers\n|upkeep\n|turn|44\n|\n|t:|1699382323\n|move|p1a: Zacian|Fire Fang|p2a: Eternatus|[miss]\n|-miss|p1a: Zacian|p2a: Eternatus\n|move|p2a: Eternatus|Toxic Spikes||[still]\n|-fail|p2a: Eternatus\n|\n|-heal|p2a: Eternatus|75\/100|[from] item: Leftovers\n|upkeep\n|turn|45\n|inactive|Oakwings has 120 seconds left.\n|\n|t:|1699382358\n|move|p1a: Zacian|Air Slash|p2a: Eternatus\n|-activate|p2a: Eternatus|move: Substitute|[damage]\n|move|p2a: Eternatus|Toxic Spikes||[still]\n|-fail|p2a: Eternatus\n|\n|-heal|p2a: Eternatus|81\/100|[from] item: Leftovers\n|upkeep\n|turn|46\n|\n|t:|1699382366\n|move|p1a: Zacian|Air Slash|p2a: Eternatus\n|-activate|p2a: Eternatus|move: Substitute|[damage]\n|move|p2a: Eternatus|Toxic Spikes||[still]\n|-fail|p2a: Eternatus\n|\n|-heal|p2a: Eternatus|87\/100|[from] item: Leftovers\n|upkeep\n|turn|47\n|\n|t:|1699382374\n|switch|p1a: Kingambit|Kingambit, M, shiny|100\/100\n|-activate|p1a: Kingambit|ability: Supreme Overlord\n|-start|p1a: Kingambit|fallen4|[silent]\n|move|p2a: Eternatus|Toxic Spikes||[still]\n|-fail|p2a: Eternatus\n|\n|-heal|p2a: Eternatus|93\/100|[from] item: Leftovers\n|upkeep\n|turn|48\n|\n|t:|1699382383\n|move|p2a: Eternatus|Toxic Spikes||[still]\n|-fail|p2a: Eternatus\n|move|p1a: Kingambit|X-Scissor|p2a: Eternatus\n|-resisted|p2a: Eternatus\n|-end|p2a: Eternatus|Substitute\n|\n|-heal|p2a: Eternatus|99\/100|[from] item: Leftovers\n|upkeep\n|turn|49\n|\n|t:|1699382393\n|move|p2a: Eternatus|Substitute|p2a: Eternatus\n|-start|p2a: Eternatus|Substitute\n|-damage|p2a: Eternatus|75\/100\n|move|p1a: Kingambit|X-Scissor|p2a: Eternatus\n|-resisted|p2a: Eternatus\n|-activate|p2a: Eternatus|move: Substitute|[damage]\n|\n|-heal|p2a: Eternatus|81\/100|[from] item: Leftovers\n|upkeep\n|turn|50\n|c|\u2606ToraMew|Just forfeit\n|\n|t:|1699382418\n|move|p2a: Eternatus|Toxic Spikes||[still]\n|-fail|p2a: Eternatus\n|move|p1a: Kingambit|X-Scissor|p2a: Eternatus\n|-resisted|p2a: Eternatus\n|-end|p2a: Eternatus|Substitute\n|\n|-heal|p2a: Eternatus|87\/100|[from] item: Leftovers\n|upkeep\n|turn|51\n|\n|t:|1699382427\n|move|p2a: Eternatus|Protect|p2a: Eternatus\n|-singleturn|p2a: Eternatus|Protect\n|move|p1a: Kingambit|X-Scissor|p2a: Eternatus\n|-activate|p2a: Eternatus|move: Protect\n|\n|-heal|p2a: Eternatus|93\/100|[from] item: Leftovers\n|upkeep\n|turn|52\n|\n|t:|1699382436\n|move|p2a: Eternatus|Toxic Spikes||[still]\n|-fail|p2a: Eternatus\n|move|p1a: Kingambit|X-Scissor|p2a: Eternatus\n|-resisted|p2a: Eternatus\n|-damage|p2a: Eternatus|77\/100\n|\n|-heal|p2a: Eternatus|83\/100|[from] item: Leftovers\n|upkeep\n|turn|53\n|\n|t:|1699382446\n|move|p2a: Eternatus|Toxic Spikes||[still]\n|-fail|p2a: Eternatus\n|move|p1a: Kingambit|X-Scissor|p2a: Eternatus\n|-resisted|p2a: Eternatus\n|-damage|p2a: Eternatus|66\/100\n|\n|-heal|p2a: Eternatus|72\/100|[from] item: Leftovers\n|upkeep\n|turn|54\n|\n|t:|1699382455\n|move|p2a: Eternatus|Toxic Spikes||[still]\n|-fail|p2a: Eternatus\n|move|p1a: Kingambit|X-Scissor|p2a: Eternatus\n|-resisted|p2a: Eternatus\n|-damage|p2a: Eternatus|56\/100\n|\n|-heal|p2a: Eternatus|62\/100|[from] item: Leftovers\n|upkeep\n|turn|55\n|\n|t:|1699382467\n|move|p2a: Eternatus|Protect|p2a: Eternatus\n|-singleturn|p2a: Eternatus|Protect\n|move|p1a: Kingambit|X-Scissor|p2a: Eternatus\n|-activate|p2a: Eternatus|move: Protect\n|\n|-heal|p2a: Eternatus|68\/100|[from] item: Leftovers\n|upkeep\n|turn|56\n|\n|t:|1699382485\n|move|p2a: Eternatus|Substitute|p2a: Eternatus\n|-start|p2a: Eternatus|Substitute\n|-damage|p2a: Eternatus|43\/100\n|move|p1a: Kingambit|X-Scissor|p2a: Eternatus\n|-resisted|p2a: Eternatus\n|-activate|p2a: Eternatus|move: Substitute|[damage]\n|\n|-heal|p2a: Eternatus|49\/100|[from] item: Leftovers\n|upkeep\n|turn|57\n|\n|t:|1699382498\n|move|p1a: Kingambit|Sucker Punch||[still]\n|-fail|p1a: Kingambit\n|move|p2a: Eternatus|Toxic Spikes||[still]\n|-fail|p2a: Eternatus\n|\n|-heal|p2a: Eternatus|56\/100|[from] item: Leftovers\n|upkeep\n|turn|58\n|\n|t:|1699382513\n|move|p2a: Eternatus|Toxic Spikes||[still]\n|-fail|p2a: Eternatus\n|-activate|p1a: Kingambit|move: Struggle\n|move|p1a: Kingambit|Struggle|p2a: Eternatus\n|-end|p2a: Eternatus|Substitute\n|-damage|p1a: Kingambit|75\/100|[from] recoil\n|\n|-heal|p2a: Eternatus|62\/100|[from] item: Leftovers\n|upkeep\n|turn|59\n|\n|t:|1699382524\n|move|p2a: Eternatus|Substitute|p2a: Eternatus\n|-start|p2a: Eternatus|Substitute\n|-damage|p2a: Eternatus|37\/100\n|-activate|p1a: Kingambit|move: Struggle\n|move|p1a: Kingambit|Struggle|p2a: Eternatus\n|-activate|p2a: Eternatus|move: Substitute|[damage]\n|-damage|p1a: Kingambit|50\/100|[from] recoil\n|\n|-heal|p2a: Eternatus|43\/100|[from] item: Leftovers\n|upkeep\n|turn|60\n|\n|t:|1699382533\n|move|p2a: Eternatus|Recover|p2a: Eternatus\n|-heal|p2a: Eternatus|93\/100\n|-activate|p1a: Kingambit|move: Struggle\n|move|p1a: Kingambit|Struggle|p2a: Eternatus\n|-end|p2a: Eternatus|Substitute\n|-damage|p1a: Kingambit|25\/100|[from] recoil\n|\n|-heal|p2a: Eternatus|99\/100|[from] item: Leftovers\n|upkeep\n|turn|61\n|\n|t:|1699382543\n|move|p2a: Eternatus|Protect|p2a: Eternatus\n|-singleturn|p2a: Eternatus|Protect\n|-activate|p1a: Kingambit|move: Struggle\n|move|p1a: Kingambit|Struggle|p2a: Eternatus\n|-activate|p2a: Eternatus|move: Protect\n|\n|-heal|p2a: Eternatus|100\/100|[from] item: Leftovers\n|upkeep\n|turn|62\n|\n|t:|1699382552\n|move|p2a: Eternatus|Toxic Spikes||[still]\n|-fail|p2a: Eternatus\n|-activate|p1a: Kingambit|move: Struggle\n|move|p1a: Kingambit|Struggle|p2a: Eternatus\n|-crit|p2a: Eternatus\n|-damage|p2a: Eternatus|70\/100\n|-damage|p1a: Kingambit|0 fnt|[from] recoil\n|faint|p1a: Kingambit\n|-end|p1a: Kingambit|fallen4|[silent]\n|\n|-heal|p2a: Eternatus|76\/100|[from] item: Leftovers\n|upkeep\n|\n|t:|1699382562\n|switch|p1a: Zacian|Zacian-Crowned|100\/100\n|turn|63\n|\n|t:|1699382569\n|move|p2a: Eternatus|Protect|p2a: Eternatus\n|-singleturn|p2a: Eternatus|Protect\n|move|p1a: Zacian|Air Slash|p2a: Eternatus\n|-activate|p2a: Eternatus|move: Protect\n|\n|-heal|p2a: Eternatus|82\/100|[from] item: Leftovers\n|upkeep\n|turn|64\n|\n|t:|1699382578\n|move|p1a: Zacian|Air Slash|p2a: Eternatus\n|-damage|p2a: Eternatus|71\/100\n|move|p2a: Eternatus|Substitute|p2a: Eternatus\n|-start|p2a: Eternatus|Substitute\n|-damage|p2a: Eternatus|46\/100\n|\n|-heal|p2a: Eternatus|52\/100|[from] item: Leftovers\n|upkeep\n|turn|65\n|\n|t:|1699382587\n|move|p1a: Zacian|Air Slash|p2a: Eternatus\n|-activate|p2a: Eternatus|move: Substitute|[damage]\n|move|p2a: Eternatus|Toxic Spikes||[still]\n|-fail|p2a: Eternatus\n|\n|-heal|p2a: Eternatus|59\/100|[from] item: Leftovers\n|upkeep\n|turn|66\n|\n|t:|1699382594\n|move|p1a: Zacian|Air Slash|p2a: Eternatus\n|-activate|p2a: Eternatus|move: Substitute|[damage]\n|move|p2a: Eternatus|Toxic Spikes||[still]\n|-fail|p2a: Eternatus\n|\n|-heal|p2a: Eternatus|65\/100|[from] item: Leftovers\n|upkeep\n|turn|67\n|\n|t:|1699382606\n|move|p1a: Zacian|Air Slash|p2a: Eternatus\n|-end|p2a: Eternatus|Substitute\n|move|p2a: Eternatus|Toxic Spikes||[still]\n|-fail|p2a: Eternatus\n|\n|-heal|p2a: Eternatus|71\/100|[from] item: Leftovers\n|upkeep\n|turn|68\n|\n|t:|1699382614\n|move|p2a: Eternatus|Protect|p2a: Eternatus\n|-singleturn|p2a: Eternatus|Protect\n|move|p1a: Zacian|Air Slash|p2a: Eternatus\n|-activate|p2a: Eternatus|move: Protect\n|\n|-heal|p2a: Eternatus|77\/100|[from] item: Leftovers\n|upkeep\n|turn|69\n|\n|t:|1699382622\n|move|p1a: Zacian|Air Slash|p2a: Eternatus\n|-damage|p2a: Eternatus|66\/100\n|move|p2a: Eternatus|Substitute|p2a: Eternatus\n|-start|p2a: Eternatus|Substitute\n|-damage|p2a: Eternatus|41\/100\n|\n|-heal|p2a: Eternatus|47\/100|[from] item: Leftovers\n|upkeep\n|turn|70\n|\n|t:|1699382631\n|move|p1a: Zacian|Air Slash|p2a: Eternatus\n|-activate|p2a: Eternatus|move: Substitute|[damage]\n|move|p2a: Eternatus|Toxic Spikes||[still]\n|-fail|p2a: Eternatus\n|\n|-heal|p2a: Eternatus|53\/100|[from] item: Leftovers\n|upkeep\n|turn|71\n|\n|t:|1699382639\n|move|p1a: Zacian|Air Slash|p2a: Eternatus\n|-activate|p2a: Eternatus|move: Substitute|[damage]\n|move|p2a: Eternatus|Toxic Spikes||[still]\n|-fail|p2a: Eternatus\n|\n|-heal|p2a: Eternatus|60\/100|[from] item: Leftovers\n|upkeep\n|turn|72\n|\n|t:|1699382650\n|move|p1a: Zacian|Dazzling Gleam|p2a: Eternatus\n|-end|p2a: Eternatus|Substitute\n|move|p2a: Eternatus|Toxic Spikes||[still]\n|-fail|p2a: Eternatus\n|\n|-heal|p2a: Eternatus|66\/100|[from] item: Leftovers\n|upkeep\n|turn|73\n|\n|t:|1699382666\n|move|p2a: Eternatus|Protect|p2a: Eternatus\n|-singleturn|p2a: Eternatus|Protect\n|move|p1a: Zacian|Dazzling Gleam|p2a: Eternatus\n|-activate|p2a: Eternatus|move: Protect\n|\n|-heal|p2a: Eternatus|72\/100|[from] item: Leftovers\n|upkeep\n|turn|74\n|\n|t:|1699382675\n|move|p1a: Zacian|Dazzling Gleam|p2a: Eternatus\n|-damage|p2a: Eternatus|56\/100\n|move|p2a: Eternatus|Substitute|p2a: Eternatus\n|-start|p2a: Eternatus|Substitute\n|-damage|p2a: Eternatus|31\/100\n|\n|-heal|p2a: Eternatus|38\/100|[from] item: Leftovers\n|upkeep\n|turn|75\n|\n|t:|1699382684\n|move|p1a: Zacian|Fire Fang|p2a: Eternatus\n|-resisted|p2a: Eternatus\n|-activate|p2a: Eternatus|move: Substitute|[damage]\n|move|p2a: Eternatus|Toxic Spikes||[still]\n|-fail|p2a: Eternatus\n|\n|-heal|p2a: Eternatus|44\/100|[from] item: Leftovers\n|upkeep\n|turn|76\n|\n|t:|1699382692\n|move|p1a: Zacian|Dazzling Gleam|p2a: Eternatus\n|-end|p2a: Eternatus|Substitute\n|move|p2a: Eternatus|Toxic Spikes||[still]\n|-fail|p2a: Eternatus\n|\n|-heal|p2a: Eternatus|50\/100|[from] item: Leftovers\n|upkeep\n|turn|77\n|\n|t:|1699382705\n|move|p1a: Zacian|Dazzling Gleam|p2a: Eternatus\n|-damage|p2a: Eternatus|33\/100\n|move|p2a: Eternatus|Substitute|p2a: Eternatus\n|-start|p2a: Eternatus|Substitute\n|-damage|p2a: Eternatus|8\/100\n|\n|-heal|p2a: Eternatus|14\/100|[from] item: Leftovers\n|upkeep\n|turn|78\n|\n|t:|1699382716\n|move|p1a: Zacian|Dazzling Gleam|p2a: Eternatus\n|-activate|p2a: Eternatus|move: Substitute|[damage]\n|move|p2a: Eternatus|Recover|p2a: Eternatus\n|-heal|p2a: Eternatus|64\/100\n|\n|-heal|p2a: Eternatus|71\/100|[from] item: Leftovers\n|upkeep\n|turn|79\n|\n|t:|1699382725\n|move|p1a: Zacian|Dazzling Gleam|p2a: Eternatus\n|-end|p2a: Eternatus|Substitute\n|move|p2a: Eternatus|Toxic Spikes||[still]\n|-fail|p2a: Eternatus\n|\n|-heal|p2a: Eternatus|77\/100|[from] item: Leftovers\n|upkeep\n|turn|80\n|\n|t:|1699382733\n|move|p2a: Eternatus|Protect|p2a: Eternatus\n|-singleturn|p2a: Eternatus|Protect\n|move|p1a: Zacian|Fire Fang|p2a: Eternatus\n|-activate|p2a: Eternatus|move: Protect\n|\n|-heal|p2a: Eternatus|83\/100|[from] item: Leftovers\n|upkeep\n|turn|81\n|\n|t:|1699382742\n|move|p1a: Zacian|Fire Fang|p2a: Eternatus\n|-resisted|p2a: Eternatus\n|-damage|p2a: Eternatus|74\/100\n|move|p2a: Eternatus|Toxic Spikes||[still]\n|-fail|p2a: Eternatus\n|\n|-heal|p2a: Eternatus|80\/100|[from] item: Leftovers\n|upkeep\n|turn|82\n|\n|t:|1699382750\n|move|p1a: Zacian|Fire Fang|p2a: Eternatus\n|-resisted|p2a: Eternatus\n|-damage|p2a: Eternatus|71\/100\n|move|p2a: Eternatus|Toxic Spikes||[still]\n|-fail|p2a: Eternatus\n|\n|-heal|p2a: Eternatus|77\/100|[from] item: Leftovers\n|upkeep\n|turn|83\n|\n|t:|1699382759\n|move|p1a: Zacian|Fire Fang|p2a: Eternatus\n|-resisted|p2a: Eternatus\n|-damage|p2a: Eternatus|68\/100\n|move|p2a: Eternatus|Recover|p2a: Eternatus\n|-heal|p2a: Eternatus|100\/100\n|\n|upkeep\n|turn|84\n|\n|t:|1699382767\n|move|p2a: Eternatus|Protect|p2a: Eternatus\n|-singleturn|p2a: Eternatus|Protect\n|move|p1a: Zacian|Fire Fang|p2a: Eternatus\n|-activate|p2a: Eternatus|move: Protect\n|\n|upkeep\n|turn|85\n|\n|t:|1699382775\n|move|p1a: Zacian|Fire Fang|p2a: Eternatus\n|-resisted|p2a: Eternatus\n|-damage|p2a: Eternatus|92\/100\n|move|p2a: Eternatus|Recover|p2a: Eternatus\n|-heal|p2a: Eternatus|100\/100\n|\n|upkeep\n|turn|86\n|\n|t:|1699382782\n|move|p1a: Zacian|Fire Fang|p2a: Eternatus\n|-resisted|p2a: Eternatus\n|-damage|p2a: Eternatus|91\/100\n|-activate|p2a: Eternatus|move: Struggle\n|move|p2a: Eternatus|Struggle|p1a: Zacian\n|-damage|p1a: Zacian|92\/100\n|-damage|p2a: Eternatus|66\/100|[from] recoil\n|\n|-heal|p2a: Eternatus|72\/100|[from] item: Leftovers\n|upkeep\n|turn|87\n|\n|t:|1699382792\n|move|p1a: Zacian|Fire Fang|p2a: Eternatus\n|-resisted|p2a: Eternatus\n|-damage|p2a: Eternatus|63\/100\n|-activate|p2a: Eternatus|move: Struggle\n|move|p2a: Eternatus|Struggle|p1a: Zacian\n|-damage|p1a: Zacian|84\/100\n|-damage|p2a: Eternatus|38\/100|[from] recoil\n|\n|-heal|p2a: Eternatus|44\/100|[from] item: Leftovers\n|upkeep\n|turn|88\n|\n|t:|1699382802\n|move|p1a: Zacian|Fire Fang|p2a: Eternatus\n|-resisted|p2a: Eternatus\n|-damage|p2a: Eternatus|36\/100\n|-activate|p2a: Eternatus|move: Struggle\n|move|p2a: Eternatus|Struggle|p1a: Zacian\n|-damage|p1a: Zacian|76\/100\n|-damage|p2a: Eternatus|11\/100|[from] recoil\n|\n|-heal|p2a: Eternatus|17\/100|[from] item: Leftovers\n|upkeep\n|turn|89\n|\n|t:|1699382813\n|-activate|p1a: Zacian|move: Struggle\n|move|p1a: Zacian|Struggle|p2a: Eternatus\n|-crit|p2a: Eternatus\n|-damage|p2a: Eternatus|0 fnt\n|faint|p2a: Eternatus\n|-damage|p1a: Zacian|51\/100|[from] recoil\n|\n|win|Oakwings\n|raw|Oakwings's rating: 1199 &rarr; <strong>1224<\/strong><br \/>(+25 for winning)\n|raw|ToraMew's rating: 1195 &rarr; <strong>1170<\/strong><br \/>(-25 for losing)\n","uploadtime":1699382823,"views":5,"p1id":"oakwings","p2id":"toramew","formatid":"gen9anythinggoes","rating":1170,"private":0,"password":""}