{"id":"gen9anythinggoes-1983018302","p1":"americanboy69","p2":"BioCaps","format":"[Gen 9] Anything Goes","log":"|j|\u2606americanboy69\n|j|\u2606BioCaps\n|t:|1699070693\n|gametype|singles\n|player|p1|americanboy69|lucas|1327\n|player|p2|BioCaps|ethan|1533\n|teamsize|p1|6\n|teamsize|p2|6\n|gen|9\n|tier|[Gen 9] Anything Goes\n|rated|\n|rule|HP Percentage Mod: HP is shown in percentages\n|rule|Endless Battle Clause: Forcing endless battles is banned\n|clearpoke\n|poke|p1|Calyrex-Shadow|\n|poke|p1|Pawmot, F|\n|poke|p1|Kyogre|\n|poke|p1|Houndstone, M|\n|poke|p1|Zacian-*|\n|poke|p1|Urshifu-*, M|\n|poke|p2|Calyrex-Ice|\n|poke|p2|Roaring Moon|\n|poke|p2|Typhlosion, M|\n|poke|p2|Hatterene, F|\n|poke|p2|Gengar, M|\n|poke|p2|Koraidon|\n|teampreview\n|inactive|Battle timer is ON: inactive players will automatically lose when time's up. (requested by BioCaps)\n|inactive|americanboy69 also wants the timer to be on.\n|\n|t:|1699070711\n|start\n|switch|p1a: Urshifu|Urshifu, M|100\/100\n|switch|p2a: Koraidon|Koraidon|100\/100\n|-weather|SunnyDay|[from] ability: Orichalcum Pulse|[of] p2a: Koraidon\n|-activate|p2a: Koraidon|Orichalcum Pulse|[source]\n|turn|1\n|\n|t:|1699070718\n|move|p2a: Koraidon|Swords Dance|p2a: Koraidon\n|-boost|p2a: Koraidon|atk|2\n|move|p1a: Urshifu|Taunt|p2a: Koraidon\n|-start|p2a: Koraidon|move: Taunt\n|\n|-weather|SunnyDay|[upkeep]\n|upkeep\n|turn|2\n|\n|t:|1699070725\n|move|p2a: Koraidon|Collision Course|p1a: Urshifu\n|-supereffective|p1a: Urshifu\n|-enditem|p1a: Urshifu|Focus Sash\n|-damage|p1a: Urshifu|1\/100\n|move|p1a: Urshifu|Swords Dance|p1a: Urshifu\n|-boost|p1a: Urshifu|atk|2\n|\n|-weather|SunnyDay|[upkeep]\n|upkeep\n|turn|3\n|\n|t:|1699070731\n|move|p1a: Urshifu|Sucker Punch|p2a: Koraidon\n|-resisted|p2a: Koraidon\n|-crit|p2a: Koraidon\n|-damage|p2a: Koraidon|52\/100\n|move|p2a: Koraidon|Scale Shot|p1a: Urshifu\n|-damage|p1a: Urshifu|0 fnt\n|faint|p1a: Urshifu\n|-hitcount|p1: Urshifu|1\n|-unboost|p2a: Koraidon|def|1\n|-boost|p2a: Koraidon|spe|1\n|\n|-weather|SunnyDay|[upkeep]\n|upkeep\n|\n|t:|1699070739\n|switch|p1a: WANNABE DOG|Zacian-Crowned|100\/100\n|-ability|p1a: WANNABE DOG|Intrepid Sword|boost\n|-boost|p1a: WANNABE DOG|atk|1\n|turn|4\n|\n|t:|1699070742\n|-terastallize|p1a: WANNABE DOG|Fairy\n|move|p2a: Koraidon|Collision Course|p1a: WANNABE DOG\n|-resisted|p1a: WANNABE DOG\n|-damage|p1a: WANNABE DOG|35\/100\n|move|p1a: WANNABE DOG|Play Rough|p2a: Koraidon\n|-supereffective|p2a: Koraidon\n|-damage|p2a: Koraidon|0 fnt\n|faint|p2a: Koraidon\n|\n|-weather|SunnyDay|[upkeep]\n|upkeep\n|\n|t:|1699070748\n|switch|p2a: Typhlosion|Typhlosion, M|100\/100\n|turn|5\n|\n|t:|1699070754\n|move|p2a: Typhlosion|Eruption|p1a: WANNABE DOG\n|-damage|p1a: WANNABE DOG|0 fnt\n|faint|p1a: WANNABE DOG\n|\n|-weather|none\n|upkeep\n|\n|t:|1699070765\n|switch|p1a: Im Random|Pawmot, F|100\/100\n|turn|6\n|\n|t:|1699070768\n|move|p2a: Typhlosion|Eruption|p1a: Im Random\n|-enditem|p1a: Im Random|Focus Sash\n|-damage|p1a: Im Random|1\/100\n|move|p1a: Im Random|Revival Blessing|p1a: Im Random\n|\n|t:|1699070778\n|-heal|p1: Urshifu|50\/100|[from] move: Revival Blessing\n|\n|upkeep\n|turn|7\n|\n|t:|1699070783\n|move|p2a: Typhlosion|Eruption|p1a: Im Random\n|-damage|p1a: Im Random|0 fnt\n|faint|p1a: Im Random\n|\n|upkeep\n|\n|t:|1699070787\n|switch|p1a: Urshifu|Urshifu, M|50\/100\n|turn|8\n|\n|t:|1699070791\n|switch|p2a: Gengar|Gengar, M|100\/100\n|move|p1a: Urshifu|Sucker Punch||[still]\n|-fail|p1a: Urshifu\n|\n|upkeep\n|turn|9\n|\n|t:|1699070798\n|move|p1a: Urshifu|Sucker Punch|p2a: Gengar\n|-supereffective|p2a: Gengar\n|-enditem|p2a: Gengar|Focus Sash\n|-damage|p2a: Gengar|1\/100\n|-start|p1a: Urshifu|Disable|Sucker Punch|[from] ability: Cursed Body|[of] p2a: Gengar\n|move|p2a: Gengar|Shadow Ball|p1a: Urshifu\n|-resisted|p1a: Urshifu\n|-damage|p1a: Urshifu|21\/100\n|\n|upkeep\n|turn|10\n|\n|t:|1699070806\n|move|p2a: Gengar|Energy Ball|p1a: Urshifu\n|-damage|p1a: Urshifu|0 fnt\n|faint|p1a: Urshifu\n|\n|upkeep\n|\n|t:|1699070812\n|switch|p1a: FAT WHALE|Kyogre|100\/100\n|-weather|RainDance|[from] ability: Drizzle|[of] p1a: FAT WHALE\n|turn|11\n|\n|t:|1699070815\n|move|p1a: FAT WHALE|Water Spout|p2a: Gengar\n|-damage|p2a: Gengar|0 fnt\n|faint|p2a: Gengar\n|\n|-weather|RainDance|[upkeep]\n|upkeep\n|\n|t:|1699070817\n|switch|p2a: Hatterene|Hatterene, F|100\/100\n|turn|12\n|\n|t:|1699070819\n|move|p1a: FAT WHALE|Water Spout|p2a: Hatterene\n|-enditem|p2a: Hatterene|Focus Sash\n|-damage|p2a: Hatterene|1\/100\n|move|p2a: Hatterene|Trick Room|p2a: Hatterene\n|-fieldstart|move: Trick Room|[of] p2a: Hatterene\n|\n|-weather|RainDance|[upkeep]\n|upkeep\n|turn|13\n|\n|t:|1699070826\n|switch|p1a: BREAKING BAD|Houndstone, M|100\/100\n|move|p2a: Hatterene|Psychic|p1a: BREAKING BAD\n|-damage|p1a: BREAKING BAD|34\/100\n|\n|-weather|RainDance|[upkeep]\n|upkeep\n|turn|14\n|\n|t:|1699070830\n|move|p1a: BREAKING BAD|Shadow Sneak|p2a: Hatterene\n|-supereffective|p2a: Hatterene\n|-damage|p2a: Hatterene|0 fnt\n|faint|p2a: Hatterene\n|\n|-weather|RainDance|[upkeep]\n|upkeep\n|\n|t:|1699070832\n|switch|p2a: Calyrex|Calyrex-Ice|100\/100\n|-ability|p2a: Calyrex|As One\n|-ability|p2a: Calyrex|Unnerve\n|turn|15\n|\n|t:|1699070838\n|move|p1a: BREAKING BAD|Protect|p1a: BREAKING BAD\n|-singleturn|p1a: BREAKING BAD|Protect\n|move|p2a: Calyrex|Glacial Lance|p1a: BREAKING BAD\n|-activate|p1a: BREAKING BAD|move: Protect\n|\n|-weather|none\n|upkeep\n|turn|16\n|\n|t:|1699070846\n|move|p1a: BREAKING BAD|Shadow Sneak|p2a: Calyrex\n|-supereffective|p2a: Calyrex\n|-damage|p2a: Calyrex|76\/100\n|-enditem|p2a: Calyrex|Weakness Policy\n|-boost|p2a: Calyrex|atk|2|[from] item: Weakness Policy\n|-boost|p2a: Calyrex|spa|2|[from] item: Weakness Policy\n|move|p2a: Calyrex|Glacial Lance|p1a: BREAKING BAD\n|-damage|p1a: BREAKING BAD|0 fnt\n|faint|p1a: BREAKING BAD\n|-ability|p2a: Calyrex|Chilling Neigh|boost\n|-boost|p2a: Calyrex|atk|1\n|\n|-fieldend|move: Trick Room\n|upkeep\n|\n|t:|1699070859\n|switch|p1a: FAT WHALE|Kyogre|100\/100\n|-weather|RainDance|[from] ability: Drizzle|[of] p1a: FAT WHALE\n|turn|17\n|\n|t:|1699070861\n|move|p1a: FAT WHALE|Water Spout|p2a: Calyrex\n|-damage|p2a: Calyrex|0 fnt\n|faint|p2a: Calyrex\n|\n|-weather|RainDance|[upkeep]\n|upkeep\n|\n|t:|1699070866\n|switch|p2a: Typhlosion|Typhlosion, M|100\/100\n|turn|18\n|\n|t:|1699070870\n|-terastallize|p2a: Typhlosion|Grass\n|move|p2a: Typhlosion|Tera Blast|p1a: FAT WHALE|[anim] Tera Blast Grass\n|-supereffective|p1a: FAT WHALE\n|-damage|p1a: FAT WHALE|45\/100\n|move|p1a: FAT WHALE|Water Spout|p2a: Typhlosion\n|-resisted|p2a: Typhlosion\n|-crit|p2a: Typhlosion\n|-damage|p2a: Typhlosion|45\/100\n|\n|-weather|RainDance|[upkeep]\n|upkeep\n|turn|19\n|\n|t:|1699070879\n|move|p2a: Typhlosion|Tera Blast|p1a: FAT WHALE|[anim] Tera Blast Grass\n|-supereffective|p1a: FAT WHALE\n|-damage|p1a: FAT WHALE|0 fnt\n|faint|p1a: FAT WHALE\n|\n|-weather|RainDance|[upkeep]\n|upkeep\n|\n|t:|1699070882\n|switch|p1a: Emo Kid|Calyrex-Shadow|100\/100\n|-ability|p1a: Emo Kid|As One\n|-ability|p1a: Emo Kid|Unnerve\n|turn|20\n|\n|t:|1699070889\n|move|p2a: Typhlosion|Tera Blast|p1a: Emo Kid|[anim] Tera Blast Grass\n|-damage|p1a: Emo Kid|65\/100\n|move|p1a: Emo Kid|Astral Barrage|p2a: Typhlosion\n|-crit|p2a: Typhlosion\n|-damage|p2a: Typhlosion|0 fnt\n|faint|p2a: Typhlosion\n|-ability|p1a: Emo Kid|Grim Neigh|boost\n|-boost|p1a: Emo Kid|spa|1\n|\n|-weather|RainDance|[upkeep]\n|upkeep\n|\n|t:|1699070895\n|switch|p2a: Roaring Moon|Roaring Moon|100\/100\n|-enditem|p2a: Roaring Moon|Booster Energy\n|-activate|p2a: Roaring Moon|ability: Protosynthesis|[fromitem]\n|-start|p2a: Roaring Moon|protosynthesisatk\n|turn|21\n|\n|t:|1699070898\n|move|p1a: Emo Kid|Draining Kiss|p2a: Roaring Moon\n|-supereffective|p2a: Roaring Moon\n|-crit|p2a: Roaring Moon\n|-damage|p2a: Roaring Moon|0 fnt\n|-heal|p1a: Emo Kid|100\/100|[from] drain|[of] p2a: Roaring Moon\n|faint|p2a: Roaring Moon\n|-end|p2a: Roaring Moon|Protosynthesis|[silent]\n|\n|win|americanboy69\n|raw|americanboy69's rating: 1327 &rarr; <strong>1358<\/strong><br \/>(+31 for winning)\n|raw|BioCaps's rating: 1533 &rarr; <strong>1502<\/strong><br \/>(-31 for losing)\n|l|\u2606BioCaps\n","uploadtime":1699070914,"views":9,"p1id":"americanboy69","p2id":"biocaps","formatid":"gen9anythinggoes","rating":1358,"private":0,"password":""}