{"id":"gen9anythinggoes-1997090400","p1":"SystemTime","p2":"Tochiyeah","format":"[Gen 9] Anything Goes","log":"|j|\u2606SystemTime\n|j|\u2606Tochiyeah\n|t:|1700763510\n|gametype|singles\n|player|p1|SystemTime|gambler|\n|player|p2|Tochiyeah|brock|\n|teamsize|p1|6\n|teamsize|p2|6\n|gen|9\n|tier|[Gen 9] Anything Goes\n|rule|HP Percentage Mod: HP is shown in percentages\n|rule|Endless Battle Clause: Forcing endless battles is banned\n|clearpoke\n|poke|p1|Landorus, M|\n|poke|p1|Dugtrio-Alola, F|\n|poke|p1|Lucario, M|\n|poke|p1|Rotom-Wash|\n|poke|p1|Cresselia, F|\n|poke|p1|Lokix, M|\n|poke|p2|Espeon, F|\n|poke|p2|Veluza, M|\n|poke|p2|Orthworm, M|\n|poke|p2|Toedscruel, M|\n|poke|p2|Garganacl, M|\n|poke|p2|Pawmot, M|\n|teampreview\n|\n|t:|1700763516\n|start\n|switch|p1a: Landorus|Landorus, M, shiny|100\/100\n|switch|p2a: Espeon|Espeon, F, shiny|100\/100\n|turn|1\n|\n|t:|1700763522\n|move|p2a: Espeon|Light Screen|p2a: Espeon\n|-sidestart|p2: Tochiyeah|move: Light Screen\n|move|p1a: Landorus|Earth Power|p2a: Espeon\n|-damage|p2a: Espeon|58\/100\n|\n|upkeep\n|turn|2\n|\n|t:|1700763529\n|move|p2a: Espeon|Reflect|p2a: Espeon\n|-sidestart|p2: Tochiyeah|Reflect\n|move|p1a: Landorus|Earth Power|p2a: Espeon\n|-damage|p2a: Espeon|22\/100\n|\n|upkeep\n|turn|3\n|\n|t:|1700763541\n|move|p2a: Espeon|Yawn|p1a: Landorus\n|-start|p1a: Landorus|move: Yawn|[of] p2a: Espeon\n|move|p1a: Landorus|Earth Power|p2a: Espeon\n|-damage|p2a: Espeon|0 fnt\n|faint|p2a: Espeon\n|\n|upkeep\n|\n|t:|1700763547\n|switch|p2a: Orthworm|Orthworm, M|100\/100\n|turn|4\n|\n|t:|1700763554\n|switch|p1a: Rotom|Rotom-Wash|100\/100\n|move|p2a: Orthworm|Shed Tail|p2a: Orthworm\n|-start|p2a: Orthworm|Substitute|[from] move: Shed Tail\n|-damage|p2a: Orthworm|50\/100\n|\n|t:|1700763556\n|switch|p2a: Veluza|Veluza, M|100\/100|[from] Shed Tail\n|\n|upkeep\n|turn|5\n|\n|t:|1700763564\n|move|p1a: Rotom|Will-O-Wisp||[still]\n|-fail|p1a: Rotom\n|move|p2a: Veluza|Fillet Away|p2a: Veluza\n|-boost|p2a: Veluza|atk|2\n|-boost|p2a: Veluza|spa|2\n|-boost|p2a: Veluza|spe|2\n|-damage|p2a: Veluza|51\/100\n|\n|upkeep\n|turn|6\n|\n|t:|1700763570\n|move|p2a: Veluza|Psycho Cut|p1a: Rotom\n|-damage|p1a: Rotom|0 fnt\n|faint|p1a: Rotom\n|\n|upkeep\n|\n|t:|1700763575\n|switch|p1a: Lokix|Lokix, M|100\/100\n|turn|7\n|\n|t:|1700763580\n|switch|p1a: Cresselia|Cresselia, F|100\/100\n|move|p2a: Veluza|Aqua Cutter|p1a: Cresselia\n|-damage|p1a: Cresselia|19\/100\n|\n|-heal|p1a: Cresselia|25\/100|[from] item: Leftovers\n|upkeep\n|turn|8\n|\n|t:|1700763584\n|move|p2a: Veluza|Aqua Cutter|p1a: Cresselia\n|-crit|p1a: Cresselia\n|-damage|p1a: Cresselia|0 fnt\n|faint|p1a: Cresselia\n|\n|-sideend|p2: Tochiyeah|move: Light Screen\n|upkeep\n|\n|t:|1700763587\n|switch|p1a: Lucario|Lucario, M|100\/100\n|turn|9\n|\n|t:|1700763590\n|move|p1a: Lucario|Bullet Punch|p2a: Veluza\n|-resisted|p2a: Veluza\n|-activate|p2a: Veluza|move: Substitute|[damage]\n|move|p2a: Veluza|Aqua Cutter|p1a: Lucario\n|-damage|p1a: Lucario|0 fnt\n|faint|p1a: Lucario\n|\n|-sideend|p2: Tochiyeah|Reflect\n|upkeep\n|\n|t:|1700763592\n|switch|p1a: Lokix|Lokix, M|100\/100\n|turn|10\n|\n|t:|1700763594\n|move|p1a: Lokix|First Impression|p2a: Veluza\n|-supereffective|p2a: Veluza\n|-end|p2a: Veluza|Substitute\n|move|p2a: Veluza|Aqua Cutter|p1a: Lokix\n|-damage|p1a: Lokix|0 fnt\n|faint|p1a: Lokix\n|\n|upkeep\n|\n|t:|1700763600\n|switch|p1a: Dugtrio|Dugtrio-Alola, F|100\/100\n|turn|11\n|\n|t:|1700763606\n|move|p2a: Veluza|Aqua Jet|p1a: Dugtrio\n|-supereffective|p1a: Dugtrio\n|-damage|p1a: Dugtrio|0 fnt\n|-ability|p1a: Dugtrio|Tangling Hair\n|-unboost|p2a: Veluza|spe|1\n|faint|p1a: Dugtrio\n|\n|upkeep\n|\n|t:|1700763607\n|switch|p1a: Landorus|Landorus, M, shiny|100\/100\n|turn|12\n|\n|t:|1700763611\n|-terastallize|p1a: Landorus|Ghost\n|move|p2a: Veluza|Aqua Jet|p1a: Landorus\n|-damage|p1a: Landorus|47\/100\n|move|p1a: Landorus|Rock Slide|p2a: Veluza|[miss]\n|-miss|p1a: Landorus|p2a: Veluza\n|\n|upkeep\n|turn|13\n|\n|t:|1700763615\n|move|p2a: Veluza|Aqua Jet|p1a: Landorus\n|-damage|p1a: Landorus|0 fnt\n|faint|p1a: Landorus\n|\n|win|Tochiyeah\n|c|\u2606SystemTime|Nah\n|c|\u2606Tochiyeah|Gg\n|c|\u2606SystemTime|gg\n","uploadtime":1700763636,"views":4,"p1id":"systemtime","p2id":"tochiyeah","formatid":"gen9anythinggoes","rating":0,"private":0,"password":""}