{"id":"gen9anythinggoes-1993101133","p1":"zafsdfa","p2":"Astral Spectrier","format":"[Gen 9] Anything Goes","log":"|j|\u203dzafsdfa\n|j|\u2606Astral Spectrier\n|t:|1700264858\n|gametype|singles\n|player|p1|zafsdfa|drayden|1322\n|player|p2|Astral Spectrier|101|1613\n|teamsize|p1|6\n|teamsize|p2|6\n|gen|9\n|tier|[Gen 9] Anything Goes\n|rated|\n|rule|HP Percentage Mod: HP is shown in percentages\n|rule|Endless Battle Clause: Forcing endless battles is banned\n|clearpoke\n|poke|p1|Calyrex-Shadow|\n|poke|p1|Gliscor, M|\n|poke|p1|Appletun, M|\n|poke|p1|Slither Wing|\n|poke|p1|Torkoal, M|\n|poke|p1|Zacian-*|\n|poke|p2|Ribombee, M|\n|poke|p2|Koraidon|\n|poke|p2|Calyrex-Shadow|\n|poke|p2|Kyogre|\n|poke|p2|Miraidon|\n|poke|p2|Shaymin-Sky|\n|teampreview\n|inactive|Battle timer is ON: inactive players will automatically lose when time's up. (requested by zafsdfa)\n|\n|t:|1700264868\n|start\n|switch|p1a: Gliscor|Gliscor, M, shiny|100\/100\n|switch|p2a: Ribombee|Ribombee, M|100\/100\n|turn|1\n|\n|t:|1700264875\n|move|p2a: Ribombee|Sticky Web|p1a: Gliscor\n|-sidestart|p1: zafsdfa|move: Sticky Web\n|move|p1a: Gliscor|Toxic|p2a: Ribombee\n|-status|p2a: Ribombee|tox\n|\n|-damage|p2a: Ribombee|94\/100 tox|[from] psn\n|-status|p1a: Gliscor|tox|[from] item: Toxic Orb\n|upkeep\n|turn|2\n|\n|t:|1700264884\n|switch|p1a: Torkoal|Torkoal, M, shiny|100\/100\n|-activate|p1a: Torkoal|move: Sticky Web\n|-unboost|p1a: Torkoal|spe|1\n|-weather|SunnyDay|[from] ability: Drought|[of] p1a: Torkoal\n|move|p2a: Ribombee|Quiver Dance|p2a: Ribombee\n|-boost|p2a: Ribombee|spa|1\n|-boost|p2a: Ribombee|spd|1\n|-boost|p2a: Ribombee|spe|1\n|\n|-weather|SunnyDay|[upkeep]\n|-damage|p2a: Ribombee|82\/100 tox|[from] psn\n|upkeep\n|turn|3\n|\n|t:|1700264896\n|move|p2a: Ribombee|Baton Pass|p2a: Ribombee\n|\n|t:|1700264901\n|switch|p2a: Miraidon|Miraidon|100\/100|[from] Baton Pass\n|-fieldstart|move: Electric Terrain|[from] ability: Hadron Engine|[of] p2a: Miraidon\n|move|p1a: Torkoal|Yawn|p2a: Miraidon\n|-activate|p2a: Miraidon|move: Electric Terrain\n|\n|-weather|SunnyDay|[upkeep]\n|upkeep\n|turn|4\n|\n|t:|1700264912\n|switch|p1a: Gliscor|Gliscor, M, shiny|100\/100 tox\n|move|p2a: Miraidon|Calm Mind|p2a: Miraidon\n|-boost|p2a: Miraidon|spa|1\n|-boost|p2a: Miraidon|spd|1\n|\n|-weather|SunnyDay|[upkeep]\n|upkeep\n|turn|5\n|\n|t:|1700264919\n|-terastallize|p2a: Miraidon|Fairy\n|move|p2a: Miraidon|Dazzling Gleam|p1a: Gliscor\n|-damage|p1a: Gliscor|0 fnt\n|faint|p1a: Gliscor\n|\n|-weather|SunnyDay|[upkeep]\n|upkeep\n|-message|zafsdfa forfeited.\n|\n|win|Astral Spectrier\n|raw|zafsdfa's rating: 1322 &rarr; <strong>1316<\/strong><br \/>(-6 for losing)\n|raw|Astral Spectrier's rating: 1613 &rarr; <strong>1619<\/strong><br \/>(+6 for winning)\n|l|\u203dzafsdfa\n","uploadtime":1700264939,"views":4,"p1id":"zafsdfa","p2id":"astralspectrier","formatid":"gen9anythinggoes","rating":1316,"private":0,"password":""}