{"id":"gen9anythinggoes-1985766776","p1":"UhOhHotdog64","p2":"grrr233","format":"[Gen 9] Anything Goes","log":"|j|\u2606UhOhHotdog64\n|j|\u2606grrr233\n|t:|1699403988\n|gametype|singles\n|player|p1|UhOhHotdog64|169|1141\n|player|p2|grrr233|101|1046\n|teamsize|p1|6\n|teamsize|p2|1\n|gen|9\n|tier|[Gen 9] Anything Goes\n|rated|\n|rule|HP Percentage Mod: HP is shown in percentages\n|rule|Endless Battle Clause: Forcing endless battles is banned\n|clearpoke\n|poke|p1|Ursaluna, M|\n|poke|p1|Glimmora, M|\n|poke|p1|Kingambit, F|\n|poke|p1|Miraidon|\n|poke|p1|Kommo-o, F|\n|poke|p1|Annihilape, F|\n|poke|p2|Calyrex-Shadow|\n|teampreview\n|c|\u2606UhOhHotdog64|hi\n|\n|t:|1699404000\n|start\n|switch|p1a: Glimmora|Glimmora, M|100\/100\n|switch|p2a: Calyrex|Calyrex-Shadow|100\/100\n|-ability|p2a: Calyrex|As One\n|-ability|p2a: Calyrex|Unnerve\n|turn|1\n|\n|t:|1699404012\n|move|p2a: Calyrex|Astral Barrage|p1a: Glimmora\n|-damage|p1a: Glimmora|24\/100\n|move|p1a: Glimmora|Light Screen|p1a: Glimmora\n|-sidestart|p1: UhOhHotdog64|move: Light Screen\n|\n|upkeep\n|turn|2\n|\n|t:|1699404018\n|move|p2a: Calyrex|Giga Drain|p1a: Glimmora\n|-damage|p1a: Glimmora|9\/100\n|move|p1a: Glimmora|Spikes|p2a: Calyrex\n|-sidestart|p2: grrr233|Spikes\n|\n|upkeep\n|turn|3\n|\n|t:|1699404023\n|move|p2a: Calyrex|Psychic|p1a: Glimmora\n|-supereffective|p1a: Glimmora\n|-damage|p1a: Glimmora|0 fnt\n|faint|p1a: Glimmora\n|-ability|p2a: Calyrex|Grim Neigh|boost\n|-boost|p2a: Calyrex|spa|1\n|\n|upkeep\n|\n|t:|1699404030\n|switch|p1a: Ursaluna|Ursaluna, M|100\/100\n|turn|4\n|\n|t:|1699404039\n|move|p2a: Calyrex|Giga Drain|p1a: Ursaluna\n|-supereffective|p1a: Ursaluna\n|-damage|p1a: Ursaluna|50\/100\n|move|p1a: Ursaluna|Headlong Rush|p2a: Calyrex\n|-damage|p2a: Calyrex|6\/100\n|-unboost|p1a: Ursaluna|def|1\n|-unboost|p1a: Ursaluna|spd|1\n|\n|-status|p1a: Ursaluna|brn|[from] item: Flame Orb\n|upkeep\n|turn|5\n|\n|t:|1699404048\n|move|p2a: Calyrex|Giga Drain|p1a: Ursaluna\n|-supereffective|p1a: Ursaluna\n|-damage|p1a: Ursaluna|0 fnt\n|-heal|p2a: Calyrex|36\/100|[from] drain|[of] p1a: Ursaluna\n|faint|p1a: Ursaluna\n|-ability|p2a: Calyrex|Grim Neigh|boost\n|-boost|p2a: Calyrex|spa|1\n|-heal|p2a: Calyrex|43\/100|[from] item: Shell Bell|[of] p1: Ursaluna\n|\n|-sideend|p1: UhOhHotdog64|move: Light Screen\n|upkeep\n|\n|t:|1699404058\n|switch|p1a: Annihilape|Annihilape, F|100\/100\n|turn|6\n|\n|t:|1699404063\n|move|p2a: Calyrex|Astral Barrage|p1a: Annihilape\n|-supereffective|p1a: Annihilape\n|-damage|p1a: Annihilape|0 fnt\n|faint|p1a: Annihilape\n|-ability|p2a: Calyrex|Grim Neigh|boost\n|-boost|p2a: Calyrex|spa|1\n|-heal|p2a: Calyrex|58\/100|[from] item: Shell Bell|[of] p1: Annihilape\n|\n|upkeep\n|\n|t:|1699404071\n|switch|p1a: Kommo-o|Kommo-o, F|100\/100\n|turn|7\n|\n|t:|1699404075\n|move|p2a: Calyrex|Astral Barrage|p1a: Kommo-o\n|-damage|p1a: Kommo-o|0 fnt\n|faint|p1a: Kommo-o\n|-ability|p2a: Calyrex|Grim Neigh|boost\n|-boost|p2a: Calyrex|spa|1\n|-heal|p2a: Calyrex|69\/100|[from] item: Shell Bell|[of] p1: Kommo-o\n|\n|upkeep\n|\n|t:|1699404083\n|switch|p1a: Miraidon|Miraidon|100\/100\n|-fieldstart|move: Electric Terrain|[from] ability: Hadron Engine|[of] p1a: Miraidon\n|turn|8\n|\n|t:|1699404091\n|move|p2a: Calyrex|Astral Barrage|p1a: Miraidon\n|-damage|p1a: Miraidon|0 fnt\n|faint|p1a: Miraidon\n|-ability|p2a: Calyrex|Grim Neigh|boost\n|-boost|p2a: Calyrex|spa|1\n|-heal|p2a: Calyrex|81\/100|[from] item: Shell Bell|[of] p1: Miraidon\n|\n|upkeep\n|\n|t:|1699404099\n|switch|p1a: Kingambit|Kingambit, F|100\/100\n|-activate|p1a: Kingambit|ability: Supreme Overlord\n|-start|p1a: Kingambit|fallen5|[silent]\n|turn|9\n|\n|t:|1699404109\n|move|p2a: Calyrex|Astral Barrage|p1a: Kingambit\n|-resisted|p1a: Kingambit\n|-damage|p1a: Kingambit|0 fnt\n|faint|p1a: Kingambit\n|-end|p1a: Kingambit|fallen5|[silent]\n|-heal|p2a: Calyrex|96\/100|[from] item: Shell Bell|[of] p1: Kingambit\n|\n|win|grrr233\n|raw|UhOhHotdog64's rating: 1141 &rarr; <strong>1109<\/strong><br \/>(-32 for losing)\n|raw|grrr233's rating: 1046 &rarr; <strong>1088<\/strong><br \/>(+42 for winning)\n","uploadtime":1699404118,"views":6,"p1id":"uhohhotdog64","p2id":"grrr233","formatid":"gen9anythinggoes","rating":1088,"private":0,"password":""}