{"id":"gen9anythinggoes-1988569581","p1":"Yusuf3000","p2":"abonniertChaotix","format":"[Gen 9] Anything Goes","log":"|j|\u2606Yusuf3000\n|j|\u2606abonniertChaotix\n|t:|1699737186\n|gametype|singles\n|player|p1|Yusuf3000|parasollady|\n|player|p2|abonniertChaotix|whitney|\n|teamsize|p1|6\n|teamsize|p2|6\n|gen|9\n|tier|[Gen 9] Anything Goes\n|rule|HP Percentage Mod: HP is shown in percentages\n|rule|Endless Battle Clause: Forcing endless battles is banned\n|clearpoke\n|poke|p1|Mimikyu, F|\n|poke|p1|Grimmsnarl, M|\n|poke|p1|Rillaboom, M|\n|poke|p1|Landorus-Therian, M|\n|poke|p1|Zoroark-Hisui, M|\n|poke|p1|Revavroom, F|\n|poke|p2|Zapdos-Galar|\n|poke|p2|Arcanine, F|\n|poke|p2|Meowscarada, F|\n|poke|p2|Sylveon, M|\n|poke|p2|Empoleon, F|\n|poke|p2|Ursaring, M|\n|teampreview\n|c|\u2606Yusuf3000|gl\n|c|\u2606abonniertChaotix|u2\n|\n|t:|1699737248\n|start\n|switch|p1a: Revavroom|Revavroom, F|100\/100\n|switch|p2a: Meowscarada|Meowscarada, F|100\/100\n|turn|1\n|\n|t:|1699737261\n|move|p2a: Meowscarada|Spikes|p1a: Revavroom\n|-start|p2a: Meowscarada|typechange|Ground|[from] ability: Protean\n|-sidestart|p1: Yusuf3000|Spikes\n|move|p1a: Revavroom|Shadow Ball|p2a: Meowscarada\n|-damage|p2a: Meowscarada|12\/100\n|-damage|p1a: Revavroom|91\/100|[from] item: Life Orb\n|\n|upkeep\n|turn|2\n|\n|t:|1699737282\n|move|p2a: Meowscarada|Knock Off|p1a: Revavroom\n|-supereffective|p1a: Revavroom\n|-damage|p1a: Revavroom|0 fnt\n|replace|p1a: Zoroark|Zoroark-Hisui, M\n|-end|p1a: Zoroark|Illusion\n|-enditem|p1a: Zoroark|Life Orb|[from] move: Knock Off|[of] p2a: Meowscarada\n|faint|p1a: Zoroark\n|\n|upkeep\n|\n|t:|1699737293\n|switch|p1a: Revavroom|Revavroom, F|100\/100\n|-damage|p1a: Revavroom|88\/100|[from] Spikes\n|turn|3\n|\n|t:|1699737305\n|switch|p2a: Empoleon|Empoleon, F|100\/100\n|move|p1a: Revavroom|Toxic Spikes|p2a: Empoleon\n|-sidestart|p2: abonniertChaotix|move: Toxic Spikes\n|\n|-heal|p1a: Revavroom|94\/100|[from] item: Leftovers\n|upkeep\n|turn|4\n|\n|t:|1699737314\n|switch|p1a: Rillaboom|Rillaboom, M|100\/100\n|-damage|p1a: Rillaboom|88\/100|[from] Spikes\n|-fieldstart|move: Grassy Terrain|[from] ability: Grassy Surge|[of] p1a: Rillaboom\n|move|p2a: Empoleon|Stealth Rock|p1a: Rillaboom\n|-sidestart|p1: Yusuf3000|move: Stealth Rock\n|\n|-heal|p1a: Rillaboom|94\/100|[from] Grassy Terrain\n|upkeep\n|turn|5\n|\n|t:|1699737334\n|switch|p2a: Arcanine|Arcanine, F|100\/100\n|-ability|p2a: Arcanine|Intimidate|boost\n|-unboost|p1a: Rillaboom|atk|1\n|move|p1a: Rillaboom|Knock Off|p2a: Arcanine\n|-damage|p2a: Arcanine|76\/100\n|-enditem|p2a: Arcanine|Heavy-Duty Boots|[from] move: Knock Off|[of] p1a: Rillaboom\n|\n|-heal|p2a: Arcanine|82\/100|[from] Grassy Terrain\n|-heal|p1a: Rillaboom|100\/100|[from] Grassy Terrain\n|upkeep\n|turn|6\n|\n|t:|1699737341\n|switch|p1a: Landorus|Landorus-Therian, M|100\/100\n|-damage|p1a: Landorus|88\/100|[from] Stealth Rock\n|-ability|p1a: Landorus|Intimidate|boost\n|-unboost|p2a: Arcanine|atk|1\n|move|p2a: Arcanine|Will-O-Wisp|p1a: Landorus\n|-status|p1a: Landorus|brn\n|\n|-heal|p2a: Arcanine|89\/100|[from] Grassy Terrain\n|-damage|p1a: Landorus|82\/100 brn|[from] brn\n|upkeep\n|turn|7\n|\n|t:|1699737359\n|switch|p2a: Sylveon|Sylveon, M|100\/100\n|move|p1a: Landorus|Earthquake|p2a: Sylveon\n|-damage|p2a: Sylveon|83\/100\n|\n|-heal|p2a: Sylveon|89\/100|[from] Grassy Terrain\n|-damage|p1a: Landorus|75\/100 brn|[from] brn\n|upkeep\n|turn|8\n|\n|t:|1699737368\n|switch|p1a: Revavroom|Revavroom, F|94\/100\n|-damage|p1a: Revavroom|82\/100|[from] Spikes\n|-damage|p1a: Revavroom|76\/100|[from] Stealth Rock\n|move|p2a: Sylveon|Baton Pass|p2a: Sylveon\n|\n|t:|1699737387\n|switch|p2a: Empoleon|Empoleon, F|100\/100|[from] Baton Pass\n|\n|-heal|p1a: Revavroom|82\/100|[from] Grassy Terrain\n|-heal|p1a: Revavroom|88\/100|[from] item: Leftovers\n|-fieldend|move: Grassy Terrain\n|upkeep\n|turn|9\n|\n|t:|1699737397\n|move|p1a: Revavroom|Toxic Spikes|p2a: Empoleon\n|-sidestart|p2: abonniertChaotix|move: Toxic Spikes\n|move|p2a: Empoleon|Flip Turn|p1a: Revavroom\n|-damage|p1a: Revavroom|70\/100\n|\n|t:|1699737402\n|switch|p2a: Arcanine|Arcanine, F|89\/100|[from] Flip Turn\n|-status|p2a: Arcanine|tox\n|-ability|p2a: Arcanine|Intimidate|boost\n|-unboost|p1a: Revavroom|atk|1\n|\n|-heal|p1a: Revavroom|76\/100|[from] item: Leftovers\n|-damage|p2a: Arcanine|82\/100 tox|[from] psn\n|upkeep\n|turn|10\n|\n|t:|1699737412\n|switch|p1a: Landorus|Landorus-Therian, M|75\/100 brn\n|-damage|p1a: Landorus|63\/100 brn|[from] Stealth Rock\n|-ability|p1a: Landorus|Intimidate|boost\n|-unboost|p2a: Arcanine|atk|1\n|move|p2a: Arcanine|Flare Blitz|p1a: Landorus\n|-damage|p1a: Landorus|31\/100 brn\n|-damage|p2a: Arcanine|73\/100 tox|[from] Recoil\n|\n|-damage|p2a: Arcanine|61\/100 tox|[from] psn\n|-damage|p1a: Landorus|25\/100 brn|[from] brn\n|upkeep\n|turn|11\n|\n|t:|1699737427\n|switch|p2a: Sylveon|Sylveon, M|89\/100\n|move|p1a: Landorus|U-turn|p2a: Sylveon\n|-resisted|p2a: Sylveon\n|-damage|p2a: Sylveon|81\/100\n|\n|t:|1699737436\n|switch|p1a: Revavroom|Revavroom, F|76\/100|[from] U-turn\n|-damage|p1a: Revavroom|64\/100|[from] Spikes\n|-damage|p1a: Revavroom|58\/100|[from] Stealth Rock\n|\n|-heal|p1a: Revavroom|64\/100|[from] item: Leftovers\n|upkeep\n|turn|12\n|\n|t:|1699737439\n|switch|p2a: Arcanine|Arcanine, F|61\/100 tox\n|-ability|p2a: Arcanine|Intimidate|boost\n|-unboost|p1a: Revavroom|atk|1\n|move|p1a: Revavroom|Spin Out|p2a: Arcanine\n|-resisted|p2a: Arcanine\n|-damage|p2a: Arcanine|51\/100 tox\n|-unboost|p1a: Revavroom|spe|2\n|\n|-heal|p1a: Revavroom|70\/100|[from] item: Leftovers\n|-damage|p2a: Arcanine|45\/100 tox|[from] psn\n|upkeep\n|turn|13\n|\n|t:|1699737450\n|move|p2a: Arcanine|Morning Sun|p2a: Arcanine\n|-heal|p2a: Arcanine|95\/100 tox\n|move|p1a: Revavroom|Parting Shot|p2a: Arcanine\n|-unboost|p2a: Arcanine|atk|1\n|-unboost|p2a: Arcanine|spa|1\n|\n|t:|1699737461\n|switch|p1a: Grimmsnarl|Grimmsnarl, M|100\/100|[from] Parting Shot\n|-damage|p1a: Grimmsnarl|88\/100|[from] Spikes\n|-damage|p1a: Grimmsnarl|76\/100|[from] Stealth Rock\n|\n|-damage|p2a: Arcanine|82\/100 tox|[from] psn\n|upkeep\n|turn|14\n|\n|t:|1699737474\n|switch|p2a: Sylveon|Sylveon, M|81\/100\n|move|p1a: Grimmsnarl|Reflect|p1a: Grimmsnarl\n|-sidestart|p1: Yusuf3000|Reflect\n|\n|upkeep\n|turn|15\n|\n|t:|1699737480\n|move|p1a: Grimmsnarl|Light Screen|p1a: Grimmsnarl\n|-sidestart|p1: Yusuf3000|move: Light Screen\n|move|p2a: Sylveon|Wish|p2a: Sylveon\n|\n|upkeep\n|turn|16\n|\n|t:|1699737484\n|move|p1a: Grimmsnarl|Spirit Break|p2a: Sylveon\n|-damage|p2a: Sylveon|44\/100\n|-unboost|p2a: Sylveon|spa|1\n|move|p2a: Sylveon|Hyper Voice|p1a: Grimmsnarl\n|-supereffective|p1a: Grimmsnarl\n|-damage|p1a: Grimmsnarl|57\/100\n|\n|-heal|p2a: Sylveon|94\/100|[from] move: Wish|[wisher] Sylveon\n|upkeep\n|turn|17\n|\n|t:|1699737492\n|move|p1a: Grimmsnarl|Thunder Wave|p2a: Sylveon\n|-status|p2a: Sylveon|par\n|move|p2a: Sylveon|Wish|p2a: Sylveon\n|\n|upkeep\n|turn|18\n|\n|t:|1699737498\n|move|p1a: Grimmsnarl|Spirit Break|p2a: Sylveon\n|-damage|p2a: Sylveon|58\/100 par\n|-unboost|p2a: Sylveon|spa|1\n|move|p2a: Sylveon|Hyper Voice|p1a: Grimmsnarl\n|-supereffective|p1a: Grimmsnarl\n|-damage|p1a: Grimmsnarl|42\/100\n|\n|-heal|p2a: Sylveon|100\/100 par|[from] move: Wish|[wisher] Sylveon\n|-sideend|p1: Yusuf3000|Reflect\n|upkeep\n|turn|19\n|\n|t:|1699737506\n|switch|p1a: Mimikyu|Mimikyu, F|100\/100\n|-damage|p1a: Mimikyu|88\/100|[from] Spikes\n|-damage|p1a: Mimikyu|76\/100|[from] Stealth Rock\n|move|p2a: Sylveon|Wish|p2a: Sylveon\n|\n|-sideend|p1: Yusuf3000|move: Light Screen\n|upkeep\n|turn|20\n|\n|t:|1699737525\n|switch|p2a: Arcanine|Arcanine, F|82\/100 tox\n|-ability|p2a: Arcanine|Intimidate|boost\n|-unboost|p1a: Mimikyu|atk|1\n|move|p1a: Mimikyu|Swords Dance|p1a: Mimikyu\n|-boost|p1a: Mimikyu|atk|2\n|\n|-heal|p2a: Arcanine|100\/100 tox|[from] move: Wish|[wisher] Sylveon\n|-damage|p2a: Arcanine|94\/100 tox|[from] psn\n|upkeep\n|turn|21\n|\n|t:|1699737567\n|move|p1a: Mimikyu|Swords Dance|p1a: Mimikyu\n|-boost|p1a: Mimikyu|atk|2\n|move|p2a: Arcanine|Will-O-Wisp|p1a: Mimikyu\n|-status|p1a: Mimikyu|brn\n|\n|-damage|p2a: Arcanine|82\/100 tox|[from] psn\n|-damage|p1a: Mimikyu|70\/100 brn|[from] brn\n|upkeep\n|turn|22\n|\n|t:|1699737579\n|move|p1a: Mimikyu|Swords Dance|p1a: Mimikyu\n|-boost|p1a: Mimikyu|atk|2\n|move|p2a: Arcanine|Flare Blitz|p1a: Mimikyu\n|-activate|p1a: Mimikyu|ability: Disguise\n|-damage|p1a: Mimikyu|70\/100 brn\n|detailschange|p1a: Mimikyu|Mimikyu-Busted, F\n|-damage|p1a: Mimikyu|58\/100 brn|[from] pokemon: Mimikyu-Busted\n|\n|-damage|p2a: Arcanine|63\/100 tox|[from] psn\n|-damage|p1a: Mimikyu|52\/100 brn|[from] brn\n|upkeep\n|turn|23\n|\n|t:|1699737590\n|move|p1a: Mimikyu|Play Rough|p2a: Arcanine\n|-resisted|p2a: Arcanine\n|-damage|p2a: Arcanine|30\/100 tox\n|-damage|p1a: Mimikyu|42\/100 brn|[from] item: Life Orb\n|move|p2a: Arcanine|Flare Blitz|p1a: Mimikyu\n|-damage|p1a: Mimikyu|0 fnt\n|faint|p1a: Mimikyu\n|-damage|p2a: Arcanine|22\/100 tox|[from] Recoil\n|\n|-damage|p2a: Arcanine|0 fnt|[from] psn\n|faint|p2a: Arcanine\n|upkeep\n|\n|t:|1699737605\n|switch|p1a: Rillaboom|Rillaboom, M|100\/100\n|switch|p2a: Zapdos|Zapdos-Galar|100\/100\n|-damage|p1a: Rillaboom|88\/100|[from] Spikes\n|-damage|p1a: Rillaboom|76\/100|[from] Stealth Rock\n|-fieldstart|move: Grassy Terrain|[from] ability: Grassy Surge|[of] p1a: Rillaboom\n|turn|24\n|\n|t:|1699737612\n|switch|p1a: Landorus|Landorus-Therian, M|25\/100 brn\n|-damage|p1a: Landorus|12\/100 brn|[from] Stealth Rock\n|-ability|p1a: Landorus|Intimidate|boost\n|-unboost|p2a: Zapdos|atk|1\n|-ability|p2a: Zapdos|Defiant|boost\n|-boost|p2a: Zapdos|atk|2\n|move|p2a: Zapdos|Brave Bird|p1a: Landorus\n|-damage|p1a: Landorus|0 fnt\n|faint|p1a: Landorus\n|-damage|p2a: Zapdos|97\/100|[from] Recoil\n|\n|upkeep\n|\n|t:|1699737617\n|switch|p1a: Grimmsnarl|Grimmsnarl, M|42\/100\n|-damage|p1a: Grimmsnarl|29\/100|[from] Spikes\n|-damage|p1a: Grimmsnarl|17\/100|[from] Stealth Rock\n|turn|25\n|\n|t:|1699737620\n|switch|p2a: Sylveon|Sylveon, M|100\/100 par\n|move|p1a: Grimmsnarl|Thunder Wave|p2a: Sylveon\n|-fail|p2a: Sylveon|par\n|\n|-heal|p1a: Grimmsnarl|23\/100|[from] Grassy Terrain\n|upkeep\n|turn|26\n|\n|t:|1699737633\n|move|p1a: Grimmsnarl|Light Screen|p1a: Grimmsnarl\n|-sidestart|p1: Yusuf3000|move: Light Screen\n|move|p2a: Sylveon|Baton Pass|p2a: Sylveon\n|\n|t:|1699737636\n|switch|p2a: Meowscarada|Meowscarada, F|12\/100|[from] Baton Pass\n|\n|-heal|p2a: Meowscarada|19\/100|[from] Grassy Terrain\n|-heal|p1a: Grimmsnarl|29\/100|[from] Grassy Terrain\n|upkeep\n|turn|27\n|\n|t:|1699737643\n|move|p2a: Meowscarada|Leaf Storm|p1a: Grimmsnarl\n|-start|p2a: Meowscarada|typechange|Grass|[from] ability: Protean\n|-damage|p1a: Grimmsnarl|10\/100\n|-unboost|p2a: Meowscarada|spa|2\n|move|p1a: Grimmsnarl|Spirit Break|p2a: Meowscarada\n|-damage|p2a: Meowscarada|0 fnt\n|faint|p2a: Meowscarada\n|\n|-heal|p1a: Grimmsnarl|16\/100|[from] Grassy Terrain\n|upkeep\n|\n|t:|1699737648\n|switch|p2a: Sylveon|Sylveon, M|100\/100 par\n|turn|28\n|\n|t:|1699737661\n|switch|p1a: Revavroom|Revavroom, F|70\/100\n|-damage|p1a: Revavroom|58\/100|[from] Spikes\n|-damage|p1a: Revavroom|52\/100|[from] Stealth Rock\n|move|p2a: Sylveon|Hyper Voice|p1a: Revavroom\n|-resisted|p1a: Revavroom\n|-damage|p1a: Revavroom|48\/100\n|\n|-heal|p1a: Revavroom|54\/100|[from] Grassy Terrain\n|-heal|p1a: Revavroom|60\/100|[from] item: Leftovers\n|-fieldend|move: Grassy Terrain\n|upkeep\n|turn|29\n|\n|t:|1699737670\n|switch|p2a: Empoleon|Empoleon, F|100\/100\n|move|p1a: Revavroom|Spin Out|p2a: Empoleon\n|-resisted|p2a: Empoleon\n|-damage|p2a: Empoleon|90\/100\n|-unboost|p1a: Revavroom|spe|2\n|\n|-heal|p1a: Revavroom|66\/100|[from] item: Leftovers\n|upkeep\n|turn|30\n|\n|t:|1699737684\n|move|p2a: Empoleon|Flip Turn|p1a: Revavroom\n|-damage|p1a: Revavroom|47\/100\n|\n|t:|1699737687\n|switch|p2a: Ursaring|Ursaring, M|100\/100|[from] Flip Turn\n|-status|p2a: Ursaring|tox\n|move|p1a: Revavroom|Spin Out|p2a: Ursaring\n|-damage|p2a: Ursaring|79\/100 tox\n|-unboost|p1a: Revavroom|spe|2\n|\n|-heal|p1a: Revavroom|53\/100|[from] item: Leftovers\n|-damage|p2a: Ursaring|73\/100 tox|[from] psn\n|-sideend|p1: Yusuf3000|move: Light Screen\n|upkeep\n|turn|31\n|\n|t:|1699737699\n|move|p2a: Ursaring|Bulk Up|p2a: Ursaring\n|-boost|p2a: Ursaring|atk|1\n|-boost|p2a: Ursaring|def|1\n|move|p1a: Revavroom|Spin Out|p2a: Ursaring\n|-damage|p2a: Ursaring|59\/100 tox\n|-unboost|p1a: Revavroom|spe|2\n|\n|-heal|p1a: Revavroom|59\/100|[from] item: Leftovers\n|-damage|p2a: Ursaring|47\/100 tox|[from] psn\n|upkeep\n|turn|32\n|\n|t:|1699737707\n|move|p2a: Ursaring|Rest|p2a: Ursaring\n|-status|p2a: Ursaring|slp|[from] move: Rest\n|-heal|p2a: Ursaring|100\/100 slp|[silent]\n|move|p1a: Revavroom|Haze|p1a: Revavroom\n|-clearallboost\n|\n|-heal|p1a: Revavroom|65\/100|[from] item: Leftovers\n|upkeep\n|turn|33\n|\n|t:|1699737719\n|switch|p2a: Empoleon|Empoleon, F|90\/100\n|move|p1a: Revavroom|Spin Out|p2a: Empoleon\n|-resisted|p2a: Empoleon\n|-damage|p2a: Empoleon|80\/100\n|-unboost|p1a: Revavroom|spe|2\n|\n|-heal|p1a: Revavroom|71\/100|[from] item: Leftovers\n|upkeep\n|turn|34\n|\n|t:|1699737726\n|switch|p1a: Rillaboom|Rillaboom, M|76\/100\n|-damage|p1a: Rillaboom|63\/100|[from] Spikes\n|-damage|p1a: Rillaboom|51\/100|[from] Stealth Rock\n|-fieldstart|move: Grassy Terrain|[from] ability: Grassy Surge|[of] p1a: Rillaboom\n|move|p2a: Empoleon|Surf|p1a: Rillaboom\n|-resisted|p1a: Rillaboom\n|-damage|p1a: Rillaboom|33\/100\n|\n|-heal|p1a: Rillaboom|39\/100|[from] Grassy Terrain\n|-heal|p2a: Empoleon|86\/100|[from] Grassy Terrain\n|upkeep\n|turn|35\n|\n|t:|1699737742\n|switch|p2a: Ursaring|Ursaring, M|100\/100 slp\n|move|p1a: Rillaboom|Wood Hammer|p2a: Ursaring\n|-damage|p2a: Ursaring|35\/100 slp\n|-damage|p1a: Rillaboom|19\/100|[from] Recoil\n|\n|-heal|p1a: Rillaboom|25\/100|[from] Grassy Terrain\n|-heal|p2a: Ursaring|41\/100 slp|[from] Grassy Terrain\n|upkeep\n|turn|36\n|\n|t:|1699737756\n|-terastallize|p2a: Ursaring|Ghost\n|move|p1a: Rillaboom|Wood Hammer|p2a: Ursaring\n|-damage|p2a: Ursaring|0 fnt\n|faint|p2a: Ursaring\n|-damage|p1a: Rillaboom|12\/100|[from] Recoil\n|\n|-heal|p1a: Rillaboom|19\/100|[from] Grassy Terrain\n|upkeep\n|\n|t:|1699737762\n|switch|p2a: Zapdos|Zapdos-Galar|97\/100\n|turn|37\n|\n|t:|1699737765\n|switch|p1a: Revavroom|Revavroom, F|71\/100\n|-damage|p1a: Revavroom|59\/100|[from] Spikes\n|-damage|p1a: Revavroom|53\/100|[from] Stealth Rock\n|move|p2a: Zapdos|Close Combat|p1a: Revavroom\n|-damage|p1a: Revavroom|0 fnt\n|-unboost|p2a: Zapdos|def|1\n|-unboost|p2a: Zapdos|spd|1\n|faint|p1a: Revavroom\n|\n|upkeep\n|\n|t:|1699737772\n|switch|p1a: Grimmsnarl|Grimmsnarl, M|16\/100\n|-damage|p1a: Grimmsnarl|3\/100|[from] Spikes\n|-damage|p1a: Grimmsnarl|0 fnt|[from] Stealth Rock\n|faint|p1a: Grimmsnarl\n|\n|t:|1699737776\n|switch|p1a: Rillaboom|Rillaboom, M|19\/100\n|-damage|p1a: Rillaboom|6\/100|[from] Spikes\n|-damage|p1a: Rillaboom|0 fnt|[from] Stealth Rock\n|faint|p1a: Rillaboom\n|\n|win|abonniertChaotix\n|c|\u2606abonniertChaotix|gg\n|c|\u2606Yusuf3000|gg\n|l|\u2606Yusuf3000\n|c|\u2606abonniertChaotix|ich poste eben\n","uploadtime":1699737790,"views":22,"p1id":"yusuf3000","p2id":"abonniertchaotix","formatid":"gen9anythinggoes","rating":0,"private":0,"password":""}