{"id":"gen9anythinggoes-1977751580","p1":"MemeMimicks","p2":"edging deez","format":"[Gen 9] Anything Goes","log":"|j|\u2606MemeMimicks\n|j|\u2606edging deez\n|t:|1698445382\n|gametype|singles\n|player|p1|MemeMimicks|emmet|1125\n|player|p2|edging deez|170|1255\n|teamsize|p1|6\n|teamsize|p2|6\n|gen|9\n|tier|[Gen 9] Anything Goes\n|rated|\n|rule|HP Percentage Mod: HP is shown in percentages\n|rule|Endless Battle Clause: Forcing endless battles is banned\n|clearpoke\n|poke|p1|Cyclizar, M|\n|poke|p1|Annihilape, F|\n|poke|p1|Staraptor, M|\n|poke|p1|Calyrex-Shadow|\n|poke|p1|Ogerpon-Hearthflame, F|\n|poke|p1|Ursaluna-Bloodmoon, M|\n|poke|p2|Ribombee, M|\n|poke|p2|Glimmora, F|\n|poke|p2|Ninetales-Alola, M|\n|poke|p2|Great Tusk|\n|poke|p2|Manaphy|\n|poke|p2|Kingambit, M|\n|teampreview\n|\n|t:|1698445389\n|start\n|switch|p1a: Annihilape|Annihilape, F|100\/100\n|switch|p2a: Beez|Ribombee, M, shiny|100\/100\n|turn|1\n|\n|t:|1698445396\n|switch|p1a: Ursaluna|Ursaluna-Bloodmoon, M|100\/100\n|move|p2a: Beez|Stun Spore|p1a: Ursaluna\n|-status|p1a: Ursaluna|par\n|\n|upkeep\n|turn|2\n|\n|t:|1698445407\n|move|p2a: Beez|Sticky Web|p1a: Ursaluna\n|-sidestart|p1: MemeMimicks|move: Sticky Web\n|move|p1a: Ursaluna|Calm Mind|p1a: Ursaluna\n|-boost|p1a: Ursaluna|spa|1\n|-boost|p1a: Ursaluna|spd|1\n|\n|upkeep\n|turn|3\n|\n|t:|1698445412\n|move|p2a: Beez|U-turn|p1a: Ursaluna\n|-damage|p1a: Ursaluna|91\/100 par\n|\n|t:|1698445415\n|switch|p2a: Helm Master|Glimmora, F, shiny|100\/100|[from] U-turn\n|cant|p1a: Ursaluna|par\n|\n|upkeep\n|turn|4\n|\n|t:|1698445420\n|move|p2a: Helm Master|Stealth Rock|p1a: Ursaluna\n|-sidestart|p1: MemeMimicks|move: Stealth Rock\n|cant|p1a: Ursaluna|par\n|\n|upkeep\n|turn|5\n|\n|t:|1698445424\n|switch|p1a: Cyclizar|Cyclizar, M|100\/100\n|-activate|p1a: Cyclizar|move: Sticky Web\n|-unboost|p1a: Cyclizar|spe|1\n|-damage|p1a: Cyclizar|88\/100|[from] Stealth Rock\n|move|p2a: Helm Master|Spikes|p1a: Cyclizar\n|-sidestart|p1: MemeMimicks|Spikes\n|\n|-heal|p1a: Cyclizar|94\/100|[from] item: Leftovers\n|upkeep\n|turn|6\n|\n|t:|1698445433\n|move|p2a: Helm Master|Mortal Spin|p1a: Cyclizar\n|-damage|p1a: Cyclizar|85\/100\n|-status|p1a: Cyclizar|psn\n|move|p1a: Cyclizar|Rapid Spin|p2a: Helm Master\n|-resisted|p2a: Helm Master\n|-damage|p2a: Helm Master|92\/100\n|-boost|p1a: Cyclizar|spe|1\n|-activate|p2a: Helm Master|ability: Toxic Debris\n|-sidestart|p1: MemeMimicks|move: Toxic Spikes\n|-sideend|p1: MemeMimicks|Spikes|[from] move: Rapid Spin|[of] p1a: Cyclizar\n|-sideend|p1: MemeMimicks|Toxic Spikes|[from] move: Rapid Spin|[of] p1a: Cyclizar\n|-sideend|p1: MemeMimicks|Stealth Rock|[from] move: Rapid Spin|[of] p1a: Cyclizar\n|-sideend|p1: MemeMimicks|Sticky Web|[from] move: Rapid Spin|[of] p1a: Cyclizar\n|\n|-heal|p1a: Cyclizar|91\/100 psn|[from] item: Leftovers\n|-damage|p1a: Cyclizar|78\/100 psn|[from] psn\n|upkeep\n|turn|7\n|\n|t:|1698445447\n|move|p2a: Helm Master|Memento|p1a: Cyclizar\n|-unboost|p1a: Cyclizar|atk|2\n|-unboost|p1a: Cyclizar|spa|2\n|faint|p2a: Helm Master\n|move|p1a: Cyclizar|Dragon Tail|p2: Helm Master|[notarget]\n|-fail|p1a: Cyclizar\n|\n|-heal|p1a: Cyclizar|84\/100 psn|[from] item: Leftovers\n|-damage|p1a: Cyclizar|72\/100 psn|[from] psn\n|upkeep\n|\n|t:|1698445456\n|switch|p2a: Beez|Ribombee, M, shiny|100\/100\n|turn|8\n|\n|t:|1698445461\n|move|p2a: Beez|Moonblast|p1a: Cyclizar\n|-supereffective|p1a: Cyclizar\n|-damage|p1a: Cyclizar|0 fnt\n|faint|p1a: Cyclizar\n|\n|upkeep\n|\n|t:|1698445468\n|switch|p1a: Staraptor|Staraptor, M|100\/100\n|-ability|p1a: Staraptor|Intimidate|boost\n|-unboost|p2a: Beez|atk|1\n|turn|9\n|\n|t:|1698445473\n|move|p1a: Staraptor|Final Gambit|p2a: Beez\n|-enditem|p2a: Beez|Focus Sash\n|-damage|p2a: Beez|1\/100\n|faint|p1a: Staraptor\n|move|p2a: Beez|Stun Spore|p1: Staraptor|[notarget]\n|-fail|p2a: Beez\n|\n|upkeep\n|\n|t:|1698445481\n|switch|p1a: Calyrex|Calyrex-Shadow|100\/100\n|-ability|p1a: Calyrex|As One\n|-ability|p1a: Calyrex|Unnerve\n|turn|10\n|\n|t:|1698445487\n|switch|p2a: Commando|Kingambit, M, shiny|100\/100\n|-activate|p2a: Commando|ability: Supreme Overlord\n|-start|p2a: Commando|fallen1|[silent]\n|move|p1a: Calyrex|Dark Pulse|p2a: Commando\n|-resisted|p2a: Commando\n|-damage|p2a: Commando|84\/100\n|\n|upkeep\n|turn|11\n|\n|t:|1698445500\n|switch|p1a: Ursaluna|Ursaluna-Bloodmoon, M|91\/100 par\n|move|p2a: Commando|Swords Dance|p2a: Commando\n|-boost|p2a: Commando|atk|2\n|\n|upkeep\n|turn|12\n|\n|t:|1698445510\n|-terastallize|p2a: Commando|Dark\n|-terastallize|p1a: Ursaluna|Poison\n|move|p2a: Commando|Kowtow Cleave|p1a: Ursaluna\n|-damage|p1a: Ursaluna|0 fnt\n|faint|p1a: Ursaluna\n|\n|upkeep\n|\n|t:|1698445523\n|switch|p1a: Annihilape|Annihilape, F|100\/100\n|turn|13\n|\n|t:|1698445529\n|move|p1a: Annihilape|Final Gambit|p2a: Commando\n|-damage|p2a: Commando|0 fnt\n|faint|p1a: Annihilape\n|faint|p2a: Commando\n|-end|p2a: Commando|fallen1|[silent]\n|\n|upkeep\n|\n|t:|1698445536\n|switch|p1a: Ogerpon|Ogerpon-Hearthflame, F|100\/100\n|switch|p2a: Beez|Ribombee, M, shiny|1\/100\n|-ability|p1a: Ogerpon|Mold Breaker\n|turn|14\n|\n|t:|1698445541\n|move|p2a: Beez|Sticky Web|p1a: Ogerpon\n|-sidestart|p1: MemeMimicks|move: Sticky Web\n|move|p1a: Ogerpon|Trailblaze|p2a: Beez\n|-resisted|p2a: Beez\n|-damage|p2a: Beez|0 fnt\n|-boost|p1a: Ogerpon|spe|1\n|faint|p2a: Beez\n|\n|upkeep\n|\n|t:|1698445551\n|switch|p2a: Nymph|Ninetales-Alola, M, shiny|100\/100\n|-weather|Snow|[from] ability: Snow Warning|[of] p2a: Nymph\n|turn|15\n|\n|t:|1698445557\n|move|p1a: Ogerpon|Swords Dance|p1a: Ogerpon\n|-boost|p1a: Ogerpon|atk|2\n|move|p2a: Nymph|Aurora Veil|p2a: Nymph\n|-sidestart|p2: edging deez|move: Aurora Veil\n|\n|-weather|Snow|[upkeep]\n|upkeep\n|turn|16\n|\n|t:|1698445579\n|switch|p2a: Spirit|Manaphy, shiny|100\/100\n|move|p1a: Ogerpon|Swords Dance|p1a: Ogerpon\n|-boost|p1a: Ogerpon|atk|2\n|\n|-weather|Snow|[upkeep]\n|upkeep\n|turn|17\n|\n|t:|1698445586\n|move|p1a: Ogerpon|Horn Leech|p2a: Spirit\n|-supereffective|p2a: Spirit\n|-damage|p2a: Spirit|0 fnt\n|faint|p2a: Spirit\n|\n|-weather|Snow|[upkeep]\n|upkeep\n|\n|t:|1698445592\n|switch|p2a: Spinny|Great Tusk, shiny|100\/100\n|turn|18\n|\n|t:|1698445599\n|move|p1a: Ogerpon|Horn Leech|p2a: Spinny\n|-supereffective|p2a: Spinny\n|-damage|p2a: Spinny|24\/100\n|-enditem|p2a: Spinny|Sitrus Berry|[eat]\n|-heal|p2a: Spinny|48\/100|[from] item: Sitrus Berry\n|move|p2a: Spinny|Headlong Rush|p1a: Ogerpon\n|-damage|p1a: Ogerpon|3\/100\n|-unboost|p2a: Spinny|def|1\n|-unboost|p2a: Spinny|spd|1\n|\n|-weather|Snow|[upkeep]\n|upkeep\n|turn|19\n|\n|t:|1698445609\n|-end|p2a: Spinny|Protosynthesis|[silent]\n|switch|p2a: Nymph|Ninetales-Alola, M, shiny|100\/100\n|move|p1a: Ogerpon|Horn Leech|p2a: Nymph\n|-damage|p2a: Nymph|30\/100\n|-heal|p1a: Ogerpon|36\/100|[from] drain|[of] p2a: Nymph\n|\n|-weather|none\n|upkeep\n|turn|20\n|c|\u2606edging deez|Average rex user\n|-message|edging deez forfeited.\n|\n|win|MemeMimicks\n|raw|MemeMimicks's rating: 1125 &rarr; <strong>1159<\/strong><br \/>(+34 for winning)\n|raw|edging deez's rating: 1255 &rarr; <strong>1221<\/strong><br \/>(-34 for losing)\n|l|\u2606edging deez\n","uploadtime":1698445637,"views":7,"p1id":"mememimicks","p2id":"edgingdeez","formatid":"gen9anythinggoes","rating":1159,"private":0,"password":""}