{"id":"gen9anythinggoes-1987971417","p1":"mcbap","p2":"McWap","format":"[Gen 9] Anything Goes","log":"|j|\u2606mcbap\n|j|\u2606McWap\n|t:|1699654553\n|gametype|singles\n|player|p1|mcbap|ghetsis-gen5bw|\n|player|p2|McWap|cynthia-gen4|\n|teamsize|p1|6\n|teamsize|p2|6\n|gen|9\n|tier|[Gen 9] Anything Goes\n|rule|HP Percentage Mod: HP is shown in percentages\n|rule|Endless Battle Clause: Forcing endless battles is banned\n|clearpoke\n|poke|p1|Torterra, M|\n|poke|p1|Gyarados, M|\n|poke|p1|Arcanine, M|\n|poke|p1|Haxorus, M|\n|poke|p1|Breloom, M|\n|poke|p1|Vikavolt, M|\n|poke|p2|Dialga|\n|poke|p2|Eternatus|\n|poke|p2|Rayquaza|\n|poke|p2|Hoopa-Unbound|\n|poke|p2|Arceus|\n|poke|p2|Mewtwo|\n|teampreview\n|\n|t:|1699654565\n|start\n|switch|p1a: Torterra|Torterra, M|100\/100\n|switch|p2a: King tutu|Arceus|100\/100\n|turn|1\n|\n|t:|1699654578\n|move|p2a: King tutu|Protect|p2a: King tutu\n|-singleturn|p2a: King tutu|Protect\n|move|p1a: Torterra|Shell Smash|p1a: Torterra\n|-unboost|p1a: Torterra|def|1\n|-unboost|p1a: Torterra|spd|1\n|-boost|p1a: Torterra|atk|2\n|-boost|p1a: Torterra|spa|2\n|-boost|p1a: Torterra|spe|2\n|\n|upkeep\n|turn|2\n|\n|t:|1699654593\n|switch|p2a: Long dick|Rayquaza|100\/100\n|-ability|p2a: Long dick|Air Lock\n|move|p1a: Torterra|Shell Smash|p1a: Torterra\n|-unboost|p1a: Torterra|def|1\n|-unboost|p1a: Torterra|spd|1\n|-boost|p1a: Torterra|atk|2\n|-boost|p1a: Torterra|spa|2\n|-boost|p1a: Torterra|spe|2\n|\n|upkeep\n|turn|3\n|\n|t:|1699654605\n|switch|p2a: King tutu|Arceus|100\/100\n|move|p1a: Torterra|Shell Smash|p1a: Torterra\n|-unboost|p1a: Torterra|def|1\n|-unboost|p1a: Torterra|spd|1\n|-boost|p1a: Torterra|atk|2\n|-boost|p1a: Torterra|spa|2\n|-boost|p1a: Torterra|spe|2\n|\n|upkeep\n|turn|4\n|\n|t:|1699654616\n|-terastallize|p2a: King tutu|Normal\n|move|p2a: King tutu|Protect|p2a: King tutu\n|-singleturn|p2a: King tutu|Protect\n|move|p1a: Torterra|Earthquake|p2a: King tutu\n|-activate|p2a: King tutu|move: Protect\n|\n|upkeep\n|turn|5\n|\n|t:|1699654626\n|move|p1a: Torterra|Earthquake|p2a: King tutu\n|-crit|p2a: King tutu\n|-damage|p2a: King tutu|0 fnt\n|faint|p2a: King tutu\n|\n|upkeep\n|\n|t:|1699654641\n|switch|p2a: Stick salamander|Eternatus|100\/100\n|-ability|p2a: Stick salamander|Pressure\n|turn|6\n|l|\u2606McWap\n|player|p2|\n|j|\u2606McWap\n|player|p2|McWap|cynthia-gen4\n|\n|t:|1699656754\n|move|p1a: Torterra|Rock Blast|p2a: Stick salamander\n|-damage|p2a: Stick salamander|79\/100\n|-damage|p2a: Stick salamander|60\/100\n|-damage|p2a: Stick salamander|41\/100\n|-damage|p2a: Stick salamander|22\/100\n|-damage|p2a: Stick salamander|2\/100\n|-hitcount|p2a: Stick salamander|5\n|move|p2a: Stick salamander|Sludge Bomb|p1a: Torterra\n|-damage|p1a: Torterra|0 fnt\n|faint|p1a: Torterra\n|\n|upkeep\n|\n|t:|1699656783\n|switch|p1a: Breloom|Breloom, M, shiny|100\/100\n|turn|7\n|\n|t:|1699656819\n|move|p1a: Breloom|Mach Punch|p2a: Stick salamander\n|-resisted|p2a: Stick salamander\n|-damage|p2a: Stick salamander|0 fnt\n|faint|p2a: Stick salamander\n|\n|upkeep\n|\n|t:|1699656829\n|switch|p2a: Purple dick|Mewtwo|100\/100\n|-ability|p2a: Purple dick|Pressure\n|turn|8\n|\n|t:|1699656856\n|move|p2a: Purple dick|Psystrike|p1a: Breloom\n|-supereffective|p1a: Breloom\n|-damage|p1a: Breloom|0 fnt\n|faint|p1a: Breloom\n|\n|upkeep\n|\n|t:|1699656865\n|switch|p1a: Vikavolt|Vikavolt, M|100\/100\n|turn|9\n|\n|t:|1699656872\n|move|p2a: Purple dick|Psystrike|p1a: Vikavolt\n|-damage|p1a: Vikavolt|34\/100\n|move|p1a: Vikavolt|Bug Buzz|p2a: Purple dick\n|-supereffective|p2a: Purple dick\n|-damage|p2a: Purple dick|0 fnt\n|faint|p2a: Purple dick\n|\n|-heal|p1a: Vikavolt|40\/100|[from] item: Leftovers\n|upkeep\n|\n|t:|1699656886\n|switch|p2a: Long dick|Rayquaza|100\/100\n|-ability|p2a: Long dick|Air Lock\n|turn|10\n|\n|t:|1699656898\n|move|p2a: Long dick|Draco Meteor|p1a: Vikavolt\n|-damage|p1a: Vikavolt|0 fnt\n|-unboost|p2a: Long dick|spa|2\n|faint|p1a: Vikavolt\n|\n|upkeep\n|\n|t:|1699656906\n|switch|p1a: Haxorus|Haxorus, M|100\/100\n|turn|11\n|\n|t:|1699656933\n|move|p2a: Long dick|Dragon Ascent|p1a: Haxorus\n|-damage|p1a: Haxorus|39\/100\n|-unboost|p2a: Long dick|def|1\n|-unboost|p2a: Long dick|spd|1\n|move|p1a: Haxorus|Scale Shot|p2a: Long dick\n|-supereffective|p2a: Long dick\n|-damage|p2a: Long dick|61\/100\n|-supereffective|p2a: Long dick\n|-damage|p2a: Long dick|22\/100\n|-supereffective|p2a: Long dick\n|-damage|p2a: Long dick|0 fnt\n|faint|p2a: Long dick\n|-hitcount|p2: Long dick|3\n|-unboost|p1a: Haxorus|def|1\n|-boost|p1a: Haxorus|spe|1\n|\n|upkeep\n|\n|t:|1699656963\n|switch|p2a: Lot-a-holes|Hoopa-Unbound|100\/100\n|turn|12\n|\n|t:|1699656998\n|move|p1a: Haxorus|Scale Shot|p2a: Lot-a-holes\n|-damage|p2a: Lot-a-holes|76\/100\n|-damage|p2a: Lot-a-holes|50\/100\n|-damage|p2a: Lot-a-holes|27\/100\n|-damage|p2a: Lot-a-holes|2\/100\n|-damage|p2a: Lot-a-holes|0 fnt\n|faint|p2a: Lot-a-holes\n|-hitcount|p2: Lot-a-holes|5\n|-unboost|p1a: Haxorus|def|1\n|-boost|p1a: Haxorus|spe|1\n|\n|upkeep\n|\n|t:|1699657016\n|switch|p2a: Peacock ass|Dialga|100\/100\n|-ability|p2a: Peacock ass|Pressure\n|turn|13\n|\n|t:|1699657056\n|move|p1a: Haxorus|Scale Shot|p2a: Peacock ass\n|-damage|p2a: Peacock ass|90\/100\n|-damage|p2a: Peacock ass|78\/100\n|-damage|p2a: Peacock ass|66\/100\n|-damage|p2a: Peacock ass|54\/100\n|-crit|p2a: Peacock ass\n|-damage|p2a: Peacock ass|38\/100\n|-hitcount|p2a: Peacock ass|5\n|-unboost|p1a: Haxorus|def|1\n|-boost|p1a: Haxorus|spe|1\n|move|p2a: Peacock ass|Steel Beam|p1a: Haxorus\n|-damage|p1a: Haxorus|0 fnt\n|-damage|p2a: Peacock ass|0 fnt|[from] steelbeam\n|faint|p2a: Peacock ass\n|faint|p1a: Haxorus\n|\n|win|mcbap\n","uploadtime":1699657077,"views":5,"p1id":"mcbap","p2id":"mcwap","formatid":"gen9anythinggoes","rating":0,"private":0,"password":""}