{"id":"gen9anythinggoes-1999211368","p1":"Khryce","p2":"JMNHM","format":"[Gen 9] Anything Goes","log":"|j|\u2606Khryce\n|j|\u2606JMNHM\n|t:|1701045965\n|gametype|singles\n|player|p1|Khryce|preschooler|1094\n|player|p2|JMNHM|1|1000\n|teamsize|p1|6\n|teamsize|p2|6\n|gen|9\n|tier|[Gen 9] Anything Goes\n|rated|\n|rule|HP Percentage Mod: HP is shown in percentages\n|rule|Endless Battle Clause: Forcing endless battles is banned\n|clearpoke\n|poke|p1|Empoleon, M|\n|poke|p1|Orthworm, M|\n|poke|p1|Goodra-Hisui, M|\n|poke|p1|Magnezone|\n|poke|p1|Revavroom, F|\n|poke|p1|Forretress, M|\n|poke|p2|Tinkaton, F|\n|poke|p2|Lucario, M|\n|poke|p2|Dragonite, F|\n|poke|p2|Zacian-*|\n|poke|p2|Rotom-Wash|\n|poke|p2|Iron Moth|\n|teampreview\n|inactive|Battle timer is ON: inactive players will automatically lose when time's up. (requested by Khryce)\n|\n|t:|1701045983\n|start\n|switch|p1a: Forretress|Forretress, M|100\/100\n|switch|p2a: Iron Moth|Iron Moth, shiny|100\/100\n|turn|1\n|\n|t:|1701045993\n|-terastallize|p2a: Iron Moth|Fire\n|-terastallize|p1a: Forretress|Dragon\n|move|p2a: Iron Moth|Flare Blitz|p1a: Forretress\n|-resisted|p1a: Forretress\n|-damage|p1a: Forretress|84\/100\n|-damage|p2a: Iron Moth|95\/100|[from] Recoil\n|move|p1a: Forretress|Rock Blast|p2a: Iron Moth\n|-supereffective|p2a: Iron Moth\n|-damage|p2a: Iron Moth|66\/100\n|-supereffective|p2a: Iron Moth\n|-damage|p2a: Iron Moth|38\/100\n|-supereffective|p2a: Iron Moth\n|-damage|p2a: Iron Moth|9\/100\n|-supereffective|p2a: Iron Moth\n|-damage|p2a: Iron Moth|0 fnt\n|faint|p2a: Iron Moth\n|-end|p2a: Iron Moth|Quark Drive|[silent]\n|-hitcount|p2: Iron Moth|4\n|\n|upkeep\n|\n|t:|1701046018\n|switch|p2a: Zacian|Zacian-Crowned, shiny|100\/100\n|-ability|p2a: Zacian|Intrepid Sword|boost\n|-boost|p2a: Zacian|atk|1\n|turn|2\n|\n|t:|1701046022\n|switch|p1a: Orthworm|Orthworm, M|100\/100\n|move|p2a: Zacian|Play Rough|p1a: Orthworm\n|-resisted|p1a: Orthworm\n|-damage|p1a: Orthworm|81\/100\n|\n|upkeep\n|turn|3\n|\n|t:|1701046031\n|move|p2a: Zacian|Close Combat|p1a: Orthworm\n|-supereffective|p1a: Orthworm\n|-damage|p1a: Orthworm|8\/100\n|-unboost|p2a: Zacian|def|1\n|-unboost|p2a: Zacian|spd|1\n|move|p1a: Orthworm|Iron Defense|p1a: Orthworm\n|-boost|p1a: Orthworm|def|2\n|\n|upkeep\n|turn|4\n|\n|t:|1701046047\n|move|p2a: Zacian|Solar Blade||[still]\n|-prepare|p2a: Zacian|Solar Blade\n|move|p1a: Orthworm|Body Press|p2a: Zacian\n|-damage|p2a: Zacian|2\/100\n|\n|upkeep\n|turn|5\n|\n|t:|1701046058\n|switch|p1a: Revavroom|Revavroom, F|100\/100\n|move|p2a: Zacian|Solar Blade|p1a: Revavroom|[from]lockedmove\n|-resisted|p1a: Revavroom\n|-damage|p1a: Revavroom|77\/100\n|\n|upkeep\n|turn|6\n|\n|t:|1701046074\n|switch|p2a: Tinkaton|Tinkaton, F, shiny|100\/100\n|move|p1a: Revavroom|Shift Gear|p1a: Revavroom\n|-boost|p1a: Revavroom|spe|2\n|-boost|p1a: Revavroom|atk|1\n|\n|upkeep\n|turn|7\n|-activate|p1a: Revavroom|item: Quick Claw\n|\n|t:|1701046088\n|move|p1a: Revavroom|Shift Gear|p1a: Revavroom\n|-boost|p1a: Revavroom|spe|2\n|-boost|p1a: Revavroom|atk|1\n|move|p2a: Tinkaton|Gigaton Hammer|p1a: Revavroom\n|-resisted|p1a: Revavroom\n|-damage|p1a: Revavroom|43\/100\n|\n|upkeep\n|turn|8\n|-activate|p1a: Revavroom|item: Quick Claw\n|\n|t:|1701046097\n|move|p1a: Revavroom|Shift Gear|p1a: Revavroom\n|-boost|p1a: Revavroom|spe|2\n|-boost|p1a: Revavroom|atk|1\n|move|p2a: Tinkaton|Ice Hammer|p1a: Revavroom\n|-resisted|p1a: Revavroom\n|-damage|p1a: Revavroom|28\/100\n|-unboost|p2a: Tinkaton|spe|1\n|\n|upkeep\n|turn|9\n|\n|t:|1701046109\n|move|p1a: Revavroom|Spin Out|p2a: Tinkaton\n|-damage|p2a: Tinkaton|0 fnt\n|-unboost|p1a: Revavroom|spe|2\n|faint|p2a: Tinkaton\n|\n|upkeep\n|\n|t:|1701046121\n|switch|p2a: Lucario|Lucario, M, shiny|100\/100\n|turn|10\n|\n|t:|1701046127\n|move|p1a: Revavroom|Spin Out|p2a: Lucario\n|-resisted|p2a: Lucario\n|-damage|p2a: Lucario|0 fnt\n|-unboost|p1a: Revavroom|spe|2\n|faint|p2a: Lucario\n|\n|upkeep\n|l|\u2606JMNHM\n|inactive|JMNHM disconnected and has a minute to reconnect!\n|player|p2|\n|inactive|JMNHM has 30 seconds to reconnect!\n|inactive|JMNHM has 20 seconds to reconnect!\n|inactive|JMNHM has 15 seconds to reconnect!\n|inactive|JMNHM has 10 seconds to reconnect!\n|inactive|JMNHM has 5 seconds to reconnect!\n|-message|JMNHM lost due to inactivity.\n|\n|win|Khryce\n|raw|Khryce's rating: 1094 &rarr; <strong>1113<\/strong><br \/>(+19 for winning)\n|raw|JMNHM's rating: 1000 &rarr; <strong>1000<\/strong><br \/>(+0 for losing)\n","uploadtime":1701046497,"views":2,"p1id":"khryce","p2id":"jmnhm","formatid":"gen9anythinggoes","rating":1000,"private":0,"password":""}