{"id":"gen9anythinggoes-1999667872","p1":"Landan011","p2":"HansWolp","format":"[Gen 9] Anything Goes","log":"|j|\u2606Landan011\n|j|\u2606HansWolp\n|t:|1701106146\n|gametype|singles\n|player|p1|Landan011|1|1000\n|player|p2|HansWolp|blackbelt-gen4dp|1000\n|teamsize|p1|6\n|teamsize|p2|5\n|gen|9\n|tier|[Gen 9] Anything Goes\n|rated|\n|rule|HP Percentage Mod: HP is shown in percentages\n|rule|Endless Battle Clause: Forcing endless battles is banned\n|clearpoke\n|poke|p1|Forretress, M|\n|poke|p1|Dragonite, F|\n|poke|p1|Volcarona, F|\n|poke|p1|Dragapult, M|\n|poke|p1|Greninja-*, M|\n|poke|p1|Salamence, M|\n|poke|p2|Snorlax, M|\n|poke|p2|Volcarona, M|\n|poke|p2|Toxapex, M|\n|poke|p2|Zamazenta-*|\n|poke|p2|Garganacl, M|\n|teampreview\n|\n|t:|1701106157\n|start\n|switch|p1a: Forretress|Forretress, M|100\/100\n|switch|p2a: Snorlax|Snorlax, M|100\/100\n|turn|1\n|\n|t:|1701106164\n|move|p2a: Snorlax|Stockpile|p2a: Snorlax\n|-start|p2a: Snorlax|stockpile1\n|-boost|p2a: Snorlax|def|1\n|-boost|p2a: Snorlax|spd|1\n|move|p1a: Forretress|Toxic Spikes|p2a: Snorlax\n|-sidestart|p2: HansWolp|move: Toxic Spikes\n|\n|upkeep\n|turn|2\n|\n|t:|1701106180\n|move|p2a: Snorlax|Stockpile|p2a: Snorlax\n|-start|p2a: Snorlax|stockpile2\n|-boost|p2a: Snorlax|def|1\n|-boost|p2a: Snorlax|spd|1\n|move|p1a: Forretress|Toxic Spikes|p2a: Snorlax\n|-sidestart|p2: HansWolp|move: Toxic Spikes\n|\n|upkeep\n|turn|3\n|\n|t:|1701106188\n|move|p2a: Snorlax|Stockpile|p2a: Snorlax\n|-start|p2a: Snorlax|stockpile3\n|-boost|p2a: Snorlax|def|1\n|-boost|p2a: Snorlax|spd|1\n|move|p1a: Forretress|Stealth Rock|p2a: Snorlax\n|-sidestart|p2: HansWolp|move: Stealth Rock\n|\n|upkeep\n|turn|4\n|\n|t:|1701106197\n|move|p2a: Snorlax|Flamethrower|p1a: Forretress\n|-supereffective|p1a: Forretress\n|-damage|p1a: Forretress|17\/100\n|move|p1a: Forretress|Gyro Ball|p2a: Snorlax\n|-damage|p2a: Snorlax|97\/100\n|\n|upkeep\n|turn|5\n|\n|t:|1701106204\n|move|p2a: Snorlax|Flamethrower|p1a: Forretress\n|-supereffective|p1a: Forretress\n|-damage|p1a: Forretress|0 fnt\n|faint|p1a: Forretress\n|\n|upkeep\n|\n|t:|1701106229\n|switch|p1a: Volcarona|Volcarona, F|100\/100\n|turn|6\n|-activate|p1a: Volcarona|item: Quick Claw\n|\n|t:|1701106234\n|move|p1a: Volcarona|Fiery Dance|p2a: Snorlax\n|-damage|p2a: Snorlax|87\/100\n|move|p2a: Snorlax|Gunk Shot|p1a: Volcarona\n|-damage|p1a: Volcarona|61\/100\n|\n|upkeep\n|turn|7\n|-activate|p1a: Volcarona|item: Quick Claw\n|\n|t:|1701106247\n|move|p1a: Volcarona|Quiver Dance|p1a: Volcarona\n|-boost|p1a: Volcarona|spa|1\n|-boost|p1a: Volcarona|spd|1\n|-boost|p1a: Volcarona|spe|1\n|move|p2a: Snorlax|Gunk Shot|p1a: Volcarona\n|-damage|p1a: Volcarona|20\/100\n|\n|upkeep\n|turn|8\n|-activate|p1a: Volcarona|item: Quick Claw\n|\n|t:|1701106257\n|move|p1a: Volcarona|Fiery Dance|p2a: Snorlax\n|-damage|p2a: Snorlax|71\/100\n|move|p2a: Snorlax|Gunk Shot|p1a: Volcarona\n|-damage|p1a: Volcarona|0 fnt\n|faint|p1a: Volcarona\n|\n|upkeep\n|\n|t:|1701106273\n|switch|p1a: Greninja|Greninja, M|100\/100\n|turn|9\n|\n|t:|1701106282\n|move|p1a: Greninja|Grass Knot|p2a: Snorlax\n|-damage|p2a: Snorlax|60\/100\n|-damage|p1a: Greninja|91\/100|[from] item: Life Orb\n|move|p2a: Snorlax|Gunk Shot|p1a: Greninja\n|-crit|p1a: Greninja\n|-damage|p1a: Greninja|26\/100\n|\n|upkeep\n|turn|10\n|\n|t:|1701106291\n|move|p1a: Greninja|Ice Beam|p2a: Snorlax\n|-damage|p2a: Snorlax|51\/100\n|-damage|p1a: Greninja|16\/100|[from] item: Life Orb\n|move|p2a: Snorlax|Gunk Shot|p1a: Greninja\n|-damage|p1a: Greninja|0 fnt\n|faint|p1a: Greninja\n|\n|upkeep\n|\n|t:|1701106300\n|switch|p1a: Dragapult|Dragapult, M|100\/100\n|turn|11\n|\n|t:|1701106304\n|move|p1a: Dragapult|Sucker Punch|p2a: Snorlax\n|-damage|p2a: Snorlax|42\/100\n|-enditem|p2a: Snorlax|Iapapa Berry|[eat]\n|-heal|p2a: Snorlax|75\/100|[from] item: Iapapa Berry\n|-damage|p1a: Dragapult|91\/100|[from] item: Life Orb\n|move|p2a: Snorlax|Flamethrower|p1a: Dragapult\n|-resisted|p1a: Dragapult\n|-damage|p1a: Dragapult|81\/100\n|\n|upkeep\n|turn|12\n|\n|t:|1701106314\n|move|p1a: Dragapult|Sucker Punch||[still]\n|-fail|p1a: Dragapult\n|move|p2a: Snorlax|Recycle|p2a: Snorlax\n|-item|p2a: Snorlax|Iapapa Berry|[from] move: Recycle\n|\n|upkeep\n|turn|13\n|\n|t:|1701106321\n|move|p1a: Dragapult|Dragon Darts|p2a: Snorlax\n|-damage|p2a: Snorlax|65\/100\n|-anim|p1a: Dragapult|Dragon Darts|p2a: Snorlax\n|-damage|p2a: Snorlax|55\/100\n|-damage|p1a: Dragapult|71\/100|[from] item: Life Orb\n|move|p2a: Snorlax|Gunk Shot|p1a: Dragapult\n|-resisted|p1a: Dragapult\n|-damage|p1a: Dragapult|52\/100\n|\n|upkeep\n|turn|14\n|\n|t:|1701106333\n|move|p1a: Dragapult|Dragon Darts|p2a: Snorlax\n|-damage|p2a: Snorlax|44\/100\n|-enditem|p2a: Snorlax|Iapapa Berry|[eat]\n|-heal|p2a: Snorlax|78\/100|[from] item: Iapapa Berry\n|-anim|p1a: Dragapult|Dragon Darts|p2a: Snorlax\n|-damage|p2a: Snorlax|67\/100\n|-damage|p1a: Dragapult|42\/100|[from] item: Life Orb\n|move|p2a: Snorlax|Flamethrower|p1a: Dragapult\n|-resisted|p1a: Dragapult\n|-damage|p1a: Dragapult|33\/100\n|\n|upkeep\n|turn|15\n|\n|t:|1701106344\n|move|p1a: Dragapult|Dragon Darts|p2a: Snorlax\n|-damage|p2a: Snorlax|57\/100\n|-anim|p1a: Dragapult|Dragon Darts|p2a: Snorlax\n|-damage|p2a: Snorlax|47\/100\n|-damage|p1a: Dragapult|24\/100|[from] item: Life Orb\n|move|p2a: Snorlax|Recycle|p2a: Snorlax\n|-item|p2a: Snorlax|Iapapa Berry|[from] move: Recycle\n|-enditem|p2a: Snorlax|Iapapa Berry|[eat]\n|-heal|p2a: Snorlax|80\/100|[from] item: Iapapa Berry\n|\n|upkeep\n|turn|16\n|-message|Landan011 forfeited.\n|\n|win|HansWolp\n|raw|Landan011's rating: 1000 &rarr; <strong>1000<\/strong><br \/>(+0 for losing)\n|raw|HansWolp's rating: 1000 &rarr; <strong>1040<\/strong><br \/>(+40 for winning)\n|l|\u2606Landan011\n","uploadtime":1701106366,"views":15,"p1id":"landan011","p2id":"hanswolp","formatid":"gen9anythinggoes","rating":1000,"private":0,"password":""}