{"id":"gen9anythinggoes-1991812652","p1":"Ndnfnfnf","p2":"Des Kong","format":"[Gen 9] Anything Goes","log":"|j|\u2606Ndnfnfnf\n|j|\u2606Des Kong\n|t:|1700121939\n|gametype|singles\n|player|p1|Ndnfnfnf|n|1028\n|player|p2|Des Kong|blackbelt-gen4dp|1048\n|teamsize|p1|6\n|teamsize|p2|6\n|gen|9\n|tier|[Gen 9] Anything Goes\n|rated|\n|rule|HP Percentage Mod: HP is shown in percentages\n|rule|Endless Battle Clause: Forcing endless battles is banned\n|clearpoke\n|poke|p1|Groudon|\n|poke|p1|Kyogre|\n|poke|p1|Palkia-Origin|\n|poke|p1|Dialga-Origin|\n|poke|p1|Zacian-*|\n|poke|p1|Zamazenta-*|\n|poke|p2|Gengar, F|\n|poke|p2|Sunflora, M|\n|poke|p2|Houndstone, M|\n|poke|p2|Oinkologne-F, F|\n|poke|p2|Milotic, M|\n|poke|p2|Bronzong|\n|teampreview\n|\n|t:|1700121950\n|start\n|switch|p1a: Groudon|Groudon, shiny|100\/100\n|switch|p2a: Cunflora|Sunflora, M, shiny|100\/100\n|-weather|SunnyDay|[from] ability: Drought|[of] p1a: Groudon\n|turn|1\n|\n|t:|1700121960\n|move|p2a: Cunflora|Solar Beam||[still]\n|-prepare|p2a: Cunflora|Solar Beam\n|-anim|p2a: Cunflora|Solar Beam|p1a: Groudon\n|-supereffective|p1a: Groudon\n|-crit|p1a: Groudon\n|-damage|p1a: Groudon|0 fnt\n|faint|p1a: Groudon\n|\n|-weather|SunnyDay|[upkeep]\n|upkeep\n|\n|t:|1700121966\n|switch|p1a: Dialga|Dialga-Origin, shiny|100\/100\n|-ability|p1a: Dialga|Pressure\n|turn|2\n|\n|t:|1700121972\n|move|p2a: Cunflora|Solar Beam||[still]\n|-prepare|p2a: Cunflora|Solar Beam\n|-anim|p2a: Cunflora|Solar Beam|p1a: Dialga\n|-resisted|p1a: Dialga\n|-damage|p1a: Dialga|89\/100\n|move|p1a: Dialga|Earthquake|p2a: Cunflora\n|-resisted|p2a: Cunflora\n|-damage|p2a: Cunflora|75\/100\n|\n|-weather|SunnyDay|[upkeep]\n|upkeep\n|turn|3\n|\n|t:|1700121983\n|move|p2a: Cunflora|Leech Seed|p1a: Dialga\n|-start|p1a: Dialga|move: Leech Seed\n|move|p1a: Dialga|Roar of Time|p2a: Cunflora\n|-damage|p2a: Cunflora|0 fnt\n|-mustrecharge|p1a: Dialga\n|faint|p2a: Cunflora\n|\n|-weather|SunnyDay|[upkeep]\n|upkeep\n|c|\u2606Des Kong|Lol Sunflora OKHO\u2019d you\n|\n|t:|1700122017\n|switch|p2a: Sexy Hog|Oinkologne-F, F, shiny|100\/100\n|turn|4\n|\n|t:|1700122023\n|cant|p1a: Dialga|recharge\n|move|p2a: Sexy Hog|Yawn|p1a: Dialga\n|-start|p1a: Dialga|move: Yawn|[of] p2a: Sexy Hog\n|\n|-weather|SunnyDay|[upkeep]\n|-damage|p1a: Dialga|77\/100|[from] Leech Seed|[of] p2a: Sexy Hog\n|-status|p2a: Sexy Hog|brn|[from] item: Flame Orb\n|upkeep\n|turn|5\n|inactive|Battle timer is ON: inactive players will automatically lose when time's up. (requested by Des Kong)\n|\n|t:|1700122043\n|switch|p1a: Kyogre|Kyogre, shiny|100\/100\n|-weather|RainDance|[from] ability: Drizzle|[of] p1a: Kyogre\n|move|p2a: Sexy Hog|Body Press|p1a: Kyogre\n|-damage|p1a: Kyogre|95\/100\n|\n|-weather|RainDance|[upkeep]\n|-heal|p1a: Kyogre|100\/100|[from] item: Leftovers\n|-damage|p2a: Sexy Hog|94\/100 brn|[from] brn\n|upkeep\n|turn|6\n|\n|t:|1700122056\n|move|p1a: Kyogre|Origin Pulse|p2a: Sexy Hog\n|-damage|p2a: Sexy Hog|20\/100 brn\n|move|p2a: Sexy Hog|Facade|p1a: Kyogre\n|-damage|p1a: Kyogre|41\/100\n|\n|-weather|RainDance|[upkeep]\n|-heal|p1a: Kyogre|47\/100|[from] item: Leftovers\n|-damage|p2a: Sexy Hog|13\/100 brn|[from] brn\n|upkeep\n|turn|7\n|\n|t:|1700122067\n|move|p1a: Kyogre|Earthquake|p2a: Sexy Hog\n|-damage|p2a: Sexy Hog|0 fnt\n|faint|p2a: Sexy Hog\n|\n|-weather|RainDance|[upkeep]\n|-heal|p1a: Kyogre|53\/100|[from] item: Leftovers\n|upkeep\n|\n|t:|1700122074\n|switch|p2a: Amy Hoghouse|Gengar, F, shiny|100\/100\n|turn|8\n|\n|t:|1700122080\n|move|p2a: Amy Hoghouse|Thunderbolt|p1a: Kyogre\n|-supereffective|p1a: Kyogre\n|-damage|p1a: Kyogre|10\/100\n|move|p1a: Kyogre|Origin Pulse|p2a: Amy Hoghouse|[miss]\n|-miss|p1a: Kyogre|p2a: Amy Hoghouse\n|\n|-weather|RainDance|[upkeep]\n|-heal|p1a: Kyogre|16\/100|[from] item: Leftovers\n|upkeep\n|turn|9\n|\n|t:|1700122089\n|move|p2a: Amy Hoghouse|Thunderbolt|p1a: Kyogre\n|-supereffective|p1a: Kyogre\n|-damage|p1a: Kyogre|0 fnt\n|faint|p1a: Kyogre\n|\n|-weather|none\n|upkeep\n|\n|t:|1700122092\n|switch|p1a: Dialga|Dialga-Origin, shiny|77\/100\n|-ability|p1a: Dialga|Pressure\n|turn|10\n|\n|t:|1700122100\n|switch|p2a: Francis Ngannou|Milotic, M, shiny|100\/100\n|move|p1a: Dialga|Dragon Tail|p2a: Francis Ngannou\n|-damage|p2a: Francis Ngannou|72\/100\n|drag|p2a: Amy Hoghouse|Gengar, F, shiny|100\/100\n|\n|upkeep\n|turn|11\n|\n|t:|1700122111\n|move|p2a: Amy Hoghouse|Shadow Ball|p1a: Dialga\n|-damage|p1a: Dialga|47\/100\n|move|p1a: Dialga|Dragon Tail|p2a: Amy Hoghouse\n|-damage|p2a: Amy Hoghouse|42\/100\n|-start|p1a: Dialga|Disable|Dragon Tail|[from] ability: Cursed Body|[of] p2a: Amy Hoghouse\n|drag|p2a: Cun Reaper|Houndstone, M|100\/100\n|\n|upkeep\n|turn|12\n|\n|t:|1700122127\n|switch|p2a: Francis Ngannou|Milotic, M, shiny|72\/100\n|move|p1a: Dialga|Roar of Time|p2a: Francis Ngannou\n|-damage|p2a: Francis Ngannou|10\/100\n|-mustrecharge|p1a: Dialga\n|\n|-heal|p2a: Francis Ngannou|16\/100|[from] item: Leftovers\n|upkeep\n|turn|13\n|\n|t:|1700122137\n|cant|p1a: Dialga|recharge\n|move|p2a: Francis Ngannou|Scald|p1a: Dialga\n|-resisted|p1a: Dialga\n|-damage|p1a: Dialga|35\/100\n|-status|p1a: Dialga|brn\n|\n|-heal|p2a: Francis Ngannou|22\/100|[from] item: Leftovers\n|-damage|p1a: Dialga|29\/100 brn|[from] brn\n|upkeep\n|turn|14\n|\n|t:|1700122148\n|move|p1a: Dialga|Earthquake|p2a: Francis Ngannou\n|-damage|p2a: Francis Ngannou|9\/100\n|move|p2a: Francis Ngannou|Recover|p2a: Francis Ngannou\n|-heal|p2a: Francis Ngannou|59\/100\n|\n|-heal|p2a: Francis Ngannou|65\/100|[from] item: Leftovers\n|-damage|p1a: Dialga|23\/100 brn|[from] brn\n|-end|p1a: Dialga|Disable\n|upkeep\n|turn|15\n|\n|t:|1700122162\n|move|p1a: Dialga|Roar of Time|p2a: Francis Ngannou\n|-damage|p2a: Francis Ngannou|0 fnt\n|-mustrecharge|p1a: Dialga\n|faint|p2a: Francis Ngannou\n|\n|-damage|p1a: Dialga|17\/100 brn|[from] brn\n|upkeep\n|\n|t:|1700122171\n|switch|p2a: Amy Hoghouse|Gengar, F, shiny|42\/100\n|turn|16\n|\n|t:|1700122179\n|move|p2a: Amy Hoghouse|Sludge Bomb|p1a: Dialga\n|-immune|p1a: Dialga\n|cant|p1a: Dialga|recharge\n|\n|-damage|p1a: Dialga|10\/100 brn|[from] brn\n|upkeep\n|turn|17\n|\n|t:|1700122189\n|move|p2a: Amy Hoghouse|Sludge Bomb|p1a: Dialga\n|-immune|p1a: Dialga\n|move|p1a: Dialga|Dragon Tail|p2a: Amy Hoghouse|[miss]\n|-miss|p1a: Dialga|p2a: Amy Hoghouse\n|\n|-damage|p1a: Dialga|4\/100 brn|[from] brn\n|upkeep\n|turn|18\n|\n|t:|1700122199\n|switch|p2a: Public Bus|Bronzong, shiny|100\/100\n|move|p1a: Dialga|Dragon Tail|p2a: Public Bus\n|-resisted|p2a: Public Bus\n|-damage|p2a: Public Bus|94\/100\n|drag|p2a: Cun Reaper|Houndstone, M|100\/100\n|\n|-damage|p1a: Dialga|0 fnt|[from] brn\n|faint|p1a: Dialga\n|upkeep\n|\n|t:|1700122210\n|switch|p1a: Palkia|Palkia-Origin, shiny|100\/100\n|-ability|p1a: Palkia|Pressure\n|turn|19\n|\n|t:|1700122219\n|switch|p2a: Amy Hoghouse|Gengar, F, shiny|42\/100\n|move|p1a: Palkia|Spacial Rend|p2a: Amy Hoghouse\n|-damage|p2a: Amy Hoghouse|0 fnt\n|faint|p2a: Amy Hoghouse\n|\n|upkeep\n|\n|t:|1700122227\n|switch|p2a: Public Bus|Bronzong, shiny|94\/100\n|turn|20\n|\n|t:|1700122231\n|switch|p1a: Zamazenta|Zamazenta-Crowned, shiny|100\/100\n|-ability|p1a: Zamazenta|Dauntless Shield|boost\n|-boost|p1a: Zamazenta|def|1\n|move|p2a: Public Bus|Stealth Rock|p1a: Zamazenta\n|-sidestart|p1: Ndnfnfnf|move: Stealth Rock\n|\n|-heal|p2a: Public Bus|100\/100|[from] item: Leftovers\n|upkeep\n|turn|21\n|\n|t:|1700122246\n|move|p1a: Zamazenta|Behemoth Bash|p2a: Public Bus\n|-resisted|p2a: Public Bus\n|-damage|p2a: Public Bus|82\/100\n|move|p2a: Public Bus|Payback|p1a: Zamazenta\n|-resisted|p1a: Zamazenta\n|-damage|p1a: Zamazenta|96\/100\n|\n|-heal|p2a: Public Bus|88\/100|[from] item: Leftovers\n|upkeep\n|turn|22\n|\n|t:|1700122261\n|move|p1a: Zamazenta|Close Combat|p2a: Public Bus\n|-damage|p2a: Public Bus|43\/100\n|-unboost|p1a: Zamazenta|def|1\n|-unboost|p1a: Zamazenta|spd|1\n|move|p2a: Public Bus|Payback|p1a: Zamazenta\n|-resisted|p1a: Zamazenta\n|-damage|p1a: Zamazenta|89\/100\n|\n|-heal|p2a: Public Bus|49\/100|[from] item: Leftovers\n|upkeep\n|turn|23\n|\n|t:|1700122271\n|move|p1a: Zamazenta|Close Combat|p2a: Public Bus\n|-damage|p2a: Public Bus|4\/100\n|-unboost|p1a: Zamazenta|def|1\n|-unboost|p1a: Zamazenta|spd|1\n|move|p2a: Public Bus|Sandstorm|p2a: Public Bus\n|-weather|Sandstorm\n|\n|-weather|Sandstorm|[upkeep]\n|-heal|p2a: Public Bus|11\/100|[from] item: Leftovers\n|upkeep\n|turn|24\n|\n|t:|1700122284\n|move|p1a: Zamazenta|Behemoth Bash|p2a: Public Bus\n|-resisted|p2a: Public Bus\n|-damage|p2a: Public Bus|0 fnt\n|faint|p2a: Public Bus\n|\n|-weather|Sandstorm|[upkeep]\n|upkeep\n|\n|t:|1700122291\n|switch|p2a: Cun Reaper|Houndstone, M|100\/100\n|turn|25\n|\n|t:|1700122294\n|move|p2a: Cun Reaper|Last Respects|p1a: Zamazenta\n|-damage|p1a: Zamazenta|0 fnt\n|faint|p1a: Zamazenta\n|\n|-weather|Sandstorm|[upkeep]\n|upkeep\n|\n|t:|1700122297\n|switch|p1a: Palkia|Palkia-Origin, shiny|100\/100\n|-damage|p1a: Palkia|88\/100|[from] Stealth Rock\n|-ability|p1a: Palkia|Pressure\n|turn|26\n|\n|t:|1700122305\n|move|p2a: Cun Reaper|Last Respects|p1a: Palkia\n|-damage|p1a: Palkia|0 fnt\n|faint|p1a: Palkia\n|\n|-weather|Sandstorm|[upkeep]\n|upkeep\n|\n|t:|1700122308\n|switch|p1a: Zacian|Zacian-Crowned, shiny|100\/100\n|-damage|p1a: Zacian|94\/100|[from] Stealth Rock\n|-ability|p1a: Zacian|Intrepid Sword|boost\n|-boost|p1a: Zacian|atk|1\n|turn|27\n|\n|t:|1700122316\n|-terastallize|p1a: Zacian|Ghost\n|move|p2a: Cun Reaper|Last Respects|p1a: Zacian\n|-supereffective|p1a: Zacian\n|-damage|p1a: Zacian|0 fnt\n|faint|p1a: Zacian\n|\n|win|Des Kong\n|raw|Ndnfnfnf's rating: 1028 &rarr; <strong>1015<\/strong><br \/>(-13 for losing)\n|raw|Des Kong's rating: 1048 &rarr; <strong>1079<\/strong><br \/>(+31 for winning)\n|l|\u2606Ndnfnfnf\n","uploadtime":1700122336,"views":12,"p1id":"ndnfnfnf","p2id":"deskong","formatid":"gen9anythinggoes","rating":1015,"private":0,"password":""}