{"id":"gen9anythinggoes-1998874463","p1":"Iknowmyabc'slol","p2":"yo mAma thicc","format":"[Gen 9] Anything Goes","log":"|j|\u2606Iknowmyabc'slol\n|j|\u203dyo mAma thicc\n|t:|1701006861\n|gametype|singles\n|player|p1|Iknowmyabc'slol|raihan|1522\n|player|p2|yo mAma thicc|zinzolin|1648\n|teamsize|p1|6\n|teamsize|p2|6\n|gen|9\n|tier|[Gen 9] Anything Goes\n|rated|\n|rule|HP Percentage Mod: HP is shown in percentages\n|rule|Endless Battle Clause: Forcing endless battles is banned\n|clearpoke\n|poke|p1|Arceus-Fairy|\n|poke|p1|Toxapex, M|\n|poke|p1|Ting-Lu|\n|poke|p1|Calyrex-Shadow|\n|poke|p1|Koraidon|\n|poke|p1|Arceus|\n|poke|p2|Blissey, F|\n|poke|p2|Calyrex-Shadow|\n|poke|p2|Koraidon|\n|poke|p2|Zacian-*|\n|poke|p2|Dondozo, F|\n|poke|p2|Arceus-Ground|\n|teampreview\n|inactive|Battle timer is ON: inactive players will automatically lose when time's up. (requested by Iknowmyabc'slol)\n|inactive|yo mAma thicc has 120 seconds left.\n|\n|t:|1701006945\n|start\n|switch|p1a: Koraidon|Koraidon|100\/100\n|switch|p2a: Koraidon|Koraidon|100\/100\n|-weather|SunnyDay|[from] ability: Orichalcum Pulse|[of] p1a: Koraidon\n|-activate|p1a: Koraidon|Orichalcum Pulse|[source]\n|-activate|p2a: Koraidon|ability: Orichalcum Pulse\n|turn|1\n|\n|t:|1701006955\n|switch|p2a: Dondozo|Dondozo, F|100\/100\n|move|p1a: Koraidon|U-turn|p2a: Dondozo\n|-damage|p2a: Dondozo|86\/100\n|\n|t:|1701006970\n|switch|p1a: Ting-Lu|Ting-Lu|100\/100|[from] U-turn\n|-ability|p1a: Ting-Lu|Vessel of Ruin\n|\n|-weather|SunnyDay|[upkeep]\n|-heal|p2a: Dondozo|92\/100|[from] item: Leftovers\n|upkeep\n|turn|2\n|\n|t:|1701006989\n|move|p1a: Ting-Lu|Spikes|p2a: Dondozo\n|-sidestart|p2: yo mAma thicc|Spikes\n|move|p2a: Dondozo|Fissure|p1a: Ting-Lu|[miss]\n|-miss|p2a: Dondozo|p1a: Ting-Lu\n|\n|-weather|SunnyDay|[upkeep]\n|-heal|p2a: Dondozo|99\/100|[from] item: Leftovers\n|upkeep\n|turn|3\n|\n|t:|1701006996\n|move|p1a: Ting-Lu|Spikes|p2a: Dondozo\n|-sidestart|p2: yo mAma thicc|Spikes\n|move|p2a: Dondozo|Fissure|p1a: Ting-Lu|[miss]\n|-miss|p2a: Dondozo|p1a: Ting-Lu\n|\n|-weather|SunnyDay|[upkeep]\n|-heal|p2a: Dondozo|100\/100|[from] item: Leftovers\n|upkeep\n|turn|4\n|\n|t:|1701007005\n|move|p2a: Dondozo|Fissure|p1a: Ting-Lu|[miss]\n|-miss|p2a: Dondozo|p1a: Ting-Lu\n|move|p1a: Ting-Lu|Whirlwind|p2a: Dondozo\n|drag|p2a: Koraidon|Koraidon|100\/100\n|-damage|p2a: Koraidon|84\/100|[from] Spikes\n|-activate|p2a: Koraidon|ability: Orichalcum Pulse\n|\n|-weather|SunnyDay|[upkeep]\n|upkeep\n|turn|5\n|\n|t:|1701007013\n|switch|p1a: Toxapex|Toxapex, M|100\/100\n|move|p2a: Koraidon|Low Kick|p1a: Toxapex\n|-resisted|p1a: Toxapex\n|-damage|p1a: Toxapex|92\/100\n|-damage|p2a: Koraidon|68\/100|[from] item: Rocky Helmet|[of] p1a: Toxapex\n|\n|-weather|none\n|upkeep\n|turn|6\n|\n|t:|1701007022\n|switch|p2a: Blissey|Blissey, F|100\/100\n|move|p1a: Toxapex|Toxic Spikes|p2a: Blissey\n|-sidestart|p2: yo mAma thicc|move: Toxic Spikes\n|\n|upkeep\n|turn|7\n|\n|t:|1701007031\n|switch|p1a: Koraidon|Koraidon|100\/100\n|-weather|SunnyDay|[from] ability: Orichalcum Pulse|[of] p1a: Koraidon\n|-activate|p1a: Koraidon|Orichalcum Pulse|[source]\n|move|p2a: Blissey|Stealth Rock|p1a: Koraidon\n|-sidestart|p1: Iknowmyabc'slol|move: Stealth Rock\n|\n|-weather|SunnyDay|[upkeep]\n|upkeep\n|turn|8\n|\n|t:|1701007053\n|switch|p2a: Zacian|Zacian-Crowned|100\/100\n|-damage|p2a: Zacian|84\/100|[from] Spikes\n|-ability|p2a: Zacian|Intrepid Sword|boost\n|-boost|p2a: Zacian|atk|1\n|move|p1a: Koraidon|U-turn|p2a: Zacian\n|-resisted|p2a: Zacian\n|-damage|p2a: Zacian|77\/100\n|inactive|Iknowmyabc'slol has 120 seconds left.\n|\n|t:|1701007068\n|switch|p1a: Calyrex|Calyrex-Shadow|100\/100|[from] U-turn\n|-ability|p1a: Calyrex|As One\n|-ability|p1a: Calyrex|Unnerve\n|\n|-weather|SunnyDay|[upkeep]\n|upkeep\n|turn|9\n|inactive|Iknowmyabc'slol has 120 seconds left.\n|\n|t:|1701007079\n|move|p1a: Calyrex|Substitute|p1a: Calyrex\n|-start|p1a: Calyrex|Substitute\n|-damage|p1a: Calyrex|76\/100\n|move|p2a: Zacian|Behemoth Blade|p1a: Calyrex\n|-end|p1a: Calyrex|Substitute\n|\n|-weather|SunnyDay|[upkeep]\n|upkeep\n|turn|10\n|\n|t:|1701007086\n|move|p1a: Calyrex|Astral Barrage|p2a: Zacian\n|-crit|p2a: Zacian\n|-damage|p2a: Zacian|0 fnt\n|faint|p2a: Zacian\n|-ability|p1a: Calyrex|Grim Neigh|boost\n|-boost|p1a: Calyrex|spa|1\n|\n|-weather|SunnyDay|[upkeep]\n|upkeep\n|\n|t:|1701007091\n|switch|p2a: Koraidon|Koraidon|68\/100\n|-damage|p2a: Koraidon|51\/100|[from] Spikes\n|-status|p2a: Koraidon|psn\n|-activate|p2a: Koraidon|ability: Orichalcum Pulse\n|turn|11\n|\n|t:|1701007106\n|switch|p1a: Toxapex|Toxapex, M|100\/100\n|-damage|p1a: Toxapex|88\/100|[from] Stealth Rock\n|move|p2a: Koraidon|U-turn|p1a: Toxapex\n|-resisted|p1a: Toxapex\n|-damage|p1a: Toxapex|78\/100\n|-damage|p2a: Koraidon|35\/100 psn|[from] item: Rocky Helmet|[of] p1a: Toxapex\n|\n|t:|1701007123\n|switch|p2a: Calyrex|Calyrex-Shadow|100\/100|[from] U-turn\n|-ability|p2a: Calyrex|As One\n|-ability|p2a: Calyrex|Unnerve\n|\n|-weather|none\n|upkeep\n|turn|12\n|\n|t:|1701007134\n|move|p2a: Calyrex|Grass Knot|p1a: Toxapex\n|-crit|p1a: Toxapex\n|-damage|p1a: Toxapex|56\/100\n|-damage|p2a: Calyrex|84\/100|[from] item: Rocky Helmet|[of] p1a: Toxapex\n|move|p1a: Toxapex|Toxic Spikes|p2a: Calyrex\n|-sidestart|p2: yo mAma thicc|move: Toxic Spikes\n|\n|upkeep\n|turn|13\n|\n|t:|1701007141\n|move|p2a: Calyrex|Encore|p1a: Toxapex\n|-start|p1a: Toxapex|Encore\n|move|p1a: Toxapex|Toxic Spikes||[still]\n|-fail|p1a: Toxapex\n|\n|upkeep\n|turn|14\n|\n|t:|1701007148\n|switch|p1a: Arceus|Arceus|100\/100\n|move|p2a: Calyrex|Astral Barrage|p1a: Arceus\n|-immune|p1a: Arceus\n|\n|upkeep\n|turn|15\n|\n|t:|1701007165\n|switch|p2a: Dondozo|Dondozo, F|100\/100\n|-damage|p2a: Dondozo|84\/100|[from] Spikes\n|-status|p2a: Dondozo|tox\n|move|p1a: Arceus|Swords Dance|p1a: Arceus\n|-boost|p1a: Arceus|atk|2\n|\n|-heal|p2a: Dondozo|90\/100 tox|[from] item: Leftovers\n|-damage|p2a: Dondozo|84\/100 tox|[from] psn\n|upkeep\n|turn|16\n|\n|t:|1701007180\n|switch|p1a: Koraidon|Koraidon|100\/100\n|-damage|p1a: Koraidon|94\/100|[from] Stealth Rock\n|-weather|SunnyDay|[from] ability: Orichalcum Pulse|[of] p1a: Koraidon\n|-activate|p1a: Koraidon|Orichalcum Pulse|[source]\n|move|p2a: Dondozo|Fissure|p1a: Koraidon|[miss]\n|-miss|p2a: Dondozo|p1a: Koraidon\n|\n|-weather|SunnyDay|[upkeep]\n|-heal|p2a: Dondozo|90\/100 tox|[from] item: Leftovers\n|-damage|p2a: Dondozo|78\/100 tox|[from] psn\n|upkeep\n|turn|17\n|\n|t:|1701007193\n|move|p1a: Koraidon|Outrage|p2a: Dondozo\n|-damage|p2a: Dondozo|37\/100 tox\n|move|p2a: Dondozo|Rest|p2a: Dondozo\n|-status|p2a: Dondozo|slp|[from] move: Rest\n|-heal|p2a: Dondozo|100\/100 slp|[silent]\n|\n|-weather|SunnyDay|[upkeep]\n|upkeep\n|turn|18\n|\n|t:|1701007201\n|move|p1a: Koraidon|Outrage|p2a: Dondozo|[from]lockedmove\n|-damage|p2a: Dondozo|64\/100 slp\n|cant|p2a: Dondozo|slp\n|move|p2a: Dondozo|Sleep Talk|p2a: Dondozo\n|move|p2a: Dondozo|Fissure|p1a: Koraidon|[from]move: Sleep Talk|[miss]\n|-miss|p2a: Dondozo|p1a: Koraidon\n|\n|-weather|SunnyDay|[upkeep]\n|-heal|p2a: Dondozo|70\/100 slp|[from] item: Leftovers\n|upkeep\n|turn|19\n|\n|t:|1701007213\n|move|p1a: Koraidon|Outrage|p2a: Dondozo|[from]lockedmove\n|-damage|p2a: Dondozo|30\/100 slp\n|-start|p1a: Koraidon|confusion|[fatigue]\n|cant|p2a: Dondozo|slp\n|move|p2a: Dondozo|Sleep Talk|p2a: Dondozo\n|move|p2a: Dondozo|Rest||[from]move: Sleep Talk|[still]\n|-fail|p2a: Dondozo\n|\n|-weather|SunnyDay|[upkeep]\n|-heal|p2a: Dondozo|36\/100 slp|[from] item: Leftovers\n|upkeep\n|turn|20\n|c|\u2606Iknowmyabc'slol|:(\n|\n|t:|1701007230\n|-activate|p1a: Koraidon|confusion\n|move|p1a: Koraidon|Outrage|p2a: Dondozo\n|-damage|p2a: Dondozo|0 fnt\n|faint|p2a: Dondozo\n|\n|-weather|none\n|upkeep\n|\n|t:|1701007239\n|switch|p2a: Calyrex|Calyrex-Shadow|84\/100\n|-ability|p2a: Calyrex|As One\n|-ability|p2a: Calyrex|Unnerve\n|turn|21\n|\n|t:|1701007245\n|-end|p1a: Koraidon|confusion\n|move|p1a: Koraidon|Outrage|p2a: Calyrex|[from]lockedmove\n|-damage|p2a: Calyrex|2\/100\n|move|p2a: Calyrex|Astral Barrage|p1a: Koraidon\n|-damage|p1a: Koraidon|24\/100\n|\n|upkeep\n|turn|22\n|\n|t:|1701007261\n|switch|p2a: Arceus|Arceus-Ground|100\/100\n|-damage|p2a: Arceus|84\/100|[from] Spikes\n|-status|p2a: Arceus|tox\n|move|p1a: Koraidon|Outrage|p2a: Arceus|[from]lockedmove\n|-damage|p2a: Arceus|51\/100 tox\n|-start|p1a: Koraidon|confusion|[fatigue]\n|\n|-damage|p2a: Arceus|45\/100 tox|[from] psn\n|upkeep\n|turn|23\n|\n|t:|1701007277\n|switch|p1a: Ting-Lu|Ting-Lu|100\/100\n|-damage|p1a: Ting-Lu|94\/100|[from] Stealth Rock\n|-ability|p1a: Ting-Lu|Vessel of Ruin\n|move|p2a: Arceus|Earthquake|p1a: Ting-Lu\n|-damage|p1a: Ting-Lu|69\/100\n|\n|-heal|p1a: Ting-Lu|75\/100|[from] item: Leftovers\n|-damage|p2a: Arceus|33\/100 tox|[from] psn\n|upkeep\n|turn|24\n|\n|t:|1701007291\n|move|p2a: Arceus|Recover|p2a: Arceus\n|-heal|p2a: Arceus|83\/100 tox\n|move|p1a: Ting-Lu|Spikes|p2a: Arceus\n|-sidestart|p2: yo mAma thicc|Spikes\n|\n|-heal|p1a: Ting-Lu|81\/100|[from] item: Leftovers\n|-damage|p2a: Arceus|65\/100 tox|[from] psn\n|upkeep\n|turn|25\n|\n|t:|1701007305\n|switch|p2a: Calyrex|Calyrex-Shadow|2\/100\n|-ability|p2a: Calyrex|As One\n|-ability|p2a: Calyrex|Unnerve\n|move|p1a: Ting-Lu|Whirlwind|p2a: Calyrex\n|drag|p2a: Blissey|Blissey, F|100\/100\n|\n|-heal|p1a: Ting-Lu|87\/100|[from] item: Leftovers\n|upkeep\n|turn|26\n|\n|t:|1701007315\n|move|p2a: Blissey|Shadow Ball|p1a: Ting-Lu\n|-resisted|p1a: Ting-Lu\n|-damage|p1a: Ting-Lu|84\/100\n|move|p1a: Ting-Lu|Ruination|p2a: Blissey\n|-damage|p2a: Blissey|51\/100\n|\n|-heal|p1a: Ting-Lu|90\/100|[from] item: Leftovers\n|upkeep\n|turn|27\n|\n|t:|1701007339\n|switch|p2a: Calyrex|Calyrex-Shadow|2\/100\n|-ability|p2a: Calyrex|As One\n|-ability|p2a: Calyrex|Unnerve\n|move|p1a: Ting-Lu|Earthquake|p2a: Calyrex\n|-damage|p2a: Calyrex|0 fnt\n|faint|p2a: Calyrex\n|\n|-heal|p1a: Ting-Lu|96\/100|[from] item: Leftovers\n|upkeep\n|\n|t:|1701007344\n|switch|p2a: Koraidon|Koraidon|35\/100 psn\n|-damage|p2a: Koraidon|10\/100 psn|[from] Spikes\n|-weather|SunnyDay|[from] ability: Orichalcum Pulse|[of] p2a: Koraidon\n|-activate|p2a: Koraidon|Orichalcum Pulse|[source]\n|turn|28\n|\n|t:|1701007359\n|move|p2a: Koraidon|Low Kick|p1a: Ting-Lu\n|-supereffective|p1a: Ting-Lu\n|-damage|p1a: Ting-Lu|0 fnt\n|faint|p1a: Ting-Lu\n|\n|-weather|SunnyDay|[upkeep]\n|-damage|p2a: Koraidon|0 fnt|[from] psn\n|faint|p2a: Koraidon\n|upkeep\n|\n|t:|1701007374\n|switch|p2a: Blissey|Blissey, F|51\/100\n|switch|p1a: Koraidon|Koraidon|24\/100\n|-damage|p1a: Koraidon|18\/100|[from] Stealth Rock\n|-activate|p1a: Koraidon|ability: Orichalcum Pulse\n|turn|29\n|\n|t:|1701007386\n|-terastallize|p2a: Blissey|Ghost\n|move|p1a: Koraidon|Close Combat|p2a: Blissey\n|-immune|p2a: Blissey\n|move|p2a: Blissey|Shadow Ball|p1a: Koraidon\n|-damage|p1a: Koraidon|0 fnt\n|faint|p1a: Koraidon\n|\n|-weather|SunnyDay|[upkeep]\n|upkeep\n|\n|t:|1701007398\n|switch|p1a: Calyrex|Calyrex-Shadow|76\/100\n|-ability|p1a: Calyrex|As One\n|-ability|p1a: Calyrex|Unnerve\n|turn|30\n|\n|t:|1701007406\n|move|p1a: Calyrex|Astral Barrage|p2a: Blissey\n|-supereffective|p2a: Blissey\n|-damage|p2a: Blissey|0 fnt\n|faint|p2a: Blissey\n|-ability|p1a: Calyrex|Grim Neigh|boost\n|-boost|p1a: Calyrex|spa|1\n|\n|-weather|SunnyDay|[upkeep]\n|upkeep\n|\n|t:|1701007408\n|switch|p2a: Arceus|Arceus-Ground|65\/100 tox\n|-damage|p2a: Arceus|40\/100 tox|[from] Spikes\n|turn|31\n|\n|t:|1701007417\n|move|p1a: Calyrex|Astral Barrage|p2a: Arceus\n|-damage|p2a: Arceus|0 fnt\n|faint|p2a: Arceus\n|\n|win|Iknowmyabc'slol\n|raw|Iknowmyabc&apos;slol's rating: 1522 &rarr; <strong>1549<\/strong><br \/>(+27 for winning)\n|raw|yo mAma thicc's rating: 1648 &rarr; <strong>1621<\/strong><br \/>(-27 for losing)\n|l|\u203dyo mAma thicc\n|c|\u2606Iknowmyabc'slol|gg\n","uploadtime":1701007427,"views":21,"p1id":"iknowmyabcslol","p2id":"yomamathicc","formatid":"gen9anythinggoes","rating":1549,"private":0,"password":""}