{"id":"gen9anythinggoes-1995908532","p1":"doofusmitch","p2":"tbone5309","format":"[Gen 9] Anything Goes","log":"|j|\u2606doofusmitch\n|j|\u2606tbone5309\n|t:|1700616192\n|gametype|singles\n|player|p1|doofusmitch|101|1081\n|player|p2|tbone5309|cameraman|1114\n|teamsize|p1|6\n|teamsize|p2|6\n|gen|9\n|tier|[Gen 9] Anything Goes\n|rated|\n|rule|HP Percentage Mod: HP is shown in percentages\n|rule|Endless Battle Clause: Forcing endless battles is banned\n|clearpoke\n|poke|p1|Articuno-Galar|\n|poke|p1|Eelektross, M|\n|poke|p1|Dragapult, M|\n|poke|p1|Calyrex-Shadow|\n|poke|p1|Regieleki|\n|poke|p1|Gliscor, F|\n|poke|p2|Calyrex-Shadow|\n|poke|p2|Torkoal, F|\n|poke|p2|Shiftry, M|\n|poke|p2|Zoroark-Hisui, M|\n|poke|p2|Jumpluff, F|\n|poke|p2|Ceruledge, F|\n|teampreview\n|\n|t:|1700616206\n|start\n|switch|p1a: Gliscor|Gliscor, F|100\/100\n|switch|p2a: Shiftry|Shiftry, M|100\/100\n|turn|1\n|inactive|Battle timer is ON: inactive players will automatically lose when time's up. (requested by doofusmitch)\n|\n|t:|1700616214\n|move|p2a: Shiftry|Trick|p1a: Gliscor\n|-activate|p2a: Shiftry|move: Trick|[of] p1a: Gliscor\n|-item|p1a: Gliscor|Choice Scarf|[from] move: Trick\n|-item|p2a: Shiftry|Toxic Orb|[from] move: Trick\n|move|p1a: Gliscor|Dual Wingbeat|p2a: Shiftry\n|-damage|p2a: Shiftry|74\/100\n|replace|p2a: Zoroark|Zoroark-Hisui, M, shiny\n|-end|p2a: Zoroark|Illusion\n|-damage|p2a: Zoroark|46\/100\n|-hitcount|p2a: Zoroark|2\n|\n|-status|p2a: Zoroark|tox|[from] item: Toxic Orb\n|upkeep\n|turn|2\n|\n|t:|1700616231\n|move|p1a: Gliscor|Dual Wingbeat|p2a: Zoroark|[miss]\n|-miss|p1a: Gliscor|p2a: Zoroark\n|move|p2a: Zoroark|Body Slam|p1a: Gliscor\n|-damage|p1a: Gliscor|65\/100\n|-status|p1a: Gliscor|par\n|\n|-damage|p2a: Zoroark|40\/100 tox|[from] psn\n|upkeep\n|turn|3\n|\n|t:|1700616239\n|move|p2a: Zoroark|Body Slam|p1a: Gliscor\n|-damage|p1a: Gliscor|32\/100 par\n|move|p1a: Gliscor|Dual Wingbeat|p2a: Zoroark\n|-damage|p2a: Zoroark|14\/100 tox\n|-damage|p2a: Zoroark|0 fnt\n|faint|p2a: Zoroark\n|-hitcount|p2: Zoroark|2\n|\n|upkeep\n|\n|t:|1700616246\n|switch|p2a: Jumpluff|Jumpluff, F|100\/100\n|turn|4\n|\n|t:|1700616249\n|move|p2a: Jumpluff|Cotton Guard|p2a: Jumpluff\n|-boost|p2a: Jumpluff|def|3\n|move|p1a: Gliscor|Dual Wingbeat|p2a: Jumpluff\n|-supereffective|p2a: Jumpluff\n|-damage|p2a: Jumpluff|85\/100\n|-damage|p1a: Gliscor|15\/100 par|[from] item: Rocky Helmet|[of] p2a: Jumpluff\n|-supereffective|p2a: Jumpluff\n|-damage|p2a: Jumpluff|72\/100\n|-damage|p1a: Gliscor|0 fnt|[from] item: Rocky Helmet|[of] p2a: Jumpluff\n|faint|p1a: Gliscor\n|-hitcount|p2a: Jumpluff|2\n|\n|upkeep\n|\n|t:|1700616260\n|switch|p1a: Regieleki|Regieleki, shiny|100\/100\n|turn|5\n|\n|t:|1700616264\n|move|p1a: Regieleki|Reflect|p1a: Regieleki\n|-sidestart|p1: doofusmitch|Reflect\n|move|p2a: Jumpluff|Sleep Powder|p1a: Regieleki\n|-status|p1a: Regieleki|slp|[from] move: Sleep Powder\n|\n|upkeep\n|turn|6\n|\n|t:|1700616268\n|cant|p1a: Regieleki|slp\n|move|p2a: Jumpluff|Baton Pass|p2a: Jumpluff\n|\n|t:|1700616275\n|switch|p2a: Torkoal|Torkoal, F|100\/100|[from] Baton Pass\n|-weather|SunnyDay|[from] ability: Drought|[of] p2a: Torkoal\n|\n|-weather|SunnyDay|[upkeep]\n|upkeep\n|turn|7\n|\n|t:|1700616283\n|cant|p1a: Regieleki|slp\n|move|p2a: Torkoal|Earth Power|p1a: Regieleki\n|-supereffective|p1a: Regieleki\n|-damage|p1a: Regieleki|18\/100 slp\n|\n|-weather|SunnyDay|[upkeep]\n|upkeep\n|turn|8\n|\n|t:|1700616289\n|-curestatus|p1a: Regieleki|slp|[msg]\n|move|p1a: Regieleki|Light Screen|p1a: Regieleki\n|-sidestart|p1: doofusmitch|move: Light Screen\n|move|p2a: Torkoal|Earth Power|p1a: Regieleki\n|-supereffective|p1a: Regieleki\n|-damage|p1a: Regieleki|0 fnt\n|faint|p1a: Regieleki\n|\n|-weather|SunnyDay|[upkeep]\n|upkeep\n|\n|t:|1700616308\n|switch|p1a: Articuno|Articuno-Galar, shiny|100\/100\n|turn|9\n|\n|t:|1700616313\n|move|p1a: Articuno|Psycho Cut|p2a: Torkoal\n|-damage|p2a: Torkoal|93\/100\n|move|p2a: Torkoal|Yawn|p1a: Articuno\n|-start|p1a: Articuno|move: Yawn|[of] p2a: Torkoal\n|\n|-weather|SunnyDay|[upkeep]\n|-sideend|p1: doofusmitch|Reflect\n|upkeep\n|turn|10\n|\n|t:|1700616321\n|move|p1a: Articuno|U-turn|p2a: Torkoal\n|-resisted|p2a: Torkoal\n|-damage|p2a: Torkoal|91\/100\n|\n|t:|1700616324\n|switch|p1a: Calyrex|Calyrex-Shadow|100\/100|[from] U-turn\n|-ability|p1a: Calyrex|As One\n|-ability|p1a: Calyrex|Unnerve\n|move|p2a: Torkoal|Clear Smog|p1a: Calyrex\n|-resisted|p1a: Calyrex\n|-damage|p1a: Calyrex|98\/100\n|-clearboost|p1a: Calyrex\n|\n|-weather|SunnyDay|[upkeep]\n|-heal|p1a: Calyrex|100\/100|[from] item: Leftovers\n|upkeep\n|turn|11\n|\n|t:|1700616338\n|move|p1a: Calyrex|Phantom Force||[still]\n|-prepare|p1a: Calyrex|Phantom Force\n|move|p2a: Torkoal|Yawn|p1a: Calyrex|[miss]\n|-miss|p2a: Torkoal|p1a: Calyrex\n|\n|-weather|SunnyDay|[upkeep]\n|upkeep\n|turn|12\n|\n|t:|1700616354\n|switch|p2a: Shiftry|Shiftry, M|100\/100\n|move|p1a: Calyrex|Phantom Force|p2a: Shiftry|[from]lockedmove\n|-resisted|p2a: Shiftry\n|-damage|p2a: Shiftry|80\/100\n|\n|-weather|SunnyDay|[upkeep]\n|-sideend|p1: doofusmitch|move: Light Screen\n|upkeep\n|turn|13\n|\n|t:|1700616362\n|move|p1a: Calyrex|Protect|p1a: Calyrex\n|-singleturn|p1a: Calyrex|Protect\n|move|p2a: Shiftry|Tailwind|p2a: Shiftry\n|-sidestart|p2: tbone5309|move: Tailwind\n|-ability|p2a: Shiftry|Wind Rider|boost\n|-boost|p2a: Shiftry|atk|1\n|\n|-weather|none\n|upkeep\n|turn|14\n|\n|t:|1700616373\n|move|p2a: Shiftry|Night Slash|p1a: Calyrex\n|-supereffective|p1a: Calyrex\n|-crit|p1a: Calyrex\n|-damage|p1a: Calyrex|0 fnt\n|faint|p1a: Calyrex\n|\n|upkeep\n|\n|t:|1700616378\n|switch|p1a: Dragapult|Dragapult, M, shiny|100\/100\n|turn|15\n|\n|t:|1700616383\n|move|p2a: Shiftry|Night Slash|p1a: Dragapult\n|-supereffective|p1a: Dragapult\n|-damage|p1a: Dragapult|0 fnt\n|faint|p1a: Dragapult\n|\n|upkeep\n|\n|t:|1700616388\n|switch|p1a: Articuno|Articuno-Galar, shiny|100\/100\n|turn|16\n|\n|t:|1700616391\n|move|p2a: Shiftry|Night Slash|p1a: Articuno\n|-supereffective|p1a: Articuno\n|-damage|p1a: Articuno|12\/100\n|move|p1a: Articuno|Freezing Glare|p2a: Shiftry\n|-immune|p2a: Shiftry\n|\n|-sideend|p2: tbone5309|move: Tailwind\n|upkeep\n|turn|17\n|\n|t:|1700616399\n|switch|p2a: Torkoal|Torkoal, F|91\/100\n|-weather|SunnyDay|[from] ability: Drought|[of] p2a: Torkoal\n|move|p1a: Articuno|U-turn|p2a: Torkoal\n|-resisted|p2a: Torkoal\n|-damage|p2a: Torkoal|85\/100\n|\n|t:|1700616405\n|switch|p1a: Eelektross|Eelektross, M, shiny|100\/100|[from] U-turn\n|\n|-weather|SunnyDay|[upkeep]\n|upkeep\n|turn|18\n|\n|t:|1700616415\n|move|p1a: Eelektross|Body Slam|p2a: Torkoal\n|-damage|p2a: Torkoal|65\/100\n|move|p2a: Torkoal|Yawn|p1a: Eelektross\n|-start|p1a: Eelektross|move: Yawn|[of] p2a: Torkoal\n|\n|-weather|SunnyDay|[upkeep]\n|upkeep\n|turn|19\n|\n|t:|1700616422\n|switch|p2a: Calyrex|Calyrex-Shadow|100\/100\n|-ability|p2a: Calyrex|As One\n|-ability|p2a: Calyrex|Unnerve\n|move|p1a: Eelektross|Body Slam|p2a: Calyrex\n|-immune|p2a: Calyrex\n|\n|-weather|SunnyDay|[upkeep]\n|-end|p1a: Eelektross|move: Yawn|[silent]\n|-status|p1a: Eelektross|slp\n|upkeep\n|turn|20\n|\n|t:|1700616433\n|move|p2a: Calyrex|Growth|p2a: Calyrex\n|-boost|p2a: Calyrex|atk|2\n|-boost|p2a: Calyrex|spa|2\n|cant|p1a: Eelektross|slp\n|\n|-weather|SunnyDay|[upkeep]\n|upkeep\n|turn|21\n|\n|t:|1700616439\n|move|p2a: Calyrex|Astral Barrage|p1a: Eelektross\n|-damage|p1a: Eelektross|0 fnt\n|faint|p1a: Eelektross\n|-ability|p2a: Calyrex|Grim Neigh|boost\n|-boost|p2a: Calyrex|spa|1\n|\n|-weather|SunnyDay|[upkeep]\n|upkeep\n|\n|t:|1700616446\n|switch|p1a: Articuno|Articuno-Galar, shiny|12\/100\n|turn|22\n|\n|t:|1700616452\n|move|p2a: Calyrex|Psyshock|p1a: Articuno\n|-resisted|p1a: Articuno\n|-damage|p1a: Articuno|0 fnt\n|faint|p1a: Articuno\n|\n|win|tbone5309\n|raw|doofusmitch's rating: 1081 &rarr; <strong>1061<\/strong><br \/>(-20 for losing)\n|raw|tbone5309's rating: 1114 &rarr; <strong>1137<\/strong><br \/>(+23 for winning)\n|l|\u2606doofusmitch\n|c|\u2606tbone5309|Gg\n|l|\u2606tbone5309\n|j|\u2606tbone5309\n|player|p2|tbone5309|cameraman\n","uploadtime":1700616507,"views":3,"p1id":"doofusmitch","p2id":"tbone5309","formatid":"gen9anythinggoes","rating":1061,"private":0,"password":""}