{"id":"gen9anythinggoes-1998611538","p1":"dreepy airlines","p2":"theironpikachu%\u25d5\u203f\u25d5","format":"[Gen 9] Anything Goes","log":"|j|\u2606dreepy airlines\n|j|\u2606theironpikachu%\u25d5\u203f\u25d5\n|inactive|Battle timer is ON: inactive players will automatically lose when time's up.\n|t:|1700962786\n|gametype|singles\n|player|p1|dreepy airlines|waitress-gen6|\n|player|p2|theironpikachu%\u25d5\u203f\u25d5|may-masters|\n|teamsize|p1|6\n|teamsize|p2|6\n|gen|9\n|tier|[Gen 9] Anything Goes\n|rated|Tournament battle\n|rule|HP Percentage Mod: HP is shown in percentages\n|rule|Endless Battle Clause: Forcing endless battles is banned\n|rule|Species Clause: Limit one of each Pok\u00e9mon\n|rule|OHKO Clause: OHKO moves are banned\n|rule|Evasion Moves Clause: Evasion moves are banned\n|rule|Sleep Moves Clause: Sleep-inducing moves are banned\n|rule|Terastal Clause: You cannot Terastallize\n|rule|1 Ability Clause: Limit 1 of each ability\n|clearpoke\n|poke|p1|Roaring Moon|\n|poke|p1|Sandy Shocks|\n|poke|p1|Slither Wing|\n|poke|p1|Corviknight, M|\n|poke|p1|Ogerpon-Hearthflame, F|\n|poke|p1|Toxapex, M|\n|poke|p2|Goodra-Hisui, F|\n|poke|p2|Corviknight, M|\n|poke|p2|Rotom-Wash|\n|poke|p2|Ting-Lu|\n|poke|p2|Toxapex, M|\n|poke|p2|Arcanine-Hisui, F|\n|teampreview\n|j|*Lady Monita \u2746\n|inactive|theironpikachu%\u25d5\u203f\u25d5 also wants the timer to be on.\n|inactive|dreepy airlines also wants the timer to be on.\n|c|\u2606theironpikachu%\u25d5\u203f\u25d5|glhf\n|c|\u2606dreepy airlines|hf\n|\n|t:|1700962813\n|start\n|switch|p1a: Sandy Shocks|Sandy Shocks|100\/100\n|switch|p2a: Arcanine|Arcanine-Hisui, F|100\/100\n|-fieldstart|move: Electric Terrain|[from] ability: Hadron Engine|[of] p1a: Sandy Shocks\n|turn|1\n|\n|t:|1700962832\n|switch|p2a: Ting-Lu|Ting-Lu|100\/100\n|move|p1a: Sandy Shocks|Earth Power|p2a: Ting-Lu\n|-damage|p2a: Ting-Lu|54\/100\n|\n|-heal|p2a: Ting-Lu|60\/100|[from] item: Leftovers\n|upkeep\n|turn|2\n|\n|t:|1700962840\n|move|p1a: Sandy Shocks|Earth Power|p2a: Ting-Lu\n|-damage|p2a: Ting-Lu|11\/100\n|move|p2a: Ting-Lu|Shore Up|p2a: Ting-Lu\n|-heal|p2a: Ting-Lu|61\/100\n|\n|-heal|p2a: Ting-Lu|67\/100|[from] item: Leftovers\n|upkeep\n|turn|3\n|inactive|theironpikachu%\u25d5\u203f\u25d5 has 120 seconds left.\n|\n|t:|1700962872\n|switch|p1a: Toxapex|Toxapex, M|100\/100\n|move|p2a: Ting-Lu|Shore Up|p2a: Ting-Lu\n|-heal|p2a: Ting-Lu|100\/100\n|\n|upkeep\n|turn|4\n|\n|t:|1700962878\n|move|p2a: Ting-Lu|Ceaseless Edge|p1a: Toxapex|[miss]\n|-miss|p2a: Ting-Lu|p1a: Toxapex\n|move|p1a: Toxapex|Mortal Spin|p2a: Ting-Lu\n|-resisted|p2a: Ting-Lu\n|-damage|p2a: Ting-Lu|99\/100\n|-status|p2a: Ting-Lu|psn\n|\n|-heal|p2a: Ting-Lu|100\/100 psn|[from] item: Leftovers\n|-damage|p2a: Ting-Lu|88\/100 psn|[from] psn\n|upkeep\n|turn|5\n|\n|t:|1700962885\n|move|p2a: Ting-Lu|Ceaseless Edge|p1a: Toxapex\n|-damage|p1a: Toxapex|81\/100\n|-sidestart|p1: dreepy airlines|Spikes\n|move|p1a: Toxapex|Mortal Spin|p2a: Ting-Lu\n|-resisted|p2a: Ting-Lu\n|-damage|p2a: Ting-Lu|86\/100 psn\n|-sideend|p1: dreepy airlines|Spikes|[from] move: Mortal Spin|[of] p1a: Toxapex\n|\n|-heal|p2a: Ting-Lu|93\/100 psn|[from] item: Leftovers\n|-heal|p1a: Toxapex|88\/100|[from] item: Black Sludge\n|-damage|p2a: Ting-Lu|80\/100 psn|[from] psn\n|-fieldend|move: Electric Terrain\n|upkeep\n|turn|6\n|\n|t:|1700962895\n|switch|p2a: Goodra|Goodra-Hisui, F|100\/100\n|move|p1a: Toxapex|Flip Turn|p2a: Goodra\n|-resisted|p2a: Goodra\n|-damage|p2a: Goodra|97\/100\n|\n|t:|1700962908\n|switch|p1a: Sandy Shocks|Sandy Shocks|100\/100|[from] Flip Turn\n|-fieldstart|move: Electric Terrain|[from] ability: Hadron Engine|[of] p1a: Sandy Shocks\n|\n|upkeep\n|turn|7\n|inactive|theironpikachu%\u25d5\u203f\u25d5 has 120 seconds left.\n|\n|t:|1700962940\n|switch|p2a: Ting-Lu|Ting-Lu|100\/100 psn\n|move|p1a: Sandy Shocks|Earth Power|p2a: Ting-Lu\n|-damage|p2a: Ting-Lu|51\/100 psn\n|\n|-heal|p2a: Ting-Lu|57\/100 psn|[from] item: Leftovers\n|-damage|p2a: Ting-Lu|44\/100 psn|[from] psn\n|upkeep\n|turn|8\n|\n|t:|1700962947\n|switch|p2a: Toxapex|Toxapex, M|100\/100\n|move|p1a: Sandy Shocks|Earth Power|p2a: Toxapex\n|-immune|p2a: Toxapex|[from] ability: Earth Eater\n|\n|upkeep\n|turn|9\n|\n|t:|1700962955\n|switch|p1a: Toxapex|Toxapex, M|88\/100\n|switch|p2a: Ting-Lu|Ting-Lu|78\/100 psn\n|\n|-heal|p2a: Ting-Lu|84\/100 psn|[from] item: Leftovers\n|-heal|p1a: Toxapex|94\/100|[from] item: Black Sludge\n|-damage|p2a: Ting-Lu|72\/100 psn|[from] psn\n|upkeep\n|turn|10\n|\n|t:|1700962961\n|switch|p2a: Goodra|Goodra-Hisui, F|97\/100\n|move|p1a: Toxapex|Flip Turn|p2a: Goodra\n|-resisted|p2a: Goodra\n|-damage|p2a: Goodra|94\/100\n|\n|t:|1700962979\n|switch|p1a: Roaring Moon|Roaring Moon|100\/100|[from] Flip Turn\n|\n|-fieldend|move: Electric Terrain\n|upkeep\n|turn|11\n|\n|t:|1700962989\n|switch|p2a: Toxapex|Toxapex, M|100\/100\n|move|p1a: Roaring Moon|Knock Off|p2a: Toxapex\n|-damage|p2a: Toxapex|66\/100\n|-enditem|p2a: Toxapex|Black Sludge|[from] move: Knock Off|[of] p1a: Roaring Moon\n|\n|upkeep\n|turn|12\n|\n|t:|1700962995\n|switch|p1a: Toxapex|Toxapex, M|94\/100\n|move|p2a: Toxapex|Flip Turn|p1a: Toxapex\n|-resisted|p1a: Toxapex\n|-damage|p1a: Toxapex|88\/100\n|\n|t:|1700963003\n|switch|p2a: Ting-Lu|Ting-Lu|100\/100 psn|[from] Flip Turn\n|\n|-heal|p1a: Toxapex|94\/100|[from] item: Black Sludge\n|-damage|p2a: Ting-Lu|88\/100 psn|[from] psn\n|upkeep\n|turn|13\n|\n|t:|1700963015\n|move|p2a: Ting-Lu|Ceaseless Edge|p1a: Toxapex\n|-damage|p1a: Toxapex|74\/100\n|-sidestart|p1: dreepy airlines|Spikes\n|move|p1a: Toxapex|Flip Turn|p2a: Ting-Lu\n|-supereffective|p2a: Ting-Lu\n|-damage|p2a: Ting-Lu|76\/100 psn\n|\n|t:|1700963023\n|switch|p1a: Ogerpon|Ogerpon-Hearthflame, F|100\/100|[from] Flip Turn\n|-damage|p1a: Ogerpon|88\/100|[from] Spikes\n|\n|-heal|p2a: Ting-Lu|82\/100 psn|[from] item: Leftovers\n|-damage|p2a: Ting-Lu|70\/100 psn|[from] psn\n|upkeep\n|turn|14\n|\n|t:|1700963039\n|switch|p2a: Corviknight|Corviknight, M|100\/100\n|move|p1a: Ogerpon|Swords Dance|p1a: Ogerpon\n|-boost|p1a: Ogerpon|atk|2\n|\n|upkeep\n|turn|15\n|\n|t:|1700963045\n|move|p1a: Ogerpon|Surging Strikes|p2a: Corviknight\n|-crit|p2a: Corviknight\n|-damage|p2a: Corviknight|72\/100\n|-crit|p2a: Corviknight\n|-damage|p2a: Corviknight|46\/100\n|-crit|p2a: Corviknight\n|-damage|p2a: Corviknight|20\/100\n|-hitcount|p2a: Corviknight|3\n|move|p2a: Corviknight|Dragon Ascent|p1a: Ogerpon\n|-supereffective|p1a: Ogerpon\n|-damage|p1a: Ogerpon|0 fnt\n|-unboost|p2a: Corviknight|def|1\n|-unboost|p2a: Corviknight|spd|1\n|faint|p1a: Ogerpon\n|\n|-heal|p2a: Corviknight|26\/100|[from] item: Leftovers\n|upkeep\n|\n|t:|1700963055\n|switch|p1a: Roaring Moon|Roaring Moon|100\/100\n|-damage|p1a: Roaring Moon|88\/100|[from] Spikes\n|turn|16\n|\n|t:|1700963064\n|move|p1a: Roaring Moon|Dragon Darts|p2a: Corviknight\n|-resisted|p2a: Corviknight\n|-damage|p2a: Corviknight|6\/100\n|-anim|p1a: Roaring Moon|Dragon Darts|p2a: Corviknight\n|-resisted|p2a: Corviknight\n|-damage|p2a: Corviknight|0 fnt\n|faint|p2a: Corviknight\n|\n|upkeep\n|\n|t:|1700963069\n|switch|p2a: Arcanine|Arcanine-Hisui, F|100\/100\n|turn|17\n|\n|t:|1700963076\n|switch|p1a: Toxapex|Toxapex, M|74\/100\n|move|p2a: Arcanine|Extreme Speed|p1a: Toxapex\n|-resisted|p1a: Toxapex\n|-damage|p1a: Toxapex|61\/100\n|\n|-heal|p1a: Toxapex|67\/100|[from] item: Black Sludge\n|upkeep\n|turn|18\n|\n|t:|1700963080\n|switch|p2a: Goodra|Goodra-Hisui, F|94\/100\n|move|p1a: Toxapex|Mortal Spin|p2a: Goodra\n|-immune|p2a: Goodra\n|\n|-heal|p1a: Toxapex|74\/100|[from] item: Black Sludge\n|upkeep\n|turn|19\n|\n|t:|1700963087\n|move|p2a: Goodra|Dynamax Cannon|p1a: Toxapex\n|-damage|p1a: Toxapex|38\/100\n|move|p1a: Toxapex|Mortal Spin|p2a: Goodra\n|-immune|p2a: Goodra\n|\n|-heal|p1a: Toxapex|44\/100|[from] item: Black Sludge\n|upkeep\n|turn|20\n|\n|t:|1700963095\n|move|p2a: Goodra|Dynamax Cannon|p1a: Toxapex\n|-damage|p1a: Toxapex|9\/100\n|move|p1a: Toxapex|Recover|p1a: Toxapex\n|-heal|p1a: Toxapex|59\/100\n|\n|-heal|p1a: Toxapex|65\/100|[from] item: Black Sludge\n|upkeep\n|turn|21\n|\n|t:|1700963099\n|move|p2a: Goodra|Dynamax Cannon|p1a: Toxapex\n|-crit|p1a: Toxapex\n|-damage|p1a: Toxapex|13\/100\n|move|p1a: Toxapex|Recover|p1a: Toxapex\n|-heal|p1a: Toxapex|63\/100\n|\n|-heal|p1a: Toxapex|69\/100|[from] item: Black Sludge\n|upkeep\n|turn|22\n|\n|t:|1700963104\n|move|p2a: Goodra|Thunderbolt|p1a: Toxapex\n|-supereffective|p1a: Toxapex\n|-damage|p1a: Toxapex|25\/100\n|move|p1a: Toxapex|Recover|p1a: Toxapex\n|-heal|p1a: Toxapex|75\/100\n|\n|-heal|p1a: Toxapex|82\/100|[from] item: Black Sludge\n|upkeep\n|turn|23\n|\n|t:|1700963108\n|move|p2a: Goodra|Thunderbolt|p1a: Toxapex\n|-supereffective|p1a: Toxapex\n|-damage|p1a: Toxapex|41\/100\n|move|p1a: Toxapex|Flip Turn|p2a: Goodra\n|-resisted|p2a: Goodra\n|-damage|p2a: Goodra|90\/100\n|\n|t:|1700963122\n|switch|p1a: Sandy Shocks|Sandy Shocks|100\/100|[from] Flip Turn\n|-damage|p1a: Sandy Shocks|88\/100|[from] Spikes\n|-fieldstart|move: Electric Terrain|[from] ability: Hadron Engine|[of] p1a: Sandy Shocks\n|\n|upkeep\n|turn|24\n|j| happysh\n|\n|t:|1700963131\n|switch|p2a: Ting-Lu|Ting-Lu|100\/100 psn\n|move|p1a: Sandy Shocks|Earth Power|p2a: Ting-Lu\n|-damage|p2a: Ting-Lu|50\/100 psn\n|\n|-heal|p2a: Ting-Lu|56\/100 psn|[from] item: Leftovers\n|-damage|p2a: Ting-Lu|44\/100 psn|[from] psn\n|upkeep\n|turn|25\n|\n|t:|1700963137\n|switch|p1a: Toxapex|Toxapex, M|41\/100\n|switch|p2a: Toxapex|Toxapex, M|66\/100\n|\n|-heal|p1a: Toxapex|47\/100|[from] item: Black Sludge\n|upkeep\n|turn|26\n|c|\u2606theironpikachu%\u25d5\u203f\u25d5|oo levitate\n|c|\u2606dreepy airlines|yea for spike\n|c|\u2606theironpikachu%\u25d5\u203f\u25d5|i c i c\n|\n|t:|1700963161\n|switch|p2a: Goodra|Goodra-Hisui, F|90\/100\n|move|p1a: Toxapex|Recover|p1a: Toxapex\n|-heal|p1a: Toxapex|97\/100\n|\n|-heal|p1a: Toxapex|100\/100|[from] item: Black Sludge\n|upkeep\n|turn|27\n|c|\u2606dreepy airlines|but tspike removal is only corv\n|\n|t:|1700963173\n|move|p2a: Goodra|Thunderbolt|p1a: Toxapex\n|-supereffective|p1a: Toxapex\n|-damage|p1a: Toxapex|43\/100\n|move|p1a: Toxapex|Flip Turn|p2a: Goodra\n|-resisted|p2a: Goodra\n|-damage|p2a: Goodra|87\/100\n|c|\u2606theironpikachu%\u25d5\u203f\u25d5|i mean its pr ob  fine\n|\n|t:|1700963188\n|switch|p1a: Slither Wing|Slither Wing|100\/100|[from] Flip Turn\n|-damage|p1a: Slither Wing|88\/100|[from] Spikes\n|\n|-fieldend|move: Electric Terrain\n|upkeep\n|turn|28\n|inactive|dreepy airlines has 120 seconds left.\n|\n|t:|1700963209\n|switch|p1a: Roaring Moon|Roaring Moon|88\/100\n|-damage|p1a: Roaring Moon|76\/100|[from] Spikes\n|switch|p2a: Toxapex|Toxapex, M|66\/100\n|\n|upkeep\n|turn|29\n|\n|t:|1700963218\n|move|p1a: Roaring Moon|Dragon Darts|p2a: Toxapex\n|-damage|p2a: Toxapex|37\/100\n|-anim|p1a: Roaring Moon|Dragon Darts|p2a: Toxapex\n|-damage|p2a: Toxapex|8\/100\n|move|p2a: Toxapex|Flip Turn|p1a: Roaring Moon\n|-resisted|p1a: Roaring Moon\n|-damage|p1a: Roaring Moon|66\/100\n|\n|t:|1700963225\n|switch|p2a: Arcanine|Arcanine-Hisui, F|100\/100|[from] Flip Turn\n|\n|upkeep\n|turn|30\n|\n|t:|1700963233\n|switch|p1a: Corviknight|Corviknight, M|100\/100\n|-ability|p1a: Corviknight|Intimidate|boost\n|-unboost|p2a: Arcanine|atk|1\n|move|p2a: Arcanine|Stone Axe|p1a: Corviknight\n|-crit|p1a: Corviknight\n|-damage|p1a: Corviknight|73\/100\n|-damage|p2a: Arcanine|84\/100|[from] item: Rocky Helmet|[of] p1a: Corviknight\n|-sidestart|p1: dreepy airlines|move: Stealth Rock\n|\n|upkeep\n|turn|31\n|\n|t:|1700963245\n|switch|p2a: Toxapex|Toxapex, M|8\/100\n|move|p1a: Corviknight|Defog|p2a: Toxapex\n|-unboost|p2a: Toxapex|evasion|1\n|-sideend|p1: dreepy airlines|Spikes|[from] move: Defog|[of] p1a: Corviknight\n|-sideend|p1: dreepy airlines|Stealth Rock|[from] move: Defog|[of] p1a: Corviknight\n|\n|upkeep\n|turn|32\n|\n|t:|1700963252\n|move|p1a: Corviknight|Behemoth Bash|p2a: Toxapex\n|-resisted|p2a: Toxapex\n|-damage|p2a: Toxapex|0 fnt\n|faint|p2a: Toxapex\n|\n|upkeep\n|\n|t:|1700963260\n|switch|p2a: Arcanine|Arcanine-Hisui, F|84\/100\n|turn|33\n|\n|t:|1700963277\n|move|p2a: Arcanine|Will-O-Wisp|p1a: Corviknight\n|-status|p1a: Corviknight|brn\n|move|p1a: Corviknight|Behemoth Bash|p2a: Arcanine\n|-damage|p2a: Arcanine|64\/100\n|\n|-damage|p1a: Corviknight|67\/100 brn|[from] brn\n|upkeep\n|turn|34\n|\n|t:|1700963284\n|move|p2a: Arcanine|Bitter Blade|p1a: Corviknight\n|-supereffective|p1a: Corviknight\n|-damage|p1a: Corviknight|18\/100 brn\n|-heal|p2a: Arcanine|94\/100|[from] drain|[of] p1a: Corviknight\n|-damage|p2a: Arcanine|78\/100|[from] item: Rocky Helmet|[of] p1a: Corviknight\n|move|p1a: Corviknight|Roost|p1a: Corviknight\n|-heal|p1a: Corviknight|68\/100 brn\n|-singleturn|p1a: Corviknight|move: Roost\n|\n|-damage|p1a: Corviknight|62\/100 brn|[from] brn\n|upkeep\n|turn|35\n|\n|t:|1700963289\n|move|p2a: Arcanine|Bitter Blade|p1a: Corviknight\n|-supereffective|p1a: Corviknight\n|-damage|p1a: Corviknight|10\/100 brn\n|-heal|p2a: Arcanine|100\/100|[from] drain|[of] p1a: Corviknight\n|-damage|p2a: Arcanine|84\/100|[from] item: Rocky Helmet|[of] p1a: Corviknight\n|move|p1a: Corviknight|U-turn|p2a: Arcanine\n|-resisted|p2a: Arcanine\n|-damage|p2a: Arcanine|79\/100\n|j| Pure Hackmons\n|\n|t:|1700963292\n|switch|p1a: Toxapex|Toxapex, M|43\/100|[from] U-turn\n|\n|-heal|p1a: Toxapex|50\/100|[from] item: Black Sludge\n|upkeep\n|turn|36\n|\n|t:|1700963299\n|move|p2a: Arcanine|Stone Axe|p1a: Toxapex|[miss]\n|-miss|p2a: Arcanine|p1a: Toxapex\n|move|p1a: Toxapex|Recover|p1a: Toxapex\n|-heal|p1a: Toxapex|99\/100\n|\n|-heal|p1a: Toxapex|100\/100|[from] item: Black Sludge\n|upkeep\n|turn|37\n|\n|t:|1700963305\n|switch|p2a: Goodra|Goodra-Hisui, F|87\/100\n|move|p1a: Toxapex|Flip Turn|p2a: Goodra\n|-resisted|p2a: Goodra\n|-damage|p2a: Goodra|83\/100\n|c|\u2606theironpikachu%\u25d5\u203f\u25d5|man\n|l| Pure Hackmons\n|\n|t:|1700963312\n|switch|p1a: Slither Wing|Slither Wing|88\/100|[from] Flip Turn\n|\n|upkeep\n|turn|38\n|\n|t:|1700963330\n|move|p1a: Slither Wing|Bulk Up|p1a: Slither Wing\n|-boost|p1a: Slither Wing|atk|1\n|-boost|p1a: Slither Wing|def|1\n|move|p2a: Goodra|Flamethrower|p1a: Slither Wing\n|-supereffective|p1a: Slither Wing\n|-damage|p1a: Slither Wing|38\/100\n|\n|upkeep\n|turn|39\n|\n|t:|1700963336\n|move|p1a: Slither Wing|Drain Punch|p2a: Goodra\n|-supereffective|p2a: Goodra\n|-damage|p2a: Goodra|0 fnt\n|-heal|p1a: Slither Wing|79\/100|[from] drain|[of] p2a: Goodra\n|faint|p2a: Goodra\n|-damage|p1a: Slither Wing|69\/100|[from] item: Life Orb\n|\n|upkeep\n|c|\u2606dreepy airlines|gg\n|\n|t:|1700963340\n|switch|p2a: Rotom|Rotom-Wash|100\/100\n|turn|40\n|c|\u2606dreepy airlines|even with stone axe hit slither prob cleaned\n|\n|t:|1700963354\n|move|p1a: Slither Wing|Leech Life|p2a: Rotom\n|-damage|p2a: Rotom|1\/100\n|-heal|p1a: Slither Wing|100\/100|[from] drain|[of] p2a: Rotom\n|-damage|p1a: Slither Wing|91\/100|[from] item: Life Orb\n|move|p2a: Rotom|Steam Eruption|p1a: Slither Wing\n|-damage|p1a: Slither Wing|43\/100\n|-status|p1a: Slither Wing|brn\n|\n|-heal|p2a: Rotom|7\/100|[from] item: Leftovers\n|-damage|p1a: Slither Wing|37\/100 brn|[from] brn\n|upkeep\n|turn|41\n|\n|t:|1700963365\n|move|p2a: Rotom|Parabolic Charge|p1a: Slither Wing\n|-damage|p1a: Slither Wing|9\/100 brn\n|-heal|p2a: Rotom|25\/100|[from] drain|[of] p1a: Slither Wing\n|move|p1a: Slither Wing|Drain Punch|p2a: Rotom\n|-damage|p2a: Rotom|0 fnt\n|-heal|p1a: Slither Wing|18\/100 brn|[from] drain|[of] p2a: Rotom\n|faint|p2a: Rotom\n|-damage|p1a: Slither Wing|9\/100 brn|[from] item: Life Orb\n|\n|-damage|p1a: Slither Wing|2\/100 brn|[from] brn\n|upkeep\n|\n|t:|1700963370\n|switch|p2a: Arcanine|Arcanine-Hisui, F|79\/100\n|turn|42\n|\n|t:|1700963373\n|move|p1a: Slither Wing|Drain Punch|p2a: Arcanine\n|-supereffective|p2a: Arcanine\n|-damage|p2a: Arcanine|0 fnt\n|-heal|p1a: Slither Wing|37\/100 brn|[from] drain|[of] p2a: Arcanine\n|faint|p2a: Arcanine\n|-damage|p1a: Slither Wing|27\/100 brn|[from] item: Life Orb\n|\n|-damage|p1a: Slither Wing|21\/100 brn|[from] brn\n|upkeep\n|c|\u2606theironpikachu%\u25d5\u203f\u25d5|priobs\n|c|\u2606theironpikachu%\u25d5\u203f\u25d5|ggwp\n|\n|t:|1700963378\n|switch|p2a: Ting-Lu|Ting-Lu|77\/100 psn\n|turn|43\n|c|\u2606dreepy airlines|gg\n|\n|t:|1700963381\n|move|p1a: Slither Wing|Leech Life|p2a: Ting-Lu\n|-supereffective|p2a: Ting-Lu\n|-damage|p2a: Ting-Lu|40\/100 psn\n|-heal|p1a: Slither Wing|47\/100 brn|[from] drain|[of] p2a: Ting-Lu\n|-damage|p1a: Slither Wing|37\/100 brn|[from] item: Life Orb\n|move|p2a: Ting-Lu|Ceaseless Edge|p1a: Slither Wing\n|-resisted|p1a: Slither Wing\n|-damage|p1a: Slither Wing|28\/100 brn\n|-sidestart|p1: dreepy airlines|Spikes\n|\n|-heal|p2a: Ting-Lu|46\/100 psn|[from] item: Leftovers\n|-damage|p2a: Ting-Lu|34\/100 psn|[from] psn\n|-damage|p1a: Slither Wing|21\/100 brn|[from] brn\n|upkeep\n|turn|44\n|\n|t:|1700963384\n|move|p1a: Slither Wing|Leech Life|p2a: Ting-Lu\n|-supereffective|p2a: Ting-Lu\n|-damage|p2a: Ting-Lu|0 fnt\n|-heal|p1a: Slither Wing|44\/100 brn|[from] drain|[of] p2a: Ting-Lu\n|faint|p2a: Ting-Lu\n|-damage|p1a: Slither Wing|34\/100 brn|[from] item: Life Orb\n|\n|win|dreepy airlines\n|n|\u2606dreepy airlines|dreepyairlines\n|n|\u2606theironpikachu%\u25d5\u203f\u25d5|theironpikachu\n|n|*Lady Monita \u2746|ladymonita\n|n| happysh|happysh\n","uploadtime":1700963386,"views":1,"p1id":"dreepyairlines","p2id":"theironpikachu","formatid":"gen9anythinggoes","rating":0,"private":0,"password":""}