{"id":"gen9anythinggoes-1975259162","p1":"Auby69","p2":"Tewingus","format":"[Gen 9] Anything Goes","log":"|j|\u2606Auby69\n|j|\u2606Tewingus\n|t:|1698174356\n|gametype|singles\n|player|p1|Auby69|lady|\n|player|p2|Tewingus|iris-gen5bw2|\n|teamsize|p1|6\n|teamsize|p2|6\n|gen|9\n|tier|[Gen 9] Anything Goes\n|rule|HP Percentage Mod: HP is shown in percentages\n|rule|Endless Battle Clause: Forcing endless battles is banned\n|clearpoke\n|poke|p1|Clodsire, F|\n|poke|p1|Dondozo, F|\n|poke|p1|Alomomola, M|\n|poke|p1|Talonflame, M|\n|poke|p1|Toxapex, M|\n|poke|p1|Blissey, F|\n|poke|p2|Ribombee, M|\n|poke|p2|Toxapex, M|\n|poke|p2|Mandibuzz, F|\n|poke|p2|Great Tusk|\n|poke|p2|Gliscor, M|\n|poke|p2|Corviknight, F|\n|teampreview\n|\n|t:|1698174371\n|start\n|switch|p1a: Blissey|Blissey, F|100\/100\n|switch|p2a: Ribombee|Ribombee, M|100\/100\n|turn|1\n|\n|t:|1698174382\n|move|p2a: Ribombee|Stun Spore|p1a: Blissey\n|-status|p1a: Blissey|par\n|move|p1a: Blissey|Stealth Rock|p2a: Ribombee\n|-sidestart|p2: Tewingus|move: Stealth Rock\n|\n|upkeep\n|turn|2\n|\n|t:|1698174426\n|move|p2a: Ribombee|Sticky Web|p1a: Blissey\n|-sidestart|p1: Auby69|move: Sticky Web\n|cant|p1a: Blissey|par\n|\n|upkeep\n|turn|3\n|\n|t:|1698174441\n|move|p2a: Ribombee|U-turn|p1a: Blissey\n|-damage|p1a: Blissey|72\/100 par\n|\n|t:|1698174449\n|switch|p2a: Great Tusk|Great Tusk|100\/100|[from] U-turn\n|-damage|p2a: Great Tusk|98\/100|[from] Stealth Rock\n|move|p1a: Blissey|Shadow Ball|p2a: Great Tusk\n|-damage|p2a: Great Tusk|84\/100\n|-unboost|p2a: Great Tusk|spd|1\n|\n|-heal|p2a: Great Tusk|91\/100|[from] item: Leftovers\n|upkeep\n|turn|4\n|\n|t:|1698174471\n|move|p2a: Great Tusk|Stomping Tantrum|p1a: Blissey\n|-damage|p1a: Blissey|13\/100 par\n|move|p1a: Blissey|Soft-Boiled|p1a: Blissey\n|-heal|p1a: Blissey|63\/100 par\n|\n|-heal|p2a: Great Tusk|97\/100|[from] item: Leftovers\n|upkeep\n|turn|5\n|\n|t:|1698174484\n|-end|p2a: Great Tusk|Protosynthesis|[silent]\n|switch|p2a: Gliscor|Gliscor, M|100\/100\n|-damage|p2a: Gliscor|88\/100|[from] Stealth Rock\n|move|p1a: Blissey|Soft-Boiled|p1a: Blissey\n|-heal|p1a: Blissey|100\/100 par\n|\n|-status|p2a: Gliscor|tox|[from] item: Toxic Orb\n|upkeep\n|turn|6\n|c|\u2606Tewingus|why didnt you swtich\n|c|\u2606Tewingus|what\n|c|\u2606Auby69|fym why didnt i switch\n|c|\u2606Auby69|she was safe\n|c|\u2606Tewingus|no...\n|\n|t:|1698174539\n|switch|p2a: Corviknight|Corviknight, F|100\/100\n|-damage|p2a: Corviknight|88\/100|[from] Stealth Rock\n|move|p1a: Blissey|Shadow Ball|p2a: Corviknight\n|-damage|p2a: Corviknight|74\/100\n|\n|-heal|p2a: Corviknight|81\/100|[from] item: Leftovers\n|upkeep\n|turn|7\n|\n|t:|1698174555\n|move|p2a: Corviknight|Body Press|p1a: Blissey\n|-supereffective|p1a: Blissey\n|-damage|p1a: Blissey|0 fnt\n|faint|p1a: Blissey\n|\n|-heal|p2a: Corviknight|87\/100|[from] item: Leftovers\n|upkeep\n|\n|t:|1698174568\n|switch|p1a: Talonflame|Talonflame, M|100\/100\n|turn|8\n|\n|t:|1698174576\n|switch|p2a: Mandibuzz|Mandibuzz, F|100\/100\n|move|p1a: Talonflame|Will-O-Wisp|p2a: Mandibuzz\n|-status|p2a: Mandibuzz|brn\n|\n|-damage|p2a: Mandibuzz|94\/100 brn|[from] brn\n|upkeep\n|turn|9\n|\n|t:|1698174594\n|move|p1a: Talonflame|Flamethrower|p2a: Mandibuzz\n|-damage|p2a: Mandibuzz|79\/100 brn\n|move|p2a: Mandibuzz|Taunt|p1a: Talonflame\n|-start|p1a: Talonflame|move: Taunt\n|\n|-damage|p2a: Mandibuzz|73\/100 brn|[from] brn\n|upkeep\n|turn|10\n|\n|t:|1698174604\n|move|p1a: Talonflame|Flamethrower|p2a: Mandibuzz\n|-damage|p2a: Mandibuzz|55\/100 brn\n|move|p2a: Mandibuzz|Foul Play|p1a: Talonflame\n|-damage|p1a: Talonflame|89\/100\n|\n|-damage|p2a: Mandibuzz|49\/100 brn|[from] brn\n|upkeep\n|turn|11\n|\n|t:|1698174611\n|move|p1a: Talonflame|Flamethrower|p2a: Mandibuzz\n|-damage|p2a: Mandibuzz|31\/100 brn\n|move|p2a: Mandibuzz|Roost|p2a: Mandibuzz\n|-heal|p2a: Mandibuzz|81\/100 brn\n|-singleturn|p2a: Mandibuzz|move: Roost\n|\n|-damage|p2a: Mandibuzz|75\/100 brn|[from] brn\n|upkeep\n|turn|12\n|\n|t:|1698174621\n|move|p1a: Talonflame|Flamethrower|p2a: Mandibuzz\n|-damage|p2a: Mandibuzz|57\/100 brn\n|move|p2a: Mandibuzz|Foul Play|p1a: Talonflame\n|-damage|p1a: Talonflame|79\/100\n|\n|-damage|p2a: Mandibuzz|51\/100 brn|[from] brn\n|-end|p1a: Talonflame|move: Taunt\n|upkeep\n|turn|13\n|\n|t:|1698174634\n|move|p1a: Talonflame|Flamethrower|p2a: Mandibuzz\n|-damage|p2a: Mandibuzz|34\/100 brn\n|move|p2a: Mandibuzz|Taunt|p1a: Talonflame\n|-start|p1a: Talonflame|move: Taunt\n|\n|-damage|p2a: Mandibuzz|28\/100 brn|[from] brn\n|upkeep\n|turn|14\n|\n|t:|1698174641\n|move|p1a: Talonflame|Flamethrower|p2a: Mandibuzz\n|-damage|p2a: Mandibuzz|11\/100 brn\n|move|p2a: Mandibuzz|Roost|p2a: Mandibuzz\n|-heal|p2a: Mandibuzz|61\/100 brn\n|-singleturn|p2a: Mandibuzz|move: Roost\n|\n|-damage|p2a: Mandibuzz|55\/100 brn|[from] brn\n|upkeep\n|turn|15\n|\n|t:|1698174649\n|move|p1a: Talonflame|Flamethrower|p2a: Mandibuzz\n|-damage|p2a: Mandibuzz|37\/100 brn\n|move|p2a: Mandibuzz|Roost|p2a: Mandibuzz\n|-heal|p2a: Mandibuzz|87\/100 brn\n|-singleturn|p2a: Mandibuzz|move: Roost\n|\n|-damage|p2a: Mandibuzz|81\/100 brn|[from] brn\n|upkeep\n|turn|16\n|\n|t:|1698174661\n|switch|p2a: Toxapex|Toxapex, M|100\/100\n|-damage|p2a: Toxapex|88\/100|[from] Stealth Rock\n|move|p1a: Talonflame|Flamethrower|p2a: Toxapex\n|-resisted|p2a: Toxapex\n|-damage|p2a: Toxapex|79\/100\n|\n|-heal|p2a: Toxapex|85\/100|[from] item: Black Sludge\n|-end|p1a: Talonflame|move: Taunt\n|upkeep\n|turn|17\n|\n|t:|1698174676\n|switch|p1a: Toxapex|Toxapex, M|100\/100\n|move|p2a: Toxapex|Toxic Spikes|p1a: Toxapex\n|-sidestart|p1: Auby69|move: Toxic Spikes\n|\n|-heal|p2a: Toxapex|92\/100|[from] item: Black Sludge\n|upkeep\n|turn|18\n|\n|t:|1698174686\n|switch|p2a: Great Tusk|Great Tusk|97\/100\n|-damage|p2a: Great Tusk|94\/100|[from] Stealth Rock\n|move|p1a: Toxapex|Infestation|p2a: Great Tusk\n|-resisted|p2a: Great Tusk\n|-damage|p2a: Great Tusk|92\/100\n|-activate|p2a: Great Tusk|move: Infestation|[of] p1a: Toxapex\n|\n|-heal|p2a: Great Tusk|99\/100|[from] item: Leftovers\n|-damage|p2a: Great Tusk|86\/100|[from] move: Infestation|[partiallytrapped]\n|upkeep\n|turn|19\n|\n|t:|1698174720\n|switch|p1a: Talonflame|Talonflame, M|79\/100\n|move|p2a: Great Tusk|Stomping Tantrum|p1a: Talonflame\n|-immune|p1a: Talonflame\n|\n|-heal|p2a: Great Tusk|92\/100|[from] item: Leftovers\n|-end|p2a: Great Tusk|Infestation|[partiallytrapped]|[silent]\n|upkeep\n|turn|20\n|\n|t:|1698174731\n|-end|p2a: Great Tusk|Protosynthesis|[silent]\n|switch|p2a: Toxapex|Toxapex, M|100\/100\n|-damage|p2a: Toxapex|88\/100|[from] Stealth Rock\n|move|p1a: Talonflame|Will-O-Wisp|p2a: Toxapex\n|-status|p2a: Toxapex|brn\n|\n|-heal|p2a: Toxapex|94\/100 brn|[from] item: Black Sludge\n|-damage|p2a: Toxapex|88\/100 brn|[from] brn\n|upkeep\n|turn|21\n|\n|t:|1698174748\n|switch|p1a: Toxapex|Toxapex, M|100\/100\n|-sideend|p1: Auby69|move: Toxic Spikes|[of] p1a: Toxapex\n|switch|p2a: Corviknight|Corviknight, F|87\/100\n|-damage|p2a: Corviknight|74\/100|[from] Stealth Rock\n|\n|-heal|p2a: Corviknight|81\/100|[from] item: Leftovers\n|upkeep\n|turn|22\n|\n|t:|1698174768\n|move|p2a: Corviknight|Substitute|p2a: Corviknight\n|-start|p2a: Corviknight|Substitute\n|-damage|p2a: Corviknight|56\/100\n|move|p1a: Toxapex|Infestation|p2a: Corviknight\n|-resisted|p2a: Corviknight\n|-activate|p2a: Corviknight|move: Substitute|[damage]\n|\n|-heal|p2a: Corviknight|62\/100|[from] item: Leftovers\n|upkeep\n|turn|23\n|\n|t:|1698174785\n|move|p2a: Corviknight|Body Press|p1a: Toxapex\n|-resisted|p1a: Toxapex\n|-crit|p1a: Toxapex\n|-damage|p1a: Toxapex|89\/100\n|move|p1a: Toxapex|Recover|p1a: Toxapex\n|-heal|p1a: Toxapex|100\/100\n|\n|-heal|p2a: Corviknight|68\/100|[from] item: Leftovers\n|upkeep\n|turn|24\n|\n|t:|1698174815\n|move|p2a: Corviknight|Body Press|p1a: Toxapex\n|-resisted|p1a: Toxapex\n|-damage|p1a: Toxapex|92\/100\n|move|p1a: Toxapex|Infestation|p2a: Corviknight\n|-resisted|p2a: Corviknight\n|-activate|p2a: Corviknight|move: Substitute|[damage]\n|\n|-heal|p2a: Corviknight|74\/100|[from] item: Leftovers\n|upkeep\n|turn|25\n|\n|t:|1698174854\n|move|p2a: Corviknight|Body Press|p1a: Toxapex\n|-resisted|p1a: Toxapex\n|-damage|p1a: Toxapex|84\/100\n|move|p1a: Toxapex|Toxic||[still]\n|-fail|p1a: Toxapex\n|\n|-heal|p2a: Corviknight|81\/100|[from] item: Leftovers\n|upkeep\n|turn|26\n|\n|t:|1698174866\n|move|p2a: Corviknight|Body Press|p1a: Toxapex\n|-resisted|p1a: Toxapex\n|-damage|p1a: Toxapex|76\/100\n|move|p1a: Toxapex|Infestation|p2a: Corviknight\n|-resisted|p2a: Corviknight\n|-activate|p2a: Corviknight|move: Substitute|[damage]\n|\n|-heal|p2a: Corviknight|87\/100|[from] item: Leftovers\n|upkeep\n|turn|27\n|\n|t:|1698174887\n|move|p2a: Corviknight|Body Press|p1a: Toxapex\n|-resisted|p1a: Toxapex\n|-damage|p1a: Toxapex|69\/100\n|move|p1a: Toxapex|Infestation|p2a: Corviknight\n|-resisted|p2a: Corviknight\n|-activate|p2a: Corviknight|move: Substitute|[damage]\n|\n|-heal|p2a: Corviknight|93\/100|[from] item: Leftovers\n|upkeep\n|turn|28\n|\n|t:|1698174900\n|move|p2a: Corviknight|Body Press|p1a: Toxapex\n|-resisted|p1a: Toxapex\n|-damage|p1a: Toxapex|61\/100\n|move|p1a: Toxapex|Haze|p1a: Toxapex\n|-clearallboost\n|\n|-heal|p2a: Corviknight|99\/100|[from] item: Leftovers\n|upkeep\n|turn|29\n|\n|t:|1698174918\n|move|p2a: Corviknight|Body Press|p1a: Toxapex\n|-resisted|p1a: Toxapex\n|-damage|p1a: Toxapex|52\/100\n|move|p1a: Toxapex|Haze|p1a: Toxapex\n|-clearallboost\n|\n|-heal|p2a: Corviknight|100\/100|[from] item: Leftovers\n|upkeep\n|turn|30\n|\n|t:|1698174928\n|move|p2a: Corviknight|Body Press|p1a: Toxapex\n|-resisted|p1a: Toxapex\n|-damage|p1a: Toxapex|45\/100\n|move|p1a: Toxapex|Recover|p1a: Toxapex\n|-heal|p1a: Toxapex|95\/100\n|\n|upkeep\n|turn|31\n|inactive|Battle timer is ON: inactive players will automatically lose when time's up. (requested by Auby69)\n|\n|t:|1698175006\n|move|p2a: Corviknight|Body Press|p1a: Toxapex\n|-resisted|p1a: Toxapex\n|-damage|p1a: Toxapex|87\/100\n|move|p1a: Toxapex|Haze|p1a: Toxapex\n|-clearallboost\n|\n|upkeep\n|turn|32\n|c|\u2606Tewingus|gay\n|\n|t:|1698175014\n|move|p2a: Corviknight|Body Press|p1a: Toxapex\n|-resisted|p1a: Toxapex\n|-damage|p1a: Toxapex|79\/100\n|move|p1a: Toxapex|Haze|p1a: Toxapex\n|-clearallboost\n|\n|upkeep\n|turn|33\n|\n|t:|1698175032\n|move|p2a: Corviknight|U-turn|p1a: Toxapex\n|-resisted|p1a: Toxapex\n|-damage|p1a: Toxapex|75\/100\n|c|\u2606Auby69|finally\n|\n|t:|1698175047\n|switch|p2a: Ribombee|Ribombee, M|100\/100|[from] U-turn\n|-damage|p2a: Ribombee|76\/100|[from] Stealth Rock\n|move|p1a: Toxapex|Haze|p1a: Toxapex\n|-clearallboost\n|\n|upkeep\n|turn|34\n|\n|t:|1698175061\n|switch|p1a: Clodsire|Clodsire, F|100\/100\n|move|p2a: Ribombee|Stun Spore|p1a: Clodsire|[miss]\n|-miss|p2a: Ribombee|p1a: Clodsire\n|\n|upkeep\n|turn|35\n|c|\u2606Auby69|it missed\n|\n|t:|1698175073\n|move|p2a: Ribombee|U-turn|p1a: Clodsire\n|-resisted|p1a: Clodsire\n|-damage|p1a: Clodsire|92\/100\n|\n|t:|1698175082\n|switch|p2a: Toxapex|Toxapex, M|100\/100 brn|[from] U-turn\n|-damage|p2a: Toxapex|88\/100 brn|[from] Stealth Rock\n|move|p1a: Clodsire|Toxic||[still]\n|-fail|p1a: Clodsire\n|\n|-heal|p2a: Toxapex|94\/100 brn|[from] item: Black Sludge\n|-damage|p2a: Toxapex|88\/100 brn|[from] brn\n|upkeep\n|turn|36\n|\n|t:|1698175101\n|move|p2a: Toxapex|Ice Spinner|p1a: Clodsire\n|-supereffective|p1a: Clodsire\n|-damage|p1a: Clodsire|78\/100\n|move|p1a: Clodsire|Earthquake|p2a: Toxapex\n|-supereffective|p2a: Toxapex\n|-damage|p2a: Toxapex|52\/100 brn\n|\n|-heal|p2a: Toxapex|59\/100 brn|[from] item: Black Sludge\n|-damage|p2a: Toxapex|52\/100 brn|[from] brn\n|upkeep\n|turn|37\n|c|\u2606Tewingus|ice spinner woooo\n|c|\u2606Auby69|hype\n|\n|t:|1698175119\n|move|p2a: Toxapex|Baneful Bunker|p2a: Toxapex\n|-singleturn|p2a: Toxapex|move: Protect\n|move|p1a: Clodsire|Earthquake|p2a: Toxapex\n|-activate|p2a: Toxapex|move: Protect\n|\n|-heal|p2a: Toxapex|59\/100 brn|[from] item: Black Sludge\n|-damage|p2a: Toxapex|52\/100 brn|[from] brn\n|upkeep\n|turn|38\n|\n|t:|1698175131\n|switch|p2a: Corviknight|Corviknight, F|100\/100\n|-damage|p2a: Corviknight|88\/100|[from] Stealth Rock\n|move|p1a: Clodsire|Earthquake|p2a: Corviknight\n|-immune|p2a: Corviknight\n|\n|-heal|p2a: Corviknight|94\/100|[from] item: Leftovers\n|upkeep\n|turn|39\n|\n|t:|1698175140\n|switch|p1a: Toxapex|Toxapex, M|100\/100\n|move|p2a: Corviknight|U-turn|p1a: Toxapex\n|-resisted|p1a: Toxapex\n|-damage|p1a: Toxapex|96\/100\n|\n|t:|1698175150\n|switch|p2a: Great Tusk|Great Tusk|92\/100|[from] U-turn\n|-damage|p2a: Great Tusk|89\/100|[from] Stealth Rock\n|\n|-heal|p2a: Great Tusk|96\/100|[from] item: Leftovers\n|upkeep\n|turn|40\n|\n|t:|1698175162\n|switch|p1a: Talonflame|Talonflame, M|79\/100\n|move|p2a: Great Tusk|Stealth Rock|p1a: Talonflame\n|-sidestart|p1: Auby69|move: Stealth Rock\n|\n|-heal|p2a: Great Tusk|100\/100|[from] item: Leftovers\n|upkeep\n|turn|41\n|\n|t:|1698175172\n|-end|p2a: Great Tusk|Protosynthesis|[silent]\n|switch|p2a: Toxapex|Toxapex, M|86\/100 brn\n|-damage|p2a: Toxapex|73\/100 brn|[from] Stealth Rock\n|move|p1a: Talonflame|Will-O-Wisp|p2a: Toxapex\n|-fail|p2a: Toxapex|brn\n|\n|-heal|p2a: Toxapex|79\/100 brn|[from] item: Black Sludge\n|-damage|p2a: Toxapex|73\/100 brn|[from] brn\n|upkeep\n|turn|42\n|\n|t:|1698175188\n|switch|p1a: Clodsire|Clodsire, F|78\/100\n|move|p2a: Toxapex|Ice Spinner|p1a: Clodsire\n|-supereffective|p1a: Clodsire\n|-damage|p1a: Clodsire|63\/100\n|\n|-heal|p2a: Toxapex|79\/100 brn|[from] item: Black Sludge\n|-damage|p2a: Toxapex|73\/100 brn|[from] brn\n|upkeep\n|turn|43\n|\n|t:|1698175203\n|move|p2a: Toxapex|Recover|p2a: Toxapex\n|-heal|p2a: Toxapex|100\/100 brn\n|move|p1a: Clodsire|Recover|p1a: Clodsire\n|-heal|p1a: Clodsire|100\/100\n|\n|-damage|p2a: Toxapex|94\/100 brn|[from] brn\n|upkeep\n|turn|44\n|c|\u2606Tewingus|ffs\n|c|\u2606Auby69|FLAMES\n|c|\u2606Tewingus|LMAO\n|c|\u2606Tewingus|you know what\n|c|\u2606Tewingus|fuck it\n|inactive|Tewingus has 270 seconds left.\n|c|\u2606Tewingus|I'm not playing another 20 min of this\n|-message|Tewingus forfeited.\n|\n|win|Auby69\n|l|\u2606Tewingus\n|c|\u2606Auby69|a winner is me\n","uploadtime":1698175240,"views":21,"p1id":"auby69","p2id":"tewingus","formatid":"gen9anythinggoes","rating":0,"private":0,"password":""}