{"id":"gen9anythinggoes-1990198009","p1":"Khryce","p2":"n2ej2he2d23e","format":"[Gen 9] Anything Goes","log":"|j|\u2606Khryce\n|j|\u2606n2ej2he2d23e\n|t:|1699936073\n|gametype|singles\n|player|p1|Khryce|preschooler|1096\n|player|p2|n2ej2he2d23e|170|1133\n|teamsize|p1|6\n|teamsize|p2|6\n|gen|9\n|tier|[Gen 9] Anything Goes\n|rated|\n|rule|HP Percentage Mod: HP is shown in percentages\n|rule|Endless Battle Clause: Forcing endless battles is banned\n|clearpoke\n|poke|p1|Greninja-*, M|\n|poke|p1|Maushold-Four|\n|poke|p1|Cloyster, F|\n|poke|p1|Torterra, M|\n|poke|p1|Forretress, M|\n|poke|p1|Drednaw, M|\n|poke|p2|Scizor, F|\n|poke|p2|Calyrex-Ice|\n|poke|p2|Ambipom, F|\n|poke|p2|Espathra, M|\n|poke|p2|Clefable, F|\n|poke|p2|Weavile, M|\n|teampreview\n|inactive|Battle timer is ON: inactive players will automatically lose when time's up. (requested by Khryce)\n|\n|t:|1699936095\n|start\n|switch|p1a: Cloyster|Cloyster, F|100\/100\n|switch|p2a: Weavile|Weavile, M|100\/100\n|turn|1\n|\n|t:|1699936100\n|move|p2a: Weavile|Fake Out|p1a: Cloyster\n|-damage|p1a: Cloyster|91\/100\n|cant|p1a: Cloyster|flinch\n|\n|upkeep\n|turn|2\n|\n|t:|1699936109\n|move|p2a: Weavile|Beat Up|p1a: Cloyster\n|-damage|p1a: Cloyster|84\/100\n|-damage|p1a: Cloyster|76\/100\n|-damage|p1a: Cloyster|71\/100\n|-damage|p1a: Cloyster|67\/100\n|-damage|p1a: Cloyster|62\/100\n|-damage|p1a: Cloyster|55\/100\n|-hitcount|p1a: Cloyster|6\n|move|p1a: Cloyster|Shell Smash|p1a: Cloyster\n|-unboost|p1a: Cloyster|def|1\n|-unboost|p1a: Cloyster|spd|1\n|-boost|p1a: Cloyster|atk|2\n|-boost|p1a: Cloyster|spa|2\n|-boost|p1a: Cloyster|spe|2\n|-enditem|p1a: Cloyster|White Herb\n|-clearnegativeboost|p1a: Cloyster|[silent]\n|\n|upkeep\n|turn|3\n|inactive|n2ej2he2d23e has 120 seconds left.\n|\n|t:|1699936148\n|switch|p2a: Clefable|Clefable, F|100\/100\n|move|p1a: Cloyster|Rock Blast|p2a: Clefable\n|-damage|p2a: Clefable|92\/100\n|-damage|p2a: Clefable|84\/100\n|-damage|p2a: Clefable|76\/100\n|-damage|p2a: Clefable|68\/100\n|-damage|p2a: Clefable|60\/100\n|-hitcount|p2a: Clefable|5\n|\n|-heal|p2a: Clefable|66\/100|[from] item: Leftovers\n|upkeep\n|turn|4\n|inactive|n2ej2he2d23e has 120 seconds left.\n|\n|t:|1699936166\n|-terastallize|p2a: Clefable|Fairy\n|move|p1a: Cloyster|Icicle Spear|p2a: Clefable\n|-damage|p2a: Clefable|55\/100\n|-damage|p2a: Clefable|44\/100\n|-damage|p2a: Clefable|32\/100\n|-damage|p2a: Clefable|21\/100\n|-damage|p2a: Clefable|10\/100\n|-hitcount|p2a: Clefable|5\n|move|p2a: Clefable|Draining Kiss|p1a: Cloyster\n|-damage|p1a: Cloyster|0 fnt\n|-heal|p2a: Clefable|47\/100|[from] drain|[of] p1a: Cloyster\n|faint|p1a: Cloyster\n|\n|-heal|p2a: Clefable|54\/100|[from] item: Leftovers\n|upkeep\n|\n|t:|1699936180\n|switch|p1a: Forretress|Forretress, M|100\/100\n|turn|5\n|inactive|n2ej2he2d23e has 120 seconds left.\n|\n|t:|1699936186\n|move|p2a: Clefable|Cosmic Power|p2a: Clefable\n|-boost|p2a: Clefable|def|1\n|-boost|p2a: Clefable|spd|1\n|move|p1a: Forretress|Gyro Ball|p2a: Clefable\n|-supereffective|p2a: Clefable\n|-damage|p2a: Clefable|20\/100\n|\n|-heal|p2a: Clefable|26\/100|[from] item: Leftovers\n|upkeep\n|turn|6\n|inactive|n2ej2he2d23e has 120 seconds left.\n|\n|t:|1699936198\n|move|p2a: Clefable|Baton Pass|p2a: Clefable\n|inactive|n2ej2he2d23e has 120 seconds left.\n|\n|t:|1699936209\n|switch|p2a: Espathra|Espathra, M|100\/100|[from] Baton Pass\n|move|p1a: Forretress|Gyro Ball|p2a: Espathra\n|-damage|p2a: Espathra|77\/100\n|\n|-heal|p2a: Espathra|83\/100|[from] item: Leftovers\n|upkeep\n|turn|7\n|inactive|n2ej2he2d23e has 120 seconds left.\n|\n|t:|1699936218\n|switch|p1a: Maushold|Maushold-Four, shiny|100\/100\n|move|p2a: Espathra|Calm Mind|p2a: Espathra\n|-boost|p2a: Espathra|spa|1\n|-boost|p2a: Espathra|spd|1\n|\n|-heal|p2a: Espathra|89\/100|[from] item: Leftovers\n|-ability|p2a: Espathra|Speed Boost|boost\n|-boost|p2a: Espathra|spe|1\n|upkeep\n|turn|8\n|inactive|n2ej2he2d23e has 120 seconds left.\n|\n|t:|1699936251\n|-terastallize|p1a: Maushold|Dark\n|move|p2a: Espathra|Protect|p2a: Espathra\n|-singleturn|p2a: Espathra|Protect\n|move|p1a: Maushold|Tidy Up|p1a: Maushold\n|-boost|p1a: Maushold|atk|1\n|-boost|p1a: Maushold|spe|1\n|\n|-heal|p2a: Espathra|95\/100|[from] item: Leftovers\n|-ability|p2a: Espathra|Speed Boost|boost\n|-boost|p2a: Espathra|spe|1\n|upkeep\n|turn|9\n|\n|t:|1699936262\n|move|p1a: Maushold|Population Bomb|p2a: Espathra\n|-damage|p2a: Espathra|82\/100\n|-damage|p2a: Espathra|69\/100\n|-damage|p2a: Espathra|57\/100\n|-damage|p2a: Espathra|44\/100\n|-crit|p2a: Espathra\n|-damage|p2a: Espathra|19\/100\n|-damage|p2a: Espathra|5\/100\n|-damage|p2a: Espathra|0 fnt\n|faint|p2a: Espathra\n|-hitcount|p2: Espathra|7\n|\n|upkeep\n|\n|t:|1699936276\n|switch|p2a: Calyrex|Calyrex-Ice|100\/100\n|-ability|p2a: Calyrex|As One\n|-ability|p2a: Calyrex|Unnerve\n|turn|10\n|inactive|n2ej2he2d23e has 90 seconds left.\n|\n|t:|1699936297\n|move|p1a: Maushold|Population Bomb|p2a: Calyrex\n|-damage|p2a: Calyrex|93\/100\n|-damage|p2a: Calyrex|86\/100\n|-damage|p2a: Calyrex|78\/100\n|-damage|p2a: Calyrex|70\/100\n|-damage|p2a: Calyrex|62\/100\n|-damage|p2a: Calyrex|54\/100\n|-damage|p2a: Calyrex|45\/100\n|-damage|p2a: Calyrex|38\/100\n|-damage|p2a: Calyrex|31\/100\n|-damage|p2a: Calyrex|23\/100\n|-hitcount|p2a: Calyrex|10\n|move|p2a: Calyrex|Iron Defense|p2a: Calyrex\n|-boost|p2a: Calyrex|def|2\n|\n|-heal|p2a: Calyrex|29\/100|[from] item: Leftovers\n|upkeep\n|turn|11\n|inactive|n2ej2he2d23e has 90 seconds left.\n|\n|t:|1699936315\n|move|p1a: Maushold|Population Bomb|p2a: Calyrex\n|-damage|p2a: Calyrex|25\/100\n|-damage|p2a: Calyrex|21\/100\n|-damage|p2a: Calyrex|17\/100\n|-damage|p2a: Calyrex|13\/100\n|-damage|p2a: Calyrex|9\/100\n|-damage|p2a: Calyrex|6\/100\n|-damage|p2a: Calyrex|2\/100\n|-damage|p2a: Calyrex|0 fnt\n|faint|p2a: Calyrex\n|-hitcount|p2: Calyrex|8\n|\n|upkeep\n|\n|t:|1699936327\n|switch|p2a: Weavile|Weavile, M|100\/100\n|turn|12\n|\n|t:|1699936336\n|move|p2a: Weavile|Fake Out|p1a: Maushold\n|-damage|p1a: Maushold|76\/100\n|cant|p1a: Maushold|flinch\n|\n|upkeep\n|turn|13\n|\n|t:|1699936341\n|move|p2a: Weavile|Ice Shard|p1a: Maushold\n|-crit|p1a: Maushold\n|-damage|p1a: Maushold|25\/100\n|move|p1a: Maushold|Population Bomb|p2a: Weavile\n|-damage|p2a: Weavile|74\/100\n|-damage|p2a: Weavile|46\/100\n|-damage|p2a: Weavile|17\/100\n|-damage|p2a: Weavile|0 fnt\n|faint|p2a: Weavile\n|-hitcount|p2: Weavile|4\n|\n|upkeep\n|inactive|n2ej2he2d23e has 90 seconds left.\n|\n|t:|1699936353\n|switch|p2a: Scizor|Scizor, F|100\/100\n|turn|14\n|\n|t:|1699936358\n|move|p2a: Scizor|Bullet Punch|p1a: Maushold\n|-damage|p1a: Maushold|0 fnt\n|faint|p1a: Maushold\n|\n|upkeep\n|\n|t:|1699936378\n|switch|p1a: Greninja|Greninja, M|100\/100\n|turn|15\n|\n|t:|1699936392\n|move|p1a: Greninja|Dark Pulse|p2a: Scizor\n|-damage|p2a: Scizor|56\/100\n|move|p2a: Scizor|Swords Dance|p2a: Scizor\n|-boost|p2a: Scizor|atk|2\n|\n|upkeep\n|turn|16\n|\n|t:|1699936400\n|move|p2a: Scizor|Bullet Punch|p1a: Greninja\n|-resisted|p1a: Greninja\n|-damage|p1a: Greninja|47\/100\n|move|p1a: Greninja|Dark Pulse|p2a: Scizor\n|-damage|p2a: Scizor|10\/100\n|\n|upkeep\n|turn|17\n|\n|t:|1699936406\n|move|p1a: Greninja|Water Shuriken|p2a: Scizor\n|-damage|p2a: Scizor|0 fnt\n|faint|p2a: Scizor\n|-ability|p1a: Greninja|Battle Bond|boost\n|-boost|p1a: Greninja|atk|1\n|-boost|p1a: Greninja|spa|1\n|-boost|p1a: Greninja|spe|1\n|-activate|p1a: Greninja|ability: Battle Bond\n|-hitcount|p2: Scizor|1\n|\n|upkeep\n|\n|t:|1699936414\n|switch|p2a: Clefable|Clefable, F, tera:Fairy|26\/100\n|turn|18\n|inactive|n2ej2he2d23e has 120 seconds left.\n|\n|t:|1699936422\n|move|p1a: Greninja|Water Shuriken|p2a: Clefable\n|-damage|p2a: Clefable|18\/100\n|-damage|p2a: Clefable|10\/100\n|-damage|p2a: Clefable|1\/100\n|-damage|p2a: Clefable|0 fnt\n|faint|p2a: Clefable\n|-hitcount|p2: Clefable|4\n|\n|upkeep\n|inactive|n2ej2he2d23e has 120 seconds left.\n|\n|t:|1699936432\n|switch|p2a: Ambipom|Ambipom, F|100\/100\n|turn|19\n|\n|t:|1699936436\n|move|p1a: Greninja|Water Shuriken|p2a: Ambipom\n|-damage|p2a: Ambipom|82\/100\n|-damage|p2a: Ambipom|65\/100\n|-damage|p2a: Ambipom|48\/100\n|-damage|p2a: Ambipom|30\/100\n|-damage|p2a: Ambipom|10\/100\n|-hitcount|p2a: Ambipom|5\n|move|p2a: Ambipom|Beat Up|p1a: Greninja\n|-resisted|p1a: Greninja\n|-damage|p1a: Greninja|41\/100\n|-hitcount|p1a: Greninja|1\n|\n|-heal|p2a: Ambipom|16\/100|[from] item: Leftovers\n|upkeep\n|turn|20\n|-message|n2ej2he2d23e forfeited.\n|\n|win|Khryce\n|raw|Khryce's rating: 1096 &rarr; <strong>1124<\/strong><br \/>(+28 for winning)\n|raw|n2ej2he2d23e's rating: 1133 &rarr; <strong>1105<\/strong><br \/>(-28 for losing)\n|l|\u2606n2ej2he2d23e\n","uploadtime":1699936452,"views":16,"p1id":"khryce","p2id":"n2ej2he2d23e","formatid":"gen9anythinggoes","rating":1105,"private":0,"password":""}