{"id":"gen9anythinggoes-1986874335","p1":"12Freebee","p2":"t0mt0mL33","format":"[Gen 9] Anything Goes","log":"|j|\u260612Freebee\n|j|\u2606t0mt0mL33\n|t:|1699536636\n|gametype|singles\n|player|p1|12Freebee|brycenman|1072\n|player|p2|t0mt0mL33|101|1024\n|teamsize|p1|6\n|teamsize|p2|6\n|gen|9\n|tier|[Gen 9] Anything Goes\n|rated|\n|rule|HP Percentage Mod: HP is shown in percentages\n|rule|Endless Battle Clause: Forcing endless battles is banned\n|clearpoke\n|poke|p1|Chesnaught, M|\n|poke|p1|Growlithe-Hisui, M|\n|poke|p1|Kingambit, M|\n|poke|p1|Glimmora, M|\n|poke|p1|Mimikyu, M|\n|poke|p1|Annihilape, M|\n|poke|p2|Drifblim, M|\n|poke|p2|Clefable, F|\n|poke|p2|Magikarp, M|\n|poke|p2|Ariados, F|\n|poke|p2|Starly, L1, F|\n|poke|p2|Ditto|\n|teampreview\n|\n|t:|1699536640\n|start\n|switch|p1a: Growlithe|Growlithe-Hisui, M|100\/100\n|switch|p2a: Drifblim|Drifblim, M, shiny|100\/100\n|turn|1\n|\n|t:|1699536646\n|move|p2a: Drifblim|Substitute|p2a: Drifblim\n|-start|p2a: Drifblim|Substitute\n|-damage|p2a: Drifblim|76\/100\n|move|p1a: Growlithe|Wild Charge|p2a: Drifblim\n|-supereffective|p2a: Drifblim\n|-end|p2a: Drifblim|Substitute\n|\n|upkeep\n|turn|2\n|\n|t:|1699536653\n|move|p2a: Drifblim|Minimize|p2a: Drifblim\n|-boost|p2a: Drifblim|evasion|2\n|move|p1a: Growlithe|Head Smash|p2a: Drifblim|[miss]\n|-miss|p1a: Growlithe|p2a: Drifblim\n|\n|upkeep\n|turn|3\n|\n|t:|1699536658\n|move|p2a: Drifblim|Minimize|p2a: Drifblim\n|-boost|p2a: Drifblim|evasion|2\n|move|p1a: Growlithe|Head Smash|p2a: Drifblim\n|-supereffective|p2a: Drifblim\n|-damage|p2a: Drifblim|0 fnt\n|faint|p2a: Drifblim\n|\n|upkeep\n|\n|t:|1699536669\n|switch|p2a: Ditto|Ditto, shiny|100\/100\n|-transform|p2a: Ditto|p1a: Growlithe|[from] ability: Imposter\n|turn|4\n|c|\u260612Freebee|L\n|\n|t:|1699536680\n|switch|p1a: Mimikyu|Mimikyu, M|100\/100\n|move|p2a: Ditto|Head Smash|p1a: Mimikyu\n|-activate|p1a: Mimikyu|ability: Disguise\n|-damage|p1a: Mimikyu|100\/100\n|detailschange|p1a: Mimikyu|Mimikyu-Busted, M\n|-damage|p1a: Mimikyu|88\/100|[from] pokemon: Mimikyu-Busted\n|\n|upkeep\n|turn|5\n|\n|t:|1699536695\n|move|p1a: Mimikyu|Shadow Claw|p2a: Ditto\n|-damage|p2a: Ditto|0 fnt\n|faint|p2a: Ditto\n|-damage|p1a: Mimikyu|78\/100|[from] item: Life Orb\n|\n|upkeep\n|\n|t:|1699536707\n|switch|p2a: Clefable|Clefable, F, shiny|100\/100\n|turn|6\n|\n|t:|1699536716\n|move|p1a: Mimikyu|Shadow Claw|p2a: Clefable\n|-damage|p2a: Clefable|64\/100\n|-damage|p1a: Mimikyu|68\/100|[from] item: Life Orb\n|move|p2a: Clefable|Substitute|p2a: Clefable\n|-start|p2a: Clefable|Substitute\n|-damage|p2a: Clefable|39\/100\n|\n|upkeep\n|turn|7\n|\n|t:|1699536724\n|move|p1a: Mimikyu|Bulk Up|p1a: Mimikyu\n|-boost|p1a: Mimikyu|atk|1\n|-boost|p1a: Mimikyu|def|1\n|move|p2a: Clefable|Cosmic Power|p2a: Clefable\n|-boost|p2a: Clefable|def|1\n|-boost|p2a: Clefable|spd|1\n|\n|upkeep\n|turn|8\n|\n|t:|1699536731\n|move|p1a: Mimikyu|Bulk Up|p1a: Mimikyu\n|-boost|p1a: Mimikyu|atk|1\n|-boost|p1a: Mimikyu|def|1\n|move|p2a: Clefable|Cosmic Power|p2a: Clefable\n|-boost|p2a: Clefable|def|1\n|-boost|p2a: Clefable|spd|1\n|\n|upkeep\n|turn|9\n|\n|t:|1699536738\n|move|p1a: Mimikyu|Shadow Sneak|p2a: Clefable\n|-activate|p2a: Clefable|move: Substitute|[damage]\n|-damage|p1a: Mimikyu|58\/100|[from] item: Life Orb\n|move|p2a: Clefable|Cosmic Power|p2a: Clefable\n|-boost|p2a: Clefable|def|1\n|-boost|p2a: Clefable|spd|1\n|\n|upkeep\n|turn|10\n|\n|t:|1699536746\n|move|p1a: Mimikyu|Shadow Claw|p2a: Clefable\n|-end|p2a: Clefable|Substitute\n|-damage|p1a: Mimikyu|48\/100|[from] item: Life Orb\n|move|p2a: Clefable|Cosmic Power|p2a: Clefable\n|-boost|p2a: Clefable|def|1\n|-boost|p2a: Clefable|spd|1\n|\n|upkeep\n|turn|11\n|\n|t:|1699536753\n|move|p1a: Mimikyu|Shadow Claw|p2a: Clefable\n|-crit|p2a: Clefable\n|-damage|p2a: Clefable|0 fnt\n|faint|p2a: Clefable\n|-damage|p1a: Mimikyu|38\/100|[from] item: Life Orb\n|\n|upkeep\n|c|\u2606t0mt0mL33|bruh crit\n|\n|t:|1699536768\n|switch|p2a: Ariados|Ariados, F|100\/100\n|turn|12\n|c|\u260612Freebee|Ratio\n|\n|t:|1699536778\n|move|p1a: Mimikyu|Shadow Claw|p2a: Ariados\n|-damage|p2a: Ariados|13\/100\n|-damage|p1a: Mimikyu|28\/100|[from] item: Life Orb\n|move|p2a: Ariados|Sticky Web|p1a: Mimikyu\n|-sidestart|p1: 12Freebee|move: Sticky Web\n|\n|upkeep\n|turn|13\n|-message|t0mt0mL33 forfeited.\n|\n|win|12Freebee\n|raw|12Freebee's rating: 1072 &rarr; <strong>1097<\/strong><br \/>(+25 for winning)\n|raw|t0mt0mL33's rating: 1024 &rarr; <strong>1012<\/strong><br \/>(-12 for losing)\n|l|\u2606t0mt0mL33\n|c|\u260612Freebee|Gg\n","uploadtime":1699536796,"views":11,"p1id":"12freebee","p2id":"t0mt0ml33","formatid":"gen9anythinggoes","rating":1012,"private":0,"password":""}