{"id":"gen9anythinggoes-1973869401","p1":"DingusDipplesPRIME","p2":"babeXXX","format":"[Gen 9] Anything Goes","log":"|j|\u2606DingusDipplesPRIME\n|j|\u2606babeXXX\n|t:|1698022501\n|gametype|singles\n|player|p1|DingusDipplesPRIME|infielder|\n|player|p2|babeXXX|dawn|\n|teamsize|p1|6\n|teamsize|p2|6\n|gen|9\n|tier|[Gen 9] Anything Goes\n|rule|HP Percentage Mod: HP is shown in percentages\n|rule|Endless Battle Clause: Forcing endless battles is banned\n|clearpoke\n|poke|p1|Mew|\n|poke|p1|Zapdos-Galar|\n|poke|p1|Dragonite, F|\n|poke|p1|Lucario, M|\n|poke|p1|Zoroark-Hisui, M|\n|poke|p1|Revavroom, F|\n|poke|p2|Great Tusk|\n|poke|p2|Sylveon, F|\n|poke|p2|Samurott-Hisui, M|\n|poke|p2|Magnezone|\n|poke|p2|Gothitelle, M|\n|poke|p2|Hoopa-Unbound|\n|teampreview\n|c|\u2606DingusDipplesPRIME|GL HF!\n|c|\u2606DingusDipplesPRIME|Scary stuff\n|c|\u2606babeXXX|hey\n|c|\u2606babeXXX|yeah glhf\n|j| ambrosa\n|c| ambrosa|excited\n|\n|t:|1698022596\n|start\n|switch|p1a: Imprisoner|Mew|100\/100\n|switch|p2a: Lady Danbury|Sylveon, F|100\/100\n|turn|1\n|\n|t:|1698022615\n|move|p1a: Imprisoner|U-turn|p2a: Lady Danbury\n|-resisted|p2a: Lady Danbury\n|-damage|p2a: Lady Danbury|92\/100\n|\n|t:|1698022618\n|switch|p1a: Floptimus COSMIC|Revavroom, F|100\/100|[from] U-turn\n|move|p2a: Lady Danbury|Yawn|p1a: Floptimus COSMIC\n|-start|p1a: Floptimus COSMIC|move: Yawn|[of] p2a: Lady Danbury\n|\n|-heal|p2a: Lady Danbury|98\/100|[from] item: Leftovers\n|upkeep\n|turn|2\n|\n|t:|1698022629\n|move|p2a: Lady Danbury|Protect|p2a: Lady Danbury\n|-singleturn|p2a: Lady Danbury|Protect\n|move|p1a: Floptimus COSMIC|Gunk Shot|p2a: Lady Danbury\n|-activate|p2a: Lady Danbury|move: Protect\n|\n|-heal|p2a: Lady Danbury|100\/100|[from] item: Leftovers\n|-end|p1a: Floptimus COSMIC|move: Yawn|[silent]\n|-status|p1a: Floptimus COSMIC|slp\n|upkeep\n|turn|3\n|\n|t:|1698022645\n|cant|p1a: Floptimus COSMIC|slp\n|move|p1a: Floptimus COSMIC|Sleep Talk|p1a: Floptimus COSMIC\n|move|p1a: Floptimus COSMIC|Parting Shot|p2a: Lady Danbury|[from]move: Sleep Talk\n|-unboost|p2a: Lady Danbury|atk|1\n|-unboost|p2a: Lady Danbury|spa|1\n|\n|t:|1698022651\n|switch|p1a: Imprisoner|Mew|100\/100|[from] Parting Shot\n|move|p2a: Lady Danbury|Hyper Voice|p1a: Imprisoner\n|-damage|p1a: Imprisoner|72\/100\n|\n|upkeep\n|turn|4\n|c|\u2606babeXXX|yo\n|\n|t:|1698022659\n|switch|p2a: stupid mon|Gothitelle, M|100\/100\n|move|p1a: Imprisoner|Gunk Shot|p2a: stupid mon\n|-damage|p2a: stupid mon|66\/100\n|-status|p2a: stupid mon|psn\n|\n|-damage|p2a: stupid mon|54\/100 psn|[from] psn\n|upkeep\n|turn|5\n|\n|t:|1698022677\n|move|p2a: stupid mon|Thunder Wave||[still]\n|-status|p1a: Imprisoner|par\n|-activate|p1a: Imprisoner|ability: Synchronize\n|-fail|p1a: Imprisoner\n|cant|p1a: Imprisoner|par\n|\n|-damage|p2a: stupid mon|41\/100 psn|[from] psn\n|upkeep\n|turn|6\n|\n|t:|1698022695\n|switch|p2a: so long cowboy|Samurott-Hisui, M|100\/100\n|move|p1a: Imprisoner|U-turn|p2a: so long cowboy\n|-supereffective|p2a: so long cowboy\n|-damage|p2a: so long cowboy|52\/100\n|\n|t:|1698022701\n|switch|p1a: Silly Goose|Lucario, M|100\/100|[from] U-turn\n|\n|upkeep\n|turn|7\n|j| Demandread\n|\n|t:|1698022723\n|move|p1a: Silly Goose|Close Combat|p2a: so long cowboy\n|-supereffective|p2a: so long cowboy\n|-damage|p2a: so long cowboy|0 fnt\n|-unboost|p1a: Silly Goose|def|1\n|-unboost|p1a: Silly Goose|spd|1\n|faint|p2a: so long cowboy\n|-damage|p1a: Silly Goose|91\/100|[from] item: Life Orb\n|\n|upkeep\n|\n|t:|1698022761\n|switch|p2a: big man on campus|Great Tusk|100\/100\n|-enditem|p2a: big man on campus|Booster Energy\n|-activate|p2a: big man on campus|ability: Protosynthesis|[fromitem]\n|-start|p2a: big man on campus|protosynthesisspe\n|turn|8\n|\n|t:|1698022768\n|move|p2a: big man on campus|Bulk Up|p2a: big man on campus\n|-boost|p2a: big man on campus|atk|1\n|-boost|p2a: big man on campus|def|1\n|move|p1a: Silly Goose|Psychic|p2a: big man on campus\n|-supereffective|p2a: big man on campus\n|-damage|p2a: big man on campus|21\/100\n|-damage|p1a: Silly Goose|81\/100|[from] item: Life Orb\n|\n|upkeep\n|turn|9\n|\n|t:|1698022777\n|move|p2a: big man on campus|Headlong Rush|p1a: Silly Goose\n|-supereffective|p1a: Silly Goose\n|-damage|p1a: Silly Goose|0 fnt\n|-unboost|p2a: big man on campus|def|1\n|-unboost|p2a: big man on campus|spd|1\n|faint|p1a: Silly Goose\n|\n|upkeep\n|c|\u2606babeXXX|man wtf\n|c|\u2606babeXXX|it had psychic\n|\n|t:|1698022799\n|switch|p1a: Imprisoner|Mew|72\/100 par\n|turn|10\n|\n|t:|1698022805\n|move|p2a: big man on campus|Headlong Rush|p1a: Imprisoner\n|-damage|p1a: Imprisoner|0 fnt\n|-unboost|p2a: big man on campus|def|1\n|-unboost|p2a: big man on campus|spd|1\n|faint|p1a: Imprisoner\n|\n|upkeep\n|\n|t:|1698022818\n|switch|p1a: Team Mascot|Zapdos-Galar|100\/100\n|turn|11\n|\n|t:|1698022827\n|move|p2a: big man on campus|Ice Spinner|p1a: Team Mascot\n|-supereffective|p1a: Team Mascot\n|-damage|p1a: Team Mascot|25\/100\n|move|p1a: Team Mascot|Trailblaze|p2a: big man on campus\n|-supereffective|p2a: big man on campus\n|-damage|p2a: big man on campus|0 fnt\n|-boost|p1a: Team Mascot|spe|1\n|faint|p2a: big man on campus\n|-end|p2a: big man on campus|Protosynthesis|[silent]\n|\n|upkeep\n|\n|t:|1698022833\n|switch|p2a: Lady Danbury|Sylveon, F|100\/100\n|turn|12\n|\n|t:|1698022839\n|move|p1a: Team Mascot|U-turn|p2a: Lady Danbury\n|-resisted|p2a: Lady Danbury\n|-damage|p2a: Lady Danbury|91\/100\n|\n|t:|1698022849\n|switch|p1a: Floptimus COSMIC|Revavroom, F|100\/100 slp|[from] U-turn\n|move|p2a: Lady Danbury|Hyper Voice|p1a: Floptimus COSMIC\n|-resisted|p1a: Floptimus COSMIC\n|-damage|p1a: Floptimus COSMIC|91\/100 slp\n|\n|-heal|p1a: Floptimus COSMIC|97\/100 slp|[from] item: Leftovers\n|-heal|p2a: Lady Danbury|97\/100|[from] item: Leftovers\n|upkeep\n|turn|13\n|\n|t:|1698022863\n|switch|p2a: K&J|Magnezone|100\/100\n|cant|p1a: Floptimus COSMIC|slp\n|move|p1a: Floptimus COSMIC|Sleep Talk|p1a: Floptimus COSMIC\n|move|p1a: Floptimus COSMIC|Bulldoze|p2a: K&J|[from]move: Sleep Talk\n|-supereffective|p2a: K&J\n|-damage|p2a: K&J|47\/100\n|-unboost|p2a: K&J|spe|1\n|\n|-heal|p1a: Floptimus COSMIC|100\/100 slp|[from] item: Leftovers\n|upkeep\n|turn|14\n|\n|t:|1698022874\n|cant|p1a: Floptimus COSMIC|slp\n|move|p2a: K&J|Volt Switch|p1a: Floptimus COSMIC\n|-damage|p1a: Floptimus COSMIC|49\/100 slp\n|\n|t:|1698022881\n|switch|p2a: stupid mon|Gothitelle, M|41\/100 psn|[from] Volt Switch\n|\n|-heal|p1a: Floptimus COSMIC|55\/100 slp|[from] item: Leftovers\n|-damage|p2a: stupid mon|29\/100 psn|[from] psn\n|upkeep\n|turn|15\n|\n|t:|1698022900\n|move|p2a: stupid mon|Trick|p1a: Floptimus COSMIC\n|-activate|p2a: stupid mon|move: Trick|[of] p1a: Floptimus COSMIC\n|-item|p1a: Floptimus COSMIC|Choice Scarf|[from] move: Trick\n|-item|p2a: stupid mon|Leftovers|[from] move: Trick\n|-curestatus|p1a: Floptimus COSMIC|slp|[msg]\n|move|p1a: Floptimus COSMIC|Gunk Shot|p2a: stupid mon\n|-damage|p2a: stupid mon|0 fnt\n|faint|p2a: stupid mon\n|\n|upkeep\n|\n|t:|1698022909\n|switch|p2a: K&J|Magnezone|47\/100\n|turn|16\n|c|\u2606DingusDipplesPRIME|magnet pull?\n|\n|t:|1698022915\n|switch|p1a: Team Mascot|Zapdos-Galar|100\/100\n|move|p2a: K&J|Volt Switch|p1a: Team Mascot\n|-damage|p1a: Team Mascot|0 fnt\n|replace|p1a: Surprise!|Zoroark-Hisui, M\n|-end|p1a: Surprise!|Illusion\n|faint|p1a: Surprise!\n|c|\u2606DingusDipplesPRIME|oh shit\n|\n|t:|1698022926\n|switch|p2a: Lady Danbury|Sylveon, F|97\/100|[from] Volt Switch\n|\n|-heal|p2a: Lady Danbury|100\/100|[from] item: Leftovers\n|upkeep\n|j| grnbn\n|c|\u2606babeXXX|nope\\\n|\n|t:|1698022948\n|switch|p1a: Greenie|Dragonite, F, shiny|100\/100\n|turn|17\n|l| grnbn\n|\n|t:|1698022958\n|move|p1a: Greenie|Iron Head|p2a: Lady Danbury\n|-supereffective|p2a: Lady Danbury\n|-damage|p2a: Lady Danbury|41\/100\n|move|p2a: Lady Danbury|Yawn|p1a: Greenie\n|-start|p1a: Greenie|move: Yawn|[of] p2a: Lady Danbury\n|\n|-heal|p2a: Lady Danbury|47\/100|[from] item: Leftovers\n|upkeep\n|turn|18\n|j| grnbn\n|\n|t:|1698022966\n|switch|p1a: Floptimus COSMIC|Revavroom, F|55\/100\n|move|p2a: Lady Danbury|Protect||[still]\n|-fail|p2a: Lady Danbury\n|\n|-heal|p2a: Lady Danbury|53\/100|[from] item: Leftovers\n|upkeep\n|turn|19\n|\n|t:|1698022978\n|move|p2a: Lady Danbury|Protect|p2a: Lady Danbury\n|-singleturn|p2a: Lady Danbury|Protect\n|move|p1a: Floptimus COSMIC|Bulldoze|p2a: Lady Danbury\n|-activate|p2a: Lady Danbury|move: Protect\n|\n|-heal|p2a: Lady Danbury|59\/100|[from] item: Leftovers\n|upkeep\n|turn|20\n|c|\u2606DingusDipplesPRIME|naaaur\n|\n|t:|1698022987\n|move|p1a: Floptimus COSMIC|Bulldoze|p2a: Lady Danbury\n|-damage|p2a: Lady Danbury|45\/100\n|-unboost|p2a: Lady Danbury|spe|1\n|move|p2a: Lady Danbury|Wish|p2a: Lady Danbury\n|\n|-heal|p2a: Lady Danbury|52\/100|[from] item: Leftovers\n|upkeep\n|turn|21\n|\n|t:|1698022993\n|move|p1a: Floptimus COSMIC|Bulldoze|p2a: Lady Danbury\n|-damage|p2a: Lady Danbury|38\/100\n|-unboost|p2a: Lady Danbury|spe|1\n|move|p2a: Lady Danbury|Hyper Voice|p1a: Floptimus COSMIC\n|-resisted|p1a: Floptimus COSMIC\n|-damage|p1a: Floptimus COSMIC|46\/100\n|\n|-heal|p2a: Lady Danbury|88\/100|[from] move: Wish|[wisher] Lady Danbury\n|-heal|p2a: Lady Danbury|94\/100|[from] item: Leftovers\n|upkeep\n|turn|22\n|\n|t:|1698023003\n|move|p1a: Floptimus COSMIC|Bulldoze|p2a: Lady Danbury\n|-damage|p2a: Lady Danbury|81\/100\n|-unboost|p2a: Lady Danbury|spe|1\n|move|p2a: Lady Danbury|Wish|p2a: Lady Danbury\n|\n|-heal|p2a: Lady Danbury|87\/100|[from] item: Leftovers\n|upkeep\n|turn|23\n|\n|t:|1698023009\n|switch|p2a: 6 finger discount|Hoopa-Unbound|100\/100\n|move|p1a: Floptimus COSMIC|Bulldoze|p2a: 6 finger discount\n|-damage|p2a: 6 finger discount|78\/100\n|-unboost|p2a: 6 finger discount|spe|1\n|-enditem|p2a: 6 finger discount|Eject Pack\n|\n|t:|1698023016\n|switch|p2a: Lady Danbury|Sylveon, F|87\/100\n|\n|-heal|p2a: Lady Danbury|100\/100|[from] move: Wish|[wisher] Lady Danbury\n|upkeep\n|turn|24\n|\n|t:|1698023025\n|move|p1a: Floptimus COSMIC|Bulldoze|p2a: Lady Danbury\n|-damage|p2a: Lady Danbury|86\/100\n|-unboost|p2a: Lady Danbury|spe|1\n|move|p2a: Lady Danbury|Wish|p2a: Lady Danbury\n|\n|-heal|p2a: Lady Danbury|92\/100|[from] item: Leftovers\n|upkeep\n|turn|25\n|\n|t:|1698023032\n|switch|p2a: 6 finger discount|Hoopa-Unbound|78\/100\n|move|p1a: Floptimus COSMIC|Bulldoze|p2a: 6 finger discount\n|-damage|p2a: 6 finger discount|56\/100\n|-unboost|p2a: 6 finger discount|spe|1\n|\n|-heal|p2a: 6 finger discount|100\/100|[from] move: Wish|[wisher] Lady Danbury\n|upkeep\n|turn|26\n|\n|t:|1698023041\n|move|p1a: Floptimus COSMIC|Bulldoze|p2a: 6 finger discount\n|-damage|p2a: 6 finger discount|78\/100\n|-unboost|p2a: 6 finger discount|spe|1\n|move|p2a: 6 finger discount|Trick Room|p2a: 6 finger discount\n|-fieldstart|move: Trick Room|[of] p2a: 6 finger discount\n|\n|upkeep\n|turn|27\n|\n|t:|1698023049\n|move|p2a: 6 finger discount|Hyperspace Fury|p1a: Floptimus COSMIC\n|-damage|p1a: Floptimus COSMIC|0 fnt\n|-unboost|p2a: 6 finger discount|def|1\n|faint|p1a: Floptimus COSMIC\n|\n|upkeep\n|\n|t:|1698023053\n|switch|p1a: Greenie|Dragonite, F, shiny|100\/100\n|turn|28\n|\n|t:|1698023058\n|move|p1a: Greenie|Extreme Speed|p2a: 6 finger discount\n|-damage|p2a: 6 finger discount|10\/100\n|move|p2a: 6 finger discount|Ice Punch|p1a: Greenie\n|-supereffective|p1a: Greenie\n|-damage|p1a: Greenie|26\/100\n|-item|p2a: 6 finger discount|Expert Belt|[from] ability: Magician|[of] p1a: Greenie\n|\n|upkeep\n|turn|29\n|\n|t:|1698023068\n|move|p1a: Greenie|Extreme Speed|p2a: 6 finger discount\n|-damage|p2a: 6 finger discount|0 fnt\n|faint|p2a: 6 finger discount\n|\n|upkeep\n|\n|t:|1698023073\n|switch|p2a: K&J|Magnezone|47\/100\n|turn|30\n|\n|t:|1698023086\n|move|p1a: Greenie|Extreme Speed|p2a: K&J\n|-resisted|p2a: K&J\n|-damage|p2a: K&J|34\/100\n|move|p2a: K&J|Volt Switch|p1a: Greenie\n|-damage|p1a: Greenie|0 fnt\n|faint|p1a: Greenie\n|\n|t:|1698023092\n|switch|p2a: Lady Danbury|Sylveon, F|92\/100|[from] Volt Switch\n|\n|-heal|p2a: Lady Danbury|98\/100|[from] item: Leftovers\n|-fieldend|move: Trick Room\n|upkeep\n|c|\u2606DingusDipplesPRIME|gg\n|\n|t:|1698023097\n|switch|p1a: Team Mascot|Zapdos-Galar|25\/100\n|turn|31\n|c|\u2606DingusDipplesPRIME|knew i shoulda ran EQuake :D\n|\n|t:|1698023108\n|move|p1a: Team Mascot|Thunderous Kick|p2a: Lady Danbury\n|-resisted|p2a: Lady Danbury\n|-damage|p2a: Lady Danbury|80\/100\n|-unboost|p2a: Lady Danbury|def|1\n|move|p2a: Lady Danbury|Hyper Voice|p1a: Team Mascot\n|-supereffective|p1a: Team Mascot\n|-damage|p1a: Team Mascot|0 fnt\n|faint|p1a: Team Mascot\n|\n|win|babeXXX\n|c|\u2606babeXXX|ggwp\n|c|\u2606DingusDipplesPRIME|Congrats champion\n|c| ambrosa|gg\n","uploadtime":1698023121,"views":111,"p1id":"dingusdipplesprime","p2id":"babexxx","formatid":"gen9anythinggoes","rating":0,"private":0,"password":""}