{"id":"gen9anythinggoes-1990164788","p1":"DR4N","p2":"Berserker024","format":"[Gen 9] Anything Goes","log":"|j|\u2606DR4N\n|j|\u2606Berserker024\n|t:|1699931740\n|gametype|singles\n|player|p1|DR4N|lucas-gen4pt|1096\n|player|p2|Berserker024|hilbert-wonderlauncher|1107\n|teamsize|p1|6\n|teamsize|p2|6\n|gen|9\n|tier|[Gen 9] Anything Goes\n|rated|\n|rule|HP Percentage Mod: HP is shown in percentages\n|rule|Endless Battle Clause: Forcing endless battles is banned\n|clearpoke\n|poke|p1|Umbreon, M|\n|poke|p1|Lycanroc-Dusk, M|\n|poke|p1|Pawmot, F|\n|poke|p1|Clodsire, M|\n|poke|p1|Gogoat, M|\n|poke|p1|Arcanine, M|\n|poke|p2|Baxcalibur, M|\n|poke|p2|Charizard, M|\n|poke|p2|Greninja-*, M|\n|poke|p2|Eelektross, M|\n|poke|p2|Krookodile, M|\n|poke|p2|Scizor, F|\n|teampreview\n|\n|t:|1699931749\n|start\n|switch|p1a: Sonic|Lycanroc-Dusk, M, shiny|100\/100\n|switch|p2a: Scizor|Scizor, F|100\/100\n|turn|1\n|c|\u2606Berserker024|oo I like the team\n|\n|t:|1699931762\n|switch|p1a: Hilal|Umbreon, M, shiny|100\/100\n|move|p2a: Scizor|Swords Dance|p2a: Scizor\n|-boost|p2a: Scizor|atk|2\n|\n|upkeep\n|turn|2\n|c|\u2606DR4N|Thx this is my playtrough team\n|\n|t:|1699931781\n|move|p1a: Hilal|Foul Play|p2a: Scizor\n|-damage|p2a: Scizor|0 fnt\n|faint|p2a: Scizor\n|\n|upkeep\n|c|\u2606Berserker024|owch that was insane move o-o\n|c|\u2606DR4N|Shiny only on sSnC\n|\n|t:|1699931799\n|switch|p2a: Krookodile|Krookodile, M|100\/100\n|turn|3\n|c|\u2606DR4N|Scarlet\n|\n|t:|1699931817\n|move|p2a: Krookodile|Stone Edge|p1a: Hilal\n|-damage|p1a: Hilal|76\/100\n|-damage|p2a: Krookodile|91\/100|[from] item: Life Orb\n|move|p1a: Hilal|Wish|p1a: Hilal\n|\n|upkeep\n|turn|4\n|c|\u2606Berserker024|Ur Umbreon was a real counter to physical attackers dang, my poor armor bug\n|\n|t:|1699931850\n|switch|p2a: Greninja|Greninja, M|100\/100\n|move|p1a: Hilal|Substitute|p1a: Hilal\n|-start|p1a: Hilal|Substitute\n|-damage|p1a: Hilal|52\/100\n|\n|-heal|p1a: Hilal|100\/100|[from] move: Wish|[wisher] Hilal\n|upkeep\n|turn|5\n|\n|t:|1699931860\n|move|p2a: Greninja|Water Shuriken|p1a: Hilal\n|-activate|p1a: Hilal|move: Substitute|[damage]\n|-activate|p1a: Hilal|move: Substitute|[damage]\n|-activate|p1a: Hilal|move: Substitute|[damage]\n|-activate|p1a: Hilal|move: Substitute|[damage]\n|-hitcount|p1a: Hilal|4\n|move|p1a: Hilal|Baton Pass|p1a: Hilal\n|\n|t:|1699931875\n|switch|p1a: Bobby|Clodsire, M, shiny|100\/100|[from] Baton Pass\n|\n|upkeep\n|turn|6\n|\n|t:|1699931884\n|move|p2a: Greninja|Ice Beam|p1a: Bobby\n|-supereffective|p1a: Bobby\n|-end|p1a: Bobby|Substitute\n|move|p1a: Bobby|Toxic Spikes|p2a: Greninja\n|-sidestart|p2: Berserker024|move: Toxic Spikes\n|\n|upkeep\n|turn|7\n|\n|t:|1699931890\n|move|p2a: Greninja|Ice Beam|p1a: Bobby\n|-supereffective|p1a: Bobby\n|-damage|p1a: Bobby|69\/100\n|move|p1a: Bobby|Toxic Spikes|p2a: Greninja\n|-sidestart|p2: Berserker024|move: Toxic Spikes\n|\n|-heal|p1a: Bobby|76\/100|[from] item: Leftovers\n|upkeep\n|turn|8\n|\n|t:|1699931897\n|move|p2a: Greninja|Grass Knot|p1a: Bobby\n|-damage|p1a: Bobby|57\/100\n|move|p1a: Bobby|Yawn|p2a: Greninja\n|-start|p2a: Greninja|move: Yawn|[of] p1a: Bobby\n|\n|-heal|p1a: Bobby|63\/100|[from] item: Leftovers\n|upkeep\n|turn|9\n|\n|t:|1699931909\n|move|p2a: Greninja|Ice Beam|p1a: Bobby\n|-supereffective|p1a: Bobby\n|-damage|p1a: Bobby|32\/100\n|move|p1a: Bobby|Recover|p1a: Bobby\n|-heal|p1a: Bobby|82\/100\n|\n|-heal|p1a: Bobby|89\/100|[from] item: Leftovers\n|-end|p2a: Greninja|move: Yawn|[silent]\n|-status|p2a: Greninja|slp\n|upkeep\n|turn|10\n|\n|t:|1699931918\n|switch|p2a: Eelektross|Eelektross, M|100\/100\n|switch|p1a: Mallow|Pawmot, F, shiny|100\/100\n|\n|upkeep\n|turn|11\n|\n|t:|1699931927\n|switch|p1a: Billy|Gogoat, M, shiny|100\/100\n|move|p2a: Eelektross|U-turn|p1a: Billy\n|-supereffective|p1a: Billy\n|-damage|p1a: Billy|43\/100\n|-damage|p2a: Eelektross|84\/100|[from] item: Rocky Helmet|[of] p1a: Billy\n|\n|t:|1699931934\n|switch|p2a: Charizard|Charizard, M|100\/100|[from] U-turn\n|\n|upkeep\n|turn|12\n|\n|t:|1699931940\n|switch|p1a: Mick|Arcanine, M, shiny|100\/100\n|move|p2a: Charizard|Air Slash|p1a: Mick\n|-damage|p1a: Mick|59\/100\n|\n|upkeep\n|turn|13\n|\n|t:|1699931951\n|-terastallize|p1a: Mick|Normal\n|move|p2a: Charizard|Ancient Power|p1a: Mick\n|-damage|p1a: Mick|35\/100\n|move|p1a: Mick|Hyper Beam|p2a: Charizard\n|-damage|p2a: Charizard|4\/100\n|-mustrecharge|p1a: Mick\n|\n|upkeep\n|turn|14\n|c|\u2606DR4N|Dammit\n|\n|t:|1699931961\n|move|p2a: Charizard|Air Slash|p1a: Mick\n|-damage|p1a: Mick|0 fnt\n|faint|p1a: Mick\n|\n|upkeep\n|\n|t:|1699931966\n|switch|p1a: Sonic|Lycanroc-Dusk, M, shiny|100\/100\n|turn|15\n|c|\u2606Berserker024|the 4 points in special defense clutched\n|inactive|Battle timer is ON: inactive players will automatically lose when time's up. (requested by DR4N)\n|\n|t:|1699931979\n|move|p1a: Sonic|Swords Dance|p1a: Sonic\n|-boost|p1a: Sonic|atk|2\n|move|p2a: Charizard|Air Slash|p1a: Sonic\n|-resisted|p1a: Sonic\n|-damage|p1a: Sonic|74\/100\n|\n|upkeep\n|turn|16\n|c|\u2606DR4N|Fr\n|\n|t:|1699931988\n|switch|p2a: Greninja|Greninja, M|100\/100 slp\n|move|p1a: Sonic|Accelerock|p2a: Greninja\n|-damage|p2a: Greninja|0 fnt\n|faint|p2a: Greninja\n|-damage|p1a: Sonic|64\/100|[from] item: Life Orb\n|\n|upkeep\n|\n|t:|1699931995\n|switch|p2a: Krookodile|Krookodile, M|91\/100\n|-status|p2a: Krookodile|tox\n|turn|17\n|\n|t:|1699931999\n|move|p1a: Sonic|Close Combat|p2a: Krookodile\n|-supereffective|p2a: Krookodile\n|-damage|p2a: Krookodile|0 fnt\n|-unboost|p1a: Sonic|def|1\n|-unboost|p1a: Sonic|spd|1\n|faint|p2a: Krookodile\n|-damage|p1a: Sonic|54\/100|[from] item: Life Orb\n|\n|upkeep\n|\n|t:|1699932006\n|switch|p2a: Eelektross|Eelektross, M|84\/100\n|turn|18\n|c|\u2606DR4N|I had so much trouble facing ryme with her ghost type before i got umbre\n|\n|t:|1699932030\n|move|p1a: Sonic|Swords Dance|p1a: Sonic\n|-boost|p1a: Sonic|atk|2\n|move|p2a: Eelektross|Liquidation|p1a: Sonic\n|-supereffective|p1a: Sonic\n|-damage|p1a: Sonic|0 fnt\n|faint|p1a: Sonic\n|\n|upkeep\n|\n|t:|1699932040\n|switch|p1a: Hilal|Umbreon, M, shiny|100\/100\n|turn|19\n|c|\u2606Berserker024|dang, I'm really losing this\n|\n|t:|1699932044\n|move|p1a: Hilal|Foul Play|p2a: Eelektross\n|-damage|p2a: Eelektross|25\/100\n|move|p2a: Eelektross|U-turn|p1a: Hilal\n|-supereffective|p1a: Hilal\n|-damage|p1a: Hilal|71\/100\n|\n|t:|1699932050\n|switch|p2a: Baxcalibur|Baxcalibur, M|100\/100|[from] U-turn\n|-status|p2a: Baxcalibur|tox\n|\n|-damage|p2a: Baxcalibur|94\/100 tox|[from] psn\n|upkeep\n|turn|20\n|\n|t:|1699932056\n|move|p2a: Baxcalibur|Swords Dance|p2a: Baxcalibur\n|-boost|p2a: Baxcalibur|atk|2\n|move|p1a: Hilal|Foul Play|p2a: Baxcalibur\n|-damage|p2a: Baxcalibur|0 fnt\n|faint|p2a: Baxcalibur\n|\n|upkeep\n|c|\u2606Berserker024|oof that move just counters over half my pokemon\n|\n|t:|1699932072\n|switch|p2a: Charizard|Charizard, M|4\/100\n|turn|21\n|c|\u2606DR4N|I didnt think that wouldv 1 shot without u swords dancin\n|\n|t:|1699932086\n|move|p2a: Charizard|Flamethrower|p1a: Hilal\n|-damage|p1a: Hilal|24\/100\n|move|p1a: Hilal|Foul Play|p2a: Charizard\n|-crit|p2a: Charizard\n|-damage|p2a: Charizard|0 fnt\n|faint|p2a: Charizard\n|\n|upkeep\n|\n|t:|1699932093\n|switch|p2a: Eelektross|Eelektross, M|25\/100\n|turn|22\n|\n|t:|1699932096\n|move|p1a: Hilal|Foul Play|p2a: Eelektross\n|-damage|p2a: Eelektross|0 fnt\n|faint|p2a: Eelektross\n|\n|win|DR4N\n|raw|DR4N's rating: 1096 &rarr; <strong>1122<\/strong><br \/>(+26 for winning)\n|raw|Berserker024's rating: 1107 &rarr; <strong>1081<\/strong><br \/>(-26 for losing)\n|c|\u2606DR4N|Gg\n|c|\u2606Berserker024|gg\n|l|\u2606Berserker024\n","uploadtime":1699932109,"views":5,"p1id":"dr4n","p2id":"berserker024","formatid":"gen9anythinggoes","rating":1081,"private":0,"password":""}