{"id":"gen9anythinggoes-1982531567","p1":"Imnewnobully","p2":"Ptctim","format":"[Gen 9] Anything Goes","log":"|j|\u2606Imnewnobully\n|j|\u2606Ptctim\n|t:|1699023274\n|gametype|singles\n|player|p1|Imnewnobully|red|1546\n|player|p2|Ptctim|dawn|1687\n|teamsize|p1|6\n|teamsize|p2|6\n|gen|9\n|tier|[Gen 9] Anything Goes\n|rated|\n|rule|HP Percentage Mod: HP is shown in percentages\n|rule|Endless Battle Clause: Forcing endless battles is banned\n|clearpoke\n|poke|p1|Glimmora, M|\n|poke|p1|Miraidon|\n|poke|p1|Dragonite, M|\n|poke|p1|Iron Bundle|\n|poke|p1|Kingambit, F|\n|poke|p1|Grimmsnarl, M|\n|poke|p2|Arceus-Ground|\n|poke|p2|Calyrex-Shadow|\n|poke|p2|Koraidon|\n|poke|p2|Miraidon|\n|poke|p2|Arceus|\n|poke|p2|Zacian-*|\n|teampreview\n|inactive|Battle timer is ON: inactive players will automatically lose when time's up. (requested by Ptctim)\n|inactive|Imnewnobully has 120 seconds left.\n|\n|t:|1699023311\n|start\n|switch|p1a: Grimmsnarl|Grimmsnarl, M|100\/100\n|switch|p2a: Arceus|Arceus-Ground|100\/100\n|turn|1\n|\n|t:|1699023319\n|move|p1a: Grimmsnarl|Light Screen|p1a: Grimmsnarl\n|-sidestart|p1: Imnewnobully|move: Light Screen\n|move|p2a: Arceus|Stealth Rock|p1a: Grimmsnarl\n|-sidestart|p1: Imnewnobully|move: Stealth Rock\n|\n|upkeep\n|turn|2\n|\n|t:|1699023328\n|move|p1a: Grimmsnarl|Parting Shot|p2a: Arceus\n|-unboost|p2a: Arceus|atk|1\n|-unboost|p2a: Arceus|spa|1\n|\n|t:|1699023335\n|switch|p1a: Iron Bundle|Iron Bundle|100\/100|[from] Parting Shot\n|-damage|p1a: Iron Bundle|76\/100|[from] Stealth Rock\n|move|p2a: Arceus|Taunt|p1a: Iron Bundle\n|-start|p1a: Iron Bundle|move: Taunt\n|\n|upkeep\n|turn|3\n|\n|t:|1699023343\n|switch|p2a: Koraidon|Koraidon|100\/100\n|-weather|SunnyDay|[from] ability: Orichalcum Pulse|[of] p2a: Koraidon\n|-activate|p2a: Koraidon|Orichalcum Pulse|[source]\n|move|p1a: Iron Bundle|Hydro Pump|p2a: Koraidon\n|-resisted|p2a: Koraidon\n|-damage|p2a: Koraidon|83\/100\n|-damage|p1a: Iron Bundle|66\/100|[from] item: Life Orb\n|\n|-weather|SunnyDay|[upkeep]\n|upkeep\n|turn|4\n|\n|t:|1699023359\n|-end|p1a: Iron Bundle|Quark Drive|[silent]\n|switch|p1a: Glimmora|Glimmora, M|100\/100\n|-damage|p1a: Glimmora|88\/100|[from] Stealth Rock\n|move|p2a: Koraidon|Close Combat|p1a: Glimmora\n|-damage|p1a: Glimmora|25\/100\n|-unboost|p2a: Koraidon|def|1\n|-unboost|p2a: Koraidon|spd|1\n|-activate|p1a: Glimmora|ability: Toxic Debris\n|-sidestart|p2: Ptctim|move: Toxic Spikes\n|\n|-weather|SunnyDay|[upkeep]\n|upkeep\n|turn|5\n|\n|t:|1699023374\n|switch|p2a: Arceus|Arceus-Ground|100\/100\n|-status|p2a: Arceus|psn\n|move|p1a: Glimmora|Stealth Rock|p2a: Arceus\n|-sidestart|p2: Ptctim|move: Stealth Rock\n|\n|-weather|SunnyDay|[upkeep]\n|-damage|p2a: Arceus|88\/100 psn|[from] psn\n|upkeep\n|turn|6\n|\n|t:|1699023380\n|move|p2a: Arceus|Judgment|p1a: Glimmora\n|-supereffective|p1a: Glimmora\n|-damage|p1a: Glimmora|0 fnt\n|faint|p1a: Glimmora\n|\n|-weather|SunnyDay|[upkeep]\n|-damage|p2a: Arceus|76\/100 psn|[from] psn\n|upkeep\n|\n|t:|1699023398\n|switch|p1a: Dragonite|Dragonite, M|100\/100\n|turn|7\n|\n|t:|1699023405\n|move|p2a: Arceus|Taunt|p1a: Dragonite\n|-start|p1a: Dragonite|move: Taunt\n|cant|p1a: Dragonite|move: Taunt|Dragon Dance\n|\n|-weather|none\n|-damage|p2a: Arceus|63\/100 psn|[from] psn\n|upkeep\n|turn|8\n|\n|t:|1699023411\n|switch|p1a: Miraidon|Miraidon|100\/100\n|-damage|p1a: Miraidon|88\/100|[from] Stealth Rock\n|-fieldstart|move: Electric Terrain|[from] ability: Hadron Engine|[of] p1a: Miraidon\n|move|p2a: Arceus|Icy Wind|p1a: Miraidon\n|-supereffective|p1a: Miraidon\n|-damage|p1a: Miraidon|72\/100\n|-unboost|p1a: Miraidon|spe|1\n|\n|-damage|p2a: Arceus|51\/100 psn|[from] psn\n|-sideend|p1: Imnewnobully|move: Light Screen\n|upkeep\n|turn|9\n|\n|t:|1699023420\n|move|p2a: Arceus|Judgment|p1a: Miraidon\n|-supereffective|p1a: Miraidon\n|-damage|p1a: Miraidon|0 fnt\n|faint|p1a: Miraidon\n|\n|-damage|p2a: Arceus|39\/100 psn|[from] psn\n|upkeep\n|\n|t:|1699023424\n|switch|p1a: Iron Bundle|Iron Bundle|66\/100\n|-damage|p1a: Iron Bundle|41\/100|[from] Stealth Rock\n|-activate|p1a: Iron Bundle|ability: Quark Drive\n|-start|p1a: Iron Bundle|quarkdrivespe\n|turn|10\n|\n|t:|1699023428\n|move|p1a: Iron Bundle|Substitute|p1a: Iron Bundle\n|-start|p1a: Iron Bundle|Substitute\n|-damage|p1a: Iron Bundle|16\/100\n|move|p2a: Arceus|Judgment|p1a: Iron Bundle\n|-end|p1a: Iron Bundle|Substitute\n|\n|-damage|p2a: Arceus|26\/100 psn|[from] psn\n|upkeep\n|turn|11\n|\n|t:|1699023432\n|move|p1a: Iron Bundle|Freeze-Dry|p2a: Arceus\n|-supereffective|p2a: Arceus\n|-damage|p2a: Arceus|0 fnt\n|faint|p2a: Arceus\n|-damage|p1a: Iron Bundle|6\/100|[from] item: Life Orb\n|\n|upkeep\n|\n|t:|1699023442\n|switch|p2a: Koraidon|Koraidon|83\/100\n|-status|p2a: Koraidon|psn\n|-damage|p2a: Koraidon|76\/100 psn|[from] Stealth Rock\n|-weather|SunnyDay|[from] ability: Orichalcum Pulse|[of] p2a: Koraidon\n|-activate|p2a: Koraidon|Orichalcum Pulse|[source]\n|turn|12\n|\n|t:|1699023448\n|move|p1a: Iron Bundle|Freeze-Dry|p2a: Koraidon\n|-supereffective|p2a: Koraidon\n|-damage|p2a: Koraidon|0 fnt\n|faint|p2a: Koraidon\n|-damage|p1a: Iron Bundle|0 fnt|[from] item: Life Orb\n|faint|p1a: Iron Bundle\n|-end|p1a: Iron Bundle|Quark Drive|[silent]\n|\n|-weather|SunnyDay|[upkeep]\n|-fieldend|move: Electric Terrain\n|upkeep\n|\n|t:|1699023456\n|switch|p1a: Dragonite|Dragonite, M|100\/100\n|switch|p2a: Zacian|Zacian-Crowned|100\/100\n|-damage|p2a: Zacian|94\/100|[from] Stealth Rock\n|-ability|p2a: Zacian|Intrepid Sword|boost\n|-boost|p2a: Zacian|atk|1\n|turn|13\n|\n|t:|1699023463\n|move|p2a: Zacian|Play Rough|p1a: Dragonite\n|-supereffective|p1a: Dragonite\n|-damage|p1a: Dragonite|21\/100\n|move|p1a: Dragonite|Earthquake|p2a: Zacian\n|-supereffective|p2a: Zacian\n|-damage|p2a: Zacian|22\/100\n|\n|-weather|SunnyDay|[upkeep]\n|upkeep\n|turn|14\n|\n|t:|1699023470\n|move|p1a: Dragonite|Extreme Speed|p2a: Zacian\n|-resisted|p2a: Zacian\n|-damage|p2a: Zacian|8\/100\n|move|p2a: Zacian|Behemoth Blade|p1a: Dragonite\n|-damage|p1a: Dragonite|0 fnt\n|faint|p1a: Dragonite\n|\n|-weather|SunnyDay|[upkeep]\n|upkeep\n|\n|t:|1699023479\n|switch|p1a: Grimmsnarl|Grimmsnarl, M|100\/100\n|-damage|p1a: Grimmsnarl|88\/100|[from] Stealth Rock\n|turn|15\n|\n|t:|1699023487\n|move|p1a: Grimmsnarl|Reflect|p1a: Grimmsnarl\n|-sidestart|p1: Imnewnobully|Reflect\n|move|p2a: Zacian|Behemoth Blade|p1a: Grimmsnarl\n|-supereffective|p1a: Grimmsnarl\n|-damage|p1a: Grimmsnarl|7\/100\n|\n|-weather|SunnyDay|[upkeep]\n|upkeep\n|turn|16\n|\n|t:|1699023493\n|move|p1a: Grimmsnarl|Light Screen|p1a: Grimmsnarl\n|-sidestart|p1: Imnewnobully|move: Light Screen\n|move|p2a: Zacian|Behemoth Blade|p1a: Grimmsnarl\n|-supereffective|p1a: Grimmsnarl\n|-damage|p1a: Grimmsnarl|0 fnt\n|faint|p1a: Grimmsnarl\n|\n|-weather|none\n|upkeep\n|\n|t:|1699023499\n|switch|p1a: Kingambit|Kingambit, F|100\/100\n|-damage|p1a: Kingambit|94\/100|[from] Stealth Rock\n|-activate|p1a: Kingambit|ability: Supreme Overlord\n|-start|p1a: Kingambit|fallen5|[silent]\n|turn|17\n|\n|t:|1699023504\n|move|p1a: Kingambit|Sucker Punch|p2a: Zacian\n|-resisted|p2a: Zacian\n|-crit|p2a: Zacian\n|-damage|p2a: Zacian|0 fnt\n|faint|p2a: Zacian\n|\n|upkeep\n|\n|t:|1699023509\n|switch|p2a: Miraidon|Miraidon|100\/100\n|-status|p2a: Miraidon|psn\n|-damage|p2a: Miraidon|88\/100 psn|[from] Stealth Rock\n|-fieldstart|move: Electric Terrain|[from] ability: Hadron Engine|[of] p2a: Miraidon\n|turn|18\n|\n|t:|1699023517\n|move|p1a: Kingambit|Protect|p1a: Kingambit\n|-singleturn|p1a: Kingambit|Protect\n|move|p2a: Miraidon|Electro Drift|p1a: Kingambit\n|-activate|p1a: Kingambit|move: Protect\n|\n|-damage|p2a: Miraidon|76\/100 psn|[from] psn\n|upkeep\n|turn|19\n|\n|t:|1699023530\n|-terastallize|p1a: Kingambit|Dark\n|move|p1a: Kingambit|Sucker Punch|p2a: Miraidon\n|-damage|p2a: Miraidon|0 fnt\n|faint|p2a: Miraidon\n|\n|upkeep\n|\n|t:|1699023547\n|switch|p2a: Arceus|Arceus|100\/100\n|-status|p2a: Arceus|psn\n|-damage|p2a: Arceus|88\/100 psn|[from] Stealth Rock\n|turn|20\n|\n|t:|1699023552\n|move|p2a: Arceus|Swords Dance|p2a: Arceus\n|-boost|p2a: Arceus|atk|2\n|move|p1a: Kingambit|Kowtow Cleave|p2a: Arceus\n|-damage|p2a: Arceus|14\/100 psn\n|\n|-heal|p2a: Arceus|20\/100 psn|[from] item: Leftovers\n|-damage|p2a: Arceus|8\/100 psn|[from] psn\n|upkeep\n|turn|21\n|\n|t:|1699023562\n|move|p1a: Kingambit|Protect|p1a: Kingambit\n|-singleturn|p1a: Kingambit|Protect\n|move|p2a: Arceus|Extreme Speed|p1a: Kingambit\n|-activate|p1a: Kingambit|move: Protect\n|\n|-heal|p2a: Arceus|14\/100 psn|[from] item: Leftovers\n|-damage|p2a: Arceus|1\/100 psn|[from] psn\n|upkeep\n|turn|22\n|\n|t:|1699023582\n|move|p1a: Kingambit|Protect||[still]\n|-fail|p1a: Kingambit\n|move|p2a: Arceus|Extreme Speed|p1a: Kingambit\n|-crit|p1a: Kingambit\n|-damage|p1a: Kingambit|0 fnt\n|faint|p1a: Kingambit\n|-end|p1a: Kingambit|fallen5|[silent]\n|\n|win|Ptctim\n|raw|Imnewnobully's rating: 1560 &rarr; <strong>1547<\/strong><br \/>(-13 for losing)\n|raw|Ptctim's rating: 1687 &rarr; <strong>1700<\/strong><br \/>(+13 for winning)\n|l|\u2606Ptctim\n","uploadtime":1699023678,"views":5,"p1id":"imnewnobully","p2id":"ptctim","formatid":"gen9anythinggoes","rating":1547,"private":0,"password":""}