{"id":"gen9anythinggoes-1982721633","p1":"TanPadeusz","p2":"Wixu","format":"[Gen 9] Anything Goes","log":"|j|\u2606TanPadeusz\n|j|\u2606Wixu\n|t:|1699038805\n|gametype|singles\n|player|p1|TanPadeusz|giovanni|\n|player|p2|Wixu|265|\n|teamsize|p1|6\n|teamsize|p2|6\n|gen|9\n|tier|[Gen 9] Anything Goes\n|rule|HP Percentage Mod: HP is shown in percentages\n|rule|Endless Battle Clause: Forcing endless battles is banned\n|clearpoke\n|poke|p1|Gallade, M|\n|poke|p1|Tinkaton, F|\n|poke|p1|Toxapex, M|\n|poke|p1|Gliscor, F|\n|poke|p1|Zoroark-Hisui, F|\n|poke|p1|Hydreigon, F|\n|poke|p2|Moltres|\n|poke|p2|Lucario, M|\n|poke|p2|Slowbro-Galar, M|\n|poke|p2|Greninja-*, M|\n|poke|p2|Dragapult, M|\n|poke|p2|Ninetales-Alola, F|\n|teampreview\n|\n|t:|1699038830\n|start\n|switch|p1a: Toxapex|Toxapex, M|100\/100\n|switch|p2a: Lucario|Lucario, M|100\/100\n|turn|1\n|\n|t:|1699038839\n|-terastallize|p2a: Lucario|Fighting\n|move|p2a: Lucario|Dark Pulse|p1a: Toxapex\n|-damage|p1a: Toxapex|85\/100\n|move|p1a: Toxapex|Toxic Spikes|p2a: Lucario\n|-sidestart|p2: Wixu|move: Toxic Spikes\n|\n|-heal|p1a: Toxapex|91\/100|[from] item: Black Sludge\n|upkeep\n|turn|2\n|\n|t:|1699038849\n|switch|p1a: Gliscor|Gliscor, F|100\/100\n|move|p2a: Lucario|Swords Dance|p2a: Lucario\n|-boost|p2a: Lucario|atk|2\n|\n|-status|p1a: Gliscor|tox|[from] item: Toxic Orb\n|upkeep\n|turn|3\n|\n|t:|1699038857\n|move|p1a: Gliscor|Earthquake|p2a: Lucario\n|-damage|p2a: Lucario|31\/100\n|move|p2a: Lucario|Swords Dance|p2a: Lucario\n|-boost|p2a: Lucario|atk|2\n|\n|upkeep\n|turn|4\n|\n|t:|1699038875\n|move|p1a: Gliscor|Earthquake|p2a: Lucario\n|-damage|p2a: Lucario|0 fnt\n|faint|p2a: Lucario\n|\n|upkeep\n|\n|t:|1699038885\n|switch|p2a: Dragapult|Dragapult, M|100\/100\n|-status|p2a: Dragapult|psn\n|turn|5\n|\n|t:|1699038926\n|switch|p1a: Hydreigon|Hydreigon, F|100\/100\n|move|p2a: Dragapult|Draco Meteor|p1a: Hydreigon\n|-damage|p1a: Hydreigon|0 fnt\n|-unboost|p2a: Dragapult|spa|2\n|replace|p1a: Zoroark|Zoroark-Hisui, F\n|-end|p1a: Zoroark|Illusion\n|faint|p1a: Zoroark\n|\n|-damage|p2a: Dragapult|88\/100 psn|[from] psn\n|upkeep\n|\n|t:|1699038937\n|switch|p1a: Tinkaton|Tinkaton, F|100\/100\n|turn|6\n|\n|t:|1699038943\n|move|p2a: Dragapult|Draco Meteor|p1a: Tinkaton\n|-immune|p1a: Tinkaton\n|move|p1a: Tinkaton|Swords Dance|p1a: Tinkaton\n|-boost|p1a: Tinkaton|atk|2\n|\n|-damage|p2a: Dragapult|76\/100 psn|[from] psn\n|upkeep\n|turn|7\n|\n|t:|1699038952\n|move|p2a: Dragapult|Shadow Ball|p1a: Tinkaton\n|-damage|p1a: Tinkaton|82\/100\n|move|p1a: Tinkaton|Gigaton Hammer|p2a: Dragapult\n|-damage|p2a: Dragapult|0 fnt\n|faint|p2a: Dragapult\n|\n|upkeep\n|\n|t:|1699038963\n|switch|p2a: Greninja|Greninja, M|100\/100\n|-status|p2a: Greninja|psn\n|turn|8\n|\n|t:|1699038986\n|switch|p1a: Hydreigon|Hydreigon, F|100\/100\n|move|p2a: Greninja|Ice Beam|p1a: Hydreigon\n|-supereffective|p1a: Hydreigon\n|-damage|p1a: Hydreigon|23\/100\n|\n|-damage|p2a: Greninja|88\/100 psn|[from] psn\n|upkeep\n|turn|9\n|\n|t:|1699038998\n|switch|p1a: Toxapex|Toxapex, M|100\/100\n|move|p2a: Greninja|Dark Pulse|p1a: Toxapex\n|-damage|p1a: Toxapex|69\/100\n|\n|-heal|p1a: Toxapex|76\/100|[from] item: Black Sludge\n|-damage|p2a: Greninja|76\/100 psn|[from] psn\n|upkeep\n|turn|10\n|\n|t:|1699039012\n|move|p1a: Toxapex|Baneful Bunker|p1a: Toxapex\n|-singleturn|p1a: Toxapex|move: Protect\n|move|p2a: Greninja|Hydro Pump|p1a: Toxapex\n|-activate|p1a: Toxapex|move: Protect\n|\n|-heal|p1a: Toxapex|82\/100|[from] item: Black Sludge\n|-damage|p2a: Greninja|64\/100 psn|[from] psn\n|upkeep\n|turn|11\n|\n|t:|1699039021\n|move|p2a: Greninja|Hydro Pump|p1a: Toxapex\n|-resisted|p1a: Toxapex\n|-damage|p1a: Toxapex|62\/100\n|move|p1a: Toxapex|Recover|p1a: Toxapex\n|-heal|p1a: Toxapex|100\/100\n|\n|-damage|p2a: Greninja|52\/100 psn|[from] psn\n|upkeep\n|turn|12\n|\n|t:|1699039029\n|switch|p2a: Ninetales|Ninetales-Alola, F|100\/100\n|-status|p2a: Ninetales|psn\n|-weather|Snow|[from] ability: Snow Warning|[of] p2a: Ninetales\n|move|p1a: Toxapex|Baneful Bunker||[still]\n|-fail|p1a: Toxapex\n|\n|-weather|Snow|[upkeep]\n|-damage|p2a: Ninetales|88\/100 psn|[from] psn\n|upkeep\n|turn|13\n|\n|t:|1699039052\n|move|p1a: Toxapex|Baneful Bunker|p1a: Toxapex\n|-singleturn|p1a: Toxapex|move: Protect\n|move|p2a: Ninetales|Draining Kiss|p1a: Toxapex\n|-activate|p1a: Toxapex|move: Protect\n|\n|-weather|Snow|[upkeep]\n|-damage|p2a: Ninetales|76\/100 psn|[from] psn\n|upkeep\n|turn|14\n|\n|t:|1699039065\n|switch|p1a: Tinkaton|Tinkaton, F|82\/100\n|move|p2a: Ninetales|Draining Kiss|p1a: Tinkaton\n|-resisted|p1a: Tinkaton\n|-damage|p1a: Tinkaton|75\/100\n|-heal|p2a: Ninetales|81\/100 psn|[from] drain|[of] p1a: Tinkaton\n|\n|-weather|Snow|[upkeep]\n|-damage|p2a: Ninetales|68\/100 psn|[from] psn\n|upkeep\n|turn|15\n|\n|t:|1699039077\n|switch|p2a: Slowbro|Slowbro-Galar, M|100\/100\n|-sideend|p2: Wixu|move: Toxic Spikes|[of] p2a: Slowbro\n|move|p1a: Tinkaton|Gigaton Hammer|p2a: Slowbro\n|-damage|p2a: Slowbro|48\/100\n|\n|-weather|Snow|[upkeep]\n|-heal|p2a: Slowbro|54\/100|[from] item: Leftovers\n|upkeep\n|turn|16\n|\n|t:|1699039090\n|move|p2a: Slowbro|Protect|p2a: Slowbro\n|-singleturn|p2a: Slowbro|Protect\n|move|p1a: Tinkaton|Knock Off|p2a: Slowbro\n|-activate|p2a: Slowbro|move: Protect\n|\n|-weather|none\n|-heal|p2a: Slowbro|60\/100|[from] item: Leftovers\n|upkeep\n|turn|17\n|\n|t:|1699039098\n|move|p2a: Slowbro|Protect|p2a: Slowbro\n|-singleturn|p2a: Slowbro|Protect\n|move|p1a: Tinkaton|Knock Off|p2a: Slowbro\n|-activate|p2a: Slowbro|move: Protect\n|\n|-heal|p2a: Slowbro|66\/100|[from] item: Leftovers\n|upkeep\n|turn|18\n|\n|t:|1699039105\n|move|p2a: Slowbro|Protect||[still]\n|-fail|p2a: Slowbro\n|move|p1a: Tinkaton|Knock Off|p2a: Slowbro\n|-supereffective|p2a: Slowbro\n|-damage|p2a: Slowbro|22\/100\n|-enditem|p2a: Slowbro|Leftovers|[from] move: Knock Off|[of] p1a: Tinkaton\n|\n|upkeep\n|turn|19\n|\n|t:|1699039112\n|move|p1a: Tinkaton|Swords Dance|p1a: Tinkaton\n|-boost|p1a: Tinkaton|atk|2\n|move|p2a: Slowbro|Rest|p2a: Slowbro\n|-status|p2a: Slowbro|slp|[from] move: Rest\n|-heal|p2a: Slowbro|100\/100 slp|[silent]\n|\n|upkeep\n|turn|20\n|\n|t:|1699039120\n|move|p1a: Tinkaton|Swords Dance|p1a: Tinkaton\n|-boost|p1a: Tinkaton|atk|2\n|cant|p2a: Slowbro|slp\n|move|p2a: Slowbro|Sleep Talk|p2a: Slowbro\n|move|p2a: Slowbro|Rest||[from]move: Sleep Talk|[still]\n|-fail|p2a: Slowbro\n|\n|upkeep\n|turn|21\n|\n|t:|1699039128\n|move|p1a: Tinkaton|Gigaton Hammer|p2a: Slowbro\n|-damage|p2a: Slowbro|0 fnt\n|faint|p2a: Slowbro\n|\n|upkeep\n|\n|t:|1699039135\n|switch|p2a: Ninetales|Ninetales-Alola, F|68\/100 psn\n|-weather|Snow|[from] ability: Snow Warning|[of] p2a: Ninetales\n|turn|22\n|\n|t:|1699039160\n|move|p2a: Ninetales|Blizzard|p1a: Tinkaton\n|-resisted|p1a: Tinkaton\n|-damage|p1a: Tinkaton|59\/100\n|move|p1a: Tinkaton|Play Rough|p2a: Ninetales\n|-damage|p2a: Ninetales|0 fnt\n|faint|p2a: Ninetales\n|\n|-weather|Snow|[upkeep]\n|upkeep\n|\n|t:|1699039168\n|switch|p2a: Greninja|Greninja, M|52\/100 psn\n|turn|23\n|\n|t:|1699039187\n|move|p2a: Greninja|Hydro Pump|p1a: Tinkaton\n|-damage|p1a: Tinkaton|6\/100\n|move|p1a: Tinkaton|Gigaton Hammer|p2a: Greninja\n|-resisted|p2a: Greninja\n|-damage|p2a: Greninja|0 fnt\n|faint|p2a: Greninja\n|\n|-weather|Snow|[upkeep]\n|upkeep\n|\n|t:|1699039195\n|switch|p2a: Moltres|Moltres|100\/100\n|turn|24\n|\n|t:|1699039200\n|move|p1a: Tinkaton|Knock Off|p2a: Moltres\n|-damage|p2a: Moltres|29\/100\n|-enditem|p2a: Moltres|Life Orb|[from] move: Knock Off|[of] p1a: Tinkaton\n|move|p2a: Moltres|Brave Bird|p1a: Tinkaton\n|-resisted|p1a: Tinkaton\n|-damage|p1a: Tinkaton|0 fnt\n|faint|p1a: Tinkaton\n|-damage|p2a: Moltres|27\/100|[from] Recoil\n|\n|-weather|Snow|[upkeep]\n|upkeep\n|\n|t:|1699039212\n|switch|p1a: Gliscor|Gliscor, F|100\/100 tox\n|turn|25\n|\n|t:|1699039216\n|move|p1a: Gliscor|Dual Wingbeat|p2a: Moltres\n|-damage|p2a: Moltres|9\/100\n|-damage|p2a: Moltres|0 fnt\n|faint|p2a: Moltres\n|-hitcount|p2: Moltres|2\n|\n|win|TanPadeusz\n","uploadtime":1699039224,"views":7,"p1id":"tanpadeusz","p2id":"wixu","formatid":"gen9anythinggoes","rating":0,"private":0,"password":""}