{"id":"gen9anythinggoes-1994662644","p1":"Snipek4t","p2":"MrBoxhill","format":"[Gen 9] Anything Goes","log":"|j|\u2606Snipek4t\n|j|\u2606MrBoxhill\n|t:|1700477439\n|gametype|singles\n|player|p1|Snipek4t|red|1172\n|player|p2|MrBoxhill|riley|1152\n|teamsize|p1|3\n|teamsize|p2|6\n|gen|9\n|tier|[Gen 9] Anything Goes\n|rated|\n|rule|HP Percentage Mod: HP is shown in percentages\n|rule|Endless Battle Clause: Forcing endless battles is banned\n|clearpoke\n|poke|p1|Regieleki|\n|poke|p1|Vivillon, M|\n|poke|p1|Volcarona, M|\n|poke|p2|Maushold-Four|\n|poke|p2|Flutter Mane|\n|poke|p2|Miraidon|\n|poke|p2|Rabsca, M|\n|poke|p2|Garganacl, F|\n|poke|p2|Houndstone, M|\n|teampreview\n|inactive|Battle timer is ON: inactive players will automatically lose when time's up. (requested by Snipek4t)\n|\n|t:|1700477466\n|start\n|switch|p1a: Vivillon|Vivillon, M|100\/100\n|switch|p2a: Rabsca|Rabsca, M, shiny|100\/100\n|turn|1\n|\n|t:|1700477472\n|move|p1a: Vivillon|Sleep Powder|p2a: Rabsca\n|-status|p2a: Rabsca|slp|[from] move: Sleep Powder\n|cant|p2a: Rabsca|slp\n|\n|upkeep\n|turn|2\n|\n|t:|1700477475\n|switch|p2a: DeMarco|Miraidon|100\/100\n|-fieldstart|move: Electric Terrain|[from] ability: Hadron Engine|[of] p2a: DeMarco\n|move|p1a: Vivillon|Quiver Dance|p1a: Vivillon\n|-boost|p1a: Vivillon|spa|1\n|-boost|p1a: Vivillon|spd|1\n|-boost|p1a: Vivillon|spe|1\n|\n|upkeep\n|turn|3\n|\n|t:|1700477489\n|-terastallize|p2a: DeMarco|Electric\n|move|p1a: Vivillon|Substitute|p1a: Vivillon\n|-start|p1a: Vivillon|Substitute\n|-damage|p1a: Vivillon|76\/100\n|move|p2a: DeMarco|Electro Drift|p1a: Vivillon\n|-supereffective|p1a: Vivillon\n|-end|p1a: Vivillon|Substitute\n|\n|-heal|p1a: Vivillon|82\/100|[from] item: Leftovers\n|upkeep\n|turn|4\n|\n|t:|1700477497\n|-terastallize|p1a: Vivillon|Bug\n|move|p1a: Vivillon|Quiver Dance|p1a: Vivillon\n|-boost|p1a: Vivillon|spa|1\n|-boost|p1a: Vivillon|spd|1\n|-boost|p1a: Vivillon|spe|1\n|move|p2a: DeMarco|Electro Drift|p1a: Vivillon\n|-damage|p1a: Vivillon|0 fnt\n|faint|p1a: Vivillon\n|\n|upkeep\n|\n|t:|1700477501\n|switch|p1a: Regieleki|Regieleki|100\/100\n|turn|5\n|\n|t:|1700477503\n|move|p1a: Regieleki|Light Screen|p1a: Regieleki\n|-sidestart|p1: Snipek4t|move: Light Screen\n|move|p2a: DeMarco|Electro Drift|p1a: Regieleki\n|-resisted|p1a: Regieleki\n|-damage|p1a: Regieleki|52\/100\n|\n|upkeep\n|turn|6\n|\n|t:|1700477512\n|move|p1a: Regieleki|Substitute|p1a: Regieleki\n|-start|p1a: Regieleki|Substitute\n|-damage|p1a: Regieleki|27\/100\n|move|p2a: DeMarco|Dragon Pulse|p1a: Regieleki\n|-end|p1a: Regieleki|Substitute\n|\n|-fieldend|move: Electric Terrain\n|upkeep\n|turn|7\n|\n|t:|1700477518\n|move|p1a: Regieleki|Reflect|p1a: Regieleki\n|-sidestart|p1: Snipek4t|Reflect\n|move|p2a: DeMarco|Dragon Pulse|p1a: Regieleki\n|-damage|p1a: Regieleki|0 fnt\n|faint|p1a: Regieleki\n|\n|upkeep\n|\n|t:|1700477522\n|switch|p1a: Volcarona|Volcarona, M|100\/100\n|turn|8\n|\n|t:|1700477523\n|move|p2a: DeMarco|Power Gem|p1a: Volcarona\n|-supereffective|p1a: Volcarona\n|-damage|p1a: Volcarona|39\/100\n|move|p1a: Volcarona|Quiver Dance|p1a: Volcarona\n|-boost|p1a: Volcarona|spa|1\n|-boost|p1a: Volcarona|spd|1\n|-boost|p1a: Volcarona|spe|1\n|\n|upkeep\n|turn|9\n|\n|t:|1700477532\n|move|p1a: Volcarona|Fiery Dance|p2a: DeMarco\n|-crit|p2a: DeMarco\n|-damage|p2a: DeMarco|41\/100\n|-boost|p1a: Volcarona|spa|1\n|move|p2a: DeMarco|Electro Drift|p1a: Volcarona\n|-damage|p1a: Volcarona|15\/100\n|\n|upkeep\n|turn|10\n|\n|t:|1700477542\n|move|p1a: Volcarona|Fiery Dance|p2a: DeMarco\n|-damage|p2a: DeMarco|0 fnt\n|faint|p2a: DeMarco\n|\n|upkeep\n|\n|t:|1700477545\n|switch|p2a: Flutter Mane|Flutter Mane, shiny|100\/100\n|turn|11\n|\n|t:|1700477551\n|move|p1a: Volcarona|Fiery Dance|p2a: Flutter Mane\n|-damage|p2a: Flutter Mane|0 fnt\n|faint|p2a: Flutter Mane\n|-end|p2a: Flutter Mane|Protosynthesis|[silent]\n|\n|upkeep\n|\n|t:|1700477554\n|switch|p2a: SSSReplacement|Garganacl, F, shiny|100\/100\n|turn|12\n|\n|t:|1700477558\n|move|p1a: Volcarona|Bug Buzz|p2a: SSSReplacement\n|-damage|p2a: SSSReplacement|25\/100\n|move|p2a: SSSReplacement|Salt Cure|p1a: Volcarona\n|-supereffective|p1a: Volcarona\n|-damage|p1a: Volcarona|0 fnt\n|faint|p1a: Volcarona\n|\n|win|MrBoxhill\n|raw|Snipek4t's rating: 1172 &rarr; <strong>1146<\/strong><br \/>(-26 for losing)\n|raw|MrBoxhill's rating: 1152 &rarr; <strong>1178<\/strong><br \/>(+26 for winning)\n","uploadtime":1700477561,"views":2,"p1id":"snipek4t","p2id":"mrboxhill","formatid":"gen9anythinggoes","rating":1146,"private":0,"password":""}