{"id":"gen9anythinggoes-1999039374","p1":"Casas Piadas","p2":"TutsTheNoob","format":"[Gen 9] Anything Goes","log":"|j|\u2606Casas Piadas\n|j|\u2606TutsTheNoob\n|t:|1701026657\n|gametype|singles\n|player|p1|Casas Piadas|psychic-gen4|1155\n|player|p2|TutsTheNoob|wallace|1133\n|teamsize|p1|6\n|teamsize|p2|6\n|gen|9\n|tier|[Gen 9] Anything Goes\n|rated|\n|rule|HP Percentage Mod: HP is shown in percentages\n|rule|Endless Battle Clause: Forcing endless battles is banned\n|clearpoke\n|poke|p1|Gardevoir, M|\n|poke|p1|Hatterene, F|\n|poke|p1|Salazzle, F|\n|poke|p1|Meowscarada, M|\n|poke|p1|Lilligant-Hisui, F|\n|poke|p1|Vaporeon, M|\n|poke|p2|Maushold-Four|\n|poke|p2|Ursaluna-Bloodmoon, M|\n|poke|p2|Vivillon, F|\n|poke|p2|Toxapex, F|\n|poke|p2|Gholdengo|\n|poke|p2|Cloyster, F|\n|teampreview\n|inactive|Battle timer is ON: inactive players will automatically lose when time's up. (requested by TutsTheNoob)\n|\n|t:|1701026670\n|start\n|switch|p1a: Noque|Lilligant-Hisui, F, shiny|100\/100\n|switch|p2a: Cloyster|Cloyster, F|100\/100\n|turn|1\n|\n|t:|1701026679\n|move|p1a: Noque|Leaf Blade|p2a: Cloyster\n|-supereffective|p2a: Cloyster\n|-damage|p2a: Cloyster|6\/100\n|-enditem|p2a: Cloyster|Weakness Policy\n|-boost|p2a: Cloyster|atk|2|[from] item: Weakness Policy\n|-boost|p2a: Cloyster|spa|2|[from] item: Weakness Policy\n|move|p2a: Cloyster|Shell Smash|p2a: Cloyster\n|-unboost|p2a: Cloyster|def|1\n|-unboost|p2a: Cloyster|spd|1\n|-boost|p2a: Cloyster|atk|2\n|-boost|p2a: Cloyster|spa|2\n|-boost|p2a: Cloyster|spe|2\n|\n|upkeep\n|turn|2\n|\n|t:|1701026694\n|move|p2a: Cloyster|Icicle Spear|p1a: Noque\n|-supereffective|p1a: Noque\n|-damage|p1a: Noque|4\/100\n|-supereffective|p1a: Noque\n|-crit|p1a: Noque\n|-damage|p1a: Noque|0 fnt\n|faint|p1a: Noque\n|-hitcount|p1: Noque|2\n|\n|upkeep\n|\n|t:|1701026711\n|switch|p1a: Acredite|Meowscarada, M|100\/100\n|turn|3\n|\n|t:|1701026723\n|move|p1a: Acredite|Knock Off|p2a: Cloyster\n|-start|p1a: Acredite|typechange|Dark|[from] ability: Protean\n|-damage|p2a: Cloyster|0 fnt\n|faint|p2a: Cloyster\n|\n|upkeep\n|\n|t:|1701026747\n|switch|p2a: Toxapex|Toxapex, F|100\/100\n|turn|4\n|inactive|Casas Piadas has 120 seconds left.\n|\n|t:|1701026768\n|switch|p1a: Apennas|Gardevoir, M, shiny|100\/100\n|move|p2a: Toxapex|Baneful Bunker||[still]\n|-fail|p2a: Toxapex\n|\n|upkeep\n|turn|5\n|\n|t:|1701026779\n|move|p1a: Apennas|Future Sight|p2a: Toxapex\n|-start|p1a: Apennas|move: Future Sight\n|move|p2a: Toxapex|Toxic|p1a: Apennas\n|-status|p1a: Apennas|tox\n|-activate|p1a: Apennas|ability: Synchronize\n|-immune|p2a: Toxapex\n|\n|-damage|p1a: Apennas|94\/100 tox|[from] psn\n|upkeep\n|turn|6\n|inactive|Casas Piadas has 120 seconds left.\n|\n|t:|1701026794\n|move|p2a: Toxapex|Baneful Bunker|p2a: Toxapex\n|-singleturn|p2a: Toxapex|move: Protect\n|move|p1a: Apennas|Shadow Ball|p2a: Toxapex\n|-activate|p2a: Toxapex|move: Protect\n|\n|-damage|p1a: Apennas|82\/100 tox|[from] psn\n|upkeep\n|turn|7\n|inactive|Casas Piadas has 120 seconds left.\n|\n|t:|1701026809\n|switch|p1a: Piada|Salazzle, F|100\/100\n|switch|p2a: Gholdengo|Gholdengo|100\/100\n|\n|-end|p2a: Gholdengo|move: Future Sight\n|-resisted|p2a: Gholdengo\n|-damage|p2a: Gholdengo|73\/100\n|upkeep\n|turn|8\n|\n|t:|1701026823\n|switch|p2a: Toxapex|Toxapex, F|100\/100\n|move|p1a: Piada|Fire Blast|p2a: Toxapex\n|-resisted|p2a: Toxapex\n|-damage|p2a: Toxapex|80\/100\n|\n|-heal|p2a: Toxapex|86\/100|[from] item: Leftovers\n|upkeep\n|turn|9\n|inactive|Casas Piadas has 120 seconds left.\n|\n|t:|1701026843\n|switch|p1a: Una|Hatterene, F|100\/100\n|switch|p2a: Ursaluna|Ursaluna-Bloodmoon, M|100\/100\n|\n|upkeep\n|turn|10\n|inactive|Casas Piadas has 120 seconds left.\n|\n|t:|1701026857\n|switch|p1a: Acredite|Meowscarada, M|100\/100\n|move|p2a: Ursaluna|Belly Drum|p2a: Ursaluna\n|-damage|p2a: Ursaluna|50\/100\n|-setboost|p2a: Ursaluna|atk|6|[from] move: Belly Drum\n|\n|upkeep\n|turn|11\n|inactive|Casas Piadas has 120 seconds left.\n|\n|t:|1701026877\n|move|p1a: Acredite|Brick Break|p2a: Ursaluna\n|-start|p1a: Acredite|typechange|Fighting|[from] ability: Protean\n|-supereffective|p2a: Ursaluna\n|-damage|p2a: Ursaluna|0 fnt\n|faint|p2a: Ursaluna\n|\n|upkeep\n|\n|t:|1701026885\n|switch|p2a: Gholdengo|Gholdengo|73\/100\n|turn|12\n|inactive|Casas Piadas has 120 seconds left.\n|\n|t:|1701026896\n|move|p1a: Acredite|Knock Off|p2a: Gholdengo\n|-supereffective|p2a: Gholdengo\n|-damage|p2a: Gholdengo|10\/100\n|-enditem|p2a: Gholdengo|Choice Specs|[from] move: Knock Off|[of] p1a: Acredite\n|move|p2a: Gholdengo|Trick|p1a: Acredite\n|-activate|p2a: Gholdengo|move: Trick|[of] p1a: Acredite\n|-enditem|p1a: Acredite|Expert Belt|[silent]|[from] move: Trick\n|-item|p2a: Gholdengo|Expert Belt|[from] move: Trick\n|\n|upkeep\n|turn|13\n|inactive|Casas Piadas has 120 seconds left.\n|\n|t:|1701026908\n|move|p1a: Acredite|Knock Off|p2a: Gholdengo\n|-supereffective|p2a: Gholdengo\n|-damage|p2a: Gholdengo|0 fnt\n|-enditem|p2a: Gholdengo|Expert Belt|[from] move: Knock Off|[of] p1a: Acredite\n|faint|p2a: Gholdengo\n|\n|upkeep\n|\n|t:|1701026914\n|switch|p2a: Toxapex|Toxapex, F|100\/100\n|turn|14\n|inactive|Casas Piadas has 120 seconds left.\n|\n|t:|1701026928\n|switch|p1a: Apennas|Gardevoir, M, shiny|82\/100 tox\n|move|p2a: Toxapex|Toxic|p1a: Apennas\n|-fail|p1a: Apennas|tox\n|\n|-damage|p1a: Apennas|76\/100 tox|[from] psn\n|upkeep\n|turn|15\n|\n|t:|1701026937\n|move|p2a: Toxapex|Baneful Bunker|p2a: Toxapex\n|-singleturn|p2a: Toxapex|move: Protect\n|move|p1a: Apennas|Future Sight|p2a: Toxapex\n|-start|p1a: Apennas|move: Future Sight\n|\n|-damage|p1a: Apennas|64\/100 tox|[from] psn\n|upkeep\n|turn|16\n|inactive|Casas Piadas has 120 seconds left.\n|\n|t:|1701026956\n|move|p1a: Apennas|Shadow Ball|p2a: Toxapex\n|-crit|p2a: Toxapex\n|-damage|p2a: Toxapex|66\/100\n|move|p2a: Toxapex|Haze|p2a: Toxapex\n|-clearallboost\n|\n|-heal|p2a: Toxapex|72\/100|[from] item: Leftovers\n|-damage|p1a: Apennas|45\/100 tox|[from] psn\n|upkeep\n|turn|17\n|inactive|Casas Piadas has 120 seconds left.\n|\n|t:|1701026972\n|switch|p1a: Elfalo|Vaporeon, M|100\/100\n|move|p2a: Toxapex|Baneful Bunker||[still]\n|-fail|p2a: Toxapex\n|\n|-end|p2a: Toxapex|move: Future Sight\n|-supereffective|p2a: Toxapex\n|-damage|p2a: Toxapex|0 fnt\n|faint|p2a: Toxapex\n|upkeep\n|\n|t:|1701026980\n|switch|p2a: Vivillon|Vivillon, F, shiny|100\/100\n|turn|18\n|\n|t:|1701026989\n|move|p2a: Vivillon|Sleep Powder|p1a: Elfalo\n|-status|p1a: Elfalo|slp|[from] move: Sleep Powder\n|cant|p1a: Elfalo|slp\n|\n|upkeep\n|turn|19\n|\n|t:|1701026996\n|move|p2a: Vivillon|Substitute|p2a: Vivillon\n|-start|p2a: Vivillon|Substitute\n|-damage|p2a: Vivillon|76\/100\n|-curestatus|p1a: Elfalo|slp|[msg]\n|move|p1a: Elfalo|Wish|p1a: Elfalo\n|\n|-heal|p2a: Vivillon|82\/100|[from] item: Leftovers\n|upkeep\n|turn|20\n|\n|t:|1701027003\n|move|p2a: Vivillon|Sleep Powder|p1a: Elfalo\n|-status|p1a: Elfalo|slp|[from] move: Sleep Powder\n|cant|p1a: Elfalo|slp\n|\n|-heal|p2a: Vivillon|88\/100|[from] item: Leftovers\n|upkeep\n|turn|21\n|\n|t:|1701027011\n|move|p2a: Vivillon|Quiver Dance|p2a: Vivillon\n|-boost|p2a: Vivillon|spa|1\n|-boost|p2a: Vivillon|spd|1\n|-boost|p2a: Vivillon|spe|1\n|cant|p1a: Elfalo|slp\n|\n|-heal|p2a: Vivillon|94\/100|[from] item: Leftovers\n|upkeep\n|turn|22\n|\n|t:|1701027019\n|move|p2a: Vivillon|Quiver Dance|p2a: Vivillon\n|-boost|p2a: Vivillon|spa|1\n|-boost|p2a: Vivillon|spd|1\n|-boost|p2a: Vivillon|spe|1\n|-curestatus|p1a: Elfalo|slp|[msg]\n|move|p1a: Elfalo|Ice Beam|p2a: Vivillon\n|-supereffective|p2a: Vivillon\n|-end|p2a: Vivillon|Substitute\n|\n|-heal|p2a: Vivillon|99\/100|[from] item: Leftovers\n|upkeep\n|turn|23\n|\n|t:|1701027032\n|move|p2a: Vivillon|Sleep Powder|p1a: Elfalo\n|-status|p1a: Elfalo|slp|[from] move: Sleep Powder\n|cant|p1a: Elfalo|slp\n|\n|-heal|p2a: Vivillon|100\/100|[from] item: Leftovers\n|upkeep\n|turn|24\n|\n|t:|1701027043\n|switch|p1a: Acredite|Meowscarada, M|100\/100\n|move|p2a: Vivillon|Substitute|p2a: Vivillon\n|-start|p2a: Vivillon|Substitute\n|-damage|p2a: Vivillon|76\/100\n|\n|-heal|p2a: Vivillon|82\/100|[from] item: Leftovers\n|upkeep\n|turn|25\n|\n|t:|1701027059\n|move|p2a: Vivillon|Hurricane|p1a: Acredite\n|-supereffective|p1a: Acredite\n|-damage|p1a: Acredite|0 fnt\n|faint|p1a: Acredite\n|\n|-heal|p2a: Vivillon|88\/100|[from] item: Leftovers\n|upkeep\n|\n|t:|1701027071\n|switch|p1a: Piada|Salazzle, F|100\/100\n|turn|26\n|\n|t:|1701027078\n|move|p2a: Vivillon|Sleep Powder|p1a: Piada\n|-status|p1a: Piada|slp|[from] move: Sleep Powder\n|cant|p1a: Piada|slp\n|\n|-heal|p2a: Vivillon|94\/100|[from] item: Leftovers\n|upkeep\n|turn|27\n|\n|t:|1701027094\n|move|p2a: Vivillon|Quiver Dance|p2a: Vivillon\n|-boost|p2a: Vivillon|spa|1\n|-boost|p2a: Vivillon|spd|1\n|-boost|p2a: Vivillon|spe|1\n|cant|p1a: Piada|slp\n|\n|-heal|p2a: Vivillon|99\/100|[from] item: Leftovers\n|upkeep\n|turn|28\n|\n|t:|1701027103\n|move|p2a: Vivillon|Hurricane|p1a: Piada\n|-enditem|p1a: Piada|Focus Sash\n|-damage|p1a: Piada|1\/100 slp\n|-curestatus|p1a: Piada|slp|[msg]\n|move|p1a: Piada|Fire Blast|p2a: Vivillon\n|-supereffective|p2a: Vivillon\n|-crit|p2a: Vivillon\n|-end|p2a: Vivillon|Substitute\n|\n|-heal|p2a: Vivillon|100\/100|[from] item: Leftovers\n|upkeep\n|turn|29\n|\n|t:|1701027115\n|move|p2a: Vivillon|Sleep Powder|p1a: Piada\n|-status|p1a: Piada|slp|[from] move: Sleep Powder\n|cant|p1a: Piada|slp\n|\n|upkeep\n|turn|30\n|\n|t:|1701027122\n|move|p2a: Vivillon|Hurricane|p1a: Piada\n|-damage|p1a: Piada|0 fnt\n|faint|p1a: Piada\n|\n|upkeep\n|\n|t:|1701027129\n|switch|p1a: Elfalo|Vaporeon, M|100\/100 slp\n|turn|31\n|\n|t:|1701027136\n|move|p2a: Vivillon|Substitute|p2a: Vivillon\n|-start|p2a: Vivillon|Substitute\n|-damage|p2a: Vivillon|76\/100\n|cant|p1a: Elfalo|slp\n|\n|-heal|p2a: Vivillon|82\/100|[from] item: Leftovers\n|upkeep\n|turn|32\n|\n|t:|1701027143\n|move|p2a: Vivillon|Hurricane|p1a: Elfalo|[miss]\n|-miss|p2a: Vivillon|p1a: Elfalo\n|-curestatus|p1a: Elfalo|slp|[msg]\n|move|p1a: Elfalo|Ice Beam|p2a: Vivillon\n|-supereffective|p2a: Vivillon\n|-end|p2a: Vivillon|Substitute\n|\n|-heal|p2a: Vivillon|88\/100|[from] item: Leftovers\n|upkeep\n|turn|33\n|\n|t:|1701027154\n|move|p2a: Vivillon|Sleep Powder|p1a: Elfalo\n|-status|p1a: Elfalo|slp|[from] move: Sleep Powder\n|cant|p1a: Elfalo|slp\n|\n|-heal|p2a: Vivillon|94\/100|[from] item: Leftovers\n|upkeep\n|turn|34\n|c|\u2606TutsTheNoob|muito bom\n|\n|t:|1701027165\n|move|p2a: Vivillon|Substitute|p2a: Vivillon\n|-start|p2a: Vivillon|Substitute\n|-damage|p2a: Vivillon|69\/100\n|-curestatus|p1a: Elfalo|slp|[msg]\n|move|p1a: Elfalo|Substitute|p1a: Elfalo\n|-start|p1a: Elfalo|Substitute\n|-damage|p1a: Elfalo|75\/100\n|\n|-heal|p2a: Vivillon|75\/100|[from] item: Leftovers\n|-heal|p1a: Elfalo|82\/100|[from] item: Leftovers\n|upkeep\n|turn|35\n|\n|t:|1701027175\n|move|p2a: Vivillon|Hurricane|p1a: Elfalo\n|-end|p1a: Elfalo|Substitute\n|move|p1a: Elfalo|Ice Beam|p2a: Vivillon\n|-supereffective|p2a: Vivillon\n|-end|p2a: Vivillon|Substitute\n|\n|-heal|p2a: Vivillon|81\/100|[from] item: Leftovers\n|-heal|p1a: Elfalo|88\/100|[from] item: Leftovers\n|upkeep\n|turn|36\n|\n|t:|1701027186\n|move|p2a: Vivillon|Sleep Powder|p1a: Elfalo\n|-status|p1a: Elfalo|slp|[from] move: Sleep Powder\n|cant|p1a: Elfalo|slp\n|\n|-heal|p2a: Vivillon|87\/100|[from] item: Leftovers\n|-heal|p1a: Elfalo|94\/100 slp|[from] item: Leftovers\n|upkeep\n|turn|37\n|c|\u2606TutsTheNoob|tu \u00e9 bom mano\n|\n|t:|1701027199\n|move|p2a: Vivillon|Substitute|p2a: Vivillon\n|-start|p2a: Vivillon|Substitute\n|-damage|p2a: Vivillon|62\/100\n|-curestatus|p1a: Elfalo|slp|[msg]\n|move|p1a: Elfalo|Substitute|p1a: Elfalo\n|-start|p1a: Elfalo|Substitute\n|-damage|p1a: Elfalo|69\/100\n|\n|-heal|p2a: Vivillon|68\/100|[from] item: Leftovers\n|-heal|p1a: Elfalo|75\/100|[from] item: Leftovers\n|upkeep\n|turn|38\n|\n|t:|1701027214\n|move|p2a: Vivillon|Hurricane|p1a: Elfalo\n|-crit|p1a: Elfalo\n|-end|p1a: Elfalo|Substitute\n|move|p1a: Elfalo|Ice Beam|p2a: Vivillon\n|-supereffective|p2a: Vivillon\n|-end|p2a: Vivillon|Substitute\n|\n|-heal|p2a: Vivillon|74\/100|[from] item: Leftovers\n|-heal|p1a: Elfalo|82\/100|[from] item: Leftovers\n|upkeep\n|turn|39\n|\n|t:|1701027225\n|move|p2a: Vivillon|Sleep Powder|p1a: Elfalo\n|-status|p1a: Elfalo|slp|[from] move: Sleep Powder\n|cant|p1a: Elfalo|slp\n|\n|-heal|p2a: Vivillon|80\/100|[from] item: Leftovers\n|-heal|p1a: Elfalo|88\/100 slp|[from] item: Leftovers\n|upkeep\n|turn|40\n|\n|t:|1701027234\n|move|p2a: Vivillon|Hurricane|p1a: Elfalo\n|-damage|p1a: Elfalo|2\/100 slp\n|-start|p1a: Elfalo|confusion\n|-curestatus|p1a: Elfalo|slp|[msg]\n|-activate|p1a: Elfalo|confusion\n|move|p1a: Elfalo|Substitute|p1a: Elfalo\n|-fail|p1a: Elfalo|move: Substitute|[weak]\n|\n|-heal|p2a: Vivillon|86\/100|[from] item: Leftovers\n|-heal|p1a: Elfalo|8\/100|[from] item: Leftovers\n|upkeep\n|turn|41\n|\n|t:|1701027247\n|move|p2a: Vivillon|Sleep Powder|p1a: Elfalo\n|-status|p1a: Elfalo|slp|[from] move: Sleep Powder\n|cant|p1a: Elfalo|slp\n|\n|-heal|p2a: Vivillon|92\/100|[from] item: Leftovers\n|-heal|p1a: Elfalo|15\/100 slp|[from] item: Leftovers\n|upkeep\n|turn|42\n|\n|t:|1701027256\n|move|p2a: Vivillon|Hurricane|p1a: Elfalo\n|-damage|p1a: Elfalo|0 fnt\n|faint|p1a: Elfalo\n|\n|-heal|p2a: Vivillon|98\/100|[from] item: Leftovers\n|upkeep\n|inactive|Casas Piadas has 120 seconds left.\n|\n|t:|1701027289\n|switch|p1a: Apennas|Gardevoir, M, shiny|45\/100 tox\n|turn|43\n|\n|t:|1701027294\n|move|p2a: Vivillon|Hurricane|p1a: Apennas\n|-damage|p1a: Apennas|0 fnt\n|faint|p1a: Apennas\n|\n|-heal|p2a: Vivillon|100\/100|[from] item: Leftovers\n|upkeep\n|\n|t:|1701027302\n|switch|p1a: Una|Hatterene, F|100\/100\n|turn|44\n|c|\u2606Casas Piadas|I see this as gae\n|inactive|Casas Piadas has 120 seconds left.\n|\n|t:|1701027320\n|move|p2a: Vivillon|Sleep Powder|p1a: Una\n|-status|p1a: Una|slp|[from] move: Sleep Powder\n|cant|p1a: Una|slp\n|\n|upkeep\n|turn|45\n|\n|t:|1701027331\n|-terastallize|p1a: Una|Ghost\n|move|p2a: Vivillon|Hurricane|p1a: Una\n|-damage|p1a: Una|0 fnt\n|faint|p1a: Una\n|\n|win|TutsTheNoob\n|raw|Casas Piadas's rating: 1155 &rarr; <strong>1128<\/strong><br \/>(-27 for losing)\n|raw|TutsTheNoob's rating: 1133 &rarr; <strong>1160<\/strong><br \/>(+27 for winning)\n|c|\u2606TutsTheNoob|g\n|c|\u2606TutsTheNoob|ggg\n|c|\u2606Casas Piadas|Nah\n","uploadtime":1701027341,"views":6,"p1id":"casaspiadas","p2id":"tutsthenoob","formatid":"gen9anythinggoes","rating":1128,"private":0,"password":""}