{"id":"gen9anythinggoes-1971781511","p1":"Primordial Rekkuza","p2":"Tvrtko420","format":"[Gen 9] Anything Goes","log":"|j|\u2606Primordial Rekkuza\n|j|\u2606Tvrtko420\n|t:|1697771548\n|gametype|singles\n|player|p1|Primordial Rekkuza|alec-anime|1689\n|player|p2|Tvrtko420|red-masters2|1766\n|teamsize|p1|6\n|teamsize|p2|6\n|gen|9\n|tier|[Gen 9] Anything Goes\n|rated|\n|rule|HP Percentage Mod: HP is shown in percentages\n|rule|Endless Battle Clause: Forcing endless battles is banned\n|clearpoke\n|poke|p1|Hatterene, F|\n|poke|p1|Koraidon|\n|poke|p1|Arceus-Dark|\n|poke|p1|Skeledirge, F|\n|poke|p1|Eternatus|\n|poke|p1|Ting-Lu|\n|poke|p2|Calyrex-Shadow|\n|poke|p2|Koraidon|\n|poke|p2|Arceus|\n|poke|p2|Zacian-*|\n|poke|p2|Koraidon|\n|poke|p2|Leavanny, F|\n|teampreview\n|inactive|Battle timer is ON: inactive players will automatically lose when time's up. (requested by Primordial Rekkuza)\n|\n|t:|1697771562\n|start\n|switch|p1a: Skeledirge|Skeledirge, F|100\/100\n|switch|p2a: Koraidon|Koraidon|100\/100\n|-weather|SunnyDay|[from] ability: Orichalcum Pulse|[of] p2a: Koraidon\n|-activate|p2a: Koraidon|Orichalcum Pulse|[source]\n|turn|1\n|\n|t:|1697771569\n|move|p2a: Koraidon|U-turn|p1a: Skeledirge\n|-resisted|p1a: Skeledirge\n|-damage|p1a: Skeledirge|96\/100\n|\n|t:|1697771572\n|switch|p2a: Leavanny|Leavanny, F|100\/100|[from] U-turn\n|move|p1a: Skeledirge|Torch Song|p2a: Leavanny\n|-supereffective|p2a: Leavanny\n|-enditem|p2a: Leavanny|Focus Sash\n|-damage|p2a: Leavanny|1\/100\n|-boost|p1a: Skeledirge|spa|1\n|\n|-weather|SunnyDay|[upkeep]\n|upkeep\n|turn|2\n|\n|t:|1697771585\n|switch|p1a: Hatterene|Hatterene, F|100\/100\n|move|p2a: Leavanny|Air Slash|p1a: Hatterene\n|-damage|p1a: Hatterene|82\/100\n|\n|-weather|SunnyDay|[upkeep]\n|-heal|p1a: Hatterene|88\/100|[from] item: Leftovers\n|upkeep\n|turn|3\n|\n|t:|1697771592\n|switch|p2a: Koraidon|Koraidon|100\/100\n|-activate|p2a: Koraidon|ability: Orichalcum Pulse\n|move|p1a: Hatterene|Nuzzle|p2a: Koraidon\n|-resisted|p2a: Koraidon\n|-damage|p2a: Koraidon|99\/100\n|-status|p2a: Koraidon|par\n|\n|-weather|SunnyDay|[upkeep]\n|-heal|p1a: Hatterene|94\/100|[from] item: Leftovers\n|upkeep\n|turn|4\n|\n|t:|1697771598\n|move|p2a: Koraidon|U-turn|p1a: Hatterene\n|-damage|p1a: Hatterene|65\/100\n|\n|t:|1697771607\n|switch|p2a: Arceus|Arceus|100\/100|[from] U-turn\n|move|p1a: Hatterene|Draining Kiss|p2a: Arceus\n|-damage|p2a: Arceus|85\/100\n|-heal|p1a: Hatterene|81\/100|[from] drain|[of] p2a: Arceus\n|\n|-weather|SunnyDay|[upkeep]\n|-heal|p2a: Arceus|91\/100|[from] item: Leftovers\n|-heal|p1a: Hatterene|87\/100|[from] item: Leftovers\n|upkeep\n|turn|5\n|\n|t:|1697771611\n|switch|p1a: Arceus|Arceus-Dark|100\/100\n|move|p2a: Arceus|Shadow Claw|p1a: Arceus\n|-resisted|p1a: Arceus\n|-damage|p1a: Arceus|94\/100\n|\n|-weather|none\n|-heal|p2a: Arceus|97\/100|[from] item: Leftovers\n|upkeep\n|turn|6\n|\n|t:|1697771616\n|move|p2a: Arceus|Taunt|p1a: Arceus\n|-start|p1a: Arceus|move: Taunt\n|cant|p1a: Arceus|move: Taunt|Will-O-Wisp\n|\n|-heal|p2a: Arceus|100\/100|[from] item: Leftovers\n|upkeep\n|turn|7\n|\n|t:|1697771620\n|switch|p2a: Koraidon|Koraidon|99\/100 par\n|-weather|SunnyDay|[from] ability: Orichalcum Pulse|[of] p2a: Koraidon\n|-activate|p2a: Koraidon|Orichalcum Pulse|[source]\n|move|p1a: Arceus|Foul Play|p2a: Koraidon\n|-resisted|p2a: Koraidon\n|-damage|p2a: Koraidon|70\/100 par\n|\n|-weather|SunnyDay|[upkeep]\n|upkeep\n|turn|8\n|\n|t:|1697771624\n|switch|p1a: Skeledirge|Skeledirge, F|96\/100\n|cant|p2a: Koraidon|par\n|\n|-weather|SunnyDay|[upkeep]\n|upkeep\n|turn|9\n|\n|t:|1697771630\n|cant|p2a: Koraidon|par\n|move|p1a: Skeledirge|Torch Song|p2a: Koraidon\n|-resisted|p2a: Koraidon\n|-damage|p2a: Koraidon|48\/100 par\n|-boost|p1a: Skeledirge|spa|1\n|\n|-weather|SunnyDay|[upkeep]\n|upkeep\n|turn|10\n|\n|t:|1697771636\n|move|p2a: Koraidon|U-turn|p1a: Skeledirge\n|-resisted|p1a: Skeledirge\n|-damage|p1a: Skeledirge|91\/100\n|\n|t:|1697771650\n|switch|p2a: Arceus|Arceus|100\/100|[from] U-turn\n|move|p1a: Skeledirge|Torch Song|p2a: Arceus\n|-damage|p2a: Arceus|57\/100\n|-boost|p1a: Skeledirge|spa|1\n|\n|-weather|SunnyDay|[upkeep]\n|-heal|p2a: Arceus|63\/100|[from] item: Leftovers\n|upkeep\n|turn|11\n|\n|t:|1697771661\n|move|p2a: Arceus|Taunt|p1a: Skeledirge\n|-start|p1a: Skeledirge|move: Taunt\n|move|p1a: Skeledirge|Torch Song|p2a: Arceus\n|-damage|p2a: Arceus|4\/100\n|-boost|p1a: Skeledirge|spa|1\n|\n|-weather|none\n|-heal|p2a: Arceus|10\/100|[from] item: Leftovers\n|upkeep\n|turn|12\n|\n|t:|1697771667\n|switch|p1a: Arceus|Arceus-Dark|94\/100\n|move|p2a: Arceus|Shadow Claw|p1a: Arceus\n|-resisted|p1a: Arceus\n|-damage|p1a: Arceus|88\/100\n|\n|-heal|p2a: Arceus|16\/100|[from] item: Leftovers\n|upkeep\n|turn|13\n|\n|t:|1697771673\n|switch|p2a: Koraidon|Koraidon|48\/100 par\n|-weather|SunnyDay|[from] ability: Orichalcum Pulse|[of] p2a: Koraidon\n|-activate|p2a: Koraidon|Orichalcum Pulse|[source]\n|move|p1a: Arceus|Foul Play|p2a: Koraidon\n|-resisted|p2a: Koraidon\n|-damage|p2a: Koraidon|19\/100 par\n|\n|-weather|SunnyDay|[upkeep]\n|upkeep\n|turn|14\n|\n|t:|1697771680\n|switch|p1a: Skeledirge|Skeledirge, F|91\/100\n|cant|p2a: Koraidon|par\n|\n|-weather|SunnyDay|[upkeep]\n|upkeep\n|turn|15\n|\n|t:|1697771686\n|move|p2a: Koraidon|Taunt|p1a: Skeledirge\n|-start|p1a: Skeledirge|move: Taunt\n|move|p1a: Skeledirge|Torch Song|p2a: Koraidon\n|-resisted|p2a: Koraidon\n|-damage|p2a: Koraidon|0 fnt\n|-boost|p1a: Skeledirge|spa|1\n|faint|p2a: Koraidon\n|\n|-weather|SunnyDay|[upkeep]\n|upkeep\n|\n|t:|1697771690\n|switch|p2a: Arceus|Arceus|16\/100\n|turn|16\n|\n|t:|1697771693\n|switch|p1a: Arceus|Arceus-Dark|88\/100\n|move|p2a: Arceus|Shadow Claw|p1a: Arceus\n|-resisted|p1a: Arceus\n|-damage|p1a: Arceus|82\/100\n|\n|-weather|SunnyDay|[upkeep]\n|-heal|p2a: Arceus|22\/100|[from] item: Leftovers\n|upkeep\n|turn|17\n|\n|t:|1697771698\n|move|p2a: Arceus|Taunt|p1a: Arceus\n|-start|p1a: Arceus|move: Taunt\n|move|p1a: Arceus|Foul Play|p2a: Arceus\n|-damage|p2a: Arceus|0 fnt\n|faint|p2a: Arceus\n|\n|-weather|none\n|upkeep\n|\n|t:|1697771728\n|switch|p2a: Zacian|Zacian-Crowned|100\/100\n|-ability|p2a: Zacian|Intrepid Sword|boost\n|-boost|p2a: Zacian|atk|1\n|turn|18\n|j| WHOISBACKTPRADO\n|\n|t:|1697771738\n|switch|p2a: Calyrex|Calyrex-Shadow|100\/100\n|-ability|p2a: Calyrex|As One\n|-ability|p2a: Calyrex|Unnerve\n|switch|p1a: Skeledirge|Skeledirge, F|91\/100\n|\n|upkeep\n|turn|19\n|\n|t:|1697771743\n|switch|p1a: Ting-Lu|Ting-Lu|100\/100\n|-ability|p1a: Ting-Lu|Vessel of Ruin\n|move|p2a: Calyrex|Nasty Plot|p2a: Calyrex\n|-boost|p2a: Calyrex|spa|2\n|\n|upkeep\n|turn|20\n|l| WHOISBACKTPRADO\n|\n|t:|1697771752\n|move|p2a: Calyrex|Taunt|p1a: Ting-Lu\n|-start|p1a: Ting-Lu|move: Taunt\n|cant|p1a: Ting-Lu|move: Taunt|Whirlwind\n|\n|upkeep\n|turn|21\n|\n|t:|1697771755\n|move|p2a: Calyrex|Nasty Plot|p2a: Calyrex\n|-boost|p2a: Calyrex|spa|2\n|move|p1a: Ting-Lu|Earthquake|p2a: Calyrex\n|-damage|p2a: Calyrex|63\/100\n|\n|-heal|p2a: Calyrex|69\/100|[from] item: Leftovers\n|upkeep\n|turn|22\n|\n|t:|1697771769\n|-terastallize|p1a: Ting-Lu|Poison\n|move|p2a: Calyrex|Giga Drain|p1a: Ting-Lu\n|-resisted|p1a: Ting-Lu\n|-damage|p1a: Ting-Lu|80\/100\n|-heal|p2a: Calyrex|83\/100|[from] drain|[of] p1a: Ting-Lu\n|move|p1a: Ting-Lu|Earthquake|p2a: Calyrex\n|-damage|p2a: Calyrex|45\/100\n|\n|-heal|p2a: Calyrex|51\/100|[from] item: Leftovers\n|-heal|p1a: Ting-Lu|87\/100|[from] item: Leftovers\n|-end|p1a: Ting-Lu|move: Taunt\n|upkeep\n|turn|23\n|\n|t:|1697771773\n|move|p2a: Calyrex|Astral Barrage|p1a: Ting-Lu\n|-crit|p1a: Ting-Lu\n|-damage|p1a: Ting-Lu|0 fnt\n|faint|p1a: Ting-Lu\n|-ability|p2a: Calyrex|Grim Neigh|boost\n|-boost|p2a: Calyrex|spa|1\n|\n|-heal|p2a: Calyrex|57\/100|[from] item: Leftovers\n|upkeep\n|\n|t:|1697771776\n|switch|p1a: Koraidon|Koraidon|100\/100\n|-weather|SunnyDay|[from] ability: Orichalcum Pulse|[of] p1a: Koraidon\n|-activate|p1a: Koraidon|Orichalcum Pulse|[source]\n|turn|24\n|\n|t:|1697771785\n|switch|p2a: Leavanny|Leavanny, F|1\/100\n|move|p1a: Koraidon|Flare Blitz|p2a: Leavanny\n|-supereffective|p2a: Leavanny\n|-damage|p2a: Leavanny|0 fnt\n|faint|p2a: Leavanny\n|-damage|p1a: Koraidon|99\/100|[from] Recoil\n|\n|-weather|SunnyDay|[upkeep]\n|upkeep\n|\n|t:|1697771787\n|switch|p2a: Koraidon|Koraidon|100\/100\n|-activate|p2a: Koraidon|ability: Orichalcum Pulse\n|turn|25\n|\n|t:|1697771792\n|switch|p1a: Skeledirge|Skeledirge, F|91\/100\n|move|p2a: Koraidon|Swords Dance|p2a: Koraidon\n|-boost|p2a: Koraidon|atk|2\n|\n|-weather|SunnyDay|[upkeep]\n|upkeep\n|turn|26\n|\n|t:|1697771796\n|move|p2a: Koraidon|Scale Shot|p1a: Skeledirge|[miss]\n|-miss|p2a: Koraidon|p1a: Skeledirge\n|move|p1a: Skeledirge|Will-O-Wisp|p2a: Koraidon|[miss]\n|-miss|p1a: Skeledirge|p2a: Koraidon\n|\n|-weather|SunnyDay|[upkeep]\n|upkeep\n|turn|27\n|\n|t:|1697771803\n|switch|p2a: Calyrex|Calyrex-Shadow|57\/100\n|-ability|p2a: Calyrex|As One\n|-ability|p2a: Calyrex|Unnerve\n|move|p1a: Skeledirge|Will-O-Wisp|p2a: Calyrex\n|-status|p2a: Calyrex|brn\n|\n|-weather|SunnyDay|[upkeep]\n|-heal|p2a: Calyrex|63\/100 brn|[from] item: Leftovers\n|-damage|p2a: Calyrex|57\/100 brn|[from] brn\n|upkeep\n|turn|28\n|\n|t:|1697771809\n|switch|p1a: Eternatus|Eternatus, shiny|100\/100\n|-ability|p1a: Eternatus|Pressure\n|move|p2a: Calyrex|Astral Barrage|p1a: Eternatus\n|-damage|p1a: Eternatus|62\/100\n|\n|-weather|none\n|-heal|p2a: Calyrex|63\/100 brn|[from] item: Leftovers\n|-heal|p1a: Eternatus|69\/100|[from] item: Leftovers\n|-damage|p2a: Calyrex|57\/100 brn|[from] brn\n|upkeep\n|turn|29\n|\n|t:|1697771817\n|move|p2a: Calyrex|Nasty Plot|p2a: Calyrex\n|-boost|p2a: Calyrex|spa|2\n|move|p1a: Eternatus|Recover|p1a: Eternatus\n|-heal|p1a: Eternatus|100\/100\n|\n|-heal|p2a: Calyrex|63\/100 brn|[from] item: Leftovers\n|-damage|p2a: Calyrex|57\/100 brn|[from] brn\n|upkeep\n|turn|30\n|\n|t:|1697771828\n|move|p2a: Calyrex|Astral Barrage|p1a: Eternatus\n|-damage|p1a: Eternatus|26\/100\n|move|p1a: Eternatus|Dragon Tail|p2a: Calyrex\n|-damage|p2a: Calyrex|40\/100 brn\n|drag|p2a: Koraidon|Koraidon|100\/100\n|-weather|SunnyDay|[from] ability: Orichalcum Pulse|[of] p2a: Koraidon\n|-activate|p2a: Koraidon|Orichalcum Pulse|[source]\n|\n|-weather|SunnyDay|[upkeep]\n|-heal|p1a: Eternatus|32\/100|[from] item: Leftovers\n|upkeep\n|turn|31\n|\n|t:|1697771836\n|switch|p1a: Skeledirge|Skeledirge, F|91\/100\n|move|p2a: Koraidon|Scale Shot|p1a: Skeledirge|[miss]\n|-miss|p2a: Koraidon|p1a: Skeledirge\n|\n|-weather|SunnyDay|[upkeep]\n|upkeep\n|turn|32\n|c|\u2606Tvrtko420|lol\n|\n|t:|1697771844\n|move|p2a: Koraidon|Scale Shot|p1a: Skeledirge\n|-damage|p1a: Skeledirge|79\/100\n|-damage|p1a: Skeledirge|67\/100\n|-damage|p1a: Skeledirge|57\/100\n|-damage|p1a: Skeledirge|46\/100\n|-damage|p1a: Skeledirge|33\/100\n|-hitcount|p1a: Skeledirge|5\n|-unboost|p2a: Koraidon|def|1\n|-boost|p2a: Koraidon|spe|1\n|move|p1a: Skeledirge|Torch Song|p2a: Koraidon\n|-resisted|p2a: Koraidon\n|-damage|p2a: Koraidon|80\/100\n|-boost|p1a: Skeledirge|spa|1\n|\n|-weather|SunnyDay|[upkeep]\n|upkeep\n|turn|33\n|\n|t:|1697771854\n|switch|p1a: Hatterene|Hatterene, F|87\/100\n|move|p2a: Koraidon|Scale Shot|p1a: Hatterene\n|-immune|p1a: Hatterene\n|\n|-weather|SunnyDay|[upkeep]\n|-heal|p1a: Hatterene|93\/100|[from] item: Leftovers\n|upkeep\n|turn|34\n|\n|t:|1697771868\n|move|p2a: Koraidon|Flare Blitz|p1a: Hatterene\n|-damage|p1a: Hatterene|22\/100\n|-damage|p2a: Koraidon|61\/100|[from] Recoil\n|move|p1a: Hatterene|Draining Kiss|p2a: Koraidon\n|-supereffective|p2a: Koraidon\n|-damage|p2a: Koraidon|0 fnt\n|-heal|p1a: Hatterene|78\/100|[from] drain|[of] p2a: Koraidon\n|faint|p2a: Koraidon\n|\n|-weather|none\n|-heal|p1a: Hatterene|84\/100|[from] item: Leftovers\n|upkeep\n|inactive|Tvrtko420 has 120 seconds left.\n|\n|t:|1697771897\n|switch|p2a: Calyrex|Calyrex-Shadow|40\/100 brn\n|-ability|p2a: Calyrex|As One\n|-ability|p2a: Calyrex|Unnerve\n|turn|35\n|\n|t:|1697771912\n|switch|p1a: Eternatus|Eternatus, shiny|32\/100\n|-ability|p1a: Eternatus|Pressure\n|move|p2a: Calyrex|Astral Barrage|p1a: Eternatus\n|-damage|p1a: Eternatus|0 fnt\n|faint|p1a: Eternatus\n|-ability|p2a: Calyrex|Grim Neigh|boost\n|-boost|p2a: Calyrex|spa|1\n|\n|-heal|p2a: Calyrex|46\/100 brn|[from] item: Leftovers\n|-damage|p2a: Calyrex|40\/100 brn|[from] brn\n|upkeep\n|\n|t:|1697771915\n|switch|p1a: Koraidon|Koraidon|99\/100\n|-weather|SunnyDay|[from] ability: Orichalcum Pulse|[of] p1a: Koraidon\n|-activate|p1a: Koraidon|Orichalcum Pulse|[source]\n|turn|36\n|\n|t:|1697771935\n|move|p1a: Koraidon|Flare Blitz|p2a: Calyrex\n|-damage|p2a: Calyrex|0 fnt\n|faint|p2a: Calyrex\n|-damage|p1a: Koraidon|87\/100|[from] Recoil\n|\n|-weather|SunnyDay|[upkeep]\n|upkeep\n|\n|t:|1697771937\n|switch|p2a: Zacian|Zacian-Crowned|100\/100\n|turn|37\n|\n|t:|1697771945\n|-terastallize|p2a: Zacian|Normal\n|move|p1a: Koraidon|Flare Blitz|p2a: Zacian\n|-damage|p2a: Zacian|20\/100\n|-damage|p1a: Koraidon|60\/100|[from] Recoil\n|move|p2a: Zacian|Play Rough|p1a: Koraidon\n|-supereffective|p1a: Koraidon\n|-damage|p1a: Koraidon|0 fnt\n|faint|p1a: Koraidon\n|\n|-weather|SunnyDay|[upkeep]\n|upkeep\n|\n|t:|1697771956\n|switch|p1a: Skeledirge|Skeledirge, F|33\/100\n|turn|38\n|\n|t:|1697771961\n|move|p2a: Zacian|Psychic Fangs|p1a: Skeledirge\n|-damage|p1a: Skeledirge|13\/100\n|move|p1a: Skeledirge|Torch Song|p2a: Zacian\n|-damage|p2a: Zacian|0 fnt\n|-boost|p1a: Skeledirge|spa|1\n|faint|p2a: Zacian\n|\n|win|Primordial Rekkuza\n|raw|Primordial Rekkuza's rating: 1689 &rarr; <strong>1713<\/strong><br \/>(+24 for winning)\n|raw|Tvrtko420's rating: 1766 &rarr; <strong>1742<\/strong><br \/>(-24 for losing)\n|l|\u2606Tvrtko420\n","uploadtime":1697771975,"views":10,"p1id":"primordialrekkuza","p2id":"tvrtko420","formatid":"gen9anythinggoes","rating":1713,"private":0,"password":""}