{"id":"gen9anythinggoes-1983254775","p1":"papahue","p2":"mck23","format":"[Gen 9] Anything Goes","log":"|j|\u2606papahue\n|j|\u2606mck23\n|t:|1699110922\n|gametype|singles\n|player|p1|papahue|2|1327\n|player|p2|mck23|cynthia|1343\n|teamsize|p1|6\n|teamsize|p2|6\n|gen|9\n|tier|[Gen 9] Anything Goes\n|rated|\n|rule|HP Percentage Mod: HP is shown in percentages\n|rule|Endless Battle Clause: Forcing endless battles is banned\n|clearpoke\n|poke|p1|Espathra, F|\n|poke|p1|Braixen, F|\n|poke|p1|Grimmsnarl, M|\n|poke|p1|Torkoal, M|\n|poke|p1|Vaporeon, F|\n|poke|p1|Meowscarada, F|\n|poke|p2|Glimmora, F|\n|poke|p2|Regieleki|\n|poke|p2|Volcarona, F|\n|poke|p2|Ogerpon-Wellspring, F|\n|poke|p2|Gliscor, M|\n|poke|p2|Drifblim, M|\n|teampreview\n|inactive|Battle timer is ON: inactive players will automatically lose when time's up. (requested by mck23)\n|\n|t:|1699110930\n|start\n|switch|p1a: Salacia|Vaporeon, F|100\/100\n|switch|p2a: Britney|Glimmora, F|100\/100\n|turn|1\n|\n|t:|1699110949\n|switch|p2a: Shrek's Daughter|Ogerpon-Wellspring, F|100\/100\n|move|p1a: Salacia|Hydro Pump|p2a: Shrek's Daughter\n|-immune|p2a: Shrek's Daughter|[from] ability: Water Absorb\n|\n|upkeep\n|turn|2\n|\n|t:|1699110954\n|switch|p1a: Oog|Torkoal, M|100\/100\n|-weather|SunnyDay|[from] ability: Drought|[of] p1a: Oog\n|move|p2a: Shrek's Daughter|Swords Dance|p2a: Shrek's Daughter\n|-boost|p2a: Shrek's Daughter|atk|2\n|\n|-weather|SunnyDay|[upkeep]\n|upkeep\n|turn|3\n|\n|t:|1699110959\n|move|p2a: Shrek's Daughter|Ivy Cudgel|p1a: Oog\n|-supereffective|p1a: Oog\n|-damage|p1a: Oog|24\/100\n|move|p1a: Oog|Clear Smog|p2a: Shrek's Daughter\n|-supereffective|p2a: Shrek's Daughter\n|-damage|p2a: Shrek's Daughter|77\/100\n|-clearboost|p2a: Shrek's Daughter\n|\n|-weather|SunnyDay|[upkeep]\n|upkeep\n|turn|4\n|\n|t:|1699110964\n|move|p2a: Shrek's Daughter|Ivy Cudgel|p1a: Oog\n|-supereffective|p1a: Oog\n|-damage|p1a: Oog|0 fnt\n|faint|p1a: Oog\n|\n|-weather|SunnyDay|[upkeep]\n|upkeep\n|\n|t:|1699110968\n|switch|p1a: Ronald G. Snarls|Grimmsnarl, M|100\/100\n|turn|5\n|\n|t:|1699110972\n|switch|p2a: zip zap|Regieleki|100\/100\n|move|p1a: Ronald G. Snarls|Reflect|p1a: Ronald G. Snarls\n|-sidestart|p1: papahue|Reflect\n|\n|-weather|SunnyDay|[upkeep]\n|upkeep\n|turn|6\n|\n|t:|1699110978\n|move|p1a: Ronald G. Snarls|Light Screen|p1a: Ronald G. Snarls\n|-sidestart|p1: papahue|move: Light Screen\n|move|p2a: zip zap|Thunder Wave|p1a: Ronald G. Snarls\n|-status|p1a: Ronald G. Snarls|par\n|\n|-weather|none\n|upkeep\n|turn|7\n|\n|t:|1699110981\n|move|p2a: zip zap|Volt Switch|p1a: Ronald G. Snarls\n|-damage|p1a: Ronald G. Snarls|78\/100 par\n|\n|t:|1699110991\n|switch|p2a: Sun|Volcarona, F, shiny|100\/100|[from] Volt Switch\n|move|p1a: Ronald G. Snarls|Play Rough|p2a: Sun\n|-resisted|p2a: Sun\n|-damage|p2a: Sun|68\/100\n|\n|upkeep\n|turn|8\n|\n|t:|1699110995\n|move|p1a: Ronald G. Snarls|Parting Shot|p2a: Sun\n|-unboost|p2a: Sun|atk|1\n|-unboost|p2a: Sun|spa|1\n|\n|t:|1699110999\n|switch|p1a: Salacia|Vaporeon, F|100\/100|[from] Parting Shot\n|move|p2a: Sun|Bug Buzz|p1a: Salacia\n|-damage|p1a: Salacia|89\/100\n|\n|-heal|p1a: Salacia|95\/100|[from] item: Leftovers\n|upkeep\n|turn|9\n|\n|t:|1699111007\n|move|p2a: Sun|Giga Drain|p1a: Salacia\n|-supereffective|p1a: Salacia\n|-damage|p1a: Salacia|81\/100\n|-heal|p2a: Sun|76\/100|[from] drain|[of] p1a: Salacia\n|move|p1a: Salacia|Substitute|p1a: Salacia\n|-start|p1a: Salacia|Substitute\n|-damage|p1a: Salacia|56\/100\n|\n|-heal|p1a: Salacia|63\/100|[from] item: Leftovers\n|upkeep\n|turn|10\n|\n|t:|1699111010\n|move|p2a: Sun|Quiver Dance|p2a: Sun\n|-boost|p2a: Sun|spa|1\n|-boost|p2a: Sun|spd|1\n|-boost|p2a: Sun|spe|1\n|move|p1a: Salacia|Hydro Pump|p2a: Sun|[miss]\n|-miss|p1a: Salacia|p2a: Sun\n|\n|-heal|p1a: Salacia|69\/100|[from] item: Leftovers\n|upkeep\n|turn|11\n|\n|t:|1699111014\n|move|p2a: Sun|Quiver Dance|p2a: Sun\n|-boost|p2a: Sun|spa|1\n|-boost|p2a: Sun|spd|1\n|-boost|p2a: Sun|spe|1\n|move|p1a: Salacia|Hydro Pump|p2a: Sun|[miss]\n|-miss|p1a: Salacia|p2a: Sun\n|\n|-heal|p1a: Salacia|75\/100|[from] item: Leftovers\n|upkeep\n|turn|12\n|\n|t:|1699111023\n|move|p2a: Sun|Giga Drain|p1a: Salacia\n|-supereffective|p1a: Salacia\n|-end|p1a: Salacia|Substitute\n|-heal|p2a: Sun|92\/100|[from] drain|[of] p1a: Salacia\n|move|p1a: Salacia|Haze|p1a: Salacia\n|-clearallboost\n|\n|-heal|p1a: Salacia|81\/100|[from] item: Leftovers\n|-sideend|p1: papahue|Reflect\n|upkeep\n|turn|13\n|\n|t:|1699111026\n|move|p2a: Sun|Giga Drain|p1a: Salacia\n|-supereffective|p1a: Salacia\n|-crit|p1a: Salacia\n|-damage|p1a: Salacia|21\/100\n|-heal|p2a: Sun|100\/100|[from] drain|[of] p1a: Salacia\n|move|p1a: Salacia|Hydro Pump|p2a: Sun\n|-supereffective|p2a: Sun\n|-damage|p2a: Sun|11\/100\n|\n|-heal|p1a: Salacia|28\/100|[from] item: Leftovers\n|-sideend|p1: papahue|move: Light Screen\n|upkeep\n|turn|14\n|\n|t:|1699111031\n|move|p2a: Sun|Giga Drain|p1a: Salacia\n|-supereffective|p1a: Salacia\n|-damage|p1a: Salacia|0 fnt\n|-heal|p2a: Sun|28\/100|[from] drain|[of] p1a: Salacia\n|faint|p1a: Salacia\n|\n|upkeep\n|\n|t:|1699111036\n|switch|p1a: Anat|Espathra, F|100\/100\n|turn|15\n|\n|t:|1699111041\n|move|p1a: Anat|Protect|p1a: Anat\n|-singleturn|p1a: Anat|Protect\n|move|p2a: Sun|Bug Buzz|p1a: Anat\n|-activate|p1a: Anat|move: Protect\n|\n|-ability|p1a: Anat|Speed Boost|boost\n|-boost|p1a: Anat|spe|1\n|upkeep\n|turn|16\n|\n|t:|1699111044\n|move|p1a: Anat|Calm Mind|p1a: Anat\n|-boost|p1a: Anat|spa|1\n|-boost|p1a: Anat|spd|1\n|move|p2a: Sun|Bug Buzz|p1a: Anat\n|-supereffective|p1a: Anat\n|-damage|p1a: Anat|36\/100\n|-enditem|p1a: Anat|Weakness Policy\n|-boost|p1a: Anat|atk|2|[from] item: Weakness Policy\n|-boost|p1a: Anat|spa|2|[from] item: Weakness Policy\n|\n|-ability|p1a: Anat|Speed Boost|boost\n|-boost|p1a: Anat|spe|1\n|upkeep\n|turn|17\n|\n|t:|1699111058\n|move|p1a: Anat|Protect|p1a: Anat\n|-singleturn|p1a: Anat|Protect\n|move|p2a: Sun|Bug Buzz|p1a: Anat\n|-activate|p1a: Anat|move: Protect\n|\n|-ability|p1a: Anat|Speed Boost|boost\n|-boost|p1a: Anat|spe|1\n|upkeep\n|turn|18\n|\n|t:|1699111068\n|move|p1a: Anat|Baton Pass|p1a: Anat\n|\n|t:|1699111070\n|switch|p1a: Circe|Braixen, F|100\/100|[from] Baton Pass\n|move|p2a: Sun|Bug Buzz|p1a: Circe\n|-resisted|p1a: Circe\n|-damage|p1a: Circe|85\/100\n|\n|upkeep\n|turn|19\n|\n|t:|1699111075\n|move|p1a: Circe|Flamethrower|p2a: Sun\n|-damage|p2a: Sun|0 fnt\n|faint|p2a: Sun\n|\n|upkeep\n|\n|t:|1699111080\n|switch|p2a: Britney|Glimmora, F|100\/100\n|turn|20\n|\n|t:|1699111088\n|-terastallize|p2a: Britney|Dark\n|move|p1a: Circe|Stored Power|p2a: Britney\n|-immune|p2a: Britney\n|move|p2a: Britney|Mortal Spin|p1a: Circe\n|-damage|p1a: Circe|78\/100\n|-status|p1a: Circe|psn\n|\n|-damage|p1a: Circe|66\/100 psn|[from] psn\n|upkeep\n|turn|21\n|\n|t:|1699111097\n|-terastallize|p1a: Circe|Fairy\n|move|p1a: Circe|Flamethrower|p2a: Britney\n|-enditem|p2a: Britney|Focus Sash\n|-damage|p2a: Britney|1\/100\n|move|p2a: Britney|Power Gem|p1a: Circe\n|-damage|p1a: Circe|30\/100 psn\n|\n|-damage|p1a: Circe|18\/100 psn|[from] psn\n|upkeep\n|turn|22\n|\n|t:|1699111106\n|move|p1a: Circe|Flamethrower|p2a: Britney\n|-damage|p2a: Britney|0 fnt\n|faint|p2a: Britney\n|\n|-damage|p1a: Circe|6\/100 psn|[from] psn\n|upkeep\n|\n|t:|1699111111\n|switch|p2a: BALLOONYYYY|Drifblim, M, shiny|100\/100\n|turn|23\n|\n|t:|1699111115\n|move|p1a: Circe|Flamethrower|p2a: BALLOONYYYY\n|-enditem|p2a: BALLOONYYYY|Focus Sash\n|-damage|p2a: BALLOONYYYY|1\/100\n|-status|p2a: BALLOONYYYY|brn\n|move|p2a: BALLOONYYYY|Calm Mind|p2a: BALLOONYYYY\n|-boost|p2a: BALLOONYYYY|spa|1\n|-boost|p2a: BALLOONYYYY|spd|1\n|\n|-damage|p1a: Circe|0 fnt|[from] psn\n|faint|p1a: Circe\n|-damage|p2a: BALLOONYYYY|0 fnt|[from] brn\n|faint|p2a: BALLOONYYYY\n|upkeep\n|\n|t:|1699111127\n|switch|p1a: Ronald G. Snarls|Grimmsnarl, M|78\/100 par\n|switch|p2a: zip zap|Regieleki|100\/100\n|turn|24\n|\n|t:|1699111129\n|move|p1a: Ronald G. Snarls|Light Screen|p1a: Ronald G. Snarls\n|-sidestart|p1: papahue|move: Light Screen\n|move|p2a: zip zap|Volt Switch|p1a: Ronald G. Snarls\n|-damage|p1a: Ronald G. Snarls|58\/100 par\n|\n|t:|1699111133\n|switch|p2a: Batman|Gliscor, M, shiny|100\/100|[from] Volt Switch\n|\n|-status|p2a: Batman|tox|[from] item: Toxic Orb\n|upkeep\n|turn|25\n|\n|t:|1699111138\n|move|p1a: Ronald G. Snarls|Reflect|p1a: Ronald G. Snarls\n|-sidestart|p1: papahue|Reflect\n|move|p2a: Batman|Earthquake|p1a: Ronald G. Snarls\n|-damage|p1a: Ronald G. Snarls|31\/100 par\n|\n|upkeep\n|turn|26\n|\n|t:|1699111141\n|move|p2a: Batman|Dual Wingbeat|p1a: Ronald G. Snarls\n|-damage|p1a: Ronald G. Snarls|21\/100 par\n|-damage|p1a: Ronald G. Snarls|11\/100 par\n|-hitcount|p1a: Ronald G. Snarls|2\n|move|p1a: Ronald G. Snarls|Play Rough|p2a: Batman\n|-damage|p2a: Batman|51\/100 tox\n|\n|-heal|p2a: Batman|64\/100 tox|[from] ability: Poison Heal\n|upkeep\n|turn|27\n|\n|t:|1699111146\n|move|p1a: Ronald G. Snarls|Parting Shot|p2a: Batman\n|-unboost|p2a: Batman|atk|1\n|-unboost|p2a: Batman|spa|1\n|\n|t:|1699111147\n|switch|p1a: Anat|Espathra, F|36\/100|[from] Parting Shot\n|move|p2a: Batman|Dual Wingbeat|p1a: Anat\n|-damage|p1a: Anat|30\/100\n|-damage|p1a: Anat|25\/100\n|-hitcount|p1a: Anat|2\n|\n|-heal|p2a: Batman|76\/100 tox|[from] ability: Poison Heal\n|upkeep\n|turn|28\n|\n|t:|1699111153\n|move|p1a: Anat|Calm Mind|p1a: Anat\n|-boost|p1a: Anat|spa|1\n|-boost|p1a: Anat|spd|1\n|move|p2a: Batman|Toxic|p1a: Anat\n|-status|p1a: Anat|tox\n|\n|-damage|p1a: Anat|19\/100 tox|[from] psn\n|-heal|p2a: Batman|88\/100 tox|[from] ability: Poison Heal\n|-ability|p1a: Anat|Speed Boost|boost\n|-boost|p1a: Anat|spe|1\n|upkeep\n|turn|29\n|\n|t:|1699111175\n|switch|p2a: Shrek's Daughter|Ogerpon-Wellspring, F|77\/100\n|move|p1a: Anat|Stored Power|p2a: Shrek's Daughter\n|-damage|p2a: Shrek's Daughter|30\/100\n|\n|-damage|p1a: Anat|6\/100 tox|[from] psn\n|-ability|p1a: Anat|Speed Boost|boost\n|-boost|p1a: Anat|spe|1\n|upkeep\n|turn|30\n|\n|t:|1699111181\n|move|p1a: Anat|Stored Power|p2a: Shrek's Daughter\n|-damage|p2a: Shrek's Daughter|0 fnt\n|faint|p2a: Shrek's Daughter\n|\n|-damage|p1a: Anat|0 fnt|[from] psn\n|faint|p1a: Anat\n|upkeep\n|\n|t:|1699111188\n|switch|p2a: zip zap|Regieleki|100\/100\n|switch|p1a: Ronald G. Snarls|Grimmsnarl, M|11\/100 par\n|turn|31\n|\n|t:|1699111192\n|move|p2a: zip zap|Volt Switch|p1a: Ronald G. Snarls\n|-damage|p1a: Ronald G. Snarls|0 fnt\n|faint|p1a: Ronald G. Snarls\n|\n|t:|1699111196\n|switch|p2a: Batman|Gliscor, M, shiny|88\/100 tox|[from] Volt Switch\n|\n|-heal|p2a: Batman|100\/100 tox|[from] ability: Poison Heal\n|-sideend|p1: papahue|move: Light Screen\n|upkeep\n|\n|t:|1699111197\n|switch|p1a: Flora|Meowscarada, F|100\/100\n|turn|32\n|\n|t:|1699111199\n|move|p1a: Flora|Flower Trick|p2a: Batman\n|-crit|p2a: Batman\n|-damage|p2a: Batman|41\/100 tox\n|-damage|p1a: Flora|91\/100|[from] item: Life Orb\n|move|p2a: Batman|Toxic|p1a: Flora\n|-status|p1a: Flora|tox\n|\n|-damage|p1a: Flora|84\/100 tox|[from] psn\n|-heal|p2a: Batman|54\/100 tox|[from] ability: Poison Heal\n|-sideend|p1: papahue|Reflect\n|upkeep\n|turn|33\n|\n|t:|1699111205\n|move|p1a: Flora|Flower Trick|p2a: Batman\n|-crit|p2a: Batman\n|-damage|p2a: Batman|0 fnt\n|faint|p2a: Batman\n|-damage|p1a: Flora|75\/100 tox|[from] item: Life Orb\n|\n|-damage|p1a: Flora|62\/100 tox|[from] psn\n|upkeep\n|\n|t:|1699111208\n|switch|p2a: zip zap|Regieleki|100\/100\n|turn|34\n|\n|t:|1699111210\n|move|p1a: Flora|Sucker Punch|p2a: zip zap\n|-damage|p2a: zip zap|15\/100\n|-damage|p1a: Flora|52\/100 tox|[from] item: Life Orb\n|move|p2a: zip zap|Volt Switch|p1a: Flora\n|-resisted|p1a: Flora\n|-damage|p1a: Flora|22\/100 tox\n|\n|-damage|p1a: Flora|3\/100 tox|[from] psn\n|upkeep\n|turn|35\n|\n|t:|1699111218\n|move|p2a: zip zap|Thunder Wave||[still]\n|-fail|p2a: zip zap\n|move|p1a: Flora|Knock Off|p2a: zip zap\n|-damage|p2a: zip zap|0 fnt\n|-enditem|p2a: zip zap|Heavy-Duty Boots|[from] move: Knock Off|[of] p1a: Flora\n|faint|p2a: zip zap\n|-damage|p1a: Flora|0 fnt|[from] item: Life Orb\n|faint|p1a: Flora\n|\n|win|papahue\n|raw|papahue's rating: 1327 &rarr; <strong>1348<\/strong><br \/>(+21 for winning)\n|raw|mck23's rating: 1343 &rarr; <strong>1322<\/strong><br \/>(-21 for losing)\n|l|\u2606mck23\n|c|\u2606papahue|Gg\n","uploadtime":1699111232,"views":18,"p1id":"papahue","p2id":"mck23","formatid":"gen9anythinggoes","rating":1322,"private":0,"password":""}