{"id":"gen9anythinggoes-1992031586","p1":"TrappisFlappis","p2":"88_88 Bug Gang","format":"[Gen 9] Anything Goes","log":"|j|\u2606TrappisFlappis\n|j|\u260688_88 Bug Gang\n|t:|1700149302\n|gametype|singles\n|player|p1|TrappisFlappis|riley|1176\n|player|p2|88_88 Bug Gang|will|1225\n|teamsize|p1|6\n|teamsize|p2|6\n|gen|9\n|tier|[Gen 9] Anything Goes\n|rated|\n|rule|HP Percentage Mod: HP is shown in percentages\n|rule|Endless Battle Clause: Forcing endless battles is banned\n|clearpoke\n|poke|p1|Maushold-Four|\n|poke|p1|Flutter Mane|\n|poke|p1|Miraidon|\n|poke|p1|Rabsca, M|\n|poke|p1|Garganacl, F|\n|poke|p1|Houndstone, M|\n|poke|p2|Meowscarada, M|\n|poke|p2|Garchomp, M|\n|poke|p2|Gholdengo|\n|poke|p2|Glimmora, F|\n|poke|p2|Ting-Lu|\n|poke|p2|Ribombee, M|\n|teampreview\n|\n|t:|1700149311\n|start\n|switch|p1a: Maushold|Maushold-Four|100\/100\n|switch|p2a: Meowscarada|Meowscarada, M|100\/100\n|turn|1\n|\n|t:|1700149319\n|move|p2a: Meowscarada|Spikes|p1a: Maushold\n|-sidestart|p1: TrappisFlappis|Spikes\n|move|p1a: Maushold|Population Bomb|p2a: Meowscarada\n|-damage|p2a: Meowscarada|84\/100\n|-damage|p2a: Meowscarada|68\/100\n|-damage|p2a: Meowscarada|51\/100\n|-damage|p2a: Meowscarada|34\/100\n|-damage|p2a: Meowscarada|17\/100\n|-damage|p2a: Meowscarada|0 fnt\n|faint|p2a: Meowscarada\n|-hitcount|p2: Meowscarada|6\n|\n|upkeep\n|\n|t:|1700149332\n|switch|p2a: Gholdengo|Gholdengo|100\/100\n|turn|2\n|\n|t:|1700149337\n|move|p2a: Gholdengo|Trick|p1a: Maushold\n|-activate|p2a: Gholdengo|move: Trick|[of] p1a: Maushold\n|-item|p1a: Maushold|Choice Scarf|[from] move: Trick\n|-item|p2a: Gholdengo|King's Rock|[from] move: Trick\n|move|p1a: Maushold|Tidy Up|p1a: Maushold\n|-sideend|p1: TrappisFlappis|Spikes\n|-activate|p1a: Maushold|move: Tidy Up\n|-boost|p1a: Maushold|atk|1\n|-boost|p1a: Maushold|spe|1\n|\n|upkeep\n|turn|3\n|\n|t:|1700149361\n|switch|p1a: DeMarco|Miraidon|100\/100\n|-fieldstart|move: Electric Terrain|[from] ability: Hadron Engine|[of] p1a: DeMarco\n|move|p2a: Gholdengo|Make It Rain|p1a: DeMarco\n|-resisted|p1a: DeMarco\n|-damage|p1a: DeMarco|83\/100\n|-unboost|p2a: Gholdengo|spa|1\n|\n|upkeep\n|turn|4\n|\n|t:|1700149379\n|switch|p2a: Garchomp|Garchomp, M|100\/100\n|move|p1a: DeMarco|Dragon Pulse|p2a: Garchomp\n|-supereffective|p2a: Garchomp\n|-crit|p2a: Garchomp\n|-damage|p2a: Garchomp|0 fnt\n|faint|p2a: Garchomp\n|\n|upkeep\n|inactive|Battle timer is ON: inactive players will automatically lose when time's up. (requested by TrappisFlappis)\n|\n|t:|1700149399\n|switch|p2a: Glimmora|Glimmora, F|100\/100\n|turn|5\n|\n|t:|1700149407\n|switch|p1a: SSSReplacement|Garganacl, F, shiny|100\/100\n|move|p2a: Glimmora|Stealth Rock|p1a: SSSReplacement\n|-sidestart|p1: TrappisFlappis|move: Stealth Rock\n|\n|upkeep\n|turn|6\n|\n|t:|1700149421\n|switch|p2a: Ting-Lu|Ting-Lu|100\/100\n|-ability|p2a: Ting-Lu|Vessel of Ruin\n|move|p1a: SSSReplacement|Iron Defense|p1a: SSSReplacement\n|-boost|p1a: SSSReplacement|def|2\n|\n|upkeep\n|turn|7\n|\n|t:|1700149428\n|move|p1a: SSSReplacement|Body Press|p2a: Ting-Lu\n|-supereffective|p2a: Ting-Lu\n|-damage|p2a: Ting-Lu|49\/100\n|-enditem|p2a: Ting-Lu|Red Card|[of] p1a: SSSReplacement\n|drag|p1a: Rabsca|Rabsca, M, shiny|100\/100\n|-damage|p1a: Rabsca|76\/100|[from] Stealth Rock\n|move|p2a: Ting-Lu|Whirlwind|p1a: Rabsca\n|drag|p1a: Maushold|Maushold-Four|100\/100\n|-damage|p1a: Maushold|88\/100|[from] Stealth Rock\n|\n|-fieldend|move: Electric Terrain\n|upkeep\n|turn|8\n|\n|t:|1700149444\n|move|p1a: Maushold|Encore|p2a: Ting-Lu\n|-start|p2a: Ting-Lu|Encore\n|move|p2a: Ting-Lu|Whirlwind|p1a: Maushold\n|drag|p1a: Rabsca|Rabsca, M, shiny|76\/100\n|-damage|p1a: Rabsca|51\/100|[from] Stealth Rock\n|\n|upkeep\n|turn|9\n|\n|t:|1700149453\n|move|p1a: Rabsca|Recover|p1a: Rabsca\n|-heal|p1a: Rabsca|100\/100\n|move|p2a: Ting-Lu|Whirlwind|p1a: Rabsca\n|drag|p1a: Maushold|Maushold-Four|88\/100\n|-damage|p1a: Maushold|76\/100|[from] Stealth Rock\n|\n|upkeep\n|turn|10\n|\n|t:|1700149460\n|move|p1a: Maushold|Population Bomb|p2a: Ting-Lu\n|-damage|p2a: Ting-Lu|43\/100\n|-hitcount|p2a: Ting-Lu|1\n|move|p2a: Ting-Lu|Whirlwind|p1a: Maushold\n|drag|p1a: SSSReplacement|Garganacl, F, shiny|100\/100\n|-damage|p1a: SSSReplacement|88\/100|[from] Stealth Rock\n|\n|-heal|p1a: SSSReplacement|94\/100|[from] item: Leftovers\n|-end|p2a: Ting-Lu|Encore\n|upkeep\n|turn|11\n|\n|t:|1700149467\n|move|p2a: Ting-Lu|Body Press|p1a: SSSReplacement\n|-supereffective|p1a: SSSReplacement\n|-damage|p1a: SSSReplacement|62\/100\n|move|p1a: SSSReplacement|Salt Cure|p2a: Ting-Lu\n|-resisted|p2a: Ting-Lu\n|-damage|p2a: Ting-Lu|39\/100\n|-start|p2a: Ting-Lu|Salt Cure\n|\n|-heal|p1a: SSSReplacement|68\/100|[from] item: Leftovers\n|-damage|p2a: Ting-Lu|26\/100|[from] Salt Cure\n|upkeep\n|turn|12\n|\n|t:|1700149483\n|move|p1a: SSSReplacement|Recover|p1a: SSSReplacement\n|-heal|p1a: SSSReplacement|100\/100\n|move|p2a: Ting-Lu|Whirlwind|p1a: SSSReplacement\n|drag|p1a: Flutter Mane|Flutter Mane, shiny|100\/100\n|-damage|p1a: Flutter Mane|88\/100|[from] Stealth Rock\n|\n|-damage|p2a: Ting-Lu|14\/100|[from] Salt Cure\n|upkeep\n|turn|13\n|\n|t:|1700149496\n|move|p1a: Flutter Mane|Moonblast|p2a: Ting-Lu\n|-supereffective|p2a: Ting-Lu\n|-damage|p2a: Ting-Lu|0 fnt\n|faint|p2a: Ting-Lu\n|-damage|p1a: Flutter Mane|78\/100|[from] item: Life Orb\n|\n|upkeep\n|\n|t:|1700149509\n|switch|p2a: Glimmora|Glimmora, F|100\/100\n|turn|14\n|\n|t:|1700149513\n|move|p1a: Flutter Mane|Psyshock|p2a: Glimmora\n|-supereffective|p2a: Glimmora\n|-damage|p2a: Glimmora|17\/100\n|-damage|p1a: Flutter Mane|68\/100|[from] item: Life Orb\n|move|p2a: Glimmora|Sludge Wave|p1a: Flutter Mane\n|-damage|p1a: Flutter Mane|13\/100\n|\n|upkeep\n|turn|15\n|\n|t:|1700149534\n|move|p1a: Flutter Mane|Shadow Ball|p2a: Glimmora\n|-damage|p2a: Glimmora|0 fnt\n|faint|p2a: Glimmora\n|-damage|p1a: Flutter Mane|3\/100|[from] item: Life Orb\n|\n|upkeep\n|\n|t:|1700149540\n|switch|p2a: Ribombee|Ribombee, M|100\/100\n|turn|16\n|\n|t:|1700149543\n|move|p1a: Flutter Mane|Mystical Fire|p2a: Ribombee\n|-supereffective|p2a: Ribombee\n|-enditem|p2a: Ribombee|Focus Sash\n|-damage|p2a: Ribombee|1\/100\n|-unboost|p2a: Ribombee|spa|1\n|-damage|p1a: Flutter Mane|0 fnt|[from] item: Life Orb\n|faint|p1a: Flutter Mane\n|-end|p1a: Flutter Mane|Protosynthesis|[silent]\n|move|p2a: Ribombee|Sticky Web|p1: Flutter Mane\n|-sidestart|p1: TrappisFlappis|move: Sticky Web\n|\n|upkeep\n|\n|t:|1700149548\n|switch|p1a: Maushold|Maushold-Four|76\/100\n|-damage|p1a: Maushold|63\/100|[from] Stealth Rock\n|-activate|p1a: Maushold|move: Sticky Web\n|-unboost|p1a: Maushold|spe|1\n|turn|17\n|\n|t:|1700149562\n|move|p2a: Ribombee|Moonblast|p1a: Maushold\n|-damage|p1a: Maushold|27\/100\n|-unboost|p1a: Maushold|spa|1\n|move|p1a: Maushold|Tidy Up|p1a: Maushold\n|-sideend|p1: TrappisFlappis|Stealth Rock\n|-sideend|p1: TrappisFlappis|Sticky Web\n|-activate|p1a: Maushold|move: Tidy Up\n|-boost|p1a: Maushold|atk|1\n|-boost|p1a: Maushold|spe|1\n|\n|upkeep\n|turn|18\n|\n|t:|1700149570\n|move|p1a: Maushold|Tidy Up|p1a: Maushold\n|-boost|p1a: Maushold|atk|1\n|-boost|p1a: Maushold|spe|1\n|move|p2a: Ribombee|Moonblast|p1a: Maushold\n|-damage|p1a: Maushold|0 fnt\n|faint|p1a: Maushold\n|\n|upkeep\n|\n|t:|1700149571\n|switch|p1a: Houndstone|Houndstone, M|100\/100\n|turn|19\n|\n|t:|1700149579\n|move|p1a: Houndstone|Shadow Sneak|p2a: Ribombee\n|-damage|p2a: Ribombee|0 fnt\n|faint|p2a: Ribombee\n|\n|upkeep\n|\n|t:|1700149581\n|switch|p2a: Gholdengo|Gholdengo|100\/100\n|turn|20\n|\n|t:|1700149587\n|-terastallize|p1a: Houndstone|Fire\n|move|p2a: Gholdengo|Shadow Ball|p1a: Houndstone\n|-damage|p1a: Houndstone|71\/100\n|move|p1a: Houndstone|Last Respects|p2a: Gholdengo\n|-supereffective|p2a: Gholdengo\n|-damage|p2a: Gholdengo|0 fnt\n|faint|p2a: Gholdengo\n|\n|win|TrappisFlappis\n|raw|TrappisFlappis's rating: 1176 &rarr; <strong>1205<\/strong><br \/>(+29 for winning)\n|raw|88_88 Bug Gang's rating: 1225 &rarr; <strong>1196<\/strong><br \/>(-29 for losing)\n","uploadtime":1700149591,"views":3,"p1id":"trappisflappis","p2id":"8888buggang","formatid":"gen9anythinggoes","rating":1196,"private":0,"password":""}