{"id":"gen9anythinggoes-1999281135","p1":"fishy_kings","p2":"GroupUYpLo","format":"[Gen 9] Anything Goes","log":"|j|\u2606fishy_kings\n|j|\u2606GroupUYpLo\n|t:|1701054561\n|gametype|singles\n|player|p1|fishy_kings|gambler|1085\n|player|p2|GroupUYpLo|170|1126\n|teamsize|p1|6\n|teamsize|p2|6\n|gen|9\n|tier|[Gen 9] Anything Goes\n|rated|\n|rule|HP Percentage Mod: HP is shown in percentages\n|rule|Endless Battle Clause: Forcing endless battles is banned\n|clearpoke\n|poke|p1|Bisharp, F|\n|poke|p1|Bisharp, F|\n|poke|p1|Bisharp, F|\n|poke|p1|Bisharp, F|\n|poke|p1|Bisharp, F|\n|poke|p1|Kingambit, M|\n|poke|p2|Miraidon|\n|poke|p2|Miraidon|\n|poke|p2|Maushold-Four|\n|poke|p2|Sableye, M|\n|poke|p2|Pawmot, M|\n|poke|p2|Mewtwo|\n|teampreview\n|\n|t:|1701054566\n|start\n|switch|p1a: Bisharp|Bisharp, F|100\/100\n|switch|p2a: two mews|Mewtwo|100\/100\n|-ability|p2a: two mews|Unnerve\n|turn|1\n|\n|t:|1701054573\n|-terastallize|p2a: two mews|Fire\n|move|p2a: two mews|Flamethrower|p1a: Bisharp\n|-supereffective|p1a: Bisharp\n|-enditem|p1a: Bisharp|Focus Sash\n|-damage|p1a: Bisharp|1\/100\n|move|p1a: Bisharp|Night Slash|p2a: two mews\n|-damage|p2a: two mews|62\/100\n|\n|upkeep\n|turn|2\n|\n|t:|1701054582\n|move|p2a: two mews|Flamethrower|p1a: Bisharp\n|-supereffective|p1a: Bisharp\n|-damage|p1a: Bisharp|0 fnt\n|faint|p1a: Bisharp\n|\n|upkeep\n|\n|t:|1701054588\n|switch|p1a: Bisharp|Bisharp, F|100\/100\n|turn|3\n|\n|t:|1701054590\n|move|p2a: two mews|Flamethrower|p1a: Bisharp\n|-supereffective|p1a: Bisharp\n|-crit|p1a: Bisharp\n|-enditem|p1a: Bisharp|Focus Sash\n|-damage|p1a: Bisharp|1\/100\n|move|p1a: Bisharp|Guillotine|p2a: two mews\n|-damage|p2a: two mews|0 fnt\n|faint|p2a: two mews\n|-ohko\n|\n|upkeep\n|\n|t:|1701054598\n|switch|p2a: Jesus round 2|Pawmot, M, shiny|100\/100\n|turn|4\n|\n|t:|1701054604\n|move|p2a: Jesus round 2|Fake Out|p1a: Bisharp\n|-resisted|p1a: Bisharp\n|-damage|p1a: Bisharp|0 fnt\n|faint|p1a: Bisharp\n|\n|upkeep\n|\n|t:|1701054609\n|switch|p1a: Bisharp|Bisharp, F|100\/100\n|turn|5\n|\n|t:|1701054613\n|move|p2a: Jesus round 2|Volt Switch|p1a: Bisharp\n|-damage|p1a: Bisharp|73\/100\n|\n|t:|1701054616\n|switch|p2a: slow|Miraidon|100\/100|[from] Volt Switch\n|-fieldstart|move: Electric Terrain|[from] ability: Hadron Engine|[of] p2a: slow\n|move|p1a: Bisharp|Guillotine|p2a: slow|[miss]\n|-miss|p1a: Bisharp|p2a: slow\n|\n|upkeep\n|turn|6\n|\n|t:|1701054624\n|move|p2a: slow|Electro Drift|p1a: Bisharp\n|-damage|p1a: Bisharp|0 fnt\n|faint|p1a: Bisharp\n|\n|upkeep\n|\n|t:|1701054630\n|switch|p1a: Bisharp|Bisharp, F|100\/100\n|turn|7\n|\n|t:|1701054646\n|move|p2a: slow|Electro Drift|p1a: Bisharp\n|-enditem|p1a: Bisharp|Focus Sash\n|-damage|p1a: Bisharp|1\/100\n|move|p1a: Bisharp|Guillotine|p2a: slow|[miss]\n|-miss|p1a: Bisharp|p2a: slow\n|\n|upkeep\n|turn|8\n|\n|t:|1701054654\n|move|p2a: slow|Electro Drift|p1a: Bisharp\n|-damage|p1a: Bisharp|0 fnt\n|faint|p1a: Bisharp\n|\n|upkeep\n|\n|t:|1701054659\n|switch|p1a: Bisharp|Bisharp, F|100\/100\n|turn|9\n|\n|t:|1701054662\n|move|p2a: slow|Electro Drift|p1a: Bisharp\n|-enditem|p1a: Bisharp|Focus Sash\n|-damage|p1a: Bisharp|1\/100\n|move|p1a: Bisharp|Guillotine|p2a: slow|[miss]\n|-miss|p1a: Bisharp|p2a: slow\n|\n|-fieldend|move: Electric Terrain\n|upkeep\n|turn|10\n|\n|t:|1701054672\n|move|p2a: slow|Electro Drift|p1a: Bisharp\n|-damage|p1a: Bisharp|0 fnt\n|faint|p1a: Bisharp\n|\n|upkeep\n|\n|t:|1701054678\n|switch|p1a: Kingambit|Kingambit, M, shiny|100\/100\n|-activate|p1a: Kingambit|ability: Supreme Overlord\n|-start|p1a: Kingambit|fallen5|[silent]\n|turn|11\n|\n|t:|1701054683\n|-terastallize|p1a: Kingambit|Fairy\n|move|p2a: slow|Calm Mind|p2a: slow\n|-boost|p2a: slow|spa|1\n|-boost|p2a: slow|spd|1\n|move|p1a: Kingambit|Swords Dance|p1a: Kingambit\n|-boost|p1a: Kingambit|atk|2\n|-enditem|p2a: slow|Mirror Herb\n|-boost|p2a: slow|atk|2|[from] item: Mirror Herb\n|\n|upkeep\n|turn|12\n|\n|t:|1701054693\n|move|p2a: slow|Calm Mind|p2a: slow\n|-boost|p2a: slow|spa|1\n|-boost|p2a: slow|spd|1\n|move|p1a: Kingambit|Swords Dance|p1a: Kingambit\n|-boost|p1a: Kingambit|atk|2\n|\n|upkeep\n|turn|13\n|\n|t:|1701054703\n|move|p1a: Kingambit|Sucker Punch|p2a: slow\n|-damage|p2a: slow|0 fnt\n|faint|p2a: slow\n|\n|upkeep\n|\n|t:|1701054706\n|switch|p2a: Lil jokester|Sableye, M, shiny|100\/100\n|turn|14\n|\n|t:|1701054711\n|move|p2a: Lil jokester|Disable|p1a: Kingambit\n|-start|p1a: Kingambit|Disable|Sucker Punch\n|move|p1a: Kingambit|Swords Dance|p1a: Kingambit\n|-boost|p1a: Kingambit|atk|2\n|\n|upkeep\n|turn|15\n|\n|t:|1701054721\n|move|p2a: Lil jokester|Encore|p1a: Kingambit\n|-start|p1a: Kingambit|Encore\n|move|p1a: Kingambit|Swords Dance|p1a: Kingambit\n|-boost|p1a: Kingambit|atk|0\n|\n|upkeep\n|turn|16\n|c|\u2606fishy_kings|Coward\n|\n|t:|1701054732\n|move|p2a: Lil jokester|Thunder Wave|p1a: Kingambit\n|-status|p1a: Kingambit|par\n|move|p1a: Kingambit|Swords Dance|p1a: Kingambit\n|-boost|p1a: Kingambit|atk|0\n|\n|upkeep\n|turn|17\n|\n|t:|1701054742\n|switch|p2a: Incest|Maushold-Four, shiny|100\/100\n|move|p1a: Kingambit|Swords Dance|p1a: Kingambit\n|-boost|p1a: Kingambit|atk|0\n|\n|-end|p1a: Kingambit|Encore\n|-end|p1a: Kingambit|Disable\n|upkeep\n|turn|18\n|\n|t:|1701054752\n|move|p2a: Incest|Population Bomb|p1a: Kingambit\n|-damage|p1a: Kingambit|93\/100 par\n|-damage|p1a: Kingambit|84\/100 par\n|-damage|p1a: Kingambit|77\/100 par\n|-damage|p1a: Kingambit|69\/100 par\n|-damage|p1a: Kingambit|62\/100 par\n|-damage|p1a: Kingambit|54\/100 par\n|-damage|p1a: Kingambit|46\/100 par\n|-damage|p1a: Kingambit|38\/100 par\n|-damage|p1a: Kingambit|30\/100 par\n|-damage|p1a: Kingambit|21\/100 par\n|-hitcount|p1a: Kingambit|10\n|move|p1a: Kingambit|Kowtow Cleave|p2a: Incest\n|-damage|p2a: Incest|0 fnt\n|faint|p2a: Incest\n|\n|upkeep\n|\n|t:|1701054758\n|switch|p2a: Lil jokester|Sableye, M, shiny|100\/100\n|turn|19\n|\n|t:|1701054775\n|move|p2a: Lil jokester|Encore|p1a: Kingambit\n|-start|p1a: Kingambit|Encore\n|move|p1a: Kingambit|Kowtow Cleave|p2a: Lil jokester\n|-enditem|p2a: Lil jokester|Focus Sash\n|-damage|p2a: Lil jokester|1\/100\n|\n|upkeep\n|turn|20\n|\n|t:|1701054782\n|move|p2a: Lil jokester|Disable|p1a: Kingambit\n|-start|p1a: Kingambit|Disable|Kowtow Cleave\n|cant|p1a: Kingambit|Disable|Kowtow Cleave\n|\n|upkeep\n|turn|21\n|inactive|Battle timer is ON: inactive players will automatically lose when time's up. (requested by GroupUYpLo)\n|n|!fishy_kings|fishykings\n|\n|t:|1701054804\n|move|p2a: Lil jokester|Recover|p2a: Lil jokester\n|-heal|p2a: Lil jokester|51\/100\n|-activate|p1a: Kingambit|move: Struggle\n|move|p1a: Kingambit|Struggle|p2a: Lil jokester\n|-damage|p2a: Lil jokester|0 fnt\n|faint|p2a: Lil jokester\n|-damage|p1a: Kingambit|0 fnt|[from] recoil\n|faint|p1a: Kingambit\n|-end|p1a: Kingambit|fallen5|[silent]\n|\n|win|GroupUYpLo\n|raw|fishy_kings's rating: 1085 &rarr; <strong>1065<\/strong><br \/>(-20 for losing)\n|raw|GroupUYpLo's rating: 1126 &rarr; <strong>1148<\/strong><br \/>(+22 for winning)\n","uploadtime":1701054802,"views":0,"p1id":"fishykings","p2id":"groupuyplo","formatid":"gen9anythinggoes","rating":1065,"private":0,"password":""}