{"id":"gen9anythinggoes-1977150084","p1":"Wildfiree","p2":"goober447","format":"[Gen 9] Anything Goes","log":"|j|\u2606Wildfiree\n|j|\u2606goober447\n|t:|1698377581\n|gametype|singles\n|player|p1|Wildfiree|carmine-festival|1452\n|player|p2|goober447|dawn|1558\n|teamsize|p1|6\n|teamsize|p2|6\n|gen|9\n|tier|[Gen 9] Anything Goes\n|rated|\n|rule|HP Percentage Mod: HP is shown in percentages\n|rule|Endless Battle Clause: Forcing endless battles is banned\n|clearpoke\n|poke|p1|Giratina-Origin|\n|poke|p1|Ting-Lu|\n|poke|p1|Toxapex, M|\n|poke|p1|Miraidon|\n|poke|p1|Zacian-*|\n|poke|p1|Arceus|\n|poke|p2|Calyrex-Shadow|\n|poke|p2|Arceus|\n|poke|p2|Arceus|\n|poke|p2|Zacian-*|\n|poke|p2|Ribombee, F|\n|poke|p2|Kingambit, F|\n|teampreview\n|inactive|Battle timer is ON: inactive players will automatically lose when time's up. (requested by goober447)\n|\n|t:|1698377603\n|start\n|switch|p1a: Miraidon|Miraidon|100\/100\n|switch|p2a: Ribombee|Ribombee, F, shiny|100\/100\n|-fieldstart|move: Electric Terrain|[from] ability: Hadron Engine|[of] p1a: Miraidon\n|turn|1\n|\n|t:|1698377610\n|move|p1a: Miraidon|Taunt|p2a: Ribombee\n|-start|p2a: Ribombee|move: Taunt\n|cant|p2a: Ribombee|move: Taunt|Sticky Web\n|\n|upkeep\n|turn|2\n|\n|t:|1698377624\n|move|p1a: Miraidon|Electro Drift|p2a: Ribombee\n|-enditem|p2a: Ribombee|Focus Sash\n|-damage|p2a: Ribombee|1\/100\n|move|p2a: Ribombee|Moonblast|p1a: Miraidon\n|-supereffective|p1a: Miraidon\n|-damage|p1a: Miraidon|28\/100\n|\n|upkeep\n|turn|3\n|\n|t:|1698377648\n|switch|p2a: Arceus|Arceus|100\/100\n|move|p1a: Miraidon|Electro Drift|p2a: Arceus\n|-damage|p2a: Arceus|39\/100\n|\n|-heal|p2a: Arceus|45\/100|[from] item: Leftovers\n|upkeep\n|turn|4\n|\n|t:|1698377657\n|switch|p1a: Giratina|Giratina-Origin|100\/100\n|move|p2a: Arceus|Extreme Speed|p1a: Giratina\n|-immune|p1a: Giratina\n|\n|-heal|p2a: Arceus|51\/100|[from] item: Leftovers\n|upkeep\n|turn|5\n|\n|t:|1698377677\n|move|p2a: Arceus|Shadow Claw|p1a: Giratina\n|-supereffective|p1a: Giratina\n|-crit|p1a: Giratina\n|-damage|p1a: Giratina|54\/100\n|move|p1a: Giratina|Will-O-Wisp|p2a: Arceus\n|-status|p2a: Arceus|brn\n|\n|-heal|p2a: Arceus|58\/100 brn|[from] item: Leftovers\n|-damage|p2a: Arceus|51\/100 brn|[from] brn\n|-fieldend|move: Electric Terrain\n|upkeep\n|turn|6\n|\n|t:|1698377687\n|switch|p1a: Ting-Lu|Ting-Lu|100\/100\n|-ability|p1a: Ting-Lu|Vessel of Ruin\n|move|p2a: Arceus|Shadow Claw|p1a: Ting-Lu\n|-resisted|p1a: Ting-Lu\n|-damage|p1a: Ting-Lu|97\/100\n|\n|-heal|p2a: Arceus|58\/100 brn|[from] item: Leftovers\n|-heal|p1a: Ting-Lu|100\/100|[from] item: Leftovers\n|-damage|p2a: Arceus|51\/100 brn|[from] brn\n|upkeep\n|turn|7\n|\n|t:|1698377708\n|switch|p2a: Ribombee|Ribombee, F, shiny|1\/100\n|move|p1a: Ting-Lu|Taunt|p2a: Ribombee\n|-start|p2a: Ribombee|move: Taunt\n|\n|upkeep\n|turn|8\n|inactive|goober447 has 120 seconds left.\n|\n|t:|1698377728\n|switch|p2a: Arceus|Arceus|100\/100\n|move|p1a: Ting-Lu|Spikes|p2a: Arceus\n|-sidestart|p2: goober447|Spikes\n|\n|upkeep\n|turn|9\n|\n|t:|1698377737\n|switch|p1a: Toxapex|Toxapex, M|100\/100\n|move|p2a: Arceus|Healing Wish|p2a: Arceus\n|faint|p2a: Arceus\n|\n|upkeep\n|\n|t:|1698377742\n|switch|p2a: Ribombee|Ribombee, F, shiny|1\/100\n|-heal|p2a: Ribombee|100\/100|[from] move: Healing Wish\n|-damage|p2a: Ribombee|88\/100|[from] Spikes\n|turn|10\n|\n|t:|1698377749\n|switch|p1a: Miraidon|Miraidon|28\/100\n|-fieldstart|move: Electric Terrain|[from] ability: Hadron Engine|[of] p1a: Miraidon\n|move|p2a: Ribombee|Sticky Web|p1a: Miraidon\n|-sidestart|p1: Wildfiree|move: Sticky Web\n|\n|upkeep\n|turn|11\n|\n|t:|1698377756\n|move|p1a: Miraidon|Electro Drift|p2a: Ribombee\n|-damage|p2a: Ribombee|0 fnt\n|faint|p2a: Ribombee\n|\n|upkeep\n|\n|t:|1698377774\n|switch|p2a: Calyrex|Calyrex-Shadow|100\/100\n|-ability|p2a: Calyrex|As One\n|-ability|p2a: Calyrex|Unnerve\n|-damage|p2a: Calyrex|88\/100|[from] Spikes\n|turn|12\n|\n|t:|1698377781\n|switch|p1a: Ting-Lu|Ting-Lu|100\/100\n|-activate|p1a: Ting-Lu|move: Sticky Web\n|-unboost|p1a: Ting-Lu|spe|1\n|-ability|p1a: Ting-Lu|Vessel of Ruin\n|move|p2a: Calyrex|Nasty Plot|p2a: Calyrex\n|-boost|p2a: Calyrex|spa|2\n|\n|upkeep\n|turn|13\n|\n|t:|1698377791\n|-terastallize|p2a: Calyrex|Fighting\n|-terastallize|p1a: Ting-Lu|Grass\n|move|p2a: Calyrex|Tera Blast|p1a: Ting-Lu|[anim] Tera Blast Fighting\n|-damage|p1a: Ting-Lu|48\/100\n|-damage|p2a: Calyrex|78\/100|[from] item: Life Orb\n|move|p1a: Ting-Lu|Earthquake|p2a: Calyrex\n|-damage|p2a: Calyrex|36\/100\n|\n|-heal|p1a: Ting-Lu|54\/100|[from] item: Leftovers\n|upkeep\n|turn|14\n|\n|t:|1698377802\n|move|p2a: Calyrex|Astral Barrage|p1a: Ting-Lu\n|-damage|p1a: Ting-Lu|0 fnt\n|faint|p1a: Ting-Lu\n|-ability|p2a: Calyrex|Grim Neigh|boost\n|-boost|p2a: Calyrex|spa|1\n|-damage|p2a: Calyrex|26\/100|[from] item: Life Orb\n|\n|-fieldend|move: Electric Terrain\n|upkeep\n|\n|t:|1698377804\n|switch|p1a: Arceus|Arceus|100\/100\n|turn|15\n|\n|t:|1698377814\n|move|p1a: Arceus|Extreme Speed|p2a: Calyrex\n|-damage|p2a: Calyrex|0 fnt\n|faint|p2a: Calyrex\n|\n|upkeep\n|\n|t:|1698377827\n|switch|p2a: Zacian|Zacian-Crowned|100\/100\n|-damage|p2a: Zacian|88\/100|[from] Spikes\n|-ability|p2a: Zacian|Intrepid Sword|boost\n|-boost|p2a: Zacian|atk|1\n|turn|16\n|\n|t:|1698377837\n|switch|p1a: Toxapex|Toxapex, M|100\/100\n|-activate|p1a: Toxapex|move: Sticky Web\n|-unboost|p1a: Toxapex|spe|1\n|move|p2a: Zacian|Play Rough|p1a: Toxapex\n|-resisted|p1a: Toxapex\n|-damage|p1a: Toxapex|76\/100\n|-damage|p2a: Zacian|72\/100|[from] item: Rocky Helmet|[of] p1a: Toxapex\n|\n|upkeep\n|turn|17\n|\n|t:|1698377844\n|move|p2a: Zacian|Behemoth Blade|p1a: Toxapex\n|-resisted|p1a: Toxapex\n|-damage|p1a: Toxapex|50\/100\n|-damage|p2a: Zacian|55\/100|[from] item: Rocky Helmet|[of] p1a: Toxapex\n|move|p1a: Toxapex|Liquidation|p2a: Zacian\n|-damage|p2a: Zacian|35\/100\n|\n|upkeep\n|turn|18\n|\n|t:|1698377856\n|move|p2a: Zacian|Swords Dance|p2a: Zacian\n|-boost|p2a: Zacian|atk|2\n|move|p1a: Toxapex|Recover|p1a: Toxapex\n|-heal|p1a: Toxapex|99\/100\n|\n|upkeep\n|turn|19\n|\n|t:|1698377862\n|move|p2a: Zacian|Swords Dance|p2a: Zacian\n|-boost|p2a: Zacian|atk|2\n|move|p1a: Toxapex|Liquidation|p2a: Zacian\n|-damage|p2a: Zacian|17\/100\n|-unboost|p2a: Zacian|def|1\n|\n|upkeep\n|turn|20\n|\n|t:|1698377872\n|move|p2a: Zacian|Close Combat|p1a: Toxapex\n|-resisted|p1a: Toxapex\n|-damage|p1a: Toxapex|55\/100\n|-unboost|p2a: Zacian|def|1\n|-unboost|p2a: Zacian|spd|1\n|-damage|p2a: Zacian|0 fnt|[from] item: Rocky Helmet|[of] p1a: Toxapex\n|faint|p2a: Zacian\n|move|p1a: Toxapex|Liquidation|p2: Zacian|[notarget]\n|-fail|p1a: Toxapex\n|\n|upkeep\n|\n|t:|1698377887\n|switch|p2a: Kingambit|Kingambit, F|100\/100\n|-damage|p2a: Kingambit|88\/100|[from] Spikes\n|-activate|p2a: Kingambit|ability: Supreme Overlord\n|-start|p2a: Kingambit|fallen4|[silent]\n|turn|21\n|\n|t:|1698377902\n|switch|p1a: Giratina|Giratina-Origin|54\/100\n|move|p2a: Kingambit|Swords Dance|p2a: Kingambit\n|-boost|p2a: Kingambit|atk|2\n|\n|-heal|p2a: Kingambit|94\/100|[from] item: Leftovers\n|upkeep\n|turn|22\n|\n|t:|1698377912\n|move|p1a: Giratina|Will-O-Wisp|p2a: Kingambit\n|-status|p2a: Kingambit|brn\n|move|p2a: Kingambit|Kowtow Cleave|p1a: Giratina\n|-supereffective|p1a: Giratina\n|-damage|p1a: Giratina|0 fnt\n|faint|p1a: Giratina\n|\n|-heal|p2a: Kingambit|100\/100 brn|[from] item: Leftovers\n|-damage|p2a: Kingambit|94\/100 brn|[from] brn\n|upkeep\n|\n|t:|1698377915\n|switch|p1a: Zacian|Zacian-Crowned|100\/100\n|-activate|p1a: Zacian|move: Sticky Web\n|-unboost|p1a: Zacian|spe|1\n|-ability|p1a: Zacian|Intrepid Sword|boost\n|-boost|p1a: Zacian|atk|1\n|turn|23\n|\n|t:|1698377928\n|move|p1a: Zacian|Play Rough|p2a: Kingambit\n|-damage|p2a: Kingambit|34\/100 brn\n|move|p2a: Kingambit|Iron Head|p1a: Zacian\n|-damage|p1a: Zacian|40\/100\n|\n|-heal|p2a: Kingambit|40\/100 brn|[from] item: Leftovers\n|-damage|p2a: Kingambit|34\/100 brn|[from] brn\n|upkeep\n|turn|24\n|\n|t:|1698377938\n|move|p2a: Kingambit|Sucker Punch|p1a: Zacian\n|-resisted|p1a: Zacian\n|-damage|p1a: Zacian|14\/100\n|move|p1a: Zacian|Behemoth Blade|p2a: Kingambit\n|-resisted|p2a: Kingambit\n|-damage|p2a: Kingambit|0 fnt\n|faint|p2a: Kingambit\n|-end|p2a: Kingambit|fallen4|[silent]\n|\n|upkeep\n|\n|t:|1698377945\n|switch|p2a: Arceus|Arceus|51\/100 brn\n|-damage|p2a: Arceus|39\/100 brn|[from] Spikes\n|turn|25\n|-message|goober447 forfeited.\n|\n|win|Wildfiree\n|raw|Wildfiree's rating: 1452 &rarr; <strong>1478<\/strong><br \/>(+26 for winning)\n|raw|goober447's rating: 1558 &rarr; <strong>1532<\/strong><br \/>(-26 for losing)\n|l|\u2606goober447\n","uploadtime":1698377958,"views":11,"p1id":"wildfiree","p2id":"goober447","formatid":"gen9anythinggoes","rating":1478,"private":0,"password":""}