{"id":"gen9anythinggoes-1990012210","p1":"oznova55","p2":"moit05","format":"[Gen 9] Anything Goes","log":"|j|\u2606oznova55\n|j|\u2606moit05\n|t:|1699915263\n|gametype|singles\n|player|p1|oznova55|clair|\n|player|p2|moit05|biker-gen4|\n|teamsize|p1|6\n|teamsize|p2|6\n|gen|9\n|tier|[Gen 9] Anything Goes\n|rule|HP Percentage Mod: HP is shown in percentages\n|rule|Endless Battle Clause: Forcing endless battles is banned\n|clearpoke\n|poke|p1|Ogerpon-Wellspring, F|\n|poke|p1|Jolteon, F|\n|poke|p1|Gliscor, M|\n|poke|p1|Zapdos|\n|poke|p1|Lucario, F|\n|poke|p1|Dragonite, M|\n|poke|p2|Annihilape, F|\n|poke|p2|Glimmora, F|\n|poke|p2|Chi-Yu|\n|poke|p2|Glaceon, F|\n|poke|p2|Corviknight, M|\n|poke|p2|Baxcalibur, F|\n|teampreview\n|\n|t:|1699915292\n|start\n|switch|p1a: Jolteon|Jolteon, F|100\/100\n|switch|p2a: Glimmora|Glimmora, F|100\/100\n|turn|1\n|\n|t:|1699915305\n|move|p1a: Jolteon|Calm Mind|p1a: Jolteon\n|-boost|p1a: Jolteon|spa|1\n|-boost|p1a: Jolteon|spd|1\n|move|p2a: Glimmora|Stealth Rock|p1a: Jolteon\n|-sidestart|p1: oznova55|move: Stealth Rock\n|\n|upkeep\n|turn|2\n|\n|t:|1699915314\n|move|p1a: Jolteon|Substitute|p1a: Jolteon\n|-start|p1a: Jolteon|Substitute\n|-damage|p1a: Jolteon|76\/100\n|move|p2a: Glimmora|Spikes|p1a: Jolteon\n|-sidestart|p1: oznova55|Spikes\n|\n|-heal|p1a: Jolteon|82\/100|[from] item: Leftovers\n|upkeep\n|turn|3\n|\n|t:|1699915322\n|move|p1a: Jolteon|Calm Mind|p1a: Jolteon\n|-boost|p1a: Jolteon|spa|1\n|-boost|p1a: Jolteon|spd|1\n|move|p2a: Glimmora|Light Screen|p2a: Glimmora\n|-sidestart|p2: moit05|move: Light Screen\n|\n|-heal|p1a: Jolteon|88\/100|[from] item: Leftovers\n|upkeep\n|turn|4\n|\n|t:|1699915329\n|move|p1a: Jolteon|Calm Mind|p1a: Jolteon\n|-boost|p1a: Jolteon|spa|1\n|-boost|p1a: Jolteon|spd|1\n|move|p2a: Glimmora|Reflect|p2a: Glimmora\n|-sidestart|p2: moit05|Reflect\n|\n|-heal|p1a: Jolteon|93\/100|[from] item: Leftovers\n|upkeep\n|turn|5\n|\n|t:|1699915336\n|move|p1a: Jolteon|Calm Mind|p1a: Jolteon\n|-boost|p1a: Jolteon|spa|1\n|-boost|p1a: Jolteon|spd|1\n|move|p2a: Glimmora|Spikes|p1a: Jolteon\n|-sidestart|p1: oznova55|Spikes\n|\n|-heal|p1a: Jolteon|99\/100|[from] item: Leftovers\n|upkeep\n|turn|6\n|\n|t:|1699915344\n|move|p1a: Jolteon|Thunderbolt|p2a: Glimmora\n|-damage|p2a: Glimmora|32\/100\n|-status|p2a: Glimmora|par\n|cant|p2a: Glimmora|par\n|\n|-heal|p1a: Jolteon|100\/100|[from] item: Leftovers\n|-heal|p2a: Glimmora|39\/100 par|[from] item: Leftovers\n|upkeep\n|turn|7\n|\n|t:|1699915354\n|move|p1a: Jolteon|Thunderbolt|p2a: Glimmora\n|-damage|p2a: Glimmora|0 fnt\n|faint|p2a: Glimmora\n|\n|-sideend|p2: moit05|move: Light Screen\n|upkeep\n|\n|t:|1699915412\n|switch|p2a: Baxcalibur|Baxcalibur, F|100\/100\n|turn|8\n|\n|t:|1699915424\n|-terastallize|p1a: Jolteon|Fairy\n|move|p1a: Jolteon|Tera Blast|p2a: Baxcalibur|[anim] Tera Blast Fairy\n|-supereffective|p2a: Baxcalibur\n|-damage|p2a: Baxcalibur|0 fnt\n|faint|p2a: Baxcalibur\n|\n|-sideend|p2: moit05|Reflect\n|upkeep\n|\n|t:|1699915432\n|switch|p2a: Chi-Yu|Chi-Yu|100\/100\n|-ability|p2a: Chi-Yu|Beads of Ruin\n|turn|9\n|\n|t:|1699915439\n|move|p1a: Jolteon|Tera Blast|p2a: Chi-Yu|[anim] Tera Blast Fairy\n|-damage|p2a: Chi-Yu|0 fnt\n|faint|p2a: Chi-Yu\n|\n|upkeep\n|\n|t:|1699915448\n|switch|p2a: Corviknight|Corviknight, M|100\/100\n|-ability|p2a: Corviknight|Unnerve\n|turn|10\n|\n|t:|1699915454\n|move|p1a: Jolteon|Thunderbolt|p2a: Corviknight\n|-supereffective|p2a: Corviknight\n|-damage|p2a: Corviknight|0 fnt\n|faint|p2a: Corviknight\n|\n|upkeep\n|\n|t:|1699915462\n|switch|p2a: Annihilape|Annihilape, F|100\/100\n|turn|11\n|\n|t:|1699915466\n|move|p1a: Jolteon|Tera Blast|p2a: Annihilape|[anim] Tera Blast Fairy\n|-supereffective|p2a: Annihilape\n|-damage|p2a: Annihilape|0 fnt\n|faint|p2a: Annihilape\n|\n|upkeep\n|\n|t:|1699915471\n|switch|p2a: Glaceon|Glaceon, F, shiny|100\/100\n|turn|12\n|\n|t:|1699915479\n|-terastallize|p2a: Glaceon|Steel\n|move|p2a: Glaceon|Protect|p2a: Glaceon\n|-singleturn|p2a: Glaceon|Protect\n|move|p1a: Jolteon|Tera Blast|p2a: Glaceon|[anim] Tera Blast Fairy\n|-activate|p2a: Glaceon|move: Protect\n|\n|upkeep\n|turn|13\n|\n|t:|1699915488\n|move|p1a: Jolteon|Tera Blast|p2a: Glaceon|[anim] Tera Blast Fairy\n|-resisted|p2a: Glaceon\n|-damage|p2a: Glaceon|37\/100\n|move|p2a: Glaceon|Substitute|p2a: Glaceon\n|-start|p2a: Glaceon|Substitute\n|-damage|p2a: Glaceon|12\/100\n|\n|-heal|p2a: Glaceon|18\/100|[from] item: Leftovers\n|upkeep\n|turn|14\n|\n|t:|1699915497\n|move|p1a: Jolteon|Thunderbolt|p2a: Glaceon\n|-end|p2a: Glaceon|Substitute\n|move|p2a: Glaceon|Wish|p2a: Glaceon\n|\n|-heal|p2a: Glaceon|24\/100|[from] item: Leftovers\n|upkeep\n|turn|15\n|\n|t:|1699915503\n|move|p1a: Jolteon|Tera Blast|p2a: Glaceon|[anim] Tera Blast Fairy\n|-resisted|p2a: Glaceon\n|-crit|p2a: Glaceon\n|-damage|p2a: Glaceon|0 fnt\n|faint|p2a: Glaceon\n|\n|win|oznova55\n","uploadtime":1699915515,"views":19,"p1id":"oznova55","p2id":"moit05","formatid":"gen9anythinggoes","rating":0,"private":0,"password":""}