{"id":"gen9anythinggoes-1976232793","p1":"prof minu","p2":"boobag","format":"[Gen 9] Anything Goes","log":"|j|\u2606prof minu\n|j|\u2606boobag\n|t:|1698276571\n|gametype|singles\n|player|p1|prof minu|fennel|\n|player|p2|boobag|pokemaniac|\n|teamsize|p1|6\n|teamsize|p2|6\n|gen|9\n|tier|[Gen 9] Anything Goes\n|rule|HP Percentage Mod: HP is shown in percentages\n|rule|Endless Battle Clause: Forcing endless battles is banned\n|clearpoke\n|poke|p1|Clodsire, F|\n|poke|p1|Salamence, F|\n|poke|p1|Iron Valiant|\n|poke|p1|Mew|\n|poke|p1|Quilladin, M|\n|poke|p1|Basculegion, M|\n|poke|p2|Gliscor, F|\n|poke|p2|Gengar, F|\n|poke|p2|Krookodile, F|\n|poke|p2|Tornadus-Therian, M|\n|poke|p2|Muk, M|\n|poke|p2|Pawmot, F|\n|teampreview\n|\n|t:|1698276580\n|start\n|switch|p1a: Ube Sago|Clodsire, F|100\/100\n|switch|p2a: Gliscor|Gliscor, F|100\/100\n|turn|1\n|j| caligulahar\n|\n|t:|1698276585\n|move|p2a: Gliscor|Spikes|p1a: Ube Sago\n|-sidestart|p1: prof minu|Spikes\n|move|p1a: Ube Sago|Toxic|p2a: Gliscor\n|-status|p2a: Gliscor|tox\n|\n|-damage|p2a: Gliscor|94\/100 tox|[from] psn\n|upkeep\n|turn|2\n|\n|t:|1698276592\n|move|p2a: Gliscor|Spikes|p1a: Ube Sago\n|-sidestart|p1: prof minu|Spikes\n|move|p1a: Ube Sago|Stealth Rock|p2a: Gliscor\n|-sidestart|p2: boobag|move: Stealth Rock\n|\n|-damage|p2a: Gliscor|82\/100 tox|[from] psn\n|upkeep\n|turn|3\n|\n|t:|1698276598\n|move|p2a: Gliscor|Spikes|p1a: Ube Sago\n|-sidestart|p1: prof minu|Spikes\n|move|p1a: Ube Sago|Spikes|p2a: Gliscor\n|-sidestart|p2: boobag|Spikes\n|\n|-damage|p2a: Gliscor|63\/100 tox|[from] psn\n|upkeep\n|turn|4\n|\n|t:|1698276604\n|move|p2a: Gliscor|Stealth Rock|p1a: Ube Sago\n|-sidestart|p1: prof minu|move: Stealth Rock\n|move|p1a: Ube Sago|Spikes|p2a: Gliscor\n|-sidestart|p2: boobag|Spikes\n|\n|-damage|p2a: Gliscor|39\/100 tox|[from] psn\n|upkeep\n|turn|5\n|\n|t:|1698276619\n|move|p2a: Gliscor|Spikes||[still]\n|-fail|p2a: Gliscor\n|move|p1a: Ube Sago|Spikes|p2a: Gliscor\n|-sidestart|p2: boobag|Spikes\n|\n|-damage|p2a: Gliscor|8\/100 tox|[from] psn\n|upkeep\n|turn|6\n|\n|t:|1698276627\n|move|p1a: Ube Sago|Protect|p1a: Ube Sago\n|-singleturn|p1a: Ube Sago|Protect\n|move|p2a: Gliscor|Tailwind|p2a: Gliscor\n|-sidestart|p2: boobag|move: Tailwind\n|\n|-damage|p2a: Gliscor|0 fnt|[from] psn\n|faint|p2a: Gliscor\n|upkeep\n|\n|t:|1698276635\n|switch|p2a: John|Muk, M|100\/100\n|-damage|p2a: John|88\/100|[from] Stealth Rock\n|-damage|p2a: John|63\/100|[from] Spikes\n|turn|7\n|\n|t:|1698276649\n|switch|p1a: suck your mum|Quilladin, M|100\/100\n|-damage|p1a: suck your mum|76\/100|[from] Spikes\n|-damage|p1a: suck your mum|63\/100|[from] Stealth Rock\n|move|p2a: John|Mean Look|p1a: suck your mum\n|-activate|p1a: suck your mum|trapped\n|\n|-heal|p2a: John|69\/100|[from] item: Black Sludge\n|upkeep\n|turn|8\n|\n|t:|1698276661\n|move|p2a: John|Screech|p1a: suck your mum\n|-unboost|p1a: suck your mum|def|2\n|move|p1a: suck your mum|Leech Seed|p2a: John|[miss]\n|-miss|p1a: suck your mum|p2a: John\n|\n|-heal|p2a: John|75\/100|[from] item: Black Sludge\n|upkeep\n|turn|9\n|\n|t:|1698276671\n|move|p2a: John|Screech|p1a: suck your mum\n|-unboost|p1a: suck your mum|def|2\n|move|p1a: suck your mum|Super Fang|p2a: John\n|-damage|p2a: John|38\/100\n|\n|-heal|p2a: John|44\/100|[from] item: Black Sludge\n|-sideend|p2: boobag|move: Tailwind\n|upkeep\n|turn|10\n|\n|t:|1698276678\n|move|p1a: suck your mum|Protect|p1a: suck your mum\n|-singleturn|p1a: suck your mum|Protect\n|move|p2a: John|Screech|p1a: suck your mum\n|-activate|p1a: suck your mum|move: Protect\n|\n|-heal|p2a: John|50\/100|[from] item: Black Sludge\n|upkeep\n|turn|11\n|\n|t:|1698276686\n|move|p2a: John|Screech|p1a: suck your mum\n|-unboost|p1a: suck your mum|def|2\n|move|p1a: suck your mum|Super Fang|p2a: John\n|-damage|p2a: John|25\/100\n|\n|-heal|p2a: John|31\/100|[from] item: Black Sludge\n|upkeep\n|turn|12\n|\n|t:|1698276695\n|move|p2a: John|Screech|p1a: suck your mum|[miss]\n|-miss|p2a: John|p1a: suck your mum\n|move|p1a: suck your mum|Synthesis|p1a: suck your mum\n|-heal|p1a: suck your mum|100\/100\n|\n|-heal|p2a: John|37\/100|[from] item: Black Sludge\n|upkeep\n|turn|13\n|\n|t:|1698276705\n|move|p2a: John|Disable|p1a: suck your mum\n|-start|p1a: suck your mum|Disable|Synthesis\n|move|p1a: suck your mum|Super Fang|p2a: John\n|-damage|p2a: John|19\/100\n|\n|-heal|p2a: John|25\/100|[from] item: Black Sludge\n|upkeep\n|turn|14\n|\n|t:|1698276716\n|move|p2a: John|Acid Spray|p1a: suck your mum\n|-immune|p1a: suck your mum|[from] ability: Bulletproof\n|move|p1a: suck your mum|Super Fang|p2a: John\n|-damage|p2a: John|13\/100\n|\n|-heal|p2a: John|19\/100|[from] item: Black Sludge\n|upkeep\n|turn|15\n|\n|t:|1698276735\n|move|p2a: John|Screech|p1a: suck your mum|[miss]\n|-miss|p2a: John|p1a: suck your mum\n|move|p1a: suck your mum|Leech Seed|p2a: John\n|-start|p2a: John|move: Leech Seed\n|\n|-heal|p2a: John|25\/100|[from] item: Black Sludge\n|-damage|p2a: John|12\/100|[from] Leech Seed|[of] p1a: suck your mum\n|upkeep\n|turn|16\n|\n|t:|1698276748\n|move|p1a: suck your mum|Protect|p1a: suck your mum\n|-singleturn|p1a: suck your mum|Protect\n|move|p2a: John|Mean Look||[still]\n|-fail|p2a: John\n|\n|-heal|p2a: John|18\/100|[from] item: Black Sludge\n|-damage|p2a: John|6\/100|[from] Leech Seed|[of] p1a: suck your mum\n|-end|p1a: suck your mum|Disable\n|upkeep\n|turn|17\n|\n|t:|1698276757\n|move|p2a: John|Disable|p1a: suck your mum\n|-start|p1a: suck your mum|Disable|Protect\n|move|p1a: suck your mum|Super Fang|p2a: John\n|-damage|p2a: John|3\/100\n|\n|-heal|p2a: John|9\/100|[from] item: Black Sludge\n|-damage|p2a: John|0 fnt|[from] Leech Seed|[of] p1a: suck your mum\n|faint|p2a: John\n|upkeep\n|\n|t:|1698276776\n|switch|p2a: Grind|Krookodile, F, shiny|100\/100\n|-damage|p2a: Grind|94\/100|[from] Stealth Rock\n|-damage|p2a: Grind|70\/100|[from] Spikes\n|turn|18\n|\n|t:|1698276789\n|move|p2a: Grind|Earthquake|p1a: suck your mum\n|-resisted|p1a: suck your mum\n|-damage|p1a: suck your mum|20\/100\n|-damage|p2a: Grind|60\/100|[from] item: Life Orb\n|move|p1a: suck your mum|Leech Seed|p2a: Grind\n|-start|p2a: Grind|move: Leech Seed\n|\n|-damage|p2a: Grind|47\/100|[from] Leech Seed|[of] p1a: suck your mum\n|-heal|p1a: suck your mum|33\/100|[silent]\n|upkeep\n|turn|19\n|\n|t:|1698276804\n|move|p2a: Grind|Earthquake|p1a: suck your mum\n|-resisted|p1a: suck your mum\n|-damage|p1a: suck your mum|0 fnt\n|faint|p1a: suck your mum\n|-ability|p2a: Grind|Moxie|boost\n|-boost|p2a: Grind|atk|1\n|-damage|p2a: Grind|37\/100|[from] item: Life Orb\n|\n|upkeep\n|\n|t:|1698276811\n|switch|p1a: Rakugan|Mew|100\/100\n|-damage|p1a: Rakugan|76\/100|[from] Spikes\n|-damage|p1a: Rakugan|63\/100|[from] Stealth Rock\n|turn|20\n|c| caligulahar|hi guys\n|\n|t:|1698276869\n|switch|p2a: Gengar|Gengar, F|100\/100\n|-damage|p2a: Gengar|88\/100|[from] Stealth Rock\n|-damage|p2a: Gengar|63\/100|[from] Spikes\n|move|p1a: Rakugan|Calm Mind|p1a: Rakugan\n|-boost|p1a: Rakugan|spa|1\n|-boost|p1a: Rakugan|spd|1\n|\n|-heal|p1a: Rakugan|69\/100|[from] item: Leftovers\n|upkeep\n|turn|21\n|\n|t:|1698276909\n|move|p2a: Gengar|Shadow Ball|p1a: Rakugan\n|-supereffective|p1a: Rakugan\n|-crit|p1a: Rakugan\n|-damage|p1a: Rakugan|0 fnt\n|faint|p1a: Rakugan\n|\n|upkeep\n|\n|t:|1698276916\n|switch|p1a: Wagashi|Iron Valiant|100\/100\n|-damage|p1a: Wagashi|76\/100|[from] Spikes\n|-damage|p1a: Wagashi|69\/100|[from] Stealth Rock\n|-enditem|p1a: Wagashi|Booster Energy\n|-activate|p1a: Wagashi|ability: Quark Drive|[fromitem]\n|-start|p1a: Wagashi|quarkdrivespe\n|turn|22\n|\n|t:|1698276927\n|move|p1a: Wagashi|Psychic|p2a: Gengar\n|-supereffective|p2a: Gengar\n|-damage|p2a: Gengar|0 fnt\n|-start|p1a: Wagashi|Disable|Psychic|[from] ability: Cursed Body|[of] p2a: Gengar\n|faint|p2a: Gengar\n|\n|upkeep\n|\n|t:|1698276939\n|switch|p2a: Tornadus|Tornadus-Therian, M|100\/100\n|-damage|p2a: Tornadus|76\/100|[from] Stealth Rock\n|turn|23\n|\n|t:|1698276947\n|move|p1a: Wagashi|Thunderbolt|p2a: Tornadus\n|-supereffective|p2a: Tornadus\n|-damage|p2a: Tornadus|6\/100\n|move|p2a: Tornadus|Bleakwind Storm|p1a: Wagashi\n|-supereffective|p1a: Wagashi\n|-damage|p1a: Wagashi|0 fnt\n|faint|p1a: Wagashi\n|-end|p1a: Wagashi|Quark Drive|[silent]\n|\n|upkeep\n|\n|t:|1698276963\n|switch|p1a: Ube Sago|Clodsire, F|100\/100\n|-damage|p1a: Ube Sago|76\/100|[from] Spikes\n|-damage|p1a: Ube Sago|69\/100|[from] Stealth Rock\n|turn|24\n|\n|t:|1698276971\n|move|p2a: Tornadus|Extrasensory|p1a: Ube Sago\n|-supereffective|p1a: Ube Sago\n|-damage|p1a: Ube Sago|31\/100\n|move|p1a: Ube Sago|Toxic|p2a: Tornadus\n|-status|p2a: Tornadus|tox\n|\n|-heal|p1a: Ube Sago|37\/100|[from] item: Black Sludge\n|-damage|p2a: Tornadus|0 fnt|[from] psn\n|faint|p2a: Tornadus\n|upkeep\n|\n|t:|1698276982\n|switch|p2a: Pawmot|Pawmot, F|100\/100\n|-damage|p2a: Pawmot|94\/100|[from] Stealth Rock\n|-damage|p2a: Pawmot|70\/100|[from] Spikes\n|turn|25\n|\n|t:|1698276992\n|move|p2a: Pawmot|Ice Punch|p1a: Ube Sago\n|-supereffective|p1a: Ube Sago\n|-damage|p1a: Ube Sago|0 fnt\n|faint|p1a: Ube Sago\n|\n|upkeep\n|\n|t:|1698276999\n|switch|p1a: Halo Halo|Basculegion, M|100\/100\n|-damage|p1a: Halo Halo|76\/100|[from] Spikes\n|-damage|p1a: Halo Halo|63\/100|[from] Stealth Rock\n|turn|26\n|\n|t:|1698277013\n|move|p1a: Halo Halo|Last Respects|p2a: Pawmot\n|-damage|p2a: Pawmot|0 fnt\n|faint|p2a: Pawmot\n|\n|upkeep\n|\n|t:|1698277018\n|switch|p2a: Grind|Krookodile, F, shiny|37\/100\n|-damage|p2a: Grind|31\/100|[from] Stealth Rock\n|-damage|p2a: Grind|7\/100|[from] Spikes\n|turn|27\n|\n|t:|1698277023\n|move|p1a: Halo Halo|Last Respects|p2a: Grind\n|-resisted|p2a: Grind\n|-damage|p2a: Grind|0 fnt\n|faint|p2a: Grind\n|\n|win|prof minu\n|l|\u2606prof minu\n","uploadtime":1698277032,"views":18,"p1id":"profminu","p2id":"boobag","formatid":"gen9anythinggoes","rating":0,"private":0,"password":""}