{"id":"gen9anythinggoes-1985412014","p1":"raldhahah","p2":"jingjin","format":"[Gen 9] Anything Goes","log":"|j|\u2606raldhahah\n|j|\u2606jingjin\n|t:|1699372510\n|gametype|singles\n|player|p1|raldhahah|1|1083\n|player|p2|jingjin|caitlin|1068\n|teamsize|p1|6\n|teamsize|p2|6\n|gen|9\n|tier|[Gen 9] Anything Goes\n|rated|\n|rule|HP Percentage Mod: HP is shown in percentages\n|rule|Endless Battle Clause: Forcing endless battles is banned\n|clearpoke\n|poke|p1|Salamence, F|\n|poke|p1|Jirachi|\n|poke|p1|Diancie|\n|poke|p1|Mimikyu, M|\n|poke|p1|Jolteon, M|\n|poke|p1|Magearna|\n|poke|p2|Drifblim, F|\n|poke|p2|Inteleon, M|\n|poke|p2|Dragonair, F|\n|poke|p2|Ampharos, F|\n|poke|p2|Flapple, F|\n|poke|p2|Dialga-Origin|\n|teampreview\n|\n|t:|1699372531\n|start\n|switch|p1a: Salamence|Salamence, F|100\/100\n|switch|p2a: Dragonair|Dragonair, F|100\/100\n|turn|1\n|\n|t:|1699372538\n|move|p1a: Salamence|Dragon Claw|p2a: Dragonair\n|-supereffective|p2a: Dragonair\n|-damage|p2a: Dragonair|43\/100\n|move|p2a: Dragonair|Rain Dance|p2a: Dragonair\n|-weather|RainDance\n|\n|-weather|RainDance|[upkeep]\n|upkeep\n|turn|2\n|\n|t:|1699372552\n|move|p1a: Salamence|Dragon Claw|p2a: Dragonair\n|-supereffective|p2a: Dragonair\n|-damage|p2a: Dragonair|0 fnt\n|faint|p2a: Dragonair\n|-ability|p1a: Salamence|Moxie|boost\n|-boost|p1a: Salamence|atk|1\n|\n|-weather|RainDance|[upkeep]\n|upkeep\n|\n|t:|1699372565\n|switch|p2a: Ampharos|Ampharos, F|100\/100\n|turn|3\n|\n|t:|1699372570\n|move|p1a: Salamence|Dragon Claw|p2a: Ampharos\n|-damage|p2a: Ampharos|39\/100\n|move|p2a: Ampharos|Cotton Guard|p2a: Ampharos\n|-boost|p2a: Ampharos|def|3\n|\n|-weather|RainDance|[upkeep]\n|upkeep\n|turn|4\n|\n|t:|1699372578\n|move|p1a: Salamence|Dragon Claw|p2a: Ampharos\n|-damage|p2a: Ampharos|14\/100\n|move|p2a: Ampharos|Cotton Guard|p2a: Ampharos\n|-boost|p2a: Ampharos|def|3\n|\n|-weather|RainDance|[upkeep]\n|upkeep\n|turn|5\n|\n|t:|1699372586\n|move|p1a: Salamence|Dragon Claw|p2a: Ampharos\n|-damage|p2a: Ampharos|0 fnt\n|faint|p2a: Ampharos\n|-ability|p1a: Salamence|Moxie|boost\n|-boost|p1a: Salamence|atk|1\n|\n|-weather|none\n|upkeep\n|\n|t:|1699372594\n|switch|p2a: Drifblim|Drifblim, F|100\/100\n|turn|6\n|\n|t:|1699372597\n|move|p1a: Salamence|Dragon Claw|p2a: Drifblim\n|-damage|p2a: Drifblim|39\/100\n|move|p2a: Drifblim|Minimize|p2a: Drifblim\n|-boost|p2a: Drifblim|evasion|2\n|\n|upkeep\n|turn|7\n|\n|t:|1699372604\n|move|p1a: Salamence|Dragon Claw|p2a: Drifblim\n|-damage|p2a: Drifblim|0 fnt\n|faint|p2a: Drifblim\n|-ability|p1a: Salamence|Moxie|boost\n|-boost|p1a: Salamence|atk|1\n|\n|upkeep\n|\n|t:|1699372611\n|switch|p2a: Dialga|Dialga-Origin|100\/100\n|-ability|p2a: Dialga|Pressure\n|turn|8\n|\n|t:|1699372617\n|move|p1a: Salamence|Dragon Claw|p2a: Dialga\n|-damage|p2a: Dialga|30\/100\n|move|p2a: Dialga|Gravity|p2a: Dialga\n|-fieldstart|move: Gravity\n|\n|upkeep\n|turn|9\n|\n|t:|1699372626\n|move|p1a: Salamence|Dragon Claw|p2a: Dialga\n|-damage|p2a: Dialga|0 fnt\n|faint|p2a: Dialga\n|-ability|p1a: Salamence|Moxie|boost\n|-boost|p1a: Salamence|atk|1\n|\n|upkeep\n|\n|t:|1699372632\n|switch|p2a: Flapple|Flapple, F|100\/100\n|turn|10\n|\n|t:|1699372637\n|-terastallize|p2a: Flapple|Grass\n|move|p2a: Flapple|Grav Apple|p1a: Salamence\n|-resisted|p1a: Salamence\n|-damage|p1a: Salamence|68\/100\n|-unboost|p1a: Salamence|def|1\n|move|p1a: Salamence|Dragon Claw|p2a: Flapple\n|-damage|p2a: Flapple|0 fnt\n|faint|p2a: Flapple\n|-ability|p1a: Salamence|Moxie|boost\n|-boost|p1a: Salamence|atk|1\n|\n|upkeep\n|\n|t:|1699372648\n|switch|p2a: Inteleon|Inteleon, M, shiny|100\/100\n|turn|11\n|\n|t:|1699372652\n|move|p2a: Inteleon|Ice Beam|p1a: Salamence\n|-supereffective|p1a: Salamence\n|-damage|p1a: Salamence|0 fnt\n|faint|p1a: Salamence\n|\n|upkeep\n|\n|t:|1699372659\n|switch|p1a: Jirachi|Jirachi|100\/100\n|turn|12\n|\n|t:|1699372668\n|move|p2a: Inteleon|Mud Shot|p1a: Jirachi\n|-supereffective|p1a: Jirachi\n|-damage|p1a: Jirachi|70\/100\n|-unboost|p1a: Jirachi|spe|1\n|move|p1a: Jirachi|Doom Desire|p2a: Inteleon\n|-start|p1a: Jirachi|Doom Desire\n|\n|-heal|p1a: Jirachi|76\/100|[from] item: Leftovers\n|-fieldend|move: Gravity\n|upkeep\n|turn|13\n|\n|t:|1699372681\n|move|p2a: Inteleon|Mud Shot|p1a: Jirachi\n|-supereffective|p1a: Jirachi\n|-damage|p1a: Jirachi|42\/100\n|-unboost|p1a: Jirachi|spe|1\n|move|p1a: Jirachi|Substitute|p1a: Jirachi\n|-start|p1a: Jirachi|Substitute\n|-damage|p1a: Jirachi|17\/100\n|\n|-heal|p1a: Jirachi|24\/100|[from] item: Leftovers\n|upkeep\n|turn|14\n|\n|t:|1699372692\n|move|p2a: Inteleon|Mud Shot|p1a: Jirachi\n|-supereffective|p1a: Jirachi\n|-end|p1a: Jirachi|Substitute\n|move|p1a: Jirachi|Wish|p1a: Jirachi\n|\n|-end|p2a: Inteleon|move: Doom Desire\n|-resisted|p2a: Inteleon\n|-damage|p2a: Inteleon|61\/100\n|-heal|p1a: Jirachi|30\/100|[from] item: Leftovers\n|upkeep\n|turn|15\n|\n|t:|1699372702\n|move|p2a: Inteleon|Mud Shot|p1a: Jirachi\n|-supereffective|p1a: Jirachi\n|-damage|p1a: Jirachi|0 fnt\n|faint|p1a: Jirachi\n|\n|upkeep\n|\n|t:|1699372708\n|switch|p1a: Jolteon|Jolteon, M|100\/100\n|turn|16\n|\n|t:|1699372712\n|move|p1a: Jolteon|Volt Switch|p2a: Inteleon\n|-supereffective|p2a: Inteleon\n|-damage|p2a: Inteleon|0 fnt\n|faint|p2a: Inteleon\n|\n|win|raldhahah\n|raw|raldhahah's rating: 1083 &rarr; <strong>1109<\/strong><br \/>(+26 for winning)\n|raw|jingjin's rating: 1068 &rarr; <strong>1049<\/strong><br \/>(-19 for losing)\n|l|\u2606jingjin\n","uploadtime":1699372800,"views":6,"p1id":"raldhahah","p2id":"jingjin","formatid":"gen9anythinggoes","rating":1049,"private":0,"password":""}