{"id":"gen9anythinggoes-1995684253","p1":"carve the moon","p2":"Killerorcas","format":"[Gen 9] Anything Goes","log":"|j|\u2606carve the moon\n|j|\u2606Killerorcas\n|t:|1700593726\n|gametype|singles\n|player|p1|carve the moon|lusamine-nihilego|\n|player|p2|Killerorcas|102|\n|teamsize|p1|1\n|teamsize|p2|1\n|gen|9\n|tier|[Gen 9] Anything Goes\n|rule|HP Percentage Mod: HP is shown in percentages\n|rule|Endless Battle Clause: Forcing endless battles is banned\n|clearpoke\n|poke|p1|Clefairy, F|\n|poke|p2|Clefairy, F|\n|teampreview\n|inactive|Battle timer is ON: inactive players will automatically lose when time's up. (requested by carve the moon)\n|\n|t:|1700593731\n|start\n|switch|p1a: Clefairy|Clefairy, F|100\/100\n|switch|p2a: Clefairy|Clefairy, F|100\/100\n|turn|1\n|\n|t:|1700593737\n|move|p2a: Clefairy|Metronome|p2a: Clefairy\n|move|p2a: Clefairy|Bug Bite|p1a: Clefairy|[from]move: Metronome\n|-resisted|p1a: Clefairy\n|-damage|p1a: Clefairy|92\/100\n|move|p1a: Clefairy|Metronome|p1a: Clefairy\n|move|p1a: Clefairy|Low Sweep|p2a: Clefairy|[from]move: Metronome\n|-resisted|p2a: Clefairy\n|-damage|p2a: Clefairy|91\/100\n|-unboost|p2a: Clefairy|spe|1\n|\n|upkeep\n|turn|2\n|\n|t:|1700593757\n|move|p1a: Clefairy|Metronome|p1a: Clefairy\n|move|p1a: Clefairy|Ice Beam|p2a: Clefairy|[from]move: Metronome\n|-damage|p2a: Clefairy|67\/100\n|move|p2a: Clefairy|Metronome|p2a: Clefairy\n|move|p2a: Clefairy|Blast Burn|p1a: Clefairy|[from]move: Metronome\n|-damage|p1a: Clefairy|54\/100\n|-mustrecharge|p2a: Clefairy\n|\n|upkeep\n|turn|3\n|\n|t:|1700593766\n|move|p1a: Clefairy|Metronome|p1a: Clefairy\n|move|p1a: Clefairy|Tri Attack|p2a: Clefairy|[from]move: Metronome\n|-damage|p2a: Clefairy|47\/100\n|-status|p2a: Clefairy|frz\n|cant|p2a: Clefairy|recharge\n|\n|upkeep\n|turn|4\n|\n|t:|1700593775\n|move|p1a: Clefairy|Metronome|p1a: Clefairy\n|move|p1a: Clefairy|Force Palm|p2a: Clefairy|[from]move: Metronome\n|-resisted|p2a: Clefairy\n|-damage|p2a: Clefairy|38\/100 frz\n|cant|p2a: Clefairy|frz\n|\n|upkeep\n|turn|5\n|c|\u2606Killerorcas|Stream you aren\u2019t special by Mori calliope\n|\n|t:|1700593803\n|move|p1a: Clefairy|Metronome|p1a: Clefairy\n|move|p1a: Clefairy|Fury Attack|p2a: Clefairy|[from]move: Metronome\n|-damage|p2a: Clefairy|34\/100 frz\n|-damage|p2a: Clefairy|29\/100 frz\n|-damage|p2a: Clefairy|24\/100 frz\n|-hitcount|p2a: Clefairy|3\n|cant|p2a: Clefairy|frz\n|\n|upkeep\n|turn|6\n|c|\u2606carve the moon|youre getting rnged\n|\n|t:|1700593816\n|move|p1a: Clefairy|Metronome|p1a: Clefairy\n|move|p1a: Clefairy|Tera Blast|p2a: Clefairy|[from]move: Metronome\n|-damage|p2a: Clefairy|2\/100 frz\n|cant|p2a: Clefairy|frz\n|\n|upkeep\n|turn|7\n|\n|t:|1700593823\n|move|p1a: Clefairy|Metronome|p1a: Clefairy\n|move|p1a: Clefairy|Magnet Rise|p1a: Clefairy|[from]move: Metronome\n|-start|p1a: Clefairy|Magnet Rise\n|cant|p2a: Clefairy|frz\n|\n|upkeep\n|turn|8\n|\n|t:|1700593830\n|move|p1a: Clefairy|Metronome|p1a: Clefairy\n|move|p1a: Clefairy|Water Gun|p2a: Clefairy|[from]move: Metronome\n|-damage|p2a: Clefairy|0 fnt\n|faint|p2a: Clefairy\n|\n|win|carve the moon\n","uploadtime":1700593838,"views":2,"p1id":"carvethemoon","p2id":"killerorcas","formatid":"gen9anythinggoes","rating":0,"private":0,"password":""}