{"id":"gen9anythinggoes-1981975404","p1":"hawkman100","p2":"AtlantaSkwah","format":"[Gen 9] Anything Goes","log":"|j|\u2606hawkman100\n|j|\u2606AtlantaSkwah\n|t:|1698956350\n|gametype|singles\n|player|p1|hawkman100|102|1362\n|player|p2|AtlantaSkwah|1|1546\n|teamsize|p1|6\n|teamsize|p2|6\n|gen|9\n|tier|[Gen 9] Anything Goes\n|rated|\n|rule|HP Percentage Mod: HP is shown in percentages\n|rule|Endless Battle Clause: Forcing endless battles is banned\n|clearpoke\n|poke|p1|Iron Bundle|\n|poke|p1|Corviknight, F|\n|poke|p1|Clodsire, M|\n|poke|p1|Calyrex-Shadow|\n|poke|p1|Arceus|\n|poke|p1|Miraidon|\n|poke|p2|Espathra, F|\n|poke|p2|Calyrex-Shadow|\n|poke|p2|Arceus|\n|poke|p2|Arceus|\n|poke|p2|Kyogre|\n|poke|p2|Kingambit, F|\n|teampreview\n|inactive|Battle timer is ON: inactive players will automatically lose when time's up. (requested by AtlantaSkwah)\n|inactive|AtlantaSkwah has 120 seconds left.\n|\n|t:|1698956380\n|start\n|switch|p1a: Iron Bundle|Iron Bundle|100\/100\n|switch|p2a: Espathra|Espathra, F|100\/100\n|-enditem|p1a: Iron Bundle|Booster Energy\n|-activate|p1a: Iron Bundle|ability: Quark Drive|[fromitem]\n|-start|p1a: Iron Bundle|quarkdrivespe\n|turn|1\n|\n|t:|1698956388\n|move|p2a: Espathra|Protect|p2a: Espathra\n|-singleturn|p2a: Espathra|Protect\n|move|p1a: Iron Bundle|Taunt|p2a: Espathra\n|-activate|p2a: Espathra|move: Protect\n|\n|-ability|p2a: Espathra|Speed Boost|boost\n|-boost|p2a: Espathra|spe|1\n|upkeep\n|turn|2\n|\n|t:|1698956402\n|move|p1a: Iron Bundle|Taunt|p2a: Espathra\n|-start|p2a: Espathra|move: Taunt\n|cant|p2a: Espathra|move: Taunt|Baton Pass\n|\n|-ability|p2a: Espathra|Speed Boost|boost\n|-boost|p2a: Espathra|spe|1\n|upkeep\n|turn|3\n|\n|t:|1698956410\n|move|p2a: Espathra|Stored Power|p1a: Iron Bundle\n|-damage|p1a: Iron Bundle|59\/100\n|move|p1a: Iron Bundle|Hydro Pump|p2a: Espathra|[miss]\n|-miss|p1a: Iron Bundle|p2a: Espathra\n|\n|-ability|p2a: Espathra|Speed Boost|boost\n|-boost|p2a: Espathra|spe|1\n|upkeep\n|turn|4\n|\n|t:|1698956417\n|move|p2a: Espathra|Stored Power|p1a: Iron Bundle\n|-damage|p1a: Iron Bundle|5\/100\n|move|p1a: Iron Bundle|Ice Beam|p2a: Espathra\n|-damage|p2a: Espathra|50\/100\n|\n|-heal|p2a: Espathra|56\/100|[from] item: Leftovers\n|-end|p2a: Espathra|move: Taunt\n|-ability|p2a: Espathra|Speed Boost|boost\n|-boost|p2a: Espathra|spe|1\n|upkeep\n|turn|5\n|\n|t:|1698956428\n|move|p2a: Espathra|Calm Mind|p2a: Espathra\n|-boost|p2a: Espathra|spa|1\n|-boost|p2a: Espathra|spd|1\n|move|p1a: Iron Bundle|Taunt|p2a: Espathra\n|-start|p2a: Espathra|move: Taunt\n|\n|-heal|p2a: Espathra|62\/100|[from] item: Leftovers\n|-ability|p2a: Espathra|Speed Boost|boost\n|-boost|p2a: Espathra|spe|1\n|upkeep\n|turn|6\n|\n|t:|1698956437\n|move|p2a: Espathra|Stored Power|p1a: Iron Bundle\n|-damage|p1a: Iron Bundle|0 fnt\n|faint|p1a: Iron Bundle\n|-end|p1a: Iron Bundle|Quark Drive|[silent]\n|\n|-heal|p2a: Espathra|68\/100|[from] item: Leftovers\n|-ability|p2a: Espathra|Speed Boost|boost\n|-boost|p2a: Espathra|spe|1\n|upkeep\n|\n|t:|1698956444\n|switch|p1a: Clodsire|Clodsire, M|100\/100\n|turn|7\n|\n|t:|1698956447\n|move|p2a: Espathra|Stored Power|p1a: Clodsire\n|-supereffective|p1a: Clodsire\n|-damage|p1a: Clodsire|7\/100\n|move|p1a: Clodsire|Yawn|p2a: Espathra\n|-start|p2a: Espathra|move: Yawn|[of] p1a: Clodsire\n|\n|-heal|p2a: Espathra|74\/100|[from] item: Leftovers\n|-heal|p1a: Clodsire|14\/100|[from] item: Black Sludge\n|upkeep\n|turn|8\n|\n|t:|1698956457\n|move|p2a: Espathra|Stored Power|p1a: Clodsire\n|-supereffective|p1a: Clodsire\n|-damage|p1a: Clodsire|0 fnt\n|faint|p1a: Clodsire\n|\n|-heal|p2a: Espathra|80\/100|[from] item: Leftovers\n|-end|p2a: Espathra|move: Taunt\n|-end|p2a: Espathra|move: Yawn|[silent]\n|-status|p2a: Espathra|slp\n|upkeep\n|\n|t:|1698956465\n|switch|p1a: Calyrex|Calyrex-Shadow|100\/100\n|-ability|p1a: Calyrex|As One\n|-ability|p1a: Calyrex|Unnerve\n|turn|9\n|\n|t:|1698956475\n|-terastallize|p2a: Espathra|Normal\n|-terastallize|p1a: Calyrex|Fairy\n|cant|p2a: Espathra|slp\n|move|p1a: Calyrex|Astral Barrage|p2a: Espathra\n|-immune|p2a: Espathra\n|\n|-heal|p2a: Espathra|86\/100 slp|[from] item: Leftovers\n|upkeep\n|turn|10\n|\n|t:|1698956491\n|cant|p2a: Espathra|slp\n|move|p1a: Calyrex|Dark Pulse|p2a: Espathra\n|-damage|p2a: Espathra|59\/100 slp\n|\n|-heal|p2a: Espathra|65\/100 slp|[from] item: Leftovers\n|upkeep\n|turn|11\n|\n|t:|1698956498\n|-curestatus|p2a: Espathra|slp|[msg]\n|move|p2a: Espathra|Baton Pass|p2a: Espathra\n|\n|t:|1698956501\n|switch|p2a: Arceus|Arceus|100\/100|[from] Baton Pass\n|move|p1a: Calyrex|Grass Knot|p2a: Arceus\n|-damage|p2a: Arceus|80\/100\n|\n|-heal|p2a: Arceus|86\/100|[from] item: Leftovers\n|upkeep\n|turn|12\n|\n|t:|1698956508\n|move|p2a: Arceus|Cosmic Power|p2a: Arceus\n|-boost|p2a: Arceus|def|1\n|-boost|p2a: Arceus|spd|1\n|move|p1a: Calyrex|Psychic|p2a: Arceus\n|-damage|p2a: Arceus|68\/100\n|\n|-heal|p2a: Arceus|74\/100|[from] item: Leftovers\n|upkeep\n|turn|13\n|\n|t:|1698956519\n|move|p2a: Arceus|Cosmic Power|p2a: Arceus\n|-boost|p2a: Arceus|def|1\n|-boost|p2a: Arceus|spd|1\n|move|p1a: Calyrex|Psychic|p2a: Arceus\n|-damage|p2a: Arceus|61\/100\n|\n|-heal|p2a: Arceus|67\/100|[from] item: Leftovers\n|upkeep\n|turn|14\n|\n|t:|1698956530\n|move|p2a: Arceus|Cosmic Power|p2a: Arceus\n|-boost|p2a: Arceus|def|1\n|-boost|p2a: Arceus|spd|1\n|move|p1a: Calyrex|Dark Pulse|p2a: Arceus\n|-damage|p2a: Arceus|59\/100\n|\n|-heal|p2a: Arceus|65\/100|[from] item: Leftovers\n|upkeep\n|turn|15\n|\n|t:|1698956538\n|move|p2a: Arceus|Cosmic Power|p2a: Arceus\n|-boost|p2a: Arceus|def|1\n|-boost|p2a: Arceus|spd|1\n|move|p1a: Calyrex|Psychic|p2a: Arceus\n|-crit|p2a: Arceus\n|-damage|p2a: Arceus|13\/100\n|\n|-heal|p2a: Arceus|19\/100|[from] item: Leftovers\n|upkeep\n|turn|16\n|\n|t:|1698956548\n|move|p2a: Arceus|Recover|p2a: Arceus\n|-heal|p2a: Arceus|69\/100\n|move|p1a: Calyrex|Dark Pulse|p2a: Arceus\n|-damage|p2a: Arceus|63\/100\n|\n|-heal|p2a: Arceus|69\/100|[from] item: Leftovers\n|upkeep\n|turn|17\n|\n|t:|1698956556\n|move|p2a: Arceus|Cosmic Power|p2a: Arceus\n|-boost|p2a: Arceus|def|1\n|-boost|p2a: Arceus|spd|1\n|move|p1a: Calyrex|Psychic|p2a: Arceus\n|-damage|p2a: Arceus|60\/100\n|\n|-heal|p2a: Arceus|66\/100|[from] item: Leftovers\n|upkeep\n|turn|18\n|\n|t:|1698956575\n|move|p2a: Arceus|Cosmic Power|p2a: Arceus\n|-boost|p2a: Arceus|def|1\n|-boost|p2a: Arceus|spd|0\n|move|p1a: Calyrex|Grass Knot|p2a: Arceus\n|-damage|p2a: Arceus|57\/100\n|\n|-heal|p2a: Arceus|63\/100|[from] item: Leftovers\n|upkeep\n|turn|19\n|\n|t:|1698956582\n|move|p2a: Arceus|Recover|p2a: Arceus\n|-heal|p2a: Arceus|100\/100\n|move|p1a: Calyrex|Psychic|p2a: Arceus\n|-damage|p2a: Arceus|91\/100\n|\n|-heal|p2a: Arceus|97\/100|[from] item: Leftovers\n|upkeep\n|turn|20\n|\n|t:|1698956594\n|move|p2a: Arceus|Stored Power|p1a: Calyrex\n|-enditem|p1a: Calyrex|Focus Sash\n|-damage|p1a: Calyrex|1\/100\n|move|p1a: Calyrex|Dark Pulse|p2a: Arceus\n|-damage|p2a: Arceus|92\/100\n|\n|-heal|p2a: Arceus|98\/100|[from] item: Leftovers\n|upkeep\n|turn|21\n|\n|t:|1698956607\n|move|p2a: Arceus|Stored Power|p1a: Calyrex\n|-damage|p1a: Calyrex|0 fnt\n|faint|p1a: Calyrex\n|\n|-heal|p2a: Arceus|100\/100|[from] item: Leftovers\n|upkeep\n|\n|t:|1698956614\n|switch|p1a: Corviknight|Corviknight, F|100\/100\n|-ability|p1a: Corviknight|Pressure\n|turn|22\n|\n|t:|1698956619\n|move|p2a: Arceus|Stored Power|p1a: Corviknight\n|-resisted|p1a: Corviknight\n|-damage|p1a: Corviknight|44\/100\n|move|p1a: Corviknight|Bulk Up|p1a: Corviknight\n|-boost|p1a: Corviknight|atk|1\n|-boost|p1a: Corviknight|def|1\n|\n|upkeep\n|turn|23\n|\n|t:|1698956628\n|move|p2a: Arceus|Stored Power|p1a: Corviknight\n|-resisted|p1a: Corviknight\n|-damage|p1a: Corviknight|0 fnt\n|faint|p1a: Corviknight\n|\n|upkeep\n|\n|t:|1698956636\n|switch|p1a: Miraidon|Miraidon|100\/100\n|-fieldstart|move: Electric Terrain|[from] ability: Hadron Engine|[of] p1a: Miraidon\n|turn|24\n|\n|t:|1698956641\n|move|p2a: Arceus|Stored Power|p1a: Miraidon\n|-damage|p1a: Miraidon|0 fnt\n|faint|p1a: Miraidon\n|\n|upkeep\n|\n|t:|1698956645\n|switch|p1a: Arceus|Arceus|100\/100\n|turn|25\n|\n|t:|1698956649\n|move|p2a: Arceus|Stored Power|p1a: Arceus\n|-damage|p1a: Arceus|0 fnt\n|faint|p1a: Arceus\n|\n|win|AtlantaSkwah\n|raw|hawkman100's rating: 1362 &rarr; <strong>1352<\/strong><br \/>(-10 for losing)\n|raw|AtlantaSkwah's rating: 1546 &rarr; <strong>1556<\/strong><br \/>(+10 for winning)\n","uploadtime":1698956668,"views":6,"p1id":"hawkman100","p2id":"atlantaskwah","formatid":"gen9anythinggoes","rating":1352,"private":0,"password":""}