{"id":"gen9anythinggoes-1986858505","p1":"12Freebee","p2":"jahamez the first","format":"[Gen 9] Anything Goes","log":"|j|\u260612Freebee\n|j|\u2606jahamez the first\n|t:|1699534897\n|gametype|singles\n|player|p1|12Freebee|brycenman|1004\n|player|p2|jahamez the first|101|1010\n|teamsize|p1|6\n|teamsize|p2|6\n|gen|9\n|tier|[Gen 9] Anything Goes\n|rated|\n|rule|HP Percentage Mod: HP is shown in percentages\n|rule|Endless Battle Clause: Forcing endless battles is banned\n|clearpoke\n|poke|p1|Chesnaught, M|\n|poke|p1|Growlithe-Hisui, F|\n|poke|p1|Kingambit, M|\n|poke|p1|Glimmora, M|\n|poke|p1|Mimikyu, F|\n|poke|p1|Annihilape, F|\n|poke|p2|Electrode|\n|poke|p2|Dragonite, M|\n|poke|p2|Dudunsparce-*, M|\n|poke|p2|Polteageist-Antique|\n|poke|p2|Floatzel, M|\n|poke|p2|Hawlucha, M|\n|teampreview\n|inactive|Battle timer is ON: inactive players will automatically lose when time's up. (requested by jahamez the first)\n|\n|t:|1699534901\n|start\n|switch|p1a: Glimmora|Glimmora, M|100\/100\n|switch|p2a: Great ball|Electrode, shiny|100\/100\n|turn|1\n|\n|t:|1699534913\n|move|p1a: Glimmora|Spiky Shield|p1a: Glimmora\n|-singleturn|p1a: Glimmora|move: Protect\n|move|p2a: Great ball|Screech|p1a: Glimmora\n|-activate|p1a: Glimmora|move: Protect\n|\n|upkeep\n|turn|2\n|\n|t:|1699534919\n|move|p2a: Great ball|Screech|p1a: Glimmora\n|-unboost|p1a: Glimmora|def|2\n|move|p1a: Glimmora|Stealth Rock|p2a: Great ball\n|-sidestart|p2: jahamez the first|move: Stealth Rock\n|\n|upkeep\n|turn|3\n|\n|t:|1699534925\n|move|p1a: Glimmora|Spiky Shield|p1a: Glimmora\n|-singleturn|p1a: Glimmora|move: Protect\n|move|p2a: Great ball|Screech|p1a: Glimmora\n|-activate|p1a: Glimmora|move: Protect\n|\n|upkeep\n|turn|4\n|\n|t:|1699534933\n|move|p2a: Great ball|Spark|p1a: Glimmora\n|-damage|p1a: Glimmora|61\/100\n|-activate|p1a: Glimmora|ability: Toxic Debris\n|-sidestart|p2: jahamez the first|move: Toxic Spikes\n|move|p1a: Glimmora|Spikes|p2a: Great ball\n|-sidestart|p2: jahamez the first|Spikes\n|\n|upkeep\n|turn|5\n|\n|t:|1699534942\n|move|p1a: Glimmora|Spiky Shield|p1a: Glimmora\n|-singleturn|p1a: Glimmora|move: Protect\n|move|p2a: Great ball|Screech|p1a: Glimmora\n|-activate|p1a: Glimmora|move: Protect\n|\n|upkeep\n|turn|6\n|\n|t:|1699534951\n|move|p2a: Great ball|Spark|p1a: Glimmora\n|-damage|p1a: Glimmora|20\/100\n|-activate|p1a: Glimmora|ability: Toxic Debris\n|-sidestart|p2: jahamez the first|move: Toxic Spikes\n|move|p1a: Glimmora|Spikes|p2a: Great ball\n|-sidestart|p2: jahamez the first|Spikes\n|\n|upkeep\n|turn|7\n|\n|t:|1699534959\n|move|p1a: Glimmora|Spiky Shield|p1a: Glimmora\n|-singleturn|p1a: Glimmora|move: Protect\n|move|p2a: Great ball|Screech|p1a: Glimmora\n|-activate|p1a: Glimmora|move: Protect\n|\n|upkeep\n|turn|8\n|\n|t:|1699534965\n|move|p2a: Great ball|Spark|p1a: Glimmora\n|-damage|p1a: Glimmora|0 fnt\n|faint|p1a: Glimmora\n|\n|upkeep\n|\n|t:|1699534979\n|switch|p1a: Annihilape|Annihilape, F|100\/100\n|turn|9\n|\n|t:|1699534984\n|move|p2a: Great ball|Screech|p1a: Annihilape\n|-unboost|p1a: Annihilape|def|2\n|-ability|p1a: Annihilape|Defiant|boost\n|-boost|p1a: Annihilape|atk|2\n|move|p1a: Annihilape|Final Gambit|p2a: Great ball\n|-damage|p2a: Great ball|0 fnt\n|faint|p1a: Annihilape\n|faint|p2a: Great ball\n|\n|upkeep\n|\n|t:|1699534994\n|switch|p2a: La Dragon|Dragonite, M|100\/100\n|switch|p1a: Growlithe|Growlithe-Hisui, F|100\/100\n|-damage|p2a: La Dragon|76\/100|[from] Stealth Rock\n|turn|10\n|\n|t:|1699535001\n|move|p2a: La Dragon|Dragon Dance|p2a: La Dragon\n|-boost|p2a: La Dragon|atk|1\n|-boost|p2a: La Dragon|spe|1\n|move|p1a: Growlithe|Wild Charge|p2a: La Dragon\n|-damage|p2a: La Dragon|55\/100\n|\n|upkeep\n|turn|11\n|\n|t:|1699535010\n|move|p2a: La Dragon|Dragon Dance|p2a: La Dragon\n|-boost|p2a: La Dragon|atk|1\n|-boost|p2a: La Dragon|spe|1\n|move|p1a: Growlithe|Head Smash|p2a: La Dragon\n|-supereffective|p2a: La Dragon\n|-damage|p2a: La Dragon|0 fnt\n|faint|p2a: La Dragon\n|\n|upkeep\n|-message|jahamez the first forfeited.\n|\n|win|12Freebee\n|raw|12Freebee's rating: 1004 &rarr; <strong>1044<\/strong><br \/>(+40 for winning)\n|raw|jahamez the first's rating: 1010 &rarr; <strong>1000<\/strong><br \/>(-10 for losing)\n|l|\u2606jahamez the first\n","uploadtime":1699535026,"views":20,"p1id":"12freebee","p2id":"jahamezthefirst","formatid":"gen9anythinggoes","rating":1000,"private":0,"password":""}