{"id":"gen9anythinggoes-1994866796","p1":"Holdenisagodofmyth","p2":"biel128","format":"[Gen 9] Anything Goes","log":"|j|\u2606Holdenisagodofmyth\n|j|\u2606biel128\n|t:|1700499998\n|gametype|singles\n|player|p1|Holdenisagodofmyth|hugh|1073\n|player|p2|biel128|red|1105\n|teamsize|p1|6\n|teamsize|p2|6\n|gen|9\n|tier|[Gen 9] Anything Goes\n|rated|\n|rule|HP Percentage Mod: HP is shown in percentages\n|rule|Endless Battle Clause: Forcing endless battles is banned\n|clearpoke\n|poke|p1|Sinistcha-Masterpiece|\n|poke|p1|Sneasler, M|\n|poke|p1|Basculegion-F, F|\n|poke|p1|Drifblim, M|\n|poke|p1|Ursaluna-Bloodmoon, M|\n|poke|p1|Groudon|\n|poke|p2|Tinkaton, F|\n|poke|p2|Maushold-Four|\n|poke|p2|Toxtricity-Low-Key, M|\n|poke|p2|Zacian-*|\n|poke|p2|Calyrex-Shadow|\n|poke|p2|Dragapult, F|\n|teampreview\n|\n|t:|1700500005\n|start\n|switch|p1a: Min|Drifblim, M|100\/100\n|switch|p2a: Tinkaton|Tinkaton, F|100\/100\n|-ability|p2a: Tinkaton|Mold Breaker\n|turn|1\n|\n|t:|1700500013\n|move|p2a: Tinkaton|Stealth Rock|p1a: Min\n|-sidestart|p1: Holdenisagodofmyth|move: Stealth Rock\n|move|p1a: Min|Minimize|p1a: Min\n|-boost|p1a: Min|evasion|2\n|\n|upkeep\n|turn|2\n|\n|t:|1700500021\n|move|p2a: Tinkaton|Swords Dance|p2a: Tinkaton\n|-boost|p2a: Tinkaton|atk|2\n|move|p1a: Min|Minimize|p1a: Min\n|-boost|p1a: Min|evasion|2\n|\n|upkeep\n|turn|3\n|\n|t:|1700500028\n|move|p2a: Tinkaton|Knock Off|p1a: Min\n|-supereffective|p1a: Min\n|-damage|p1a: Min|0 fnt\n|-enditem|p1a: Min|Leftovers|[from] move: Knock Off|[of] p2a: Tinkaton\n|faint|p1a: Min\n|\n|upkeep\n|\n|t:|1700500042\n|switch|p1a: Landmass|Groudon|100\/100\n|-weather|SunnyDay|[from] ability: Drought|[of] p1a: Landmass\n|turn|4\n|\n|t:|1700500052\n|move|p2a: Tinkaton|Knock Off|p1a: Landmass\n|-damage|p1a: Landmass|64\/100\n|-enditem|p1a: Landmass|Heavy-Duty Boots|[from] move: Knock Off|[of] p2a: Tinkaton\n|move|p1a: Landmass|Bulk Up|p1a: Landmass\n|-boost|p1a: Landmass|atk|1\n|-boost|p1a: Landmass|def|1\n|\n|-weather|SunnyDay|[upkeep]\n|upkeep\n|turn|5\n|\n|t:|1700500061\n|move|p2a: Tinkaton|Gigaton Hammer|p1a: Landmass\n|-damage|p1a: Landmass|5\/100\n|move|p1a: Landmass|Bulk Up|p1a: Landmass\n|-boost|p1a: Landmass|atk|1\n|-boost|p1a: Landmass|def|1\n|\n|-weather|SunnyDay|[upkeep]\n|upkeep\n|turn|6\n|\n|t:|1700500070\n|move|p2a: Tinkaton|Knock Off|p1a: Landmass\n|-damage|p1a: Landmass|0 fnt\n|faint|p1a: Landmass\n|\n|-weather|SunnyDay|[upkeep]\n|upkeep\n|\n|t:|1700500078\n|switch|p1a: Legion|Basculegion-F, F, shiny|100\/100\n|-damage|p1a: Legion|88\/100|[from] Stealth Rock\n|turn|7\n|\n|t:|1700500085\n|switch|p1a: Bloody|Ursaluna-Bloodmoon, M|100\/100\n|-damage|p1a: Bloody|94\/100|[from] Stealth Rock\n|move|p2a: Tinkaton|Gigaton Hammer|p1a: Bloody\n|-damage|p1a: Bloody|8\/100\n|\n|-weather|SunnyDay|[upkeep]\n|-heal|p1a: Bloody|15\/100|[from] item: Leftovers\n|upkeep\n|turn|8\n|\n|t:|1700500095\n|move|p2a: Tinkaton|Knock Off|p1a: Bloody\n|-damage|p1a: Bloody|0 fnt\n|-enditem|p1a: Bloody|Leftovers|[from] move: Knock Off|[of] p2a: Tinkaton\n|faint|p1a: Bloody\n|\n|-weather|none\n|upkeep\n|\n|t:|1700500102\n|switch|p1a: Claw|Sneasler, M, shiny|100\/100\n|-damage|p1a: Claw|94\/100|[from] Stealth Rock\n|turn|9\n|\n|t:|1700500110\n|move|p2a: Tinkaton|Gigaton Hammer|p1a: Claw\n|-damage|p1a: Claw|0 fnt\n|faint|p1a: Claw\n|\n|upkeep\n|\n|t:|1700500115\n|switch|p1a: Le Goat|Sinistcha-Masterpiece|100\/100\n|-damage|p1a: Le Goat|88\/100|[from] Stealth Rock\n|turn|10\n|\n|t:|1700500120\n|move|p2a: Tinkaton|Knock Off|p1a: Le Goat\n|-supereffective|p1a: Le Goat\n|-damage|p1a: Le Goat|0 fnt\n|-enditem|p1a: Le Goat|Focus Sash|[from] move: Knock Off|[of] p2a: Tinkaton\n|faint|p1a: Le Goat\n|\n|upkeep\n|\n|t:|1700500126\n|switch|p1a: Legion|Basculegion-F, F, shiny|88\/100\n|-damage|p1a: Legion|76\/100|[from] Stealth Rock\n|turn|11\n|\n|t:|1700500131\n|move|p2a: Tinkaton|Knock Off|p1a: Legion\n|-supereffective|p1a: Legion\n|-damage|p1a: Legion|0 fnt\n|-enditem|p1a: Legion|Focus Sash|[from] move: Knock Off|[of] p2a: Tinkaton\n|faint|p1a: Legion\n|\n|win|biel128\n|raw|Holdenisagodofmyth's rating: 1073 &rarr; <strong>1054<\/strong><br \/>(-19 for losing)\n|raw|biel128's rating: 1105 &rarr; <strong>1128<\/strong><br \/>(+23 for winning)\n|l|\u2606Holdenisagodofmyth\n","uploadtime":1700500144,"views":0,"p1id":"holdenisagodofmyth","p2id":"biel128","formatid":"gen9anythinggoes","rating":1054,"private":0,"password":""}