{"id":"gen9anythinggoes-1974678057","p1":"Limpdirt","p2":"Jordyn24","format":"[Gen 9] Anything Goes","log":"|j|\u2606Limpdirt\n|j|\u2606Jordyn24\n|t:|1698109576\n|gametype|singles\n|player|p1|Limpdirt|backpacker|1000\n|player|p2|Jordyn24|ghetsis|1092\n|teamsize|p1|6\n|teamsize|p2|6\n|gen|9\n|tier|[Gen 9] Anything Goes\n|rated|\n|rule|HP Percentage Mod: HP is shown in percentages\n|rule|Endless Battle Clause: Forcing endless battles is banned\n|clearpoke\n|poke|p1|Orthworm, M|\n|poke|p1|Clodsire, F|\n|poke|p1|Glimmora, M|\n|poke|p1|Garganacl, F|\n|poke|p1|Kingambit, M|\n|poke|p1|Ceruledge, M|\n|poke|p2|Iron Valiant|\n|poke|p2|Palafin, M|\n|poke|p2|Glimmora, M|\n|poke|p2|Gholdengo|\n|poke|p2|Espathra, F|\n|poke|p2|Chi-Yu|\n|teampreview\n|\n|t:|1698109586\n|start\n|switch|p1a: Glimmora|Glimmora, M, shiny|100\/100\n|switch|p2a: Palafin|Palafin, M|100\/100\n|turn|1\n|\n|t:|1698109603\n|move|p1a: Glimmora|Spiky Shield|p1a: Glimmora\n|-singleturn|p1a: Glimmora|move: Protect\n|move|p2a: Palafin|Flip Turn|p1a: Glimmora\n|-activate|p1a: Glimmora|move: Protect\n|-damage|p2a: Palafin|88\/100|[from] Spiky Shield|[of] p1a: Glimmora\n|\n|upkeep\n|turn|2\n|\n|t:|1698109611\n|switch|p1a: Clodsire|Clodsire, F, shiny|100\/100\n|move|p2a: Palafin|Flip Turn|p1a: Clodsire\n|-immune|p1a: Clodsire|[from] ability: Water Absorb\n|\n|upkeep\n|turn|3\n|\n|t:|1698109621\n|move|p2a: Palafin|Bulk Up|p2a: Palafin\n|-boost|p2a: Palafin|atk|1\n|-boost|p2a: Palafin|def|1\n|move|p1a: Clodsire|Toxic|p2a: Palafin\n|-status|p2a: Palafin|tox\n|\n|-damage|p2a: Palafin|82\/100 tox|[from] psn\n|upkeep\n|turn|4\n|\n|t:|1698109628\n|move|p2a: Palafin|Drain Punch|p1a: Clodsire\n|-resisted|p1a: Clodsire\n|-damage|p1a: Clodsire|84\/100\n|-heal|p2a: Palafin|93\/100 tox|[from] drain|[of] p1a: Clodsire\n|move|p1a: Clodsire|Earthquake|p2a: Palafin\n|-damage|p2a: Palafin|61\/100 tox\n|\n|-damage|p2a: Palafin|49\/100 tox|[from] psn\n|upkeep\n|turn|5\n|\n|t:|1698109643\n|detailschange|p2a: Palafin|Palafin-Hero, M\n|switch|p2a: Iron Valiant|Iron Valiant|100\/100\n|move|p1a: Clodsire|Earthquake|p2a: Iron Valiant\n|-damage|p2a: Iron Valiant|60\/100\n|\n|upkeep\n|turn|6\n|\n|t:|1698109649\n|switch|p1a: Ceruledge|Ceruledge, M, shiny|100\/100\n|move|p2a: Iron Valiant|Moonblast|p1a: Ceruledge\n|-resisted|p1a: Ceruledge\n|-damage|p1a: Ceruledge|71\/100\n|-damage|p2a: Iron Valiant|50\/100|[from] item: Life Orb\n|\n|upkeep\n|turn|7\n|\n|t:|1698109661\n|move|p2a: Iron Valiant|Thunderbolt|p1a: Ceruledge\n|-damage|p1a: Ceruledge|32\/100\n|-damage|p2a: Iron Valiant|40\/100|[from] item: Life Orb\n|move|p1a: Ceruledge|Bitter Blade|p2a: Iron Valiant\n|-crit|p2a: Iron Valiant\n|-damage|p2a: Iron Valiant|0 fnt\n|-heal|p1a: Ceruledge|52\/100|[from] drain|[of] p2a: Iron Valiant\n|faint|p2a: Iron Valiant\n|-end|p2a: Iron Valiant|Quark Drive|[silent]\n|\n|upkeep\n|\n|t:|1698109673\n|switch|p2a: Glimmora|Glimmora, M|100\/100\n|turn|8\n|\n|t:|1698109682\n|switch|p1a: Orthworm|Orthworm, M, shiny|100\/100\n|move|p2a: Glimmora|Earth Power|p1a: Orthworm\n|-immune|p1a: Orthworm|[from] ability: Earth Eater\n|\n|upkeep\n|turn|9\n|\n|t:|1698109691\n|-terastallize|p2a: Glimmora|Flying\n|move|p2a: Glimmora|Mortal Spin|p1a: Orthworm\n|-immune|p1a: Orthworm\n|move|p1a: Orthworm|Coil|p1a: Orthworm\n|-boost|p1a: Orthworm|atk|1\n|-boost|p1a: Orthworm|def|1\n|-boost|p1a: Orthworm|accuracy|1\n|\n|upkeep\n|turn|10\n|\n|t:|1698109695\n|move|p2a: Glimmora|Stealth Rock|p1a: Orthworm\n|-sidestart|p1: Limpdirt|move: Stealth Rock\n|move|p1a: Orthworm|Wrap|p2a: Glimmora\n|-damage|p2a: Glimmora|94\/100\n|-activate|p2a: Glimmora|move: Wrap|[of] p1a: Orthworm\n|-activate|p2a: Glimmora|ability: Toxic Debris\n|-sidestart|p1: Limpdirt|move: Toxic Spikes\n|\n|-damage|p2a: Glimmora|82\/100|[from] move: Wrap|[partiallytrapped]\n|upkeep\n|turn|11\n|\n|t:|1698109701\n|move|p2a: Glimmora|Spikes|p1a: Orthworm\n|-sidestart|p1: Limpdirt|Spikes\n|move|p1a: Orthworm|Coil|p1a: Orthworm\n|-boost|p1a: Orthworm|atk|1\n|-boost|p1a: Orthworm|def|1\n|-boost|p1a: Orthworm|accuracy|1\n|\n|-damage|p2a: Glimmora|69\/100|[from] move: Wrap|[partiallytrapped]\n|upkeep\n|turn|12\n|\n|t:|1698109703\n|move|p2a: Glimmora|Spikes|p1a: Orthworm\n|-sidestart|p1: Limpdirt|Spikes\n|move|p1a: Orthworm|Coil|p1a: Orthworm\n|-boost|p1a: Orthworm|atk|1\n|-boost|p1a: Orthworm|def|1\n|-boost|p1a: Orthworm|accuracy|1\n|\n|-damage|p2a: Glimmora|57\/100|[from] move: Wrap|[partiallytrapped]\n|upkeep\n|turn|13\n|\n|t:|1698109706\n|move|p2a: Glimmora|Spikes|p1a: Orthworm\n|-sidestart|p1: Limpdirt|Spikes\n|move|p1a: Orthworm|Coil|p1a: Orthworm\n|-boost|p1a: Orthworm|atk|1\n|-boost|p1a: Orthworm|def|1\n|-boost|p1a: Orthworm|accuracy|1\n|\n|-damage|p2a: Glimmora|44\/100|[from] move: Wrap|[partiallytrapped]\n|upkeep\n|turn|14\n|\n|t:|1698109715\n|move|p2a: Glimmora|Spikes||[still]\n|-fail|p2a: Glimmora\n|move|p1a: Orthworm|Coil|p1a: Orthworm\n|-boost|p1a: Orthworm|atk|1\n|-boost|p1a: Orthworm|def|1\n|-boost|p1a: Orthworm|accuracy|1\n|\n|-end|p2a: Glimmora|Wrap|[partiallytrapped]\n|upkeep\n|turn|15\n|inactive|Battle timer is ON: inactive players will automatically lose when time's up. (requested by Limpdirt)\n|\n|t:|1698109727\n|switch|p2a: Chi-Yu|Chi-Yu|100\/100\n|-ability|p2a: Chi-Yu|Beads of Ruin\n|move|p1a: Orthworm|Iron Tail|p2a: Chi-Yu\n|-resisted|p2a: Chi-Yu\n|-damage|p2a: Chi-Yu|0 fnt\n|faint|p2a: Chi-Yu\n|\n|upkeep\n|\n|t:|1698109732\n|switch|p2a: Espathra|Espathra, F|100\/100\n|turn|16\n|\n|t:|1698109736\n|move|p2a: Espathra|Protect|p2a: Espathra\n|-singleturn|p2a: Espathra|Protect\n|move|p1a: Orthworm|Coil|p1a: Orthworm\n|-boost|p1a: Orthworm|atk|1\n|-boost|p1a: Orthworm|def|1\n|-boost|p1a: Orthworm|accuracy|1\n|\n|-ability|p2a: Espathra|Speed Boost|boost\n|-boost|p2a: Espathra|spe|1\n|upkeep\n|turn|17\n|\n|t:|1698109740\n|move|p2a: Espathra|Substitute|p2a: Espathra\n|-start|p2a: Espathra|Substitute\n|-damage|p2a: Espathra|75\/100\n|move|p1a: Orthworm|Iron Tail|p2a: Espathra\n|-end|p2a: Espathra|Substitute\n|\n|-heal|p2a: Espathra|82\/100|[from] item: Leftovers\n|-ability|p2a: Espathra|Speed Boost|boost\n|-boost|p2a: Espathra|spe|1\n|upkeep\n|turn|18\n|\n|t:|1698109744\n|move|p2a: Espathra|Protect|p2a: Espathra\n|-singleturn|p2a: Espathra|Protect\n|move|p1a: Orthworm|Iron Tail|p2a: Espathra\n|-activate|p2a: Espathra|move: Protect\n|\n|-heal|p2a: Espathra|88\/100|[from] item: Leftovers\n|-ability|p2a: Espathra|Speed Boost|boost\n|-boost|p2a: Espathra|spe|1\n|upkeep\n|turn|19\n|\n|t:|1698109750\n|move|p2a: Espathra|Substitute|p2a: Espathra\n|-start|p2a: Espathra|Substitute\n|-damage|p2a: Espathra|63\/100\n|move|p1a: Orthworm|Iron Tail|p2a: Espathra\n|-end|p2a: Espathra|Substitute\n|\n|-heal|p2a: Espathra|69\/100|[from] item: Leftovers\n|-ability|p2a: Espathra|Speed Boost|boost\n|-boost|p2a: Espathra|spe|1\n|upkeep\n|turn|20\n|\n|t:|1698109757\n|move|p2a: Espathra|Substitute|p2a: Espathra\n|-start|p2a: Espathra|Substitute\n|-damage|p2a: Espathra|44\/100\n|move|p1a: Orthworm|Iron Tail|p2a: Espathra\n|-end|p2a: Espathra|Substitute\n|\n|-heal|p2a: Espathra|50\/100|[from] item: Leftovers\n|-ability|p2a: Espathra|Speed Boost|boost\n|-boost|p2a: Espathra|spe|1\n|upkeep\n|turn|21\n|\n|t:|1698109760\n|move|p2a: Espathra|Protect|p2a: Espathra\n|-singleturn|p2a: Espathra|Protect\n|move|p1a: Orthworm|Iron Tail|p2a: Espathra\n|-activate|p2a: Espathra|move: Protect\n|\n|-heal|p2a: Espathra|56\/100|[from] item: Leftovers\n|-ability|p2a: Espathra|Speed Boost|boost\n|-boost|p2a: Espathra|spe|1\n|upkeep\n|turn|22\n|\n|t:|1698109766\n|move|p2a: Espathra|Substitute|p2a: Espathra\n|-start|p2a: Espathra|Substitute\n|-damage|p2a: Espathra|31\/100\n|move|p1a: Orthworm|Iron Tail|p2a: Espathra\n|-end|p2a: Espathra|Substitute\n|\n|-heal|p2a: Espathra|37\/100|[from] item: Leftovers\n|upkeep\n|turn|23\n|\n|t:|1698109772\n|move|p2a: Espathra|Protect|p2a: Espathra\n|-singleturn|p2a: Espathra|Protect\n|move|p1a: Orthworm|Wrap|p2a: Espathra\n|-activate|p2a: Espathra|move: Protect\n|\n|-heal|p2a: Espathra|43\/100|[from] item: Leftovers\n|upkeep\n|turn|24\n|\n|t:|1698109782\n|move|p2a: Espathra|Substitute|p2a: Espathra\n|-start|p2a: Espathra|Substitute\n|-damage|p2a: Espathra|18\/100\n|move|p1a: Orthworm|Iron Tail|p2a: Espathra\n|-end|p2a: Espathra|Substitute\n|\n|-heal|p2a: Espathra|24\/100|[from] item: Leftovers\n|upkeep\n|turn|25\n|\n|t:|1698109790\n|move|p2a: Espathra|Protect|p2a: Espathra\n|-singleturn|p2a: Espathra|Protect\n|move|p1a: Orthworm|Iron Tail|p2a: Espathra\n|-activate|p2a: Espathra|move: Protect\n|\n|-heal|p2a: Espathra|30\/100|[from] item: Leftovers\n|upkeep\n|turn|26\n|\n|t:|1698109797\n|move|p2a: Espathra|Substitute|p2a: Espathra\n|-start|p2a: Espathra|Substitute\n|-damage|p2a: Espathra|5\/100\n|move|p1a: Orthworm|Iron Tail|p2a: Espathra\n|-end|p2a: Espathra|Substitute\n|\n|-heal|p2a: Espathra|11\/100|[from] item: Leftovers\n|upkeep\n|turn|27\n|\n|t:|1698109802\n|move|p2a: Espathra|Protect|p2a: Espathra\n|-singleturn|p2a: Espathra|Protect\n|move|p1a: Orthworm|Wrap|p2a: Espathra\n|-activate|p2a: Espathra|move: Protect\n|\n|-heal|p2a: Espathra|17\/100|[from] item: Leftovers\n|upkeep\n|turn|28\n|\n|t:|1698109814\n|move|p2a: Espathra|Baton Pass|p2a: Espathra\n|\n|t:|1698109816\n|switch|p2a: Gholdengo|Gholdengo|100\/100|[from] Baton Pass\n|move|p1a: Orthworm|Iron Tail|p2a: Gholdengo\n|-resisted|p2a: Gholdengo\n|-damage|p2a: Gholdengo|16\/100\n|\n|-heal|p2a: Gholdengo|22\/100|[from] item: Leftovers\n|upkeep\n|turn|29\n|\n|t:|1698109824\n|move|p2a: Gholdengo|Shadow Ball|p1a: Orthworm\n|-damage|p1a: Orthworm|23\/100\n|move|p1a: Orthworm|Iron Tail|p2a: Gholdengo\n|-resisted|p2a: Gholdengo\n|-crit|p2a: Gholdengo\n|-damage|p2a: Gholdengo|0 fnt\n|faint|p2a: Gholdengo\n|\n|-heal|p1a: Orthworm|29\/100|[from] item: Leftovers\n|upkeep\n|\n|t:|1698109829\n|switch|p2a: Glimmora|Glimmora, M, tera:Flying|44\/100\n|turn|30\n|\n|t:|1698109832\n|move|p2a: Glimmora|Earth Power|p1a: Orthworm\n|-heal|p1a: Orthworm|54\/100|[from] ability: Earth Eater|[of] p2a: Glimmora\n|move|p1a: Orthworm|Iron Tail|p2a: Glimmora\n|-damage|p2a: Glimmora|0 fnt\n|-activate|p2a: Glimmora|ability: Toxic Debris\n|-sidestart|p1: Limpdirt|move: Toxic Spikes\n|faint|p2a: Glimmora\n|\n|-heal|p1a: Orthworm|60\/100|[from] item: Leftovers\n|upkeep\n|\n|t:|1698109841\n|switch|p2a: Palafin|Palafin-Hero, M|49\/100 tox\n|-activate|p2a: Palafin|ability: Zero to Hero\n|turn|31\n|\n|t:|1698109849\n|move|p1a: Orthworm|Protect|p1a: Orthworm\n|-singleturn|p1a: Orthworm|Protect\n|move|p2a: Palafin|Drain Punch|p1a: Orthworm\n|-activate|p1a: Orthworm|move: Protect\n|\n|-heal|p1a: Orthworm|66\/100|[from] item: Leftovers\n|-damage|p2a: Palafin|43\/100 tox|[from] psn\n|upkeep\n|turn|32\n|\n|t:|1698109858\n|move|p2a: Palafin|Drain Punch|p1a: Orthworm\n|-supereffective|p1a: Orthworm\n|-damage|p1a: Orthworm|54\/100\n|-heal|p2a: Palafin|49\/100 tox|[from] drain|[of] p1a: Orthworm\n|move|p1a: Orthworm|Iron Tail|p2a: Palafin\n|-resisted|p2a: Palafin\n|-damage|p2a: Palafin|0 fnt\n|faint|p2a: Palafin\n|\n|-heal|p1a: Orthworm|60\/100|[from] item: Leftovers\n|upkeep\n|-message|Jordyn24 forfeited.\n|\n|win|Limpdirt\n|raw|Limpdirt's rating: 1000 &rarr; <strong>1050<\/strong><br \/>(+50 for winning)\n|raw|Jordyn24's rating: 1092 &rarr; <strong>1062<\/strong><br \/>(-30 for losing)\n|l|\u2606Jordyn24\n","uploadtime":1698109874,"views":8,"p1id":"limpdirt","p2id":"jordyn24","formatid":"gen9anythinggoes","rating":1050,"private":0,"password":""}