{"id":"gen9anythinggoes-1983996338","p1":"Vonrien","p2":"Pokeprincess227","format":"[Gen 9] Anything Goes","log":"|j|\u2606Vonrien\n|j|\u2606Pokeprincess227\n|t:|1699208076\n|gametype|singles\n|player|p1|Vonrien|hilbert|1261\n|player|p2|Pokeprincess227|dawn|1378\n|teamsize|p1|6\n|teamsize|p2|6\n|gen|9\n|tier|[Gen 9] Anything Goes\n|rated|\n|rule|HP Percentage Mod: HP is shown in percentages\n|rule|Endless Battle Clause: Forcing endless battles is banned\n|clearpoke\n|poke|p1|Darkrai|\n|poke|p1|Gastrodon, F|\n|poke|p1|Dragonite, F|\n|poke|p1|Chandelure, F|\n|poke|p1|Sneasler, M|\n|poke|p1|Decidueye, M|\n|poke|p2|Miraidon|\n|poke|p2|Ting-Lu|\n|poke|p2|Gholdengo|\n|poke|p2|Corviknight, M|\n|poke|p2|Toxapex, M|\n|poke|p2|Ditto|\n|teampreview\n|inactive|Battle timer is ON: inactive players will automatically lose when time's up. (requested by Pokeprincess227)\n|\n|t:|1699208082\n|start\n|switch|p1a: Lala|Gastrodon, F|100\/100\n|switch|p2a: Miraidon|Miraidon|100\/100\n|-fieldstart|move: Electric Terrain|[from] ability: Hadron Engine|[of] p2a: Miraidon\n|turn|1\n|\n|t:|1699208091\n|switch|p2a: Toxapex|Toxapex, M|100\/100\n|move|p1a: Lala|Earth Power|p2a: Toxapex\n|-supereffective|p2a: Toxapex\n|-damage|p2a: Toxapex|43\/100\n|\n|-heal|p2a: Toxapex|50\/100|[from] item: Leftovers\n|upkeep\n|turn|2\n|\n|t:|1699208099\n|switch|p2a: Corviknight|Corviknight, M|100\/100\n|-ability|p2a: Corviknight|Pressure\n|move|p1a: Lala|Earth Power|p2a: Corviknight\n|-immune|p2a: Corviknight\n|\n|upkeep\n|turn|3\n|\n|t:|1699208108\n|switch|p2a: Toxapex|Toxapex, M|83\/100\n|move|p1a: Lala|Surf|p2a: Toxapex\n|-resisted|p2a: Toxapex\n|-damage|p2a: Toxapex|68\/100\n|\n|-heal|p2a: Toxapex|75\/100|[from] item: Leftovers\n|upkeep\n|turn|4\n|\n|t:|1699208116\n|move|p1a: Lala|Surf|p2a: Toxapex\n|-resisted|p2a: Toxapex\n|-damage|p2a: Toxapex|59\/100\n|move|p2a: Toxapex|Toxic|p1a: Lala\n|-status|p1a: Lala|tox\n|\n|-heal|p2a: Toxapex|65\/100|[from] item: Leftovers\n|-damage|p1a: Lala|94\/100 tox|[from] psn\n|upkeep\n|turn|5\n|\n|t:|1699208124\n|move|p2a: Toxapex|Baneful Bunker|p2a: Toxapex\n|-singleturn|p2a: Toxapex|move: Protect\n|move|p1a: Lala|Surf|p2a: Toxapex\n|-activate|p2a: Toxapex|move: Protect\n|\n|-heal|p1a: Lala|100\/100 tox|[from] item: Leftovers\n|-heal|p2a: Toxapex|71\/100|[from] item: Leftovers\n|-damage|p1a: Lala|88\/100 tox|[from] psn\n|-fieldend|move: Electric Terrain\n|upkeep\n|turn|6\n|\n|t:|1699208133\n|move|p1a: Lala|Earth Power|p2a: Toxapex\n|-supereffective|p2a: Toxapex\n|-damage|p2a: Toxapex|13\/100\n|move|p2a: Toxapex|Recover|p2a: Toxapex\n|-heal|p2a: Toxapex|63\/100\n|\n|-heal|p1a: Lala|94\/100 tox|[from] item: Leftovers\n|-heal|p2a: Toxapex|70\/100|[from] item: Leftovers\n|-damage|p1a: Lala|76\/100 tox|[from] psn\n|upkeep\n|turn|7\n|\n|t:|1699208145\n|switch|p1a: Nilo|Sneasler, M|100\/100\n|move|p2a: Toxapex|Baneful Bunker||[still]\n|-fail|p2a: Toxapex\n|\n|-heal|p2a: Toxapex|76\/100|[from] item: Leftovers\n|upkeep\n|turn|8\n|\n|t:|1699208153\n|move|p2a: Toxapex|Baneful Bunker|p2a: Toxapex\n|-singleturn|p2a: Toxapex|move: Protect\n|move|p1a: Nilo|Swords Dance|p1a: Nilo\n|-boost|p1a: Nilo|atk|2\n|\n|-heal|p2a: Toxapex|82\/100|[from] item: Leftovers\n|upkeep\n|turn|9\n|\n|t:|1699208162\n|switch|p2a: Gholdengo|Gholdengo|100\/100\n|move|p1a: Nilo|Close Combat|p2a: Gholdengo\n|-immune|p2a: Gholdengo\n|\n|upkeep\n|turn|10\n|\n|t:|1699208181\n|switch|p1a: Rai|Darkrai|100\/100\n|move|p2a: Gholdengo|Trick|p1a: Rai\n|-activate|p2a: Gholdengo|move: Trick|[of] p1a: Rai\n|-item|p1a: Rai|Choice Scarf|[from] move: Trick\n|-item|p2a: Gholdengo|Wide Lens|[from] move: Trick\n|\n|upkeep\n|turn|11\n|\n|t:|1699208191\n|switch|p2a: Ting-Lu|Ting-Lu|100\/100\n|-ability|p2a: Ting-Lu|Vessel of Ruin\n|move|p1a: Rai|Dark Pulse|p2a: Ting-Lu\n|-resisted|p2a: Ting-Lu\n|-damage|p2a: Ting-Lu|90\/100\n|\n|-heal|p2a: Ting-Lu|96\/100|[from] item: Leftovers\n|upkeep\n|turn|12\n|\n|t:|1699208210\n|switch|p1a: Lala|Gastrodon, F|76\/100 tox\n|move|p2a: Ting-Lu|Stealth Rock|p1a: Lala\n|-sidestart|p1: Vonrien|move: Stealth Rock\n|\n|-heal|p1a: Lala|82\/100 tox|[from] item: Leftovers\n|-heal|p2a: Ting-Lu|100\/100|[from] item: Leftovers\n|-damage|p1a: Lala|76\/100 tox|[from] psn\n|upkeep\n|turn|13\n|\n|t:|1699208221\n|move|p1a: Lala|Ice Beam|p2a: Ting-Lu\n|-supereffective|p2a: Ting-Lu\n|-damage|p2a: Ting-Lu|76\/100\n|-status|p2a: Ting-Lu|frz\n|cant|p2a: Ting-Lu|frz\n|\n|-heal|p1a: Lala|82\/100 tox|[from] item: Leftovers\n|-heal|p2a: Ting-Lu|82\/100 frz|[from] item: Leftovers\n|-damage|p1a: Lala|70\/100 tox|[from] psn\n|upkeep\n|turn|14\n|\n|t:|1699208234\n|switch|p1a: Fin|Decidueye, M|100\/100\n|-damage|p1a: Fin|88\/100|[from] Stealth Rock\n|switch|p2a: Toxapex|Toxapex, M|100\/100\n|\n|upkeep\n|turn|15\n|\n|t:|1699208244\n|move|p1a: Fin|Leaf Blade|p2a: Toxapex\n|-crit|p2a: Toxapex\n|-damage|p2a: Toxapex|59\/100\n|move|p2a: Toxapex|Toxic|p1a: Fin\n|-status|p1a: Fin|tox\n|\n|-heal|p2a: Toxapex|65\/100|[from] item: Leftovers\n|-damage|p1a: Fin|82\/100 tox|[from] psn\n|upkeep\n|turn|16\n|\n|t:|1699208259\n|switch|p1a: Lala|Gastrodon, F|70\/100 tox\n|-damage|p1a: Lala|64\/100 tox|[from] Stealth Rock\n|move|p2a: Toxapex|Baneful Bunker||[still]\n|-fail|p2a: Toxapex\n|\n|-heal|p1a: Lala|70\/100 tox|[from] item: Leftovers\n|-heal|p2a: Toxapex|72\/100|[from] item: Leftovers\n|-damage|p1a: Lala|64\/100 tox|[from] psn\n|upkeep\n|turn|17\n|\n|t:|1699208271\n|move|p2a: Toxapex|Baneful Bunker|p2a: Toxapex\n|-singleturn|p2a: Toxapex|move: Protect\n|move|p1a: Lala|Earth Power|p2a: Toxapex\n|-activate|p2a: Toxapex|move: Protect\n|\n|-heal|p1a: Lala|70\/100 tox|[from] item: Leftovers\n|-heal|p2a: Toxapex|78\/100|[from] item: Leftovers\n|-damage|p1a: Lala|58\/100 tox|[from] psn\n|upkeep\n|turn|18\n|\n|t:|1699208281\n|switch|p2a: Corviknight|Corviknight, M|100\/100\n|-ability|p2a: Corviknight|Pressure\n|move|p1a: Lala|Earth Power|p2a: Corviknight\n|-immune|p2a: Corviknight\n|\n|-heal|p1a: Lala|64\/100 tox|[from] item: Leftovers\n|-damage|p1a: Lala|46\/100 tox|[from] psn\n|upkeep\n|turn|19\n|\n|t:|1699208292\n|switch|p1a: Rita|Dragonite, F|100\/100\n|-damage|p1a: Rita|76\/100|[from] Stealth Rock\n|move|p2a: Corviknight|Iron Defense|p2a: Corviknight\n|-boost|p2a: Corviknight|def|2\n|\n|upkeep\n|turn|20\n|\n|t:|1699208301\n|move|p1a: Rita|Dragon Dance|p1a: Rita\n|-boost|p1a: Rita|atk|1\n|-boost|p1a: Rita|spe|1\n|move|p2a: Corviknight|Iron Defense|p2a: Corviknight\n|-boost|p2a: Corviknight|def|2\n|\n|upkeep\n|turn|21\n|\n|t:|1699208308\n|move|p1a: Rita|Dragon Dance|p1a: Rita\n|-boost|p1a: Rita|atk|1\n|-boost|p1a: Rita|spe|1\n|move|p2a: Corviknight|Iron Defense|p2a: Corviknight\n|-boost|p2a: Corviknight|def|2\n|\n|upkeep\n|turn|22\n|\n|t:|1699208315\n|move|p1a: Rita|Dragon Dance|p1a: Rita\n|-boost|p1a: Rita|atk|1\n|-boost|p1a: Rita|spe|1\n|move|p2a: Corviknight|Body Press|p1a: Rita\n|-resisted|p1a: Rita\n|-damage|p1a: Rita|29\/100\n|\n|upkeep\n|turn|23\n|\n|t:|1699208336\n|move|p1a: Rita|Dragon Claw|p2a: Corviknight\n|-resisted|p2a: Corviknight\n|-damage|p2a: Corviknight|87\/100\n|-damage|p1a: Rita|12\/100|[from] item: Rocky Helmet|[of] p2a: Corviknight\n|-damage|p1a: Rita|2\/100|[from] item: Life Orb\n|move|p2a: Corviknight|Body Press|p1a: Rita\n|-resisted|p1a: Rita\n|-damage|p1a: Rita|0 fnt\n|faint|p1a: Rita\n|\n|upkeep\n|\n|t:|1699208346\n|switch|p1a: Shin|Chandelure, F, shiny|100\/100\n|-damage|p1a: Shin|76\/100|[from] Stealth Rock\n|turn|24\n|\n|t:|1699208350\n|switch|p2a: Ting-Lu|Ting-Lu|82\/100 frz\n|-ability|p2a: Ting-Lu|Vessel of Ruin\n|move|p1a: Shin|Fire Blast|p2a: Ting-Lu|[miss]\n|-miss|p1a: Shin|p2a: Ting-Lu\n|\n|-heal|p2a: Ting-Lu|88\/100 frz|[from] item: Leftovers\n|upkeep\n|turn|25\n|\n|t:|1699208360\n|switch|p1a: Rai|Darkrai|100\/100\n|-damage|p1a: Rai|88\/100|[from] Stealth Rock\n|cant|p2a: Ting-Lu|frz\n|\n|-heal|p2a: Ting-Lu|94\/100 frz|[from] item: Leftovers\n|upkeep\n|turn|26\n|\n|t:|1699208371\n|switch|p2a: Corviknight|Corviknight, M|87\/100\n|-ability|p2a: Corviknight|Pressure\n|move|p1a: Rai|Focus Blast|p2a: Corviknight\n|-damage|p2a: Corviknight|49\/100\n|\n|upkeep\n|turn|27\n|\n|t:|1699208386\n|switch|p1a: Lala|Gastrodon, F|46\/100 tox\n|-damage|p1a: Lala|39\/100 tox|[from] Stealth Rock\n|switch|p2a: Gholdengo|Gholdengo|100\/100\n|\n|-heal|p1a: Lala|46\/100 tox|[from] item: Leftovers\n|-damage|p1a: Lala|39\/100 tox|[from] psn\n|upkeep\n|turn|28\n|\n|t:|1699208398\n|switch|p2a: Corviknight|Corviknight, M|49\/100\n|-ability|p2a: Corviknight|Pressure\n|move|p1a: Lala|Surf|p2a: Corviknight\n|-damage|p2a: Corviknight|16\/100\n|\n|-heal|p1a: Lala|46\/100 tox|[from] item: Leftovers\n|-damage|p1a: Lala|33\/100 tox|[from] psn\n|upkeep\n|turn|29\n|\n|t:|1699208407\n|switch|p2a: Toxapex|Toxapex, M|100\/100\n|move|p1a: Lala|Surf|p2a: Toxapex\n|-resisted|p2a: Toxapex\n|-damage|p2a: Toxapex|85\/100\n|\n|-heal|p1a: Lala|39\/100 tox|[from] item: Leftovers\n|-heal|p2a: Toxapex|91\/100|[from] item: Leftovers\n|-damage|p1a: Lala|21\/100 tox|[from] psn\n|upkeep\n|turn|30\n|\n|t:|1699208418\n|switch|p1a: Nilo|Sneasler, M|100\/100\n|-damage|p1a: Nilo|95\/100|[from] Stealth Rock\n|move|p2a: Toxapex|Baneful Bunker||[still]\n|-fail|p2a: Toxapex\n|\n|-heal|p2a: Toxapex|97\/100|[from] item: Leftovers\n|upkeep\n|turn|31\n|\n|t:|1699208427\n|switch|p2a: Gholdengo|Gholdengo|100\/100\n|move|p1a: Nilo|Dire Claw|p2a: Gholdengo\n|-immune|p2a: Gholdengo\n|\n|upkeep\n|turn|32\n|\n|t:|1699208435\n|switch|p1a: Rai|Darkrai|88\/100\n|-damage|p1a: Rai|76\/100|[from] Stealth Rock\n|move|p2a: Gholdengo|Shadow Ball|p1a: Rai\n|-resisted|p1a: Rai\n|-damage|p1a: Rai|51\/100\n|\n|upkeep\n|turn|33\n|\n|t:|1699208454\n|switch|p2a: Ting-Lu|Ting-Lu|94\/100 frz\n|-ability|p2a: Ting-Lu|Vessel of Ruin\n|move|p1a: Rai|Focus Blast|p2a: Ting-Lu|[miss]\n|-miss|p1a: Rai|p2a: Ting-Lu\n|\n|-heal|p2a: Ting-Lu|100\/100 frz|[from] item: Leftovers\n|upkeep\n|turn|34\n|\n|t:|1699208477\n|switch|p1a: Fin|Decidueye, M|82\/100 tox\n|-damage|p1a: Fin|70\/100 tox|[from] Stealth Rock\n|switch|p2a: Gholdengo|Gholdengo|100\/100\n|\n|-damage|p1a: Fin|64\/100 tox|[from] psn\n|upkeep\n|turn|35\n|\n|t:|1699208485\n|switch|p2a: Corviknight|Corviknight, M|16\/100\n|-ability|p2a: Corviknight|Pressure\n|move|p1a: Fin|Shadow Claw|p2a: Corviknight\n|-damage|p2a: Corviknight|0 fnt\n|faint|p2a: Corviknight\n|\n|-damage|p1a: Fin|52\/100 tox|[from] psn\n|upkeep\n|\n|t:|1699208490\n|switch|p2a: Ditto|Ditto|100\/100\n|-transform|p2a: Ditto|p1a: Fin|[from] ability: Imposter\n|turn|36\n|\n|t:|1699208507\n|switch|p1a: Nilo|Sneasler, M|95\/100\n|-damage|p1a: Nilo|89\/100|[from] Stealth Rock\n|move|p2a: Ditto|Sucker Punch||[still]\n|-fail|p2a: Ditto\n|\n|upkeep\n|turn|37\n|\n|t:|1699208522\n|switch|p1a: Shin|Chandelure, F, shiny|76\/100\n|-damage|p1a: Shin|51\/100|[from] Stealth Rock\n|switch|p2a: Gholdengo|Gholdengo|100\/100\n|\n|upkeep\n|turn|38\n|\n|t:|1699208535\n|switch|p2a: Ting-Lu|Ting-Lu|100\/100 frz\n|-ability|p2a: Ting-Lu|Vessel of Ruin\n|move|p1a: Shin|Energy Ball|p2a: Ting-Lu\n|-supereffective|p2a: Ting-Lu\n|-damage|p2a: Ting-Lu|72\/100 frz\n|\n|-heal|p2a: Ting-Lu|78\/100 frz|[from] item: Leftovers\n|upkeep\n|turn|39\n|\n|t:|1699208545\n|switch|p2a: Toxapex|Toxapex, M|100\/100\n|move|p1a: Shin|Energy Ball|p2a: Toxapex\n|-damage|p2a: Toxapex|74\/100\n|-unboost|p2a: Toxapex|spd|1\n|\n|-heal|p2a: Toxapex|80\/100|[from] item: Leftovers\n|upkeep\n|turn|40\n|\n|t:|1699208553\n|switch|p1a: Nilo|Sneasler, M|89\/100\n|-damage|p1a: Nilo|83\/100|[from] Stealth Rock\n|move|p2a: Toxapex|Toxic|p1a: Nilo\n|-immune|p1a: Nilo\n|\n|-heal|p2a: Toxapex|86\/100|[from] item: Leftovers\n|upkeep\n|turn|41\n|\n|t:|1699208567\n|switch|p1a: Shin|Chandelure, F, shiny|51\/100\n|-damage|p1a: Shin|26\/100|[from] Stealth Rock\n|move|p2a: Toxapex|Toxic|p1a: Shin\n|-status|p1a: Shin|tox\n|\n|-heal|p2a: Toxapex|92\/100|[from] item: Leftovers\n|-damage|p1a: Shin|20\/100 tox|[from] psn\n|upkeep\n|turn|42\n|\n|t:|1699208582\n|move|p2a: Toxapex|Baneful Bunker|p2a: Toxapex\n|-singleturn|p2a: Toxapex|move: Protect\n|move|p1a: Shin|Psychic|p2a: Toxapex\n|-activate|p2a: Toxapex|move: Protect\n|\n|-heal|p2a: Toxapex|99\/100|[from] item: Leftovers\n|-damage|p1a: Shin|8\/100 tox|[from] psn\n|upkeep\n|turn|43\n|\n|t:|1699208590\n|switch|p2a: Ting-Lu|Ting-Lu|78\/100 frz\n|-ability|p2a: Ting-Lu|Vessel of Ruin\n|move|p1a: Shin|Psychic|p2a: Ting-Lu\n|-immune|p2a: Ting-Lu\n|\n|-heal|p2a: Ting-Lu|85\/100 frz|[from] item: Leftovers\n|-damage|p1a: Shin|0 fnt|[from] psn\n|faint|p1a: Shin\n|upkeep\n|inactive|Vonrien has 120 seconds left.\n|\n|t:|1699208618\n|switch|p1a: Fin|Decidueye, M|52\/100 tox\n|-damage|p1a: Fin|39\/100 tox|[from] Stealth Rock\n|turn|44\n|\n|t:|1699208627\n|switch|p2a: Toxapex|Toxapex, M|100\/100\n|move|p1a: Fin|Shadow Claw|p2a: Toxapex\n|-damage|p2a: Toxapex|79\/100\n|\n|-heal|p2a: Toxapex|86\/100|[from] item: Leftovers\n|-damage|p1a: Fin|33\/100 tox|[from] psn\n|upkeep\n|turn|45\n|inactive|Vonrien has 120 seconds left.\n|\n|t:|1699208646\n|move|p2a: Toxapex|Baneful Bunker|p2a: Toxapex\n|-singleturn|p2a: Toxapex|move: Protect\n|move|p1a: Fin|Leaf Blade|p2a: Toxapex\n|-activate|p2a: Toxapex|move: Protect\n|\n|-heal|p2a: Toxapex|92\/100|[from] item: Leftovers\n|-damage|p1a: Fin|21\/100 tox|[from] psn\n|upkeep\n|turn|46\n|\n|t:|1699208654\n|move|p1a: Fin|Leaf Blade|p2a: Toxapex\n|-damage|p2a: Toxapex|63\/100\n|move|p2a: Toxapex|Recover|p2a: Toxapex\n|-heal|p2a: Toxapex|100\/100\n|\n|-damage|p1a: Fin|3\/100 tox|[from] psn\n|upkeep\n|turn|47\n|\n|t:|1699208661\n|move|p2a: Toxapex|Baneful Bunker|p2a: Toxapex\n|-singleturn|p2a: Toxapex|move: Protect\n|move|p1a: Fin|Leaf Blade|p2a: Toxapex\n|-activate|p2a: Toxapex|move: Protect\n|\n|-damage|p1a: Fin|0 fnt|[from] psn\n|faint|p1a: Fin\n|upkeep\n|\n|t:|1699208669\n|switch|p1a: Lala|Gastrodon, F|21\/100 tox\n|-damage|p1a: Lala|15\/100 tox|[from] Stealth Rock\n|turn|48\n|\n|t:|1699208679\n|move|p1a: Lala|Earth Power|p2a: Toxapex\n|-supereffective|p2a: Toxapex\n|-damage|p2a: Toxapex|41\/100\n|move|p2a: Toxapex|Recover|p2a: Toxapex\n|-heal|p2a: Toxapex|91\/100\n|\n|-heal|p1a: Lala|21\/100 tox|[from] item: Leftovers\n|-heal|p2a: Toxapex|97\/100|[from] item: Leftovers\n|-damage|p1a: Lala|15\/100 tox|[from] psn\n|upkeep\n|turn|49\n|\n|t:|1699208688\n|move|p2a: Toxapex|Baneful Bunker|p2a: Toxapex\n|-singleturn|p2a: Toxapex|move: Protect\n|move|p1a: Lala|Earth Power|p2a: Toxapex\n|-activate|p2a: Toxapex|move: Protect\n|\n|-heal|p1a: Lala|21\/100 tox|[from] item: Leftovers\n|-heal|p2a: Toxapex|100\/100|[from] item: Leftovers\n|-damage|p1a: Lala|9\/100 tox|[from] psn\n|upkeep\n|turn|50\n|\n|t:|1699208697\n|move|p1a: Lala|Earth Power|p2a: Toxapex\n|-supereffective|p2a: Toxapex\n|-damage|p2a: Toxapex|39\/100\n|-unboost|p2a: Toxapex|spd|1\n|move|p2a: Toxapex|Recover|p2a: Toxapex\n|-heal|p2a: Toxapex|89\/100\n|\n|-heal|p1a: Lala|15\/100 tox|[from] item: Leftovers\n|-heal|p2a: Toxapex|95\/100|[from] item: Leftovers\n|-damage|p1a: Lala|0 fnt|[from] psn\n|faint|p1a: Lala\n|upkeep\n|\n|t:|1699208708\n|switch|p1a: Rai|Darkrai|51\/100\n|-damage|p1a: Rai|39\/100|[from] Stealth Rock\n|turn|51\n|\n|t:|1699208717\n|move|p2a: Toxapex|Baneful Bunker|p2a: Toxapex\n|-singleturn|p2a: Toxapex|move: Protect\n|move|p1a: Rai|Dark Pulse|p2a: Toxapex\n|-activate|p2a: Toxapex|move: Protect\n|\n|-heal|p2a: Toxapex|100\/100|[from] item: Leftovers\n|upkeep\n|turn|52\n|\n|t:|1699208724\n|move|p1a: Rai|Dark Pulse|p2a: Toxapex\n|-damage|p2a: Toxapex|49\/100\n|cant|p2a: Toxapex|flinch\n|\n|-heal|p2a: Toxapex|55\/100|[from] item: Leftovers\n|upkeep\n|turn|53\n|\n|t:|1699208730\n|switch|p2a: Ting-Lu|Ting-Lu|85\/100 frz\n|-ability|p2a: Ting-Lu|Vessel of Ruin\n|move|p1a: Rai|Dark Pulse|p2a: Ting-Lu\n|-resisted|p2a: Ting-Lu\n|-damage|p2a: Ting-Lu|73\/100 frz\n|\n|-heal|p2a: Ting-Lu|79\/100 frz|[from] item: Leftovers\n|upkeep\n|turn|54\n|\n|t:|1699208739\n|move|p1a: Rai|Dark Pulse|p2a: Ting-Lu\n|-resisted|p2a: Ting-Lu\n|-damage|p2a: Ting-Lu|68\/100 frz\n|cant|p2a: Ting-Lu|frz\n|\n|-heal|p2a: Ting-Lu|74\/100 frz|[from] item: Leftovers\n|upkeep\n|turn|55\n|\n|t:|1699208746\n|move|p1a: Rai|Dark Pulse|p2a: Ting-Lu\n|-resisted|p2a: Ting-Lu\n|-damage|p2a: Ting-Lu|64\/100 frz\n|cant|p2a: Ting-Lu|frz\n|\n|-heal|p2a: Ting-Lu|70\/100 frz|[from] item: Leftovers\n|upkeep\n|turn|56\n|\n|t:|1699208753\n|move|p1a: Rai|Dark Pulse|p2a: Ting-Lu\n|-resisted|p2a: Ting-Lu\n|-damage|p2a: Ting-Lu|59\/100 frz\n|-curestatus|p2a: Ting-Lu|frz|[msg]\n|move|p2a: Ting-Lu|Spikes|p1a: Rai\n|-sidestart|p1: Vonrien|Spikes\n|\n|-heal|p2a: Ting-Lu|65\/100|[from] item: Leftovers\n|upkeep\n|turn|57\n|\n|t:|1699208763\n|move|p1a: Rai|Dark Pulse|p2a: Ting-Lu\n|-resisted|p2a: Ting-Lu\n|-damage|p2a: Ting-Lu|54\/100\n|move|p2a: Ting-Lu|Spikes|p1a: Rai\n|-sidestart|p1: Vonrien|Spikes\n|\n|-heal|p2a: Ting-Lu|61\/100|[from] item: Leftovers\n|upkeep\n|turn|58\n|\n|t:|1699208769\n|move|p1a: Rai|Dark Pulse|p2a: Ting-Lu\n|-resisted|p2a: Ting-Lu\n|-crit|p2a: Ting-Lu\n|-damage|p2a: Ting-Lu|44\/100\n|cant|p2a: Ting-Lu|flinch\n|\n|-heal|p2a: Ting-Lu|50\/100|[from] item: Leftovers\n|upkeep\n|turn|59\n|\n|t:|1699208776\n|move|p1a: Rai|Dark Pulse|p2a: Ting-Lu\n|-resisted|p2a: Ting-Lu\n|-damage|p2a: Ting-Lu|39\/100\n|cant|p2a: Ting-Lu|flinch\n|\n|-heal|p2a: Ting-Lu|45\/100|[from] item: Leftovers\n|upkeep\n|turn|60\n|\n|t:|1699208782\n|move|p1a: Rai|Dark Pulse|p2a: Ting-Lu\n|-resisted|p2a: Ting-Lu\n|-damage|p2a: Ting-Lu|34\/100\n|move|p2a: Ting-Lu|Spikes|p1a: Rai\n|-sidestart|p1: Vonrien|Spikes\n|\n|-heal|p2a: Ting-Lu|40\/100|[from] item: Leftovers\n|upkeep\n|turn|61\n|\n|t:|1699208793\n|move|p1a: Rai|Dark Pulse|p2a: Ting-Lu\n|-resisted|p2a: Ting-Lu\n|-crit|p2a: Ting-Lu\n|-damage|p2a: Ting-Lu|23\/100\n|move|p2a: Ting-Lu|Whirlwind|p1a: Rai\n|drag|p1a: Nilo|Sneasler, M|83\/100\n|-damage|p1a: Nilo|77\/100|[from] Stealth Rock\n|-damage|p1a: Nilo|52\/100|[from] Spikes\n|\n|-heal|p2a: Ting-Lu|30\/100|[from] item: Leftovers\n|upkeep\n|turn|62\n|\n|t:|1699208807\n|switch|p2a: Gholdengo|Gholdengo|100\/100\n|move|p1a: Nilo|Close Combat|p2a: Gholdengo\n|-immune|p2a: Gholdengo\n|\n|upkeep\n|turn|63\n|\n|t:|1699208815\n|move|p1a: Nilo|Swords Dance|p1a: Nilo\n|-boost|p1a: Nilo|atk|2\n|move|p2a: Gholdengo|Shadow Ball|p1a: Nilo\n|-damage|p1a: Nilo|2\/100\n|-unboost|p1a: Nilo|spd|1\n|-enditem|p1a: Nilo|White Herb\n|-clearnegativeboost|p1a: Nilo|[silent]\n|\n|upkeep\n|turn|64\n|\n|t:|1699208825\n|move|p1a: Nilo|Close Combat|p2a: Gholdengo\n|-immune|p2a: Gholdengo\n|move|p2a: Gholdengo|Shadow Ball|p1a: Nilo\n|-damage|p1a: Nilo|0 fnt\n|faint|p1a: Nilo\n|\n|upkeep\n|\n|t:|1699208831\n|switch|p1a: Rai|Darkrai|39\/100\n|-damage|p1a: Rai|26\/100|[from] Stealth Rock\n|-damage|p1a: Rai|2\/100|[from] Spikes\n|turn|65\n|\n|t:|1699208840\n|-terastallize|p2a: Gholdengo|Normal\n|move|p1a: Rai|Dark Pulse|p2a: Gholdengo\n|-damage|p2a: Gholdengo|56\/100\n|move|p2a: Gholdengo|Dazzling Gleam|p1a: Rai\n|-supereffective|p1a: Rai\n|-crit|p1a: Rai\n|-damage|p1a: Rai|0 fnt\n|faint|p1a: Rai\n|\n|win|Pokeprincess227\n|raw|Vonrien's rating: 1261 &rarr; <strong>1244<\/strong><br \/>(-17 for losing)\n|raw|Pokeprincess227's rating: 1378 &rarr; <strong>1392<\/strong><br \/>(+14 for winning)\n","uploadtime":1699208854,"views":6,"p1id":"vonrien","p2id":"pokeprincess227","formatid":"gen9anythinggoes","rating":1244,"private":0,"password":""}