{"id":"gen9anythinggoes-1994828634","p1":"eurosvgc","p2":"nnyyy","format":"[Gen 9] Anything Goes","log":"|j|\u2606eurosvgc\n|j|\u2606nnyyy\n|t:|1700496588\n|gametype|singles\n|player|p1|eurosvgc|1|1470\n|player|p2|nnyyy|265|1434\n|teamsize|p1|6\n|teamsize|p2|6\n|gen|9\n|tier|[Gen 9] Anything Goes\n|rated|\n|rule|HP Percentage Mod: HP is shown in percentages\n|rule|Endless Battle Clause: Forcing endless battles is banned\n|clearpoke\n|poke|p1|Miraidon|\n|poke|p1|Landorus-Therian, M|\n|poke|p1|Magearna|\n|poke|p1|Arceus-Poison|\n|poke|p1|Chien-Pao|\n|poke|p1|Giratina-Origin|\n|poke|p2|Calyrex-Ice|\n|poke|p2|Urshifu-*, F|\n|poke|p2|Zacian-*|\n|poke|p2|Kingambit, M|\n|poke|p2|Cresselia, F|\n|poke|p2|Landorus-Therian, M|\n|teampreview\n|\n|t:|1700496597\n|start\n|switch|p1a: Landorus|Landorus-Therian, M, shiny|100\/100\n|switch|p2a: Zacian|Zacian-Crowned|100\/100\n|-ability|p1a: Landorus|Intimidate|boost\n|-unboost|p2a: Zacian|atk|1\n|-ability|p2a: Zacian|Intrepid Sword|boost\n|-boost|p2a: Zacian|atk|1\n|turn|1\n|inactive|Battle timer is ON: inactive players will automatically lose when time's up. (requested by eurosvgc)\n|\n|t:|1700496609\n|switch|p2a: Landorus|Landorus-Therian, M|100\/100\n|-ability|p2a: Landorus|Intimidate|boost\n|-unboost|p1a: Landorus|atk|1\n|move|p1a: Landorus|Earthquake|p2a: Landorus\n|-immune|p2a: Landorus\n|\n|upkeep\n|turn|2\n|\n|t:|1700496618\n|switch|p1a: Giratina|Giratina-Origin|100\/100\n|move|p2a: Landorus|Stealth Rock|p1a: Giratina\n|-sidestart|p1: eurosvgc|move: Stealth Rock\n|\n|upkeep\n|turn|3\n|\n|t:|1700496626\n|switch|p2a: Kingambit|Kingambit, M|100\/100\n|move|p1a: Giratina|Will-O-Wisp|p2a: Kingambit\n|-status|p2a: Kingambit|brn\n|\n|-damage|p2a: Kingambit|94\/100 brn|[from] brn\n|upkeep\n|turn|4\n|\n|t:|1700496637\n|switch|p1a: Landorus|Landorus-Therian, M, shiny|100\/100\n|-damage|p1a: Landorus|88\/100|[from] Stealth Rock\n|-ability|p1a: Landorus|Intimidate|boost\n|-unboost|p2a: Kingambit|atk|1\n|move|p2a: Kingambit|Kowtow Cleave|p1a: Landorus\n|-damage|p1a: Landorus|69\/100\n|\n|-damage|p2a: Kingambit|88\/100 brn|[from] brn\n|upkeep\n|turn|5\n|\n|t:|1700496656\n|-end|p2a: Kingambit|fallenundefined|[silent]\n|switch|p2a: Landorus|Landorus-Therian, M|100\/100\n|-ability|p2a: Landorus|Intimidate|boost\n|-unboost|p1a: Landorus|atk|1\n|move|p1a: Landorus|U-turn|p2a: Landorus\n|-resisted|p2a: Landorus\n|-damage|p2a: Landorus|94\/100\n|-damage|p1a: Landorus|53\/100|[from] item: Rocky Helmet|[of] p2a: Landorus\n|\n|t:|1700496664\n|switch|p1a: Chien-Pao|Chien-Pao|100\/100|[from] U-turn\n|-damage|p1a: Chien-Pao|76\/100|[from] Stealth Rock\n|-ability|p1a: Chien-Pao|Sword of Ruin\n|\n|upkeep\n|turn|6\n|\n|t:|1700496684\n|switch|p2a: Zacian|Zacian-Crowned|100\/100\n|move|p1a: Chien-Pao|Ice Spinner|p2a: Zacian\n|-resisted|p2a: Zacian\n|-damage|p2a: Zacian|67\/100\n|-damage|p1a: Chien-Pao|66\/100|[from] item: Life Orb\n|\n|upkeep\n|turn|7\n|\n|t:|1700496696\n|switch|p1a: Arceus|Arceus-Poison|100\/100\n|-damage|p1a: Arceus|88\/100|[from] Stealth Rock\n|move|p2a: Zacian|Substitute|p2a: Zacian\n|-start|p2a: Zacian|Substitute\n|-damage|p2a: Zacian|42\/100\n|\n|upkeep\n|turn|8\n|\n|t:|1700496706\n|move|p2a: Zacian|Behemoth Blade|p1a: Arceus\n|-damage|p1a: Arceus|59\/100\n|move|p1a: Arceus|Earth Power|p2a: Zacian\n|-supereffective|p2a: Zacian\n|-end|p2a: Zacian|Substitute\n|\n|upkeep\n|turn|9\n|\n|t:|1700496717\n|move|p2a: Zacian|Behemoth Blade|p1a: Arceus\n|-damage|p1a: Arceus|29\/100\n|move|p1a: Arceus|Recover|p1a: Arceus\n|-heal|p1a: Arceus|79\/100\n|\n|upkeep\n|turn|10\n|\n|t:|1700496728\n|switch|p2a: Cresselia|Cresselia, F, shiny|100\/100\n|move|p1a: Arceus|Earth Power|p2a: Cresselia\n|-immune|p2a: Cresselia|[from] ability: Levitate\n|\n|upkeep\n|turn|11\n|\n|t:|1700496737\n|switch|p1a: Magearna|Magearna|100\/100\n|-damage|p1a: Magearna|94\/100|[from] Stealth Rock\n|move|p2a: Cresselia|Trick Room|p2a: Cresselia\n|-fieldstart|move: Trick Room|[of] p2a: Cresselia\n|\n|upkeep\n|turn|12\n|\n|t:|1700496749\n|move|p2a: Cresselia|Lunar Dance|p2a: Cresselia\n|faint|p2a: Cresselia\n|-ability|p1a: Magearna|Soul-Heart|boost\n|-boost|p1a: Magearna|spa|1\n|move|p1a: Magearna|Flash Cannon|p2: Cresselia|[notarget]\n|-fail|p1a: Magearna\n|\n|upkeep\n|\n|t:|1700496760\n|switch|p2a: Calyrex|Calyrex-Ice|100\/100\n|-ability|p2a: Calyrex|As One\n|-ability|p2a: Calyrex|Unnerve\n|turn|13\n|\n|t:|1700496778\n|-terastallize|p1a: Magearna|Flying\n|move|p2a: Calyrex|High Horsepower|p1a: Magearna\n|-immune|p1a: Magearna\n|move|p1a: Magearna|Flash Cannon|p2a: Calyrex\n|-supereffective|p2a: Calyrex\n|-damage|p2a: Calyrex|0 fnt\n|faint|p2a: Calyrex\n|-ability|p1a: Magearna|Soul-Heart|boost\n|-boost|p1a: Magearna|spa|1\n|\n|upkeep\n|inactive|nnyyy has 120 seconds left.\n|\n|t:|1700496792\n|switch|p2a: Urshifu|Urshifu-Rapid-Strike, F|100\/100\n|turn|14\n|\n|t:|1700496798\n|move|p1a: Magearna|Dazzling Gleam|p2a: Urshifu\n|-supereffective|p2a: Urshifu\n|-damage|p2a: Urshifu|0 fnt\n|faint|p2a: Urshifu\n|-ability|p1a: Magearna|Soul-Heart|boost\n|-boost|p1a: Magearna|spa|1\n|\n|upkeep\n|-message|nnyyy forfeited.\n|\n|win|eurosvgc\n|raw|eurosvgc's rating: 1470 &rarr; <strong>1488<\/strong><br \/>(+18 for winning)\n|raw|nnyyy's rating: 1434 &rarr; <strong>1416<\/strong><br \/>(-18 for losing)\n|l|\u2606nnyyy\n","uploadtime":1700496872,"views":6,"p1id":"eurosvgc","p2id":"nnyyy","formatid":"gen9anythinggoes","rating":1416,"private":0,"password":""}