{"id":"gen9anythinggoes-1979380786","p1":"Curvature<3","p2":"rodrigo2vs2","format":"[Gen 9] Anything Goes","log":"|j|\u2606Curvature<3\n|j|\u2606rodrigo2vs2\n|t:|1698678144\n|gametype|singles\n|player|p1|Curvature<3|dawn-gen4pt|1456\n|player|p2|rodrigo2vs2|102|1545\n|teamsize|p1|6\n|teamsize|p2|6\n|gen|9\n|tier|[Gen 9] Anything Goes\n|rated|\n|rule|HP Percentage Mod: HP is shown in percentages\n|rule|Endless Battle Clause: Forcing endless battles is banned\n|clearpoke\n|poke|p1|Calyrex-Shadow|\n|poke|p1|Miraidon|\n|poke|p1|Miraidon|\n|poke|p1|Miraidon|\n|poke|p1|Miraidon|\n|poke|p1|Koraidon|\n|poke|p2|Zacian-*|\n|poke|p2|Arceus-Ground|\n|poke|p2|Koraidon|\n|poke|p2|Miraidon|\n|poke|p2|Calyrex-Shadow|\n|poke|p2|Umbreon, F|\n|teampreview\n|inactive|Battle timer is ON: inactive players will automatically lose when time's up. (requested by rodrigo2vs2)\n|inactive|Curvature<3 also wants the timer to be on.\n|\n|t:|1698678156\n|start\n|switch|p1a: Miraidon|Miraidon|100\/100\n|switch|p2a: Arceus|Arceus-Ground|100\/100\n|-fieldstart|move: Electric Terrain|[from] ability: Hadron Engine|[of] p1a: Miraidon\n|turn|1\n|\n|t:|1698678163\n|move|p1a: Miraidon|Draco Meteor|p2a: Arceus\n|-damage|p2a: Arceus|27\/100\n|-unboost|p1a: Miraidon|spa|2\n|move|p2a: Arceus|Judgment|p1a: Miraidon\n|-supereffective|p1a: Miraidon\n|-damage|p1a: Miraidon|0 fnt\n|faint|p1a: Miraidon\n|\n|upkeep\n|\n|t:|1698678175\n|switch|p1a: Koraidon|Koraidon|100\/100\n|-weather|SunnyDay|[from] ability: Orichalcum Pulse|[of] p1a: Koraidon\n|-activate|p1a: Koraidon|Orichalcum Pulse|[source]\n|turn|2\n|\n|t:|1698678181\n|move|p1a: Koraidon|Collision Course|p2a: Arceus\n|-damage|p2a: Arceus|0 fnt\n|faint|p2a: Arceus\n|\n|-weather|SunnyDay|[upkeep]\n|upkeep\n|\n|t:|1698678188\n|switch|p2a: Miraidon|Miraidon|100\/100\n|-activate|p2a: Miraidon|ability: Hadron Engine\n|turn|3\n|\n|t:|1698678196\n|move|p2a: Miraidon|Dazzling Gleam|p1a: Koraidon\n|-supereffective|p1a: Koraidon\n|-damage|p1a: Koraidon|0 fnt\n|faint|p1a: Koraidon\n|\n|-weather|SunnyDay|[upkeep]\n|upkeep\n|\n|t:|1698678203\n|switch|p1a: Miraidon|Miraidon|100\/100\n|-activate|p1a: Miraidon|ability: Hadron Engine\n|turn|4\n|\n|t:|1698678207\n|move|p1a: Miraidon|Electro Drift|p2a: Miraidon\n|-resisted|p2a: Miraidon\n|-damage|p2a: Miraidon|81\/100\n|move|p2a: Miraidon|Dragon Pulse|p1a: Miraidon\n|-supereffective|p1a: Miraidon\n|-crit|p1a: Miraidon\n|-damage|p1a: Miraidon|0 fnt\n|faint|p1a: Miraidon\n|\n|-weather|SunnyDay|[upkeep]\n|upkeep\n|\n|t:|1698678217\n|switch|p1a: Calyrex|Calyrex-Shadow|100\/100\n|-ability|p1a: Calyrex|As One\n|-ability|p1a: Calyrex|Unnerve\n|turn|5\n|\n|t:|1698678223\n|switch|p2a: Umbreon|Umbreon, F|100\/100\n|move|p1a: Calyrex|Astral Barrage|p2a: Umbreon\n|-resisted|p2a: Umbreon\n|-damage|p2a: Umbreon|81\/100\n|\n|-weather|SunnyDay|[upkeep]\n|-heal|p2a: Umbreon|87\/100|[from] item: Leftovers\n|-fieldend|move: Electric Terrain\n|upkeep\n|turn|6\n|\n|t:|1698678234\n|switch|p1a: Miraidon|Miraidon|100\/100\n|-fieldstart|move: Electric Terrain|[from] ability: Hadron Engine|[of] p1a: Miraidon\n|move|p2a: Umbreon|Foul Play|p1a: Miraidon\n|-damage|p1a: Miraidon|68\/100\n|\n|-weather|none\n|-heal|p2a: Umbreon|93\/100|[from] item: Leftovers\n|upkeep\n|turn|7\n|\n|t:|1698678243\n|move|p1a: Miraidon|Electro Drift|p2a: Umbreon\n|-damage|p2a: Umbreon|45\/100\n|move|p2a: Umbreon|Yawn|p1a: Miraidon\n|-activate|p1a: Miraidon|move: Electric Terrain\n|\n|-heal|p2a: Umbreon|52\/100|[from] item: Leftovers\n|upkeep\n|turn|8\n|\n|t:|1698678254\n|switch|p2a: Koraidon|Koraidon|100\/100\n|-weather|SunnyDay|[from] ability: Orichalcum Pulse|[of] p2a: Koraidon\n|-activate|p2a: Koraidon|Orichalcum Pulse|[source]\n|move|p1a: Miraidon|Electro Drift|p2a: Koraidon\n|-resisted|p2a: Koraidon\n|-damage|p2a: Koraidon|56\/100\n|\n|-weather|SunnyDay|[upkeep]\n|upkeep\n|turn|9\n|\n|t:|1698678263\n|move|p2a: Koraidon|Drain Punch|p1a: Miraidon\n|-damage|p1a: Miraidon|9\/100\n|-heal|p2a: Koraidon|86\/100|[from] drain|[of] p1a: Miraidon\n|move|p1a: Miraidon|Electro Drift|p2a: Koraidon\n|-resisted|p2a: Koraidon\n|-damage|p2a: Koraidon|38\/100\n|\n|-weather|SunnyDay|[upkeep]\n|upkeep\n|turn|10\n|\n|t:|1698678273\n|switch|p1a: Calyrex|Calyrex-Shadow|100\/100\n|-ability|p1a: Calyrex|As One\n|-ability|p1a: Calyrex|Unnerve\n|move|p2a: Koraidon|Drain Punch|p1a: Calyrex\n|-immune|p1a: Calyrex\n|\n|-weather|SunnyDay|[upkeep]\n|-fieldend|move: Electric Terrain\n|upkeep\n|turn|11\n|\n|t:|1698678283\n|switch|p2a: Umbreon|Umbreon, F|52\/100\n|move|p1a: Calyrex|Astral Barrage|p2a: Umbreon\n|-resisted|p2a: Umbreon\n|-damage|p2a: Umbreon|31\/100\n|\n|-weather|SunnyDay|[upkeep]\n|-heal|p2a: Umbreon|38\/100|[from] item: Leftovers\n|upkeep\n|turn|12\n|\n|t:|1698678308\n|switch|p1a: Miraidon|Miraidon|100\/100\n|-fieldstart|move: Electric Terrain|[from] ability: Hadron Engine|[of] p1a: Miraidon\n|move|p2a: Umbreon|Yawn|p1a: Miraidon\n|-activate|p1a: Miraidon|move: Electric Terrain\n|\n|-weather|none\n|-heal|p2a: Umbreon|44\/100|[from] item: Leftovers\n|upkeep\n|turn|13\n|\n|t:|1698678317\n|move|p2a: Umbreon|Protect|p2a: Umbreon\n|-singleturn|p2a: Umbreon|Protect\n|move|p1a: Miraidon|Electro Drift|p2a: Umbreon\n|-activate|p2a: Umbreon|move: Protect\n|\n|-heal|p2a: Umbreon|50\/100|[from] item: Leftovers\n|upkeep\n|turn|14\n|\n|t:|1698678325\n|move|p1a: Miraidon|Electro Drift|p2a: Umbreon\n|-damage|p2a: Umbreon|3\/100\n|move|p2a: Umbreon|Wish|p2a: Umbreon\n|\n|-heal|p2a: Umbreon|9\/100|[from] item: Leftovers\n|upkeep\n|turn|15\n|\n|t:|1698678333\n|move|p2a: Umbreon|Protect|p2a: Umbreon\n|-singleturn|p2a: Umbreon|Protect\n|move|p1a: Miraidon|Electro Drift|p2a: Umbreon\n|-activate|p2a: Umbreon|move: Protect\n|\n|-heal|p2a: Umbreon|59\/100|[from] move: Wish|[wisher] Umbreon\n|-heal|p2a: Umbreon|65\/100|[from] item: Leftovers\n|upkeep\n|turn|16\n|\n|t:|1698678343\n|move|p1a: Miraidon|Electro Drift|p2a: Umbreon\n|-damage|p2a: Umbreon|14\/100\n|move|p2a: Umbreon|Wish|p2a: Umbreon\n|\n|-heal|p2a: Umbreon|20\/100|[from] item: Leftovers\n|-fieldend|move: Electric Terrain\n|upkeep\n|turn|17\n|\n|t:|1698678350\n|switch|p1a: Miraidon|Miraidon|9\/100\n|-fieldstart|move: Electric Terrain|[from] ability: Hadron Engine|[of] p1a: Miraidon\n|move|p2a: Umbreon|Protect||[still]\n|-fail|p2a: Umbreon\n|\n|-heal|p2a: Umbreon|70\/100|[from] move: Wish|[wisher] Umbreon\n|-heal|p2a: Umbreon|76\/100|[from] item: Leftovers\n|upkeep\n|turn|18\n|\n|t:|1698678359\n|move|p1a: Miraidon|Electro Drift|p2a: Umbreon\n|-damage|p2a: Umbreon|27\/100\n|move|p2a: Umbreon|Foul Play|p1a: Miraidon\n|-damage|p1a: Miraidon|0 fnt\n|faint|p1a: Miraidon\n|\n|-heal|p2a: Umbreon|33\/100|[from] item: Leftovers\n|upkeep\n|\n|t:|1698678368\n|switch|p1a: Miraidon|Miraidon|100\/100\n|-activate|p1a: Miraidon|ability: Hadron Engine\n|turn|19\n|\n|t:|1698678375\n|move|p1a: Miraidon|Electro Drift|p2a: Umbreon\n|-damage|p2a: Umbreon|0 fnt\n|faint|p2a: Umbreon\n|\n|upkeep\n|\n|t:|1698678383\n|switch|p2a: Miraidon|Miraidon|81\/100\n|-activate|p2a: Miraidon|ability: Hadron Engine\n|turn|20\n|\n|t:|1698678390\n|move|p1a: Miraidon|Electro Drift|p2a: Miraidon\n|-resisted|p2a: Miraidon\n|-crit|p2a: Miraidon\n|-damage|p2a: Miraidon|52\/100\n|move|p2a: Miraidon|Dragon Pulse|p1a: Miraidon\n|-supereffective|p1a: Miraidon\n|-damage|p1a: Miraidon|1\/100\n|\n|upkeep\n|turn|21\n|\n|t:|1698678400\n|switch|p1a: Calyrex|Calyrex-Shadow|100\/100\n|-ability|p1a: Calyrex|As One\n|-ability|p1a: Calyrex|Unnerve\n|move|p2a: Miraidon|Parabolic Charge|p1a: Calyrex\n|-damage|p1a: Calyrex|42\/100\n|-heal|p2a: Miraidon|81\/100|[from] drain|[of] p1a: Calyrex\n|\n|-fieldend|move: Electric Terrain\n|upkeep\n|turn|22\n|\n|t:|1698678413\n|move|p1a: Calyrex|Astral Barrage|p2a: Miraidon\n|-damage|p2a: Miraidon|11\/100\n|move|p2a: Miraidon|Parabolic Charge|p1a: Calyrex\n|-damage|p1a: Calyrex|7\/100\n|-heal|p2a: Miraidon|29\/100|[from] drain|[of] p1a: Calyrex\n|\n|upkeep\n|turn|23\n|\n|t:|1698678422\n|move|p1a: Calyrex|Astral Barrage|p2a: Miraidon\n|-damage|p2a: Miraidon|0 fnt\n|faint|p2a: Miraidon\n|-ability|p1a: Calyrex|Grim Neigh|boost\n|-boost|p1a: Calyrex|spa|1\n|\n|upkeep\n|\n|t:|1698678428\n|switch|p2a: Koraidon|Koraidon|38\/100\n|-weather|SunnyDay|[from] ability: Orichalcum Pulse|[of] p2a: Koraidon\n|-activate|p2a: Koraidon|Orichalcum Pulse|[source]\n|turn|24\n|\n|t:|1698678433\n|move|p1a: Calyrex|Astral Barrage|p2a: Koraidon\n|-damage|p2a: Koraidon|0 fnt\n|faint|p2a: Koraidon\n|-ability|p1a: Calyrex|Grim Neigh|boost\n|-boost|p1a: Calyrex|spa|1\n|\n|-weather|SunnyDay|[upkeep]\n|upkeep\n|\n|t:|1698678440\n|switch|p2a: Calyrex|Calyrex-Shadow|100\/100\n|-ability|p2a: Calyrex|As One\n|-ability|p2a: Calyrex|Unnerve\n|turn|25\n|\n|t:|1698678446\n|-terastallize|p1a: Calyrex|Normal\n|-terastallize|p2a: Calyrex|Normal\n|move|p1a: Calyrex|Astral Barrage|p2a: Calyrex\n|-immune|p2a: Calyrex\n|move|p2a: Calyrex|Astral Barrage|p1a: Calyrex\n|-immune|p1a: Calyrex\n|\n|-weather|SunnyDay|[upkeep]\n|upkeep\n|turn|26\n|inactive|Curvature<3 has 120 seconds left.\n|inactive|Curvature<3 has 90 seconds left.\n|inactive|Curvature<3 has 60 seconds left.\n|inactive|Curvature<3 has 30 seconds left.\n|inactive|Curvature<3 has 20 seconds left.\n|inactive|Curvature<3 has 15 seconds left.\n|inactive|Curvature<3 has 10 seconds left.\n|inactive|Curvature<3 has 5 seconds left.\n|-message|Curvature<3 lost due to inactivity.\n|\n|win|rodrigo2vs2\n|raw|Curvature&lt;3's rating: 1456 &rarr; <strong>1441<\/strong><br \/>(-15 for losing)\n|raw|rodrigo2vs2's rating: 1545 &rarr; <strong>1560<\/strong><br \/>(+15 for winning)\n","uploadtime":1698678602,"views":8,"p1id":"curvature3","p2id":"rodrigo2vs2","formatid":"gen9anythinggoes","rating":1441,"private":0,"password":""}