{"id":"gen9anythinggoes-1983238516","p1":"tacthemenace","p2":"TmTrainer09","format":"[Gen 9] Anything Goes","log":"|j|\u2606tacthemenace\n|j|\u2606TmTrainer09\n|t:|1699109086\n|gametype|singles\n|player|p1|tacthemenace|dancer|1117\n|player|p2|TmTrainer09|unknown|1040\n|teamsize|p1|6\n|teamsize|p2|6\n|gen|9\n|tier|[Gen 9] Anything Goes\n|rated|\n|rule|HP Percentage Mod: HP is shown in percentages\n|rule|Endless Battle Clause: Forcing endless battles is banned\n|clearpoke\n|poke|p1|Grimmsnarl, M|\n|poke|p1|Cinderace, M|\n|poke|p1|Koraidon|\n|poke|p1|Eternatus|\n|poke|p1|Zamazenta-*|\n|poke|p1|Hydreigon, M|\n|poke|p2|Snorlax, M|\n|poke|p2|Torterra, M|\n|poke|p2|Mabosstiff, M|\n|poke|p2|Slowbro-Galar, M|\n|poke|p2|Starly, L1, F|\n|poke|p2|Hoopa-Unbound|\n|teampreview\n|\n|t:|1699109095\n|start\n|switch|p1a: Cinderace|Cinderace, M|100\/100\n|switch|p2a: Mabosstiff|Mabosstiff, M|100\/100\n|-ability|p2a: Mabosstiff|Intimidate|boost\n|-unboost|p1a: Cinderace|atk|1\n|turn|1\n|\n|t:|1699109105\n|move|p1a: Cinderace|Zen Headbutt|p2a: Mabosstiff\n|-immune|p2a: Mabosstiff\n|move|p2a: Mabosstiff|Comeuppance||[still]\n|-fail|p2a: Mabosstiff\n|\n|upkeep\n|turn|2\n|\n|t:|1699109111\n|move|p1a: Cinderace|Flame Charge|p2a: Mabosstiff\n|-damage|p2a: Mabosstiff|82\/100\n|-boost|p1a: Cinderace|spe|1\n|-damage|p1a: Cinderace|84\/100|[from] item: Rocky Helmet|[of] p2a: Mabosstiff\n|move|p2a: Mabosstiff|Comeuppance|p1a: Cinderace\n|-damage|p1a: Cinderace|56\/100\n|\n|upkeep\n|turn|3\n|\n|t:|1699109144\n|switch|p1a: Hydreigon|Hydreigon, M, shiny|100\/100\n|move|p2a: Mabosstiff|Comeuppance||[still]\n|-fail|p2a: Mabosstiff\n|\n|upkeep\n|turn|4\n|\n|t:|1699109153\n|move|p2a: Mabosstiff|Giga Impact|p1a: Hydreigon\n|-damage|p1a: Hydreigon|28\/100\n|-mustrecharge|p2a: Mabosstiff\n|move|p1a: Hydreigon|Dragon Pulse|p2a: Mabosstiff\n|-damage|p2a: Mabosstiff|14\/100\n|\n|upkeep\n|turn|5\n|\n|t:|1699109159\n|cant|p2a: Mabosstiff|recharge\n|move|p1a: Hydreigon|Acrobatics|p2a: Mabosstiff\n|-damage|p2a: Mabosstiff|0 fnt\n|-damage|p1a: Hydreigon|12\/100|[from] item: Rocky Helmet|[of] p2a: Mabosstiff\n|faint|p2a: Mabosstiff\n|\n|upkeep\n|\n|t:|1699109166\n|switch|p2a: Slowbro|Slowbro-Galar, M, shiny|100\/100\n|turn|6\n|\n|t:|1699109178\n|move|p1a: Hydreigon|Dragon Pulse|p2a: Slowbro\n|-damage|p2a: Slowbro|59\/100\n|move|p2a: Slowbro|Toxic|p1a: Hydreigon\n|-status|p1a: Hydreigon|tox\n|\n|-heal|p2a: Slowbro|65\/100|[from] item: Black Sludge\n|-damage|p1a: Hydreigon|5\/100 tox|[from] psn\n|upkeep\n|turn|7\n|\n|t:|1699109187\n|move|p1a: Hydreigon|Dragon Pulse|p2a: Slowbro\n|-damage|p2a: Slowbro|24\/100\n|move|p2a: Slowbro|Trick Room|p2a: Slowbro\n|-fieldstart|move: Trick Room|[of] p2a: Slowbro\n|\n|-heal|p2a: Slowbro|30\/100|[from] item: Black Sludge\n|-damage|p1a: Hydreigon|0 fnt|[from] psn\n|faint|p1a: Hydreigon\n|upkeep\n|\n|t:|1699109195\n|switch|p1a: Koraidon|Koraidon|100\/100\n|-weather|SunnyDay|[from] ability: Orichalcum Pulse|[of] p1a: Koraidon\n|-activate|p1a: Koraidon|Orichalcum Pulse|[source]\n|turn|8\n|\n|t:|1699109203\n|switch|p2a: Baby-Bullet|Starly, L1, F, shiny|100\/100\n|move|p1a: Koraidon|Collision Course|p2a: Baby-Bullet\n|-enditem|p2a: Baby-Bullet|Focus Sash\n|-damage|p2a: Baby-Bullet|9\/100\n|\n|-weather|SunnyDay|[upkeep]\n|upkeep\n|turn|9\n|\n|t:|1699109212\n|move|p2a: Baby-Bullet|Endeavor|p1a: Koraidon\n|-damage|p1a: Koraidon|1\/100\n|move|p1a: Koraidon|Outrage|p2a: Baby-Bullet\n|-damage|p2a: Baby-Bullet|0 fnt\n|faint|p2a: Baby-Bullet\n|\n|-weather|SunnyDay|[upkeep]\n|-heal|p1a: Koraidon|7\/100|[from] item: Leftovers\n|upkeep\n|\n|t:|1699109218\n|switch|p2a: Slowbro|Slowbro-Galar, M, shiny|63\/100\n|turn|10\n|\n|t:|1699109225\n|switch|p2a: Snorlax|Snorlax, M, shiny|100\/100\n|move|p1a: Koraidon|Outrage|p2a: Snorlax|[from]lockedmove\n|-damage|p2a: Snorlax|10\/100\n|-enditem|p2a: Snorlax|Starf Berry|[eat]\n|-boost|p2a: Snorlax|spe|2|[from] item: Starf Berry\n|\n|-weather|SunnyDay|[upkeep]\n|-heal|p1a: Koraidon|13\/100|[from] item: Leftovers\n|upkeep\n|turn|11\n|\n|t:|1699109234\n|move|p2a: Snorlax|Rest|p2a: Snorlax\n|-status|p2a: Snorlax|slp|[from] move: Rest\n|-heal|p2a: Snorlax|100\/100 slp|[silent]\n|move|p1a: Koraidon|Outrage|p2a: Snorlax|[from]lockedmove\n|-damage|p2a: Snorlax|14\/100 slp\n|-start|p1a: Koraidon|confusion|[fatigue]\n|\n|-weather|SunnyDay|[upkeep]\n|-heal|p1a: Koraidon|19\/100|[from] item: Leftovers\n|-fieldend|move: Trick Room\n|upkeep\n|turn|12\n|\n|t:|1699109247\n|-activate|p1a: Koraidon|confusion\n|move|p1a: Koraidon|Collision Course|p2a: Snorlax\n|-supereffective|p2a: Snorlax\n|-damage|p2a: Snorlax|0 fnt\n|faint|p2a: Snorlax\n|\n|-weather|none\n|-heal|p1a: Koraidon|25\/100|[from] item: Leftovers\n|upkeep\n|\n|t:|1699109251\n|switch|p2a: Gr\u00e1nd Terra|Torterra, M|100\/100\n|turn|13\n|\n|t:|1699109258\n|switch|p1a: Zamazenta|Zamazenta-Crowned|100\/100\n|-ability|p1a: Zamazenta|Dauntless Shield|boost\n|-boost|p1a: Zamazenta|def|1\n|move|p2a: Gr\u00e1nd Terra|Stockpile|p2a: Gr\u00e1nd Terra\n|-start|p2a: Gr\u00e1nd Terra|stockpile1\n|-boost|p2a: Gr\u00e1nd Terra|def|1\n|-boost|p2a: Gr\u00e1nd Terra|spd|1\n|\n|upkeep\n|turn|14\n|\n|t:|1699109268\n|switch|p2a: Slowbro|Slowbro-Galar, M, shiny|97\/100\n|move|p1a: Zamazenta|Behemoth Bash|p2a: Slowbro\n|-damage|p2a: Slowbro|60\/100\n|\n|-heal|p2a: Slowbro|66\/100|[from] item: Black Sludge\n|upkeep\n|turn|15\n|\n|t:|1699109276\n|move|p1a: Zamazenta|Focus Blast|p2a: Slowbro|[miss]\n|-miss|p1a: Zamazenta|p2a: Slowbro\n|move|p2a: Slowbro|Disable|p1a: Zamazenta\n|-start|p1a: Zamazenta|Disable|Focus Blast\n|\n|-heal|p2a: Slowbro|72\/100|[from] item: Black Sludge\n|upkeep\n|turn|16\n|\n|t:|1699109288\n|move|p1a: Zamazenta|Behemoth Bash|p2a: Slowbro\n|-damage|p2a: Slowbro|30\/100\n|move|p2a: Slowbro|Trick||[still]\n|-fail|p2a: Slowbro\n|\n|-heal|p2a: Slowbro|36\/100|[from] item: Black Sludge\n|upkeep\n|turn|17\n|\n|t:|1699109309\n|move|p1a: Zamazenta|Behemoth Bash|p2a: Slowbro\n|-damage|p2a: Slowbro|0 fnt\n|faint|p2a: Slowbro\n|\n|upkeep\n|\n|t:|1699109312\n|switch|p2a: Gr\u00e1nd Terra|Torterra, M|100\/100\n|turn|18\n|\n|t:|1699109316\n|move|p1a: Zamazenta|Behemoth Bash|p2a: Gr\u00e1nd Terra\n|-damage|p2a: Gr\u00e1nd Terra|55\/100\n|move|p2a: Gr\u00e1nd Terra|Swallow||[still]\n|-fail|p2a: Gr\u00e1nd Terra\n|\n|upkeep\n|turn|19\n|\n|t:|1699109323\n|move|p1a: Zamazenta|Behemoth Bash|p2a: Gr\u00e1nd Terra\n|-damage|p2a: Gr\u00e1nd Terra|3\/100\n|move|p2a: Gr\u00e1nd Terra|Stockpile|p2a: Gr\u00e1nd Terra\n|-start|p2a: Gr\u00e1nd Terra|stockpile1\n|-boost|p2a: Gr\u00e1nd Terra|def|1\n|-boost|p2a: Gr\u00e1nd Terra|spd|1\n|\n|-end|p1a: Zamazenta|Disable\n|upkeep\n|turn|20\n|\n|t:|1699109336\n|-terastallize|p2a: Gr\u00e1nd Terra|Normal\n|move|p1a: Zamazenta|Behemoth Bash|p2a: Gr\u00e1nd Terra\n|-damage|p2a: Gr\u00e1nd Terra|0 fnt\n|faint|p2a: Gr\u00e1nd Terra\n|\n|upkeep\n|\n|t:|1699109349\n|switch|p2a: Hoopa|Hoopa-Unbound|100\/100\n|turn|21\n|\n|t:|1699109354\n|switch|p1a: Eternatus|Eternatus|100\/100\n|-ability|p1a: Eternatus|Pressure\n|move|p2a: Hoopa|Phantom Force||[still]\n|-prepare|p2a: Hoopa|Phantom Force\n|\n|upkeep\n|turn|22\n|\n|t:|1699109364\n|move|p1a: Eternatus|Dynamax Cannon|p2a: Hoopa|[miss]\n|-miss|p1a: Eternatus|p2a: Hoopa\n|move|p2a: Hoopa|Phantom Force|p1a: Eternatus|[from]lockedmove\n|-crit|p1a: Eternatus\n|-damage|p1a: Eternatus|46\/100\n|-damage|p2a: Hoopa|91\/100|[from] item: Life Orb\n|\n|-heal|p1a: Eternatus|52\/100|[from] item: Leftovers\n|upkeep\n|turn|23\n|\n|t:|1699109376\n|move|p1a: Eternatus|Dynamax Cannon|p2a: Hoopa\n|-damage|p2a: Hoopa|47\/100\n|move|p2a: Hoopa|Substitute|p2a: Hoopa\n|-start|p2a: Hoopa|Substitute\n|-damage|p2a: Hoopa|22\/100\n|\n|-heal|p1a: Eternatus|59\/100|[from] item: Leftovers\n|upkeep\n|turn|24\n|\n|t:|1699109387\n|move|p1a: Eternatus|Dynamax Cannon|p2a: Hoopa\n|-end|p2a: Hoopa|Substitute\n|move|p2a: Hoopa|Drain Punch|p1a: Eternatus\n|-resisted|p1a: Eternatus\n|-damage|p1a: Eternatus|43\/100\n|-heal|p2a: Hoopa|35\/100|[from] drain|[of] p1a: Eternatus\n|-damage|p2a: Hoopa|25\/100|[from] item: Life Orb\n|\n|-heal|p1a: Eternatus|50\/100|[from] item: Leftovers\n|upkeep\n|turn|25\n|\n|t:|1699109398\n|switch|p1a: Cinderace|Cinderace, M|56\/100\n|move|p2a: Hoopa|Phantom Force||[still]\n|-prepare|p2a: Hoopa|Phantom Force\n|\n|upkeep\n|turn|26\n|\n|t:|1699109404\n|move|p1a: Cinderace|Zen Headbutt|p2a: Hoopa|[miss]\n|-miss|p1a: Cinderace|p2a: Hoopa\n|move|p2a: Hoopa|Phantom Force|p1a: Cinderace|[from]lockedmove\n|-damage|p1a: Cinderace|0 fnt\n|faint|p1a: Cinderace\n|-damage|p2a: Hoopa|15\/100|[from] item: Life Orb\n|\n|upkeep\n|\n|t:|1699109412\n|switch|p1a: Koraidon|Koraidon|25\/100\n|-weather|SunnyDay|[from] ability: Orichalcum Pulse|[of] p1a: Koraidon\n|-activate|p1a: Koraidon|Orichalcum Pulse|[source]\n|turn|27\n|\n|t:|1699109416\n|move|p1a: Koraidon|Collision Course|p2a: Hoopa\n|-damage|p2a: Hoopa|0 fnt\n|faint|p2a: Hoopa\n|\n|win|tacthemenace\n|raw|tacthemenace's rating: 1117 &rarr; <strong>1137<\/strong><br \/>(+20 for winning)\n|raw|TmTrainer09's rating: 1040 &rarr; <strong>1027<\/strong><br \/>(-13 for losing)\n|l|\u2606TmTrainer09\n|c|\u2606tacthemenace|ggs\n","uploadtime":1699109450,"views":9,"p1id":"tacthemenace","p2id":"tmtrainer09","formatid":"gen9anythinggoes","rating":1027,"private":0,"password":""}