{"id":"gen9anythinggoes-1980574298","p1":"ChimeBliss","p2":"Domo2020","format":"[Gen 9] Anything Goes","log":"|j|\u2606ChimeBliss\n|j|\u2606Domo2020\n|t:|1698798978\n|gametype|singles\n|player|p1|ChimeBliss|dawn-gen4pt|1369\n|player|p2|Domo2020|170|1300\n|teamsize|p1|6\n|teamsize|p2|6\n|gen|9\n|tier|[Gen 9] Anything Goes\n|rated|\n|rule|HP Percentage Mod: HP is shown in percentages\n|rule|Endless Battle Clause: Forcing endless battles is banned\n|clearpoke\n|poke|p1|Grimmsnarl, M|\n|poke|p1|Glimmora, M|\n|poke|p1|Arceus|\n|poke|p1|Arceus-Ground|\n|poke|p1|Koraidon|\n|poke|p1|Calyrex-Shadow|\n|poke|p2|Maushold-Four|\n|poke|p2|Maushold-Four|\n|poke|p2|Maushold-Four|\n|poke|p2|Maushold-Four|\n|poke|p2|Lucario, M|\n|poke|p2|Skeledirge, M|\n|teampreview\n|inactive|Battle timer is ON: inactive players will automatically lose when time's up. (requested by ChimeBliss)\n|\n|t:|1698798993\n|start\n|switch|p1a: Grimmsnarl|Grimmsnarl, M|100\/100\n|switch|p2a: Maushold|Maushold-Four|100\/100\n|turn|1\n|\n|t:|1698798997\n|move|p1a: Grimmsnarl|Taunt|p2a: Maushold\n|-start|p2a: Maushold|move: Taunt\n|cant|p2a: Maushold|move: Taunt|Tidy Up\n|\n|upkeep\n|turn|2\n|\n|t:|1698799000\n|move|p1a: Grimmsnarl|Reflect|p1a: Grimmsnarl\n|-sidestart|p1: ChimeBliss|Reflect\n|move|p2a: Maushold|Population Bomb|p1a: Grimmsnarl|[miss]\n|-miss|p2a: Maushold|p1a: Grimmsnarl\n|\n|upkeep\n|turn|3\n|\n|t:|1698799004\n|move|p2a: Maushold|Population Bomb|p1a: Grimmsnarl|[miss]\n|-miss|p2a: Maushold|p1a: Grimmsnarl\n|move|p1a: Grimmsnarl|Spirit Break|p2a: Maushold\n|-damage|p2a: Maushold|54\/100\n|-unboost|p2a: Maushold|spa|1\n|\n|-end|p2a: Maushold|move: Taunt\n|upkeep\n|turn|4\n|\n|t:|1698799009\n|move|p2a: Maushold|Population Bomb|p1a: Grimmsnarl\n|-damage|p1a: Grimmsnarl|94\/100\n|-damage|p1a: Grimmsnarl|88\/100\n|-crit|p1a: Grimmsnarl\n|-damage|p1a: Grimmsnarl|68\/100\n|-hitcount|p1a: Grimmsnarl|3\n|move|p1a: Grimmsnarl|Spirit Break|p2a: Maushold\n|-damage|p2a: Maushold|2\/100\n|-unboost|p2a: Maushold|spa|1\n|\n|upkeep\n|turn|5\n|\n|t:|1698799012\n|move|p2a: Maushold|Population Bomb|p1a: Grimmsnarl|[miss]\n|-miss|p2a: Maushold|p1a: Grimmsnarl\n|move|p1a: Grimmsnarl|Spirit Break|p2a: Maushold\n|-damage|p2a: Maushold|0 fnt\n|faint|p2a: Maushold\n|\n|upkeep\n|\n|t:|1698799015\n|switch|p2a: Maushold|Maushold-Four|100\/100\n|turn|6\n|\n|t:|1698799018\n|move|p1a: Grimmsnarl|Taunt|p2a: Maushold\n|-start|p2a: Maushold|move: Taunt\n|move|p2a: Maushold|Population Bomb|p1a: Grimmsnarl|[miss]\n|-miss|p2a: Maushold|p1a: Grimmsnarl\n|\n|upkeep\n|turn|7\n|\n|t:|1698799021\n|move|p2a: Maushold|Population Bomb|p1a: Grimmsnarl\n|-damage|p1a: Grimmsnarl|61\/100\n|-damage|p1a: Grimmsnarl|55\/100\n|-damage|p1a: Grimmsnarl|48\/100\n|-damage|p1a: Grimmsnarl|42\/100\n|-damage|p1a: Grimmsnarl|35\/100\n|-damage|p1a: Grimmsnarl|29\/100\n|-damage|p1a: Grimmsnarl|22\/100\n|-damage|p1a: Grimmsnarl|15\/100\n|-damage|p1a: Grimmsnarl|8\/100\n|-damage|p1a: Grimmsnarl|2\/100\n|-hitcount|p1a: Grimmsnarl|10\n|move|p1a: Grimmsnarl|Spirit Break|p2a: Maushold\n|-damage|p2a: Maushold|54\/100\n|-unboost|p2a: Maushold|spa|1\n|\n|upkeep\n|turn|8\n|\n|t:|1698799024\n|move|p2a: Maushold|Population Bomb|p1a: Grimmsnarl\n|-damage|p1a: Grimmsnarl|0 fnt\n|faint|p1a: Grimmsnarl\n|-hitcount|p1: Grimmsnarl|1\n|\n|-end|p2a: Maushold|move: Taunt\n|upkeep\n|\n|t:|1698799035\n|switch|p1a: Glimmora|Glimmora, M|100\/100\n|turn|9\n|\n|t:|1698799039\n|move|p2a: Maushold|Tidy Up|p2a: Maushold\n|-boost|p2a: Maushold|atk|1\n|-boost|p2a: Maushold|spe|1\n|move|p1a: Glimmora|Mud Shot|p2a: Maushold\n|-damage|p2a: Maushold|25\/100\n|-unboost|p2a: Maushold|spe|1\n|\n|-sideend|p1: ChimeBliss|Reflect\n|upkeep\n|turn|10\n|\n|t:|1698799052\n|move|p2a: Maushold|Population Bomb|p1a: Glimmora\n|-resisted|p1a: Glimmora\n|-crit|p1a: Glimmora\n|-damage|p1a: Glimmora|85\/100\n|-activate|p1a: Glimmora|ability: Toxic Debris\n|-sidestart|p2: Domo2020|move: Toxic Spikes\n|-resisted|p1a: Glimmora\n|-damage|p1a: Glimmora|75\/100\n|-activate|p1a: Glimmora|ability: Toxic Debris\n|-sidestart|p2: Domo2020|move: Toxic Spikes\n|-resisted|p1a: Glimmora\n|-damage|p1a: Glimmora|64\/100\n|-resisted|p1a: Glimmora\n|-damage|p1a: Glimmora|55\/100\n|-resisted|p1a: Glimmora\n|-damage|p1a: Glimmora|44\/100\n|-resisted|p1a: Glimmora\n|-damage|p1a: Glimmora|35\/100\n|-resisted|p1a: Glimmora\n|-damage|p1a: Glimmora|24\/100\n|-resisted|p1a: Glimmora\n|-damage|p1a: Glimmora|15\/100\n|-resisted|p1a: Glimmora\n|-damage|p1a: Glimmora|5\/100\n|-resisted|p1a: Glimmora\n|-damage|p1a: Glimmora|0 fnt\n|faint|p1a: Glimmora\n|-hitcount|p1: Glimmora|10\n|\n|upkeep\n|\n|t:|1698799057\n|switch|p1a: Koraidon|Koraidon|100\/100\n|-weather|SunnyDay|[from] ability: Orichalcum Pulse|[of] p1a: Koraidon\n|-activate|p1a: Koraidon|Orichalcum Pulse|[source]\n|turn|11\n|\n|t:|1698799061\n|move|p1a: Koraidon|Iron Head|p2a: Maushold\n|-damage|p2a: Maushold|0 fnt\n|faint|p2a: Maushold\n|\n|-weather|SunnyDay|[upkeep]\n|upkeep\n|\n|t:|1698799074\n|switch|p2a: Lucario|Lucario, M|100\/100\n|turn|12\n|\n|t:|1698799080\n|move|p1a: Koraidon|Low Kick|p2a: Lucario\n|-supereffective|p2a: Lucario\n|-enditem|p2a: Lucario|Focus Sash\n|-damage|p2a: Lucario|1\/100\n|move|p2a: Lucario|Close Combat|p1a: Koraidon\n|-damage|p1a: Koraidon|47\/100\n|-unboost|p2a: Lucario|def|1\n|-unboost|p2a: Lucario|spd|1\n|\n|-weather|SunnyDay|[upkeep]\n|upkeep\n|turn|13\n|\n|t:|1698799084\n|move|p1a: Koraidon|Low Kick|p2a: Lucario\n|-supereffective|p2a: Lucario\n|-damage|p2a: Lucario|0 fnt\n|faint|p2a: Lucario\n|\n|-weather|SunnyDay|[upkeep]\n|upkeep\n|\n|t:|1698799092\n|switch|p2a: Maushold|Maushold-Four|100\/100\n|-status|p2a: Maushold|tox\n|turn|14\n|\n|t:|1698799101\n|move|p1a: Koraidon|Scale Shot|p2a: Maushold\n|-damage|p2a: Maushold|70\/100 tox\n|-damage|p2a: Maushold|41\/100 tox\n|-damage|p2a: Maushold|14\/100 tox\n|-damage|p2a: Maushold|0 fnt\n|faint|p2a: Maushold\n|-hitcount|p2: Maushold|4\n|-unboost|p1a: Koraidon|def|1\n|-boost|p1a: Koraidon|spe|1\n|\n|-weather|SunnyDay|[upkeep]\n|upkeep\n|\n|t:|1698799112\n|switch|p2a: Skeledirge|Skeledirge, M|100\/100\n|turn|15\n|\n|t:|1698799119\n|-terastallize|p2a: Skeledirge|Fairy\n|move|p1a: Koraidon|Iron Head|p2a: Skeledirge\n|-supereffective|p2a: Skeledirge\n|-damage|p2a: Skeledirge|33\/100\n|move|p2a: Skeledirge|Torch Song|p1a: Koraidon\n|-resisted|p1a: Koraidon\n|-damage|p1a: Koraidon|24\/100\n|-boost|p2a: Skeledirge|spa|1\n|\n|-weather|none\n|upkeep\n|turn|16\n|\n|t:|1698799123\n|move|p1a: Koraidon|Iron Head|p2a: Skeledirge\n|-supereffective|p2a: Skeledirge\n|-damage|p2a: Skeledirge|0 fnt\n|faint|p2a: Skeledirge\n|\n|upkeep\n|\n|t:|1698799126\n|switch|p2a: Maushold|Maushold-Four|100\/100\n|-status|p2a: Maushold|tox\n|turn|17\n|\n|t:|1698799129\n|move|p1a: Koraidon|Iron Head|p2a: Maushold\n|-damage|p2a: Maushold|53\/100 tox\n|move|p2a: Maushold|Play Rough|p1a: Koraidon\n|-supereffective|p1a: Koraidon\n|-damage|p1a: Koraidon|0 fnt\n|faint|p1a: Koraidon\n|\n|-damage|p2a: Maushold|47\/100 tox|[from] psn\n|upkeep\n|\n|t:|1698799133\n|switch|p1a: Arceus|Arceus|100\/100\n|turn|18\n|\n|t:|1698799137\n|-terastallize|p1a: Arceus|Normal\n|move|p1a: Arceus|Extreme Speed|p2a: Maushold\n|-damage|p2a: Maushold|0 fnt\n|faint|p2a: Maushold\n|\n|win|ChimeBliss\n|raw|ChimeBliss's rating: 1369 &rarr; <strong>1385<\/strong><br \/>(+16 for winning)\n|raw|Domo2020's rating: 1300 &rarr; <strong>1280<\/strong><br \/>(-20 for losing)\n","uploadtime":1698799142,"views":4,"p1id":"chimebliss","p2id":"domo2020","formatid":"gen9anythinggoes","rating":1280,"private":0,"password":""}