{"id":"gen9anythinggoes-1981878499","p1":"spsjsbhs","p2":"AlexisSync","format":"[Gen 9] Anything Goes","log":"|j|\u2606spsjsbhs\n|j|\u2606AlexisSync\n|t:|1698948495\n|gametype|singles\n|player|p1|spsjsbhs|clown|1047\n|player|p2|AlexisSync|falkner|1000\n|teamsize|p1|6\n|teamsize|p2|6\n|gen|9\n|tier|[Gen 9] Anything Goes\n|rated|\n|rule|HP Percentage Mod: HP is shown in percentages\n|rule|Endless Battle Clause: Forcing endless battles is banned\n|clearpoke\n|poke|p1|Typhlosion, M|\n|poke|p1|Swadloon, M|\n|poke|p1|Infernape, M|\n|poke|p1|Kingambit, M|\n|poke|p1|Sinistcha|\n|poke|p1|Landorus, M|\n|poke|p2|Regieleki|\n|poke|p2|Ting-Lu|\n|poke|p2|Polteageist|\n|poke|p2|Urshifu-*, M|\n|poke|p2|Iron Bundle|\n|poke|p2|Ribombee, F|\n|teampreview\n|\n|t:|1698948504\n|start\n|switch|p1a: \uc6d0\uc22d\uc774|Infernape, M|100\/100\n|switch|p2a: BeeYonce|Ribombee, F|100\/100\n|turn|1\n|\n|t:|1698948513\n|move|p2a: BeeYonce|Quiver Dance|p2a: BeeYonce\n|-boost|p2a: BeeYonce|spa|1\n|-boost|p2a: BeeYonce|spd|1\n|-boost|p2a: BeeYonce|spe|1\n|move|p1a: \uc6d0\uc22d\uc774|Stealth Rock|p2a: BeeYonce\n|-sidestart|p2: AlexisSync|move: Stealth Rock\n|\n|upkeep\n|turn|2\n|\n|t:|1698948523\n|move|p2a: BeeYonce|Protect|p2a: BeeYonce\n|-singleturn|p2a: BeeYonce|Protect\n|move|p1a: \uc6d0\uc22d\uc774|Encore|p2a: BeeYonce\n|-activate|p2a: BeeYonce|move: Protect\n|\n|upkeep\n|turn|3\n|\n|t:|1698948532\n|move|p2a: BeeYonce|Moonblast|p1a: \uc6d0\uc22d\uc774\n|-damage|p1a: \uc6d0\uc22d\uc774|12\/100\n|move|p1a: \uc6d0\uc22d\uc774|Knock Off|p2a: BeeYonce\n|-resisted|p2a: BeeYonce\n|-damage|p2a: BeeYonce|70\/100\n|-enditem|p2a: BeeYonce|Expert Belt|[from] move: Knock Off|[of] p1a: \uc6d0\uc22d\uc774\n|\n|upkeep\n|turn|4\n|\n|t:|1698948545\n|move|p2a: BeeYonce|Moonblast|p1a: \uc6d0\uc22d\uc774\n|-damage|p1a: \uc6d0\uc22d\uc774|0 fnt\n|faint|p1a: \uc6d0\uc22d\uc774\n|\n|upkeep\n|\n|t:|1698948551\n|switch|p1a: \uc0ac\ud68c\ubd80\uc801\uc751\uc790|Swadloon, M|100\/100\n|turn|5\n|\n|t:|1698948557\n|move|p2a: BeeYonce|Bug Buzz|p1a: \uc0ac\ud68c\ubd80\uc801\uc751\uc790\n|-supereffective|p1a: \uc0ac\ud68c\ubd80\uc801\uc751\uc790\n|-damage|p1a: \uc0ac\ud68c\ubd80\uc801\uc751\uc790|0 fnt\n|faint|p1a: \uc0ac\ud68c\ubd80\uc801\uc751\uc790\n|\n|upkeep\n|\n|t:|1698948571\n|switch|p1a: \ucc1c\uc9c8\ubc29\uc544\uc7ac|Landorus, M|100\/100\n|turn|6\n|\n|t:|1698948577\n|move|p2a: BeeYonce|Moonblast|p1a: \ucc1c\uc9c8\ubc29\uc544\uc7ac\n|-damage|p1a: \ucc1c\uc9c8\ubc29\uc544\uc7ac|28\/100\n|move|p1a: \ucc1c\uc9c8\ubc29\uc544\uc7ac|Sludge Bomb|p2a: BeeYonce\n|-supereffective|p2a: BeeYonce\n|-damage|p2a: BeeYonce|0 fnt\n|faint|p2a: BeeYonce\n|\n|upkeep\n|\n|t:|1698948585\n|switch|p2a: Robo Bird|Iron Bundle|100\/100\n|-damage|p2a: Robo Bird|76\/100|[from] Stealth Rock\n|turn|7\n|\n|t:|1698948590\n|move|p2a: Robo Bird|Ice Beam|p1a: \ucc1c\uc9c8\ubc29\uc544\uc7ac\n|-supereffective|p1a: \ucc1c\uc9c8\ubc29\uc544\uc7ac\n|-crit|p1a: \ucc1c\uc9c8\ubc29\uc544\uc7ac\n|-damage|p1a: \ucc1c\uc9c8\ubc29\uc544\uc7ac|0 fnt\n|faint|p1a: \ucc1c\uc9c8\ubc29\uc544\uc7ac\n|\n|-heal|p2a: Robo Bird|82\/100|[from] item: Leftovers\n|upkeep\n|-message|spsjsbhs forfeited.\n|\n|win|AlexisSync\n|raw|spsjsbhs's rating: 1047 &rarr; <strong>1028<\/strong><br \/>(-19 for losing)\n|raw|AlexisSync's rating: 1000 &rarr; <strong>1045<\/strong><br \/>(+45 for winning)\n|l|\u2606spsjsbhs\n","uploadtime":1698948612,"views":6,"p1id":"spsjsbhs","p2id":"alexissync","formatid":"gen9anythinggoes","rating":1028,"private":0,"password":""}