{"id":"gen9anythinggoes-1971670260","p1":"robbobjob","p2":"Sanmichh","format":"[Gen 9] Anything Goes","log":"|j|\u2606robbobjob\n|j|\u2606Sanmichh\n|t:|1697759350\n|gametype|singles\n|player|p1|robbobjob|steven|1316\n|player|p2|Sanmichh|hiker-gen4|1449\n|teamsize|p1|6\n|teamsize|p2|6\n|gen|9\n|tier|[Gen 9] Anything Goes\n|rated|\n|rule|HP Percentage Mod: HP is shown in percentages\n|rule|Endless Battle Clause: Forcing endless battles is banned\n|clearpoke\n|poke|p1|Zacian-*|\n|poke|p1|Calyrex-Shadow|\n|poke|p1|Regieleki|\n|poke|p1|Koraidon|\n|poke|p1|Kyogre|\n|poke|p1|Ogerpon-Hearthflame, F|\n|poke|p2|Dragapult, M|\n|poke|p2|Breloom, M|\n|poke|p2|Garchomp, M|\n|poke|p2|Dondozo, M|\n|poke|p2|Espathra, F|\n|poke|p2|Flutter Mane|\n|teampreview\n|\n|t:|1697759360\n|start\n|switch|p1a: Kyogre|Kyogre|100\/100\n|switch|p2a: Enabler|Dragapult, M|100\/100\n|-weather|RainDance|[from] ability: Drizzle|[of] p1a: Kyogre\n|turn|1\n|inactive|Battle timer is ON: inactive players will automatically lose when time's up. (requested by robbobjob)\n|c|\u2606Sanmichh|I see\n|c|\u2606Sanmichh|the ice\n|\n|t:|1697759373\n|move|p2a: Enabler|Dragon Dance|p2a: Enabler\n|-boost|p2a: Enabler|atk|1\n|-boost|p2a: Enabler|spe|1\n|move|p1a: Kyogre|Ice Beam|p2a: Enabler\n|-supereffective|p2a: Enabler\n|-damage|p2a: Enabler|27\/100\n|\n|-weather|RainDance|[upkeep]\n|upkeep\n|turn|2\n|\n|t:|1697759381\n|move|p2a: Enabler|Baton Pass|p2a: Enabler\n|\n|t:|1697759383\n|switch|p2a: not stored power|Espathra, F|100\/100|[from] Baton Pass\n|move|p1a: Kyogre|Ice Beam|p2a: not stored power\n|-damage|p2a: not stored power|60\/100\n|\n|-weather|RainDance|[upkeep]\n|-heal|p2a: not stored power|66\/100|[from] item: Leftovers\n|upkeep\n|turn|3\n|\n|t:|1697759391\n|move|p2a: not stored power|Protect|p2a: not stored power\n|-singleturn|p2a: not stored power|Protect\n|move|p1a: Kyogre|Origin Pulse|p2a: not stored power\n|-activate|p2a: not stored power|move: Protect\n|\n|-weather|RainDance|[upkeep]\n|-heal|p2a: not stored power|72\/100|[from] item: Leftovers\n|-ability|p2a: not stored power|Speed Boost|boost\n|-boost|p2a: not stored power|spe|1\n|upkeep\n|turn|4\n|\n|t:|1697759400\n|move|p2a: not stored power|Calm Mind|p2a: not stored power\n|-boost|p2a: not stored power|spa|1\n|-boost|p2a: not stored power|spd|1\n|move|p1a: Kyogre|Origin Pulse|p2a: not stored power\n|-damage|p2a: not stored power|4\/100\n|\n|-weather|RainDance|[upkeep]\n|-heal|p2a: not stored power|10\/100|[from] item: Leftovers\n|-ability|p2a: not stored power|Speed Boost|boost\n|-boost|p2a: not stored power|spe|1\n|upkeep\n|turn|5\n|\n|t:|1697759409\n|move|p2a: not stored power|Protect|p2a: not stored power\n|-singleturn|p2a: not stored power|Protect\n|move|p1a: Kyogre|Thunder|p2a: not stored power\n|-activate|p2a: not stored power|move: Protect\n|\n|-weather|none\n|-heal|p2a: not stored power|16\/100|[from] item: Leftovers\n|-ability|p2a: not stored power|Speed Boost|boost\n|-boost|p2a: not stored power|spe|1\n|upkeep\n|turn|6\n|\n|t:|1697759420\n|move|p2a: not stored power|Baton Pass|p2a: not stored power\n|\n|t:|1697759426\n|switch|p2a: Enablee|Breloom, M, shiny|100\/100|[from] Baton Pass\n|move|p1a: Kyogre|Ice Beam|p2a: Enablee\n|-supereffective|p2a: Enablee\n|-damage|p2a: Enablee|26\/100\n|\n|upkeep\n|turn|7\n|\n|t:|1697759437\n|move|p2a: Enablee|Spore|p1a: Kyogre\n|-status|p1a: Kyogre|slp|[from] move: Spore\n|cant|p1a: Kyogre|slp\n|\n|upkeep\n|turn|8\n|\n|t:|1697759441\n|move|p2a: Enablee|Bullet Seed|p1a: Kyogre\n|-supereffective|p1a: Kyogre\n|-damage|p1a: Kyogre|48\/100 slp\n|-supereffective|p1a: Kyogre\n|-damage|p1a: Kyogre|3\/100 slp\n|-supereffective|p1a: Kyogre\n|-damage|p1a: Kyogre|0 fnt\n|faint|p1a: Kyogre\n|-hitcount|p1: Kyogre|3\n|\n|upkeep\n|c|\u2606Sanmichh|You got priority?\n|\n|t:|1697759452\n|switch|p1a: Ogerpon|Ogerpon-Hearthflame, F|100\/100\n|-ability|p1a: Ogerpon|Mold Breaker\n|turn|9\n|\n|t:|1697759457\n|move|p2a: Enablee|Aerial Ace|p1a: Ogerpon\n|-supereffective|p1a: Ogerpon\n|-damage|p1a: Ogerpon|0 fnt\n|faint|p1a: Ogerpon\n|\n|upkeep\n|\n|t:|1697759463\n|switch|p1a: Calyrex|Calyrex-Shadow|100\/100\n|-ability|p1a: Calyrex|As One\n|-ability|p1a: Calyrex|Unnerve\n|turn|10\n|c|\u2606Sanmichh|Imma guess no\n|\n|t:|1697759471\n|move|p2a: Enablee|Spore|p1a: Calyrex\n|-status|p1a: Calyrex|slp|[from] move: Spore\n|cant|p1a: Calyrex|slp\n|\n|upkeep\n|turn|11\n|\n|t:|1697759477\n|move|p2a: Enablee|Bullet Seed|p1a: Calyrex\n|-damage|p1a: Calyrex|67\/100 slp\n|-damage|p1a: Calyrex|33\/100 slp\n|-damage|p1a: Calyrex|0 fnt\n|faint|p1a: Calyrex\n|-hitcount|p1: Calyrex|3\n|\n|upkeep\n|\n|t:|1697759485\n|switch|p1a: Regieleki|Regieleki|100\/100\n|turn|12\n|\n|t:|1697759488\n|move|p2a: Enablee|Spore|p1a: Regieleki\n|-status|p1a: Regieleki|slp|[from] move: Spore\n|cant|p1a: Regieleki|slp\n|\n|upkeep\n|turn|13\n|-message|robbobjob forfeited.\n|\n|win|Sanmichh\n|raw|robbobjob's rating: 1316 &rarr; <strong>1303<\/strong><br \/>(-13 for losing)\n|raw|Sanmichh's rating: 1449 &rarr; <strong>1462<\/strong><br \/>(+13 for winning)\n|l|\u2606robbobjob\n","uploadtime":1697759527,"views":7,"p1id":"robbobjob","p2id":"sanmichh","formatid":"gen9anythinggoes","rating":1303,"private":0,"password":""}