{"id":"gen9anythinggoes-1989845594","p1":"Yanchun","p2":"GETSWEEPEDBOZO","format":"[Gen 9] Anything Goes","log":"|j|\u2606Yanchun\n|j|\u2606GETSWEEPEDBOZO\n|t:|1699900552\n|gametype|singles\n|player|p1|Yanchun|hilda|1097\n|player|p2|GETSWEEPEDBOZO|ingo|1170\n|teamsize|p1|6\n|teamsize|p2|6\n|gen|9\n|tier|[Gen 9] Anything Goes\n|rated|\n|rule|HP Percentage Mod: HP is shown in percentages\n|rule|Endless Battle Clause: Forcing endless battles is banned\n|clearpoke\n|poke|p1|Houndoom, F|\n|poke|p1|Umbreon, M|\n|poke|p1|Honchkrow, M|\n|poke|p1|Hydreigon, F|\n|poke|p1|Krookodile, M|\n|poke|p1|Weavile, F|\n|poke|p2|Gengar, M|\n|poke|p2|Tinkaton, F|\n|poke|p2|Decidueye, M|\n|poke|p2|Garchomp, F|\n|poke|p2|Dragapult, M|\n|poke|p2|Kingambit, M|\n|teampreview\n|\n|t:|1699900558\n|start\n|switch|p1a: Umbreon|Umbreon, M|100\/100\n|switch|p2a: Cheshire|Gengar, M|100\/100\n|turn|1\n|c|\u2606Yanchun|Damn, it's you again lol\n|\n|t:|1699900575\n|move|p2a: Cheshire|Sludge Bomb|p1a: Umbreon\n|-damage|p1a: Umbreon|70\/100\n|move|p1a: Umbreon|Curse|p1a: Umbreon\n|-unboost|p1a: Umbreon|spe|1\n|-boost|p1a: Umbreon|atk|1\n|-boost|p1a: Umbreon|def|1\n|\n|-heal|p1a: Umbreon|76\/100|[from] item: Leftovers\n|upkeep\n|turn|2\n|\n|t:|1699900586\n|move|p2a: Cheshire|Sludge Bomb|p1a: Umbreon\n|-damage|p1a: Umbreon|46\/100\n|-status|p1a: Umbreon|psn\n|-activate|p1a: Umbreon|ability: Synchronize\n|-immune|p2a: Cheshire\n|move|p1a: Umbreon|Crunch|p2a: Cheshire\n|-supereffective|p2a: Cheshire\n|-enditem|p2a: Cheshire|Focus Sash\n|-damage|p2a: Cheshire|1\/100\n|-unboost|p2a: Cheshire|def|1\n|-start|p1a: Umbreon|Disable|Crunch|[from] ability: Cursed Body|[of] p2a: Cheshire\n|\n|-heal|p1a: Umbreon|53\/100 psn|[from] item: Leftovers\n|-damage|p1a: Umbreon|40\/100 psn|[from] psn\n|upkeep\n|turn|3\n|c|\u2606GETSWEEPEDBOZO|lets see if i can win again\n|\n|t:|1699900605\n|move|p2a: Cheshire|Shadow Ball|p1a: Umbreon\n|-resisted|p1a: Umbreon\n|-damage|p1a: Umbreon|27\/100 psn\n|-unboost|p1a: Umbreon|spd|1\n|move|p1a: Umbreon|Dark Pulse|p2a: Cheshire\n|-supereffective|p2a: Cheshire\n|-damage|p2a: Cheshire|0 fnt\n|faint|p2a: Cheshire\n|\n|-heal|p1a: Umbreon|33\/100 psn|[from] item: Leftovers\n|-damage|p1a: Umbreon|21\/100 psn|[from] psn\n|upkeep\n|\n|t:|1699900616\n|switch|p2a: Robin|Decidueye, M|100\/100\n|turn|4\n|\n|t:|1699900623\n|move|p2a: Robin|Shadow Sneak|p1a: Umbreon\n|-resisted|p1a: Umbreon\n|-damage|p1a: Umbreon|14\/100 psn\n|move|p1a: Umbreon|Foul Play|p2a: Robin\n|-supereffective|p2a: Robin\n|-damage|p2a: Robin|0 fnt\n|faint|p2a: Robin\n|\n|-heal|p1a: Umbreon|20\/100 psn|[from] item: Leftovers\n|-damage|p1a: Umbreon|8\/100 psn|[from] psn\n|upkeep\n|\n|t:|1699900632\n|switch|p2a: Jaws|Garchomp, F|100\/100\n|turn|5\n|\n|t:|1699900639\n|move|p2a: Jaws|Fire Fang|p1a: Umbreon\n|-damage|p1a: Umbreon|0 fnt\n|faint|p1a: Umbreon\n|\n|upkeep\n|\n|t:|1699900644\n|switch|p1a: Weavile|Weavile, F|100\/100\n|-ability|p1a: Weavile|Pressure\n|turn|6\n|\n|t:|1699900651\n|move|p2a: Jaws|Dragon Rush|p1a: Weavile|[miss]\n|-miss|p2a: Jaws|p1a: Weavile\n|move|p1a: Weavile|Hone Claws|p1a: Weavile\n|-boost|p1a: Weavile|atk|1\n|-boost|p1a: Weavile|accuracy|1\n|\n|upkeep\n|turn|7\n|\n|t:|1699900658\n|move|p2a: Jaws|Dragon Rush|p1a: Weavile\n|-damage|p1a: Weavile|47\/100\n|cant|p1a: Weavile|flinch\n|\n|-heal|p1a: Weavile|53\/100|[from] item: Leftovers\n|upkeep\n|turn|8\n|\n|t:|1699900665\n|move|p2a: Jaws|Dragon Rush|p1a: Weavile|[miss]\n|-miss|p2a: Jaws|p1a: Weavile\n|move|p1a: Weavile|Icicle Crash|p2a: Jaws\n|-supereffective|p2a: Jaws\n|-damage|p2a: Jaws|0 fnt\n|faint|p2a: Jaws\n|\n|-heal|p1a: Weavile|59\/100|[from] item: Leftovers\n|upkeep\n|\n|t:|1699900673\n|switch|p2a: Frisky|Tinkaton, F|100\/100\n|-ability|p2a: Frisky|Mold Breaker\n|turn|9\n|\n|t:|1699900690\n|switch|p1a: Houndoom|Houndoom, F|100\/100\n|move|p2a: Frisky|Knock Off|p1a: Houndoom\n|-resisted|p1a: Houndoom\n|-damage|p1a: Houndoom|86\/100\n|-enditem|p1a: Houndoom|Assault Vest|[from] move: Knock Off|[of] p2a: Frisky\n|\n|upkeep\n|turn|10\n|\n|t:|1699900699\n|-terastallize|p1a: Houndoom|Normal\n|move|p1a: Houndoom|Nasty Plot|p1a: Houndoom\n|-boost|p1a: Houndoom|spa|2\n|move|p2a: Frisky|Gigaton Hammer|p1a: Houndoom\n|-damage|p1a: Houndoom|22\/100\n|\n|upkeep\n|turn|11\n|\n|t:|1699900709\n|move|p1a: Houndoom|Fire Blast|p2a: Frisky\n|-supereffective|p2a: Frisky\n|-damage|p2a: Frisky|0 fnt\n|faint|p2a: Frisky\n|\n|upkeep\n|\n|t:|1699900714\n|switch|p2a: Neptune|Dragapult, M|100\/100\n|turn|12\n|\n|t:|1699900719\n|move|p2a: Neptune|Dragon Darts|p1a: Houndoom\n|-damage|p1a: Houndoom|0 fnt\n|faint|p1a: Houndoom\n|\n|upkeep\n|\n|t:|1699900728\n|switch|p1a: Krookodile|Krookodile, M|100\/100\n|turn|13\n|\n|t:|1699900735\n|move|p2a: Neptune|Dragon Darts|p1a: Krookodile\n|-damage|p1a: Krookodile|78\/100\n|-anim|p2a: Neptune|Dragon Darts|p1a: Krookodile\n|-damage|p1a: Krookodile|55\/100\n|move|p1a: Krookodile|Bulk Up|p1a: Krookodile\n|-boost|p1a: Krookodile|atk|1\n|-boost|p1a: Krookodile|def|1\n|\n|upkeep\n|turn|14\n|\n|t:|1699900760\n|switch|p1a: Weavile|Weavile, F|59\/100\n|-ability|p1a: Weavile|Pressure\n|move|p2a: Neptune|Psychic Fangs|p1a: Weavile\n|-immune|p1a: Weavile\n|\n|-heal|p1a: Weavile|65\/100|[from] item: Leftovers\n|upkeep\n|turn|15\n|\n|t:|1699900769\n|move|p2a: Neptune|Dragon Darts|p1a: Weavile\n|-damage|p1a: Weavile|41\/100\n|-anim|p2a: Neptune|Dragon Darts|p1a: Weavile\n|-damage|p1a: Weavile|18\/100\n|move|p1a: Weavile|Hone Claws|p1a: Weavile\n|-boost|p1a: Weavile|atk|1\n|-boost|p1a: Weavile|accuracy|1\n|\n|-heal|p1a: Weavile|24\/100|[from] item: Leftovers\n|upkeep\n|turn|16\n|\n|t:|1699900781\n|move|p2a: Neptune|Dragon Darts|p1a: Weavile\n|-damage|p1a: Weavile|0 fnt\n|faint|p1a: Weavile\n|\n|upkeep\n|\n|t:|1699900783\n|switch|p1a: Krookodile|Krookodile, M|55\/100\n|turn|17\n|\n|t:|1699900787\n|move|p2a: Neptune|Dragon Darts|p1a: Krookodile\n|-damage|p1a: Krookodile|29\/100\n|-anim|p2a: Neptune|Dragon Darts|p1a: Krookodile\n|-damage|p1a: Krookodile|6\/100\n|move|p1a: Krookodile|Crunch|p2a: Neptune\n|-supereffective|p2a: Neptune\n|-damage|p2a: Neptune|0 fnt\n|faint|p2a: Neptune\n|-ability|p1a: Krookodile|Moxie|boost\n|-boost|p1a: Krookodile|atk|1\n|\n|upkeep\n|\n|t:|1699900796\n|switch|p2a: Shogun|Kingambit, M|100\/100\n|-activate|p2a: Shogun|ability: Supreme Overlord\n|-start|p2a: Shogun|fallen5|[silent]\n|turn|18\n|\n|t:|1699900802\n|move|p2a: Shogun|Sucker Punch|p1a: Krookodile\n|-resisted|p1a: Krookodile\n|-damage|p1a: Krookodile|0 fnt\n|faint|p1a: Krookodile\n|\n|upkeep\n|\n|t:|1699900807\n|switch|p1a: Honchkrow|Honchkrow, M|100\/100\n|turn|19\n|\n|t:|1699900814\n|move|p1a: Honchkrow|Sucker Punch|p2a: Shogun\n|-resisted|p2a: Shogun\n|-crit|p2a: Shogun\n|-damage|p2a: Shogun|74\/100\n|move|p2a: Shogun|Iron Head|p1a: Honchkrow\n|-damage|p1a: Honchkrow|0 fnt\n|faint|p1a: Honchkrow\n|\n|upkeep\n|\n|t:|1699900824\n|switch|p1a: Hydreigon|Hydreigon, F|100\/100\n|turn|20\n|\n|t:|1699900828\n|move|p2a: Shogun|Sucker Punch||[still]\n|-fail|p2a: Shogun\n|move|p1a: Hydreigon|Nasty Plot|p1a: Hydreigon\n|-boost|p1a: Hydreigon|spa|2\n|\n|upkeep\n|turn|21\n|\n|t:|1699900837\n|-terastallize|p2a: Shogun|Dark\n|move|p1a: Hydreigon|Draco Meteor|p2a: Shogun|[miss]\n|-miss|p1a: Hydreigon|p2a: Shogun\n|move|p2a: Shogun|Kowtow Cleave|p1a: Hydreigon\n|-resisted|p1a: Hydreigon\n|-damage|p1a: Hydreigon|55\/100\n|\n|-heal|p1a: Hydreigon|61\/100|[from] item: Leftovers\n|upkeep\n|turn|22\n|\n|t:|1699900849\n|move|p1a: Hydreigon|Draco Meteor|p2a: Shogun\n|-damage|p2a: Shogun|0 fnt\n|-unboost|p1a: Hydreigon|spa|2\n|faint|p2a: Shogun\n|-end|p2a: Shogun|fallen5|[silent]\n|\n|win|Yanchun\n|raw|Yanchun's rating: 1097 &rarr; <strong>1128<\/strong><br \/>(+31 for winning)\n|raw|GETSWEEPEDBOZO's rating: 1170 &rarr; <strong>1140<\/strong><br \/>(-30 for losing)\n|l|\u2606GETSWEEPEDBOZO\n|c|\u2606Yanchun|Woohoo\n","uploadtime":1699900885,"views":12,"p1id":"yanchun","p2id":"getsweepedbozo","formatid":"gen9anythinggoes","rating":1128,"private":0,"password":""}