{"id":"gen9anythinggoes-1997009279","p1":"awrgwGR","p2":"dragontypesaregood","format":"[Gen 9] Anything Goes","log":"|j|\u2606awrgwGR\n|j|\u2606dragontypesaregood\n|t:|1700755226\n|gametype|singles\n|player|p1|awrgwGR|cheren|1127\n|player|p2|dragontypesaregood|1|1079\n|teamsize|p1|6\n|teamsize|p2|6\n|gen|9\n|tier|[Gen 9] Anything Goes\n|rated|\n|rule|HP Percentage Mod: HP is shown in percentages\n|rule|Endless Battle Clause: Forcing endless battles is banned\n|clearpoke\n|poke|p1|Salazzle, F|\n|poke|p1|Ribombee, M|\n|poke|p1|Salazzle, F|\n|poke|p1|Salazzle, F|\n|poke|p1|Salazzle, F|\n|poke|p1|Salazzle, F|\n|poke|p2|Salamence, M|\n|poke|p2|Salamence, M|\n|poke|p2|Salamence, M|\n|poke|p2|Salamence, M|\n|poke|p2|Salamence, M|\n|poke|p2|Salamence, M|\n|teampreview\n|inactive|Battle timer is ON: inactive players will automatically lose when time's up. (requested by awrgwGR)\n|\n|t:|1700755230\n|start\n|switch|p1a: Ribombee|Ribombee, M|100\/100\n|switch|p2a: balls|Salamence, M|100\/100\n|-ability|p2a: balls|Intimidate|boost\n|-unboost|p1a: Ribombee|atk|1\n|turn|1\n|\n|t:|1700755237\n|move|p1a: Ribombee|Tailwind|p1a: Ribombee\n|-sidestart|p1: awrgwGR|move: Tailwind\n|move|p2a: balls|Earthquake|p1a: Ribombee\n|-resisted|p1a: Ribombee\n|-damage|p1a: Ribombee|56\/100\n|\n|upkeep\n|turn|2\n|\n|t:|1700755249\n|switch|p2a: 6 man army|Salamence, M|100\/100\n|-ability|p2a: 6 man army|Intimidate|boost\n|-unboost|p1a: Ribombee|atk|1\n|move|p1a: Ribombee|Quiver Dance|p1a: Ribombee\n|-boost|p1a: Ribombee|spa|1\n|-boost|p1a: Ribombee|spd|1\n|-boost|p1a: Ribombee|spe|1\n|\n|upkeep\n|turn|3\n|\n|t:|1700755257\n|move|p1a: Ribombee|Baton Pass|p1a: Ribombee\n|\n|t:|1700755258\n|switch|p1a: Salazzle|Salazzle, F|100\/100|[from] Baton Pass\n|move|p2a: 6 man army|Tailwind|p2a: 6 man army\n|-sidestart|p2: dragontypesaregood|move: Tailwind\n|\n|upkeep\n|turn|4\n|\n|t:|1700755267\n|switch|p2a: geoff|Salamence, M|100\/100\n|-ability|p2a: geoff|Intimidate|boost\n|-unboost|p1a: Salazzle|atk|1\n|move|p1a: Salazzle|Substitute|p1a: Salazzle\n|-start|p1a: Salazzle|Substitute\n|-damage|p1a: Salazzle|76\/100\n|\n|-heal|p1a: Salazzle|82\/100|[from] item: Leftovers\n|-sideend|p1: awrgwGR|move: Tailwind\n|upkeep\n|turn|5\n|\n|t:|1700755277\n|move|p1a: Salazzle|Toxic|p2a: geoff\n|-status|p2a: geoff|tox\n|move|p2a: geoff|Roar|p1a: Salazzle\n|drag|p1a: Salazzle|Salazzle, F|100\/100\n|\n|-damage|p2a: geoff|94\/100 tox|[from] psn\n|upkeep\n|turn|6\n|\n|t:|1700755290\n|switch|p2a: 6 man army|Salamence, M|100\/100\n|-ability|p2a: 6 man army|Intimidate|boost\n|-unboost|p1a: Salazzle|atk|1\n|move|p1a: Salazzle|Protect||[still]\n|-fail|p1a: Salazzle\n|\n|-sideend|p2: dragontypesaregood|move: Tailwind\n|upkeep\n|turn|7\n|\n|t:|1700755299\n|move|p1a: Salazzle|Toxic|p2a: 6 man army\n|-status|p2a: 6 man army|tox\n|move|p2a: 6 man army|Outrage|p1a: Salazzle\n|-damage|p1a: Salazzle|0 fnt\n|faint|p1a: Salazzle\n|\n|-damage|p2a: 6 man army|94\/100 tox|[from] psn\n|upkeep\n|\n|t:|1700755302\n|switch|p1a: Ribombee|Ribombee, M|56\/100\n|turn|8\n|\n|t:|1700755315\n|move|p1a: Ribombee|Tailwind|p1a: Ribombee\n|-sidestart|p1: awrgwGR|move: Tailwind\n|move|p2a: 6 man army|Outrage|p1a: Ribombee|[from]lockedmove\n|-immune|p1a: Ribombee\n|\n|-damage|p2a: 6 man army|82\/100 tox|[from] psn\n|upkeep\n|turn|9\n|\n|t:|1700755329\n|switch|p2a: geoff|Salamence, M|94\/100 tox\n|-ability|p2a: geoff|Intimidate|boost\n|-unboost|p1a: Ribombee|atk|1\n|move|p1a: Ribombee|Quiver Dance|p1a: Ribombee\n|-boost|p1a: Ribombee|spa|1\n|-boost|p1a: Ribombee|spd|1\n|-boost|p1a: Ribombee|spe|1\n|\n|-damage|p2a: geoff|88\/100 tox|[from] psn\n|upkeep\n|turn|10\n|\n|t:|1700755338\n|move|p1a: Ribombee|Quiver Dance|p1a: Ribombee\n|-boost|p1a: Ribombee|spa|1\n|-boost|p1a: Ribombee|spd|1\n|-boost|p1a: Ribombee|spe|1\n|move|p2a: geoff|Roar|p1a: Ribombee\n|drag|p1a: Salazzle|Salazzle, F|100\/100\n|\n|-damage|p2a: geoff|76\/100 tox|[from] psn\n|upkeep\n|turn|11\n|\n|t:|1700755347\n|switch|p2a: geoff 2|Salamence, M|100\/100\n|-ability|p2a: geoff 2|Intimidate|boost\n|-unboost|p1a: Salazzle|atk|1\n|move|p1a: Salazzle|Substitute|p1a: Salazzle\n|-start|p1a: Salazzle|Substitute\n|-damage|p1a: Salazzle|76\/100\n|\n|-heal|p1a: Salazzle|82\/100|[from] item: Leftovers\n|-sideend|p1: awrgwGR|move: Tailwind\n|upkeep\n|turn|12\n|\n|t:|1700755359\n|switch|p2a: balls|Salamence, M|100\/100\n|-ability|p2a: balls|Intimidate|boost\n|-immune|p1a: Salazzle\n|move|p1a: Salazzle|Toxic|p2a: balls\n|-status|p2a: balls|tox\n|\n|-heal|p1a: Salazzle|88\/100|[from] item: Leftovers\n|-damage|p2a: balls|94\/100 tox|[from] psn\n|upkeep\n|turn|13\n|\n|t:|1700755369\n|move|p1a: Salazzle|Sand Attack|p2a: balls\n|-unboost|p2a: balls|accuracy|1\n|move|p2a: balls|Tailwind|p2a: balls\n|-sidestart|p2: dragontypesaregood|move: Tailwind\n|\n|-heal|p1a: Salazzle|94\/100|[from] item: Leftovers\n|-damage|p2a: balls|82\/100 tox|[from] psn\n|upkeep\n|turn|14\n|\n|t:|1700755376\n|switch|p2a: theRealDragonDart|Salamence, M|100\/100\n|-ability|p2a: theRealDragonDart|Intimidate|boost\n|-immune|p1a: Salazzle\n|move|p1a: Salazzle|Sand Attack|p2a: theRealDragonDart\n|-unboost|p2a: theRealDragonDart|accuracy|1\n|\n|-heal|p1a: Salazzle|100\/100|[from] item: Leftovers\n|upkeep\n|turn|15\n|\n|t:|1700755394\n|-terastallize|p2a: theRealDragonDart|Dragon\n|move|p2a: theRealDragonDart|Outrage|p1a: Salazzle\n|-end|p1a: Salazzle|Substitute\n|move|p1a: Salazzle|Toxic|p2a: theRealDragonDart\n|-status|p2a: theRealDragonDart|tox\n|\n|-damage|p2a: theRealDragonDart|94\/100 tox|[from] psn\n|upkeep\n|turn|16\n|\n|t:|1700755402\n|-terastallize|p1a: Salazzle|Fairy\n|move|p2a: theRealDragonDart|Outrage|p1a: Salazzle|[from]lockedmove\n|-immune|p1a: Salazzle\n|move|p1a: Salazzle|Substitute|p1a: Salazzle\n|-start|p1a: Salazzle|Substitute\n|-damage|p1a: Salazzle|76\/100\n|\n|-heal|p1a: Salazzle|82\/100|[from] item: Leftovers\n|-damage|p2a: theRealDragonDart|82\/100 tox|[from] psn\n|-sideend|p2: dragontypesaregood|move: Tailwind\n|upkeep\n|turn|17\n|\n|t:|1700755416\n|switch|p2a: geoff 2|Salamence, M|100\/100\n|-ability|p2a: geoff 2|Intimidate|boost\n|-immune|p1a: Salazzle\n|move|p1a: Salazzle|Sand Attack|p2a: geoff 2\n|-unboost|p2a: geoff 2|accuracy|1\n|\n|-heal|p1a: Salazzle|88\/100|[from] item: Leftovers\n|upkeep\n|turn|18\n|\n|t:|1700755427\n|move|p1a: Salazzle|Toxic|p2a: geoff 2\n|-status|p2a: geoff 2|tox\n|move|p2a: geoff 2|Roar|p1a: Salazzle\n|drag|p1a: Salazzle|Salazzle, F|100\/100\n|\n|-damage|p2a: geoff 2|94\/100 tox|[from] psn\n|upkeep\n|turn|19\n|\n|t:|1700755436\n|switch|p2a: 6 man army|Salamence, M|82\/100 tox\n|-ability|p2a: 6 man army|Intimidate|boost\n|-unboost|p1a: Salazzle|atk|1\n|move|p1a: Salazzle|Fake Out|p2a: 6 man army\n|-damage|p2a: 6 man army|77\/100 tox\n|\n|-damage|p2a: 6 man army|71\/100 tox|[from] psn\n|upkeep\n|turn|20\n|\n|t:|1700755444\n|move|p1a: Salazzle|Protect|p1a: Salazzle\n|-singleturn|p1a: Salazzle|Protect\n|move|p2a: 6 man army|Outrage|p1a: Salazzle\n|-activate|p1a: Salazzle|move: Protect\n|\n|-damage|p2a: 6 man army|59\/100 tox|[from] psn\n|upkeep\n|turn|21\n|\n|t:|1700755451\n|move|p1a: Salazzle|Sand Attack|p2a: 6 man army\n|-unboost|p2a: 6 man army|accuracy|1\n|move|p2a: 6 man army|Outrage|p1a: Salazzle|[miss]\n|-miss|p2a: 6 man army|p1a: Salazzle\n|\n|-damage|p2a: 6 man army|41\/100 tox|[from] psn\n|upkeep\n|turn|22\n|\n|t:|1700755459\n|switch|p2a: geoff 2|Salamence, M|94\/100 tox\n|-ability|p2a: geoff 2|Intimidate|boost\n|-unboost|p1a: Salazzle|atk|1\n|move|p1a: Salazzle|Protect||[still]\n|-fail|p1a: Salazzle\n|\n|-damage|p2a: geoff 2|88\/100 tox|[from] psn\n|upkeep\n|turn|23\n|\n|t:|1700755467\n|move|p1a: Salazzle|Sand Attack|p2a: geoff 2\n|-unboost|p2a: geoff 2|accuracy|1\n|move|p2a: geoff 2|Outrage|p1a: Salazzle\n|-enditem|p1a: Salazzle|Focus Sash\n|-damage|p1a: Salazzle|1\/100\n|\n|-damage|p2a: geoff 2|76\/100 tox|[from] psn\n|upkeep\n|turn|24\n|\n|t:|1700755477\n|switch|p1a: Ribombee|Ribombee, M|56\/100\n|move|p2a: geoff 2|Outrage|p1a: Ribombee|[from]lockedmove\n|-immune|p1a: Ribombee\n|-start|p2a: geoff 2|confusion|[fatigue]\n|\n|-damage|p2a: geoff 2|58\/100 tox|[from] psn\n|upkeep\n|turn|25\n|\n|t:|1700755495\n|switch|p2a: 6 man army|Salamence, M|41\/100 tox\n|-ability|p2a: 6 man army|Intimidate|boost\n|-unboost|p1a: Ribombee|atk|1\n|move|p1a: Ribombee|Tailwind|p1a: Ribombee\n|-sidestart|p1: awrgwGR|move: Tailwind\n|\n|-damage|p2a: 6 man army|35\/100 tox|[from] psn\n|upkeep\n|turn|26\n|\n|t:|1700755502\n|move|p1a: Ribombee|Quiver Dance|p1a: Ribombee\n|-boost|p1a: Ribombee|spa|1\n|-boost|p1a: Ribombee|spd|1\n|-boost|p1a: Ribombee|spe|1\n|move|p2a: 6 man army|Roost|p2a: 6 man army\n|-heal|p2a: 6 man army|85\/100 tox\n|-singleturn|p2a: 6 man army|move: Roost\n|\n|-damage|p2a: 6 man army|73\/100 tox|[from] psn\n|upkeep\n|turn|27\n|\n|t:|1700755512\n|switch|p2a: geoff 2|Salamence, M|58\/100 tox\n|-ability|p2a: geoff 2|Intimidate|boost\n|-unboost|p1a: Ribombee|atk|1\n|move|p1a: Ribombee|Baton Pass|p1a: Ribombee\n|\n|t:|1700755516\n|switch|p1a: Salazzle|Salazzle, F|1\/100|[from] Baton Pass\n|\n|-damage|p2a: geoff 2|52\/100 tox|[from] psn\n|upkeep\n|turn|28\n|\n|t:|1700755523\n|move|p1a: Salazzle|Fake Out|p2a: geoff 2\n|-damage|p2a: geoff 2|48\/100 tox\n|cant|p2a: geoff 2|flinch\n|\n|-damage|p2a: geoff 2|36\/100 tox|[from] psn\n|-sideend|p1: awrgwGR|move: Tailwind\n|upkeep\n|turn|29\n|\n|t:|1700755530\n|move|p1a: Salazzle|Sand Attack|p2a: geoff 2\n|-unboost|p2a: geoff 2|accuracy|1\n|move|p2a: geoff 2|Roost|p2a: geoff 2\n|-heal|p2a: geoff 2|86\/100 tox\n|-singleturn|p2a: geoff 2|move: Roost\n|\n|-damage|p2a: geoff 2|68\/100 tox|[from] psn\n|upkeep\n|turn|30\n|\n|t:|1700755540\n|switch|p2a: 6 man army|Salamence, M|73\/100 tox\n|-ability|p2a: 6 man army|Intimidate|boost\n|-unboost|p1a: Salazzle|atk|1\n|move|p1a: Salazzle|Sand Attack|p2a: 6 man army\n|-unboost|p2a: 6 man army|accuracy|1\n|\n|-damage|p2a: 6 man army|67\/100 tox|[from] psn\n|upkeep\n|turn|31\n|\n|t:|1700755548\n|move|p1a: Salazzle|Sand Attack|p2a: 6 man army\n|-unboost|p2a: 6 man army|accuracy|1\n|move|p2a: 6 man army|Outrage|p1a: Salazzle\n|-damage|p1a: Salazzle|0 fnt\n|faint|p1a: Salazzle\n|\n|-damage|p2a: 6 man army|55\/100 tox|[from] psn\n|upkeep\n|\n|t:|1700755552\n|switch|p1a: Ribombee|Ribombee, M|56\/100\n|turn|32\n|\n|t:|1700755561\n|move|p1a: Ribombee|Tailwind|p1a: Ribombee\n|-sidestart|p1: awrgwGR|move: Tailwind\n|move|p2a: 6 man army|Outrage|p1a: Ribombee|[from]lockedmove\n|-immune|p1a: Ribombee\n|\n|-damage|p2a: 6 man army|37\/100 tox|[from] psn\n|upkeep\n|turn|33\n|\n|t:|1700755571\n|switch|p2a: geoff 2|Salamence, M|68\/100 tox\n|-ability|p2a: geoff 2|Intimidate|boost\n|-unboost|p1a: Ribombee|atk|1\n|move|p1a: Ribombee|Quiver Dance|p1a: Ribombee\n|-boost|p1a: Ribombee|spa|1\n|-boost|p1a: Ribombee|spd|1\n|-boost|p1a: Ribombee|spe|1\n|\n|-damage|p2a: geoff 2|62\/100 tox|[from] psn\n|upkeep\n|turn|34\n|\n|t:|1700755579\n|move|p1a: Ribombee|Quiver Dance|p1a: Ribombee\n|-boost|p1a: Ribombee|spa|1\n|-boost|p1a: Ribombee|spd|1\n|-boost|p1a: Ribombee|spe|1\n|move|p2a: geoff 2|Roost|p2a: geoff 2\n|-heal|p2a: geoff 2|100\/100 tox\n|-singleturn|p2a: geoff 2|move: Roost\n|\n|-damage|p2a: geoff 2|88\/100 tox|[from] psn\n|upkeep\n|turn|35\n|\n|t:|1700755588\n|switch|p2a: geoff|Salamence, M|76\/100 tox\n|-ability|p2a: geoff|Intimidate|boost\n|-unboost|p1a: Ribombee|atk|1\n|move|p1a: Ribombee|Quiver Dance|p1a: Ribombee\n|-boost|p1a: Ribombee|spa|1\n|-boost|p1a: Ribombee|spd|1\n|-boost|p1a: Ribombee|spe|1\n|\n|-damage|p2a: geoff|70\/100 tox|[from] psn\n|-sideend|p1: awrgwGR|move: Tailwind\n|upkeep\n|turn|36\n|\n|t:|1700755598\n|move|p1a: Ribombee|Tailwind|p1a: Ribombee\n|-sidestart|p1: awrgwGR|move: Tailwind\n|move|p2a: geoff|Earthquake|p1a: Ribombee\n|-resisted|p1a: Ribombee\n|-damage|p1a: Ribombee|11\/100\n|\n|-damage|p2a: geoff|58\/100 tox|[from] psn\n|upkeep\n|turn|37\n|\n|t:|1700755607\n|move|p1a: Ribombee|Quiver Dance|p1a: Ribombee\n|-boost|p1a: Ribombee|spa|1\n|-boost|p1a: Ribombee|spd|1\n|-boost|p1a: Ribombee|spe|1\n|move|p2a: geoff|Earthquake|p1a: Ribombee\n|-resisted|p1a: Ribombee\n|-damage|p1a: Ribombee|0 fnt\n|faint|p1a: Ribombee\n|\n|-damage|p2a: geoff|40\/100 tox|[from] psn\n|upkeep\n|\n|t:|1700755614\n|switch|p1a: Salazzle|Salazzle, F|82\/100\n|turn|38\n|\n|t:|1700755617\n|move|p1a: Salazzle|Substitute|p1a: Salazzle\n|-start|p1a: Salazzle|Substitute\n|-damage|p1a: Salazzle|57\/100\n|move|p2a: geoff|Earthquake|p1a: Salazzle\n|-supereffective|p1a: Salazzle\n|-end|p1a: Salazzle|Substitute\n|\n|-heal|p1a: Salazzle|63\/100|[from] item: Leftovers\n|-damage|p2a: geoff|16\/100 tox|[from] psn\n|upkeep\n|turn|39\n|\n|t:|1700755627\n|move|p1a: Salazzle|Substitute|p1a: Salazzle\n|-start|p1a: Salazzle|Substitute\n|-damage|p1a: Salazzle|39\/100\n|move|p2a: geoff|Earthquake|p1a: Salazzle\n|-supereffective|p1a: Salazzle\n|-end|p1a: Salazzle|Substitute\n|\n|-heal|p1a: Salazzle|45\/100|[from] item: Leftovers\n|-damage|p2a: geoff|0 fnt|[from] psn\n|faint|p2a: geoff\n|-sideend|p1: awrgwGR|move: Tailwind\n|upkeep\n|\n|t:|1700755637\n|switch|p2a: 6 man army|Salamence, M|37\/100 tox\n|-ability|p2a: 6 man army|Intimidate|boost\n|-unboost|p1a: Salazzle|atk|1\n|turn|40\n|\n|t:|1700755641\n|move|p1a: Salazzle|Substitute|p1a: Salazzle\n|-start|p1a: Salazzle|Substitute\n|-damage|p1a: Salazzle|20\/100\n|move|p2a: 6 man army|Roost|p2a: 6 man army\n|-heal|p2a: 6 man army|87\/100 tox\n|-singleturn|p2a: 6 man army|move: Roost\n|\n|-heal|p1a: Salazzle|26\/100|[from] item: Leftovers\n|-damage|p2a: 6 man army|81\/100 tox|[from] psn\n|upkeep\n|turn|41\n|\n|t:|1700755652\n|switch|p2a: geoff 2|Salamence, M|88\/100 tox\n|-ability|p2a: geoff 2|Intimidate|boost\n|-immune|p1a: Salazzle\n|move|p1a: Salazzle|Protect||[still]\n|-fail|p1a: Salazzle\n|\n|-heal|p1a: Salazzle|32\/100|[from] item: Leftovers\n|-damage|p2a: geoff 2|82\/100 tox|[from] psn\n|upkeep\n|turn|42\n|\n|t:|1700755663\n|move|p1a: Salazzle|Sand Attack|p2a: geoff 2\n|-unboost|p2a: geoff 2|accuracy|1\n|move|p2a: geoff 2|Earthquake|p1a: Salazzle\n|-supereffective|p1a: Salazzle\n|-end|p1a: Salazzle|Substitute\n|\n|-heal|p1a: Salazzle|39\/100|[from] item: Leftovers\n|-damage|p2a: geoff 2|70\/100 tox|[from] psn\n|upkeep\n|turn|43\n|\n|t:|1700755672\n|move|p1a: Salazzle|Protect|p1a: Salazzle\n|-singleturn|p1a: Salazzle|Protect\n|move|p2a: geoff 2|Earthquake|p1a: Salazzle\n|-activate|p1a: Salazzle|move: Protect\n|\n|-heal|p1a: Salazzle|45\/100|[from] item: Leftovers\n|-damage|p2a: geoff 2|52\/100 tox|[from] psn\n|upkeep\n|turn|44\n|\n|t:|1700755679\n|move|p1a: Salazzle|Substitute|p1a: Salazzle\n|-start|p1a: Salazzle|Substitute\n|-damage|p1a: Salazzle|20\/100\n|move|p2a: geoff 2|Earthquake|p1a: Salazzle\n|-supereffective|p1a: Salazzle\n|-end|p1a: Salazzle|Substitute\n|\n|-heal|p1a: Salazzle|26\/100|[from] item: Leftovers\n|-damage|p2a: geoff 2|28\/100 tox|[from] psn\n|upkeep\n|turn|45\n|\n|t:|1700755689\n|switch|p2a: 6 man army|Salamence, M|81\/100 tox\n|-ability|p2a: 6 man army|Intimidate|boost\n|-unboost|p1a: Salazzle|atk|1\n|move|p1a: Salazzle|Substitute|p1a: Salazzle\n|-start|p1a: Salazzle|Substitute\n|-damage|p1a: Salazzle|1\/100\n|\n|-heal|p1a: Salazzle|8\/100|[from] item: Leftovers\n|-damage|p2a: 6 man army|75\/100 tox|[from] psn\n|upkeep\n|turn|46\n|\n|t:|1700755699\n|move|p1a: Salazzle|Sand Attack|p2a: 6 man army\n|-unboost|p2a: 6 man army|accuracy|1\n|move|p2a: 6 man army|Earthquake|p1a: Salazzle\n|-supereffective|p1a: Salazzle\n|-end|p1a: Salazzle|Substitute\n|\n|-heal|p1a: Salazzle|14\/100|[from] item: Leftovers\n|-damage|p2a: 6 man army|63\/100 tox|[from] psn\n|upkeep\n|turn|47\n|\n|t:|1700755707\n|move|p1a: Salazzle|Protect|p1a: Salazzle\n|-singleturn|p1a: Salazzle|Protect\n|move|p2a: 6 man army|Earthquake|p1a: Salazzle\n|-activate|p1a: Salazzle|move: Protect\n|\n|-heal|p1a: Salazzle|20\/100|[from] item: Leftovers\n|-damage|p2a: 6 man army|45\/100 tox|[from] psn\n|upkeep\n|turn|48\n|\n|t:|1700755718\n|move|p1a: Salazzle|Sand Attack|p2a: 6 man army\n|-unboost|p2a: 6 man army|accuracy|1\n|move|p2a: 6 man army|Earthquake|p1a: Salazzle|[miss]\n|-miss|p2a: 6 man army|p1a: Salazzle\n|\n|-heal|p1a: Salazzle|26\/100|[from] item: Leftovers\n|-damage|p2a: 6 man army|21\/100 tox|[from] psn\n|upkeep\n|turn|49\n|\n|t:|1700755727\n|switch|p2a: balls|Salamence, M|82\/100 tox\n|-ability|p2a: balls|Intimidate|boost\n|-unboost|p1a: Salazzle|atk|1\n|move|p1a: Salazzle|Substitute|p1a: Salazzle\n|-start|p1a: Salazzle|Substitute\n|-damage|p1a: Salazzle|1\/100\n|\n|-heal|p1a: Salazzle|8\/100|[from] item: Leftovers\n|-damage|p2a: balls|76\/100 tox|[from] psn\n|upkeep\n|turn|50\n|\n|t:|1700755737\n|move|p1a: Salazzle|Protect|p1a: Salazzle\n|-singleturn|p1a: Salazzle|Protect\n|move|p2a: balls|Tailwind|p2a: balls\n|-sidestart|p2: dragontypesaregood|move: Tailwind\n|\n|-heal|p1a: Salazzle|14\/100|[from] item: Leftovers\n|-damage|p2a: balls|64\/100 tox|[from] psn\n|upkeep\n|turn|51\n|\n|t:|1700755746\n|switch|p2a: theRealDragonDart|Salamence, M, tera:Dragon|82\/100 tox\n|-ability|p2a: theRealDragonDart|Intimidate|boost\n|-immune|p1a: Salazzle\n|move|p1a: Salazzle|Sand Attack|p2a: theRealDragonDart\n|-unboost|p2a: theRealDragonDart|accuracy|1\n|\n|-heal|p1a: Salazzle|20\/100|[from] item: Leftovers\n|-damage|p2a: theRealDragonDart|76\/100 tox|[from] psn\n|upkeep\n|turn|52\n|\n|t:|1700755760\n|move|p1a: Salazzle|Protect|p1a: Salazzle\n|-singleturn|p1a: Salazzle|Protect\n|move|p2a: theRealDragonDart|Outrage|p1a: Salazzle\n|-activate|p1a: Salazzle|move: Protect\n|\n|-heal|p1a: Salazzle|26\/100|[from] item: Leftovers\n|-damage|p2a: theRealDragonDart|64\/100 tox|[from] psn\n|upkeep\n|turn|53\n|\n|t:|1700755768\n|move|p2a: theRealDragonDart|Outrage|p1a: Salazzle\n|-end|p1a: Salazzle|Substitute\n|move|p1a: Salazzle|Sand Attack|p2a: theRealDragonDart\n|-unboost|p2a: theRealDragonDart|accuracy|1\n|\n|-heal|p1a: Salazzle|32\/100|[from] item: Leftovers\n|-damage|p2a: theRealDragonDart|46\/100 tox|[from] psn\n|-sideend|p2: dragontypesaregood|move: Tailwind\n|upkeep\n|turn|54\n|\n|t:|1700755777\n|move|p1a: Salazzle|Protect|p1a: Salazzle\n|-singleturn|p1a: Salazzle|Protect\n|move|p2a: theRealDragonDart|Outrage|p1a: Salazzle|[from]lockedmove\n|-activate|p1a: Salazzle|move: Protect\n|\n|-heal|p1a: Salazzle|39\/100|[from] item: Leftovers\n|-damage|p2a: theRealDragonDart|22\/100 tox|[from] psn\n|upkeep\n|turn|55\n|\n|t:|1700755785\n|switch|p2a: lasst chance|Salamence, M|100\/100\n|-ability|p2a: lasst chance|Intimidate|boost\n|-unboost|p1a: Salazzle|atk|1\n|move|p1a: Salazzle|Substitute|p1a: Salazzle\n|-start|p1a: Salazzle|Substitute\n|-damage|p1a: Salazzle|14\/100\n|\n|-heal|p1a: Salazzle|20\/100|[from] item: Leftovers\n|upkeep\n|turn|56\n|\n|t:|1700755795\n|move|p1a: Salazzle|Toxic|p2a: lasst chance\n|-status|p2a: lasst chance|tox\n|move|p2a: lasst chance|Tailwind|p2a: lasst chance\n|-sidestart|p2: dragontypesaregood|move: Tailwind\n|\n|-heal|p1a: Salazzle|26\/100|[from] item: Leftovers\n|-damage|p2a: lasst chance|94\/100 tox|[from] psn\n|upkeep\n|turn|57\n|\n|t:|1700755805\n|switch|p2a: geoff 2|Salamence, M|28\/100 tox\n|-ability|p2a: geoff 2|Intimidate|boost\n|-immune|p1a: Salazzle\n|move|p1a: Salazzle|Protect||[still]\n|-fail|p1a: Salazzle\n|\n|-heal|p1a: Salazzle|32\/100|[from] item: Leftovers\n|-damage|p2a: geoff 2|22\/100 tox|[from] psn\n|upkeep\n|turn|58\n|\n|t:|1700755815\n|move|p2a: geoff 2|Roost|p2a: geoff 2\n|-heal|p2a: geoff 2|72\/100 tox\n|-singleturn|p2a: geoff 2|move: Roost\n|move|p1a: Salazzle|Sand Attack|p2a: geoff 2\n|-unboost|p2a: geoff 2|accuracy|1\n|\n|-heal|p1a: Salazzle|39\/100|[from] item: Leftovers\n|-damage|p2a: geoff 2|60\/100 tox|[from] psn\n|upkeep\n|turn|59\n|\n|t:|1700755824\n|move|p2a: geoff 2|Roost|p2a: geoff 2\n|-heal|p2a: geoff 2|100\/100 tox\n|-singleturn|p2a: geoff 2|move: Roost\n|move|p1a: Salazzle|Sand Attack|p2a: geoff 2\n|-unboost|p2a: geoff 2|accuracy|1\n|\n|-heal|p1a: Salazzle|45\/100|[from] item: Leftovers\n|-damage|p2a: geoff 2|82\/100 tox|[from] psn\n|-sideend|p2: dragontypesaregood|move: Tailwind\n|upkeep\n|turn|60\n|\n|t:|1700755839\n|switch|p2a: lasst chance|Salamence, M|94\/100 tox\n|-ability|p2a: lasst chance|Intimidate|boost\n|-immune|p1a: Salazzle\n|move|p1a: Salazzle|Sand Attack|p2a: lasst chance\n|-unboost|p2a: lasst chance|accuracy|1\n|\n|-heal|p1a: Salazzle|51\/100|[from] item: Leftovers\n|-damage|p2a: lasst chance|88\/100 tox|[from] psn\n|upkeep\n|turn|61\n|\n|t:|1700755851\n|move|p1a: Salazzle|Sand Attack|p2a: lasst chance\n|-unboost|p2a: lasst chance|accuracy|1\n|move|p2a: lasst chance|Earthquake|p1a: Salazzle|[miss]\n|-miss|p2a: lasst chance|p1a: Salazzle\n|\n|-heal|p1a: Salazzle|57\/100|[from] item: Leftovers\n|-damage|p2a: lasst chance|76\/100 tox|[from] psn\n|upkeep\n|turn|62\n|\n|t:|1700755863\n|switch|p2a: theRealDragonDart|Salamence, M, tera:Dragon|22\/100 tox\n|-ability|p2a: theRealDragonDart|Intimidate|boost\n|-immune|p1a: Salazzle\n|move|p1a: Salazzle|Sand Attack|p2a: theRealDragonDart\n|-unboost|p2a: theRealDragonDart|accuracy|1\n|\n|-heal|p1a: Salazzle|63\/100|[from] item: Leftovers\n|-damage|p2a: theRealDragonDart|16\/100 tox|[from] psn\n|upkeep\n|turn|63\n|\n|t:|1700755873\n|move|p1a: Salazzle|Sand Attack|p2a: theRealDragonDart\n|-unboost|p2a: theRealDragonDart|accuracy|1\n|move|p2a: theRealDragonDart|Roost|p2a: theRealDragonDart\n|-heal|p2a: theRealDragonDart|66\/100 tox\n|\n|-heal|p1a: Salazzle|70\/100|[from] item: Leftovers\n|-damage|p2a: theRealDragonDart|54\/100 tox|[from] psn\n|upkeep\n|turn|64\n|\n|t:|1700755881\n|move|p1a: Salazzle|Sand Attack|p2a: theRealDragonDart\n|-unboost|p2a: theRealDragonDart|accuracy|1\n|move|p2a: theRealDragonDart|Roost|p2a: theRealDragonDart\n|-heal|p2a: theRealDragonDart|100\/100 tox\n|\n|-heal|p1a: Salazzle|76\/100|[from] item: Leftovers\n|-damage|p2a: theRealDragonDart|82\/100 tox|[from] psn\n|upkeep\n|turn|65\n|\n|t:|1700755892\n|switch|p2a: geoff 2|Salamence, M|82\/100 tox\n|-ability|p2a: geoff 2|Intimidate|boost\n|-immune|p1a: Salazzle\n|move|p1a: Salazzle|Sand Attack|p2a: geoff 2\n|-unboost|p2a: geoff 2|accuracy|1\n|\n|-heal|p1a: Salazzle|82\/100|[from] item: Leftovers\n|-damage|p2a: geoff 2|76\/100 tox|[from] psn\n|upkeep\n|turn|66\n|\n|t:|1700755901\n|move|p1a: Salazzle|Sand Attack|p2a: geoff 2\n|-unboost|p2a: geoff 2|accuracy|1\n|move|p2a: geoff 2|Roar|p1a: Salazzle\n|drag|p1a: Salazzle|Salazzle, F, tera:Fairy|88\/100\n|\n|-heal|p1a: Salazzle|94\/100|[from] item: Leftovers\n|-damage|p2a: geoff 2|64\/100 tox|[from] psn\n|upkeep\n|turn|67\n|\n|t:|1700755912\n|switch|p2a: theRealDragonDart|Salamence, M, tera:Dragon|82\/100 tox\n|-ability|p2a: theRealDragonDart|Intimidate|boost\n|-unboost|p1a: Salazzle|atk|1\n|move|p1a: Salazzle|Substitute|p1a: Salazzle\n|-start|p1a: Salazzle|Substitute\n|-damage|p1a: Salazzle|70\/100\n|\n|-heal|p1a: Salazzle|76\/100|[from] item: Leftovers\n|-damage|p2a: theRealDragonDart|76\/100 tox|[from] psn\n|upkeep\n|turn|68\n|\n|t:|1700755921\n|move|p1a: Salazzle|Sand Attack|p2a: theRealDragonDart\n|-unboost|p2a: theRealDragonDart|accuracy|1\n|move|p2a: theRealDragonDart|Earthquake|p1a: Salazzle\n|-end|p1a: Salazzle|Substitute\n|\n|-heal|p1a: Salazzle|82\/100|[from] item: Leftovers\n|-damage|p2a: theRealDragonDart|64\/100 tox|[from] psn\n|upkeep\n|turn|69\n|\n|t:|1700755929\n|move|p1a: Salazzle|Substitute|p1a: Salazzle\n|-start|p1a: Salazzle|Substitute\n|-damage|p1a: Salazzle|57\/100\n|move|p2a: theRealDragonDart|Earthquake|p1a: Salazzle|[miss]\n|-miss|p2a: theRealDragonDart|p1a: Salazzle\n|\n|-heal|p1a: Salazzle|63\/100|[from] item: Leftovers\n|-damage|p2a: theRealDragonDart|46\/100 tox|[from] psn\n|upkeep\n|turn|70\n|\n|t:|1700755938\n|switch|p2a: geoff 2|Salamence, M|64\/100 tox\n|-ability|p2a: geoff 2|Intimidate|boost\n|-immune|p1a: Salazzle\n|move|p1a: Salazzle|Sand Attack|p2a: geoff 2\n|-unboost|p2a: geoff 2|accuracy|1\n|\n|-heal|p1a: Salazzle|70\/100|[from] item: Leftovers\n|-damage|p2a: geoff 2|58\/100 tox|[from] psn\n|upkeep\n|turn|71\n|\n|t:|1700755947\n|move|p1a: Salazzle|Sand Attack|p2a: geoff 2\n|-unboost|p2a: geoff 2|accuracy|1\n|move|p2a: geoff 2|Roost|p2a: geoff 2\n|-heal|p2a: geoff 2|100\/100 tox\n|-singleturn|p2a: geoff 2|move: Roost\n|\n|-heal|p1a: Salazzle|76\/100|[from] item: Leftovers\n|-damage|p2a: geoff 2|88\/100 tox|[from] psn\n|upkeep\n|turn|72\n|\n|t:|1700755959\n|switch|p2a: balls|Salamence, M|64\/100 tox\n|-ability|p2a: balls|Intimidate|boost\n|-immune|p1a: Salazzle\n|move|p1a: Salazzle|Sand Attack|p2a: balls\n|-unboost|p2a: balls|accuracy|1\n|\n|-heal|p1a: Salazzle|82\/100|[from] item: Leftovers\n|-damage|p2a: balls|58\/100 tox|[from] psn\n|upkeep\n|turn|73\n|\n|t:|1700755973\n|move|p1a: Salazzle|Sand Attack|p2a: balls\n|-unboost|p2a: balls|accuracy|1\n|move|p2a: balls|Tailwind|p2a: balls\n|-sidestart|p2: dragontypesaregood|move: Tailwind\n|\n|-heal|p1a: Salazzle|88\/100|[from] item: Leftovers\n|-damage|p2a: balls|46\/100 tox|[from] psn\n|upkeep\n|turn|74\n|\n|t:|1700755983\n|switch|p2a: geoff 2|Salamence, M|88\/100 tox\n|-ability|p2a: geoff 2|Intimidate|boost\n|-immune|p1a: Salazzle\n|move|p1a: Salazzle|Sand Attack|p2a: geoff 2\n|-unboost|p2a: geoff 2|accuracy|1\n|\n|-heal|p1a: Salazzle|94\/100|[from] item: Leftovers\n|-damage|p2a: geoff 2|82\/100 tox|[from] psn\n|upkeep\n|turn|75\n|\n|t:|1700755993\n|move|p2a: geoff 2|Earthquake|p1a: Salazzle\n|-end|p1a: Salazzle|Substitute\n|move|p1a: Salazzle|Sand Attack|p2a: geoff 2\n|-unboost|p2a: geoff 2|accuracy|1\n|\n|-heal|p1a: Salazzle|100\/100|[from] item: Leftovers\n|-damage|p2a: geoff 2|70\/100 tox|[from] psn\n|upkeep\n|turn|76\n|\n|t:|1700756001\n|move|p1a: Salazzle|Protect|p1a: Salazzle\n|-singleturn|p1a: Salazzle|Protect\n|move|p2a: geoff 2|Earthquake|p1a: Salazzle\n|-activate|p1a: Salazzle|move: Protect\n|\n|-damage|p2a: geoff 2|52\/100 tox|[from] psn\n|-sideend|p2: dragontypesaregood|move: Tailwind\n|upkeep\n|turn|77\n|\n|t:|1700756008\n|move|p1a: Salazzle|Substitute|p1a: Salazzle\n|-start|p1a: Salazzle|Substitute\n|-damage|p1a: Salazzle|76\/100\n|move|p2a: geoff 2|Earthquake|p1a: Salazzle\n|-crit|p1a: Salazzle\n|-end|p1a: Salazzle|Substitute\n|\n|-heal|p1a: Salazzle|82\/100|[from] item: Leftovers\n|-damage|p2a: geoff 2|28\/100 tox|[from] psn\n|upkeep\n|turn|78\n|\n|t:|1700756017\n|switch|p2a: lasst chance|Salamence, M|76\/100 tox\n|-ability|p2a: lasst chance|Intimidate|boost\n|-unboost|p1a: Salazzle|atk|1\n|move|p1a: Salazzle|Substitute|p1a: Salazzle\n|-start|p1a: Salazzle|Substitute\n|-damage|p1a: Salazzle|57\/100\n|\n|-heal|p1a: Salazzle|63\/100|[from] item: Leftovers\n|-damage|p2a: lasst chance|70\/100 tox|[from] psn\n|upkeep\n|turn|79\n|\n|t:|1700756032\n|move|p1a: Salazzle|Sand Attack|p2a: lasst chance\n|-unboost|p2a: lasst chance|accuracy|1\n|move|p2a: lasst chance|Earthquake|p1a: Salazzle\n|-crit|p1a: Salazzle\n|-end|p1a: Salazzle|Substitute\n|\n|-heal|p1a: Salazzle|70\/100|[from] item: Leftovers\n|-damage|p2a: lasst chance|58\/100 tox|[from] psn\n|upkeep\n|turn|80\n|\n|t:|1700756041\n|move|p1a: Salazzle|Substitute|p1a: Salazzle\n|-start|p1a: Salazzle|Substitute\n|-damage|p1a: Salazzle|45\/100\n|move|p2a: lasst chance|Earthquake|p1a: Salazzle\n|-end|p1a: Salazzle|Substitute\n|\n|-heal|p1a: Salazzle|51\/100|[from] item: Leftovers\n|-damage|p2a: lasst chance|40\/100 tox|[from] psn\n|upkeep\n|turn|81\n|\n|t:|1700756050\n|switch|p2a: geoff 2|Salamence, M|28\/100 tox\n|-ability|p2a: geoff 2|Intimidate|boost\n|-unboost|p1a: Salazzle|atk|1\n|move|p1a: Salazzle|Substitute|p1a: Salazzle\n|-start|p1a: Salazzle|Substitute\n|-damage|p1a: Salazzle|26\/100\n|\n|-heal|p1a: Salazzle|32\/100|[from] item: Leftovers\n|-damage|p2a: geoff 2|22\/100 tox|[from] psn\n|upkeep\n|turn|82\n|\n|t:|1700756059\n|move|p1a: Salazzle|Sand Attack|p2a: geoff 2\n|-unboost|p2a: geoff 2|accuracy|1\n|move|p2a: geoff 2|Roost|p2a: geoff 2\n|-heal|p2a: geoff 2|72\/100 tox\n|-singleturn|p2a: geoff 2|move: Roost\n|\n|-heal|p1a: Salazzle|39\/100|[from] item: Leftovers\n|-damage|p2a: geoff 2|60\/100 tox|[from] psn\n|upkeep\n|turn|83\n|\n|t:|1700756069\n|move|p1a: Salazzle|Sand Attack|p2a: geoff 2\n|-unboost|p2a: geoff 2|accuracy|1\n|move|p2a: geoff 2|Roost|p2a: geoff 2\n|-heal|p2a: geoff 2|100\/100 tox\n|-singleturn|p2a: geoff 2|move: Roost\n|\n|-heal|p1a: Salazzle|45\/100|[from] item: Leftovers\n|-damage|p2a: geoff 2|82\/100 tox|[from] psn\n|upkeep\n|turn|84\n|\n|t:|1700756079\n|switch|p2a: theRealDragonDart|Salamence, M, tera:Dragon|46\/100 tox\n|-ability|p2a: theRealDragonDart|Intimidate|boost\n|-immune|p1a: Salazzle\n|move|p1a: Salazzle|Sand Attack|p2a: theRealDragonDart\n|-unboost|p2a: theRealDragonDart|accuracy|1\n|\n|-heal|p1a: Salazzle|51\/100|[from] item: Leftovers\n|-damage|p2a: theRealDragonDart|40\/100 tox|[from] psn\n|upkeep\n|turn|85\n|\n|t:|1700756092\n|move|p1a: Salazzle|Sand Attack|p2a: theRealDragonDart\n|-unboost|p2a: theRealDragonDart|accuracy|1\n|move|p2a: theRealDragonDart|Roost|p2a: theRealDragonDart\n|-heal|p2a: theRealDragonDart|90\/100 tox\n|\n|-heal|p1a: Salazzle|57\/100|[from] item: Leftovers\n|-damage|p2a: theRealDragonDart|78\/100 tox|[from] psn\n|upkeep\n|turn|86\n|\n|t:|1700756100\n|move|p1a: Salazzle|Sand Attack|p2a: theRealDragonDart\n|-unboost|p2a: theRealDragonDart|accuracy|1\n|move|p2a: theRealDragonDart|Roost|p2a: theRealDragonDart\n|-heal|p2a: theRealDragonDart|100\/100 tox\n|\n|-heal|p1a: Salazzle|63\/100|[from] item: Leftovers\n|-damage|p2a: theRealDragonDart|82\/100 tox|[from] psn\n|upkeep\n|turn|87\n|\n|t:|1700756112\n|switch|p2a: 6 man army|Salamence, M|21\/100 tox\n|-ability|p2a: 6 man army|Intimidate|boost\n|-immune|p1a: Salazzle\n|move|p1a: Salazzle|Sand Attack|p2a: 6 man army\n|-unboost|p2a: 6 man army|accuracy|1\n|\n|-heal|p1a: Salazzle|70\/100|[from] item: Leftovers\n|-damage|p2a: 6 man army|15\/100 tox|[from] psn\n|upkeep\n|turn|88\n|\n|t:|1700756121\n|move|p1a: Salazzle|Sand Attack|p2a: 6 man army\n|-unboost|p2a: 6 man army|accuracy|1\n|move|p2a: 6 man army|Roost|p2a: 6 man army\n|-heal|p2a: 6 man army|65\/100 tox\n|-singleturn|p2a: 6 man army|move: Roost\n|\n|-heal|p1a: Salazzle|76\/100|[from] item: Leftovers\n|-damage|p2a: 6 man army|53\/100 tox|[from] psn\n|upkeep\n|turn|89\n|\n|t:|1700756131\n|move|p1a: Salazzle|Toxic|p2a: 6 man army\n|-fail|p2a: 6 man army|tox\n|move|p2a: 6 man army|Roost|p2a: 6 man army\n|-heal|p2a: 6 man army|100\/100 tox\n|-singleturn|p2a: 6 man army|move: Roost\n|\n|-heal|p1a: Salazzle|82\/100|[from] item: Leftovers\n|-damage|p2a: 6 man army|82\/100 tox|[from] psn\n|upkeep\n|turn|90\n|\n|t:|1700756145\n|switch|p2a: geoff 2|Salamence, M|82\/100 tox\n|-ability|p2a: geoff 2|Intimidate|boost\n|-immune|p1a: Salazzle\n|move|p1a: Salazzle|Sand Attack|p2a: geoff 2\n|-unboost|p2a: geoff 2|accuracy|1\n|\n|-heal|p1a: Salazzle|88\/100|[from] item: Leftovers\n|-damage|p2a: geoff 2|76\/100 tox|[from] psn\n|upkeep\n|turn|91\n|\n|t:|1700756154\n|move|p1a: Salazzle|Sand Attack|p2a: geoff 2\n|-unboost|p2a: geoff 2|accuracy|1\n|move|p2a: geoff 2|Roar|p1a: Salazzle\n|drag|p1a: Salazzle|Salazzle, F|82\/100\n|\n|-heal|p1a: Salazzle|88\/100|[from] item: Leftovers\n|-damage|p2a: geoff 2|64\/100 tox|[from] psn\n|upkeep\n|turn|92\n|\n|t:|1700756164\n|switch|p2a: 6 man army|Salamence, M|82\/100 tox\n|-ability|p2a: 6 man army|Intimidate|boost\n|-unboost|p1a: Salazzle|atk|1\n|move|p1a: Salazzle|Protect||[still]\n|-fail|p1a: Salazzle\n|\n|-heal|p1a: Salazzle|94\/100|[from] item: Leftovers\n|-damage|p2a: 6 man army|76\/100 tox|[from] psn\n|upkeep\n|turn|93\n|\n|t:|1700756175\n|move|p1a: Salazzle|Substitute|p1a: Salazzle\n|-start|p1a: Salazzle|Substitute\n|-damage|p1a: Salazzle|70\/100\n|move|p2a: 6 man army|Earthquake|p1a: Salazzle\n|-supereffective|p1a: Salazzle\n|-end|p1a: Salazzle|Substitute\n|\n|-heal|p1a: Salazzle|76\/100|[from] item: Leftovers\n|-damage|p2a: 6 man army|64\/100 tox|[from] psn\n|upkeep\n|turn|94\n|\n|t:|1700756183\n|move|p1a: Salazzle|Substitute|p1a: Salazzle\n|-start|p1a: Salazzle|Substitute\n|-damage|p1a: Salazzle|51\/100\n|move|p2a: 6 man army|Earthquake|p1a: Salazzle\n|-supereffective|p1a: Salazzle\n|-end|p1a: Salazzle|Substitute\n|\n|-heal|p1a: Salazzle|57\/100|[from] item: Leftovers\n|-damage|p2a: 6 man army|46\/100 tox|[from] psn\n|upkeep\n|turn|95\n|\n|t:|1700756191\n|move|p1a: Salazzle|Substitute|p1a: Salazzle\n|-start|p1a: Salazzle|Substitute\n|-damage|p1a: Salazzle|32\/100\n|move|p2a: 6 man army|Earthquake|p1a: Salazzle\n|-supereffective|p1a: Salazzle\n|-end|p1a: Salazzle|Substitute\n|\n|-heal|p1a: Salazzle|39\/100|[from] item: Leftovers\n|-damage|p2a: 6 man army|22\/100 tox|[from] psn\n|upkeep\n|turn|96\n|\n|t:|1700756206\n|switch|p2a: balls|Salamence, M|46\/100 tox\n|-ability|p2a: balls|Intimidate|boost\n|-unboost|p1a: Salazzle|atk|1\n|move|p1a: Salazzle|Substitute|p1a: Salazzle\n|-start|p1a: Salazzle|Substitute\n|-damage|p1a: Salazzle|14\/100\n|\n|-heal|p1a: Salazzle|20\/100|[from] item: Leftovers\n|-damage|p2a: balls|40\/100 tox|[from] psn\n|upkeep\n|turn|97\n|\n|t:|1700756215\n|move|p1a: Salazzle|Sand Attack|p2a: balls\n|-unboost|p2a: balls|accuracy|1\n|move|p2a: balls|Roost|p2a: balls\n|-heal|p2a: balls|90\/100 tox\n|-singleturn|p2a: balls|move: Roost\n|\n|-heal|p1a: Salazzle|26\/100|[from] item: Leftovers\n|-damage|p2a: balls|78\/100 tox|[from] psn\n|upkeep\n|turn|98\n|\n|t:|1700756225\n|switch|p2a: lasst chance|Salamence, M|40\/100 tox\n|-ability|p2a: lasst chance|Intimidate|boost\n|-immune|p1a: Salazzle\n|move|p1a: Salazzle|Protect||[still]\n|-fail|p1a: Salazzle\n|\n|-heal|p1a: Salazzle|32\/100|[from] item: Leftovers\n|-damage|p2a: lasst chance|34\/100 tox|[from] psn\n|upkeep\n|turn|99\n|\n|t:|1700756236\n|move|p1a: Salazzle|Sand Attack|p2a: lasst chance\n|-unboost|p2a: lasst chance|accuracy|1\n|move|p2a: lasst chance|Tailwind|p2a: lasst chance\n|-sidestart|p2: dragontypesaregood|move: Tailwind\n|\n|-heal|p1a: Salazzle|39\/100|[from] item: Leftovers\n|-damage|p2a: lasst chance|22\/100 tox|[from] psn\n|upkeep\n|turn|100\n|inactive|dragontypesaregood has 120 seconds left.\n|\n|t:|1700756246\n|switch|p2a: geoff 2|Salamence, M|64\/100 tox\n|-ability|p2a: geoff 2|Intimidate|boost\n|-immune|p1a: Salazzle\n|move|p1a: Salazzle|Sand Attack|p2a: geoff 2\n|-unboost|p2a: geoff 2|accuracy|1\n|\n|-heal|p1a: Salazzle|45\/100|[from] item: Leftovers\n|-damage|p2a: geoff 2|58\/100 tox|[from] psn\n|upkeep\n|turn|101\n|inactive|dragontypesaregood has 120 seconds left.\n|\n|t:|1700756255\n|move|p1a: Salazzle|Protect|p1a: Salazzle\n|-singleturn|p1a: Salazzle|Protect\n|move|p2a: geoff 2|Earthquake|p1a: Salazzle\n|-activate|p1a: Salazzle|move: Protect\n|\n|-heal|p1a: Salazzle|51\/100|[from] item: Leftovers\n|-damage|p2a: geoff 2|46\/100 tox|[from] psn\n|upkeep\n|turn|102\n|inactive|dragontypesaregood has 120 seconds left.\n|\n|t:|1700756266\n|move|p2a: geoff 2|Earthquake|p1a: Salazzle\n|-supereffective|p1a: Salazzle\n|-end|p1a: Salazzle|Substitute\n|move|p1a: Salazzle|Substitute|p1a: Salazzle\n|-start|p1a: Salazzle|Substitute\n|-damage|p1a: Salazzle|26\/100\n|\n|-heal|p1a: Salazzle|32\/100|[from] item: Leftovers\n|-damage|p2a: geoff 2|28\/100 tox|[from] psn\n|-sideend|p2: dragontypesaregood|move: Tailwind\n|upkeep\n|turn|103\n|\n|t:|1700756276\n|switch|p2a: 6 man army|Salamence, M|22\/100 tox\n|-ability|p2a: 6 man army|Intimidate|boost\n|-immune|p1a: Salazzle\n|move|p1a: Salazzle|Protect||[still]\n|-fail|p1a: Salazzle\n|\n|-heal|p1a: Salazzle|39\/100|[from] item: Leftovers\n|-damage|p2a: 6 man army|16\/100 tox|[from] psn\n|upkeep\n|turn|104\n|\n|t:|1700756285\n|move|p1a: Salazzle|Protect|p1a: Salazzle\n|-singleturn|p1a: Salazzle|Protect\n|move|p2a: 6 man army|Roost|p2a: 6 man army\n|-heal|p2a: 6 man army|66\/100 tox\n|-singleturn|p2a: 6 man army|move: Roost\n|\n|-heal|p1a: Salazzle|45\/100|[from] item: Leftovers\n|-damage|p2a: 6 man army|54\/100 tox|[from] psn\n|upkeep\n|turn|105\n|\n|t:|1700756297\n|move|p1a: Salazzle|Sand Attack|p2a: 6 man army\n|-unboost|p2a: 6 man army|accuracy|1\n|move|p2a: 6 man army|Roost|p2a: 6 man army\n|-heal|p2a: 6 man army|100\/100 tox\n|-singleturn|p2a: 6 man army|move: Roost\n|\n|-heal|p1a: Salazzle|51\/100|[from] item: Leftovers\n|-damage|p2a: 6 man army|82\/100 tox|[from] psn\n|upkeep\n|turn|106\n|\n|t:|1700756307\n|switch|p2a: geoff 2|Salamence, M|28\/100 tox\n|-ability|p2a: geoff 2|Intimidate|boost\n|-immune|p1a: Salazzle\n|move|p1a: Salazzle|Sand Attack|p2a: geoff 2\n|-unboost|p2a: geoff 2|accuracy|1\n|\n|-heal|p1a: Salazzle|57\/100|[from] item: Leftovers\n|-damage|p2a: geoff 2|22\/100 tox|[from] psn\n|upkeep\n|turn|107\n|\n|t:|1700756317\n|move|p1a: Salazzle|Protect|p1a: Salazzle\n|-singleturn|p1a: Salazzle|Protect\n|move|p2a: geoff 2|Roost|p2a: geoff 2\n|-heal|p2a: geoff 2|72\/100 tox\n|-singleturn|p2a: geoff 2|move: Roost\n|\n|-heal|p1a: Salazzle|63\/100|[from] item: Leftovers\n|-damage|p2a: geoff 2|60\/100 tox|[from] psn\n|upkeep\n|turn|108\n|\n|t:|1700756326\n|switch|p2a: theRealDragonDart|Salamence, M, tera:Dragon|82\/100 tox\n|-ability|p2a: theRealDragonDart|Intimidate|boost\n|-immune|p1a: Salazzle\n|move|p1a: Salazzle|Sand Attack|p2a: theRealDragonDart\n|-unboost|p2a: theRealDragonDart|accuracy|1\n|\n|-heal|p1a: Salazzle|70\/100|[from] item: Leftovers\n|-damage|p2a: theRealDragonDart|76\/100 tox|[from] psn\n|upkeep\n|turn|109\n|\n|t:|1700756338\n|move|p1a: Salazzle|Sand Attack|p2a: theRealDragonDart\n|-unboost|p2a: theRealDragonDart|accuracy|1\n|move|p2a: theRealDragonDart|Earthquake|p1a: Salazzle|[miss]\n|-miss|p2a: theRealDragonDart|p1a: Salazzle\n|\n|-heal|p1a: Salazzle|76\/100|[from] item: Leftovers\n|-damage|p2a: theRealDragonDart|64\/100 tox|[from] psn\n|upkeep\n|turn|110\n|\n|t:|1700756347\n|move|p1a: Salazzle|Protect|p1a: Salazzle\n|-singleturn|p1a: Salazzle|Protect\n|move|p2a: theRealDragonDart|Earthquake|p1a: Salazzle\n|-activate|p1a: Salazzle|move: Protect\n|\n|-heal|p1a: Salazzle|82\/100|[from] item: Leftovers\n|-damage|p2a: theRealDragonDart|46\/100 tox|[from] psn\n|upkeep\n|turn|111\n|\n|t:|1700756357\n|switch|p2a: geoff 2|Salamence, M|60\/100 tox\n|-ability|p2a: geoff 2|Intimidate|boost\n|-immune|p1a: Salazzle\n|move|p1a: Salazzle|Toxic|p2a: geoff 2\n|-fail|p2a: geoff 2|tox\n|\n|-heal|p1a: Salazzle|88\/100|[from] item: Leftovers\n|-damage|p2a: geoff 2|54\/100 tox|[from] psn\n|upkeep\n|turn|112\n|c|\u2606dragontypesaregood|can ypu please\n|inactive|dragontypesaregood has 90 seconds left.\n|\n|t:|1700756367\n|move|p1a: Salazzle|Sand Attack|p2a: geoff 2\n|-unboost|p2a: geoff 2|accuracy|1\n|move|p2a: geoff 2|Roar|p1a: Salazzle\n|drag|p1a: Salazzle|Salazzle, F, tera:Fairy|88\/100\n|\n|-heal|p1a: Salazzle|94\/100|[from] item: Leftovers\n|-damage|p2a: geoff 2|42\/100 tox|[from] psn\n|upkeep\n|turn|113\n|inactive|dragontypesaregood has 90 seconds left.\n|\n|t:|1700756376\n|move|p1a: Salazzle|Protect|p1a: Salazzle\n|-singleturn|p1a: Salazzle|Protect\n|move|p2a: geoff 2|Roar|p1a: Salazzle\n|drag|p1a: Salazzle|Salazzle, F|100\/100\n|\n|-damage|p2a: geoff 2|24\/100 tox|[from] psn\n|upkeep\n|turn|114\n|inactive|dragontypesaregood has 90 seconds left.\n|\n|t:|1700756384\n|switch|p2a: 6 man army|Salamence, M|82\/100 tox\n|-ability|p2a: 6 man army|Intimidate|boost\n|-unboost|p1a: Salazzle|atk|1\n|move|p1a: Salazzle|Protect||[still]\n|-fail|p1a: Salazzle\n|\n|-damage|p2a: 6 man army|76\/100 tox|[from] psn\n|upkeep\n|turn|115\n|inactive|dragontypesaregood has 90 seconds left.\n|\n|t:|1700756392\n|move|p1a: Salazzle|Substitute|p1a: Salazzle\n|-start|p1a: Salazzle|Substitute\n|-damage|p1a: Salazzle|76\/100\n|move|p2a: 6 man army|Tailwind|p2a: 6 man army\n|-sidestart|p2: dragontypesaregood|move: Tailwind\n|\n|-heal|p1a: Salazzle|82\/100|[from] item: Leftovers\n|-damage|p2a: 6 man army|64\/100 tox|[from] psn\n|upkeep\n|turn|116\n|inactive|dragontypesaregood has 90 seconds left.\n|\n|t:|1700756402\n|switch|p2a: balls|Salamence, M|78\/100 tox\n|-ability|p2a: balls|Intimidate|boost\n|-immune|p1a: Salazzle\n|move|p1a: Salazzle|Protect||[still]\n|-fail|p1a: Salazzle\n|\n|-heal|p1a: Salazzle|88\/100|[from] item: Leftovers\n|-damage|p2a: balls|72\/100 tox|[from] psn\n|upkeep\n|turn|117\n|inactive|dragontypesaregood has 90 seconds left.\n|\n|t:|1700756415\n|move|p1a: Salazzle|Protect|p1a: Salazzle\n|-singleturn|p1a: Salazzle|Protect\n|move|p2a: balls|Earthquake|p1a: Salazzle\n|-activate|p1a: Salazzle|move: Protect\n|\n|-heal|p1a: Salazzle|94\/100|[from] item: Leftovers\n|-damage|p2a: balls|60\/100 tox|[from] psn\n|upkeep\n|turn|118\n|\n|t:|1700756425\n|move|p2a: balls|Earthquake|p1a: Salazzle\n|-supereffective|p1a: Salazzle\n|-end|p1a: Salazzle|Substitute\n|move|p1a: Salazzle|Sand Attack|p2a: balls\n|-unboost|p2a: balls|accuracy|1\n|\n|-heal|p1a: Salazzle|100\/100|[from] item: Leftovers\n|-damage|p2a: balls|42\/100 tox|[from] psn\n|-sideend|p2: dragontypesaregood|move: Tailwind\n|upkeep\n|turn|119\n|\n|t:|1700756435\n|move|p1a: Salazzle|Substitute|p1a: Salazzle\n|-start|p1a: Salazzle|Substitute\n|-damage|p1a: Salazzle|76\/100\n|move|p2a: balls|Earthquake|p1a: Salazzle\n|-supereffective|p1a: Salazzle\n|-end|p1a: Salazzle|Substitute\n|\n|-heal|p1a: Salazzle|82\/100|[from] item: Leftovers\n|-damage|p2a: balls|18\/100 tox|[from] psn\n|upkeep\n|turn|120\n|\n|t:|1700756445\n|switch|p2a: 6 man army|Salamence, M|64\/100 tox\n|-ability|p2a: 6 man army|Intimidate|boost\n|-unboost|p1a: Salazzle|atk|1\n|move|p1a: Salazzle|Substitute|p1a: Salazzle\n|-start|p1a: Salazzle|Substitute\n|-damage|p1a: Salazzle|57\/100\n|\n|-heal|p1a: Salazzle|63\/100|[from] item: Leftovers\n|-damage|p2a: 6 man army|58\/100 tox|[from] psn\n|upkeep\n|turn|121\n|\n|t:|1700756467\n|move|p1a: Salazzle|Sand Attack|p2a: 6 man army\n|-unboost|p2a: 6 man army|accuracy|1\n|move|p2a: 6 man army|Tailwind|p2a: 6 man army\n|-sidestart|p2: dragontypesaregood|move: Tailwind\n|\n|-heal|p1a: Salazzle|70\/100|[from] item: Leftovers\n|-damage|p2a: 6 man army|46\/100 tox|[from] psn\n|upkeep\n|turn|122\n|inactive|dragontypesaregood has 60 seconds left.\n|\n|t:|1700756478\n|switch|p2a: lasst chance|Salamence, M|22\/100 tox\n|-ability|p2a: lasst chance|Intimidate|boost\n|-immune|p1a: Salazzle\n|move|p1a: Salazzle|Protect||[still]\n|-fail|p1a: Salazzle\n|\n|-heal|p1a: Salazzle|76\/100|[from] item: Leftovers\n|-damage|p2a: lasst chance|16\/100 tox|[from] psn\n|upkeep\n|turn|123\n|inactive|dragontypesaregood has 60 seconds left.\n|\n|t:|1700756492\n|move|p1a: Salazzle|Protect|p1a: Salazzle\n|-singleturn|p1a: Salazzle|Protect\n|move|p2a: lasst chance|Earthquake|p1a: Salazzle\n|-activate|p1a: Salazzle|move: Protect\n|\n|-heal|p1a: Salazzle|82\/100|[from] item: Leftovers\n|-damage|p2a: lasst chance|4\/100 tox|[from] psn\n|upkeep\n|turn|124\n|c|\u2606dragontypesaregood|HOW DO YOU HAVE -3 PP ON PROTECT\n|\n|t:|1700756514\n|switch|p2a: geoff 2|Salamence, M|24\/100 tox\n|-ability|p2a: geoff 2|Intimidate|boost\n|-immune|p1a: Salazzle\n|move|p1a: Salazzle|Substitute|p1a: Salazzle\n|-fail|p1a: Salazzle|move: Substitute\n|\n|-heal|p1a: Salazzle|88\/100|[from] item: Leftovers\n|-damage|p2a: geoff 2|18\/100 tox|[from] psn\n|-sideend|p2: dragontypesaregood|move: Tailwind\n|upkeep\n|turn|125\n|c|\u2606awrgwGR|my lizards are just that goated\n|\n|t:|1700756528\n|switch|p2a: lasst chance|Salamence, M|4\/100 tox\n|-ability|p2a: lasst chance|Intimidate|boost\n|-immune|p1a: Salazzle\n|move|p1a: Salazzle|Protect||[still]\n|-fail|p1a: Salazzle\n|\n|-heal|p1a: Salazzle|94\/100|[from] item: Leftovers\n|-damage|p2a: lasst chance|0 fnt|[from] psn\n|faint|p2a: lasst chance\n|upkeep\n|inactive|dragontypesaregood has 30 seconds left.\n|c|\u2606dragontypesaregood|alr\n|\n|t:|1700756544\n|switch|p2a: 6 man army|Salamence, M|46\/100 tox\n|-ability|p2a: 6 man army|Intimidate|boost\n|-immune|p1a: Salazzle\n|turn|126\n|inactive|dragontypesaregood has 30 seconds left this turn.\n|\n|t:|1700756551\n|move|p1a: Salazzle|Sand Attack|p2a: 6 man army\n|-unboost|p2a: 6 man army|accuracy|1\n|move|p2a: 6 man army|Tailwind|p2a: 6 man army\n|-sidestart|p2: dragontypesaregood|move: Tailwind\n|\n|-heal|p1a: Salazzle|100\/100|[from] item: Leftovers\n|-damage|p2a: 6 man army|40\/100 tox|[from] psn\n|upkeep\n|turn|127\n|inactive|dragontypesaregood has 30 seconds left this turn.\n|\n|t:|1700756560\n|switch|p2a: theRealDragonDart|Salamence, M, tera:Dragon|46\/100 tox\n|-ability|p2a: theRealDragonDart|Intimidate|boost\n|-immune|p1a: Salazzle\n|move|p1a: Salazzle|Protect||[still]\n|-fail|p1a: Salazzle\n|\n|-damage|p2a: theRealDragonDart|40\/100 tox|[from] psn\n|upkeep\n|turn|128\n|inactive|dragontypesaregood has 30 seconds left this turn.\n|\n|t:|1700756568\n|move|p1a: Salazzle|Protect|p1a: Salazzle\n|-singleturn|p1a: Salazzle|Protect\n|move|p2a: theRealDragonDart|Earthquake|p1a: Salazzle\n|-activate|p1a: Salazzle|move: Protect\n|\n|-damage|p2a: theRealDragonDart|28\/100 tox|[from] psn\n|upkeep\n|turn|129\n|inactive|dragontypesaregood has 30 seconds left this turn.\n|\n|t:|1700756576\n|move|p2a: theRealDragonDart|Earthquake|p1a: Salazzle\n|-supereffective|p1a: Salazzle\n|-end|p1a: Salazzle|Substitute\n|move|p1a: Salazzle|Substitute|p1a: Salazzle\n|-start|p1a: Salazzle|Substitute\n|-damage|p1a: Salazzle|76\/100\n|\n|-heal|p1a: Salazzle|82\/100|[from] item: Leftovers\n|-damage|p2a: theRealDragonDart|10\/100 tox|[from] psn\n|-sideend|p2: dragontypesaregood|move: Tailwind\n|upkeep\n|turn|130\n|inactive|dragontypesaregood has 30 seconds left this turn.\n|inactive|dragontypesaregood has 20 seconds left.\n|inactive|dragontypesaregood has 15 seconds left.\n|c|\u2606dragontypesaregood|are you using some item?\n|\n|t:|1700756596\n|move|p1a: Salazzle|Sand Attack|p2a: theRealDragonDart\n|-unboost|p2a: theRealDragonDart|accuracy|1\n|move|p2a: theRealDragonDart|Earthquake|p1a: Salazzle\n|-supereffective|p1a: Salazzle\n|-end|p1a: Salazzle|Substitute\n|\n|-heal|p1a: Salazzle|88\/100|[from] item: Leftovers\n|-damage|p2a: theRealDragonDart|0 fnt|[from] psn\n|faint|p2a: theRealDragonDart\n|upkeep\n|inactive|dragontypesaregood has 20 seconds left this turn.\n|c|\u2606awrgwGR|nah\n|inactive|dragontypesaregood has 15 seconds left.\n|c|\u2606awrgwGR|its a visual bug\n|inactive|dragontypesaregood has 10 seconds left.\n|c|\u2606dragontypesaregood|bruh\n|inactive|dragontypesaregood has 5 seconds left.\n|\n|t:|1700756612\n|switch|p2a: 6 man army|Salamence, M|40\/100 tox\n|-ability|p2a: 6 man army|Intimidate|boost\n|-unboost|p1a: Salazzle|atk|1\n|turn|131\n|inactive|dragontypesaregood has 10 seconds left this turn.\n|inactive|dragontypesaregood has 5 seconds left.\n|\n|t:|1700756619\n|move|p1a: Salazzle|Substitute|p1a: Salazzle\n|-start|p1a: Salazzle|Substitute\n|-damage|p1a: Salazzle|63\/100\n|move|p2a: 6 man army|Roost|p2a: 6 man army\n|-heal|p2a: 6 man army|90\/100 tox\n|-singleturn|p2a: 6 man army|move: Roost\n|\n|-heal|p1a: Salazzle|70\/100|[from] item: Leftovers\n|-damage|p2a: 6 man army|84\/100 tox|[from] psn\n|upkeep\n|turn|132\n|inactive|dragontypesaregood has 10 seconds left this turn.\n|inactive|dragontypesaregood has 5 seconds left.\n|\n|t:|1700756628\n|move|p1a: Salazzle|Sand Attack|p2a: 6 man army\n|-unboost|p2a: 6 man army|accuracy|1\n|move|p2a: 6 man army|Roost|p2a: 6 man army\n|-heal|p2a: 6 man army|100\/100 tox\n|-singleturn|p2a: 6 man army|move: Roost\n|\n|-heal|p1a: Salazzle|76\/100|[from] item: Leftovers\n|-damage|p2a: 6 man army|88\/100 tox|[from] psn\n|upkeep\n|turn|133\n|inactive|dragontypesaregood has 10 seconds left this turn.\n|inactive|dragontypesaregood has 5 seconds left.\n|-message|dragontypesaregood lost due to inactivity.\n|\n|win|awrgwGR\n|raw|awrgwGR's rating: 1127 &rarr; <strong>1149<\/strong><br \/>(+22 for winning)\n|raw|dragontypesaregood's rating: 1079 &rarr; <strong>1060<\/strong><br \/>(-19 for losing)\n|c|\u2606awrgwGR|gg\n|c|\u2606dragontypesaregood|what\n|c|\u2606dragontypesaregood|gg\n","uploadtime":1700756649,"views":1,"p1id":"awrgwgr","p2id":"dragontypesaregood","formatid":"gen9anythinggoes","rating":1060,"private":0,"password":""}