{"id":"gen9anythinggoes-1992102334","p1":"Chonker Donk","p2":"hoenn militian","format":"[Gen 9] Anything Goes","log":"|j|\u2606Chonker Donk\n|j|\u2606hoenn militian\n|t:|1700155277\n|gametype|singles\n|player|p1|Chonker Donk|policeman|1642\n|player|p2|hoenn militian|2|1760\n|teamsize|p1|6\n|teamsize|p2|6\n|gen|9\n|tier|[Gen 9] Anything Goes\n|rated|\n|rule|HP Percentage Mod: HP is shown in percentages\n|rule|Endless Battle Clause: Forcing endless battles is banned\n|clearpoke\n|poke|p1|Calyrex-Shadow|\n|poke|p1|Arceus|\n|poke|p1|Polteageist|\n|poke|p1|Okidogi, M|\n|poke|p1|Koraidon|\n|poke|p1|Bruxish, F|\n|poke|p2|Miraidon|\n|poke|p2|Grimmsnarl, M|\n|poke|p2|Skeledirge, M|\n|poke|p2|Blissey, F|\n|poke|p2|Moltres|\n|poke|p2|Calyrex-Ice|\n|teampreview\n|\n|t:|1700155293\n|start\n|switch|p1a: sorry|Arceus|100\/100\n|switch|p2a: Grimmsnarl|Grimmsnarl, M|100\/100\n|turn|1\n|\n|t:|1700155299\n|move|p2a: Grimmsnarl|Parting Shot|p1a: sorry\n|-unboost|p1a: sorry|atk|1\n|-unboost|p1a: sorry|spa|1\n|\n|t:|1700155304\n|switch|p2a: Moltres|Moltres|100\/100|[from] Parting Shot\n|move|p1a: sorry|Taunt|p2a: Moltres\n|-start|p2a: Moltres|move: Taunt\n|\n|upkeep\n|turn|2\n|\n|t:|1700155311\n|move|p1a: sorry|Thunder Wave|p2a: Moltres\n|-status|p2a: Moltres|par\n|move|p2a: Moltres|Burning Jealousy|p1a: sorry\n|-damage|p1a: sorry|82\/100\n|\n|upkeep\n|turn|3\n|\n|t:|1700155317\n|move|p1a: sorry|Stealth Rock|p2a: Moltres\n|-sidestart|p2: hoenn militian|move: Stealth Rock\n|move|p2a: Moltres|U-turn|p1a: sorry\n|-damage|p1a: sorry|75\/100\n|\n|t:|1700155327\n|switch|p2a: Grimmsnarl|Grimmsnarl, M|100\/100|[from] U-turn\n|\n|upkeep\n|turn|4\n|\n|t:|1700155332\n|move|p2a: Grimmsnarl|Parting Shot|p1a: sorry\n|-unboost|p1a: sorry|atk|1\n|-unboost|p1a: sorry|spa|1\n|\n|t:|1700155337\n|switch|p2a: Moltres|Moltres|100\/100 par|[from] Parting Shot\n|move|p1a: sorry|Taunt|p2a: Moltres\n|-start|p2a: Moltres|move: Taunt\n|\n|upkeep\n|turn|5\n|\n|t:|1700155344\n|move|p1a: sorry|Healing Wish|p1a: sorry\n|faint|p1a: sorry\n|move|p2a: Moltres|U-turn|p1: sorry|[notarget]\n|-fail|p2a: Moltres\n|\n|upkeep\n|\n|t:|1700155349\n|switch|p1a: TEA TIME|Polteageist|100\/100\n|turn|6\n|\n|t:|1700155358\n|switch|p2a: Grimmsnarl|Grimmsnarl, M|100\/100\n|move|p1a: TEA TIME|Substitute|p1a: TEA TIME\n|-start|p1a: TEA TIME|Substitute\n|-damage|p1a: TEA TIME|76\/100\n|\n|upkeep\n|turn|7\n|\n|t:|1700155365\n|-terastallize|p1a: TEA TIME|Dark\n|move|p1a: TEA TIME|Shell Smash|p1a: TEA TIME\n|-unboost|p1a: TEA TIME|def|1\n|-unboost|p1a: TEA TIME|spd|1\n|-boost|p1a: TEA TIME|atk|2\n|-boost|p1a: TEA TIME|spa|2\n|-boost|p1a: TEA TIME|spe|2\n|-enditem|p1a: TEA TIME|White Herb\n|-clearnegativeboost|p1a: TEA TIME|[silent]\n|move|p2a: Grimmsnarl|Spirit Break|p1a: TEA TIME\n|-supereffective|p1a: TEA TIME\n|-end|p1a: TEA TIME|Substitute\n|\n|upkeep\n|turn|8\n|\n|t:|1700155377\n|move|p1a: TEA TIME|Strength Sap|p2a: Grimmsnarl\n|-unboost|p2a: Grimmsnarl|atk|1\n|-heal|p1a: TEA TIME|100\/100\n|move|p2a: Grimmsnarl|Spirit Break|p1a: TEA TIME\n|-supereffective|p1a: TEA TIME\n|-damage|p1a: TEA TIME|53\/100\n|-unboost|p1a: TEA TIME|spa|1\n|\n|upkeep\n|turn|9\n|\n|t:|1700155386\n|move|p1a: TEA TIME|Substitute|p1a: TEA TIME\n|-start|p1a: TEA TIME|Substitute\n|-damage|p1a: TEA TIME|29\/100\n|move|p2a: Grimmsnarl|Spirit Break|p1a: TEA TIME\n|-supereffective|p1a: TEA TIME\n|-end|p1a: TEA TIME|Substitute\n|\n|upkeep\n|turn|10\n|\n|t:|1700155395\n|move|p1a: TEA TIME|Strength Sap|p2a: Grimmsnarl\n|-unboost|p2a: Grimmsnarl|atk|1\n|-heal|p1a: TEA TIME|86\/100\n|move|p2a: Grimmsnarl|Spirit Break|p1a: TEA TIME\n|-supereffective|p1a: TEA TIME\n|-damage|p1a: TEA TIME|45\/100\n|-unboost|p1a: TEA TIME|spa|1\n|-start|p2a: Grimmsnarl|Disable|Spirit Break|[from] ability: Cursed Body|[of] p1a: TEA TIME\n|\n|upkeep\n|turn|11\n|\n|t:|1700155422\n|switch|p2a: Miraidon|Miraidon|100\/100\n|-fieldstart|move: Electric Terrain|[from] ability: Hadron Engine|[of] p2a: Miraidon\n|move|p1a: TEA TIME|Substitute|p1a: TEA TIME\n|-start|p1a: TEA TIME|Substitute\n|-damage|p1a: TEA TIME|20\/100\n|\n|upkeep\n|turn|12\n|\n|t:|1700155438\n|move|p1a: TEA TIME|Baton Pass|p1a: TEA TIME\n|\n|t:|1700155465\n|switch|p1a: Filet 'o Fish|Bruxish, F|100\/100|[from] Baton Pass\n|move|p2a: Miraidon|U-turn|p1a: Filet 'o Fish\n|-supereffective|p1a: Filet 'o Fish\n|-end|p1a: Filet 'o Fish|Substitute\n|\n|t:|1700155475\n|switch|p2a: Skeledirge|Skeledirge, M|100\/100|[from] U-turn\n|\n|upkeep\n|turn|13\n|\n|t:|1700155483\n|move|p1a: Filet 'o Fish|Liquidation|p2a: Skeledirge\n|-supereffective|p2a: Skeledirge\n|-damage|p2a: Skeledirge|50\/100\n|move|p2a: Skeledirge|Will-O-Wisp|p1a: Filet 'o Fish\n|-status|p1a: Filet 'o Fish|brn\n|\n|-damage|p1a: Filet 'o Fish|94\/100 brn|[from] brn\n|upkeep\n|turn|14\n|\n|t:|1700155491\n|move|p1a: Filet 'o Fish|Liquidation|p2a: Skeledirge\n|-supereffective|p2a: Skeledirge\n|-damage|p2a: Skeledirge|27\/100\n|move|p2a: Skeledirge|Slack Off|p2a: Skeledirge\n|-heal|p2a: Skeledirge|77\/100\n|\n|-damage|p1a: Filet 'o Fish|88\/100 brn|[from] brn\n|upkeep\n|turn|15\n|\n|t:|1700155500\n|move|p1a: Filet 'o Fish|Liquidation|p2a: Skeledirge\n|-supereffective|p2a: Skeledirge\n|-damage|p2a: Skeledirge|54\/100\n|move|p2a: Skeledirge|Slack Off|p2a: Skeledirge\n|-heal|p2a: Skeledirge|100\/100\n|\n|-damage|p1a: Filet 'o Fish|82\/100 brn|[from] brn\n|-fieldend|move: Electric Terrain\n|upkeep\n|turn|16\n|\n|t:|1700155508\n|move|p1a: Filet 'o Fish|Liquidation|p2a: Skeledirge\n|-supereffective|p2a: Skeledirge\n|-damage|p2a: Skeledirge|75\/100\n|move|p2a: Skeledirge|Torch Song|p1a: Filet 'o Fish\n|-resisted|p1a: Filet 'o Fish\n|-damage|p1a: Filet 'o Fish|62\/100 brn\n|-boost|p2a: Skeledirge|spa|1\n|\n|-damage|p1a: Filet 'o Fish|56\/100 brn|[from] brn\n|upkeep\n|turn|17\n|\n|t:|1700155518\n|move|p1a: Filet 'o Fish|Liquidation|p2a: Skeledirge\n|-supereffective|p2a: Skeledirge\n|-damage|p2a: Skeledirge|51\/100\n|move|p2a: Skeledirge|Slack Off|p2a: Skeledirge\n|-heal|p2a: Skeledirge|100\/100\n|\n|-damage|p1a: Filet 'o Fish|50\/100 brn|[from] brn\n|upkeep\n|turn|18\n|\n|t:|1700155527\n|move|p1a: Filet 'o Fish|Liquidation|p2a: Skeledirge\n|-supereffective|p2a: Skeledirge\n|-damage|p2a: Skeledirge|77\/100\n|move|p2a: Skeledirge|Hex|p1a: Filet 'o Fish\n|-supereffective|p1a: Filet 'o Fish\n|-damage|p1a: Filet 'o Fish|0 fnt\n|faint|p1a: Filet 'o Fish\n|\n|upkeep\n|\n|t:|1700155530\n|switch|p1a: pony ride|Calyrex-Shadow|100\/100\n|-ability|p1a: pony ride|As One\n|-ability|p1a: pony ride|Unnerve\n|turn|19\n|\n|t:|1700155539\n|switch|p2a: Grimmsnarl|Grimmsnarl, M|100\/100\n|move|p1a: pony ride|Baton Pass|p1a: pony ride\n|\n|t:|1700155543\n|switch|p1a: TEA TIME|Polteageist, tera:Dark|20\/100|[from] Baton Pass\n|-heal|p1a: TEA TIME|100\/100|[from] move: Healing Wish\n|\n|upkeep\n|turn|20\n|\n|t:|1700155550\n|move|p1a: TEA TIME|Strength Sap|p2a: Grimmsnarl\n|-unboost|p2a: Grimmsnarl|atk|1\n|move|p2a: Grimmsnarl|Spirit Break|p1a: TEA TIME\n|-supereffective|p1a: TEA TIME\n|-damage|p1a: TEA TIME|54\/100\n|-unboost|p1a: TEA TIME|spa|1\n|-start|p2a: Grimmsnarl|Disable|Spirit Break|[from] ability: Cursed Body|[of] p1a: TEA TIME\n|\n|upkeep\n|turn|21\n|\n|t:|1700155565\n|switch|p2a: Miraidon|Miraidon|100\/100\n|-fieldstart|move: Electric Terrain|[from] ability: Hadron Engine|[of] p2a: Miraidon\n|move|p1a: TEA TIME|Shell Smash|p1a: TEA TIME\n|-unboost|p1a: TEA TIME|def|1\n|-unboost|p1a: TEA TIME|spd|1\n|-boost|p1a: TEA TIME|atk|2\n|-boost|p1a: TEA TIME|spa|2\n|-boost|p1a: TEA TIME|spe|2\n|\n|upkeep\n|turn|22\n|\n|t:|1700155580\n|move|p1a: TEA TIME|Substitute|p1a: TEA TIME\n|-start|p1a: TEA TIME|Substitute\n|-damage|p1a: TEA TIME|29\/100\n|move|p2a: Miraidon|Electro Drift|p1a: TEA TIME\n|-end|p1a: TEA TIME|Substitute\n|\n|upkeep\n|turn|23\n|\n|t:|1700155592\n|move|p1a: TEA TIME|Baton Pass|p1a: TEA TIME\n|\n|t:|1700155594\n|switch|p1a: pony ride|Calyrex-Shadow|100\/100|[from] Baton Pass\n|-ability|p1a: pony ride|As One\n|-ability|p1a: pony ride|Unnerve\n|move|p2a: Miraidon|Electro Drift|p1a: pony ride\n|-enditem|p1a: pony ride|Focus Sash\n|-damage|p1a: pony ride|1\/100\n|\n|upkeep\n|turn|24\n|\n|t:|1700155606\n|switch|p2a: Grimmsnarl|Grimmsnarl, M|100\/100\n|move|p1a: pony ride|Stored Power|p2a: Grimmsnarl\n|-immune|p2a: Grimmsnarl\n|\n|upkeep\n|turn|25\n|\n|t:|1700155614\n|move|p1a: pony ride|Baton Pass|p1a: pony ride\n|\n|t:|1700155619\n|switch|p1a: OKIE DOKIE|Okidogi, M|100\/100|[from] Baton Pass\n|move|p2a: Grimmsnarl|Spirit Break|p1a: OKIE DOKIE\n|-damage|p1a: OKIE DOKIE|59\/100\n|-unboost|p1a: OKIE DOKIE|spa|1\n|\n|-fieldend|move: Electric Terrain\n|upkeep\n|turn|26\n|\n|t:|1700155630\n|move|p2a: Grimmsnarl|Parting Shot|p1a: OKIE DOKIE\n|-unboost|p1a: OKIE DOKIE|atk|1\n|-unboost|p1a: OKIE DOKIE|spa|1\n|\n|t:|1700155635\n|switch|p2a: Moltres|Moltres|100\/100 par|[from] Parting Shot\n|move|p1a: OKIE DOKIE|Gunk Shot|p2a: Moltres\n|-damage|p2a: Moltres|31\/100 par\n|\n|upkeep\n|turn|27\n|\n|t:|1700155647\n|move|p1a: OKIE DOKIE|Knock Off|p2a: Moltres\n|-damage|p2a: Moltres|0 fnt\n|-enditem|p2a: Moltres|Heavy-Duty Boots|[from] move: Knock Off|[of] p1a: OKIE DOKIE\n|faint|p2a: Moltres\n|\n|upkeep\n|\n|t:|1700155658\n|switch|p2a: Calyrex|Calyrex-Ice|100\/100\n|-ability|p2a: Calyrex|As One\n|-ability|p2a: Calyrex|Unnerve\n|turn|28\n|\n|t:|1700155667\n|-terastallize|p2a: Calyrex|Electric\n|move|p1a: OKIE DOKIE|Taunt|p2a: Calyrex\n|-start|p2a: Calyrex|move: Taunt\n|move|p2a: Calyrex|Glacial Lance|p1a: OKIE DOKIE\n|-damage|p1a: OKIE DOKIE|0 fnt\n|faint|p1a: OKIE DOKIE\n|-ability|p2a: Calyrex|Chilling Neigh|boost\n|-boost|p2a: Calyrex|atk|1\n|\n|upkeep\n|\n|t:|1700155674\n|switch|p1a: TEA TIME|Polteageist, tera:Dark|29\/100\n|turn|29\n|\n|t:|1700155681\n|move|p1a: TEA TIME|Strength Sap|p2a: Calyrex\n|-unboost|p2a: Calyrex|atk|1\n|-heal|p1a: TEA TIME|100\/100\n|move|p2a: Calyrex|Glacial Lance|p1a: TEA TIME\n|-damage|p1a: TEA TIME|0 fnt\n|faint|p1a: TEA TIME\n|-ability|p2a: Calyrex|Chilling Neigh|boost\n|-boost|p2a: Calyrex|atk|1\n|\n|upkeep\n|\n|t:|1700155690\n|switch|p1a: pony ride|Calyrex-Shadow|1\/100\n|-ability|p1a: pony ride|As One\n|-ability|p1a: pony ride|Unnerve\n|turn|30\n|\n|t:|1700155695\n|move|p1a: pony ride|Astral Barrage|p2a: Calyrex\n|-damage|p2a: Calyrex|46\/100\n|move|p2a: Calyrex|Tera Blast|p1a: pony ride|[anim] Tera Blast Electric\n|-crit|p1a: pony ride\n|-damage|p1a: pony ride|0 fnt\n|faint|p1a: pony ride\n|-ability|p2a: Calyrex|Chilling Neigh|boost\n|-boost|p2a: Calyrex|atk|1\n|\n|-end|p2a: Calyrex|move: Taunt\n|upkeep\n|\n|t:|1700155705\n|switch|p1a: dragon zoomies|Koraidon|100\/100\n|-weather|SunnyDay|[from] ability: Orichalcum Pulse|[of] p1a: dragon zoomies\n|-activate|p1a: dragon zoomies|Orichalcum Pulse|[source]\n|turn|31\n|\n|t:|1700155713\n|move|p1a: dragon zoomies|Close Combat|p2a: Calyrex\n|-damage|p2a: Calyrex|0 fnt\n|-unboost|p1a: dragon zoomies|def|1\n|-unboost|p1a: dragon zoomies|spd|1\n|faint|p2a: Calyrex\n|\n|-weather|SunnyDay|[upkeep]\n|upkeep\n|\n|t:|1700155721\n|switch|p2a: Skeledirge|Skeledirge, M|77\/100\n|turn|32\n|\n|t:|1700155731\n|move|p1a: dragon zoomies|Taunt|p2a: Skeledirge\n|-start|p2a: Skeledirge|move: Taunt\n|cant|p2a: Skeledirge|move: Taunt|Will-O-Wisp\n|\n|-weather|SunnyDay|[upkeep]\n|upkeep\n|turn|33\n|\n|t:|1700155737\n|move|p1a: dragon zoomies|Scale Shot|p2a: Skeledirge\n|-damage|p2a: Skeledirge|65\/100\n|-damage|p2a: Skeledirge|53\/100\n|-damage|p2a: Skeledirge|41\/100\n|-damage|p2a: Skeledirge|29\/100\n|-hitcount|p2a: Skeledirge|4\n|-unboost|p1a: dragon zoomies|def|1\n|-boost|p1a: dragon zoomies|spe|1\n|move|p2a: Skeledirge|Torch Song|p1a: dragon zoomies\n|-resisted|p1a: dragon zoomies\n|-crit|p1a: dragon zoomies\n|-damage|p1a: dragon zoomies|73\/100\n|-boost|p2a: Skeledirge|spa|1\n|\n|-weather|SunnyDay|[upkeep]\n|upkeep\n|turn|34\n|\n|t:|1700155751\n|move|p1a: dragon zoomies|Scale Shot|p2a: Skeledirge\n|-damage|p2a: Skeledirge|18\/100\n|-damage|p2a: Skeledirge|6\/100\n|-damage|p2a: Skeledirge|0 fnt\n|faint|p2a: Skeledirge\n|-hitcount|p2: Skeledirge|3\n|-unboost|p1a: dragon zoomies|def|1\n|-boost|p1a: dragon zoomies|spe|1\n|\n|-weather|SunnyDay|[upkeep]\n|upkeep\n|\n|t:|1700155767\n|switch|p2a: Miraidon|Miraidon|100\/100\n|-fieldstart|move: Electric Terrain|[from] ability: Hadron Engine|[of] p2a: Miraidon\n|turn|35\n|\n|t:|1700155773\n|move|p1a: dragon zoomies|Scale Shot|p2a: Miraidon|[miss]\n|-miss|p1a: dragon zoomies|p2a: Miraidon\n|move|p2a: Miraidon|Dragon Pulse|p1a: dragon zoomies\n|-supereffective|p1a: dragon zoomies\n|-damage|p1a: dragon zoomies|0 fnt\n|faint|p1a: dragon zoomies\n|\n|win|hoenn militian\n|raw|Chonker Donk's rating: 1642 &rarr; <strong>1629<\/strong><br \/>(-13 for losing)\n|raw|hoenn militian's rating: 1760 &rarr; <strong>1773<\/strong><br \/>(+13 for winning)\n|l|\u2606Chonker Donk\n","uploadtime":1700155822,"views":5,"p1id":"chonkerdonk","p2id":"hoennmilitian","formatid":"gen9anythinggoes","rating":1629,"private":0,"password":""}