{"id":"gen9anythinggoes-1992705739","p1":"deezjiz","p2":"Internet rule 72","format":"[Gen 9] Anything Goes","log":"|j|\u2606deezjiz\n|j|\u2606Internet rule 72\n|t:|1700227389\n|gametype|singles\n|player|p1|deezjiz|ethan|1076\n|player|p2|Internet rule 72|worker-lgpe|1147\n|teamsize|p1|6\n|teamsize|p2|5\n|gen|9\n|tier|[Gen 9] Anything Goes\n|rated|\n|rule|HP Percentage Mod: HP is shown in percentages\n|rule|Endless Battle Clause: Forcing endless battles is banned\n|clearpoke\n|poke|p1|Iron Valiant|\n|poke|p1|Palafin, F|\n|poke|p1|Glimmora, F|\n|poke|p1|Gholdengo|\n|poke|p1|Espathra, F|\n|poke|p1|Chi-Yu|\n|poke|p2|Ludicolo, M|\n|poke|p2|Ludicolo, M|\n|poke|p2|Ludicolo, M|\n|poke|p2|Ludicolo, M|\n|poke|p2|Sudowoodo, M|\n|teampreview\n|\n|t:|1700227417\n|start\n|switch|p1a: Espathra|Espathra, F|100\/100\n|switch|p2a: Let the music spin|Ludicolo, M|100\/100\n|turn|1\n|\n|t:|1700227427\n|move|p1a: Espathra|Substitute|p1a: Espathra\n|-start|p1a: Espathra|Substitute\n|-damage|p1a: Espathra|75\/100\n|move|p2a: Let the music spin|Rain Dance|p2a: Let the music spin\n|-weather|RainDance\n|\n|-weather|RainDance|[upkeep]\n|-heal|p1a: Espathra|82\/100|[from] item: Leftovers\n|-ability|p1a: Espathra|Speed Boost|boost\n|-boost|p1a: Espathra|spe|1\n|upkeep\n|turn|2\n|\n|t:|1700227436\n|move|p1a: Espathra|Calm Mind|p1a: Espathra\n|-boost|p1a: Espathra|spa|1\n|-boost|p1a: Espathra|spd|1\n|move|p2a: Let the music spin|Weather Ball|p1a: Espathra\n|-end|p1a: Espathra|Substitute\n|\n|-weather|RainDance|[upkeep]\n|-heal|p1a: Espathra|88\/100|[from] item: Leftovers\n|-ability|p1a: Espathra|Speed Boost|boost\n|-boost|p1a: Espathra|spe|1\n|upkeep\n|turn|3\n|\n|t:|1700227444\n|move|p1a: Espathra|Protect|p1a: Espathra\n|-singleturn|p1a: Espathra|Protect\n|move|p2a: Let the music spin|Weather Ball|p1a: Espathra\n|-activate|p1a: Espathra|move: Protect\n|\n|-weather|RainDance|[upkeep]\n|-heal|p1a: Espathra|94\/100|[from] item: Leftovers\n|-ability|p1a: Espathra|Speed Boost|boost\n|-boost|p1a: Espathra|spe|1\n|upkeep\n|turn|4\n|\n|t:|1700227456\n|move|p1a: Espathra|Substitute|p1a: Espathra\n|-start|p1a: Espathra|Substitute\n|-damage|p1a: Espathra|69\/100\n|move|p2a: Let the music spin|Weather Ball|p1a: Espathra\n|-end|p1a: Espathra|Substitute\n|\n|-weather|RainDance|[upkeep]\n|-heal|p1a: Espathra|75\/100|[from] item: Leftovers\n|-ability|p1a: Espathra|Speed Boost|boost\n|-boost|p1a: Espathra|spe|1\n|upkeep\n|turn|5\n|\n|t:|1700227469\n|switch|p2a: Sudowoodo|Sudowoodo, M|100\/100\n|move|p1a: Espathra|Protect||[still]\n|-fail|p1a: Espathra\n|\n|-weather|RainDance|[upkeep]\n|-heal|p1a: Espathra|81\/100|[from] item: Leftovers\n|-ability|p1a: Espathra|Speed Boost|boost\n|-boost|p1a: Espathra|spe|1\n|upkeep\n|turn|6\n|\n|t:|1700227474\n|move|p1a: Espathra|Substitute|p1a: Espathra\n|-start|p1a: Espathra|Substitute\n|-damage|p1a: Espathra|56\/100\n|move|p2a: Sudowoodo|Head Smash|p1a: Espathra\n|-end|p1a: Espathra|Substitute\n|-damage|p2a: Sudowoodo|86\/100|[from] Recoil|[of] p1a: Espathra\n|\n|-weather|RainDance|[upkeep]\n|-heal|p1a: Espathra|62\/100|[from] item: Leftovers\n|-ability|p1a: Espathra|Speed Boost|boost\n|-boost|p1a: Espathra|spe|1\n|upkeep\n|turn|7\n|\n|t:|1700227481\n|move|p1a: Espathra|Protect|p1a: Espathra\n|-singleturn|p1a: Espathra|Protect\n|move|p2a: Sudowoodo|Head Smash|p1a: Espathra\n|-activate|p1a: Espathra|move: Protect\n|\n|-weather|RainDance|[upkeep]\n|-heal|p1a: Espathra|68\/100|[from] item: Leftovers\n|upkeep\n|turn|8\n|\n|t:|1700227488\n|move|p1a: Espathra|Substitute|p1a: Espathra\n|-start|p1a: Espathra|Substitute\n|-damage|p1a: Espathra|43\/100\n|move|p2a: Sudowoodo|Head Smash|p1a: Espathra\n|-end|p1a: Espathra|Substitute\n|-damage|p2a: Sudowoodo|71\/100|[from] Recoil|[of] p1a: Espathra\n|\n|-weather|none\n|-heal|p1a: Espathra|49\/100|[from] item: Leftovers\n|upkeep\n|turn|9\n|\n|t:|1700227493\n|move|p1a: Espathra|Protect|p1a: Espathra\n|-singleturn|p1a: Espathra|Protect\n|move|p2a: Sudowoodo|Head Smash|p1a: Espathra\n|-activate|p1a: Espathra|move: Protect\n|\n|-heal|p1a: Espathra|55\/100|[from] item: Leftovers\n|upkeep\n|turn|10\n|\n|t:|1700227502\n|move|p1a: Espathra|Calm Mind|p1a: Espathra\n|-boost|p1a: Espathra|spa|1\n|-boost|p1a: Espathra|spd|1\n|move|p2a: Sudowoodo|Head Smash|p1a: Espathra\n|-damage|p1a: Espathra|0 fnt\n|faint|p1a: Espathra\n|-damage|p2a: Sudowoodo|39\/100|[from] Recoil\n|\n|upkeep\n|\n|t:|1700227512\n|switch|p1a: Iron Valiant|Iron Valiant, shiny|100\/100\n|turn|11\n|\n|t:|1700227517\n|move|p2a: Sudowoodo|Sucker Punch|p1a: Iron Valiant\n|-resisted|p1a: Iron Valiant\n|-crit|p1a: Iron Valiant\n|-damage|p1a: Iron Valiant|90\/100\n|move|p1a: Iron Valiant|Moonblast|p2a: Sudowoodo\n|-damage|p2a: Sudowoodo|0 fnt\n|faint|p2a: Sudowoodo\n|\n|-heal|p1a: Iron Valiant|96\/100|[from] item: Leftovers\n|upkeep\n|\n|t:|1700227520\n|switch|p2a: Let the music spin|Ludicolo, M|100\/100\n|turn|12\n|\n|t:|1700227525\n|move|p1a: Iron Valiant|Thunderbolt|p2a: Let the music spin\n|-damage|p2a: Let the music spin|66\/100\n|move|p2a: Let the music spin|Rain Dance|p2a: Let the music spin\n|-weather|RainDance\n|\n|-weather|RainDance|[upkeep]\n|-heal|p1a: Iron Valiant|100\/100|[from] item: Leftovers\n|upkeep\n|turn|13\n|\n|t:|1700227531\n|move|p2a: Let the music spin|Weather Ball|p1a: Iron Valiant\n|-damage|p1a: Iron Valiant|0 fnt\n|faint|p1a: Iron Valiant\n|-end|p1a: Iron Valiant|Quark Drive|[silent]\n|\n|-weather|RainDance|[upkeep]\n|upkeep\n|\n|t:|1700227539\n|switch|p1a: Glimmora|Glimmora, F, shiny|100\/100\n|turn|14\n|\n|t:|1700227543\n|move|p2a: Let the music spin|Weather Ball|p1a: Glimmora\n|-supereffective|p1a: Glimmora\n|-enditem|p1a: Glimmora|Focus Sash\n|-damage|p1a: Glimmora|1\/100\n|move|p1a: Glimmora|Earth Power|p2a: Let the music spin\n|-resisted|p2a: Let the music spin\n|-damage|p2a: Let the music spin|50\/100\n|\n|-weather|RainDance|[upkeep]\n|upkeep\n|turn|15\n|\n|t:|1700227552\n|move|p2a: Let the music spin|Giga Drain|p1a: Glimmora\n|-damage|p1a: Glimmora|0 fnt\n|-heal|p2a: Let the music spin|50\/100|[from] drain|[of] p1a: Glimmora\n|faint|p1a: Glimmora\n|\n|-weather|RainDance|[upkeep]\n|upkeep\n|c|\u2606deezjiz|noob team\n|-message|deezjiz forfeited.\n|\n|win|Internet rule 72\n|raw|deezjiz's rating: 1076 &rarr; <strong>1059<\/strong><br \/>(-17 for losing)\n|raw|Internet rule 72's rating: 1147 &rarr; <strong>1167<\/strong><br \/>(+20 for winning)\n|l|\u2606deezjiz\n|c|\u2606Internet rule 72|...Ok?\n","uploadtime":1700227627,"views":6,"p1id":"deezjiz","p2id":"internetrule72","formatid":"gen9anythinggoes","rating":1059,"private":0,"password":""}