{"id":"gen9anythinggoes-1993234071","p1":"anonymous197","p2":"G_egg177","format":"[Gen 9] Anything Goes","log":"|j|\u2606anonymous197\n|j|\u2606G_egg177\n|t:|1700281809\n|gametype|singles\n|player|p1|anonymous197|ghetsis|1313\n|player|p2|G_egg177|red|1458\n|teamsize|p1|6\n|teamsize|p2|6\n|gen|9\n|tier|[Gen 9] Anything Goes\n|rated|\n|rule|HP Percentage Mod: HP is shown in percentages\n|rule|Endless Battle Clause: Forcing endless battles is banned\n|clearpoke\n|poke|p1|Eiscue, F|\n|poke|p1|Ribombee, F|\n|poke|p1|Quaquaval, F|\n|poke|p1|Calyrex-Shadow|\n|poke|p1|Zacian-*|\n|poke|p1|Kyogre|\n|poke|p2|Basculegion, M|\n|poke|p2|Calyrex-Shadow|\n|poke|p2|Ting-Lu|\n|poke|p2|Zacian-*|\n|poke|p2|Wo-Chien|\n|poke|p2|Miraidon|\n|teampreview\n|inactive|Battle timer is ON: inactive players will automatically lose when time's up. (requested by G_egg177)\n|\n|t:|1700281831\n|start\n|switch|p1a: Ribombee|Ribombee, F, shiny|100\/100\n|switch|p2a: Blawgg|Zacian-Crowned, shiny|100\/100\n|-ability|p2a: Blawgg|Intrepid Sword|boost\n|-boost|p2a: Blawgg|atk|1\n|turn|1\n|\n|t:|1700281850\n|move|p2a: Blawgg|Behemoth Blade|p1a: Ribombee\n|-supereffective|p1a: Ribombee\n|-enditem|p1a: Ribombee|Focus Sash\n|-damage|p1a: Ribombee|1\/100\n|move|p1a: Ribombee|Sticky Web|p2a: Blawgg\n|-sidestart|p2: G_egg177|move: Sticky Web\n|\n|upkeep\n|turn|2\n|\n|t:|1700281862\n|move|p2a: Blawgg|Behemoth Blade|p1a: Ribombee\n|-supereffective|p1a: Ribombee\n|-damage|p1a: Ribombee|0 fnt\n|faint|p1a: Ribombee\n|\n|upkeep\n|\n|t:|1700281884\n|switch|p1a: Eiscue|Eiscue, F, shiny|100\/100\n|turn|3\n|\n|t:|1700281888\n|move|p2a: Blawgg|Behemoth Blade|p1a: Eiscue\n|-activate|p1a: Eiscue|ability: Ice Face\n|-damage|p1a: Eiscue|100\/100\n|detailschange|p1a: Eiscue|Eiscue-Noice, F, shiny\n|move|p1a: Eiscue|Substitute|p1a: Eiscue\n|-start|p1a: Eiscue|Substitute\n|-damage|p1a: Eiscue|75\/100\n|\n|upkeep\n|turn|4\n|\n|t:|1700281897\n|move|p2a: Blawgg|Behemoth Blade|p1a: Eiscue\n|-supereffective|p1a: Eiscue\n|-end|p1a: Eiscue|Substitute\n|move|p1a: Eiscue|Belly Drum|p1a: Eiscue\n|-damage|p1a: Eiscue|25\/100\n|-setboost|p1a: Eiscue|atk|6|[from] move: Belly Drum\n|-enditem|p1a: Eiscue|Salac Berry|[eat]\n|-boost|p1a: Eiscue|spe|1|[from] item: Salac Berry\n|\n|upkeep\n|turn|5\n|\n|t:|1700281908\n|-terastallize|p1a: Eiscue|Electric\n|move|p1a: Eiscue|Tera Blast|p2a: Blawgg|[anim] Tera Blast Electric\n|-damage|p2a: Blawgg|0 fnt\n|faint|p2a: Blawgg\n|\n|upkeep\n|\n|t:|1700281915\n|switch|p2a: FINISH HIM|Basculegion, M, shiny|100\/100\n|-activate|p2a: FINISH HIM|move: Sticky Web\n|-unboost|p2a: FINISH HIM|spe|1\n|turn|6\n|\n|t:|1700281935\n|move|p2a: FINISH HIM|Aqua Jet|p1a: Eiscue\n|-damage|p1a: Eiscue|0 fnt\n|faint|p1a: Eiscue\n|\n|upkeep\n|\n|t:|1700281940\n|switch|p1a: Calyrex|Calyrex-Shadow|100\/100\n|-ability|p1a: Calyrex|As One\n|-ability|p1a: Calyrex|Unnerve\n|turn|7\n|\n|t:|1700281950\n|switch|p2a: THE ZAA GOD \ud83c\udf43\ud83c\udf43\ud83e\udd29|Ting-Lu|100\/100\n|-activate|p2a: THE ZAA GOD \ud83c\udf43\ud83c\udf43\ud83e\udd29|move: Sticky Web\n|-unboost|p2a: THE ZAA GOD \ud83c\udf43\ud83c\udf43\ud83e\udd29|spe|1\n|-ability|p2a: THE ZAA GOD \ud83c\udf43\ud83c\udf43\ud83e\udd29|Vessel of Ruin\n|move|p1a: Calyrex|Astral Barrage|p2a: THE ZAA GOD \ud83c\udf43\ud83c\udf43\ud83e\udd29\n|-resisted|p2a: THE ZAA GOD \ud83c\udf43\ud83c\udf43\ud83e\udd29\n|-damage|p2a: THE ZAA GOD \ud83c\udf43\ud83c\udf43\ud83e\udd29|84\/100\n|\n|-heal|p2a: THE ZAA GOD \ud83c\udf43\ud83c\udf43\ud83e\udd29|91\/100|[from] item: Leftovers\n|upkeep\n|turn|8\n|\n|t:|1700281965\n|switch|p1a: Zacian|Zacian-Crowned|100\/100\n|-ability|p1a: Zacian|Intrepid Sword|boost\n|-boost|p1a: Zacian|atk|1\n|move|p2a: THE ZAA GOD \ud83c\udf43\ud83c\udf43\ud83e\udd29|Stealth Rock|p1a: Zacian\n|-sidestart|p1: anonymous197|move: Stealth Rock\n|\n|-heal|p2a: THE ZAA GOD \ud83c\udf43\ud83c\udf43\ud83e\udd29|97\/100|[from] item: Leftovers\n|upkeep\n|turn|9\n|\n|t:|1700281980\n|-terastallize|p2a: THE ZAA GOD \ud83c\udf43\ud83c\udf43\ud83e\udd29|Electric\n|move|p1a: Zacian|Play Rough|p2a: THE ZAA GOD \ud83c\udf43\ud83c\udf43\ud83e\udd29\n|-damage|p2a: THE ZAA GOD \ud83c\udf43\ud83c\udf43\ud83e\udd29|56\/100\n|move|p2a: THE ZAA GOD \ud83c\udf43\ud83c\udf43\ud83e\udd29|Spikes|p1a: Zacian\n|-sidestart|p1: anonymous197|Spikes\n|\n|-heal|p2a: THE ZAA GOD \ud83c\udf43\ud83c\udf43\ud83e\udd29|62\/100|[from] item: Leftovers\n|upkeep\n|turn|10\n|\n|t:|1700281990\n|move|p1a: Zacian|Swords Dance|p1a: Zacian\n|-boost|p1a: Zacian|atk|2\n|move|p2a: THE ZAA GOD \ud83c\udf43\ud83c\udf43\ud83e\udd29|Spikes|p1a: Zacian\n|-sidestart|p1: anonymous197|Spikes\n|\n|-heal|p2a: THE ZAA GOD \ud83c\udf43\ud83c\udf43\ud83e\udd29|68\/100|[from] item: Leftovers\n|upkeep\n|turn|11\n|\n|t:|1700281999\n|move|p1a: Zacian|Trailblaze|p2a: THE ZAA GOD \ud83c\udf43\ud83c\udf43\ud83e\udd29\n|-damage|p2a: THE ZAA GOD \ud83c\udf43\ud83c\udf43\ud83e\udd29|43\/100\n|-boost|p1a: Zacian|spe|1\n|move|p2a: THE ZAA GOD \ud83c\udf43\ud83c\udf43\ud83e\udd29|Whirlwind|p1a: Zacian\n|drag|p1a: Kyogre|Kyogre|100\/100\n|-damage|p1a: Kyogre|88\/100|[from] Stealth Rock\n|-damage|p1a: Kyogre|72\/100|[from] Spikes\n|-weather|RainDance|[from] ability: Drizzle|[of] p1a: Kyogre\n|\n|-weather|RainDance|[upkeep]\n|-heal|p2a: THE ZAA GOD \ud83c\udf43\ud83c\udf43\ud83e\udd29|50\/100|[from] item: Leftovers\n|upkeep\n|turn|12\n|\n|t:|1700282013\n|move|p1a: Kyogre|Water Spout|p2a: THE ZAA GOD \ud83c\udf43\ud83c\udf43\ud83e\udd29\n|-damage|p2a: THE ZAA GOD \ud83c\udf43\ud83c\udf43\ud83e\udd29|9\/100\n|move|p2a: THE ZAA GOD \ud83c\udf43\ud83c\udf43\ud83e\udd29|Whirlwind|p1a: Kyogre\n|drag|p1a: Zacian|Zacian-Crowned|100\/100\n|-damage|p1a: Zacian|94\/100|[from] Stealth Rock\n|-damage|p1a: Zacian|78\/100|[from] Spikes\n|\n|-weather|RainDance|[upkeep]\n|-heal|p2a: THE ZAA GOD \ud83c\udf43\ud83c\udf43\ud83e\udd29|15\/100|[from] item: Leftovers\n|upkeep\n|turn|13\n|\n|t:|1700282025\n|move|p1a: Zacian|Trailblaze|p2a: THE ZAA GOD \ud83c\udf43\ud83c\udf43\ud83e\udd29\n|-damage|p2a: THE ZAA GOD \ud83c\udf43\ud83c\udf43\ud83e\udd29|3\/100\n|-boost|p1a: Zacian|spe|1\n|move|p2a: THE ZAA GOD \ud83c\udf43\ud83c\udf43\ud83e\udd29|Whirlwind|p1a: Zacian\n|drag|p1a: Quaquaval|Quaquaval, F|100\/100\n|-damage|p1a: Quaquaval|94\/100|[from] Stealth Rock\n|-damage|p1a: Quaquaval|78\/100|[from] Spikes\n|\n|-weather|RainDance|[upkeep]\n|-heal|p2a: THE ZAA GOD \ud83c\udf43\ud83c\udf43\ud83e\udd29|10\/100|[from] item: Leftovers\n|upkeep\n|turn|14\n|\n|t:|1700282038\n|move|p1a: Quaquaval|Rapid Spin|p2a: THE ZAA GOD \ud83c\udf43\ud83c\udf43\ud83e\udd29\n|-damage|p2a: THE ZAA GOD \ud83c\udf43\ud83c\udf43\ud83e\udd29|0 fnt\n|-boost|p1a: Quaquaval|spe|1\n|-sideend|p1: anonymous197|Spikes|[from] move: Rapid Spin|[of] p1a: Quaquaval\n|-sideend|p1: anonymous197|Stealth Rock|[from] move: Rapid Spin|[of] p1a: Quaquaval\n|faint|p2a: THE ZAA GOD \ud83c\udf43\ud83c\udf43\ud83e\udd29\n|-ability|p1a: Quaquaval|Moxie|boost\n|-boost|p1a: Quaquaval|atk|1\n|-damage|p1a: Quaquaval|68\/100|[from] item: Life Orb\n|\n|-weather|RainDance|[upkeep]\n|upkeep\n|\n|t:|1700282046\n|switch|p2a: d1l90 bike|Miraidon|100\/100\n|-activate|p2a: d1l90 bike|move: Sticky Web\n|-unboost|p2a: d1l90 bike|spe|1\n|-fieldstart|move: Electric Terrain|[from] ability: Hadron Engine|[of] p2a: d1l90 bike\n|turn|15\n|\n|t:|1700282060\n|move|p1a: Quaquaval|Close Combat|p2a: d1l90 bike\n|-crit|p2a: d1l90 bike\n|-damage|p2a: d1l90 bike|0 fnt\n|-unboost|p1a: Quaquaval|def|1\n|-unboost|p1a: Quaquaval|spd|1\n|faint|p2a: d1l90 bike\n|-ability|p1a: Quaquaval|Moxie|boost\n|-boost|p1a: Quaquaval|atk|1\n|-damage|p1a: Quaquaval|58\/100|[from] item: Life Orb\n|\n|-weather|none\n|upkeep\n|\n|t:|1700282073\n|switch|p2a: Gyattt|Wo-Chien|100\/100\n|-activate|p2a: Gyattt|move: Sticky Web\n|-unboost|p2a: Gyattt|spe|1\n|-ability|p2a: Gyattt|Tablets of Ruin\n|turn|16\n|\n|t:|1700282100\n|move|p1a: Quaquaval|Close Combat|p2a: Gyattt\n|-supereffective|p2a: Gyattt\n|-damage|p2a: Gyattt|0 fnt\n|-unboost|p1a: Quaquaval|def|1\n|-unboost|p1a: Quaquaval|spd|1\n|faint|p2a: Gyattt\n|-ability|p1a: Quaquaval|Moxie|boost\n|-boost|p1a: Quaquaval|atk|1\n|-damage|p1a: Quaquaval|48\/100|[from] item: Life Orb\n|\n|upkeep\n|\n|t:|1700282109\n|switch|p2a: Goofy ahh nerd mf|Calyrex-Shadow|100\/100\n|-ability|p2a: Goofy ahh nerd mf|As One\n|-ability|p2a: Goofy ahh nerd mf|Unnerve\n|-activate|p2a: Goofy ahh nerd mf|move: Sticky Web\n|-unboost|p2a: Goofy ahh nerd mf|spe|1\n|turn|17\n|\n|t:|1700282120\n|move|p1a: Quaquaval|Aqua Step|p2a: Goofy ahh nerd mf\n|-enditem|p2a: Goofy ahh nerd mf|Focus Sash\n|-damage|p2a: Goofy ahh nerd mf|1\/100\n|-boost|p1a: Quaquaval|spe|1\n|-damage|p1a: Quaquaval|38\/100|[from] item: Life Orb\n|move|p2a: Goofy ahh nerd mf|Draining Kiss|p1a: Quaquaval\n|-supereffective|p1a: Quaquaval\n|-damage|p1a: Quaquaval|0 fnt\n|-heal|p2a: Goofy ahh nerd mf|27\/100|[from] drain|[of] p1a: Quaquaval\n|faint|p1a: Quaquaval\n|-ability|p2a: Goofy ahh nerd mf|Grim Neigh|boost\n|-boost|p2a: Goofy ahh nerd mf|spa|1\n|\n|upkeep\n|\n|t:|1700282136\n|switch|p1a: Kyogre|Kyogre|72\/100\n|-weather|RainDance|[from] ability: Drizzle|[of] p1a: Kyogre\n|turn|18\n|\n|t:|1700282143\n|move|p1a: Kyogre|Thunder|p2a: Goofy ahh nerd mf\n|-damage|p2a: Goofy ahh nerd mf|0 fnt\n|faint|p2a: Goofy ahh nerd mf\n|\n|-weather|RainDance|[upkeep]\n|upkeep\n|\n|t:|1700282148\n|switch|p2a: FINISH HIM|Basculegion, M, shiny|100\/100\n|-activate|p2a: FINISH HIM|move: Sticky Web\n|-unboost|p2a: FINISH HIM|spe|1\n|turn|19\n|\n|t:|1700282153\n|move|p1a: Kyogre|Thunder|p2a: FINISH HIM\n|-supereffective|p2a: FINISH HIM\n|-enditem|p2a: FINISH HIM|Focus Sash\n|-damage|p2a: FINISH HIM|1\/100\n|move|p2a: FINISH HIM|Agility|p2a: FINISH HIM\n|-boost|p2a: FINISH HIM|spe|2\n|\n|-weather|RainDance|[upkeep]\n|-fieldend|move: Electric Terrain\n|upkeep\n|turn|20\n|\n|t:|1700282165\n|move|p1a: Kyogre|Thunder|p2a: FINISH HIM\n|-supereffective|p2a: FINISH HIM\n|-damage|p2a: FINISH HIM|0 fnt\n|faint|p2a: FINISH HIM\n|\n|win|anonymous197\n|raw|anonymous197's rating: 1313 &rarr; <strong>1341<\/strong><br \/>(+28 for winning)\n|raw|G_egg177's rating: 1458 &rarr; <strong>1430<\/strong><br \/>(-28 for losing)\n|l|\u2606G_egg177\n","uploadtime":1700282190,"views":6,"p1id":"anonymous197","p2id":"gegg177","formatid":"gen9anythinggoes","rating":1341,"private":0,"password":""}