{"id":"gen9anythinggoes-1998062846","p1":"Mr Abingdon","p2":"ianperez124","format":"[Gen 9] Anything Goes","log":"|j|\u2606Mr Abingdon\n|j|\u2606ianperez124\n|t:|1700885568\n|gametype|singles\n|player|p1|Mr Abingdon|266|1098\n|player|p2|ianperez124|n|1132\n|teamsize|p1|6\n|teamsize|p2|6\n|gen|9\n|tier|[Gen 9] Anything Goes\n|rated|\n|rule|HP Percentage Mod: HP is shown in percentages\n|rule|Endless Battle Clause: Forcing endless battles is banned\n|clearpoke\n|poke|p1|Maushold-Four|\n|poke|p1|Flutter Mane|\n|poke|p1|Miraidon|\n|poke|p1|Rabsca, M|\n|poke|p1|Garganacl, F|\n|poke|p1|Houndstone, M|\n|poke|p2|Gyarados, M|\n|poke|p2|Goodra-Hisui, F|\n|poke|p2|Arcanine, F|\n|poke|p2|Kingambit, F|\n|poke|p2|Corviknight, M|\n|poke|p2|Mew|\n|teampreview\n|\n|t:|1700885607\n|start\n|switch|p1a: DeMarco|Miraidon|100\/100\n|switch|p2a: Mew|Mew|100\/100\n|-fieldstart|move: Electric Terrain|[from] ability: Hadron Engine|[of] p1a: DeMarco\n|turn|1\n|\n|t:|1700885618\n|-terastallize|p1a: DeMarco|Electric\n|move|p1a: DeMarco|Electro Drift|p2a: Mew\n|-enditem|p2a: Mew|Focus Sash\n|-damage|p2a: Mew|1\/100\n|move|p2a: Mew|Dragon Dance|p2a: Mew\n|-boost|p2a: Mew|atk|1\n|-boost|p2a: Mew|spe|1\n|\n|upkeep\n|turn|2\n|\n|t:|1700885631\n|move|p2a: Mew|Baton Pass|p2a: Mew\n|\n|t:|1700885633\n|switch|p2a: Goodra|Goodra-Hisui, F|100\/100|[from] Baton Pass\n|move|p1a: DeMarco|Electro Drift|p2a: Goodra\n|-resisted|p2a: Goodra\n|-damage|p2a: Goodra|50\/100\n|-damage|p1a: DeMarco|84\/100|[from] item: Rocky Helmet|[of] p2a: Goodra\n|-ability|p2a: Goodra|Gooey\n|-unboost|p1a: DeMarco|spe|1\n|\n|upkeep\n|turn|3\n|\n|t:|1700885644\n|move|p2a: Goodra|Dragon Pulse|p1a: DeMarco\n|-damage|p1a: DeMarco|61\/100\n|move|p1a: DeMarco|Dragon Pulse|p2a: Goodra\n|-damage|p2a: Goodra|0 fnt\n|faint|p2a: Goodra\n|\n|upkeep\n|\n|t:|1700885653\n|switch|p2a: Arcanine|Arcanine, F|100\/100\n|-ability|p2a: Arcanine|Intimidate|boost\n|-unboost|p1a: DeMarco|atk|1\n|turn|4\n|\n|t:|1700885658\n|switch|p1a: SSSReplacement|Garganacl, F, shiny|100\/100\n|move|p2a: Arcanine|Flare Blitz|p1a: SSSReplacement\n|-resisted|p1a: SSSReplacement\n|-damage|p1a: SSSReplacement|80\/100\n|-damage|p2a: Arcanine|92\/100|[from] Recoil\n|\n|-heal|p1a: SSSReplacement|87\/100|[from] item: Leftovers\n|upkeep\n|turn|5\n|\n|t:|1700885668\n|move|p2a: Arcanine|Will-O-Wisp|p1a: SSSReplacement\n|-immune|p1a: SSSReplacement|[from] ability: Purifying Salt\n|move|p1a: SSSReplacement|Iron Defense|p1a: SSSReplacement\n|-boost|p1a: SSSReplacement|def|2\n|\n|-heal|p1a: SSSReplacement|93\/100|[from] item: Leftovers\n|-fieldend|move: Electric Terrain\n|upkeep\n|turn|6\n|\n|t:|1700885679\n|switch|p2a: Corviknight|Corviknight, M|100\/100\n|move|p1a: SSSReplacement|Iron Defense|p1a: SSSReplacement\n|-boost|p1a: SSSReplacement|def|2\n|\n|-heal|p1a: SSSReplacement|99\/100|[from] item: Leftovers\n|upkeep\n|turn|7\n|\n|t:|1700885687\n|move|p2a: Corviknight|Iron Defense|p2a: Corviknight\n|-boost|p2a: Corviknight|def|2\n|move|p1a: SSSReplacement|Salt Cure|p2a: Corviknight\n|-damage|p2a: Corviknight|95\/100\n|-start|p2a: Corviknight|Salt Cure\n|\n|-heal|p2a: Corviknight|100\/100|[from] item: Leftovers\n|-heal|p1a: SSSReplacement|100\/100|[from] item: Leftovers\n|-damage|p2a: Corviknight|76\/100|[from] Salt Cure\n|upkeep\n|turn|8\n|\n|t:|1700885698\n|move|p2a: Corviknight|Iron Head|p1a: SSSReplacement\n|-supereffective|p1a: SSSReplacement\n|-damage|p1a: SSSReplacement|88\/100\n|move|p1a: SSSReplacement|Body Press|p2a: Corviknight\n|-damage|p2a: Corviknight|49\/100\n|\n|-heal|p2a: Corviknight|55\/100|[from] item: Leftovers\n|-heal|p1a: SSSReplacement|94\/100|[from] item: Leftovers\n|-damage|p2a: Corviknight|30\/100|[from] Salt Cure\n|upkeep\n|turn|9\n|\n|t:|1700885710\n|move|p2a: Corviknight|Iron Head|p1a: SSSReplacement\n|-supereffective|p1a: SSSReplacement\n|-damage|p1a: SSSReplacement|82\/100\n|move|p1a: SSSReplacement|Iron Defense|p1a: SSSReplacement\n|-boost|p1a: SSSReplacement|def|2\n|\n|-heal|p2a: Corviknight|36\/100|[from] item: Leftovers\n|-heal|p1a: SSSReplacement|88\/100|[from] item: Leftovers\n|-damage|p2a: Corviknight|11\/100|[from] Salt Cure\n|upkeep\n|turn|10\n|\n|t:|1700885720\n|move|p2a: Corviknight|Roost|p2a: Corviknight\n|-heal|p2a: Corviknight|62\/100\n|-singleturn|p2a: Corviknight|move: Roost\n|move|p1a: SSSReplacement|Recover|p1a: SSSReplacement\n|-heal|p1a: SSSReplacement|100\/100\n|\n|-heal|p2a: Corviknight|68\/100|[from] item: Leftovers\n|-damage|p2a: Corviknight|43\/100|[from] Salt Cure\n|upkeep\n|turn|11\n|\n|t:|1700885733\n|move|p2a: Corviknight|Iron Head|p1a: SSSReplacement\n|-supereffective|p1a: SSSReplacement\n|-damage|p1a: SSSReplacement|90\/100\n|cant|p1a: SSSReplacement|flinch\n|\n|-heal|p2a: Corviknight|49\/100|[from] item: Leftovers\n|-heal|p1a: SSSReplacement|96\/100|[from] item: Leftovers\n|-damage|p2a: Corviknight|24\/100|[from] Salt Cure\n|upkeep\n|turn|12\n|\n|t:|1700885745\n|move|p2a: Corviknight|Iron Head|p1a: SSSReplacement\n|-supereffective|p1a: SSSReplacement\n|-crit|p1a: SSSReplacement\n|-damage|p1a: SSSReplacement|41\/100\n|cant|p1a: SSSReplacement|flinch\n|\n|-heal|p2a: Corviknight|30\/100|[from] item: Leftovers\n|-heal|p1a: SSSReplacement|47\/100|[from] item: Leftovers\n|-damage|p2a: Corviknight|6\/100|[from] Salt Cure\n|upkeep\n|turn|13\n|\n|t:|1700885755\n|move|p2a: Corviknight|Iron Head|p1a: SSSReplacement\n|-supereffective|p1a: SSSReplacement\n|-damage|p1a: SSSReplacement|37\/100\n|move|p1a: SSSReplacement|Recover|p1a: SSSReplacement\n|-heal|p1a: SSSReplacement|87\/100\n|\n|-heal|p2a: Corviknight|12\/100|[from] item: Leftovers\n|-heal|p1a: SSSReplacement|93\/100|[from] item: Leftovers\n|-damage|p2a: Corviknight|0 fnt|[from] Salt Cure\n|faint|p2a: Corviknight\n|upkeep\n|-message|ianperez124 forfeited.\n|\n|win|Mr Abingdon\n|raw|Mr Abingdon's rating: 1120 &rarr; <strong>1146<\/strong><br \/>(+26 for winning)\n|raw|ianperez124's rating: 1132 &rarr; <strong>1106<\/strong><br \/>(-26 for losing)\n|l|\u2606ianperez124\n","uploadtime":1700885782,"views":0,"p1id":"mrabingdon","p2id":"ianperez124","formatid":"gen9anythinggoes","rating":1106,"private":0,"password":""}