{"id":"gen9anythinggoes-1991748458","p1":"l0l1 2.7","p2":"deco1988","format":"[Gen 9] Anything Goes","log":"|j|\u2606l0l1 2.7\n|j|\u2606deco1988\n|t:|1700110591\n|gametype|singles\n|player|p1|l0l1 2.7|twins-gen4dp|1150\n|player|p2|deco1988|cynthia|1023\n|teamsize|p1|6\n|teamsize|p2|6\n|gen|9\n|tier|[Gen 9] Anything Goes\n|rated|\n|rule|HP Percentage Mod: HP is shown in percentages\n|rule|Endless Battle Clause: Forcing endless battles is banned\n|clearpoke\n|poke|p1|Cloyster, M|\n|poke|p1|Darkrai|\n|poke|p1|Clefable, M|\n|poke|p1|Drifblim, F|\n|poke|p1|Hippowdon, M|\n|poke|p1|Garganacl, M|\n|poke|p2|Umbreon, M|\n|poke|p2|Breloom, M|\n|poke|p2|Dragonite, M|\n|poke|p2|Glimmora, M|\n|poke|p2|Maushold|\n|poke|p2|Lokix, M|\n|teampreview\n|c|\u2606deco1988|Umm\n|c|\u2606deco1988|Hi\n|c|\u2606l0l1 2.7|Hi?\n|c|\u2606deco1988|\ud83d\ude4c\ud83c\udffc\n|\n|t:|1700110622\n|start\n|switch|p1a: Cloyster|Cloyster, M|100\/100\n|switch|p2a: Glimmora|Glimmora, M|100\/100\n|turn|1\n|c|\u2606l0l1 2.7|?\n|c|\u2606deco1988|\ud83e\udd14\n|\n|t:|1700110640\n|move|p2a: Glimmora|Light Screen|p2a: Glimmora\n|-sidestart|p2: deco1988|move: Light Screen\n|move|p1a: Cloyster|Shell Smash|p1a: Cloyster\n|-unboost|p1a: Cloyster|def|1\n|-unboost|p1a: Cloyster|spd|1\n|-boost|p1a: Cloyster|atk|2\n|-boost|p1a: Cloyster|spa|2\n|-boost|p1a: Cloyster|spe|2\n|-enditem|p1a: Cloyster|White Herb\n|-clearnegativeboost|p1a: Cloyster|[silent]\n|\n|upkeep\n|turn|2\n|\n|t:|1700110653\n|move|p1a: Cloyster|Shell Smash|p1a: Cloyster\n|-unboost|p1a: Cloyster|def|1\n|-unboost|p1a: Cloyster|spd|1\n|-boost|p1a: Cloyster|atk|2\n|-boost|p1a: Cloyster|spa|2\n|-boost|p1a: Cloyster|spe|2\n|move|p2a: Glimmora|Acid Spray|p1a: Cloyster\n|-damage|p1a: Cloyster|59\/100\n|-unboost|p1a: Cloyster|spd|2\n|\n|upkeep\n|turn|3\n|c|\u2606deco1988|\ud83e\udd14\n|c|\u2606l0l1 2.7|?\n|\n|t:|1700110680\n|-terastallize|p1a: Cloyster|Water\n|move|p2a: Glimmora|Spiky Shield|p2a: Glimmora\n|-singleturn|p2a: Glimmora|move: Protect\n|move|p1a: Cloyster|Icicle Spear|p2a: Glimmora\n|-activate|p2a: Glimmora|move: Protect\n|\n|upkeep\n|turn|4\n|\n|t:|1700110696\n|-terastallize|p2a: Glimmora|Water\n|move|p1a: Cloyster|Icicle Spear|p2a: Glimmora\n|-resisted|p2a: Glimmora\n|-damage|p2a: Glimmora|92\/100\n|-activate|p2a: Glimmora|ability: Toxic Debris\n|-sidestart|p1: l0l1 2.7|move: Toxic Spikes\n|-resisted|p2a: Glimmora\n|-damage|p2a: Glimmora|83\/100\n|-activate|p2a: Glimmora|ability: Toxic Debris\n|-sidestart|p1: l0l1 2.7|move: Toxic Spikes\n|-resisted|p2a: Glimmora\n|-crit|p2a: Glimmora\n|-damage|p2a: Glimmora|70\/100\n|-resisted|p2a: Glimmora\n|-damage|p2a: Glimmora|62\/100\n|-resisted|p2a: Glimmora\n|-damage|p2a: Glimmora|53\/100\n|-hitcount|p2a: Glimmora|5\n|move|p2a: Glimmora|Acid Spray|p1a: Cloyster\n|-damage|p1a: Cloyster|0 fnt\n|faint|p1a: Cloyster\n|\n|-damage|p2a: Glimmora|41\/100|[from] item: Black Sludge\n|upkeep\n|c|\u2606deco1988|\ud83e\udd14\n|\n|t:|1700110718\n|switch|p1a: Darkrai|Darkrai|100\/100\n|-status|p1a: Darkrai|tox\n|turn|5\n|c|\u2606deco1988|\ud83e\udd14\n|inactive|Battle timer is ON: inactive players will automatically lose when time's up. (requested by l0l1 2.7)\n|\n|t:|1700110741\n|move|p1a: Darkrai|Hypnosis|p2a: Glimmora\n|-status|p2a: Glimmora|slp|[from] move: Hypnosis\n|cant|p2a: Glimmora|slp\n|\n|-damage|p2a: Glimmora|29\/100 slp|[from] item: Black Sludge\n|-damage|p1a: Darkrai|95\/100 tox|[from] psn\n|-sideend|p2: deco1988|move: Light Screen\n|-damage|p2a: Glimmora|16\/100 slp|[from] ability: Bad Dreams|[of] p1a: Darkrai\n|upkeep\n|turn|6\n|inactive|l0l1 2.7 has 120 seconds left.\n|c|\u2606deco1988|\ud83e\udd14\n|\n|t:|1700110773\n|-curestatus|p2a: Glimmora|slp|[msg]\n|move|p2a: Glimmora|Spiky Shield|p2a: Glimmora\n|-singleturn|p2a: Glimmora|move: Protect\n|move|p1a: Darkrai|Dream Eater|p2a: Glimmora\n|-activate|p2a: Glimmora|move: Protect\n|\n|-damage|p2a: Glimmora|4\/100|[from] item: Black Sludge\n|-damage|p1a: Darkrai|83\/100 tox|[from] psn\n|upkeep\n|turn|7\n|inactive|l0l1 2.7 has 120 seconds left.\n|\n|t:|1700110791\n|move|p2a: Glimmora|Spiky Shield|p2a: Glimmora\n|-singleturn|p2a: Glimmora|move: Protect\n|move|p1a: Darkrai|Hypnosis|p2a: Glimmora\n|-activate|p2a: Glimmora|move: Protect\n|\n|-damage|p2a: Glimmora|0 fnt|[from] item: Black Sludge\n|faint|p2a: Glimmora\n|-damage|p1a: Darkrai|65\/100 tox|[from] psn\n|upkeep\n|c|\u2606deco1988|I love you\n|inactive|deco1988 has 120 seconds left.\n|\n|t:|1700110820\n|switch|p2a: Umbreon|Umbreon, M, shiny|100\/100\n|turn|8\n|c|\u2606l0l1 2.7|I love you to\ud83c\udf39\n|inactive|l0l1 2.7 has 120 seconds left.\n|\n|t:|1700110837\n|move|p1a: Darkrai|Hypnosis|p2a: Umbreon|[miss]\n|-miss|p1a: Darkrai|p2a: Umbreon\n|move|p2a: Umbreon|Curse|p2a: Umbreon\n|-unboost|p2a: Umbreon|spe|1\n|-boost|p2a: Umbreon|atk|1\n|-boost|p2a: Umbreon|def|1\n|\n|-damage|p1a: Darkrai|41\/100 tox|[from] psn\n|upkeep\n|turn|9\n|inactive|l0l1 2.7 has 120 seconds left.\n|c|\u2606deco1988|Im girl\n|inactive|deco1988 has 120 seconds left.\n|\n|t:|1700110861\n|switch|p1a: Clefable|Clefable, M|100\/100\n|move|p2a: Umbreon|Mud-Slap|p1a: Clefable\n|-damage|p1a: Clefable|98\/100\n|-unboost|p1a: Clefable|accuracy|1\n|\n|upkeep\n|turn|10\n|inactive|deco1988 has 120 seconds left.\n|inactive|l0l1 2.7 has 120 seconds left.\n|c|\u2606l0l1 2.7|Im a guy\n|c|\u2606l0l1 2.7|(Joke)\n|c|\u2606deco1988|Im sexy\n|\n|t:|1700110891\n|move|p1a: Clefable|Healing Wish|p1a: Clefable\n|faint|p1a: Clefable\n|move|p2a: Umbreon|Mud-Slap|p1: Clefable|[notarget]\n|-fail|p2a: Umbreon\n|\n|upkeep\n|\n|t:|1700110898\n|switch|p1a: Darkrai|Darkrai|41\/100 tox\n|-heal|p1a: Darkrai|100\/100|[from] move: Healing Wish\n|-status|p1a: Darkrai|tox\n|turn|11\n|inactive|deco1988 has 120 seconds left.\n|c|\u2606deco1988|You penis\n|c|\u2606l0l1 2.7|WTF\n|inactive|l0l1 2.7 has 90 seconds left.\n|c|\u2606deco1988|Im delicius\n|\n|t:|1700110929\n|move|p1a: Darkrai|Hypnosis|p2a: Umbreon\n|-status|p2a: Umbreon|slp|[from] move: Hypnosis\n|cant|p2a: Umbreon|slp\n|\n|-damage|p1a: Darkrai|95\/100 tox|[from] psn\n|-damage|p2a: Umbreon|88\/100 slp|[from] ability: Bad Dreams|[of] p1a: Darkrai\n|upkeep\n|turn|12\n|c|\u2606deco1988|The digo\n|c|\u2606l0l1 2.7|Yoko\n|inactive|deco1988 has 120 seconds left.\n|c|\u2606l0l1 2.7|What???\n|\n|t:|1700110954\n|move|p1a: Darkrai|Dream Eater|p2a: Umbreon\n|-immune|p2a: Umbreon\n|-curestatus|p2a: Umbreon|slp|[msg]\n|move|p2a: Umbreon|Curse|p2a: Umbreon\n|-unboost|p2a: Umbreon|spe|1\n|-boost|p2a: Umbreon|atk|1\n|-boost|p2a: Umbreon|def|1\n|\n|-heal|p2a: Umbreon|94\/100|[from] item: Leftovers\n|-damage|p1a: Darkrai|83\/100 tox|[from] psn\n|upkeep\n|turn|13\n|c|\u2606deco1988|The dig\n|inactive|deco1988 has 120 seconds left.\n|inactive|l0l1 2.7 has 60 seconds left.\n|c|\u2606l0l1 2.7|Ohhh yoko im a minor\n|\n|t:|1700110982\n|move|p1a: Darkrai|Shadow Ball|p2a: Umbreon\n|-resisted|p2a: Umbreon\n|-damage|p2a: Umbreon|86\/100\n|move|p2a: Umbreon|Curse|p2a: Umbreon\n|-unboost|p2a: Umbreon|spe|1\n|-boost|p2a: Umbreon|atk|1\n|-boost|p2a: Umbreon|def|1\n|\n|-heal|p2a: Umbreon|92\/100|[from] item: Leftovers\n|-damage|p1a: Darkrai|65\/100 tox|[from] psn\n|upkeep\n|turn|14\n|c|\u2606deco1988|I love you\n|inactive|deco1988 has 120 seconds left.\n|c|\u2606deco1988|Fuck mi ass please\n|\n|t:|1700111001\n|switch|p1a: Garganacl|Garganacl, M|100\/100\n|move|p2a: Umbreon|Curse|p2a: Umbreon\n|-unboost|p2a: Umbreon|spe|1\n|-boost|p2a: Umbreon|atk|1\n|-boost|p2a: Umbreon|def|1\n|\n|-heal|p2a: Umbreon|98\/100|[from] item: Leftovers\n|upkeep\n|turn|15\n|inactive|deco1988 has 120 seconds left.\n|c|\u2606l0l1 2.7|do you like minor because im one\n|inactive|l0l1 2.7 has 30 seconds left.\n|\n|t:|1700111030\n|move|p1a: Garganacl|Iron Defense|p1a: Garganacl\n|-boost|p1a: Garganacl|def|2\n|move|p2a: Umbreon|Mud-Slap|p1a: Garganacl\n|-supereffective|p1a: Garganacl\n|-damage|p1a: Garganacl|94\/100\n|-unboost|p1a: Garganacl|accuracy|1\n|\n|-heal|p2a: Umbreon|100\/100|[from] item: Leftovers\n|upkeep\n|turn|16\n|inactiveoff|Battle timer is now OFF.\n|c|\u2606deco1988|Yea baby\n|c|\u2606deco1988|Fuck me\n|c|\u2606deco1988|Yeaaaa\n|c|\u2606l0l1 2.7|Ayoko\n|\n|t:|1700111055\n|move|p1a: Garganacl|Iron Defense|p1a: Garganacl\n|-boost|p1a: Garganacl|def|2\n|move|p2a: Umbreon|Mud-Slap|p1a: Garganacl\n|-supereffective|p1a: Garganacl\n|-damage|p1a: Garganacl|87\/100\n|-unboost|p1a: Garganacl|accuracy|1\n|\n|upkeep\n|turn|17\n|\n|t:|1700111064\n|move|p1a: Garganacl|Iron Defense|p1a: Garganacl\n|-boost|p1a: Garganacl|def|2\n|move|p2a: Umbreon|Mud-Slap|p1a: Garganacl\n|-supereffective|p1a: Garganacl\n|-damage|p1a: Garganacl|81\/100\n|-unboost|p1a: Garganacl|accuracy|1\n|\n|upkeep\n|turn|18\n|c|\u2606deco1988|Yeaaaa\n|c|\u2606deco1988|Fucke me ass\n|c|\u2606l0l1 2.7|Ayooo\n|\n|t:|1700111089\n|move|p1a: Garganacl|Body Press|p2a: Umbreon\n|-supereffective|p2a: Umbreon\n|-damage|p2a: Umbreon|48\/100\n|move|p2a: Umbreon|Mud-Slap|p1a: Garganacl\n|-supereffective|p1a: Garganacl\n|-damage|p1a: Garganacl|75\/100\n|-unboost|p1a: Garganacl|accuracy|1\n|\n|-heal|p2a: Umbreon|54\/100|[from] item: Leftovers\n|upkeep\n|turn|19\n|j|@ken\n|n|\u203ddeco1988|deco1988\n|c|@ken|\/log deco1988 was locked from talking by ken. (inappropriate)\n|l|@ken\n|\n|t:|1700111105\n|move|p1a: Garganacl|Body Press|p2a: Umbreon\n|-supereffective|p2a: Umbreon\n|-damage|p2a: Umbreon|2\/100\n|move|p2a: Umbreon|Wish|p2a: Umbreon\n|\n|-heal|p2a: Umbreon|8\/100|[from] item: Leftovers\n|upkeep\n|turn|20\n|-message|l0l1 2.7 lost by having an inappropriate name.\n|l|l0l127\n|\n|win|deco1988\n|raw|l0l1 2.7's rating: 1116 &rarr; <strong>1084<\/strong><br \/>(-32 for losing)\n|raw|deco1988's rating: 1023 &rarr; <strong>1069<\/strong><br \/>(+46 for winning)\n","uploadtime":1700110998,"views":4,"p1id":"l0l127","p2id":"deco1988","formatid":"gen9anythinggoes","rating":1069,"private":0,"password":""}