{"id":"gen9anythinggoes-1994393834","p1":"isurmomcuteaf","p2":"quaxli","format":"[Gen 9] Anything Goes","log":"|j|\u2606isurmomcuteaf\n|j|\u203dquaxli\n|t:|1700438858\n|gametype|singles\n|player|p1|isurmomcuteaf|ghetsis-gen5bw|\n|player|p2|quaxli|brawly|\n|teamsize|p1|6\n|teamsize|p2|6\n|gen|9\n|tier|[Gen 9] Anything Goes\n|rule|HP Percentage Mod: HP is shown in percentages\n|rule|Endless Battle Clause: Forcing endless battles is banned\n|clearpoke\n|poke|p1|Calyrex-Shadow|\n|poke|p1|Arceus|\n|poke|p1|Zacian-*|\n|poke|p1|Koraidon|\n|poke|p1|Miraidon|\n|poke|p1|Lycanroc-Dusk, M|\n|poke|p2|Ting-Lu|\n|poke|p2|Calyrex-Shadow|\n|poke|p2|Ditto|\n|poke|p2|Koraidon|\n|poke|p2|Miraidon|\n|poke|p2|Zacian-*|\n|teampreview\n|inactive|Battle timer is ON: inactive players will automatically lose when time's up. (requested by isurmomcuteaf)\n|inactive|quaxli also wants the timer to be on.\n|\n|t:|1700438872\n|start\n|switch|p1a: UrMom|Lycanroc-Dusk, M|100\/100\n|switch|p2a: Zacian|Zacian-Crowned|100\/100\n|-ability|p2a: Zacian|Intrepid Sword|boost\n|-boost|p2a: Zacian|atk|1\n|turn|1\n|\n|t:|1700438877\n|move|p2a: Zacian|Behemoth Blade|p1a: UrMom\n|-supereffective|p1a: UrMom\n|-enditem|p1a: UrMom|Focus Sash\n|-damage|p1a: UrMom|1\/100\n|move|p1a: UrMom|Stealth Rock|p2a: Zacian\n|-sidestart|p2: quaxli|move: Stealth Rock\n|\n|upkeep\n|turn|2\n|\n|t:|1700438884\n|move|p1a: UrMom|Accelerock|p2a: Zacian\n|-resisted|p2a: Zacian\n|-damage|p2a: Zacian|90\/100\n|move|p2a: Zacian|Behemoth Blade|p1a: UrMom\n|-supereffective|p1a: UrMom\n|-damage|p1a: UrMom|0 fnt\n|faint|p1a: UrMom\n|\n|upkeep\n|\n|t:|1700438895\n|switch|p1a: ShadowHorseRider|Calyrex-Shadow|100\/100\n|-ability|p1a: ShadowHorseRider|As One\n|-ability|p1a: ShadowHorseRider|Unnerve\n|turn|3\n|\n|t:|1700438898\n|move|p1a: ShadowHorseRider|Astral Barrage|p2a: Zacian\n|-damage|p2a: Zacian|0 fnt\n|faint|p2a: Zacian\n|-ability|p1a: ShadowHorseRider|Grim Neigh|boost\n|-boost|p1a: ShadowHorseRider|spa|1\n|\n|upkeep\n|\n|t:|1700438908\n|switch|p2a: Koraidon|Koraidon|100\/100\n|-damage|p2a: Koraidon|94\/100|[from] Stealth Rock\n|-weather|SunnyDay|[from] ability: Orichalcum Pulse|[of] p2a: Koraidon\n|-activate|p2a: Koraidon|Orichalcum Pulse|[source]\n|turn|4\n|\n|t:|1700438918\n|switch|p1a: OutSpeed|Koraidon|100\/100\n|-activate|p1a: OutSpeed|ability: Orichalcum Pulse\n|-terastallize|p2a: Koraidon|Fire\n|move|p2a: Koraidon|Flare Blitz|p1a: OutSpeed\n|-resisted|p1a: OutSpeed\n|-damage|p1a: OutSpeed|44\/100\n|-damage|p2a: Koraidon|76\/100|[from] Recoil\n|\n|-weather|SunnyDay|[upkeep]\n|upkeep\n|turn|5\n|\n|t:|1700438933\n|move|p1a: OutSpeed|Dragon Claw|p2a: Koraidon\n|-crit|p2a: Koraidon\n|-damage|p2a: Koraidon|5\/100\n|move|p2a: Koraidon|Flare Blitz|p1a: OutSpeed\n|-resisted|p1a: OutSpeed\n|-damage|p1a: OutSpeed|0 fnt\n|faint|p1a: OutSpeed\n|-damage|p2a: Koraidon|0 fnt|[from] Recoil\n|faint|p2a: Koraidon\n|\n|-weather|SunnyDay|[upkeep]\n|upkeep\n|\n|t:|1700438943\n|switch|p1a: E-Killer|Arceus|100\/100\n|switch|p2a: Ting-Lu|Ting-Lu|100\/100\n|-damage|p2a: Ting-Lu|94\/100|[from] Stealth Rock\n|-ability|p2a: Ting-Lu|Vessel of Ruin\n|turn|6\n|\n|t:|1700438952\n|move|p1a: E-Killer|Swords Dance|p1a: E-Killer\n|-boost|p1a: E-Killer|atk|2\n|move|p2a: Ting-Lu|Stealth Rock|p1a: E-Killer\n|-sidestart|p1: isurmomcuteaf|move: Stealth Rock\n|\n|-weather|SunnyDay|[upkeep]\n|upkeep\n|turn|7\n|\n|t:|1700438957\n|move|p1a: E-Killer|Extreme Speed|p2a: Ting-Lu\n|-damage|p2a: Ting-Lu|58\/100\n|-damage|p1a: E-Killer|84\/100|[from] item: Rocky Helmet|[of] p2a: Ting-Lu\n|move|p2a: Ting-Lu|Whirlwind|p1a: E-Killer\n|drag|p1a: ShadowHorseRider|Calyrex-Shadow|100\/100\n|-ability|p1a: ShadowHorseRider|As One\n|-ability|p1a: ShadowHorseRider|Unnerve\n|-damage|p1a: ShadowHorseRider|88\/100|[from] Stealth Rock\n|\n|-weather|SunnyDay|[upkeep]\n|upkeep\n|turn|8\n|\n|t:|1700438968\n|move|p1a: ShadowHorseRider|Pollen Puff|p2a: Ting-Lu\n|-supereffective|p2a: Ting-Lu\n|-crit|p2a: Ting-Lu\n|-damage|p2a: Ting-Lu|0 fnt\n|faint|p2a: Ting-Lu\n|-ability|p1a: ShadowHorseRider|Grim Neigh|boost\n|-boost|p1a: ShadowHorseRider|spa|1\n|\n|-weather|none\n|upkeep\n|\n|t:|1700438985\n|switch|p2a: Calyrex|Calyrex-Shadow|100\/100\n|-ability|p2a: Calyrex|As One\n|-ability|p2a: Calyrex|Unnerve\n|-damage|p2a: Calyrex|88\/100|[from] Stealth Rock\n|turn|9\n|\n|t:|1700438989\n|switch|p1a: imnotfast???|Miraidon|100\/100\n|-damage|p1a: imnotfast???|88\/100|[from] Stealth Rock\n|-fieldstart|move: Electric Terrain|[from] ability: Hadron Engine|[of] p1a: imnotfast???\n|move|p2a: Calyrex|Giga Drain|p1a: imnotfast???\n|-resisted|p1a: imnotfast???\n|-damage|p1a: imnotfast???|76\/100\n|-heal|p2a: Calyrex|96\/100|[from] drain|[of] p1a: imnotfast???\n|\n|-heal|p1a: imnotfast???|82\/100|[from] item: Leftovers\n|upkeep\n|turn|10\n|\n|t:|1700438999\n|move|p2a: Calyrex|Astral Barrage|p1a: imnotfast???\n|-damage|p1a: imnotfast???|23\/100\n|move|p1a: imnotfast???|Dragon Pulse|p2a: Calyrex\n|-damage|p2a: Calyrex|32\/100\n|\n|-heal|p1a: imnotfast???|29\/100|[from] item: Leftovers\n|upkeep\n|turn|11\n|\n|t:|1700439005\n|move|p2a: Calyrex|Draining Kiss|p1a: imnotfast???\n|-supereffective|p1a: imnotfast???\n|-damage|p1a: imnotfast???|0 fnt\n|-heal|p2a: Calyrex|58\/100|[from] drain|[of] p1a: imnotfast???\n|faint|p1a: imnotfast???\n|-ability|p2a: Calyrex|Grim Neigh|boost\n|-boost|p2a: Calyrex|spa|1\n|\n|upkeep\n|\n|t:|1700439018\n|switch|p1a: ShadowHorseRider|Calyrex-Shadow|88\/100\n|-ability|p1a: ShadowHorseRider|As One\n|-ability|p1a: ShadowHorseRider|Unnerve\n|-damage|p1a: ShadowHorseRider|76\/100|[from] Stealth Rock\n|turn|12\n|\n|t:|1700439024\n|-terastallize|p1a: ShadowHorseRider|Dark\n|move|p1a: ShadowHorseRider|Astral Barrage|p2a: Calyrex\n|-supereffective|p2a: Calyrex\n|-damage|p2a: Calyrex|0 fnt\n|faint|p2a: Calyrex\n|-ability|p1a: ShadowHorseRider|Grim Neigh|boost\n|-boost|p1a: ShadowHorseRider|spa|1\n|\n|upkeep\n|\n|t:|1700439031\n|switch|p2a: Ditto|Ditto|100\/100\n|-damage|p2a: Ditto|88\/100|[from] Stealth Rock\n|-transform|p2a: Ditto|p1a: ShadowHorseRider|[from] ability: Imposter\n|-start|p2a: Ditto|typechange|Psychic\/Ghost|[silent]\n|turn|13\n|\n|t:|1700439041\n|move|p1a: ShadowHorseRider|Astral Barrage|p2a: Ditto\n|-supereffective|p2a: Ditto\n|-damage|p2a: Ditto|0 fnt\n|faint|p2a: Ditto\n|-ability|p1a: ShadowHorseRider|Grim Neigh|boost\n|-boost|p1a: ShadowHorseRider|spa|1\n|\n|-fieldend|move: Electric Terrain\n|upkeep\n|\n|t:|1700439045\n|switch|p2a: Miraidon|Miraidon|100\/100\n|-fieldstart|move: Electric Terrain|[from] ability: Hadron Engine|[of] p2a: Miraidon\n|turn|14\n|\n|t:|1700439048\n|move|p1a: ShadowHorseRider|Astral Barrage|p2a: Miraidon\n|-damage|p2a: Miraidon|0 fnt\n|faint|p2a: Miraidon\n|\n|win|isurmomcuteaf\n|l|\u203dquaxli\n|l|\u2606isurmomcuteaf\n|j|\u2606isurmomcuteaf\n|player|p1|isurmomcuteaf|ghetsis-gen5bw\n","uploadtime":1700439164,"views":4,"p1id":"isurmomcuteaf","p2id":"quaxli","formatid":"gen9anythinggoes","rating":0,"private":0,"password":""}