{"id":"gen9anythinggoes-1981093478","p1":"Ai is good","p2":"hoenn militian","format":"[Gen 9] Anything Goes","log":"|j|\u2606Ai is good\n|j|\u2606hoenn militian\n|t:|1698863016\n|gametype|singles\n|player|p1|Ai is good|lillie-masters|1596\n|player|p2|hoenn militian|101|1842\n|teamsize|p1|6\n|teamsize|p2|6\n|gen|9\n|tier|[Gen 9] Anything Goes\n|rated|\n|rule|HP Percentage Mod: HP is shown in percentages\n|rule|Endless Battle Clause: Forcing endless battles is banned\n|clearpoke\n|poke|p1|Ribombee, M|\n|poke|p1|Calyrex-Shadow|\n|poke|p1|Koraidon|\n|poke|p1|Vivillon, F|\n|poke|p1|Arceus|\n|poke|p1|Landorus-Therian, M|\n|poke|p2|Miraidon|\n|poke|p2|Grimmsnarl, M|\n|poke|p2|Skeledirge, F|\n|poke|p2|Blissey, F|\n|poke|p2|Moltres|\n|poke|p2|Calyrex-Ice|\n|teampreview\n|inactive|Battle timer is ON: inactive players will automatically lose when time's up. (requested by Ai is good)\n|\n|t:|1698863027\n|start\n|switch|p1a: Ribombee|Ribombee, M|100\/100\n|switch|p2a: Miraidon|Miraidon|100\/100\n|-fieldstart|move: Electric Terrain|[from] ability: Hadron Engine|[of] p2a: Miraidon\n|turn|1\n|\n|t:|1698863033\n|move|p2a: Miraidon|Electro Drift|p1a: Ribombee\n|-enditem|p1a: Ribombee|Focus Sash\n|-damage|p1a: Ribombee|1\/100\n|move|p1a: Ribombee|Sticky Web|p2a: Miraidon\n|-sidestart|p2: hoenn militian|move: Sticky Web\n|\n|upkeep\n|turn|2\n|\n|t:|1698863042\n|switch|p1a: Koraidon|Koraidon|100\/100\n|-weather|SunnyDay|[from] ability: Orichalcum Pulse|[of] p1a: Koraidon\n|-activate|p1a: Koraidon|Orichalcum Pulse|[source]\n|move|p2a: Miraidon|U-turn|p1a: Koraidon\n|-resisted|p1a: Koraidon\n|-damage|p1a: Koraidon|95\/100\n|\n|t:|1698863049\n|switch|p2a: Moltres|Moltres|100\/100|[from] U-turn\n|\n|-weather|SunnyDay|[upkeep]\n|upkeep\n|turn|3\n|\n|t:|1698863055\n|move|p1a: Koraidon|Scale Shot|p2a: Moltres\n|-damage|p2a: Moltres|88\/100\n|-damage|p2a: Moltres|75\/100\n|-damage|p2a: Moltres|63\/100\n|-damage|p2a: Moltres|50\/100\n|-damage|p2a: Moltres|38\/100\n|-hitcount|p2a: Moltres|5\n|-unboost|p1a: Koraidon|def|1\n|-boost|p1a: Koraidon|spe|1\n|move|p2a: Moltres|Burning Jealousy|p1a: Koraidon\n|-resisted|p1a: Koraidon\n|-damage|p1a: Koraidon|75\/100\n|-status|p1a: Koraidon|brn\n|\n|-weather|SunnyDay|[upkeep]\n|-damage|p1a: Koraidon|69\/100 brn|[from] brn\n|upkeep\n|turn|4\n|\n|t:|1698863070\n|move|p1a: Koraidon|Scale Shot|p2a: Moltres\n|-damage|p2a: Moltres|32\/100\n|-damage|p2a: Moltres|26\/100\n|-damage|p2a: Moltres|20\/100\n|-damage|p2a: Moltres|14\/100\n|-damage|p2a: Moltres|8\/100\n|-hitcount|p2a: Moltres|5\n|-unboost|p1a: Koraidon|def|1\n|-boost|p1a: Koraidon|spe|1\n|move|p2a: Moltres|Roost|p2a: Moltres\n|-heal|p2a: Moltres|58\/100\n|-singleturn|p2a: Moltres|move: Roost\n|\n|-weather|SunnyDay|[upkeep]\n|-damage|p1a: Koraidon|63\/100 brn|[from] brn\n|upkeep\n|turn|5\n|\n|t:|1698863091\n|move|p1a: Koraidon|Swords Dance|p1a: Koraidon\n|-boost|p1a: Koraidon|atk|2\n|move|p2a: Moltres|U-turn|p1a: Koraidon\n|-resisted|p1a: Koraidon\n|-damage|p1a: Koraidon|49\/100 brn\n|\n|t:|1698863099\n|switch|p2a: Skeledirge|Skeledirge, F|100\/100|[from] U-turn\n|\n|-weather|SunnyDay|[upkeep]\n|-damage|p1a: Koraidon|43\/100 brn|[from] brn\n|-fieldend|move: Electric Terrain\n|upkeep\n|turn|6\n|inactive|Ai is good has 120 seconds left.\n|\n|t:|1698863129\n|move|p1a: Koraidon|Scale Shot|p2a: Skeledirge\n|-damage|p2a: Skeledirge|95\/100\n|-damage|p2a: Skeledirge|90\/100\n|-damage|p2a: Skeledirge|85\/100\n|-damage|p2a: Skeledirge|79\/100\n|-damage|p2a: Skeledirge|74\/100\n|-hitcount|p2a: Skeledirge|5\n|-unboost|p1a: Koraidon|def|1\n|-boost|p1a: Koraidon|spe|1\n|move|p2a: Skeledirge|Hex|p1a: Koraidon\n|-damage|p1a: Koraidon|0 fnt\n|faint|p1a: Koraidon\n|\n|-weather|none\n|upkeep\n|\n|t:|1698863132\n|switch|p1a: Landorus|Landorus-Therian, M|100\/100\n|-ability|p1a: Landorus|Intimidate|boost\n|-unboost|p2a: Skeledirge|atk|1\n|turn|7\n|\n|t:|1698863146\n|switch|p2a: Moltres|Moltres|58\/100\n|move|p1a: Landorus|Stealth Rock|p2a: Moltres\n|-sidestart|p2: hoenn militian|move: Stealth Rock\n|\n|upkeep\n|turn|8\n|\n|t:|1698863157\n|move|p1a: Landorus|Taunt|p2a: Moltres\n|-start|p2a: Moltres|move: Taunt\n|cant|p2a: Moltres|move: Taunt|Will-O-Wisp\n|\n|upkeep\n|turn|9\n|\n|t:|1698863161\n|switch|p1a: Ribombee|Ribombee, M|1\/100\n|move|p2a: Moltres|U-turn|p1a: Ribombee\n|-resisted|p1a: Ribombee\n|-damage|p1a: Ribombee|0 fnt\n|faint|p1a: Ribombee\n|\n|t:|1698863173\n|switch|p2a: Grimmsnarl|Grimmsnarl, M|100\/100|[from] U-turn\n|\n|upkeep\n|\n|t:|1698863180\n|switch|p1a: Vivillon|Vivillon, F|100\/100\n|turn|10\n|\n|t:|1698863184\n|move|p2a: Grimmsnarl|Parting Shot|p1a: Vivillon\n|-unboost|p1a: Vivillon|atk|1\n|-unboost|p1a: Vivillon|spa|1\n|\n|t:|1698863188\n|switch|p2a: Miraidon|Miraidon|100\/100|[from] Parting Shot\n|-fieldstart|move: Electric Terrain|[from] ability: Hadron Engine|[of] p2a: Miraidon\n|move|p1a: Vivillon|Sleep Powder|p2a: Miraidon\n|-activate|p2a: Miraidon|move: Electric Terrain\n|\n|upkeep\n|turn|11\n|\n|t:|1698863195\n|move|p2a: Miraidon|Dragon Pulse|p1a: Vivillon\n|-enditem|p1a: Vivillon|Focus Sash\n|-damage|p1a: Vivillon|1\/100\n|move|p1a: Vivillon|Quiver Dance|p1a: Vivillon\n|-boost|p1a: Vivillon|spa|1\n|-boost|p1a: Vivillon|spd|1\n|-boost|p1a: Vivillon|spe|1\n|\n|upkeep\n|turn|12\n|\n|t:|1698863204\n|move|p1a: Vivillon|Hurricane|p2a: Miraidon\n|-resisted|p2a: Miraidon\n|-damage|p2a: Miraidon|81\/100\n|-start|p2a: Miraidon|confusion\n|-activate|p2a: Miraidon|confusion\n|move|p2a: Miraidon|Dragon Pulse|p1a: Vivillon\n|-damage|p1a: Vivillon|0 fnt\n|faint|p1a: Vivillon\n|\n|upkeep\n|\n|t:|1698863209\n|switch|p1a: Arceus|Arceus|100\/100\n|turn|13\n|\n|t:|1698863216\n|switch|p2a: Moltres|Moltres|58\/100\n|move|p1a: Arceus|Bulk Up|p1a: Arceus\n|-boost|p1a: Arceus|atk|1\n|-boost|p1a: Arceus|def|1\n|\n|upkeep\n|turn|14\n|\n|t:|1698863224\n|move|p1a: Arceus|Extreme Speed|p2a: Moltres\n|-damage|p2a: Moltres|15\/100\n|move|p2a: Moltres|Burning Jealousy|p1a: Arceus\n|-damage|p1a: Arceus|80\/100\n|\n|-fieldend|move: Electric Terrain\n|upkeep\n|turn|15\n|\n|t:|1698863231\n|move|p1a: Arceus|Extreme Speed|p2a: Moltres\n|-damage|p2a: Moltres|0 fnt\n|faint|p2a: Moltres\n|\n|upkeep\n|\n|t:|1698863236\n|switch|p2a: Skeledirge|Skeledirge, F|74\/100\n|turn|16\n|\n|t:|1698863242\n|switch|p1a: Calyrex|Calyrex-Shadow|100\/100\n|-ability|p1a: Calyrex|As One\n|-ability|p1a: Calyrex|Unnerve\n|move|p2a: Skeledirge|Slack Off|p2a: Skeledirge\n|-heal|p2a: Skeledirge|100\/100\n|\n|upkeep\n|turn|17\n|\n|t:|1698863250\n|switch|p2a: Grimmsnarl|Grimmsnarl, M|100\/100\n|move|p1a: Calyrex|Astral Barrage|p2a: Grimmsnarl\n|-resisted|p2a: Grimmsnarl\n|-damage|p2a: Grimmsnarl|63\/100\n|-damage|p1a: Calyrex|91\/100|[from] item: Life Orb\n|\n|upkeep\n|turn|18\n|\n|t:|1698863259\n|switch|p1a: Landorus|Landorus-Therian, M|100\/100\n|-ability|p1a: Landorus|Intimidate|boost\n|-unboost|p2a: Grimmsnarl|atk|1\n|move|p2a: Grimmsnarl|Spirit Break|p1a: Landorus\n|-damage|p1a: Landorus|82\/100\n|-unboost|p1a: Landorus|spa|1\n|-damage|p2a: Grimmsnarl|46\/100|[from] item: Rocky Helmet|[of] p1a: Landorus\n|\n|upkeep\n|turn|19\n|\n|t:|1698863268\n|move|p2a: Grimmsnarl|Parting Shot|p1a: Landorus\n|-unboost|p1a: Landorus|atk|1\n|-unboost|p1a: Landorus|spa|1\n|\n|t:|1698863273\n|switch|p2a: Calyrex|Calyrex-Ice|100\/100|[from] Parting Shot\n|-ability|p2a: Calyrex|As One\n|-ability|p2a: Calyrex|Unnerve\n|move|p1a: Landorus|Earthquake|p2a: Calyrex\n|-crit|p2a: Calyrex\n|-damage|p2a: Calyrex|62\/100\n|\n|upkeep\n|turn|20\n|\n|t:|1698863286\n|move|p1a: Landorus|Earthquake|p2a: Calyrex\n|-damage|p2a: Calyrex|44\/100\n|move|p2a: Calyrex|Glacial Lance|p1a: Landorus\n|-supereffective|p1a: Landorus\n|-damage|p1a: Landorus|0 fnt\n|faint|p1a: Landorus\n|-ability|p2a: Calyrex|Chilling Neigh|boost\n|-boost|p2a: Calyrex|atk|1\n|\n|upkeep\n|\n|t:|1698863288\n|switch|p1a: Calyrex|Calyrex-Shadow|91\/100\n|-ability|p1a: Calyrex|As One\n|-ability|p1a: Calyrex|Unnerve\n|turn|21\n|\n|t:|1698863299\n|switch|p2a: Blissey|Blissey, F|100\/100\n|move|p1a: Calyrex|Astral Barrage|p2a: Blissey\n|-immune|p2a: Blissey\n|\n|upkeep\n|turn|22\n|\n|t:|1698863306\n|switch|p1a: Arceus|Arceus|80\/100\n|switch|p2a: Grimmsnarl|Grimmsnarl, M|46\/100\n|\n|upkeep\n|turn|23\n|\n|t:|1698863312\n|switch|p2a: Skeledirge|Skeledirge, F|100\/100\n|move|p1a: Arceus|Bulk Up|p1a: Arceus\n|-boost|p1a: Arceus|atk|1\n|-boost|p1a: Arceus|def|1\n|\n|upkeep\n|turn|24\n|\n|t:|1698863318\n|-terastallize|p1a: Arceus|Ghost\n|move|p1a: Arceus|Shadow Claw|p2a: Skeledirge\n|-supereffective|p2a: Skeledirge\n|-crit|p2a: Skeledirge\n|-damage|p2a: Skeledirge|26\/100\n|move|p2a: Skeledirge|Will-O-Wisp|p1a: Arceus\n|-status|p1a: Arceus|brn\n|\n|-damage|p1a: Arceus|74\/100 brn|[from] brn\n|upkeep\n|turn|25\n|\n|t:|1698863340\n|move|p1a: Arceus|Shadow Claw|p2a: Skeledirge\n|-supereffective|p2a: Skeledirge\n|-damage|p2a: Skeledirge|2\/100\n|move|p2a: Skeledirge|Slack Off|p2a: Skeledirge\n|-heal|p2a: Skeledirge|52\/100\n|\n|-damage|p1a: Arceus|68\/100 brn|[from] brn\n|upkeep\n|turn|26\n|\n|t:|1698863349\n|move|p1a: Arceus|Shadow Claw|p2a: Skeledirge\n|-supereffective|p2a: Skeledirge\n|-crit|p2a: Skeledirge\n|-damage|p2a: Skeledirge|16\/100\n|move|p2a: Skeledirge|Slack Off|p2a: Skeledirge\n|-heal|p2a: Skeledirge|66\/100\n|\n|-damage|p1a: Arceus|62\/100 brn|[from] brn\n|upkeep\n|turn|27\n|\n|t:|1698863362\n|move|p1a: Arceus|Shadow Claw|p2a: Skeledirge\n|-supereffective|p2a: Skeledirge\n|-damage|p2a: Skeledirge|42\/100\n|move|p2a: Skeledirge|Hex|p1a: Arceus\n|-supereffective|p1a: Arceus\n|-damage|p1a: Arceus|0 fnt\n|faint|p1a: Arceus\n|\n|upkeep\n|\n|t:|1698863365\n|switch|p1a: Calyrex|Calyrex-Shadow|91\/100\n|-ability|p1a: Calyrex|As One\n|-ability|p1a: Calyrex|Unnerve\n|turn|28\n|\n|t:|1698863378\n|move|p1a: Calyrex|Astral Barrage|p2a: Skeledirge\n|-supereffective|p2a: Skeledirge\n|-damage|p2a: Skeledirge|0 fnt\n|faint|p2a: Skeledirge\n|-ability|p1a: Calyrex|Grim Neigh|boost\n|-boost|p1a: Calyrex|spa|1\n|-damage|p1a: Calyrex|81\/100|[from] item: Life Orb\n|\n|upkeep\n|\n|t:|1698863387\n|switch|p2a: Grimmsnarl|Grimmsnarl, M|46\/100\n|turn|29\n|\n|t:|1698863396\n|move|p2a: Grimmsnarl|Sucker Punch|p1a: Calyrex\n|-supereffective|p1a: Calyrex\n|-damage|p1a: Calyrex|0 fnt\n|faint|p1a: Calyrex\n|\n|win|hoenn militian\n|raw|Ai is good's rating: 1610 &rarr; <strong>1602<\/strong><br \/>(-8 for losing)\n|raw|hoenn militian's rating: 1842 &rarr; <strong>1850<\/strong><br \/>(+8 for winning)\n|l|\u2606Ai is good\n|j|\u2606Ai is good\n|player|p1|Ai is good|lillie-masters\n|l|\u2606Ai is good\n|player|p1|\n|j|\u2606Ai is good\n|player|p1|Ai is good|lillie-masters\n|l|\u2606Ai is good\n|player|p1|\n","uploadtime":1698863407,"views":11,"p1id":"aiisgood","p2id":"hoennmilitian","formatid":"gen9anythinggoes","rating":1602,"private":0,"password":""}