{"id":"gen9anythinggoes-1981783953","p1":"Thunderblaze120","p2":"IAMK4M1","format":"[Gen 9] Anything Goes","log":"|j|\u2606Thunderblaze120\n|j|\u2606IAMK4M1\n|t:|1698941352\n|gametype|singles\n|player|p1|Thunderblaze120|1|1027\n|player|p2|IAMK4M1|sada-ai|1003\n|teamsize|p1|6\n|teamsize|p2|6\n|gen|9\n|tier|[Gen 9] Anything Goes\n|rated|\n|rule|HP Percentage Mod: HP is shown in percentages\n|rule|Endless Battle Clause: Forcing endless battles is banned\n|clearpoke\n|poke|p1|Ambipom, M|\n|poke|p1|Ambipom, F|\n|poke|p1|Ambipom, F|\n|poke|p1|Ambipom, M|\n|poke|p1|Ambipom, M|\n|poke|p1|Regieleki|\n|poke|p2|Iron Valiant|\n|poke|p2|Roaring Moon|\n|poke|p2|Dragonite, F|\n|poke|p2|Espathra, F|\n|poke|p2|Drifblim, M|\n|poke|p2|Krookodile, F|\n|teampreview\n|inactive|Battle timer is ON: inactive players will automatically lose when time's up. (requested by IAMK4M1)\n|c|\u2606IAMK4M1|WHAT\n|\n|t:|1698941361\n|start\n|switch|p1a: Ambipom|Ambipom, M|100\/100\n|switch|p2a: Drifblim|Drifblim, M|100\/100\n|turn|1\n|\n|t:|1698941367\n|move|p1a: Ambipom|Fake Out|p2a: Drifblim\n|-immune|p2a: Drifblim\n|move|p2a: Drifblim|Minimize|p2a: Drifblim\n|-boost|p2a: Drifblim|evasion|2\n|\n|upkeep\n|turn|2\n|\n|t:|1698941373\n|move|p1a: Ambipom|Fling|p2a: Drifblim\n|-supereffective|p2a: Drifblim\n|-damage|p2a: Drifblim|77\/100\n|-enditem|p1a: Ambipom|Razor Fang|[from] move: Fling\n|cant|p2a: Drifblim|flinch\n|\n|upkeep\n|turn|3\n|\n|t:|1698941380\n|move|p1a: Ambipom|Acrobatics|p2a: Drifblim|[miss]\n|-miss|p1a: Ambipom|p2a: Drifblim\n|move|p2a: Drifblim|Minimize|p2a: Drifblim\n|-boost|p2a: Drifblim|evasion|2\n|\n|upkeep\n|turn|4\n|\n|t:|1698941387\n|move|p1a: Ambipom|Acrobatics|p2a: Drifblim\n|-damage|p2a: Drifblim|38\/100\n|move|p2a: Drifblim|Minimize|p2a: Drifblim\n|-boost|p2a: Drifblim|evasion|2\n|\n|upkeep\n|turn|5\n|\n|t:|1698941395\n|move|p1a: Ambipom|Acrobatics|p2a: Drifblim|[miss]\n|-miss|p1a: Ambipom|p2a: Drifblim\n|move|p2a: Drifblim|Baton Pass|p2a: Drifblim\n|\n|t:|1698941400\n|switch|p2a: Espathra|Espathra, F|100\/100|[from] Baton Pass\n|\n|upkeep\n|turn|6\n|\n|t:|1698941418\n|move|p2a: Espathra|Calm Mind|p2a: Espathra\n|-boost|p2a: Espathra|spa|1\n|-boost|p2a: Espathra|spd|1\n|move|p1a: Ambipom|Acrobatics|p2a: Espathra\n|-damage|p2a: Espathra|50\/100\n|\n|-ability|p2a: Espathra|Speed Boost|boost\n|-boost|p2a: Espathra|spe|1\n|upkeep\n|turn|7\n|\n|t:|1698941435\n|-terastallize|p1a: Ambipom|Normal\n|move|p2a: Espathra|Stored Power|p1a: Ambipom\n|-damage|p1a: Ambipom|0 fnt\n|faint|p1a: Ambipom\n|\n|-ability|p2a: Espathra|Speed Boost|boost\n|-boost|p2a: Espathra|spe|1\n|upkeep\n|\n|t:|1698941439\n|switch|p1a: Ambipom|Ambipom, F|100\/100\n|turn|8\n|\n|t:|1698941445\n|move|p2a: Espathra|Roost|p2a: Espathra\n|-heal|p2a: Espathra|100\/100\n|-singleturn|p2a: Espathra|move: Roost\n|move|p1a: Ambipom|Fling|p2a: Espathra|[miss]\n|-miss|p1a: Ambipom|p2a: Espathra\n|-enditem|p1a: Ambipom|Razor Fang|[from] move: Fling\n|\n|-ability|p2a: Espathra|Speed Boost|boost\n|-boost|p2a: Espathra|spe|1\n|upkeep\n|turn|9\n|\n|t:|1698941455\n|move|p2a: Espathra|Calm Mind|p2a: Espathra\n|-boost|p2a: Espathra|spa|1\n|-boost|p2a: Espathra|spd|1\n|move|p1a: Ambipom|Acrobatics|p2a: Espathra|[miss]\n|-miss|p1a: Ambipom|p2a: Espathra\n|\n|-ability|p2a: Espathra|Speed Boost|boost\n|-boost|p2a: Espathra|spe|1\n|upkeep\n|turn|10\n|\n|t:|1698941465\n|move|p2a: Espathra|Calm Mind|p2a: Espathra\n|-boost|p2a: Espathra|spa|1\n|-boost|p2a: Espathra|spd|1\n|move|p1a: Ambipom|Acrobatics|p2a: Espathra|[miss]\n|-miss|p1a: Ambipom|p2a: Espathra\n|\n|-ability|p2a: Espathra|Speed Boost|boost\n|-boost|p2a: Espathra|spe|1\n|upkeep\n|turn|11\n|\n|t:|1698941474\n|move|p2a: Espathra|Calm Mind|p2a: Espathra\n|-boost|p2a: Espathra|spa|1\n|-boost|p2a: Espathra|spd|1\n|move|p1a: Ambipom|Acrobatics|p2a: Espathra|[miss]\n|-miss|p1a: Ambipom|p2a: Espathra\n|\n|-ability|p2a: Espathra|Speed Boost|boost\n|-boost|p2a: Espathra|spe|1\n|upkeep\n|turn|12\n|\n|t:|1698941482\n|switch|p1a: Regieleki|Regieleki|100\/100\n|move|p2a: Espathra|Calm Mind|p2a: Espathra\n|-boost|p2a: Espathra|spa|1\n|-boost|p2a: Espathra|spd|1\n|\n|upkeep\n|turn|13\n|\n|t:|1698941499\n|move|p2a: Espathra|Calm Mind|p2a: Espathra\n|-boost|p2a: Espathra|spa|1\n|-boost|p2a: Espathra|spd|1\n|move|p1a: Regieleki|Electro Ball|p2a: Espathra|[miss]\n|-miss|p1a: Regieleki|p2a: Espathra\n|\n|upkeep\n|turn|14\n|\n|t:|1698941509\n|move|p2a: Espathra|Baton Pass|p2a: Espathra\n|\n|t:|1698941512\n|switch|p2a: Krookodile|Krookodile, F|100\/100|[from] Baton Pass\n|move|p1a: Regieleki|Thunder Cage|p2a: Krookodile\n|-immune|p2a: Krookodile\n|\n|upkeep\n|turn|15\n|\n|t:|1698941519\n|move|p1a: Regieleki|Extreme Speed|p2a: Krookodile\n|-crit|p2a: Krookodile\n|-damage|p2a: Krookodile|67\/100\n|move|p2a: Krookodile|Bulk Up|p2a: Krookodile\n|-boost|p2a: Krookodile|atk|1\n|-boost|p2a: Krookodile|def|1\n|\n|-heal|p2a: Krookodile|73\/100|[from] item: Leftovers\n|upkeep\n|turn|16\n|\n|t:|1698941527\n|move|p1a: Regieleki|Extreme Speed|p2a: Krookodile|[miss]\n|-miss|p1a: Regieleki|p2a: Krookodile\n|move|p2a: Krookodile|Substitute|p2a: Krookodile\n|-start|p2a: Krookodile|Substitute\n|-damage|p2a: Krookodile|48\/100\n|\n|-heal|p2a: Krookodile|54\/100|[from] item: Leftovers\n|upkeep\n|turn|17\n|\n|t:|1698941536\n|switch|p1a: Ambipom|Ambipom, F|100\/100\n|move|p2a: Krookodile|Bulk Up|p2a: Krookodile\n|-boost|p2a: Krookodile|atk|1\n|-boost|p2a: Krookodile|def|1\n|\n|-heal|p2a: Krookodile|60\/100|[from] item: Leftovers\n|upkeep\n|turn|18\n|\n|t:|1698941543\n|move|p1a: Ambipom|Fake Out|p2a: Krookodile|[miss]\n|-miss|p1a: Ambipom|p2a: Krookodile\n|move|p2a: Krookodile|Bulk Up|p2a: Krookodile\n|-boost|p2a: Krookodile|atk|1\n|-boost|p2a: Krookodile|def|1\n|\n|-heal|p2a: Krookodile|67\/100|[from] item: Leftovers\n|upkeep\n|turn|19\n|inactive|Thunderblaze120 has 120 seconds left.\n|\n|t:|1698941580\n|move|p1a: Ambipom|Fake Out||[still]\n|-hint|Fake Out only works on your first turn out.\n|-fail|p1a: Ambipom\n|move|p2a: Krookodile|Bulk Up|p2a: Krookodile\n|-boost|p2a: Krookodile|atk|1\n|-boost|p2a: Krookodile|def|1\n|\n|-heal|p2a: Krookodile|73\/100|[from] item: Leftovers\n|upkeep\n|turn|20\n|c|\u2606IAMK4M1|whats wrong\n|\n|t:|1698941590\n|move|p2a: Krookodile|Bulk Up|p2a: Krookodile\n|-boost|p2a: Krookodile|atk|1\n|-boost|p2a: Krookodile|def|1\n|move|p1a: Ambipom|Fling|p2a: Krookodile|[miss]\n|-miss|p1a: Ambipom|p2a: Krookodile\n|-enditem|p1a: Ambipom|Razor Fang|[from] move: Fling\n|\n|-heal|p2a: Krookodile|79\/100|[from] item: Leftovers\n|upkeep\n|turn|21\n|\n|t:|1698941601\n|move|p2a: Krookodile|Bulk Up|p2a: Krookodile\n|-boost|p2a: Krookodile|atk|1\n|-boost|p2a: Krookodile|def|1\n|move|p1a: Ambipom|Acrobatics|p2a: Krookodile|[miss]\n|-miss|p1a: Ambipom|p2a: Krookodile\n|\n|-heal|p2a: Krookodile|85\/100|[from] item: Leftovers\n|upkeep\n|turn|22\n|\n|t:|1698941630\n|move|p2a: Krookodile|Power Trip|p1a: Ambipom\n|-damage|p1a: Ambipom|0 fnt\n|faint|p1a: Ambipom\n|\n|-heal|p2a: Krookodile|91\/100|[from] item: Leftovers\n|upkeep\n|\n|t:|1698941636\n|switch|p1a: Ambipom|Ambipom, M|100\/100\n|turn|23\n|\n|t:|1698941640\n|move|p1a: Ambipom|Fake Out|p2a: Krookodile\n|-activate|p2a: Krookodile|move: Substitute|[damage]\n|move|p2a: Krookodile|Power Trip|p1a: Ambipom\n|-damage|p1a: Ambipom|0 fnt\n|faint|p1a: Ambipom\n|\n|-heal|p2a: Krookodile|98\/100|[from] item: Leftovers\n|upkeep\n|\n|t:|1698941646\n|switch|p1a: Ambipom|Ambipom, M|100\/100\n|turn|24\n|\n|t:|1698941655\n|-terastallize|p2a: Krookodile|Dark\n|move|p1a: Ambipom|Fake Out|p2a: Krookodile|[miss]\n|-miss|p1a: Ambipom|p2a: Krookodile\n|move|p2a: Krookodile|Power Trip|p1a: Ambipom\n|-damage|p1a: Ambipom|0 fnt\n|faint|p1a: Ambipom\n|\n|-heal|p2a: Krookodile|100\/100|[from] item: Leftovers\n|upkeep\n|\n|t:|1698941659\n|switch|p1a: Ambipom|Ambipom, F|100\/100\n|turn|25\n|\n|t:|1698941670\n|move|p2a: Krookodile|Power Trip|p1a: Ambipom\n|-crit|p1a: Ambipom\n|-damage|p1a: Ambipom|0 fnt\n|faint|p1a: Ambipom\n|\n|upkeep\n|\n|t:|1698941675\n|switch|p1a: Regieleki|Regieleki|100\/100\n|turn|26\n|\n|t:|1698941683\n|move|p1a: Regieleki|Extreme Speed|p2a: Krookodile\n|-activate|p2a: Krookodile|move: Substitute|[damage]\n|move|p2a: Krookodile|Power Trip|p1a: Regieleki\n|-damage|p1a: Regieleki|0 fnt\n|faint|p1a: Regieleki\n|\n|win|IAMK4M1\n|raw|Thunderblaze120's rating: 1027 &rarr; <strong>1012<\/strong><br \/>(-15 for losing)\n|raw|IAMK4M1's rating: 1003 &rarr; <strong>1045<\/strong><br \/>(+42 for winning)\n","uploadtime":1698941699,"views":37,"p1id":"thunderblaze120","p2id":"iamk4m1","formatid":"gen9anythinggoes","rating":1012,"private":0,"password":""}