{"id":"gen9anythinggoes-1987573152","p1":"yeahaightthen","p2":"U got blocked","format":"[Gen 9] Anything Goes","log":"|j|\u203dyeahaightthen\n|j|\u2606U got blocked\n|t:|1699614061\n|gametype|singles\n|player|p1|yeahaightthen|roxie|1252\n|player|p2|U got blocked|juggler|1396\n|teamsize|p1|6\n|teamsize|p2|6\n|gen|9\n|tier|[Gen 9] Anything Goes\n|rated|\n|rule|HP Percentage Mod: HP is shown in percentages\n|rule|Endless Battle Clause: Forcing endless battles is banned\n|clearpoke\n|poke|p1|Mimikyu, F|\n|poke|p1|Mimikyu, F|\n|poke|p1|Mimikyu, M|\n|poke|p1|Mimikyu, F|\n|poke|p1|Mimikyu, M|\n|poke|p1|Mimikyu, M|\n|poke|p2|Scizor, M|\n|poke|p2|Slowking, M|\n|poke|p2|Basculegion, M|\n|poke|p2|Ribombee, M|\n|poke|p2|Walking Wake|\n|poke|p2|Chien-Pao|\n|teampreview\n|inactive|Battle timer is ON: inactive players will automatically lose when time's up. (requested by U got blocked)\n|inactive|yeahaightthen also wants the timer to be on.\n|\n|t:|1699614073\n|start\n|switch|p1a: Mimikyu|Mimikyu, M|100\/100\n|switch|p2a: Ribombee|Ribombee, M, shiny|100\/100\n|turn|1\n|\n|t:|1699614078\n|move|p2a: Ribombee|Switcheroo|p1a: Mimikyu\n|-activate|p2a: Ribombee|move: Trick|[of] p1a: Mimikyu\n|-item|p1a: Mimikyu|Choice Scarf|[from] move: Switcheroo\n|-item|p2a: Ribombee|Leftovers|[from] move: Switcheroo\n|move|p1a: Mimikyu|Double Team|p1a: Mimikyu\n|-boost|p1a: Mimikyu|evasion|1\n|\n|upkeep\n|turn|2\n|\n|t:|1699614089\n|switch|p1a: Mimikyu|Mimikyu, F|100\/100\n|move|p2a: Ribombee|Sticky Web|p1a: Mimikyu\n|-sidestart|p1: yeahaightthen|move: Sticky Web\n|\n|upkeep\n|turn|3\n|\n|t:|1699614095\n|move|p2a: Ribombee|Imprison|p2a: Ribombee\n|-start|p2a: Ribombee|move: Imprison\n|move|p1a: Mimikyu|Thunder Wave|p2a: Ribombee\n|-status|p2a: Ribombee|par\n|\n|upkeep\n|turn|4\n|\n|t:|1699614103\n|move|p1a: Mimikyu|Night Shade|p2a: Ribombee\n|-damage|p2a: Ribombee|69\/100 par\n|move|p2a: Ribombee|Moonblast|p1a: Mimikyu\n|-activate|p1a: Mimikyu|ability: Disguise\n|-damage|p1a: Mimikyu|100\/100\n|detailschange|p1a: Mimikyu|Mimikyu-Busted, F\n|-damage|p1a: Mimikyu|88\/100|[from] pokemon: Mimikyu-Busted\n|\n|-heal|p1a: Mimikyu|94\/100|[from] item: Leftovers\n|-heal|p2a: Ribombee|75\/100 par|[from] item: Leftovers\n|upkeep\n|turn|5\n|\n|t:|1699614124\n|move|p1a: Mimikyu|Night Shade|p2a: Ribombee\n|-damage|p2a: Ribombee|43\/100 par\n|move|p2a: Ribombee|Moonblast|p1a: Mimikyu\n|-damage|p1a: Mimikyu|53\/100\n|\n|-heal|p1a: Mimikyu|59\/100|[from] item: Leftovers\n|-heal|p2a: Ribombee|49\/100 par|[from] item: Leftovers\n|upkeep\n|turn|6\n|\n|t:|1699614130\n|switch|p2a: Scizor|Scizor, M|100\/100\n|move|p1a: Mimikyu|Night Shade|p2a: Scizor\n|-damage|p2a: Scizor|71\/100\n|\n|-heal|p1a: Mimikyu|65\/100|[from] item: Leftovers\n|upkeep\n|turn|7\n|\n|t:|1699614133\n|move|p2a: Scizor|Bullet Punch|p1a: Mimikyu\n|-supereffective|p1a: Mimikyu\n|-damage|p1a: Mimikyu|0 fnt\n|faint|p1a: Mimikyu\n|\n|upkeep\n|\n|t:|1699614137\n|switch|p1a: Mimikyu|Mimikyu, F|100\/100\n|-activate|p1a: Mimikyu|move: Sticky Web\n|-unboost|p1a: Mimikyu|spe|1\n|turn|8\n|\n|t:|1699614141\n|move|p2a: Scizor|Bullet Punch|p1a: Mimikyu\n|-activate|p1a: Mimikyu|ability: Disguise\n|-damage|p1a: Mimikyu|100\/100\n|detailschange|p1a: Mimikyu|Mimikyu-Busted, F\n|-damage|p1a: Mimikyu|88\/100|[from] pokemon: Mimikyu-Busted\n|move|p1a: Mimikyu|Burning Jealousy|p2a: Scizor\n|-supereffective|p2a: Scizor\n|-damage|p2a: Scizor|0 fnt\n|faint|p2a: Scizor\n|\n|upkeep\n|\n|t:|1699614160\n|switch|p2a: Chien-Pao|Chien-Pao|100\/100\n|-ability|p2a: Chien-Pao|Sword of Ruin\n|turn|9\n|\n|t:|1699614164\n|move|p2a: Chien-Pao|Crunch|p1a: Mimikyu\n|-damage|p1a: Mimikyu|0 fnt\n|faint|p1a: Mimikyu\n|\n|upkeep\n|\n|t:|1699614169\n|switch|p1a: Mimikyu|Mimikyu, F|100\/100\n|-activate|p1a: Mimikyu|move: Sticky Web\n|-unboost|p1a: Mimikyu|spe|1\n|turn|10\n|\n|t:|1699614173\n|move|p2a: Chien-Pao|Crunch|p1a: Mimikyu\n|-activate|p1a: Mimikyu|ability: Disguise\n|-damage|p1a: Mimikyu|100\/100\n|detailschange|p1a: Mimikyu|Mimikyu-Busted, F\n|-damage|p1a: Mimikyu|88\/100|[from] pokemon: Mimikyu-Busted\n|move|p1a: Mimikyu|Leech Life|p2a: Chien-Pao\n|-supereffective|p2a: Chien-Pao\n|-damage|p2a: Chien-Pao|39\/100\n|-heal|p1a: Mimikyu|100\/100|[from] drain|[of] p2a: Chien-Pao\n|\n|upkeep\n|turn|11\n|\n|t:|1699614187\n|move|p2a: Chien-Pao|Crunch|p1a: Mimikyu\n|-damage|p1a: Mimikyu|0 fnt\n|faint|p1a: Mimikyu\n|\n|upkeep\n|\n|t:|1699614189\n|switch|p1a: Mimikyu|Mimikyu, M|100\/100\n|-activate|p1a: Mimikyu|move: Sticky Web\n|-unboost|p1a: Mimikyu|spe|1\n|turn|12\n|\n|t:|1699614196\n|-terastallize|p1a: Mimikyu|Fighting\n|move|p2a: Chien-Pao|Crunch|p1a: Mimikyu\n|-activate|p1a: Mimikyu|ability: Disguise\n|-damage|p1a: Mimikyu|100\/100\n|detailschange|p1a: Mimikyu|Mimikyu-Busted, M, tera:Fighting\n|-damage|p1a: Mimikyu|88\/100|[from] pokemon: Mimikyu-Busted\n|move|p1a: Mimikyu|Bulk Up|p1a: Mimikyu\n|-boost|p1a: Mimikyu|atk|1\n|-boost|p1a: Mimikyu|def|1\n|\n|upkeep\n|turn|13\n|\n|t:|1699614202\n|move|p2a: Chien-Pao|Crunch|p1a: Mimikyu\n|-resisted|p1a: Mimikyu\n|-damage|p1a: Mimikyu|46\/100\n|move|p1a: Mimikyu|Drain Punch|p2a: Chien-Pao\n|-supereffective|p2a: Chien-Pao\n|-damage|p2a: Chien-Pao|0 fnt\n|-heal|p1a: Mimikyu|69\/100|[from] drain|[of] p2a: Chien-Pao\n|faint|p2a: Chien-Pao\n|-damage|p1a: Mimikyu|59\/100|[from] item: Life Orb\n|\n|upkeep\n|\n|t:|1699614219\n|switch|p2a: Ribombee|Ribombee, M, shiny|49\/100 par\n|turn|14\n|\n|t:|1699614225\n|move|p1a: Mimikyu|Play Rough|p2a: Ribombee\n|-damage|p2a: Ribombee|0 fnt\n|faint|p2a: Ribombee\n|-damage|p1a: Mimikyu|50\/100|[from] item: Life Orb\n|\n|upkeep\n|\n|t:|1699614232\n|switch|p2a: Basculegion|Basculegion, M|100\/100\n|turn|15\n|\n|t:|1699614234\n|move|p1a: Mimikyu|Shadow Sneak|p2a: Basculegion\n|-supereffective|p2a: Basculegion\n|-damage|p2a: Basculegion|20\/100\n|-damage|p1a: Mimikyu|40\/100|[from] item: Life Orb\n|move|p2a: Basculegion|Last Respects|p1a: Mimikyu\n|-damage|p1a: Mimikyu|0 fnt\n|faint|p1a: Mimikyu\n|\n|upkeep\n|\n|t:|1699614238\n|switch|p1a: Mimikyu|Mimikyu, M|100\/100\n|-activate|p1a: Mimikyu|move: Sticky Web\n|-unboost|p1a: Mimikyu|spe|1\n|turn|16\n|\n|t:|1699614242\n|move|p1a: Mimikyu|Shadow Sneak|p2a: Basculegion\n|-supereffective|p2a: Basculegion\n|-damage|p2a: Basculegion|0 fnt\n|faint|p2a: Basculegion\n|-damage|p1a: Mimikyu|91\/100|[from] item: Life Orb\n|\n|upkeep\n|\n|t:|1699614244\n|switch|p2a: Walking Wake|Walking Wake|100\/100\n|turn|17\n|\n|t:|1699614248\n|move|p2a: Walking Wake|Hydro Steam|p1a: Mimikyu\n|-activate|p1a: Mimikyu|ability: Disguise\n|-damage|p1a: Mimikyu|91\/100\n|detailschange|p1a: Mimikyu|Mimikyu-Busted, M\n|-damage|p1a: Mimikyu|78\/100|[from] pokemon: Mimikyu-Busted\n|move|p1a: Mimikyu|Play Rough|p2a: Walking Wake\n|-supereffective|p2a: Walking Wake\n|-damage|p2a: Walking Wake|18\/100\n|-damage|p1a: Mimikyu|68\/100|[from] item: Life Orb\n|\n|upkeep\n|turn|18\n|\n|t:|1699614259\n|move|p1a: Mimikyu|Shadow Sneak|p2a: Walking Wake\n|-damage|p2a: Walking Wake|0 fnt\n|faint|p2a: Walking Wake\n|-end|p2a: Walking Wake|Protosynthesis|[silent]\n|-damage|p1a: Mimikyu|58\/100|[from] item: Life Orb\n|\n|upkeep\n|\n|t:|1699614262\n|switch|p2a: Slowking|Slowking, M, shiny|100\/100\n|turn|19\n|\n|t:|1699614266\n|switch|p1a: Mimikyu|Mimikyu, M|100\/100\n|-activate|p1a: Mimikyu|move: Sticky Web\n|-unboost|p1a: Mimikyu|spe|1\n|-terastallize|p2a: Slowking|Fairy\n|move|p2a: Slowking|Tera Blast|p1a: Mimikyu|[anim] Tera Blast Fairy\n|-activate|p1a: Mimikyu|ability: Disguise\n|-damage|p1a: Mimikyu|100\/100\n|detailschange|p1a: Mimikyu|Mimikyu-Busted, M\n|-damage|p1a: Mimikyu|88\/100|[from] pokemon: Mimikyu-Busted\n|\n|upkeep\n|turn|20\n|\n|t:|1699614270\n|move|p1a: Mimikyu|Curse|p2a: Slowking\n|-start|p2a: Slowking|Curse|[of] p1a: Mimikyu\n|-damage|p1a: Mimikyu|38\/100\n|move|p2a: Slowking|Scald|p1a: Mimikyu\n|-damage|p1a: Mimikyu|11\/100\n|\n|-damage|p2a: Slowking|76\/100|[from] Curse\n|upkeep\n|turn|21\n|\n|t:|1699614275\n|move|p1a: Mimikyu|Curse||[still]\n|-fail|p1a: Mimikyu\n|move|p2a: Slowking|Scald|p1a: Mimikyu\n|-damage|p1a: Mimikyu|0 fnt\n|faint|p1a: Mimikyu\n|\n|-damage|p2a: Slowking|51\/100|[from] Curse\n|upkeep\n|\n|t:|1699614278\n|switch|p1a: Mimikyu|Mimikyu-Busted, M|58\/100\n|-activate|p1a: Mimikyu|move: Sticky Web\n|-unboost|p1a: Mimikyu|spe|1\n|turn|22\n|\n|t:|1699614283\n|move|p1a: Mimikyu|Play Rough|p2a: Slowking\n|-damage|p2a: Slowking|4\/100\n|-damage|p1a: Mimikyu|48\/100|[from] item: Life Orb\n|move|p2a: Slowking|Scald|p1a: Mimikyu\n|-damage|p1a: Mimikyu|12\/100\n|\n|-damage|p2a: Slowking|0 fnt|[from] Curse\n|faint|p2a: Slowking\n|\n|win|yeahaightthen\n|upkeep\n|raw|yeahaightthen's rating: 1252 &rarr; <strong>1287<\/strong><br \/>(+35 for winning)\n|raw|U got blocked's rating: 1396 &rarr; <strong>1368<\/strong><br \/>(-28 for losing)\n|l|\u2606U got blocked\n","uploadtime":1699614293,"views":9,"p1id":"yeahaightthen","p2id":"ugotblocked","formatid":"gen9anythinggoes","rating":1287,"private":0,"password":""}