{"id":"gen9anythinggoes-1976610933","p1":"mars23456","p2":"KoffingWoffing","format":"[Gen 9] Anything Goes","log":"|j|\u2606mars23456\n|j|\u2606KoffingWoffing\n|t:|1698327053\n|gametype|singles\n|player|p1|mars23456|101|1299\n|player|p2|KoffingWoffing|will-gen2|1520\n|teamsize|p1|6\n|teamsize|p2|6\n|gen|9\n|tier|[Gen 9] Anything Goes\n|rated|\n|rule|HP Percentage Mod: HP is shown in percentages\n|rule|Endless Battle Clause: Forcing endless battles is banned\n|clearpoke\n|poke|p1|Miraidon|\n|poke|p1|Calyrex-Shadow|\n|poke|p1|Espathra, F|\n|poke|p1|Zacian-*|\n|poke|p1|Kingambit, M|\n|poke|p1|Landorus-Therian, M|\n|poke|p2|Calyrex-Shadow|\n|poke|p2|Koraidon|\n|poke|p2|Arceus|\n|poke|p2|Miraidon|\n|poke|p2|Zacian-*|\n|poke|p2|Arceus-Ground|\n|teampreview\n|\n|t:|1698327074\n|start\n|switch|p1a: Espathra|Espathra, F, shiny|100\/100\n|switch|p2a: Koraidon|Koraidon|100\/100\n|-weather|SunnyDay|[from] ability: Orichalcum Pulse|[of] p2a: Koraidon\n|-activate|p2a: Koraidon|Orichalcum Pulse|[source]\n|turn|1\n|\n|t:|1698327079\n|move|p2a: Koraidon|U-turn|p1a: Espathra\n|-supereffective|p1a: Espathra\n|-damage|p1a: Espathra|1\/100\n|\n|t:|1698327088\n|switch|p2a: Arceus|Arceus|100\/100|[from] U-turn\n|move|p1a: Espathra|Calm Mind|p1a: Espathra\n|-boost|p1a: Espathra|spa|1\n|-boost|p1a: Espathra|spd|1\n|\n|-weather|SunnyDay|[upkeep]\n|-ability|p1a: Espathra|Speed Boost|boost\n|-boost|p1a: Espathra|spe|1\n|upkeep\n|turn|2\n|\n|t:|1698327098\n|move|p2a: Arceus|Extreme Speed|p1a: Espathra\n|-damage|p1a: Espathra|0 fnt\n|faint|p1a: Espathra\n|\n|-weather|SunnyDay|[upkeep]\n|upkeep\n|\n|t:|1698327101\n|switch|p1a: Miraidon|Miraidon|100\/100\n|-fieldstart|move: Electric Terrain|[from] ability: Hadron Engine|[of] p1a: Miraidon\n|turn|3\n|j| CosmiClapz\n|\n|t:|1698327106\n|move|p2a: Arceus|Extreme Speed|p1a: Miraidon\n|-damage|p1a: Miraidon|58\/100\n|move|p1a: Miraidon|Electro Drift|p2a: Arceus\n|-damage|p2a: Arceus|40\/100\n|\n|-weather|SunnyDay|[upkeep]\n|upkeep\n|turn|4\n|c| CosmiClapz|how did your espratha die\n|\n|t:|1698327122\n|switch|p2a: Arceus|Arceus-Ground|100\/100\n|move|p1a: Miraidon|Electro Drift|p2a: Arceus\n|-immune|p2a: Arceus\n|\n|-weather|SunnyDay|[upkeep]\n|upkeep\n|turn|5\n|\n|t:|1698327131\n|-terastallize|p1a: Miraidon|Fairy\n|move|p1a: Miraidon|Dazzling Gleam|p2a: Arceus\n|-damage|p2a: Arceus|55\/100\n|move|p2a: Arceus|Taunt|p1a: Miraidon\n|-start|p1a: Miraidon|move: Taunt\n|\n|-weather|none\n|upkeep\n|turn|6\n|\n|t:|1698327136\n|move|p1a: Miraidon|Dazzling Gleam|p2a: Arceus\n|-damage|p2a: Arceus|9\/100\n|move|p2a: Arceus|Recover|p2a: Arceus\n|-heal|p2a: Arceus|59\/100\n|\n|upkeep\n|turn|7\n|\n|t:|1698327141\n|move|p1a: Miraidon|Dazzling Gleam|p2a: Arceus\n|-crit|p2a: Arceus\n|-damage|p2a: Arceus|0 fnt\n|faint|p2a: Arceus\n|\n|-fieldend|move: Electric Terrain\n|upkeep\n|\n|t:|1698327158\n|switch|p2a: Zacian|Zacian-Crowned|100\/100\n|-ability|p2a: Zacian|Intrepid Sword|boost\n|-boost|p2a: Zacian|atk|1\n|turn|8\n|\n|t:|1698327164\n|move|p2a: Zacian|Behemoth Blade|p1a: Miraidon\n|-supereffective|p1a: Miraidon\n|-damage|p1a: Miraidon|0 fnt\n|faint|p1a: Miraidon\n|\n|upkeep\n|\n|t:|1698327171\n|switch|p1a: Zacian|Zacian-Crowned, shiny|100\/100\n|-ability|p1a: Zacian|Intrepid Sword|boost\n|-boost|p1a: Zacian|atk|1\n|turn|9\n|\n|t:|1698327178\n|move|p2a: Zacian|Behemoth Blade|p1a: Zacian\n|-damage|p1a: Zacian|17\/100\n|move|p1a: Zacian|Behemoth Blade|p2a: Zacian\n|-damage|p2a: Zacian|19\/100\n|\n|upkeep\n|turn|10\n|\n|t:|1698327185\n|move|p1a: Zacian|Behemoth Blade|p2a: Zacian\n|-damage|p2a: Zacian|0 fnt\n|faint|p2a: Zacian\n|\n|upkeep\n|\n|t:|1698327190\n|switch|p2a: Koraidon|Koraidon|100\/100\n|-weather|SunnyDay|[from] ability: Orichalcum Pulse|[of] p2a: Koraidon\n|-activate|p2a: Koraidon|Orichalcum Pulse|[source]\n|turn|11\n|\n|t:|1698327195\n|move|p2a: Koraidon|Flare Blitz|p1a: Zacian\n|-supereffective|p1a: Zacian\n|-damage|p1a: Zacian|0 fnt\n|faint|p1a: Zacian\n|-damage|p2a: Koraidon|95\/100|[from] Recoil\n|\n|-weather|SunnyDay|[upkeep]\n|upkeep\n|\n|t:|1698327202\n|switch|p1a: Calyrex|Calyrex-Shadow|100\/100\n|-ability|p1a: Calyrex|As One\n|-ability|p1a: Calyrex|Unnerve\n|turn|12\n|\n|t:|1698327214\n|move|p2a: Koraidon|Flare Blitz|p1a: Calyrex\n|-damage|p1a: Calyrex|0 fnt\n|faint|p1a: Calyrex\n|-damage|p2a: Koraidon|62\/100|[from] Recoil\n|\n|-weather|SunnyDay|[upkeep]\n|upkeep\n|\n|t:|1698327217\n|switch|p1a: Landorus|Landorus-Therian, M, shiny|100\/100\n|-ability|p1a: Landorus|Intimidate|boost\n|-unboost|p2a: Koraidon|atk|1\n|turn|13\n|\n|t:|1698327227\n|switch|p2a: Arceus|Arceus|40\/100\n|move|p1a: Landorus|Earthquake|p2a: Arceus\n|-damage|p2a: Arceus|4\/100\n|\n|-weather|SunnyDay|[upkeep]\n|upkeep\n|turn|14\n|\n|t:|1698327244\n|move|p2a: Arceus|Extreme Speed|p1a: Landorus\n|-damage|p1a: Landorus|47\/100\n|move|p1a: Landorus|Brick Break|p2a: Arceus\n|-supereffective|p2a: Arceus\n|-damage|p2a: Arceus|0 fnt\n|faint|p2a: Arceus\n|\n|-weather|SunnyDay|[upkeep]\n|upkeep\n|\n|t:|1698327254\n|switch|p2a: Calyrex|Calyrex-Shadow|100\/100\n|-ability|p2a: Calyrex|As One\n|-ability|p2a: Calyrex|Unnerve\n|turn|15\n|\n|t:|1698327274\n|move|p2a: Calyrex|Astral Barrage|p1a: Landorus\n|-damage|p1a: Landorus|0 fnt\n|faint|p1a: Landorus\n|-ability|p2a: Calyrex|Grim Neigh|boost\n|-boost|p2a: Calyrex|spa|1\n|\n|-weather|none\n|upkeep\n|\n|t:|1698327276\n|switch|p1a: Kingambit|Kingambit, M, shiny|100\/100\n|-activate|p1a: Kingambit|ability: Supreme Overlord\n|-start|p1a: Kingambit|fallen5|[silent]\n|turn|16\n|\n|t:|1698327279\n|move|p1a: Kingambit|Sucker Punch|p2a: Calyrex\n|-supereffective|p2a: Calyrex\n|-enditem|p2a: Calyrex|Focus Sash\n|-damage|p2a: Calyrex|1\/100\n|-damage|p1a: Kingambit|91\/100|[from] item: Life Orb\n|move|p2a: Calyrex|Astral Barrage|p1a: Kingambit\n|-resisted|p1a: Kingambit\n|-damage|p1a: Kingambit|34\/100\n|\n|upkeep\n|turn|17\n|\n|t:|1698327289\n|move|p1a: Kingambit|Sucker Punch|p2a: Calyrex\n|-supereffective|p2a: Calyrex\n|-damage|p2a: Calyrex|0 fnt\n|faint|p2a: Calyrex\n|-damage|p1a: Kingambit|25\/100|[from] item: Life Orb\n|\n|upkeep\n|\n|t:|1698327291\n|switch|p2a: Koraidon|Koraidon|62\/100\n|-weather|SunnyDay|[from] ability: Orichalcum Pulse|[of] p2a: Koraidon\n|-activate|p2a: Koraidon|Orichalcum Pulse|[source]\n|turn|18\n|\n|t:|1698327296\n|move|p2a: Koraidon|Flare Blitz|p1a: Kingambit\n|-supereffective|p1a: Kingambit\n|-damage|p1a: Kingambit|0 fnt\n|faint|p1a: Kingambit\n|-end|p1a: Kingambit|fallen5|[silent]\n|-damage|p2a: Koraidon|53\/100|[from] Recoil\n|\n|win|KoffingWoffing\n|raw|mars23456's rating: 1299 &rarr; <strong>1288<\/strong><br \/>(-11 for losing)\n|raw|KoffingWoffing's rating: 1520 &rarr; <strong>1529<\/strong><br \/>(+9 for winning)\n","uploadtime":1698327270,"views":4,"p1id":"mars23456","p2id":"koffingwoffing","formatid":"gen9anythinggoes","rating":1288,"private":0,"password":""}