{"id":"gen9anythinggoes-1983499989","p1":"Iamfrutrated","p2":"FerzinJj","format":"[Gen 9] Anything Goes","log":"|j|\u2606Iamfrutrated\n|j|\u2606FerzinJj\n|t:|1699136802\n|gametype|singles\n|player|p1|Iamfrutrated|170|1193\n|player|p2|FerzinJj|brycenman|1192\n|teamsize|p1|6\n|teamsize|p2|6\n|gen|9\n|tier|[Gen 9] Anything Goes\n|rated|\n|rule|HP Percentage Mod: HP is shown in percentages\n|rule|Endless Battle Clause: Forcing endless battles is banned\n|clearpoke\n|poke|p1|Miraidon|\n|poke|p1|Murkrow, F|\n|poke|p1|Spidops, M|\n|poke|p1|Kyogre|\n|poke|p1|Donphan, L1, F|\n|poke|p1|Quaquaval, F|\n|poke|p2|Goodra-Hisui, F|\n|poke|p2|Zapdos-Galar|\n|poke|p2|Ribombee, F|\n|poke|p2|Cinderace, M|\n|poke|p2|Gengar, F|\n|poke|p2|Greninja-*, M|\n|teampreview\n|\n|t:|1699136807\n|start\n|switch|p1a: Spidops|Spidops, M|100\/100\n|switch|p2a: Ribombee|Ribombee, F|100\/100\n|turn|1\n|\n|t:|1699136817\n|switch|p1a: Quaquaval|Quaquaval, F|100\/100\n|move|p2a: Ribombee|Sticky Web|p1a: Quaquaval\n|-sidestart|p1: Iamfrutrated|move: Sticky Web\n|\n|upkeep\n|turn|2\n|\n|t:|1699136822\n|move|p2a: Ribombee|Calm Mind|p2a: Ribombee\n|-boost|p2a: Ribombee|spa|1\n|-boost|p2a: Ribombee|spd|1\n|move|p1a: Quaquaval|Rapid Spin|p2a: Ribombee\n|-damage|p2a: Ribombee|69\/100\n|-boost|p1a: Quaquaval|spe|1\n|-sideend|p1: Iamfrutrated|Sticky Web|[from] move: Rapid Spin|[of] p1a: Quaquaval\n|\n|upkeep\n|turn|3\n|\n|t:|1699136830\n|move|p1a: Quaquaval|Aqua Step|p2a: Ribombee\n|-damage|p2a: Ribombee|0 fnt\n|-boost|p1a: Quaquaval|spe|1\n|faint|p2a: Ribombee\n|-ability|p1a: Quaquaval|Moxie|boost\n|-boost|p1a: Quaquaval|atk|1\n|\n|upkeep\n|\n|t:|1699136837\n|switch|p2a: Goodra|Goodra-Hisui, F|100\/100\n|turn|4\n|\n|t:|1699136842\n|move|p1a: Quaquaval|Close Combat|p2a: Goodra\n|-supereffective|p2a: Goodra\n|-damage|p2a: Goodra|0 fnt\n|-unboost|p1a: Quaquaval|def|1\n|-unboost|p1a: Quaquaval|spd|1\n|-ability|p2a: Goodra|Gooey\n|-unboost|p1a: Quaquaval|spe|1\n|faint|p2a: Goodra\n|-ability|p1a: Quaquaval|Moxie|boost\n|-boost|p1a: Quaquaval|atk|1\n|\n|upkeep\n|\n|t:|1699136850\n|switch|p2a: Gengar|Gengar, F, shiny|100\/100\n|turn|5\n|\n|t:|1699136856\n|-terastallize|p2a: Gengar|Ghost\n|move|p1a: Quaquaval|Aqua Step|p2a: Gengar\n|-damage|p2a: Gengar|0 fnt\n|-boost|p1a: Quaquaval|spe|1\n|-start|p1a: Quaquaval|Disable|Aqua Step|[from] ability: Cursed Body|[of] p2a: Gengar\n|faint|p2a: Gengar\n|-ability|p1a: Quaquaval|Moxie|boost\n|-boost|p1a: Quaquaval|atk|1\n|\n|upkeep\n|\n|t:|1699136867\n|switch|p2a: Zapdos|Zapdos-Galar|100\/100\n|turn|6\n|\n|t:|1699136870\n|move|p1a: Quaquaval|Close Combat|p2a: Zapdos\n|-resisted|p2a: Zapdos\n|-damage|p2a: Zapdos|14\/100\n|-unboost|p1a: Quaquaval|def|1\n|-unboost|p1a: Quaquaval|spd|1\n|move|p2a: Zapdos|Close Combat|p1a: Quaquaval\n|-damage|p1a: Quaquaval|0 fnt\n|-unboost|p2a: Zapdos|def|1\n|-unboost|p2a: Zapdos|spd|1\n|faint|p1a: Quaquaval\n|\n|upkeep\n|c|\u2606Iamfrutrated|oof\n|\n|t:|1699136884\n|switch|p1a: Murkrow|Murkrow, F|100\/100\n|turn|7\n|\n|t:|1699136887\n|move|p1a: Murkrow|Sucker Punch|p2a: Zapdos\n|-resisted|p2a: Zapdos\n|-damage|p2a: Zapdos|0 fnt\n|faint|p2a: Zapdos\n|\n|upkeep\n|\n|t:|1699136891\n|switch|p2a: Cinderace|Cinderace, M|100\/100\n|turn|8\n|\n|t:|1699136894\n|move|p2a: Cinderace|Pyro Ball|p1a: Murkrow\n|-enditem|p1a: Murkrow|Focus Sash\n|-damage|p1a: Murkrow|1\/100\n|-damage|p2a: Cinderace|91\/100|[from] item: Life Orb\n|move|p1a: Murkrow|Hurricane|p2a: Cinderace|[miss]\n|-miss|p1a: Murkrow|p2a: Cinderace\n|\n|upkeep\n|turn|9\n|\n|t:|1699136907\n|move|p1a: Murkrow|Sucker Punch|p2a: Cinderace\n|-damage|p2a: Cinderace|63\/100\n|move|p2a: Cinderace|U-turn|p1a: Murkrow\n|-start|p2a: Cinderace|typechange|Bug|[from] ability: Libero\n|-damage|p1a: Murkrow|0 fnt\n|faint|p1a: Murkrow\n|-damage|p2a: Cinderace|53\/100|[from] item: Life Orb\n|\n|t:|1699136910\n|switch|p2a: Greninja|Greninja, M|100\/100|[from] U-turn\n|\n|upkeep\n|\n|t:|1699136917\n|switch|p1a: Donphan|Donphan, L1, F|100\/100\n|turn|10\n|\n|t:|1699136920\n|move|p2a: Greninja|Surf|p1a: Donphan\n|-supereffective|p1a: Donphan\n|-ability|p1a: Donphan|Sturdy\n|-damage|p1a: Donphan|8\/100\n|move|p1a: Donphan|Endeavor|p2a: Greninja\n|-damage|p2a: Greninja|1\/100\n|-heal|p1a: Donphan|100\/100|[from] item: Shell Bell|[of] p2a: Greninja\n|\n|upkeep\n|turn|11\n|\n|t:|1699136929\n|move|p1a: Donphan|Ice Shard|p2a: Greninja\n|-resisted|p2a: Greninja\n|-damage|p2a: Greninja|0 fnt\n|faint|p2a: Greninja\n|\n|upkeep\n|\n|t:|1699136931\n|switch|p2a: Cinderace|Cinderace, M|53\/100\n|turn|12\n|\n|t:|1699136935\n|move|p2a: Cinderace|Pyro Ball|p1a: Donphan\n|-ability|p1a: Donphan|Sturdy\n|-damage|p1a: Donphan|8\/100\n|-damage|p2a: Cinderace|43\/100|[from] item: Life Orb\n|move|p1a: Donphan|Endeavor|p2a: Cinderace\n|-damage|p2a: Cinderace|1\/100\n|-heal|p1a: Donphan|100\/100|[from] item: Shell Bell|[of] p2a: Cinderace\n|\n|upkeep\n|turn|13\n|\n|t:|1699136944\n|move|p1a: Donphan|Ice Shard|p2a: Cinderace\n|-resisted|p2a: Cinderace\n|-damage|p2a: Cinderace|0 fnt\n|faint|p2a: Cinderace\n|\n|win|Iamfrutrated\n|raw|Iamfrutrated's rating: 1193 &rarr; <strong>1218<\/strong><br \/>(+25 for winning)\n|raw|FerzinJj's rating: 1192 &rarr; <strong>1167<\/strong><br \/>(-25 for losing)\n|l|\u2606FerzinJj\n|c|\u2606Iamfrutrated|ahahahahaha\n","uploadtime":1699136958,"views":7,"p1id":"iamfrutrated","p2id":"ferzinjj","formatid":"gen9anythinggoes","rating":1167,"private":0,"password":""}