{"id":"gen9anythinggoes-1982893230","p1":"umemuragash","p2":"treekoboy35","format":"[Gen 9] Anything Goes","log":"|j|\u2606umemuragash\n|j|\u2606treekoboy35\n|t:|1699055706\n|gametype|singles\n|player|p1|umemuragash|falkner|1136\n|player|p2|treekoboy35|2|1121\n|teamsize|p1|6\n|teamsize|p2|6\n|gen|9\n|tier|[Gen 9] Anything Goes\n|rated|\n|rule|HP Percentage Mod: HP is shown in percentages\n|rule|Endless Battle Clause: Forcing endless battles is banned\n|clearpoke\n|poke|p1|Dragapult, M|\n|poke|p1|Lucario, F|\n|poke|p1|Ogerpon-Hearthflame, F|\n|poke|p1|Iron Valiant|\n|poke|p1|Torterra, F|\n|poke|p1|Cyclizar, F|\n|poke|p2|Greninja-*, M|\n|poke|p2|Toxapex, M|\n|poke|p2|Heatran, F|\n|poke|p2|Shaymin-Sky|\n|poke|p2|Hatterene, F|\n|poke|p2|Gholdengo|\n|teampreview\n|\n|t:|1699055717\n|start\n|switch|p1a: Torterra|Torterra, F|100\/100\n|switch|p2a: Toxapex|Toxapex, M|100\/100\n|turn|1\n|\n|t:|1699055724\n|move|p1a: Torterra|Shell Smash|p1a: Torterra\n|-unboost|p1a: Torterra|def|1\n|-unboost|p1a: Torterra|spd|1\n|-boost|p1a: Torterra|atk|2\n|-boost|p1a: Torterra|spa|2\n|-boost|p1a: Torterra|spe|2\n|move|p2a: Toxapex|Toxic Spikes|p1a: Torterra\n|-sidestart|p1: umemuragash|move: Toxic Spikes\n|\n|upkeep\n|turn|2\n|\n|t:|1699055735\n|move|p1a: Torterra|Earthquake|p2a: Toxapex\n|-supereffective|p2a: Toxapex\n|-damage|p2a: Toxapex|0 fnt\n|faint|p2a: Toxapex\n|\n|upkeep\n|\n|t:|1699055753\n|switch|p2a: Heatran|Heatran, F|100\/100\n|turn|3\n|\n|t:|1699055766\n|move|p1a: Torterra|Earthquake|p2a: Heatran\n|-supereffective|p2a: Heatran\n|-damage|p2a: Heatran|0 fnt\n|faint|p2a: Heatran\n|\n|upkeep\n|\n|t:|1699055774\n|switch|p2a: Shaymin|Shaymin-Sky|100\/100\n|turn|4\n|\n|t:|1699055780\n|move|p1a: Torterra|Rock Slide|p2a: Shaymin\n|-supereffective|p2a: Shaymin\n|-damage|p2a: Shaymin|0 fnt\n|faint|p2a: Shaymin\n|\n|upkeep\n|inactive|Battle timer is ON: inactive players will automatically lose when time's up. (requested by umemuragash)\n|\n|t:|1699055832\n|switch|p2a: Greninja|Greninja, M|100\/100\n|turn|5\n|\n|t:|1699055841\n|move|p1a: Torterra|Bullet Seed|p2a: Greninja\n|-supereffective|p2a: Greninja\n|-damage|p2a: Greninja|23\/100\n|-supereffective|p2a: Greninja\n|-damage|p2a: Greninja|0 fnt\n|faint|p2a: Greninja\n|-hitcount|p2: Greninja|2\n|\n|upkeep\n|\n|t:|1699055848\n|switch|p2a: Gholdengo|Gholdengo|100\/100\n|turn|6\n|\n|t:|1699055860\n|move|p1a: Torterra|Earthquake|p2a: Gholdengo\n|-supereffective|p2a: Gholdengo\n|-damage|p2a: Gholdengo|0 fnt\n|faint|p2a: Gholdengo\n|\n|upkeep\n|\n|t:|1699055866\n|switch|p2a: Hatterene|Hatterene, F|100\/100\n|turn|7\n|\n|t:|1699055877\n|move|p1a: Torterra|Earthquake|p2a: Hatterene\n|-damage|p2a: Hatterene|0 fnt\n|faint|p2a: Hatterene\n|\n|win|umemuragash\n|raw|umemuragash's rating: 1136 &rarr; <strong>1160<\/strong><br \/>(+24 for winning)\n|raw|treekoboy35's rating: 1121 &rarr; <strong>1097<\/strong><br \/>(-24 for losing)\n","uploadtime":1699055887,"views":8,"p1id":"umemuragash","p2id":"treekoboy35","formatid":"gen9anythinggoes","rating":1097,"private":0,"password":""}