{"id":"gen9anythinggoes-1993105235","p1":"toloveocean","p2":"Josharius","format":"[Gen 9] Anything Goes","log":"|j|\u2606toloveocean\n|j|\u2606Josharius\n|t:|1700265344\n|gametype|singles\n|player|p1|toloveocean|169|\n|player|p2|Josharius|ethan|\n|teamsize|p1|6\n|teamsize|p2|6\n|gen|9\n|tier|[Gen 9] Anything Goes\n|rule|HP Percentage Mod: HP is shown in percentages\n|rule|Endless Battle Clause: Forcing endless battles is banned\n|clearpoke\n|poke|p1|Armarouge, M|\n|poke|p1|Meowscarada, M|\n|poke|p1|Zapdos-Galar|\n|poke|p1|Magnezone|\n|poke|p1|Ninetales, F|\n|poke|p1|Walking Wake|\n|poke|p2|Lilligant-Hisui, F|\n|poke|p2|Torkoal, M|\n|poke|p2|Sandy Shocks|\n|poke|p2|Thundurus, M|\n|poke|p2|Glimmora, M|\n|poke|p2|Vigoroth, F|\n|teampreview\n|\n|t:|1700265355\n|start\n|switch|p1a: Ninetales|Ninetales, F|100\/100\n|switch|p2a: Abov The Clau|Thundurus, M|100\/100\n|-weather|SunnyDay|[from] ability: Drought|[of] p1a: Ninetales\n|turn|1\n|j| caligulahar\n|\n|t:|1700265370\n|move|p2a: Abov The Clau|Volt Switch|p1a: Ninetales\n|-damage|p1a: Ninetales|60\/100\n|\n|t:|1700265380\n|switch|p2a: Tristrikes|Sandy Shocks|100\/100|[from] Volt Switch\n|-activate|p2a: Tristrikes|ability: Protosynthesis\n|-start|p2a: Tristrikes|protosynthesisspe\n|move|p1a: Ninetales|Will-O-Wisp|p2a: Tristrikes\n|-status|p2a: Tristrikes|brn\n|\n|-weather|SunnyDay|[upkeep]\n|-damage|p2a: Tristrikes|94\/100 brn|[from] brn\n|upkeep\n|turn|2\n|\n|t:|1700265402\n|switch|p1a: Zapdos|Zapdos-Galar|100\/100\n|move|p2a: Tristrikes|Earth Power|p1a: Zapdos\n|-immune|p1a: Zapdos\n|\n|-weather|SunnyDay|[upkeep]\n|-damage|p2a: Tristrikes|88\/100 brn|[from] brn\n|upkeep\n|turn|3\n|\n|t:|1700265431\n|-end|p2a: Tristrikes|Protosynthesis|[silent]\n|switch|p2a: Abov The Clau|Thundurus, M|100\/100\n|move|p1a: Zapdos|Thunderous Kick|p2a: Abov The Clau\n|-resisted|p2a: Abov The Clau\n|-damage|p2a: Abov The Clau|68\/100\n|-unboost|p2a: Abov The Clau|def|1\n|\n|-weather|SunnyDay|[upkeep]\n|upkeep\n|turn|4\n|\n|t:|1700265447\n|switch|p1a: Magnezone|Magnezone|100\/100\n|move|p2a: Abov The Clau|Wildbolt Storm|p1a: Magnezone|[miss]\n|-miss|p2a: Abov The Clau|p1a: Magnezone\n|\n|-weather|SunnyDay|[upkeep]\n|upkeep\n|turn|5\n|\n|t:|1700265478\n|switch|p2a: Warmtoise|Torkoal, M|100\/100\n|move|p1a: Magnezone|Flash Cannon|p2a: Warmtoise\n|-resisted|p2a: Warmtoise\n|-damage|p2a: Warmtoise|62\/100\n|-unboost|p2a: Warmtoise|spd|1\n|\n|-weather|SunnyDay|[upkeep]\n|-heal|p2a: Warmtoise|69\/100|[from] item: Leftovers\n|upkeep\n|turn|6\n|\n|t:|1700265491\n|move|p1a: Magnezone|Thunderbolt|p2a: Warmtoise\n|-damage|p2a: Warmtoise|0 fnt\n|faint|p2a: Warmtoise\n|\n|-weather|SunnyDay|[upkeep]\n|upkeep\n|\n|t:|1700265507\n|switch|p2a: Thornella|Lilligant-Hisui, F|100\/100\n|turn|7\n|\n|t:|1700265517\n|switch|p1a: Armarouge|Armarouge, M|100\/100\n|move|p2a: Thornella|Close Combat|p1a: Armarouge\n|-resisted|p1a: Armarouge\n|-damage|p1a: Armarouge|76\/100\n|-unboost|p2a: Thornella|def|1\n|-unboost|p2a: Thornella|spd|1\n|\n|-weather|SunnyDay|[upkeep]\n|upkeep\n|turn|8\n|\n|t:|1700265538\n|switch|p2a: Tristrikes|Sandy Shocks|88\/100 brn\n|-activate|p2a: Tristrikes|ability: Protosynthesis\n|-start|p2a: Tristrikes|protosynthesisspe\n|move|p1a: Armarouge|Calm Mind|p1a: Armarouge\n|-boost|p1a: Armarouge|spa|1\n|-boost|p1a: Armarouge|spd|1\n|\n|-weather|none\n|-end|p2a: Tristrikes|Protosynthesis\n|-damage|p2a: Tristrikes|82\/100 brn|[from] brn\n|upkeep\n|turn|9\n|\n|t:|1700265557\n|move|p2a: Tristrikes|Earth Power|p1a: Armarouge\n|-supereffective|p1a: Armarouge\n|-damage|p1a: Armarouge|0 fnt\n|faint|p1a: Armarouge\n|-damage|p2a: Tristrikes|72\/100 brn|[from] item: Life Orb\n|\n|-damage|p2a: Tristrikes|66\/100 brn|[from] brn\n|upkeep\n|\n|t:|1700265572\n|switch|p1a: Zapdos|Zapdos-Galar|100\/100\n|turn|10\n|\n|t:|1700265586\n|move|p1a: Zapdos|Thunderous Kick|p2a: Tristrikes\n|-damage|p2a: Tristrikes|13\/100 brn\n|-unboost|p2a: Tristrikes|def|1\n|move|p2a: Tristrikes|Thunderbolt|p1a: Zapdos\n|-supereffective|p1a: Zapdos\n|-damage|p1a: Zapdos|0 fnt\n|faint|p1a: Zapdos\n|-damage|p2a: Tristrikes|3\/100 brn|[from] item: Life Orb\n|\n|-damage|p2a: Tristrikes|0 fnt|[from] brn\n|faint|p2a: Tristrikes\n|-end|p2a: Tristrikes|Protosynthesis|[silent]\n|upkeep\n|\n|t:|1700265609\n|switch|p2a: Thornella|Lilligant-Hisui, F|100\/100\n|switch|p1a: Ninetales|Ninetales, F|60\/100\n|-weather|SunnyDay|[from] ability: Drought|[of] p1a: Ninetales\n|turn|11\n|\n|t:|1700265620\n|switch|p2a: Demoise|Glimmora, M|100\/100\n|move|p1a: Ninetales|Flamethrower|p2a: Demoise\n|-resisted|p2a: Demoise\n|-damage|p2a: Demoise|73\/100\n|-status|p2a: Demoise|brn\n|\n|-weather|SunnyDay|[upkeep]\n|-heal|p2a: Demoise|79\/100 brn|[from] item: Black Sludge\n|-damage|p2a: Demoise|73\/100 brn|[from] brn\n|upkeep\n|turn|12\n|\n|t:|1700265635\n|move|p1a: Ninetales|Solar Beam||[still]\n|-prepare|p1a: Ninetales|Solar Beam\n|-anim|p1a: Ninetales|Solar Beam|p2a: Demoise\n|-damage|p2a: Demoise|43\/100 brn\n|move|p2a: Demoise|Power Gem|p1a: Ninetales\n|-supereffective|p1a: Ninetales\n|-damage|p1a: Ninetales|0 fnt\n|faint|p1a: Ninetales\n|\n|-weather|SunnyDay|[upkeep]\n|-heal|p2a: Demoise|49\/100 brn|[from] item: Black Sludge\n|-damage|p2a: Demoise|43\/100 brn|[from] brn\n|upkeep\n|\n|t:|1700265659\n|switch|p1a: Walking Wake|Walking Wake|100\/100\n|-activate|p1a: Walking Wake|ability: Protosynthesis\n|-start|p1a: Walking Wake|protosynthesisspe\n|turn|13\n|\n|t:|1700265695\n|switch|p2a: Gorerilla|Vigoroth, F, shiny|100\/100\n|move|p1a: Walking Wake|Dragon Dance|p1a: Walking Wake\n|-boost|p1a: Walking Wake|atk|1\n|-boost|p1a: Walking Wake|spe|1\n|\n|-weather|SunnyDay|[upkeep]\n|upkeep\n|turn|14\n|\n|t:|1700265718\n|-terastallize|p2a: Gorerilla|Dragon\n|move|p1a: Walking Wake|Dragon Dance|p1a: Walking Wake\n|-boost|p1a: Walking Wake|atk|1\n|-boost|p1a: Walking Wake|spe|1\n|move|p2a: Gorerilla|Knock Off|p1a: Walking Wake\n|-damage|p1a: Walking Wake|78\/100\n|-enditem|p1a: Walking Wake|Life Orb|[from] move: Knock Off|[of] p2a: Gorerilla\n|\n|-weather|SunnyDay|[upkeep]\n|upkeep\n|turn|15\n|\n|t:|1700265731\n|move|p1a: Walking Wake|Dragon Claw|p2a: Gorerilla\n|-supereffective|p2a: Gorerilla\n|-damage|p2a: Gorerilla|3\/100\n|move|p2a: Gorerilla|Yawn|p1a: Walking Wake\n|-start|p1a: Walking Wake|move: Yawn|[of] p2a: Gorerilla\n|\n|-weather|SunnyDay|[upkeep]\n|upkeep\n|turn|16\n|\n|t:|1700265742\n|switch|p2a: Demoise|Glimmora, M|43\/100 brn\n|move|p1a: Walking Wake|Dragon Claw|p2a: Demoise\n|-damage|p2a: Demoise|0 fnt\n|-activate|p2a: Demoise|ability: Toxic Debris\n|-sidestart|p1: toloveocean|move: Toxic Spikes\n|faint|p2a: Demoise\n|\n|-weather|SunnyDay|[upkeep]\n|-end|p1a: Walking Wake|move: Yawn|[silent]\n|-status|p1a: Walking Wake|slp\n|upkeep\n|\n|t:|1700265757\n|switch|p2a: Abov The Clau|Thundurus, M|68\/100\n|turn|17\n|\n|t:|1700265784\n|-end|p1a: Walking Wake|Protosynthesis|[silent]\n|switch|p1a: Magnezone|Magnezone|100\/100\n|move|p2a: Abov The Clau|Wildbolt Storm|p1a: Magnezone\n|-resisted|p1a: Magnezone\n|-damage|p1a: Magnezone|72\/100\n|\n|-weather|SunnyDay|[upkeep]\n|upkeep\n|turn|18\n|\n|t:|1700265799\n|move|p2a: Abov The Clau|Weather Ball|p1a: Magnezone\n|-supereffective|p1a: Magnezone\n|-damage|p1a: Magnezone|0 fnt\n|faint|p1a: Magnezone\n|\n|-weather|none\n|upkeep\n|\n|t:|1700265811\n|switch|p1a: Walking Wake|Walking Wake|78\/100 slp\n|turn|19\n|\n|t:|1700265823\n|move|p2a: Abov The Clau|Wildbolt Storm|p1a: Walking Wake\n|-damage|p1a: Walking Wake|21\/100 slp\n|cant|p1a: Walking Wake|slp\n|\n|upkeep\n|turn|20\n|\n|t:|1700265830\n|move|p2a: Abov The Clau|Wildbolt Storm|p1a: Walking Wake\n|-damage|p1a: Walking Wake|0 fnt\n|faint|p1a: Walking Wake\n|-end|p1a: Walking Wake|Protosynthesis|[silent]\n|\n|upkeep\n|\n|t:|1700265834\n|switch|p1a: Meowscarada|Meowscarada, M, shiny|100\/100\n|-status|p1a: Meowscarada|psn\n|turn|21\n|\n|t:|1700265868\n|move|p1a: Meowscarada|Play Rough|p2a: Abov The Clau\n|-start|p1a: Meowscarada|typechange|Fairy|[from] ability: Protean\n|-crit|p2a: Abov The Clau\n|-damage|p2a: Abov The Clau|0 fnt\n|faint|p2a: Abov The Clau\n|\n|-damage|p1a: Meowscarada|88\/100 psn|[from] psn\n|upkeep\n|\n|t:|1700265878\n|switch|p2a: Thornella|Lilligant-Hisui, F|100\/100\n|turn|22\n|\n|t:|1700265882\n|move|p1a: Meowscarada|Play Rough|p2a: Thornella|[miss]\n|-miss|p1a: Meowscarada|p2a: Thornella\n|move|p2a: Thornella|Close Combat|p1a: Meowscarada\n|-resisted|p1a: Meowscarada\n|-damage|p1a: Meowscarada|49\/100 psn\n|-unboost|p2a: Thornella|def|1\n|-unboost|p2a: Thornella|spd|1\n|\n|-damage|p1a: Meowscarada|37\/100 psn|[from] psn\n|upkeep\n|turn|23\n|\n|t:|1700265895\n|move|p1a: Meowscarada|Play Rough|p2a: Thornella|[miss]\n|-miss|p1a: Meowscarada|p2a: Thornella\n|move|p2a: Thornella|Acrobatics|p1a: Meowscarada\n|-damage|p1a: Meowscarada|10\/100 psn\n|\n|-damage|p1a: Meowscarada|0 fnt|[from] psn\n|faint|p1a: Meowscarada\n|\n|win|Josharius\n|upkeep\n","uploadtime":1700265906,"views":9,"p1id":"toloveocean","p2id":"josharius","formatid":"gen9anythinggoes","rating":0,"private":0,"password":""}