{"id":"gen9anythinggoes-1979644353","p1":"Mr. Deliwyrm","p2":"Fern_Cuber","format":"[Gen 9] Anything Goes","log":"|j|\u2606Mr. Deliwyrm\n|j|\u2606Fern_Cuber\n|t:|1698699385\n|gametype|singles\n|player|p1|Mr. Deliwyrm|giovanni|1000\n|player|p2|Fern_Cuber|schoolkid-gen4dp|1105\n|teamsize|p1|6\n|teamsize|p2|6\n|gen|9\n|tier|[Gen 9] Anything Goes\n|rated|\n|rule|HP Percentage Mod: HP is shown in percentages\n|rule|Endless Battle Clause: Forcing endless battles is banned\n|clearpoke\n|poke|p1|Delibird, M|\n|poke|p1|Delibird, M|\n|poke|p1|Delibird, M|\n|poke|p1|Delibird, M|\n|poke|p1|Delibird, M|\n|poke|p1|Delibird, M|\n|poke|p2|Mamoswine, M|\n|poke|p2|Flutter Mane|\n|poke|p2|Garchomp, M|\n|poke|p2|Annihilape, M|\n|poke|p2|Mewtwo|\n|poke|p2|Houndstone, M|\n|teampreview\n|c|\u2606Mr. Deliwyrm|glhf\n|c|\u2606Fern_Cuber|am i about to get sweeped by a bunch of delibirds\n|\n|t:|1698699413\n|start\n|switch|p1a: Deliwyrm|Delibird, M, shiny|100\/100\n|switch|p2a: Mewtwo|Mewtwo, shiny|100\/100\n|-ability|p2a: Mewtwo|Unnerve\n|turn|1\n|c|\u2606Mr. Deliwyrm|probabley not but i'll get close to sweeping you hopfully\n|\n|t:|1698699441\n|-terastallize|p2a: Mewtwo|Fire\n|move|p2a: Mewtwo|Fire Blast|p1a: Deliwyrm\n|-supereffective|p1a: Deliwyrm\n|-crit|p1a: Deliwyrm\n|-enditem|p1a: Deliwyrm|Focus Sash\n|-damage|p1a: Deliwyrm|1\/100\n|move|p1a: Deliwyrm|Tailwind|p1a: Deliwyrm\n|-sidestart|p1: Mr. Deliwyrm|move: Tailwind\n|\n|upkeep\n|turn|2\n|c|\u2606Fern_Cuber|k man\n|\n|t:|1698699451\n|move|p1a: Deliwyrm|Reversal|p2a: Mewtwo|[miss]\n|-miss|p1a: Deliwyrm|p2a: Mewtwo\n|move|p2a: Mewtwo|Fire Blast|p1a: Deliwyrm\n|-supereffective|p1a: Deliwyrm\n|-damage|p1a: Deliwyrm|0 fnt\n|faint|p1a: Deliwyrm\n|\n|upkeep\n|\n|t:|1698699461\n|switch|p1a: Deliwyrm IV|Delibird, M, shiny|100\/100\n|turn|3\n|c|\u2606Fern_Cuber|may the best player win\n|\n|t:|1698699475\n|move|p1a: Deliwyrm IV|Destiny Bond|p1a: Deliwyrm IV\n|-singlemove|p1a: Deliwyrm IV|Destiny Bond\n|move|p2a: Mewtwo|Fire Blast|p1a: Deliwyrm IV\n|-supereffective|p1a: Deliwyrm IV\n|-damage|p1a: Deliwyrm IV|0 fnt\n|faint|p1a: Deliwyrm IV\n|-activate|p1a: Deliwyrm IV|move: Destiny Bond\n|faint|p2a: Mewtwo\n|\n|upkeep\n|\n|t:|1698699489\n|switch|p2a: Garchomp|Garchomp, M|100\/100\n|switch|p1a: Deliwyrm II|Delibird, M, shiny|100\/100\n|turn|4\n|\n|t:|1698699495\n|move|p2a: Garchomp|Fire Blast|p1a: Deliwyrm II\n|-supereffective|p1a: Deliwyrm II\n|-enditem|p1a: Deliwyrm II|Focus Sash\n|-damage|p1a: Deliwyrm II|1\/100\n|move|p1a: Deliwyrm II|Avalanche|p2a: Garchomp\n|-supereffective|p2a: Garchomp\n|-damage|p2a: Garchomp|0 fnt\n|-damage|p1a: Deliwyrm II|0 fnt|[from] ability: Rough Skin|[of] p2a: Garchomp\n|faint|p2a: Garchomp\n|faint|p1a: Deliwyrm II\n|\n|-sideend|p1: Mr. Deliwyrm|move: Tailwind\n|upkeep\n|\n|t:|1698699518\n|switch|p1a: Bob|Delibird, M, shiny|100\/100\n|switch|p2a: Houndstone|Houndstone, M|100\/100\n|turn|5\n|\n|t:|1698699527\n|move|p1a: Bob|Brave Bird|p2a: Houndstone\n|-damage|p2a: Houndstone|0 fnt\n|faint|p2a: Houndstone\n|-damage|p1a: Bob|60\/100|[from] Recoil\n|\n|upkeep\n|\n|t:|1698699534\n|switch|p2a: Annihilape|Annihilape, M|100\/100\n|turn|6\n|\n|t:|1698699545\n|move|p2a: Annihilape|Cross Chop|p1a: Bob\n|-damage|p1a: Bob|0 fnt\n|faint|p1a: Bob\n|\n|upkeep\n|\n|t:|1698699552\n|switch|p1a: Deliwyrm III|Delibird, M, shiny|100\/100\n|turn|7\n|\n|t:|1698699558\n|move|p2a: Annihilape|Cross Chop|p1a: Deliwyrm III\n|-damage|p1a: Deliwyrm III|0 fnt\n|faint|p1a: Deliwyrm III\n|\n|upkeep\n|\n|t:|1698699564\n|switch|p1a: Deliwyrm III jr.|Delibird, M, shiny|100\/100\n|turn|8\n|c|\u2606Fern_Cuber|gg\n|\n|t:|1698699571\n|move|p2a: Annihilape|Cross Chop|p1a: Deliwyrm III jr.|[miss]\n|-miss|p2a: Annihilape|p1a: Deliwyrm III jr.\n|move|p1a: Deliwyrm III jr.|Aerial Ace|p2a: Annihilape\n|-supereffective|p2a: Annihilape\n|-damage|p2a: Annihilape|11\/100\n|\n|upkeep\n|turn|9\n|c|\u2606Mr. Deliwyrm|well that sucks\n|c|\u2606Mr. Deliwyrm|gg\n|c|\u2606Mr. Deliwyrm|wait what\n|c|\u2606Mr. Deliwyrm|ok now gg\n|c|\u2606Fern_Cuber|uhh\n|\n|t:|1698699583\n|move|p2a: Annihilape|Cross Chop|p1a: Deliwyrm III jr.\n|-damage|p1a: Deliwyrm III jr.|0 fnt\n|faint|p1a: Deliwyrm III jr.\n|\n|win|Fern_Cuber\n|raw|Mr. Deliwyrm's rating: 1000 &rarr; <strong>1000<\/strong><br \/>(+0 for losing)\n|raw|Fern_Cuber's rating: 1105 &rarr; <strong>1123<\/strong><br \/>(+18 for winning)\n|c|\u2606Mr. Deliwyrm|yep\n|c|\u2606Mr. Deliwyrm|ggwp\n|c|\u2606Fern_Cuber|still\n|c|\u2606Fern_Cuber|u did well\n|l|\u2606Fern_Cuber\n","uploadtime":1698699614,"views":7,"p1id":"mrdeliwyrm","p2id":"ferncuber","formatid":"gen9anythinggoes","rating":1000,"private":0,"password":""}