{"id":"gen9anythinggoes-1984793631","p1":"know123fg","p2":"jdbjwndjwnd","format":"[Gen 9] Anything Goes","log":"|j|\u2606know123fg\n|j|\u2606jdbjwndjwnd\n|t:|1699299489\n|gametype|singles\n|player|p1|know123fg|riley|1116\n|player|p2|jdbjwndjwnd|265|1047\n|teamsize|p1|6\n|teamsize|p2|6\n|gen|9\n|tier|[Gen 9] Anything Goes\n|rated|\n|rule|HP Percentage Mod: HP is shown in percentages\n|rule|Endless Battle Clause: Forcing endless battles is banned\n|clearpoke\n|poke|p1|Vaporeon, M|\n|poke|p1|Umbreon, F|\n|poke|p1|Jolteon, F|\n|poke|p1|Sylveon, M|\n|poke|p1|Leafeon, F|\n|poke|p1|Glaceon, M|\n|poke|p2|Ursaluna-Bloodmoon, M|\n|poke|p2|Cyclizar, M|\n|poke|p2|Miraidon|\n|poke|p2|Ceruledge, M|\n|poke|p2|Hatterene, F|\n|poke|p2|Skeledirge, M|\n|teampreview\n|\n|t:|1699299503\n|start\n|switch|p1a: Umbreon|Umbreon, F|100\/100\n|switch|p2a: Cyclizar|Cyclizar, M|100\/100\n|turn|1\n|n|\u2606jdbjwndjwnd|jdbjwndjwnd\n|c|\u2606jdbjwndjwnd|wth is that team\n|\n|t:|1699299521\n|move|p2a: Cyclizar|Shed Tail|p2a: Cyclizar\n|-start|p2a: Cyclizar|Substitute|[from] move: Shed Tail\n|-damage|p2a: Cyclizar|50\/100\n|\n|t:|1699299524\n|switch|p2a: Hatterene|Hatterene, F|100\/100|[from] Shed Tail\n|move|p1a: Umbreon|Toxic|p2a: Hatterene\n|move|p2a: Hatterene|Toxic|p1a: Umbreon|[from]ability: Magic Bounce|[miss]\n|-miss|p2a: Hatterene|p1a: Umbreon\n|\n|upkeep\n|turn|2\n|inactive|Battle timer is ON: inactive players will automatically lose when time's up. (requested by jdbjwndjwnd)\n|\n|t:|1699299537\n|move|p1a: Umbreon|Stored Power|p2a: Hatterene\n|-resisted|p2a: Hatterene\n|-activate|p2a: Hatterene|move: Substitute|[damage]\n|move|p2a: Hatterene|Agility|p2a: Hatterene\n|-boost|p2a: Hatterene|spe|2\n|\n|upkeep\n|turn|3\n|\n|t:|1699299550\n|move|p2a: Hatterene|Baton Pass|p2a: Hatterene\n|\n|t:|1699299552\n|switch|p2a: Ursaluna|Ursaluna-Bloodmoon, M|100\/100|[from] Baton Pass\n|move|p1a: Umbreon|Wish|p1a: Umbreon\n|\n|upkeep\n|turn|4\n|\n|t:|1699299559\n|move|p2a: Ursaluna|Swords Dance|p2a: Ursaluna\n|-boost|p2a: Ursaluna|atk|2\n|move|p1a: Umbreon|Toxic||[still]\n|-fail|p1a: Umbreon\n|\n|upkeep\n|turn|5\n|\n|t:|1699299568\n|move|p2a: Ursaluna|Calm Mind|p2a: Ursaluna\n|-boost|p2a: Ursaluna|spa|1\n|-boost|p2a: Ursaluna|spd|1\n|move|p1a: Umbreon|Stored Power|p2a: Ursaluna\n|-activate|p2a: Ursaluna|move: Substitute|[damage]\n|\n|upkeep\n|turn|6\n|\n|t:|1699299582\n|switch|p1a: Leafeon|Leafeon, F|100\/100\n|-terastallize|p2a: Ursaluna|Ground\n|move|p2a: Ursaluna|Blood Moon|p1a: Leafeon\n|-damage|p1a: Leafeon|0 fnt\n|faint|p1a: Leafeon\n|\n|upkeep\n|\n|t:|1699299598\n|switch|p1a: Glaceon|Glaceon, M|100\/100\n|turn|7\n|\n|t:|1699299605\n|move|p2a: Ursaluna|Protect|p2a: Ursaluna\n|-singleturn|p2a: Ursaluna|Protect\n|move|p1a: Glaceon|Ice Beam|p2a: Ursaluna\n|-activate|p2a: Ursaluna|move: Protect\n|\n|upkeep\n|turn|8\n|\n|t:|1699299616\n|move|p2a: Ursaluna|Blood Moon|p1a: Glaceon\n|-damage|p1a: Glaceon|0 fnt\n|faint|p1a: Glaceon\n|\n|upkeep\n|\n|t:|1699299623\n|switch|p1a: Sylveon|Sylveon, M|100\/100\n|turn|9\n|\n|t:|1699299631\n|-terastallize|p1a: Sylveon|Fairy\n|move|p2a: Ursaluna|Protect|p2a: Ursaluna\n|-singleturn|p2a: Ursaluna|Protect\n|move|p1a: Sylveon|Last Resort||[still]\n|-fail|p1a: Sylveon\n|\n|upkeep\n|turn|10\n|\n|t:|1699299642\n|move|p2a: Ursaluna|Blood Moon|p1a: Sylveon\n|-damage|p1a: Sylveon|28\/100\n|move|p1a: Sylveon|Moonblast|p2a: Ursaluna\n|-end|p2a: Ursaluna|Substitute\n|\n|upkeep\n|turn|11\n|\n|t:|1699299650\n|move|p2a: Ursaluna|Protect|p2a: Ursaluna\n|-singleturn|p2a: Ursaluna|Protect\n|move|p1a: Sylveon|Last Resort|p2a: Ursaluna\n|-activate|p2a: Ursaluna|move: Protect\n|\n|upkeep\n|turn|12\n|\n|t:|1699299659\n|move|p2a: Ursaluna|Blood Moon|p1a: Sylveon\n|-damage|p1a: Sylveon|0 fnt\n|faint|p1a: Sylveon\n|\n|upkeep\n|c|\u2606jdbjwndjwnd|sorry\n|\n|t:|1699299668\n|switch|p1a: Umbreon|Umbreon, F|100\/100\n|turn|13\n|c|\u2606jdbjwndjwnd|dum ass\n|\n|t:|1699299674\n|move|p2a: Ursaluna|Protect|p2a: Ursaluna\n|-singleturn|p2a: Ursaluna|Protect\n|move|p1a: Umbreon|Toxic|p2a: Ursaluna\n|-activate|p2a: Ursaluna|move: Protect\n|\n|upkeep\n|turn|14\n|\n|t:|1699299682\n|move|p2a: Ursaluna|Blood Moon|p1a: Umbreon\n|-damage|p1a: Umbreon|44\/100\n|move|p1a: Umbreon|Toxic|p2a: Ursaluna|[miss]\n|-miss|p1a: Umbreon|p2a: Ursaluna\n|\n|-heal|p1a: Umbreon|50\/100|[from] item: Leftovers\n|upkeep\n|turn|15\n|\n|t:|1699299691\n|move|p2a: Ursaluna|Protect|p2a: Ursaluna\n|-singleturn|p2a: Ursaluna|Protect\n|move|p1a: Umbreon|Toxic|p2a: Ursaluna\n|-activate|p2a: Ursaluna|move: Protect\n|\n|-heal|p1a: Umbreon|56\/100|[from] item: Leftovers\n|upkeep\n|turn|16\n|\n|t:|1699299701\n|move|p1a: Umbreon|Protect|p1a: Umbreon\n|-singleturn|p1a: Umbreon|Protect\n|move|p2a: Ursaluna|Blood Moon|p1a: Umbreon\n|-activate|p1a: Umbreon|move: Protect\n|\n|-heal|p1a: Umbreon|63\/100|[from] item: Leftovers\n|upkeep\n|turn|17\n|\n|t:|1699299711\n|move|p2a: Ursaluna|Protect|p2a: Ursaluna\n|-singleturn|p2a: Ursaluna|Protect\n|move|p1a: Umbreon|Toxic|p2a: Ursaluna\n|-activate|p2a: Ursaluna|move: Protect\n|\n|-heal|p1a: Umbreon|69\/100|[from] item: Leftovers\n|upkeep\n|turn|18\n|\n|t:|1699299722\n|move|p1a: Umbreon|Protect|p1a: Umbreon\n|-singleturn|p1a: Umbreon|Protect\n|move|p2a: Ursaluna|Blood Moon|p1a: Umbreon\n|-activate|p1a: Umbreon|move: Protect\n|\n|-heal|p1a: Umbreon|75\/100|[from] item: Leftovers\n|upkeep\n|turn|19\n|\n|t:|1699299733\n|move|p2a: Ursaluna|Protect|p2a: Ursaluna\n|-singleturn|p2a: Ursaluna|Protect\n|move|p1a: Umbreon|Toxic|p2a: Ursaluna\n|-activate|p2a: Ursaluna|move: Protect\n|\n|-heal|p1a: Umbreon|81\/100|[from] item: Leftovers\n|upkeep\n|turn|20\n|\n|t:|1699299742\n|move|p2a: Ursaluna|Swords Dance|p2a: Ursaluna\n|-boost|p2a: Ursaluna|atk|2\n|move|p1a: Umbreon|Toxic|p2a: Ursaluna\n|-status|p2a: Ursaluna|tox\n|\n|-heal|p1a: Umbreon|88\/100|[from] item: Leftovers\n|-damage|p2a: Ursaluna|94\/100 tox|[from] psn\n|upkeep\n|turn|21\n|\n|t:|1699299755\n|move|p1a: Umbreon|Protect|p1a: Umbreon\n|-singleturn|p1a: Umbreon|Protect\n|move|p2a: Ursaluna|Calm Mind|p2a: Ursaluna\n|-boost|p2a: Ursaluna|spa|1\n|-boost|p2a: Ursaluna|spd|1\n|\n|-heal|p2a: Ursaluna|100\/100 tox|[from] item: Leftovers\n|-heal|p1a: Umbreon|94\/100|[from] item: Leftovers\n|-damage|p2a: Ursaluna|88\/100 tox|[from] psn\n|upkeep\n|turn|22\n|\n|t:|1699299769\n|move|p2a: Ursaluna|Blood Moon|p1a: Umbreon\n|-damage|p1a: Umbreon|19\/100\n|move|p1a: Umbreon|Wish|p1a: Umbreon\n|\n|-heal|p2a: Ursaluna|94\/100 tox|[from] item: Leftovers\n|-heal|p1a: Umbreon|25\/100|[from] item: Leftovers\n|-damage|p2a: Ursaluna|76\/100 tox|[from] psn\n|upkeep\n|turn|23\n|\n|t:|1699299779\n|move|p1a: Umbreon|Protect|p1a: Umbreon\n|-singleturn|p1a: Umbreon|Protect\n|move|p2a: Ursaluna|Calm Mind|p2a: Ursaluna\n|-boost|p2a: Ursaluna|spa|1\n|-boost|p2a: Ursaluna|spd|1\n|\n|-heal|p1a: Umbreon|75\/100|[from] move: Wish|[wisher] Umbreon\n|-heal|p2a: Ursaluna|82\/100 tox|[from] item: Leftovers\n|-heal|p1a: Umbreon|81\/100|[from] item: Leftovers\n|-damage|p2a: Ursaluna|58\/100 tox|[from] psn\n|upkeep\n|turn|24\n|\n|t:|1699299799\n|move|p2a: Ursaluna|Calm Mind|p2a: Ursaluna\n|-boost|p2a: Ursaluna|spa|1\n|-boost|p2a: Ursaluna|spd|1\n|move|p1a: Umbreon|Stored Power|p2a: Ursaluna\n|-damage|p2a: Ursaluna|57\/100 tox\n|\n|-heal|p2a: Ursaluna|63\/100 tox|[from] item: Leftovers\n|-heal|p1a: Umbreon|87\/100|[from] item: Leftovers\n|-damage|p2a: Ursaluna|32\/100 tox|[from] psn\n|upkeep\n|turn|25\n|\n|t:|1699299813\n|move|p2a: Ursaluna|Swords Dance|p2a: Ursaluna\n|-boost|p2a: Ursaluna|atk|2\n|move|p1a: Umbreon|Wish|p1a: Umbreon\n|\n|-heal|p2a: Ursaluna|38\/100 tox|[from] item: Leftovers\n|-heal|p1a: Umbreon|94\/100|[from] item: Leftovers\n|-damage|p2a: Ursaluna|2\/100 tox|[from] psn\n|upkeep\n|turn|26\n|\n|t:|1699299824\n|move|p1a: Umbreon|Protect|p1a: Umbreon\n|-singleturn|p1a: Umbreon|Protect\n|move|p2a: Ursaluna|Calm Mind|p2a: Ursaluna\n|-boost|p2a: Ursaluna|spa|1\n|-boost|p2a: Ursaluna|spd|1\n|\n|-heal|p1a: Umbreon|100\/100|[from] move: Wish|[wisher] Umbreon\n|-heal|p2a: Ursaluna|8\/100 tox|[from] item: Leftovers\n|-damage|p2a: Ursaluna|0 fnt|[from] psn\n|faint|p2a: Ursaluna\n|upkeep\n|\n|t:|1699299835\n|switch|p2a: Cyclizar|Cyclizar, M|83\/100\n|turn|27\n|\n|t:|1699299843\n|move|p2a: Cyclizar|Shed Tail|p2a: Cyclizar\n|-start|p2a: Cyclizar|Substitute|[from] move: Shed Tail\n|-damage|p2a: Cyclizar|33\/100\n|\n|t:|1699299854\n|switch|p2a: Hatterene|Hatterene, F|100\/100|[from] Shed Tail\n|move|p1a: Umbreon|Toxic|p2a: Hatterene\n|move|p2a: Hatterene|Toxic|p1a: Umbreon|[from]ability: Magic Bounce\n|-status|p1a: Umbreon|tox\n|-activate|p1a: Umbreon|ability: Synchronize\n|-status|p2a: Hatterene|tox\n|\n|-damage|p1a: Umbreon|94\/100 tox|[from] psn\n|-damage|p2a: Hatterene|95\/100 tox|[from] psn\n|upkeep\n|turn|28\n|\n|t:|1699299873\n|move|p1a: Umbreon|Wish|p1a: Umbreon\n|move|p2a: Hatterene|Agility|p2a: Hatterene\n|-boost|p2a: Hatterene|spe|2\n|\n|-heal|p1a: Umbreon|100\/100 tox|[from] item: Leftovers\n|-damage|p2a: Hatterene|83\/100 tox|[from] psn\n|-damage|p1a: Umbreon|88\/100 tox|[from] psn\n|upkeep\n|turn|29\n|\n|t:|1699299884\n|move|p1a: Umbreon|Protect|p1a: Umbreon\n|-singleturn|p1a: Umbreon|Protect\n|move|p2a: Hatterene|Calm Mind|p2a: Hatterene\n|-boost|p2a: Hatterene|spa|1\n|-boost|p2a: Hatterene|spd|1\n|\n|-heal|p1a: Umbreon|100\/100 tox|[from] move: Wish|[wisher] Umbreon\n|-damage|p2a: Hatterene|65\/100 tox|[from] psn\n|-damage|p1a: Umbreon|82\/100 tox|[from] psn\n|upkeep\n|turn|30\n|\n|t:|1699299898\n|move|p2a: Hatterene|Agility|p2a: Hatterene\n|-boost|p2a: Hatterene|spe|2\n|move|p1a: Umbreon|Wish|p1a: Umbreon\n|\n|-heal|p1a: Umbreon|88\/100 tox|[from] item: Leftovers\n|-damage|p2a: Hatterene|42\/100 tox|[from] psn\n|-damage|p1a: Umbreon|63\/100 tox|[from] psn\n|upkeep\n|turn|31\n|\n|t:|1699299911\n|move|p1a: Umbreon|Protect|p1a: Umbreon\n|-singleturn|p1a: Umbreon|Protect\n|move|p2a: Hatterene|Baton Pass|p2a: Hatterene\n|\n|t:|1699299915\n|switch|p2a: Ceruledge|Ceruledge, M|100\/100|[from] Baton Pass\n|\n|-heal|p1a: Umbreon|100\/100 tox|[from] move: Wish|[wisher] Umbreon\n|-damage|p1a: Umbreon|69\/100 tox|[from] psn\n|upkeep\n|turn|32\n|\n|t:|1699299928\n|move|p2a: Ceruledge|Bitter Blade|p1a: Umbreon\n|-damage|p1a: Umbreon|20\/100 tox\n|move|p1a: Umbreon|Wish|p1a: Umbreon\n|\n|-heal|p1a: Umbreon|26\/100 tox|[from] item: Leftovers\n|-damage|p1a: Umbreon|0 fnt|[from] psn\n|faint|p1a: Umbreon\n|upkeep\n|\n|t:|1699299942\n|switch|p1a: Jolteon|Jolteon, F|100\/100\n|turn|33\n|\n|t:|1699299952\n|move|p1a: Jolteon|Detect|p1a: Jolteon\n|-singleturn|p1a: Jolteon|Protect\n|move|p2a: Ceruledge|Poltergeist|p1a: Jolteon\n|-activate|p1a: Jolteon|move: Protect\n|\n|upkeep\n|turn|34\n|\n|t:|1699299962\n|move|p1a: Jolteon|Protect||[still]\n|-fail|p1a: Jolteon\n|move|p2a: Ceruledge|Poltergeist|p1a: Jolteon\n|-activate|p1a: Jolteon|move: Poltergeist|Silk Scarf\n|-damage|p1a: Jolteon|0 fnt\n|faint|p1a: Jolteon\n|\n|upkeep\n|\n|t:|1699299978\n|switch|p1a: Vaporeon|Vaporeon, M|100\/100\n|turn|35\n|c|\u2606jdbjwndjwnd|you are a loser\\\n|n|!jdbjwndjwnd|jdbjwndjwnd\n|\n|t:|1699299997\n|move|p2a: Ceruledge|Poltergeist|p1a: Vaporeon\n|-activate|p1a: Vaporeon|move: Poltergeist|Leftovers\n|-damage|p1a: Vaporeon|43\/100\n|move|p1a: Vaporeon|Ice Beam|p2a: Ceruledge\n|-resisted|p2a: Ceruledge\n|-activate|p2a: Ceruledge|move: Substitute|[damage]\n|\n|-heal|p1a: Vaporeon|49\/100|[from] item: Leftovers\n|upkeep\n|turn|36\n|\n|t:|1699300010\n|move|p2a: Ceruledge|Poltergeist|p1a: Vaporeon\n|-activate|p1a: Vaporeon|move: Poltergeist|Leftovers\n|-damage|p1a: Vaporeon|0 fnt\n|faint|p1a: Vaporeon\n|\n|win|jdbjwndjwnd\n|raw|know123fg's rating: 1116 &rarr; <strong>1086<\/strong><br \/>(-30 for losing)\n|raw|jdbjwndjwnd's rating: 1047 &rarr; <strong>1086<\/strong><br \/>(+39 for winning)\n","uploadtime":1699299991,"views":4,"p1id":"know123fg","p2id":"jdbjwndjwnd","formatid":"gen9anythinggoes","rating":1086,"private":0,"password":""}