{"id":"gen9anythinggoes-1993828805","p1":"bigdoof1121","p2":"weaselfish","format":"[Gen 9] Anything Goes","log":"|j|\u2606bigdoof1121\n|j|\u2606weaselfish\n|t:|1700362374\n|gametype|singles\n|player|p1|bigdoof1121|2|1054\n|player|p2|weaselfish|iris|1081\n|teamsize|p1|6\n|teamsize|p2|6\n|gen|9\n|tier|[Gen 9] Anything Goes\n|rated|\n|rule|HP Percentage Mod: HP is shown in percentages\n|rule|Endless Battle Clause: Forcing endless battles is banned\n|clearpoke\n|poke|p1|Lucario, M|\n|poke|p1|Basculin, M|\n|poke|p1|Electrode-Hisui|\n|poke|p1|Drifblim, M|\n|poke|p1|Gengar, F|\n|poke|p1|Alomomola, F|\n|poke|p2|Torterra, M|\n|poke|p2|Furret, M|\n|poke|p2|Cetitan, F|\n|poke|p2|Ludicolo, M|\n|poke|p2|Vigoroth, M|\n|poke|p2|Quagsire, F|\n|teampreview\n|inactive|Battle timer is ON: inactive players will automatically lose when time's up. (requested by weaselfish)\n|\n|t:|1700362379\n|start\n|switch|p1a: Drifblim|Drifblim, M|100\/100\n|switch|p2a: Furret|Furret, M|100\/100\n|-item|p1a: Drifblim|Leftovers|[from] ability: Frisk|[of] p2a: Furret|[identify]\n|turn|1\n|\n|t:|1700362392\n|move|p2a: Furret|Coil|p2a: Furret\n|-boost|p2a: Furret|atk|1\n|-boost|p2a: Furret|def|1\n|-boost|p2a: Furret|accuracy|1\n|move|p1a: Drifblim|Minimize|p1a: Drifblim\n|-boost|p1a: Drifblim|evasion|2\n|\n|upkeep\n|turn|2\n|\n|t:|1700362397\n|move|p2a: Furret|Coil|p2a: Furret\n|-boost|p2a: Furret|atk|1\n|-boost|p2a: Furret|def|1\n|-boost|p2a: Furret|accuracy|1\n|move|p1a: Drifblim|Minimize|p1a: Drifblim\n|-boost|p1a: Drifblim|evasion|2\n|\n|upkeep\n|turn|3\n|\n|t:|1700362398\n|move|p2a: Furret|Coil|p2a: Furret\n|-boost|p2a: Furret|atk|1\n|-boost|p2a: Furret|def|1\n|-boost|p2a: Furret|accuracy|1\n|move|p1a: Drifblim|Minimize|p1a: Drifblim\n|-boost|p1a: Drifblim|evasion|2\n|\n|upkeep\n|turn|4\n|\n|t:|1700362403\n|move|p2a: Furret|Knock Off|p1a: Drifblim\n|-supereffective|p1a: Drifblim\n|-damage|p1a: Drifblim|0 fnt\n|-damage|p2a: Furret|76\/100|[from] ability: Aftermath|[of] p1a: Drifblim\n|-enditem|p1a: Drifblim|Leftovers|[from] move: Knock Off|[of] p2a: Furret\n|faint|p1a: Drifblim\n|\n|upkeep\n|\n|t:|1700362411\n|switch|p1a: Lucario|Lucario, M|100\/100\n|turn|5\n|\n|t:|1700362419\n|-terastallize|p1a: Lucario|Fighting\n|move|p2a: Furret|Focus Blast|p1a: Lucario\n|-damage|p1a: Lucario|78\/100\n|move|p1a: Lucario|Final Gambit|p2a: Furret\n|-damage|p2a: Furret|0 fnt\n|faint|p1a: Lucario\n|faint|p2a: Furret\n|\n|upkeep\n|\n|t:|1700362432\n|switch|p2a: Vigoroth|Vigoroth, M|100\/100\n|switch|p1a: Basculin|Basculin, M|100\/100\n|turn|6\n|\n|t:|1700362447\n|move|p2a: Vigoroth|Knock Off|p1a: Basculin\n|-damage|p1a: Basculin|66\/100\n|-enditem|p1a: Basculin|Choice Specs|[from] move: Knock Off|[of] p2a: Vigoroth\n|move|p1a: Basculin|Blizzard|p2a: Vigoroth\n|-damage|p2a: Vigoroth|54\/100\n|\n|upkeep\n|turn|7\n|\n|t:|1700362454\n|switch|p2a: Cetitan|Cetitan, F|100\/100\n|move|p1a: Basculin|Final Gambit|p2a: Cetitan\n|-damage|p2a: Cetitan|54\/100\n|faint|p1a: Basculin\n|\n|upkeep\n|\n|t:|1700362462\n|switch|p1a: Gengar|Gengar, F|100\/100\n|turn|8\n|\n|t:|1700362466\n|move|p1a: Gengar|Disable||[still]\n|-fail|p1a: Gengar\n|move|p2a: Cetitan|Heavy Slam|p1a: Gengar\n|-damage|p1a: Gengar|48\/100\n|-start|p2a: Cetitan|Disable|Heavy Slam|[from] ability: Cursed Body|[of] p1a: Gengar\n|\n|upkeep\n|turn|9\n|\n|t:|1700362479\n|move|p1a: Gengar|Perish Song|p1a: Gengar\n|-start|p1a: Gengar|perish3|[silent]\n|-start|p2a: Cetitan|perish3|[silent]\n|-fieldactivate|move: Perish Song\n|move|p2a: Cetitan|Rest|p2a: Cetitan\n|-status|p2a: Cetitan|slp|[from] move: Rest\n|-heal|p2a: Cetitan|100\/100 slp|[silent]\n|\n|-start|p1a: Gengar|perish3\n|-start|p2a: Cetitan|perish3\n|upkeep\n|turn|10\n|\n|t:|1700362488\n|switch|p1a: Electrode|Electrode-Hisui|100\/100\n|switch|p2a: Vigoroth|Vigoroth, M|54\/100\n|\n|upkeep\n|turn|11\n|\n|t:|1700362500\n|switch|p2a: Cetitan|Cetitan, F|100\/100 slp\n|move|p1a: Electrode|Thunder|p2a: Cetitan\n|-damage|p2a: Cetitan|71\/100 slp\n|\n|upkeep\n|turn|12\n|\n|t:|1700362508\n|switch|p1a: Gengar|Gengar, F|48\/100\n|cant|p2a: Cetitan|slp\n|move|p2a: Cetitan|Sleep Talk|p2a: Cetitan\n|move|p2a: Cetitan|Heavy Slam|p1a: Gengar|[from]move: Sleep Talk\n|-damage|p1a: Gengar|0 fnt\n|-start|p2a: Cetitan|Disable|Sleep Talk|[from] ability: Cursed Body|[of] p1a: Gengar\n|faint|p1a: Gengar\n|\n|upkeep\n|\n|t:|1700362513\n|switch|p1a: Alomomola|Alomomola, F|100\/100\n|turn|13\n|\n|t:|1700362522\n|switch|p2a: Quagsire|Quagsire, F, shiny|100\/100\n|move|p1a: Alomomola|Protect||[still]\n|-fail|p1a: Alomomola\n|\n|upkeep\n|turn|14\n|\n|t:|1700362527\n|move|p1a: Alomomola|Scald|p2a: Quagsire\n|-immune|p2a: Quagsire|[from] ability: Water Absorb\n|move|p2a: Quagsire|Drain Punch|p1a: Alomomola\n|-damage|p1a: Alomomola|90\/100\n|\n|-heal|p1a: Alomomola|97\/100|[from] item: Leftovers\n|upkeep\n|turn|15\n|\n|t:|1700362537\n|move|p1a: Alomomola|Protect|p1a: Alomomola\n|-singleturn|p1a: Alomomola|Protect\n|move|p2a: Quagsire|Yawn|p1a: Alomomola\n|-activate|p1a: Alomomola|move: Protect\n|\n|-heal|p1a: Alomomola|100\/100|[from] item: Leftovers\n|upkeep\n|turn|16\n|\n|t:|1700362552\n|switch|p1a: Electrode|Electrode-Hisui|100\/100\n|move|p2a: Quagsire|Stone Edge|p1a: Electrode\n|-damage|p1a: Electrode|64\/100\n|\n|upkeep\n|turn|17\n|\n|t:|1700362564\n|move|p1a: Electrode|Explosion|p2a: Quagsire\n|-damage|p2a: Quagsire|69\/100\n|faint|p1a: Electrode\n|move|p2a: Quagsire|Drain Punch|p1: Electrode|[notarget]\n|-fail|p2a: Quagsire\n|\n|-heal|p2a: Quagsire|75\/100|[from] item: Leftovers\n|upkeep\n|\n|t:|1700362567\n|switch|p1a: Alomomola|Alomomola, F|100\/100\n|turn|18\n|\n|t:|1700362571\n|move|p1a: Alomomola|Protect|p1a: Alomomola\n|-singleturn|p1a: Alomomola|Protect\n|move|p2a: Quagsire|Drain Punch|p1a: Alomomola\n|-activate|p1a: Alomomola|move: Protect\n|\n|-heal|p2a: Quagsire|81\/100|[from] item: Leftovers\n|upkeep\n|turn|19\n|\n|t:|1700362579\n|move|p1a: Alomomola|Wish|p1a: Alomomola\n|move|p2a: Quagsire|Yawn|p1a: Alomomola\n|-start|p1a: Alomomola|move: Yawn|[of] p2a: Quagsire\n|\n|-heal|p2a: Quagsire|88\/100|[from] item: Leftovers\n|upkeep\n|turn|20\n|\n|t:|1700362584\n|move|p1a: Alomomola|Scald|p2a: Quagsire\n|-heal|p2a: Quagsire|100\/100|[from] ability: Water Absorb|[of] p1a: Alomomola\n|move|p2a: Quagsire|Stone Edge|p1a: Alomomola\n|-damage|p1a: Alomomola|86\/100\n|\n|-heal|p1a: Alomomola|100\/100|[from] move: Wish|[wisher] Alomomola\n|-end|p1a: Alomomola|move: Yawn|[silent]\n|-status|p1a: Alomomola|slp\n|upkeep\n|turn|21\n|\n|t:|1700362593\n|switch|p2a: Ludicolo|Ludicolo, M|100\/100\n|cant|p1a: Alomomola|slp\n|\n|upkeep\n|turn|22\n|\n|t:|1700362599\n|-curestatus|p1a: Alomomola|slp|[msg]\n|move|p1a: Alomomola|Protect|p1a: Alomomola\n|-singleturn|p1a: Alomomola|Protect\n|move|p2a: Ludicolo|Giga Drain|p1a: Alomomola\n|-activate|p1a: Alomomola|move: Protect\n|\n|upkeep\n|turn|23\n|\n|t:|1700362607\n|move|p2a: Ludicolo|Giga Drain|p1a: Alomomola\n|-supereffective|p1a: Alomomola\n|-crit|p1a: Alomomola\n|-damage|p1a: Alomomola|9\/100\n|move|p1a: Alomomola|Scald|p2a: Ludicolo\n|-resisted|p2a: Ludicolo\n|-damage|p2a: Ludicolo|97\/100\n|-status|p2a: Ludicolo|brn\n|\n|-heal|p1a: Alomomola|15\/100|[from] item: Leftovers\n|-damage|p2a: Ludicolo|91\/100 brn|[from] brn\n|upkeep\n|turn|24\n|\n|t:|1700362621\n|move|p1a: Alomomola|Protect|p1a: Alomomola\n|-singleturn|p1a: Alomomola|Protect\n|move|p2a: Ludicolo|Giga Drain|p1a: Alomomola\n|-activate|p1a: Alomomola|move: Protect\n|\n|-heal|p1a: Alomomola|21\/100|[from] item: Leftovers\n|-damage|p2a: Ludicolo|85\/100 brn|[from] brn\n|upkeep\n|turn|25\n|\n|t:|1700362629\n|move|p2a: Ludicolo|Giga Drain|p1a: Alomomola\n|-supereffective|p1a: Alomomola\n|-damage|p1a: Alomomola|0 fnt\n|-heal|p2a: Ludicolo|100\/100 brn|[from] drain|[of] p1a: Alomomola\n|faint|p1a: Alomomola\n|\n|win|weaselfish\n|raw|bigdoof1121's rating: 1054 &rarr; <strong>1037<\/strong><br \/>(-17 for losing)\n|raw|weaselfish's rating: 1081 &rarr; <strong>1107<\/strong><br \/>(+26 for winning)\n|l|\u2606bigdoof1121\n","uploadtime":1700362639,"views":4,"p1id":"bigdoof1121","p2id":"weaselfish","formatid":"gen9anythinggoes","rating":1037,"private":0,"password":""}