{"id":"gen9anythinggoes-1985136900","p1":"PhotosFromJames","p2":"Dumbfudge","format":"[Gen 9] Anything Goes","log":"|j|\u2606PhotosFromJames\n|j|\u2606Dumbfudge\n|t:|1699336402\n|gametype|singles\n|player|p1|PhotosFromJames|169|1336\n|player|p2|Dumbfudge|blackbelt-gen4dp|1448\n|teamsize|p1|6\n|teamsize|p2|6\n|gen|9\n|tier|[Gen 9] Anything Goes\n|rated|\n|rule|HP Percentage Mod: HP is shown in percentages\n|rule|Endless Battle Clause: Forcing endless battles is banned\n|clearpoke\n|poke|p1|Calyrex-Shadow|\n|poke|p1|Arboliva, F|\n|poke|p1|Grafaiai, F|\n|poke|p1|Glimmora, F|\n|poke|p1|Clodsire, F|\n|poke|p1|Palafin, F|\n|poke|p2|Espathra, F|\n|poke|p2|Giratina|\n|poke|p2|Shaymin-Sky|\n|poke|p2|Zacian-*|\n|poke|p2|Ditto|\n|poke|p2|Breloom, M|\n|teampreview\n|inactive|Battle timer is ON: inactive players will automatically lose when time's up. (requested by Dumbfudge)\n|c|\u2606Dumbfudge|This looks like a nice team\n|c|\u2606Dumbfudge|glhf\n|\n|t:|1699336430\n|start\n|switch|p1a: Palafin|Palafin, F|100\/100\n|switch|p2a: Cancer|Shaymin-Sky|100\/100\n|turn|1\n|\n|t:|1699336441\n|detailschange|p1a: Palafin|Palafin-Hero, F\n|switch|p1a: Clodsire|Clodsire, F|100\/100\n|-terastallize|p2a: Cancer|Flying\n|move|p2a: Cancer|Air Slash|p1a: Clodsire\n|-damage|p1a: Clodsire|64\/100\n|\n|-heal|p1a: Clodsire|70\/100|[from] item: Leftovers\n|upkeep\n|turn|2\n|\n|t:|1699336451\n|move|p2a: Cancer|Air Slash|p1a: Clodsire\n|-damage|p1a: Clodsire|39\/100\n|cant|p1a: Clodsire|flinch\n|\n|-heal|p1a: Clodsire|45\/100|[from] item: Leftovers\n|upkeep\n|turn|3\n|\n|t:|1699336458\n|move|p2a: Cancer|Air Slash|p1a: Clodsire\n|-damage|p1a: Clodsire|12\/100\n|cant|p1a: Clodsire|flinch\n|\n|-heal|p1a: Clodsire|19\/100|[from] item: Leftovers\n|upkeep\n|turn|4\n|\n|t:|1699336478\n|move|p2a: Cancer|Air Slash|p1a: Clodsire\n|-damage|p1a: Clodsire|0 fnt\n|faint|p1a: Clodsire\n|\n|upkeep\n|\n|t:|1699336486\n|switch|p1a: Grafaiai|Grafaiai, F|100\/100\n|turn|5\n|\n|t:|1699336497\n|move|p1a: Grafaiai|Toxic|p2a: Cancer\n|-status|p2a: Cancer|tox\n|move|p2a: Cancer|Air Slash|p1a: Grafaiai\n|-damage|p1a: Grafaiai|40\/100\n|\n|-damage|p2a: Cancer|94\/100 tox|[from] psn\n|upkeep\n|turn|6\n|\n|t:|1699336506\n|move|p1a: Grafaiai|Swagger|p2a: Cancer\n|-boost|p2a: Cancer|atk|2\n|-enditem|p1a: Grafaiai|Mirror Herb\n|-boost|p1a: Grafaiai|atk|2|[from] item: Mirror Herb\n|-start|p2a: Cancer|confusion\n|-activate|p2a: Cancer|confusion\n|-damage|p2a: Cancer|75\/100 tox|[from] confusion\n|\n|-damage|p2a: Cancer|63\/100 tox|[from] psn\n|upkeep\n|turn|7\n|\n|t:|1699336516\n|move|p1a: Grafaiai|Baton Pass|p1a: Grafaiai\n|\n|t:|1699336520\n|switch|p1a: Palafin|Palafin-Hero, F|100\/100|[from] Baton Pass\n|-activate|p1a: Palafin|ability: Zero to Hero\n|-activate|p2a: Cancer|confusion\n|move|p2a: Cancer|Air Slash|p1a: Palafin\n|-damage|p1a: Palafin|45\/100\n|\n|-damage|p2a: Cancer|44\/100 tox|[from] psn\n|upkeep\n|turn|8\n|c|\u2606Dumbfudge|Nice\n|\n|t:|1699336541\n|-terastallize|p1a: Palafin|Water\n|move|p1a: Palafin|Jet Punch|p2a: Cancer\n|-damage|p2a: Cancer|0 fnt\n|faint|p2a: Cancer\n|\n|upkeep\n|\n|t:|1699336548\n|switch|p2a: Whooping cough|Zacian-Crowned|100\/100\n|-ability|p2a: Whooping cough|Intrepid Sword|boost\n|-boost|p2a: Whooping cough|atk|1\n|turn|9\n|\n|t:|1699336554\n|move|p1a: Palafin|Jet Punch|p2a: Whooping cough\n|-damage|p2a: Whooping cough|0 fnt\n|faint|p2a: Whooping cough\n|\n|upkeep\n|\n|t:|1699336572\n|switch|p2a: Lice|Giratina|100\/100\n|-ability|p2a: Lice|Pressure\n|turn|10\n|\n|t:|1699336577\n|move|p1a: Palafin|Jet Punch|p2a: Lice\n|-resisted|p2a: Lice\n|-damage|p2a: Lice|48\/100\n|move|p2a: Lice|Outrage|p1a: Palafin\n|-damage|p1a: Palafin|0 fnt\n|faint|p1a: Palafin\n|\n|upkeep\n|\n|t:|1699336598\n|switch|p1a: Calyrex|Calyrex-Shadow|100\/100\n|-ability|p1a: Calyrex|As One\n|-ability|p1a: Calyrex|Unnerve\n|turn|11\n|\n|t:|1699336610\n|move|p1a: Calyrex|Astral Barrage|p2a: Lice\n|-supereffective|p2a: Lice\n|-damage|p2a: Lice|0 fnt\n|faint|p2a: Lice\n|-ability|p1a: Calyrex|Grim Neigh|boost\n|-boost|p1a: Calyrex|spa|1\n|\n|upkeep\n|\n|t:|1699336618\n|switch|p2a: Schizoid|Ditto|100\/100\n|-transform|p2a: Schizoid|p1a: Calyrex|[from] ability: Imposter\n|turn|12\n|\n|t:|1699336629\n|switch|p1a: Grafaiai|Grafaiai, F|40\/100\n|move|p2a: Schizoid|Astral Barrage|p1a: Grafaiai\n|-immune|p1a: Grafaiai\n|\n|upkeep\n|turn|13\n|\n|t:|1699336639\n|switch|p2a: Chickenpox|Espathra, F|100\/100\n|move|p1a: Grafaiai|Toxic|p2a: Chickenpox\n|-status|p2a: Chickenpox|tox\n|\n|-damage|p2a: Chickenpox|94\/100 tox|[from] psn\n|upkeep\n|turn|14\n|\n|t:|1699336649\n|move|p2a: Chickenpox|Substitute|p2a: Chickenpox\n|-start|p2a: Chickenpox|Substitute\n|-damage|p2a: Chickenpox|70\/100 tox\n|move|p1a: Grafaiai|Foul Play|p2a: Chickenpox\n|-supereffective|p2a: Chickenpox\n|-end|p2a: Chickenpox|Substitute\n|\n|-damage|p2a: Chickenpox|57\/100 tox|[from] psn\n|-ability|p2a: Chickenpox|Speed Boost|boost\n|-boost|p2a: Chickenpox|spe|1\n|upkeep\n|turn|15\n|\n|t:|1699336663\n|move|p2a: Chickenpox|Protect|p2a: Chickenpox\n|-singleturn|p2a: Chickenpox|Protect\n|move|p1a: Grafaiai|Foul Play|p2a: Chickenpox\n|-activate|p2a: Chickenpox|move: Protect\n|\n|-damage|p2a: Chickenpox|39\/100 tox|[from] psn\n|-ability|p2a: Chickenpox|Speed Boost|boost\n|-boost|p2a: Chickenpox|spe|1\n|upkeep\n|turn|16\n|\n|t:|1699336673\n|move|p1a: Grafaiai|Baton Pass|p1a: Grafaiai\n|\n|t:|1699336677\n|switch|p1a: Arboliva|Arboliva, F, shiny|100\/100|[from] Baton Pass\n|move|p2a: Chickenpox|Hypnosis|p1a: Arboliva\n|-status|p1a: Arboliva|slp|[from] move: Hypnosis\n|\n|-damage|p2a: Chickenpox|15\/100 tox|[from] psn\n|-ability|p2a: Chickenpox|Speed Boost|boost\n|-boost|p2a: Chickenpox|spe|1\n|upkeep\n|turn|17\n|\n|t:|1699336689\n|move|p2a: Chickenpox|Baton Pass|p2a: Chickenpox\n|\n|t:|1699336690\n|switch|p2a: Flat out AIDS|Breloom, M|100\/100|[from] Baton Pass\n|cant|p1a: Arboliva|slp\n|\n|upkeep\n|turn|18\n|\n|t:|1699336702\n|switch|p1a: Calyrex|Calyrex-Shadow|100\/100\n|-ability|p1a: Calyrex|As One\n|-ability|p1a: Calyrex|Unnerve\n|move|p2a: Flat out AIDS|Substitute|p2a: Flat out AIDS\n|-start|p2a: Flat out AIDS|Substitute\n|-damage|p2a: Flat out AIDS|76\/100\n|\n|upkeep\n|turn|19\n|\n|t:|1699336720\n|switch|p1a: Glimmora|Glimmora, F, shiny|100\/100\n|move|p2a: Flat out AIDS|Spore|p1a: Glimmora\n|-status|p1a: Glimmora|slp|[from] move: Spore\n|\n|upkeep\n|turn|20\n|\n|t:|1699336728\n|move|p2a: Flat out AIDS|Leech Seed|p1a: Glimmora\n|-start|p1a: Glimmora|move: Leech Seed\n|cant|p1a: Glimmora|slp\n|\n|-damage|p1a: Glimmora|88\/100 slp|[from] Leech Seed|[of] p2a: Flat out AIDS\n|-heal|p2a: Flat out AIDS|91\/100|[silent]\n|upkeep\n|turn|21\n|\n|t:|1699336737\n|move|p2a: Flat out AIDS|Mach Punch|p1a: Glimmora\n|-damage|p1a: Glimmora|57\/100 slp\n|-activate|p1a: Glimmora|ability: Toxic Debris\n|-sidestart|p2: Dumbfudge|move: Toxic Spikes\n|-curestatus|p1a: Glimmora|slp|[msg]\n|move|p1a: Glimmora|Sludge Bomb|p2a: Flat out AIDS\n|-supereffective|p2a: Flat out AIDS\n|-end|p2a: Flat out AIDS|Substitute\n|\n|-damage|p1a: Glimmora|45\/100|[from] Leech Seed|[of] p2a: Flat out AIDS\n|-heal|p2a: Flat out AIDS|100\/100|[silent]\n|upkeep\n|turn|22\n|\n|t:|1699336749\n|move|p2a: Flat out AIDS|Spore|p1a: Glimmora\n|-status|p1a: Glimmora|slp|[from] move: Spore\n|cant|p1a: Glimmora|slp\n|\n|-damage|p1a: Glimmora|32\/100 slp|[from] Leech Seed|[of] p2a: Flat out AIDS\n|upkeep\n|turn|23\n|\n|t:|1699336757\n|move|p2a: Flat out AIDS|Substitute|p2a: Flat out AIDS\n|-start|p2a: Flat out AIDS|Substitute\n|-damage|p2a: Flat out AIDS|76\/100\n|-curestatus|p1a: Glimmora|slp|[msg]\n|move|p1a: Glimmora|Mortal Spin|p2a: Flat out AIDS\n|-supereffective|p2a: Flat out AIDS\n|-activate|p2a: Flat out AIDS|move: Substitute|[damage]\n|-end|p1a: Glimmora|Leech Seed|[from] move: Mortal Spin|[of] p1a: Glimmora\n|\n|upkeep\n|turn|24\n|\n|t:|1699336766\n|move|p2a: Flat out AIDS|Spore|p1a: Glimmora\n|-status|p1a: Glimmora|slp|[from] move: Spore\n|cant|p1a: Glimmora|slp\n|\n|upkeep\n|turn|25\n|\n|t:|1699336777\n|move|p2a: Flat out AIDS|Mach Punch|p1a: Glimmora\n|-damage|p1a: Glimmora|0 fnt\n|-activate|p1a: Glimmora|ability: Toxic Debris\n|-sidestart|p2: Dumbfudge|move: Toxic Spikes\n|faint|p1a: Glimmora\n|\n|upkeep\n|\n|t:|1699336783\n|switch|p1a: Calyrex|Calyrex-Shadow|100\/100\n|-ability|p1a: Calyrex|As One\n|-ability|p1a: Calyrex|Unnerve\n|turn|26\n|\n|t:|1699336792\n|switch|p1a: Arboliva|Arboliva, F, shiny|100\/100 slp\n|move|p2a: Flat out AIDS|Spore|p1a: Arboliva\n|-immune|p1a: Arboliva\n|\n|upkeep\n|turn|27\n|\n|t:|1699336805\n|move|p2a: Flat out AIDS|Mach Punch|p1a: Arboliva\n|-supereffective|p1a: Arboliva\n|-damage|p1a: Arboliva|28\/100 slp\n|-enditem|p1a: Arboliva|Sitrus Berry|[eat]\n|-heal|p1a: Arboliva|52\/100 slp|[from] item: Sitrus Berry\n|-curestatus|p1a: Arboliva|slp|[msg]\n|move|p1a: Arboliva|Strength Sap||[still]\n|-fail|p1a: Arboliva\n|\n|-item|p1a: Arboliva|Sitrus Berry|[from] ability: Harvest\n|upkeep\n|turn|28\n|\n|t:|1699336817\n|switch|p1a: Calyrex|Calyrex-Shadow|100\/100\n|-ability|p1a: Calyrex|As One\n|-ability|p1a: Calyrex|Unnerve\n|move|p2a: Flat out AIDS|Mach Punch|p1a: Calyrex\n|-immune|p1a: Calyrex\n|\n|upkeep\n|turn|29\n|\n|t:|1699336831\n|move|p2a: Flat out AIDS|Spore|p1a: Calyrex\n|-status|p1a: Calyrex|slp|[from] move: Spore\n|cant|p1a: Calyrex|slp\n|\n|upkeep\n|turn|30\n|\n|t:|1699336839\n|move|p2a: Flat out AIDS|Leech Seed|p1a: Calyrex\n|-start|p1a: Calyrex|move: Leech Seed\n|cant|p1a: Calyrex|slp\n|\n|-damage|p1a: Calyrex|88\/100 slp|[from] Leech Seed|[of] p2a: Flat out AIDS\n|-heal|p2a: Flat out AIDS|90\/100|[silent]\n|upkeep\n|turn|31\n|\n|t:|1699336846\n|switch|p1a: Arboliva|Arboliva, F, shiny|52\/100\n|move|p2a: Flat out AIDS|Mach Punch|p1a: Arboliva\n|-supereffective|p1a: Arboliva\n|-damage|p1a: Arboliva|0 fnt\n|faint|p1a: Arboliva\n|\n|upkeep\n|\n|t:|1699336849\n|switch|p1a: Grafaiai|Grafaiai, F|40\/100\n|turn|32\n|\n|t:|1699336857\n|move|p2a: Flat out AIDS|Spore|p1a: Grafaiai\n|-status|p1a: Grafaiai|slp|[from] move: Spore\n|cant|p1a: Grafaiai|slp\n|\n|upkeep\n|turn|33\n|\n|t:|1699336863\n|move|p2a: Flat out AIDS|Leech Seed|p1a: Grafaiai\n|-start|p1a: Grafaiai|move: Leech Seed\n|-curestatus|p1a: Grafaiai|slp|[msg]\n|move|p1a: Grafaiai|Foul Play|p2a: Flat out AIDS\n|-resisted|p2a: Flat out AIDS\n|-end|p2a: Flat out AIDS|Substitute\n|\n|-damage|p1a: Grafaiai|28\/100|[from] Leech Seed|[of] p2a: Flat out AIDS\n|-heal|p2a: Flat out AIDS|100\/100|[silent]\n|upkeep\n|turn|34\n|\n|t:|1699336873\n|move|p1a: Grafaiai|Toxic|p2a: Flat out AIDS\n|-status|p2a: Flat out AIDS|tox\n|move|p2a: Flat out AIDS|Spore|p1a: Grafaiai\n|-status|p1a: Grafaiai|slp|[from] move: Spore\n|\n|-damage|p1a: Grafaiai|16\/100 slp|[from] Leech Seed|[of] p2a: Flat out AIDS\n|-damage|p2a: Flat out AIDS|94\/100 tox|[from] psn\n|upkeep\n|turn|35\n|\n|t:|1699336885\n|switch|p1a: Calyrex|Calyrex-Shadow|88\/100 slp\n|-ability|p1a: Calyrex|As One\n|-ability|p1a: Calyrex|Unnerve\n|move|p2a: Flat out AIDS|Substitute|p2a: Flat out AIDS\n|-start|p2a: Flat out AIDS|Substitute\n|-damage|p2a: Flat out AIDS|69\/100 tox\n|\n|-damage|p2a: Flat out AIDS|57\/100 tox|[from] psn\n|upkeep\n|turn|36\n|\n|t:|1699336904\n|move|p2a: Flat out AIDS|Leech Seed|p1a: Calyrex\n|-start|p1a: Calyrex|move: Leech Seed\n|cant|p1a: Calyrex|slp\n|\n|-damage|p1a: Calyrex|76\/100 slp|[from] Leech Seed|[of] p2a: Flat out AIDS\n|-heal|p2a: Flat out AIDS|71\/100 tox|[silent]\n|-damage|p2a: Flat out AIDS|53\/100 tox|[from] psn\n|upkeep\n|turn|37\n|\n|t:|1699336912\n|switch|p1a: Grafaiai|Grafaiai, F|16\/100 slp\n|move|p2a: Flat out AIDS|Mach Punch|p1a: Grafaiai\n|-damage|p1a: Grafaiai|0 fnt\n|faint|p1a: Grafaiai\n|\n|-damage|p2a: Flat out AIDS|28\/100 tox|[from] psn\n|upkeep\n|\n|t:|1699336918\n|switch|p1a: Calyrex|Calyrex-Shadow|76\/100 slp\n|-ability|p1a: Calyrex|As One\n|-ability|p1a: Calyrex|Unnerve\n|turn|38\n|\n|t:|1699336927\n|move|p2a: Flat out AIDS|Leech Seed|p1a: Calyrex\n|-start|p1a: Calyrex|move: Leech Seed\n|-curestatus|p1a: Calyrex|slp|[msg]\n|move|p1a: Calyrex|Draining Kiss|p2a: Flat out AIDS\n|-supereffective|p2a: Flat out AIDS\n|-end|p2a: Flat out AIDS|Substitute\n|-heal|p1a: Calyrex|92\/100|[from] drain|[of] p2a: Flat out AIDS\n|\n|-damage|p1a: Calyrex|80\/100|[from] Leech Seed|[of] p2a: Flat out AIDS\n|-heal|p2a: Flat out AIDS|43\/100 tox|[silent]\n|-damage|p2a: Flat out AIDS|12\/100 tox|[from] psn\n|upkeep\n|turn|39\n|\n|t:|1699336938\n|move|p2a: Flat out AIDS|Spore|p1a: Calyrex\n|-status|p1a: Calyrex|slp|[from] move: Spore\n|cant|p1a: Calyrex|slp\n|\n|-damage|p1a: Calyrex|67\/100 slp|[from] Leech Seed|[of] p2a: Flat out AIDS\n|-heal|p2a: Flat out AIDS|26\/100 tox|[silent]\n|-damage|p2a: Flat out AIDS|0 fnt|[from] psn\n|faint|p2a: Flat out AIDS\n|upkeep\n|\n|t:|1699336953\n|switch|p2a: Schizoid|Ditto|100\/100\n|-status|p2a: Schizoid|tox\n|-transform|p2a: Schizoid|p1a: Calyrex|[from] ability: Imposter\n|turn|40\n|\n|t:|1699336976\n|move|p2a: Schizoid|Astral Barrage|p1a: Calyrex\n|-supereffective|p1a: Calyrex\n|-damage|p1a: Calyrex|0 fnt\n|faint|p1a: Calyrex\n|\n|win|Dumbfudge\n|raw|PhotosFromJames's rating: 1336 &rarr; <strong>1322<\/strong><br \/>(-14 for losing)\n|raw|Dumbfudge's rating: 1448 &rarr; <strong>1462<\/strong><br \/>(+14 for winning)\n|l|\u2606PhotosFromJames\n|c|\u2606Dumbfudge|Gg\n","uploadtime":1699336995,"views":4,"p1id":"photosfromjames","p2id":"dumbfudge","formatid":"gen9anythinggoes","rating":1322,"private":0,"password":""}