{"id":"gen9anythinggoes-1983636452","p1":"gaming rn!","p2":"PreUnPo\u67ab\u6797\u6b8b\u96ea","format":"[Gen 9] Anything Goes","log":"|j|\u2606gaming rn!\n|j|\u2606PreUnPo\u67ab\u6797\u6b8b\u96ea\n|t:|1699152255\n|gametype|singles\n|player|p1|gaming rn!|brendan|1328\n|player|p2|PreUnPo\u67ab\u6797\u6b8b\u96ea|iono|1558\n|teamsize|p1|6\n|teamsize|p2|6\n|gen|9\n|tier|[Gen 9] Anything Goes\n|rated|\n|rule|HP Percentage Mod: HP is shown in percentages\n|rule|Endless Battle Clause: Forcing endless battles is banned\n|clearpoke\n|poke|p1|Espathra, F|\n|poke|p1|Hatterene, F|\n|poke|p1|Drifblim, F|\n|poke|p1|Vaporeon, M|\n|poke|p1|Venomoth, F|\n|poke|p1|Magearna|\n|poke|p2|Calyrex-Shadow|\n|poke|p2|Arceus-Fairy|\n|poke|p2|Arceus-Ground|\n|poke|p2|Arceus|\n|poke|p2|Arceus-Water|\n|poke|p2|Miraidon|\n|teampreview\n|inactive|Battle timer is ON: inactive players will automatically lose when time's up. (requested by PreUnPo\u67ab\u6797\u6b8b\u96ea)\n|c|\u2606gaming rn!|glhf!!!!!\n|\n|t:|1699152271\n|start\n|switch|p1a: Vaporeon|Vaporeon, M|100\/100\n|switch|p2a: Arceus|Arceus-Ground|100\/100\n|turn|1\n|\n|t:|1699152277\n|move|p2a: Arceus|Taunt|p1a: Vaporeon\n|-start|p1a: Vaporeon|move: Taunt\n|cant|p1a: Vaporeon|move: Taunt|Acid Armor\n|\n|upkeep\n|turn|2\n|\n|t:|1699152283\n|switch|p1a: Drifblim|Drifblim, F, shiny|100\/100\n|move|p2a: Arceus|Stealth Rock|p1a: Drifblim\n|-sidestart|p1: gaming rn!|move: Stealth Rock\n|\n|upkeep\n|turn|3\n|\n|t:|1699152286\n|switch|p1a: Hatterene|Hatterene, F|100\/100\n|-damage|p1a: Hatterene|88\/100|[from] Stealth Rock\n|move|p2a: Arceus|Taunt|p1a: Hatterene\n|move|p1a: Hatterene|Taunt|p2a: Arceus|[from]ability: Magic Bounce\n|-start|p2a: Arceus|move: Taunt\n|\n|upkeep\n|turn|4\n|\n|t:|1699152291\n|switch|p2a: Miraidon|Miraidon|100\/100\n|-fieldstart|move: Electric Terrain|[from] ability: Hadron Engine|[of] p2a: Miraidon\n|switch|p1a: Drifblim|Drifblim, F, shiny|100\/100\n|-damage|p1a: Drifblim|75\/100|[from] Stealth Rock\n|\n|upkeep\n|turn|5\n|\n|t:|1699152295\n|-terastallize|p1a: Drifblim|Ground\n|move|p2a: Miraidon|Volt Switch|p1a: Drifblim\n|-immune|p1a: Drifblim\n|move|p1a: Drifblim|Minimize|p1a: Drifblim\n|-boost|p1a: Drifblim|evasion|2\n|\n|upkeep\n|turn|6\n|\n|t:|1699152299\n|move|p2a: Miraidon|Taunt|p1a: Drifblim|[miss]\n|-miss|p2a: Miraidon|p1a: Drifblim\n|move|p1a: Drifblim|Minimize|p1a: Drifblim\n|-boost|p1a: Drifblim|evasion|2\n|\n|upkeep\n|turn|7\n|\n|t:|1699152302\n|move|p2a: Miraidon|Taunt|p1a: Drifblim\n|-start|p1a: Drifblim|move: Taunt\n|cant|p1a: Drifblim|move: Taunt|Baton Pass\n|\n|upkeep\n|turn|8\n|\n|t:|1699152304\n|move|p2a: Miraidon|Draco Meteor|p1a: Drifblim|[miss]\n|-miss|p2a: Miraidon|p1a: Drifblim\n|-activate|p1a: Drifblim|move: Struggle\n|move|p1a: Drifblim|Struggle|p2a: Miraidon\n|-damage|p2a: Miraidon|93\/100\n|-damage|p1a: Drifblim|50\/100|[from] recoil\n|-enditem|p1a: Drifblim|Sitrus Berry|[eat]\n|-heal|p1a: Drifblim|75\/100|[from] item: Sitrus Berry\n|\n|-fieldend|move: Electric Terrain\n|upkeep\n|turn|9\n|\n|t:|1699152308\n|-activate|p1a: Drifblim|move: Struggle\n|move|p1a: Drifblim|Struggle|p2a: Miraidon\n|-damage|p2a: Miraidon|85\/100\n|-damage|p1a: Drifblim|50\/100|[from] recoil\n|move|p2a: Miraidon|Draco Meteor|p1a: Drifblim|[miss]\n|-miss|p2a: Miraidon|p1a: Drifblim\n|\n|-end|p1a: Drifblim|move: Taunt\n|upkeep\n|turn|10\n|\n|t:|1699152315\n|move|p1a: Drifblim|Baton Pass|p1a: Drifblim\n|\n|t:|1699152320\n|switch|p1a: Hatterene|Hatterene, F|88\/100|[from] Baton Pass\n|-damage|p1a: Hatterene|76\/100|[from] Stealth Rock\n|move|p2a: Miraidon|Taunt|p1a: Hatterene\n|move|p1a: Hatterene|Taunt|p2a: Miraidon|[from]ability: Magic Bounce\n|-start|p2a: Miraidon|move: Taunt\n|\n|upkeep\n|turn|11\n|\n|t:|1699152326\n|move|p2a: Miraidon|Volt Switch|p1a: Hatterene\n|-damage|p1a: Hatterene|34\/100\n|-enditem|p1a: Hatterene|Sitrus Berry|[eat]\n|-heal|p1a: Hatterene|59\/100|[from] item: Sitrus Berry\n|\n|t:|1699152330\n|switch|p2a: Calyrex|Calyrex-Shadow|100\/100|[from] Volt Switch\n|-ability|p2a: Calyrex|As One\n|-ability|p2a: Calyrex|Unnerve\n|move|p1a: Hatterene|Substitute|p1a: Hatterene\n|-start|p1a: Hatterene|Substitute\n|-damage|p1a: Hatterene|34\/100\n|\n|upkeep\n|turn|12\n|\n|t:|1699152337\n|move|p2a: Calyrex|Psyshock|p1a: Hatterene\n|-resisted|p1a: Hatterene\n|-activate|p1a: Hatterene|move: Substitute|[damage]\n|move|p1a: Hatterene|Baton Pass|p1a: Hatterene\n|\n|t:|1699152339\n|switch|p1a: Espathra|Espathra, F|100\/100|[from] Baton Pass\n|-damage|p1a: Espathra|88\/100|[from] Stealth Rock\n|\n|upkeep\n|turn|13\n|\n|t:|1699152342\n|move|p1a: Espathra|Protect|p1a: Espathra\n|-singleturn|p1a: Espathra|Protect\n|move|p2a: Calyrex|Draining Kiss|p1a: Espathra\n|-activate|p1a: Espathra|move: Protect\n|\n|-ability|p1a: Espathra|Speed Boost|boost\n|-boost|p1a: Espathra|spe|1\n|upkeep\n|turn|14\n|\n|t:|1699152344\n|move|p1a: Espathra|Calm Mind|p1a: Espathra\n|-boost|p1a: Espathra|spa|1\n|-boost|p1a: Espathra|spd|1\n|move|p2a: Calyrex|Draining Kiss|p1a: Espathra\n|-end|p1a: Espathra|Substitute\n|\n|-ability|p1a: Espathra|Speed Boost|boost\n|-boost|p1a: Espathra|spe|1\n|upkeep\n|turn|15\n|\n|t:|1699152347\n|move|p1a: Espathra|Substitute|p1a: Espathra\n|-start|p1a: Espathra|Substitute\n|-damage|p1a: Espathra|63\/100\n|move|p2a: Calyrex|Nasty Plot|p2a: Calyrex\n|-boost|p2a: Calyrex|spa|2\n|\n|-ability|p1a: Espathra|Speed Boost|boost\n|-boost|p1a: Espathra|spe|1\n|upkeep\n|turn|16\n|\n|t:|1699152349\n|move|p1a: Espathra|Calm Mind|p1a: Espathra\n|-boost|p1a: Espathra|spa|1\n|-boost|p1a: Espathra|spd|1\n|move|p2a: Calyrex|Draining Kiss|p1a: Espathra\n|-end|p1a: Espathra|Substitute\n|\n|-ability|p1a: Espathra|Speed Boost|boost\n|-boost|p1a: Espathra|spe|1\n|upkeep\n|turn|17\n|\n|t:|1699152353\n|move|p1a: Espathra|Substitute|p1a: Espathra\n|-start|p1a: Espathra|Substitute\n|-damage|p1a: Espathra|39\/100\n|move|p2a: Calyrex|Nasty Plot|p2a: Calyrex\n|-boost|p2a: Calyrex|spa|2\n|\n|-ability|p1a: Espathra|Speed Boost|boost\n|-boost|p1a: Espathra|spe|1\n|upkeep\n|turn|18\n|\n|t:|1699152356\n|move|p1a: Espathra|Protect|p1a: Espathra\n|-singleturn|p1a: Espathra|Protect\n|move|p2a: Calyrex|Draining Kiss|p1a: Espathra\n|-activate|p1a: Espathra|move: Protect\n|\n|-ability|p1a: Espathra|Speed Boost|boost\n|-boost|p1a: Espathra|spe|1\n|upkeep\n|turn|19\n|\n|t:|1699152358\n|move|p1a: Espathra|Calm Mind|p1a: Espathra\n|-boost|p1a: Espathra|spa|1\n|-boost|p1a: Espathra|spd|1\n|move|p2a: Calyrex|Draining Kiss|p1a: Espathra\n|-end|p1a: Espathra|Substitute\n|\n|upkeep\n|turn|20\n|\n|t:|1699152360\n|move|p1a: Espathra|Protect|p1a: Espathra\n|-singleturn|p1a: Espathra|Protect\n|move|p2a: Calyrex|Draining Kiss|p1a: Espathra\n|-activate|p1a: Espathra|move: Protect\n|\n|upkeep\n|turn|21\n|\n|t:|1699152363\n|move|p1a: Espathra|Substitute|p1a: Espathra\n|-start|p1a: Espathra|Substitute\n|-damage|p1a: Espathra|14\/100\n|move|p2a: Calyrex|Draining Kiss|p1a: Espathra\n|-end|p1a: Espathra|Substitute\n|\n|upkeep\n|turn|22\n|\n|t:|1699152371\n|move|p1a: Espathra|Baton Pass|p1a: Espathra\n|\n|t:|1699152373\n|switch|p1a: Magearna|Magearna|100\/100|[from] Baton Pass\n|-damage|p1a: Magearna|94\/100|[from] Stealth Rock\n|move|p2a: Calyrex|Astral Barrage|p1a: Magearna|[miss]\n|-miss|p2a: Calyrex|p1a: Magearna\n|\n|-heal|p1a: Magearna|100\/100|[from] item: Leftovers\n|upkeep\n|turn|23\n|\n|t:|1699152379\n|move|p1a: Magearna|Stored Power|p2a: Calyrex\n|-resisted|p2a: Calyrex\n|-enditem|p2a: Calyrex|Focus Sash\n|-damage|p2a: Calyrex|1\/100\n|move|p2a: Calyrex|Astral Barrage|p1a: Magearna\n|-damage|p1a: Magearna|23\/100\n|\n|-heal|p1a: Magearna|29\/100|[from] item: Leftovers\n|upkeep\n|turn|24\n|\n|t:|1699152387\n|move|p1a: Magearna|Stored Power|p2a: Calyrex\n|-resisted|p2a: Calyrex\n|-damage|p2a: Calyrex|0 fnt\n|faint|p2a: Calyrex\n|-ability|p1a: Magearna|Soul-Heart|boost\n|-boost|p1a: Magearna|spa|1\n|\n|-heal|p1a: Magearna|35\/100|[from] item: Leftovers\n|upkeep\n|\n|t:|1699152397\n|switch|p2a: Arceus|Arceus|100\/100\n|turn|25\n|\n|t:|1699152401\n|move|p2a: Arceus|Extreme Speed|p1a: Magearna\n|-resisted|p1a: Magearna\n|-damage|p1a: Magearna|19\/100\n|move|p1a: Magearna|Draining Kiss|p2a: Arceus\n|-damage|p2a: Arceus|55\/100\n|-heal|p1a: Magearna|60\/100|[from] drain|[of] p2a: Arceus\n|\n|-heal|p1a: Magearna|66\/100|[from] item: Leftovers\n|upkeep\n|turn|26\n|-message|PreUnPo\u67ab\u6797\u6b8b\u96ea forfeited.\n|\n|win|gaming rn!\n|raw|gaming rn!'s rating: 1328 &rarr; <strong>1360<\/strong><br \/>(+32 for winning)\n|raw|PreUnPo\u67ab\u6797\u6b8b\u96ea's rating: 1558 &rarr; <strong>1526<\/strong><br \/>(-32 for losing)\n|l|\u2606PreUnPo\u67ab\u6797\u6b8b\u96ea\n","uploadtime":1699152413,"views":4,"p1id":"gamingrn","p2id":"preunpo","formatid":"gen9anythinggoes","rating":1360,"private":0,"password":""}