{"id":"gen9anythinggoes-1999184964","p1":"Iknowmyabc'slol","p2":"Slender235","format":"[Gen 9] Anything Goes","log":"|j|\u2606Iknowmyabc'slol\n|j|\u2606Slender235\n|t:|1701042736\n|gametype|singles\n|player|p1|Iknowmyabc'slol|raihan|1556\n|player|p2|Slender235|ingo|1524\n|teamsize|p1|6\n|teamsize|p2|6\n|gen|9\n|tier|[Gen 9] Anything Goes\n|rated|\n|rule|HP Percentage Mod: HP is shown in percentages\n|rule|Endless Battle Clause: Forcing endless battles is banned\n|clearpoke\n|poke|p1|Arceus-Fairy|\n|poke|p1|Toxapex, F|\n|poke|p1|Ting-Lu|\n|poke|p1|Calyrex-Shadow|\n|poke|p1|Koraidon|\n|poke|p1|Arceus|\n|poke|p2|Koraidon|\n|poke|p2|Chi-Yu|\n|poke|p2|Chi-Yu|\n|poke|p2|Calyrex-Shadow|\n|poke|p2|Dialga|\n|poke|p2|Sandy Shocks|\n|teampreview\n|\n|t:|1701042754\n|start\n|switch|p1a: Koraidon|Koraidon|100\/100\n|switch|p2a: Dialga|Dialga|100\/100\n|-weather|SunnyDay|[from] ability: Orichalcum Pulse|[of] p1a: Koraidon\n|-activate|p1a: Koraidon|Orichalcum Pulse|[source]\n|-ability|p2a: Dialga|Pressure\n|turn|1\n|\n|t:|1701042772\n|switch|p2a: Sandy Shocks|Sandy Shocks|100\/100\n|-activate|p2a: Sandy Shocks|ability: Protosynthesis\n|-start|p2a: Sandy Shocks|protosynthesisspe\n|move|p1a: Koraidon|Flare Blitz|p2a: Sandy Shocks\n|-damage|p2a: Sandy Shocks|7\/100\n|-damage|p1a: Koraidon|71\/100|[from] Recoil\n|\n|-weather|SunnyDay|[upkeep]\n|upkeep\n|turn|2\n|\n|t:|1701042781\n|move|p1a: Koraidon|Flare Blitz|p2a: Sandy Shocks\n|-damage|p2a: Sandy Shocks|0 fnt\n|faint|p2a: Sandy Shocks\n|-end|p2a: Sandy Shocks|Protosynthesis|[silent]\n|-damage|p1a: Koraidon|69\/100|[from] Recoil\n|\n|-weather|SunnyDay|[upkeep]\n|upkeep\n|\n|t:|1701042800\n|switch|p2a: OHKO|Chi-Yu|100\/100\n|-ability|p2a: OHKO|Beads of Ruin\n|turn|3\n|\n|t:|1701042810\n|switch|p1a: Toxapex|Toxapex, F|100\/100\n|move|p2a: OHKO|Psychic|p1a: Toxapex\n|-supereffective|p1a: Toxapex\n|-damage|p1a: Toxapex|0 fnt\n|faint|p1a: Toxapex\n|\n|-weather|SunnyDay|[upkeep]\n|upkeep\n|\n|t:|1701042823\n|switch|p1a: Arceus|Arceus-Fairy|100\/100\n|turn|4\n|\n|t:|1701042829\n|switch|p2a: Dialga|Dialga|100\/100\n|-ability|p2a: Dialga|Pressure\n|move|p1a: Arceus|Judgment|p2a: Dialga\n|-damage|p2a: Dialga|77\/100\n|\n|-weather|SunnyDay|[upkeep]\n|upkeep\n|turn|5\n|\n|t:|1701042837\n|move|p1a: Arceus|Taunt|p2a: Dialga\n|-start|p2a: Dialga|move: Taunt\n|move|p2a: Dialga|Flash Cannon|p1a: Arceus\n|-supereffective|p1a: Arceus\n|-damage|p1a: Arceus|48\/100\n|\n|-weather|none\n|upkeep\n|turn|6\n|\n|t:|1701042845\n|switch|p1a: Ting-Lu|Ting-Lu|100\/100\n|-ability|p1a: Ting-Lu|Vessel of Ruin\n|move|p2a: Dialga|Flash Cannon|p1a: Ting-Lu\n|-damage|p1a: Ting-Lu|84\/100\n|\n|-heal|p1a: Ting-Lu|90\/100|[from] item: Leftovers\n|upkeep\n|turn|7\n|\n|t:|1701042856\n|switch|p2a: Koraidon|Koraidon|100\/100\n|-weather|SunnyDay|[from] ability: Orichalcum Pulse|[of] p2a: Koraidon\n|-activate|p2a: Koraidon|Orichalcum Pulse|[source]\n|move|p1a: Ting-Lu|Spikes|p2a: Koraidon\n|-sidestart|p2: Slender235|Spikes\n|\n|-weather|SunnyDay|[upkeep]\n|-heal|p1a: Ting-Lu|96\/100|[from] item: Leftovers\n|upkeep\n|turn|8\n|\n|t:|1701042868\n|switch|p1a: Arceus|Arceus-Fairy|48\/100\n|move|p2a: Koraidon|U-turn|p1a: Arceus\n|-resisted|p1a: Arceus\n|-damage|p1a: Arceus|39\/100\n|\n|t:|1701042873\n|switch|p2a: friendly chi yu|Chi-Yu|100\/100|[from] U-turn\n|-damage|p2a: friendly chi yu|88\/100|[from] Spikes\n|-ability|p2a: friendly chi yu|Beads of Ruin\n|\n|-weather|SunnyDay|[upkeep]\n|upkeep\n|turn|9\n|\n|t:|1701042880\n|move|p2a: friendly chi yu|Flamethrower|p1a: Arceus\n|-damage|p1a: Arceus|0 fnt\n|faint|p1a: Arceus\n|\n|-weather|SunnyDay|[upkeep]\n|upkeep\n|\n|t:|1701042899\n|switch|p1a: Koraidon|Koraidon|69\/100\n|-activate|p1a: Koraidon|ability: Orichalcum Pulse\n|turn|10\n|\n|t:|1701042918\n|switch|p2a: OHKO|Chi-Yu|100\/100\n|-damage|p2a: OHKO|88\/100|[from] Spikes\n|-ability|p2a: OHKO|Beads of Ruin\n|move|p1a: Koraidon|Close Combat|p2a: OHKO\n|-supereffective|p2a: OHKO\n|-damage|p2a: OHKO|0 fnt\n|-unboost|p1a: Koraidon|def|1\n|-unboost|p1a: Koraidon|spd|1\n|faint|p2a: OHKO\n|\n|-weather|SunnyDay|[upkeep]\n|upkeep\n|\n|t:|1701042928\n|switch|p2a: Calyrex|Calyrex-Shadow|100\/100\n|-ability|p2a: Calyrex|As One\n|-ability|p2a: Calyrex|Unnerve\n|-damage|p2a: Calyrex|88\/100|[from] Spikes\n|turn|11\n|\n|t:|1701042937\n|switch|p1a: Arceus|Arceus|100\/100\n|move|p2a: Calyrex|Astral Barrage|p1a: Arceus\n|-immune|p1a: Arceus\n|\n|-weather|SunnyDay|[upkeep]\n|upkeep\n|turn|12\n|\n|t:|1701042947\n|-terastallize|p2a: Calyrex|Fighting\n|move|p2a: Calyrex|Tera Blast|p1a: Arceus|[anim] Tera Blast Fighting\n|-supereffective|p1a: Arceus\n|-damage|p1a: Arceus|14\/100\n|-damage|p2a: Calyrex|78\/100|[from] item: Life Orb\n|move|p1a: Arceus|Shadow Claw|p2a: Calyrex\n|-crit|p2a: Calyrex\n|-damage|p2a: Calyrex|35\/100\n|\n|-weather|SunnyDay|[upkeep]\n|upkeep\n|turn|13\n|\n|t:|1701042957\n|switch|p2a: Dialga|Dialga|77\/100\n|-damage|p2a: Dialga|64\/100|[from] Spikes\n|-ability|p2a: Dialga|Pressure\n|move|p1a: Arceus|Extreme Speed|p2a: Dialga\n|-resisted|p2a: Dialga\n|-damage|p2a: Dialga|52\/100\n|\n|-weather|SunnyDay|[upkeep]\n|upkeep\n|turn|14\n|\n|t:|1701042970\n|switch|p1a: Ting-Lu|Ting-Lu|96\/100\n|-ability|p1a: Ting-Lu|Vessel of Ruin\n|move|p2a: Dialga|Flamethrower|p1a: Ting-Lu\n|-damage|p1a: Ting-Lu|76\/100\n|\n|-weather|none\n|-heal|p1a: Ting-Lu|83\/100|[from] item: Leftovers\n|upkeep\n|turn|15\n|\n|t:|1701042980\n|switch|p2a: Koraidon|Koraidon|100\/100\n|-damage|p2a: Koraidon|88\/100|[from] Spikes\n|-weather|SunnyDay|[from] ability: Orichalcum Pulse|[of] p2a: Koraidon\n|-activate|p2a: Koraidon|Orichalcum Pulse|[source]\n|move|p1a: Ting-Lu|Spikes|p2a: Koraidon\n|-sidestart|p2: Slender235|Spikes\n|\n|-weather|SunnyDay|[upkeep]\n|-heal|p1a: Ting-Lu|89\/100|[from] item: Leftovers\n|upkeep\n|turn|16\n|\n|t:|1701043001\n|move|p2a: Koraidon|Flare Blitz|p1a: Ting-Lu\n|-damage|p1a: Ting-Lu|42\/100\n|-damage|p2a: Koraidon|65\/100|[from] Recoil\n|move|p1a: Ting-Lu|Whirlwind|p2a: Koraidon\n|drag|p2a: friendly chi yu|Chi-Yu|88\/100\n|-damage|p2a: friendly chi yu|72\/100|[from] Spikes\n|-ability|p2a: friendly chi yu|Beads of Ruin\n|\n|-weather|SunnyDay|[upkeep]\n|-heal|p1a: Ting-Lu|48\/100|[from] item: Leftovers\n|upkeep\n|turn|17\n|\n|t:|1701043019\n|move|p2a: friendly chi yu|Flamethrower|p1a: Ting-Lu\n|-damage|p1a: Ting-Lu|8\/100\n|move|p1a: Ting-Lu|Earthquake|p2a: friendly chi yu\n|-supereffective|p2a: friendly chi yu\n|-damage|p2a: friendly chi yu|0 fnt\n|faint|p2a: friendly chi yu\n|\n|-weather|SunnyDay|[upkeep]\n|-heal|p1a: Ting-Lu|15\/100|[from] item: Leftovers\n|upkeep\n|\n|t:|1701043030\n|switch|p2a: Koraidon|Koraidon|65\/100\n|-damage|p2a: Koraidon|48\/100|[from] Spikes\n|-activate|p2a: Koraidon|ability: Orichalcum Pulse\n|turn|18\n|\n|t:|1701043042\n|move|p2a: Koraidon|U-turn|p1a: Ting-Lu\n|-supereffective|p1a: Ting-Lu\n|-damage|p1a: Ting-Lu|0 fnt\n|faint|p1a: Ting-Lu\n|\n|t:|1701043055\n|switch|p2a: Calyrex|Calyrex-Shadow, tera:Fighting|35\/100|[from] U-turn\n|-ability|p2a: Calyrex|As One\n|-ability|p2a: Calyrex|Unnerve\n|-damage|p2a: Calyrex|18\/100|[from] Spikes\n|\n|-weather|SunnyDay|[upkeep]\n|upkeep\n|\n|t:|1701043064\n|switch|p1a: Arceus|Arceus|14\/100\n|turn|19\n|\n|t:|1701043071\n|switch|p2a: Dialga|Dialga|52\/100\n|-damage|p2a: Dialga|36\/100|[from] Spikes\n|-ability|p2a: Dialga|Pressure\n|move|p1a: Arceus|Extreme Speed|p2a: Dialga\n|-resisted|p2a: Dialga\n|-damage|p2a: Dialga|23\/100\n|\n|-weather|SunnyDay|[upkeep]\n|upkeep\n|turn|20\n|\n|t:|1701043096\n|switch|p1a: Calyrex|Calyrex-Shadow|100\/100\n|-ability|p1a: Calyrex|As One\n|-ability|p1a: Calyrex|Unnerve\n|move|p2a: Dialga|Flash Cannon|p1a: Calyrex\n|-damage|p1a: Calyrex|64\/100\n|\n|-weather|SunnyDay|[upkeep]\n|upkeep\n|turn|21\n|\n|t:|1701043110\n|move|p1a: Calyrex|Astral Barrage|p2a: Dialga\n|-damage|p2a: Dialga|0 fnt\n|faint|p2a: Dialga\n|-ability|p1a: Calyrex|Grim Neigh|boost\n|-boost|p1a: Calyrex|spa|1\n|\n|-weather|SunnyDay|[upkeep]\n|upkeep\n|\n|t:|1701043115\n|switch|p2a: Calyrex|Calyrex-Shadow, tera:Fighting|18\/100\n|-ability|p2a: Calyrex|As One\n|-ability|p2a: Calyrex|Unnerve\n|-damage|p2a: Calyrex|2\/100|[from] Spikes\n|turn|22\n|\n|t:|1701043123\n|switch|p1a: Arceus|Arceus|14\/100\n|move|p2a: Calyrex|Astral Barrage|p1a: Arceus\n|-immune|p1a: Arceus\n|\n|-weather|none\n|upkeep\n|turn|23\n|-message|Slender235 forfeited.\n|\n|win|Iknowmyabc'slol\n|raw|Iknowmyabc&apos;slol's rating: 1556 &rarr; <strong>1574<\/strong><br \/>(+18 for winning)\n|raw|Slender235's rating: 1524 &rarr; <strong>1506<\/strong><br \/>(-18 for losing)\n|l|\u2606Slender235\n","uploadtime":1701043141,"views":1,"p1id":"iknowmyabcslol","p2id":"slender235","formatid":"gen9anythinggoes","rating":1506,"private":0,"password":""}