{"id":"gen9anythinggoes-1985449619","p1":"Schadenfreude06","p2":"TheWafflwz","format":"[Gen 9] Anything Goes","log":"|j|\u2606Schadenfreude06\n|j|\u2606TheWafflwz\n|t:|1699375638\n|gametype|singles\n|player|p1|Schadenfreude06|silver|1141\n|player|p2|TheWafflwz|roxie|1077\n|teamsize|p1|6\n|teamsize|p2|6\n|gen|9\n|tier|[Gen 9] Anything Goes\n|rated|\n|rule|HP Percentage Mod: HP is shown in percentages\n|rule|Endless Battle Clause: Forcing endless battles is banned\n|clearpoke\n|poke|p1|Zoroark, F|\n|poke|p1|Arceus|\n|poke|p1|Zacian-*|\n|poke|p1|Rayquaza|\n|poke|p1|Arceus|\n|poke|p1|Kyogre|\n|poke|p2|Ogerpon, F|\n|poke|p2|Tinkaton, F|\n|poke|p2|Cinderace, F|\n|poke|p2|Azumarill, F|\n|poke|p2|Gliscor, F|\n|poke|p2|Drifblim, M|\n|teampreview\n|inactive|Battle timer is ON: inactive players will automatically lose when time's up. (requested by TheWafflwz)\n|\n|t:|1699375644\n|start\n|switch|p1a: ogreKy|Kyogre|100\/100\n|switch|p2a: Gliscor|Gliscor, F|100\/100\n|turn|1\n|\n|t:|1699375654\n|move|p2a: Gliscor|Swords Dance|p2a: Gliscor\n|-boost|p2a: Gliscor|atk|2\n|move|p1a: ogreKy|Roar|p2a: Gliscor\n|drag|p2a: Tinkaton|Tinkaton, F|100\/100\n|-ability|p2a: Tinkaton|Mold Breaker\n|\n|upkeep\n|turn|2\n|\n|t:|1699375664\n|move|p2a: Tinkaton|Fake Out|p1a: ogreKy\n|-crit|p1a: ogreKy\n|-damage|p1a: ogreKy|69\/100\n|replace|p1a: Zoroark|Zoroark, F\n|-end|p1a: Zoroark|Illusion\n|cant|p1a: Zoroark|flinch\n|\n|-heal|p1a: Zoroark|75\/100|[from] item: Leftovers\n|upkeep\n|turn|3\n|\n|t:|1699375678\n|move|p2a: Tinkaton|Gigaton Hammer|p1a: Zoroark\n|-damage|p1a: Zoroark|0 fnt\n|faint|p1a: Zoroark\n|\n|upkeep\n|\n|t:|1699375688\n|switch|p1a: Arceus|Arceus|100\/100\n|turn|4\n|\n|t:|1699375698\n|move|p1a: Arceus|Swords Dance|p1a: Arceus\n|-boost|p1a: Arceus|atk|2\n|move|p2a: Tinkaton|Knock Off|p1a: Arceus\n|-damage|p1a: Arceus|83\/100\n|-enditem|p1a: Arceus|Leftovers|[from] move: Knock Off|[of] p2a: Tinkaton\n|\n|upkeep\n|turn|5\n|\n|t:|1699375708\n|move|p1a: Arceus|Swords Dance|p1a: Arceus\n|-boost|p1a: Arceus|atk|2\n|move|p2a: Tinkaton|Gigaton Hammer|p1a: Arceus\n|-damage|p1a: Arceus|35\/100\n|\n|upkeep\n|turn|6\n|\n|t:|1699375715\n|move|p1a: Arceus|Recover|p1a: Arceus\n|-heal|p1a: Arceus|85\/100\n|move|p2a: Tinkaton|Swords Dance|p2a: Tinkaton\n|-boost|p2a: Tinkaton|atk|2\n|\n|upkeep\n|turn|7\n|\n|t:|1699375729\n|move|p1a: Arceus|Extreme Speed|p2a: Tinkaton\n|-resisted|p2a: Tinkaton\n|-damage|p2a: Tinkaton|33\/100\n|move|p2a: Tinkaton|Gigaton Hammer|p1a: Arceus\n|-damage|p1a: Arceus|0 fnt\n|faint|p1a: Arceus\n|\n|upkeep\n|\n|t:|1699375738\n|switch|p1a: Arceus|Arceus|100\/100\n|turn|8\n|\n|t:|1699375742\n|move|p2a: Tinkaton|Knock Off|p1a: Arceus\n|-damage|p1a: Arceus|71\/100\n|-enditem|p1a: Arceus|Leftovers|[from] move: Knock Off|[of] p2a: Tinkaton\n|move|p1a: Arceus|Swords Dance|p1a: Arceus\n|-boost|p1a: Arceus|atk|2\n|\n|upkeep\n|turn|9\n|\n|t:|1699375751\n|move|p1a: Arceus|Extreme Speed|p2a: Tinkaton\n|-resisted|p2a: Tinkaton\n|-damage|p2a: Tinkaton|0 fnt\n|faint|p2a: Tinkaton\n|\n|upkeep\n|\n|t:|1699375761\n|switch|p2a: Cinderace|Cinderace, F|100\/100\n|turn|10\n|\n|t:|1699375773\n|move|p2a: Cinderace|Swords Dance|p2a: Cinderace\n|-boost|p2a: Cinderace|atk|2\n|move|p1a: Arceus|Swords Dance|p1a: Arceus\n|-boost|p1a: Arceus|atk|2\n|\n|upkeep\n|turn|11\n|\n|t:|1699375783\n|move|p1a: Arceus|Extreme Speed|p2a: Cinderace\n|-damage|p2a: Cinderace|0 fnt\n|faint|p2a: Cinderace\n|\n|upkeep\n|\n|t:|1699375786\n|switch|p2a: Gliscor|Gliscor, F|100\/100\n|turn|12\n|\n|t:|1699375792\n|move|p1a: Arceus|Extreme Speed|p2a: Gliscor\n|-damage|p2a: Gliscor|0 fnt\n|faint|p2a: Gliscor\n|\n|upkeep\n|\n|t:|1699375797\n|switch|p2a: Azumarill|Azumarill, F|100\/100\n|turn|13\n|\n|t:|1699375801\n|move|p1a: Arceus|Extreme Speed|p2a: Azumarill\n|-damage|p2a: Azumarill|0 fnt\n|faint|p2a: Azumarill\n|\n|upkeep\n|\n|t:|1699375804\n|switch|p2a: Drifblim|Drifblim, M|100\/100\n|turn|14\n|\n|t:|1699375810\n|move|p2a: Drifblim|Thunder Wave|p1a: Arceus\n|-status|p1a: Arceus|par\n|move|p1a: Arceus|Dark Pulse|p2a: Drifblim\n|-supereffective|p2a: Drifblim\n|-damage|p2a: Drifblim|52\/100\n|\n|-heal|p2a: Drifblim|58\/100|[from] item: Leftovers\n|upkeep\n|turn|15\n|\n|t:|1699375822\n|move|p2a: Drifblim|Minimize|p2a: Drifblim\n|-boost|p2a: Drifblim|evasion|2\n|move|p1a: Arceus|Dark Pulse|p2a: Drifblim|[miss]\n|-miss|p1a: Arceus|p2a: Drifblim\n|\n|-heal|p2a: Drifblim|64\/100|[from] item: Leftovers\n|upkeep\n|turn|16\n|\n|t:|1699375840\n|move|p2a: Drifblim|Minimize|p2a: Drifblim\n|-boost|p2a: Drifblim|evasion|2\n|move|p1a: Arceus|Dark Pulse|p2a: Drifblim\n|-supereffective|p2a: Drifblim\n|-damage|p2a: Drifblim|18\/100\n|\n|-heal|p2a: Drifblim|24\/100|[from] item: Leftovers\n|upkeep\n|turn|17\n|\n|t:|1699375850\n|move|p2a: Drifblim|Minimize|p2a: Drifblim\n|-boost|p2a: Drifblim|evasion|2\n|move|p1a: Arceus|Dark Pulse|p2a: Drifblim\n|-supereffective|p2a: Drifblim\n|-damage|p2a: Drifblim|0 fnt\n|faint|p2a: Drifblim\n|\n|upkeep\n|\n|t:|1699375855\n|switch|p2a: Ogerpon|Ogerpon, F|100\/100\n|turn|18\n|\n|t:|1699375860\n|-terastallize|p2a: Ogerpon|Grass\n|detailschange|p2a: Ogerpon|Ogerpon-Teal-Tera, F, tera:Grass\n|-ability|p2a: Ogerpon|Embody Aspect (Teal)|boost\n|-boost|p2a: Ogerpon|spe|1\n|move|p1a: Arceus|Extreme Speed|p2a: Ogerpon\n|-damage|p2a: Ogerpon|0 fnt\n|faint|p2a: Ogerpon\n|\n|win|Schadenfreude06\n|raw|Schadenfreude06's rating: 1141 &rarr; <strong>1161<\/strong><br \/>(+20 for winning)\n|raw|TheWafflwz's rating: 1077 &rarr; <strong>1059<\/strong><br \/>(-18 for losing)\n|l|\u2606TheWafflwz\n","uploadtime":1699376033,"views":9,"p1id":"schadenfreude06","p2id":"thewafflwz","formatid":"gen9anythinggoes","rating":1059,"private":0,"password":""}