{"id":"gen9anythinggoes-1998844352","p1":"HarryIzCool","p2":"beansdentrex","format":"[Gen 9] Anything Goes","log":"|j|\u2606HarryIzCool\n|j|\u2606beansdentrex\n|t:|1701001946\n|gametype|singles\n|player|p1|HarryIzCool|red|1069\n|player|p2|beansdentrex|gentleman-gen4|1144\n|teamsize|p1|6\n|teamsize|p2|6\n|gen|9\n|tier|[Gen 9] Anything Goes\n|rated|\n|rule|HP Percentage Mod: HP is shown in percentages\n|rule|Endless Battle Clause: Forcing endless battles is banned\n|clearpoke\n|poke|p1|Gholdengo|\n|poke|p1|Ogerpon-Hearthflame, F|\n|poke|p1|Kingambit, M|\n|poke|p1|Palafin, M|\n|poke|p1|Annihilape, M|\n|poke|p1|Flutter Mane|\n|poke|p2|Basculegion, M|\n|poke|p2|Basculegion, M|\n|poke|p2|Basculegion, M|\n|poke|p2|Basculegion, M|\n|poke|p2|Basculegion, M|\n|poke|p2|Basculegion, M|\n|teampreview\n|c|\u2606beansdentrex|fish\n|inactive|Battle timer is ON: inactive players will automatically lose when time's up. (requested by beansdentrex)\n|\n|t:|1701001975\n|start\n|switch|p1a: Annihilape|Annihilape, M|100\/100\n|switch|p2a: Basculegion|Basculegion, M|100\/100\n|-item|p1a: Annihilape|Air Balloon\n|turn|1\n|c|\u2606beansdentrex|fish\n|\n|t:|1701001983\n|move|p2a: Basculegion|Last Respects|p1a: Annihilape\n|-supereffective|p1a: Annihilape\n|-crit|p1a: Annihilape\n|-damage|p1a: Annihilape|32\/100\n|-enditem|p1a: Annihilape|Air Balloon\n|move|p1a: Annihilape|Rage Fist|p2a: Basculegion\n|-supereffective|p2a: Basculegion\n|-damage|p2a: Basculegion|0 fnt\n|faint|p2a: Basculegion\n|\n|upkeep\n|c|\u2606beansdentrex|fish\n|\n|t:|1701001994\n|switch|p2a: Basculegion|Basculegion, M|100\/100\n|turn|2\n|\n|t:|1701001998\n|move|p2a: Basculegion|Rain Dance|p2a: Basculegion\n|-weather|RainDance\n|move|p1a: Annihilape|Rage Fist|p2a: Basculegion\n|-supereffective|p2a: Basculegion\n|-damage|p2a: Basculegion|0 fnt\n|faint|p2a: Basculegion\n|\n|-weather|RainDance|[upkeep]\n|upkeep\n|c|\u2606beansdentrex|fish\n|\n|t:|1701002006\n|switch|p2a: Basculegion|Basculegion, M|100\/100\n|turn|3\n|\n|t:|1701002010\n|move|p2a: Basculegion|Last Respects|p1a: Annihilape\n|-supereffective|p1a: Annihilape\n|-damage|p1a: Annihilape|0 fnt\n|faint|p1a: Annihilape\n|\n|-weather|RainDance|[upkeep]\n|upkeep\n|\n|t:|1701002021\n|switch|p1a: Kingambit|Kingambit, M, shiny|100\/100\n|-activate|p1a: Kingambit|ability: Supreme Overlord\n|-start|p1a: Kingambit|fallen1|[silent]\n|turn|4\n|\n|t:|1701002030\n|move|p2a: Basculegion|Surf|p1a: Kingambit\n|-crit|p1a: Kingambit\n|-damage|p1a: Kingambit|41\/100\n|move|p1a: Kingambit|Brick Break|p2a: Basculegion\n|-immune|p2a: Basculegion\n|\n|-weather|RainDance|[upkeep]\n|upkeep\n|turn|5\n|\n|t:|1701002040\n|move|p2a: Basculegion|Surf|p1a: Kingambit\n|-crit|p1a: Kingambit\n|-damage|p1a: Kingambit|0 fnt\n|faint|p1a: Kingambit\n|-end|p1a: Kingambit|fallen1|[silent]\n|\n|-weather|RainDance|[upkeep]\n|upkeep\n|c|\u2606beansdentrex|fish\n|\n|t:|1701002052\n|switch|p1a: Gholdengo|Gholdengo, shiny|100\/100\n|turn|6\n|\n|t:|1701002055\n|move|p2a: Basculegion|Last Respects|p1a: Gholdengo\n|-supereffective|p1a: Gholdengo\n|-crit|p1a: Gholdengo\n|-damage|p1a: Gholdengo|0 fnt\n|faint|p1a: Gholdengo\n|\n|-weather|none\n|upkeep\n|c|\u2606beansdentrex|fish\n|\n|t:|1701002061\n|switch|p1a: Palafin|Palafin, M|100\/100\n|turn|7\n|\n|t:|1701002069\n|-terastallize|p1a: Palafin|Water\n|move|p2a: Basculegion|Last Respects|p1a: Palafin\n|-damage|p1a: Palafin|11\/100\n|move|p1a: Palafin|Wave Crash|p2a: Basculegion\n|-resisted|p2a: Basculegion\n|-damage|p2a: Basculegion|59\/100\n|-damage|p1a: Palafin|0 fnt|[from] Recoil\n|faint|p1a: Palafin\n|\n|upkeep\n|\n|t:|1701002078\n|switch|p1a: Flutter Mane|Flutter Mane|100\/100\n|turn|8\n|c|\u2606beansdentrex|fish\n|\n|t:|1701002083\n|move|p1a: Flutter Mane|Moonblast|p2a: Basculegion\n|-damage|p2a: Basculegion|0 fnt\n|faint|p2a: Basculegion\n|\n|upkeep\n|\n|t:|1701002087\n|switch|p2a: Basculegion|Basculegion, M|100\/100\n|turn|9\n|\n|t:|1701002090\n|move|p1a: Flutter Mane|Moonblast|p2a: Basculegion\n|-crit|p2a: Basculegion\n|-damage|p2a: Basculegion|17\/100\n|-enditem|p2a: Basculegion|Sitrus Berry|[eat]\n|-heal|p2a: Basculegion|42\/100|[from] item: Sitrus Berry\n|move|p2a: Basculegion|Rain Dance|p2a: Basculegion\n|-weather|RainDance\n|\n|-weather|RainDance|[upkeep]\n|upkeep\n|turn|10\n|\n|t:|1701002098\n|move|p2a: Basculegion|Last Respects|p1a: Flutter Mane\n|-supereffective|p1a: Flutter Mane\n|-enditem|p1a: Flutter Mane|Focus Sash\n|-damage|p1a: Flutter Mane|1\/100\n|move|p1a: Flutter Mane|Moonblast|p2a: Basculegion\n|-damage|p2a: Basculegion|0 fnt\n|faint|p2a: Basculegion\n|\n|-weather|RainDance|[upkeep]\n|upkeep\n|\n|t:|1701002106\n|switch|p2a: Basculegion|Basculegion, M|100\/100\n|turn|11\n|\n|t:|1701002115\n|move|p2a: Basculegion|Surf|p1a: Flutter Mane\n|-damage|p1a: Flutter Mane|0 fnt\n|faint|p1a: Flutter Mane\n|-end|p1a: Flutter Mane|Protosynthesis|[silent]\n|\n|-weather|RainDance|[upkeep]\n|upkeep\n|c|\u2606HarryIzCool|ggs\n|c|\u2606beansdentrex|fish\n|\n|t:|1701002121\n|switch|p1a: Ogerpon|Ogerpon-Hearthflame, F|100\/100\n|-ability|p1a: Ogerpon|Mold Breaker\n|turn|12\n|c|\u2606HarryIzCool|ggs bro\n|\n|t:|1701002130\n|move|p2a: Basculegion|Last Respects|p1a: Ogerpon\n|-damage|p1a: Ogerpon|0 fnt\n|faint|p1a: Ogerpon\n|\n|win|beansdentrex\n|raw|HarryIzCool's rating: 1069 &rarr; <strong>1053<\/strong><br \/>(-16 for losing)\n|raw|beansdentrex's rating: 1144 &rarr; <strong>1164<\/strong><br \/>(+20 for winning)\n|c|\u2606beansdentrex|fish\n|l|\u2606HarryIzCool\n","uploadtime":1701002329,"views":10,"p1id":"harryizcool","p2id":"beansdentrex","formatid":"gen9anythinggoes","rating":1053,"private":0,"password":""}