{"id":"gen9anythinggoes-1972932284","p1":"BubblePopper","p2":"psycopancake","format":"[Gen 9] Anything Goes","log":"|j|\u2606BubblePopper\n|j|\u2606psycopancake\n|t:|1697910188\n|gametype|singles\n|player|p1|BubblePopper|caitlin-masters|\n|player|p2|psycopancake|chuck|\n|teamsize|p1|6\n|teamsize|p2|6\n|gen|9\n|tier|[Gen 9] Anything Goes\n|rule|HP Percentage Mod: HP is shown in percentages\n|rule|Endless Battle Clause: Forcing endless battles is banned\n|clearpoke\n|poke|p1|Shaymin-Sky|\n|poke|p1|Chien-Pao|\n|poke|p1|Kilowattrel, F|\n|poke|p1|Dondozo, M|\n|poke|p1|Cinderace, M|\n|poke|p1|Iron Treads|\n|poke|p2|Ursaluna-Bloodmoon, M|\n|poke|p2|Sneasler, F|\n|poke|p2|Skeledirge, M|\n|poke|p2|Zoroark, M|\n|poke|p2|Articuno-Galar|\n|poke|p2|Kleavor, M|\n|teampreview\n|inactive|Battle timer is ON: inactive players will automatically lose when time's up. (requested by BubblePopper)\n|inactiveoff|Battle timer is now OFF.\n|c|\u2606BubblePopper|gl hf\n|l|\u2606psycopancake\n|player|p2|\n|j|\u2606psycopancake\n|player|p2|psycopancake|chuck\n|c|\u2606psycopancake|Hfgl\n|\n|t:|1697910238\n|start\n|switch|p1a: ok 5|Cinderace, M|100\/100\n|switch|p2a: Sawyer|Kleavor, M|100\/100\n|turn|1\n|c|\u2606BubblePopper|gl hf (nur um sicher zu gehen falls du es das erste mal nicht gesehen hast)\n|\n|t:|1697910258\n|move|p1a: ok 5|U-turn|p2a: Sawyer\n|-start|p1a: ok 5|typechange|Bug|[from] ability: Libero\n|-damage|p2a: Sawyer|55\/100\n|c|\u2606psycopancake|Danke dir\n|\n|t:|1697910262\n|switch|p1a: ok 6|Iron Treads|100\/100|[from] U-turn\n|-enditem|p1a: ok 6|Booster Energy\n|-activate|p1a: ok 6|ability: Quark Drive|[fromitem]\n|-start|p1a: ok 6|quarkdrivedef\n|move|p2a: Sawyer|Stone Axe|p1a: ok 6\n|-resisted|p1a: ok 6\n|-damage|p1a: ok 6|95\/100\n|-sidestart|p1: BubblePopper|move: Stealth Rock\n|\n|upkeep\n|turn|2\n|\n|t:|1697910277\n|switch|p2a: Phantom|Articuno-Galar|100\/100\n|move|p1a: ok 6|Rapid Spin|p2a: Phantom\n|-damage|p2a: Phantom|86\/100\n|-boost|p1a: ok 6|spe|1\n|-sideend|p1: BubblePopper|Stealth Rock|[from] move: Rapid Spin|[of] p1a: ok 6\n|\n|upkeep\n|turn|3\n|\n|t:|1697910287\n|move|p1a: ok 6|Stealth Rock|p2a: Phantom\n|-sidestart|p2: psycopancake|move: Stealth Rock\n|move|p2a: Phantom|Trick Room|p2a: Phantom\n|-fieldstart|move: Trick Room|[of] p2a: Phantom\n|\n|upkeep\n|turn|4\n|\n|t:|1697910299\n|move|p2a: Phantom|Calm Mind|p2a: Phantom\n|-boost|p2a: Phantom|spa|1\n|-boost|p2a: Phantom|spd|1\n|move|p1a: ok 6|Rapid Spin|p2a: Phantom\n|-damage|p2a: Phantom|72\/100\n|-boost|p1a: ok 6|spe|1\n|\n|upkeep\n|turn|5\n|\n|t:|1697910309\n|move|p2a: Phantom|Calm Mind|p2a: Phantom\n|-boost|p2a: Phantom|spa|1\n|-boost|p2a: Phantom|spd|1\n|move|p1a: ok 6|Rapid Spin|p2a: Phantom\n|-damage|p2a: Phantom|59\/100\n|-boost|p1a: ok 6|spe|1\n|\n|upkeep\n|turn|6\n|\n|t:|1697910317\n|move|p2a: Phantom|Calm Mind|p2a: Phantom\n|-boost|p2a: Phantom|spa|1\n|-boost|p2a: Phantom|spd|1\n|move|p1a: ok 6|Rapid Spin|p2a: Phantom\n|-damage|p2a: Phantom|45\/100\n|-boost|p1a: ok 6|spe|1\n|\n|upkeep\n|turn|7\n|\n|t:|1697910325\n|move|p2a: Phantom|Recover|p2a: Phantom\n|-heal|p2a: Phantom|95\/100\n|move|p1a: ok 6|Rapid Spin|p2a: Phantom\n|-damage|p2a: Phantom|81\/100\n|-boost|p1a: ok 6|spe|1\n|\n|-fieldend|move: Trick Room\n|upkeep\n|turn|8\n|\n|t:|1697910332\n|move|p1a: ok 6|Body Press|p2a: Phantom\n|-resisted|p2a: Phantom\n|-damage|p2a: Phantom|73\/100\n|move|p2a: Phantom|Trick Room|p2a: Phantom\n|-fieldstart|move: Trick Room|[of] p2a: Phantom\n|\n|upkeep\n|turn|9\n|\n|t:|1697910340\n|move|p2a: Phantom|Calm Mind|p2a: Phantom\n|-boost|p2a: Phantom|spa|1\n|-boost|p2a: Phantom|spd|1\n|move|p1a: ok 6|Rapid Spin|p2a: Phantom\n|-damage|p2a: Phantom|60\/100\n|-boost|p1a: ok 6|spe|1\n|\n|upkeep\n|turn|10\n|\n|t:|1697910354\n|move|p2a: Phantom|Stored Power|p1a: ok 6\n|-resisted|p1a: ok 6\n|-damage|p1a: ok 6|0 fnt\n|faint|p1a: ok 6\n|-end|p1a: ok 6|Quark Drive|[silent]\n|\n|upkeep\n|\n|t:|1697910359\n|switch|p1a: ok 4|Dondozo, M|100\/100\n|turn|11\n|\n|t:|1697910367\n|move|p1a: ok 4|Body Press|p2a: Phantom\n|-resisted|p2a: Phantom\n|-damage|p2a: Phantom|52\/100\n|move|p2a: Phantom|Stored Power|p1a: ok 4\n|-damage|p1a: ok 4|12\/100\n|\n|-heal|p1a: ok 4|18\/100|[from] item: Leftovers\n|upkeep\n|turn|12\n|\n|t:|1697910374\n|move|p1a: ok 4|Body Press|p2a: Phantom\n|-resisted|p2a: Phantom\n|-damage|p2a: Phantom|46\/100\n|move|p2a: Phantom|Recover|p2a: Phantom\n|-heal|p2a: Phantom|96\/100\n|\n|-heal|p1a: ok 4|24\/100|[from] item: Leftovers\n|-fieldend|move: Trick Room\n|upkeep\n|turn|13\n|\n|t:|1697910382\n|move|p1a: ok 4|Rest|p1a: ok 4\n|-status|p1a: ok 4|slp|[from] move: Rest\n|-heal|p1a: ok 4|100\/100 slp|[silent]\n|move|p2a: Phantom|Trick Room|p2a: Phantom\n|-fieldstart|move: Trick Room|[of] p2a: Phantom\n|\n|upkeep\n|turn|14\n|\n|t:|1697910388\n|cant|p1a: ok 4|slp\n|move|p1a: ok 4|Sleep Talk|p1a: ok 4\n|move|p1a: ok 4|Earthquake|p2a: Phantom|[from]move: Sleep Talk\n|-immune|p2a: Phantom\n|move|p2a: Phantom|Stored Power|p1a: ok 4\n|-damage|p1a: ok 4|1\/100 slp\n|\n|-heal|p1a: ok 4|7\/100 slp|[from] item: Leftovers\n|upkeep\n|turn|15\n|\n|t:|1697910397\n|cant|p1a: ok 4|slp\n|move|p1a: ok 4|Sleep Talk|p1a: ok 4\n|move|p1a: ok 4|Body Press|p2a: Phantom|[from]move: Sleep Talk\n|-resisted|p2a: Phantom\n|-damage|p2a: Phantom|88\/100\n|move|p2a: Phantom|Stored Power|p1a: ok 4\n|-damage|p1a: ok 4|0 fnt\n|faint|p1a: ok 4\n|\n|upkeep\n|\n|t:|1697910408\n|switch|p1a: ok 2|Chien-Pao|100\/100\n|-ability|p1a: ok 2|Sword of Ruin\n|turn|16\n|\n|t:|1697910425\n|switch|p2a: Sawyer|Kleavor, M|55\/100\n|-damage|p2a: Sawyer|30\/100|[from] Stealth Rock\n|move|p1a: ok 2|Icicle Crash|p2a: Sawyer|[miss]\n|-miss|p1a: ok 2|p2a: Sawyer\n|\n|upkeep\n|turn|17\n|\n|t:|1697910433\n|move|p1a: ok 2|Ice Shard|p2a: Sawyer\n|-damage|p2a: Sawyer|0 fnt\n|faint|p2a: Sawyer\n|\n|-fieldend|move: Trick Room\n|upkeep\n|\n|t:|1697910436\n|switch|p2a: Mr. Hyde|Ursaluna-Bloodmoon, M|100\/100\n|-damage|p2a: Mr. Hyde|94\/100|[from] Stealth Rock\n|turn|18\n|\n|t:|1697910442\n|move|p2a: Mr. Hyde|Vacuum Wave|p1a: ok 2\n|-supereffective|p1a: ok 2\n|-enditem|p1a: ok 2|Focus Sash\n|-damage|p1a: ok 2|1\/100\n|-damage|p2a: Mr. Hyde|84\/100|[from] item: Life Orb\n|move|p1a: ok 2|Icicle Crash|p2a: Mr. Hyde\n|-supereffective|p2a: Mr. Hyde\n|-damage|p2a: Mr. Hyde|9\/100\n|\n|upkeep\n|turn|19\n|\n|t:|1697910450\n|move|p1a: ok 2|Ice Shard|p2a: Mr. Hyde\n|-supereffective|p2a: Mr. Hyde\n|-damage|p2a: Mr. Hyde|0 fnt\n|faint|p2a: Mr. Hyde\n|\n|upkeep\n|\n|t:|1697910463\n|switch|p2a: Quatermain|Skeledirge, M|100\/100\n|-damage|p2a: Quatermain|76\/100|[from] Stealth Rock\n|turn|20\n|\n|t:|1697910472\n|-terastallize|p2a: Quatermain|Fairy\n|move|p1a: ok 2|Psychic Fangs|p2a: Quatermain\n|-damage|p2a: Quatermain|42\/100\n|move|p2a: Quatermain|Torch Song|p1a: ok 2\n|-supereffective|p1a: ok 2\n|-damage|p1a: ok 2|0 fnt\n|-boost|p2a: Quatermain|spa|1\n|faint|p1a: ok 2\n|\n|upkeep\n|\n|t:|1697910484\n|switch|p1a: ok 3|Kilowattrel, F|100\/100\n|turn|21\n|\n|t:|1697910490\n|move|p1a: ok 3|Discharge|p2a: Quatermain\n|-damage|p2a: Quatermain|17\/100\n|move|p2a: Quatermain|Slack Off|p2a: Quatermain\n|-heal|p2a: Quatermain|67\/100\n|\n|upkeep\n|turn|22\n|\n|t:|1697910509\n|move|p1a: ok 3|Discharge|p2a: Quatermain\n|-damage|p2a: Quatermain|40\/100\n|move|p2a: Quatermain|Slack Off|p2a: Quatermain\n|-heal|p2a: Quatermain|90\/100\n|\n|upkeep\n|turn|23\n|\n|t:|1697910516\n|move|p1a: ok 3|Discharge|p2a: Quatermain\n|-damage|p2a: Quatermain|65\/100\n|move|p2a: Quatermain|Torch Song|p1a: ok 3\n|-damage|p1a: ok 3|20\/100\n|-boost|p2a: Quatermain|spa|1\n|\n|upkeep\n|turn|24\n|\n|t:|1697910533\n|move|p1a: ok 3|Discharge|p2a: Quatermain\n|-damage|p2a: Quatermain|40\/100\n|move|p2a: Quatermain|Slack Off|p2a: Quatermain\n|-heal|p2a: Quatermain|90\/100\n|\n|upkeep\n|turn|25\n|\n|t:|1697910545\n|move|p1a: ok 3|Discharge|p2a: Quatermain\n|-damage|p2a: Quatermain|63\/100\n|move|p2a: Quatermain|Torch Song|p1a: ok 3\n|-damage|p1a: ok 3|0 fnt\n|-boost|p2a: Quatermain|spa|1\n|faint|p1a: ok 3\n|\n|upkeep\n|\n|t:|1697910561\n|switch|p1a: ok 5|Cinderace, M|100\/100\n|turn|26\n|\n|t:|1697910567\n|move|p1a: ok 5|Pyro Ball|p2a: Quatermain\n|-damage|p2a: Quatermain|7\/100\n|move|p2a: Quatermain|Tera Blast|p1a: ok 5|[anim] Tera Blast Fairy\n|-resisted|p1a: ok 5\n|-damage|p1a: ok 5|43\/100\n|\n|upkeep\n|turn|27\n|\n|t:|1697910574\n|move|p1a: ok 5|Pyro Ball|p2a: Quatermain|[miss]\n|-miss|p1a: ok 5|p2a: Quatermain\n|move|p2a: Quatermain|Tera Blast|p1a: ok 5|[anim] Tera Blast Fairy\n|-resisted|p1a: ok 5\n|-damage|p1a: ok 5|0 fnt\n|faint|p1a: ok 5\n|\n|upkeep\n|\n|t:|1697910580\n|switch|p1a: ok 1|Shaymin-Sky|100\/100\n|turn|28\n|c|\u2606psycopancake|Uff\n|c|\u2606psycopancake|Dry\n|c|\u2606psycopancake|Dry\n|c|\u2606psycopancake|Sry\n|c|\u2606BubblePopper|passiert\n|\n|t:|1697910595\n|move|p1a: ok 1|Trailblaze|p2a: Quatermain\n|-damage|p2a: Quatermain|0 fnt\n|-boost|p1a: ok 1|spe|1\n|faint|p2a: Quatermain\n|\n|upkeep\n|c|\u2606BubblePopper|das ist mons\n|\n|t:|1697910619\n|switch|p2a: Mina|Sneasler, F|100\/100\n|-damage|p2a: Mina|94\/100|[from] Stealth Rock\n|turn|29\n|\n|t:|1697910628\n|move|p2a: Mina|Endure|p2a: Mina\n|-singleturn|p2a: Mina|move: Endure\n|move|p1a: ok 1|Air Slash|p2a: Mina\n|-supereffective|p2a: Mina\n|-activate|p2a: Mina|move: Endure\n|-damage|p2a: Mina|1\/100\n|-enditem|p2a: Mina|Liechi Berry|[eat]\n|-boost|p2a: Mina|atk|1|[from] item: Liechi Berry\n|\n|upkeep\n|turn|30\n|\n|t:|1697910636\n|move|p2a: Mina|Acrobatics|p1a: ok 1\n|-supereffective|p1a: ok 1\n|-damage|p1a: ok 1|0 fnt\n|faint|p1a: ok 1\n|\n|win|psycopancake\n|c|\u2606BubblePopper|gg\n|c|\u2606psycopancake|GG\n|c|\u2606psycopancake|Krass knapp\n|c|\u2606BubblePopper|sch\u00f6nen abend noch\n|c|\u2606psycopancake|Dir auch\n","uploadtime":1697910658,"views":48,"p1id":"bubblepopper","p2id":"psycopancake","formatid":"gen9anythinggoes","rating":0,"private":0,"password":""}