{"id":"gen9anythinggoes-1976556053","p1":"Pert0011","p2":"sp1918","format":"[Gen 9] Anything Goes","log":"|j|\u2606Pert0011\n|j|\u2606sp1918\n|t:|1698321287\n|gametype|singles\n|player|p1|Pert0011|266|1319\n|player|p2|sp1918|iris|1297\n|teamsize|p1|6\n|teamsize|p2|6\n|gen|9\n|tier|[Gen 9] Anything Goes\n|rated|\n|rule|HP Percentage Mod: HP is shown in percentages\n|rule|Endless Battle Clause: Forcing endless battles is banned\n|clearpoke\n|poke|p1|Okidogi, M|\n|poke|p1|Manaphy|\n|poke|p1|Kingambit, M|\n|poke|p1|Ditto|\n|poke|p1|Ninetales-Alola, M|\n|poke|p1|Baxcalibur, F|\n|poke|p2|Zacian-*|\n|poke|p2|Zacian-*|\n|poke|p2|Zacian-*|\n|poke|p2|Zacian-*|\n|poke|p2|Zacian-*|\n|poke|p2|Zacian-*|\n|teampreview\n|inactive|Battle timer is ON: inactive players will automatically lose when time's up. (requested by sp1918)\n|\n|t:|1698321295\n|start\n|switch|p1a: Okidogi|Okidogi, M|100\/100\n|switch|p2a: Sixth|Zacian-Crowned|100\/100\n|-ability|p2a: Sixth|Intrepid Sword|boost\n|-boost|p2a: Sixth|atk|1\n|turn|1\n|\n|t:|1698321304\n|move|p2a: Sixth|Play Rough|p1a: Okidogi\n|-damage|p1a: Okidogi|32\/100\n|-unboost|p1a: Okidogi|atk|1\n|move|p1a: Okidogi|Bulk Up|p1a: Okidogi\n|-boost|p1a: Okidogi|atk|1\n|-boost|p1a: Okidogi|def|1\n|\n|-heal|p1a: Okidogi|38\/100|[from] item: Leftovers\n|upkeep\n|turn|2\n|\n|t:|1698321311\n|move|p2a: Sixth|Play Rough|p1a: Okidogi\n|-damage|p1a: Okidogi|0 fnt\n|faint|p1a: Okidogi\n|\n|upkeep\n|\n|t:|1698321314\n|switch|p1a: Baxcalibur|Baxcalibur, F, shiny|100\/100\n|turn|3\n|\n|t:|1698321318\n|-terastallize|p1a: Baxcalibur|Fairy\n|move|p2a: Sixth|Play Rough|p1a: Baxcalibur\n|-damage|p1a: Baxcalibur|17\/100\n|move|p1a: Baxcalibur|Dragon Dance|p1a: Baxcalibur\n|-boost|p1a: Baxcalibur|atk|1\n|-boost|p1a: Baxcalibur|spe|1\n|\n|upkeep\n|turn|4\n|\n|t:|1698321328\n|move|p2a: Sixth|Quick Attack|p1a: Baxcalibur\n|-damage|p1a: Baxcalibur|0 fnt\n|faint|p1a: Baxcalibur\n|\n|upkeep\n|\n|t:|1698321332\n|switch|p1a: Ditto|Ditto, shiny|100\/100\n|-transform|p1a: Ditto|p2a: Sixth|[from] ability: Imposter\n|-ability|p1a: Ditto|Intrepid Sword|boost\n|-boost|p1a: Ditto|atk|1\n|turn|5\n|\n|t:|1698321337\n|move|p1a: Ditto|Behemoth Blade|p2a: Sixth\n|-damage|p2a: Sixth|0 fnt\n|faint|p2a: Sixth\n|\n|upkeep\n|\n|t:|1698321345\n|switch|p2a: Fifth|Zacian-Crowned|100\/100\n|-ability|p2a: Fifth|Intrepid Sword|boost\n|-boost|p2a: Fifth|atk|1\n|turn|6\n|\n|t:|1698321349\n|move|p1a: Ditto|Behemoth Blade|p2a: Fifth\n|-damage|p2a: Fifth|0 fnt\n|faint|p2a: Fifth\n|\n|upkeep\n|\n|t:|1698321353\n|switch|p2a: Fourth|Zacian-Crowned|100\/100\n|-ability|p2a: Fourth|Intrepid Sword|boost\n|-boost|p2a: Fourth|atk|1\n|turn|7\n|inactive|Pert0011 has 120 seconds left.\n|\n|t:|1698321392\n|move|p1a: Ditto|Behemoth Blade|p2a: Fourth\n|-damage|p2a: Fourth|0 fnt\n|faint|p2a: Fourth\n|\n|upkeep\n|c|\u2606sp1918|Honestly I'm dumbfounded how the game not make Ditto weaker than the Mon it imposters\n|inactive|sp1918 has 120 seconds left.\n|\n|t:|1698321423\n|switch|p2a: First|Zacian-Crowned|100\/100\n|-ability|p2a: First|Intrepid Sword|boost\n|-boost|p2a: First|atk|1\n|turn|8\n|\n|t:|1698321428\n|move|p1a: Ditto|Behemoth Blade|p2a: First\n|-damage|p2a: First|0 fnt\n|faint|p2a: First\n|\n|upkeep\n|c|\u2606sp1918|It's so fucking autistic\n|\n|t:|1698321434\n|switch|p2a: Third|Zacian-Crowned|100\/100\n|-ability|p2a: Third|Intrepid Sword|boost\n|-boost|p2a: Third|atk|1\n|turn|9\n|\n|t:|1698321453\n|-terastallize|p2a: Third|Ground\n|move|p1a: Ditto|Behemoth Blade|p2a: Third\n|-damage|p2a: Third|0 fnt\n|faint|p2a: Third\n|\n|upkeep\n|\n|t:|1698321456\n|switch|p2a: Second|Zacian-Crowned|100\/100\n|-ability|p2a: Second|Intrepid Sword|boost\n|-boost|p2a: Second|atk|1\n|turn|10\n|-message|sp1918 forfeited.\n|\n|win|Pert0011\n|raw|Pert0011's rating: 1319 &rarr; <strong>1338<\/strong><br \/>(+19 for winning)\n|raw|sp1918's rating: 1297 &rarr; <strong>1274<\/strong><br \/>(-23 for losing)\n|l|\u2606sp1918\n","uploadtime":1698321431,"views":6,"p1id":"pert0011","p2id":"sp1918","formatid":"gen9anythinggoes","rating":1274,"private":0,"password":""}