{"id":"gen9anythinggoes-1984700084","p1":"def_pid","p2":"TheWafflwz","format":"[Gen 9] Anything Goes","log":"|j|\u203ddef_pid\n|j|\u2606TheWafflwz\n|t:|1699291927\n|gametype|singles\n|player|p1|def_pid|carmine-festival|1314\n|player|p2|TheWafflwz|flannery|1195\n|teamsize|p1|6\n|teamsize|p2|6\n|gen|9\n|tier|[Gen 9] Anything Goes\n|rated|\n|rule|HP Percentage Mod: HP is shown in percentages\n|rule|Endless Battle Clause: Forcing endless battles is banned\n|clearpoke\n|poke|p1|Cryogonal|\n|poke|p1|Cryogonal|\n|poke|p1|Cryogonal|\n|poke|p1|Cryogonal|\n|poke|p1|Cryogonal|\n|poke|p1|Calyrex-Shadow|\n|poke|p2|Ogerpon, F|\n|poke|p2|Tinkaton, F|\n|poke|p2|Cinderace, F|\n|poke|p2|Azumarill, M|\n|poke|p2|Gliscor, M|\n|poke|p2|Sylveon, F|\n|teampreview\n|inactive|Battle timer is ON: inactive players will automatically lose when time's up. (requested by TheWafflwz)\n|inactive|def_pid also wants the timer to be on.\n|\n|t:|1699291943\n|start\n|switch|p1a: Calyrex|Calyrex-Shadow|100\/100\n|switch|p2a: Azumarill|Azumarill, M|100\/100\n|-ability|p1a: Calyrex|As One\n|-ability|p1a: Calyrex|Unnerve\n|turn|1\n|\n|t:|1699291961\n|move|p2a: Azumarill|Aqua Jet|p1a: Calyrex\n|-damage|p1a: Calyrex|68\/100\n|move|p1a: Calyrex|Astral Barrage|p2a: Azumarill\n|-damage|p2a: Azumarill|18\/100\n|\n|upkeep\n|turn|2\n|\n|t:|1699291971\n|move|p2a: Azumarill|Aqua Jet|p1a: Calyrex\n|-damage|p1a: Calyrex|35\/100\n|move|p1a: Calyrex|Psyshock|p2a: Azumarill\n|-damage|p2a: Azumarill|0 fnt\n|faint|p2a: Azumarill\n|-ability|p1a: Calyrex|Grim Neigh|boost\n|-boost|p1a: Calyrex|spa|1\n|\n|upkeep\n|\n|t:|1699291978\n|switch|p2a: Gliscor|Gliscor, M|100\/100\n|turn|3\n|\n|t:|1699291983\n|move|p1a: Calyrex|Astral Barrage|p2a: Gliscor\n|-damage|p2a: Gliscor|0 fnt\n|faint|p2a: Gliscor\n|-ability|p1a: Calyrex|Grim Neigh|boost\n|-boost|p1a: Calyrex|spa|1\n|\n|upkeep\n|\n|t:|1699291986\n|switch|p2a: Sylveon|Sylveon, F|100\/100\n|turn|4\n|\n|t:|1699292002\n|move|p1a: Calyrex|Baton Pass|p1a: Calyrex\n|\n|t:|1699292005\n|switch|p1a: Cryogonal|Cryogonal|100\/100|[from] Baton Pass\n|move|p2a: Sylveon|Hyper Voice|p1a: Cryogonal\n|-damage|p1a: Cryogonal|68\/100\n|\n|upkeep\n|turn|5\n|\n|t:|1699292015\n|move|p1a: Cryogonal|Flash Cannon|p2a: Sylveon\n|-supereffective|p2a: Sylveon\n|-damage|p2a: Sylveon|42\/100\n|move|p2a: Sylveon|Play Rough|p1a: Cryogonal\n|-damage|p1a: Cryogonal|24\/100\n|\n|-heal|p2a: Sylveon|48\/100|[from] item: Leftovers\n|upkeep\n|turn|6\n|\n|t:|1699292030\n|move|p1a: Cryogonal|Ice Beam|p2a: Sylveon\n|-damage|p2a: Sylveon|0 fnt\n|faint|p2a: Sylveon\n|\n|upkeep\n|\n|t:|1699292033\n|switch|p2a: Cinderace|Cinderace, F|100\/100\n|turn|7\n|\n|t:|1699292039\n|move|p2a: Cinderace|Pyro Ball|p1a: Cryogonal\n|-supereffective|p1a: Cryogonal\n|-damage|p1a: Cryogonal|0 fnt\n|faint|p1a: Cryogonal\n|\n|upkeep\n|\n|t:|1699292050\n|switch|p1a: Calyrex|Calyrex-Shadow|35\/100\n|-ability|p1a: Calyrex|As One\n|-ability|p1a: Calyrex|Unnerve\n|turn|8\n|\n|t:|1699292061\n|move|p1a: Calyrex|Astral Barrage|p2a: Cinderace\n|-damage|p2a: Cinderace|0 fnt\n|faint|p2a: Cinderace\n|-ability|p1a: Calyrex|Grim Neigh|boost\n|-boost|p1a: Calyrex|spa|1\n|\n|upkeep\n|\n|t:|1699292065\n|switch|p2a: Tinkaton|Tinkaton, F|100\/100\n|-ability|p2a: Tinkaton|Mold Breaker\n|turn|9\n|\n|t:|1699292070\n|move|p2a: Tinkaton|Fake Out|p1a: Calyrex\n|-immune|p1a: Calyrex\n|move|p1a: Calyrex|Astral Barrage|p2a: Tinkaton\n|-enditem|p2a: Tinkaton|Focus Sash\n|-damage|p2a: Tinkaton|1\/100\n|\n|upkeep\n|turn|10\n|n|!TheWafflwz|thewafflwz\n|-message|TheWafflwz forfeited.\n|\n|win|def_pid\n|raw|def_pid's rating: 1314 &rarr; <strong>1327<\/strong><br \/>(+13 for winning)\n|raw|TheWafflwz's rating: 1195 &rarr; <strong>1178<\/strong><br \/>(-17 for losing)\n|l|!TheWafflwz\n","uploadtime":1699292086,"views":5,"p1id":"defpid","p2id":"thewafflwz","formatid":"gen9anythinggoes","rating":1178,"private":0,"password":""}