{"id":"gen9anythinggoes-1983736002","p1":"JayzonAlcantara","p2":"AeRegieleki","format":"[Gen 9] Anything Goes","log":"|j|\u2606JayzonAlcantara\n|j|\u2606AeRegieleki\n|t:|1699170195\n|gametype|singles\n|player|p1|JayzonAlcantara|skyla|1120\n|player|p2|AeRegieleki|1|1220\n|teamsize|p1|6\n|teamsize|p2|6\n|gen|9\n|tier|[Gen 9] Anything Goes\n|rated|\n|rule|HP Percentage Mod: HP is shown in percentages\n|rule|Endless Battle Clause: Forcing endless battles is banned\n|clearpoke\n|poke|p1|Espathra, F|\n|poke|p1|Scizor, M|\n|poke|p1|Drifblim, F|\n|poke|p1|Miraidon|\n|poke|p1|Maushold-Four|\n|poke|p1|Iron Valiant|\n|poke|p2|Gliscor, M|\n|poke|p2|Kingambit, M|\n|poke|p2|Ting-Lu|\n|poke|p2|Walking Wake|\n|poke|p2|Falinks|\n|poke|p2|Great Tusk|\n|teampreview\n|inactive|Battle timer is ON: inactive players will automatically lose when time's up. (requested by AeRegieleki)\n|\n|t:|1699170206\n|start\n|switch|p1a: Maushold|Maushold-Four, shiny|100\/100\n|switch|p2a: Falinks|Falinks|100\/100\n|turn|1\n|\n|t:|1699170214\n|move|p1a: Maushold|Population Bomb|p2a: Falinks\n|-damage|p2a: Falinks|89\/100\n|-damage|p2a: Falinks|77\/100\n|-damage|p2a: Falinks|66\/100\n|-damage|p2a: Falinks|55\/100\n|-damage|p2a: Falinks|43\/100\n|-damage|p2a: Falinks|32\/100\n|-damage|p2a: Falinks|21\/100\n|-damage|p2a: Falinks|9\/100\n|-damage|p2a: Falinks|0 fnt\n|faint|p2a: Falinks\n|-hitcount|p2: Falinks|9\n|\n|upkeep\n|\n|t:|1699170225\n|switch|p2a: Great Tusk|Great Tusk|100\/100\n|-enditem|p2a: Great Tusk|Booster Energy\n|-activate|p2a: Great Tusk|ability: Protosynthesis|[fromitem]\n|-start|p2a: Great Tusk|protosynthesisatk\n|turn|2\n|\n|t:|1699170238\n|move|p1a: Maushold|Population Bomb|p2a: Great Tusk\n|-damage|p2a: Great Tusk|92\/100\n|-damage|p2a: Great Tusk|84\/100\n|-damage|p2a: Great Tusk|75\/100\n|-damage|p2a: Great Tusk|67\/100\n|-damage|p2a: Great Tusk|59\/100\n|-damage|p2a: Great Tusk|51\/100\n|-damage|p2a: Great Tusk|43\/100\n|-damage|p2a: Great Tusk|34\/100\n|-damage|p2a: Great Tusk|26\/100\n|-damage|p2a: Great Tusk|18\/100\n|-hitcount|p2a: Great Tusk|10\n|cant|p2a: Great Tusk|flinch\n|\n|upkeep\n|turn|3\n|\n|t:|1699170254\n|move|p1a: Maushold|Population Bomb|p2a: Great Tusk\n|-damage|p2a: Great Tusk|9\/100\n|-damage|p2a: Great Tusk|0 fnt\n|faint|p2a: Great Tusk\n|-end|p2a: Great Tusk|Protosynthesis|[silent]\n|-hitcount|p2: Great Tusk|2\n|\n|upkeep\n|\n|t:|1699170262\n|switch|p2a: Walking Wake|Walking Wake|100\/100\n|-enditem|p2a: Walking Wake|Booster Energy\n|-activate|p2a: Walking Wake|ability: Protosynthesis|[fromitem]\n|-start|p2a: Walking Wake|protosynthesisspa\n|turn|4\n|c|\u2606JayzonAlcantara|......\n|\n|t:|1699170268\n|move|p1a: Maushold|Population Bomb|p2a: Walking Wake\n|-crit|p2a: Walking Wake\n|-damage|p2a: Walking Wake|82\/100\n|-damage|p2a: Walking Wake|70\/100\n|-damage|p2a: Walking Wake|57\/100\n|-crit|p2a: Walking Wake\n|-damage|p2a: Walking Wake|39\/100\n|-hitcount|p2a: Walking Wake|4\n|move|p2a: Walking Wake|Dragon Pulse|p1a: Maushold\n|-damage|p1a: Maushold|3\/100\n|\n|upkeep\n|turn|5\n|c|\u2606JayzonAlcantara|G G\n|\n|t:|1699170284\n|move|p1a: Maushold|Population Bomb|p2a: Walking Wake\n|-damage|p2a: Walking Wake|28\/100\n|-hitcount|p2a: Walking Wake|1\n|cant|p2a: Walking Wake|flinch\n|\n|upkeep\n|turn|6\n|\n|t:|1699170294\n|move|p1a: Maushold|Copycat|p1a: Maushold\n|move|p1a: Maushold|Population Bomb|p2a: Walking Wake|[from]move: Copycat\n|-damage|p2a: Walking Wake|15\/100\n|-damage|p2a: Walking Wake|3\/100\n|-damage|p2a: Walking Wake|0 fnt\n|faint|p2a: Walking Wake\n|-end|p2a: Walking Wake|Protosynthesis|[silent]\n|-hitcount|p2: Walking Wake|3\n|\n|upkeep\n|\n|t:|1699170300\n|switch|p2a: Gliscor|Gliscor, M, shiny|100\/100\n|turn|7\n|\n|t:|1699170307\n|-terastallize|p1a: Maushold|Normal\n|move|p1a: Maushold|Population Bomb|p2a: Gliscor\n|-crit|p2a: Gliscor\n|-damage|p2a: Gliscor|80\/100\n|-hitcount|p2a: Gliscor|1\n|move|p2a: Gliscor|Knock Off|p1a: Maushold\n|-damage|p1a: Maushold|0 fnt\n|-enditem|p1a: Maushold|King's Rock|[from] move: Knock Off|[of] p2a: Gliscor\n|faint|p1a: Maushold\n|\n|-status|p2a: Gliscor|tox|[from] item: Toxic Orb\n|upkeep\n|\n|t:|1699170321\n|switch|p1a: Drifblim|Drifblim, F|100\/100\n|turn|8\n|c|\u2606AeRegieleki|GG maybe I should try maushold\n|\n|t:|1699170329\n|move|p2a: Gliscor|Knock Off|p1a: Drifblim\n|-supereffective|p1a: Drifblim\n|-damage|p1a: Drifblim|25\/100\n|-enditem|p1a: Drifblim|Focus Sash|[from] move: Knock Off|[of] p2a: Gliscor\n|move|p1a: Drifblim|Hypnosis||[still]\n|-fail|p1a: Drifblim\n|\n|-heal|p2a: Gliscor|92\/100 tox|[from] ability: Poison Heal\n|upkeep\n|turn|9\n|\n|t:|1699170338\n|move|p2a: Gliscor|Knock Off|p1a: Drifblim\n|-supereffective|p1a: Drifblim\n|-damage|p1a: Drifblim|0 fnt\n|-damage|p2a: Gliscor|68\/100 tox|[from] ability: Aftermath|[of] p1a: Drifblim\n|faint|p1a: Drifblim\n|\n|-heal|p2a: Gliscor|80\/100 tox|[from] ability: Poison Heal\n|upkeep\n|\n|t:|1699170346\n|switch|p1a: Espathra|Espathra, F, shiny|100\/100\n|turn|10\n|\n|t:|1699170352\n|move|p1a: Espathra|Calm Mind|p1a: Espathra\n|-boost|p1a: Espathra|spa|1\n|-boost|p1a: Espathra|spd|1\n|move|p2a: Gliscor|Knock Off|p1a: Espathra\n|-supereffective|p1a: Espathra\n|-damage|p1a: Espathra|0 fnt\n|-enditem|p1a: Espathra|Weakness Policy|[from] move: Knock Off|[of] p2a: Gliscor\n|faint|p1a: Espathra\n|\n|-heal|p2a: Gliscor|92\/100 tox|[from] ability: Poison Heal\n|upkeep\n|\n|t:|1699170362\n|switch|p1a: Iron Valiant|Iron Valiant|100\/100\n|turn|11\n|\n|t:|1699170369\n|move|p1a: Iron Valiant|Substitute|p1a: Iron Valiant\n|-start|p1a: Iron Valiant|Substitute\n|-damage|p1a: Iron Valiant|76\/100\n|move|p2a: Gliscor|Earthquake|p1a: Iron Valiant\n|-end|p1a: Iron Valiant|Substitute\n|\n|-heal|p2a: Gliscor|100\/100 tox|[from] ability: Poison Heal\n|upkeep\n|turn|12\n|\n|t:|1699170378\n|move|p1a: Iron Valiant|Drain Punch|p2a: Gliscor\n|-resisted|p2a: Gliscor\n|-damage|p2a: Gliscor|75\/100 tox\n|-heal|p1a: Iron Valiant|89\/100|[from] drain|[of] p2a: Gliscor\n|-damage|p1a: Iron Valiant|79\/100|[from] item: Life Orb\n|move|p2a: Gliscor|Earthquake|p1a: Iron Valiant\n|-damage|p1a: Iron Valiant|22\/100\n|\n|-heal|p2a: Gliscor|87\/100 tox|[from] ability: Poison Heal\n|upkeep\n|turn|13\n|\n|t:|1699170392\n|move|p1a: Iron Valiant|Drain Punch|p2a: Gliscor\n|-resisted|p2a: Gliscor\n|-damage|p2a: Gliscor|62\/100 tox\n|-heal|p1a: Iron Valiant|35\/100|[from] drain|[of] p2a: Gliscor\n|-damage|p1a: Iron Valiant|25\/100|[from] item: Life Orb\n|move|p2a: Gliscor|Earthquake|p1a: Iron Valiant\n|-damage|p1a: Iron Valiant|0 fnt\n|faint|p1a: Iron Valiant\n|-end|p1a: Iron Valiant|Quark Drive|[silent]\n|\n|-heal|p2a: Gliscor|74\/100 tox|[from] ability: Poison Heal\n|upkeep\n|\n|t:|1699170404\n|switch|p1a: Miraidon|Miraidon|100\/100\n|-fieldstart|move: Electric Terrain|[from] ability: Hadron Engine|[of] p1a: Miraidon\n|turn|14\n|\n|t:|1699170410\n|move|p1a: Miraidon|Calm Mind|p1a: Miraidon\n|-boost|p1a: Miraidon|spa|1\n|-boost|p1a: Miraidon|spd|1\n|move|p2a: Gliscor|Earthquake|p1a: Miraidon\n|-supereffective|p1a: Miraidon\n|-damage|p1a: Miraidon|5\/100\n|\n|-heal|p2a: Gliscor|86\/100 tox|[from] ability: Poison Heal\n|upkeep\n|turn|15\n|\n|t:|1699170418\n|move|p2a: Gliscor|Earthquake|p1a: Miraidon\n|-supereffective|p1a: Miraidon\n|-damage|p1a: Miraidon|0 fnt\n|faint|p1a: Miraidon\n|\n|-heal|p2a: Gliscor|99\/100 tox|[from] ability: Poison Heal\n|upkeep\n|\n|t:|1699170426\n|switch|p1a: Scizor|Scizor, M, shiny|100\/100\n|turn|16\n|\n|t:|1699170431\n|move|p2a: Gliscor|Earthquake|p1a: Scizor\n|-damage|p1a: Scizor|63\/100\n|move|p1a: Scizor|Swords Dance|p1a: Scizor\n|-boost|p1a: Scizor|atk|2\n|\n|-heal|p2a: Gliscor|100\/100 tox|[from] ability: Poison Heal\n|upkeep\n|turn|17\n|\n|t:|1699170439\n|-terastallize|p2a: Gliscor|Fire\n|move|p2a: Gliscor|Earthquake|p1a: Scizor\n|-damage|p1a: Scizor|20\/100\n|move|p1a: Scizor|Swords Dance|p1a: Scizor\n|-boost|p1a: Scizor|atk|2\n|\n|upkeep\n|turn|18\n|\n|t:|1699170446\n|move|p1a: Scizor|Bullet Punch|p2a: Gliscor\n|-resisted|p2a: Gliscor\n|-damage|p2a: Gliscor|30\/100 tox\n|-damage|p1a: Scizor|10\/100|[from] item: Life Orb\n|move|p2a: Gliscor|Earthquake|p1a: Scizor\n|-crit|p1a: Scizor\n|-damage|p1a: Scizor|0 fnt\n|faint|p1a: Scizor\n|\n|win|AeRegieleki\n|raw|JayzonAlcantara's rating: 1120 &rarr; <strong>1102<\/strong><br \/>(-18 for losing)\n|raw|AeRegieleki's rating: 1220 &rarr; <strong>1238<\/strong><br \/>(+18 for winning)\n|l|\u2606JayzonAlcantara\n","uploadtime":1699170463,"views":10,"p1id":"jayzonalcantara","p2id":"aeregieleki","formatid":"gen9anythinggoes","rating":1102,"private":0,"password":""}