{"id":"gen9anythinggoes-1971821128","p1":"ReportThisName","p2":"Mwemonkey213","format":"[Gen 9] Anything Goes","log":"|j|\u2606ReportThisName\n|j|\u2606Mwemonkey213\n|t:|1697776676\n|gametype|singles\n|player|p1|ReportThisName|ghetsis|1326\n|player|p2|Mwemonkey213|101|1387\n|teamsize|p1|6\n|teamsize|p2|6\n|gen|9\n|tier|[Gen 9] Anything Goes\n|rated|\n|rule|HP Percentage Mod: HP is shown in percentages\n|rule|Endless Battle Clause: Forcing endless battles is banned\n|clearpoke\n|poke|p1|Bisharp, F|\n|poke|p1|Dondozo, F|\n|poke|p1|Espathra, M|\n|poke|p1|Magneton|\n|poke|p1|Volcarona, M|\n|poke|p1|Regieleki|\n|poke|p2|Drifblim, F|\n|poke|p2|Darkrai|\n|poke|p2|Lilligant-Hisui, F|\n|poke|p2|Arceus|\n|poke|p2|Calyrex-Shadow|\n|poke|p2|Furret, F|\n|teampreview\n|inactive|Battle timer is ON: inactive players will automatically lose when time's up. (requested by ReportThisName)\n|\n|t:|1697776682\n|start\n|switch|p1a: Espathra|Espathra, M|100\/100\n|switch|p2a: Drifblim|Drifblim, F|100\/100\n|turn|1\n|c|\u2606Mwemonkey213|Report this L you bout to take\n|\n|t:|1697776694\n|move|p2a: Drifblim|Minimize|p2a: Drifblim\n|-boost|p2a: Drifblim|evasion|2\n|-enditem|p1a: Espathra|Mirror Herb\n|-boost|p1a: Espathra|evasion|2|[from] item: Mirror Herb\n|-ability|p1a: Espathra|Opportunist|boost\n|-boost|p1a: Espathra|evasion|2\n|move|p1a: Espathra|Lumina Crash|p2a: Drifblim\n|-damage|p2a: Drifblim|55\/100\n|-unboost|p2a: Drifblim|spd|2\n|\n|upkeep\n|turn|2\n|\n|t:|1697776697\n|move|p2a: Drifblim|Minimize|p2a: Drifblim\n|-boost|p2a: Drifblim|evasion|2\n|-ability|p1a: Espathra|Opportunist|boost\n|-boost|p1a: Espathra|evasion|2\n|move|p1a: Espathra|Flash Cannon|p2a: Drifblim\n|-damage|p2a: Drifblim|0 fnt\n|faint|p2a: Drifblim\n|\n|upkeep\n|\n|t:|1697776707\n|switch|p2a: Furret|Furret, F|100\/100\n|turn|3\n|\n|t:|1697776714\n|move|p2a: Furret|Tidy Up|p2a: Furret\n|-boost|p2a: Furret|atk|1\n|-boost|p2a: Furret|spe|1\n|-ability|p1a: Espathra|Opportunist|boost\n|-boost|p1a: Espathra|atk|1\n|-boost|p1a: Espathra|spe|1\n|move|p1a: Espathra|Lumina Crash|p2a: Furret\n|-damage|p2a: Furret|42\/100\n|-unboost|p2a: Furret|spd|2\n|\n|upkeep\n|turn|4\n|\n|t:|1697776722\n|move|p2a: Furret|Baton Pass|p2a: Furret\n|\n|t:|1697776725\n|switch|p2a: Arceus|Arceus|100\/100|[from] Baton Pass\n|move|p1a: Espathra|Flash Cannon|p2a: Arceus\n|-damage|p2a: Arceus|69\/100\n|\n|upkeep\n|turn|5\n|\n|t:|1697776732\n|move|p2a: Arceus|Swords Dance|p2a: Arceus\n|-boost|p2a: Arceus|atk|2\n|-ability|p1a: Espathra|Opportunist|boost\n|-boost|p1a: Espathra|atk|2\n|move|p1a: Espathra|Lumina Crash|p2a: Arceus\n|-damage|p2a: Arceus|19\/100\n|-unboost|p2a: Arceus|spd|2\n|\n|upkeep\n|turn|6\n|\n|t:|1697776742\n|-terastallize|p2a: Arceus|Normal\n|move|p2a: Arceus|Extreme Speed|p1a: Espathra|[miss]\n|-miss|p2a: Arceus|p1a: Espathra\n|move|p1a: Espathra|Flash Cannon|p2a: Arceus\n|-damage|p2a: Arceus|0 fnt\n|faint|p2a: Arceus\n|\n|upkeep\n|-message|Mwemonkey213 forfeited.\n|\n|win|ReportThisName\n|raw|ReportThisName's rating: 1326 &rarr; <strong>1349<\/strong><br \/>(+23 for winning)\n|raw|Mwemonkey213's rating: 1387 &rarr; <strong>1364<\/strong><br \/>(-23 for losing)\n|l|\u2606Mwemonkey213\n|c|\u2606ReportThisName|I mean.. gg \ud83e\udd23\n","uploadtime":1697776771,"views":9,"p1id":"reportthisname","p2id":"mwemonkey213","formatid":"gen9anythinggoes","rating":1349,"private":0,"password":""}