{"id":"gen9anythinggoes-1975445207","p1":"SirFish43","p2":"Iknowmyabc'slol","format":"[Gen 9] Anything Goes","log":"|j|\u2606SirFish43\n|j|\u2606Iknowmyabc'slol\n|t:|1698192091\n|gametype|singles\n|player|p1|SirFish43|marlon|1374\n|player|p2|Iknowmyabc'slol|266|1514\n|teamsize|p1|6\n|teamsize|p2|6\n|gen|9\n|tier|[Gen 9] Anything Goes\n|rated|\n|rule|HP Percentage Mod: HP is shown in percentages\n|rule|Endless Battle Clause: Forcing endless battles is banned\n|clearpoke\n|poke|p1|Skeledirge, F|\n|poke|p1|Sneasler, F|\n|poke|p1|Great Tusk|\n|poke|p1|Ninetales-Alola, F|\n|poke|p1|Goodra-Hisui, F|\n|poke|p1|Slowbro-Galar, M|\n|poke|p2|Arceus-Fairy|\n|poke|p2|Toxapex, F|\n|poke|p2|Ting-Lu|\n|poke|p2|Calyrex-Shadow|\n|poke|p2|Koraidon|\n|poke|p2|Arceus|\n|teampreview\n|inactive|Battle timer is ON: inactive players will automatically lose when time's up. (requested by SirFish43)\n|\n|t:|1698192097\n|start\n|switch|p1a: Slowbro|Slowbro-Galar, M|100\/100\n|switch|p2a: Koraidon|Koraidon|100\/100\n|-weather|SunnyDay|[from] ability: Orichalcum Pulse|[of] p2a: Koraidon\n|-activate|p2a: Koraidon|Orichalcum Pulse|[source]\n|turn|1\n|\n|t:|1698192111\n|move|p2a: Koraidon|U-turn|p1a: Slowbro\n|-damage|p1a: Slowbro|68\/100\n|\n|t:|1698192115\n|switch|p2a: Calyrex|Calyrex-Shadow|100\/100|[from] U-turn\n|-ability|p2a: Calyrex|As One\n|-ability|p2a: Calyrex|Unnerve\n|move|p1a: Slowbro|Toxic|p2a: Calyrex\n|-status|p2a: Calyrex|tox\n|\n|-weather|SunnyDay|[upkeep]\n|-damage|p2a: Calyrex|94\/100 tox|[from] psn\n|upkeep\n|turn|2\n|-activate|p1a: Slowbro|ability: Quick Draw\n|\n|t:|1698192128\n|move|p1a: Slowbro|Shell Side Arm|p2a: Calyrex|[anim] Shell Side Arm Special\n|-resisted|p2a: Calyrex\n|-damage|p2a: Calyrex|73\/100 tox\n|-hint|Special Shell Side Arm\n|move|p2a: Calyrex|Nasty Plot|p2a: Calyrex\n|-boost|p2a: Calyrex|spa|2\n|\n|-weather|SunnyDay|[upkeep]\n|-damage|p2a: Calyrex|61\/100 tox|[from] psn\n|upkeep\n|turn|3\n|-activate|p1a: Slowbro|item: Quick Claw\n|\n|t:|1698192140\n|move|p1a: Slowbro|Shell Side Arm|p2a: Calyrex|[anim] Shell Side Arm Special\n|-resisted|p2a: Calyrex\n|-damage|p2a: Calyrex|39\/100 tox\n|-hint|Special Shell Side Arm\n|move|p2a: Calyrex|Astral Barrage|p1a: Slowbro\n|-supereffective|p1a: Slowbro\n|-damage|p1a: Slowbro|0 fnt\n|faint|p1a: Slowbro\n|-ability|p2a: Calyrex|Grim Neigh|boost\n|-boost|p2a: Calyrex|spa|1\n|\n|-weather|SunnyDay|[upkeep]\n|-damage|p2a: Calyrex|20\/100 tox|[from] psn\n|upkeep\n|c|\u2606Iknowmyabc'slol|!dt quick draw\n|raw|<ul class=\"utilichart\"><li class=\"result\"><span class=\"col namecol\"><a href=\"https:\/\/dex.pokemonshowdown.com\/abilities\/quickdraw\">Quick Draw<\/a><\/span> <span class=\"col abilitydesccol\">This Pokemon has a 30% chance to move first in its priority bracket with attacking moves.<\/span> <\/li><li style=\"clear:both\"><\/li><\/ul>\n|raw|<font size=\"1\"><font color=\"#686868\">Gen:<\/font> 8<\/font>\n\n|\n|t:|1698192157\n|switch|p1a: Skeledirge|Skeledirge, F|100\/100\n|turn|4\n|\n|t:|1698192164\n|-terastallize|p1a: Skeledirge|Normal\n|move|p2a: Calyrex|Astral Barrage|p1a: Skeledirge\n|-immune|p1a: Skeledirge\n|move|p1a: Skeledirge|Torch Song|p2a: Calyrex\n|-crit|p2a: Calyrex\n|-damage|p2a: Calyrex|0 fnt\n|-boost|p1a: Skeledirge|spa|1\n|faint|p2a: Calyrex\n|\n|-weather|SunnyDay|[upkeep]\n|upkeep\n|\n|t:|1698192176\n|switch|p2a: Koraidon|Koraidon|100\/100\n|-activate|p2a: Koraidon|ability: Orichalcum Pulse\n|turn|5\n|\n|t:|1698192181\n|switch|p1a: Ninetales|Ninetales-Alola, F|100\/100\n|-weather|Snow|[from] ability: Snow Warning|[of] p1a: Ninetales\n|move|p2a: Koraidon|Close Combat|p1a: Ninetales\n|-damage|p1a: Ninetales|31\/100\n|-unboost|p2a: Koraidon|def|1\n|-unboost|p2a: Koraidon|spd|1\n|\n|-weather|Snow|[upkeep]\n|upkeep\n|turn|6\n|\n|t:|1698192192\n|move|p2a: Koraidon|Close Combat|p1a: Ninetales\n|-damage|p1a: Ninetales|0 fnt\n|-unboost|p2a: Koraidon|def|1\n|-unboost|p2a: Koraidon|spd|1\n|faint|p1a: Ninetales\n|\n|-weather|Snow|[upkeep]\n|upkeep\n|\n|t:|1698192204\n|switch|p1a: Great Tusk|Great Tusk|100\/100\n|turn|7\n|\n|t:|1698192210\n|switch|p2a: Toxapex|Toxapex, F|100\/100\n|move|p1a: Great Tusk|Earthquake|p2a: Toxapex\n|-supereffective|p2a: Toxapex\n|-damage|p2a: Toxapex|41\/100\n|\n|-weather|Snow|[upkeep]\n|upkeep\n|turn|8\n|\n|t:|1698192221\n|move|p1a: Great Tusk|Earthquake|p2a: Toxapex\n|-supereffective|p2a: Toxapex\n|-damage|p2a: Toxapex|0 fnt\n|faint|p2a: Toxapex\n|\n|-weather|Snow|[upkeep]\n|upkeep\n|\n|t:|1698192232\n|switch|p2a: Arceus|Arceus|100\/100\n|turn|9\n|\n|t:|1698192237\n|-terastallize|p2a: Arceus|Ghost\n|move|p2a: Arceus|Swords Dance|p2a: Arceus\n|-boost|p2a: Arceus|atk|2\n|move|p1a: Great Tusk|Close Combat|p2a: Arceus\n|-immune|p2a: Arceus\n|\n|-weather|none\n|upkeep\n|turn|10\n|\n|t:|1698192248\n|-end|p1a: Great Tusk|Protosynthesis|[silent]\n|switch|p1a: Skeledirge|Skeledirge, F, tera:Normal|100\/100\n|move|p2a: Arceus|Swords Dance|p2a: Arceus\n|-boost|p2a: Arceus|atk|2\n|\n|upkeep\n|turn|11\n|\n|t:|1698192256\n|move|p2a: Arceus|Extreme Speed|p1a: Skeledirge\n|-damage|p1a: Skeledirge|68\/100\n|move|p1a: Skeledirge|Shadow Ball|p2a: Arceus\n|-supereffective|p2a: Arceus\n|-damage|p2a: Arceus|52\/100\n|\n|-heal|p1a: Skeledirge|74\/100|[from] item: Leftovers\n|upkeep\n|turn|12\n|\n|t:|1698192271\n|move|p2a: Arceus|Extreme Speed|p1a: Skeledirge\n|-damage|p1a: Skeledirge|40\/100\n|move|p1a: Skeledirge|Shadow Ball|p2a: Arceus\n|-supereffective|p2a: Arceus\n|-damage|p2a: Arceus|6\/100\n|\n|-heal|p1a: Skeledirge|46\/100|[from] item: Leftovers\n|upkeep\n|turn|13\n|\n|t:|1698192283\n|switch|p2a: Koraidon|Koraidon|100\/100\n|-weather|SunnyDay|[from] ability: Orichalcum Pulse|[of] p2a: Koraidon\n|-activate|p2a: Koraidon|Orichalcum Pulse|[source]\n|move|p1a: Skeledirge|Slack Off|p1a: Skeledirge\n|-heal|p1a: Skeledirge|96\/100\n|\n|-weather|SunnyDay|[upkeep]\n|-heal|p1a: Skeledirge|100\/100|[from] item: Leftovers\n|upkeep\n|turn|14\n|\n|t:|1698192294\n|switch|p1a: Sneasler|Sneasler, F|100\/100\n|move|p2a: Koraidon|Close Combat|p1a: Sneasler\n|-resisted|p1a: Sneasler\n|-crit|p1a: Sneasler\n|-damage|p1a: Sneasler|0 fnt\n|-unboost|p2a: Koraidon|def|1\n|-unboost|p2a: Koraidon|spd|1\n|faint|p1a: Sneasler\n|\n|-weather|SunnyDay|[upkeep]\n|upkeep\n|\n|t:|1698192303\n|switch|p1a: Great Tusk|Great Tusk|100\/100\n|-activate|p1a: Great Tusk|ability: Protosynthesis\n|-start|p1a: Great Tusk|protosynthesisatk\n|turn|15\n|\n|t:|1698192309\n|switch|p2a: Arceus|Arceus, tera:Ghost|6\/100\n|move|p1a: Great Tusk|Earthquake|p2a: Arceus\n|-damage|p2a: Arceus|0 fnt\n|faint|p2a: Arceus\n|\n|-weather|SunnyDay|[upkeep]\n|upkeep\n|\n|t:|1698192319\n|switch|p2a: Arceus|Arceus-Fairy|100\/100\n|turn|16\n|\n|t:|1698192323\n|-end|p1a: Great Tusk|Protosynthesis|[silent]\n|switch|p1a: Goodra|Goodra-Hisui, F|100\/100\n|move|p2a: Arceus|Will-O-Wisp|p1a: Goodra\n|-status|p1a: Goodra|brn\n|\n|-weather|SunnyDay|[upkeep]\n|-damage|p1a: Goodra|95\/100 brn|[from] brn\n|upkeep\n|turn|17\n|\n|t:|1698192332\n|switch|p2a: Ting-Lu|Ting-Lu|100\/100\n|-ability|p2a: Ting-Lu|Vessel of Ruin\n|move|p1a: Goodra|Heavy Slam|p2a: Ting-Lu\n|-damage|p2a: Ting-Lu|97\/100\n|\n|-weather|none\n|-heal|p2a: Ting-Lu|100\/100|[from] item: Leftovers\n|-damage|p1a: Goodra|89\/100 brn|[from] brn\n|upkeep\n|turn|18\n|\n|t:|1698192343\n|switch|p1a: Skeledirge|Skeledirge, F, tera:Normal|100\/100\n|move|p2a: Ting-Lu|Spikes|p1a: Skeledirge\n|-sidestart|p1: SirFish43|Spikes\n|\n|upkeep\n|turn|19\n|\n|t:|1698192351\n|move|p1a: Skeledirge|Torch Song|p2a: Ting-Lu\n|-damage|p2a: Ting-Lu|84\/100\n|-boost|p1a: Skeledirge|spa|1\n|move|p2a: Ting-Lu|Whirlwind|p1a: Skeledirge\n|drag|p1a: Goodra|Goodra-Hisui, F|89\/100 brn\n|-damage|p1a: Goodra|76\/100 brn|[from] Spikes\n|\n|-heal|p2a: Ting-Lu|90\/100|[from] item: Leftovers\n|-damage|p1a: Goodra|70\/100 brn|[from] brn\n|upkeep\n|turn|20\n|\n|t:|1698192363\n|move|p1a: Goodra|Dragon Pulse|p2a: Ting-Lu\n|-damage|p2a: Ting-Lu|73\/100\n|move|p2a: Ting-Lu|Whirlwind|p1a: Goodra\n|drag|p1a: Skeledirge|Skeledirge, F, tera:Normal|100\/100\n|-damage|p1a: Skeledirge|88\/100|[from] Spikes\n|\n|-heal|p1a: Skeledirge|94\/100|[from] item: Leftovers\n|-heal|p2a: Ting-Lu|79\/100|[from] item: Leftovers\n|upkeep\n|turn|21\n|\n|t:|1698192373\n|move|p1a: Skeledirge|Torch Song|p2a: Ting-Lu\n|-damage|p2a: Ting-Lu|63\/100\n|-boost|p1a: Skeledirge|spa|1\n|move|p2a: Ting-Lu|Spikes|p1a: Skeledirge\n|-sidestart|p1: SirFish43|Spikes\n|\n|-heal|p1a: Skeledirge|99\/100|[from] item: Leftovers\n|-heal|p2a: Ting-Lu|70\/100|[from] item: Leftovers\n|upkeep\n|turn|22\n|\n|t:|1698192383\n|move|p1a: Skeledirge|Torch Song|p2a: Ting-Lu\n|-damage|p2a: Ting-Lu|47\/100\n|-boost|p1a: Skeledirge|spa|1\n|move|p2a: Ting-Lu|Spikes|p1a: Skeledirge\n|-sidestart|p1: SirFish43|Spikes\n|\n|-heal|p1a: Skeledirge|100\/100|[from] item: Leftovers\n|-heal|p2a: Ting-Lu|53\/100|[from] item: Leftovers\n|upkeep\n|turn|23\n|\n|t:|1698192395\n|move|p1a: Skeledirge|Torch Song|p2a: Ting-Lu\n|-damage|p2a: Ting-Lu|23\/100\n|-boost|p1a: Skeledirge|spa|1\n|move|p2a: Ting-Lu|Whirlwind|p1a: Skeledirge\n|drag|p1a: Goodra|Goodra-Hisui, F|70\/100 brn\n|-damage|p1a: Goodra|45\/100 brn|[from] Spikes\n|\n|-heal|p2a: Ting-Lu|29\/100|[from] item: Leftovers\n|-damage|p1a: Goodra|39\/100 brn|[from] brn\n|upkeep\n|turn|24\n|\n|t:|1698192408\n|move|p1a: Goodra|Dragon Pulse|p2a: Ting-Lu\n|-damage|p2a: Ting-Lu|12\/100\n|move|p2a: Ting-Lu|Whirlwind|p1a: Goodra\n|drag|p1a: Great Tusk|Great Tusk|100\/100\n|-damage|p1a: Great Tusk|76\/100|[from] Spikes\n|\n|-heal|p2a: Ting-Lu|19\/100|[from] item: Leftovers\n|upkeep\n|turn|25\n|\n|t:|1698192422\n|switch|p2a: Koraidon|Koraidon|100\/100\n|-weather|SunnyDay|[from] ability: Orichalcum Pulse|[of] p2a: Koraidon\n|-activate|p1a: Great Tusk|ability: Protosynthesis\n|-start|p1a: Great Tusk|protosynthesisatk\n|-activate|p2a: Koraidon|Orichalcum Pulse|[source]\n|move|p1a: Great Tusk|Rapid Spin|p2a: Koraidon\n|-damage|p2a: Koraidon|79\/100\n|-boost|p1a: Great Tusk|spe|1\n|-sideend|p1: SirFish43|Spikes|[from] move: Rapid Spin|[of] p1a: Great Tusk\n|\n|-weather|SunnyDay|[upkeep]\n|upkeep\n|turn|26\n|\n|t:|1698192438\n|move|p2a: Koraidon|Flare Blitz|p1a: Great Tusk\n|-damage|p1a: Great Tusk|15\/100\n|-damage|p2a: Koraidon|57\/100|[from] Recoil\n|move|p1a: Great Tusk|Earthquake|p2a: Koraidon\n|-damage|p2a: Koraidon|0 fnt\n|faint|p2a: Koraidon\n|\n|-weather|SunnyDay|[upkeep]\n|upkeep\n|\n|t:|1698192448\n|switch|p2a: Arceus|Arceus-Fairy|100\/100\n|turn|27\n|\n|t:|1698192461\n|move|p1a: Great Tusk|Earthquake|p2a: Arceus\n|-damage|p2a: Arceus|66\/100\n|move|p2a: Arceus|Judgment|p1a: Great Tusk\n|-supereffective|p1a: Great Tusk\n|-crit|p1a: Great Tusk\n|-damage|p1a: Great Tusk|0 fnt\n|faint|p1a: Great Tusk\n|-end|p1a: Great Tusk|Protosynthesis|[silent]\n|\n|-weather|SunnyDay|[upkeep]\n|upkeep\n|\n|t:|1698192472\n|switch|p1a: Skeledirge|Skeledirge, F, tera:Normal|100\/100\n|turn|28\n|\n|t:|1698192486\n|move|p2a: Arceus|Judgment|p1a: Skeledirge\n|-damage|p1a: Skeledirge|44\/100\n|move|p1a: Skeledirge|Torch Song|p2a: Arceus\n|-damage|p2a: Arceus|30\/100\n|-boost|p1a: Skeledirge|spa|1\n|\n|-weather|SunnyDay|[upkeep]\n|-heal|p1a: Skeledirge|50\/100|[from] item: Leftovers\n|upkeep\n|turn|29\n|\n|t:|1698192496\n|switch|p1a: Goodra|Goodra-Hisui, F|39\/100 brn\n|move|p2a: Arceus|Judgment|p1a: Goodra\n|-damage|p1a: Goodra|8\/100 brn\n|\n|-weather|none\n|-damage|p1a: Goodra|2\/100 brn|[from] brn\n|upkeep\n|turn|30\n|\n|t:|1698192504\n|move|p2a: Arceus|Recover|p2a: Arceus\n|-heal|p2a: Arceus|80\/100\n|move|p1a: Goodra|Heavy Slam|p2a: Arceus\n|-supereffective|p2a: Arceus\n|-damage|p2a: Arceus|74\/100\n|\n|-damage|p1a: Goodra|0 fnt|[from] brn\n|faint|p1a: Goodra\n|upkeep\n|\n|t:|1698192512\n|switch|p1a: Skeledirge|Skeledirge, F, tera:Normal|50\/100\n|turn|31\n|\n|t:|1698192516\n|move|p2a: Arceus|Judgment|p1a: Skeledirge\n|-damage|p1a: Skeledirge|0 fnt\n|faint|p1a: Skeledirge\n|\n|win|Iknowmyabc'slol\n|raw|SirFish43's rating: 1374 &rarr; <strong>1362<\/strong><br \/>(-12 for losing)\n|raw|Iknowmyabc&apos;slol's rating: 1514 &rarr; <strong>1526<\/strong><br \/>(+12 for winning)\n|c|\u2606SirFish43|gg\n","uploadtime":1698192523,"views":13,"p1id":"sirfish43","p2id":"iknowmyabcslol","formatid":"gen9anythinggoes","rating":1362,"private":0,"password":""}