{"id":"gen9anythinggoes-1993603075","p1":"mustered","p2":"I'm some Guy1234","format":"[Gen 9] Anything Goes","log":"|j|\u2606mustered\n|j|\u2606I'm some Guy1234\n|t:|1700336433\n|gametype|singles\n|player|p1|mustered|266|1083\n|player|p2|I'm some Guy1234|102|1073\n|teamsize|p1|6\n|teamsize|p2|6\n|gen|9\n|tier|[Gen 9] Anything Goes\n|rated|\n|rule|HP Percentage Mod: HP is shown in percentages\n|rule|Endless Battle Clause: Forcing endless battles is banned\n|clearpoke\n|poke|p1|Salamence, F|\n|poke|p1|Glimmora, F|\n|poke|p1|Kleavor, M|\n|poke|p1|Samurott-Hisui, M|\n|poke|p1|Arcanine-Hisui, M|\n|poke|p1|Zoroark-Hisui, M|\n|poke|p2|Iron Valiant|\n|poke|p2|Iron Bundle|\n|poke|p2|Iron Hands|\n|poke|p2|Iron Leaves|\n|poke|p2|Iron Moth|\n|poke|p2|Iron Jugulis|\n|teampreview\n|c|\u2606I'm some Guy1234|LESGOOOOO\n|\n|t:|1700336453\n|start\n|switch|p1a: Samurott|Samurott-Hisui, M|100\/100\n|switch|p2a: Iron Handle this|Iron Hands, shiny|100\/100\n|turn|1\n|\n|t:|1700336460\n|move|p1a: Samurott|Ceaseless Edge|p2a: Iron Handle this\n|-resisted|p2a: Iron Handle this\n|-damage|p2a: Iron Handle this|91\/100\n|-sidestart|p2: I'm some Guy1234|Spikes\n|move|p2a: Iron Handle this|Thunder|p1a: Samurott\n|-supereffective|p1a: Samurott\n|-damage|p1a: Samurott|27\/100\n|\n|-heal|p2a: Iron Handle this|98\/100|[from] item: Leftovers\n|upkeep\n|turn|2\n|\n|t:|1700336470\n|move|p1a: Samurott|Hydro Pump|p2a: Iron Handle this\n|-damage|p2a: Iron Handle this|44\/100\n|move|p2a: Iron Handle this|Body Slam|p1a: Samurott\n|-damage|p1a: Samurott|0 fnt\n|faint|p1a: Samurott\n|\n|-heal|p2a: Iron Handle this|50\/100|[from] item: Leftovers\n|upkeep\n|\n|t:|1700336481\n|switch|p1a: Salamence|Salamence, F|100\/100\n|turn|3\n|\n|t:|1700336485\n|move|p1a: Salamence|Dual Wingbeat|p2a: Iron Handle this\n|-damage|p2a: Iron Handle this|38\/100\n|-damage|p2a: Iron Handle this|25\/100\n|-hitcount|p2a: Iron Handle this|2\n|move|p2a: Iron Handle this|Reversal|p1a: Salamence\n|-resisted|p1a: Salamence\n|-damage|p1a: Salamence|67\/100\n|\n|-heal|p2a: Iron Handle this|31\/100|[from] item: Leftovers\n|upkeep\n|turn|4\n|\n|t:|1700336498\n|move|p1a: Salamence|Hurricane|p2a: Iron Handle this\n|-damage|p2a: Iron Handle this|0 fnt\n|faint|p2a: Iron Handle this\n|-end|p2a: Iron Handle this|Quark Drive|[silent]\n|-ability|p1a: Salamence|Moxie|boost\n|-boost|p1a: Salamence|atk|1\n|\n|upkeep\n|\n|t:|1700336504\n|switch|p2a: Iron Boi|Iron Bundle, shiny|100\/100\n|-damage|p2a: Iron Boi|88\/100|[from] Spikes\n|turn|5\n|\n|t:|1700336508\n|move|p2a: Iron Boi|Electric Terrain|p2a: Iron Boi\n|-fieldstart|move: Electric Terrain\n|-activate|p2a: Iron Boi|ability: Quark Drive\n|-start|p2a: Iron Boi|quarkdrivespe\n|move|p1a: Salamence|Dual Wingbeat|p2a: Iron Boi\n|-damage|p2a: Iron Boi|52\/100\n|-damage|p2a: Iron Boi|12\/100\n|-hitcount|p2a: Iron Boi|2\n|\n|upkeep\n|turn|6\n|\n|t:|1700336519\n|move|p2a: Iron Boi|Acrobatics|p1a: Salamence\n|-damage|p1a: Salamence|39\/100\n|move|p1a: Salamence|Hurricane|p2a: Iron Boi\n|-damage|p2a: Iron Boi|0 fnt\n|faint|p2a: Iron Boi\n|-end|p2a: Iron Boi|Quark Drive|[silent]\n|-ability|p1a: Salamence|Moxie|boost\n|-boost|p1a: Salamence|atk|1\n|\n|upkeep\n|\n|t:|1700336528\n|switch|p2a: Iron Very good|Iron Valiant, shiny|100\/100\n|-damage|p2a: Iron Very good|88\/100|[from] Spikes\n|-activate|p2a: Iron Very good|ability: Quark Drive\n|-start|p2a: Iron Very good|quarkdrivespa\n|turn|7\n|\n|t:|1700336538\n|move|p1a: Salamence|Dual Wingbeat|p2a: Iron Very good\n|-supereffective|p2a: Iron Very good\n|-damage|p2a: Iron Very good|0 fnt\n|-damage|p1a: Salamence|22\/100|[from] item: Rocky Helmet|[of] p2a: Iron Very good\n|faint|p2a: Iron Very good\n|-end|p2a: Iron Very good|Quark Drive|[silent]\n|-ability|p1a: Salamence|Moxie|boost\n|-boost|p1a: Salamence|atk|1\n|-hitcount|p2: Iron Very good|1\n|\n|upkeep\n|\n|t:|1700336545\n|switch|p2a: Iron Leave pls|Iron Leaves|100\/100\n|-damage|p2a: Iron Leave pls|88\/100|[from] Spikes\n|-activate|p2a: Iron Leave pls|ability: Quark Drive\n|-start|p2a: Iron Leave pls|quarkdrivespe\n|turn|8\n|\n|t:|1700336552\n|move|p2a: Iron Leave pls|Giga Drain|p1a: Salamence\n|-resisted|p1a: Salamence\n|-damage|p1a: Salamence|14\/100\n|-heal|p2a: Iron Leave pls|92\/100|[from] drain|[of] p1a: Salamence\n|move|p1a: Salamence|Dual Wingbeat|p2a: Iron Leave pls\n|-supereffective|p2a: Iron Leave pls\n|-damage|p2a: Iron Leave pls|0 fnt\n|-damage|p1a: Salamence|0 fnt|[from] item: Rocky Helmet|[of] p2a: Iron Leave pls\n|faint|p2a: Iron Leave pls\n|-end|p2a: Iron Leave pls|Quark Drive|[silent]\n|faint|p1a: Salamence\n|-hitcount|p2: Iron Leave pls|1\n|\n|upkeep\n|inactive|Battle timer is ON: inactive players will automatically lose when time's up. (requested by mustered)\n|c|\u2606I'm some Guy1234|GG\n|\n|t:|1700336564\n|switch|p2a: Iron Your Mom|Iron Moth, shiny|100\/100\n|switch|p1a: Glimmora|Glimmora, F|100\/100\n|-damage|p2a: Iron Your Mom|88\/100|[from] Spikes\n|-activate|p2a: Iron Your Mom|ability: Quark Drive\n|-start|p2a: Iron Your Mom|quarkdrivespe\n|turn|9\n|\n|t:|1700336573\n|move|p2a: Iron Your Mom|U-turn|p1a: Glimmora\n|-resisted|p1a: Glimmora\n|-damage|p1a: Glimmora|90\/100\n|-activate|p1a: Glimmora|ability: Toxic Debris\n|-sidestart|p2: I'm some Guy1234|move: Toxic Spikes\n|\n|t:|1700336579\n|-end|p2a: Iron Your Mom|Quark Drive|[silent]\n|switch|p2a: Iron JuggleYoBalls|Iron Jugulis, shiny|100\/100|[from] U-turn\n|-activate|p2a: Iron JuggleYoBalls|ability: Quark Drive\n|-start|p2a: Iron JuggleYoBalls|quarkdrivespa\n|move|p1a: Glimmora|Toxic Spikes|p2a: Iron JuggleYoBalls\n|-sidestart|p2: I'm some Guy1234|move: Toxic Spikes\n|\n|-fieldend|move: Electric Terrain\n|-end|p2a: Iron JuggleYoBalls|Quark Drive\n|upkeep\n|turn|10\n|\n|t:|1700336589\n|move|p2a: Iron JuggleYoBalls|Hurricane|p1a: Glimmora\n|-resisted|p1a: Glimmora\n|-damage|p1a: Glimmora|58\/100\n|-start|p1a: Glimmora|confusion\n|-activate|p1a: Glimmora|confusion\n|move|p1a: Glimmora|Explosion|p2a: Iron JuggleYoBalls\n|-damage|p2a: Iron JuggleYoBalls|38\/100\n|faint|p1a: Glimmora\n|\n|upkeep\n|\n|t:|1700336599\n|switch|p1a: Kleavor|Kleavor, M|100\/100\n|turn|11\n|c|\u2606I'm some Guy1234|YES\n|\n|t:|1700336605\n|move|p1a: Kleavor|Stone Axe|p2a: Iron JuggleYoBalls\n|-supereffective|p2a: Iron JuggleYoBalls\n|-damage|p2a: Iron JuggleYoBalls|0 fnt\n|-damage|p1a: Kleavor|84\/100|[from] item: Rocky Helmet|[of] p2a: Iron JuggleYoBalls\n|-sidestart|p2: I'm some Guy1234|move: Stealth Rock\n|faint|p2a: Iron JuggleYoBalls\n|-end|p2a: Iron JuggleYoBalls|Quark Drive|[silent]\n|\n|upkeep\n|c|\u2606I'm some Guy1234|NOO\n|\n|t:|1700336613\n|switch|p2a: Iron Your Mom|Iron Moth, shiny|88\/100\n|-damage|p2a: Iron Your Mom|76\/100|[from] Spikes\n|-sideend|p2: I'm some Guy1234|move: Toxic Spikes|[of] p2a: Iron Your Mom\n|-damage|p2a: Iron Your Mom|51\/100|[from] Stealth Rock\n|turn|12\n|\n|t:|1700336623\n|move|p2a: Iron Your Mom|Flare Blitz|p1a: Kleavor\n|-crit|p1a: Kleavor\n|-damage|p1a: Kleavor|3\/100\n|-damage|p2a: Iron Your Mom|26\/100|[from] Recoil\n|move|p1a: Kleavor|Acrobatics|p2a: Iron Your Mom\n|-damage|p2a: Iron Your Mom|0 fnt\n|faint|p2a: Iron Your Mom\n|-end|p2a: Iron Your Mom|Quark Drive|[silent]\n|\n|win|mustered\n|raw|mustered's rating: 1083 &rarr; <strong>1110<\/strong><br \/>(+27 for winning)\n|raw|I&apos;m some Guy1234's rating: 1073 &rarr; <strong>1053<\/strong><br \/>(-20 for losing)\n|c|\u2606I'm some Guy1234|gg\n","uploadtime":1700336635,"views":3,"p1id":"mustered","p2id":"imsomeguy1234","formatid":"gen9anythinggoes","rating":1053,"private":0,"password":""}