{"id":"gen9anythinggoes-1998836860","p1":"Maxmilian1","p2":"TutsTheNoob","format":"[Gen 9] Anything Goes","log":"|j|\u2606Maxmilian1\n|j|\u2606TutsTheNoob\n|t:|1701000612\n|gametype|singles\n|player|p1|Maxmilian1|hilbert|1011\n|player|p2|TutsTheNoob|wallace|1140\n|teamsize|p1|6\n|teamsize|p2|6\n|gen|9\n|tier|[Gen 9] Anything Goes\n|rated|\n|rule|HP Percentage Mod: HP is shown in percentages\n|rule|Endless Battle Clause: Forcing endless battles is banned\n|clearpoke\n|poke|p1|Orthworm, M|\n|poke|p1|Braviary-Hisui, M|\n|poke|p1|Tarountula, M|\n|poke|p1|Moltres|\n|poke|p1|Mew|\n|poke|p1|Zangoose, M|\n|poke|p2|Maushold-Four|\n|poke|p2|Ursaluna-Bloodmoon, M|\n|poke|p2|Vivillon, F|\n|poke|p2|Toxapex, F|\n|poke|p2|Gholdengo|\n|poke|p2|Annihilape, F|\n|teampreview\n|inactive|Battle timer is ON: inactive players will automatically lose when time's up. (requested by TutsTheNoob)\n|\n|t:|1701000622\n|start\n|switch|p1a: Orthworm|Orthworm, M|100\/100\n|switch|p2a: Toxapex|Toxapex, F|100\/100\n|turn|1\n|\n|t:|1701000630\n|move|p2a: Toxapex|Baneful Bunker|p2a: Toxapex\n|-singleturn|p2a: Toxapex|move: Protect\n|move|p1a: Orthworm|Stealth Rock|p2a: Toxapex\n|-sidestart|p2: TutsTheNoob|move: Stealth Rock\n|\n|upkeep\n|turn|2\n|\n|t:|1701000637\n|move|p1a: Orthworm|Shed Tail|p1a: Orthworm\n|-start|p1a: Orthworm|Substitute|[from] move: Shed Tail\n|-damage|p1a: Orthworm|50\/100\n|\n|t:|1701000640\n|switch|p1a: Zangoose|Zangoose, M, shiny|100\/100|[from] Shed Tail\n|move|p2a: Toxapex|Toxic||[still]\n|-fail|p2a: Toxapex\n|\n|upkeep\n|turn|3\n|\n|t:|1701000649\n|move|p2a: Toxapex|Baneful Bunker|p2a: Toxapex\n|-singleturn|p2a: Toxapex|move: Protect\n|move|p1a: Zangoose|Belly Drum|p1a: Zangoose\n|-damage|p1a: Zangoose|50\/100\n|-setboost|p1a: Zangoose|atk|6|[from] move: Belly Drum\n|-enditem|p1a: Zangoose|Sitrus Berry|[eat]\n|-heal|p1a: Zangoose|75\/100|[from] item: Sitrus Berry\n|\n|upkeep\n|turn|4\n|\n|t:|1701000659\n|move|p1a: Zangoose|Baton Pass|p1a: Zangoose\n|\n|t:|1701000662\n|switch|p1a: Tarountula|Tarountula, M, shiny|100\/100|[from] Baton Pass\n|move|p2a: Toxapex|Haze|p2a: Toxapex\n|-clearallboost\n|\n|upkeep\n|turn|5\n|\n|t:|1701000680\n|switch|p2a: Annihilape|Annihilape, F|100\/100\n|-damage|p2a: Annihilape|94\/100|[from] Stealth Rock\n|move|p1a: Tarountula|Bug Buzz|p2a: Annihilape\n|-resisted|p2a: Annihilape\n|-damage|p2a: Annihilape|83\/100\n|\n|upkeep\n|turn|6\n|inactive|Maxmilian1 has 120 seconds left.\n|\n|t:|1701000711\n|move|p2a: Annihilape|Drain Punch|p1a: Tarountula\n|-resisted|p1a: Tarountula\n|-end|p1a: Tarountula|Substitute\n|-heal|p2a: Annihilape|93\/100|[from] drain|[of] p1a: Tarountula\n|-damage|p2a: Annihilape|83\/100|[from] item: Life Orb\n|move|p1a: Tarountula|Tera Blast|p2a: Annihilape\n|-immune|p2a: Annihilape\n|\n|upkeep\n|turn|7\n|inactive|Maxmilian1 has 120 seconds left.\n|\n|t:|1701000722\n|move|p2a: Annihilape|Rage Fist|p1a: Tarountula\n|-damage|p1a: Tarountula|0 fnt\n|faint|p1a: Tarountula\n|-damage|p2a: Annihilape|73\/100|[from] item: Life Orb\n|\n|upkeep\n|inactive|Maxmilian1 has 120 seconds left.\n|\n|t:|1701000735\n|switch|p1a: Moltres|Moltres|100\/100\n|turn|8\n|inactive|Maxmilian1 has 120 seconds left.\n|\n|t:|1701000740\n|move|p1a: Moltres|Air Slash|p2a: Annihilape\n|-supereffective|p2a: Annihilape\n|-damage|p2a: Annihilape|0 fnt\n|faint|p2a: Annihilape\n|\n|upkeep\n|\n|t:|1701000750\n|switch|p2a: Ursaluna|Ursaluna-Bloodmoon, M|100\/100\n|-damage|p2a: Ursaluna|94\/100|[from] Stealth Rock\n|turn|9\n|\n|t:|1701000755\n|move|p1a: Moltres|Air Slash|p2a: Ursaluna\n|-damage|p2a: Ursaluna|47\/100\n|move|p2a: Ursaluna|Belly Drum||[still]\n|-fail|p2a: Ursaluna\n|\n|upkeep\n|turn|10\n|\n|t:|1701000764\n|move|p1a: Moltres|Air Slash|p2a: Ursaluna\n|-damage|p2a: Ursaluna|0 fnt\n|faint|p2a: Ursaluna\n|\n|upkeep\n|\n|t:|1701000768\n|switch|p2a: Toxapex|Toxapex, F|100\/100\n|-damage|p2a: Toxapex|88\/100|[from] Stealth Rock\n|turn|11\n|\n|t:|1701000773\n|move|p2a: Toxapex|Baneful Bunker|p2a: Toxapex\n|-singleturn|p2a: Toxapex|move: Protect\n|move|p1a: Moltres|Air Slash|p2a: Toxapex\n|-activate|p2a: Toxapex|move: Protect\n|\n|upkeep\n|turn|12\n|\n|t:|1701000779\n|move|p1a: Moltres|Air Slash|p2a: Toxapex\n|-crit|p2a: Toxapex\n|-damage|p2a: Toxapex|38\/100\n|move|p2a: Toxapex|Toxic|p1a: Moltres\n|-status|p1a: Moltres|tox\n|\n|-damage|p1a: Moltres|94\/100 tox|[from] psn\n|upkeep\n|turn|13\n|\n|t:|1701000787\n|move|p2a: Toxapex|Baneful Bunker|p2a: Toxapex\n|-singleturn|p2a: Toxapex|move: Protect\n|move|p1a: Moltres|Air Slash|p2a: Toxapex\n|-activate|p2a: Toxapex|move: Protect\n|\n|-damage|p1a: Moltres|82\/100 tox|[from] psn\n|upkeep\n|turn|14\n|\n|t:|1701000795\n|move|p1a: Moltres|Air Slash|p2a: Toxapex\n|-damage|p2a: Toxapex|7\/100\n|move|p2a: Toxapex|Recover|p2a: Toxapex\n|-heal|p2a: Toxapex|57\/100\n|\n|-damage|p1a: Moltres|63\/100 tox|[from] psn\n|upkeep\n|turn|15\n|\n|t:|1701000805\n|move|p2a: Toxapex|Baneful Bunker|p2a: Toxapex\n|-singleturn|p2a: Toxapex|move: Protect\n|move|p1a: Moltres|Roost|p1a: Moltres\n|-heal|p1a: Moltres|100\/100 tox\n|-singleturn|p1a: Moltres|move: Roost\n|\n|-damage|p1a: Moltres|76\/100 tox|[from] psn\n|upkeep\n|turn|16\n|\n|t:|1701000814\n|move|p1a: Moltres|Air Slash|p2a: Toxapex\n|-damage|p2a: Toxapex|24\/100\n|move|p2a: Toxapex|Recover|p2a: Toxapex\n|-heal|p2a: Toxapex|74\/100\n|\n|-damage|p1a: Moltres|44\/100 tox|[from] psn\n|upkeep\n|turn|17\n|\n|t:|1701000822\n|move|p2a: Toxapex|Baneful Bunker|p2a: Toxapex\n|-singleturn|p2a: Toxapex|move: Protect\n|move|p1a: Moltres|Roost|p1a: Moltres\n|-heal|p1a: Moltres|95\/100 tox\n|-singleturn|p1a: Moltres|move: Roost\n|\n|-damage|p1a: Moltres|57\/100 tox|[from] psn\n|upkeep\n|turn|18\n|\n|t:|1701000836\n|move|p1a: Moltres|Air Slash|p2a: Toxapex\n|-damage|p2a: Toxapex|40\/100\n|cant|p2a: Toxapex|flinch\n|\n|-damage|p1a: Moltres|14\/100 tox|[from] psn\n|upkeep\n|turn|19\n|\n|t:|1701000844\n|move|p2a: Toxapex|Baneful Bunker|p2a: Toxapex\n|-singleturn|p2a: Toxapex|move: Protect\n|move|p1a: Moltres|Roost|p1a: Moltres\n|-heal|p1a: Moltres|64\/100 tox\n|-singleturn|p1a: Moltres|move: Roost\n|\n|-damage|p1a: Moltres|14\/100 tox|[from] psn\n|upkeep\n|turn|20\n|\n|t:|1701000853\n|move|p1a: Moltres|Air Slash|p2a: Toxapex|[miss]\n|-miss|p1a: Moltres|p2a: Toxapex\n|move|p2a: Toxapex|Recover|p2a: Toxapex\n|-heal|p2a: Toxapex|91\/100\n|\n|-damage|p1a: Moltres|0 fnt|[from] psn\n|faint|p1a: Moltres\n|upkeep\n|\n|t:|1701000862\n|switch|p1a: Zangoose|Zangoose, M, shiny|75\/100\n|turn|21\n|\n|t:|1701000872\n|move|p1a: Zangoose|Facade|p2a: Toxapex\n|-damage|p2a: Toxapex|63\/100\n|move|p2a: Toxapex|Toxic|p1a: Zangoose\n|-immune|p1a: Zangoose|[from] ability: Immunity\n|\n|upkeep\n|turn|22\n|\n|t:|1701000883\n|move|p1a: Zangoose|Facade|p2a: Toxapex\n|-damage|p2a: Toxapex|37\/100\n|move|p2a: Toxapex|Recover|p2a: Toxapex\n|-heal|p2a: Toxapex|87\/100\n|\n|upkeep\n|turn|23\n|\n|t:|1701000893\n|switch|p2a: Gholdengo|Gholdengo|100\/100\n|-damage|p2a: Gholdengo|94\/100|[from] Stealth Rock\n|move|p1a: Zangoose|Disable|p2a: Gholdengo\n|-immune|p2a: Gholdengo|[from] ability: Good as Gold\n|\n|upkeep\n|turn|24\n|\n|t:|1701000911\n|switch|p1a: Orthworm|Orthworm, M|50\/100\n|move|p2a: Gholdengo|Make It Rain|p1a: Orthworm\n|-resisted|p1a: Orthworm\n|-damage|p1a: Orthworm|0 fnt\n|-unboost|p2a: Gholdengo|spa|1\n|faint|p1a: Orthworm\n|\n|upkeep\n|\n|t:|1701000925\n|switch|p1a: Braviary|Braviary-Hisui, M, shiny|100\/100\n|turn|25\n|\n|t:|1701000930\n|move|p2a: Gholdengo|Make It Rain|p1a: Braviary\n|-damage|p1a: Braviary|36\/100\n|-unboost|p2a: Gholdengo|spa|1\n|move|p1a: Braviary|Shadow Ball|p2a: Gholdengo\n|-supereffective|p2a: Gholdengo\n|-damage|p2a: Gholdengo|36\/100\n|\n|upkeep\n|turn|26\n|\n|t:|1701000943\n|move|p2a: Gholdengo|Make It Rain|p1a: Braviary\n|-damage|p1a: Braviary|0 fnt\n|-unboost|p2a: Gholdengo|spa|1\n|faint|p1a: Braviary\n|\n|upkeep\n|\n|t:|1701000950\n|switch|p1a: Mew|Mew|100\/100\n|turn|27\n|\n|t:|1701000958\n|move|p1a: Mew|Psychic|p2a: Gholdengo\n|-resisted|p2a: Gholdengo\n|-damage|p2a: Gholdengo|20\/100\n|move|p2a: Gholdengo|Make It Rain|p1a: Mew\n|-damage|p1a: Mew|69\/100\n|-unboost|p2a: Gholdengo|spa|1\n|\n|-heal|p1a: Mew|75\/100|[from] item: Leftovers\n|upkeep\n|turn|28\n|\n|t:|1701000969\n|move|p1a: Mew|Light Screen|p1a: Mew\n|-sidestart|p1: Maxmilian1|move: Light Screen\n|move|p2a: Gholdengo|Make It Rain|p1a: Mew\n|-damage|p1a: Mew|62\/100\n|-unboost|p2a: Gholdengo|spa|1\n|\n|-heal|p1a: Mew|68\/100|[from] item: Leftovers\n|upkeep\n|turn|29\n|\n|t:|1701000979\n|move|p1a: Mew|Psychic|p2a: Gholdengo\n|-resisted|p2a: Gholdengo\n|-crit|p2a: Gholdengo\n|-damage|p2a: Gholdengo|0 fnt\n|faint|p2a: Gholdengo\n|\n|-heal|p1a: Mew|75\/100|[from] item: Leftovers\n|upkeep\n|\n|t:|1701000989\n|switch|p2a: Toxapex|Toxapex, F|100\/100\n|-damage|p2a: Toxapex|88\/100|[from] Stealth Rock\n|turn|30\n|\n|t:|1701000997\n|move|p2a: Toxapex|Baneful Bunker|p2a: Toxapex\n|-singleturn|p2a: Toxapex|move: Protect\n|move|p1a: Mew|U-turn|p2a: Toxapex\n|-activate|p2a: Toxapex|move: Protect\n|-status|p1a: Mew|psn\n|-activate|p1a: Mew|ability: Synchronize\n|-immune|p2a: Toxapex\n|\n|-heal|p1a: Mew|81\/100 psn|[from] item: Leftovers\n|-damage|p1a: Mew|68\/100 psn|[from] psn\n|upkeep\n|turn|31\n|\n|t:|1701001015\n|move|p1a: Mew|Psychic|p2a: Toxapex\n|-supereffective|p2a: Toxapex\n|-damage|p2a: Toxapex|42\/100\n|-enditem|p2a: Toxapex|Weakness Policy\n|-boost|p2a: Toxapex|atk|2|[from] item: Weakness Policy\n|-boost|p2a: Toxapex|spa|2|[from] item: Weakness Policy\n|move|p2a: Toxapex|Recover|p2a: Toxapex\n|-heal|p2a: Toxapex|93\/100\n|\n|-heal|p1a: Mew|75\/100 psn|[from] item: Leftovers\n|-damage|p1a: Mew|62\/100 psn|[from] psn\n|upkeep\n|turn|32\n|\n|t:|1701001027\n|move|p2a: Toxapex|Baneful Bunker|p2a: Toxapex\n|-singleturn|p2a: Toxapex|move: Protect\n|move|p1a: Mew|Psychic|p2a: Toxapex\n|-activate|p2a: Toxapex|move: Protect\n|\n|-heal|p1a: Mew|68\/100 psn|[from] item: Leftovers\n|-damage|p1a: Mew|56\/100 psn|[from] psn\n|-sideend|p1: Maxmilian1|move: Light Screen\n|upkeep\n|turn|33\n|\n|t:|1701001037\n|move|p1a: Mew|U-turn|p2a: Toxapex\n|-resisted|p2a: Toxapex\n|-damage|p2a: Toxapex|83\/100\n|\n|t:|1701001039\n|switch|p1a: Zangoose|Zangoose, M, shiny|75\/100|[from] U-turn\n|move|p2a: Toxapex|Recover|p2a: Toxapex\n|-heal|p2a: Toxapex|100\/100\n|\n|upkeep\n|turn|34\n|\n|t:|1701001048\n|switch|p2a: Maushold|Maushold-Four, shiny|100\/100\n|-damage|p2a: Maushold|88\/100|[from] Stealth Rock\n|move|p1a: Zangoose|Disable||[still]\n|-fail|p1a: Zangoose\n|\n|upkeep\n|turn|35\n|\n|t:|1701001056\n|move|p2a: Maushold|Tidy Up|p2a: Maushold\n|-sideend|p2: TutsTheNoob|Stealth Rock\n|-activate|p2a: Maushold|move: Tidy Up\n|-boost|p2a: Maushold|atk|1\n|-boost|p2a: Maushold|spe|1\n|move|p1a: Zangoose|Facade|p2a: Maushold\n|-damage|p2a: Maushold|36\/100\n|\n|upkeep\n|turn|36\n|\n|t:|1701001065\n|move|p2a: Maushold|Population Bomb|p1a: Zangoose\n|-damage|p1a: Zangoose|47\/100\n|-damage|p1a: Zangoose|18\/100\n|-damage|p1a: Zangoose|0 fnt\n|faint|p1a: Zangoose\n|-hitcount|p1: Zangoose|3\n|\n|upkeep\n|\n|t:|1701001074\n|switch|p1a: Mew|Mew|56\/100 psn\n|turn|37\n|\n|t:|1701001078\n|move|p2a: Maushold|Population Bomb|p1a: Mew\n|-damage|p1a: Mew|42\/100 psn\n|-damage|p1a: Mew|27\/100 psn\n|-damage|p1a: Mew|12\/100 psn\n|-damage|p1a: Mew|0 fnt\n|faint|p1a: Mew\n|-hitcount|p1: Mew|4\n|\n|win|TutsTheNoob\n|raw|Maxmilian1's rating: 1011 &rarr; <strong>1003<\/strong><br \/>(-8 for losing)\n|raw|TutsTheNoob's rating: 1140 &rarr; <strong>1156<\/strong><br \/>(+16 for winning)\n|l|\u2606Maxmilian1\n","uploadtime":1701001089,"views":5,"p1id":"maxmilian1","p2id":"tutsthenoob","formatid":"gen9anythinggoes","rating":1003,"private":0,"password":""}