{"id":"gen9anythinggoes-1987854236","p1":"baum1","p2":"KingLordNiklas","format":"[Gen 9] Anything Goes","log":"|j|\u2606baum1\n|j|\u2606KingLordNiklas\n|t:|1699642954\n|gametype|singles\n|player|p1|baum1|170|\n|player|p2|KingLordNiklas|lucas|\n|teamsize|p1|6\n|teamsize|p2|6\n|gen|9\n|tier|[Gen 9] Anything Goes\n|rule|HP Percentage Mod: HP is shown in percentages\n|rule|Endless Battle Clause: Forcing endless battles is banned\n|clearpoke\n|poke|p1|Okidogi, M|\n|poke|p1|Shaymin|\n|poke|p1|Vaporeon, M|\n|poke|p1|Greninja-*, M|\n|poke|p1|Meloetta|\n|poke|p1|Iron Moth|\n|poke|p2|Gliscor, F|\n|poke|p2|Talonflame, F|\n|poke|p2|Slowking-Galar, M|\n|poke|p2|Empoleon, M|\n|poke|p2|Hydreigon, M|\n|poke|p2|Iron Hands|\n|teampreview\n|c|\u2606KingLordNiklas|gl hf\n|j| Frxnklyn\n|j| Roy SPL\n|l| Frxnklyn\n|j| Lucario0000\n|\n|t:|1699643151\n|start\n|switch|p1a: Okidogi|Okidogi, M|100\/100\n|switch|p2a: Slowking|Slowking-Galar, M|100\/100\n|turn|1\n|\n|t:|1699643175\n|move|p1a: Okidogi|Knock Off|p2a: Slowking\n|-supereffective|p2a: Slowking\n|-damage|p2a: Slowking|4\/100\n|-enditem|p2a: Slowking|Assault Vest|[from] move: Knock Off|[of] p1a: Okidogi\n|move|p2a: Slowking|Psychic|p1a: Okidogi\n|-supereffective|p1a: Okidogi\n|-damage|p1a: Okidogi|0 fnt\n|faint|p1a: Okidogi\n|\n|upkeep\n|c|\u2606baum1|ff\n|\n|t:|1699643188\n|switch|p1a: Iron Moth|Iron Moth|100\/100\n|turn|2\n|c| Roy SPL|das gibt ein bann baum\n|c|\u2606baum1|Ich meinte mich\n|c|\u2606baum1|Ich will\n|c|\u2606baum1|forfeiten\n|c|\u2606baum1|aber dann werde ich ja gestriket\n|c| Roy SPL|wegen bunino\n|c| Roy SPL|mein ich\n|c|\u2606baum1|Ah\n|c|\u2606baum1|ja\n|c|\u2606baum1|haste\n|c| Roy SPL|boninu*\n|c|\u2606baum1|Pech\n|\n|t:|1699643260\n|switch|p2a: Empoleon|Empoleon, M|100\/100\n|move|p1a: Iron Moth|U-turn|p2a: Empoleon\n|-resisted|p2a: Empoleon\n|-damage|p2a: Empoleon|96\/100\n|\n|t:|1699643265\n|-end|p1a: Iron Moth|Quark Drive|[silent]\n|switch|p1a: Greninja|Greninja, M|100\/100|[from] U-turn\n|\n|upkeep\n|turn|3\n|\n|t:|1699643311\n|move|p1a: Greninja|Spikes|p2a: Empoleon\n|-start|p1a: Greninja|typechange|Ground|[from] ability: Protean\n|-sidestart|p2: KingLordNiklas|Spikes\n|move|p2a: Empoleon|Knock Off|p1a: Greninja\n|-damage|p1a: Greninja|67\/100\n|-enditem|p1a: Greninja|Mystic Water|[from] move: Knock Off|[of] p2a: Empoleon\n|\n|upkeep\n|turn|4\n|c|\u2606baum1|Boar, wieso hat der Assi eig. soviele fliegende Mons\n|\n|t:|1699643343\n|move|p1a: Greninja|U-turn|p2a: Empoleon\n|-resisted|p2a: Empoleon\n|-damage|p2a: Empoleon|88\/100\n|\n|t:|1699643348\n|switch|p1a: Vaporeon|Vaporeon, M|100\/100|[from] U-turn\n|move|p2a: Empoleon|Stealth Rock|p1a: Vaporeon\n|-sidestart|p1: baum1|move: Stealth Rock\n|\n|upkeep\n|turn|5\n|\n|t:|1699643372\n|move|p1a: Vaporeon|Wish|p1a: Vaporeon\n|move|p2a: Empoleon|Knock Off|p1a: Vaporeon\n|-damage|p1a: Vaporeon|77\/100\n|-enditem|p1a: Vaporeon|Heavy-Duty Boots|[from] move: Knock Off|[of] p2a: Empoleon\n|\n|upkeep\n|turn|6\n|l| Lucario0000\n|\n|t:|1699643418\n|move|p1a: Vaporeon|Scald|p2a: Empoleon\n|-resisted|p2a: Empoleon\n|-damage|p2a: Empoleon|78\/100\n|move|p2a: Empoleon|Knock Off|p1a: Vaporeon\n|-damage|p1a: Vaporeon|63\/100\n|\n|-heal|p1a: Vaporeon|100\/100|[from] move: Wish|[wisher] Vaporeon\n|upkeep\n|turn|7\n|\n|t:|1699643426\n|switch|p2a: Hydreigon|Hydreigon, M|100\/100\n|move|p1a: Vaporeon|Scald|p2a: Hydreigon\n|-resisted|p2a: Hydreigon\n|-damage|p2a: Hydreigon|85\/100\n|\n|-heal|p2a: Hydreigon|91\/100|[from] item: Leftovers\n|upkeep\n|turn|8\n|\n|t:|1699643449\n|move|p2a: Hydreigon|Substitute|p2a: Hydreigon\n|-start|p2a: Hydreigon|Substitute\n|-damage|p2a: Hydreigon|67\/100\n|move|p1a: Vaporeon|Wish|p1a: Vaporeon\n|\n|-heal|p2a: Hydreigon|73\/100|[from] item: Leftovers\n|upkeep\n|turn|9\n|\n|t:|1699643455\n|move|p2a: Hydreigon|Nasty Plot|p2a: Hydreigon\n|-boost|p2a: Hydreigon|spa|2\n|move|p1a: Vaporeon|Ice Beam|p2a: Hydreigon\n|-supereffective|p2a: Hydreigon\n|-end|p2a: Hydreigon|Substitute\n|\n|-heal|p2a: Hydreigon|79\/100|[from] item: Leftovers\n|upkeep\n|turn|10\n|\n|t:|1699643482\n|move|p2a: Hydreigon|Dark Pulse|p1a: Vaporeon\n|-damage|p1a: Vaporeon|56\/100\n|move|p1a: Vaporeon|Ice Beam|p2a: Hydreigon\n|-supereffective|p2a: Hydreigon\n|-damage|p2a: Hydreigon|38\/100\n|\n|-heal|p2a: Hydreigon|44\/100|[from] item: Leftovers\n|upkeep\n|turn|11\n|\n|t:|1699643502\n|move|p2a: Hydreigon|Dark Pulse|p1a: Vaporeon\n|-damage|p1a: Vaporeon|13\/100\n|move|p1a: Vaporeon|Ice Beam|p2a: Hydreigon\n|-supereffective|p2a: Hydreigon\n|-damage|p2a: Hydreigon|0 fnt\n|faint|p2a: Hydreigon\n|\n|upkeep\n|\n|t:|1699643549\n|switch|p2a: Gliscor|Gliscor, F, shiny|100\/100\n|turn|12\n|\n|t:|1699643561\n|move|p2a: Gliscor|Earthquake|p1a: Vaporeon\n|-damage|p1a: Vaporeon|0 fnt\n|faint|p1a: Vaporeon\n|\n|-status|p2a: Gliscor|tox|[from] item: Toxic Orb\n|upkeep\n|\n|t:|1699643565\n|switch|p1a: Greninja|Greninja, M|67\/100\n|-damage|p1a: Greninja|55\/100|[from] Stealth Rock\n|turn|13\n|\n|t:|1699643643\n|switch|p2a: Empoleon|Empoleon, M|78\/100\n|-damage|p2a: Empoleon|65\/100|[from] Spikes\n|move|p1a: Greninja|Surf|p2a: Empoleon\n|-start|p1a: Greninja|typechange|Water|[from] ability: Protean\n|-resisted|p2a: Empoleon\n|-damage|p2a: Empoleon|52\/100\n|\n|upkeep\n|turn|14\n|\n|t:|1699643656\n|move|p1a: Greninja|Low Kick|p2a: Empoleon\n|-supereffective|p2a: Empoleon\n|-enditem|p2a: Empoleon|Chople Berry|[eat]\n|-enditem|p2a: Empoleon|Chople Berry|[weaken]\n|-damage|p2a: Empoleon|34\/100\n|move|p2a: Empoleon|Roost|p2a: Empoleon\n|-heal|p2a: Empoleon|84\/100\n|-singleturn|p2a: Empoleon|move: Roost\n|\n|upkeep\n|turn|15\n|\n|t:|1699643679\n|move|p1a: Greninja|Spikes|p2a: Empoleon\n|-sidestart|p2: KingLordNiklas|Spikes\n|move|p2a: Empoleon|Flip Turn|p1a: Greninja\n|-resisted|p1a: Greninja\n|-damage|p1a: Greninja|37\/100\n|\n|t:|1699643687\n|switch|p2a: Talonflame|Talonflame, F, shiny|100\/100|[from] Flip Turn\n|\n|upkeep\n|turn|16\n|\n|t:|1699643696\n|move|p2a: Talonflame|Brave Bird|p1a: Greninja\n|-damage|p1a: Greninja|0 fnt\n|faint|p1a: Greninja\n|-damage|p2a: Talonflame|89\/100|[from] Recoil\n|\n|upkeep\n|\n|t:|1699643721\n|switch|p1a: Meloetta|Meloetta|100\/100\n|-damage|p1a: Meloetta|88\/100|[from] Stealth Rock\n|turn|17\n|\n|t:|1699643746\n|move|p2a: Talonflame|U-turn|p1a: Meloetta\n|-supereffective|p1a: Meloetta\n|-damage|p1a: Meloetta|50\/100\n|\n|t:|1699643820\n|switch|p2a: Slowking|Slowking-Galar, M|38\/100|[from] U-turn\n|-damage|p2a: Slowking|21\/100|[from] Spikes\n|move|p1a: Meloetta|Substitute|p1a: Meloetta\n|-start|p1a: Meloetta|Substitute\n|-damage|p1a: Meloetta|26\/100\n|\n|-heal|p1a: Meloetta|32\/100|[from] item: Leftovers\n|upkeep\n|turn|18\n|\n|t:|1699643833\n|move|p1a: Meloetta|Psyshock|p2a: Slowking\n|-damage|p2a: Slowking|0 fnt\n|faint|p2a: Slowking\n|\n|-heal|p1a: Meloetta|38\/100|[from] item: Leftovers\n|upkeep\n|\n|t:|1699643863\n|switch|p2a: Talonflame|Talonflame, F, shiny|89\/100\n|turn|19\n|\n|t:|1699643882\n|move|p2a: Talonflame|U-turn|p1a: Meloetta\n|-supereffective|p1a: Meloetta\n|-end|p1a: Meloetta|Substitute\n|\n|t:|1699643884\n|switch|p2a: Empoleon|Empoleon, M|84\/100|[from] U-turn\n|-damage|p2a: Empoleon|68\/100|[from] Spikes\n|move|p1a: Meloetta|Psyshock|p2a: Empoleon\n|-resisted|p2a: Empoleon\n|-damage|p2a: Empoleon|47\/100\n|\n|-heal|p1a: Meloetta|44\/100|[from] item: Leftovers\n|upkeep\n|turn|20\n|\n|t:|1699643911\n|move|p1a: Meloetta|Substitute|p1a: Meloetta\n|-start|p1a: Meloetta|Substitute\n|-damage|p1a: Meloetta|19\/100\n|move|p2a: Empoleon|Roost|p2a: Empoleon\n|-heal|p2a: Empoleon|97\/100\n|-singleturn|p2a: Empoleon|move: Roost\n|\n|-heal|p1a: Meloetta|26\/100|[from] item: Leftovers\n|upkeep\n|turn|21\n|\n|t:|1699643917\n|move|p1a: Meloetta|Calm Mind|p1a: Meloetta\n|-boost|p1a: Meloetta|spa|1\n|-boost|p1a: Meloetta|spd|1\n|move|p2a: Empoleon|Knock Off|p1a: Meloetta\n|-supereffective|p1a: Meloetta\n|-end|p1a: Meloetta|Substitute\n|\n|-heal|p1a: Meloetta|32\/100|[from] item: Leftovers\n|upkeep\n|turn|22\n|\n|t:|1699643925\n|move|p1a: Meloetta|Focus Blast|p2a: Empoleon\n|-supereffective|p2a: Empoleon\n|-damage|p2a: Empoleon|0 fnt\n|faint|p2a: Empoleon\n|\n|-heal|p1a: Meloetta|38\/100|[from] item: Leftovers\n|upkeep\n|\n|t:|1699643932\n|switch|p2a: Talonflame|Talonflame, F, shiny|89\/100\n|turn|23\n|\n|t:|1699643957\n|switch|p1a: Shaymin|Shaymin|100\/100\n|-damage|p1a: Shaymin|88\/100|[from] Stealth Rock\n|move|p2a: Talonflame|Brave Bird|p1a: Shaymin\n|-supereffective|p1a: Shaymin\n|-damage|p1a: Shaymin|15\/100\n|-damage|p2a: Talonflame|73\/100|[from] item: Rocky Helmet|[of] p1a: Shaymin\n|-damage|p2a: Talonflame|41\/100|[from] Recoil\n|\n|upkeep\n|turn|24\n|\n|t:|1699643990\n|move|p2a: Talonflame|Roost|p2a: Talonflame\n|-heal|p2a: Talonflame|91\/100\n|-singleturn|p2a: Talonflame|move: Roost\n|move|p1a: Shaymin|Rest|p1a: Shaymin\n|-status|p1a: Shaymin|slp|[from] move: Rest\n|-heal|p1a: Shaymin|100\/100 slp|[silent]\n|\n|upkeep\n|turn|25\n|c|\u2606baum1|Alter\n|c|\u2606baum1|du hast\n|c|\u2606baum1|gewonnen\n|c|\u2606baum1|Dr\u00fcck\n|\n|t:|1699644025\n|-curestatus|p1a: Shaymin|slp|[from] ability: Natural Cure\n|switch|p1a: Meloetta|Meloetta|38\/100\n|-damage|p1a: Meloetta|26\/100|[from] Stealth Rock\n|move|p2a: Talonflame|Brave Bird|p1a: Meloetta\n|-damage|p1a: Meloetta|0 fnt\n|faint|p1a: Meloetta\n|-damage|p2a: Talonflame|80\/100|[from] Recoil\n|\n|upkeep\n|\n|t:|1699644036\n|switch|p1a: Shaymin|Shaymin|100\/100\n|-damage|p1a: Shaymin|88\/100|[from] Stealth Rock\n|turn|26\n|\n|t:|1699644042\n|move|p2a: Talonflame|Taunt|p1a: Shaymin\n|-start|p1a: Shaymin|move: Taunt\n|move|p1a: Shaymin|Seed Flare|p2a: Talonflame\n|-resisted|p2a: Talonflame\n|-damage|p2a: Talonflame|64\/100\n|\n|upkeep\n|turn|27\n|\n|t:|1699644060\n|move|p2a: Talonflame|U-turn|p1a: Shaymin\n|-supereffective|p1a: Shaymin\n|-damage|p1a: Shaymin|58\/100\n|-damage|p2a: Talonflame|48\/100|[from] item: Rocky Helmet|[of] p1a: Shaymin\n|\n|t:|1699644068\n|switch|p2a: Iron Hands|Iron Hands|100\/100|[from] U-turn\n|-damage|p2a: Iron Hands|84\/100|[from] Spikes\n|move|p1a: Shaymin|Earth Power|p2a: Iron Hands\n|-supereffective|p2a: Iron Hands\n|-damage|p2a: Iron Hands|43\/100\n|\n|upkeep\n|turn|28\n|j| Frxnklyn\n|\n|t:|1699644077\n|-end|p2a: Iron Hands|Quark Drive|[silent]\n|switch|p2a: Talonflame|Talonflame, F, shiny|48\/100\n|move|p1a: Shaymin|Seed Flare|p2a: Talonflame\n|-resisted|p2a: Talonflame\n|-damage|p2a: Talonflame|31\/100\n|\n|-end|p1a: Shaymin|move: Taunt\n|upkeep\n|turn|29\n|\n|t:|1699644083\n|move|p2a: Talonflame|Roost|p2a: Talonflame\n|-heal|p2a: Talonflame|81\/100\n|-singleturn|p2a: Talonflame|move: Roost\n|move|p1a: Shaymin|Earth Power|p2a: Talonflame\n|-supereffective|p2a: Talonflame\n|-damage|p2a: Talonflame|19\/100\n|\n|upkeep\n|turn|30\n|\n|t:|1699644097\n|move|p2a: Talonflame|U-turn|p1a: Shaymin\n|-supereffective|p1a: Shaymin\n|-damage|p1a: Shaymin|29\/100\n|-damage|p2a: Talonflame|3\/100|[from] item: Rocky Helmet|[of] p1a: Shaymin\n|\n|t:|1699644100\n|switch|p2a: Gliscor|Gliscor, F, shiny|100\/100 tox|[from] U-turn\n|move|p1a: Shaymin|Seed Flare|p2a: Gliscor\n|-damage|p2a: Gliscor|55\/100 tox\n|-unboost|p2a: Gliscor|spd|2\n|\n|-heal|p2a: Gliscor|68\/100 tox|[from] ability: Poison Heal\n|upkeep\n|turn|31\n|\n|t:|1699644112\n|move|p2a: Gliscor|Protect|p2a: Gliscor\n|-singleturn|p2a: Gliscor|Protect\n|move|p1a: Shaymin|Seed Flare|p2a: Gliscor\n|-activate|p2a: Gliscor|move: Protect\n|\n|-heal|p2a: Gliscor|80\/100 tox|[from] ability: Poison Heal\n|upkeep\n|turn|32\n|\n|t:|1699644121\n|switch|p2a: Iron Hands|Iron Hands|43\/100\n|-damage|p2a: Iron Hands|26\/100|[from] Spikes\n|move|p1a: Shaymin|Seed Flare|p2a: Iron Hands\n|-damage|p2a: Iron Hands|0 fnt\n|faint|p2a: Iron Hands\n|-end|p2a: Iron Hands|Quark Drive|[silent]\n|\n|upkeep\n|\n|t:|1699644133\n|switch|p2a: Talonflame|Talonflame, F, shiny|3\/100\n|turn|33\n|\n|t:|1699644143\n|move|p2a: Talonflame|Brave Bird|p1a: Shaymin\n|-supereffective|p1a: Shaymin\n|-damage|p1a: Shaymin|0 fnt\n|-damage|p2a: Talonflame|0 fnt|[from] item: Rocky Helmet|[of] p1a: Shaymin\n|faint|p1a: Shaymin\n|faint|p2a: Talonflame\n|\n|upkeep\n|\n|t:|1699644149\n|switch|p2a: Gliscor|Gliscor, F, shiny|80\/100 tox\n|switch|p1a: Iron Moth|Iron Moth|100\/100\n|turn|34\n|j| Lucario0000\n|\n|t:|1699644169\n|move|p2a: Gliscor|Protect|p2a: Gliscor\n|-singleturn|p2a: Gliscor|Protect\n|move|p1a: Iron Moth|Fiery Dance|p2a: Gliscor\n|-activate|p2a: Gliscor|move: Protect\n|\n|-heal|p2a: Gliscor|93\/100 tox|[from] ability: Poison Heal\n|upkeep\n|turn|35\n|\n|t:|1699644173\n|move|p1a: Iron Moth|Fiery Dance|p2a: Gliscor\n|-damage|p2a: Gliscor|41\/100 tox\n|move|p2a: Gliscor|Earthquake|p1a: Iron Moth\n|-supereffective|p1a: Iron Moth\n|-damage|p1a: Iron Moth|0 fnt\n|faint|p1a: Iron Moth\n|-end|p1a: Iron Moth|Quark Drive|[silent]\n|\n|win|KingLordNiklas\n|c|\u2606baum1|gg\n|c| Roy SPL|sehr gut alles f\u00fcr den gliscor kill\n|c| Roy SPL|g\n|l| Frxnklyn\n|c| Roy SPL|g\n|c|\u2606KingLordNiklas|gg\n|c|\u2606KingLordNiklas|Ich h\u00e4tte mich fast vergraben\n|c|\u2606baum1|Alter\n|c|\u2606KingLordNiklas|Das war so dumm runtergespielt von mir\n|c|\u2606baum1|ich hatte Angst\n|c|\u2606baum1|dass du am Ende\n|c|\u2606baum1|noch chokest\n|c|\u2606baum1|hatte schon den Jebaited Song in der Kopie\n|l| Lucario0000\n|c|\u2606baum1|gg\n","uploadtime":1699644213,"views":40,"p1id":"baum1","p2id":"kinglordniklas","formatid":"gen9anythinggoes","rating":0,"private":0,"password":""}