{"id":"gen9anythinggoes-1976199043","p1":"pulsetrap","p2":"Nasty N","format":"[Gen 9] Anything Goes","log":"|j|\u2606pulsetrap\n|j|\u2606Nasty N\n|t:|1698272928\n|gametype|singles\n|player|p1|pulsetrap|dancer|1157\n|player|p2|Nasty N|n|1262\n|teamsize|p1|6\n|teamsize|p2|6\n|gen|9\n|tier|[Gen 9] Anything Goes\n|rated|\n|rule|HP Percentage Mod: HP is shown in percentages\n|rule|Endless Battle Clause: Forcing endless battles is banned\n|clearpoke\n|poke|p1|Mimikyu, F|\n|poke|p1|Scizor, M|\n|poke|p1|Gyarados, M|\n|poke|p1|Gliscor, F|\n|poke|p1|Hawlucha, F|\n|poke|p1|Gallade, M|\n|poke|p2|Pawmot, F|\n|poke|p2|Pawmot, M|\n|poke|p2|Pawmot, F|\n|poke|p2|Pawmot, M|\n|poke|p2|Basculegion, M|\n|poke|p2|Mandibuzz, F|\n|teampreview\n|inactive|Battle timer is ON: inactive players will automatically lose when time's up. (requested by Nasty N)\n|\n|t:|1698272936\n|start\n|switch|p1a: Hawlucha|Hawlucha, F|100\/100\n|switch|p2a: Basculegion|Basculegion, M, shiny|100\/100\n|turn|1\n|\n|t:|1698272944\n|move|p2a: Basculegion|Wave Crash|p1a: Hawlucha\n|-damage|p1a: Hawlucha|0 fnt\n|faint|p1a: Hawlucha\n|-damage|p2a: Basculegion|75\/100|[from] Recoil\n|\n|upkeep\n|\n|t:|1698272948\n|switch|p1a: Gallade|Gallade, M|100\/100\n|turn|2\n|\n|t:|1698272954\n|move|p2a: Basculegion|Wave Crash|p1a: Gallade\n|-damage|p1a: Gallade|0 fnt\n|faint|p1a: Gallade\n|-damage|p2a: Basculegion|51\/100|[from] Recoil\n|\n|upkeep\n|\n|t:|1698272957\n|switch|p1a: Gyarados|Gyarados, M|100\/100\n|turn|3\n|\n|t:|1698272962\n|move|p2a: Basculegion|Wave Crash|p1a: Gyarados\n|-resisted|p1a: Gyarados\n|-damage|p1a: Gyarados|57\/100\n|-damage|p2a: Basculegion|39\/100|[from] Recoil\n|move|p1a: Gyarados|Dragon Dance|p1a: Gyarados\n|-boost|p1a: Gyarados|atk|1\n|-boost|p1a: Gyarados|spe|1\n|\n|upkeep\n|turn|4\n|\n|t:|1698272968\n|move|p2a: Basculegion|Wave Crash|p1a: Gyarados\n|-resisted|p1a: Gyarados\n|-damage|p1a: Gyarados|13\/100\n|-damage|p2a: Basculegion|26\/100|[from] Recoil\n|move|p1a: Gyarados|Waterfall|p2a: Basculegion\n|-resisted|p2a: Basculegion\n|-damage|p2a: Basculegion|0 fnt\n|faint|p2a: Basculegion\n|-ability|p1a: Gyarados|Moxie|boost\n|-boost|p1a: Gyarados|atk|1\n|\n|upkeep\n|\n|t:|1698272986\n|switch|p2a: Pawmot|Pawmot, M, shiny|100\/100\n|turn|5\n|\n|t:|1698272992\n|-terastallize|p1a: Gyarados|Ground\n|move|p1a: Gyarados|Dragon Dance|p1a: Gyarados\n|-boost|p1a: Gyarados|atk|1\n|-boost|p1a: Gyarados|spe|1\n|move|p2a: Pawmot|Double Shock|p1a: Gyarados\n|-immune|p1a: Gyarados\n|\n|upkeep\n|turn|6\n|\n|t:|1698273008\n|move|p1a: Gyarados|Waterfall|p2a: Pawmot\n|-enditem|p2a: Pawmot|Focus Sash\n|-damage|p2a: Pawmot|1\/100\n|cant|p2a: Pawmot|flinch\n|\n|upkeep\n|turn|7\n|\n|t:|1698273017\n|move|p1a: Gyarados|Waterfall|p2a: Pawmot\n|-damage|p2a: Pawmot|0 fnt\n|faint|p2a: Pawmot\n|-ability|p1a: Gyarados|Moxie|boost\n|-boost|p1a: Gyarados|atk|1\n|\n|upkeep\n|\n|t:|1698273020\n|switch|p2a: Pawmot|Pawmot, F, shiny|100\/100\n|turn|8\n|\n|t:|1698273023\n|move|p1a: Gyarados|Waterfall|p2a: Pawmot\n|-enditem|p2a: Pawmot|Focus Sash\n|-damage|p2a: Pawmot|1\/100\n|move|p2a: Pawmot|Revival Blessing|p2a: Pawmot\n|l|\u2606Nasty N\n|inactive|Nasty N disconnected and has a minute to reconnect!\n|player|p2|\n|c|\u2606pulsetrap|so\n|j|\u2606Nasty N\n|inactive|Nasty N reconnected and has 120 seconds left.\n|player|p2|Nasty N|n\n|\n|t:|1698273060\n|-heal|p2: Basculegion|50\/100|[from] move: Revival Blessing\n|\n|upkeep\n|turn|9\n|l|\u2606Nasty N\n|inactive|Nasty N disconnected and has a minute to reconnect!\n|player|p2|\n|\n|t:|1698273088\n|move|p1a: Gyarados|Dragon Dance|p1a: Gyarados\n|-boost|p1a: Gyarados|atk|1\n|-boost|p1a: Gyarados|spe|1\n|move|p2a: Pawmot|Close Combat|p1a: Gyarados\n|-damage|p1a: Gyarados|0 fnt\n|-unboost|p2a: Pawmot|def|1\n|-unboost|p2a: Pawmot|spd|1\n|faint|p1a: Gyarados\n|\n|upkeep\n|j|\u2606Nasty N\n|inactive|Nasty N reconnected.\n|player|p2|Nasty N|n\n|\n|t:|1698273094\n|switch|p1a: Gliscor|Gliscor, F|100\/100\n|turn|10\n|\n|t:|1698273104\n|move|p2a: Pawmot|Close Combat|p1a: Gliscor\n|-resisted|p1a: Gliscor\n|-damage|p1a: Gliscor|72\/100\n|-unboost|p2a: Pawmot|def|1\n|-unboost|p2a: Pawmot|spd|1\n|move|p1a: Gliscor|Acrobatics|p2a: Pawmot\n|-damage|p2a: Pawmot|0 fnt\n|faint|p2a: Pawmot\n|\n|-status|p1a: Gliscor|tox|[from] item: Toxic Orb\n|upkeep\n|\n|t:|1698273115\n|switch|p2a: Basculegion|Basculegion, M, shiny|50\/100\n|turn|11\n|\n|t:|1698273122\n|move|p2a: Basculegion|Wave Crash|p1a: Gliscor\n|-supereffective|p1a: Gliscor\n|-damage|p1a: Gliscor|0 fnt\n|faint|p1a: Gliscor\n|-damage|p2a: Basculegion|33\/100|[from] Recoil\n|\n|upkeep\n|\n|t:|1698273124\n|switch|p1a: Scizor|Scizor, M|100\/100\n|turn|12\n|\n|t:|1698273131\n|move|p2a: Basculegion|Wave Crash|p1a: Scizor\n|-damage|p1a: Scizor|26\/100\n|-damage|p2a: Basculegion|10\/100|[from] Recoil\n|move|p1a: Scizor|Trailblaze|p2a: Basculegion\n|-supereffective|p2a: Basculegion\n|-damage|p2a: Basculegion|0 fnt\n|-boost|p1a: Scizor|spe|1\n|faint|p2a: Basculegion\n|-damage|p1a: Scizor|17\/100|[from] item: Life Orb\n|\n|upkeep\n|\n|t:|1698273147\n|switch|p2a: Mandibuzz|Mandibuzz, F, shiny|100\/100\n|turn|13\n|\n|t:|1698273157\n|move|p1a: Scizor|Bullet Punch|p2a: Mandibuzz\n|-damage|p2a: Mandibuzz|75\/100\n|-damage|p1a: Scizor|7\/100|[from] item: Life Orb\n|move|p2a: Mandibuzz|Knock Off|p1a: Scizor\n|-damage|p1a: Scizor|0 fnt\n|-enditem|p1a: Scizor|Life Orb|[from] move: Knock Off|[of] p2a: Mandibuzz\n|faint|p1a: Scizor\n|\n|upkeep\n|\n|t:|1698273160\n|switch|p1a: Mimikyu|Mimikyu, F|100\/100\n|turn|14\n|\n|t:|1698273169\n|move|p1a: Mimikyu|Swords Dance|p1a: Mimikyu\n|-boost|p1a: Mimikyu|atk|2\n|move|p2a: Mandibuzz|Knock Off|p1a: Mimikyu\n|-activate|p1a: Mimikyu|ability: Disguise\n|-damage|p1a: Mimikyu|100\/100\n|-enditem|p1a: Mimikyu|Life Orb|[from] move: Knock Off|[of] p2a: Mandibuzz\n|detailschange|p1a: Mimikyu|Mimikyu-Busted, F\n|-damage|p1a: Mimikyu|88\/100|[from] pokemon: Mimikyu-Busted\n|\n|upkeep\n|turn|15\n|\n|t:|1698273180\n|move|p1a: Mimikyu|Play Rough|p2a: Mandibuzz\n|-supereffective|p2a: Mandibuzz\n|-damage|p2a: Mandibuzz|0 fnt\n|faint|p2a: Mandibuzz\n|\n|upkeep\n|\n|t:|1698273191\n|switch|p2a: Pawmot|Pawmot, F, shiny|100\/100\n|turn|16\n|\n|t:|1698273195\n|move|p2a: Pawmot|Revival Blessing|p2a: Pawmot\n|\n|t:|1698273203\n|-heal|p2: Basculegion|50\/100|[from] move: Revival Blessing\n|move|p1a: Mimikyu|Play Rough|p2a: Pawmot\n|-supereffective|p2a: Pawmot\n|-crit|p2a: Pawmot\n|-enditem|p2a: Pawmot|Focus Sash\n|-damage|p2a: Pawmot|1\/100\n|\n|upkeep\n|turn|17\n|\n|t:|1698273212\n|move|p1a: Mimikyu|Shadow Sneak|p2a: Pawmot\n|-damage|p2a: Pawmot|0 fnt\n|faint|p2a: Pawmot\n|\n|upkeep\n|\n|t:|1698273217\n|switch|p2a: Basculegion|Basculegion, M, shiny|50\/100\n|turn|18\n|\n|t:|1698273220\n|-terastallize|p2a: Basculegion|Normal\n|move|p1a: Mimikyu|Shadow Sneak|p2a: Basculegion\n|-immune|p2a: Basculegion\n|move|p2a: Basculegion|Last Respects|p1a: Mimikyu\n|-supereffective|p1a: Mimikyu\n|-damage|p1a: Mimikyu|0 fnt\n|faint|p1a: Mimikyu\n|\n|win|Nasty N\n|raw|pulsetrap's rating: 1157 &rarr; <strong>1139<\/strong><br \/>(-18 for losing)\n|raw|Nasty N's rating: 1262 &rarr; <strong>1280<\/strong><br \/>(+18 for winning)\n|l|\u2606pulsetrap\n","uploadtime":1698273240,"views":9,"p1id":"pulsetrap","p2id":"nastyn","formatid":"gen9anythinggoes","rating":1139,"private":0,"password":""}