{"id":"gen9anythinggoes-1989460172","p1":"DexTrainerRed","p2":"Malele K","format":"[Gen 9] Anything Goes","log":"|j|\u2606DexTrainerRed\n|j|\u2606Malele K\n|t:|1699853893\n|gametype|singles\n|player|p1|DexTrainerRed|ash-kalos|1154\n|player|p2|Malele K|2|1053\n|teamsize|p1|6\n|teamsize|p2|6\n|gen|9\n|tier|[Gen 9] Anything Goes\n|rated|\n|rule|HP Percentage Mod: HP is shown in percentages\n|rule|Endless Battle Clause: Forcing endless battles is banned\n|clearpoke\n|poke|p1|Meowscarada, M|\n|poke|p1|Talonflame, M|\n|poke|p1|Primeape, M|\n|poke|p1|Krookodile, M|\n|poke|p1|Gengar, M|\n|poke|p1|Gardevoir, M|\n|poke|p2|Muk-Alola, M|\n|poke|p2|Eternatus|\n|poke|p2|Clefable, F|\n|poke|p2|Zacian-*|\n|poke|p2|Kingambit, M|\n|poke|p2|Snorlax, F|\n|teampreview\n|inactive|Battle timer is ON: inactive players will automatically lose when time's up. (requested by DexTrainerRed)\n|\n|t:|1699853909\n|start\n|switch|p1a: Krookodile|Krookodile, M|100\/100\n|switch|p2a: Muk|Muk-Alola, M|100\/100\n|turn|1\n|c|\u2606Malele K|wow\n|\n|t:|1699853934\n|-terastallize|p2a: Muk|Normal\n|move|p1a: Krookodile|Earthquake|p2a: Muk\n|-crit|p2a: Muk\n|-damage|p2a: Muk|26\/100\n|move|p2a: Muk|Minimize|p2a: Muk\n|-boost|p2a: Muk|evasion|2\n|\n|-damage|p2a: Muk|14\/100|[from] item: Black Sludge\n|upkeep\n|turn|2\n|c|\u2606Malele K|we meet again\n|\n|t:|1699853947\n|move|p1a: Krookodile|Brick Break|p2a: Muk\n|-supereffective|p2a: Muk\n|-damage|p2a: Muk|0 fnt\n|faint|p2a: Muk\n|-ability|p1a: Krookodile|Moxie|boost\n|-boost|p1a: Krookodile|atk|1\n|\n|upkeep\n|c|\u2606Malele K|SAME\n|inactive|Malele K has 120 seconds left.\n|\n|t:|1699853974\n|switch|p2a: Clefable|Clefable, F|100\/100\n|turn|3\n|\n|t:|1699853977\n|-terastallize|p1a: Krookodile|Ground\n|move|p1a: Krookodile|Earthquake|p2a: Clefable\n|-damage|p2a: Clefable|0 fnt\n|faint|p2a: Clefable\n|-ability|p1a: Krookodile|Moxie|boost\n|-boost|p1a: Krookodile|atk|1\n|\n|upkeep\n|\n|t:|1699853984\n|switch|p2a: Zacian|Zacian-Crowned|100\/100\n|-ability|p2a: Zacian|Intrepid Sword|boost\n|-boost|p2a: Zacian|atk|1\n|turn|4\n|\n|t:|1699853988\n|move|p2a: Zacian|Ice Fang|p1a: Krookodile\n|-supereffective|p1a: Krookodile\n|-damage|p1a: Krookodile|0 fnt\n|faint|p1a: Krookodile\n|\n|upkeep\n|\n|t:|1699853993\n|switch|p1a: Talonflame|Talonflame, M|100\/100\n|turn|5\n|\n|t:|1699853998\n|move|p1a: Talonflame|Will-O-Wisp|p2a: Zacian|[miss]\n|-miss|p1a: Talonflame|p2a: Zacian\n|move|p2a: Zacian|Ice Fang|p1a: Talonflame\n|-damage|p1a: Talonflame|42\/100\n|\n|upkeep\n|turn|6\n|\n|t:|1699854005\n|move|p1a: Talonflame|Will-O-Wisp|p2a: Zacian\n|-status|p2a: Zacian|brn\n|move|p2a: Zacian|Ice Fang|p1a: Talonflame\n|-damage|p1a: Talonflame|11\/100\n|\n|-damage|p2a: Zacian|94\/100 brn|[from] brn\n|upkeep\n|turn|7\n|\n|t:|1699854012\n|move|p1a: Talonflame|Flame Charge|p2a: Zacian\n|-supereffective|p2a: Zacian\n|-damage|p2a: Zacian|62\/100 brn\n|-boost|p1a: Talonflame|spe|1\n|move|p2a: Zacian|Ice Fang|p1a: Talonflame|[miss]\n|-miss|p2a: Zacian|p1a: Talonflame\n|\n|-damage|p2a: Zacian|56\/100 brn|[from] brn\n|upkeep\n|turn|8\n|\n|t:|1699854021\n|move|p1a: Talonflame|Flame Charge|p2a: Zacian\n|-supereffective|p2a: Zacian\n|-damage|p2a: Zacian|23\/100 brn\n|-boost|p1a: Talonflame|spe|1\n|move|p2a: Zacian|Ice Fang|p1a: Talonflame\n|-damage|p1a: Talonflame|0 fnt\n|faint|p1a: Talonflame\n|\n|-damage|p2a: Zacian|17\/100 brn|[from] brn\n|upkeep\n|\n|t:|1699854032\n|switch|p1a: Gengar|Gengar, M|100\/100\n|turn|9\n|\n|t:|1699854035\n|move|p2a: Zacian|Behemoth Blade|p1a: Gengar\n|-damage|p1a: Gengar|0 fnt\n|faint|p1a: Gengar\n|\n|-damage|p2a: Zacian|11\/100 brn|[from] brn\n|upkeep\n|\n|t:|1699854042\n|switch|p1a: Meowscarada|Meowscarada, M|100\/100\n|turn|10\n|\n|t:|1699854045\n|move|p1a: Meowscarada|Sucker Punch|p2a: Zacian\n|-start|p1a: Meowscarada|typechange|Dark|[from] ability: Protean\n|-resisted|p2a: Zacian\n|-damage|p2a: Zacian|0 fnt\n|faint|p2a: Zacian\n|\n|upkeep\n|\n|t:|1699854061\n|switch|p2a: Snorlax|Snorlax, F|100\/100\n|turn|11\n|\n|t:|1699854066\n|switch|p1a: Primeape|Primeape, M|100\/100\n|move|p2a: Snorlax|Earthquake|p1a: Primeape\n|-damage|p1a: Primeape|64\/100\n|\n|upkeep\n|turn|12\n|\n|t:|1699854072\n|move|p1a: Primeape|Cross Chop|p2a: Snorlax\n|-supereffective|p2a: Snorlax\n|-damage|p2a: Snorlax|19\/100\n|-damage|p1a: Primeape|48\/100|[from] item: Rocky Helmet|[of] p2a: Snorlax\n|move|p2a: Snorlax|Heavy Slam|p1a: Primeape\n|-damage|p1a: Primeape|2\/100\n|\n|upkeep\n|turn|13\n|\n|t:|1699854084\n|move|p1a: Primeape|Earthquake|p2a: Snorlax\n|-damage|p2a: Snorlax|0 fnt\n|faint|p2a: Snorlax\n|\n|upkeep\n|\n|t:|1699854089\n|switch|p2a: Eternatus|Eternatus|100\/100\n|-ability|p2a: Eternatus|Pressure\n|turn|14\n|\n|t:|1699854096\n|move|p1a: Primeape|Earthquake|p2a: Eternatus\n|-supereffective|p2a: Eternatus\n|-damage|p2a: Eternatus|55\/100\n|move|p2a: Eternatus|Draco Meteor|p1a: Primeape\n|-damage|p1a: Primeape|0 fnt\n|-unboost|p2a: Eternatus|spa|2\n|faint|p1a: Primeape\n|\n|upkeep\n|\n|t:|1699854104\n|switch|p1a: Gardevoir|Gardevoir, M|100\/100\n|turn|15\n|\n|t:|1699854112\n|move|p2a: Eternatus|Poison Jab|p1a: Gardevoir\n|-supereffective|p1a: Gardevoir\n|-damage|p1a: Gardevoir|3\/100\n|move|p1a: Gardevoir|Light Screen|p1a: Gardevoir\n|-sidestart|p1: DexTrainerRed|move: Light Screen\n|\n|upkeep\n|turn|16\n|\n|t:|1699854119\n|move|p2a: Eternatus|Poison Jab|p1a: Gardevoir\n|-supereffective|p1a: Gardevoir\n|-damage|p1a: Gardevoir|0 fnt\n|faint|p1a: Gardevoir\n|\n|upkeep\n|\n|t:|1699854123\n|switch|p1a: Meowscarada|Meowscarada, M|100\/100\n|turn|17\n|\n|t:|1699854128\n|move|p1a: Meowscarada|Sucker Punch|p2a: Eternatus\n|-start|p1a: Meowscarada|typechange|Dark|[from] ability: Protean\n|-damage|p2a: Eternatus|28\/100\n|move|p2a: Eternatus|Draco Meteor|p1a: Meowscarada\n|-damage|p1a: Meowscarada|70\/100\n|-unboost|p2a: Eternatus|spa|2\n|\n|upkeep\n|turn|18\n|\n|t:|1699854136\n|move|p1a: Meowscarada|Sucker Punch|p2a: Eternatus\n|-damage|p2a: Eternatus|3\/100\n|move|p2a: Eternatus|Gunk Shot|p1a: Meowscarada\n|-damage|p1a: Meowscarada|9\/100\n|\n|upkeep\n|turn|19\n|\n|t:|1699854142\n|move|p1a: Meowscarada|Flower Trick|p2a: Eternatus\n|-resisted|p2a: Eternatus\n|-crit|p2a: Eternatus\n|-damage|p2a: Eternatus|0 fnt\n|faint|p2a: Eternatus\n|\n|upkeep\n|\n|t:|1699854147\n|switch|p2a: BAD BOYS|Kingambit, M|100\/100\n|-activate|p2a: BAD BOYS|ability: Supreme Overlord\n|-start|p2a: BAD BOYS|fallen5|[silent]\n|turn|20\n|\n|t:|1699854153\n|move|p1a: Meowscarada|Sucker Punch|p2a: BAD BOYS\n|-resisted|p2a: BAD BOYS\n|-damage|p2a: BAD BOYS|89\/100\n|move|p2a: BAD BOYS|Iron Head|p1a: Meowscarada\n|-damage|p1a: Meowscarada|0 fnt\n|faint|p1a: Meowscarada\n|\n|win|Malele K\n|raw|DexTrainerRed's rating: 1154 &rarr; <strong>1122<\/strong><br \/>(-32 for losing)\n|raw|Malele K's rating: 1053 &rarr; <strong>1094<\/strong><br \/>(+41 for winning)\n|c|\u2606Malele K|GG\n|l|\u2606DexTrainerRed\n|c|\u2606Malele K|WON THIS TIME\n","uploadtime":1699854180,"views":5,"p1id":"dextrainerred","p2id":"malelek","formatid":"gen9anythinggoes","rating":1094,"private":0,"password":""}