{"id":"gen9anythinggoes-1982047212","p1":"PurchaseATulip","p2":"ResurrectedDragon","format":"[Gen 9] Anything Goes","log":"|j|\u2606PurchaseATulip\n|j|\u2606ResurrectedDragon\n|t:|1698962649\n|gametype|singles\n|player|p1|PurchaseATulip|lass-gen4dp|1136\n|player|p2|ResurrectedDragon|unknown|1148\n|teamsize|p1|6\n|teamsize|p2|6\n|gen|9\n|tier|[Gen 9] Anything Goes\n|rated|\n|rule|HP Percentage Mod: HP is shown in percentages\n|rule|Endless Battle Clause: Forcing endless battles is banned\n|clearpoke\n|poke|p1|Muk, M|\n|poke|p1|Dragonite, M|\n|poke|p1|Frosmoth, F|\n|poke|p1|Iron Treads|\n|poke|p1|Sylveon, F|\n|poke|p1|Lycanroc-Dusk, M|\n|poke|p2|Scizor, M|\n|poke|p2|Chi-Yu|\n|poke|p2|Pelipper, F|\n|poke|p2|Garganacl, F|\n|poke|p2|Zacian-*|\n|poke|p2|Toxapex, M|\n|teampreview\n|\n|t:|1698962664\n|start\n|switch|p1a: Lycanroc|Lycanroc-Dusk, M|100\/100\n|switch|p2a: Scizor|Scizor, M|100\/100\n|turn|1\n|\n|t:|1698962678\n|move|p1a: Lycanroc|Taunt|p2a: Scizor\n|-start|p2a: Scizor|move: Taunt\n|cant|p2a: Scizor|move: Taunt|Swords Dance\n|\n|upkeep\n|turn|2\n|\n|t:|1698962686\n|move|p2a: Scizor|Bullet Punch|p1a: Lycanroc\n|-supereffective|p1a: Lycanroc\n|-damage|p1a: Lycanroc|42\/100\n|move|p1a: Lycanroc|Stealth Rock|p2a: Scizor\n|-sidestart|p2: ResurrectedDragon|move: Stealth Rock\n|\n|-heal|p1a: Lycanroc|48\/100|[from] item: Leftovers\n|upkeep\n|turn|3\n|\n|t:|1698962694\n|move|p1a: Lycanroc|Accelerock|p2a: Scizor\n|-damage|p2a: Scizor|75\/100\n|move|p2a: Scizor|Bullet Punch|p1a: Lycanroc\n|-supereffective|p1a: Lycanroc\n|-damage|p1a: Lycanroc|0 fnt\n|faint|p1a: Lycanroc\n|\n|-end|p2a: Scizor|move: Taunt\n|upkeep\n|\n|t:|1698962698\n|switch|p1a: Dragonite|Dragonite, M|100\/100\n|turn|4\n|inactive|Battle timer is ON: inactive players will automatically lose when time's up. (requested by PurchaseATulip)\n|\n|t:|1698962762\n|move|p2a: Scizor|Bullet Punch|p1a: Dragonite\n|-damage|p1a: Dragonite|92\/100\n|move|p1a: Dragonite|Dragon Dance|p1a: Dragonite\n|-boost|p1a: Dragonite|atk|1\n|-boost|p1a: Dragonite|spe|1\n|\n|-heal|p1a: Dragonite|98\/100|[from] item: Leftovers\n|upkeep\n|turn|5\n|\n|t:|1698962768\n|move|p1a: Dragonite|Fire Punch|p2a: Scizor\n|-supereffective|p2a: Scizor\n|-damage|p2a: Scizor|0 fnt\n|faint|p2a: Scizor\n|\n|-heal|p1a: Dragonite|100\/100|[from] item: Leftovers\n|upkeep\n|\n|t:|1698962783\n|switch|p2a: Zacian|Zacian-Crowned|100\/100\n|-damage|p2a: Zacian|94\/100|[from] Stealth Rock\n|-ability|p2a: Zacian|Intrepid Sword|boost\n|-boost|p2a: Zacian|atk|1\n|turn|6\n|\n|t:|1698962797\n|-terastallize|p2a: Zacian|Fairy\n|move|p2a: Zacian|Play Rough|p1a: Dragonite\n|-supereffective|p1a: Dragonite\n|-damage|p1a: Dragonite|0 fnt\n|faint|p1a: Dragonite\n|\n|upkeep\n|\n|t:|1698962804\n|switch|p1a: Muk|Muk, M|100\/100\n|turn|7\n|\n|t:|1698962812\n|move|p2a: Zacian|Behemoth Blade|p1a: Muk\n|-damage|p1a: Muk|2\/100\n|move|p1a: Muk|Gunk Shot|p2a: Zacian|[miss]\n|-miss|p1a: Muk|p2a: Zacian\n|\n|-heal|p1a: Muk|8\/100|[from] item: Black Sludge\n|upkeep\n|turn|8\n|\n|t:|1698962819\n|move|p2a: Zacian|Behemoth Blade|p1a: Muk\n|-damage|p1a: Muk|0 fnt\n|faint|p1a: Muk\n|\n|upkeep\n|\n|t:|1698962822\n|switch|p1a: Iron Treads|Iron Treads|100\/100\n|-enditem|p1a: Iron Treads|Booster Energy\n|-activate|p1a: Iron Treads|ability: Quark Drive|[fromitem]\n|-start|p1a: Iron Treads|quarkdrivespe\n|turn|9\n|\n|t:|1698962830\n|move|p1a: Iron Treads|Heavy Slam|p2a: Zacian\n|-supereffective|p2a: Zacian\n|-damage|p2a: Zacian|59\/100\n|move|p2a: Zacian|Sacred Sword|p1a: Iron Treads\n|-supereffective|p1a: Iron Treads\n|-damage|p1a: Iron Treads|4\/100\n|\n|upkeep\n|turn|10\n|\n|t:|1698962838\n|move|p1a: Iron Treads|Heavy Slam|p2a: Zacian\n|-supereffective|p2a: Zacian\n|-damage|p2a: Zacian|24\/100\n|move|p2a: Zacian|Sacred Sword|p1a: Iron Treads\n|-supereffective|p1a: Iron Treads\n|-damage|p1a: Iron Treads|0 fnt\n|faint|p1a: Iron Treads\n|-end|p1a: Iron Treads|Quark Drive|[silent]\n|\n|upkeep\n|\n|t:|1698962844\n|switch|p1a: Frosmoth|Frosmoth, F|100\/100\n|turn|11\n|\n|t:|1698962857\n|-terastallize|p1a: Frosmoth|Water\n|move|p2a: Zacian|Behemoth Blade|p1a: Frosmoth\n|-resisted|p1a: Frosmoth\n|-damage|p1a: Frosmoth|25\/100\n|move|p1a: Frosmoth|Ice Beam|p2a: Zacian\n|-damage|p2a: Zacian|0 fnt\n|faint|p2a: Zacian\n|\n|upkeep\n|\n|t:|1698962867\n|switch|p2a: Toxapex|Toxapex, M|100\/100\n|-damage|p2a: Toxapex|88\/100|[from] Stealth Rock\n|turn|12\n|\n|t:|1698962876\n|move|p1a: Frosmoth|Quiver Dance|p1a: Frosmoth\n|-boost|p1a: Frosmoth|spa|1\n|-boost|p1a: Frosmoth|spd|1\n|-boost|p1a: Frosmoth|spe|1\n|move|p2a: Toxapex|Toxic|p1a: Frosmoth\n|-status|p1a: Frosmoth|tox\n|\n|-heal|p2a: Toxapex|94\/100|[from] item: Leftovers\n|-damage|p1a: Frosmoth|19\/100 tox|[from] psn\n|upkeep\n|turn|13\n|\n|t:|1698962898\n|move|p2a: Toxapex|Baneful Bunker|p2a: Toxapex\n|-singleturn|p2a: Toxapex|move: Protect\n|move|p1a: Frosmoth|Bug Buzz|p2a: Toxapex\n|-activate|p2a: Toxapex|move: Protect\n|\n|-heal|p2a: Toxapex|99\/100|[from] item: Leftovers\n|-damage|p1a: Frosmoth|7\/100 tox|[from] psn\n|upkeep\n|turn|14\n|\n|t:|1698962908\n|switch|p2a: Pelipper|Pelipper, F|100\/100\n|-damage|p2a: Pelipper|76\/100|[from] Stealth Rock\n|move|p1a: Frosmoth|Bug Buzz|p2a: Pelipper\n|-resisted|p2a: Pelipper\n|-damage|p2a: Pelipper|27\/100\n|\n|-damage|p1a: Frosmoth|0 fnt|[from] psn\n|faint|p1a: Frosmoth\n|upkeep\n|\n|t:|1698962917\n|switch|p1a: Sylveon|Sylveon, F, shiny|100\/100\n|turn|15\n|\n|t:|1698962925\n|move|p2a: Pelipper|Air Slash|p1a: Sylveon\n|-damage|p1a: Sylveon|76\/100\n|cant|p1a: Sylveon|flinch\n|\n|-heal|p1a: Sylveon|82\/100|[from] item: Leftovers\n|upkeep\n|turn|16\n|\n|t:|1698962931\n|move|p2a: Pelipper|Ice Beam|p1a: Sylveon\n|-damage|p1a: Sylveon|64\/100\n|move|p1a: Sylveon|Calm Mind|p1a: Sylveon\n|-boost|p1a: Sylveon|spa|1\n|-boost|p1a: Sylveon|spd|1\n|\n|-heal|p1a: Sylveon|70\/100|[from] item: Leftovers\n|upkeep\n|turn|17\n|\n|t:|1698962941\n|switch|p2a: Garganacl|Garganacl, F|100\/100\n|-damage|p2a: Garganacl|88\/100|[from] Stealth Rock\n|move|p1a: Sylveon|Calm Mind|p1a: Sylveon\n|-boost|p1a: Sylveon|spa|1\n|-boost|p1a: Sylveon|spd|1\n|\n|-heal|p1a: Sylveon|76\/100|[from] item: Leftovers\n|upkeep\n|turn|18\n|\n|t:|1698962954\n|move|p1a: Sylveon|Hyper Voice|p2a: Garganacl\n|-damage|p2a: Garganacl|0 fnt\n|faint|p2a: Garganacl\n|\n|-heal|p1a: Sylveon|82\/100|[from] item: Leftovers\n|upkeep\n|\n|t:|1698962961\n|switch|p2a: Toxapex|Toxapex, M|99\/100\n|-damage|p2a: Toxapex|88\/100|[from] Stealth Rock\n|turn|19\n|\n|t:|1698962965\n|move|p1a: Sylveon|Psychic|p2a: Toxapex\n|-supereffective|p2a: Toxapex\n|-damage|p2a: Toxapex|9\/100\n|move|p2a: Toxapex|Toxic|p1a: Sylveon\n|-status|p1a: Sylveon|tox\n|\n|-heal|p1a: Sylveon|88\/100 tox|[from] item: Leftovers\n|-heal|p2a: Toxapex|15\/100|[from] item: Leftovers\n|-damage|p1a: Sylveon|82\/100 tox|[from] psn\n|upkeep\n|turn|20\n|\n|t:|1698962977\n|move|p2a: Toxapex|Baneful Bunker|p2a: Toxapex\n|-singleturn|p2a: Toxapex|move: Protect\n|move|p1a: Sylveon|Calm Mind|p1a: Sylveon\n|-boost|p1a: Sylveon|spa|1\n|-boost|p1a: Sylveon|spd|1\n|\n|-heal|p1a: Sylveon|88\/100 tox|[from] item: Leftovers\n|-heal|p2a: Toxapex|21\/100|[from] item: Leftovers\n|-damage|p1a: Sylveon|76\/100 tox|[from] psn\n|upkeep\n|turn|21\n|\n|t:|1698962992\n|switch|p2a: Pelipper|Pelipper, F|27\/100\n|-damage|p2a: Pelipper|3\/100|[from] Stealth Rock\n|move|p1a: Sylveon|Psychic|p2a: Pelipper\n|-damage|p2a: Pelipper|0 fnt\n|faint|p2a: Pelipper\n|\n|-heal|p1a: Sylveon|82\/100 tox|[from] item: Leftovers\n|-damage|p1a: Sylveon|64\/100 tox|[from] psn\n|upkeep\n|inactive|ResurrectedDragon has 120 seconds left.\n|\n|t:|1698963017\n|switch|p2a: Toxapex|Toxapex, M|21\/100\n|-damage|p2a: Toxapex|8\/100|[from] Stealth Rock\n|turn|22\n|\n|t:|1698963021\n|move|p1a: Sylveon|Hyper Voice|p2a: Toxapex\n|-resisted|p2a: Toxapex\n|-damage|p2a: Toxapex|0 fnt\n|faint|p2a: Toxapex\n|\n|-heal|p1a: Sylveon|70\/100 tox|[from] item: Leftovers\n|-damage|p1a: Sylveon|45\/100 tox|[from] psn\n|upkeep\n|\n|t:|1698963029\n|switch|p2a: Chi-Yu|Chi-Yu|100\/100\n|-damage|p2a: Chi-Yu|76\/100|[from] Stealth Rock\n|-ability|p2a: Chi-Yu|Beads of Ruin\n|turn|23\n|\n|t:|1698963041\n|move|p2a: Chi-Yu|Flamethrower|p1a: Sylveon\n|-damage|p1a: Sylveon|29\/100 tox\n|move|p1a: Sylveon|Hyper Voice|p2a: Chi-Yu\n|-damage|p2a: Chi-Yu|0 fnt\n|faint|p2a: Chi-Yu\n|\n|win|PurchaseATulip\n|raw|PurchaseATulip's rating: 1136 &rarr; <strong>1162<\/strong><br \/>(+26 for winning)\n|raw|ResurrectedDragon's rating: 1148 &rarr; <strong>1122<\/strong><br \/>(-26 for losing)\n|c|\u2606PurchaseATulip|gg\n|c|\u2606ResurrectedDragon|clutch\n|l|\u2606PurchaseATulip\n","uploadtime":1698963072,"views":3,"p1id":"purchaseatulip","p2id":"resurrecteddragon","formatid":"gen9anythinggoes","rating":1122,"private":0,"password":""}