{"id":"gen9anythinggoes-1992071017","p1":"Mr.tagme","p2":"bobi246812","format":"[Gen 9] Anything Goes","log":"|j|\u2606Mr.tagme\n|j|\u2606bobi246812\n|t:|1700152634\n|gametype|singles\n|player|p1|Mr.tagme|101|1096\n|player|p2|bobi246812|fisherman-gen4|1000\n|teamsize|p1|6\n|teamsize|p2|6\n|gen|9\n|tier|[Gen 9] Anything Goes\n|rated|\n|rule|HP Percentage Mod: HP is shown in percentages\n|rule|Endless Battle Clause: Forcing endless battles is banned\n|clearpoke\n|poke|p1|Cinderace, M|\n|poke|p1|Calyrex-Ice|\n|poke|p1|Krookodile, M|\n|poke|p1|Snorlax, M|\n|poke|p1|Breloom, F|\n|poke|p1|Gliscor, M|\n|poke|p2|Snorlax, M|\n|poke|p2|Zamazenta-*|\n|poke|p2|Dragonite, M|\n|poke|p2|Kommo-o, M|\n|poke|p2|Corviknight, M|\n|poke|p2|Giratina-Origin|\n|teampreview\n|c|\u2606Mr.tagme|Why is everyone using giratina\n|\n|t:|1700152666\n|start\n|switch|p1a: Breloom|Breloom, F|100\/100\n|switch|p2a: Dragonite|Dragonite, M|100\/100\n|turn|1\n|c|\u2606bobi246812|he good\n|c|\u2606Mr.tagme|Nah\n|\n|t:|1700152679\n|move|p1a: Breloom|Leech Seed|p2a: Dragonite\n|-start|p2a: Dragonite|move: Leech Seed\n|move|p2a: Dragonite|Draco Meteor|p1a: Breloom\n|-damage|p1a: Breloom|26\/100\n|-unboost|p2a: Dragonite|spa|2\n|\n|-damage|p2a: Dragonite|88\/100|[from] Leech Seed|[of] p1a: Breloom\n|-heal|p1a: Breloom|39\/100|[silent]\n|upkeep\n|turn|2\n|\n|t:|1700152690\n|move|p1a: Breloom|Stun Spore|p2a: Dragonite\n|-status|p2a: Dragonite|par\n|cant|p2a: Dragonite|par\n|\n|-damage|p2a: Dragonite|76\/100 par|[from] Leech Seed|[of] p1a: Breloom\n|-heal|p1a: Breloom|53\/100|[silent]\n|upkeep\n|turn|3\n|\n|t:|1700152701\n|move|p1a: Breloom|Low Kick|p2a: Dragonite\n|-resisted|p2a: Dragonite\n|-damage|p2a: Dragonite|46\/100 par\n|-damage|p1a: Breloom|43\/100|[from] item: Life Orb\n|move|p2a: Dragonite|Blizzard|p1a: Breloom\n|-supereffective|p1a: Breloom\n|-damage|p1a: Breloom|0 fnt\n|faint|p1a: Breloom\n|\n|upkeep\n|\n|t:|1700152709\n|switch|p1a: Gliscor|Gliscor, M|100\/100\n|turn|4\n|\n|t:|1700152721\n|move|p1a: Gliscor|Swords Dance|p1a: Gliscor\n|-boost|p1a: Gliscor|atk|2\n|move|p2a: Dragonite|Draco Meteor|p1a: Gliscor\n|-damage|p1a: Gliscor|81\/100\n|-unboost|p2a: Dragonite|spa|2\n|\n|-damage|p2a: Dragonite|34\/100 par|[from] Leech Seed|[of] p1a: Gliscor\n|-heal|p1a: Gliscor|93\/100|[silent]\n|-status|p1a: Gliscor|tox|[from] item: Toxic Orb\n|upkeep\n|turn|5\n|\n|t:|1700152734\n|switch|p2a: Kommo-o|Kommo-o, M|100\/100\n|move|p1a: Gliscor|Swords Dance|p1a: Gliscor\n|-boost|p1a: Gliscor|atk|2\n|\n|-heal|p1a: Gliscor|100\/100 tox|[from] ability: Poison Heal\n|upkeep\n|turn|6\n|c|\u2606Mr.tagme|Gliscor is good\n|\n|t:|1700152751\n|move|p1a: Gliscor|Swords Dance|p1a: Gliscor\n|-boost|p1a: Gliscor|atk|2\n|move|p2a: Kommo-o|Iron Defense|p2a: Kommo-o\n|-boost|p2a: Kommo-o|def|2\n|\n|upkeep\n|turn|7\n|\n|t:|1700152760\n|move|p1a: Gliscor|Earthquake|p2a: Kommo-o\n|-damage|p2a: Kommo-o|47\/100\n|move|p2a: Kommo-o|Iron Defense|p2a: Kommo-o\n|-boost|p2a: Kommo-o|def|2\n|\n|upkeep\n|turn|8\n|\n|t:|1700152768\n|move|p1a: Gliscor|Earthquake|p2a: Kommo-o\n|-damage|p2a: Kommo-o|12\/100\n|-enditem|p2a: Kommo-o|Figy Berry|[eat]\n|-heal|p2a: Kommo-o|45\/100|[from] item: Figy Berry\n|move|p2a: Kommo-o|Close Combat|p1a: Gliscor\n|-resisted|p1a: Gliscor\n|-damage|p1a: Gliscor|81\/100 tox\n|-unboost|p2a: Kommo-o|def|1\n|-unboost|p2a: Kommo-o|spd|1\n|\n|-heal|p1a: Gliscor|93\/100 tox|[from] ability: Poison Heal\n|upkeep\n|turn|9\n|\n|t:|1700152780\n|move|p1a: Gliscor|Earthquake|p2a: Kommo-o\n|-damage|p2a: Kommo-o|6\/100\n|move|p2a: Kommo-o|Boomburst|p1a: Gliscor\n|-damage|p1a: Gliscor|62\/100 tox\n|\n|-heal|p1a: Gliscor|75\/100 tox|[from] ability: Poison Heal\n|upkeep\n|turn|10\n|\n|t:|1700152790\n|move|p1a: Gliscor|Earthquake|p2a: Kommo-o\n|-damage|p2a: Kommo-o|0 fnt\n|faint|p2a: Kommo-o\n|\n|-heal|p1a: Gliscor|87\/100 tox|[from] ability: Poison Heal\n|upkeep\n|\n|t:|1700152796\n|switch|p2a: Snorlax|Snorlax, M|100\/100\n|turn|11\n|\n|t:|1700152803\n|move|p1a: Gliscor|Facade|p2a: Snorlax\n|-damage|p2a: Snorlax|17\/100\n|move|p2a: Snorlax|Blizzard|p1a: Gliscor\n|-supereffective|p1a: Gliscor\n|-damage|p1a: Gliscor|15\/100 tox\n|\n|-heal|p1a: Gliscor|27\/100 tox|[from] ability: Poison Heal\n|upkeep\n|turn|12\n|\n|t:|1700152813\n|move|p1a: Gliscor|Knock Off|p2a: Snorlax\n|-damage|p2a: Snorlax|0 fnt\n|-enditem|p2a: Snorlax|Choice Scarf|[from] move: Knock Off|[of] p1a: Gliscor\n|faint|p2a: Snorlax\n|\n|-heal|p1a: Gliscor|40\/100 tox|[from] ability: Poison Heal\n|upkeep\n|\n|t:|1700152820\n|switch|p2a: Corviknight|Corviknight, M|100\/100\n|-ability|p2a: Corviknight|Pressure\n|turn|13\n|\n|t:|1700152828\n|move|p2a: Corviknight|Brave Bird|p1a: Gliscor\n|-damage|p1a: Gliscor|1\/100 tox\n|-damage|p2a: Corviknight|89\/100|[from] Recoil\n|move|p1a: Gliscor|Knock Off|p2a: Corviknight\n|-damage|p2a: Corviknight|17\/100\n|-enditem|p2a: Corviknight|Choice Scarf|[from] move: Knock Off|[of] p1a: Gliscor\n|\n|-heal|p1a: Gliscor|14\/100 tox|[from] ability: Poison Heal\n|upkeep\n|turn|14\n|\n|t:|1700152839\n|move|p1a: Gliscor|Facade|p2a: Corviknight\n|-resisted|p2a: Corviknight\n|-damage|p2a: Corviknight|0 fnt\n|faint|p2a: Corviknight\n|\n|-heal|p1a: Gliscor|26\/100 tox|[from] ability: Poison Heal\n|upkeep\n|\n|t:|1700152846\n|switch|p2a: Giratina|Giratina-Origin, shiny|100\/100\n|turn|15\n|\n|t:|1700152851\n|move|p1a: Gliscor|Knock Off|p2a: Giratina\n|-supereffective|p2a: Giratina\n|-damage|p2a: Giratina|29\/100\n|move|p2a: Giratina|Thunder|p1a: Gliscor\n|-immune|p1a: Gliscor\n|\n|-heal|p1a: Gliscor|39\/100 tox|[from] ability: Poison Heal\n|upkeep\n|turn|16\n|\n|t:|1700152862\n|move|p1a: Gliscor|Knock Off|p2a: Giratina\n|-supereffective|p2a: Giratina\n|-damage|p2a: Giratina|0 fnt\n|faint|p2a: Giratina\n|\n|-heal|p1a: Gliscor|51\/100 tox|[from] ability: Poison Heal\n|upkeep\n|\n|t:|1700152868\n|switch|p2a: Zamazenta|Zamazenta-Crowned|100\/100\n|-ability|p2a: Zamazenta|Dauntless Shield|boost\n|-boost|p2a: Zamazenta|def|1\n|turn|17\n|\n|t:|1700152874\n|move|p2a: Zamazenta|Dazzling Gleam|p1a: Gliscor\n|-damage|p1a: Gliscor|37\/100 tox\n|move|p1a: Gliscor|Earthquake|p2a: Zamazenta\n|-supereffective|p2a: Zamazenta\n|-damage|p2a: Zamazenta|0 fnt\n|faint|p2a: Zamazenta\n|\n|-heal|p1a: Gliscor|50\/100 tox|[from] ability: Poison Heal\n|upkeep\n|\n|t:|1700152882\n|switch|p2a: Dragonite|Dragonite, M|34\/100 par\n|turn|18\n|\n|t:|1700152888\n|move|p1a: Gliscor|Facade|p2a: Dragonite\n|-damage|p2a: Dragonite|0 fnt\n|faint|p2a: Dragonite\n|\n|win|Mr.tagme\n|raw|Mr.tagme's rating: 1096 &rarr; <strong>1115<\/strong><br \/>(+19 for winning)\n|raw|bobi246812's rating: 1000 &rarr; <strong>1000<\/strong><br \/>(+0 for losing)\n|l|\u2606bobi246812\n|c|\u2606Mr.tagme|Gliscor\n|c|\u2606Mr.tagme|Is better\n","uploadtime":1700152916,"views":9,"p1id":"mrtagme","p2id":"bobi246812","formatid":"gen9anythinggoes","rating":1000,"private":0,"password":""}