{"id":"gen9anythinggoes-1975866971","p1":"loch2009","p2":"BillyHerringtonOwO","format":"[Gen 9] Anything Goes","log":"|j|\u2606loch2009\n|j|\u2606BillyHerringtonOwO\n|t:|1698245043\n|gametype|singles\n|player|p1|loch2009|cynthia-gen4|1303\n|player|p2|BillyHerringtonOwO|crasherwake|1465\n|teamsize|p1|6\n|teamsize|p2|6\n|gen|9\n|tier|[Gen 9] Anything Goes\n|rated|\n|rule|HP Percentage Mod: HP is shown in percentages\n|rule|Endless Battle Clause: Forcing endless battles is banned\n|clearpoke\n|poke|p1|Calyrex-Shadow|\n|poke|p1|Polteageist-Antique|\n|poke|p1|Ursaluna-Bloodmoon, M|\n|poke|p1|Kyogre|\n|poke|p1|Dragapult, M|\n|poke|p1|Drifblim, F|\n|poke|p2|Espeon, F|\n|poke|p2|Gliscor, M|\n|poke|p2|Empoleon, M|\n|poke|p2|Dialga|\n|poke|p2|Tyranitar, M|\n|poke|p2|Regieleki|\n|teampreview\n|\n|t:|1698245061\n|start\n|switch|p1a: Polteageist|Polteageist-Antique|100\/100\n|switch|p2a: Espeon|Espeon, F|100\/100\n|turn|1\n|\n|t:|1698245065\n|move|p2a: Espeon|Trick|p1a: Polteageist\n|-activate|p2a: Espeon|move: Trick|[of] p1a: Polteageist\n|-item|p1a: Polteageist|Choice Scarf|[from] move: Trick\n|-item|p2a: Espeon|Focus Sash|[from] move: Trick\n|move|p1a: Polteageist|Shell Smash|p1a: Polteageist\n|-unboost|p1a: Polteageist|def|1\n|-unboost|p1a: Polteageist|spd|1\n|-boost|p1a: Polteageist|atk|2\n|-boost|p1a: Polteageist|spa|2\n|-boost|p1a: Polteageist|spe|2\n|\n|upkeep\n|turn|2\n|\n|t:|1698245073\n|switch|p1a: Drifblim|Drifblim, F|100\/100\n|move|p2a: Espeon|Dazzling Gleam|p1a: Drifblim\n|-damage|p1a: Drifblim|68\/100\n|\n|upkeep\n|turn|3\n|\n|t:|1698245080\n|switch|p2a: Tyranitar|Tyranitar, M|100\/100\n|-weather|Sandstorm|[from] ability: Sand Stream|[of] p2a: Tyranitar\n|move|p1a: Drifblim|Minimize|p1a: Drifblim\n|-boost|p1a: Drifblim|evasion|2\n|\n|-weather|Sandstorm|[upkeep]\n|-damage|p1a: Drifblim|62\/100|[from] Sandstorm\n|upkeep\n|turn|4\n|\n|t:|1698245092\n|move|p1a: Drifblim|Strength Sap|p2a: Tyranitar\n|-unboost|p2a: Tyranitar|atk|1\n|-heal|p1a: Drifblim|100\/100\n|move|p2a: Tyranitar|Knock Off|p1a: Drifblim|[miss]\n|-miss|p2a: Tyranitar|p1a: Drifblim\n|\n|-weather|Sandstorm|[upkeep]\n|-damage|p1a: Drifblim|94\/100|[from] Sandstorm\n|upkeep\n|turn|5\n|\n|t:|1698245099\n|move|p1a: Drifblim|Minimize|p1a: Drifblim\n|-boost|p1a: Drifblim|evasion|2\n|move|p2a: Tyranitar|Stealth Rock|p1a: Drifblim\n|-sidestart|p1: loch2009|move: Stealth Rock\n|\n|-weather|Sandstorm|[upkeep]\n|-damage|p1a: Drifblim|88\/100|[from] Sandstorm\n|upkeep\n|turn|6\n|c|\u2606loch2009|no crunch?\n|\n|t:|1698245108\n|move|p1a: Drifblim|Minimize|p1a: Drifblim\n|-boost|p1a: Drifblim|evasion|2\n|move|p2a: Tyranitar|Knock Off|p1a: Drifblim|[miss]\n|-miss|p2a: Tyranitar|p1a: Drifblim\n|\n|-weather|Sandstorm|[upkeep]\n|-damage|p1a: Drifblim|82\/100|[from] Sandstorm\n|upkeep\n|turn|7\n|\n|t:|1698245115\n|move|p1a: Drifblim|Baton Pass|p1a: Drifblim\n|\n|t:|1698245152\n|switch|p1a: Kyogre|Kyogre|100\/100|[from] Baton Pass\n|-damage|p1a: Kyogre|88\/100|[from] Stealth Rock\n|-weather|RainDance|[from] ability: Drizzle|[of] p1a: Kyogre\n|move|p2a: Tyranitar|Knock Off|p1a: Kyogre\n|-damage|p1a: Kyogre|56\/100\n|-enditem|p1a: Kyogre|Leftovers|[from] move: Knock Off|[of] p2a: Tyranitar\n|\n|-weather|RainDance|[upkeep]\n|upkeep\n|turn|8\n|\n|t:|1698245178\n|switch|p2a: Regieleki|Regieleki|100\/100\n|move|p1a: Kyogre|Origin Pulse|p2a: Regieleki\n|-enditem|p2a: Regieleki|Focus Sash\n|-damage|p2a: Regieleki|1\/100\n|\n|-weather|RainDance|[upkeep]\n|upkeep\n|turn|9\n|\n|t:|1698245186\n|move|p2a: Regieleki|Volt Switch|p1a: Kyogre|[miss]\n|-miss|p2a: Regieleki|p1a: Kyogre\n|move|p1a: Kyogre|Ice Beam|p2a: Regieleki\n|-damage|p2a: Regieleki|0 fnt\n|faint|p2a: Regieleki\n|\n|-weather|RainDance|[upkeep]\n|upkeep\n|\n|t:|1698245190\n|switch|p2a: Tyranitar|Tyranitar, M|100\/100\n|-weather|Sandstorm|[from] ability: Sand Stream|[of] p2a: Tyranitar\n|turn|10\n|\n|t:|1698245199\n|move|p1a: Kyogre|Origin Pulse|p2a: Tyranitar\n|-supereffective|p2a: Tyranitar\n|-damage|p2a: Tyranitar|47\/100\n|move|p2a: Tyranitar|Fire Punch|p1a: Kyogre|[miss]\n|-miss|p2a: Tyranitar|p1a: Kyogre\n|\n|-weather|Sandstorm|[upkeep]\n|-damage|p1a: Kyogre|49\/100|[from] Sandstorm\n|-heal|p2a: Tyranitar|53\/100|[from] item: Leftovers\n|upkeep\n|turn|11\n|\n|t:|1698245211\n|switch|p2a: Empoleon|Empoleon, M|100\/100\n|-terastallize|p1a: Kyogre|Water\n|move|p1a: Kyogre|Origin Pulse|p2a: Empoleon|[miss]\n|-miss|p1a: Kyogre|p2a: Empoleon\n|\n|-weather|Sandstorm|[upkeep]\n|-damage|p1a: Kyogre|43\/100|[from] Sandstorm\n|upkeep\n|turn|12\n|\n|t:|1698245220\n|move|p1a: Kyogre|Thunderbolt|p2a: Empoleon\n|-supereffective|p2a: Empoleon\n|-damage|p2a: Empoleon|57\/100\n|move|p2a: Empoleon|Grass Knot|p1a: Kyogre\n|-supereffective|p1a: Kyogre\n|-damage|p1a: Kyogre|0 fnt\n|faint|p1a: Kyogre\n|\n|-weather|Sandstorm|[upkeep]\n|-heal|p2a: Empoleon|64\/100|[from] item: Leftovers\n|upkeep\n|\n|t:|1698245257\n|switch|p1a: Drifblim|Drifblim, F|82\/100\n|-damage|p1a: Drifblim|57\/100|[from] Stealth Rock\n|turn|13\n|\n|t:|1698245267\n|move|p1a: Drifblim|Minimize|p1a: Drifblim\n|-boost|p1a: Drifblim|evasion|2\n|move|p2a: Empoleon|Ice Beam|p1a: Drifblim\n|-supereffective|p1a: Drifblim\n|-damage|p1a: Drifblim|8\/100\n|-enditem|p1a: Drifblim|Weakness Policy\n|-boost|p1a: Drifblim|atk|2|[from] item: Weakness Policy\n|-boost|p1a: Drifblim|spa|2|[from] item: Weakness Policy\n|\n|-weather|Sandstorm|[upkeep]\n|-damage|p1a: Drifblim|2\/100|[from] Sandstorm\n|-heal|p2a: Empoleon|70\/100|[from] item: Leftovers\n|upkeep\n|turn|14\n|\n|t:|1698245280\n|move|p1a: Drifblim|Baton Pass|p1a: Drifblim\n|\n|t:|1698245292\n|switch|p1a: Calyrex|Calyrex-Shadow|100\/100|[from] Baton Pass\n|-ability|p1a: Calyrex|As One\n|-ability|p1a: Calyrex|Unnerve\n|-damage|p1a: Calyrex|88\/100|[from] Stealth Rock\n|move|p2a: Empoleon|Ice Beam|p1a: Calyrex|[miss]\n|-miss|p2a: Empoleon|p1a: Calyrex\n|\n|-weather|none\n|-heal|p2a: Empoleon|76\/100|[from] item: Leftovers\n|upkeep\n|turn|15\n|c|\u2606loch2009|gg\n|\n|t:|1698245307\n|switch|p2a: Tyranitar|Tyranitar, M|53\/100\n|-weather|Sandstorm|[from] ability: Sand Stream|[of] p2a: Tyranitar\n|move|p1a: Calyrex|Astral Barrage|p2a: Tyranitar\n|-resisted|p2a: Tyranitar\n|-damage|p2a: Tyranitar|24\/100\n|\n|-weather|Sandstorm|[upkeep]\n|-damage|p1a: Calyrex|82\/100|[from] Sandstorm\n|-heal|p2a: Tyranitar|30\/100|[from] item: Leftovers\n|upkeep\n|turn|16\n|\n|t:|1698245319\n|move|p1a: Calyrex|Draining Kiss|p2a: Tyranitar\n|-supereffective|p2a: Tyranitar\n|-damage|p2a: Tyranitar|0 fnt\n|-heal|p1a: Calyrex|100\/100|[from] drain|[of] p2a: Tyranitar\n|faint|p2a: Tyranitar\n|-ability|p1a: Calyrex|Grim Neigh|boost\n|-boost|p1a: Calyrex|spa|1\n|\n|-weather|Sandstorm|[upkeep]\n|-damage|p1a: Calyrex|94\/100|[from] Sandstorm\n|upkeep\n|\n|t:|1698245324\n|switch|p2a: Gliscor|Gliscor, M|100\/100\n|turn|17\n|\n|t:|1698245328\n|move|p1a: Calyrex|Astral Barrage|p2a: Gliscor\n|-damage|p2a: Gliscor|0 fnt\n|faint|p2a: Gliscor\n|-ability|p1a: Calyrex|Grim Neigh|boost\n|-boost|p1a: Calyrex|spa|1\n|\n|-weather|Sandstorm|[upkeep]\n|-damage|p1a: Calyrex|88\/100|[from] Sandstorm\n|upkeep\n|\n|t:|1698245340\n|switch|p2a: Espeon|Espeon, F|100\/100\n|turn|18\n|\n|t:|1698245344\n|move|p1a: Calyrex|Astral Barrage|p2a: Espeon\n|-supereffective|p2a: Espeon\n|-enditem|p2a: Espeon|Focus Sash\n|-damage|p2a: Espeon|1\/100\n|move|p2a: Espeon|Dazzling Gleam|p1a: Calyrex|[miss]\n|-miss|p2a: Espeon|p1a: Calyrex\n|\n|-weather|Sandstorm|[upkeep]\n|-damage|p1a: Calyrex|82\/100|[from] Sandstorm\n|-damage|p2a: Espeon|0 fnt|[from] Sandstorm\n|faint|p2a: Espeon\n|upkeep\n|\n|t:|1698245352\n|switch|p2a: Dialga|Dialga|100\/100\n|-ability|p2a: Dialga|Pressure\n|turn|19\n|\n|t:|1698245359\n|move|p1a: Calyrex|Astral Barrage|p2a: Dialga\n|-damage|p2a: Dialga|0 fnt\n|faint|p2a: Dialga\n|-ability|p1a: Calyrex|Grim Neigh|boost\n|-boost|p1a: Calyrex|spa|1\n|\n|-weather|none\n|upkeep\n|\n|t:|1698245363\n|switch|p2a: Empoleon|Empoleon, M|76\/100\n|turn|20\n|\n|t:|1698245369\n|move|p1a: Calyrex|Astral Barrage|p2a: Empoleon\n|-damage|p2a: Empoleon|0 fnt\n|faint|p2a: Empoleon\n|\n|win|loch2009\n|raw|loch2009's rating: 1303 &rarr; <strong>1332<\/strong><br \/>(+29 for winning)\n|raw|BillyHerringtonOwO's rating: 1465 &rarr; <strong>1436<\/strong><br \/>(-29 for losing)\n|l|\u2606BillyHerringtonOwO\n|c|\u2606loch2009|gg\n|j| eavo\n|j| testinthisgarbage\n|l| testinthisgarbage\n","uploadtime":1698245378,"views":5,"p1id":"loch2009","p2id":"billyherringtonowo","formatid":"gen9anythinggoes","rating":1332,"private":0,"password":""}