{"id":"gen9anythinggoes-1984021103","p1":"jmastodon","p2":"moit05","format":"[Gen 9] Anything Goes","log":"|j|\u2606jmastodon\n|j|\u2606moit05\n|t:|1699210582\n|gametype|singles\n|player|p1|jmastodon|veteran|\n|player|p2|moit05|clair|\n|teamsize|p1|6\n|teamsize|p2|6\n|gen|9\n|tier|[Gen 9] Anything Goes\n|rule|HP Percentage Mod: HP is shown in percentages\n|rule|Endless Battle Clause: Forcing endless battles is banned\n|clearpoke\n|poke|p1|Cryogonal|\n|poke|p1|Ogerpon-Hearthflame, F|\n|poke|p1|Diancie|\n|poke|p1|Hoopa-Unbound|\n|poke|p1|Copperajah, F|\n|poke|p1|Cloyster, M|\n|poke|p2|Glimmora, F|\n|poke|p2|Annihilape, F|\n|poke|p2|Chi-Yu|\n|poke|p2|Baxcalibur, M|\n|poke|p2|Corviknight, M|\n|poke|p2|Glaceon, F|\n|teampreview\n|\n|t:|1699210611\n|start\n|switch|p1a: Ogerpon|Ogerpon-Hearthflame, F|100\/100\n|switch|p2a: Glimmora|Glimmora, F|100\/100\n|-ability|p1a: Ogerpon|Mold Breaker\n|turn|1\n|\n|t:|1699210618\n|move|p1a: Ogerpon|U-turn|p2a: Glimmora\n|-resisted|p2a: Glimmora\n|-crit|p2a: Glimmora\n|-damage|p2a: Glimmora|77\/100\n|-activate|p2a: Glimmora|ability: Toxic Debris\n|-sidestart|p1: jmastodon|move: Toxic Spikes\n|\n|t:|1699210622\n|switch|p1a: Copperajah|Copperajah, F|100\/100|[from] U-turn\n|move|p2a: Glimmora|Stealth Rock|p1a: Copperajah\n|-sidestart|p1: jmastodon|move: Stealth Rock\n|\n|upkeep\n|turn|2\n|\n|t:|1699210631\n|move|p2a: Glimmora|Sludge Wave|p1a: Copperajah\n|-immune|p1a: Copperajah\n|move|p1a: Copperajah|Heavy Slam|p2a: Glimmora\n|-supereffective|p2a: Glimmora\n|-damage|p2a: Glimmora|0 fnt\n|-activate|p2a: Glimmora|ability: Toxic Debris\n|-sidestart|p1: jmastodon|move: Toxic Spikes\n|faint|p2a: Glimmora\n|\n|upkeep\n|\n|t:|1699210641\n|switch|p2a: Annihilape|Annihilape, F|100\/100\n|turn|3\n|\n|t:|1699210647\n|-terastallize|p1a: Copperajah|Fairy\n|move|p2a: Annihilape|Bulk Up|p2a: Annihilape\n|-boost|p2a: Annihilape|atk|1\n|-boost|p2a: Annihilape|def|1\n|move|p1a: Copperajah|Play Rough|p2a: Annihilape\n|-supereffective|p2a: Annihilape\n|-damage|p2a: Annihilape|11\/100\n|\n|upkeep\n|turn|4\n|\n|t:|1699210660\n|move|p2a: Annihilape|Rest|p2a: Annihilape\n|-status|p2a: Annihilape|slp|[from] move: Rest\n|-heal|p2a: Annihilape|100\/100 slp|[silent]\n|-enditem|p2a: Annihilape|Chesto Berry|[eat]\n|-curestatus|p2a: Annihilape|slp|[msg]\n|move|p1a: Copperajah|Heavy Slam|p2a: Annihilape\n|-damage|p2a: Annihilape|58\/100\n|\n|upkeep\n|turn|5\n|\n|t:|1699210683\n|move|p2a: Annihilape|Rage Fist|p1a: Copperajah\n|-damage|p1a: Copperajah|0 fnt\n|faint|p1a: Copperajah\n|\n|upkeep\n|\n|t:|1699210703\n|switch|p1a: Hoopa|Hoopa-Unbound|100\/100\n|-status|p1a: Hoopa|tox\n|-damage|p1a: Hoopa|88\/100 tox|[from] Stealth Rock\n|turn|6\n|\n|t:|1699210713\n|move|p1a: Hoopa|Zen Headbutt|p2a: Annihilape|[miss]\n|-miss|p1a: Hoopa|p2a: Annihilape\n|move|p2a: Annihilape|Drain Punch|p1a: Hoopa\n|-damage|p1a: Hoopa|0 fnt\n|-heal|p2a: Annihilape|90\/100|[from] drain|[of] p1a: Hoopa\n|faint|p1a: Hoopa\n|\n|upkeep\n|\n|t:|1699210736\n|switch|p1a: Ogerpon|Ogerpon-Hearthflame, F|100\/100\n|-status|p1a: Ogerpon|tox\n|-damage|p1a: Ogerpon|76\/100 tox|[from] Stealth Rock\n|-ability|p1a: Ogerpon|Mold Breaker\n|turn|7\n|\n|t:|1699210754\n|move|p1a: Ogerpon|Ivy Cudgel|p2a: Annihilape\n|-damage|p2a: Annihilape|50\/100\n|move|p2a: Annihilape|Rage Fist|p1a: Ogerpon\n|-damage|p1a: Ogerpon|0 fnt\n|faint|p1a: Ogerpon\n|\n|upkeep\n|\n|t:|1699210777\n|switch|p1a: Diancie|Diancie|100\/100\n|-status|p1a: Diancie|tox\n|-damage|p1a: Diancie|88\/100 tox|[from] Stealth Rock\n|turn|8\n|\n|t:|1699210782\n|move|p2a: Annihilape|Drain Punch|p1a: Diancie\n|-damage|p1a: Diancie|38\/100 tox\n|-heal|p2a: Annihilape|68\/100|[from] drain|[of] p1a: Diancie\n|move|p1a: Diancie|Moonblast|p2a: Annihilape\n|-supereffective|p2a: Annihilape\n|-crit|p2a: Annihilape\n|-damage|p2a: Annihilape|0 fnt\n|faint|p2a: Annihilape\n|\n|-damage|p1a: Diancie|32\/100 tox|[from] psn\n|upkeep\n|\n|t:|1699210796\n|switch|p2a: Baxcalibur|Baxcalibur, M|100\/100\n|turn|9\n|\n|t:|1699210806\n|move|p2a: Baxcalibur|Icicle Spear|p1a: Diancie\n|-damage|p1a: Diancie|19\/100 tox\n|-damage|p1a: Diancie|7\/100 tox\n|-crit|p1a: Diancie\n|-damage|p1a: Diancie|0 fnt\n|faint|p1a: Diancie\n|-hitcount|p1: Diancie|3\n|\n|upkeep\n|\n|t:|1699210811\n|switch|p1a: Cryogonal|Cryogonal, shiny|100\/100\n|turn|10\n|\n|t:|1699210815\n|move|p1a: Cryogonal|Rapid Spin|p2a: Baxcalibur\n|-damage|p2a: Baxcalibur|94\/100\n|-boost|p1a: Cryogonal|spe|1\n|-sideend|p1: jmastodon|Toxic Spikes|[from] move: Rapid Spin|[of] p1a: Cryogonal\n|-sideend|p1: jmastodon|Stealth Rock|[from] move: Rapid Spin|[of] p1a: Cryogonal\n|move|p2a: Baxcalibur|Dragon Dance|p2a: Baxcalibur\n|-boost|p2a: Baxcalibur|atk|1\n|-boost|p2a: Baxcalibur|spe|1\n|\n|upkeep\n|turn|11\n|\n|t:|1699210825\n|move|p1a: Cryogonal|Haze|p1a: Cryogonal\n|-clearallboost\n|move|p2a: Baxcalibur|Glaive Rush|p1a: Cryogonal\n|-damage|p1a: Cryogonal|0 fnt\n|-singlemove|p2a: Baxcalibur|Glaive Rush|[silent]\n|faint|p1a: Cryogonal\n|\n|upkeep\n|\n|t:|1699210828\n|switch|p1a: Cloyster|Cloyster, M|100\/100\n|turn|12\n|\n|t:|1699210833\n|move|p2a: Baxcalibur|Earthquake|p1a: Cloyster\n|-damage|p1a: Cloyster|64\/100\n|move|p1a: Cloyster|Shell Smash|p1a: Cloyster\n|-unboost|p1a: Cloyster|def|1\n|-unboost|p1a: Cloyster|spd|1\n|-boost|p1a: Cloyster|atk|2\n|-boost|p1a: Cloyster|spa|2\n|-boost|p1a: Cloyster|spe|2\n|\n|upkeep\n|turn|13\n|\n|t:|1699210843\n|move|p1a: Cloyster|Rock Blast|p2a: Baxcalibur\n|-supereffective|p2a: Baxcalibur\n|-damage|p2a: Baxcalibur|65\/100\n|-supereffective|p2a: Baxcalibur\n|-crit|p2a: Baxcalibur\n|-damage|p2a: Baxcalibur|20\/100\n|-supereffective|p2a: Baxcalibur\n|-damage|p2a: Baxcalibur|0 fnt\n|faint|p2a: Baxcalibur\n|-hitcount|p2: Baxcalibur|3\n|\n|upkeep\n|\n|t:|1699210854\n|switch|p2a: Corviknight|Corviknight, M|100\/100\n|-ability|p2a: Corviknight|Unnerve\n|turn|14\n|\n|t:|1699210887\n|move|p1a: Cloyster|Icicle Spear|p2a: Corviknight\n|-damage|p2a: Corviknight|87\/100\n|-damage|p2a: Corviknight|74\/100\n|-damage|p2a: Corviknight|59\/100\n|-damage|p2a: Corviknight|46\/100\n|-damage|p2a: Corviknight|33\/100\n|-hitcount|p2a: Corviknight|5\n|move|p2a: Corviknight|U-turn|p1a: Cloyster\n|-damage|p1a: Cloyster|47\/100\n|\n|t:|1699210897\n|switch|p2a: Chi-Yu|Chi-Yu|100\/100|[from] U-turn\n|-ability|p2a: Chi-Yu|Beads of Ruin\n|\n|upkeep\n|turn|15\n|\n|t:|1699210913\n|move|p1a: Cloyster|Rock Blast|p2a: Chi-Yu\n|-supereffective|p2a: Chi-Yu\n|-damage|p2a: Chi-Yu|54\/100\n|-supereffective|p2a: Chi-Yu\n|-crit|p2a: Chi-Yu\n|-damage|p2a: Chi-Yu|0 fnt\n|faint|p2a: Chi-Yu\n|-hitcount|p2: Chi-Yu|2\n|\n|upkeep\n|\n|t:|1699210925\n|switch|p2a: Corviknight|Corviknight, M|33\/100\n|-ability|p2a: Corviknight|Unnerve\n|turn|16\n|\n|t:|1699210930\n|move|p1a: Cloyster|Icicle Spear|p2a: Corviknight\n|-damage|p2a: Corviknight|18\/100\n|-damage|p2a: Corviknight|3\/100\n|-damage|p2a: Corviknight|0 fnt\n|faint|p2a: Corviknight\n|-hitcount|p2: Corviknight|3\n|\n|upkeep\n|\n|t:|1699210936\n|switch|p2a: Glaceon|Glaceon, F|100\/100\n|turn|17\n|\n|t:|1699210942\n|-terastallize|p2a: Glaceon|Steel\n|move|p1a: Cloyster|Rock Blast|p2a: Glaceon\n|-resisted|p2a: Glaceon\n|-damage|p2a: Glaceon|93\/100\n|-resisted|p2a: Glaceon\n|-damage|p2a: Glaceon|87\/100\n|-resisted|p2a: Glaceon\n|-crit|p2a: Glaceon\n|-damage|p2a: Glaceon|76\/100\n|-resisted|p2a: Glaceon\n|-damage|p2a: Glaceon|69\/100\n|-resisted|p2a: Glaceon\n|-damage|p2a: Glaceon|62\/100\n|-hitcount|p2a: Glaceon|5\n|move|p2a: Glaceon|Rest|p2a: Glaceon\n|-status|p2a: Glaceon|slp|[from] move: Rest\n|-heal|p2a: Glaceon|100\/100 slp|[silent]\n|\n|upkeep\n|turn|18\n|\n|t:|1699210957\n|move|p1a: Cloyster|Hydro Pump|p2a: Glaceon\n|-damage|p2a: Glaceon|48\/100 slp\n|cant|p2a: Glaceon|slp\n|move|p2a: Glaceon|Sleep Talk|p2a: Glaceon\n|move|p2a: Glaceon|Freeze-Dry|p1a: Cloyster|[from]move: Sleep Talk\n|-damage|p1a: Cloyster|0 fnt\n|faint|p1a: Cloyster\n|\n|win|moit05\n|c|\u2606moit05|gg\n|c|\u2606moit05|ill download\n|c|\u2606jmastodon|gg\n|l|\u2606jmastodon\n","uploadtime":1699211155,"views":13,"p1id":"jmastodon","p2id":"moit05","formatid":"gen9anythinggoes","rating":0,"private":0,"password":""}