{"id":"gen9anythinggoes-1995549253","p1":"setharonishiny","p2":"mr man 3000","format":"[Gen 9] Anything Goes","log":"|j|\u2606setharonishiny\n|j|\u2606mr man 3000\n|t:|1700581945\n|gametype|singles\n|player|p1|setharonishiny|salvatore|1087\n|player|p2|mr man 3000|1|1032\n|teamsize|p1|6\n|teamsize|p2|6\n|gen|9\n|tier|[Gen 9] Anything Goes\n|rated|\n|rule|HP Percentage Mod: HP is shown in percentages\n|rule|Endless Battle Clause: Forcing endless battles is banned\n|clearpoke\n|poke|p1|Mesprit|\n|poke|p1|Spiritomb, F|\n|poke|p1|Hippowdon, F|\n|poke|p1|Toxicroak, F|\n|poke|p1|Yanmega, F|\n|poke|p1|Staraptor, F|\n|poke|p2|Maushold|\n|poke|p2|Maushold|\n|poke|p2|Maushold|\n|poke|p2|Maushold|\n|poke|p2|Maushold|\n|poke|p2|Maushold|\n|teampreview\n|inactive|Battle timer is ON: inactive players will automatically lose when time's up. (requested by setharonishiny)\n|\n|t:|1700581957\n|start\n|switch|p1a: Mohawk|Staraptor, F, shiny|100\/100\n|switch|p2a: Maushold|Maushold|100\/100\n|turn|1\n|\n|t:|1700581964\n|move|p1a: Mohawk|U-turn|p2a: Maushold\n|-damage|p2a: Maushold|44\/100\n|\n|t:|1700581966\n|switch|p1a: Pebble|Spiritomb, F, shiny|100\/100|[from] U-turn\n|move|p2a: Maushold|Tidy Up|p2a: Maushold\n|-boost|p2a: Maushold|atk|1\n|-boost|p2a: Maushold|spe|1\n|\n|upkeep\n|turn|2\n|\n|t:|1700581973\n|move|p2a: Maushold|Shadow Claw|p1a: Pebble\n|-damage|p1a: Pebble|77\/100\n|move|p1a: Pebble|Calm Mind|p1a: Pebble\n|-boost|p1a: Pebble|spa|1\n|-boost|p1a: Pebble|spd|1\n|\n|-heal|p1a: Pebble|83\/100|[from] item: Leftovers\n|upkeep\n|turn|3\n|\n|t:|1700581983\n|move|p2a: Maushold|Play Rough|p1a: Pebble\n|-supereffective|p1a: Pebble\n|-damage|p1a: Pebble|21\/100\n|move|p1a: Pebble|Calm Mind|p1a: Pebble\n|-boost|p1a: Pebble|spa|1\n|-boost|p1a: Pebble|spd|1\n|\n|-heal|p1a: Pebble|27\/100|[from] item: Leftovers\n|upkeep\n|turn|4\n|\n|t:|1700581991\n|move|p2a: Maushold|Play Rough|p1a: Pebble\n|-supereffective|p1a: Pebble\n|-damage|p1a: Pebble|0 fnt\n|faint|p1a: Pebble\n|\n|upkeep\n|\n|t:|1700581996\n|switch|p1a: Mohawk|Staraptor, F, shiny|100\/100\n|turn|5\n|\n|t:|1700581999\n|move|p2a: Maushold|Population Bomb|p1a: Mohawk\n|-damage|p1a: Mohawk|80\/100\n|-damage|p1a: Mohawk|58\/100\n|-damage|p1a: Mohawk|35\/100\n|-damage|p1a: Mohawk|12\/100\n|-damage|p1a: Mohawk|0 fnt\n|faint|p1a: Mohawk\n|-hitcount|p1: Mohawk|5\n|\n|upkeep\n|\n|t:|1700582004\n|switch|p1a: Needle|Toxicroak, F, shiny|100\/100\n|turn|6\n|\n|t:|1700582012\n|move|p1a: Needle|Fake Out|p2a: Maushold\n|-damage|p2a: Maushold|26\/100\n|cant|p2a: Maushold|flinch\n|\n|upkeep\n|turn|7\n|\n|t:|1700582017\n|move|p2a: Maushold|Population Bomb|p1a: Needle\n|-damage|p1a: Needle|76\/100\n|-damage|p1a: Needle|51\/100\n|-damage|p1a: Needle|26\/100\n|-damage|p1a: Needle|1\/100\n|-damage|p1a: Needle|0 fnt\n|faint|p1a: Needle\n|-hitcount|p1: Needle|5\n|\n|upkeep\n|\n|t:|1700582025\n|switch|p1a: Jem|Mesprit, shiny|100\/100\n|turn|8\n|\n|t:|1700582030\n|-terastallize|p1a: Jem|Fairy\n|move|p2a: Maushold|Population Bomb|p1a: Jem\n|-damage|p1a: Jem|83\/100\n|-damage|p2a: Maushold|9\/100|[from] item: Rocky Helmet|[of] p1a: Jem\n|-damage|p1a: Jem|66\/100\n|-damage|p2a: Maushold|0 fnt|[from] item: Rocky Helmet|[of] p1a: Jem\n|faint|p2a: Maushold\n|-hitcount|p1a: Jem|2\n|move|p1a: Jem|Mystical Power|p2: Maushold|[notarget]\n|-fail|p1a: Jem\n|\n|upkeep\n|\n|t:|1700582041\n|switch|p2a: Maushold|Maushold|100\/100\n|turn|9\n|\n|t:|1700582046\n|move|p2a: Maushold|Tidy Up|p2a: Maushold\n|-boost|p2a: Maushold|atk|1\n|-boost|p2a: Maushold|spe|1\n|move|p1a: Jem|Nasty Plot|p1a: Jem\n|-boost|p1a: Jem|spa|2\n|\n|upkeep\n|turn|10\n|\n|t:|1700582053\n|move|p2a: Maushold|Tidy Up|p2a: Maushold\n|-boost|p2a: Maushold|atk|1\n|-boost|p2a: Maushold|spe|1\n|move|p1a: Jem|Mystical Power|p2a: Maushold\n|-damage|p2a: Maushold|5\/100\n|-boost|p1a: Jem|spa|1\n|\n|upkeep\n|turn|11\n|\n|t:|1700582068\n|move|p2a: Maushold|Population Bomb|p1a: Jem\n|-damage|p1a: Jem|44\/100\n|-damage|p2a: Maushold|0 fnt|[from] item: Rocky Helmet|[of] p1a: Jem\n|faint|p2a: Maushold\n|-hitcount|p1a: Jem|1\n|move|p1a: Jem|Mystical Power|p2: Maushold|[notarget]\n|-fail|p1a: Jem\n|\n|upkeep\n|\n|t:|1700582077\n|switch|p2a: Maushold|Maushold|100\/100\n|turn|12\n|\n|t:|1700582083\n|move|p2a: Maushold|Play Rough|p1a: Jem\n|-damage|p1a: Jem|22\/100\n|-damage|p2a: Maushold|84\/100|[from] item: Rocky Helmet|[of] p1a: Jem\n|move|p1a: Jem|Draining Kiss|p2a: Maushold\n|-damage|p2a: Maushold|0 fnt\n|-heal|p1a: Jem|83\/100|[from] drain|[of] p2a: Maushold\n|faint|p2a: Maushold\n|\n|upkeep\n|\n|t:|1700582091\n|switch|p2a: Maushold|Maushold|100\/100\n|turn|13\n|\n|t:|1700582099\n|move|p2a: Maushold|Play Rough|p1a: Jem\n|-damage|p1a: Jem|59\/100\n|-damage|p2a: Maushold|84\/100|[from] item: Rocky Helmet|[of] p1a: Jem\n|move|p1a: Jem|Draining Kiss|p2a: Maushold\n|-damage|p2a: Maushold|0 fnt\n|-heal|p1a: Jem|100\/100|[from] drain|[of] p2a: Maushold\n|faint|p2a: Maushold\n|\n|upkeep\n|\n|t:|1700582113\n|switch|p2a: Maushold|Maushold|100\/100\n|turn|14\n|c|\u2606setharonishiny|jem sweep\n|\n|t:|1700582122\n|move|p2a: Maushold|Shadow Claw|p1a: Jem\n|-damage|p1a: Jem|84\/100\n|-damage|p2a: Maushold|84\/100|[from] item: Rocky Helmet|[of] p1a: Jem\n|move|p1a: Jem|Draining Kiss|p2a: Maushold\n|-damage|p2a: Maushold|0 fnt\n|-heal|p1a: Jem|100\/100|[from] drain|[of] p2a: Maushold\n|faint|p2a: Maushold\n|\n|upkeep\n|\n|t:|1700582132\n|switch|p2a: Maushold|Maushold|100\/100\n|turn|15\n|\n|t:|1700582139\n|move|p2a: Maushold|Shadow Claw|p1a: Jem\n|-damage|p1a: Jem|84\/100\n|-damage|p2a: Maushold|84\/100|[from] item: Rocky Helmet|[of] p1a: Jem\n|move|p1a: Jem|Draining Kiss|p2a: Maushold\n|-crit|p2a: Maushold\n|-damage|p2a: Maushold|0 fnt\n|-heal|p1a: Jem|100\/100|[from] drain|[of] p2a: Maushold\n|faint|p2a: Maushold\n|\n|win|setharonishiny\n|raw|setharonishiny's rating: 1087 &rarr; <strong>1110<\/strong><br \/>(+23 for winning)\n|raw|mr man 3000's rating: 1032 &rarr; <strong>1020<\/strong><br \/>(-12 for losing)\n|l|\u2606mr man 3000\n|c|\u2606setharonishiny|gg\n","uploadtime":1700582153,"views":0,"p1id":"setharonishiny","p2id":"mrman3000","formatid":"gen9anythinggoes","rating":1020,"private":0,"password":""}