{"id":"gen9anythinggoes-1978143304","p1":"haokunya002","p2":"NDAG was banned","format":"[Gen 9] Anything Goes","log":"|j|\u2606haokunya002\n|j|\u2606NDAG was banned\n|t:|1698504670\n|gametype|singles\n|player|p1|haokunya002|red|1726\n|player|p2|NDAG was banned|lillie-masters|1800\n|teamsize|p1|6\n|teamsize|p2|6\n|gen|9\n|tier|[Gen 9] Anything Goes\n|rated|\n|rule|HP Percentage Mod: HP is shown in percentages\n|rule|Endless Battle Clause: Forcing endless battles is banned\n|clearpoke\n|poke|p1|Calyrex-Shadow|\n|poke|p1|Koraidon|\n|poke|p1|Arceus|\n|poke|p1|Arceus-Ground|\n|poke|p1|Arceus-Ground|\n|poke|p1|Arceus|\n|poke|p2|Calyrex-Shadow|\n|poke|p2|Arceus-Ground|\n|poke|p2|Zoroark-Hisui, F|\n|poke|p2|Arceus|\n|poke|p2|Zacian-*|\n|poke|p2|Koraidon|\n|teampreview\n|inactive|Battle timer is ON: inactive players will automatically lose when time's up. (requested by haokunya002)\n|\n|t:|1698504688\n|start\n|switch|p1a: Arceus|Arceus-Ground|100\/100\n|switch|p2a: Arceus|Arceus-Ground|100\/100\n|turn|1\n|\n|t:|1698504696\n|move|p2a: Arceus|Taunt|p1a: Arceus\n|-start|p1a: Arceus|move: Taunt\n|cant|p1a: Arceus|move: Taunt|Stealth Rock\n|\n|upkeep\n|turn|2\n|\n|t:|1698504699\n|move|p2a: Arceus|Icy Wind|p1a: Arceus\n|-supereffective|p1a: Arceus\n|-damage|p1a: Arceus|74\/100\n|-unboost|p1a: Arceus|spe|1\n|move|p1a: Arceus|Judgment|p2a: Arceus\n|-damage|p2a: Arceus|55\/100\n|\n|upkeep\n|turn|3\n|\n|t:|1698504709\n|move|p2a: Arceus|Stealth Rock|p1a: Arceus\n|-sidestart|p1: haokunya002|move: Stealth Rock\n|move|p1a: Arceus|Judgment|p2a: Arceus\n|-damage|p2a: Arceus|7\/100\n|\n|-end|p1a: Arceus|move: Taunt\n|upkeep\n|turn|4\n|\n|t:|1698504712\n|move|p2a: Arceus|Judgment|p1a: Arceus\n|-damage|p1a: Arceus|28\/100\n|move|p1a: Arceus|Stealth Rock|p2a: Arceus\n|-sidestart|p2: NDAG was banned|move: Stealth Rock\n|\n|upkeep\n|turn|5\n|\n|t:|1698504715\n|move|p2a: Arceus|Judgment|p1a: Arceus\n|-damage|p1a: Arceus|0 fnt\n|faint|p1a: Arceus\n|\n|upkeep\n|\n|t:|1698504723\n|switch|p1a: Calyrex|Calyrex-Shadow|100\/100\n|-ability|p1a: Calyrex|As One\n|-ability|p1a: Calyrex|Unnerve\n|-damage|p1a: Calyrex|88\/100|[from] Stealth Rock\n|turn|6\n|\n|t:|1698504726\n|switch|p2a: Arceus|Arceus|100\/100\n|move|p1a: Calyrex|Psyshock|p2a: Arceus\n|-damage|p2a: Arceus|69\/100\n|\n|-heal|p1a: Calyrex|94\/100|[from] item: Leftovers\n|upkeep\n|turn|7\n|\n|t:|1698504735\n|switch|p1a: Arceus|Arceus|100\/100\n|-damage|p1a: Arceus|88\/100|[from] Stealth Rock\n|move|p2a: Arceus|Shadow Claw|p1a: Arceus\n|-immune|p1a: Arceus\n|\n|-heal|p1a: Arceus|94\/100|[from] item: Leftovers\n|upkeep\n|turn|8\n|\n|t:|1698504748\n|switch|p2a: Calyrex|Calyrex-Shadow|100\/100\n|-damage|p2a: Calyrex|88\/100|[from] Stealth Rock\n|-item|p2a: Calyrex|Air Balloon\n|move|p1a: Arceus|Extreme Speed|p2a: Calyrex\n|-immune|p2a: Calyrex\n|\n|-heal|p1a: Arceus|99\/100|[from] item: Leftovers\n|upkeep\n|turn|9\n|\n|t:|1698504753\n|switch|p1a: Calyrex|Calyrex-Shadow|94\/100\n|-ability|p1a: Calyrex|As One\n|-ability|p1a: Calyrex|Unnerve\n|-damage|p1a: Calyrex|82\/100|[from] Stealth Rock\n|move|p2a: Calyrex|Low Kick|p1a: Calyrex\n|-immune|p1a: Calyrex\n|\n|-heal|p1a: Calyrex|88\/100|[from] item: Leftovers\n|upkeep\n|turn|10\n|\n|t:|1698504760\n|switch|p2a: Arceus|Arceus-Ground|7\/100\n|-damage|p2a: Arceus|0 fnt|[from] Stealth Rock\n|faint|p2a: Arceus\n|move|p1a: Calyrex|Psyshock|p2: Arceus|[notarget]\n|-fail|p1a: Calyrex\n|\n|-heal|p1a: Calyrex|94\/100|[from] item: Leftovers\n|upkeep\n|\n|t:|1698504785\n|switch|p2a: Zacian|Zacian-Crowned|100\/100\n|-damage|p2a: Zacian|94\/100|[from] Stealth Rock\n|-ability|p2a: Zacian|Intrepid Sword|boost\n|-boost|p2a: Zacian|atk|1\n|turn|11\n|\n|t:|1698504791\n|move|p1a: Calyrex|Astral Barrage|p2a: Zacian\n|-damage|p2a: Zacian|23\/100\n|move|p2a: Zacian|Behemoth Blade|p1a: Calyrex\n|-damage|p1a: Calyrex|0 fnt\n|faint|p1a: Calyrex\n|\n|upkeep\n|\n|t:|1698504797\n|switch|p1a: Koraidon|Koraidon|100\/100\n|-damage|p1a: Koraidon|94\/100|[from] Stealth Rock\n|-weather|SunnyDay|[from] ability: Orichalcum Pulse|[of] p1a: Koraidon\n|-activate|p1a: Koraidon|Orichalcum Pulse|[source]\n|turn|12\n|\n|t:|1698504821\n|move|p1a: Koraidon|Flare Blitz|p2a: Zacian\n|-supereffective|p2a: Zacian\n|-damage|p2a: Zacian|0 fnt\n|faint|p2a: Zacian\n|-damage|p1a: Koraidon|87\/100|[from] Recoil\n|\n|-weather|SunnyDay|[upkeep]\n|upkeep\n|\n|t:|1698504825\n|switch|p2a: Koraidon|Koraidon|100\/100\n|-damage|p2a: Koraidon|94\/100|[from] Stealth Rock\n|-activate|p2a: Koraidon|ability: Orichalcum Pulse\n|turn|13\n|\n|t:|1698504830\n|switch|p1a: Arceus|Arceus|100\/100\n|-damage|p1a: Arceus|88\/100|[from] Stealth Rock\n|move|p2a: Koraidon|Scale Shot|p1a: Arceus\n|-damage|p1a: Arceus|76\/100\n|-damage|p1a: Arceus|64\/100\n|-damage|p1a: Arceus|52\/100\n|-damage|p1a: Arceus|39\/100\n|-damage|p1a: Arceus|27\/100\n|-hitcount|p1a: Arceus|5\n|-unboost|p2a: Koraidon|def|1\n|-boost|p2a: Koraidon|spe|1\n|\n|-weather|SunnyDay|[upkeep]\n|-heal|p1a: Arceus|33\/100|[from] item: Leftovers\n|upkeep\n|turn|14\n|\n|t:|1698504842\n|-terastallize|p2a: Koraidon|Ghost\n|move|p1a: Arceus|Extreme Speed|p2a: Koraidon\n|-immune|p2a: Koraidon\n|move|p2a: Koraidon|Swords Dance|p2a: Koraidon\n|-boost|p2a: Koraidon|atk|2\n|\n|-weather|SunnyDay|[upkeep]\n|-heal|p1a: Arceus|39\/100|[from] item: Leftovers\n|upkeep\n|turn|15\n|\n|t:|1698504847\n|move|p2a: Koraidon|Scale Shot|p1a: Arceus\n|-damage|p1a: Arceus|15\/100\n|-damage|p1a: Arceus|0 fnt\n|faint|p1a: Arceus\n|-hitcount|p1: Arceus|2\n|-unboost|p2a: Koraidon|def|1\n|-boost|p2a: Koraidon|spe|1\n|\n|-weather|SunnyDay|[upkeep]\n|upkeep\n|\n|t:|1698504850\n|switch|p1a: Arceus|Arceus-Ground, shiny|100\/100\n|-damage|p1a: Arceus|94\/100|[from] Stealth Rock\n|turn|16\n|\n|t:|1698504856\n|-terastallize|p1a: Arceus|Fairy\n|move|p2a: Koraidon|Close Combat|p1a: Arceus\n|-resisted|p1a: Arceus\n|-damage|p1a: Arceus|25\/100\n|-unboost|p2a: Koraidon|def|1\n|-unboost|p2a: Koraidon|spd|1\n|move|p1a: Arceus|Earthquake|p2a: Koraidon\n|-damage|p2a: Koraidon|0 fnt\n|faint|p2a: Koraidon\n|\n|-weather|none\n|upkeep\n|\n|t:|1698504864\n|switch|p2a: Calyrex|Calyrex-Shadow|100\/100\n|-ability|p2a: Calyrex|As One\n|-ability|p2a: Calyrex|Unnerve\n|-damage|p2a: Calyrex|88\/100|[from] Stealth Rock\n|turn|17\n|\n|t:|1698504868\n|switch|p1a: Arceus|Arceus|99\/100\n|-damage|p1a: Arceus|88\/100|[from] Stealth Rock\n|move|p2a: Calyrex|Psychic|p1a: Arceus\n|-damage|p1a: Arceus|51\/100\n|\n|-heal|p1a: Arceus|57\/100|[from] item: Leftovers\n|upkeep\n|turn|18\n|\n|t:|1698504874\n|switch|p2a: Calyrex|Calyrex-Shadow|88\/100\n|-damage|p2a: Calyrex|75\/100|[from] Stealth Rock\n|-item|p2a: Calyrex|Air Balloon\n|switch|p1a: Koraidon|Koraidon|87\/100\n|-damage|p1a: Koraidon|81\/100|[from] Stealth Rock\n|-weather|SunnyDay|[from] ability: Orichalcum Pulse|[of] p1a: Koraidon\n|-activate|p1a: Koraidon|Orichalcum Pulse|[source]\n|\n|-weather|SunnyDay|[upkeep]\n|upkeep\n|turn|19\n|\n|t:|1698504880\n|switch|p2a: Arceus|Arceus|69\/100\n|move|p1a: Koraidon|U-turn|p2a: Arceus\n|-damage|p2a: Arceus|48\/100\n|\n|t:|1698504884\n|switch|p1a: Arceus|Arceus|57\/100|[from] U-turn\n|-damage|p1a: Arceus|44\/100|[from] Stealth Rock\n|\n|-weather|SunnyDay|[upkeep]\n|-heal|p1a: Arceus|51\/100|[from] item: Leftovers\n|upkeep\n|turn|20\n|\n|t:|1698504889\n|switch|p2a: Calyrex|Calyrex-Shadow|75\/100\n|-damage|p2a: Calyrex|63\/100|[from] Stealth Rock\n|-item|p2a: Calyrex|Air Balloon\n|move|p1a: Arceus|Extreme Speed|p2a: Calyrex\n|-immune|p2a: Calyrex\n|\n|-weather|SunnyDay|[upkeep]\n|-heal|p1a: Arceus|57\/100|[from] item: Leftovers\n|upkeep\n|turn|21\n|\n|t:|1698504894\n|switch|p1a: Arceus|Arceus-Ground, shiny, tera:Fairy|25\/100\n|-damage|p1a: Arceus|13\/100|[from] Stealth Rock\n|move|p2a: Calyrex|Poltergeist|p1a: Arceus\n|-activate|p1a: Arceus|move: Poltergeist|Earth Plate\n|-damage|p1a: Arceus|0 fnt\n|faint|p1a: Arceus\n|\n|-weather|SunnyDay|[upkeep]\n|upkeep\n|\n|t:|1698504896\n|switch|p1a: Koraidon|Koraidon|81\/100\n|-damage|p1a: Koraidon|75\/100|[from] Stealth Rock\n|-activate|p1a: Koraidon|ability: Orichalcum Pulse\n|turn|22\n|\n|t:|1698504901\n|switch|p2a: Arceus|Arceus|48\/100\n|move|p1a: Koraidon|Flare Blitz|p2a: Arceus\n|-crit|p2a: Arceus\n|-damage|p2a: Arceus|0 fnt\n|faint|p2a: Arceus\n|-damage|p1a: Koraidon|55\/100|[from] Recoil\n|\n|-weather|none\n|upkeep\n|\n|t:|1698504903\n|switch|p2a: Calyrex|Calyrex-Shadow|88\/100\n|-ability|p2a: Calyrex|As One\n|-ability|p2a: Calyrex|Unnerve\n|-damage|p2a: Calyrex|76\/100|[from] Stealth Rock\n|turn|23\n|\n|t:|1698504905\n|switch|p1a: Arceus|Arceus|57\/100\n|-damage|p1a: Arceus|44\/100|[from] Stealth Rock\n|move|p2a: Calyrex|Psychic|p1a: Arceus\n|-damage|p1a: Arceus|5\/100\n|\n|-heal|p1a: Arceus|11\/100|[from] item: Leftovers\n|upkeep\n|turn|24\n|\n|t:|1698504907\n|move|p2a: Calyrex|Psychic|p1a: Arceus\n|-damage|p1a: Arceus|0 fnt\n|faint|p1a: Arceus\n|-ability|p2a: Calyrex|Grim Neigh|boost\n|-boost|p2a: Calyrex|spa|1\n|\n|upkeep\n|\n|t:|1698504909\n|switch|p1a: Koraidon|Koraidon|55\/100\n|-damage|p1a: Koraidon|48\/100|[from] Stealth Rock\n|-weather|SunnyDay|[from] ability: Orichalcum Pulse|[of] p1a: Koraidon\n|-activate|p1a: Koraidon|Orichalcum Pulse|[source]\n|turn|25\n|\n|t:|1698504911\n|move|p2a: Calyrex|Psychic|p1a: Koraidon\n|-supereffective|p1a: Koraidon\n|-damage|p1a: Koraidon|0 fnt\n|faint|p1a: Koraidon\n|\n|win|NDAG was banned\n|raw|haokunya002's rating: 1726 &rarr; <strong>1710<\/strong><br \/>(-16 for losing)\n|raw|NDAG was banned's rating: 1800 &rarr; <strong>1816<\/strong><br \/>(+16 for winning)\n|l|\u2606haokunya002\n|l|\u2606NDAG was banned\n","uploadtime":1698504919,"views":11,"p1id":"haokunya002","p2id":"ndagwasbanned","formatid":"gen9anythinggoes","rating":1710,"private":0,"password":""}