{"id":"gen9anythinggoes-1978706343","p1":"sendfreegifttome","p2":"TBGoat12)","format":"[Gen 9] Anything Goes","log":"|j|\u2606sendfreegifttome\n|j|\u2606TBGoat12)\n|t:|1698584624\n|gametype|singles\n|player|p1|sendfreegifttome|nate|1164\n|player|p2|TBGoat12)|volkner|1121\n|teamsize|p1|6\n|teamsize|p2|6\n|gen|9\n|tier|[Gen 9] Anything Goes\n|rated|\n|rule|HP Percentage Mod: HP is shown in percentages\n|rule|Endless Battle Clause: Forcing endless battles is banned\n|clearpoke\n|poke|p1|Calyrex-Shadow|\n|poke|p1|Kyogre|\n|poke|p1|Clodsire, F|\n|poke|p1|Giratina-Origin|\n|poke|p1|Urshifu-*, F|\n|poke|p1|Ursaluna-Bloodmoon, M|\n|poke|p2|Gholdengo|\n|poke|p2|Luxray, M|\n|poke|p2|Espeon, F|\n|poke|p2|Torterra, M|\n|poke|p2|Gyarados, M|\n|poke|p2|Volcarona, F|\n|teampreview\n|inactive|Battle timer is ON: inactive players will automatically lose when time's up. (requested by sendfreegifttome)\n|\n|t:|1698584637\n|start\n|switch|p1a: Clodsire|Clodsire, F, shiny|100\/100\n|switch|p2a: TorTerraia|Torterra, M|100\/100\n|turn|1\n|\n|t:|1698584650\n|move|p2a: TorTerraia|Earthquake|p1a: Clodsire\n|-supereffective|p1a: Clodsire\n|-damage|p1a: Clodsire|24\/100\n|move|p1a: Clodsire|Toxic|p2a: TorTerraia\n|-status|p2a: TorTerraia|tox\n|\n|-damage|p2a: TorTerraia|94\/100 tox|[from] psn\n|upkeep\n|turn|2\n|\n|t:|1698584658\n|switch|p1a: Giratina|Giratina-Origin|100\/100\n|move|p2a: TorTerraia|Earthquake|p1a: Giratina\n|-immune|p1a: Giratina|[from] ability: Levitate\n|\n|-damage|p2a: TorTerraia|82\/100 tox|[from] psn\n|upkeep\n|turn|3\n|\n|t:|1698584671\n|move|p1a: Giratina|Shadow Ball|p2a: TorTerraia\n|-damage|p2a: TorTerraia|29\/100 tox\n|move|p2a: TorTerraia|Leech Seed|p1a: Giratina\n|-start|p1a: Giratina|move: Leech Seed\n|\n|-damage|p1a: Giratina|88\/100|[from] Leech Seed|[of] p2a: TorTerraia\n|-heal|p2a: TorTerraia|44\/100 tox|[silent]\n|-damage|p2a: TorTerraia|26\/100 tox|[from] psn\n|upkeep\n|turn|4\n|\n|t:|1698584681\n|switch|p1a: Clodsire|Clodsire, F, shiny|24\/100\n|move|p2a: TorTerraia|Iron Head|p1a: Clodsire\n|-damage|p1a: Clodsire|5\/100\n|\n|-damage|p2a: TorTerraia|2\/100 tox|[from] psn\n|upkeep\n|turn|5\n|\n|t:|1698584690\n|move|p2a: TorTerraia|Earthquake|p1a: Clodsire\n|-supereffective|p1a: Clodsire\n|-damage|p1a: Clodsire|0 fnt\n|faint|p1a: Clodsire\n|\n|-damage|p2a: TorTerraia|0 fnt|[from] psn\n|faint|p2a: TorTerraia\n|upkeep\n|\n|t:|1698584703\n|switch|p2a: Kraft|Gholdengo|100\/100\n|switch|p1a: Ursaluna|Ursaluna-Bloodmoon, M|100\/100\n|turn|6\n|\n|t:|1698584712\n|move|p2a: Kraft|Shadow Ball|p1a: Ursaluna\n|-immune|p1a: Ursaluna\n|move|p1a: Ursaluna|Substitute|p1a: Ursaluna\n|-start|p1a: Ursaluna|Substitute\n|-damage|p1a: Ursaluna|76\/100\n|\n|upkeep\n|turn|7\n|\n|t:|1698584720\n|move|p2a: Kraft|Make It Rain|p1a: Ursaluna\n|-end|p1a: Ursaluna|Substitute\n|-unboost|p2a: Kraft|spa|1\n|move|p1a: Ursaluna|Earthquake|p2a: Kraft\n|-supereffective|p2a: Kraft\n|-damage|p2a: Kraft|24\/100\n|-damage|p1a: Ursaluna|66\/100|[from] item: Life Orb\n|\n|upkeep\n|turn|8\n|\n|t:|1698584730\n|move|p2a: Kraft|Nasty Plot|p2a: Kraft\n|-boost|p2a: Kraft|spa|2\n|move|p1a: Ursaluna|Crunch|p2a: Kraft\n|-supereffective|p2a: Kraft\n|-damage|p2a: Kraft|0 fnt\n|faint|p2a: Kraft\n|-damage|p1a: Ursaluna|56\/100|[from] item: Life Orb\n|\n|upkeep\n|\n|t:|1698584738\n|switch|p2a: Hecate|Espeon, F|100\/100\n|turn|9\n|\n|t:|1698584742\n|move|p2a: Hecate|Psychic|p1a: Ursaluna\n|-damage|p1a: Ursaluna|0 fnt\n|faint|p1a: Ursaluna\n|\n|upkeep\n|\n|t:|1698584750\n|switch|p1a: Kyogre|Kyogre, shiny|100\/100\n|-weather|RainDance|[from] ability: Drizzle|[of] p1a: Kyogre\n|turn|10\n|\n|t:|1698584758\n|-terastallize|p2a: Hecate|Psychic\n|move|p2a: Hecate|Psychic|p1a: Kyogre\n|-damage|p1a: Kyogre|52\/100\n|move|p1a: Kyogre|Thunder|p2a: Hecate\n|-crit|p2a: Hecate\n|-damage|p2a: Hecate|14\/100\n|-status|p2a: Hecate|par\n|\n|-weather|RainDance|[upkeep]\n|upkeep\n|turn|11\n|\n|t:|1698584767\n|move|p1a: Kyogre|Ice Beam|p2a: Hecate\n|-damage|p2a: Hecate|0 fnt\n|faint|p2a: Hecate\n|\n|-weather|RainDance|[upkeep]\n|upkeep\n|\n|t:|1698584772\n|switch|p2a: Zenitzu|Luxray, M, shiny|100\/100\n|-ability|p2a: Zenitzu|Intimidate|boost\n|-unboost|p1a: Kyogre|atk|1\n|turn|12\n|c|\u2606TBGoat12)|gg\n|\n|t:|1698584778\n|move|p1a: Kyogre|Rest|p1a: Kyogre\n|-status|p1a: Kyogre|slp|[from] move: Rest\n|-heal|p1a: Kyogre|100\/100 slp|[silent]\n|-enditem|p1a: Kyogre|Chesto Berry|[eat]\n|-curestatus|p1a: Kyogre|slp|[msg]\n|move|p2a: Zenitzu|Thunderbolt|p1a: Kyogre\n|-supereffective|p1a: Kyogre\n|-damage|p1a: Kyogre|51\/100\n|\n|-weather|RainDance|[upkeep]\n|upkeep\n|turn|13\n|\n|t:|1698584788\n|move|p1a: Kyogre|Ice Beam|p2a: Zenitzu\n|-damage|p2a: Zenitzu|55\/100\n|move|p2a: Zenitzu|Thunderbolt|p1a: Kyogre\n|-supereffective|p1a: Kyogre\n|-damage|p1a: Kyogre|4\/100\n|\n|-weather|RainDance|[upkeep]\n|-heal|p2a: Zenitzu|61\/100|[from] item: Leftovers\n|upkeep\n|turn|14\n|\n|t:|1698584796\n|move|p1a: Kyogre|Ice Beam|p2a: Zenitzu\n|-damage|p2a: Zenitzu|18\/100\n|move|p2a: Zenitzu|Thunderbolt|p1a: Kyogre\n|-supereffective|p1a: Kyogre\n|-damage|p1a: Kyogre|0 fnt\n|faint|p1a: Kyogre\n|\n|-weather|none\n|-heal|p2a: Zenitzu|24\/100|[from] item: Leftovers\n|upkeep\n|\n|t:|1698584810\n|switch|p1a: Calyrex|Calyrex-Shadow|100\/100\n|-ability|p1a: Calyrex|As One\n|-ability|p1a: Calyrex|Unnerve\n|turn|15\n|\n|t:|1698584816\n|move|p1a: Calyrex|Astral Barrage|p2a: Zenitzu\n|-damage|p2a: Zenitzu|0 fnt\n|faint|p2a: Zenitzu\n|-ability|p1a: Calyrex|Grim Neigh|boost\n|-boost|p1a: Calyrex|spa|1\n|\n|upkeep\n|\n|t:|1698584824\n|switch|p2a: Mothra|Volcarona, F|100\/100\n|turn|16\n|\n|t:|1698584830\n|move|p1a: Calyrex|Astral Barrage|p2a: Mothra\n|-damage|p2a: Mothra|0 fnt\n|faint|p2a: Mothra\n|-ability|p1a: Calyrex|Grim Neigh|boost\n|-boost|p1a: Calyrex|spa|1\n|\n|upkeep\n|inactive|TBGoat12) has 120 seconds left.\n|inactive|TBGoat12) has 90 seconds left.\n|inactive|TBGoat12) has 60 seconds left.\n|inactive|TBGoat12) has 30 seconds left.\n|inactive|TBGoat12) has 20 seconds left.\n|inactive|TBGoat12) has 15 seconds left.\n|c|\u2606sendfreegifttome|Gg\n|inactive|TBGoat12) has 10 seconds left.\n|c|\u2606sendfreegifttome|Well played\n|inactive|TBGoat12) has 5 seconds left.\n|-message|TBGoat12) lost due to inactivity.\n|\n|win|sendfreegifttome\n|raw|sendfreegifttome's rating: 1164 &rarr; <strong>1186<\/strong><br \/>(+22 for winning)\n|raw|TBGoat12)'s rating: 1121 &rarr; <strong>1099<\/strong><br \/>(-22 for losing)\n","uploadtime":1698584990,"views":14,"p1id":"sendfreegifttome","p2id":"tbgoat12","formatid":"gen9anythinggoes","rating":1099,"private":0,"password":""}