{"id":"gen9anythinggoes-1976924929","p1":"toloveocean","p2":"Tedtosterone","format":"[Gen 9] Anything Goes","log":"|j|\u2606toloveocean\n|j|\u2606Tedtosterone\n|t:|1698352949\n|gametype|singles\n|player|p1|toloveocean|2|\n|player|p2|Tedtosterone|ghetsis-gen5bw|\n|teamsize|p1|6\n|teamsize|p2|6\n|gen|9\n|tier|[Gen 9] Anything Goes\n|rule|HP Percentage Mod: HP is shown in percentages\n|rule|Endless Battle Clause: Forcing endless battles is banned\n|clearpoke\n|poke|p1|Armarouge, M|\n|poke|p1|Meowscarada, M|\n|poke|p1|Zapdos-Galar|\n|poke|p1|Magnezone|\n|poke|p1|Ninetales, F|\n|poke|p1|Walking Wake|\n|poke|p2|Samurott-Hisui, M|\n|poke|p2|Arcanine-Hisui, M|\n|poke|p2|Baxcalibur, M|\n|poke|p2|Mimikyu, F|\n|poke|p2|Slowking-Galar, M|\n|poke|p2|Kingambit, M|\n|teampreview\n|j| caligulahar\n|inactive|Battle timer is ON: inactive players will automatically lose when time's up. (requested by Tedtosterone)\n|\n|t:|1698353014\n|start\n|switch|p1a: Zapdos|Zapdos-Galar|100\/100\n|switch|p2a: Jin|Samurott-Hisui, M|100\/100\n|turn|1\n|\n|t:|1698353033\n|move|p1a: Zapdos|Close Combat|p2a: Jin\n|-supereffective|p2a: Jin\n|-enditem|p2a: Jin|Focus Sash\n|-damage|p2a: Jin|1\/100\n|-unboost|p1a: Zapdos|def|1\n|-unboost|p1a: Zapdos|spd|1\n|move|p2a: Jin|Ceaseless Edge|p1a: Zapdos\n|-resisted|p1a: Zapdos\n|-damage|p1a: Zapdos|61\/100\n|-sidestart|p1: toloveocean|Spikes\n|\n|upkeep\n|turn|2\n|\n|t:|1698353042\n|move|p2a: Jin|Aqua Jet|p1a: Zapdos\n|-damage|p1a: Zapdos|27\/100\n|move|p1a: Zapdos|Close Combat|p2a: Jin\n|-supereffective|p2a: Jin\n|-crit|p2a: Jin\n|-damage|p2a: Jin|0 fnt\n|-unboost|p1a: Zapdos|def|1\n|-unboost|p1a: Zapdos|spd|1\n|faint|p2a: Jin\n|\n|upkeep\n|\n|t:|1698353056\n|switch|p2a: Gooner|Mimikyu, F|100\/100\n|turn|3\n|\n|t:|1698353082\n|switch|p1a: Ninetales|Ninetales, F|100\/100\n|-damage|p1a: Ninetales|88\/100|[from] Spikes\n|-weather|SunnyDay|[from] ability: Drought|[of] p1a: Ninetales\n|move|p2a: Gooner|Swords Dance|p2a: Gooner\n|-boost|p2a: Gooner|atk|2\n|\n|-weather|SunnyDay|[upkeep]\n|upkeep\n|turn|4\n|inactive|toloveocean has 270 seconds left.\n|\n|t:|1698353101\n|move|p1a: Ninetales|Disable|p2a: Gooner\n|-start|p2a: Gooner|Disable|Swords Dance\n|cant|p2a: Gooner|Disable|Swords Dance\n|\n|-weather|SunnyDay|[upkeep]\n|upkeep\n|turn|5\n|inactive|toloveocean has 270 seconds left.\n|\n|t:|1698353112\n|move|p2a: Gooner|Shadow Sneak|p1a: Ninetales\n|-damage|p1a: Ninetales|28\/100\n|-damage|p2a: Gooner|91\/100|[from] item: Life Orb\n|move|p1a: Ninetales|Will-O-Wisp|p2a: Gooner\n|-status|p2a: Gooner|brn\n|\n|-weather|SunnyDay|[upkeep]\n|-damage|p2a: Gooner|85\/100 brn|[from] brn\n|upkeep\n|turn|6\n|inactive|toloveocean has 270 seconds left.\n|\n|t:|1698353126\n|move|p2a: Gooner|Shadow Sneak|p1a: Ninetales\n|-damage|p1a: Ninetales|0 fnt\n|faint|p1a: Ninetales\n|-damage|p2a: Gooner|75\/100 brn|[from] item: Life Orb\n|\n|-weather|SunnyDay|[upkeep]\n|-damage|p2a: Gooner|69\/100 brn|[from] brn\n|upkeep\n|inactive|toloveocean has 270 seconds left.\n|\n|t:|1698353157\n|switch|p1a: Armarouge|Armarouge, M|100\/100\n|-damage|p1a: Armarouge|88\/100|[from] Spikes\n|turn|7\n|inactive|toloveocean has 240 seconds left.\n|\n|t:|1698353180\n|move|p2a: Gooner|Shadow Sneak|p1a: Armarouge\n|-supereffective|p1a: Armarouge\n|-damage|p1a: Armarouge|49\/100\n|-damage|p2a: Gooner|59\/100 brn|[from] item: Life Orb\n|move|p1a: Armarouge|Armor Cannon|p2a: Gooner\n|-activate|p2a: Gooner|ability: Disguise\n|-damage|p2a: Gooner|59\/100 brn\n|-unboost|p1a: Armarouge|def|1\n|-unboost|p1a: Armarouge|spd|1\n|detailschange|p2a: Gooner|Mimikyu-Busted, F\n|-damage|p2a: Gooner|46\/100 brn|[from] pokemon: Mimikyu-Busted\n|\n|-weather|SunnyDay|[upkeep]\n|-damage|p2a: Gooner|40\/100 brn|[from] brn\n|-end|p2a: Gooner|Disable\n|upkeep\n|turn|8\n|inactive|toloveocean has 240 seconds left.\n|\n|t:|1698353204\n|switch|p1a: Magnezone|Magnezone|100\/100\n|-damage|p1a: Magnezone|88\/100|[from] Spikes\n|move|p2a: Gooner|Shadow Sneak|p1a: Magnezone\n|-damage|p1a: Magnezone|71\/100\n|-damage|p2a: Gooner|30\/100 brn|[from] item: Life Orb\n|\n|-weather|SunnyDay|[upkeep]\n|-damage|p2a: Gooner|24\/100 brn|[from] brn\n|upkeep\n|turn|9\n|\n|t:|1698353217\n|move|p2a: Gooner|Wood Hammer|p1a: Magnezone\n|-resisted|p1a: Magnezone\n|-damage|p1a: Magnezone|53\/100\n|-damage|p2a: Gooner|16\/100 brn|[from] Recoil\n|-damage|p2a: Gooner|6\/100 brn|[from] item: Life Orb\n|move|p1a: Magnezone|Volt Switch|p2a: Gooner\n|-damage|p2a: Gooner|0 fnt\n|faint|p2a: Gooner\n|\n|t:|1698353228\n|switch|p1a: Walking Wake|Walking Wake|100\/100|[from] Volt Switch\n|-damage|p1a: Walking Wake|88\/100|[from] Spikes\n|-activate|p1a: Walking Wake|ability: Protosynthesis\n|-start|p1a: Walking Wake|protosynthesisspe\n|\n|-weather|SunnyDay|[upkeep]\n|upkeep\n|\n|t:|1698353236\n|switch|p2a: Duke|Slowking-Galar, M|100\/100\n|turn|10\n|\n|t:|1698353248\n|move|p1a: Walking Wake|Dragon Dance|p1a: Walking Wake\n|-boost|p1a: Walking Wake|atk|1\n|-boost|p1a: Walking Wake|spe|1\n|move|p2a: Duke|Thunder Wave|p1a: Walking Wake\n|-status|p1a: Walking Wake|par\n|\n|-weather|none\n|-end|p1a: Walking Wake|Protosynthesis\n|upkeep\n|turn|11\n|\n|t:|1698353259\n|move|p1a: Walking Wake|Knock Off|p2a: Duke\n|-supereffective|p2a: Duke\n|-damage|p2a: Duke|0 fnt\n|-enditem|p2a: Duke|Heavy-Duty Boots|[from] move: Knock Off|[of] p1a: Walking Wake\n|faint|p2a: Duke\n|-damage|p1a: Walking Wake|78\/100 par|[from] item: Life Orb\n|\n|upkeep\n|\n|t:|1698353265\n|switch|p2a: Joe|Baxcalibur, M|100\/100\n|turn|12\n|inactive|toloveocean has 240 seconds left.\n|\n|t:|1698353280\n|move|p2a: Joe|Icicle Spear|p1a: Walking Wake\n|-damage|p1a: Walking Wake|63\/100 par\n|-damage|p1a: Walking Wake|47\/100 par\n|-damage|p1a: Walking Wake|31\/100 par\n|-damage|p1a: Walking Wake|17\/100 par\n|-hitcount|p1a: Walking Wake|4\n|cant|p1a: Walking Wake|par\n|\n|upkeep\n|turn|13\n|inactive|toloveocean has 240 seconds left.\n|\n|t:|1698353291\n|move|p2a: Joe|Icicle Spear|p1a: Walking Wake\n|-damage|p1a: Walking Wake|2\/100 par\n|-damage|p1a: Walking Wake|0 fnt\n|faint|p1a: Walking Wake\n|-end|p1a: Walking Wake|Protosynthesis|[silent]\n|-hitcount|p1: Walking Wake|2\n|\n|upkeep\n|inactive|toloveocean has 240 seconds left.\n|\n|t:|1698353312\n|switch|p1a: Zapdos|Zapdos-Galar|27\/100\n|turn|14\n|\n|t:|1698353323\n|move|p1a: Zapdos|Close Combat|p2a: Joe\n|-supereffective|p2a: Joe\n|-damage|p2a: Joe|0 fnt\n|-unboost|p1a: Zapdos|def|1\n|-unboost|p1a: Zapdos|spd|1\n|faint|p2a: Joe\n|\n|upkeep\n|\n|t:|1698353331\n|switch|p2a: Mikey|Arcanine-Hisui, M, shiny|100\/100\n|turn|15\n|\n|t:|1698353337\n|move|p2a: Mikey|Extreme Speed|p1a: Zapdos\n|-damage|p1a: Zapdos|0 fnt\n|faint|p1a: Zapdos\n|\n|upkeep\n|inactive|toloveocean has 210 seconds left.\n|\n|t:|1698353388\n|switch|p1a: Magnezone|Magnezone|53\/100\n|-damage|p1a: Magnezone|41\/100|[from] Spikes\n|turn|16\n|\n|t:|1698353395\n|move|p2a: Mikey|Extreme Speed|p1a: Magnezone\n|-resisted|p1a: Magnezone\n|-damage|p1a: Magnezone|25\/100\n|move|p1a: Magnezone|Rest|p1a: Magnezone\n|-status|p1a: Magnezone|slp|[from] move: Rest\n|-heal|p1a: Magnezone|100\/100 slp|[silent]\n|-enditem|p1a: Magnezone|Chesto Berry|[eat]\n|-curestatus|p1a: Magnezone|slp|[msg]\n|\n|upkeep\n|turn|17\n|\n|t:|1698353414\n|switch|p2a: Guts|Kingambit, M, shiny|100\/100\n|-activate|p2a: Guts|ability: Supreme Overlord\n|-start|p2a: Guts|fallen4|[silent]\n|move|p1a: Magnezone|Thunderbolt|p2a: Guts\n|-damage|p2a: Guts|26\/100\n|\n|upkeep\n|turn|18\n|\n|t:|1698353424\n|move|p2a: Guts|Sucker Punch|p1a: Magnezone\n|-damage|p1a: Magnezone|47\/100\n|move|p1a: Magnezone|Thunderbolt|p2a: Guts\n|-crit|p2a: Guts\n|-damage|p2a: Guts|0 fnt\n|faint|p2a: Guts\n|-end|p2a: Guts|fallen4|[silent]\n|\n|upkeep\n|\n|t:|1698353430\n|switch|p2a: Mikey|Arcanine-Hisui, M, shiny|100\/100\n|turn|19\n|inactive|toloveocean has 210 seconds left.\n|inactive|Tedtosterone has 270 seconds left.\n|inactive|toloveocean has 180 seconds left.\n|\n|t:|1698353467\n|move|p2a: Mikey|Flare Blitz|p1a: Magnezone\n|-supereffective|p1a: Magnezone\n|-damage|p1a: Magnezone|0 fnt\n|faint|p1a: Magnezone\n|\n|upkeep\n|inactive|toloveocean has 180 seconds left.\n|\n|t:|1698353490\n|switch|p1a: Armarouge|Armarouge, M|49\/100\n|-damage|p1a: Armarouge|36\/100|[from] Spikes\n|turn|20\n|\n|t:|1698353495\n|move|p2a: Mikey|Flare Blitz|p1a: Armarouge\n|-start|p1a: Armarouge|ability: Flash Fire\n|move|p1a: Armarouge|Psychic|p2a: Mikey\n|-damage|p2a: Mikey|33\/100\n|\n|upkeep\n|turn|21\n|\n|t:|1698353507\n|move|p2a: Mikey|Flare Blitz|p1a: Armarouge\n|-immune|p1a: Armarouge|[from] ability: Flash Fire\n|move|p1a: Armarouge|Psychic|p2a: Mikey\n|-damage|p2a: Mikey|0 fnt\n|faint|p2a: Mikey\n|\n|win|toloveocean\n","uploadtime":1698353518,"views":19,"p1id":"toloveocean","p2id":"tedtosterone","formatid":"gen9anythinggoes","rating":0,"private":0,"password":""}