{"id":"gen9anythinggoes-1990019575","p1":"Lucky0wll","p2":"SonicSpeedKaleb","format":"[Gen 9] Anything Goes","log":"|j|\u2606Lucky0wll\n|j|\u2606SonicSpeedKaleb\n|t:|1699916004\n|gametype|singles\n|player|p1|Lucky0wll|veteran|1341\n|player|p2|SonicSpeedKaleb|2|1350\n|teamsize|p1|6\n|teamsize|p2|6\n|gen|9\n|tier|[Gen 9] Anything Goes\n|rated|\n|rule|HP Percentage Mod: HP is shown in percentages\n|rule|Endless Battle Clause: Forcing endless battles is banned\n|clearpoke\n|poke|p1|Basculegion, M|\n|poke|p1|Cinderace, F|\n|poke|p1|Arboliva, F|\n|poke|p1|Pelipper, M|\n|poke|p1|Palafin, F|\n|poke|p1|Calyrex-Shadow|\n|poke|p2|Skeledirge, M|\n|poke|p2|Pawmot, M|\n|poke|p2|Gardevoir, F|\n|poke|p2|Staraptor, M|\n|poke|p2|Lycanroc, M|\n|poke|p2|Baxcalibur, F|\n|teampreview\n|c|\u2606SonicSpeedKaleb|Let's rock with fair and not annoying strats!\n|inactive|Battle timer is ON: inactive players will automatically lose when time's up. (requested by SonicSpeedKaleb)\n|\n|t:|1699916020\n|start\n|switch|p1a: Palafin|Palafin, F|100\/100\n|switch|p2a: Lycanroc|Lycanroc, M|100\/100\n|turn|1\n|\n|t:|1699916025\n|move|p1a: Palafin|Flip Turn|p2a: Lycanroc\n|-supereffective|p2a: Lycanroc\n|-damage|p2a: Lycanroc|26\/100\n|\n|t:|1699916030\n|detailschange|p1a: Palafin|Palafin-Hero, F\n|switch|p1a: Arboliva|Arboliva, F, shiny|100\/100|[from] Flip Turn\n|move|p2a: Lycanroc|Stealth Rock|p1a: Arboliva\n|-sidestart|p1: Lucky0wll|move: Stealth Rock\n|\n|upkeep\n|turn|2\n|\n|t:|1699916035\n|move|p2a: Lycanroc|Brick Break|p1a: Arboliva\n|-supereffective|p1a: Arboliva\n|-damage|p1a: Arboliva|49\/100\n|-fieldstart|move: Grassy Terrain|[from] ability: Seed Sower|[of] p1a: Arboliva\n|-enditem|p1a: Arboliva|Grassy Seed\n|-boost|p1a: Arboliva|def|1|[from] item: Grassy Seed\n|move|p1a: Arboliva|Leech Seed|p2a: Lycanroc|[miss]\n|-miss|p1a: Arboliva|p2a: Lycanroc\n|\n|-heal|p2a: Lycanroc|32\/100|[from] Grassy Terrain\n|-heal|p1a: Arboliva|55\/100|[from] Grassy Terrain\n|upkeep\n|turn|3\n|\n|t:|1699916046\n|move|p2a: Lycanroc|Brick Break|p1a: Arboliva\n|-supereffective|p1a: Arboliva\n|-damage|p1a: Arboliva|19\/100\n|move|p1a: Arboliva|Strength Sap|p2a: Lycanroc\n|-unboost|p2a: Lycanroc|atk|1\n|-heal|p1a: Arboliva|100\/100\n|\n|-heal|p2a: Lycanroc|38\/100|[from] Grassy Terrain\n|upkeep\n|turn|4\n|\n|t:|1699916058\n|move|p2a: Lycanroc|Brick Break|p1a: Arboliva\n|-supereffective|p1a: Arboliva\n|-damage|p1a: Arboliva|80\/100\n|move|p1a: Arboliva|Leech Seed|p2a: Lycanroc\n|-start|p2a: Lycanroc|move: Leech Seed\n|\n|-heal|p2a: Lycanroc|44\/100|[from] Grassy Terrain\n|-heal|p1a: Arboliva|86\/100|[from] Grassy Terrain\n|-damage|p2a: Lycanroc|32\/100|[from] Leech Seed|[of] p1a: Arboliva\n|-heal|p1a: Arboliva|96\/100|[silent]\n|upkeep\n|turn|5\n|\n|t:|1699916069\n|move|p2a: Lycanroc|Brick Break|p1a: Arboliva\n|-supereffective|p1a: Arboliva\n|-crit|p1a: Arboliva\n|-damage|p1a: Arboliva|24\/100\n|move|p1a: Arboliva|Weather Ball|p2a: Lycanroc\n|-resisted|p2a: Lycanroc\n|-damage|p2a: Lycanroc|15\/100\n|\n|-heal|p2a: Lycanroc|21\/100|[from] Grassy Terrain\n|-heal|p1a: Arboliva|30\/100|[from] Grassy Terrain\n|-damage|p2a: Lycanroc|8\/100|[from] Leech Seed|[of] p1a: Arboliva\n|-heal|p1a: Arboliva|40\/100|[silent]\n|upkeep\n|turn|6\n|\n|t:|1699916079\n|move|p2a: Lycanroc|Brick Break|p1a: Arboliva\n|-supereffective|p1a: Arboliva\n|-damage|p1a: Arboliva|18\/100\n|move|p1a: Arboliva|Strength Sap|p2a: Lycanroc\n|-unboost|p2a: Lycanroc|atk|1\n|-heal|p1a: Arboliva|79\/100\n|\n|-heal|p2a: Lycanroc|15\/100|[from] Grassy Terrain\n|-heal|p1a: Arboliva|85\/100|[from] Grassy Terrain\n|-damage|p2a: Lycanroc|2\/100|[from] Leech Seed|[of] p1a: Arboliva\n|-heal|p1a: Arboliva|95\/100|[silent]\n|-fieldend|move: Grassy Terrain\n|upkeep\n|turn|7\n|inactive|Lucky0wll has 120 seconds left.\n|c|\u2606SonicSpeedKaleb|Stall is gay.\n|\n|t:|1699916111\n|move|p1a: Arboliva|Protect|p1a: Arboliva\n|-singleturn|p1a: Arboliva|Protect\n|move|p2a: Lycanroc|Brick Break|p1a: Arboliva\n|-activate|p1a: Arboliva|move: Protect\n|\n|-damage|p2a: Lycanroc|0 fnt|[from] Leech Seed|[of] p1a: Arboliva\n|-heal|p1a: Arboliva|97\/100|[silent]\n|faint|p2a: Lycanroc\n|upkeep\n|\n|t:|1699916119\n|switch|p2a: Staraptor|Staraptor, M|100\/100\n|-ability|p2a: Staraptor|Intimidate|boost\n|-unboost|p1a: Arboliva|atk|1\n|turn|8\n|\n|t:|1699916125\n|move|p2a: Staraptor|Tailwind|p2a: Staraptor\n|-sidestart|p2: SonicSpeedKaleb|move: Tailwind\n|move|p1a: Arboliva|Leech Seed|p2a: Staraptor\n|-start|p2a: Staraptor|move: Leech Seed\n|\n|-damage|p2a: Staraptor|88\/100|[from] Leech Seed|[of] p1a: Arboliva\n|-heal|p1a: Arboliva|100\/100|[silent]\n|upkeep\n|turn|9\n|\n|t:|1699916130\n|move|p1a: Arboliva|Protect|p1a: Arboliva\n|-singleturn|p1a: Arboliva|Protect\n|move|p2a: Staraptor|Acrobatics|p1a: Arboliva\n|-activate|p1a: Arboliva|move: Protect\n|\n|-damage|p2a: Staraptor|75\/100|[from] Leech Seed|[of] p1a: Arboliva\n|upkeep\n|turn|10\n|\n|t:|1699916135\n|move|p2a: Staraptor|Acrobatics|p1a: Arboliva\n|-supereffective|p1a: Arboliva\n|-damage|p1a: Arboliva|14\/100\n|-fieldstart|move: Grassy Terrain|[from] ability: Seed Sower|[of] p1a: Arboliva\n|move|p1a: Arboliva|Strength Sap|p2a: Staraptor\n|-unboost|p2a: Staraptor|atk|1\n|-heal|p1a: Arboliva|100\/100\n|\n|-damage|p2a: Staraptor|63\/100|[from] Leech Seed|[of] p1a: Arboliva\n|upkeep\n|turn|11\n|\n|t:|1699916146\n|move|p2a: Staraptor|Acrobatics|p1a: Arboliva\n|-supereffective|p1a: Arboliva\n|-damage|p1a: Arboliva|43\/100\n|move|p1a: Arboliva|Strength Sap|p2a: Staraptor\n|-unboost|p2a: Staraptor|atk|1\n|-heal|p1a: Arboliva|100\/100\n|\n|-damage|p2a: Staraptor|50\/100|[from] Leech Seed|[of] p1a: Arboliva\n|-sideend|p2: SonicSpeedKaleb|move: Tailwind\n|upkeep\n|turn|12\n|\n|t:|1699916155\n|move|p2a: Staraptor|Tailwind|p2a: Staraptor\n|-sidestart|p2: SonicSpeedKaleb|move: Tailwind\n|move|p1a: Arboliva|Weather Ball|p2a: Staraptor\n|-damage|p2a: Staraptor|18\/100\n|\n|-damage|p2a: Staraptor|6\/100|[from] Leech Seed|[of] p1a: Arboliva\n|upkeep\n|turn|13\n|\n|t:|1699916161\n|move|p1a: Arboliva|Protect|p1a: Arboliva\n|-singleturn|p1a: Arboliva|Protect\n|move|p2a: Staraptor|Brave Bird|p1a: Arboliva\n|-activate|p1a: Arboliva|move: Protect\n|\n|-damage|p2a: Staraptor|0 fnt|[from] Leech Seed|[of] p1a: Arboliva\n|faint|p2a: Staraptor\n|upkeep\n|\n|t:|1699916172\n|switch|p2a: Gardevoir|Gardevoir, F|100\/100\n|-ability|p2a: Gardevoir|Seed Sower|[from] ability: Trace|[of] p1a: Arboliva\n|turn|14\n|\n|t:|1699916176\n|move|p2a: Gardevoir|Calm Mind|p2a: Gardevoir\n|-boost|p2a: Gardevoir|spa|1\n|-boost|p2a: Gardevoir|spd|1\n|move|p1a: Arboliva|Leech Seed|p2a: Gardevoir\n|-start|p2a: Gardevoir|move: Leech Seed\n|\n|-damage|p2a: Gardevoir|88\/100|[from] Leech Seed|[of] p1a: Arboliva\n|-fieldend|move: Grassy Terrain\n|upkeep\n|turn|15\n|\n|t:|1699916183\n|move|p2a: Gardevoir|Calm Mind|p2a: Gardevoir\n|-boost|p2a: Gardevoir|spa|1\n|-boost|p2a: Gardevoir|spd|1\n|move|p1a: Arboliva|Weather Ball|p2a: Gardevoir\n|-damage|p2a: Gardevoir|78\/100\n|-fieldstart|move: Grassy Terrain|[from] ability: Seed Sower|[of] p2a: Gardevoir\n|\n|-heal|p2a: Gardevoir|84\/100|[from] Grassy Terrain\n|-damage|p2a: Gardevoir|72\/100|[from] Leech Seed|[of] p1a: Arboliva\n|-sideend|p2: SonicSpeedKaleb|move: Tailwind\n|upkeep\n|turn|16\n|\n|t:|1699916195\n|move|p2a: Gardevoir|Calm Mind|p2a: Gardevoir\n|-boost|p2a: Gardevoir|spa|1\n|-boost|p2a: Gardevoir|spd|1\n|move|p1a: Arboliva|Weather Ball|p2a: Gardevoir\n|-damage|p2a: Gardevoir|65\/100\n|\n|-heal|p2a: Gardevoir|71\/100|[from] Grassy Terrain\n|-damage|p2a: Gardevoir|59\/100|[from] Leech Seed|[of] p1a: Arboliva\n|upkeep\n|turn|17\n|\n|t:|1699916205\n|move|p1a: Arboliva|Protect|p1a: Arboliva\n|-singleturn|p1a: Arboliva|Protect\n|move|p2a: Gardevoir|Moonblast|p1a: Arboliva\n|-activate|p1a: Arboliva|move: Protect\n|\n|-heal|p2a: Gardevoir|65\/100|[from] Grassy Terrain\n|-damage|p2a: Gardevoir|53\/100|[from] Leech Seed|[of] p1a: Arboliva\n|upkeep\n|turn|18\n|\n|t:|1699916216\n|move|p2a: Gardevoir|Moonblast|p1a: Arboliva\n|-damage|p1a: Arboliva|20\/100\n|move|p1a: Arboliva|Weather Ball|p2a: Gardevoir\n|-damage|p2a: Gardevoir|45\/100\n|\n|-heal|p2a: Gardevoir|52\/100|[from] Grassy Terrain\n|-heal|p1a: Arboliva|26\/100|[from] Grassy Terrain\n|-damage|p2a: Gardevoir|39\/100|[from] Leech Seed|[of] p1a: Arboliva\n|-heal|p1a: Arboliva|36\/100|[silent]\n|upkeep\n|turn|19\n|\n|t:|1699916226\n|move|p1a: Arboliva|Protect|p1a: Arboliva\n|-singleturn|p1a: Arboliva|Protect\n|move|p2a: Gardevoir|Moonblast|p1a: Arboliva\n|-activate|p1a: Arboliva|move: Protect\n|\n|-heal|p2a: Gardevoir|45\/100|[from] Grassy Terrain\n|-heal|p1a: Arboliva|42\/100|[from] Grassy Terrain\n|-damage|p2a: Gardevoir|33\/100|[from] Leech Seed|[of] p1a: Arboliva\n|-heal|p1a: Arboliva|51\/100|[silent]\n|-fieldend|move: Grassy Terrain\n|upkeep\n|turn|20\n|\n|t:|1699916238\n|move|p2a: Gardevoir|Moonblast|p1a: Arboliva\n|-damage|p1a: Arboliva|0 fnt\n|-fieldstart|move: Grassy Terrain|[from] ability: Seed Sower|[of] p1a: Arboliva\n|faint|p1a: Arboliva\n|\n|-heal|p2a: Gardevoir|39\/100|[from] Grassy Terrain\n|upkeep\n|c|\u2606SonicSpeedKaleb|Ha! Your stall fetishizer is gone!\n|\n|t:|1699916253\n|switch|p1a: Palafin|Palafin-Hero, F|100\/100\n|-damage|p1a: Palafin|88\/100|[from] Stealth Rock\n|-activate|p1a: Palafin|ability: Zero to Hero\n|turn|21\n|\n|t:|1699916262\n|move|p1a: Palafin|Flip Turn|p2a: Gardevoir\n|-damage|p2a: Gardevoir|0 fnt\n|faint|p2a: Gardevoir\n|\n|t:|1699916268\n|switch|p1a: Cinderace|Cinderace, F|100\/100|[from] Flip Turn\n|\n|upkeep\n|\n|t:|1699916273\n|switch|p2a: Baxcalibur|Baxcalibur, F|100\/100\n|turn|22\n|\n|t:|1699916277\n|move|p1a: Cinderace|Court Change|p1a: Cinderace\n|-start|p1a: Cinderace|typechange|Normal|[from] ability: Libero\n|-swapsideconditions\n|-activate|p1a: Cinderace|move: Court Change\n|move|p2a: Baxcalibur|Earthquake|p1a: Cinderace\n|-damage|p1a: Cinderace|73\/100\n|\n|-heal|p1a: Cinderace|79\/100|[from] Grassy Terrain\n|upkeep\n|turn|23\n|-message|SonicSpeedKaleb forfeited.\n|\n|win|Lucky0wll\n|raw|Lucky0wll's rating: 1341 &rarr; <strong>1362<\/strong><br \/>(+21 for winning)\n|raw|SonicSpeedKaleb's rating: 1350 &rarr; <strong>1329<\/strong><br \/>(-21 for losing)\n|l|\u2606SonicSpeedKaleb\n","uploadtime":1699916286,"views":5,"p1id":"lucky0wll","p2id":"sonicspeedkaleb","formatid":"gen9anythinggoes","rating":1329,"private":0,"password":""}