{"id":"gen9anythinggoes-1995282727","p1":"GreenyLover","p2":"i5i","format":"[Gen 9] Anything Goes","log":"|j|\u2606GreenyLover\n|j|\u2606i5i\n|t:|1700546424\n|gametype|singles\n|player|p1|GreenyLover|266|\n|player|p2|i5i|n|\n|teamsize|p1|6\n|teamsize|p2|6\n|gen|9\n|tier|[Gen 9] Anything Goes\n|rule|HP Percentage Mod: HP is shown in percentages\n|rule|Endless Battle Clause: Forcing endless battles is banned\n|clearpoke\n|poke|p1|Klawf, M|\n|poke|p1|Dusknoir, M|\n|poke|p1|Basculin, M|\n|poke|p1|Probopass, F|\n|poke|p1|Slither Wing|\n|poke|p1|Torterra, F|\n|poke|p2|Brambleghast, M|\n|poke|p2|Mandibuzz, F|\n|poke|p2|Cyclizar, M|\n|poke|p2|Kommo-o, F|\n|poke|p2|Torkoal, F|\n|poke|p2|Mamoswine, F|\n|teampreview\n|inactive|Battle timer is ON: inactive players will automatically lose when time's up. (requested by i5i)\n|\n|t:|1700546440\n|start\n|switch|p1a: Gross Dinner|Slither Wing|100\/100\n|switch|p2a: Cyclizar|Cyclizar, M|100\/100\n|-enditem|p1a: Gross Dinner|Booster Energy\n|-activate|p1a: Gross Dinner|ability: Protosynthesis|[fromitem]\n|-start|p1a: Gross Dinner|protosynthesisatk\n|turn|1\n|\n|t:|1700546449\n|move|p2a: Cyclizar|Shift Gear|p2a: Cyclizar\n|-boost|p2a: Cyclizar|spe|2\n|-boost|p2a: Cyclizar|atk|1\n|move|p1a: Gross Dinner|Whirlwind|p2a: Cyclizar\n|drag|p2a: Kommo-o|Kommo-o, F, shiny|100\/100\n|\n|upkeep\n|turn|2\n|\n|t:|1700546462\n|move|p2a: Kommo-o|Clanging Scales|p1a: Gross Dinner\n|-damage|p1a: Gross Dinner|52\/100\n|-unboost|p2a: Kommo-o|def|1\n|-enditem|p2a: Kommo-o|Throat Spray\n|-boost|p2a: Kommo-o|spa|1|[from] item: Throat Spray\n|move|p1a: Gross Dinner|Lunge|p2a: Kommo-o\n|-resisted|p2a: Kommo-o\n|-damage|p2a: Kommo-o|57\/100\n|-unboost|p2a: Kommo-o|atk|1\n|\n|upkeep\n|turn|3\n|\n|t:|1700546472\n|move|p2a: Kommo-o|Clanging Scales|p1a: Gross Dinner\n|-damage|p1a: Gross Dinner|0 fnt\n|faint|p1a: Gross Dinner\n|-end|p1a: Gross Dinner|Protosynthesis|[silent]\n|-unboost|p2a: Kommo-o|def|1\n|\n|upkeep\n|\n|t:|1700546480\n|switch|p1a: Not Dinner|Probopass, F, shiny|100\/100\n|turn|4\n|\n|t:|1700546486\n|move|p2a: Kommo-o|Aura Sphere|p1a: Not Dinner\n|-supereffective|p1a: Not Dinner\n|-ability|p1a: Not Dinner|Sturdy\n|-damage|p1a: Not Dinner|1\/100\n|move|p1a: Not Dinner|Body Slam|p2a: Kommo-o\n|-damage|p2a: Kommo-o|34\/100\n|\n|-heal|p1a: Not Dinner|7\/100|[from] item: Leftovers\n|upkeep\n|turn|5\n|\n|t:|1700546502\n|move|p2a: Kommo-o|Aura Sphere|p1a: Not Dinner\n|-supereffective|p1a: Not Dinner\n|-damage|p1a: Not Dinner|0 fnt\n|faint|p1a: Not Dinner\n|\n|upkeep\n|\n|t:|1700546511\n|switch|p1a: I eat Dinner|Dusknoir, M, shiny|100\/100\n|-ability|p1a: I eat Dinner|Pressure\n|turn|6\n|\n|t:|1700546517\n|move|p1a: I eat Dinner|Trick|p2a: Kommo-o\n|-activate|p1a: I eat Dinner|move: Trick|[of] p2a: Kommo-o\n|-item|p2a: Kommo-o|Choice Scarf|[from] move: Trick\n|-enditem|p1a: I eat Dinner|Choice Scarf|[silent]|[from] move: Trick\n|move|p2a: Kommo-o|Clangorous Soul|p2a: Kommo-o\n|-boost|p2a: Kommo-o|atk|1\n|-boost|p2a: Kommo-o|def|1\n|-boost|p2a: Kommo-o|spa|1\n|-boost|p2a: Kommo-o|spd|1\n|-boost|p2a: Kommo-o|spe|1\n|-damage|p2a: Kommo-o|1\/100\n|\n|upkeep\n|turn|7\n|\n|t:|1700546527\n|move|p1a: I eat Dinner|Shadow Sneak|p2a: Kommo-o\n|-damage|p2a: Kommo-o|0 fnt\n|faint|p2a: Kommo-o\n|\n|upkeep\n|\n|t:|1700546536\n|switch|p2a: Cyclizar|Cyclizar, M|100\/100\n|turn|8\n|\n|t:|1700546545\n|move|p2a: Cyclizar|Shed Tail|p2a: Cyclizar\n|-start|p2a: Cyclizar|Substitute|[from] move: Shed Tail\n|-damage|p2a: Cyclizar|50\/100\n|\n|t:|1700546548\n|switch|p2a: Torkoal|Torkoal, F, shiny|100\/100|[from] Shed Tail\n|-weather|SunnyDay|[from] ability: Drought|[of] p2a: Torkoal\n|move|p1a: I eat Dinner|Poltergeist|p2a: Torkoal\n|-activate|p2a: Torkoal|move: Poltergeist|Leftovers\n|-end|p2a: Torkoal|Substitute\n|\n|-weather|SunnyDay|[upkeep]\n|upkeep\n|turn|9\n|\n|t:|1700546561\n|move|p1a: I eat Dinner|Trick|p2a: Torkoal\n|-activate|p1a: I eat Dinner|move: Trick|[of] p2a: Torkoal\n|-enditem|p2a: Torkoal|Leftovers|[silent]|[from] move: Trick\n|-item|p1a: I eat Dinner|Leftovers|[from] move: Trick\n|move|p2a: Torkoal|Shell Smash|p2a: Torkoal\n|-unboost|p2a: Torkoal|def|1\n|-unboost|p2a: Torkoal|spd|1\n|-boost|p2a: Torkoal|atk|2\n|-boost|p2a: Torkoal|spa|2\n|-boost|p2a: Torkoal|spe|2\n|\n|-weather|SunnyDay|[upkeep]\n|upkeep\n|turn|10\n|\n|t:|1700546582\n|move|p2a: Torkoal|Shell Smash|p2a: Torkoal\n|-unboost|p2a: Torkoal|def|1\n|-unboost|p2a: Torkoal|spd|1\n|-boost|p2a: Torkoal|atk|2\n|-boost|p2a: Torkoal|spa|2\n|-boost|p2a: Torkoal|spe|2\n|move|p1a: I eat Dinner|Poltergeist||[still]\n|-fail|p1a: I eat Dinner\n|\n|-weather|SunnyDay|[upkeep]\n|upkeep\n|turn|11\n|\n|t:|1700546592\n|move|p1a: I eat Dinner|Shadow Sneak|p2a: Torkoal\n|-damage|p2a: Torkoal|71\/100\n|move|p2a: Torkoal|Eruption|p1a: I eat Dinner\n|-damage|p1a: I eat Dinner|0 fnt\n|faint|p1a: I eat Dinner\n|\n|-weather|SunnyDay|[upkeep]\n|upkeep\n|\n|t:|1700546600\n|switch|p1a: Nice Dinner :)|Klawf, M, shiny|100\/100\n|turn|12\n|\n|t:|1700546604\n|move|p2a: Torkoal|Earth Power|p1a: Nice Dinner :)\n|-supereffective|p1a: Nice Dinner :)\n|-damage|p1a: Nice Dinner :)|0 fnt\n|faint|p1a: Nice Dinner :)\n|\n|-weather|none\n|upkeep\n|\n|t:|1700546609\n|switch|p1a: Dinner II|Basculin, M, shiny|100\/100\n|turn|13\n|\n|t:|1700546619\n|move|p2a: Torkoal|Earth Power|p1a: Dinner II\n|-damage|p1a: Dinner II|0 fnt\n|faint|p1a: Dinner II\n|\n|upkeep\n|\n|t:|1700546623\n|switch|p1a: Healthy Dinner|Torterra, F, shiny|100\/100\n|turn|14\n|\n|t:|1700546627\n|move|p2a: Torkoal|Flamethrower|p1a: Healthy Dinner\n|-supereffective|p1a: Healthy Dinner\n|-damage|p1a: Healthy Dinner|0 fnt\n|faint|p1a: Healthy Dinner\n|\n|win|i5i\n","uploadtime":1700546634,"views":3,"p1id":"greenylover","p2id":"i5i","formatid":"gen9anythinggoes","rating":0,"private":0,"password":""}