{"id":"gen9anythinggoes-1977761955","p1":"Lagpokeman","p2":"godnotagain2","format":"[Gen 9] Anything Goes","log":"|j|\u2606Lagpokeman\n|j|\u2606godnotagain2\n|t:|1698446565\n|gametype|singles\n|player|p1|Lagpokeman|101|1089\n|player|p2|godnotagain2|101|1114\n|teamsize|p1|6\n|teamsize|p2|6\n|gen|9\n|tier|[Gen 9] Anything Goes\n|rated|\n|rule|HP Percentage Mod: HP is shown in percentages\n|rule|Endless Battle Clause: Forcing endless battles is banned\n|clearpoke\n|poke|p1|Typhlosion-Hisui, M|\n|poke|p1|Gliscor, M|\n|poke|p1|Eternatus|\n|poke|p1|Abomasnow, M|\n|poke|p1|Urshifu-*, F|\n|poke|p1|Snorlax, F|\n|poke|p2|Skeledirge, M|\n|poke|p2|Garganacl, F|\n|poke|p2|Garchomp, F|\n|poke|p2|Kilowattrel, M|\n|poke|p2|Great Tusk|\n|poke|p2|Lilligant-Hisui, F|\n|teampreview\n|\n|t:|1698446568\n|start\n|switch|p1a: Snorlax|Snorlax, F|100\/100\n|switch|p2a: Kilowattrel|Kilowattrel, M|100\/100\n|turn|1\n|\n|t:|1698446578\n|move|p2a: Kilowattrel|Volt Switch|p1a: Snorlax\n|-damage|p1a: Snorlax|73\/100\n|\n|t:|1698446581\n|switch|p2a: Skeledirge|Skeledirge, M, shiny|100\/100|[from] Volt Switch\n|move|p1a: Snorlax|Yawn|p2a: Skeledirge\n|-start|p2a: Skeledirge|move: Yawn|[of] p1a: Snorlax\n|\n|upkeep\n|turn|2\n|\n|t:|1698446588\n|switch|p2a: Garganacl|Garganacl, F, shiny|100\/100\n|move|p1a: Snorlax|Belly Drum|p1a: Snorlax\n|-damage|p1a: Snorlax|23\/100\n|-setboost|p1a: Snorlax|atk|6|[from] move: Belly Drum\n|-enditem|p1a: Snorlax|Aguav Berry|[eat]\n|-heal|p1a: Snorlax|57\/100|[from] item: Aguav Berry\n|\n|upkeep\n|turn|3\n|\n|t:|1698446610\n|move|p2a: Garganacl|Iron Defense|p2a: Garganacl\n|-boost|p2a: Garganacl|def|2\n|move|p1a: Snorlax|Body Slam|p2a: Garganacl\n|-resisted|p2a: Garganacl\n|-damage|p2a: Garganacl|78\/100\n|\n|-heal|p2a: Garganacl|85\/100|[from] item: Leftovers\n|upkeep\n|turn|4\n|\n|t:|1698446622\n|move|p2a: Garganacl|Body Press|p1a: Snorlax\n|-supereffective|p1a: Snorlax\n|-damage|p1a: Snorlax|0 fnt\n|faint|p1a: Snorlax\n|\n|-heal|p2a: Garganacl|91\/100|[from] item: Leftovers\n|upkeep\n|inactive|Battle timer is ON: inactive players will automatically lose when time's up. (requested by godnotagain2)\n|\n|t:|1698446632\n|switch|p1a: Urshifu|Urshifu-Rapid-Strike, F|100\/100\n|turn|5\n|\n|t:|1698446638\n|move|p1a: Urshifu|Substitute|p1a: Urshifu\n|-start|p1a: Urshifu|Substitute\n|-damage|p1a: Urshifu|76\/100\n|move|p2a: Garganacl|Salt Cure|p1a: Urshifu\n|-resisted|p1a: Urshifu\n|-activate|p1a: Urshifu|move: Substitute|[damage]\n|\n|-heal|p1a: Urshifu|82\/100|[from] item: Leftovers\n|-heal|p2a: Garganacl|97\/100|[from] item: Leftovers\n|upkeep\n|turn|6\n|\n|t:|1698446653\n|move|p1a: Urshifu|Bulk Up|p1a: Urshifu\n|-boost|p1a: Urshifu|atk|1\n|-boost|p1a: Urshifu|def|1\n|move|p2a: Garganacl|Body Press|p1a: Urshifu\n|-end|p1a: Urshifu|Substitute\n|\n|-heal|p1a: Urshifu|88\/100|[from] item: Leftovers\n|-heal|p2a: Garganacl|100\/100|[from] item: Leftovers\n|upkeep\n|turn|7\n|\n|t:|1698446672\n|-terastallize|p2a: Garganacl|Water\n|move|p1a: Urshifu|Liquidation|p2a: Garganacl\n|-resisted|p2a: Garganacl\n|-damage|p2a: Garganacl|93\/100\n|move|p2a: Garganacl|Salt Cure|p1a: Urshifu\n|-resisted|p1a: Urshifu\n|-damage|p1a: Urshifu|83\/100\n|-start|p1a: Urshifu|Salt Cure\n|\n|-heal|p1a: Urshifu|90\/100|[from] item: Leftovers\n|-heal|p2a: Garganacl|99\/100|[from] item: Leftovers\n|-damage|p1a: Urshifu|65\/100|[from] Salt Cure\n|upkeep\n|turn|8\n|\n|t:|1698446686\n|move|p1a: Urshifu|Substitute|p1a: Urshifu\n|-start|p1a: Urshifu|Substitute\n|-damage|p1a: Urshifu|40\/100\n|move|p2a: Garganacl|Body Press|p1a: Urshifu\n|-end|p1a: Urshifu|Substitute\n|\n|-heal|p1a: Urshifu|46\/100|[from] item: Leftovers\n|-heal|p2a: Garganacl|100\/100|[from] item: Leftovers\n|-damage|p1a: Urshifu|21\/100|[from] Salt Cure\n|upkeep\n|turn|9\n|\n|t:|1698446697\n|move|p1a: Urshifu|Close Combat|p2a: Garganacl\n|-damage|p2a: Garganacl|78\/100\n|-unboost|p1a: Urshifu|def|1\n|-unboost|p1a: Urshifu|spd|1\n|move|p2a: Garganacl|Body Press|p1a: Urshifu\n|-damage|p1a: Urshifu|0 fnt\n|faint|p1a: Urshifu\n|\n|-heal|p2a: Garganacl|84\/100|[from] item: Leftovers\n|upkeep\n|-message|Lagpokeman forfeited.\n|\n|win|godnotagain2\n|raw|Lagpokeman's rating: 1089 &rarr; <strong>1068<\/strong><br \/>(-21 for losing)\n|raw|godnotagain2's rating: 1131 &rarr; <strong>1153<\/strong><br \/>(+22 for winning)\n|l|\u2606Lagpokeman\n","uploadtime":1698446720,"views":6,"p1id":"lagpokeman","p2id":"godnotagain2","formatid":"gen9anythinggoes","rating":1068,"private":0,"password":""}