{"id":"gen9anythinggoes-1973526475","p1":"EliSucksAtThis","p2":"TBGoat12)","format":"[Gen 9] Anything Goes","log":"|j|\u2606EliSucksAtThis\n|j|\u2606TBGoat12)\n|t:|1697987253\n|gametype|singles\n|player|p1|EliSucksAtThis|carmine-festival|1129\n|player|p2|TBGoat12)|volkner|1050\n|teamsize|p1|6\n|teamsize|p2|6\n|gen|9\n|tier|[Gen 9] Anything Goes\n|rated|\n|rule|HP Percentage Mod: HP is shown in percentages\n|rule|Endless Battle Clause: Forcing endless battles is banned\n|clearpoke\n|poke|p1|Gliscor, F|\n|poke|p1|Shiftry, F|\n|poke|p1|Quagsire, F|\n|poke|p1|Ambipom, M|\n|poke|p1|Yanmega, M|\n|poke|p1|Snorlax, F|\n|poke|p2|Arceus-Ghost|\n|poke|p2|Arceus-Electric|\n|poke|p2|Arceus-Fire|\n|poke|p2|Arceus-Dark|\n|poke|p2|Arceus-Dragon|\n|poke|p2|Arceus-Grass|\n|teampreview\n|\n|t:|1697987263\n|start\n|switch|p1a: Quagsire|Quagsire, F|100\/100\n|switch|p2a: Arceus|Arceus-Fire, shiny|100\/100\n|turn|1\n|\n|t:|1697987275\n|switch|p2a: Arceus|Arceus-Grass, shiny|100\/100\n|move|p1a: Quagsire|Stealth Rock|p2a: Arceus\n|-sidestart|p2: TBGoat12)|move: Stealth Rock\n|\n|upkeep\n|turn|2\n|\n|t:|1697987283\n|move|p2a: Arceus|Judgment|p1a: Quagsire\n|-supereffective|p1a: Quagsire\n|-damage|p1a: Quagsire|0 fnt\n|faint|p1a: Quagsire\n|\n|upkeep\n|\n|t:|1697987291\n|switch|p1a: Yanmega|Yanmega, M|100\/100\n|turn|3\n|\n|t:|1697987298\n|switch|p2a: Arceus|Arceus-Fire, shiny|100\/100\n|-damage|p2a: Arceus|76\/100|[from] Stealth Rock\n|-terastallize|p1a: Yanmega|Bug\n|move|p1a: Yanmega|Air Slash|p2a: Arceus\n|-damage|p2a: Arceus|50\/100\n|\n|-ability|p1a: Yanmega|Speed Boost|boost\n|-boost|p1a: Yanmega|spe|1\n|upkeep\n|turn|4\n|\n|t:|1697987312\n|move|p1a: Yanmega|Ancient Power|p2a: Arceus\n|-supereffective|p2a: Arceus\n|-damage|p2a: Arceus|25\/100\n|move|p2a: Arceus|Judgment|p1a: Yanmega\n|-supereffective|p1a: Yanmega\n|-damage|p1a: Yanmega|0 fnt\n|faint|p1a: Yanmega\n|\n|upkeep\n|\n|t:|1697987322\n|switch|p1a: Ambipom|Ambipom, M|100\/100\n|turn|5\n|\n|t:|1697987332\n|move|p1a: Ambipom|Take Down|p2a: Arceus\n|-damage|p2a: Arceus|0 fnt\n|faint|p2a: Arceus\n|-damage|p1a: Ambipom|93\/100|[from] Recoil\n|\n|upkeep\n|\n|t:|1697987346\n|switch|p2a: Arceus|Arceus-Dark, shiny|100\/100\n|-damage|p2a: Arceus|88\/100|[from] Stealth Rock\n|turn|6\n|\n|t:|1697987351\n|-terastallize|p2a: Arceus|Dark\n|move|p1a: Ambipom|Brick Break|p2a: Arceus\n|-supereffective|p2a: Arceus\n|-damage|p2a: Arceus|61\/100\n|move|p2a: Arceus|Judgment|p1a: Ambipom\n|-damage|p1a: Ambipom|0 fnt\n|faint|p1a: Ambipom\n|\n|upkeep\n|\n|t:|1697987362\n|switch|p1a: Gliscor|Gliscor, F|100\/100\n|turn|7\n|\n|t:|1697987368\n|move|p2a: Arceus|Judgment|p1a: Gliscor\n|-damage|p1a: Gliscor|7\/100\n|move|p1a: Gliscor|Crunch|p2a: Arceus\n|-resisted|p2a: Arceus\n|-damage|p2a: Arceus|53\/100\n|\n|-status|p1a: Gliscor|tox|[from] item: Toxic Orb\n|upkeep\n|turn|8\n|\n|t:|1697987379\n|move|p2a: Arceus|Judgment|p1a: Gliscor\n|-damage|p1a: Gliscor|0 fnt\n|faint|p1a: Gliscor\n|\n|upkeep\n|\n|t:|1697987384\n|switch|p1a: Snorlax|Snorlax, F, shiny|100\/100\n|turn|9\n|\n|t:|1697987387\n|move|p2a: Arceus|Judgment|p1a: Snorlax\n|-damage|p1a: Snorlax|64\/100\n|move|p1a: Snorlax|Belly Drum|p1a: Snorlax\n|-damage|p1a: Snorlax|14\/100\n|-setboost|p1a: Snorlax|atk|6|[from] move: Belly Drum\n|-enditem|p1a: Snorlax|Sitrus Berry|[eat]\n|-heal|p1a: Snorlax|39\/100|[from] item: Sitrus Berry\n|\n|upkeep\n|turn|10\n|\n|t:|1697987403\n|move|p2a: Arceus|Judgment|p1a: Snorlax\n|-damage|p1a: Snorlax|3\/100\n|move|p1a: Snorlax|Brick Break|p2a: Arceus\n|-supereffective|p2a: Arceus\n|-damage|p2a: Arceus|0 fnt\n|faint|p2a: Arceus\n|\n|upkeep\n|\n|t:|1697987414\n|switch|p2a: Arceus|Arceus-Dragon, shiny|100\/100\n|-damage|p2a: Arceus|88\/100|[from] Stealth Rock\n|turn|11\n|\n|t:|1697987422\n|move|p2a: Arceus|Judgment|p1a: Snorlax\n|-damage|p1a: Snorlax|0 fnt\n|faint|p1a: Snorlax\n|\n|upkeep\n|\n|t:|1697987428\n|switch|p1a: Shiftry|Shiftry, F|100\/100\n|turn|12\n|\n|t:|1697987432\n|move|p2a: Arceus|Judgment|p1a: Shiftry\n|-crit|p1a: Shiftry\n|-damage|p1a: Shiftry|0 fnt\n|faint|p1a: Shiftry\n|\n|win|TBGoat12)\n|raw|EliSucksAtThis's rating: 1129 &rarr; <strong>1097<\/strong><br \/>(-32 for losing)\n|raw|TBGoat12)'s rating: 1036 &rarr; <strong>1080<\/strong><br \/>(+44 for winning)\n|l|\u2606EliSucksAtThis\n","uploadtime":1697987443,"views":7,"p1id":"elisucksatthis","p2id":"tbgoat12","formatid":"gen9anythinggoes","rating":1080,"private":0,"password":""}