{"id":"gen9anythinggoes-1990333633","p1":"Peyton2010","p2":"Kanha Greninja","format":"[Gen 9] Anything Goes","log":"|j|\u2606Peyton2010\n|j|\u2606Kanha Greninja\n|t:|1699958256\n|gametype|singles\n|player|p1|Peyton2010|red|1659\n|player|p2|Kanha Greninja|doubleteam|1554\n|teamsize|p1|6\n|teamsize|p2|6\n|gen|9\n|tier|[Gen 9] Anything Goes\n|rated|\n|rule|HP Percentage Mod: HP is shown in percentages\n|rule|Endless Battle Clause: Forcing endless battles is banned\n|clearpoke\n|poke|p1|Glimmora, M|\n|poke|p1|Ribombee, M|\n|poke|p1|Calyrex-Shadow|\n|poke|p1|Regieleki|\n|poke|p1|Ogerpon-Wellspring, F|\n|poke|p1|Gholdengo|\n|poke|p2|Miraidon|\n|poke|p2|Grimmsnarl, M|\n|poke|p2|Arceus|\n|poke|p2|Koraidon|\n|poke|p2|Calyrex-Shadow|\n|poke|p2|Glimmora, M|\n|teampreview\n|inactive|Battle timer is ON: inactive players will automatically lose when time's up. (requested by Peyton2010)\n|\n|t:|1699958267\n|start\n|switch|p1a: Glimmora|Glimmora, M|100\/100\n|switch|p2a: Glimmora|Glimmora, M|100\/100\n|turn|1\n|\n|t:|1699958277\n|switch|p1a: Gholdengo|Gholdengo|100\/100\n|move|p2a: Glimmora|Mud Shot|p1a: Gholdengo\n|-supereffective|p1a: Gholdengo\n|-damage|p1a: Gholdengo|53\/100\n|-unboost|p1a: Gholdengo|spe|1\n|\n|upkeep\n|turn|2\n|\n|t:|1699958291\n|switch|p2a: Arceus|Arceus|100\/100\n|move|p1a: Gholdengo|Make It Rain|p2a: Arceus\n|-damage|p2a: Arceus|62\/100\n|-unboost|p1a: Gholdengo|spa|1\n|\n|upkeep\n|turn|3\n|\n|t:|1699958299\n|switch|p1a: Glimmora|Glimmora, M|100\/100\n|move|p2a: Arceus|Shadow Claw|p1a: Glimmora\n|-damage|p1a: Glimmora|77\/100\n|-activate|p1a: Glimmora|ability: Toxic Debris\n|-sidestart|p2: Kanha Greninja|move: Toxic Spikes\n|\n|upkeep\n|turn|4\n|\n|t:|1699958303\n|switch|p2a: Glimmora|Glimmora, M|100\/100\n|-sideend|p2: Kanha Greninja|move: Toxic Spikes|[of] p2a: Glimmora\n|move|p1a: Glimmora|Stealth Rock|p2a: Glimmora\n|-sidestart|p2: Kanha Greninja|move: Stealth Rock\n|\n|upkeep\n|turn|5\n|\n|t:|1699958307\n|switch|p1a: Gholdengo|Gholdengo|53\/100\n|move|p2a: Glimmora|Mortal Spin|p1a: Gholdengo\n|-immune|p1a: Gholdengo\n|\n|upkeep\n|turn|6\n|\n|t:|1699958313\n|switch|p2a: Arceus|Arceus|62\/100\n|-damage|p2a: Arceus|49\/100|[from] Stealth Rock\n|move|p1a: Gholdengo|Make It Rain|p2a: Arceus\n|-damage|p2a: Arceus|9\/100\n|-unboost|p1a: Gholdengo|spa|1\n|\n|upkeep\n|turn|7\n|j| ghostlyplanets\n|\n|t:|1699958318\n|switch|p1a: Glimmora|Glimmora, M|77\/100\n|move|p2a: Arceus|Swords Dance|p2a: Arceus\n|-boost|p2a: Arceus|atk|2\n|\n|upkeep\n|turn|8\n|\n|t:|1699958324\n|move|p2a: Arceus|Extreme Speed|p1a: Glimmora\n|-resisted|p1a: Glimmora\n|-damage|p1a: Glimmora|34\/100\n|-activate|p1a: Glimmora|ability: Toxic Debris\n|-sidestart|p2: Kanha Greninja|move: Toxic Spikes\n|move|p1a: Glimmora|Mortal Spin|p2a: Arceus\n|-damage|p2a: Arceus|4\/100\n|-status|p2a: Arceus|psn\n|\n|-damage|p2a: Arceus|0 fnt|[from] psn\n|faint|p2a: Arceus\n|upkeep\n|\n|t:|1699958330\n|switch|p2a: Glimmora|Glimmora, M|100\/100\n|-damage|p2a: Glimmora|88\/100|[from] Stealth Rock\n|-sideend|p2: Kanha Greninja|move: Toxic Spikes|[of] p2a: Glimmora\n|turn|9\n|\n|t:|1699958334\n|switch|p1a: Gholdengo|Gholdengo|53\/100\n|move|p2a: Glimmora|Mud Shot|p1a: Gholdengo\n|-supereffective|p1a: Gholdengo\n|-damage|p1a: Gholdengo|7\/100\n|-unboost|p1a: Gholdengo|spe|1\n|\n|upkeep\n|turn|10\n|\n|t:|1699958339\n|move|p2a: Glimmora|Mud Shot|p1a: Gholdengo\n|-supereffective|p1a: Gholdengo\n|-damage|p1a: Gholdengo|0 fnt\n|faint|p1a: Gholdengo\n|\n|upkeep\n|\n|t:|1699958345\n|switch|p1a: Calyrex|Calyrex-Shadow|100\/100\n|-ability|p1a: Calyrex|As One\n|-ability|p1a: Calyrex|Unnerve\n|turn|11\n|\n|t:|1699958352\n|switch|p2a: Grimmsnarl|Grimmsnarl, M|100\/100\n|-damage|p2a: Grimmsnarl|88\/100|[from] Stealth Rock\n|move|p1a: Calyrex|Psyshock|p2a: Grimmsnarl\n|-immune|p2a: Grimmsnarl\n|\n|upkeep\n|turn|12\n|\n|t:|1699958363\n|switch|p1a: Glimmora|Glimmora, M|34\/100\n|move|p2a: Grimmsnarl|Light Screen|p2a: Grimmsnarl\n|-sidestart|p2: Kanha Greninja|move: Light Screen\n|\n|upkeep\n|turn|13\n|\n|t:|1699958370\n|move|p2a: Grimmsnarl|Reflect|p2a: Grimmsnarl\n|-sidestart|p2: Kanha Greninja|Reflect\n|move|p1a: Glimmora|Memento|p2a: Grimmsnarl\n|-unboost|p2a: Grimmsnarl|atk|2\n|-unboost|p2a: Grimmsnarl|spa|2\n|faint|p1a: Glimmora\n|\n|upkeep\n|\n|t:|1699958374\n|switch|p1a: Ribombee|Ribombee, M|100\/100\n|turn|14\n|\n|t:|1699958377\n|move|p2a: Grimmsnarl|Parting Shot|p1a: Ribombee\n|-unboost|p1a: Ribombee|atk|1\n|-unboost|p1a: Ribombee|spa|1\n|\n|t:|1699958386\n|switch|p2a: Miraidon|Miraidon|100\/100|[from] Parting Shot\n|-damage|p2a: Miraidon|88\/100|[from] Stealth Rock\n|-fieldstart|move: Electric Terrain|[from] ability: Hadron Engine|[of] p2a: Miraidon\n|move|p1a: Ribombee|Sticky Web|p2a: Miraidon\n|-sidestart|p2: Kanha Greninja|move: Sticky Web\n|\n|-heal|p2a: Miraidon|94\/100|[from] item: Leftovers\n|upkeep\n|turn|15\n|\n|t:|1699958396\n|move|p1a: Ribombee|U-turn|p2a: Miraidon\n|-damage|p2a: Miraidon|90\/100\n|\n|t:|1699958399\n|switch|p1a: Regieleki|Regieleki|100\/100|[from] U-turn\n|move|p2a: Miraidon|Calm Mind|p2a: Miraidon\n|-boost|p2a: Miraidon|spa|1\n|-boost|p2a: Miraidon|spd|1\n|\n|-heal|p2a: Miraidon|96\/100|[from] item: Leftovers\n|upkeep\n|turn|16\n|\n|t:|1699958409\n|move|p1a: Regieleki|Substitute|p1a: Regieleki\n|-start|p1a: Regieleki|Substitute\n|-damage|p1a: Regieleki|76\/100\n|move|p2a: Miraidon|Calm Mind|p2a: Miraidon\n|-boost|p2a: Miraidon|spa|1\n|-boost|p2a: Miraidon|spd|1\n|\n|-heal|p2a: Miraidon|100\/100|[from] item: Leftovers\n|upkeep\n|turn|17\n|\n|t:|1699958416\n|-terastallize|p1a: Regieleki|Ice\n|move|p1a: Regieleki|Tera Blast|p2a: Miraidon|[anim] Tera Blast Ice\n|-supereffective|p2a: Miraidon\n|-damage|p2a: Miraidon|87\/100\n|move|p2a: Miraidon|Parabolic Charge|p1a: Regieleki\n|-end|p1a: Regieleki|Substitute\n|-heal|p2a: Miraidon|96\/100|[from] drain|[of] p1a: Regieleki\n|\n|-heal|p2a: Miraidon|100\/100|[from] item: Leftovers\n|upkeep\n|turn|18\n|\n|t:|1699958424\n|move|p1a: Regieleki|Substitute|p1a: Regieleki\n|-start|p1a: Regieleki|Substitute\n|-damage|p1a: Regieleki|51\/100\n|move|p2a: Miraidon|Parabolic Charge|p1a: Regieleki\n|-end|p1a: Regieleki|Substitute\n|\n|-fieldend|move: Electric Terrain\n|upkeep\n|turn|19\n|\n|t:|1699958430\n|move|p1a: Regieleki|Substitute|p1a: Regieleki\n|-start|p1a: Regieleki|Substitute\n|-damage|p1a: Regieleki|26\/100\n|move|p2a: Miraidon|Parabolic Charge|p1a: Regieleki\n|-end|p1a: Regieleki|Substitute\n|\n|-sideend|p2: Kanha Greninja|move: Light Screen\n|upkeep\n|turn|20\n|\n|t:|1699958433\n|-terastallize|p2a: Miraidon|Fairy\n|move|p1a: Regieleki|Tera Blast|p2a: Miraidon|[anim] Tera Blast Ice\n|-damage|p2a: Miraidon|87\/100\n|move|p2a: Miraidon|Parabolic Charge|p1a: Regieleki\n|-damage|p1a: Regieleki|0 fnt\n|-heal|p2a: Miraidon|97\/100|[from] drain|[of] p1a: Regieleki\n|faint|p1a: Regieleki\n|\n|-heal|p2a: Miraidon|100\/100|[from] item: Leftovers\n|-sideend|p2: Kanha Greninja|Reflect\n|upkeep\n|\n|t:|1699958439\n|switch|p1a: Ogerpon|Ogerpon-Wellspring, F|100\/100\n|turn|21\n|\n|t:|1699958443\n|move|p1a: Ogerpon|Ivy Cudgel|p2a: Miraidon|[anim] Ivy Cudgel Water\n|-damage|p2a: Miraidon|54\/100\n|move|p2a: Miraidon|Parabolic Charge|p1a: Ogerpon\n|-damage|p1a: Ogerpon|26\/100\n|-heal|p2a: Miraidon|88\/100|[from] drain|[of] p1a: Ogerpon\n|\n|-heal|p2a: Miraidon|94\/100|[from] item: Leftovers\n|upkeep\n|turn|22\n|\n|t:|1699958448\n|move|p1a: Ogerpon|Ivy Cudgel|p2a: Miraidon|[anim] Ivy Cudgel Water\n|-damage|p2a: Miraidon|52\/100\n|move|p2a: Miraidon|Parabolic Charge|p1a: Ogerpon\n|-damage|p1a: Ogerpon|0 fnt\n|-heal|p2a: Miraidon|63\/100|[from] drain|[of] p1a: Ogerpon\n|faint|p1a: Ogerpon\n|\n|-heal|p2a: Miraidon|70\/100|[from] item: Leftovers\n|upkeep\n|\n|t:|1699958452\n|switch|p1a: Calyrex|Calyrex-Shadow|100\/100\n|-ability|p1a: Calyrex|As One\n|-ability|p1a: Calyrex|Unnerve\n|turn|23\n|\n|t:|1699958456\n|move|p1a: Calyrex|Psyshock|p2a: Miraidon\n|-damage|p2a: Miraidon|27\/100\n|move|p2a: Miraidon|Parabolic Charge|p1a: Calyrex\n|-damage|p1a: Calyrex|25\/100\n|-heal|p2a: Miraidon|59\/100|[from] drain|[of] p1a: Calyrex\n|\n|-heal|p2a: Miraidon|66\/100|[from] item: Leftovers\n|upkeep\n|turn|24\n|\n|t:|1699958462\n|move|p1a: Calyrex|Psyshock|p2a: Miraidon\n|-damage|p2a: Miraidon|23\/100\n|move|p2a: Miraidon|Parabolic Charge|p1a: Calyrex\n|-damage|p1a: Calyrex|0 fnt\n|-heal|p2a: Miraidon|33\/100|[from] drain|[of] p1a: Calyrex\n|faint|p1a: Calyrex\n|\n|-heal|p2a: Miraidon|40\/100|[from] item: Leftovers\n|upkeep\n|l| ghostlyplanets\n|\n|t:|1699958464\n|switch|p1a: Ribombee|Ribombee, M|100\/100\n|turn|25\n|-message|Peyton2010 forfeited.\n|\n|win|Kanha Greninja\n|raw|Peyton2010's rating: 1659 &rarr; <strong>1633<\/strong><br \/>(-26 for losing)\n|raw|Kanha Greninja's rating: 1554 &rarr; <strong>1580<\/strong><br \/>(+26 for winning)\n|l|\u2606Peyton2010\n","uploadtime":1699958496,"views":30,"p1id":"peyton2010","p2id":"kanhagreninja","formatid":"gen9anythinggoes","rating":1580,"private":0,"password":""}