{"id":"gen9anythinggoes-1978858962","p1":"Arbucks","p2":"Kalas714","format":"[Gen 9] Anything Goes","log":"|j|\u2606Arbucks\n|j|\u2606Kalas714\n|t:|1698603540\n|gametype|singles\n|player|p1|Arbucks|adaman|\n|player|p2|Kalas714|170|\n|teamsize|p1|6\n|teamsize|p2|6\n|gen|9\n|tier|[Gen 9] Anything Goes\n|rule|HP Percentage Mod: HP is shown in percentages\n|rule|Endless Battle Clause: Forcing endless battles is banned\n|clearpoke\n|poke|p1|Sliggoo-Hisui, F|\n|poke|p1|Gliscor, F|\n|poke|p1|Jolteon, M|\n|poke|p1|Walking Wake|\n|poke|p1|Iron Treads|\n|poke|p1|Annihilape, M|\n|poke|p2|Ceruledge, F|\n|poke|p2|Greninja-*, M|\n|poke|p2|Zoroark-Hisui, M|\n|poke|p2|Yanmega, F|\n|poke|p2|Hatterene, F|\n|poke|p2|Dudunsparce-*, M|\n|teampreview\n|c|\u2606Arbucks|I'm back\n|c|\u2606Kalas714|kk ready when you are\n|\n|t:|1698603709\n|start\n|switch|p1a: Gliscor|Gliscor, F|100\/100\n|switch|p2a: Greninja|Greninja, M|100\/100\n|turn|1\n|\n|t:|1698603733\n|move|p1a: Gliscor|Protect|p1a: Gliscor\n|-singleturn|p1a: Gliscor|Protect\n|move|p2a: Greninja|Ice Beam|p1a: Gliscor\n|-activate|p1a: Gliscor|move: Protect\n|\n|-status|p1a: Gliscor|tox|[from] item: Toxic Orb\n|upkeep\n|turn|2\n|\n|t:|1698603740\n|switch|p1a: Sliggoo|Sliggoo-Hisui, F|100\/100\n|move|p2a: Greninja|Ice Beam|p1a: Sliggoo\n|-damage|p1a: Sliggoo|90\/100\n|\n|upkeep\n|turn|3\n|\n|t:|1698603777\n|switch|p2a: Ceruledge|Ceruledge, F|100\/100\n|move|p1a: Sliggoo|Dragon Breath|p2a: Ceruledge\n|-damage|p2a: Ceruledge|87\/100\n|-status|p2a: Ceruledge|par\n|\n|upkeep\n|turn|4\n|\n|t:|1698603790\n|switch|p1a: Gliscor|Gliscor, F|100\/100 tox\n|move|p2a: Ceruledge|Bulk Up|p2a: Ceruledge\n|-boost|p2a: Ceruledge|atk|1\n|-boost|p2a: Ceruledge|def|1\n|\n|upkeep\n|turn|5\n|\n|t:|1698603816\n|move|p1a: Gliscor|Earthquake|p2a: Ceruledge\n|-supereffective|p2a: Ceruledge\n|-damage|p2a: Ceruledge|28\/100 par\n|move|p2a: Ceruledge|Bulk Up|p2a: Ceruledge\n|-boost|p2a: Ceruledge|atk|1\n|-boost|p2a: Ceruledge|def|1\n|\n|upkeep\n|turn|6\n|\n|t:|1698603825\n|move|p2a: Ceruledge|Shadow Sneak|p1a: Gliscor\n|-damage|p1a: Gliscor|77\/100 tox\n|move|p1a: Gliscor|Earthquake|p2a: Ceruledge\n|-supereffective|p2a: Ceruledge\n|-damage|p2a: Ceruledge|0 fnt\n|faint|p2a: Ceruledge\n|\n|-heal|p1a: Gliscor|90\/100 tox|[from] ability: Poison Heal\n|upkeep\n|\n|t:|1698603838\n|switch|p2a: Dudunsparce|Dudunsparce, M|100\/100\n|turn|7\n|\n|t:|1698603859\n|switch|p1a: Iron Treads|Iron Treads|100\/100\n|-enditem|p1a: Iron Treads|Booster Energy\n|-activate|p1a: Iron Treads|ability: Quark Drive|[fromitem]\n|-start|p1a: Iron Treads|quarkdrivespe\n|switch|p2a: Yanmega|Yanmega, F|100\/100\n|\n|upkeep\n|turn|8\n|\n|t:|1698603896\n|move|p1a: Iron Treads|Knock Off|p2a: Yanmega\n|-damage|p2a: Yanmega|62\/100\n|-enditem|p2a: Yanmega|Heavy-Duty Boots|[from] move: Knock Off|[of] p1a: Iron Treads\n|move|p2a: Yanmega|Giga Drain|p1a: Iron Treads\n|-damage|p1a: Iron Treads|69\/100\n|-heal|p2a: Yanmega|78\/100|[from] drain|[of] p1a: Iron Treads\n|\n|upkeep\n|turn|9\n|\n|t:|1698603912\n|move|p1a: Iron Treads|Iron Head|p2a: Yanmega\n|-damage|p2a: Yanmega|34\/100\n|move|p2a: Yanmega|Bug Buzz|p1a: Iron Treads\n|-resisted|p1a: Iron Treads\n|-damage|p1a: Iron Treads|7\/100\n|\n|upkeep\n|turn|10\n|\n|t:|1698603931\n|switch|p2a: Dudunsparce|Dudunsparce, M|100\/100\n|move|p1a: Iron Treads|Iron Head|p2a: Dudunsparce\n|-damage|p2a: Dudunsparce|77\/100\n|\n|-heal|p2a: Dudunsparce|84\/100|[from] item: Leftovers\n|upkeep\n|turn|11\n|\n|t:|1698603973\n|-end|p1a: Iron Treads|Quark Drive|[silent]\n|switch|p1a: Sliggoo|Sliggoo-Hisui, F|90\/100\n|move|p2a: Dudunsparce|Calm Mind|p2a: Dudunsparce\n|-boost|p2a: Dudunsparce|spa|1\n|-boost|p2a: Dudunsparce|spd|1\n|\n|-heal|p2a: Dudunsparce|90\/100|[from] item: Leftovers\n|upkeep\n|turn|12\n|\n|t:|1698604005\n|move|p2a: Dudunsparce|Calm Mind|p2a: Dudunsparce\n|-boost|p2a: Dudunsparce|spa|1\n|-boost|p2a: Dudunsparce|spd|1\n|move|p1a: Sliggoo|Acid Spray|p2a: Dudunsparce\n|-damage|p2a: Dudunsparce|86\/100\n|-unboost|p2a: Dudunsparce|spd|2\n|\n|-heal|p2a: Dudunsparce|92\/100|[from] item: Leftovers\n|upkeep\n|turn|13\n|\n|t:|1698604022\n|move|p2a: Dudunsparce|Calm Mind|p2a: Dudunsparce\n|-boost|p2a: Dudunsparce|spa|1\n|-boost|p2a: Dudunsparce|spd|1\n|move|p1a: Sliggoo|Acid Spray|p2a: Dudunsparce\n|-damage|p2a: Dudunsparce|86\/100\n|-unboost|p2a: Dudunsparce|spd|2\n|\n|-heal|p2a: Dudunsparce|93\/100|[from] item: Leftovers\n|upkeep\n|turn|14\n|\n|t:|1698604032\n|move|p2a: Dudunsparce|Boomburst|p1a: Sliggoo\n|-resisted|p1a: Sliggoo\n|-damage|p1a: Sliggoo|66\/100\n|move|p1a: Sliggoo|Acid Spray|p2a: Dudunsparce\n|-damage|p2a: Dudunsparce|82\/100\n|-unboost|p2a: Dudunsparce|spd|2\n|\n|-heal|p2a: Dudunsparce|88\/100|[from] item: Leftovers\n|upkeep\n|turn|15\n|\n|t:|1698604046\n|move|p2a: Dudunsparce|Calm Mind|p2a: Dudunsparce\n|-boost|p2a: Dudunsparce|spa|1\n|-boost|p2a: Dudunsparce|spd|1\n|move|p1a: Sliggoo|Acid Spray|p2a: Dudunsparce\n|-damage|p2a: Dudunsparce|71\/100\n|-unboost|p2a: Dudunsparce|spd|2\n|\n|-heal|p2a: Dudunsparce|77\/100|[from] item: Leftovers\n|upkeep\n|turn|16\n|\n|t:|1698604064\n|move|p2a: Dudunsparce|Boomburst|p1a: Sliggoo\n|-resisted|p1a: Sliggoo\n|-damage|p1a: Sliggoo|38\/100\n|move|p1a: Sliggoo|Dragon Breath|p2a: Dudunsparce\n|-damage|p2a: Dudunsparce|30\/100\n|-status|p2a: Dudunsparce|par\n|\n|-heal|p2a: Dudunsparce|36\/100 par|[from] item: Leftovers\n|upkeep\n|turn|17\n|\n|t:|1698604076\n|switch|p2a: Hatterene|Hatterene, F|100\/100\n|move|p1a: Sliggoo|Dragon Breath|p2a: Hatterene\n|-immune|p2a: Hatterene\n|\n|upkeep\n|turn|18\n|\n|t:|1698604095\n|move|p1a: Sliggoo|Rest|p1a: Sliggoo\n|-status|p1a: Sliggoo|slp|[from] move: Rest\n|-heal|p1a: Sliggoo|100\/100 slp|[silent]\n|move|p2a: Hatterene|Dazzling Gleam|p1a: Sliggoo\n|-damage|p1a: Sliggoo|76\/100 slp\n|\n|upkeep\n|turn|19\n|\n|t:|1698604135\n|cant|p1a: Sliggoo|slp\n|move|p1a: Sliggoo|Sleep Talk|p1a: Sliggoo\n|move|p1a: Sliggoo|Rest||[from]move: Sleep Talk|[still]\n|-fail|p1a: Sliggoo\n|move|p2a: Hatterene|Nuzzle|p1a: Sliggoo\n|-resisted|p1a: Sliggoo\n|-damage|p1a: Sliggoo|74\/100 slp\n|\n|upkeep\n|turn|20\n|\n|t:|1698604147\n|cant|p1a: Sliggoo|slp\n|move|p1a: Sliggoo|Sleep Talk|p1a: Sliggoo\n|move|p1a: Sliggoo|Rest||[from]move: Sleep Talk|[still]\n|-fail|p1a: Sliggoo\n|move|p2a: Hatterene|Dazzling Gleam|p1a: Sliggoo\n|-damage|p1a: Sliggoo|52\/100 slp\n|\n|upkeep\n|turn|21\n|\n|t:|1698604157\n|-curestatus|p1a: Sliggoo|slp|[msg]\n|move|p1a: Sliggoo|Acid Spray|p2a: Hatterene\n|-supereffective|p2a: Hatterene\n|-damage|p2a: Hatterene|84\/100\n|-unboost|p2a: Hatterene|spd|2\n|-enditem|p2a: Hatterene|Eject Button\n|\n|t:|1698604177\n|switch|p2a: Greninja|Greninja, M|100\/100\n|\n|upkeep\n|turn|22\n|\n|t:|1698604201\n|switch|p1a: Iron Treads|Iron Treads|7\/100\n|move|p2a: Greninja|Spikes|p1a: Iron Treads\n|-sidestart|p1: Arbucks|Spikes\n|\n|upkeep\n|turn|23\n|\n|t:|1698604217\n|move|p2a: Greninja|Spikes|p1a: Iron Treads\n|-sidestart|p1: Arbucks|Spikes\n|move|p1a: Iron Treads|Rapid Spin|p2a: Greninja\n|-damage|p2a: Greninja|70\/100\n|-boost|p1a: Iron Treads|spe|1\n|-sideend|p1: Arbucks|Spikes|[from] move: Rapid Spin|[of] p1a: Iron Treads\n|\n|upkeep\n|turn|24\n|\n|t:|1698604233\n|move|p2a: Greninja|Spikes|p1a: Iron Treads\n|-sidestart|p1: Arbucks|Spikes\n|move|p1a: Iron Treads|Earthquake|p2a: Greninja\n|-damage|p2a: Greninja|0 fnt\n|faint|p2a: Greninja\n|\n|upkeep\n|\n|t:|1698604238\n|switch|p2a: Dudunsparce|Dudunsparce, M|100\/100\n|turn|25\n|c|\u2606Arbucks|Sus\n|\n|t:|1698604258\n|move|p1a: Iron Treads|Knock Off|p2a: Dudunsparce\n|-supereffective|p2a: Dudunsparce\n|-damage|p2a: Dudunsparce|0 fnt\n|replace|p2a: Zoroark|Zoroark-Hisui, M\n|-end|p2a: Zoroark|Illusion\n|-enditem|p2a: Zoroark|Choice Specs|[from] move: Knock Off|[of] p1a: Iron Treads\n|faint|p2a: Zoroark\n|\n|upkeep\n|\n|t:|1698604269\n|switch|p2a: Hatterene|Hatterene, F|84\/100\n|turn|26\n|\n|t:|1698604273\n|move|p1a: Iron Treads|Iron Head|p2a: Hatterene\n|-supereffective|p2a: Hatterene\n|-damage|p2a: Hatterene|0 fnt\n|faint|p2a: Hatterene\n|\n|upkeep\n|j| archhunt\n|\n|t:|1698604282\n|switch|p2a: Yanmega|Yanmega, F|34\/100\n|turn|27\n|\n|t:|1698604288\n|move|p1a: Iron Treads|Iron Head|p2a: Yanmega\n|-damage|p2a: Yanmega|0 fnt\n|faint|p2a: Yanmega\n|\n|upkeep\n|\n|t:|1698604291\n|switch|p2a: Dudunsparce|Dudunsparce, M|36\/100 par\n|turn|28\n|\n|t:|1698604299\n|move|p1a: Iron Treads|Iron Head|p2a: Dudunsparce\n|-damage|p2a: Dudunsparce|11\/100 par\n|move|p2a: Dudunsparce|Boomburst|p1a: Iron Treads\n|-resisted|p1a: Iron Treads\n|-damage|p1a: Iron Treads|0 fnt\n|faint|p1a: Iron Treads\n|-end|p1a: Iron Treads|Quark Drive|[silent]\n|\n|-heal|p2a: Dudunsparce|17\/100 par|[from] item: Leftovers\n|upkeep\n|l| archhunt\n|\n|t:|1698604306\n|switch|p1a: Jolteon|Jolteon, M|100\/100\n|-damage|p1a: Jolteon|88\/100|[from] Spikes\n|turn|29\n|\n|t:|1698604310\n|-terastallize|p1a: Jolteon|Electric\n|move|p1a: Jolteon|Thunderbolt|p2a: Dudunsparce\n|-damage|p2a: Dudunsparce|0 fnt\n|faint|p2a: Dudunsparce\n|\n|win|Arbucks\n|c|\u2606Arbucks|gg\n|c|\u2606Kalas714|ggs\n","uploadtime":1698604324,"views":12,"p1id":"arbucks","p2id":"kalas714","formatid":"gen9anythinggoes","rating":0,"private":0,"password":""}