{"id":"gen9anythinggoes-1988242884","p1":"Cazaputas21","p2":"Pornoutz","format":"[Gen 9] Anything Goes","log":"|j|\u2606Cazaputas21\n|j|\u2606Pornoutz\n|t:|1699692825\n|gametype|singles\n|player|p1|Cazaputas21|lance|1262\n|player|p2|Pornoutz|veteran|1392\n|teamsize|p1|6\n|teamsize|p2|6\n|gen|9\n|tier|[Gen 9] Anything Goes\n|rated|\n|rule|HP Percentage Mod: HP is shown in percentages\n|rule|Endless Battle Clause: Forcing endless battles is banned\n|clearpoke\n|poke|p1|Tyranitar, F|\n|poke|p1|Garchomp, M|\n|poke|p1|Urshifu-*, M|\n|poke|p1|Slowking-Galar, F|\n|poke|p1|Heatran, M|\n|poke|p1|Shaymin-Sky|\n|poke|p2|Mandibuzz, F|\n|poke|p2|Baxcalibur, M|\n|poke|p2|Landorus-Therian, M|\n|poke|p2|Slowbro-Galar, M|\n|poke|p2|Chi-Yu|\n|poke|p2|Hawlucha, M|\n|teampreview\n|\n|t:|1699692846\n|start\n|switch|p1a: Shaymin|Shaymin-Sky|100\/100\n|switch|p2a: Landorus|Landorus-Therian, M|100\/100\n|-ability|p2a: Landorus|Intimidate|boost\n|-unboost|p1a: Shaymin|atk|1\n|turn|1\n|\n|t:|1699692855\n|move|p2a: Landorus|Stone Edge|p1a: Shaymin\n|-supereffective|p1a: Shaymin\n|-damage|p1a: Shaymin|6\/100\n|move|p1a: Shaymin|Substitute|p1a: Shaymin\n|-fail|p1a: Shaymin|move: Substitute|[weak]\n|\n|upkeep\n|turn|2\n|\n|t:|1699692865\n|switch|p1a: Tyranitar|Tyranitar, F|100\/100\n|-weather|Sandstorm|[from] ability: Sand Stream|[of] p1a: Tyranitar\n|move|p2a: Landorus|Stone Edge|p1a: Tyranitar\n|-damage|p1a: Tyranitar|72\/100\n|\n|-weather|Sandstorm|[upkeep]\n|upkeep\n|turn|3\n|inactive|Battle timer is ON: inactive players will automatically lose when time's up. (requested by Pornoutz)\n|\n|t:|1699692877\n|switch|p2a: Slowbro|Slowbro-Galar, M|100\/100\n|move|p1a: Tyranitar|Avalanche|p2a: Slowbro\n|-damage|p2a: Slowbro|79\/100\n|\n|-weather|Sandstorm|[upkeep]\n|-damage|p2a: Slowbro|73\/100|[from] Sandstorm\n|upkeep\n|turn|4\n|\n|t:|1699692887\n|move|p1a: Tyranitar|Crunch|p2a: Slowbro\n|-supereffective|p2a: Slowbro\n|-damage|p2a: Slowbro|0 fnt\n|faint|p2a: Slowbro\n|\n|-weather|Sandstorm|[upkeep]\n|upkeep\n|\n|t:|1699692894\n|switch|p2a: Hawlucha|Hawlucha, M|100\/100\n|turn|5\n|\n|t:|1699692915\n|switch|p1a: Garchomp|Garchomp, M|100\/100\n|move|p2a: Hawlucha|Swords Dance|p2a: Hawlucha\n|-boost|p2a: Hawlucha|atk|2\n|\n|-weather|Sandstorm|[upkeep]\n|-damage|p2a: Hawlucha|94\/100|[from] Sandstorm\n|upkeep\n|turn|6\n|\n|t:|1699692931\n|-terastallize|p1a: Garchomp|Dragon\n|move|p2a: Hawlucha|Close Combat|p1a: Garchomp\n|-damage|p1a: Garchomp|0 fnt\n|-unboost|p2a: Hawlucha|def|1\n|-unboost|p2a: Hawlucha|spd|1\n|-damage|p2a: Hawlucha|78\/100|[from] item: Rocky Helmet|[of] p1a: Garchomp\n|-enditem|p2a: Hawlucha|White Herb\n|-clearnegativeboost|p2a: Hawlucha|[silent]\n|faint|p1a: Garchomp\n|\n|-weather|none\n|upkeep\n|inactive|Cazaputas21 has 120 seconds left.\n|\n|t:|1699692953\n|switch|p1a: Shaymin|Shaymin-Sky|6\/100\n|turn|7\n|\n|t:|1699692958\n|move|p2a: Hawlucha|Acrobatics|p1a: Shaymin\n|-supereffective|p1a: Shaymin\n|-damage|p1a: Shaymin|0 fnt\n|faint|p1a: Shaymin\n|\n|upkeep\n|inactive|Cazaputas21 has 120 seconds left.\n|\n|t:|1699692967\n|switch|p1a: Urshifu|Urshifu-Rapid-Strike, M|100\/100\n|turn|8\n|\n|t:|1699692971\n|move|p2a: Hawlucha|Acrobatics|p1a: Urshifu\n|-supereffective|p1a: Urshifu\n|-damage|p1a: Urshifu|0 fnt\n|faint|p1a: Urshifu\n|\n|upkeep\n|\n|t:|1699692977\n|switch|p1a: Slowking|Slowking-Galar, F|100\/100\n|turn|9\n|\n|t:|1699692986\n|move|p2a: Hawlucha|Acrobatics|p1a: Slowking\n|-damage|p1a: Slowking|0 fnt\n|faint|p1a: Slowking\n|\n|upkeep\n|\n|t:|1699692990\n|switch|p1a: Heatran|Heatran, M|100\/100\n|-item|p1a: Heatran|Air Balloon\n|turn|10\n|\n|t:|1699693000\n|-terastallize|p2a: Hawlucha|Fire\n|move|p2a: Hawlucha|Close Combat|p1a: Heatran\n|-supereffective|p1a: Heatran\n|-damage|p1a: Heatran|0 fnt\n|-unboost|p2a: Hawlucha|def|1\n|-unboost|p2a: Hawlucha|spd|1\n|-enditem|p1a: Heatran|Air Balloon\n|faint|p1a: Heatran\n|\n|upkeep\n|\n|t:|1699693006\n|switch|p1a: Tyranitar|Tyranitar, F|72\/100\n|-weather|Sandstorm|[from] ability: Sand Stream|[of] p1a: Tyranitar\n|turn|11\n|\n|t:|1699693014\n|move|p2a: Hawlucha|Close Combat|p1a: Tyranitar\n|-supereffective|p1a: Tyranitar\n|-damage|p1a: Tyranitar|0 fnt\n|-unboost|p2a: Hawlucha|def|1\n|-unboost|p2a: Hawlucha|spd|1\n|faint|p1a: Tyranitar\n|\n|win|Pornoutz\n|raw|Cazaputas21's rating: 1262 &rarr; <strong>1246<\/strong><br \/>(-16 for losing)\n|raw|Pornoutz's rating: 1392 &rarr; <strong>1405<\/strong><br \/>(+13 for winning)\n","uploadtime":1699693023,"views":21,"p1id":"cazaputas21","p2id":"pornoutz","formatid":"gen9anythinggoes","rating":1246,"private":0,"password":""}