{"id":"gen9anythinggoes-1984136925","p1":"testtrap","p2":"Baked Curse","format":"[Gen 9] Anything Goes","log":"|j|\u2606testtrap\n|j|\u2606Baked Curse\n|t:|1699222526\n|gametype|singles\n|player|p1|testtrap|plasmagruntf|\n|player|p2|Baked Curse|plasmagruntf|\n|teamsize|p1|1\n|teamsize|p2|2\n|gen|9\n|tier|[Gen 9] Anything Goes\n|rule|HP Percentage Mod: HP is shown in percentages\n|rule|Endless Battle Clause: Forcing endless battles is banned\n|clearpoke\n|poke|p1|Iron Bundle|\n|poke|p2|Dragapult, F|\n|poke|p2|Ceruledge, F|\n|teampreview\n|\n|t:|1699222534\n|start\n|switch|p1a: Iron Bundle|Iron Bundle|100\/100\n|switch|p2a: Dragapult|Dragapult, F|100\/100\n|turn|1\n|\n|t:|1699222549\n|move|p2a: Dragapult|Agility|p2a: Dragapult\n|-boost|p2a: Dragapult|spe|2\n|move|p1a: Iron Bundle|Whirlpool|p2a: Dragapult\n|-resisted|p2a: Dragapult\n|-damage|p2a: Dragapult|92\/100\n|-activate|p2a: Dragapult|move: Whirlpool|[of] p1a: Iron Bundle\n|\n|-damage|p2a: Dragapult|79\/100|[from] move: Whirlpool|[partiallytrapped]\n|upkeep\n|turn|2\n|\n|t:|1699222573\n|move|p2a: Dragapult|Agility|p2a: Dragapult\n|-boost|p2a: Dragapult|spe|2\n|move|p1a: Iron Bundle|Agility|p1a: Iron Bundle\n|-boost|p1a: Iron Bundle|spe|2\n|\n|-damage|p2a: Dragapult|67\/100|[from] move: Whirlpool|[partiallytrapped]\n|upkeep\n|turn|3\n|\n|t:|1699222593\n|switch|p2a: Ceruledge|Ceruledge, F|100\/100\n|move|p1a: Iron Bundle|Agility|p1a: Iron Bundle\n|-boost|p1a: Iron Bundle|spe|2\n|\n|upkeep\n|turn|4\n|\n|t:|1699222608\n|move|p1a: Iron Bundle|Whirlpool|p2a: Ceruledge\n|-supereffective|p2a: Ceruledge\n|-damage|p2a: Ceruledge|67\/100\n|-activate|p2a: Ceruledge|move: Whirlpool|[of] p1a: Iron Bundle\n|move|p2a: Ceruledge|Bitter Blade|p1a: Iron Bundle\n|-damage|p1a: Iron Bundle|60\/100\n|-heal|p2a: Ceruledge|84\/100|[from] drain|[of] p1a: Iron Bundle\n|\n|-damage|p2a: Ceruledge|72\/100|[from] move: Whirlpool|[partiallytrapped]\n|upkeep\n|turn|5\n|\n|t:|1699222626\n|switch|p2a: Dragapult|Dragapult, F|67\/100\n|move|p1a: Iron Bundle|Whirlpool|p2a: Dragapult\n|-resisted|p2a: Dragapult\n|-damage|p2a: Dragapult|58\/100\n|-activate|p2a: Dragapult|move: Whirlpool|[of] p1a: Iron Bundle\n|\n|-damage|p2a: Dragapult|45\/100|[from] move: Whirlpool|[partiallytrapped]\n|upkeep\n|turn|6\n|-message|testtrap forfeited.\n|\n|win|Baked Curse\n|l|\u2606testtrap\n","uploadtime":1699222669,"views":3,"p1id":"testtrap","p2id":"bakedcurse","formatid":"gen9anythinggoes","rating":0,"private":0,"password":""}