{"id":"gen9anythinggoes-1994659772","p1":"msemd","p2":"Digodude","format":"[Gen 9] Anything Goes","log":"|j|\u2606msemd\n|j|\u2606Digodude\n|t:|1700476994\n|gametype|singles\n|player|p1|msemd|guitarist-gen4|1000\n|player|p2|Digodude|gambler|1085\n|teamsize|p1|6\n|teamsize|p2|6\n|gen|9\n|tier|[Gen 9] Anything Goes\n|rated|\n|rule|HP Percentage Mod: HP is shown in percentages\n|rule|Endless Battle Clause: Forcing endless battles is banned\n|clearpoke\n|poke|p1|Arceus|\n|poke|p1|Calyrex-Shadow|\n|poke|p1|Koraidon|\n|poke|p1|Zacian-*|\n|poke|p1|Ting-Lu|\n|poke|p1|Masquerain, M|\n|poke|p2|Gastly, L1, M|\n|poke|p2|Gastly, L1, F|\n|poke|p2|Gastly, L1, M|\n|poke|p2|Gastly, L1, M|\n|poke|p2|Gastly, L1, F|\n|poke|p2|Magikarp, L1, F|\n|teampreview\n|inactive|Battle timer is ON: inactive players will automatically lose when time's up. (requested by Digodude)\n|\n|t:|1700477010\n|start\n|switch|p1a: Bug Mask|Masquerain, M|100\/100\n|switch|p2a: Fantominus|Gastly, L1, M|100\/100\n|-ability|p1a: Bug Mask|Intimidate|boost\n|-unboost|p2a: Fantominus|atk|1\n|turn|1\n|\n|t:|1700477020\n|move|p1a: Bug Mask|Sticky Web|p2a: Fantominus\n|-sidestart|p2: Digodude|move: Sticky Web\n|move|p2a: Fantominus|Trick Room|p2a: Fantominus\n|-fieldstart|move: Trick Room|[of] p2a: Fantominus\n|\n|upkeep\n|turn|2\n|\n|t:|1700477029\n|move|p2a: Fantominus|Destiny Bond|p2a: Fantominus\n|-singlemove|p2a: Fantominus|Destiny Bond\n|move|p1a: Bug Mask|Tailwind|p1a: Bug Mask\n|-sidestart|p1: msemd|move: Tailwind\n|\n|upkeep\n|turn|3\n|\n|t:|1700477054\n|move|p2a: Fantominus|Destiny Bond||[still]\n|-fail|p2a: Fantominus\n|move|p1a: Bug Mask|U-turn|p2a: Fantominus\n|-resisted|p2a: Fantominus\n|-enditem|p2a: Fantominus|Focus Sash\n|-damage|p2a: Fantominus|10\/100\n|\n|t:|1700477063\n|switch|p1a: Bullwinkle|Ting-Lu|100\/100|[from] U-turn\n|-ability|p1a: Bullwinkle|Vessel of Ruin\n|\n|upkeep\n|turn|4\n|\n|t:|1700477079\n|move|p2a: Fantominus|Destiny Bond|p2a: Fantominus\n|-singlemove|p2a: Fantominus|Destiny Bond\n|move|p1a: Bullwinkle|Spikes|p2a: Fantominus\n|-sidestart|p2: Digodude|Spikes\n|\n|upkeep\n|turn|5\n|\n|t:|1700477086\n|switch|p2a: Magikarp|Magikarp, L1, F|100\/100\n|-activate|p2a: Magikarp|move: Sticky Web\n|-unboost|p2a: Magikarp|spe|1\n|-damage|p2a: Magikarp|91\/100|[from] Spikes\n|move|p1a: Bullwinkle|Spikes|p2a: Magikarp\n|-sidestart|p2: Digodude|Spikes\n|\n|-sideend|p1: msemd|move: Tailwind\n|-fieldend|move: Trick Room\n|upkeep\n|turn|6\n|\n|t:|1700477103\n|switch|p2a: Fantominus|Gastly, L1, M|10\/100\n|move|p1a: Bullwinkle|Whirlwind|p2a: Fantominus\n|drag|p2a: Gastly|Gastly, L1, F|100\/100\n|\n|upkeep\n|turn|7\n|\n|t:|1700477113\n|move|p1a: Bullwinkle|Spikes|p2a: Gastly\n|-sidestart|p2: Digodude|Spikes\n|move|p2a: Gastly|Destiny Bond|p2a: Gastly\n|-singlemove|p2a: Gastly|Destiny Bond\n|\n|upkeep\n|turn|8\n|\n|t:|1700477119\n|move|p1a: Bullwinkle|Stealth Rock|p2a: Gastly\n|-sidestart|p2: Digodude|move: Stealth Rock\n|move|p2a: Gastly|Trick Room|p2a: Gastly\n|-fieldstart|move: Trick Room|[of] p2a: Gastly\n|\n|upkeep\n|turn|9\n|\n|t:|1700477126\n|move|p2a: Gastly|Destiny Bond|p2a: Gastly\n|-singlemove|p2a: Gastly|Destiny Bond\n|move|p1a: Bullwinkle|Whirlwind|p2a: Gastly\n|drag|p2a: Gastly|Gastly, L1, M|100\/100\n|-damage|p2a: Gastly|91\/100|[from] Stealth Rock\n|\n|upkeep\n|turn|10\n|\n|t:|1700477137\n|move|p2a: Gastly|Destiny Bond|p2a: Gastly\n|-singlemove|p2a: Gastly|Destiny Bond\n|move|p1a: Bullwinkle|Fissure|p2a: Gastly\n|-immune|p2a: Gastly|[from] ability: Levitate\n|\n|upkeep\n|turn|11\n|\n|t:|1700477158\n|move|p2a: Gastly|Destiny Bond||[still]\n|-fail|p2a: Gastly\n|move|p1a: Bullwinkle|Whirlwind|p2a: Gastly\n|drag|p2a: Gastly|Gastly, L1, F|100\/100\n|-damage|p2a: Gastly|91\/100|[from] Stealth Rock\n|\n|upkeep\n|turn|12\n|\n|t:|1700477171\n|move|p2a: Gastly|Destiny Bond|p2a: Gastly\n|-singlemove|p2a: Gastly|Destiny Bond\n|move|p1a: Bullwinkle|Whirlwind|p2a: Gastly\n|drag|p2a: Gastly|Gastly, L1, M|100\/100\n|-damage|p2a: Gastly|91\/100|[from] Stealth Rock\n|\n|-fieldend|move: Trick Room\n|upkeep\n|turn|13\n|c|\u2606Digodude|You won\u2019t kill me like this\n|\n|t:|1700477190\n|move|p2a: Gastly|Destiny Bond|p2a: Gastly\n|-singlemove|p2a: Gastly|Destiny Bond\n|move|p1a: Bullwinkle|Whirlwind|p2a: Gastly\n|drag|p2a: Gastly|Gastly, L1, F|100\/100\n|-damage|p2a: Gastly|91\/100|[from] Stealth Rock\n|\n|upkeep\n|turn|14\n|inactive|msemd has 120 seconds left.\n|inactive|Digodude has 120 seconds left.\n|\n|t:|1700477236\n|move|p1a: Bullwinkle|Whirlwind|p2a: Gastly\n|drag|p2a: Gastly|Gastly, L1, M|91\/100\n|-damage|p2a: Gastly|82\/100|[from] Stealth Rock\n|\n|upkeep\n|turn|15\n|inactive|Digodude has 120 seconds left.\n|\n|t:|1700477244\n|switch|p2a: Magikarp|Magikarp, L1, F|91\/100\n|-activate|p2a: Magikarp|move: Sticky Web\n|-unboost|p2a: Magikarp|spe|1\n|-damage|p2a: Magikarp|73\/100|[from] Spikes\n|-damage|p2a: Magikarp|64\/100|[from] Stealth Rock\n|move|p1a: Bullwinkle|Whirlwind|p2a: Magikarp\n|drag|p2a: Gastly|Gastly, L1, F|91\/100\n|-damage|p2a: Gastly|82\/100|[from] Stealth Rock\n|\n|upkeep\n|turn|16\n|inactive|Digodude has 120 seconds left.\n|\n|t:|1700477262\n|move|p2a: Gastly|Destiny Bond|p2a: Gastly\n|-singlemove|p2a: Gastly|Destiny Bond\n|move|p1a: Bullwinkle|Whirlwind|p2a: Gastly\n|drag|p2a: Fantominus|Gastly, L1, M|10\/100\n|-damage|p2a: Fantominus|0 fnt|[from] Stealth Rock\n|faint|p2a: Fantominus\n|\n|upkeep\n|\n|t:|1700477271\n|switch|p2a: Gastly|Gastly, L1, F|91\/100\n|-damage|p2a: Gastly|82\/100|[from] Stealth Rock\n|turn|17\n|\n|t:|1700477276\n|move|p2a: Gastly|Destiny Bond|p2a: Gastly\n|-singlemove|p2a: Gastly|Destiny Bond\n|move|p1a: Bullwinkle|Whirlwind|p2a: Gastly\n|drag|p2a: Magikarp|Magikarp, L1, F|64\/100\n|-activate|p2a: Magikarp|move: Sticky Web\n|-unboost|p2a: Magikarp|spe|1\n|-damage|p2a: Magikarp|46\/100|[from] Spikes\n|-damage|p2a: Magikarp|37\/100|[from] Stealth Rock\n|\n|upkeep\n|turn|18\n|c|\u2606Digodude|Forfeit already noob\n|\n|t:|1700477291\n|move|p2a: Magikarp|Flail|p1a: Bullwinkle\n|-damage|p1a: Bullwinkle|99\/100\n|move|p1a: Bullwinkle|Whirlwind|p2a: Magikarp\n|drag|p2a: Gastly|Gastly, L1, F|82\/100\n|-damage|p2a: Gastly|73\/100|[from] Stealth Rock\n|\n|-heal|p1a: Bullwinkle|100\/100|[from] item: Leftovers\n|upkeep\n|turn|19\n|\n|t:|1700477302\n|move|p2a: Gastly|Destiny Bond|p2a: Gastly\n|-singlemove|p2a: Gastly|Destiny Bond\n|move|p1a: Bullwinkle|Whirlwind|p2a: Gastly\n|drag|p2a: Gastly|Gastly, L1, F|82\/100\n|-damage|p2a: Gastly|73\/100|[from] Stealth Rock\n|\n|upkeep\n|turn|20\n|\n|t:|1700477312\n|move|p1a: Bullwinkle|Whirlwind|p2a: Gastly\n|drag|p2a: Gastly|Gastly, L1, F|73\/100\n|-damage|p2a: Gastly|64\/100|[from] Stealth Rock\n|\n|upkeep\n|turn|21\n|\n|t:|1700477318\n|move|p1a: Bullwinkle|Whirlwind|p2a: Gastly\n|drag|p2a: Gastly|Gastly, L1, M|91\/100\n|-damage|p2a: Gastly|82\/100|[from] Stealth Rock\n|\n|upkeep\n|turn|22\n|\n|t:|1700477324\n|move|p1a: Bullwinkle|Whirlwind|p2a: Gastly\n|drag|p2a: Gastly|Gastly, L1, F|73\/100\n|-damage|p2a: Gastly|64\/100|[from] Stealth Rock\n|\n|upkeep\n|turn|23\n|\n|t:|1700477330\n|move|p1a: Bullwinkle|Whirlwind|p2a: Gastly\n|drag|p2a: Gastly|Gastly, L1, M|82\/100\n|-damage|p2a: Gastly|73\/100|[from] Stealth Rock\n|\n|upkeep\n|turn|24\n|\n|t:|1700477336\n|move|p1a: Bullwinkle|Whirlwind|p2a: Gastly\n|drag|p2a: Gastly|Gastly, L1, M|82\/100\n|-damage|p2a: Gastly|73\/100|[from] Stealth Rock\n|\n|upkeep\n|turn|25\n|\n|t:|1700477342\n|move|p1a: Bullwinkle|Whirlwind|p2a: Gastly\n|drag|p2a: Gastly|Gastly, L1, F|64\/100\n|-damage|p2a: Gastly|55\/100|[from] Stealth Rock\n|\n|upkeep\n|turn|26\n|\n|t:|1700477348\n|move|p1a: Bullwinkle|Whirlwind|p2a: Gastly\n|drag|p2a: Gastly|Gastly, L1, M|73\/100\n|-damage|p2a: Gastly|64\/100|[from] Stealth Rock\n|\n|upkeep\n|turn|27\n|\n|t:|1700477354\n|move|p1a: Bullwinkle|Whirlwind|p2a: Gastly\n|drag|p2a: Magikarp|Magikarp, L1, F|37\/100\n|-activate|p2a: Magikarp|move: Sticky Web\n|-unboost|p2a: Magikarp|spe|1\n|-damage|p2a: Magikarp|19\/100|[from] Spikes\n|-damage|p2a: Magikarp|10\/100|[from] Stealth Rock\n|\n|upkeep\n|turn|28\n|\n|t:|1700477368\n|move|p2a: Magikarp|Flail|p1a: Bullwinkle\n|-damage|p1a: Bullwinkle|99\/100\n|move|p1a: Bullwinkle|Whirlwind|p2a: Magikarp\n|drag|p2a: Gastly|Gastly, L1, F|55\/100\n|-damage|p2a: Gastly|46\/100|[from] Stealth Rock\n|\n|-heal|p1a: Bullwinkle|100\/100|[from] item: Leftovers\n|upkeep\n|turn|29\n|\n|t:|1700477378\n|move|p1a: Bullwinkle|Whirlwind|p2a: Gastly\n|drag|p2a: Gastly|Gastly, L1, F|64\/100\n|-damage|p2a: Gastly|55\/100|[from] Stealth Rock\n|\n|upkeep\n|turn|30\n|\n|t:|1700477384\n|move|p1a: Bullwinkle|Whirlwind|p2a: Gastly\n|drag|p2a: Gastly|Gastly, L1, M|73\/100\n|-damage|p2a: Gastly|64\/100|[from] Stealth Rock\n|\n|upkeep\n|turn|31\n|\n|t:|1700477391\n|move|p1a: Bullwinkle|Whirlwind|p2a: Gastly\n|drag|p2a: Gastly|Gastly, L1, F|46\/100\n|-damage|p2a: Gastly|37\/100|[from] Stealth Rock\n|\n|upkeep\n|turn|32\n|\n|t:|1700477405\n|move|p1a: Bullwinkle|Whirlwind|p2a: Gastly\n|drag|p2a: Gastly|Gastly, L1, M|64\/100\n|-damage|p2a: Gastly|55\/100|[from] Stealth Rock\n|\n|upkeep\n|turn|33\n|\n|t:|1700477412\n|move|p1a: Bullwinkle|Whirlwind|p2a: Gastly\n|drag|p2a: Magikarp|Magikarp, L1, F|10\/100\n|-activate|p2a: Magikarp|move: Sticky Web\n|-unboost|p2a: Magikarp|spe|1\n|-damage|p2a: Magikarp|0 fnt|[from] Spikes\n|faint|p2a: Magikarp\n|\n|upkeep\n|\n|t:|1700477421\n|switch|p2a: Gastly|Gastly, L1, M|55\/100\n|-damage|p2a: Gastly|46\/100|[from] Stealth Rock\n|turn|34\n|\n|t:|1700477425\n|move|p1a: Bullwinkle|Whirlwind|p2a: Gastly\n|drag|p2a: Gastly|Gastly, L1, F|55\/100\n|-damage|p2a: Gastly|46\/100|[from] Stealth Rock\n|\n|upkeep\n|turn|35\n|\n|t:|1700477431\n|move|p1a: Bullwinkle|Whirlwind|p2a: Gastly\n|drag|p2a: Gastly|Gastly, L1, M|64\/100\n|-damage|p2a: Gastly|55\/100|[from] Stealth Rock\n|\n|upkeep\n|turn|36\n|\n|t:|1700477437\n|move|p1a: Bullwinkle|Whirlwind|p2a: Gastly\n|drag|p2a: Gastly|Gastly, L1, M|46\/100\n|-damage|p2a: Gastly|37\/100|[from] Stealth Rock\n|\n|upkeep\n|turn|37\n|\n|t:|1700477443\n|move|p1a: Bullwinkle|Whirlwind|p2a: Gastly\n|drag|p2a: Gastly|Gastly, L1, F|37\/100\n|-damage|p2a: Gastly|28\/100|[from] Stealth Rock\n|\n|upkeep\n|turn|38\n|\n|t:|1700477449\n|move|p1a: Bullwinkle|Whirlwind|p2a: Gastly\n|drag|p2a: Gastly|Gastly, L1, M|55\/100\n|-damage|p2a: Gastly|46\/100|[from] Stealth Rock\n|\n|upkeep\n|turn|39\n|\n|t:|1700477456\n|move|p1a: Bullwinkle|Whirlwind|p2a: Gastly\n|drag|p2a: Gastly|Gastly, L1, F|46\/100\n|-damage|p2a: Gastly|37\/100|[from] Stealth Rock\n|\n|upkeep\n|turn|40\n|\n|t:|1700477463\n|move|p1a: Bullwinkle|Whirlwind|p2a: Gastly\n|drag|p2a: Gastly|Gastly, L1, F|28\/100\n|-damage|p2a: Gastly|19\/100|[from] Stealth Rock\n|-enditem|p2a: Gastly|Aguav Berry|[eat]\n|-heal|p2a: Gastly|46\/100|[from] item: Aguav Berry\n|\n|upkeep\n|turn|41\n|\n|t:|1700477486\n|switch|p1a: Bug Mask|Masquerain, M|100\/100\n|-ability|p1a: Bug Mask|Intimidate|boost\n|-unboost|p2a: Gastly|atk|1\n|move|p2a: Gastly|Trick Room|p2a: Gastly\n|-fieldstart|move: Trick Room|[of] p2a: Gastly\n|\n|upkeep\n|turn|42\n|\n|t:|1700477501\n|move|p2a: Gastly|Destiny Bond|p2a: Gastly\n|-singlemove|p2a: Gastly|Destiny Bond\n|move|p1a: Bug Mask|Hurricane|p2a: Gastly\n|-damage|p2a: Gastly|0 fnt\n|faint|p2a: Gastly\n|-activate|p2a: Gastly|move: Destiny Bond\n|faint|p1a: Bug Mask\n|\n|upkeep\n|-message|Digodude forfeited.\n|\n|win|msemd\n|raw|msemd's rating: 1000 &rarr; <strong>1050<\/strong><br \/>(+50 for winning)\n|raw|Digodude's rating: 1085 &rarr; <strong>1057<\/strong><br \/>(-28 for losing)\n|l|\u2606Digodude\n","uploadtime":1700477530,"views":1,"p1id":"msemd","p2id":"digodude","formatid":"gen9anythinggoes","rating":1050,"private":0,"password":""}