{"id":"gen9anythinggoes-1973375347","p1":"Memezter","p2":"LordPizza1211","format":"[Gen 9] Anything Goes","log":"|j|\u2606Memezter\n|j|\u2606LordPizza1211\n|t:|1697964362\n|gametype|singles\n|player|p1|Memezter|pokemaniac|1113\n|player|p2|LordPizza1211|blue|1000\n|teamsize|p1|6\n|teamsize|p2|6\n|gen|9\n|tier|[Gen 9] Anything Goes\n|rated|\n|rule|HP Percentage Mod: HP is shown in percentages\n|rule|Endless Battle Clause: Forcing endless battles is banned\n|clearpoke\n|poke|p1|Greninja-*, M|\n|poke|p1|Ursaluna-Bloodmoon, M|\n|poke|p1|Kingambit, M|\n|poke|p1|Glimmora, F|\n|poke|p1|Iron Valiant|\n|poke|p1|Regieleki|\n|poke|p2|Greninja-*, M|\n|poke|p2|Regieleki|\n|poke|p2|Lucario, M|\n|poke|p2|Garchomp, M|\n|poke|p2|Gengar, F|\n|poke|p2|Weavile, M|\n|teampreview\n|c|\u2606LordPizza1211|Yo\n|\n|t:|1697964381\n|start\n|switch|p1a: Greninja|Greninja, M|100\/100\n|switch|p2a: Ronin|Greninja, M, shiny|100\/100\n|turn|1\n|\n|t:|1697964394\n|move|p2a: Ronin|Toxic Spikes|p1a: Greninja\n|-start|p2a: Ronin|typechange|Poison|[from] ability: Protean\n|-sidestart|p1: Memezter|move: Toxic Spikes\n|move|p1a: Greninja|Substitute|p1a: Greninja\n|-start|p1a: Greninja|Substitute\n|-damage|p1a: Greninja|76\/100\n|\n|upkeep\n|turn|2\n|\n|t:|1697964407\n|-terastallize|p1a: Greninja|Flying\n|move|p2a: Ronin|Protect|p2a: Ronin\n|-singleturn|p2a: Ronin|Protect\n|move|p1a: Greninja|Acrobatics|p2a: Ronin\n|-activate|p2a: Ronin|move: Protect\n|\n|upkeep\n|turn|3\n|\n|t:|1697964421\n|move|p1a: Greninja|Acrobatics|p2a: Ronin\n|-damage|p2a: Ronin|39\/100\n|move|p2a: Ronin|Gunk Shot|p1a: Greninja|[miss]\n|-miss|p2a: Ronin|p1a: Greninja\n|\n|upkeep\n|turn|4\n|\n|t:|1697964429\n|move|p2a: Ronin|Protect|p2a: Ronin\n|-singleturn|p2a: Ronin|Protect\n|move|p1a: Greninja|Acrobatics|p2a: Ronin\n|-activate|p2a: Ronin|move: Protect\n|\n|upkeep\n|turn|5\n|\n|t:|1697964441\n|move|p2a: Ronin|Protect||[still]\n|-fail|p2a: Ronin\n|move|p1a: Greninja|Acrobatics|p2a: Ronin\n|-damage|p2a: Ronin|0 fnt\n|faint|p2a: Ronin\n|-ability|p1a: Greninja|Battle Bond|boost\n|-boost|p1a: Greninja|atk|1\n|-boost|p1a: Greninja|spa|1\n|-boost|p1a: Greninja|spe|1\n|-activate|p1a: Greninja|ability: Battle Bond\n|\n|upkeep\n|\n|t:|1697964453\n|switch|p2a: Regieleki|Regieleki|100\/100\n|turn|6\n|\n|t:|1697964461\n|move|p1a: Greninja|Acrobatics|p2a: Regieleki\n|-resisted|p2a: Regieleki\n|-damage|p2a: Regieleki|49\/100\n|move|p2a: Regieleki|Agility|p2a: Regieleki\n|-boost|p2a: Regieleki|spe|2\n|\n|upkeep\n|turn|7\n|\n|t:|1697964475\n|move|p2a: Regieleki|Thunder Wave||[still]\n|-fail|p2a: Regieleki\n|move|p1a: Greninja|Acrobatics|p2a: Regieleki\n|-resisted|p2a: Regieleki\n|-damage|p2a: Regieleki|0 fnt\n|faint|p2a: Regieleki\n|\n|upkeep\n|c|\u2606LordPizza1211|.   .   .\n|\n|t:|1697964502\n|switch|p2a: Weavile|Weavile, M|100\/100\n|-ability|p2a: Weavile|Pressure\n|turn|8\n|\n|t:|1697964513\n|move|p1a: Greninja|Acrobatics|p2a: Weavile\n|-damage|p2a: Weavile|4\/100\n|move|p2a: Weavile|Avalanche|p1a: Greninja\n|-supereffective|p1a: Greninja\n|-end|p1a: Greninja|Substitute\n|\n|upkeep\n|turn|9\n|\n|t:|1697964523\n|move|p1a: Greninja|Acrobatics|p2a: Weavile\n|-damage|p2a: Weavile|0 fnt\n|faint|p2a: Weavile\n|\n|upkeep\n|\n|t:|1697964530\n|switch|p2a: Gengar|Gengar, F|100\/100\n|turn|10\n|\n|t:|1697964541\n|move|p1a: Greninja|Substitute|p1a: Greninja\n|-start|p1a: Greninja|Substitute\n|-damage|p1a: Greninja|51\/100\n|move|p2a: Gengar|Fling|p1a: Greninja\n|-activate|p1a: Greninja|move: Substitute|[damage]\n|-enditem|p2a: Gengar|Toxic Orb|[from] move: Fling\n|\n|upkeep\n|turn|11\n|\n|t:|1697964561\n|move|p1a: Greninja|Acrobatics|p2a: Gengar\n|-damage|p2a: Gengar|0 fnt\n|faint|p2a: Gengar\n|\n|upkeep\n|\n|t:|1697964567\n|switch|p2a: Lucario|Lucario, M|100\/100\n|turn|12\n|\n|t:|1697964586\n|move|p1a: Greninja|Acrobatics|p2a: Lucario\n|-crit|p2a: Lucario\n|-enditem|p2a: Lucario|Focus Sash\n|-damage|p2a: Lucario|1\/100\n|move|p2a: Lucario|Close Combat|p1a: Greninja\n|-resisted|p1a: Greninja\n|-end|p1a: Greninja|Substitute\n|-unboost|p2a: Lucario|def|1\n|-unboost|p2a: Lucario|spd|1\n|\n|upkeep\n|turn|13\n|\n|t:|1697964601\n|move|p2a: Lucario|Extreme Speed|p1a: Greninja\n|-damage|p1a: Greninja|11\/100\n|move|p1a: Greninja|Acrobatics|p2a: Lucario\n|-damage|p2a: Lucario|0 fnt\n|faint|p2a: Lucario\n|\n|upkeep\n|\n|t:|1697964610\n|switch|p2a: Krayt|Garchomp, M|100\/100\n|turn|14\n|\n|t:|1697964615\n|move|p1a: Greninja|Water Shuriken|p2a: Krayt\n|-damage|p2a: Krayt|92\/100\n|-damage|p2a: Krayt|84\/100\n|-damage|p2a: Krayt|76\/100\n|-hitcount|p2a: Krayt|3\n|move|p2a: Krayt|Swords Dance|p2a: Krayt\n|-boost|p2a: Krayt|atk|2\n|\n|upkeep\n|turn|15\n|\n|t:|1697964629\n|move|p1a: Greninja|Acrobatics|p2a: Krayt\n|-crit|p2a: Krayt\n|-damage|p2a: Krayt|21\/100\n|-damage|p1a: Greninja|0 fnt|[from] ability: Rough Skin|[of] p2a: Krayt\n|faint|p1a: Greninja\n|move|p2a: Krayt|Iron Head|p1: Greninja|[notarget]\n|-fail|p2a: Krayt\n|\n|upkeep\n|\n|t:|1697964646\n|switch|p1a: Regieleki|Regieleki, shiny|100\/100\n|-status|p1a: Regieleki|psn\n|turn|16\n|\n|t:|1697964652\n|move|p1a: Regieleki|Explosion|p2a: Krayt\n|-damage|p2a: Krayt|0 fnt\n|faint|p1a: Regieleki\n|faint|p2a: Krayt\n|\n|win|Memezter\n|raw|Memezter's rating: 1113 &rarr; <strong>1130<\/strong><br \/>(+17 for winning)\n|raw|LordPizza1211's rating: 1000 &rarr; <strong>1000<\/strong><br \/>(+0 for losing)\n","uploadtime":1697964663,"views":12,"p1id":"memezter","p2id":"lordpizza1211","formatid":"gen9anythinggoes","rating":1000,"private":0,"password":""}