{"id":"gen9anythinggoes-1978918052","p1":"Pokeprincess567","p2":"Kamitami","format":"[Gen 9] Anything Goes","log":"|j|\u2606Pokeprincess567\n|j|\u2606Kamitami\n|t:|1698610098\n|gametype|singles\n|player|p1|Pokeprincess567|dawn|1380\n|player|p2|Kamitami|steven|1547\n|teamsize|p1|6\n|teamsize|p2|6\n|gen|9\n|tier|[Gen 9] Anything Goes\n|rated|\n|rule|HP Percentage Mod: HP is shown in percentages\n|rule|Endless Battle Clause: Forcing endless battles is banned\n|clearpoke\n|poke|p1|Miraidon|\n|poke|p1|Ting-Lu|\n|poke|p1|Gholdengo|\n|poke|p1|Corviknight, F|\n|poke|p1|Toxapex, F|\n|poke|p1|Ditto|\n|poke|p2|Amoonguss, M|\n|poke|p2|Grimmsnarl, M|\n|poke|p2|Ditto|\n|poke|p2|Glalie, M|\n|poke|p2|Scovillain, M|\n|poke|p2|Miraidon|\n|teampreview\n|inactive|Battle timer is ON: inactive players will automatically lose when time's up. (requested by Pokeprincess567)\n|\n|t:|1698610108\n|start\n|switch|p1a: Miraidon|Miraidon|100\/100\n|switch|p2a: Scovillain|Scovillain, M|100\/100\n|-fieldstart|move: Electric Terrain|[from] ability: Hadron Engine|[of] p1a: Miraidon\n|turn|1\n|\n|t:|1698610116\n|switch|p1a: Gholdengo|Gholdengo|100\/100\n|move|p2a: Scovillain|Protect||[still]\n|-fail|p2a: Scovillain\n|\n|-ability|p2a: Scovillain|Moody|boost\n|-boost|p2a: Scovillain|spd|2\n|-unboost|p2a: Scovillain|spa|1\n|upkeep\n|turn|2\n|\n|t:|1698610126\n|move|p1a: Gholdengo|Trick|p2a: Scovillain\n|-activate|p1a: Gholdengo|move: Trick|[of] p2a: Scovillain\n|-item|p2a: Scovillain|Choice Scarf|[from] move: Trick\n|-item|p1a: Gholdengo|Leftovers|[from] move: Trick\n|move|p2a: Scovillain|Flamethrower|p1a: Gholdengo\n|-supereffective|p1a: Gholdengo\n|-damage|p1a: Gholdengo|51\/100\n|\n|-heal|p1a: Gholdengo|57\/100|[from] item: Leftovers\n|-ability|p2a: Scovillain|Moody|boost\n|-boost|p2a: Scovillain|atk|2\n|-unboost|p2a: Scovillain|spd|1\n|upkeep\n|turn|3\n|\n|t:|1698610140\n|switch|p1a: Toxapex|Toxapex, F|100\/100\n|move|p2a: Scovillain|Flamethrower|p1a: Toxapex\n|-resisted|p1a: Toxapex\n|-damage|p1a: Toxapex|91\/100\n|\n|-heal|p1a: Toxapex|97\/100|[from] item: Leftovers\n|-ability|p2a: Scovillain|Moody|boost\n|-boost|p2a: Scovillain|spe|2\n|-unboost|p2a: Scovillain|atk|1\n|upkeep\n|turn|4\n|\n|t:|1698610152\n|switch|p2a: Ditto|Ditto|100\/100\n|-transform|p2a: Ditto|p1a: Toxapex|[from] ability: Imposter\n|move|p1a: Toxapex|Toxic|p2a: Ditto\n|-immune|p2a: Ditto\n|\n|-heal|p1a: Toxapex|100\/100|[from] item: Leftovers\n|upkeep\n|turn|5\n|\n|t:|1698610163\n|move|p2a: Ditto|Toxic Spikes|p1a: Toxapex\n|-sidestart|p1: Pokeprincess567|move: Toxic Spikes\n|move|p1a: Toxapex|Toxic Spikes|p2a: Ditto\n|-sidestart|p2: Kamitami|move: Toxic Spikes\n|\n|-fieldend|move: Electric Terrain\n|upkeep\n|turn|6\n|\n|t:|1698610170\n|move|p1a: Toxapex|Toxic Spikes|p2a: Ditto\n|-sidestart|p2: Kamitami|move: Toxic Spikes\n|move|p2a: Ditto|Toxic Spikes|p1a: Toxapex\n|-sidestart|p1: Pokeprincess567|move: Toxic Spikes\n|\n|upkeep\n|turn|7\n|\n|t:|1698610178\n|switch|p1a: Corviknight|Corviknight, F|100\/100\n|-ability|p1a: Corviknight|Pressure\n|move|p2a: Ditto|Toxic|p1a: Corviknight\n|-immune|p1a: Corviknight\n|\n|upkeep\n|turn|8\n|\n|t:|1698610187\n|switch|p1a: Toxapex|Toxapex, F|100\/100\n|-sideend|p1: Pokeprincess567|move: Toxic Spikes|[of] p1a: Toxapex\n|switch|p2a: Amoonguss|Amoonguss, M|100\/100\n|-sideend|p2: Kamitami|move: Toxic Spikes|[of] p2a: Amoonguss\n|\n|upkeep\n|turn|9\n|\n|t:|1698610196\n|switch|p2a: Ditto|Ditto|100\/100\n|-transform|p2a: Ditto|p1a: Toxapex|[from] ability: Imposter\n|switch|p1a: Miraidon|Miraidon|100\/100\n|-fieldstart|move: Electric Terrain|[from] ability: Hadron Engine|[of] p1a: Miraidon\n|\n|upkeep\n|turn|10\n|\n|t:|1698610207\n|move|p2a: Ditto|Baneful Bunker|p2a: Ditto\n|-singleturn|p2a: Ditto|move: Protect\n|move|p1a: Miraidon|Volt Switch|p2a: Ditto\n|-activate|p2a: Ditto|move: Protect\n|\n|upkeep\n|turn|11\n|\n|t:|1698610215\n|switch|p2a: Miraidon|Miraidon|100\/100\n|-activate|p2a: Miraidon|ability: Hadron Engine\n|move|p1a: Miraidon|Electro Drift|p2a: Miraidon\n|-resisted|p2a: Miraidon\n|-damage|p2a: Miraidon|79\/100\n|\n|upkeep\n|turn|12\n|\n|t:|1698610225\n|switch|p1a: Ting-Lu|Ting-Lu|100\/100\n|-ability|p1a: Ting-Lu|Vessel of Ruin\n|move|p2a: Miraidon|Dragon Pulse|p1a: Ting-Lu\n|-damage|p1a: Ting-Lu|72\/100\n|\n|-heal|p1a: Ting-Lu|78\/100|[from] item: Leftovers\n|upkeep\n|turn|13\n|\n|t:|1698610236\n|switch|p2a: Glalie|Glalie, M, shiny|100\/100\n|move|p1a: Ting-Lu|Stealth Rock|p2a: Glalie\n|-sidestart|p2: Kamitami|move: Stealth Rock\n|\n|-heal|p1a: Ting-Lu|84\/100|[from] item: Leftovers\n|-fieldend|move: Electric Terrain\n|-ability|p2a: Glalie|Moody|boost\n|-boost|p2a: Glalie|spd|2\n|-unboost|p2a: Glalie|spe|1\n|upkeep\n|turn|14\n|\n|t:|1698610247\n|move|p2a: Glalie|Ice Spinner|p1a: Ting-Lu\n|-supereffective|p1a: Ting-Lu\n|-damage|p1a: Ting-Lu|54\/100\n|move|p1a: Ting-Lu|Whirlwind|p2a: Glalie\n|drag|p2a: Ditto|Ditto|100\/100\n|-damage|p2a: Ditto|88\/100|[from] Stealth Rock\n|-transform|p2a: Ditto|p1a: Ting-Lu|[from] ability: Imposter\n|-ability|p2a: Ditto|Vessel of Ruin\n|\n|-heal|p1a: Ting-Lu|60\/100|[from] item: Leftovers\n|-heal|p2a: Ditto|94\/100|[from] item: Leftovers\n|upkeep\n|turn|15\n|\n|t:|1698610266\n|move|p2a: Ditto|Stealth Rock|p1a: Ting-Lu\n|-sidestart|p1: Pokeprincess567|move: Stealth Rock\n|move|p1a: Ting-Lu|Whirlwind|p2a: Ditto\n|drag|p2a: Miraidon|Miraidon|79\/100\n|-damage|p2a: Miraidon|66\/100|[from] Stealth Rock\n|-fieldstart|move: Electric Terrain|[from] ability: Hadron Engine|[of] p2a: Miraidon\n|\n|-heal|p1a: Ting-Lu|66\/100|[from] item: Leftovers\n|upkeep\n|turn|16\n|\n|t:|1698610277\n|move|p2a: Miraidon|Dazzling Gleam|p1a: Ting-Lu\n|-supereffective|p1a: Ting-Lu\n|-damage|p1a: Ting-Lu|30\/100\n|move|p1a: Ting-Lu|Spikes|p2a: Miraidon\n|-sidestart|p2: Kamitami|Spikes\n|\n|-heal|p1a: Ting-Lu|36\/100|[from] item: Leftovers\n|upkeep\n|turn|17\n|\n|t:|1698610285\n|move|p2a: Miraidon|Dazzling Gleam|p1a: Ting-Lu\n|-supereffective|p1a: Ting-Lu\n|-damage|p1a: Ting-Lu|0 fnt\n|faint|p1a: Ting-Lu\n|\n|upkeep\n|\n|t:|1698610288\n|switch|p1a: Ditto|Ditto|100\/100\n|-damage|p1a: Ditto|88\/100|[from] Stealth Rock\n|-transform|p1a: Ditto|p2a: Miraidon|[from] ability: Imposter\n|-activate|p1a: Ditto|ability: Hadron Engine\n|turn|18\n|\n|t:|1698610300\n|-terastallize|p1a: Ditto|Normal\n|move|p2a: Miraidon|Dazzling Gleam|p1a: Ditto\n|-damage|p1a: Ditto|45\/100\n|move|p1a: Ditto|Dazzling Gleam|p2a: Miraidon\n|-supereffective|p2a: Miraidon\n|-damage|p2a: Miraidon|0 fnt\n|faint|p2a: Miraidon\n|\n|upkeep\n|\n|t:|1698610315\n|switch|p2a: Glalie|Glalie, M, shiny|100\/100\n|-damage|p2a: Glalie|76\/100|[from] Stealth Rock\n|-damage|p2a: Glalie|63\/100|[from] Spikes\n|turn|19\n|\n|t:|1698610321\n|switch|p1a: Gholdengo|Gholdengo|57\/100\n|-damage|p1a: Gholdengo|51\/100|[from] Stealth Rock\n|move|p2a: Glalie|Protect||[still]\n|-fail|p2a: Glalie\n|\n|-heal|p1a: Gholdengo|57\/100|[from] item: Leftovers\n|-heal|p2a: Glalie|69\/100|[from] item: Leftovers\n|-fieldend|move: Electric Terrain\n|-ability|p2a: Glalie|Moody|boost\n|-boost|p2a: Glalie|spd|2\n|-unboost|p2a: Glalie|spe|1\n|upkeep\n|turn|20\n|\n|t:|1698610334\n|move|p2a: Glalie|Protect|p2a: Glalie\n|-singleturn|p2a: Glalie|Protect\n|move|p1a: Gholdengo|Make It Rain|p2a: Glalie\n|-activate|p2a: Glalie|move: Protect\n|\n|-heal|p1a: Gholdengo|63\/100|[from] item: Leftovers\n|-heal|p2a: Glalie|75\/100|[from] item: Leftovers\n|-ability|p2a: Glalie|Moody|boost\n|-boost|p2a: Glalie|spd|2\n|-unboost|p2a: Glalie|def|1\n|upkeep\n|turn|21\n|\n|t:|1698610347\n|-terastallize|p2a: Glalie|Ground\n|move|p1a: Gholdengo|Make It Rain|p2a: Glalie\n|-damage|p2a: Glalie|50\/100\n|-unboost|p1a: Gholdengo|spa|1\n|move|p2a: Glalie|Earthquake|p1a: Gholdengo\n|-supereffective|p1a: Gholdengo\n|-damage|p1a: Gholdengo|0 fnt\n|faint|p1a: Gholdengo\n|\n|-heal|p2a: Glalie|56\/100|[from] item: Leftovers\n|-ability|p2a: Glalie|Moody|boost\n|-boost|p2a: Glalie|spa|2\n|-unboost|p2a: Glalie|atk|1\n|upkeep\n|\n|t:|1698610352\n|switch|p1a: Ditto|Ditto, tera:Normal|45\/100\n|-damage|p1a: Ditto|33\/100|[from] Stealth Rock\n|-transform|p1a: Ditto|p2a: Glalie|[from] ability: Imposter\n|turn|22\n|\n|t:|1698610369\n|move|p2a: Glalie|Protect|p2a: Glalie\n|-singleturn|p2a: Glalie|Protect\n|move|p1a: Ditto|Ice Spinner|p2a: Glalie\n|-activate|p2a: Glalie|move: Protect\n|\n|-heal|p2a: Glalie|62\/100|[from] item: Leftovers\n|-ability|p1a: Ditto|Moody|boost\n|-boost|p1a: Ditto|spe|2\n|-unboost|p1a: Ditto|spa|1\n|-ability|p2a: Glalie|Moody|boost\n|-boost|p2a: Glalie|spd|2\n|-unboost|p2a: Glalie|spe|1\n|upkeep\n|turn|23\n|\n|t:|1698610384\n|switch|p2a: Grimmsnarl|Grimmsnarl, M|100\/100\n|-damage|p2a: Grimmsnarl|88\/100|[from] Stealth Rock\n|-damage|p2a: Grimmsnarl|76\/100|[from] Spikes\n|move|p1a: Ditto|Ice Spinner|p2a: Grimmsnarl\n|-damage|p2a: Grimmsnarl|54\/100\n|\n|-ability|p1a: Ditto|Moody|boost\n|-boost|p1a: Ditto|spd|2\n|-unboost|p1a: Ditto|atk|1\n|upkeep\n|turn|24\n|\n|t:|1698610398\n|switch|p1a: Toxapex|Toxapex, F|100\/100\n|-damage|p1a: Toxapex|88\/100|[from] Stealth Rock\n|move|p2a: Grimmsnarl|Spirit Break|p1a: Toxapex\n|-resisted|p1a: Toxapex\n|-crit|p1a: Toxapex\n|-damage|p1a: Toxapex|72\/100\n|-unboost|p1a: Toxapex|spa|1\n|\n|-heal|p1a: Toxapex|78\/100|[from] item: Leftovers\n|upkeep\n|turn|25\n|\n|t:|1698610410\n|switch|p1a: Miraidon|Miraidon|100\/100\n|-damage|p1a: Miraidon|88\/100|[from] Stealth Rock\n|-fieldstart|move: Electric Terrain|[from] ability: Hadron Engine|[of] p1a: Miraidon\n|move|p2a: Grimmsnarl|Parting Shot|p1a: Miraidon\n|-unboost|p1a: Miraidon|atk|1\n|-unboost|p1a: Miraidon|spa|1\n|\n|t:|1698610421\n|switch|p2a: Ditto|Ditto|94\/100|[from] Parting Shot\n|-damage|p2a: Ditto|82\/100|[from] Stealth Rock\n|-damage|p2a: Ditto|69\/100|[from] Spikes\n|-transform|p2a: Ditto|p1a: Miraidon|[from] ability: Imposter\n|-activate|p2a: Ditto|ability: Hadron Engine\n|\n|-heal|p2a: Ditto|75\/100|[from] item: Leftovers\n|upkeep\n|turn|26\n|\n|t:|1698610438\n|move|p1a: Miraidon|Volt Switch|p2a: Ditto\n|-resisted|p2a: Ditto\n|-damage|p2a: Ditto|64\/100\n|\n|t:|1698610441\n|switch|p1a: Toxapex|Toxapex, F|100\/100|[from] Volt Switch\n|-damage|p1a: Toxapex|88\/100|[from] Stealth Rock\n|move|p2a: Ditto|Volt Switch|p1a: Toxapex\n|-supereffective|p1a: Toxapex\n|-damage|p1a: Toxapex|24\/100\n|\n|t:|1698610449\n|switch|p2a: Glalie|Glalie, M, shiny, tera:Ground|62\/100|[from] Volt Switch\n|-damage|p2a: Glalie|56\/100|[from] Stealth Rock\n|-damage|p2a: Glalie|44\/100|[from] Spikes\n|\n|-heal|p2a: Glalie|50\/100|[from] item: Leftovers\n|-heal|p1a: Toxapex|30\/100|[from] item: Leftovers\n|-ability|p2a: Glalie|Moody|boost\n|-boost|p2a: Glalie|spe|2\n|-unboost|p2a: Glalie|atk|1\n|upkeep\n|turn|27\n|\n|t:|1698610461\n|move|p2a: Glalie|Substitute|p2a: Glalie\n|-start|p2a: Glalie|Substitute\n|-damage|p2a: Glalie|25\/100\n|move|p1a: Toxapex|Recover|p1a: Toxapex\n|-heal|p1a: Toxapex|80\/100\n|\n|-heal|p2a: Glalie|31\/100|[from] item: Leftovers\n|-heal|p1a: Toxapex|87\/100|[from] item: Leftovers\n|-ability|p2a: Glalie|Moody|boost\n|-boost|p2a: Glalie|spd|2\n|-unboost|p2a: Glalie|spe|1\n|upkeep\n|turn|28\n|\n|t:|1698610473\n|switch|p1a: Corviknight|Corviknight, F|100\/100\n|-damage|p1a: Corviknight|88\/100|[from] Stealth Rock\n|-ability|p1a: Corviknight|Pressure\n|move|p2a: Glalie|Earthquake|p1a: Corviknight\n|-immune|p1a: Corviknight\n|\n|-heal|p2a: Glalie|37\/100|[from] item: Leftovers\n|-ability|p2a: Glalie|Moody|boost\n|-boost|p2a: Glalie|atk|2\n|-unboost|p2a: Glalie|spe|1\n|upkeep\n|turn|29\n|\n|t:|1698610487\n|move|p2a: Glalie|Ice Spinner|p1a: Corviknight\n|-damage|p1a: Corviknight|58\/100\n|-damage|p2a: Glalie|21\/100|[from] item: Rocky Helmet|[of] p1a: Corviknight\n|-fieldend|move: Electric Terrain\n|move|p1a: Corviknight|Iron Defense|p1a: Corviknight\n|-boost|p1a: Corviknight|def|2\n|\n|-heal|p2a: Glalie|27\/100|[from] item: Leftovers\n|-ability|p2a: Glalie|Moody|boost\n|-boost|p2a: Glalie|atk|2\n|-unboost|p2a: Glalie|spa|1\n|upkeep\n|turn|30\n|\n|t:|1698610500\n|move|p2a: Glalie|Protect|p2a: Glalie\n|-singleturn|p2a: Glalie|Protect\n|move|p1a: Corviknight|Roost|p1a: Corviknight\n|-heal|p1a: Corviknight|100\/100\n|-singleturn|p1a: Corviknight|move: Roost\n|\n|-heal|p2a: Glalie|33\/100|[from] item: Leftovers\n|-ability|p2a: Glalie|Moody|boost\n|-boost|p2a: Glalie|def|2\n|-unboost|p2a: Glalie|spd|1\n|upkeep\n|turn|31\n|\n|t:|1698610512\n|move|p2a: Glalie|Substitute|p2a: Glalie\n|-fail|p2a: Glalie|move: Substitute\n|move|p1a: Corviknight|Iron Defense|p1a: Corviknight\n|-boost|p1a: Corviknight|def|2\n|\n|-heal|p2a: Glalie|39\/100|[from] item: Leftovers\n|-ability|p2a: Glalie|Moody|boost\n|-boost|p2a: Glalie|spa|2\n|-unboost|p2a: Glalie|spe|1\n|upkeep\n|turn|32\n|\n|t:|1698610522\n|move|p2a: Glalie|Protect|p2a: Glalie\n|-singleturn|p2a: Glalie|Protect\n|move|p1a: Corviknight|Iron Defense|p1a: Corviknight\n|-boost|p1a: Corviknight|def|2\n|\n|-heal|p2a: Glalie|45\/100|[from] item: Leftovers\n|-ability|p2a: Glalie|Moody|boost\n|-boost|p2a: Glalie|atk|2\n|-unboost|p2a: Glalie|spd|1\n|upkeep\n|turn|33\n|\n|t:|1698610533\n|switch|p2a: Grimmsnarl|Grimmsnarl, M|54\/100\n|-damage|p2a: Grimmsnarl|42\/100|[from] Stealth Rock\n|-damage|p2a: Grimmsnarl|29\/100|[from] Spikes\n|move|p1a: Corviknight|Body Press|p2a: Grimmsnarl\n|-damage|p2a: Grimmsnarl|0 fnt\n|faint|p2a: Grimmsnarl\n|\n|upkeep\n|\n|t:|1698610543\n|switch|p2a: Ditto|Ditto|64\/100\n|-damage|p2a: Ditto|52\/100|[from] Stealth Rock\n|-damage|p2a: Ditto|40\/100|[from] Spikes\n|-transform|p2a: Ditto|p1a: Corviknight|[from] ability: Imposter\n|-ability|p2a: Ditto|Pressure\n|turn|34\n|\n|t:|1698610556\n|move|p2a: Ditto|Body Press|p1a: Corviknight\n|-damage|p1a: Corviknight|85\/100\n|-damage|p2a: Ditto|23\/100|[from] item: Rocky Helmet|[of] p1a: Corviknight\n|move|p1a: Corviknight|Body Press|p2a: Ditto\n|-damage|p2a: Ditto|0 fnt\n|faint|p2a: Ditto\n|\n|upkeep\n|\n|t:|1698610565\n|switch|p2a: Scovillain|Scovillain, M|100\/100\n|-damage|p2a: Scovillain|75\/100|[from] Stealth Rock\n|-damage|p2a: Scovillain|63\/100|[from] Spikes\n|turn|35\n|\n|t:|1698610577\n|switch|p1a: Toxapex|Toxapex, F|100\/100\n|-damage|p1a: Toxapex|88\/100|[from] Stealth Rock\n|move|p2a: Scovillain|Substitute|p2a: Scovillain\n|-start|p2a: Scovillain|Substitute\n|-damage|p2a: Scovillain|38\/100\n|\n|-heal|p1a: Toxapex|94\/100|[from] item: Leftovers\n|-ability|p2a: Scovillain|Moody|boost\n|-boost|p2a: Scovillain|spe|2\n|-unboost|p2a: Scovillain|atk|1\n|upkeep\n|turn|36\n|inactive|Kamitami has 120 seconds left.\n|\n|t:|1698610593\n|switch|p2a: Glalie|Glalie, M, shiny, tera:Ground|45\/100\n|-damage|p2a: Glalie|39\/100|[from] Stealth Rock\n|-damage|p2a: Glalie|26\/100|[from] Spikes\n|move|p1a: Toxapex|Toxic|p2a: Glalie\n|-status|p2a: Glalie|tox\n|\n|-heal|p2a: Glalie|32\/100 tox|[from] item: Leftovers\n|-heal|p1a: Toxapex|100\/100|[from] item: Leftovers\n|-damage|p2a: Glalie|26\/100 tox|[from] psn\n|-ability|p2a: Glalie|Moody|boost\n|-boost|p2a: Glalie|atk|2\n|-unboost|p2a: Glalie|spd|1\n|upkeep\n|turn|37\n|l|\u2606Kamitami\n|inactive|Kamitami disconnected and has a minute to reconnect!\n|player|p2|\n|c|\u2606Pokeprincess567|Awe\n|c|\u2606Pokeprincess567|a rage quitter\n|inactive|Kamitami has 30 seconds to reconnect!\n|inactive|Kamitami has 20 seconds to reconnect!\n|inactive|Kamitami has 15 seconds to reconnect!\n|inactive|Kamitami has 10 seconds to reconnect!\n|inactive|Kamitami has 5 seconds to reconnect!\n|-message|Kamitami lost due to inactivity.\n|\n|win|Pokeprincess567\n|raw|Pokeprincess567's rating: 1380 &rarr; <strong>1409<\/strong><br \/>(+29 for winning)\n|raw|Kamitami's rating: 1547 &rarr; <strong>1518<\/strong><br \/>(-29 for losing)\n","uploadtime":1698610670,"views":6,"p1id":"pokeprincess567","p2id":"kamitami","formatid":"gen9anythinggoes","rating":1409,"private":0,"password":""}