{"id":"gen9anythinggoes-1989668143","p1":"Fox-raccoon","p2":"goldlego","format":"[Gen 9] Anything Goes","log":"|j|\u2606Fox-raccoon\n|j|\u2606goldlego\n|t:|1699885055\n|gametype|singles\n|player|p1|Fox-raccoon|cynthia-gen4|1031\n|player|p2|goldlego|cynthia-gen4|1045\n|teamsize|p1|6\n|teamsize|p2|6\n|gen|9\n|tier|[Gen 9] Anything Goes\n|rated|\n|rule|HP Percentage Mod: HP is shown in percentages\n|rule|Endless Battle Clause: Forcing endless battles is banned\n|clearpoke\n|poke|p1|Fennekin, F|\n|poke|p1|Sylveon, F|\n|poke|p1|Eevee, F|\n|poke|p1|Mew|\n|poke|p1|Arceus|\n|poke|p1|Maushold-Four|\n|poke|p2|Gengar, M|\n|poke|p2|Tyranitar, F|\n|poke|p2|Greninja-*, F|\n|poke|p2|Diancie|\n|poke|p2|Scizor, M|\n|poke|p2|Garchomp, F|\n|teampreview\n|\n|t:|1699885066\n|start\n|switch|p1a: Arceus|Arceus|100\/100\n|switch|p2a: Diancie|Diancie|100\/100\n|turn|1\n|\n|t:|1699885077\n|move|p1a: Arceus|Brick Break|p2a: Diancie\n|-damage|p2a: Diancie|83\/100\n|move|p2a: Diancie|Stealth Rock|p1a: Arceus\n|-sidestart|p1: Fox-raccoon|move: Stealth Rock\n|\n|upkeep\n|turn|2\n|\n|t:|1699885085\n|move|p1a: Arceus|Shadow Claw|p2a: Diancie\n|-damage|p2a: Diancie|65\/100\n|move|p2a: Diancie|Substitute|p2a: Diancie\n|-start|p2a: Diancie|Substitute\n|-damage|p2a: Diancie|40\/100\n|\n|upkeep\n|turn|3\n|\n|t:|1699885093\n|move|p1a: Arceus|Future Sight|p2a: Diancie\n|-start|p1a: Arceus|move: Future Sight\n|move|p2a: Diancie|Spikes|p1a: Arceus\n|-sidestart|p1: Fox-raccoon|Spikes\n|\n|upkeep\n|turn|4\n|\n|t:|1699885100\n|move|p2a: Diancie|Spikes|p1a: Arceus\n|-sidestart|p1: Fox-raccoon|Spikes\n|move|p1a: Arceus|Avalanche|p2a: Diancie\n|-activate|p2a: Diancie|move: Substitute|[damage]\n|\n|upkeep\n|turn|5\n|\n|t:|1699885107\n|move|p1a: Arceus|Shadow Claw|p2a: Diancie\n|-end|p2a: Diancie|Substitute\n|move|p2a: Diancie|Spikes|p1a: Arceus\n|-sidestart|p1: Fox-raccoon|Spikes\n|\n|-end|p2a: Diancie|move: Future Sight\n|-damage|p2a: Diancie|13\/100\n|upkeep\n|turn|6\n|\n|t:|1699885120\n|move|p1a: Arceus|Brick Break|p2a: Diancie\n|-damage|p2a: Diancie|0 fnt\n|faint|p2a: Diancie\n|\n|upkeep\n|\n|t:|1699885124\n|switch|p2a: Gengar|Gengar, M|100\/100\n|turn|7\n|\n|t:|1699885132\n|move|p2a: Gengar|Trick|p1a: Arceus\n|-activate|p2a: Gengar|move: Trick|[of] p1a: Arceus\n|-item|p1a: Arceus|Choice Specs|[from] move: Trick\n|-item|p2a: Gengar|Mirror Herb|[from] move: Trick\n|move|p1a: Arceus|Brick Break|p2a: Gengar\n|-immune|p2a: Gengar\n|\n|upkeep\n|turn|8\n|\n|t:|1699885140\n|switch|p1a: Maushold|Maushold-Four|100\/100\n|-damage|p1a: Maushold|88\/100|[from] Stealth Rock\n|-damage|p1a: Maushold|63\/100|[from] Spikes\n|move|p2a: Gengar|Confuse Ray|p1a: Maushold\n|-start|p1a: Maushold|confusion\n|\n|upkeep\n|turn|9\n|\n|t:|1699885149\n|move|p2a: Gengar|Encore||[still]\n|-fail|p2a: Gengar\n|-activate|p1a: Maushold|confusion\n|move|p1a: Maushold|Bullet Seed|p2a: Gengar\n|-resisted|p2a: Gengar\n|-damage|p2a: Gengar|96\/100\n|-resisted|p2a: Gengar\n|-damage|p2a: Gengar|90\/100\n|-hitcount|p2a: Gengar|2\n|\n|upkeep\n|turn|10\n|\n|t:|1699885157\n|move|p2a: Gengar|Encore|p1a: Maushold\n|-start|p1a: Maushold|Encore\n|-activate|p1a: Maushold|confusion\n|move|p1a: Maushold|Bullet Seed|p2a: Gengar\n|-resisted|p2a: Gengar\n|-damage|p2a: Gengar|85\/100\n|-start|p1a: Maushold|Disable|Bullet Seed|[from] ability: Cursed Body|[of] p2a: Gengar\n|-resisted|p2a: Gengar\n|-damage|p2a: Gengar|80\/100\n|-resisted|p2a: Gengar\n|-damage|p2a: Gengar|75\/100\n|-hitcount|p2a: Gengar|3\n|\n|upkeep\n|turn|11\n|\n|t:|1699885188\n|move|p2a: Gengar|Trick|p1a: Maushold\n|-activate|p2a: Gengar|move: Trick|[of] p1a: Maushold\n|-item|p1a: Maushold|Mirror Herb|[from] move: Trick\n|-item|p2a: Gengar|Weakness Policy|[from] move: Trick\n|-end|p1a: Maushold|confusion\n|-activate|p1a: Maushold|move: Struggle\n|move|p1a: Maushold|Struggle|p2a: Gengar\n|-damage|p2a: Gengar|55\/100\n|-damage|p1a: Maushold|38\/100|[from] recoil\n|\n|upkeep\n|turn|12\n|\n|t:|1699885199\n|move|p2a: Gengar|Confuse Ray|p1a: Maushold\n|-start|p1a: Maushold|confusion\n|-activate|p1a: Maushold|confusion\n|-activate|p1a: Maushold|move: Struggle\n|move|p1a: Maushold|Struggle|p2a: Gengar\n|-damage|p2a: Gengar|35\/100\n|-damage|p1a: Maushold|13\/100|[from] recoil\n|\n|-end|p1a: Maushold|Encore\n|upkeep\n|turn|13\n|\n|t:|1699885210\n|move|p2a: Gengar|Encore||[still]\n|-fail|p2a: Gengar\n|-end|p1a: Maushold|confusion\n|move|p1a: Maushold|Thief|p2a: Gengar\n|-supereffective|p2a: Gengar\n|-damage|p2a: Gengar|0 fnt\n|faint|p2a: Gengar\n|\n|-end|p1a: Maushold|Disable\n|upkeep\n|\n|t:|1699885220\n|switch|p2a: Greninja|Greninja, F|100\/100\n|turn|14\n|\n|t:|1699885226\n|move|p2a: Greninja|Switcheroo|p1a: Maushold\n|-start|p2a: Greninja|typechange|Dark|[from] ability: Protean\n|-activate|p2a: Greninja|move: Trick|[of] p1a: Maushold\n|-item|p1a: Maushold|Toxic Orb|[from] move: Switcheroo\n|-item|p2a: Greninja|Mirror Herb|[from] move: Switcheroo\n|move|p1a: Maushold|Facade|p2a: Greninja\n|-damage|p2a: Greninja|65\/100\n|\n|-status|p1a: Maushold|tox|[from] item: Toxic Orb\n|upkeep\n|turn|15\n|\n|t:|1699885240\n|move|p2a: Greninja|Brick Break|p1a: Maushold\n|-supereffective|p1a: Maushold\n|-damage|p1a: Maushold|0 fnt\n|faint|p1a: Maushold\n|\n|upkeep\n|\n|t:|1699885268\n|switch|p1a: Arceus|Arceus|100\/100\n|-damage|p1a: Arceus|88\/100|[from] Stealth Rock\n|-damage|p1a: Arceus|63\/100|[from] Spikes\n|turn|16\n|\n|t:|1699885278\n|move|p2a: Greninja|Brick Break|p1a: Arceus\n|-supereffective|p1a: Arceus\n|-damage|p1a: Arceus|35\/100\n|move|p1a: Arceus|Shadow Claw|p2a: Greninja\n|-resisted|p2a: Greninja\n|-damage|p2a: Greninja|48\/100\n|\n|upkeep\n|turn|17\n|\n|t:|1699885293\n|move|p2a: Greninja|Brick Break|p1a: Arceus\n|-supereffective|p1a: Arceus\n|-damage|p1a: Arceus|8\/100\n|move|p1a: Arceus|Shadow Claw|p2a: Greninja\n|-resisted|p2a: Greninja\n|-crit|p2a: Greninja\n|-damage|p2a: Greninja|21\/100\n|\n|upkeep\n|turn|18\n|\n|t:|1699885303\n|move|p2a: Greninja|Brick Break|p1a: Arceus\n|-supereffective|p1a: Arceus\n|-damage|p1a: Arceus|0 fnt\n|faint|p1a: Arceus\n|\n|upkeep\n|\n|t:|1699885310\n|switch|p1a: Mew|Mew|100\/100\n|-damage|p1a: Mew|88\/100|[from] Stealth Rock\n|-damage|p1a: Mew|63\/100|[from] Spikes\n|turn|19\n|\n|t:|1699885323\n|move|p2a: Greninja|Switcheroo|p1a: Mew\n|-activate|p2a: Greninja|move: Trick|[of] p1a: Mew\n|-item|p1a: Mew|Mirror Herb|[from] move: Switcheroo\n|-item|p2a: Greninja|Life Orb|[from] move: Switcheroo\n|move|p1a: Mew|Brave Bird|p2a: Greninja\n|-damage|p2a: Greninja|0 fnt\n|faint|p2a: Greninja\n|-damage|p1a: Mew|58\/100|[from] Recoil\n|\n|upkeep\n|\n|t:|1699885332\n|switch|p2a: Tyranitar|Tyranitar, F|100\/100\n|-ability|p2a: Tyranitar|Unnerve\n|turn|20\n|\n|t:|1699885345\n|move|p1a: Mew|Brave Bird|p2a: Tyranitar\n|-resisted|p2a: Tyranitar\n|-damage|p2a: Tyranitar|89\/100\n|-damage|p1a: Mew|54\/100|[from] Recoil\n|move|p2a: Tyranitar|Substitute|p2a: Tyranitar\n|-start|p2a: Tyranitar|Substitute\n|-damage|p2a: Tyranitar|64\/100\n|\n|-heal|p2a: Tyranitar|70\/100|[from] item: Leftovers\n|upkeep\n|turn|21\n|\n|t:|1699885355\n|move|p1a: Mew|Gunk Shot|p2a: Tyranitar\n|-resisted|p2a: Tyranitar\n|-activate|p2a: Tyranitar|move: Substitute|[damage]\n|move|p2a: Tyranitar|Thunder Wave|p1a: Mew\n|-status|p1a: Mew|par\n|-activate|p1a: Mew|ability: Synchronize\n|-status|p2a: Tyranitar|par\n|\n|-heal|p2a: Tyranitar|76\/100 par|[from] item: Leftovers\n|upkeep\n|turn|22\n|\n|t:|1699885368\n|switch|p1a: Sylveon|Sylveon, F|100\/100\n|-damage|p1a: Sylveon|88\/100|[from] Stealth Rock\n|-damage|p1a: Sylveon|63\/100|[from] Spikes\n|cant|p2a: Tyranitar|par\n|\n|-heal|p2a: Tyranitar|82\/100 par|[from] item: Leftovers\n|upkeep\n|turn|23\n|\n|t:|1699885378\n|move|p1a: Sylveon|Quick Attack|p2a: Tyranitar\n|-resisted|p2a: Tyranitar\n|-activate|p2a: Tyranitar|move: Substitute|[damage]\n|cant|p2a: Tyranitar|par\n|\n|-heal|p2a: Tyranitar|89\/100 par|[from] item: Leftovers\n|upkeep\n|turn|24\n|\n|t:|1699885385\n|move|p1a: Sylveon|Draining Kiss|p2a: Tyranitar\n|-supereffective|p2a: Tyranitar\n|-end|p2a: Tyranitar|Substitute\n|-heal|p1a: Sylveon|74\/100|[from] drain|[of] p2a: Tyranitar\n|cant|p2a: Tyranitar|par\n|\n|-heal|p2a: Tyranitar|95\/100 par|[from] item: Leftovers\n|upkeep\n|turn|25\n|\n|t:|1699885394\n|move|p1a: Sylveon|Facade|p2a: Tyranitar\n|-resisted|p2a: Tyranitar\n|-damage|p2a: Tyranitar|91\/100 par\n|cant|p2a: Tyranitar|par\n|\n|-heal|p2a: Tyranitar|97\/100 par|[from] item: Leftovers\n|upkeep\n|turn|26\n|\n|t:|1699885405\n|-terastallize|p1a: Sylveon|Fairy\n|move|p1a: Sylveon|Dazzling Gleam|p2a: Tyranitar\n|-supereffective|p2a: Tyranitar\n|-damage|p2a: Tyranitar|11\/100 par\n|move|p2a: Tyranitar|Sandstorm|p2a: Tyranitar\n|-weather|Sandstorm\n|\n|-weather|Sandstorm|[upkeep]\n|-damage|p1a: Sylveon|67\/100|[from] Sandstorm\n|-heal|p2a: Tyranitar|17\/100 par|[from] item: Leftovers\n|upkeep\n|turn|27\n|\n|t:|1699885419\n|move|p1a: Sylveon|Facade|p2a: Tyranitar\n|-resisted|p2a: Tyranitar\n|-damage|p2a: Tyranitar|13\/100 par\n|move|p2a: Tyranitar|Thunder Wave|p1a: Sylveon\n|-status|p1a: Sylveon|par\n|\n|-weather|Sandstorm|[upkeep]\n|-damage|p1a: Sylveon|61\/100 par|[from] Sandstorm\n|-heal|p2a: Tyranitar|19\/100 par|[from] item: Leftovers\n|upkeep\n|turn|28\n|\n|t:|1699885429\n|switch|p1a: Eevee|Eevee, F|100\/100\n|-damage|p1a: Eevee|88\/100|[from] Stealth Rock\n|-item|p1a: Eevee|Air Balloon\n|move|p2a: Tyranitar|Knock Off|p1a: Eevee\n|-damage|p1a: Eevee|5\/100\n|-enditem|p1a: Eevee|Air Balloon\n|\n|-weather|Sandstorm|[upkeep]\n|-damage|p1a: Eevee|0 fnt|[from] Sandstorm\n|faint|p1a: Eevee\n|-heal|p2a: Tyranitar|25\/100 par|[from] item: Leftovers\n|upkeep\n|\n|t:|1699885441\n|switch|p1a: Fennekin|Fennekin, F|100\/100\n|-damage|p1a: Fennekin|76\/100|[from] Stealth Rock\n|-damage|p1a: Fennekin|51\/100|[from] Spikes\n|turn|29\n|\n|t:|1699885447\n|move|p1a: Fennekin|Flamethrower|p2a: Tyranitar\n|-resisted|p2a: Tyranitar\n|-damage|p2a: Tyranitar|16\/100 par\n|move|p2a: Tyranitar|Thunder Wave|p1a: Fennekin\n|-status|p1a: Fennekin|par\n|\n|-weather|Sandstorm|[upkeep]\n|-damage|p1a: Fennekin|45\/100 par|[from] Sandstorm\n|-heal|p2a: Tyranitar|23\/100 par|[from] item: Leftovers\n|upkeep\n|turn|30\n|\n|t:|1699885458\n|cant|p2a: Tyranitar|par\n|move|p1a: Fennekin|Imprison|p1a: Fennekin\n|-start|p1a: Fennekin|move: Imprison\n|\n|-weather|none\n|-heal|p2a: Tyranitar|29\/100 par|[from] item: Leftovers\n|upkeep\n|turn|31\n|\n|t:|1699885465\n|move|p2a: Tyranitar|Knock Off|p1a: Fennekin\n|-damage|p1a: Fennekin|0 fnt\n|-enditem|p1a: Fennekin|Charcoal|[from] move: Knock Off|[of] p2a: Tyranitar\n|faint|p1a: Fennekin\n|\n|-heal|p2a: Tyranitar|35\/100 par|[from] item: Leftovers\n|upkeep\n|\n|t:|1699885471\n|switch|p1a: Mew|Mew|54\/100 par\n|-damage|p1a: Mew|41\/100 par|[from] Stealth Rock\n|-damage|p1a: Mew|16\/100 par|[from] Spikes\n|turn|32\n|\n|t:|1699885478\n|move|p1a: Mew|Brave Bird|p2a: Tyranitar\n|-resisted|p2a: Tyranitar\n|-damage|p2a: Tyranitar|23\/100 par\n|-damage|p1a: Mew|12\/100 par|[from] Recoil\n|move|p2a: Tyranitar|Sandstorm|p2a: Tyranitar\n|-weather|Sandstorm\n|\n|-weather|Sandstorm|[upkeep]\n|-damage|p1a: Mew|6\/100 par|[from] Sandstorm\n|-heal|p2a: Tyranitar|30\/100 par|[from] item: Leftovers\n|upkeep\n|turn|33\n|\n|t:|1699885492\n|switch|p2a: Garchomp|Garchomp, F|100\/100\n|move|p1a: Mew|Close Combat|p2a: Garchomp|[miss]\n|-miss|p1a: Mew|p2a: Garchomp\n|\n|-weather|Sandstorm|[upkeep]\n|-damage|p1a: Mew|0 fnt|[from] Sandstorm\n|faint|p1a: Mew\n|upkeep\n|\n|t:|1699885501\n|switch|p1a: Sylveon|Sylveon, F, tera:Fairy|61\/100 par\n|-damage|p1a: Sylveon|49\/100 par|[from] Stealth Rock\n|-damage|p1a: Sylveon|24\/100 par|[from] Spikes\n|turn|34\n|\n|t:|1699885510\n|move|p1a: Sylveon|Quick Attack|p2a: Garchomp|[miss]\n|-miss|p1a: Sylveon|p2a: Garchomp\n|move|p2a: Garchomp|Earthquake|p1a: Sylveon\n|-damage|p1a: Sylveon|0 fnt\n|faint|p1a: Sylveon\n|\n|win|goldlego\n|raw|Fox-raccoon's rating: 1031 &rarr; <strong>1017<\/strong><br \/>(-14 for losing)\n|raw|goldlego's rating: 1045 &rarr; <strong>1077<\/strong><br \/>(+32 for winning)\n|c|\u2606goldlego|gg\n|c|\u2606goldlego|wp\n|l|\u2606Fox-raccoon\n","uploadtime":1699885622,"views":100,"p1id":"foxraccoon","p2id":"goldlego","formatid":"gen9anythinggoes","rating":1017,"private":0,"password":""}