{"id":"gen9anythinggoes-1973604447","p1":"Genesis94","p2":"Citybob","format":"[Gen 9] Anything Goes","log":"|j|\u2606Genesis94\n|j|\u2606Citybob\n|t:|1697995312\n|gametype|singles\n|player|p1|Genesis94|li|\n|player|p2|Citybob|fantina|\n|teamsize|p1|6\n|teamsize|p2|6\n|gen|9\n|tier|[Gen 9] Anything Goes\n|rule|HP Percentage Mod: HP is shown in percentages\n|rule|Endless Battle Clause: Forcing endless battles is banned\n|clearpoke\n|poke|p1|Arbok, F|\n|poke|p1|Magearna|\n|poke|p1|Zarude|\n|poke|p1|Noivern, F|\n|poke|p1|Dachsbun, M|\n|poke|p1|Milotic, F|\n|poke|p2|Zapdos-Galar|\n|poke|p2|Chandelure, M|\n|poke|p2|Glimmora, M|\n|poke|p2|Milotic, F|\n|poke|p2|Talonflame, F|\n|poke|p2|Glaceon, M|\n|teampreview\n|c|\u2606Genesis94|Gl hf\n|c|\u2606Citybob|hf\n|\n|t:|1697995398\n|start\n|switch|p1a: Noivern|Noivern, F, shiny|100\/100\n|switch|p2a: Zapdos|Zapdos-Galar|100\/100\n|turn|1\n|\n|t:|1697995418\n|switch|p2a: Milotic|Milotic, F|100\/100\n|move|p1a: Noivern|U-turn|p2a: Milotic\n|-damage|p2a: Milotic|90\/100\n|\n|t:|1697995429\n|switch|p1a: Zarude|Zarude|100\/100|[from] U-turn\n|\n|upkeep\n|turn|2\n|\n|t:|1697995467\n|switch|p2a: Talonflame|Talonflame, F|100\/100\n|move|p1a: Zarude|Power Whip|p2a: Talonflame\n|-resisted|p2a: Talonflame\n|-damage|p2a: Talonflame|86\/100\n|-status|p1a: Zarude|brn|[from] ability: Flame Body|[of] p2a: Talonflame\n|\n|-damage|p1a: Zarude|95\/100 brn|[from] brn\n|upkeep\n|turn|3\n|\n|t:|1697995525\n|switch|p1a: Dachsbun|Dachsbun, M|100\/100\n|switch|p2a: Milotic|Milotic, F|90\/100\n|\n|upkeep\n|turn|4\n|\n|t:|1697995536\n|move|p1a: Dachsbun|Yawn|p2a: Milotic\n|-start|p2a: Milotic|move: Yawn|[of] p1a: Dachsbun\n|move|p2a: Milotic|Flip Turn|p1a: Dachsbun\n|-damage|p1a: Dachsbun|92\/100\n|-damage|p2a: Milotic|73\/100|[from] item: Rocky Helmet|[of] p1a: Dachsbun\n|\n|t:|1697995562\n|switch|p2a: Glimmora|Glimmora, M|100\/100|[from] Flip Turn\n|\n|upkeep\n|turn|5\n|\n|t:|1697995598\n|switch|p1a: Magearna|Magearna|100\/100\n|move|p2a: Glimmora|Stealth Rock|p1a: Magearna\n|-sidestart|p1: Genesis94|move: Stealth Rock\n|\n|upkeep\n|turn|6\n|\n|t:|1697995612\n|switch|p2a: Chandelure|Chandelure, M|100\/100\n|move|p1a: Magearna|Flash Cannon|p2a: Chandelure\n|-resisted|p2a: Chandelure\n|-damage|p2a: Chandelure|78\/100\n|\n|upkeep\n|turn|7\n|\n|t:|1697995643\n|switch|p1a: Milotic|Milotic, F|100\/100\n|-damage|p1a: Milotic|88\/100|[from] Stealth Rock\n|move|p2a: Chandelure|Shadow Ball|p1a: Milotic\n|-damage|p1a: Milotic|50\/100\n|\n|-status|p1a: Milotic|brn|[from] item: Flame Orb\n|upkeep\n|turn|8\n|\n|t:|1697995686\n|switch|p2a: Milotic|Milotic, F|73\/100\n|move|p1a: Milotic|Recover|p1a: Milotic\n|-heal|p1a: Milotic|99\/100 brn\n|\n|-damage|p1a: Milotic|94\/100 brn|[from] brn\n|upkeep\n|turn|9\n|\n|t:|1697995697\n|move|p2a: Milotic|Recover|p2a: Milotic\n|-heal|p2a: Milotic|100\/100\n|move|p1a: Milotic|Dragon Tail|p2a: Milotic\n|-damage|p2a: Milotic|96\/100\n|drag|p2a: Talonflame|Talonflame, F|86\/100\n|\n|-damage|p1a: Milotic|88\/100 brn|[from] brn\n|upkeep\n|turn|10\n|\n|t:|1697995711\n|switch|p2a: Glaceon|Glaceon, M|100\/100\n|move|p1a: Milotic|Scald|p2a: Glaceon\n|-damage|p2a: Glaceon|79\/100\n|-status|p2a: Glaceon|brn\n|\n|-damage|p2a: Glaceon|73\/100 brn|[from] brn\n|-damage|p1a: Milotic|81\/100 brn|[from] brn\n|upkeep\n|turn|11\n|\n|t:|1697995792\n|-terastallize|p2a: Glaceon|Fire\n|move|p2a: Glaceon|Tera Blast|p1a: Milotic|[anim] Tera Blast Fire\n|-resisted|p1a: Milotic\n|-damage|p1a: Milotic|65\/100 brn\n|move|p1a: Milotic|Recover|p1a: Milotic\n|-heal|p1a: Milotic|100\/100 brn\n|\n|-damage|p2a: Glaceon|67\/100 brn|[from] brn\n|-damage|p1a: Milotic|94\/100 brn|[from] brn\n|upkeep\n|turn|12\n|\n|t:|1697995821\n|switch|p2a: Milotic|Milotic, F|96\/100\n|move|p1a: Milotic|Scald|p2a: Milotic\n|-resisted|p2a: Milotic\n|-damage|p2a: Milotic|87\/100\n|-status|p2a: Milotic|brn\n|\n|-damage|p2a: Milotic|81\/100 brn|[from] brn\n|-damage|p1a: Milotic|88\/100 brn|[from] brn\n|upkeep\n|turn|13\n|\n|t:|1697995837\n|move|p2a: Milotic|Flip Turn|p1a: Milotic\n|-resisted|p1a: Milotic\n|-damage|p1a: Milotic|87\/100 brn\n|\n|t:|1697995842\n|switch|p2a: Zapdos|Zapdos-Galar|100\/100|[from] Flip Turn\n|move|p1a: Milotic|Dragon Tail|p2a: Zapdos\n|-damage|p2a: Zapdos|96\/100\n|drag|p2a: Glaceon|Glaceon, M, tera:Fire|67\/100 brn\n|\n|-damage|p2a: Glaceon|60\/100 brn|[from] brn\n|-damage|p1a: Milotic|81\/100 brn|[from] brn\n|upkeep\n|turn|14\n|\n|t:|1697995856\n|switch|p1a: Magearna|Magearna|100\/100\n|-damage|p1a: Magearna|94\/100|[from] Stealth Rock\n|move|p2a: Glaceon|Freeze-Dry|p1a: Magearna\n|-resisted|p1a: Magearna\n|-damage|p1a: Magearna|79\/100\n|\n|-damage|p2a: Glaceon|54\/100 brn|[from] brn\n|upkeep\n|turn|15\n|\n|t:|1697995872\n|switch|p2a: Milotic|Milotic, F|81\/100 brn\n|switch|p1a: Dachsbun|Dachsbun, M|92\/100\n|-damage|p1a: Dachsbun|80\/100|[from] Stealth Rock\n|\n|-damage|p2a: Milotic|75\/100 brn|[from] brn\n|upkeep\n|turn|16\n|\n|t:|1697995897\n|move|p1a: Dachsbun|Wish|p1a: Dachsbun\n|move|p2a: Milotic|Scald|p1a: Dachsbun\n|-damage|p1a: Dachsbun|35\/100\n|-status|p1a: Dachsbun|brn\n|\n|-damage|p1a: Dachsbun|29\/100 brn|[from] brn\n|-damage|p2a: Milotic|69\/100 brn|[from] brn\n|upkeep\n|turn|17\n|\n|t:|1697995930\n|switch|p2a: Glaceon|Glaceon, M, tera:Fire|54\/100 brn\n|move|p1a: Dachsbun|Protect||[still]\n|-fail|p1a: Dachsbun\n|\n|-heal|p1a: Dachsbun|79\/100 brn|[from] move: Wish|[wisher] Dachsbun\n|-damage|p2a: Glaceon|48\/100 brn|[from] brn\n|-damage|p1a: Dachsbun|73\/100 brn|[from] brn\n|upkeep\n|turn|18\n|\n|t:|1697995943\n|move|p2a: Glaceon|Ice Beam|p1a: Dachsbun\n|-damage|p1a: Dachsbun|10\/100 brn\n|move|p1a: Dachsbun|Wish|p1a: Dachsbun\n|\n|-damage|p2a: Glaceon|42\/100 brn|[from] brn\n|-damage|p1a: Dachsbun|4\/100 brn|[from] brn\n|upkeep\n|turn|19\n|\n|t:|1697995986\n|switch|p2a: Glimmora|Glimmora, M|100\/100\n|move|p1a: Dachsbun|Protect||[still]\n|-fail|p1a: Dachsbun\n|\n|-heal|p1a: Dachsbun|54\/100 brn|[from] move: Wish|[wisher] Dachsbun\n|-damage|p1a: Dachsbun|48\/100 brn|[from] brn\n|upkeep\n|turn|20\n|\n|t:|1697995996\n|switch|p1a: Magearna|Magearna|79\/100\n|-damage|p1a: Magearna|73\/100|[from] Stealth Rock\n|move|p2a: Glimmora|Earth Power|p1a: Magearna\n|-supereffective|p1a: Magearna\n|-damage|p1a: Magearna|18\/100\n|\n|upkeep\n|turn|21\n|\n|t:|1697996025\n|switch|p2a: Milotic|Milotic, F|69\/100 brn\n|move|p1a: Magearna|Rest|p1a: Magearna\n|-status|p1a: Magearna|slp|[from] move: Rest\n|-heal|p1a: Magearna|100\/100 slp|[silent]\n|-enditem|p1a: Magearna|Chesto Berry|[eat]\n|-curestatus|p1a: Magearna|slp|[msg]\n|\n|-damage|p2a: Milotic|63\/100 brn|[from] brn\n|upkeep\n|turn|22\n|\n|t:|1697996035\n|switch|p1a: Zarude|Zarude|95\/100 brn\n|-damage|p1a: Zarude|82\/100 brn|[from] Stealth Rock\n|move|p2a: Milotic|Recover|p2a: Milotic\n|-heal|p2a: Milotic|100\/100 brn\n|\n|-damage|p1a: Zarude|76\/100 brn|[from] brn\n|-damage|p2a: Milotic|94\/100 brn|[from] brn\n|upkeep\n|turn|23\n|\n|t:|1697996050\n|switch|p2a: Glimmora|Glimmora, M|100\/100\n|move|p1a: Zarude|Knock Off|p2a: Glimmora\n|-damage|p2a: Glimmora|77\/100\n|-activate|p2a: Glimmora|ability: Toxic Debris\n|-sidestart|p1: Genesis94|move: Toxic Spikes\n|-enditem|p2a: Glimmora|Black Sludge|[from] move: Knock Off|[of] p1a: Zarude\n|\n|-damage|p1a: Zarude|70\/100 brn|[from] brn\n|upkeep\n|turn|24\n|\n|t:|1697996067\n|switch|p1a: Milotic|Milotic, F|81\/100 brn\n|-damage|p1a: Milotic|68\/100 brn|[from] Stealth Rock\n|move|p2a: Glimmora|Sludge Bomb|p1a: Milotic\n|-damage|p1a: Milotic|29\/100 brn\n|\n|-damage|p1a: Milotic|23\/100 brn|[from] brn\n|upkeep\n|turn|25\n|\n|t:|1697996078\n|move|p2a: Glimmora|Earth Power|p1a: Milotic\n|-damage|p1a: Milotic|0 fnt\n|faint|p1a: Milotic\n|\n|upkeep\n|\n|t:|1697996081\n|switch|p1a: Arbok|Arbok, F|100\/100\n|-damage|p1a: Arbok|88\/100|[from] Stealth Rock\n|-sideend|p1: Genesis94|move: Toxic Spikes|[of] p1a: Arbok\n|-ability|p1a: Arbok|Intimidate|boost\n|-unboost|p2a: Glimmora|atk|1\n|turn|26\n|\n|t:|1697996110\n|switch|p2a: Milotic|Milotic, F|94\/100 brn\n|-terastallize|p1a: Arbok|Dragon\n|move|p1a: Arbok|Coil|p1a: Arbok\n|-boost|p1a: Arbok|atk|1\n|-boost|p1a: Arbok|def|1\n|-boost|p1a: Arbok|accuracy|1\n|\n|-heal|p1a: Arbok|94\/100|[from] item: Leftovers\n|-damage|p2a: Milotic|88\/100 brn|[from] brn\n|upkeep\n|turn|27\n|\n|t:|1697996124\n|move|p1a: Arbok|Scale Shot|p2a: Milotic\n|-damage|p2a: Milotic|73\/100 brn\n|-damage|p2a: Milotic|59\/100 brn\n|-hitcount|p2a: Milotic|2\n|-unboost|p1a: Arbok|def|1\n|-boost|p1a: Arbok|spe|1\n|move|p2a: Milotic|Scald|p1a: Arbok\n|-resisted|p1a: Arbok\n|-damage|p1a: Arbok|69\/100\n|\n|-heal|p1a: Arbok|75\/100|[from] item: Leftovers\n|-damage|p2a: Milotic|53\/100 brn|[from] brn\n|upkeep\n|turn|28\n|\n|t:|1697996149\n|move|p1a: Arbok|Coil|p1a: Arbok\n|-boost|p1a: Arbok|atk|1\n|-boost|p1a: Arbok|def|1\n|-boost|p1a: Arbok|accuracy|1\n|move|p2a: Milotic|Ice Beam|p1a: Arbok\n|-supereffective|p1a: Arbok\n|-damage|p1a: Arbok|0 fnt\n|faint|p1a: Arbok\n|\n|-damage|p2a: Milotic|47\/100 brn|[from] brn\n|upkeep\n|\n|t:|1697996159\n|switch|p1a: Noivern|Noivern, F, shiny|100\/100\n|-damage|p1a: Noivern|76\/100|[from] Stealth Rock\n|turn|29\n|\n|t:|1697996180\n|move|p1a: Noivern|Boomburst|p2a: Milotic\n|-damage|p2a: Milotic|3\/100 brn\n|move|p2a: Milotic|Recover|p2a: Milotic\n|-heal|p2a: Milotic|53\/100 brn\n|\n|-damage|p2a: Milotic|47\/100 brn|[from] brn\n|upkeep\n|turn|30\n|\n|t:|1697996197\n|switch|p1a: Magearna|Magearna|100\/100\n|-damage|p1a: Magearna|94\/100|[from] Stealth Rock\n|move|p2a: Milotic|Recover|p2a: Milotic\n|-heal|p2a: Milotic|97\/100 brn\n|\n|-damage|p2a: Milotic|91\/100 brn|[from] brn\n|upkeep\n|turn|31\n|\n|t:|1697996207\n|move|p2a: Milotic|Flip Turn|p1a: Magearna\n|-damage|p1a: Magearna|89\/100\n|\n|t:|1697996211\n|switch|p2a: Glimmora|Glimmora, M|77\/100|[from] Flip Turn\n|move|p1a: Magearna|Flash Cannon|p2a: Glimmora\n|-supereffective|p2a: Glimmora\n|-damage|p2a: Glimmora|0 fnt\n|faint|p2a: Glimmora\n|-ability|p1a: Magearna|Soul-Heart|boost\n|-boost|p1a: Magearna|spa|1\n|\n|upkeep\n|\n|t:|1697996259\n|switch|p2a: Glaceon|Glaceon, M, tera:Fire|42\/100 brn\n|turn|32\n|\n|t:|1697996275\n|switch|p1a: Dachsbun|Dachsbun, M|48\/100 brn\n|-damage|p1a: Dachsbun|36\/100 brn|[from] Stealth Rock\n|move|p2a: Glaceon|Tera Blast|p1a: Dachsbun|[anim] Tera Blast Fire\n|-ability|p1a: Dachsbun|Well-Baked Body|boost\n|-boost|p1a: Dachsbun|def|2\n|\n|-damage|p2a: Glaceon|36\/100 brn|[from] brn\n|-damage|p1a: Dachsbun|30\/100 brn|[from] brn\n|upkeep\n|turn|33\n|\n|t:|1697996285\n|move|p2a: Glaceon|Ice Beam|p1a: Dachsbun\n|-damage|p1a: Dachsbun|0 fnt\n|faint|p1a: Dachsbun\n|\n|-damage|p2a: Glaceon|30\/100 brn|[from] brn\n|upkeep\n|\n|t:|1697996289\n|switch|p1a: Noivern|Noivern, F, shiny|76\/100\n|-damage|p1a: Noivern|51\/100|[from] Stealth Rock\n|turn|34\n|\n|t:|1697996327\n|switch|p2a: Milotic|Milotic, F|91\/100 brn\n|move|p1a: Noivern|Hurricane|p2a: Milotic\n|-damage|p2a: Milotic|35\/100 brn\n|-start|p2a: Milotic|confusion\n|\n|-damage|p2a: Milotic|29\/100 brn|[from] brn\n|upkeep\n|turn|35\n|\n|t:|1697996339\n|move|p1a: Noivern|Hurricane|p2a: Milotic\n|-damage|p2a: Milotic|0 fnt\n|faint|p2a: Milotic\n|\n|upkeep\n|\n|t:|1697996399\n|switch|p2a: Zapdos|Zapdos-Galar|96\/100\n|turn|36\n|\n|t:|1697996405\n|move|p2a: Zapdos|Brave Bird|p1a: Noivern\n|-damage|p1a: Noivern|0 fnt\n|faint|p1a: Noivern\n|-damage|p2a: Zapdos|81\/100|[from] Recoil\n|\n|upkeep\n|\n|t:|1697996408\n|switch|p1a: Zarude|Zarude|70\/100 brn\n|-damage|p1a: Zarude|58\/100 brn|[from] Stealth Rock\n|turn|37\n|\n|t:|1697996420\n|move|p1a: Zarude|Knock Off|p2a: Zapdos\n|-resisted|p2a: Zapdos\n|-damage|p2a: Zapdos|69\/100\n|-enditem|p2a: Zapdos|Choice Scarf|[from] move: Knock Off|[of] p1a: Zarude\n|move|p2a: Zapdos|Brave Bird|p1a: Zarude\n|-supereffective|p1a: Zarude\n|-crit|p1a: Zarude\n|-damage|p1a: Zarude|0 fnt\n|faint|p1a: Zarude\n|-damage|p2a: Zapdos|49\/100|[from] Recoil\n|\n|upkeep\n|\n|t:|1697996424\n|switch|p1a: Magearna|Magearna|89\/100\n|-damage|p1a: Magearna|83\/100|[from] Stealth Rock\n|turn|38\n|\n|t:|1697996434\n|move|p2a: Zapdos|U-turn|p1a: Magearna\n|-resisted|p1a: Magearna\n|-damage|p1a: Magearna|79\/100\n|\n|t:|1697996439\n|switch|p2a: Chandelure|Chandelure, M|78\/100|[from] U-turn\n|move|p1a: Magearna|Fleur Cannon|p2a: Chandelure\n|-resisted|p2a: Chandelure\n|-damage|p2a: Chandelure|45\/100\n|-unboost|p1a: Magearna|spa|2\n|\n|upkeep\n|turn|39\n|\n|t:|1697996447\n|move|p1a: Magearna|Flash Cannon|p2a: Chandelure\n|-resisted|p2a: Chandelure\n|-damage|p2a: Chandelure|34\/100\n|-unboost|p2a: Chandelure|spd|1\n|move|p2a: Chandelure|Flamethrower|p1a: Magearna\n|-supereffective|p1a: Magearna\n|-damage|p1a: Magearna|0 fnt\n|faint|p1a: Magearna\n|\n|win|Citybob\n|l|\u2606Genesis94\n|c|\u2606Citybob|gg\n","uploadtime":1697996479,"views":18,"p1id":"genesis94","p2id":"citybob","formatid":"gen9anythinggoes","rating":0,"private":0,"password":""}