{"id":"gen9anythinggoes-1983366438","p1":"Past why","p2":"ZackyWackyTacky","format":"[Gen 9] Anything Goes","log":"|j|\u2606Past why\n|j|\u2606ZackyWackyTacky\n|t:|1699122586\n|gametype|singles\n|player|p1|Past why|102|1000\n|player|p2|ZackyWackyTacky|barry|1011\n|teamsize|p1|6\n|teamsize|p2|6\n|gen|9\n|tier|[Gen 9] Anything Goes\n|rated|\n|rule|HP Percentage Mod: HP is shown in percentages\n|rule|Endless Battle Clause: Forcing endless battles is banned\n|clearpoke\n|poke|p1|Flutter Mane|\n|poke|p1|Great Tusk|\n|poke|p1|Walking Wake|\n|poke|p1|Roaring Moon|\n|poke|p1|Slither Wing|\n|poke|p1|Koraidon|\n|poke|p2|Brute Bonnet|\n|poke|p2|Chi-Yu|\n|poke|p2|Gogoat, M|\n|poke|p2|Garchomp, F|\n|poke|p2|Dachsbun, F|\n|poke|p2|Gyarados, F|\n|teampreview\n|\n|t:|1699122598\n|start\n|switch|p1a: Flutter Mane|Flutter Mane|100\/100\n|switch|p2a: Garchomp|Garchomp, F|100\/100\n|turn|1\n|\n|t:|1699122607\n|move|p1a: Flutter Mane|Shadow Ball|p2a: Garchomp\n|-damage|p2a: Garchomp|57\/100\n|-unboost|p2a: Garchomp|spd|1\n|move|p2a: Garchomp|Stealth Rock|p1a: Flutter Mane\n|-sidestart|p1: Past why|move: Stealth Rock\n|\n|-heal|p2a: Garchomp|63\/100|[from] item: Leftovers\n|upkeep\n|turn|2\n|inactive|Battle timer is ON: inactive players will automatically lose when time's up. (requested by Past why)\n|\n|t:|1699122627\n|switch|p2a: Brute Bonnet|Brute Bonnet|100\/100\n|move|p1a: Flutter Mane|Dazzling Gleam|p2a: Brute Bonnet\n|-supereffective|p2a: Brute Bonnet\n|-damage|p2a: Brute Bonnet|12\/100\n|\n|upkeep\n|turn|3\n|\n|t:|1699122645\n|move|p1a: Flutter Mane|Shadow Ball|p2a: Brute Bonnet\n|-resisted|p2a: Brute Bonnet\n|-damage|p2a: Brute Bonnet|0 fnt\n|faint|p2a: Brute Bonnet\n|-end|p2a: Brute Bonnet|Protosynthesis|[silent]\n|\n|upkeep\n|\n|t:|1699122651\n|switch|p2a: Chi-Yu|Chi-Yu|100\/100\n|-ability|p2a: Chi-Yu|Beads of Ruin\n|turn|4\n|\n|t:|1699122665\n|move|p1a: Flutter Mane|Dazzling Gleam|p2a: Chi-Yu\n|-damage|p2a: Chi-Yu|49\/100\n|move|p2a: Chi-Yu|Dark Pulse|p1a: Flutter Mane\n|-damage|p1a: Flutter Mane|9\/100\n|\n|upkeep\n|turn|5\n|\n|t:|1699122675\n|switch|p2a: Gyarados|Gyarados, F|100\/100\n|move|p1a: Flutter Mane|Dazzling Gleam|p2a: Gyarados\n|-damage|p2a: Gyarados|59\/100\n|\n|upkeep\n|turn|6\n|\n|t:|1699122685\n|move|p1a: Flutter Mane|Memento|p2a: Gyarados\n|-unboost|p2a: Gyarados|atk|2\n|-unboost|p2a: Gyarados|spa|2\n|faint|p1a: Flutter Mane\n|-end|p1a: Flutter Mane|Protosynthesis|[silent]\n|move|p2a: Gyarados|Crunch|p1: Flutter Mane|[notarget]\n|-fail|p2a: Gyarados\n|\n|upkeep\n|\n|t:|1699122703\n|switch|p1a: Slither Wing|Slither Wing|100\/100\n|-damage|p1a: Slither Wing|88\/100|[from] Stealth Rock\n|turn|7\n|\n|t:|1699122732\n|move|p1a: Slither Wing|First Impression|p2a: Gyarados\n|-resisted|p2a: Gyarados\n|-damage|p2a: Gyarados|36\/100\n|move|p2a: Gyarados|Dragon Dance|p2a: Gyarados\n|-boost|p2a: Gyarados|atk|1\n|-boost|p2a: Gyarados|spe|1\n|\n|upkeep\n|turn|8\n|inactive|ZackyWackyTacky has 120 seconds left.\n|\n|t:|1699122750\n|-end|p1a: Slither Wing|Protosynthesis|[silent]\n|switch|p1a: Roaring Moon|Roaring Moon|100\/100\n|-damage|p1a: Roaring Moon|88\/100|[from] Stealth Rock\n|move|p2a: Gyarados|Waterfall|p1a: Roaring Moon\n|-resisted|p1a: Roaring Moon\n|-damage|p1a: Roaring Moon|71\/100\n|\n|upkeep\n|turn|9\n|\n|t:|1699122759\n|move|p2a: Gyarados|Substitute|p2a: Gyarados\n|-start|p2a: Gyarados|Substitute\n|-damage|p2a: Gyarados|11\/100\n|move|p1a: Roaring Moon|Earthquake|p2a: Gyarados\n|-immune|p2a: Gyarados\n|\n|upkeep\n|turn|10\n|\n|t:|1699122771\n|switch|p2a: Dachsbun|Dachsbun, F|100\/100\n|move|p1a: Roaring Moon|Draco Meteor|p2a: Dachsbun\n|-immune|p2a: Dachsbun\n|\n|upkeep\n|turn|11\n|\n|t:|1699122782\n|-end|p1a: Roaring Moon|Protosynthesis|[silent]\n|switch|p1a: Great Tusk|Great Tusk|100\/100\n|-damage|p1a: Great Tusk|98\/100|[from] Stealth Rock\n|move|p2a: Dachsbun|Protect||[still]\n|-fail|p2a: Dachsbun\n|\n|upkeep\n|turn|12\n|\n|t:|1699122789\n|move|p1a: Great Tusk|Close Combat|p2a: Dachsbun\n|-resisted|p2a: Dachsbun\n|-damage|p2a: Dachsbun|78\/100\n|-unboost|p1a: Great Tusk|def|1\n|-unboost|p1a: Great Tusk|spd|1\n|-damage|p1a: Great Tusk|81\/100|[from] item: Rocky Helmet|[of] p2a: Dachsbun\n|move|p2a: Dachsbun|Wish|p2a: Dachsbun\n|\n|upkeep\n|turn|13\n|\n|t:|1699122799\n|move|p2a: Dachsbun|Protect|p2a: Dachsbun\n|-singleturn|p2a: Dachsbun|Protect\n|move|p1a: Great Tusk|Head Smash|p2a: Dachsbun\n|-activate|p2a: Dachsbun|move: Protect\n|\n|-heal|p2a: Dachsbun|100\/100|[from] move: Wish|[wisher] Dachsbun\n|upkeep\n|turn|14\n|\n|t:|1699122810\n|move|p1a: Great Tusk|Head Smash|p2a: Dachsbun\n|-damage|p2a: Dachsbun|64\/100\n|-damage|p1a: Great Tusk|65\/100|[from] item: Rocky Helmet|[of] p2a: Dachsbun\n|-damage|p1a: Great Tusk|49\/100|[from] Recoil\n|move|p2a: Dachsbun|Play Rough|p1a: Great Tusk|[miss]\n|-miss|p2a: Dachsbun|p1a: Great Tusk\n|\n|upkeep\n|turn|15\n|\n|t:|1699122819\n|move|p1a: Great Tusk|Head Smash|p2a: Dachsbun|[miss]\n|-miss|p1a: Great Tusk|p2a: Dachsbun\n|move|p2a: Dachsbun|Wish|p2a: Dachsbun\n|\n|upkeep\n|turn|16\n|\n|t:|1699122825\n|move|p2a: Dachsbun|Protect|p2a: Dachsbun\n|-singleturn|p2a: Dachsbun|Protect\n|move|p1a: Great Tusk|Head Smash|p2a: Dachsbun\n|-activate|p2a: Dachsbun|move: Protect\n|\n|-heal|p2a: Dachsbun|100\/100|[from] move: Wish|[wisher] Dachsbun\n|upkeep\n|turn|17\n|\n|t:|1699122834\n|move|p1a: Great Tusk|Head Smash|p2a: Dachsbun|[miss]\n|-miss|p1a: Great Tusk|p2a: Dachsbun\n|move|p2a: Dachsbun|Play Rough|p1a: Great Tusk\n|-supereffective|p1a: Great Tusk\n|-damage|p1a: Great Tusk|0 fnt\n|faint|p1a: Great Tusk\n|-end|p1a: Great Tusk|Protosynthesis|[silent]\n|\n|upkeep\n|\n|t:|1699122843\n|switch|p1a: Walking Wake|Walking Wake|100\/100\n|-damage|p1a: Walking Wake|88\/100|[from] Stealth Rock\n|turn|18\n|\n|t:|1699122853\n|move|p1a: Walking Wake|Hurricane|p2a: Dachsbun|[miss]\n|-miss|p1a: Walking Wake|p2a: Dachsbun\n|move|p2a: Dachsbun|Wish|p2a: Dachsbun\n|\n|upkeep\n|turn|19\n|\n|t:|1699122861\n|move|p2a: Dachsbun|Protect|p2a: Dachsbun\n|-singleturn|p2a: Dachsbun|Protect\n|move|p1a: Walking Wake|Hydro Steam|p2a: Dachsbun\n|-activate|p2a: Dachsbun|move: Protect\n|\n|upkeep\n|turn|20\n|\n|t:|1699122869\n|move|p1a: Walking Wake|Hurricane|p2a: Dachsbun|[miss]\n|-miss|p1a: Walking Wake|p2a: Dachsbun\n|move|p2a: Dachsbun|Play Rough|p1a: Walking Wake\n|-supereffective|p1a: Walking Wake\n|-crit|p1a: Walking Wake\n|-damage|p1a: Walking Wake|0 fnt\n|faint|p1a: Walking Wake\n|-end|p1a: Walking Wake|Protosynthesis|[silent]\n|\n|upkeep\n|\n|t:|1699122879\n|switch|p1a: Slither Wing|Slither Wing|88\/100\n|-damage|p1a: Slither Wing|76\/100|[from] Stealth Rock\n|turn|21\n|\n|t:|1699122886\n|move|p1a: Slither Wing|First Impression|p2a: Dachsbun\n|-resisted|p2a: Dachsbun\n|-damage|p2a: Dachsbun|88\/100\n|-damage|p1a: Slither Wing|60\/100|[from] item: Rocky Helmet|[of] p2a: Dachsbun\n|move|p2a: Dachsbun|Wish|p2a: Dachsbun\n|\n|upkeep\n|turn|22\n|\n|t:|1699122896\n|move|p2a: Dachsbun|Protect|p2a: Dachsbun\n|-singleturn|p2a: Dachsbun|Protect\n|move|p1a: Slither Wing|Bug Buzz|p2a: Dachsbun\n|-activate|p2a: Dachsbun|move: Protect\n|\n|-heal|p2a: Dachsbun|100\/100|[from] move: Wish|[wisher] Dachsbun\n|upkeep\n|turn|23\n|\n|t:|1699122909\n|move|p1a: Slither Wing|Bug Buzz|p2a: Dachsbun\n|-resisted|p2a: Dachsbun\n|-damage|p2a: Dachsbun|84\/100\n|move|p2a: Dachsbun|Play Rough|p1a: Slither Wing\n|-supereffective|p1a: Slither Wing\n|-damage|p1a: Slither Wing|0 fnt\n|faint|p1a: Slither Wing\n|-end|p1a: Slither Wing|Protosynthesis|[silent]\n|\n|upkeep\n|\n|t:|1699122918\n|switch|p1a: Roaring Moon|Roaring Moon|71\/100\n|-damage|p1a: Roaring Moon|59\/100|[from] Stealth Rock\n|turn|24\n|\n|t:|1699122927\n|move|p1a: Roaring Moon|Earthquake|p2a: Dachsbun\n|-damage|p2a: Dachsbun|55\/100\n|move|p2a: Dachsbun|Wish|p2a: Dachsbun\n|\n|upkeep\n|turn|25\n|\n|t:|1699122933\n|move|p2a: Dachsbun|Protect|p2a: Dachsbun\n|-singleturn|p2a: Dachsbun|Protect\n|move|p1a: Roaring Moon|Earthquake|p2a: Dachsbun\n|-activate|p2a: Dachsbun|move: Protect\n|\n|-heal|p2a: Dachsbun|100\/100|[from] move: Wish|[wisher] Dachsbun\n|upkeep\n|turn|26\n|\n|t:|1699122946\n|move|p1a: Roaring Moon|Air Slash|p2a: Dachsbun\n|-crit|p2a: Dachsbun\n|-damage|p2a: Dachsbun|80\/100\n|cant|p2a: Dachsbun|flinch\n|\n|upkeep\n|turn|27\n|\n|t:|1699122953\n|move|p1a: Roaring Moon|Air Slash|p2a: Dachsbun\n|-damage|p2a: Dachsbun|65\/100\n|cant|p2a: Dachsbun|flinch\n|\n|upkeep\n|turn|28\n|\n|t:|1699122959\n|move|p1a: Roaring Moon|Air Slash|p2a: Dachsbun\n|-damage|p2a: Dachsbun|50\/100\n|cant|p2a: Dachsbun|flinch\n|\n|upkeep\n|turn|29\n|\n|t:|1699122968\n|move|p1a: Roaring Moon|Air Slash|p2a: Dachsbun\n|-damage|p2a: Dachsbun|36\/100\n|move|p2a: Dachsbun|Wish|p2a: Dachsbun\n|\n|upkeep\n|turn|30\n|\n|t:|1699122973\n|move|p2a: Dachsbun|Protect|p2a: Dachsbun\n|-singleturn|p2a: Dachsbun|Protect\n|move|p1a: Roaring Moon|Air Slash|p2a: Dachsbun\n|-activate|p2a: Dachsbun|move: Protect\n|\n|-heal|p2a: Dachsbun|86\/100|[from] move: Wish|[wisher] Dachsbun\n|upkeep\n|turn|31\n|\n|t:|1699122982\n|move|p1a: Roaring Moon|Air Slash|p2a: Dachsbun\n|-damage|p2a: Dachsbun|73\/100\n|move|p2a: Dachsbun|Play Rough|p1a: Roaring Moon|[miss]\n|-miss|p2a: Dachsbun|p1a: Roaring Moon\n|\n|upkeep\n|turn|32\n|\n|t:|1699122993\n|move|p1a: Roaring Moon|Air Slash|p2a: Dachsbun\n|-crit|p2a: Dachsbun\n|-damage|p2a: Dachsbun|50\/100\n|move|p2a: Dachsbun|Play Rough|p1a: Roaring Moon\n|-supereffective|p1a: Roaring Moon\n|-damage|p1a: Roaring Moon|0 fnt\n|faint|p1a: Roaring Moon\n|-end|p1a: Roaring Moon|Protosynthesis|[silent]\n|\n|upkeep\n|\n|t:|1699123001\n|switch|p1a: Koraidon|Koraidon|100\/100\n|-damage|p1a: Koraidon|94\/100|[from] Stealth Rock\n|-weather|SunnyDay|[from] ability: Orichalcum Pulse|[of] p1a: Koraidon\n|-activate|p1a: Koraidon|Orichalcum Pulse|[source]\n|turn|33\n|\n|t:|1699123008\n|-terastallize|p1a: Koraidon|Fighting\n|move|p1a: Koraidon|Brick Break|p2a: Dachsbun\n|-resisted|p2a: Dachsbun\n|-damage|p2a: Dachsbun|24\/100\n|-damage|p1a: Koraidon|78\/100|[from] item: Rocky Helmet|[of] p2a: Dachsbun\n|move|p2a: Dachsbun|Wish|p2a: Dachsbun\n|\n|-weather|SunnyDay|[upkeep]\n|upkeep\n|turn|34\n|\n|t:|1699123019\n|move|p2a: Dachsbun|Protect|p2a: Dachsbun\n|-singleturn|p2a: Dachsbun|Protect\n|move|p1a: Koraidon|Close Combat|p2a: Dachsbun\n|-activate|p2a: Dachsbun|move: Protect\n|\n|-weather|SunnyDay|[upkeep]\n|-heal|p2a: Dachsbun|74\/100|[from] move: Wish|[wisher] Dachsbun\n|upkeep\n|turn|35\n|\n|t:|1699123029\n|move|p1a: Koraidon|Brick Break|p2a: Dachsbun\n|-resisted|p2a: Dachsbun\n|-damage|p2a: Dachsbun|50\/100\n|-damage|p1a: Koraidon|61\/100|[from] item: Rocky Helmet|[of] p2a: Dachsbun\n|move|p2a: Dachsbun|Play Rough|p1a: Koraidon\n|-supereffective|p1a: Koraidon\n|-damage|p1a: Koraidon|19\/100\n|\n|-weather|SunnyDay|[upkeep]\n|upkeep\n|turn|36\n|\n|t:|1699123039\n|move|p1a: Koraidon|Brick Break|p2a: Dachsbun\n|-resisted|p2a: Dachsbun\n|-damage|p2a: Dachsbun|24\/100\n|-damage|p1a: Koraidon|2\/100|[from] item: Rocky Helmet|[of] p2a: Dachsbun\n|move|p2a: Dachsbun|Play Rough|p1a: Koraidon\n|-supereffective|p1a: Koraidon\n|-damage|p1a: Koraidon|0 fnt\n|faint|p1a: Koraidon\n|\n|win|ZackyWackyTacky\n|raw|Past why's rating: 1000 &rarr; <strong>1000<\/strong><br \/>(+0 for losing)\n|raw|ZackyWackyTacky's rating: 1011 &rarr; <strong>1048<\/strong><br \/>(+37 for winning)\n|l|\u2606Past why\n|l|\u2606ZackyWackyTacky\n","uploadtime":1699123054,"views":15,"p1id":"pastwhy","p2id":"zackywackytacky","formatid":"gen9anythinggoes","rating":1000,"private":0,"password":""}