{"id":"gen9anythinggoes-1999069322","p1":"Guest 4633522","p2":"MrMimeIsMrKetchum","format":"[Gen 9] Anything Goes","log":"|j|\u203dGuest 4633522\n|j|\u2606MrMimeIsMrKetchum\n|t:|1701029870\n|gametype|singles\n|player|p1|Guest 4633522|265|1319\n|player|p2|MrMimeIsMrKetchum|swimmerf-gen4|1205\n|teamsize|p1|6\n|teamsize|p2|6\n|gen|9\n|tier|[Gen 9] Anything Goes\n|rated|\n|rule|HP Percentage Mod: HP is shown in percentages\n|rule|Endless Battle Clause: Forcing endless battles is banned\n|clearpoke\n|poke|p1|Annihilape, M|\n|poke|p1|Annihilape, M|\n|poke|p1|Kingambit, M|\n|poke|p1|Annihilape, F|\n|poke|p1|Annihilape, M|\n|poke|p1|Calyrex-Shadow|\n|poke|p2|Annihilape, M|\n|poke|p2|Blissey, F|\n|poke|p2|Pawmot, M|\n|poke|p2|Rabsca, M|\n|poke|p2|Pelipper, M|\n|poke|p2|Basculegion, M|\n|teampreview\n|inactive|Battle timer is ON: inactive players will automatically lose when time's up. (requested by MrMimeIsMrKetchum)\n|\n|t:|1701029878\n|start\n|switch|p1a: Annihilape|Annihilape, F|100\/100\n|switch|p2a: Annihilape|Annihilape, M, shiny|100\/100\n|turn|1\n|\n|t:|1701029886\n|move|p2a: Annihilape|Rage Fist|p1a: Annihilape\n|-supereffective|p1a: Annihilape\n|-damage|p1a: Annihilape|59\/100\n|move|p1a: Annihilape|Rage Fist|p2a: Annihilape\n|-supereffective|p2a: Annihilape\n|-damage|p2a: Annihilape|0 fnt\n|faint|p2a: Annihilape\n|\n|upkeep\n|\n|t:|1701029900\n|switch|p2a: Blissey|Blissey, F, shiny|100\/100\n|turn|2\n|\n|t:|1701029907\n|move|p2a: Blissey|Copycat|p2a: Blissey\n|move|p2a: Blissey|Rage Fist|p1a: Annihilape|[from]move: Copycat\n|-supereffective|p1a: Annihilape\n|-damage|p1a: Annihilape|54\/100\n|move|p1a: Annihilape|Close Combat|p2a: Blissey\n|-supereffective|p2a: Blissey\n|-damage|p2a: Blissey|0 fnt\n|-unboost|p1a: Annihilape|def|1\n|-unboost|p1a: Annihilape|spd|1\n|faint|p2a: Blissey\n|\n|upkeep\n|\n|t:|1701029918\n|switch|p2a: Rabsca|Rabsca, M, shiny|100\/100\n|turn|3\n|\n|t:|1701029923\n|move|p1a: Annihilape|Rage Fist|p2a: Rabsca\n|-supereffective|p2a: Rabsca\n|-damage|p2a: Rabsca|0 fnt\n|faint|p2a: Rabsca\n|\n|upkeep\n|\n|t:|1701029925\n|switch|p2a: Pawmot|Pawmot, M, shiny|100\/100\n|turn|4\n|\n|t:|1701029929\n|move|p2a: Pawmot|Revival Blessing|p2a: Pawmot\n|-enditem|p2a: Pawmot|Leppa Berry|[eat]\n|-activate|p2a: Pawmot|item: Leppa Berry|Revival Blessing|[consumed]\n|\n|t:|1701029932\n|-heal|p2: Annihilape|50\/100|[from] move: Revival Blessing\n|move|p1a: Annihilape|Rage Fist|p2a: Pawmot\n|-damage|p2a: Pawmot|3\/100\n|\n|upkeep\n|turn|5\n|\n|t:|1701029937\n|move|p2a: Pawmot|Revival Blessing|p2a: Pawmot\n|\n|t:|1701029940\n|-heal|p2: Rabsca|50\/100|[from] move: Revival Blessing\n|move|p1a: Annihilape|Rage Fist|p2a: Pawmot\n|-damage|p2a: Pawmot|0 fnt\n|faint|p2a: Pawmot\n|\n|upkeep\n|\n|t:|1701029945\n|switch|p2a: Annihilape|Annihilape, M, shiny|50\/100\n|turn|6\n|\n|t:|1701029948\n|move|p2a: Annihilape|Rage Fist|p1a: Annihilape\n|-supereffective|p1a: Annihilape\n|-damage|p1a: Annihilape|0 fnt\n|faint|p1a: Annihilape\n|\n|upkeep\n|\n|t:|1701029951\n|switch|p1a: Annihilape|Annihilape, M|100\/100\n|turn|7\n|\n|t:|1701029968\n|switch|p2a: Rabsca|Rabsca, M, shiny|50\/100\n|move|p1a: Annihilape|Shadow Claw|p2a: Rabsca\n|-supereffective|p2a: Rabsca\n|-damage|p2a: Rabsca|0 fnt\n|faint|p2a: Rabsca\n|\n|upkeep\n|\n|t:|1701029972\n|switch|p2a: Annihilape|Annihilape, M, shiny|50\/100\n|turn|8\n|\n|t:|1701029979\n|move|p2a: Annihilape|Final Gambit|p1a: Annihilape\n|-immune|p1a: Annihilape\n|move|p1a: Annihilape|Shadow Claw|p2a: Annihilape\n|-supereffective|p2a: Annihilape\n|-damage|p2a: Annihilape|0 fnt\n|faint|p2a: Annihilape\n|\n|upkeep\n|\n|t:|1701029982\n|switch|p2a: Pelipper|Pelipper, M, shiny|100\/100\n|-weather|RainDance|[from] ability: Drizzle|[of] p2a: Pelipper\n|turn|9\n|\n|t:|1701029992\n|switch|p1a: Annihilape|Annihilape, M|100\/100\n|move|p2a: Pelipper|Hurricane|p1a: Annihilape\n|-supereffective|p1a: Annihilape\n|-damage|p1a: Annihilape|33\/100\n|\n|-weather|RainDance|[upkeep]\n|upkeep\n|turn|10\n|\n|t:|1701029996\n|move|p1a: Annihilape|Rage Fist|p2a: Pelipper\n|-damage|p2a: Pelipper|62\/100\n|move|p2a: Pelipper|Hurricane|p1a: Annihilape\n|-supereffective|p1a: Annihilape\n|-damage|p1a: Annihilape|0 fnt\n|faint|p1a: Annihilape\n|\n|-weather|RainDance|[upkeep]\n|upkeep\n|\n|t:|1701029999\n|switch|p1a: Annihilape|Annihilape, M|100\/100\n|turn|11\n|\n|t:|1701030008\n|move|p1a: Annihilape|Final Gambit|p2a: Pelipper\n|-damage|p2a: Pelipper|0 fnt\n|faint|p1a: Annihilape\n|faint|p2a: Pelipper\n|\n|-weather|RainDance|[upkeep]\n|upkeep\n|\n|t:|1701030014\n|switch|p1a: Annihilape|Annihilape, M|100\/100\n|switch|p2a: Basculegion|Basculegion, M, shiny|100\/100\n|turn|12\n|\n|t:|1701030020\n|move|p2a: Basculegion|Last Respects|p1a: Annihilape\n|-supereffective|p1a: Annihilape\n|-damage|p1a: Annihilape|0 fnt\n|faint|p1a: Annihilape\n|\n|-weather|RainDance|[upkeep]\n|upkeep\n|\n|t:|1701030025\n|switch|p1a: Kingambit|Kingambit, M|100\/100\n|-activate|p1a: Kingambit|ability: Supreme Overlord\n|-start|p1a: Kingambit|fallen4|[silent]\n|turn|13\n|\n|t:|1701030033\n|-terastallize|p2a: Basculegion|Fighting\n|-terastallize|p1a: Kingambit|Dark\n|move|p1a: Kingambit|Sucker Punch|p2a: Basculegion\n|-resisted|p2a: Basculegion\n|-damage|p2a: Basculegion|45\/100\n|move|p2a: Basculegion|Last Respects|p1a: Kingambit\n|-resisted|p1a: Kingambit\n|-damage|p1a: Kingambit|5\/100\n|\n|-weather|RainDance|[upkeep]\n|upkeep\n|turn|14\n|\n|t:|1701030039\n|move|p1a: Kingambit|Sucker Punch|p2a: Basculegion\n|-resisted|p2a: Basculegion\n|-damage|p2a: Basculegion|0 fnt\n|faint|p2a: Basculegion\n|\n|win|Guest 4633522\n|raw|Guest 4633522's rating: 1319 &rarr; <strong>1333<\/strong><br \/>(+14 for winning)\n|raw|MrMimeIsMrKetchum's rating: 1205 &rarr; <strong>1188<\/strong><br \/>(-17 for losing)\n|l|\u2606MrMimeIsMrKetchum\n","uploadtime":1701030044,"views":0,"p1id":"guest4633522","p2id":"mrmimeismrketchum","formatid":"gen9anythinggoes","rating":1188,"private":0,"password":""}