{"id":"gen9anythinggoes-1978907026","p1":"Dr.Dre#4500","p2":"dog678","format":"[Gen 9] Anything Goes","log":"|j|\u2606Dr.Dre#4500\n|j|\u2606dog678\n|t:|1698608847\n|gametype|singles\n|player|p1|Dr.Dre#4500|1|1103\n|player|p2|dog678|170|1111\n|teamsize|p1|6\n|teamsize|p2|6\n|gen|9\n|tier|[Gen 9] Anything Goes\n|rated|\n|rule|HP Percentage Mod: HP is shown in percentages\n|rule|Endless Battle Clause: Forcing endless battles is banned\n|clearpoke\n|poke|p1|Haxorus, M|\n|poke|p1|Gliscor, F|\n|poke|p1|Goodra-Hisui, M|\n|poke|p1|Bisharp, M|\n|poke|p1|Ninetales-Alola, M|\n|poke|p1|Krookodile, F|\n|poke|p2|Drifblim, F|\n|poke|p2|Calyrex-Ice|\n|poke|p2|Magearna|\n|poke|p2|Diancie|\n|poke|p2|Ribombee, F|\n|poke|p2|Greninja-*, M|\n|teampreview\n|\n|t:|1698608859\n|start\n|switch|p1a: Ninetales|Ninetales-Alola, M, shiny|100\/100\n|switch|p2a: Drifblim|Drifblim, F, shiny|100\/100\n|-weather|Snow|[from] ability: Snow Warning|[of] p1a: Ninetales\n|turn|1\n|\n|t:|1698608866\n|move|p1a: Ninetales|Blizzard|p2a: Drifblim\n|-supereffective|p2a: Drifblim\n|-damage|p2a: Drifblim|1\/100\n|-enditem|p2a: Drifblim|Aguav Berry|[eat]\n|-heal|p2a: Drifblim|34\/100|[from] item: Aguav Berry\n|move|p2a: Drifblim|Minimize|p2a: Drifblim\n|-boost|p2a: Drifblim|evasion|2\n|\n|-weather|Snow|[upkeep]\n|upkeep\n|turn|2\n|\n|t:|1698608874\n|move|p1a: Ninetales|Blizzard|p2a: Drifblim\n|-supereffective|p2a: Drifblim\n|-crit|p2a: Drifblim\n|-damage|p2a: Drifblim|0 fnt\n|faint|p2a: Drifblim\n|\n|-weather|Snow|[upkeep]\n|upkeep\n|\n|t:|1698608881\n|switch|p2a: Greninja|Greninja, M|100\/100\n|turn|3\n|\n|t:|1698608885\n|move|p1a: Ninetales|Blizzard|p2a: Greninja\n|-resisted|p2a: Greninja\n|-damage|p2a: Greninja|79\/100\n|move|p2a: Greninja|Hydro Pump|p1a: Ninetales\n|-damage|p1a: Ninetales|45\/100\n|\n|-weather|Snow|[upkeep]\n|upkeep\n|turn|4\n|\n|t:|1698608893\n|-terastallize|p2a: Greninja|Water\n|move|p2a: Greninja|Water Shuriken|p1a: Ninetales\n|-damage|p1a: Ninetales|34\/100\n|-damage|p1a: Ninetales|23\/100\n|-hitcount|p1a: Ninetales|2\n|move|p1a: Ninetales|Blizzard|p2a: Greninja\n|-resisted|p2a: Greninja\n|-damage|p2a: Greninja|60\/100\n|\n|-weather|Snow|[upkeep]\n|upkeep\n|turn|5\n|\n|t:|1698608918\n|move|p2a: Greninja|Water Shuriken|p1a: Ninetales\n|-damage|p1a: Ninetales|13\/100\n|-damage|p1a: Ninetales|2\/100\n|-damage|p1a: Ninetales|0 fnt\n|faint|p1a: Ninetales\n|-ability|p2a: Greninja|Battle Bond|boost\n|-boost|p2a: Greninja|atk|1\n|-boost|p2a: Greninja|spa|1\n|-boost|p2a: Greninja|spe|1\n|-activate|p2a: Greninja|ability: Battle Bond\n|-hitcount|p1: Ninetales|3\n|\n|-weather|none\n|upkeep\n|\n|t:|1698608934\n|switch|p1a: Bisharp|Bisharp, M|100\/100\n|turn|6\n|\n|t:|1698608946\n|move|p2a: Greninja|Hydro Pump|p1a: Bisharp\n|-damage|p1a: Bisharp|0 fnt\n|faint|p1a: Bisharp\n|\n|upkeep\n|\n|t:|1698608957\n|switch|p1a: Goodra|Goodra-Hisui, M|100\/100\n|turn|7\n|\n|t:|1698608972\n|-terastallize|p1a: Goodra|Water\n|move|p2a: Greninja|Hydro Pump|p1a: Goodra\n|-resisted|p1a: Goodra\n|-damage|p1a: Goodra|61\/100\n|move|p1a: Goodra|Rain Dance|p1a: Goodra\n|-weather|RainDance\n|\n|-weather|RainDance|[upkeep]\n|-heal|p1a: Goodra|67\/100|[from] item: Leftovers\n|upkeep\n|turn|8\n|\n|t:|1698608980\n|move|p2a: Greninja|Grass Knot|p1a: Goodra\n|-ability|p1a: Goodra|Sap Sipper|boost\n|-boost|p1a: Goodra|atk|1\n|move|p1a: Goodra|Thunder|p2a: Greninja\n|-supereffective|p2a: Greninja\n|-damage|p2a: Greninja|6\/100\n|-status|p2a: Greninja|par\n|\n|-weather|RainDance|[upkeep]\n|-heal|p1a: Goodra|73\/100|[from] item: Leftovers\n|upkeep\n|turn|9\n|\n|t:|1698608991\n|move|p2a: Greninja|Hydro Pump|p1a: Goodra\n|-resisted|p1a: Goodra\n|-damage|p1a: Goodra|22\/100\n|move|p1a: Goodra|Thunder|p2a: Greninja\n|-supereffective|p2a: Greninja\n|-damage|p2a: Greninja|0 fnt\n|faint|p2a: Greninja\n|\n|-weather|RainDance|[upkeep]\n|-heal|p1a: Goodra|28\/100|[from] item: Leftovers\n|upkeep\n|\n|t:|1698609003\n|switch|p2a: Ribombee|Ribombee, F|100\/100\n|turn|10\n|\n|t:|1698609015\n|move|p2a: Ribombee|Quiver Dance|p2a: Ribombee\n|-boost|p2a: Ribombee|spa|1\n|-boost|p2a: Ribombee|spd|1\n|-boost|p2a: Ribombee|spe|1\n|move|p1a: Goodra|Thunder|p2a: Ribombee\n|-damage|p2a: Ribombee|75\/100\n|\n|-weather|RainDance|[upkeep]\n|-heal|p1a: Goodra|34\/100|[from] item: Leftovers\n|upkeep\n|turn|11\n|\n|t:|1698609024\n|move|p2a: Ribombee|Quiver Dance|p2a: Ribombee\n|-boost|p2a: Ribombee|spa|1\n|-boost|p2a: Ribombee|spd|1\n|-boost|p2a: Ribombee|spe|1\n|move|p1a: Goodra|Surf|p2a: Ribombee\n|-damage|p2a: Ribombee|42\/100\n|\n|-weather|none\n|-heal|p1a: Goodra|40\/100|[from] item: Leftovers\n|upkeep\n|turn|12\n|\n|t:|1698609036\n|move|p2a: Ribombee|Quiver Dance|p2a: Ribombee\n|-boost|p2a: Ribombee|spa|1\n|-boost|p2a: Ribombee|spd|1\n|-boost|p2a: Ribombee|spe|1\n|move|p1a: Goodra|Surf|p2a: Ribombee\n|-damage|p2a: Ribombee|23\/100\n|-enditem|p2a: Ribombee|Aguav Berry|[eat]\n|-heal|p2a: Ribombee|57\/100|[from] item: Aguav Berry\n|\n|-heal|p1a: Goodra|46\/100|[from] item: Leftovers\n|upkeep\n|turn|13\n|\n|t:|1698609045\n|move|p2a: Ribombee|Quiver Dance|p2a: Ribombee\n|-boost|p2a: Ribombee|spa|1\n|-boost|p2a: Ribombee|spd|1\n|-boost|p2a: Ribombee|spe|1\n|move|p1a: Goodra|Surf|p2a: Ribombee\n|-damage|p2a: Ribombee|43\/100\n|\n|-heal|p1a: Goodra|52\/100|[from] item: Leftovers\n|upkeep\n|turn|14\n|\n|t:|1698609053\n|move|p2a: Ribombee|Quiver Dance|p2a: Ribombee\n|-boost|p2a: Ribombee|spa|1\n|-boost|p2a: Ribombee|spd|1\n|-boost|p2a: Ribombee|spe|1\n|move|p1a: Goodra|Surf|p2a: Ribombee\n|-damage|p2a: Ribombee|29\/100\n|\n|-heal|p1a: Goodra|58\/100|[from] item: Leftovers\n|upkeep\n|turn|15\n|\n|t:|1698609057\n|move|p2a: Ribombee|Quiver Dance|p2a: Ribombee\n|-boost|p2a: Ribombee|spa|1\n|-boost|p2a: Ribombee|spd|1\n|-boost|p2a: Ribombee|spe|1\n|move|p1a: Goodra|Acid Armor|p1a: Goodra\n|-boost|p1a: Goodra|def|2\n|\n|-heal|p1a: Goodra|64\/100|[from] item: Leftovers\n|upkeep\n|turn|16\n|\n|t:|1698609064\n|move|p2a: Ribombee|Draining Kiss|p1a: Goodra\n|-damage|p1a: Goodra|15\/100\n|-heal|p2a: Ribombee|73\/100|[from] drain|[of] p1a: Goodra\n|move|p1a: Goodra|Rain Dance|p1a: Goodra\n|-weather|RainDance\n|\n|-weather|RainDance|[upkeep]\n|-heal|p1a: Goodra|21\/100|[from] item: Leftovers\n|upkeep\n|turn|17\n|\n|t:|1698609067\n|move|p2a: Ribombee|Draining Kiss|p1a: Goodra\n|-damage|p1a: Goodra|0 fnt\n|-heal|p2a: Ribombee|92\/100|[from] drain|[of] p1a: Goodra\n|faint|p1a: Goodra\n|\n|-weather|RainDance|[upkeep]\n|upkeep\n|\n|t:|1698609078\n|switch|p1a: Krookodile|Krookodile, F|100\/100\n|turn|18\n|\n|t:|1698609081\n|move|p2a: Ribombee|Draining Kiss|p1a: Krookodile\n|-supereffective|p1a: Krookodile\n|-damage|p1a: Krookodile|0 fnt\n|-heal|p2a: Ribombee|100\/100|[from] drain|[of] p1a: Krookodile\n|faint|p1a: Krookodile\n|\n|-weather|RainDance|[upkeep]\n|upkeep\n|\n|t:|1698609083\n|switch|p1a: Haxorus|Haxorus, M, shiny|100\/100\n|-ability|p1a: Haxorus|Mold Breaker\n|turn|19\n|\n|t:|1698609088\n|move|p2a: Ribombee|Baton Pass|p2a: Ribombee\n|\n|t:|1698609090\n|switch|p2a: Magearna|Magearna|100\/100|[from] Baton Pass\n|move|p1a: Haxorus|Dragon Dance|p1a: Haxorus\n|-boost|p1a: Haxorus|atk|1\n|-boost|p1a: Haxorus|spe|1\n|\n|-weather|RainDance|[upkeep]\n|upkeep\n|turn|20\n|\n|t:|1698609101\n|move|p2a: Magearna|Draining Kiss|p1a: Haxorus\n|-supereffective|p1a: Haxorus\n|-damage|p1a: Haxorus|0 fnt\n|faint|p1a: Haxorus\n|\n|-weather|none\n|upkeep\n|\n|t:|1698609103\n|switch|p1a: Gliscor|Gliscor, F|100\/100\n|turn|21\n|\n|t:|1698609107\n|move|p2a: Magearna|Draining Kiss|p1a: Gliscor\n|-damage|p1a: Gliscor|18\/100\n|move|p1a: Gliscor|Crabhammer|p2a: Magearna\n|-damage|p2a: Magearna|82\/100\n|\n|-heal|p2a: Magearna|88\/100|[from] item: Leftovers\n|-status|p1a: Gliscor|tox|[from] item: Toxic Orb\n|upkeep\n|turn|22\n|\n|t:|1698609126\n|move|p2a: Magearna|Draining Kiss|p1a: Gliscor\n|-damage|p1a: Gliscor|0 fnt\n|-heal|p2a: Magearna|99\/100|[from] drain|[of] p1a: Gliscor\n|faint|p1a: Gliscor\n|\n|win|dog678\n|raw|Dr.Dre#4500's rating: 1103 &rarr; <strong>1079<\/strong><br \/>(-24 for losing)\n|raw|dog678's rating: 1111 &rarr; <strong>1135<\/strong><br \/>(+24 for winning)\n","uploadtime":1698609128,"views":12,"p1id":"drdre4500","p2id":"dog678","formatid":"gen9anythinggoes","rating":1079,"private":0,"password":""}