{"id":"gen9anythinggoes-1983613828","p1":"THATSVERYDARKMAN","p2":"OJ Did Not Do It","format":"[Gen 9] Anything Goes","log":"|j|\u2606THATSVERYDARKMAN\n|j|\u203dOJ Did Not Do It\n|t:|1699149562\n|gametype|singles\n|player|p1|THATSVERYDARKMAN|kieran|1454\n|player|p2|OJ Did Not Do It|blue|1582\n|teamsize|p1|6\n|teamsize|p2|6\n|gen|9\n|tier|[Gen 9] Anything Goes\n|rated|\n|rule|HP Percentage Mod: HP is shown in percentages\n|rule|Endless Battle Clause: Forcing endless battles is banned\n|clearpoke\n|poke|p1|Calyrex-Shadow|\n|poke|p1|Koraidon|\n|poke|p1|Ogerpon-Hearthflame, F|\n|poke|p1|Shaymin-Sky|\n|poke|p1|Grimmsnarl, M|\n|poke|p1|Arceus-Poison|\n|poke|p2|Koraidon|\n|poke|p2|Kingambit, M|\n|poke|p2|Calyrex-Shadow|\n|poke|p2|Arceus-Fairy|\n|poke|p2|Arceus-Ground|\n|poke|p2|Landorus-Therian, M|\n|teampreview\n|\n|t:|1699149581\n|start\n|switch|p1a: Grimmsnarl|Grimmsnarl, M|100\/100\n|switch|p2a: Kingambit|Kingambit, M|100\/100\n|turn|1\n|\n|t:|1699149591\n|move|p1a: Grimmsnarl|Reflect|p1a: Grimmsnarl\n|-sidestart|p1: THATSVERYDARKMAN|Reflect\n|move|p2a: Kingambit|Swords Dance|p2a: Kingambit\n|-boost|p2a: Kingambit|atk|2\n|\n|upkeep\n|turn|2\n|\n|t:|1699149594\n|switch|p1a: Arceus|Arceus-Poison|100\/100\n|move|p2a: Kingambit|Swords Dance|p2a: Kingambit\n|-boost|p2a: Kingambit|atk|2\n|\n|upkeep\n|turn|3\n|\n|t:|1699149600\n|move|p1a: Arceus|Will-O-Wisp|p2a: Kingambit\n|-status|p2a: Kingambit|brn\n|move|p2a: Kingambit|Kowtow Cleave|p1a: Arceus\n|-damage|p1a: Arceus|72\/100\n|\n|-damage|p2a: Kingambit|94\/100 brn|[from] brn\n|upkeep\n|turn|4\n|\n|t:|1699149603\n|move|p1a: Arceus|Stealth Rock|p2a: Kingambit\n|-sidestart|p2: OJ Did Not Do It|move: Stealth Rock\n|move|p2a: Kingambit|Swords Dance|p2a: Kingambit\n|-boost|p2a: Kingambit|atk|2\n|\n|-damage|p2a: Kingambit|88\/100 brn|[from] brn\n|upkeep\n|turn|5\n|\n|t:|1699149606\n|move|p1a: Arceus|Foul Play|p2a: Kingambit\n|-resisted|p2a: Kingambit\n|-damage|p2a: Kingambit|35\/100 brn\n|move|p2a: Kingambit|Kowtow Cleave|p1a: Arceus\n|-damage|p1a: Arceus|39\/100\n|\n|-damage|p2a: Kingambit|28\/100 brn|[from] brn\n|upkeep\n|turn|6\n|\n|t:|1699149613\n|move|p2a: Kingambit|Sucker Punch||[still]\n|-fail|p2a: Kingambit\n|move|p1a: Arceus|Recover|p1a: Arceus\n|-heal|p1a: Arceus|89\/100\n|\n|-damage|p2a: Kingambit|22\/100 brn|[from] brn\n|upkeep\n|turn|7\n|\n|t:|1699149617\n|move|p2a: Kingambit|Sucker Punch|p1a: Arceus\n|-damage|p1a: Arceus|60\/100\n|move|p1a: Arceus|Foul Play|p2a: Kingambit\n|-resisted|p2a: Kingambit\n|-damage|p2a: Kingambit|0 fnt\n|faint|p2a: Kingambit\n|-end|p2a: Kingambit|fallenundefined|[silent]\n|\n|upkeep\n|\n|t:|1699149623\n|switch|p2a: Arceus|Arceus-Ground|100\/100\n|-damage|p2a: Arceus|94\/100|[from] Stealth Rock\n|turn|8\n|\n|t:|1699149641\n|move|p1a: Arceus|Will-O-Wisp|p2a: Arceus\n|-status|p2a: Arceus|brn\n|move|p2a: Arceus|Taunt|p1a: Arceus\n|-start|p1a: Arceus|move: Taunt\n|\n|-damage|p2a: Arceus|88\/100 brn|[from] brn\n|-sideend|p1: THATSVERYDARKMAN|Reflect\n|upkeep\n|turn|9\n|\n|t:|1699149647\n|switch|p1a: Grimmsnarl|Grimmsnarl, M|100\/100\n|move|p2a: Arceus|Calm Mind|p2a: Arceus\n|-boost|p2a: Arceus|spa|1\n|-boost|p2a: Arceus|spd|1\n|\n|-damage|p2a: Arceus|82\/100 brn|[from] brn\n|upkeep\n|turn|10\n|\n|t:|1699149650\n|move|p1a: Grimmsnarl|Taunt|p2a: Arceus\n|-start|p2a: Arceus|move: Taunt\n|cant|p2a: Arceus|move: Taunt|Taunt\n|\n|-damage|p2a: Arceus|76\/100 brn|[from] brn\n|upkeep\n|turn|11\n|\n|t:|1699149656\n|move|p1a: Grimmsnarl|Light Screen|p1a: Grimmsnarl\n|-sidestart|p1: THATSVERYDARKMAN|move: Light Screen\n|move|p2a: Arceus|Judgment|p1a: Grimmsnarl\n|-damage|p1a: Grimmsnarl|66\/100\n|\n|-damage|p2a: Arceus|70\/100 brn|[from] brn\n|upkeep\n|turn|12\n|\n|t:|1699149669\n|switch|p2a: Arceus|Arceus-Fairy|100\/100\n|-damage|p2a: Arceus|88\/100|[from] Stealth Rock\n|move|p1a: Grimmsnarl|Reflect|p1a: Grimmsnarl\n|-sidestart|p1: THATSVERYDARKMAN|Reflect\n|\n|upkeep\n|turn|13\n|\n|t:|1699149673\n|move|p1a: Grimmsnarl|Parting Shot|p2a: Arceus\n|-unboost|p2a: Arceus|atk|1\n|-unboost|p2a: Arceus|spa|1\n|\n|t:|1699149676\n|switch|p1a: Shaymin|Shaymin-Sky|100\/100|[from] Parting Shot\n|move|p2a: Arceus|Calm Mind|p2a: Arceus\n|-boost|p2a: Arceus|spa|1\n|-boost|p2a: Arceus|spd|1\n|\n|upkeep\n|turn|14\n|\n|t:|1699149683\n|move|p1a: Shaymin|Seed Flare|p2a: Arceus\n|-damage|p2a: Arceus|62\/100\n|-unboost|p2a: Arceus|spd|2\n|move|p2a: Arceus|Calm Mind|p2a: Arceus\n|-boost|p2a: Arceus|spa|1\n|-boost|p2a: Arceus|spd|1\n|\n|upkeep\n|turn|15\n|\n|t:|1699149688\n|move|p1a: Shaymin|Seed Flare|p2a: Arceus\n|-damage|p2a: Arceus|21\/100\n|-unboost|p2a: Arceus|spd|2\n|move|p2a: Arceus|Judgment|p1a: Shaymin\n|-damage|p1a: Shaymin|56\/100\n|\n|upkeep\n|turn|16\n|\n|t:|1699149693\n|move|p1a: Shaymin|Seed Flare|p2a: Arceus\n|-damage|p2a: Arceus|0 fnt\n|faint|p2a: Arceus\n|\n|upkeep\n|\n|t:|1699149700\n|switch|p2a: Koraidon|Koraidon|100\/100\n|-damage|p2a: Koraidon|94\/100|[from] Stealth Rock\n|-weather|SunnyDay|[from] ability: Orichalcum Pulse|[of] p2a: Koraidon\n|-activate|p2a: Koraidon|Orichalcum Pulse|[source]\n|turn|17\n|\n|t:|1699149704\n|switch|p1a: Arceus|Arceus-Poison|60\/100\n|move|p2a: Koraidon|Flare Blitz|p1a: Arceus\n|-crit|p1a: Arceus\n|-damage|p1a: Arceus|0 fnt\n|faint|p1a: Arceus\n|-damage|p2a: Koraidon|69\/100|[from] Recoil\n|\n|-weather|SunnyDay|[upkeep]\n|upkeep\n|\n|t:|1699149709\n|switch|p1a: Calyrex|Calyrex-Shadow|100\/100\n|-ability|p1a: Calyrex|As One\n|-ability|p1a: Calyrex|Unnerve\n|turn|18\n|\n|t:|1699149716\n|-terastallize|p2a: Koraidon|Normal\n|move|p2a: Koraidon|Flare Blitz|p1a: Calyrex\n|-damage|p1a: Calyrex|49\/100\n|-damage|p2a: Koraidon|52\/100|[from] Recoil\n|move|p1a: Calyrex|Draining Kiss|p2a: Koraidon\n|-damage|p2a: Koraidon|30\/100\n|-heal|p1a: Calyrex|65\/100|[from] drain|[of] p2a: Koraidon\n|\n|-weather|SunnyDay|[upkeep]\n|-heal|p1a: Calyrex|71\/100|[from] item: Leftovers\n|-sideend|p1: THATSVERYDARKMAN|move: Light Screen\n|upkeep\n|turn|19\n|\n|t:|1699149721\n|move|p2a: Koraidon|Flare Blitz|p1a: Calyrex\n|-damage|p1a: Calyrex|23\/100\n|-damage|p2a: Koraidon|14\/100|[from] Recoil\n|move|p1a: Calyrex|Draining Kiss|p2a: Koraidon\n|-damage|p2a: Koraidon|0 fnt\n|-heal|p1a: Calyrex|33\/100|[from] drain|[of] p2a: Koraidon\n|faint|p2a: Koraidon\n|-ability|p1a: Calyrex|Grim Neigh|boost\n|-boost|p1a: Calyrex|spa|1\n|\n|-weather|SunnyDay|[upkeep]\n|-heal|p1a: Calyrex|39\/100|[from] item: Leftovers\n|-sideend|p1: THATSVERYDARKMAN|Reflect\n|upkeep\n|\n|t:|1699149730\n|switch|p2a: Calyrex|Calyrex-Shadow|100\/100\n|-ability|p2a: Calyrex|As One\n|-ability|p2a: Calyrex|Unnerve\n|-damage|p2a: Calyrex|88\/100|[from] Stealth Rock\n|turn|20\n|\n|t:|1699149740\n|-terastallize|p1a: Calyrex|Normal\n|move|p2a: Calyrex|Astral Barrage|p1a: Calyrex\n|-immune|p1a: Calyrex\n|move|p1a: Calyrex|Astral Barrage|p2a: Calyrex\n|-supereffective|p2a: Calyrex\n|-damage|p2a: Calyrex|0 fnt\n|faint|p2a: Calyrex\n|-ability|p1a: Calyrex|Grim Neigh|boost\n|-boost|p1a: Calyrex|spa|1\n|\n|-weather|SunnyDay|[upkeep]\n|-heal|p1a: Calyrex|45\/100|[from] item: Leftovers\n|upkeep\n|-message|OJ Did Not Do It forfeited.\n|\n|win|THATSVERYDARKMAN\n|raw|THATSVERYDARKMAN's rating: 1454 &rarr; <strong>1481<\/strong><br \/>(+27 for winning)\n|raw|OJ Did Not Do It's rating: 1582 &rarr; <strong>1555<\/strong><br \/>(-27 for losing)\n|l|\u203dOJ Did Not Do It\n|l|\u2606THATSVERYDARKMAN\n","uploadtime":1699149913,"views":8,"p1id":"thatsverydarkman","p2id":"ojdidnotdoit","formatid":"gen9anythinggoes","rating":1481,"private":0,"password":""}