{"id":"gen9anythinggoes-1999128146","p1":"Mr Kipling Ct","p2":"slugslurper","format":"[Gen 9] Anything Goes","log":"|j|\u2606Mr Kipling Ct\n|j|\u2606slugslurper\n|t:|1701036168\n|gametype|singles\n|player|p1|Mr Kipling Ct|169|1181\n|player|p2|slugslurper|firebreather|1268\n|teamsize|p1|6\n|teamsize|p2|6\n|gen|9\n|tier|[Gen 9] Anything Goes\n|rated|\n|rule|HP Percentage Mod: HP is shown in percentages\n|rule|Endless Battle Clause: Forcing endless battles is banned\n|clearpoke\n|poke|p1|Maushold-Four|\n|poke|p1|Flutter Mane|\n|poke|p1|Miraidon|\n|poke|p1|Rabsca, M|\n|poke|p1|Garganacl, F|\n|poke|p1|Houndstone, M|\n|poke|p2|Salazzle, F|\n|poke|p2|Mimikyu, F|\n|poke|p2|Polteageist|\n|poke|p2|Corviknight, F|\n|poke|p2|Gholdengo|\n|poke|p2|Mandibuzz, F|\n|teampreview\n|c|\u2606slugslurper|Good luck\n|\n|t:|1701036193\n|start\n|switch|p1a: Flutter Mane|Flutter Mane, shiny|100\/100\n|switch|p2a: Polteageist|Polteageist|100\/100\n|turn|1\n|\n|t:|1701036199\n|move|p1a: Flutter Mane|Shadow Ball|p2a: Polteageist\n|-supereffective|p2a: Polteageist\n|-enditem|p2a: Polteageist|Focus Sash\n|-damage|p2a: Polteageist|1\/100\n|-damage|p1a: Flutter Mane|91\/100|[from] item: Life Orb\n|move|p2a: Polteageist|Shell Smash|p2a: Polteageist\n|-unboost|p2a: Polteageist|def|1\n|-unboost|p2a: Polteageist|spd|1\n|-boost|p2a: Polteageist|atk|2\n|-boost|p2a: Polteageist|spa|2\n|-boost|p2a: Polteageist|spe|2\n|\n|upkeep\n|turn|2\n|\n|t:|1701036216\n|-end|p1a: Flutter Mane|Protosynthesis|[silent]\n|switch|p1a: Maushold|Maushold-Four|100\/100\n|move|p2a: Polteageist|Shadow Ball|p1a: Maushold\n|-immune|p1a: Maushold\n|\n|upkeep\n|turn|3\n|\n|t:|1701036235\n|move|p2a: Polteageist|Baton Pass|p2a: Polteageist\n|\n|t:|1701036238\n|switch|p2a: Corviknight|Corviknight, F|100\/100|[from] Baton Pass\n|-enditem|p2a: Corviknight|White Herb\n|-clearnegativeboost|p2a: Corviknight|[silent]\n|move|p1a: Maushold|Encore||[still]\n|-fail|p1a: Maushold\n|\n|upkeep\n|turn|4\n|\n|t:|1701036253\n|move|p2a: Corviknight|Iron Defense|p2a: Corviknight\n|-boost|p2a: Corviknight|def|2\n|move|p1a: Maushold|Tidy Up|p1a: Maushold\n|-boost|p1a: Maushold|atk|1\n|-boost|p1a: Maushold|spe|1\n|\n|upkeep\n|turn|5\n|\n|t:|1701036260\n|move|p1a: Maushold|Encore|p2a: Corviknight\n|-start|p2a: Corviknight|Encore\n|move|p2a: Corviknight|Iron Defense|p2a: Corviknight\n|-boost|p2a: Corviknight|def|2\n|\n|upkeep\n|turn|6\n|\n|t:|1701036268\n|move|p1a: Maushold|Tidy Up|p1a: Maushold\n|-boost|p1a: Maushold|atk|1\n|-boost|p1a: Maushold|spe|1\n|move|p2a: Corviknight|Iron Defense|p2a: Corviknight\n|-boost|p2a: Corviknight|def|2\n|\n|upkeep\n|turn|7\n|\n|t:|1701036271\n|switch|p2a: Salazzle|Salazzle, F, shiny|100\/100\n|move|p1a: Maushold|Tidy Up|p1a: Maushold\n|-boost|p1a: Maushold|atk|1\n|-boost|p1a: Maushold|spe|1\n|\n|upkeep\n|turn|8\n|\n|t:|1701036276\n|move|p1a: Maushold|Population Bomb|p2a: Salazzle\n|-crit|p2a: Salazzle\n|-damage|p2a: Salazzle|20\/100\n|-damage|p2a: Salazzle|0 fnt\n|faint|p2a: Salazzle\n|-hitcount|p2: Salazzle|2\n|\n|upkeep\n|-message|slugslurper forfeited.\n|\n|win|Mr Kipling Ct\n|raw|Mr Kipling Ct's rating: 1181 &rarr; <strong>1212<\/strong><br \/>(+31 for winning)\n|raw|slugslurper's rating: 1268 &rarr; <strong>1237<\/strong><br \/>(-31 for losing)\n|l|\u2606slugslurper\n","uploadtime":1701036289,"views":1,"p1id":"mrkiplingct","p2id":"slugslurper","formatid":"gen9anythinggoes","rating":1212,"private":0,"password":""}