{"id":"gen9anythinggoes-1971384019","p1":"Elpapeainsanos","p2":"mauriciopateacaras","format":"[Gen 9] Anything Goes","log":"|j|\u2606Elpapeainsanos\n|j|\u2606mauriciopateacaras\n|t:|1697734254\n|gametype|singles\n|player|p1|Elpapeainsanos|boarder|\n|player|p2|mauriciopateacaras|allister|\n|teamsize|p1|6\n|teamsize|p2|6\n|gen|9\n|tier|[Gen 9] Anything Goes\n|rule|HP Percentage Mod: HP is shown in percentages\n|rule|Endless Battle Clause: Forcing endless battles is banned\n|clearpoke\n|poke|p1|Zamazenta-*|\n|poke|p1|Glimmora, M|\n|poke|p1|Dragapult, M|\n|poke|p1|Gliscor, F|\n|poke|p1|Talonflame, F|\n|poke|p1|Toxapex, F|\n|poke|p2|Heracross, M|\n|poke|p2|Vivillon-Fancy, F|\n|poke|p2|Volcarona, F|\n|poke|p2|Rabsca, F|\n|poke|p2|Vespiquen, F|\n|poke|p2|Lokix, M|\n|teampreview\n|\n|t:|1697734274\n|start\n|switch|p1a: Finalmench|Glimmora, M|100\/100\n|switch|p2a: Vespiquen|Vespiquen, F|100\/100\n|-ability|p2a: Vespiquen|Pressure\n|turn|1\n|\n|t:|1697734289\n|-terastallize|p2a: Vespiquen|Steel\n|move|p1a: Finalmench|Stone Edge|p2a: Vespiquen\n|-resisted|p2a: Vespiquen\n|-damage|p2a: Vespiquen|88\/100\n|move|p2a: Vespiquen|Defend Order|p2a: Vespiquen\n|-boost|p2a: Vespiquen|def|1\n|-boost|p2a: Vespiquen|spd|1\n|\n|-heal|p2a: Vespiquen|94\/100|[from] item: Leftovers\n|upkeep\n|turn|2\n|\n|t:|1697734301\n|switch|p1a: Rayquaza Jr|Talonflame, F, shiny|100\/100\n|move|p2a: Vespiquen|Defend Order|p2a: Vespiquen\n|-boost|p2a: Vespiquen|def|1\n|-boost|p2a: Vespiquen|spd|1\n|\n|-heal|p2a: Vespiquen|99\/100|[from] item: Leftovers\n|upkeep\n|turn|3\n|\n|t:|1697734313\n|move|p1a: Rayquaza Jr|Flamethrower|p2a: Vespiquen\n|-supereffective|p2a: Vespiquen\n|-damage|p2a: Vespiquen|69\/100\n|-damage|p1a: Rayquaza Jr|91\/100|[from] item: Life Orb\n|move|p2a: Vespiquen|Toxic|p1a: Rayquaza Jr\n|-status|p1a: Rayquaza Jr|tox\n|\n|-heal|p2a: Vespiquen|75\/100|[from] item: Leftovers\n|-damage|p1a: Rayquaza Jr|85\/100 tox|[from] psn\n|upkeep\n|turn|4\n|\n|t:|1697734327\n|switch|p1a: Kung fu chamba|Zamazenta-Crowned, shiny|100\/100\n|-ability|p1a: Kung fu chamba|Dauntless Shield|boost\n|-boost|p1a: Kung fu chamba|def|1\n|move|p2a: Vespiquen|Defend Order|p2a: Vespiquen\n|-boost|p2a: Vespiquen|def|1\n|-boost|p2a: Vespiquen|spd|1\n|\n|-heal|p2a: Vespiquen|81\/100|[from] item: Leftovers\n|upkeep\n|turn|5\n|\n|t:|1697734337\n|move|p1a: Kung fu chamba|Body Press|p2a: Vespiquen\n|-supereffective|p2a: Vespiquen\n|-damage|p2a: Vespiquen|35\/100\n|move|p2a: Vespiquen|Defend Order|p2a: Vespiquen\n|-boost|p2a: Vespiquen|def|1\n|-boost|p2a: Vespiquen|spd|1\n|\n|-heal|p2a: Vespiquen|41\/100|[from] item: Leftovers\n|upkeep\n|turn|6\n|\n|t:|1697734346\n|move|p1a: Kung fu chamba|Body Press|p2a: Vespiquen\n|-supereffective|p2a: Vespiquen\n|-damage|p2a: Vespiquen|0 fnt\n|faint|p2a: Vespiquen\n|\n|upkeep\n|\n|t:|1697734351\n|switch|p2a: Volcarona|Volcarona, F|100\/100\n|turn|7\n|\n|t:|1697734365\n|switch|p1a: Gliscor Deidad|Gliscor, F, shiny|100\/100\n|move|p2a: Volcarona|Quiver Dance|p2a: Volcarona\n|-boost|p2a: Volcarona|spa|1\n|-boost|p2a: Volcarona|spd|1\n|-boost|p2a: Volcarona|spe|1\n|\n|upkeep\n|turn|8\n|\n|t:|1697734392\n|move|p2a: Volcarona|Giga Drain|p1a: Gliscor Deidad\n|-damage|p1a: Gliscor Deidad|37\/100\n|move|p1a: Gliscor Deidad|Crabhammer|p2a: Volcarona\n|-supereffective|p2a: Volcarona\n|-crit|p2a: Volcarona\n|-damage|p2a: Volcarona|0 fnt\n|faint|p2a: Volcarona\n|\n|upkeep\n|\n|t:|1697734399\n|switch|p2a: Lokix|Lokix, M|100\/100\n|turn|9\n|\n|t:|1697734406\n|switch|p1a: Baneful Bunker|Toxapex, F, shiny|100\/100\n|move|p2a: Lokix|First Impression|p1a: Baneful Bunker\n|-resisted|p1a: Baneful Bunker\n|-damage|p1a: Baneful Bunker|45\/100\n|-damage|p2a: Lokix|84\/100|[from] item: Rocky Helmet|[of] p1a: Baneful Bunker\n|-damage|p2a: Lokix|74\/100|[from] item: Life Orb\n|\n|upkeep\n|turn|10\n|\n|t:|1697734418\n|move|p2a: Lokix|Taunt|p1a: Baneful Bunker\n|-start|p1a: Baneful Bunker|move: Taunt\n|cant|p1a: Baneful Bunker|move: Taunt|Recover\n|\n|upkeep\n|turn|11\n|\n|t:|1697734431\n|switch|p1a: Finalmench|Glimmora, M|100\/100\n|move|p2a: Lokix|U-turn|p1a: Finalmench\n|-resisted|p1a: Finalmench\n|-damage|p1a: Finalmench|46\/100\n|-activate|p1a: Finalmench|ability: Toxic Debris\n|-sidestart|p2: mauriciopateacaras|move: Toxic Spikes\n|-enditem|p1a: Finalmench|Sitrus Berry|[eat]\n|-heal|p1a: Finalmench|71\/100|[from] item: Sitrus Berry\n|-damage|p2a: Lokix|64\/100|[from] item: Life Orb\n|\n|t:|1697734441\n|switch|p2a: Rabsca|Rabsca, F|100\/100|[from] U-turn\n|-status|p2a: Rabsca|psn\n|\n|-damage|p2a: Rabsca|88\/100 psn|[from] psn\n|upkeep\n|turn|12\n|\n|t:|1697734452\n|switch|p1a: Kung fu chamba|Zamazenta-Crowned, shiny|100\/100\n|move|p2a: Rabsca|Revival Blessing|p2a: Rabsca\n|\n|t:|1697734456\n|-heal|p2: Volcarona|50\/100|[from] move: Revival Blessing\n|\n|-damage|p2a: Rabsca|76\/100 psn|[from] psn\n|upkeep\n|turn|13\n|\n|t:|1697734464\n|move|p1a: Kung fu chamba|Behemoth Bash|p2a: Rabsca\n|-damage|p2a: Rabsca|35\/100 psn\n|move|p2a: Rabsca|Earth Power|p1a: Kung fu chamba\n|-supereffective|p1a: Kung fu chamba\n|-damage|p1a: Kung fu chamba|41\/100\n|\n|-damage|p2a: Rabsca|22\/100 psn|[from] psn\n|upkeep\n|turn|14\n|\n|t:|1697734474\n|move|p1a: Kung fu chamba|Behemoth Bash|p2a: Rabsca\n|-damage|p2a: Rabsca|0 fnt\n|faint|p2a: Rabsca\n|\n|upkeep\n|l|\u2606mauriciopateacaras\n|player|p2|\n|j|\u2606mauriciopateacaras\n|player|p2|mauriciopateacaras|allister\n|\n|t:|1697734507\n|switch|p2a: Heracross|Heracross, M|100\/100\n|-status|p2a: Heracross|psn\n|turn|15\n|\n|t:|1697734518\n|switch|p1a: Tragapult|Dragapult, M, shiny|100\/100\n|move|p2a: Heracross|Close Combat|p1a: Tragapult\n|-immune|p1a: Tragapult\n|\n|-damage|p2a: Heracross|88\/100 psn|[from] psn\n|upkeep\n|turn|16\n|c|\u2606mauriciopateacaras|!weak dragapult\n|c| mauriciopateacaras|\/raw <div class=\"infobox\">Dragapult (ignoring abilities):<br \/><span class=\"message-effect-weak\">Weaknesses<\/span>: Dark, Dragon, Fairy, Ghost, Ice<br \/><span class=\"message-effect-resist\">Resistances<\/span>: Bug, Electric, Fire, Grass, Poison, Water<br \/><span class=\"message-effect-immune\">Immunities<\/span>: Fighting, Normal, Trapping<\/div>\n|inactive|Battle timer is ON: inactive players will automatically lose when time's up. (requested by mauriciopateacaras)\n|\n|t:|1697734561\n|switch|p2a: Lokix|Lokix, M|64\/100\n|-status|p2a: Lokix|psn\n|move|p1a: Tragapult|U-turn|p2a: Lokix\n|-supereffective|p2a: Lokix\n|-damage|p2a: Lokix|0 fnt\n|faint|p2a: Lokix\n|\n|t:|1697734571\n|switch|p1a: Kung fu chamba|Zamazenta-Crowned, shiny|41\/100|[from] U-turn\n|\n|upkeep\n|\n|t:|1697734579\n|switch|p2a: Volcarona|Volcarona, F|50\/100\n|-status|p2a: Volcarona|psn\n|turn|17\n|\n|t:|1697734585\n|-terastallize|p1a: Kung fu chamba|Fighting\n|move|p1a: Kung fu chamba|Body Press|p2a: Volcarona\n|-resisted|p2a: Volcarona\n|-damage|p2a: Volcarona|3\/100 psn\n|move|p2a: Volcarona|Fiery Dance|p1a: Kung fu chamba\n|-crit|p1a: Kung fu chamba\n|-damage|p1a: Kung fu chamba|0 fnt\n|faint|p1a: Kung fu chamba\n|\n|-damage|p2a: Volcarona|0 fnt|[from] psn\n|faint|p2a: Volcarona\n|upkeep\n|\n|t:|1697734599\n|switch|p1a: Tragapult|Dragapult, M, shiny|100\/100\n|switch|p2a: Heracross|Heracross, M|88\/100 psn\n|turn|18\n|\n|t:|1697734614\n|move|p1a: Tragapult|U-turn|p2a: Heracross\n|-resisted|p2a: Heracross\n|-damage|p2a: Heracross|73\/100 psn\n|\n|t:|1697734621\n|switch|p1a: Rayquaza Jr|Talonflame, F, shiny|85\/100 tox|[from] U-turn\n|move|p2a: Heracross|Stone Edge|p1a: Rayquaza Jr\n|-supereffective|p1a: Rayquaza Jr\n|-damage|p1a: Rayquaza Jr|0 fnt\n|faint|p1a: Rayquaza Jr\n|-ability|p2a: Heracross|Moxie|boost\n|-boost|p2a: Heracross|atk|1\n|\n|-damage|p2a: Heracross|61\/100 psn|[from] psn\n|upkeep\n|\n|t:|1697734634\n|switch|p1a: Baneful Bunker|Toxapex, F, shiny|45\/100\n|turn|19\n|\n|t:|1697734639\n|move|p1a: Baneful Bunker|Baneful Bunker|p1a: Baneful Bunker\n|-singleturn|p1a: Baneful Bunker|move: Protect\n|move|p2a: Heracross|Stone Edge|p1a: Baneful Bunker\n|-activate|p1a: Baneful Bunker|move: Protect\n|\n|-damage|p2a: Heracross|49\/100 psn|[from] psn\n|upkeep\n|turn|20\n|l|\u2606mauriciopateacaras\n|inactive|mauriciopateacaras disconnected and has 300 seconds to reconnect!\n|player|p2|\n|j|\u2606mauriciopateacaras\n|inactive|mauriciopateacaras reconnected and has 285 seconds left.\n|player|p2|mauriciopateacaras|allister\n|\n|t:|1697734665\n|switch|p1a: Finalmench|Glimmora, M|71\/100\n|move|p2a: Heracross|Stone Edge|p1a: Finalmench\n|-damage|p1a: Finalmench|2\/100\n|-activate|p1a: Finalmench|ability: Toxic Debris\n|-sidestart|p2: mauriciopateacaras|move: Toxic Spikes\n|\n|-damage|p2a: Heracross|37\/100 psn|[from] psn\n|upkeep\n|turn|21\n|\n|t:|1697734676\n|move|p2a: Heracross|Stone Edge|p1a: Finalmench\n|-damage|p1a: Finalmench|0 fnt\n|faint|p1a: Finalmench\n|-ability|p2a: Heracross|Moxie|boost\n|-boost|p2a: Heracross|atk|1\n|\n|-damage|p2a: Heracross|24\/100 psn|[from] psn\n|upkeep\n|\n|t:|1697734685\n|switch|p1a: Baneful Bunker|Toxapex, F, shiny|45\/100\n|turn|22\n|l|\u2606mauriciopateacaras\n|inactive|mauriciopateacaras disconnected and has 295 seconds to reconnect!\n|player|p2|\n|j|\u2606mauriciopateacaras\n|inactive|mauriciopateacaras reconnected and has 295 seconds left.\n|player|p2|mauriciopateacaras|allister\n|\n|t:|1697734715\n|move|p1a: Baneful Bunker|Baneful Bunker|p1a: Baneful Bunker\n|-singleturn|p1a: Baneful Bunker|move: Protect\n|move|p2a: Heracross|Stone Edge|p1a: Baneful Bunker\n|-activate|p1a: Baneful Bunker|move: Protect\n|\n|-damage|p2a: Heracross|12\/100 psn|[from] psn\n|upkeep\n|turn|23\n|\n|t:|1697734726\n|move|p2a: Heracross|Stone Edge|p1a: Baneful Bunker|[miss]\n|-miss|p2a: Heracross|p1a: Baneful Bunker\n|move|p1a: Baneful Bunker|Haze|p1a: Baneful Bunker\n|-clearallboost\n|\n|-damage|p2a: Heracross|0 fnt|[from] psn\n|faint|p2a: Heracross\n|upkeep\n|\n|t:|1697734728\n|switch|p2a: Vivillon|Vivillon-Fancy, F|100\/100\n|turn|24\n|\n|t:|1697734741\n|switch|p1a: Gliscor Deidad|Gliscor, F, shiny|37\/100\n|move|p2a: Vivillon|Hurricane|p1a: Gliscor Deidad\n|-damage|p1a: Gliscor Deidad|0 fnt\n|faint|p1a: Gliscor Deidad\n|\n|upkeep\n|\n|t:|1697734750\n|switch|p1a: Tragapult|Dragapult, M, shiny|100\/100\n|turn|25\n|\n|t:|1697734759\n|move|p1a: Tragapult|Phantom Force||[still]\n|-prepare|p1a: Tragapult|Phantom Force\n|move|p2a: Vivillon|Sleep Powder|p1a: Tragapult|[miss]\n|-miss|p2a: Vivillon|p1a: Tragapult\n|\n|upkeep\n|turn|26\n|\n|t:|1697734764\n|move|p1a: Tragapult|Phantom Force|p2a: Vivillon|[from]lockedmove\n|-damage|p2a: Vivillon|17\/100\n|move|p2a: Vivillon|Sleep Powder|p1a: Tragapult\n|-status|p1a: Tragapult|slp|[from] move: Sleep Powder\n|\n|upkeep\n|turn|27\n|\n|t:|1697734774\n|cant|p1a: Tragapult|slp\n|move|p2a: Vivillon|Quiver Dance|p2a: Vivillon\n|-boost|p2a: Vivillon|spa|1\n|-boost|p2a: Vivillon|spd|1\n|-boost|p2a: Vivillon|spe|1\n|\n|upkeep\n|turn|28\n|\n|t:|1697734782\n|move|p2a: Vivillon|Draining Kiss|p1a: Tragapult\n|-supereffective|p1a: Tragapult\n|-damage|p1a: Tragapult|45\/100 slp\n|-heal|p2a: Vivillon|60\/100|[from] drain|[of] p1a: Tragapult\n|cant|p1a: Tragapult|slp\n|\n|upkeep\n|turn|29\n|\n|t:|1697734793\n|switch|p1a: Baneful Bunker|Toxapex, F, shiny|45\/100\n|move|p2a: Vivillon|Hurricane|p1a: Baneful Bunker\n|-damage|p1a: Baneful Bunker|0 fnt\n|faint|p1a: Baneful Bunker\n|\n|upkeep\n|\n|t:|1697734800\n|switch|p1a: Tragapult|Dragapult, M, shiny|45\/100 slp\n|turn|30\n|\n|t:|1697734803\n|move|p2a: Vivillon|Hurricane|p1a: Tragapult\n|-damage|p1a: Tragapult|0 fnt\n|faint|p1a: Tragapult\n|\n|win|mauriciopateacaras\n","uploadtime":1697734820,"views":8,"p1id":"elpapeainsanos","p2id":"mauriciopateacaras","formatid":"gen9anythinggoes","rating":0,"private":0,"password":""}