{"id":"gen9anythinggoes-1986218157","p1":"Wiilyam","p2":"hydro84","format":"[Gen 9] Anything Goes","log":"|j|\u2606Wiilyam\n|j|\u2606hydro84\n|t:|1699460760\n|gametype|singles\n|player|p1|Wiilyam|ingo|1418\n|player|p2|hydro84|veteran|1600\n|teamsize|p1|6\n|teamsize|p2|6\n|gen|9\n|tier|[Gen 9] Anything Goes\n|rated|\n|rule|HP Percentage Mod: HP is shown in percentages\n|rule|Endless Battle Clause: Forcing endless battles is banned\n|clearpoke\n|poke|p1|Calyrex-Ice|\n|poke|p1|Zacian-*|\n|poke|p1|Ditto|\n|poke|p1|Ogerpon-Hearthflame, F|\n|poke|p1|Quaquaval, M|\n|poke|p1|Basculegion, M|\n|poke|p2|Calyrex-Shadow|\n|poke|p2|Arceus|\n|poke|p2|Koraidon|\n|poke|p2|Miraidon|\n|poke|p2|Arceus-Ground|\n|poke|p2|Ribombee, F|\n|teampreview\n|\n|t:|1699460781\n|start\n|switch|p1a: Quaquaval|Quaquaval, M|100\/100\n|switch|p2a: Ribombee|Ribombee, F|100\/100\n|turn|1\n|\n|t:|1699460788\n|move|p2a: Ribombee|Sticky Web|p1a: Quaquaval\n|-sidestart|p1: Wiilyam|move: Sticky Web\n|move|p1a: Quaquaval|Aqua Step|p2a: Ribombee\n|-enditem|p2a: Ribombee|Focus Sash\n|-damage|p2a: Ribombee|1\/100\n|-boost|p1a: Quaquaval|spe|1\n|\n|upkeep\n|turn|2\n|\n|t:|1699460797\n|move|p1a: Quaquaval|Aqua Step|p2a: Ribombee\n|-damage|p2a: Ribombee|0 fnt\n|-boost|p1a: Quaquaval|spe|1\n|faint|p2a: Ribombee\n|-ability|p1a: Quaquaval|Moxie|boost\n|-boost|p1a: Quaquaval|atk|1\n|\n|upkeep\n|\n|t:|1699460802\n|switch|p2a: Miraidon|Miraidon|100\/100\n|-fieldstart|move: Electric Terrain|[from] ability: Hadron Engine|[of] p2a: Miraidon\n|turn|3\n|\n|t:|1699460810\n|switch|p1a: Ditto|Ditto, shiny|100\/100\n|-activate|p1a: Ditto|move: Sticky Web\n|-unboost|p1a: Ditto|spe|1\n|-transform|p1a: Ditto|p2a: Miraidon|[from] ability: Imposter\n|-activate|p1a: Ditto|ability: Hadron Engine\n|move|p2a: Miraidon|Electro Drift|p1a: Ditto\n|-resisted|p1a: Ditto\n|-damage|p1a: Ditto|70\/100\n|\n|upkeep\n|turn|4\n|inactive|Battle timer is ON: inactive players will automatically lose when time's up. (requested by hydro84)\n|\n|t:|1699460827\n|switch|p2a: Arceus|Arceus-Ground|100\/100\n|move|p1a: Ditto|Draco Meteor|p2a: Arceus\n|-damage|p2a: Arceus|42\/100\n|-unboost|p1a: Ditto|spa|2\n|\n|upkeep\n|turn|5\n|\n|t:|1699460847\n|switch|p1a: Quaquaval|Quaquaval, M|100\/100\n|-activate|p1a: Quaquaval|move: Sticky Web\n|-unboost|p1a: Quaquaval|spe|1\n|move|p2a: Arceus|Recover|p2a: Arceus\n|-heal|p2a: Arceus|92\/100\n|\n|upkeep\n|turn|6\n|\n|t:|1699460855\n|move|p2a: Arceus|Will-O-Wisp|p1a: Quaquaval\n|-status|p1a: Quaquaval|brn\n|move|p1a: Quaquaval|Aqua Step|p2a: Arceus\n|-supereffective|p2a: Arceus\n|-damage|p2a: Arceus|57\/100\n|-boost|p1a: Quaquaval|spe|1\n|\n|-damage|p1a: Quaquaval|94\/100 brn|[from] brn\n|upkeep\n|turn|7\n|\n|t:|1699460869\n|switch|p2a: Koraidon|Koraidon|100\/100\n|-weather|SunnyDay|[from] ability: Orichalcum Pulse|[of] p2a: Koraidon\n|-activate|p2a: Koraidon|Orichalcum Pulse|[source]\n|-terastallize|p1a: Quaquaval|Water\n|move|p1a: Quaquaval|Aqua Step|p2a: Koraidon\n|-resisted|p2a: Koraidon\n|-damage|p2a: Koraidon|92\/100\n|-boost|p1a: Quaquaval|spe|1\n|\n|-weather|SunnyDay|[upkeep]\n|-damage|p1a: Quaquaval|88\/100 brn|[from] brn\n|-fieldend|move: Electric Terrain\n|upkeep\n|turn|8\n|\n|t:|1699460887\n|switch|p1a: Basculegion|Basculegion, M|100\/100\n|-activate|p1a: Basculegion|move: Sticky Web\n|-unboost|p1a: Basculegion|spe|1\n|move|p2a: Koraidon|Drain Punch|p1a: Basculegion\n|-immune|p1a: Basculegion\n|\n|-weather|SunnyDay|[upkeep]\n|upkeep\n|turn|9\n|\n|t:|1699460902\n|move|p2a: Koraidon|Scale Shot|p1a: Basculegion|[miss]\n|-miss|p2a: Koraidon|p1a: Basculegion\n|move|p1a: Basculegion|Flip Turn|p2a: Koraidon\n|-resisted|p2a: Koraidon\n|-damage|p2a: Koraidon|83\/100\n|\n|t:|1699460909\n|switch|p1a: Ditto|Ditto, shiny|70\/100|[from] Flip Turn\n|-activate|p1a: Ditto|move: Sticky Web\n|-unboost|p1a: Ditto|spe|1\n|-transform|p1a: Ditto|p2a: Koraidon|[from] ability: Imposter\n|-activate|p1a: Ditto|ability: Orichalcum Pulse\n|\n|-weather|SunnyDay|[upkeep]\n|upkeep\n|turn|10\n|\n|t:|1699460925\n|move|p1a: Ditto|Scale Shot|p2a: Koraidon\n|-supereffective|p2a: Koraidon\n|-damage|p2a: Koraidon|51\/100\n|-supereffective|p2a: Koraidon\n|-damage|p2a: Koraidon|21\/100\n|-hitcount|p2a: Koraidon|2\n|-unboost|p1a: Ditto|def|1\n|-boost|p1a: Ditto|spe|1\n|move|p2a: Koraidon|Scale Shot|p1a: Ditto|[miss]\n|-miss|p2a: Koraidon|p1a: Ditto\n|\n|-weather|SunnyDay|[upkeep]\n|upkeep\n|turn|11\n|\n|t:|1699460940\n|switch|p2a: Arceus|Arceus-Ground|57\/100\n|move|p1a: Ditto|Scale Shot|p2a: Arceus\n|-damage|p2a: Arceus|44\/100\n|-damage|p2a: Arceus|33\/100\n|-damage|p2a: Arceus|22\/100\n|-damage|p2a: Arceus|10\/100\n|-hitcount|p2a: Arceus|4\n|-unboost|p1a: Ditto|def|1\n|-boost|p1a: Ditto|spe|1\n|\n|-weather|none\n|upkeep\n|turn|12\n|\n|t:|1699460952\n|move|p1a: Ditto|Scale Shot|p2a: Arceus|[miss]\n|-miss|p1a: Ditto|p2a: Arceus\n|move|p2a: Arceus|Recover|p2a: Arceus\n|-heal|p2a: Arceus|60\/100\n|\n|upkeep\n|turn|13\n|\n|t:|1699460962\n|move|p1a: Ditto|Scale Shot|p2a: Arceus\n|-damage|p2a: Arceus|52\/100\n|-damage|p2a: Arceus|43\/100\n|-hitcount|p2a: Arceus|2\n|-unboost|p1a: Ditto|def|1\n|-boost|p1a: Ditto|spe|1\n|move|p2a: Arceus|Will-O-Wisp|p1a: Ditto\n|-status|p1a: Ditto|brn\n|\n|-damage|p1a: Ditto|64\/100 brn|[from] brn\n|upkeep\n|turn|14\n|\n|t:|1699460973\n|move|p1a: Ditto|Scale Shot|p2a: Arceus\n|-damage|p2a: Arceus|39\/100\n|-damage|p2a: Arceus|35\/100\n|-damage|p2a: Arceus|30\/100\n|-hitcount|p2a: Arceus|3\n|-unboost|p1a: Ditto|def|1\n|-boost|p1a: Ditto|spe|1\n|move|p2a: Arceus|Recover|p2a: Arceus\n|-heal|p2a: Arceus|80\/100\n|\n|-damage|p1a: Ditto|58\/100 brn|[from] brn\n|upkeep\n|turn|15\n|\n|t:|1699460986\n|-activate|p1a: Ditto|move: Struggle\n|move|p1a: Ditto|Struggle|p2a: Arceus\n|-damage|p2a: Arceus|75\/100\n|-damage|p1a: Ditto|33\/100 brn|[from] recoil\n|move|p2a: Arceus|Judgment|p1a: Ditto\n|-damage|p1a: Ditto|0 fnt\n|faint|p1a: Ditto\n|\n|upkeep\n|inactive|Wiilyam has 120 seconds left.\n|\n|t:|1699461004\n|switch|p1a: Ogerpon|Ogerpon-Hearthflame, F|100\/100\n|-activate|p1a: Ogerpon|move: Sticky Web\n|-unboost|p1a: Ogerpon|spe|1\n|-ability|p1a: Ogerpon|Mold Breaker\n|turn|16\n|\n|t:|1699461013\n|move|p1a: Ogerpon|Spiky Shield|p1a: Ogerpon\n|-singleturn|p1a: Ogerpon|move: Protect\n|move|p2a: Arceus|Taunt|p1a: Ogerpon\n|-activate|p1a: Ogerpon|move: Protect\n|\n|upkeep\n|turn|17\n|\n|t:|1699461022\n|move|p2a: Arceus|Taunt|p1a: Ogerpon\n|-start|p1a: Ogerpon|move: Taunt\n|move|p1a: Ogerpon|Horn Leech|p2a: Arceus\n|-supereffective|p2a: Arceus\n|-damage|p2a: Arceus|17\/100\n|\n|upkeep\n|turn|18\n|\n|t:|1699461038\n|move|p2a: Arceus|Judgment|p1a: Ogerpon\n|-damage|p1a: Ogerpon|46\/100\n|move|p1a: Ogerpon|U-turn|p2a: Arceus\n|-damage|p2a: Arceus|0 fnt\n|faint|p2a: Arceus\n|inactive|Wiilyam has 120 seconds left.\n|\n|t:|1699461049\n|switch|p1a: Calyrex|Calyrex-Ice|100\/100|[from] U-turn\n|-ability|p1a: Calyrex|As One\n|-ability|p1a: Calyrex|Unnerve\n|-activate|p1a: Calyrex|move: Sticky Web\n|-unboost|p1a: Calyrex|spe|1\n|\n|upkeep\n|\n|t:|1699461057\n|switch|p2a: Calyrex|Calyrex-Shadow|100\/100\n|-ability|p2a: Calyrex|As One\n|-ability|p2a: Calyrex|Unnerve\n|turn|19\n|\n|t:|1699461064\n|move|p2a: Calyrex|Astral Barrage|p1a: Calyrex\n|-supereffective|p1a: Calyrex\n|-damage|p1a: Calyrex|0 fnt\n|faint|p1a: Calyrex\n|-ability|p2a: Calyrex|Grim Neigh|boost\n|-boost|p2a: Calyrex|spa|1\n|-damage|p2a: Calyrex|91\/100|[from] item: Life Orb\n|\n|upkeep\n|\n|t:|1699461073\n|switch|p1a: Zacian|Zacian-Crowned, shiny|100\/100\n|-activate|p1a: Zacian|move: Sticky Web\n|-unboost|p1a: Zacian|spe|1\n|-ability|p1a: Zacian|Intrepid Sword|boost\n|-boost|p1a: Zacian|atk|1\n|turn|20\n|\n|t:|1699461085\n|move|p2a: Calyrex|Astral Barrage|p1a: Zacian\n|-damage|p1a: Zacian|0 fnt\n|faint|p1a: Zacian\n|-ability|p2a: Calyrex|Grim Neigh|boost\n|-boost|p2a: Calyrex|spa|1\n|-damage|p2a: Calyrex|81\/100|[from] item: Life Orb\n|\n|upkeep\n|inactive|Wiilyam has 120 seconds left.\n|\n|t:|1699461124\n|switch|p1a: Ogerpon|Ogerpon-Hearthflame, F|46\/100\n|-activate|p1a: Ogerpon|move: Sticky Web\n|-unboost|p1a: Ogerpon|spe|1\n|-ability|p1a: Ogerpon|Mold Breaker\n|turn|21\n|-message|Wiilyam forfeited.\n|\n|win|hydro84\n|raw|Wiilyam's rating: 1418 &rarr; <strong>1408<\/strong><br \/>(-10 for losing)\n|raw|hydro84's rating: 1600 &rarr; <strong>1610<\/strong><br \/>(+10 for winning)\n|l|\u2606Wiilyam\n|l|\u2606hydro84\n","uploadtime":1699461195,"views":3,"p1id":"wiilyam","p2id":"hydro84","formatid":"gen9anythinggoes","rating":1408,"private":0,"password":""}