{"id":"gen9anythinggoes-1995539752","p1":"diobrando7","p2":"teet4t44","format":"[Gen 9] Anything Goes","log":"|j|\u2606diobrando7\n|j|\u2606teet4t44\n|t:|1700581112\n|gametype|singles\n|player|p1|diobrando7|red|1556\n|player|p2|teet4t44|102|1617\n|teamsize|p1|6\n|teamsize|p2|6\n|gen|9\n|tier|[Gen 9] Anything Goes\n|rated|\n|rule|HP Percentage Mod: HP is shown in percentages\n|rule|Endless Battle Clause: Forcing endless battles is banned\n|clearpoke\n|poke|p1|Arceus-Fairy|\n|poke|p1|Arceus|\n|poke|p1|Koraidon|\n|poke|p1|Calyrex-Shadow|\n|poke|p1|Miraidon|\n|poke|p1|Ribombee, M|\n|poke|p2|Forretress, F|\n|poke|p2|Forretress, M|\n|poke|p2|Giratina|\n|poke|p2|Giratina|\n|poke|p2|Giratina|\n|poke|p2|Giratina|\n|teampreview\n|inactive|Battle timer is ON: inactive players will automatically lose when time's up. (requested by diobrando7)\n|\n|t:|1700581122\n|start\n|switch|p1a: Ribombee|Ribombee, M|100\/100\n|switch|p2a: Forretress|Forretress, F|100\/100\n|turn|1\n|\n|t:|1700581143\n|move|p1a: Ribombee|Stun Spore|p2a: Forretress|[miss]\n|-miss|p1a: Ribombee|p2a: Forretress\n|move|p2a: Forretress|Thunder Wave|p1a: Ribombee|[miss]\n|-miss|p2a: Forretress|p1a: Ribombee\n|\n|upkeep\n|turn|2\n|\n|t:|1700581150\n|move|p1a: Ribombee|Sticky Web|p2a: Forretress\n|-sidestart|p2: teet4t44|move: Sticky Web\n|move|p2a: Forretress|Thunder Wave|p1a: Ribombee\n|-status|p1a: Ribombee|par\n|\n|upkeep\n|turn|3\n|\n|t:|1700581156\n|cant|p1a: Ribombee|par\n|move|p2a: Forretress|Stealth Rock|p1a: Ribombee\n|-sidestart|p1: diobrando7|move: Stealth Rock\n|\n|upkeep\n|turn|4\n|\n|t:|1700581161\n|move|p1a: Ribombee|Stun Spore|p2a: Forretress\n|-status|p2a: Forretress|par\n|move|p2a: Forretress|Spikes|p1a: Ribombee\n|-sidestart|p1: diobrando7|Spikes\n|\n|upkeep\n|turn|5\n|\n|t:|1700581168\n|switch|p1a: Koraidon|Koraidon|100\/100\n|-damage|p1a: Koraidon|94\/100|[from] Stealth Rock\n|-damage|p1a: Koraidon|82\/100|[from] Spikes\n|-weather|SunnyDay|[from] ability: Orichalcum Pulse|[of] p1a: Koraidon\n|-activate|p1a: Koraidon|Orichalcum Pulse|[source]\n|cant|p2a: Forretress|par\n|\n|-weather|SunnyDay|[upkeep]\n|upkeep\n|turn|6\n|\n|t:|1700581177\n|move|p1a: Koraidon|Flare Blitz|p2a: Forretress\n|-supereffective|p2a: Forretress\n|-ability|p2a: Forretress|Sturdy\n|-damage|p2a: Forretress|1\/100 par\n|-damage|p1a: Koraidon|48\/100|[from] Recoil\n|move|p2a: Forretress|Toxic Spikes|p1a: Koraidon\n|-sidestart|p1: diobrando7|move: Toxic Spikes\n|\n|-weather|SunnyDay|[upkeep]\n|-heal|p2a: Forretress|7\/100 par|[from] item: Leftovers\n|upkeep\n|turn|7\n|\n|t:|1700581186\n|move|p1a: Koraidon|Flare Blitz|p2a: Forretress\n|-supereffective|p2a: Forretress\n|-damage|p2a: Forretress|0 fnt\n|faint|p2a: Forretress\n|-damage|p1a: Koraidon|46\/100|[from] Recoil\n|\n|-weather|SunnyDay|[upkeep]\n|upkeep\n|\n|t:|1700581193\n|switch|p2a: Giratina|Giratina|100\/100\n|-activate|p2a: Giratina|move: Sticky Web\n|-unboost|p2a: Giratina|spe|1\n|-ability|p2a: Giratina|Pressure\n|turn|8\n|\n|t:|1700581200\n|switch|p1a: Ribombee|Ribombee, M|100\/100 par\n|-damage|p1a: Ribombee|76\/100 par|[from] Stealth Rock\n|-damage|p1a: Ribombee|63\/100 par|[from] Spikes\n|move|p2a: Giratina|Dragon Tail|p1a: Ribombee\n|-immune|p1a: Ribombee\n|\n|-weather|SunnyDay|[upkeep]\n|upkeep\n|turn|9\n|\n|t:|1700581210\n|move|p1a: Ribombee|Stun Spore|p2a: Giratina\n|-status|p2a: Giratina|par\n|move|p2a: Giratina|Roar|p1a: Ribombee\n|drag|p1a: Arceus|Arceus|100\/100\n|-damage|p1a: Arceus|88\/100|[from] Stealth Rock\n|-damage|p1a: Arceus|76\/100|[from] Spikes\n|-status|p1a: Arceus|psn\n|\n|-weather|none\n|-heal|p1a: Arceus|82\/100 psn|[from] item: Leftovers\n|-damage|p1a: Arceus|70\/100 psn|[from] psn\n|upkeep\n|turn|10\n|\n|t:|1700581222\n|move|p1a: Arceus|Swords Dance|p1a: Arceus\n|-boost|p1a: Arceus|atk|2\n|move|p2a: Giratina|Dragon Tail|p1a: Arceus\n|-damage|p1a: Arceus|57\/100 psn\n|drag|p1a: Miraidon|Miraidon|100\/100\n|-damage|p1a: Miraidon|88\/100|[from] Stealth Rock\n|-damage|p1a: Miraidon|76\/100|[from] Spikes\n|-status|p1a: Miraidon|psn\n|-fieldstart|move: Electric Terrain|[from] ability: Hadron Engine|[of] p1a: Miraidon\n|\n|-damage|p1a: Miraidon|64\/100 psn|[from] psn\n|upkeep\n|turn|11\n|\n|t:|1700581236\n|move|p1a: Miraidon|Dazzling Gleam|p2a: Giratina\n|-supereffective|p2a: Giratina\n|-damage|p2a: Giratina|35\/100 par\n|move|p2a: Giratina|Dragon Tail|p1a: Miraidon\n|-supereffective|p1a: Miraidon\n|-damage|p1a: Miraidon|18\/100 psn\n|drag|p1a: Arceus|Arceus-Fairy|100\/100\n|-damage|p1a: Arceus|88\/100|[from] Stealth Rock\n|-damage|p1a: Arceus|76\/100|[from] Spikes\n|-status|p1a: Arceus|psn\n|\n|-heal|p2a: Giratina|41\/100 par|[from] item: Leftovers\n|-damage|p1a: Arceus|63\/100 psn|[from] psn\n|upkeep\n|turn|12\n|\n|t:|1700581250\n|move|p1a: Arceus|Judgment|p2a: Giratina\n|-supereffective|p2a: Giratina\n|-damage|p2a: Giratina|0 fnt\n|faint|p2a: Giratina\n|\n|-damage|p1a: Arceus|51\/100 psn|[from] psn\n|upkeep\n|\n|t:|1700581255\n|switch|p2a: Forretress|Forretress, M|100\/100\n|-activate|p2a: Forretress|move: Sticky Web\n|-unboost|p2a: Forretress|spe|1\n|turn|13\n|\n|t:|1700581265\n|move|p1a: Arceus|Earth Power|p2a: Forretress\n|-damage|p2a: Forretress|56\/100\n|-unboost|p2a: Forretress|spd|1\n|move|p2a: Forretress|Spikes|p1a: Arceus\n|-sidestart|p1: diobrando7|Spikes\n|\n|-heal|p2a: Forretress|62\/100|[from] item: Leftovers\n|-damage|p1a: Arceus|39\/100 psn|[from] psn\n|upkeep\n|turn|14\n|\n|t:|1700581273\n|move|p1a: Arceus|Earth Power|p2a: Forretress\n|-damage|p2a: Forretress|0 fnt\n|faint|p2a: Forretress\n|\n|-damage|p1a: Arceus|26\/100 psn|[from] psn\n|-fieldend|move: Electric Terrain\n|upkeep\n|\n|t:|1700581284\n|switch|p2a: Giratina|Giratina|100\/100\n|-activate|p2a: Giratina|move: Sticky Web\n|-unboost|p2a: Giratina|spe|1\n|-ability|p2a: Giratina|Pressure\n|turn|15\n|\n|t:|1700581290\n|move|p2a: Giratina|Shadow Sneak|p1a: Arceus\n|-damage|p1a: Arceus|16\/100 psn\n|move|p1a: Arceus|Judgment|p2a: Giratina\n|-supereffective|p2a: Giratina\n|-damage|p2a: Giratina|40\/100\n|\n|-heal|p2a: Giratina|46\/100|[from] item: Leftovers\n|-damage|p1a: Arceus|4\/100 psn|[from] psn\n|upkeep\n|turn|16\n|\n|t:|1700581299\n|move|p2a: Giratina|Shadow Sneak|p1a: Arceus\n|-damage|p1a: Arceus|0 fnt\n|faint|p1a: Arceus\n|\n|-heal|p2a: Giratina|52\/100|[from] item: Leftovers\n|upkeep\n|\n|t:|1700581304\n|switch|p1a: Koraidon|Koraidon|46\/100\n|-damage|p1a: Koraidon|40\/100|[from] Stealth Rock\n|-damage|p1a: Koraidon|23\/100|[from] Spikes\n|-status|p1a: Koraidon|psn\n|-weather|SunnyDay|[from] ability: Orichalcum Pulse|[of] p1a: Koraidon\n|-activate|p1a: Koraidon|Orichalcum Pulse|[source]\n|turn|17\n|\n|t:|1700581312\n|move|p2a: Giratina|Shadow Sneak|p1a: Koraidon\n|-damage|p1a: Koraidon|12\/100 psn\n|move|p1a: Koraidon|Dragon Claw|p2a: Giratina\n|-supereffective|p2a: Giratina\n|-damage|p2a: Giratina|0 fnt\n|faint|p2a: Giratina\n|\n|-weather|SunnyDay|[upkeep]\n|-damage|p1a: Koraidon|0 fnt|[from] psn\n|faint|p1a: Koraidon\n|upkeep\n|\n|t:|1700581327\n|switch|p1a: Ribombee|Ribombee, M|63\/100 par\n|switch|p2a: Giratina|Giratina|100\/100\n|-activate|p2a: Giratina|move: Sticky Web\n|-unboost|p2a: Giratina|spe|1\n|-ability|p2a: Giratina|Pressure\n|-damage|p1a: Ribombee|38\/100 par|[from] Stealth Rock\n|-damage|p1a: Ribombee|22\/100 par|[from] Spikes\n|turn|18\n|\n|t:|1700581337\n|move|p2a: Giratina|Shadow Sneak|p1a: Ribombee\n|-damage|p1a: Ribombee|0 fnt\n|faint|p1a: Ribombee\n|\n|-weather|SunnyDay|[upkeep]\n|upkeep\n|\n|t:|1700581343\n|switch|p1a: Miraidon|Miraidon|18\/100 psn\n|-damage|p1a: Miraidon|5\/100 psn|[from] Stealth Rock\n|-damage|p1a: Miraidon|0 fnt|[from] Spikes\n|faint|p1a: Miraidon\n|\n|t:|1700581348\n|switch|p1a: Calyrex|Calyrex-Shadow|100\/100\n|-ability|p1a: Calyrex|As One\n|-ability|p1a: Calyrex|Unnerve\n|-damage|p1a: Calyrex|88\/100|[from] Stealth Rock\n|-damage|p1a: Calyrex|72\/100|[from] Spikes\n|-status|p1a: Calyrex|psn\n|turn|19\n|\n|t:|1700581358\n|move|p1a: Calyrex|Astral Barrage|p2a: Giratina\n|-supereffective|p2a: Giratina\n|-damage|p2a: Giratina|20\/100\n|-damage|p1a: Calyrex|62\/100 psn|[from] item: Life Orb\n|move|p2a: Giratina|Dragon Tail|p1a: Calyrex\n|-damage|p1a: Calyrex|31\/100 psn\n|drag|p1a: Arceus|Arceus|57\/100 psn\n|-damage|p1a: Arceus|45\/100 psn|[from] Stealth Rock\n|-damage|p1a: Arceus|28\/100 psn|[from] Spikes\n|\n|-weather|SunnyDay|[upkeep]\n|-heal|p1a: Arceus|34\/100 psn|[from] item: Leftovers\n|-heal|p2a: Giratina|26\/100|[from] item: Leftovers\n|-damage|p1a: Arceus|22\/100 psn|[from] psn\n|upkeep\n|turn|20\n|c|\u2606diobrando7|fckingpiece of shit\u00f9\n|-message|diobrando7 forfeited.\n|\n|win|teet4t44\n|raw|diobrando7's rating: 1556 &rarr; <strong>1539<\/strong><br \/>(-17 for losing)\n|raw|teet4t44's rating: 1617 &rarr; <strong>1634<\/strong><br \/>(+17 for winning)\n","uploadtime":1700581375,"views":1,"p1id":"diobrando7","p2id":"teet4t44","formatid":"gen9anythinggoes","rating":1539,"private":0,"password":""}