{"id":"gen9anythinggoes-1976252575","p1":"myname69","p2":"bowdenisback","format":"[Gen 9] Anything Goes","log":"|j|\u2606myname69\n|j|\u2606bowdenisback\n|t:|1698278739\n|gametype|singles\n|player|p1|myname69|zinnia|1059\n|player|p2|bowdenisback|dawn|1141\n|teamsize|p1|1\n|teamsize|p2|6\n|gen|9\n|tier|[Gen 9] Anything Goes\n|rated|\n|rule|HP Percentage Mod: HP is shown in percentages\n|rule|Endless Battle Clause: Forcing endless battles is banned\n|clearpoke\n|poke|p1|Sneasler, F|\n|poke|p2|Calyrex-Shadow|\n|poke|p2|Koraidon|\n|poke|p2|Miraidon|\n|poke|p2|Zacian-*|\n|poke|p2|Groudon|\n|poke|p2|Chi-Yu|\n|teampreview\n|\n|t:|1698278749\n|start\n|switch|p1a: Sneasler|Sneasler, F|100\/100\n|switch|p2a: Zacian|Zacian-Crowned|100\/100\n|-ability|p2a: Zacian|Intrepid Sword|boost\n|-boost|p2a: Zacian|atk|1\n|turn|1\n|\n|t:|1698278756\n|move|p2a: Zacian|Behemoth Blade|p1a: Sneasler\n|-enditem|p1a: Sneasler|Focus Sash\n|-damage|p1a: Sneasler|1\/100\n|move|p1a: Sneasler|Swords Dance|p1a: Sneasler\n|-boost|p1a: Sneasler|atk|2\n|\n|upkeep\n|turn|2\n|\n|t:|1698278762\n|move|p1a: Sneasler|Reversal|p2a: Zacian\n|-damage|p2a: Zacian|0 fnt\n|faint|p2a: Zacian\n|\n|upkeep\n|\n|t:|1698278764\n|switch|p2a: Calyrex|Calyrex-Shadow|100\/100\n|-ability|p2a: Calyrex|As One\n|-ability|p2a: Calyrex|Unnerve\n|turn|3\n|\n|t:|1698278768\n|move|p1a: Sneasler|Shadow Claw|p2a: Calyrex\n|-supereffective|p2a: Calyrex\n|-damage|p2a: Calyrex|0 fnt\n|faint|p2a: Calyrex\n|\n|upkeep\n|\n|t:|1698278773\n|switch|p2a: Chi-Yu|Chi-Yu|100\/100\n|-ability|p2a: Chi-Yu|Beads of Ruin\n|turn|4\n|\n|t:|1698278776\n|move|p1a: Sneasler|Reversal|p2a: Chi-Yu\n|-supereffective|p2a: Chi-Yu\n|-damage|p2a: Chi-Yu|0 fnt\n|faint|p2a: Chi-Yu\n|\n|upkeep\n|\n|t:|1698278787\n|switch|p2a: Miraidon|Miraidon|100\/100\n|-fieldstart|move: Electric Terrain|[from] ability: Hadron Engine|[of] p2a: Miraidon\n|turn|5\n|\n|t:|1698278792\n|move|p1a: Sneasler|Reversal|p2a: Miraidon\n|-damage|p2a: Miraidon|0 fnt\n|faint|p2a: Miraidon\n|\n|upkeep\n|\n|t:|1698278794\n|switch|p2a: Groudon|Groudon|100\/100\n|-weather|SunnyDay|[from] ability: Drought|[of] p2a: Groudon\n|turn|6\n|\n|t:|1698278799\n|move|p1a: Sneasler|Reversal|p2a: Groudon\n|-damage|p2a: Groudon|0 fnt\n|faint|p2a: Groudon\n|\n|-weather|SunnyDay|[upkeep]\n|upkeep\n|\n|t:|1698278802\n|switch|p2a: Koraidon|Koraidon|100\/100\n|-activate|p2a: Koraidon|ability: Orichalcum Pulse\n|turn|7\n|\n|t:|1698278806\n|move|p1a: Sneasler|Reversal|p2a: Koraidon\n|-damage|p2a: Koraidon|0 fnt\n|faint|p2a: Koraidon\n|\n|win|myname69\n|raw|myname69's rating: 1059 &rarr; <strong>1097<\/strong><br \/>(+38 for winning)\n|raw|bowdenisback's rating: 1141 &rarr; <strong>1110<\/strong><br \/>(-31 for losing)\n|l|\u2606bowdenisback\n|c|\u2606myname69|gg\n|c|\u2606myname69|lost to 1 pokeomon\n","uploadtime":1698278816,"views":6,"p1id":"myname69","p2id":"bowdenisback","formatid":"gen9anythinggoes","rating":1097,"private":0,"password":""}