{"id":"gen9anythinggoes-1995930928","p1":"Midutz","p2":"ImNewOAAAAAA","format":"[Gen 9] Anything Goes","log":"|j|\u2606Midutz\n|j|\u2606ImNewOAAAAAA\n|t:|1700618744\n|gametype|singles\n|player|p1|Midutz|101|\n|player|p2|ImNewOAAAAAA|101|\n|teamsize|p1|6\n|teamsize|p2|6\n|gen|9\n|tier|[Gen 9] Anything Goes\n|rule|HP Percentage Mod: HP is shown in percentages\n|rule|Endless Battle Clause: Forcing endless battles is banned\n|clearpoke\n|poke|p1|Clodsire, F|\n|poke|p1|Drifblim, F|\n|poke|p1|Espathra, F|\n|poke|p1|Mew|\n|poke|p1|Krookodile, F|\n|poke|p1|Breloom, M|\n|poke|p2|Great Tusk|\n|poke|p2|Iron Moth|\n|poke|p2|Zapdos|\n|poke|p2|Greninja-*, M|\n|poke|p2|Mimikyu, M|\n|poke|p2|Baxcalibur, F|\n|teampreview\n|\n|t:|1700618751\n|start\n|switch|p1a: Ground fsh|Clodsire, F|100\/100\n|switch|p2a: Iron Moth|Iron Moth|100\/100\n|-enditem|p2a: Iron Moth|Booster Energy\n|-activate|p2a: Iron Moth|ability: Quark Drive|[fromitem]\n|-start|p2a: Iron Moth|quarkdrivespa\n|turn|1\n|\n|t:|1700618772\n|move|p2a: Iron Moth|Energy Ball|p1a: Ground fsh\n|-damage|p1a: Ground fsh|78\/100\n|move|p1a: Ground fsh|Stealth Rock|p2a: Iron Moth\n|-sidestart|p2: ImNewOAAAAAA|move: Stealth Rock\n|\n|upkeep\n|turn|2\n|\n|t:|1700618782\n|move|p2a: Iron Moth|Sludge Wave|p1a: Ground fsh\n|-resisted|p1a: Ground fsh\n|-damage|p1a: Ground fsh|70\/100\n|move|p1a: Ground fsh|Recover|p1a: Ground fsh\n|-heal|p1a: Ground fsh|100\/100\n|\n|upkeep\n|turn|3\n|\n|t:|1700618814\n|-end|p2a: Iron Moth|Quark Drive|[silent]\n|switch|p2a: Baxcalibur|Baxcalibur, F|100\/100\n|-damage|p2a: Baxcalibur|76\/100|[from] Stealth Rock\n|move|p1a: Ground fsh|Spikes|p2a: Baxcalibur\n|-sidestart|p2: ImNewOAAAAAA|Spikes\n|\n|upkeep\n|turn|4\n|\n|t:|1700618823\n|move|p2a: Baxcalibur|Icicle Spear|p1a: Ground fsh\n|-supereffective|p1a: Ground fsh\n|-damage|p1a: Ground fsh|68\/100\n|-supereffective|p1a: Ground fsh\n|-damage|p1a: Ground fsh|34\/100\n|-supereffective|p1a: Ground fsh\n|-damage|p1a: Ground fsh|2\/100\n|-enditem|p1a: Ground fsh|Aguav Berry|[eat]\n|-heal|p1a: Ground fsh|35\/100|[from] item: Aguav Berry\n|-supereffective|p1a: Ground fsh\n|-damage|p1a: Ground fsh|2\/100\n|-supereffective|p1a: Ground fsh\n|-damage|p1a: Ground fsh|0 fnt\n|faint|p1a: Ground fsh\n|-hitcount|p1: Ground fsh|5\n|\n|upkeep\n|\n|t:|1700618833\n|switch|p1a: toad|Breloom, M, shiny|100\/100\n|turn|5\n|\n|t:|1700618844\n|move|p2a: Baxcalibur|Icicle Spear|p1a: toad\n|-supereffective|p1a: toad\n|-damage|p1a: toad|54\/100\n|-supereffective|p1a: toad\n|-damage|p1a: toad|8\/100\n|-supereffective|p1a: toad\n|-damage|p1a: toad|0 fnt\n|faint|p1a: toad\n|-hitcount|p1: toad|3\n|\n|upkeep\n|\n|t:|1700618858\n|switch|p1a: Ur mom|Drifblim, F|100\/100\n|turn|6\n|\n|t:|1700618878\n|-terastallize|p1a: Ur mom|Ghost\n|move|p2a: Baxcalibur|Icicle Spear|p1a: Ur mom\n|-damage|p1a: Ur mom|80\/100\n|-damage|p1a: Ur mom|58\/100\n|-damage|p1a: Ur mom|38\/100\n|-damage|p1a: Ur mom|17\/100\n|-hitcount|p1a: Ur mom|4\n|move|p1a: Ur mom|Minimize|p1a: Ur mom\n|-boost|p1a: Ur mom|evasion|2\n|\n|upkeep\n|turn|7\n|\n|t:|1700618899\n|move|p2a: Baxcalibur|Icicle Spear|p1a: Ur mom|[miss]\n|-miss|p2a: Baxcalibur|p1a: Ur mom\n|move|p1a: Ur mom|Minimize|p1a: Ur mom\n|-boost|p1a: Ur mom|evasion|2\n|\n|upkeep\n|turn|8\n|\n|t:|1700618917\n|move|p2a: Baxcalibur|Icicle Spear|p1a: Ur mom|[miss]\n|-miss|p2a: Baxcalibur|p1a: Ur mom\n|move|p1a: Ur mom|Baton Pass|p1a: Ur mom\n|\n|t:|1700618920\n|switch|p1a: ostrich|Espathra, F|100\/100|[from] Baton Pass\n|\n|upkeep\n|turn|9\n|\n|t:|1700618929\n|move|p1a: ostrich|Substitute|p1a: ostrich\n|-start|p1a: ostrich|Substitute\n|-damage|p1a: ostrich|76\/100\n|move|p2a: Baxcalibur|Glaive Rush|p1a: ostrich|[miss]\n|-miss|p2a: Baxcalibur|p1a: ostrich\n|\n|-ability|p1a: ostrich|Speed Boost|boost\n|-boost|p1a: ostrich|spe|1\n|upkeep\n|turn|10\n|\n|t:|1700618940\n|move|p1a: ostrich|Calm Mind|p1a: ostrich\n|-boost|p1a: ostrich|spa|1\n|-boost|p1a: ostrich|spd|1\n|move|p2a: Baxcalibur|Glaive Rush|p1a: ostrich|[miss]\n|-miss|p2a: Baxcalibur|p1a: ostrich\n|\n|-ability|p1a: ostrich|Speed Boost|boost\n|-boost|p1a: ostrich|spe|1\n|upkeep\n|turn|11\n|\n|t:|1700618983\n|move|p1a: ostrich|Calm Mind|p1a: ostrich\n|-boost|p1a: ostrich|spa|1\n|-boost|p1a: ostrich|spd|1\n|move|p2a: Baxcalibur|Dragon Dance|p2a: Baxcalibur\n|-boost|p2a: Baxcalibur|atk|1\n|-boost|p2a: Baxcalibur|spe|1\n|\n|-ability|p1a: ostrich|Speed Boost|boost\n|-boost|p1a: ostrich|spe|1\n|upkeep\n|turn|12\n|\n|t:|1700618992\n|move|p1a: ostrich|Calm Mind|p1a: ostrich\n|-boost|p1a: ostrich|spa|1\n|-boost|p1a: ostrich|spd|1\n|move|p2a: Baxcalibur|Dragon Dance|p2a: Baxcalibur\n|-boost|p2a: Baxcalibur|atk|1\n|-boost|p2a: Baxcalibur|spe|1\n|\n|-ability|p1a: ostrich|Speed Boost|boost\n|-boost|p1a: ostrich|spe|1\n|upkeep\n|turn|13\n|\n|t:|1700619002\n|move|p1a: ostrich|Calm Mind|p1a: ostrich\n|-boost|p1a: ostrich|spa|1\n|-boost|p1a: ostrich|spd|1\n|move|p2a: Baxcalibur|Dragon Dance|p2a: Baxcalibur\n|-boost|p2a: Baxcalibur|atk|1\n|-boost|p2a: Baxcalibur|spe|1\n|\n|-ability|p1a: ostrich|Speed Boost|boost\n|-boost|p1a: ostrich|spe|1\n|upkeep\n|turn|14\n|\n|t:|1700619016\n|move|p1a: ostrich|Calm Mind|p1a: ostrich\n|-boost|p1a: ostrich|spa|1\n|-boost|p1a: ostrich|spd|1\n|move|p2a: Baxcalibur|Dragon Dance|p2a: Baxcalibur\n|-boost|p2a: Baxcalibur|atk|1\n|-boost|p2a: Baxcalibur|spe|1\n|\n|-ability|p1a: ostrich|Speed Boost|boost\n|-boost|p1a: ostrich|spe|1\n|upkeep\n|turn|15\n|\n|t:|1700619029\n|switch|p2a: Iron Moth|Iron Moth|100\/100\n|-damage|p2a: Iron Moth|76\/100|[from] Stealth Rock\n|-damage|p2a: Iron Moth|63\/100|[from] Spikes\n|move|p1a: ostrich|Calm Mind|p1a: ostrich\n|-boost|p1a: ostrich|spa|1\n|-boost|p1a: ostrich|spd|1\n|\n|upkeep\n|turn|16\n|\n|t:|1700619052\n|move|p1a: ostrich|Substitute|p1a: ostrich\n|-fail|p1a: ostrich|move: Substitute\n|move|p2a: Iron Moth|Energy Ball|p1a: ostrich|[miss]\n|-miss|p2a: Iron Moth|p1a: ostrich\n|\n|upkeep\n|turn|17\n|\n|t:|1700619059\n|move|p1a: ostrich|Baton Pass|p1a: ostrich\n|\n|t:|1700619063\n|switch|p1a: Cat|Mew, shiny|100\/100|[from] Baton Pass\n|move|p2a: Iron Moth|Energy Ball|p1a: Cat|[miss]\n|-miss|p2a: Iron Moth|p1a: Cat\n|\n|upkeep\n|turn|18\n|\n|t:|1700619094\n|move|p1a: Cat|Bulk Up|p1a: Cat\n|-boost|p1a: Cat|atk|1\n|-boost|p1a: Cat|def|1\n|move|p2a: Iron Moth|Fiery Dance|p1a: Cat|[miss]\n|-miss|p2a: Iron Moth|p1a: Cat\n|\n|upkeep\n|turn|19\n|\n|t:|1700619104\n|-end|p2a: Iron Moth|Quark Drive|[silent]\n|switch|p2a: Zapdos|Zapdos|100\/100\n|move|p1a: Cat|Bulk Up|p1a: Cat\n|-boost|p1a: Cat|atk|1\n|-boost|p1a: Cat|def|1\n|\n|upkeep\n|turn|20\n|\n|t:|1700619118\n|move|p1a: Cat|Bulk Up|p1a: Cat\n|-boost|p1a: Cat|atk|1\n|-boost|p1a: Cat|def|1\n|move|p2a: Zapdos|Volt Switch|p1a: Cat|[miss]\n|-miss|p2a: Zapdos|p1a: Cat\n|\n|upkeep\n|turn|21\n|\n|t:|1700619127\n|switch|p2a: Greninja|Greninja, M|100\/100\n|-damage|p2a: Greninja|88\/100|[from] Stealth Rock\n|-damage|p2a: Greninja|76\/100|[from] Spikes\n|move|p1a: Cat|Bulk Up|p1a: Cat\n|-boost|p1a: Cat|atk|1\n|-boost|p1a: Cat|def|1\n|\n|upkeep\n|turn|22\n|\n|t:|1700619143\n|move|p1a: Cat|Bulk Up|p1a: Cat\n|-boost|p1a: Cat|atk|1\n|-boost|p1a: Cat|def|1\n|move|p2a: Greninja|Grass Knot|p1a: Cat\n|-activate|p1a: Cat|move: Substitute|[damage]\n|-damage|p2a: Greninja|66\/100|[from] item: Life Orb\n|\n|upkeep\n|turn|23\n|\n|t:|1700619152\n|move|p1a: Cat|Bulk Up|p1a: Cat\n|-boost|p1a: Cat|atk|1\n|-boost|p1a: Cat|def|1\n|move|p2a: Greninja|Grass Knot|p1a: Cat|[miss]\n|-miss|p2a: Greninja|p1a: Cat\n|\n|upkeep\n|turn|24\n|\n|t:|1700619161\n|move|p1a: Cat|Baton Pass|p1a: Cat\n|\n|t:|1700619164\n|switch|p1a: Ur mom|Drifblim, F, tera:Ghost|17\/100|[from] Baton Pass\n|move|p2a: Greninja|Grass Knot|p1a: Ur mom|[miss]\n|-miss|p2a: Greninja|p1a: Ur mom\n|\n|upkeep\n|turn|25\n|\n|t:|1700619176\n|-terastallize|p2a: Greninja|Water\n|move|p1a: Ur mom|Minimize|p1a: Ur mom\n|-boost|p1a: Ur mom|evasion|2\n|move|p2a: Greninja|Hydro Pump|p1a: Ur mom|[miss]\n|-miss|p2a: Greninja|p1a: Ur mom\n|\n|upkeep\n|turn|26\n|\n|t:|1700619188\n|switch|p2a: Mimikyu|Mimikyu, M|100\/100\n|-damage|p2a: Mimikyu|88\/100|[from] Stealth Rock\n|-damage|p2a: Mimikyu|76\/100|[from] Spikes\n|move|p1a: Ur mom|Baton Pass|p1a: Ur mom\n|\n|t:|1700619191\n|switch|p1a: Hehehaha|Krookodile, F|100\/100|[from] Baton Pass\n|-ability|p1a: Hehehaha|Intimidate|boost\n|-unboost|p2a: Mimikyu|atk|1\n|\n|upkeep\n|turn|27\n|\n|t:|1700619201\n|move|p1a: Hehehaha|Taunt|p2a: Mimikyu\n|-start|p2a: Mimikyu|move: Taunt\n|cant|p2a: Mimikyu|move: Taunt|Swords Dance\n|\n|upkeep\n|turn|28\n|\n|t:|1700619208\n|move|p2a: Mimikyu|Shadow Sneak|p1a: Hehehaha\n|-resisted|p1a: Hehehaha\n|-activate|p1a: Hehehaha|move: Substitute|[damage]\n|-damage|p2a: Mimikyu|66\/100|[from] item: Life Orb\n|move|p1a: Hehehaha|Power Trip|p2a: Mimikyu\n|-activate|p2a: Mimikyu|ability: Disguise\n|-damage|p2a: Mimikyu|66\/100\n|detailschange|p2a: Mimikyu|Mimikyu-Busted, M\n|-damage|p2a: Mimikyu|53\/100|[from] pokemon: Mimikyu-Busted\n|\n|upkeep\n|turn|29\n|\n|t:|1700619221\n|move|p1a: Hehehaha|Power Trip|p2a: Mimikyu\n|-damage|p2a: Mimikyu|0 fnt\n|faint|p2a: Mimikyu\n|\n|upkeep\n|\n|t:|1700619228\n|switch|p2a: Iron Moth|Iron Moth|63\/100\n|-damage|p2a: Iron Moth|38\/100|[from] Stealth Rock\n|-damage|p2a: Iron Moth|26\/100|[from] Spikes\n|turn|30\n|\n|t:|1700619235\n|move|p1a: Hehehaha|Power Trip|p2a: Iron Moth\n|-damage|p2a: Iron Moth|0 fnt\n|faint|p2a: Iron Moth\n|-end|p2a: Iron Moth|Quark Drive|[silent]\n|\n|upkeep\n|\n|t:|1700619244\n|switch|p2a: Zapdos|Zapdos|100\/100\n|turn|31\n|\n|t:|1700619252\n|move|p1a: Hehehaha|Power Trip|p2a: Zapdos\n|-damage|p2a: Zapdos|0 fnt\n|faint|p2a: Zapdos\n|\n|upkeep\n|\n|t:|1700619263\n|switch|p2a: Baxcalibur|Baxcalibur, F|76\/100\n|-damage|p2a: Baxcalibur|51\/100|[from] Stealth Rock\n|-damage|p2a: Baxcalibur|39\/100|[from] Spikes\n|turn|32\n|\n|t:|1700619270\n|move|p2a: Baxcalibur|Icicle Spear|p1a: Hehehaha\n|-supereffective|p1a: Hehehaha\n|-activate|p1a: Hehehaha|move: Substitute|[damage]\n|-supereffective|p1a: Hehehaha\n|-activate|p1a: Hehehaha|move: Substitute|[damage]\n|-supereffective|p1a: Hehehaha\n|-end|p1a: Hehehaha|Substitute\n|-supereffective|p1a: Hehehaha\n|-damage|p1a: Hehehaha|91\/100\n|-supereffective|p1a: Hehehaha\n|-damage|p1a: Hehehaha|80\/100\n|-hitcount|p1a: Hehehaha|5\n|move|p1a: Hehehaha|Dragon Tail|p2a: Baxcalibur\n|-supereffective|p2a: Baxcalibur\n|-damage|p2a: Baxcalibur|0 fnt\n|faint|p2a: Baxcalibur\n|\n|upkeep\n|\n|t:|1700619284\n|switch|p2a: Great Tusk|Great Tusk|100\/100\n|-damage|p2a: Great Tusk|98\/100|[from] Stealth Rock\n|-damage|p2a: Great Tusk|85\/100|[from] Spikes\n|-enditem|p2a: Great Tusk|Booster Energy\n|-activate|p2a: Great Tusk|ability: Protosynthesis|[fromitem]\n|-start|p2a: Great Tusk|protosynthesisatk\n|turn|33\n|\n|t:|1700619303\n|move|p1a: Hehehaha|Power Trip|p2a: Great Tusk\n|-resisted|p2a: Great Tusk\n|-damage|p2a: Great Tusk|0 fnt\n|faint|p2a: Great Tusk\n|-end|p2a: Great Tusk|Protosynthesis|[silent]\n|\n|upkeep\n|\n|t:|1700619341\n|switch|p2a: Greninja|Greninja, M, tera:Water|66\/100\n|-damage|p2a: Greninja|54\/100|[from] Stealth Rock\n|-damage|p2a: Greninja|42\/100|[from] Spikes\n|turn|34\n|\n|t:|1700619348\n|move|p2a: Greninja|Ice Beam|p1a: Hehehaha|[miss]\n|-miss|p2a: Greninja|p1a: Hehehaha\n|move|p1a: Hehehaha|Dragon Tail|p2a: Greninja\n|-damage|p2a: Greninja|0 fnt\n|faint|p2a: Greninja\n|\n|win|Midutz\n|l|\u2606ImNewOAAAAAA\n","uploadtime":1700619370,"views":0,"p1id":"midutz","p2id":"imnewoaaaaaa","formatid":"gen9anythinggoes","rating":0,"private":0,"password":""}