{"id":"gen9anythinggoes-1996578813","p1":"Ripjaw_3158","p2":"LJDARKTHUNDER","format":"[Gen 9] Anything Goes","log":"|j|\u2606Ripjaw_3158\n|j|\u2606LJDARKTHUNDER\n|t:|1700696496\n|gametype|singles\n|player|p1|Ripjaw_3158|red|1210\n|player|p2|LJDARKTHUNDER|psychicf-gen4|1280\n|teamsize|p1|6\n|teamsize|p2|6\n|gen|9\n|tier|[Gen 9] Anything Goes\n|rated|\n|rule|HP Percentage Mod: HP is shown in percentages\n|rule|Endless Battle Clause: Forcing endless battles is banned\n|clearpoke\n|poke|p1|Qwilfish, M|\n|poke|p1|Calyrex-Shadow|\n|poke|p1|Rayquaza|\n|poke|p1|Ursaluna-Bloodmoon, M|\n|poke|p1|Espathra, M|\n|poke|p1|Chi-Yu|\n|poke|p2|Skeledirge, F|\n|poke|p2|Grafaiai, M|\n|poke|p2|Houndstone, M|\n|poke|p2|Tauros-Paldea-Blaze, M|\n|poke|p2|Ogerpon, F|\n|poke|p2|Frosmoth, F|\n|teampreview\n|\n|t:|1700696500\n|start\n|switch|p1a: Balloon|Qwilfish, M, shiny|100\/100\n|switch|p2a: King|Grafaiai, M|100\/100\n|turn|1\n|inactive|Battle timer is ON: inactive players will automatically lose when time's up. (requested by Ripjaw_3158)\n|\n|t:|1700696522\n|move|p2a: King|Substitute|p2a: King\n|-start|p2a: King|Substitute\n|-damage|p2a: King|76\/100\n|move|p1a: Balloon|Spikes|p2a: King\n|-sidestart|p2: LJDARKTHUNDER|Spikes\n|\n|-heal|p2a: King|82\/100|[from] item: Leftovers\n|upkeep\n|turn|2\n|\n|t:|1700696530\n|move|p2a: King|U-turn|p1a: Balloon\n|-resisted|p1a: Balloon\n|-crit|p1a: Balloon\n|-damage|p1a: Balloon|81\/100\n|\n|t:|1700696538\n|switch|p2a: El Class\u00edco|Tauros-Paldea-Blaze, M|100\/100|[from] U-turn\n|-damage|p2a: El Class\u00edco|88\/100|[from] Spikes\n|-ability|p2a: El Class\u00edco|Intimidate|boost\n|-unboost|p1a: Balloon|atk|1\n|move|p1a: Balloon|Spikes|p2a: El Class\u00edco\n|-sidestart|p2: LJDARKTHUNDER|Spikes\n|\n|-heal|p2a: El Class\u00edco|94\/100|[from] item: Leftovers\n|upkeep\n|turn|3\n|\n|t:|1700696545\n|move|p2a: El Class\u00edco|Bulk Up|p2a: El Class\u00edco\n|-boost|p2a: El Class\u00edco|atk|1\n|-boost|p2a: El Class\u00edco|def|1\n|move|p1a: Balloon|Spikes|p2a: El Class\u00edco\n|-sidestart|p2: LJDARKTHUNDER|Spikes\n|\n|-heal|p2a: El Class\u00edco|100\/100|[from] item: Leftovers\n|upkeep\n|turn|4\n|\n|t:|1700696554\n|move|p2a: El Class\u00edco|Bulk Up|p2a: El Class\u00edco\n|-boost|p2a: El Class\u00edco|atk|1\n|-boost|p2a: El Class\u00edco|def|1\n|move|p1a: Balloon|Flip Turn|p2a: El Class\u00edco\n|-supereffective|p2a: El Class\u00edco\n|-damage|p2a: El Class\u00edco|87\/100\n|\n|t:|1700696561\n|switch|p1a: Nuh-Uh|Ursaluna-Bloodmoon, M|100\/100|[from] Flip Turn\n|\n|-heal|p2a: El Class\u00edco|93\/100|[from] item: Leftovers\n|upkeep\n|turn|5\n|\n|t:|1700696576\n|-terastallize|p1a: Nuh-Uh|Flying\n|move|p2a: El Class\u00edco|Close Combat|p1a: Nuh-Uh\n|-resisted|p1a: Nuh-Uh\n|-damage|p1a: Nuh-Uh|70\/100\n|-unboost|p2a: El Class\u00edco|def|1\n|-unboost|p2a: El Class\u00edco|spd|1\n|move|p1a: Nuh-Uh|Blood Moon|p2a: El Class\u00edco\n|-damage|p2a: El Class\u00edco|0 fnt\n|faint|p2a: El Class\u00edco\n|\n|upkeep\n|\n|t:|1700696588\n|switch|p2a: Snowsalot|Frosmoth, F|100\/100\n|-damage|p2a: Snowsalot|76\/100|[from] Spikes\n|turn|6\n|\n|t:|1700696594\n|move|p2a: Snowsalot|Ice Beam|p1a: Nuh-Uh\n|-supereffective|p1a: Nuh-Uh\n|-damage|p1a: Nuh-Uh|0 fnt\n|faint|p1a: Nuh-Uh\n|\n|-heal|p2a: Snowsalot|82\/100|[from] item: Leftovers\n|upkeep\n|\n|t:|1700696601\n|switch|p1a: Guppy|Chi-Yu|100\/100\n|-ability|p1a: Guppy|Beads of Ruin\n|turn|7\n|\n|t:|1700696606\n|-terastallize|p2a: Snowsalot|Water\n|move|p1a: Guppy|Flare Blitz|p2a: Snowsalot\n|-resisted|p2a: Snowsalot\n|-damage|p2a: Snowsalot|36\/100\n|-damage|p1a: Guppy|87\/100|[from] Recoil\n|move|p2a: Snowsalot|Quiver Dance|p2a: Snowsalot\n|-boost|p2a: Snowsalot|spa|1\n|-boost|p2a: Snowsalot|spd|1\n|-boost|p2a: Snowsalot|spe|1\n|\n|-heal|p2a: Snowsalot|42\/100|[from] item: Leftovers\n|upkeep\n|turn|8\n|\n|t:|1700696630\n|move|p2a: Snowsalot|Tera Blast|p1a: Guppy|[anim] Tera Blast Water\n|-supereffective|p1a: Guppy\n|-damage|p1a: Guppy|0 fnt\n|faint|p1a: Guppy\n|\n|-heal|p2a: Snowsalot|49\/100|[from] item: Leftovers\n|upkeep\n|l|\u2606Ripjaw_3158\n|inactive|Ripjaw_3158 disconnected and has a minute to reconnect!\n|player|p1|\n|j|\u2606Ripjaw_3158\n|inactive|Ripjaw_3158 reconnected and has 115 seconds left.\n|player|p1|Ripjaw_3158|red\n|\n|t:|1700696660\n|switch|p1a: Lightning McKing|Espathra, M, shiny|100\/100\n|turn|9\n|l|\u2606Ripjaw_3158\n|inactive|Ripjaw_3158 disconnected and has a minute to reconnect!\n|player|p1|\n|\n|t:|1700696687\n|move|p1a: Lightning McKing|Lumina Crash|p2a: Snowsalot\n|-damage|p2a: Snowsalot|40\/100\n|-unboost|p2a: Snowsalot|spd|2\n|move|p2a: Snowsalot|Bug Buzz|p1a: Lightning McKing\n|-supereffective|p1a: Lightning McKing\n|-damage|p1a: Lightning McKing|0 fnt\n|faint|p1a: Lightning McKing\n|\n|-heal|p2a: Snowsalot|46\/100|[from] item: Leftovers\n|upkeep\n|j|\u2606Ripjaw_3158\n|inactive|Ripjaw_3158 reconnected and has 120 seconds left.\n|player|p1|Ripjaw_3158|red\n|\n|t:|1700696705\n|switch|p1a: Ghost Rider|Calyrex-Shadow|100\/100\n|-ability|p1a: Ghost Rider|As One\n|-ability|p1a: Ghost Rider|Unnerve\n|turn|10\n|\n|t:|1700696711\n|move|p1a: Ghost Rider|Giga Drain|p2a: Snowsalot\n|-supereffective|p2a: Snowsalot\n|-damage|p2a: Snowsalot|0 fnt\n|faint|p2a: Snowsalot\n|-ability|p1a: Ghost Rider|Grim Neigh|boost\n|-boost|p1a: Ghost Rider|spa|1\n|\n|upkeep\n|inactive|LJDARKTHUNDER has 120 seconds left.\n|\n|t:|1700696740\n|switch|p2a: King|Grafaiai, M|82\/100\n|-damage|p2a: King|57\/100|[from] Spikes\n|turn|11\n|\n|t:|1700696745\n|move|p2a: King|Protect|p2a: King\n|-singleturn|p2a: King|Protect\n|move|p1a: Ghost Rider|Dark Pulse|p2a: King\n|-activate|p2a: King|move: Protect\n|\n|-heal|p2a: King|63\/100|[from] item: Leftovers\n|upkeep\n|turn|12\n|inactive|LJDARKTHUNDER has 120 seconds left.\n|inactive|LJDARKTHUNDER has 90 seconds left.\n|\n|t:|1700696805\n|move|p2a: King|Substitute|p2a: King\n|-start|p2a: King|Substitute\n|-damage|p2a: King|38\/100\n|move|p1a: Ghost Rider|Dark Pulse|p2a: King\n|-end|p2a: King|Substitute\n|\n|-heal|p2a: King|44\/100|[from] item: Leftovers\n|upkeep\n|turn|13\n|\n|t:|1700696815\n|move|p2a: King|Protect|p2a: King\n|-singleturn|p2a: King|Protect\n|move|p1a: Ghost Rider|Calm Mind|p1a: Ghost Rider\n|-boost|p1a: Ghost Rider|spa|1\n|-boost|p1a: Ghost Rider|spd|1\n|\n|-heal|p2a: King|50\/100|[from] item: Leftovers\n|upkeep\n|turn|14\n|inactive|LJDARKTHUNDER has 60 seconds left.\n|\n|t:|1700696849\n|move|p2a: King|Substitute|p2a: King\n|-start|p2a: King|Substitute\n|-damage|p2a: King|26\/100\n|move|p1a: Ghost Rider|Dark Pulse|p2a: King\n|-end|p2a: King|Substitute\n|\n|-heal|p2a: King|32\/100|[from] item: Leftovers\n|upkeep\n|turn|15\n|\n|t:|1700696858\n|move|p1a: Ghost Rider|Calm Mind|p1a: Ghost Rider\n|-boost|p1a: Ghost Rider|spa|1\n|-boost|p1a: Ghost Rider|spd|1\n|move|p2a: King|Gunk Shot|p1a: Ghost Rider\n|-resisted|p1a: Ghost Rider\n|-damage|p1a: Ghost Rider|69\/100\n|-status|p1a: Ghost Rider|psn\n|\n|-heal|p2a: King|38\/100|[from] item: Leftovers\n|-damage|p1a: Ghost Rider|57\/100 psn|[from] psn\n|upkeep\n|turn|16\n|\n|t:|1700696869\n|move|p2a: King|Protect|p2a: King\n|-singleturn|p2a: King|Protect\n|move|p1a: Ghost Rider|Dark Pulse|p2a: King\n|-activate|p2a: King|move: Protect\n|\n|-heal|p2a: King|44\/100|[from] item: Leftovers\n|-damage|p1a: Ghost Rider|44\/100 psn|[from] psn\n|upkeep\n|turn|17\n|inactive|LJDARKTHUNDER has 60 seconds left.\n|\n|t:|1700696906\n|move|p2a: King|Substitute|p2a: King\n|-start|p2a: King|Substitute\n|-damage|p2a: King|19\/100\n|move|p1a: Ghost Rider|Dark Pulse|p2a: King\n|-end|p2a: King|Substitute\n|\n|-heal|p2a: King|25\/100|[from] item: Leftovers\n|-damage|p1a: Ghost Rider|32\/100 psn|[from] psn\n|upkeep\n|turn|18\n|\n|t:|1700696916\n|move|p2a: King|Protect|p2a: King\n|-singleturn|p2a: King|Protect\n|move|p1a: Ghost Rider|Dark Pulse|p2a: King\n|-activate|p2a: King|move: Protect\n|\n|-heal|p2a: King|31\/100|[from] item: Leftovers\n|-damage|p1a: Ghost Rider|20\/100 psn|[from] psn\n|upkeep\n|turn|19\n|\n|t:|1700696927\n|move|p2a: King|Substitute|p2a: King\n|-start|p2a: King|Substitute\n|-damage|p2a: King|6\/100\n|move|p1a: Ghost Rider|Dark Pulse|p2a: King\n|-end|p2a: King|Substitute\n|\n|-heal|p2a: King|12\/100|[from] item: Leftovers\n|-damage|p1a: Ghost Rider|8\/100 psn|[from] psn\n|upkeep\n|turn|20\n|\n|t:|1700696938\n|move|p2a: King|Protect|p2a: King\n|-singleturn|p2a: King|Protect\n|move|p1a: Ghost Rider|Giga Drain|p2a: King\n|-activate|p2a: King|move: Protect\n|\n|-heal|p2a: King|18\/100|[from] item: Leftovers\n|-damage|p1a: Ghost Rider|0 fnt|[from] psn\n|faint|p1a: Ghost Rider\n|upkeep\n|\n|t:|1700696949\n|switch|p1a: Snek|Rayquaza, shiny|100\/100\n|-ability|p1a: Snek|Air Lock\n|turn|21\n|\n|t:|1700696958\n|move|p2a: King|Protect||[still]\n|-fail|p2a: King\n|move|p1a: Snek|Ancient Power|p2a: King\n|-damage|p2a: King|0 fnt\n|faint|p2a: King\n|\n|upkeep\n|\n|t:|1700696971\n|switch|p2a: Phantasma.M|Skeledirge, F|100\/100\n|-damage|p2a: Phantasma.M|76\/100|[from] Spikes\n|turn|22\n|\n|t:|1700696977\n|move|p1a: Snek|Ancient Power|p2a: Phantasma.M\n|-supereffective|p2a: Phantasma.M\n|-damage|p2a: Phantasma.M|34\/100\n|move|p2a: Phantasma.M|Torch Song|p1a: Snek\n|-resisted|p1a: Snek\n|-crit|p1a: Snek\n|-damage|p1a: Snek|72\/100\n|-boost|p2a: Phantasma.M|spa|1\n|\n|-heal|p1a: Snek|79\/100|[from] item: Leftovers\n|-heal|p2a: Phantasma.M|40\/100|[from] item: Leftovers\n|upkeep\n|turn|23\n|\n|t:|1700696989\n|move|p1a: Snek|Ancient Power|p2a: Phantasma.M\n|-supereffective|p2a: Phantasma.M\n|-damage|p2a: Phantasma.M|0 fnt\n|faint|p2a: Phantasma.M\n|\n|-heal|p1a: Snek|85\/100|[from] item: Leftovers\n|upkeep\n|\n|t:|1700696991\n|switch|p2a: D\u00edablo|Houndstone, M|100\/100\n|-damage|p2a: D\u00edablo|76\/100|[from] Spikes\n|turn|24\n|\n|t:|1700697000\n|move|p1a: Snek|Ancient Power|p2a: D\u00edablo\n|-damage|p2a: D\u00edablo|54\/100\n|move|p2a: D\u00edablo|Last Respects|p1a: Snek\n|-damage|p1a: Snek|0 fnt\n|faint|p1a: Snek\n|\n|upkeep\n|\n|t:|1700697008\n|switch|p1a: Balloon|Qwilfish, M, shiny|81\/100\n|turn|25\n|\n|t:|1700697012\n|move|p1a: Balloon|Flip Turn|p2a: D\u00edablo\n|-damage|p2a: D\u00edablo|38\/100\n|move|p2a: D\u00edablo|Last Respects|p1a: Balloon\n|-damage|p1a: Balloon|0 fnt\n|faint|p1a: Balloon\n|\n|win|LJDARKTHUNDER\n|raw|Ripjaw_3158's rating: 1210 &rarr; <strong>1190<\/strong><br \/>(-20 for losing)\n|raw|LJDARKTHUNDER's rating: 1279 &rarr; <strong>1299<\/strong><br \/>(+20 for winning)\n|l|\u2606Ripjaw_3158\n|c|\u2606LJDARKTHUNDER|Gg.\n","uploadtime":1700697021,"views":1,"p1id":"ripjaw3158","p2id":"ljdarkthunder","formatid":"gen9anythinggoes","rating":1190,"private":0,"password":""}