{"id":"gen9anythinggoes-1985127856","p1":"Squirtle Soldier","p2":"idunnoagoodnam","format":"[Gen 9] Anything Goes","log":"|j|\u2606Squirtle Soldier\n|j|\u2606idunnoagoodnam\n|t:|1699334908\n|gametype|singles\n|player|p1|Squirtle Soldier|2|\n|player|p2|idunnoagoodnam|gambler|\n|teamsize|p1|6\n|teamsize|p2|6\n|gen|9\n|tier|[Gen 9] Anything Goes\n|rule|HP Percentage Mod: HP is shown in percentages\n|rule|Endless Battle Clause: Forcing endless battles is banned\n|clearpoke\n|poke|p1|Snorlax, M|\n|poke|p1|Grimmsnarl, M|\n|poke|p1|Slowbro-Galar, M|\n|poke|p1|Gengar, F|\n|poke|p1|Clefable, M|\n|poke|p1|Hatterene, F|\n|poke|p2|Grimmsnarl, M|\n|poke|p2|Snorlax, M|\n|poke|p2|Scream Tail|\n|poke|p2|Arboliva, F|\n|poke|p2|Munkidori, M|\n|poke|p2|Dusknoir, F|\n|teampreview\n|\n|t:|1699334946\n|start\n|switch|p1a: Slowbro|Slowbro-Galar, M|100\/100\n|switch|p2a: Scream Tail|Scream Tail|100\/100\n|-enditem|p2a: Scream Tail|Booster Energy\n|-activate|p2a: Scream Tail|ability: Protosynthesis|[fromitem]\n|-start|p2a: Scream Tail|protosynthesisspd\n|turn|1\n|inactive|Battle timer is ON: inactive players will automatically lose when time's up. (requested by Squirtle Soldier)\n|inactiveoff|Battle timer is now OFF.\n|\n|t:|1699334952\n|move|p2a: Scream Tail|Metronome|p2a: Scream Tail\n|move|p2a: Scream Tail|Horn Drill|p1a: Slowbro|[from]move: Metronome|[miss]\n|-miss|p2a: Scream Tail|p1a: Slowbro\n|move|p1a: Slowbro|Metronome|p1a: Slowbro\n|move|p1a: Slowbro|Aqua Step|p2a: Scream Tail|[from]move: Metronome\n|-damage|p2a: Scream Tail|85\/100\n|-boost|p1a: Slowbro|spe|1\n|\n|upkeep\n|turn|2\n|\n|t:|1699334960\n|move|p2a: Scream Tail|Metronome|p2a: Scream Tail\n|move|p2a: Scream Tail|Air Cutter|p1a: Slowbro|[from]move: Metronome\n|-damage|p1a: Slowbro|88\/100\n|move|p1a: Slowbro|Metronome|p1a: Slowbro\n|move|p1a: Slowbro|Sand Attack|p2a: Scream Tail|[from]move: Metronome\n|-unboost|p2a: Scream Tail|accuracy|1\n|\n|-heal|p1a: Slowbro|94\/100|[from] item: Black Sludge\n|upkeep\n|turn|3\n|\n|t:|1699334968\n|-end|p2a: Scream Tail|Protosynthesis|[silent]\n|switch|p2a: Dusknoir|Dusknoir, F|100\/100\n|-ability|p2a: Dusknoir|Pressure\n|move|p1a: Slowbro|Metronome|p1a: Slowbro\n|move|p1a: Slowbro|Charge Beam|p2a: Dusknoir|[from]move: Metronome\n|-damage|p2a: Dusknoir|87\/100\n|-boost|p1a: Slowbro|spa|1\n|\n|-heal|p1a: Slowbro|99\/100|[from] item: Black Sludge\n|upkeep\n|turn|4\n|\n|t:|1699334978\n|move|p1a: Slowbro|Metronome|p1a: Slowbro\n|move|p1a: Slowbro|Confuse Ray|p2a: Dusknoir|[from]move: Metronome\n|-start|p2a: Dusknoir|confusion\n|-activate|p2a: Dusknoir|confusion\n|move|p2a: Dusknoir|Metronome|p2a: Dusknoir\n|move|p2a: Dusknoir|Court Change||[from]move: Metronome|[still]\n|-swapsideconditions\n|-fail|p2a: Dusknoir\n|\n|-heal|p1a: Slowbro|100\/100|[from] item: Black Sludge\n|upkeep\n|turn|5\n|\n|t:|1699334986\n|move|p1a: Slowbro|Metronome|p1a: Slowbro\n|move|p1a: Slowbro|Psychic Fangs|p2a: Dusknoir|[from]move: Metronome\n|-damage|p2a: Dusknoir|52\/100\n|-activate|p2a: Dusknoir|confusion\n|move|p2a: Dusknoir|Metronome|p2a: Dusknoir\n|move|p2a: Dusknoir|Dark Pulse|p1a: Slowbro|[from]move: Metronome\n|-supereffective|p1a: Slowbro\n|-damage|p1a: Slowbro|63\/100\n|\n|-heal|p1a: Slowbro|69\/100|[from] item: Black Sludge\n|upkeep\n|turn|6\n|\n|t:|1699334996\n|move|p1a: Slowbro|Metronome|p1a: Slowbro\n|move|p1a: Slowbro|Water Spout|p2a: Dusknoir|[from]move: Metronome\n|-damage|p2a: Dusknoir|15\/100\n|-activate|p2a: Dusknoir|confusion\n|-damage|p2a: Dusknoir|6\/100|[from] confusion\n|\n|-heal|p1a: Slowbro|75\/100|[from] item: Black Sludge\n|upkeep\n|turn|7\n|\n|t:|1699335005\n|move|p1a: Slowbro|Metronome|p1a: Slowbro\n|move|p1a: Slowbro|Mortal Spin|p2a: Dusknoir|[from]move: Metronome\n|-resisted|p2a: Dusknoir\n|-damage|p2a: Dusknoir|0 fnt\n|faint|p2a: Dusknoir\n|\n|-heal|p1a: Slowbro|81\/100|[from] item: Black Sludge\n|upkeep\n|\n|t:|1699335014\n|switch|p2a: Scream Tail|Scream Tail|85\/100\n|turn|8\n|\n|t:|1699335015\n|move|p2a: Scream Tail|Metronome|p2a: Scream Tail\n|move|p2a: Scream Tail|Headbutt|p1a: Slowbro|[from]move: Metronome\n|-damage|p1a: Slowbro|69\/100\n|move|p1a: Slowbro|Metronome|p1a: Slowbro\n|move|p1a: Slowbro|Lava Plume|p2a: Scream Tail|[from]move: Metronome\n|-damage|p2a: Scream Tail|64\/100\n|\n|-heal|p1a: Slowbro|75\/100|[from] item: Black Sludge\n|upkeep\n|turn|9\n|\n|t:|1699335024\n|move|p2a: Scream Tail|Metronome|p2a: Scream Tail\n|move|p2a: Scream Tail|Tera Blast|p1a: Slowbro|[from]move: Metronome\n|-damage|p1a: Slowbro|57\/100\n|move|p1a: Slowbro|Metronome|p1a: Slowbro\n|move|p1a: Slowbro|Magnetic Flux||[from]move: Metronome|[still]\n|-fail|p1a: Slowbro\n|\n|-heal|p1a: Slowbro|64\/100|[from] item: Black Sludge\n|upkeep\n|turn|10\n|\n|t:|1699335031\n|move|p2a: Scream Tail|Metronome|p2a: Scream Tail\n|move|p2a: Scream Tail|Dazzling Gleam|p1a: Slowbro|[from]move: Metronome\n|-resisted|p1a: Slowbro\n|-damage|p1a: Slowbro|51\/100\n|move|p1a: Slowbro|Metronome|p1a: Slowbro\n|move|p1a: Slowbro|Wood Hammer|p2a: Scream Tail|[from]move: Metronome\n|-damage|p2a: Scream Tail|41\/100\n|-damage|p1a: Slowbro|43\/100|[from] Recoil\n|\n|-heal|p1a: Slowbro|49\/100|[from] item: Black Sludge\n|upkeep\n|turn|11\n|\n|t:|1699335041\n|move|p2a: Scream Tail|Metronome|p2a: Scream Tail\n|move|p2a: Scream Tail|Role Play||[from]move: Metronome|[still]\n|-fail|p2a: Scream Tail\n|move|p1a: Slowbro|Metronome|p1a: Slowbro\n|move|p1a: Slowbro|Acid Armor|p1a: Slowbro|[from]move: Metronome\n|-boost|p1a: Slowbro|def|2\n|\n|-heal|p1a: Slowbro|55\/100|[from] item: Black Sludge\n|upkeep\n|turn|12\n|\n|t:|1699335050\n|move|p2a: Scream Tail|Metronome|p2a: Scream Tail\n|move|p2a: Scream Tail|Vine Whip|p1a: Slowbro|[from]move: Metronome\n|-resisted|p1a: Slowbro\n|-crit|p1a: Slowbro\n|-damage|p1a: Slowbro|49\/100\n|-activate|p1a: Slowbro|move: Struggle\n|move|p1a: Slowbro|Struggle|p2a: Scream Tail\n|-damage|p2a: Scream Tail|31\/100\n|-damage|p1a: Slowbro|24\/100|[from] recoil\n|\n|-heal|p1a: Slowbro|30\/100|[from] item: Black Sludge\n|upkeep\n|turn|13\n|\n|t:|1699335067\n|switch|p1a: Grimmsnarl|Grimmsnarl, M|100\/100\n|move|p2a: Scream Tail|Metronome|p2a: Scream Tail\n|move|p2a: Scream Tail|Endeavor|p1a: Grimmsnarl|[from]move: Metronome\n|-damage|p1a: Grimmsnarl|30\/100\n|\n|-damage|p2a: Scream Tail|19\/100|[from] item: Sticky Barb\n|upkeep\n|turn|14\n|\n|t:|1699335076\n|move|p1a: Grimmsnarl|Metronome|p1a: Grimmsnarl\n|move|p1a: Grimmsnarl|Iron Tail|p2a: Scream Tail|[from]move: Metronome\n|-supereffective|p2a: Scream Tail\n|-damage|p2a: Scream Tail|0 fnt\n|faint|p2a: Scream Tail\n|-end|p2a: Scream Tail|Protosynthesis|[silent]\n|\n|-damage|p1a: Grimmsnarl|18\/100|[from] item: Sticky Barb\n|upkeep\n|\n|t:|1699335084\n|switch|p2a: Munkidori|Munkidori, M|100\/100\n|turn|15\n|\n|t:|1699335087\n|move|p1a: Grimmsnarl|Metronome|p1a: Grimmsnarl\n|move|p1a: Grimmsnarl|Iron Defense|p1a: Grimmsnarl|[from]move: Metronome\n|-boost|p1a: Grimmsnarl|def|2\n|move|p2a: Munkidori|Metronome|p2a: Munkidori\n|move|p2a: Munkidori|Absorb|p1a: Grimmsnarl|[from]move: Metronome\n|-damage|p1a: Grimmsnarl|11\/100\n|-status|p1a: Grimmsnarl|tox|[from] ability: Toxic Chain|[of] p2a: Munkidori\n|\n|-damage|p1a: Grimmsnarl|5\/100 tox|[from] psn\n|-damage|p1a: Grimmsnarl|0 fnt|[from] item: Sticky Barb\n|faint|p1a: Grimmsnarl\n|upkeep\n|\n|t:|1699335096\n|switch|p1a: Slowbro|Slowbro-Galar, M|63\/100\n|turn|16\n|\n|t:|1699335101\n|switch|p1a: Hatterene|Hatterene, F|100\/100\n|move|p2a: Munkidori|Metronome|p2a: Munkidori\n|move|p2a: Munkidori|Fly||[from]move: Metronome|[still]\n|-prepare|p2a: Munkidori|Fly\n|\n|upkeep\n|turn|17\n|\n|t:|1699335108\n|move|p2a: Munkidori|Fly|p1a: Hatterene|[from]lockedmove\n|-damage|p1a: Hatterene|82\/100\n|move|p1a: Hatterene|Metronome|p1a: Hatterene\n|move|p1a: Hatterene|Dual Wingbeat|p2a: Munkidori|[from]move: Metronome\n|-damage|p2a: Munkidori|89\/100\n|-damage|p2a: Munkidori|79\/100\n|-hitcount|p2a: Munkidori|2\n|\n|-heal|p2a: Munkidori|85\/100|[from] item: Black Sludge\n|upkeep\n|turn|18\n|\n|t:|1699335118\n|move|p2a: Munkidori|Metronome|p2a: Munkidori\n|move|p2a: Munkidori|Glare|p1a: Hatterene|[from]move: Metronome\n|move|p1a: Hatterene|Glare|p2a: Munkidori|[from]ability: Magic Bounce\n|-status|p2a: Munkidori|par\n|move|p1a: Hatterene|Metronome|p1a: Hatterene\n|move|p1a: Hatterene|Pay Day|p2a: Munkidori|[from]move: Metronome\n|-damage|p2a: Munkidori|74\/100 par\n|\n|-heal|p2a: Munkidori|80\/100 par|[from] item: Black Sludge\n|upkeep\n|turn|19\n|\n|t:|1699335129\n|move|p2a: Munkidori|Metronome|p2a: Munkidori\n|move|p2a: Munkidori|Shore Up|p2a: Munkidori|[from]move: Metronome\n|-heal|p2a: Munkidori|100\/100 par\n|move|p1a: Hatterene|Metronome|p1a: Hatterene\n|move|p1a: Hatterene|Play Nice|p2a: Munkidori|[from]move: Metronome\n|-unboost|p2a: Munkidori|atk|1\n|\n|upkeep\n|turn|20\n|\n|t:|1699335136\n|move|p2a: Munkidori|Metronome|p2a: Munkidori\n|move|p2a: Munkidori|Ice Hammer|p1a: Hatterene|[from]move: Metronome|[miss]\n|-miss|p2a: Munkidori|p1a: Hatterene\n|move|p1a: Hatterene|Metronome|p1a: Hatterene\n|move|p1a: Hatterene|Roar of Time|p2a: Munkidori|[from]move: Metronome\n|-damage|p2a: Munkidori|56\/100 par\n|-mustrecharge|p1a: Hatterene\n|\n|-heal|p2a: Munkidori|62\/100 par|[from] item: Black Sludge\n|upkeep\n|turn|21\n|\n|t:|1699335148\n|move|p2a: Munkidori|Metronome|p2a: Munkidori\n|move|p2a: Munkidori|Electro Ball|p1a: Hatterene|[from]move: Metronome\n|-damage|p1a: Hatterene|66\/100\n|cant|p1a: Hatterene|recharge\n|\n|-heal|p2a: Munkidori|68\/100 par|[from] item: Black Sludge\n|upkeep\n|turn|22\n|\n|t:|1699335155\n|move|p2a: Munkidori|Metronome|p2a: Munkidori\n|move|p2a: Munkidori|Wonder Room|p2a: Munkidori|[from]move: Metronome\n|-fieldstart|move: Wonder Room|[of] p2a: Munkidori\n|move|p1a: Hatterene|Metronome|p1a: Hatterene\n|move|p1a: Hatterene|Mystical Fire|p2a: Munkidori|[from]move: Metronome\n|-damage|p2a: Munkidori|50\/100 par\n|-unboost|p2a: Munkidori|spa|1\n|\n|-heal|p2a: Munkidori|56\/100 par|[from] item: Black Sludge\n|upkeep\n|turn|23\n|\n|t:|1699335164\n|move|p2a: Munkidori|Metronome|p2a: Munkidori\n|move|p2a: Munkidori|Spite|p1a: Hatterene|[from]move: Metronome\n|move|p1a: Hatterene|Spite|p2a: Munkidori|[from]ability: Magic Bounce\n|-activate|p2a: Munkidori|move: Spite|Metronome|4\n|move|p1a: Hatterene|Metronome|p1a: Hatterene\n|move|p1a: Hatterene|Accelerock|p2a: Munkidori|[from]move: Metronome\n|-damage|p2a: Munkidori|45\/100 par\n|\n|-heal|p2a: Munkidori|51\/100 par|[from] item: Black Sludge\n|upkeep\n|turn|24\n|\n|t:|1699335177\n|cant|p2a: Munkidori|par\n|move|p1a: Hatterene|Metronome|p1a: Hatterene\n|move|p1a: Hatterene|Court Change||[from]move: Metronome|[still]\n|-swapsideconditions\n|-fail|p1a: Hatterene\n|\n|-heal|p2a: Munkidori|57\/100 par|[from] item: Black Sludge\n|upkeep\n|turn|25\n|\n|t:|1699335183\n|move|p2a: Munkidori|Metronome|p2a: Munkidori\n|move|p2a: Munkidori|Light Screen|p2a: Munkidori|[from]move: Metronome\n|-sidestart|p2: idunnoagoodnam|move: Light Screen\n|move|p1a: Hatterene|Metronome|p1a: Hatterene\n|move|p1a: Hatterene|Blaze Kick|p2a: Munkidori|[from]move: Metronome\n|-damage|p2a: Munkidori|32\/100 par\n|\n|-heal|p2a: Munkidori|38\/100 par|[from] item: Black Sludge\n|upkeep\n|turn|26\n|\n|t:|1699335189\n|move|p2a: Munkidori|Metronome|p2a: Munkidori\n|move|p2a: Munkidori|Assurance|p1a: Hatterene|[from]move: Metronome\n|-damage|p1a: Hatterene|58\/100\n|move|p1a: Hatterene|Metronome|p1a: Hatterene\n|move|p1a: Hatterene|Flip Turn|p2a: Munkidori|[from]move: Metronome\n|-damage|p2a: Munkidori|19\/100 par\n|\n|t:|1699335235\n|switch|p1a: Slowbro|Slowbro-Galar, M|97\/100|[from] Flip Turn\n|\n|-heal|p2a: Munkidori|25\/100 par|[from] item: Black Sludge\n|-heal|p1a: Slowbro|100\/100|[from] item: Black Sludge\n|-fieldend|move: Wonder Room\n|upkeep\n|turn|27\n|\n|t:|1699335241\n|switch|p2a: Grimmsnarl|Grimmsnarl, M|100\/100\n|-activate|p1a: Slowbro|move: Struggle\n|move|p1a: Slowbro|Struggle|p2a: Grimmsnarl\n|-damage|p2a: Grimmsnarl|87\/100\n|-damage|p1a: Slowbro|75\/100|[from] recoil\n|\n|-heal|p2a: Grimmsnarl|93\/100|[from] item: Leftovers\n|-heal|p1a: Slowbro|82\/100|[from] item: Black Sludge\n|upkeep\n|turn|28\n|\n|t:|1699335252\n|switch|p2a: Munkidori|Munkidori, M|25\/100 par\n|-activate|p1a: Slowbro|move: Struggle\n|move|p1a: Slowbro|Struggle|p2a: Munkidori\n|-damage|p2a: Munkidori|13\/100 par\n|-damage|p1a: Slowbro|56\/100|[from] recoil\n|\n|-heal|p2a: Munkidori|19\/100 par|[from] item: Black Sludge\n|-heal|p1a: Slowbro|63\/100|[from] item: Black Sludge\n|upkeep\n|turn|29\n|\n|t:|1699335260\n|switch|p2a: Grimmsnarl|Grimmsnarl, M|93\/100\n|-activate|p1a: Slowbro|move: Struggle\n|move|p1a: Slowbro|Struggle|p2a: Grimmsnarl\n|-damage|p2a: Grimmsnarl|77\/100\n|-damage|p1a: Slowbro|37\/100|[from] recoil\n|\n|-heal|p2a: Grimmsnarl|83\/100|[from] item: Leftovers\n|-heal|p1a: Slowbro|44\/100|[from] item: Black Sludge\n|-sideend|p2: idunnoagoodnam|move: Light Screen\n|upkeep\n|turn|30\n|\n|t:|1699335270\n|switch|p2a: Munkidori|Munkidori, M|19\/100 par\n|switch|p1a: Clefable|Clefable, M|100\/100\n|\n|-heal|p2a: Munkidori|25\/100 par|[from] item: Black Sludge\n|upkeep\n|turn|31\n|\n|t:|1699335275\n|move|p1a: Clefable|Metronome|p1a: Clefable\n|move|p1a: Clefable|Happy Hour|p1a: Clefable|[from]move: Metronome\n|move|p2a: Munkidori|Metronome|p2a: Munkidori\n|move|p2a: Munkidori|Terrain Pulse|p1a: Clefable|[from]move: Metronome\n|-damage|p1a: Clefable|86\/100\n|\n|-heal|p2a: Munkidori|31\/100 par|[from] item: Black Sludge\n|upkeep\n|turn|32\n|\n|t:|1699335282\n|move|p1a: Clefable|Metronome|p1a: Clefable\n|move|p1a: Clefable|Seed Bomb|p2a: Munkidori|[from]move: Metronome\n|-resisted|p2a: Munkidori\n|-damage|p2a: Munkidori|25\/100 par\n|move|p2a: Munkidori|Metronome|p2a: Munkidori\n|move|p2a: Munkidori|Grass Pledge|p1a: Clefable|[from]move: Metronome\n|-damage|p1a: Clefable|66\/100\n|-status|p1a: Clefable|tox|[from] ability: Toxic Chain|[of] p2a: Munkidori\n|\n|-heal|p2a: Munkidori|31\/100 par|[from] item: Black Sludge\n|upkeep\n|turn|33\n|\n|t:|1699335295\n|move|p1a: Clefable|Metronome|p1a: Clefable\n|move|p1a: Clefable|Psychic Terrain|p1a: Clefable|[from]move: Metronome\n|-fieldstart|move: Psychic Terrain\n|cant|p2a: Munkidori|par\n|\n|-heal|p2a: Munkidori|37\/100 par|[from] item: Black Sludge\n|upkeep\n|turn|34\n|\n|t:|1699335302\n|move|p1a: Clefable|Metronome|p1a: Clefable\n|move|p1a: Clefable|Metal Burst||[from]move: Metronome|[still]\n|-fail|p1a: Clefable\n|-activate|p2a: Munkidori|move: Struggle\n|move|p2a: Munkidori|Struggle|p1a: Clefable\n|-damage|p1a: Clefable|59\/100 tox\n|-damage|p2a: Munkidori|12\/100 par|[from] recoil\n|\n|-heal|p2a: Munkidori|18\/100 par|[from] item: Black Sludge\n|upkeep\n|turn|35\n|\n|t:|1699335308\n|move|p1a: Clefable|Metronome|p1a: Clefable\n|move|p1a: Clefable|Body Slam|p2a: Munkidori|[from]move: Metronome\n|-damage|p2a: Munkidori|4\/100 par\n|-activate|p2a: Munkidori|move: Struggle\n|move|p2a: Munkidori|Struggle|p1a: Clefable\n|-damage|p1a: Clefable|51\/100 tox\n|-damage|p2a: Munkidori|0 fnt|[from] recoil\n|faint|p2a: Munkidori\n|\n|upkeep\n|\n|t:|1699335315\n|switch|p2a: Snorlax|Snorlax, M|100\/100\n|turn|36\n|\n|t:|1699335318\n|move|p1a: Clefable|Metronome|p1a: Clefable\n|move|p1a: Clefable|Shore Up|p1a: Clefable|[from]move: Metronome\n|-heal|p1a: Clefable|100\/100 tox\n|move|p2a: Snorlax|Metronome|p2a: Snorlax\n|move|p2a: Snorlax|Volt Tackle|p1a: Clefable|[from]move: Metronome\n|-damage|p1a: Clefable|79\/100 tox\n|-damage|p2a: Snorlax|94\/100|[from] Recoil\n|\n|upkeep\n|turn|37\n|\n|t:|1699335326\n|move|p1a: Clefable|Metronome|p1a: Clefable\n|move|p1a: Clefable|Aqua Ring|p1a: Clefable|[from]move: Metronome\n|-start|p1a: Clefable|Aqua Ring\n|move|p2a: Snorlax|Metronome|p2a: Snorlax\n|move|p2a: Snorlax|Curse|p2a: Snorlax|[from]move: Metronome\n|-unboost|p2a: Snorlax|spe|1\n|-boost|p2a: Snorlax|atk|1\n|-boost|p2a: Snorlax|def|1\n|\n|-heal|p1a: Clefable|85\/100 tox|[from] Aqua Ring\n|-fieldend|move: Psychic Terrain\n|upkeep\n|turn|38\n|\n|t:|1699335335\n|move|p1a: Clefable|Metronome|p1a: Clefable\n|move|p1a: Clefable|Happy Hour|p1a: Clefable|[from]move: Metronome\n|move|p2a: Snorlax|Metronome|p2a: Snorlax\n|move|p2a: Snorlax|Harden|p2a: Snorlax|[from]move: Metronome\n|-boost|p2a: Snorlax|def|1\n|\n|-heal|p1a: Clefable|91\/100 tox|[from] Aqua Ring\n|upkeep\n|turn|39\n|\n|t:|1699335342\n|move|p1a: Clefable|Metronome|p1a: Clefable\n|move|p1a: Clefable|Matcha Gotcha|p2a: Snorlax|[from]move: Metronome\n|-damage|p2a: Snorlax|81\/100\n|-heal|p1a: Clefable|99\/100 tox|[from] drain|[of] p2a: Snorlax\n|-status|p2a: Snorlax|brn\n|move|p2a: Snorlax|Metronome|p2a: Snorlax\n|move|p2a: Snorlax|Lumina Crash|p1a: Clefable|[from]move: Metronome\n|-damage|p1a: Clefable|88\/100 tox\n|-unboost|p1a: Clefable|spd|2\n|\n|-heal|p1a: Clefable|94\/100 tox|[from] Aqua Ring\n|-damage|p2a: Snorlax|75\/100 brn|[from] brn\n|upkeep\n|turn|40\n|\n|t:|1699335354\n|move|p1a: Clefable|Metronome|p1a: Clefable\n|move|p1a: Clefable|First Impression||[from]move: Metronome|[still]\n|-hint|First Impression only works on your first turn out.\n|-fail|p1a: Clefable\n|move|p2a: Snorlax|Metronome|p2a: Snorlax\n|move|p2a: Snorlax|Force Palm|p1a: Clefable|[from]move: Metronome\n|-resisted|p1a: Clefable\n|-damage|p1a: Clefable|90\/100 tox\n|\n|-heal|p1a: Clefable|96\/100 tox|[from] Aqua Ring\n|-damage|p2a: Snorlax|69\/100 brn|[from] brn\n|upkeep\n|turn|41\n|\n|t:|1699335363\n|move|p1a: Clefable|Metronome|p1a: Clefable\n|move|p1a: Clefable|Cosmic Power|p1a: Clefable|[from]move: Metronome\n|-boost|p1a: Clefable|def|1\n|-boost|p1a: Clefable|spd|1\n|move|p2a: Snorlax|Metronome|p2a: Snorlax\n|move|p2a: Snorlax|Torment|p1a: Clefable|[from]move: Metronome\n|-start|p1a: Clefable|Torment\n|\n|-heal|p1a: Clefable|100\/100 tox|[from] Aqua Ring\n|-damage|p2a: Snorlax|63\/100 brn|[from] brn\n|upkeep\n|turn|42\n|\n|t:|1699335381\n|-activate|p1a: Clefable|move: Struggle\n|move|p1a: Clefable|Struggle|p2a: Snorlax\n|-damage|p2a: Snorlax|59\/100 brn\n|-damage|p1a: Clefable|75\/100 tox|[from] recoil\n|move|p2a: Snorlax|Metronome|p2a: Snorlax\n|move|p2a: Snorlax|Sheer Cold|p1a: Clefable|[from]move: Metronome|[miss]\n|-miss|p2a: Snorlax|p1a: Clefable\n|\n|-heal|p1a: Clefable|81\/100 tox|[from] Aqua Ring\n|-damage|p2a: Snorlax|53\/100 brn|[from] brn\n|upkeep\n|turn|43\n|\n|t:|1699335394\n|move|p1a: Clefable|Metronome|p1a: Clefable\n|move|p1a: Clefable|Double Kick|p2a: Snorlax|[from]move: Metronome\n|-supereffective|p2a: Snorlax\n|-damage|p2a: Snorlax|49\/100 brn\n|-enditem|p2a: Snorlax|Iapapa Berry|[eat]\n|-heal|p2a: Snorlax|83\/100 brn|[from] item: Iapapa Berry\n|-supereffective|p2a: Snorlax\n|-damage|p2a: Snorlax|79\/100 brn\n|-hitcount|p2a: Snorlax|2\n|move|p2a: Snorlax|Metronome|p2a: Snorlax\n|move|p2a: Snorlax|Power Trick|p2a: Snorlax|[from]move: Metronome\n|-start|p2a: Snorlax|Power Trick\n|\n|-heal|p1a: Clefable|88\/100 tox|[from] Aqua Ring\n|-damage|p2a: Snorlax|73\/100 brn|[from] brn\n|upkeep\n|turn|44\n|\n|t:|1699335409\n|-activate|p1a: Clefable|move: Struggle\n|move|p1a: Clefable|Struggle|p2a: Snorlax\n|-damage|p2a: Snorlax|69\/100 brn\n|-damage|p1a: Clefable|62\/100 tox|[from] recoil\n|move|p2a: Snorlax|Metronome|p2a: Snorlax\n|move|p2a: Snorlax|Nasty Plot|p2a: Snorlax|[from]move: Metronome\n|-boost|p2a: Snorlax|spa|2\n|\n|-heal|p1a: Clefable|69\/100 tox|[from] Aqua Ring\n|-damage|p2a: Snorlax|63\/100 brn|[from] brn\n|upkeep\n|turn|45\n|\n|t:|1699335419\n|move|p1a: Clefable|Metronome|p1a: Clefable\n|move|p1a: Clefable|Rollout|p2a: Snorlax|[from]move: Metronome\n|-damage|p2a: Snorlax|61\/100 brn\n|move|p2a: Snorlax|Metronome|p2a: Snorlax\n|move|p2a: Snorlax|Brick Break|p1a: Clefable|[from]move: Metronome\n|-resisted|p1a: Clefable\n|-damage|p1a: Clefable|65\/100 tox\n|\n|-heal|p1a: Clefable|71\/100 tox|[from] Aqua Ring\n|-damage|p2a: Snorlax|55\/100 brn|[from] brn\n|upkeep\n|turn|46\n|\n|t:|1699335428\n|move|p1a: Clefable|Rollout|p2a: Snorlax|[from]lockedmove\n|-damage|p2a: Snorlax|50\/100 brn\n|move|p2a: Snorlax|Metronome|p2a: Snorlax\n|move|p2a: Snorlax|Leech Seed|p1a: Clefable|[from]move: Metronome\n|-start|p1a: Clefable|move: Leech Seed\n|\n|-heal|p1a: Clefable|77\/100 tox|[from] Aqua Ring\n|-damage|p2a: Snorlax|44\/100 brn|[from] brn\n|upkeep\n|turn|47\n|\n|t:|1699335437\n|move|p1a: Clefable|Rollout|p2a: Snorlax|[from]lockedmove|[miss]\n|-miss|p1a: Clefable|p2a: Snorlax\n|move|p2a: Snorlax|Metronome|p2a: Snorlax\n|move|p2a: Snorlax|Headlong Rush|p1a: Clefable|[from]move: Metronome\n|-damage|p1a: Clefable|65\/100 tox\n|-unboost|p2a: Snorlax|def|1\n|-unboost|p2a: Snorlax|spd|1\n|\n|-heal|p1a: Clefable|72\/100 tox|[from] Aqua Ring\n|-damage|p2a: Snorlax|38\/100 brn|[from] brn\n|upkeep\n|turn|48\n|\n|t:|1699335446\n|move|p1a: Clefable|Metronome|p1a: Clefable\n|move|p1a: Clefable|Take Heart|p1a: Clefable|[from]move: Metronome\n|-boost|p1a: Clefable|spa|1\n|-boost|p1a: Clefable|spd|1\n|-curestatus|p1a: Clefable|tox|[msg]\n|move|p2a: Snorlax|Metronome|p2a: Snorlax\n|move|p2a: Snorlax|Tail Glow|p2a: Snorlax|[from]move: Metronome\n|-boost|p2a: Snorlax|spa|3\n|\n|-heal|p1a: Clefable|78\/100|[from] Aqua Ring\n|-damage|p2a: Snorlax|32\/100 brn|[from] brn\n|upkeep\n|turn|49\n|\n|t:|1699335458\n|-activate|p1a: Clefable|move: Struggle\n|move|p1a: Clefable|Struggle|p2a: Snorlax\n|-damage|p2a: Snorlax|27\/100 brn\n|-damage|p1a: Clefable|53\/100|[from] recoil\n|move|p2a: Snorlax|Metronome|p2a: Snorlax\n|move|p2a: Snorlax|Mortal Spin|p1a: Clefable|[from]move: Metronome\n|-supereffective|p1a: Clefable\n|-damage|p1a: Clefable|47\/100\n|-status|p1a: Clefable|psn\n|\n|-heal|p1a: Clefable|53\/100 psn|[from] Aqua Ring\n|-damage|p2a: Snorlax|21\/100 brn|[from] brn\n|upkeep\n|turn|50\n|\n|t:|1699335470\n|move|p1a: Clefable|Metronome|p1a: Clefable\n|move|p1a: Clefable|Bounce||[from]move: Metronome|[still]\n|-prepare|p1a: Clefable|Bounce\n|move|p2a: Snorlax|Metronome|p2a: Snorlax\n|move|p2a: Snorlax|Fairy Lock|p2a: Snorlax|[from]move: Metronome\n|-fieldactivate|move: Fairy Lock\n|\n|-heal|p1a: Clefable|59\/100 psn|[from] Aqua Ring\n|-damage|p2a: Snorlax|15\/100 brn|[from] brn\n|upkeep\n|turn|51\n|\n|t:|1699335478\n|move|p1a: Clefable|Bounce|p2a: Snorlax|[from]lockedmove\n|-crit|p2a: Snorlax\n|-damage|p2a: Snorlax|0 fnt\n|faint|p2a: Snorlax\n|\n|-heal|p1a: Clefable|65\/100 psn|[from] Aqua Ring\n|upkeep\n|\n|t:|1699335484\n|switch|p2a: Grimmsnarl|Grimmsnarl, M|83\/100\n|turn|52\n|\n|t:|1699335486\n|move|p2a: Grimmsnarl|Metronome|p2a: Grimmsnarl\n|move|p2a: Grimmsnarl|Flatter|p1a: Clefable|[from]move: Metronome\n|-boost|p1a: Clefable|spa|1\n|-start|p1a: Clefable|confusion\n|-activate|p1a: Clefable|confusion\n|-damage|p1a: Clefable|62\/100 psn|[from] confusion\n|\n|-heal|p2a: Grimmsnarl|89\/100|[from] item: Leftovers\n|-heal|p1a: Clefable|68\/100 psn|[from] Aqua Ring\n|upkeep\n|turn|53\n|\n|t:|1699335494\n|move|p2a: Grimmsnarl|Metronome|p2a: Grimmsnarl\n|move|p2a: Grimmsnarl|Toxic Thread|p1a: Clefable|[from]move: Metronome\n|-unboost|p1a: Clefable|spe|1\n|-fail|p1a: Clefable|psn\n|-activate|p1a: Clefable|confusion\n|move|p1a: Clefable|Metronome|p1a: Clefable\n|move|p1a: Clefable|Round|p2a: Grimmsnarl|[from]move: Metronome\n|-damage|p2a: Grimmsnarl|50\/100\n|\n|-heal|p2a: Grimmsnarl|56\/100|[from] item: Leftovers\n|-heal|p1a: Clefable|74\/100 psn|[from] Aqua Ring\n|upkeep\n|turn|54\n|\n|t:|1699335506\n|move|p2a: Grimmsnarl|Metronome|p2a: Grimmsnarl\n|move|p2a: Grimmsnarl|Accelerock|p1a: Clefable|[from]move: Metronome\n|-damage|p1a: Clefable|68\/100 psn\n|-activate|p1a: Clefable|confusion\n|-activate|p1a: Clefable|move: Struggle\n|move|p1a: Clefable|Struggle|p2a: Grimmsnarl\n|-damage|p2a: Grimmsnarl|46\/100\n|-damage|p1a: Clefable|43\/100 psn|[from] recoil\n|\n|-heal|p2a: Grimmsnarl|53\/100|[from] item: Leftovers\n|-heal|p1a: Clefable|49\/100 psn|[from] Aqua Ring\n|upkeep\n|turn|55\n|\n|t:|1699335516\n|switch|p2a: Arboliva|Arboliva, F|100\/100\n|-activate|p1a: Clefable|confusion\n|-activate|p1a: Clefable|move: Struggle\n|move|p1a: Clefable|Struggle|p2a: Arboliva\n|-crit|p2a: Arboliva\n|-damage|p2a: Arboliva|88\/100\n|-damage|p1a: Clefable|24\/100 psn|[from] recoil\n|\n|-heal|p1a: Clefable|30\/100 psn|[from] Aqua Ring\n|upkeep\n|turn|56\n|\n|t:|1699335527\n|switch|p2a: Grimmsnarl|Grimmsnarl, M|53\/100\n|-end|p1a: Clefable|confusion\n|-activate|p1a: Clefable|move: Struggle\n|move|p1a: Clefable|Struggle|p2a: Grimmsnarl\n|-damage|p2a: Grimmsnarl|43\/100\n|-damage|p1a: Clefable|5\/100 psn|[from] recoil\n|\n|-heal|p2a: Grimmsnarl|49\/100|[from] item: Leftovers\n|-heal|p1a: Clefable|11\/100 psn|[from] Aqua Ring\n|upkeep\n|turn|57\n|\n|t:|1699335537\n|move|p2a: Grimmsnarl|Metronome|p2a: Grimmsnarl\n|move|p2a: Grimmsnarl|Fire Fang|p1a: Clefable|[from]move: Metronome\n|-damage|p1a: Clefable|2\/100 psn\n|-activate|p1a: Clefable|move: Struggle\n|move|p1a: Clefable|Struggle|p2a: Grimmsnarl\n|-damage|p2a: Grimmsnarl|38\/100\n|-damage|p1a: Clefable|0 fnt|[from] recoil\n|faint|p1a: Clefable\n|\n|-heal|p2a: Grimmsnarl|44\/100|[from] item: Leftovers\n|upkeep\n|\n|t:|1699335545\n|switch|p1a: Slowbro|Slowbro-Galar, M|77\/100\n|turn|58\n|\n|t:|1699335547\n|switch|p2a: Arboliva|Arboliva, F|88\/100\n|-activate|p1a: Slowbro|move: Struggle\n|move|p1a: Slowbro|Struggle|p2a: Arboliva\n|-damage|p2a: Arboliva|75\/100\n|-damage|p1a: Slowbro|52\/100|[from] recoil\n|\n|-heal|p1a: Slowbro|58\/100|[from] item: Black Sludge\n|upkeep\n|turn|59\n|inactive|Battle timer is ON: inactive players will automatically lose when time's up. (requested by Squirtle Soldier)\n|\n|t:|1699335555\n|switch|p1a: Gengar|Gengar, F|100\/100\n|move|p2a: Arboliva|Metronome|p2a: Arboliva\n|move|p2a: Arboliva|Force Palm|p1a: Gengar|[from]move: Metronome\n|-immune|p1a: Gengar\n|\n|upkeep\n|turn|60\n|\n|t:|1699335561\n|switch|p2a: Grimmsnarl|Grimmsnarl, M|44\/100\n|move|p1a: Gengar|Metronome|p1a: Gengar\n|move|p1a: Gengar|Water Gun|p2a: Grimmsnarl|[from]move: Metronome\n|-damage|p2a: Grimmsnarl|27\/100\n|\n|-heal|p2a: Grimmsnarl|33\/100|[from] item: Leftovers\n|upkeep\n|turn|61\n|\n|t:|1699335567\n|move|p2a: Grimmsnarl|Metronome|p2a: Grimmsnarl\n|move|p2a: Grimmsnarl|Smart Strike|p1a: Gengar|[from]move: Metronome\n|-damage|p1a: Gengar|68\/100\n|-damage|p2a: Grimmsnarl|16\/100|[from] item: Rocky Helmet|[of] p1a: Gengar\n|move|p1a: Gengar|Metronome|p1a: Gengar\n|move|p1a: Gengar|Lick|p2a: Grimmsnarl|[from]move: Metronome\n|-resisted|p2a: Grimmsnarl\n|-damage|p2a: Grimmsnarl|13\/100\n|-status|p2a: Grimmsnarl|par\n|\n|-heal|p2a: Grimmsnarl|20\/100 par|[from] item: Leftovers\n|upkeep\n|turn|62\n|\n|t:|1699335579\n|move|p2a: Grimmsnarl|Metronome|p2a: Grimmsnarl\n|move|p2a: Grimmsnarl|Roar|p1a: Gengar|[from]move: Metronome\n|drag|p1a: Hatterene|Hatterene, F|58\/100\n|\n|-heal|p2a: Grimmsnarl|26\/100 par|[from] item: Leftovers\n|upkeep\n|turn|63\n|\n|t:|1699335587\n|switch|p2a: Arboliva|Arboliva, F|75\/100\n|move|p1a: Hatterene|Metronome|p1a: Hatterene\n|move|p1a: Hatterene|Mortal Spin|p2a: Arboliva|[from]move: Metronome\n|-supereffective|p2a: Arboliva\n|-damage|p2a: Arboliva|60\/100\n|-status|p2a: Arboliva|psn\n|\n|-damage|p2a: Arboliva|48\/100 psn|[from] psn\n|upkeep\n|-enditem|p2a: Arboliva|Sitrus Berry|[eat]\n|-heal|p2a: Arboliva|73\/100 psn|[from] item: Sitrus Berry\n|turn|64\n|\n|t:|1699335595\n|move|p2a: Arboliva|Metronome|p2a: Arboliva\n|move|p2a: Arboliva|Hydro Pump|p1a: Hatterene|[from]move: Metronome|[miss]\n|-miss|p2a: Arboliva|p1a: Hatterene\n|move|p1a: Hatterene|Metronome|p1a: Hatterene\n|move|p1a: Hatterene|Wrap|p2a: Arboliva|[from]move: Metronome|[miss]\n|-miss|p1a: Hatterene|p2a: Arboliva\n|\n|-damage|p2a: Arboliva|60\/100 psn|[from] psn\n|-item|p2a: Arboliva|Sitrus Berry|[from] ability: Harvest\n|upkeep\n|turn|65\n|\n|t:|1699335603\n|move|p2a: Arboliva|Metronome|p2a: Arboliva\n|move|p2a: Arboliva|Overheat|p1a: Hatterene|[from]move: Metronome\n|-damage|p1a: Hatterene|23\/100\n|-unboost|p2a: Arboliva|spa|2\n|move|p1a: Hatterene|Metronome|p1a: Hatterene\n|move|p1a: Hatterene|Baton Pass|p1a: Hatterene|[from]move: Metronome\n|\n|t:|1699335616\n|switch|p1a: Snorlax|Snorlax, M|100\/100|[from] Baton Pass\n|\n|-damage|p2a: Arboliva|48\/100 psn|[from] psn\n|upkeep\n|-enditem|p2a: Arboliva|Sitrus Berry|[eat]\n|-heal|p2a: Arboliva|73\/100 psn|[from] item: Sitrus Berry\n|turn|66\n|\n|t:|1699335618\n|switch|p2a: Grimmsnarl|Grimmsnarl, M|26\/100 par\n|move|p1a: Snorlax|Metronome|p1a: Snorlax\n|move|p1a: Snorlax|Yawn||[from]move: Metronome|[still]\n|-fail|p1a: Snorlax\n|\n|-heal|p2a: Grimmsnarl|32\/100 par|[from] item: Leftovers\n|upkeep\n|turn|67\n|\n|t:|1699335624\n|move|p2a: Grimmsnarl|Metronome|p2a: Grimmsnarl\n|move|p2a: Grimmsnarl|Powder Snow|p1a: Snorlax|[from]move: Metronome\n|-damage|p1a: Snorlax|97\/100\n|move|p1a: Snorlax|Metronome|p1a: Snorlax\n|move|p1a: Snorlax|Spin Out|p2a: Grimmsnarl|[from]move: Metronome\n|-supereffective|p2a: Grimmsnarl\n|-damage|p2a: Grimmsnarl|0 fnt\n|-unboost|p1a: Snorlax|spe|2\n|faint|p2a: Grimmsnarl\n|\n|-heal|p1a: Snorlax|100\/100|[from] item: Leftovers\n|upkeep\n|\n|t:|1699335631\n|switch|p2a: Arboliva|Arboliva, F|73\/100 psn\n|turn|68\n|\n|t:|1699335634\n|move|p2a: Arboliva|Metronome|p2a: Arboliva\n|move|p2a: Arboliva|Role Play|p1a: Snorlax|[from]move: Metronome\n|-endability|p2a: Arboliva|Harvest|[from] move: Role Play\n|-ability|p2a: Arboliva|Thick Fat|[from] move: Role Play|[of] p1a: Snorlax\n|move|p1a: Snorlax|Metronome|p1a: Snorlax\n|move|p1a: Snorlax|Doom Desire|p2a: Arboliva|[from]move: Metronome\n|-start|p1a: Snorlax|Doom Desire\n|\n|-damage|p2a: Arboliva|60\/100 psn|[from] psn\n|upkeep\n|turn|69\n|-message|idunnoagoodnam forfeited.\n|\n|win|Squirtle Soldier\n|l|\u2606idunnoagoodnam\n","uploadtime":1699335649,"views":8,"p1id":"squirtlesoldier","p2id":"idunnoagoodnam","formatid":"gen9anythinggoes","rating":0,"private":0,"password":""}