{"id":"gen9anythinggoes-1973127241","p1":"14242 propped in","p2":"Lmao lord","format":"[Gen 9] Anything Goes","log":"|j|\u260614242 propped in\n|j|\u2606Lmao lord\n|t:|1697930669\n|gametype|singles\n|player|p1|14242 propped in|101|1198\n|player|p2|Lmao lord|giovanni|1238\n|teamsize|p1|6\n|teamsize|p2|6\n|gen|9\n|tier|[Gen 9] Anything Goes\n|rated|\n|rule|HP Percentage Mod: HP is shown in percentages\n|rule|Endless Battle Clause: Forcing endless battles is banned\n|clearpoke\n|poke|p1|Eiscue, F|\n|poke|p1|Eiscue, M|\n|poke|p1|Eiscue, F|\n|poke|p1|Greninja-*, M|\n|poke|p1|Mew|\n|poke|p1|Charizard, M|\n|poke|p2|Kyogre|\n|poke|p2|Basculegion, M|\n|poke|p2|Bellibolt, M|\n|poke|p2|Barraskewda, F|\n|poke|p2|Pelipper, F|\n|poke|p2|Yanmega, F|\n|teampreview\n|\n|t:|1697930676\n|start\n|switch|p1a: Eiscue|Eiscue, F, shiny|100\/100\n|switch|p2a: Pelipper|Pelipper, F|100\/100\n|-weather|RainDance|[from] ability: Drizzle|[of] p2a: Pelipper\n|turn|1\n|\n|t:|1697930682\n|move|p1a: Eiscue|Substitute|p1a: Eiscue\n|-start|p1a: Eiscue|Substitute\n|-damage|p1a: Eiscue|75\/100\n|move|p2a: Pelipper|Hurricane|p1a: Eiscue\n|-end|p1a: Eiscue|Substitute\n|-damage|p2a: Pelipper|91\/100|[from] item: Life Orb\n|\n|-weather|RainDance|[upkeep]\n|upkeep\n|turn|2\n|inactive|Battle timer is ON: inactive players will automatically lose when time's up. (requested by Lmao lord)\n|\n|t:|1697930692\n|-terastallize|p1a: Eiscue|Steel\n|move|p1a: Eiscue|Belly Drum|p1a: Eiscue\n|-damage|p1a: Eiscue|25\/100\n|-setboost|p1a: Eiscue|atk|6|[from] move: Belly Drum\n|-enditem|p1a: Eiscue|Salac Berry|[eat]\n|-boost|p1a: Eiscue|spe|1|[from] item: Salac Berry\n|move|p2a: Pelipper|Hurricane|p1a: Eiscue\n|-resisted|p1a: Eiscue\n|-damage|p1a: Eiscue|0 fnt\n|faint|p1a: Eiscue\n|-damage|p2a: Pelipper|81\/100|[from] item: Life Orb\n|\n|-weather|RainDance|[upkeep]\n|upkeep\n|\n|t:|1697930705\n|switch|p1a: Greninja|Greninja, M|100\/100\n|turn|3\n|\n|t:|1697930710\n|move|p1a: Greninja|Ice Beam|p2a: Pelipper\n|-damage|p2a: Pelipper|17\/100\n|-damage|p1a: Greninja|91\/100|[from] item: Life Orb\n|move|p2a: Pelipper|Tailwind|p2a: Pelipper\n|-sidestart|p2: Lmao lord|move: Tailwind\n|\n|-weather|RainDance|[upkeep]\n|upkeep\n|turn|4\n|\n|t:|1697930722\n|move|p1a: Greninja|Ice Beam|p2a: Pelipper\n|-damage|p2a: Pelipper|0 fnt\n|faint|p2a: Pelipper\n|-ability|p1a: Greninja|Battle Bond|boost\n|-boost|p1a: Greninja|atk|1\n|-boost|p1a: Greninja|spa|1\n|-boost|p1a: Greninja|spe|1\n|-activate|p1a: Greninja|ability: Battle Bond\n|-damage|p1a: Greninja|81\/100|[from] item: Life Orb\n|\n|-weather|RainDance|[upkeep]\n|upkeep\n|inactive|Lmao lord has 120 seconds left.\n|\n|t:|1697930748\n|switch|p2a: Bellibolt|Bellibolt, M|100\/100\n|turn|5\n|\n|t:|1697930757\n|move|p1a: Greninja|Blizzard|p2a: Bellibolt\n|-damage|p2a: Bellibolt|44\/100\n|-start|p2a: Bellibolt|Charge|Blizzard|[from] ability: Electromorphosis\n|-damage|p1a: Greninja|71\/100|[from] item: Life Orb\n|move|p2a: Bellibolt|Thunder|p1a: Greninja\n|-supereffective|p1a: Greninja\n|-damage|p1a: Greninja|0 fnt\n|faint|p1a: Greninja\n|-end|p2a: Bellibolt|Charge|[silent]\n|\n|-weather|none\n|-heal|p2a: Bellibolt|50\/100|[from] item: Leftovers\n|upkeep\n|\n|t:|1697930769\n|switch|p1a: Mew|Mew, shiny|100\/100\n|turn|6\n|\n|t:|1697930777\n|switch|p2a: Yanmega|Yanmega, F|100\/100\n|move|p1a: Mew|Dark Pulse|p2a: Yanmega\n|-damage|p2a: Yanmega|60\/100\n|\n|-sideend|p2: Lmao lord|move: Tailwind\n|upkeep\n|turn|7\n|\n|t:|1697930786\n|move|p2a: Yanmega|Protect|p2a: Yanmega\n|-singleturn|p2a: Yanmega|Protect\n|move|p1a: Mew|Giga Drain|p2a: Yanmega\n|-activate|p2a: Yanmega|move: Protect\n|\n|-ability|p2a: Yanmega|Speed Boost|boost\n|-boost|p2a: Yanmega|spe|1\n|upkeep\n|turn|8\n|\n|t:|1697930793\n|move|p2a: Yanmega|Swords Dance|p2a: Yanmega\n|-boost|p2a: Yanmega|atk|2\n|move|p1a: Mew|Calm Mind|p1a: Mew\n|-boost|p1a: Mew|spa|1\n|-boost|p1a: Mew|spd|1\n|\n|-ability|p2a: Yanmega|Speed Boost|boost\n|-boost|p2a: Yanmega|spe|1\n|upkeep\n|turn|9\n|\n|t:|1697930802\n|move|p2a: Yanmega|Swords Dance|p2a: Yanmega\n|-boost|p2a: Yanmega|atk|2\n|move|p1a: Mew|Dark Pulse|p2a: Yanmega\n|-damage|p2a: Yanmega|0 fnt\n|faint|p2a: Yanmega\n|\n|upkeep\n|\n|t:|1697930815\n|switch|p2a: Kyogre|Kyogre|100\/100\n|-weather|RainDance|[from] ability: Drizzle|[of] p2a: Kyogre\n|turn|10\n|\n|t:|1697930820\n|switch|p2a: Bellibolt|Bellibolt, M|50\/100\n|move|p1a: Mew|Giga Drain|p2a: Bellibolt\n|-damage|p2a: Bellibolt|19\/100\n|-start|p2a: Bellibolt|Charge|Giga Drain|[from] ability: Electromorphosis\n|\n|-weather|RainDance|[upkeep]\n|-heal|p2a: Bellibolt|25\/100|[from] item: Leftovers\n|upkeep\n|turn|11\n|\n|t:|1697930832\n|move|p1a: Mew|Dark Pulse|p2a: Bellibolt\n|-damage|p2a: Bellibolt|0 fnt\n|faint|p2a: Bellibolt\n|\n|-weather|RainDance|[upkeep]\n|upkeep\n|\n|t:|1697930840\n|switch|p2a: Barraskewda|Barraskewda, F|100\/100\n|turn|12\n|\n|t:|1697930844\n|move|p2a: Barraskewda|Crunch|p1a: Mew\n|-supereffective|p1a: Mew\n|-damage|p1a: Mew|41\/100\n|-enditem|p1a: Mew|Weakness Policy\n|-boost|p1a: Mew|atk|2|[from] item: Weakness Policy\n|-boost|p1a: Mew|spa|2|[from] item: Weakness Policy\n|-damage|p2a: Barraskewda|91\/100|[from] item: Life Orb\n|move|p1a: Mew|Giga Drain|p2a: Barraskewda\n|-supereffective|p2a: Barraskewda\n|-damage|p2a: Barraskewda|0 fnt\n|-heal|p1a: Mew|70\/100|[from] drain|[of] p2a: Barraskewda\n|faint|p2a: Barraskewda\n|\n|-weather|RainDance|[upkeep]\n|upkeep\n|\n|t:|1697930855\n|switch|p2a: Basculegion|Basculegion, M|100\/100\n|turn|13\n|\n|t:|1697930861\n|move|p2a: Basculegion|Last Respects|p1a: Mew\n|-supereffective|p1a: Mew\n|-damage|p1a: Mew|0 fnt\n|faint|p1a: Mew\n|\n|-weather|RainDance|[upkeep]\n|upkeep\n|\n|t:|1697930873\n|switch|p1a: Eiscue|Eiscue, F, shiny|100\/100\n|turn|14\n|\n|t:|1697930894\n|move|p2a: Basculegion|Last Respects|p1a: Eiscue\n|-activate|p1a: Eiscue|ability: Ice Face\n|-damage|p1a: Eiscue|100\/100\n|detailschange|p1a: Eiscue|Eiscue-Noice, F, shiny\n|move|p1a: Eiscue|Substitute|p1a: Eiscue\n|-start|p1a: Eiscue|Substitute\n|-damage|p1a: Eiscue|75\/100\n|\n|-weather|RainDance|[upkeep]\n|upkeep\n|turn|15\n|\n|t:|1697930903\n|move|p2a: Basculegion|Last Respects|p1a: Eiscue\n|-end|p1a: Eiscue|Substitute\n|move|p1a: Eiscue|Belly Drum|p1a: Eiscue\n|-damage|p1a: Eiscue|25\/100\n|-setboost|p1a: Eiscue|atk|6|[from] move: Belly Drum\n|-enditem|p1a: Eiscue|Salac Berry|[eat]\n|-boost|p1a: Eiscue|spe|1|[from] item: Salac Berry\n|\n|-weather|RainDance|[upkeep]\n|upkeep\n|turn|16\n|\n|t:|1697930913\n|move|p1a: Eiscue|Ice Spinner|p2a: Basculegion\n|-resisted|p2a: Basculegion\n|-damage|p2a: Basculegion|17\/100\n|move|p2a: Basculegion|Last Respects|p1a: Eiscue\n|-damage|p1a: Eiscue|0 fnt\n|faint|p1a: Eiscue\n|\n|-weather|RainDance|[upkeep]\n|upkeep\n|\n|t:|1697930921\n|switch|p1a: Eiscue|Eiscue, M, shiny|100\/100\n|turn|17\n|\n|t:|1697930925\n|move|p2a: Basculegion|Last Respects|p1a: Eiscue\n|-activate|p1a: Eiscue|ability: Ice Face\n|-damage|p1a: Eiscue|100\/100\n|detailschange|p1a: Eiscue|Eiscue-Noice, M, shiny\n|move|p1a: Eiscue|Belly Drum|p1a: Eiscue\n|-damage|p1a: Eiscue|50\/100\n|-setboost|p1a: Eiscue|atk|6|[from] move: Belly Drum\n|\n|-weather|none\n|upkeep\n|turn|18\n|inactive|Lmao lord has 120 seconds left.\n|inactive|Lmao lord has 90 seconds left.\n|inactive|Lmao lord has 60 seconds left.\n|\n|t:|1697931033\n|move|p2a: Basculegion|Aqua Jet|p1a: Eiscue\n|-damage|p1a: Eiscue|19\/100\n|-enditem|p1a: Eiscue|Salac Berry|[eat]\n|-boost|p1a: Eiscue|spe|1|[from] item: Salac Berry\n|move|p1a: Eiscue|Ice Spinner|p2a: Basculegion\n|-resisted|p2a: Basculegion\n|-damage|p2a: Basculegion|0 fnt\n|faint|p2a: Basculegion\n|\n|upkeep\n|\n|t:|1697931037\n|switch|p2a: Kyogre|Kyogre|100\/100\n|-weather|RainDance|[from] ability: Drizzle|[of] p2a: Kyogre\n|turn|19\n|\n|t:|1697931055\n|move|p1a: Eiscue|Reversal|p2a: Kyogre\n|-damage|p2a: Kyogre|7\/100\n|move|p2a: Kyogre|Water Spout|p1a: Eiscue\n|-damage|p1a: Eiscue|2\/100\n|\n|-weather|RainDance|[upkeep]\n|upkeep\n|turn|20\n|inactive|Lmao lord has 60 seconds left.\n|c|\u260614242 propped in|gg bro\n|-message|Lmao lord forfeited.\n|\n|win|14242 propped in\n|raw|14242 propped in's rating: 1198 &rarr; <strong>1226<\/strong><br \/>(+28 for winning)\n|raw|Lmao lord's rating: 1238 &rarr; <strong>1210<\/strong><br \/>(-28 for losing)\n|l|\u2606Lmao lord\n","uploadtime":1697931073,"views":10,"p1id":"14242proppedin","p2id":"lmaolord","formatid":"gen9anythinggoes","rating":1210,"private":0,"password":""}