{"id":"gen9anythinggoes-1984618964","p1":"xaviernpcbest","p2":"MrTRB","format":"[Gen 9] Anything Goes","log":"|j|\u2606xaviernpcbest\n|j|\u2606MrTRB\n|t:|1699285148\n|gametype|singles\n|player|p1|xaviernpcbest|ninjaboy|1206\n|player|p2|MrTRB|benga|1226\n|teamsize|p1|6\n|teamsize|p2|6\n|gen|9\n|tier|[Gen 9] Anything Goes\n|rated|\n|rule|HP Percentage Mod: HP is shown in percentages\n|rule|Endless Battle Clause: Forcing endless battles is banned\n|clearpoke\n|poke|p1|Calyrex-Shadow|\n|poke|p1|Zacian-*|\n|poke|p1|Kyogre|\n|poke|p1|Koraidon|\n|poke|p1|Articuno-Galar|\n|poke|p1|Regidrago|\n|poke|p2|Gholdengo|\n|poke|p2|Cyclizar, M|\n|poke|p2|Volcarona, F|\n|poke|p2|Dipplin, M|\n|poke|p2|Garganacl, F|\n|poke|p2|Glimmora, M|\n|teampreview\n|c|\u2606MrTRB|calyrex jumpscare\n|c|\u2606MrTRB|for real this time\n|\n|t:|1699285167\n|start\n|switch|p1a: Koraidon|Koraidon|100\/100\n|switch|p2a: Glimmora|Glimmora, M|100\/100\n|-weather|SunnyDay|[from] ability: Orichalcum Pulse|[of] p1a: Koraidon\n|-activate|p1a: Koraidon|Orichalcum Pulse|[source]\n|turn|1\n|\n|t:|1699285182\n|move|p1a: Koraidon|Collision Course|p2a: Glimmora\n|-damage|p2a: Glimmora|9\/100\n|-activate|p2a: Glimmora|ability: Toxic Debris\n|-sidestart|p1: xaviernpcbest|move: Toxic Spikes\n|move|p2a: Glimmora|Stealth Rock|p1a: Koraidon\n|-sidestart|p1: xaviernpcbest|move: Stealth Rock\n|\n|-weather|SunnyDay|[upkeep]\n|upkeep\n|turn|2\n|\n|t:|1699285191\n|move|p1a: Koraidon|Drain Punch|p2a: Glimmora\n|-damage|p2a: Glimmora|0 fnt\n|-activate|p2a: Glimmora|ability: Toxic Debris\n|-sidestart|p1: xaviernpcbest|move: Toxic Spikes\n|faint|p2a: Glimmora\n|\n|-weather|SunnyDay|[upkeep]\n|upkeep\n|\n|t:|1699285206\n|switch|p2a: Garganacl|Garganacl, F|100\/100\n|turn|3\n|\n|t:|1699285211\n|switch|p2a: Gholdengo|Gholdengo|100\/100\n|move|p1a: Koraidon|Collision Course|p2a: Gholdengo\n|-immune|p2a: Gholdengo\n|\n|-weather|SunnyDay|[upkeep]\n|upkeep\n|turn|4\n|\n|t:|1699285224\n|move|p1a: Koraidon|Swords Dance|p1a: Koraidon\n|-boost|p1a: Koraidon|atk|2\n|move|p2a: Gholdengo|Nasty Plot|p2a: Gholdengo\n|-boost|p2a: Gholdengo|spa|2\n|\n|-weather|SunnyDay|[upkeep]\n|upkeep\n|turn|5\n|\n|t:|1699285233\n|move|p1a: Koraidon|Dragon Pulse|p2a: Gholdengo\n|-resisted|p2a: Gholdengo\n|-damage|p2a: Gholdengo|87\/100\n|move|p2a: Gholdengo|Make It Rain|p1a: Koraidon\n|-damage|p1a: Koraidon|0 fnt\n|-unboost|p2a: Gholdengo|spa|1\n|faint|p1a: Koraidon\n|\n|-weather|none\n|upkeep\n|\n|t:|1699285247\n|switch|p1a: Articuno|Articuno-Galar|100\/100\n|-damage|p1a: Articuno|76\/100|[from] Stealth Rock\n|turn|6\n|\n|t:|1699285260\n|move|p1a: Articuno|Shadow Ball|p2a: Gholdengo\n|-supereffective|p2a: Gholdengo\n|-damage|p2a: Gholdengo|35\/100\n|move|p2a: Gholdengo|Shadow Ball|p1a: Articuno\n|-supereffective|p1a: Articuno\n|-damage|p1a: Articuno|0 fnt\n|faint|p1a: Articuno\n|\n|upkeep\n|\n|t:|1699285269\n|switch|p1a: Kyogre|Kyogre|100\/100\n|-status|p1a: Kyogre|tox\n|-damage|p1a: Kyogre|88\/100 tox|[from] Stealth Rock\n|-weather|RainDance|[from] ability: Drizzle|[of] p1a: Kyogre\n|turn|7\n|\n|t:|1699285285\n|move|p1a: Kyogre|Water Spout|p2a: Gholdengo\n|-damage|p2a: Gholdengo|0 fnt\n|faint|p2a: Gholdengo\n|\n|-weather|RainDance|[upkeep]\n|-damage|p1a: Kyogre|82\/100 tox|[from] psn\n|upkeep\n|\n|t:|1699285296\n|switch|p2a: Dipplin|Dipplin, M|100\/100\n|turn|8\n|\n|t:|1699285305\n|move|p1a: Kyogre|Ice Beam|p2a: Dipplin\n|-supereffective|p2a: Dipplin\n|-damage|p2a: Dipplin|0 fnt\n|faint|p2a: Dipplin\n|\n|-weather|RainDance|[upkeep]\n|-damage|p1a: Kyogre|70\/100 tox|[from] psn\n|upkeep\n|\n|t:|1699285314\n|switch|p2a: Garganacl|Garganacl, F|100\/100\n|turn|9\n|\n|t:|1699285323\n|-terastallize|p2a: Garganacl|Water\n|move|p1a: Kyogre|Origin Pulse|p2a: Garganacl\n|-resisted|p2a: Garganacl\n|-damage|p2a: Garganacl|68\/100\n|move|p2a: Garganacl|Salt Cure|p1a: Kyogre\n|-damage|p1a: Kyogre|55\/100 tox\n|-start|p1a: Kyogre|Salt Cure\n|\n|-weather|RainDance|[upkeep]\n|-heal|p2a: Garganacl|75\/100|[from] item: Leftovers\n|-damage|p1a: Kyogre|37\/100 tox|[from] psn\n|-damage|p1a: Kyogre|12\/100 tox|[from] Salt Cure\n|upkeep\n|-enditem|p1a: Kyogre|Sitrus Berry|[eat]\n|-heal|p1a: Kyogre|37\/100 tox|[from] item: Sitrus Berry\n|turn|10\n|\n|t:|1699285343\n|move|p1a: Kyogre|Origin Pulse|p2a: Garganacl\n|-resisted|p2a: Garganacl\n|-damage|p2a: Garganacl|38\/100\n|move|p2a: Garganacl|Iron Defense|p2a: Garganacl\n|-boost|p2a: Garganacl|def|2\n|\n|-weather|RainDance|[upkeep]\n|-heal|p2a: Garganacl|44\/100|[from] item: Leftovers\n|-damage|p1a: Kyogre|12\/100 tox|[from] psn\n|-damage|p1a: Kyogre|0 fnt|[from] Salt Cure\n|faint|p1a: Kyogre\n|upkeep\n|\n|t:|1699285354\n|switch|p1a: Zacian|Zacian-Crowned|100\/100\n|-damage|p1a: Zacian|94\/100|[from] Stealth Rock\n|-ability|p1a: Zacian|Intrepid Sword|boost\n|-boost|p1a: Zacian|atk|1\n|turn|11\n|\n|t:|1699285361\n|move|p1a: Zacian|Sacred Sword|p2a: Garganacl\n|-damage|p2a: Garganacl|9\/100\n|move|p2a: Garganacl|Recover|p2a: Garganacl\n|-heal|p2a: Garganacl|59\/100\n|\n|-weather|none\n|-heal|p2a: Garganacl|66\/100|[from] item: Leftovers\n|upkeep\n|turn|12\n|\n|t:|1699285372\n|move|p1a: Zacian|Swords Dance|p1a: Zacian\n|-boost|p1a: Zacian|atk|2\n|move|p2a: Garganacl|Recover|p2a: Garganacl\n|-heal|p2a: Garganacl|100\/100\n|\n|upkeep\n|turn|13\n|\n|t:|1699285379\n|move|p1a: Zacian|Swords Dance|p1a: Zacian\n|-boost|p1a: Zacian|atk|2\n|move|p2a: Garganacl|Salt Cure|p1a: Zacian\n|-resisted|p1a: Zacian\n|-crit|p1a: Zacian\n|-damage|p1a: Zacian|83\/100\n|-start|p1a: Zacian|Salt Cure\n|\n|-damage|p1a: Zacian|58\/100|[from] Salt Cure\n|upkeep\n|turn|14\n|\n|t:|1699285388\n|move|p1a: Zacian|Sacred Sword|p2a: Garganacl\n|-damage|p2a: Garganacl|20\/100\n|move|p2a: Garganacl|Iron Defense|p2a: Garganacl\n|-boost|p2a: Garganacl|def|2\n|\n|-heal|p2a: Garganacl|26\/100|[from] item: Leftovers\n|-damage|p1a: Zacian|33\/100|[from] Salt Cure\n|upkeep\n|turn|15\n|\n|t:|1699285404\n|move|p1a: Zacian|Sacred Sword|p2a: Garganacl\n|-damage|p2a: Garganacl|0 fnt\n|faint|p2a: Garganacl\n|\n|-damage|p1a: Zacian|8\/100|[from] Salt Cure\n|upkeep\n|\n|t:|1699285410\n|switch|p2a: Cyclizar|Cyclizar, M|100\/100\n|turn|16\n|\n|t:|1699285419\n|move|p1a: Zacian|Moonblast|p2a: Cyclizar\n|-supereffective|p2a: Cyclizar\n|-damage|p2a: Cyclizar|29\/100\n|-enditem|p2a: Cyclizar|Sitrus Berry|[eat]\n|-heal|p2a: Cyclizar|54\/100|[from] item: Sitrus Berry\n|move|p2a: Cyclizar|Shed Tail|p2a: Cyclizar\n|-start|p2a: Cyclizar|Substitute|[from] move: Shed Tail\n|-damage|p2a: Cyclizar|4\/100\n|\n|t:|1699285426\n|switch|p2a: Volcarona|Volcarona, F|100\/100|[from] Shed Tail\n|\n|-damage|p1a: Zacian|0 fnt|[from] Salt Cure\n|faint|p1a: Zacian\n|upkeep\n|\n|t:|1699285444\n|switch|p1a: Regidrago|Regidrago|100\/100\n|-status|p1a: Regidrago|tox\n|-damage|p1a: Regidrago|88\/100 tox|[from] Stealth Rock\n|turn|17\n|\n|t:|1699285455\n|move|p1a: Regidrago|Ancient Power|p2a: Volcarona\n|-supereffective|p2a: Volcarona\n|-end|p2a: Volcarona|Substitute\n|move|p2a: Volcarona|Quiver Dance|p2a: Volcarona\n|-boost|p2a: Volcarona|spa|1\n|-boost|p2a: Volcarona|spd|1\n|-boost|p2a: Volcarona|spe|1\n|\n|-damage|p1a: Regidrago|82\/100 tox|[from] psn\n|upkeep\n|turn|18\n|\n|t:|1699285471\n|move|p2a: Volcarona|Bug Buzz|p1a: Regidrago\n|-damage|p1a: Regidrago|1\/100 tox\n|move|p1a: Regidrago|Ancient Power|p2a: Volcarona\n|-supereffective|p2a: Volcarona\n|-damage|p2a: Volcarona|67\/100\n|\n|-damage|p1a: Regidrago|0 fnt|[from] psn\n|faint|p1a: Regidrago\n|upkeep\n|\n|t:|1699285480\n|switch|p1a: Calyrex|Calyrex-Shadow|100\/100\n|-ability|p1a: Calyrex|As One\n|-ability|p1a: Calyrex|Unnerve\n|-status|p1a: Calyrex|tox\n|-damage|p1a: Calyrex|88\/100 tox|[from] Stealth Rock\n|turn|19\n|\n|t:|1699285492\n|move|p1a: Calyrex|Astral Barrage|p2a: Volcarona\n|-damage|p2a: Volcarona|24\/100\n|move|p2a: Volcarona|Bug Buzz|p1a: Calyrex\n|-damage|p1a: Calyrex|8\/100 tox\n|\n|-heal|p1a: Calyrex|14\/100 tox|[from] item: Leftovers\n|-damage|p1a: Calyrex|8\/100 tox|[from] psn\n|upkeep\n|turn|20\n|\n|t:|1699285503\n|move|p1a: Calyrex|Draining Kiss|p2a: Volcarona\n|-resisted|p2a: Volcarona\n|-damage|p2a: Volcarona|17\/100\n|-heal|p1a: Calyrex|13\/100 tox|[from] drain|[of] p2a: Volcarona\n|move|p2a: Volcarona|Bug Buzz|p1a: Calyrex\n|-crit|p1a: Calyrex\n|-damage|p1a: Calyrex|0 fnt\n|faint|p1a: Calyrex\n|\n|win|MrTRB\n|raw|xaviernpcbest's rating: 1206 &rarr; <strong>1182<\/strong><br \/>(-24 for losing)\n|raw|MrTRB's rating: 1226 &rarr; <strong>1250<\/strong><br \/>(+24 for winning)\n","uploadtime":1699285513,"views":5,"p1id":"xaviernpcbest","p2id":"mrtrb","formatid":"gen9anythinggoes","rating":1182,"private":0,"password":""}