{"id":"gen9anythinggoes-1999420478","p1":"The True Avian","p2":"Scipioklol","format":"[Gen 9] Anything Goes","log":"|j|\u2606The True Avian\n|j|\u2606Scipioklol\n|inactive|Battle timer is ON: inactive players will automatically lose when time's up.\n|t:|1701077601\n|gametype|singles\n|player|p1|The True Avian|1|\n|player|p2|Scipioklol|cynthia-masters3|\n|teamsize|p1|6\n|teamsize|p2|6\n|gen|9\n|tier|[Gen 9] Anything Goes\n|rated|Tournament battle\n|rule|HP Percentage Mod: HP is shown in percentages\n|rule|Endless Battle Clause: Forcing endless battles is banned\n|rule|Force of the Fallen Mod: Pok&\u00e9mon pass the move in their last moveslot to their allies when they're KOed\n|rule|Sleep Moves Clause: Sleep-inducing moves are banned\n|rule|Species Clause: Limit one of each Pok\u00e9mon\n|rule|OHKO Clause: OHKO moves are banned\n|rule|Evasion Moves Clause: Evasion moves are banned\n|rule|Terastal Clause: You cannot Terastallize\n|clearpoke\n|poke|p1|Iron Valiant|\n|poke|p1|Thundurus, M|\n|poke|p1|Pawmot, F|\n|poke|p1|Grafaiai, M|\n|poke|p1|Klefki, M|\n|poke|p1|Grimmsnarl, M|\n|poke|p2|Annihilape, F|\n|poke|p2|Iron Valiant|\n|poke|p2|Kingambit, M|\n|poke|p2|Zamazenta-*|\n|poke|p2|Corviknight, M|\n|poke|p2|Roaring Moon|\n|teampreview\n|\n|t:|1701077614\n|start\n|switch|p1a: Klefki|Klefki, M|100\/100\n|switch|p2a: Annihilape|Annihilape, F|100\/100\n|turn|1\n|\n|t:|1701077618\n|move|p1a: Klefki|Spikes|p2a: Annihilape\n|-sidestart|p2: Scipioklol|Spikes\n|move|p2a: Annihilape|Bulk Up|p2a: Annihilape\n|-boost|p2a: Annihilape|atk|1\n|-boost|p2a: Annihilape|def|1\n|\n|upkeep\n|turn|2\n|\n|t:|1701077624\n|move|p1a: Klefki|Spikes|p2a: Annihilape\n|-sidestart|p2: Scipioklol|Spikes\n|move|p2a: Annihilape|Earthquake|p1a: Klefki\n|-supereffective|p1a: Klefki\n|-damage|p1a: Klefki|24\/100\n|\n|upkeep\n|turn|3\n|\n|t:|1701077630\n|switch|p1a: Iron Valiant|Iron Valiant|100\/100\n|move|p2a: Annihilape|Earthquake|p1a: Iron Valiant\n|-damage|p1a: Iron Valiant|35\/100\n|\n|upkeep\n|turn|4\n|\n|t:|1701077639\n|move|p1a: Iron Valiant|Destiny Bond|p1a: Iron Valiant\n|-singlemove|p1a: Iron Valiant|Destiny Bond\n|move|p2a: Annihilape|Earthquake|p1a: Iron Valiant\n|-crit|p1a: Iron Valiant\n|-damage|p1a: Iron Valiant|0 fnt\n|faint|p1a: Iron Valiant\n|-activate|p1a: Iron Valiant|move: Destiny Bond\n|-end|p1a: Iron Valiant|Quark Drive|[silent]\n|faint|p2a: Annihilape\n|\n|upkeep\n|\n|t:|1701077645\n|switch|p1a: Grimmsnarl|Grimmsnarl, M|100\/100\n|switch|p2a: Iron Valiant|Iron Valiant|100\/100\n|-damage|p2a: Iron Valiant|84\/100|[from] Spikes\n|turn|5\n|\n|t:|1701077656\n|move|p1a: Grimmsnarl|Destiny Bond|p1a: Grimmsnarl\n|-singlemove|p1a: Grimmsnarl|Destiny Bond\n|move|p2a: Iron Valiant|Spirit Break|p1a: Grimmsnarl\n|-supereffective|p1a: Grimmsnarl\n|-damage|p1a: Grimmsnarl|6\/100\n|-unboost|p1a: Grimmsnarl|spa|1\n|\n|upkeep\n|turn|6\n|\n|t:|1701077665\n|move|p2a: Iron Valiant|Spirit Break|p1a: Grimmsnarl\n|-supereffective|p1a: Grimmsnarl\n|-damage|p1a: Grimmsnarl|0 fnt\n|faint|p1a: Grimmsnarl\n|-activate|p1a: Grimmsnarl|move: Destiny Bond\n|faint|p2a: Iron Valiant\n|-end|p2a: Iron Valiant|Quark Drive|[silent]\n|\n|upkeep\n|\n|t:|1701077675\n|switch|p2a: Kingambit|Kingambit, M|100\/100\n|switch|p1a: Pawmot|Pawmot, F|100\/100\n|-damage|p2a: Kingambit|84\/100|[from] Spikes\n|turn|7\n|\n|t:|1701077682\n|move|p2a: Kingambit|Sucker Punch||[still]\n|-fail|p2a: Kingambit\n|move|p1a: Pawmot|Revival Blessing|p1a: Pawmot\n|-enditem|p1a: Pawmot|Leppa Berry|[eat]\n|-activate|p1a: Pawmot|item: Leppa Berry|Revival Blessing|[consumed]\n|\n|t:|1701077687\n|-heal|p1: Grimmsnarl|50\/100|[from] move: Revival Blessing\n|\n|-heal|p2a: Kingambit|90\/100|[from] item: Leftovers\n|upkeep\n|turn|8\n|\n|t:|1701077695\n|move|p1a: Pawmot|Mach Punch|p2a: Kingambit\n|-supereffective|p2a: Kingambit\n|-damage|p2a: Kingambit|30\/100\n|move|p2a: Kingambit|Knock Off|p1a: Pawmot\n|-resisted|p1a: Pawmot\n|-damage|p1a: Pawmot|72\/100\n|\n|-heal|p2a: Kingambit|36\/100|[from] item: Leftovers\n|upkeep\n|turn|9\n|\n|t:|1701077702\n|move|p2a: Kingambit|Sucker Punch||[still]\n|-fail|p2a: Kingambit\n|move|p1a: Pawmot|Revival Blessing|p1a: Pawmot\n|\n|t:|1701077707\n|-heal|p1: Iron Valiant|50\/100|[from] move: Revival Blessing\n|\n|-heal|p2a: Kingambit|42\/100|[from] item: Leftovers\n|upkeep\n|turn|10\n|\n|t:|1701077714\n|move|p1a: Pawmot|Mach Punch|p2a: Kingambit\n|-supereffective|p2a: Kingambit\n|-damage|p2a: Kingambit|0 fnt\n|faint|p2a: Kingambit\n|\n|upkeep\n|\n|t:|1701077716\n|switch|p2a: Zamazenta|Zamazenta|100\/100\n|-damage|p2a: Zamazenta|84\/100|[from] Spikes\n|-ability|p2a: Zamazenta|Dauntless Shield|boost\n|-boost|p2a: Zamazenta|def|1\n|turn|11\n|\n|t:|1701077724\n|switch|p1a: Thundurus|Thundurus, M|100\/100\n|move|p2a: Zamazenta|Play Rough|p1a: Thundurus|[miss]\n|-miss|p2a: Zamazenta|p1a: Thundurus\n|\n|upkeep\n|turn|12\n|\n|t:|1701077732\n|move|p2a: Zamazenta|Play Rough|p1a: Thundurus\n|-damage|p1a: Thundurus|32\/100\n|move|p1a: Thundurus|Thunderbolt|p2a: Zamazenta\n|-damage|p2a: Zamazenta|38\/100\n|\n|upkeep\n|turn|13\n|\n|t:|1701077742\n|move|p1a: Thundurus|Destiny Bond|p1a: Thundurus\n|-singlemove|p1a: Thundurus|Destiny Bond\n|move|p2a: Zamazenta|Play Rough|p1a: Thundurus\n|-damage|p1a: Thundurus|0 fnt\n|faint|p1a: Thundurus\n|-activate|p1a: Thundurus|move: Destiny Bond\n|faint|p2a: Zamazenta\n|\n|upkeep\n|\n|t:|1701077752\n|switch|p2a: Corviknight|Corviknight, M|100\/100\n|switch|p1a: Grafaiai|Grafaiai, M|100\/100\n|-ability|p2a: Corviknight|Pressure\n|turn|14\n|\n|t:|1701077756\n|move|p1a: Grafaiai|Taunt|p2a: Corviknight\n|-start|p2a: Corviknight|move: Taunt\n|cant|p2a: Corviknight|move: Taunt|Defog\n|\n|upkeep\n|turn|15\n|\n|t:|1701077768\n|switch|p1a: Pawmot|Pawmot, F|72\/100\n|move|p2a: Corviknight|Body Press|p1a: Pawmot\n|-damage|p1a: Pawmot|32\/100\n|\n|upkeep\n|turn|16\n|\n|t:|1701077778\n|move|p1a: Pawmot|Destiny Bond|p1a: Pawmot\n|-singlemove|p1a: Pawmot|Destiny Bond\n|move|p2a: Corviknight|Body Press|p1a: Pawmot\n|-damage|p1a: Pawmot|0 fnt\n|faint|p1a: Pawmot\n|-activate|p1a: Pawmot|move: Destiny Bond\n|faint|p2a: Corviknight\n|\n|upkeep\n|\n|t:|1701077788\n|switch|p1a: Klefki|Klefki, M|24\/100\n|switch|p2a: Roaring Moon|Roaring Moon|100\/100\n|-damage|p2a: Roaring Moon|84\/100|[from] Spikes\n|turn|17\n|\n|t:|1701077793\n|move|p1a: Klefki|Destiny Bond|p1a: Klefki\n|-singlemove|p1a: Klefki|Destiny Bond\n|move|p2a: Roaring Moon|Earthquake|p1a: Klefki\n|-supereffective|p1a: Klefki\n|-damage|p1a: Klefki|0 fnt\n|faint|p1a: Klefki\n|-activate|p1a: Klefki|move: Destiny Bond\n|faint|p2a: Roaring Moon\n|-end|p2a: Roaring Moon|Protosynthesis|[silent]\n|\n|win|The True Avian\n|n|\u2606The True Avian|thetrueavian\n|n|\u2606Scipioklol|scipioklol\n|l|\u2606Scipioklol\n","uploadtime":1701077799,"views":2,"p1id":"thetrueavian","p2id":"scipioklol","formatid":"gen9anythinggoes","rating":0,"private":0,"password":""}