{"id":"gen9anythinggoes-1993693225","p1":"hoenn militian","p2":"kdach777777","format":"[Gen 9] Anything Goes","log":"|j|\u2606hoenn militian\n|j|\u2606kdach777777\n|t:|1700346259\n|gametype|singles\n|player|p1|hoenn militian|266|1781\n|player|p2|kdach777777|2|1661\n|teamsize|p1|6\n|teamsize|p2|6\n|gen|9\n|tier|[Gen 9] Anything Goes\n|rated|\n|rule|HP Percentage Mod: HP is shown in percentages\n|rule|Endless Battle Clause: Forcing endless battles is banned\n|clearpoke\n|poke|p1|Miraidon|\n|poke|p1|Grimmsnarl, M|\n|poke|p1|Skeledirge, M|\n|poke|p1|Blissey, F|\n|poke|p1|Weezing-Galar, M|\n|poke|p1|Calyrex-Ice|\n|poke|p2|Calyrex-Shadow|\n|poke|p2|Miraidon|\n|poke|p2|Kyogre|\n|poke|p2|Grimmsnarl, M|\n|poke|p2|Quagsire, F|\n|poke|p2|Glimmora, M|\n|teampreview\n|\n|t:|1700346270\n|start\n|switch|p1a: Miraidon|Miraidon|100\/100\n|switch|p2a: Glimmora|Glimmora, M|100\/100\n|-fieldstart|move: Electric Terrain|[from] ability: Hadron Engine|[of] p1a: Miraidon\n|turn|1\n|inactive|Battle timer is ON: inactive players will automatically lose when time's up. (requested by hoenn militian)\n|\n|t:|1700346392\n|switch|p2a: Quagsire|Quagsire, F|100\/100\n|move|p1a: Miraidon|Dragon Pulse|p2a: Quagsire\n|-damage|p2a: Quagsire|31\/100\n|\n|-heal|p2a: Quagsire|37\/100|[from] item: Leftovers\n|upkeep\n|turn|2\n|\n|t:|1700346405\n|switch|p2a: Grimmsnarl|Grimmsnarl, M|100\/100\n|move|p1a: Miraidon|Electro Drift|p2a: Grimmsnarl\n|-damage|p2a: Grimmsnarl|29\/100\n|\n|upkeep\n|turn|3\n|\n|t:|1700346414\n|move|p2a: Grimmsnarl|Light Screen|p2a: Grimmsnarl\n|-sidestart|p2: kdach777777|move: Light Screen\n|move|p1a: Miraidon|Electro Drift|p2a: Grimmsnarl\n|-damage|p2a: Grimmsnarl|0 fnt\n|faint|p2a: Grimmsnarl\n|\n|upkeep\n|\n|t:|1700346430\n|switch|p2a: Miraidon|Miraidon|100\/100\n|-activate|p2a: Miraidon|ability: Hadron Engine\n|turn|4\n|\n|t:|1700346448\n|switch|p1a: Blissey|Blissey, F|100\/100\n|move|p2a: Miraidon|Calm Mind|p2a: Miraidon\n|-boost|p2a: Miraidon|spa|1\n|-boost|p2a: Miraidon|spd|1\n|\n|upkeep\n|turn|5\n|\n|t:|1700346455\n|move|p2a: Miraidon|Calm Mind|p2a: Miraidon\n|-boost|p2a: Miraidon|spa|1\n|-boost|p2a: Miraidon|spd|1\n|move|p1a: Blissey|Seismic Toss|p2a: Miraidon\n|-damage|p2a: Miraidon|71\/100\n|\n|-fieldend|move: Electric Terrain\n|upkeep\n|turn|6\n|\n|t:|1700346466\n|move|p2a: Miraidon|Draco Meteor|p1a: Blissey\n|-damage|p1a: Blissey|47\/100\n|-unboost|p2a: Miraidon|spa|2\n|-damage|p2a: Miraidon|61\/100|[from] item: Life Orb\n|move|p1a: Blissey|Seismic Toss|p2a: Miraidon\n|-damage|p2a: Miraidon|32\/100\n|\n|upkeep\n|turn|7\n|\n|t:|1700346477\n|move|p2a: Miraidon|Calm Mind|p2a: Miraidon\n|-boost|p2a: Miraidon|spa|1\n|-boost|p2a: Miraidon|spd|1\n|move|p1a: Blissey|Soft-Boiled|p1a: Blissey\n|-heal|p1a: Blissey|97\/100\n|\n|upkeep\n|turn|8\n|\n|t:|1700346485\n|move|p2a: Miraidon|Electro Drift|p1a: Blissey\n|-damage|p1a: Blissey|69\/100\n|-damage|p2a: Miraidon|22\/100|[from] item: Life Orb\n|move|p1a: Blissey|Seismic Toss|p2a: Miraidon\n|-damage|p2a: Miraidon|0 fnt\n|faint|p2a: Miraidon\n|\n|upkeep\n|\n|t:|1700346496\n|switch|p2a: Quagsire|Quagsire, F|37\/100\n|turn|9\n|\n|t:|1700346500\n|switch|p1a: Weezing|Weezing-Galar, M|100\/100\n|move|p2a: Quagsire|Recover|p2a: Quagsire\n|-heal|p2a: Quagsire|87\/100\n|\n|-heal|p2a: Quagsire|93\/100|[from] item: Leftovers\n|upkeep\n|turn|10\n|\n|t:|1700346509\n|-terastallize|p2a: Quagsire|Poison\n|move|p1a: Weezing|Toxic|p2a: Quagsire\n|-immune|p2a: Quagsire\n|move|p2a: Quagsire|Amnesia|p2a: Quagsire\n|-boost|p2a: Quagsire|spd|2\n|\n|-heal|p2a: Quagsire|99\/100|[from] item: Leftovers\n|-sideend|p2: kdach777777|move: Light Screen\n|upkeep\n|turn|11\n|\n|t:|1700346520\n|switch|p1a: Skeledirge|Skeledirge, M|100\/100\n|move|p2a: Quagsire|Amnesia|p2a: Quagsire\n|-boost|p2a: Quagsire|spd|2\n|\n|-heal|p2a: Quagsire|100\/100|[from] item: Leftovers\n|upkeep\n|turn|12\n|\n|t:|1700346530\n|switch|p2a: Kyogre|Kyogre|100\/100\n|-weather|RainDance|[from] ability: Drizzle|[of] p2a: Kyogre\n|move|p1a: Skeledirge|Will-O-Wisp|p2a: Kyogre\n|-status|p2a: Kyogre|brn\n|\n|-weather|RainDance|[upkeep]\n|-damage|p2a: Kyogre|94\/100 brn|[from] brn\n|upkeep\n|turn|13\n|\n|t:|1700346548\n|switch|p1a: Miraidon|Miraidon|100\/100\n|-fieldstart|move: Electric Terrain|[from] ability: Hadron Engine|[of] p1a: Miraidon\n|move|p2a: Kyogre|Origin Pulse|p1a: Miraidon|[miss]\n|-miss|p2a: Kyogre|p1a: Miraidon\n|\n|-weather|RainDance|[upkeep]\n|-damage|p2a: Kyogre|88\/100 brn|[from] brn\n|upkeep\n|turn|14\n|\n|t:|1700346565\n|move|p1a: Miraidon|Protect|p1a: Miraidon\n|-singleturn|p1a: Miraidon|Protect\n|move|p2a: Kyogre|Origin Pulse|p1a: Miraidon\n|-activate|p1a: Miraidon|move: Protect\n|\n|-weather|RainDance|[upkeep]\n|-damage|p2a: Kyogre|82\/100 brn|[from] brn\n|upkeep\n|turn|15\n|inactive|kdach777777 has 120 seconds left.\n|\n|t:|1700346598\n|move|p2a: Kyogre|Origin Pulse|p1a: Miraidon\n|-resisted|p1a: Miraidon\n|-damage|p1a: Miraidon|57\/100\n|move|p1a: Miraidon|Electro Drift|p2a: Kyogre\n|-supereffective|p2a: Kyogre\n|-damage|p2a: Kyogre|0 fnt\n|faint|p2a: Kyogre\n|\n|-weather|RainDance|[upkeep]\n|upkeep\n|\n|t:|1700346610\n|switch|p2a: Calyrex|Calyrex-Shadow|100\/100\n|-ability|p2a: Calyrex|As One\n|-ability|p2a: Calyrex|Unnerve\n|turn|16\n|\n|t:|1700346616\n|switch|p1a: Grimmsnarl|Grimmsnarl, M|100\/100\n|move|p2a: Calyrex|Psychic|p1a: Grimmsnarl\n|-immune|p1a: Grimmsnarl\n|\n|-weather|none\n|upkeep\n|turn|17\n|inactive|kdach777777 has 120 seconds left.\n|\n|t:|1700346624\n|move|p2a: Calyrex|Astral Barrage|p1a: Grimmsnarl\n|-resisted|p1a: Grimmsnarl\n|-damage|p1a: Grimmsnarl|72\/100\n|move|p1a: Grimmsnarl|Spirit Break|p2a: Calyrex\n|-damage|p2a: Calyrex|62\/100\n|-unboost|p2a: Calyrex|spa|1\n|\n|-fieldend|move: Electric Terrain\n|upkeep\n|turn|18\n|-message|kdach777777 forfeited.\n|\n|win|hoenn militian\n|raw|hoenn militian's rating: 1781 &rarr; <strong>1794<\/strong><br \/>(+13 for winning)\n|raw|kdach777777's rating: 1661 &rarr; <strong>1648<\/strong><br \/>(-13 for losing)\n","uploadtime":1700346645,"views":4,"p1id":"hoennmilitian","p2id":"kdach777777","formatid":"gen9anythinggoes","rating":1648,"private":0,"password":""}