{"id":"gen9anythinggoes-1988591017","p1":"Supernevan6","p2":"Dumbfudge","format":"[Gen 9] Anything Goes","log":"|j|\u2606Supernevan6\n|j|\u2606Dumbfudge\n|t:|1699739541\n|gametype|singles\n|player|p1|Supernevan6|2|1244\n|player|p2|Dumbfudge|blackbelt-gen4dp|1262\n|teamsize|p1|6\n|teamsize|p2|6\n|gen|9\n|tier|[Gen 9] Anything Goes\n|rated|\n|rule|HP Percentage Mod: HP is shown in percentages\n|rule|Endless Battle Clause: Forcing endless battles is banned\n|clearpoke\n|poke|p1|Scovillain, M|\n|poke|p1|Ceruledge, F|\n|poke|p1|Azelf|\n|poke|p1|Vaporeon, M|\n|poke|p1|Pelipper, F|\n|poke|p1|Kyogre|\n|poke|p2|Espathra, F|\n|poke|p2|Shaymin-Sky|\n|poke|p2|Zacian-*|\n|poke|p2|Breloom, F|\n|poke|p2|Diancie|\n|poke|p2|Cryogonal|\n|teampreview\n|inactive|Battle timer is ON: inactive players will automatically lose when time's up. (requested by Dumbfudge)\n|\n|t:|1699739551\n|start\n|switch|p1a: Azelf|Azelf|100\/100\n|switch|p2a: Cushing|Diancie|100\/100\n|turn|1\n|\n|t:|1699739558\n|move|p1a: Azelf|Light Screen|p1a: Azelf\n|-sidestart|p1: Supernevan6|move: Light Screen\n|move|p2a: Cushing|Iron Defense|p2a: Cushing\n|-boost|p2a: Cushing|def|2\n|\n|upkeep\n|turn|2\n|\n|t:|1699739564\n|move|p1a: Azelf|Thunder Wave|p2a: Cushing\n|-status|p2a: Cushing|par\n|cant|p2a: Cushing|par\n|\n|upkeep\n|turn|3\n|\n|t:|1699739570\n|move|p1a: Azelf|Reflect|p1a: Azelf\n|-sidestart|p1: Supernevan6|Reflect\n|move|p2a: Cushing|Iron Defense|p2a: Cushing\n|-boost|p2a: Cushing|def|2\n|\n|upkeep\n|turn|4\n|\n|t:|1699739587\n|move|p1a: Azelf|Future Sight|p2a: Cushing\n|-start|p1a: Azelf|move: Future Sight\n|move|p2a: Cushing|Baton Pass|p2a: Cushing\n|\n|t:|1699739591\n|switch|p2a: Whooping cough|Zacian-Crowned|100\/100|[from] Baton Pass\n|-ability|p2a: Whooping cough|Intrepid Sword|boost\n|-boost|p2a: Whooping cough|atk|1\n|\n|upkeep\n|turn|5\n|\n|t:|1699739598\n|-terastallize|p2a: Whooping cough|Steel\n|move|p2a: Whooping cough|Behemoth Blade|p1a: Azelf\n|-damage|p1a: Azelf|31\/100\n|move|p1a: Azelf|Thunder Wave|p2a: Whooping cough\n|-status|p2a: Whooping cough|par\n|\n|-sideend|p1: Supernevan6|move: Light Screen\n|upkeep\n|turn|6\n|\n|t:|1699739608\n|move|p1a: Azelf|Light Screen|p1a: Azelf\n|-sidestart|p1: Supernevan6|move: Light Screen\n|move|p2a: Whooping cough|Behemoth Blade|p1a: Azelf\n|-damage|p1a: Azelf|0 fnt\n|faint|p1a: Azelf\n|\n|-end|p2a: Whooping cough|move: Future Sight\n|-resisted|p2a: Whooping cough\n|-damage|p2a: Whooping cough|77\/100 par\n|upkeep\n|\n|t:|1699739620\n|switch|p1a: Pelipper|Pelipper, F|100\/100\n|-weather|RainDance|[from] ability: Drizzle|[of] p1a: Pelipper\n|turn|7\n|\n|t:|1699739624\n|move|p1a: Pelipper|Tailwind|p1a: Pelipper\n|-sidestart|p1: Supernevan6|move: Tailwind\n|move|p2a: Whooping cough|Behemoth Blade|p1a: Pelipper\n|-resisted|p1a: Pelipper\n|-damage|p1a: Pelipper|62\/100\n|\n|-weather|RainDance|[upkeep]\n|-heal|p1a: Pelipper|68\/100|[from] item: Leftovers\n|-sideend|p1: Supernevan6|Reflect\n|upkeep\n|turn|8\n|\n|t:|1699739634\n|move|p1a: Pelipper|Dual Wingbeat|p2a: Whooping cough\n|-resisted|p2a: Whooping cough\n|-damage|p2a: Whooping cough|75\/100 par\n|-resisted|p2a: Whooping cough\n|-damage|p2a: Whooping cough|73\/100 par\n|-hitcount|p2a: Whooping cough|2\n|move|p2a: Whooping cough|Behemoth Blade|p1a: Pelipper\n|-resisted|p1a: Pelipper\n|-damage|p1a: Pelipper|0 fnt\n|faint|p1a: Pelipper\n|\n|-weather|RainDance|[upkeep]\n|upkeep\n|\n|t:|1699739646\n|switch|p1a: Scovillain|Scovillain, M|100\/100\n|turn|9\n|\n|t:|1699739650\n|move|p1a: Scovillain|Protect|p1a: Scovillain\n|-singleturn|p1a: Scovillain|Protect\n|move|p2a: Whooping cough|Behemoth Blade|p1a: Scovillain\n|-activate|p1a: Scovillain|move: Protect\n|\n|-weather|RainDance|[upkeep]\n|-ability|p1a: Scovillain|Moody|boost\n|-boost|p1a: Scovillain|spa|2\n|-unboost|p1a: Scovillain|spd|1\n|upkeep\n|turn|10\n|\n|t:|1699739661\n|move|p1a: Scovillain|Fire Blast|p2a: Whooping cough\n|-supereffective|p2a: Whooping cough\n|-damage|p2a: Whooping cough|0 fnt\n|faint|p2a: Whooping cough\n|\n|-weather|RainDance|[upkeep]\n|-sideend|p1: Supernevan6|move: Light Screen\n|-sideend|p1: Supernevan6|move: Tailwind\n|-ability|p1a: Scovillain|Moody|boost\n|-boost|p1a: Scovillain|spa|2\n|-unboost|p1a: Scovillain|spe|1\n|upkeep\n|\n|t:|1699739671\n|switch|p2a: Cancer|Shaymin-Sky|100\/100\n|turn|11\n|\n|t:|1699739677\n|move|p1a: Scovillain|Protect|p1a: Scovillain\n|-singleturn|p1a: Scovillain|Protect\n|move|p2a: Cancer|Air Slash|p1a: Scovillain\n|-activate|p1a: Scovillain|move: Protect\n|\n|-weather|none\n|-ability|p1a: Scovillain|Moody|boost\n|-boost|p1a: Scovillain|spd|2\n|-unboost|p1a: Scovillain|spa|1\n|upkeep\n|turn|12\n|\n|t:|1699739686\n|move|p2a: Cancer|Air Slash|p1a: Scovillain\n|-supereffective|p1a: Scovillain\n|-damage|p1a: Scovillain|57\/100\n|move|p1a: Scovillain|Leech Seed|p2a: Cancer\n|-immune|p2a: Cancer\n|\n|-ability|p1a: Scovillain|Moody|boost\n|-boost|p1a: Scovillain|atk|2\n|-unboost|p1a: Scovillain|spe|1\n|upkeep\n|turn|13\n|\n|t:|1699739697\n|move|p1a: Scovillain|Protect|p1a: Scovillain\n|-singleturn|p1a: Scovillain|Protect\n|move|p2a: Cancer|Air Slash|p1a: Scovillain\n|-activate|p1a: Scovillain|move: Protect\n|\n|-ability|p1a: Scovillain|Moody|boost\n|-boost|p1a: Scovillain|spa|2\n|-unboost|p1a: Scovillain|spd|1\n|upkeep\n|turn|14\n|\n|t:|1699739706\n|move|p2a: Cancer|Air Slash|p1a: Scovillain\n|-supereffective|p1a: Scovillain\n|-damage|p1a: Scovillain|0 fnt\n|faint|p1a: Scovillain\n|\n|upkeep\n|\n|t:|1699739710\n|switch|p1a: Ceruledge|Ceruledge, F|100\/100\n|turn|15\n|\n|t:|1699739714\n|move|p2a: Cancer|Air Slash|p1a: Ceruledge\n|-damage|p1a: Ceruledge|71\/100\n|move|p1a: Ceruledge|Bitter Blade|p2a: Cancer\n|-supereffective|p2a: Cancer\n|-crit|p2a: Cancer\n|-damage|p2a: Cancer|0 fnt\n|-heal|p1a: Ceruledge|100\/100|[from] drain|[of] p2a: Cancer\n|faint|p2a: Cancer\n|\n|upkeep\n|\n|t:|1699739732\n|switch|p2a: Cushing|Diancie|100\/100 par\n|turn|16\n|\n|t:|1699739755\n|move|p1a: Ceruledge|X-Scissor|p2a: Cushing\n|-resisted|p2a: Cushing\n|-damage|p2a: Cushing|88\/100 par\n|cant|p2a: Cushing|par\n|\n|-heal|p2a: Cushing|95\/100 par|[from] item: Leftovers\n|upkeep\n|turn|17\n|\n|t:|1699739764\n|move|p1a: Ceruledge|Dragon Claw|p2a: Cushing\n|-immune|p2a: Cushing\n|move|p2a: Cushing|Iron Defense|p2a: Cushing\n|-boost|p2a: Cushing|def|2\n|\n|-heal|p2a: Cushing|100\/100 par|[from] item: Leftovers\n|upkeep\n|turn|18\n|\n|t:|1699739773\n|move|p1a: Ceruledge|Clear Smog|p2a: Cushing\n|-damage|p2a: Cushing|94\/100 par\n|-clearboost|p2a: Cushing\n|move|p2a: Cushing|Iron Defense|p2a: Cushing\n|-boost|p2a: Cushing|def|2\n|\n|-heal|p2a: Cushing|100\/100 par|[from] item: Leftovers\n|upkeep\n|turn|19\n|\n|t:|1699739783\n|move|p1a: Ceruledge|Clear Smog|p2a: Cushing\n|-damage|p2a: Cushing|93\/100 par\n|-clearboost|p2a: Cushing\n|move|p2a: Cushing|Spikes|p1a: Ceruledge\n|-sidestart|p1: Supernevan6|Spikes\n|\n|-heal|p2a: Cushing|99\/100 par|[from] item: Leftovers\n|upkeep\n|turn|20\n|\n|t:|1699739794\n|move|p1a: Ceruledge|Bitter Blade|p2a: Cushing\n|-resisted|p2a: Cushing\n|-damage|p2a: Cushing|79\/100 par\n|cant|p2a: Cushing|par\n|\n|-heal|p2a: Cushing|86\/100 par|[from] item: Leftovers\n|upkeep\n|turn|21\n|\n|t:|1699739803\n|move|p1a: Ceruledge|Bitter Blade|p2a: Cushing\n|-resisted|p2a: Cushing\n|-damage|p2a: Cushing|66\/100 par\n|move|p2a: Cushing|Spikes|p1a: Ceruledge\n|-sidestart|p1: Supernevan6|Spikes\n|\n|-heal|p2a: Cushing|72\/100 par|[from] item: Leftovers\n|upkeep\n|turn|22\n|\n|t:|1699739811\n|move|p1a: Ceruledge|Bitter Blade|p2a: Cushing\n|-resisted|p2a: Cushing\n|-damage|p2a: Cushing|53\/100 par\n|cant|p2a: Cushing|par\n|\n|-heal|p2a: Cushing|59\/100 par|[from] item: Leftovers\n|upkeep\n|turn|23\n|\n|t:|1699739819\n|move|p1a: Ceruledge|Bitter Blade|p2a: Cushing\n|-resisted|p2a: Cushing\n|-damage|p2a: Cushing|42\/100 par\n|move|p2a: Cushing|Spikes|p1a: Ceruledge\n|-sidestart|p1: Supernevan6|Spikes\n|\n|-heal|p2a: Cushing|48\/100 par|[from] item: Leftovers\n|upkeep\n|turn|24\n|\n|t:|1699739828\n|move|p1a: Ceruledge|Bitter Blade|p2a: Cushing\n|-resisted|p2a: Cushing\n|-damage|p2a: Cushing|28\/100 par\n|cant|p2a: Cushing|par\n|\n|-heal|p2a: Cushing|35\/100 par|[from] item: Leftovers\n|upkeep\n|turn|25\n|\n|t:|1699739836\n|move|p1a: Ceruledge|Bitter Blade|p2a: Cushing\n|-resisted|p2a: Cushing\n|-damage|p2a: Cushing|14\/100 par\n|move|p2a: Cushing|Stealth Rock|p1a: Ceruledge\n|-sidestart|p1: Supernevan6|move: Stealth Rock\n|\n|-heal|p2a: Cushing|20\/100 par|[from] item: Leftovers\n|upkeep\n|turn|26\n|\n|t:|1699739845\n|move|p1a: Ceruledge|Bitter Blade|p2a: Cushing\n|-resisted|p2a: Cushing\n|-damage|p2a: Cushing|1\/100 par\n|move|p2a: Cushing|Iron Defense|p2a: Cushing\n|-boost|p2a: Cushing|def|2\n|\n|-heal|p2a: Cushing|8\/100 par|[from] item: Leftovers\n|upkeep\n|turn|27\n|\n|t:|1699739855\n|move|p1a: Ceruledge|Bitter Blade|p2a: Cushing\n|-resisted|p2a: Cushing\n|-damage|p2a: Cushing|0 fnt\n|faint|p2a: Cushing\n|\n|upkeep\n|\n|t:|1699739861\n|switch|p2a: Dry eye|Cryogonal|100\/100\n|turn|28\n|\n|t:|1699739868\n|move|p2a: Dry eye|Explosion|p1a: Ceruledge\n|-immune|p1a: Ceruledge\n|faint|p2a: Dry eye\n|move|p1a: Ceruledge|Bitter Blade|p2: Dry eye|[notarget]\n|-fail|p1a: Ceruledge\n|\n|upkeep\n|\n|t:|1699739875\n|switch|p2a: Chickenpox|Espathra, F|100\/100\n|turn|29\n|\n|t:|1699739880\n|move|p2a: Chickenpox|Protect|p2a: Chickenpox\n|-singleturn|p2a: Chickenpox|Protect\n|move|p1a: Ceruledge|X-Scissor|p2a: Chickenpox\n|-activate|p2a: Chickenpox|move: Protect\n|\n|-ability|p2a: Chickenpox|Speed Boost|boost\n|-boost|p2a: Chickenpox|spe|1\n|upkeep\n|turn|30\n|\n|t:|1699739889\n|move|p2a: Chickenpox|Substitute|p2a: Chickenpox\n|-start|p2a: Chickenpox|Substitute\n|-damage|p2a: Chickenpox|76\/100\n|move|p1a: Ceruledge|X-Scissor|p2a: Chickenpox\n|-supereffective|p2a: Chickenpox\n|-end|p2a: Chickenpox|Substitute\n|\n|-ability|p2a: Chickenpox|Speed Boost|boost\n|-boost|p2a: Chickenpox|spe|1\n|upkeep\n|turn|31\n|\n|t:|1699739899\n|move|p2a: Chickenpox|Hypnosis|p1a: Ceruledge|[miss]\n|-miss|p2a: Chickenpox|p1a: Ceruledge\n|move|p1a: Ceruledge|X-Scissor|p2a: Chickenpox\n|-supereffective|p2a: Chickenpox\n|-damage|p2a: Chickenpox|9\/100\n|\n|-ability|p2a: Chickenpox|Speed Boost|boost\n|-boost|p2a: Chickenpox|spe|1\n|upkeep\n|turn|32\n|\n|t:|1699739909\n|move|p2a: Chickenpox|Baton Pass|p2a: Chickenpox\n|\n|t:|1699739911\n|switch|p2a: Flat out AIDS|Breloom, F|100\/100|[from] Baton Pass\n|move|p1a: Ceruledge|X-Scissor|p2a: Flat out AIDS\n|-damage|p2a: Flat out AIDS|63\/100\n|\n|-status|p2a: Flat out AIDS|tox|[from] item: Toxic Orb\n|upkeep\n|turn|33\n|\n|t:|1699739922\n|move|p2a: Flat out AIDS|Spore|p1a: Ceruledge\n|-status|p1a: Ceruledge|slp|[from] move: Spore\n|cant|p1a: Ceruledge|slp\n|\n|-heal|p2a: Flat out AIDS|75\/100 tox|[from] ability: Poison Heal\n|upkeep\n|turn|34\n|\n|t:|1699739931\n|move|p2a: Flat out AIDS|Substitute|p2a: Flat out AIDS\n|-start|p2a: Flat out AIDS|Substitute\n|-damage|p2a: Flat out AIDS|50\/100 tox\n|cant|p1a: Ceruledge|slp\n|\n|-heal|p2a: Flat out AIDS|63\/100 tox|[from] ability: Poison Heal\n|upkeep\n|turn|35\n|\n|t:|1699739942\n|move|p2a: Flat out AIDS|Leech Seed|p1a: Ceruledge\n|-start|p1a: Ceruledge|move: Leech Seed\n|-curestatus|p1a: Ceruledge|slp|[msg]\n|move|p1a: Ceruledge|Bitter Blade|p2a: Flat out AIDS\n|-supereffective|p2a: Flat out AIDS\n|-end|p2a: Flat out AIDS|Substitute\n|\n|-damage|p1a: Ceruledge|88\/100|[from] Leech Seed|[of] p2a: Flat out AIDS\n|-heal|p2a: Flat out AIDS|74\/100 tox|[silent]\n|-heal|p2a: Flat out AIDS|86\/100 tox|[from] ability: Poison Heal\n|upkeep\n|turn|36\n|\n|t:|1699739954\n|move|p2a: Flat out AIDS|Spore|p1a: Ceruledge\n|-status|p1a: Ceruledge|slp|[from] move: Spore\n|cant|p1a: Ceruledge|slp\n|\n|-damage|p1a: Ceruledge|76\/100 slp|[from] Leech Seed|[of] p2a: Flat out AIDS\n|-heal|p2a: Flat out AIDS|97\/100 tox|[silent]\n|-heal|p2a: Flat out AIDS|100\/100 tox|[from] ability: Poison Heal\n|upkeep\n|turn|37\n|\n|t:|1699739963\n|move|p2a: Flat out AIDS|Substitute|p2a: Flat out AIDS\n|-start|p2a: Flat out AIDS|Substitute\n|-damage|p2a: Flat out AIDS|75\/100 tox\n|cant|p1a: Ceruledge|slp\n|\n|-damage|p1a: Ceruledge|63\/100 slp|[from] Leech Seed|[of] p2a: Flat out AIDS\n|-heal|p2a: Flat out AIDS|87\/100 tox|[silent]\n|-heal|p2a: Flat out AIDS|99\/100 tox|[from] ability: Poison Heal\n|upkeep\n|turn|38\n|\n|t:|1699739973\n|move|p2a: Flat out AIDS|Zen Headbutt|p1a: Ceruledge\n|-damage|p1a: Ceruledge|28\/100 slp\n|-ability|p1a: Ceruledge|Weak Armor|boost\n|-unboost|p1a: Ceruledge|def|1\n|-boost|p1a: Ceruledge|spe|2\n|cant|p1a: Ceruledge|slp\n|\n|-damage|p1a: Ceruledge|16\/100 slp|[from] Leech Seed|[of] p2a: Flat out AIDS\n|-heal|p2a: Flat out AIDS|100\/100 tox|[silent]\n|upkeep\n|turn|39\n|\n|t:|1699739984\n|move|p2a: Flat out AIDS|Zen Headbutt|p1a: Ceruledge\n|-damage|p1a: Ceruledge|0 fnt\n|faint|p1a: Ceruledge\n|\n|upkeep\n|\n|t:|1699739991\n|switch|p1a: Kyogre|Kyogre, shiny|100\/100\n|-damage|p1a: Kyogre|76\/100|[from] Spikes\n|-damage|p1a: Kyogre|63\/100|[from] Stealth Rock\n|-weather|RainDance|[from] ability: Drizzle|[of] p1a: Kyogre\n|turn|40\n|\n|t:|1699740002\n|move|p2a: Flat out AIDS|Spore|p1a: Kyogre\n|-status|p1a: Kyogre|slp|[from] move: Spore\n|cant|p1a: Kyogre|slp\n|\n|-weather|RainDance|[upkeep]\n|upkeep\n|turn|41\n|\n|t:|1699740009\n|move|p2a: Flat out AIDS|Leech Seed|p1a: Kyogre\n|-start|p1a: Kyogre|move: Leech Seed\n|-curestatus|p1a: Kyogre|slp|[msg]\n|move|p1a: Kyogre|Ice Beam|p2a: Flat out AIDS\n|-supereffective|p2a: Flat out AIDS\n|-end|p2a: Flat out AIDS|Substitute\n|\n|-weather|RainDance|[upkeep]\n|-damage|p1a: Kyogre|51\/100|[from] Leech Seed|[of] p2a: Flat out AIDS\n|upkeep\n|turn|42\n|\n|t:|1699740020\n|move|p2a: Flat out AIDS|Spore|p1a: Kyogre\n|-status|p1a: Kyogre|slp|[from] move: Spore\n|cant|p1a: Kyogre|slp\n|\n|-weather|RainDance|[upkeep]\n|-damage|p1a: Kyogre|39\/100 slp|[from] Leech Seed|[of] p2a: Flat out AIDS\n|upkeep\n|turn|43\n|\n|t:|1699740028\n|move|p2a: Flat out AIDS|Substitute|p2a: Flat out AIDS\n|-start|p2a: Flat out AIDS|Substitute\n|-damage|p2a: Flat out AIDS|75\/100 tox\n|-curestatus|p1a: Kyogre|slp|[msg]\n|move|p1a: Kyogre|Ice Beam|p2a: Flat out AIDS\n|-supereffective|p2a: Flat out AIDS\n|-end|p2a: Flat out AIDS|Substitute\n|\n|-weather|RainDance|[upkeep]\n|-damage|p1a: Kyogre|26\/100|[from] Leech Seed|[of] p2a: Flat out AIDS\n|-heal|p2a: Flat out AIDS|88\/100 tox|[silent]\n|-heal|p2a: Flat out AIDS|100\/100 tox|[from] ability: Poison Heal\n|upkeep\n|turn|44\n|\n|t:|1699740042\n|move|p2a: Flat out AIDS|Spore|p1a: Kyogre\n|-status|p1a: Kyogre|slp|[from] move: Spore\n|cant|p1a: Kyogre|slp\n|\n|-weather|none\n|-damage|p1a: Kyogre|14\/100 slp|[from] Leech Seed|[of] p2a: Flat out AIDS\n|upkeep\n|turn|45\n|\n|t:|1699740050\n|move|p2a: Flat out AIDS|Substitute|p2a: Flat out AIDS\n|-start|p2a: Flat out AIDS|Substitute\n|-damage|p2a: Flat out AIDS|75\/100 tox\n|cant|p1a: Kyogre|slp\n|\n|-damage|p1a: Kyogre|2\/100 slp|[from] Leech Seed|[of] p2a: Flat out AIDS\n|-heal|p2a: Flat out AIDS|88\/100 tox|[silent]\n|-heal|p2a: Flat out AIDS|100\/100 tox|[from] ability: Poison Heal\n|upkeep\n|turn|46\n|\n|t:|1699740060\n|move|p2a: Flat out AIDS|Zen Headbutt|p1a: Kyogre\n|-damage|p1a: Kyogre|0 fnt\n|faint|p1a: Kyogre\n|\n|upkeep\n|\n|t:|1699740064\n|switch|p1a: Vaporeon|Vaporeon, M|100\/100\n|-damage|p1a: Vaporeon|76\/100|[from] Spikes\n|-damage|p1a: Vaporeon|63\/100|[from] Stealth Rock\n|turn|47\n|\n|t:|1699740072\n|move|p2a: Flat out AIDS|Spore|p1a: Vaporeon\n|-status|p1a: Vaporeon|slp|[from] move: Spore\n|cant|p1a: Vaporeon|slp\n|\n|upkeep\n|turn|48\n|\n|t:|1699740079\n|move|p2a: Flat out AIDS|Leech Seed|p1a: Vaporeon\n|-start|p1a: Vaporeon|move: Leech Seed\n|cant|p1a: Vaporeon|slp\n|\n|-damage|p1a: Vaporeon|51\/100 slp|[from] Leech Seed|[of] p2a: Flat out AIDS\n|upkeep\n|turn|49\n|\n|t:|1699740087\n|move|p2a: Flat out AIDS|Zen Headbutt|p1a: Vaporeon\n|-damage|p1a: Vaporeon|24\/100 slp\n|cant|p1a: Vaporeon|slp\n|\n|-damage|p1a: Vaporeon|12\/100 slp|[from] Leech Seed|[of] p2a: Flat out AIDS\n|upkeep\n|turn|50\n|c|\u2606Supernevan6|GG\n|\n|t:|1699740097\n|move|p2a: Flat out AIDS|Zen Headbutt|p1a: Vaporeon\n|-damage|p1a: Vaporeon|0 fnt\n|faint|p1a: Vaporeon\n|\n|win|Dumbfudge\n|raw|Supernevan6's rating: 1244 &rarr; <strong>1220<\/strong><br \/>(-24 for losing)\n|raw|Dumbfudge's rating: 1262 &rarr; <strong>1286<\/strong><br \/>(+24 for winning)\n|l|\u2606Dumbfudge\n","uploadtime":1699740110,"views":27,"p1id":"supernevan6","p2id":"dumbfudge","formatid":"gen9anythinggoes","rating":1220,"private":0,"password":""}