{"id":"gen9anythinggoes-1975811727","p1":"DEAXTHZSX","p2":"lordshadow.43","format":"[Gen 9] Anything Goes","log":"|j|\u2606DEAXTHZSX\n|j|\u203dlordshadow.43\n|t:|1698240366\n|gametype|singles\n|player|p1|DEAXTHZSX|morty|1033\n|player|p2|lordshadow.43|shadowtriad|1084\n|teamsize|p1|6\n|teamsize|p2|6\n|gen|9\n|tier|[Gen 9] Anything Goes\n|rated|\n|rule|HP Percentage Mod: HP is shown in percentages\n|rule|Endless Battle Clause: Forcing endless battles is banned\n|clearpoke\n|poke|p1|Annihilape, F|\n|poke|p1|Arceus-Fairy|\n|poke|p1|Slowbro-Galar, M|\n|poke|p1|Cyclizar, F|\n|poke|p1|Chien-Pao|\n|poke|p1|Ditto|\n|poke|p2|Landorus, M|\n|poke|p2|Thundurus, M|\n|poke|p2|Tornadus, M|\n|poke|p2|Conkeldurr, F|\n|poke|p2|Chimecho, M|\n|poke|p2|Chingling, M|\n|teampreview\n|inactive|Battle timer is ON: inactive players will automatically lose when time's up. (requested by DEAXTHZSX)\n|\n|t:|1698240375\n|start\n|switch|p1a: Cyclizar|Cyclizar, F|100\/100\n|switch|p2a: Chingling|Chingling, M|100\/100\n|turn|1\n|\n|t:|1698240381\n|move|p1a: Cyclizar|Shed Tail|p1a: Cyclizar\n|-start|p1a: Cyclizar|Substitute|[from] move: Shed Tail\n|-damage|p1a: Cyclizar|50\/100\n|-enditem|p1a: Cyclizar|Sitrus Berry|[eat]\n|-heal|p1a: Cyclizar|75\/100|[from] item: Sitrus Berry\n|\n|t:|1698240385\n|switch|p1a: Slowbro|Slowbro-Galar, M|100\/100|[from] Shed Tail\n|move|p2a: Chingling|Hypnosis||[still]\n|-fail|p2a: Chingling\n|\n|upkeep\n|turn|2\n|\n|t:|1698240393\n|move|p2a: Chingling|Calm Mind|p2a: Chingling\n|-boost|p2a: Chingling|spa|1\n|-boost|p2a: Chingling|spd|1\n|move|p1a: Slowbro|Belly Drum|p1a: Slowbro\n|-damage|p1a: Slowbro|51\/100\n|-setboost|p1a: Slowbro|atk|6|[from] move: Belly Drum\n|\n|upkeep\n|turn|3\n|-activate|p1a: Slowbro|ability: Quick Draw\n|\n|t:|1698240401\n|move|p1a: Slowbro|Shell Side Arm|p2a: Chingling|[anim] Shell Side Arm Physical\n|-damage|p2a: Chingling|0 fnt\n|-hint|Physical Shell Side Arm\n|faint|p2a: Chingling\n|\n|upkeep\n|\n|t:|1698240410\n|switch|p2a: Thundurus|Thundurus, M|100\/100\n|turn|4\n|-activate|p1a: Slowbro|ability: Quick Draw\n|\n|t:|1698240415\n|move|p1a: Slowbro|Shell Side Arm|p2a: Thundurus|[anim] Shell Side Arm Physical\n|-damage|p2a: Thundurus|0 fnt\n|-hint|Physical Shell Side Arm\n|faint|p2a: Thundurus\n|\n|upkeep\n|\n|t:|1698240422\n|switch|p2a: Tornadus|Tornadus, M|100\/100\n|turn|5\n|-activate|p1a: Slowbro|ability: Quick Draw\n|\n|t:|1698240427\n|move|p1a: Slowbro|Shell Side Arm|p2a: Tornadus|[anim] Shell Side Arm Physical\n|-damage|p2a: Tornadus|0 fnt\n|-hint|Physical Shell Side Arm\n|faint|p2a: Tornadus\n|\n|upkeep\n|\n|t:|1698240434\n|switch|p2a: Chimecho|Chimecho, M|100\/100\n|turn|6\n|\n|t:|1698240440\n|move|p2a: Chimecho|Dazzling Gleam|p1a: Slowbro\n|-resisted|p1a: Slowbro\n|-activate|p1a: Slowbro|move: Substitute|[damage]\n|move|p1a: Slowbro|Shell Side Arm|p2a: Chimecho|[anim] Shell Side Arm Physical\n|-damage|p2a: Chimecho|0 fnt\n|-hint|Physical Shell Side Arm\n|faint|p2a: Chimecho\n|\n|upkeep\n|\n|t:|1698240448\n|switch|p2a: Conkeldurr|Conkeldurr, F|100\/100\n|turn|7\n|-activate|p1a: Slowbro|ability: Quick Draw\n|\n|t:|1698240452\n|move|p1a: Slowbro|Drain Punch|p2a: Conkeldurr\n|-damage|p2a: Conkeldurr|23\/100\n|-heal|p1a: Slowbro|91\/100|[from] drain|[of] p2a: Conkeldurr\n|move|p2a: Conkeldurr|Brick Break|p1a: Slowbro\n|-resisted|p1a: Slowbro\n|-end|p1a: Slowbro|Substitute\n|\n|upkeep\n|turn|8\n|-activate|p1a: Slowbro|ability: Quick Draw\n|\n|t:|1698240462\n|move|p1a: Slowbro|Shell Side Arm|p2a: Conkeldurr|[anim] Shell Side Arm Physical\n|-damage|p2a: Conkeldurr|0 fnt\n|-hint|Physical Shell Side Arm\n|faint|p2a: Conkeldurr\n|\n|upkeep\n|\n|t:|1698240468\n|switch|p2a: Landorus|Landorus, M|100\/100\n|turn|9\n|-activate|p1a: Slowbro|ability: Quick Draw\n|\n|t:|1698240473\n|-terastallize|p1a: Slowbro|Fairy\n|move|p1a: Slowbro|Shell Side Arm|p2a: Landorus|[anim] Shell Side Arm Physical\n|-resisted|p2a: Landorus\n|-damage|p2a: Landorus|0 fnt\n|-hint|Physical Shell Side Arm\n|faint|p2a: Landorus\n|\n|win|DEAXTHZSX\n|raw|DEAXTHZSX's rating: 1033 &rarr; <strong>1073<\/strong><br \/>(+40 for winning)\n|raw|lordshadow.43's rating: 1084 &rarr; <strong>1058<\/strong><br \/>(-26 for losing)\n|l|\u203dlordshadow.43\n|l|\u2606DEAXTHZSX\n|j|\u2606DEAXTHZSX\n|player|p1|DEAXTHZSX|morty\n|l|\u2606DEAXTHZSX\n|player|p1|\n|j|\u2606DEAXTHZSX\n|player|p1|DEAXTHZSX|morty\n","uploadtime":1698240720,"views":13,"p1id":"deaxthzsx","p2id":"lordshadow43","formatid":"gen9anythinggoes","rating":1058,"private":0,"password":""}