{"id":"gen9anythinggoes-1992577388","p1":"papahue","p2":"Truly_Merciless","format":"[Gen 9] Anything Goes","log":"|j|\u2606papahue\n|j|\u2606Truly_Merciless\n|t:|1700208899\n|gametype|singles\n|player|p1|papahue|266|1335\n|player|p2|Truly_Merciless|acetrainerf-gen4|1263\n|teamsize|p1|6\n|teamsize|p2|6\n|gen|9\n|tier|[Gen 9] Anything Goes\n|rated|\n|rule|HP Percentage Mod: HP is shown in percentages\n|rule|Endless Battle Clause: Forcing endless battles is banned\n|clearpoke\n|poke|p1|Espathra, F|\n|poke|p1|Grimmsnarl, M|\n|poke|p1|Torkoal, M|\n|poke|p1|Vaporeon, F|\n|poke|p1|Meowscarada, F|\n|poke|p1|Delphox, M|\n|poke|p2|Umbreon, F|\n|poke|p2|Sylveon, F|\n|poke|p2|Espeon, F|\n|poke|p2|Flareon, F|\n|poke|p2|Leafeon, F|\n|poke|p2|Vaporeon, F|\n|teampreview\n|\n|t:|1700208918\n|start\n|switch|p1a: Flora|Meowscarada, F|100\/100\n|switch|p2a: Espeon|Espeon, F|100\/100\n|turn|1\n|\n|t:|1700208924\n|switch|p1a: Oog|Torkoal, M|100\/100\n|-weather|SunnyDay|[from] ability: Drought|[of] p1a: Oog\n|move|p2a: Espeon|Reflect|p2a: Espeon\n|-sidestart|p2: Truly_Merciless|Reflect\n|\n|-weather|SunnyDay|[upkeep]\n|upkeep\n|turn|2\n|\n|t:|1700208930\n|move|p2a: Espeon|Calm Mind|p2a: Espeon\n|-boost|p2a: Espeon|spa|1\n|-boost|p2a: Espeon|spd|1\n|move|p1a: Oog|Lava Plume|p2a: Espeon\n|-damage|p2a: Espeon|73\/100\n|\n|-weather|SunnyDay|[upkeep]\n|-heal|p2a: Espeon|79\/100|[from] item: Leftovers\n|upkeep\n|turn|3\n|\n|t:|1700208938\n|move|p2a: Espeon|Calm Mind|p2a: Espeon\n|-boost|p2a: Espeon|spa|1\n|-boost|p2a: Espeon|spd|1\n|move|p1a: Oog|Clear Smog|p2a: Espeon\n|-damage|p2a: Espeon|73\/100\n|-clearboost|p2a: Espeon\n|\n|-weather|SunnyDay|[upkeep]\n|-heal|p2a: Espeon|79\/100|[from] item: Leftovers\n|upkeep\n|turn|4\n|\n|t:|1700208947\n|move|p2a: Espeon|Substitute|p2a: Espeon\n|-start|p2a: Espeon|Substitute\n|-damage|p2a: Espeon|54\/100\n|move|p1a: Oog|Lava Plume|p2a: Espeon\n|-end|p2a: Espeon|Substitute\n|\n|-weather|SunnyDay|[upkeep]\n|-heal|p2a: Espeon|60\/100|[from] item: Leftovers\n|upkeep\n|turn|5\n|\n|t:|1700208955\n|move|p2a: Espeon|Calm Mind|p2a: Espeon\n|-boost|p2a: Espeon|spa|1\n|-boost|p2a: Espeon|spd|1\n|move|p1a: Oog|Lava Plume|p2a: Espeon\n|-damage|p2a: Espeon|34\/100\n|\n|-weather|none\n|-heal|p2a: Espeon|40\/100|[from] item: Leftovers\n|-sideend|p2: Truly_Merciless|Reflect\n|upkeep\n|turn|6\n|\n|t:|1700208963\n|switch|p1a: Ronald G. Snarls|Grimmsnarl, M|100\/100\n|move|p2a: Espeon|Substitute|p2a: Espeon\n|-start|p2a: Espeon|Substitute\n|-damage|p2a: Espeon|15\/100\n|\n|-heal|p2a: Espeon|22\/100|[from] item: Leftovers\n|upkeep\n|turn|7\n|c|\u2606papahue|Get out\n|\n|t:|1700208970\n|move|p1a: Ronald G. Snarls|Parting Shot|p2a: Espeon\n|move|p2a: Espeon|Parting Shot|p1a: Ronald G. Snarls|[from]ability: Magic Bounce\n|-unboost|p1a: Ronald G. Snarls|atk|1\n|-unboost|p1a: Ronald G. Snarls|spa|1\n|\n|t:|1700208990\n|switch|p2a: Vaporeon|Vaporeon, F, shiny|100\/100|[from] Parting Shot\n|\n|upkeep\n|turn|8\n|\n|t:|1700208994\n|move|p1a: Ronald G. Snarls|Light Screen|p1a: Ronald G. Snarls\n|-sidestart|p1: papahue|move: Light Screen\n|move|p2a: Vaporeon|Acid Armor|p2a: Vaporeon\n|-boost|p2a: Vaporeon|def|2\n|\n|upkeep\n|turn|9\n|\n|t:|1700209000\n|move|p1a: Ronald G. Snarls|Reflect|p1a: Ronald G. Snarls\n|-sidestart|p1: papahue|Reflect\n|move|p2a: Vaporeon|Acid Armor|p2a: Vaporeon\n|-boost|p2a: Vaporeon|def|2\n|\n|upkeep\n|turn|10\n|\n|t:|1700209005\n|move|p1a: Ronald G. Snarls|Parting Shot|p2a: Vaporeon\n|-unboost|p2a: Vaporeon|atk|1\n|-unboost|p2a: Vaporeon|spa|1\n|\n|t:|1700209013\n|switch|p1a: Salacia|Vaporeon, F|100\/100|[from] Parting Shot\n|move|p2a: Vaporeon|Baton Pass|p2a: Vaporeon\n|inactive|Battle timer is ON: inactive players will automatically lose when time's up. (requested by papahue)\n|\n|t:|1700209035\n|switch|p2a: Sylveon|Sylveon, F, shiny|100\/100|[from] Baton Pass\n|\n|upkeep\n|turn|11\n|\n|t:|1700209039\n|move|p2a: Sylveon|Calm Mind|p2a: Sylveon\n|-boost|p2a: Sylveon|spa|1\n|-boost|p2a: Sylveon|spd|1\n|move|p1a: Salacia|Substitute|p1a: Salacia\n|-start|p1a: Salacia|Substitute\n|-damage|p1a: Salacia|75\/100\n|\n|-heal|p1a: Salacia|82\/100|[from] item: Leftovers\n|upkeep\n|turn|12\n|\n|t:|1700209048\n|move|p2a: Sylveon|Calm Mind|p2a: Sylveon\n|-boost|p2a: Sylveon|spa|1\n|-boost|p2a: Sylveon|spd|1\n|move|p1a: Salacia|Haze|p1a: Salacia\n|-clearallboost\n|\n|-heal|p1a: Salacia|88\/100|[from] item: Leftovers\n|upkeep\n|turn|13\n|\n|t:|1700209056\n|move|p2a: Sylveon|Calm Mind|p2a: Sylveon\n|-boost|p2a: Sylveon|spa|1\n|-boost|p2a: Sylveon|spd|1\n|move|p1a: Salacia|Scald|p2a: Sylveon\n|-damage|p2a: Sylveon|81\/100\n|\n|-heal|p1a: Salacia|94\/100|[from] item: Leftovers\n|upkeep\n|turn|14\n|\n|t:|1700209068\n|move|p2a: Sylveon|Hyper Voice|p1a: Salacia\n|-damage|p1a: Salacia|62\/100\n|-enditem|p2a: Sylveon|Throat Spray\n|-boost|p2a: Sylveon|spa|1|[from] item: Throat Spray\n|move|p1a: Salacia|Haze|p1a: Salacia\n|-clearallboost\n|\n|-heal|p1a: Salacia|68\/100|[from] item: Leftovers\n|upkeep\n|turn|15\n|\n|t:|1700209083\n|switch|p1a: Oog|Torkoal, M|100\/100\n|-weather|SunnyDay|[from] ability: Drought|[of] p1a: Oog\n|move|p2a: Sylveon|Hyper Voice|p1a: Oog\n|-resisted|p1a: Oog\n|-damage|p1a: Oog|87\/100\n|\n|-weather|SunnyDay|[upkeep]\n|-sideend|p1: papahue|move: Light Screen\n|upkeep\n|turn|16\n|\n|t:|1700209094\n|move|p2a: Sylveon|Substitute|p2a: Sylveon\n|-start|p2a: Sylveon|Substitute\n|-damage|p2a: Sylveon|56\/100\n|move|p1a: Oog|Lava Plume|p2a: Sylveon\n|-end|p2a: Sylveon|Substitute\n|\n|-weather|SunnyDay|[upkeep]\n|-sideend|p1: papahue|Reflect\n|upkeep\n|turn|17\n|\n|t:|1700209101\n|move|p2a: Sylveon|Calm Mind|p2a: Sylveon\n|-boost|p2a: Sylveon|spa|1\n|-boost|p2a: Sylveon|spd|1\n|move|p1a: Oog|Lava Plume|p2a: Sylveon\n|-damage|p2a: Sylveon|37\/100\n|\n|-weather|SunnyDay|[upkeep]\n|upkeep\n|turn|18\n|\n|t:|1700209107\n|move|p2a: Sylveon|Baton Pass|p2a: Sylveon\n|\n|t:|1700209112\n|switch|p2a: Vaporeon|Vaporeon, F, shiny|100\/100|[from] Baton Pass\n|move|p1a: Oog|Clear Smog|p2a: Vaporeon\n|-damage|p2a: Vaporeon|96\/100\n|-clearboost|p2a: Vaporeon\n|\n|-weather|SunnyDay|[upkeep]\n|-heal|p2a: Vaporeon|100\/100|[from] item: Leftovers\n|upkeep\n|turn|19\n|\n|t:|1700209120\n|move|p2a: Vaporeon|Rain Dance|p2a: Vaporeon\n|-weather|RainDance\n|move|p1a: Oog|Stealth Rock|p2a: Vaporeon\n|-sidestart|p2: Truly_Merciless|move: Stealth Rock\n|\n|-weather|RainDance|[upkeep]\n|upkeep\n|turn|20\n|\n|t:|1700209128\n|switch|p1a: Salacia|Vaporeon, F|68\/100\n|move|p2a: Vaporeon|Scald|p1a: Salacia\n|-heal|p1a: Salacia|93\/100|[from] ability: Water Absorb|[of] p2a: Vaporeon\n|\n|-weather|RainDance|[upkeep]\n|-heal|p1a: Salacia|99\/100|[from] item: Leftovers\n|upkeep\n|turn|21\n|\n|t:|1700209141\n|move|p1a: Salacia|Substitute|p1a: Salacia\n|-start|p1a: Salacia|Substitute\n|-damage|p1a: Salacia|75\/100\n|move|p2a: Vaporeon|Acid Armor|p2a: Vaporeon\n|-boost|p2a: Vaporeon|def|2\n|\n|-weather|RainDance|[upkeep]\n|-heal|p1a: Salacia|81\/100|[from] item: Leftovers\n|upkeep\n|turn|22\n|\n|t:|1700209150\n|move|p1a: Salacia|Ice Beam|p2a: Vaporeon\n|-resisted|p2a: Vaporeon\n|-damage|p2a: Vaporeon|92\/100\n|move|p2a: Vaporeon|Baton Pass|p2a: Vaporeon\n|\n|t:|1700209169\n|switch|p2a: Sylveon|Sylveon, F, shiny|37\/100|[from] Baton Pass\n|-damage|p2a: Sylveon|24\/100|[from] Stealth Rock\n|\n|-weather|RainDance|[upkeep]\n|-heal|p1a: Salacia|87\/100|[from] item: Leftovers\n|upkeep\n|turn|23\n|\n|t:|1700209175\n|move|p2a: Sylveon|Hyper Voice|p1a: Salacia\n|-damage|p1a: Salacia|44\/100\n|move|p1a: Salacia|Scald|p2a: Sylveon\n|-damage|p2a: Sylveon|0 fnt\n|faint|p2a: Sylveon\n|\n|-weather|none\n|-heal|p1a: Salacia|50\/100|[from] item: Leftovers\n|upkeep\n|\n|t:|1700209184\n|switch|p2a: Leafeon|Leafeon, F, shiny|100\/100\n|-damage|p2a: Leafeon|88\/100|[from] Stealth Rock\n|turn|24\n|\n|t:|1700209188\n|move|p2a: Leafeon|Sunny Day|p2a: Leafeon\n|-weather|SunnyDay\n|move|p1a: Salacia|Ice Beam|p2a: Leafeon\n|-supereffective|p2a: Leafeon\n|-damage|p2a: Leafeon|0 fnt\n|faint|p2a: Leafeon\n|\n|-weather|SunnyDay|[upkeep]\n|-heal|p1a: Salacia|56\/100|[from] item: Leftovers\n|upkeep\n|\n|t:|1700209199\n|switch|p2a: Flareon|Flareon, F, shiny|100\/100\n|-damage|p2a: Flareon|76\/100|[from] Stealth Rock\n|turn|25\n|\n|t:|1700209204\n|move|p2a: Flareon|Substitute|p2a: Flareon\n|-start|p2a: Flareon|Substitute\n|-damage|p2a: Flareon|51\/100\n|move|p1a: Salacia|Scald|p2a: Flareon\n|-supereffective|p2a: Flareon\n|-end|p2a: Flareon|Substitute\n|\n|-weather|SunnyDay|[upkeep]\n|-heal|p1a: Salacia|63\/100|[from] item: Leftovers\n|-status|p2a: Flareon|tox|[from] item: Toxic Orb\n|upkeep\n|turn|26\n|\n|t:|1700209215\n|-terastallize|p2a: Flareon|Normal\n|move|p2a: Flareon|Facade|p1a: Salacia\n|-end|p1a: Salacia|Substitute\n|move|p1a: Salacia|Scald|p2a: Flareon\n|-damage|p2a: Flareon|32\/100 tox\n|\n|-weather|SunnyDay|[upkeep]\n|-heal|p1a: Salacia|69\/100|[from] item: Leftovers\n|-damage|p2a: Flareon|26\/100 tox|[from] psn\n|upkeep\n|turn|27\n|\n|t:|1700209225\n|switch|p1a: Oog|Torkoal, M|87\/100\n|move|p2a: Flareon|Flame Charge|p1a: Oog\n|-resisted|p1a: Oog\n|-damage|p1a: Oog|69\/100\n|-boost|p2a: Flareon|spe|1\n|\n|-weather|SunnyDay|[upkeep]\n|-damage|p2a: Flareon|14\/100 tox|[from] psn\n|upkeep\n|turn|28\n|\n|t:|1700209234\n|move|p2a: Flareon|Facade|p1a: Oog\n|-crit|p1a: Oog\n|-damage|p1a: Oog|0 fnt\n|faint|p1a: Oog\n|\n|-weather|none\n|-damage|p2a: Flareon|0 fnt|[from] psn\n|faint|p2a: Flareon\n|upkeep\n|\n|t:|1700209246\n|switch|p2a: Espeon|Espeon, F|22\/100\n|switch|p1a: Flora|Meowscarada, F|100\/100\n|-damage|p2a: Espeon|9\/100|[from] Stealth Rock\n|turn|29\n|\n|t:|1700209251\n|move|p1a: Flora|Flower Trick|p2a: Espeon\n|-crit|p2a: Espeon\n|-damage|p2a: Espeon|0 fnt\n|faint|p2a: Espeon\n|-damage|p1a: Flora|91\/100|[from] item: Life Orb\n|\n|upkeep\n|\n|t:|1700209261\n|switch|p2a: Umbreon|Umbreon, F, shiny|100\/100\n|-damage|p2a: Umbreon|88\/100|[from] Stealth Rock\n|turn|30\n|\n|t:|1700209264\n|move|p1a: Flora|Knock Off|p2a: Umbreon\n|-resisted|p2a: Umbreon\n|-damage|p2a: Umbreon|69\/100\n|-enditem|p2a: Umbreon|Leftovers|[from] move: Knock Off|[of] p1a: Flora\n|-damage|p1a: Flora|81\/100|[from] item: Life Orb\n|move|p2a: Umbreon|Toxic|p1a: Flora\n|-status|p1a: Flora|tox\n|\n|-damage|p1a: Flora|75\/100 tox|[from] psn\n|upkeep\n|turn|31\n|\n|t:|1700209273\n|switch|p1a: Ronald G. Snarls|Grimmsnarl, M|100\/100\n|move|p2a: Umbreon|Protect||[still]\n|-fail|p2a: Umbreon\n|\n|upkeep\n|turn|32\n|\n|t:|1700209280\n|move|p2a: Umbreon|Toxic|p1a: Ronald G. Snarls\n|-status|p1a: Ronald G. Snarls|tox\n|move|p1a: Ronald G. Snarls|Play Rough|p2a: Umbreon\n|-supereffective|p2a: Umbreon\n|-damage|p2a: Umbreon|10\/100\n|\n|-damage|p1a: Ronald G. Snarls|94\/100 tox|[from] psn\n|upkeep\n|turn|33\n|\n|t:|1700209288\n|move|p2a: Umbreon|Protect|p2a: Umbreon\n|-singleturn|p2a: Umbreon|Protect\n|move|p1a: Ronald G. Snarls|Play Rough|p2a: Umbreon\n|-activate|p2a: Umbreon|move: Protect\n|\n|-damage|p1a: Ronald G. Snarls|82\/100 tox|[from] psn\n|upkeep\n|turn|34\n|\n|t:|1700209297\n|move|p2a: Umbreon|Baton Pass|p2a: Umbreon\n|\n|t:|1700209299\n|switch|p2a: Vaporeon|Vaporeon, F, shiny|92\/100|[from] Baton Pass\n|-damage|p2a: Vaporeon|80\/100|[from] Stealth Rock\n|move|p1a: Ronald G. Snarls|Play Rough|p2a: Vaporeon\n|-damage|p2a: Vaporeon|36\/100\n|\n|-heal|p2a: Vaporeon|42\/100|[from] item: Leftovers\n|-damage|p1a: Ronald G. Snarls|64\/100 tox|[from] psn\n|upkeep\n|turn|35\n|\n|t:|1700209308\n|switch|p1a: Salacia|Vaporeon, F|69\/100\n|move|p2a: Vaporeon|Acid Armor|p2a: Vaporeon\n|-boost|p2a: Vaporeon|def|2\n|\n|-heal|p1a: Salacia|75\/100|[from] item: Leftovers\n|-heal|p2a: Vaporeon|49\/100|[from] item: Leftovers\n|upkeep\n|turn|36\n|c|\u2606papahue|Gg\n|\n|t:|1700209320\n|move|p2a: Vaporeon|Baton Pass|p2a: Vaporeon\n|\n|t:|1700209321\n|switch|p2a: Umbreon|Umbreon, F, shiny|10\/100|[from] Baton Pass\n|-damage|p2a: Umbreon|0 fnt|[from] Stealth Rock\n|faint|p2a: Umbreon\n|move|p1a: Salacia|Ice Beam|p2: Umbreon|[notarget]\n|-fail|p1a: Salacia\n|\n|-heal|p1a: Salacia|81\/100|[from] item: Leftovers\n|upkeep\n|-message|Truly_Merciless forfeited.\n|\n|win|papahue\n|raw|papahue's rating: 1335 &rarr; <strong>1351<\/strong><br \/>(+16 for winning)\n|raw|Truly_Merciless's rating: 1263 &rarr; <strong>1243<\/strong><br \/>(-20 for losing)\n|l|\u2606Truly_Merciless\n|c|\u2606papahue|My vaporeon is better than yours\n","uploadtime":1700209364,"views":32,"p1id":"papahue","p2id":"trulymerciless","formatid":"gen9anythinggoes","rating":1243,"private":0,"password":""}