{"id":"gen9anythinggoes-1992565871","p1":"A0TH","p2":"Treeckoguy1","format":"[Gen 9] Anything Goes","log":"|j|\u2606A0TH\n|j|\u2606Treeckoguy1\n|t:|1700206882\n|gametype|singles\n|player|p1|A0TH|hexmaniac-gen6|1469\n|player|p2|Treeckoguy1|265|1313\n|teamsize|p1|6\n|teamsize|p2|6\n|gen|9\n|tier|[Gen 9] Anything Goes\n|rated|\n|rule|HP Percentage Mod: HP is shown in percentages\n|rule|Endless Battle Clause: Forcing endless battles is banned\n|clearpoke\n|poke|p1|Calyrex-Shadow|\n|poke|p1|Groudon|\n|poke|p1|Flutter Mane|\n|poke|p1|Koraidon|\n|poke|p1|Giratina|\n|poke|p1|Toxapex, M|\n|poke|p2|Tropius, M|\n|poke|p2|Wigglytuff, M|\n|poke|p2|Luxray, F|\n|poke|p2|Quaquaval, F|\n|poke|p2|Regieleki|\n|poke|p2|Garchomp, F|\n|teampreview\n|\n|t:|1700206900\n|start\n|switch|p1a: Groudon|Groudon|100\/100\n|switch|p2a: Regieleki|Regieleki|100\/100\n|-weather|SunnyDay|[from] ability: Drought|[of] p1a: Groudon\n|turn|1\n|\n|t:|1700206909\n|switch|p2a: Quaquaval|Quaquaval, F|100\/100\n|switch|p1a: Toxapex|Toxapex, M|100\/100\n|\n|-weather|SunnyDay|[upkeep]\n|upkeep\n|turn|2\n|\n|t:|1700206920\n|switch|p2a: Tropius|Tropius, M, shiny|100\/100\n|move|p1a: Toxapex|Toxic Spikes|p2a: Tropius\n|-sidestart|p2: Treeckoguy1|move: Toxic Spikes\n|\n|-weather|SunnyDay|[upkeep]\n|upkeep\n|turn|3\n|\n|t:|1700206930\n|switch|p1a: Giratina|Giratina|100\/100\n|-ability|p1a: Giratina|Pressure\n|move|p2a: Tropius|Substitute|p2a: Tropius\n|-start|p2a: Tropius|Substitute\n|-damage|p2a: Tropius|76\/100\n|\n|-weather|SunnyDay|[upkeep]\n|upkeep\n|turn|4\n|\n|t:|1700206934\n|move|p2a: Tropius|Swords Dance|p2a: Tropius\n|-boost|p2a: Tropius|atk|2\n|move|p1a: Giratina|Roar|p2a: Tropius\n|drag|p2a: Luxray|Luxray, F|100\/100\n|-status|p2a: Luxray|psn\n|-ability|p2a: Luxray|Intimidate|boost\n|-unboost|p1a: Giratina|atk|1\n|\n|-weather|SunnyDay|[upkeep]\n|-damage|p2a: Luxray|88\/100 psn|[from] psn\n|upkeep\n|turn|5\n|\n|t:|1700206938\n|move|p1a: Giratina|Protect|p1a: Giratina\n|-singleturn|p1a: Giratina|Protect\n|move|p2a: Luxray|Swagger|p1a: Giratina\n|-activate|p1a: Giratina|move: Protect\n|\n|-weather|none\n|-damage|p2a: Luxray|76\/100 psn|[from] psn\n|upkeep\n|turn|6\n|\n|t:|1700206947\n|switch|p1a: Groudon|Groudon|100\/100\n|-weather|SunnyDay|[from] ability: Drought|[of] p1a: Groudon\n|move|p2a: Luxray|Swagger|p1a: Groudon\n|-boost|p1a: Groudon|atk|2\n|-enditem|p2a: Luxray|Mirror Herb\n|-boost|p2a: Luxray|atk|2|[from] item: Mirror Herb\n|-start|p1a: Groudon|confusion\n|\n|-weather|SunnyDay|[upkeep]\n|-damage|p2a: Luxray|63\/100 psn|[from] psn\n|upkeep\n|turn|7\n|\n|t:|1700206963\n|-activate|p1a: Groudon|confusion\n|move|p1a: Groudon|Earthquake|p2a: Luxray\n|-supereffective|p2a: Luxray\n|-damage|p2a: Luxray|0 fnt\n|faint|p2a: Luxray\n|\n|-weather|SunnyDay|[upkeep]\n|upkeep\n|\n|t:|1700206970\n|switch|p2a: Tropius|Tropius, M, shiny|76\/100\n|turn|8\n|\n|t:|1700206974\n|switch|p1a: Giratina|Giratina|100\/100\n|-ability|p1a: Giratina|Pressure\n|move|p2a: Tropius|Substitute|p2a: Tropius\n|-start|p2a: Tropius|Substitute\n|-damage|p2a: Tropius|51\/100\n|\n|-weather|SunnyDay|[upkeep]\n|upkeep\n|turn|9\n|\n|t:|1700206982\n|move|p2a: Tropius|Leaf Blade|p1a: Giratina\n|-resisted|p1a: Giratina\n|-damage|p1a: Giratina|91\/100\n|move|p1a: Giratina|Roar|p2a: Tropius\n|drag|p2a: Garchomp|Garchomp, F|100\/100\n|-status|p2a: Garchomp|psn\n|\n|-weather|SunnyDay|[upkeep]\n|-heal|p1a: Giratina|97\/100|[from] item: Leftovers\n|-damage|p2a: Garchomp|88\/100 psn|[from] psn\n|upkeep\n|turn|10\n|\n|t:|1700206994\n|switch|p1a: Flutter Mane|Flutter Mane|100\/100\n|-activate|p1a: Flutter Mane|ability: Protosynthesis\n|-start|p1a: Flutter Mane|protosynthesisspe\n|move|p2a: Garchomp|Swords Dance|p2a: Garchomp\n|-boost|p2a: Garchomp|atk|2\n|\n|-weather|none\n|-end|p1a: Flutter Mane|Protosynthesis\n|-damage|p2a: Garchomp|76\/100 psn|[from] psn\n|upkeep\n|turn|11\n|\n|t:|1700207005\n|move|p1a: Flutter Mane|Moonblast|p2a: Garchomp\n|-supereffective|p2a: Garchomp\n|-damage|p2a: Garchomp|0 fnt\n|faint|p2a: Garchomp\n|\n|upkeep\n|\n|t:|1700207011\n|switch|p2a: Regieleki|Regieleki|100\/100\n|-status|p2a: Regieleki|psn\n|turn|12\n|\n|t:|1700207018\n|-terastallize|p2a: Regieleki|Ice\n|move|p2a: Regieleki|Tera Blast|p1a: Flutter Mane|[anim] Tera Blast Ice\n|-damage|p1a: Flutter Mane|81\/100\n|move|p1a: Flutter Mane|Mystical Fire|p2a: Regieleki\n|-supereffective|p2a: Regieleki\n|-damage|p2a: Regieleki|33\/100 psn\n|-unboost|p2a: Regieleki|spa|1\n|\n|-heal|p2a: Regieleki|39\/100 psn|[from] item: Leftovers\n|-damage|p2a: Regieleki|26\/100 psn|[from] psn\n|upkeep\n|turn|13\n|-message|Treeckoguy1 forfeited.\n|\n|win|A0TH\n|raw|A0TH's rating: 1469 &rarr; <strong>1481<\/strong><br \/>(+12 for winning)\n|raw|Treeckoguy1's rating: 1313 &rarr; <strong>1301<\/strong><br \/>(-12 for losing)\n","uploadtime":1700207048,"views":5,"p1id":"a0th","p2id":"treeckoguy1","formatid":"gen9anythinggoes","rating":1301,"private":0,"password":""}