{"id":"gen9anythinggoes-1985926886","p1":"Annler_Regi","p2":"mythicpro","format":"[Gen 9] Anything Goes","log":"|j|\u2606Annler_Regi\n|j|\u2606mythicpro\n|t:|1699424027\n|gametype|singles\n|player|p1|Annler_Regi|selene|1041\n|player|p2|mythicpro|2|1132\n|teamsize|p1|6\n|teamsize|p2|6\n|gen|9\n|tier|[Gen 9] Anything Goes\n|rated|\n|rule|HP Percentage Mod: HP is shown in percentages\n|rule|Endless Battle Clause: Forcing endless battles is banned\n|clearpoke\n|poke|p1|Kingambit, M|\n|poke|p1|Golem-Alola, M|\n|poke|p1|Azelf|\n|poke|p1|Regieleki|\n|poke|p1|Glimmora, F|\n|poke|p1|Weezing-Galar, M|\n|poke|p2|Koraidon|\n|poke|p2|Alomomola, M|\n|poke|p2|Chien-Pao|\n|poke|p2|Iron Treads|\n|poke|p2|Flutter Mane|\n|poke|p2|Iron Bundle|\n|teampreview\n|inactive|Battle timer is ON: inactive players will automatically lose when time's up. (requested by Annler_Regi)\n|inactive|mythicpro has 120 seconds left.\n|\n|t:|1699424063\n|start\n|switch|p1a: Poof|Glimmora, F|100\/100\n|switch|p2a: DoritoJollyRancher|Flutter Mane|100\/100\n|turn|1\n|c|\u2606mythicpro|my bad\n|c|\u2606Annler_Regi|Lad\n|c|\u2606Annler_Regi|True Story\n|c|\u2606mythicpro|lol\n|c|\u2606Annler_Regi|Im here for the past HOURS\n|inactive|Annler_Regi has 120 seconds left.\n|c|\u2606mythicpro|glhf\n|c|\u2606Annler_Regi|trying to win atleast one game\n|\n|t:|1699424097\n|move|p2a: DoritoJollyRancher|Substitute|p2a: DoritoJollyRancher\n|-start|p2a: DoritoJollyRancher|Substitute\n|-damage|p2a: DoritoJollyRancher|75\/100\n|move|p1a: Poof|Explosion|p2a: DoritoJollyRancher\n|-immune|p2a: DoritoJollyRancher\n|faint|p1a: Poof\n|\n|-heal|p2a: DoritoJollyRancher|81\/100|[from] item: Leftovers\n|upkeep\n|inactive|Annler_Regi has 120 seconds left.\n|c|\u2606mythicpro|yikes\n|\n|t:|1699424106\n|switch|p1a: Zip Zap|Golem-Alola, M|100\/100\n|turn|2\n|\n|t:|1699424110\n|move|p2a: DoritoJollyRancher|Calm Mind|p2a: DoritoJollyRancher\n|-boost|p2a: DoritoJollyRancher|spa|1\n|-boost|p2a: DoritoJollyRancher|spd|1\n|move|p1a: Zip Zap|Explosion|p2a: DoritoJollyRancher\n|-end|p2a: DoritoJollyRancher|Substitute\n|faint|p1a: Zip Zap\n|\n|-heal|p2a: DoritoJollyRancher|87\/100|[from] item: Leftovers\n|upkeep\n|c|\u2606mythicpro|omg\n|c|\u2606Annler_Regi|Yikes is right\n|\n|t:|1699424117\n|switch|p1a: Helo|Kingambit, M|100\/100\n|-activate|p1a: Helo|ability: Supreme Overlord\n|-start|p1a: Helo|fallen2|[silent]\n|turn|3\n|\n|t:|1699424123\n|-terastallize|p1a: Helo|Dark\n|move|p2a: DoritoJollyRancher|Substitute|p2a: DoritoJollyRancher\n|-start|p2a: DoritoJollyRancher|Substitute\n|-damage|p2a: DoritoJollyRancher|62\/100\n|move|p1a: Helo|Kowtow Cleave|p2a: DoritoJollyRancher\n|-end|p2a: DoritoJollyRancher|Substitute\n|\n|-heal|p2a: DoritoJollyRancher|68\/100|[from] item: Leftovers\n|upkeep\n|turn|4\n|\n|t:|1699424133\n|move|p2a: DoritoJollyRancher|Calm Mind|p2a: DoritoJollyRancher\n|-boost|p2a: DoritoJollyRancher|spa|1\n|-boost|p2a: DoritoJollyRancher|spd|1\n|move|p1a: Helo|Kowtow Cleave|p2a: DoritoJollyRancher\n|-damage|p2a: DoritoJollyRancher|0 fnt\n|faint|p2a: DoritoJollyRancher\n|-end|p2a: DoritoJollyRancher|Protosynthesis|[silent]\n|\n|upkeep\n|\n|t:|1699424139\n|switch|p2a: Iphone|Koraidon|100\/100\n|-weather|SunnyDay|[from] ability: Orichalcum Pulse|[of] p2a: Iphone\n|-activate|p2a: Iphone|Orichalcum Pulse|[source]\n|turn|5\n|\n|t:|1699424146\n|-end|p1a: Helo|fallen2|[silent]\n|switch|p1a: Boom|Weezing-Galar, M|100\/100\n|-fieldstart|move: Misty Terrain|[from] ability: Misty Surge|[of] p1a: Boom\n|move|p2a: Iphone|Drain Punch|p1a: Boom\n|-resisted|p1a: Boom\n|-damage|p1a: Boom|85\/100\n|-damage|p2a: Iphone|91\/100|[from] item: Life Orb\n|\n|-weather|SunnyDay|[upkeep]\n|upkeep\n|turn|6\n|\n|t:|1699424156\n|-terastallize|p2a: Iphone|Poison\n|move|p2a: Iphone|Iron Head|p1a: Boom\n|-supereffective|p1a: Boom\n|-damage|p1a: Boom|0 fnt\n|faint|p1a: Boom\n|-damage|p2a: Iphone|81\/100|[from] item: Life Orb\n|\n|-weather|SunnyDay|[upkeep]\n|upkeep\n|\n|t:|1699424160\n|switch|p1a: Kablaam|Regieleki|100\/100\n|turn|7\n|\n|t:|1699424164\n|move|p1a: Kablaam|Explosion|p2a: Iphone\n|-enditem|p1a: Kablaam|Normal Gem|[from] gem\n|-damage|p2a: Iphone|0 fnt\n|faint|p1a: Kablaam\n|faint|p2a: Iphone\n|\n|-weather|SunnyDay|[upkeep]\n|upkeep\n|c|\u2606mythicpro|yikes\n|\n|t:|1699424170\n|switch|p1a: Kaboom|Azelf|100\/100\n|switch|p2a: Robo Santa|Iron Bundle|100\/100\n|turn|8\n|\n|t:|1699424178\n|move|p2a: Robo Santa|Air Cutter|p1a: Kaboom\n|-damage|p1a: Kaboom|73\/100\n|move|p1a: Kaboom|Explosion|p2a: Robo Santa\n|-enditem|p1a: Kaboom|Normal Gem|[from] gem\n|-enditem|p2a: Robo Santa|Focus Sash\n|-damage|p2a: Robo Santa|1\/100\n|faint|p1a: Kaboom\n|\n|-weather|SunnyDay|[upkeep]\n|upkeep\n|c|\u2606Annler_Regi|Sooooo\n|c|\u2606Annler_Regi|Amazing team right?\n|c|\u2606mythicpro|fr\n|\n|t:|1699424186\n|switch|p1a: Helo|Kingambit, M, tera:Dark|100\/100\n|-activate|p1a: Helo|ability: Supreme Overlord\n|-start|p1a: Helo|fallen5|[silent]\n|turn|9\n|\n|t:|1699424197\n|move|p2a: Robo Santa|Air Cutter|p1a: Helo\n|-damage|p1a: Helo|82\/100\n|move|p1a: Helo|Swords Dance|p1a: Helo\n|-boost|p1a: Helo|atk|2\n|\n|-weather|none\n|upkeep\n|turn|10\n|\n|t:|1699424206\n|move|p2a: Robo Santa|Hydro Pump|p1a: Helo|[miss]\n|-miss|p2a: Robo Santa|p1a: Helo\n|move|p1a: Helo|Swords Dance|p1a: Helo\n|-boost|p1a: Helo|atk|2\n|\n|upkeep\n|turn|11\n|\n|t:|1699424212\n|move|p1a: Helo|Sucker Punch|p2a: Robo Santa\n|-damage|p2a: Robo Santa|0 fnt\n|faint|p2a: Robo Santa\n|-end|p2a: Robo Santa|Quark Drive|[silent]\n|\n|upkeep\n|\n|t:|1699424215\n|switch|p2a: Puppet|Chien-Pao|100\/100\n|-ability|p2a: Puppet|Sword of Ruin\n|turn|12\n|\n|t:|1699424224\n|move|p1a: Helo|Sucker Punch|p2a: Puppet\n|-resisted|p2a: Puppet\n|-damage|p2a: Puppet|0 fnt\n|faint|p2a: Puppet\n|\n|-fieldend|Misty Terrain\n|upkeep\n|\n|t:|1699424228\n|switch|p2a: Bandit|Alomomola, M|100\/100\n|turn|13\n|\n|t:|1699424239\n|move|p2a: Bandit|Whirlpool|p1a: Helo\n|-damage|p1a: Helo|76\/100\n|-activate|p1a: Helo|move: Whirlpool|[of] p2a: Bandit\n|move|p1a: Helo|Kowtow Cleave|p2a: Bandit\n|-damage|p2a: Bandit|0 fnt\n|faint|p2a: Bandit\n|\n|-end|p1a: Helo|Whirlpool|[partiallytrapped]|[silent]\n|upkeep\n|\n|t:|1699424242\n|switch|p2a: Bowling ball|Iron Treads|100\/100\n|turn|14\n|\n|t:|1699424249\n|move|p1a: Helo|Sucker Punch|p2a: Bowling ball\n|-damage|p2a: Bowling ball|0 fnt\n|-damage|p1a: Helo|60\/100|[from] item: Rocky Helmet|[of] p2a: Bowling ball\n|faint|p2a: Bowling ball\n|-end|p2a: Bowling ball|Quark Drive|[silent]\n|\n|win|Annler_Regi\n|raw|Annler_Regi's rating: 1041 &rarr; <strong>1084<\/strong><br \/>(+43 for winning)\n|raw|mythicpro's rating: 1132 &rarr; <strong>1101<\/strong><br \/>(-31 for losing)\n|c|\u2606Annler_Regi|YES\n|c|\u2606mythicpro|dam\n|c|\u2606mythicpro|gg\n|c|\u2606Annler_Regi|MY GOD\n|c|\u2606Annler_Regi|ggs\n","uploadtime":1699424261,"views":9,"p1id":"annlerregi","p2id":"mythicpro","formatid":"gen9anythinggoes","rating":1084,"private":0,"password":""}