{"id":"gen9anythinggoes-1981976285","p1":"SWT_Octo","p2":"i'm drunk xd","format":"[Gen 9] Anything Goes","log":"|j|\u2606SWT_Octo\n|j|\u2606i'm drunk xd\n|t:|1698956426\n|gametype|singles\n|player|p1|SWT_Octo|hilbert|1215\n|player|p2|i'm drunk xd|cynthia|1354\n|teamsize|p1|6\n|teamsize|p2|6\n|gen|9\n|tier|[Gen 9] Anything Goes\n|rated|\n|rule|HP Percentage Mod: HP is shown in percentages\n|rule|Endless Battle Clause: Forcing endless battles is banned\n|clearpoke\n|poke|p1|Zacian-*|\n|poke|p1|Zacian-*|\n|poke|p1|Zacian-*|\n|poke|p1|Zacian-*|\n|poke|p1|Zacian-*|\n|poke|p1|Zacian-*|\n|poke|p2|Ogerpon, F|\n|poke|p2|Tinkaton, F|\n|poke|p2|Iron Valiant|\n|poke|p2|Gholdengo|\n|poke|p2|Grimmsnarl, M|\n|poke|p2|Miraidon|\n|teampreview\n|inactive|Battle timer is ON: inactive players will automatically lose when time's up. (requested by SWT_Octo)\n|c|\u2606i'm drunk xd|oh\n|c|\u2606i'm drunk xd|okay\n|c|\u2606i'm drunk xd|I think you need more Zacian\n|c|\u2606i'm drunk xd|like one more would do\n|c|\u2606SWT_Octo|Perhaps\n|inactive|i'm drunk xd has 120 seconds left.\n|\n|t:|1698956464\n|start\n|switch|p1a: Zacian|Zacian-Crowned|100\/100\n|switch|p2a: Kain|Grimmsnarl, M, shiny|100\/100\n|-ability|p1a: Zacian|Intrepid Sword|boost\n|-boost|p1a: Zacian|atk|1\n|turn|1\n|\n|t:|1698956471\n|move|p2a: Kain|Reflect|p2a: Kain\n|-sidestart|p2: i'm drunk xd|Reflect\n|move|p1a: Zacian|Behemoth Blade|p2a: Kain\n|-supereffective|p2a: Kain\n|-damage|p2a: Kain|24\/100\n|\n|upkeep\n|turn|2\n|\n|t:|1698956481\n|move|p2a: Kain|Parting Shot|p1a: Zacian\n|-unboost|p1a: Zacian|atk|1\n|-unboost|p1a: Zacian|spa|1\n|\n|t:|1698956486\n|switch|p2a: Pawn Shop|Gholdengo, shiny|100\/100|[from] Parting Shot\n|move|p1a: Zacian|Behemoth Blade|p2a: Pawn Shop\n|-resisted|p2a: Pawn Shop\n|-damage|p2a: Pawn Shop|84\/100\n|\n|upkeep\n|turn|3\n|\n|t:|1698956495\n|move|p2a: Pawn Shop|Shadow Ball|p1a: Zacian\n|-damage|p1a: Zacian|57\/100\n|-unboost|p1a: Zacian|spd|1\n|move|p1a: Zacian|Behemoth Blade|p2a: Pawn Shop\n|-resisted|p2a: Pawn Shop\n|-damage|p2a: Pawn Shop|67\/100\n|\n|upkeep\n|turn|4\n|\n|t:|1698956504\n|move|p2a: Pawn Shop|Shadow Ball|p1a: Zacian\n|-damage|p1a: Zacian|0 fnt\n|faint|p1a: Zacian\n|\n|upkeep\n|\n|t:|1698956513\n|switch|p1a: Zacian|Zacian-Crowned|100\/100\n|-ability|p1a: Zacian|Intrepid Sword|boost\n|-boost|p1a: Zacian|atk|1\n|turn|5\n|\n|t:|1698956518\n|move|p2a: Pawn Shop|Shadow Ball|p1a: Zacian\n|-damage|p1a: Zacian|59\/100\n|move|p1a: Zacian|Behemoth Blade|p2a: Pawn Shop\n|-resisted|p2a: Pawn Shop\n|-damage|p2a: Pawn Shop|43\/100\n|\n|upkeep\n|turn|6\n|\n|t:|1698956526\n|move|p2a: Pawn Shop|Shadow Ball|p1a: Zacian\n|-damage|p1a: Zacian|18\/100\n|move|p1a: Zacian|Behemoth Blade|p2a: Pawn Shop\n|-resisted|p2a: Pawn Shop\n|-damage|p2a: Pawn Shop|20\/100\n|\n|upkeep\n|turn|7\n|\n|t:|1698956533\n|move|p2a: Pawn Shop|Shadow Ball|p1a: Zacian\n|-damage|p1a: Zacian|0 fnt\n|faint|p1a: Zacian\n|\n|upkeep\n|\n|t:|1698956538\n|switch|p1a: Zacian|Zacian-Crowned|100\/100\n|-ability|p1a: Zacian|Intrepid Sword|boost\n|-boost|p1a: Zacian|atk|1\n|turn|8\n|\n|t:|1698956543\n|move|p2a: Pawn Shop|Shadow Ball|p1a: Zacian\n|-damage|p1a: Zacian|61\/100\n|move|p1a: Zacian|Behemoth Blade|p2a: Pawn Shop\n|-resisted|p2a: Pawn Shop\n|-damage|p2a: Pawn Shop|0 fnt\n|faint|p2a: Pawn Shop\n|\n|-sideend|p2: i'm drunk xd|Reflect\n|upkeep\n|\n|t:|1698956551\n|switch|p2a: Drinkaton|Tinkaton, F|100\/100\n|turn|9\n|c|\u2606SWT_Octo|Cool\n|\n|t:|1698956558\n|move|p1a: Zacian|Behemoth Blade|p2a: Drinkaton\n|-enditem|p2a: Drinkaton|Focus Sash\n|-damage|p2a: Drinkaton|1\/100\n|move|p2a: Drinkaton|Stealth Rock|p1a: Zacian\n|-sidestart|p1: SWT_Octo|move: Stealth Rock\n|\n|upkeep\n|turn|10\n|\n|t:|1698956567\n|move|p1a: Zacian|Behemoth Blade|p2a: Drinkaton\n|-damage|p2a: Drinkaton|0 fnt\n|faint|p2a: Drinkaton\n|\n|upkeep\n|\n|t:|1698956574\n|switch|p2a: Murder Drone|Iron Valiant, shiny|100\/100\n|turn|11\n|\n|t:|1698956580\n|move|p1a: Zacian|Behemoth Blade|p2a: Murder Drone\n|-supereffective|p2a: Murder Drone\n|-enditem|p2a: Murder Drone|Focus Sash\n|-damage|p2a: Murder Drone|1\/100\n|move|p2a: Murder Drone|Moonblast|p1a: Zacian\n|-resisted|p1a: Zacian\n|-damage|p1a: Zacian|41\/100\n|\n|upkeep\n|turn|12\n|\n|t:|1698956589\n|-end|p2a: Murder Drone|Quark Drive|[silent]\n|switch|p2a: e621|Miraidon|100\/100\n|-fieldstart|move: Electric Terrain|[from] ability: Hadron Engine|[of] p2a: e621\n|move|p1a: Zacian|Behemoth Blade|p2a: e621\n|-resisted|p2a: e621\n|-damage|p2a: e621|59\/100\n|\n|upkeep\n|turn|13\n|\n|t:|1698956598\n|move|p2a: e621|Volt Switch|p1a: Zacian\n|-damage|p1a: Zacian|0 fnt\n|faint|p1a: Zacian\n|\n|t:|1698956604\n|switch|p2a: Murder Drone|Iron Valiant, shiny|1\/100|[from] Volt Switch\n|-activate|p2a: Murder Drone|ability: Quark Drive\n|-start|p2a: Murder Drone|quarkdrivespe\n|\n|upkeep\n|\n|t:|1698956610\n|switch|p1a: Zacian|Zacian-Crowned|100\/100\n|-damage|p1a: Zacian|94\/100|[from] Stealth Rock\n|-ability|p1a: Zacian|Intrepid Sword|boost\n|-boost|p1a: Zacian|atk|1\n|turn|14\n|\n|t:|1698956619\n|move|p2a: Murder Drone|Destiny Bond|p2a: Murder Drone\n|-singlemove|p2a: Murder Drone|Destiny Bond\n|move|p1a: Zacian|Behemoth Blade|p2a: Murder Drone\n|-supereffective|p2a: Murder Drone\n|-damage|p2a: Murder Drone|0 fnt\n|faint|p2a: Murder Drone\n|-activate|p2a: Murder Drone|move: Destiny Bond\n|-end|p2a: Murder Drone|Quark Drive|[silent]\n|faint|p1a: Zacian\n|\n|upkeep\n|c|\u2606SWT_Octo|I approve of that move\n|c|\u2606i'm drunk xd|lol same\n|c|\u2606SWT_Octo|Destiny bond is underrated\n|\n|t:|1698956648\n|switch|p1a: Zacian|Zacian-Crowned|100\/100\n|switch|p2a: Kain|Grimmsnarl, M, shiny|24\/100\n|-damage|p1a: Zacian|94\/100|[from] Stealth Rock\n|-ability|p1a: Zacian|Intrepid Sword|boost\n|-boost|p1a: Zacian|atk|1\n|turn|15\n|c|\u2606i'm drunk xd|I died to it once on retail and went \"FUCK I GOTTA USE IT\"\n|\n|t:|1698956656\n|move|p2a: Kain|Reflect|p2a: Kain\n|-sidestart|p2: i'm drunk xd|Reflect\n|move|p1a: Zacian|Behemoth Blade|p2a: Kain\n|-supereffective|p2a: Kain\n|-damage|p2a: Kain|0 fnt\n|faint|p2a: Kain\n|\n|upkeep\n|\n|t:|1698956664\n|switch|p2a: e621|Miraidon|59\/100\n|-activate|p2a: e621|ability: Hadron Engine\n|turn|16\n|c|\u2606SWT_Octo|Ha\n|\n|t:|1698956669\n|-terastallize|p1a: Zacian|Fairy\n|move|p2a: e621|Electro Drift|p1a: Zacian\n|-damage|p1a: Zacian|14\/100\n|move|p1a: Zacian|Play Rough|p2a: e621\n|-supereffective|p2a: e621\n|-damage|p2a: e621|0 fnt\n|faint|p2a: e621\n|\n|-fieldend|move: Electric Terrain\n|upkeep\n|\n|t:|1698956680\n|switch|p2a: Cannapon|Ogerpon, F|100\/100\n|turn|17\n|\n|t:|1698956684\n|move|p1a: Zacian|Play Rough|p2a: Cannapon\n|-damage|p2a: Cannapon|33\/100\n|move|p2a: Cannapon|Swords Dance|p2a: Cannapon\n|-boost|p2a: Cannapon|atk|2\n|\n|upkeep\n|turn|18\n|\n|t:|1698956691\n|-terastallize|p2a: Cannapon|Grass\n|detailschange|p2a: Cannapon|Ogerpon-Teal-Tera, F, tera:Grass\n|-ability|p2a: Cannapon|Embody Aspect (Teal)|boost\n|-boost|p2a: Cannapon|spe|1\n|move|p2a: Cannapon|Ivy Cudgel|p1a: Zacian\n|-damage|p1a: Zacian|0 fnt\n|faint|p1a: Zacian\n|\n|upkeep\n|\n|t:|1698956699\n|switch|p1a: Zacian|Zacian-Crowned|100\/100\n|-damage|p1a: Zacian|94\/100|[from] Stealth Rock\n|-ability|p1a: Zacian|Intrepid Sword|boost\n|-boost|p1a: Zacian|atk|1\n|turn|19\n|c|\u2606SWT_Octo|Gg\n|\n|t:|1698956707\n|move|p2a: Cannapon|Ivy Cudgel|p1a: Zacian\n|-resisted|p1a: Zacian\n|-damage|p1a: Zacian|38\/100\n|move|p1a: Zacian|Play Rough|p2a: Cannapon\n|-damage|p2a: Cannapon|0 fnt\n|faint|p2a: Cannapon\n|\n|win|SWT_Octo\n|raw|SWT_Octo's rating: 1215 &rarr; <strong>1250<\/strong><br \/>(+35 for winning)\n|raw|i&apos;m drunk xd's rating: 1354 &rarr; <strong>1326<\/strong><br \/>(-28 for losing)\n|c|\u2606i'm drunk xd|ggs\n|l|\u2606SWT_Octo\n|c|\u2606i'm drunk xd|almost gotchya\n|c|\u2606i'm drunk xd|almost\n","uploadtime":1698956749,"views":9,"p1id":"swtocto","p2id":"imdrunkxd","formatid":"gen9anythinggoes","rating":1250,"private":0,"password":""}