{"id":"gen9anythinggoes-1997743937","p1":"MattDaBadGuy","p2":"chocolatemuncher45","format":"[Gen 9] Anything Goes","log":"|j|\u2606MattDaBadGuy\n|j|\u2606chocolatemuncher45\n|t:|1700848018\n|gametype|singles\n|player|p1|MattDaBadGuy|unknown|1152\n|player|p2|chocolatemuncher45|preschooler|1102\n|teamsize|p1|6\n|teamsize|p2|6\n|gen|9\n|tier|[Gen 9] Anything Goes\n|rated|\n|rule|HP Percentage Mod: HP is shown in percentages\n|rule|Endless Battle Clause: Forcing endless battles is banned\n|clearpoke\n|poke|p1|Espathra, F|\n|poke|p1|Cloyster, M|\n|poke|p1|Cinderace, M|\n|poke|p1|Kingambit, M|\n|poke|p1|Zapdos|\n|poke|p1|Iron Valiant|\n|poke|p2|Kleavor, F|\n|poke|p2|Spidops, F|\n|poke|p2|Forretress, F|\n|poke|p2|Slither Wing|\n|poke|p2|Frosmoth, F|\n|poke|p2|Vikavolt, F|\n|teampreview\n|\n|t:|1700848026\n|start\n|switch|p1a: Courage|Cloyster, M, shiny|100\/100\n|switch|p2a: Spidops|Spidops, F, shiny|100\/100\n|turn|1\n|\n|t:|1700848044\n|move|p1a: Courage|Shell Smash|p1a: Courage\n|-unboost|p1a: Courage|def|1\n|-unboost|p1a: Courage|spd|1\n|-boost|p1a: Courage|atk|2\n|-boost|p1a: Courage|spa|2\n|-boost|p1a: Courage|spe|2\n|-enditem|p1a: Courage|White Herb\n|-clearnegativeboost|p1a: Courage|[silent]\n|move|p2a: Spidops|Sticky Web|p1a: Courage\n|-sidestart|p1: MattDaBadGuy|move: Sticky Web\n|\n|upkeep\n|turn|2\n|\n|t:|1700848063\n|move|p1a: Courage|Icicle Spear|p2a: Spidops\n|-damage|p2a: Spidops|89\/100\n|-damage|p2a: Spidops|78\/100\n|-damage|p2a: Spidops|66\/100\n|-damage|p2a: Spidops|54\/100\n|-damage|p2a: Spidops|42\/100\n|-hitcount|p2a: Spidops|5\n|move|p2a: Spidops|Toxic Spikes|p1a: Courage\n|-sidestart|p1: MattDaBadGuy|move: Toxic Spikes\n|\n|upkeep\n|turn|3\n|\n|t:|1700848074\n|move|p1a: Courage|Iron Defense|p1a: Courage\n|-boost|p1a: Courage|def|2\n|move|p2a: Spidops|Toxic Spikes|p1a: Courage\n|-sidestart|p1: MattDaBadGuy|move: Toxic Spikes\n|\n|upkeep\n|turn|4\n|\n|t:|1700848081\n|move|p1a: Courage|Icicle Spear|p2a: Spidops\n|-damage|p2a: Spidops|30\/100\n|-crit|p2a: Spidops\n|-damage|p2a: Spidops|12\/100\n|-damage|p2a: Spidops|0 fnt\n|faint|p2a: Spidops\n|-hitcount|p2: Spidops|3\n|\n|upkeep\n|\n|t:|1700848085\n|switch|p2a: Forretress|Forretress, F, shiny|100\/100\n|turn|5\n|\n|t:|1700848089\n|move|p1a: Courage|Icicle Spear|p2a: Forretress\n|-resisted|p2a: Forretress\n|-damage|p2a: Forretress|95\/100\n|-resisted|p2a: Forretress\n|-damage|p2a: Forretress|90\/100\n|-resisted|p2a: Forretress\n|-damage|p2a: Forretress|85\/100\n|-resisted|p2a: Forretress\n|-damage|p2a: Forretress|80\/100\n|-resisted|p2a: Forretress\n|-damage|p2a: Forretress|75\/100\n|-hitcount|p2a: Forretress|5\n|move|p2a: Forretress|Gyro Ball|p1a: Courage\n|-damage|p1a: Courage|80\/100\n|\n|upkeep\n|turn|6\n|\n|t:|1700848106\n|move|p1a: Courage|Rock Blast|p2a: Forretress\n|-damage|p2a: Forretress|68\/100\n|-damage|p2a: Forretress|61\/100\n|-damage|p2a: Forretress|54\/100\n|-damage|p2a: Forretress|46\/100\n|-damage|p2a: Forretress|39\/100\n|-hitcount|p2a: Forretress|5\n|move|p2a: Forretress|Spikes|p1a: Courage\n|-sidestart|p1: MattDaBadGuy|Spikes\n|\n|upkeep\n|turn|7\n|\n|t:|1700848120\n|move|p1a: Courage|Icicle Spear|p2a: Forretress\n|-resisted|p2a: Forretress\n|-damage|p2a: Forretress|34\/100\n|-resisted|p2a: Forretress\n|-damage|p2a: Forretress|30\/100\n|-resisted|p2a: Forretress\n|-damage|p2a: Forretress|24\/100\n|-resisted|p2a: Forretress\n|-damage|p2a: Forretress|18\/100\n|-resisted|p2a: Forretress\n|-damage|p2a: Forretress|13\/100\n|-hitcount|p2a: Forretress|5\n|move|p2a: Forretress|Explosion|p1a: Courage\n|-damage|p1a: Courage|51\/100\n|faint|p2a: Forretress\n|\n|upkeep\n|\n|t:|1700848128\n|switch|p2a: Vikavolt|Vikavolt, F, shiny|100\/100\n|turn|8\n|\n|t:|1700848136\n|move|p1a: Courage|Rock Blast|p2a: Vikavolt\n|-supereffective|p2a: Vikavolt\n|-damage|p2a: Vikavolt|71\/100\n|-supereffective|p2a: Vikavolt\n|-crit|p2a: Vikavolt\n|-damage|p2a: Vikavolt|26\/100\n|-supereffective|p2a: Vikavolt\n|-damage|p2a: Vikavolt|0 fnt\n|faint|p2a: Vikavolt\n|-hitcount|p2: Vikavolt|3\n|\n|upkeep\n|-message|chocolatemuncher45 forfeited.\n|\n|win|MattDaBadGuy\n|raw|MattDaBadGuy's rating: 1152 &rarr; <strong>1173<\/strong><br \/>(+21 for winning)\n|raw|chocolatemuncher45's rating: 1102 &rarr; <strong>1081<\/strong><br \/>(-21 for losing)\n|l|\u2606chocolatemuncher45\n|c|\u2606MattDaBadGuy|that was fast\n|c|\u2606MattDaBadGuy|like my other battles\n|c|\u2606MattDaBadGuy|woe is him\n|c|\u2606MattDaBadGuy|bi\n","uploadtime":1700848176,"views":0,"p1id":"mattdabadguy","p2id":"chocolatemuncher45","formatid":"gen9anythinggoes","rating":1081,"private":0,"password":""}