{"id":"gen9anythinggoes-1977700062","p1":"Novalalexal","p2":"Gemton","format":"[Gen 9] Anything Goes","log":"|j|\u2606Novalalexal\n|j|\u2606Gemton\n|t:|1698439956\n|gametype|singles\n|player|p1|Novalalexal|169|1081\n|player|p2|Gemton|n|1000\n|teamsize|p1|6\n|teamsize|p2|6\n|gen|9\n|tier|[Gen 9] Anything Goes\n|rated|\n|rule|HP Percentage Mod: HP is shown in percentages\n|rule|Endless Battle Clause: Forcing endless battles is banned\n|clearpoke\n|poke|p1|Gliscor, M|\n|poke|p1|Vikavolt, M|\n|poke|p1|Ariados, F|\n|poke|p1|Yanmega, F|\n|poke|p1|Arbok, M|\n|poke|p1|Chandelure, F|\n|poke|p2|Flutter Mane|\n|poke|p2|Quagsire, F|\n|poke|p2|Dragapult, F|\n|poke|p2|Maushold-Four|\n|poke|p2|Kingambit, F|\n|poke|p2|Greninja-*, M|\n|teampreview\n|\n|t:|1698439962\n|start\n|switch|p1a: Ariados|Ariados, F, shiny|100\/100\n|switch|p2a: Flutter Mane|Dragapult, F, shiny|100\/100\n|turn|1\n|inactive|Battle timer is ON: inactive players will automatically lose when time's up. (requested by Gemton)\n|\n|t:|1698440006\n|move|p2a: Flutter Mane|Fire Blast|p1a: Ariados\n|-supereffective|p1a: Ariados\n|-damage|p1a: Ariados|36\/100\n|move|p1a: Ariados|Sticky Web|p2a: Flutter Mane\n|-sidestart|p2: Gemton|move: Sticky Web\n|\n|upkeep\n|turn|2\n|\n|t:|1698440014\n|move|p2a: Flutter Mane|Fire Blast|p1a: Ariados\n|-supereffective|p1a: Ariados\n|-damage|p1a: Ariados|0 fnt\n|faint|p1a: Ariados\n|\n|upkeep\n|\n|t:|1698440030\n|switch|p1a: Chandelure|Chandelure, F, shiny|100\/100\n|turn|3\n|\n|t:|1698440050\n|move|p2a: Flutter Mane|Dragon Darts|p1a: Chandelure\n|-damage|p1a: Chandelure|71\/100\n|-anim|p2a: Flutter Mane|Dragon Darts|p1a: Chandelure\n|-damage|p1a: Chandelure|41\/100\n|move|p1a: Chandelure|Will-O-Wisp|p2a: Flutter Mane\n|-status|p2a: Flutter Mane|brn\n|\n|-damage|p2a: Flutter Mane|94\/100 brn|[from] brn\n|upkeep\n|turn|4\n|\n|t:|1698440061\n|move|p2a: Flutter Mane|Dragon Darts|p1a: Chandelure\n|-damage|p1a: Chandelure|28\/100\n|-anim|p2a: Flutter Mane|Dragon Darts|p1a: Chandelure\n|-damage|p1a: Chandelure|15\/100\n|move|p1a: Chandelure|Shadow Ball|p2a: Flutter Mane\n|-supereffective|p2a: Flutter Mane\n|-damage|p2a: Flutter Mane|17\/100 brn\n|\n|-damage|p2a: Flutter Mane|11\/100 brn|[from] brn\n|upkeep\n|turn|5\n|\n|t:|1698440076\n|move|p2a: Flutter Mane|Dragon Darts|p1a: Chandelure\n|-damage|p1a: Chandelure|0 fnt\n|faint|p1a: Chandelure\n|\n|-damage|p2a: Flutter Mane|5\/100 brn|[from] brn\n|upkeep\n|\n|t:|1698440088\n|switch|p1a: Vikavolt|Vikavolt, M, shiny|100\/100\n|turn|6\n|\n|t:|1698440092\n|move|p2a: Flutter Mane|Fire Blast|p1a: Vikavolt\n|-supereffective|p1a: Vikavolt\n|-damage|p1a: Vikavolt|30\/100\n|move|p1a: Vikavolt|Volt Switch|p2a: Flutter Mane\n|-resisted|p2a: Flutter Mane\n|-damage|p2a: Flutter Mane|0 fnt\n|faint|p2a: Flutter Mane\n|\n|t:|1698440100\n|switch|p1a: Gliscor|Gliscor, M, shiny|100\/100|[from] Volt Switch\n|\n|-status|p1a: Gliscor|tox|[from] item: Toxic Orb\n|upkeep\n|\n|t:|1698440110\n|switch|p2a: Flutter Mane|Flutter Mane|100\/100\n|-activate|p2a: Flutter Mane|move: Sticky Web\n|-unboost|p2a: Flutter Mane|spe|1\n|turn|7\n|\n|t:|1698440133\n|move|p1a: Gliscor|Earthquake|p2a: Flutter Mane\n|-enditem|p2a: Flutter Mane|Focus Sash\n|-damage|p2a: Flutter Mane|1\/100\n|move|p2a: Flutter Mane|Perish Song|p2a: Flutter Mane\n|-start|p1a: Gliscor|perish3|[silent]\n|-start|p2a: Flutter Mane|perish3|[silent]\n|-fieldactivate|move: Perish Song\n|\n|-start|p1a: Gliscor|perish3\n|-start|p2a: Flutter Mane|perish3\n|upkeep\n|turn|8\n|\n|t:|1698440145\n|move|p2a: Flutter Mane|Protect|p2a: Flutter Mane\n|-singleturn|p2a: Flutter Mane|Protect\n|move|p1a: Gliscor|Earthquake|p2a: Flutter Mane\n|-activate|p2a: Flutter Mane|move: Protect\n|\n|-start|p1a: Gliscor|perish2\n|-start|p2a: Flutter Mane|perish2\n|upkeep\n|turn|9\n|\n|t:|1698440156\n|-end|p2a: Flutter Mane|Protosynthesis|[silent]\n|switch|p2a: Flutter Mane|Quagsire, F, shiny|100\/100\n|move|p1a: Gliscor|Earthquake|p2a: Flutter Mane\n|-damage|p2a: Flutter Mane|46\/100\n|\n|-start|p1a: Gliscor|perish1\n|upkeep\n|turn|10\n|\n|t:|1698440168\n|switch|p1a: Yanmega|Yanmega, F, shiny|100\/100\n|move|p2a: Flutter Mane|Avalanche|p1a: Yanmega\n|-supereffective|p1a: Yanmega\n|-damage|p1a: Yanmega|70\/100\n|\n|upkeep\n|turn|11\n|\n|t:|1698440176\n|move|p1a: Yanmega|Giga Drain|p2a: Flutter Mane\n|-supereffective|p2a: Flutter Mane\n|-damage|p2a: Flutter Mane|0 fnt\n|-heal|p1a: Yanmega|95\/100|[from] drain|[of] p2a: Flutter Mane\n|faint|p2a: Flutter Mane\n|\n|-ability|p1a: Yanmega|Speed Boost|boost\n|-boost|p1a: Yanmega|spe|1\n|upkeep\n|\n|t:|1698440198\n|switch|p2a: Flutter Mane|Flutter Mane|1\/100\n|-activate|p2a: Flutter Mane|move: Sticky Web\n|-unboost|p2a: Flutter Mane|spe|1\n|turn|12\n|\n|t:|1698440204\n|move|p1a: Yanmega|Ancient Power|p2a: Flutter Mane\n|-damage|p2a: Flutter Mane|0 fnt\n|faint|p2a: Flutter Mane\n|-end|p2a: Flutter Mane|Protosynthesis|[silent]\n|\n|-ability|p1a: Yanmega|Speed Boost|boost\n|-boost|p1a: Yanmega|spe|1\n|upkeep\n|\n|t:|1698440216\n|switch|p2a: Flutter Mane|Greninja, M|100\/100\n|turn|13\n|\n|t:|1698440223\n|move|p1a: Yanmega|Giga Drain|p2a: Flutter Mane\n|-supereffective|p2a: Flutter Mane\n|-damage|p2a: Flutter Mane|25\/100\n|-heal|p1a: Yanmega|100\/100|[from] drain|[of] p2a: Flutter Mane\n|move|p2a: Flutter Mane|Extrasensory|p1a: Yanmega\n|-damage|p1a: Yanmega|79\/100\n|\n|-ability|p1a: Yanmega|Speed Boost|boost\n|-boost|p1a: Yanmega|spe|1\n|upkeep\n|turn|14\n|\n|t:|1698440245\n|move|p1a: Yanmega|Ancient Power|p2a: Flutter Mane\n|-damage|p2a: Flutter Mane|0 fnt\n|faint|p2a: Flutter Mane\n|\n|-ability|p1a: Yanmega|Speed Boost|boost\n|-boost|p1a: Yanmega|spe|1\n|upkeep\n|\n|t:|1698440254\n|switch|p2a: Flutter Mane|Maushold-Four|100\/100\n|-activate|p2a: Flutter Mane|move: Sticky Web\n|-unboost|p2a: Flutter Mane|spe|1\n|turn|15\n|\n|t:|1698440262\n|move|p1a: Yanmega|Ancient Power|p2a: Flutter Mane\n|-damage|p2a: Flutter Mane|70\/100\n|-boost|p1a: Yanmega|atk|1\n|-boost|p1a: Yanmega|def|1\n|-boost|p1a: Yanmega|spa|1\n|-boost|p1a: Yanmega|spd|1\n|-boost|p1a: Yanmega|spe|1\n|move|p2a: Flutter Mane|Population Bomb|p1a: Yanmega\n|-damage|p1a: Yanmega|74\/100\n|-damage|p1a: Yanmega|69\/100\n|-damage|p1a: Yanmega|64\/100\n|-damage|p1a: Yanmega|60\/100\n|-damage|p1a: Yanmega|54\/100\n|-damage|p1a: Yanmega|50\/100\n|-hitcount|p1a: Yanmega|6\n|\n|-heal|p2a: Flutter Mane|76\/100|[from] item: Leftovers\n|-ability|p1a: Yanmega|Speed Boost|boost\n|-boost|p1a: Yanmega|spe|1\n|upkeep\n|turn|16\n|inactive|Gemton has 120 seconds left.\n|\n|t:|1698440297\n|move|p1a: Yanmega|Giga Drain|p2a: Flutter Mane\n|-damage|p2a: Flutter Mane|22\/100\n|-heal|p1a: Yanmega|75\/100|[from] drain|[of] p2a: Flutter Mane\n|move|p2a: Flutter Mane|Population Bomb|p1a: Yanmega|[miss]\n|-miss|p2a: Flutter Mane|p1a: Yanmega\n|\n|-heal|p2a: Flutter Mane|28\/100|[from] item: Leftovers\n|upkeep\n|turn|17\n|inactive|Gemton has 120 seconds left.\n|\n|t:|1698440313\n|move|p1a: Yanmega|Giga Drain|p2a: Flutter Mane\n|-damage|p2a: Flutter Mane|0 fnt\n|-heal|p1a: Yanmega|88\/100|[from] drain|[of] p2a: Flutter Mane\n|faint|p2a: Flutter Mane\n|\n|upkeep\n|\n|t:|1698440326\n|switch|p2a: Flutter Mane|Kingambit, F|100\/100\n|-activate|p2a: Flutter Mane|move: Sticky Web\n|-unboost|p2a: Flutter Mane|spe|1\n|-activate|p2a: Flutter Mane|ability: Supreme Overlord\n|-start|p2a: Flutter Mane|fallen5|[silent]\n|turn|18\n|\n|t:|1698440345\n|move|p1a: Yanmega|Bug Buzz|p2a: Flutter Mane\n|-damage|p2a: Flutter Mane|24\/100\n|-unboost|p2a: Flutter Mane|spd|1\n|move|p2a: Flutter Mane|Air Slash|p1a: Yanmega|[miss]\n|-miss|p2a: Flutter Mane|p1a: Yanmega\n|\n|upkeep\n|turn|19\n|\n|t:|1698440357\n|move|p1a: Yanmega|Bug Buzz|p2a: Flutter Mane\n|-damage|p2a: Flutter Mane|0 fnt\n|faint|p2a: Flutter Mane\n|-end|p2a: Flutter Mane|fallen5|[silent]\n|\n|win|Novalalexal\n|raw|Novalalexal's rating: 1081 &rarr; <strong>1102<\/strong><br \/>(+21 for winning)\n|raw|Gemton's rating: 1000 &rarr; <strong>1000<\/strong><br \/>(+0 for losing)\n|l|\u2606Gemton\n","uploadtime":1698440369,"views":14,"p1id":"novalalexal","p2id":"gemton","formatid":"gen9anythinggoes","rating":1000,"private":0,"password":""}