{"id":"gen9anythinggoes-1974902642","p1":"IMTHEFALSESHEPHERD","p2":"okocha1738","format":"[Gen 9] Anything Goes","log":"|j|\u2606IMTHEFALSESHEPHERD\n|j|\u2606okocha1738\n|t:|1698142369\n|gametype|singles\n|player|p1|IMTHEFALSESHEPHERD|red|1373\n|player|p2|okocha1738|hoopster|1291\n|teamsize|p1|6\n|teamsize|p2|6\n|gen|9\n|tier|[Gen 9] Anything Goes\n|rated|\n|rule|HP Percentage Mod: HP is shown in percentages\n|rule|Endless Battle Clause: Forcing endless battles is banned\n|clearpoke\n|poke|p1|Typhlosion, M|\n|poke|p1|Sudowoodo, M|\n|poke|p1|Ursaluna-Bloodmoon, M|\n|poke|p1|Arceus-Electric|\n|poke|p1|Sunflora, F|\n|poke|p1|Annihilape, M|\n|poke|p2|Greninja-*, M|\n|poke|p2|Miraidon|\n|poke|p2|Iron Moth|\n|poke|p2|Lucario, F|\n|poke|p2|Zacian-*|\n|poke|p2|Landorus, M|\n|teampreview\n|c|\u2606IMTHEFALSESHEPHERD|glhf\n|inactive|Battle timer is ON: inactive players will automatically lose when time's up. (requested by okocha1738)\n|\n|t:|1698142387\n|start\n|switch|p1a: Ihatethis|Sunflora, F|100\/100\n|switch|p2a: Landorus|Landorus, M|100\/100\n|turn|1\n|c|\u2606okocha1738|likewise\n|\n|t:|1698142405\n|move|p2a: Landorus|Stealth Rock|p1a: Ihatethis\n|-sidestart|p1: IMTHEFALSESHEPHERD|move: Stealth Rock\n|move|p1a: Ihatethis|Leech Seed|p2a: Landorus\n|-start|p2a: Landorus|move: Leech Seed\n|\n|-damage|p2a: Landorus|88\/100|[from] Leech Seed|[of] p1a: Ihatethis\n|upkeep\n|turn|2\n|c|\u2606IMTHEFALSESHEPHERD|my team is VERY experimental so pls no bully\n|\n|t:|1698142414\n|move|p2a: Landorus|Swords Dance|p2a: Landorus\n|-boost|p2a: Landorus|atk|2\n|move|p1a: Ihatethis|Sunny Day|p1a: Ihatethis\n|-weather|SunnyDay\n|\n|-weather|SunnyDay|[upkeep]\n|-heal|p2a: Landorus|94\/100|[from] item: Leftovers\n|-damage|p2a: Landorus|82\/100|[from] Leech Seed|[of] p1a: Ihatethis\n|upkeep\n|turn|3\n|\n|t:|1698142421\n|move|p1a: Ihatethis|Substitute|p1a: Ihatethis\n|-start|p1a: Ihatethis|Substitute\n|-damage|p1a: Ihatethis|76\/100\n|move|p2a: Landorus|Crunch|p1a: Ihatethis\n|-end|p1a: Ihatethis|Substitute\n|\n|-weather|SunnyDay|[upkeep]\n|-heal|p2a: Landorus|88\/100|[from] item: Leftovers\n|-damage|p2a: Landorus|76\/100|[from] Leech Seed|[of] p1a: Ihatethis\n|-heal|p1a: Ihatethis|87\/100|[silent]\n|upkeep\n|turn|4\n|\n|t:|1698142436\n|move|p1a: Ihatethis|Substitute|p1a: Ihatethis\n|-start|p1a: Ihatethis|Substitute\n|-damage|p1a: Ihatethis|62\/100\n|move|p2a: Landorus|Crunch|p1a: Ihatethis\n|-end|p1a: Ihatethis|Substitute\n|\n|-weather|SunnyDay|[upkeep]\n|-heal|p2a: Landorus|82\/100|[from] item: Leftovers\n|-damage|p2a: Landorus|69\/100|[from] Leech Seed|[of] p1a: Ihatethis\n|-heal|p1a: Ihatethis|73\/100|[silent]\n|upkeep\n|turn|5\n|\n|t:|1698142453\n|move|p1a: Ihatethis|Substitute|p1a: Ihatethis\n|-start|p1a: Ihatethis|Substitute\n|-damage|p1a: Ihatethis|48\/100\n|move|p2a: Landorus|Swords Dance|p2a: Landorus\n|-boost|p2a: Landorus|atk|2\n|\n|-weather|SunnyDay|[upkeep]\n|-heal|p2a: Landorus|75\/100|[from] item: Leftovers\n|-damage|p2a: Landorus|63\/100|[from] Leech Seed|[of] p1a: Ihatethis\n|-heal|p1a: Ihatethis|59\/100|[silent]\n|upkeep\n|turn|6\n|\n|t:|1698142459\n|move|p1a: Ihatethis|Giga Drain|p2a: Landorus\n|-damage|p2a: Landorus|17\/100\n|-heal|p1a: Ihatethis|80\/100|[from] drain|[of] p2a: Landorus\n|-damage|p1a: Ihatethis|70\/100|[from] item: Life Orb\n|move|p2a: Landorus|Crunch|p1a: Ihatethis\n|-end|p1a: Ihatethis|Substitute\n|\n|-weather|none\n|-heal|p2a: Landorus|23\/100|[from] item: Leftovers\n|-damage|p2a: Landorus|11\/100|[from] Leech Seed|[of] p1a: Ihatethis\n|-heal|p1a: Ihatethis|81\/100|[silent]\n|upkeep\n|turn|7\n|\n|t:|1698142471\n|move|p2a: Landorus|Crunch|p1a: Ihatethis\n|-damage|p1a: Ihatethis|0 fnt\n|faint|p1a: Ihatethis\n|\n|-heal|p2a: Landorus|16\/100|[from] item: Leftovers\n|upkeep\n|\n|t:|1698142485\n|switch|p1a: RaikouOnSteriods|Arceus-Electric, shiny|100\/100\n|-damage|p1a: RaikouOnSteriods|88\/100|[from] Stealth Rock\n|turn|8\n|\n|t:|1698142499\n|move|p1a: RaikouOnSteriods|Dazzling Gleam|p2a: Landorus\n|-damage|p2a: Landorus|0 fnt\n|faint|p2a: Landorus\n|\n|upkeep\n|\n|t:|1698142522\n|switch|p2a: Miraidon|Miraidon|100\/100\n|-fieldstart|move: Electric Terrain|[from] ability: Hadron Engine|[of] p2a: Miraidon\n|turn|9\n|\n|t:|1698142534\n|-terastallize|p2a: Miraidon|Electric\n|move|p2a: Miraidon|Draco Meteor|p1a: RaikouOnSteriods\n|-damage|p1a: RaikouOnSteriods|14\/100\n|-unboost|p2a: Miraidon|spa|2\n|move|p1a: RaikouOnSteriods|Calm Mind|p1a: RaikouOnSteriods\n|-boost|p1a: RaikouOnSteriods|spa|1\n|-boost|p1a: RaikouOnSteriods|spd|1\n|\n|upkeep\n|turn|10\n|\n|t:|1698142543\n|move|p2a: Miraidon|Draco Meteor|p1a: RaikouOnSteriods\n|-damage|p1a: RaikouOnSteriods|0 fnt\n|-unboost|p2a: Miraidon|spa|2\n|faint|p1a: RaikouOnSteriods\n|\n|upkeep\n|\n|t:|1698142554\n|switch|p1a: AipomDied|Annihilape, M|100\/100\n|-damage|p1a: AipomDied|94\/100|[from] Stealth Rock\n|turn|11\n|\n|t:|1698142562\n|switch|p2a: Greninja|Greninja, M, shiny|100\/100\n|move|p1a: AipomDied|Drain Punch|p2a: Greninja\n|-supereffective|p2a: Greninja\n|-damage|p2a: Greninja|0 fnt\n|-heal|p1a: AipomDied|100\/100|[from] drain|[of] p2a: Greninja\n|faint|p2a: Greninja\n|\n|upkeep\n|\n|t:|1698142576\n|switch|p2a: Lucario|Lucario, F, shiny|100\/100\n|turn|12\n|\n|t:|1698142589\n|move|p2a: Lucario|Meteor Mash|p1a: AipomDied\n|-damage|p1a: AipomDied|55\/100\n|move|p1a: AipomDied|Close Combat|p2a: Lucario\n|-supereffective|p2a: Lucario\n|-damage|p2a: Lucario|0 fnt\n|-unboost|p1a: AipomDied|def|1\n|-unboost|p1a: AipomDied|spd|1\n|faint|p2a: Lucario\n|\n|upkeep\n|\n|t:|1698142599\n|switch|p2a: Miraidon|Miraidon, tera:Electric|100\/100\n|-activate|p2a: Miraidon|ability: Hadron Engine\n|turn|13\n|\n|t:|1698142610\n|switch|p1a: Tree|Sudowoodo, M|100\/100\n|-damage|p1a: Tree|88\/100|[from] Stealth Rock\n|move|p2a: Miraidon|Dazzling Gleam|p1a: Tree\n|-damage|p1a: Tree|17\/100\n|\n|-fieldend|move: Electric Terrain\n|upkeep\n|turn|14\n|\n|t:|1698142619\n|move|p2a: Miraidon|Dazzling Gleam|p1a: Tree\n|-damage|p1a: Tree|0 fnt\n|faint|p1a: Tree\n|\n|upkeep\n|\n|t:|1698142629\n|switch|p1a: Ursaluna|Ursaluna-Bloodmoon, M|100\/100\n|-damage|p1a: Ursaluna|94\/100|[from] Stealth Rock\n|turn|15\n|\n|t:|1698142658\n|move|p2a: Miraidon|Dazzling Gleam|p1a: Ursaluna\n|-damage|p1a: Ursaluna|64\/100\n|move|p1a: Ursaluna|Calm Mind|p1a: Ursaluna\n|-boost|p1a: Ursaluna|spa|1\n|-boost|p1a: Ursaluna|spd|1\n|\n|-heal|p1a: Ursaluna|70\/100|[from] item: Leftovers\n|upkeep\n|turn|16\n|\n|t:|1698142674\n|switch|p2a: Iron Moth|Iron Moth|100\/100\n|move|p1a: Ursaluna|Earth Power|p2a: Iron Moth\n|-supereffective|p2a: Iron Moth\n|-damage|p2a: Iron Moth|0 fnt\n|faint|p2a: Iron Moth\n|-end|p2a: Iron Moth|Quark Drive|[silent]\n|\n|-heal|p1a: Ursaluna|76\/100|[from] item: Leftovers\n|upkeep\n|\n|t:|1698142684\n|switch|p2a: Miraidon|Miraidon, tera:Electric|100\/100\n|-fieldstart|move: Electric Terrain|[from] ability: Hadron Engine|[of] p2a: Miraidon\n|turn|17\n|\n|t:|1698142691\n|move|p2a: Miraidon|Draco Meteor|p1a: Ursaluna\n|-damage|p1a: Ursaluna|7\/100\n|-unboost|p2a: Miraidon|spa|2\n|move|p1a: Ursaluna|Earth Power|p2a: Miraidon\n|-supereffective|p2a: Miraidon\n|-crit|p2a: Miraidon\n|-damage|p2a: Miraidon|0 fnt\n|faint|p2a: Miraidon\n|\n|-heal|p1a: Ursaluna|13\/100|[from] item: Leftovers\n|upkeep\n|\n|t:|1698142697\n|switch|p2a: Zacian|Zacian-Crowned|100\/100\n|-ability|p2a: Zacian|Intrepid Sword|boost\n|-boost|p2a: Zacian|atk|1\n|turn|18\n|\n|t:|1698142703\n|move|p2a: Zacian|Psychic Fangs|p1a: Ursaluna\n|-damage|p1a: Ursaluna|0 fnt\n|faint|p1a: Ursaluna\n|\n|upkeep\n|\n|t:|1698142711\n|switch|p1a: Beloved|Typhlosion, M|100\/100\n|-damage|p1a: Beloved|76\/100|[from] Stealth Rock\n|turn|19\n|\n|t:|1698142731\n|move|p2a: Zacian|Sacred Sword|p1a: Beloved\n|-damage|p1a: Beloved|3\/100\n|move|p1a: Beloved|Heat Wave|p2a: Zacian\n|-supereffective|p2a: Zacian\n|-damage|p2a: Zacian|0 fnt\n|faint|p2a: Zacian\n|\n|win|IMTHEFALSESHEPHERD\n|raw|IMTHEFALSESHEPHERD's rating: 1373 &rarr; <strong>1388<\/strong><br \/>(+15 for winning)\n|raw|okocha1738's rating: 1291 &rarr; <strong>1272<\/strong><br \/>(-19 for losing)\n|c|\u2606IMTHEFALSESHEPHERD|gg wp\n|c|\u2606okocha1738|gg\n","uploadtime":1698142741,"views":12,"p1id":"imthefalseshepherd","p2id":"okocha1738","formatid":"gen9anythinggoes","rating":1272,"private":0,"password":""}