{"id":"gen9anythinggoes-1980292077","p1":"Terra_Spectrum8293","p2":"drdoomhehe","format":"[Gen 9] Anything Goes","log":"|j|\u2606Terra_Spectrum8293\n|j|\u2606drdoomhehe\n|t:|1698772880\n|gametype|singles\n|player|p1|Terra_Spectrum8293|nessa|1196\n|player|p2|drdoomhehe|unknown|1230\n|teamsize|p1|6\n|teamsize|p2|6\n|gen|9\n|tier|[Gen 9] Anything Goes\n|rated|\n|rule|HP Percentage Mod: HP is shown in percentages\n|rule|Endless Battle Clause: Forcing endless battles is banned\n|clearpoke\n|poke|p1|Grimmsnarl, M|\n|poke|p1|Haxorus, F|\n|poke|p1|Polteageist|\n|poke|p1|Flapple, M|\n|poke|p1|Scream Tail|\n|poke|p1|Zacian-*|\n|poke|p2|Flutter Mane|\n|poke|p2|Koraidon|\n|poke|p2|Calyrex-Ice|\n|poke|p2|Pawmot, M|\n|poke|p2|Glalie, M|\n|poke|p2|Ting-Lu|\n|teampreview\n|inactive|Battle timer is ON: inactive players will automatically lose when time's up. (requested by Terra_Spectrum8293)\n|\n|t:|1698772886\n|start\n|switch|p1a: Abominable Orc|Grimmsnarl, M, shiny|100\/100\n|switch|p2a: God|Glalie, M, shiny|100\/100\n|turn|1\n|\n|t:|1698772895\n|move|p2a: God|Protect|p2a: God\n|-singleturn|p2a: God|Protect\n|move|p1a: Abominable Orc|Taunt|p2a: God\n|-activate|p2a: God|move: Protect\n|\n|-ability|p2a: God|Moody|boost\n|-boost|p2a: God|atk|2\n|-unboost|p2a: God|def|1\n|upkeep\n|turn|2\n|\n|t:|1698772907\n|move|p1a: Abominable Orc|Taunt|p2a: God\n|-start|p2a: God|move: Taunt\n|cant|p2a: God|move: Taunt|Substitute\n|\n|-ability|p2a: God|Moody|boost\n|-boost|p2a: God|atk|2\n|-unboost|p2a: God|spd|1\n|upkeep\n|turn|3\n|\n|t:|1698772918\n|move|p1a: Abominable Orc|Reflect|p1a: Abominable Orc\n|-sidestart|p1: Terra_Spectrum8293|Reflect\n|move|p2a: God|Freeze-Dry|p1a: Abominable Orc\n|-damage|p1a: Abominable Orc|81\/100\n|\n|-ability|p2a: God|Moody|boost\n|-boost|p2a: God|def|2\n|-unboost|p2a: God|spe|1\n|upkeep\n|turn|4\n|\n|t:|1698772926\n|move|p1a: Abominable Orc|Light Screen|p1a: Abominable Orc\n|-sidestart|p1: Terra_Spectrum8293|move: Light Screen\n|move|p2a: God|Freeze-Dry|p1a: Abominable Orc\n|-damage|p1a: Abominable Orc|71\/100\n|\n|-end|p2a: God|move: Taunt\n|-ability|p2a: God|Moody|boost\n|-boost|p2a: God|spd|2\n|-unboost|p2a: God|spe|1\n|upkeep\n|turn|5\n|\n|t:|1698772936\n|switch|p1a: Slurp|Polteageist|100\/100\n|move|p2a: God|Substitute|p2a: God\n|-start|p2a: God|Substitute\n|-damage|p2a: God|76\/100\n|\n|-heal|p2a: God|82\/100|[from] item: Leftovers\n|-ability|p2a: God|Moody|boost\n|-boost|p2a: God|spd|2\n|-unboost|p2a: God|spe|1\n|upkeep\n|turn|6\n|\n|t:|1698772955\n|move|p1a: Slurp|Shell Smash|p1a: Slurp\n|-unboost|p1a: Slurp|def|1\n|-unboost|p1a: Slurp|spd|1\n|-boost|p1a: Slurp|atk|2\n|-boost|p1a: Slurp|spa|2\n|-boost|p1a: Slurp|spe|2\n|-enditem|p1a: Slurp|White Herb\n|-clearnegativeboost|p1a: Slurp|[silent]\n|move|p2a: God|Freeze-Dry|p1a: Slurp\n|-damage|p1a: Slurp|84\/100\n|\n|-heal|p2a: God|88\/100|[from] item: Leftovers\n|-ability|p2a: God|Moody|boost\n|-boost|p2a: God|atk|2\n|-unboost|p2a: God|def|1\n|upkeep\n|turn|7\n|\n|t:|1698772970\n|move|p1a: Slurp|Stored Power|p2a: God\n|-end|p2a: God|Substitute\n|move|p2a: God|Disable|p1a: Slurp\n|-start|p1a: Slurp|Disable|Stored Power\n|\n|-heal|p2a: God|94\/100|[from] item: Leftovers\n|-ability|p2a: God|Moody|boost\n|-boost|p2a: God|spe|2\n|-unboost|p2a: God|atk|1\n|upkeep\n|turn|8\n|\n|t:|1698772986\n|move|p2a: God|Protect|p2a: God\n|-singleturn|p2a: God|Protect\n|move|p1a: Slurp|Dark Pulse|p2a: God\n|-activate|p2a: God|move: Protect\n|\n|-heal|p2a: God|99\/100|[from] item: Leftovers\n|-ability|p2a: God|Moody|boost\n|-boost|p2a: God|spe|2\n|-unboost|p2a: God|spd|1\n|upkeep\n|turn|9\n|\n|t:|1698772996\n|move|p1a: Slurp|Dark Pulse|p2a: God\n|-damage|p2a: God|58\/100\n|move|p2a: God|Substitute|p2a: God\n|-start|p2a: God|Substitute\n|-damage|p2a: God|33\/100\n|\n|-heal|p2a: God|39\/100|[from] item: Leftovers\n|-ability|p2a: God|Moody|boost\n|-boost|p2a: God|spe|2\n|-unboost|p2a: God|atk|1\n|upkeep\n|turn|10\n|\n|t:|1698773007\n|move|p2a: God|Protect|p2a: God\n|-singleturn|p2a: God|Protect\n|move|p1a: Slurp|Dark Pulse|p2a: God\n|-activate|p2a: God|move: Protect\n|\n|-heal|p2a: God|45\/100|[from] item: Leftovers\n|-sideend|p1: Terra_Spectrum8293|Reflect\n|-ability|p2a: God|Moody|boost\n|-boost|p2a: God|spa|2\n|-unboost|p2a: God|atk|1\n|upkeep\n|turn|11\n|\n|t:|1698773017\n|move|p2a: God|Freeze-Dry|p1a: Slurp\n|-damage|p1a: Slurp|54\/100\n|move|p1a: Slurp|Baton Pass|p1a: Slurp\n|\n|t:|1698773022\n|switch|p1a: Ice Cream|Scream Tail|100\/100|[from] Baton Pass\n|\n|-heal|p2a: God|51\/100|[from] item: Leftovers\n|-sideend|p1: Terra_Spectrum8293|move: Light Screen\n|-ability|p2a: God|Moody|boost\n|-boost|p2a: God|spe|2\n|-unboost|p2a: God|spd|1\n|upkeep\n|turn|12\n|\n|t:|1698773030\n|move|p2a: God|Protect|p2a: God\n|-singleturn|p2a: God|Protect\n|move|p1a: Ice Cream|Bulk Up|p1a: Ice Cream\n|-boost|p1a: Ice Cream|atk|1\n|-boost|p1a: Ice Cream|def|1\n|\n|-heal|p2a: God|57\/100|[from] item: Leftovers\n|-ability|p2a: God|Moody|boost\n|-boost|p2a: God|def|2\n|-unboost|p2a: God|atk|1\n|upkeep\n|turn|13\n|\n|t:|1698773043\n|move|p2a: God|Freeze-Dry|p1a: Ice Cream\n|-crit|p1a: Ice Cream\n|-damage|p1a: Ice Cream|48\/100\n|move|p1a: Ice Cream|Drain Punch|p2a: God\n|-supereffective|p2a: God\n|-end|p2a: God|Substitute\n|-heal|p1a: Ice Cream|56\/100|[from] drain|[of] p2a: God\n|\n|-heal|p2a: God|63\/100|[from] item: Leftovers\n|-ability|p2a: God|Moody|boost\n|-boost|p2a: God|def|2\n|-unboost|p2a: God|spd|1\n|upkeep\n|turn|14\n|\n|t:|1698773057\n|move|p2a: God|Disable|p1a: Ice Cream\n|-start|p1a: Ice Cream|Disable|Drain Punch\n|-enditem|p1a: Ice Cream|Mental Herb\n|-end|p1a: Ice Cream|Disable\n|move|p1a: Ice Cream|Baton Pass|p1a: Ice Cream\n|\n|t:|1698773062\n|-end|p1a: Ice Cream|Protosynthesis|[silent]\n|switch|p1a: Sakura|Zacian-Crowned|100\/100|[from] Baton Pass\n|-ability|p1a: Sakura|Intrepid Sword|boost\n|-boost|p1a: Sakura|atk|1\n|\n|-heal|p2a: God|69\/100|[from] item: Leftovers\n|-ability|p2a: God|Moody|boost\n|-boost|p2a: God|spd|2\n|-unboost|p2a: God|spe|1\n|upkeep\n|turn|15\n|\n|t:|1698773075\n|move|p2a: God|Protect|p2a: God\n|-singleturn|p2a: God|Protect\n|move|p1a: Sakura|Behemoth Blade|p2a: God\n|-activate|p2a: God|move: Protect\n|\n|-heal|p2a: God|75\/100|[from] item: Leftovers\n|-ability|p2a: God|Moody|boost\n|-boost|p2a: God|spd|2\n|-unboost|p2a: God|spa|1\n|upkeep\n|turn|16\n|\n|t:|1698773090\n|move|p1a: Sakura|Behemoth Blade|p2a: God\n|-supereffective|p2a: God\n|-damage|p2a: God|0 fnt\n|faint|p2a: God\n|\n|upkeep\n|\n|t:|1698773095\n|switch|p2a: The Bulk|Ting-Lu|100\/100\n|-ability|p2a: The Bulk|Vessel of Ruin\n|turn|17\n|c|\u2606Terra_Spectrum8293|Finally i ridded that thing\n|\n|t:|1698773106\n|move|p1a: Sakura|Trailblaze|p2a: The Bulk\n|-supereffective|p2a: The Bulk\n|-damage|p2a: The Bulk|38\/100\n|-boost|p1a: Sakura|spe|1\n|move|p2a: The Bulk|Fissure|p1a: Sakura|[miss]\n|-miss|p2a: The Bulk|p1a: Sakura\n|\n|upkeep\n|turn|18\n|c|\u2606drdoomhehe|now im screwed\n|\n|t:|1698773128\n|move|p1a: Sakura|Trailblaze|p2a: The Bulk\n|-supereffective|p2a: The Bulk\n|-damage|p2a: The Bulk|0 fnt\n|-boost|p1a: Sakura|spe|1\n|faint|p2a: The Bulk\n|\n|upkeep\n|\n|t:|1698773139\n|switch|p2a: Flutter Mane|Flutter Mane|100\/100\n|turn|19\n|inactive|drdoomhehe has 120 seconds left.\n|\n|t:|1698773159\n|move|p1a: Sakura|Behemoth Blade|p2a: Flutter Mane\n|-supereffective|p2a: Flutter Mane\n|-damage|p2a: Flutter Mane|0 fnt\n|faint|p2a: Flutter Mane\n|-end|p2a: Flutter Mane|Protosynthesis|[silent]\n|\n|upkeep\n|\n|t:|1698773164\n|switch|p2a: Koraidon|Koraidon|100\/100\n|-weather|SunnyDay|[from] ability: Orichalcum Pulse|[of] p2a: Koraidon\n|-activate|p2a: Koraidon|Orichalcum Pulse|[source]\n|turn|20\n|\n|t:|1698773174\n|-terastallize|p2a: Koraidon|Fire\n|move|p1a: Sakura|Play Rough|p2a: Koraidon\n|-resisted|p2a: Koraidon\n|-damage|p2a: Koraidon|28\/100\n|-unboost|p2a: Koraidon|atk|1\n|move|p2a: Koraidon|Fire Fang|p1a: Sakura\n|-supereffective|p1a: Sakura\n|-damage|p1a: Sakura|54\/100\n|\n|-weather|SunnyDay|[upkeep]\n|-heal|p2a: Koraidon|34\/100|[from] item: Leftovers\n|upkeep\n|turn|21\n|\n|t:|1698773186\n|move|p2a: Koraidon|Protect|p2a: Koraidon\n|-singleturn|p2a: Koraidon|Protect\n|move|p1a: Sakura|Close Combat|p2a: Koraidon\n|-activate|p2a: Koraidon|move: Protect\n|\n|-weather|SunnyDay|[upkeep]\n|-heal|p2a: Koraidon|40\/100|[from] item: Leftovers\n|upkeep\n|turn|22\n|\n|t:|1698773195\n|move|p1a: Sakura|Close Combat|p2a: Koraidon\n|-damage|p2a: Koraidon|0 fnt\n|-unboost|p1a: Sakura|def|1\n|-unboost|p1a: Sakura|spd|1\n|faint|p2a: Koraidon\n|\n|-weather|SunnyDay|[upkeep]\n|upkeep\n|\n|t:|1698773204\n|switch|p2a: Pawmot|Pawmot, M|100\/100\n|turn|23\n|\n|t:|1698773208\n|move|p1a: Sakura|Play Rough|p2a: Pawmot\n|-supereffective|p2a: Pawmot\n|-enditem|p2a: Pawmot|Focus Sash\n|-damage|p2a: Pawmot|1\/100\n|move|p2a: Pawmot|Revival Blessing|p2a: Pawmot\n|\n|t:|1698773214\n|-heal|p2: God|50\/100|[from] move: Revival Blessing\n|\n|-weather|SunnyDay|[upkeep]\n|upkeep\n|turn|24\n|\n|t:|1698773220\n|move|p1a: Sakura|Trailblaze|p2a: Pawmot\n|-damage|p2a: Pawmot|0 fnt\n|-boost|p1a: Sakura|spe|1\n|faint|p2a: Pawmot\n|\n|-weather|none\n|upkeep\n|\n|t:|1698773227\n|switch|p2a: Calyrex|Calyrex-Ice|100\/100\n|-ability|p2a: Calyrex|As One\n|-ability|p2a: Calyrex|Unnerve\n|turn|25\n|\n|t:|1698773236\n|move|p1a: Sakura|Behemoth Blade|p2a: Calyrex\n|-supereffective|p2a: Calyrex\n|-damage|p2a: Calyrex|0 fnt\n|faint|p2a: Calyrex\n|\n|upkeep\n|\n|t:|1698773241\n|switch|p2a: God|Glalie, M, shiny|50\/100\n|turn|26\n|\n|t:|1698773246\n|move|p2a: God|Protect|p2a: God\n|-singleturn|p2a: God|Protect\n|move|p1a: Sakura|Close Combat|p2a: God\n|-activate|p2a: God|move: Protect\n|\n|-heal|p2a: God|56\/100|[from] item: Leftovers\n|-ability|p2a: God|Moody|boost\n|-boost|p2a: God|def|2\n|-unboost|p2a: God|spa|1\n|upkeep\n|turn|27\n|\n|t:|1698773259\n|move|p1a: Sakura|Close Combat|p2a: God\n|-supereffective|p2a: God\n|-damage|p2a: God|0 fnt\n|-unboost|p1a: Sakura|def|1\n|-unboost|p1a: Sakura|spd|1\n|faint|p2a: God\n|\n|win|Terra_Spectrum8293\n|raw|Terra_Spectrum8293's rating: 1196 &rarr; <strong>1223<\/strong><br \/>(+27 for winning)\n|raw|drdoomhehe's rating: 1230 &rarr; <strong>1203<\/strong><br \/>(-27 for losing)\n|c|\u2606drdoomhehe|gg\n|c|\u2606Terra_Spectrum8293|GG\n|l|\u2606drdoomhehe\n","uploadtime":1698773277,"views":6,"p1id":"terraspectrum8293","p2id":"drdoomhehe","formatid":"gen9anythinggoes","rating":1203,"private":0,"password":""}