{"id":"gen9anythinggoes-1985593920","p1":"genisu x org","p2":"tdty","format":"[Gen 9] Anything Goes","log":"|j|\u203dgenisu x org\n|j|\u2606tdty\n|t:|1699387426\n|gametype|singles\n|player|p1|genisu x org|1|1258\n|player|p2|tdty|102|1451\n|teamsize|p1|6\n|teamsize|p2|6\n|gen|9\n|tier|[Gen 9] Anything Goes\n|rated|\n|rule|HP Percentage Mod: HP is shown in percentages\n|rule|Endless Battle Clause: Forcing endless battles is banned\n|clearpoke\n|poke|p1|Ursaluna-Bloodmoon, M|\n|poke|p1|Koraidon|\n|poke|p1|Calyrex-Ice|\n|poke|p1|Rayquaza|\n|poke|p1|Arceus-Fairy|\n|poke|p1|Arceus|\n|poke|p2|Okidogi, M|\n|poke|p2|Clefable, M|\n|poke|p2|Flutter Mane|\n|poke|p2|Calyrex-Shadow|\n|poke|p2|Polteageist|\n|poke|p2|Magearna|\n|teampreview\n|\n|t:|1699387435\n|start\n|switch|p1a: Rayquaza|Rayquaza|100\/100\n|switch|p2a: Calyrex|Calyrex-Shadow|100\/100\n|-ability|p2a: Calyrex|As One\n|-ability|p2a: Calyrex|Unnerve\n|-ability|p1a: Rayquaza|Air Lock\n|turn|1\n|inactive|Battle timer is ON: inactive players will automatically lose when time's up. (requested by genisu x org)\n|\n|t:|1699387459\n|move|p2a: Calyrex|Taunt|p1a: Rayquaza\n|-start|p1a: Rayquaza|move: Taunt\n|cant|p1a: Rayquaza|move: Taunt|Stealth Rock\n|\n|upkeep\n|turn|2\n|\n|t:|1699387469\n|move|p2a: Calyrex|Astral Barrage|p1a: Rayquaza\n|-damage|p1a: Rayquaza|12\/100\n|move|p1a: Rayquaza|Dragon Ascent|p2a: Calyrex\n|-damage|p2a: Calyrex|1\/100\n|-unboost|p1a: Rayquaza|def|1\n|-unboost|p1a: Rayquaza|spd|1\n|\n|upkeep\n|turn|3\n|\n|t:|1699387486\n|move|p2a: Calyrex|Astral Barrage|p1a: Rayquaza\n|-damage|p1a: Rayquaza|0 fnt\n|faint|p1a: Rayquaza\n|-ability|p2a: Calyrex|Grim Neigh|boost\n|-boost|p2a: Calyrex|spa|1\n|\n|upkeep\n|\n|t:|1699387494\n|switch|p1a: Arceus|Arceus-Fairy|100\/100\n|turn|4\n|\n|t:|1699387497\n|move|p2a: Calyrex|Astral Barrage|p1a: Arceus\n|-damage|p1a: Arceus|44\/100\n|move|p1a: Arceus|Trick Room|p1a: Arceus\n|-fieldstart|move: Trick Room|[of] p1a: Arceus\n|\n|upkeep\n|turn|5\n|\n|t:|1699387504\n|move|p1a: Arceus|Judgment|p2a: Calyrex\n|-damage|p2a: Calyrex|0 fnt\n|faint|p2a: Calyrex\n|\n|upkeep\n|\n|t:|1699387510\n|switch|p2a: Flutter Mane|Flutter Mane|100\/100\n|turn|6\n|\n|t:|1699387519\n|move|p1a: Arceus|Healing Wish|p1a: Arceus\n|faint|p1a: Arceus\n|move|p2a: Flutter Mane|Memento|p1: Arceus|[notarget]\n|-fail|p2a: Flutter Mane\n|\n|upkeep\n|\n|t:|1699387526\n|switch|p1a: Ursaluna|Ursaluna-Bloodmoon, M|100\/100\n|turn|7\n|\n|t:|1699387541\n|move|p1a: Ursaluna|Blood Moon|p2a: Flutter Mane\n|-enditem|p2a: Flutter Mane|Focus Sash\n|-damage|p2a: Flutter Mane|1\/100\n|-damage|p1a: Ursaluna|90\/100|[from] item: Life Orb\n|move|p2a: Flutter Mane|Memento|p1a: Ursaluna\n|-unboost|p1a: Ursaluna|atk|2\n|-unboost|p1a: Ursaluna|spa|2\n|faint|p2a: Flutter Mane\n|-end|p2a: Flutter Mane|Protosynthesis|[silent]\n|\n|upkeep\n|\n|t:|1699387550\n|switch|p2a: Polteageist|Polteageist|100\/100\n|turn|8\n|\n|t:|1699387556\n|switch|p1a: Arceus|Arceus|100\/100\n|move|p2a: Polteageist|Shell Smash|p2a: Polteageist\n|-unboost|p2a: Polteageist|def|1\n|-unboost|p2a: Polteageist|spd|1\n|-boost|p2a: Polteageist|atk|2\n|-boost|p2a: Polteageist|spa|2\n|-boost|p2a: Polteageist|spe|2\n|\n|-fieldend|move: Trick Room\n|upkeep\n|turn|9\n|\n|t:|1699387564\n|move|p2a: Polteageist|Stored Power|p1a: Arceus\n|-damage|p1a: Arceus|36\/100\n|move|p1a: Arceus|Trick Room|p1a: Arceus\n|-fieldstart|move: Trick Room|[of] p1a: Arceus\n|\n|upkeep\n|turn|10\n|\n|t:|1699387573\n|move|p1a: Arceus|Snarl|p2a: Polteageist\n|-supereffective|p2a: Polteageist\n|-crit|p2a: Polteageist\n|-damage|p2a: Polteageist|19\/100\n|-unboost|p2a: Polteageist|spa|1\n|move|p2a: Polteageist|Baton Pass|p2a: Polteageist\n|\n|t:|1699387581\n|switch|p2a: Magearna|Magearna|100\/100|[from] Baton Pass\n|-enditem|p2a: Magearna|White Herb\n|-clearnegativeboost|p2a: Magearna|[silent]\n|\n|upkeep\n|turn|11\n|\n|t:|1699387590\n|move|p1a: Arceus|Snarl|p2a: Magearna\n|-resisted|p2a: Magearna\n|-damage|p2a: Magearna|95\/100\n|-unboost|p2a: Magearna|spa|1\n|move|p2a: Magearna|Draining Kiss|p1a: Arceus\n|-damage|p1a: Arceus|21\/100\n|-heal|p2a: Magearna|100\/100|[from] drain|[of] p1a: Arceus\n|\n|upkeep\n|turn|12\n|\n|t:|1699387599\n|move|p1a: Arceus|Healing Wish|p1a: Arceus\n|faint|p1a: Arceus\n|-ability|p2a: Magearna|Soul-Heart|boost\n|-boost|p2a: Magearna|spa|1\n|move|p2a: Magearna|Shift Gear|p2a: Magearna\n|-boost|p2a: Magearna|spe|2\n|-boost|p2a: Magearna|atk|1\n|\n|upkeep\n|\n|t:|1699387616\n|switch|p1a: Koraidon|Koraidon|100\/100\n|-weather|SunnyDay|[from] ability: Orichalcum Pulse|[of] p1a: Koraidon\n|-activate|p1a: Koraidon|Orichalcum Pulse|[source]\n|turn|13\n|\n|t:|1699387624\n|-terastallize|p2a: Magearna|Water\n|move|p1a: Koraidon|Flare Blitz|p2a: Magearna\n|-resisted|p2a: Magearna\n|-damage|p2a: Magearna|60\/100\n|-damage|p1a: Koraidon|87\/100|[from] Recoil\n|move|p2a: Magearna|Baton Pass|p2a: Magearna\n|\n|t:|1699387633\n|switch|p2a: Clefable|Clefable, M|100\/100|[from] Baton Pass\n|\n|-weather|SunnyDay|[upkeep]\n|-fieldend|move: Trick Room\n|upkeep\n|turn|14\n|\n|t:|1699387638\n|move|p1a: Koraidon|Flare Blitz|p2a: Clefable\n|-damage|p2a: Clefable|19\/100\n|-damage|p1a: Koraidon|58\/100|[from] Recoil\n|move|p2a: Clefable|Stored Power|p1a: Koraidon\n|-supereffective|p1a: Koraidon\n|-crit|p1a: Koraidon\n|-damage|p1a: Koraidon|0 fnt\n|faint|p1a: Koraidon\n|\n|-weather|SunnyDay|[upkeep]\n|upkeep\n|\n|t:|1699387647\n|switch|p1a: Ursaluna|Ursaluna-Bloodmoon, M|90\/100\n|-heal|p1a: Ursaluna|100\/100|[from] move: Healing Wish\n|turn|15\n|\n|t:|1699387655\n|move|p2a: Clefable|Moonlight|p2a: Clefable\n|-heal|p2a: Clefable|86\/100\n|move|p1a: Ursaluna|Earth Power|p2a: Clefable\n|-damage|p2a: Clefable|27\/100\n|-damage|p1a: Ursaluna|90\/100|[from] item: Life Orb\n|\n|-weather|SunnyDay|[upkeep]\n|upkeep\n|turn|16\n|\n|t:|1699387665\n|move|p2a: Clefable|Stored Power|p1a: Ursaluna\n|-damage|p1a: Ursaluna|29\/100\n|move|p1a: Ursaluna|Blood Moon|p2a: Clefable\n|-damage|p2a: Clefable|0 fnt\n|faint|p2a: Clefable\n|-damage|p1a: Ursaluna|19\/100|[from] item: Life Orb\n|\n|-weather|SunnyDay|[upkeep]\n|upkeep\n|\n|t:|1699387674\n|switch|p2a: Okidogi|Okidogi, M|100\/100\n|turn|17\n|\n|t:|1699387679\n|move|p2a: Okidogi|Drain Punch|p1a: Ursaluna\n|-supereffective|p1a: Ursaluna\n|-damage|p1a: Ursaluna|0 fnt\n|faint|p1a: Ursaluna\n|\n|-weather|none\n|upkeep\n|\n|t:|1699387682\n|switch|p1a: Calyrex|Calyrex-Ice|100\/100\n|-ability|p1a: Calyrex|As One\n|-ability|p1a: Calyrex|Unnerve\n|turn|18\n|\n|t:|1699387694\n|-terastallize|p1a: Calyrex|Ice\n|move|p2a: Okidogi|Knock Off|p1a: Calyrex\n|-damage|p1a: Calyrex|79\/100\n|-enditem|p1a: Calyrex|Choice Band|[from] move: Knock Off|[of] p2a: Okidogi\n|move|p1a: Calyrex|Glacial Lance|p2a: Okidogi\n|-damage|p2a: Okidogi|4\/100\n|\n|upkeep\n|turn|19\n|\n|t:|1699387706\n|move|p2a: Okidogi|Drain Punch|p1a: Calyrex\n|-supereffective|p1a: Calyrex\n|-damage|p1a: Calyrex|24\/100\n|-heal|p2a: Okidogi|36\/100|[from] drain|[of] p1a: Calyrex\n|move|p1a: Calyrex|Zen Headbutt|p2a: Okidogi\n|-supereffective|p2a: Okidogi\n|-damage|p2a: Okidogi|0 fnt\n|faint|p2a: Okidogi\n|-ability|p1a: Calyrex|Chilling Neigh|boost\n|-boost|p1a: Calyrex|atk|1\n|\n|upkeep\n|\n|t:|1699387718\n|switch|p2a: Magearna|Magearna, tera:Water|60\/100\n|turn|20\n|\n|t:|1699387742\n|move|p2a: Magearna|Draining Kiss|p1a: Calyrex\n|-damage|p1a: Calyrex|10\/100\n|-heal|p2a: Magearna|73\/100|[from] drain|[of] p1a: Calyrex\n|move|p1a: Calyrex|Seed Bomb|p2a: Magearna\n|-supereffective|p2a: Magearna\n|-damage|p2a: Magearna|0 fnt\n|faint|p2a: Magearna\n|-ability|p1a: Calyrex|Chilling Neigh|boost\n|-boost|p1a: Calyrex|atk|1\n|\n|upkeep\n|\n|t:|1699387751\n|switch|p2a: Polteageist|Polteageist|19\/100\n|turn|21\n|\n|t:|1699387759\n|move|p2a: Polteageist|Giga Drain|p1a: Calyrex\n|-damage|p1a: Calyrex|0 fnt\n|-heal|p2a: Polteageist|26\/100|[from] drain|[of] p1a: Calyrex\n|faint|p1a: Calyrex\n|\n|win|tdty\n|raw|genisu x org's rating: 1258 &rarr; <strong>1246<\/strong><br \/>(-12 for losing)\n|raw|tdty's rating: 1451 &rarr; <strong>1461<\/strong><br \/>(+10 for winning)\n|l|\u203dgenisu x org\n|j|\u203dgenisu x org\n|player|p1|genisu x org|1\n|n|\u203dgenisu x org|genisuxorg\n","uploadtime":1699387801,"views":5,"p1id":"genisuxorg","p2id":"tdty","formatid":"gen9anythinggoes","rating":1246,"private":0,"password":""}