{"id":"gen9anythinggoes-1997083313","p1":"LeunamTG","p2":"safe genesect","format":"[Gen 9] Anything Goes","log":"|j|\u2606LeunamTG\n|j|\u2606safe genesect\n|t:|1700762788\n|gametype|singles\n|player|p1|LeunamTG|skyla|\n|player|p2|safe genesect|265|\n|teamsize|p1|6\n|teamsize|p2|6\n|gen|9\n|tier|[Gen 9] Anything Goes\n|rule|HP Percentage Mod: HP is shown in percentages\n|rule|Endless Battle Clause: Forcing endless battles is banned\n|clearpoke\n|poke|p1|Azelf|\n|poke|p1|Donphan, F|\n|poke|p1|Dragapult, M|\n|poke|p1|Electrode-Hisui|\n|poke|p1|Samurott-Hisui, M|\n|poke|p1|Sneasel-Hisui, M|\n|poke|p2|Sinistcha|\n|poke|p2|Komala, M|\n|poke|p2|Qwilfish-Hisui, M|\n|poke|p2|Manaphy|\n|poke|p2|Jolteon, M|\n|poke|p2|Iron Treads|\n|teampreview\n|c|\u2606LeunamTG|GLHF!\n|c|\u2606safe genesect|gl hf\n|j| mimizukii\n|\n|t:|1700762896\n|start\n|switch|p1a: Donphan|Donphan, F|100\/100\n|switch|p2a: Manaphy|Manaphy|100\/100\n|turn|1\n|\n|t:|1700762930\n|move|p2a: Manaphy|Ice Beam|p1a: Donphan\n|-supereffective|p1a: Donphan\n|-ability|p1a: Donphan|Sturdy\n|-damage|p1a: Donphan|1\/100\n|move|p1a: Donphan|Knock Off|p2a: Manaphy\n|-damage|p2a: Manaphy|68\/100\n|-enditem|p2a: Manaphy|Expert Belt|[from] move: Knock Off|[of] p1a: Donphan\n|\n|upkeep\n|turn|2\n|-enditem|p1a: Donphan|Custap Berry|[eat]\n|-activate|p1a: Donphan|item: Custap Berry|[consumed]\n|\n|t:|1700762969\n|move|p1a: Donphan|Earthquake|p2a: Manaphy\n|-damage|p2a: Manaphy|13\/100\n|move|p2a: Manaphy|Ice Beam|p1a: Donphan\n|-supereffective|p1a: Donphan\n|-damage|p1a: Donphan|0 fnt\n|faint|p1a: Donphan\n|\n|upkeep\n|\n|t:|1700763002\n|switch|p1a: Azelf|Azelf|100\/100\n|turn|3\n|\n|t:|1700763007\n|move|p1a: Azelf|Light Screen|p1a: Azelf\n|-sidestart|p1: LeunamTG|move: Light Screen\n|move|p2a: Manaphy|Surf|p1a: Azelf\n|-damage|p1a: Azelf|72\/100\n|\n|upkeep\n|turn|4\n|\n|t:|1700763021\n|switch|p2a: Iron Treads|Iron Treads|100\/100\n|move|p1a: Azelf|Mystical Power|p2a: Iron Treads\n|-resisted|p2a: Iron Treads\n|-damage|p2a: Iron Treads|85\/100\n|-boost|p1a: Azelf|spa|1\n|\n|-heal|p2a: Iron Treads|92\/100|[from] item: Leftovers\n|upkeep\n|turn|5\n|\n|t:|1700763092\n|move|p1a: Azelf|Fire Blast|p2a: Iron Treads\n|-supereffective|p2a: Iron Treads\n|-damage|p2a: Iron Treads|0 fnt\n|faint|p2a: Iron Treads\n|-end|p2a: Iron Treads|Quark Drive|[silent]\n|\n|upkeep\n|\n|t:|1700763105\n|switch|p2a: Komala|Komala, M|100\/100\n|-ability|p2a: Komala|Comatose\n|turn|6\n|\n|t:|1700763134\n|move|p1a: Azelf|Reflect|p1a: Azelf\n|-sidestart|p1: LeunamTG|Reflect\n|move|p2a: Komala|Knock Off|p1a: Azelf\n|-supereffective|p1a: Azelf\n|-damage|p1a: Azelf|41\/100\n|-enditem|p1a: Azelf|Light Clay|[from] move: Knock Off|[of] p2a: Komala\n|\n|upkeep\n|turn|7\n|\n|t:|1700763221\n|switch|p2a: Qwilfish|Qwilfish-Hisui, M|100\/100\n|move|p1a: Azelf|Mystical Power|p2a: Qwilfish\n|-immune|p2a: Qwilfish\n|\n|upkeep\n|turn|8\n|\n|t:|1700763263\n|move|p1a: Azelf|Fire Blast|p2a: Qwilfish\n|-damage|p2a: Qwilfish|63\/100\n|move|p2a: Qwilfish|Spikes|p1a: Azelf\n|-sidestart|p1: LeunamTG|Spikes\n|\n|upkeep\n|turn|9\n|\n|t:|1700763289\n|switch|p1a: Sneasel|Sneasel-Hisui, M|100\/100\n|-damage|p1a: Sneasel|88\/100|[from] Spikes\n|move|p2a: Qwilfish|Crunch|p1a: Sneasel\n|-resisted|p1a: Sneasel\n|-damage|p1a: Sneasel|82\/100\n|\n|upkeep\n|turn|10\n|\n|t:|1700763371\n|switch|p2a: Manaphy|Manaphy|13\/100\n|move|p1a: Sneasel|Swords Dance|p1a: Sneasel\n|-boost|p1a: Sneasel|atk|2\n|\n|-sideend|p1: LeunamTG|move: Light Screen\n|upkeep\n|turn|11\n|\n|t:|1700763377\n|move|p2a: Manaphy|Surf|p1a: Sneasel\n|-damage|p1a: Sneasel|33\/100\n|move|p1a: Sneasel|Trailblaze|p2a: Manaphy\n|-supereffective|p2a: Manaphy\n|-damage|p2a: Manaphy|0 fnt\n|-boost|p1a: Sneasel|spe|1\n|faint|p2a: Manaphy\n|\n|upkeep\n|\n|t:|1700763411\n|switch|p2a: Sinistcha|Sinistcha|100\/100\n|turn|12\n|\n|t:|1700763418\n|move|p1a: Sneasel|Gunk Shot|p2a: Sinistcha\n|-damage|p2a: Sinistcha|28\/100\n|move|p2a: Sinistcha|Shadow Ball|p1a: Sneasel\n|-damage|p1a: Sneasel|0 fnt\n|faint|p1a: Sneasel\n|\n|-heal|p2a: Sinistcha|34\/100|[from] item: Leftovers\n|upkeep\n|\n|t:|1700763501\n|switch|p1a: Samurott|Samurott-Hisui, M|100\/100\n|-damage|p1a: Samurott|88\/100|[from] Spikes\n|turn|13\n|\n|t:|1700763517\n|move|p1a: Samurott|Ceaseless Edge|p2a: Sinistcha\n|-supereffective|p2a: Sinistcha\n|-damage|p2a: Sinistcha|0 fnt\n|-sidestart|p2: safe genesect|Spikes\n|faint|p2a: Sinistcha\n|\n|-sideend|p1: LeunamTG|Reflect\n|upkeep\n|\n|t:|1700763527\n|switch|p2a: Jolteon|Jolteon, M|100\/100\n|turn|14\n|\n|t:|1700763547\n|move|p1a: Samurott|Sucker Punch|p2a: Jolteon\n|-damage|p2a: Jolteon|40\/100\n|move|p2a: Jolteon|Volt Switch|p1a: Samurott\n|-supereffective|p1a: Samurott\n|-damage|p1a: Samurott|1\/100\n|-enditem|p1a: Samurott|Weakness Policy\n|-boost|p1a: Samurott|atk|2|[from] item: Weakness Policy\n|-boost|p1a: Samurott|spa|2|[from] item: Weakness Policy\n|\n|t:|1700763556\n|switch|p2a: Komala|Komala, M|100\/100|[from] Volt Switch\n|-damage|p2a: Komala|88\/100|[from] Spikes\n|-ability|p2a: Komala|Comatose\n|\n|-heal|p2a: Komala|94\/100|[from] item: Leftovers\n|upkeep\n|turn|15\n|c| mimizukii|:0\n|c|\u2606safe genesect|lmao\n|c|\u2606safe genesect|gg\n|c|\u2606LeunamTG|Los EVs.\n|\n|t:|1700763609\n|move|p1a: Samurott|Razor Shell|p2a: Komala\n|-damage|p2a: Komala|0 fnt\n|faint|p2a: Komala\n|\n|upkeep\n|\n|t:|1700763612\n|switch|p2a: Qwilfish|Qwilfish-Hisui, M|63\/100\n|-damage|p2a: Qwilfish|51\/100|[from] Spikes\n|turn|16\n|\n|t:|1700763618\n|move|p1a: Samurott|Razor Shell|p2a: Qwilfish\n|-damage|p2a: Qwilfish|0 fnt\n|-status|p1a: Samurott|psn|[from] ability: Poison Point|[of] p2a: Qwilfish\n|faint|p2a: Qwilfish\n|\n|-damage|p1a: Samurott|0 fnt|[from] psn\n|faint|p1a: Samurott\n|upkeep\n|c|\u2606safe genesect|gg\n|c| mimizukii|Loool\n|\n|t:|1700763639\n|switch|p1a: Electrode|Electrode-Hisui|100\/100\n|switch|p2a: Jolteon|Jolteon, M|40\/100\n|-damage|p1a: Electrode|88\/100|[from] Spikes\n|turn|17\n|\n|t:|1700763644\n|-terastallize|p1a: Electrode|Ice\n|-terastallize|p2a: Jolteon|Ice\n|move|p1a: Electrode|Tera Blast|p2a: Jolteon|[anim] Tera Blast Ice\n|-resisted|p2a: Jolteon\n|-damage|p2a: Jolteon|13\/100\n|-damage|p1a: Electrode|78\/100|[from] item: Life Orb\n|move|p2a: Jolteon|Tera Blast|p1a: Electrode|[anim] Tera Blast Ice\n|-resisted|p1a: Electrode\n|-damage|p1a: Electrode|50\/100\n|\n|upkeep\n|turn|18\n|c|\u2606LeunamTG|GG.\n|\n|t:|1700763655\n|move|p1a: Electrode|Tera Blast|p2a: Jolteon|[anim] Tera Blast Ice\n|-resisted|p2a: Jolteon\n|-damage|p2a: Jolteon|0 fnt\n|faint|p2a: Jolteon\n|-damage|p1a: Electrode|40\/100|[from] item: Life Orb\n|\n|win|LeunamTG\n","uploadtime":1700763661,"views":27,"p1id":"leunamtg","p2id":"safegenesect","formatid":"gen9anythinggoes","rating":0,"private":0,"password":""}