{"id":"gen9anythinggoes-1984580248","p1":"MrTRB","p2":"idkamibetter?","format":"[Gen 9] Anything Goes","log":"|j|\u2606MrTRB\n|j|\u203didkamibetter?\n|t:|1699281688\n|gametype|singles\n|player|p1|MrTRB|benga|1096\n|player|p2|idkamibetter?|2|1093\n|teamsize|p1|6\n|teamsize|p2|6\n|gen|9\n|tier|[Gen 9] Anything Goes\n|rated|\n|rule|HP Percentage Mod: HP is shown in percentages\n|rule|Endless Battle Clause: Forcing endless battles is banned\n|clearpoke\n|poke|p1|Gholdengo|\n|poke|p1|Cyclizar, F|\n|poke|p1|Volcarona, F|\n|poke|p1|Dipplin, M|\n|poke|p1|Garganacl, F|\n|poke|p1|Glimmora, M|\n|poke|p2|Calyrex-Shadow|\n|poke|p2|Moltres-Galar|\n|poke|p2|Mew|\n|poke|p2|Miraidon|\n|poke|p2|Kyogre|\n|poke|p2|Zacian-*|\n|teampreview\n|c|\u2606MrTRB|dear gods\n|\n|t:|1699281704\n|start\n|switch|p1a: Glimmora|Glimmora, M|100\/100\n|switch|p2a: Mew|Mew|100\/100\n|turn|1\n|\n|t:|1699281712\n|move|p1a: Glimmora|Stealth Rock|p2a: Mew\n|-sidestart|p2: idkamibetter?|move: Stealth Rock\n|move|p2a: Mew|Toxic Spikes|p1a: Glimmora\n|-sidestart|p1: MrTRB|move: Toxic Spikes\n|\n|upkeep\n|turn|2\n|\n|t:|1699281719\n|move|p1a: Glimmora|Spikes|p2a: Mew\n|-sidestart|p2: idkamibetter?|Spikes\n|move|p2a: Mew|Stealth Rock|p1a: Glimmora\n|-sidestart|p1: MrTRB|move: Stealth Rock\n|\n|upkeep\n|turn|3\n|\n|t:|1699281726\n|move|p1a: Glimmora|Spikes|p2a: Mew\n|-sidestart|p2: idkamibetter?|Spikes\n|move|p2a: Mew|Spikes|p1a: Glimmora\n|-sidestart|p1: MrTRB|Spikes\n|\n|upkeep\n|turn|4\n|\n|t:|1699281732\n|move|p1a: Glimmora|Spikes|p2a: Mew\n|-sidestart|p2: idkamibetter?|Spikes\n|move|p2a: Mew|Spikes|p1a: Glimmora\n|-sidestart|p1: MrTRB|Spikes\n|\n|upkeep\n|turn|5\n|\n|t:|1699281740\n|move|p1a: Glimmora|Sludge Bomb|p2a: Mew\n|-damage|p2a: Mew|69\/100\n|move|p2a: Mew|Stealth Rock||[still]\n|-fail|p2a: Mew\n|\n|-heal|p2a: Mew|75\/100|[from] item: Leftovers\n|upkeep\n|turn|6\n|\n|t:|1699281750\n|move|p1a: Glimmora|Sludge Bomb|p2a: Mew\n|-damage|p2a: Mew|44\/100\n|move|p2a: Mew|Toxic Spikes|p1a: Glimmora\n|-sidestart|p1: MrTRB|move: Toxic Spikes\n|\n|-heal|p2a: Mew|50\/100|[from] item: Leftovers\n|upkeep\n|turn|7\n|\n|t:|1699281759\n|move|p1a: Glimmora|Sludge Bomb|p2a: Mew\n|-damage|p2a: Mew|24\/100\n|-status|p2a: Mew|psn\n|-activate|p2a: Mew|ability: Synchronize\n|-immune|p1a: Glimmora\n|move|p2a: Mew|Spikes|p1a: Glimmora\n|-sidestart|p1: MrTRB|Spikes\n|\n|-heal|p2a: Mew|30\/100 psn|[from] item: Leftovers\n|-damage|p2a: Mew|17\/100 psn|[from] psn\n|upkeep\n|turn|8\n|\n|t:|1699281778\n|move|p1a: Glimmora|Sludge Bomb|p2a: Mew\n|-damage|p2a: Mew|0 fnt\n|faint|p2a: Mew\n|\n|upkeep\n|\n|t:|1699281789\n|switch|p2a: Kyogre|Kyogre|100\/100\n|-damage|p2a: Kyogre|88\/100|[from] Stealth Rock\n|-damage|p2a: Kyogre|63\/100|[from] Spikes\n|-weather|RainDance|[from] ability: Drizzle|[of] p2a: Kyogre\n|turn|9\n|\n|t:|1699281799\n|move|p1a: Glimmora|Sludge Bomb|p2a: Kyogre\n|-damage|p2a: Kyogre|26\/100\n|move|p2a: Kyogre|Origin Pulse|p1a: Glimmora\n|-supereffective|p1a: Glimmora\n|-enditem|p1a: Glimmora|Focus Sash\n|-damage|p1a: Glimmora|1\/100\n|\n|-weather|RainDance|[upkeep]\n|-heal|p2a: Kyogre|32\/100|[from] item: Leftovers\n|upkeep\n|turn|10\n|\n|t:|1699281812\n|move|p1a: Glimmora|Sludge Bomb|p2a: Kyogre\n|-damage|p2a: Kyogre|0 fnt\n|faint|p2a: Kyogre\n|\n|-weather|RainDance|[upkeep]\n|upkeep\n|\n|t:|1699281829\n|switch|p2a: Zacian|Zacian-Crowned|100\/100\n|-damage|p2a: Zacian|94\/100|[from] Stealth Rock\n|-damage|p2a: Zacian|69\/100|[from] Spikes\n|-ability|p2a: Zacian|Intrepid Sword|boost\n|-boost|p2a: Zacian|atk|1\n|turn|11\n|\n|t:|1699281839\n|move|p2a: Zacian|Trailblaze|p1a: Glimmora\n|-damage|p1a: Glimmora|0 fnt\n|-boost|p2a: Zacian|spe|1\n|-activate|p1a: Glimmora|ability: Toxic Debris\n|-sidestart|p2: idkamibetter?|move: Toxic Spikes\n|faint|p1a: Glimmora\n|\n|-weather|RainDance|[upkeep]\n|upkeep\n|\n|t:|1699281855\n|switch|p1a: Garganacl|Garganacl, F|100\/100\n|-damage|p1a: Garganacl|88\/100|[from] Stealth Rock\n|-damage|p1a: Garganacl|63\/100|[from] Spikes\n|turn|12\n|\n|t:|1699281868\n|move|p2a: Zacian|Behemoth Blade|p1a: Garganacl\n|-supereffective|p1a: Garganacl\n|-damage|p1a: Garganacl|0 fnt\n|faint|p1a: Garganacl\n|\n|-weather|RainDance|[upkeep]\n|upkeep\n|\n|t:|1699281877\n|switch|p1a: Gholdengo|Gholdengo|100\/100\n|-damage|p1a: Gholdengo|94\/100|[from] Stealth Rock\n|-damage|p1a: Gholdengo|70\/100|[from] Spikes\n|turn|13\n|\n|t:|1699281892\n|move|p2a: Zacian|Trailblaze|p1a: Gholdengo\n|-resisted|p1a: Gholdengo\n|-damage|p1a: Gholdengo|56\/100\n|-boost|p2a: Zacian|spe|1\n|move|p1a: Gholdengo|Make It Rain|p2a: Zacian\n|-damage|p2a: Zacian|8\/100\n|-unboost|p1a: Gholdengo|spa|1\n|\n|-weather|none\n|upkeep\n|turn|14\n|\n|t:|1699281907\n|move|p2a: Zacian|Behemoth Blade|p1a: Gholdengo\n|-resisted|p1a: Gholdengo\n|-damage|p1a: Gholdengo|14\/100\n|move|p1a: Gholdengo|Shadow Ball|p2a: Zacian\n|-damage|p2a: Zacian|0 fnt\n|faint|p2a: Zacian\n|\n|upkeep\n|\n|t:|1699281919\n|switch|p2a: Miraidon|Miraidon|100\/100\n|-damage|p2a: Miraidon|88\/100|[from] Stealth Rock\n|-damage|p2a: Miraidon|63\/100|[from] Spikes\n|-status|p2a: Miraidon|psn\n|-fieldstart|move: Electric Terrain|[from] ability: Hadron Engine|[of] p2a: Miraidon\n|turn|15\n|\n|t:|1699281928\n|move|p2a: Miraidon|Electro Drift|p1a: Gholdengo\n|-damage|p1a: Gholdengo|0 fnt\n|faint|p1a: Gholdengo\n|\n|-damage|p2a: Miraidon|51\/100 psn|[from] psn\n|upkeep\n|\n|t:|1699281950\n|switch|p1a: Dipplin|Dipplin, M|100\/100\n|-status|p1a: Dipplin|tox\n|-damage|p1a: Dipplin|88\/100 tox|[from] Stealth Rock\n|-damage|p1a: Dipplin|63\/100 tox|[from] Spikes\n|turn|16\n|\n|t:|1699281962\n|move|p2a: Miraidon|Electro Drift|p1a: Dipplin\n|-resisted|p1a: Dipplin\n|-damage|p1a: Dipplin|45\/100 tox\n|move|p1a: Dipplin|Dragon Pulse|p2a: Miraidon\n|-supereffective|p2a: Miraidon\n|-damage|p2a: Miraidon|2\/100 psn\n|-enditem|p2a: Miraidon|Weakness Policy\n|-boost|p2a: Miraidon|atk|2|[from] item: Weakness Policy\n|-boost|p2a: Miraidon|spa|2|[from] item: Weakness Policy\n|\n|-damage|p2a: Miraidon|0 fnt|[from] psn\n|faint|p2a: Miraidon\n|-damage|p1a: Dipplin|39\/100 tox|[from] psn\n|upkeep\n|\n|t:|1699281978\n|switch|p2a: Calyrex|Calyrex-Shadow|100\/100\n|-ability|p2a: Calyrex|As One\n|-ability|p2a: Calyrex|Unnerve\n|-damage|p2a: Calyrex|88\/100|[from] Stealth Rock\n|-damage|p2a: Calyrex|63\/100|[from] Spikes\n|-status|p2a: Calyrex|psn\n|turn|17\n|c|\u2606MrTRB|ima be real, i wasn't expecting dipplin to live\n|\n|t:|1699281995\n|move|p2a: Calyrex|Astral Barrage|p1a: Dipplin\n|-damage|p1a: Dipplin|0 fnt\n|faint|p1a: Dipplin\n|-ability|p2a: Calyrex|Grim Neigh|boost\n|-boost|p2a: Calyrex|spa|1\n|\n|-heal|p2a: Calyrex|70\/100 psn|[from] item: Leftovers\n|-damage|p2a: Calyrex|57\/100 psn|[from] psn\n|upkeep\n|c|\u2606MrTRB|yeah kinda like that\n|\n|t:|1699282009\n|switch|p1a: Cyclizar|Cyclizar, F|100\/100\n|-status|p1a: Cyclizar|tox\n|-damage|p1a: Cyclizar|88\/100 tox|[from] Stealth Rock\n|-damage|p1a: Cyclizar|63\/100 tox|[from] Spikes\n|turn|18\n|\n|t:|1699282028\n|-terastallize|p2a: Calyrex|Psychic\n|move|p2a: Calyrex|Will-O-Wisp||[still]\n|-fail|p2a: Calyrex\n|move|p1a: Cyclizar|Shed Tail|p1a: Cyclizar\n|-start|p1a: Cyclizar|Substitute|[from] move: Shed Tail\n|-damage|p1a: Cyclizar|13\/100 tox\n|\n|t:|1699282034\n|switch|p1a: Volcarona|Volcarona, F|100\/100|[from] Shed Tail\n|\n|-heal|p2a: Calyrex|63\/100 psn|[from] item: Leftovers\n|-damage|p2a: Calyrex|51\/100 psn|[from] psn\n|upkeep\n|turn|19\n|\n|t:|1699282043\n|move|p2a: Calyrex|Psychic|p1a: Volcarona\n|-end|p1a: Volcarona|Substitute\n|move|p1a: Volcarona|Quiver Dance|p1a: Volcarona\n|-boost|p1a: Volcarona|spa|1\n|-boost|p1a: Volcarona|spd|1\n|-boost|p1a: Volcarona|spe|1\n|\n|-heal|p2a: Calyrex|57\/100 psn|[from] item: Leftovers\n|-damage|p2a: Calyrex|45\/100 psn|[from] psn\n|-fieldend|move: Electric Terrain\n|upkeep\n|turn|20\n|\n|t:|1699282059\n|move|p2a: Calyrex|Astral Barrage|p1a: Volcarona\n|-damage|p1a: Volcarona|35\/100\n|move|p1a: Volcarona|Bug Buzz|p2a: Calyrex\n|-supereffective|p2a: Calyrex\n|-damage|p2a: Calyrex|0 fnt\n|faint|p2a: Calyrex\n|\n|upkeep\n|\n|t:|1699282068\n|switch|p2a: Moltres|Moltres-Galar|100\/100\n|-damage|p2a: Moltres|76\/100|[from] Stealth Rock\n|turn|21\n|\n|t:|1699282083\n|move|p1a: Volcarona|Bug Buzz|p2a: Moltres\n|-damage|p2a: Moltres|8\/100\n|-ability|p2a: Moltres|Berserk|boost\n|-boost|p2a: Moltres|spa|1\n|move|p2a: Moltres|Air Slash|p1a: Volcarona\n|-supereffective|p1a: Volcarona\n|-damage|p1a: Volcarona|0 fnt\n|faint|p1a: Volcarona\n|\n|upkeep\n|\n|t:|1699282090\n|switch|p1a: Cyclizar|Cyclizar, F|46\/100 tox\n|-enditem|p1a: Cyclizar|Sitrus Berry|[eat]\n|-heal|p1a: Cyclizar|71\/100 tox|[from] item: Sitrus Berry\n|-damage|p1a: Cyclizar|59\/100 tox|[from] Stealth Rock\n|-damage|p1a: Cyclizar|34\/100 tox|[from] Spikes\n|turn|22\n|\n|t:|1699282101\n|move|p1a: Cyclizar|Ice Spinner|p2a: Moltres\n|-supereffective|p2a: Moltres\n|-damage|p2a: Moltres|0 fnt\n|faint|p2a: Moltres\n|\n|win|MrTRB\n|raw|MrTRB's rating: 1096 &rarr; <strong>1121<\/strong><br \/>(+25 for winning)\n|raw|idkamibetter?'s rating: 1093 &rarr; <strong>1069<\/strong><br \/>(-24 for losing)\n|c|\u2606MrTRB|yippee\n|l|\u203didkamibetter?\n","uploadtime":1699282114,"views":4,"p1id":"mrtrb","p2id":"idkamibetter","formatid":"gen9anythinggoes","rating":1069,"private":0,"password":""}