{"id":"gen9anythinggoes-1977928143","p1":"13241 fd","p2":"jesusisreal7777","format":"[Gen 9] Anything Goes","log":"|j|\u260613241 fd\n|j|\u2606jesusisreal7777\n|t:|1698467869\n|gametype|singles\n|player|p1|13241 fd|2|1055\n|player|p2|jesusisreal7777|169|1015\n|teamsize|p1|6\n|teamsize|p2|6\n|gen|9\n|tier|[Gen 9] Anything Goes\n|rated|\n|rule|HP Percentage Mod: HP is shown in percentages\n|rule|Endless Battle Clause: Forcing endless battles is banned\n|clearpoke\n|poke|p1|Infernape, F|\n|poke|p1|Groudon|\n|poke|p1|Rayquaza|\n|poke|p1|Kyogre|\n|poke|p1|Giratina-Origin|\n|poke|p1|Dialga|\n|poke|p2|Koraidon|\n|poke|p2|Rayquaza|\n|poke|p2|Arceus-Ground|\n|poke|p2|Ditto|\n|poke|p2|Hatterene, F|\n|poke|p2|Golem, M|\n|teampreview\n|inactive|Battle timer is ON: inactive players will automatically lose when time's up. (requested by 13241 fd)\n|inactive|jesusisreal7777 has 120 seconds left.\n|n|\u260613241 fd|13241fd\n|c|\u260613241 fd|yo\n|inactive|jesusisreal7777 has 90 seconds left.\n|l|\u2606jesusisreal7777\n|inactive|jesusisreal7777 disconnected and has a minute to reconnect!\n|player|p2|\n|j|\u2606jesusisreal7777\n|inactive|jesusisreal7777 reconnected and has 80 seconds left.\n|player|p2|jesusisreal7777|169\n|\n|t:|1698467958\n|start\n|switch|p1a: Infernape|Infernape, F|100\/100\n|switch|p2a: Golem|Golem, M|100\/100\n|turn|1\n|inactive|jesusisreal7777 has 120 seconds left.\n|c|\u260613241 fd|u playing?\n|\n|t:|1698468009\n|move|p1a: Infernape|Close Combat|p2a: Golem\n|-supereffective|p2a: Golem\n|-damage|p2a: Golem|21\/100\n|-unboost|p1a: Infernape|def|1\n|-unboost|p1a: Infernape|spd|1\n|-enditem|p2a: Golem|Weakness Policy\n|-boost|p2a: Golem|atk|2|[from] item: Weakness Policy\n|-boost|p2a: Golem|spa|2|[from] item: Weakness Policy\n|move|p2a: Golem|Earthquake|p1a: Infernape\n|-supereffective|p1a: Infernape\n|-damage|p1a: Infernape|0 fnt\n|faint|p1a: Infernape\n|\n|upkeep\n|\n|t:|1698468021\n|switch|p1a: Rayquaza|Rayquaza|100\/100\n|-ability|p1a: Rayquaza|Air Lock\n|turn|2\n|\n|t:|1698468032\n|move|p1a: Rayquaza|Dragon Ascent|p2a: Golem\n|-resisted|p2a: Golem\n|-damage|p2a: Golem|0 fnt\n|-unboost|p1a: Rayquaza|def|1\n|-unboost|p1a: Rayquaza|spd|1\n|faint|p2a: Golem\n|\n|upkeep\n|\n|t:|1698468039\n|switch|p2a: Arceus|Arceus-Ground|100\/100\n|turn|3\n|\n|t:|1698468048\n|move|p2a: Arceus|Cosmic Power|p2a: Arceus\n|-boost|p2a: Arceus|def|1\n|-boost|p2a: Arceus|spd|1\n|move|p1a: Rayquaza|Hydro Pump|p2a: Arceus\n|-supereffective|p2a: Arceus\n|-crit|p2a: Arceus\n|-damage|p2a: Arceus|23\/100\n|\n|upkeep\n|turn|4\n|inactive|jesusisreal7777 has 120 seconds left.\n|\n|t:|1698468056\n|move|p2a: Arceus|Recover|p2a: Arceus\n|-heal|p2a: Arceus|73\/100\n|move|p1a: Rayquaza|Hydro Pump|p2a: Arceus\n|-supereffective|p2a: Arceus\n|-damage|p2a: Arceus|41\/100\n|\n|upkeep\n|turn|5\n|\n|t:|1698468063\n|move|p2a: Arceus|Recover|p2a: Arceus\n|-heal|p2a: Arceus|91\/100\n|move|p1a: Rayquaza|Hydro Pump|p2a: Arceus|[miss]\n|-miss|p1a: Rayquaza|p2a: Arceus\n|\n|upkeep\n|turn|6\n|\n|t:|1698468068\n|move|p2a: Arceus|Cosmic Power|p2a: Arceus\n|-boost|p2a: Arceus|def|1\n|-boost|p2a: Arceus|spd|1\n|move|p1a: Rayquaza|Hydro Pump|p2a: Arceus\n|-supereffective|p2a: Arceus\n|-damage|p2a: Arceus|69\/100\n|\n|upkeep\n|turn|7\n|\n|t:|1698468076\n|move|p2a: Arceus|Cosmic Power|p2a: Arceus\n|-boost|p2a: Arceus|def|1\n|-boost|p2a: Arceus|spd|1\n|move|p1a: Rayquaza|Blizzard|p2a: Arceus\n|-supereffective|p2a: Arceus\n|-crit|p2a: Arceus\n|-damage|p2a: Arceus|1\/100\n|\n|upkeep\n|turn|8\n|\n|t:|1698468084\n|move|p2a: Arceus|Recover|p2a: Arceus\n|-heal|p2a: Arceus|51\/100\n|move|p1a: Rayquaza|Hurricane|p2a: Arceus|[miss]\n|-miss|p1a: Rayquaza|p2a: Arceus\n|\n|upkeep\n|turn|9\n|\n|t:|1698468090\n|move|p2a: Arceus|Recover|p2a: Arceus\n|-heal|p2a: Arceus|100\/100\n|move|p1a: Rayquaza|Blizzard|p2a: Arceus\n|-supereffective|p2a: Arceus\n|-damage|p2a: Arceus|80\/100\n|-status|p2a: Arceus|frz\n|\n|upkeep\n|turn|10\n|\n|t:|1698468097\n|cant|p2a: Arceus|frz\n|move|p1a: Rayquaza|Hurricane|p2a: Arceus\n|-damage|p2a: Arceus|66\/100 frz\n|\n|upkeep\n|turn|11\n|\n|t:|1698468103\n|cant|p2a: Arceus|frz\n|move|p1a: Rayquaza|Blizzard|p2a: Arceus\n|-supereffective|p2a: Arceus\n|-damage|p2a: Arceus|46\/100 frz\n|\n|upkeep\n|turn|12\n|\n|t:|1698468109\n|cant|p2a: Arceus|frz\n|move|p1a: Rayquaza|Hydro Pump|p2a: Arceus\n|-supereffective|p2a: Arceus\n|-damage|p2a: Arceus|28\/100 frz\n|\n|upkeep\n|turn|13\n|\n|t:|1698468114\n|-curestatus|p2a: Arceus|frz|[msg]\n|move|p2a: Arceus|Recover|p2a: Arceus\n|-heal|p2a: Arceus|78\/100\n|move|p1a: Rayquaza|Blizzard|p2a: Arceus\n|-supereffective|p2a: Arceus\n|-damage|p2a: Arceus|60\/100\n|\n|upkeep\n|turn|14\n|\n|t:|1698468124\n|move|p2a: Arceus|Cosmic Power|p2a: Arceus\n|-boost|p2a: Arceus|def|1\n|-boost|p2a: Arceus|spd|1\n|move|p1a: Rayquaza|Dragon Ascent|p2a: Arceus\n|-damage|p2a: Arceus|48\/100\n|-unboost|p1a: Rayquaza|def|1\n|-unboost|p1a: Rayquaza|spd|1\n|\n|upkeep\n|turn|15\n|\n|t:|1698468133\n|move|p2a: Arceus|Cosmic Power|p2a: Arceus\n|-boost|p2a: Arceus|def|1\n|-boost|p2a: Arceus|spd|1\n|move|p1a: Rayquaza|Blizzard|p2a: Arceus\n|-supereffective|p2a: Arceus\n|-damage|p2a: Arceus|33\/100\n|\n|upkeep\n|turn|16\n|\n|t:|1698468140\n|move|p2a: Arceus|Recover|p2a: Arceus\n|-heal|p2a: Arceus|83\/100\n|move|p1a: Rayquaza|Blizzard|p2a: Arceus|[miss]\n|-miss|p1a: Rayquaza|p2a: Arceus\n|\n|upkeep\n|turn|17\n|\n|t:|1698468147\n|switch|p1a: Kyogre|Kyogre|100\/100\n|-weather|RainDance|[from] ability: Drizzle|[of] p1a: Kyogre\n|move|p2a: Arceus|Cosmic Power|p2a: Arceus\n|-boost|p2a: Arceus|def|1\n|-boost|p2a: Arceus|spd|1\n|\n|-weather|RainDance|[upkeep]\n|upkeep\n|turn|18\n|\n|t:|1698468161\n|move|p2a: Arceus|Body Press|p1a: Kyogre\n|-damage|p1a: Kyogre|0 fnt\n|faint|p1a: Kyogre\n|\n|-weather|RainDance|[upkeep]\n|upkeep\n|\n|t:|1698468167\n|switch|p1a: Giratina|Giratina-Origin|100\/100\n|turn|19\n|\n|t:|1698468175\n|move|p2a: Arceus|Will-O-Wisp|p1a: Giratina\n|-status|p1a: Giratina|brn\n|move|p1a: Giratina|Draco Meteor|p2a: Arceus\n|-damage|p2a: Arceus|73\/100\n|-unboost|p1a: Giratina|spa|2\n|\n|-weather|RainDance|[upkeep]\n|-damage|p1a: Giratina|94\/100 brn|[from] brn\n|upkeep\n|turn|20\n|n|!13241 fd|13241fd\n|inactive|jesusisreal7777 has 120 seconds left.\n|inactive|jesusisreal7777 has 90 seconds left.\n|inactive|jesusisreal7777 has 60 seconds left.\n|\n|t:|1698468283\n|move|p2a: Arceus|Cosmic Power|p2a: Arceus\n|-boost|p2a: Arceus|def|0\n|-boost|p2a: Arceus|spd|0\n|move|p1a: Giratina|Thunder|p2a: Arceus\n|-immune|p2a: Arceus\n|\n|-weather|RainDance|[upkeep]\n|-damage|p1a: Giratina|88\/100 brn|[from] brn\n|upkeep\n|turn|21\n|\n|t:|1698468301\n|move|p2a: Arceus|Cosmic Power|p2a: Arceus\n|-boost|p2a: Arceus|def|0\n|-boost|p2a: Arceus|spd|0\n|move|p1a: Giratina|Draco Meteor|p2a: Arceus|[miss]\n|-miss|p1a: Giratina|p2a: Arceus\n|\n|-weather|none\n|-damage|p1a: Giratina|82\/100 brn|[from] brn\n|upkeep\n|turn|22\n|\n|t:|1698468311\n|move|p2a: Arceus|Cosmic Power|p2a: Arceus\n|-boost|p2a: Arceus|def|0\n|-boost|p2a: Arceus|spd|0\n|move|p1a: Giratina|Draco Meteor|p2a: Arceus|[miss]\n|-miss|p1a: Giratina|p2a: Arceus\n|\n|-damage|p1a: Giratina|76\/100 brn|[from] brn\n|upkeep\n|turn|23\n|\n|t:|1698468319\n|move|p2a: Arceus|Cosmic Power|p2a: Arceus\n|-boost|p2a: Arceus|def|0\n|-boost|p2a: Arceus|spd|0\n|move|p1a: Giratina|Draco Meteor|p2a: Arceus\n|-damage|p2a: Arceus|68\/100\n|-unboost|p1a: Giratina|spa|2\n|\n|-damage|p1a: Giratina|70\/100 brn|[from] brn\n|upkeep\n|turn|24\n|inactive|jesusisreal7777 has 60 seconds left.\n|\n|t:|1698468329\n|move|p2a: Arceus|Cosmic Power|p2a: Arceus\n|-boost|p2a: Arceus|def|0\n|-boost|p2a: Arceus|spd|0\n|move|p1a: Giratina|Poltergeist|p2a: Arceus\n|-activate|p2a: Arceus|move: Poltergeist|Earth Plate\n|-damage|p2a: Arceus|64\/100\n|\n|-damage|p1a: Giratina|64\/100 brn|[from] brn\n|upkeep\n|turn|25\n|\n|t:|1698468339\n|move|p2a: Arceus|Cosmic Power|p2a: Arceus\n|-boost|p2a: Arceus|def|0\n|-boost|p2a: Arceus|spd|0\n|move|p1a: Giratina|Stone Edge|p2a: Arceus\n|-resisted|p2a: Arceus\n|-damage|p2a: Arceus|63\/100\n|\n|-damage|p1a: Giratina|57\/100 brn|[from] brn\n|upkeep\n|turn|26\n|\n|t:|1698468348\n|move|p2a: Arceus|Cosmic Power|p2a: Arceus\n|-boost|p2a: Arceus|def|0\n|-boost|p2a: Arceus|spd|0\n|move|p1a: Giratina|Poltergeist|p2a: Arceus\n|-activate|p2a: Arceus|move: Poltergeist|Earth Plate\n|-damage|p2a: Arceus|59\/100\n|\n|-damage|p1a: Giratina|51\/100 brn|[from] brn\n|upkeep\n|turn|27\n|inactive|jesusisreal7777 has 60 seconds left.\n|\n|t:|1698468381\n|switch|p1a: Rayquaza|Rayquaza|100\/100\n|-ability|p1a: Rayquaza|Air Lock\n|move|p2a: Arceus|Cosmic Power|p2a: Arceus\n|-boost|p2a: Arceus|def|0\n|-boost|p2a: Arceus|spd|0\n|\n|upkeep\n|turn|28\n|\n|t:|1698468390\n|move|p2a: Arceus|Body Press|p1a: Rayquaza\n|-resisted|p1a: Rayquaza\n|-damage|p1a: Rayquaza|51\/100\n|move|p1a: Rayquaza|Hydro Pump|p2a: Arceus\n|-supereffective|p2a: Arceus\n|-damage|p2a: Arceus|47\/100\n|\n|upkeep\n|turn|29\n|inactive|jesusisreal7777 has 60 seconds left.\n|inactive|jesusisreal7777 has 30 seconds left.\n|inactive|jesusisreal7777 has 20 seconds left.\n|inactive|jesusisreal7777 has 15 seconds left.\n|inactive|jesusisreal7777 has 10 seconds left.\n|inactive|jesusisreal7777 has 5 seconds left.\n|-message|jesusisreal7777 lost due to inactivity.\n|\n|win|13241 fd\n|raw|13241 fd's rating: 1055 &rarr; <strong>1083<\/strong><br \/>(+28 for winning)\n|raw|jesusisreal7777's rating: 1015 &rarr; <strong>1004<\/strong><br \/>(-11 for losing)\n","uploadtime":1698468203,"views":9,"p1id":"13241fd","p2id":"jesusisreal7777","formatid":"gen9anythinggoes","rating":1004,"private":0,"password":""}