{"id":"gen9anythinggoes-1988183327","p1":"Soniaa134","p2":"xeno612","format":"[Gen 9] Anything Goes","log":"|j|\u2606Soniaa134\n|j|\u2606xeno612\n|t:|1699681004\n|gametype|singles\n|player|p1|Soniaa134|sonia|1073\n|player|p2|xeno612|red|1000\n|teamsize|p1|6\n|teamsize|p2|6\n|gen|9\n|tier|[Gen 9] Anything Goes\n|rated|\n|rule|HP Percentage Mod: HP is shown in percentages\n|rule|Endless Battle Clause: Forcing endless battles is banned\n|clearpoke\n|poke|p1|Drifblim, F|\n|poke|p1|Rillaboom, F|\n|poke|p1|Grimmsnarl, M|\n|poke|p1|Meowscarada, M|\n|poke|p1|Rillaboom, M|\n|poke|p1|Drifblim, F|\n|poke|p2|Greninja-*, F|\n|poke|p2|Charizard, F|\n|poke|p2|Lucario, M|\n|poke|p2|Gliscor, M|\n|poke|p2|Goodra-Hisui, M|\n|poke|p2|Espeon, M|\n|teampreview\n|inactive|Battle timer is ON: inactive players will automatically lose when time's up. (requested by Soniaa134)\n|\n|t:|1699681021\n|start\n|switch|p1a: Grimmsnarl|Grimmsnarl, M|100\/100\n|switch|p2a: luffy|Goodra-Hisui, M|100\/100\n|turn|1\n|\n|t:|1699681029\n|move|p1a: Grimmsnarl|Light Screen|p1a: Grimmsnarl\n|-sidestart|p1: Soniaa134|move: Light Screen\n|move|p2a: luffy|Sunny Day|p2a: luffy\n|-weather|SunnyDay\n|\n|-weather|SunnyDay|[upkeep]\n|upkeep\n|turn|2\n|\n|t:|1699681040\n|move|p1a: Grimmsnarl|Taunt|p2a: luffy\n|-start|p2a: luffy|move: Taunt\n|move|p2a: luffy|Flamethrower|p1a: Grimmsnarl\n|-damage|p1a: Grimmsnarl|82\/100\n|\n|-weather|SunnyDay|[upkeep]\n|upkeep\n|turn|3\n|\n|t:|1699681051\n|move|p1a: Grimmsnarl|Reflect|p1a: Grimmsnarl\n|-sidestart|p1: Soniaa134|Reflect\n|move|p2a: luffy|Flash Cannon|p1a: Grimmsnarl\n|-supereffective|p1a: Grimmsnarl\n|-damage|p1a: Grimmsnarl|50\/100\n|\n|-weather|SunnyDay|[upkeep]\n|upkeep\n|turn|4\n|\n|t:|1699681064\n|move|p1a: Grimmsnarl|Parting Shot|p2a: luffy\n|-unboost|p2a: luffy|atk|1\n|-unboost|p2a: luffy|spa|1\n|\n|t:|1699681066\n|switch|p1a: Rillaboom|Rillaboom, F|100\/100|[from] Parting Shot\n|-fieldstart|move: Grassy Terrain|[from] ability: Grassy Surge|[of] p1a: Rillaboom\n|move|p2a: luffy|Flash Cannon|p1a: Rillaboom\n|-damage|p1a: Rillaboom|86\/100\n|-enditem|p1a: Rillaboom|Eject Button\n|\n|t:|1699681081\n|switch|p1a: Drifblim|Drifblim, F|100\/100\n|-enditem|p1a: Drifblim|Grassy Seed\n|-boost|p1a: Drifblim|def|1|[from] item: Grassy Seed\n|\n|-weather|SunnyDay|[upkeep]\n|-end|p2a: luffy|move: Taunt\n|upkeep\n|turn|5\n|\n|t:|1699681092\n|move|p1a: Drifblim|Calm Mind|p1a: Drifblim\n|-boost|p1a: Drifblim|spa|1\n|-boost|p1a: Drifblim|spd|1\n|move|p2a: luffy|Sunny Day||[still]\n|-fail|p2a: luffy\n|\n|-weather|none\n|upkeep\n|turn|6\n|\n|t:|1699681100\n|move|p1a: Drifblim|Calm Mind|p1a: Drifblim\n|-boost|p1a: Drifblim|spa|1\n|-boost|p1a: Drifblim|spd|1\n|move|p2a: luffy|Sunny Day|p2a: luffy\n|-weather|SunnyDay\n|\n|-weather|SunnyDay|[upkeep]\n|upkeep\n|turn|7\n|\n|t:|1699681109\n|move|p1a: Drifblim|Calm Mind|p1a: Drifblim\n|-boost|p1a: Drifblim|spa|1\n|-boost|p1a: Drifblim|spd|1\n|move|p2a: luffy|Draco Meteor|p1a: Drifblim\n|-damage|p1a: Drifblim|90\/100\n|-unboost|p2a: luffy|spa|2\n|\n|-weather|SunnyDay|[upkeep]\n|upkeep\n|turn|8\n|\n|t:|1699681129\n|move|p1a: Drifblim|Calm Mind|p1a: Drifblim\n|-boost|p1a: Drifblim|spa|1\n|-boost|p1a: Drifblim|spd|1\n|move|p2a: luffy|Flamethrower|p1a: Drifblim\n|-damage|p1a: Drifblim|86\/100\n|\n|-weather|SunnyDay|[upkeep]\n|-sideend|p1: Soniaa134|move: Light Screen\n|-fieldend|move: Grassy Terrain\n|upkeep\n|turn|9\n|\n|t:|1699681140\n|switch|p2a: louginus|Charizard, F, shiny|100\/100\n|move|p1a: Drifblim|Stored Power|p2a: louginus\n|-damage|p2a: louginus|0 fnt\n|faint|p2a: louginus\n|\n|-weather|SunnyDay|[upkeep]\n|upkeep\n|\n|t:|1699681152\n|switch|p2a: muramasa|Greninja, F|100\/100\n|turn|10\n|\n|t:|1699681162\n|-terastallize|p1a: Drifblim|Ground\n|move|p1a: Drifblim|Tera Blast|p2a: muramasa|[anim] Tera Blast Ground\n|-damage|p2a: muramasa|0 fnt\n|faint|p2a: muramasa\n|\n|-weather|none\n|-sideend|p1: Soniaa134|Reflect\n|upkeep\n|\n|t:|1699681172\n|switch|p2a: jack the ripper|Gliscor, M|100\/100\n|turn|11\n|\n|t:|1699681177\n|-terastallize|p2a: jack the ripper|Water\n|move|p1a: Drifblim|Stored Power|p2a: jack the ripper\n|-damage|p2a: jack the ripper|0 fnt\n|faint|p2a: jack the ripper\n|\n|upkeep\n|-message|xeno612 forfeited.\n|\n|win|Soniaa134\n|raw|Soniaa134's rating: 1073 &rarr; <strong>1096<\/strong><br \/>(+23 for winning)\n|raw|xeno612's rating: 1000 &rarr; <strong>1000<\/strong><br \/>(+0 for losing)\n|l|\u2606xeno612\n","uploadtime":1699681192,"views":7,"p1id":"soniaa134","p2id":"xeno612","formatid":"gen9anythinggoes","rating":1000,"private":0,"password":""}