{"id":"gen9anythinggoes-1986583355","p1":"LSGodzilla95","p2":"alekbowl2023","format":"[Gen 9] Anything Goes","log":"|j|\u2606LSGodzilla95\n|j|\u2606alekbowl2023\n|t:|1699494582\n|gametype|singles\n|player|p1|LSGodzilla95|1|\n|player|p2|alekbowl2023|fantina|\n|teamsize|p1|6\n|teamsize|p2|6\n|gen|9\n|tier|[Gen 9] Anything Goes\n|rule|HP Percentage Mod: HP is shown in percentages\n|rule|Endless Battle Clause: Forcing endless battles is banned\n|clearpoke\n|poke|p1|Gastrodon, F|\n|poke|p1|Baxcalibur, M|\n|poke|p1|Chandelure, F|\n|poke|p1|Toxapex, M|\n|poke|p1|Iron Valiant|\n|poke|p1|Corviknight, M|\n|poke|p2|Ampharos, M|\n|poke|p2|Volcarona, M|\n|poke|p2|Kingambit, F|\n|poke|p2|Chi-Yu|\n|poke|p2|Walking Wake|\n|poke|p2|Torkoal, F|\n|teampreview\n|\n|t:|1699494601\n|start\n|switch|p1a: Gastrodon|Gastrodon, F|100\/100\n|switch|p2a: Torkoal|Torkoal, F|100\/100\n|-weather|SunnyDay|[from] ability: Drought|[of] p2a: Torkoal\n|turn|1\n|c|\u2606alekbowl2023|glhf\n|\n|t:|1699494628\n|move|p1a: Gastrodon|Spikes|p2a: Torkoal\n|-sidestart|p2: alekbowl2023|Spikes\n|move|p2a: Torkoal|Stealth Rock|p1a: Gastrodon\n|-sidestart|p1: LSGodzilla95|move: Stealth Rock\n|\n|-weather|SunnyDay|[upkeep]\n|upkeep\n|turn|2\n|\n|t:|1699494643\n|move|p1a: Gastrodon|Spikes|p2a: Torkoal\n|-sidestart|p2: alekbowl2023|Spikes\n|move|p2a: Torkoal|Rapid Spin|p1a: Gastrodon\n|-damage|p1a: Gastrodon|91\/100\n|-boost|p2a: Torkoal|spe|1\n|-sideend|p2: alekbowl2023|Spikes|[from] move: Rapid Spin|[of] p2a: Torkoal\n|\n|-weather|SunnyDay|[upkeep]\n|-heal|p1a: Gastrodon|97\/100|[from] item: Leftovers\n|upkeep\n|turn|3\n|\n|t:|1699494654\n|move|p1a: Gastrodon|Earth Power|p2a: Torkoal\n|-supereffective|p2a: Torkoal\n|-damage|p2a: Torkoal|46\/100\n|move|p2a: Torkoal|Lava Plume|p1a: Gastrodon\n|-resisted|p1a: Gastrodon\n|-damage|p1a: Gastrodon|85\/100\n|-status|p1a: Gastrodon|brn\n|\n|-weather|SunnyDay|[upkeep]\n|-heal|p1a: Gastrodon|91\/100 brn|[from] item: Leftovers\n|-damage|p1a: Gastrodon|85\/100 brn|[from] brn\n|upkeep\n|turn|4\n|\n|t:|1699494671\n|switch|p2a: Volcarona|Volcarona, M|100\/100\n|move|p1a: Gastrodon|Earth Power|p2a: Volcarona\n|-damage|p2a: Volcarona|70\/100\n|\n|-weather|SunnyDay|[upkeep]\n|-heal|p1a: Gastrodon|91\/100 brn|[from] item: Leftovers\n|-damage|p1a: Gastrodon|85\/100 brn|[from] brn\n|upkeep\n|turn|5\n|\n|t:|1699494688\n|switch|p1a: Chandelure|Chandelure, F|100\/100\n|-damage|p1a: Chandelure|76\/100|[from] Stealth Rock\n|move|p2a: Volcarona|Giga Drain|p1a: Chandelure\n|-resisted|p1a: Chandelure\n|-damage|p1a: Chandelure|50\/100\n|-heal|p2a: Volcarona|81\/100|[from] drain|[of] p1a: Chandelure\n|-damage|p2a: Volcarona|71\/100|[from] item: Life Orb\n|\n|-weather|SunnyDay|[upkeep]\n|-heal|p1a: Chandelure|56\/100|[from] item: Leftovers\n|upkeep\n|turn|6\n|\n|t:|1699494704\n|switch|p2a: Chi-Yu|Chi-Yu|100\/100\n|-ability|p2a: Chi-Yu|Beads of Ruin\n|move|p1a: Chandelure|Substitute|p1a: Chandelure\n|-start|p1a: Chandelure|Substitute\n|-damage|p1a: Chandelure|31\/100\n|\n|-weather|SunnyDay|[upkeep]\n|-heal|p1a: Chandelure|37\/100|[from] item: Leftovers\n|upkeep\n|turn|7\n|\n|t:|1699494734\n|move|p2a: Chi-Yu|Dark Pulse|p1a: Chandelure\n|-supereffective|p1a: Chandelure\n|-end|p1a: Chandelure|Substitute\n|move|p1a: Chandelure|Hex|p2a: Chi-Yu\n|-resisted|p2a: Chi-Yu\n|-damage|p2a: Chi-Yu|81\/100\n|\n|-weather|SunnyDay|[upkeep]\n|-heal|p1a: Chandelure|43\/100|[from] item: Leftovers\n|upkeep\n|turn|8\n|\n|t:|1699494751\n|switch|p1a: Toxapex|Toxapex, M|100\/100\n|-damage|p1a: Toxapex|88\/100|[from] Stealth Rock\n|move|p2a: Chi-Yu|Dark Pulse|p1a: Toxapex\n|-damage|p1a: Toxapex|39\/100\n|\n|-weather|none\n|upkeep\n|turn|9\n|\n|t:|1699494787\n|move|p2a: Chi-Yu|Dark Pulse|p1a: Toxapex\n|-damage|p1a: Toxapex|0 fnt\n|faint|p1a: Toxapex\n|\n|upkeep\n|\n|t:|1699494791\n|switch|p1a: Iron Valiant|Iron Valiant|100\/100\n|-damage|p1a: Iron Valiant|94\/100|[from] Stealth Rock\n|turn|10\n|\n|t:|1699494814\n|switch|p2a: Torkoal|Torkoal, F|46\/100\n|-weather|SunnyDay|[from] ability: Drought|[of] p2a: Torkoal\n|move|p1a: Iron Valiant|Moonblast|p2a: Torkoal\n|-resisted|p2a: Torkoal\n|-damage|p2a: Torkoal|14\/100\n|\n|-weather|SunnyDay|[upkeep]\n|upkeep\n|turn|11\n|\n|t:|1699494823\n|move|p1a: Iron Valiant|Moonblast|p2a: Torkoal\n|-resisted|p2a: Torkoal\n|-damage|p2a: Torkoal|0 fnt\n|faint|p2a: Torkoal\n|\n|-weather|SunnyDay|[upkeep]\n|upkeep\n|\n|t:|1699494829\n|switch|p2a: Chi-Yu|Chi-Yu|81\/100\n|-ability|p2a: Chi-Yu|Beads of Ruin\n|turn|12\n|\n|t:|1699494876\n|-end|p1a: Iron Valiant|Quark Drive|[silent]\n|switch|p1a: Gastrodon|Gastrodon, F|85\/100 brn\n|-damage|p1a: Gastrodon|78\/100 brn|[from] Stealth Rock\n|move|p2a: Chi-Yu|Flamethrower|p1a: Gastrodon\n|-resisted|p1a: Gastrodon\n|-damage|p1a: Gastrodon|46\/100 brn\n|\n|-weather|SunnyDay|[upkeep]\n|-heal|p1a: Gastrodon|52\/100 brn|[from] item: Leftovers\n|-damage|p1a: Gastrodon|46\/100 brn|[from] brn\n|upkeep\n|turn|13\n|\n|t:|1699494890\n|switch|p2a: Volcarona|Volcarona, M|71\/100\n|move|p1a: Gastrodon|Recover|p1a: Gastrodon\n|-heal|p1a: Gastrodon|96\/100 brn\n|\n|-weather|SunnyDay|[upkeep]\n|-heal|p1a: Gastrodon|100\/100 brn|[from] item: Leftovers\n|-damage|p1a: Gastrodon|94\/100 brn|[from] brn\n|upkeep\n|turn|14\n|\n|t:|1699494906\n|switch|p1a: Corviknight|Corviknight, M|100\/100\n|-damage|p1a: Corviknight|88\/100|[from] Stealth Rock\n|-ability|p1a: Corviknight|Pressure\n|move|p2a: Volcarona|Quiver Dance|p2a: Volcarona\n|-boost|p2a: Volcarona|spa|1\n|-boost|p2a: Volcarona|spd|1\n|-boost|p2a: Volcarona|spe|1\n|\n|-weather|SunnyDay|[upkeep]\n|-heal|p1a: Corviknight|94\/100|[from] item: Leftovers\n|upkeep\n|turn|15\n|\n|t:|1699494944\n|move|p2a: Volcarona|Flamethrower|p1a: Corviknight\n|-supereffective|p1a: Corviknight\n|-damage|p1a: Corviknight|0 fnt\n|faint|p1a: Corviknight\n|-damage|p2a: Volcarona|61\/100|[from] item: Life Orb\n|\n|-weather|SunnyDay|[upkeep]\n|upkeep\n|\n|t:|1699494950\n|switch|p1a: Iron Valiant|Iron Valiant|94\/100\n|-damage|p1a: Iron Valiant|88\/100|[from] Stealth Rock\n|turn|16\n|\n|t:|1699494959\n|move|p2a: Volcarona|Flamethrower|p1a: Iron Valiant\n|-damage|p1a: Iron Valiant|0 fnt\n|faint|p1a: Iron Valiant\n|-end|p1a: Iron Valiant|Quark Drive|[silent]\n|-damage|p2a: Volcarona|51\/100|[from] item: Life Orb\n|\n|-weather|SunnyDay|[upkeep]\n|upkeep\n|\n|t:|1699494970\n|switch|p1a: Chandelure|Chandelure, F|43\/100\n|-damage|p1a: Chandelure|18\/100|[from] Stealth Rock\n|turn|17\n|\n|t:|1699494979\n|move|p2a: Volcarona|Giga Drain|p1a: Chandelure\n|-resisted|p1a: Chandelure\n|-damage|p1a: Chandelure|0 fnt\n|-heal|p2a: Volcarona|58\/100|[from] drain|[of] p1a: Chandelure\n|faint|p1a: Chandelure\n|-damage|p2a: Volcarona|48\/100|[from] item: Life Orb\n|\n|-weather|none\n|upkeep\n|\n|t:|1699494990\n|switch|p1a: Baxcalibur|Baxcalibur, M|100\/100\n|-damage|p1a: Baxcalibur|76\/100|[from] Stealth Rock\n|turn|18\n|\n|t:|1699495002\n|move|p2a: Volcarona|Flamethrower|p1a: Baxcalibur\n|-damage|p1a: Baxcalibur|0 fnt\n|faint|p1a: Baxcalibur\n|-damage|p2a: Volcarona|38\/100|[from] item: Life Orb\n|\n|upkeep\n|\n|t:|1699495008\n|switch|p1a: Gastrodon|Gastrodon, F|94\/100 brn\n|-damage|p1a: Gastrodon|88\/100 brn|[from] Stealth Rock\n|turn|19\n|\n|t:|1699495013\n|move|p2a: Volcarona|Giga Drain|p1a: Gastrodon\n|-supereffective|p1a: Gastrodon\n|-damage|p1a: Gastrodon|0 fnt\n|-heal|p2a: Volcarona|98\/100|[from] drain|[of] p1a: Gastrodon\n|faint|p1a: Gastrodon\n|-damage|p2a: Volcarona|88\/100|[from] item: Life Orb\n|\n|win|alekbowl2023\n|c|\u2606alekbowl2023|gg\n","uploadtime":1699495022,"views":11,"p1id":"lsgodzilla95","p2id":"alekbowl2023","formatid":"gen9anythinggoes","rating":0,"private":0,"password":""}