{"id":"gen9anythinggoes-1999156103","p1":"GildedSapphire","p2":"RyderJax","format":"[Gen 9] Anything Goes","log":"|j|\u2606GildedSapphire\n|j|\u2606RyderJax\n|t:|1701039317\n|gametype|singles\n|player|p1|GildedSapphire|wallace|1169\n|player|p2|RyderJax|265|1006\n|teamsize|p1|6\n|teamsize|p2|6\n|gen|9\n|tier|[Gen 9] Anything Goes\n|rated|\n|rule|HP Percentage Mod: HP is shown in percentages\n|rule|Endless Battle Clause: Forcing endless battles is banned\n|clearpoke\n|poke|p1|Polteageist-Antique|\n|poke|p1|Clodsire, M|\n|poke|p1|Espathra, F|\n|poke|p1|Calyrex-Shadow|\n|poke|p1|Sneasler, M|\n|poke|p1|Arceus-Dark|\n|poke|p2|Quagsire, M|\n|poke|p2|Eelektross, M|\n|poke|p2|Decidueye, M|\n|poke|p2|Armarouge, M|\n|poke|p2|Goodra-Hisui, M|\n|poke|p2|Zamazenta-*|\n|teampreview\n|inactive|Battle timer is ON: inactive players will automatically lose when time's up. (requested by GildedSapphire)\n|\n|t:|1701039350\n|start\n|switch|p1a: Clodsire|Clodsire, M|100\/100\n|switch|p2a: Sheldon|Goodra-Hisui, M, shiny|100\/100\n|turn|1\n|inactive|RyderJax has 120 seconds left.\n|\n|t:|1701039399\n|move|p2a: Sheldon|Flash Cannon|p1a: Clodsire\n|-damage|p1a: Clodsire|79\/100\n|move|p1a: Clodsire|Earthquake|p2a: Sheldon\n|-supereffective|p2a: Sheldon\n|-damage|p2a: Sheldon|50\/100\n|\n|-heal|p1a: Clodsire|85\/100|[from] item: Leftovers\n|upkeep\n|turn|2\n|\n|t:|1701039409\n|move|p2a: Sheldon|Earthquake|p1a: Clodsire\n|-supereffective|p1a: Clodsire\n|-damage|p1a: Clodsire|39\/100\n|move|p1a: Clodsire|Spikes|p2a: Sheldon\n|-sidestart|p2: RyderJax|Spikes\n|\n|-heal|p1a: Clodsire|45\/100|[from] item: Leftovers\n|upkeep\n|turn|3\n|\n|t:|1701039419\n|move|p2a: Sheldon|Earthquake|p1a: Clodsire\n|-supereffective|p1a: Clodsire\n|-damage|p1a: Clodsire|0 fnt\n|faint|p1a: Clodsire\n|\n|upkeep\n|\n|t:|1701039425\n|switch|p1a: Arceus|Arceus-Dark|100\/100\n|turn|4\n|inactive|RyderJax has 120 seconds left.\n|\n|t:|1701039432\n|move|p1a: Arceus|Aura Sphere|p2a: Sheldon\n|-supereffective|p2a: Sheldon\n|-damage|p2a: Sheldon|23\/100\n|move|p2a: Sheldon|Earthquake|p1a: Arceus\n|-damage|p1a: Arceus|86\/100\n|\n|upkeep\n|turn|5\n|inactive|RyderJax has 120 seconds left.\n|\n|t:|1701039458\n|switch|p2a: Jax|Zamazenta, shiny|100\/100\n|-damage|p2a: Jax|88\/100|[from] Spikes\n|-ability|p2a: Jax|Dauntless Shield|boost\n|-boost|p2a: Jax|def|1\n|move|p1a: Arceus|Aura Sphere|p2a: Jax\n|-damage|p2a: Jax|60\/100\n|\n|upkeep\n|turn|6\n|\n|t:|1701039469\n|switch|p1a: Espathra|Espathra, F|100\/100\n|move|p2a: Jax|Close Combat|p1a: Espathra\n|-resisted|p1a: Espathra\n|-damage|p1a: Espathra|28\/100\n|-unboost|p2a: Jax|def|1\n|-unboost|p2a: Jax|spd|1\n|\n|-heal|p1a: Espathra|34\/100|[from] item: Leftovers\n|upkeep\n|turn|7\n|\n|t:|1701039478\n|move|p1a: Espathra|Protect|p1a: Espathra\n|-singleturn|p1a: Espathra|Protect\n|move|p2a: Jax|Close Combat|p1a: Espathra\n|-activate|p1a: Espathra|move: Protect\n|\n|-heal|p1a: Espathra|40\/100|[from] item: Leftovers\n|-ability|p1a: Espathra|Speed Boost|boost\n|-boost|p1a: Espathra|spe|1\n|upkeep\n|turn|8\n|\n|t:|1701039489\n|move|p1a: Espathra|Roost|p1a: Espathra\n|-heal|p1a: Espathra|90\/100\n|-singleturn|p1a: Espathra|move: Roost\n|move|p2a: Jax|Close Combat|p1a: Espathra\n|-resisted|p1a: Espathra\n|-damage|p1a: Espathra|25\/100\n|-unboost|p2a: Jax|def|1\n|-unboost|p2a: Jax|spd|1\n|\n|-heal|p1a: Espathra|31\/100|[from] item: Leftovers\n|-ability|p1a: Espathra|Speed Boost|boost\n|-boost|p1a: Espathra|spe|1\n|upkeep\n|turn|9\n|inactive|RyderJax has 120 seconds left.\n|\n|t:|1701039500\n|move|p1a: Espathra|Protect|p1a: Espathra\n|-singleturn|p1a: Espathra|Protect\n|move|p2a: Jax|Close Combat|p1a: Espathra\n|-activate|p1a: Espathra|move: Protect\n|\n|-heal|p1a: Espathra|37\/100|[from] item: Leftovers\n|-ability|p1a: Espathra|Speed Boost|boost\n|-boost|p1a: Espathra|spe|1\n|upkeep\n|turn|10\n|inactive|RyderJax has 120 seconds left.\n|\n|t:|1701039510\n|move|p1a: Espathra|Roost|p1a: Espathra\n|-heal|p1a: Espathra|87\/100\n|-singleturn|p1a: Espathra|move: Roost\n|move|p2a: Jax|Close Combat|p1a: Espathra\n|-resisted|p1a: Espathra\n|-damage|p1a: Espathra|19\/100\n|-unboost|p2a: Jax|def|1\n|-unboost|p2a: Jax|spd|1\n|\n|-heal|p1a: Espathra|25\/100|[from] item: Leftovers\n|-ability|p1a: Espathra|Speed Boost|boost\n|-boost|p1a: Espathra|spe|1\n|upkeep\n|turn|11\n|inactive|RyderJax has 120 seconds left.\n|\n|t:|1701039520\n|move|p1a: Espathra|Protect|p1a: Espathra\n|-singleturn|p1a: Espathra|Protect\n|move|p2a: Jax|Close Combat|p1a: Espathra\n|-activate|p1a: Espathra|move: Protect\n|\n|-heal|p1a: Espathra|31\/100|[from] item: Leftovers\n|-ability|p1a: Espathra|Speed Boost|boost\n|-boost|p1a: Espathra|spe|1\n|upkeep\n|turn|12\n|inactive|RyderJax has 120 seconds left.\n|\n|t:|1701039532\n|move|p1a: Espathra|Roost|p1a: Espathra\n|-heal|p1a: Espathra|81\/100\n|-singleturn|p1a: Espathra|move: Roost\n|move|p2a: Jax|Close Combat|p1a: Espathra\n|-resisted|p1a: Espathra\n|-damage|p1a: Espathra|11\/100\n|-unboost|p2a: Jax|def|1\n|-unboost|p2a: Jax|spd|1\n|\n|-heal|p1a: Espathra|17\/100|[from] item: Leftovers\n|-ability|p1a: Espathra|Speed Boost|boost\n|-boost|p1a: Espathra|spe|1\n|upkeep\n|turn|13\n|inactive|RyderJax has 120 seconds left.\n|\n|t:|1701039547\n|move|p1a: Espathra|Protect|p1a: Espathra\n|-singleturn|p1a: Espathra|Protect\n|move|p2a: Jax|Close Combat|p1a: Espathra\n|-activate|p1a: Espathra|move: Protect\n|\n|-heal|p1a: Espathra|23\/100|[from] item: Leftovers\n|upkeep\n|turn|14\n|inactive|RyderJax has 120 seconds left.\n|\n|t:|1701039580\n|switch|p2a: BIGG boi|Quagsire, M|100\/100\n|-damage|p2a: BIGG boi|88\/100|[from] Spikes\n|move|p1a: Espathra|Dazzling Gleam|p2a: BIGG boi\n|-damage|p2a: BIGG boi|62\/100\n|\n|-heal|p1a: Espathra|29\/100|[from] item: Leftovers\n|-heal|p2a: BIGG boi|68\/100|[from] item: Leftovers\n|upkeep\n|turn|15\n|\n|t:|1701039593\n|move|p1a: Espathra|Protect|p1a: Espathra\n|-singleturn|p1a: Espathra|Protect\n|move|p2a: BIGG boi|Recover|p2a: BIGG boi\n|-heal|p2a: BIGG boi|100\/100\n|\n|-heal|p1a: Espathra|35\/100|[from] item: Leftovers\n|upkeep\n|turn|16\n|\n|t:|1701039601\n|move|p1a: Espathra|Roost|p1a: Espathra\n|-heal|p1a: Espathra|85\/100\n|-singleturn|p1a: Espathra|move: Roost\n|move|p2a: BIGG boi|Stealth Rock|p1a: Espathra\n|-sidestart|p1: GildedSapphire|move: Stealth Rock\n|\n|-heal|p1a: Espathra|91\/100|[from] item: Leftovers\n|upkeep\n|turn|17\n|\n|t:|1701039608\n|move|p1a: Espathra|Dazzling Gleam|p2a: BIGG boi\n|-damage|p2a: BIGG boi|71\/100\n|move|p2a: BIGG boi|Earthquake|p1a: Espathra\n|-damage|p1a: Espathra|48\/100\n|\n|-heal|p1a: Espathra|54\/100|[from] item: Leftovers\n|-heal|p2a: BIGG boi|77\/100|[from] item: Leftovers\n|upkeep\n|turn|18\n|\n|t:|1701039618\n|move|p1a: Espathra|Protect|p1a: Espathra\n|-singleturn|p1a: Espathra|Protect\n|move|p2a: BIGG boi|Earthquake|p1a: Espathra\n|-activate|p1a: Espathra|move: Protect\n|\n|-heal|p1a: Espathra|60\/100|[from] item: Leftovers\n|-heal|p2a: BIGG boi|83\/100|[from] item: Leftovers\n|upkeep\n|turn|19\n|\n|t:|1701039627\n|switch|p1a: gamemademedoit|Polteageist-Antique|100\/100\n|-damage|p1a: gamemademedoit|88\/100|[from] Stealth Rock\n|move|p2a: BIGG boi|Earthquake|p1a: gamemademedoit\n|-damage|p1a: gamemademedoit|30\/100\n|-ability|p1a: gamemademedoit|Weak Armor|boost\n|-unboost|p1a: gamemademedoit|def|1\n|-boost|p1a: gamemademedoit|spe|2\n|\n|-heal|p2a: BIGG boi|89\/100|[from] item: Leftovers\n|upkeep\n|turn|20\n|inactive|RyderJax has 120 seconds left.\n|\n|t:|1701039644\n|move|p1a: gamemademedoit|Stored Power|p2a: BIGG boi\n|-damage|p2a: BIGG boi|59\/100\n|move|p2a: BIGG boi|Earthquake|p1a: gamemademedoit\n|-damage|p1a: gamemademedoit|0 fnt\n|faint|p1a: gamemademedoit\n|\n|-heal|p2a: BIGG boi|65\/100|[from] item: Leftovers\n|upkeep\n|\n|t:|1701039652\n|switch|p1a: Calyrex|Calyrex-Shadow|100\/100\n|-ability|p1a: Calyrex|As One\n|-ability|p1a: Calyrex|Unnerve\n|-damage|p1a: Calyrex|88\/100|[from] Stealth Rock\n|turn|21\n|inactive|RyderJax has 120 seconds left.\n|\n|t:|1701039663\n|switch|p2a: Robin Hood|Decidueye, M, shiny|100\/100\n|move|p1a: Calyrex|Astral Barrage|p2a: Robin Hood\n|-supereffective|p2a: Robin Hood\n|-damage|p2a: Robin Hood|4\/100\n|\n|upkeep\n|turn|22\n|inactive|RyderJax has 120 seconds left.\n|\n|t:|1701039675\n|switch|p1a: Espathra|Espathra, F|60\/100\n|-damage|p1a: Espathra|48\/100|[from] Stealth Rock\n|move|p2a: Robin Hood|Roost|p2a: Robin Hood\n|-heal|p2a: Robin Hood|54\/100\n|-singleturn|p2a: Robin Hood|move: Roost\n|\n|-heal|p1a: Espathra|54\/100|[from] item: Leftovers\n|upkeep\n|turn|23\n|inactive|RyderJax has 120 seconds left.\n|c|\u2606GildedSapphire|of course it doesnt ohko\n|c|\u2606GildedSapphire|vcause why wouldnt it when it's me?\n|\n|t:|1701039698\n|switch|p2a: BIGG boi|Quagsire, M|65\/100\n|-damage|p2a: BIGG boi|52\/100|[from] Spikes\n|move|p1a: Espathra|Dazzling Gleam|p2a: BIGG boi\n|-damage|p2a: BIGG boi|26\/100\n|\n|-heal|p1a: Espathra|60\/100|[from] item: Leftovers\n|-heal|p2a: BIGG boi|32\/100|[from] item: Leftovers\n|-ability|p1a: Espathra|Speed Boost|boost\n|-boost|p1a: Espathra|spe|1\n|upkeep\n|turn|24\n|c|\u2606RyderJax|prepare to die\n|\n|t:|1701039720\n|move|p1a: Espathra|Dazzling Gleam|p2a: BIGG boi\n|-damage|p2a: BIGG boi|2\/100\n|move|p2a: BIGG boi|Recover|p2a: BIGG boi\n|-heal|p2a: BIGG boi|52\/100\n|\n|-heal|p1a: Espathra|66\/100|[from] item: Leftovers\n|-heal|p2a: BIGG boi|58\/100|[from] item: Leftovers\n|-ability|p1a: Espathra|Speed Boost|boost\n|-boost|p1a: Espathra|spe|1\n|upkeep\n|turn|25\n|c|\u2606GildedSapphire|sure whatever\n|c|\u2606GildedSapphire|idc anymore\n|\n|t:|1701039730\n|move|p1a: Espathra|Dazzling Gleam|p2a: BIGG boi\n|-damage|p2a: BIGG boi|31\/100\n|move|p2a: BIGG boi|Recover|p2a: BIGG boi\n|-heal|p2a: BIGG boi|81\/100\n|\n|-heal|p1a: Espathra|72\/100|[from] item: Leftovers\n|-heal|p2a: BIGG boi|88\/100|[from] item: Leftovers\n|-ability|p1a: Espathra|Speed Boost|boost\n|-boost|p1a: Espathra|spe|1\n|upkeep\n|turn|26\n|\n|t:|1701039741\n|switch|p1a: Sneasler|Sneasler, M|100\/100\n|-damage|p1a: Sneasler|95\/100|[from] Stealth Rock\n|move|p2a: BIGG boi|Earthquake|p1a: Sneasler\n|-supereffective|p1a: Sneasler\n|-damage|p1a: Sneasler|0 fnt\n|faint|p1a: Sneasler\n|\n|-heal|p2a: BIGG boi|94\/100|[from] item: Leftovers\n|upkeep\n|\n|t:|1701039750\n|switch|p1a: Arceus|Arceus-Dark|86\/100\n|-damage|p1a: Arceus|73\/100|[from] Stealth Rock\n|turn|27\n|\n|t:|1701039755\n|move|p1a: Arceus|Judgment|p2a: BIGG boi\n|-damage|p2a: BIGG boi|8\/100\n|move|p2a: BIGG boi|Earthquake|p1a: Arceus\n|-damage|p1a: Arceus|54\/100\n|\n|-heal|p2a: BIGG boi|14\/100|[from] item: Leftovers\n|upkeep\n|turn|28\n|inactive|RyderJax has 120 seconds left.\n|\n|t:|1701039763\n|move|p1a: Arceus|Judgment|p2a: BIGG boi\n|-damage|p2a: BIGG boi|0 fnt\n|faint|p2a: BIGG boi\n|\n|upkeep\n|inactive|RyderJax has 120 seconds left.\n|\n|t:|1701039770\n|switch|p2a: Jax|Zamazenta, shiny|60\/100\n|-damage|p2a: Jax|47\/100|[from] Spikes\n|turn|29\n|\n|t:|1701039779\n|move|p2a: Jax|Stone Edge|p1a: Arceus\n|-damage|p1a: Arceus|20\/100\n|move|p1a: Arceus|Bug Buzz|p2a: Jax\n|-resisted|p2a: Jax\n|-damage|p2a: Jax|32\/100\n|\n|upkeep\n|turn|30\n|\n|t:|1701039785\n|switch|p1a: Calyrex|Calyrex-Shadow|88\/100\n|-ability|p1a: Calyrex|As One\n|-ability|p1a: Calyrex|Unnerve\n|-damage|p1a: Calyrex|76\/100|[from] Stealth Rock\n|move|p2a: Jax|Stone Edge|p1a: Calyrex\n|-damage|p1a: Calyrex|12\/100\n|\n|upkeep\n|turn|31\n|\n|t:|1701039795\n|-terastallize|p1a: Calyrex|Ghost\n|move|p1a: Calyrex|Astral Barrage|p2a: Jax\n|-crit|p2a: Jax\n|-damage|p2a: Jax|0 fnt\n|faint|p2a: Jax\n|-ability|p1a: Calyrex|Grim Neigh|boost\n|-boost|p1a: Calyrex|spa|1\n|\n|upkeep\n|\n|t:|1701039809\n|switch|p2a: Sheldon|Goodra-Hisui, M, shiny|23\/100\n|-damage|p2a: Sheldon|10\/100|[from] Spikes\n|turn|32\n|\n|t:|1701039818\n|move|p1a: Calyrex|Astral Barrage|p2a: Sheldon\n|-damage|p2a: Sheldon|0 fnt\n|faint|p2a: Sheldon\n|-ability|p1a: Calyrex|Grim Neigh|boost\n|-boost|p1a: Calyrex|spa|1\n|\n|upkeep\n|\n|t:|1701039827\n|switch|p2a: Robin Hood|Decidueye, M, shiny|54\/100\n|turn|33\n|\n|t:|1701039834\n|move|p1a: Calyrex|Astral Barrage|p2a: Robin Hood\n|-supereffective|p2a: Robin Hood\n|-damage|p2a: Robin Hood|0 fnt\n|faint|p2a: Robin Hood\n|-ability|p1a: Calyrex|Grim Neigh|boost\n|-boost|p1a: Calyrex|spa|1\n|\n|upkeep\n|\n|t:|1701039841\n|switch|p2a: Zapper|Eelektross, M|100\/100\n|turn|34\n|\n|t:|1701039855\n|move|p1a: Calyrex|Astral Barrage|p2a: Zapper\n|-damage|p2a: Zapper|0 fnt\n|faint|p2a: Zapper\n|-ability|p1a: Calyrex|Grim Neigh|boost\n|-boost|p1a: Calyrex|spa|1\n|\n|upkeep\n|\n|t:|1701039862\n|switch|p2a: KABOOM|Armarouge, M|100\/100\n|-damage|p2a: KABOOM|88\/100|[from] Spikes\n|turn|35\n|\n|t:|1701039875\n|move|p2a: KABOOM|Endure|p2a: KABOOM\n|-singleturn|p2a: KABOOM|move: Endure\n|move|p1a: Calyrex|Astral Barrage|p2a: KABOOM\n|-supereffective|p2a: KABOOM\n|-activate|p2a: KABOOM|move: Endure\n|-damage|p2a: KABOOM|1\/100\n|\n|upkeep\n|turn|36\n|c|\u2606GildedSapphire|this is why showdown isnt fun anymore, how is spamming this fun?\n|\n|t:|1701039886\n|-terastallize|p2a: KABOOM|Psychic\n|move|p1a: Calyrex|Astral Barrage|p2a: KABOOM\n|-supereffective|p2a: KABOOM\n|-damage|p2a: KABOOM|0 fnt\n|faint|p2a: KABOOM\n|\n|win|GildedSapphire\n|raw|GildedSapphire's rating: 1169 &rarr; <strong>1183<\/strong><br \/>(+14 for winning)\n|raw|RyderJax's rating: 1006 &rarr; <strong>1000<\/strong><br \/>(-6 for losing)\n|l|\u2606RyderJax\n|c|\u2606GildedSapphire|it just aint fun anymore\n|c|\u2606GildedSapphire|spamming legends isn't funny or silly, it's boring and theres no thought put into it\n","uploadtime":1701039949,"views":0,"p1id":"gildedsapphire","p2id":"ryderjax","formatid":"gen9anythinggoes","rating":1000,"private":0,"password":""}