{"id":"gen9anythinggoes-1992370576","p1":"V 0 L T E D","p2":"YoungEsq","format":"[Gen 9] Anything Goes","log":"|j|\u2606V 0 L T E D\n|j|\u2606YoungEsq\n|t:|1700179767\n|gametype|singles\n|player|p1|V 0 L T E D|chase|1320\n|player|p2|YoungEsq|1|1302\n|teamsize|p1|6\n|teamsize|p2|6\n|gen|9\n|tier|[Gen 9] Anything Goes\n|rated|\n|rule|HP Percentage Mod: HP is shown in percentages\n|rule|Endless Battle Clause: Forcing endless battles is banned\n|clearpoke\n|poke|p1|Zacian-*|\n|poke|p1|Miraidon|\n|poke|p1|Regieleki|\n|poke|p1|Calyrex-Ice|\n|poke|p1|Arceus-Grass|\n|poke|p1|Koraidon|\n|poke|p2|Ting-Lu|\n|poke|p2|Gholdengo|\n|poke|p2|Roaring Moon|\n|poke|p2|Chi-Yu|\n|poke|p2|Samurott-Hisui, F|\n|poke|p2|Mandibuzz, F|\n|teampreview\n|inactive|Battle timer is ON: inactive players will automatically lose when time's up. (requested by V 0 L T E D)\n|\n|t:|1700179778\n|start\n|switch|p1a: Koraidon|Koraidon|100\/100\n|switch|p2a: Ting-Lu|Ting-Lu|100\/100\n|-weather|SunnyDay|[from] ability: Orichalcum Pulse|[of] p1a: Koraidon\n|-activate|p1a: Koraidon|Orichalcum Pulse|[source]\n|-ability|p2a: Ting-Lu|Vessel of Ruin\n|turn|1\n|\n|t:|1700179785\n|-terastallize|p1a: Koraidon|Fairy\n|move|p1a: Koraidon|Collision Course|p2a: Ting-Lu\n|-supereffective|p2a: Ting-Lu\n|-damage|p2a: Ting-Lu|1\/100\n|move|p2a: Ting-Lu|Whirlwind|p1a: Koraidon\n|drag|p1a: Zacian|Zacian-Crowned, shiny|100\/100\n|-ability|p1a: Zacian|Intrepid Sword|boost\n|-boost|p1a: Zacian|atk|1\n|\n|-weather|SunnyDay|[upkeep]\n|-heal|p2a: Ting-Lu|8\/100|[from] item: Leftovers\n|upkeep\n|turn|2\n|\n|t:|1700179794\n|move|p1a: Zacian|Dazzling Gleam|p2a: Ting-Lu\n|-supereffective|p2a: Ting-Lu\n|-damage|p2a: Ting-Lu|0 fnt\n|faint|p2a: Ting-Lu\n|\n|-weather|SunnyDay|[upkeep]\n|upkeep\n|\n|t:|1700179797\n|switch|p2a: Chi-Yu|Chi-Yu|100\/100\n|-ability|p2a: Chi-Yu|Beads of Ruin\n|turn|3\n|\n|t:|1700179807\n|move|p2a: Chi-Yu|Flamethrower|p1a: Zacian\n|-supereffective|p1a: Zacian\n|-damage|p1a: Zacian|0 fnt\n|faint|p1a: Zacian\n|\n|-weather|SunnyDay|[upkeep]\n|upkeep\n|\n|t:|1700179812\n|switch|p1a: Koraidon|Koraidon, tera:Fairy|100\/100\n|-activate|p1a: Koraidon|ability: Orichalcum Pulse\n|turn|4\n|\n|t:|1700179816\n|switch|p2a: Mandibuzz|Mandibuzz, F|100\/100\n|move|p1a: Koraidon|Collision Course|p2a: Mandibuzz\n|-damage|p2a: Mandibuzz|42\/100\n|\n|-weather|SunnyDay|[upkeep]\n|upkeep\n|turn|5\n|\n|t:|1700179824\n|move|p1a: Koraidon|Collision Course|p2a: Mandibuzz\n|-damage|p2a: Mandibuzz|0 fnt\n|faint|p2a: Mandibuzz\n|\n|-weather|none\n|upkeep\n|\n|t:|1700179835\n|switch|p2a: Gholdengo|Gholdengo|100\/100\n|-item|p2a: Gholdengo|Air Balloon\n|turn|6\n|\n|t:|1700179845\n|move|p1a: Koraidon|Flare Blitz|p2a: Gholdengo\n|-supereffective|p2a: Gholdengo\n|-damage|p2a: Gholdengo|1\/100\n|-enditem|p2a: Gholdengo|Air Balloon\n|-damage|p1a: Koraidon|70\/100|[from] Recoil\n|move|p2a: Gholdengo|Make It Rain|p1a: Koraidon\n|-supereffective|p1a: Koraidon\n|-damage|p1a: Koraidon|0 fnt\n|-unboost|p2a: Gholdengo|spa|1\n|faint|p1a: Koraidon\n|\n|upkeep\n|\n|t:|1700179852\n|switch|p1a: Arceus|Arceus-Grass, shiny|100\/100\n|turn|7\n|\n|t:|1700179860\n|switch|p2a: Chi-Yu|Chi-Yu|100\/100\n|-ability|p2a: Chi-Yu|Beads of Ruin\n|move|p1a: Arceus|Judgment|p2a: Chi-Yu\n|-resisted|p2a: Chi-Yu\n|-damage|p2a: Chi-Yu|71\/100\n|\n|upkeep\n|turn|8\n|\n|t:|1700179870\n|move|p2a: Chi-Yu|Overheat|p1a: Arceus\n|-supereffective|p1a: Arceus\n|-damage|p1a: Arceus|0 fnt\n|-unboost|p2a: Chi-Yu|spa|2\n|faint|p1a: Arceus\n|\n|upkeep\n|\n|t:|1700179874\n|switch|p1a: Regieleki|Regieleki|100\/100\n|turn|9\n|\n|t:|1700179879\n|switch|p2a: Gholdengo|Gholdengo|1\/100\n|move|p1a: Regieleki|Reflect|p1a: Regieleki\n|-sidestart|p1: V 0 L T E D|Reflect\n|\n|upkeep\n|turn|10\n|\n|t:|1700179884\n|move|p1a: Regieleki|Thunderbolt|p2a: Gholdengo\n|-damage|p2a: Gholdengo|0 fnt\n|faint|p2a: Gholdengo\n|\n|upkeep\n|\n|t:|1700179897\n|switch|p2a: Chi-Yu|Chi-Yu|71\/100\n|-ability|p2a: Chi-Yu|Beads of Ruin\n|turn|11\n|\n|t:|1700179902\n|-terastallize|p2a: Chi-Yu|Poison\n|move|p1a: Regieleki|Light Screen|p1a: Regieleki\n|-sidestart|p1: V 0 L T E D|move: Light Screen\n|move|p2a: Chi-Yu|Dark Pulse|p1a: Regieleki\n|-damage|p1a: Regieleki|45\/100\n|\n|-heal|p1a: Regieleki|51\/100|[from] item: Leftovers\n|upkeep\n|turn|12\n|\n|t:|1700179908\n|move|p1a: Regieleki|Explosion|p2a: Chi-Yu\n|-damage|p2a: Chi-Yu|0 fnt\n|faint|p1a: Regieleki\n|faint|p2a: Chi-Yu\n|\n|upkeep\n|\n|t:|1700179913\n|switch|p1a: Calyrex|Calyrex-Ice|100\/100\n|switch|p2a: Samurott|Samurott-Hisui, F|100\/100\n|-ability|p1a: Calyrex|As One\n|-ability|p1a: Calyrex|Unnerve\n|turn|13\n|\n|t:|1700179918\n|move|p2a: Samurott|Ceaseless Edge|p1a: Calyrex\n|-supereffective|p1a: Calyrex\n|-damage|p1a: Calyrex|71\/100\n|-sidestart|p1: V 0 L T E D|Spikes\n|move|p1a: Calyrex|Glacial Lance|p2a: Samurott\n|-resisted|p2a: Samurott\n|-crit|p2a: Samurott\n|-damage|p2a: Samurott|26\/100\n|\n|-sideend|p1: V 0 L T E D|Reflect\n|upkeep\n|turn|14\n|\n|t:|1700179927\n|move|p2a: Samurott|Knock Off|p1a: Calyrex\n|-supereffective|p1a: Calyrex\n|-damage|p1a: Calyrex|15\/100\n|-enditem|p1a: Calyrex|Icicle Plate|[from] move: Knock Off|[of] p2a: Samurott\n|move|p1a: Calyrex|Glacial Lance|p2a: Samurott\n|-resisted|p2a: Samurott\n|-damage|p2a: Samurott|0 fnt\n|faint|p2a: Samurott\n|-ability|p1a: Calyrex|Chilling Neigh|boost\n|-boost|p1a: Calyrex|atk|1\n|\n|upkeep\n|\n|t:|1700179933\n|switch|p2a: Roaring Moon|Roaring Moon|100\/100\n|-enditem|p2a: Roaring Moon|Booster Energy\n|-activate|p2a: Roaring Moon|ability: Protosynthesis|[fromitem]\n|-start|p2a: Roaring Moon|protosynthesisatk\n|turn|15\n|\n|t:|1700179961\n|move|p2a: Roaring Moon|Iron Head|p1a: Calyrex\n|-supereffective|p1a: Calyrex\n|-damage|p1a: Calyrex|0 fnt\n|faint|p1a: Calyrex\n|\n|-sideend|p1: V 0 L T E D|move: Light Screen\n|upkeep\n|\n|t:|1700179964\n|switch|p1a: Miraidon|Miraidon|100\/100\n|-damage|p1a: Miraidon|88\/100|[from] Spikes\n|-fieldstart|move: Electric Terrain|[from] ability: Hadron Engine|[of] p1a: Miraidon\n|turn|16\n|\n|t:|1700179970\n|move|p1a: Miraidon|Electro Drift|p2a: Roaring Moon\n|-resisted|p2a: Roaring Moon\n|-damage|p2a: Roaring Moon|48\/100\n|move|p2a: Roaring Moon|Dragon Claw|p1a: Miraidon\n|-supereffective|p1a: Miraidon\n|-damage|p1a: Miraidon|0 fnt\n|faint|p1a: Miraidon\n|\n|win|YoungEsq\n|raw|V 0 L T E D's rating: 1320 &rarr; <strong>1299<\/strong><br \/>(-21 for losing)\n|raw|YoungEsq's rating: 1302 &rarr; <strong>1323<\/strong><br \/>(+21 for winning)\n","uploadtime":1700179975,"views":5,"p1id":"v0lted","p2id":"youngesq","formatid":"gen9anythinggoes","rating":1299,"private":0,"password":""}