{"id":"gen9anythinggoes-1987228471","p1":"tuttyliketurt","p2":"savagewolf98420","format":"[Gen 9] Anything Goes","log":"|j|\u2606tuttyliketurt\n|j|\u2606savagewolf98420\n|t:|1699567293\n|gametype|singles\n|player|p1|tuttyliketurt|101|1056\n|player|p2|savagewolf98420|koga|1133\n|teamsize|p1|6\n|teamsize|p2|6\n|gen|9\n|tier|[Gen 9] Anything Goes\n|rated|\n|rule|HP Percentage Mod: HP is shown in percentages\n|rule|Endless Battle Clause: Forcing endless battles is banned\n|clearpoke\n|poke|p1|Basculegion, M|\n|poke|p1|Urshifu-*, M|\n|poke|p1|Pikachu-Original, M|\n|poke|p1|Polteageist-Antique|\n|poke|p1|Poliwrath, M|\n|poke|p1|Mewtwo|\n|poke|p2|Koraidon|\n|poke|p2|Lilligant-Hisui, F|\n|poke|p2|Toxapex, M|\n|poke|p2|Jirachi|\n|poke|p2|Arcanine-Hisui, M|\n|poke|p2|Eternatus|\n|teampreview\n|inactive|Battle timer is ON: inactive players will automatically lose when time's up. (requested by savagewolf98420)\n|\n|t:|1699567298\n|start\n|switch|p1a: Mewtwo|Mewtwo, shiny|100\/100\n|switch|p2a: Jirachi|Jirachi|100\/100\n|-ability|p1a: Mewtwo|Unnerve\n|turn|1\n|\n|t:|1699567314\n|move|p2a: Jirachi|Iron Head|p1a: Mewtwo\n|-damage|p1a: Mewtwo|61\/100\n|move|p1a: Mewtwo|Drain Punch|p2a: Jirachi\n|-damage|p2a: Jirachi|75\/100\n|-heal|p1a: Mewtwo|73\/100|[from] drain|[of] p2a: Jirachi\n|\n|upkeep\n|turn|2\n|\n|t:|1699567324\n|move|p2a: Jirachi|Iron Head|p1a: Mewtwo\n|-damage|p1a: Mewtwo|30\/100\n|cant|p1a: Mewtwo|flinch\n|\n|upkeep\n|turn|3\n|\n|t:|1699567331\n|move|p2a: Jirachi|Iron Head|p1a: Mewtwo\n|-damage|p1a: Mewtwo|0 fnt\n|faint|p1a: Mewtwo\n|\n|upkeep\n|\n|t:|1699567339\n|switch|p1a: Basculegion|Basculegion, M, shiny|100\/100\n|turn|4\n|\n|t:|1699567344\n|move|p2a: Jirachi|Iron Head|p1a: Basculegion\n|-resisted|p1a: Basculegion\n|-damage|p1a: Basculegion|79\/100\n|cant|p1a: Basculegion|flinch\n|\n|upkeep\n|turn|5\n|\n|t:|1699567352\n|move|p2a: Jirachi|Iron Head|p1a: Basculegion\n|-resisted|p1a: Basculegion\n|-damage|p1a: Basculegion|57\/100\n|move|p1a: Basculegion|Phantom Force||[still]\n|-prepare|p1a: Basculegion|Phantom Force\n|\n|upkeep\n|turn|6\n|\n|t:|1699567365\n|-terastallize|p2a: Jirachi|Steel\n|move|p2a: Jirachi|Iron Head|p1a: Basculegion|[miss]\n|-miss|p2a: Jirachi|p1a: Basculegion\n|move|p1a: Basculegion|Phantom Force|p2a: Jirachi|[from]lockedmove\n|-damage|p2a: Jirachi|38\/100\n|\n|upkeep\n|turn|7\n|inactive|tuttyliketurt has 120 seconds left.\n|inactive|tuttyliketurt has 90 seconds left.\n|inactive|tuttyliketurt has 60 seconds left.\n|\n|t:|1699567457\n|move|p2a: Jirachi|Iron Head|p1a: Basculegion\n|-resisted|p1a: Basculegion\n|-damage|p1a: Basculegion|26\/100\n|move|p1a: Basculegion|Phantom Force||[still]\n|-prepare|p1a: Basculegion|Phantom Force\n|\n|upkeep\n|turn|8\n|inactive|savagewolf98420 has 120 seconds left.\n|\n|t:|1699567490\n|move|p2a: Jirachi|Iron Head|p1a: Basculegion|[miss]\n|-miss|p2a: Jirachi|p1a: Basculegion\n|move|p1a: Basculegion|Phantom Force|p2a: Jirachi|[from]lockedmove\n|-damage|p2a: Jirachi|0 fnt\n|faint|p2a: Jirachi\n|\n|upkeep\n|inactive|savagewolf98420 has 120 seconds left.\n|\n|t:|1699567500\n|switch|p2a: Eternatus|Eternatus|100\/100\n|-ability|p2a: Eternatus|Pressure\n|turn|9\n|\n|t:|1699567512\n|move|p1a: Basculegion|Phantom Force||[still]\n|-prepare|p1a: Basculegion|Phantom Force\n|move|p2a: Eternatus|Cosmic Power|p2a: Eternatus\n|-boost|p2a: Eternatus|def|1\n|-boost|p2a: Eternatus|spd|1\n|\n|upkeep\n|turn|10\n|inactive|tuttyliketurt has 60 seconds left.\n|inactive|tuttyliketurt has 30 seconds left.\n|\n|t:|1699567575\n|move|p1a: Basculegion|Phantom Force|p2a: Eternatus|[from]lockedmove\n|-damage|p2a: Eternatus|80\/100\n|move|p2a: Eternatus|Cosmic Power|p2a: Eternatus\n|-boost|p2a: Eternatus|def|1\n|-boost|p2a: Eternatus|spd|1\n|\n|-heal|p2a: Eternatus|87\/100|[from] item: Leftovers\n|upkeep\n|turn|11\n|inactive|tuttyliketurt has 30 seconds left.\n|\n|t:|1699567587\n|switch|p1a: Polteageist|Polteageist-Antique|100\/100\n|move|p2a: Eternatus|Sludge Bomb|p1a: Polteageist\n|-resisted|p1a: Polteageist\n|-damage|p1a: Polteageist|82\/100\n|\n|-heal|p2a: Eternatus|93\/100|[from] item: Leftovers\n|upkeep\n|turn|12\n|\n|t:|1699567597\n|move|p2a: Eternatus|Dynamax Cannon|p1a: Polteageist\n|-damage|p1a: Polteageist|36\/100\n|-start|p2a: Eternatus|Disable|Dynamax Cannon|[from] ability: Cursed Body|[of] p1a: Polteageist\n|move|p1a: Polteageist|Shell Smash|p1a: Polteageist\n|-unboost|p1a: Polteageist|def|1\n|-unboost|p1a: Polteageist|spd|1\n|-boost|p1a: Polteageist|atk|2\n|-boost|p1a: Polteageist|spa|2\n|-boost|p1a: Polteageist|spe|2\n|\n|-heal|p2a: Eternatus|99\/100|[from] item: Leftovers\n|upkeep\n|turn|13\n|\n|t:|1699567611\n|move|p1a: Polteageist|Baton Pass|p1a: Polteageist\n|inactive|tuttyliketurt has 30 seconds left.\n|\n|t:|1699567624\n|switch|p1a: lol|Poliwrath, M, shiny|100\/100|[from] Baton Pass\n|move|p2a: Eternatus|Sludge Bomb|p1a: lol\n|-damage|p1a: lol|30\/100\n|-status|p1a: lol|psn\n|\n|-heal|p2a: Eternatus|100\/100|[from] item: Leftovers\n|-damage|p1a: lol|17\/100 psn|[from] psn\n|upkeep\n|turn|14\n|inactive|tuttyliketurt has 30 seconds left.\n|\n|t:|1699567636\n|move|p1a: lol|Drain Punch|p2a: Eternatus\n|-resisted|p2a: Eternatus\n|-damage|p2a: Eternatus|88\/100\n|-heal|p1a: lol|27\/100 psn|[from] drain|[of] p2a: Eternatus\n|move|p2a: Eternatus|Cosmic Power|p2a: Eternatus\n|-boost|p2a: Eternatus|def|1\n|-boost|p2a: Eternatus|spd|1\n|\n|-heal|p2a: Eternatus|94\/100|[from] item: Leftovers\n|-damage|p1a: lol|14\/100 psn|[from] psn\n|upkeep\n|turn|15\n|inactive|tuttyliketurt has 30 seconds left.\n|\n|t:|1699567654\n|move|p1a: lol|Waterfall|p2a: Eternatus\n|-resisted|p2a: Eternatus\n|-damage|p2a: Eternatus|84\/100\n|move|p2a: Eternatus|Sludge Bomb|p1a: lol\n|-damage|p1a: lol|0 fnt\n|faint|p1a: lol\n|\n|-heal|p2a: Eternatus|90\/100|[from] item: Leftovers\n|-end|p2a: Eternatus|Disable\n|upkeep\n|inactive|tuttyliketurt has 30 seconds left this turn.\n|inactive|tuttyliketurt has 20 seconds left.\n|\n|t:|1699567664\n|switch|p1a: Pikachu|Pikachu-Original, M|100\/100\n|turn|16\n|inactive|tuttyliketurt has 30 seconds left this turn.\n|\n|t:|1699567670\n|move|p2a: Eternatus|Sludge Bomb|p1a: Pikachu\n|-damage|p1a: Pikachu|0 fnt\n|faint|p1a: Pikachu\n|\n|-heal|p2a: Eternatus|96\/100|[from] item: Leftovers\n|upkeep\n|-message|tuttyliketurt forfeited.\n|\n|win|savagewolf98420\n|raw|tuttyliketurt's rating: 1056 &rarr; <strong>1042<\/strong><br \/>(-14 for losing)\n|raw|savagewolf98420's rating: 1133 &rarr; <strong>1153<\/strong><br \/>(+20 for winning)\n|l|\u2606tuttyliketurt\n","uploadtime":1699567681,"views":5,"p1id":"tuttyliketurt","p2id":"savagewolf98420","formatid":"gen9anythinggoes","rating":1042,"private":0,"password":""}