{"id":"gen9anythinggoes-1996679243","p1":"Phantom Pixie","p2":"Bluefirehj","format":"[Gen 9] Anything Goes","log":"|j|\u2606Phantom Pixie\n|j|\u2606Bluefirehj\n|t:|1700708753\n|gametype|singles\n|player|p1|Phantom Pixie|dragontamer|\n|player|p2|Bluefirehj|266|\n|teamsize|p1|6\n|teamsize|p2|6\n|gen|9\n|tier|[Gen 9] Anything Goes\n|rule|HP Percentage Mod: HP is shown in percentages\n|rule|Endless Battle Clause: Forcing endless battles is banned\n|clearpoke\n|poke|p1|Ogerpon-Hearthflame, F|\n|poke|p1|Iron Valiant|\n|poke|p1|Urshifu-*, F|\n|poke|p1|Palkia-Origin|\n|poke|p1|Calyrex-Shadow|\n|poke|p1|Espathra, M|\n|poke|p2|Pikachu, M|\n|poke|p2|Dragapult, M|\n|poke|p2|Charizard, M|\n|poke|p2|Scizor, M|\n|poke|p2|Umbreon, F|\n|poke|p2|Urshifu-*, F|\n|teampreview\n|\n|t:|1700708758\n|start\n|switch|p1a: Espathra|Espathra, M|100\/100\n|switch|p2a: Charizard|Charizard, M, shiny|100\/100\n|turn|1\n|\n|t:|1700708764\n|move|p1a: Espathra|Calm Mind|p1a: Espathra\n|-boost|p1a: Espathra|spa|1\n|-boost|p1a: Espathra|spd|1\n|move|p2a: Charizard|Flare Blitz|p1a: Espathra\n|-damage|p1a: Espathra|19\/100\n|-damage|p2a: Charizard|71\/100|[from] Recoil\n|\n|-heal|p1a: Espathra|25\/100|[from] item: Leftovers\n|upkeep\n|turn|2\n|\n|t:|1700708774\n|move|p1a: Espathra|Lumina Crash|p2a: Charizard\n|-damage|p2a: Charizard|0 fnt\n|faint|p2a: Charizard\n|\n|-heal|p1a: Espathra|31\/100|[from] item: Leftovers\n|upkeep\n|\n|t:|1700708781\n|switch|p2a: Scizor|Scizor, M|100\/100\n|turn|3\n|\n|t:|1700708787\n|-terastallize|p1a: Espathra|Psychic\n|move|p1a: Espathra|Lumina Crash|p2a: Scizor\n|-resisted|p2a: Scizor\n|-damage|p2a: Scizor|50\/100\n|-unboost|p2a: Scizor|spd|2\n|move|p2a: Scizor|Swords Dance|p2a: Scizor\n|-boost|p2a: Scizor|atk|2\n|-ability|p1a: Espathra|Opportunist|boost\n|-boost|p1a: Espathra|atk|2\n|\n|-heal|p1a: Espathra|37\/100|[from] item: Leftovers\n|upkeep\n|turn|4\n|\n|t:|1700708800\n|move|p1a: Espathra|Lumina Crash|p2a: Scizor\n|-resisted|p2a: Scizor\n|-damage|p2a: Scizor|0 fnt\n|faint|p2a: Scizor\n|\n|-heal|p1a: Espathra|43\/100|[from] item: Leftovers\n|upkeep\n|inactive|Battle timer is ON: inactive players will automatically lose when time's up. (requested by Bluefirehj)\n|\n|t:|1700708813\n|switch|p2a: Urshifu|Urshifu-Rapid-Strike, F|100\/100\n|turn|5\n|\n|t:|1700708818\n|move|p2a: Urshifu|Poison Jab|p1a: Espathra\n|-damage|p1a: Espathra|0 fnt\n|faint|p1a: Espathra\n|-damage|p2a: Urshifu|91\/100|[from] item: Life Orb\n|\n|upkeep\n|\n|t:|1700708824\n|switch|p1a: Swift|Urshifu-Rapid-Strike, F|100\/100\n|turn|6\n|\n|t:|1700708829\n|move|p2a: Urshifu|Poison Jab|p1a: Swift\n|-damage|p1a: Swift|64\/100\n|-damage|p2a: Urshifu|81\/100|[from] item: Life Orb\n|move|p1a: Swift|Surging Strikes|p2a: Urshifu\n|-resisted|p2a: Urshifu\n|-crit|p2a: Urshifu\n|-damage|p2a: Urshifu|67\/100\n|-resisted|p2a: Urshifu\n|-crit|p2a: Urshifu\n|-damage|p2a: Urshifu|53\/100\n|-resisted|p2a: Urshifu\n|-crit|p2a: Urshifu\n|-damage|p2a: Urshifu|40\/100\n|-hitcount|p2a: Urshifu|3\n|\n|upkeep\n|turn|7\n|\n|t:|1700708842\n|move|p2a: Urshifu|Close Combat|p1a: Swift\n|-crit|p1a: Swift\n|-damage|p1a: Swift|0 fnt\n|-unboost|p2a: Urshifu|def|1\n|-unboost|p2a: Urshifu|spd|1\n|faint|p1a: Swift\n|-damage|p2a: Urshifu|30\/100|[from] item: Life Orb\n|\n|upkeep\n|\n|t:|1700708850\n|switch|p1a: Calyrex|Calyrex-Shadow|100\/100\n|-ability|p1a: Calyrex|As One\n|-ability|p1a: Calyrex|Unnerve\n|turn|8\n|\n|t:|1700708855\n|move|p1a: Calyrex|Calm Mind|p1a: Calyrex\n|-boost|p1a: Calyrex|spa|1\n|-boost|p1a: Calyrex|spd|1\n|move|p2a: Urshifu|Poison Jab|p1a: Calyrex\n|-resisted|p1a: Calyrex\n|-damage|p1a: Calyrex|79\/100\n|-damage|p2a: Urshifu|20\/100|[from] item: Life Orb\n|\n|upkeep\n|turn|9\n|\n|t:|1700708868\n|move|p1a: Calyrex|Calm Mind|p1a: Calyrex\n|-boost|p1a: Calyrex|spa|1\n|-boost|p1a: Calyrex|spd|1\n|move|p2a: Urshifu|Close Combat|p1a: Calyrex\n|-immune|p1a: Calyrex\n|\n|upkeep\n|turn|10\n|\n|t:|1700708875\n|move|p1a: Calyrex|Calm Mind|p1a: Calyrex\n|-boost|p1a: Calyrex|spa|1\n|-boost|p1a: Calyrex|spd|1\n|move|p2a: Urshifu|Surging Strikes|p1a: Calyrex\n|-crit|p1a: Calyrex\n|-damage|p1a: Calyrex|45\/100\n|-crit|p1a: Calyrex\n|-damage|p1a: Calyrex|16\/100\n|-crit|p1a: Calyrex\n|-damage|p1a: Calyrex|0 fnt\n|faint|p1a: Calyrex\n|-hitcount|p1: Calyrex|3\n|-damage|p2a: Urshifu|10\/100|[from] item: Life Orb\n|\n|upkeep\n|\n|t:|1700708886\n|switch|p1a: Palkia|Palkia-Origin|100\/100\n|-ability|p1a: Palkia|Pressure\n|turn|11\n|\n|t:|1700708892\n|switch|p2a: Pikachu|Pikachu, M, shiny|100\/100\n|move|p1a: Palkia|Heavy Slam|p2a: Pikachu\n|-resisted|p2a: Pikachu\n|-damage|p2a: Pikachu|57\/100\n|\n|upkeep\n|turn|12\n|\n|t:|1700708901\n|-terastallize|p2a: Pikachu|Electric\n|move|p1a: Palkia|Dragon Pulse|p2a: Pikachu\n|-damage|p2a: Pikachu|0 fnt\n|faint|p2a: Pikachu\n|\n|upkeep\n|\n|t:|1700708908\n|switch|p2a: Umbreon|Umbreon, F|100\/100\n|turn|13\n|\n|t:|1700708913\n|move|p1a: Palkia|Dragon Pulse|p2a: Umbreon\n|-crit|p2a: Umbreon\n|-damage|p2a: Umbreon|40\/100\n|move|p2a: Umbreon|Dark Pulse|p1a: Palkia\n|-damage|p1a: Palkia|67\/100\n|-damage|p2a: Umbreon|30\/100|[from] item: Life Orb\n|\n|upkeep\n|turn|14\n|\n|t:|1700708922\n|switch|p2a: Dragapult|Dragapult, M, shiny|100\/100\n|move|p1a: Palkia|Dragon Pulse|p2a: Dragapult\n|-supereffective|p2a: Dragapult\n|-damage|p2a: Dragapult|0 fnt\n|faint|p2a: Dragapult\n|\n|upkeep\n|c|\u2606Phantom Pixie|:)\n|c|\u2606Phantom Pixie|Puhuhuhuhuhuhuhuhuhu\n|inactive|Bluefirehj has 270 seconds left.\n|\n|t:|1700708976\n|switch|p2a: Umbreon|Umbreon, F|30\/100\n|turn|15\n|\n|t:|1700708984\n|move|p1a: Palkia|Heavy Slam|p2a: Umbreon\n|-damage|p2a: Umbreon|8\/100\n|move|p2a: Umbreon|Psychic|p1a: Palkia\n|-damage|p1a: Palkia|41\/100\n|-damage|p2a: Umbreon|0 fnt|[from] item: Life Orb\n|faint|p2a: Umbreon\n|\n|upkeep\n|\n|t:|1700708992\n|switch|p2a: Urshifu|Urshifu-Rapid-Strike, F|10\/100\n|turn|16\n|\n|t:|1700708996\n|move|p1a: Palkia|Protect|p1a: Palkia\n|-singleturn|p1a: Palkia|Protect\n|move|p2a: Urshifu|Poison Jab|p1a: Palkia\n|-damage|p1a: Palkia|0 fnt\n|faint|p1a: Palkia\n|-damage|p2a: Urshifu|0 fnt|[from] item: Life Orb\n|faint|p2a: Urshifu\n|\n|win|Phantom Pixie\n|l|\u2606Phantom Pixie\n","uploadtime":1700709017,"views":0,"p1id":"phantompixie","p2id":"bluefirehj","formatid":"gen9anythinggoes","rating":0,"private":0,"password":""}