{"id":"gen9anythinggoes-1999843812","p1":"HornyHound","p2":"Splatman86","format":"[Gen 9] Anything Goes","log":"|j|\u2606HornyHound\n|j|\u2606Splatman86\n|t:|1701122009\n|gametype|singles\n|player|p1|HornyHound|veteran|1197\n|player|p2|Splatman86|palmer|1192\n|teamsize|p1|6\n|teamsize|p2|6\n|gen|9\n|tier|[Gen 9] Anything Goes\n|rated|\n|rule|HP Percentage Mod: HP is shown in percentages\n|rule|Endless Battle Clause: Forcing endless battles is banned\n|clearpoke\n|poke|p1|Cloyster, F|\n|poke|p1|Volcarona, M|\n|poke|p1|Dragapult, M|\n|poke|p1|Cinderace, M|\n|poke|p1|Haxorus, M|\n|poke|p1|Clawitzer, F|\n|poke|p2|Cloyster, F|\n|poke|p2|Regieleki|\n|poke|p2|Quaquaval, M|\n|poke|p2|Gliscor, M|\n|poke|p2|Volcarona, F|\n|poke|p2|Meowscarada, M|\n|teampreview\n|j| Noxious GinnyES\n|\n|t:|1701122023\n|start\n|switch|p1a: Clawitzer|Clawitzer, F|100\/100\n|switch|p2a: Volcarona|Volcarona, F|100\/100\n|turn|1\n|\n|t:|1701122038\n|switch|p2a: Regieleki|Regieleki|100\/100\n|move|p1a: Clawitzer|Water Pulse|p2a: Regieleki\n|-damage|p2a: Regieleki|0 fnt\n|faint|p2a: Regieleki\n|-damage|p1a: Clawitzer|91\/100|[from] item: Life Orb\n|\n|upkeep\n|\n|t:|1701122049\n|switch|p2a: Meowscarada|Meowscarada, M|100\/100\n|turn|2\n|\n|t:|1701122057\n|-terastallize|p2a: Meowscarada|Water\n|move|p2a: Meowscarada|Flower Trick|p1a: Clawitzer\n|-supereffective|p1a: Clawitzer\n|-crit|p1a: Clawitzer\n|-damage|p1a: Clawitzer|0 fnt\n|faint|p1a: Clawitzer\n|\n|upkeep\n|\n|t:|1701122069\n|switch|p1a: Dragapult|Dragapult, M|100\/100\n|turn|3\n|\n|t:|1701122075\n|move|p1a: Dragapult|Dragon Darts|p2a: Meowscarada\n|-damage|p2a: Meowscarada|60\/100\n|-anim|p1a: Dragapult|Dragon Darts|p2a: Meowscarada\n|-damage|p2a: Meowscarada|23\/100\n|move|p2a: Meowscarada|Knock Off|p1a: Dragapult\n|-supereffective|p1a: Dragapult\n|-damage|p1a: Dragapult|0 fnt\n|-enditem|p1a: Dragapult|Mirror Herb|[from] move: Knock Off|[of] p2a: Meowscarada\n|faint|p1a: Dragapult\n|\n|upkeep\n|\n|t:|1701122094\n|switch|p1a: Cinderace|Cinderace, M|100\/100\n|turn|4\n|\n|t:|1701122113\n|switch|p2a: Quaquaval|Quaquaval, M|100\/100\n|move|p1a: Cinderace|High Jump Kick|p2a: Quaquaval\n|-start|p1a: Cinderace|typechange|Fighting|[from] ability: Libero\n|-damage|p2a: Quaquaval|12\/100\n|\n|upkeep\n|turn|5\n|\n|t:|1701122126\n|move|p1a: Cinderace|Gunk Shot|p2a: Quaquaval\n|-damage|p2a: Quaquaval|0 fnt\n|faint|p2a: Quaquaval\n|\n|upkeep\n|\n|t:|1701122129\n|switch|p2a: Cloyster|Cloyster, F|100\/100\n|turn|6\n|\n|t:|1701122133\n|move|p1a: Cinderace|High Jump Kick|p2a: Cloyster\n|-supereffective|p2a: Cloyster\n|-damage|p2a: Cloyster|0 fnt\n|faint|p2a: Cloyster\n|\n|upkeep\n|\n|t:|1701122138\n|switch|p2a: Gliscor|Gliscor, M|100\/100\n|turn|7\n|\n|t:|1701122159\n|move|p1a: Cinderace|Pyro Ball|p2a: Gliscor\n|-damage|p2a: Gliscor|63\/100\n|move|p2a: Gliscor|Earthquake|p1a: Cinderace\n|-crit|p1a: Cinderace\n|-damage|p1a: Cinderace|8\/100\n|\n|-status|p2a: Gliscor|tox|[from] item: Toxic Orb\n|upkeep\n|turn|8\n|\n|t:|1701122168\n|move|p2a: Gliscor|Protect|p2a: Gliscor\n|-singleturn|p2a: Gliscor|Protect\n|move|p1a: Cinderace|Pyro Ball|p2a: Gliscor\n|-activate|p2a: Gliscor|move: Protect\n|\n|-heal|p2a: Gliscor|76\/100 tox|[from] ability: Poison Heal\n|upkeep\n|turn|9\n|\n|t:|1701122197\n|move|p1a: Cinderace|Zen Headbutt|p2a: Gliscor\n|-damage|p2a: Gliscor|50\/100 tox\n|move|p2a: Gliscor|Poison Jab|p1a: Cinderace\n|-damage|p1a: Cinderace|0 fnt\n|faint|p1a: Cinderace\n|\n|-heal|p2a: Gliscor|62\/100 tox|[from] ability: Poison Heal\n|upkeep\n|\n|t:|1701122207\n|switch|p1a: Cloyster|Cloyster, F|100\/100\n|turn|10\n|\n|t:|1701122237\n|move|p2a: Gliscor|Thunder Fang|p1a: Cloyster\n|-supereffective|p1a: Cloyster\n|-damage|p1a: Cloyster|70\/100\n|move|p1a: Cloyster|Icicle Spear|p2a: Gliscor\n|-supereffective|p2a: Gliscor\n|-damage|p2a: Gliscor|13\/100 tox\n|-supereffective|p2a: Gliscor\n|-damage|p2a: Gliscor|0 fnt\n|faint|p2a: Gliscor\n|-hitcount|p2: Gliscor|2\n|\n|upkeep\n|\n|t:|1701122247\n|switch|p2a: Meowscarada|Meowscarada, M, tera:Water|23\/100\n|turn|11\n|\n|t:|1701122256\n|move|p2a: Meowscarada|Flower Trick|p1a: Cloyster\n|-supereffective|p1a: Cloyster\n|-crit|p1a: Cloyster\n|-damage|p1a: Cloyster|0 fnt\n|faint|p1a: Cloyster\n|\n|upkeep\n|\n|t:|1701122269\n|switch|p1a: Haxorus|Haxorus, M, shiny|100\/100\n|-ability|p1a: Haxorus|Mold Breaker\n|turn|12\n|\n|t:|1701122276\n|move|p2a: Meowscarada|Knock Off|p1a: Haxorus\n|-damage|p1a: Haxorus|45\/100\n|-enditem|p1a: Haxorus|Earth Plate|[from] move: Knock Off|[of] p2a: Meowscarada\n|move|p1a: Haxorus|Earthquake|p2a: Meowscarada\n|-damage|p2a: Meowscarada|0 fnt\n|faint|p2a: Meowscarada\n|\n|upkeep\n|\n|t:|1701122279\n|switch|p2a: Volcarona|Volcarona, F|100\/100\n|turn|13\n|\n|t:|1701122290\n|move|p2a: Volcarona|Bug Buzz|p1a: Haxorus\n|-damage|p1a: Haxorus|0 fnt\n|faint|p1a: Haxorus\n|\n|upkeep\n|\n|t:|1701122294\n|switch|p1a: Volcarona|Volcarona, M, shiny|100\/100\n|turn|14\n|\n|t:|1701122306\n|-terastallize|p1a: Volcarona|Fire\n|move|p2a: Volcarona|Fiery Dance|p1a: Volcarona\n|-resisted|p1a: Volcarona\n|-damage|p1a: Volcarona|79\/100\n|-boost|p2a: Volcarona|spa|1\n|move|p1a: Volcarona|Quiver Dance|p1a: Volcarona\n|-boost|p1a: Volcarona|spa|1\n|-boost|p1a: Volcarona|spd|1\n|-boost|p1a: Volcarona|spe|1\n|\n|upkeep\n|turn|15\n|\n|t:|1701122319\n|move|p1a: Volcarona|Fiery Dance|p2a: Volcarona\n|-damage|p2a: Volcarona|0 fnt\n|faint|p2a: Volcarona\n|\n|win|HornyHound\n|raw|HornyHound's rating: 1197 &rarr; <strong>1222<\/strong><br \/>(+25 for winning)\n|raw|Splatman86's rating: 1192 &rarr; <strong>1167<\/strong><br \/>(-25 for losing)\n|l|\u2606HornyHound\n|c|\u2606Splatman86|W username\n","uploadtime":1701122337,"views":1,"p1id":"hornyhound","p2id":"splatman86","formatid":"gen9anythinggoes","rating":1167,"private":0,"password":""}