{"id":"gen9anythinggoes-1997553577","p1":"dgzdr","p2":"Senkusu","format":"[Gen 9] Anything Goes","log":"|j|\u2606dgzdr\n|j|\u2606Senkusu\n|t:|1700824546\n|gametype|singles\n|player|p1|dgzdr|az|1208\n|player|p2|Senkusu|101|1217\n|teamsize|p1|6\n|teamsize|p2|6\n|gen|9\n|tier|[Gen 9] Anything Goes\n|rated|\n|rule|HP Percentage Mod: HP is shown in percentages\n|rule|Endless Battle Clause: Forcing endless battles is banned\n|clearpoke\n|poke|p1|Drifblim, M|\n|poke|p1|Yanmega, F|\n|poke|p1|Hatterene, F|\n|poke|p1|Ditto|\n|poke|p1|Clefable, M|\n|poke|p1|Wigglytuff, F|\n|poke|p2|Groudon|\n|poke|p2|Kyogre|\n|poke|p2|Rayquaza|\n|poke|p2|Regieleki|\n|poke|p2|Urshifu-*, M|\n|poke|p2|Lechonk, L1, M|\n|teampreview\n|\n|t:|1700824557\n|start\n|switch|p1a: im unhitable|Drifblim, M|100\/100\n|switch|p2a: Lechonk|Lechonk, L1, M|100\/100\n|turn|1\n|\n|t:|1700824577\n|switch|p2a: Kyogre|Kyogre|100\/100\n|-weather|RainDance|[from] ability: Drizzle|[of] p2a: Kyogre\n|move|p1a: im unhitable|Substitute|p1a: im unhitable\n|-start|p1a: im unhitable|Substitute\n|-damage|p1a: im unhitable|76\/100\n|\n|-weather|RainDance|[upkeep]\n|upkeep\n|turn|2\n|\n|t:|1700824586\n|move|p1a: im unhitable|Protect|p1a: im unhitable\n|-singleturn|p1a: im unhitable|Protect\n|move|p2a: Kyogre|Ice Beam|p1a: im unhitable\n|-activate|p1a: im unhitable|move: Protect\n|\n|-weather|RainDance|[upkeep]\n|upkeep\n|turn|3\n|\n|t:|1700824592\n|move|p1a: im unhitable|Minimize|p1a: im unhitable\n|-boost|p1a: im unhitable|evasion|2\n|move|p2a: Kyogre|Ice Beam|p1a: im unhitable|[miss]\n|-miss|p2a: Kyogre|p1a: im unhitable\n|\n|-weather|RainDance|[upkeep]\n|upkeep\n|turn|4\n|\n|t:|1700824599\n|move|p1a: im unhitable|Protect|p1a: im unhitable\n|-singleturn|p1a: im unhitable|Protect\n|move|p2a: Kyogre|Thunder|p1a: im unhitable\n|-activate|p1a: im unhitable|move: Protect\n|\n|-weather|RainDance|[upkeep]\n|upkeep\n|turn|5\n|\n|t:|1700824615\n|move|p1a: im unhitable|Minimize|p1a: im unhitable\n|-boost|p1a: im unhitable|evasion|2\n|move|p2a: Kyogre|Thunder|p1a: im unhitable\n|-supereffective|p1a: im unhitable\n|-end|p1a: im unhitable|Substitute\n|\n|-weather|none\n|upkeep\n|turn|6\n|\n|t:|1700824629\n|move|p1a: im unhitable|Substitute|p1a: im unhitable\n|-start|p1a: im unhitable|Substitute\n|-damage|p1a: im unhitable|51\/100\n|move|p2a: Kyogre|Calm Mind|p2a: Kyogre\n|-boost|p2a: Kyogre|spa|1\n|-boost|p2a: Kyogre|spd|1\n|\n|upkeep\n|turn|7\n|\n|t:|1700824636\n|move|p1a: im unhitable|Minimize|p1a: im unhitable\n|-boost|p1a: im unhitable|evasion|2\n|move|p2a: Kyogre|Ice Beam|p1a: im unhitable|[miss]\n|-miss|p2a: Kyogre|p1a: im unhitable\n|\n|upkeep\n|turn|8\n|\n|t:|1700824667\n|switch|p2a: Regieleki|Regieleki|100\/100\n|move|p1a: im unhitable|Baton Pass|p1a: im unhitable\n|\n|t:|1700824669\n|switch|p1a: im tank|Clefable, M|100\/100|[from] Baton Pass\n|\n|upkeep\n|turn|9\n|\n|t:|1700824679\n|move|p2a: Regieleki|Light Screen|p2a: Regieleki\n|-sidestart|p2: Senkusu|move: Light Screen\n|move|p1a: im tank|Cosmic Power|p1a: im tank\n|-boost|p1a: im tank|def|1\n|-boost|p1a: im tank|spd|1\n|\n|upkeep\n|turn|10\n|\n|t:|1700824694\n|switch|p2a: Kyogre|Kyogre|100\/100\n|-weather|RainDance|[from] ability: Drizzle|[of] p2a: Kyogre\n|move|p1a: im tank|Cosmic Power|p1a: im tank\n|-boost|p1a: im tank|def|1\n|-boost|p1a: im tank|spd|1\n|\n|-weather|RainDance|[upkeep]\n|upkeep\n|turn|11\n|\n|t:|1700824702\n|move|p2a: Kyogre|Thunder|p1a: im tank\n|-activate|p1a: im tank|move: Substitute|[damage]\n|move|p1a: im tank|Cosmic Power|p1a: im tank\n|-boost|p1a: im tank|def|1\n|-boost|p1a: im tank|spd|1\n|\n|-weather|RainDance|[upkeep]\n|upkeep\n|turn|12\n|\n|t:|1700824712\n|move|p2a: Kyogre|Thunder|p1a: im tank\n|-activate|p1a: im tank|move: Substitute|[damage]\n|move|p1a: im tank|Cosmic Power|p1a: im tank\n|-boost|p1a: im tank|def|1\n|-boost|p1a: im tank|spd|1\n|\n|-weather|RainDance|[upkeep]\n|upkeep\n|turn|13\n|\n|t:|1700824719\n|move|p2a: Kyogre|Thunder|p1a: im tank\n|-end|p1a: im tank|Substitute\n|move|p1a: im tank|Cosmic Power|p1a: im tank\n|-boost|p1a: im tank|def|1\n|-boost|p1a: im tank|spd|1\n|\n|-weather|RainDance|[upkeep]\n|-sideend|p2: Senkusu|move: Light Screen\n|upkeep\n|turn|14\n|\n|t:|1700824736\n|move|p2a: Kyogre|Thunder|p1a: im tank\n|-damage|p1a: im tank|91\/100\n|move|p1a: im tank|Substitute|p1a: im tank\n|-start|p1a: im tank|Substitute\n|-damage|p1a: im tank|66\/100\n|\n|-weather|none\n|-heal|p1a: im tank|72\/100|[from] item: Leftovers\n|upkeep\n|turn|15\n|\n|t:|1700824745\n|move|p2a: Kyogre|Calm Mind|p2a: Kyogre\n|-boost|p2a: Kyogre|spa|1\n|-boost|p2a: Kyogre|spd|1\n|move|p1a: im tank|Cosmic Power|p1a: im tank\n|-boost|p1a: im tank|def|1\n|-boost|p1a: im tank|spd|1\n|\n|-heal|p1a: im tank|78\/100|[from] item: Leftovers\n|upkeep\n|turn|16\n|\n|t:|1700824754\n|move|p2a: Kyogre|Calm Mind|p2a: Kyogre\n|-boost|p2a: Kyogre|spa|1\n|-boost|p2a: Kyogre|spd|1\n|move|p1a: im tank|Baton Pass|p1a: im tank\n|\n|t:|1700824766\n|switch|p1a: im speed|Hatterene, F|100\/100|[from] Baton Pass\n|\n|upkeep\n|turn|17\n|\n|t:|1700824772\n|move|p2a: Kyogre|Ice Beam|p1a: im speed\n|-activate|p1a: im speed|move: Substitute|[damage]\n|move|p1a: im speed|Agility|p1a: im speed\n|-boost|p1a: im speed|spe|2\n|\n|upkeep\n|turn|18\n|\n|t:|1700824791\n|switch|p2a: Lechonk|Lechonk, L1, M|100\/100\n|move|p1a: im speed|Agility|p1a: im speed\n|-boost|p1a: im speed|spe|2\n|\n|upkeep\n|turn|19\n|\n|t:|1700824798\n|move|p1a: im speed|Agility|p1a: im speed\n|-boost|p1a: im speed|spe|2\n|move|p2a: Lechonk|Yawn||[still]\n|-fail|p2a: Lechonk\n|\n|upkeep\n|turn|20\n|\n|t:|1700824806\n|move|p2a: Lechonk|Protect|p2a: Lechonk\n|-singleturn|p2a: Lechonk|Protect\n|move|p1a: im speed|Baton Pass|p1a: im speed\n|\n|t:|1700824811\n|switch|p1a: Emotional damage|Wigglytuff, F|100\/100|[from] Baton Pass\n|\n|upkeep\n|turn|21\n|\n|t:|1700824825\n|move|p1a: Emotional damage|Nasty Plot|p1a: Emotional damage\n|-boost|p1a: Emotional damage|spa|2\n|move|p2a: Lechonk|Yawn||[still]\n|-fail|p2a: Lechonk\n|\n|upkeep\n|turn|22\n|\n|t:|1700824839\n|move|p1a: Emotional damage|Nasty Plot|p1a: Emotional damage\n|-boost|p1a: Emotional damage|spa|2\n|move|p2a: Lechonk|Yawn||[still]\n|-fail|p2a: Lechonk\n|\n|upkeep\n|turn|23\n|\n|t:|1700824848\n|switch|p2a: Kyogre|Kyogre|100\/100\n|-weather|RainDance|[from] ability: Drizzle|[of] p2a: Kyogre\n|move|p1a: Emotional damage|Nasty Plot|p1a: Emotional damage\n|-boost|p1a: Emotional damage|spa|2\n|\n|-weather|RainDance|[upkeep]\n|upkeep\n|turn|24\n|\n|t:|1700824862\n|move|p1a: Emotional damage|Baton Pass|p1a: Emotional damage\n|\n|t:|1700824864\n|switch|p1a: im normal|Yanmega, F|100\/100|[from] Baton Pass\n|move|p2a: Kyogre|Thunder|p1a: im normal\n|-supereffective|p1a: im normal\n|-end|p1a: im normal|Substitute\n|\n|-weather|RainDance|[upkeep]\n|upkeep\n|turn|25\n|\n|t:|1700824872\n|move|p1a: im normal|Giga Drain|p2a: Kyogre\n|-supereffective|p2a: Kyogre\n|-enditem|p2a: Kyogre|Focus Sash\n|-damage|p2a: Kyogre|1\/100\n|move|p2a: Kyogre|Thunder|p1a: im normal\n|-supereffective|p1a: im normal\n|-damage|p1a: im normal|56\/100\n|\n|-weather|RainDance|[upkeep]\n|upkeep\n|turn|26\n|\n|t:|1700824880\n|move|p1a: im normal|Giga Drain|p2a: Kyogre\n|-supereffective|p2a: Kyogre\n|-damage|p2a: Kyogre|0 fnt\n|-heal|p1a: im normal|57\/100|[from] drain|[of] p2a: Kyogre\n|faint|p2a: Kyogre\n|\n|-weather|RainDance|[upkeep]\n|upkeep\n|\n|t:|1700824887\n|switch|p2a: Lechonk|Lechonk, L1, M|100\/100\n|turn|27\n|inactive|Battle timer is ON: inactive players will automatically lose when time's up. (requested by Senkusu)\n|\n|t:|1700824916\n|move|p2a: Lechonk|Endeavor|p1a: im normal\n|-damage|p1a: im normal|5\/100\n|move|p1a: im normal|Whirlwind|p2a: Lechonk\n|drag|p2a: Regieleki|Regieleki|100\/100\n|\n|-weather|none\n|upkeep\n|turn|28\n|c|\u2606Senkusu|u fked up\n|\n|t:|1700824927\n|move|p1a: im normal|Giga Drain|p2a: Regieleki\n|-enditem|p2a: Regieleki|Focus Sash\n|-damage|p2a: Regieleki|1\/100\n|-heal|p1a: im normal|53\/100|[from] drain|[of] p2a: Regieleki\n|move|p2a: Regieleki|Thunderbolt|p1a: im normal|[miss]\n|-miss|p2a: Regieleki|p1a: im normal\n|\n|upkeep\n|turn|29\n|c|\u2606dgzdr|you sure?\n|c|\u2606Senkusu|yup\n|c|\u2606Senkusu|no way im letting a cheap cheese strat win\n|c|\u2606Senkusu|im not that evil\n|inactive|Senkusu has 120 seconds left.\n|\n|t:|1700824959\n|move|p1a: im normal|Bug Buzz|p2a: Regieleki\n|-damage|p2a: Regieleki|0 fnt\n|faint|p2a: Regieleki\n|\n|upkeep\n|inactive|Senkusu has 120 seconds left.\n|\n|t:|1700824967\n|switch|p2a: Lechonk|Lechonk, L1, M|100\/100\n|turn|30\n|c|\u2606dgzdr|what can i say these are gambling strats\n|\n|t:|1700824972\n|move|p2a: Lechonk|Endeavor|p1a: im normal\n|-damage|p1a: im normal|5\/100\n|move|p1a: im normal|Whirlwind|p2a: Lechonk\n|drag|p2a: Groudon|Groudon|100\/100\n|-weather|SunnyDay|[from] ability: Drought|[of] p2a: Groudon\n|\n|-weather|SunnyDay|[upkeep]\n|upkeep\n|turn|31\n|\n|t:|1700824986\n|switch|p2a: Rayquaza|Rayquaza|100\/100\n|-ability|p2a: Rayquaza|Air Lock\n|move|p1a: im normal|Giga Drain|p2a: Rayquaza\n|-resisted|p2a: Rayquaza\n|-damage|p2a: Rayquaza|74\/100\n|-heal|p1a: im normal|20\/100|[from] drain|[of] p2a: Rayquaza\n|\n|-weather|SunnyDay|[upkeep]\n|upkeep\n|turn|32\n|\n|t:|1700824996\n|move|p2a: Rayquaza|Extreme Speed|p1a: im normal|[miss]\n|-miss|p2a: Rayquaza|p1a: im normal\n|move|p1a: im normal|Shadow Ball|p2a: Rayquaza\n|-damage|p2a: Rayquaza|0 fnt\n|faint|p2a: Rayquaza\n|\n|-weather|SunnyDay|[upkeep]\n|upkeep\n|c|\u2606dgzdr|thats why find them funny\n|\n|t:|1700825009\n|switch|p2a: Lechonk|Lechonk, L1, M|100\/100\n|turn|33\n|\n|t:|1700825014\n|move|p2a: Lechonk|Protect|p2a: Lechonk\n|-singleturn|p2a: Lechonk|Protect\n|move|p1a: im normal|Whirlwind|p2a: Lechonk\n|drag|p2a: Urshifu|Urshifu-Rapid-Strike, M|100\/100\n|\n|-weather|SunnyDay|[upkeep]\n|upkeep\n|turn|34\n|\n|t:|1700825026\n|-terastallize|p2a: Urshifu|Steel\n|move|p1a: im normal|Giga Drain|p2a: Urshifu\n|-resisted|p2a: Urshifu\n|-damage|p2a: Urshifu|25\/100\n|-heal|p1a: im normal|61\/100|[from] drain|[of] p2a: Urshifu\n|move|p2a: Urshifu|Acrobatics|p1a: im normal|[miss]\n|-miss|p2a: Urshifu|p1a: im normal\n|\n|-weather|none\n|upkeep\n|turn|35\n|\n|t:|1700825036\n|move|p1a: im normal|Giga Drain|p2a: Urshifu\n|-resisted|p2a: Urshifu\n|-damage|p2a: Urshifu|0 fnt\n|-heal|p1a: im normal|75\/100|[from] drain|[of] p2a: Urshifu\n|faint|p2a: Urshifu\n|\n|upkeep\n|\n|t:|1700825042\n|switch|p2a: Lechonk|Lechonk, L1, M|100\/100\n|turn|36\n|\n|t:|1700825053\n|move|p2a: Lechonk|Substitute|p2a: Lechonk\n|-start|p2a: Lechonk|Substitute\n|-damage|p2a: Lechonk|77\/100\n|move|p1a: im normal|Whirlwind|p2a: Lechonk\n|drag|p2a: Groudon|Groudon|100\/100\n|-weather|SunnyDay|[from] ability: Drought|[of] p2a: Groudon\n|\n|-weather|SunnyDay|[upkeep]\n|upkeep\n|turn|37\n|c|\u2606dgzdr|gg\n|c|\u2606Senkusu|booooooooooooooooooooooooooooo\n|c|\u2606Senkusu|cheese\n|\n|t:|1700825074\n|move|p1a: im normal|Giga Drain|p2a: Groudon\n|-supereffective|p2a: Groudon\n|-enditem|p2a: Groudon|Focus Sash\n|-damage|p2a: Groudon|1\/100\n|-heal|p1a: im normal|100\/100|[from] drain|[of] p2a: Groudon\n|move|p2a: Groudon|Heat Crash|p1a: im normal|[miss]\n|-miss|p2a: Groudon|p1a: im normal\n|\n|-weather|SunnyDay|[upkeep]\n|upkeep\n|turn|38\n|\n|t:|1700825083\n|move|p1a: im normal|Giga Drain|p2a: Groudon\n|-supereffective|p2a: Groudon\n|-damage|p2a: Groudon|0 fnt\n|faint|p2a: Groudon\n|\n|-weather|SunnyDay|[upkeep]\n|upkeep\n|c|\u2606Senkusu|this is the worst game ive ever seen\n|\n|t:|1700825094\n|switch|p2a: Lechonk|Lechonk, L1, M|77\/100\n|turn|39\n|c|\u2606dgzdr|agreed\n|c|\u2606dgzdr|and you talk me about cheese strats with a level 1 lechonk\n|\n|t:|1700825120\n|move|p1a: im normal|Giga Drain|p2a: Lechonk\n|-damage|p2a: Lechonk|0 fnt\n|faint|p2a: Lechonk\n|\n|win|dgzdr\n|raw|dgzdr's rating: 1208 &rarr; <strong>1234<\/strong><br \/>(+26 for winning)\n|raw|Senkusu's rating: 1217 &rarr; <strong>1191<\/strong><br \/>(-26 for losing)\n|c|\u2606Senkusu|i have that to stop ppl lik eu\n|c|\u2606dgzdr|anyways ggs\n|c|\u2606Senkusu|na\n|l|\u2606Senkusu\n|c|\u2606dgzdr|want help?\n","uploadtime":1700825608,"views":0,"p1id":"dgzdr","p2id":"senkusu","formatid":"gen9anythinggoes","rating":1191,"private":0,"password":""}