{"id":"gen9anythinggoes-1992369124","p1":"Kayleb1718","p2":"Darkrai7777","format":"[Gen 9] Anything Goes","log":"|j|\u2606Kayleb1718\n|j|\u2606Darkrai7777\n|t:|1700179607\n|gametype|singles\n|player|p1|Kayleb1718|lucas-gen4pt|1485\n|player|p2|Darkrai7777|101|1523\n|teamsize|p1|6\n|teamsize|p2|6\n|gen|9\n|tier|[Gen 9] Anything Goes\n|rated|\n|rule|HP Percentage Mod: HP is shown in percentages\n|rule|Endless Battle Clause: Forcing endless battles is banned\n|clearpoke\n|poke|p1|Zacian-*|\n|poke|p1|Calyrex-Shadow|\n|poke|p1|Urshifu-*, F|\n|poke|p1|Kingambit, M|\n|poke|p1|Miraidon|\n|poke|p1|Iron Treads|\n|poke|p2|Miraidon|\n|poke|p2|Arceus|\n|poke|p2|Calyrex-Shadow|\n|poke|p2|Zacian-*|\n|poke|p2|Kyogre|\n|poke|p2|Vivillon, M|\n|teampreview\n|inactive|Battle timer is ON: inactive players will automatically lose when time's up. (requested by Darkrai7777)\n|\n|t:|1700179630\n|start\n|switch|p1a: Iron Treads|Iron Treads|100\/100\n|switch|p2a: Miraidon|Miraidon|100\/100\n|-fieldstart|move: Electric Terrain|[from] ability: Hadron Engine|[of] p2a: Miraidon\n|-activate|p1a: Iron Treads|ability: Quark Drive\n|-start|p1a: Iron Treads|quarkdrivespe\n|turn|1\n|\n|t:|1700179636\n|move|p2a: Miraidon|Draco Meteor|p1a: Iron Treads|[miss]\n|-miss|p2a: Miraidon|p1a: Iron Treads\n|move|p1a: Iron Treads|Stealth Rock|p2a: Miraidon\n|-sidestart|p2: Darkrai7777|move: Stealth Rock\n|\n|upkeep\n|turn|2\n|\n|t:|1700179644\n|move|p2a: Miraidon|Draco Meteor|p1a: Iron Treads|[miss]\n|-miss|p2a: Miraidon|p1a: Iron Treads\n|move|p1a: Iron Treads|Earthquake|p2a: Miraidon\n|-supereffective|p2a: Miraidon\n|-damage|p2a: Miraidon|22\/100\n|\n|upkeep\n|turn|3\n|\n|t:|1700179654\n|move|p2a: Miraidon|Draco Meteor|p1a: Iron Treads|[miss]\n|-miss|p2a: Miraidon|p1a: Iron Treads\n|move|p1a: Iron Treads|Earthquake|p2a: Miraidon\n|-supereffective|p2a: Miraidon\n|-damage|p2a: Miraidon|0 fnt\n|faint|p2a: Miraidon\n|\n|upkeep\n|c|\u2606Darkrai7777|lol\n|\n|t:|1700179677\n|switch|p2a: Vivillon|Vivillon, M|100\/100\n|turn|4\n|\n|t:|1700179686\n|move|p1a: Iron Treads|Volt Switch|p2a: Vivillon\n|-supereffective|p2a: Vivillon\n|-damage|p2a: Vivillon|35\/100\n|\n|t:|1700179696\n|-end|p1a: Iron Treads|Quark Drive|[silent]\n|switch|p1a: Urshifu|Urshifu-Rapid-Strike, F|100\/100|[from] Volt Switch\n|move|p2a: Vivillon|Quiver Dance|p2a: Vivillon\n|-boost|p2a: Vivillon|spa|1\n|-boost|p2a: Vivillon|spd|1\n|-boost|p2a: Vivillon|spe|1\n|\n|upkeep\n|turn|5\n|\n|t:|1700179707\n|move|p2a: Vivillon|Sleep Powder|p1a: Urshifu\n|-activate|p1a: Urshifu|move: Electric Terrain\n|move|p1a: Urshifu|Thunder Punch|p2a: Vivillon\n|-supereffective|p2a: Vivillon\n|-damage|p2a: Vivillon|0 fnt\n|faint|p2a: Vivillon\n|\n|-fieldend|move: Electric Terrain\n|upkeep\n|\n|t:|1700179721\n|switch|p2a: Arceus|Arceus|100\/100\n|-damage|p2a: Arceus|88\/100|[from] Stealth Rock\n|turn|6\n|\n|t:|1700179725\n|move|p1a: Urshifu|Drain Punch|p2a: Arceus\n|-supereffective|p2a: Arceus\n|-damage|p2a: Arceus|31\/100\n|move|p2a: Arceus|Swords Dance|p2a: Arceus\n|-boost|p2a: Arceus|atk|2\n|\n|upkeep\n|turn|7\n|\n|t:|1700179731\n|move|p2a: Arceus|Extreme Speed|p1a: Urshifu\n|-damage|p1a: Urshifu|5\/100\n|move|p1a: Urshifu|Drain Punch|p2a: Arceus\n|-supereffective|p2a: Arceus\n|-damage|p2a: Arceus|0 fnt\n|-heal|p1a: Urshifu|24\/100|[from] drain|[of] p2a: Arceus\n|faint|p2a: Arceus\n|\n|-heal|p1a: Urshifu|30\/100|[from] item: Leftovers\n|upkeep\n|\n|t:|1700179742\n|switch|p2a: Zacian|Zacian-Crowned|100\/100\n|-damage|p2a: Zacian|94\/100|[from] Stealth Rock\n|-ability|p2a: Zacian|Intrepid Sword|boost\n|-boost|p2a: Zacian|atk|1\n|turn|8\n|\n|t:|1700179751\n|move|p2a: Zacian|Body Slam|p1a: Urshifu\n|-damage|p1a: Urshifu|0 fnt\n|faint|p1a: Urshifu\n|\n|upkeep\n|\n|t:|1700179754\n|switch|p1a: Zacian|Zacian-Crowned, shiny|100\/100\n|-ability|p1a: Zacian|Intrepid Sword|boost\n|-boost|p1a: Zacian|atk|1\n|turn|9\n|\n|t:|1700179759\n|move|p2a: Zacian|Behemoth Blade|p1a: Zacian\n|-damage|p1a: Zacian|20\/100\n|move|p1a: Zacian|Fire Fang|p2a: Zacian\n|-supereffective|p2a: Zacian\n|-damage|p2a: Zacian|30\/100\n|-status|p2a: Zacian|brn\n|\n|-damage|p2a: Zacian|24\/100 brn|[from] brn\n|upkeep\n|turn|10\n|\n|t:|1700179769\n|move|p1a: Zacian|Behemoth Blade|p2a: Zacian\n|-damage|p2a: Zacian|0 fnt\n|faint|p2a: Zacian\n|\n|upkeep\n|\n|t:|1700179773\n|switch|p2a: Calyrex|Calyrex-Shadow|100\/100\n|-ability|p2a: Calyrex|As One\n|-ability|p2a: Calyrex|Unnerve\n|-damage|p2a: Calyrex|88\/100|[from] Stealth Rock\n|turn|11\n|\n|t:|1700179782\n|move|p2a: Calyrex|Draining Kiss|p1a: Zacian\n|-resisted|p1a: Zacian\n|-damage|p1a: Zacian|11\/100\n|-heal|p2a: Calyrex|95\/100|[from] drain|[of] p1a: Zacian\n|move|p1a: Zacian|Behemoth Blade|p2a: Calyrex\n|-damage|p2a: Calyrex|0 fnt\n|faint|p2a: Calyrex\n|\n|upkeep\n|-message|Darkrai7777 forfeited.\n|\n|win|Kayleb1718\n|raw|Kayleb1718's rating: 1485 &rarr; <strong>1507<\/strong><br \/>(+22 for winning)\n|raw|Darkrai7777's rating: 1512 &rarr; <strong>1490<\/strong><br \/>(-22 for losing)\n|l|\u2606Darkrai7777\n","uploadtime":1700179795,"views":3,"p1id":"kayleb1718","p2id":"darkrai7777","formatid":"gen9anythinggoes","rating":1490,"private":0,"password":""}