{"id":"gen9anythinggoes-1973806418","p1":"Skrumply","p2":"Honored HIM","format":"[Gen 9] Anything Goes","log":"|j|\u2606Skrumply\n|j|\u2606Honored HIM\n|t:|1698015478\n|gametype|singles\n|player|p1|Skrumply|lucy|\n|player|p2|Honored HIM|carmine-festival|\n|teamsize|p1|6\n|teamsize|p2|6\n|gen|9\n|tier|[Gen 9] Anything Goes\n|rule|HP Percentage Mod: HP is shown in percentages\n|rule|Endless Battle Clause: Forcing endless battles is banned\n|clearpoke\n|poke|p1|Clodsire, F|\n|poke|p1|Moltres|\n|poke|p1|Cyclizar, M|\n|poke|p1|Baxcalibur, F|\n|poke|p1|Magneton|\n|poke|p1|Iron Valiant|\n|poke|p2|Great Tusk|\n|poke|p2|Revavroom, M|\n|poke|p2|Enamorus-Therian, F|\n|poke|p2|Garchomp, M|\n|poke|p2|Gholdengo|\n|poke|p2|Volcanion|\n|teampreview\n|\n|t:|1698015492\n|start\n|switch|p1a: Peso|Moltres|100\/100\n|switch|p2a: Garchomp|Garchomp, M|100\/100\n|turn|1\n|\n|t:|1698015503\n|switch|p1a: Javelin|Clodsire, F|100\/100\n|move|p2a: Garchomp|Stealth Rock|p1a: Javelin\n|-sidestart|p1: Skrumply|move: Stealth Rock\n|\n|upkeep\n|turn|2\n|\n|t:|1698015509\n|move|p2a: Garchomp|Earthquake|p1a: Javelin\n|-supereffective|p1a: Javelin\n|-damage|p1a: Javelin|0 fnt\n|faint|p1a: Javelin\n|\n|upkeep\n|c|\u2606Skrumply|goddamn\n|\n|t:|1698015522\n|switch|p1a: Peso|Moltres|100\/100\n|turn|3\n|c|\u2606Honored HIM|he's got them boots on its lil feet\n|c|\u2606Skrumply|I might just lose from that\n|\n|t:|1698015534\n|switch|p2a: Volcanion|Volcanion|100\/100\n|move|p1a: Peso|Will-O-Wisp|p2a: Volcanion\n|-immune|p2a: Volcanion\n|\n|upkeep\n|turn|4\n|c|\u2606Honored HIM|hold on beta don't underestimate how hard i can throw games\n|\n|t:|1698015552\n|switch|p1a: Soft Landing|Cyclizar, M|100\/100\n|-damage|p1a: Soft Landing|88\/100|[from] Stealth Rock\n|move|p2a: Volcanion|Hydro Pump|p1a: Soft Landing\n|-resisted|p1a: Soft Landing\n|-damage|p1a: Soft Landing|51\/100\n|\n|upkeep\n|turn|5\n|\n|t:|1698015563\n|move|p1a: Soft Landing|Knock Off|p2a: Volcanion\n|-damage|p2a: Volcanion|79\/100\n|-enditem|p2a: Volcanion|Leftovers|[from] move: Knock Off|[of] p1a: Soft Landing\n|move|p2a: Volcanion|Will-O-Wisp|p1a: Soft Landing\n|-status|p1a: Soft Landing|brn\n|\n|-damage|p1a: Soft Landing|45\/100 brn|[from] brn\n|upkeep\n|turn|6\n|\n|t:|1698015587\n|move|p1a: Soft Landing|Rapid Spin|p2a: Volcanion\n|-damage|p2a: Volcanion|71\/100\n|-boost|p1a: Soft Landing|spe|1\n|-sideend|p1: Skrumply|Stealth Rock|[from] move: Rapid Spin|[of] p1a: Soft Landing\n|move|p2a: Volcanion|Hydro Pump|p1a: Soft Landing\n|-resisted|p1a: Soft Landing\n|-damage|p1a: Soft Landing|8\/100 brn\n|\n|-damage|p1a: Soft Landing|2\/100 brn|[from] brn\n|upkeep\n|turn|7\n|\n|t:|1698015596\n|move|p2a: Volcanion|Protect|p2a: Volcanion\n|-singleturn|p2a: Volcanion|Protect\n|move|p1a: Soft Landing|U-turn|p2a: Volcanion\n|-activate|p2a: Volcanion|move: Protect\n|\n|-damage|p1a: Soft Landing|0 fnt|[from] brn\n|faint|p1a: Soft Landing\n|upkeep\n|c|\u2606Skrumply|nice protect\n|\n|t:|1698015605\n|switch|p1a: Meatspace|Baxcalibur, F|100\/100\n|turn|8\n|\n|t:|1698015617\n|move|p1a: Meatspace|Dragon Dance|p1a: Meatspace\n|-boost|p1a: Meatspace|atk|1\n|-boost|p1a: Meatspace|spe|1\n|move|p2a: Volcanion|Will-O-Wisp|p1a: Meatspace\n|-immune|p1a: Meatspace|[from] ability: Thermal Exchange\n|\n|upkeep\n|turn|9\n|c|\u2606Honored HIM|....\n|c|\u2606Honored HIM|i forgot its ability\n|c|\u2606Skrumply|it happens\n|\n|t:|1698015642\n|switch|p2a: Gholdengo|Gholdengo|100\/100\n|move|p1a: Meatspace|Dragon Dance|p1a: Meatspace\n|-boost|p1a: Meatspace|atk|1\n|-boost|p1a: Meatspace|spe|1\n|\n|upkeep\n|turn|10\n|\n|t:|1698015648\n|move|p1a: Meatspace|Earthquake|p2a: Gholdengo\n|-supereffective|p2a: Gholdengo\n|-damage|p2a: Gholdengo|0 fnt\n|faint|p2a: Gholdengo\n|\n|upkeep\n|\n|t:|1698015654\n|switch|p2a: Enamorus|Enamorus-Therian, F|100\/100\n|turn|11\n|\n|t:|1698015657\n|move|p1a: Meatspace|Icicle Spear|p2a: Enamorus\n|-supereffective|p2a: Enamorus\n|-damage|p2a: Enamorus|49\/100\n|-supereffective|p2a: Enamorus\n|-damage|p2a: Enamorus|0 fnt\n|faint|p2a: Enamorus\n|-hitcount|p2: Enamorus|2\n|\n|upkeep\n|\n|t:|1698015663\n|switch|p2a: Revavroom|Revavroom, M|100\/100\n|turn|12\n|\n|t:|1698015668\n|-terastallize|p2a: Revavroom|Flying\n|move|p1a: Meatspace|Earthquake|p2a: Revavroom\n|-immune|p2a: Revavroom\n|move|p2a: Revavroom|Shift Gear|p2a: Revavroom\n|-boost|p2a: Revavroom|spe|2\n|-boost|p2a: Revavroom|atk|1\n|\n|upkeep\n|turn|13\n|c|\u2606Skrumply|Nice\n|c|\u2606Honored HIM|here's the twist\n|\n|t:|1698015685\n|move|p1a: Meatspace|Icicle Spear|p2a: Revavroom\n|-supereffective|p2a: Revavroom\n|-damage|p2a: Revavroom|28\/100\n|-supereffective|p2a: Revavroom\n|-damage|p2a: Revavroom|0 fnt\n|faint|p2a: Revavroom\n|-hitcount|p2: Revavroom|2\n|\n|upkeep\n|c|\u2606Skrumply|I forgot he was your tera captain since you didn't last game\n|\n|t:|1698015695\n|switch|p2a: Volcanion|Volcanion|71\/100\n|turn|14\n|c|\u2606Skrumply|this might be game\n|c|\u2606Honored HIM|it was game when i clicked wow tbh\n|c|\u2606Skrumply|Tru\n|c|\u2606Honored HIM|fun fact\n|c|\u2606Honored HIM|was about to click it again\n|\n|t:|1698015728\n|move|p2a: Volcanion|Protect|p2a: Volcanion\n|-singleturn|p2a: Volcanion|Protect\n|move|p1a: Meatspace|Earthquake|p2a: Volcanion\n|-activate|p2a: Volcanion|move: Protect\n|\n|upkeep\n|turn|15\n|\n|t:|1698015733\n|move|p1a: Meatspace|Earthquake|p2a: Volcanion\n|-supereffective|p2a: Volcanion\n|-damage|p2a: Volcanion|0 fnt\n|faint|p2a: Volcanion\n|\n|upkeep\n|\n|t:|1698015740\n|switch|p2a: Garchomp|Garchomp, M|100\/100\n|turn|16\n|c|\u2606Skrumply|Imma dm you what my strategy is for this game since I can use it again\n|\n|t:|1698015750\n|move|p1a: Meatspace|Icicle Spear|p2a: Garchomp\n|-supereffective|p2a: Garchomp\n|-damage|p2a: Garchomp|0 fnt\n|faint|p2a: Garchomp\n|-hitcount|p2: Garchomp|1\n|\n|upkeep\n|\n|t:|1698015754\n|switch|p2a: Great Tusk|Great Tusk|100\/100\n|-enditem|p2a: Great Tusk|Booster Energy\n|-activate|p2a: Great Tusk|ability: Protosynthesis|[fromitem]\n|-start|p2a: Great Tusk|protosynthesisspe\n|turn|17\n|\n|t:|1698015759\n|move|p1a: Meatspace|Icicle Spear|p2a: Great Tusk\n|-supereffective|p2a: Great Tusk\n|-damage|p2a: Great Tusk|67\/100\n|-supereffective|p2a: Great Tusk\n|-damage|p2a: Great Tusk|32\/100\n|-supereffective|p2a: Great Tusk\n|-crit|p2a: Great Tusk\n|-damage|p2a: Great Tusk|0 fnt\n|faint|p2a: Great Tusk\n|-end|p2a: Great Tusk|Protosynthesis|[silent]\n|-hitcount|p2: Great Tusk|3\n|\n|win|Skrumply\n","uploadtime":1698015769,"views":9,"p1id":"skrumply","p2id":"honoredhim","formatid":"gen9anythinggoes","rating":0,"private":0,"password":""}