{"id":"gen9anythinggoes-1986603274","p1":"Dragonfriz9","p2":"Kadodis","format":"[Gen 9] Anything Goes","log":"|j|\u2606Dragonfriz9\n|j|\u2606Kadodis\n|t:|1699496820\n|gametype|singles\n|player|p1|Dragonfriz9|benga|1091\n|player|p2|Kadodis|red|1048\n|teamsize|p1|6\n|teamsize|p2|6\n|gen|9\n|tier|[Gen 9] Anything Goes\n|rated|\n|rule|HP Percentage Mod: HP is shown in percentages\n|rule|Endless Battle Clause: Forcing endless battles is banned\n|clearpoke\n|poke|p1|Zacian-*|\n|poke|p1|Mewtwo|\n|poke|p1|Fezandipiti, M|\n|poke|p1|Rayquaza|\n|poke|p1|Miraidon|\n|poke|p1|Cinderace, M|\n|poke|p2|Weavile, F|\n|poke|p2|Kommo-o, M|\n|poke|p2|Cresselia, F|\n|poke|p2|Salamence, F|\n|poke|p2|Cloyster, M|\n|poke|p2|Basculegion, M|\n|teampreview\n|inactive|Battle timer is ON: inactive players will automatically lose when time's up. (requested by Dragonfriz9)\n|c|\u2606Dragonfriz9|FISH\n|\n|t:|1699496829\n|start\n|switch|p1a: Cinderace|Cinderace, M|100\/100\n|switch|p2a: Barney|Weavile, F, shiny|100\/100\n|-ability|p2a: Barney|Pressure\n|turn|1\n|c|\u2606Kadodis|Fish\n|\n|t:|1699496846\n|move|p2a: Barney|Nasty Plot|p2a: Barney\n|-boost|p2a: Barney|spa|2\n|move|p1a: Cinderace|Bulk Up|p1a: Cinderace\n|-boost|p1a: Cinderace|atk|1\n|-boost|p1a: Cinderace|def|1\n|\n|upkeep\n|turn|2\n|\n|t:|1699496854\n|move|p2a: Barney|Baton Pass|p2a: Barney\n|c|\u2606Dragonfriz9|fish :)\n|\n|t:|1699496862\n|switch|p2a: Moon lady|Cresselia, F, shiny|100\/100|[from] Baton Pass\n|move|p1a: Cinderace|Bulk Up|p1a: Cinderace\n|-boost|p1a: Cinderace|atk|1\n|-boost|p1a: Cinderace|def|1\n|\n|upkeep\n|turn|3\n|c|\u2606Kadodis|Ye:)\n|c|\u2606Dragonfriz9|Moon lady?\n|\n|t:|1699496877\n|move|p1a: Cinderace|Baton Pass|p1a: Cinderace\n|\n|t:|1699496880\n|switch|p1a: Fezandipiti|Fezandipiti, M|100\/100|[from] Baton Pass\n|move|p2a: Moon lady|Future Sight|p1a: Fezandipiti\n|-start|p2a: Moon lady|move: Future Sight\n|\n|upkeep\n|turn|4\n|c|\u2606Kadodis|Ya lol\n|c|\u2606Dragonfriz9|I have birb\n|c|\u2606Kadodis|Noice\n|\n|t:|1699496903\n|move|p1a: Fezandipiti|Beat Up|p2a: Moon lady\n|-supereffective|p2a: Moon lady\n|-damage|p2a: Moon lady|90\/100\n|-supereffective|p2a: Moon lady\n|-damage|p2a: Moon lady|77\/100\n|-status|p2a: Moon lady|tox|[from] ability: Toxic Chain|[of] p1a: Fezandipiti\n|-supereffective|p2a: Moon lady\n|-damage|p2a: Moon lady|65\/100 tox\n|-supereffective|p2a: Moon lady\n|-damage|p2a: Moon lady|52\/100 tox\n|-supereffective|p2a: Moon lady\n|-damage|p2a: Moon lady|42\/100 tox\n|-supereffective|p2a: Moon lady\n|-damage|p2a: Moon lady|27\/100 tox\n|-hitcount|p2a: Moon lady|6\n|move|p2a: Moon lady|Calm Mind|p2a: Moon lady\n|-boost|p2a: Moon lady|spa|1\n|-boost|p2a: Moon lady|spd|1\n|\n|-damage|p2a: Moon lady|21\/100 tox|[from] psn\n|upkeep\n|turn|5\n|c|\u2606Kadodis|Aw man\n|c|\u2606Dragonfriz9|Birb\n|\n|t:|1699496921\n|move|p1a: Fezandipiti|Beat Up|p2a: Moon lady\n|-supereffective|p2a: Moon lady\n|-crit|p2a: Moon lady\n|-damage|p2a: Moon lady|5\/100 tox\n|-supereffective|p2a: Moon lady\n|-damage|p2a: Moon lady|0 fnt\n|faint|p2a: Moon lady\n|-hitcount|p2: Moon lady|2\n|\n|-end|p1a: Fezandipiti|move: Future Sight\n|-supereffective|p1a: Fezandipiti\n|-damage|p1a: Fezandipiti|35\/100\n|upkeep\n|c|\u2606Dragonfriz9|Birb\n|inactive|Kadodis has 120 seconds left.\n|\n|t:|1699496935\n|switch|p2a: Cool shiny|Kommo-o, M, shiny|100\/100\n|turn|6\n|inactive|Kadodis has 120 seconds left.\n|\n|t:|1699496947\n|move|p2a: Cool shiny|Earthquake|p1a: Fezandipiti\n|-supereffective|p1a: Fezandipiti\n|-damage|p1a: Fezandipiti|10\/100\n|-enditem|p1a: Fezandipiti|Aguav Berry|[eat]\n|-heal|p1a: Fezandipiti|43\/100|[from] item: Aguav Berry\n|move|p1a: Fezandipiti|Rest|p1a: Fezandipiti\n|-status|p1a: Fezandipiti|slp|[from] move: Rest\n|-heal|p1a: Fezandipiti|100\/100 slp|[silent]\n|\n|upkeep\n|turn|7\n|c|\u2606Dragonfriz9|are they all shiny?\n|inactive|Kadodis has 120 seconds left.\n|l|\u2606Kadodis\n|inactive|Kadodis disconnected and has a minute to reconnect!\n|player|p2|\n|j|\u2606Kadodis\n|inactive|Kadodis reconnected and has 115 seconds left.\n|player|p2|Kadodis|red\n|c|\u2606Kadodis|No\n|c|\u2606Dragonfriz9|oh\n|c|\u2606Dragonfriz9|just the good shinys?\n|inactive|Kadodis has 90 seconds left.\n|c|\u2606Kadodis|The ones that are shiny are the ones that I like shiny\n|c|\u2606Kadodis|but ya\n|\n|t:|1699496997\n|move|p2a: Cool shiny|Flash Cannon|p1a: Fezandipiti\n|-supereffective|p1a: Fezandipiti\n|-damage|p1a: Fezandipiti|67\/100 slp\n|cant|p1a: Fezandipiti|slp\n|move|p1a: Fezandipiti|Sleep Talk|p1a: Fezandipiti\n|move|p1a: Fezandipiti|Rest||[from]move: Sleep Talk|[still]\n|-fail|p1a: Fezandipiti\n|\n|upkeep\n|turn|8\n|c|\u2606Dragonfriz9|Yeah thats some good logic\n|inactive|Kadodis has 90 seconds left.\n|\n|t:|1699497005\n|cant|p1a: Fezandipiti|slp\n|move|p1a: Fezandipiti|Sleep Talk|p1a: Fezandipiti\n|move|p1a: Fezandipiti|Rest||[from]move: Sleep Talk|[still]\n|-fail|p1a: Fezandipiti\n|move|p2a: Cool shiny|Dragon Tail|p1a: Fezandipiti\n|-immune|p1a: Fezandipiti\n|\n|upkeep\n|turn|9\n|inactive|Kadodis has 90 seconds left.\n|\n|t:|1699497016\n|-curestatus|p1a: Fezandipiti|slp|[msg]\n|move|p1a: Fezandipiti|Sleep Talk||[still]\n|-fail|p1a: Fezandipiti\n|move|p2a: Cool shiny|Dragon Tail|p1a: Fezandipiti\n|-immune|p1a: Fezandipiti\n|\n|upkeep\n|turn|10\n|\n|t:|1699497024\n|move|p2a: Cool shiny|Earthquake|p1a: Fezandipiti\n|-supereffective|p1a: Fezandipiti\n|-damage|p1a: Fezandipiti|39\/100\n|move|p1a: Fezandipiti|Beat Up|p2a: Cool shiny\n|-resisted|p2a: Cool shiny\n|-damage|p2a: Cool shiny|98\/100\n|-status|p2a: Cool shiny|tox|[from] ability: Toxic Chain|[of] p1a: Fezandipiti\n|-resisted|p2a: Cool shiny\n|-damage|p2a: Cool shiny|94\/100 tox\n|-resisted|p2a: Cool shiny\n|-damage|p2a: Cool shiny|91\/100 tox\n|-resisted|p2a: Cool shiny\n|-damage|p2a: Cool shiny|87\/100 tox\n|-resisted|p2a: Cool shiny\n|-damage|p2a: Cool shiny|84\/100 tox\n|-resisted|p2a: Cool shiny\n|-damage|p2a: Cool shiny|80\/100 tox\n|-hitcount|p2a: Cool shiny|6\n|\n|-damage|p2a: Cool shiny|74\/100 tox|[from] psn\n|upkeep\n|turn|11\n|c|\u2606Kadodis|Why am I dumb\n|inactive|Kadodis has 90 seconds left.\n|\n|t:|1699497046\n|move|p2a: Cool shiny|Earthquake|p1a: Fezandipiti\n|-supereffective|p1a: Fezandipiti\n|-damage|p1a: Fezandipiti|11\/100\n|move|p1a: Fezandipiti|Dual Wingbeat|p2a: Cool shiny\n|-supereffective|p2a: Cool shiny\n|-damage|p2a: Cool shiny|41\/100 tox\n|-supereffective|p2a: Cool shiny\n|-damage|p2a: Cool shiny|9\/100 tox\n|-hitcount|p2a: Cool shiny|2\n|\n|-damage|p2a: Cool shiny|0 fnt|[from] psn\n|faint|p2a: Cool shiny\n|upkeep\n|c|\u2606Dragonfriz9|Lol I use fighting on ghost types soooo\n|\n|t:|1699497061\n|switch|p2a: Barney|Weavile, F, shiny|100\/100\n|-ability|p2a: Barney|Pressure\n|turn|12\n|l|\u2606Kadodis\n|inactive|Kadodis disconnected and has a minute to reconnect!\n|player|p2|\n|j|\u2606Kadodis\n|inactive|Kadodis reconnected and has 75 seconds left.\n|player|p2|Kadodis|red\n|l|\u2606Kadodis\n|inactive|Kadodis disconnected and has a minute to reconnect!\n|player|p2|\n|j|\u2606Kadodis\n|inactive|Kadodis reconnected and has 65 seconds left.\n|player|p2|Kadodis|red\n|inactive|Kadodis has 60 seconds left.\n|c|\u2606Kadodis|Sooooo\n|c|\u2606Kadodis|Set my game is broken\n|c|\u2606Kadodis|Sry\n|c|\u2606Kadodis|gosh\n|inactiveoff|Battle timer is now OFF.\n|\n|t:|1699497107\n|-singleturn|p2a: Barney|move: Focus Punch\n|move|p1a: Fezandipiti|Beat Up|p2a: Barney\n|-resisted|p2a: Barney\n|-crit|p2a: Barney\n|-damage|p2a: Barney|94\/100\n|-status|p2a: Barney|tox|[from] ability: Toxic Chain|[of] p1a: Fezandipiti\n|-resisted|p2a: Barney\n|-damage|p2a: Barney|88\/100 tox\n|-resisted|p2a: Barney\n|-damage|p2a: Barney|83\/100 tox\n|-resisted|p2a: Barney\n|-damage|p2a: Barney|76\/100 tox\n|-resisted|p2a: Barney\n|-damage|p2a: Barney|71\/100 tox\n|-resisted|p2a: Barney\n|-damage|p2a: Barney|65\/100 tox\n|-hitcount|p2a: Barney|6\n|cant|p2a: Barney|Focus Punch|Focus Punch\n|\n|-heal|p2a: Barney|71\/100 tox|[from] item: Leftovers\n|-damage|p2a: Barney|65\/100 tox|[from] psn\n|upkeep\n|turn|13\n|\n|t:|1699497126\n|move|p2a: Barney|Beat Up|p1a: Fezandipiti\n|-resisted|p1a: Fezandipiti\n|-damage|p1a: Fezandipiti|9\/100\n|-resisted|p1a: Fezandipiti\n|-damage|p1a: Fezandipiti|7\/100\n|-resisted|p1a: Fezandipiti\n|-damage|p1a: Fezandipiti|5\/100\n|-resisted|p1a: Fezandipiti\n|-damage|p1a: Fezandipiti|3\/100\n|-hitcount|p1a: Fezandipiti|4\n|move|p1a: Fezandipiti|Beat Up|p2a: Barney\n|-resisted|p2a: Barney\n|-damage|p2a: Barney|60\/100 tox\n|-resisted|p2a: Barney\n|-damage|p2a: Barney|55\/100 tox\n|-resisted|p2a: Barney\n|-damage|p2a: Barney|50\/100 tox\n|-resisted|p2a: Barney\n|-damage|p2a: Barney|43\/100 tox\n|-resisted|p2a: Barney\n|-damage|p2a: Barney|38\/100 tox\n|-resisted|p2a: Barney\n|-damage|p2a: Barney|31\/100 tox\n|-hitcount|p2a: Barney|6\n|\n|-heal|p2a: Barney|37\/100 tox|[from] item: Leftovers\n|-damage|p2a: Barney|25\/100 tox|[from] psn\n|upkeep\n|turn|14\n|c|\u2606Kadodis|No way\n|c|\u2606Dragonfriz9|THE BIRB IS STRONG\n|\n|t:|1699497150\n|move|p2a: Barney|Beat Up|p1a: Fezandipiti\n|-resisted|p1a: Fezandipiti\n|-damage|p1a: Fezandipiti|1\/100\n|-resisted|p1a: Fezandipiti\n|-damage|p1a: Fezandipiti|0 fnt\n|faint|p1a: Fezandipiti\n|-hitcount|p1: Fezandipiti|2\n|\n|-heal|p2a: Barney|31\/100 tox|[from] item: Leftovers\n|-damage|p2a: Barney|13\/100 tox|[from] psn\n|upkeep\n|\n|t:|1699497158\n|switch|p1a: Cinderace|Cinderace, M|100\/100\n|turn|15\n|c|\u2606Kadodis|Birb died\n|\n|t:|1699497163\n|-singleturn|p2a: Barney|move: Focus Punch\n|move|p1a: Cinderace|Flame Charge|p2a: Barney\n|-supereffective|p2a: Barney\n|-damage|p2a: Barney|0 fnt\n|-boost|p1a: Cinderace|spe|1\n|faint|p2a: Barney\n|\n|upkeep\n|c|\u2606Dragonfriz9|F\n|\n|t:|1699497173\n|switch|p2a: Dragondezznutz|Salamence, F|100\/100\n|turn|16\n|\n|t:|1699497179\n|move|p1a: Cinderace|Bulk Up|p1a: Cinderace\n|-boost|p1a: Cinderace|atk|1\n|-boost|p1a: Cinderace|def|1\n|move|p2a: Dragondezznutz|Dragon Dance|p2a: Dragondezznutz\n|-boost|p2a: Dragondezznutz|atk|1\n|-boost|p2a: Dragondezznutz|spe|1\n|\n|upkeep\n|turn|17\n|\n|t:|1699497188\n|move|p1a: Cinderace|Bulk Up|p1a: Cinderace\n|-boost|p1a: Cinderace|atk|1\n|-boost|p1a: Cinderace|def|1\n|move|p2a: Dragondezznutz|Dual Wingbeat|p1a: Cinderace\n|-damage|p1a: Cinderace|85\/100\n|-damage|p1a: Cinderace|69\/100\n|-hitcount|p1a: Cinderace|2\n|\n|upkeep\n|turn|18\n|c|\u2606Kadodis|Dang\n|\n|t:|1699497201\n|move|p1a: Cinderace|Flame Charge|p2a: Dragondezznutz\n|-resisted|p2a: Dragondezznutz\n|-damage|p2a: Dragondezznutz|80\/100\n|-boost|p1a: Cinderace|spe|1\n|-damage|p1a: Cinderace|52\/100|[from] item: Rocky Helmet|[of] p2a: Dragondezznutz\n|move|p2a: Dragondezznutz|Dragon Dance|p2a: Dragondezznutz\n|-boost|p2a: Dragondezznutz|atk|1\n|-boost|p2a: Dragondezznutz|spe|1\n|\n|upkeep\n|turn|19\n|\n|t:|1699497213\n|move|p1a: Cinderace|Baton Pass|p1a: Cinderace\n|\n|t:|1699497215\n|switch|p1a: Zacian|Zacian-Crowned, shiny|100\/100|[from] Baton Pass\n|-ability|p1a: Zacian|Intrepid Sword|boost\n|-boost|p1a: Zacian|atk|1\n|move|p2a: Dragondezznutz|Dragon Dance|p2a: Dragondezznutz\n|-boost|p2a: Dragondezznutz|atk|1\n|-boost|p2a: Dragondezznutz|spe|1\n|\n|upkeep\n|turn|20\n|\n|t:|1699497226\n|move|p1a: Zacian|Dazzling Gleam|p2a: Dragondezznutz\n|-supereffective|p2a: Dragondezznutz\n|-damage|p2a: Dragondezznutz|19\/100\n|move|p2a: Dragondezznutz|Flamethrower|p1a: Zacian\n|-supereffective|p1a: Zacian\n|-damage|p1a: Zacian|60\/100\n|\n|upkeep\n|turn|21\n|\n|t:|1699497233\n|move|p1a: Zacian|Agility|p1a: Zacian\n|-boost|p1a: Zacian|spe|2\n|move|p2a: Dragondezznutz|Dragon Tail|p1a: Zacian\n|-immune|p1a: Zacian\n|\n|upkeep\n|turn|22\n|\n|t:|1699497240\n|move|p1a: Zacian|Dazzling Gleam|p2a: Dragondezznutz\n|-supereffective|p2a: Dragondezznutz\n|-damage|p2a: Dragondezznutz|0 fnt\n|faint|p2a: Dragondezznutz\n|\n|upkeep\n|c|\u2606Kadodis|Bro how does it resist\n|c|\u2606Dragonfriz9|Puppy strong\n|l|\u2606Kadodis\n|player|p2|\n|j|\u2606Kadodis\n|player|p2|Kadodis|red\n|c|\u2606Kadodis|Lol\n|c|\u2606Dragonfriz9|(fairy type)\n|\n|t:|1699497272\n|switch|p2a: Basculegion|Basculegion, M, shiny|100\/100\n|turn|23\n|c|\u2606Kadodis|Feesh time now\n|\n|t:|1699497283\n|-terastallize|p2a: Basculegion|Ghost\n|move|p1a: Zacian|Crunch|p2a: Basculegion\n|-supereffective|p2a: Basculegion\n|-damage|p2a: Basculegion|0 fnt\n|faint|p2a: Basculegion\n|\n|upkeep\n|c|\u2606Dragonfriz9|FISH\n|l|\u2606Kadodis\n|player|p2|\n|j|\u2606Kadodis\n|player|p2|Kadodis|red\n|c|\u2606Kadodis|Well\n|c|\u2606Dragonfriz9|RIP fish\n|c|\u2606Kadodis|dang\n|c|\u2606Kadodis|\ud83d\ude2d\n|\n|t:|1699497318\n|switch|p2a: She\u2019ll|Cloyster, M, shiny|100\/100\n|turn|24\n|\n|t:|1699497325\n|move|p1a: Zacian|Behemoth Blade|p2a: She\u2019ll\n|-damage|p2a: She\u2019ll|19\/100\n|-enditem|p2a: She\u2019ll|Aguav Berry|[eat]\n|-heal|p2a: She\u2019ll|53\/100|[from] item: Aguav Berry\n|move|p2a: She\u2019ll|Shell Smash|p2a: She\u2019ll\n|-unboost|p2a: She\u2019ll|def|1\n|-unboost|p2a: She\u2019ll|spd|1\n|-boost|p2a: She\u2019ll|atk|2\n|-boost|p2a: She\u2019ll|spa|2\n|-boost|p2a: She\u2019ll|spe|2\n|\n|upkeep\n|turn|25\n|c|\u2606Kadodis|I put shell\n|\n|t:|1699497341\n|move|p2a: She\u2019ll|Ice Shard|p1a: Zacian\n|-resisted|p1a: Zacian\n|-damage|p1a: Zacian|55\/100\n|move|p1a: Zacian|Crunch|p2a: She\u2019ll\n|-crit|p2a: She\u2019ll\n|-damage|p2a: She\u2019ll|0 fnt\n|faint|p2a: She\u2019ll\n|\n|win|Dragonfriz9\n|raw|Dragonfriz9's rating: 1091 &rarr; <strong>1114<\/strong><br \/>(+23 for winning)\n|raw|Kadodis's rating: 1048 &rarr; <strong>1033<\/strong><br \/>(-15 for losing)\n|c|\u2606Dragonfriz9|gg\n|c|\u2606Dragonfriz9|:)\n|l|\u2606Kadodis\n|j|\u2606Kadodis\n|player|p2|Kadodis|red\n|c|\u2606Kadodis|Gg\n","uploadtime":1699497360,"views":14,"p1id":"dragonfriz9","p2id":"kadodis","formatid":"gen9anythinggoes","rating":1033,"private":0,"password":""}