{"id":"gen9anythinggoes-1982554589","p1":"MysticalMystery","p2":"Alphawolfplasma","format":"[Gen 9] Anything Goes","log":"|j|\u2606MysticalMystery\n|j|\u2606Alphawolfplasma\n|t:|1699025143\n|gametype|singles\n|player|p1|MysticalMystery|nate|1023\n|player|p2|Alphawolfplasma|lucas|1066\n|teamsize|p1|6\n|teamsize|p2|6\n|gen|9\n|tier|[Gen 9] Anything Goes\n|rated|\n|rule|HP Percentage Mod: HP is shown in percentages\n|rule|Endless Battle Clause: Forcing endless battles is banned\n|clearpoke\n|poke|p1|Meowscarada, M|\n|poke|p1|Goodra, F|\n|poke|p1|Flareon, M|\n|poke|p1|Garganacl, M|\n|poke|p1|Ampharos, M|\n|poke|p1|Farigiraf, M|\n|poke|p2|Zacian-*|\n|poke|p2|Cinderace, F|\n|poke|p2|Kommo-o, F|\n|poke|p2|Arceus-Ghost|\n|poke|p2|Clefable, F|\n|poke|p2|Gliscor, M|\n|teampreview\n|\n|t:|1699025152\n|start\n|switch|p1a: Garganacl|Garganacl, M|100\/100\n|switch|p2a: Gliscor|Gliscor, M|100\/100\n|turn|1\n|\n|t:|1699025163\n|move|p2a: Gliscor|Spikes|p1a: Garganacl\n|-sidestart|p1: MysticalMystery|Spikes\n|move|p1a: Garganacl|Ice Punch|p2a: Gliscor\n|-supereffective|p2a: Gliscor\n|-damage|p2a: Gliscor|52\/100\n|-status|p2a: Gliscor|frz\n|\n|upkeep\n|turn|2\n|\n|t:|1699025193\n|switch|p2a: Arceus|Arceus-Ghost|100\/100\n|move|p1a: Garganacl|Stealth Rock|p2a: Arceus\n|-sidestart|p2: Alphawolfplasma|move: Stealth Rock\n|\n|upkeep\n|turn|3\n|\n|t:|1699025201\n|-terastallize|p2a: Arceus|Ghost\n|move|p2a: Arceus|Phantom Force||[still]\n|-prepare|p2a: Arceus|Phantom Force\n|move|p1a: Garganacl|Stone Edge|p2a: Arceus|[miss]\n|-miss|p1a: Garganacl|p2a: Arceus\n|\n|upkeep\n|turn|4\n|\n|t:|1699025215\n|move|p2a: Arceus|Phantom Force|p1a: Garganacl|[from]lockedmove\n|-damage|p1a: Garganacl|82\/100\n|move|p1a: Garganacl|Stone Edge|p2a: Arceus|[miss]\n|-miss|p1a: Garganacl|p2a: Arceus\n|\n|upkeep\n|turn|5\n|-activate|p1a: Garganacl|item: Quick Claw\n|\n|t:|1699025226\n|move|p1a: Garganacl|Earthquake|p2a: Arceus\n|-damage|p2a: Arceus|88\/100\n|move|p2a: Arceus|Earth Power|p1a: Garganacl\n|-supereffective|p1a: Garganacl\n|-damage|p1a: Garganacl|43\/100\n|\n|upkeep\n|turn|6\n|\n|t:|1699025234\n|move|p2a: Arceus|Giga Drain|p1a: Garganacl\n|-supereffective|p1a: Garganacl\n|-damage|p1a: Garganacl|9\/100\n|-heal|p2a: Arceus|100\/100|[from] drain|[of] p1a: Garganacl\n|move|p1a: Garganacl|Stone Edge|p2a: Arceus\n|-damage|p2a: Arceus|79\/100\n|\n|upkeep\n|turn|7\n|\n|t:|1699025244\n|move|p2a: Arceus|Giga Drain|p1a: Garganacl\n|-supereffective|p1a: Garganacl\n|-damage|p1a: Garganacl|0 fnt\n|-heal|p2a: Arceus|82\/100|[from] drain|[of] p1a: Garganacl\n|faint|p1a: Garganacl\n|\n|upkeep\n|\n|t:|1699025254\n|switch|p1a: Ampharos|Ampharos, M|100\/100\n|-damage|p1a: Ampharos|88\/100|[from] Spikes\n|turn|8\n|\n|t:|1699025262\n|move|p2a: Arceus|Thunder Wave|p1a: Ampharos|[miss]\n|-miss|p2a: Arceus|p1a: Ampharos\n|move|p1a: Ampharos|Thunder Wave|p2a: Arceus\n|-status|p2a: Arceus|par\n|\n|-heal|p1a: Ampharos|94\/100|[from] item: Leftovers\n|upkeep\n|turn|9\n|\n|t:|1699025278\n|switch|p2a: Gliscor|Gliscor, M|52\/100 frz\n|move|p1a: Ampharos|Trailblaze|p2a: Gliscor\n|-damage|p2a: Gliscor|45\/100 frz\n|-boost|p1a: Ampharos|spe|1\n|\n|-heal|p1a: Ampharos|100\/100|[from] item: Leftovers\n|upkeep\n|turn|10\n|\n|t:|1699025291\n|move|p1a: Ampharos|Trailblaze|p2a: Gliscor\n|-damage|p2a: Gliscor|39\/100 frz\n|-boost|p1a: Ampharos|spe|1\n|cant|p2a: Gliscor|frz\n|\n|upkeep\n|turn|11\n|\n|t:|1699025300\n|move|p1a: Ampharos|Dragon Pulse|p2a: Gliscor\n|-damage|p2a: Gliscor|10\/100 frz\n|cant|p2a: Gliscor|frz\n|\n|upkeep\n|turn|12\n|\n|t:|1699025312\n|move|p1a: Ampharos|Trailblaze|p2a: Gliscor\n|-damage|p2a: Gliscor|3\/100 frz\n|-boost|p1a: Ampharos|spe|1\n|cant|p2a: Gliscor|frz\n|\n|upkeep\n|turn|13\n|\n|t:|1699025320\n|move|p1a: Ampharos|Trailblaze|p2a: Gliscor\n|-damage|p2a: Gliscor|0 fnt\n|-boost|p1a: Ampharos|spe|1\n|faint|p2a: Gliscor\n|\n|upkeep\n|\n|t:|1699025329\n|switch|p2a: Cinderace|Cinderace, F|100\/100\n|-damage|p2a: Cinderace|75\/100|[from] Stealth Rock\n|turn|14\n|\n|t:|1699025338\n|move|p1a: Ampharos|Thunder Wave|p2a: Cinderace\n|-status|p2a: Cinderace|par\n|move|p2a: Cinderace|Facade|p1a: Ampharos\n|-start|p2a: Cinderace|typechange|Normal|[from] ability: Libero\n|-damage|p1a: Ampharos|30\/100\n|\n|-heal|p1a: Ampharos|36\/100|[from] item: Leftovers\n|upkeep\n|turn|15\n|\n|t:|1699025350\n|move|p1a: Ampharos|Electro Ball|p2a: Cinderace\n|-damage|p2a: Cinderace|0 fnt\n|faint|p2a: Cinderace\n|\n|-heal|p1a: Ampharos|43\/100|[from] item: Leftovers\n|upkeep\n|\n|t:|1699025358\n|switch|p2a: Kommo-o|Kommo-o, F|100\/100\n|-damage|p2a: Kommo-o|94\/100|[from] Stealth Rock\n|turn|16\n|\n|t:|1699025364\n|move|p1a: Ampharos|Dragon Pulse|p2a: Kommo-o\n|-supereffective|p2a: Kommo-o\n|-damage|p2a: Kommo-o|37\/100\n|move|p2a: Kommo-o|Clangorous Soul|p2a: Kommo-o\n|-boost|p2a: Kommo-o|atk|1\n|-boost|p2a: Kommo-o|def|1\n|-boost|p2a: Kommo-o|spa|1\n|-boost|p2a: Kommo-o|spd|1\n|-boost|p2a: Kommo-o|spe|1\n|-damage|p2a: Kommo-o|4\/100\n|-enditem|p2a: Kommo-o|Throat Spray\n|-boost|p2a: Kommo-o|spa|1|[from] item: Throat Spray\n|\n|-heal|p1a: Ampharos|49\/100|[from] item: Leftovers\n|upkeep\n|turn|17\n|\n|t:|1699025379\n|switch|p2a: Clefable|Clefable, F|100\/100\n|-damage|p2a: Clefable|88\/100|[from] Stealth Rock\n|move|p1a: Ampharos|Dragon Pulse|p2a: Clefable\n|-immune|p2a: Clefable\n|\n|-heal|p1a: Ampharos|55\/100|[from] item: Leftovers\n|upkeep\n|turn|18\n|\n|t:|1699025392\n|move|p1a: Ampharos|Electro Ball|p2a: Clefable\n|-damage|p2a: Clefable|33\/100\n|move|p2a: Clefable|Wish|p2a: Clefable\n|\n|-heal|p1a: Ampharos|61\/100|[from] item: Leftovers\n|upkeep\n|turn|19\n|\n|t:|1699025410\n|switch|p2a: Kommo-o|Kommo-o, F|4\/100\n|-damage|p2a: Kommo-o|0 fnt|[from] Stealth Rock\n|faint|p2a: Kommo-o\n|move|p1a: Ampharos|Trailblaze|p2: Kommo-o|[notarget]\n|-fail|p1a: Ampharos\n|\n|-heal|p1a: Ampharos|67\/100|[from] item: Leftovers\n|upkeep\n|\n|t:|1699025423\n|switch|p2a: Arceus|Arceus-Ghost, tera:Ghost|82\/100 par\n|-damage|p2a: Arceus|70\/100 par|[from] Stealth Rock\n|turn|20\n|\n|t:|1699025431\n|move|p1a: Ampharos|Electro Ball|p2a: Arceus\n|-damage|p2a: Arceus|25\/100 par\n|cant|p2a: Arceus|par\n|\n|-heal|p1a: Ampharos|74\/100|[from] item: Leftovers\n|upkeep\n|turn|21\n|\n|t:|1699025440\n|switch|p2a: Zacian|Zacian-Crowned|100\/100\n|-damage|p2a: Zacian|94\/100|[from] Stealth Rock\n|-ability|p2a: Zacian|Intrepid Sword|boost\n|-boost|p2a: Zacian|atk|1\n|move|p1a: Ampharos|Electro Ball|p2a: Zacian\n|-damage|p2a: Zacian|70\/100\n|\n|-heal|p1a: Ampharos|80\/100|[from] item: Leftovers\n|upkeep\n|turn|22\n|\n|t:|1699025454\n|move|p1a: Ampharos|Thunder Wave|p2a: Zacian\n|-status|p2a: Zacian|par\n|move|p2a: Zacian|Sacred Sword|p1a: Ampharos\n|-damage|p1a: Ampharos|27\/100\n|\n|-heal|p1a: Ampharos|33\/100|[from] item: Leftovers\n|upkeep\n|turn|23\n|\n|t:|1699025464\n|move|p1a: Ampharos|Electro Ball|p2a: Zacian\n|-damage|p2a: Zacian|24\/100 par\n|move|p2a: Zacian|Steel Beam|p1a: Ampharos\n|-resisted|p1a: Ampharos\n|-damage|p1a: Ampharos|10\/100\n|-damage|p2a: Zacian|0 fnt|[from] steelbeam\n|faint|p2a: Zacian\n|\n|-heal|p1a: Ampharos|16\/100|[from] item: Leftovers\n|upkeep\n|\n|t:|1699025476\n|switch|p2a: Clefable|Clefable, F|33\/100\n|-damage|p2a: Clefable|20\/100|[from] Stealth Rock\n|-enditem|p2a: Clefable|Mago Berry|[eat]\n|-heal|p2a: Clefable|54\/100|[from] item: Mago Berry\n|turn|24\n|\n|t:|1699025482\n|move|p1a: Ampharos|Electro Ball|p2a: Clefable\n|-damage|p2a: Clefable|0 fnt\n|faint|p2a: Clefable\n|\n|-heal|p1a: Ampharos|22\/100|[from] item: Leftovers\n|upkeep\n|\n|t:|1699025489\n|switch|p2a: Arceus|Arceus-Ghost, tera:Ghost|25\/100 par\n|-damage|p2a: Arceus|13\/100 par|[from] Stealth Rock\n|turn|25\n|\n|t:|1699025493\n|move|p1a: Ampharos|Electro Ball|p2a: Arceus\n|-damage|p2a: Arceus|0 fnt\n|faint|p2a: Arceus\n|\n|win|MysticalMystery\n|raw|MysticalMystery's rating: 1023 &rarr; <strong>1064<\/strong><br \/>(+41 for winning)\n|raw|Alphawolfplasma's rating: 1066 &rarr; <strong>1044<\/strong><br \/>(-22 for losing)\n","uploadtime":1699025499,"views":14,"p1id":"mysticalmystery","p2id":"alphawolfplasma","formatid":"gen9anythinggoes","rating":1044,"private":0,"password":""}