{"id":"gen9anythinggoes-1977207124","p1":"Uwufuckayou","p2":"rikyxpro","format":"[Gen 9] Anything Goes","log":"|j|\u2606Uwufuckayou\n|j|\u2606rikyxpro\n|t:|1698386577\n|gametype|singles\n|player|p1|Uwufuckayou|101|1000\n|player|p2|rikyxpro|170|1070\n|teamsize|p1|6\n|teamsize|p2|6\n|gen|9\n|tier|[Gen 9] Anything Goes\n|rated|\n|rule|HP Percentage Mod: HP is shown in percentages\n|rule|Endless Battle Clause: Forcing endless battles is banned\n|clearpoke\n|poke|p1|Scyther, M|\n|poke|p1|Gliscor, M|\n|poke|p1|Iron Valiant|\n|poke|p1|Gallade, M|\n|poke|p1|Scizor, F|\n|poke|p1|Kingambit, M|\n|poke|p2|Garchomp, M|\n|poke|p2|Dialga-Origin|\n|poke|p2|Greninja-*, M|\n|poke|p2|Corviknight, M|\n|poke|p2|Rayquaza|\n|poke|p2|Darkrai|\n|teampreview\n|\n|t:|1698386586\n|start\n|switch|p1a: Scyther|Scyther, M|100\/100\n|switch|p2a: Dialga|Dialga-Origin|100\/100\n|-ability|p2a: Dialga|Pressure\n|turn|1\n|inactive|Battle timer is ON: inactive players will automatically lose when time's up. (requested by rikyxpro)\n|\n|t:|1698386595\n|move|p1a: Scyther|Fury Cutter|p2a: Dialga\n|-resisted|p2a: Dialga\n|-damage|p2a: Dialga|92\/100\n|move|p2a: Dialga|Blizzard|p1a: Scyther\n|-supereffective|p1a: Scyther\n|-damage|p1a: Scyther|0 fnt\n|faint|p1a: Scyther\n|\n|upkeep\n|\n|t:|1698386603\n|switch|p1a: Gliscor|Gliscor, M|100\/100\n|turn|2\n|\n|t:|1698386613\n|move|p1a: Gliscor|Fury Cutter|p2a: Dialga\n|-resisted|p2a: Dialga\n|-damage|p2a: Dialga|87\/100\n|move|p2a: Dialga|Blizzard|p1a: Gliscor|[miss]\n|-miss|p2a: Dialga|p1a: Gliscor\n|\n|upkeep\n|turn|3\n|\n|t:|1698386620\n|move|p1a: Gliscor|Fury Cutter|p2a: Dialga\n|-resisted|p2a: Dialga\n|-damage|p2a: Dialga|78\/100\n|move|p2a: Dialga|Blizzard|p1a: Gliscor\n|-supereffective|p1a: Gliscor\n|-damage|p1a: Gliscor|0 fnt\n|faint|p1a: Gliscor\n|\n|upkeep\n|\n|t:|1698386629\n|switch|p1a: Iron Valiant|Iron Valiant|100\/100\n|turn|4\n|inactive|rikyxpro has 120 seconds left.\n|\n|t:|1698386684\n|move|p1a: Iron Valiant|Fury Cutter|p2a: Dialga\n|-resisted|p2a: Dialga\n|-damage|p2a: Dialga|71\/100\n|move|p2a: Dialga|Dragon Pulse|p1a: Iron Valiant\n|-immune|p1a: Iron Valiant\n|\n|upkeep\n|turn|5\n|\n|t:|1698386692\n|move|p1a: Iron Valiant|Fury Cutter|p2a: Dialga\n|-resisted|p2a: Dialga\n|-damage|p2a: Dialga|59\/100\n|move|p2a: Dialga|Body Slam|p1a: Iron Valiant\n|-damage|p1a: Iron Valiant|77\/100\n|\n|upkeep\n|turn|6\n|\n|t:|1698386701\n|switch|p2a: Rayquaza|Rayquaza|100\/100\n|-ability|p2a: Rayquaza|Air Lock\n|move|p1a: Iron Valiant|Fury Cutter|p2a: Rayquaza\n|-resisted|p2a: Rayquaza\n|-damage|p2a: Rayquaza|70\/100\n|\n|-heal|p2a: Rayquaza|77\/100|[from] item: Leftovers\n|upkeep\n|turn|7\n|\n|t:|1698386710\n|move|p1a: Iron Valiant|Fury Cutter|p2a: Rayquaza\n|-resisted|p2a: Rayquaza\n|-damage|p2a: Rayquaza|44\/100\n|move|p2a: Rayquaza|Air Slash|p1a: Iron Valiant\n|-supereffective|p1a: Iron Valiant\n|-damage|p1a: Iron Valiant|0 fnt\n|faint|p1a: Iron Valiant\n|-end|p1a: Iron Valiant|Quark Drive|[silent]\n|\n|-heal|p2a: Rayquaza|50\/100|[from] item: Leftovers\n|upkeep\n|\n|t:|1698386718\n|switch|p1a: Gallade|Gallade, M|100\/100\n|turn|8\n|\n|t:|1698386721\n|move|p1a: Gallade|Fury Cutter|p2a: Rayquaza\n|-resisted|p2a: Rayquaza\n|-damage|p2a: Rayquaza|39\/100\n|move|p2a: Rayquaza|Air Slash|p1a: Gallade\n|-supereffective|p1a: Gallade\n|-damage|p1a: Gallade|11\/100\n|\n|-heal|p2a: Rayquaza|45\/100|[from] item: Leftovers\n|upkeep\n|turn|9\n|\n|t:|1698386728\n|move|p1a: Gallade|Fury Cutter|p2a: Rayquaza|[miss]\n|-miss|p1a: Gallade|p2a: Rayquaza\n|move|p2a: Rayquaza|Air Slash|p1a: Gallade\n|-supereffective|p1a: Gallade\n|-damage|p1a: Gallade|0 fnt\n|faint|p1a: Gallade\n|\n|-heal|p2a: Rayquaza|51\/100|[from] item: Leftovers\n|upkeep\n|\n|t:|1698386739\n|switch|p1a: Scizor|Scizor, F|100\/100\n|turn|10\n|\n|t:|1698386747\n|move|p1a: Scizor|Fury Cutter|p2a: Rayquaza\n|-resisted|p2a: Rayquaza\n|-damage|p2a: Rayquaza|39\/100\n|move|p2a: Rayquaza|Air Slash|p1a: Scizor\n|-damage|p1a: Scizor|44\/100\n|\n|-heal|p2a: Rayquaza|45\/100|[from] item: Leftovers\n|upkeep\n|turn|11\n|\n|t:|1698386754\n|move|p1a: Scizor|Fury Cutter|p2a: Rayquaza\n|-resisted|p2a: Rayquaza\n|-damage|p2a: Rayquaza|22\/100\n|move|p2a: Rayquaza|Blizzard|p1a: Scizor\n|-resisted|p1a: Scizor\n|-damage|p1a: Scizor|14\/100\n|\n|-heal|p2a: Rayquaza|28\/100|[from] item: Leftovers\n|upkeep\n|turn|12\n|\n|t:|1698386763\n|move|p1a: Scizor|Fury Cutter|p2a: Rayquaza\n|-resisted|p2a: Rayquaza\n|-damage|p2a: Rayquaza|0 fnt\n|faint|p2a: Rayquaza\n|\n|upkeep\n|\n|t:|1698386769\n|switch|p2a: Dialga|Dialga-Origin|59\/100\n|-ability|p2a: Dialga|Pressure\n|turn|13\n|\n|t:|1698386773\n|move|p1a: Scizor|Fury Cutter|p2a: Dialga\n|-resisted|p2a: Dialga\n|-damage|p2a: Dialga|18\/100\n|move|p2a: Dialga|Blizzard|p1a: Scizor\n|-resisted|p1a: Scizor\n|-damage|p1a: Scizor|0 fnt\n|faint|p1a: Scizor\n|\n|upkeep\n|\n|t:|1698386781\n|switch|p1a: Kingambit|Kingambit, M, shiny|100\/100\n|-activate|p1a: Kingambit|ability: Supreme Overlord\n|-start|p1a: Kingambit|fallen5|[silent]\n|turn|14\n|\n|t:|1698386787\n|move|p1a: Kingambit|Sucker Punch|p2a: Dialga\n|-damage|p2a: Dialga|0 fnt\n|faint|p2a: Dialga\n|\n|upkeep\n|\n|t:|1698386791\n|switch|p2a: Darkrai|Darkrai|100\/100\n|turn|15\n|\n|t:|1698386800\n|move|p2a: Darkrai|Hypnosis|p1a: Kingambit\n|-status|p1a: Kingambit|slp|[from] move: Hypnosis\n|cant|p1a: Kingambit|slp\n|\n|-damage|p1a: Kingambit|88\/100 slp|[from] ability: Bad Dreams|[of] p2a: Darkrai\n|upkeep\n|turn|16\n|\n|t:|1698386811\n|move|p2a: Darkrai|Focus Blast|p1a: Kingambit\n|-supereffective|p1a: Kingambit\n|-damage|p1a: Kingambit|0 fnt\n|faint|p1a: Kingambit\n|-end|p1a: Kingambit|fallen5|[silent]\n|\n|win|rikyxpro\n|raw|Uwufuckayou's rating: 1000 &rarr; <strong>1000<\/strong><br \/>(+0 for losing)\n|raw|rikyxpro's rating: 1070 &rarr; <strong>1094<\/strong><br \/>(+24 for winning)\n|c|\u2606rikyxpro|gg\n|l|\u2606Uwufuckayou\n","uploadtime":1698386818,"views":9,"p1id":"uwufuckayou","p2id":"rikyxpro","formatid":"gen9anythinggoes","rating":1000,"private":0,"password":""}