{"id":"gen9anythinggoes-1999707126","p1":"headclicker999","p2":"quorpse","format":"[Gen 9] Anything Goes","log":"|j|\u2606headclicker999\n|j|\u2606quorpse\n|t:|1701109592\n|gametype|singles\n|player|p1|headclicker999|acetrainerf|1145\n|player|p2|quorpse|101|1169\n|teamsize|p1|6\n|teamsize|p2|6\n|gen|9\n|tier|[Gen 9] Anything Goes\n|rated|\n|rule|HP Percentage Mod: HP is shown in percentages\n|rule|Endless Battle Clause: Forcing endless battles is banned\n|clearpoke\n|poke|p1|Talonflame, M|\n|poke|p1|Azumarill, M|\n|poke|p1|Wigglytuff, M|\n|poke|p1|Corviknight, M|\n|poke|p1|Rabsca, F|\n|poke|p1|Annihilape, F|\n|poke|p2|Shaymin-Sky|\n|poke|p2|Shaymin-Sky|\n|poke|p2|Shaymin-Sky|\n|poke|p2|Shaymin-Sky|\n|poke|p2|Jirachi|\n|poke|p2|Jirachi|\n|teampreview\n|inactive|Battle timer is ON: inactive players will automatically lose when time's up. (requested by quorpse)\n|\n|t:|1701109604\n|start\n|switch|p1a: Wigglytuff|Wigglytuff, M|100\/100\n|switch|p2a: Shaymin|Shaymin-Sky, shiny|100\/100\n|turn|1\n|\n|t:|1701109608\n|move|p2a: Shaymin|Air Slash|p1a: Wigglytuff\n|-damage|p1a: Wigglytuff|72\/100\n|move|p1a: Wigglytuff|Light Screen|p1a: Wigglytuff\n|-sidestart|p1: headclicker999|move: Light Screen\n|\n|upkeep\n|turn|2\n|\n|t:|1701109613\n|move|p2a: Shaymin|Air Slash|p1a: Wigglytuff\n|-damage|p1a: Wigglytuff|56\/100\n|cant|p1a: Wigglytuff|flinch\n|\n|upkeep\n|turn|3\n|\n|t:|1701109617\n|move|p2a: Shaymin|Air Slash|p1a: Wigglytuff\n|-damage|p1a: Wigglytuff|40\/100\n|cant|p1a: Wigglytuff|flinch\n|\n|upkeep\n|turn|4\n|\n|t:|1701109620\n|move|p2a: Shaymin|Air Slash|p1a: Wigglytuff\n|-damage|p1a: Wigglytuff|25\/100\n|move|p1a: Wigglytuff|Perish Song|p1a: Wigglytuff\n|-start|p1a: Wigglytuff|perish3|[silent]\n|-start|p2a: Shaymin|perish3|[silent]\n|-fieldactivate|move: Perish Song\n|\n|-start|p2a: Shaymin|perish3\n|-start|p1a: Wigglytuff|perish3\n|upkeep\n|turn|5\n|\n|t:|1701109625\n|move|p2a: Shaymin|Air Slash|p1a: Wigglytuff\n|-damage|p1a: Wigglytuff|9\/100\n|cant|p1a: Wigglytuff|flinch\n|\n|-start|p2a: Shaymin|perish2\n|-start|p1a: Wigglytuff|perish2\n|upkeep\n|turn|6\n|\n|t:|1701109628\n|move|p2a: Shaymin|Air Slash|p1a: Wigglytuff\n|-damage|p1a: Wigglytuff|0 fnt\n|faint|p1a: Wigglytuff\n|\n|-start|p2a: Shaymin|perish1\n|upkeep\n|\n|t:|1701109635\n|switch|p1a: Azumarill|Azumarill, M|100\/100\n|turn|7\n|\n|t:|1701109638\n|switch|p2a: Shaymin|Shaymin-Sky, shiny|100\/100\n|move|p1a: Azumarill|Belly Drum|p1a: Azumarill\n|-damage|p1a: Azumarill|50\/100\n|-setboost|p1a: Azumarill|atk|6|[from] move: Belly Drum\n|\n|upkeep\n|turn|8\n|\n|t:|1701109645\n|move|p2a: Shaymin|Air Slash|p1a: Azumarill\n|-damage|p1a: Azumarill|29\/100\n|cant|p1a: Azumarill|flinch\n|\n|-sideend|p1: headclicker999|move: Light Screen\n|upkeep\n|turn|9\n|\n|t:|1701109649\n|move|p1a: Azumarill|Aqua Jet|p2a: Shaymin\n|-resisted|p2a: Shaymin\n|-damage|p2a: Shaymin|38\/100\n|move|p2a: Shaymin|Air Slash|p1a: Azumarill\n|-damage|p1a: Azumarill|0 fnt\n|faint|p1a: Azumarill\n|\n|upkeep\n|\n|t:|1701109665\n|switch|p1a: Corviknight|Corviknight, M|100\/100\n|turn|10\n|\n|t:|1701109669\n|move|p2a: Shaymin|Air Slash|p1a: Corviknight\n|-resisted|p1a: Corviknight\n|-damage|p1a: Corviknight|80\/100\n|cant|p1a: Corviknight|flinch\n|\n|-heal|p1a: Corviknight|86\/100|[from] item: Leftovers\n|upkeep\n|turn|11\n|\n|t:|1701109673\n|move|p2a: Shaymin|Air Slash|p1a: Corviknight\n|-resisted|p1a: Corviknight\n|-damage|p1a: Corviknight|67\/100\n|cant|p1a: Corviknight|flinch\n|\n|-heal|p1a: Corviknight|73\/100|[from] item: Leftovers\n|upkeep\n|turn|12\n|\n|t:|1701109677\n|move|p2a: Shaymin|Air Slash|p1a: Corviknight\n|-resisted|p1a: Corviknight\n|-damage|p1a: Corviknight|52\/100\n|cant|p1a: Corviknight|flinch\n|\n|-heal|p1a: Corviknight|59\/100|[from] item: Leftovers\n|upkeep\n|turn|13\n|\n|t:|1701109681\n|move|p2a: Shaymin|Air Slash|p1a: Corviknight\n|-resisted|p1a: Corviknight\n|-damage|p1a: Corviknight|38\/100\n|move|p1a: Corviknight|Tailwind|p1a: Corviknight\n|-sidestart|p1: headclicker999|move: Tailwind\n|\n|-heal|p1a: Corviknight|44\/100|[from] item: Leftovers\n|upkeep\n|turn|14\n|\n|t:|1701109685\n|move|p2a: Shaymin|Air Slash|p1a: Corviknight\n|-resisted|p1a: Corviknight\n|-damage|p1a: Corviknight|24\/100\n|cant|p1a: Corviknight|flinch\n|\n|-heal|p1a: Corviknight|31\/100|[from] item: Leftovers\n|upkeep\n|turn|15\n|\n|t:|1701109691\n|move|p2a: Shaymin|Air Slash|p1a: Corviknight\n|-resisted|p1a: Corviknight\n|-damage|p1a: Corviknight|12\/100\n|cant|p1a: Corviknight|flinch\n|\n|-heal|p1a: Corviknight|18\/100|[from] item: Leftovers\n|upkeep\n|turn|16\n|\n|t:|1701109693\n|move|p2a: Shaymin|Air Slash|p1a: Corviknight\n|-resisted|p1a: Corviknight\n|-damage|p1a: Corviknight|0 fnt\n|faint|p1a: Corviknight\n|\n|-sideend|p1: headclicker999|move: Tailwind\n|upkeep\n|\n|t:|1701109697\n|switch|p1a: Talonflame|Talonflame, M|100\/100\n|turn|17\n|\n|t:|1701109700\n|move|p2a: Shaymin|Air Slash|p1a: Talonflame\n|-damage|p1a: Talonflame|36\/100\n|cant|p1a: Talonflame|flinch\n|\n|upkeep\n|turn|18\n|\n|t:|1701109705\n|move|p2a: Shaymin|Air Slash|p1a: Talonflame\n|-damage|p1a: Talonflame|0 fnt\n|faint|p1a: Talonflame\n|\n|upkeep\n|\n|t:|1701109710\n|switch|p1a: Rabsca|Rabsca, F|100\/100\n|turn|19\n|\n|t:|1701109716\n|move|p2a: Shaymin|Air Slash|p1a: Rabsca\n|-supereffective|p1a: Rabsca\n|-damage|p1a: Rabsca|17\/100\n|cant|p1a: Rabsca|flinch\n|\n|upkeep\n|turn|20\n|\n|t:|1701109720\n|move|p2a: Shaymin|Air Slash|p1a: Rabsca\n|-supereffective|p1a: Rabsca\n|-crit|p1a: Rabsca\n|-damage|p1a: Rabsca|0 fnt\n|faint|p1a: Rabsca\n|\n|upkeep\n|\n|t:|1701109723\n|switch|p1a: Annihilape|Annihilape, F|100\/100\n|turn|21\n|\n|t:|1701109727\n|move|p2a: Shaymin|Air Slash|p1a: Annihilape\n|-supereffective|p1a: Annihilape\n|-damage|p1a: Annihilape|11\/100\n|cant|p1a: Annihilape|flinch\n|\n|upkeep\n|turn|22\n|\n|t:|1701109731\n|move|p2a: Shaymin|Air Slash|p1a: Annihilape\n|-supereffective|p1a: Annihilape\n|-damage|p1a: Annihilape|0 fnt\n|faint|p1a: Annihilape\n|\n|win|quorpse\n|raw|headclicker999's rating: 1145 &rarr; <strong>1122<\/strong><br \/>(-23 for losing)\n|raw|quorpse's rating: 1169 &rarr; <strong>1192<\/strong><br \/>(+23 for winning)\n|l|\u2606headclicker999\n","uploadtime":1701109741,"views":3,"p1id":"headclicker999","p2id":"quorpse","formatid":"gen9anythinggoes","rating":1122,"private":0,"password":""}