{"id":"gen9anythinggoes-1995273873","p1":"MEME\/\/BRAIN","p2":"Maxg23","format":"[Gen 9] Anything Goes","log":"|j|\u2606MEME\/\/BRAIN\n|j|\u2606Maxg23\n|t:|1700544978\n|gametype|singles\n|player|p1|MEME\/\/BRAIN|guitarist|1126\n|player|p2|Maxg23|n|1085\n|teamsize|p1|6\n|teamsize|p2|6\n|gen|9\n|tier|[Gen 9] Anything Goes\n|rated|\n|rule|HP Percentage Mod: HP is shown in percentages\n|rule|Endless Battle Clause: Forcing endless battles is banned\n|clearpoke\n|poke|p1|Cyclizar, M|\n|poke|p1|Espathra, F|\n|poke|p1|Medicham, F|\n|poke|p1|Cloyster, F|\n|poke|p1|Drifblim, F|\n|poke|p1|Skeledirge, M|\n|poke|p2|Dragonite, F|\n|poke|p2|Conkeldurr, F|\n|poke|p2|Bisharp, M|\n|poke|p2|Azumarill, F|\n|poke|p2|Meowscarada, F|\n|poke|p2|Gardevoir, M|\n|teampreview\n|inactive|Battle timer is ON: inactive players will automatically lose when time's up. (requested by Maxg23)\n|\n|t:|1700544986\n|start\n|switch|p1a: Cycle|Cyclizar, M|100\/100\n|switch|p2a: Azumarill|Azumarill, F|100\/100\n|turn|1\n|\n|t:|1700544994\n|move|p1a: Cycle|Shed Tail|p1a: Cycle\n|-start|p1a: Cycle|Substitute|[from] move: Shed Tail\n|-damage|p1a: Cycle|50\/100\n|\n|t:|1700544997\n|switch|p1a: BirB|Espathra, F|100\/100|[from] Shed Tail\n|move|p2a: Azumarill|Belly Drum|p2a: Azumarill\n|-damage|p2a: Azumarill|50\/100\n|-setboost|p2a: Azumarill|atk|6|[from] move: Belly Drum\n|\n|-heal|p2a: Azumarill|57\/100|[from] item: Leftovers\n|upkeep\n|turn|2\n|\n|t:|1700545009\n|-terastallize|p2a: Azumarill|Water\n|move|p2a: Azumarill|Aqua Jet|p1a: BirB\n|-end|p1a: BirB|Substitute\n|move|p1a: BirB|Calm Mind|p1a: BirB\n|-boost|p1a: BirB|spa|1\n|-boost|p1a: BirB|spd|1\n|\n|-heal|p2a: Azumarill|63\/100|[from] item: Leftovers\n|-ability|p1a: BirB|Speed Boost|boost\n|-boost|p1a: BirB|spe|1\n|upkeep\n|turn|3\n|\n|t:|1700545027\n|move|p2a: Azumarill|Aqua Jet|p1a: BirB\n|-crit|p1a: BirB\n|-damage|p1a: BirB|0 fnt\n|faint|p1a: BirB\n|\n|-heal|p2a: Azumarill|69\/100|[from] item: Leftovers\n|upkeep\n|\n|t:|1700545034\n|switch|p1a: Skelly Boi|Skeledirge, M|100\/100\n|turn|4\n|\n|t:|1700545041\n|-terastallize|p1a: Skelly Boi|Water\n|move|p2a: Azumarill|Aqua Jet|p1a: Skelly Boi\n|-resisted|p1a: Skelly Boi\n|-damage|p1a: Skelly Boi|91\/100\n|move|p1a: Skelly Boi|Earth Power|p2a: Azumarill\n|-damage|p2a: Azumarill|42\/100\n|-unboost|p2a: Azumarill|spd|1\n|\n|-heal|p2a: Azumarill|48\/100|[from] item: Leftovers\n|upkeep\n|turn|5\n|\n|t:|1700545063\n|switch|p2a: Meowscarada|Meowscarada, F|100\/100\n|move|p1a: Skelly Boi|Torch Song|p2a: Meowscarada\n|-supereffective|p2a: Meowscarada\n|-damage|p2a: Meowscarada|0 fnt\n|-boost|p1a: Skelly Boi|spa|1\n|faint|p2a: Meowscarada\n|\n|upkeep\n|\n|t:|1700545075\n|switch|p2a: Conkeldurr|Conkeldurr, F|100\/100\n|turn|6\n|c|\u2606MEME\/\/BRAIN|Lmao\n|\n|t:|1700545091\n|move|p1a: Skelly Boi|Shadow Ball|p2a: Conkeldurr\n|-damage|p2a: Conkeldurr|37\/100\n|move|p2a: Conkeldurr|Thunder Punch|p1a: Skelly Boi\n|-supereffective|p1a: Skelly Boi\n|-damage|p1a: Skelly Boi|33\/100\n|\n|upkeep\n|turn|7\n|\n|t:|1700545100\n|move|p1a: Skelly Boi|Shadow Ball|p2a: Conkeldurr\n|-damage|p2a: Conkeldurr|0 fnt\n|faint|p2a: Conkeldurr\n|\n|upkeep\n|\n|t:|1700545112\n|switch|p2a: Dragonite|Dragonite, F|100\/100\n|turn|8\n|\n|t:|1700545119\n|move|p2a: Dragonite|Dragon Dance|p2a: Dragonite\n|-boost|p2a: Dragonite|atk|1\n|-boost|p2a: Dragonite|spe|1\n|move|p1a: Skelly Boi|Torch Song|p2a: Dragonite\n|-resisted|p2a: Dragonite\n|-damage|p2a: Dragonite|85\/100\n|-boost|p1a: Skelly Boi|spa|1\n|\n|upkeep\n|turn|9\n|\n|t:|1700545128\n|move|p2a: Dragonite|Dragon Dance|p2a: Dragonite\n|-boost|p2a: Dragonite|atk|1\n|-boost|p2a: Dragonite|spe|1\n|move|p1a: Skelly Boi|Encore|p2a: Dragonite\n|-start|p2a: Dragonite|Encore\n|\n|upkeep\n|turn|10\n|\n|t:|1700545136\n|move|p2a: Dragonite|Dragon Dance|p2a: Dragonite\n|-boost|p2a: Dragonite|atk|1\n|-boost|p2a: Dragonite|spe|1\n|move|p1a: Skelly Boi|Shadow Ball|p2a: Dragonite\n|-damage|p2a: Dragonite|11\/100\n|\n|upkeep\n|turn|11\n|\n|t:|1700545145\n|switch|p2a: Bisharp|Bisharp, M|100\/100\n|move|p1a: Skelly Boi|Shadow Ball|p2a: Bisharp\n|-resisted|p2a: Bisharp\n|-damage|p2a: Bisharp|63\/100\n|\n|upkeep\n|turn|12\n|\n|t:|1700545152\n|move|p2a: Bisharp|Night Slash|p1a: Skelly Boi\n|-damage|p1a: Skelly Boi|2\/100\n|move|p1a: Skelly Boi|Torch Song|p2a: Bisharp\n|-supereffective|p2a: Bisharp\n|-damage|p2a: Bisharp|0 fnt\n|-boost|p1a: Skelly Boi|spa|1\n|faint|p2a: Bisharp\n|\n|upkeep\n|\n|t:|1700545159\n|switch|p2a: Dragonite|Dragonite, F|11\/100\n|turn|13\n|\n|t:|1700545178\n|move|p2a: Dragonite|Dragon Claw|p1a: Skelly Boi\n|-damage|p1a: Skelly Boi|0 fnt\n|faint|p1a: Skelly Boi\n|\n|upkeep\n|\n|t:|1700545186\n|switch|p1a: Cycle|Cyclizar, M|84\/100\n|turn|14\n|-activate|p1a: Cycle|item: Quick Claw\n|\n|t:|1700545197\n|move|p1a: Cycle|Shed Tail|p1a: Cycle\n|-start|p1a: Cycle|Substitute|[from] move: Shed Tail\n|-damage|p1a: Cycle|34\/100\n|\n|t:|1700545202\n|switch|p1a: Crest ov L@bi@|Cloyster, F, shiny|100\/100|[from] Shed Tail\n|move|p2a: Dragonite|Ice Spinner|p1a: Crest ov L@bi@\n|-resisted|p1a: Crest ov L@bi@\n|-activate|p1a: Crest ov L@bi@|move: Substitute|[damage]\n|\n|upkeep\n|turn|15\n|\n|t:|1700545211\n|move|p2a: Dragonite|Aerial Ace|p1a: Crest ov L@bi@\n|-end|p1a: Crest ov L@bi@|Substitute\n|move|p1a: Crest ov L@bi@|Shell Smash|p1a: Crest ov L@bi@\n|-unboost|p1a: Crest ov L@bi@|def|1\n|-unboost|p1a: Crest ov L@bi@|spd|1\n|-boost|p1a: Crest ov L@bi@|atk|2\n|-boost|p1a: Crest ov L@bi@|spa|2\n|-boost|p1a: Crest ov L@bi@|spe|2\n|-enditem|p1a: Crest ov L@bi@|White Herb\n|-clearnegativeboost|p1a: Crest ov L@bi@|[silent]\n|\n|upkeep\n|turn|16\n|\n|t:|1700545225\n|move|p1a: Crest ov L@bi@|Icicle Spear|p2a: Dragonite\n|-supereffective|p2a: Dragonite\n|-damage|p2a: Dragonite|0 fnt\n|faint|p2a: Dragonite\n|-hitcount|p2: Dragonite|1\n|\n|upkeep\n|\n|t:|1700545230\n|switch|p2a: Azumarill|Azumarill, F, tera:Water|48\/100\n|turn|17\n|\n|t:|1700545236\n|move|p1a: Crest ov L@bi@|Rock Blast|p2a: Azumarill\n|-damage|p2a: Azumarill|35\/100\n|-damage|p2a: Azumarill|22\/100\n|-damage|p2a: Azumarill|10\/100\n|-damage|p2a: Azumarill|0 fnt\n|faint|p2a: Azumarill\n|-hitcount|p2: Azumarill|4\n|\n|upkeep\n|\n|t:|1700545239\n|switch|p2a: Gardevoir|Gardevoir, M|100\/100\n|-ability|p2a: Gardevoir|Skill Link|[from] ability: Trace|[of] p1a: Crest ov L@bi@\n|turn|18\n|\n|t:|1700545249\n|move|p1a: Crest ov L@bi@|Icicle Spear|p2a: Gardevoir\n|-damage|p2a: Gardevoir|69\/100\n|-damage|p2a: Gardevoir|36\/100\n|-damage|p2a: Gardevoir|6\/100\n|-damage|p2a: Gardevoir|0 fnt\n|faint|p2a: Gardevoir\n|-hitcount|p2: Gardevoir|4\n|\n|win|MEME\/\/BRAIN\n|raw|MEME&#x2f;&#x2f;BRAIN's rating: 1126 &rarr; <strong>1148<\/strong><br \/>(+22 for winning)\n|raw|Maxg23's rating: 1085 &rarr; <strong>1065<\/strong><br \/>(-20 for losing)\n|l|\u2606Maxg23\n|c|\u2606MEME\/\/BRAIN|Gg\n","uploadtime":1700545280,"views":0,"p1id":"memebrain","p2id":"maxg23","formatid":"gen9anythinggoes","rating":1065,"private":0,"password":""}