{"id":"gen9anythinggoes-1984243242","p1":"DaddySampai","p2":"iuxkysersosa","format":"[Gen 9] Anything Goes","log":"|j|\u2606DaddySampai\n|j|\u2606iuxkysersosa\n|t:|1699234212\n|gametype|singles\n|player|p1|DaddySampai|flannery|\n|player|p2|iuxkysersosa|2|\n|teamsize|p1|6\n|teamsize|p2|6\n|gen|9\n|tier|[Gen 9] Anything Goes\n|rule|HP Percentage Mod: HP is shown in percentages\n|rule|Endless Battle Clause: Forcing endless battles is banned\n|clearpoke\n|poke|p1|Ogerpon-Hearthflame, F|\n|poke|p1|Torkoal, F|\n|poke|p1|Iron Bundle|\n|poke|p1|Raichu, F|\n|poke|p1|Bronzong|\n|poke|p1|Lilligant-Hisui, F|\n|poke|p2|Greninja-*, M|\n|poke|p2|Primeape, F|\n|poke|p2|Cetitan, F|\n|poke|p2|Tornadus-Therian, M|\n|poke|p2|Slowking-Galar, F|\n|poke|p2|Pelipper, F|\n|teampreview\n|c|\u2606DaddySampai|glhf\n|c|\u2606iuxkysersosa|glhf\n|\n|t:|1699234291\n|start\n|switch|p1a: Iron Bundle|Iron Bundle|100\/100\n|switch|p2a: Greninja|Greninja, M|100\/100\n|turn|1\n|\n|t:|1699234304\n|switch|p2a: Slowking|Slowking-Galar, F|100\/100\n|move|p1a: Iron Bundle|Hydro Pump|p2a: Slowking|[miss]\n|-miss|p1a: Iron Bundle|p2a: Slowking\n|\n|upkeep\n|turn|2\n|j| demigodfletch\n|c| demigodfletch|I hope you both lose\n|c|\u2606iuxkysersosa|thank you\n|c| demigodfletch|Much love\n|c|\u2606iuxkysersosa|we love you alot\n|j| GS Wendigo\n|c|\u2606DaddySampai|i hope we both lose too\n|c|\u2606iuxkysersosa|kim k has kids\n|c|\u2606DaddySampai|still sheering for devon tho\n|c| demigodfletch|It would be more fun to watch\n|\n|t:|1699234368\n|-end|p1a: Iron Bundle|Quark Drive|[silent]\n|switch|p1a: Bronzong|Bronzong|100\/100\n|move|p2a: Slowking|Focus Blast|p1a: Bronzong|[miss]\n|-miss|p2a: Slowking|p1a: Bronzong\n|\n|upkeep\n|turn|3\n|\n|t:|1699234386\n|switch|p1a: Torkoal|Torkoal, F|100\/100\n|-weather|SunnyDay|[from] ability: Drought|[of] p1a: Torkoal\n|switch|p2a: Pelipper|Pelipper, F|100\/100\n|-weather|RainDance|[from] ability: Drizzle|[of] p2a: Pelipper\n|\n|-weather|RainDance|[upkeep]\n|upkeep\n|turn|4\n|j| IUXCelestialQueen\n|c|\u2606iuxkysersosa|reads\n|\n|t:|1699234429\n|move|p2a: Pelipper|Surf|p1a: Torkoal\n|-supereffective|p1a: Torkoal\n|-damage|p1a: Torkoal|0 fnt\n|faint|p1a: Torkoal\n|\n|-weather|RainDance|[upkeep]\n|upkeep\n|\n|t:|1699234437\n|switch|p1a: Raichu|Raichu, F|100\/100\n|turn|5\n|\n|t:|1699234444\n|switch|p2a: Slowking|Slowking-Galar, F|100\/100\n|move|p1a: Raichu|Nuzzle|p2a: Slowking\n|-damage|p2a: Slowking|94\/100\n|-status|p2a: Slowking|par\n|\n|-weather|RainDance|[upkeep]\n|upkeep\n|turn|6\n|\n|t:|1699234450\n|move|p1a: Raichu|Knock Off|p2a: Slowking\n|-supereffective|p2a: Slowking\n|-damage|p2a: Slowking|59\/100 par\n|-enditem|p2a: Slowking|Assault Vest|[from] move: Knock Off|[of] p1a: Raichu\n|cant|p2a: Slowking|par\n|\n|-weather|RainDance|[upkeep]\n|upkeep\n|turn|7\n|\n|t:|1699234469\n|move|p1a: Raichu|Volt Switch|p2a: Slowking\n|-damage|p2a: Slowking|44\/100 par\n|\n|t:|1699234480\n|switch|p1a: Bronzong|Bronzong|100\/100|[from] Volt Switch\n|move|p2a: Slowking|Sludge Bomb|p1a: Bronzong\n|-immune|p1a: Bronzong\n|\n|-weather|none\n|upkeep\n|turn|8\n|\n|t:|1699234487\n|switch|p2a: Pelipper|Pelipper, F|100\/100\n|-weather|RainDance|[from] ability: Drizzle|[of] p2a: Pelipper\n|move|p1a: Bronzong|Iron Defense|p1a: Bronzong\n|-boost|p1a: Bronzong|def|2\n|\n|-weather|RainDance|[upkeep]\n|upkeep\n|turn|9\n|\n|t:|1699234505\n|move|p2a: Pelipper|Surf|p1a: Bronzong\n|-damage|p1a: Bronzong|63\/100\n|move|p1a: Bronzong|Iron Head|p2a: Pelipper\n|-resisted|p2a: Pelipper\n|-damage|p2a: Pelipper|88\/100\n|\n|-weather|RainDance|[upkeep]\n|upkeep\n|turn|10\n|\n|t:|1699234525\n|switch|p1a: Raichu|Raichu, F|100\/100\n|move|p2a: Pelipper|U-turn|p1a: Raichu\n|-damage|p1a: Raichu|84\/100\n|\n|t:|1699234563\n|switch|p2a: Slowking|Slowking-Galar, F|77\/100 par|[from] U-turn\n|\n|-weather|RainDance|[upkeep]\n|upkeep\n|turn|11\n|\n|t:|1699234586\n|move|p1a: Raichu|Knock Off|p2a: Slowking\n|-supereffective|p2a: Slowking\n|-damage|p2a: Slowking|53\/100 par\n|move|p2a: Slowking|Psyshock|p1a: Raichu\n|-damage|p1a: Raichu|24\/100\n|\n|-weather|RainDance|[upkeep]\n|upkeep\n|turn|12\n|\n|t:|1699234606\n|move|p1a: Raichu|Knock Off|p2a: Slowking\n|-supereffective|p2a: Slowking\n|-damage|p2a: Slowking|28\/100 par\n|move|p2a: Slowking|Hex|p1a: Raichu\n|-damage|p1a: Raichu|0 fnt\n|faint|p1a: Raichu\n|\n|-weather|none\n|upkeep\n|\n|t:|1699234611\n|switch|p1a: Iron Bundle|Iron Bundle|100\/100\n|turn|13\n|\n|t:|1699234640\n|switch|p2a: Pelipper|Pelipper, F|88\/100\n|-weather|RainDance|[from] ability: Drizzle|[of] p2a: Pelipper\n|move|p1a: Iron Bundle|Freeze-Dry|p2a: Pelipper\n|-supereffective|p2a: Pelipper\n|-damage|p2a: Pelipper|0 fnt\n|faint|p2a: Pelipper\n|\n|-weather|RainDance|[upkeep]\n|upkeep\n|\n|t:|1699234658\n|switch|p2a: Primeape|Primeape, F|100\/100\n|turn|14\n|\n|t:|1699234667\n|-end|p1a: Iron Bundle|Quark Drive|[silent]\n|switch|p1a: Bronzong|Bronzong|63\/100\n|move|p2a: Primeape|Bulk Up|p2a: Primeape\n|-boost|p2a: Primeape|atk|1\n|-boost|p2a: Primeape|def|1\n|\n|-weather|RainDance|[upkeep]\n|upkeep\n|turn|15\n|\n|t:|1699234678\n|move|p2a: Primeape|Bulk Up|p2a: Primeape\n|-boost|p2a: Primeape|atk|1\n|-boost|p2a: Primeape|def|1\n|move|p1a: Bronzong|Iron Defense|p1a: Bronzong\n|-boost|p1a: Bronzong|def|2\n|\n|-weather|RainDance|[upkeep]\n|upkeep\n|turn|16\n|\n|t:|1699234684\n|move|p2a: Primeape|Bulk Up|p2a: Primeape\n|-boost|p2a: Primeape|atk|1\n|-boost|p2a: Primeape|def|1\n|move|p1a: Bronzong|Iron Defense|p1a: Bronzong\n|-boost|p1a: Bronzong|def|2\n|\n|-weather|RainDance|[upkeep]\n|upkeep\n|turn|17\n|\n|t:|1699234688\n|move|p2a: Primeape|Bulk Up|p2a: Primeape\n|-boost|p2a: Primeape|atk|1\n|-boost|p2a: Primeape|def|1\n|move|p1a: Bronzong|Iron Defense|p1a: Bronzong\n|-boost|p1a: Bronzong|def|2\n|\n|-weather|none\n|upkeep\n|turn|18\n|\n|t:|1699234709\n|move|p2a: Primeape|Bulk Up|p2a: Primeape\n|-boost|p2a: Primeape|atk|1\n|-boost|p2a: Primeape|def|1\n|move|p1a: Bronzong|Body Press|p2a: Primeape\n|-damage|p2a: Primeape|76\/100\n|\n|upkeep\n|turn|19\n|\n|t:|1699234724\n|move|p2a: Primeape|Bulk Up|p2a: Primeape\n|-boost|p2a: Primeape|atk|1\n|-boost|p2a: Primeape|def|1\n|move|p1a: Bronzong|Iron Head|p2a: Primeape\n|-damage|p2a: Primeape|69\/100\n|\n|upkeep\n|turn|20\n|\n|t:|1699234730\n|move|p2a: Primeape|Rage Fist|p1a: Bronzong\n|-supereffective|p1a: Bronzong\n|-damage|p1a: Bronzong|12\/100\n|move|p1a: Bronzong|Body Press|p2a: Primeape\n|-damage|p2a: Primeape|47\/100\n|\n|upkeep\n|turn|21\n|\n|t:|1699234750\n|-terastallize|p2a: Primeape|Fairy\n|move|p2a: Primeape|Rest|p2a: Primeape\n|-status|p2a: Primeape|slp|[from] move: Rest\n|-heal|p2a: Primeape|100\/100 slp|[silent]\n|move|p1a: Bronzong|Iron Head|p2a: Primeape\n|-supereffective|p2a: Primeape\n|-damage|p2a: Primeape|86\/100 slp\n|\n|upkeep\n|turn|22\n|\n|t:|1699234761\n|switch|p1a: Lilligant|Lilligant-Hisui, F|100\/100\n|cant|p2a: Primeape|slp\n|\n|upkeep\n|turn|23\n|\n|t:|1699234770\n|move|p1a: Lilligant|Victory Dance|p1a: Lilligant\n|-boost|p1a: Lilligant|atk|1\n|-boost|p1a: Lilligant|def|1\n|-boost|p1a: Lilligant|spe|1\n|cant|p2a: Primeape|slp\n|\n|upkeep\n|turn|24\n|\n|t:|1699234776\n|move|p1a: Lilligant|Victory Dance|p1a: Lilligant\n|-boost|p1a: Lilligant|atk|1\n|-boost|p1a: Lilligant|def|1\n|-boost|p1a: Lilligant|spe|1\n|-curestatus|p2a: Primeape|slp|[msg]\n|move|p2a: Primeape|Rage Fist|p1a: Lilligant\n|-damage|p1a: Lilligant|0 fnt\n|faint|p1a: Lilligant\n|\n|upkeep\n|\n|t:|1699234779\n|switch|p1a: Iron Bundle|Iron Bundle|100\/100\n|turn|25\n|\n|t:|1699234782\n|move|p1a: Iron Bundle|Hydro Pump|p2a: Primeape\n|-damage|p2a: Primeape|31\/100\n|move|p2a: Primeape|Drain Punch|p1a: Iron Bundle\n|-supereffective|p1a: Iron Bundle\n|-damage|p1a: Iron Bundle|0 fnt\n|-heal|p2a: Primeape|73\/100|[from] drain|[of] p1a: Iron Bundle\n|faint|p1a: Iron Bundle\n|-end|p1a: Iron Bundle|Quark Drive|[silent]\n|\n|upkeep\n|\n|t:|1699234787\n|switch|p1a: Ogerpon|Ogerpon-Hearthflame, F|100\/100\n|-ability|p1a: Ogerpon|Mold Breaker\n|turn|26\n|l| demigodfletch\n|\n|t:|1699234794\n|move|p1a: Ogerpon|Ivy Cudgel|p2a: Primeape\n|-damage|p2a: Primeape|58\/100\n|move|p2a: Primeape|Rage Fist|p1a: Ogerpon\n|-damage|p1a: Ogerpon|0 fnt\n|faint|p1a: Ogerpon\n|\n|upkeep\n|\n|t:|1699234796\n|switch|p1a: Bronzong|Bronzong|12\/100\n|turn|27\n|\n|t:|1699234799\n|move|p2a: Primeape|Rage Fist|p1a: Bronzong\n|-supereffective|p1a: Bronzong\n|-damage|p1a: Bronzong|0 fnt\n|faint|p1a: Bronzong\n|\n|win|iuxkysersosa\n|c|\u2606DaddySampai|gg\n|c|\u2606iuxkysersosa|gg\n|l|\u2606DaddySampai\n","uploadtime":1699234806,"views":53,"p1id":"daddysampai","p2id":"iuxkysersosa","formatid":"gen9anythinggoes","rating":0,"private":0,"password":""}