{"id":"gen9anythinggoes-1984683415","p1":"Shockishi","p2":"ssffsaf","format":"[Gen 9] Anything Goes","log":"|j|\u2606Shockishi\n|j|\u2606ssffsaf\n|t:|1699290573\n|gametype|singles\n|player|p1|Shockishi|101|1183\n|player|p2|ssffsaf|265|1292\n|teamsize|p1|6\n|teamsize|p2|6\n|gen|9\n|tier|[Gen 9] Anything Goes\n|rated|\n|rule|HP Percentage Mod: HP is shown in percentages\n|rule|Endless Battle Clause: Forcing endless battles is banned\n|clearpoke\n|poke|p1|Zoroark-Hisui, M|\n|poke|p1|Sneasler, F|\n|poke|p1|Arcanine-Hisui, M|\n|poke|p1|Polteageist|\n|poke|p1|Samurott-Hisui, M|\n|poke|p1|Braviary-Hisui, M|\n|poke|p2|Miraidon|\n|poke|p2|Koraidon|\n|poke|p2|Ogerpon-Hearthflame, F|\n|poke|p2|Regieleki|\n|poke|p2|Calyrex-Shadow|\n|poke|p2|Eternatus|\n|teampreview\n|inactive|Battle timer is ON: inactive players will automatically lose when time's up. (requested by Shockishi)\n|\n|t:|1699290588\n|start\n|switch|p1a: Polteageist|Polteageist|100\/100\n|switch|p2a: Koraidon|Koraidon|100\/100\n|-weather|SunnyDay|[from] ability: Orichalcum Pulse|[of] p2a: Koraidon\n|-activate|p2a: Koraidon|Orichalcum Pulse|[source]\n|turn|1\n|\n|t:|1699290596\n|move|p2a: Koraidon|Flare Blitz|p1a: Polteageist\n|-enditem|p1a: Polteageist|Focus Sash\n|-damage|p1a: Polteageist|1\/100\n|-damage|p2a: Koraidon|75\/100|[from] Recoil\n|-damage|p2a: Koraidon|65\/100|[from] item: Life Orb\n|move|p1a: Polteageist|Shell Smash|p1a: Polteageist\n|-unboost|p1a: Polteageist|def|1\n|-unboost|p1a: Polteageist|spd|1\n|-boost|p1a: Polteageist|atk|2\n|-boost|p1a: Polteageist|spa|2\n|-boost|p1a: Polteageist|spe|2\n|\n|-weather|SunnyDay|[upkeep]\n|upkeep\n|turn|2\n|\n|t:|1699290612\n|switch|p2a: Ogerpon|Ogerpon-Hearthflame, F|100\/100\n|-ability|p2a: Ogerpon|Mold Breaker\n|move|p1a: Polteageist|Baton Pass|p1a: Polteageist\n|\n|t:|1699290618\n|switch|p1a: Arcanine|Arcanine-Hisui, M|100\/100|[from] Baton Pass\n|\n|-weather|SunnyDay|[upkeep]\n|upkeep\n|turn|3\n|\n|t:|1699290634\n|move|p1a: Arcanine|Hyper Voice|p2a: Ogerpon\n|-damage|p2a: Ogerpon|0 fnt\n|faint|p2a: Ogerpon\n|\n|-weather|SunnyDay|[upkeep]\n|upkeep\n|inactive|ssffsaf has 120 seconds left.\n|\n|t:|1699290657\n|switch|p2a: Calyrex|Calyrex-Shadow|100\/100\n|-ability|p2a: Calyrex|As One\n|-ability|p2a: Calyrex|Unnerve\n|turn|4\n|\n|t:|1699290664\n|-terastallize|p1a: Arcanine|Normal\n|move|p1a: Arcanine|Bitter Malice|p2a: Calyrex\n|-supereffective|p2a: Calyrex\n|-damage|p2a: Calyrex|0 fnt\n|faint|p2a: Calyrex\n|\n|-weather|SunnyDay|[upkeep]\n|upkeep\n|inactive|ssffsaf has 120 seconds left.\n|\n|t:|1699290687\n|switch|p2a: Eternatus|Eternatus|100\/100\n|-ability|p2a: Eternatus|Pressure\n|turn|5\n|inactive|ssffsaf has 120 seconds left.\n|\n|t:|1699290697\n|move|p1a: Arcanine|Bitter Malice|p2a: Eternatus\n|-damage|p2a: Eternatus|48\/100\n|-unboost|p2a: Eternatus|atk|1\n|move|p2a: Eternatus|Fire Blast|p1a: Arcanine\n|-enditem|p1a: Arcanine|Focus Sash\n|-damage|p1a: Arcanine|1\/100\n|replace|p1a: Zoroark|Zoroark-Hisui, M, shiny\n|-end|p1a: Zoroark|Illusion\n|\n|-weather|none\n|-heal|p2a: Eternatus|54\/100|[from] item: Black Sludge\n|upkeep\n|turn|6\n|inactive|ssffsaf has 120 seconds left.\n|\n|t:|1699290714\n|move|p1a: Zoroark|Bitter Malice|p2a: Eternatus\n|-damage|p2a: Eternatus|0 fnt\n|faint|p2a: Eternatus\n|\n|upkeep\n|\n|t:|1699290717\n|switch|p2a: Regieleki|Regieleki|100\/100\n|turn|7\n|\n|t:|1699290740\n|switch|p2a: Koraidon|Koraidon|65\/100\n|-weather|SunnyDay|[from] ability: Orichalcum Pulse|[of] p2a: Koraidon\n|-activate|p2a: Koraidon|Orichalcum Pulse|[source]\n|move|p1a: Zoroark|Focus Blast|p2a: Koraidon|[miss]\n|-miss|p1a: Zoroark|p2a: Koraidon\n|\n|-weather|SunnyDay|[upkeep]\n|upkeep\n|turn|8\n|\n|t:|1699290746\n|move|p1a: Zoroark|Bitter Malice|p2a: Koraidon\n|-damage|p2a: Koraidon|0 fnt\n|faint|p2a: Koraidon\n|\n|-weather|SunnyDay|[upkeep]\n|upkeep\n|\n|t:|1699290750\n|switch|p2a: Miraidon|Miraidon|100\/100\n|-fieldstart|move: Electric Terrain|[from] ability: Hadron Engine|[of] p2a: Miraidon\n|turn|9\n|\n|t:|1699290757\n|move|p1a: Zoroark|Bitter Malice|p2a: Miraidon\n|-damage|p2a: Miraidon|35\/100\n|-unboost|p2a: Miraidon|atk|1\n|move|p2a: Miraidon|Electro Drift|p1a: Zoroark\n|-damage|p1a: Zoroark|0 fnt\n|faint|p1a: Zoroark\n|\n|-weather|SunnyDay|[upkeep]\n|upkeep\n|\n|t:|1699290767\n|switch|p1a: Sneasler|Sneasler, F|100\/100\n|turn|10\n|\n|t:|1699290770\n|move|p2a: Miraidon|Electro Drift|p1a: Sneasler\n|-enditem|p1a: Sneasler|Focus Sash\n|-damage|p1a: Sneasler|1\/100\n|move|p1a: Sneasler|Swords Dance|p1a: Sneasler\n|-boost|p1a: Sneasler|atk|2\n|\n|-weather|SunnyDay|[upkeep]\n|upkeep\n|turn|11\n|\n|t:|1699290785\n|move|p1a: Sneasler|Dire Claw|p2a: Miraidon\n|-damage|p2a: Miraidon|0 fnt\n|faint|p2a: Miraidon\n|\n|-weather|none\n|upkeep\n|\n|t:|1699290789\n|switch|p2a: Regieleki|Regieleki|100\/100\n|turn|12\n|\n|t:|1699290794\n|move|p1a: Sneasler|Dire Claw|p2a: Regieleki\n|-damage|p2a: Regieleki|0 fnt\n|faint|p2a: Regieleki\n|\n|win|Shockishi\n|raw|Shockishi's rating: 1183 &rarr; <strong>1216<\/strong><br \/>(+33 for winning)\n|raw|ssffsaf's rating: 1292 &rarr; <strong>1259<\/strong><br \/>(-33 for losing)\n|l|\u2606ssffsaf\n","uploadtime":1699290801,"views":6,"p1id":"shockishi","p2id":"ssffsaf","formatid":"gen9anythinggoes","rating":1216,"private":0,"password":""}