{"id":"gen9anythinggoes-1979005110","p1":"ADANTheADAN","p2":"Connie Artichoke","format":"[Gen 9] Anything Goes","log":"|j|\u2606ADANTheADAN\n|j|\u2606Connie Artichoke\n|t:|1698620124\n|gametype|singles\n|player|p1|ADANTheADAN|blackbelt-gen4dp|1000\n|player|p2|Connie Artichoke|lady-gen4|1097\n|teamsize|p1|6\n|teamsize|p2|6\n|gen|9\n|tier|[Gen 9] Anything Goes\n|rated|\n|rule|HP Percentage Mod: HP is shown in percentages\n|rule|Endless Battle Clause: Forcing endless battles is banned\n|clearpoke\n|poke|p1|Goodra-Hisui, M|\n|poke|p1|Meowscarada, F|\n|poke|p1|Arboliva, F|\n|poke|p1|Dragapult, M|\n|poke|p1|Baxcalibur, F|\n|poke|p1|Vikavolt, M|\n|poke|p2|Electrode-Hisui|\n|poke|p2|Primeape, F|\n|poke|p2|Regidrago|\n|poke|p2|Gholdengo|\n|poke|p2|Staraptor, F|\n|poke|p2|Thundurus, M|\n|teampreview\n|\n|t:|1698620134\n|start\n|switch|p1a: Meowscarada|Meowscarada, F|100\/100\n|switch|p2a: Thundurus|Thundurus, M|100\/100\n|turn|1\n|\n|t:|1698620143\n|switch|p1a: Vikavolt|Vikavolt, M|100\/100\n|move|p2a: Thundurus|Volt Switch|p1a: Vikavolt\n|-resisted|p1a: Vikavolt\n|-damage|p1a: Vikavolt|84\/100\n|\n|t:|1698620154\n|switch|p2a: Primeape|Primeape, F|100\/100|[from] Volt Switch\n|\n|-heal|p1a: Vikavolt|90\/100|[from] item: Leftovers\n|upkeep\n|turn|2\n|\n|t:|1698620161\n|-singleturn|p2a: Primeape|move: Focus Punch\n|move|p1a: Vikavolt|Sticky Web|p2a: Primeape\n|-sidestart|p2: Connie Artichoke|move: Sticky Web\n|move|p2a: Primeape|Focus Punch|p1a: Vikavolt\n|-resisted|p1a: Vikavolt\n|-damage|p1a: Vikavolt|30\/100\n|\n|-heal|p1a: Vikavolt|36\/100|[from] item: Leftovers\n|upkeep\n|turn|3\n|\n|t:|1698620183\n|switch|p2a: Thundurus|Thundurus, M|100\/100\n|move|p1a: Vikavolt|Struggle Bug|p2a: Thundurus\n|-resisted|p2a: Thundurus\n|-damage|p2a: Thundurus|87\/100\n|-unboost|p2a: Thundurus|spa|1\n|\n|-heal|p2a: Thundurus|93\/100|[from] item: Leftovers\n|-heal|p1a: Vikavolt|43\/100|[from] item: Leftovers\n|upkeep\n|turn|4\n|\n|t:|1698620199\n|switch|p1a: Arboliva|Arboliva, F|100\/100\n|move|p2a: Thundurus|Knock Off|p1a: Arboliva\n|-damage|p1a: Arboliva|77\/100\n|-fieldstart|move: Grassy Terrain|[from] ability: Seed Sower|[of] p1a: Arboliva\n|-enditem|p1a: Arboliva|Leftovers|[from] move: Knock Off|[of] p2a: Thundurus\n|\n|-heal|p2a: Thundurus|99\/100|[from] item: Leftovers\n|-heal|p1a: Arboliva|83\/100|[from] Grassy Terrain\n|upkeep\n|turn|5\n|\n|t:|1698620217\n|move|p2a: Thundurus|Thunder Wave|p1a: Arboliva\n|-status|p1a: Arboliva|par\n|move|p1a: Arboliva|Leech Seed|p2a: Thundurus\n|-start|p2a: Thundurus|move: Leech Seed\n|\n|-heal|p2a: Thundurus|100\/100|[from] item: Leftovers\n|-heal|p1a: Arboliva|89\/100 par|[from] Grassy Terrain\n|-damage|p2a: Thundurus|88\/100|[from] Leech Seed|[of] p1a: Arboliva\n|-heal|p1a: Arboliva|100\/100 par|[silent]\n|upkeep\n|turn|6\n|\n|t:|1698620233\n|move|p2a: Thundurus|Taunt|p1a: Arboliva\n|-start|p1a: Arboliva|move: Taunt\n|move|p1a: Arboliva|Giga Drain|p2a: Thundurus\n|-resisted|p2a: Thundurus\n|-damage|p2a: Thundurus|64\/100\n|\n|-heal|p2a: Thundurus|70\/100|[from] item: Leftovers\n|-damage|p2a: Thundurus|58\/100|[from] Leech Seed|[of] p1a: Arboliva\n|upkeep\n|turn|7\n|\n|t:|1698620244\n|move|p2a: Thundurus|Volt Switch|p1a: Arboliva\n|-resisted|p1a: Arboliva\n|-damage|p1a: Arboliva|91\/100 par\n|\n|t:|1698620248\n|switch|p2a: Staraptor|Staraptor, F|100\/100|[from] Volt Switch\n|cant|p1a: Arboliva|par\n|\n|-heal|p1a: Arboliva|97\/100 par|[from] Grassy Terrain\n|upkeep\n|turn|8\n|\n|t:|1698620258\n|switch|p1a: Meowscarada|Meowscarada, F|100\/100\n|move|p2a: Staraptor|Brave Bird|p1a: Meowscarada\n|-supereffective|p1a: Meowscarada\n|-damage|p1a: Meowscarada|0 fnt\n|faint|p1a: Meowscarada\n|-damage|p2a: Staraptor|69\/100|[from] Recoil\n|\n|-fieldend|move: Grassy Terrain\n|upkeep\n|\n|t:|1698620273\n|switch|p1a: Baxcalibur|Baxcalibur, F|100\/100\n|turn|9\n|\n|t:|1698620278\n|move|p2a: Staraptor|Brave Bird|p1a: Baxcalibur\n|-damage|p1a: Baxcalibur|12\/100\n|-damage|p2a: Staraptor|35\/100|[from] Recoil\n|move|p1a: Baxcalibur|Snowscape|p1a: Baxcalibur\n|-weather|Snow\n|\n|-weather|Snow|[upkeep]\n|-heal|p1a: Baxcalibur|19\/100|[from] ability: Ice Body\n|-heal|p1a: Baxcalibur|25\/100|[from] item: Leftovers\n|upkeep\n|turn|10\n|\n|t:|1698620291\n|move|p2a: Staraptor|Brave Bird|p1a: Baxcalibur\n|-damage|p1a: Baxcalibur|0 fnt\n|faint|p1a: Baxcalibur\n|-damage|p2a: Staraptor|25\/100|[from] Recoil\n|\n|-weather|Snow|[upkeep]\n|upkeep\n|\n|t:|1698620299\n|switch|p1a: Goodra|Goodra-Hisui, M, shiny|100\/100\n|turn|11\n|\n|t:|1698620304\n|switch|p2a: Thundurus|Thundurus, M|58\/100\n|move|p1a: Goodra|Acid Armor|p1a: Goodra\n|-boost|p1a: Goodra|def|2\n|\n|-weather|Snow|[upkeep]\n|-heal|p2a: Thundurus|64\/100|[from] item: Leftovers\n|upkeep\n|turn|12\n|\n|t:|1698620313\n|move|p2a: Thundurus|Taunt|p1a: Goodra\n|-start|p1a: Goodra|move: Taunt\n|cant|p1a: Goodra|move: Taunt|Acid Armor\n|\n|-weather|Snow|[upkeep]\n|-heal|p2a: Thundurus|70\/100|[from] item: Leftovers\n|upkeep\n|turn|13\n|\n|t:|1698620325\n|move|p2a: Thundurus|Thunder Wave|p1a: Goodra\n|-status|p1a: Goodra|par\n|cant|p1a: Goodra|par\n|\n|-weather|none\n|-heal|p2a: Thundurus|76\/100|[from] item: Leftovers\n|upkeep\n|turn|14\n|\n|t:|1698620335\n|move|p2a: Thundurus|Knock Off|p1a: Goodra\n|-damage|p1a: Goodra|90\/100 par\n|-ability|p1a: Goodra|Gooey\n|-unboost|p2a: Thundurus|spe|1\n|-enditem|p1a: Goodra|Leftovers|[from] move: Knock Off|[of] p2a: Thundurus\n|move|p1a: Goodra|Hyper Beam|p2a: Thundurus\n|-damage|p2a: Thundurus|26\/100\n|-mustrecharge|p1a: Goodra\n|\n|-heal|p2a: Thundurus|32\/100|[from] item: Leftovers\n|-end|p1a: Goodra|move: Taunt\n|upkeep\n|turn|15\n|\n|t:|1698620349\n|move|p2a: Thundurus|Volt Switch|p1a: Goodra\n|-resisted|p1a: Goodra\n|-damage|p1a: Goodra|78\/100 par\n|\n|t:|1698620355\n|switch|p2a: Primeape|Primeape, F|100\/100|[from] Volt Switch\n|-activate|p2a: Primeape|move: Sticky Web\n|-unboost|p2a: Primeape|spe|1\n|-ability|p2a: Primeape|Defiant|boost\n|-boost|p2a: Primeape|atk|2\n|cant|p1a: Goodra|recharge\n|\n|upkeep\n|turn|16\n|\n|t:|1698620367\n|-singleturn|p2a: Primeape|move: Focus Punch\n|move|p1a: Goodra|Acid Armor|p1a: Goodra\n|-boost|p1a: Goodra|def|2\n|move|p2a: Primeape|Focus Punch|p1a: Goodra\n|-supereffective|p1a: Goodra\n|-damage|p1a: Goodra|0 fnt\n|-ability|p1a: Goodra|Gooey\n|-unboost|p2a: Primeape|spe|1\n|-ability|p2a: Primeape|Defiant|boost\n|-boost|p2a: Primeape|atk|2\n|faint|p1a: Goodra\n|\n|upkeep\n|\n|t:|1698620380\n|switch|p1a: Dragapult|Dragapult, M|100\/100\n|turn|17\n|\n|t:|1698620389\n|switch|p2a: Thundurus|Thundurus, M|32\/100\n|move|p1a: Dragapult|Double Team|p1a: Dragapult\n|-boost|p1a: Dragapult|evasion|1\n|\n|-heal|p2a: Thundurus|38\/100|[from] item: Leftovers\n|upkeep\n|turn|18\n|c|\u2606Connie Artichoke|Hitting focus punch is like crack\n|\n|t:|1698620405\n|move|p2a: Thundurus|Taunt|p1a: Dragapult\n|-start|p1a: Dragapult|move: Taunt\n|move|p1a: Dragapult|Double-Edge|p2a: Thundurus\n|-damage|p2a: Thundurus|0 fnt\n|faint|p2a: Thundurus\n|-damage|p1a: Dragapult|89\/100|[from] Recoil\n|\n|-heal|p1a: Dragapult|95\/100|[from] item: Leftovers\n|upkeep\n|\n|t:|1698620418\n|switch|p2a: Gholdengo|Gholdengo|100\/100\n|-activate|p2a: Gholdengo|move: Sticky Web\n|-unboost|p2a: Gholdengo|spe|1\n|turn|19\n|\n|t:|1698620426\n|move|p1a: Dragapult|Double-Edge|p2a: Gholdengo\n|-immune|p2a: Gholdengo\n|move|p2a: Gholdengo|Steel Beam|p1a: Dragapult\n|-damage|p1a: Dragapult|12\/100\n|-damage|p2a: Gholdengo|50\/100|[from] steelbeam\n|\n|-heal|p1a: Dragapult|18\/100|[from] item: Leftovers\n|-heal|p2a: Gholdengo|56\/100|[from] item: Leftovers\n|upkeep\n|turn|20\n|\n|t:|1698620437\n|move|p1a: Dragapult|Psychic Fangs|p2a: Gholdengo\n|-resisted|p2a: Gholdengo\n|-damage|p2a: Gholdengo|43\/100\n|move|p2a: Gholdengo|Recover|p2a: Gholdengo\n|-heal|p2a: Gholdengo|93\/100\n|\n|-heal|p1a: Dragapult|24\/100|[from] item: Leftovers\n|-heal|p2a: Gholdengo|99\/100|[from] item: Leftovers\n|-end|p1a: Dragapult|move: Taunt\n|upkeep\n|turn|21\n|\n|t:|1698620448\n|move|p1a: Dragapult|Double Team|p1a: Dragapult\n|-boost|p1a: Dragapult|evasion|1\n|move|p2a: Gholdengo|Nasty Plot|p2a: Gholdengo\n|-boost|p2a: Gholdengo|spa|2\n|\n|-heal|p1a: Dragapult|30\/100|[from] item: Leftovers\n|-heal|p2a: Gholdengo|100\/100|[from] item: Leftovers\n|upkeep\n|turn|22\n|\n|t:|1698620458\n|move|p1a: Dragapult|Double Team|p1a: Dragapult\n|-boost|p1a: Dragapult|evasion|1\n|move|p2a: Gholdengo|Steel Beam|p1a: Dragapult|[miss]\n|-miss|p2a: Gholdengo|p1a: Dragapult\n|-damage|p2a: Gholdengo|50\/100|[from] steelbeam\n|\n|-heal|p1a: Dragapult|36\/100|[from] item: Leftovers\n|-heal|p2a: Gholdengo|56\/100|[from] item: Leftovers\n|upkeep\n|turn|23\n|\n|t:|1698620469\n|move|p1a: Dragapult|Will-O-Wisp|p2a: Gholdengo\n|-immune|p2a: Gholdengo|[from] ability: Good as Gold\n|move|p2a: Gholdengo|Recover|p2a: Gholdengo\n|-heal|p2a: Gholdengo|100\/100\n|\n|-heal|p1a: Dragapult|42\/100|[from] item: Leftovers\n|upkeep\n|turn|24\n|\n|t:|1698620480\n|switch|p1a: Arboliva|Arboliva, F|97\/100 par\n|move|p2a: Gholdengo|Nasty Plot|p2a: Gholdengo\n|-boost|p2a: Gholdengo|spa|2\n|\n|upkeep\n|turn|25\n|\n|t:|1698620488\n|move|p2a: Gholdengo|Steel Beam|p1a: Arboliva\n|-damage|p1a: Arboliva|0 fnt\n|-fieldstart|move: Grassy Terrain|[from] ability: Seed Sower|[of] p1a: Arboliva\n|-damage|p2a: Gholdengo|50\/100|[from] steelbeam\n|faint|p1a: Arboliva\n|\n|-heal|p2a: Gholdengo|56\/100|[from] Grassy Terrain\n|-heal|p2a: Gholdengo|62\/100|[from] item: Leftovers\n|upkeep\n|-message|ADANTheADAN forfeited.\n|\n|win|Connie Artichoke\n|raw|ADANTheADAN's rating: 1000 &rarr; <strong>1000<\/strong><br \/>(+0 for losing)\n|raw|Connie Artichoke's rating: 1097 &rarr; <strong>1116<\/strong><br \/>(+19 for winning)\n|l|\u2606ADANTheADAN\n","uploadtime":1698620503,"views":12,"p1id":"adantheadan","p2id":"connieartichoke","formatid":"gen9anythinggoes","rating":1000,"private":0,"password":""}