{"id":"gen9anythinggoes-1977685022","p1":"NickMortal","p2":"Thricicle","format":"[Gen 9] Anything Goes","log":"|j|\u2606NickMortal\n|j|\u2606Thricicle\n|t:|1698438512\n|gametype|singles\n|player|p1|NickMortal|clerk-boss|1215\n|player|p2|Thricicle|265|1130\n|teamsize|p1|6\n|teamsize|p2|6\n|gen|9\n|tier|[Gen 9] Anything Goes\n|rated|\n|rule|HP Percentage Mod: HP is shown in percentages\n|rule|Endless Battle Clause: Forcing endless battles is banned\n|clearpoke\n|poke|p1|Scizor, F|\n|poke|p1|Volcarona, F|\n|poke|p1|Kleavor, F|\n|poke|p1|Heracross, F|\n|poke|p1|Scyther, F|\n|poke|p1|Frosmoth, F|\n|poke|p2|Oricorio, F|\n|poke|p2|Quagsire, F|\n|poke|p2|Farigiraf, F|\n|poke|p2|Muk, F|\n|poke|p2|Snorlax, F|\n|poke|p2|Gardevoir, M|\n|teampreview\n|inactive|Battle timer is ON: inactive players will automatically lose when time's up. (requested by Thricicle)\n|\n|t:|1698438520\n|start\n|switch|p1a: Frosmoth|Frosmoth, F|100\/100\n|switch|p2a: Oricorio|Oricorio, F|100\/100\n|turn|1\n|\n|t:|1698438526\n|move|p2a: Oricorio|Quiver Dance|p2a: Oricorio\n|-boost|p2a: Oricorio|spa|1\n|-boost|p2a: Oricorio|spd|1\n|-boost|p2a: Oricorio|spe|1\n|move|p1a: Frosmoth|Light Screen|p1a: Frosmoth\n|-sidestart|p1: NickMortal|move: Light Screen\n|\n|upkeep\n|turn|2\n|\n|t:|1698438533\n|move|p2a: Oricorio|Quiver Dance|p2a: Oricorio\n|-boost|p2a: Oricorio|spa|1\n|-boost|p2a: Oricorio|spd|1\n|-boost|p2a: Oricorio|spe|1\n|move|p1a: Frosmoth|Ice Beam|p2a: Oricorio\n|-damage|p2a: Oricorio|76\/100\n|\n|upkeep\n|turn|3\n|\n|t:|1698438540\n|switch|p1a: Kleavor|Kleavor, F, shiny|100\/100\n|move|p2a: Oricorio|Quiver Dance|p2a: Oricorio\n|-boost|p2a: Oricorio|spa|1\n|-boost|p2a: Oricorio|spd|1\n|-boost|p2a: Oricorio|spe|1\n|\n|upkeep\n|turn|4\n|\n|t:|1698438547\n|move|p2a: Oricorio|Baton Pass|p2a: Oricorio\n|\n|t:|1698438548\n|switch|p2a: Farigiraf|Farigiraf, F|100\/100|[from] Baton Pass\n|move|p1a: Kleavor|Stone Axe|p2a: Farigiraf\n|-damage|p2a: Farigiraf|47\/100\n|-sidestart|p2: Thricicle|move: Stealth Rock\n|\n|upkeep\n|turn|5\n|\n|t:|1698438563\n|switch|p1a: Scizor|Scizor, F, shiny|100\/100\n|-terastallize|p2a: Farigiraf|Fire\n|move|p2a: Farigiraf|Tera Blast|p1a: Scizor|[anim] Tera Blast Fire\n|-supereffective|p1a: Scizor\n|-damage|p1a: Scizor|0 fnt\n|faint|p1a: Scizor\n|\n|-sideend|p1: NickMortal|move: Light Screen\n|upkeep\n|\n|t:|1698438576\n|switch|p1a: Scyther|Scyther, F, shiny|100\/100\n|turn|6\n|\n|t:|1698438579\n|move|p2a: Farigiraf|Tera Blast|p1a: Scyther|[anim] Tera Blast Fire\n|-supereffective|p1a: Scyther\n|-damage|p1a: Scyther|0 fnt\n|faint|p1a: Scyther\n|\n|upkeep\n|\n|t:|1698438588\n|switch|p1a: Frosmoth|Frosmoth, F|100\/100\n|turn|7\n|\n|t:|1698438591\n|move|p2a: Farigiraf|Tera Blast|p1a: Frosmoth|[anim] Tera Blast Fire\n|-supereffective|p1a: Frosmoth\n|-enditem|p1a: Frosmoth|Focus Sash\n|-damage|p1a: Frosmoth|1\/100\n|move|p1a: Frosmoth|Light Screen|p1a: Frosmoth\n|-sidestart|p1: NickMortal|move: Light Screen\n|\n|upkeep\n|turn|8\n|\n|t:|1698438596\n|move|p2a: Farigiraf|Tera Blast|p1a: Frosmoth|[anim] Tera Blast Fire\n|-supereffective|p1a: Frosmoth\n|-damage|p1a: Frosmoth|0 fnt\n|faint|p1a: Frosmoth\n|\n|upkeep\n|\n|t:|1698438608\n|switch|p1a: Heracross|Heracross, F|100\/100\n|turn|9\n|\n|t:|1698438611\n|move|p2a: Farigiraf|Tera Blast|p1a: Heracross|[anim] Tera Blast Fire\n|-supereffective|p1a: Heracross\n|-damage|p1a: Heracross|0 fnt\n|faint|p1a: Heracross\n|\n|upkeep\n|\n|t:|1698438614\n|switch|p1a: Volcarona|Volcarona, F, shiny|100\/100\n|turn|10\n|\n|t:|1698438619\n|move|p2a: Farigiraf|Tera Blast|p1a: Volcarona|[anim] Tera Blast Fire\n|-damage|p1a: Volcarona|54\/100\n|move|p1a: Volcarona|Quiver Dance|p1a: Volcarona\n|-boost|p1a: Volcarona|spa|1\n|-boost|p1a: Volcarona|spd|1\n|-boost|p1a: Volcarona|spe|1\n|\n|-heal|p1a: Volcarona|60\/100|[from] item: Leftovers\n|upkeep\n|turn|11\n|\n|t:|1698438628\n|move|p2a: Farigiraf|Tera Blast|p1a: Volcarona|[anim] Tera Blast Fire\n|-damage|p1a: Volcarona|33\/100\n|move|p1a: Volcarona|Bug Buzz|p2a: Farigiraf\n|-resisted|p2a: Farigiraf\n|-damage|p2a: Farigiraf|34\/100\n|\n|-heal|p1a: Volcarona|39\/100|[from] item: Leftovers\n|-sideend|p1: NickMortal|move: Light Screen\n|upkeep\n|turn|12\n|\n|t:|1698438636\n|move|p2a: Farigiraf|Tera Blast|p1a: Volcarona|[anim] Tera Blast Fire\n|-damage|p1a: Volcarona|0 fnt\n|faint|p1a: Volcarona\n|\n|upkeep\n|\n|t:|1698438638\n|switch|p1a: Kleavor|Kleavor, F, shiny|100\/100\n|turn|13\n|c|\u2606Thricicle|gg\n|\n|t:|1698438645\n|-terastallize|p1a: Kleavor|Flying\n|move|p2a: Farigiraf|Tera Blast|p1a: Kleavor|[anim] Tera Blast Fire\n|-damage|p1a: Kleavor|0 fnt\n|faint|p1a: Kleavor\n|\n|win|Thricicle\n|raw|NickMortal's rating: 1215 &rarr; <strong>1184<\/strong><br \/>(-31 for losing)\n|raw|Thricicle's rating: 1130 &rarr; <strong>1161<\/strong><br \/>(+31 for winning)\n|c|\u2606NickMortal|GG\n|l|\u2606NickMortal\n|c|\u2606Thricicle|Oh I just realised it was a full bug team\n","uploadtime":1698438659,"views":10,"p1id":"nickmortal","p2id":"thricicle","formatid":"gen9anythinggoes","rating":1161,"private":0,"password":""}