{"id":"gen9anythinggoes-1984635630","p1":"YoungEsq","p2":"Shockishi","format":"[Gen 9] Anything Goes","log":"|j|\u2606YoungEsq\n|j|\u2606Shockishi\n|t:|1699286602\n|gametype|singles\n|player|p1|YoungEsq|1|1350\n|player|p2|Shockishi|101|1266\n|teamsize|p1|6\n|teamsize|p2|6\n|gen|9\n|tier|[Gen 9] Anything Goes\n|rated|\n|rule|HP Percentage Mod: HP is shown in percentages\n|rule|Endless Battle Clause: Forcing endless battles is banned\n|clearpoke\n|poke|p1|Ting-Lu|\n|poke|p1|Gholdengo|\n|poke|p1|Roaring Moon|\n|poke|p1|Chi-Yu|\n|poke|p1|Samurott-Hisui, F|\n|poke|p1|Mandibuzz, F|\n|poke|p2|Zoroark-Hisui, M|\n|poke|p2|Sneasler, F|\n|poke|p2|Arcanine-Hisui, M|\n|poke|p2|Ursaluna-Bloodmoon, M|\n|poke|p2|Samurott-Hisui, M|\n|poke|p2|Braviary-Hisui, M|\n|teampreview\n|inactive|Battle timer is ON: inactive players will automatically lose when time's up. (requested by Shockishi)\n|\n|t:|1699286630\n|start\n|switch|p1a: Ting-Lu|Ting-Lu|100\/100\n|switch|p2a: Sneasler|Sneasler, F|100\/100\n|-ability|p1a: Ting-Lu|Vessel of Ruin\n|turn|1\n|\n|t:|1699286639\n|move|p2a: Sneasler|Swords Dance|p2a: Sneasler\n|-boost|p2a: Sneasler|atk|2\n|move|p1a: Ting-Lu|Whirlwind|p2a: Sneasler\n|drag|p2a: Ursaluna|Ursaluna-Bloodmoon, M|100\/100\n|\n|upkeep\n|turn|2\n|\n|t:|1699286649\n|move|p2a: Ursaluna|Nasty Plot|p2a: Ursaluna\n|-boost|p2a: Ursaluna|spa|2\n|move|p1a: Ting-Lu|Stealth Rock|p2a: Ursaluna\n|-sidestart|p2: Shockishi|move: Stealth Rock\n|\n|upkeep\n|turn|3\n|\n|t:|1699286654\n|move|p2a: Ursaluna|Focus Blast|p1a: Ting-Lu\n|-supereffective|p1a: Ting-Lu\n|-damage|p1a: Ting-Lu|32\/100\n|move|p1a: Ting-Lu|Whirlwind|p2a: Ursaluna\n|drag|p2a: Sneasler|Sneasler, F|100\/100\n|-damage|p2a: Sneasler|95\/100|[from] Stealth Rock\n|\n|-heal|p1a: Ting-Lu|39\/100|[from] item: Leftovers\n|upkeep\n|turn|4\n|\n|t:|1699286659\n|move|p2a: Sneasler|Brick Break|p1a: Ting-Lu\n|-supereffective|p1a: Ting-Lu\n|-damage|p1a: Ting-Lu|0 fnt\n|faint|p1a: Ting-Lu\n|\n|upkeep\n|\n|t:|1699286666\n|switch|p1a: Chi-Yu|Chi-Yu|100\/100\n|-ability|p1a: Chi-Yu|Beads of Ruin\n|turn|5\n|\n|t:|1699286672\n|move|p1a: Chi-Yu|Psychic|p2a: Sneasler\n|-supereffective|p2a: Sneasler\n|-damage|p2a: Sneasler|0 fnt\n|faint|p2a: Sneasler\n|\n|upkeep\n|\n|t:|1699286677\n|switch|p2a: Samurott|Samurott-Hisui, M|100\/100\n|-damage|p2a: Samurott|88\/100|[from] Stealth Rock\n|turn|6\n|\n|t:|1699286683\n|switch|p1a: Mandibuzz|Mandibuzz, F|100\/100\n|move|p2a: Samurott|Razor Shell|p1a: Mandibuzz\n|-damage|p1a: Mandibuzz|63\/100\n|\n|upkeep\n|turn|7\n|\n|t:|1699286689\n|move|p2a: Samurott|Ceaseless Edge|p1a: Mandibuzz\n|-resisted|p1a: Mandibuzz\n|-damage|p1a: Mandibuzz|46\/100\n|-sidestart|p1: YoungEsq|Spikes\n|move|p1a: Mandibuzz|Toxic|p2a: Samurott|[miss]\n|-miss|p1a: Mandibuzz|p2a: Samurott\n|\n|upkeep\n|turn|8\n|\n|t:|1699286696\n|move|p2a: Samurott|Razor Shell|p1a: Mandibuzz\n|-damage|p1a: Mandibuzz|6\/100\n|move|p1a: Mandibuzz|Roost|p1a: Mandibuzz\n|-heal|p1a: Mandibuzz|56\/100\n|-singleturn|p1a: Mandibuzz|move: Roost\n|\n|upkeep\n|turn|9\n|\n|t:|1699286703\n|move|p2a: Samurott|Ceaseless Edge|p1a: Mandibuzz\n|-resisted|p1a: Mandibuzz\n|-damage|p1a: Mandibuzz|39\/100\n|-sidestart|p1: YoungEsq|Spikes\n|move|p1a: Mandibuzz|Roost|p1a: Mandibuzz\n|-heal|p1a: Mandibuzz|89\/100\n|-singleturn|p1a: Mandibuzz|move: Roost\n|\n|upkeep\n|turn|10\n|\n|t:|1699286710\n|move|p2a: Samurott|Ceaseless Edge|p1a: Mandibuzz|[miss]\n|-miss|p2a: Samurott|p1a: Mandibuzz\n|move|p1a: Mandibuzz|Toxic|p2a: Samurott\n|-status|p2a: Samurott|tox\n|\n|-damage|p2a: Samurott|82\/100 tox|[from] psn\n|upkeep\n|turn|11\n|\n|t:|1699286715\n|move|p2a: Samurott|Ceaseless Edge|p1a: Mandibuzz|[miss]\n|-miss|p2a: Samurott|p1a: Mandibuzz\n|move|p1a: Mandibuzz|Defog|p2a: Samurott\n|-unboost|p2a: Samurott|evasion|1\n|-sideend|p2: Shockishi|Stealth Rock|[from] move: Defog|[of] p1a: Mandibuzz\n|-sideend|p1: YoungEsq|Spikes|[from] move: Defog|[of] p1a: Mandibuzz\n|\n|-damage|p2a: Samurott|69\/100 tox|[from] psn\n|upkeep\n|turn|12\n|\n|t:|1699286724\n|move|p2a: Samurott|Ceaseless Edge|p1a: Mandibuzz\n|-resisted|p1a: Mandibuzz\n|-damage|p1a: Mandibuzz|71\/100\n|-sidestart|p1: YoungEsq|Spikes\n|move|p1a: Mandibuzz|Foul Play|p2a: Samurott\n|-resisted|p2a: Samurott\n|-damage|p2a: Samurott|41\/100 tox\n|\n|-damage|p2a: Samurott|22\/100 tox|[from] psn\n|upkeep\n|turn|13\n|\n|t:|1699286738\n|move|p2a: Samurott|Megahorn|p1a: Mandibuzz\n|-damage|p1a: Mandibuzz|43\/100\n|move|p1a: Mandibuzz|Defog|p2a: Samurott\n|-unboost|p2a: Samurott|evasion|1\n|-sideend|p1: YoungEsq|Spikes|[from] move: Defog|[of] p1a: Mandibuzz\n|\n|-damage|p2a: Samurott|0 fnt|[from] psn\n|faint|p2a: Samurott\n|upkeep\n|\n|t:|1699286743\n|switch|p2a: Ursaluna|Ursaluna-Bloodmoon, M|100\/100\n|turn|14\n|\n|t:|1699286748\n|move|p2a: Ursaluna|Nasty Plot|p2a: Ursaluna\n|-boost|p2a: Ursaluna|spa|2\n|move|p1a: Mandibuzz|Toxic|p2a: Ursaluna\n|-status|p2a: Ursaluna|tox\n|\n|-damage|p2a: Ursaluna|95\/100 tox|[from] psn\n|upkeep\n|turn|15\n|\n|t:|1699286757\n|move|p2a: Ursaluna|Hyper Voice|p1a: Mandibuzz\n|-crit|p1a: Mandibuzz\n|-damage|p1a: Mandibuzz|0 fnt\n|faint|p1a: Mandibuzz\n|\n|-damage|p2a: Ursaluna|83\/100 tox|[from] psn\n|upkeep\n|\n|t:|1699286763\n|switch|p1a: Samurott|Samurott-Hisui, F|100\/100\n|turn|16\n|\n|t:|1699286771\n|move|p2a: Ursaluna|Hyper Voice|p1a: Samurott\n|-damage|p1a: Samurott|0 fnt\n|faint|p1a: Samurott\n|\n|-damage|p2a: Ursaluna|65\/100 tox|[from] psn\n|upkeep\n|\n|t:|1699286779\n|switch|p1a: Gholdengo|Gholdengo|100\/100\n|-item|p1a: Gholdengo|Air Balloon\n|turn|17\n|\n|t:|1699286783\n|move|p2a: Ursaluna|Bitter Malice|p1a: Gholdengo\n|-supereffective|p1a: Gholdengo\n|-damage|p1a: Gholdengo|0 fnt\n|-enditem|p1a: Gholdengo|Air Balloon\n|faint|p1a: Gholdengo\n|\n|-damage|p2a: Ursaluna|41\/100 tox|[from] psn\n|upkeep\n|\n|t:|1699286787\n|switch|p1a: Chi-Yu|Chi-Yu|100\/100\n|-ability|p1a: Chi-Yu|Beads of Ruin\n|turn|18\n|\n|t:|1699286798\n|move|p1a: Chi-Yu|Dark Pulse|p2a: Ursaluna\n|-supereffective|p2a: Ursaluna\n|-damage|p2a: Ursaluna|0 fnt\n|replace|p2a: Zoroark|Zoroark-Hisui, M, shiny\n|-end|p2a: Zoroark|Illusion\n|faint|p2a: Zoroark\n|\n|upkeep\n|\n|t:|1699286805\n|switch|p2a: Braviary|Braviary-Hisui, M|100\/100\n|turn|19\n|\n|t:|1699286809\n|move|p1a: Chi-Yu|Dark Pulse|p2a: Braviary\n|-supereffective|p2a: Braviary\n|-damage|p2a: Braviary|0 fnt\n|faint|p2a: Braviary\n|\n|upkeep\n|\n|t:|1699286823\n|switch|p2a: Arcanine|Arcanine-Hisui, M|100\/100\n|turn|20\n|\n|t:|1699286827\n|move|p2a: Arcanine|Extreme Speed|p1a: Chi-Yu\n|-damage|p1a: Chi-Yu|56\/100\n|move|p1a: Chi-Yu|Dark Pulse|p2a: Arcanine\n|-damage|p2a: Arcanine|26\/100\n|\n|upkeep\n|turn|21\n|\n|t:|1699286832\n|move|p2a: Arcanine|Extreme Speed|p1a: Chi-Yu\n|-damage|p1a: Chi-Yu|17\/100\n|move|p1a: Chi-Yu|Dark Pulse|p2a: Arcanine\n|-damage|p2a: Arcanine|0 fnt\n|faint|p2a: Arcanine\n|\n|upkeep\n|\n|t:|1699286837\n|switch|p2a: Ursaluna|Ursaluna-Bloodmoon, M|100\/100\n|turn|22\n|\n|t:|1699286840\n|move|p1a: Chi-Yu|Dark Pulse|p2a: Ursaluna\n|-damage|p2a: Ursaluna|40\/100\n|move|p2a: Ursaluna|Blood Moon|p1a: Chi-Yu\n|-damage|p1a: Chi-Yu|0 fnt\n|faint|p1a: Chi-Yu\n|\n|-heal|p2a: Ursaluna|46\/100|[from] item: Leftovers\n|upkeep\n|\n|t:|1699286845\n|switch|p1a: Roaring Moon|Roaring Moon|100\/100\n|-enditem|p1a: Roaring Moon|Booster Energy\n|-activate|p1a: Roaring Moon|ability: Protosynthesis|[fromitem]\n|-start|p1a: Roaring Moon|protosynthesisatk\n|turn|23\n|\n|t:|1699286853\n|-terastallize|p1a: Roaring Moon|Flying\n|move|p2a: Ursaluna|Protect|p2a: Ursaluna\n|-singleturn|p2a: Ursaluna|Protect\n|move|p1a: Roaring Moon|Dragon Dance|p1a: Roaring Moon\n|-boost|p1a: Roaring Moon|atk|1\n|-boost|p1a: Roaring Moon|spe|1\n|\n|-heal|p2a: Ursaluna|52\/100|[from] item: Leftovers\n|upkeep\n|turn|24\n|\n|t:|1699286863\n|move|p1a: Roaring Moon|Dragon Claw|p2a: Ursaluna\n|-damage|p2a: Ursaluna|0 fnt\n|faint|p2a: Ursaluna\n|\n|win|YoungEsq\n|raw|YoungEsq's rating: 1350 &rarr; <strong>1365<\/strong><br \/>(+15 for winning)\n|raw|Shockishi's rating: 1266 &rarr; <strong>1247<\/strong><br \/>(-19 for losing)\n","uploadtime":1699286866,"views":6,"p1id":"youngesq","p2id":"shockishi","formatid":"gen9anythinggoes","rating":1247,"private":0,"password":""}