{"id":"gen9anythinggoes-1978893192","p1":"Ceruliknight","p2":"pokemonshowdoe","format":"[Gen 9] Anything Goes","log":"|j|\u2606Ceruliknight\n|j|\u2606pokemonshowdoe\n|t:|1698607336\n|gametype|singles\n|player|p1|Ceruliknight|riley|\n|player|p2|pokemonshowdoe|gentleman-gen4dp|\n|teamsize|p1|6\n|teamsize|p2|6\n|gen|9\n|tier|[Gen 9] Anything Goes\n|rule|HP Percentage Mod: HP is shown in percentages\n|rule|Endless Battle Clause: Forcing endless battles is banned\n|clearpoke\n|poke|p1|Wingull, F|\n|poke|p1|Lechonk, M|\n|poke|p1|Hoppip, F|\n|poke|p1|Froslass, F|\n|poke|p1|Farigiraf, M|\n|poke|p1|Shuppet, F|\n|poke|p2|Azumarill, M|\n|poke|p2|Rookidee, F|\n|poke|p2|Torkoal, F|\n|poke|p2|Voltorb|\n|poke|p2|Luvdisc, M|\n|poke|p2|Morgrem, M|\n|teampreview\n|\n|t:|1698607356\n|start\n|switch|p1a: Chonks|Lechonk, M|100\/100\n|switch|p2a: Azumarill|Azumarill, M|100\/100\n|turn|1\n|\n|t:|1698607369\n|move|p2a: Azumarill|Belly Drum|p2a: Azumarill\n|-damage|p2a: Azumarill|51\/100\n|-setboost|p2a: Azumarill|atk|6|[from] move: Belly Drum\n|move|p1a: Chonks|Yawn|p2a: Azumarill\n|-start|p2a: Azumarill|move: Yawn|[of] p1a: Chonks\n|\n|upkeep\n|turn|2\n|\n|t:|1698607400\n|switch|p1a: Peeko|Wingull, F, shiny|100\/100\n|move|p2a: Azumarill|Brick Break|p1a: Peeko\n|-resisted|p1a: Peeko\n|-damage|p1a: Peeko|45\/100\n|\n|-end|p2a: Azumarill|move: Yawn|[silent]\n|-status|p2a: Azumarill|slp\n|upkeep\n|turn|3\n|\n|t:|1698607418\n|move|p1a: Peeko|Rain Dance|p1a: Peeko\n|-weather|RainDance\n|cant|p2a: Azumarill|slp\n|\n|-weather|RainDance|[upkeep]\n|-heal|p1a: Peeko|51\/100|[from] ability: Rain Dish\n|upkeep\n|turn|4\n|\n|t:|1698607427\n|-terastallize|p1a: Peeko|Electric\n|move|p1a: Peeko|Tera Blast|p2a: Azumarill|[anim] Tera Blast Electric\n|-supereffective|p2a: Azumarill\n|-damage|p2a: Azumarill|8\/100 slp\n|-enditem|p2a: Azumarill|Aguav Berry|[eat]\n|-heal|p2a: Azumarill|42\/100 slp|[from] item: Aguav Berry\n|cant|p2a: Azumarill|slp\n|\n|-weather|RainDance|[upkeep]\n|-heal|p1a: Peeko|57\/100|[from] ability: Rain Dish\n|upkeep\n|turn|5\n|\n|t:|1698607445\n|switch|p2a: Voltorb|Voltorb|100\/100\n|move|p1a: Peeko|Tera Blast|p2a: Voltorb|[anim] Tera Blast Electric\n|-resisted|p2a: Voltorb\n|-damage|p2a: Voltorb|69\/100\n|\n|-weather|RainDance|[upkeep]\n|-heal|p1a: Peeko|63\/100|[from] ability: Rain Dish\n|upkeep\n|turn|6\n|\n|t:|1698607472\n|switch|p1a: Shoopit|Shuppet, F, shiny|100\/100\n|move|p2a: Voltorb|Light Screen|p2a: Voltorb\n|-sidestart|p2: pokemonshowdoe|move: Light Screen\n|\n|-weather|RainDance|[upkeep]\n|upkeep\n|turn|7\n|\n|t:|1698607482\n|move|p2a: Voltorb|Explosion|p1a: Shoopit\n|-immune|p1a: Shoopit\n|faint|p2a: Voltorb\n|move|p1a: Shoopit|Poltergeist|p2: Voltorb|[notarget]\n|-fail|p1a: Shoopit\n|\n|-weather|none\n|upkeep\n|\n|t:|1698607496\n|switch|p2a: Morgrem|Morgrem, M|100\/100\n|-item|p1a: Shoopit|Bright Powder|[from] ability: Frisk|[of] p2a: Morgrem|[identify]\n|turn|8\n|\n|t:|1698607512\n|switch|p1a: Hoppip fam|Hoppip, F, shiny|100\/100\n|move|p2a: Morgrem|Dazzling Gleam|p1a: Hoppip fam\n|-damage|p1a: Hoppip fam|39\/100\n|-enditem|p1a: Hoppip fam|Sitrus Berry|[eat]\n|-heal|p1a: Hoppip fam|64\/100|[from] item: Sitrus Berry\n|\n|upkeep\n|turn|9\n|\n|t:|1698607531\n|move|p2a: Morgrem|Dazzling Gleam|p1a: Hoppip fam\n|-damage|p1a: Hoppip fam|0 fnt\n|faint|p1a: Hoppip fam\n|\n|upkeep\n|\n|t:|1698607541\n|switch|p1a: Chonks|Lechonk, M|100\/100\n|turn|10\n|\n|t:|1698607555\n|-terastallize|p2a: Morgrem|Dark\n|move|p2a: Morgrem|Dazzling Gleam|p1a: Chonks\n|-damage|p1a: Chonks|38\/100\n|move|p1a: Chonks|Yawn|p2a: Morgrem\n|-start|p2a: Morgrem|move: Yawn|[of] p1a: Chonks\n|\n|-sideend|p2: pokemonshowdoe|move: Light Screen\n|upkeep\n|turn|11\n|\n|t:|1698607591\n|switch|p1a: Shoopit|Shuppet, F, shiny|100\/100\n|move|p2a: Morgrem|Dazzling Gleam|p1a: Shoopit\n|-damage|p1a: Shoopit|6\/100\n|\n|-end|p2a: Morgrem|move: Yawn|[silent]\n|-status|p2a: Morgrem|slp\n|upkeep\n|turn|12\n|\n|t:|1698607602\n|switch|p1a: Chonks|Lechonk, M|38\/100\n|cant|p2a: Morgrem|slp\n|\n|upkeep\n|turn|13\n|\n|t:|1698607610\n|cant|p2a: Morgrem|slp\n|move|p1a: Chonks|Rest|p1a: Chonks\n|-status|p1a: Chonks|slp|[from] move: Rest\n|-heal|p1a: Chonks|100\/100 slp|[silent]\n|-enditem|p1a: Chonks|Chesto Berry|[eat]\n|-curestatus|p1a: Chonks|slp|[msg]\n|\n|upkeep\n|turn|14\n|\n|t:|1698607618\n|-curestatus|p2a: Morgrem|slp|[msg]\n|move|p2a: Morgrem|Dazzling Gleam|p1a: Chonks\n|-damage|p1a: Chonks|37\/100\n|move|p1a: Chonks|Super Fang|p2a: Morgrem\n|-damage|p2a: Morgrem|50\/100\n|\n|upkeep\n|turn|15\n|\n|t:|1698607633\n|switch|p1a: Shoopit|Shuppet, F, shiny|6\/100\n|move|p2a: Morgrem|Dazzling Gleam|p1a: Shoopit|[miss]\n|-miss|p2a: Morgrem|p1a: Shoopit\n|\n|upkeep\n|turn|16\n|\n|t:|1698607644\n|move|p1a: Shoopit|Shadow Sneak|p2a: Morgrem\n|-resisted|p2a: Morgrem\n|-damage|p2a: Morgrem|36\/100\n|move|p2a: Morgrem|Dazzling Gleam|p1a: Shoopit\n|-damage|p1a: Shoopit|0 fnt\n|faint|p1a: Shoopit\n|\n|upkeep\n|\n|t:|1698607662\n|switch|p1a: Peeko|Wingull, F, shiny, tera:Electric|63\/100\n|turn|17\n|\n|t:|1698607672\n|move|p1a: Peeko|Tera Blast|p2a: Morgrem|[anim] Tera Blast Electric\n|-damage|p2a: Morgrem|2\/100\n|move|p2a: Morgrem|Dazzling Gleam|p1a: Peeko\n|-damage|p1a: Peeko|0 fnt\n|faint|p1a: Peeko\n|\n|upkeep\n|\n|t:|1698607681\n|switch|p1a: Yuki|Froslass, F|100\/100\n|turn|18\n|\n|t:|1698607688\n|move|p1a: Yuki|Ice Beam|p2a: Morgrem\n|-damage|p2a: Morgrem|0 fnt\n|faint|p2a: Morgrem\n|\n|upkeep\n|\n|t:|1698607693\n|switch|p2a: Torkoal|Torkoal, F|100\/100\n|turn|19\n|\n|t:|1698607702\n|move|p1a: Yuki|Destiny Bond|p1a: Yuki\n|-singlemove|p1a: Yuki|Destiny Bond\n|move|p2a: Torkoal|Eruption|p1a: Yuki\n|-supereffective|p1a: Yuki\n|-damage|p1a: Yuki|0 fnt\n|-start|p2a: Torkoal|Disable|Eruption|[from] ability: Cursed Body|[of] p1a: Yuki\n|faint|p1a: Yuki\n|-activate|p1a: Yuki|move: Destiny Bond\n|faint|p2a: Torkoal\n|\n|upkeep\n|\n|t:|1698607734\n|switch|p1a: Chonks|Lechonk, M|37\/100\n|switch|p2a: Rookidee|Rookidee, F|100\/100\n|turn|20\n|\n|t:|1698607746\n|move|p2a: Rookidee|Drill Peck|p1a: Chonks\n|-damage|p1a: Chonks|8\/100\n|move|p1a: Chonks|Rest|p1a: Chonks\n|-status|p1a: Chonks|slp|[from] move: Rest\n|-heal|p1a: Chonks|100\/100 slp|[silent]\n|\n|upkeep\n|turn|21\n|\n|t:|1698607757\n|move|p2a: Rookidee|Hone Claws|p2a: Rookidee\n|-boost|p2a: Rookidee|atk|1\n|-boost|p2a: Rookidee|accuracy|1\n|cant|p1a: Chonks|slp\n|\n|upkeep\n|turn|22\n|\n|t:|1698607764\n|move|p2a: Rookidee|Drill Peck|p1a: Chonks\n|-damage|p1a: Chonks|63\/100 slp\n|cant|p1a: Chonks|slp\n|\n|upkeep\n|turn|23\n|\n|t:|1698607769\n|move|p2a: Rookidee|Hone Claws|p2a: Rookidee\n|-boost|p2a: Rookidee|atk|1\n|-boost|p2a: Rookidee|accuracy|1\n|-curestatus|p1a: Chonks|slp|[msg]\n|move|p1a: Chonks|Yawn|p2a: Rookidee\n|-start|p2a: Rookidee|move: Yawn|[of] p1a: Chonks\n|\n|upkeep\n|turn|24\n|\n|t:|1698607781\n|move|p2a: Rookidee|Drill Peck|p1a: Chonks\n|-damage|p1a: Chonks|9\/100\n|move|p1a: Chonks|Super Fang|p2a: Rookidee\n|-damage|p2a: Rookidee|50\/100\n|\n|-end|p2a: Rookidee|move: Yawn|[silent]\n|-status|p2a: Rookidee|slp\n|upkeep\n|turn|25\n|\n|t:|1698607789\n|cant|p2a: Rookidee|slp\n|move|p1a: Chonks|Rest|p1a: Chonks\n|-status|p1a: Chonks|slp|[from] move: Rest\n|-heal|p1a: Chonks|100\/100 slp|[silent]\n|\n|upkeep\n|turn|26\n|\n|t:|1698607796\n|-curestatus|p2a: Rookidee|slp|[msg]\n|move|p2a: Rookidee|Drill Peck|p1a: Chonks\n|-damage|p1a: Chonks|48\/100 slp\n|cant|p1a: Chonks|slp\n|\n|upkeep\n|turn|27\n|\n|t:|1698607809\n|switch|p1a: Girafaraf|Farigiraf, M|100\/100\n|move|p2a: Rookidee|Drill Peck|p1a: Girafaraf\n|-damage|p1a: Girafaraf|76\/100\n|\n|upkeep\n|turn|28\n|\n|t:|1698607817\n|move|p2a: Rookidee|Rest|p2a: Rookidee\n|-status|p2a: Rookidee|slp|[from] move: Rest\n|-heal|p2a: Rookidee|100\/100 slp|[silent]\n|move|p1a: Girafaraf|Psychic|p2a: Rookidee\n|-damage|p2a: Rookidee|36\/100 slp\n|\n|upkeep\n|turn|29\n|\n|t:|1698607827\n|switch|p2a: Luvdisc|Luvdisc, M|100\/100\n|move|p1a: Girafaraf|Nasty Plot|p1a: Girafaraf\n|-boost|p1a: Girafaraf|spa|2\n|\n|upkeep\n|turn|30\n|\n|t:|1698607841\n|move|p2a: Luvdisc|Rain Dance|p2a: Luvdisc\n|-weather|RainDance\n|move|p1a: Girafaraf|Hyper Voice|p2a: Luvdisc\n|-damage|p2a: Luvdisc|0 fnt\n|faint|p2a: Luvdisc\n|-enditem|p1a: Girafaraf|Throat Spray\n|-boost|p1a: Girafaraf|spa|1|[from] item: Throat Spray\n|\n|-weather|RainDance|[upkeep]\n|upkeep\n|\n|t:|1698607849\n|switch|p2a: Azumarill|Azumarill, M|42\/100 slp\n|turn|31\n|\n|t:|1698607856\n|-curestatus|p2a: Azumarill|slp|[msg]\n|move|p2a: Azumarill|Aqua Jet||[still]\n|cant|p1a: Girafaraf|ability: Armor Tail|Aqua Jet|[of] p2a: Azumarill\n|move|p1a: Girafaraf|Hyper Voice|p2a: Azumarill\n|-damage|p2a: Azumarill|0 fnt\n|faint|p2a: Azumarill\n|\n|-weather|RainDance|[upkeep]\n|upkeep\n|\n|t:|1698607866\n|switch|p2a: Rookidee|Rookidee, F|36\/100 slp\n|turn|32\n|\n|t:|1698607874\n|cant|p2a: Rookidee|slp\n|move|p1a: Girafaraf|Hyper Voice|p2a: Rookidee\n|-crit|p2a: Rookidee\n|-damage|p2a: Rookidee|0 fnt\n|faint|p2a: Rookidee\n|\n|win|Ceruliknight\n|l|\u2606pokemonshowdoe\n","uploadtime":1698607906,"views":13,"p1id":"ceruliknight","p2id":"pokemonshowdoe","formatid":"gen9anythinggoes","rating":0,"private":0,"password":""}