{"id":"gen9anythinggoes-1980063772","p1":"fletchermed","p2":"aaaa69","format":"[Gen 9] Anything Goes","log":"|j|\u2606fletchermed\n|j|\u2606aaaa69\n|t:|1698753309\n|gametype|singles\n|player|p1|fletchermed|maid|1314\n|player|p2|aaaa69|gentleman-gen4dp|1176\n|teamsize|p1|6\n|teamsize|p2|6\n|gen|9\n|tier|[Gen 9] Anything Goes\n|rated|\n|rule|HP Percentage Mod: HP is shown in percentages\n|rule|Endless Battle Clause: Forcing endless battles is banned\n|clearpoke\n|poke|p1|Fezandipiti, M|\n|poke|p1|Alomomola, F|\n|poke|p1|Zoroark-Hisui, F|\n|poke|p1|Zamazenta-*|\n|poke|p1|Corviknight, F|\n|poke|p1|Clodsire, F|\n|poke|p2|Greninja-*, M|\n|poke|p2|Cinderace, F|\n|poke|p2|Raichu, F|\n|poke|p2|Charizard, M|\n|poke|p2|Miraidon|\n|poke|p2|Calyrex-Shadow|\n|teampreview\n|inactive|Battle timer is ON: inactive players will automatically lose when time's up. (requested by aaaa69)\n|\n|t:|1698753318\n|start\n|switch|p1a: \ud83d\uded2|Fezandipiti, M|100\/100\n|switch|p2a: little timmy|Charizard, M|100\/100\n|turn|1\n|\n|t:|1698753328\n|switch|p2a: aaaa|Calyrex-Shadow|100\/100\n|-ability|p2a: aaaa|As One\n|-ability|p2a: aaaa|Unnerve\n|move|p1a: \ud83d\uded2|Beat Up|p2a: aaaa\n|-supereffective|p2a: aaaa\n|-damage|p2a: aaaa|78\/100\n|-supereffective|p2a: aaaa\n|-damage|p2a: aaaa|59\/100\n|-supereffective|p2a: aaaa\n|-damage|p2a: aaaa|36\/100\n|-supereffective|p2a: aaaa\n|-damage|p2a: aaaa|9\/100\n|-status|p2a: aaaa|tox|[from] ability: Toxic Chain|[of] p1a: \ud83d\uded2\n|-supereffective|p2a: aaaa\n|-damage|p2a: aaaa|0 fnt\n|faint|p2a: aaaa\n|-hitcount|p2: aaaa|5\n|\n|upkeep\n|\n|t:|1698753352\n|switch|p2a: op|Miraidon|100\/100\n|-fieldstart|move: Electric Terrain|[from] ability: Hadron Engine|[of] p2a: op\n|turn|2\n|\n|t:|1698753360\n|switch|p1a: \ud83c\udf80\ud83c\udf97\ud83d\udc54\ud83d\udd76|Clodsire, F|100\/100\n|move|p2a: op|Electro Drift|p1a: \ud83c\udf80\ud83c\udf97\ud83d\udc54\ud83d\udd76\n|-immune|p1a: \ud83c\udf80\ud83c\udf97\ud83d\udc54\ud83d\udd76\n|\n|upkeep\n|turn|3\n|\n|t:|1698753371\n|move|p2a: op|Dragon Pulse|p1a: \ud83c\udf80\ud83c\udf97\ud83d\udc54\ud83d\udd76\n|-damage|p1a: \ud83c\udf80\ud83c\udf97\ud83d\udc54\ud83d\udd76|54\/100\n|-damage|p2a: op|91\/100|[from] item: Life Orb\n|move|p1a: \ud83c\udf80\ud83c\udf97\ud83d\udc54\ud83d\udd76|Toxic|p2a: op\n|-status|p2a: op|tox\n|\n|-heal|p1a: \ud83c\udf80\ud83c\udf97\ud83d\udc54\ud83d\udd76|61\/100|[from] item: Leftovers\n|-damage|p2a: op|84\/100 tox|[from] psn\n|upkeep\n|turn|4\n|\n|t:|1698753381\n|move|p2a: op|Calm Mind|p2a: op\n|-boost|p2a: op|spa|1\n|-boost|p2a: op|spd|1\n|move|p1a: \ud83c\udf80\ud83c\udf97\ud83d\udc54\ud83d\udd76|Recover|p1a: \ud83c\udf80\ud83c\udf97\ud83d\udc54\ud83d\udd76\n|-heal|p1a: \ud83c\udf80\ud83c\udf97\ud83d\udc54\ud83d\udd76|100\/100\n|\n|-damage|p2a: op|72\/100 tox|[from] psn\n|upkeep\n|turn|5\n|\n|t:|1698753388\n|move|p2a: op|Dragon Pulse|p1a: \ud83c\udf80\ud83c\udf97\ud83d\udc54\ud83d\udd76\n|-damage|p1a: \ud83c\udf80\ud83c\udf97\ud83d\udc54\ud83d\udd76|58\/100\n|-damage|p2a: op|62\/100 tox|[from] item: Life Orb\n|move|p1a: \ud83c\udf80\ud83c\udf97\ud83d\udc54\ud83d\udd76|Earthquake|p2a: op\n|-supereffective|p2a: op\n|-damage|p2a: op|3\/100 tox\n|\n|-heal|p1a: \ud83c\udf80\ud83c\udf97\ud83d\udc54\ud83d\udd76|64\/100|[from] item: Leftovers\n|-damage|p2a: op|0 fnt|[from] psn\n|faint|p2a: op\n|upkeep\n|\n|t:|1698753398\n|switch|p2a: Naruto|Greninja, M|100\/100\n|turn|6\n|\n|t:|1698753406\n|switch|p1a: \ud83d\uded2|Fezandipiti, M|100\/100\n|move|p2a: Naruto|Hydro Pump|p1a: \ud83d\uded2\n|-damage|p1a: \ud83d\uded2|50\/100\n|\n|-fieldend|move: Electric Terrain\n|upkeep\n|turn|7\n|\n|t:|1698753414\n|move|p2a: Naruto|Hydro Pump|p1a: \ud83d\uded2\n|-damage|p1a: \ud83d\uded2|2\/100\n|move|p1a: \ud83d\uded2|Roost|p1a: \ud83d\uded2\n|-heal|p1a: \ud83d\uded2|52\/100\n|-singleturn|p1a: \ud83d\uded2|move: Roost\n|\n|upkeep\n|turn|8\n|\n|t:|1698753421\n|move|p2a: Naruto|Hydro Pump|p1a: \ud83d\uded2\n|-damage|p1a: \ud83d\uded2|1\/100\n|move|p1a: \ud83d\uded2|Roost|p1a: \ud83d\uded2\n|-heal|p1a: \ud83d\uded2|51\/100\n|-singleturn|p1a: \ud83d\uded2|move: Roost\n|\n|upkeep\n|turn|9\n|\n|t:|1698753428\n|move|p2a: Naruto|Hydro Pump|p1a: \ud83d\uded2\n|-damage|p1a: \ud83d\uded2|6\/100\n|move|p1a: \ud83d\uded2|Roost|p1a: \ud83d\uded2\n|-heal|p1a: \ud83d\uded2|56\/100\n|-singleturn|p1a: \ud83d\uded2|move: Roost\n|\n|upkeep\n|turn|10\n|-message|aaaa69 forfeited.\n|\n|win|fletchermed\n|raw|fletchermed's rating: 1314 &rarr; <strong>1326<\/strong><br \/>(+12 for winning)\n|raw|aaaa69's rating: 1176 &rarr; <strong>1160<\/strong><br \/>(-16 for losing)\n|l|\u2606aaaa69\n","uploadtime":1698753443,"views":11,"p1id":"fletchermed","p2id":"aaaa69","formatid":"gen9anythinggoes","rating":1160,"private":0,"password":""}