{"id":"gen9anythinggoes-1988771351","p1":"ChubChubSmash","p2":"Dove6","format":"[Gen 9] Anything Goes","log":"|j|\u2606ChubChubSmash\n|j|\u2606Dove6\n|t:|1699761012\n|gametype|singles\n|player|p1|ChubChubSmash|flannery|1331\n|player|p2|Dove6|hero2-conquest|1231\n|teamsize|p1|6\n|teamsize|p2|6\n|gen|9\n|tier|[Gen 9] Anything Goes\n|rated|\n|rule|HP Percentage Mod: HP is shown in percentages\n|rule|Endless Battle Clause: Forcing endless battles is banned\n|clearpoke\n|poke|p1|Murkrow, F|\n|poke|p1|Mudsdale, F|\n|poke|p1|Lilligant-Hisui, F|\n|poke|p1|Clefable, M|\n|poke|p1|Iron Moth|\n|poke|p1|Rabsca, M|\n|poke|p2|Arceus|\n|poke|p2|Koraidon|\n|poke|p2|Miraidon|\n|poke|p2|Skeledirge, M|\n|poke|p2|Glimmora, F|\n|poke|p2|Arceus-Ground|\n|teampreview\n|\n|t:|1699761018\n|start\n|switch|p1a: Murder Me Daddy|Murkrow, F, shiny|100\/100\n|switch|p2a: Glimmora|Glimmora, F|100\/100\n|turn|1\n|\n|t:|1699761023\n|move|p1a: Murder Me Daddy|Taunt|p2a: Glimmora\n|-start|p2a: Glimmora|move: Taunt\n|move|p2a: Glimmora|Mortal Spin|p1a: Murder Me Daddy\n|-damage|p1a: Murder Me Daddy|93\/100\n|-status|p1a: Murder Me Daddy|psn\n|\n|-damage|p1a: Murder Me Daddy|80\/100 psn|[from] psn\n|upkeep\n|turn|2\n|\n|t:|1699761034\n|switch|p2a: Arceus|Arceus|100\/100\n|move|p1a: Murder Me Daddy|Tailwind|p1a: Murder Me Daddy\n|-sidestart|p1: ChubChubSmash|move: Tailwind\n|\n|-damage|p1a: Murder Me Daddy|68\/100 psn|[from] psn\n|upkeep\n|turn|3\n|\n|t:|1699761049\n|move|p2a: Arceus|Extreme Speed|p1a: Murder Me Daddy\n|-damage|p1a: Murder Me Daddy|25\/100 psn\n|move|p1a: Murder Me Daddy|Taunt|p2a: Arceus\n|-start|p2a: Arceus|move: Taunt\n|\n|-damage|p1a: Murder Me Daddy|13\/100 psn|[from] psn\n|upkeep\n|turn|4\n|inactive|Battle timer is ON: inactive players will automatically lose when time's up. (requested by Dove6)\n|\n|t:|1699761058\n|switch|p2a: Glimmora|Glimmora, F|100\/100\n|move|p1a: Murder Me Daddy|Foul Play|p2a: Glimmora\n|-damage|p2a: Glimmora|79\/100\n|-activate|p2a: Glimmora|ability: Toxic Debris\n|-sidestart|p1: ChubChubSmash|move: Toxic Spikes\n|\n|-damage|p1a: Murder Me Daddy|0 fnt|[from] psn\n|faint|p1a: Murder Me Daddy\n|upkeep\n|\n|t:|1699761077\n|switch|p1a: Iron Moth|Iron Moth|100\/100\n|-sideend|p1: ChubChubSmash|move: Toxic Spikes|[of] p1a: Iron Moth\n|-enditem|p1a: Iron Moth|Booster Energy\n|-activate|p1a: Iron Moth|ability: Quark Drive|[fromitem]\n|-start|p1a: Iron Moth|quarkdrivespa\n|turn|5\n|\n|t:|1699761088\n|move|p2a: Glimmora|Mud Shot|p1a: Iron Moth\n|-supereffective|p1a: Iron Moth\n|-damage|p1a: Iron Moth|30\/100\n|-unboost|p1a: Iron Moth|spe|1\n|move|p1a: Iron Moth|Whirlwind|p2a: Glimmora\n|drag|p2a: Koraidon|Koraidon|100\/100\n|-weather|SunnyDay|[from] ability: Orichalcum Pulse|[of] p2a: Koraidon\n|-activate|p2a: Koraidon|Orichalcum Pulse|[source]\n|\n|-weather|SunnyDay|[upkeep]\n|-sideend|p1: ChubChubSmash|move: Tailwind\n|upkeep\n|turn|6\n|\n|t:|1699761099\n|move|p2a: Koraidon|Swords Dance|p2a: Koraidon\n|-boost|p2a: Koraidon|atk|2\n|move|p1a: Iron Moth|Morning Sun|p1a: Iron Moth\n|-heal|p1a: Iron Moth|97\/100\n|\n|-weather|SunnyDay|[upkeep]\n|upkeep\n|turn|7\n|\n|t:|1699761107\n|move|p2a: Koraidon|Scale Shot|p1a: Iron Moth\n|-damage|p1a: Iron Moth|31\/100\n|-damage|p1a: Iron Moth|0 fnt\n|faint|p1a: Iron Moth\n|-end|p1a: Iron Moth|Quark Drive|[silent]\n|-hitcount|p1: Iron Moth|2\n|-unboost|p2a: Koraidon|def|1\n|-boost|p2a: Koraidon|spe|1\n|\n|-weather|SunnyDay|[upkeep]\n|upkeep\n|\n|t:|1699761116\n|switch|p1a: : ^)|Clefable, M, shiny|100\/100\n|turn|8\n|\n|t:|1699761120\n|-terastallize|p2a: Koraidon|Steel\n|move|p2a: Koraidon|Flare Blitz|p1a: : ^)\n|-damage|p1a: : ^)|1\/100\n|-status|p1a: : ^)|brn\n|-damage|p2a: Koraidon|64\/100|[from] Recoil\n|move|p1a: : ^)|Moonblast|p2a: Koraidon\n|-resisted|p2a: Koraidon\n|-damage|p2a: Koraidon|42\/100\n|\n|-weather|SunnyDay|[upkeep]\n|-heal|p1a: : ^)|7\/100 brn|[from] item: Leftovers\n|-damage|p1a: : ^)|1\/100 brn|[from] brn\n|upkeep\n|turn|9\n|\n|t:|1699761137\n|move|p2a: Koraidon|Low Kick|p1a: : ^)\n|-resisted|p1a: : ^)\n|-damage|p1a: : ^)|0 fnt\n|faint|p1a: : ^)\n|\n|-weather|none\n|upkeep\n|\n|t:|1699761143\n|switch|p1a: Epona|Mudsdale, F|100\/100\n|turn|10\n|\n|t:|1699761151\n|move|p2a: Koraidon|Low Kick|p1a: Epona\n|-damage|p1a: Epona|0 fnt\n|faint|p1a: Epona\n|\n|upkeep\n|\n|t:|1699761155\n|switch|p1a: Bug Wizard|Rabsca, M|100\/100\n|turn|11\n|\n|t:|1699761160\n|move|p2a: Koraidon|Scale Shot|p1a: Bug Wizard\n|-damage|p1a: Bug Wizard|73\/100\n|-damage|p1a: Bug Wizard|45\/100\n|-damage|p1a: Bug Wizard|19\/100\n|-damage|p1a: Bug Wizard|0 fnt\n|faint|p1a: Bug Wizard\n|-hitcount|p1: Bug Wizard|4\n|-unboost|p2a: Koraidon|def|1\n|-boost|p2a: Koraidon|spe|1\n|\n|upkeep\n|\n|t:|1699761170\n|switch|p1a: Runway Plant|Lilligant-Hisui, F|100\/100\n|turn|12\n|\n|t:|1699761184\n|move|p2a: Koraidon|Scale Shot|p1a: Runway Plant\n|-damage|p1a: Runway Plant|59\/100\n|-damage|p1a: Runway Plant|10\/100\n|-damage|p1a: Runway Plant|0 fnt\n|faint|p1a: Runway Plant\n|-hitcount|p1: Runway Plant|3\n|\n|win|Dove6\n|raw|ChubChubSmash's rating: 1331 &rarr; <strong>1305<\/strong><br \/>(-26 for losing)\n|raw|Dove6's rating: 1231 &rarr; <strong>1263<\/strong><br \/>(+32 for winning)\n|l|\u2606ChubChubSmash\n","uploadtime":1699761193,"views":5,"p1id":"chubchubsmash","p2id":"dove6","formatid":"gen9anythinggoes","rating":1263,"private":0,"password":""}