{"id":"gen9anythinggoes-1994233149","p1":"safe genesect","p2":"TheTrueTauboy","format":"[Gen 9] Anything Goes","log":"|j|\u2606safe genesect\n|j|\u2606TheTrueTauboy\n|t:|1700421666\n|gametype|singles\n|player|p1|safe genesect|265|\n|player|p2|TheTrueTauboy|pokekid|\n|teamsize|p1|6\n|teamsize|p2|6\n|gen|9\n|tier|[Gen 9] Anything Goes\n|rule|HP Percentage Mod: HP is shown in percentages\n|rule|Endless Battle Clause: Forcing endless battles is banned\n|clearpoke\n|poke|p1|Jolteon, M|\n|poke|p1|Iron Treads|\n|poke|p1|Manaphy|\n|poke|p1|Scream Tail|\n|poke|p1|Talonflame, F|\n|poke|p1|Sinistcha|\n|poke|p2|Slowking, F|\n|poke|p2|Dudunsparce-*, F|\n|poke|p2|Ogerpon, F|\n|poke|p2|Garchomp, F|\n|poke|p2|Weezing-Galar, M|\n|poke|p2|Tornadus-Therian, M|\n|teampreview\n|c|\u2606TheTrueTauboy|gud lac hab fan\n|c|\u2606safe genesect|same\n|j| zipermu98\n|j| mimizukii\n|\n|t:|1700421760\n|start\n|switch|p1a: Scream Tail|Scream Tail|100\/100\n|switch|p2a: Garchomp|Garchomp, F|100\/100\n|turn|1\n|\n|t:|1700421766\n|move|p1a: Scream Tail|Reflect|p1a: Scream Tail\n|-sidestart|p1: safe genesect|Reflect\n|move|p2a: Garchomp|Poison Jab|p1a: Scream Tail\n|-supereffective|p1a: Scream Tail\n|-damage|p1a: Scream Tail|63\/100\n|\n|-heal|p1a: Scream Tail|69\/100|[from] item: Leftovers\n|upkeep\n|turn|2\n|l| mimizukii\n|\n|t:|1700421817\n|switch|p2a: Tornadus|Tornadus-Therian, M|100\/100\n|move|p1a: Scream Tail|Baton Pass|p1a: Scream Tail\n|j| mimizukii\n|\n|t:|1700421828\n|-end|p1a: Scream Tail|Protosynthesis|[silent]\n|switch|p1a: Batty|Jolteon, M|100\/100|[from] Baton Pass\n|\n|upkeep\n|turn|3\n|\n|t:|1700421869\n|switch|p2a: Garchomp|Garchomp, F|100\/100\n|move|p1a: Batty|Volt Switch|p2a: Garchomp\n|-immune|p2a: Garchomp\n|\n|upkeep\n|turn|4\n|\n|t:|1700421882\n|switch|p2a: Dudunsparce|Dudunsparce-Three-Segment, F|100\/100\n|-terastallize|p1a: Batty|Ice\n|move|p1a: Batty|Tera Blast|p2a: Dudunsparce|[anim] Tera Blast Ice\n|-damage|p2a: Dudunsparce|68\/100\n|\n|-heal|p2a: Dudunsparce|74\/100|[from] item: Leftovers\n|upkeep\n|turn|5\n|\n|t:|1700421895\n|move|p1a: Batty|Volt Switch|p2a: Dudunsparce\n|-damage|p2a: Dudunsparce|44\/100\n|\n|t:|1700421949\n|switch|p1a: Sinistcha|Sinistcha|100\/100|[from] Volt Switch\n|move|p2a: Dudunsparce|Boomburst|p1a: Sinistcha\n|-immune|p1a: Sinistcha\n|\n|-heal|p2a: Dudunsparce|50\/100|[from] item: Leftovers\n|-sideend|p1: safe genesect|Reflect\n|upkeep\n|turn|6\n|\n|t:|1700421965\n|move|p1a: Sinistcha|Calm Mind|p1a: Sinistcha\n|-boost|p1a: Sinistcha|spa|1\n|-boost|p1a: Sinistcha|spd|1\n|move|p2a: Dudunsparce|Roost|p2a: Dudunsparce\n|-heal|p2a: Dudunsparce|99\/100\n|-singleturn|p2a: Dudunsparce|move: Roost\n|\n|-heal|p2a: Dudunsparce|100\/100|[from] item: Leftovers\n|upkeep\n|turn|7\n|\n|t:|1700421971\n|move|p1a: Sinistcha|Calm Mind|p1a: Sinistcha\n|-boost|p1a: Sinistcha|spa|1\n|-boost|p1a: Sinistcha|spd|1\n|move|p2a: Dudunsparce|Calm Mind|p2a: Dudunsparce\n|-boost|p2a: Dudunsparce|spa|1\n|-boost|p2a: Dudunsparce|spd|1\n|\n|upkeep\n|turn|8\n|\n|t:|1700421984\n|move|p1a: Sinistcha|Calm Mind|p1a: Sinistcha\n|-boost|p1a: Sinistcha|spa|1\n|-boost|p1a: Sinistcha|spd|1\n|move|p2a: Dudunsparce|Shadow Ball|p1a: Sinistcha\n|-supereffective|p1a: Sinistcha\n|-damage|p1a: Sinistcha|76\/100\n|\n|upkeep\n|turn|9\n|\n|t:|1700421987\n|move|p1a: Sinistcha|Matcha Gotcha|p2a: Dudunsparce\n|-damage|p2a: Dudunsparce|50\/100\n|-heal|p1a: Sinistcha|100\/100|[from] drain|[of] p2a: Dudunsparce\n|move|p2a: Dudunsparce|Calm Mind|p2a: Dudunsparce\n|-boost|p2a: Dudunsparce|spa|1\n|-boost|p2a: Dudunsparce|spd|1\n|\n|-heal|p2a: Dudunsparce|56\/100|[from] item: Leftovers\n|upkeep\n|turn|10\n|\n|t:|1700421993\n|move|p1a: Sinistcha|Matcha Gotcha|p2a: Dudunsparce\n|-damage|p2a: Dudunsparce|20\/100\n|move|p2a: Dudunsparce|Roost|p2a: Dudunsparce\n|-heal|p2a: Dudunsparce|70\/100\n|-singleturn|p2a: Dudunsparce|move: Roost\n|\n|-heal|p2a: Dudunsparce|76\/100|[from] item: Leftovers\n|upkeep\n|turn|11\n|\n|t:|1700421999\n|move|p1a: Sinistcha|Calm Mind|p1a: Sinistcha\n|-boost|p1a: Sinistcha|spa|1\n|-boost|p1a: Sinistcha|spd|1\n|move|p2a: Dudunsparce|Calm Mind|p2a: Dudunsparce\n|-boost|p2a: Dudunsparce|spa|1\n|-boost|p2a: Dudunsparce|spd|1\n|\n|-heal|p2a: Dudunsparce|82\/100|[from] item: Leftovers\n|upkeep\n|turn|12\n|\n|t:|1700422003\n|move|p1a: Sinistcha|Matcha Gotcha|p2a: Dudunsparce\n|-damage|p2a: Dudunsparce|43\/100\n|move|p2a: Dudunsparce|Calm Mind|p2a: Dudunsparce\n|-boost|p2a: Dudunsparce|spa|1\n|-boost|p2a: Dudunsparce|spd|1\n|\n|-heal|p2a: Dudunsparce|49\/100|[from] item: Leftovers\n|upkeep\n|turn|13\n|\n|t:|1700422008\n|move|p1a: Sinistcha|Matcha Gotcha|p2a: Dudunsparce\n|-damage|p2a: Dudunsparce|18\/100\n|move|p2a: Dudunsparce|Roost|p2a: Dudunsparce\n|-heal|p2a: Dudunsparce|68\/100\n|-singleturn|p2a: Dudunsparce|move: Roost\n|\n|-heal|p2a: Dudunsparce|74\/100|[from] item: Leftovers\n|upkeep\n|turn|14\n|\n|t:|1700422014\n|move|p1a: Sinistcha|Matcha Gotcha|p2a: Dudunsparce\n|-damage|p2a: Dudunsparce|42\/100\n|-status|p2a: Dudunsparce|brn\n|move|p2a: Dudunsparce|Calm Mind|p2a: Dudunsparce\n|-boost|p2a: Dudunsparce|spa|1\n|-boost|p2a: Dudunsparce|spd|1\n|\n|-heal|p2a: Dudunsparce|48\/100 brn|[from] item: Leftovers\n|-damage|p2a: Dudunsparce|42\/100 brn|[from] brn\n|upkeep\n|turn|15\n|\n|t:|1700422024\n|move|p1a: Sinistcha|Matcha Gotcha|p2a: Dudunsparce\n|-damage|p2a: Dudunsparce|18\/100 brn\n|move|p2a: Dudunsparce|Roost|p2a: Dudunsparce\n|-heal|p2a: Dudunsparce|68\/100 brn\n|-singleturn|p2a: Dudunsparce|move: Roost\n|\n|-heal|p2a: Dudunsparce|74\/100 brn|[from] item: Leftovers\n|-damage|p2a: Dudunsparce|68\/100 brn|[from] brn\n|upkeep\n|turn|16\n|\n|t:|1700422029\n|move|p1a: Sinistcha|Calm Mind|p1a: Sinistcha\n|-boost|p1a: Sinistcha|spa|1\n|-boost|p1a: Sinistcha|spd|1\n|move|p2a: Dudunsparce|Roost|p2a: Dudunsparce\n|-heal|p2a: Dudunsparce|100\/100 brn\n|-singleturn|p2a: Dudunsparce|move: Roost\n|\n|-damage|p2a: Dudunsparce|94\/100 brn|[from] brn\n|upkeep\n|turn|17\n|\n|t:|1700422036\n|move|p1a: Sinistcha|Calm Mind|p1a: Sinistcha\n|-boost|p1a: Sinistcha|spa|1\n|-boost|p1a: Sinistcha|spd|1\n|move|p2a: Dudunsparce|Shadow Ball|p1a: Sinistcha\n|-supereffective|p1a: Sinistcha\n|-damage|p1a: Sinistcha|65\/100\n|\n|-heal|p2a: Dudunsparce|100\/100 brn|[from] item: Leftovers\n|-damage|p2a: Dudunsparce|94\/100 brn|[from] brn\n|upkeep\n|turn|18\n|\n|t:|1700422039\n|move|p1a: Sinistcha|Matcha Gotcha|p2a: Dudunsparce\n|-damage|p2a: Dudunsparce|59\/100 brn\n|-heal|p1a: Sinistcha|88\/100|[from] drain|[of] p2a: Dudunsparce\n|move|p2a: Dudunsparce|Shadow Ball|p1a: Sinistcha\n|-supereffective|p1a: Sinistcha\n|-damage|p1a: Sinistcha|48\/100\n|\n|-heal|p2a: Dudunsparce|65\/100 brn|[from] item: Leftovers\n|-damage|p2a: Dudunsparce|59\/100 brn|[from] brn\n|upkeep\n|turn|19\n|\n|t:|1700422047\n|move|p1a: Sinistcha|Matcha Gotcha|p2a: Dudunsparce\n|-damage|p2a: Dudunsparce|22\/100 brn\n|-heal|p1a: Sinistcha|72\/100|[from] drain|[of] p2a: Dudunsparce\n|move|p2a: Dudunsparce|Shadow Ball|p1a: Sinistcha\n|-supereffective|p1a: Sinistcha\n|-damage|p1a: Sinistcha|37\/100\n|\n|-heal|p2a: Dudunsparce|28\/100 brn|[from] item: Leftovers\n|-damage|p2a: Dudunsparce|22\/100 brn|[from] brn\n|upkeep\n|turn|20\n|\n|t:|1700422053\n|move|p1a: Sinistcha|Matcha Gotcha|p2a: Dudunsparce|[miss]\n|-miss|p1a: Sinistcha|p2a: Dudunsparce\n|move|p2a: Dudunsparce|Shadow Ball|p1a: Sinistcha\n|-supereffective|p1a: Sinistcha\n|-damage|p1a: Sinistcha|2\/100\n|\n|-heal|p2a: Dudunsparce|28\/100 brn|[from] item: Leftovers\n|-damage|p2a: Dudunsparce|22\/100 brn|[from] brn\n|upkeep\n|turn|21\n|c| mimizukii|:0\n|\n|t:|1700422065\n|move|p1a: Sinistcha|Strength Sap|p2a: Dudunsparce\n|-unboost|p2a: Dudunsparce|atk|1\n|-heal|p1a: Sinistcha|55\/100\n|move|p2a: Dudunsparce|Shadow Ball|p1a: Sinistcha\n|-supereffective|p1a: Sinistcha\n|-damage|p1a: Sinistcha|17\/100\n|\n|-heal|p2a: Dudunsparce|28\/100 brn|[from] item: Leftovers\n|-damage|p2a: Dudunsparce|22\/100 brn|[from] brn\n|upkeep\n|turn|22\n|\n|t:|1700422071\n|move|p1a: Sinistcha|Matcha Gotcha|p2a: Dudunsparce\n|-damage|p2a: Dudunsparce|0 fnt\n|-heal|p1a: Sinistcha|32\/100|[from] drain|[of] p2a: Dudunsparce\n|faint|p2a: Dudunsparce\n|\n|upkeep\n|\n|t:|1700422073\n|switch|p2a: Ogerpon|Ogerpon, F|100\/100\n|turn|23\n|\n|t:|1700422098\n|move|p2a: Ogerpon|Knock Off|p1a: Sinistcha\n|-supereffective|p1a: Sinistcha\n|-enditem|p1a: Sinistcha|Colbur Berry|[eat]\n|-enditem|p1a: Sinistcha|Colbur Berry|[weaken]\n|-damage|p1a: Sinistcha|1\/100\n|-damage|p2a: Ogerpon|91\/100|[from] item: Life Orb\n|move|p1a: Sinistcha|Shadow Ball|p2a: Ogerpon\n|-damage|p2a: Ogerpon|0 fnt\n|faint|p2a: Ogerpon\n|\n|upkeep\n|c|\u2606TheTrueTauboy|lmao\n|\n|t:|1700422108\n|switch|p2a: Tornadus|Tornadus-Therian, M|100\/100\n|turn|24\n|\n|t:|1700422116\n|move|p2a: Tornadus|U-turn|p1a: Sinistcha\n|-damage|p1a: Sinistcha|0 fnt\n|faint|p1a: Sinistcha\n|c| zipermu98|O.o\n|\n|t:|1700422123\n|switch|p2a: Slowking|Slowking, F|100\/100|[from] U-turn\n|\n|upkeep\n|\n|t:|1700422134\n|switch|p1a: Batty|Jolteon, M, tera:Ice|100\/100\n|turn|25\n|\n|t:|1700422142\n|move|p1a: Batty|Thunderbolt|p2a: Slowking\n|-supereffective|p2a: Slowking\n|-damage|p2a: Slowking|47\/100\n|move|p2a: Slowking|Chilly Reception|p2a: Slowking\n|-weather|Snow\n|c| mimizukii|Ooooo\n|\n|t:|1700422151\n|switch|p2a: Weezing|Weezing-Galar, M|100\/100|[from] Chilly Reception\n|\n|-weather|Snow|[upkeep]\n|upkeep\n|turn|26\n|\n|t:|1700422182\n|move|p1a: Batty|Calm Mind|p1a: Batty\n|-boost|p1a: Batty|spa|1\n|-boost|p1a: Batty|spd|1\n|move|p2a: Weezing|Strange Steam|p1a: Batty\n|-damage|p1a: Batty|79\/100\n|\n|-weather|Snow|[upkeep]\n|upkeep\n|turn|27\n|\n|t:|1700422190\n|move|p1a: Batty|Thunderbolt|p2a: Weezing\n|-damage|p2a: Weezing|22\/100\n|move|p2a: Weezing|Will-O-Wisp|p1a: Batty\n|-status|p1a: Batty|brn\n|\n|-weather|Snow|[upkeep]\n|-heal|p2a: Weezing|28\/100|[from] item: Leftovers\n|-damage|p1a: Batty|73\/100 brn|[from] brn\n|upkeep\n|turn|28\n|\n|t:|1700422199\n|move|p1a: Batty|Thunderbolt|p2a: Weezing\n|-damage|p2a: Weezing|0 fnt\n|faint|p2a: Weezing\n|\n|-weather|Snow|[upkeep]\n|-damage|p1a: Batty|67\/100 brn|[from] brn\n|upkeep\n|\n|t:|1700422203\n|switch|p2a: Tornadus|Tornadus-Therian, M|100\/100\n|turn|29\n|\n|t:|1700422206\n|move|p1a: Batty|Thunderbolt|p2a: Tornadus\n|-supereffective|p2a: Tornadus\n|-damage|p2a: Tornadus|0 fnt\n|faint|p2a: Tornadus\n|\n|-weather|none\n|-damage|p1a: Batty|61\/100 brn|[from] brn\n|upkeep\n|\n|t:|1700422209\n|switch|p2a: Slowking|Slowking, F|47\/100\n|turn|30\n|\n|t:|1700422211\n|move|p1a: Batty|Thunderbolt|p2a: Slowking\n|-supereffective|p2a: Slowking\n|-damage|p2a: Slowking|0 fnt\n|faint|p2a: Slowking\n|\n|-damage|p1a: Batty|54\/100 brn|[from] brn\n|upkeep\n|\n|t:|1700422212\n|switch|p2a: Garchomp|Garchomp, F|100\/100\n|turn|31\n|c|\u2606safe genesect|no es regen\n|\n|t:|1700422216\n|move|p1a: Batty|Tera Blast|p2a: Garchomp|[anim] Tera Blast Ice\n|-supereffective|p2a: Garchomp\n|-damage|p2a: Garchomp|0 fnt\n|faint|p2a: Garchomp\n|\n|win|safe genesect\n|l| zipermu98\n|c|\u2606TheTrueTauboy|gg wp\n|c|\u2606safe genesect|gg\n","uploadtime":1700422228,"views":34,"p1id":"safegenesect","p2id":"thetruetauboy","formatid":"gen9anythinggoes","rating":0,"private":0,"password":""}