{"id":"gen9anythinggoes-1978056376","p1":"Naeval_Eco","p2":"hhlw","format":"[Gen 9] Anything Goes","log":"|j|\u2606Naeval_Eco\n|j|\u2606hhlw\n|t:|1698492459\n|gametype|singles\n|player|p1|Naeval_Eco|iris-gen5bw2|\n|player|p2|hhlw|acetrainerf|\n|teamsize|p1|6\n|teamsize|p2|6\n|gen|9\n|tier|[Gen 9] Anything Goes\n|rule|HP Percentage Mod: HP is shown in percentages\n|rule|Endless Battle Clause: Forcing endless battles is banned\n|clearpoke\n|poke|p1|Polteageist|\n|poke|p1|Dragapult, F|\n|poke|p1|Maushold|\n|poke|p1|Furret, M|\n|poke|p1|Masquerain, M|\n|poke|p1|Glimmora, M|\n|poke|p2|Corviknight, M|\n|poke|p2|Slither Wing|\n|poke|p2|Leafeon, M|\n|poke|p2|Gothitelle, M|\n|poke|p2|Cinderace, M|\n|poke|p2|Dragapult, M|\n|teampreview\n|inactive|Battle timer is ON: inactive players will automatically lose when time's up. (requested by Naeval_Eco)\n|\n|t:|1698492473\n|start\n|switch|p1a: Furret|Furret, M|100\/100\n|switch|p2a: Corviknight|Corviknight, M, shiny|100\/100\n|-ability|p2a: Corviknight|Pressure\n|turn|1\n|\n|t:|1698492502\n|move|p1a: Furret|Tidy Up|p1a: Furret\n|-boost|p1a: Furret|atk|1\n|-boost|p1a: Furret|spe|1\n|move|p2a: Corviknight|Sky Attack||[still]\n|-prepare|p2a: Corviknight|Sky Attack\n|\n|upkeep\n|turn|2\n|inactive|hhlw has 270 seconds left.\n|\n|t:|1698492540\n|move|p1a: Furret|Tidy Up|p1a: Furret\n|-boost|p1a: Furret|atk|1\n|-boost|p1a: Furret|spe|1\n|move|p2a: Corviknight|Sky Attack|p1a: Furret|[from]lockedmove|[miss]\n|-miss|p2a: Corviknight|p1a: Furret\n|\n|upkeep\n|turn|3\n|\n|t:|1698492550\n|move|p1a: Furret|Substitute|p1a: Furret\n|-start|p1a: Furret|Substitute\n|-damage|p1a: Furret|76\/100\n|move|p2a: Corviknight|Taunt|p1a: Furret\n|-start|p1a: Furret|move: Taunt\n|\n|upkeep\n|turn|4\n|\n|t:|1698492561\n|move|p1a: Furret|Ice Beam|p2a: Corviknight\n|-damage|p2a: Corviknight|90\/100\n|move|p2a: Corviknight|Sky Attack||[still]\n|-prepare|p2a: Corviknight|Sky Attack\n|\n|upkeep\n|turn|5\n|\n|t:|1698492582\n|move|p1a: Furret|Ice Beam|p2a: Corviknight\n|-damage|p2a: Corviknight|77\/100\n|move|p2a: Corviknight|Sky Attack|p1a: Furret|[from]lockedmove\n|-end|p1a: Furret|Substitute\n|\n|upkeep\n|turn|6\n|inactive|hhlw has 240 seconds left.\n|\n|t:|1698492605\n|switch|p2a: Cinderace|Cinderace, M|100\/100\n|move|p1a: Furret|Ice Beam|p2a: Cinderace\n|-resisted|p2a: Cinderace\n|-damage|p2a: Cinderace|93\/100\n|\n|-end|p1a: Furret|move: Taunt\n|upkeep\n|turn|7\n|inactive|hhlw has 240 seconds left.\n|\n|t:|1698492618\n|-terastallize|p2a: Cinderace|Fire\n|move|p1a: Furret|Substitute|p1a: Furret\n|-start|p1a: Furret|Substitute\n|-damage|p1a: Furret|51\/100\n|move|p2a: Cinderace|Fire Blast|p1a: Furret\n|-end|p1a: Furret|Substitute\n|\n|upkeep\n|turn|8\n|inactive|hhlw has 240 seconds left.\n|\n|t:|1698492628\n|move|p1a: Furret|Baton Pass|p1a: Furret\n|\n|t:|1698492630\n|switch|p1a: Dragapult|Dragapult, F|100\/100|[from] Baton Pass\n|move|p2a: Cinderace|Fire Blast|p1a: Dragapult\n|-resisted|p1a: Dragapult\n|-damage|p1a: Dragapult|74\/100\n|\n|upkeep\n|turn|9\n|\n|t:|1698492640\n|move|p1a: Dragapult|Dragon Darts|p2a: Cinderace\n|-damage|p2a: Cinderace|31\/100\n|-anim|p1a: Dragapult|Dragon Darts|p2a: Cinderace\n|-damage|p2a: Cinderace|0 fnt\n|faint|p2a: Cinderace\n|\n|upkeep\n|inactive|hhlw has 240 seconds left.\n|\n|t:|1698492656\n|switch|p2a: Dragapult|Dragapult, M|100\/100\n|turn|10\n|\n|t:|1698492666\n|move|p1a: Dragapult|Dragon Darts|p2a: Dragapult\n|-supereffective|p2a: Dragapult\n|-damage|p2a: Dragapult|0 fnt\n|faint|p2a: Dragapult\n|\n|upkeep\n|inactive|hhlw has 240 seconds left.\n|\n|t:|1698492686\n|switch|p2a: Corviknight|Corviknight, M, shiny|77\/100\n|-ability|p2a: Corviknight|Pressure\n|turn|11\n|inactive|hhlw has 240 seconds left.\n|\n|t:|1698492693\n|move|p2a: Corviknight|Protect|p2a: Corviknight\n|-singleturn|p2a: Corviknight|Protect\n|move|p1a: Dragapult|Dragon Darts|p2a: Corviknight\n|-activate|p2a: Corviknight|move: Protect\n|\n|upkeep\n|turn|12\n|\n|t:|1698492703\n|move|p2a: Corviknight|Protect||[still]\n|-fail|p2a: Corviknight\n|move|p1a: Dragapult|Dragon Dance|p1a: Dragapult\n|-boost|p1a: Dragapult|atk|1\n|-boost|p1a: Dragapult|spe|1\n|\n|upkeep\n|turn|13\n|\n|t:|1698492715\n|move|p1a: Dragapult|Dragon Darts|p2a: Corviknight\n|-resisted|p2a: Corviknight\n|-damage|p2a: Corviknight|49\/100\n|-anim|p1a: Dragapult|Dragon Darts|p2a: Corviknight\n|-resisted|p2a: Corviknight\n|-damage|p2a: Corviknight|24\/100\n|move|p2a: Corviknight|Taunt|p1a: Dragapult\n|-start|p1a: Dragapult|move: Taunt\n|\n|upkeep\n|turn|14\n|\n|t:|1698492733\n|move|p2a: Corviknight|Protect|p2a: Corviknight\n|-singleturn|p2a: Corviknight|Protect\n|move|p1a: Dragapult|Sucker Punch||[still]\n|-fail|p1a: Dragapult\n|\n|upkeep\n|turn|15\n|\n|t:|1698492741\n|move|p1a: Dragapult|Dragon Darts|p2a: Corviknight\n|-resisted|p2a: Corviknight\n|-damage|p2a: Corviknight|0 fnt\n|faint|p2a: Corviknight\n|\n|upkeep\n|\n|t:|1698492750\n|switch|p2a: Gothitelle|Gothitelle, M, shiny|100\/100\n|-item|p1a: Dragapult|Dragon Fang|[from] ability: Frisk|[of] p2a: Gothitelle|[identify]\n|turn|16\n|\n|t:|1698492757\n|move|p1a: Dragapult|Sucker Punch|p2a: Gothitelle\n|-supereffective|p2a: Gothitelle\n|-damage|p2a: Gothitelle|0 fnt\n|faint|p2a: Gothitelle\n|\n|-end|p1a: Dragapult|move: Taunt\n|upkeep\n|\n|t:|1698492765\n|switch|p2a: Leafeon|Leafeon, M, shiny|100\/100\n|turn|17\n|\n|t:|1698492770\n|move|p1a: Dragapult|Dragon Darts|p2a: Leafeon\n|-damage|p2a: Leafeon|45\/100\n|-anim|p1a: Dragapult|Dragon Darts|p2a: Leafeon\n|-damage|p2a: Leafeon|0 fnt\n|faint|p2a: Leafeon\n|\n|upkeep\n|\n|t:|1698492785\n|switch|p2a: Slither Wing|Slither Wing|100\/100\n|turn|18\n|\n|t:|1698492790\n|move|p1a: Dragapult|Dragon Darts|p2a: Slither Wing\n|-damage|p2a: Slither Wing|28\/100\n|-anim|p1a: Dragapult|Dragon Darts|p2a: Slither Wing\n|-damage|p2a: Slither Wing|0 fnt\n|faint|p2a: Slither Wing\n|-end|p2a: Slither Wing|Protosynthesis|[silent]\n|\n|win|Naeval_Eco\n","uploadtime":1698492799,"views":10,"p1id":"naevaleco","p2id":"hhlw","formatid":"gen9anythinggoes","rating":0,"private":0,"password":""}