{"id":"gen9anythinggoes-1992706083","p1":"eriririririririric","p2":"Hatefall","format":"[Gen 9] Anything Goes","log":"|j|\u2606eriririririririric\n|j|\u2606Hatefall\n|t:|1700227428\n|gametype|singles\n|player|p1|eriririririririric|ghetsis-gen5bw|1612\n|player|p2|Hatefall|clerk-boss|1581\n|teamsize|p1|6\n|teamsize|p2|6\n|gen|9\n|tier|[Gen 9] Anything Goes\n|rated|\n|rule|HP Percentage Mod: HP is shown in percentages\n|rule|Endless Battle Clause: Forcing endless battles is banned\n|clearpoke\n|poke|p1|Calyrex-Shadow|\n|poke|p1|Arceus|\n|poke|p1|Zacian-*|\n|poke|p1|Koraidon|\n|poke|p1|Miraidon|\n|poke|p1|Lycanroc-Dusk, F|\n|poke|p2|Kingambit, F|\n|poke|p2|Ursaluna-Bloodmoon, M|\n|poke|p2|Ogerpon-Wellspring, F|\n|poke|p2|Iron Treads|\n|poke|p2|Flutter Mane|\n|poke|p2|Iron Hands|\n|teampreview\n|inactive|Battle timer is ON: inactive players will automatically lose when time's up. (requested by eriririririririric)\n|l|\u2606Hatefall\n|inactive|Hatefall disconnected and has a minute to reconnect!\n|player|p2|\n|j|\u2606Hatefall\n|inactive|Hatefall reconnected and has 125 seconds left.\n|player|p2|Hatefall|clerk-boss\n|inactive|Hatefall has 120 seconds left.\n|\n|t:|1700227460\n|start\n|switch|p1a: Lycanroc|Lycanroc-Dusk, F|100\/100\n|switch|p2a: Iron Treads|Iron Treads|100\/100\n|turn|1\n|\n|t:|1700227469\n|move|p1a: Lycanroc|Close Combat|p2a: Iron Treads\n|-supereffective|p2a: Iron Treads\n|-damage|p2a: Iron Treads|6\/100\n|-unboost|p1a: Lycanroc|def|1\n|-unboost|p1a: Lycanroc|spd|1\n|move|p2a: Iron Treads|Earthquake|p1a: Lycanroc\n|-supereffective|p1a: Lycanroc\n|-enditem|p1a: Lycanroc|Focus Sash\n|-damage|p1a: Lycanroc|1\/100\n|\n|upkeep\n|turn|2\n|\n|t:|1700227472\n|move|p1a: Lycanroc|Accelerock|p2a: Iron Treads\n|-resisted|p2a: Iron Treads\n|-damage|p2a: Iron Treads|0 fnt\n|faint|p2a: Iron Treads\n|-end|p2a: Iron Treads|Quark Drive|[silent]\n|\n|upkeep\n|\n|t:|1700227477\n|switch|p2a: Ogerpon|Ogerpon-Wellspring, F|100\/100\n|turn|3\n|\n|t:|1700227479\n|move|p1a: Lycanroc|Stealth Rock|p2a: Ogerpon\n|-sidestart|p2: Hatefall|move: Stealth Rock\n|move|p2a: Ogerpon|Trailblaze|p1a: Lycanroc\n|-supereffective|p1a: Lycanroc\n|-damage|p1a: Lycanroc|0 fnt\n|-boost|p2a: Ogerpon|spe|1\n|faint|p1a: Lycanroc\n|\n|upkeep\n|\n|t:|1700227482\n|switch|p1a: E-Killer|Arceus|100\/100\n|turn|4\n|\n|t:|1700227485\n|move|p2a: Ogerpon|Ivy Cudgel|p1a: E-Killer|[anim] Ivy Cudgel Water\n|-damage|p1a: E-Killer|60\/100\n|move|p1a: E-Killer|Swords Dance|p1a: E-Killer\n|-boost|p1a: E-Killer|atk|2\n|\n|upkeep\n|turn|5\n|\n|t:|1700227489\n|move|p1a: E-Killer|Extreme Speed|p2a: Ogerpon\n|-damage|p2a: Ogerpon|0 fnt\n|faint|p2a: Ogerpon\n|\n|upkeep\n|\n|t:|1700227491\n|switch|p2a: Flutter Mane|Flutter Mane|100\/100\n|-damage|p2a: Flutter Mane|88\/100|[from] Stealth Rock\n|turn|6\n|\n|t:|1700227494\n|move|p2a: Flutter Mane|Moonblast|p1a: E-Killer\n|-damage|p1a: E-Killer|23\/100\n|move|p1a: E-Killer|Shadow Claw|p2a: Flutter Mane\n|-supereffective|p2a: Flutter Mane\n|-damage|p2a: Flutter Mane|0 fnt\n|faint|p2a: Flutter Mane\n|-end|p2a: Flutter Mane|Protosynthesis|[silent]\n|\n|upkeep\n|\n|t:|1700227501\n|switch|p2a: Iron Hands|Iron Hands|100\/100\n|-damage|p2a: Iron Hands|94\/100|[from] Stealth Rock\n|turn|7\n|\n|t:|1700227503\n|move|p1a: E-Killer|Earthquake|p2a: Iron Hands\n|-supereffective|p2a: Iron Hands\n|-damage|p2a: Iron Hands|8\/100\n|move|p2a: Iron Hands|Drain Punch|p1a: E-Killer\n|-supereffective|p1a: E-Killer\n|-damage|p1a: E-Killer|0 fnt\n|-heal|p2a: Iron Hands|18\/100|[from] drain|[of] p1a: E-Killer\n|faint|p1a: E-Killer\n|\n|-heal|p2a: Iron Hands|24\/100|[from] item: Leftovers\n|upkeep\n|\n|t:|1700227512\n|switch|p1a: CrownDog|Zacian-Crowned|100\/100\n|-ability|p1a: CrownDog|Intrepid Sword|boost\n|-boost|p1a: CrownDog|atk|1\n|turn|8\n|\n|t:|1700227514\n|move|p1a: CrownDog|Play Rough|p2a: Iron Hands\n|-supereffective|p2a: Iron Hands\n|-damage|p2a: Iron Hands|0 fnt\n|faint|p2a: Iron Hands\n|-end|p2a: Iron Hands|Quark Drive|[silent]\n|\n|upkeep\n|\n|t:|1700227528\n|switch|p2a: Ursaluna|Ursaluna-Bloodmoon, M|100\/100\n|-damage|p2a: Ursaluna|94\/100|[from] Stealth Rock\n|turn|9\n|\n|t:|1700227532\n|-terastallize|p2a: Ursaluna|Fairy\n|move|p1a: CrownDog|Close Combat|p2a: Ursaluna\n|-resisted|p2a: Ursaluna\n|-damage|p2a: Ursaluna|70\/100\n|-unboost|p1a: CrownDog|def|1\n|-unboost|p1a: CrownDog|spd|1\n|move|p2a: Ursaluna|Earth Power|p1a: CrownDog\n|-supereffective|p1a: CrownDog\n|-damage|p1a: CrownDog|0 fnt\n|faint|p1a: CrownDog\n|\n|-heal|p2a: Ursaluna|76\/100|[from] item: Leftovers\n|upkeep\n|\n|t:|1700227539\n|switch|p1a: imnotfast???|Miraidon|100\/100\n|-fieldstart|move: Electric Terrain|[from] ability: Hadron Engine|[of] p1a: imnotfast???\n|turn|10\n|\n|t:|1700227542\n|move|p1a: imnotfast???|Calm Mind|p1a: imnotfast???\n|-boost|p1a: imnotfast???|spa|1\n|-boost|p1a: imnotfast???|spd|1\n|move|p2a: Ursaluna|Earth Power|p1a: imnotfast???\n|-supereffective|p1a: imnotfast???\n|-damage|p1a: imnotfast???|48\/100\n|\n|-heal|p1a: imnotfast???|54\/100|[from] item: Leftovers\n|-heal|p2a: Ursaluna|82\/100|[from] item: Leftovers\n|upkeep\n|turn|11\n|\n|t:|1700227549\n|move|p1a: imnotfast???|Electro Drift|p2a: Ursaluna\n|-damage|p2a: Ursaluna|0 fnt\n|faint|p2a: Ursaluna\n|\n|-heal|p1a: imnotfast???|60\/100|[from] item: Leftovers\n|upkeep\n|\n|t:|1700227552\n|switch|p2a: Kingambit|Kingambit, F|100\/100\n|-damage|p2a: Kingambit|94\/100|[from] Stealth Rock\n|-activate|p2a: Kingambit|ability: Supreme Overlord\n|-start|p2a: Kingambit|fallen5|[silent]\n|turn|12\n|\n|t:|1700227554\n|move|p2a: Kingambit|Sucker Punch|p1a: imnotfast???\n|-damage|p1a: imnotfast???|0 fnt\n|faint|p1a: imnotfast???\n|-damage|p2a: Kingambit|84\/100|[from] item: Life Orb\n|\n|upkeep\n|\n|t:|1700227556\n|switch|p1a: OutSpeed|Koraidon|100\/100\n|-weather|SunnyDay|[from] ability: Orichalcum Pulse|[of] p1a: OutSpeed\n|-activate|p1a: OutSpeed|Orichalcum Pulse|[source]\n|turn|13\n|c|\u2606Hatefall|Gh\n|\n|t:|1700227564\n|move|p2a: Kingambit|Sucker Punch|p1a: OutSpeed\n|-resisted|p1a: OutSpeed\n|-damage|p1a: OutSpeed|66\/100\n|-damage|p2a: Kingambit|75\/100|[from] item: Life Orb\n|move|p1a: OutSpeed|Collision Course|p2a: Kingambit\n|-supereffective|p2a: Kingambit\n|-damage|p2a: Kingambit|0 fnt\n|faint|p2a: Kingambit\n|-end|p2a: Kingambit|fallen5|[silent]\n|\n|win|eriririririririric\n|raw|eriririririririric's rating: 1612 &rarr; <strong>1630<\/strong><br \/>(+18 for winning)\n|raw|Hatefall's rating: 1581 &rarr; <strong>1563<\/strong><br \/>(-18 for losing)\n|l|\u2606eriririririririric\n|l|\u2606Hatefall\n","uploadtime":1700227634,"views":4,"p1id":"eriririririririric","p2id":"hatefall","formatid":"gen9anythinggoes","rating":1563,"private":0,"password":""}