{"id":"gen9anythinggoes-1992011775","p1":"Acud_burn24","p2":"amogusfan21","format":"[Gen 9] Anything Goes","log":"|j|\u2606Acud_burn24\n|j|\u2606amogusfan21\n|t:|1700147597\n|gametype|singles\n|player|p1|Acud_burn24|colress|1022\n|player|p2|amogusfan21|hilbert|1042\n|teamsize|p1|6\n|teamsize|p2|6\n|gen|9\n|tier|[Gen 9] Anything Goes\n|rated|\n|rule|HP Percentage Mod: HP is shown in percentages\n|rule|Endless Battle Clause: Forcing endless battles is banned\n|clearpoke\n|poke|p1|Gengar, M|\n|poke|p1|Venomoth, M|\n|poke|p1|Sandy Shocks|\n|poke|p1|Bellibolt, M|\n|poke|p1|Golem-Alola, F|\n|poke|p1|Garganacl, M|\n|poke|p2|Maushold-Four|\n|poke|p2|Maushold-Four|\n|poke|p2|Maushold-Four|\n|poke|p2|Maushold-Four|\n|poke|p2|Maushold-Four|\n|poke|p2|Urshifu-*, M|\n|teampreview\n|\n|t:|1700147626\n|start\n|switch|p1a: Gengar|Gengar, M|100\/100\n|switch|p2a: Maushold|Maushold-Four|100\/100\n|turn|1\n|\n|t:|1700147641\n|switch|p2a: Urshifu|Urshifu, M|100\/100\n|move|p1a: Gengar|Gunk Shot|p2a: Urshifu|[miss]\n|-miss|p1a: Gengar|p2a: Urshifu\n|\n|upkeep\n|turn|2\n|\n|t:|1700147650\n|move|p1a: Gengar|Poltergeist|p2a: Urshifu\n|-activate|p2a: Urshifu|move: Poltergeist|Life Orb\n|-resisted|p2a: Urshifu\n|-damage|p2a: Urshifu|88\/100\n|move|p2a: Urshifu|Iron Head|p1a: Gengar\n|-damage|p1a: Gengar|49\/100\n|-damage|p2a: Urshifu|78\/100|[from] item: Life Orb\n|\n|upkeep\n|turn|3\n|\n|t:|1700147661\n|move|p1a: Gengar|Giga Impact|p2a: Urshifu\n|-damage|p2a: Urshifu|52\/100\n|-mustrecharge|p1a: Gengar\n|move|p2a: Urshifu|Iron Head|p1a: Gengar\n|-damage|p1a: Gengar|1\/100\n|-damage|p2a: Urshifu|42\/100|[from] item: Life Orb\n|\n|upkeep\n|turn|4\n|\n|t:|1700147672\n|cant|p1a: Gengar|recharge\n|move|p2a: Urshifu|Iron Head|p1a: Gengar\n|-damage|p1a: Gengar|0 fnt\n|faint|p1a: Gengar\n|-damage|p2a: Urshifu|32\/100|[from] item: Life Orb\n|\n|upkeep\n|\n|t:|1700147683\n|switch|p1a: Herbert|Venomoth, M|100\/100\n|turn|5\n|\n|t:|1700147699\n|switch|p2a: Maushold|Maushold-Four|100\/100\n|move|p1a: Herbert|Giga Drain|p2a: Maushold\n|-damage|p2a: Maushold|79\/100\n|\n|upkeep\n|turn|6\n|\n|t:|1700147706\n|move|p2a: Maushold|Population Bomb|p1a: Herbert\n|-crit|p1a: Herbert\n|-damage|p1a: Herbert|79\/100\n|-damage|p1a: Herbert|65\/100\n|-hitcount|p1a: Herbert|2\n|move|p1a: Herbert|Poison Fang|p2a: Maushold\n|-damage|p2a: Maushold|60\/100\n|\n|-heal|p1a: Herbert|71\/100|[from] item: Black Sludge\n|upkeep\n|turn|7\n|\n|t:|1700147766\n|move|p2a: Maushold|Tidy Up|p2a: Maushold\n|-boost|p2a: Maushold|atk|1\n|-boost|p2a: Maushold|spe|1\n|move|p1a: Herbert|Disable|p2a: Maushold\n|-start|p2a: Maushold|Disable|Tidy Up\n|\n|-heal|p1a: Herbert|78\/100|[from] item: Black Sludge\n|upkeep\n|turn|8\n|\n|t:|1700147776\n|move|p2a: Maushold|Population Bomb|p1a: Herbert\n|-damage|p1a: Herbert|55\/100\n|-damage|p1a: Herbert|34\/100\n|-damage|p1a: Herbert|13\/100\n|-damage|p1a: Herbert|0 fnt\n|faint|p1a: Herbert\n|-hitcount|p1: Herbert|4\n|\n|upkeep\n|\n|t:|1700147789\n|switch|p1a: Hector|Garganacl, M|100\/100\n|turn|9\n|\n|t:|1700147799\n|move|p2a: Maushold|Population Bomb|p1a: Hector\n|-resisted|p1a: Hector\n|-crit|p1a: Hector\n|-damage|p1a: Hector|92\/100\n|-resisted|p1a: Hector\n|-damage|p1a: Hector|87\/100\n|-resisted|p1a: Hector\n|-damage|p1a: Hector|82\/100\n|-resisted|p1a: Hector\n|-damage|p1a: Hector|77\/100\n|-resisted|p1a: Hector\n|-damage|p1a: Hector|71\/100\n|-resisted|p1a: Hector\n|-damage|p1a: Hector|66\/100\n|-resisted|p1a: Hector\n|-damage|p1a: Hector|61\/100\n|-resisted|p1a: Hector\n|-damage|p1a: Hector|56\/100\n|-resisted|p1a: Hector\n|-damage|p1a: Hector|50\/100\n|-resisted|p1a: Hector\n|-damage|p1a: Hector|45\/100\n|-hitcount|p1a: Hector|10\n|move|p1a: Hector|Brick Break|p2a: Maushold\n|-supereffective|p2a: Maushold\n|-damage|p2a: Maushold|12\/100\n|\n|upkeep\n|turn|10\n|\n|t:|1700147822\n|-terastallize|p1a: Hector|Rock\n|move|p2a: Maushold|Population Bomb|p1a: Hector\n|-resisted|p1a: Hector\n|-damage|p1a: Hector|39\/100\n|-hitcount|p1a: Hector|1\n|cant|p1a: Hector|flinch\n|\n|upkeep\n|turn|11\n|\n|t:|1700147832\n|move|p2a: Maushold|Population Bomb|p1a: Hector\n|-resisted|p1a: Hector\n|-damage|p1a: Hector|34\/100\n|-resisted|p1a: Hector\n|-crit|p1a: Hector\n|-damage|p1a: Hector|26\/100\n|-resisted|p1a: Hector\n|-damage|p1a: Hector|21\/100\n|-resisted|p1a: Hector\n|-damage|p1a: Hector|15\/100\n|-resisted|p1a: Hector\n|-damage|p1a: Hector|10\/100\n|-resisted|p1a: Hector\n|-damage|p1a: Hector|5\/100\n|-hitcount|p1a: Hector|6\n|move|p1a: Hector|Rock Blast|p2a: Maushold\n|-damage|p2a: Maushold|0 fnt\n|faint|p2a: Maushold\n|-hitcount|p2: Maushold|1\n|\n|upkeep\n|\n|t:|1700147850\n|switch|p2a: Maushold|Maushold-Four|100\/100\n|turn|12\n|\n|t:|1700147863\n|switch|p1a: Boris|Golem-Alola, F|100\/100\n|move|p2a: Maushold|Population Bomb|p1a: Boris\n|-resisted|p1a: Boris\n|-damage|p1a: Boris|96\/100\n|-resisted|p1a: Boris\n|-damage|p1a: Boris|93\/100\n|-resisted|p1a: Boris\n|-damage|p1a: Boris|89\/100\n|-resisted|p1a: Boris\n|-damage|p1a: Boris|85\/100\n|-resisted|p1a: Boris\n|-damage|p1a: Boris|80\/100\n|-resisted|p1a: Boris\n|-crit|p1a: Boris\n|-damage|p1a: Boris|75\/100\n|-resisted|p1a: Boris\n|-damage|p1a: Boris|71\/100\n|-resisted|p1a: Boris\n|-damage|p1a: Boris|67\/100\n|-resisted|p1a: Boris\n|-damage|p1a: Boris|63\/100\n|-hitcount|p1a: Boris|9\n|\n|upkeep\n|turn|13\n|\n|t:|1700147885\n|switch|p2a: Urshifu|Urshifu, M|32\/100\n|move|p1a: Boris|Rock Slide|p2a: Urshifu\n|-resisted|p2a: Urshifu\n|-crit|p2a: Urshifu\n|-damage|p2a: Urshifu|10\/100\n|\n|upkeep\n|turn|14\n|\n|t:|1700147895\n|move|p2a: Urshifu|Aura Sphere|p1a: Boris\n|-supereffective|p1a: Boris\n|-damage|p1a: Boris|0 fnt\n|faint|p1a: Boris\n|-damage|p2a: Urshifu|0 fnt|[from] item: Life Orb\n|faint|p2a: Urshifu\n|\n|upkeep\n|\n|t:|1700147905\n|switch|p2a: Maushold|Maushold-Four|100\/100\n|switch|p1a: Hector|Garganacl, M, tera:Rock|5\/100\n|turn|15\n|\n|t:|1700147912\n|move|p2a: Maushold|Population Bomb|p1a: Hector\n|-resisted|p1a: Hector\n|-damage|p1a: Hector|1\/100\n|-resisted|p1a: Hector\n|-damage|p1a: Hector|0 fnt\n|faint|p1a: Hector\n|-hitcount|p1: Hector|2\n|\n|upkeep\n|\n|t:|1700147916\n|switch|p1a: Neil|Sandy Shocks|100\/100\n|turn|16\n|\n|t:|1700147922\n|move|p2a: Maushold|Population Bomb|p1a: Neil\n|-enditem|p1a: Neil|Chilan Berry|[eat]\n|-enditem|p1a: Neil|Chilan Berry|[weaken]\n|-damage|p1a: Neil|96\/100\n|-damage|p1a: Neil|86\/100\n|-damage|p1a: Neil|77\/100\n|-damage|p1a: Neil|67\/100\n|-damage|p1a: Neil|57\/100\n|-damage|p1a: Neil|47\/100\n|-damage|p1a: Neil|37\/100\n|-damage|p1a: Neil|27\/100\n|-damage|p1a: Neil|18\/100\n|-damage|p1a: Neil|8\/100\n|-hitcount|p1a: Neil|10\n|cant|p1a: Neil|flinch\n|\n|upkeep\n|turn|17\n|\n|t:|1700147940\n|move|p2a: Maushold|Population Bomb|p1a: Neil\n|-damage|p1a: Neil|0 fnt\n|faint|p1a: Neil\n|-end|p1a: Neil|Protosynthesis|[silent]\n|-hitcount|p1: Neil|1\n|\n|upkeep\n|\n|t:|1700147943\n|switch|p1a: Jasper|Bellibolt, M|100\/100\n|turn|18\n|\n|t:|1700147949\n|move|p1a: Jasper|Protect|p1a: Jasper\n|-singleturn|p1a: Jasper|Protect\n|move|p2a: Maushold|Population Bomb|p1a: Jasper\n|-activate|p1a: Jasper|move: Protect\n|\n|upkeep\n|turn|19\n|\n|t:|1700147956\n|move|p1a: Jasper|Protect|p1a: Jasper\n|-singleturn|p1a: Jasper|Protect\n|move|p2a: Maushold|Population Bomb|p1a: Jasper\n|-activate|p1a: Jasper|move: Protect\n|\n|upkeep\n|turn|20\n|\n|t:|1700147963\n|move|p1a: Jasper|Protect||[still]\n|-fail|p1a: Jasper\n|move|p2a: Maushold|Population Bomb|p1a: Jasper\n|-damage|p1a: Jasper|92\/100\n|-start|p1a: Jasper|Charge|Population Bomb|[from] ability: Electromorphosis\n|-damage|p1a: Jasper|83\/100\n|-start|p1a: Jasper|Charge|Population Bomb|[from] ability: Electromorphosis\n|-damage|p1a: Jasper|75\/100\n|-start|p1a: Jasper|Charge|Population Bomb|[from] ability: Electromorphosis\n|-damage|p1a: Jasper|66\/100\n|-start|p1a: Jasper|Charge|Population Bomb|[from] ability: Electromorphosis\n|-damage|p1a: Jasper|57\/100\n|-start|p1a: Jasper|Charge|Population Bomb|[from] ability: Electromorphosis\n|-damage|p1a: Jasper|47\/100\n|-start|p1a: Jasper|Charge|Population Bomb|[from] ability: Electromorphosis\n|-damage|p1a: Jasper|39\/100\n|-start|p1a: Jasper|Charge|Population Bomb|[from] ability: Electromorphosis\n|-crit|p1a: Jasper\n|-damage|p1a: Jasper|24\/100\n|-start|p1a: Jasper|Charge|Population Bomb|[from] ability: Electromorphosis\n|-damage|p1a: Jasper|16\/100\n|-start|p1a: Jasper|Charge|Population Bomb|[from] ability: Electromorphosis\n|-damage|p1a: Jasper|7\/100\n|-start|p1a: Jasper|Charge|Population Bomb|[from] ability: Electromorphosis\n|-hitcount|p1a: Jasper|10\n|\n|upkeep\n|turn|21\n|inactive|Battle timer is ON: inactive players will automatically lose when time's up. (requested by Acud_burn24)\n|\n|t:|1700147994\n|move|p2a: Maushold|Population Bomb|p1a: Jasper\n|-damage|p1a: Jasper|0 fnt\n|faint|p1a: Jasper\n|-hitcount|p1: Jasper|1\n|\n|win|amogusfan21\n|raw|Acud_burn24's rating: 1022 &rarr; <strong>1009<\/strong><br \/>(-13 for losing)\n|raw|amogusfan21's rating: 1042 &rarr; <strong>1074<\/strong><br \/>(+32 for winning)\n|l|\u2606Acud_burn24\n","uploadtime":1700148054,"views":11,"p1id":"acudburn24","p2id":"amogusfan21","formatid":"gen9anythinggoes","rating":1009,"private":0,"password":""}