{"id":"gen9anythinggoes-1988538562","p1":"UnovaJournies","p2":"YourDrunkDaddy","format":"[Gen 9] Anything Goes","log":"|j|\u2606UnovaJournies\n|j|\u2606YourDrunkDaddy\n|t:|1699733731\n|gametype|singles\n|player|p1|UnovaJournies|ghetsis-gen5bw|\n|player|p2|YourDrunkDaddy|shadowtriad|\n|teamsize|p1|6\n|teamsize|p2|6\n|gen|9\n|tier|[Gen 9] Anything Goes\n|rule|HP Percentage Mod: HP is shown in percentages\n|rule|Endless Battle Clause: Forcing endless battles is banned\n|clearpoke\n|poke|p1|Enamorus, F|\n|poke|p1|Torterra, F|\n|poke|p1|Cryogonal|\n|poke|p1|Bellibolt, M|\n|poke|p1|Roaring Moon|\n|poke|p1|Slither Wing|\n|poke|p2|Great Tusk|\n|poke|p2|Ninetales, F|\n|poke|p2|Volcarona, M|\n|poke|p2|Raichu-Alola, M|\n|poke|p2|Amoonguss, M|\n|poke|p2|Gholdengo|\n|teampreview\n|c|\u2606UnovaJournies|no wake is crazy\n|j| Tredz\n|j| Amoongdrip\n|c| Amoongdrip|wake overrated\n|\n|t:|1699733822\n|start\n|switch|p1a: LookAtMyRealEyes|Bellibolt, M|100\/100\n|switch|p2a: Ninetales|Ninetales, F|100\/100\n|-weather|SunnyDay|[from] ability: Drought|[of] p2a: Ninetales\n|turn|1\n|l| Amoongdrip\n|\n|t:|1699733893\n|switch|p2a: Great Tusk|Great Tusk|100\/100\n|-activate|p2a: Great Tusk|ability: Protosynthesis\n|-start|p2a: Great Tusk|protosynthesisatk\n|move|p1a: LookAtMyRealEyes|Toxic|p2a: Great Tusk\n|-status|p2a: Great Tusk|tox\n|\n|-weather|SunnyDay|[upkeep]\n|-damage|p2a: Great Tusk|94\/100 tox|[from] psn\n|upkeep\n|turn|2\n|j| Amoongdrip\n|\n|t:|1699733931\n|-end|p2a: Great Tusk|Protosynthesis|[silent]\n|switch|p2a: Amoonguss|Amoonguss, M|100\/100\n|move|p1a: LookAtMyRealEyes|Protect||[still]\n|-fail|p1a: LookAtMyRealEyes\n|\n|-weather|SunnyDay|[upkeep]\n|upkeep\n|turn|3\n|\n|t:|1699733947\n|switch|p1a: INeedMoreBullets|Torterra, F|100\/100\n|move|p2a: Amoonguss|Sludge Bomb|p1a: INeedMoreBullets\n|-damage|p1a: INeedMoreBullets|75\/100\n|-status|p1a: INeedMoreBullets|psn\n|\n|-weather|SunnyDay|[upkeep]\n|-damage|p1a: INeedMoreBullets|62\/100 psn|[from] psn\n|upkeep\n|turn|4\n|c|\u2606UnovaJournies|bruh\n|c| Amoongdrip|huge read\n|\n|t:|1699733987\n|switch|p2a: Volcarona|Volcarona, M|100\/100\n|move|p1a: INeedMoreBullets|Stealth Rock|p2a: Volcarona\n|-sidestart|p2: YourDrunkDaddy|move: Stealth Rock\n|\n|-weather|SunnyDay|[upkeep]\n|-damage|p1a: INeedMoreBullets|50\/100 psn|[from] psn\n|upkeep\n|turn|5\n|\n|t:|1699734011\n|move|p2a: Volcarona|Fiery Dance|p1a: INeedMoreBullets\n|-supereffective|p1a: INeedMoreBullets\n|-damage|p1a: INeedMoreBullets|0 fnt\n|-boost|p2a: Volcarona|spa|1\n|faint|p1a: INeedMoreBullets\n|\n|-weather|SunnyDay|[upkeep]\n|upkeep\n|\n|t:|1699734094\n|switch|p1a: Mega Salamence|Roaring Moon|100\/100\n|-activate|p1a: Mega Salamence|ability: Protosynthesis\n|-start|p1a: Mega Salamence|protosynthesisatk\n|turn|6\n|\n|t:|1699734148\n|move|p1a: Mega Salamence|Knock Off|p2a: Volcarona\n|-damage|p2a: Volcarona|0 fnt\n|-enditem|p2a: Volcarona|Heavy-Duty Boots|[from] move: Knock Off|[of] p1a: Mega Salamence\n|faint|p2a: Volcarona\n|\n|-weather|SunnyDay|[upkeep]\n|upkeep\n|\n|t:|1699734177\n|switch|p2a: Great Tusk|Great Tusk|94\/100 tox\n|-damage|p2a: Great Tusk|91\/100 tox|[from] Stealth Rock\n|-activate|p2a: Great Tusk|ability: Protosynthesis\n|-start|p2a: Great Tusk|protosynthesisatk\n|turn|7\n|c|\u2606YourDrunkDaddy|you think too much just click\n|c| Tredz|\ud83d\ude2d\n|c|\u2606UnovaJournies|:\/\n|c| Amoongdrip|lmfao\n|\n|t:|1699734238\n|-end|p1a: Mega Salamence|Protosynthesis|[silent]\n|switch|p1a: What'reTheySelling|Enamorus, F|100\/100\n|move|p2a: Great Tusk|Play Rough|p1a: What'reTheySelling\n|-crit|p1a: What'reTheySelling\n|-damage|p1a: What'reTheySelling|0 fnt\n|faint|p1a: What'reTheySelling\n|-damage|p2a: Great Tusk|81\/100 tox|[from] item: Life Orb\n|\n|-weather|SunnyDay|[upkeep]\n|-damage|p2a: Great Tusk|75\/100 tox|[from] psn\n|upkeep\n|c| Tredz|boom\n|c|\u2606UnovaJournies|fuck off\n|c| Tredz|LMAO\n|c| Amoongdrip|deserved\n|c|\u2606YourDrunkDaddy|lmao\n|c|\u2606YourDrunkDaddy|don't take so long\n|c|\u2606YourDrunkDaddy|I has work\n|\n|t:|1699734268\n|switch|p1a: Turn That Frown|Cryogonal|100\/100\n|turn|8\n|c| Amoongdrip|:timer:\n|\n|t:|1699734288\n|-end|p2a: Great Tusk|Protosynthesis|[silent]\n|switch|p2a: Gholdengo|Gholdengo|100\/100\n|-damage|p2a: Gholdengo|94\/100|[from] Stealth Rock\n|move|p1a: Turn That Frown|Freeze-Dry|p2a: Gholdengo\n|-resisted|p2a: Gholdengo\n|-damage|p2a: Gholdengo|75\/100\n|\n|-weather|none\n|upkeep\n|turn|9\n|\n|t:|1699734298\n|-terastallize|p1a: Turn That Frown|Fire\n|move|p1a: Turn That Frown|Tera Blast|p2a: Gholdengo|[anim] Tera Blast Fire\n|-supereffective|p2a: Gholdengo\n|-damage|p2a: Gholdengo|0 fnt\n|faint|p2a: Gholdengo\n|\n|upkeep\n|\n|t:|1699734314\n|switch|p2a: Ninetales|Ninetales, F|100\/100\n|-damage|p2a: Ninetales|76\/100|[from] Stealth Rock\n|-weather|SunnyDay|[from] ability: Drought|[of] p2a: Ninetales\n|turn|10\n|\n|t:|1699734350\n|switch|p2a: Raichu|Raichu-Alola, M|100\/100\n|-damage|p2a: Raichu|88\/100|[from] Stealth Rock\n|move|p1a: Turn That Frown|Rapid Spin|p2a: Raichu\n|-damage|p2a: Raichu|74\/100\n|-boost|p1a: Turn That Frown|spe|1\n|\n|-weather|SunnyDay|[upkeep]\n|upkeep\n|turn|11\n|\n|t:|1699734372\n|move|p1a: Turn That Frown|Tera Blast|p2a: Raichu|[anim] Tera Blast Fire\n|-damage|p2a: Raichu|0 fnt\n|faint|p2a: Raichu\n|\n|-weather|SunnyDay|[upkeep]\n|upkeep\n|\n|t:|1699734381\n|switch|p2a: Great Tusk|Great Tusk|75\/100 tox\n|-damage|p2a: Great Tusk|72\/100 tox|[from] Stealth Rock\n|-activate|p2a: Great Tusk|ability: Protosynthesis\n|-start|p2a: Great Tusk|protosynthesisatk\n|turn|12\n|\n|t:|1699734386\n|move|p1a: Turn That Frown|Freeze-Dry|p2a: Great Tusk\n|-supereffective|p2a: Great Tusk\n|-damage|p2a: Great Tusk|0 fnt\n|faint|p2a: Great Tusk\n|-end|p2a: Great Tusk|Protosynthesis|[silent]\n|\n|-weather|SunnyDay|[upkeep]\n|upkeep\n|c|\u2606YourDrunkDaddy|gg\n|\n|t:|1699734391\n|switch|p2a: Ninetales|Ninetales, F|76\/100\n|-damage|p2a: Ninetales|51\/100|[from] Stealth Rock\n|turn|13\n|\n|t:|1699734403\n|move|p1a: Turn That Frown|Tera Blast|p2a: Ninetales|[anim] Tera Blast Fire\n|-resisted|p2a: Ninetales\n|-damage|p2a: Ninetales|17\/100\n|move|p2a: Ninetales|Psyshock|p1a: Turn That Frown\n|-damage|p1a: Turn That Frown|61\/100\n|\n|-weather|SunnyDay|[upkeep]\n|upkeep\n|turn|14\n|\n|t:|1699734409\n|move|p1a: Turn That Frown|Tera Blast|p2a: Ninetales|[anim] Tera Blast Fire\n|-resisted|p2a: Ninetales\n|-crit|p2a: Ninetales\n|-damage|p2a: Ninetales|0 fnt\n|faint|p2a: Ninetales\n|\n|-weather|SunnyDay|[upkeep]\n|upkeep\n|\n|t:|1699734411\n|switch|p2a: Amoonguss|Amoonguss, M|100\/100\n|-damage|p2a: Amoonguss|88\/100|[from] Stealth Rock\n|turn|15\n|c|\u2606UnovaJournies|Cryogonal the goat\n|\n|t:|1699734416\n|move|p1a: Turn That Frown|Tera Blast|p2a: Amoonguss|[anim] Tera Blast Fire\n|-supereffective|p2a: Amoonguss\n|-damage|p2a: Amoonguss|4\/100\n|move|p2a: Amoonguss|Sludge Bomb|p1a: Turn That Frown\n|-damage|p1a: Turn That Frown|36\/100\n|-status|p1a: Turn That Frown|psn\n|\n|-weather|SunnyDay|[upkeep]\n|-heal|p2a: Amoonguss|10\/100|[from] item: Black Sludge\n|-damage|p1a: Turn That Frown|24\/100 psn|[from] psn\n|upkeep\n|turn|16\n|\n|t:|1699734423\n|move|p1a: Turn That Frown|Tera Blast|p2a: Amoonguss|[anim] Tera Blast Fire\n|-supereffective|p2a: Amoonguss\n|-damage|p2a: Amoonguss|0 fnt\n|faint|p2a: Amoonguss\n|\n|win|UnovaJournies\n|l|\u2606YourDrunkDaddy\n|l| Tredz\n|l| Amoongdrip\n","uploadtime":1699734429,"views":33,"p1id":"unovajournies","p2id":"yourdrunkdaddy","formatid":"gen9anythinggoes","rating":0,"private":0,"password":""}