{"id":"gen9anythinggoes-1998701991","p1":"DukeGoolies","p2":"Khryce","format":"[Gen 9] Anything Goes","log":"|j|\u2606DukeGoolies\n|j|\u2606Khryce\n|t:|1700974711\n|gametype|singles\n|player|p1|DukeGoolies|2|1137\n|player|p2|Khryce|preschooler|1106\n|teamsize|p1|6\n|teamsize|p2|6\n|gen|9\n|tier|[Gen 9] Anything Goes\n|rated|\n|rule|HP Percentage Mod: HP is shown in percentages\n|rule|Endless Battle Clause: Forcing endless battles is banned\n|clearpoke\n|poke|p1|Dragapult, M|\n|poke|p1|Iron Moth|\n|poke|p1|Azumarill, F|\n|poke|p1|Bronzong|\n|poke|p1|Clefable, M|\n|poke|p1|Roaring Moon|\n|poke|p2|Sylveon, F|\n|poke|p2|Dudunsparce-*, M|\n|poke|p2|Dragapult, F|\n|poke|p2|Chandelure, F|\n|poke|p2|Seviper, M|\n|poke|p2|Skeledirge, M|\n|teampreview\n|inactive|Battle timer is ON: inactive players will automatically lose when time's up. (requested by Khryce)\n|\n|t:|1700974716\n|start\n|switch|p1a: Iron Moth|Iron Moth|100\/100\n|switch|p2a: Dudunsparce|Dudunsparce-Three-Segment, M|100\/100\n|-enditem|p1a: Iron Moth|Booster Energy\n|-activate|p1a: Iron Moth|ability: Quark Drive|[fromitem]\n|-start|p1a: Iron Moth|quarkdrivespe\n|turn|1\n|\n|t:|1700974725\n|move|p1a: Iron Moth|Substitute|p1a: Iron Moth\n|-start|p1a: Iron Moth|Substitute\n|-damage|p1a: Iron Moth|76\/100\n|move|p2a: Dudunsparce|Drill Run|p1a: Iron Moth\n|-supereffective|p1a: Iron Moth\n|-end|p1a: Iron Moth|Substitute\n|\n|upkeep\n|turn|2\n|\n|t:|1700974733\n|move|p1a: Iron Moth|Fiery Dance|p2a: Dudunsparce\n|-damage|p2a: Dudunsparce|64\/100\n|-boost|p1a: Iron Moth|spa|1\n|move|p2a: Dudunsparce|Drill Run|p1a: Iron Moth\n|-supereffective|p1a: Iron Moth\n|-damage|p1a: Iron Moth|0 fnt\n|faint|p1a: Iron Moth\n|-end|p1a: Iron Moth|Quark Drive|[silent]\n|\n|-heal|p2a: Dudunsparce|70\/100|[from] item: Leftovers\n|upkeep\n|\n|t:|1700974743\n|switch|p1a: Bronzong|Bronzong|100\/100\n|turn|3\n|\n|t:|1700974748\n|move|p2a: Dudunsparce|Body Slam|p1a: Bronzong\n|-resisted|p1a: Bronzong\n|-damage|p1a: Bronzong|82\/100\n|-status|p1a: Bronzong|par\n|cant|p1a: Bronzong|par\n|\n|-heal|p2a: Dudunsparce|76\/100|[from] item: Leftovers\n|upkeep\n|turn|4\n|\n|t:|1700974757\n|switch|p2a: Sylveon|Sylveon, F|100\/100\n|cant|p1a: Bronzong|par\n|\n|upkeep\n|turn|5\n|\n|t:|1700974764\n|move|p2a: Sylveon|Calm Mind|p2a: Sylveon\n|-boost|p2a: Sylveon|spa|1\n|-boost|p2a: Sylveon|spd|1\n|move|p1a: Bronzong|Light Screen|p1a: Bronzong\n|-sidestart|p1: DukeGoolies|move: Light Screen\n|\n|upkeep\n|turn|6\n|\n|t:|1700974771\n|switch|p2a: Seviper|Seviper, M|100\/100\n|move|p1a: Bronzong|Reflect|p1a: Bronzong\n|-sidestart|p1: DukeGoolies|Reflect\n|\n|upkeep\n|turn|7\n|\n|t:|1700974778\n|move|p2a: Seviper|Psychic Fangs|p1a: Bronzong\n|-sideend|p1: DukeGoolies|Reflect\n|-sideend|p1: DukeGoolies|move: Light Screen\n|-resisted|p1a: Bronzong\n|-damage|p1a: Bronzong|75\/100 par\n|cant|p1a: Bronzong|par\n|\n|upkeep\n|turn|8\n|\n|t:|1700974800\n|switch|p1a: Clefable|Clefable, M|100\/100\n|move|p2a: Seviper|Coil|p2a: Seviper\n|-boost|p2a: Seviper|atk|1\n|-boost|p2a: Seviper|def|1\n|-boost|p2a: Seviper|accuracy|1\n|\n|upkeep\n|turn|9\n|\n|t:|1700974806\n|move|p2a: Seviper|Gunk Shot|p1a: Clefable\n|-supereffective|p1a: Clefable\n|-damage|p1a: Clefable|12\/100\n|-status|p1a: Clefable|psn\n|move|p1a: Clefable|Knock Off|p2a: Seviper\n|-damage|p2a: Seviper|80\/100\n|-enditem|p2a: Seviper|Leftovers|[from] move: Knock Off|[of] p1a: Clefable\n|\n|-damage|p1a: Clefable|0 fnt|[from] psn\n|faint|p1a: Clefable\n|upkeep\n|\n|t:|1700974819\n|switch|p1a: Bronzong|Bronzong|75\/100 par\n|turn|10\n|\n|t:|1700974823\n|move|p2a: Seviper|Knock Off|p1a: Bronzong\n|-supereffective|p1a: Bronzong\n|-damage|p1a: Bronzong|0 fnt\n|-enditem|p1a: Bronzong|Light Clay|[from] move: Knock Off|[of] p2a: Seviper\n|faint|p1a: Bronzong\n|\n|upkeep\n|\n|t:|1700974827\n|switch|p1a: Dragapult|Dragapult, M|100\/100\n|turn|11\n|\n|t:|1700974830\n|move|p1a: Dragapult|Shadow Ball|p2a: Seviper\n|-damage|p2a: Seviper|0 fnt\n|faint|p2a: Seviper\n|\n|upkeep\n|\n|t:|1700974840\n|switch|p2a: Sylveon|Sylveon, F|100\/100\n|turn|12\n|\n|t:|1700974851\n|switch|p1a: Roaring Moon|Roaring Moon|100\/100\n|move|p2a: Sylveon|Hyper Voice|p1a: Roaring Moon\n|-supereffective|p1a: Roaring Moon\n|-enditem|p1a: Roaring Moon|Focus Sash\n|-damage|p1a: Roaring Moon|1\/100\n|\n|upkeep\n|turn|13\n|\n|t:|1700974859\n|move|p1a: Roaring Moon|Earthquake|p2a: Sylveon\n|-damage|p2a: Sylveon|55\/100\n|move|p2a: Sylveon|Hyper Voice|p1a: Roaring Moon\n|-supereffective|p1a: Roaring Moon\n|-damage|p1a: Roaring Moon|0 fnt\n|faint|p1a: Roaring Moon\n|-end|p1a: Roaring Moon|Protosynthesis|[silent]\n|\n|-heal|p2a: Sylveon|61\/100|[from] item: Leftovers\n|upkeep\n|\n|t:|1700974868\n|switch|p1a: Azumarill|Azumarill, F|100\/100\n|turn|14\n|\n|t:|1700974873\n|move|p1a: Azumarill|Aqua Jet|p2a: Sylveon\n|-damage|p2a: Sylveon|47\/100\n|move|p2a: Sylveon|Hyper Voice|p1a: Azumarill\n|-damage|p1a: Azumarill|68\/100\n|\n|-heal|p2a: Sylveon|53\/100|[from] item: Leftovers\n|upkeep\n|turn|15\n|\n|t:|1700974884\n|move|p1a: Azumarill|Liquidation|p2a: Sylveon\n|-damage|p2a: Sylveon|22\/100\n|move|p2a: Sylveon|Roar|p1a: Azumarill\n|drag|p1a: Dragapult|Dragapult, M|100\/100\n|\n|-heal|p2a: Sylveon|28\/100|[from] item: Leftovers\n|upkeep\n|turn|16\n|\n|t:|1700974892\n|move|p1a: Dragapult|Flamethrower|p2a: Sylveon\n|-damage|p2a: Sylveon|1\/100\n|move|p2a: Sylveon|Hyper Voice|p1a: Dragapult\n|-supereffective|p1a: Dragapult\n|-damage|p1a: Dragapult|0 fnt\n|faint|p1a: Dragapult\n|\n|-heal|p2a: Sylveon|7\/100|[from] item: Leftovers\n|upkeep\n|\n|t:|1700974899\n|switch|p1a: Azumarill|Azumarill, F|68\/100\n|turn|17\n|\n|t:|1700974903\n|switch|p2a: Dudunsparce|Dudunsparce-Three-Segment, M|76\/100\n|move|p1a: Azumarill|Aqua Jet|p2a: Dudunsparce\n|-crit|p2a: Dudunsparce\n|-damage|p2a: Dudunsparce|62\/100\n|\n|-heal|p2a: Dudunsparce|69\/100|[from] item: Leftovers\n|upkeep\n|turn|18\n|\n|t:|1700974910\n|move|p2a: Dudunsparce|Body Slam|p1a: Azumarill\n|-damage|p1a: Azumarill|27\/100\n|move|p1a: Azumarill|Ice Spinner|p2a: Dudunsparce\n|-damage|p2a: Dudunsparce|55\/100\n|\n|-heal|p2a: Dudunsparce|61\/100|[from] item: Leftovers\n|upkeep\n|turn|19\n|\n|t:|1700974918\n|move|p2a: Dudunsparce|Body Slam|p1a: Azumarill\n|-damage|p1a: Azumarill|0 fnt\n|faint|p1a: Azumarill\n|\n|win|Khryce\n|raw|DukeGoolies's rating: 1137 &rarr; <strong>1110<\/strong><br \/>(-27 for losing)\n|raw|Khryce's rating: 1106 &rarr; <strong>1133<\/strong><br \/>(+27 for winning)\n","uploadtime":1700974924,"views":8,"p1id":"dukegoolies","p2id":"khryce","formatid":"gen9anythinggoes","rating":1110,"private":0,"password":""}