{"id":"gen9anythinggoes-1971469239","p1":"sala432","p2":"MY HERO TRAINER","format":"[Gen 9] Anything Goes","log":"|j|\u2606sala432\n|j|\u2606MY HERO TRAINER\n|t:|1697740931\n|gametype|singles\n|player|p1|sala432|102|1000\n|player|p2|MY HERO TRAINER|unknownf|1042\n|teamsize|p1|6\n|teamsize|p2|6\n|gen|9\n|tier|[Gen 9] Anything Goes\n|rated|\n|rule|HP Percentage Mod: HP is shown in percentages\n|rule|Endless Battle Clause: Forcing endless battles is banned\n|clearpoke\n|poke|p1|Calyrex-Shadow|\n|poke|p1|Rayquaza|\n|poke|p1|Flutter Mane|\n|poke|p1|Iron Bundle|\n|poke|p1|Jirachi|\n|poke|p1|Glimmora, F|\n|poke|p2|Roaring Moon|\n|poke|p2|Polteageist|\n|poke|p2|Inteleon, M|\n|poke|p2|Ditto|\n|poke|p2|Mewtwo|\n|poke|p2|Forretress, M|\n|teampreview\n|\n|t:|1697740934\n|start\n|switch|p1a: Glimmora|Glimmora, F|100\/100\n|switch|p2a: THE FORTRESS|Forretress, M, shiny|100\/100\n|turn|1\n|\n|t:|1697740942\n|move|p1a: Glimmora|Stealth Rock|p2a: THE FORTRESS\n|-sidestart|p2: MY HERO TRAINER|move: Stealth Rock\n|move|p2a: THE FORTRESS|Stealth Rock|p1a: Glimmora\n|-sidestart|p1: sala432|move: Stealth Rock\n|\n|upkeep\n|turn|2\n|\n|t:|1697740960\n|move|p1a: Glimmora|Mortal Spin|p2a: THE FORTRESS\n|-immune|p2a: THE FORTRESS\n|move|p2a: THE FORTRESS|Spikes|p1a: Glimmora\n|-sidestart|p1: sala432|Spikes\n|\n|upkeep\n|turn|3\n|\n|t:|1697740969\n|move|p1a: Glimmora|Earth Power|p2a: THE FORTRESS\n|-damage|p2a: THE FORTRESS|54\/100\n|move|p2a: THE FORTRESS|Toxic Spikes|p1a: Glimmora\n|-sidestart|p1: sala432|move: Toxic Spikes\n|\n|upkeep\n|turn|4\n|\n|t:|1697740976\n|move|p1a: Glimmora|Earth Power|p2a: THE FORTRESS\n|-damage|p2a: THE FORTRESS|12\/100\n|move|p2a: THE FORTRESS|Spikes|p1a: Glimmora\n|-sidestart|p1: sala432|Spikes\n|\n|upkeep\n|turn|5\n|\n|t:|1697740981\n|move|p1a: Glimmora|Earth Power|p2a: THE FORTRESS\n|-damage|p2a: THE FORTRESS|0 fnt\n|faint|p2a: THE FORTRESS\n|\n|upkeep\n|\n|t:|1697740992\n|switch|p2a: the sniper|Inteleon, M, shiny|100\/100\n|-damage|p2a: the sniper|88\/100|[from] Stealth Rock\n|turn|6\n|\n|t:|1697740996\n|move|p2a: the sniper|Snipe Shot|p1a: Glimmora\n|-supereffective|p1a: Glimmora\n|-damage|p1a: Glimmora|5\/100\n|move|p1a: Glimmora|Mortal Spin|p2a: the sniper\n|-damage|p2a: the sniper|76\/100\n|-status|p2a: the sniper|psn\n|-sideend|p1: sala432|Spikes|[from] move: Mortal Spin|[of] p1a: Glimmora\n|-sideend|p1: sala432|Toxic Spikes|[from] move: Mortal Spin|[of] p1a: Glimmora\n|-sideend|p1: sala432|Stealth Rock|[from] move: Mortal Spin|[of] p1a: Glimmora\n|\n|-damage|p2a: the sniper|64\/100 psn|[from] psn\n|upkeep\n|turn|7\n|\n|t:|1697741009\n|move|p2a: the sniper|Aqua Jet|p1a: Glimmora\n|-supereffective|p1a: Glimmora\n|-damage|p1a: Glimmora|0 fnt\n|-activate|p1a: Glimmora|ability: Toxic Debris\n|-sidestart|p2: MY HERO TRAINER|move: Toxic Spikes\n|faint|p1a: Glimmora\n|\n|-damage|p2a: the sniper|51\/100 psn|[from] psn\n|upkeep\n|\n|t:|1697741022\n|switch|p1a: Iron Bundle|Iron Bundle|100\/100\n|turn|8\n|\n|t:|1697741031\n|move|p1a: Iron Bundle|Freeze-Dry|p2a: the sniper\n|-supereffective|p2a: the sniper\n|-damage|p2a: the sniper|0 fnt\n|faint|p2a: the sniper\n|\n|upkeep\n|\n|t:|1697741039\n|switch|p2a: Very good NSFW|Mewtwo, shiny|100\/100\n|-damage|p2a: Very good NSFW|88\/100|[from] Stealth Rock\n|-status|p2a: Very good NSFW|psn\n|-ability|p2a: Very good NSFW|Pressure\n|turn|9\n|\n|t:|1697741052\n|move|p1a: Iron Bundle|Freeze-Dry|p2a: Very good NSFW\n|-damage|p2a: Very good NSFW|35\/100 psn\n|move|p2a: Very good NSFW|Calm Mind|p2a: Very good NSFW\n|-boost|p2a: Very good NSFW|spa|1\n|-boost|p2a: Very good NSFW|spd|1\n|\n|-damage|p2a: Very good NSFW|23\/100 psn|[from] psn\n|upkeep\n|turn|10\n|\n|t:|1697741060\n|move|p1a: Iron Bundle|Freeze-Dry|p2a: Very good NSFW\n|-damage|p2a: Very good NSFW|0 fnt\n|faint|p2a: Very good NSFW\n|\n|upkeep\n|-message|MY HERO TRAINER forfeited.\n|\n|win|sala432\n|raw|sala432's rating: 1000 &rarr; <strong>1045<\/strong><br \/>(+45 for winning)\n|raw|MY HERO TRAINER's rating: 1042 &rarr; <strong>1024<\/strong><br \/>(-18 for losing)\n|l|\u2606MY HERO TRAINER\n","uploadtime":1697741088,"views":4,"p1id":"sala432","p2id":"myherotrainer","formatid":"gen9anythinggoes","rating":1024,"private":0,"password":""}