{"id":"gen9anythinggoes-1989001839","p1":"Kanha Greninja","p2":"kaapi_","format":"[Gen 9] Anything Goes","log":"|j|\u2606Kanha Greninja\n|j|\u2606kaapi_\n|t:|1699800731\n|gametype|singles\n|player|p1|Kanha Greninja|doubleteam|\n|player|p2|kaapi_|alder|\n|teamsize|p1|6\n|teamsize|p2|6\n|gen|9\n|tier|[Gen 9] Anything Goes\n|rule|HP Percentage Mod: HP is shown in percentages\n|rule|Endless Battle Clause: Forcing endless battles is banned\n|clearpoke\n|poke|p1|Ditto|\n|poke|p1|Arceus|\n|poke|p1|Arceus-Ground|\n|poke|p1|Ribombee, F|\n|poke|p1|Calyrex-Shadow|\n|poke|p1|Koraidon|\n|poke|p2|Tornadus, M|\n|poke|p2|Urshifu-*, F|\n|poke|p2|Arcanine-Hisui, M|\n|poke|p2|Gholdengo|\n|poke|p2|Amoonguss, F|\n|poke|p2|Kingambit, F|\n|teampreview\n|inactive|Battle timer is ON: inactive players will automatically lose when time's up. (requested by kaapi_)\n|c|\u2606kaapi_|wtf\n|\n|t:|1699800758\n|start\n|switch|p1a: Ribombee|Ribombee, F|100\/100\n|switch|p2a: Kingambit|Kingambit, F|100\/100\n|turn|1\n|c|\u2606Kanha Greninja|this isnt vgc\n|\n|t:|1699800765\n|move|p1a: Ribombee|Sticky Web|p2a: Kingambit\n|-sidestart|p2: kaapi_|move: Sticky Web\n|move|p2a: Kingambit|Swords Dance|p2a: Kingambit\n|-boost|p2a: Kingambit|atk|2\n|\n|upkeep\n|turn|2\n|c|\u2606kaapi_|jajajajajaja\n|c|\u2606kaapi_|i thought that this is a competitive tournament\n|inactive|kaapi_ has 270 seconds left.\n|\n|t:|1699800802\n|switch|p2a: Arcanine|Arcanine-Hisui, M|100\/100\n|-activate|p2a: Arcanine|move: Sticky Web\n|-unboost|p2a: Arcanine|spe|1\n|-ability|p2a: Arcanine|Intimidate|boost\n|-unboost|p1a: Ribombee|atk|1\n|move|p1a: Ribombee|Stun Spore|p2a: Arcanine\n|-activate|p2a: Arcanine|item: Safety Goggles|Stun Spore\n|\n|upkeep\n|turn|3\n|c|\u2606Kanha Greninja|it is\n|inactive|kaapi_ has 270 seconds left.\n|\n|t:|1699800815\n|move|p1a: Ribombee|Moonblast|p2a: Arcanine\n|-resisted|p2a: Arcanine\n|-damage|p2a: Arcanine|77\/100\n|-unboost|p2a: Arcanine|spa|1\n|move|p2a: Arcanine|Will-O-Wisp|p1a: Ribombee\n|-status|p1a: Ribombee|brn\n|\n|-damage|p1a: Ribombee|94\/100 brn|[from] brn\n|upkeep\n|turn|4\n|inactive|kaapi_ has 270 seconds left.\n|\n|t:|1699800824\n|move|p1a: Ribombee|Moonblast|p2a: Arcanine\n|-resisted|p2a: Arcanine\n|-crit|p2a: Arcanine\n|-damage|p2a: Arcanine|43\/100\n|-unboost|p2a: Arcanine|spa|1\n|move|p2a: Arcanine|Rock Slide|p1a: Ribombee\n|-supereffective|p1a: Ribombee\n|-damage|p1a: Ribombee|0 fnt\n|faint|p1a: Ribombee\n|\n|upkeep\n|\n|t:|1699800840\n|switch|p1a: Calyrex|Calyrex-Shadow|100\/100\n|-ability|p1a: Calyrex|As One\n|-ability|p1a: Calyrex|Unnerve\n|turn|5\n|\n|t:|1699800847\n|switch|p2a: Kingambit|Kingambit, F|100\/100\n|-activate|p2a: Kingambit|move: Sticky Web\n|-unboost|p2a: Kingambit|spe|1\n|-ability|p2a: Kingambit|Defiant|boost\n|-boost|p2a: Kingambit|atk|2\n|move|p1a: Calyrex|Astral Barrage|p2a: Kingambit\n|-resisted|p2a: Kingambit\n|-damage|p2a: Kingambit|65\/100\n|\n|upkeep\n|turn|6\n|\n|t:|1699800867\n|-terastallize|p1a: Calyrex|Fighting\n|move|p1a: Calyrex|Tera Blast|p2a: Kingambit|[anim] Tera Blast Fighting\n|-supereffective|p2a: Kingambit\n|-damage|p2a: Kingambit|0 fnt\n|faint|p2a: Kingambit\n|-ability|p1a: Calyrex|Grim Neigh|boost\n|-boost|p1a: Calyrex|spa|1\n|\n|upkeep\n|\n|t:|1699800872\n|switch|p2a: Tornadus|Tornadus, M|100\/100\n|turn|7\n|\n|t:|1699800878\n|move|p1a: Calyrex|Astral Barrage|p2a: Tornadus\n|-enditem|p2a: Tornadus|Focus Sash\n|-damage|p2a: Tornadus|1\/100\n|move|p2a: Tornadus|Bleakwind Storm|p1a: Calyrex\n|-supereffective|p1a: Calyrex\n|-damage|p1a: Calyrex|7\/100\n|\n|upkeep\n|turn|8\n|\n|t:|1699800891\n|move|p1a: Calyrex|Astral Barrage|p2a: Tornadus\n|-damage|p2a: Tornadus|0 fnt\n|faint|p2a: Tornadus\n|-ability|p1a: Calyrex|Grim Neigh|boost\n|-boost|p1a: Calyrex|spa|1\n|\n|upkeep\n|\n|t:|1699800894\n|switch|p2a: Gholdengo|Gholdengo|100\/100\n|-activate|p2a: Gholdengo|move: Sticky Web\n|-unboost|p2a: Gholdengo|spe|1\n|turn|9\n|\n|t:|1699800898\n|-terastallize|p2a: Gholdengo|Dragon\n|move|p1a: Calyrex|Astral Barrage|p2a: Gholdengo\n|-damage|p2a: Gholdengo|0 fnt\n|faint|p2a: Gholdengo\n|-ability|p1a: Calyrex|Grim Neigh|boost\n|-boost|p1a: Calyrex|spa|1\n|\n|upkeep\n|c|\u2606kaapi_|my god\n|c|\u2606kaapi_|u win\n|c|\u2606kaapi_|i dont want to play this jajajaja\n|-message|kaapi_ forfeited.\n|\n|win|Kanha Greninja\n","uploadtime":1699800924,"views":52,"p1id":"kanhagreninja","p2id":"kaapi","formatid":"gen9anythinggoes","rating":0,"private":0,"password":""}