{"id":"gen9anythinggoes-1995914437","p1":"El D God","p2":"JVoid","format":"[Gen 9] Anything Goes","log":"|j|\u2606El D God\n|j|\u2606JVoid\n|t:|1700616861\n|gametype|singles\n|player|p1|El D God|bugcatcher-gen4dp|1229\n|player|p2|JVoid|lucas-gen4pt|1379\n|teamsize|p1|6\n|teamsize|p2|6\n|gen|9\n|tier|[Gen 9] Anything Goes\n|rated|\n|rule|HP Percentage Mod: HP is shown in percentages\n|rule|Endless Battle Clause: Forcing endless battles is banned\n|clearpoke\n|poke|p1|Slowking-Galar, M|\n|poke|p1|Slowbro, M|\n|poke|p1|Slowking, M|\n|poke|p1|Slowbro-Galar, M|\n|poke|p1|Blissey, F|\n|poke|p1|Slowbro, M|\n|poke|p2|Ursaluna-Bloodmoon, M|\n|poke|p2|Zacian-*|\n|poke|p2|Ogerpon-Wellspring, F|\n|poke|p2|Enamorus-Therian, F|\n|poke|p2|Urshifu-*, F|\n|poke|p2|Arcanine-Hisui, F|\n|teampreview\n|c|\u2606El D God|dude\n|c|\u2606El D God|i hope you like pain\n|\n|t:|1700616885\n|start\n|switch|p1a: Tyrone|Slowking-Galar, M|100\/100\n|switch|p2a: Ogerpon|Ogerpon-Wellspring, F|100\/100\n|turn|1\n|c|\u2606El D God|WITNESS\n|c|\u2606El D God|sgt. blissey's lazy slow bro band\n|\n|t:|1700616906\n|move|p2a: Ogerpon|Swords Dance|p2a: Ogerpon\n|-boost|p2a: Ogerpon|atk|2\n|move|p1a: Tyrone|Toxic Spikes|p2a: Ogerpon\n|-sidestart|p2: JVoid|move: Toxic Spikes\n|\n|upkeep\n|turn|2\n|\n|t:|1700616916\n|move|p2a: Ogerpon|Ivy Cudgel|p1a: Tyrone|[anim] Ivy Cudgel Water\n|-damage|p1a: Tyrone|0 fnt\n|faint|p1a: Tyrone\n|\n|upkeep\n|\n|t:|1700616923\n|switch|p1a: Dunkan|Slowbro-Galar, M|100\/100\n|turn|3\n|\n|t:|1700616933\n|-terastallize|p1a: Dunkan|Dragon\n|move|p2a: Ogerpon|Ivy Cudgel|p1a: Dunkan|[anim] Ivy Cudgel Water\n|-resisted|p1a: Dunkan\n|-damage|p1a: Dunkan|60\/100\n|move|p1a: Dunkan|Toxic|p2a: Ogerpon\n|-status|p2a: Ogerpon|tox\n|\n|-damage|p2a: Ogerpon|95\/100 tox|[from] psn\n|upkeep\n|turn|4\n|\n|t:|1700616945\n|move|p2a: Ogerpon|Swords Dance|p2a: Ogerpon\n|-boost|p2a: Ogerpon|atk|2\n|move|p1a: Dunkan|Slack Off|p1a: Dunkan\n|-heal|p1a: Dunkan|100\/100\n|\n|-damage|p2a: Ogerpon|83\/100 tox|[from] psn\n|upkeep\n|turn|5\n|\n|t:|1700616955\n|move|p2a: Ogerpon|Ivy Cudgel|p1a: Dunkan|[anim] Ivy Cudgel Water\n|-resisted|p1a: Dunkan\n|-damage|p1a: Dunkan|40\/100\n|move|p1a: Dunkan|Venoshock|p2a: Ogerpon\n|-supereffective|p2a: Ogerpon\n|-damage|p2a: Ogerpon|0 fnt\n|faint|p2a: Ogerpon\n|\n|upkeep\n|\n|t:|1700616974\n|switch|p2a: Urshifu|Urshifu, F|100\/100\n|-status|p2a: Urshifu|psn\n|turn|6\n|\n|t:|1700616997\n|switch|p1a: Angus|Slowking, M|100\/100\n|move|p2a: Urshifu|Wicked Blow|p1a: Angus\n|-supereffective|p1a: Angus\n|-crit|p1a: Angus\n|-damage|p1a: Angus|12\/100\n|-damage|p2a: Urshifu|84\/100 psn|[from] item: Rocky Helmet|[of] p1a: Angus\n|\n|-damage|p2a: Urshifu|72\/100 psn|[from] psn\n|upkeep\n|turn|7\n|c|\u2606El D God|more like WHACK BLOW\n|\n|t:|1700617014\n|move|p1a: Angus|Protect|p1a: Angus\n|-singleturn|p1a: Angus|Protect\n|move|p2a: Urshifu|Wicked Blow|p1a: Angus\n|-supereffective|p1a: Angus\n|-crit|p1a: Angus\n|-damage|p1a: Angus|0 fnt\n|-damage|p2a: Urshifu|55\/100 psn|[from] item: Rocky Helmet|[of] p1a: Angus\n|faint|p1a: Angus\n|\n|-damage|p2a: Urshifu|43\/100 psn|[from] psn\n|upkeep\n|c|\u2606JVoid|haha\n|\n|t:|1700617042\n|switch|p1a: Sgt. Blissey|Blissey, F|100\/100\n|turn|8\n|\n|t:|1700617051\n|move|p2a: Urshifu|Close Combat|p1a: Sgt. Blissey\n|-supereffective|p1a: Sgt. Blissey\n|-damage|p1a: Sgt. Blissey|0 fnt\n|-unboost|p2a: Urshifu|def|1\n|-unboost|p2a: Urshifu|spd|1\n|faint|p1a: Sgt. Blissey\n|\n|-damage|p2a: Urshifu|30\/100 psn|[from] psn\n|upkeep\n|c|\u2606El D God|ob\n|c|\u2606El D God|no\n|c|\u2606El D God|noob\n|c|\u2606JVoid|lol\n|c|\u2606El D God|you the boon everybody laughing bout\n|\n|t:|1700617089\n|switch|p1a: Derpert|Slowbro, M|100\/100\n|turn|9\n|c|\u2606JVoid|lmao\n|c|\u2606El D God|look at the rizz of my team\n|c|\u2606El D God|and the whackness of your non-brainers\n|c|\u2606JVoid|cool\n|\n|t:|1700617113\n|move|p2a: Urshifu|Wicked Blow|p1a: Derpert\n|-supereffective|p1a: Derpert\n|-crit|p1a: Derpert\n|-damage|p1a: Derpert|25\/100\n|-damage|p2a: Urshifu|14\/100 psn|[from] item: Rocky Helmet|[of] p1a: Derpert\n|move|p1a: Derpert|Slack Off|p1a: Derpert\n|-heal|p1a: Derpert|75\/100\n|\n|-damage|p2a: Urshifu|1\/100 psn|[from] psn\n|upkeep\n|turn|10\n|\n|t:|1700617127\n|switch|p1a: Good Boi|Slowbro, M, shiny|100\/100\n|move|p2a: Urshifu|Wicked Blow|p1a: Good Boi\n|-supereffective|p1a: Good Boi\n|-crit|p1a: Good Boi\n|-damage|p1a: Good Boi|3\/100\n|\n|-heal|p1a: Good Boi|9\/100|[from] item: Leftovers\n|-damage|p2a: Urshifu|0 fnt|[from] psn\n|faint|p2a: Urshifu\n|upkeep\n|\n|t:|1700617139\n|switch|p2a: Arcanine|Arcanine-Hisui, F|100\/100\n|-status|p2a: Arcanine|psn\n|turn|11\n|\n|t:|1700617147\n|switch|p1a: Dunkan|Slowbro-Galar, M, tera:Dragon|73\/100\n|move|p2a: Arcanine|Wild Charge|p1a: Dunkan\n|-resisted|p1a: Dunkan\n|-damage|p1a: Dunkan|62\/100\n|-damage|p2a: Arcanine|84\/100 psn|[from] item: Rocky Helmet|[of] p1a: Dunkan\n|\n|-damage|p2a: Arcanine|72\/100 psn|[from] psn\n|upkeep\n|turn|12\n|\n|t:|1700617158\n|switch|p2a: Enamorus|Enamorus-Therian, F|100\/100\n|move|p1a: Dunkan|Venoshock|p2a: Enamorus\n|-supereffective|p2a: Enamorus\n|-damage|p2a: Enamorus|68\/100\n|\n|upkeep\n|turn|13\n|\n|t:|1700617169\n|-terastallize|p2a: Enamorus|Steel\n|move|p2a: Enamorus|Moonblast|p1a: Dunkan\n|-supereffective|p1a: Dunkan\n|-damage|p1a: Dunkan|0 fnt\n|faint|p1a: Dunkan\n|\n|upkeep\n|\n|t:|1700617177\n|switch|p1a: Good Boi|Slowbro, M, shiny|9\/100\n|turn|14\n|\n|t:|1700617184\n|move|p2a: Enamorus|Moonblast|p1a: Good Boi\n|-damage|p1a: Good Boi|0 fnt\n|faint|p1a: Good Boi\n|\n|upkeep\n|c|\u2606El D God|noob\n|\n|t:|1700617195\n|switch|p1a: Derpert|Slowbro, M|100\/100\n|turn|15\n|c|\u2606JVoid|salty af lol\n|c|\u2606El D God|look how helpless you spam moonblast\n|c|\u2606El D God|you dont know anything about slowbro\n|\n|t:|1700617215\n|move|p2a: Enamorus|Moonblast|p1a: Derpert\n|-damage|p1a: Derpert|39\/100\n|move|p1a: Derpert|Yawn|p2a: Enamorus\n|-start|p2a: Enamorus|move: Yawn|[of] p1a: Derpert\n|\n|upkeep\n|turn|16\n|c|\u2606JVoid|keep crying buddy\n|c|\u2606El D God|no u\n|\n|t:|1700617240\n|move|p2a: Enamorus|Sludge Bomb|p1a: Derpert\n|-damage|p1a: Derpert|2\/100\n|move|p1a: Derpert|Slack Off|p1a: Derpert\n|-heal|p1a: Derpert|52\/100\n|\n|-end|p2a: Enamorus|move: Yawn|[silent]\n|-status|p2a: Enamorus|slp\n|upkeep\n|turn|17\n|c|\u2606JVoid|scrubby\n|c|\u2606El D God|u just too weak lol\n|\n|t:|1700617262\n|cant|p2a: Enamorus|slp\n|move|p1a: Derpert|Slack Off|p1a: Derpert\n|-heal|p1a: Derpert|100\/100\n|\n|upkeep\n|turn|18\n|c|\u2606JVoid|you have 1 mon lmao\n|c|\u2606El D God|no\n|c|\u2606El D God|i have slowbro\n|\n|t:|1700617284\n|-curestatus|p2a: Enamorus|slp|[msg]\n|move|p2a: Enamorus|Moonblast|p1a: Derpert\n|-damage|p1a: Derpert|39\/100\n|-unboost|p1a: Derpert|spa|1\n|move|p1a: Derpert|Scald|p2a: Enamorus\n|-damage|p2a: Enamorus|56\/100\n|\n|upkeep\n|turn|19\n|\n|t:|1700617293\n|move|p2a: Enamorus|Moonblast|p1a: Derpert\n|-damage|p1a: Derpert|0 fnt\n|faint|p1a: Derpert\n|\n|win|JVoid\n|raw|El D God's rating: 1229 &rarr; <strong>1214<\/strong><br \/>(-15 for losing)\n|raw|JVoid's rating: 1379 &rarr; <strong>1391<\/strong><br \/>(+12 for winning)\n|c|\u2606El D God|bg loser\n|c|\u2606JVoid|ggs\n|c|\u2606El D God|get a job\n|l|\u2606El D God\n","uploadtime":1700617324,"views":0,"p1id":"eldgod","p2id":"jvoid","formatid":"gen9anythinggoes","rating":1214,"private":0,"password":""}