{"id":"gen9anythinggoes-1973940723","p1":"Wisper2ng","p2":"Lil_bryce","format":"[Gen 9] Anything Goes","log":"|j|\u2606Wisper2ng\n|j|\u2606Lil_bryce\n|t:|1698030688\n|gametype|singles\n|player|p1|Wisper2ng|wallace|1297\n|player|p2|Lil_bryce|101|1463\n|teamsize|p1|5\n|teamsize|p2|6\n|gen|9\n|tier|[Gen 9] Anything Goes\n|rated|\n|rule|HP Percentage Mod: HP is shown in percentages\n|rule|Endless Battle Clause: Forcing endless battles is banned\n|clearpoke\n|poke|p1|Uxie|\n|poke|p1|Charizard, M|\n|poke|p1|Vivillon-Fancy, M|\n|poke|p1|Maushold|\n|poke|p1|Cloyster, M|\n|poke|p2|Calyrex-Shadow|\n|poke|p2|Arceus|\n|poke|p2|Chien-Pao|\n|poke|p2|Espathra, F|\n|poke|p2|Zacian-*|\n|poke|p2|Giratina|\n|teampreview\n|c|\u2606Lil_bryce|what are the odds i sweep you 6-0\n|\n|t:|1698030708\n|start\n|switch|p1a: Cloyster|Cloyster, M|100\/100\n|switch|p2a: Arceus|Arceus|100\/100\n|turn|1\n|\n|t:|1698030714\n|move|p2a: Arceus|Swords Dance|p2a: Arceus\n|-boost|p2a: Arceus|atk|2\n|move|p1a: Cloyster|Shell Smash|p1a: Cloyster\n|-unboost|p1a: Cloyster|def|1\n|-unboost|p1a: Cloyster|spd|1\n|-boost|p1a: Cloyster|atk|2\n|-boost|p1a: Cloyster|spa|2\n|-boost|p1a: Cloyster|spe|2\n|\n|upkeep\n|turn|2\n|\n|t:|1698030722\n|move|p2a: Arceus|Extreme Speed|p1a: Cloyster\n|-enditem|p1a: Cloyster|Focus Sash\n|-damage|p1a: Cloyster|1\/100\n|move|p1a: Cloyster|Icicle Spear|p2a: Arceus\n|-damage|p2a: Arceus|87\/100\n|-damage|p2a: Arceus|73\/100\n|-damage|p2a: Arceus|60\/100\n|-damage|p2a: Arceus|46\/100\n|-damage|p2a: Arceus|32\/100\n|-hitcount|p2a: Arceus|5\n|\n|upkeep\n|turn|3\n|\n|t:|1698030736\n|move|p2a: Arceus|Extreme Speed|p1a: Cloyster\n|-damage|p1a: Cloyster|0 fnt\n|faint|p1a: Cloyster\n|\n|upkeep\n|\n|t:|1698030741\n|switch|p1a: Maushold|Maushold|100\/100\n|turn|4\n|\n|t:|1698030744\n|move|p2a: Arceus|Extreme Speed|p1a: Maushold\n|-damage|p1a: Maushold|0 fnt\n|faint|p1a: Maushold\n|\n|upkeep\n|\n|t:|1698030747\n|switch|p1a: Uxie|Uxie|100\/100\n|turn|5\n|\n|t:|1698030750\n|move|p2a: Arceus|Extreme Speed|p1a: Uxie\n|-damage|p1a: Uxie|16\/100\n|move|p1a: Uxie|Yawn|p2a: Arceus\n|-start|p2a: Arceus|move: Yawn|[of] p1a: Uxie\n|\n|upkeep\n|turn|6\n|l|\u2606Lil_bryce\n|player|p2|\n|c|\u2606Wisper2ng|None because I have five pokemon\n|c|\u2606Wisper2ng|???\n|inactive|Battle timer is ON: inactive players will automatically lose when time's up. (requested by Wisper2ng)\n|j|\u2606Lil_bryce\n|inactive|Lil_bryce reconnected and has 150 seconds left.\n|player|p2|Lil_bryce|101\n|\n|t:|1698030826\n|move|p2a: Arceus|Extreme Speed|p1a: Uxie\n|-damage|p1a: Uxie|0 fnt\n|faint|p1a: Uxie\n|\n|-end|p2a: Arceus|move: Yawn|[silent]\n|-status|p2a: Arceus|slp\n|upkeep\n|\n|t:|1698030830\n|switch|p1a: Charizard|Charizard, M|100\/100\n|turn|7\n|\n|t:|1698030837\n|cant|p2a: Arceus|slp\n|move|p1a: Charizard|Substitute|p1a: Charizard\n|-start|p1a: Charizard|Substitute\n|-damage|p1a: Charizard|75\/100\n|\n|upkeep\n|turn|8\n|\n|t:|1698030845\n|-curestatus|p2a: Arceus|slp|[msg]\n|move|p2a: Arceus|Extreme Speed|p1a: Charizard\n|-end|p1a: Charizard|Substitute\n|move|p1a: Charizard|Belly Drum|p1a: Charizard\n|-damage|p1a: Charizard|25\/100\n|-setboost|p1a: Charizard|atk|6|[from] move: Belly Drum\n|-enditem|p1a: Charizard|Salac Berry|[eat]\n|-boost|p1a: Charizard|spe|1|[from] item: Salac Berry\n|\n|upkeep\n|turn|9\n|\n|t:|1698030855\n|move|p2a: Arceus|Extreme Speed|p1a: Charizard\n|-damage|p1a: Charizard|0 fnt\n|faint|p1a: Charizard\n|\n|upkeep\n|\n|t:|1698030858\n|switch|p1a: Vivillon|Vivillon-Fancy, M, shiny|100\/100\n|turn|10\n|\n|t:|1698030861\n|move|p2a: Arceus|Extreme Speed|p1a: Vivillon\n|-damage|p1a: Vivillon|0 fnt\n|faint|p1a: Vivillon\n|\n|win|Lil_bryce\n|raw|Wisper2ng's rating: 1297 &rarr; <strong>1283<\/strong><br \/>(-14 for losing)\n|raw|Lil_bryce's rating: 1463 &rarr; <strong>1474<\/strong><br \/>(+11 for winning)\n|l|\u2606Wisper2ng\n|c|\u2606Lil_bryce|ez\n","uploadtime":1698030943,"views":13,"p1id":"wisper2ng","p2id":"lilbryce","formatid":"gen9anythinggoes","rating":1283,"private":0,"password":""}