{"id":"gen9anythinggoes-1985132874","p1":"deHaruspex","p2":"its a gambit trust","format":"[Gen 9] Anything Goes","log":"|j|\u2606deHaruspex\n|j|\u2606its a gambit trust\n|t:|1699335732\n|gametype|singles\n|player|p1|deHaruspex|plasmagrunt|1000\n|player|p2|its a gambit trust|acerola-masters|1050\n|teamsize|p1|6\n|teamsize|p2|6\n|gen|9\n|tier|[Gen 9] Anything Goes\n|rated|\n|rule|HP Percentage Mod: HP is shown in percentages\n|rule|Endless Battle Clause: Forcing endless battles is banned\n|clearpoke\n|poke|p1|Wyrdeer, M|\n|poke|p1|Sawsbuck, M|\n|poke|p1|Drifblim, F|\n|poke|p1|Carbink|\n|poke|p1|Pawmot, F|\n|poke|p1|Slaking, F|\n|poke|p2|Calyrex-Shadow|\n|poke|p2|Espathra, M|\n|poke|p2|Hatterene, F|\n|poke|p2|Vaporeon, M|\n|poke|p2|Drifblim, M|\n|poke|p2|Mienshao, M|\n|teampreview\n|inactive|Battle timer is ON: inactive players will automatically lose when time's up. (requested by its a gambit trust)\n|inactive|deHaruspex also wants the timer to be on.\n|inactive|deHaruspex has 120 seconds left.\n|\n|t:|1699335779\n|start\n|switch|p1a: Wyrdeer|Wyrdeer, M|100\/100\n|switch|p2a: Drifblim|Drifblim, M|100\/100\n|turn|1\n|\n|t:|1699335795\n|move|p1a: Wyrdeer|Facade|p2a: Drifblim\n|-immune|p2a: Drifblim\n|move|p2a: Drifblim|Substitute|p2a: Drifblim\n|-start|p2a: Drifblim|Substitute\n|-damage|p2a: Drifblim|76\/100\n|\n|-heal|p2a: Drifblim|82\/100|[from] item: Leftovers\n|upkeep\n|turn|2\n|\n|t:|1699335813\n|switch|p1a: Sawsbuck|Sawsbuck, M, shiny|100\/100\n|move|p2a: Drifblim|Minimize|p2a: Drifblim\n|-boost|p2a: Drifblim|evasion|2\n|\n|-heal|p2a: Drifblim|88\/100|[from] item: Leftovers\n|upkeep\n|turn|3\n|\n|t:|1699335835\n|move|p1a: Sawsbuck|Shadow Ball|p2a: Drifblim\n|-supereffective|p2a: Drifblim\n|-activate|p2a: Drifblim|move: Substitute|[damage]\n|move|p2a: Drifblim|Minimize|p2a: Drifblim\n|-boost|p2a: Drifblim|evasion|2\n|\n|-heal|p2a: Drifblim|94\/100|[from] item: Leftovers\n|upkeep\n|turn|4\n|inactive|its a gambit trust has 120 seconds left.\n|\n|t:|1699335859\n|move|p1a: Sawsbuck|Facade|p2a: Drifblim\n|-immune|p2a: Drifblim\n|move|p2a: Drifblim|Minimize|p2a: Drifblim\n|-boost|p2a: Drifblim|evasion|2\n|\n|-heal|p2a: Drifblim|99\/100|[from] item: Leftovers\n|upkeep\n|turn|5\n|\n|t:|1699335872\n|move|p1a: Sawsbuck|Facade|p2a: Drifblim\n|-immune|p2a: Drifblim\n|move|p2a: Drifblim|Baton Pass|p2a: Drifblim\n|inactive|its a gambit trust has 120 seconds left.\n|\n|t:|1699335886\n|switch|p2a: Vaporeon|Vaporeon, M|100\/100|[from] Baton Pass\n|\n|upkeep\n|turn|6\n|\n|t:|1699335895\n|move|p1a: Sawsbuck|Giga Drain|p2a: Vaporeon|[miss]\n|-miss|p1a: Sawsbuck|p2a: Vaporeon\n|move|p2a: Vaporeon|Acid Armor|p2a: Vaporeon\n|-boost|p2a: Vaporeon|def|2\n|\n|upkeep\n|turn|7\n|\n|t:|1699335902\n|move|p1a: Sawsbuck|Giga Drain|p2a: Vaporeon|[miss]\n|-miss|p1a: Sawsbuck|p2a: Vaporeon\n|move|p2a: Vaporeon|Acid Armor|p2a: Vaporeon\n|-boost|p2a: Vaporeon|def|2\n|\n|upkeep\n|turn|8\n|\n|t:|1699335910\n|switch|p1a: Pawmot|Pawmot, F|100\/100\n|move|p2a: Vaporeon|Acid Armor|p2a: Vaporeon\n|-boost|p2a: Vaporeon|def|2\n|\n|upkeep\n|turn|9\n|\n|t:|1699335915\n|-terastallize|p1a: Pawmot|Electric\n|move|p1a: Pawmot|Double Shock|p2a: Vaporeon\n|-supereffective|p2a: Vaporeon\n|-end|p2a: Vaporeon|Substitute\n|-start|p1a: Pawmot|typechange|Electric|[from] move: Double Shock\n|move|p2a: Vaporeon|Baton Pass|p2a: Vaporeon\n|\n|t:|1699335923\n|switch|p2a: Espathra|Espathra, M|100\/100|[from] Baton Pass\n|\n|upkeep\n|turn|10\n|\n|t:|1699335929\n|move|p2a: Espathra|Protect|p2a: Espathra\n|-singleturn|p2a: Espathra|Protect\n|move|p1a: Pawmot|Ice Punch|p2a: Espathra\n|-activate|p2a: Espathra|move: Protect\n|\n|-ability|p2a: Espathra|Speed Boost|boost\n|-boost|p2a: Espathra|spe|1\n|upkeep\n|turn|11\n|\n|t:|1699335939\n|move|p2a: Espathra|Substitute|p2a: Espathra\n|-start|p2a: Espathra|Substitute\n|-damage|p2a: Espathra|76\/100\n|move|p1a: Pawmot|Ice Punch|p2a: Espathra|[miss]\n|-miss|p1a: Pawmot|p2a: Espathra\n|\n|-ability|p2a: Espathra|Speed Boost|boost\n|-boost|p2a: Espathra|spe|1\n|upkeep\n|turn|12\n|\n|t:|1699335946\n|move|p2a: Espathra|Protect|p2a: Espathra\n|-singleturn|p2a: Espathra|Protect\n|move|p1a: Pawmot|Fire Punch|p2a: Espathra\n|-activate|p2a: Espathra|move: Protect\n|\n|-ability|p2a: Espathra|Speed Boost|boost\n|-boost|p2a: Espathra|spe|1\n|upkeep\n|turn|13\n|c|\u2606deHaruspex|nice moves!!\n|\n|t:|1699335971\n|move|p2a: Espathra|Substitute|p2a: Espathra\n|-fail|p2a: Espathra|move: Substitute\n|move|p1a: Pawmot|Ice Punch|p2a: Espathra|[miss]\n|-miss|p1a: Pawmot|p2a: Espathra\n|\n|-ability|p2a: Espathra|Speed Boost|boost\n|-boost|p2a: Espathra|spe|1\n|upkeep\n|turn|14\n|\n|t:|1699335980\n|move|p2a: Espathra|Protect|p2a: Espathra\n|-singleturn|p2a: Espathra|Protect\n|move|p1a: Pawmot|Double Shock|p2a: Espathra\n|-activate|p2a: Espathra|move: Protect\n|\n|-ability|p2a: Espathra|Speed Boost|boost\n|-boost|p2a: Espathra|spe|1\n|upkeep\n|turn|15\n|\n|t:|1699335989\n|move|p2a: Espathra|Roost|p2a: Espathra\n|-heal|p2a: Espathra|100\/100\n|-singleturn|p2a: Espathra|move: Roost\n|move|p1a: Pawmot|Body Press|p2a: Espathra|[miss]\n|-miss|p1a: Pawmot|p2a: Espathra\n|\n|-ability|p2a: Espathra|Speed Boost|boost\n|-boost|p2a: Espathra|spe|1\n|upkeep\n|turn|16\n|\n|t:|1699336006\n|move|p2a: Espathra|Baton Pass|p2a: Espathra\n|inactive|its a gambit trust has 120 seconds left.\n|\n|t:|1699336038\n|switch|p2a: Hatterene|Hatterene, F|100\/100|[from] Baton Pass\n|move|p1a: Pawmot|Ice Punch|p2a: Hatterene|[miss]\n|-miss|p1a: Pawmot|p2a: Hatterene\n|\n|upkeep\n|turn|17\n|\n|t:|1699336048\n|switch|p1a: Carbink|Carbink, shiny|100\/100\n|move|p2a: Hatterene|Baton Pass|p2a: Hatterene\n|\n|t:|1699336055\n|switch|p2a: Mienshao|Mienshao, M|100\/100|[from] Baton Pass\n|\n|upkeep\n|turn|18\n|\n|t:|1699336059\n|move|p2a: Mienshao|Hone Claws|p2a: Mienshao\n|-boost|p2a: Mienshao|atk|1\n|-boost|p2a: Mienshao|accuracy|1\n|move|p1a: Carbink|Iron Defense|p1a: Carbink\n|-boost|p1a: Carbink|def|2\n|\n|upkeep\n|turn|19\n|\n|t:|1699336065\n|move|p2a: Mienshao|Hone Claws|p2a: Mienshao\n|-boost|p2a: Mienshao|atk|1\n|-boost|p2a: Mienshao|accuracy|1\n|move|p1a: Carbink|Iron Defense|p1a: Carbink\n|-boost|p1a: Carbink|def|2\n|\n|upkeep\n|turn|20\n|\n|t:|1699336071\n|move|p2a: Mienshao|Hone Claws|p2a: Mienshao\n|-boost|p2a: Mienshao|atk|1\n|-boost|p2a: Mienshao|accuracy|1\n|move|p1a: Carbink|Iron Defense|p1a: Carbink\n|-boost|p1a: Carbink|def|2\n|\n|upkeep\n|turn|21\n|\n|t:|1699336089\n|move|p2a: Mienshao|Hone Claws|p2a: Mienshao\n|-boost|p2a: Mienshao|atk|1\n|-boost|p2a: Mienshao|accuracy|1\n|move|p1a: Carbink|Body Press|p2a: Mienshao|[miss]\n|-miss|p1a: Carbink|p2a: Mienshao\n|\n|upkeep\n|turn|22\n|\n|t:|1699336095\n|move|p2a: Mienshao|Hone Claws|p2a: Mienshao\n|-boost|p2a: Mienshao|atk|1\n|-boost|p2a: Mienshao|accuracy|1\n|move|p1a: Carbink|Body Press|p2a: Mienshao\n|-end|p2a: Mienshao|Substitute\n|\n|upkeep\n|turn|23\n|\n|t:|1699336114\n|move|p2a: Mienshao|Substitute|p2a: Mienshao\n|-start|p2a: Mienshao|Substitute\n|-damage|p2a: Mienshao|76\/100\n|move|p1a: Carbink|Body Press|p2a: Mienshao\n|-end|p2a: Mienshao|Substitute\n|\n|-heal|p2a: Mienshao|82\/100|[from] item: Leftovers\n|upkeep\n|turn|24\n|\n|t:|1699336121\n|move|p2a: Mienshao|Substitute|p2a: Mienshao\n|-start|p2a: Mienshao|Substitute\n|-damage|p2a: Mienshao|57\/100\n|move|p1a: Carbink|Body Press|p2a: Mienshao\n|-end|p2a: Mienshao|Substitute\n|\n|-heal|p2a: Mienshao|63\/100|[from] item: Leftovers\n|upkeep\n|turn|25\n|\n|t:|1699336128\n|move|p2a: Mienshao|Protect|p2a: Mienshao\n|-singleturn|p2a: Mienshao|Protect\n|move|p1a: Carbink|Body Slam|p2a: Mienshao\n|-activate|p2a: Mienshao|move: Protect\n|\n|-heal|p2a: Mienshao|69\/100|[from] item: Leftovers\n|upkeep\n|turn|26\n|\n|t:|1699336136\n|move|p2a: Mienshao|Substitute|p2a: Mienshao\n|-start|p2a: Mienshao|Substitute\n|-damage|p2a: Mienshao|44\/100\n|move|p1a: Carbink|Stone Edge|p2a: Mienshao|[miss]\n|-miss|p1a: Carbink|p2a: Mienshao\n|\n|-heal|p2a: Mienshao|50\/100|[from] item: Leftovers\n|upkeep\n|turn|27\n|\n|t:|1699336145\n|move|p2a: Mienshao|Hone Claws|p2a: Mienshao\n|-boost|p2a: Mienshao|atk|1\n|-boost|p2a: Mienshao|accuracy|1\n|move|p1a: Carbink|Iron Defense|p1a: Carbink\n|-boost|p1a: Carbink|def|0\n|\n|-heal|p2a: Mienshao|56\/100|[from] item: Leftovers\n|upkeep\n|turn|28\n|\n|t:|1699336157\n|move|p2a: Mienshao|Baton Pass|p2a: Mienshao\n|\n|t:|1699336165\n|switch|p2a: Hatterene|Hatterene, F|100\/100|[from] Baton Pass\n|move|p1a: Carbink|Body Slam|p2a: Hatterene|[miss]\n|-miss|p1a: Carbink|p2a: Hatterene\n|\n|upkeep\n|turn|29\n|\n|t:|1699336172\n|move|p2a: Hatterene|Calm Mind|p2a: Hatterene\n|-boost|p2a: Hatterene|spa|1\n|-boost|p2a: Hatterene|spd|1\n|move|p1a: Carbink|Stone Edge|p2a: Hatterene|[miss]\n|-miss|p1a: Carbink|p2a: Hatterene\n|\n|upkeep\n|turn|30\n|\n|t:|1699336188\n|switch|p1a: Sawsbuck|Sawsbuck, M, shiny|100\/100\n|move|p2a: Hatterene|Calm Mind|p2a: Hatterene\n|-boost|p2a: Hatterene|spa|1\n|-boost|p2a: Hatterene|spd|1\n|\n|upkeep\n|turn|31\n|\n|t:|1699336199\n|move|p2a: Hatterene|Calm Mind|p2a: Hatterene\n|-boost|p2a: Hatterene|spa|1\n|-boost|p2a: Hatterene|spd|1\n|move|p1a: Sawsbuck|Shadow Ball|p2a: Hatterene|[miss]\n|-miss|p1a: Sawsbuck|p2a: Hatterene\n|\n|upkeep\n|turn|32\n|inactive|its a gambit trust has 120 seconds left.\n|\n|t:|1699336237\n|move|p2a: Hatterene|Calm Mind|p2a: Hatterene\n|-boost|p2a: Hatterene|spa|1\n|-boost|p2a: Hatterene|spd|1\n|move|p1a: Sawsbuck|Facade|p2a: Hatterene\n|-activate|p2a: Hatterene|move: Substitute|[damage]\n|\n|upkeep\n|turn|33\n|inactive|its a gambit trust has 120 seconds left.\n|\n|t:|1699336256\n|move|p2a: Hatterene|Calm Mind|p2a: Hatterene\n|-boost|p2a: Hatterene|spa|1\n|-boost|p2a: Hatterene|spd|1\n|move|p1a: Sawsbuck|Giga Drain|p2a: Hatterene\n|-activate|p2a: Hatterene|move: Substitute|[damage]\n|\n|upkeep\n|turn|34\n|\n|t:|1699336263\n|move|p2a: Hatterene|Calm Mind|p2a: Hatterene\n|-boost|p2a: Hatterene|spa|1\n|-boost|p2a: Hatterene|spd|1\n|move|p1a: Sawsbuck|Giga Drain|p2a: Hatterene|[miss]\n|-miss|p1a: Sawsbuck|p2a: Hatterene\n|\n|upkeep\n|turn|35\n|\n|t:|1699336273\n|move|p2a: Hatterene|Psychic Terrain|p2a: Hatterene\n|-fieldstart|move: Psychic Terrain\n|move|p1a: Sawsbuck|Shadow Ball|p2a: Hatterene|[miss]\n|-miss|p1a: Sawsbuck|p2a: Hatterene\n|\n|upkeep\n|turn|36\n|\n|t:|1699336283\n|move|p2a: Hatterene|Baton Pass|p2a: Hatterene\n|\n|t:|1699336286\n|switch|p2a: Calyrex|Calyrex-Shadow|100\/100|[from] Baton Pass\n|-ability|p2a: Calyrex|As One\n|-ability|p2a: Calyrex|Unnerve\n|move|p1a: Sawsbuck|Body Slam|p2a: Calyrex\n|-immune|p2a: Calyrex\n|\n|upkeep\n|turn|37\n|inactive|its a gambit trust has 120 seconds left.\n|c|\u2606deHaruspex|can i say\n|c|\u2606deHaruspex|this is a 900000 iq strat\n|c|\u2606deHaruspex|and im not kidding\n|inactive|its a gambit trust has 90 seconds left.\n|inactive|its a gambit trust has 60 seconds left.\n|\n|t:|1699336378\n|-terastallize|p2a: Calyrex|Psychic\n|move|p2a: Calyrex|Stored Power|p1a: Sawsbuck\n|-damage|p1a: Sawsbuck|0 fnt\n|faint|p1a: Sawsbuck\n|\n|upkeep\n|\n|t:|1699336392\n|switch|p1a: Carbink|Carbink, shiny|100\/100\n|turn|38\n|\n|t:|1699336396\n|move|p2a: Calyrex|Stored Power|p1a: Carbink\n|-damage|p1a: Carbink|0 fnt\n|faint|p1a: Carbink\n|\n|upkeep\n|\n|t:|1699336403\n|switch|p1a: Wyrdeer|Wyrdeer, M|100\/100\n|turn|39\n|\n|t:|1699336409\n|move|p2a: Calyrex|Stored Power|p1a: Wyrdeer\n|-resisted|p1a: Wyrdeer\n|-damage|p1a: Wyrdeer|0 fnt\n|faint|p1a: Wyrdeer\n|\n|upkeep\n|\n|t:|1699336414\n|switch|p1a: Slaking|Slaking, F|100\/100\n|turn|40\n|\n|t:|1699336423\n|move|p2a: Calyrex|Stored Power|p1a: Slaking\n|-damage|p1a: Slaking|0 fnt\n|faint|p1a: Slaking\n|\n|upkeep\n|\n|t:|1699336428\n|switch|p1a: Drifblim|Drifblim, F|100\/100\n|turn|41\n|\n|t:|1699336434\n|move|p2a: Calyrex|Stored Power|p1a: Drifblim\n|-crit|p1a: Drifblim\n|-damage|p1a: Drifblim|0 fnt\n|faint|p1a: Drifblim\n|\n|upkeep\n|\n|t:|1699336438\n|switch|p1a: Pawmot|Pawmot, F, tera:Electric|100\/100\n|turn|42\n|c|\u2606deHaruspex|NICE\n|c|\u2606its a gambit trust|+6 252+ SpA Twisted Spoon Tera Psychic Calyrex-Shadow Stored Power (620 BP) vs. 24 HP \/ 0 SpD Tera Electric Pawmot in Psychic Terrain: 16678-19622 (5811.1 - 6836.9%) -- guaranteed OHKO\n|inactive|its a gambit trust has 120 seconds left.\n|\n|t:|1699336459\n|move|p2a: Calyrex|Stored Power|p1a: Pawmot\n|-damage|p1a: Pawmot|0 fnt\n|faint|p1a: Pawmot\n|\n|win|its a gambit trust\n|raw|deHaruspex's rating: 1000 &rarr; <strong>1000<\/strong><br \/>(+0 for losing)\n|raw|its a gambit trust's rating: 1050 &rarr; <strong>1078<\/strong><br \/>(+28 for winning)\n|c|\u2606deHaruspex|???\n|c|\u2606its a gambit trust|ggwp <3\n","uploadtime":1699336471,"views":5,"p1id":"deharuspex","p2id":"itsagambittrust","formatid":"gen9anythinggoes","rating":1000,"private":0,"password":""}