{"id":"gen9anythinggoes-1988705252","p1":"vivixr31","p2":"Sonic3andknuckles","format":"[Gen 9] Anything Goes","log":"|j|\u2606vivixr31\n|j|\u2606Sonic3andknuckles\n|t:|1699752874\n|gametype|singles\n|player|p1|vivixr31|unknownf|1049\n|player|p2|Sonic3andknuckles|supernerd|1000\n|teamsize|p1|6\n|teamsize|p2|6\n|gen|9\n|tier|[Gen 9] Anything Goes\n|rated|\n|rule|HP Percentage Mod: HP is shown in percentages\n|rule|Endless Battle Clause: Forcing endless battles is banned\n|clearpoke\n|poke|p1|Chi-Yu|\n|poke|p1|Annihilape, F|\n|poke|p1|Kingambit, F|\n|poke|p1|Great Tusk|\n|poke|p1|Dragonite, F|\n|poke|p1|Iron Bundle|\n|poke|p2|Rayquaza|\n|poke|p2|Sandslash-Alola, M|\n|poke|p2|Mesprit|\n|poke|p2|Zoroark-Hisui, M|\n|poke|p2|Sylveon, M|\n|poke|p2|Gyarados, M|\n|teampreview\n|\n|t:|1699752893\n|start\n|switch|p1a: Great Tusk|Great Tusk|100\/100\n|switch|p2a: Rayquaza|Rayquaza|100\/100\n|-ability|p2a: Rayquaza|Air Lock\n|turn|1\n|\n|t:|1699752906\n|move|p1a: Great Tusk|Stealth Rock|p2a: Rayquaza\n|-sidestart|p2: Sonic3andknuckles|move: Stealth Rock\n|move|p2a: Rayquaza|Fly||[still]\n|-prepare|p2a: Rayquaza|Fly\n|\n|upkeep\n|turn|2\n|\n|t:|1699752919\n|move|p1a: Great Tusk|Headlong Rush|p2a: Rayquaza|[miss]\n|-miss|p1a: Great Tusk|p2a: Rayquaza\n|move|p2a: Rayquaza|Fly|p1a: Great Tusk|[from]lockedmove\n|-supereffective|p1a: Great Tusk\n|-enditem|p1a: Great Tusk|Focus Sash\n|-damage|p1a: Great Tusk|1\/100\n|-damage|p2a: Rayquaza|91\/100|[from] item: Life Orb\n|\n|upkeep\n|turn|3\n|\n|t:|1699752940\n|move|p1a: Great Tusk|Headlong Rush|p2a: Rayquaza\n|-immune|p2a: Rayquaza\n|move|p2a: Rayquaza|Fly||[still]\n|-prepare|p2a: Rayquaza|Fly\n|\n|upkeep\n|turn|4\n|\n|t:|1699752949\n|move|p1a: Great Tusk|Close Combat|p2a: Rayquaza|[miss]\n|-miss|p1a: Great Tusk|p2a: Rayquaza\n|move|p2a: Rayquaza|Fly|p1a: Great Tusk|[from]lockedmove\n|-supereffective|p1a: Great Tusk\n|-damage|p1a: Great Tusk|0 fnt\n|faint|p1a: Great Tusk\n|-end|p1a: Great Tusk|Protosynthesis|[silent]\n|-damage|p2a: Rayquaza|81\/100|[from] item: Life Orb\n|\n|upkeep\n|\n|t:|1699752958\n|switch|p1a: Annihilape|Annihilape, F|100\/100\n|turn|5\n|\n|t:|1699752974\n|move|p1a: Annihilape|Final Gambit|p2a: Rayquaza\n|-damage|p2a: Rayquaza|0 fnt\n|faint|p1a: Annihilape\n|faint|p2a: Rayquaza\n|\n|upkeep\n|\n|t:|1699752983\n|switch|p1a: Chi-Yu|Chi-Yu|100\/100\n|switch|p2a: Shimmer|Mesprit, shiny|100\/100\n|-ability|p1a: Chi-Yu|Beads of Ruin\n|-damage|p2a: Shimmer|88\/100|[from] Stealth Rock\n|turn|6\n|\n|t:|1699753001\n|move|p1a: Chi-Yu|Nasty Plot|p1a: Chi-Yu\n|-boost|p1a: Chi-Yu|spa|2\n|move|p2a: Shimmer|Bitter Malice|p1a: Chi-Yu\n|-resisted|p1a: Chi-Yu\n|-damage|p1a: Chi-Yu|82\/100\n|-unboost|p1a: Chi-Yu|atk|1\n|\n|-heal|p2a: Shimmer|94\/100|[from] item: Leftovers\n|upkeep\n|turn|7\n|\n|t:|1699753013\n|move|p1a: Chi-Yu|Dark Pulse|p2a: Shimmer\n|-supereffective|p2a: Shimmer\n|-damage|p2a: Shimmer|0 fnt\n|replace|p2a: Zoroark|Zoroark-Hisui, M\n|-end|p2a: Zoroark|Illusion\n|faint|p2a: Zoroark\n|\n|upkeep\n|\n|t:|1699753029\n|switch|p2a: Floppy|Gyarados, M, shiny|100\/100\n|-damage|p2a: Floppy|76\/100|[from] Stealth Rock\n|-ability|p2a: Floppy|Intimidate|boost\n|-unboost|p1a: Chi-Yu|atk|1\n|turn|8\n|\n|t:|1699753038\n|move|p1a: Chi-Yu|Will-O-Wisp|p2a: Floppy\n|-status|p2a: Floppy|brn\n|move|p2a: Floppy|Bite|p1a: Chi-Yu\n|-resisted|p1a: Chi-Yu\n|-damage|p1a: Chi-Yu|74\/100\n|\n|-damage|p2a: Floppy|70\/100 brn|[from] brn\n|upkeep\n|turn|9\n|\n|t:|1699753070\n|move|p1a: Chi-Yu|Dark Pulse|p2a: Floppy\n|-damage|p2a: Floppy|0 fnt\n|faint|p2a: Floppy\n|\n|upkeep\n|inactive|Battle timer is ON: inactive players will automatically lose when time's up. (requested by vivixr31)\n|\n|t:|1699753104\n|switch|p2a: Shimmer|Mesprit, shiny|100\/100\n|turn|10\n|\n|t:|1699753121\n|move|p1a: Chi-Yu|Dark Pulse|p2a: Shimmer\n|-supereffective|p2a: Shimmer\n|-damage|p2a: Shimmer|0 fnt\n|faint|p2a: Shimmer\n|\n|upkeep\n|\n|t:|1699753126\n|switch|p2a: Sonic|Sandslash-Alola, M|100\/100\n|-damage|p2a: Sonic|88\/100|[from] Stealth Rock\n|turn|11\n|\n|t:|1699753138\n|move|p1a: Chi-Yu|Flamethrower|p2a: Sonic\n|-supereffective|p2a: Sonic\n|-damage|p2a: Sonic|0 fnt\n|faint|p2a: Sonic\n|\n|upkeep\n|c|\u2606vivixr31|CHI YU SWEEEEEP\n|\n|t:|1699753154\n|switch|p2a: Sylveon|Sylveon, M|100\/100\n|-damage|p2a: Sylveon|88\/100|[from] Stealth Rock\n|turn|12\n|c|\u2606Sonic3andknuckles|Stop with the clown strats\n|inactive|Sonic3andknuckles has 120 seconds left.\n|\n|t:|1699753180\n|-terastallize|p2a: Sylveon|Dark\n|move|p1a: Chi-Yu|Dark Pulse|p2a: Sylveon\n|-resisted|p2a: Sylveon\n|-crit|p2a: Sylveon\n|-damage|p2a: Sylveon|17\/100\n|cant|p2a: Sylveon|flinch\n|\n|-heal|p2a: Sylveon|23\/100|[from] item: Leftovers\n|upkeep\n|turn|13\n|inactive|Sonic3andknuckles has 120 seconds left.\n|\n|t:|1699753192\n|move|p1a: Chi-Yu|Dark Pulse|p2a: Sylveon\n|-resisted|p2a: Sylveon\n|-damage|p2a: Sylveon|0 fnt\n|faint|p2a: Sylveon\n|\n|win|vivixr31\n|raw|vivixr31's rating: 1049 &rarr; <strong>1077<\/strong><br \/>(+28 for winning)\n|raw|Sonic3andknuckles's rating: 1000 &rarr; <strong>1000<\/strong><br \/>(+0 for losing)\n|c|\u2606vivixr31|seethe\n","uploadtime":1699753203,"views":21,"p1id":"vivixr31","p2id":"sonic3andknuckles","formatid":"gen9anythinggoes","rating":1000,"private":0,"password":""}