{"id":"gen9anythinggoes-1984685229","p1":"789789456456L","p2":"Deathbang","format":"[Gen 9] Anything Goes","log":"|j|\u2606789789456456L\n|j|\u2606Deathbang\n|t:|1699290723\n|gametype|singles\n|player|p1|789789456456L|265|1438\n|player|p2|Deathbang|swimmerf-gen4|1362\n|teamsize|p1|6\n|teamsize|p2|6\n|gen|9\n|tier|[Gen 9] Anything Goes\n|rated|\n|rule|HP Percentage Mod: HP is shown in percentages\n|rule|Endless Battle Clause: Forcing endless battles is banned\n|clearpoke\n|poke|p1|Urshifu-*, F|\n|poke|p1|Ceruledge, M|\n|poke|p1|Cyclizar, M|\n|poke|p1|Murkrow, M|\n|poke|p1|Iron Treads|\n|poke|p1|Arceus|\n|poke|p2|Weavile, F|\n|poke|p2|Weavile, F|\n|poke|p2|Cloyster, F|\n|poke|p2|Meowscarada, M|\n|poke|p2|Iron Hands|\n|poke|p2|Dudunsparce-*, F|\n|teampreview\n|\n|t:|1699290741\n|start\n|switch|p1a: Cyclizar|Cyclizar, M|100\/100\n|switch|p2a: Weavile|Weavile, F|100\/100\n|-ability|p2a: Weavile|Pressure\n|turn|1\n|\n|t:|1699290745\n|move|p2a: Weavile|Fake Out|p1a: Cyclizar\n|-damage|p1a: Cyclizar|82\/100\n|cant|p1a: Cyclizar|flinch\n|\n|-heal|p1a: Cyclizar|88\/100|[from] item: Leftovers\n|upkeep\n|turn|2\n|\n|t:|1699290751\n|move|p2a: Weavile|Taunt|p1a: Cyclizar\n|-start|p1a: Cyclizar|move: Taunt\n|cant|p1a: Cyclizar|move: Taunt|Shed Tail\n|\n|-heal|p1a: Cyclizar|94\/100|[from] item: Leftovers\n|upkeep\n|turn|3\n|\n|t:|1699290760\n|switch|p1a: Iron Treads|Iron Treads|100\/100\n|move|p2a: Weavile|Beat Up|p1a: Iron Treads\n|-damage|p1a: Iron Treads|93\/100\n|-damage|p1a: Iron Treads|85\/100\n|-damage|p1a: Iron Treads|78\/100\n|-damage|p1a: Iron Treads|70\/100\n|-damage|p1a: Iron Treads|62\/100\n|-damage|p1a: Iron Treads|55\/100\n|-hitcount|p1a: Iron Treads|6\n|\n|-heal|p1a: Iron Treads|61\/100|[from] item: Leftovers\n|upkeep\n|turn|4\n|inactive|Battle timer is ON: inactive players will automatically lose when time's up. (requested by 789789456456L)\n|\n|t:|1699290810\n|move|p2a: Weavile|Beat Up|p1a: Iron Treads\n|-crit|p1a: Iron Treads\n|-damage|p1a: Iron Treads|49\/100\n|-damage|p1a: Iron Treads|40\/100\n|-damage|p1a: Iron Treads|34\/100\n|-damage|p1a: Iron Treads|27\/100\n|-damage|p1a: Iron Treads|18\/100\n|-damage|p1a: Iron Treads|11\/100\n|-hitcount|p1a: Iron Treads|6\n|move|p1a: Iron Treads|Rapid Spin|p2a: Weavile\n|-damage|p2a: Weavile|72\/100\n|-boost|p1a: Iron Treads|spe|1\n|\n|-heal|p1a: Iron Treads|17\/100|[from] item: Leftovers\n|upkeep\n|turn|5\n|\n|t:|1699290826\n|move|p2a: Weavile|Ice Shard|p1a: Iron Treads\n|-damage|p1a: Iron Treads|0 fnt\n|faint|p1a: Iron Treads\n|-end|p1a: Iron Treads|Quark Drive|[silent]\n|\n|upkeep\n|\n|t:|1699290839\n|switch|p1a: Arceus|Arceus|100\/100\n|turn|6\n|\n|t:|1699290844\n|move|p2a: Weavile|Beat Up|p1a: Arceus\n|-damage|p1a: Arceus|93\/100\n|-damage|p1a: Arceus|87\/100\n|-damage|p1a: Arceus|81\/100\n|-damage|p1a: Arceus|76\/100\n|-damage|p1a: Arceus|68\/100\n|-damage|p1a: Arceus|62\/100\n|-hitcount|p1a: Arceus|6\n|cant|p1a: Arceus|flinch\n|\n|upkeep\n|turn|7\n|\n|t:|1699290854\n|move|p2a: Weavile|Beat Up|p1a: Arceus\n|-damage|p1a: Arceus|55\/100\n|-damage|p1a: Arceus|49\/100\n|-damage|p1a: Arceus|43\/100\n|-damage|p1a: Arceus|36\/100\n|-damage|p1a: Arceus|29\/100\n|-damage|p1a: Arceus|23\/100\n|-hitcount|p1a: Arceus|6\n|move|p1a: Arceus|Dragon Dance|p1a: Arceus\n|-boost|p1a: Arceus|atk|1\n|-boost|p1a: Arceus|spe|1\n|\n|upkeep\n|turn|8\n|\n|t:|1699290864\n|move|p1a: Arceus|Extreme Speed|p2a: Weavile\n|-damage|p2a: Weavile|0 fnt\n|faint|p2a: Weavile\n|-heal|p1a: Arceus|30\/100|[from] item: Shell Bell|[of] p2: Weavile\n|\n|upkeep\n|\n|t:|1699290869\n|switch|p2a: Cloyster|Cloyster, F|100\/100\n|turn|9\n|\n|t:|1699290875\n|-terastallize|p2a: Cloyster|Ghost\n|move|p1a: Arceus|Extreme Speed|p2a: Cloyster\n|-immune|p2a: Cloyster\n|move|p2a: Cloyster|Shell Smash|p2a: Cloyster\n|-unboost|p2a: Cloyster|def|1\n|-unboost|p2a: Cloyster|spd|1\n|-boost|p2a: Cloyster|atk|2\n|-boost|p2a: Cloyster|spa|2\n|-boost|p2a: Cloyster|spe|2\n|\n|upkeep\n|turn|10\n|\n|t:|1699290884\n|move|p1a: Arceus|Waterfall|p2a: Cloyster\n|-damage|p2a: Cloyster|43\/100\n|-heal|p1a: Arceus|34\/100|[from] item: Shell Bell|[of] p2a: Cloyster\n|move|p2a: Cloyster|Icicle Spear|p1a: Arceus\n|-damage|p1a: Arceus|17\/100\n|-damage|p1a: Arceus|0 fnt\n|faint|p1a: Arceus\n|-hitcount|p1: Arceus|2\n|\n|upkeep\n|\n|t:|1699290892\n|switch|p1a: Murkrow|Murkrow, M|100\/100\n|turn|11\n|\n|t:|1699290895\n|move|p1a: Murkrow|Thunder Wave|p2a: Cloyster\n|-status|p2a: Cloyster|par\n|move|p2a: Cloyster|Substitute|p2a: Cloyster\n|-start|p2a: Cloyster|Substitute\n|-damage|p2a: Cloyster|18\/100 par\n|\n|upkeep\n|turn|12\n|\n|t:|1699290908\n|move|p1a: Murkrow|Haze|p1a: Murkrow\n|-clearallboost\n|move|p2a: Cloyster|Shell Smash|p2a: Cloyster\n|-unboost|p2a: Cloyster|def|1\n|-unboost|p2a: Cloyster|spd|1\n|-boost|p2a: Cloyster|atk|2\n|-boost|p2a: Cloyster|spa|2\n|-boost|p2a: Cloyster|spe|2\n|\n|upkeep\n|turn|13\n|\n|t:|1699290916\n|move|p1a: Murkrow|Perish Song|p1a: Murkrow\n|-start|p1a: Murkrow|perish3|[silent]\n|-start|p2a: Cloyster|perish3|[silent]\n|-fieldactivate|move: Perish Song\n|cant|p2a: Cloyster|par\n|\n|-start|p2a: Cloyster|perish3\n|-start|p1a: Murkrow|perish3\n|upkeep\n|turn|14\n|\n|t:|1699290923\n|move|p1a: Murkrow|Haze|p1a: Murkrow\n|-clearallboost\n|move|p2a: Cloyster|Icicle Spear|p1a: Murkrow\n|-supereffective|p1a: Murkrow\n|-damage|p1a: Murkrow|57\/100\n|-supereffective|p1a: Murkrow\n|-damage|p1a: Murkrow|6\/100\n|-supereffective|p1a: Murkrow\n|-crit|p1a: Murkrow\n|-damage|p1a: Murkrow|0 fnt\n|faint|p1a: Murkrow\n|-hitcount|p1: Murkrow|3\n|\n|-start|p2a: Cloyster|perish2\n|upkeep\n|\n|t:|1699290939\n|switch|p1a: Urshifu|Urshifu, F|100\/100\n|turn|15\n|\n|t:|1699290943\n|move|p1a: Urshifu|Swords Dance|p1a: Urshifu\n|-boost|p1a: Urshifu|atk|2\n|move|p2a: Cloyster|Icicle Spear|p1a: Urshifu\n|-damage|p1a: Urshifu|89\/100\n|-damage|p1a: Urshifu|76\/100\n|-damage|p1a: Urshifu|64\/100\n|-damage|p1a: Urshifu|54\/100\n|-damage|p1a: Urshifu|41\/100\n|-hitcount|p1a: Urshifu|5\n|\n|-start|p2a: Cloyster|perish1\n|upkeep\n|turn|16\n|\n|t:|1699290949\n|move|p1a: Urshifu|Trailblaze|p2a: Cloyster\n|-end|p2a: Cloyster|Substitute\n|-boost|p1a: Urshifu|spe|1\n|move|p2a: Cloyster|Icicle Spear|p1a: Urshifu\n|-damage|p1a: Urshifu|29\/100\n|-damage|p1a: Urshifu|16\/100\n|-damage|p1a: Urshifu|5\/100\n|-damage|p1a: Urshifu|0 fnt\n|faint|p1a: Urshifu\n|-hitcount|p1: Urshifu|4\n|\n|-start|p2a: Cloyster|perish0\n|upkeep\n|faint|p2a: Cloyster\n|\n|t:|1699290966\n|switch|p1a: Cyclizar|Cyclizar, M|100\/100\n|switch|p2a: Weavile|Weavile, F|100\/100\n|-ability|p2a: Weavile|Pressure\n|turn|17\n|\n|t:|1699290972\n|move|p1a: Cyclizar|Protect|p1a: Cyclizar\n|-singleturn|p1a: Cyclizar|Protect\n|move|p2a: Weavile|Fake Out|p1a: Cyclizar\n|-activate|p1a: Cyclizar|move: Protect\n|\n|upkeep\n|turn|18\n|\n|t:|1699290977\n|move|p2a: Weavile|Ice Shard|p1a: Cyclizar\n|-supereffective|p1a: Cyclizar\n|-damage|p1a: Cyclizar|44\/100\n|move|p1a: Cyclizar|Shed Tail|p1a: Cyclizar\n|-fail|p1a: Cyclizar|move: Shed Tail|[weak]\n|\n|-heal|p1a: Cyclizar|50\/100|[from] item: Leftovers\n|upkeep\n|turn|19\n|\n|t:|1699290986\n|move|p2a: Weavile|Ice Shard|p1a: Cyclizar\n|-supereffective|p1a: Cyclizar\n|-damage|p1a: Cyclizar|0 fnt\n|faint|p1a: Cyclizar\n|\n|upkeep\n|\n|t:|1699290988\n|switch|p1a: Ceruledge|Ceruledge, M|100\/100\n|turn|20\n|\n|t:|1699290996\n|move|p2a: Weavile|Beat Up|p1a: Ceruledge\n|-supereffective|p1a: Ceruledge\n|-damage|p1a: Ceruledge|76\/100\n|-ability|p1a: Ceruledge|Weak Armor|boost\n|-unboost|p1a: Ceruledge|def|1\n|-boost|p1a: Ceruledge|spe|2\n|-supereffective|p1a: Ceruledge\n|-damage|p1a: Ceruledge|39\/100\n|-ability|p1a: Ceruledge|Weak Armor|boost\n|-unboost|p1a: Ceruledge|def|1\n|-boost|p1a: Ceruledge|spe|2\n|-supereffective|p1a: Ceruledge\n|-damage|p1a: Ceruledge|0 fnt\n|faint|p1a: Ceruledge\n|-hitcount|p1: Ceruledge|3\n|\n|win|Deathbang\n|raw|789789456456L's rating: 1438 &rarr; <strong>1414<\/strong><br \/>(-24 for losing)\n|raw|Deathbang's rating: 1362 &rarr; <strong>1386<\/strong><br \/>(+24 for winning)\n|l|\u2606789789456456L\n|c|\u2606Deathbang|Gg\n","uploadtime":1699291013,"views":5,"p1id":"789789456456l","p2id":"deathbang","formatid":"gen9anythinggoes","rating":1386,"private":0,"password":""}