{"id":"gen9anythinggoes-1999663799","p1":"maleek05","p2":"KingOfTheMinnish","format":"[Gen 9] Anything Goes","log":"|j|\u2606maleek05\n|j|\u2606KingOfTheMinnish\n|t:|1701105785\n|gametype|singles\n|player|p1|maleek05|brycenman|1195\n|player|p2|KingOfTheMinnish|1|1209\n|teamsize|p1|6\n|teamsize|p2|6\n|gen|9\n|tier|[Gen 9] Anything Goes\n|rated|\n|rule|HP Percentage Mod: HP is shown in percentages\n|rule|Endless Battle Clause: Forcing endless battles is banned\n|clearpoke\n|poke|p1|Maushold-Four|\n|poke|p1|Maushold-Four|\n|poke|p1|Maushold-Four|\n|poke|p1|Maushold-Four|\n|poke|p1|Maushold-Four|\n|poke|p1|Maushold-Four|\n|poke|p2|Maushold-Four|\n|poke|p2|Flutter Mane|\n|poke|p2|Miraidon|\n|poke|p2|Rabsca, M|\n|poke|p2|Garganacl, F|\n|poke|p2|Houndstone, M|\n|teampreview\n|\n|t:|1701105809\n|start\n|switch|p1a: Maushold|Maushold-Four, shiny|100\/100\n|switch|p2a: Maushold|Maushold-Four|100\/100\n|turn|1\n|\n|t:|1701105816\n|-terastallize|p1a: Maushold|Ghost\n|move|p1a: Maushold|Tidy Up|p1a: Maushold\n|-boost|p1a: Maushold|atk|1\n|-boost|p1a: Maushold|spe|1\n|move|p2a: Maushold|Population Bomb|p1a: Maushold\n|-immune|p1a: Maushold\n|\n|upkeep\n|turn|2\n|\n|t:|1701105822\n|move|p1a: Maushold|Encore|p2a: Maushold\n|-start|p2a: Maushold|Encore\n|move|p2a: Maushold|Population Bomb|p1a: Maushold\n|-immune|p1a: Maushold\n|\n|upkeep\n|turn|3\n|\n|t:|1701105835\n|switch|p2a: Flutter Mane|Flutter Mane, shiny|100\/100\n|move|p1a: Maushold|Tidy Up|p1a: Maushold\n|-boost|p1a: Maushold|atk|1\n|-boost|p1a: Maushold|spe|1\n|\n|upkeep\n|turn|4\n|\n|t:|1701105844\n|move|p1a: Maushold|Shadow Claw|p2a: Flutter Mane\n|-supereffective|p2a: Flutter Mane\n|-damage|p2a: Flutter Mane|0 fnt\n|faint|p2a: Flutter Mane\n|-end|p2a: Flutter Mane|Protosynthesis|[silent]\n|\n|upkeep\n|\n|t:|1701105855\n|switch|p2a: DeMarco|Miraidon|100\/100\n|-fieldstart|move: Electric Terrain|[from] ability: Hadron Engine|[of] p2a: DeMarco\n|turn|5\n|\n|t:|1701105866\n|-terastallize|p2a: DeMarco|Electric\n|move|p1a: Maushold|Population Bomb|p2a: DeMarco\n|-damage|p2a: DeMarco|80\/100\n|-damage|p2a: DeMarco|58\/100\n|-damage|p2a: DeMarco|36\/100\n|-damage|p2a: DeMarco|12\/100\n|-damage|p2a: DeMarco|0 fnt\n|faint|p2a: DeMarco\n|-hitcount|p2: DeMarco|5\n|\n|upkeep\n|\n|t:|1701105871\n|switch|p2a: SSSReplacement|Garganacl, F, shiny|100\/100\n|turn|6\n|\n|t:|1701105878\n|move|p1a: Maushold|Population Bomb|p2a: SSSReplacement\n|-resisted|p2a: SSSReplacement\n|-damage|p2a: SSSReplacement|93\/100\n|-resisted|p2a: SSSReplacement\n|-damage|p2a: SSSReplacement|85\/100\n|-resisted|p2a: SSSReplacement\n|-damage|p2a: SSSReplacement|77\/100\n|-resisted|p2a: SSSReplacement\n|-damage|p2a: SSSReplacement|71\/100\n|-resisted|p2a: SSSReplacement\n|-damage|p2a: SSSReplacement|64\/100\n|-resisted|p2a: SSSReplacement\n|-damage|p2a: SSSReplacement|55\/100\n|-resisted|p2a: SSSReplacement\n|-crit|p2a: SSSReplacement\n|-damage|p2a: SSSReplacement|44\/100\n|-resisted|p2a: SSSReplacement\n|-damage|p2a: SSSReplacement|37\/100\n|-resisted|p2a: SSSReplacement\n|-damage|p2a: SSSReplacement|30\/100\n|-resisted|p2a: SSSReplacement\n|-damage|p2a: SSSReplacement|23\/100\n|-hitcount|p2a: SSSReplacement|10\n|move|p2a: SSSReplacement|Salt Cure|p1a: Maushold\n|-damage|p1a: Maushold|75\/100\n|-start|p1a: Maushold|Salt Cure\n|\n|-heal|p2a: SSSReplacement|29\/100|[from] item: Leftovers\n|-damage|p1a: Maushold|62\/100|[from] Salt Cure\n|upkeep\n|turn|7\n|\n|t:|1701105884\n|switch|p2a: Houndstone|Houndstone, M|100\/100\n|move|p1a: Maushold|Population Bomb|p2a: Houndstone\n|-immune|p2a: Houndstone\n|\n|-damage|p1a: Maushold|50\/100|[from] Salt Cure\n|upkeep\n|turn|8\n|\n|t:|1701105894\n|move|p2a: Houndstone|Shadow Sneak|p1a: Maushold\n|-supereffective|p1a: Maushold\n|-damage|p1a: Maushold|0 fnt\n|faint|p1a: Maushold\n|\n|upkeep\n|\n|t:|1701105899\n|switch|p1a: Snipehold-Four|Maushold-Four, shiny|100\/100\n|turn|9\n|\n|t:|1701105906\n|switch|p2a: Rabsca|Rabsca, M, shiny|100\/100\n|move|p1a: Snipehold-Four|Shadow Claw|p2a: Rabsca\n|-supereffective|p2a: Rabsca\n|-damage|p2a: Rabsca|73\/100\n|\n|-fieldend|move: Electric Terrain\n|upkeep\n|turn|10\n|\n|t:|1701105924\n|move|p1a: Snipehold-Four|Population Bomb|p2a: Rabsca\n|-damage|p2a: Rabsca|63\/100\n|-damage|p2a: Rabsca|54\/100\n|-damage|p2a: Rabsca|45\/100\n|-damage|p2a: Rabsca|35\/100\n|-damage|p2a: Rabsca|26\/100\n|-damage|p2a: Rabsca|16\/100\n|-damage|p2a: Rabsca|7\/100\n|-damage|p2a: Rabsca|0 fnt\n|faint|p2a: Rabsca\n|-hitcount|p2: Rabsca|8\n|\n|upkeep\n|\n|t:|1701105933\n|switch|p2a: Maushold|Maushold-Four|100\/100\n|turn|11\n|\n|t:|1701105936\n|move|p1a: Snipehold-Four|Population Bomb|p2a: Maushold\n|-damage|p2a: Maushold|83\/100\n|-damage|p2a: Maushold|66\/100\n|-damage|p2a: Maushold|47\/100\n|-damage|p2a: Maushold|31\/100\n|-damage|p2a: Maushold|15\/100\n|-damage|p2a: Maushold|0 fnt\n|faint|p2a: Maushold\n|-hitcount|p2: Maushold|6\n|\n|upkeep\n|\n|t:|1701105939\n|switch|p2a: SSSReplacement|Garganacl, F, shiny|29\/100\n|turn|12\n|\n|t:|1701105941\n|move|p1a: Snipehold-Four|Population Bomb|p2a: SSSReplacement\n|-resisted|p2a: SSSReplacement\n|-damage|p2a: SSSReplacement|25\/100\n|-resisted|p2a: SSSReplacement\n|-damage|p2a: SSSReplacement|21\/100\n|-resisted|p2a: SSSReplacement\n|-damage|p2a: SSSReplacement|17\/100\n|-resisted|p2a: SSSReplacement\n|-damage|p2a: SSSReplacement|13\/100\n|-hitcount|p2a: SSSReplacement|4\n|move|p2a: SSSReplacement|Body Press|p1a: Snipehold-Four\n|-supereffective|p1a: Snipehold-Four\n|-damage|p1a: Snipehold-Four|16\/100\n|\n|-heal|p2a: SSSReplacement|20\/100|[from] item: Leftovers\n|upkeep\n|turn|13\n|inactive|Battle timer is ON: inactive players will automatically lose when time's up. (requested by KingOfTheMinnish)\n|\n|t:|1701105965\n|move|p1a: Snipehold-Four|Population Bomb|p2a: SSSReplacement\n|-resisted|p2a: SSSReplacement\n|-damage|p2a: SSSReplacement|16\/100\n|-resisted|p2a: SSSReplacement\n|-damage|p2a: SSSReplacement|12\/100\n|-resisted|p2a: SSSReplacement\n|-damage|p2a: SSSReplacement|8\/100\n|-resisted|p2a: SSSReplacement\n|-damage|p2a: SSSReplacement|4\/100\n|-resisted|p2a: SSSReplacement\n|-damage|p2a: SSSReplacement|0 fnt\n|faint|p2a: SSSReplacement\n|-hitcount|p2: SSSReplacement|5\n|\n|upkeep\n|\n|t:|1701105969\n|switch|p2a: Houndstone|Houndstone, M|100\/100\n|turn|14\n|\n|t:|1701105974\n|move|p1a: Snipehold-Four|Shadow Claw|p2a: Houndstone\n|-supereffective|p2a: Houndstone\n|-damage|p2a: Houndstone|84\/100\n|move|p2a: Houndstone|Crunch|p1a: Snipehold-Four\n|-damage|p1a: Snipehold-Four|0 fnt\n|faint|p1a: Snipehold-Four\n|\n|upkeep\n|\n|t:|1701105983\n|switch|p1a: Supporthold-Four|Maushold-Four, shiny|100\/100\n|turn|15\n|\n|t:|1701105985\n|move|p1a: Supporthold-Four|Thunder Wave|p2a: Houndstone\n|-status|p2a: Houndstone|par\n|move|p2a: Houndstone|Crunch|p1a: Supporthold-Four\n|-damage|p1a: Supporthold-Four|57\/100\n|\n|upkeep\n|turn|16\n|\n|t:|1701106010\n|move|p1a: Supporthold-Four|Tidy Up|p1a: Supporthold-Four\n|-boost|p1a: Supporthold-Four|atk|1\n|-boost|p1a: Supporthold-Four|spe|1\n|move|p2a: Houndstone|Crunch|p1a: Supporthold-Four\n|-damage|p1a: Supporthold-Four|11\/100\n|-unboost|p1a: Supporthold-Four|def|1\n|\n|upkeep\n|turn|17\n|\n|t:|1701106015\n|move|p1a: Supporthold-Four|Tidy Up|p1a: Supporthold-Four\n|-boost|p1a: Supporthold-Four|atk|1\n|-boost|p1a: Supporthold-Four|spe|1\n|move|p2a: Houndstone|Crunch|p1a: Supporthold-Four\n|-damage|p1a: Supporthold-Four|0 fnt\n|faint|p1a: Supporthold-Four\n|\n|upkeep\n|inactive|maleek05 has 120 seconds left.\n|\n|t:|1701106056\n|switch|p1a: Emergencyhold|Maushold-Four, shiny|100\/100\n|turn|18\n|\n|t:|1701106059\n|move|p1a: Emergencyhold|Tickle|p2a: Houndstone\n|-unboost|p2a: Houndstone|atk|1\n|-unboost|p2a: Houndstone|def|1\n|cant|p2a: Houndstone|par\n|\n|upkeep\n|turn|19\n|\n|t:|1701106063\n|move|p1a: Emergencyhold|Tickle|p2a: Houndstone\n|-unboost|p2a: Houndstone|atk|1\n|-unboost|p2a: Houndstone|def|1\n|move|p2a: Houndstone|Crunch|p1a: Emergencyhold\n|-damage|p1a: Emergencyhold|85\/100\n|\n|upkeep\n|turn|20\n|\n|t:|1701106065\n|move|p1a: Emergencyhold|Tickle|p2a: Houndstone\n|-unboost|p2a: Houndstone|atk|1\n|-unboost|p2a: Houndstone|def|1\n|move|p2a: Houndstone|Crunch|p1a: Emergencyhold\n|-damage|p1a: Emergencyhold|72\/100\n|\n|upkeep\n|turn|21\n|\n|t:|1701106068\n|move|p1a: Emergencyhold|Tickle|p2a: Houndstone\n|-unboost|p2a: Houndstone|atk|1\n|-unboost|p2a: Houndstone|def|1\n|move|p2a: Houndstone|Crunch|p1a: Emergencyhold\n|-damage|p1a: Emergencyhold|61\/100\n|-unboost|p1a: Emergencyhold|def|1\n|\n|upkeep\n|turn|22\n|\n|t:|1701106072\n|move|p1a: Emergencyhold|Tickle|p2a: Houndstone\n|-unboost|p2a: Houndstone|atk|1\n|-unboost|p2a: Houndstone|def|1\n|move|p2a: Houndstone|Play Rough|p1a: Emergencyhold\n|-damage|p1a: Emergencyhold|45\/100\n|\n|upkeep\n|turn|23\n|\n|t:|1701106075\n|switch|p1a: Fasthold-Four|Maushold-Four, shiny|100\/100\n|cant|p2a: Houndstone|par\n|\n|upkeep\n|turn|24\n|\n|t:|1701106083\n|move|p1a: Fasthold-Four|Shadow Claw|p2a: Houndstone\n|-supereffective|p2a: Houndstone\n|-damage|p2a: Houndstone|24\/100 par\n|cant|p2a: Houndstone|par\n|\n|upkeep\n|turn|25\n|\n|t:|1701106087\n|move|p1a: Fasthold-Four|Shadow Claw|p2a: Houndstone\n|-supereffective|p2a: Houndstone\n|-damage|p2a: Houndstone|0 fnt\n|faint|p2a: Houndstone\n|\n|win|maleek05\n|raw|maleek05's rating: 1195 &rarr; <strong>1221<\/strong><br \/>(+26 for winning)\n|raw|KingOfTheMinnish's rating: 1209 &rarr; <strong>1183<\/strong><br \/>(-26 for losing)\n","uploadtime":1701106253,"views":0,"p1id":"maleek05","p2id":"kingoftheminnish","formatid":"gen9anythinggoes","rating":1183,"private":0,"password":""}