{"id":"gen9anythinggoes-1973715518","p1":"someguy702","p2":"Crustles","format":"[Gen 9] Anything Goes","log":"|j|\u2606someguy702\n|j|\u2606Crustles\n|t:|1698006204\n|gametype|singles\n|player|p1|someguy702|lucas|\n|player|p2|Crustles|carmine-festival|\n|teamsize|p1|6\n|teamsize|p2|6\n|gen|9\n|tier|[Gen 9] Anything Goes\n|rule|HP Percentage Mod: HP is shown in percentages\n|rule|Endless Battle Clause: Forcing endless battles is banned\n|clearpoke\n|poke|p1|Drifblim, M|\n|poke|p1|Clefable, M|\n|poke|p1|Lampent, M|\n|poke|p1|Snorlax, M|\n|poke|p1|Quagsire, M|\n|poke|p1|Mimikyu, F|\n|poke|p2|Miraidon|\n|poke|p2|Koraidon|\n|poke|p2|Ogerpon-Hearthflame, F|\n|poke|p2|Calyrex-Shadow|\n|poke|p2|Great Tusk|\n|poke|p2|Ditto|\n|teampreview\n|inactive|Battle timer is ON: inactive players will automatically lose when time's up. (requested by Crustles)\n|\n|t:|1698006217\n|start\n|switch|p1a: the guy|Quagsire, M|100\/100\n|switch|p2a: Ogerpon|Ogerpon-Hearthflame, F|100\/100\n|-ability|p2a: Ogerpon|Mold Breaker\n|turn|1\n|\n|t:|1698006233\n|move|p2a: Ogerpon|Trailblaze|p1a: the guy\n|-supereffective|p1a: the guy\n|-damage|p1a: the guy|14\/100\n|-boost|p2a: Ogerpon|spe|1\n|move|p1a: the guy|Toxic Spikes|p2a: Ogerpon\n|-sidestart|p2: Crustles|move: Toxic Spikes\n|\n|upkeep\n|turn|2\n|\n|t:|1698006241\n|move|p2a: Ogerpon|Swords Dance|p2a: Ogerpon\n|-boost|p2a: Ogerpon|atk|2\n|move|p1a: the guy|Stealth Rock|p2a: Ogerpon\n|-sidestart|p2: Crustles|move: Stealth Rock\n|\n|upkeep\n|turn|3\n|\n|t:|1698006248\n|move|p2a: Ogerpon|Trailblaze|p1a: the guy\n|-supereffective|p1a: the guy\n|-damage|p1a: the guy|0 fnt\n|-boost|p2a: Ogerpon|spe|1\n|faint|p1a: the guy\n|\n|upkeep\n|\n|t:|1698006259\n|switch|p1a: moab|Drifblim, M|100\/100\n|turn|4\n|\n|t:|1698006265\n|-terastallize|p2a: Ogerpon|Fire\n|detailschange|p2a: Ogerpon|Ogerpon-Hearthflame-Tera, F, tera:Fire\n|-ability|p2a: Ogerpon|Embody Aspect (Hearthflame)|boost\n|-boost|p2a: Ogerpon|atk|1\n|move|p2a: Ogerpon|Ivy Cudgel|p1a: moab\n|-damage|p1a: moab|0 fnt\n|faint|p1a: moab\n|\n|upkeep\n|\n|t:|1698006273\n|switch|p1a: LampMan|Lampent, M|100\/100\n|turn|5\n|\n|t:|1698006286\n|-terastallize|p1a: LampMan|Ghost\n|move|p2a: Ogerpon|Horn Leech|p1a: LampMan\n|-damage|p1a: LampMan|0 fnt\n|faint|p1a: LampMan\n|\n|upkeep\n|\n|t:|1698006293\n|switch|p1a: Mr. Identity Theft|Mimikyu, F|100\/100\n|turn|6\n|\n|t:|1698006310\n|move|p2a: Ogerpon|Trailblaze|p1a: Mr. Identity Theft\n|-activate|p1a: Mr. Identity Theft|ability: Disguise\n|-damage|p1a: Mr. Identity Theft|100\/100\n|-boost|p2a: Ogerpon|spe|1\n|detailschange|p1a: Mr. Identity Theft|Mimikyu-Busted, F\n|-damage|p1a: Mr. Identity Theft|88\/100|[from] pokemon: Mimikyu-Busted\n|move|p1a: Mr. Identity Theft|Trailblaze|p2a: Ogerpon\n|-resisted|p2a: Ogerpon\n|-damage|p2a: Ogerpon|91\/100\n|-boost|p1a: Mr. Identity Theft|spe|1\n|\n|upkeep\n|turn|7\n|\n|t:|1698006323\n|move|p2a: Ogerpon|Horn Leech|p1a: Mr. Identity Theft\n|-damage|p1a: Mr. Identity Theft|0 fnt\n|-heal|p2a: Ogerpon|100\/100|[from] drain|[of] p1a: Mr. Identity Theft\n|faint|p1a: Mr. Identity Theft\n|\n|upkeep\n|\n|t:|1698006330\n|switch|p1a: devourer|Snorlax, M, shiny|100\/100\n|turn|8\n|\n|t:|1698006335\n|move|p2a: Ogerpon|Ivy Cudgel|p1a: devourer\n|-damage|p1a: devourer|41\/100\n|move|p1a: devourer|Substitute|p1a: devourer\n|-start|p1a: devourer|Substitute\n|-damage|p1a: devourer|16\/100\n|\n|-heal|p1a: devourer|22\/100|[from] item: Leftovers\n|upkeep\n|turn|9\n|\n|t:|1698006345\n|move|p2a: Ogerpon|Horn Leech|p1a: devourer\n|-end|p1a: devourer|Substitute\n|move|p1a: devourer|Hyper Voice|p2a: Ogerpon\n|-damage|p2a: Ogerpon|76\/100\n|\n|-heal|p1a: devourer|28\/100|[from] item: Leftovers\n|upkeep\n|turn|10\n|\n|t:|1698006368\n|move|p2a: Ogerpon|Ivy Cudgel|p1a: devourer\n|-crit|p1a: devourer\n|-damage|p1a: devourer|0 fnt\n|faint|p1a: devourer\n|\n|upkeep\n|\n|t:|1698006373\n|switch|p1a: Clefable|Clefable, M|100\/100\n|turn|11\n|\n|t:|1698006379\n|move|p1a: Clefable|Protect|p1a: Clefable\n|-singleturn|p1a: Clefable|Protect\n|move|p2a: Ogerpon|Horn Leech|p1a: Clefable\n|-activate|p1a: Clefable|move: Protect\n|\n|upkeep\n|turn|12\n|\n|t:|1698006384\n|move|p1a: Clefable|Protect|p1a: Clefable\n|-singleturn|p1a: Clefable|Protect\n|move|p2a: Ogerpon|Horn Leech|p1a: Clefable\n|-activate|p1a: Clefable|move: Protect\n|\n|upkeep\n|turn|13\n|\n|t:|1698006405\n|move|p2a: Ogerpon|Horn Leech|p1a: Clefable\n|-enditem|p1a: Clefable|Focus Sash\n|-damage|p1a: Clefable|1\/100\n|-heal|p2a: Ogerpon|100\/100|[from] drain|[of] p1a: Clefable\n|-start|p2a: Ogerpon|Attract|[from] ability: Cute Charm|[of] p1a: Clefable\n|move|p1a: Clefable|Encore|p2a: Ogerpon\n|-start|p2a: Ogerpon|Encore\n|\n|upkeep\n|turn|14\n|\n|t:|1698006419\n|switch|p2a: Calyrex|Calyrex-Shadow|100\/100\n|-ability|p2a: Calyrex|As One\n|-ability|p2a: Calyrex|Unnerve\n|-status|p2a: Calyrex|psn\n|-damage|p2a: Calyrex|88\/100 psn|[from] Stealth Rock\n|move|p1a: Clefable|Protect||[still]\n|-fail|p1a: Clefable\n|\n|-damage|p2a: Calyrex|76\/100 psn|[from] psn\n|upkeep\n|turn|15\n|\n|t:|1698006431\n|move|p1a: Clefable|Protect|p1a: Clefable\n|-singleturn|p1a: Clefable|Protect\n|move|p2a: Calyrex|Astral Barrage|p1a: Clefable\n|-activate|p1a: Clefable|move: Protect\n|\n|-damage|p2a: Calyrex|64\/100 psn|[from] psn\n|upkeep\n|turn|16\n|inactive|Crustles has 270 seconds left.\n|\n|t:|1698006460\n|move|p1a: Clefable|Protect||[still]\n|-fail|p1a: Clefable\n|move|p2a: Calyrex|Astral Barrage|p1a: Clefable\n|-damage|p1a: Clefable|0 fnt\n|faint|p1a: Clefable\n|\n|win|Crustles\n","uploadtime":1698006463,"views":11,"p1id":"someguy702","p2id":"crustles","formatid":"gen9anythinggoes","rating":0,"private":0,"password":""}