{"id":"gen9anythinggoes-1979433681","p1":"Childrenareedible","p2":"you will losse","format":"[Gen 9] Anything Goes","log":"|j|\u2606Childrenareedible\n|j|\u2606you will losse\n|t:|1698682347\n|gametype|singles\n|player|p1|Childrenareedible|1|1081\n|player|p2|you will losse|cynthia-gen4|1175\n|teamsize|p1|6\n|teamsize|p2|2\n|gen|9\n|tier|[Gen 9] Anything Goes\n|rated|\n|rule|HP Percentage Mod: HP is shown in percentages\n|rule|Endless Battle Clause: Forcing endless battles is banned\n|clearpoke\n|poke|p1|Regieleki|\n|poke|p1|Zacian-*|\n|poke|p1|Drifblim, M|\n|poke|p1|Gliscor, M|\n|poke|p1|Garganacl, M|\n|poke|p1|Kommo-o, F|\n|poke|p2|Polteageist-Antique|\n|poke|p2|Dialga|\n|teampreview\n|\n|t:|1698682351\n|start\n|switch|p1a: Regieleki|Regieleki|100\/100\n|switch|p2a: Polteageist|Polteageist-Antique|100\/100\n|turn|1\n|\n|t:|1698682358\n|move|p1a: Regieleki|Reflect|p1a: Regieleki\n|-sidestart|p1: Childrenareedible|Reflect\n|move|p2a: Polteageist|Shell Smash|p2a: Polteageist\n|-unboost|p2a: Polteageist|def|1\n|-unboost|p2a: Polteageist|spd|1\n|-boost|p2a: Polteageist|atk|2\n|-boost|p2a: Polteageist|spa|2\n|-boost|p2a: Polteageist|spe|2\n|\n|upkeep\n|turn|2\n|\n|t:|1698682365\n|move|p1a: Regieleki|Thunder|p2a: Polteageist\n|-damage|p2a: Polteageist|29\/100\n|move|p2a: Polteageist|Shell Smash|p2a: Polteageist\n|-unboost|p2a: Polteageist|def|1\n|-unboost|p2a: Polteageist|spd|1\n|-boost|p2a: Polteageist|atk|2\n|-boost|p2a: Polteageist|spa|2\n|-boost|p2a: Polteageist|spe|2\n|\n|upkeep\n|turn|3\n|\n|t:|1698682373\n|move|p2a: Polteageist|Baton Pass|p2a: Polteageist\n|\n|t:|1698682375\n|switch|p2a: Dialga|Dialga|100\/100|[from] Baton Pass\n|-enditem|p2a: Dialga|White Herb\n|-clearnegativeboost|p2a: Dialga|[silent]\n|-ability|p2a: Dialga|Pressure\n|move|p1a: Regieleki|Thunder|p2a: Dialga|[miss]\n|-miss|p1a: Regieleki|p2a: Dialga\n|\n|upkeep\n|turn|4\n|\n|t:|1698682392\n|switch|p1a: Zacian|Zacian-Crowned, shiny|100\/100\n|-ability|p1a: Zacian|Intrepid Sword|boost\n|-boost|p1a: Zacian|atk|1\n|move|p2a: Dialga|Earth Power|p1a: Zacian\n|-supereffective|p1a: Zacian\n|-damage|p1a: Zacian|0 fnt\n|faint|p1a: Zacian\n|\n|upkeep\n|\n|t:|1698682403\n|switch|p1a: Gliscor|Gliscor, M|100\/100\n|turn|5\n|\n|t:|1698682423\n|move|p2a: Dialga|Dragon Pulse|p1a: Gliscor\n|-damage|p1a: Gliscor|0 fnt\n|faint|p1a: Gliscor\n|\n|-sideend|p1: Childrenareedible|Reflect\n|upkeep\n|\n|t:|1698682431\n|switch|p1a: Kommo-o|Kommo-o, F|100\/100\n|turn|6\n|\n|t:|1698682435\n|move|p2a: Dialga|Dragon Pulse|p1a: Kommo-o\n|-supereffective|p1a: Kommo-o\n|-damage|p1a: Kommo-o|0 fnt\n|faint|p1a: Kommo-o\n|\n|upkeep\n|\n|t:|1698682440\n|switch|p1a: Regieleki|Regieleki|100\/100\n|turn|7\n|\n|t:|1698682445\n|move|p2a: Dialga|Earth Power|p1a: Regieleki\n|-supereffective|p1a: Regieleki\n|-damage|p1a: Regieleki|0 fnt\n|faint|p1a: Regieleki\n|\n|upkeep\n|-message|Childrenareedible forfeited.\n|\n|win|you will losse\n|raw|Childrenareedible's rating: 1081 &rarr; <strong>1065<\/strong><br \/>(-16 for losing)\n|raw|you will losse's rating: 1175 &rarr; <strong>1193<\/strong><br \/>(+18 for winning)\n|l|\u2606Childrenareedible\n","uploadtime":1698682473,"views":8,"p1id":"childrenareedible","p2id":"youwilllosse","formatid":"gen9anythinggoes","rating":1065,"private":0,"password":""}