{"id":"gen9anythinggoes-1990649033","p1":"phluph9764","p2":"EL145898","format":"[Gen 9] Anything Goes","log":"|j|\u2606phluph9764\n|j|\u2606EL145898\n|t:|1699988650\n|gametype|singles\n|player|p1|phluph9764|2|1349\n|player|p2|EL145898|265|1312\n|teamsize|p1|6\n|teamsize|p2|6\n|gen|9\n|tier|[Gen 9] Anything Goes\n|rated|\n|rule|HP Percentage Mod: HP is shown in percentages\n|rule|Endless Battle Clause: Forcing endless battles is banned\n|clearpoke\n|poke|p1|Annihilape, F|\n|poke|p1|Espathra, F|\n|poke|p1|Glimmora, M|\n|poke|p1|Volcarona, F|\n|poke|p1|Zamazenta-*|\n|poke|p1|Palafin, M|\n|poke|p2|Ribombee, F|\n|poke|p2|Ogerpon-Wellspring, F|\n|poke|p2|Walking Wake|\n|poke|p2|Baxcalibur, M|\n|poke|p2|Palafin, M|\n|poke|p2|Gholdengo|\n|teampreview\n|\n|t:|1699988661\n|start\n|switch|p1a: Glimmora|Glimmora, M|100\/100\n|switch|p2a: Palafin|Palafin, M|100\/100\n|turn|1\n|inactive|Battle timer is ON: inactive players will automatically lose when time's up. (requested by phluph9764)\n|\n|t:|1699988669\n|detailschange|p2a: Palafin|Palafin-Hero, M\n|switch|p2a: Gholdengo|Gholdengo|100\/100\n|move|p1a: Glimmora|Mortal Spin|p2a: Gholdengo\n|-immune|p2a: Gholdengo\n|\n|upkeep\n|turn|2\n|\n|t:|1699988673\n|move|p1a: Glimmora|Stealth Rock|p2a: Gholdengo\n|-sidestart|p2: EL145898|move: Stealth Rock\n|move|p2a: Gholdengo|Focus Blast|p1a: Glimmora\n|-damage|p1a: Glimmora|45\/100\n|\n|upkeep\n|turn|3\n|\n|t:|1699988677\n|move|p1a: Glimmora|Spikes|p2a: Gholdengo\n|-sidestart|p2: EL145898|Spikes\n|move|p2a: Gholdengo|Focus Blast|p1a: Glimmora|[miss]\n|-miss|p2a: Gholdengo|p1a: Glimmora\n|-enditem|p2a: Gholdengo|Blunder Policy\n|-boost|p2a: Gholdengo|spe|2\n|\n|upkeep\n|turn|4\n|\n|t:|1699988681\n|move|p2a: Gholdengo|Nasty Plot|p2a: Gholdengo\n|-boost|p2a: Gholdengo|spa|2\n|move|p1a: Glimmora|Spikes|p2a: Gholdengo\n|-sidestart|p2: EL145898|Spikes\n|\n|upkeep\n|turn|5\n|\n|t:|1699988684\n|move|p2a: Gholdengo|Shadow Ball|p1a: Glimmora\n|-damage|p1a: Glimmora|0 fnt\n|faint|p1a: Glimmora\n|\n|upkeep\n|\n|t:|1699988692\n|switch|p1a: Palafin|Palafin, M|100\/100\n|turn|6\n|\n|t:|1699988695\n|move|p2a: Gholdengo|Nasty Plot|p2a: Gholdengo\n|-boost|p2a: Gholdengo|spa|2\n|move|p1a: Palafin|Flip Turn|p2a: Gholdengo\n|-damage|p2a: Gholdengo|62\/100\n|\n|t:|1699988701\n|detailschange|p1a: Palafin|Palafin-Hero, M\n|switch|p1a: Volcarona|Volcarona, F|100\/100|[from] Flip Turn\n|\n|upkeep\n|turn|7\n|\n|t:|1699988704\n|move|p2a: Gholdengo|Shadow Ball|p1a: Volcarona\n|-damage|p1a: Volcarona|0 fnt\n|faint|p1a: Volcarona\n|\n|upkeep\n|\n|t:|1699988713\n|switch|p1a: Zamazenta|Zamazenta-Crowned|100\/100\n|-ability|p1a: Zamazenta|Dauntless Shield|boost\n|-boost|p1a: Zamazenta|def|1\n|turn|8\n|\n|t:|1699988716\n|move|p2a: Gholdengo|Focus Blast|p1a: Zamazenta\n|-supereffective|p1a: Zamazenta\n|-damage|p1a: Zamazenta|0 fnt\n|faint|p1a: Zamazenta\n|\n|upkeep\n|\n|t:|1699988720\n|switch|p1a: Espathra|Espathra, F|100\/100\n|turn|9\n|\n|t:|1699988723\n|move|p2a: Gholdengo|Shadow Ball|p1a: Espathra\n|-supereffective|p1a: Espathra\n|-damage|p1a: Espathra|0 fnt\n|faint|p1a: Espathra\n|\n|upkeep\n|\n|t:|1699988725\n|switch|p1a: Annihilape|Annihilape, F|100\/100\n|turn|10\n|\n|t:|1699988729\n|-terastallize|p1a: Annihilape|Fighting\n|move|p2a: Gholdengo|Shadow Ball|p1a: Annihilape\n|-damage|p1a: Annihilape|0 fnt\n|faint|p1a: Annihilape\n|\n|upkeep\n|\n|t:|1699988731\n|switch|p1a: Palafin|Palafin-Hero, M|100\/100\n|-activate|p1a: Palafin|ability: Zero to Hero\n|turn|11\n|\n|t:|1699988734\n|move|p1a: Palafin|Jet Punch|p2a: Gholdengo\n|-damage|p2a: Gholdengo|0 fnt\n|faint|p2a: Gholdengo\n|\n|upkeep\n|\n|t:|1699988739\n|switch|p2a: Palafin|Palafin-Hero, M|100\/100\n|-damage|p2a: Palafin|88\/100|[from] Stealth Rock\n|-damage|p2a: Palafin|72\/100|[from] Spikes\n|-activate|p2a: Palafin|ability: Zero to Hero\n|turn|12\n|\n|t:|1699988746\n|move|p1a: Palafin|Jet Punch|p2a: Palafin\n|-resisted|p2a: Palafin\n|-damage|p2a: Palafin|45\/100\n|move|p2a: Palafin|Bulk Up|p2a: Palafin\n|-boost|p2a: Palafin|atk|1\n|-boost|p2a: Palafin|def|1\n|\n|upkeep\n|turn|13\n|\n|t:|1699988748\n|move|p1a: Palafin|Jet Punch|p2a: Palafin\n|-resisted|p2a: Palafin\n|-damage|p2a: Palafin|27\/100\n|move|p2a: Palafin|Drain Punch|p1a: Palafin\n|-damage|p1a: Palafin|53\/100\n|-heal|p2a: Palafin|51\/100|[from] drain|[of] p1a: Palafin\n|\n|upkeep\n|turn|14\n|\n|t:|1699988754\n|move|p1a: Palafin|Jet Punch|p2a: Palafin\n|-resisted|p2a: Palafin\n|-damage|p2a: Palafin|31\/100\n|move|p2a: Palafin|Drain Punch|p1a: Palafin\n|-damage|p1a: Palafin|2\/100\n|-heal|p2a: Palafin|56\/100|[from] drain|[of] p1a: Palafin\n|\n|upkeep\n|turn|15\n|\n|t:|1699988760\n|move|p2a: Palafin|Jet Punch|p1a: Palafin\n|-resisted|p1a: Palafin\n|-damage|p1a: Palafin|0 fnt\n|faint|p1a: Palafin\n|\n|win|EL145898\n|raw|phluph9764's rating: 1349 &rarr; <strong>1327<\/strong><br \/>(-22 for losing)\n|raw|EL145898's rating: 1312 &rarr; <strong>1334<\/strong><br \/>(+22 for winning)\n|l|\u2606phluph9764\n","uploadtime":1699988771,"views":8,"p1id":"phluph9764","p2id":"el145898","formatid":"gen9anythinggoes","rating":1327,"private":0,"password":""}