{"id":"gen9anythinggoes-1996684134","p1":"Koibitio","p2":"RogerJoseph26","format":"[Gen 9] Anything Goes","log":"|j|\u203dKoibitio\n|j|\u2606RogerJoseph26\n|t:|1700709376\n|gametype|singles\n|player|p1|Koibitio|buck|1474\n|player|p2|RogerJoseph26|101|1556\n|teamsize|p1|6\n|teamsize|p2|6\n|gen|9\n|tier|[Gen 9] Anything Goes\n|rated|\n|rule|HP Percentage Mod: HP is shown in percentages\n|rule|Endless Battle Clause: Forcing endless battles is banned\n|clearpoke\n|poke|p1|Koraidon|\n|poke|p1|Flutter Mane|\n|poke|p1|Torkoal, M|\n|poke|p1|Chi-Yu|\n|poke|p1|Lilligant-Hisui, F|\n|poke|p1|Maushold-Four|\n|poke|p2|Garchomp, M|\n|poke|p2|Miraidon|\n|poke|p2|Dialga-Origin|\n|poke|p2|Calyrex-Shadow|\n|poke|p2|Zacian-*|\n|poke|p2|Palkia-Origin|\n|teampreview\n|\n|t:|1700709384\n|start\n|switch|p1a: Torkoal|Torkoal, M, shiny|100\/100\n|switch|p2a: Calyrex|Calyrex-Shadow|100\/100\n|-ability|p2a: Calyrex|As One\n|-ability|p2a: Calyrex|Unnerve\n|-weather|SunnyDay|[from] ability: Drought|[of] p1a: Torkoal\n|turn|1\n|\n|t:|1700709390\n|switch|p1a: Chi-Yu|Chi-Yu|100\/100\n|-ability|p1a: Chi-Yu|Beads of Ruin\n|move|p2a: Calyrex|Nasty Plot|p2a: Calyrex\n|-boost|p2a: Calyrex|spa|2\n|\n|-weather|SunnyDay|[upkeep]\n|upkeep\n|turn|2\n|\n|t:|1700709396\n|move|p1a: Chi-Yu|Dark Pulse|p2a: Calyrex\n|-supereffective|p2a: Calyrex\n|-enditem|p2a: Calyrex|Focus Sash\n|-damage|p2a: Calyrex|1\/100\n|move|p2a: Calyrex|Astral Barrage|p1a: Chi-Yu\n|-resisted|p1a: Chi-Yu\n|-damage|p1a: Chi-Yu|17\/100\n|\n|-weather|SunnyDay|[upkeep]\n|upkeep\n|turn|3\n|\n|t:|1700709405\n|move|p1a: Chi-Yu|Dark Pulse|p2a: Calyrex\n|-supereffective|p2a: Calyrex\n|-damage|p2a: Calyrex|0 fnt\n|faint|p2a: Calyrex\n|\n|-weather|SunnyDay|[upkeep]\n|upkeep\n|\n|t:|1700709410\n|switch|p2a: Zacian|Zacian-Crowned|100\/100\n|-ability|p2a: Zacian|Intrepid Sword|boost\n|-boost|p2a: Zacian|atk|1\n|turn|4\n|\n|t:|1700709413\n|switch|p1a: Torkoal|Torkoal, M, shiny|100\/100\n|move|p2a: Zacian|Quick Attack|p1a: Torkoal\n|-damage|p1a: Torkoal|88\/100\n|\n|-weather|SunnyDay|[upkeep]\n|upkeep\n|turn|5\n|\n|t:|1700709421\n|move|p2a: Zacian|Sacred Sword|p1a: Torkoal\n|-damage|p1a: Torkoal|59\/100\n|move|p1a: Torkoal|Yawn|p2a: Zacian\n|-start|p2a: Zacian|move: Yawn|[of] p1a: Torkoal\n|\n|-weather|SunnyDay|[upkeep]\n|upkeep\n|turn|6\n|\n|t:|1700709428\n|move|p2a: Zacian|Behemoth Blade|p1a: Torkoal\n|-resisted|p1a: Torkoal\n|-damage|p1a: Torkoal|33\/100\n|move|p1a: Torkoal|Stealth Rock|p2a: Zacian\n|-sidestart|p2: RogerJoseph26|move: Stealth Rock\n|\n|-weather|SunnyDay|[upkeep]\n|-end|p2a: Zacian|move: Yawn|[silent]\n|-status|p2a: Zacian|slp\n|upkeep\n|turn|7\n|\n|t:|1700709431\n|cant|p2a: Zacian|slp\n|move|p1a: Torkoal|Lava Plume|p2a: Zacian\n|-supereffective|p2a: Zacian\n|-damage|p2a: Zacian|42\/100 slp\n|\n|-weather|SunnyDay|[upkeep]\n|upkeep\n|turn|8\n|\n|t:|1700709436\n|cant|p2a: Zacian|slp\n|move|p1a: Torkoal|Lava Plume|p2a: Zacian\n|-supereffective|p2a: Zacian\n|-damage|p2a: Zacian|0 fnt\n|faint|p2a: Zacian\n|\n|-weather|none\n|upkeep\n|\n|t:|1700709450\n|switch|p2a: Garchomp|Garchomp, M|100\/100\n|-damage|p2a: Garchomp|94\/100|[from] Stealth Rock\n|turn|9\n|\n|t:|1700709461\n|move|p2a: Garchomp|Earthquake|p1a: Torkoal\n|-supereffective|p1a: Torkoal\n|-damage|p1a: Torkoal|0 fnt\n|faint|p1a: Torkoal\n|\n|upkeep\n|inactive|Battle timer is ON: inactive players will automatically lose when time's up. (requested by RogerJoseph26)\n|\n|t:|1700709470\n|switch|p1a: Flutter Mane|Flutter Mane|100\/100\n|turn|10\n|\n|t:|1700709475\n|move|p2a: Garchomp|Earthquake|p1a: Flutter Mane\n|-damage|p1a: Flutter Mane|0 fnt\n|faint|p1a: Flutter Mane\n|-end|p1a: Flutter Mane|Protosynthesis|[silent]\n|\n|upkeep\n|\n|t:|1700709479\n|switch|p1a: Koraidon|Koraidon|100\/100\n|-weather|SunnyDay|[from] ability: Orichalcum Pulse|[of] p1a: Koraidon\n|-activate|p1a: Koraidon|Orichalcum Pulse|[source]\n|turn|11\n|\n|t:|1700709484\n|move|p2a: Garchomp|Earthquake|p1a: Koraidon\n|-damage|p1a: Koraidon|58\/100\n|move|p1a: Koraidon|Dragon Claw|p2a: Garchomp\n|-supereffective|p2a: Garchomp\n|-damage|p2a: Garchomp|0 fnt\n|-damage|p1a: Koraidon|46\/100|[from] ability: Rough Skin|[of] p2a: Garchomp\n|faint|p2a: Garchomp\n|\n|-weather|SunnyDay|[upkeep]\n|upkeep\n|\n|t:|1700709489\n|switch|p2a: Dialga|Dialga-Origin|100\/100\n|-damage|p2a: Dialga|94\/100|[from] Stealth Rock\n|-ability|p2a: Dialga|Pressure\n|turn|12\n|\n|t:|1700709492\n|-terastallize|p2a: Dialga|Steel\n|move|p1a: Koraidon|Collision Course|p2a: Dialga\n|-supereffective|p2a: Dialga\n|-damage|p2a: Dialga|0 fnt\n|faint|p2a: Dialga\n|\n|-weather|SunnyDay|[upkeep]\n|upkeep\n|\n|t:|1700709497\n|switch|p2a: Miraidon|Miraidon|100\/100\n|-damage|p2a: Miraidon|88\/100|[from] Stealth Rock\n|-fieldstart|move: Electric Terrain|[from] ability: Hadron Engine|[of] p2a: Miraidon\n|turn|13\n|\n|t:|1700709502\n|-terastallize|p1a: Koraidon|Steel\n|move|p1a: Koraidon|Dragon Claw|p2a: Miraidon\n|-supereffective|p2a: Miraidon\n|-damage|p2a: Miraidon|0 fnt\n|faint|p2a: Miraidon\n|\n|-weather|SunnyDay|[upkeep]\n|upkeep\n|-message|RogerJoseph26 forfeited.\n|\n|win|Koibitio\n|raw|Koibitio's rating: 1474 &rarr; <strong>1499<\/strong><br \/>(+25 for winning)\n|raw|RogerJoseph26's rating: 1556 &rarr; <strong>1531<\/strong><br \/>(-25 for losing)\n|l|\u2606RogerJoseph26\n","uploadtime":1700709524,"views":0,"p1id":"koibitio","p2id":"rogerjoseph26","formatid":"gen9anythinggoes","rating":1499,"private":0,"password":""}