{"id":"gen9anythinggoes-1991970929","p1":"Akralt","p2":"ClappisYappis","format":"[Gen 9] Anything Goes","log":"|j|\u2606Akralt\n|j|\u2606ClappisYappis\n|t:|1700143813\n|gametype|singles\n|player|p1|Akralt|falkner|1102\n|player|p2|ClappisYappis|riley|1000\n|teamsize|p1|6\n|teamsize|p2|6\n|gen|9\n|tier|[Gen 9] Anything Goes\n|rated|\n|rule|HP Percentage Mod: HP is shown in percentages\n|rule|Endless Battle Clause: Forcing endless battles is banned\n|clearpoke\n|poke|p1|Tinkaton, F|\n|poke|p1|Tinkaton, F|\n|poke|p1|Tinkaton, F|\n|poke|p1|Tinkaton, F|\n|poke|p1|Tinkaton, F|\n|poke|p1|Flutter Mane|\n|poke|p2|Maushold-Four|\n|poke|p2|Flutter Mane|\n|poke|p2|Miraidon|\n|poke|p2|Rabsca, M|\n|poke|p2|Garganacl, F|\n|poke|p2|Houndstone, M|\n|teampreview\n|inactive|Battle timer is ON: inactive players will automatically lose when time's up. (requested by Akralt)\n|\n|t:|1700143834\n|start\n|switch|p1a: REINHARDT1|Tinkaton, F|100\/100\n|switch|p2a: Flutter Mane|Flutter Mane, shiny|100\/100\n|-ability|p1a: REINHARDT1|Mold Breaker\n|turn|1\n|\n|t:|1700143841\n|move|p2a: Flutter Mane|Mystical Fire|p1a: REINHARDT1\n|-supereffective|p1a: REINHARDT1\n|-damage|p1a: REINHARDT1|28\/100\n|-unboost|p1a: REINHARDT1|spa|1\n|-damage|p2a: Flutter Mane|91\/100|[from] item: Life Orb\n|move|p1a: REINHARDT1|Gigaton Hammer|p2a: Flutter Mane\n|-supereffective|p2a: Flutter Mane\n|-damage|p2a: Flutter Mane|0 fnt\n|faint|p2a: Flutter Mane\n|-end|p2a: Flutter Mane|Protosynthesis|[silent]\n|\n|upkeep\n|\n|t:|1700143863\n|switch|p2a: DeMarco|Miraidon|100\/100\n|-fieldstart|move: Electric Terrain|[from] ability: Hadron Engine|[of] p2a: DeMarco\n|turn|2\n|\n|t:|1700143873\n|-terastallize|p1a: REINHARDT1|Ground\n|move|p2a: DeMarco|Electro Drift|p1a: REINHARDT1\n|-immune|p1a: REINHARDT1\n|move|p1a: REINHARDT1|Tera Blast|p2a: DeMarco|[anim] Tera Blast Ground\n|-supereffective|p2a: DeMarco\n|-damage|p2a: DeMarco|42\/100\n|\n|upkeep\n|turn|3\n|\n|t:|1700143895\n|switch|p1a: :3|Tinkaton, F|100\/100\n|-ability|p1a: :3|Mold Breaker\n|move|p2a: DeMarco|Dragon Pulse|p1a: :3\n|-immune|p1a: :3\n|\n|upkeep\n|turn|4\n|\n|t:|1700143911\n|-terastallize|p2a: DeMarco|Electric\n|move|p1a: :3|Fake Out|p2a: DeMarco\n|-damage|p2a: DeMarco|34\/100\n|cant|p2a: DeMarco|flinch\n|\n|upkeep\n|turn|5\n|\n|t:|1700143919\n|switch|p1a: REINHARDT1|Tinkaton, F, tera:Ground|28\/100\n|-ability|p1a: REINHARDT1|Mold Breaker\n|move|p2a: DeMarco|Electro Drift|p1a: REINHARDT1\n|-immune|p1a: REINHARDT1\n|\n|upkeep\n|turn|6\n|\n|t:|1700143939\n|move|p2a: DeMarco|Dragon Pulse|p1a: REINHARDT1\n|-damage|p1a: REINHARDT1|0 fnt\n|faint|p1a: REINHARDT1\n|\n|-fieldend|move: Electric Terrain\n|upkeep\n|\n|t:|1700143943\n|switch|p1a: :3|Tinkaton, F|100\/100\n|-ability|p1a: :3|Mold Breaker\n|turn|7\n|\n|t:|1700143948\n|switch|p2a: Maushold|Maushold-Four|100\/100\n|move|p1a: :3|Fake Out|p2a: Maushold\n|-damage|p2a: Maushold|89\/100\n|\n|upkeep\n|turn|8\n|\n|t:|1700143953\n|move|p2a: Maushold|Encore|p1a: :3\n|-start|p1a: :3|Encore\n|move|p1a: :3|Fake Out||[still]\n|-hint|Fake Out only works on your first turn out.\n|-fail|p1a: :3\n|\n|upkeep\n|turn|9\n|\n|t:|1700143957\n|switch|p1a: REINHARDT4|Tinkaton, F|100\/100\n|-ability|p1a: REINHARDT4|Mold Breaker\n|move|p2a: Maushold|Tidy Up|p2a: Maushold\n|-boost|p2a: Maushold|atk|1\n|-boost|p2a: Maushold|spe|1\n|\n|upkeep\n|turn|10\n|\n|t:|1700143963\n|move|p2a: Maushold|Population Bomb|p1a: REINHARDT4\n|-resisted|p1a: REINHARDT4\n|-crit|p1a: REINHARDT4\n|-damage|p1a: REINHARDT4|87\/100\n|-damage|p2a: Maushold|72\/100|[from] item: Rocky Helmet|[of] p1a: REINHARDT4\n|-resisted|p1a: REINHARDT4\n|-damage|p1a: REINHARDT4|79\/100\n|-damage|p2a: Maushold|56\/100|[from] item: Rocky Helmet|[of] p1a: REINHARDT4\n|-resisted|p1a: REINHARDT4\n|-damage|p1a: REINHARDT4|70\/100\n|-damage|p2a: Maushold|39\/100|[from] item: Rocky Helmet|[of] p1a: REINHARDT4\n|-resisted|p1a: REINHARDT4\n|-damage|p1a: REINHARDT4|62\/100\n|-damage|p2a: Maushold|23\/100|[from] item: Rocky Helmet|[of] p1a: REINHARDT4\n|-resisted|p1a: REINHARDT4\n|-damage|p1a: REINHARDT4|54\/100\n|-damage|p2a: Maushold|6\/100|[from] item: Rocky Helmet|[of] p1a: REINHARDT4\n|-resisted|p1a: REINHARDT4\n|-damage|p1a: REINHARDT4|45\/100\n|-damage|p2a: Maushold|0 fnt|[from] item: Rocky Helmet|[of] p1a: REINHARDT4\n|faint|p2a: Maushold\n|-hitcount|p1a: REINHARDT4|6\n|cant|p1a: REINHARDT4|flinch\n|\n|upkeep\n|\n|t:|1700143984\n|switch|p2a: DeMarco|Miraidon, tera:Electric|34\/100\n|-fieldstart|move: Electric Terrain|[from] ability: Hadron Engine|[of] p2a: DeMarco\n|turn|11\n|\n|t:|1700143990\n|move|p2a: DeMarco|Electro Drift|p1a: REINHARDT4\n|-damage|p1a: REINHARDT4|0 fnt\n|-damage|p2a: DeMarco|17\/100|[from] item: Rocky Helmet|[of] p1a: REINHARDT4\n|faint|p1a: REINHARDT4\n|\n|upkeep\n|\n|t:|1700143993\n|switch|p1a: Cat|Flutter Mane|100\/100\n|-enditem|p1a: Cat|Booster Energy\n|-activate|p1a: Cat|ability: Protosynthesis|[fromitem]\n|-start|p1a: Cat|protosynthesisspe\n|turn|12\n|\n|t:|1700144009\n|switch|p2a: SSSReplacement|Garganacl, F, shiny|100\/100\n|move|p1a: Cat|Shadow Ball|p2a: SSSReplacement\n|-damage|p2a: SSSReplacement|86\/100\n|\n|-heal|p2a: SSSReplacement|93\/100|[from] item: Leftovers\n|upkeep\n|turn|13\n|\n|t:|1700144020\n|-end|p1a: Cat|Protosynthesis|[silent]\n|switch|p1a: REINHARDT2|Tinkaton, F|100\/100\n|-ability|p1a: REINHARDT2|Mold Breaker\n|move|p2a: SSSReplacement|Salt Cure|p1a: REINHARDT2\n|-resisted|p1a: REINHARDT2\n|-damage|p1a: REINHARDT2|91\/100\n|-start|p1a: REINHARDT2|Salt Cure\n|\n|-heal|p2a: SSSReplacement|99\/100|[from] item: Leftovers\n|-damage|p1a: REINHARDT2|66\/100|[from] Salt Cure\n|upkeep\n|turn|14\n|\n|t:|1700144029\n|switch|p2a: Rabsca|Rabsca, M, shiny|100\/100\n|move|p1a: REINHARDT2|Gigaton Hammer|p2a: Rabsca\n|-damage|p2a: Rabsca|51\/100\n|\n|-damage|p1a: REINHARDT2|41\/100|[from] Salt Cure\n|upkeep\n|turn|15\n|\n|t:|1700144039\n|move|p1a: REINHARDT2|Knock Off|p2a: Rabsca\n|-supereffective|p2a: Rabsca\n|-damage|p2a: Rabsca|2\/100\n|-enditem|p2a: Rabsca|Leppa Berry|[from] move: Knock Off|[of] p1a: REINHARDT2\n|move|p2a: Rabsca|Trick Room|p2a: Rabsca\n|-fieldstart|move: Trick Room|[of] p2a: Rabsca\n|\n|-damage|p1a: REINHARDT2|17\/100|[from] Salt Cure\n|-fieldend|move: Electric Terrain\n|upkeep\n|turn|16\n|\n|t:|1700144050\n|move|p2a: Rabsca|Revival Blessing|p2a: Rabsca\n|\n|t:|1700144053\n|-heal|p2: Maushold|50\/100|[from] move: Revival Blessing\n|move|p1a: REINHARDT2|Knock Off|p2a: Rabsca\n|-supereffective|p2a: Rabsca\n|-damage|p2a: Rabsca|0 fnt\n|faint|p2a: Rabsca\n|\n|-damage|p1a: REINHARDT2|0 fnt|[from] Salt Cure\n|faint|p1a: REINHARDT2\n|upkeep\n|\n|t:|1700144066\n|switch|p2a: Houndstone|Houndstone, M|100\/100\n|switch|p1a: REINHARDT|Tinkaton, F|100\/100\n|-ability|p1a: REINHARDT|Mold Breaker\n|turn|17\n|\n|t:|1700144071\n|move|p2a: Houndstone|Last Respects|p1a: REINHARDT\n|-enditem|p1a: REINHARDT|Focus Sash\n|-damage|p1a: REINHARDT|1\/100\n|move|p1a: REINHARDT|Thunder Wave|p2a: Houndstone|[miss]\n|-miss|p1a: REINHARDT|p2a: Houndstone\n|\n|upkeep\n|turn|18\n|\n|t:|1700144079\n|move|p2a: Houndstone|Shadow Sneak|p1a: REINHARDT\n|-damage|p1a: REINHARDT|0 fnt\n|faint|p1a: REINHARDT\n|\n|upkeep\n|\n|t:|1700144082\n|switch|p1a: :3|Tinkaton, F|100\/100\n|-ability|p1a: :3|Mold Breaker\n|turn|19\n|\n|t:|1700144086\n|move|p2a: Houndstone|Last Respects|p1a: :3\n|-damage|p1a: :3|0 fnt\n|faint|p1a: :3\n|\n|-fieldend|move: Trick Room\n|upkeep\n|\n|t:|1700144090\n|switch|p1a: Cat|Flutter Mane|100\/100\n|turn|20\n|\n|t:|1700144098\n|move|p2a: Houndstone|Shadow Sneak|p1a: Cat\n|-supereffective|p1a: Cat\n|-damage|p1a: Cat|35\/100\n|move|p1a: Cat|Shadow Ball|p2a: Houndstone\n|-supereffective|p2a: Houndstone\n|-damage|p2a: Houndstone|40\/100\n|\n|upkeep\n|turn|21\n|\n|t:|1700144101\n|move|p2a: Houndstone|Shadow Sneak|p1a: Cat\n|-supereffective|p1a: Cat\n|-damage|p1a: Cat|0 fnt\n|faint|p1a: Cat\n|-end|p1a: Cat|Protosynthesis|[silent]\n|\n|win|ClappisYappis\n|raw|Akralt's rating: 1102 &rarr; <strong>1070<\/strong><br \/>(-32 for losing)\n|raw|ClappisYappis's rating: 1000 &rarr; <strong>1051<\/strong><br \/>(+51 for winning)\n","uploadtime":1700144104,"views":5,"p1id":"akralt","p2id":"clappisyappis","formatid":"gen9anythinggoes","rating":1051,"private":0,"password":""}