{"id":"gen9anythinggoes-1978356937","p1":"Raymond R3ddington","p2":"brissacrafa","format":"[Gen 9] Anything Goes","log":"|j|\u2606Raymond R3ddington\n|j|\u2606brissacrafa\n|t:|1698528889\n|gametype|singles\n|player|p1|Raymond R3ddington|giovanni|1216\n|player|p2|brissacrafa|n|1180\n|teamsize|p1|6\n|teamsize|p2|6\n|gen|9\n|tier|[Gen 9] Anything Goes\n|rated|\n|rule|HP Percentage Mod: HP is shown in percentages\n|rule|Endless Battle Clause: Forcing endless battles is banned\n|clearpoke\n|poke|p1|Scovillain, F|\n|poke|p1|Muk-Alola, M|\n|poke|p1|Basculegion-F, F|\n|poke|p1|Kyogre|\n|poke|p1|Ninetales-Alola, F|\n|poke|p1|Decidueye-Hisui, F|\n|poke|p2|Lilligant-Hisui, F|\n|poke|p2|Ceruledge, M|\n|poke|p2|Sylveon, F|\n|poke|p2|Ogerpon-Cornerstone, F|\n|poke|p2|Maushold-Four|\n|poke|p2|Garchomp, M|\n|teampreview\n|inactive|Battle timer is ON: inactive players will automatically lose when time's up. (requested by Raymond R3ddington)\n|\n|t:|1698528911\n|start\n|switch|p1a: Ninetales|Ninetales-Alola, F, shiny|100\/100\n|switch|p2a: Ceruledge|Ceruledge, M|100\/100\n|-weather|Snow|[from] ability: Snow Warning|[of] p1a: Ninetales\n|turn|1\n|c|\u2606brissacrafa|sorry.\n|\n|t:|1698528921\n|move|p1a: Ninetales|Aurora Veil|p1a: Ninetales\n|-sidestart|p1: Raymond R3ddington|move: Aurora Veil\n|move|p2a: Ceruledge|Bitter Blade|p1a: Ninetales\n|-supereffective|p1a: Ninetales\n|-damage|p1a: Ninetales|55\/100\n|\n|-weather|Snow|[upkeep]\n|upkeep\n|turn|2\n|\n|t:|1698528931\n|switch|p1a: Muk|Muk-Alola, M|100\/100\n|move|p2a: Ceruledge|Swords Dance|p2a: Ceruledge\n|-boost|p2a: Ceruledge|atk|2\n|\n|-weather|Snow|[upkeep]\n|upkeep\n|turn|3\n|\n|t:|1698528945\n|switch|p2a: Garchomp|Garchomp, M, shiny|100\/100\n|move|p1a: Muk|Minimize|p1a: Muk\n|-boost|p1a: Muk|evasion|2\n|\n|-weather|Snow|[upkeep]\n|upkeep\n|turn|4\n|\n|t:|1698528974\n|move|p2a: Garchomp|Sandstorm|p2a: Garchomp\n|-weather|Sandstorm\n|move|p1a: Muk|Minimize|p1a: Muk\n|-boost|p1a: Muk|evasion|2\n|\n|-weather|Sandstorm|[upkeep]\n|-damage|p1a: Muk|94\/100|[from] Sandstorm\n|upkeep\n|turn|5\n|\n|t:|1698528984\n|move|p2a: Garchomp|Earthquake|p1a: Muk\n|-supereffective|p1a: Muk\n|-damage|p1a: Muk|39\/100\n|-enditem|p1a: Muk|Aguav Berry|[eat]\n|-heal|p1a: Muk|72\/100|[from] item: Aguav Berry\n|move|p1a: Muk|Minimize|p1a: Muk\n|-boost|p1a: Muk|evasion|2\n|\n|-weather|Sandstorm|[upkeep]\n|-damage|p1a: Muk|66\/100|[from] Sandstorm\n|upkeep\n|turn|6\n|\n|t:|1698528994\n|move|p2a: Garchomp|Earthquake|p1a: Muk|[miss]\n|-miss|p2a: Garchomp|p1a: Muk\n|move|p1a: Muk|Recycle|p1a: Muk\n|-item|p1a: Muk|Aguav Berry|[from] move: Recycle\n|\n|-weather|Sandstorm|[upkeep]\n|-damage|p1a: Muk|60\/100|[from] Sandstorm\n|upkeep\n|turn|7\n|\n|t:|1698529001\n|move|p2a: Garchomp|Swords Dance|p2a: Garchomp\n|-boost|p2a: Garchomp|atk|2\n|move|p1a: Muk|Knock Off|p2a: Garchomp\n|-damage|p2a: Garchomp|64\/100\n|-enditem|p2a: Garchomp|Smooth Rock|[from] move: Knock Off|[of] p1a: Muk\n|\n|-weather|Sandstorm|[upkeep]\n|-damage|p1a: Muk|54\/100|[from] Sandstorm\n|upkeep\n|turn|8\n|\n|t:|1698529019\n|move|p2a: Garchomp|Earthquake|p1a: Muk|[miss]\n|-miss|p2a: Garchomp|p1a: Muk\n|move|p1a: Muk|Poison Fang|p2a: Garchomp\n|-resisted|p2a: Garchomp\n|-damage|p2a: Garchomp|54\/100\n|\n|-weather|Sandstorm|[upkeep]\n|-damage|p1a: Muk|47\/100|[from] Sandstorm\n|-enditem|p1a: Muk|Aguav Berry|[eat]\n|-heal|p1a: Muk|81\/100|[from] item: Aguav Berry\n|-sideend|p1: Raymond R3ddington|move: Aurora Veil\n|upkeep\n|turn|9\n|\n|t:|1698529028\n|move|p2a: Garchomp|Earthquake|p1a: Muk\n|-supereffective|p1a: Muk\n|-damage|p1a: Muk|0 fnt\n|faint|p1a: Muk\n|\n|-weather|Sandstorm|[upkeep]\n|upkeep\n|\n|t:|1698529037\n|switch|p1a: Ninetales|Ninetales-Alola, F, shiny|55\/100\n|-weather|Snow|[from] ability: Snow Warning|[of] p1a: Ninetales\n|turn|10\n|\n|t:|1698529043\n|-terastallize|p2a: Garchomp|Fire\n|move|p1a: Ninetales|Blizzard|p2a: Garchomp\n|-resisted|p2a: Garchomp\n|-damage|p2a: Garchomp|30\/100\n|move|p2a: Garchomp|Earthquake|p1a: Ninetales\n|-damage|p1a: Ninetales|0 fnt\n|faint|p1a: Ninetales\n|\n|-weather|Snow|[upkeep]\n|upkeep\n|\n|t:|1698529056\n|switch|p1a: Kyogre|Kyogre|100\/100\n|-weather|RainDance|[from] ability: Drizzle|[of] p1a: Kyogre\n|turn|11\n|\n|t:|1698529063\n|move|p2a: Garchomp|Outrage|p1a: Kyogre\n|-damage|p1a: Kyogre|0 fnt\n|faint|p1a: Kyogre\n|\n|-weather|RainDance|[upkeep]\n|upkeep\n|\n|t:|1698529069\n|switch|p1a: Scovillain|Scovillain, F|100\/100\n|turn|12\n|\n|t:|1698529076\n|move|p1a: Scovillain|Protect|p1a: Scovillain\n|-singleturn|p1a: Scovillain|Protect\n|move|p2a: Garchomp|Outrage|p1a: Scovillain|[from]lockedmove\n|-activate|p1a: Scovillain|move: Protect\n|-start|p2a: Garchomp|confusion|[fatigue]\n|\n|-weather|RainDance|[upkeep]\n|-ability|p1a: Scovillain|Moody|boost\n|-boost|p1a: Scovillain|spe|2\n|-unboost|p1a: Scovillain|spd|1\n|upkeep\n|turn|13\n|\n|t:|1698529089\n|move|p1a: Scovillain|Crunch|p2a: Garchomp\n|-damage|p2a: Garchomp|8\/100\n|-activate|p2a: Garchomp|confusion\n|move|p2a: Garchomp|Sandstorm|p2a: Garchomp\n|-weather|Sandstorm\n|\n|-weather|Sandstorm|[upkeep]\n|-damage|p1a: Scovillain|94\/100|[from] Sandstorm\n|-heal|p1a: Scovillain|100\/100|[from] item: Leftovers\n|-ability|p1a: Scovillain|Moody|boost\n|-boost|p1a: Scovillain|spe|2\n|-unboost|p1a: Scovillain|spd|1\n|upkeep\n|turn|14\n|\n|t:|1698529103\n|move|p1a: Scovillain|Crunch|p2a: Garchomp|[miss]\n|-miss|p1a: Scovillain|p2a: Garchomp\n|-activate|p2a: Garchomp|confusion\n|move|p2a: Garchomp|Outrage|p1a: Scovillain\n|-damage|p1a: Scovillain|0 fnt\n|faint|p1a: Scovillain\n|\n|-weather|Sandstorm|[upkeep]\n|upkeep\n|\n|t:|1698529110\n|switch|p1a: Decidueye|Decidueye-Hisui, F|100\/100\n|turn|15\n|\n|t:|1698529112\n|move|p1a: Decidueye|Sucker Punch|p2a: Garchomp\n|-damage|p2a: Garchomp|0 fnt\n|faint|p2a: Garchomp\n|\n|-weather|Sandstorm|[upkeep]\n|-damage|p1a: Decidueye|95\/100|[from] Sandstorm\n|upkeep\n|\n|t:|1698529122\n|switch|p2a: Sylveon|Sylveon, F|100\/100\n|turn|16\n|\n|t:|1698529136\n|move|p1a: Decidueye|Triple Arrows|p2a: Sylveon\n|-resisted|p2a: Sylveon\n|-crit|p2a: Sylveon\n|-damage|p2a: Sylveon|59\/100\n|-unboost|p2a: Sylveon|def|1\n|cant|p2a: Sylveon|flinch\n|\n|-weather|Sandstorm|[upkeep]\n|-damage|p1a: Decidueye|89\/100|[from] Sandstorm\n|-damage|p2a: Sylveon|53\/100|[from] Sandstorm\n|-heal|p2a: Sylveon|59\/100|[from] item: Leftovers\n|upkeep\n|turn|17\n|-activate|p1a: Decidueye|item: Quick Claw\n|\n|t:|1698529148\n|move|p1a: Decidueye|Triple Arrows|p2a: Sylveon\n|-resisted|p2a: Sylveon\n|-crit|p2a: Sylveon\n|-damage|p2a: Sylveon|0 fnt\n|faint|p2a: Sylveon\n|\n|-weather|none\n|upkeep\n|c|\u2606brissacrafa|bro\n|\n|t:|1698529160\n|switch|p2a: Lilligant|Lilligant-Hisui, F|100\/100\n|turn|18\n|c|\u2606Raymond R3ddington|Luck\n|\n|t:|1698529168\n|move|p2a: Lilligant|Axe Kick|p1a: Decidueye\n|-damage|p1a: Decidueye|17\/100\n|move|p1a: Decidueye|Triple Arrows|p2a: Lilligant\n|-damage|p2a: Lilligant|37\/100\n|-unboost|p2a: Lilligant|def|1\n|\n|upkeep\n|turn|19\n|c|\u2606brissacrafa|ye\n|\n|t:|1698529180\n|move|p1a: Decidueye|Sucker Punch|p2a: Lilligant\n|-resisted|p2a: Lilligant\n|-damage|p2a: Lilligant|10\/100\n|move|p2a: Lilligant|Poison Jab|p1a: Decidueye\n|-supereffective|p1a: Decidueye\n|-damage|p1a: Decidueye|0 fnt\n|faint|p1a: Decidueye\n|\n|upkeep\n|\n|t:|1698529184\n|switch|p1a: Basculegion|Basculegion-F, F|100\/100\n|turn|20\n|\n|t:|1698529189\n|move|p1a: Basculegion|Aqua Jet|p2a: Lilligant\n|-resisted|p2a: Lilligant\n|-damage|p2a: Lilligant|0 fnt\n|faint|p2a: Lilligant\n|\n|upkeep\n|\n|t:|1698529196\n|switch|p2a: Ogerpon|Ogerpon-Cornerstone, F|100\/100\n|turn|21\n|\n|t:|1698529202\n|move|p2a: Ogerpon|Trailblaze|p1a: Basculegion\n|-supereffective|p1a: Basculegion\n|-damage|p1a: Basculegion|41\/100\n|-boost|p2a: Ogerpon|spe|1\n|move|p1a: Basculegion|Agility|p1a: Basculegion\n|-boost|p1a: Basculegion|spe|2\n|\n|upkeep\n|turn|22\n|\n|t:|1698529213\n|move|p1a: Basculegion|Last Respects|p2a: Ogerpon\n|-ability|p2a: Ogerpon|Sturdy\n|-damage|p2a: Ogerpon|1\/100\n|move|p2a: Ogerpon|Trailblaze|p1a: Basculegion\n|-supereffective|p1a: Basculegion\n|-damage|p1a: Basculegion|0 fnt\n|-boost|p2a: Ogerpon|spe|1\n|faint|p1a: Basculegion\n|\n|win|brissacrafa\n|raw|Raymond R3ddington's rating: 1216 &rarr; <strong>1188<\/strong><br \/>(-28 for losing)\n|raw|brissacrafa's rating: 1180 &rarr; <strong>1208<\/strong><br \/>(+28 for winning)\n|c|\u2606brissacrafa|gg\n|l|\u2606Raymond R3ddington\n","uploadtime":1698529245,"views":9,"p1id":"raymondr3ddington","p2id":"brissacrafa","formatid":"gen9anythinggoes","rating":1188,"private":0,"password":""}