{"id":"gen9anythinggoes-1984315818","p1":"Sigtrick","p2":"pollinosis","format":"[Gen 9] Anything Goes","log":"|j|\u2606Sigtrick\n|j|\u2606pollinosis\n|t:|1699242742\n|gametype|singles\n|player|p1|Sigtrick|colress|\n|player|p2|pollinosis|candice|\n|teamsize|p1|6\n|teamsize|p2|6\n|gen|9\n|tier|[Gen 9] Anything Goes\n|rule|HP Percentage Mod: HP is shown in percentages\n|rule|Endless Battle Clause: Forcing endless battles is banned\n|clearpoke\n|poke|p1|Roaring Moon|\n|poke|p1|Slowking-Galar, M|\n|poke|p1|Donphan, F|\n|poke|p1|Rotom-Wash|\n|poke|p1|Zapdos-Galar|\n|poke|p1|Tinkaton, F|\n|poke|p2|Meowscarada, M|\n|poke|p2|Dachsbun, M|\n|poke|p2|Hippowdon, M|\n|poke|p2|Sableye, M|\n|poke|p2|Slowking, M|\n|poke|p2|Glimmora, F|\n|teampreview\n|c|\u2606pollinosis|glhf!\n|j| PorygonTheBot\n|c| PorygonTheBot|I'm here now, the battle can get started!\n|c|\u2606Sigtrick|thanks u2!\n|j| SacredTomba\n|j| Glistering Aeon\n|\n|t:|1699242800\n|start\n|switch|p1a: Nora|Tinkaton, F|100\/100\n|switch|p2a: N|Meowscarada, M|100\/100\n|turn|1\n|\n|t:|1699242817\n|move|p2a: N|U-turn|p1a: Nora\n|-start|p2a: N|typechange|Bug|[from] ability: Protean\n|-resisted|p1a: Nora\n|-damage|p1a: Nora|94\/100\n|\n|t:|1699242822\n|switch|p2a: Alder|Hippowdon, M|100\/100|[from] U-turn\n|-weather|Sandstorm|[from] ability: Sand Stream|[of] p2a: Alder\n|move|p1a: Nora|Stealth Rock|p2a: Alder\n|-sidestart|p2: pollinosis|move: Stealth Rock\n|\n|-weather|Sandstorm|[upkeep]\n|upkeep\n|turn|2\n|\n|t:|1699242842\n|switch|p1a: Washington|Rotom-Wash|100\/100\n|move|p2a: Alder|Stealth Rock|p1a: Washington\n|-sidestart|p1: Sigtrick|move: Stealth Rock\n|\n|-weather|Sandstorm|[upkeep]\n|-damage|p1a: Washington|95\/100|[from] Sandstorm\n|upkeep\n|turn|3\n|\n|t:|1699242863\n|move|p1a: Washington|Will-O-Wisp|p2a: Alder\n|-status|p2a: Alder|brn\n|move|p2a: Alder|Slack Off||[still]\n|-fail|p2a: Alder|heal\n|\n|-weather|Sandstorm|[upkeep]\n|-damage|p1a: Washington|89\/100|[from] Sandstorm\n|-damage|p2a: Alder|94\/100 brn|[from] brn\n|upkeep\n|turn|4\n|\n|t:|1699242885\n|switch|p2a: Wallace|Slowking, M|100\/100\n|-damage|p2a: Wallace|88\/100|[from] Stealth Rock\n|move|p1a: Washington|Hydro Pump|p2a: Wallace\n|-resisted|p2a: Wallace\n|-damage|p2a: Wallace|75\/100\n|-enditem|p2a: Wallace|Eject Button\n|\n|t:|1699242894\n|switch|p2a: Geeta|Glimmora, F|100\/100\n|-damage|p2a: Geeta|88\/100|[from] Stealth Rock\n|\n|-weather|Sandstorm|[upkeep]\n|-damage|p1a: Washington|83\/100|[from] Sandstorm\n|upkeep\n|turn|5\n|\n|t:|1699242936\n|move|p2a: Geeta|Energy Ball|p1a: Washington\n|-supereffective|p1a: Washington\n|-damage|p1a: Washington|25\/100\n|-enditem|p1a: Washington|Sitrus Berry|[eat]\n|-heal|p1a: Washington|49\/100|[from] item: Sitrus Berry\n|move|p1a: Washington|Hydro Pump|p2a: Geeta\n|-supereffective|p2a: Geeta\n|-damage|p2a: Geeta|58\/100\n|\n|-weather|none\n|upkeep\n|turn|6\n|\n|t:|1699243001\n|switch|p1a: Nora|Tinkaton, F|94\/100\n|-damage|p1a: Nora|88\/100|[from] Stealth Rock\n|move|p2a: Geeta|Energy Ball|p1a: Nora\n|-resisted|p1a: Nora\n|-damage|p1a: Nora|75\/100\n|\n|upkeep\n|turn|7\n|\n|t:|1699243020\n|switch|p2a: Alder|Hippowdon, M|94\/100 brn\n|-damage|p2a: Alder|88\/100 brn|[from] Stealth Rock\n|-weather|Sandstorm|[from] ability: Sand Stream|[of] p2a: Alder\n|move|p1a: Nora|Knock Off|p2a: Alder\n|-damage|p2a: Alder|79\/100 brn\n|-enditem|p2a: Alder|Leftovers|[from] move: Knock Off|[of] p1a: Nora\n|\n|-weather|Sandstorm|[upkeep]\n|-damage|p2a: Alder|73\/100 brn|[from] brn\n|upkeep\n|turn|8\n|\n|t:|1699243041\n|switch|p1a: Avis|Donphan, F|100\/100\n|switch|p2a: Wallace|Slowking, M|100\/100\n|-damage|p2a: Wallace|88\/100|[from] Stealth Rock\n|\n|-weather|Sandstorm|[upkeep]\n|-damage|p2a: Wallace|82\/100|[from] Sandstorm\n|upkeep\n|turn|9\n|\n|t:|1699243063\n|move|p1a: Avis|Rapid Spin|p2a: Wallace\n|-damage|p2a: Wallace|68\/100\n|-boost|p1a: Avis|spe|1\n|-sideend|p1: Sigtrick|Stealth Rock|[from] move: Rapid Spin|[of] p1a: Avis\n|move|p2a: Wallace|Future Sight|p1a: Avis\n|-start|p2a: Wallace|move: Future Sight\n|\n|-weather|Sandstorm|[upkeep]\n|-damage|p2a: Wallace|62\/100|[from] Sandstorm\n|upkeep\n|turn|10\n|\n|t:|1699243094\n|switch|p1a: Victor|Slowking-Galar, M|100\/100\n|move|p2a: Wallace|Slack Off|p2a: Wallace\n|-heal|p2a: Wallace|100\/100\n|\n|-weather|Sandstorm|[upkeep]\n|-damage|p2a: Wallace|94\/100|[from] Sandstorm\n|-damage|p1a: Victor|94\/100|[from] Sandstorm\n|-heal|p1a: Victor|100\/100|[from] item: Black Sludge\n|upkeep\n|turn|11\n|\n|t:|1699243106\n|switch|p2a: Alder|Hippowdon, M|73\/100 brn\n|-damage|p2a: Alder|66\/100 brn|[from] Stealth Rock\n|move|p1a: Victor|Chilly Reception|p1a: Victor\n|-weather|Snow\n|\n|t:|1699243113\n|switch|p1a: Rawring Moon|Roaring Moon|100\/100|[from] Chilly Reception\n|\n|-weather|Snow|[upkeep]\n|-end|p1a: Rawring Moon|move: Future Sight\n|-immune|p1a: Rawring Moon\n|-damage|p2a: Alder|60\/100 brn|[from] brn\n|upkeep\n|turn|12\n|\n|t:|1699243151\n|move|p1a: Rawring Moon|Crunch|p2a: Alder\n|-damage|p2a: Alder|35\/100 brn\n|move|p2a: Alder|Stealth Rock|p1a: Rawring Moon\n|-sidestart|p1: Sigtrick|move: Stealth Rock\n|\n|-weather|Snow|[upkeep]\n|-damage|p2a: Alder|29\/100 brn|[from] brn\n|upkeep\n|turn|13\n|\n|t:|1699243165\n|switch|p2a: Trace|Dachsbun, M|100\/100\n|-damage|p2a: Trace|88\/100|[from] Stealth Rock\n|move|p1a: Rawring Moon|Crunch|p2a: Trace\n|-resisted|p2a: Trace\n|-damage|p2a: Trace|68\/100\n|-unboost|p2a: Trace|def|1\n|\n|-weather|Snow|[upkeep]\n|-heal|p2a: Trace|74\/100|[from] item: Leftovers\n|upkeep\n|turn|14\n|\n|t:|1699243196\n|-end|p1a: Rawring Moon|Protosynthesis|[silent]\n|switch|p1a: Avis|Donphan, F|100\/100\n|move|p2a: Trace|Protect||[still]\n|-fail|p2a: Trace\n|\n|-weather|Snow|[upkeep]\n|-heal|p2a: Trace|80\/100|[from] item: Leftovers\n|upkeep\n|turn|15\n|\n|t:|1699243230\n|move|p2a: Trace|Wish|p2a: Trace\n|move|p1a: Avis|Roar|p2a: Trace\n|drag|p2a: Geeta|Glimmora, F|58\/100\n|-damage|p2a: Geeta|46\/100|[from] Stealth Rock\n|\n|-weather|none\n|upkeep\n|turn|16\n|\n|t:|1699243242\n|switch|p2a: Alder|Hippowdon, M|29\/100 brn\n|-damage|p2a: Alder|22\/100 brn|[from] Stealth Rock\n|-weather|Sandstorm|[from] ability: Sand Stream|[of] p2a: Alder\n|move|p1a: Avis|Earthquake|p2a: Alder\n|-damage|p2a: Alder|1\/100 brn\n|\n|-weather|Sandstorm|[upkeep]\n|-heal|p2a: Alder|39\/100 brn|[from] move: Wish|[wisher] Trace\n|-damage|p2a: Alder|33\/100 brn|[from] brn\n|upkeep\n|turn|17\n|\n|t:|1699243260\n|move|p1a: Avis|Rapid Spin|p2a: Alder\n|-damage|p2a: Alder|26\/100 brn\n|-boost|p1a: Avis|spe|1\n|-sideend|p1: Sigtrick|Stealth Rock|[from] move: Rapid Spin|[of] p1a: Avis\n|move|p2a: Alder|Slack Off|p2a: Alder\n|-heal|p2a: Alder|76\/100 brn\n|\n|-weather|Sandstorm|[upkeep]\n|-damage|p2a: Alder|70\/100 brn|[from] brn\n|upkeep\n|turn|18\n|\n|t:|1699243285\n|move|p2a: Alder|Stealth Rock|p1a: Avis\n|-sidestart|p1: Sigtrick|move: Stealth Rock\n|move|p1a: Avis|Roar|p2a: Alder\n|drag|p2a: N|Meowscarada, M|100\/100\n|-damage|p2a: N|88\/100|[from] Stealth Rock\n|\n|-weather|Sandstorm|[upkeep]\n|-damage|p2a: N|82\/100|[from] Sandstorm\n|upkeep\n|turn|19\n|\n|t:|1699243308\n|switch|p1a: Nora|Tinkaton, F|75\/100\n|-damage|p1a: Nora|69\/100|[from] Stealth Rock\n|move|p2a: N|Flower Trick|p1a: Nora\n|-start|p2a: N|typechange|Grass|[from] ability: Protean\n|-resisted|p1a: Nora\n|-crit|p1a: Nora\n|-damage|p1a: Nora|51\/100\n|\n|-weather|Sandstorm|[upkeep]\n|-damage|p2a: N|76\/100|[from] Sandstorm\n|upkeep\n|turn|20\n|\n|t:|1699243383\n|switch|p2a: Alder|Hippowdon, M|70\/100 brn\n|-damage|p2a: Alder|64\/100 brn|[from] Stealth Rock\n|switch|p1a: Avis|Donphan, F|100\/100\n|\n|-weather|none\n|-damage|p2a: Alder|58\/100 brn|[from] brn\n|upkeep\n|turn|21\n|\n|t:|1699243393\n|switch|p2a: Steven|Sableye, M|100\/100\n|-damage|p2a: Steven|88\/100|[from] Stealth Rock\n|move|p1a: Avis|Rapid Spin|p2a: Steven\n|-immune|p2a: Steven\n|\n|-heal|p2a: Steven|94\/100|[from] item: Leftovers\n|upkeep\n|turn|22\n|\n|t:|1699243420\n|move|p2a: Steven|Knock Off|p1a: Avis\n|-damage|p1a: Avis|87\/100\n|-enditem|p1a: Avis|Heavy-Duty Boots|[from] move: Knock Off|[of] p2a: Steven\n|move|p1a: Avis|Roar|p2a: Steven\n|drag|p2a: Geeta|Glimmora, F|46\/100\n|-damage|p2a: Geeta|33\/100|[from] Stealth Rock\n|\n|upkeep\n|turn|23\n|\n|t:|1699243434\n|move|p2a: Geeta|Energy Ball|p1a: Avis\n|-supereffective|p1a: Avis\n|-damage|p1a: Avis|14\/100\n|move|p1a: Avis|Earthquake|p2a: Geeta\n|-supereffective|p2a: Geeta\n|-damage|p2a: Geeta|0 fnt\n|-activate|p2a: Geeta|ability: Toxic Debris\n|-sidestart|p1: Sigtrick|move: Toxic Spikes\n|faint|p2a: Geeta\n|\n|upkeep\n|\n|t:|1699243460\n|switch|p2a: Wallace|Slowking, M|100\/100\n|-damage|p2a: Wallace|88\/100|[from] Stealth Rock\n|turn|24\n|\n|t:|1699243472\n|move|p1a: Avis|Rapid Spin|p2a: Wallace\n|-damage|p2a: Wallace|74\/100\n|-boost|p1a: Avis|spe|1\n|-sideend|p1: Sigtrick|Toxic Spikes|[from] move: Rapid Spin|[of] p1a: Avis\n|-sideend|p1: Sigtrick|Stealth Rock|[from] move: Rapid Spin|[of] p1a: Avis\n|move|p2a: Wallace|Surf|p1a: Avis\n|-supereffective|p1a: Avis\n|-damage|p1a: Avis|0 fnt\n|faint|p1a: Avis\n|\n|upkeep\n|\n|t:|1699243506\n|switch|p1a: Zapdos|Zapdos-Galar|100\/100\n|turn|25\n|\n|t:|1699243514\n|switch|p2a: Steven|Sableye, M|94\/100\n|-damage|p2a: Steven|82\/100|[from] Stealth Rock\n|move|p1a: Zapdos|U-turn|p2a: Steven\n|-damage|p2a: Steven|47\/100\n|\n|t:|1699243566\n|switch|p1a: Victor|Slowking-Galar, M|100\/100|[from] U-turn\n|\n|-heal|p2a: Steven|53\/100|[from] item: Leftovers\n|upkeep\n|turn|26\n|\n|t:|1699243584\n|move|p2a: Steven|Knock Off|p1a: Victor\n|-supereffective|p1a: Victor\n|-damage|p1a: Victor|61\/100\n|-enditem|p1a: Victor|Black Sludge|[from] move: Knock Off|[of] p2a: Steven\n|move|p1a: Victor|Toxic|p2a: Steven\n|-status|p2a: Steven|tox\n|\n|-heal|p2a: Steven|59\/100 tox|[from] item: Leftovers\n|-damage|p2a: Steven|53\/100 tox|[from] psn\n|upkeep\n|turn|27\n|\n|t:|1699243599\n|move|p2a: Steven|Recover|p2a: Steven\n|-heal|p2a: Steven|100\/100 tox\n|move|p1a: Victor|Chilly Reception|p1a: Victor\n|-weather|Snow\n|\n|t:|1699243632\n|switch|p1a: Washington|Rotom-Wash|49\/100|[from] Chilly Reception\n|\n|-weather|Snow|[upkeep]\n|-damage|p2a: Steven|89\/100 tox|[from] psn\n|upkeep\n|turn|28\n|\n|t:|1699243645\n|move|p1a: Washington|Volt Switch|p2a: Steven\n|-damage|p2a: Steven|62\/100 tox\n|\n|t:|1699243658\n|switch|p1a: Victor|Slowking-Galar, M|94\/100|[from] Volt Switch\n|move|p2a: Steven|Knock Off|p1a: Victor\n|-supereffective|p1a: Victor\n|-damage|p1a: Victor|71\/100\n|\n|-weather|Snow|[upkeep]\n|-heal|p2a: Steven|68\/100 tox|[from] item: Leftovers\n|-damage|p2a: Steven|50\/100 tox|[from] psn\n|upkeep\n|turn|29\n|\n|t:|1699243669\n|switch|p2a: Alder|Hippowdon, M|58\/100 brn\n|-damage|p2a: Alder|52\/100 brn|[from] Stealth Rock\n|-weather|Sandstorm|[from] ability: Sand Stream|[of] p2a: Alder\n|move|p1a: Victor|Chilly Reception|p1a: Victor\n|-weather|Snow\n|\n|t:|1699243679\n|switch|p1a: Washington|Rotom-Wash|49\/100|[from] Chilly Reception\n|\n|-weather|Snow|[upkeep]\n|-damage|p2a: Alder|45\/100 brn|[from] brn\n|upkeep\n|turn|30\n|\n|t:|1699243689\n|move|p1a: Washington|Hydro Pump|p2a: Alder|[miss]\n|-miss|p1a: Washington|p2a: Alder\n|move|p2a: Alder|Slack Off|p2a: Alder\n|-heal|p2a: Alder|95\/100 brn\n|\n|-weather|Snow|[upkeep]\n|-damage|p2a: Alder|89\/100 brn|[from] brn\n|upkeep\n|turn|31\n|\n|t:|1699243699\n|switch|p2a: Wallace|Slowking, M|100\/100\n|-damage|p2a: Wallace|88\/100|[from] Stealth Rock\n|move|p1a: Washington|Hydro Pump|p2a: Wallace\n|-resisted|p2a: Wallace\n|-damage|p2a: Wallace|76\/100\n|\n|-weather|Snow|[upkeep]\n|upkeep\n|turn|32\n|\n|t:|1699243715\n|move|p1a: Washington|Volt Switch|p2a: Wallace\n|-supereffective|p2a: Wallace\n|-damage|p2a: Wallace|46\/100\n|\n|t:|1699243725\n|switch|p1a: Victor|Slowking-Galar, M|100\/100|[from] Volt Switch\n|move|p2a: Wallace|Future Sight|p1a: Victor\n|-start|p2a: Wallace|move: Future Sight\n|\n|-weather|Snow|[upkeep]\n|upkeep\n|turn|33\n|\n|t:|1699243745\n|move|p2a: Wallace|Slack Off|p2a: Wallace\n|-heal|p2a: Wallace|96\/100\n|move|p1a: Victor|Chilly Reception|p1a: Victor\n|\n|t:|1699243751\n|switch|p1a: Rawring Moon|Roaring Moon|100\/100|[from] Chilly Reception\n|\n|-weather|none\n|upkeep\n|turn|34\n|\n|t:|1699243770\n|move|p1a: Rawring Moon|Crunch|p2a: Wallace\n|-supereffective|p2a: Wallace\n|-damage|p2a: Wallace|5\/100\n|move|p2a: Wallace|Chilly Reception|p2a: Wallace\n|-weather|Snow\n|\n|t:|1699243778\n|switch|p2a: N|Meowscarada, M|76\/100|[from] Chilly Reception\n|-damage|p2a: N|64\/100|[from] Stealth Rock\n|\n|-weather|Snow|[upkeep]\n|-end|p1a: Rawring Moon|move: Future Sight\n|-immune|p1a: Rawring Moon\n|upkeep\n|turn|35\n|\n|t:|1699243795\n|-end|p1a: Rawring Moon|Protosynthesis|[silent]\n|switch|p1a: Nora|Tinkaton, F|51\/100\n|move|p2a: N|Play Rough|p1a: Nora\n|-start|p2a: N|typechange|Fairy|[from] ability: Protean\n|-resisted|p1a: Nora\n|-damage|p1a: Nora|35\/100\n|-enditem|p1a: Nora|Sitrus Berry|[eat]\n|-heal|p1a: Nora|59\/100|[from] item: Sitrus Berry\n|-enditem|p2a: N|Choice Scarf|[silent]|[from] ability: Pickpocket|[of] p2a: N\n|-item|p1a: Nora|Choice Scarf|[from] ability: Pickpocket|[of] p2a: N\n|\n|-weather|Snow|[upkeep]\n|upkeep\n|turn|36\n|\n|t:|1699243847\n|switch|p1a: Zapdos|Zapdos-Galar|100\/100\n|move|p2a: N|U-turn|p1a: Zapdos\n|-resisted|p1a: Zapdos\n|-damage|p1a: Zapdos|94\/100\n|\n|t:|1699243855\n|switch|p2a: Steven|Sableye, M|50\/100 tox|[from] U-turn\n|-damage|p2a: Steven|38\/100 tox|[from] Stealth Rock\n|\n|-weather|Snow|[upkeep]\n|-heal|p2a: Steven|44\/100 tox|[from] item: Leftovers\n|-damage|p2a: Steven|38\/100 tox|[from] psn\n|upkeep\n|turn|37\n|\n|t:|1699243879\n|move|p2a: Steven|Will-O-Wisp|p1a: Zapdos\n|-status|p1a: Zapdos|brn\n|move|p1a: Zapdos|Brave Bird|p2a: Steven\n|-damage|p2a: Steven|0 fnt\n|faint|p2a: Steven\n|-damage|p1a: Zapdos|83\/100 brn|[from] Recoil\n|\n|-weather|Snow|[upkeep]\n|-damage|p1a: Zapdos|77\/100 brn|[from] brn\n|upkeep\n|\n|t:|1699243896\n|switch|p2a: Wallace|Slowking, M|38\/100\n|-damage|p2a: Wallace|26\/100|[from] Stealth Rock\n|turn|38\n|\n|t:|1699243914\n|switch|p2a: Alder|Hippowdon, M|89\/100 brn\n|-damage|p2a: Alder|83\/100 brn|[from] Stealth Rock\n|-weather|Sandstorm|[from] ability: Sand Stream|[of] p2a: Alder\n|move|p1a: Zapdos|Brave Bird|p2a: Alder\n|-damage|p2a: Alder|64\/100 brn\n|-damage|p1a: Zapdos|68\/100 brn|[from] Recoil\n|\n|-weather|Sandstorm|[upkeep]\n|-damage|p1a: Zapdos|62\/100 brn|[from] Sandstorm\n|-damage|p1a: Zapdos|56\/100 brn|[from] brn\n|-damage|p2a: Alder|58\/100 brn|[from] brn\n|upkeep\n|turn|39\n|\n|t:|1699243929\n|switch|p1a: Washington|Rotom-Wash|49\/100\n|move|p2a: Alder|Slack Off|p2a: Alder\n|-heal|p2a: Alder|100\/100 brn\n|\n|-weather|Sandstorm|[upkeep]\n|-damage|p1a: Washington|43\/100|[from] Sandstorm\n|-damage|p2a: Alder|94\/100 brn|[from] brn\n|upkeep\n|turn|40\n|\n|t:|1699243944\n|switch|p2a: Trace|Dachsbun, M|80\/100\n|-damage|p2a: Trace|68\/100|[from] Stealth Rock\n|move|p1a: Washington|Hydro Pump|p2a: Trace\n|-damage|p2a: Trace|20\/100\n|\n|-weather|Sandstorm|[upkeep]\n|-damage|p2a: Trace|14\/100|[from] Sandstorm\n|-damage|p1a: Washington|37\/100|[from] Sandstorm\n|-heal|p2a: Trace|20\/100|[from] item: Leftovers\n|upkeep\n|turn|41\n|\n|t:|1699243957\n|move|p2a: Trace|Protect|p2a: Trace\n|-singleturn|p2a: Trace|Protect\n|move|p1a: Washington|Volt Switch|p2a: Trace\n|-activate|p2a: Trace|move: Protect\n|\n|-weather|Sandstorm|[upkeep]\n|-damage|p2a: Trace|14\/100|[from] Sandstorm\n|-damage|p1a: Washington|32\/100|[from] Sandstorm\n|-heal|p2a: Trace|20\/100|[from] item: Leftovers\n|upkeep\n|turn|42\n|\n|t:|1699243979\n|move|p2a: Trace|Play Rough|p1a: Washington\n|-damage|p1a: Washington|9\/100\n|move|p1a: Washington|Volt Switch|p2a: Trace\n|-damage|p2a: Trace|0 fnt\n|faint|p2a: Trace\n|\n|t:|1699243998\n|switch|p1a: Rawring Moon|Roaring Moon|100\/100|[from] Volt Switch\n|\n|-weather|none\n|upkeep\n|\n|t:|1699244008\n|switch|p2a: Alder|Hippowdon, M|94\/100 brn\n|-damage|p2a: Alder|88\/100 brn|[from] Stealth Rock\n|-weather|Sandstorm|[from] ability: Sand Stream|[of] p2a: Alder\n|turn|43\n|\n|t:|1699244069\n|move|p1a: Rawring Moon|Crunch|p2a: Alder\n|-crit|p2a: Alder\n|-damage|p2a: Alder|52\/100 brn\n|move|p2a: Alder|Stealth Rock|p1a: Rawring Moon\n|-sidestart|p1: Sigtrick|move: Stealth Rock\n|\n|-weather|Sandstorm|[upkeep]\n|-damage|p1a: Rawring Moon|94\/100|[from] Sandstorm\n|-damage|p2a: Alder|46\/100 brn|[from] brn\n|upkeep\n|turn|44\n|\n|t:|1699244077\n|move|p1a: Rawring Moon|Crunch|p2a: Alder\n|-damage|p2a: Alder|21\/100 brn\n|move|p2a: Alder|Slack Off|p2a: Alder\n|-heal|p2a: Alder|71\/100 brn\n|\n|-weather|Sandstorm|[upkeep]\n|-damage|p1a: Rawring Moon|88\/100|[from] Sandstorm\n|-damage|p2a: Alder|65\/100 brn|[from] brn\n|upkeep\n|turn|45\n|\n|t:|1699244085\n|move|p1a: Rawring Moon|Crunch|p2a: Alder\n|-damage|p2a: Alder|39\/100 brn\n|-unboost|p2a: Alder|def|1\n|move|p2a: Alder|Earthquake|p1a: Rawring Moon\n|-damage|p1a: Rawring Moon|65\/100\n|\n|-weather|Sandstorm|[upkeep]\n|-damage|p1a: Rawring Moon|59\/100|[from] Sandstorm\n|-damage|p2a: Alder|33\/100 brn|[from] brn\n|upkeep\n|turn|46\n|\n|t:|1699244093\n|move|p1a: Rawring Moon|Crunch|p2a: Alder\n|-damage|p2a: Alder|0 fnt\n|faint|p2a: Alder\n|\n|-weather|Sandstorm|[upkeep]\n|-damage|p1a: Rawring Moon|53\/100|[from] Sandstorm\n|upkeep\n|\n|t:|1699244097\n|switch|p2a: N|Meowscarada, M|64\/100\n|-damage|p2a: N|51\/100|[from] Stealth Rock\n|turn|47\n|\n|t:|1699244108\n|-end|p1a: Rawring Moon|Protosynthesis|[silent]\n|switch|p1a: Washington|Rotom-Wash|9\/100\n|-damage|p1a: Washington|0 fnt|[from] Stealth Rock\n|faint|p1a: Washington\n|move|p2a: N|Knock Off|p1: Washington|[notarget]\n|-fail|p2a: N\n|\n|-weather|none\n|upkeep\n|\n|t:|1699244119\n|switch|p1a: Rawring Moon|Roaring Moon|53\/100\n|-damage|p1a: Rawring Moon|40\/100|[from] Stealth Rock\n|turn|48\n|\n|t:|1699244127\n|move|p1a: Rawring Moon|U-turn|p2a: N\n|-supereffective|p2a: N\n|-damage|p2a: N|0 fnt\n|faint|p2a: N\n|\n|t:|1699244134\n|-end|p1a: Rawring Moon|Protosynthesis|[silent]\n|switch|p1a: Victor|Slowking-Galar, M|100\/100|[from] U-turn\n|-damage|p1a: Victor|88\/100|[from] Stealth Rock\n|\n|upkeep\n|\n|t:|1699244136\n|switch|p2a: Wallace|Slowking, M|59\/100\n|-damage|p2a: Wallace|47\/100|[from] Stealth Rock\n|turn|49\n|\n|t:|1699244143\n|move|p2a: Wallace|Slack Off|p2a: Wallace\n|-heal|p2a: Wallace|97\/100\n|move|p1a: Victor|Toxic|p2a: Wallace\n|-status|p2a: Wallace|tox\n|\n|-damage|p2a: Wallace|91\/100 tox|[from] psn\n|upkeep\n|turn|50\n|\n|t:|1699244151\n|move|p2a: Wallace|Surf|p1a: Victor\n|-damage|p1a: Victor|63\/100\n|move|p1a: Victor|Foul Play|p2a: Wallace\n|-supereffective|p2a: Wallace\n|-damage|p2a: Wallace|65\/100 tox\n|\n|-damage|p2a: Wallace|53\/100 tox|[from] psn\n|upkeep\n|turn|51\n|\n|t:|1699244158\n|move|p2a: Wallace|Surf|p1a: Victor\n|-damage|p1a: Victor|39\/100\n|move|p1a: Victor|Foul Play|p2a: Wallace\n|-supereffective|p2a: Wallace\n|-damage|p2a: Wallace|28\/100 tox\n|\n|-damage|p2a: Wallace|10\/100 tox|[from] psn\n|upkeep\n|turn|52\n|c|\u2606pollinosis|gg\n|\n|t:|1699244166\n|move|p2a: Wallace|Chilly Reception|p2a: Wallace\n|-weather|Snow\n|move|p1a: Victor|Foul Play|p2a: Wallace\n|-supereffective|p2a: Wallace\n|-damage|p2a: Wallace|0 fnt\n|faint|p2a: Wallace\n|\n|win|Sigtrick\n|l| PorygonTheBot\n|l| Glistering Aeon\n|c|\u2606Sigtrick|ggs sir!\n|l|\u2606pollinosis\n|l| SacredTomba\n","uploadtime":1699244167,"views":42,"p1id":"sigtrick","p2id":"pollinosis","formatid":"gen9anythinggoes","rating":0,"private":0,"password":""}