{"id":"gen9anythinggoes-1989111470","p1":"ymmwinaround","p2":"Esdeath725","format":"[Gen 9] Anything Goes","log":"|j|\u2606ymmwinaround\n|j|\u2606Esdeath725\n|inactive|Battle timer is ON: inactive players will automatically lose when time's up.\n|t:|1699813434\n|gametype|singles\n|player|p1|ymmwinaround|jogger|\n|player|p2|Esdeath725|fantina|\n|teamsize|p1|6\n|teamsize|p2|6\n|gen|9\n|tier|[Gen 9] Anything Goes\n|rated|Tournament battle\n|rule|HP Percentage Mod: HP is shown in percentages\n|rule|Endless Battle Clause: Forcing endless battles is banned\n|clearpoke\n|poke|p1|Arceus-Fairy|\n|poke|p1|Ting-Lu|\n|poke|p1|Koraidon|\n|poke|p1|Arceus|\n|poke|p1|Calyrex-Shadow|\n|poke|p1|Toxapex, M|\n|poke|p2|Dialga-Origin|\n|poke|p2|Palkia-Origin|\n|poke|p2|Giratina-Origin|\n|poke|p2|Arceus|\n|poke|p2|Groudon|\n|poke|p2|Eternatus|\n|teampreview\n|c|\u2606ymmwinaround|gl\n|\n|t:|1699813454\n|start\n|switch|p1a: Koraidon|Koraidon|100\/100\n|switch|p2a: Eternatus|Eternatus|100\/100\n|-ability|p2a: Eternatus|Pressure\n|-weather|SunnyDay|[from] ability: Orichalcum Pulse|[of] p1a: Koraidon\n|-activate|p1a: Koraidon|Orichalcum Pulse|[source]\n|turn|1\n|\n|t:|1699813471\n|move|p2a: Eternatus|Dynamax Cannon|p1a: Koraidon\n|-supereffective|p1a: Koraidon\n|-damage|p1a: Koraidon|0 fnt\n|faint|p1a: Koraidon\n|\n|-weather|SunnyDay|[upkeep]\n|upkeep\n|\n|t:|1699813482\n|switch|p1a: Arceus|Arceus-Fairy|100\/100\n|turn|2\n|inactive|Esdeath725 has 120 seconds left.\n|\n|t:|1699813515\n|switch|p2a: Dialga|Dialga-Origin|100\/100\n|move|p1a: Arceus|Will-O-Wisp|p2a: Dialga\n|-status|p2a: Dialga|brn\n|\n|-weather|SunnyDay|[upkeep]\n|-damage|p2a: Dialga|94\/100 brn|[from] brn\n|upkeep\n|turn|3\n|\n|t:|1699813524\n|move|p1a: Arceus|Calm Mind|p1a: Arceus\n|-boost|p1a: Arceus|spa|1\n|-boost|p1a: Arceus|spd|1\n|move|p2a: Dialga|Flash Cannon|p1a: Arceus\n|-supereffective|p1a: Arceus\n|-damage|p1a: Arceus|44\/100\n|\n|-weather|SunnyDay|[upkeep]\n|-damage|p2a: Dialga|88\/100 brn|[from] brn\n|upkeep\n|turn|4\n|\n|t:|1699813535\n|-terastallize|p1a: Arceus|Poison\n|move|p1a: Arceus|Recover|p1a: Arceus\n|-heal|p1a: Arceus|94\/100\n|move|p2a: Dialga|Flash Cannon|p1a: Arceus\n|-damage|p1a: Arceus|66\/100\n|-unboost|p1a: Arceus|spd|1\n|\n|-weather|SunnyDay|[upkeep]\n|-damage|p2a: Dialga|82\/100 brn|[from] brn\n|upkeep\n|turn|5\n|inactive|Esdeath725 has 120 seconds left.\n|\n|t:|1699813557\n|switch|p2a: Groudon|Groudon|100\/100\n|move|p1a: Arceus|Calm Mind|p1a: Arceus\n|-boost|p1a: Arceus|spa|1\n|-boost|p1a: Arceus|spd|1\n|\n|-weather|none\n|upkeep\n|turn|6\n|inactive|Esdeath725 has 120 seconds left.\n|\n|t:|1699813568\n|move|p1a: Arceus|Will-O-Wisp|p2a: Groudon\n|-status|p2a: Groudon|brn\n|move|p2a: Groudon|Precipice Blades|p1a: Arceus\n|-supereffective|p1a: Arceus\n|-damage|p1a: Arceus|37\/100\n|\n|-damage|p2a: Groudon|94\/100 brn|[from] brn\n|upkeep\n|turn|7\n|inactive|Esdeath725 has 120 seconds left.\n|\n|t:|1699813578\n|move|p1a: Arceus|Recover|p1a: Arceus\n|-heal|p1a: Arceus|87\/100\n|move|p2a: Groudon|Will-O-Wisp|p1a: Arceus\n|-status|p1a: Arceus|brn\n|\n|-heal|p2a: Groudon|100\/100 brn|[from] item: Leftovers\n|-damage|p1a: Arceus|81\/100 brn|[from] brn\n|-damage|p2a: Groudon|94\/100 brn|[from] brn\n|upkeep\n|turn|8\n|\n|t:|1699813587\n|move|p1a: Arceus|Calm Mind|p1a: Arceus\n|-boost|p1a: Arceus|spa|1\n|-boost|p1a: Arceus|spd|1\n|move|p2a: Groudon|Spikes|p1a: Arceus\n|-sidestart|p1: ymmwinaround|Spikes\n|\n|-heal|p2a: Groudon|100\/100 brn|[from] item: Leftovers\n|-damage|p1a: Arceus|75\/100 brn|[from] brn\n|-damage|p2a: Groudon|94\/100 brn|[from] brn\n|upkeep\n|turn|9\n|\n|t:|1699813597\n|move|p1a: Arceus|Judgment|p2a: Groudon\n|-damage|p2a: Groudon|19\/100 brn\n|move|p2a: Groudon|Precipice Blades|p1a: Arceus|[miss]\n|-miss|p2a: Groudon|p1a: Arceus\n|\n|-heal|p2a: Groudon|25\/100 brn|[from] item: Leftovers\n|-damage|p1a: Arceus|69\/100 brn|[from] brn\n|-damage|p2a: Groudon|19\/100 brn|[from] brn\n|upkeep\n|turn|10\n|\n|t:|1699813606\n|move|p1a: Arceus|Recover|p1a: Arceus\n|-heal|p1a: Arceus|100\/100 brn\n|move|p2a: Groudon|Precipice Blades|p1a: Arceus\n|-supereffective|p1a: Arceus\n|-damage|p1a: Arceus|73\/100 brn\n|\n|-heal|p2a: Groudon|25\/100 brn|[from] item: Leftovers\n|-damage|p1a: Arceus|67\/100 brn|[from] brn\n|-damage|p2a: Groudon|19\/100 brn|[from] brn\n|upkeep\n|turn|11\n|\n|t:|1699813615\n|move|p1a: Arceus|Calm Mind|p1a: Arceus\n|-boost|p1a: Arceus|spa|1\n|-boost|p1a: Arceus|spd|1\n|move|p2a: Groudon|Precipice Blades|p1a: Arceus\n|-supereffective|p1a: Arceus\n|-damage|p1a: Arceus|37\/100 brn\n|\n|-heal|p2a: Groudon|25\/100 brn|[from] item: Leftovers\n|-damage|p1a: Arceus|31\/100 brn|[from] brn\n|-damage|p2a: Groudon|19\/100 brn|[from] brn\n|upkeep\n|turn|12\n|\n|t:|1699813624\n|move|p1a: Arceus|Recover|p1a: Arceus\n|-heal|p1a: Arceus|81\/100 brn\n|move|p2a: Groudon|Precipice Blades|p1a: Arceus\n|-supereffective|p1a: Arceus\n|-damage|p1a: Arceus|50\/100 brn\n|\n|-heal|p2a: Groudon|25\/100 brn|[from] item: Leftovers\n|-damage|p1a: Arceus|44\/100 brn|[from] brn\n|-damage|p2a: Groudon|19\/100 brn|[from] brn\n|upkeep\n|turn|13\n|\n|t:|1699813634\n|move|p1a: Arceus|Recover|p1a: Arceus\n|-heal|p1a: Arceus|94\/100 brn\n|move|p2a: Groudon|Precipice Blades|p1a: Arceus\n|-supereffective|p1a: Arceus\n|-damage|p1a: Arceus|66\/100 brn\n|\n|-heal|p2a: Groudon|25\/100 brn|[from] item: Leftovers\n|-damage|p1a: Arceus|59\/100 brn|[from] brn\n|-damage|p2a: Groudon|19\/100 brn|[from] brn\n|upkeep\n|turn|14\n|\n|t:|1699813643\n|move|p1a: Arceus|Recover|p1a: Arceus\n|-heal|p1a: Arceus|100\/100 brn\n|move|p2a: Groudon|Precipice Blades|p1a: Arceus\n|-supereffective|p1a: Arceus\n|-damage|p1a: Arceus|73\/100 brn\n|\n|-heal|p2a: Groudon|25\/100 brn|[from] item: Leftovers\n|-damage|p1a: Arceus|67\/100 brn|[from] brn\n|-damage|p2a: Groudon|19\/100 brn|[from] brn\n|upkeep\n|turn|15\n|\n|t:|1699813652\n|move|p1a: Arceus|Judgment|p2a: Groudon\n|-damage|p2a: Groudon|0 fnt\n|faint|p2a: Groudon\n|\n|-damage|p1a: Arceus|61\/100 brn|[from] brn\n|upkeep\n|\n|t:|1699813680\n|switch|p2a: Eternatus|Eternatus|100\/100\n|-ability|p2a: Eternatus|Pressure\n|turn|16\n|\n|t:|1699813692\n|move|p2a: Eternatus|Dynamax Cannon|p1a: Arceus\n|-damage|p1a: Arceus|45\/100 brn\n|move|p1a: Arceus|Recover|p1a: Arceus\n|-heal|p1a: Arceus|95\/100 brn\n|\n|-damage|p1a: Arceus|89\/100 brn|[from] brn\n|upkeep\n|turn|17\n|\n|t:|1699813705\n|switch|p2a: Arceus|Arceus, shiny|100\/100\n|move|p1a: Arceus|Will-O-Wisp|p2a: Arceus\n|-status|p2a: Arceus|brn\n|\n|-damage|p2a: Arceus|94\/100 brn|[from] brn\n|-damage|p1a: Arceus|83\/100 brn|[from] brn\n|upkeep\n|turn|18\n|\n|t:|1699813713\n|move|p2a: Arceus|Swords Dance|p2a: Arceus\n|-boost|p2a: Arceus|atk|2\n|move|p1a: Arceus|Calm Mind|p1a: Arceus\n|-boost|p1a: Arceus|spa|1\n|-boost|p1a: Arceus|spd|1\n|\n|-damage|p2a: Arceus|88\/100 brn|[from] brn\n|-damage|p1a: Arceus|77\/100 brn|[from] brn\n|upkeep\n|turn|19\n|\n|t:|1699813730\n|move|p2a: Arceus|Swords Dance|p2a: Arceus\n|-boost|p2a: Arceus|atk|2\n|move|p1a: Arceus|Judgment|p2a: Arceus\n|-damage|p2a: Arceus|0 fnt\n|faint|p2a: Arceus\n|\n|-damage|p1a: Arceus|71\/100 brn|[from] brn\n|upkeep\n|\n|t:|1699813738\n|switch|p2a: Giratina|Giratina-Origin, shiny|100\/100\n|turn|20\n|\n|t:|1699813743\n|move|p2a: Giratina|Shadow Ball|p1a: Arceus\n|-damage|p1a: Arceus|61\/100 brn\n|move|p1a: Arceus|Judgment|p2a: Giratina\n|-supereffective|p2a: Giratina\n|-damage|p2a: Giratina|0 fnt\n|faint|p2a: Giratina\n|\n|-damage|p1a: Arceus|55\/100 brn|[from] brn\n|upkeep\n|\n|t:|1699813752\n|switch|p2a: Dialga|Dialga-Origin|82\/100 brn\n|turn|21\n|\n|t:|1699813758\n|move|p1a: Arceus|Recover|p1a: Arceus\n|-heal|p1a: Arceus|100\/100 brn\n|move|p2a: Dialga|Flash Cannon|p1a: Arceus\n|-damage|p1a: Arceus|88\/100 brn\n|\n|-damage|p1a: Arceus|82\/100 brn|[from] brn\n|-damage|p2a: Dialga|76\/100 brn|[from] brn\n|upkeep\n|turn|22\n|\n|t:|1699813770\n|move|p1a: Arceus|Judgment|p2a: Dialga\n|-damage|p2a: Dialga|0 fnt\n|faint|p2a: Dialga\n|\n|-damage|p1a: Arceus|76\/100 brn|[from] brn\n|upkeep\n|\n|t:|1699813777\n|switch|p2a: Eternatus|Eternatus|100\/100\n|-ability|p2a: Eternatus|Pressure\n|turn|23\n|\n|t:|1699813785\n|move|p2a: Eternatus|Fire Blast|p1a: Arceus\n|-damage|p1a: Arceus|66\/100 brn\n|move|p1a: Arceus|Judgment|p2a: Eternatus\n|-damage|p2a: Eternatus|0 fnt\n|faint|p2a: Eternatus\n|\n|-damage|p1a: Arceus|60\/100 brn|[from] brn\n|upkeep\n|c|\u2606ymmwinaround|gg\n|\n|t:|1699813794\n|switch|p2a: Palkia|Palkia-Origin|100\/100\n|-ability|p2a: Palkia|Pressure\n|turn|24\n|\n|t:|1699813802\n|move|p2a: Palkia|Hydro Pump|p1a: Arceus\n|-damage|p1a: Arceus|43\/100 brn\n|move|p1a: Arceus|Judgment|p2a: Palkia\n|-supereffective|p2a: Palkia\n|-crit|p2a: Palkia\n|-damage|p2a: Palkia|0 fnt\n|faint|p2a: Palkia\n|\n|win|ymmwinaround\n|n|\u2606ymmwinaround|ymmwinaround\n|n|\u2606Esdeath725|esdeath725\n","uploadtime":1699813803,"views":4,"p1id":"ymmwinaround","p2id":"esdeath725","formatid":"gen9anythinggoes","rating":0,"private":0,"password":""}