{"id":"gen9anythinggoes-1981108571","p1":"uiki","p2":"diverse team","format":"[Gen 9] Anything Goes","log":"|j|\u2606uiki\n|j|\u2606diverse team\n|t:|1698864205\n|gametype|singles\n|player|p1|uiki|red|1052\n|player|p2|diverse team|schoolkid-gen4|1132\n|teamsize|p1|6\n|teamsize|p2|6\n|gen|9\n|tier|[Gen 9] Anything Goes\n|rated|\n|rule|HP Percentage Mod: HP is shown in percentages\n|rule|Endless Battle Clause: Forcing endless battles is banned\n|clearpoke\n|poke|p1|Garchomp, F|\n|poke|p1|Sandy Shocks|\n|poke|p1|Torterra, F|\n|poke|p1|Gengar, F|\n|poke|p1|Greninja-*, M|\n|poke|p1|Urshifu-*, F|\n|poke|p2|Ting-Lu|\n|poke|p2|Ting-Lu|\n|poke|p2|Arceus-Dark|\n|poke|p2|Calyrex-Shadow|\n|poke|p2|Armarouge, M|\n|poke|p2|Garganacl, F|\n|teampreview\n|\n|t:|1698864212\n|start\n|switch|p1a: Gengar|Gengar, F|100\/100\n|switch|p2a: Ming-Bu|Ting-Lu|100\/100\n|-ability|p2a: Ming-Bu|Vessel of Ruin\n|turn|1\n|\n|t:|1698864223\n|move|p1a: Gengar|Poltergeist|p2a: Ming-Bu\n|-activate|p2a: Ming-Bu|move: Poltergeist|Assault Vest\n|-resisted|p2a: Ming-Bu\n|-damage|p2a: Ming-Bu|92\/100\n|move|p2a: Ming-Bu|Stomping Tantrum|p1a: Gengar\n|-supereffective|p1a: Gengar\n|-damage|p1a: Gengar|11\/100\n|-enditem|p1a: Gengar|Aguav Berry|[eat]\n|-heal|p1a: Gengar|44\/100|[from] item: Aguav Berry\n|\n|upkeep\n|turn|2\n|\n|t:|1698864238\n|move|p1a: Gengar|Thunder|p2a: Ming-Bu\n|-immune|p2a: Ming-Bu\n|move|p2a: Ming-Bu|Stomping Tantrum|p1a: Gengar\n|-supereffective|p1a: Gengar\n|-damage|p1a: Gengar|0 fnt\n|-start|p2a: Ming-Bu|Disable|Stomping Tantrum|[from] ability: Cursed Body|[of] p1a: Gengar\n|faint|p1a: Gengar\n|\n|upkeep\n|\n|t:|1698864249\n|switch|p1a: Sandy Shocks|Sandy Shocks|100\/100\n|turn|3\n|\n|t:|1698864258\n|-end|p1a: Sandy Shocks|Protosynthesis|[silent]\n|switch|p1a: Greninja|Greninja, M|100\/100\n|switch|p2a: Ping-Yu|Ting-Lu|100\/100\n|-ability|p2a: Ping-Yu|Vessel of Ruin\n|\n|upkeep\n|turn|4\n|\n|t:|1698864274\n|-terastallize|p2a: Ping-Yu|Poison\n|move|p1a: Greninja|Liquidation|p2a: Ping-Yu\n|-damage|p2a: Ping-Yu|83\/100\n|-unboost|p2a: Ping-Yu|def|1\n|move|p2a: Ping-Yu|Fissure|p1a: Greninja\n|-damage|p1a: Greninja|0 fnt\n|faint|p1a: Greninja\n|-ohko\n|\n|upkeep\n|\n|t:|1698864286\n|switch|p1a: Torterra|Torterra, F|100\/100\n|turn|5\n|\n|t:|1698864291\n|move|p1a: Torterra|Body Press|p2a: Ping-Yu\n|-resisted|p2a: Ping-Yu\n|-damage|p2a: Ping-Yu|75\/100\n|move|p2a: Ping-Yu|Fissure|p1a: Torterra\n|-damage|p1a: Torterra|0 fnt\n|faint|p1a: Torterra\n|-ohko\n|\n|upkeep\n|\n|t:|1698864300\n|switch|p1a: Urshifu|Urshifu, F|100\/100\n|turn|6\n|\n|t:|1698864305\n|move|p1a: Urshifu|Stone Edge|p2a: Ping-Yu\n|-damage|p2a: Ping-Yu|50\/100\n|move|p2a: Ping-Yu|Fissure|p1a: Urshifu|[miss]\n|-miss|p2a: Ping-Yu|p1a: Urshifu\n|\n|upkeep\n|turn|7\n|\n|t:|1698864313\n|move|p1a: Urshifu|Stone Edge|p2a: Ping-Yu\n|-damage|p2a: Ping-Yu|24\/100\n|move|p2a: Ping-Yu|Stomping Tantrum|p1a: Urshifu\n|-damage|p1a: Urshifu|55\/100\n|\n|upkeep\n|turn|8\n|\n|t:|1698864320\n|move|p1a: Urshifu|Stone Edge|p2a: Ping-Yu\n|-damage|p2a: Ping-Yu|0 fnt\n|faint|p2a: Ping-Yu\n|\n|upkeep\n|\n|t:|1698864331\n|switch|p2a: Mega Man 2|Armarouge, M|100\/100\n|turn|9\n|\n|t:|1698864335\n|move|p2a: Mega Man 2|Armor Cannon|p1a: Urshifu\n|-damage|p1a: Urshifu|0 fnt\n|-unboost|p2a: Mega Man 2|def|1\n|-unboost|p2a: Mega Man 2|spd|1\n|faint|p1a: Urshifu\n|\n|upkeep\n|\n|t:|1698864342\n|switch|p1a: Sandy Shocks|Sandy Shocks|100\/100\n|turn|10\n|\n|t:|1698864347\n|move|p2a: Mega Man 2|Armor Cannon|p1a: Sandy Shocks\n|-damage|p1a: Sandy Shocks|37\/100\n|-unboost|p2a: Mega Man 2|def|1\n|-unboost|p2a: Mega Man 2|spd|1\n|move|p1a: Sandy Shocks|Thunder|p2a: Mega Man 2|[miss]\n|-miss|p1a: Sandy Shocks|p2a: Mega Man 2\n|\n|upkeep\n|turn|11\n|\n|t:|1698864356\n|move|p2a: Mega Man 2|Armor Cannon|p1a: Sandy Shocks\n|-damage|p1a: Sandy Shocks|0 fnt\n|-unboost|p2a: Mega Man 2|def|1\n|-unboost|p2a: Mega Man 2|spd|1\n|faint|p1a: Sandy Shocks\n|-end|p1a: Sandy Shocks|Protosynthesis|[silent]\n|\n|upkeep\n|\n|t:|1698864363\n|switch|p1a: Garchomp|Garchomp, F|100\/100\n|turn|12\n|\n|t:|1698864368\n|switch|p2a: Ming-Bu|Ting-Lu|92\/100\n|-ability|p2a: Ming-Bu|Vessel of Ruin\n|move|p1a: Garchomp|Shadow Claw|p2a: Ming-Bu\n|-resisted|p2a: Ming-Bu\n|-damage|p2a: Ming-Bu|86\/100\n|\n|upkeep\n|turn|13\n|\n|t:|1698864378\n|move|p1a: Garchomp|Fire Blast|p2a: Ming-Bu\n|-damage|p2a: Ming-Bu|79\/100\n|move|p2a: Ming-Bu|Fissure|p1a: Garchomp|[miss]\n|-miss|p2a: Ming-Bu|p1a: Garchomp\n|\n|upkeep\n|turn|14\n|\n|t:|1698864386\n|move|p1a: Garchomp|Surf|p2a: Ming-Bu\n|-supereffective|p2a: Ming-Bu\n|-damage|p2a: Ming-Bu|69\/100\n|move|p2a: Ming-Bu|Stomping Tantrum|p1a: Garchomp\n|-crit|p1a: Garchomp\n|-damage|p1a: Garchomp|38\/100\n|\n|upkeep\n|turn|15\n|\n|t:|1698864393\n|move|p1a: Garchomp|Brick Break|p2a: Ming-Bu\n|-supereffective|p2a: Ming-Bu\n|-damage|p2a: Ming-Bu|41\/100\n|move|p2a: Ming-Bu|Fissure|p1a: Garchomp\n|-damage|p1a: Garchomp|0 fnt\n|faint|p1a: Garchomp\n|-ohko\n|\n|win|diverse team\n|raw|uiki's rating: 1052 &rarr; <strong>1038<\/strong><br \/>(-14 for losing)\n|raw|diverse team's rating: 1132 &rarr; <strong>1151<\/strong><br \/>(+19 for winning)\n","uploadtime":1698864406,"views":13,"p1id":"uiki","p2id":"diverseteam","formatid":"gen9anythinggoes","rating":1038,"private":0,"password":""}