{"id":"gen9anythinggoes-1990042024","p1":"uyufyttrdfghji","p2":"Mattattac","format":"[Gen 9] Anything Goes","log":"|j|\u2606uyufyttrdfghji\n|j|\u2606Mattattac\n|t:|1699918309\n|gametype|singles\n|player|p1|uyufyttrdfghji|pokemaniac|\n|player|p2|Mattattac|nate|\n|teamsize|p1|6\n|teamsize|p2|6\n|gen|9\n|tier|[Gen 9] Anything Goes\n|rule|HP Percentage Mod: HP is shown in percentages\n|rule|Endless Battle Clause: Forcing endless battles is banned\n|clearpoke\n|poke|p1|Ceruledge, F|\n|poke|p1|Baxcalibur, F|\n|poke|p1|Darkrai|\n|poke|p1|Walking Wake|\n|poke|p1|Maushold-Four|\n|poke|p1|Jirachi|\n|poke|p2|Gholdengo|\n|poke|p2|Annihilape, M|\n|poke|p2|Flutter Mane|\n|poke|p2|Giratina-Origin|\n|poke|p2|Dragapult, M|\n|poke|p2|Basculegion-F, F|\n|teampreview\n|\n|t:|1699918319\n|start\n|switch|p1a: Ceruledge|Ceruledge, F, shiny|100\/100\n|switch|p2a: Annihilape|Annihilape, M|100\/100\n|turn|1\n|c|\u2606uyufyttrdfghji|last respects type thing\n|\n|t:|1699918334\n|move|p2a: Annihilape|Rage Fist|p1a: Ceruledge\n|-supereffective|p1a: Ceruledge\n|-damage|p1a: Ceruledge|38\/100\n|move|p1a: Ceruledge|Bitter Blade|p2a: Annihilape\n|-damage|p2a: Annihilape|60\/100\n|-heal|p1a: Ceruledge|62\/100|[from] drain|[of] p2a: Annihilape\n|\n|-heal|p2a: Annihilape|66\/100|[from] item: Leftovers\n|-heal|p1a: Ceruledge|68\/100|[from] item: Leftovers\n|upkeep\n|turn|2\n|c|\u2606Mattattac|nah\n|\n|t:|1699918345\n|move|p2a: Annihilape|Bulk Up|p2a: Annihilape\n|-boost|p2a: Annihilape|atk|1\n|-boost|p2a: Annihilape|def|1\n|move|p1a: Ceruledge|X-Scissor|p2a: Annihilape\n|-resisted|p2a: Annihilape\n|-damage|p2a: Annihilape|62\/100\n|\n|-heal|p2a: Annihilape|68\/100|[from] item: Leftovers\n|-heal|p1a: Ceruledge|74\/100|[from] item: Leftovers\n|upkeep\n|turn|3\n|c|\u2606uyufyttrdfghji|ok\n|c|\u2606Mattattac|mono ghost\n|\n|t:|1699918356\n|move|p2a: Annihilape|Rage Fist|p1a: Ceruledge\n|-supereffective|p1a: Ceruledge\n|-damage|p1a: Ceruledge|0 fnt\n|faint|p1a: Ceruledge\n|\n|-heal|p2a: Annihilape|74\/100|[from] item: Leftovers\n|upkeep\n|c|\u2606uyufyttrdfghji|ok\n|\n|t:|1699918364\n|switch|p1a: Darkrai|Darkrai, shiny|100\/100\n|turn|4\n|\n|t:|1699918367\n|move|p1a: Darkrai|Hypnosis|p2a: Annihilape|[miss]\n|-miss|p1a: Darkrai|p2a: Annihilape\n|move|p2a: Annihilape|Cross Chop|p1a: Darkrai\n|-supereffective|p1a: Darkrai\n|-crit|p1a: Darkrai\n|-damage|p1a: Darkrai|0 fnt\n|faint|p1a: Darkrai\n|\n|-heal|p2a: Annihilape|80\/100|[from] item: Leftovers\n|upkeep\n|c|\u2606Mattattac|lol\n|\n|t:|1699918380\n|switch|p1a: Baxcalibur|Baxcalibur, F, shiny|100\/100\n|turn|5\n|\n|t:|1699918387\n|move|p1a: Baxcalibur|Icicle Spear|p2a: Annihilape\n|-damage|p2a: Annihilape|71\/100\n|-damage|p2a: Annihilape|61\/100\n|-damage|p2a: Annihilape|52\/100\n|-damage|p2a: Annihilape|44\/100\n|-crit|p2a: Annihilape\n|-damage|p2a: Annihilape|22\/100\n|-hitcount|p2a: Annihilape|5\n|move|p2a: Annihilape|Cross Chop|p1a: Baxcalibur\n|-supereffective|p1a: Baxcalibur\n|-damage|p1a: Baxcalibur|0 fnt\n|faint|p1a: Baxcalibur\n|\n|-heal|p2a: Annihilape|28\/100|[from] item: Leftovers\n|upkeep\n|c|\u2606uyufyttrdfghji|what\n|\n|t:|1699918403\n|switch|p1a: Maushold|Maushold-Four, shiny|100\/100\n|turn|6\n|\n|t:|1699918411\n|move|p1a: Maushold|Switcheroo|p2a: Annihilape\n|-activate|p1a: Maushold|move: Trick|[of] p2a: Annihilape\n|-item|p2a: Annihilape|Choice Scarf|[from] move: Switcheroo\n|-item|p1a: Maushold|Leftovers|[from] move: Switcheroo\n|move|p2a: Annihilape|Cross Chop|p1a: Maushold\n|-supereffective|p1a: Maushold\n|-crit|p1a: Maushold\n|-damage|p1a: Maushold|0 fnt\n|faint|p1a: Maushold\n|\n|upkeep\n|\n|t:|1699918418\n|switch|p1a: Walking Wake|Walking Wake|100\/100\n|turn|7\n|c|\u2606Mattattac|thanks for the speed buff\n|c|\u2606uyufyttrdfghji|haha\n|\n|t:|1699918425\n|move|p2a: Annihilape|Cross Chop|p1a: Walking Wake\n|-damage|p1a: Walking Wake|31\/100\n|move|p1a: Walking Wake|Hydro Steam|p2a: Annihilape\n|-damage|p2a: Annihilape|0 fnt\n|faint|p2a: Annihilape\n|\n|-heal|p1a: Walking Wake|37\/100|[from] item: Leftovers\n|upkeep\n|\n|t:|1699918437\n|switch|p2a: Dragapult|Dragapult, M, shiny|100\/100\n|turn|8\n|\n|t:|1699918443\n|-terastallize|p2a: Dragapult|Fairy\n|move|p2a: Dragapult|Dragon Dance|p2a: Dragapult\n|-boost|p2a: Dragapult|atk|1\n|-boost|p2a: Dragapult|spe|1\n|move|p1a: Walking Wake|Draco Meteor|p2a: Dragapult\n|-immune|p2a: Dragapult\n|\n|-heal|p1a: Walking Wake|43\/100|[from] item: Leftovers\n|upkeep\n|turn|9\n|c|\u2606Mattattac|lol\n|\n|t:|1699918457\n|move|p1a: Walking Wake|Aqua Jet|p2a: Dragapult\n|-damage|p2a: Dragapult|84\/100\n|move|p2a: Dragapult|Dragon Darts|p1a: Walking Wake\n|-supereffective|p1a: Walking Wake\n|-damage|p1a: Walking Wake|0 fnt\n|faint|p1a: Walking Wake\n|-end|p1a: Walking Wake|Protosynthesis|[silent]\n|\n|-heal|p2a: Dragapult|90\/100|[from] item: Leftovers\n|upkeep\n|\n|t:|1699918465\n|switch|p1a: Jirachi|Jirachi, shiny|100\/100\n|turn|10\n|\n|t:|1699918469\n|-terastallize|p1a: Jirachi|Bug\n|move|p2a: Dragapult|Phantom Force||[still]\n|-prepare|p2a: Dragapult|Phantom Force\n|move|p1a: Jirachi|Doom Desire|p2a: Dragapult\n|-start|p1a: Jirachi|Doom Desire\n|\n|-heal|p2a: Dragapult|96\/100|[from] item: Leftovers\n|upkeep\n|turn|11\n|\n|t:|1699918481\n|move|p2a: Dragapult|Phantom Force|p1a: Jirachi|[from]lockedmove\n|-damage|p1a: Jirachi|37\/100\n|move|p1a: Jirachi|Fire Punch|p2a: Dragapult\n|-damage|p2a: Dragapult|71\/100\n|\n|-heal|p2a: Dragapult|77\/100|[from] item: Leftovers\n|-heal|p1a: Jirachi|43\/100|[from] item: Leftovers\n|upkeep\n|turn|12\n|\n|t:|1699918491\n|move|p2a: Dragapult|Dragon Darts|p1a: Jirachi\n|-damage|p1a: Jirachi|7\/100\n|-anim|p2a: Dragapult|Dragon Darts|p1a: Jirachi\n|-damage|p1a: Jirachi|0 fnt\n|faint|p1a: Jirachi\n|\n|win|Mattattac\n","uploadtime":1699918495,"views":5,"p1id":"uyufyttrdfghji","p2id":"mattattac","formatid":"gen9anythinggoes","rating":0,"private":0,"password":""}