{"id":"gen9anythinggoes-1977899506","p1":"Valtreyak","p2":"Pumafang","format":"[Gen 9] Anything Goes","log":"|j|\u2606Valtreyak\n|j|\u2606Pumafang\n|t:|1698463607\n|gametype|singles\n|player|p1|Valtreyak|hilbert|1087\n|player|p2|Pumafang|cheren-gen5bw2|1120\n|teamsize|p1|6\n|teamsize|p2|6\n|gen|9\n|tier|[Gen 9] Anything Goes\n|rated|\n|rule|HP Percentage Mod: HP is shown in percentages\n|rule|Endless Battle Clause: Forcing endless battles is banned\n|clearpoke\n|poke|p1|Quaquaval, M|\n|poke|p1|Meowscarada, M|\n|poke|p1|Skeledirge, M|\n|poke|p1|Arboliva, M|\n|poke|p1|Ceruledge, M|\n|poke|p1|Iron Valiant|\n|poke|p2|Scyther, F|\n|poke|p2|Salazzle, F|\n|poke|p2|Copperajah, F|\n|poke|p2|Farigiraf, M|\n|poke|p2|Gligar, F|\n|poke|p2|Tatsugiri, M|\n|teampreview\n|inactive|Battle timer is ON: inactive players will automatically lose when time's up. (requested by Pumafang)\n|\n|t:|1698463622\n|start\n|switch|p1a: Skeledirge|Skeledirge, M, shiny|100\/100\n|switch|p2a: Gligar|Gligar, F|100\/100\n|turn|1\n|\n|t:|1698463634\n|move|p2a: Gligar|Spikes|p1a: Skeledirge\n|-sidestart|p1: Valtreyak|Spikes\n|move|p1a: Skeledirge|Torch Song|p2a: Gligar\n|-damage|p2a: Gligar|69\/100\n|-boost|p1a: Skeledirge|spa|1\n|-enditem|p1a: Skeledirge|Throat Spray\n|-boost|p1a: Skeledirge|spa|1|[from] item: Throat Spray\n|\n|upkeep\n|turn|2\n|\n|t:|1698463648\n|move|p2a: Gligar|Earthquake|p1a: Skeledirge\n|-supereffective|p1a: Skeledirge\n|-damage|p1a: Skeledirge|56\/100\n|move|p1a: Skeledirge|Will-O-Wisp|p2a: Gligar\n|-status|p2a: Gligar|brn\n|\n|-damage|p2a: Gligar|63\/100 brn|[from] brn\n|upkeep\n|turn|3\n|\n|t:|1698463660\n|move|p2a: Gligar|Earthquake|p1a: Skeledirge\n|-supereffective|p1a: Skeledirge\n|-damage|p1a: Skeledirge|32\/100\n|move|p1a: Skeledirge|Earth Power|p2a: Gligar\n|-immune|p2a: Gligar\n|\n|-damage|p2a: Gligar|57\/100 brn|[from] brn\n|upkeep\n|turn|4\n|\n|t:|1698463671\n|move|p2a: Gligar|Earthquake|p1a: Skeledirge\n|-supereffective|p1a: Skeledirge\n|-damage|p1a: Skeledirge|10\/100\n|move|p1a: Skeledirge|Torch Song|p2a: Gligar\n|-damage|p2a: Gligar|0 fnt\n|-boost|p1a: Skeledirge|spa|1\n|faint|p2a: Gligar\n|\n|upkeep\n|\n|t:|1698463689\n|switch|p2a: Scyther|Scyther, F|100\/100\n|turn|5\n|\n|t:|1698463695\n|move|p2a: Scyther|U-turn|p1a: Skeledirge\n|-resisted|p1a: Skeledirge\n|-damage|p1a: Skeledirge|3\/100\n|\n|t:|1698463700\n|switch|p2a: Salazzle|Salazzle, F|100\/100|[from] U-turn\n|move|p1a: Skeledirge|Torch Song|p2a: Salazzle\n|-resisted|p2a: Salazzle\n|-damage|p2a: Salazzle|0 fnt\n|-boost|p1a: Skeledirge|spa|1\n|faint|p2a: Salazzle\n|\n|upkeep\n|\n|t:|1698463704\n|switch|p2a: Scyther|Scyther, F|100\/100\n|turn|6\n|\n|t:|1698463712\n|move|p2a: Scyther|U-turn|p1a: Skeledirge\n|-resisted|p1a: Skeledirge\n|-damage|p1a: Skeledirge|0 fnt\n|faint|p1a: Skeledirge\n|\n|t:|1698463718\n|switch|p2a: Farigiraf|Farigiraf, M|100\/100|[from] U-turn\n|\n|upkeep\n|\n|t:|1698463727\n|switch|p1a: Ceruledge|Ceruledge, M|100\/100\n|-damage|p1a: Ceruledge|88\/100|[from] Spikes\n|turn|7\n|\n|t:|1698463743\n|-terastallize|p2a: Farigiraf|Fire\n|move|p1a: Ceruledge|Night Slash|p2a: Farigiraf\n|-damage|p2a: Farigiraf|77\/100\n|-heal|p1a: Ceruledge|91\/100|[from] item: Shell Bell|[of] p2a: Farigiraf\n|move|p2a: Farigiraf|Nasty Plot|p2a: Farigiraf\n|-boost|p2a: Farigiraf|spa|2\n|\n|-heal|p2a: Farigiraf|83\/100|[from] item: Leftovers\n|upkeep\n|turn|8\n|\n|t:|1698463757\n|move|p1a: Ceruledge|Bulk Up|p1a: Ceruledge\n|-boost|p1a: Ceruledge|atk|1\n|-boost|p1a: Ceruledge|def|1\n|move|p2a: Farigiraf|Trick Room|p2a: Farigiraf\n|-fieldstart|move: Trick Room|[of] p2a: Farigiraf\n|\n|-heal|p2a: Farigiraf|89\/100|[from] item: Leftovers\n|upkeep\n|turn|9\n|\n|t:|1698463767\n|move|p2a: Farigiraf|Psychic|p1a: Ceruledge\n|-damage|p1a: Ceruledge|6\/100\n|move|p1a: Ceruledge|Bulk Up|p1a: Ceruledge\n|-boost|p1a: Ceruledge|atk|1\n|-boost|p1a: Ceruledge|def|1\n|\n|-heal|p2a: Farigiraf|95\/100|[from] item: Leftovers\n|upkeep\n|turn|10\n|\n|t:|1698463777\n|move|p2a: Farigiraf|Psychic|p1a: Ceruledge\n|-damage|p1a: Ceruledge|0 fnt\n|faint|p1a: Ceruledge\n|\n|-heal|p2a: Farigiraf|100\/100|[from] item: Leftovers\n|upkeep\n|\n|t:|1698463783\n|switch|p1a: Arboliva|Arboliva, M|100\/100\n|-damage|p1a: Arboliva|88\/100|[from] Spikes\n|turn|11\n|\n|t:|1698463792\n|move|p1a: Arboliva|Substitute|p1a: Arboliva\n|-start|p1a: Arboliva|Substitute\n|-damage|p1a: Arboliva|63\/100\n|move|p2a: Farigiraf|Tera Blast|p1a: Arboliva|[anim] Tera Blast Fire\n|-supereffective|p1a: Arboliva\n|-end|p1a: Arboliva|Substitute\n|\n|upkeep\n|turn|12\n|\n|t:|1698463803\n|move|p1a: Arboliva|Substitute|p1a: Arboliva\n|-start|p1a: Arboliva|Substitute\n|-damage|p1a: Arboliva|38\/100\n|move|p2a: Farigiraf|Nasty Plot|p2a: Farigiraf\n|-boost|p2a: Farigiraf|spa|2\n|\n|-fieldend|move: Trick Room\n|upkeep\n|turn|13\n|\n|t:|1698463815\n|move|p2a: Farigiraf|Tera Blast|p1a: Arboliva|[anim] Tera Blast Fire\n|-supereffective|p1a: Arboliva\n|-end|p1a: Arboliva|Substitute\n|move|p1a: Arboliva|Leech Seed|p2a: Farigiraf\n|-start|p2a: Farigiraf|move: Leech Seed\n|\n|-damage|p2a: Farigiraf|88\/100|[from] Leech Seed|[of] p1a: Arboliva\n|-heal|p1a: Arboliva|56\/100|[silent]\n|upkeep\n|turn|14\n|\n|t:|1698463824\n|switch|p1a: Quaquaval|Quaquaval, M|100\/100\n|-damage|p1a: Quaquaval|88\/100|[from] Spikes\n|move|p2a: Farigiraf|Tera Blast|p1a: Quaquaval|[anim] Tera Blast Fire\n|-resisted|p1a: Quaquaval\n|-damage|p1a: Quaquaval|0 fnt\n|faint|p1a: Quaquaval\n|\n|-heal|p2a: Farigiraf|94\/100|[from] item: Leftovers\n|upkeep\n|\n|t:|1698463834\n|switch|p1a: Iron Valiant|Iron Valiant|100\/100\n|-damage|p1a: Iron Valiant|88\/100|[from] Spikes\n|-enditem|p1a: Iron Valiant|Booster Energy\n|-activate|p1a: Iron Valiant|ability: Quark Drive|[fromitem]\n|-start|p1a: Iron Valiant|quarkdriveatk\n|turn|15\n|\n|t:|1698463844\n|move|p1a: Iron Valiant|Drain Punch|p2a: Farigiraf\n|-damage|p2a: Farigiraf|45\/100\n|-heal|p1a: Iron Valiant|100\/100|[from] drain|[of] p2a: Farigiraf\n|move|p2a: Farigiraf|Psychic|p1a: Iron Valiant\n|-supereffective|p1a: Iron Valiant\n|-damage|p1a: Iron Valiant|0 fnt\n|faint|p1a: Iron Valiant\n|-end|p1a: Iron Valiant|Quark Drive|[silent]\n|\n|-heal|p2a: Farigiraf|51\/100|[from] item: Leftovers\n|upkeep\n|\n|t:|1698463856\n|switch|p1a: Meowscarada|Meowscarada, M|100\/100\n|-damage|p1a: Meowscarada|88\/100|[from] Spikes\n|turn|16\n|\n|t:|1698463867\n|move|p1a: Meowscarada|Dark Pulse|p2a: Farigiraf\n|-start|p1a: Meowscarada|typechange|Dark|[from] ability: Protean\n|-damage|p2a: Farigiraf|19\/100\n|move|p2a: Farigiraf|Tera Blast|p1a: Meowscarada|[anim] Tera Blast Fire\n|-crit|p1a: Meowscarada\n|-damage|p1a: Meowscarada|0 fnt\n|faint|p1a: Meowscarada\n|\n|-heal|p2a: Farigiraf|25\/100|[from] item: Leftovers\n|upkeep\n|\n|t:|1698463878\n|switch|p1a: Arboliva|Arboliva, M|56\/100\n|-damage|p1a: Arboliva|44\/100|[from] Spikes\n|turn|17\n|\n|t:|1698463884\n|move|p2a: Farigiraf|Tera Blast|p1a: Arboliva|[anim] Tera Blast Fire\n|-supereffective|p1a: Arboliva\n|-damage|p1a: Arboliva|0 fnt\n|-fieldstart|move: Grassy Terrain|[from] ability: Seed Sower|[of] p1a: Arboliva\n|faint|p1a: Arboliva\n|\n|win|Pumafang\n|raw|Valtreyak's rating: 1087 &rarr; <strong>1066<\/strong><br \/>(-21 for losing)\n|raw|Pumafang's rating: 1120 &rarr; <strong>1143<\/strong><br \/>(+23 for winning)\n|l|\u2606Valtreyak\n","uploadtime":1698463891,"views":14,"p1id":"valtreyak","p2id":"pumafang","formatid":"gen9anythinggoes","rating":1066,"private":0,"password":""}