{"id":"gen9anythinggoes-1983045304","p1":"DeathKillir","p2":"JayzonAlcantara","format":"[Gen 9] Anything Goes","log":"|j|\u2606DeathKillir\n|j|\u2606JayzonAlcantara\n|t:|1699074754\n|gametype|singles\n|player|p1|DeathKillir|pokemonranger-gen4|1038\n|player|p2|JayzonAlcantara|giovanni|1040\n|teamsize|p1|6\n|teamsize|p2|6\n|gen|9\n|tier|[Gen 9] Anything Goes\n|rated|\n|rule|HP Percentage Mod: HP is shown in percentages\n|rule|Endless Battle Clause: Forcing endless battles is banned\n|clearpoke\n|poke|p1|Volcanion|\n|poke|p1|Regieleki|\n|poke|p1|Kyogre|\n|poke|p1|Torterra, F|\n|poke|p1|Gliscor, F|\n|poke|p1|Mewtwo|\n|poke|p2|Maushold-Four|\n|poke|p2|Maushold-Four|\n|poke|p2|Pawmot, F|\n|poke|p2|Cloyster, F|\n|poke|p2|Maushold-Four|\n|poke|p2|Staraptor, M|\n|teampreview\n|\n|t:|1699074873\n|start\n|switch|p1a: Kyogre|Kyogre|100\/100\n|switch|p2a: Staraptor|Staraptor, M|100\/100\n|-weather|RainDance|[from] ability: Drizzle|[of] p1a: Kyogre\n|turn|1\n|\n|t:|1699074884\n|move|p2a: Staraptor|Final Gambit|p1a: Kyogre\n|-damage|p1a: Kyogre|0 fnt\n|faint|p2a: Staraptor\n|faint|p1a: Kyogre\n|\n|-weather|RainDance|[upkeep]\n|upkeep\n|\n|t:|1699074893\n|switch|p2a: Pawmot|Pawmot, F, shiny|100\/100\n|switch|p1a: Volcanion|Volcanion|100\/100\n|turn|2\n|\n|t:|1699074903\n|move|p2a: Pawmot|Revival Blessing|p2a: Pawmot\n|\n|t:|1699074907\n|-heal|p2: Staraptor|50\/100|[from] move: Revival Blessing\n|move|p1a: Volcanion|Flare Blitz|p2a: Pawmot\n|-damage|p2a: Pawmot|62\/100\n|-damage|p1a: Volcanion|89\/100|[from] Recoil\n|\n|-weather|RainDance|[upkeep]\n|upkeep\n|turn|3\n|inactive|Battle timer is ON: inactive players will automatically lose when time's up. (requested by JayzonAlcantara)\n|\n|t:|1699074919\n|switch|p2a: Maushold|Maushold-Four, shiny|100\/100\n|move|p1a: Volcanion|Heat Wave|p2a: Maushold\n|-damage|p2a: Maushold|70\/100\n|\n|-weather|RainDance|[upkeep]\n|upkeep\n|turn|4\n|\n|t:|1699074928\n|-terastallize|p1a: Volcanion|Fire\n|move|p2a: Maushold|Population Bomb|p1a: Volcanion\n|-damage|p1a: Volcanion|77\/100\n|-damage|p1a: Volcanion|67\/100\n|-damage|p1a: Volcanion|55\/100\n|-damage|p1a: Volcanion|43\/100\n|-damage|p1a: Volcanion|31\/100\n|-damage|p1a: Volcanion|19\/100\n|-damage|p1a: Volcanion|7\/100\n|-damage|p1a: Volcanion|0 fnt\n|faint|p1a: Volcanion\n|-hitcount|p1: Volcanion|8\n|\n|-weather|RainDance|[upkeep]\n|upkeep\n|\n|t:|1699074946\n|switch|p1a: Mewtwo|Mewtwo|100\/100\n|-ability|p1a: Mewtwo|Unnerve\n|turn|5\n|\n|t:|1699074955\n|-terastallize|p2a: Maushold|Ghost\n|move|p2a: Maushold|Population Bomb|p1a: Mewtwo\n|-damage|p1a: Mewtwo|89\/100\n|-damage|p1a: Mewtwo|77\/100\n|-damage|p1a: Mewtwo|65\/100\n|-damage|p1a: Mewtwo|52\/100\n|-damage|p1a: Mewtwo|40\/100\n|-damage|p1a: Mewtwo|27\/100\n|-damage|p1a: Mewtwo|15\/100\n|-damage|p1a: Mewtwo|4\/100\n|-hitcount|p1a: Mewtwo|8\n|move|p1a: Mewtwo|Drain Punch|p2a: Maushold\n|-immune|p2a: Maushold\n|\n|-weather|none\n|upkeep\n|turn|6\n|\n|t:|1699074976\n|move|p2a: Maushold|Population Bomb|p1a: Mewtwo\n|-damage|p1a: Mewtwo|0 fnt\n|faint|p1a: Mewtwo\n|-hitcount|p1: Mewtwo|1\n|\n|upkeep\n|\n|t:|1699074983\n|switch|p1a: Regieleki|Regieleki|100\/100\n|turn|7\n|\n|t:|1699074988\n|move|p1a: Regieleki|Facade|p2a: Maushold\n|-immune|p2a: Maushold\n|move|p2a: Maushold|Population Bomb|p1a: Regieleki\n|-damage|p1a: Regieleki|76\/100\n|-damage|p1a: Regieleki|51\/100\n|-crit|p1a: Regieleki\n|-damage|p1a: Regieleki|13\/100\n|-damage|p1a: Regieleki|0 fnt\n|faint|p1a: Regieleki\n|-hitcount|p1: Regieleki|4\n|\n|upkeep\n|n|!DeathKillir|deathkillir\n|inactive|DeathKillir has 120 seconds left.\n|\n|t:|1699075009\n|switch|p1a: Gliscor|Gliscor, F|100\/100\n|turn|8\n|c|\u2606JayzonAlcantara|Maushold\n|\n|t:|1699075021\n|move|p2a: Maushold|Population Bomb|p1a: Gliscor\n|-damage|p1a: Gliscor|90\/100\n|-damage|p1a: Gliscor|78\/100\n|-damage|p1a: Gliscor|66\/100\n|-damage|p1a: Gliscor|55\/100\n|-damage|p1a: Gliscor|44\/100\n|-damage|p1a: Gliscor|33\/100\n|-damage|p1a: Gliscor|22\/100\n|-damage|p1a: Gliscor|10\/100\n|-hitcount|p1a: Gliscor|8\n|cant|p1a: Gliscor|flinch\n|\n|upkeep\n|turn|9\n|-message|DeathKillir forfeited.\n|\n|win|JayzonAlcantara\n|raw|DeathKillir's rating: 1038 &rarr; <strong>1022<\/strong><br \/>(-16 for losing)\n|raw|JayzonAlcantara's rating: 1040 &rarr; <strong>1074<\/strong><br \/>(+34 for winning)\n","uploadtime":1699075000,"views":9,"p1id":"deathkillir","p2id":"jayzonalcantara","formatid":"gen9anythinggoes","rating":1022,"private":0,"password":""}