{"id":"gen9anythinggoes-1979040558","p1":"archhunt","p2":"kingripoff","format":"[Gen 9] Anything Goes","log":"|j|\u2606archhunt\n|j|\u2606kingripoff\n|t:|1698624585\n|gametype|singles\n|player|p1|archhunt|lusamine-nihilego|\n|player|p2|kingripoff|barry|\n|teamsize|p1|6\n|teamsize|p2|6\n|gen|9\n|tier|[Gen 9] Anything Goes\n|rule|HP Percentage Mod: HP is shown in percentages\n|rule|Endless Battle Clause: Forcing endless battles is banned\n|clearpoke\n|poke|p1|Dondozo, M|\n|poke|p1|Regieleki|\n|poke|p1|Gholdengo|\n|poke|p1|Clefable, F|\n|poke|p1|Roaring Moon|\n|poke|p1|Tornadus-Therian, M|\n|poke|p2|Torterra, M|\n|poke|p2|Iron Hands|\n|poke|p2|Tyranitar, M|\n|poke|p2|Corviknight, M|\n|poke|p2|Toxtricity, F|\n|poke|p2|Infernape, F|\n|teampreview\n|\n|t:|1698624639\n|start\n|switch|p1a: Rocky|Regieleki, shiny|100\/100\n|switch|p2a: Infernape|Infernape, F|100\/100\n|turn|1\n|\n|t:|1698624683\n|move|p1a: Rocky|Reflect|p1a: Rocky\n|-sidestart|p1: archhunt|Reflect\n|move|p2a: Infernape|Nasty Plot|p2a: Infernape\n|-boost|p2a: Infernape|spa|2\n|\n|upkeep\n|turn|2\n|\n|t:|1698624689\n|move|p1a: Rocky|Light Screen|p1a: Rocky\n|-sidestart|p1: archhunt|move: Light Screen\n|move|p2a: Infernape|Nasty Plot|p2a: Infernape\n|-boost|p2a: Infernape|spa|2\n|\n|upkeep\n|turn|3\n|\n|t:|1698624701\n|switch|p1a: Eddie|Dondozo, M, shiny|100\/100\n|move|p2a: Infernape|Brick Break|p1a: Eddie\n|-sideend|p1: archhunt|Reflect\n|-sideend|p1: archhunt|move: Light Screen\n|-damage|p1a: Eddie|84\/100\n|-damage|p2a: Infernape|91\/100|[from] item: Life Orb\n|\n|-heal|p1a: Eddie|90\/100|[from] item: Leftovers\n|upkeep\n|turn|4\n|\n|t:|1698624716\n|move|p2a: Infernape|Overheat|p1a: Eddie\n|-resisted|p1a: Eddie\n|-damage|p1a: Eddie|56\/100\n|-unboost|p2a: Infernape|spa|2\n|-damage|p2a: Infernape|81\/100|[from] item: Life Orb\n|move|p1a: Eddie|Liquidation|p2a: Infernape\n|-supereffective|p2a: Infernape\n|-damage|p2a: Infernape|0 fnt\n|faint|p2a: Infernape\n|\n|-heal|p1a: Eddie|62\/100|[from] item: Leftovers\n|upkeep\n|\n|t:|1698624727\n|switch|p2a: Iron Hands|Iron Hands|100\/100\n|turn|5\n|\n|t:|1698624771\n|move|p1a: Eddie|Protect|p1a: Eddie\n|-singleturn|p1a: Eddie|Protect\n|move|p2a: Iron Hands|Swords Dance|p2a: Iron Hands\n|-boost|p2a: Iron Hands|atk|2\n|\n|-heal|p1a: Eddie|68\/100|[from] item: Leftovers\n|upkeep\n|turn|6\n|\n|t:|1698624789\n|move|p2a: Iron Hands|Thunder Punch|p1a: Eddie\n|-supereffective|p1a: Eddie\n|-crit|p1a: Eddie\n|-damage|p1a: Eddie|0 fnt\n|faint|p1a: Eddie\n|\n|upkeep\n|c|\u2606archhunt|big miss play on my part there\n|\n|t:|1698624824\n|switch|p1a: Rocky|Regieleki, shiny|100\/100\n|turn|7\n|\n|t:|1698624830\n|move|p1a: Rocky|Reflect|p1a: Rocky\n|-sidestart|p1: archhunt|Reflect\n|move|p2a: Iron Hands|Ice Punch|p1a: Rocky\n|-damage|p1a: Rocky|47\/100\n|\n|upkeep\n|turn|8\n|\n|t:|1698624838\n|move|p1a: Rocky|Explosion|p2a: Iron Hands\n|-damage|p2a: Iron Hands|63\/100\n|faint|p1a: Rocky\n|move|p2a: Iron Hands|Ice Punch|p1: Rocky|[notarget]\n|-fail|p2a: Iron Hands\n|\n|upkeep\n|\n|t:|1698624852\n|switch|p1a: Magenta|Clefable, F|100\/100\n|turn|9\n|\n|t:|1698624869\n|-end|p2a: Iron Hands|Quark Drive|[silent]\n|switch|p2a: Torterra|Torterra, M|100\/100\n|move|p1a: Magenta|Moonblast|p2a: Torterra\n|-damage|p2a: Torterra|66\/100\n|\n|upkeep\n|turn|10\n|\n|t:|1698624921\n|-terastallize|p2a: Torterra|Steel\n|move|p2a: Torterra|Shell Smash|p2a: Torterra\n|-unboost|p2a: Torterra|def|1\n|-unboost|p2a: Torterra|spd|1\n|-boost|p2a: Torterra|atk|2\n|-boost|p2a: Torterra|spa|2\n|-boost|p2a: Torterra|spe|2\n|move|p1a: Magenta|Stealth Rock|p2a: Torterra\n|-sidestart|p2: kingripoff|move: Stealth Rock\n|\n|upkeep\n|turn|11\n|\n|t:|1698625004\n|switch|p1a: Brad|Roaring Moon, shiny|100\/100\n|-enditem|p1a: Brad|Booster Energy\n|-activate|p1a: Brad|ability: Protosynthesis|[fromitem]\n|-start|p1a: Brad|protosynthesisatk\n|move|p2a: Torterra|Bullet Seed|p1a: Brad\n|-resisted|p1a: Brad\n|-damage|p1a: Brad|92\/100\n|-resisted|p1a: Brad\n|-damage|p1a: Brad|84\/100\n|-resisted|p1a: Brad\n|-damage|p1a: Brad|75\/100\n|-resisted|p1a: Brad\n|-damage|p1a: Brad|68\/100\n|-resisted|p1a: Brad\n|-damage|p1a: Brad|60\/100\n|-hitcount|p1a: Brad|5\n|\n|upkeep\n|turn|12\n|\n|t:|1698625027\n|move|p2a: Torterra|Rock Blast|p1a: Brad|[miss]\n|-miss|p2a: Torterra|p1a: Brad\n|move|p1a: Brad|Acrobatics|p2a: Torterra\n|-resisted|p2a: Torterra\n|-damage|p2a: Torterra|23\/100\n|\n|upkeep\n|turn|13\n|\n|t:|1698625043\n|move|p2a: Torterra|Rock Blast|p1a: Brad\n|-damage|p1a: Brad|50\/100\n|-damage|p1a: Brad|39\/100\n|-damage|p1a: Brad|28\/100\n|-damage|p1a: Brad|18\/100\n|-hitcount|p1a: Brad|4\n|move|p1a: Brad|Acrobatics|p2a: Torterra\n|-resisted|p2a: Torterra\n|-damage|p2a: Torterra|0 fnt\n|faint|p2a: Torterra\n|\n|upkeep\n|\n|t:|1698625059\n|switch|p2a: Iron Hands|Iron Hands|63\/100\n|-damage|p2a: Iron Hands|57\/100|[from] Stealth Rock\n|turn|14\n|\n|t:|1698625079\n|-end|p2a: Iron Hands|Quark Drive|[silent]\n|switch|p2a: Toxtricity|Toxtricity, F|100\/100\n|-damage|p2a: Toxtricity|88\/100|[from] Stealth Rock\n|move|p1a: Brad|Earthquake|p2a: Toxtricity\n|-supereffective|p2a: Toxtricity\n|-damage|p2a: Toxtricity|0 fnt\n|faint|p2a: Toxtricity\n|\n|-sideend|p1: archhunt|Reflect\n|upkeep\n|\n|t:|1698625095\n|switch|p2a: Corviknight|Corviknight, M|100\/100\n|-damage|p2a: Corviknight|88\/100|[from] Stealth Rock\n|turn|15\n|\n|t:|1698625155\n|move|p1a: Brad|Crunch|p2a: Corviknight\n|-damage|p2a: Corviknight|48\/100\n|-damage|p1a: Brad|2\/100|[from] item: Rocky Helmet|[of] p2a: Corviknight\n|move|p2a: Corviknight|Brave Bird|p1a: Brad\n|-damage|p1a: Brad|0 fnt\n|faint|p1a: Brad\n|-end|p1a: Brad|Protosynthesis|[silent]\n|-damage|p2a: Corviknight|47\/100|[from] Recoil\n|\n|upkeep\n|\n|t:|1698625187\n|switch|p1a: Franky|Gholdengo, shiny|100\/100\n|turn|16\n|\n|t:|1698625205\n|move|p1a: Franky|Shadow Ball|p2a: Corviknight\n|-damage|p2a: Corviknight|0 fnt\n|faint|p2a: Corviknight\n|\n|upkeep\n|\n|t:|1698625209\n|switch|p2a: Tyranitar|Tyranitar, M|100\/100\n|-damage|p2a: Tyranitar|88\/100|[from] Stealth Rock\n|-weather|Sandstorm|[from] ability: Sand Stream|[of] p2a: Tyranitar\n|turn|17\n|\n|t:|1698625237\n|switch|p1a: Magenta|Clefable, F|100\/100\n|move|p2a: Tyranitar|Knock Off|p1a: Magenta\n|-resisted|p1a: Magenta\n|-damage|p1a: Magenta|66\/100\n|-enditem|p1a: Magenta|Leftovers|[from] move: Knock Off|[of] p2a: Tyranitar\n|\n|-weather|Sandstorm|[upkeep]\n|upkeep\n|turn|18\n|\n|t:|1698625269\n|move|p2a: Tyranitar|Earthquake|p1a: Magenta\n|-damage|p1a: Magenta|25\/100\n|move|p1a: Magenta|Moonblast|p2a: Tyranitar\n|-supereffective|p2a: Tyranitar\n|-damage|p2a: Tyranitar|64\/100\n|\n|-weather|Sandstorm|[upkeep]\n|upkeep\n|turn|19\n|\n|t:|1698625279\n|move|p1a: Magenta|Protect|p1a: Magenta\n|-singleturn|p1a: Magenta|Protect\n|move|p2a: Tyranitar|Earthquake|p1a: Magenta\n|-activate|p1a: Magenta|move: Protect\n|\n|-weather|Sandstorm|[upkeep]\n|upkeep\n|turn|20\n|\n|t:|1698625292\n|move|p2a: Tyranitar|Earthquake|p1a: Magenta\n|-damage|p1a: Magenta|0 fnt\n|faint|p1a: Magenta\n|\n|-weather|Sandstorm|[upkeep]\n|upkeep\n|\n|t:|1698625306\n|switch|p1a: Janet|Tornadus-Therian, M, shiny|100\/100\n|turn|21\n|\n|t:|1698625320\n|move|p1a: Janet|Focus Blast|p2a: Tyranitar\n|-supereffective|p2a: Tyranitar\n|-damage|p2a: Tyranitar|8\/100\n|move|p2a: Tyranitar|Knock Off|p1a: Janet\n|-damage|p1a: Janet|28\/100\n|-enditem|p1a: Janet|Heavy-Duty Boots|[from] move: Knock Off|[of] p2a: Tyranitar\n|\n|-weather|none\n|upkeep\n|turn|22\n|\n|t:|1698625342\n|move|p1a: Janet|Focus Blast|p2a: Tyranitar\n|-supereffective|p2a: Tyranitar\n|-damage|p2a: Tyranitar|0 fnt\n|faint|p2a: Tyranitar\n|\n|upkeep\n|\n|t:|1698625346\n|switch|p2a: Iron Hands|Iron Hands|57\/100\n|-damage|p2a: Iron Hands|51\/100|[from] Stealth Rock\n|turn|23\n|\n|t:|1698625373\n|move|p1a: Janet|Focus Blast|p2a: Iron Hands\n|-damage|p2a: Iron Hands|19\/100\n|move|p2a: Iron Hands|Thunder Punch|p1a: Janet\n|-supereffective|p1a: Janet\n|-damage|p1a: Janet|0 fnt\n|faint|p1a: Janet\n|\n|upkeep\n|\n|t:|1698625380\n|switch|p1a: Franky|Gholdengo, shiny|100\/100\n|turn|24\n|\n|t:|1698625395\n|move|p1a: Franky|Shadow Ball|p2a: Iron Hands\n|-damage|p2a: Iron Hands|0 fnt\n|faint|p2a: Iron Hands\n|-end|p2a: Iron Hands|Quark Drive|[silent]\n|\n|win|archhunt\n|c|\u2606kingripoff|oof\n|c|\u2606archhunt|gg that was close\n|c|\u2606kingripoff|honestly i wish i didn't waste my infernape idk why i thought overheat would kill\n|j| thedusksea\n|j| Arbucks\n|c|\u2606kingripoff|even at 3x\n","uploadtime":1698625430,"views":18,"p1id":"archhunt","p2id":"kingripoff","formatid":"gen9anythinggoes","rating":0,"private":0,"password":""}