{"id":"gen9anythinggoes-1999030246","p1":"Mr Sarasota","p2":"VeronicaDiavla","format":"[Gen 9] Anything Goes","log":"|j|\u2606Mr Sarasota\n|j|\u2606VeronicaDiavla\n|t:|1701025685\n|gametype|singles\n|player|p1|Mr Sarasota|2|\n|player|p2|VeronicaDiavla|ariana|\n|teamsize|p1|6\n|teamsize|p2|6\n|gen|9\n|tier|[Gen 9] Anything Goes\n|rule|HP Percentage Mod: HP is shown in percentages\n|rule|Endless Battle Clause: Forcing endless battles is banned\n|clearpoke\n|poke|p1|Maushold-Four|\n|poke|p1|Flutter Mane|\n|poke|p1|Miraidon|\n|poke|p1|Rabsca, M|\n|poke|p1|Garganacl, F|\n|poke|p1|Houndstone, M|\n|poke|p2|Cyndaquil, F|\n|poke|p2|Furret, F|\n|poke|p2|Dunsparce, M|\n|poke|p2|Houndour, M|\n|poke|p2|Scizor, M|\n|poke|p2|Hoppip, M|\n|teampreview\n|\n|t:|1701025691\n|start\n|switch|p1a: Maushold|Maushold-Four|100\/100\n|switch|p2a: Hoppip|Hoppip, M|100\/100\n|turn|1\n|\n|t:|1701025707\n|move|p1a: Maushold|Population Bomb|p2a: Hoppip\n|-damage|p2a: Hoppip|78\/100\n|-damage|p2a: Hoppip|53\/100\n|-damage|p2a: Hoppip|28\/100\n|-damage|p2a: Hoppip|5\/100\n|-hitcount|p2a: Hoppip|4\n|move|p2a: Hoppip|Cotton Guard|p2a: Hoppip\n|-boost|p2a: Hoppip|def|3\n|\n|upkeep\n|turn|2\n|\n|t:|1701025718\n|move|p1a: Maushold|Population Bomb|p2a: Hoppip\n|-damage|p2a: Hoppip|0 fnt\n|faint|p2a: Hoppip\n|-hitcount|p2: Hoppip|1\n|\n|upkeep\n|c|\u2606VeronicaDiavla|u fnny\n|\n|t:|1701025728\n|switch|p2a: Houndour|Houndour, M|100\/100\n|turn|3\n|\n|t:|1701025734\n|move|p1a: Maushold|Tidy Up|p1a: Maushold\n|-boost|p1a: Maushold|atk|1\n|-boost|p1a: Maushold|spe|1\n|move|p2a: Houndour|Dark Pulse|p1a: Maushold\n|-damage|p1a: Maushold|41\/100\n|-damage|p2a: Houndour|91\/100|[from] item: Life Orb\n|\n|upkeep\n|turn|4\n|\n|t:|1701025741\n|move|p2a: Houndour|Sucker Punch|p1a: Maushold\n|-damage|p1a: Maushold|8\/100\n|-damage|p2a: Houndour|81\/100|[from] item: Life Orb\n|move|p1a: Maushold|Population Bomb|p2a: Houndour\n|-damage|p2a: Houndour|17\/100\n|-hitcount|p2a: Houndour|1\n|\n|upkeep\n|turn|5\n|\n|t:|1701025748\n|move|p2a: Houndour|Sucker Punch||[still]\n|-fail|p2a: Houndour\n|move|p1a: Maushold|Encore|p2a: Houndour\n|-start|p2a: Houndour|Encore\n|\n|upkeep\n|turn|6\n|\n|t:|1701025753\n|move|p2a: Houndour|Sucker Punch||[still]\n|-fail|p2a: Houndour\n|move|p1a: Maushold|Tidy Up|p1a: Maushold\n|-boost|p1a: Maushold|atk|1\n|-boost|p1a: Maushold|spe|1\n|\n|upkeep\n|turn|7\n|\n|t:|1701025759\n|move|p2a: Houndour|Sucker Punch||[still]\n|-fail|p2a: Houndour\n|move|p1a: Maushold|Tidy Up|p1a: Maushold\n|-boost|p1a: Maushold|atk|1\n|-boost|p1a: Maushold|spe|1\n|\n|upkeep\n|turn|8\n|\n|t:|1701025768\n|-terastallize|p2a: Houndour|Dark\n|move|p2a: Houndour|Sucker Punch||[still]\n|-fail|p2a: Houndour\n|move|p1a: Maushold|Tidy Up|p1a: Maushold\n|-boost|p1a: Maushold|atk|1\n|-boost|p1a: Maushold|spe|1\n|\n|-end|p2a: Houndour|Encore\n|upkeep\n|turn|9\n|\n|t:|1701025788\n|move|p2a: Houndour|Sucker Punch||[still]\n|-fail|p2a: Houndour\n|move|p1a: Maushold|Encore|p2a: Houndour\n|-start|p2a: Houndour|Encore\n|\n|upkeep\n|turn|10\n|\n|t:|1701025795\n|switch|p2a: Furret|Furret, F|100\/100\n|-item|p1a: Maushold|King's Rock|[from] ability: Frisk|[of] p2a: Furret|[identify]\n|move|p1a: Maushold|Tidy Up|p1a: Maushold\n|-boost|p1a: Maushold|atk|1\n|-boost|p1a: Maushold|spe|1\n|\n|upkeep\n|turn|11\n|\n|t:|1701025803\n|move|p1a: Maushold|Baton Pass|p1a: Maushold\n|\n|t:|1701025806\n|switch|p1a: SSSReplacement|Garganacl, F, shiny|100\/100|[from] Baton Pass\n|move|p2a: Furret|Double-Edge|p1a: SSSReplacement\n|-resisted|p1a: SSSReplacement\n|-damage|p1a: SSSReplacement|85\/100\n|-damage|p2a: Furret|94\/100|[from] Recoil\n|\n|-heal|p1a: SSSReplacement|91\/100|[from] item: Leftovers\n|upkeep\n|turn|12\n|\n|t:|1701025816\n|move|p2a: Furret|Double-Edge|p1a: SSSReplacement\n|-resisted|p1a: SSSReplacement\n|-damage|p1a: SSSReplacement|77\/100\n|-damage|p2a: Furret|88\/100|[from] Recoil\n|move|p1a: SSSReplacement|Iron Defense|p1a: SSSReplacement\n|-boost|p1a: SSSReplacement|def|2\n|\n|-heal|p1a: SSSReplacement|84\/100|[from] item: Leftovers\n|upkeep\n|turn|13\n|inactive|Battle timer is ON: inactive players will automatically lose when time's up. (requested by Mr Sarasota)\n|\n|t:|1701025852\n|move|p2a: Furret|Double-Edge|p1a: SSSReplacement\n|-resisted|p1a: SSSReplacement\n|-damage|p1a: SSSReplacement|77\/100\n|-damage|p2a: Furret|85\/100|[from] Recoil\n|move|p1a: SSSReplacement|Iron Defense|p1a: SSSReplacement\n|-boost|p1a: SSSReplacement|def|2\n|\n|-heal|p1a: SSSReplacement|83\/100|[from] item: Leftovers\n|upkeep\n|turn|14\n|inactive|Mr Sarasota has 270 seconds left.\n|\n|t:|1701025884\n|move|p2a: Furret|Double-Edge|p1a: SSSReplacement\n|-resisted|p1a: SSSReplacement\n|-damage|p1a: SSSReplacement|78\/100\n|-damage|p2a: Furret|83\/100|[from] Recoil\n|move|p1a: SSSReplacement|Iron Defense|p1a: SSSReplacement\n|-boost|p1a: SSSReplacement|def|2\n|\n|-heal|p1a: SSSReplacement|84\/100|[from] item: Leftovers\n|upkeep\n|turn|15\n|inactive|VeronicaDiavla has 270 seconds left.\n|\n|t:|1701025921\n|move|p2a: Furret|Double-Edge|p1a: SSSReplacement\n|-resisted|p1a: SSSReplacement\n|-damage|p1a: SSSReplacement|81\/100\n|-damage|p2a: Furret|82\/100|[from] Recoil\n|move|p1a: SSSReplacement|Body Press|p2a: Furret\n|-supereffective|p2a: Furret\n|-damage|p2a: Furret|0 fnt\n|faint|p2a: Furret\n|\n|-heal|p1a: SSSReplacement|87\/100|[from] item: Leftovers\n|upkeep\n|c|\u2606VeronicaDiavla|WHATCHU DO IN\n|inactive|VeronicaDiavla has 240 seconds left.\n|\n|t:|1701025946\n|switch|p2a: Dunsparce|Dunsparce, M|100\/100\n|turn|16\n|\n|t:|1701025952\n|move|p1a: SSSReplacement|Body Press|p2a: Dunsparce\n|-supereffective|p2a: Dunsparce\n|-damage|p2a: Dunsparce|0 fnt\n|faint|p2a: Dunsparce\n|\n|-heal|p1a: SSSReplacement|93\/100|[from] item: Leftovers\n|upkeep\n|inactive|VeronicaDiavla has 240 seconds left.\n|\n|t:|1701025972\n|switch|p2a: Scizor|Scizor, M|100\/100\n|turn|17\n|inactive|VeronicaDiavla has 240 seconds left.\n|c|\u2606VeronicaDiavla|DOZES\n|-message|VeronicaDiavla forfeited.\n|\n|win|Mr Sarasota\n|l|\u2606VeronicaDiavla\n","uploadtime":1701026005,"views":0,"p1id":"mrsarasota","p2id":"veronicadiavla","formatid":"gen9anythinggoes","rating":0,"private":0,"password":""}