{"id":"gen9anythinggoes-1995920043","p1":"Deathbylilkungfu","p2":"tbone5309","format":"[Gen 9] Anything Goes","log":"|j|\u2606Deathbylilkungfu\n|j|\u2606tbone5309\n|t:|1700617503\n|gametype|singles\n|player|p1|Deathbylilkungfu|lyra|1155\n|player|p2|tbone5309|cameraman|1126\n|teamsize|p1|6\n|teamsize|p2|6\n|gen|9\n|tier|[Gen 9] Anything Goes\n|rated|\n|rule|HP Percentage Mod: HP is shown in percentages\n|rule|Endless Battle Clause: Forcing endless battles is banned\n|clearpoke\n|poke|p1|Spidops, F|\n|poke|p1|Drifblim, F|\n|poke|p1|Zangoose, F|\n|poke|p1|Ursaluna, M|\n|poke|p1|Volcarona, M|\n|poke|p1|Noivern, M|\n|poke|p2|Calyrex-Shadow|\n|poke|p2|Torkoal, M|\n|poke|p2|Shiftry, F|\n|poke|p2|Zoroark-Hisui, M|\n|poke|p2|Jumpluff, F|\n|poke|p2|Ceruledge, F|\n|teampreview\n|\n|t:|1700617514\n|start\n|switch|p1a: Drifblim|Drifblim, F|100\/100\n|switch|p2a: Sgt. Stabby|Shiftry, F|100\/100\n|turn|1\n|\n|t:|1700617516\n|move|p2a: Sgt. Stabby|Trick|p1a: Drifblim\n|-activate|p2a: Sgt. Stabby|move: Trick|[of] p1a: Drifblim\n|-item|p1a: Drifblim|Choice Scarf|[from] move: Trick\n|-item|p2a: Sgt. Stabby|Focus Sash|[from] move: Trick\n|move|p1a: Drifblim|Minimize|p1a: Drifblim\n|-boost|p1a: Drifblim|evasion|2\n|\n|upkeep\n|turn|2\n|\n|t:|1700617523\n|move|p1a: Drifblim|Minimize|p1a: Drifblim\n|-boost|p1a: Drifblim|evasion|2\n|move|p2a: Sgt. Stabby|Swords Dance|p2a: Sgt. Stabby\n|-boost|p2a: Sgt. Stabby|atk|2\n|\n|upkeep\n|turn|3\n|\n|t:|1700617527\n|switch|p1a: Spidops|Spidops, F|100\/100\n|move|p2a: Sgt. Stabby|Swords Dance|p2a: Sgt. Stabby\n|-boost|p2a: Sgt. Stabby|atk|2\n|\n|upkeep\n|turn|4\n|\n|t:|1700617532\n|move|p1a: Spidops|Silk Trap|p1a: Spidops\n|-singleturn|p1a: Spidops|Protect\n|move|p2a: Sgt. Stabby|Body Slam|p1a: Spidops\n|-activate|p1a: Spidops|move: Protect\n|-unboost|p2a: Sgt. Stabby|spe|1\n|\n|upkeep\n|turn|5\n|\n|t:|1700617536\n|move|p2a: Sgt. Stabby|Body Slam|p1a: Spidops\n|-enditem|p1a: Spidops|Focus Sash\n|-damage|p1a: Spidops|1\/100\n|move|p1a: Spidops|Sticky Web|p2a: Sgt. Stabby\n|-sidestart|p2: tbone5309|move: Sticky Web\n|\n|upkeep\n|turn|6\n|\n|t:|1700617547\n|move|p2a: Sgt. Stabby|Swords Dance|p2a: Sgt. Stabby\n|-boost|p2a: Sgt. Stabby|atk|2\n|move|p1a: Spidops|Memento|p2a: Sgt. Stabby\n|-unboost|p2a: Sgt. Stabby|atk|2\n|-unboost|p2a: Sgt. Stabby|spa|2\n|faint|p1a: Spidops\n|\n|upkeep\n|\n|t:|1700617571\n|switch|p1a: Ursaluna|Ursaluna, M|100\/100\n|turn|7\n|\n|t:|1700617591\n|move|p2a: Sgt. Stabby|Body Slam|p1a: Ursaluna\n|-damage|p1a: Ursaluna|1\/100\n|-status|p1a: Ursaluna|par\n|cant|p1a: Ursaluna|par\n|\n|upkeep\n|turn|8\n|\n|t:|1700617600\n|move|p2a: Sgt. Stabby|Body Slam|p1a: Ursaluna\n|-damage|p1a: Ursaluna|0 fnt\n|faint|p1a: Ursaluna\n|\n|upkeep\n|\n|t:|1700617610\n|switch|p1a: Noivern|Noivern, M|100\/100\n|turn|9\n|\n|t:|1700617618\n|move|p1a: Noivern|Boomburst|p2a: Sgt. Stabby\n|-immune|p2a: Sgt. Stabby\n|move|p2a: Sgt. Stabby|Body Slam|p1a: Noivern\n|-damage|p1a: Noivern|0 fnt\n|faint|p1a: Noivern\n|\n|upkeep\n|\n|t:|1700617647\n|switch|p1a: Volcarona|Volcarona, M|100\/100\n|turn|10\n|\n|t:|1700617653\n|move|p1a: Volcarona|Quiver Dance|p1a: Volcarona\n|-boost|p1a: Volcarona|spa|1\n|-boost|p1a: Volcarona|spd|1\n|-boost|p1a: Volcarona|spe|1\n|move|p2a: Sgt. Stabby|Body Slam|p1a: Volcarona\n|-damage|p1a: Volcarona|0 fnt\n|faint|p1a: Volcarona\n|\n|upkeep\n|-message|Deathbylilkungfu forfeited.\n|\n|win|tbone5309\n|raw|Deathbylilkungfu's rating: 1155 &rarr; <strong>1128<\/strong><br \/>(-27 for losing)\n|raw|tbone5309's rating: 1126 &rarr; <strong>1153<\/strong><br \/>(+27 for winning)\n|l|\u2606Deathbylilkungfu\n","uploadtime":1700617665,"views":4,"p1id":"deathbylilkungfu","p2id":"tbone5309","formatid":"gen9anythinggoes","rating":1128,"private":0,"password":""}