{"id":"gen9anythinggoes-1984802618","p1":"caligulahar","p2":"WomboBombo","format":"[Gen 9] Anything Goes","log":"|j|\u2606caligulahar\n|j|\u2606WomboBombo\n|t:|1699300239\n|gametype|singles\n|player|p1|caligulahar|richboy-gen4|\n|player|p2|WomboBombo|n|\n|teamsize|p1|6\n|teamsize|p2|6\n|gen|9\n|tier|[Gen 9] Anything Goes\n|rule|HP Percentage Mod: HP is shown in percentages\n|rule|Endless Battle Clause: Forcing endless battles is banned\n|clearpoke\n|poke|p1|Iron Bundle|\n|poke|p1|Espathra, M|\n|poke|p1|Vullaby, F|\n|poke|p1|Gastrodon-East, M|\n|poke|p1|Infernape, M|\n|poke|p1|Ampharos, M|\n|poke|p2|Clefable, F|\n|poke|p2|Manaphy|\n|poke|p2|Corviknight, M|\n|poke|p2|Landorus-Therian, M|\n|poke|p2|Dragapult, M|\n|poke|p2|Skeledirge, M|\n|teampreview\n|inactive|Battle timer is ON: inactive players will automatically lose when time's up. (requested by caligulahar)\n|\n|t:|1699300245\n|start\n|switch|p1a: Helmeppo|Espathra, M|100\/100\n|switch|p2a: Terra|Landorus-Therian, M|100\/100\n|-ability|p2a: Terra|Intimidate|boost\n|-unboost|p1a: Helmeppo|atk|1\n|turn|1\n|j| prof minu\n|\n|t:|1699300255\n|move|p1a: Helmeppo|Calm Mind|p1a: Helmeppo\n|-boost|p1a: Helmeppo|spa|1\n|-boost|p1a: Helmeppo|spd|1\n|move|p2a: Terra|Stealth Rock|p1a: Helmeppo\n|-sidestart|p1: caligulahar|move: Stealth Rock\n|\n|-ability|p1a: Helmeppo|Speed Boost|boost\n|-boost|p1a: Helmeppo|spe|1\n|upkeep\n|turn|2\n|\n|t:|1699300262\n|move|p1a: Helmeppo|Calm Mind|p1a: Helmeppo\n|-boost|p1a: Helmeppo|spa|1\n|-boost|p1a: Helmeppo|spd|1\n|move|p2a: Terra|Taunt|p1a: Helmeppo\n|-start|p1a: Helmeppo|move: Taunt\n|\n|-ability|p1a: Helmeppo|Speed Boost|boost\n|-boost|p1a: Helmeppo|spe|1\n|upkeep\n|turn|3\n|\n|t:|1699300266\n|move|p1a: Helmeppo|Lumina Crash|p2a: Terra\n|-damage|p2a: Terra|45\/100\n|-unboost|p2a: Terra|spd|2\n|move|p2a: Terra|U-turn|p1a: Helmeppo\n|-supereffective|p1a: Helmeppo\n|-damage|p1a: Helmeppo|48\/100\n|\n|t:|1699300288\n|switch|p2a: Perseus|Corviknight, M|100\/100|[from] U-turn\n|\n|-ability|p1a: Helmeppo|Speed Boost|boost\n|-boost|p1a: Helmeppo|spe|1\n|upkeep\n|turn|4\n|inactive|WomboBombo has 270 seconds left.\n|\n|t:|1699300330\n|move|p1a: Helmeppo|Lumina Crash|p2a: Perseus\n|-resisted|p2a: Perseus\n|-damage|p2a: Perseus|82\/100\n|-ability|p2a: Perseus|Mirror Armor\n|-unboost|p1a: Helmeppo|spd|2\n|move|p2a: Perseus|U-turn|p1a: Helmeppo\n|-supereffective|p1a: Helmeppo\n|-damage|p1a: Helmeppo|12\/100\n|inactive|WomboBombo has 240 seconds left.\n|\n|t:|1699300346\n|switch|p2a: Brook|Skeledirge, M|100\/100|[from] U-turn\n|\n|-ability|p1a: Helmeppo|Speed Boost|boost\n|-boost|p1a: Helmeppo|spe|1\n|upkeep\n|turn|5\n|\n|t:|1699300353\n|switch|p1a: Coby|Gastrodon-East, M, shiny|100\/100\n|-damage|p1a: Coby|94\/100|[from] Stealth Rock\n|move|p2a: Brook|Torch Song|p1a: Coby\n|-resisted|p1a: Coby\n|-damage|p1a: Coby|80\/100\n|-boost|p2a: Brook|spa|1\n|\n|-heal|p1a: Coby|86\/100|[from] item: Leftovers\n|upkeep\n|turn|6\n|\n|t:|1699300372\n|switch|p2a: Manamo|Manaphy|100\/100\n|move|p1a: Coby|Surf|p2a: Manamo\n|-resisted|p2a: Manamo\n|-damage|p2a: Manamo|83\/100\n|\n|-heal|p2a: Manamo|90\/100|[from] item: Leftovers\n|-heal|p1a: Coby|93\/100|[from] item: Leftovers\n|upkeep\n|turn|7\n|\n|t:|1699300382\n|switch|p1a: Helmeppo|Espathra, M|12\/100\n|-damage|p1a: Helmeppo|0 fnt|[from] Stealth Rock\n|faint|p1a: Helmeppo\n|move|p2a: Manamo|Energy Ball|p1: Helmeppo|[notarget]\n|-fail|p2a: Manamo\n|\n|-heal|p2a: Manamo|96\/100|[from] item: Leftovers\n|upkeep\n|\n|t:|1699300387\n|switch|p1a: Aokiji|Iron Bundle, shiny|100\/100\n|-damage|p1a: Aokiji|75\/100|[from] Stealth Rock\n|turn|8\n|\n|t:|1699300396\n|move|p1a: Aokiji|Freeze-Dry|p2a: Manamo\n|-supereffective|p2a: Manamo\n|-damage|p2a: Manamo|0 fnt\n|faint|p2a: Manamo\n|\n|upkeep\n|\n|t:|1699300401\n|switch|p2a: Brook|Skeledirge, M|100\/100\n|turn|9\n|inactive|WomboBombo has 270 seconds left.\n|\n|t:|1699300412\n|-end|p1a: Aokiji|Quark Drive|[silent]\n|switch|p1a: Coby|Gastrodon-East, M, shiny|93\/100\n|-damage|p1a: Coby|86\/100|[from] Stealth Rock\n|move|p2a: Brook|Torch Song|p1a: Coby\n|-resisted|p1a: Coby\n|-damage|p1a: Coby|73\/100\n|-boost|p2a: Brook|spa|1\n|\n|-heal|p1a: Coby|79\/100|[from] item: Leftovers\n|upkeep\n|turn|10\n|inactive|WomboBombo has 270 seconds left.\n|\n|t:|1699300419\n|move|p2a: Brook|Will-O-Wisp|p1a: Coby\n|-status|p1a: Coby|brn\n|move|p1a: Coby|Surf|p2a: Brook\n|-supereffective|p2a: Brook\n|-damage|p2a: Brook|29\/100\n|\n|-heal|p1a: Coby|85\/100 brn|[from] item: Leftovers\n|-damage|p1a: Coby|79\/100 brn|[from] brn\n|upkeep\n|turn|11\n|inactive|WomboBombo has 270 seconds left.\n|\n|t:|1699300438\n|switch|p2a: Clefamo|Clefable, F|100\/100\n|move|p1a: Coby|Surf|p2a: Clefamo\n|-damage|p2a: Clefamo|68\/100\n|\n|-heal|p2a: Clefamo|74\/100|[from] item: Leftovers\n|-heal|p1a: Coby|85\/100 brn|[from] item: Leftovers\n|-damage|p1a: Coby|79\/100 brn|[from] brn\n|upkeep\n|turn|12\n|inactive|WomboBombo has 270 seconds left.\n|\n|t:|1699300445\n|move|p2a: Clefamo|Moonblast|p1a: Coby\n|-damage|p1a: Coby|47\/100 brn\n|-unboost|p1a: Coby|spa|1\n|move|p1a: Coby|Recover|p1a: Coby\n|-heal|p1a: Coby|97\/100 brn\n|\n|-heal|p2a: Clefamo|80\/100|[from] item: Leftovers\n|-heal|p1a: Coby|100\/100 brn|[from] item: Leftovers\n|-damage|p1a: Coby|94\/100 brn|[from] brn\n|upkeep\n|turn|13\n|\n|t:|1699300458\n|move|p1a: Coby|Protect|p1a: Coby\n|-singleturn|p1a: Coby|Protect\n|move|p2a: Clefamo|Knock Off|p1a: Coby\n|-activate|p1a: Coby|move: Protect\n|\n|-heal|p2a: Clefamo|86\/100|[from] item: Leftovers\n|-heal|p1a: Coby|100\/100 brn|[from] item: Leftovers\n|-damage|p1a: Coby|94\/100 brn|[from] brn\n|upkeep\n|turn|14\n|\n|t:|1699300467\n|move|p2a: Clefamo|Knock Off|p1a: Coby\n|-damage|p1a: Coby|79\/100 brn\n|-enditem|p1a: Coby|Leftovers|[from] move: Knock Off|[of] p2a: Clefamo\n|move|p1a: Coby|Surf|p2a: Clefamo\n|-damage|p2a: Clefamo|64\/100\n|\n|-heal|p2a: Clefamo|70\/100|[from] item: Leftovers\n|-damage|p1a: Coby|73\/100 brn|[from] brn\n|upkeep\n|turn|15\n|\n|t:|1699300475\n|move|p2a: Clefamo|Wish|p2a: Clefamo\n|move|p1a: Coby|Surf|p2a: Clefamo\n|-damage|p2a: Clefamo|47\/100\n|\n|-heal|p2a: Clefamo|54\/100|[from] item: Leftovers\n|-damage|p1a: Coby|67\/100 brn|[from] brn\n|upkeep\n|turn|16\n|\n|t:|1699300485\n|switch|p1a: Kizaru|Ampharos, M|100\/100\n|-damage|p1a: Kizaru|88\/100|[from] Stealth Rock\n|move|p2a: Clefamo|Moonblast|p1a: Kizaru\n|-damage|p1a: Kizaru|57\/100\n|\n|-heal|p2a: Clefamo|100\/100|[from] move: Wish|[wisher] Clefamo\n|-heal|p1a: Kizaru|64\/100|[from] item: Leftovers\n|upkeep\n|turn|17\n|\n|t:|1699300493\n|move|p2a: Clefamo|Knock Off|p1a: Kizaru\n|-damage|p1a: Kizaru|47\/100\n|-status|p2a: Clefamo|par|[from] ability: Static|[of] p1a: Kizaru\n|-enditem|p1a: Kizaru|Leftovers|[from] move: Knock Off|[of] p2a: Clefamo\n|move|p1a: Kizaru|Light Screen|p1a: Kizaru\n|-sidestart|p1: caligulahar|move: Light Screen\n|\n|upkeep\n|turn|18\n|\n|t:|1699300523\n|switch|p2a: Perseus|Corviknight, M|82\/100\n|move|p1a: Kizaru|Cotton Guard|p1a: Kizaru\n|-boost|p1a: Kizaru|def|3\n|\n|-heal|p2a: Perseus|88\/100|[from] item: Leftovers\n|upkeep\n|turn|19\n|\n|t:|1699300531\n|move|p2a: Perseus|Iron Head|p1a: Kizaru\n|-resisted|p1a: Kizaru\n|-damage|p1a: Kizaru|42\/100\n|-status|p2a: Perseus|par|[from] ability: Static|[of] p1a: Kizaru\n|move|p1a: Kizaru|Thunderbolt|p2a: Perseus\n|-supereffective|p2a: Perseus\n|-damage|p2a: Perseus|17\/100 par\n|\n|-heal|p2a: Perseus|23\/100 par|[from] item: Leftovers\n|upkeep\n|turn|20\n|\n|t:|1699300546\n|switch|p1a: Tsuru|Vullaby, F, shiny|100\/100\n|-damage|p1a: Tsuru|75\/100|[from] Stealth Rock\n|move|p2a: Perseus|Roost|p2a: Perseus\n|-heal|p2a: Perseus|73\/100 par\n|-singleturn|p2a: Perseus|move: Roost\n|\n|-heal|p2a: Perseus|79\/100 par|[from] item: Leftovers\n|upkeep\n|turn|21\n|\n|t:|1699300559\n|move|p1a: Tsuru|Defog|p2a: Perseus\n|-ability|p2a: Perseus|Mirror Armor\n|-unboost|p1a: Tsuru|evasion|1\n|-sideend|p1: caligulahar|Stealth Rock|[from] move: Defog|[of] p1a: Tsuru\n|cant|p2a: Perseus|par\n|\n|-heal|p2a: Perseus|85\/100 par|[from] item: Leftovers\n|-sideend|p1: caligulahar|move: Light Screen\n|upkeep\n|turn|22\n|\n|t:|1699300570\n|move|p1a: Tsuru|Knock Off|p2a: Perseus\n|-damage|p2a: Perseus|68\/100 par\n|-enditem|p2a: Perseus|Leftovers|[from] move: Knock Off|[of] p1a: Tsuru\n|cant|p2a: Perseus|par\n|\n|upkeep\n|turn|23\n|inactive|caligulahar has 270 seconds left.\n|\n|t:|1699300602\n|switch|p1a: Kizaru|Ampharos, M|42\/100\n|move|p2a: Perseus|Iron Head|p1a: Kizaru\n|-resisted|p1a: Kizaru\n|-damage|p1a: Kizaru|30\/100\n|\n|upkeep\n|turn|24\n|\n|t:|1699300631\n|move|p1a: Kizaru|Cotton Guard|p1a: Kizaru\n|-boost|p1a: Kizaru|def|3\n|move|p2a: Perseus|U-turn|p1a: Kizaru\n|-damage|p1a: Kizaru|23\/100\n|\n|t:|1699300635\n|switch|p2a: Terra|Landorus-Therian, M|45\/100|[from] U-turn\n|-ability|p2a: Terra|Intimidate|boost\n|-unboost|p1a: Kizaru|atk|1\n|\n|upkeep\n|turn|25\n|\n|t:|1699300643\n|-terastallize|p1a: Kizaru|Ghost\n|move|p2a: Terra|Earthquake|p1a: Kizaru\n|-damage|p1a: Kizaru|5\/100\n|move|p1a: Kizaru|Tera Blast|p2a: Terra|[anim] Tera Blast Ghost\n|-damage|p2a: Terra|3\/100\n|\n|upkeep\n|turn|26\n|\n|t:|1699300653\n|switch|p1a: Tsuru|Vullaby, F, shiny|75\/100\n|move|p2a: Terra|Earthquake|p1a: Tsuru\n|-immune|p1a: Tsuru\n|\n|upkeep\n|turn|27\n|\n|t:|1699300664\n|move|p2a: Terra|Stealth Rock|p1a: Tsuru\n|-sidestart|p1: caligulahar|move: Stealth Rock\n|move|p1a: Tsuru|Knock Off|p2a: Terra\n|-damage|p2a: Terra|0 fnt\n|-damage|p1a: Tsuru|59\/100|[from] item: Rocky Helmet|[of] p2a: Terra\n|-enditem|p2a: Terra|Rocky Helmet|[from] move: Knock Off|[of] p1a: Tsuru\n|faint|p2a: Terra\n|\n|upkeep\n|\n|t:|1699300674\n|switch|p2a: Clefamo|Clefable, F|100\/100 par\n|turn|28\n|\n|t:|1699300690\n|move|p1a: Tsuru|Roost|p1a: Tsuru\n|-heal|p1a: Tsuru|100\/100\n|-singleturn|p1a: Tsuru|move: Roost\n|move|p2a: Clefamo|Moonblast|p1a: Tsuru\n|-supereffective|p1a: Tsuru\n|-damage|p1a: Tsuru|57\/100\n|\n|upkeep\n|turn|29\n|\n|t:|1699300698\n|move|p1a: Tsuru|Roost|p1a: Tsuru\n|-heal|p1a: Tsuru|100\/100\n|-singleturn|p1a: Tsuru|move: Roost\n|move|p2a: Clefamo|Moonblast|p1a: Tsuru\n|-supereffective|p1a: Tsuru\n|-damage|p1a: Tsuru|57\/100\n|-unboost|p1a: Tsuru|spa|1\n|\n|upkeep\n|turn|30\n|\n|t:|1699300705\n|move|p1a: Tsuru|Protect|p1a: Tsuru\n|-singleturn|p1a: Tsuru|Protect\n|move|p2a: Clefamo|Moonblast|p1a: Tsuru\n|-activate|p1a: Tsuru|move: Protect\n|\n|upkeep\n|turn|31\n|\n|t:|1699300713\n|move|p1a: Tsuru|Roost|p1a: Tsuru\n|-heal|p1a: Tsuru|100\/100\n|-singleturn|p1a: Tsuru|move: Roost\n|move|p2a: Clefamo|Moonblast|p1a: Tsuru\n|-supereffective|p1a: Tsuru\n|-damage|p1a: Tsuru|62\/100\n|\n|upkeep\n|turn|32\n|\n|t:|1699300723\n|move|p1a: Tsuru|Defog|p2a: Clefamo\n|-unboost|p2a: Clefamo|evasion|1\n|-sideend|p1: caligulahar|Stealth Rock|[from] move: Defog|[of] p1a: Tsuru\n|cant|p2a: Clefamo|par\n|\n|upkeep\n|turn|33\n|\n|t:|1699300730\n|move|p1a: Tsuru|Roost|p1a: Tsuru\n|-heal|p1a: Tsuru|100\/100\n|-singleturn|p1a: Tsuru|move: Roost\n|move|p2a: Clefamo|Moonblast|p1a: Tsuru\n|-supereffective|p1a: Tsuru\n|-damage|p1a: Tsuru|56\/100\n|-unboost|p1a: Tsuru|spa|1\n|\n|upkeep\n|turn|34\n|\n|t:|1699300735\n|move|p1a: Tsuru|Roost|p1a: Tsuru\n|-heal|p1a: Tsuru|100\/100\n|-singleturn|p1a: Tsuru|move: Roost\n|move|p2a: Clefamo|Moonblast|p1a: Tsuru\n|-supereffective|p1a: Tsuru\n|-damage|p1a: Tsuru|59\/100\n|\n|upkeep\n|turn|35\n|\n|t:|1699300742\n|move|p1a: Tsuru|Roost|p1a: Tsuru\n|-heal|p1a: Tsuru|100\/100\n|-singleturn|p1a: Tsuru|move: Roost\n|move|p2a: Clefamo|Moonblast|p1a: Tsuru\n|-supereffective|p1a: Tsuru\n|-damage|p1a: Tsuru|60\/100\n|\n|upkeep\n|turn|36\n|\n|t:|1699300751\n|switch|p1a: Coby|Gastrodon-East, M, shiny|67\/100 brn\n|move|p2a: Clefamo|Moonblast|p1a: Coby\n|-damage|p1a: Coby|37\/100 brn\n|-unboost|p1a: Coby|spa|1\n|\n|-damage|p1a: Coby|31\/100 brn|[from] brn\n|upkeep\n|turn|37\n|\n|t:|1699300761\n|move|p1a: Coby|Recover|p1a: Coby\n|-heal|p1a: Coby|81\/100 brn\n|move|p2a: Clefamo|Moonblast|p1a: Coby\n|-damage|p1a: Coby|53\/100 brn\n|\n|-damage|p1a: Coby|47\/100 brn|[from] brn\n|upkeep\n|turn|38\n|\n|t:|1699300769\n|move|p1a: Coby|Recover|p1a: Coby\n|-heal|p1a: Coby|97\/100 brn\n|move|p2a: Clefamo|Moonblast|p1a: Coby\n|-damage|p1a: Coby|70\/100 brn\n|\n|-damage|p1a: Coby|64\/100 brn|[from] brn\n|upkeep\n|turn|39\n|\n|t:|1699300777\n|move|p1a: Coby|Recover|p1a: Coby\n|-heal|p1a: Coby|100\/100 brn\n|move|p2a: Clefamo|Moonblast|p1a: Coby\n|-damage|p1a: Coby|73\/100 brn\n|\n|-damage|p1a: Coby|67\/100 brn|[from] brn\n|upkeep\n|turn|40\n|\n|t:|1699300785\n|move|p1a: Coby|Protect|p1a: Coby\n|-singleturn|p1a: Coby|Protect\n|move|p2a: Clefamo|Moonblast|p1a: Coby\n|-activate|p1a: Coby|move: Protect\n|\n|-damage|p1a: Coby|61\/100 brn|[from] brn\n|upkeep\n|turn|41\n|\n|t:|1699300788\n|move|p1a: Coby|Recover|p1a: Coby\n|-heal|p1a: Coby|100\/100 brn\n|cant|p2a: Clefamo|par\n|\n|-damage|p1a: Coby|94\/100 brn|[from] brn\n|upkeep\n|turn|42\n|\n|t:|1699300793\n|move|p1a: Coby|Surf|p2a: Clefamo\n|-damage|p2a: Clefamo|78\/100 par\n|move|p2a: Clefamo|Knock Off|p1a: Coby\n|-damage|p1a: Coby|85\/100 brn\n|\n|-heal|p2a: Clefamo|84\/100 par|[from] item: Leftovers\n|-damage|p1a: Coby|79\/100 brn|[from] brn\n|upkeep\n|turn|43\n|\n|t:|1699300797\n|move|p1a: Coby|Surf|p2a: Clefamo\n|-damage|p2a: Clefamo|61\/100 par\n|move|p2a: Clefamo|Moonblast|p1a: Coby\n|-damage|p1a: Coby|48\/100 brn\n|-unboost|p1a: Coby|spa|1\n|\n|-heal|p2a: Clefamo|67\/100 par|[from] item: Leftovers\n|-damage|p1a: Coby|42\/100 brn|[from] brn\n|upkeep\n|turn|44\n|\n|t:|1699300806\n|move|p1a: Coby|Recover|p1a: Coby\n|-heal|p1a: Coby|92\/100 brn\n|cant|p2a: Clefamo|par\n|\n|-heal|p2a: Clefamo|73\/100 par|[from] item: Leftovers\n|-damage|p1a: Coby|86\/100 brn|[from] brn\n|upkeep\n|turn|45\n|\n|t:|1699300810\n|move|p1a: Coby|Surf|p2a: Clefamo\n|-damage|p2a: Clefamo|55\/100 par\n|move|p2a: Clefamo|Moonblast|p1a: Coby\n|-damage|p1a: Coby|58\/100 brn\n|\n|-heal|p2a: Clefamo|61\/100 par|[from] item: Leftovers\n|-damage|p1a: Coby|52\/100 brn|[from] brn\n|upkeep\n|turn|46\n|\n|t:|1699300816\n|move|p1a: Coby|Recover|p1a: Coby\n|-heal|p1a: Coby|100\/100 brn\n|move|p2a: Clefamo|Moonblast|p1a: Coby\n|-damage|p1a: Coby|71\/100 brn\n|\n|-heal|p2a: Clefamo|67\/100 par|[from] item: Leftovers\n|-damage|p1a: Coby|65\/100 brn|[from] brn\n|upkeep\n|turn|47\n|\n|t:|1699300825\n|move|p1a: Coby|Protect|p1a: Coby\n|-singleturn|p1a: Coby|Protect\n|move|p2a: Clefamo|Moonblast|p1a: Coby\n|-activate|p1a: Coby|move: Protect\n|\n|-heal|p2a: Clefamo|73\/100 par|[from] item: Leftovers\n|-damage|p1a: Coby|59\/100 brn|[from] brn\n|upkeep\n|turn|48\n|\n|t:|1699300830\n|move|p2a: Clefamo|Protect|p2a: Clefamo\n|-singleturn|p2a: Clefamo|Protect\n|move|p1a: Coby|Recover|p1a: Coby\n|-heal|p1a: Coby|100\/100 brn\n|\n|-heal|p2a: Clefamo|79\/100 par|[from] item: Leftovers\n|-damage|p1a: Coby|94\/100 brn|[from] brn\n|upkeep\n|turn|49\n|\n|t:|1699300834\n|move|p1a: Coby|Surf|p2a: Clefamo\n|-damage|p2a: Clefamo|61\/100 par\n|cant|p2a: Clefamo|par\n|\n|-heal|p2a: Clefamo|67\/100 par|[from] item: Leftovers\n|-damage|p1a: Coby|88\/100 brn|[from] brn\n|upkeep\n|turn|50\n|\n|t:|1699300847\n|switch|p1a: Kizaru|Ampharos, M, tera:Ghost|5\/100\n|move|p2a: Clefamo|Wish|p2a: Clefamo\n|\n|-heal|p2a: Clefamo|73\/100 par|[from] item: Leftovers\n|upkeep\n|turn|51\n|\n|t:|1699300854\n|move|p1a: Kizaru|Light Screen|p1a: Kizaru\n|-sidestart|p1: caligulahar|move: Light Screen\n|cant|p2a: Clefamo|par\n|\n|-heal|p2a: Clefamo|100\/100 par|[from] move: Wish|[wisher] Clefamo\n|upkeep\n|turn|52\n|\n|t:|1699300871\n|move|p1a: Kizaru|Thunderbolt|p2a: Clefamo\n|-damage|p2a: Clefamo|58\/100 par\n|move|p2a: Clefamo|Knock Off|p1a: Kizaru\n|-supereffective|p1a: Kizaru\n|-damage|p1a: Kizaru|0 fnt\n|faint|p1a: Kizaru\n|\n|-heal|p2a: Clefamo|64\/100 par|[from] item: Leftovers\n|upkeep\n|\n|t:|1699300877\n|switch|p1a: Akainu|Infernape, M, shiny|100\/100\n|turn|53\n|\n|t:|1699300893\n|move|p1a: Akainu|Swords Dance|p1a: Akainu\n|-boost|p1a: Akainu|atk|2\n|move|p2a: Clefamo|Moonblast|p1a: Akainu\n|-damage|p1a: Akainu|76\/100\n|\n|-heal|p2a: Clefamo|70\/100 par|[from] item: Leftovers\n|upkeep\n|turn|54\n|\n|t:|1699300902\n|move|p2a: Clefamo|Protect|p2a: Clefamo\n|-singleturn|p2a: Clefamo|Protect\n|move|p1a: Akainu|Fire Punch|p2a: Clefamo\n|-activate|p2a: Clefamo|move: Protect\n|\n|-heal|p2a: Clefamo|76\/100 par|[from] item: Leftovers\n|upkeep\n|turn|55\n|\n|t:|1699300913\n|move|p1a: Akainu|Fire Punch|p2a: Clefamo\n|-damage|p2a: Clefamo|7\/100 par\n|move|p2a: Clefamo|Wish|p2a: Clefamo\n|\n|-heal|p2a: Clefamo|13\/100 par|[from] item: Leftovers\n|-sideend|p1: caligulahar|move: Light Screen\n|upkeep\n|turn|56\n|\n|t:|1699300919\n|move|p2a: Clefamo|Protect|p2a: Clefamo\n|-singleturn|p2a: Clefamo|Protect\n|move|p1a: Akainu|Swords Dance|p1a: Akainu\n|-boost|p1a: Akainu|atk|2\n|\n|-heal|p2a: Clefamo|63\/100 par|[from] move: Wish|[wisher] Clefamo\n|-heal|p2a: Clefamo|69\/100 par|[from] item: Leftovers\n|upkeep\n|turn|57\n|\n|t:|1699300925\n|move|p1a: Akainu|Fire Punch|p2a: Clefamo\n|-crit|p2a: Clefamo\n|-damage|p2a: Clefamo|0 fnt\n|faint|p2a: Clefamo\n|\n|upkeep\n|\n|t:|1699300933\n|switch|p2a: Brook|Skeledirge, M|29\/100\n|turn|58\n|\n|t:|1699300942\n|move|p1a: Akainu|Earthquake|p2a: Brook\n|-supereffective|p2a: Brook\n|-damage|p2a: Brook|0 fnt\n|faint|p2a: Brook\n|\n|upkeep\n|\n|t:|1699300948\n|switch|p2a: Perseus|Corviknight, M|68\/100 par\n|turn|59\n|\n|t:|1699300954\n|move|p1a: Akainu|Fire Punch|p2a: Perseus\n|-supereffective|p2a: Perseus\n|-damage|p2a: Perseus|0 fnt\n|faint|p2a: Perseus\n|\n|upkeep\n|\n|t:|1699300956\n|switch|p2a: Aegon|Dragapult, M|100\/100\n|turn|60\n|\n|t:|1699300970\n|move|p2a: Aegon|Draco Meteor|p1a: Akainu\n|-damage|p1a: Akainu|0 fnt\n|-unboost|p2a: Aegon|spa|2\n|faint|p1a: Akainu\n|\n|upkeep\n|\n|t:|1699300978\n|switch|p1a: Aokiji|Iron Bundle, shiny|75\/100\n|turn|61\n|\n|t:|1699300982\n|move|p2a: Aegon|Draco Meteor|p1a: Aokiji\n|-damage|p1a: Aokiji|8\/100\n|-unboost|p2a: Aegon|spa|2\n|move|p1a: Aokiji|Ice Beam|p2a: Aegon\n|-supereffective|p2a: Aegon\n|-damage|p2a: Aegon|0 fnt\n|faint|p2a: Aegon\n|\n|win|caligulahar\n|l|\u2606WomboBombo\n","uploadtime":1699300990,"views":14,"p1id":"caligulahar","p2id":"wombobombo","formatid":"gen9anythinggoes","rating":0,"private":0,"password":""}