{"id":"gen9anythinggoes-1972094442","p1":"Glizzorp","p2":"A Bread Sandwich","format":"[Gen 9] Anything Goes","log":"|j|\u2606Glizzorp\n|j|\u2606A Bread Sandwich\n|t:|1697812340\n|gametype|singles\n|player|p1|Glizzorp|102|1472\n|player|p2|A Bread Sandwich|triathleteswimmer-gen6|1779\n|teamsize|p1|6\n|teamsize|p2|6\n|gen|9\n|tier|[Gen 9] Anything Goes\n|rated|\n|rule|HP Percentage Mod: HP is shown in percentages\n|rule|Endless Battle Clause: Forcing endless battles is banned\n|clearpoke\n|poke|p1|Breloom, M|\n|poke|p1|Cloyster, F|\n|poke|p1|Calyrex-Shadow|\n|poke|p1|Miraidon|\n|poke|p1|Zacian-*|\n|poke|p1|Kyogre|\n|poke|p2|Ribombee, M|\n|poke|p2|Landorus-Therian, M|\n|poke|p2|Vivillon, M|\n|poke|p2|Calyrex-Shadow|\n|poke|p2|Arceus|\n|poke|p2|Koraidon|\n|teampreview\n|inactive|Battle timer is ON: inactive players will automatically lose when time's up. (requested by Glizzorp)\n|inactive|A Bread Sandwich has 120 seconds left.\n|\n|t:|1697812398\n|start\n|switch|p1a: Clam|Cloyster, F, shiny|100\/100\n|switch|p2a: Ribombee|Ribombee, M|100\/100\n|turn|1\n|\n|t:|1697812405\n|move|p2a: Ribombee|Sticky Web|p1a: Clam\n|-sidestart|p1: Glizzorp|move: Sticky Web\n|move|p1a: Clam|Shell Smash|p1a: Clam\n|-unboost|p1a: Clam|def|1\n|-unboost|p1a: Clam|spd|1\n|-boost|p1a: Clam|atk|2\n|-boost|p1a: Clam|spa|2\n|-boost|p1a: Clam|spe|2\n|\n|upkeep\n|turn|2\n|\n|t:|1697812410\n|move|p1a: Clam|Shell Smash|p1a: Clam\n|-unboost|p1a: Clam|def|1\n|-unboost|p1a: Clam|spd|1\n|-boost|p1a: Clam|atk|2\n|-boost|p1a: Clam|spa|2\n|-boost|p1a: Clam|spe|2\n|move|p2a: Ribombee|Moonblast|p1a: Clam\n|-enditem|p1a: Clam|Focus Sash\n|-damage|p1a: Clam|1\/100\n|\n|upkeep\n|turn|3\n|\n|t:|1697812424\n|move|p1a: Clam|Icicle Spear|p2a: Ribombee\n|-damage|p2a: Ribombee|42\/100\n|-damage|p2a: Ribombee|0 fnt\n|faint|p2a: Ribombee\n|-hitcount|p2: Ribombee|2\n|\n|upkeep\n|\n|t:|1697812427\n|switch|p2a: Arceus|Arceus|100\/100\n|turn|4\n|\n|t:|1697812434\n|move|p2a: Arceus|Extreme Speed|p1a: Clam\n|-damage|p1a: Clam|0 fnt\n|faint|p1a: Clam\n|\n|upkeep\n|\n|t:|1697812438\n|switch|p1a: Tom Brady|Breloom, M, shiny|100\/100\n|-activate|p1a: Tom Brady|move: Sticky Web\n|-unboost|p1a: Tom Brady|spe|1\n|turn|5\n|j| Primordiallite\n|\n|t:|1697812443\n|move|p2a: Arceus|Taunt|p1a: Tom Brady\n|-start|p1a: Tom Brady|move: Taunt\n|cant|p1a: Tom Brady|move: Taunt|Spore\n|\n|-status|p1a: Tom Brady|tox|[from] item: Toxic Orb\n|upkeep\n|turn|6\n|\n|t:|1697812447\n|switch|p2a: Landorus|Landorus-Therian, M|100\/100\n|-ability|p2a: Landorus|Intimidate|boost\n|-unboost|p1a: Tom Brady|atk|1\n|move|p1a: Tom Brady|Brick Break|p2a: Landorus\n|-resisted|p2a: Landorus\n|-damage|p2a: Landorus|86\/100\n|\n|upkeep\n|turn|7\n|\n|t:|1697812455\n|switch|p1a: Eel|Miraidon|100\/100\n|-activate|p1a: Eel|move: Sticky Web\n|-unboost|p1a: Eel|spe|1\n|-fieldstart|move: Electric Terrain|[from] ability: Hadron Engine|[of] p1a: Eel\n|move|p2a: Landorus|Stealth Rock|p1a: Eel\n|-sidestart|p1: Glizzorp|move: Stealth Rock\n|\n|upkeep\n|turn|8\n|\n|t:|1697812468\n|switch|p1a: Tom Brady|Breloom, M, shiny|100\/100 tox\n|-activate|p1a: Tom Brady|move: Sticky Web\n|-unboost|p1a: Tom Brady|spe|1\n|-damage|p1a: Tom Brady|94\/100 tox|[from] Stealth Rock\n|move|p2a: Landorus|Earthquake|p1a: Tom Brady\n|-resisted|p1a: Tom Brady\n|-damage|p1a: Tom Brady|64\/100 tox\n|\n|-heal|p1a: Tom Brady|76\/100 tox|[from] ability: Poison Heal\n|upkeep\n|turn|9\n|\n|t:|1697812473\n|move|p2a: Landorus|Taunt|p1a: Tom Brady\n|-start|p1a: Tom Brady|move: Taunt\n|cant|p1a: Tom Brady|move: Taunt|Spore\n|\n|-heal|p1a: Tom Brady|88\/100 tox|[from] ability: Poison Heal\n|upkeep\n|turn|10\n|\n|t:|1697812477\n|switch|p1a: Mushroom Horse|Calyrex-Shadow|100\/100\n|-ability|p1a: Mushroom Horse|As One\n|-ability|p1a: Mushroom Horse|Unnerve\n|-activate|p1a: Mushroom Horse|move: Sticky Web\n|-unboost|p1a: Mushroom Horse|spe|1\n|-damage|p1a: Mushroom Horse|88\/100|[from] Stealth Rock\n|move|p2a: Landorus|Earthquake|p1a: Mushroom Horse\n|-damage|p1a: Mushroom Horse|16\/100\n|\n|upkeep\n|turn|11\n|\n|t:|1697812482\n|move|p2a: Landorus|Earthquake|p1a: Mushroom Horse\n|-damage|p1a: Mushroom Horse|0 fnt\n|faint|p1a: Mushroom Horse\n|\n|-fieldend|move: Electric Terrain\n|upkeep\n|\n|t:|1697812486\n|switch|p1a: Dog|Zacian-Crowned, shiny|100\/100\n|-activate|p1a: Dog|move: Sticky Web\n|-unboost|p1a: Dog|spe|1\n|-damage|p1a: Dog|94\/100|[from] Stealth Rock\n|-ability|p1a: Dog|Intrepid Sword|boost\n|-boost|p1a: Dog|atk|1\n|turn|12\n|\n|t:|1697812492\n|move|p2a: Landorus|Earthquake|p1a: Dog\n|-supereffective|p1a: Dog\n|-damage|p1a: Dog|0 fnt\n|faint|p1a: Dog\n|\n|upkeep\n|\n|t:|1697812496\n|switch|p1a: Fish|Kyogre, shiny|100\/100\n|-activate|p1a: Fish|move: Sticky Web\n|-unboost|p1a: Fish|spe|1\n|-damage|p1a: Fish|88\/100|[from] Stealth Rock\n|-weather|RainDance|[from] ability: Drizzle|[of] p1a: Fish\n|turn|13\n|\n|t:|1697812500\n|switch|p2a: Koraidon|Koraidon|100\/100\n|-weather|SunnyDay|[from] ability: Orichalcum Pulse|[of] p2a: Koraidon\n|-activate|p2a: Koraidon|Orichalcum Pulse|[source]\n|move|p1a: Fish|Origin Pulse|p2a: Koraidon|[miss]\n|-miss|p1a: Fish|p2a: Koraidon\n|\n|-weather|SunnyDay|[upkeep]\n|upkeep\n|turn|14\n|\n|t:|1697812508\n|move|p2a: Koraidon|Swords Dance|p2a: Koraidon\n|-boost|p2a: Koraidon|atk|2\n|move|p1a: Fish|Earthquake|p2a: Koraidon\n|-damage|p2a: Koraidon|81\/100\n|\n|-weather|SunnyDay|[upkeep]\n|upkeep\n|turn|15\n|c| Primordiallite|..\n|inactive|A Bread Sandwich has 120 seconds left.\n|c|\u2606Glizzorp|what\n|c|\u2606Glizzorp|my switches?\n|\n|t:|1697812554\n|move|p2a: Koraidon|Low Kick|p1a: Fish\n|-damage|p1a: Fish|0 fnt\n|faint|p1a: Fish\n|\n|-weather|SunnyDay|[upkeep]\n|upkeep\n|\n|t:|1697812557\n|switch|p1a: Eel|Miraidon|100\/100\n|-activate|p1a: Eel|move: Sticky Web\n|-unboost|p1a: Eel|spe|1\n|-damage|p1a: Eel|88\/100|[from] Stealth Rock\n|-fieldstart|move: Electric Terrain|[from] ability: Hadron Engine|[of] p1a: Eel\n|turn|16\n|\n|t:|1697812561\n|-terastallize|p1a: Eel|Electric\n|move|p2a: Koraidon|Scale Shot|p1a: Eel\n|-damage|p1a: Eel|50\/100\n|-damage|p1a: Eel|15\/100\n|-damage|p1a: Eel|0 fnt\n|faint|p1a: Eel\n|-hitcount|p1: Eel|3\n|-unboost|p2a: Koraidon|def|1\n|-boost|p2a: Koraidon|spe|1\n|\n|-weather|SunnyDay|[upkeep]\n|upkeep\n|c|\u2606Glizzorp|its cool i know i lost when the sticky web n extreme speed came out\n|\n|t:|1697812583\n|switch|p1a: Tom Brady|Breloom, M, shiny|88\/100 tox\n|-activate|p1a: Tom Brady|move: Sticky Web\n|-unboost|p1a: Tom Brady|spe|1\n|-damage|p1a: Tom Brady|82\/100 tox|[from] Stealth Rock\n|turn|17\n|inactive|A Bread Sandwich has 120 seconds left.\n|-message|Glizzorp forfeited.\n|\n|win|A Bread Sandwich\n|raw|Glizzorp's rating: 1472 &rarr; <strong>1466<\/strong><br \/>(-6 for losing)\n|raw|A Bread Sandwich's rating: 1779 &rarr; <strong>1785<\/strong><br \/>(+6 for winning)\n|l|\u2606Glizzorp\n","uploadtime":1697812659,"views":10,"p1id":"glizzorp","p2id":"abreadsandwich","formatid":"gen9anythinggoes","rating":1466,"private":0,"password":""}