{"id":"gen9anythinggoes-1998253177","p1":"hoenn militian","p2":"xishuaideshuai","format":"[Gen 9] Anything Goes","log":"|j|\u2606hoenn militian\n|j|\u2606xishuaideshuai\n|t:|1700920271\n|gametype|singles\n|player|p1|hoenn militian|169|1787\n|player|p2|xishuaideshuai|ginchiyo-conquest|1788\n|teamsize|p1|6\n|teamsize|p2|6\n|gen|9\n|tier|[Gen 9] Anything Goes\n|rated|\n|rule|HP Percentage Mod: HP is shown in percentages\n|rule|Endless Battle Clause: Forcing endless battles is banned\n|clearpoke\n|poke|p1|Miraidon|\n|poke|p1|Grimmsnarl, M|\n|poke|p1|Skeledirge, M|\n|poke|p1|Moltres|\n|poke|p1|Blissey, F|\n|poke|p1|Calyrex-Ice|\n|poke|p2|Calyrex-Shadow|\n|poke|p2|Arceus-Ground|\n|poke|p2|Koraidon|\n|poke|p2|Arceus|\n|poke|p2|Eternatus|\n|poke|p2|Arceus-Fairy|\n|teampreview\n|inactive|Battle timer is ON: inactive players will automatically lose when time's up. (requested by xishuaideshuai)\n|\n|t:|1700920285\n|start\n|switch|p1a: Calyrex|Calyrex-Ice|100\/100\n|switch|p2a: Arceus|Arceus-Ground|100\/100\n|-ability|p1a: Calyrex|As One\n|-ability|p1a: Calyrex|Unnerve\n|turn|1\n|\n|t:|1700920293\n|move|p2a: Arceus|Stealth Rock|p1a: Calyrex\n|-sidestart|p1: hoenn militian|move: Stealth Rock\n|move|p1a: Calyrex|Glacial Lance|p2a: Arceus\n|-supereffective|p2a: Arceus\n|-damage|p2a: Arceus|0 fnt\n|faint|p2a: Arceus\n|-ability|p1a: Calyrex|Chilling Neigh|boost\n|-boost|p1a: Calyrex|atk|1\n|\n|upkeep\n|\n|t:|1700920297\n|switch|p2a: Koraidon|Koraidon|100\/100\n|-weather|SunnyDay|[from] ability: Orichalcum Pulse|[of] p2a: Koraidon\n|-activate|p2a: Koraidon|Orichalcum Pulse|[source]\n|turn|2\n|\n|t:|1700920303\n|move|p2a: Koraidon|Flare Blitz|p1a: Calyrex\n|-supereffective|p1a: Calyrex\n|-crit|p1a: Calyrex\n|-damage|p1a: Calyrex|0 fnt\n|faint|p1a: Calyrex\n|-damage|p2a: Koraidon|61\/100|[from] Recoil\n|\n|-weather|SunnyDay|[upkeep]\n|upkeep\n|\n|t:|1700920310\n|switch|p1a: Moltres|Moltres|100\/100\n|turn|3\n|\n|t:|1700920315\n|switch|p2a: Eternatus|Eternatus|100\/100\n|-ability|p2a: Eternatus|Pressure\n|move|p1a: Moltres|U-turn|p2a: Eternatus\n|-resisted|p2a: Eternatus\n|-crit|p2a: Eternatus\n|-damage|p2a: Eternatus|92\/100\n|\n|t:|1700920325\n|switch|p1a: Miraidon|Miraidon|100\/100|[from] U-turn\n|-fieldstart|move: Electric Terrain|[from] ability: Hadron Engine|[of] p1a: Miraidon\n|\n|-weather|SunnyDay|[upkeep]\n|upkeep\n|turn|4\n|\n|t:|1700920331\n|switch|p2a: Arceus|Arceus-Fairy|100\/100\n|move|p1a: Miraidon|U-turn|p2a: Arceus\n|-resisted|p2a: Arceus\n|-damage|p2a: Arceus|96\/100\n|\n|t:|1700920344\n|switch|p1a: Moltres|Moltres|100\/100|[from] U-turn\n|\n|-weather|SunnyDay|[upkeep]\n|upkeep\n|turn|5\n|\n|t:|1700920350\n|move|p2a: Arceus|Calm Mind|p2a: Arceus\n|-boost|p2a: Arceus|spa|1\n|-boost|p2a: Arceus|spd|1\n|move|p1a: Moltres|Burning Jealousy|p2a: Arceus\n|-damage|p2a: Arceus|78\/100\n|-status|p2a: Arceus|brn\n|\n|-weather|SunnyDay|[upkeep]\n|-damage|p2a: Arceus|71\/100 brn|[from] brn\n|upkeep\n|turn|6\n|\n|t:|1700920360\n|move|p2a: Arceus|Calm Mind|p2a: Arceus\n|-boost|p2a: Arceus|spa|1\n|-boost|p2a: Arceus|spd|1\n|move|p1a: Moltres|Roar|p2a: Arceus\n|drag|p2a: Eternatus|Eternatus|92\/100\n|-ability|p2a: Eternatus|Pressure\n|\n|-weather|none\n|upkeep\n|turn|7\n|\n|t:|1700920368\n|switch|p1a: Blissey|Blissey, F|100\/100\n|move|p2a: Eternatus|Dynamax Cannon|p1a: Blissey\n|-damage|p1a: Blissey|79\/100\n|-damage|p2a: Eternatus|82\/100|[from] item: Life Orb\n|\n|-fieldend|move: Electric Terrain\n|upkeep\n|turn|8\n|\n|t:|1700920376\n|move|p2a: Eternatus|Dynamax Cannon|p1a: Blissey\n|-damage|p1a: Blissey|58\/100\n|-damage|p2a: Eternatus|72\/100|[from] item: Life Orb\n|move|p1a: Blissey|Stealth Rock|p2a: Eternatus\n|-sidestart|p2: xishuaideshuai|move: Stealth Rock\n|\n|upkeep\n|turn|9\n|\n|t:|1700920382\n|switch|p2a: Calyrex|Calyrex-Shadow|100\/100\n|-ability|p2a: Calyrex|As One\n|-ability|p2a: Calyrex|Unnerve\n|-damage|p2a: Calyrex|88\/100|[from] Stealth Rock\n|move|p1a: Blissey|Soft-Boiled|p1a: Blissey\n|-heal|p1a: Blissey|100\/100\n|\n|upkeep\n|turn|10\n|\n|t:|1700920393\n|switch|p1a: Grimmsnarl|Grimmsnarl, M|100\/100\n|move|p2a: Calyrex|Nasty Plot|p2a: Calyrex\n|-boost|p2a: Calyrex|spa|2\n|\n|upkeep\n|turn|11\n|\n|t:|1700920399\n|move|p2a: Calyrex|Astral Barrage|p1a: Grimmsnarl\n|-resisted|p1a: Grimmsnarl\n|-damage|p1a: Grimmsnarl|45\/100\n|move|p1a: Grimmsnarl|Spirit Break|p2a: Calyrex\n|-damage|p2a: Calyrex|54\/100\n|-unboost|p2a: Calyrex|spa|1\n|\n|upkeep\n|turn|12\n|\n|t:|1700920409\n|move|p2a: Calyrex|Baton Pass|p2a: Calyrex\n|\n|t:|1700920411\n|switch|p2a: Eternatus|Eternatus|72\/100|[from] Baton Pass\n|-damage|p2a: Eternatus|59\/100|[from] Stealth Rock\n|-ability|p2a: Eternatus|Pressure\n|move|p1a: Grimmsnarl|Spirit Break|p2a: Eternatus\n|-damage|p2a: Eternatus|35\/100\n|-unboost|p2a: Eternatus|spa|1\n|\n|upkeep\n|turn|13\n|\n|t:|1700920421\n|move|p1a: Grimmsnarl|Parting Shot|p2a: Eternatus\n|-unboost|p2a: Eternatus|atk|1\n|-unboost|p2a: Eternatus|spa|1\n|\n|t:|1700920436\n|switch|p1a: Miraidon|Miraidon|100\/100|[from] Parting Shot\n|-fieldstart|move: Electric Terrain|[from] ability: Hadron Engine|[of] p1a: Miraidon\n|move|p2a: Eternatus|Sludge Bomb|p1a: Miraidon\n|-damage|p1a: Miraidon|59\/100\n|-damage|p2a: Eternatus|25\/100|[from] item: Life Orb\n|\n|upkeep\n|turn|14\n|\n|t:|1700920445\n|switch|p2a: Arceus|Arceus-Fairy|71\/100 brn\n|-damage|p2a: Arceus|59\/100 brn|[from] Stealth Rock\n|move|p1a: Miraidon|Electro Drift|p2a: Arceus\n|-damage|p2a: Arceus|0 fnt\n|faint|p2a: Arceus\n|\n|upkeep\n|\n|t:|1700920450\n|switch|p2a: Koraidon|Koraidon|61\/100\n|-damage|p2a: Koraidon|55\/100|[from] Stealth Rock\n|-weather|SunnyDay|[from] ability: Orichalcum Pulse|[of] p2a: Koraidon\n|-activate|p2a: Koraidon|Orichalcum Pulse|[source]\n|turn|15\n|\n|t:|1700920457\n|move|p1a: Miraidon|Protect|p1a: Miraidon\n|-singleturn|p1a: Miraidon|Protect\n|move|p2a: Koraidon|Close Combat|p1a: Miraidon\n|-activate|p1a: Miraidon|move: Protect\n|\n|-weather|SunnyDay|[upkeep]\n|upkeep\n|turn|16\n|\n|t:|1700920465\n|switch|p2a: Calyrex|Calyrex-Shadow|54\/100\n|-ability|p2a: Calyrex|As One\n|-ability|p2a: Calyrex|Unnerve\n|-damage|p2a: Calyrex|41\/100|[from] Stealth Rock\n|move|p1a: Miraidon|Dragon Pulse|p2a: Calyrex\n|-damage|p2a: Calyrex|0 fnt\n|faint|p2a: Calyrex\n|\n|-weather|SunnyDay|[upkeep]\n|upkeep\n|\n|t:|1700920473\n|switch|p2a: Koraidon|Koraidon|55\/100\n|-damage|p2a: Koraidon|49\/100|[from] Stealth Rock\n|-activate|p2a: Koraidon|ability: Orichalcum Pulse\n|turn|17\n|\n|t:|1700920480\n|move|p1a: Miraidon|Protect|p1a: Miraidon\n|-singleturn|p1a: Miraidon|Protect\n|move|p2a: Koraidon|Outrage|p1a: Miraidon\n|-activate|p1a: Miraidon|move: Protect\n|\n|-weather|SunnyDay|[upkeep]\n|-fieldend|move: Electric Terrain\n|upkeep\n|turn|18\n|\n|t:|1700920491\n|switch|p1a: Grimmsnarl|Grimmsnarl, M|45\/100\n|move|p2a: Koraidon|Outrage|p1a: Grimmsnarl\n|-immune|p1a: Grimmsnarl\n|\n|-weather|SunnyDay|[upkeep]\n|upkeep\n|turn|19\n|\n|t:|1700920497\n|switch|p2a: Arceus|Arceus|100\/100\n|move|p1a: Grimmsnarl|Parting Shot|p2a: Arceus\n|-unboost|p2a: Arceus|atk|1\n|-unboost|p2a: Arceus|spa|1\n|\n|t:|1700920506\n|switch|p1a: Moltres|Moltres|100\/100|[from] Parting Shot\n|\n|-weather|none\n|upkeep\n|turn|20\n|-message|xishuaideshuai forfeited.\n|\n|win|hoenn militian\n|raw|hoenn militian's rating: 1787 &rarr; <strong>1807<\/strong><br \/>(+20 for winning)\n|raw|xishuaideshuai's rating: 1788 &rarr; <strong>1768<\/strong><br \/>(-20 for losing)\n","uploadtime":1700920534,"views":0,"p1id":"hoennmilitian","p2id":"xishuaideshuai","formatid":"gen9anythinggoes","rating":1768,"private":0,"password":""}