{"id":"gen9anythinggoes-1974567844","p1":"ZACKrai12","p2":"Hzozv","format":"[Gen 9] Anything Goes","log":"|j|\u2606ZACKrai12\n|j|\u2606Hzozv\n|t:|1698098106\n|gametype|singles\n|player|p1|ZACKrai12|pokemonranger-gen4|1394\n|player|p2|Hzozv|lusamine-nihilego|1542\n|teamsize|p1|6\n|teamsize|p2|6\n|gen|9\n|tier|[Gen 9] Anything Goes\n|rated|\n|rule|HP Percentage Mod: HP is shown in percentages\n|rule|Endless Battle Clause: Forcing endless battles is banned\n|clearpoke\n|poke|p1|Iron Valiant|\n|poke|p1|Ceruledge, M|\n|poke|p1|Glimmora, M|\n|poke|p1|Chien-Pao|\n|poke|p1|Gholdengo|\n|poke|p1|Palafin, M|\n|poke|p2|Calyrex-Shadow|\n|poke|p2|Hatterene, F|\n|poke|p2|Clefable, F|\n|poke|p2|Drifblim, F|\n|poke|p2|Krookodile, M|\n|poke|p2|Ditto|\n|teampreview\n|inactive|Battle timer is ON: inactive players will automatically lose when time's up. (requested by Hzozv)\n|inactive|ZACKrai12 also wants the timer to be on.\n|\n|t:|1698098115\n|start\n|switch|p1a: Palafin|Palafin, M|100\/100\n|switch|p2a: Hatterene|Hatterene, F|100\/100\n|turn|1\n|\n|t:|1698098128\n|detailschange|p1a: Palafin|Palafin-Hero, M\n|switch|p1a: Glimmora|Glimmora, M|100\/100\n|move|p2a: Hatterene|Baton Pass|p2a: Hatterene\n|\n|t:|1698098137\n|switch|p2a: Drifblim|Drifblim, F|100\/100|[from] Baton Pass\n|\n|upkeep\n|turn|2\n|\n|t:|1698098144\n|move|p1a: Glimmora|Mortal Spin|p2a: Drifblim\n|-resisted|p2a: Drifblim\n|-damage|p2a: Drifblim|98\/100\n|-status|p2a: Drifblim|psn\n|move|p2a: Drifblim|Minimize|p2a: Drifblim\n|-boost|p2a: Drifblim|evasion|2\n|\n|-damage|p2a: Drifblim|85\/100 psn|[from] psn\n|upkeep\n|turn|3\n|\n|t:|1698098153\n|move|p1a: Glimmora|Stealth Rock|p2a: Drifblim\n|-sidestart|p2: Hzozv|move: Stealth Rock\n|move|p2a: Drifblim|Substitute|p2a: Drifblim\n|-start|p2a: Drifblim|Substitute\n|-damage|p2a: Drifblim|60\/100 psn\n|\n|-damage|p2a: Drifblim|48\/100 psn|[from] psn\n|upkeep\n|-enditem|p2a: Drifblim|Sitrus Berry|[eat]\n|-heal|p2a: Drifblim|73\/100 psn|[from] item: Sitrus Berry\n|turn|4\n|\n|t:|1698098162\n|move|p2a: Drifblim|Minimize|p2a: Drifblim\n|-boost|p2a: Drifblim|evasion|2\n|move|p1a: Glimmora|Earth Power|p2a: Drifblim\n|-immune|p2a: Drifblim\n|\n|-damage|p2a: Drifblim|60\/100 psn|[from] psn\n|upkeep\n|turn|5\n|\n|t:|1698098169\n|move|p2a: Drifblim|Minimize|p2a: Drifblim\n|-boost|p2a: Drifblim|evasion|2\n|move|p1a: Glimmora|Spikes|p2a: Drifblim\n|-sidestart|p2: Hzozv|Spikes\n|\n|-damage|p2a: Drifblim|48\/100 psn|[from] psn\n|upkeep\n|turn|6\n|\n|t:|1698098176\n|move|p2a: Drifblim|Strength Sap|p1a: Glimmora\n|-unboost|p1a: Glimmora|atk|1\n|-heal|p2a: Drifblim|77\/100 psn\n|move|p1a: Glimmora|Spikes|p2a: Drifblim\n|-sidestart|p2: Hzozv|Spikes\n|\n|-damage|p2a: Drifblim|65\/100 psn|[from] psn\n|upkeep\n|turn|7\n|\n|t:|1698098184\n|move|p2a: Drifblim|Baton Pass|p2a: Drifblim\n|\n|t:|1698098186\n|switch|p2a: Calyrex|Calyrex-Shadow|100\/100|[from] Baton Pass\n|-ability|p2a: Calyrex|As One\n|-ability|p2a: Calyrex|Unnerve\n|-damage|p2a: Calyrex|88\/100|[from] Stealth Rock\n|-damage|p2a: Calyrex|71\/100|[from] Spikes\n|move|p1a: Glimmora|Spikes|p2a: Calyrex\n|-sidestart|p2: Hzozv|Spikes\n|\n|-heal|p2a: Calyrex|78\/100|[from] item: Leftovers\n|upkeep\n|turn|8\n|\n|t:|1698098198\n|move|p2a: Calyrex|Calm Mind|p2a: Calyrex\n|-boost|p2a: Calyrex|spa|1\n|-boost|p2a: Calyrex|spd|1\n|move|p1a: Glimmora|Earth Power|p2a: Calyrex\n|-activate|p2a: Calyrex|move: Substitute|[damage]\n|\n|-heal|p2a: Calyrex|84\/100|[from] item: Leftovers\n|upkeep\n|turn|9\n|\n|t:|1698098206\n|move|p2a: Calyrex|Calm Mind|p2a: Calyrex\n|-boost|p2a: Calyrex|spa|1\n|-boost|p2a: Calyrex|spd|1\n|move|p1a: Glimmora|Earth Power|p2a: Calyrex|[miss]\n|-miss|p1a: Glimmora|p2a: Calyrex\n|\n|-heal|p2a: Calyrex|90\/100|[from] item: Leftovers\n|upkeep\n|turn|10\n|\n|t:|1698098213\n|move|p2a: Calyrex|Calm Mind|p2a: Calyrex\n|-boost|p2a: Calyrex|spa|1\n|-boost|p2a: Calyrex|spd|1\n|move|p1a: Glimmora|Earth Power|p2a: Calyrex|[miss]\n|-miss|p1a: Glimmora|p2a: Calyrex\n|\n|-heal|p2a: Calyrex|96\/100|[from] item: Leftovers\n|upkeep\n|turn|11\n|\n|t:|1698098221\n|move|p2a: Calyrex|Calm Mind|p2a: Calyrex\n|-boost|p2a: Calyrex|spa|1\n|-boost|p2a: Calyrex|spd|1\n|move|p1a: Glimmora|Earth Power|p2a: Calyrex|[miss]\n|-miss|p1a: Glimmora|p2a: Calyrex\n|\n|-heal|p2a: Calyrex|100\/100|[from] item: Leftovers\n|upkeep\n|turn|12\n|\n|t:|1698098228\n|move|p2a: Calyrex|Calm Mind|p2a: Calyrex\n|-boost|p2a: Calyrex|spa|1\n|-boost|p2a: Calyrex|spd|1\n|move|p1a: Glimmora|Earth Power|p2a: Calyrex|[miss]\n|-miss|p1a: Glimmora|p2a: Calyrex\n|\n|upkeep\n|turn|13\n|\n|t:|1698098234\n|move|p2a: Calyrex|Calm Mind|p2a: Calyrex\n|-boost|p2a: Calyrex|spa|1\n|-boost|p2a: Calyrex|spd|1\n|move|p1a: Glimmora|Earth Power|p2a: Calyrex|[miss]\n|-miss|p1a: Glimmora|p2a: Calyrex\n|\n|upkeep\n|turn|14\n|\n|t:|1698098241\n|move|p2a: Calyrex|Baton Pass|p2a: Calyrex\n|\n|t:|1698098244\n|switch|p2a: Hatterene|Hatterene, F|100\/100|[from] Baton Pass\n|-damage|p2a: Hatterene|88\/100|[from] Stealth Rock\n|-damage|p2a: Hatterene|63\/100|[from] Spikes\n|move|p1a: Glimmora|Earth Power|p2a: Hatterene|[miss]\n|-miss|p1a: Glimmora|p2a: Hatterene\n|\n|-heal|p2a: Hatterene|69\/100|[from] item: Leftovers\n|upkeep\n|turn|15\n|\n|t:|1698098254\n|move|p1a: Glimmora|Earth Power|p2a: Hatterene|[miss]\n|-miss|p1a: Glimmora|p2a: Hatterene\n|move|p2a: Hatterene|Agility|p2a: Hatterene\n|-boost|p2a: Hatterene|spe|2\n|\n|-heal|p2a: Hatterene|75\/100|[from] item: Leftovers\n|upkeep\n|turn|16\n|\n|t:|1698098263\n|move|p1a: Glimmora|Earth Power|p2a: Hatterene\n|-activate|p2a: Hatterene|move: Substitute|[damage]\n|move|p2a: Hatterene|Agility|p2a: Hatterene\n|-boost|p2a: Hatterene|spe|2\n|\n|-heal|p2a: Hatterene|81\/100|[from] item: Leftovers\n|upkeep\n|turn|17\n|\n|t:|1698098271\n|move|p1a: Glimmora|Earth Power|p2a: Hatterene\n|-activate|p2a: Hatterene|move: Substitute|[damage]\n|move|p2a: Hatterene|Agility|p2a: Hatterene\n|-boost|p2a: Hatterene|spe|2\n|\n|-heal|p2a: Hatterene|87\/100|[from] item: Leftovers\n|upkeep\n|turn|18\n|\n|t:|1698098280\n|move|p2a: Hatterene|Swords Dance|p2a: Hatterene\n|-boost|p2a: Hatterene|atk|2\n|move|p1a: Glimmora|Earth Power|p2a: Hatterene\n|-end|p2a: Hatterene|Substitute\n|\n|-heal|p2a: Hatterene|93\/100|[from] item: Leftovers\n|upkeep\n|turn|19\n|\n|t:|1698098289\n|move|p2a: Hatterene|Baton Pass|p2a: Hatterene\n|\n|t:|1698098291\n|switch|p2a: Calyrex|Calyrex-Shadow|100\/100|[from] Baton Pass\n|-ability|p2a: Calyrex|As One\n|-ability|p2a: Calyrex|Unnerve\n|-damage|p2a: Calyrex|88\/100|[from] Stealth Rock\n|-damage|p2a: Calyrex|63\/100|[from] Spikes\n|move|p1a: Glimmora|Mortal Spin|p2a: Calyrex\n|-resisted|p2a: Calyrex\n|-damage|p2a: Calyrex|61\/100\n|-status|p2a: Calyrex|psn\n|\n|-heal|p2a: Calyrex|67\/100 psn|[from] item: Leftovers\n|-damage|p2a: Calyrex|55\/100 psn|[from] psn\n|upkeep\n|turn|20\n|\n|t:|1698098305\n|move|p2a: Calyrex|Substitute|p2a: Calyrex\n|-start|p2a: Calyrex|Substitute\n|-damage|p2a: Calyrex|30\/100 psn\n|move|p1a: Glimmora|Earth Power|p2a: Calyrex\n|-activate|p2a: Calyrex|move: Substitute|[damage]\n|\n|-heal|p2a: Calyrex|36\/100 psn|[from] item: Leftovers\n|-damage|p2a: Calyrex|24\/100 psn|[from] psn\n|upkeep\n|turn|21\n|\n|t:|1698098313\n|move|p2a: Calyrex|Baton Pass|p2a: Calyrex\n|\n|t:|1698098315\n|switch|p2a: Clefable|Clefable, F|100\/100|[from] Baton Pass\n|move|p1a: Glimmora|Earth Power|p2a: Clefable|[miss]\n|-miss|p1a: Glimmora|p2a: Clefable\n|\n|upkeep\n|turn|22\n|\n|t:|1698098323\n|switch|p1a: Ceruledge|Ceruledge, M|100\/100\n|move|p2a: Clefable|Cosmic Power|p2a: Clefable\n|-boost|p2a: Clefable|def|1\n|-boost|p2a: Clefable|spd|0\n|\n|upkeep\n|turn|23\n|\n|t:|1698098331\n|move|p2a: Clefable|Cosmic Power|p2a: Clefable\n|-boost|p2a: Clefable|def|1\n|-boost|p2a: Clefable|spd|0\n|move|p1a: Ceruledge|Swords Dance|p1a: Ceruledge\n|-boost|p1a: Ceruledge|atk|2\n|\n|upkeep\n|turn|24\n|\n|t:|1698098338\n|move|p2a: Clefable|Stealth Rock|p1a: Ceruledge\n|-sidestart|p1: ZACKrai12|move: Stealth Rock\n|move|p1a: Ceruledge|Bitter Blade|p2a: Clefable|[miss]\n|-miss|p1a: Ceruledge|p2a: Clefable\n|\n|upkeep\n|turn|25\n|\n|t:|1698098343\n|move|p2a: Clefable|Cosmic Power|p2a: Clefable\n|-boost|p2a: Clefable|def|1\n|-boost|p2a: Clefable|spd|0\n|move|p1a: Ceruledge|Bitter Blade|p2a: Clefable|[miss]\n|-miss|p1a: Ceruledge|p2a: Clefable\n|\n|upkeep\n|turn|26\n|\n|t:|1698098350\n|move|p2a: Clefable|Cosmic Power|p2a: Clefable\n|-boost|p2a: Clefable|def|1\n|-boost|p2a: Clefable|spd|0\n|move|p1a: Ceruledge|Swords Dance|p1a: Ceruledge\n|-boost|p1a: Ceruledge|atk|2\n|\n|upkeep\n|turn|27\n|\n|t:|1698098356\n|move|p2a: Clefable|Cosmic Power|p2a: Clefable\n|-boost|p2a: Clefable|def|1\n|-boost|p2a: Clefable|spd|0\n|move|p1a: Ceruledge|Bitter Blade|p2a: Clefable|[miss]\n|-miss|p1a: Ceruledge|p2a: Clefable\n|\n|upkeep\n|turn|28\n|\n|t:|1698098362\n|move|p2a: Clefable|Cosmic Power|p2a: Clefable\n|-boost|p2a: Clefable|def|1\n|-boost|p2a: Clefable|spd|0\n|move|p1a: Ceruledge|Swords Dance|p1a: Ceruledge\n|-boost|p1a: Ceruledge|atk|2\n|\n|upkeep\n|turn|29\n|\n|t:|1698098368\n|move|p2a: Clefable|Wish|p2a: Clefable\n|move|p1a: Ceruledge|Bitter Blade|p2a: Clefable|[miss]\n|-miss|p1a: Ceruledge|p2a: Clefable\n|\n|upkeep\n|turn|30\n|\n|t:|1698098373\n|move|p2a: Clefable|Baton Pass|p2a: Clefable\n|\n|t:|1698098375\n|switch|p2a: Krookodile|Krookodile, M|100\/100|[from] Baton Pass\n|-damage|p2a: Krookodile|94\/100|[from] Stealth Rock\n|-damage|p2a: Krookodile|70\/100|[from] Spikes\n|move|p1a: Ceruledge|Bitter Blade|p2a: Krookodile\n|-end|p2a: Krookodile|Substitute\n|\n|-heal|p2a: Krookodile|100\/100|[from] move: Wish|[wisher] Clefable\n|upkeep\n|turn|31\n|\n|t:|1698098389\n|move|p2a: Krookodile|Earthquake|p1a: Ceruledge\n|-supereffective|p1a: Ceruledge\n|-enditem|p1a: Ceruledge|Focus Sash\n|-damage|p1a: Ceruledge|1\/100\n|-ability|p1a: Ceruledge|Weak Armor|boost\n|-unboost|p1a: Ceruledge|def|1\n|-boost|p1a: Ceruledge|spe|2\n|move|p1a: Ceruledge|Substitute|p1a: Ceruledge\n|-fail|p1a: Ceruledge|move: Substitute|[weak]\n|\n|upkeep\n|turn|32\n|\n|t:|1698098399\n|move|p1a: Ceruledge|Shadow Sneak|p2a: Krookodile\n|-resisted|p2a: Krookodile\n|-damage|p2a: Krookodile|87\/100\n|move|p2a: Krookodile|Earthquake|p1a: Ceruledge\n|-supereffective|p1a: Ceruledge\n|-damage|p1a: Ceruledge|0 fnt\n|faint|p1a: Ceruledge\n|-ability|p2a: Krookodile|Moxie|boost\n|-boost|p2a: Krookodile|atk|1\n|\n|upkeep\n|\n|t:|1698098405\n|switch|p1a: Glimmora|Glimmora, M|100\/100\n|-damage|p1a: Glimmora|88\/100|[from] Stealth Rock\n|turn|33\n|\n|t:|1698098409\n|move|p2a: Krookodile|Earthquake|p1a: Glimmora\n|-supereffective|p1a: Glimmora\n|-damage|p1a: Glimmora|0 fnt\n|-activate|p1a: Glimmora|ability: Toxic Debris\n|-sidestart|p2: Hzozv|move: Toxic Spikes\n|faint|p1a: Glimmora\n|-ability|p2a: Krookodile|Moxie|boost\n|-boost|p2a: Krookodile|atk|1\n|\n|upkeep\n|\n|t:|1698098414\n|switch|p1a: Palafin|Palafin-Hero, M|100\/100\n|-damage|p1a: Palafin|88\/100|[from] Stealth Rock\n|-activate|p1a: Palafin|ability: Zero to Hero\n|turn|34\n|\n|t:|1698098436\n|-terastallize|p2a: Krookodile|Ghost\n|move|p1a: Palafin|Jet Punch|p2a: Krookodile|[miss]\n|-miss|p1a: Palafin|p2a: Krookodile\n|move|p2a: Krookodile|Power Trip|p1a: Palafin\n|-damage|p1a: Palafin|0 fnt\n|faint|p1a: Palafin\n|-ability|p2a: Krookodile|Moxie|boost\n|-boost|p2a: Krookodile|atk|1\n|\n|upkeep\n|\n|t:|1698098444\n|switch|p1a: Gholdengo|Gholdengo|100\/100\n|-damage|p1a: Gholdengo|94\/100|[from] Stealth Rock\n|turn|35\n|\n|t:|1698098451\n|move|p2a: Krookodile|Power Trip|p1a: Gholdengo\n|-supereffective|p1a: Gholdengo\n|-damage|p1a: Gholdengo|0 fnt\n|faint|p1a: Gholdengo\n|-ability|p2a: Krookodile|Moxie|boost\n|-boost|p2a: Krookodile|atk|1\n|\n|upkeep\n|\n|t:|1698098454\n|switch|p1a: Chien-Pao|Chien-Pao|100\/100\n|-damage|p1a: Chien-Pao|76\/100|[from] Stealth Rock\n|-ability|p1a: Chien-Pao|Sword of Ruin\n|turn|36\n|\n|t:|1698098466\n|move|p1a: Chien-Pao|Ice Shard|p2a: Krookodile|[miss]\n|-miss|p1a: Chien-Pao|p2a: Krookodile\n|move|p2a: Krookodile|Power Trip|p1a: Chien-Pao\n|-resisted|p1a: Chien-Pao\n|-damage|p1a: Chien-Pao|0 fnt\n|faint|p1a: Chien-Pao\n|\n|upkeep\n|\n|t:|1698098471\n|switch|p1a: Iron Valiant|Iron Valiant|100\/100\n|-damage|p1a: Iron Valiant|94\/100|[from] Stealth Rock\n|-enditem|p1a: Iron Valiant|Booster Energy\n|-activate|p1a: Iron Valiant|ability: Quark Drive|[fromitem]\n|-start|p1a: Iron Valiant|quarkdrivespe\n|turn|37\n|\n|t:|1698098477\n|move|p2a: Krookodile|Power Trip|p1a: Iron Valiant\n|-resisted|p1a: Iron Valiant\n|-damage|p1a: Iron Valiant|0 fnt\n|faint|p1a: Iron Valiant\n|-end|p1a: Iron Valiant|Quark Drive|[silent]\n|\n|win|Hzozv\n|raw|ZACKrai12's rating: 1394 &rarr; <strong>1382<\/strong><br \/>(-12 for losing)\n|raw|Hzozv's rating: 1542 &rarr; <strong>1554<\/strong><br \/>(+12 for winning)\n|l|\u2606ZACKrai12\n","uploadtime":1698098510,"views":7,"p1id":"zackrai12","p2id":"hzozv","formatid":"gen9anythinggoes","rating":1382,"private":0,"password":""}