{"id":"gen9anythinggoes-1986321602","p1":"el agente D","p2":"Mollymew","format":"[Gen 9] Anything Goes","log":"|j|\u2606el agente D\n|j|\u2606Mollymew\n|t:|1699469115\n|gametype|singles\n|player|p1|el agente D|veteranf|1052\n|player|p2|Mollymew|2|1000\n|teamsize|p1|6\n|teamsize|p2|6\n|gen|9\n|tier|[Gen 9] Anything Goes\n|rated|\n|rule|HP Percentage Mod: HP is shown in percentages\n|rule|Endless Battle Clause: Forcing endless battles is banned\n|clearpoke\n|poke|p1|Barraskewda, M|\n|poke|p1|Lokix, M|\n|poke|p1|Revavroom, M|\n|poke|p1|Inteleon, M|\n|poke|p1|Scizor, M|\n|poke|p1|Grimmsnarl, M|\n|poke|p2|Mew|\n|poke|p2|Hoopa|\n|poke|p2|Zapdos|\n|poke|p2|Mimikyu, F|\n|poke|p2|Jirachi|\n|poke|p2|Diancie|\n|teampreview\n|\n|t:|1699469147\n|start\n|switch|p1a: Machete|Barraskewda, M|100\/100\n|switch|p2a: Mew|Mew|100\/100\n|turn|1\n|\n|t:|1699469172\n|move|p1a: Machete|Crunch|p2a: Mew\n|-supereffective|p2a: Mew\n|-damage|p2a: Mew|19\/100\n|move|p2a: Mew|Brave Bird|p1a: Machete\n|-damage|p1a: Machete|32\/100\n|-damage|p2a: Mew|4\/100|[from] Recoil\n|\n|upkeep\n|turn|2\n|\n|t:|1699469198\n|move|p1a: Machete|Crunch|p2a: Mew\n|-supereffective|p2a: Mew\n|-damage|p2a: Mew|0 fnt\n|faint|p2a: Mew\n|\n|upkeep\n|\n|t:|1699469204\n|switch|p2a: Dunkin Doughnuts|Hoopa|100\/100\n|turn|3\n|\n|t:|1699469212\n|move|p1a: Machete|Crunch|p2a: Dunkin Doughnuts\n|-supereffective|p2a: Dunkin Doughnuts\n|-damage|p2a: Dunkin Doughnuts|0 fnt\n|faint|p2a: Dunkin Doughnuts\n|\n|upkeep\n|\n|t:|1699469216\n|switch|p2a: birb|Zapdos|100\/100\n|-ability|p2a: birb|Pressure\n|turn|4\n|\n|t:|1699469221\n|move|p1a: Machete|Crunch|p2a: birb\n|-damage|p2a: birb|51\/100\n|move|p2a: birb|Thunder|p1a: Machete\n|-supereffective|p1a: Machete\n|-damage|p1a: Machete|0 fnt\n|faint|p1a: Machete\n|\n|upkeep\n|\n|t:|1699469238\n|switch|p1a: Sylvester|Inteleon, M|100\/100\n|turn|5\n|\n|t:|1699469246\n|move|p1a: Sylvester|Ice Beam|p2a: birb\n|-supereffective|p2a: birb\n|-damage|p2a: birb|0 fnt\n|faint|p2a: birb\n|\n|upkeep\n|\n|t:|1699469251\n|switch|p2a: Pink Wendy's|Diancie|100\/100\n|turn|6\n|\n|t:|1699469258\n|switch|p1a: Revavroom|Revavroom, M|100\/100\n|move|p2a: Pink Wendy's|Moonblast|p1a: Revavroom\n|-resisted|p1a: Revavroom\n|-damage|p1a: Revavroom|85\/100\n|\n|-heal|p1a: Revavroom|91\/100|[from] item: Leftovers\n|upkeep\n|turn|7\n|\n|t:|1699469280\n|switch|p2a: Starbucks|Jirachi|100\/100\n|move|p1a: Revavroom|Shift Gear|p1a: Revavroom\n|-boost|p1a: Revavroom|spe|2\n|-boost|p1a: Revavroom|atk|1\n|\n|-heal|p1a: Revavroom|97\/100|[from] item: Leftovers\n|upkeep\n|turn|8\n|\n|t:|1699469309\n|move|p1a: Revavroom|Iron Head|p2a: Starbucks\n|-resisted|p2a: Starbucks\n|-damage|p2a: Starbucks|67\/100\n|move|p2a: Starbucks|Future Sight|p1a: Revavroom\n|-start|p2a: Starbucks|move: Future Sight\n|\n|-heal|p1a: Revavroom|100\/100|[from] item: Leftovers\n|upkeep\n|turn|9\n|\n|t:|1699469331\n|move|p1a: Revavroom|Iron Head|p2a: Starbucks\n|-resisted|p2a: Starbucks\n|-damage|p2a: Starbucks|37\/100\n|move|p2a: Starbucks|Doom Desire||[still]\n|-fail|p2a: Starbucks\n|\n|upkeep\n|turn|10\n|\n|t:|1699469339\n|move|p1a: Revavroom|Iron Head|p2a: Starbucks\n|-resisted|p2a: Starbucks\n|-damage|p2a: Starbucks|3\/100\n|cant|p2a: Starbucks|flinch\n|\n|-end|p1a: Revavroom|move: Future Sight\n|-damage|p1a: Revavroom|23\/100\n|-heal|p1a: Revavroom|29\/100|[from] item: Leftovers\n|upkeep\n|turn|11\n|\n|t:|1699469349\n|move|p1a: Revavroom|Iron Head|p2a: Starbucks\n|-resisted|p2a: Starbucks\n|-damage|p2a: Starbucks|0 fnt\n|faint|p2a: Starbucks\n|\n|-heal|p1a: Revavroom|35\/100|[from] item: Leftovers\n|upkeep\n|\n|t:|1699469355\n|switch|p2a: me at 3am|Mimikyu, F|100\/100\n|turn|12\n|\n|t:|1699469361\n|move|p1a: Revavroom|Iron Head|p2a: me at 3am\n|-activate|p2a: me at 3am|ability: Disguise\n|-damage|p2a: me at 3am|100\/100\n|detailschange|p2a: me at 3am|Mimikyu-Busted, F\n|-damage|p2a: me at 3am|88\/100|[from] pokemon: Mimikyu-Busted\n|move|p2a: me at 3am|Giga Drain|p1a: Revavroom\n|-resisted|p1a: Revavroom\n|-damage|p1a: Revavroom|29\/100\n|-heal|p2a: me at 3am|91\/100|[from] drain|[of] p1a: Revavroom\n|\n|-heal|p1a: Revavroom|35\/100|[from] item: Leftovers\n|upkeep\n|turn|13\n|\n|t:|1699469375\n|move|p1a: Revavroom|Iron Head|p2a: me at 3am\n|-supereffective|p2a: me at 3am\n|-damage|p2a: me at 3am|0 fnt\n|faint|p2a: me at 3am\n|\n|-heal|p1a: Revavroom|41\/100|[from] item: Leftovers\n|upkeep\n|\n|t:|1699469381\n|switch|p2a: Pink Wendy's|Diancie|100\/100\n|turn|14\n|-activate|p2a: Pink Wendy's|item: Quick Claw\n|\n|t:|1699469384\n|move|p2a: Pink Wendy's|Moonblast|p1a: Revavroom\n|-resisted|p1a: Revavroom\n|-damage|p1a: Revavroom|24\/100\n|-unboost|p1a: Revavroom|spa|1\n|move|p1a: Revavroom|Iron Head|p2a: Pink Wendy's\n|-supereffective|p2a: Pink Wendy's\n|-damage|p2a: Pink Wendy's|0 fnt\n|faint|p2a: Pink Wendy's\n|\n|win|el agente D\n|raw|el agente D's rating: 1052 &rarr; <strong>1079<\/strong><br \/>(+27 for winning)\n|raw|Mollymew's rating: 1000 &rarr; <strong>1000<\/strong><br \/>(+0 for losing)\n|l|\u2606Mollymew\n","uploadtime":1699469401,"views":14,"p1id":"elagented","p2id":"mollymew","formatid":"gen9anythinggoes","rating":1000,"private":0,"password":""}