{"id":"gen9anythinggoes-1998782118","p1":"ghostlyplanets","p2":"AGLP 1","format":"[Gen 9] Anything Goes","log":"|j|\u2606ghostlyplanets\n|j|\u2606AGLP 1\n|t:|1700989719\n|gametype|singles\n|player|p1|ghostlyplanets|zirco-unite|1489\n|player|p2|AGLP 1|anabel|1630\n|teamsize|p1|6\n|teamsize|p2|6\n|gen|9\n|tier|[Gen 9] Anything Goes\n|rated|\n|rule|HP Percentage Mod: HP is shown in percentages\n|rule|Endless Battle Clause: Forcing endless battles is banned\n|clearpoke\n|poke|p1|Calyrex-Shadow|\n|poke|p1|Arceus-Ground|\n|poke|p1|Koraidon|\n|poke|p1|Arceus|\n|poke|p1|Eternatus|\n|poke|p1|Eternatus|\n|poke|p2|Calyrex-Shadow|\n|poke|p2|Zacian-*|\n|poke|p2|Landorus-Therian, M|\n|poke|p2|Ting-Lu|\n|poke|p2|Koraidon|\n|poke|p2|Arceus|\n|teampreview\n|inactive|Battle timer is ON: inactive players will automatically lose when time's up. (requested by AGLP 1)\n|inactive|AGLP 1 has 120 seconds left.\n|inactive|AGLP 1 has 90 seconds left.\n|\n|t:|1700989789\n|start\n|switch|p1a: Arceus|Arceus-Ground|100\/100\n|switch|p2a: Landorus|Landorus-Therian, M|100\/100\n|-ability|p2a: Landorus|Intimidate|boost\n|-unboost|p1a: Arceus|atk|1\n|turn|1\n|j| stp noob\n|inactive|ghostlyplanets has 120 seconds left.\n|l| stp noob\n|\n|t:|1700989833\n|move|p1a: Arceus|Icy Wind|p2a: Landorus\n|-supereffective|p2a: Landorus\n|-damage|p2a: Landorus|21\/100\n|-unboost|p2a: Landorus|spe|1\n|move|p2a: Landorus|Earthquake|p1a: Arceus\n|-damage|p1a: Arceus|64\/100\n|\n|upkeep\n|turn|2\n|\n|t:|1700989840\n|switch|p2a: Zacian|Zacian-Crowned|100\/100\n|-ability|p2a: Zacian|Intrepid Sword|boost\n|-boost|p2a: Zacian|atk|1\n|move|p1a: Arceus|Stealth Rock|p2a: Zacian\n|-sidestart|p2: AGLP 1|move: Stealth Rock\n|\n|upkeep\n|turn|3\n|\n|t:|1700989845\n|switch|p2a: Landorus|Landorus-Therian, M|21\/100\n|-damage|p2a: Landorus|8\/100|[from] Stealth Rock\n|-ability|p2a: Landorus|Intimidate|boost\n|-unboost|p1a: Arceus|atk|1\n|move|p1a: Arceus|Icy Wind|p2a: Landorus\n|-supereffective|p2a: Landorus\n|-damage|p2a: Landorus|0 fnt\n|faint|p2a: Landorus\n|\n|upkeep\n|\n|t:|1700989854\n|switch|p2a: Zacian|Zacian-Crowned|100\/100\n|-damage|p2a: Zacian|94\/100|[from] Stealth Rock\n|turn|4\n|\n|t:|1700989858\n|move|p2a: Zacian|Behemoth Blade|p1a: Arceus\n|-damage|p1a: Arceus|20\/100\n|move|p1a: Arceus|Judgment|p2a: Zacian\n|-supereffective|p2a: Zacian\n|-damage|p2a: Zacian|0 fnt\n|faint|p2a: Zacian\n|\n|upkeep\n|\n|t:|1700989873\n|switch|p2a: Koraidon|Koraidon|100\/100\n|-damage|p2a: Koraidon|94\/100|[from] Stealth Rock\n|-weather|SunnyDay|[from] ability: Orichalcum Pulse|[of] p2a: Koraidon\n|-activate|p2a: Koraidon|Orichalcum Pulse|[source]\n|turn|5\n|\n|t:|1700989903\n|move|p1a: Arceus|Icy Wind|p2a: Koraidon\n|-supereffective|p2a: Koraidon\n|-damage|p2a: Koraidon|59\/100\n|-unboost|p2a: Koraidon|spe|1\n|move|p2a: Koraidon|Scale Shot|p1a: Arceus\n|-crit|p1a: Arceus\n|-damage|p1a: Arceus|0 fnt\n|faint|p1a: Arceus\n|-hitcount|p1: Arceus|1\n|-unboost|p2a: Koraidon|def|1\n|-boost|p2a: Koraidon|spe|1\n|\n|-weather|SunnyDay|[upkeep]\n|upkeep\n|\n|t:|1700989912\n|switch|p1a: Koraidon|Koraidon|100\/100\n|-activate|p1a: Koraidon|ability: Orichalcum Pulse\n|turn|6\n|\n|t:|1700989923\n|move|p1a: Koraidon|Outrage|p2a: Koraidon\n|-supereffective|p2a: Koraidon\n|-damage|p2a: Koraidon|0 fnt\n|faint|p2a: Koraidon\n|\n|-weather|SunnyDay|[upkeep]\n|upkeep\n|\n|t:|1700989929\n|switch|p2a: Calyrex|Calyrex-Shadow|100\/100\n|-ability|p2a: Calyrex|As One\n|-ability|p2a: Calyrex|Unnerve\n|-damage|p2a: Calyrex|88\/100|[from] Stealth Rock\n|turn|7\n|\n|t:|1700989934\n|move|p2a: Calyrex|Psychic|p1a: Koraidon\n|-supereffective|p1a: Koraidon\n|-damage|p1a: Koraidon|0 fnt\n|faint|p1a: Koraidon\n|-ability|p2a: Calyrex|Grim Neigh|boost\n|-boost|p2a: Calyrex|spa|1\n|\n|-weather|SunnyDay|[upkeep]\n|upkeep\n|\n|t:|1700989939\n|switch|p1a: Calyrex|Calyrex-Shadow|100\/100\n|-ability|p1a: Calyrex|As One\n|-ability|p1a: Calyrex|Unnerve\n|turn|8\n|\n|t:|1700989944\n|switch|p2a: Ting-Lu|Ting-Lu|100\/100\n|-damage|p2a: Ting-Lu|94\/100|[from] Stealth Rock\n|-ability|p2a: Ting-Lu|Vessel of Ruin\n|move|p1a: Calyrex|Astral Barrage|p2a: Ting-Lu\n|-resisted|p2a: Ting-Lu\n|-damage|p2a: Ting-Lu|77\/100\n|\n|-weather|SunnyDay|[upkeep]\n|-heal|p2a: Ting-Lu|84\/100|[from] item: Leftovers\n|upkeep\n|turn|9\n|\n|t:|1700989967\n|switch|p1a: Eternatus|Eternatus|100\/100\n|-ability|p1a: Eternatus|Pressure\n|move|p2a: Ting-Lu|Payback|p1a: Eternatus\n|-damage|p1a: Eternatus|86\/100\n|\n|-weather|none\n|-heal|p1a: Eternatus|92\/100|[from] item: Leftovers\n|-heal|p2a: Ting-Lu|90\/100|[from] item: Leftovers\n|upkeep\n|turn|10\n|\n|t:|1700989975\n|move|p1a: Eternatus|Toxic|p2a: Ting-Lu\n|-status|p2a: Ting-Lu|tox\n|move|p2a: Ting-Lu|Earthquake|p1a: Eternatus\n|-supereffective|p1a: Eternatus\n|-crit|p1a: Eternatus\n|-damage|p1a: Eternatus|8\/100\n|\n|-heal|p1a: Eternatus|14\/100|[from] item: Leftovers\n|-heal|p2a: Ting-Lu|96\/100 tox|[from] item: Leftovers\n|-damage|p2a: Ting-Lu|90\/100 tox|[from] psn\n|upkeep\n|turn|11\n|\n|t:|1700989993\n|move|p1a: Eternatus|Recover|p1a: Eternatus\n|-heal|p1a: Eternatus|64\/100\n|move|p2a: Ting-Lu|Spikes|p1a: Eternatus\n|-sidestart|p1: ghostlyplanets|Spikes\n|\n|-heal|p1a: Eternatus|70\/100|[from] item: Leftovers\n|-heal|p2a: Ting-Lu|96\/100 tox|[from] item: Leftovers\n|-damage|p2a: Ting-Lu|84\/100 tox|[from] psn\n|upkeep\n|turn|12\n|\n|t:|1700989998\n|move|p1a: Eternatus|Cosmic Power|p1a: Eternatus\n|-boost|p1a: Eternatus|def|1\n|-boost|p1a: Eternatus|spd|1\n|move|p2a: Ting-Lu|Earthquake|p1a: Eternatus\n|-supereffective|p1a: Eternatus\n|-damage|p1a: Eternatus|36\/100\n|\n|-heal|p1a: Eternatus|42\/100|[from] item: Leftovers\n|-heal|p2a: Ting-Lu|90\/100 tox|[from] item: Leftovers\n|-damage|p2a: Ting-Lu|71\/100 tox|[from] psn\n|upkeep\n|turn|13\n|\n|t:|1700990004\n|move|p1a: Eternatus|Cosmic Power|p1a: Eternatus\n|-boost|p1a: Eternatus|def|1\n|-boost|p1a: Eternatus|spd|1\n|move|p2a: Ting-Lu|Whirlwind|p1a: Eternatus\n|drag|p1a: Calyrex|Calyrex-Shadow|100\/100\n|-ability|p1a: Calyrex|As One\n|-ability|p1a: Calyrex|Unnerve\n|-damage|p1a: Calyrex|88\/100|[from] Spikes\n|\n|-heal|p2a: Ting-Lu|77\/100 tox|[from] item: Leftovers\n|-damage|p2a: Ting-Lu|52\/100 tox|[from] psn\n|upkeep\n|turn|14\n|\n|t:|1700990010\n|move|p1a: Calyrex|Baton Pass|p1a: Calyrex\n|\n|t:|1700990016\n|switch|p1a: Eternatus|Eternatus|42\/100|[from] Baton Pass\n|-damage|p1a: Eternatus|29\/100|[from] Spikes\n|-ability|p1a: Eternatus|Pressure\n|move|p2a: Ting-Lu|Payback|p1a: Eternatus\n|-damage|p1a: Eternatus|17\/100\n|\n|-heal|p1a: Eternatus|23\/100|[from] item: Leftovers\n|-heal|p2a: Ting-Lu|59\/100 tox|[from] item: Leftovers\n|-damage|p2a: Ting-Lu|28\/100 tox|[from] psn\n|upkeep\n|turn|15\n|\n|t:|1700990030\n|move|p1a: Eternatus|Recover|p1a: Eternatus\n|-heal|p1a: Eternatus|73\/100\n|move|p2a: Ting-Lu|Spikes|p1a: Eternatus\n|-sidestart|p1: ghostlyplanets|Spikes\n|\n|-heal|p1a: Eternatus|79\/100|[from] item: Leftovers\n|-heal|p2a: Ting-Lu|34\/100 tox|[from] item: Leftovers\n|-damage|p2a: Ting-Lu|0 fnt|[from] psn\n|faint|p2a: Ting-Lu\n|upkeep\n|\n|t:|1700990034\n|switch|p2a: Calyrex|Calyrex-Shadow|88\/100\n|-ability|p2a: Calyrex|As One\n|-ability|p2a: Calyrex|Unnerve\n|-damage|p2a: Calyrex|76\/100|[from] Stealth Rock\n|turn|16\n|inactive|ghostlyplanets has 120 seconds left.\n|\n|t:|1700990072\n|switch|p1a: Arceus|Arceus|100\/100\n|move|p2a: Calyrex|Psychic|p1a: Arceus\n|-damage|p1a: Arceus|61\/100\n|\n|upkeep\n|turn|17\n|inactive|ghostlyplanets has 120 seconds left.\n|\n|t:|1700990080\n|switch|p2a: Arceus|Arceus|100\/100\n|move|p1a: Arceus|Shadow Claw|p2a: Arceus\n|-immune|p2a: Arceus\n|\n|upkeep\n|turn|18\n|\n|t:|1700990084\n|move|p1a: Arceus|Swords Dance|p1a: Arceus\n|-boost|p1a: Arceus|atk|2\n|move|p2a: Arceus|Swords Dance|p2a: Arceus\n|-boost|p2a: Arceus|atk|2\n|\n|upkeep\n|turn|19\n|\n|t:|1700990089\n|move|p2a: Arceus|Extreme Speed|p1a: Arceus\n|-damage|p1a: Arceus|5\/100\n|move|p1a: Arceus|Shadow Claw|p2a: Arceus\n|-immune|p2a: Arceus\n|\n|upkeep\n|turn|20\n|c|\u2606ghostlyplanets|damn\n|\n|t:|1700990096\n|move|p1a: Arceus|Extreme Speed|p2a: Arceus\n|-damage|p2a: Arceus|45\/100\n|move|p2a: Arceus|Extreme Speed|p1a: Arceus\n|-damage|p1a: Arceus|0 fnt\n|faint|p1a: Arceus\n|\n|upkeep\n|c|\u2606ghostlyplanets|thought u were tera ghost frrfr\n|\n|t:|1700990105\n|switch|p1a: Eternatus|Eternatus|100\/100\n|-damage|p1a: Eternatus|84\/100|[from] Spikes\n|-ability|p1a: Eternatus|Pressure\n|turn|21\n|\n|t:|1700990116\n|move|p2a: Arceus|Extreme Speed|p1a: Eternatus\n|-damage|p1a: Eternatus|10\/100\n|move|p1a: Eternatus|Dynamax Cannon|p2a: Arceus\n|-damage|p2a: Arceus|0 fnt\n|faint|p2a: Arceus\n|-damage|p1a: Eternatus|0 fnt|[from] item: Life Orb\n|faint|p1a: Eternatus\n|\n|upkeep\n|\n|t:|1700990129\n|switch|p1a: Calyrex|Calyrex-Shadow|88\/100\n|switch|p2a: Calyrex|Calyrex-Shadow|76\/100\n|-ability|p2a: Calyrex|As One\n|-ability|p2a: Calyrex|Unnerve\n|-ability|p1a: Calyrex|As One\n|-ability|p1a: Calyrex|Unnerve\n|-damage|p2a: Calyrex|64\/100|[from] Stealth Rock\n|-damage|p1a: Calyrex|72\/100|[from] Spikes\n|turn|22\n|c|\u2606AGLP 1|Speed tie\n|c|\u2606ghostlyplanets|currect\n|\n|t:|1700990139\n|-terastallize|p1a: Calyrex|Normal\n|move|p2a: Calyrex|Astral Barrage|p1a: Calyrex\n|-immune|p1a: Calyrex\n|move|p1a: Calyrex|Astral Barrage|p2a: Calyrex\n|-supereffective|p2a: Calyrex\n|-damage|p2a: Calyrex|0 fnt\n|faint|p2a: Calyrex\n|\n|win|ghostlyplanets\n|raw|ghostlyplanets's rating: 1489 &rarr; <strong>1517<\/strong><br \/>(+28 for winning)\n|raw|AGLP 1's rating: 1630 &rarr; <strong>1602<\/strong><br \/>(-28 for losing)\n|c|\u2606ghostlyplanets|:)\n|c|\u2606ghostlyplanets|ggwp\n|c|\u2606AGLP 1|Oh gg\n|c|\u2606ghostlyplanets|wht wer eu\n|c|\u2606ghostlyplanets|tera?\n|c|\u2606AGLP 1|Terra normal\n|c|\u2606AGLP 1|I dont like terra\n|c|\u2606ghostlyplanets|rip..\n|l|\u2606AGLP 1\n","uploadtime":1700990199,"views":0,"p1id":"ghostlyplanets","p2id":"aglp1","formatid":"gen9anythinggoes","rating":1517,"private":0,"password":""}