{"id":"gen9anythinggoes-1988087258","p1":"savagewolf98420","p2":"samiew","format":"[Gen 9] Anything Goes","log":"|j|\u2606savagewolf98420\n|j|\u2606samiew\n|t:|1699667955\n|gametype|singles\n|player|p1|savagewolf98420|koga|1262\n|player|p2|samiew|dahlia|1259\n|teamsize|p1|6\n|teamsize|p2|6\n|gen|9\n|tier|[Gen 9] Anything Goes\n|rated|\n|rule|HP Percentage Mod: HP is shown in percentages\n|rule|Endless Battle Clause: Forcing endless battles is banned\n|clearpoke\n|poke|p1|Koraidon|\n|poke|p1|Lilligant-Hisui, F|\n|poke|p1|Toxapex, M|\n|poke|p1|Jirachi|\n|poke|p1|Arcanine-Hisui, M|\n|poke|p1|Eternatus|\n|poke|p2|Gliscor, M|\n|poke|p2|Garganacl, F|\n|poke|p2|Goodra-Hisui, F|\n|poke|p2|Clodsire, M|\n|poke|p2|Pelipper, F|\n|poke|p2|Ribombee, M|\n|teampreview\n|inactive|Battle timer is ON: inactive players will automatically lose when time's up. (requested by samiew)\n|\n|t:|1699667965\n|start\n|switch|p1a: Jirachi|Jirachi|100\/100\n|switch|p2a: Gliscor|Gliscor, M|100\/100\n|turn|1\n|\n|t:|1699667974\n|move|p2a: Gliscor|Protect|p2a: Gliscor\n|-singleturn|p2a: Gliscor|Protect\n|move|p1a: Jirachi|Ice Punch|p2a: Gliscor\n|-activate|p2a: Gliscor|move: Protect\n|\n|-status|p2a: Gliscor|tox|[from] item: Toxic Orb\n|upkeep\n|turn|2\n|\n|t:|1699667986\n|switch|p2a: Garganacl|Garganacl, F, shiny|100\/100\n|move|p1a: Jirachi|Ice Punch|p2a: Garganacl\n|-damage|p2a: Garganacl|88\/100\n|-damage|p1a: Jirachi|84\/100|[from] item: Rocky Helmet|[of] p2a: Garganacl\n|\n|upkeep\n|turn|3\n|\n|t:|1699668002\n|switch|p1a: Toxapex|Toxapex, M|100\/100\n|move|p2a: Garganacl|Iron Defense|p2a: Garganacl\n|-boost|p2a: Garganacl|def|2\n|\n|upkeep\n|turn|4\n|\n|t:|1699668012\n|move|p1a: Toxapex|Haze|p1a: Toxapex\n|-clearallboost\n|move|p2a: Garganacl|Salt Cure|p1a: Toxapex\n|-damage|p1a: Toxapex|93\/100\n|-start|p1a: Toxapex|Salt Cure\n|\n|-heal|p1a: Toxapex|99\/100|[from] item: Leftovers\n|-damage|p1a: Toxapex|74\/100|[from] Salt Cure\n|upkeep\n|turn|5\n|\n|t:|1699668023\n|switch|p2a: Clodsire|Clodsire, M|100\/100\n|move|p1a: Toxapex|Liquidation|p2a: Clodsire\n|-immune|p2a: Clodsire|[from] ability: Water Absorb\n|\n|-heal|p1a: Toxapex|80\/100|[from] item: Leftovers\n|-damage|p1a: Toxapex|55\/100|[from] Salt Cure\n|upkeep\n|turn|6\n|\n|t:|1699668045\n|switch|p1a: Koraidon|Koraidon|100\/100\n|-weather|SunnyDay|[from] ability: Orichalcum Pulse|[of] p1a: Koraidon\n|-activate|p1a: Koraidon|Orichalcum Pulse|[source]\n|move|p2a: Clodsire|Earthquake|p1a: Koraidon\n|-damage|p1a: Koraidon|76\/100\n|\n|-weather|SunnyDay|[upkeep]\n|upkeep\n|turn|7\n|inactive|savagewolf98420 has 120 seconds left.\n|\n|t:|1699668062\n|switch|p2a: Pelipper|Pelipper, F, shiny|100\/100\n|-weather|RainDance|[from] ability: Drizzle|[of] p2a: Pelipper\n|move|p1a: Koraidon|U-turn|p2a: Pelipper\n|-resisted|p2a: Pelipper\n|-damage|p2a: Pelipper|83\/100\n|inactive|savagewolf98420 has 120 seconds left.\n|\n|t:|1699668072\n|switch|p1a: Arcanine|Arcanine-Hisui, M, shiny|100\/100|[from] U-turn\n|\n|-weather|RainDance|[upkeep]\n|upkeep\n|turn|8\n|\n|t:|1699668085\n|switch|p2a: Garganacl|Garganacl, F, shiny|88\/100\n|-terastallize|p1a: Arcanine|Electric\n|move|p1a: Arcanine|Wild Charge|p2a: Garganacl\n|-damage|p2a: Garganacl|65\/100\n|-damage|p1a: Arcanine|84\/100|[from] item: Rocky Helmet|[of] p2a: Garganacl\n|\n|-weather|RainDance|[upkeep]\n|upkeep\n|turn|9\n|\n|t:|1699668097\n|move|p1a: Arcanine|Head Smash|p2a: Garganacl|[miss]\n|-miss|p1a: Arcanine|p2a: Garganacl\n|move|p2a: Garganacl|Iron Defense|p2a: Garganacl\n|-boost|p2a: Garganacl|def|2\n|\n|-weather|RainDance|[upkeep]\n|upkeep\n|turn|10\n|\n|t:|1699668106\n|switch|p1a: Jirachi|Jirachi|84\/100\n|move|p2a: Garganacl|Iron Defense|p2a: Garganacl\n|-boost|p2a: Garganacl|def|2\n|\n|-weather|RainDance|[upkeep]\n|upkeep\n|turn|11\n|\n|t:|1699668114\n|move|p1a: Jirachi|Iron Head|p2a: Garganacl\n|-supereffective|p2a: Garganacl\n|-damage|p2a: Garganacl|51\/100\n|-damage|p1a: Jirachi|68\/100|[from] item: Rocky Helmet|[of] p2a: Garganacl\n|cant|p2a: Garganacl|flinch\n|\n|-weather|none\n|upkeep\n|turn|12\n|\n|t:|1699668123\n|move|p1a: Jirachi|Iron Head|p2a: Garganacl\n|-supereffective|p2a: Garganacl\n|-crit|p2a: Garganacl\n|-damage|p2a: Garganacl|0 fnt\n|-damage|p1a: Jirachi|51\/100|[from] item: Rocky Helmet|[of] p2a: Garganacl\n|faint|p2a: Garganacl\n|\n|upkeep\n|-message|samiew forfeited.\n|\n|win|savagewolf98420\n|raw|savagewolf98420's rating: 1262 &rarr; <strong>1289<\/strong><br \/>(+27 for winning)\n|raw|samiew's rating: 1291 &rarr; <strong>1264<\/strong><br \/>(-27 for losing)\n|l|\u2606samiew\n","uploadtime":1699668146,"views":4,"p1id":"savagewolf98420","p2id":"samiew","formatid":"gen9anythinggoes","rating":1264,"private":0,"password":""}