{"id":"gen9anythinggoes-1984013120","p1":"trapjnr","p2":"krookodilemoxie","format":"[Gen 9] Anything Goes","log":"|j|\u2606trapjnr\n|j|\u2606krookodilemoxie\n|t:|1699209777\n|gametype|singles\n|player|p1|trapjnr|266|1282\n|player|p2|krookodilemoxie|byron|1336\n|teamsize|p1|6\n|teamsize|p2|6\n|gen|9\n|tier|[Gen 9] Anything Goes\n|rated|\n|rule|HP Percentage Mod: HP is shown in percentages\n|rule|Endless Battle Clause: Forcing endless battles is banned\n|clearpoke\n|poke|p1|Miraidon|\n|poke|p1|Murkrow, M|\n|poke|p1|Cinderace, F|\n|poke|p1|Drifblim, F|\n|poke|p1|Giratina|\n|poke|p1|Manaphy|\n|poke|p2|Lokix, M|\n|poke|p2|Pawmot, F|\n|poke|p2|Kingambit, F|\n|poke|p2|Annihilape, M|\n|poke|p2|Kleavor, M|\n|poke|p2|Arceus-Steel|\n|teampreview\n|inactive|Battle timer is ON: inactive players will automatically lose when time's up. (requested by trapjnr)\n|inactive|krookodilemoxie has 120 seconds left.\n|\n|t:|1699209827\n|start\n|switch|p1a: Murkrow|Murkrow, M|100\/100\n|switch|p2a: Isaac|Kleavor, M|100\/100\n|turn|1\n|\n|t:|1699209834\n|move|p1a: Murkrow|Tailwind|p1a: Murkrow\n|-sidestart|p1: trapjnr|move: Tailwind\n|move|p2a: Isaac|Stone Axe|p1a: Murkrow\n|-supereffective|p1a: Murkrow\n|-enditem|p1a: Murkrow|Focus Sash\n|-damage|p1a: Murkrow|1\/100\n|-sidestart|p1: trapjnr|move: Stealth Rock\n|\n|upkeep\n|turn|2\n|\n|t:|1699209841\n|move|p1a: Murkrow|Perish Song|p1a: Murkrow\n|-start|p1a: Murkrow|perish3|[silent]\n|-start|p2a: Isaac|perish3|[silent]\n|-fieldactivate|move: Perish Song\n|move|p2a: Isaac|Stone Axe|p1a: Murkrow\n|-supereffective|p1a: Murkrow\n|-damage|p1a: Murkrow|0 fnt\n|faint|p1a: Murkrow\n|\n|-start|p2a: Isaac|perish3\n|upkeep\n|\n|t:|1699209847\n|switch|p1a: Drifblim|Drifblim, F|100\/100\n|-damage|p1a: Drifblim|76\/100|[from] Stealth Rock\n|turn|3\n|\n|t:|1699209857\n|-terastallize|p1a: Drifblim|Dark\n|move|p1a: Drifblim|Substitute|p1a: Drifblim\n|-start|p1a: Drifblim|Substitute\n|-damage|p1a: Drifblim|51\/100\n|move|p2a: Isaac|Stone Axe|p1a: Drifblim\n|-end|p1a: Drifblim|Substitute\n|\n|-start|p2a: Isaac|perish2\n|upkeep\n|turn|4\n|\n|t:|1699209866\n|move|p1a: Drifblim|Substitute|p1a: Drifblim\n|-start|p1a: Drifblim|Substitute\n|-damage|p1a: Drifblim|26\/100\n|-enditem|p1a: Drifblim|Sitrus Berry|[eat]\n|-heal|p1a: Drifblim|51\/100|[from] item: Sitrus Berry\n|move|p2a: Isaac|X-Scissor|p1a: Drifblim\n|-supereffective|p1a: Drifblim\n|-end|p1a: Drifblim|Substitute\n|\n|-start|p2a: Isaac|perish1\n|-sideend|p1: trapjnr|move: Tailwind\n|upkeep\n|turn|5\n|\n|t:|1699209876\n|move|p1a: Drifblim|Substitute|p1a: Drifblim\n|-start|p1a: Drifblim|Substitute\n|-damage|p1a: Drifblim|26\/100\n|move|p2a: Isaac|X-Scissor|p1a: Drifblim\n|-supereffective|p1a: Drifblim\n|-end|p1a: Drifblim|Substitute\n|\n|-start|p2a: Isaac|perish0\n|upkeep\n|faint|p2a: Isaac\n|\n|t:|1699209881\n|switch|p2a: Trevor Belmont|Lokix, M|100\/100\n|turn|6\n|\n|t:|1699209884\n|move|p2a: Trevor Belmont|First Impression|p1a: Drifblim\n|-supereffective|p1a: Drifblim\n|-damage|p1a: Drifblim|0 fnt\n|faint|p1a: Drifblim\n|-damage|p2a: Trevor Belmont|91\/100|[from] item: Life Orb\n|\n|upkeep\n|\n|t:|1699209888\n|switch|p1a: Cinderace|Cinderace, F|100\/100\n|turn|7\n|\n|t:|1699209893\n|move|p1a: Cinderace|Court Change|p1a: Cinderace\n|-start|p1a: Cinderace|typechange|Normal|[from] ability: Libero\n|-swapsideconditions\n|-activate|p1a: Cinderace|move: Court Change\n|move|p2a: Trevor Belmont|Axe Kick|p1a: Cinderace\n|-supereffective|p1a: Cinderace\n|-damage|p1a: Cinderace|0 fnt\n|faint|p1a: Cinderace\n|-damage|p2a: Trevor Belmont|81\/100|[from] item: Life Orb\n|\n|upkeep\n|\n|t:|1699209904\n|switch|p1a: Miraidon|Miraidon|100\/100\n|-fieldstart|move: Electric Terrain|[from] ability: Hadron Engine|[of] p1a: Miraidon\n|turn|8\n|\n|t:|1699209908\n|switch|p2a: Sypha Belnades|Pawmot, F, shiny|100\/100\n|-damage|p2a: Sypha Belnades|94\/100|[from] Stealth Rock\n|move|p1a: Miraidon|Electro Drift|p2a: Sypha Belnades\n|-heal|p2a: Sypha Belnades|100\/100|[from] ability: Volt Absorb|[of] p1a: Miraidon\n|\n|upkeep\n|turn|9\n|\n|t:|1699209915\n|switch|p1a: Giratina|Giratina|100\/100\n|-ability|p1a: Giratina|Pressure\n|move|p2a: Sypha Belnades|Thunder|p1a: Giratina\n|-resisted|p1a: Giratina\n|-damage|p1a: Giratina|88\/100\n|\n|upkeep\n|turn|10\n|\n|t:|1699209938\n|switch|p2a: Death|Arceus-Steel|100\/100\n|-damage|p2a: Death|94\/100|[from] Stealth Rock\n|move|p1a: Giratina|Will-O-Wisp|p2a: Death\n|-status|p2a: Death|brn\n|\n|-damage|p2a: Death|88\/100 brn|[from] brn\n|upkeep\n|turn|11\n|\n|t:|1699209947\n|move|p2a: Death|Charge Beam|p1a: Giratina|[miss]\n|-miss|p2a: Death|p1a: Giratina\n|move|p1a: Giratina|Hex|p2a: Death\n|-crit|p2a: Death\n|-damage|p2a: Death|37\/100 brn\n|\n|-damage|p2a: Death|31\/100 brn|[from] brn\n|upkeep\n|turn|12\n|\n|t:|1699209952\n|move|p2a: Death|Steel Beam|p1a: Giratina\n|-damage|p1a: Giratina|59\/100\n|-damage|p2a: Death|0 fnt|[from] steelbeam\n|faint|p2a: Death\n|move|p1a: Giratina|Hex|p2: Death|[notarget]\n|-fail|p1a: Giratina\n|\n|-fieldend|move: Electric Terrain\n|upkeep\n|\n|t:|1699209970\n|switch|p2a: Dracula|Annihilape, M|100\/100\n|-damage|p2a: Dracula|94\/100|[from] Stealth Rock\n|turn|13\n|\n|t:|1699209974\n|move|p2a: Dracula|Bulk Up|p2a: Dracula\n|-boost|p2a: Dracula|atk|1\n|-boost|p2a: Dracula|def|1\n|move|p1a: Giratina|Will-O-Wisp|p2a: Dracula|[miss]\n|-miss|p1a: Giratina|p2a: Dracula\n|\n|upkeep\n|turn|14\n|\n|t:|1699209979\n|move|p2a: Dracula|Bulk Up|p2a: Dracula\n|-boost|p2a: Dracula|atk|1\n|-boost|p2a: Dracula|def|1\n|move|p1a: Giratina|Will-O-Wisp|p2a: Dracula\n|-status|p2a: Dracula|brn\n|\n|-damage|p2a: Dracula|88\/100 brn|[from] brn\n|upkeep\n|turn|15\n|\n|t:|1699209982\n|-terastallize|p2a: Dracula|Normal\n|move|p2a: Dracula|Bulk Up|p2a: Dracula\n|-boost|p2a: Dracula|atk|1\n|-boost|p2a: Dracula|def|1\n|move|p1a: Giratina|Hex|p2a: Dracula\n|-immune|p2a: Dracula\n|\n|-damage|p2a: Dracula|82\/100 brn|[from] brn\n|upkeep\n|turn|16\n|l|\u2606trapjnr\n|inactive|trapjnr disconnected and has a minute to reconnect!\n|player|p1|\n|inactive|trapjnr has 30 seconds to reconnect!\n|inactive|trapjnr has 20 seconds to reconnect!\n|inactive|trapjnr has 15 seconds to reconnect!\n|j|\u2606trapjnr\n|inactive|trapjnr reconnected and has 90 seconds left.\n|player|p1|trapjnr|266\n|inactive|trapjnr has 60 seconds left.\n|inactive|trapjnr has 30 seconds left.\n|inactive|trapjnr has 20 seconds left.\n|j|%susciety\n|inactive|trapjnr has 15 seconds left.\n|inactive|trapjnr has 10 seconds left.\n|inactive|trapjnr has 5 seconds left.\n|c|\u2606krookodilemoxie|you are getting reported btw\n|-message|trapjnr lost due to inactivity.\n|\n|win|krookodilemoxie\n|raw|trapjnr's rating: 1282 &rarr; <strong>1261<\/strong><br \/>(-21 for losing)\n|raw|krookodilemoxie's rating: 1336 &rarr; <strong>1353<\/strong><br \/>(+17 for winning)\n","uploadtime":1699210110,"views":5,"p1id":"trapjnr","p2id":"krookodilemoxie","formatid":"gen9anythinggoes","rating":1261,"private":0,"password":""}