{"id":"gen9anythinggoes-1973086159","p1":"WeaselmanWasTaken","p2":"Kaiokaner","format":"[Gen 9] Anything Goes","log":"|j|\u2606WeaselmanWasTaken\n|j|\u2606Kaiokaner\n|t:|1697926054\n|gametype|singles\n|player|p1|WeaselmanWasTaken|pokekid|\n|player|p2|Kaiokaner|siebold|\n|teamsize|p1|6\n|teamsize|p2|6\n|gen|9\n|tier|[Gen 9] Anything Goes\n|rule|HP Percentage Mod: HP is shown in percentages\n|rule|Endless Battle Clause: Forcing endless battles is banned\n|clearpoke\n|poke|p1|Lokix, F|\n|poke|p1|Great Tusk|\n|poke|p1|Eelektross, F|\n|poke|p1|Muk-Alola, F|\n|poke|p1|Goodra-Hisui, M|\n|poke|p1|Barraskewda, F|\n|poke|p2|Chi-Yu|\n|poke|p2|Jolteon, F|\n|poke|p2|Grimmsnarl, M|\n|poke|p2|Slither Wing|\n|poke|p2|Torkoal, F|\n|poke|p2|Lilligant-Hisui, F|\n|teampreview\n|inactive|Battle timer is ON: inactive players will automatically lose when time's up. (requested by WeaselmanWasTaken)\n|c|\u2606WeaselmanWasTaken|you got the thing?\n|j| PorygonTheBot\n|c| PorygonTheBot|You got this!\n|j| Sigtrick\n|inactive|WeaselmanWasTaken has 270 seconds left.\n|inactive|Kaiokaner has 270 seconds left.\n|\n|t:|1697926105\n|start\n|switch|p1a: Anyway You Want It|Lokix, F|100\/100\n|switch|p2a: Grimmsnarl|Grimmsnarl, M|100\/100\n|turn|1\n|\n|t:|1697926116\n|-terastallize|p1a: Anyway You Want It|Bug\n|move|p1a: Anyway You Want It|First Impression|p2a: Grimmsnarl\n|-damage|p2a: Grimmsnarl|13\/100\n|move|p2a: Grimmsnarl|Trick|p1a: Anyway You Want It\n|-activate|p2a: Grimmsnarl|move: Trick|[of] p1a: Anyway You Want It\n|-item|p1a: Anyway You Want It|Flame Orb|[from] move: Trick\n|-item|p2a: Grimmsnarl|Choice Band|[from] move: Trick\n|\n|-status|p1a: Anyway You Want It|brn|[from] item: Flame Orb\n|upkeep\n|turn|2\n|\n|t:|1697926130\n|switch|p1a: Mamma Mia|Muk-Alola, F|100\/100\n|move|p2a: Grimmsnarl|Parting Shot|p1a: Mamma Mia\n|-hint|Since gen 7, Dark is immune to Prankster moves.\n|-immune|p1a: Mamma Mia\n|\n|upkeep\n|turn|3\n|\n|t:|1697926152\n|switch|p2a: Torkoal|Torkoal, F|100\/100\n|-weather|SunnyDay|[from] ability: Drought|[of] p2a: Torkoal\n|move|p1a: Mamma Mia|Brick Break|p2a: Torkoal\n|-damage|p2a: Torkoal|89\/100\n|\n|-weather|SunnyDay|[upkeep]\n|upkeep\n|turn|4\n|inactive|Kaiokaner has 270 seconds left.\n|\n|t:|1697926192\n|move|p1a: Mamma Mia|Knock Off|p2a: Torkoal\n|-damage|p2a: Torkoal|66\/100\n|-enditem|p2a: Torkoal|Heavy-Duty Boots|[from] move: Knock Off|[of] p1a: Mamma Mia\n|move|p2a: Torkoal|Earth Power|p1a: Mamma Mia\n|-supereffective|p1a: Mamma Mia\n|-damage|p1a: Mamma Mia|79\/100\n|\n|-weather|SunnyDay|[upkeep]\n|upkeep\n|turn|5\n|j| Da_Tall_One\n|\n|t:|1697926202\n|switch|p1a: Liver Failure|Goodra-Hisui, M|100\/100\n|switch|p2a: Slither Wing|Slither Wing|100\/100\n|-activate|p2a: Slither Wing|ability: Protosynthesis\n|-start|p2a: Slither Wing|protosynthesisatk\n|\n|-weather|SunnyDay|[upkeep]\n|upkeep\n|turn|6\n|inactive|Kaiokaner has 240 seconds left.\n|\n|t:|1697926242\n|switch|p1a: Scent Of Love|Great Tusk|100\/100\n|-activate|p1a: Scent Of Love|ability: Protosynthesis\n|-start|p1a: Scent Of Love|protosynthesisatk\n|move|p2a: Slither Wing|Close Combat|p1a: Scent Of Love\n|-damage|p1a: Scent Of Love|40\/100\n|-unboost|p2a: Slither Wing|def|1\n|-unboost|p2a: Slither Wing|spd|1\n|\n|-weather|SunnyDay|[upkeep]\n|upkeep\n|turn|7\n|\n|t:|1697926258\n|move|p2a: Slither Wing|Close Combat|p1a: Scent Of Love\n|-damage|p1a: Scent Of Love|0 fnt\n|-unboost|p2a: Slither Wing|def|1\n|-unboost|p2a: Slither Wing|spd|1\n|faint|p1a: Scent Of Love\n|-end|p1a: Scent Of Love|Protosynthesis|[silent]\n|\n|-weather|none\n|-end|p2a: Slither Wing|Protosynthesis\n|upkeep\n|\n|t:|1697926265\n|switch|p1a: Anyway You Want It|Lokix, F, tera:Bug|100\/100 brn\n|turn|8\n|\n|t:|1697926271\n|-end|p2a: Slither Wing|Protosynthesis|[silent]\n|switch|p2a: Torkoal|Torkoal, F|66\/100\n|-weather|SunnyDay|[from] ability: Drought|[of] p2a: Torkoal\n|move|p1a: Anyway You Want It|First Impression|p2a: Torkoal\n|-resisted|p2a: Torkoal\n|-damage|p2a: Torkoal|48\/100\n|\n|-weather|SunnyDay|[upkeep]\n|-damage|p1a: Anyway You Want It|94\/100 brn|[from] brn\n|upkeep\n|turn|9\n|\n|t:|1697926284\n|switch|p1a: Liver Failure|Goodra-Hisui, M|100\/100\n|move|p2a: Torkoal|Stealth Rock|p1a: Liver Failure\n|-sidestart|p1: WeaselmanWasTaken|move: Stealth Rock\n|\n|-weather|SunnyDay|[upkeep]\n|upkeep\n|turn|10\n|\n|t:|1697926294\n|switch|p2a: Grimmsnarl|Grimmsnarl, M|13\/100\n|move|p1a: Liver Failure|Rain Dance|p1a: Liver Failure\n|-weather|RainDance\n|\n|-weather|RainDance|[upkeep]\n|upkeep\n|turn|11\n|\n|t:|1697926306\n|switch|p1a: Anyway You Want It|Lokix, F, tera:Bug|94\/100 brn\n|-damage|p1a: Anyway You Want It|70\/100 brn|[from] Stealth Rock\n|move|p2a: Grimmsnarl|Spirit Break|p1a: Anyway You Want It\n|-damage|p1a: Anyway You Want It|1\/100 brn\n|-unboost|p1a: Anyway You Want It|spa|1\n|\n|-weather|RainDance|[upkeep]\n|-damage|p1a: Anyway You Want It|0 fnt|[from] brn\n|faint|p1a: Anyway You Want It\n|upkeep\n|\n|t:|1697926318\n|switch|p1a: French Girl|Barraskewda, F, shiny|100\/100\n|-damage|p1a: French Girl|88\/100|[from] Stealth Rock\n|turn|12\n|inactive|Kaiokaner has 240 seconds left.\n|l| Da_Tall_One\n|\n|t:|1697926354\n|move|p1a: French Girl|Liquidation|p2a: Grimmsnarl\n|-damage|p2a: Grimmsnarl|0 fnt\n|faint|p2a: Grimmsnarl\n|\n|-weather|RainDance|[upkeep]\n|upkeep\n|j| Da_Tall_One\n|j| Agent D01\n|inactive|Kaiokaner has 210 seconds left.\n|\n|t:|1697926376\n|switch|p2a: Torkoal|Torkoal, F|48\/100\n|-weather|SunnyDay|[from] ability: Drought|[of] p2a: Torkoal\n|turn|13\n|inactive|Kaiokaner has 210 seconds left.\n|\n|t:|1697926414\n|switch|p1a: September|Eelektross, F|100\/100\n|-damage|p1a: September|88\/100|[from] Stealth Rock\n|switch|p2a: Chi-Yu|Chi-Yu|100\/100\n|-ability|p2a: Chi-Yu|Beads of Ruin\n|\n|-weather|SunnyDay|[upkeep]\n|upkeep\n|turn|14\n|inactive|Kaiokaner has 180 seconds left.\n|\n|t:|1697926440\n|move|p2a: Chi-Yu|Flamethrower|p1a: September\n|-damage|p1a: September|39\/100\n|move|p1a: September|Stomping Tantrum|p2a: Chi-Yu\n|-supereffective|p2a: Chi-Yu\n|-damage|p2a: Chi-Yu|36\/100\n|\n|-weather|SunnyDay|[upkeep]\n|upkeep\n|turn|15\n|\n|t:|1697926455\n|switch|p1a: Mamma Mia|Muk-Alola, F|79\/100\n|-damage|p1a: Mamma Mia|67\/100|[from] Stealth Rock\n|move|p2a: Chi-Yu|Flamethrower|p1a: Mamma Mia\n|-damage|p1a: Mamma Mia|13\/100\n|\n|-weather|SunnyDay|[upkeep]\n|upkeep\n|turn|16\n|inactive|Kaiokaner has 180 seconds left.\n|\n|t:|1697926462\n|move|p2a: Chi-Yu|Flamethrower|p1a: Mamma Mia\n|-damage|p1a: Mamma Mia|0 fnt\n|faint|p1a: Mamma Mia\n|\n|-weather|SunnyDay|[upkeep]\n|upkeep\n|\n|t:|1697926482\n|switch|p1a: Liver Failure|Goodra-Hisui, M|100\/100\n|-damage|p1a: Liver Failure|94\/100|[from] Stealth Rock\n|turn|17\n|\n|t:|1697926486\n|move|p2a: Chi-Yu|Flamethrower|p1a: Liver Failure\n|-damage|p1a: Liver Failure|28\/100\n|-status|p1a: Liver Failure|brn\n|move|p1a: Liver Failure|Earthquake|p2a: Chi-Yu\n|-supereffective|p2a: Chi-Yu\n|-damage|p2a: Chi-Yu|0 fnt\n|faint|p2a: Chi-Yu\n|\n|-weather|none\n|-heal|p1a: Liver Failure|34\/100 brn|[from] item: Leftovers\n|-damage|p1a: Liver Failure|28\/100 brn|[from] brn\n|upkeep\n|\n|t:|1697926506\n|switch|p2a: Slither Wing|Slither Wing|100\/100\n|turn|18\n|\n|t:|1697926513\n|move|p2a: Slither Wing|Close Combat|p1a: Liver Failure\n|-supereffective|p1a: Liver Failure\n|-damage|p1a: Liver Failure|0 fnt\n|-unboost|p2a: Slither Wing|def|1\n|-unboost|p2a: Slither Wing|spd|1\n|faint|p1a: Liver Failure\n|\n|upkeep\n|\n|t:|1697926519\n|switch|p1a: French Girl|Barraskewda, F, shiny|88\/100\n|-damage|p1a: French Girl|76\/100|[from] Stealth Rock\n|turn|19\n|\n|t:|1697926525\n|-end|p2a: Slither Wing|Protosynthesis|[silent]\n|switch|p2a: Torkoal|Torkoal, F|48\/100\n|-weather|SunnyDay|[from] ability: Drought|[of] p2a: Torkoal\n|move|p1a: French Girl|Psychic Fangs|p2a: Torkoal\n|-damage|p2a: Torkoal|21\/100\n|\n|-weather|SunnyDay|[upkeep]\n|upkeep\n|turn|20\n|l| Da_Tall_One\n|\n|t:|1697926534\n|move|p1a: French Girl|Psychic Fangs|p2a: Torkoal\n|-damage|p2a: Torkoal|0 fnt\n|faint|p2a: Torkoal\n|\n|-weather|SunnyDay|[upkeep]\n|upkeep\n|\n|t:|1697926541\n|switch|p2a: Slither Wing|Slither Wing|100\/100\n|-activate|p2a: Slither Wing|ability: Protosynthesis\n|-start|p2a: Slither Wing|protosynthesisatk\n|turn|21\n|inactive|Kaiokaner has 210 seconds left.\n|\n|t:|1697926547\n|move|p2a: Slither Wing|Close Combat|p1a: French Girl\n|-damage|p1a: French Girl|0 fnt\n|-unboost|p2a: Slither Wing|def|1\n|-unboost|p2a: Slither Wing|spd|1\n|faint|p1a: French Girl\n|\n|-weather|SunnyDay|[upkeep]\n|upkeep\n|c|\u2606WeaselmanWasTaken|gg\n|c|\u2606Kaiokaner|gg\n|\n|t:|1697926559\n|switch|p1a: September|Eelektross, F|39\/100\n|-damage|p1a: September|27\/100|[from] Stealth Rock\n|turn|22\n|j| SacredTomba\n|c|\u2606WeaselmanWasTaken|my first impression min rolled\n|c|\u2606WeaselmanWasTaken|its was 87% KO\n|c|\u2606WeaselmanWasTaken|oml\n|c|\u2606Kaiokaner|LMAO thats one hella of a rip\n|\n|t:|1697926585\n|move|p2a: Slither Wing|Close Combat|p1a: September\n|-damage|p1a: September|0 fnt\n|-unboost|p2a: Slither Wing|def|1\n|-unboost|p2a: Slither Wing|spd|1\n|faint|p1a: September\n|\n|win|Kaiokaner\n|l| PorygonTheBot\n|l| Sigtrick\n|l|\u2606WeaselmanWasTaken\n|l| SacredTomba\n|j| Da_Tall_One\n|l| Da_Tall_One\n|l| Agent D01\n","uploadtime":1697926587,"views":31,"p1id":"weaselmanwastaken","p2id":"kaiokaner","formatid":"gen9anythinggoes","rating":0,"private":0,"password":""}