{"id":"gen9anythinggoes-1979632640","p1":"hgytog","p2":"Mr. Deliwyrm","format":"[Gen 9] Anything Goes","log":"|j|\u2606hgytog\n|j|\u2606Mr. Deliwyrm\n|t:|1698698373\n|gametype|singles\n|player|p1|hgytog|blackbelt-gen4|1000\n|player|p2|Mr. Deliwyrm|giovanni|1000\n|teamsize|p1|6\n|teamsize|p2|6\n|gen|9\n|tier|[Gen 9] Anything Goes\n|rated|\n|rule|HP Percentage Mod: HP is shown in percentages\n|rule|Endless Battle Clause: Forcing endless battles is banned\n|clearpoke\n|poke|p1|Rayquaza|\n|poke|p1|Azelf|\n|poke|p1|Uxie|\n|poke|p1|Kyogre|\n|poke|p1|Heatran, M|\n|poke|p1|Mewtwo|\n|poke|p2|Delibird, M|\n|poke|p2|Delibird, M|\n|poke|p2|Delibird, M|\n|poke|p2|Delibird, M|\n|poke|p2|Delibird, M|\n|poke|p2|Delibird, M|\n|teampreview\n|c|\u2606Mr. Deliwyrm|glhf\n|\n|t:|1698698385\n|start\n|switch|p1a: Heatran|Heatran, M, shiny|100\/100\n|switch|p2a: Deliwyrm|Delibird, M, shiny|100\/100\n|turn|1\n|\n|t:|1698698393\n|move|p2a: Deliwyrm|Reversal|p1a: Heatran\n|-supereffective|p1a: Heatran\n|-damage|p1a: Heatran|88\/100\n|move|p1a: Heatran|Flare Blitz|p2a: Deliwyrm\n|-supereffective|p2a: Deliwyrm\n|-enditem|p2a: Deliwyrm|Focus Sash\n|-damage|p2a: Deliwyrm|1\/100\n|-damage|p1a: Heatran|66\/100|[from] Recoil\n|\n|upkeep\n|turn|2\n|\n|t:|1698698404\n|move|p2a: Deliwyrm|Reversal|p1a: Heatran|[miss]\n|-miss|p2a: Deliwyrm|p1a: Heatran\n|move|p1a: Heatran|Steel Beam|p2a: Deliwyrm\n|-supereffective|p2a: Deliwyrm\n|-damage|p2a: Deliwyrm|0 fnt\n|-damage|p1a: Heatran|16\/100|[from] steelbeam\n|faint|p2a: Deliwyrm\n|\n|upkeep\n|\n|t:|1698698411\n|switch|p2a: Deliwyrm II|Delibird, M, shiny|100\/100\n|turn|3\n|\n|t:|1698698415\n|move|p2a: Deliwyrm II|Agility|p2a: Deliwyrm II\n|-boost|p2a: Deliwyrm II|spe|2\n|move|p1a: Heatran|Steel Beam|p2a: Deliwyrm II\n|-supereffective|p2a: Deliwyrm II\n|-enditem|p2a: Deliwyrm II|Focus Sash\n|-damage|p2a: Deliwyrm II|1\/100\n|-damage|p1a: Heatran|0 fnt|[from] steelbeam\n|faint|p1a: Heatran\n|\n|upkeep\n|\n|t:|1698698427\n|switch|p1a: Mewtwo|Mewtwo, shiny|100\/100\n|-ability|p1a: Mewtwo|Pressure\n|turn|4\n|\n|t:|1698698437\n|move|p2a: Deliwyrm II|Destiny Bond|p2a: Deliwyrm II\n|-singlemove|p2a: Deliwyrm II|Destiny Bond\n|move|p1a: Mewtwo|Future Sight|p2a: Deliwyrm II\n|-start|p1a: Mewtwo|move: Future Sight\n|\n|upkeep\n|turn|5\n|\n|t:|1698698449\n|move|p1a: Mewtwo|Earthquake|p2a: Deliwyrm II\n|-immune|p2a: Deliwyrm II\n|move|p2a: Deliwyrm II|Avalanche|p1a: Mewtwo\n|-damage|p1a: Mewtwo|71\/100\n|\n|upkeep\n|turn|6\n|\n|t:|1698698455\n|move|p2a: Deliwyrm II|Destiny Bond|p2a: Deliwyrm II\n|-singlemove|p2a: Deliwyrm II|Destiny Bond\n|move|p1a: Mewtwo|Blizzard|p2a: Deliwyrm II\n|-damage|p2a: Deliwyrm II|0 fnt\n|faint|p2a: Deliwyrm II\n|-activate|p2a: Deliwyrm II|move: Destiny Bond\n|faint|p1a: Mewtwo\n|\n|-hint|Future Sight did not hit because the target is fainted.\n|upkeep\n|\n|t:|1698698467\n|switch|p1a: Azelf|Azelf, shiny|100\/100\n|switch|p2a: Deliwyrm IV|Delibird, M, shiny|100\/100\n|turn|7\n|\n|t:|1698698476\n|move|p1a: Azelf|Explosion|p2a: Deliwyrm IV\n|-damage|p2a: Deliwyrm IV|0 fnt\n|faint|p1a: Azelf\n|faint|p2a: Deliwyrm IV\n|\n|upkeep\n|\n|t:|1698698490\n|switch|p1a: Uxie|Uxie, shiny|100\/100\n|switch|p2a: Deliwyrm III jr.|Delibird, M, shiny|100\/100\n|turn|8\n|\n|t:|1698698500\n|move|p2a: Deliwyrm III jr.|Aerial Ace|p1a: Uxie\n|-damage|p1a: Uxie|70\/100\n|move|p1a: Uxie|Hyper Beam|p2a: Deliwyrm III jr.\n|-damage|p2a: Deliwyrm III jr.|19\/100\n|-mustrecharge|p1a: Uxie\n|\n|upkeep\n|turn|9\n|\n|t:|1698698520\n|move|p2a: Deliwyrm III jr.|Aerial Ace|p1a: Uxie\n|-damage|p1a: Uxie|39\/100\n|cant|p1a: Uxie|recharge\n|\n|upkeep\n|turn|10\n|\n|t:|1698698526\n|move|p2a: Deliwyrm III jr.|Aerial Ace|p1a: Uxie\n|-damage|p1a: Uxie|7\/100\n|move|p1a: Uxie|Hyper Beam|p2a: Deliwyrm III jr.\n|-damage|p2a: Deliwyrm III jr.|0 fnt\n|-mustrecharge|p1a: Uxie\n|faint|p2a: Deliwyrm III jr.\n|\n|upkeep\n|\n|t:|1698698535\n|switch|p2a: Bob|Delibird, M, shiny|100\/100\n|turn|11\n|\n|t:|1698698539\n|move|p2a: Bob|Ice Shard|p1a: Uxie\n|-damage|p1a: Uxie|0 fnt\n|faint|p1a: Uxie\n|\n|upkeep\n|\n|t:|1698698544\n|switch|p1a: Kyogre|Kyogre, shiny|100\/100\n|-weather|RainDance|[from] ability: Drizzle|[of] p1a: Kyogre\n|turn|12\n|\n|t:|1698698552\n|switch|p2a: Deliwyrm III|Delibird, M, shiny|100\/100\n|move|p1a: Kyogre|Thunder|p2a: Deliwyrm III\n|-supereffective|p2a: Deliwyrm III\n|-damage|p2a: Deliwyrm III|0 fnt\n|faint|p2a: Deliwyrm III\n|\n|-weather|RainDance|[upkeep]\n|upkeep\n|\n|t:|1698698558\n|switch|p2a: Bob|Delibird, M, shiny|100\/100\n|turn|13\n|\n|t:|1698698563\n|-terastallize|p2a: Bob|Dragon\n|move|p2a: Bob|Brave Bird|p1a: Kyogre\n|-damage|p1a: Kyogre|18\/100\n|-damage|p2a: Bob|57\/100|[from] Recoil\n|move|p1a: Kyogre|Thunder|p2a: Bob\n|-resisted|p2a: Bob\n|-damage|p2a: Bob|7\/100\n|-status|p2a: Bob|par\n|\n|-weather|RainDance|[upkeep]\n|upkeep\n|turn|14\n|\n|t:|1698698574\n|move|p1a: Kyogre|Thunder|p2a: Bob\n|-resisted|p2a: Bob\n|-damage|p2a: Bob|0 fnt\n|faint|p2a: Bob\n|\n|win|hgytog\n|raw|hgytog's rating: 1000 &rarr; <strong>1040<\/strong><br \/>(+40 for winning)\n|raw|Mr. Deliwyrm's rating: 1000 &rarr; <strong>1000<\/strong><br \/>(+0 for losing)\n|c|\u2606Mr. Deliwyrm|ggwp\n","uploadtime":1698698583,"views":9,"p1id":"hgytog","p2id":"mrdeliwyrm","formatid":"gen9anythinggoes","rating":1000,"private":0,"password":""}