{"id":"gen9anythinggoes-1995151270","p1":"Christmasfishmage","p2":"SonicSpeedKaleb","format":"[Gen 9] Anything Goes","log":"|j|\u2606Christmasfishmage\n|j|\u2606SonicSpeedKaleb\n|t:|1700528299\n|gametype|singles\n|player|p1|Christmasfishmage|fisherman|1132\n|player|p2|SonicSpeedKaleb|101|1226\n|teamsize|p1|6\n|teamsize|p2|6\n|gen|9\n|tier|[Gen 9] Anything Goes\n|rated|\n|rule|HP Percentage Mod: HP is shown in percentages\n|rule|Endless Battle Clause: Forcing endless battles is banned\n|clearpoke\n|poke|p1|Cramorant, M|\n|poke|p1|Chesnaught, M|\n|poke|p1|Haxorus, M|\n|poke|p1|Clodsire, M|\n|poke|p1|Enamorus, F|\n|poke|p1|Salamence, M|\n|poke|p2|Skeledirge, M|\n|poke|p2|Pawmot, M|\n|poke|p2|Gardevoir, F|\n|poke|p2|Gliscor, F|\n|poke|p2|Lycanroc, M|\n|poke|p2|Koraidon|\n|teampreview\n|c|\u2606SonicSpeedKaleb|Let's rock WITHOUT Transform spamming!\n|inactive|Battle timer is ON: inactive players will automatically lose when time's up. (requested by SonicSpeedKaleb)\n|\n|t:|1700528310\n|start\n|switch|p1a: Dragoon|Salamence, M|100\/100\n|switch|p2a: Pawmot|Pawmot, M|100\/100\n|turn|1\n|c|\u2606Christmasfishmage|:)\n|\n|t:|1700528318\n|move|p2a: Pawmot|Agility|p2a: Pawmot\n|-boost|p2a: Pawmot|spe|2\n|move|p1a: Dragoon|Dual Wingbeat|p2a: Pawmot\n|-damage|p2a: Pawmot|68\/100\n|-damage|p2a: Pawmot|31\/100\n|-hitcount|p2a: Pawmot|2\n|\n|upkeep\n|turn|2\n|\n|t:|1700528327\n|move|p2a: Pawmot|Baton Pass|p2a: Pawmot\n|\n|t:|1700528330\n|switch|p2a: Gardevoir|Gardevoir, F|100\/100|[from] Baton Pass\n|-ability|p2a: Gardevoir|Moxie|[from] ability: Trace|[of] p1a: Dragoon\n|move|p1a: Dragoon|Dual Wingbeat|p2a: Gardevoir\n|-damage|p2a: Gardevoir|63\/100\n|-damage|p2a: Gardevoir|27\/100\n|-hitcount|p2a: Gardevoir|2\n|\n|upkeep\n|turn|3\n|\n|t:|1700528340\n|move|p2a: Gardevoir|Moonblast|p1a: Dragoon\n|-supereffective|p1a: Dragoon\n|-enditem|p1a: Dragoon|Focus Sash\n|-damage|p1a: Dragoon|1\/100\n|-unboost|p1a: Dragoon|spa|1\n|move|p1a: Dragoon|Dual Wingbeat|p2a: Gardevoir\n|-damage|p2a: Gardevoir|0 fnt\n|faint|p2a: Gardevoir\n|-ability|p1a: Dragoon|Moxie|boost\n|-boost|p1a: Dragoon|atk|1\n|-hitcount|p2: Gardevoir|1\n|\n|upkeep\n|\n|t:|1700528347\n|switch|p2a: Lycanroc|Lycanroc, M|100\/100\n|turn|4\n|\n|t:|1700528351\n|move|p2a: Lycanroc|Accelerock|p1a: Dragoon\n|-supereffective|p1a: Dragoon\n|-damage|p1a: Dragoon|0 fnt\n|faint|p1a: Dragoon\n|\n|upkeep\n|\n|t:|1700528352\n|switch|p1a: OH GOD PUT EM DOWN|Cramorant, M|100\/100\n|turn|5\n|\n|t:|1700528355\n|move|p2a: Lycanroc|Stealth Rock|p1a: OH GOD PUT EM DOWN\n|-sidestart|p1: Christmasfishmage|move: Stealth Rock\n|move|p1a: OH GOD PUT EM DOWN|Surf|p2a: Lycanroc\n|-formechange|p1a: OH GOD PUT EM DOWN|Cramorant-Gulping|\n|-supereffective|p2a: Lycanroc\n|-enditem|p2a: Lycanroc|Focus Sash\n|-damage|p2a: Lycanroc|1\/100\n|\n|upkeep\n|turn|6\n|\n|t:|1700528362\n|move|p2a: Lycanroc|Accelerock|p1a: OH GOD PUT EM DOWN\n|-supereffective|p1a: OH GOD PUT EM DOWN\n|-damage|p1a: OH GOD PUT EM DOWN|26\/100\n|-damage|p2a: Lycanroc|0 fnt|[from] ability: Gulp Missile|[of] p1a: OH GOD PUT EM DOWN\n|-formechange|p1a: OH GOD PUT EM DOWN|Cramorant|\n|faint|p2a: Lycanroc\n|move|p1a: OH GOD PUT EM DOWN|Surf|p2: Lycanroc|[notarget]\n|-fail|p1a: OH GOD PUT EM DOWN\n|\n|upkeep\n|\n|t:|1700528373\n|switch|p2a: Gliscor|Gliscor, F|100\/100\n|turn|7\n|\n|t:|1700528376\n|move|p2a: Gliscor|Agility|p2a: Gliscor\n|-boost|p2a: Gliscor|spe|2\n|move|p1a: OH GOD PUT EM DOWN|Surf|p2a: Gliscor\n|-formechange|p1a: OH GOD PUT EM DOWN|Cramorant-Gorging|\n|-supereffective|p2a: Gliscor\n|-enditem|p2a: Gliscor|Focus Sash\n|-damage|p2a: Gliscor|1\/100\n|\n|upkeep\n|turn|8\n|\n|t:|1700528384\n|move|p2a: Gliscor|Baton Pass|p2a: Gliscor\n|\n|t:|1700528386\n|switch|p2a: Koraidon|Koraidon|100\/100|[from] Baton Pass\n|-weather|SunnyDay|[from] ability: Orichalcum Pulse|[of] p2a: Koraidon\n|-activate|p2a: Koraidon|Orichalcum Pulse|[source]\n|move|p1a: OH GOD PUT EM DOWN|Surf|p2a: Koraidon\n|-resisted|p2a: Koraidon\n|-damage|p2a: Koraidon|92\/100\n|\n|-weather|SunnyDay|[upkeep]\n|upkeep\n|turn|9\n|\n|t:|1700528394\n|move|p2a: Koraidon|Dragon Claw|p1a: OH GOD PUT EM DOWN\n|-damage|p1a: OH GOD PUT EM DOWN|0 fnt\n|-damage|p2a: Koraidon|67\/100|[from] ability: Gulp Missile|[of] p1a: OH GOD PUT EM DOWN\n|-status|p2a: Koraidon|par\n|-formechange|p1a: OH GOD PUT EM DOWN|Cramorant|\n|faint|p1a: OH GOD PUT EM DOWN\n|\n|-weather|SunnyDay|[upkeep]\n|upkeep\n|\n|t:|1700528400\n|switch|p1a: This is cute idk|Enamorus, F|100\/100\n|-damage|p1a: This is cute idk|76\/100|[from] Stealth Rock\n|turn|10\n|\n|t:|1700528404\n|move|p2a: Koraidon|Iron Head|p1a: This is cute idk\n|-supereffective|p1a: This is cute idk\n|-damage|p1a: This is cute idk|0 fnt\n|faint|p1a: This is cute idk\n|\n|-weather|SunnyDay|[upkeep]\n|upkeep\n|\n|t:|1700528408\n|switch|p1a: Axehead|Haxorus, M, shiny|100\/100\n|-damage|p1a: Axehead|88\/100|[from] Stealth Rock\n|turn|11\n|c|\u2606SonicSpeedKaleb|You knew exactly what you were doing, didn't you.\n|\n|t:|1700528412\n|-terastallize|p1a: Axehead|Fairy\n|move|p2a: Koraidon|Dragon Claw|p1a: Axehead\n|-immune|p1a: Axehead\n|move|p1a: Axehead|Dragon Claw|p2a: Koraidon\n|-supereffective|p2a: Koraidon\n|-damage|p2a: Koraidon|0 fnt\n|faint|p2a: Koraidon\n|\n|-weather|SunnyDay|[upkeep]\n|upkeep\n|n|!SonicSpeedKaleb|sonicspeedkaleb\n|-message|SonicSpeedKaleb forfeited.\n|\n|win|Christmasfishmage\n|raw|Christmasfishmage's rating: 1132 &rarr; <strong>1164<\/strong><br \/>(+32 for winning)\n|raw|SonicSpeedKaleb's rating: 1226 &rarr; <strong>1194<\/strong><br \/>(-32 for losing)\n","uploadtime":1700528420,"views":1,"p1id":"christmasfishmage","p2id":"sonicspeedkaleb","formatid":"gen9anythinggoes","rating":1164,"private":0,"password":""}