{"id":"gen9anythinggoes-1979569136","p1":"Garbagethatdude","p2":"hoenn militian","format":"[Gen 9] Anything Goes","log":"|j|\u2606Garbagethatdude\n|j|\u2606hoenn militian\n|t:|1698693054\n|gametype|singles\n|player|p1|Garbagethatdude|ingo|1637\n|player|p2|hoenn militian|101|1789\n|teamsize|p1|6\n|teamsize|p2|6\n|gen|9\n|tier|[Gen 9] Anything Goes\n|rated|\n|rule|HP Percentage Mod: HP is shown in percentages\n|rule|Endless Battle Clause: Forcing endless battles is banned\n|clearpoke\n|poke|p1|Zacian-*|\n|poke|p1|Calyrex-Shadow|\n|poke|p1|Arceus-Ground|\n|poke|p1|Eternatus|\n|poke|p1|Cinderace, M|\n|poke|p1|Ditto|\n|poke|p2|Miraidon|\n|poke|p2|Grimmsnarl, M|\n|poke|p2|Skeledirge, M|\n|poke|p2|Blissey, F|\n|poke|p2|Moltres|\n|poke|p2|Calyrex-Ice|\n|teampreview\n|inactive|Battle timer is ON: inactive players will automatically lose when time's up. (requested by Garbagethatdude)\n|\n|t:|1698693064\n|start\n|switch|p1a: Termite|Arceus-Ground, shiny|100\/100\n|switch|p2a: Calyrex|Calyrex-Ice|100\/100\n|-ability|p2a: Calyrex|As One\n|-ability|p2a: Calyrex|Unnerve\n|turn|1\n|\n|t:|1698693073\n|move|p1a: Termite|Judgment|p2a: Calyrex\n|-damage|p2a: Calyrex|53\/100\n|move|p2a: Calyrex|Glacial Lance|p1a: Termite\n|-supereffective|p1a: Termite\n|-crit|p1a: Termite\n|-damage|p1a: Termite|0 fnt\n|faint|p1a: Termite\n|-ability|p2a: Calyrex|Chilling Neigh|boost\n|-boost|p2a: Calyrex|atk|1\n|\n|upkeep\n|\n|t:|1698693085\n|switch|p1a: Toji|Ditto, shiny|100\/100\n|-transform|p1a: Toji|p2a: Calyrex|[from] ability: Imposter\n|turn|2\n|\n|t:|1698693090\n|switch|p2a: Moltres|Moltres|100\/100\n|move|p1a: Toji|High Horsepower|p2a: Moltres\n|-immune|p2a: Moltres\n|\n|upkeep\n|turn|3\n|\n|t:|1698693096\n|switch|p1a: GOD HAND!|Eternatus|100\/100\n|-ability|p1a: GOD HAND!|Pressure\n|move|p2a: Moltres|U-turn|p1a: GOD HAND!\n|-resisted|p1a: GOD HAND!\n|-damage|p1a: GOD HAND!|95\/100\n|\n|t:|1698693106\n|switch|p2a: Grimmsnarl|Grimmsnarl, M|100\/100|[from] U-turn\n|\n|upkeep\n|turn|4\n|\n|t:|1698693111\n|move|p2a: Grimmsnarl|Parting Shot|p1a: GOD HAND!\n|-unboost|p1a: GOD HAND!|atk|1\n|-unboost|p1a: GOD HAND!|spa|1\n|\n|t:|1698693115\n|switch|p2a: Blissey|Blissey, F|100\/100|[from] Parting Shot\n|move|p1a: GOD HAND!|Flash Cannon|p2a: Blissey\n|-damage|p2a: Blissey|92\/100\n|-damage|p1a: GOD HAND!|85\/100|[from] item: Life Orb\n|\n|upkeep\n|turn|5\n|\n|t:|1698693124\n|switch|p1a: Deku|Zacian-Crowned, shiny|100\/100\n|-ability|p1a: Deku|Intrepid Sword|boost\n|-boost|p1a: Deku|atk|1\n|switch|p2a: Grimmsnarl|Grimmsnarl, M|100\/100\n|\n|upkeep\n|turn|6\n|\n|t:|1698693132\n|switch|p1a: Toji|Ditto, shiny|100\/100\n|-transform|p1a: Toji|p2a: Grimmsnarl|[from] ability: Imposter\n|move|p2a: Grimmsnarl|Parting Shot|p1a: Toji\n|-hint|Since gen 7, Dark is immune to Prankster moves.\n|-immune|p1a: Toji\n|\n|upkeep\n|turn|7\n|\n|t:|1698693141\n|switch|p2a: Skeledirge|Skeledirge, M|100\/100\n|move|p1a: Toji|Spirit Break|p2a: Skeledirge\n|-resisted|p2a: Skeledirge\n|-damage|p2a: Skeledirge|92\/100\n|-unboost|p2a: Skeledirge|spa|1\n|\n|upkeep\n|turn|8\n|\n|t:|1698693154\n|switch|p1a: GOD HAND!|Eternatus|85\/100\n|-ability|p1a: GOD HAND!|Pressure\n|move|p2a: Skeledirge|Will-O-Wisp|p1a: GOD HAND!\n|-status|p1a: GOD HAND!|brn\n|\n|-damage|p1a: GOD HAND!|78\/100 brn|[from] brn\n|upkeep\n|turn|9\n|\n|t:|1698693164\n|switch|p2a: Blissey|Blissey, F|92\/100\n|move|p1a: GOD HAND!|Agility|p1a: GOD HAND!\n|-boost|p1a: GOD HAND!|spe|2\n|\n|-damage|p1a: GOD HAND!|72\/100 brn|[from] brn\n|upkeep\n|turn|10\n|\n|t:|1698693173\n|move|p1a: GOD HAND!|Flamethrower|p2a: Blissey\n|-damage|p2a: Blissey|78\/100\n|-status|p2a: Blissey|brn\n|-damage|p1a: GOD HAND!|62\/100 brn|[from] item: Life Orb\n|move|p2a: Blissey|Seismic Toss|p1a: GOD HAND!\n|-damage|p1a: GOD HAND!|39\/100 brn\n|\n|-damage|p1a: GOD HAND!|32\/100 brn|[from] brn\n|-damage|p2a: Blissey|72\/100 brn|[from] brn\n|upkeep\n|turn|11\n|\n|t:|1698693184\n|move|p1a: GOD HAND!|Dynamax Cannon|p2a: Blissey\n|-damage|p2a: Blissey|51\/100 brn\n|-damage|p1a: GOD HAND!|22\/100 brn|[from] item: Life Orb\n|move|p2a: Blissey|Soft-Boiled|p2a: Blissey\n|-heal|p2a: Blissey|100\/100 brn\n|\n|-damage|p1a: GOD HAND!|16\/100 brn|[from] brn\n|-damage|p2a: Blissey|94\/100 brn|[from] brn\n|upkeep\n|turn|12\n|\n|t:|1698693193\n|move|p1a: GOD HAND!|Dynamax Cannon|p2a: Blissey\n|-damage|p2a: Blissey|74\/100 brn\n|-damage|p1a: GOD HAND!|6\/100 brn|[from] item: Life Orb\n|move|p2a: Blissey|Stealth Rock|p1a: GOD HAND!\n|-sidestart|p1: Garbagethatdude|move: Stealth Rock\n|\n|-damage|p1a: GOD HAND!|0 fnt|[from] brn\n|faint|p1a: GOD HAND!\n|-damage|p2a: Blissey|67\/100 brn|[from] brn\n|upkeep\n|\n|t:|1698693199\n|switch|p1a: Nishinoya|Cinderace, M|100\/100\n|-damage|p1a: Nishinoya|76\/100|[from] Stealth Rock\n|turn|13\n|\n|t:|1698693204\n|move|p1a: Nishinoya|High Jump Kick|p2a: Blissey\n|-start|p1a: Nishinoya|typechange|Fighting|[from] ability: Libero\n|-supereffective|p2a: Blissey\n|-damage|p2a: Blissey|0 fnt\n|faint|p2a: Blissey\n|\n|upkeep\n|\n|t:|1698693216\n|switch|p2a: Grimmsnarl|Grimmsnarl, M|100\/100\n|turn|14\n|\n|t:|1698693225\n|move|p1a: Nishinoya|High Jump Kick|p2a: Grimmsnarl|[miss]\n|-miss|p1a: Nishinoya|p2a: Grimmsnarl\n|-damage|p1a: Nishinoya|26\/100|[from] highjumpkick\n|move|p2a: Grimmsnarl|Spirit Break|p1a: Nishinoya\n|-supereffective|p1a: Nishinoya\n|-damage|p1a: Nishinoya|0 fnt\n|faint|p1a: Nishinoya\n|\n|upkeep\n|\n|t:|1698693231\n|switch|p1a: Deku|Zacian-Crowned, shiny|100\/100\n|-damage|p1a: Deku|94\/100|[from] Stealth Rock\n|turn|15\n|\n|t:|1698693248\n|move|p2a: Grimmsnarl|Parting Shot|p1a: Deku\n|-unboost|p1a: Deku|atk|1\n|-unboost|p1a: Deku|spa|1\n|\n|t:|1698693252\n|switch|p2a: Moltres|Moltres|100\/100|[from] Parting Shot\n|move|p1a: Deku|Swords Dance|p1a: Deku\n|-boost|p1a: Deku|atk|2\n|\n|upkeep\n|turn|16\n|\n|t:|1698693258\n|move|p1a: Deku|Wild Charge|p2a: Moltres\n|-supereffective|p2a: Moltres\n|-damage|p2a: Moltres|31\/100\n|-damage|p1a: Deku|74\/100|[from] Recoil\n|move|p2a: Moltres|Will-O-Wisp|p1a: Deku\n|-status|p1a: Deku|brn\n|\n|-damage|p1a: Deku|68\/100 brn|[from] brn\n|upkeep\n|turn|17\n|\n|t:|1698693267\n|switch|p2a: Skeledirge|Skeledirge, M|92\/100\n|move|p1a: Deku|Wild Charge|p2a: Skeledirge\n|-damage|p2a: Skeledirge|81\/100\n|-damage|p1a: Deku|64\/100 brn|[from] Recoil\n|\n|-damage|p1a: Deku|58\/100 brn|[from] brn\n|upkeep\n|turn|18\n|\n|t:|1698693276\n|move|p1a: Deku|Play Rough|p2a: Skeledirge\n|-resisted|p2a: Skeledirge\n|-damage|p2a: Skeledirge|73\/100\n|move|p2a: Skeledirge|Hex|p1a: Deku\n|-damage|p1a: Deku|10\/100 brn\n|\n|-damage|p1a: Deku|4\/100 brn|[from] brn\n|upkeep\n|turn|19\n|\n|t:|1698693287\n|switch|p2a: Moltres|Moltres|31\/100\n|move|p1a: Deku|Behemoth Blade|p2a: Moltres\n|-resisted|p2a: Moltres\n|-damage|p2a: Moltres|15\/100\n|\n|-damage|p1a: Deku|0 fnt|[from] brn\n|faint|p1a: Deku\n|upkeep\n|\n|t:|1698693296\n|switch|p1a: Grim reaper|Calyrex-Shadow|100\/100\n|-ability|p1a: Grim reaper|As One\n|-ability|p1a: Grim reaper|Unnerve\n|-damage|p1a: Grim reaper|88\/100|[from] Stealth Rock\n|turn|20\n|\n|t:|1698693303\n|switch|p2a: Grimmsnarl|Grimmsnarl, M|100\/100\n|move|p1a: Grim reaper|Astral Barrage|p2a: Grimmsnarl\n|-resisted|p2a: Grimmsnarl\n|-damage|p2a: Grimmsnarl|71\/100\n|\n|upkeep\n|turn|21\n|\n|t:|1698693310\n|move|p1a: Grim reaper|Astral Barrage|p2a: Grimmsnarl\n|-resisted|p2a: Grimmsnarl\n|-damage|p2a: Grimmsnarl|42\/100\n|move|p2a: Grimmsnarl|Spirit Break|p1a: Grim reaper\n|-damage|p1a: Grim reaper|49\/100\n|-unboost|p1a: Grim reaper|spa|1\n|\n|upkeep\n|turn|22\n|\n|t:|1698693319\n|move|p2a: Grimmsnarl|Sucker Punch||[still]\n|-fail|p2a: Grimmsnarl\n|move|p1a: Grim reaper|Haze|p1a: Grim reaper\n|-clearallboost\n|\n|upkeep\n|turn|23\n|\n|t:|1698693328\n|move|p1a: Grim reaper|Astral Barrage|p2a: Grimmsnarl\n|-resisted|p2a: Grimmsnarl\n|-damage|p2a: Grimmsnarl|14\/100\n|move|p2a: Grimmsnarl|Foul Play|p1a: Grim reaper\n|-supereffective|p1a: Grim reaper\n|-damage|p1a: Grim reaper|0 fnt\n|faint|p1a: Grim reaper\n|\n|upkeep\n|\n|t:|1698693332\n|switch|p1a: Toji|Ditto, shiny|100\/100\n|-damage|p1a: Toji|88\/100|[from] Stealth Rock\n|-transform|p1a: Toji|p2a: Grimmsnarl|[from] ability: Imposter\n|turn|24\n|\n|t:|1698693345\n|switch|p2a: Moltres|Moltres|15\/100\n|move|p1a: Toji|Spirit Break|p2a: Moltres\n|-resisted|p2a: Moltres\n|-damage|p2a: Moltres|4\/100\n|-unboost|p2a: Moltres|spa|1\n|\n|upkeep\n|turn|25\n|\n|t:|1698693354\n|move|p1a: Toji|Spirit Break|p2a: Moltres\n|-resisted|p2a: Moltres\n|-damage|p2a: Moltres|0 fnt\n|faint|p2a: Moltres\n|\n|upkeep\n|\n|t:|1698693360\n|switch|p2a: Miraidon|Miraidon|100\/100\n|-fieldstart|move: Electric Terrain|[from] ability: Hadron Engine|[of] p2a: Miraidon\n|turn|26\n|\n|t:|1698693365\n|-terastallize|p1a: Toji|Steel\n|move|p2a: Miraidon|Protect|p2a: Miraidon\n|-singleturn|p2a: Miraidon|Protect\n|move|p1a: Toji|Spirit Break|p2a: Miraidon\n|-activate|p2a: Miraidon|move: Protect\n|\n|upkeep\n|turn|27\n|\n|t:|1698693372\n|switch|p2a: Skeledirge|Skeledirge, M|73\/100\n|move|p1a: Toji|Spirit Break|p2a: Skeledirge\n|-resisted|p2a: Skeledirge\n|-damage|p2a: Skeledirge|64\/100\n|-unboost|p2a: Skeledirge|spa|1\n|\n|upkeep\n|turn|28\n|\n|t:|1698693380\n|move|p1a: Toji|Spirit Break|p2a: Skeledirge\n|-resisted|p2a: Skeledirge\n|-damage|p2a: Skeledirge|55\/100\n|-unboost|p2a: Skeledirge|spa|1\n|move|p2a: Skeledirge|Slack Off|p2a: Skeledirge\n|-heal|p2a: Skeledirge|100\/100\n|\n|upkeep\n|turn|29\n|\n|t:|1698693401\n|-activate|p1a: Toji|move: Struggle\n|move|p1a: Toji|Struggle|p2a: Skeledirge\n|-damage|p2a: Skeledirge|92\/100\n|-damage|p1a: Toji|63\/100|[from] recoil\n|move|p2a: Skeledirge|Torch Song|p1a: Toji\n|-supereffective|p1a: Toji\n|-damage|p1a: Toji|34\/100\n|-boost|p2a: Skeledirge|spa|1\n|\n|upkeep\n|turn|30\n|\n|t:|1698693410\n|-activate|p1a: Toji|move: Struggle\n|move|p1a: Toji|Struggle|p2a: Skeledirge\n|-damage|p2a: Skeledirge|84\/100\n|-damage|p1a: Toji|9\/100|[from] recoil\n|move|p2a: Skeledirge|Torch Song|p1a: Toji\n|-supereffective|p1a: Toji\n|-damage|p1a: Toji|0 fnt\n|-boost|p2a: Skeledirge|spa|1\n|faint|p1a: Toji\n|\n|win|hoenn militian\n|raw|Garbagethatdude's rating: 1637 &rarr; <strong>1625<\/strong><br \/>(-12 for losing)\n|raw|hoenn militian's rating: 1789 &rarr; <strong>1801<\/strong><br \/>(+12 for winning)\n|l|\u2606Garbagethatdude\n","uploadtime":1698693434,"views":8,"p1id":"garbagethatdude","p2id":"hoennmilitian","formatid":"gen9anythinggoes","rating":1625,"private":0,"password":""}