{"id":"gen9anythinggoes-1999619158","p1":"Rowan_Rocket","p2":"Strictly Bizz","format":"[Gen 9] Anything Goes","log":"|j|\u2606Rowan_Rocket\n|j|\u2606Strictly Bizz\n|t:|1701101774\n|gametype|singles\n|player|p1|Rowan_Rocket|rocketgruntf|1107\n|player|p2|Strictly Bizz|wallace|1098\n|teamsize|p1|6\n|teamsize|p2|6\n|gen|9\n|tier|[Gen 9] Anything Goes\n|rated|\n|rule|HP Percentage Mod: HP is shown in percentages\n|rule|Endless Battle Clause: Forcing endless battles is banned\n|clearpoke\n|poke|p1|Weezing-Galar, M|\n|poke|p1|Arbok, F|\n|poke|p1|Persian, F|\n|poke|p1|Persian-Alola, F|\n|poke|p1|Ariados, F|\n|poke|p1|Drifblim, M|\n|poke|p2|Sneasler, F|\n|poke|p2|Samurott-Hisui, M|\n|poke|p2|Zoroark-Hisui, M|\n|poke|p2|Arcanine-Hisui, F|\n|poke|p2|Typhlosion-Hisui, M|\n|poke|p2|Overqwil, M|\n|teampreview\n|\n|t:|1701101784\n|start\n|switch|p1a: Persian|Persian, F|100\/100\n|switch|p2a: Overqwil|Overqwil, M|100\/100\n|turn|1\n|\n|t:|1701101790\n|move|p1a: Persian|Fake Out|p2a: Overqwil\n|-immune|p2a: Overqwil\n|move|p2a: Overqwil|Knock Off|p1a: Persian\n|-damage|p1a: Persian|49\/100\n|-enditem|p1a: Persian|Normal Gem|[from] move: Knock Off|[of] p2a: Overqwil\n|\n|upkeep\n|turn|2\n|\n|t:|1701101798\n|move|p2a: Overqwil|Knock Off|p1a: Persian\n|-damage|p1a: Persian|12\/100\n|move|p1a: Persian|Bite|p2a: Overqwil\n|-supereffective|p2a: Overqwil\n|-damage|p2a: Overqwil|7\/100\n|replace|p2a: Zoroark|Zoroark-Hisui, M\n|-end|p2a: Zoroark|Illusion\n|\n|upkeep\n|turn|3\n|\n|t:|1701101818\n|switch|p1a: Arbok|Arbok, F|100\/100\n|move|p2a: Zoroark|Knock Off|p1a: Arbok\n|-damage|p1a: Arbok|73\/100\n|-enditem|p1a: Arbok|Covert Cloak|[from] move: Knock Off|[of] p2a: Zoroark\n|\n|upkeep\n|turn|4\n|\n|t:|1701101831\n|switch|p2a: Overqwil|Overqwil, M|100\/100\n|-ability|p2a: Overqwil|Intimidate|boost\n|-unboost|p1a: Arbok|atk|1\n|move|p1a: Arbok|Coil|p1a: Arbok\n|-boost|p1a: Arbok|atk|1\n|-boost|p1a: Arbok|def|1\n|-boost|p1a: Arbok|accuracy|1\n|\n|upkeep\n|turn|5\n|\n|t:|1701101841\n|move|p2a: Overqwil|Icy Wind|p1a: Arbok\n|-damage|p1a: Arbok|57\/100\n|-unboost|p1a: Arbok|spe|1\n|move|p1a: Arbok|Glare|p2a: Overqwil\n|-status|p2a: Overqwil|par\n|\n|upkeep\n|turn|6\n|\n|t:|1701101849\n|move|p2a: Overqwil|Acid Spray|p1a: Arbok\n|-resisted|p1a: Arbok\n|-damage|p1a: Arbok|49\/100\n|-unboost|p1a: Arbok|spd|2\n|move|p1a: Arbok|Coil|p1a: Arbok\n|-boost|p1a: Arbok|atk|1\n|-boost|p1a: Arbok|def|1\n|-boost|p1a: Arbok|accuracy|1\n|\n|upkeep\n|turn|7\n|\n|t:|1701101856\n|move|p2a: Overqwil|Dark Pulse|p1a: Arbok\n|-damage|p1a: Arbok|0 fnt\n|faint|p1a: Arbok\n|\n|upkeep\n|\n|t:|1701101859\n|switch|p1a: Ariados|Ariados, F|100\/100\n|turn|8\n|\n|t:|1701101863\n|cant|p2a: Overqwil|par\n|move|p1a: Ariados|Leech Life|p2a: Overqwil\n|-damage|p2a: Overqwil|73\/100 par\n|\n|-heal|p2a: Overqwil|80\/100 par|[from] item: Leftovers\n|upkeep\n|turn|9\n|\n|t:|1701101870\n|switch|p2a: Arcanine|Arcanine-Hisui, F|100\/100\n|-ability|p2a: Arcanine|Intimidate|boost\n|-unboost|p1a: Ariados|atk|1\n|move|p1a: Ariados|Knock Off|p2a: Arcanine\n|-damage|p2a: Arcanine|87\/100\n|-enditem|p2a: Arcanine|Leftovers|[from] move: Knock Off|[of] p1a: Ariados\n|\n|upkeep\n|turn|10\n|\n|t:|1701101880\n|switch|p1a: Weezing|Weezing-Galar, M|100\/100\n|move|p2a: Arcanine|Will-O-Wisp|p1a: Weezing\n|-status|p1a: Weezing|brn\n|\n|-damage|p1a: Weezing|95\/100 brn|[from] brn\n|upkeep\n|turn|11\n|\n|t:|1701101887\n|move|p2a: Arcanine|Fire Spin|p1a: Weezing\n|-damage|p1a: Weezing|85\/100 brn\n|-activate|p1a: Weezing|move: Fire Spin|[of] p2a: Arcanine\n|move|p1a: Weezing|Toxic Spikes|p2a: Arcanine\n|-sidestart|p2: Strictly Bizz|move: Toxic Spikes\n|\n|-damage|p1a: Weezing|79\/100 brn|[from] brn\n|-damage|p1a: Weezing|66\/100 brn|[from] move: Fire Spin|[partiallytrapped]\n|upkeep\n|turn|12\n|\n|t:|1701101897\n|move|p2a: Arcanine|Protect|p2a: Arcanine\n|-singleturn|p2a: Arcanine|Protect\n|move|p1a: Weezing|Pain Split|p2a: Arcanine\n|-activate|p2a: Arcanine|move: Protect\n|\n|-damage|p1a: Weezing|60\/100 brn|[from] brn\n|-damage|p1a: Weezing|48\/100 brn|[from] move: Fire Spin|[partiallytrapped]\n|upkeep\n|turn|13\n|\n|t:|1701101907\n|switch|p2a: Arcanine|Arcanine-Hisui, F|7\/100\n|-status|p2a: Arcanine|psn\n|move|p1a: Weezing|Pain Split|p2a: Arcanine\n|-sethp|p2a: Arcanine|36\/100 psn|[from] move: Pain Split|[silent]\n|-sethp|p1a: Weezing|27\/100 brn|[from] move: Pain Split\n|\n|-damage|p2a: Arcanine|23\/100 psn|[from] psn\n|-damage|p1a: Weezing|21\/100 brn|[from] brn\n|-end|p1a: Weezing|Fire Spin|[partiallytrapped]|[silent]\n|upkeep\n|turn|14\n|\n|t:|1701101926\n|switch|p1a: Ariados|Ariados, F|100\/100\n|move|p2a: Arcanine|Knock Off|p1a: Ariados\n|-damage|p1a: Ariados|77\/100\n|-enditem|p1a: Ariados|Focus Sash|[from] move: Knock Off|[of] p2a: Arcanine\n|\n|-damage|p2a: Arcanine|11\/100 psn|[from] psn\n|upkeep\n|turn|15\n|\n|t:|1701101940\n|move|p2a: Arcanine|Knock Off|p1a: Ariados\n|-damage|p1a: Ariados|60\/100\n|move|p1a: Ariados|Knock Off|p2a: Arcanine\n|-supereffective|p2a: Arcanine\n|-damage|p2a: Arcanine|0 fnt\n|replace|p2a: Zoroark|Zoroark-Hisui, M\n|-end|p2a: Zoroark|Illusion\n|-enditem|p2a: Zoroark|Choice Scarf|[from] move: Knock Off|[of] p1a: Ariados\n|faint|p2a: Zoroark\n|\n|upkeep\n|\n|t:|1701101948\n|switch|p2a: Overqwil|Overqwil, M|80\/100 par\n|-sideend|p2: Strictly Bizz|move: Toxic Spikes|[of] p2a: Overqwil\n|-ability|p2a: Overqwil|Intimidate|boost\n|-unboost|p1a: Ariados|atk|1\n|turn|16\n|\n|t:|1701101965\n|move|p2a: Overqwil|Acid Spray|p1a: Ariados\n|-resisted|p1a: Ariados\n|-damage|p1a: Ariados|52\/100\n|-unboost|p1a: Ariados|spd|2\n|move|p1a: Ariados|Knock Off|p2a: Overqwil\n|-resisted|p2a: Overqwil\n|-damage|p2a: Overqwil|72\/100 par\n|-enditem|p2a: Overqwil|Leftovers|[from] move: Knock Off|[of] p1a: Ariados\n|\n|upkeep\n|turn|17\n|\n|t:|1701101973\n|switch|p1a: Weezing|Weezing-Galar, M|21\/100 brn\n|move|p2a: Overqwil|Dark Pulse|p1a: Weezing\n|-resisted|p1a: Weezing\n|-damage|p1a: Weezing|9\/100 brn\n|\n|-damage|p1a: Weezing|3\/100 brn|[from] brn\n|upkeep\n|turn|18\n|\n|t:|1701101981\n|move|p1a: Weezing|Pain Split|p2a: Overqwil\n|-sethp|p2a: Overqwil|37\/100 par|[from] move: Pain Split|[silent]\n|-sethp|p1a: Weezing|35\/100 brn|[from] move: Pain Split\n|move|p2a: Overqwil|Dark Pulse|p1a: Weezing\n|-resisted|p1a: Weezing\n|-damage|p1a: Weezing|23\/100 brn\n|\n|-damage|p1a: Weezing|17\/100 brn|[from] brn\n|upkeep\n|turn|19\n|\n|t:|1701101991\n|move|p1a: Weezing|Strange Steam|p2a: Overqwil\n|-damage|p2a: Overqwil|0 fnt\n|faint|p2a: Overqwil\n|\n|-damage|p1a: Weezing|11\/100 brn|[from] brn\n|upkeep\n|\n|t:|1701102000\n|switch|p2a: Arcanine|Arcanine-Hisui, F|87\/100\n|-ability|p2a: Arcanine|Intimidate|boost\n|-unboost|p1a: Weezing|atk|1\n|turn|20\n|\n|t:|1701102005\n|move|p2a: Arcanine|Fire Spin|p1a: Weezing\n|-damage|p1a: Weezing|0 fnt\n|faint|p1a: Weezing\n|\n|upkeep\n|\n|t:|1701102015\n|switch|p1a: Persian|Persian-Alola, F|100\/100\n|turn|21\n|\n|t:|1701102022\n|move|p2a: Arcanine|Protect|p2a: Arcanine\n|-singleturn|p2a: Arcanine|Protect\n|move|p1a: Persian|Fake Out|p2a: Arcanine\n|-activate|p2a: Arcanine|move: Protect\n|\n|upkeep\n|turn|22\n|\n|t:|1701102028\n|move|p1a: Persian|Parting Shot|p2a: Arcanine\n|-unboost|p2a: Arcanine|atk|1\n|-unboost|p2a: Arcanine|spa|1\n|\n|t:|1701102032\n|switch|p1a: Drifblim|Drifblim, M|100\/100|[from] Parting Shot\n|move|p2a: Arcanine|Will-O-Wisp|p1a: Drifblim\n|-status|p1a: Drifblim|brn\n|\n|-damage|p1a: Drifblim|94\/100 brn|[from] brn\n|upkeep\n|turn|23\n|\n|t:|1701102041\n|move|p1a: Drifblim|Shadow Ball|p2a: Arcanine\n|-damage|p2a: Arcanine|49\/100\n|-unboost|p2a: Arcanine|spd|1\n|move|p2a: Arcanine|Fire Spin|p1a: Drifblim\n|-damage|p1a: Drifblim|85\/100 brn\n|-activate|p1a: Drifblim|move: Fire Spin|[of] p2a: Arcanine\n|\n|-damage|p1a: Drifblim|79\/100 brn|[from] brn\n|-damage|p1a: Drifblim|67\/100 brn|[from] move: Fire Spin|[partiallytrapped]\n|upkeep\n|turn|24\n|\n|t:|1701102057\n|move|p2a: Arcanine|Protect|p2a: Arcanine\n|-singleturn|p2a: Arcanine|Protect\n|move|p1a: Drifblim|Shadow Ball|p2a: Arcanine\n|-activate|p2a: Arcanine|move: Protect\n|\n|-damage|p1a: Drifblim|61\/100 brn|[from] brn\n|-damage|p1a: Drifblim|48\/100 brn|[from] move: Fire Spin|[partiallytrapped]\n|upkeep\n|turn|25\n|\n|t:|1701102068\n|move|p1a: Drifblim|Shadow Ball|p2a: Arcanine\n|-damage|p2a: Arcanine|0 fnt\n|faint|p2a: Arcanine\n|\n|-damage|p1a: Drifblim|42\/100 brn|[from] brn\n|-end|p1a: Drifblim|Fire Spin|[partiallytrapped]|[silent]\n|upkeep\n|\n|t:|1701102091\n|switch|p2a: Sneasler|Sneasler, F|100\/100\n|turn|26\n|\n|t:|1701102107\n|move|p2a: Sneasler|Calm Mind|p2a: Sneasler\n|-boost|p2a: Sneasler|spa|1\n|-boost|p2a: Sneasler|spd|1\n|move|p1a: Drifblim|Trick|p2a: Sneasler\n|-activate|p1a: Drifblim|move: Trick|[of] p2a: Sneasler\n|-item|p2a: Sneasler|Flame Orb|[from] move: Trick\n|-item|p1a: Drifblim|Payapa Berry|[from] move: Trick\n|\n|-damage|p1a: Drifblim|36\/100 brn|[from] brn\n|-status|p2a: Sneasler|brn|[from] item: Flame Orb\n|upkeep\n|turn|27\n|\n|t:|1701102119\n|move|p2a: Sneasler|Shadow Ball|p1a: Drifblim\n|-supereffective|p1a: Drifblim\n|-damage|p1a: Drifblim|0 fnt\n|faint|p1a: Drifblim\n|\n|-damage|p2a: Sneasler|95\/100 brn|[from] brn\n|upkeep\n|\n|t:|1701102131\n|switch|p1a: Persian|Persian, F|12\/100\n|turn|28\n|\n|t:|1701102145\n|-terastallize|p1a: Persian|Normal\n|move|p1a: Persian|Fake Out|p2a: Sneasler\n|-damage|p2a: Sneasler|41\/100 brn\n|cant|p2a: Sneasler|flinch\n|\n|-damage|p2a: Sneasler|35\/100 brn|[from] brn\n|upkeep\n|turn|29\n|\n|t:|1701102153\n|switch|p1a: Ariados|Ariados, F|52\/100\n|move|p2a: Sneasler|Venoshock|p1a: Ariados\n|-resisted|p1a: Ariados\n|-damage|p1a: Ariados|34\/100\n|\n|-damage|p2a: Sneasler|29\/100 brn|[from] brn\n|upkeep\n|turn|30\n|\n|t:|1701102172\n|move|p2a: Sneasler|Focus Blast|p1a: Ariados\n|-resisted|p1a: Ariados\n|-damage|p1a: Ariados|19\/100\n|move|p1a: Ariados|Leech Life|p2a: Sneasler\n|-resisted|p2a: Sneasler\n|-damage|p2a: Sneasler|17\/100 brn\n|-heal|p1a: Ariados|25\/100|[from] drain|[of] p2a: Sneasler\n|\n|-damage|p2a: Sneasler|11\/100 brn|[from] brn\n|upkeep\n|turn|31\n|\n|t:|1701102182\n|move|p2a: Sneasler|Shadow Ball|p1a: Ariados\n|-damage|p1a: Ariados|0 fnt\n|faint|p1a: Ariados\n|\n|-damage|p2a: Sneasler|5\/100 brn|[from] brn\n|upkeep\n|\n|t:|1701102186\n|switch|p1a: Persian|Persian-Alola, F|100\/100\n|turn|32\n|\n|t:|1701102192\n|move|p1a: Persian|Fake Out|p2a: Sneasler\n|-damage|p2a: Sneasler|0 fnt\n|faint|p2a: Sneasler\n|\n|upkeep\n|\n|t:|1701102197\n|switch|p2a: Samurott|Samurott-Hisui, M|100\/100\n|turn|33\n|\n|t:|1701102206\n|-terastallize|p2a: Samurott|Bug\n|move|p2a: Samurott|Fury Cutter|p1a: Persian\n|-supereffective|p1a: Persian\n|-damage|p1a: Persian|64\/100\n|move|p1a: Persian|Roar|p2a: Samurott\n|drag|p2a: Typhlosion|Typhlosion-Hisui, M|100\/100\n|\n|upkeep\n|turn|34\n|\n|t:|1701102213\n|move|p1a: Persian|Foul Play|p2a: Typhlosion\n|-supereffective|p2a: Typhlosion\n|-damage|p2a: Typhlosion|0 fnt\n|faint|p2a: Typhlosion\n|\n|upkeep\n|\n|t:|1701102218\n|switch|p2a: Samurott|Samurott-Hisui, M, tera:Bug|100\/100\n|turn|35\n|\n|t:|1701102222\n|move|p1a: Persian|Foul Play|p2a: Samurott\n|-damage|p2a: Samurott|45\/100\n|move|p2a: Samurott|Sacred Sword|p1a: Persian\n|-supereffective|p1a: Persian\n|-enditem|p1a: Persian|Chople Berry|[eat]\n|-enditem|p1a: Persian|Chople Berry|[weaken]\n|-damage|p1a: Persian|37\/100\n|\n|upkeep\n|turn|36\n|\n|t:|1701102231\n|move|p1a: Persian|Foul Play|p2a: Samurott\n|-damage|p2a: Samurott|0 fnt\n|faint|p2a: Samurott\n|\n|win|Rowan_Rocket\n|raw|Rowan_Rocket's rating: 1107 &rarr; <strong>1131<\/strong><br \/>(+24 for winning)\n|raw|Strictly Bizz's rating: 1098 &rarr; <strong>1074<\/strong><br \/>(-24 for losing)\n|c|\u2606Strictly Bizz|gg\n|l|\u2606Strictly Bizz\n","uploadtime":1701102277,"views":1,"p1id":"rowanrocket","p2id":"strictlybizz","formatid":"gen9anythinggoes","rating":1074,"private":0,"password":""}