{"id":"gen9anythinggoes-1977331709","p1":"XanderHaki","p2":"Aplegends","format":"[Gen 9] Anything Goes","log":"|j|\u2606XanderHaki\n|j|\u2606Aplegends\n|t:|1698406151\n|gametype|singles\n|player|p1|XanderHaki|drayden|1055\n|player|p2|Aplegends|265|1070\n|teamsize|p1|1\n|teamsize|p2|6\n|gen|9\n|tier|[Gen 9] Anything Goes\n|rated|\n|rule|HP Percentage Mod: HP is shown in percentages\n|rule|Endless Battle Clause: Forcing endless battles is banned\n|clearpoke\n|poke|p1|Baxcalibur, M|\n|poke|p2|Infernape, F|\n|poke|p2|Staraptor, F|\n|poke|p2|Umbreon, M|\n|poke|p2|Ursaluna, F|\n|poke|p2|Flutter Mane|\n|poke|p2|Kommo-o, M|\n|teampreview\n|inactive|Battle timer is ON: inactive players will automatically lose when time's up. (requested by Aplegends)\n|\n|t:|1698406165\n|start\n|switch|p1a: Baxcalibur|Baxcalibur, M|100\/100\n|switch|p2a: Kommo-o|Kommo-o, M, shiny|100\/100\n|turn|1\n|\n|t:|1698406182\n|-terastallize|p1a: Baxcalibur|Fairy\n|-terastallize|p2a: Kommo-o|Electric\n|move|p1a: Baxcalibur|Swords Dance|p1a: Baxcalibur\n|-boost|p1a: Baxcalibur|atk|2\n|move|p2a: Kommo-o|Clanging Scales|p1a: Baxcalibur\n|-immune|p1a: Baxcalibur\n|\n|upkeep\n|turn|2\n|\n|t:|1698406196\n|move|p1a: Baxcalibur|Scale Shot|p2a: Kommo-o\n|-damage|p2a: Kommo-o|77\/100\n|-damage|p2a: Kommo-o|52\/100\n|-damage|p2a: Kommo-o|25\/100\n|-damage|p2a: Kommo-o|0 fnt\n|faint|p2a: Kommo-o\n|-hitcount|p2: Kommo-o|4\n|-unboost|p1a: Baxcalibur|def|1\n|-boost|p1a: Baxcalibur|spe|1\n|\n|upkeep\n|\n|t:|1698406210\n|switch|p2a: Cumbreon|Umbreon, M|100\/100\n|turn|3\n|\n|t:|1698406217\n|move|p1a: Baxcalibur|Scale Shot|p2a: Cumbreon\n|-damage|p2a: Cumbreon|82\/100\n|-damage|p2a: Cumbreon|61\/100\n|-damage|p2a: Cumbreon|42\/100\n|-damage|p2a: Cumbreon|24\/100\n|-damage|p2a: Cumbreon|2\/100\n|-hitcount|p2a: Cumbreon|5\n|-unboost|p1a: Baxcalibur|def|1\n|-boost|p1a: Baxcalibur|spe|1\n|move|p2a: Cumbreon|Toxic|p1a: Baxcalibur\n|-status|p1a: Baxcalibur|tox\n|\n|-damage|p1a: Baxcalibur|94\/100 tox|[from] psn\n|upkeep\n|turn|4\n|\n|t:|1698406233\n|move|p1a: Baxcalibur|Scale Shot|p2a: Cumbreon\n|-damage|p2a: Cumbreon|0 fnt\n|faint|p2a: Cumbreon\n|-hitcount|p2: Cumbreon|1\n|-unboost|p1a: Baxcalibur|def|1\n|-boost|p1a: Baxcalibur|spe|1\n|\n|-damage|p1a: Baxcalibur|82\/100 tox|[from] psn\n|upkeep\n|\n|t:|1698406237\n|switch|p2a: Ursaluna|Flutter Mane|100\/100\n|-enditem|p2a: Ursaluna|Booster Energy\n|-activate|p2a: Ursaluna|ability: Protosynthesis|[fromitem]\n|-start|p2a: Ursaluna|protosynthesisspa\n|turn|5\n|c|\u2606Aplegends|!weakness fairy\n|c| Aplegends|\/raw <div class=\"infobox\">Fairy:<br \/><span class=\"message-effect-weak\">Weaknesses<\/span>: Poison, Steel<br \/><span class=\"message-effect-resist\">Resistances<\/span>: Bug, Dark, Fighting<br \/><span class=\"message-effect-immune\">Immunities<\/span>: Dragon<\/div>\n|\n|t:|1698406273\n|move|p1a: Baxcalibur|Icicle Spear|p2a: Ursaluna\n|-damage|p2a: Ursaluna|57\/100\n|-damage|p2a: Ursaluna|18\/100\n|-damage|p2a: Ursaluna|0 fnt\n|faint|p2a: Ursaluna\n|-end|p2a: Ursaluna|Protosynthesis|[silent]\n|-hitcount|p2: Ursaluna|3\n|\n|-damage|p1a: Baxcalibur|63\/100 tox|[from] psn\n|upkeep\n|\n|t:|1698406279\n|switch|p2a: Ruggbier|Infernape, F|100\/100\n|turn|6\n|inactive|Aplegends has 120 seconds left.\n|\n|t:|1698406302\n|move|p1a: Baxcalibur|Earthquake|p2a: Ruggbier\n|-supereffective|p2a: Ruggbier\n|-damage|p2a: Ruggbier|0 fnt\n|faint|p2a: Ruggbier\n|\n|-damage|p1a: Baxcalibur|39\/100 tox|[from] psn\n|upkeep\n|\n|t:|1698406306\n|switch|p2a: Japaro|Staraptor, F|100\/100\n|turn|7\n|\n|t:|1698406311\n|move|p1a: Baxcalibur|Scale Shot|p2a: Japaro\n|-crit|p2a: Japaro\n|-damage|p2a: Japaro|35\/100\n|-damage|p2a: Japaro|0 fnt\n|faint|p2a: Japaro\n|-hitcount|p2: Japaro|2\n|-unboost|p1a: Baxcalibur|def|1\n|-boost|p1a: Baxcalibur|spe|1\n|\n|-damage|p1a: Baxcalibur|8\/100 tox|[from] psn\n|upkeep\n|\n|t:|1698406316\n|switch|p2a: Winnie de pooh|Ursaluna, F|100\/100\n|turn|8\n|\n|t:|1698406326\n|move|p1a: Baxcalibur|Icicle Spear|p2a: Winnie de pooh\n|-supereffective|p2a: Winnie de pooh\n|-damage|p2a: Winnie de pooh|57\/100\n|-supereffective|p2a: Winnie de pooh\n|-damage|p2a: Winnie de pooh|15\/100\n|-supereffective|p2a: Winnie de pooh\n|-damage|p2a: Winnie de pooh|0 fnt\n|faint|p2a: Winnie de pooh\n|-hitcount|p2: Winnie de pooh|3\n|\n|win|XanderHaki\n|raw|XanderHaki's rating: 1055 &rarr; <strong>1088<\/strong><br \/>(+33 for winning)\n|raw|Aplegends's rating: 1070 &rarr; <strong>1049<\/strong><br \/>(-21 for losing)\n|l|\u2606XanderHaki\n","uploadtime":1698406337,"views":9,"p1id":"xanderhaki","p2id":"aplegends","formatid":"gen9anythinggoes","rating":1049,"private":0,"password":""}