{"id":"gen9anythinggoes-1997377572","p1":"HemmingfordEQs","p2":"Beauce Raikous","format":"[Gen 9] Anything Goes","log":"|j|\u2606HemmingfordEQs\n|j|\u2606Beauce Raikous\n|t:|1700796253\n|gametype|singles\n|player|p1|HemmingfordEQs|cynthia-gen4|\n|player|p2|Beauce Raikous|1|\n|teamsize|p1|6\n|teamsize|p2|6\n|gen|9\n|tier|[Gen 9] Anything Goes\n|rule|HP Percentage Mod: HP is shown in percentages\n|rule|Endless Battle Clause: Forcing endless battles is banned\n|clearpoke\n|poke|p1|Heatran, F|\n|poke|p1|Dragapult, F|\n|poke|p1|Sylveon, F|\n|poke|p1|Arcanine-Hisui, F|\n|poke|p1|Decidueye-Hisui, F|\n|poke|p1|Jolteon, M|\n|poke|p2|Zapdos-Galar|\n|poke|p2|Slowbro, M|\n|poke|p2|Mimikyu, F|\n|poke|p2|Hoopa-Unbound|\n|poke|p2|Wo-Chien|\n|poke|p2|Forretress, F|\n|teampreview\n|\n|t:|1700796285\n|start\n|switch|p1a: Heatran|Heatran, F|100\/100\n|switch|p2a: Forretress|Forretress, F|100\/100\n|turn|1\n|\n|t:|1700796296\n|switch|p2a: Slowbro|Slowbro, M|100\/100\n|move|p1a: Heatran|Magma Storm|p2a: Slowbro|[miss]\n|-miss|p1a: Heatran|p2a: Slowbro\n|\n|upkeep\n|turn|2\n|\n|t:|1700796337\n|move|p1a: Heatran|Protect|p1a: Heatran\n|-singleturn|p1a: Heatran|Protect\n|move|p2a: Slowbro|Trick Room|p2a: Slowbro\n|-fieldstart|move: Trick Room|[of] p2a: Slowbro\n|\n|upkeep\n|turn|3\n|\n|t:|1700796344\n|switch|p1a: Sylveon|Sylveon, F, shiny|100\/100\n|move|p2a: Slowbro|Surf|p1a: Sylveon\n|-damage|p1a: Sylveon|80\/100\n|\n|upkeep\n|turn|4\n|\n|t:|1700796372\n|switch|p2a: Wo-Chien|Wo-Chien|100\/100\n|-ability|p2a: Wo-Chien|Tablets of Ruin\n|move|p1a: Sylveon|Yawn|p2a: Wo-Chien\n|-start|p2a: Wo-Chien|move: Yawn|[of] p1a: Sylveon\n|\n|upkeep\n|turn|5\n|\n|t:|1700796398\n|switch|p2a: Forretress|Forretress, F|100\/100\n|move|p1a: Sylveon|Wish|p1a: Sylveon\n|\n|upkeep\n|turn|6\n|\n|t:|1700796406\n|switch|p1a: Dragapult|Dragapult, F|100\/100\n|move|p2a: Forretress|Stealth Rock|p1a: Dragapult\n|-sidestart|p1: HemmingfordEQs|move: Stealth Rock\n|\n|-fieldend|move: Trick Room\n|upkeep\n|turn|7\n|j| QCicicleCrashers\n|\n|t:|1700796450\n|move|p1a: Dragapult|Will-O-Wisp|p2a: Forretress\n|-status|p2a: Forretress|brn\n|move|p2a: Forretress|Volt Switch|p1a: Dragapult\n|-resisted|p1a: Dragapult\n|-damage|p1a: Dragapult|94\/100\n|\n|t:|1700796457\n|switch|p2a: Wo-Chien|Wo-Chien|100\/100|[from] Volt Switch\n|-ability|p2a: Wo-Chien|Tablets of Ruin\n|\n|upkeep\n|turn|8\n|\n|t:|1700796497\n|switch|p1a: Decidueye|Decidueye-Hisui, F|100\/100\n|move|p2a: Wo-Chien|Knock Off|p1a: Decidueye\n|-resisted|p1a: Decidueye\n|-damage|p1a: Decidueye|90\/100\n|-enditem|p1a: Decidueye|Heavy-Duty Boots|[from] move: Knock Off|[of] p2a: Wo-Chien\n|\n|upkeep\n|turn|9\n|\n|t:|1700796511\n|switch|p2a: Zapdos|Zapdos-Galar|100\/100\n|move|p1a: Decidueye|Triple Arrows|p2a: Zapdos\n|-resisted|p2a: Zapdos\n|-crit|p2a: Zapdos\n|-damage|p2a: Zapdos|71\/100\n|-unboost|p2a: Zapdos|def|1\n|-ability|p2a: Zapdos|Defiant|boost\n|-boost|p2a: Zapdos|atk|2\n|\n|upkeep\n|turn|10\n|\n|t:|1700796525\n|move|p2a: Zapdos|Acrobatics|p1a: Decidueye\n|-supereffective|p1a: Decidueye\n|-damage|p1a: Decidueye|0 fnt\n|faint|p1a: Decidueye\n|\n|upkeep\n|\n|t:|1700796530\n|switch|p1a: Jolteon|Jolteon, M|100\/100\n|-damage|p1a: Jolteon|88\/100|[from] Stealth Rock\n|turn|11\n|\n|t:|1700796538\n|move|p2a: Zapdos|Endure|p2a: Zapdos\n|-singleturn|p2a: Zapdos|move: Endure\n|move|p1a: Jolteon|Volt Switch|p2a: Zapdos\n|-supereffective|p2a: Zapdos\n|-activate|p2a: Zapdos|move: Endure\n|-damage|p2a: Zapdos|1\/100\n|-enditem|p2a: Zapdos|Salac Berry|[eat]\n|-boost|p2a: Zapdos|spe|1|[from] item: Salac Berry\n|\n|t:|1700796563\n|switch|p1a: Arcanine|Arcanine-Hisui, F|100\/100|[from] Volt Switch\n|-damage|p1a: Arcanine|76\/100|[from] Stealth Rock\n|\n|upkeep\n|turn|12\n|\n|t:|1700796569\n|switch|p2a: Mimikyu|Mimikyu, F|100\/100\n|move|p1a: Arcanine|Flare Blitz|p2a: Mimikyu\n|-activate|p2a: Mimikyu|ability: Disguise\n|-damage|p2a: Mimikyu|100\/100\n|detailschange|p2a: Mimikyu|Mimikyu-Busted, F\n|-damage|p2a: Mimikyu|88\/100|[from] pokemon: Mimikyu-Busted\n|-enditem|p2a: Mimikyu|Eject Button\n|\n|t:|1700796582\n|switch|p2a: Slowbro|Slowbro, M|100\/100\n|\n|upkeep\n|turn|13\n|\n|t:|1700796598\n|switch|p1a: Sylveon|Sylveon, F, shiny|80\/100\n|-damage|p1a: Sylveon|68\/100|[from] Stealth Rock\n|move|p2a: Slowbro|Trick Room|p2a: Slowbro\n|-fieldstart|move: Trick Room|[of] p2a: Slowbro\n|\n|upkeep\n|turn|14\n|\n|t:|1700796608\n|switch|p2a: Zapdos|Zapdos-Galar|1\/100\n|move|p1a: Sylveon|Wish|p1a: Sylveon\n|\n|upkeep\n|turn|15\n|\n|t:|1700796618\n|move|p1a: Sylveon|Hyper Voice|p2a: Zapdos\n|-supereffective|p2a: Zapdos\n|-damage|p2a: Zapdos|0 fnt\n|faint|p2a: Zapdos\n|\n|-heal|p1a: Sylveon|100\/100|[from] move: Wish|[wisher] Sylveon\n|upkeep\n|\n|t:|1700796650\n|switch|p2a: Slowbro|Slowbro, M|100\/100\n|turn|16\n|\n|t:|1700796655\n|move|p2a: Slowbro|Surf|p1a: Sylveon\n|-damage|p1a: Sylveon|81\/100\n|move|p1a: Sylveon|Yawn|p2a: Slowbro\n|-start|p2a: Slowbro|move: Yawn|[of] p1a: Sylveon\n|\n|upkeep\n|turn|17\n|\n|t:|1700796664\n|move|p2a: Slowbro|Surf|p1a: Sylveon\n|-crit|p1a: Sylveon\n|-damage|p1a: Sylveon|50\/100\n|move|p1a: Sylveon|Wish|p1a: Sylveon\n|\n|-end|p2a: Slowbro|move: Yawn|[silent]\n|-status|p2a: Slowbro|slp\n|-fieldend|move: Trick Room\n|upkeep\n|turn|18\n|\n|t:|1700796678\n|switch|p2a: Hoopa|Hoopa-Unbound|100\/100\n|move|p1a: Sylveon|Hyper Voice|p2a: Hoopa\n|-supereffective|p2a: Hoopa\n|-damage|p2a: Hoopa|33\/100\n|\n|-heal|p1a: Sylveon|99\/100|[from] move: Wish|[wisher] Sylveon\n|upkeep\n|turn|19\n|\n|t:|1700796690\n|move|p2a: Hoopa|Gunk Shot|p1a: Sylveon\n|-supereffective|p1a: Sylveon\n|-enditem|p1a: Sylveon|Kebia Berry|[eat]\n|-enditem|p1a: Sylveon|Kebia Berry|[weaken]\n|-damage|p1a: Sylveon|60\/100\n|move|p1a: Sylveon|Hyper Voice|p2a: Hoopa\n|-supereffective|p2a: Hoopa\n|-damage|p2a: Hoopa|0 fnt\n|faint|p2a: Hoopa\n|\n|upkeep\n|\n|t:|1700796702\n|switch|p2a: Mimikyu|Mimikyu-Busted, F|88\/100\n|turn|20\n|\n|t:|1700796757\n|move|p2a: Mimikyu|Play Rough|p1a: Sylveon|[miss]\n|-miss|p2a: Mimikyu|p1a: Sylveon\n|move|p1a: Sylveon|Hyper Voice|p2a: Mimikyu\n|-damage|p2a: Mimikyu|35\/100\n|\n|upkeep\n|turn|21\n|\n|t:|1700796763\n|move|p2a: Mimikyu|Destiny Bond|p2a: Mimikyu\n|-singlemove|p2a: Mimikyu|Destiny Bond\n|move|p1a: Sylveon|Hyper Voice|p2a: Mimikyu\n|-damage|p2a: Mimikyu|0 fnt\n|faint|p2a: Mimikyu\n|-activate|p2a: Mimikyu|move: Destiny Bond\n|faint|p1a: Sylveon\n|\n|upkeep\n|\n|t:|1700796784\n|switch|p2a: Slowbro|Slowbro, M|100\/100 slp\n|switch|p1a: Heatran|Heatran, F|100\/100\n|-damage|p1a: Heatran|88\/100|[from] Stealth Rock\n|turn|22\n|\n|t:|1700796790\n|move|p1a: Heatran|Magma Storm|p2a: Slowbro\n|-resisted|p2a: Slowbro\n|-damage|p2a: Slowbro|80\/100 slp\n|-activate|p2a: Slowbro|move: Magma Storm|[of] p1a: Heatran\n|cant|p2a: Slowbro|slp\n|\n|-heal|p1a: Heatran|94\/100|[from] item: Leftovers\n|-damage|p2a: Slowbro|67\/100 slp|[from] move: Magma Storm|[partiallytrapped]\n|upkeep\n|turn|23\n|\n|t:|1700796799\n|move|p1a: Heatran|Taunt|p2a: Slowbro\n|-start|p2a: Slowbro|move: Taunt\n|cant|p2a: Slowbro|slp\n|\n|-heal|p1a: Heatran|100\/100|[from] item: Leftovers\n|-damage|p2a: Slowbro|55\/100 slp|[from] move: Magma Storm|[partiallytrapped]\n|upkeep\n|turn|24\n|\n|t:|1700796814\n|switch|p1a: Jolteon|Jolteon, M|88\/100\n|-damage|p1a: Jolteon|76\/100|[from] Stealth Rock\n|-curestatus|p2a: Slowbro|slp|[msg]\n|move|p2a: Slowbro|Surf|p1a: Jolteon\n|-damage|p1a: Jolteon|34\/100\n|\n|-end|p2a: Slowbro|Magma Storm|[partiallytrapped]|[silent]\n|upkeep\n|turn|25\n|\n|t:|1700796840\n|-terastallize|p1a: Jolteon|Ice\n|-terastallize|p2a: Slowbro|Grass\n|move|p1a: Jolteon|Tera Blast|p2a: Slowbro|[anim] Tera Blast Ice\n|-supereffective|p2a: Slowbro\n|-damage|p2a: Slowbro|0 fnt\n|faint|p2a: Slowbro\n|\n|upkeep\n|\n|t:|1700796847\n|switch|p2a: Wo-Chien|Wo-Chien|100\/100\n|-ability|p2a: Wo-Chien|Tablets of Ruin\n|turn|26\n|\n|t:|1700796852\n|move|p1a: Jolteon|Tera Blast|p2a: Wo-Chien|[anim] Tera Blast Ice\n|-supereffective|p2a: Wo-Chien\n|-damage|p2a: Wo-Chien|49\/100\n|move|p2a: Wo-Chien|Knock Off|p1a: Jolteon\n|-damage|p1a: Jolteon|0 fnt\n|-enditem|p1a: Jolteon|Choice Specs|[from] move: Knock Off|[of] p2a: Wo-Chien\n|faint|p1a: Jolteon\n|\n|upkeep\n|\n|t:|1700796859\n|switch|p1a: Arcanine|Arcanine-Hisui, F|76\/100\n|-damage|p1a: Arcanine|51\/100|[from] Stealth Rock\n|turn|27\n|\n|t:|1700796865\n|move|p1a: Arcanine|Flare Blitz|p2a: Wo-Chien\n|-supereffective|p2a: Wo-Chien\n|-damage|p2a: Wo-Chien|0 fnt\n|faint|p2a: Wo-Chien\n|\n|upkeep\n|\n|t:|1700796869\n|switch|p2a: Forretress|Forretress, F|100\/100 brn\n|turn|28\n|\n|t:|1700796872\n|move|p1a: Arcanine|Flare Blitz|p2a: Forretress\n|-supereffective|p2a: Forretress\n|-ability|p2a: Forretress|Sturdy\n|-damage|p2a: Forretress|1\/100 brn\n|move|p2a: Forretress|Body Press|p1a: Arcanine\n|-supereffective|p1a: Arcanine\n|-damage|p1a: Arcanine|10\/100\n|\n|-heal|p2a: Forretress|7\/100 brn|[from] item: Leftovers\n|-damage|p2a: Forretress|1\/100 brn|[from] brn\n|upkeep\n|turn|29\n|\n|t:|1700796884\n|move|p1a: Arcanine|Flare Blitz|p2a: Forretress\n|-supereffective|p2a: Forretress\n|-damage|p2a: Forretress|0 fnt\n|faint|p2a: Forretress\n|\n|win|HemmingfordEQs\n","uploadtime":1700796894,"views":3,"p1id":"hemmingfordeqs","p2id":"beauceraikous","formatid":"gen9anythinggoes","rating":0,"private":0,"password":""}