{"id":"gen9anythinggoes-1973210568","p1":"Angiamo Tartuffo","p2":"MelloBello","format":"[Gen 9] Anything Goes","log":"|j|\u2606Angiamo Tartuffo\n|j|\u2606MelloBello\n|t:|1697939853\n|gametype|singles\n|player|p1|Angiamo Tartuffo|giovanni|1091\n|player|p2|MelloBello|darach-caitlin|1182\n|teamsize|p1|6\n|teamsize|p2|6\n|gen|9\n|tier|[Gen 9] Anything Goes\n|rated|\n|rule|HP Percentage Mod: HP is shown in percentages\n|rule|Endless Battle Clause: Forcing endless battles is banned\n|clearpoke\n|poke|p1|Calyrex-Shadow|\n|poke|p1|Zacian-*|\n|poke|p1|Groudon|\n|poke|p1|Kyogre|\n|poke|p1|Arceus-Bug|\n|poke|p1|Chien-Pao|\n|poke|p2|Alomomola, M|\n|poke|p2|Calyrex-Shadow|\n|poke|p2|Volcarona, F|\n|poke|p2|Forretress, M|\n|poke|p2|Masquerain, M|\n|poke|p2|Iron Valiant|\n|teampreview\n|inactive|Battle timer is ON: inactive players will automatically lose when time's up. (requested by MelloBello)\n|\n|t:|1697939876\n|start\n|switch|p1a: Groudon|Groudon|100\/100\n|switch|p2a: Forretress|Forretress, M|100\/100\n|-weather|SunnyDay|[from] ability: Drought|[of] p1a: Groudon\n|turn|1\n|c|\u2606Angiamo Tartuffo|gl\n|\n|t:|1697939889\n|move|p1a: Groudon|Stealth Rock|p2a: Forretress\n|-sidestart|p2: MelloBello|move: Stealth Rock\n|move|p2a: Forretress|Toxic Spikes|p1a: Groudon\n|-sidestart|p1: Angiamo Tartuffo|move: Toxic Spikes\n|\n|-weather|SunnyDay|[upkeep]\n|upkeep\n|turn|2\n|\n|t:|1697939896\n|move|p1a: Groudon|Precipice Blades|p2a: Forretress\n|-damage|p2a: Forretress|46\/100\n|move|p2a: Forretress|Stealth Rock|p1a: Groudon\n|-sidestart|p1: Angiamo Tartuffo|move: Stealth Rock\n|\n|-weather|SunnyDay|[upkeep]\n|-heal|p2a: Forretress|52\/100|[from] item: Leftovers\n|upkeep\n|turn|3\n|\n|t:|1697939908\n|move|p1a: Groudon|Precipice Blades|p2a: Forretress\n|-damage|p2a: Forretress|0 fnt\n|faint|p2a: Forretress\n|\n|-weather|SunnyDay|[upkeep]\n|upkeep\n|\n|t:|1697939915\n|switch|p2a: Masquerain|Masquerain, M|100\/100\n|-damage|p2a: Masquerain|51\/100|[from] Stealth Rock\n|-ability|p2a: Masquerain|Intimidate|boost\n|-unboost|p1a: Groudon|atk|1\n|turn|4\n|\n|t:|1697939921\n|move|p1a: Groudon|Thunder Punch|p2a: Masquerain\n|-supereffective|p2a: Masquerain\n|-damage|p2a: Masquerain|4\/100\n|move|p2a: Masquerain|Sticky Web|p1a: Groudon\n|-sidestart|p1: Angiamo Tartuffo|move: Sticky Web\n|\n|-weather|SunnyDay|[upkeep]\n|upkeep\n|turn|5\n|\n|t:|1697939929\n|move|p1a: Groudon|Thunder Punch|p2a: Masquerain\n|-supereffective|p2a: Masquerain\n|-damage|p2a: Masquerain|0 fnt\n|faint|p2a: Masquerain\n|\n|-weather|none\n|upkeep\n|\n|t:|1697939938\n|switch|p2a: Calyrex|Calyrex-Shadow|100\/100\n|-ability|p2a: Calyrex|As One\n|-ability|p2a: Calyrex|Unnerve\n|-damage|p2a: Calyrex|88\/100|[from] Stealth Rock\n|turn|6\n|\n|t:|1697939947\n|move|p2a: Calyrex|Giga Drain|p1a: Groudon\n|-supereffective|p1a: Groudon\n|-damage|p1a: Groudon|37\/100\n|-heal|p2a: Calyrex|100\/100|[from] drain|[of] p1a: Groudon\n|move|p1a: Groudon|Bulk Up|p1a: Groudon\n|-boost|p1a: Groudon|atk|1\n|-boost|p1a: Groudon|def|1\n|\n|-heal|p1a: Groudon|43\/100|[from] item: Leftovers\n|upkeep\n|turn|7\n|\n|t:|1697939957\n|move|p2a: Calyrex|Giga Drain|p1a: Groudon\n|-supereffective|p1a: Groudon\n|-damage|p1a: Groudon|0 fnt\n|faint|p1a: Groudon\n|-ability|p2a: Calyrex|Grim Neigh|boost\n|-boost|p2a: Calyrex|spa|1\n|\n|upkeep\n|\n|t:|1697939966\n|switch|p1a: Calyrex|Calyrex-Shadow|100\/100\n|-ability|p1a: Calyrex|As One\n|-ability|p1a: Calyrex|Unnerve\n|-status|p1a: Calyrex|psn\n|-damage|p1a: Calyrex|88\/100 psn|[from] Stealth Rock\n|-activate|p1a: Calyrex|move: Sticky Web\n|-unboost|p1a: Calyrex|spe|1\n|turn|8\n|\n|t:|1697939977\n|move|p1a: Calyrex|Astral Barrage|p2a: Calyrex\n|-supereffective|p2a: Calyrex\n|-enditem|p2a: Calyrex|Focus Sash\n|-damage|p2a: Calyrex|1\/100\n|move|p2a: Calyrex|Astral Barrage|p1a: Calyrex\n|-supereffective|p1a: Calyrex\n|-damage|p1a: Calyrex|0 fnt\n|faint|p1a: Calyrex\n|-ability|p2a: Calyrex|Grim Neigh|boost\n|-boost|p2a: Calyrex|spa|1\n|\n|upkeep\n|\n|t:|1697939990\n|switch|p1a: Chien-Pao|Chien-Pao|100\/100\n|-status|p1a: Chien-Pao|psn\n|-damage|p1a: Chien-Pao|76\/100 psn|[from] Stealth Rock\n|-activate|p1a: Chien-Pao|move: Sticky Web\n|-unboost|p1a: Chien-Pao|spe|1\n|-ability|p1a: Chien-Pao|Sword of Ruin\n|turn|9\n|\n|t:|1697940010\n|move|p1a: Chien-Pao|Sucker Punch|p2a: Calyrex\n|-supereffective|p2a: Calyrex\n|-damage|p2a: Calyrex|0 fnt\n|faint|p2a: Calyrex\n|\n|-damage|p1a: Chien-Pao|63\/100 psn|[from] psn\n|upkeep\n|\n|t:|1697940017\n|switch|p2a: Alomomola|Alomomola, M|100\/100\n|-damage|p2a: Alomomola|88\/100|[from] Stealth Rock\n|turn|10\n|\n|t:|1697940024\n|move|p1a: Chien-Pao|Sucker Punch||[still]\n|-fail|p1a: Chien-Pao\n|move|p2a: Alomomola|Wish|p2a: Alomomola\n|\n|-damage|p1a: Chien-Pao|51\/100 psn|[from] psn\n|upkeep\n|turn|11\n|\n|t:|1697940038\n|switch|p1a: Kyogre|Kyogre|100\/100\n|-status|p1a: Kyogre|psn\n|-damage|p1a: Kyogre|88\/100 psn|[from] Stealth Rock\n|-activate|p1a: Kyogre|move: Sticky Web\n|-unboost|p1a: Kyogre|spe|1\n|-weather|RainDance|[from] ability: Drizzle|[of] p1a: Kyogre\n|move|p2a: Alomomola|Calm Mind|p2a: Alomomola\n|-boost|p2a: Alomomola|spa|1\n|-boost|p2a: Alomomola|spd|1\n|\n|-weather|RainDance|[upkeep]\n|-heal|p2a: Alomomola|100\/100|[from] move: Wish|[wisher] Alomomola\n|-damage|p1a: Kyogre|76\/100 psn|[from] psn\n|upkeep\n|turn|12\n|\n|t:|1697940054\n|move|p2a: Alomomola|Baton Pass|p2a: Alomomola\n|\n|t:|1697940059\n|switch|p2a: Iron Valiant|Iron Valiant|100\/100|[from] Baton Pass\n|-damage|p2a: Iron Valiant|94\/100|[from] Stealth Rock\n|move|p1a: Kyogre|Thunder|p2a: Iron Valiant\n|-damage|p2a: Iron Valiant|29\/100\n|\n|-weather|RainDance|[upkeep]\n|-damage|p1a: Kyogre|64\/100 psn|[from] psn\n|upkeep\n|turn|13\n|\n|t:|1697940071\n|move|p2a: Iron Valiant|Psycho Cut|p1a: Kyogre\n|-damage|p1a: Kyogre|37\/100 psn\n|move|p1a: Kyogre|Thunder|p2a: Iron Valiant\n|-damage|p2a: Iron Valiant|0 fnt\n|faint|p2a: Iron Valiant\n|-end|p2a: Iron Valiant|Quark Drive|[silent]\n|\n|-weather|RainDance|[upkeep]\n|-damage|p1a: Kyogre|24\/100 psn|[from] psn\n|upkeep\n|\n|t:|1697940082\n|switch|p2a: Volcarona|Volcarona, F, shiny|100\/100\n|turn|14\n|\n|t:|1697940088\n|move|p2a: Volcarona|Giga Drain|p1a: Kyogre\n|-supereffective|p1a: Kyogre\n|-damage|p1a: Kyogre|0 fnt\n|faint|p1a: Kyogre\n|\n|-weather|RainDance|[upkeep]\n|upkeep\n|\n|t:|1697940102\n|switch|p1a: Chien-Pao|Chien-Pao|51\/100 psn\n|-damage|p1a: Chien-Pao|26\/100 psn|[from] Stealth Rock\n|-activate|p1a: Chien-Pao|move: Sticky Web\n|-unboost|p1a: Chien-Pao|spe|1\n|-ability|p1a: Chien-Pao|Sword of Ruin\n|turn|15\n|j| Meme stee\n|l| Meme stee\n|\n|t:|1697940115\n|move|p1a: Chien-Pao|Ice Spinner|p2a: Volcarona\n|-resisted|p2a: Volcarona\n|-damage|p2a: Volcarona|67\/100\n|move|p2a: Volcarona|Fiery Dance|p1a: Chien-Pao\n|-supereffective|p1a: Chien-Pao\n|-damage|p1a: Chien-Pao|0 fnt\n|-boost|p2a: Volcarona|spa|1\n|faint|p1a: Chien-Pao\n|\n|-weather|none\n|upkeep\n|\n|t:|1697940131\n|switch|p1a: Arceus|Arceus-Bug|100\/100\n|-status|p1a: Arceus|psn\n|-damage|p1a: Arceus|75\/100 psn|[from] Stealth Rock\n|-activate|p1a: Arceus|move: Sticky Web\n|-unboost|p1a: Arceus|spe|1\n|turn|16\n|\n|t:|1697940141\n|move|p2a: Volcarona|Fiery Dance|p1a: Arceus\n|-supereffective|p1a: Arceus\n|-damage|p1a: Arceus|6\/100 psn\n|move|p1a: Arceus|Judgment|p2a: Volcarona\n|-resisted|p2a: Volcarona\n|-damage|p2a: Volcarona|44\/100\n|\n|-damage|p1a: Arceus|0 fnt|[from] psn\n|faint|p1a: Arceus\n|upkeep\n|\n|t:|1697940150\n|switch|p1a: Zacian|Zacian-Crowned|100\/100\n|-damage|p1a: Zacian|94\/100|[from] Stealth Rock\n|-activate|p1a: Zacian|move: Sticky Web\n|-unboost|p1a: Zacian|spe|1\n|-ability|p1a: Zacian|Intrepid Sword|boost\n|-boost|p1a: Zacian|atk|1\n|turn|17\n|\n|t:|1697940163\n|move|p2a: Volcarona|Fiery Dance|p1a: Zacian\n|-supereffective|p1a: Zacian\n|-damage|p1a: Zacian|3\/100\n|move|p1a: Zacian|Trailblaze|p2a: Volcarona\n|-resisted|p2a: Volcarona\n|-damage|p2a: Volcarona|35\/100\n|-boost|p1a: Zacian|spe|1\n|\n|upkeep\n|turn|18\n|inactive|Angiamo Tartuffo has 120 seconds left.\n|\n|t:|1697940188\n|-terastallize|p1a: Zacian|Fairy\n|move|p1a: Zacian|Play Rough|p2a: Volcarona\n|-resisted|p2a: Volcarona\n|-damage|p2a: Volcarona|0 fnt\n|-status|p1a: Zacian|brn|[from] ability: Flame Body|[of] p2a: Volcarona\n|faint|p2a: Volcarona\n|\n|-damage|p1a: Zacian|0 fnt|[from] brn\n|faint|p1a: Zacian\n|\n|win|MelloBello\n|upkeep\n|raw|Angiamo Tartuffo's rating: 1091 &rarr; <strong>1073<\/strong><br \/>(-18 for losing)\n|raw|MelloBello's rating: 1182 &rarr; <strong>1201<\/strong><br \/>(+19 for winning)\n|l|\u2606Angiamo Tartuffo\n","uploadtime":1697940202,"views":7,"p1id":"angiamotartuffo","p2id":"mellobello","formatid":"gen9anythinggoes","rating":1073,"private":0,"password":""}