{"id":"gen9anythinggoes-1977596785","p1":"MaxxEccentric","p2":"poverpoop","format":"[Gen 9] Anything Goes","log":"|j|\u2606MaxxEccentric\n|j|\u2606poverpoop\n|t:|1698430458\n|gametype|singles\n|player|p1|MaxxEccentric|mars|1231\n|player|p2|poverpoop|cynthia|1239\n|teamsize|p1|6\n|teamsize|p2|6\n|gen|9\n|tier|[Gen 9] Anything Goes\n|rated|\n|rule|HP Percentage Mod: HP is shown in percentages\n|rule|Endless Battle Clause: Forcing endless battles is banned\n|clearpoke\n|poke|p1|Miraidon|\n|poke|p1|Typhlosion-Hisui, M|\n|poke|p1|Slowking-Galar, F|\n|poke|p1|Cacturne, M|\n|poke|p1|Ursaluna, F|\n|poke|p1|Annihilape, M|\n|poke|p2|Kleavor, F|\n|poke|p2|Dragapult, M|\n|poke|p2|Ceruledge, F|\n|poke|p2|Basculegion, M|\n|poke|p2|Cinderace, F|\n|poke|p2|Vikavolt, F|\n|teampreview\n|inactive|Battle timer is ON: inactive players will automatically lose when time's up. (requested by MaxxEccentric)\n|inactive|poverpoop has 120 seconds left.\n|\n|t:|1698430539\n|start\n|switch|p1a: Desert Man|Cacturne, M, shiny|100\/100\n|switch|p2a: Kleavor|Kleavor, F, shiny|100\/100\n|turn|1\n|\n|t:|1698430558\n|move|p2a: Kleavor|Stone Axe|p1a: Desert Man\n|-damage|p1a: Desert Man|7\/100\n|-sidestart|p1: MaxxEccentric|move: Stealth Rock\n|move|p1a: Desert Man|Knock Off|p2a: Kleavor\n|-damage|p2a: Kleavor|28\/100\n|-enditem|p2a: Kleavor|Focus Sash|[from] move: Knock Off|[of] p1a: Desert Man\n|-damage|p1a: Desert Man|0 fnt|[from] item: Life Orb\n|faint|p1a: Desert Man\n|\n|upkeep\n|c|\u2606poverpoop|GL\n|\n|t:|1698430569\n|switch|p1a: My Hair is Better|Annihilape, M|100\/100\n|-damage|p1a: My Hair is Better|94\/100|[from] Stealth Rock\n|turn|2\n|c|\u2606MaxxEccentric|gl\n|\n|t:|1698430575\n|move|p1a: My Hair is Better|Rage Fist|p2a: Kleavor\n|-damage|p2a: Kleavor|0 fnt\n|faint|p2a: Kleavor\n|\n|upkeep\n|\n|t:|1698430585\n|switch|p2a: Cinderace|Cinderace, F, shiny|100\/100\n|turn|3\n|\n|t:|1698430590\n|move|p2a: Cinderace|Sucker Punch|p1a: My Hair is Better\n|-damage|p1a: My Hair is Better|70\/100\n|move|p1a: My Hair is Better|Rage Fist|p2a: Cinderace\n|-damage|p2a: Cinderace|28\/100\n|\n|upkeep\n|turn|4\n|\n|t:|1698430595\n|move|p1a: My Hair is Better|Rage Fist|p2a: Cinderace\n|-damage|p2a: Cinderace|0 fnt\n|faint|p2a: Cinderace\n|\n|upkeep\n|\n|t:|1698430598\n|switch|p2a: Vikavolt|Vikavolt, F, shiny|100\/100\n|turn|5\n|\n|t:|1698430601\n|move|p1a: My Hair is Better|Rage Fist|p2a: Vikavolt\n|-damage|p2a: Vikavolt|53\/100\n|move|p2a: Vikavolt|Sticky Web|p1a: My Hair is Better\n|-sidestart|p1: MaxxEccentric|move: Sticky Web\n|\n|upkeep\n|turn|6\n|\n|t:|1698430605\n|move|p1a: My Hair is Better|Rage Fist|p2a: Vikavolt\n|-damage|p2a: Vikavolt|8\/100\n|move|p2a: Vikavolt|Zap Cannon|p1a: My Hair is Better|[miss]\n|-miss|p2a: Vikavolt|p1a: My Hair is Better\n|-enditem|p2a: Vikavolt|Blunder Policy\n|-boost|p2a: Vikavolt|spe|2\n|\n|upkeep\n|turn|7\n|\n|t:|1698430609\n|move|p1a: My Hair is Better|Rage Fist|p2a: Vikavolt\n|-damage|p2a: Vikavolt|0 fnt\n|faint|p2a: Vikavolt\n|\n|upkeep\n|\n|t:|1698430618\n|switch|p2a: Basculegion|Basculegion, M, shiny|100\/100\n|turn|8\n|\n|t:|1698430624\n|-terastallize|p2a: Basculegion|Ghost\n|move|p1a: My Hair is Better|Rage Fist|p2a: Basculegion\n|-supereffective|p2a: Basculegion\n|-damage|p2a: Basculegion|0 fnt\n|faint|p2a: Basculegion\n|\n|upkeep\n|\n|t:|1698430628\n|switch|p2a: Dragapult|Dragapult, M, shiny|100\/100\n|turn|9\n|\n|t:|1698430632\n|move|p2a: Dragapult|Phantom Force||[still]\n|-prepare|p2a: Dragapult|Phantom Force\n|move|p1a: My Hair is Better|Rage Fist|p2a: Dragapult|[miss]\n|-miss|p1a: My Hair is Better|p2a: Dragapult\n|\n|upkeep\n|turn|10\n|\n|t:|1698430637\n|move|p2a: Dragapult|Phantom Force|p1a: My Hair is Better|[from]lockedmove\n|-supereffective|p1a: My Hair is Better\n|-damage|p1a: My Hair is Better|0 fnt\n|faint|p1a: My Hair is Better\n|\n|upkeep\n|\n|t:|1698430642\n|switch|p1a: Hover Bike|Miraidon|100\/100\n|-damage|p1a: Hover Bike|88\/100|[from] Stealth Rock\n|-activate|p1a: Hover Bike|move: Sticky Web\n|-unboost|p1a: Hover Bike|spe|1\n|-fieldstart|move: Electric Terrain|[from] ability: Hadron Engine|[of] p1a: Hover Bike\n|-enditem|p1a: Hover Bike|Electric Seed\n|-boost|p1a: Hover Bike|def|1|[from] item: Electric Seed\n|turn|11\n|\n|t:|1698430648\n|switch|p2a: megaman9000|Ceruledge, F, shiny|100\/100\n|-terastallize|p1a: Hover Bike|Electric\n|move|p1a: Hover Bike|Dragon Pulse|p2a: megaman9000\n|-damage|p2a: megaman9000|32\/100\n|\n|upkeep\n|turn|12\n|\n|t:|1698430655\n|move|p1a: Hover Bike|Dragon Pulse|p2a: megaman9000\n|-damage|p2a: megaman9000|0 fnt\n|faint|p2a: megaman9000\n|\n|upkeep\n|\n|t:|1698430659\n|switch|p2a: Dragapult|Dragapult, M, shiny|100\/100\n|turn|13\n|\n|t:|1698430670\n|move|p2a: Dragapult|Dragon Darts|p1a: Hover Bike\n|-damage|p1a: Hover Bike|72\/100\n|-anim|p2a: Dragapult|Dragon Darts|p1a: Hover Bike\n|-damage|p1a: Hover Bike|57\/100\n|move|p1a: Hover Bike|Dragon Pulse|p2a: Dragapult\n|-supereffective|p2a: Dragapult\n|-damage|p2a: Dragapult|0 fnt\n|faint|p2a: Dragapult\n|\n|win|MaxxEccentric\n|raw|MaxxEccentric's rating: 1231 &rarr; <strong>1257<\/strong><br \/>(+26 for winning)\n|raw|poverpoop's rating: 1239 &rarr; <strong>1213<\/strong><br \/>(-26 for losing)\n|l|\u2606poverpoop\n","uploadtime":1698430679,"views":5,"p1id":"maxxeccentric","p2id":"poverpoop","formatid":"gen9anythinggoes","rating":1213,"private":0,"password":""}