{"id":"gen9anythinggoes-1988555154","p1":"Mike79","p2":"Tiger373slow","format":"[Gen 9] Anything Goes","log":"|j|\u2606Mike79\n|j|\u2606Tiger373slow\n|t:|1699735599\n|gametype|singles\n|player|p1|Mike79|265|1070\n|player|p2|Tiger373slow|volkner|1179\n|teamsize|p1|6\n|teamsize|p2|6\n|gen|9\n|tier|[Gen 9] Anything Goes\n|rated|\n|rule|HP Percentage Mod: HP is shown in percentages\n|rule|Endless Battle Clause: Forcing endless battles is banned\n|clearpoke\n|poke|p1|Tyranitar, M|\n|poke|p1|Quagsire, F|\n|poke|p1|Lucario, F|\n|poke|p1|Jolteon, M|\n|poke|p1|Dragonite, M|\n|poke|p1|Gengar, M|\n|poke|p2|Scizor, M|\n|poke|p2|Gallade, M|\n|poke|p2|Palafin, F|\n|poke|p2|Dudunsparce-*, M|\n|poke|p2|Glimmora, F|\n|poke|p2|Baxcalibur, M|\n|teampreview\n|inactive|Battle timer is ON: inactive players will automatically lose when time's up. (requested by Tiger373slow)\n|\n|t:|1699735607\n|start\n|switch|p1a: Lucario|Lucario, F|100\/100\n|switch|p2a: Glimmer|Glimmora, F, shiny|100\/100\n|turn|1\n|\n|t:|1699735612\n|switch|p1a: Dragonite|Dragonite, M|100\/100\n|move|p2a: Glimmer|Stealth Rock|p1a: Dragonite\n|-sidestart|p1: Mike79|move: Stealth Rock\n|\n|upkeep\n|turn|2\n|\n|t:|1699735619\n|move|p2a: Glimmer|Spikes|p1a: Dragonite\n|-sidestart|p1: Mike79|Spikes\n|move|p1a: Dragonite|Earthquake|p2a: Glimmer\n|-supereffective|p2a: Glimmer\n|-enditem|p2a: Glimmer|Focus Sash\n|-damage|p2a: Glimmer|1\/100\n|-activate|p2a: Glimmer|ability: Toxic Debris\n|-sidestart|p1: Mike79|move: Toxic Spikes\n|\n|upkeep\n|turn|3\n|\n|t:|1699735628\n|move|p1a: Dragonite|Extreme Speed|p2a: Glimmer\n|-resisted|p2a: Glimmer\n|-damage|p2a: Glimmer|0 fnt\n|-activate|p2a: Glimmer|ability: Toxic Debris\n|-sidestart|p1: Mike79|move: Toxic Spikes\n|faint|p2a: Glimmer\n|\n|upkeep\n|\n|t:|1699735636\n|switch|p2a: Baxcalibur|Baxcalibur, M|100\/100\n|turn|4\n|\n|t:|1699735640\n|switch|p1a: Gengar|Gengar, M|100\/100\n|-damage|p1a: Gengar|88\/100|[from] Stealth Rock\n|-damage|p1a: Gengar|76\/100|[from] Spikes\n|-sideend|p1: Mike79|move: Toxic Spikes|[of] p1a: Gengar\n|move|p2a: Baxcalibur|Dragon Dance|p2a: Baxcalibur\n|-boost|p2a: Baxcalibur|atk|1\n|-boost|p2a: Baxcalibur|spe|1\n|\n|-heal|p1a: Gengar|82\/100|[from] item: Black Sludge\n|upkeep\n|turn|5\n|\n|t:|1699735650\n|move|p2a: Baxcalibur|Glaive Rush|p1a: Gengar\n|-damage|p1a: Gengar|0 fnt\n|-singlemove|p2a: Baxcalibur|Glaive Rush|[silent]\n|faint|p1a: Gengar\n|\n|upkeep\n|\n|t:|1699735659\n|switch|p1a: Tyranitar|Tyranitar, M|100\/100\n|-damage|p1a: Tyranitar|88\/100|[from] Stealth Rock\n|-damage|p1a: Tyranitar|76\/100|[from] Spikes\n|-weather|Sandstorm|[from] ability: Sand Stream|[of] p1a: Tyranitar\n|turn|6\n|\n|t:|1699735669\n|move|p2a: Baxcalibur|Protect|p2a: Baxcalibur\n|-singleturn|p2a: Baxcalibur|Protect\n|move|p1a: Tyranitar|Fire Punch|p2a: Baxcalibur\n|-activate|p2a: Baxcalibur|move: Protect\n|\n|-weather|Sandstorm|[upkeep]\n|-damage|p2a: Baxcalibur|94\/100|[from] Sandstorm\n|-heal|p1a: Tyranitar|82\/100|[from] item: Leftovers\n|upkeep\n|turn|7\n|\n|t:|1699735677\n|move|p2a: Baxcalibur|Ice Shard|p1a: Tyranitar\n|-damage|p1a: Tyranitar|57\/100\n|move|p1a: Tyranitar|Fire Punch|p2a: Baxcalibur\n|-damage|p2a: Baxcalibur|69\/100\n|-ability|p2a: Baxcalibur|Thermal Exchange|boost\n|-boost|p2a: Baxcalibur|atk|1\n|\n|-weather|Sandstorm|[upkeep]\n|-damage|p2a: Baxcalibur|62\/100|[from] Sandstorm\n|-heal|p1a: Tyranitar|63\/100|[from] item: Leftovers\n|upkeep\n|turn|8\n|\n|t:|1699735687\n|move|p2a: Baxcalibur|Glaive Rush|p1a: Tyranitar\n|-damage|p1a: Tyranitar|0 fnt\n|-singlemove|p2a: Baxcalibur|Glaive Rush|[silent]\n|faint|p1a: Tyranitar\n|\n|-weather|Sandstorm|[upkeep]\n|-damage|p2a: Baxcalibur|56\/100|[from] Sandstorm\n|upkeep\n|\n|t:|1699735696\n|switch|p1a: Lucario|Lucario, F|100\/100\n|-damage|p1a: Lucario|98\/100|[from] Stealth Rock\n|-damage|p1a: Lucario|85\/100|[from] Spikes\n|turn|9\n|\n|t:|1699735701\n|move|p2a: Baxcalibur|Protect|p2a: Baxcalibur\n|-singleturn|p2a: Baxcalibur|Protect\n|move|p1a: Lucario|Drain Punch|p2a: Baxcalibur\n|-activate|p2a: Baxcalibur|move: Protect\n|\n|-weather|Sandstorm|[upkeep]\n|-damage|p2a: Baxcalibur|50\/100|[from] Sandstorm\n|upkeep\n|turn|10\n|\n|t:|1699735708\n|move|p2a: Baxcalibur|Glaive Rush|p1a: Lucario\n|-resisted|p1a: Lucario\n|-damage|p1a: Lucario|0 fnt\n|-singlemove|p2a: Baxcalibur|Glaive Rush|[silent]\n|faint|p1a: Lucario\n|\n|-weather|none\n|upkeep\n|\n|t:|1699735714\n|switch|p1a: Jolteon|Jolteon, M|100\/100\n|-damage|p1a: Jolteon|88\/100|[from] Stealth Rock\n|-item|p1a: Jolteon|Air Balloon\n|turn|11\n|\n|t:|1699735719\n|move|p2a: Baxcalibur|Glaive Rush|p1a: Jolteon\n|-damage|p1a: Jolteon|0 fnt\n|-singlemove|p2a: Baxcalibur|Glaive Rush|[silent]\n|-enditem|p1a: Jolteon|Air Balloon\n|faint|p1a: Jolteon\n|\n|upkeep\n|\n|t:|1699735726\n|switch|p1a: Quagsire|Quagsire, F|100\/100\n|-damage|p1a: Quagsire|94\/100|[from] Stealth Rock\n|-damage|p1a: Quagsire|82\/100|[from] Spikes\n|turn|12\n|\n|t:|1699735731\n|move|p2a: Baxcalibur|Glaive Rush|p1a: Quagsire\n|-damage|p1a: Quagsire|0 fnt\n|-singlemove|p2a: Baxcalibur|Glaive Rush|[silent]\n|-damage|p2a: Baxcalibur|34\/100|[from] item: Rocky Helmet|[of] p1a: Quagsire\n|faint|p1a: Quagsire\n|\n|upkeep\n|\n|t:|1699735737\n|switch|p1a: Dragonite|Dragonite, M|100\/100\n|-damage|p1a: Dragonite|76\/100|[from] Stealth Rock\n|turn|13\n|\n|t:|1699735741\n|-terastallize|p1a: Dragonite|Normal\n|move|p2a: Baxcalibur|Protect|p2a: Baxcalibur\n|-singleturn|p2a: Baxcalibur|Protect\n|move|p1a: Dragonite|Extreme Speed|p2a: Baxcalibur\n|-activate|p2a: Baxcalibur|move: Protect\n|\n|upkeep\n|turn|14\n|\n|t:|1699735749\n|move|p1a: Dragonite|Extreme Speed|p2a: Baxcalibur\n|-damage|p2a: Baxcalibur|0 fnt\n|faint|p2a: Baxcalibur\n|\n|upkeep\n|\n|t:|1699735755\n|switch|p2a: Blade|Gallade, M|100\/100\n|turn|15\n|c|\u2606Mike79|gg\n|\n|t:|1699735763\n|move|p1a: Dragonite|Extreme Speed|p2a: Blade\n|-damage|p2a: Blade|58\/100\n|move|p2a: Blade|Sacred Sword|p1a: Dragonite\n|-supereffective|p1a: Dragonite\n|-damage|p1a: Dragonite|0 fnt\n|faint|p1a: Dragonite\n|-damage|p2a: Blade|48\/100|[from] item: Life Orb\n|\n|win|Tiger373slow\n|raw|Mike79's rating: 1070 &rarr; <strong>1056<\/strong><br \/>(-14 for losing)\n|raw|Tiger373slow's rating: 1179 &rarr; <strong>1196<\/strong><br \/>(+17 for winning)\n|l|\u2606Mike79\n","uploadtime":1699735775,"views":9,"p1id":"mike79","p2id":"tiger373slow","formatid":"gen9anythinggoes","rating":1056,"private":0,"password":""}