{"id":"gen9anythinggoes-1972273659","p1":"EnOfFla","p2":"Horuskoria","format":"[Gen 9] Anything Goes","log":"|j|\u2606EnOfFla\n|j|\u2606Horuskoria\n|t:|1697827013\n|gametype|singles\n|player|p1|EnOfFla|bruno|\n|player|p2|Horuskoria|2|\n|teamsize|p1|6\n|teamsize|p2|6\n|gen|9\n|tier|[Gen 9] Anything Goes\n|rule|HP Percentage Mod: HP is shown in percentages\n|rule|Endless Battle Clause: Forcing endless battles is banned\n|clearpoke\n|poke|p1|Ninetales-Alola, F|\n|poke|p1|Great Tusk|\n|poke|p1|Chandelure, F|\n|poke|p1|Roaring Moon|\n|poke|p1|Pawmot, F|\n|poke|p1|Azelf|\n|poke|p2|Okidogi, M|\n|poke|p2|Vikavolt, M|\n|poke|p2|Ogerpon-Wellspring, F|\n|poke|p2|Noivern, M|\n|poke|p2|Sylveon, F|\n|poke|p2|Basculegion-F, F|\n|teampreview\n|j| setofleischer\n|j| RubenGuyPratice\n|l| RubenGuyPratice\n|j| xxxlaniusxxx\n|j| Nrox\n|\n|t:|1697827337\n|start\n|switch|p1a: Azelf|Azelf|100\/100\n|switch|p2a: Noivern|Noivern, M|100\/100\n|turn|1\n|j| michpanta\n|\n|t:|1697827373\n|move|p1a: Azelf|Drain Punch|p2a: Noivern\n|-resisted|p2a: Noivern\n|-damage|p2a: Noivern|83\/100\n|move|p2a: Noivern|U-turn|p1a: Azelf\n|-supereffective|p1a: Azelf\n|-damage|p1a: Azelf|70\/100\n|j| Dennis wa\n|\n|t:|1697827388\n|switch|p2a: Vikavolt|Vikavolt, M|100\/100|[from] U-turn\n|\n|upkeep\n|turn|2\n|\n|t:|1697827498\n|switch|p1a: Pawmot|Pawmot, F|100\/100\n|move|p2a: Vikavolt|Bug Buzz|p1a: Pawmot\n|-resisted|p1a: Pawmot\n|-damage|p1a: Pawmot|53\/100\n|\n|upkeep\n|turn|3\n|\n|t:|1697827513\n|move|p1a: Pawmot|Knock Off|p2a: Vikavolt\n|-damage|p2a: Vikavolt|67\/100\n|-enditem|p2a: Vikavolt|Heavy-Duty Boots|[from] move: Knock Off|[of] p1a: Pawmot\n|move|p2a: Vikavolt|Air Slash|p1a: Pawmot|[miss]\n|-miss|p2a: Vikavolt|p1a: Pawmot\n|\n|upkeep\n|turn|4\n|\n|t:|1697827523\n|switch|p2a: Okidogi|Okidogi, M|100\/100\n|move|p1a: Pawmot|Fire Punch|p2a: Okidogi\n|-damage|p2a: Okidogi|80\/100\n|\n|-heal|p2a: Okidogi|86\/100|[from] item: Black Sludge\n|upkeep\n|turn|5\n|\n|t:|1697827542\n|switch|p1a: Azelf|Azelf|70\/100\n|move|p2a: Okidogi|Gunk Shot|p1a: Azelf|[miss]\n|-miss|p2a: Okidogi|p1a: Azelf\n|\n|-heal|p2a: Okidogi|92\/100|[from] item: Black Sludge\n|upkeep\n|turn|6\n|\n|t:|1697827562\n|switch|p2a: Sylveon|Sylveon, F|100\/100\n|move|p1a: Azelf|Psycho Cut|p2a: Sylveon\n|-damage|p2a: Sylveon|55\/100\n|\n|upkeep\n|turn|7\n|\n|t:|1697827585\n|move|p1a: Azelf|Psycho Cut|p2a: Sylveon\n|-damage|p2a: Sylveon|9\/100\n|move|p2a: Sylveon|Wish|p2a: Sylveon\n|\n|upkeep\n|turn|8\n|\n|t:|1697827590\n|move|p2a: Sylveon|Protect|p2a: Sylveon\n|-singleturn|p2a: Sylveon|Protect\n|move|p1a: Azelf|Psycho Cut|p2a: Sylveon\n|-activate|p2a: Sylveon|move: Protect\n|\n|-heal|p2a: Sylveon|59\/100|[from] move: Wish|[wisher] Sylveon\n|upkeep\n|turn|9\n|\n|t:|1697827608\n|move|p1a: Azelf|Psycho Cut|p2a: Sylveon\n|-damage|p2a: Sylveon|16\/100\n|move|p2a: Sylveon|Hyper Voice|p1a: Azelf\n|-damage|p1a: Azelf|11\/100\n|\n|upkeep\n|turn|10\n|\n|t:|1697827624\n|move|p1a: Azelf|Psycho Cut|p2a: Sylveon\n|-damage|p2a: Sylveon|0 fnt\n|faint|p2a: Sylveon\n|\n|upkeep\n|\n|t:|1697827637\n|switch|p2a: Ogerpon|Ogerpon-Wellspring, F|100\/100\n|turn|11\n|\n|t:|1697827711\n|move|p1a: Azelf|Psycho Cut|p2a: Ogerpon\n|-damage|p2a: Ogerpon|55\/100\n|move|p2a: Ogerpon|Trailblaze|p1a: Azelf\n|-damage|p1a: Azelf|0 fnt\n|-boost|p2a: Ogerpon|spe|1\n|faint|p1a: Azelf\n|\n|upkeep\n|\n|t:|1697827727\n|switch|p1a: Chandelure|Chandelure, F|100\/100\n|turn|12\n|\n|t:|1697827772\n|-terastallize|p1a: Chandelure|Grass\n|move|p2a: Ogerpon|Play Rough|p1a: Chandelure\n|-damage|p1a: Chandelure|59\/100\n|move|p1a: Chandelure|Flamethrower|p2a: Ogerpon\n|-damage|p2a: Ogerpon|0 fnt\n|faint|p2a: Ogerpon\n|\n|upkeep\n|\n|t:|1697827787\n|switch|p2a: Noivern|Noivern, M|83\/100\n|turn|13\n|\n|t:|1697827891\n|-terastallize|p2a: Noivern|Normal\n|move|p2a: Noivern|Boomburst|p1a: Chandelure\n|-damage|p1a: Chandelure|0 fnt\n|faint|p1a: Chandelure\n|\n|upkeep\n|\n|t:|1697827905\n|switch|p1a: Pawmot|Pawmot, F|53\/100\n|turn|14\n|\n|t:|1697827912\n|move|p1a: Pawmot|Mach Punch|p2a: Noivern\n|-supereffective|p2a: Noivern\n|-damage|p2a: Noivern|20\/100\n|move|p2a: Noivern|Boomburst|p1a: Pawmot\n|-damage|p1a: Pawmot|0 fnt\n|faint|p1a: Pawmot\n|\n|upkeep\n|\n|t:|1697827943\n|switch|p1a: Great Tusk|Great Tusk|100\/100\n|turn|15\n|\n|t:|1697827959\n|move|p2a: Noivern|Boomburst|p1a: Great Tusk\n|-damage|p1a: Great Tusk|0 fnt\n|faint|p1a: Great Tusk\n|-end|p1a: Great Tusk|Protosynthesis|[silent]\n|\n|upkeep\n|\n|t:|1697828051\n|switch|p1a: Roaring Moon|Roaring Moon|100\/100\n|-enditem|p1a: Roaring Moon|Booster Energy\n|-activate|p1a: Roaring Moon|ability: Protosynthesis|[fromitem]\n|-start|p1a: Roaring Moon|protosynthesisatk\n|turn|16\n|\n|t:|1697828063\n|move|p2a: Noivern|Boomburst|p1a: Roaring Moon\n|-damage|p1a: Roaring Moon|10\/100\n|move|p1a: Roaring Moon|Dragon Dance|p1a: Roaring Moon\n|-boost|p1a: Roaring Moon|atk|1\n|-boost|p1a: Roaring Moon|spe|1\n|\n|upkeep\n|turn|17\n|\n|t:|1697828071\n|move|p1a: Roaring Moon|Knock Off|p2a: Noivern\n|-damage|p2a: Noivern|0 fnt\n|-enditem|p2a: Noivern|Choice Specs|[from] move: Knock Off|[of] p1a: Roaring Moon\n|faint|p2a: Noivern\n|\n|upkeep\n|\n|t:|1697828077\n|switch|p2a: Okidogi|Okidogi, M|92\/100\n|turn|18\n|\n|t:|1697828082\n|move|p1a: Roaring Moon|Earthquake|p2a: Okidogi\n|-supereffective|p2a: Okidogi\n|-damage|p2a: Okidogi|0 fnt\n|faint|p2a: Okidogi\n|\n|upkeep\n|\n|t:|1697828089\n|switch|p2a: Vikavolt|Vikavolt, M|67\/100\n|turn|19\n|\n|t:|1697828092\n|move|p1a: Roaring Moon|Acrobatics|p2a: Vikavolt\n|-damage|p2a: Vikavolt|0 fnt\n|faint|p2a: Vikavolt\n|\n|upkeep\n|\n|t:|1697828096\n|switch|p2a: Basculegion|Basculegion-F, F|100\/100\n|turn|20\n|\n|t:|1697828101\n|move|p1a: Roaring Moon|Knock Off|p2a: Basculegion\n|-supereffective|p2a: Basculegion\n|-damage|p2a: Basculegion|0 fnt\n|-enditem|p2a: Basculegion|Choice Scarf|[from] move: Knock Off|[of] p1a: Roaring Moon\n|faint|p2a: Basculegion\n|\n|win|EnOfFla\n|l| Nrox\n|c|\u2606EnOfFla|gg\n|l| xxxlaniusxxx\n","uploadtime":1697828120,"views":29,"p1id":"enoffla","p2id":"horuskoria","formatid":"gen9anythinggoes","rating":0,"private":0,"password":""}