{"id":"gen9anythinggoes-1981555635","p1":"TanPadeusz","p2":"JustDaras","format":"[Gen 9] Anything Goes","log":"|j|\u2606TanPadeusz\n|j|\u2606JustDaras\n|t:|1698917649\n|gametype|singles\n|player|p1|TanPadeusz|giovanni|\n|player|p2|JustDaras|170|\n|teamsize|p1|6\n|teamsize|p2|6\n|gen|9\n|tier|[Gen 9] Anything Goes\n|rule|HP Percentage Mod: HP is shown in percentages\n|rule|Endless Battle Clause: Forcing endless battles is banned\n|clearpoke\n|poke|p1|Golem, F|\n|poke|p1|Magnezone|\n|poke|p1|Garganacl, F|\n|poke|p1|Azelf|\n|poke|p1|Toxapex, M|\n|poke|p1|Tinkaton, F|\n|poke|p2|Sylveon, M|\n|poke|p2|Slowbro-Galar, M|\n|poke|p2|Decidueye, F|\n|poke|p2|Blissey, F|\n|poke|p2|Dragapult, M|\n|poke|p2|Corviknight, M|\n|teampreview\n|\n|t:|1698917663\n|start\n|switch|p1a: Tinkaton|Tinkaton, F|100\/100\n|switch|p2a: Slowbro|Slowbro-Galar, M|100\/100\n|-ability|p1a: Tinkaton|Mold Breaker\n|turn|1\n|\n|t:|1698917671\n|move|p1a: Tinkaton|Swords Dance|p1a: Tinkaton\n|-boost|p1a: Tinkaton|atk|2\n|move|p2a: Slowbro|Iron Defense|p2a: Slowbro\n|-boost|p2a: Slowbro|def|2\n|\n|upkeep\n|turn|2\n|\n|t:|1698917677\n|move|p2a: Slowbro|Protect|p2a: Slowbro\n|-singleturn|p2a: Slowbro|Protect\n|move|p1a: Tinkaton|Swords Dance|p1a: Tinkaton\n|-boost|p1a: Tinkaton|atk|2\n|\n|upkeep\n|turn|3\n|\n|t:|1698917685\n|move|p2a: Slowbro|Protect||[still]\n|-fail|p2a: Slowbro\n|move|p1a: Tinkaton|Gigaton Hammer|p2a: Slowbro\n|-damage|p2a: Slowbro|30\/100\n|\n|upkeep\n|turn|4\n|\n|t:|1698917691\n|move|p1a: Tinkaton|Swords Dance|p1a: Tinkaton\n|-boost|p1a: Tinkaton|atk|2\n|move|p2a: Slowbro|Disable|p1a: Tinkaton\n|-start|p1a: Tinkaton|Disable|Swords Dance\n|\n|upkeep\n|turn|5\n|\n|t:|1698917697\n|move|p2a: Slowbro|Protect|p2a: Slowbro\n|-singleturn|p2a: Slowbro|Protect\n|move|p1a: Tinkaton|Knock Off|p2a: Slowbro\n|-activate|p2a: Slowbro|move: Protect\n|\n|upkeep\n|turn|6\n|\n|t:|1698917704\n|move|p1a: Tinkaton|Knock Off|p2a: Slowbro\n|-supereffective|p2a: Slowbro\n|-damage|p2a: Slowbro|0 fnt\n|-enditem|p2a: Slowbro|Focus Sash|[from] move: Knock Off|[of] p1a: Tinkaton\n|faint|p2a: Slowbro\n|\n|upkeep\n|\n|t:|1698917724\n|switch|p2a: Dragapult|Dragapult, M|100\/100\n|turn|7\n|\n|t:|1698917733\n|move|p2a: Dragapult|Protect|p2a: Dragapult\n|-singleturn|p2a: Dragapult|Protect\n|move|p1a: Tinkaton|Gigaton Hammer|p2a: Dragapult\n|-activate|p2a: Dragapult|move: Protect\n|\n|upkeep\n|turn|8\n|\n|t:|1698917738\n|move|p2a: Dragapult|Flamethrower|p1a: Tinkaton\n|-supereffective|p1a: Tinkaton\n|-damage|p1a: Tinkaton|54\/100\n|move|p1a: Tinkaton|Play Rough|p2a: Dragapult\n|-supereffective|p2a: Dragapult\n|-damage|p2a: Dragapult|0 fnt\n|faint|p2a: Dragapult\n|\n|-heal|p1a: Tinkaton|60\/100|[from] item: Leftovers\n|-end|p1a: Tinkaton|Disable\n|upkeep\n|\n|t:|1698917750\n|switch|p2a: Corviknight|Corviknight, M|100\/100\n|-ability|p2a: Corviknight|Unnerve\n|turn|9\n|\n|t:|1698917757\n|move|p1a: Tinkaton|Knock Off|p2a: Corviknight\n|-damage|p2a: Corviknight|21\/100\n|-enditem|p2a: Corviknight|Iron Plate|[from] move: Knock Off|[of] p1a: Tinkaton\n|move|p2a: Corviknight|Iron Head|p1a: Tinkaton\n|-damage|p1a: Tinkaton|25\/100\n|\n|-heal|p1a: Tinkaton|31\/100|[from] item: Leftovers\n|upkeep\n|turn|10\n|\n|t:|1698917765\n|move|p1a: Tinkaton|Knock Off|p2a: Corviknight\n|-damage|p2a: Corviknight|0 fnt\n|faint|p2a: Corviknight\n|\n|-heal|p1a: Tinkaton|37\/100|[from] item: Leftovers\n|upkeep\n|\n|t:|1698917772\n|switch|p2a: Decidueye|Decidueye, F|100\/100\n|turn|11\n|\n|t:|1698917787\n|move|p2a: Decidueye|Knock Off|p1a: Tinkaton\n|-resisted|p1a: Tinkaton\n|-damage|p1a: Tinkaton|19\/100\n|-enditem|p1a: Tinkaton|Leftovers|[from] move: Knock Off|[of] p2a: Decidueye\n|move|p1a: Tinkaton|Gigaton Hammer|p2a: Decidueye\n|-damage|p2a: Decidueye|0 fnt\n|faint|p2a: Decidueye\n|\n|upkeep\n|\n|t:|1698917794\n|switch|p2a: Blissey|Blissey, F|100\/100\n|turn|12\n|\n|t:|1698917798\n|move|p1a: Tinkaton|Play Rough|p2a: Blissey\n|-damage|p2a: Blissey|0 fnt\n|faint|p2a: Blissey\n|\n|upkeep\n|\n|t:|1698917803\n|switch|p2a: Sylveon|Sylveon, M, shiny|100\/100\n|turn|13\n|\n|t:|1698917811\n|move|p1a: Tinkaton|Gigaton Hammer|p2a: Sylveon\n|-supereffective|p2a: Sylveon\n|-damage|p2a: Sylveon|0 fnt\n|faint|p2a: Sylveon\n|\n|win|TanPadeusz\n|l|\u2606JustDaras\n","uploadtime":1698918605,"views":12,"p1id":"tanpadeusz","p2id":"justdaras","formatid":"gen9anythinggoes","rating":0,"private":0,"password":""}