{"id":"gen9anythinggoes-1997018344","p1":"ArthurVasco","p2":"lixococomerdinha","format":"[Gen 9] Anything Goes","log":"|j|\u2606ArthurVasco\n|j|\u2606lixococomerdinha\n|t:|1700756205\n|gametype|singles\n|player|p1|ArthurVasco|266|\n|player|p2|lixococomerdinha|eusine|\n|teamsize|p1|6\n|teamsize|p2|6\n|gen|9\n|tier|[Gen 9] Anything Goes\n|rule|HP Percentage Mod: HP is shown in percentages\n|rule|Endless Battle Clause: Forcing endless battles is banned\n|clearpoke\n|poke|p1|Breloom, F|\n|poke|p1|Altaria, M|\n|poke|p1|Articuno-Galar|\n|poke|p1|Cinderace, M|\n|poke|p1|Iron Valiant|\n|poke|p1|Zacian-*|\n|poke|p2|Gliscor, M|\n|poke|p2|Ceruledge, F|\n|poke|p2|Giratina-Origin|\n|poke|p2|Weavile, M|\n|poke|p2|Mewtwo|\n|poke|p2|Kyogre|\n|teampreview\n|\n|t:|1700756223\n|start\n|switch|p1a: Breloom|Breloom, F|100\/100\n|switch|p2a: Weavile|Weavile, M|100\/100\n|turn|1\n|\n|t:|1700756231\n|move|p2a: Weavile|Ice Shard|p1a: Breloom\n|-supereffective|p1a: Breloom\n|-damage|p1a: Breloom|10\/100\n|move|p1a: Breloom|Spore|p2a: Weavile\n|-status|p2a: Weavile|slp|[from] move: Spore\n|\n|-status|p1a: Breloom|tox|[from] item: Toxic Orb\n|upkeep\n|turn|2\n|\n|t:|1700756247\n|switch|p2a: submundo|Ceruledge, F|100\/100\n|-singleturn|p1a: Breloom|move: Focus Punch\n|move|p1a: Breloom|Focus Punch|p2a: submundo\n|-immune|p2a: submundo\n|\n|-heal|p1a: Breloom|23\/100 tox|[from] ability: Poison Heal\n|upkeep\n|turn|3\n|\n|t:|1700756259\n|move|p2a: submundo|Bitter Blade|p1a: Breloom\n|-supereffective|p1a: Breloom\n|-damage|p1a: Breloom|0 fnt\n|faint|p1a: Breloom\n|\n|upkeep\n|\n|t:|1700756265\n|switch|p1a: Cinderace|Cinderace, M, shiny|100\/100\n|turn|4\n|\n|t:|1700756282\n|move|p1a: Cinderace|Pyro Ball|p2a: submundo\n|-resisted|p2a: submundo\n|-damage|p2a: submundo|46\/100\n|-ability|p2a: submundo|Weak Armor|boost\n|-unboost|p2a: submundo|def|1\n|-boost|p2a: submundo|spe|2\n|-damage|p1a: Cinderace|91\/100|[from] item: Life Orb\n|move|p2a: submundo|Psycho Cut|p1a: Cinderace\n|-damage|p1a: Cinderace|53\/100\n|\n|upkeep\n|turn|5\n|\n|t:|1700756294\n|move|p2a: submundo|Psycho Cut|p1a: Cinderace\n|-damage|p1a: Cinderace|13\/100\n|move|p1a: Cinderace|Pyro Ball|p2a: submundo\n|-resisted|p2a: submundo\n|-damage|p2a: submundo|0 fnt\n|faint|p2a: submundo\n|-damage|p1a: Cinderace|3\/100|[from] item: Life Orb\n|\n|upkeep\n|\n|t:|1700756305\n|switch|p2a: Gliscor|Gliscor, M, shiny|100\/100\n|turn|6\n|\n|t:|1700756310\n|move|p1a: Cinderace|Iron Head|p2a: Gliscor\n|-start|p1a: Cinderace|typechange|Steel|[from] ability: Libero\n|-damage|p2a: Gliscor|56\/100\n|-damage|p1a: Cinderace|0 fnt|[from] item: Life Orb\n|faint|p1a: Cinderace\n|move|p2a: Gliscor|Earthquake|p1: Cinderace|[notarget]\n|-fail|p2a: Gliscor\n|\n|-status|p2a: Gliscor|tox|[from] item: Toxic Orb\n|upkeep\n|\n|t:|1700756329\n|switch|p1a: Articuno|Articuno-Galar|100\/100\n|turn|7\n|\n|t:|1700756349\n|move|p1a: Articuno|Protect|p1a: Articuno\n|-singleturn|p1a: Articuno|Protect\n|move|p2a: Gliscor|Fire Fang|p1a: Articuno\n|-activate|p1a: Articuno|move: Protect\n|\n|-heal|p2a: Gliscor|68\/100 tox|[from] ability: Poison Heal\n|upkeep\n|turn|8\n|\n|t:|1700756359\n|move|p1a: Articuno|Future Sight|p2a: Gliscor\n|-start|p1a: Articuno|move: Future Sight\n|move|p2a: Gliscor|Fire Fang|p1a: Articuno\n|-damage|p1a: Articuno|80\/100\n|\n|-heal|p2a: Gliscor|81\/100 tox|[from] ability: Poison Heal\n|upkeep\n|turn|9\n|\n|t:|1700756374\n|move|p1a: Articuno|Protect|p1a: Articuno\n|-singleturn|p1a: Articuno|Protect\n|move|p2a: Gliscor|Acrobatics|p1a: Articuno\n|-activate|p1a: Articuno|move: Protect\n|\n|-heal|p2a: Gliscor|93\/100 tox|[from] ability: Poison Heal\n|upkeep\n|turn|10\n|\n|t:|1700756385\n|move|p1a: Articuno|Protect|p1a: Articuno\n|-singleturn|p1a: Articuno|Protect\n|move|p2a: Gliscor|Acrobatics|p1a: Articuno\n|-activate|p1a: Articuno|move: Protect\n|\n|-end|p2a: Gliscor|move: Future Sight\n|-damage|p2a: Gliscor|4\/100 tox\n|-heal|p2a: Gliscor|16\/100 tox|[from] ability: Poison Heal\n|upkeep\n|turn|11\n|\n|t:|1700756397\n|move|p2a: Gliscor|Acrobatics|p1a: Articuno\n|-damage|p1a: Articuno|52\/100\n|move|p1a: Articuno|U-turn|p2a: Gliscor\n|-resisted|p2a: Gliscor\n|-damage|p2a: Gliscor|10\/100 tox\n|\n|t:|1700756404\n|switch|p1a: Zacian|Zacian-Crowned|100\/100|[from] U-turn\n|-ability|p1a: Zacian|Intrepid Sword|boost\n|-boost|p1a: Zacian|atk|1\n|\n|-heal|p2a: Gliscor|22\/100 tox|[from] ability: Poison Heal\n|upkeep\n|turn|12\n|\n|t:|1700756413\n|move|p1a: Zacian|Behemoth Blade|p2a: Gliscor\n|-damage|p2a: Gliscor|0 fnt\n|faint|p2a: Gliscor\n|\n|upkeep\n|\n|t:|1700756435\n|switch|p2a: Mewtwo|Mewtwo, shiny|100\/100\n|-ability|p2a: Mewtwo|Pressure\n|turn|13\n|\n|t:|1700756450\n|move|p1a: Zacian|Wild Charge|p2a: Mewtwo\n|-damage|p2a: Mewtwo|40\/100\n|-damage|p1a: Zacian|85\/100|[from] Recoil\n|move|p2a: Mewtwo|Psychic|p1a: Zacian\n|-resisted|p1a: Zacian\n|-damage|p1a: Zacian|63\/100\n|\n|upkeep\n|turn|14\n|\n|t:|1700756460\n|move|p1a: Zacian|Wild Charge|p2a: Mewtwo\n|-damage|p2a: Mewtwo|0 fnt\n|faint|p2a: Mewtwo\n|-damage|p1a: Zacian|53\/100|[from] Recoil\n|\n|upkeep\n|\n|t:|1700756471\n|switch|p2a: Kyogre|Kyogre, shiny|100\/100\n|-weather|RainDance|[from] ability: Drizzle|[of] p2a: Kyogre\n|turn|15\n|\n|t:|1700756506\n|move|p1a: Zacian|Wild Charge|p2a: Kyogre\n|-supereffective|p2a: Kyogre\n|-damage|p2a: Kyogre|2\/100\n|-damage|p1a: Zacian|25\/100|[from] Recoil\n|move|p2a: Kyogre|Hydro Pump|p1a: Zacian\n|-damage|p1a: Zacian|0 fnt\n|faint|p1a: Zacian\n|\n|-weather|RainDance|[upkeep]\n|upkeep\n|\n|t:|1700756518\n|switch|p1a: Articuno|Articuno-Galar|52\/100\n|turn|16\n|\n|t:|1700756522\n|move|p2a: Kyogre|Hydro Pump|p1a: Articuno|[miss]\n|-miss|p2a: Kyogre|p1a: Articuno\n|move|p1a: Articuno|U-turn|p2a: Kyogre\n|-damage|p2a: Kyogre|0 fnt\n|faint|p2a: Kyogre\n|\n|t:|1700756529\n|switch|p1a: Iron Valiant|Iron Valiant|100\/100|[from] U-turn\n|-enditem|p1a: Iron Valiant|Booster Energy\n|-activate|p1a: Iron Valiant|ability: Quark Drive|[fromitem]\n|-start|p1a: Iron Valiant|quarkdrivespe\n|\n|-weather|RainDance|[upkeep]\n|upkeep\n|\n|t:|1700756537\n|switch|p2a: L\u00facifer|Giratina-Origin, shiny|100\/100\n|turn|17\n|\n|t:|1700756580\n|move|p1a: Iron Valiant|Knock Off|p2a: L\u00facifer\n|-supereffective|p2a: L\u00facifer\n|-damage|p2a: L\u00facifer|68\/100\n|move|p2a: L\u00facifer|Dragon Claw|p1a: Iron Valiant\n|-immune|p1a: Iron Valiant\n|\n|-weather|RainDance|[upkeep]\n|upkeep\n|turn|18\n|\n|t:|1700756589\n|move|p1a: Iron Valiant|Encore|p2a: L\u00facifer\n|-start|p2a: L\u00facifer|Encore\n|move|p2a: L\u00facifer|Dragon Claw|p1a: Iron Valiant\n|-immune|p1a: Iron Valiant\n|\n|-weather|RainDance|[upkeep]\n|upkeep\n|turn|19\n|\n|t:|1700756615\n|-terastallize|p2a: L\u00facifer|Fairy\n|move|p1a: Iron Valiant|Moonblast|p2a: L\u00facifer\n|-crit|p2a: L\u00facifer\n|-damage|p2a: L\u00facifer|18\/100\n|move|p2a: L\u00facifer|Dragon Claw|p1a: Iron Valiant\n|-immune|p1a: Iron Valiant\n|\n|-weather|none\n|upkeep\n|turn|20\n|\n|t:|1700756628\n|move|p1a: Iron Valiant|Knock Off|p2a: L\u00facifer\n|-resisted|p2a: L\u00facifer\n|-damage|p2a: L\u00facifer|10\/100\n|move|p2a: L\u00facifer|Dragon Claw|p1a: Iron Valiant\n|-immune|p1a: Iron Valiant\n|\n|-end|p2a: L\u00facifer|Encore\n|upkeep\n|turn|21\n|\n|t:|1700756641\n|move|p1a: Iron Valiant|Moonblast|p2a: L\u00facifer\n|-damage|p2a: L\u00facifer|0 fnt\n|faint|p2a: L\u00facifer\n|\n|upkeep\n|\n|t:|1700756646\n|switch|p2a: Weavile|Weavile, M|100\/100 slp\n|turn|22\n|\n|t:|1700756687\n|move|p1a: Iron Valiant|Moonblast|p2a: Weavile\n|-supereffective|p2a: Weavile\n|-damage|p2a: Weavile|0 fnt\n|faint|p2a: Weavile\n|\n|win|ArthurVasco\n","uploadtime":1700756691,"views":0,"p1id":"arthurvasco","p2id":"lixococomerdinha","formatid":"gen9anythinggoes","rating":0,"private":0,"password":""}