{"id":"gen9anythinggoes-1999647941","p1":"mauss","p2":"Rowan_Rocket","format":"[Gen 9] Anything Goes","log":"|j|\u2606mauss\n|j|\u2606Rowan_Rocket\n|t:|1701104369\n|gametype|singles\n|player|p1|mauss|102|1020\n|player|p2|Rowan_Rocket|rocketgruntf|1018\n|teamsize|p1|6\n|teamsize|p2|6\n|gen|9\n|tier|[Gen 9] Anything Goes\n|rated|\n|rule|HP Percentage Mod: HP is shown in percentages\n|rule|Endless Battle Clause: Forcing endless battles is banned\n|clearpoke\n|poke|p1|Drifblim, M|\n|poke|p1|Dondozo, F|\n|poke|p1|Diancie|\n|poke|p1|Houndstone, M|\n|poke|p1|Tyranitar, F|\n|poke|p1|Espathra, M|\n|poke|p2|Weezing-Galar, M|\n|poke|p2|Arbok, M|\n|poke|p2|Persian, M|\n|poke|p2|Persian-Alola, F|\n|poke|p2|Ariados, F|\n|poke|p2|Drifblim, M|\n|teampreview\n|\n|t:|1701104375\n|start\n|switch|p1a: Drifblim|Drifblim, M|100\/100\n|switch|p2a: Weezing|Weezing-Galar, M|100\/100\n|turn|1\n|\n|t:|1701104382\n|move|p1a: Drifblim|Minimize|p1a: Drifblim\n|-boost|p1a: Drifblim|evasion|2\n|move|p2a: Weezing|Toxic Spikes|p1a: Drifblim\n|-sidestart|p1: mauss|move: Toxic Spikes\n|\n|upkeep\n|turn|2\n|\n|t:|1701104389\n|move|p1a: Drifblim|Minimize|p1a: Drifblim\n|-boost|p1a: Drifblim|evasion|2\n|move|p2a: Weezing|Toxic Spikes|p1a: Drifblim\n|-sidestart|p1: mauss|move: Toxic Spikes\n|\n|upkeep\n|turn|3\n|\n|t:|1701104396\n|move|p1a: Drifblim|Minimize|p1a: Drifblim\n|-boost|p1a: Drifblim|evasion|2\n|move|p2a: Weezing|Clear Smog|p1a: Drifblim\n|-resisted|p1a: Drifblim\n|-damage|p1a: Drifblim|92\/100\n|-clearboost|p1a: Drifblim\n|\n|-heal|p1a: Drifblim|98\/100|[from] item: Leftovers\n|upkeep\n|turn|4\n|\n|t:|1701104406\n|switch|p2a: Ariados|Ariados, F|100\/100\n|move|p1a: Drifblim|Minimize|p1a: Drifblim\n|-boost|p1a: Drifblim|evasion|2\n|\n|-heal|p1a: Drifblim|100\/100|[from] item: Leftovers\n|upkeep\n|turn|5\n|\n|t:|1701104413\n|move|p1a: Drifblim|Minimize|p1a: Drifblim\n|-boost|p1a: Drifblim|evasion|2\n|move|p2a: Ariados|Sticky Web|p1a: Drifblim\n|-sidestart|p1: mauss|move: Sticky Web\n|\n|upkeep\n|turn|6\n|\n|t:|1701104421\n|switch|p2a: Persian|Persian-Alola, F|100\/100\n|move|p1a: Drifblim|Minimize|p1a: Drifblim\n|-boost|p1a: Drifblim|evasion|2\n|\n|upkeep\n|turn|7\n|\n|t:|1701104429\n|move|p1a: Drifblim|Baton Pass|p1a: Drifblim\n|\n|t:|1701104440\n|switch|p1a: Diancie|Diancie|100\/100|[from] Baton Pass\n|-status|p1a: Diancie|tox\n|-activate|p1a: Diancie|move: Sticky Web\n|-fail|p1a: Diancie|unboost|[from] ability: Clear Body|[of] p1a: Diancie\n|move|p2a: Persian|Roar|p1a: Diancie\n|drag|p1a: Drifblim|Drifblim, M|100\/100\n|\n|upkeep\n|turn|8\n|\n|t:|1701104449\n|move|p2a: Persian|Foul Play|p1a: Drifblim\n|-supereffective|p1a: Drifblim\n|-damage|p1a: Drifblim|38\/100\n|move|p1a: Drifblim|Minimize|p1a: Drifblim\n|-boost|p1a: Drifblim|evasion|2\n|\n|-heal|p1a: Drifblim|44\/100|[from] item: Leftovers\n|upkeep\n|turn|9\n|\n|t:|1701104461\n|move|p1a: Drifblim|Minimize|p1a: Drifblim\n|-boost|p1a: Drifblim|evasion|2\n|move|p2a: Persian|Roar|p1a: Drifblim\n|drag|p1a: Tyranitar|Tyranitar, F|100\/100\n|-status|p1a: Tyranitar|tox\n|-activate|p1a: Tyranitar|move: Sticky Web\n|-unboost|p1a: Tyranitar|spe|1\n|-weather|Sandstorm|[from] ability: Sand Stream|[of] p1a: Tyranitar\n|\n|-weather|Sandstorm|[upkeep]\n|-damage|p2a: Persian|95\/100|[from] Sandstorm\n|-damage|p1a: Tyranitar|94\/100 tox|[from] psn\n|upkeep\n|turn|10\n|-message|mauss forfeited.\n|\n|win|Rowan_Rocket\n|raw|mauss's rating: 1020 &rarr; <strong>1007<\/strong><br \/>(-13 for losing)\n|raw|Rowan_Rocket's rating: 1018 &rarr; <strong>1056<\/strong><br \/>(+38 for winning)\n|l|\u2606mauss\n","uploadtime":1701104476,"views":1,"p1id":"mauss","p2id":"rowanrocket","formatid":"gen9anythinggoes","rating":1007,"private":0,"password":""}