{"id":"gen9anythinggoes-1978471671","p1":"cec-employee","p2":"Pink1eVGC","format":"[Gen 9] Anything Goes","log":"|j|\u2606cec-employee\n|j|\u2606Pink1eVGC\n|t:|1698543297\n|gametype|singles\n|player|p1|cec-employee|102|\n|player|p2|Pink1eVGC|skierf|\n|teamsize|p1|6\n|teamsize|p2|6\n|gen|9\n|tier|[Gen 9] Anything Goes\n|rule|HP Percentage Mod: HP is shown in percentages\n|rule|Endless Battle Clause: Forcing endless battles is banned\n|clearpoke\n|poke|p1|Klefki, F|\n|poke|p1|Klefki, F|\n|poke|p1|Sylveon, F|\n|poke|p1|Klefki, M|\n|poke|p1|Klefki, M|\n|poke|p1|Klefki, M|\n|poke|p2|Pikachu, M|\n|poke|p2|Tornadus, M|\n|poke|p2|Sinistcha|\n|poke|p2|Empoleon, M|\n|poke|p2|Flutter Mane|\n|poke|p2|Tyranitar, F|\n|teampreview\n|inactive|Battle timer is ON: inactive players will automatically lose when time's up. (requested by Pink1eVGC)\n|\n|t:|1698543312\n|start\n|switch|p1a: Cream Soda|Klefki, M|100\/100\n|switch|p2a: Tornadus|Tornadus, M|100\/100\n|turn|1\n|\n|t:|1698543322\n|move|p2a: Tornadus|Taunt|p1a: Cream Soda\n|-start|p1a: Cream Soda|move: Taunt\n|cant|p1a: Cream Soda|move: Taunt|Substitute\n|\n|upkeep\n|turn|2\n|\n|t:|1698543331\n|move|p2a: Tornadus|Tailwind|p2a: Tornadus\n|-sidestart|p2: Pink1eVGC|move: Tailwind\n|move|p1a: Cream Soda|Draining Kiss|p2a: Tornadus\n|-damage|p2a: Tornadus|86\/100\n|\n|upkeep\n|turn|3\n|\n|t:|1698543346\n|switch|p2a: Pikachu|Pikachu, M|100\/100\n|move|p1a: Cream Soda|Draining Kiss|p2a: Pikachu\n|-damage|p2a: Pikachu|62\/100\n|\n|-end|p1a: Cream Soda|move: Taunt\n|upkeep\n|turn|4\n|\n|t:|1698543355\n|move|p1a: Cream Soda|Protect|p1a: Cream Soda\n|-singleturn|p1a: Cream Soda|Protect\n|move|p2a: Pikachu|Volt Tackle|p1a: Cream Soda\n|-activate|p1a: Cream Soda|move: Protect\n|\n|upkeep\n|turn|5\n|\n|t:|1698543361\n|move|p1a: Cream Soda|Substitute|p1a: Cream Soda\n|-start|p1a: Cream Soda|Substitute\n|-damage|p1a: Cream Soda|76\/100\n|move|p2a: Pikachu|Volt Tackle|p1a: Cream Soda\n|-end|p1a: Cream Soda|Substitute\n|-damage|p2a: Pikachu|50\/100|[from] Recoil|[of] p1a: Cream Soda\n|\n|-heal|p1a: Cream Soda|82\/100|[from] item: Leftovers\n|-sideend|p2: Pink1eVGC|move: Tailwind\n|upkeep\n|turn|6\n|\n|t:|1698543371\n|switch|p2a: Tornadus|Tornadus, M|86\/100\n|move|p1a: Cream Soda|Protect||[still]\n|-fail|p1a: Cream Soda\n|\n|-heal|p1a: Cream Soda|88\/100|[from] item: Leftovers\n|upkeep\n|turn|7\n|\n|t:|1698543377\n|move|p2a: Tornadus|Taunt|p1a: Cream Soda\n|-start|p1a: Cream Soda|move: Taunt\n|move|p1a: Cream Soda|Draining Kiss|p2a: Tornadus\n|-damage|p2a: Tornadus|72\/100\n|-heal|p1a: Cream Soda|99\/100|[from] drain|[of] p2a: Tornadus\n|\n|-heal|p1a: Cream Soda|100\/100|[from] item: Leftovers\n|upkeep\n|turn|8\n|\n|t:|1698543391\n|switch|p1a: Security Breach|Klefki, M, shiny|100\/100\n|move|p2a: Tornadus|Bleakwind Storm|p1a: Security Breach\n|-resisted|p1a: Security Breach\n|-damage|p1a: Security Breach|72\/100\n|\n|upkeep\n|turn|9\n|\n|t:|1698543399\n|move|p1a: Security Breach|Calm Mind|p1a: Security Breach\n|-boost|p1a: Security Breach|spa|1\n|-boost|p1a: Security Breach|spd|1\n|move|p2a: Tornadus|Taunt|p1a: Security Breach\n|-start|p1a: Security Breach|move: Taunt\n|\n|upkeep\n|turn|10\n|\n|t:|1698543408\n|switch|p2a: Sinistcha|Sinistcha|100\/100\n|move|p1a: Security Breach|Psychic|p2a: Sinistcha\n|-damage|p2a: Sinistcha|69\/100\n|\n|upkeep\n|turn|11\n|\n|t:|1698543415\n|move|p1a: Security Breach|Psychic|p2a: Sinistcha\n|-damage|p2a: Sinistcha|38\/100\n|move|p2a: Sinistcha|Calm Mind|p2a: Sinistcha\n|-boost|p2a: Sinistcha|spa|1\n|-boost|p2a: Sinistcha|spd|1\n|\n|upkeep\n|turn|12\n|\n|t:|1698543421\n|move|p1a: Security Breach|Psychic|p2a: Sinistcha\n|-damage|p2a: Sinistcha|18\/100\n|move|p2a: Sinistcha|Matcha Gotcha|p1a: Security Breach\n|-resisted|p1a: Security Breach\n|-damage|p1a: Security Breach|54\/100\n|-heal|p2a: Sinistcha|27\/100|[from] drain|[of] p1a: Security Breach\n|\n|-end|p1a: Security Breach|move: Taunt\n|upkeep\n|turn|13\n|\n|t:|1698543430\n|move|p1a: Security Breach|Light Screen|p1a: Security Breach\n|-sidestart|p1: cec-employee|move: Light Screen\n|move|p2a: Sinistcha|Strength Sap|p1a: Security Breach\n|-unboost|p1a: Security Breach|atk|1\n|-heal|p2a: Sinistcha|69\/100\n|\n|upkeep\n|turn|14\n|\n|t:|1698543440\n|move|p1a: Security Breach|Calm Mind|p1a: Security Breach\n|-boost|p1a: Security Breach|spa|1\n|-boost|p1a: Security Breach|spd|1\n|move|p2a: Sinistcha|Calm Mind|p2a: Sinistcha\n|-boost|p2a: Sinistcha|spa|1\n|-boost|p2a: Sinistcha|spd|1\n|\n|upkeep\n|turn|15\n|\n|t:|1698543450\n|move|p1a: Security Breach|Psychic|p2a: Sinistcha\n|-damage|p2a: Sinistcha|50\/100\n|move|p2a: Sinistcha|Calm Mind|p2a: Sinistcha\n|-boost|p2a: Sinistcha|spa|1\n|-boost|p2a: Sinistcha|spd|1\n|\n|upkeep\n|turn|16\n|\n|t:|1698543460\n|move|p1a: Security Breach|Psychic|p2a: Sinistcha\n|-damage|p2a: Sinistcha|33\/100\n|move|p2a: Sinistcha|Matcha Gotcha|p1a: Security Breach\n|-resisted|p1a: Security Breach\n|-crit|p1a: Security Breach\n|-damage|p1a: Security Breach|0 fnt\n|-heal|p2a: Sinistcha|58\/100|[from] drain|[of] p1a: Security Breach\n|faint|p1a: Security Breach\n|\n|upkeep\n|\n|t:|1698543478\n|switch|p1a: A Guy With Shoes!|Klefki, M|100\/100\n|turn|17\n|\n|t:|1698543484\n|move|p1a: A Guy With Shoes!|Thunder Wave|p2a: Sinistcha\n|-status|p2a: Sinistcha|par\n|cant|p2a: Sinistcha|par\n|\n|-sideend|p1: cec-employee|move: Light Screen\n|upkeep\n|turn|18\n|\n|t:|1698543491\n|move|p1a: A Guy With Shoes!|Substitute|p1a: A Guy With Shoes!\n|-start|p1a: A Guy With Shoes!|Substitute\n|-damage|p1a: A Guy With Shoes!|76\/100\n|cant|p2a: Sinistcha|par\n|\n|upkeep\n|turn|19\n|\n|t:|1698543499\n|move|p1a: A Guy With Shoes!|Flash Cannon|p2a: Sinistcha\n|-damage|p2a: Sinistcha|42\/100 par\n|move|p2a: Sinistcha|Matcha Gotcha|p1a: A Guy With Shoes!\n|-resisted|p1a: A Guy With Shoes!\n|-end|p1a: A Guy With Shoes!|Substitute\n|-heal|p2a: Sinistcha|53\/100 par|[from] drain|[of] p1a: A Guy With Shoes!\n|\n|upkeep\n|turn|20\n|\n|t:|1698543507\n|-terastallize|p1a: A Guy With Shoes!|Steel\n|move|p1a: A Guy With Shoes!|Flash Cannon|p2a: Sinistcha\n|-damage|p2a: Sinistcha|31\/100 par\n|move|p2a: Sinistcha|Matcha Gotcha|p1a: A Guy With Shoes!\n|-resisted|p1a: A Guy With Shoes!\n|-damage|p1a: A Guy With Shoes!|29\/100\n|-heal|p2a: Sinistcha|52\/100 par|[from] drain|[of] p1a: A Guy With Shoes!\n|\n|upkeep\n|turn|21\n|\n|t:|1698543515\n|move|p1a: A Guy With Shoes!|Flash Cannon|p2a: Sinistcha\n|-damage|p2a: Sinistcha|30\/100 par\n|cant|p2a: Sinistcha|par\n|\n|upkeep\n|turn|22\n|\n|t:|1698543519\n|move|p1a: A Guy With Shoes!|Flash Cannon|p2a: Sinistcha\n|-damage|p2a: Sinistcha|9\/100 par\n|cant|p2a: Sinistcha|par\n|\n|upkeep\n|turn|23\n|\n|t:|1698543526\n|move|p1a: A Guy With Shoes!|Flash Cannon|p2a: Sinistcha\n|-damage|p2a: Sinistcha|0 fnt\n|faint|p2a: Sinistcha\n|\n|upkeep\n|\n|t:|1698543532\n|switch|p2a: Flutter Mane|Flutter Mane|100\/100\n|-enditem|p2a: Flutter Mane|Booster Energy\n|-activate|p2a: Flutter Mane|ability: Protosynthesis|[fromitem]\n|-start|p2a: Flutter Mane|protosynthesisspa\n|turn|24\n|\n|t:|1698543539\n|move|p2a: Flutter Mane|Thunderbolt|p1a: A Guy With Shoes!\n|-damage|p1a: A Guy With Shoes!|0 fnt\n|faint|p1a: A Guy With Shoes!\n|\n|upkeep\n|\n|t:|1698543555\n|switch|p1a: Yard Sale|Klefki, F|100\/100\n|turn|25\n|\n|t:|1698543560\n|move|p1a: Yard Sale|Protect|p1a: Yard Sale\n|-singleturn|p1a: Yard Sale|Protect\n|move|p2a: Flutter Mane|Shadow Ball|p1a: Yard Sale\n|-activate|p1a: Yard Sale|move: Protect\n|\n|upkeep\n|turn|26\n|\n|t:|1698543566\n|move|p2a: Flutter Mane|Shadow Ball|p1a: Yard Sale\n|-damage|p1a: Yard Sale|26\/100\n|move|p1a: Yard Sale|Calm Mind|p1a: Yard Sale\n|-boost|p1a: Yard Sale|spa|1\n|-boost|p1a: Yard Sale|spd|1\n|\n|upkeep\n|turn|27\n|\n|t:|1698543573\n|-terastallize|p2a: Flutter Mane|Ghost\n|move|p1a: Yard Sale|Protect|p1a: Yard Sale\n|-singleturn|p1a: Yard Sale|Protect\n|move|p2a: Flutter Mane|Shadow Ball|p1a: Yard Sale\n|-activate|p1a: Yard Sale|move: Protect\n|\n|upkeep\n|turn|28\n|\n|t:|1698543588\n|switch|p1a: Little Silly|Klefki, F, shiny|100\/100\n|move|p2a: Flutter Mane|Shadow Ball|p1a: Little Silly\n|-damage|p1a: Little Silly|12\/100\n|\n|upkeep\n|turn|29\n|\n|t:|1698543599\n|move|p1a: Little Silly|Switcheroo|p2a: Flutter Mane\n|-activate|p1a: Little Silly|move: Trick|[of] p2a: Flutter Mane\n|-item|p2a: Flutter Mane|Toxic Orb|[from] move: Switcheroo\n|-enditem|p1a: Little Silly|Toxic Orb|[silent]|[from] move: Switcheroo\n|move|p2a: Flutter Mane|Shadow Ball|p1a: Little Silly\n|-damage|p1a: Little Silly|0 fnt\n|faint|p1a: Little Silly\n|\n|-status|p2a: Flutter Mane|tox|[from] item: Toxic Orb\n|upkeep\n|\n|t:|1698543609\n|switch|p1a: Cream Soda|Klefki, M|100\/100\n|turn|30\n|\n|t:|1698543614\n|move|p1a: Cream Soda|Rest|p1a: Cream Soda\n|-fail|p1a: Cream Soda|heal\n|move|p2a: Flutter Mane|Shadow Ball|p1a: Cream Soda\n|-damage|p1a: Cream Soda|35\/100\n|\n|-heal|p1a: Cream Soda|41\/100|[from] item: Leftovers\n|-damage|p2a: Flutter Mane|94\/100 tox|[from] psn\n|upkeep\n|turn|31\n|\n|t:|1698543622\n|move|p1a: Cream Soda|Protect|p1a: Cream Soda\n|-singleturn|p1a: Cream Soda|Protect\n|move|p2a: Flutter Mane|Shadow Ball|p1a: Cream Soda\n|-activate|p1a: Cream Soda|move: Protect\n|\n|-heal|p1a: Cream Soda|47\/100|[from] item: Leftovers\n|-damage|p2a: Flutter Mane|82\/100 tox|[from] psn\n|upkeep\n|turn|32\n|\n|t:|1698543632\n|move|p1a: Cream Soda|Substitute|p1a: Cream Soda\n|-start|p1a: Cream Soda|Substitute\n|-damage|p1a: Cream Soda|22\/100\n|move|p2a: Flutter Mane|Shadow Ball|p1a: Cream Soda\n|-end|p1a: Cream Soda|Substitute\n|\n|-heal|p1a: Cream Soda|28\/100|[from] item: Leftovers\n|-damage|p2a: Flutter Mane|63\/100 tox|[from] psn\n|upkeep\n|turn|33\n|\n|t:|1698543640\n|move|p1a: Cream Soda|Protect|p1a: Cream Soda\n|-singleturn|p1a: Cream Soda|Protect\n|move|p2a: Flutter Mane|Shadow Ball|p1a: Cream Soda\n|-activate|p1a: Cream Soda|move: Protect\n|\n|-heal|p1a: Cream Soda|34\/100|[from] item: Leftovers\n|-damage|p2a: Flutter Mane|38\/100 tox|[from] psn\n|upkeep\n|turn|34\n|\n|t:|1698543652\n|move|p1a: Cream Soda|Substitute|p1a: Cream Soda\n|-start|p1a: Cream Soda|Substitute\n|-damage|p1a: Cream Soda|9\/100\n|move|p2a: Flutter Mane|Shadow Ball|p1a: Cream Soda\n|-end|p1a: Cream Soda|Substitute\n|\n|-heal|p1a: Cream Soda|15\/100|[from] item: Leftovers\n|-damage|p2a: Flutter Mane|7\/100 tox|[from] psn\n|upkeep\n|turn|35\n|\n|t:|1698543661\n|-end|p2a: Flutter Mane|Protosynthesis|[silent]\n|switch|p2a: Tornadus|Tornadus, M|72\/100\n|move|p1a: Cream Soda|Rest|p1a: Cream Soda\n|-status|p1a: Cream Soda|slp|[from] move: Rest\n|-heal|p1a: Cream Soda|100\/100 slp|[silent]\n|\n|upkeep\n|turn|36\n|\n|t:|1698543681\n|switch|p1a: Yard Sale|Klefki, F|26\/100\n|move|p2a: Tornadus|Taunt|p1a: Yard Sale\n|-start|p1a: Yard Sale|move: Taunt\n|\n|upkeep\n|turn|37\n|\n|t:|1698543688\n|move|p2a: Tornadus|Bleakwind Storm|p1a: Yard Sale|[miss]\n|-miss|p2a: Tornadus|p1a: Yard Sale\n|move|p1a: Yard Sale|Steel Beam|p2a: Tornadus\n|-damage|p2a: Tornadus|10\/100\n|-damage|p1a: Yard Sale|0 fnt|[from] steelbeam\n|faint|p1a: Yard Sale\n|\n|upkeep\n|\n|t:|1698543698\n|switch|p1a: Klefky|Sylveon, F|100\/100\n|turn|38\n|\n|t:|1698543707\n|move|p2a: Tornadus|Taunt|p1a: Klefky\n|-start|p1a: Klefky|move: Taunt\n|cant|p1a: Klefky|move: Taunt|Calm Mind\n|\n|upkeep\n|turn|39\n|\n|t:|1698543711\n|move|p2a: Tornadus|Bleakwind Storm|p1a: Klefky\n|-damage|p1a: Klefky|73\/100\n|-activate|p1a: Klefky|move: Struggle\n|move|p1a: Klefky|Struggle|p2a: Tornadus\n|-damage|p2a: Tornadus|2\/100\n|-damage|p1a: Klefky|48\/100|[from] recoil\n|\n|upkeep\n|turn|40\n|\n|t:|1698543720\n|switch|p2a: Flutter Mane|Flutter Mane, tera:Ghost|7\/100 tox\n|-activate|p1a: Klefky|move: Struggle\n|move|p1a: Klefky|Struggle|p2a: Flutter Mane\n|-damage|p2a: Flutter Mane|0 fnt\n|faint|p2a: Flutter Mane\n|-end|p2a: Flutter Mane|Protosynthesis|[silent]\n|-damage|p1a: Klefky|23\/100|[from] recoil\n|-enditem|p1a: Klefky|Aguav Berry|[eat]\n|-heal|p1a: Klefky|56\/100|[from] item: Aguav Berry\n|\n|-end|p1a: Klefky|move: Taunt\n|upkeep\n|\n|t:|1698543732\n|switch|p2a: Pikachu|Pikachu, M|50\/100\n|turn|41\n|\n|t:|1698543737\n|move|p2a: Pikachu|Volt Tackle|p1a: Klefky\n|-damage|p1a: Klefky|0 fnt\n|-start|p2a: Pikachu|Attract|[from] ability: Cute Charm|[of] p1a: Klefky\n|faint|p1a: Klefky\n|-damage|p2a: Pikachu|16\/100|[from] Recoil\n|-end|p2a: Pikachu|Attract|[silent]\n|\n|upkeep\n|\n|t:|1698543743\n|switch|p1a: Cream Soda|Klefki, M|100\/100 slp\n|turn|42\n|\n|t:|1698543746\n|move|p2a: Pikachu|Volt Tackle|p1a: Cream Soda\n|-damage|p1a: Cream Soda|12\/100 slp\n|-damage|p2a: Pikachu|0 fnt|[from] Recoil\n|faint|p2a: Pikachu\n|cant|p1a: Cream Soda|slp\n|\n|-heal|p1a: Cream Soda|17\/100 slp|[from] item: Leftovers\n|upkeep\n|\n|t:|1698543755\n|switch|p2a: Tornadus|Tornadus, M|2\/100\n|turn|43\n|\n|t:|1698543766\n|cant|p1a: Cream Soda|slp\n|move|p2a: Tornadus|Bleakwind Storm|p1a: Cream Soda\n|-resisted|p1a: Cream Soda\n|-damage|p1a: Cream Soda|0 fnt\n|faint|p1a: Cream Soda\n|\n|win|Pink1eVGC\n","uploadtime":1698543777,"views":17,"p1id":"cecemployee","p2id":"pink1evgc","formatid":"gen9anythinggoes","rating":0,"private":0,"password":""}