{"id":"gen9anythinggoes-1986226375","p1":"Thurky12","p2":"Frazzle99","format":"[Gen 9] Anything Goes","log":"|j|\u2606Thurky12\n|j|\u2606Frazzle99\n|t:|1699461432\n|gametype|singles\n|player|p1|Thurky12|alder|1072\n|player|p2|Frazzle99|170|1178\n|teamsize|p1|6\n|teamsize|p2|6\n|gen|9\n|tier|[Gen 9] Anything Goes\n|rated|\n|rule|HP Percentage Mod: HP is shown in percentages\n|rule|Endless Battle Clause: Forcing endless battles is banned\n|clearpoke\n|poke|p1|Kingambit, M|\n|poke|p1|Tinkaton, F|\n|poke|p1|Iron Valiant|\n|poke|p1|Gholdengo|\n|poke|p1|Grimmsnarl, M|\n|poke|p1|Glimmora, F|\n|poke|p2|Drifblim, M|\n|poke|p2|Scream Tail|\n|poke|p2|Kingambit, F|\n|poke|p2|Ogerpon-Cornerstone, F|\n|poke|p2|Calyrex-Ice|\n|poke|p2|Goodra-Hisui, F|\n|teampreview\n|\n|t:|1699461437\n|start\n|switch|p1a: Glimmora|Glimmora, F|100\/100\n|switch|p2a: Drifblim|Drifblim, M|100\/100\n|turn|1\n|\n|t:|1699461445\n|move|p1a: Glimmora|Stealth Rock|p2a: Drifblim\n|-sidestart|p2: Frazzle99|move: Stealth Rock\n|move|p2a: Drifblim|Minimize|p2a: Drifblim\n|-boost|p2a: Drifblim|evasion|2\n|\n|upkeep\n|turn|2\n|\n|t:|1699461453\n|move|p1a: Glimmora|Power Gem|p2a: Drifblim|[miss]\n|-miss|p1a: Glimmora|p2a: Drifblim\n|move|p2a: Drifblim|Minimize|p2a: Drifblim\n|-boost|p2a: Drifblim|evasion|2\n|\n|upkeep\n|turn|3\n|\n|t:|1699461462\n|move|p1a: Glimmora|Power Gem|p2a: Drifblim\n|-supereffective|p2a: Drifblim\n|-damage|p2a: Drifblim|13\/100\n|move|p2a: Drifblim|Minimize|p2a: Drifblim\n|-boost|p2a: Drifblim|evasion|2\n|\n|upkeep\n|turn|4\n|\n|t:|1699461471\n|move|p1a: Glimmora|Toxic|p2a: Drifblim\n|-status|p2a: Drifblim|tox\n|move|p2a: Drifblim|Baton Pass|p2a: Drifblim\n|\n|t:|1699461475\n|switch|p2a: Scream Tail|Scream Tail|100\/100|[from] Baton Pass\n|-damage|p2a: Scream Tail|88\/100|[from] Stealth Rock\n|-enditem|p2a: Scream Tail|Booster Energy\n|-activate|p2a: Scream Tail|ability: Protosynthesis|[fromitem]\n|-start|p2a: Scream Tail|protosynthesisspd\n|\n|upkeep\n|turn|5\n|\n|t:|1699461489\n|move|p1a: Glimmora|Sludge Bomb|p2a: Scream Tail|[miss]\n|-miss|p1a: Glimmora|p2a: Scream Tail\n|move|p2a: Scream Tail|Bulk Up|p2a: Scream Tail\n|-boost|p2a: Scream Tail|atk|1\n|-boost|p2a: Scream Tail|def|1\n|\n|upkeep\n|turn|6\n|\n|t:|1699461497\n|move|p1a: Glimmora|Power Gem|p2a: Scream Tail|[miss]\n|-miss|p1a: Glimmora|p2a: Scream Tail\n|move|p2a: Scream Tail|Bulk Up|p2a: Scream Tail\n|-boost|p2a: Scream Tail|atk|1\n|-boost|p2a: Scream Tail|def|1\n|\n|upkeep\n|turn|7\n|\n|t:|1699461508\n|move|p1a: Glimmora|Toxic|p2a: Scream Tail\n|-status|p2a: Scream Tail|tox\n|move|p2a: Scream Tail|Calm Mind|p2a: Scream Tail\n|-boost|p2a: Scream Tail|spa|1\n|-boost|p2a: Scream Tail|spd|1\n|\n|-damage|p2a: Scream Tail|82\/100 tox|[from] psn\n|upkeep\n|turn|8\n|inactive|Battle timer is ON: inactive players will automatically lose when time's up. (requested by Thurky12)\n|\n|t:|1699461517\n|move|p1a: Glimmora|Sludge Bomb|p2a: Scream Tail|[miss]\n|-miss|p1a: Glimmora|p2a: Scream Tail\n|move|p2a: Scream Tail|Amnesia|p2a: Scream Tail\n|-boost|p2a: Scream Tail|spd|2\n|\n|-damage|p2a: Scream Tail|70\/100 tox|[from] psn\n|upkeep\n|turn|9\n|\n|t:|1699461521\n|move|p1a: Glimmora|Power Gem|p2a: Scream Tail|[miss]\n|-miss|p1a: Glimmora|p2a: Scream Tail\n|move|p2a: Scream Tail|Calm Mind|p2a: Scream Tail\n|-boost|p2a: Scream Tail|spa|1\n|-boost|p2a: Scream Tail|spd|1\n|\n|-damage|p2a: Scream Tail|51\/100 tox|[from] psn\n|upkeep\n|turn|10\n|\n|t:|1699461527\n|move|p1a: Glimmora|Power Gem|p2a: Scream Tail\n|-damage|p2a: Scream Tail|45\/100 tox\n|move|p2a: Scream Tail|Bulk Up|p2a: Scream Tail\n|-boost|p2a: Scream Tail|atk|1\n|-boost|p2a: Scream Tail|def|1\n|\n|-damage|p2a: Scream Tail|20\/100 tox|[from] psn\n|upkeep\n|turn|11\n|\n|t:|1699461536\n|move|p1a: Glimmora|Sludge Bomb|p2a: Scream Tail\n|-supereffective|p2a: Scream Tail\n|-damage|p2a: Scream Tail|4\/100 tox\n|move|p2a: Scream Tail|Baton Pass|p2a: Scream Tail\n|\n|t:|1699461541\n|-end|p2a: Scream Tail|Protosynthesis|[silent]\n|switch|p2a: Calyrex|Calyrex-Ice|100\/100|[from] Baton Pass\n|-ability|p2a: Calyrex|As One\n|-ability|p2a: Calyrex|Unnerve\n|-damage|p2a: Calyrex|76\/100|[from] Stealth Rock\n|\n|-heal|p2a: Calyrex|82\/100|[from] item: Leftovers\n|upkeep\n|turn|12\n|\n|t:|1699461549\n|move|p1a: Glimmora|Toxic|p2a: Calyrex\n|-status|p2a: Calyrex|tox\n|move|p2a: Calyrex|Glacial Lance|p1a: Glimmora\n|-enditem|p1a: Glimmora|Focus Sash\n|-damage|p1a: Glimmora|1\/100\n|\n|-heal|p2a: Calyrex|88\/100 tox|[from] item: Leftovers\n|-damage|p2a: Calyrex|82\/100 tox|[from] psn\n|upkeep\n|turn|13\n|\n|t:|1699461561\n|move|p1a: Glimmora|Power Gem|p2a: Calyrex\n|-supereffective|p2a: Calyrex\n|-damage|p2a: Calyrex|62\/100 tox\n|move|p2a: Calyrex|Giga Drain|p1a: Glimmora\n|-damage|p1a: Glimmora|0 fnt\n|-heal|p2a: Calyrex|63\/100 tox|[from] drain|[of] p1a: Glimmora\n|faint|p1a: Glimmora\n|-ability|p2a: Calyrex|Chilling Neigh|boost\n|-boost|p2a: Calyrex|atk|1\n|\n|-heal|p2a: Calyrex|69\/100 tox|[from] item: Leftovers\n|-damage|p2a: Calyrex|56\/100 tox|[from] psn\n|upkeep\n|\n|t:|1699461570\n|switch|p1a: Tinkaton|Tinkaton, F|100\/100\n|-ability|p1a: Tinkaton|Mold Breaker\n|turn|14\n|\n|t:|1699461575\n|move|p1a: Tinkaton|Fake Out|p2a: Calyrex|[miss]\n|-miss|p1a: Tinkaton|p2a: Calyrex\n|move|p2a: Calyrex|Close Combat|p1a: Tinkaton\n|-damage|p1a: Tinkaton|0 fnt\n|-unboost|p2a: Calyrex|def|1\n|-unboost|p2a: Calyrex|spd|1\n|faint|p1a: Tinkaton\n|-ability|p2a: Calyrex|Chilling Neigh|boost\n|-boost|p2a: Calyrex|atk|1\n|\n|-heal|p2a: Calyrex|63\/100 tox|[from] item: Leftovers\n|-damage|p2a: Calyrex|44\/100 tox|[from] psn\n|upkeep\n|\n|t:|1699461586\n|switch|p1a: Grimmsnarl|Grimmsnarl, M, shiny|100\/100\n|turn|15\n|\n|t:|1699461599\n|-terastallize|p1a: Grimmsnarl|Fire\n|move|p2a: Calyrex|Glacial Lance|p1a: Grimmsnarl\n|-resisted|p1a: Grimmsnarl\n|-damage|p1a: Grimmsnarl|0 fnt\n|faint|p1a: Grimmsnarl\n|-ability|p2a: Calyrex|Chilling Neigh|boost\n|-boost|p2a: Calyrex|atk|1\n|\n|-heal|p2a: Calyrex|50\/100 tox|[from] item: Leftovers\n|-damage|p2a: Calyrex|25\/100 tox|[from] psn\n|upkeep\n|\n|t:|1699461608\n|switch|p1a: Gholdengo|Gholdengo|100\/100\n|turn|16\n|\n|t:|1699461619\n|move|p1a: Gholdengo|Shadow Ball|p2a: Calyrex\n|-supereffective|p2a: Calyrex\n|-damage|p2a: Calyrex|2\/100 tox\n|move|p2a: Calyrex|Stored Power|p1a: Gholdengo\n|-resisted|p1a: Gholdengo\n|-damage|p1a: Gholdengo|15\/100\n|\n|-heal|p2a: Calyrex|8\/100 tox|[from] item: Leftovers\n|-damage|p2a: Calyrex|0 fnt|[from] psn\n|faint|p2a: Calyrex\n|upkeep\n|\n|t:|1699461634\n|switch|p2a: Ogerpon|Ogerpon-Cornerstone, F|100\/100\n|-damage|p2a: Ogerpon|88\/100|[from] Stealth Rock\n|turn|17\n|\n|t:|1699461640\n|move|p2a: Ogerpon|Ivy Cudgel|p1a: Gholdengo\n|-resisted|p1a: Gholdengo\n|-damage|p1a: Gholdengo|0 fnt\n|faint|p1a: Gholdengo\n|\n|upkeep\n|\n|t:|1699461644\n|switch|p1a: Iron Valiant|Iron Valiant|100\/100\n|turn|18\n|\n|t:|1699461650\n|move|p1a: Iron Valiant|Drain Punch|p2a: Ogerpon\n|-supereffective|p2a: Ogerpon\n|-damage|p2a: Ogerpon|3\/100\n|move|p2a: Ogerpon|Counter|p1a: Iron Valiant\n|-damage|p1a: Iron Valiant|0 fnt\n|faint|p1a: Iron Valiant\n|-end|p1a: Iron Valiant|Quark Drive|[silent]\n|\n|upkeep\n|\n|t:|1699461653\n|switch|p1a: Kingambit|Kingambit, M, shiny|100\/100\n|-activate|p1a: Kingambit|ability: Supreme Overlord\n|-start|p1a: Kingambit|fallen5|[silent]\n|turn|19\n|\n|t:|1699461660\n|move|p2a: Ogerpon|Knock Off|p1a: Kingambit\n|-resisted|p1a: Kingambit\n|-damage|p1a: Kingambit|88\/100\n|-enditem|p1a: Kingambit|Expert Belt|[from] move: Knock Off|[of] p2a: Ogerpon\n|move|p1a: Kingambit|Iron Head|p2a: Ogerpon\n|-supereffective|p2a: Ogerpon\n|-damage|p2a: Ogerpon|0 fnt\n|faint|p2a: Ogerpon\n|\n|upkeep\n|\n|t:|1699461670\n|switch|p2a: Goodra|Goodra-Hisui, F|100\/100\n|-damage|p2a: Goodra|94\/100|[from] Stealth Rock\n|turn|20\n|\n|t:|1699461680\n|move|p1a: Kingambit|Kowtow Cleave|p2a: Goodra\n|-damage|p2a: Goodra|23\/100\n|-ability|p2a: Goodra|Gooey\n|-unboost|p1a: Kingambit|spe|1\n|move|p2a: Goodra|Counter|p1a: Kingambit\n|-damage|p1a: Kingambit|0 fnt\n|faint|p1a: Kingambit\n|-end|p1a: Kingambit|fallen5|[silent]\n|\n|win|Frazzle99\n|raw|Thurky12's rating: 1072 &rarr; <strong>1057<\/strong><br \/>(-15 for losing)\n|raw|Frazzle99's rating: 1178 &rarr; <strong>1196<\/strong><br \/>(+18 for winning)\n|l|\u2606Thurky12\n","uploadtime":1699461692,"views":4,"p1id":"thurky12","p2id":"frazzle99","formatid":"gen9anythinggoes","rating":1057,"private":0,"password":""}