{"id":"gen9anythinggoes-1982841656","p1":"MemeMimicks","p2":"poodawoopa","format":"[Gen 9] Anything Goes","log":"|j|\u2606MemeMimicks\n|j|\u2606poodawoopa\n|t:|1699050246\n|gametype|singles\n|player|p1|MemeMimicks|emmet|1179\n|player|p2|poodawoopa|1|1388\n|teamsize|p1|6\n|teamsize|p2|6\n|gen|9\n|tier|[Gen 9] Anything Goes\n|rated|\n|rule|HP Percentage Mod: HP is shown in percentages\n|rule|Endless Battle Clause: Forcing endless battles is banned\n|clearpoke\n|poke|p1|Glimmora, F|\n|poke|p1|Manaphy|\n|poke|p1|Annihilape, F|\n|poke|p1|Ting-Lu|\n|poke|p1|Calyrex-Shadow|\n|poke|p1|Kingambit, F|\n|poke|p2|Clodsire, M|\n|poke|p2|Dragapult, F|\n|poke|p2|Zacian-*|\n|poke|p2|Cloyster, M|\n|poke|p2|Miraidon|\n|poke|p2|Donphan, F|\n|teampreview\n|\n|t:|1699050248\n|start\n|switch|p1a: Annihilape|Annihilape, F|100\/100\n|switch|p2a: Clodsire|Clodsire, M|100\/100\n|turn|1\n|\n|t:|1699050257\n|move|p1a: Annihilape|U-turn|p2a: Clodsire\n|-resisted|p2a: Clodsire\n|-damage|p2a: Clodsire|90\/100\n|\n|t:|1699050260\n|switch|p1a: Glimmora|Glimmora, F|100\/100|[from] U-turn\n|move|p2a: Clodsire|Earthquake|p1a: Glimmora\n|-supereffective|p1a: Glimmora\n|-damage|p1a: Glimmora|0 fnt\n|-activate|p1a: Glimmora|ability: Toxic Debris\n|-sidestart|p2: poodawoopa|move: Toxic Spikes\n|faint|p1a: Glimmora\n|\n|upkeep\n|\n|t:|1699050268\n|switch|p1a: Annihilape|Annihilape, F|100\/100\n|turn|2\n|\n|t:|1699050272\n|move|p1a: Annihilape|Final Gambit|p2a: Clodsire\n|-damage|p2a: Clodsire|0 fnt\n|faint|p1a: Annihilape\n|faint|p2a: Clodsire\n|\n|upkeep\n|\n|t:|1699050277\n|switch|p1a: Manaphy|Manaphy|100\/100\n|switch|p2a: Donphan|Donphan, F|100\/100\n|turn|3\n|\n|t:|1699050282\n|move|p1a: Manaphy|Tail Glow|p1a: Manaphy\n|-boost|p1a: Manaphy|spa|3\n|move|p2a: Donphan|Rapid Spin|p1a: Manaphy\n|-damage|p1a: Manaphy|84\/100\n|-boost|p2a: Donphan|spe|1\n|-sideend|p2: poodawoopa|Toxic Spikes|[from] move: Rapid Spin|[of] p2a: Donphan\n|\n|upkeep\n|turn|4\n|\n|t:|1699050289\n|move|p1a: Manaphy|Baton Pass|p1a: Manaphy\n|\n|t:|1699050290\n|switch|p1a: Calyrex|Calyrex-Shadow|100\/100|[from] Baton Pass\n|-ability|p1a: Calyrex|As One\n|-ability|p1a: Calyrex|Unnerve\n|move|p2a: Donphan|Rapid Spin|p1a: Calyrex\n|-immune|p1a: Calyrex\n|\n|upkeep\n|turn|5\n|\n|t:|1699050298\n|move|p1a: Calyrex|Agility|p1a: Calyrex\n|-boost|p1a: Calyrex|spe|2\n|move|p2a: Donphan|Fissure|p1a: Calyrex|[miss]\n|-miss|p2a: Donphan|p1a: Calyrex\n|\n|upkeep\n|turn|6\n|\n|t:|1699050305\n|-terastallize|p1a: Calyrex|Grass\n|move|p1a: Calyrex|Energy Ball|p2a: Donphan\n|-supereffective|p2a: Donphan\n|-ability|p2a: Donphan|Sturdy\n|-damage|p2a: Donphan|1\/100\n|-unboost|p2a: Donphan|spd|1\n|move|p2a: Donphan|Fissure|p1a: Calyrex\n|-enditem|p1a: Calyrex|Focus Sash\n|-damage|p1a: Calyrex|1\/100\n|\n|upkeep\n|turn|7\n|\n|t:|1699050317\n|move|p1a: Calyrex|Energy Ball|p2a: Donphan\n|-supereffective|p2a: Donphan\n|-damage|p2a: Donphan|0 fnt\n|faint|p2a: Donphan\n|-ability|p1a: Calyrex|Grim Neigh|boost\n|-boost|p1a: Calyrex|spa|1\n|\n|upkeep\n|\n|t:|1699050322\n|switch|p2a: Miraidon|Miraidon|100\/100\n|-fieldstart|move: Electric Terrain|[from] ability: Hadron Engine|[of] p2a: Miraidon\n|turn|8\n|\n|t:|1699050325\n|move|p1a: Calyrex|Astral Barrage|p2a: Miraidon\n|-enditem|p2a: Miraidon|Focus Sash\n|-damage|p2a: Miraidon|1\/100\n|move|p2a: Miraidon|Dragon Pulse|p1a: Calyrex\n|-damage|p1a: Calyrex|0 fnt\n|faint|p1a: Calyrex\n|\n|upkeep\n|\n|t:|1699050336\n|switch|p1a: Kingambit|Kingambit, F|100\/100\n|-activate|p1a: Kingambit|ability: Supreme Overlord\n|-start|p1a: Kingambit|fallen3|[silent]\n|turn|9\n|\n|t:|1699050340\n|move|p1a: Kingambit|Sucker Punch|p2a: Miraidon\n|-damage|p2a: Miraidon|0 fnt\n|faint|p2a: Miraidon\n|\n|upkeep\n|\n|t:|1699050342\n|switch|p2a: Zacian|Zacian-Crowned|100\/100\n|-ability|p2a: Zacian|Intrepid Sword|boost\n|-boost|p2a: Zacian|atk|1\n|turn|10\n|\n|t:|1699050348\n|-end|p1a: Kingambit|fallen3|[silent]\n|switch|p1a: Manaphy|Manaphy|84\/100\n|move|p2a: Zacian|Sacred Sword|p1a: Manaphy\n|-damage|p1a: Manaphy|31\/100\n|\n|upkeep\n|turn|11\n|\n|t:|1699050353\n|move|p2a: Zacian|Sacred Sword|p1a: Manaphy\n|-damage|p1a: Manaphy|0 fnt\n|faint|p1a: Manaphy\n|\n|upkeep\n|\n|t:|1699050358\n|switch|p1a: Ting-Lu|Ting-Lu|100\/100\n|-ability|p1a: Ting-Lu|Vessel of Ruin\n|turn|12\n|\n|t:|1699050362\n|move|p2a: Zacian|Sacred Sword|p1a: Ting-Lu\n|-supereffective|p1a: Ting-Lu\n|-damage|p1a: Ting-Lu|40\/100\n|move|p1a: Ting-Lu|Stomping Tantrum|p2a: Zacian\n|-supereffective|p2a: Zacian\n|-damage|p2a: Zacian|23\/100\n|\n|-fieldend|move: Electric Terrain\n|upkeep\n|turn|13\n|\n|t:|1699050369\n|move|p2a: Zacian|Sacred Sword|p1a: Ting-Lu\n|-supereffective|p1a: Ting-Lu\n|-damage|p1a: Ting-Lu|0 fnt\n|faint|p1a: Ting-Lu\n|\n|upkeep\n|\n|t:|1699050374\n|switch|p1a: Kingambit|Kingambit, F|100\/100\n|-activate|p1a: Kingambit|ability: Supreme Overlord\n|-start|p1a: Kingambit|fallen5|[silent]\n|turn|14\n|\n|t:|1699050379\n|move|p1a: Kingambit|Sucker Punch|p2a: Zacian\n|-resisted|p2a: Zacian\n|-damage|p2a: Zacian|0 fnt\n|faint|p2a: Zacian\n|\n|upkeep\n|\n|t:|1699050389\n|switch|p2a: Cloyster|Cloyster, M|100\/100\n|turn|15\n|\n|t:|1699050393\n|move|p2a: Cloyster|Icicle Spear|p1a: Kingambit\n|-resisted|p1a: Kingambit\n|-damage|p1a: Kingambit|97\/100\n|-resisted|p1a: Kingambit\n|-damage|p1a: Kingambit|93\/100\n|-resisted|p1a: Kingambit\n|-damage|p1a: Kingambit|89\/100\n|-resisted|p1a: Kingambit\n|-damage|p1a: Kingambit|85\/100\n|-resisted|p1a: Kingambit\n|-damage|p1a: Kingambit|81\/100\n|-hitcount|p1a: Kingambit|5\n|move|p1a: Kingambit|Swords Dance|p1a: Kingambit\n|-boost|p1a: Kingambit|atk|2\n|\n|upkeep\n|turn|16\n|\n|t:|1699050406\n|move|p1a: Kingambit|Sucker Punch|p2a: Cloyster\n|-enditem|p2a: Cloyster|Focus Sash\n|-damage|p2a: Cloyster|1\/100\n|move|p2a: Cloyster|Icicle Spear|p1a: Kingambit\n|-resisted|p1a: Kingambit\n|-damage|p1a: Kingambit|77\/100\n|-resisted|p1a: Kingambit\n|-damage|p1a: Kingambit|74\/100\n|-resisted|p1a: Kingambit\n|-damage|p1a: Kingambit|70\/100\n|-resisted|p1a: Kingambit\n|-damage|p1a: Kingambit|66\/100\n|-resisted|p1a: Kingambit\n|-damage|p1a: Kingambit|62\/100\n|-hitcount|p1a: Kingambit|5\n|\n|upkeep\n|turn|17\n|\n|t:|1699050418\n|move|p1a: Kingambit|Sucker Punch|p2a: Cloyster\n|-damage|p2a: Cloyster|0 fnt\n|faint|p2a: Cloyster\n|\n|upkeep\n|\n|t:|1699050420\n|switch|p2a: Dragapult|Dragapult, F|100\/100\n|turn|18\n|-activate|p1a: Kingambit|item: Quick Claw\n|\n|t:|1699050423\n|-terastallize|p2a: Dragapult|Dragon\n|move|p1a: Kingambit|Sucker Punch|p2a: Dragapult\n|-enditem|p2a: Dragapult|Focus Sash\n|-damage|p2a: Dragapult|1\/100\n|move|p2a: Dragapult|Dragon Darts|p1a: Kingambit\n|-resisted|p1a: Kingambit\n|-damage|p1a: Kingambit|50\/100\n|-anim|p2a: Dragapult|Dragon Darts|p1a: Kingambit\n|-resisted|p1a: Kingambit\n|-damage|p1a: Kingambit|39\/100\n|\n|upkeep\n|turn|19\n|\n|t:|1699050434\n|move|p1a: Kingambit|Sucker Punch|p2a: Dragapult\n|-crit|p2a: Dragapult\n|-damage|p2a: Dragapult|0 fnt\n|faint|p2a: Dragapult\n|\n|win|MemeMimicks\n|raw|MemeMimicks's rating: 1179 &rarr; <strong>1217<\/strong><br \/>(+38 for winning)\n|raw|poodawoopa's rating: 1388 &rarr; <strong>1357<\/strong><br \/>(-31 for losing)\n|c|\u2606MemeMimicks|gg\n|l|\u2606poodawoopa\n","uploadtime":1699050449,"views":6,"p1id":"mememimicks","p2id":"poodawoopa","formatid":"gen9anythinggoes","rating":1217,"private":0,"password":""}