{"id":"gen9anythinggoes-1980513752","p1":"escarleteviolete","p2":"Tom De Anti-furry","format":"[Gen 9] Anything Goes","log":"|j|\u2606escarleteviolete\n|j|\u2606Tom De Anti-furry\n|t:|1698792324\n|gametype|singles\n|player|p1|escarleteviolete|169|1149\n|player|p2|Tom De Anti-furry|102|1207\n|teamsize|p1|6\n|teamsize|p2|6\n|gen|9\n|tier|[Gen 9] Anything Goes\n|rated|\n|rule|HP Percentage Mod: HP is shown in percentages\n|rule|Endless Battle Clause: Forcing endless battles is banned\n|clearpoke\n|poke|p1|Gliscor, F|\n|poke|p1|Gengar, M|\n|poke|p1|Breloom, M|\n|poke|p1|Toxapex, M|\n|poke|p1|Jirachi|\n|poke|p1|Corviknight, M|\n|poke|p2|Zacian-*|\n|poke|p2|Zacian-*|\n|poke|p2|Zamazenta-*|\n|poke|p2|Zamazenta-*|\n|poke|p2|Palkia-Origin|\n|poke|p2|Palkia|\n|teampreview\n|c|\u2606Tom De Anti-furry|HAR HAR HAR HAR\n|\n|t:|1698792337\n|start\n|switch|p1a: Gengar|Gengar, M|100\/100\n|switch|p2a: White man|Palkia|100\/100\n|-ability|p2a: White man|Pressure\n|turn|1\n|\n|t:|1698792348\n|move|p1a: Gengar|Shadow Ball|p2a: White man\n|-damage|p2a: White man|64\/100\n|-unboost|p2a: White man|spd|1\n|move|p2a: White man|Draco Meteor|p1a: Gengar\n|-crit|p1a: Gengar\n|-damage|p1a: Gengar|0 fnt\n|-unboost|p2a: White man|spa|2\n|faint|p1a: Gengar\n|\n|upkeep\n|c|\u2606Tom De Anti-furry|HOLY SHIT ONE TAP\n|\n|t:|1698792360\n|switch|p1a: Jirachi|Jirachi|100\/100\n|turn|2\n|c|\u2606escarleteviolete|oh nah..\n|\n|t:|1698792368\n|move|p1a: Jirachi|Iron Head|p2a: White man\n|-resisted|p2a: White man\n|-damage|p2a: White man|52\/100\n|cant|p2a: White man|flinch\n|\n|upkeep\n|turn|3\n|\n|t:|1698792374\n|move|p1a: Jirachi|Body Slam|p2a: White man\n|-damage|p2a: White man|33\/100\n|-status|p2a: White man|par\n|move|p2a: White man|Dragon Tail|p1a: Jirachi\n|-resisted|p1a: Jirachi\n|-damage|p1a: Jirachi|85\/100\n|drag|p1a: Gliscor|Gliscor, F|100\/100\n|\n|-status|p1a: Gliscor|tox|[from] item: Toxic Orb\n|upkeep\n|turn|4\n|c|\u2606Tom De Anti-furry|Get that Jirachi out of here\n|c|\u2606escarleteviolete|whats wrong with it\n|c|\u2606escarleteviolete|guh\n|\n|t:|1698792398\n|move|p1a: Gliscor|Protect|p1a: Gliscor\n|-singleturn|p1a: Gliscor|Protect\n|cant|p2a: White man|par\n|\n|upkeep\n|turn|5\n|\n|t:|1698792406\n|move|p1a: Gliscor|Earthquake|p2a: White man\n|-damage|p2a: White man|4\/100 par\n|move|p2a: White man|Hyper Beam|p1a: Gliscor|[miss]\n|-miss|p2a: White man|p1a: Gliscor\n|\n|upkeep\n|turn|6\n|c|\u2606escarleteviolete|wow\n|c|\u2606Tom De Anti-furry|White man you failur\n|c|\u2606escarleteviolete|i mfaster!!!!\n|\n|t:|1698792425\n|move|p1a: Gliscor|Earthquake|p2a: White man\n|-damage|p2a: White man|0 fnt\n|faint|p2a: White man\n|\n|upkeep\n|c|\u2606escarleteviolete|careful!!\n|\n|t:|1698792429\n|switch|p2a: Purple man|Palkia-Origin|100\/100\n|-ability|p2a: Purple man|Pressure\n|turn|7\n|c|\u2606escarleteviolete|purple guy\n|c|\u2606escarleteviolete|why is he water\n|c|\u2606escarleteviolete|what is this\n|c|\u2606Tom De Anti-furry|Purple man\n|\n|t:|1698792461\n|switch|p1a: Jirachi|Jirachi|85\/100\n|move|p2a: Purple man|Ancient Power|p1a: Jirachi\n|-resisted|p1a: Jirachi\n|-damage|p1a: Jirachi|79\/100\n|\n|-heal|p1a: Jirachi|85\/100|[from] item: Leftovers\n|upkeep\n|turn|8\n|\n|t:|1698792472\n|move|p1a: Jirachi|Iron Head|p2a: Purple man\n|-resisted|p2a: Purple man\n|-damage|p2a: Purple man|89\/100\n|cant|p2a: Purple man|flinch\n|\n|-heal|p1a: Jirachi|91\/100|[from] item: Leftovers\n|upkeep\n|turn|9\n|c|\u2606escarleteviolete|me when serene grace\n|c|\u2606Tom De Anti-furry|He was thrown into this water\n|c|\u2606escarleteviolete|wow\n|\n|t:|1698792512\n|move|p2a: Purple man|Ancient Power|p1a: Jirachi\n|-resisted|p1a: Jirachi\n|-damage|p1a: Jirachi|85\/100\n|move|p1a: Jirachi|Body Slam|p2a: Purple man\n|-damage|p2a: Purple man|72\/100\n|\n|-heal|p1a: Jirachi|91\/100|[from] item: Leftovers\n|upkeep\n|turn|10\n|\n|t:|1698792523\n|move|p2a: Purple man|Hyper Beam|p1a: Jirachi\n|-resisted|p1a: Jirachi\n|-damage|p1a: Jirachi|77\/100\n|-mustrecharge|p2a: Purple man\n|move|p1a: Jirachi|Body Slam|p2a: Purple man\n|-damage|p2a: Purple man|57\/100\n|-status|p2a: Purple man|par\n|\n|-heal|p1a: Jirachi|83\/100|[from] item: Leftovers\n|upkeep\n|turn|11\n|\n|t:|1698792532\n|move|p1a: Jirachi|Iron Head|p2a: Purple man\n|-resisted|p2a: Purple man\n|-damage|p2a: Purple man|44\/100 par\n|cant|p2a: Purple man|recharge\n|\n|-heal|p1a: Jirachi|89\/100|[from] item: Leftovers\n|upkeep\n|turn|12\n|c|\u2606Tom De Anti-furry|Har har har\n|\n|t:|1698792547\n|move|p1a: Jirachi|Iron Head|p2a: Purple man\n|-resisted|p2a: Purple man\n|-damage|p2a: Purple man|32\/100 par\n|cant|p2a: Purple man|flinch\n|\n|-heal|p1a: Jirachi|96\/100|[from] item: Leftovers\n|upkeep\n|turn|13\n|c|\u2606escarleteviolete|freddy fazbear,,,,\n|c|\u2606escarleteviolete|bro jirachi with iron head and body slam\n|c|\u2606escarleteviolete|is so annoying\n|c|\u2606escarleteviolete|i love it\n|\n|t:|1698792573\n|move|p1a: Jirachi|Iron Head|p2a: Purple man\n|-resisted|p2a: Purple man\n|-damage|p2a: Purple man|21\/100 par\n|move|p2a: Purple man|Dragon Tail|p1a: Jirachi\n|-resisted|p1a: Jirachi\n|-damage|p1a: Jirachi|81\/100\n|drag|p1a: Toxapex|Toxapex, M|100\/100\n|\n|upkeep\n|turn|14\n|c|\u2606Tom De Anti-furry|FUCK IT\n|c|\u2606escarleteviolete|WOW\n|\n|t:|1698792590\n|cant|p2a: Purple man|par\n|move|p1a: Toxapex|Toxic||[still]\n|-fail|p1a: Toxapex\n|\n|upkeep\n|turn|15\n|c|\u2606Tom De Anti-furry|Yeah that right\n|\n|t:|1698792603\n|move|p2a: Purple man|Draco Meteor|p1a: Toxapex\n|-damage|p1a: Toxapex|42\/100\n|-unboost|p2a: Purple man|spa|2\n|move|p1a: Toxapex|Toxic||[still]\n|-fail|p1a: Toxapex\n|\n|-heal|p1a: Toxapex|48\/100|[from] item: Black Sludge\n|upkeep\n|turn|16\n|c|\u2606Tom De Anti-furry|Har har har har\n|\n|t:|1698792619\n|switch|p1a: Corviknight|Corviknight, M|100\/100\n|-ability|p1a: Corviknight|Pressure\n|move|p2a: Purple man|Draco Meteor|p1a: Corviknight\n|-resisted|p1a: Corviknight\n|-damage|p1a: Corviknight|82\/100\n|-unboost|p2a: Purple man|spa|2\n|\n|-heal|p1a: Corviknight|88\/100|[from] item: Leftovers\n|upkeep\n|turn|17\n|c|\u2606escarleteviolete|the children\n|c|\u2606escarleteviolete|omg\n|\n|t:|1698792633\n|move|p1a: Corviknight|Body Press|p2a: Purple man\n|-damage|p2a: Purple man|0 fnt\n|faint|p2a: Purple man\n|\n|-heal|p1a: Corviknight|95\/100|[from] item: Leftovers\n|upkeep\n|c|\u2606Tom De Anti-furry|The children got him mad\n|c|\u2606Tom De Anti-furry|..\n|\n|t:|1698792639\n|switch|p2a: Shield Girl|Zamazenta|100\/100\n|-ability|p2a: Shield Girl|Dauntless Shield|boost\n|-boost|p2a: Shield Girl|def|1\n|turn|18\n|\n|t:|1698792658\n|move|p2a: Shield Girl|Wild Charge|p1a: Corviknight\n|-supereffective|p1a: Corviknight\n|-damage|p1a: Corviknight|58\/100\n|-damage|p2a: Shield Girl|89\/100|[from] Recoil\n|move|p1a: Corviknight|Body Press|p2a: Shield Girl\n|-damage|p2a: Shield Girl|72\/100\n|\n|-heal|p2a: Shield Girl|79\/100|[from] item: Leftovers\n|-heal|p1a: Corviknight|64\/100|[from] item: Leftovers\n|upkeep\n|turn|19\n|c|\u2606Tom De Anti-furry|He gone...\n|c|\u2606escarleteviolete|one zillion defense\n|\n|t:|1698792677\n|move|p2a: Shield Girl|Bite|p1a: Corviknight\n|-damage|p1a: Corviknight|53\/100\n|move|p1a: Corviknight|Roost|p1a: Corviknight\n|-heal|p1a: Corviknight|100\/100\n|-singleturn|p1a: Corviknight|move: Roost\n|\n|-heal|p2a: Shield Girl|85\/100|[from] item: Leftovers\n|upkeep\n|turn|20\n|c|\u2606Tom De Anti-furry|SPEED\n|\n|t:|1698792697\n|move|p2a: Shield Girl|Agility|p2a: Shield Girl\n|-boost|p2a: Shield Girl|spe|2\n|move|p1a: Corviknight|U-turn|p2a: Shield Girl\n|-resisted|p2a: Shield Girl\n|-damage|p2a: Shield Girl|80\/100\n|\n|t:|1698792712\n|switch|p1a: Breloom|Breloom, M|100\/100|[from] U-turn\n|\n|-heal|p2a: Shield Girl|86\/100|[from] item: Leftovers\n|-status|p1a: Breloom|tox|[from] item: Toxic Orb\n|upkeep\n|turn|21\n|c|\u2606escarleteviolete|mushroom\n|\n|t:|1698792725\n|move|p2a: Shield Girl|Heavy Slam|p1a: Breloom\n|-damage|p1a: Breloom|64\/100 tox\n|move|p1a: Breloom|Spore|p2a: Shield Girl\n|-status|p2a: Shield Girl|slp|[from] move: Spore\n|\n|-heal|p2a: Shield Girl|92\/100 slp|[from] item: Leftovers\n|-heal|p1a: Breloom|76\/100 tox|[from] ability: Poison Heal\n|upkeep\n|turn|22\n|\n|t:|1698792756\n|-singleturn|p1a: Breloom|move: Focus Punch\n|cant|p2a: Shield Girl|slp\n|move|p1a: Breloom|Focus Punch|p2a: Shield Girl\n|-damage|p2a: Shield Girl|54\/100 slp\n|\n|-heal|p2a: Shield Girl|60\/100 slp|[from] item: Leftovers\n|-heal|p1a: Breloom|88\/100 tox|[from] ability: Poison Heal\n|upkeep\n|turn|23\n|c|\u2606Tom De Anti-furry|Come on\n|\n|t:|1698792775\n|switch|p1a: Jirachi|Jirachi|81\/100\n|cant|p2a: Shield Girl|slp\n|\n|-heal|p2a: Shield Girl|67\/100 slp|[from] item: Leftovers\n|-heal|p1a: Jirachi|87\/100|[from] item: Leftovers\n|upkeep\n|turn|24\n|c|\u2606escarleteviolete|i gonna jirachi...\n|c|\u2606escarleteviolete|grr\n|\n|t:|1698792784\n|cant|p2a: Shield Girl|slp\n|move|p1a: Jirachi|Body Slam|p2a: Shield Girl\n|-damage|p2a: Shield Girl|54\/100 slp\n|\n|-heal|p2a: Shield Girl|60\/100 slp|[from] item: Leftovers\n|-heal|p1a: Jirachi|94\/100|[from] item: Leftovers\n|upkeep\n|turn|25\n|c|\u2606Tom De Anti-furry|Come on\n|\n|t:|1698792792\n|-curestatus|p2a: Shield Girl|slp|[msg]\n|move|p2a: Shield Girl|Wild Charge|p1a: Jirachi\n|-damage|p1a: Jirachi|70\/100\n|-damage|p2a: Shield Girl|53\/100|[from] Recoil\n|move|p1a: Jirachi|Iron Head|p2a: Shield Girl\n|-damage|p2a: Shield Girl|36\/100\n|\n|-heal|p2a: Shield Girl|43\/100|[from] item: Leftovers\n|-heal|p1a: Jirachi|76\/100|[from] item: Leftovers\n|upkeep\n|turn|26\n|c|\u2606Tom De Anti-furry|Wakey wakey\n|\n|t:|1698792803\n|move|p2a: Shield Girl|Heavy Slam|p1a: Jirachi\n|-resisted|p1a: Jirachi\n|-damage|p1a: Jirachi|58\/100\n|move|p1a: Jirachi|Iron Head|p2a: Shield Girl\n|-damage|p2a: Shield Girl|24\/100\n|\n|-heal|p2a: Shield Girl|30\/100|[from] item: Leftovers\n|-heal|p1a: Jirachi|64\/100|[from] item: Leftovers\n|upkeep\n|turn|27\n|\n|t:|1698792811\n|move|p2a: Shield Girl|Bite|p1a: Jirachi\n|-supereffective|p1a: Jirachi\n|-damage|p1a: Jirachi|31\/100\n|move|p1a: Jirachi|Iron Head|p2a: Shield Girl\n|-damage|p2a: Shield Girl|14\/100\n|\n|-heal|p2a: Shield Girl|20\/100|[from] item: Leftovers\n|-heal|p1a: Jirachi|37\/100|[from] item: Leftovers\n|upkeep\n|turn|28\n|\n|t:|1698792823\n|move|p1a: Jirachi|Protect|p1a: Jirachi\n|-singleturn|p1a: Jirachi|Protect\n|move|p2a: Shield Girl|Bite|p1a: Jirachi\n|-activate|p1a: Jirachi|move: Protect\n|\n|-heal|p2a: Shield Girl|26\/100|[from] item: Leftovers\n|-heal|p1a: Jirachi|43\/100|[from] item: Leftovers\n|upkeep\n|turn|29\n|\n|t:|1698792831\n|switch|p1a: Corviknight|Corviknight, M|100\/100\n|-ability|p1a: Corviknight|Pressure\n|move|p2a: Shield Girl|Bite|p1a: Corviknight\n|-damage|p1a: Corviknight|88\/100\n|\n|-heal|p2a: Shield Girl|32\/100|[from] item: Leftovers\n|-heal|p1a: Corviknight|94\/100|[from] item: Leftovers\n|upkeep\n|turn|30\n|c|\u2606Tom De Anti-furry|FREAK YOU PROTECT\n|\n|t:|1698792850\n|move|p2a: Shield Girl|Wild Charge|p1a: Corviknight\n|-supereffective|p1a: Corviknight\n|-damage|p1a: Corviknight|58\/100\n|-damage|p2a: Shield Girl|21\/100|[from] Recoil\n|move|p1a: Corviknight|Body Press|p2a: Shield Girl\n|-damage|p2a: Shield Girl|4\/100\n|\n|-heal|p2a: Shield Girl|10\/100|[from] item: Leftovers\n|-heal|p1a: Corviknight|64\/100|[from] item: Leftovers\n|upkeep\n|turn|31\n|c|\u2606escarleteviolete|its so oer\n|c|\u2606escarleteviolete|for shield girl\n|c|\u2606Tom De Anti-furry|Her boyfriend will avenge her\n|\n|t:|1698792876\n|move|p2a: Shield Girl|Heavy Slam|p1a: Corviknight\n|-resisted|p1a: Corviknight\n|-damage|p1a: Corviknight|58\/100\n|move|p1a: Corviknight|Body Press|p2a: Shield Girl\n|-damage|p2a: Shield Girl|0 fnt\n|faint|p2a: Shield Girl\n|\n|-heal|p1a: Corviknight|64\/100|[from] item: Leftovers\n|upkeep\n|\n|t:|1698792879\n|switch|p2a: Shield Man|Zamazenta-Crowned|100\/100\n|-ability|p2a: Shield Man|Dauntless Shield|boost\n|-boost|p2a: Shield Man|def|1\n|turn|32\n|\n|t:|1698792891\n|move|p2a: Shield Man|Behemoth Bash|p1a: Corviknight\n|-resisted|p1a: Corviknight\n|-damage|p1a: Corviknight|49\/100\n|move|p1a: Corviknight|Roost|p1a: Corviknight\n|-heal|p1a: Corviknight|99\/100\n|-singleturn|p1a: Corviknight|move: Roost\n|\n|-heal|p1a: Corviknight|100\/100|[from] item: Leftovers\n|upkeep\n|turn|33\n|c|\u2606escarleteviolete|roost\n|n|!Tom De Anti-furry|tomdeantifurry\n|\n|t:|1698792912\n|move|p2a: Shield Man|Bite|p1a: Corviknight\n|-damage|p1a: Corviknight|89\/100\n|move|p1a: Corviknight|U-turn|p2a: Shield Man\n|-resisted|p2a: Shield Man\n|-damage|p2a: Shield Man|99\/100\n|\n|t:|1698792924\n|switch|p1a: Toxapex|Toxapex, M|81\/100|[from] U-turn\n|\n|-heal|p1a: Toxapex|87\/100|[from] item: Black Sludge\n|upkeep\n|turn|34\n|\n|t:|1698792932\n|move|p2a: Shield Man|Behemoth Bash|p1a: Toxapex\n|-resisted|p1a: Toxapex\n|-damage|p1a: Toxapex|72\/100\n|move|p1a: Toxapex|Toxic|p2a: Shield Man\n|-immune|p2a: Shield Man\n|\n|-heal|p1a: Toxapex|78\/100|[from] item: Black Sludge\n|upkeep\n|turn|35\n|\n|t:|1698792945\n|move|p2a: Shield Man|Wild Charge|p1a: Toxapex\n|-supereffective|p1a: Toxapex\n|-damage|p1a: Toxapex|44\/100\n|-damage|p2a: Shield Man|91\/100|[from] Recoil\n|move|p1a: Toxapex|Gunk Shot|p2a: Shield Man\n|-immune|p2a: Shield Man\n|\n|-heal|p1a: Toxapex|50\/100|[from] item: Black Sludge\n|upkeep\n|turn|36\n|c|\u2606escarleteviolete|why are the all immune wth\n|\n|t:|1698792961\n|switch|p1a: Gliscor|Gliscor, F|100\/100 tox\n|move|p2a: Shield Man|Wild Charge|p1a: Gliscor\n|-immune|p1a: Gliscor\n|\n|upkeep\n|turn|37\n|\n|t:|1698792970\n|move|p2a: Shield Man|Behemoth Bash|p1a: Gliscor\n|-damage|p1a: Gliscor|70\/100 tox\n|move|p1a: Gliscor|Earthquake|p2a: Shield Man\n|-supereffective|p2a: Shield Man\n|-damage|p2a: Shield Man|53\/100\n|\n|-heal|p1a: Gliscor|82\/100 tox|[from] ability: Poison Heal\n|upkeep\n|turn|38\n|\n|t:|1698792979\n|move|p1a: Gliscor|Protect|p1a: Gliscor\n|-singleturn|p1a: Gliscor|Protect\n|move|p2a: Shield Man|Behemoth Bash|p1a: Gliscor\n|-activate|p1a: Gliscor|move: Protect\n|\n|-heal|p1a: Gliscor|95\/100 tox|[from] ability: Poison Heal\n|upkeep\n|turn|39\n|c|\u2606escarleteviolete|i found the strat\n|\n|t:|1698792995\n|move|p2a: Shield Man|Heavy Slam|p1a: Gliscor\n|-damage|p1a: Gliscor|56\/100 tox\n|move|p1a: Gliscor|Earthquake|p2a: Shield Man\n|-supereffective|p2a: Shield Man\n|-damage|p2a: Shield Man|20\/100\n|\n|-heal|p1a: Gliscor|68\/100 tox|[from] ability: Poison Heal\n|upkeep\n|turn|40\n|\n|t:|1698793005\n|-terastallize|p2a: Shield Man|Fighting\n|move|p1a: Gliscor|Protect|p1a: Gliscor\n|-singleturn|p1a: Gliscor|Protect\n|move|p2a: Shield Man|Wild Charge|p1a: Gliscor\n|-activate|p1a: Gliscor|move: Protect\n|\n|-heal|p1a: Gliscor|80\/100 tox|[from] ability: Poison Heal\n|upkeep\n|turn|41\n|\n|t:|1698793014\n|move|p2a: Shield Man|Bite|p1a: Gliscor\n|-damage|p1a: Gliscor|67\/100 tox\n|move|p1a: Gliscor|Earthquake|p2a: Shield Man\n|-damage|p2a: Shield Man|3\/100\n|\n|-heal|p1a: Gliscor|80\/100 tox|[from] ability: Poison Heal\n|upkeep\n|turn|42\n|\n|t:|1698793023\n|move|p2a: Shield Man|Behemoth Bash|p1a: Gliscor\n|-damage|p1a: Gliscor|49\/100 tox\n|move|p1a: Gliscor|Earthquake|p2a: Shield Man\n|-damage|p2a: Shield Man|0 fnt\n|faint|p2a: Shield Man\n|\n|-heal|p1a: Gliscor|62\/100 tox|[from] ability: Poison Heal\n|upkeep\n|\n|t:|1698793031\n|switch|p2a: Sword man|Zacian-Crowned|100\/100\n|-ability|p2a: Sword man|Intrepid Sword|boost\n|-boost|p2a: Sword man|atk|1\n|turn|43\n|\n|t:|1698793041\n|move|p1a: Gliscor|Protect|p1a: Gliscor\n|-singleturn|p1a: Gliscor|Protect\n|move|p2a: Sword man|Swords Dance|p2a: Sword man\n|-boost|p2a: Sword man|atk|2\n|\n|-heal|p1a: Gliscor|74\/100 tox|[from] ability: Poison Heal\n|upkeep\n|turn|44\n|c|\u2606escarleteviolete|ok now thats dangerous\n|\n|t:|1698793056\n|move|p2a: Sword man|Behemoth Blade|p1a: Gliscor\n|-damage|p1a: Gliscor|0 fnt\n|faint|p1a: Gliscor\n|\n|upkeep\n|c|\u2606escarleteviolete|wth\n|\n|t:|1698793066\n|switch|p1a: Breloom|Breloom, M|88\/100 tox\n|turn|45\n|\n|t:|1698793076\n|-terastallize|p1a: Breloom|Grass\n|-singleturn|p1a: Breloom|move: Focus Punch\n|move|p2a: Sword man|Behemoth Blade|p1a: Breloom\n|-damage|p1a: Breloom|0 fnt\n|faint|p1a: Breloom\n|\n|upkeep\n|\n|t:|1698793085\n|switch|p1a: Toxapex|Toxapex, M|84\/100\n|turn|46\n|c|\u2606escarleteviolete|pls..\n|\n|t:|1698793095\n|move|p2a: Sword man|Behemoth Blade|p1a: Toxapex\n|-resisted|p1a: Toxapex\n|-damage|p1a: Toxapex|38\/100\n|move|p1a: Toxapex|Toxic|p2a: Sword man\n|-immune|p2a: Sword man\n|\n|-heal|p1a: Toxapex|44\/100|[from] item: Black Sludge\n|upkeep\n|turn|47\n|\n|t:|1698793104\n|move|p2a: Sword man|Wild Charge|p1a: Toxapex\n|-supereffective|p1a: Toxapex\n|-damage|p1a: Toxapex|0 fnt\n|faint|p1a: Toxapex\n|-damage|p2a: Sword man|92\/100|[from] Recoil\n|\n|upkeep\n|\n|t:|1698793110\n|switch|p1a: Corviknight|Corviknight, M|89\/100\n|-ability|p1a: Corviknight|Pressure\n|turn|48\n|\n|t:|1698793118\n|move|p2a: Sword man|Behemoth Blade|p1a: Corviknight\n|-resisted|p1a: Corviknight\n|-damage|p1a: Corviknight|44\/100\n|move|p1a: Corviknight|Body Press|p2a: Sword man\n|-damage|p2a: Sword man|70\/100\n|\n|-heal|p1a: Corviknight|51\/100|[from] item: Leftovers\n|upkeep\n|turn|49\n|\n|t:|1698793127\n|move|p2a: Sword man|Behemoth Blade|p1a: Corviknight\n|-resisted|p1a: Corviknight\n|-damage|p1a: Corviknight|8\/100\n|move|p1a: Corviknight|Roost|p1a: Corviknight\n|-heal|p1a: Corviknight|58\/100\n|-singleturn|p1a: Corviknight|move: Roost\n|\n|-heal|p1a: Corviknight|65\/100|[from] item: Leftovers\n|upkeep\n|turn|50\n|\n|t:|1698793150\n|move|p2a: Sword man|Swords Dance|p2a: Sword man\n|-boost|p2a: Sword man|atk|2\n|move|p1a: Corviknight|Body Press|p2a: Sword man\n|-damage|p2a: Sword man|49\/100\n|\n|-heal|p1a: Corviknight|71\/100|[from] item: Leftovers\n|upkeep\n|turn|51\n|\n|t:|1698793160\n|move|p2a: Sword man|Behemoth Blade|p1a: Corviknight\n|-resisted|p1a: Corviknight\n|-damage|p1a: Corviknight|8\/100\n|move|p1a: Corviknight|Roost|p1a: Corviknight\n|-heal|p1a: Corviknight|58\/100\n|-singleturn|p1a: Corviknight|move: Roost\n|\n|-heal|p1a: Corviknight|64\/100|[from] item: Leftovers\n|upkeep\n|turn|52\n|\n|t:|1698793170\n|move|p2a: Sword man|Sacred Sword|p1a: Corviknight\n|-damage|p1a: Corviknight|0 fnt\n|faint|p1a: Corviknight\n|\n|upkeep\n|\n|t:|1698793175\n|switch|p1a: Jirachi|Jirachi|43\/100\n|turn|53\n|c|\u2606escarleteviolete|will i rlly\n|c|\u2606escarleteviolete|go out like this\n|c|\u2606escarleteviolete|use swords dance one more time\n|c|\u2606escarleteviolete|take me out with\n|c|\u2606escarleteviolete|4x attack\n|c|\u2606escarleteviolete|:pleading_face:\n|\n|t:|1698793203\n|move|p2a: Sword man|Swords Dance|p2a: Sword man\n|-boost|p2a: Sword man|atk|1\n|move|p1a: Jirachi|Wish|p1a: Jirachi\n|\n|-heal|p1a: Jirachi|50\/100|[from] item: Leftovers\n|upkeep\n|turn|54\n|\n|t:|1698793210\n|move|p1a: Jirachi|Protect|p1a: Jirachi\n|-singleturn|p1a: Jirachi|Protect\n|move|p2a: Sword man|Sacred Sword|p1a: Jirachi\n|-activate|p1a: Jirachi|move: Protect\n|\n|-heal|p1a: Jirachi|99\/100|[from] move: Wish|[wisher] Jirachi\n|-heal|p1a: Jirachi|100\/100|[from] item: Leftovers\n|upkeep\n|turn|55\n|c|\u2606escarleteviolete|betrayal\n|\n|t:|1698793219\n|move|p2a: Sword man|Sacred Sword|p1a: Jirachi\n|-damage|p1a: Jirachi|0 fnt\n|faint|p1a: Jirachi\n|\n|win|Tom De Anti-furry\n|raw|escarleteviolete's rating: 1149 &rarr; <strong>1128<\/strong><br \/>(-21 for losing)\n|raw|Tom De Anti-furry's rating: 1207 &rarr; <strong>1228<\/strong><br \/>(+21 for winning)\n","uploadtime":1698792903,"views":2,"p1id":"escarleteviolete","p2id":"tomdeantifurry","formatid":"gen9anythinggoes","rating":1128,"private":0,"password":""}