{"id":"gen9anythinggoes-1978763817","p1":"Feraligators","p2":"AGisgood\u82cd\u54cd\u4fa0","format":"[Gen 9] Anything Goes","log":"|j|\u2606Feraligators\n|j|\u2606AGisgood\u82cd\u54cd\u4fa0\n|t:|1698592294\n|gametype|singles\n|player|p1|Feraligators|hooligans|1708\n|player|p2|AGisgood\u82cd\u54cd\u4fa0|cynthia-masters|1704\n|teamsize|p1|6\n|teamsize|p2|6\n|gen|9\n|tier|[Gen 9] Anything Goes\n|rated|\n|rule|HP Percentage Mod: HP is shown in percentages\n|rule|Endless Battle Clause: Forcing endless battles is banned\n|clearpoke\n|poke|p1|Calyrex-Shadow|\n|poke|p1|Arceus|\n|poke|p1|Koraidon|\n|poke|p1|Ditto|\n|poke|p1|Ting-Lu|\n|poke|p1|Miraidon|\n|poke|p2|Calyrex-Shadow|\n|poke|p2|Arceus|\n|poke|p2|Koraidon|\n|poke|p2|Arceus-Ground|\n|poke|p2|Miraidon|\n|poke|p2|Ribombee, M|\n|teampreview\n|inactive|Battle timer is ON: inactive players will automatically lose when time's up. (requested by AGisgood\u82cd\u54cd\u4fa0)\n|\n|t:|1698592310\n|start\n|switch|p1a: Disguise Da Limit|Ditto, shiny|100\/100\n|switch|p2a: Ribombee|Ribombee, M|100\/100\n|-transform|p1a: Disguise Da Limit|p2a: Ribombee|[from] ability: Imposter\n|turn|1\n|\n|t:|1698592316\n|move|p1a: Disguise Da Limit|Sticky Web|p2a: Ribombee\n|-sidestart|p2: AGisgood\u82cd\u54cd\u4fa0|move: Sticky Web\n|move|p2a: Ribombee|Stun Spore|p1a: Disguise Da Limit\n|-status|p1a: Disguise Da Limit|par\n|\n|upkeep\n|turn|2\n|\n|t:|1698592322\n|switch|p1a: Moose Of Ruin|Ting-Lu|100\/100\n|-ability|p1a: Moose Of Ruin|Vessel of Ruin\n|move|p2a: Ribombee|Sticky Web|p1a: Moose Of Ruin\n|-sidestart|p1: Feraligators|move: Sticky Web\n|\n|upkeep\n|turn|3\n|\n|t:|1698592324\n|move|p2a: Ribombee|Stun Spore|p1a: Moose Of Ruin\n|-status|p1a: Moose Of Ruin|par\n|move|p1a: Moose Of Ruin|Spikes|p2a: Ribombee\n|-sidestart|p2: AGisgood\u82cd\u54cd\u4fa0|Spikes\n|\n|upkeep\n|turn|4\n|\n|t:|1698592327\n|move|p2a: Ribombee|Moonblast|p1a: Moose Of Ruin\n|-supereffective|p1a: Moose Of Ruin\n|-damage|p1a: Moose Of Ruin|67\/100 par\n|move|p1a: Moose Of Ruin|Spikes|p2a: Ribombee\n|-sidestart|p2: AGisgood\u82cd\u54cd\u4fa0|Spikes\n|\n|-heal|p1a: Moose Of Ruin|73\/100 par|[from] item: Leftovers\n|upkeep\n|turn|5\n|\n|t:|1698592329\n|move|p2a: Ribombee|Moonblast|p1a: Moose Of Ruin\n|-supereffective|p1a: Moose Of Ruin\n|-damage|p1a: Moose Of Ruin|38\/100 par\n|move|p1a: Moose Of Ruin|Spikes|p2a: Ribombee\n|-sidestart|p2: AGisgood\u82cd\u54cd\u4fa0|Spikes\n|\n|-heal|p1a: Moose Of Ruin|44\/100 par|[from] item: Leftovers\n|upkeep\n|turn|6\n|\n|t:|1698592332\n|move|p2a: Ribombee|Moonblast|p1a: Moose Of Ruin\n|-supereffective|p1a: Moose Of Ruin\n|-damage|p1a: Moose Of Ruin|13\/100 par\n|move|p1a: Moose Of Ruin|Whirlwind|p2a: Ribombee\n|drag|p2a: Koraidon|Koraidon|100\/100\n|-activate|p2a: Koraidon|move: Sticky Web\n|-unboost|p2a: Koraidon|spe|1\n|-damage|p2a: Koraidon|75\/100|[from] Spikes\n|-weather|SunnyDay|[from] ability: Orichalcum Pulse|[of] p2a: Koraidon\n|-activate|p2a: Koraidon|Orichalcum Pulse|[source]\n|\n|-weather|SunnyDay|[upkeep]\n|-heal|p1a: Moose Of Ruin|19\/100 par|[from] item: Leftovers\n|upkeep\n|turn|7\n|\n|t:|1698592336\n|move|p2a: Koraidon|Scale Shot|p1a: Moose Of Ruin\n|-damage|p1a: Moose Of Ruin|8\/100 par\n|-damage|p1a: Moose Of Ruin|0 fnt\n|faint|p1a: Moose Of Ruin\n|-hitcount|p1: Moose Of Ruin|2\n|-unboost|p2a: Koraidon|def|1\n|-boost|p2a: Koraidon|spe|1\n|\n|-weather|SunnyDay|[upkeep]\n|upkeep\n|\n|t:|1698592348\n|switch|p1a: Miraidon|Miraidon|100\/100\n|-activate|p1a: Miraidon|move: Sticky Web\n|-unboost|p1a: Miraidon|spe|1\n|-fieldstart|move: Electric Terrain|[from] ability: Hadron Engine|[of] p1a: Miraidon\n|turn|8\n|\n|t:|1698592357\n|move|p1a: Miraidon|Electro Drift|p2a: Koraidon\n|-resisted|p2a: Koraidon\n|-damage|p2a: Koraidon|37\/100\n|move|p2a: Koraidon|Scale Shot|p1a: Miraidon\n|-supereffective|p1a: Miraidon\n|-damage|p1a: Miraidon|64\/100\n|-supereffective|p1a: Miraidon\n|-damage|p1a: Miraidon|24\/100\n|-supereffective|p1a: Miraidon\n|-damage|p1a: Miraidon|0 fnt\n|faint|p1a: Miraidon\n|-hitcount|p1: Miraidon|3\n|-unboost|p2a: Koraidon|def|1\n|-boost|p2a: Koraidon|spe|1\n|\n|-weather|SunnyDay|[upkeep]\n|upkeep\n|\n|t:|1698592366\n|switch|p1a: Dreadful Destroyer|Koraidon|100\/100\n|-activate|p1a: Dreadful Destroyer|move: Sticky Web\n|-unboost|p1a: Dreadful Destroyer|spe|1\n|-activate|p1a: Dreadful Destroyer|ability: Orichalcum Pulse\n|turn|9\n|\n|t:|1698592371\n|-terastallize|p1a: Dreadful Destroyer|Fire\n|move|p2a: Koraidon|Scale Shot|p1a: Dreadful Destroyer\n|-damage|p1a: Dreadful Destroyer|86\/100\n|-damage|p1a: Dreadful Destroyer|72\/100\n|-damage|p1a: Dreadful Destroyer|57\/100\n|-damage|p1a: Dreadful Destroyer|44\/100\n|-hitcount|p1a: Dreadful Destroyer|4\n|-unboost|p2a: Koraidon|def|1\n|-boost|p2a: Koraidon|spe|1\n|move|p1a: Dreadful Destroyer|Scale Shot|p2a: Koraidon\n|-supereffective|p2a: Koraidon\n|-damage|p2a: Koraidon|0 fnt\n|faint|p2a: Koraidon\n|-hitcount|p2: Koraidon|1\n|-unboost|p1a: Dreadful Destroyer|def|1\n|-boost|p1a: Dreadful Destroyer|spe|1\n|\n|-weather|SunnyDay|[upkeep]\n|upkeep\n|\n|t:|1698592380\n|switch|p2a: Calyrex|Calyrex-Shadow|100\/100\n|-ability|p2a: Calyrex|As One\n|-ability|p2a: Calyrex|Unnerve\n|turn|10\n|\n|t:|1698592409\n|move|p2a: Calyrex|Psychic|p1a: Dreadful Destroyer\n|-damage|p1a: Dreadful Destroyer|0 fnt\n|faint|p1a: Dreadful Destroyer\n|-ability|p2a: Calyrex|Grim Neigh|boost\n|-boost|p2a: Calyrex|spa|1\n|\n|-weather|none\n|upkeep\n|inactive|Feraligators has 120 seconds left.\n|\n|t:|1698592428\n|switch|p1a: Light of Hope|Arceus|100\/100\n|-activate|p1a: Light of Hope|move: Sticky Web\n|-unboost|p1a: Light of Hope|spe|1\n|turn|11\n|\n|t:|1698592432\n|-terastallize|p2a: Calyrex|Fighting\n|move|p2a: Calyrex|Tera Blast|p1a: Light of Hope|[anim] Tera Blast Fighting\n|-supereffective|p1a: Light of Hope\n|-damage|p1a: Light of Hope|5\/100\n|move|p1a: Light of Hope|Earthquake|p2a: Calyrex\n|-damage|p2a: Calyrex|60\/100\n|\n|-heal|p1a: Light of Hope|11\/100|[from] item: Leftovers\n|upkeep\n|turn|12\n|\n|t:|1698592441\n|move|p1a: Light of Hope|Extreme Speed|p2a: Calyrex\n|-damage|p2a: Calyrex|7\/100\n|move|p2a: Calyrex|Tera Blast|p1a: Light of Hope|[anim] Tera Blast Fighting\n|-supereffective|p1a: Light of Hope\n|-damage|p1a: Light of Hope|0 fnt\n|faint|p1a: Light of Hope\n|-ability|p2a: Calyrex|Grim Neigh|boost\n|-boost|p2a: Calyrex|spa|1\n|\n|-fieldend|move: Electric Terrain\n|upkeep\n|\n|t:|1698592445\n|switch|p1a: Shadow Knight|Calyrex-Shadow|100\/100\n|-ability|p1a: Shadow Knight|As One\n|-ability|p1a: Shadow Knight|Unnerve\n|-activate|p1a: Shadow Knight|move: Sticky Web\n|-unboost|p1a: Shadow Knight|spe|1\n|turn|13\n|\n|t:|1698592448\n|move|p2a: Calyrex|Astral Barrage|p1a: Shadow Knight\n|-supereffective|p1a: Shadow Knight\n|-damage|p1a: Shadow Knight|0 fnt\n|faint|p1a: Shadow Knight\n|-ability|p2a: Calyrex|Grim Neigh|boost\n|-boost|p2a: Calyrex|spa|1\n|\n|upkeep\n|\n|t:|1698592450\n|switch|p1a: Disguise Da Limit|Ditto, shiny|100\/100 par\n|-activate|p1a: Disguise Da Limit|move: Sticky Web\n|-unboost|p1a: Disguise Da Limit|spe|1\n|-transform|p1a: Disguise Da Limit|p2a: Calyrex|[from] ability: Imposter\n|-start|p1a: Disguise Da Limit|typechange|Psychic\/Ghost|[silent]\n|turn|14\n|\n|t:|1698592452\n|move|p2a: Calyrex|Astral Barrage|p1a: Disguise Da Limit\n|-supereffective|p1a: Disguise Da Limit\n|-damage|p1a: Disguise Da Limit|0 fnt\n|faint|p1a: Disguise Da Limit\n|\n|win|AGisgood\u82cd\u54cd\u4fa0\n|raw|Feraligators's rating: 1708 &rarr; <strong>1688<\/strong><br \/>(-20 for losing)\n|raw|AGisgood\u82cd\u54cd\u4fa0's rating: 1704 &rarr; <strong>1724<\/strong><br \/>(+20 for winning)\n|l|\u2606AGisgood\u82cd\u54cd\u4fa0\n|c|\u2606Feraligators|Ah gg\n|l|\u2606Feraligators\n","uploadtime":1698592507,"views":8,"p1id":"feraligators","p2id":"agisgood","formatid":"gen9anythinggoes","rating":1688,"private":0,"password":""}