{"id":"gen9anythinggoes-1978010592","p1":"markeab","p2":"hindi movie and","format":"[Gen 9] Anything Goes","log":"|j|\u2606markeab\n|j|\u2606hindi movie and\n|t:|1698483885\n|gametype|singles\n|player|p1|markeab|ghetsis|1116\n|player|p2|hindi movie and|265|1000\n|teamsize|p1|6\n|teamsize|p2|6\n|gen|9\n|tier|[Gen 9] Anything Goes\n|rated|\n|rule|HP Percentage Mod: HP is shown in percentages\n|rule|Endless Battle Clause: Forcing endless battles is banned\n|clearpoke\n|poke|p1|Snorlax, M|\n|poke|p1|Mimikyu, F|\n|poke|p1|Mandibuzz, F|\n|poke|p1|Medicham, M|\n|poke|p1|Hatterene, F|\n|poke|p1|Toxapex, F|\n|poke|p2|Giratina-Origin|\n|poke|p2|Darkrai|\n|poke|p2|Landorus-Therian, M|\n|poke|p2|Zoroark-Hisui, M|\n|poke|p2|Zamazenta-*|\n|poke|p2|Regieleki|\n|teampreview\n|inactive|Battle timer is ON: inactive players will automatically lose when time's up. (requested by markeab)\n|c|\u2606markeab|Skill isue\n|inactive|hindi movie and has 120 seconds left.\n|\n|t:|1698483917\n|start\n|switch|p1a: Toxapex|Toxapex, F, shiny|100\/100\n|switch|p2a: Darkrai|Darkrai|100\/100\n|turn|1\n|\n|t:|1698483939\n|move|p2a: Darkrai|Sucker Punch||[still]\n|-fail|p2a: Darkrai\n|move|p1a: Toxapex|Toxic Spikes|p2a: Darkrai\n|-sidestart|p2: hindi movie and|move: Toxic Spikes\n|\n|upkeep\n|turn|2\n|\n|t:|1698483949\n|move|p1a: Toxapex|Baneful Bunker|p1a: Toxapex\n|-singleturn|p1a: Toxapex|move: Protect\n|move|p2a: Darkrai|Sucker Punch||[still]\n|-fail|p2a: Darkrai\n|\n|upkeep\n|turn|3\n|\n|t:|1698483963\n|switch|p1a: Snorlax|Snorlax, M, shiny|100\/100\n|-singleturn|p2a: Darkrai|move: Focus Punch\n|move|p2a: Darkrai|Focus Punch|p1a: Snorlax\n|-supereffective|p1a: Snorlax\n|-damage|p1a: Snorlax|34\/100\n|-enditem|p1a: Snorlax|Sitrus Berry|[eat]\n|-heal|p1a: Snorlax|59\/100|[from] item: Sitrus Berry\n|\n|upkeep\n|turn|4\n|\n|t:|1698483989\n|-terastallize|p1a: Snorlax|Ghost\n|move|p2a: Darkrai|Brick Break|p1a: Snorlax\n|-immune|p1a: Snorlax\n|move|p1a: Snorlax|Body Press|p2a: Darkrai\n|-supereffective|p2a: Darkrai\n|-damage|p2a: Darkrai|69\/100\n|\n|upkeep\n|turn|5\n|\n|t:|1698483999\n|move|p2a: Darkrai|Sucker Punch|p1a: Snorlax\n|-supereffective|p1a: Snorlax\n|-damage|p1a: Snorlax|18\/100\n|move|p1a: Snorlax|Body Press|p2a: Darkrai\n|-supereffective|p2a: Darkrai\n|-damage|p2a: Darkrai|37\/100\n|\n|upkeep\n|turn|6\n|\n|t:|1698484010\n|switch|p1a: Medicham|Medicham, M, shiny|100\/100\n|-singleturn|p2a: Darkrai|move: Focus Punch\n|move|p2a: Darkrai|Focus Punch|p1a: Medicham\n|-resisted|p1a: Medicham\n|-damage|p1a: Medicham|78\/100\n|\n|upkeep\n|turn|7\n|\n|t:|1698484020\n|move|p1a: Medicham|Fake Out|p2a: Darkrai\n|-damage|p2a: Darkrai|14\/100\n|-enditem|p2a: Darkrai|Iapapa Berry|[eat]\n|-heal|p2a: Darkrai|47\/100|[from] item: Iapapa Berry\n|cant|p2a: Darkrai|flinch\n|\n|upkeep\n|turn|8\n|\n|t:|1698484028\n|move|p2a: Darkrai|Sucker Punch|p1a: Medicham\n|-damage|p1a: Medicham|46\/100\n|move|p1a: Medicham|High Jump Kick|p2a: Darkrai\n|-supereffective|p2a: Darkrai\n|-crit|p2a: Darkrai\n|-damage|p2a: Darkrai|0 fnt\n|faint|p2a: Darkrai\n|\n|upkeep\n|\n|t:|1698484038\n|switch|p2a: Giratina|Giratina-Origin|100\/100\n|turn|9\n|\n|t:|1698484047\n|switch|p1a: Hatterene|Hatterene, F, shiny|100\/100\n|move|p2a: Giratina|Shadow Ball|p1a: Hatterene\n|-supereffective|p1a: Hatterene\n|-damage|p1a: Hatterene|15\/100\n|\n|-heal|p1a: Hatterene|21\/100|[from] item: Leftovers\n|upkeep\n|turn|10\n|\n|t:|1698484064\n|switch|p1a: Mandibuzz|Mandibuzz, F, shiny|100\/100\n|-terastallize|p2a: Giratina|Ghost\n|move|p2a: Giratina|Shadow Ball|p1a: Mandibuzz\n|-resisted|p1a: Mandibuzz\n|-damage|p1a: Mandibuzz|78\/100\n|\n|-heal|p1a: Mandibuzz|84\/100|[from] item: Leftovers\n|upkeep\n|turn|11\n|\n|t:|1698484078\n|move|p1a: Mandibuzz|Foul Play|p2a: Giratina\n|-supereffective|p2a: Giratina\n|-damage|p2a: Giratina|48\/100\n|move|p2a: Giratina|Draco Meteor|p1a: Mandibuzz\n|-damage|p1a: Mandibuzz|28\/100\n|-unboost|p2a: Giratina|spa|2\n|\n|-heal|p1a: Mandibuzz|34\/100|[from] item: Leftovers\n|upkeep\n|turn|12\n|\n|t:|1698484091\n|switch|p2a: Regieleki|Regieleki|100\/100\n|-status|p2a: Regieleki|psn\n|move|p1a: Mandibuzz|Foul Play|p2a: Regieleki\n|-damage|p2a: Regieleki|44\/100 psn\n|\n|-heal|p1a: Mandibuzz|40\/100|[from] item: Leftovers\n|-damage|p2a: Regieleki|32\/100 psn|[from] psn\n|upkeep\n|turn|13\n|\n|t:|1698484104\n|move|p1a: Mandibuzz|Protect|p1a: Mandibuzz\n|-singleturn|p1a: Mandibuzz|Protect\n|move|p2a: Regieleki|Wild Charge|p1a: Mandibuzz\n|-activate|p1a: Mandibuzz|move: Protect\n|\n|-heal|p1a: Mandibuzz|46\/100|[from] item: Leftovers\n|-damage|p2a: Regieleki|19\/100 psn|[from] psn\n|upkeep\n|turn|14\n|inactive|markeab has 120 seconds left.\n|\n|t:|1698484134\n|switch|p1a: Snorlax|Snorlax, M, shiny, tera:Ghost|18\/100\n|move|p2a: Regieleki|Explosion|p1a: Snorlax\n|-immune|p1a: Snorlax\n|faint|p2a: Regieleki\n|\n|upkeep\n|c|\u2606markeab|Hehe\n|l|\u2606hindi movie and\n|inactive|hindi movie and disconnected and has a minute to reconnect!\n|player|p2|\n|inactive|hindi movie and has 30 seconds to reconnect!\n|inactive|hindi movie and has 20 seconds to reconnect!\n|inactive|hindi movie and has 15 seconds to reconnect!\n|inactive|hindi movie and has 10 seconds to reconnect!\n|inactive|hindi movie and has 5 seconds to reconnect!\n|-message|hindi movie and lost due to inactivity.\n|\n|win|markeab\n|raw|markeab's rating: 1116 &rarr; <strong>1133<\/strong><br \/>(+17 for winning)\n|raw|hindi movie and's rating: 1000 &rarr; <strong>1000<\/strong><br \/>(+0 for losing)\n","uploadtime":1698484337,"views":13,"p1id":"markeab","p2id":"hindimovieand","formatid":"gen9anythinggoes","rating":1000,"private":0,"password":""}