{"id":"gen9anythinggoes-1984930321","p1":"gfdfdgsdsy","p2":"YoungEsq","format":"[Gen 9] Anything Goes","log":"|j|\u2606gfdfdgsdsy\n|j|\u2606YoungEsq\n|t:|1699311915\n|gametype|singles\n|player|p1|gfdfdgsdsy|2|1371\n|player|p2|YoungEsq|2|1365\n|teamsize|p1|6\n|teamsize|p2|6\n|gen|9\n|tier|[Gen 9] Anything Goes\n|rated|\n|rule|HP Percentage Mod: HP is shown in percentages\n|rule|Endless Battle Clause: Forcing endless battles is banned\n|clearpoke\n|poke|p1|Ninetales-Alola, F|\n|poke|p1|Baxcalibur, F|\n|poke|p1|Hattrem, F|\n|poke|p1|Cetitan, F|\n|poke|p1|Slowking-Galar, M|\n|poke|p1|Dialga|\n|poke|p2|Ting-Lu|\n|poke|p2|Gholdengo|\n|poke|p2|Roaring Moon|\n|poke|p2|Chi-Yu|\n|poke|p2|Samurott-Hisui, F|\n|poke|p2|Mandibuzz, F|\n|teampreview\n|\n|t:|1699311937\n|start\n|switch|p1a: Slowking|Slowking-Galar, M|100\/100\n|switch|p2a: Ting-Lu|Ting-Lu|100\/100\n|-ability|p2a: Ting-Lu|Vessel of Ruin\n|turn|1\n|\n|t:|1699311952\n|move|p2a: Ting-Lu|Stealth Rock|p1a: Slowking\n|-sidestart|p1: gfdfdgsdsy|move: Stealth Rock\n|move|p1a: Slowking|Chilly Reception|p1a: Slowking\n|-weather|Snow\n|\n|t:|1699311958\n|switch|p1a: Ninetales|Ninetales-Alola, F|100\/100|[from] Chilly Reception\n|-damage|p1a: Ninetales|76\/100|[from] Stealth Rock\n|\n|-weather|Snow|[upkeep]\n|upkeep\n|turn|2\n|\n|t:|1699311968\n|move|p1a: Ninetales|Roar|p2a: Ting-Lu\n|drag|p2a: Roaring Moon|Roaring Moon|100\/100\n|-enditem|p2a: Roaring Moon|Booster Energy\n|-activate|p2a: Roaring Moon|ability: Protosynthesis|[fromitem]\n|-start|p2a: Roaring Moon|protosynthesisatk\n|\n|-weather|Snow|[upkeep]\n|upkeep\n|turn|3\n|inactive|Battle timer is ON: inactive players will automatically lose when time's up. (requested by YoungEsq)\n|\n|t:|1699311981\n|-end|p2a: Roaring Moon|Protosynthesis|[silent]\n|switch|p2a: Ting-Lu|Ting-Lu|100\/100\n|-ability|p2a: Ting-Lu|Vessel of Ruin\n|move|p1a: Ninetales|Aurora Veil|p1a: Ninetales\n|-sidestart|p1: gfdfdgsdsy|move: Aurora Veil\n|\n|-weather|Snow|[upkeep]\n|upkeep\n|turn|4\n|\n|t:|1699311989\n|switch|p1a: Hattrem|Hattrem, F|100\/100\n|-damage|p1a: Hattrem|88\/100|[from] Stealth Rock\n|move|p2a: Ting-Lu|Whirlwind|p1a: Hattrem\n|move|p1a: Hattrem|Whirlwind|p2a: Ting-Lu|[from]ability: Magic Bounce\n|drag|p2a: Roaring Moon|Roaring Moon|100\/100\n|\n|-weather|Snow|[upkeep]\n|upkeep\n|turn|5\n|\n|t:|1699311997\n|-terastallize|p2a: Roaring Moon|Flying\n|move|p2a: Roaring Moon|Dragon Dance|p2a: Roaring Moon\n|-boost|p2a: Roaring Moon|atk|1\n|-boost|p2a: Roaring Moon|spe|1\n|move|p1a: Hattrem|Nuzzle|p2a: Roaring Moon\n|-supereffective|p2a: Roaring Moon\n|-damage|p2a: Roaring Moon|95\/100\n|-status|p2a: Roaring Moon|par\n|\n|-weather|Snow|[upkeep]\n|upkeep\n|turn|6\n|\n|t:|1699312005\n|cant|p2a: Roaring Moon|par\n|move|p1a: Hattrem|Trick Room|p1a: Hattrem\n|-fieldstart|move: Trick Room|[of] p1a: Hattrem\n|\n|-weather|Snow|[upkeep]\n|upkeep\n|turn|7\n|\n|t:|1699312013\n|switch|p1a: Slowking|Slowking-Galar, M|100\/100\n|-damage|p1a: Slowking|88\/100|[from] Stealth Rock\n|move|p2a: Roaring Moon|Dragon Dance|p2a: Roaring Moon\n|-boost|p2a: Roaring Moon|atk|1\n|-boost|p2a: Roaring Moon|spe|1\n|\n|-weather|Snow|[upkeep]\n|upkeep\n|turn|8\n|\n|t:|1699312017\n|move|p1a: Slowking|Foul Play|p2a: Roaring Moon\n|-damage|p2a: Roaring Moon|0 fnt\n|faint|p2a: Roaring Moon\n|-end|p2a: Roaring Moon|Protosynthesis|[silent]\n|\n|-weather|none\n|upkeep\n|-message|YoungEsq forfeited.\n|\n|win|gfdfdgsdsy\n|raw|gfdfdgsdsy's rating: 1371 &rarr; <strong>1391<\/strong><br \/>(+20 for winning)\n|raw|YoungEsq's rating: 1365 &rarr; <strong>1345<\/strong><br \/>(-20 for losing)\n|l|\u2606YoungEsq\n","uploadtime":1699312033,"views":4,"p1id":"gfdfdgsdsy","p2id":"youngesq","formatid":"gen9anythinggoes","rating":1345,"private":0,"password":""}