{"id":"gen9anythinggoes-1973742839","p1":"Crustles","p2":"kingdragon9571","format":"[Gen 9] Anything Goes","log":"|j|\u2606Crustles\n|j|\u2606kingdragon9571\n|t:|1698008903\n|gametype|singles\n|player|p1|Crustles|carmine-festival|1141\n|player|p2|kingdragon9571|169|1089\n|teamsize|p1|6\n|teamsize|p2|6\n|gen|9\n|tier|[Gen 9] Anything Goes\n|rated|\n|rule|HP Percentage Mod: HP is shown in percentages\n|rule|Endless Battle Clause: Forcing endless battles is banned\n|clearpoke\n|poke|p1|Miraidon|\n|poke|p1|Koraidon|\n|poke|p1|Ogerpon-Hearthflame, F|\n|poke|p1|Calyrex-Shadow|\n|poke|p1|Great Tusk|\n|poke|p1|Ditto|\n|poke|p2|Ditto|\n|poke|p2|Ditto|\n|poke|p2|Ditto|\n|poke|p2|Ditto|\n|poke|p2|Ditto|\n|poke|p2|Ditto|\n|teampreview\n|inactive|Battle timer is ON: inactive players will automatically lose when time's up. (requested by Crustles)\n|c|\u2606Crustles|oh no..\n|c|\u2606kingdragon9571|hi\n|c|\u2606Crustles|hi!\n|\n|t:|1698008931\n|start\n|switch|p1a: Calyrex|Calyrex-Shadow|100\/100\n|switch|p2a: Ditto|Ditto, shiny|100\/100\n|-ability|p1a: Calyrex|As One\n|-ability|p1a: Calyrex|Unnerve\n|-transform|p2a: Ditto|p1a: Calyrex|[from] ability: Imposter\n|turn|1\n|\n|t:|1698008945\n|-terastallize|p1a: Calyrex|Normal\n|move|p1a: Calyrex|Encore||[still]\n|-fail|p1a: Calyrex\n|move|p2a: Ditto|Astral Barrage|p1a: Calyrex\n|-immune|p1a: Calyrex\n|\n|upkeep\n|turn|2\n|c|\u2606Crustles|oh\n|c|\u2606Crustles|not scarfed\n|\n|t:|1698008957\n|-terastallize|p2a: Ditto|Normal\n|move|p1a: Calyrex|Astral Barrage|p2a: Ditto\n|-immune|p2a: Ditto\n|move|p2a: Ditto|Psyshock|p1a: Calyrex\n|-damage|p1a: Calyrex|40\/100\n|\n|upkeep\n|turn|3\n|c|\u2606kingdragon9571|i new\n|\n|t:|1698008972\n|switch|p1a: Miraidon|Miraidon|100\/100\n|-fieldstart|move: Electric Terrain|[from] ability: Hadron Engine|[of] p1a: Miraidon\n|move|p2a: Ditto|Psyshock|p1a: Miraidon\n|-damage|p1a: Miraidon|48\/100\n|\n|upkeep\n|turn|4\n|\n|t:|1698008989\n|move|p1a: Miraidon|Volt Switch|p2a: Ditto\n|-damage|p2a: Ditto|27\/100\n|\n|t:|1698008993\n|switch|p1a: Calyrex|Calyrex-Shadow, tera:Normal|40\/100|[from] Volt Switch\n|-ability|p1a: Calyrex|As One\n|-ability|p1a: Calyrex|Unnerve\n|move|p2a: Ditto|Psyshock|p1a: Calyrex\n|-damage|p1a: Calyrex|0 fnt\n|faint|p1a: Calyrex\n|-ability|p2a: Ditto|Grim Neigh|boost\n|-boost|p2a: Ditto|spa|1\n|\n|-heal|p2a: Ditto|33\/100|[from] item: Leftovers\n|upkeep\n|\n|t:|1698008997\n|switch|p1a: Miraidon|Miraidon|48\/100\n|-activate|p1a: Miraidon|ability: Hadron Engine\n|turn|5\n|\n|t:|1698009000\n|move|p1a: Miraidon|Volt Switch|p2a: Ditto\n|-damage|p2a: Ditto|0 fnt\n|faint|p2a: Ditto\n|\n|t:|1698009005\n|switch|p1a: Great Tusk|Great Tusk|100\/100|[from] Volt Switch\n|\n|upkeep\n|\n|t:|1698009009\n|switch|p2a: Ditto|Ditto, shiny|100\/100\n|-transform|p2a: Ditto|p1a: Great Tusk|[from] ability: Imposter\n|turn|6\n|\n|t:|1698009016\n|move|p1a: Great Tusk|Knock Off|p2a: Ditto\n|-resisted|p2a: Ditto\n|-damage|p2a: Ditto|90\/100\n|-enditem|p2a: Ditto|Leftovers|[from] move: Knock Off|[of] p1a: Great Tusk\n|move|p2a: Ditto|Earthquake|p1a: Great Tusk\n|-damage|p1a: Great Tusk|75\/100\n|\n|upkeep\n|turn|7\n|\n|t:|1698009035\n|-end|p1a: Great Tusk|Protosynthesis|[silent]\n|switch|p1a: Ogerpon|Ogerpon-Hearthflame, F|100\/100\n|-ability|p1a: Ogerpon|Mold Breaker\n|move|p2a: Ditto|Knock Off|p1a: Ogerpon\n|-damage|p1a: Ogerpon|74\/100\n|\n|-fieldend|move: Electric Terrain\n|upkeep\n|turn|8\n|\n|t:|1698009047\n|move|p1a: Ogerpon|Horn Leech|p2a: Ditto\n|-supereffective|p2a: Ditto\n|-damage|p2a: Ditto|32\/100\n|-heal|p1a: Ogerpon|100\/100|[from] drain|[of] p2a: Ditto\n|move|p2a: Ditto|Earthquake|p1a: Ogerpon\n|-damage|p1a: Ogerpon|40\/100\n|\n|upkeep\n|turn|9\n|\n|t:|1698009054\n|switch|p1a: Great Tusk|Great Tusk|75\/100\n|move|p2a: Ditto|Earthquake|p1a: Great Tusk\n|-damage|p1a: Great Tusk|51\/100\n|\n|upkeep\n|turn|10\n|\n|t:|1698009060\n|move|p1a: Great Tusk|Earthquake|p2a: Ditto\n|-damage|p2a: Ditto|1\/100\n|move|p2a: Ditto|Body Press|p1a: Great Tusk\n|-damage|p1a: Great Tusk|26\/100\n|\n|upkeep\n|turn|11\n|\n|t:|1698009067\n|move|p1a: Great Tusk|Body Press|p2a: Ditto\n|-damage|p2a: Ditto|0 fnt\n|faint|p2a: Ditto\n|-end|p2a: Ditto|Protosynthesis|[silent]\n|\n|upkeep\n|\n|t:|1698009069\n|switch|p2a: Ditto|Ditto, shiny|100\/100\n|-transform|p2a: Ditto|p1a: Great Tusk|[from] ability: Imposter\n|turn|12\n|\n|t:|1698009073\n|move|p1a: Great Tusk|Knock Off|p2a: Ditto\n|-resisted|p2a: Ditto\n|-damage|p2a: Ditto|90\/100\n|-enditem|p2a: Ditto|Leftovers|[from] move: Knock Off|[of] p1a: Great Tusk\n|move|p2a: Ditto|Body Press|p1a: Great Tusk\n|-damage|p1a: Great Tusk|2\/100\n|\n|upkeep\n|turn|13\n|\n|t:|1698009081\n|move|p2a: Ditto|Rapid Spin|p1a: Great Tusk\n|-damage|p1a: Great Tusk|0 fnt\n|-boost|p2a: Ditto|spe|1\n|faint|p1a: Great Tusk\n|-end|p1a: Great Tusk|Protosynthesis|[silent]\n|\n|upkeep\n|\n|t:|1698009093\n|switch|p1a: Koraidon|Koraidon|100\/100\n|-weather|SunnyDay|[from] ability: Orichalcum Pulse|[of] p1a: Koraidon\n|-activate|p1a: Koraidon|Orichalcum Pulse|[source]\n|turn|14\n|\n|t:|1698009103\n|move|p1a: Koraidon|Collision Course|p2a: Ditto\n|-damage|p2a: Ditto|44\/100\n|move|p2a: Ditto|Earthquake|p1a: Koraidon\n|-damage|p1a: Koraidon|61\/100\n|\n|-weather|SunnyDay|[upkeep]\n|upkeep\n|turn|15\n|\n|t:|1698009110\n|move|p1a: Koraidon|Collision Course|p2a: Ditto\n|-crit|p2a: Ditto\n|-damage|p2a: Ditto|0 fnt\n|faint|p2a: Ditto\n|-end|p2a: Ditto|Protosynthesis|[silent]\n|\n|-weather|SunnyDay|[upkeep]\n|upkeep\n|\n|t:|1698009114\n|switch|p2a: Ditto|Ditto, shiny|100\/100\n|-transform|p2a: Ditto|p1a: Koraidon|[from] ability: Imposter\n|-activate|p2a: Ditto|ability: Orichalcum Pulse\n|turn|16\n|\n|t:|1698009121\n|switch|p1a: Ogerpon|Ogerpon-Hearthflame, F|40\/100\n|-ability|p1a: Ogerpon|Mold Breaker\n|move|p2a: Ditto|Dragon Claw|p1a: Ogerpon\n|-damage|p1a: Ogerpon|0 fnt\n|faint|p1a: Ogerpon\n|\n|-weather|SunnyDay|[upkeep]\n|upkeep\n|\n|t:|1698009124\n|switch|p1a: Miraidon|Miraidon|48\/100\n|-fieldstart|move: Electric Terrain|[from] ability: Hadron Engine|[of] p1a: Miraidon\n|turn|17\n|\n|t:|1698009129\n|move|p1a: Miraidon|Dazzling Gleam|p2a: Ditto\n|-supereffective|p2a: Ditto\n|-damage|p2a: Ditto|0 fnt\n|faint|p2a: Ditto\n|\n|-weather|SunnyDay|[upkeep]\n|upkeep\n|\n|t:|1698009133\n|switch|p2a: Ditto|Ditto, shiny|100\/100\n|-transform|p2a: Ditto|p1a: Miraidon|[from] ability: Imposter\n|-activate|p2a: Ditto|ability: Hadron Engine\n|turn|18\n|\n|t:|1698009138\n|switch|p1a: Ditto|Ditto|100\/100\n|move|p2a: Ditto|Dazzling Gleam|p1a: Ditto\n|-damage|p1a: Ditto|19\/100\n|\n|-weather|none\n|upkeep\n|turn|19\n|\n|t:|1698009145\n|move|p2a: Ditto|Dazzling Gleam|p1a: Ditto\n|-damage|p1a: Ditto|0 fnt\n|faint|p1a: Ditto\n|\n|upkeep\n|\n|t:|1698009148\n|switch|p1a: Miraidon|Miraidon|48\/100\n|-activate|p1a: Miraidon|ability: Hadron Engine\n|turn|20\n|\n|t:|1698009151\n|move|p1a: Miraidon|Draco Meteor|p2a: Ditto\n|-supereffective|p2a: Ditto\n|-damage|p2a: Ditto|0 fnt\n|-unboost|p1a: Miraidon|spa|2\n|faint|p2a: Ditto\n|\n|upkeep\n|\n|t:|1698009155\n|switch|p2a: Ditto|Ditto, shiny|100\/100\n|-transform|p2a: Ditto|p1a: Miraidon|[from] ability: Imposter\n|-activate|p2a: Ditto|ability: Hadron Engine\n|turn|21\n|\n|t:|1698009161\n|move|p1a: Miraidon|Draco Meteor|p2a: Ditto\n|-supereffective|p2a: Ditto\n|-damage|p2a: Ditto|15\/100\n|-unboost|p1a: Miraidon|spa|2\n|move|p2a: Ditto|Draco Meteor|p1a: Miraidon|[miss]\n|-miss|p2a: Ditto|p1a: Miraidon\n|\n|-heal|p2a: Ditto|20\/100|[from] item: Leftovers\n|-fieldend|move: Electric Terrain\n|upkeep\n|turn|22\n|c|\u2606kingdragon9571|gg\n|c|\u2606Crustles|gg\n|c|\u2606Crustles|close one\n|c|\u2606kingdragon9571|rematch\n|c|\u2606Crustles|also, i'd recommend putting different items on your dittos ^^\n|c|\u2606Crustles|oh yeah, sure\n|c|\u2606Crustles|I'm only playing this to kill some time\n|inactive|Crustles has 120 seconds left.\n|\n|t:|1698009197\n|move|p1a: Miraidon|Draco Meteor|p2a: Ditto|[miss]\n|-miss|p1a: Miraidon|p2a: Ditto\n|move|p2a: Ditto|Dazzling Gleam|p1a: Miraidon\n|-supereffective|p1a: Miraidon\n|-damage|p1a: Miraidon|24\/100\n|\n|-heal|p2a: Ditto|26\/100|[from] item: Leftovers\n|upkeep\n|turn|23\n|\n|t:|1698009207\n|move|p1a: Miraidon|Draco Meteor|p2a: Ditto\n|-supereffective|p2a: Ditto\n|-damage|p2a: Ditto|0 fnt\n|-unboost|p1a: Miraidon|spa|2\n|faint|p2a: Ditto\n|\n|win|Crustles\n|raw|Crustles's rating: 1141 &rarr; <strong>1162<\/strong><br \/>(+21 for winning)\n|raw|kingdragon9571's rating: 1089 &rarr; <strong>1069<\/strong><br \/>(-20 for losing)\n","uploadtime":1698009211,"views":5,"p1id":"crustles","p2id":"kingdragon9571","formatid":"gen9anythinggoes","rating":1069,"private":0,"password":""}