{"id":"gen9anythinggoes-1999643009","p1":"KingOfTheMinnish","p2":"DragonOfHell","format":"[Gen 9] Anything Goes","log":"|j|\u2606KingOfTheMinnish\n|j|\u2606DragonOfHell\n|t:|1701103920\n|gametype|singles\n|player|p1|KingOfTheMinnish|1|1073\n|player|p2|DragonOfHell|266|1145\n|teamsize|p1|6\n|teamsize|p2|6\n|gen|9\n|tier|[Gen 9] Anything Goes\n|rated|\n|rule|HP Percentage Mod: HP is shown in percentages\n|rule|Endless Battle Clause: Forcing endless battles is banned\n|clearpoke\n|poke|p1|Maushold-Four|\n|poke|p1|Flutter Mane|\n|poke|p1|Miraidon|\n|poke|p1|Rabsca, M|\n|poke|p1|Garganacl, F|\n|poke|p1|Houndstone, M|\n|poke|p2|Calyrex-Shadow|\n|poke|p2|Ting-Lu|\n|poke|p2|Ogerpon-Hearthflame, F|\n|poke|p2|Urshifu-*, F|\n|poke|p2|Chien-Pao|\n|poke|p2|Rillaboom, F|\n|teampreview\n|\n|t:|1701103945\n|start\n|switch|p1a: Maushold|Maushold-Four|100\/100\n|switch|p2a: Calyrex|Calyrex-Shadow|100\/100\n|-ability|p2a: Calyrex|As One\n|-ability|p2a: Calyrex|Unnerve\n|turn|1\n|\n|t:|1701103955\n|move|p2a: Calyrex|Calm Mind|p2a: Calyrex\n|-boost|p2a: Calyrex|spa|1\n|-boost|p2a: Calyrex|spd|1\n|move|p1a: Maushold|Tidy Up|p1a: Maushold\n|-boost|p1a: Maushold|atk|1\n|-boost|p1a: Maushold|spe|1\n|\n|upkeep\n|turn|2\n|\n|t:|1701103963\n|move|p1a: Maushold|Encore|p2a: Calyrex\n|-start|p2a: Calyrex|Encore\n|move|p2a: Calyrex|Calm Mind|p2a: Calyrex\n|-boost|p2a: Calyrex|spa|1\n|-boost|p2a: Calyrex|spd|1\n|\n|upkeep\n|turn|3\n|\n|t:|1701103971\n|switch|p2a: Urshifu|Urshifu-Rapid-Strike, F|100\/100\n|move|p1a: Maushold|Baton Pass|p1a: Maushold\n|\n|t:|1701103986\n|switch|p1a: Flutter Mane|Flutter Mane, shiny|100\/100|[from] Baton Pass\n|\n|upkeep\n|turn|4\n|\n|t:|1701103994\n|move|p1a: Flutter Mane|Moonblast|p2a: Urshifu\n|-supereffective|p2a: Urshifu\n|-damage|p2a: Urshifu|0 fnt\n|faint|p2a: Urshifu\n|-damage|p1a: Flutter Mane|91\/100|[from] item: Life Orb\n|\n|upkeep\n|\n|t:|1701104003\n|switch|p2a: Ting-Lu|Ting-Lu|100\/100\n|-ability|p2a: Ting-Lu|Vessel of Ruin\n|turn|5\n|\n|t:|1701104013\n|move|p1a: Flutter Mane|Moonblast|p2a: Ting-Lu\n|-supereffective|p2a: Ting-Lu\n|-damage|p2a: Ting-Lu|32\/100\n|-damage|p1a: Flutter Mane|81\/100|[from] item: Life Orb\n|move|p2a: Ting-Lu|Heavy Slam|p1a: Flutter Mane\n|-supereffective|p1a: Flutter Mane\n|-damage|p1a: Flutter Mane|0 fnt\n|faint|p1a: Flutter Mane\n|-end|p1a: Flutter Mane|Protosynthesis|[silent]\n|\n|upkeep\n|\n|t:|1701104019\n|switch|p1a: Maushold|Maushold-Four|100\/100\n|turn|6\n|\n|t:|1701104026\n|move|p1a: Maushold|Population Bomb|p2a: Ting-Lu\n|-damage|p2a: Ting-Lu|25\/100\n|-damage|p1a: Maushold|84\/100|[from] item: Rocky Helmet|[of] p2a: Ting-Lu\n|-damage|p2a: Ting-Lu|18\/100\n|-damage|p1a: Maushold|67\/100|[from] item: Rocky Helmet|[of] p2a: Ting-Lu\n|-damage|p2a: Ting-Lu|11\/100\n|-damage|p1a: Maushold|51\/100|[from] item: Rocky Helmet|[of] p2a: Ting-Lu\n|-damage|p2a: Ting-Lu|4\/100\n|-damage|p1a: Maushold|34\/100|[from] item: Rocky Helmet|[of] p2a: Ting-Lu\n|-damage|p2a: Ting-Lu|0 fnt\n|-damage|p1a: Maushold|18\/100|[from] item: Rocky Helmet|[of] p2a: Ting-Lu\n|faint|p2a: Ting-Lu\n|-hitcount|p2: Ting-Lu|5\n|\n|upkeep\n|\n|t:|1701104045\n|switch|p2a: Chien-Pao|Chien-Pao|100\/100\n|-ability|p2a: Chien-Pao|Sword of Ruin\n|turn|7\n|\n|t:|1701104051\n|move|p2a: Chien-Pao|Sacred Sword|p1a: Maushold\n|-supereffective|p1a: Maushold\n|-crit|p1a: Maushold\n|-damage|p1a: Maushold|0 fnt\n|faint|p1a: Maushold\n|\n|upkeep\n|\n|t:|1701104057\n|switch|p1a: DeMarco|Miraidon|100\/100\n|-fieldstart|move: Electric Terrain|[from] ability: Hadron Engine|[of] p1a: DeMarco\n|turn|8\n|\n|t:|1701104065\n|-terastallize|p1a: DeMarco|Electric\n|move|p1a: DeMarco|Electro Drift|p2a: Chien-Pao\n|-enditem|p2a: Chien-Pao|Focus Sash\n|-damage|p2a: Chien-Pao|1\/100\n|move|p2a: Chien-Pao|Icicle Crash|p1a: DeMarco\n|-damage|p1a: DeMarco|44\/100\n|\n|upkeep\n|turn|9\n|\n|t:|1701104074\n|move|p1a: DeMarco|Electro Drift|p2a: Chien-Pao\n|-damage|p2a: Chien-Pao|0 fnt\n|faint|p2a: Chien-Pao\n|\n|upkeep\n|\n|t:|1701104085\n|switch|p2a: Rillaboom|Rillaboom, F|100\/100\n|-fieldstart|move: Grassy Terrain|[from] ability: Grassy Surge|[of] p2a: Rillaboom\n|turn|10\n|\n|t:|1701104092\n|switch|p1a: Rabsca|Rabsca, M, shiny|100\/100\n|move|p2a: Rillaboom|Drum Beating|p1a: Rabsca\n|-resisted|p1a: Rabsca\n|-crit|p1a: Rabsca\n|-damage|p1a: Rabsca|62\/100\n|-unboost|p1a: Rabsca|spe|1\n|\n|-heal|p1a: Rabsca|68\/100|[from] Grassy Terrain\n|upkeep\n|turn|11\n|\n|t:|1701104104\n|move|p2a: Rillaboom|Drum Beating|p1a: Rabsca\n|-resisted|p1a: Rabsca\n|-damage|p1a: Rabsca|41\/100\n|-unboost|p1a: Rabsca|spe|1\n|move|p1a: Rabsca|Revival Blessing|p1a: Rabsca\n|-enditem|p1a: Rabsca|Leppa Berry|[eat]\n|-activate|p1a: Rabsca|item: Leppa Berry|Revival Blessing|[consumed]\n|\n|t:|1701104109\n|-heal|p1: Flutter Mane|50\/100|[from] move: Revival Blessing\n|\n|-heal|p1a: Rabsca|47\/100|[from] Grassy Terrain\n|upkeep\n|turn|12\n|\n|t:|1701104117\n|move|p2a: Rillaboom|Drum Beating|p1a: Rabsca\n|-resisted|p1a: Rabsca\n|-damage|p1a: Rabsca|20\/100\n|-unboost|p1a: Rabsca|spe|1\n|move|p1a: Rabsca|Revival Blessing|p1a: Rabsca\n|\n|t:|1701104121\n|-heal|p1: Maushold|50\/100|[from] move: Revival Blessing\n|\n|-heal|p1a: Rabsca|26\/100|[from] Grassy Terrain\n|upkeep\n|turn|13\n|\n|t:|1701104126\n|move|p2a: Rillaboom|Drum Beating|p1a: Rabsca\n|-resisted|p1a: Rabsca\n|-damage|p1a: Rabsca|0 fnt\n|faint|p1a: Rabsca\n|\n|upkeep\n|\n|t:|1701104149\n|switch|p1a: Flutter Mane|Flutter Mane, shiny|50\/100\n|turn|14\n|\n|t:|1701104154\n|move|p1a: Flutter Mane|Moonblast|p2a: Rillaboom\n|-damage|p2a: Rillaboom|11\/100\n|-unboost|p2a: Rillaboom|spa|1\n|-damage|p1a: Flutter Mane|41\/100|[from] item: Life Orb\n|move|p2a: Rillaboom|Drum Beating|p1a: Flutter Mane\n|-damage|p1a: Flutter Mane|0 fnt\n|faint|p1a: Flutter Mane\n|-end|p1a: Flutter Mane|Protosynthesis|[silent]\n|\n|-heal|p2a: Rillaboom|17\/100|[from] Grassy Terrain\n|-fieldend|move: Grassy Terrain\n|upkeep\n|\n|t:|1701104166\n|switch|p1a: Houndstone|Houndstone, M|100\/100\n|turn|15\n|\n|t:|1701104170\n|move|p1a: Houndstone|Shadow Sneak|p2a: Rillaboom\n|-damage|p2a: Rillaboom|0 fnt\n|faint|p2a: Rillaboom\n|\n|upkeep\n|\n|t:|1701104177\n|switch|p2a: Calyrex|Calyrex-Shadow|100\/100\n|-ability|p2a: Calyrex|As One\n|-ability|p2a: Calyrex|Unnerve\n|turn|16\n|inactive|Battle timer is ON: inactive players will automatically lose when time's up. (requested by KingOfTheMinnish)\n|\n|t:|1701104200\n|move|p1a: Houndstone|Shadow Sneak|p2a: Calyrex\n|-supereffective|p2a: Calyrex\n|-damage|p2a: Calyrex|4\/100\n|move|p2a: Calyrex|Astral Barrage|p1a: Houndstone\n|-supereffective|p1a: Houndstone\n|-damage|p1a: Houndstone|0 fnt\n|faint|p1a: Houndstone\n|-ability|p2a: Calyrex|Grim Neigh|boost\n|-boost|p2a: Calyrex|spa|1\n|\n|upkeep\n|\n|t:|1701104206\n|switch|p1a: SSSReplacement|Garganacl, F, shiny|100\/100\n|turn|17\n|\n|t:|1701104218\n|move|p2a: Calyrex|Energy Ball|p1a: SSSReplacement\n|-supereffective|p1a: SSSReplacement\n|-damage|p1a: SSSReplacement|27\/100\n|move|p1a: SSSReplacement|Salt Cure|p2a: Calyrex\n|-damage|p2a: Calyrex|0 fnt\n|faint|p2a: Calyrex\n|\n|-heal|p1a: SSSReplacement|33\/100|[from] item: Leftovers\n|upkeep\n|\n|t:|1701104227\n|switch|p2a: Ogerpon|Ogerpon-Hearthflame, F|100\/100\n|-ability|p2a: Ogerpon|Mold Breaker\n|turn|18\n|\n|t:|1701104234\n|-terastallize|p2a: Ogerpon|Fire\n|detailschange|p2a: Ogerpon|Ogerpon-Hearthflame-Tera, F, tera:Fire\n|-ability|p2a: Ogerpon|Embody Aspect (Hearthflame)|boost\n|-boost|p2a: Ogerpon|atk|1\n|move|p2a: Ogerpon|Horn Leech|p1a: SSSReplacement\n|-supereffective|p1a: SSSReplacement\n|-damage|p1a: SSSReplacement|0 fnt\n|faint|p1a: SSSReplacement\n|\n|upkeep\n|\n|t:|1701104241\n|switch|p1a: DeMarco|Miraidon, tera:Electric|44\/100\n|-fieldstart|move: Electric Terrain|[from] ability: Hadron Engine|[of] p1a: DeMarco\n|turn|19\n|\n|t:|1701104246\n|move|p1a: DeMarco|Electro Drift|p2a: Ogerpon\n|-damage|p2a: Ogerpon|0 fnt\n|faint|p2a: Ogerpon\n|\n|win|KingOfTheMinnish\n|raw|KingOfTheMinnish's rating: 1073 &rarr; <strong>1108<\/strong><br \/>(+35 for winning)\n|raw|DragonOfHell's rating: 1145 &rarr; <strong>1115<\/strong><br \/>(-30 for losing)\n","uploadtime":1701104254,"views":0,"p1id":"kingoftheminnish","p2id":"dragonofhell","formatid":"gen9anythinggoes","rating":1108,"private":0,"password":""}