{"id":"gen9anythinggoes-1972593750","p1":"oLight","p2":"I Pro U Bad","format":"[Gen 9] Anything Goes","log":"|j|\u2606oLight\n|j|\u2606I Pro U Bad\n|t:|1697861525\n|gametype|singles\n|player|p1|oLight|2|1072\n|player|p2|I Pro U Bad|dragontamer|1000\n|teamsize|p1|6\n|teamsize|p2|6\n|gen|9\n|tier|[Gen 9] Anything Goes\n|rated|\n|rule|HP Percentage Mod: HP is shown in percentages\n|rule|Endless Battle Clause: Forcing endless battles is banned\n|clearpoke\n|poke|p1|Iron Hands|\n|poke|p1|Iron Valiant|\n|poke|p1|Roaring Moon|\n|poke|p1|Walking Wake|\n|poke|p1|Koraidon|\n|poke|p1|Miraidon|\n|poke|p2|Arceus-Dragon|\n|poke|p2|Arceus-Fire|\n|poke|p2|Arceus-Ghost|\n|poke|p2|Arceus-Ground|\n|poke|p2|Arceus-Ice|\n|poke|p2|Arceus-Steel|\n|teampreview\n|c|\u2606I Pro U Bad|lol\n|c|\u2606I Pro U Bad|u bad\n|c|\u2606I Pro U Bad|i'll win\n|\n|t:|1697861537\n|start\n|switch|p1a: Iron Hands|Iron Hands|100\/100\n|switch|p2a: Arceus|Arceus-Dragon|100\/100\n|-enditem|p1a: Iron Hands|Booster Energy\n|-activate|p1a: Iron Hands|ability: Quark Drive|[fromitem]\n|-start|p1a: Iron Hands|quarkdriveatk\n|turn|1\n|inactive|Battle timer is ON: inactive players will automatically lose when time's up. (requested by oLight)\n|\n|t:|1697861547\n|move|p2a: Arceus|Dazzling Gleam|p1a: Iron Hands\n|-supereffective|p1a: Iron Hands\n|-damage|p1a: Iron Hands|55\/100\n|move|p1a: Iron Hands|Drain Punch|p2a: Arceus\n|-damage|p2a: Arceus|58\/100\n|-heal|p1a: Iron Hands|71\/100|[from] drain|[of] p2a: Arceus\n|\n|upkeep\n|turn|2\n|\n|t:|1697861555\n|move|p2a: Arceus|Dazzling Gleam|p1a: Iron Hands\n|-supereffective|p1a: Iron Hands\n|-damage|p1a: Iron Hands|21\/100\n|move|p1a: Iron Hands|Drain Punch|p2a: Arceus\n|-damage|p2a: Arceus|13\/100\n|-heal|p1a: Iron Hands|38\/100|[from] drain|[of] p2a: Arceus\n|\n|upkeep\n|turn|3\n|\n|t:|1697861564\n|move|p2a: Arceus|Dazzling Gleam|p1a: Iron Hands\n|-supereffective|p1a: Iron Hands\n|-damage|p1a: Iron Hands|0 fnt\n|faint|p1a: Iron Hands\n|-end|p1a: Iron Hands|Quark Drive|[silent]\n|\n|upkeep\n|\n|t:|1697861568\n|switch|p1a: Iron Valiant|Iron Valiant|100\/100\n|turn|4\n|c|\u2606I Pro U Bad|No booster energy?\n|c|\u2606I Pro U Bad|wow\n|\n|t:|1697861589\n|move|p1a: Iron Valiant|Close Combat|p2a: Arceus\n|-damage|p2a: Arceus|0 fnt\n|-unboost|p1a: Iron Valiant|def|1\n|-unboost|p1a: Iron Valiant|spd|1\n|faint|p2a: Arceus\n|\n|upkeep\n|c|\u2606I Pro U Bad|i feel bad\n|\n|t:|1697861597\n|switch|p2a: Arceus|Arceus-Ghost|100\/100\n|turn|5\n|\n|t:|1697861605\n|-end|p1a: Iron Valiant|Quark Drive|[silent]\n|switch|p1a: Roaring Moon|Roaring Moon|100\/100\n|-enditem|p1a: Roaring Moon|Booster Energy\n|-activate|p1a: Roaring Moon|ability: Protosynthesis|[fromitem]\n|-start|p1a: Roaring Moon|protosynthesisatk\n|move|p2a: Arceus|Flash Cannon|p1a: Roaring Moon\n|-damage|p1a: Roaring Moon|73\/100\n|-unboost|p1a: Roaring Moon|spd|1\n|\n|upkeep\n|turn|6\n|\n|t:|1697861619\n|move|p2a: Arceus|Power Gem|p1a: Roaring Moon\n|-damage|p1a: Roaring Moon|35\/100\n|move|p1a: Roaring Moon|Dragon Dance|p1a: Roaring Moon\n|-boost|p1a: Roaring Moon|atk|1\n|-boost|p1a: Roaring Moon|spe|1\n|\n|upkeep\n|turn|7\n|\n|t:|1697861626\n|move|p1a: Roaring Moon|Acrobatics|p2a: Arceus\n|-damage|p2a: Arceus|39\/100\n|move|p2a: Arceus|Power Gem|p1a: Roaring Moon\n|-damage|p1a: Roaring Moon|0 fnt\n|faint|p1a: Roaring Moon\n|-end|p1a: Roaring Moon|Protosynthesis|[silent]\n|\n|upkeep\n|\n|t:|1697861634\n|switch|p1a: Iron Valiant|Iron Valiant|100\/100\n|turn|8\n|\n|t:|1697861640\n|move|p1a: Iron Valiant|Trick||[still]\n|-fail|p1a: Iron Valiant\n|move|p2a: Arceus|Flash Cannon|p1a: Iron Valiant\n|-supereffective|p1a: Iron Valiant\n|-damage|p1a: Iron Valiant|13\/100\n|\n|upkeep\n|turn|9\n|c|\u2606I Pro U Bad|EZ dubs\n|c|\u2606I Pro U Bad|get a good team lmao\n|\n|t:|1697861655\n|move|p1a: Iron Valiant|Trick||[still]\n|-fail|p1a: Iron Valiant\n|move|p2a: Arceus|Flash Cannon|p1a: Iron Valiant\n|-supereffective|p1a: Iron Valiant\n|-damage|p1a: Iron Valiant|0 fnt\n|faint|p1a: Iron Valiant\n|-end|p1a: Iron Valiant|Quark Drive|[silent]\n|\n|upkeep\n|\n|t:|1697861661\n|switch|p1a: Walking Wake|Walking Wake|100\/100\n|turn|10\n|inactive|I Pro U Bad has 120 seconds left.\n|\n|t:|1697861705\n|-end|p1a: Walking Wake|Protosynthesis|[silent]\n|switch|p1a: Koraidon|Koraidon|100\/100\n|-weather|SunnyDay|[from] ability: Orichalcum Pulse|[of] p1a: Koraidon\n|-activate|p1a: Koraidon|Orichalcum Pulse|[source]\n|move|p2a: Arceus|Flash Cannon|p1a: Koraidon\n|-damage|p1a: Koraidon|75\/100\n|\n|-weather|SunnyDay|[upkeep]\n|upkeep\n|turn|11\n|\n|t:|1697861715\n|move|p1a: Koraidon|Fire Fang|p2a: Arceus\n|-damage|p2a: Arceus|2\/100\n|-status|p2a: Arceus|brn\n|move|p2a: Arceus|Shadow Ball|p1a: Koraidon\n|-damage|p1a: Koraidon|27\/100\n|\n|-weather|SunnyDay|[upkeep]\n|-damage|p2a: Arceus|0 fnt|[from] brn\n|faint|p2a: Arceus\n|upkeep\n|\n|t:|1697861737\n|switch|p2a: Arceus|Arceus-Ice|100\/100\n|turn|12\n|\n|t:|1697861741\n|move|p1a: Koraidon|Drain Punch|p2a: Arceus\n|-supereffective|p2a: Arceus\n|-damage|p2a: Arceus|0 fnt\n|-heal|p1a: Koraidon|83\/100|[from] drain|[of] p2a: Arceus\n|faint|p2a: Arceus\n|\n|-weather|SunnyDay|[upkeep]\n|upkeep\n|\n|t:|1697861756\n|switch|p2a: Arceus|Arceus-Ground|100\/100\n|turn|13\n|\n|t:|1697861760\n|move|p1a: Koraidon|Collision Course|p2a: Arceus\n|-damage|p2a: Arceus|38\/100\n|move|p2a: Arceus|Earth Power|p1a: Koraidon\n|-damage|p1a: Koraidon|28\/100\n|-unboost|p1a: Koraidon|spd|1\n|\n|-weather|SunnyDay|[upkeep]\n|upkeep\n|turn|14\n|inactive|I Pro U Bad has 120 seconds left.\n|\n|t:|1697861772\n|move|p1a: Koraidon|Collision Course|p2a: Arceus\n|-damage|p2a: Arceus|0 fnt\n|faint|p2a: Arceus\n|\n|-weather|none\n|upkeep\n|\n|t:|1697861780\n|switch|p2a: Arceus|Arceus-Fire|100\/100\n|turn|15\n|c|\u2606I Pro U Bad|bruh\n|c|\u2606I Pro U Bad|how am i losing\n|inactive|I Pro U Bad has 120 seconds left.\n|c|\u2606I Pro U Bad|to a trash kid\n|\n|t:|1697861790\n|move|p1a: Koraidon|Collision Course|p2a: Arceus\n|-damage|p2a: Arceus|54\/100\n|move|p2a: Arceus|Aura Sphere|p1a: Koraidon\n|-damage|p1a: Koraidon|0 fnt\n|faint|p1a: Koraidon\n|\n|upkeep\n|\n|t:|1697861798\n|switch|p1a: Walking Wake|Walking Wake|100\/100\n|turn|16\n|inactive|I Pro U Bad has 120 seconds left.\n|\n|t:|1697861816\n|switch|p2a: Arceus|Arceus-Steel|100\/100\n|move|p1a: Walking Wake|Hydro Steam|p2a: Arceus\n|-crit|p2a: Arceus\n|-damage|p2a: Arceus|28\/100\n|-damage|p1a: Walking Wake|91\/100|[from] item: Life Orb\n|\n|upkeep\n|turn|17\n|\n|t:|1697861826\n|move|p2a: Arceus|Dark Pulse|p1a: Walking Wake\n|-crit|p1a: Walking Wake\n|-damage|p1a: Walking Wake|42\/100\n|move|p1a: Walking Wake|Hydro Steam|p2a: Arceus\n|-damage|p2a: Arceus|0 fnt\n|faint|p2a: Arceus\n|-damage|p1a: Walking Wake|32\/100|[from] item: Life Orb\n|\n|upkeep\n|inactive|I Pro U Bad has 120 seconds left.\n|\n|t:|1697861845\n|switch|p2a: Arceus|Arceus-Fire|54\/100\n|turn|18\n|c|\u2606I Pro U Bad|how am i losing\n|inactive|I Pro U Bad has 120 seconds left.\n|c|\u2606I Pro U Bad|trash kid\n|\n|t:|1697861852\n|move|p2a: Arceus|Aura Sphere|p1a: Walking Wake\n|-damage|p1a: Walking Wake|2\/100\n|move|p1a: Walking Wake|Hydro Steam|p2a: Arceus\n|-supereffective|p2a: Arceus\n|-damage|p2a: Arceus|0 fnt\n|faint|p2a: Arceus\n|-damage|p1a: Walking Wake|0 fnt|[from] item: Life Orb\n|faint|p1a: Walking Wake\n|-end|p1a: Walking Wake|Protosynthesis|[silent]\n|\n|win|oLight\n|raw|oLight's rating: 1072 &rarr; <strong>1095<\/strong><br \/>(+23 for winning)\n|raw|I Pro U Bad's rating: 1000 &rarr; <strong>1000<\/strong><br \/>(+0 for losing)\n|c|\u2606oLight|L\n|c|\u2606I Pro U Bad|hackefr\n|l|\u2606I Pro U Bad\n|c|\u2606oLight|who is thrash now\n|j| Funiiiman\n|j| Leesbra\n|j| Ninealarm2\n|j| EclipseWave\n|l| Ninealarm2\n|c| Leesbra|A, there's no toxtricity\n|l| Leesbra\n|c| EclipseWave|true\n|l|\u2606oLight\n","uploadtime":1697862096,"views":9,"p1id":"olight","p2id":"iproubad","formatid":"gen9anythinggoes","rating":1000,"private":0,"password":""}