{"id":"gen9anythinggoes-1984148588","p1":"PhoniexSunkerns","p2":"Theboy7","format":"[Gen 9] Anything Goes","log":"|j|\u2606PhoniexSunkerns\n|j|\u2606Theboy7\n|t:|1699223756\n|gametype|singles\n|player|p1|PhoniexSunkerns|1|\n|player|p2|Theboy7|102|\n|teamsize|p1|6\n|teamsize|p2|6\n|gen|9\n|tier|[Gen 9] Anything Goes\n|rule|HP Percentage Mod: HP is shown in percentages\n|rule|Endless Battle Clause: Forcing endless battles is banned\n|clearpoke\n|poke|p1|Great Tusk|\n|poke|p1|Salamence, M|\n|poke|p1|Indeedee-F, F|\n|poke|p1|Munkidori, M|\n|poke|p1|Dragapult, M|\n|poke|p1|Orthworm, M|\n|poke|p2|Glimmora, M|\n|poke|p2|Gholdengo|\n|poke|p2|Krookodile, F|\n|poke|p2|Clodsire, M|\n|poke|p2|Maushold-Four|\n|poke|p2|Houndstone, F|\n|teampreview\n|\n|t:|1699223762\n|start\n|switch|p1a: KSI|Munkidori, M|100\/100\n|switch|p2a: Don\u2019t|Glimmora, M|100\/100\n|turn|1\n|\n|t:|1699223771\n|move|p1a: KSI|Psychic|p2a: Don\u2019t\n|-supereffective|p2a: Don\u2019t\n|-enditem|p2a: Don\u2019t|Focus Sash\n|-damage|p2a: Don\u2019t|1\/100\n|move|p2a: Don\u2019t|Spikes|p1a: KSI\n|-sidestart|p1: PhoniexSunkerns|Spikes\n|\n|upkeep\n|turn|2\n|\n|t:|1699223781\n|move|p1a: KSI|Psychic|p2a: Don\u2019t\n|-supereffective|p2a: Don\u2019t\n|-damage|p2a: Don\u2019t|0 fnt\n|faint|p2a: Don\u2019t\n|\n|upkeep\n|\n|t:|1699223785\n|switch|p2a: Report|Gholdengo|100\/100\n|turn|3\n|\n|t:|1699223804\n|-terastallize|p2a: Report|Steel\n|move|p2a: Report|Make It Rain|p1a: KSI\n|-damage|p1a: KSI|0 fnt\n|-unboost|p2a: Report|spa|1\n|faint|p1a: KSI\n|\n|upkeep\n|\n|t:|1699223818\n|switch|p1a: Optimus Prime|Orthworm, M|100\/100\n|-damage|p1a: Optimus Prime|88\/100|[from] Spikes\n|turn|4\n|\n|t:|1699223833\n|move|p2a: Report|Make It Rain|p1a: Optimus Prime\n|-resisted|p1a: Optimus Prime\n|-damage|p1a: Optimus Prime|47\/100\n|-unboost|p2a: Report|spa|1\n|-enditem|p1a: Optimus Prime|Sitrus Berry|[eat]\n|-heal|p1a: Optimus Prime|72\/100|[from] item: Sitrus Berry\n|move|p1a: Optimus Prime|Spikes|p2a: Report\n|-sidestart|p2: Theboy7|Spikes\n|\n|upkeep\n|turn|5\n|\n|t:|1699223845\n|move|p2a: Report|Make It Rain|p1a: Optimus Prime\n|-resisted|p1a: Optimus Prime\n|-damage|p1a: Optimus Prime|37\/100\n|-unboost|p2a: Report|spa|1\n|move|p1a: Optimus Prime|Shed Tail|p1a: Optimus Prime\n|-fail|p1a: Optimus Prime|move: Shed Tail|[weak]\n|\n|upkeep\n|turn|6\n|\n|t:|1699223858\n|move|p2a: Report|Make It Rain|p1a: Optimus Prime\n|-resisted|p1a: Optimus Prime\n|-damage|p1a: Optimus Prime|9\/100\n|-unboost|p2a: Report|spa|1\n|move|p1a: Optimus Prime|Spikes|p2a: Report\n|-sidestart|p2: Theboy7|Spikes\n|\n|upkeep\n|turn|7\n|\n|t:|1699223872\n|switch|p1a: Tusk Act 4|Great Tusk|100\/100\n|-damage|p1a: Tusk Act 4|88\/100|[from] Spikes\n|move|p2a: Report|Make It Rain|p1a: Tusk Act 4\n|-damage|p1a: Tusk Act 4|47\/100\n|-unboost|p2a: Report|spa|1\n|\n|upkeep\n|turn|8\n|\n|t:|1699223886\n|move|p1a: Tusk Act 4|Headlong Rush|p2a: Report\n|-supereffective|p2a: Report\n|-damage|p2a: Report|0 fnt\n|-unboost|p1a: Tusk Act 4|def|1\n|-unboost|p1a: Tusk Act 4|spd|1\n|faint|p2a: Report\n|\n|upkeep\n|\n|t:|1699223894\n|switch|p2a: Me|Krookodile, F|100\/100\n|-damage|p2a: Me|84\/100|[from] Spikes\n|turn|9\n|inactive|Battle timer is ON: inactive players will automatically lose when time's up. (requested by Theboy7)\n|c|\u2606Theboy7|Ear meat\n|\n|t:|1699223943\n|move|p1a: Tusk Act 4|Headlong Rush|p2a: Me\n|-damage|p2a: Me|10\/100\n|-unboost|p1a: Tusk Act 4|def|1\n|-unboost|p1a: Tusk Act 4|spd|1\n|move|p2a: Me|Outrage|p1a: Tusk Act 4\n|-damage|p1a: Tusk Act 4|0 fnt\n|faint|p1a: Tusk Act 4\n|-end|p1a: Tusk Act 4|Protosynthesis|[silent]\n|-ability|p2a: Me|Moxie|boost\n|-boost|p2a: Me|atk|1\n|\n|upkeep\n|\n|t:|1699223958\n|switch|p1a: Littlefoot|Salamence, M|100\/100\n|turn|10\n|inactive|PhoniexSunkerns has 270 seconds left.\n|\n|t:|1699223991\n|-terastallize|p1a: Littlefoot|Fire\n|move|p2a: Me|Outrage|p1a: Littlefoot|[from]lockedmove\n|-damage|p1a: Littlefoot|27\/100\n|-start|p2a: Me|confusion|[fatigue]\n|move|p1a: Littlefoot|Tera Blast|p2a: Me|[anim] Tera Blast Fire\n|-damage|p2a: Me|0 fnt\n|faint|p2a: Me\n|-ability|p1a: Littlefoot|Moxie|boost\n|-boost|p1a: Littlefoot|atk|1\n|-damage|p1a: Littlefoot|17\/100|[from] item: Life Orb\n|\n|upkeep\n|\n|t:|1699224002\n|switch|p2a: I\u2019m|Clodsire, M|100\/100\n|-damage|p2a: I\u2019m|84\/100|[from] Spikes\n|turn|11\n|inactive|PhoniexSunkerns has 270 seconds left.\n|\n|t:|1699224016\n|switch|p1a: Optimus Prime|Orthworm, M|9\/100\n|-damage|p1a: Optimus Prime|0 fnt|[from] Spikes\n|faint|p1a: Optimus Prime\n|move|p2a: I\u2019m|Yawn|p1: Optimus Prime|[notarget]\n|-fail|p2a: I\u2019m\n|\n|-heal|p2a: I\u2019m|90\/100|[from] item: Leftovers\n|upkeep\n|c|\u2606Theboy7|The land before time is trash\n|inactive|PhoniexSunkerns has 270 seconds left.\n|\n|t:|1699224031\n|switch|p1a: Renegade Raider|Dragapult, M|100\/100\n|-damage|p1a: Renegade Raider|88\/100|[from] Spikes\n|turn|12\n|\n|t:|1699224049\n|move|p1a: Renegade Raider|Dragon Darts|p2a: I\u2019m\n|-damage|p2a: I\u2019m|60\/100\n|-anim|p1a: Renegade Raider|Dragon Darts|p2a: I\u2019m\n|-damage|p2a: I\u2019m|33\/100\n|move|p2a: I\u2019m|Yawn|p1a: Renegade Raider\n|-start|p1a: Renegade Raider|move: Yawn|[of] p2a: I\u2019m\n|\n|-heal|p2a: I\u2019m|39\/100|[from] item: Leftovers\n|upkeep\n|turn|13\n|\n|t:|1699224060\n|switch|p1a: Front Desk Lady|Indeedee-F, F|100\/100\n|-damage|p1a: Front Desk Lady|88\/100|[from] Spikes\n|-fieldstart|move: Psychic Terrain|[from] ability: Psychic Surge|[of] p1a: Front Desk Lady\n|-enditem|p1a: Front Desk Lady|Psychic Seed\n|-boost|p1a: Front Desk Lady|spd|1|[from] item: Psychic Seed\n|move|p2a: I\u2019m|Recover|p2a: I\u2019m\n|-heal|p2a: I\u2019m|89\/100\n|\n|-heal|p2a: I\u2019m|95\/100|[from] item: Leftovers\n|upkeep\n|turn|14\n|\n|t:|1699224074\n|move|p1a: Front Desk Lady|Calm Mind|p1a: Front Desk Lady\n|-boost|p1a: Front Desk Lady|spa|1\n|-boost|p1a: Front Desk Lady|spd|1\n|move|p2a: I\u2019m|Yawn|p1a: Front Desk Lady\n|-start|p1a: Front Desk Lady|move: Yawn|[of] p2a: I\u2019m\n|\n|-heal|p2a: I\u2019m|100\/100|[from] item: Leftovers\n|upkeep\n|turn|15\n|\n|t:|1699224085\n|move|p1a: Front Desk Lady|Baton Pass|p1a: Front Desk Lady\n|\n|t:|1699224086\n|switch|p1a: Renegade Raider|Dragapult, M|88\/100|[from] Baton Pass\n|-damage|p1a: Renegade Raider|76\/100|[from] Spikes\n|move|p2a: I\u2019m|Stealth Rock|p1a: Renegade Raider\n|-sidestart|p1: PhoniexSunkerns|move: Stealth Rock\n|\n|upkeep\n|turn|16\n|\n|t:|1699224098\n|move|p1a: Renegade Raider|Dragon Darts|p2a: I\u2019m\n|-damage|p2a: I\u2019m|69\/100\n|-anim|p1a: Renegade Raider|Dragon Darts|p2a: I\u2019m\n|-damage|p2a: I\u2019m|42\/100\n|move|p2a: I\u2019m|Yawn|p1a: Renegade Raider\n|-start|p1a: Renegade Raider|move: Yawn|[of] p2a: I\u2019m\n|\n|-heal|p2a: I\u2019m|48\/100|[from] item: Leftovers\n|upkeep\n|turn|17\n|\n|t:|1699224108\n|move|p1a: Renegade Raider|Dragon Darts|p2a: I\u2019m\n|-damage|p2a: I\u2019m|19\/100\n|-anim|p1a: Renegade Raider|Dragon Darts|p2a: I\u2019m\n|-crit|p2a: I\u2019m\n|-damage|p2a: I\u2019m|0 fnt\n|faint|p2a: I\u2019m\n|\n|-end|p1a: Renegade Raider|move: Yawn|[silent]\n|-status|p1a: Renegade Raider|slp\n|-fieldend|move: Psychic Terrain\n|upkeep\n|\n|t:|1699224116\n|switch|p2a: Sorry|Maushold-Four|100\/100\n|-damage|p2a: Sorry|84\/100|[from] Spikes\n|turn|18\n|inactive|PhoniexSunkerns has 270 seconds left.\n|\n|t:|1699224135\n|cant|p1a: Renegade Raider|slp\n|move|p2a: Sorry|Bite|p1a: Renegade Raider\n|-supereffective|p1a: Renegade Raider\n|-damage|p1a: Renegade Raider|30\/100 slp\n|\n|upkeep\n|turn|19\n|\n|t:|1699224142\n|switch|p1a: Front Desk Lady|Indeedee-F, F|88\/100\n|-damage|p1a: Front Desk Lady|75\/100|[from] Spikes\n|-damage|p1a: Front Desk Lady|63\/100|[from] Stealth Rock\n|-fieldstart|move: Psychic Terrain|[from] ability: Psychic Surge|[of] p1a: Front Desk Lady\n|move|p2a: Sorry|Bite|p1a: Front Desk Lady\n|-supereffective|p1a: Front Desk Lady\n|-damage|p1a: Front Desk Lady|15\/100\n|\n|upkeep\n|turn|20\n|inactive|PhoniexSunkerns has 270 seconds left.\n|\n|t:|1699224158\n|move|p2a: Sorry|Population Bomb|p1a: Front Desk Lady\n|-damage|p1a: Front Desk Lady|4\/100\n|-damage|p1a: Front Desk Lady|0 fnt\n|faint|p1a: Front Desk Lady\n|-hitcount|p1: Front Desk Lady|2\n|\n|upkeep\n|\n|t:|1699224165\n|switch|p1a: Littlefoot|Salamence, M, tera:Fire|17\/100\n|-damage|p1a: Littlefoot|4\/100|[from] Spikes\n|-damage|p1a: Littlefoot|0 fnt|[from] Stealth Rock\n|faint|p1a: Littlefoot\n|\n|t:|1699224170\n|switch|p1a: Renegade Raider|Dragapult, M|30\/100 slp\n|-damage|p1a: Renegade Raider|18\/100 slp|[from] Spikes\n|-damage|p1a: Renegade Raider|5\/100 slp|[from] Stealth Rock\n|turn|21\n|c|\u2606Theboy7|I truly am sorry\n|\n|t:|1699224182\n|cant|p1a: Renegade Raider|slp\n|move|p2a: Sorry|Bite|p1a: Renegade Raider\n|-supereffective|p1a: Renegade Raider\n|-damage|p1a: Renegade Raider|0 fnt\n|faint|p1a: Renegade Raider\n|\n|win|Theboy7\n|l|\u2606PhoniexSunkerns\n","uploadtime":1699224246,"views":8,"p1id":"phoniexsunkerns","p2id":"theboy7","formatid":"gen9anythinggoes","rating":0,"private":0,"password":""}