{"id":"gen9anythinggoes-1988921766","p1":"DNDS","p2":"Vaner_42","format":"[Gen 9] Anything Goes","log":"|j|\u2606DNDS\n|j|\u2606Vaner_42\n|t:|1699788249\n|gametype|singles\n|player|p1|DNDS|ghetsis|\n|player|p2|Vaner_42|lana|\n|teamsize|p1|6\n|teamsize|p2|6\n|gen|9\n|tier|[Gen 9] Anything Goes\n|rule|HP Percentage Mod: HP is shown in percentages\n|rule|Endless Battle Clause: Forcing endless battles is banned\n|clearpoke\n|poke|p1|Clodsire, M|\n|poke|p1|Corviknight, F|\n|poke|p1|Meowscarada, F|\n|poke|p1|Magnezone|\n|poke|p1|Great Tusk|\n|poke|p1|Torkoal, F|\n|poke|p2|Quaquaval, M|\n|poke|p2|Rotom-Wash|\n|poke|p2|Gyarados, M|\n|poke|p2|Gastrodon, F|\n|poke|p2|Empoleon, M|\n|poke|p2|Greninja-*, M|\n|teampreview\n|\n|t:|1699788274\n|start\n|switch|p1a: Magnezone|Magnezone|100\/100\n|switch|p2a: Gyarados|Gyarados, M, shiny|100\/100\n|-ability|p2a: Gyarados|Intimidate|boost\n|-unboost|p1a: Magnezone|atk|1\n|turn|1\n|inactive|Battle timer is ON: inactive players will automatically lose when time's up. (requested by Vaner_42)\n|inactive|Vaner_42 has 270 seconds left.\n|\n|t:|1699788341\n|-terastallize|p2a: Gyarados|Ground\n|-terastallize|p1a: Magnezone|Flying\n|move|p2a: Gyarados|Dragon Dance|p2a: Gyarados\n|-boost|p2a: Gyarados|atk|1\n|-boost|p2a: Gyarados|spe|1\n|move|p1a: Magnezone|Volt Switch|p2a: Gyarados\n|-immune|p2a: Gyarados\n|\n|upkeep\n|turn|2\n|c|\u2606DNDS|\u4f60\u771f\u5c31\u56fa\u5b9a\u9996\u53d1\u5440\n|\n|t:|1699788367\n|switch|p1a: Meowscarada|Meowscarada, F|100\/100\n|move|p2a: Gyarados|Dragon Dance|p2a: Gyarados\n|-boost|p2a: Gyarados|atk|1\n|-boost|p2a: Gyarados|spe|1\n|\n|upkeep\n|turn|3\n|inactive|DNDS has 270 seconds left.\n|\n|t:|1699788406\n|switch|p1a: Torkoal|Torkoal, F|100\/100\n|-weather|SunnyDay|[from] ability: Drought|[of] p1a: Torkoal\n|move|p2a: Gyarados|Ice Fang|p1a: Torkoal\n|-resisted|p1a: Torkoal\n|-damage|p1a: Torkoal|86\/100\n|\n|-weather|SunnyDay|[upkeep]\n|upkeep\n|turn|4\n|\n|t:|1699788424\n|switch|p1a: Clodsire|Clodsire, M|100\/100\n|move|p2a: Gyarados|Ice Fang|p1a: Clodsire\n|-supereffective|p1a: Clodsire\n|-damage|p1a: Clodsire|62\/100\n|\n|-weather|SunnyDay|[upkeep]\n|-heal|p1a: Clodsire|68\/100|[from] item: Black Sludge\n|upkeep\n|turn|5\n|inactive|DNDS has 240 seconds left.\n|inactive|Vaner_42 has 270 seconds left.\n|\n|t:|1699788455\n|move|p2a: Gyarados|Ice Fang|p1a: Clodsire\n|-supereffective|p1a: Clodsire\n|-damage|p1a: Clodsire|34\/100\n|move|p1a: Clodsire|Earthquake|p2a: Gyarados\n|-damage|p2a: Gyarados|73\/100\n|\n|-weather|SunnyDay|[upkeep]\n|-heal|p1a: Clodsire|40\/100|[from] item: Black Sludge\n|upkeep\n|turn|6\n|inactive|Vaner_42 has 270 seconds left.\n|\n|t:|1699788483\n|switch|p1a: Magnezone|Magnezone, tera:Flying|100\/100\n|move|p2a: Gyarados|Earthquake|p1a: Magnezone\n|-immune|p1a: Magnezone\n|\n|-weather|SunnyDay|[upkeep]\n|upkeep\n|turn|7\n|\n|t:|1699788489\n|move|p2a: Gyarados|Ice Fang|p1a: Magnezone\n|-supereffective|p1a: Magnezone\n|-damage|p1a: Magnezone|0 fnt\n|faint|p1a: Magnezone\n|\n|-weather|none\n|upkeep\n|\n|t:|1699788501\n|switch|p1a: Torkoal|Torkoal, F|86\/100\n|-weather|SunnyDay|[from] ability: Drought|[of] p1a: Torkoal\n|turn|8\n|\n|t:|1699788507\n|move|p2a: Gyarados|Earthquake|p1a: Torkoal\n|-supereffective|p1a: Torkoal\n|-damage|p1a: Torkoal|0 fnt\n|faint|p1a: Torkoal\n|\n|-weather|SunnyDay|[upkeep]\n|upkeep\n|\n|t:|1699788510\n|switch|p1a: Great Tusk|Great Tusk|100\/100\n|-activate|p1a: Great Tusk|ability: Protosynthesis\n|-start|p1a: Great Tusk|protosynthesisatk\n|turn|9\n|inactive|Vaner_42 has 270 seconds left.\n|\n|t:|1699788535\n|move|p2a: Gyarados|Ice Fang|p1a: Great Tusk\n|-supereffective|p1a: Great Tusk\n|-damage|p1a: Great Tusk|34\/100\n|move|p1a: Great Tusk|Headlong Rush|p2a: Gyarados\n|-damage|p2a: Gyarados|0 fnt\n|-unboost|p1a: Great Tusk|def|1\n|-unboost|p1a: Great Tusk|spd|1\n|-damage|p1a: Great Tusk|18\/100|[from] item: Rocky Helmet|[of] p2a: Gyarados\n|faint|p2a: Gyarados\n|\n|-weather|SunnyDay|[upkeep]\n|-heal|p1a: Great Tusk|24\/100|[from] item: Leftovers\n|upkeep\n|inactive|Vaner_42 has 240 seconds left.\n|inactive|Vaner_42 has 210 seconds left.\n|\n|t:|1699788604\n|switch|p2a: Greninja|Greninja, M, shiny|100\/100\n|turn|10\n|\n|t:|1699788614\n|-end|p1a: Great Tusk|Protosynthesis|[silent]\n|switch|p1a: Corviknight|Corviknight, F|100\/100\n|-ability|p1a: Corviknight|Pressure\n|move|p2a: Greninja|Ice Beam|p1a: Corviknight\n|-start|p2a: Greninja|typechange|Ice|[from] ability: Protean\n|-damage|p1a: Corviknight|59\/100\n|\n|-weather|SunnyDay|[upkeep]\n|upkeep\n|turn|11\n|inactive|Vaner_42 has 210 seconds left.\n|\n|t:|1699788625\n|switch|p2a: Rotom|Rotom-Wash, shiny|100\/100\n|move|p1a: Corviknight|U-turn|p2a: Rotom\n|-damage|p2a: Rotom|81\/100\n|\n|t:|1699788629\n|switch|p1a: Meowscarada|Meowscarada, F|100\/100|[from] U-turn\n|\n|-weather|SunnyDay|[upkeep]\n|upkeep\n|turn|12\n|inactive|DNDS has 240 seconds left.\n|\n|t:|1699788642\n|switch|p2a: Empoleon|Empoleon, M, shiny|100\/100\n|move|p1a: Meowscarada|Flower Trick|p2a: Empoleon\n|-start|p1a: Meowscarada|typechange|Grass|[from] ability: Protean\n|-crit|p2a: Empoleon\n|-damage|p2a: Empoleon|50\/100\n|\n|-weather|none\n|upkeep\n|turn|13\n|\n|t:|1699788652\n|move|p1a: Meowscarada|Flower Trick|p2a: Empoleon\n|-crit|p2a: Empoleon\n|-damage|p2a: Empoleon|0 fnt\n|faint|p2a: Empoleon\n|\n|upkeep\n|\n|t:|1699788661\n|switch|p2a: Greninja|Greninja, M, shiny|100\/100\n|turn|14\n|\n|t:|1699788682\n|switch|p1a: Great Tusk|Great Tusk|24\/100\n|move|p2a: Greninja|Ice Beam|p1a: Great Tusk\n|-start|p2a: Greninja|typechange|Ice|[from] ability: Protean\n|-supereffective|p1a: Great Tusk\n|-damage|p1a: Great Tusk|0 fnt\n|faint|p1a: Great Tusk\n|-end|p1a: Great Tusk|Protosynthesis|[silent]\n|\n|upkeep\n|\n|t:|1699788688\n|switch|p1a: Corviknight|Corviknight, F|59\/100\n|-ability|p1a: Corviknight|Pressure\n|turn|15\n|inactive|Vaner_42 has 240 seconds left.\n|inactive|DNDS has 240 seconds left.\n|inactive|Vaner_42 has 210 seconds left.\n|\n|t:|1699788737\n|switch|p2a: Rotom|Rotom-Wash, shiny|81\/100\n|move|p1a: Corviknight|Roost|p1a: Corviknight\n|-heal|p1a: Corviknight|100\/100\n|-singleturn|p1a: Corviknight|move: Roost\n|\n|upkeep\n|turn|16\n|\n|t:|1699788745\n|switch|p1a: Meowscarada|Meowscarada, F|100\/100\n|move|p2a: Rotom|Trick|p1a: Meowscarada\n|-activate|p2a: Rotom|move: Trick|[of] p1a: Meowscarada\n|-item|p1a: Meowscarada|Choice Specs|[from] move: Trick\n|-item|p2a: Rotom|Choice Scarf|[from] move: Trick\n|\n|upkeep\n|turn|17\n|inactive|DNDS has 240 seconds left.\n|inactive|Vaner_42 has 210 seconds left.\n|inactive|Vaner_42 has 180 seconds left.\n|\n|t:|1699788790\n|move|p2a: Rotom|Thunderbolt|p1a: Meowscarada\n|-resisted|p1a: Meowscarada\n|-damage|p1a: Meowscarada|71\/100\n|move|p1a: Meowscarada|Flower Trick|p2a: Rotom\n|-start|p1a: Meowscarada|typechange|Grass|[from] ability: Protean\n|-supereffective|p2a: Rotom\n|-crit|p2a: Rotom\n|-damage|p2a: Rotom|0 fnt\n|faint|p2a: Rotom\n|\n|upkeep\n|\n|t:|1699788799\n|switch|p2a: Greninja|Greninja, M, shiny|100\/100\n|turn|18\n|inactive|DNDS has 240 seconds left.\n|\n|t:|1699788832\n|switch|p1a: Clodsire|Clodsire, M|40\/100\n|move|p2a: Greninja|Ice Beam|p1a: Clodsire\n|-start|p2a: Greninja|typechange|Ice|[from] ability: Protean\n|-supereffective|p1a: Clodsire\n|-damage|p1a: Clodsire|0 fnt\n|faint|p1a: Clodsire\n|\n|upkeep\n|inactive|DNDS has 240 seconds left.\n|\n|t:|1699788838\n|switch|p1a: Corviknight|Corviknight, F|100\/100\n|-ability|p1a: Corviknight|Pressure\n|turn|19\n|\n|t:|1699788845\n|switch|p2a: Quaquaval|Quaquaval, M, shiny|100\/100\n|move|p1a: Corviknight|Body Press|p2a: Quaquaval\n|-damage|p2a: Quaquaval|68\/100\n|\n|upkeep\n|turn|20\n|\n|t:|1699788857\n|move|p2a: Quaquaval|Aqua Step|p1a: Corviknight\n|-damage|p1a: Corviknight|72\/100\n|-boost|p2a: Quaquaval|spe|1\n|move|p1a: Corviknight|Brave Bird|p2a: Quaquaval\n|-supereffective|p2a: Quaquaval\n|-damage|p2a: Quaquaval|0 fnt\n|faint|p2a: Quaquaval\n|-damage|p1a: Corviknight|55\/100|[from] Recoil\n|\n|upkeep\n|\n|t:|1699788865\n|switch|p2a: Gastrodon|Gastrodon, F, shiny|100\/100\n|turn|21\n|inactive|DNDS has 240 seconds left.\n|\n|t:|1699788888\n|move|p1a: Corviknight|Roost|p1a: Corviknight\n|-heal|p1a: Corviknight|100\/100\n|-singleturn|p1a: Corviknight|move: Roost\n|move|p2a: Gastrodon|Yawn|p1a: Corviknight\n|-start|p1a: Corviknight|move: Yawn|[of] p2a: Gastrodon\n|\n|upkeep\n|turn|22\n|inactive|Vaner_42 has 180 seconds left.\n|inactive|DNDS has 240 seconds left.\n|\n|t:|1699788910\n|move|p1a: Corviknight|U-turn|p2a: Gastrodon\n|-damage|p2a: Gastrodon|90\/100\n|\n|t:|1699788914\n|switch|p1a: Meowscarada|Meowscarada, F|71\/100|[from] U-turn\n|move|p2a: Gastrodon|Yawn|p1a: Meowscarada\n|-start|p1a: Meowscarada|move: Yawn|[of] p2a: Gastrodon\n|\n|-heal|p2a: Gastrodon|96\/100|[from] item: Leftovers\n|upkeep\n|turn|23\n|inactive|DNDS has 240 seconds left.\n|\n|t:|1699788924\n|move|p1a: Meowscarada|Flower Trick|p2a: Gastrodon\n|-start|p1a: Meowscarada|typechange|Grass|[from] ability: Protean\n|-supereffective|p2a: Gastrodon\n|-crit|p2a: Gastrodon\n|-damage|p2a: Gastrodon|0 fnt\n|faint|p2a: Gastrodon\n|\n|-end|p1a: Meowscarada|move: Yawn|[silent]\n|-status|p1a: Meowscarada|slp\n|upkeep\n|\n|t:|1699788933\n|switch|p2a: Greninja|Greninja, M, shiny|100\/100\n|turn|24\n|inactive|Vaner_42 has 180 seconds left.\n|\n|t:|1699788970\n|move|p2a: Greninja|Dark Pulse|p1a: Meowscarada\n|-start|p2a: Greninja|typechange|Dark|[from] ability: Protean\n|-damage|p1a: Meowscarada|15\/100 slp\n|cant|p1a: Meowscarada|slp\n|\n|upkeep\n|turn|25\n|\n|t:|1699788977\n|move|p2a: Greninja|Dark Pulse|p1a: Meowscarada\n|-damage|p1a: Meowscarada|0 fnt\n|faint|p1a: Meowscarada\n|\n|upkeep\n|\n|t:|1699788980\n|switch|p1a: Corviknight|Corviknight, F|100\/100\n|-ability|p1a: Corviknight|Pressure\n|turn|26\n|\n|t:|1699788986\n|move|p2a: Greninja|Dark Pulse|p1a: Corviknight\n|-damage|p1a: Corviknight|63\/100\n|move|p1a: Corviknight|Body Press|p2a: Greninja\n|-supereffective|p2a: Greninja\n|-damage|p2a: Greninja|7\/100\n|\n|upkeep\n|turn|27\n|inactive|DNDS has 270 seconds left.\n|\n|t:|1699788994\n|move|p2a: Greninja|Dark Pulse|p1a: Corviknight\n|-damage|p1a: Corviknight|27\/100\n|move|p1a: Corviknight|Body Press|p2a: Greninja\n|-supereffective|p2a: Greninja\n|-damage|p2a: Greninja|0 fnt\n|faint|p2a: Greninja\n|\n|win|DNDS\n","uploadtime":1699789404,"views":18,"p1id":"dnds","p2id":"vaner42","formatid":"gen9anythinggoes","rating":0,"private":0,"password":""}