{"id":"gen9anythinggoes-1984676682","p1":"Summerroak","p2":"Teckel1","format":"[Gen 9] Anything Goes","log":"|j|\u2606Summerroak\n|j|\u2606Teckel1\n|t:|1699290013\n|gametype|singles\n|player|p1|Summerroak|2|1000\n|player|p2|Teckel1|rocketgrunt|1011\n|teamsize|p1|6\n|teamsize|p2|6\n|gen|9\n|tier|[Gen 9] Anything Goes\n|rated|\n|rule|HP Percentage Mod: HP is shown in percentages\n|rule|Endless Battle Clause: Forcing endless battles is banned\n|clearpoke\n|poke|p1|Flareon, M|\n|poke|p1|Koraidon|\n|poke|p1|Pikachu-Alola, M|\n|poke|p1|Lucario, F|\n|poke|p1|Darkrai|\n|poke|p1|Hattrem, F|\n|poke|p2|Greninja-*, M|\n|poke|p2|Dragapult, M|\n|poke|p2|Ninetales-Alola, F|\n|poke|p2|Great Tusk|\n|poke|p2|Blissey, F|\n|poke|p2|Ceruledge, M|\n|teampreview\n|inactive|Battle timer is ON: inactive players will automatically lose when time's up. (requested by Teckel1)\n|\n|t:|1699290020\n|start\n|switch|p1a: Bike dog|Koraidon|100\/100\n|switch|p2a: Great Tusk|Great Tusk|100\/100\n|-weather|SunnyDay|[from] ability: Orichalcum Pulse|[of] p1a: Bike dog\n|-activate|p2a: Great Tusk|ability: Protosynthesis\n|-start|p2a: Great Tusk|protosynthesisatk\n|-activate|p1a: Bike dog|Orichalcum Pulse|[source]\n|turn|1\n|\n|t:|1699290031\n|move|p1a: Bike dog|Body Slam|p2a: Great Tusk\n|-damage|p2a: Great Tusk|75\/100\n|-status|p2a: Great Tusk|par\n|cant|p2a: Great Tusk|par\n|\n|-weather|SunnyDay|[upkeep]\n|-heal|p2a: Great Tusk|81\/100 par|[from] item: Leftovers\n|upkeep\n|turn|2\n|\n|t:|1699290040\n|move|p1a: Bike dog|Drain Punch|p2a: Great Tusk\n|-damage|p2a: Great Tusk|49\/100 par\n|move|p2a: Great Tusk|Ice Spinner|p1a: Bike dog\n|-supereffective|p1a: Bike dog\n|-damage|p1a: Bike dog|43\/100\n|\n|-weather|SunnyDay|[upkeep]\n|-heal|p2a: Great Tusk|55\/100 par|[from] item: Leftovers\n|upkeep\n|turn|3\n|\n|t:|1699290049\n|move|p1a: Bike dog|Acrobatics|p2a: Great Tusk\n|-supereffective|p2a: Great Tusk\n|-damage|p2a: Great Tusk|22\/100 par\n|move|p2a: Great Tusk|Ice Spinner|p1a: Bike dog\n|-supereffective|p1a: Bike dog\n|-damage|p1a: Bike dog|0 fnt\n|faint|p1a: Bike dog\n|\n|-weather|SunnyDay|[upkeep]\n|-heal|p2a: Great Tusk|28\/100 par|[from] item: Leftovers\n|upkeep\n|\n|t:|1699290059\n|switch|p1a: Elephant|Pikachu-Alola, M|100\/100\n|turn|4\n|\n|t:|1699290063\n|move|p1a: Elephant|Draining Kiss|p2a: Great Tusk\n|-supereffective|p2a: Great Tusk\n|-damage|p2a: Great Tusk|0 fnt\n|faint|p2a: Great Tusk\n|-end|p2a: Great Tusk|Protosynthesis|[silent]\n|\n|-weather|SunnyDay|[upkeep]\n|upkeep\n|\n|t:|1699290077\n|switch|p2a: Greninja|Greninja, M|100\/100\n|turn|5\n|\n|t:|1699290086\n|move|p2a: Greninja|Blizzard|p1a: Elephant\n|-damage|p1a: Elephant|12\/100\n|move|p1a: Elephant|Draining Kiss|p2a: Greninja\n|-supereffective|p2a: Greninja\n|-damage|p2a: Greninja|60\/100\n|-heal|p1a: Elephant|54\/100|[from] drain|[of] p2a: Greninja\n|\n|-weather|none\n|upkeep\n|turn|6\n|\n|t:|1699290095\n|move|p2a: Greninja|Blizzard|p1a: Elephant\n|-damage|p1a: Elephant|0 fnt\n|faint|p1a: Elephant\n|-ability|p2a: Greninja|Battle Bond|boost\n|-boost|p2a: Greninja|atk|1\n|-boost|p2a: Greninja|spa|1\n|-boost|p2a: Greninja|spe|1\n|-activate|p2a: Greninja|ability: Battle Bond\n|\n|upkeep\n|inactive|Summerroak has 120 seconds left.\n|\n|t:|1699290138\n|switch|p1a: Funny|Lucario, F|100\/100\n|turn|7\n|\n|t:|1699290144\n|move|p2a: Greninja|Night Slash|p1a: Funny\n|-resisted|p1a: Funny\n|-damage|p1a: Funny|73\/100\n|move|p1a: Funny|Zen Headbutt|p2a: Greninja\n|-immune|p2a: Greninja\n|\n|upkeep\n|turn|8\n|inactive|Summerroak has 120 seconds left.\n|\n|t:|1699290153\n|move|p2a: Greninja|Blizzard|p1a: Funny\n|-resisted|p1a: Funny\n|-damage|p1a: Funny|50\/100\n|move|p1a: Funny|Cross Chop|p2a: Greninja\n|-supereffective|p2a: Greninja\n|-damage|p2a: Greninja|0 fnt\n|faint|p2a: Greninja\n|\n|upkeep\n|\n|t:|1699290163\n|switch|p2a: Dragapult|Dragapult, M|100\/100\n|turn|9\n|\n|t:|1699290168\n|switch|p1a: Squid|Hattrem, F|100\/100\n|move|p2a: Dragapult|Flamethrower|p1a: Squid\n|-damage|p1a: Squid|67\/100\n|\n|upkeep\n|turn|10\n|\n|t:|1699290176\n|switch|p2a: Ninetales|Ninetales-Alola, F|100\/100\n|-weather|Snow|[from] ability: Snow Warning|[of] p2a: Ninetales\n|move|p1a: Squid|Healing Wish|p1a: Squid\n|faint|p1a: Squid\n|\n|-weather|Snow|[upkeep]\n|upkeep\n|\n|t:|1699290186\n|switch|p1a: Funny|Lucario, F|50\/100\n|-heal|p1a: Funny|100\/100|[from] move: Healing Wish\n|turn|11\n|\n|t:|1699290196\n|move|p2a: Ninetales|Freeze-Dry|p1a: Funny\n|-resisted|p1a: Funny\n|-damage|p1a: Funny|85\/100\n|move|p1a: Funny|Cross Chop|p2a: Ninetales\n|-crit|p2a: Ninetales\n|-damage|p2a: Ninetales|28\/100\n|\n|-weather|Snow|[upkeep]\n|-heal|p2a: Ninetales|34\/100|[from] item: Leftovers\n|upkeep\n|turn|12\n|\n|t:|1699290206\n|move|p2a: Ninetales|Zen Headbutt|p1a: Funny\n|-damage|p1a: Funny|64\/100\n|move|p1a: Funny|Zen Headbutt|p2a: Ninetales\n|-damage|p2a: Ninetales|10\/100\n|\n|-weather|Snow|[upkeep]\n|-heal|p2a: Ninetales|16\/100|[from] item: Leftovers\n|upkeep\n|turn|13\n|\n|t:|1699290215\n|move|p2a: Ninetales|Zen Headbutt|p1a: Funny\n|-damage|p1a: Funny|43\/100\n|move|p1a: Funny|Cross Chop|p2a: Ninetales\n|-damage|p2a: Ninetales|0 fnt\n|faint|p2a: Ninetales\n|\n|-weather|Snow|[upkeep]\n|upkeep\n|\n|t:|1699290224\n|switch|p2a: Dragapult|Dragapult, M|100\/100\n|turn|14\n|\n|t:|1699290230\n|move|p2a: Dragapult|Flamethrower|p1a: Funny\n|-supereffective|p1a: Funny\n|-damage|p1a: Funny|3\/100\n|-status|p1a: Funny|brn\n|move|p1a: Funny|Zen Headbutt|p2a: Dragapult\n|-damage|p2a: Dragapult|85\/100\n|\n|-weather|none\n|-damage|p1a: Funny|0 fnt|[from] brn\n|faint|p1a: Funny\n|upkeep\n|\n|t:|1699290239\n|switch|p1a: Black goku|Darkrai|100\/100\n|turn|15\n|\n|t:|1699290245\n|move|p2a: Dragapult|Dragon Darts|p1a: Black goku\n|-damage|p1a: Black goku|58\/100\n|-anim|p2a: Dragapult|Dragon Darts|p1a: Black goku\n|-damage|p1a: Black goku|17\/100\n|move|p1a: Black goku|Hypnosis|p2a: Dragapult\n|-status|p2a: Dragapult|slp|[from] move: Hypnosis\n|\n|-damage|p2a: Dragapult|72\/100 slp|[from] ability: Bad Dreams|[of] p1a: Black goku\n|upkeep\n|turn|16\n|\n|t:|1699290256\n|cant|p2a: Dragapult|slp\n|move|p1a: Black goku|Drain Punch|p2a: Dragapult\n|-immune|p2a: Dragapult\n|\n|-damage|p2a: Dragapult|60\/100 slp|[from] ability: Bad Dreams|[of] p1a: Black goku\n|upkeep\n|turn|17\n|\n|t:|1699290266\n|-curestatus|p2a: Dragapult|slp|[msg]\n|move|p2a: Dragapult|Dragon Darts|p1a: Black goku\n|-damage|p1a: Black goku|0 fnt\n|faint|p1a: Black goku\n|\n|upkeep\n|\n|t:|1699290271\n|switch|p1a: Summer|Flareon, M, shiny|100\/100\n|turn|18\n|\n|t:|1699290276\n|move|p2a: Dragapult|Dragon Darts|p1a: Summer\n|-crit|p1a: Summer\n|-damage|p1a: Summer|34\/100\n|-anim|p2a: Dragapult|Dragon Darts|p1a: Summer\n|-damage|p1a: Summer|0 fnt\n|faint|p1a: Summer\n|\n|win|Teckel1\n|raw|Summerroak's rating: 1000 &rarr; <strong>1000<\/strong><br \/>(+0 for losing)\n|raw|Teckel1's rating: 1011 &rarr; <strong>1048<\/strong><br \/>(+37 for winning)\n|l|\u2606Summerroak\n|c|\u2606Teckel1|GG\n","uploadtime":1699290300,"views":4,"p1id":"summerroak","p2id":"teckel1","formatid":"gen9anythinggoes","rating":1000,"private":0,"password":""}