{"id":"gen9anythinggoes-1983848170","p1":"ReDubbed","p2":"PPG151","format":"[Gen 9] Anything Goes","log":"|j|\u2606ReDubbed\n|j|\u2606PPG151\n|t:|1699191271\n|gametype|singles\n|player|p1|ReDubbed|pokemaniac|1035\n|player|p2|PPG151|ethan|1046\n|teamsize|p1|6\n|teamsize|p2|6\n|gen|9\n|tier|[Gen 9] Anything Goes\n|rated|\n|rule|HP Percentage Mod: HP is shown in percentages\n|rule|Endless Battle Clause: Forcing endless battles is banned\n|clearpoke\n|poke|p1|Ceruledge, M|\n|poke|p1|Swablu, M|\n|poke|p1|Toxapex, F|\n|poke|p1|Dragonite, M|\n|poke|p1|Breloom, M|\n|poke|p1|Snorlax, F|\n|poke|p2|Greninja-*, M|\n|poke|p2|Lilligant, F|\n|poke|p2|Torkoal, M|\n|poke|p2|Gliscor, M|\n|poke|p2|Pawmot, F|\n|poke|p2|Dragapult, F|\n|teampreview\n|\n|t:|1699191289\n|start\n|switch|p1a: Toxapex|Toxapex, F|100\/100\n|switch|p2a: Pawmot|Pawmot, F|100\/100\n|turn|1\n|\n|t:|1699191297\n|move|p2a: Pawmot|Double Shock|p1a: Toxapex\n|-supereffective|p1a: Toxapex\n|-damage|p1a: Toxapex|0 fnt\n|-start|p2a: Pawmot|typechange|???\/Fighting|[from] move: Double Shock\n|faint|p1a: Toxapex\n|\n|upkeep\n|\n|t:|1699191304\n|switch|p1a: Ceruledge|Ceruledge, M|100\/100\n|turn|2\n|\n|t:|1699191331\n|switch|p2a: Greninja|Greninja, M|100\/100\n|move|p1a: Ceruledge|Bitter Blade|p2a: Greninja\n|-resisted|p2a: Greninja\n|-damage|p2a: Greninja|61\/100\n|\n|upkeep\n|turn|3\n|\n|t:|1699191344\n|switch|p1a: Breloom|Breloom, M|100\/100\n|move|p2a: Greninja|Gunk Shot|p1a: Breloom\n|-supereffective|p1a: Breloom\n|-damage|p1a: Breloom|23\/100\n|-status|p1a: Breloom|psn\n|\n|-heal|p1a: Breloom|35\/100 psn|[from] ability: Poison Heal\n|upkeep\n|turn|4\n|\n|t:|1699191356\n|move|p2a: Greninja|Ice Beam|p1a: Breloom\n|-supereffective|p1a: Breloom\n|-damage|p1a: Breloom|0 fnt\n|faint|p1a: Breloom\n|-ability|p2a: Greninja|Battle Bond|boost\n|-boost|p2a: Greninja|atk|1\n|-boost|p2a: Greninja|spa|1\n|-boost|p2a: Greninja|spe|1\n|-activate|p2a: Greninja|ability: Battle Bond\n|\n|upkeep\n|\n|t:|1699191360\n|switch|p1a: Snorlax|Snorlax, F|100\/100\n|turn|5\n|\n|t:|1699191367\n|move|p2a: Greninja|Hydro Pump|p1a: Snorlax\n|-damage|p1a: Snorlax|62\/100\n|move|p1a: Snorlax|Yawn|p2a: Greninja\n|-start|p2a: Greninja|move: Yawn|[of] p1a: Snorlax\n|\n|-heal|p1a: Snorlax|68\/100|[from] item: Leftovers\n|upkeep\n|turn|6\n|\n|t:|1699191378\n|switch|p2a: Pawmot|Pawmot, F|100\/100\n|move|p1a: Snorlax|Heat Crash|p2a: Pawmot\n|-damage|p2a: Pawmot|55\/100\n|\n|-heal|p1a: Snorlax|75\/100|[from] item: Leftovers\n|upkeep\n|turn|7\n|\n|t:|1699191389\n|move|p2a: Pawmot|Close Combat|p1a: Snorlax\n|-supereffective|p1a: Snorlax\n|-damage|p1a: Snorlax|0 fnt\n|-unboost|p2a: Pawmot|def|1\n|-unboost|p2a: Pawmot|spd|1\n|faint|p1a: Snorlax\n|\n|upkeep\n|\n|t:|1699191394\n|switch|p1a: Swablu|Swablu, M|100\/100\n|turn|8\n|\n|t:|1699191400\n|move|p2a: Pawmot|Double Shock|p1a: Swablu\n|-supereffective|p1a: Swablu\n|-damage|p1a: Swablu|0 fnt\n|-start|p2a: Pawmot|typechange|???\/Fighting|[from] move: Double Shock\n|faint|p1a: Swablu\n|\n|upkeep\n|\n|t:|1699191405\n|switch|p1a: Dragonite|Dragonite, M|100\/100\n|turn|9\n|\n|t:|1699191413\n|move|p1a: Dragonite|Extreme Speed|p2a: Pawmot\n|-damage|p2a: Pawmot|0 fnt\n|faint|p2a: Pawmot\n|-damage|p1a: Dragonite|91\/100|[from] item: Life Orb\n|\n|upkeep\n|\n|t:|1699191420\n|switch|p2a: Greninja|Greninja, M|61\/100\n|turn|10\n|\n|t:|1699191431\n|move|p1a: Dragonite|Extreme Speed|p2a: Greninja\n|-damage|p2a: Greninja|0 fnt\n|faint|p2a: Greninja\n|-damage|p1a: Dragonite|81\/100|[from] item: Life Orb\n|\n|upkeep\n|\n|t:|1699191439\n|switch|p2a: Dragapult|Dragapult, F|100\/100\n|turn|11\n|\n|t:|1699191446\n|move|p2a: Dragapult|Dragon Darts|p1a: Dragonite\n|-supereffective|p1a: Dragonite\n|-damage|p1a: Dragonite|35\/100\n|-anim|p2a: Dragapult|Dragon Darts|p1a: Dragonite\n|-supereffective|p1a: Dragonite\n|-damage|p1a: Dragonite|0 fnt\n|faint|p1a: Dragonite\n|\n|upkeep\n|\n|t:|1699191454\n|switch|p1a: Ceruledge|Ceruledge, M|100\/100\n|turn|12\n|\n|t:|1699191458\n|move|p2a: Dragapult|Phantom Force||[still]\n|-prepare|p2a: Dragapult|Phantom Force\n|-enditem|p2a: Dragapult|Power Herb\n|-anim|p2a: Dragapult|Phantom Force|p1a: Ceruledge\n|-supereffective|p1a: Ceruledge\n|-damage|p1a: Ceruledge|0 fnt\n|faint|p1a: Ceruledge\n|\n|win|PPG151\n|raw|ReDubbed's rating: 1035 &rarr; <strong>1020<\/strong><br \/>(-15 for losing)\n|raw|PPG151's rating: 1046 &rarr; <strong>1078<\/strong><br \/>(+32 for winning)\n|l|\u2606ReDubbed\n","uploadtime":1699191478,"views":3,"p1id":"redubbed","p2id":"ppg151","formatid":"gen9anythinggoes","rating":1020,"private":0,"password":""}