{"id":"gen9anythinggoes-1980280132","p1":"Shockishi","p2":"Bakitaladelbarrio","format":"[Gen 9] Anything Goes","log":"|j|\u2606Shockishi\n|j|\u2606Bakitaladelbarrio\n|t:|1698771945\n|gametype|singles\n|player|p1|Shockishi|265|1446\n|player|p2|Bakitaladelbarrio|colress|1445\n|teamsize|p1|6\n|teamsize|p2|6\n|gen|9\n|tier|[Gen 9] Anything Goes\n|rated|\n|rule|HP Percentage Mod: HP is shown in percentages\n|rule|Endless Battle Clause: Forcing endless battles is banned\n|clearpoke\n|poke|p1|Maushold-Four|\n|poke|p1|Maushold-Four|\n|poke|p1|Maushold-Four|\n|poke|p1|Maushold-Four|\n|poke|p1|Maushold-Four|\n|poke|p1|Maushold-Four|\n|poke|p2|Calyrex-Shadow|\n|poke|p2|Darkrai|\n|poke|p2|Ditto|\n|poke|p2|Zacian-*|\n|poke|p2|Miraidon|\n|poke|p2|Glimmora, F|\n|teampreview\n|inactive|Battle timer is ON: inactive players will automatically lose when time's up. (requested by Bakitaladelbarrio)\n|\n|t:|1698771961\n|start\n|switch|p1a: Maushold|Maushold-Four|100\/100\n|switch|p2a: Darkrai|Darkrai|100\/100\n|turn|1\n|\n|t:|1698771968\n|move|p2a: Darkrai|Hypnosis|p1a: Maushold\n|-status|p1a: Maushold|slp|[from] move: Hypnosis\n|cant|p1a: Maushold|slp\n|\n|-damage|p1a: Maushold|88\/100 slp|[from] ability: Bad Dreams|[of] p2a: Darkrai\n|upkeep\n|turn|2\n|\n|t:|1698771977\n|move|p2a: Darkrai|Nasty Plot|p2a: Darkrai\n|-boost|p2a: Darkrai|spa|2\n|cant|p1a: Maushold|slp\n|\n|-damage|p1a: Maushold|76\/100 slp|[from] ability: Bad Dreams|[of] p2a: Darkrai\n|upkeep\n|turn|3\n|\n|t:|1698771985\n|move|p2a: Darkrai|Dark Pulse|p1a: Maushold\n|-damage|p1a: Maushold|0 fnt\n|faint|p1a: Maushold\n|\n|upkeep\n|\n|t:|1698771989\n|switch|p1a: Maushold|Maushold-Four|100\/100\n|turn|4\n|\n|t:|1698771996\n|move|p2a: Darkrai|Hypnosis|p1a: Maushold\n|-status|p1a: Maushold|slp|[from] move: Hypnosis\n|cant|p1a: Maushold|slp\n|\n|-damage|p1a: Maushold|88\/100 slp|[from] ability: Bad Dreams|[of] p2a: Darkrai\n|upkeep\n|turn|5\n|\n|t:|1698772005\n|move|p2a: Darkrai|Dark Pulse|p1a: Maushold\n|-crit|p1a: Maushold\n|-damage|p1a: Maushold|0 fnt\n|faint|p1a: Maushold\n|\n|upkeep\n|\n|t:|1698772014\n|switch|p1a: Maushold|Maushold-Four|100\/100\n|turn|6\n|\n|t:|1698772019\n|move|p2a: Darkrai|Hypnosis|p1a: Maushold|[miss]\n|-miss|p2a: Darkrai|p1a: Maushold\n|move|p1a: Maushold|Tidy Up|p1a: Maushold\n|-boost|p1a: Maushold|atk|1\n|-boost|p1a: Maushold|spe|1\n|\n|upkeep\n|turn|7\n|\n|t:|1698772027\n|switch|p2a: Glimmora|Glimmora, F|100\/100\n|move|p1a: Maushold|Population Bomb|p2a: Glimmora\n|-resisted|p2a: Glimmora\n|-damage|p2a: Glimmora|91\/100\n|-activate|p2a: Glimmora|ability: Toxic Debris\n|-sidestart|p1: Shockishi|move: Toxic Spikes\n|-resisted|p2a: Glimmora\n|-damage|p2a: Glimmora|80\/100\n|-activate|p2a: Glimmora|ability: Toxic Debris\n|-sidestart|p1: Shockishi|move: Toxic Spikes\n|-resisted|p2a: Glimmora\n|-damage|p2a: Glimmora|71\/100\n|-resisted|p2a: Glimmora\n|-damage|p2a: Glimmora|61\/100\n|-resisted|p2a: Glimmora\n|-damage|p2a: Glimmora|50\/100\n|-resisted|p2a: Glimmora\n|-damage|p2a: Glimmora|40\/100\n|-resisted|p2a: Glimmora\n|-damage|p2a: Glimmora|29\/100\n|-resisted|p2a: Glimmora\n|-damage|p2a: Glimmora|18\/100\n|-resisted|p2a: Glimmora\n|-damage|p2a: Glimmora|8\/100\n|-resisted|p2a: Glimmora\n|-damage|p2a: Glimmora|0 fnt\n|faint|p2a: Glimmora\n|-hitcount|p2: Glimmora|10\n|\n|upkeep\n|\n|t:|1698772051\n|switch|p2a: Ditto|Ditto|100\/100\n|-transform|p2a: Ditto|p1a: Maushold|[from] ability: Imposter\n|turn|8\n|\n|t:|1698772060\n|move|p2a: Ditto|Population Bomb|p1a: Maushold\n|-damage|p1a: Maushold|74\/100\n|-damage|p1a: Maushold|49\/100\n|-damage|p1a: Maushold|23\/100\n|-damage|p1a: Maushold|0 fnt\n|faint|p1a: Maushold\n|-hitcount|p1: Maushold|4\n|\n|upkeep\n|\n|t:|1698772069\n|switch|p1a: Maushold|Maushold-Four|100\/100\n|-status|p1a: Maushold|tox\n|turn|9\n|\n|t:|1698772074\n|move|p2a: Ditto|Population Bomb|p1a: Maushold\n|-damage|p1a: Maushold|72\/100 tox\n|-damage|p1a: Maushold|45\/100 tox\n|-damage|p1a: Maushold|18\/100 tox\n|-damage|p1a: Maushold|0 fnt\n|faint|p1a: Maushold\n|-hitcount|p1: Maushold|4\n|\n|upkeep\n|\n|t:|1698772082\n|switch|p1a: Maushold|Maushold-Four|100\/100\n|-status|p1a: Maushold|tox\n|turn|10\n|\n|t:|1698772088\n|move|p2a: Ditto|Population Bomb|p1a: Maushold\n|-damage|p1a: Maushold|73\/100 tox\n|-damage|p1a: Maushold|46\/100 tox\n|-damage|p1a: Maushold|18\/100 tox\n|-damage|p1a: Maushold|0 fnt\n|faint|p1a: Maushold\n|-hitcount|p1: Maushold|4\n|\n|upkeep\n|\n|t:|1698772093\n|switch|p1a: Maushold|Maushold-Four|100\/100\n|-status|p1a: Maushold|tox\n|turn|11\n|\n|t:|1698772100\n|move|p2a: Ditto|Population Bomb|p1a: Maushold\n|-damage|p1a: Maushold|77\/100 tox\n|-damage|p1a: Maushold|50\/100 tox\n|-damage|p1a: Maushold|23\/100 tox\n|-damage|p1a: Maushold|0 fnt\n|faint|p1a: Maushold\n|-hitcount|p1: Maushold|4\n|\n|win|Bakitaladelbarrio\n|raw|Shockishi's rating: 1446 &rarr; <strong>1426<\/strong><br \/>(-20 for losing)\n|raw|Bakitaladelbarrio's rating: 1445 &rarr; <strong>1465<\/strong><br \/>(+20 for winning)\n","uploadtime":1698772110,"views":8,"p1id":"shockishi","p2id":"bakitaladelbarrio","formatid":"gen9anythinggoes","rating":1426,"private":0,"password":""}