{"id":"gen9anythinggoes-1972074462","p1":"Denjamin1986","p2":"matze_m","format":"[Gen 9] Anything Goes","log":"|j|\u2606Denjamin1986\n|j|\u2606matze_m\n|t:|1697810651\n|gametype|singles\n|player|p1|Denjamin1986|li|\n|player|p2|matze_m|lance|\n|teamsize|p1|6\n|teamsize|p2|6\n|gen|9\n|tier|[Gen 9] Anything Goes\n|rule|HP Percentage Mod: HP is shown in percentages\n|rule|Endless Battle Clause: Forcing endless battles is banned\n|clearpoke\n|poke|p1|Vaporeon, M|\n|poke|p1|Forretress, M|\n|poke|p1|Weavile, M|\n|poke|p1|Uxie|\n|poke|p1|Pawmot, M|\n|poke|p1|Gliscor, F|\n|poke|p2|Arcanine, M|\n|poke|p2|Avalugg-Hisui, M|\n|poke|p2|Mandibuzz, F|\n|poke|p2|Fezandipiti, M|\n|poke|p2|Dragapult, M|\n|poke|p2|Mew|\n|teampreview\n|c|\u2606Denjamin1986|GL hf\n|\n|t:|1697810706\n|start\n|switch|p1a: Pawmot|Pawmot, M|100\/100\n|switch|p2a: Mew|Mew|100\/100\n|turn|1\n|\n|t:|1697810719\n|move|p1a: Pawmot|Knock Off|p2a: Mew\n|-supereffective|p2a: Mew\n|-damage|p2a: Mew|33\/100\n|-enditem|p2a: Mew|Life Orb|[from] move: Knock Off|[of] p1a: Pawmot\n|move|p2a: Mew|Earth Power|p1a: Pawmot\n|-supereffective|p1a: Pawmot\n|-damage|p1a: Pawmot|9\/100\n|\n|upkeep\n|turn|2\n|\n|t:|1697810743\n|switch|p2a: Avalugg|Avalugg-Hisui, M|100\/100\n|move|p1a: Pawmot|Knock Off|p2a: Avalugg\n|-damage|p2a: Avalugg|86\/100\n|-enditem|p2a: Avalugg|Leftovers|[from] move: Knock Off|[of] p1a: Pawmot\n|\n|upkeep\n|turn|3\n|\n|t:|1697810758\n|switch|p1a: Forretress|Forretress, M|100\/100\n|-terastallize|p2a: Avalugg|Fairy\n|move|p2a: Avalugg|Tera Blast|p1a: Forretress|[anim] Tera Blast Fairy\n|-resisted|p1a: Forretress\n|-damage|p1a: Forretress|90\/100\n|\n|upkeep\n|turn|4\n|\n|t:|1697810774\n|switch|p2a: Arcanine|Arcanine, M|100\/100\n|-ability|p2a: Arcanine|Intimidate|boost\n|-unboost|p1a: Forretress|atk|1\n|move|p1a: Forretress|Spikes|p2a: Arcanine\n|-sidestart|p2: matze_m|Spikes\n|\n|upkeep\n|turn|5\n|\n|t:|1697810790\n|switch|p1a: Gliscor|Gliscor, F|100\/100\n|move|p2a: Arcanine|Will-O-Wisp|p1a: Gliscor\n|-status|p1a: Gliscor|brn\n|\n|-damage|p1a: Gliscor|94\/100 brn|[from] brn\n|upkeep\n|turn|6\n|\n|t:|1697810811\n|switch|p2a: Avalugg|Avalugg-Hisui, M, tera:Fairy|86\/100\n|-damage|p2a: Avalugg|74\/100|[from] Spikes\n|move|p1a: Gliscor|Toxic|p2a: Avalugg\n|-status|p2a: Avalugg|tox\n|\n|-damage|p2a: Avalugg|68\/100 tox|[from] psn\n|-damage|p1a: Gliscor|88\/100 brn|[from] brn\n|upkeep\n|turn|7\n|\n|t:|1697810825\n|switch|p1a: Forretress|Forretress, M|90\/100\n|move|p2a: Avalugg|Recover|p2a: Avalugg\n|-heal|p2a: Avalugg|100\/100 tox\n|\n|-damage|p2a: Avalugg|88\/100 tox|[from] psn\n|upkeep\n|turn|8\n|\n|t:|1697810838\n|move|p2a: Avalugg|Rapid Spin|p1a: Forretress\n|-resisted|p1a: Forretress\n|-damage|p1a: Forretress|86\/100\n|-boost|p2a: Avalugg|spe|1\n|-damage|p2a: Avalugg|72\/100 tox|[from] item: Rocky Helmet|[of] p1a: Forretress\n|-sideend|p2: matze_m|Spikes|[from] move: Rapid Spin|[of] p2a: Avalugg\n|move|p1a: Forretress|Volt Switch|p2a: Avalugg\n|-damage|p2a: Avalugg|51\/100 tox\n|\n|t:|1697810850\n|switch|p1a: Uxie|Uxie|100\/100|[from] Volt Switch\n|\n|-damage|p2a: Avalugg|32\/100 tox|[from] psn\n|upkeep\n|turn|9\n|\n|t:|1697810898\n|switch|p2a: Mandibuzz|Mandibuzz, F|100\/100\n|move|p1a: Uxie|Stealth Rock|p2a: Mandibuzz\n|-sidestart|p2: matze_m|move: Stealth Rock\n|\n|upkeep\n|turn|10\n|\n|t:|1697810913\n|-terastallize|p1a: Uxie|Electric\n|move|p1a: Uxie|Draining Kiss|p2a: Mandibuzz\n|-supereffective|p2a: Mandibuzz\n|-damage|p2a: Mandibuzz|89\/100\n|move|p2a: Mandibuzz|Toxic|p1a: Uxie\n|-status|p1a: Uxie|tox\n|\n|-damage|p1a: Uxie|94\/100 tox|[from] psn\n|upkeep\n|turn|11\n|\n|t:|1697810928\n|move|p1a: Uxie|Draining Kiss|p2a: Mandibuzz\n|-supereffective|p2a: Mandibuzz\n|-damage|p2a: Mandibuzz|77\/100\n|-heal|p1a: Uxie|100\/100 tox|[from] drain|[of] p2a: Mandibuzz\n|move|p2a: Mandibuzz|U-turn|p1a: Uxie\n|-damage|p1a: Uxie|93\/100 tox\n|\n|t:|1697811018\n|switch|p2a: Avalugg|Avalugg-Hisui, M, tera:Fairy|32\/100 tox|[from] U-turn\n|-damage|p2a: Avalugg|20\/100 tox|[from] Stealth Rock\n|\n|-damage|p1a: Uxie|80\/100 tox|[from] psn\n|-damage|p2a: Avalugg|14\/100 tox|[from] psn\n|upkeep\n|turn|12\n|\n|t:|1697811029\n|move|p1a: Uxie|Mystical Power|p2a: Avalugg\n|-damage|p2a: Avalugg|0 fnt\n|-boost|p1a: Uxie|spa|1\n|faint|p2a: Avalugg\n|\n|-damage|p1a: Uxie|61\/100 tox|[from] psn\n|upkeep\n|\n|t:|1697811044\n|switch|p2a: Dragapult|Dragapult, M|100\/100\n|-damage|p2a: Dragapult|88\/100|[from] Stealth Rock\n|turn|13\n|\n|t:|1697811052\n|move|p2a: Dragapult|Hex|p1a: Uxie\n|-damage|p1a: Uxie|9\/100 tox\n|-enditem|p1a: Uxie|Sitrus Berry|[eat]\n|-heal|p1a: Uxie|34\/100 tox|[from] item: Sitrus Berry\n|move|p1a: Uxie|Draining Kiss|p2a: Dragapult\n|-supereffective|p2a: Dragapult\n|-damage|p2a: Dragapult|53\/100\n|-heal|p1a: Uxie|57\/100 tox|[from] drain|[of] p2a: Dragapult\n|\n|-damage|p1a: Uxie|32\/100 tox|[from] psn\n|upkeep\n|turn|14\n|\n|t:|1697811065\n|move|p2a: Dragapult|Hex|p1a: Uxie\n|-damage|p1a: Uxie|0 fnt\n|faint|p1a: Uxie\n|\n|upkeep\n|\n|t:|1697811074\n|switch|p1a: Weavile|Weavile, M|100\/100\n|-ability|p1a: Weavile|Pressure\n|turn|15\n|\n|t:|1697811084\n|switch|p2a: Mew|Mew|33\/100\n|-damage|p2a: Mew|20\/100|[from] Stealth Rock\n|move|p1a: Weavile|Lash Out|p2a: Mew\n|-supereffective|p2a: Mew\n|-damage|p2a: Mew|0 fnt\n|faint|p2a: Mew\n|\n|upkeep\n|\n|t:|1697811093\n|switch|p2a: Fezandipiti|Fezandipiti, M|100\/100\n|-damage|p2a: Fezandipiti|88\/100|[from] Stealth Rock\n|turn|16\n|\n|t:|1697811101\n|switch|p1a: Gliscor|Gliscor, F|88\/100 brn\n|move|p2a: Fezandipiti|Moonblast|p1a: Gliscor\n|-damage|p1a: Gliscor|41\/100 brn\n|\n|-damage|p1a: Gliscor|35\/100 brn|[from] brn\n|upkeep\n|turn|17\n|\n|t:|1697811114\n|move|p2a: Fezandipiti|Moonblast|p1a: Gliscor\n|-damage|p1a: Gliscor|0 fnt\n|faint|p1a: Gliscor\n|\n|upkeep\n|\n|t:|1697811122\n|switch|p1a: Vaporeon|Vaporeon, M|100\/100\n|turn|18\n|\n|t:|1697811145\n|switch|p2a: Mandibuzz|Mandibuzz, F|77\/100\n|move|p1a: Vaporeon|Flip Turn|p2a: Mandibuzz\n|-damage|p2a: Mandibuzz|65\/100\n|\n|t:|1697811156\n|switch|p1a: Pawmot|Pawmot, M|9\/100|[from] Flip Turn\n|\n|upkeep\n|turn|19\n|\n|t:|1697811175\n|switch|p2a: Arcanine|Arcanine, M|100\/100\n|-ability|p2a: Arcanine|Intimidate|boost\n|-unboost|p1a: Pawmot|atk|1\n|move|p1a: Pawmot|Thunder Punch|p2a: Arcanine\n|-damage|p2a: Arcanine|67\/100\n|\n|upkeep\n|turn|20\n|\n|t:|1697811215\n|move|p2a: Arcanine|Extreme Speed|p1a: Pawmot\n|-damage|p1a: Pawmot|0 fnt\n|faint|p1a: Pawmot\n|\n|upkeep\n|\n|t:|1697811229\n|switch|p1a: Weavile|Weavile, M|100\/100\n|-ability|p1a: Weavile|Pressure\n|turn|21\n|\n|t:|1697811285\n|move|p1a: Weavile|Knock Off|p2a: Arcanine\n|-damage|p2a: Arcanine|0 fnt\n|-enditem|p2a: Arcanine|Heavy-Duty Boots|[from] move: Knock Off|[of] p1a: Weavile\n|faint|p2a: Arcanine\n|\n|upkeep\n|\n|t:|1697811292\n|switch|p2a: Fezandipiti|Fezandipiti, M|88\/100\n|-damage|p2a: Fezandipiti|76\/100|[from] Stealth Rock\n|turn|22\n|\n|t:|1697811310\n|switch|p1a: Vaporeon|Vaporeon, M|100\/100\n|move|p2a: Fezandipiti|U-turn|p1a: Vaporeon\n|-damage|p1a: Vaporeon|87\/100\n|-status|p1a: Vaporeon|tox|[from] ability: Toxic Chain|[of] p2a: Fezandipiti\n|\n|t:|1697811361\n|switch|p2a: Mandibuzz|Mandibuzz, F|65\/100|[from] U-turn\n|\n|-heal|p1a: Vaporeon|93\/100 tox|[from] item: Leftovers\n|-damage|p1a: Vaporeon|87\/100 tox|[from] psn\n|upkeep\n|turn|23\n|\n|t:|1697811371\n|move|p2a: Mandibuzz|Knock Off|p1a: Vaporeon\n|-damage|p1a: Vaporeon|62\/100 tox\n|-enditem|p1a: Vaporeon|Leftovers|[from] move: Knock Off|[of] p2a: Mandibuzz\n|move|p1a: Vaporeon|Ice Beam|p2a: Mandibuzz\n|-supereffective|p2a: Mandibuzz\n|-damage|p2a: Mandibuzz|34\/100\n|\n|-damage|p1a: Vaporeon|50\/100 tox|[from] psn\n|upkeep\n|turn|24\n|\n|t:|1697811388\n|move|p2a: Mandibuzz|Roost|p2a: Mandibuzz\n|-heal|p2a: Mandibuzz|85\/100\n|-singleturn|p2a: Mandibuzz|move: Roost\n|move|p1a: Vaporeon|Flip Turn|p2a: Mandibuzz\n|-damage|p2a: Mandibuzz|73\/100\n|\n|t:|1697811396\n|switch|p1a: Weavile|Weavile, M|100\/100|[from] Flip Turn\n|-ability|p1a: Weavile|Pressure\n|\n|upkeep\n|turn|25\n|\n|t:|1697811408\n|move|p1a: Weavile|Icicle Crash|p2a: Mandibuzz\n|-supereffective|p2a: Mandibuzz\n|-damage|p2a: Mandibuzz|0 fnt\n|faint|p2a: Mandibuzz\n|\n|upkeep\n|\n|t:|1697811427\n|switch|p2a: Fezandipiti|Fezandipiti, M|76\/100\n|-damage|p2a: Fezandipiti|64\/100|[from] Stealth Rock\n|turn|26\n|\n|t:|1697811432\n|move|p2a: Fezandipiti|Moonblast|p1a: Weavile\n|-supereffective|p1a: Weavile\n|-damage|p1a: Weavile|0 fnt\n|faint|p1a: Weavile\n|\n|upkeep\n|\n|t:|1697811438\n|switch|p1a: Forretress|Forretress, M|86\/100\n|turn|27\n|\n|t:|1697811451\n|switch|p2a: Dragapult|Dragapult, M|53\/100\n|-damage|p2a: Dragapult|41\/100|[from] Stealth Rock\n|move|p1a: Forretress|Ice Spinner|p2a: Dragapult\n|-supereffective|p2a: Dragapult\n|-damage|p2a: Dragapult|1\/100\n|\n|upkeep\n|turn|28\n|c|\u2606Denjamin1986|Fuck der ist scarf\n|\n|t:|1697811477\n|move|p2a: Dragapult|Flamethrower|p1a: Forretress\n|-supereffective|p1a: Forretress\n|-damage|p1a: Forretress|0 fnt\n|faint|p1a: Forretress\n|\n|upkeep\n|\n|t:|1697811483\n|switch|p1a: Vaporeon|Vaporeon, M|50\/100 tox\n|turn|29\n|\n|t:|1697811497\n|move|p2a: Dragapult|Flamethrower|p1a: Vaporeon\n|-resisted|p1a: Vaporeon\n|-damage|p1a: Vaporeon|40\/100 tox\n|move|p1a: Vaporeon|Ice Beam|p2a: Dragapult\n|-supereffective|p2a: Dragapult\n|-damage|p2a: Dragapult|0 fnt\n|faint|p2a: Dragapult\n|\n|-damage|p1a: Vaporeon|34\/100 tox|[from] psn\n|upkeep\n|\n|t:|1697811505\n|switch|p2a: Fezandipiti|Fezandipiti, M|64\/100\n|-damage|p2a: Fezandipiti|51\/100|[from] Stealth Rock\n|turn|30\n|\n|t:|1697811512\n|move|p2a: Fezandipiti|Moonblast|p1a: Vaporeon\n|-damage|p1a: Vaporeon|15\/100 tox\n|move|p1a: Vaporeon|Ice Beam|p2a: Fezandipiti\n|-damage|p2a: Fezandipiti|32\/100\n|\n|-damage|p1a: Vaporeon|3\/100 tox|[from] psn\n|upkeep\n|turn|31\n|\n|t:|1697811521\n|move|p2a: Fezandipiti|Moonblast|p1a: Vaporeon\n|-damage|p1a: Vaporeon|0 fnt\n|faint|p1a: Vaporeon\n|\n|win|matze_m\n|c|\u2606Denjamin1986|Gg\n|c|\u2606matze_m|GG\n|c|\u2606Denjamin1986|Der scarf hat mich \u00fcberrascht\n|c|\u2606matze_m|Ich habe auch echt lange \u00fcberlegt ob ich den so spielen soll\n|c|\u2606matze_m|Aber hat sich gelohnt\n|c|\u2606Denjamin1986|Hab das gesehen, dachte aber eher der kommt physisch\n","uploadtime":1697811608,"views":22,"p1id":"denjamin1986","p2id":"matzem","formatid":"gen9anythinggoes","rating":0,"private":0,"password":""}