{"id":"gen9anythinggoes-1983592548","p1":"TheJoeyGuy","p2":"Salty Oshuwatt","format":"[Gen 9] Anything Goes","log":"|j|\u2606TheJoeyGuy\n|j|\u2606Salty Oshuwatt\n|t:|1699147073\n|gametype|singles\n|player|p1|TheJoeyGuy|101|\n|player|p2|Salty Oshuwatt|clown|\n|teamsize|p1|6\n|teamsize|p2|6\n|gen|9\n|tier|[Gen 9] Anything Goes\n|rule|HP Percentage Mod: HP is shown in percentages\n|rule|Endless Battle Clause: Forcing endless battles is banned\n|clearpoke\n|poke|p1|Chien-Pao|\n|poke|p1|Hawlucha, M|\n|poke|p1|Farigiraf, F|\n|poke|p1|Ditto|\n|poke|p1|Eiscue, M|\n|poke|p1|Basculegion-F, F|\n|poke|p2|Ursaluna-Bloodmoon, M|\n|poke|p2|Heatran, M|\n|poke|p2|Annihilape, M|\n|poke|p2|Cyclizar, F|\n|poke|p2|Illumise, F|\n|poke|p2|Articuno-Galar|\n|teampreview\n|j| FLOOR IT\n|c|\u2606Salty Oshuwatt|glhf\n|j| Frosty458\n|c|\u2606TheJoeyGuy|glhf\n|l| Frosty458\n|j| Frosty458\n|\n|t:|1699147136\n|start\n|switch|p1a: DO NOT TERA|Basculegion-F, F|100\/100\n|switch|p2a: Articuno|Articuno-Galar|100\/100\n|turn|1\n|\n|t:|1699147155\n|move|p2a: Articuno|Light Screen|p2a: Articuno\n|-sidestart|p2: Salty Oshuwatt|move: Light Screen\n|move|p1a: DO NOT TERA|Icy Wind|p2a: Articuno\n|-supereffective|p2a: Articuno\n|-damage|p2a: Articuno|86\/100\n|-unboost|p2a: Articuno|spe|1\n|-ability|p2a: Articuno|Competitive|boost\n|-boost|p2a: Articuno|spa|2\n|\n|upkeep\n|turn|2\n|c|\u2606TheJoeyGuy|oh\n|c|\u2606TheJoeyGuy|right\n|c|\u2606TheJoeyGuy|okay\n|\n|t:|1699147190\n|move|p1a: DO NOT TERA|Hydro Pump|p2a: Articuno\n|-damage|p2a: Articuno|56\/100\n|move|p2a: Articuno|Reflect|p2a: Articuno\n|-sidestart|p2: Salty Oshuwatt|Reflect\n|\n|upkeep\n|turn|3\n|\n|t:|1699147206\n|move|p1a: DO NOT TERA|Hydro Pump|p2a: Articuno\n|-damage|p2a: Articuno|31\/100\n|move|p2a: Articuno|Future Sight|p1a: DO NOT TERA\n|-start|p2a: Articuno|move: Future Sight\n|\n|upkeep\n|turn|4\n|\n|t:|1699147218\n|move|p1a: DO NOT TERA|Hydro Pump|p2a: Articuno|[miss]\n|-miss|p1a: DO NOT TERA|p2a: Articuno\n|move|p2a: Articuno|Recover|p2a: Articuno\n|-heal|p2a: Articuno|81\/100\n|\n|upkeep\n|turn|5\n|\n|t:|1699147241\n|switch|p2a: Cyclizar|Cyclizar, F|100\/100\n|move|p1a: DO NOT TERA|Icy Wind|p2a: Cyclizar\n|-supereffective|p2a: Cyclizar\n|-damage|p2a: Cyclizar|79\/100\n|-unboost|p2a: Cyclizar|spe|1\n|\n|-end|p1a: DO NOT TERA|move: Future Sight\n|-damage|p1a: DO NOT TERA|63\/100\n|upkeep\n|turn|6\n|\n|t:|1699147270\n|switch|p1a: madam|Farigiraf, F|100\/100\n|move|p2a: Cyclizar|Knock Off|p1a: madam\n|-supereffective|p1a: madam\n|-damage|p1a: madam|55\/100\n|-enditem|p1a: madam|Focus Sash|[from] move: Knock Off|[of] p2a: Cyclizar\n|\n|upkeep\n|turn|7\n|\n|t:|1699147295\n|move|p2a: Cyclizar|Shed Tail|p2a: Cyclizar\n|-start|p2a: Cyclizar|Substitute|[from] move: Shed Tail\n|-damage|p2a: Cyclizar|29\/100\n|\n|t:|1699147308\n|switch|p2a: Ursaluna|Ursaluna-Bloodmoon, M|100\/100|[from] Shed Tail\n|move|p1a: madam|Hyper Voice|p2a: Ursaluna\n|-damage|p2a: Ursaluna|77\/100\n|\n|upkeep\n|turn|8\n|\n|t:|1699147332\n|move|p2a: Ursaluna|Blood Moon|p1a: madam\n|-damage|p1a: madam|0 fnt\n|faint|p1a: madam\n|-heal|p2a: Ursaluna|84\/100|[from] item: Shell Bell|[of] p1: madam\n|\n|-sideend|p2: Salty Oshuwatt|move: Light Screen\n|upkeep\n|\n|t:|1699147355\n|switch|p1a: DO NOT TERA|Basculegion-F, F|63\/100\n|turn|9\n|\n|t:|1699147366\n|move|p1a: DO NOT TERA|Ice Beam|p2a: Ursaluna\n|-supereffective|p2a: Ursaluna\n|-end|p2a: Ursaluna|Substitute\n|move|p2a: Ursaluna|Earth Power|p1a: DO NOT TERA\n|-damage|p1a: DO NOT TERA|34\/100\n|-heal|p2a: Ursaluna|87\/100|[from] item: Shell Bell|[of] p1a: DO NOT TERA\n|\n|-sideend|p2: Salty Oshuwatt|Reflect\n|upkeep\n|turn|10\n|\n|t:|1699147384\n|switch|p2a: Cyclizar|Cyclizar, F|62\/100\n|move|p1a: DO NOT TERA|Hydro Pump|p2a: Cyclizar\n|-resisted|p2a: Cyclizar\n|-damage|p2a: Cyclizar|22\/100\n|\n|upkeep\n|turn|11\n|\n|t:|1699147423\n|switch|p1a: big nugget|Hawlucha, M|100\/100\n|move|p2a: Cyclizar|Knock Off|p1a: big nugget\n|-resisted|p1a: big nugget\n|-damage|p1a: big nugget|86\/100\n|-enditem|p1a: big nugget|White Herb|[from] move: Knock Off|[of] p2a: Cyclizar\n|\n|upkeep\n|turn|12\n|\n|t:|1699147487\n|switch|p2a: Articuno|Articuno-Galar|81\/100\n|-terastallize|p1a: big nugget|Steel\n|move|p1a: big nugget|Swords Dance|p1a: big nugget\n|-boost|p1a: big nugget|atk|2\n|\n|upkeep\n|turn|13\n|\n|t:|1699147509\n|move|p1a: big nugget|Stone Edge|p2a: Articuno|[miss]\n|-miss|p1a: big nugget|p2a: Articuno\n|move|p2a: Articuno|Reflect|p2a: Articuno\n|-sidestart|p2: Salty Oshuwatt|Reflect\n|\n|upkeep\n|turn|14\n|c|\u2606TheJoeyGuy|oh bother\n|\n|t:|1699147527\n|move|p1a: big nugget|Stone Edge|p2a: Articuno\n|-supereffective|p2a: Articuno\n|-damage|p2a: Articuno|17\/100\n|move|p2a: Articuno|Light Screen|p2a: Articuno\n|-sidestart|p2: Salty Oshuwatt|move: Light Screen\n|\n|upkeep\n|turn|15\n|c| FLOOR IT|Luck isn't with you tonight Joey\n|\n|t:|1699147550\n|switch|p2a: Annihilape|Annihilape, M|100\/100\n|move|p1a: big nugget|Swords Dance|p1a: big nugget\n|-boost|p1a: big nugget|atk|2\n|\n|upkeep\n|turn|16\n|\n|t:|1699147575\n|move|p1a: big nugget|Defog|p2a: Annihilape\n|-unboost|p2a: Annihilape|evasion|1\n|-ability|p2a: Annihilape|Defiant|boost\n|-boost|p2a: Annihilape|atk|2\n|-sideend|p2: Salty Oshuwatt|Reflect\n|-sideend|p2: Salty Oshuwatt|move: Light Screen\n|move|p2a: Annihilape|Drain Punch|p1a: big nugget\n|-supereffective|p1a: big nugget\n|-damage|p1a: big nugget|0 fnt\n|faint|p1a: big nugget\n|\n|upkeep\n|c|\u2606TheJoeyGuy|god damn it\n|c|\u2606TheJoeyGuy|first competitive then defiant\n|\n|t:|1699147614\n|switch|p1a: identity theft|Ditto|100\/100\n|-transform|p1a: identity theft|p2a: Annihilape|[from] ability: Imposter\n|turn|17\n|\n|t:|1699147640\n|move|p1a: identity theft|Rage Fist|p2a: Annihilape\n|-supereffective|p2a: Annihilape\n|-damage|p2a: Annihilape|17\/100\n|move|p2a: Annihilape|Rage Fist|p1a: identity theft\n|-supereffective|p1a: identity theft\n|-damage|p1a: identity theft|0 fnt\n|faint|p1a: identity theft\n|\n|upkeep\n|\n|t:|1699147649\n|switch|p1a: club penguin|Eiscue, M|100\/100\n|turn|18\n|\n|t:|1699147667\n|move|p2a: Annihilape|Drain Punch|p1a: club penguin\n|-activate|p1a: club penguin|ability: Ice Face\n|-damage|p1a: club penguin|100\/100\n|detailschange|p1a: club penguin|Eiscue-Noice, M\n|move|p1a: club penguin|Liquidation|p2a: Annihilape\n|-damage|p2a: Annihilape|0 fnt\n|faint|p2a: Annihilape\n|\n|upkeep\n|\n|t:|1699147691\n|switch|p2a: Heatran|Heatran, M|100\/100\n|turn|19\n|\n|t:|1699147706\n|switch|p1a: DO NOT TERA|Basculegion-F, F|34\/100\n|-terastallize|p2a: Heatran|Fairy\n|move|p2a: Heatran|Earth Power|p1a: DO NOT TERA\n|-damage|p1a: DO NOT TERA|10\/100\n|\n|upkeep\n|turn|20\n|\n|t:|1699147724\n|move|p1a: DO NOT TERA|Hydro Pump|p2a: Heatran\n|-damage|p2a: Heatran|51\/100\n|move|p2a: Heatran|Earth Power|p1a: DO NOT TERA\n|-damage|p1a: DO NOT TERA|0 fnt\n|faint|p1a: DO NOT TERA\n|\n|-heal|p2a: Heatran|57\/100|[from] item: Leftovers\n|upkeep\n|\n|t:|1699147737\n|switch|p1a: club penguin|Eiscue-Noice, M|100\/100\n|turn|21\n|\n|t:|1699147744\n|move|p1a: club penguin|Iron Head|p2a: Heatran\n|-supereffective|p2a: Heatran\n|-damage|p2a: Heatran|26\/100\n|cant|p2a: Heatran|flinch\n|\n|-heal|p2a: Heatran|32\/100|[from] item: Leftovers\n|upkeep\n|turn|22\n|\n|t:|1699147752\n|move|p1a: club penguin|Iron Head|p2a: Heatran\n|-supereffective|p2a: Heatran\n|-damage|p2a: Heatran|0 fnt\n|faint|p2a: Heatran\n|\n|upkeep\n|\n|t:|1699147758\n|switch|p2a: Ursaluna|Ursaluna-Bloodmoon, M|87\/100\n|turn|23\n|\n|t:|1699147776\n|move|p1a: club penguin|Iron Head|p2a: Ursaluna\n|-damage|p2a: Ursaluna|75\/100\n|cant|p2a: Ursaluna|flinch\n|\n|upkeep\n|turn|24\n|\n|t:|1699147782\n|move|p1a: club penguin|Ice Spinner|p2a: Ursaluna\n|-supereffective|p2a: Ursaluna\n|-damage|p2a: Ursaluna|40\/100\n|move|p2a: Ursaluna|Earth Power|p1a: club penguin\n|-damage|p1a: club penguin|19\/100\n|-unboost|p1a: club penguin|spd|1\n|-heal|p2a: Ursaluna|47\/100|[from] item: Shell Bell|[of] p1a: club penguin\n|\n|upkeep\n|turn|25\n|\n|t:|1699147796\n|move|p2a: Ursaluna|Vacuum Wave|p1a: club penguin\n|-supereffective|p1a: club penguin\n|-damage|p1a: club penguin|0 fnt\n|faint|p1a: club penguin\n|-heal|p2a: Ursaluna|48\/100|[from] item: Shell Bell|[of] p1: club penguin\n|\n|upkeep\n|\n|t:|1699147801\n|switch|p1a: teefers|Chien-Pao|100\/100\n|-ability|p1a: teefers|Sword of Ruin\n|turn|26\n|\n|t:|1699147831\n|move|p2a: Ursaluna|Vacuum Wave|p1a: teefers\n|-supereffective|p1a: teefers\n|-damage|p1a: teefers|33\/100\n|-heal|p2a: Ursaluna|54\/100|[from] item: Shell Bell|[of] p1a: teefers\n|move|p1a: teefers|Icicle Crash|p2a: Ursaluna\n|-supereffective|p2a: Ursaluna\n|-damage|p2a: Ursaluna|0 fnt\n|faint|p2a: Ursaluna\n|\n|upkeep\n|\n|t:|1699147840\n|switch|p2a: Illumise|Illumise, F|100\/100\n|turn|27\n|\n|t:|1699147846\n|move|p1a: teefers|Substitute|p1a: teefers\n|-start|p1a: teefers|Substitute\n|-damage|p1a: teefers|8\/100\n|move|p2a: Illumise|Bug Buzz|p1a: teefers\n|-supereffective|p1a: teefers\n|-damage|p1a: teefers|0 fnt\n|faint|p1a: teefers\n|\n|win|Salty Oshuwatt\n|c|\u2606TheJoeyGuy|FUCKING SOUND MOVE\n|l| Frosty458\n|c|\u2606TheJoeyGuy|GOD DAMN IT\n|c|\u2606TheJoeyGuy|ggs\n|c|\u2606Salty Oshuwatt|gg\n|l| FLOOR IT\n","uploadtime":1699147883,"views":27,"p1id":"thejoeyguy","p2id":"saltyoshuwatt","formatid":"gen9anythinggoes","rating":0,"private":0,"password":""}