{"id":"gen9anythinggoes-1992046442","p1":"apple gobbler","p2":"SnappisPappis","format":"[Gen 9] Anything Goes","log":"|j|\u2606apple gobbler\n|j|\u2606SnappisPappis\n|t:|1700150577\n|gametype|singles\n|player|p1|apple gobbler|101|1062\n|player|p2|SnappisPappis|riley|1082\n|teamsize|p1|6\n|teamsize|p2|6\n|gen|9\n|tier|[Gen 9] Anything Goes\n|rated|\n|rule|HP Percentage Mod: HP is shown in percentages\n|rule|Endless Battle Clause: Forcing endless battles is banned\n|clearpoke\n|poke|p1|Pineco, M|\n|poke|p1|Geodude-Alola, M|\n|poke|p1|Geodude, F|\n|poke|p1|Voltorb|\n|poke|p1|Graveler-Alola, M|\n|poke|p1|Kingambit, F|\n|poke|p2|Maushold-Four|\n|poke|p2|Flutter Mane|\n|poke|p2|Miraidon|\n|poke|p2|Rabsca, M|\n|poke|p2|Garganacl, F|\n|poke|p2|Houndstone, M|\n|teampreview\n|\n|t:|1700150589\n|start\n|switch|p1a: Pineco|Pineco, M|100\/100\n|switch|p2a: Maushold|Maushold-Four|100\/100\n|turn|1\n|\n|t:|1700150594\n|move|p2a: Maushold|Population Bomb|p1a: Pineco\n|-damage|p1a: Pineco|83\/100\n|-hitcount|p1a: Pineco|1\n|move|p1a: Pineco|Explosion|p2a: Maushold\n|-damage|p2a: Maushold|0 fnt\n|faint|p1a: Pineco\n|faint|p2a: Maushold\n|\n|upkeep\n|\n|t:|1700150604\n|switch|p2a: Rabsca|Rabsca, M, shiny|100\/100\n|switch|p1a: Geodude|Geodude-Alola, M|100\/100\n|turn|2\n|\n|t:|1700150613\n|switch|p2a: Flutter Mane|Flutter Mane, shiny|100\/100\n|move|p1a: Geodude|Explosion|p2a: Flutter Mane\n|-immune|p2a: Flutter Mane\n|faint|p1a: Geodude\n|\n|upkeep\n|\n|t:|1700150620\n|switch|p1a: Geodude|Geodude, F|100\/100\n|turn|3\n|\n|t:|1700150628\n|-end|p2a: Flutter Mane|Protosynthesis|[silent]\n|switch|p2a: SSSReplacement|Garganacl, F, shiny|100\/100\n|move|p1a: Geodude|Explosion|p2a: SSSReplacement\n|-resisted|p2a: SSSReplacement\n|-damage|p2a: SSSReplacement|75\/100\n|faint|p1a: Geodude\n|\n|-heal|p2a: SSSReplacement|81\/100|[from] item: Leftovers\n|upkeep\n|\n|t:|1700150637\n|switch|p1a: Voltorb|Voltorb|100\/100\n|turn|4\n|\n|t:|1700150640\n|move|p1a: Voltorb|Explosion|p2a: SSSReplacement\n|-resisted|p2a: SSSReplacement\n|-crit|p2a: SSSReplacement\n|-damage|p2a: SSSReplacement|62\/100\n|faint|p1a: Voltorb\n|move|p2a: SSSReplacement|Iron Defense|p2a: SSSReplacement\n|-boost|p2a: SSSReplacement|def|2\n|\n|-heal|p2a: SSSReplacement|68\/100|[from] item: Leftovers\n|upkeep\n|\n|t:|1700150649\n|switch|p1a: Graveler|Graveler-Alola, M|100\/100\n|turn|5\n|\n|t:|1700150652\n|move|p1a: Graveler|Explosion|p2a: SSSReplacement\n|-resisted|p2a: SSSReplacement\n|-damage|p2a: SSSReplacement|52\/100\n|faint|p1a: Graveler\n|move|p2a: SSSReplacement|Iron Defense|p2a: SSSReplacement\n|-boost|p2a: SSSReplacement|def|2\n|\n|-heal|p2a: SSSReplacement|58\/100|[from] item: Leftovers\n|upkeep\n|\n|t:|1700150662\n|switch|p1a: Kingambit|Kingambit, F|100\/100\n|-activate|p1a: Kingambit|ability: Supreme Overlord\n|-start|p1a: Kingambit|fallen5|[silent]\n|turn|6\n|\n|t:|1700150674\n|move|p1a: Kingambit|Sucker Punch||[still]\n|-fail|p1a: Kingambit\n|move|p2a: SSSReplacement|Recover|p2a: SSSReplacement\n|-heal|p2a: SSSReplacement|100\/100\n|\n|upkeep\n|turn|7\n|\n|t:|1700150683\n|-terastallize|p1a: Kingambit|Dark\n|move|p1a: Kingambit|Sucker Punch|p2a: SSSReplacement\n|-damage|p2a: SSSReplacement|76\/100\n|-damage|p1a: Kingambit|91\/100|[from] item: Life Orb\n|move|p2a: SSSReplacement|Body Press|p1a: Kingambit\n|-supereffective|p1a: Kingambit\n|-damage|p1a: Kingambit|0 fnt\n|faint|p1a: Kingambit\n|-end|p1a: Kingambit|fallen5|[silent]\n|\n|win|SnappisPappis\n|raw|apple gobbler's rating: 1062 &rarr; <strong>1044<\/strong><br \/>(-18 for losing)\n|raw|SnappisPappis's rating: 1082 &rarr; <strong>1108<\/strong><br \/>(+26 for winning)\n","uploadtime":1700150688,"views":4,"p1id":"applegobbler","p2id":"snappispappis","formatid":"gen9anythinggoes","rating":1044,"private":0,"password":""}