{"id":"gen9anythinggoes-1989933351","p1":"Snorlaxpoopingonme","p2":"Tryorse","format":"[Gen 9] Anything Goes","log":"|j|\u2606Snorlaxpoopingonme\n|j|\u2606Tryorse\n|t:|1699907952\n|gametype|singles\n|player|p1|Snorlaxpoopingonme|266|1000\n|player|p2|Tryorse|hilbert|1108\n|teamsize|p1|6\n|teamsize|p2|6\n|gen|9\n|tier|[Gen 9] Anything Goes\n|rated|\n|rule|HP Percentage Mod: HP is shown in percentages\n|rule|Endless Battle Clause: Forcing endless battles is banned\n|clearpoke\n|poke|p1|Rayquaza|\n|poke|p1|Kingambit, M|\n|poke|p1|Annihilape, F|\n|poke|p1|Flutter Mane|\n|poke|p1|Eternatus|\n|poke|p1|Palafin, M|\n|poke|p2|Chandelure, F|\n|poke|p2|Eelektross, M|\n|poke|p2|Milotic, M|\n|poke|p2|Sableye, M|\n|poke|p2|Hippowdon, M|\n|poke|p2|Gastrodon, F|\n|teampreview\n|\n|t:|1699907959\n|start\n|switch|p1a: Palafin|Palafin, M, shiny|100\/100\n|switch|p2a: Gastrodon|Gastrodon, F|100\/100\n|turn|1\n|\n|t:|1699907992\n|move|p1a: Palafin|Protect|p1a: Palafin\n|-singleturn|p1a: Palafin|Protect\n|move|p2a: Gastrodon|Ice Beam|p1a: Palafin\n|-activate|p1a: Palafin|move: Protect\n|\n|upkeep\n|turn|2\n|\n|t:|1699908005\n|detailschange|p1a: Palafin|Palafin-Hero, M, shiny\n|switch|p1a: Flutter Mane|Flutter Mane, shiny|100\/100\n|move|p2a: Gastrodon|Chilling Water|p1a: Flutter Mane\n|-damage|p1a: Flutter Mane|88\/100\n|-unboost|p1a: Flutter Mane|atk|1\n|\n|upkeep\n|turn|3\n|\n|t:|1699908034\n|switch|p2a: Hippowdon|Hippowdon, M, shiny|100\/100\n|-weather|Sandstorm|[from] ability: Sand Stream|[of] p2a: Hippowdon\n|move|p1a: Flutter Mane|Moonblast|p2a: Hippowdon\n|-damage|p2a: Hippowdon|72\/100\n|-damage|p1a: Flutter Mane|78\/100|[from] item: Life Orb\n|\n|-weather|Sandstorm|[upkeep]\n|-damage|p1a: Flutter Mane|72\/100|[from] Sandstorm\n|upkeep\n|turn|4\n|\n|t:|1699908046\n|-end|p1a: Flutter Mane|Protosynthesis|[silent]\n|switch|p1a: Eternatus|Eternatus|100\/100\n|-ability|p1a: Eternatus|Pressure\n|move|p2a: Hippowdon|Earthquake|p1a: Eternatus\n|-supereffective|p1a: Eternatus\n|-damage|p1a: Eternatus|44\/100\n|\n|-weather|Sandstorm|[upkeep]\n|-damage|p1a: Eternatus|38\/100|[from] Sandstorm\n|upkeep\n|turn|5\n|\n|t:|1699908058\n|move|p1a: Eternatus|Confuse Ray|p2a: Hippowdon\n|-start|p2a: Hippowdon|confusion\n|-activate|p2a: Hippowdon|confusion\n|move|p2a: Hippowdon|Earthquake|p1a: Eternatus\n|-supereffective|p1a: Eternatus\n|-damage|p1a: Eternatus|0 fnt\n|faint|p1a: Eternatus\n|\n|-weather|Sandstorm|[upkeep]\n|upkeep\n|\n|t:|1699908070\n|switch|p1a: Palafin|Palafin-Hero, M, shiny|100\/100\n|-activate|p1a: Palafin|ability: Zero to Hero\n|turn|6\n|\n|t:|1699908090\n|switch|p2a: Gastrodon|Gastrodon, F|100\/100\n|-terastallize|p1a: Palafin|Water\n|move|p1a: Palafin|Jet Punch|p2a: Gastrodon\n|-ability|p2a: Gastrodon|Storm Drain|boost\n|-boost|p2a: Gastrodon|spa|1\n|\n|-weather|Sandstorm|[upkeep]\n|-damage|p1a: Palafin|94\/100|[from] Sandstorm\n|-heal|p1a: Palafin|100\/100|[from] item: Leftovers\n|upkeep\n|turn|7\n|\n|t:|1699908104\n|move|p1a: Palafin|Close Combat|p2a: Gastrodon\n|-damage|p2a: Gastrodon|51\/100\n|-unboost|p1a: Palafin|def|1\n|-unboost|p1a: Palafin|spd|1\n|move|p2a: Gastrodon|Chilling Water|p1a: Palafin\n|-resisted|p1a: Palafin\n|-damage|p1a: Palafin|84\/100\n|-unboost|p1a: Palafin|atk|1\n|\n|-weather|none\n|-heal|p1a: Palafin|90\/100|[from] item: Leftovers\n|upkeep\n|turn|8\n|\n|t:|1699908119\n|move|p1a: Palafin|Jet Punch|p2a: Gastrodon\n|-ability|p2a: Gastrodon|Storm Drain|boost\n|-boost|p2a: Gastrodon|spa|1\n|move|p2a: Gastrodon|Chilling Water|p1a: Palafin\n|-resisted|p1a: Palafin\n|-damage|p1a: Palafin|67\/100\n|-unboost|p1a: Palafin|atk|1\n|\n|-heal|p1a: Palafin|74\/100|[from] item: Leftovers\n|upkeep\n|turn|9\n|\n|t:|1699908129\n|move|p1a: Palafin|Protect|p1a: Palafin\n|-singleturn|p1a: Palafin|Protect\n|move|p2a: Gastrodon|Chilling Water|p1a: Palafin\n|-activate|p1a: Palafin|move: Protect\n|\n|-heal|p1a: Palafin|80\/100|[from] item: Leftovers\n|upkeep\n|turn|10\n|\n|t:|1699908138\n|move|p1a: Palafin|Close Combat|p2a: Gastrodon\n|-damage|p2a: Gastrodon|27\/100\n|-unboost|p1a: Palafin|def|1\n|-unboost|p1a: Palafin|spd|1\n|move|p2a: Gastrodon|Ice Beam|p1a: Palafin\n|-resisted|p1a: Palafin\n|-damage|p1a: Palafin|45\/100\n|\n|-heal|p1a: Palafin|51\/100|[from] item: Leftovers\n|upkeep\n|turn|11\n|\n|t:|1699908148\n|move|p1a: Palafin|Protect|p1a: Palafin\n|-singleturn|p1a: Palafin|Protect\n|move|p2a: Gastrodon|Recover|p2a: Gastrodon\n|-heal|p2a: Gastrodon|77\/100\n|\n|-heal|p1a: Palafin|58\/100|[from] item: Leftovers\n|upkeep\n|turn|12\n|inactive|Battle timer is ON: inactive players will automatically lose when time's up. (requested by Tryorse)\n|\n|t:|1699908157\n|move|p1a: Palafin|Bulk Up|p1a: Palafin\n|-boost|p1a: Palafin|atk|1\n|-boost|p1a: Palafin|def|1\n|move|p2a: Gastrodon|Ice Beam|p1a: Palafin\n|-resisted|p1a: Palafin\n|-damage|p1a: Palafin|23\/100\n|\n|-heal|p1a: Palafin|29\/100|[from] item: Leftovers\n|upkeep\n|turn|13\n|-message|Snorlaxpoopingonme forfeited.\n|\n|win|Tryorse\n|raw|Snorlaxpoopingonme's rating: 1000 &rarr; <strong>1000<\/strong><br \/>(+0 for losing)\n|raw|Tryorse's rating: 1108 &rarr; <strong>1125<\/strong><br \/>(+17 for winning)\n|l|\u2606Snorlaxpoopingonme\n","uploadtime":1699908192,"views":34,"p1id":"snorlaxpoopingonme","p2id":"tryorse","formatid":"gen9anythinggoes","rating":1000,"private":0,"password":""}