{"id":"gen9anythinggoes-1984296725","p1":"Tricerophocles","p2":"Penny4YourThoughts","format":"[Gen 9] Anything Goes","log":"|j|\u2606Tricerophocles\n|j|\u2606Penny4YourThoughts\n|t:|1699240363\n|gametype|singles\n|player|p1|Tricerophocles|guitarist-gen4|\n|player|p2|Penny4YourThoughts|katy|\n|teamsize|p1|6\n|teamsize|p2|6\n|gen|9\n|tier|[Gen 9] Anything Goes\n|rule|HP Percentage Mod: HP is shown in percentages\n|rule|Endless Battle Clause: Forcing endless battles is banned\n|clearpoke\n|poke|p1|Glimmora, M|\n|poke|p1|Kleavor, M|\n|poke|p1|Tyranitar, F|\n|poke|p1|Iron Thorns|\n|poke|p1|Arcanine-Hisui, F|\n|poke|p1|Diancie|\n|poke|p2|Kommo-o, M|\n|poke|p2|Sinistcha|\n|poke|p2|Gholdengo|\n|poke|p2|Samurott-Hisui, M|\n|poke|p2|Quaquaval, F|\n|poke|p2|Snorlax, M|\n|teampreview\n|\n|t:|1699240377\n|start\n|switch|p1a: Kleavor|Kleavor, M|100\/100\n|switch|p2a: Bobbery|Samurott-Hisui, M, shiny|100\/100\n|turn|1\n|\n|t:|1699240391\n|move|p2a: Bobbery|Aqua Cutter|p1a: Kleavor\n|-supereffective|p1a: Kleavor\n|-damage|p1a: Kleavor|0 fnt\n|faint|p1a: Kleavor\n|\n|upkeep\n|\n|t:|1699240406\n|switch|p1a: Diancie|Diancie|100\/100\n|turn|2\n|j| Infinitepi\n|\n|t:|1699240428\n|-terastallize|p1a: Diancie|Fairy\n|move|p2a: Bobbery|Aqua Cutter|p1a: Diancie\n|-damage|p1a: Diancie|56\/100\n|move|p1a: Diancie|Diamond Storm|p2a: Bobbery\n|-damage|p2a: Bobbery|56\/100\n|-boost|p1a: Diancie|def|2\n|\n|-heal|p1a: Diancie|62\/100|[from] item: Leftovers\n|upkeep\n|turn|3\n|\n|t:|1699240441\n|move|p2a: Bobbery|Aqua Cutter|p1a: Diancie\n|-damage|p1a: Diancie|40\/100\n|move|p1a: Diancie|Draining Kiss|p2a: Bobbery\n|-supereffective|p2a: Bobbery\n|-damage|p2a: Bobbery|0 fnt\n|-heal|p1a: Diancie|84\/100|[from] drain|[of] p2a: Bobbery\n|faint|p2a: Bobbery\n|\n|-heal|p1a: Diancie|91\/100|[from] item: Leftovers\n|upkeep\n|\n|t:|1699240452\n|switch|p2a: Money Machine|Gholdengo|100\/100\n|turn|4\n|\n|t:|1699240461\n|switch|p1a: Arcanine|Arcanine-Hisui, F|100\/100\n|-ability|p1a: Arcanine|Intimidate|boost\n|-unboost|p2a: Money Machine|atk|1\n|move|p2a: Money Machine|Make It Rain|p1a: Arcanine\n|-damage|p1a: Arcanine|12\/100\n|-unboost|p2a: Money Machine|spa|1\n|\n|upkeep\n|turn|5\n|\n|t:|1699240471\n|switch|p2a: Anaheim|Quaquaval, F|100\/100\n|move|p1a: Arcanine|Flare Blitz|p2a: Anaheim\n|-resisted|p2a: Anaheim\n|-damage|p2a: Anaheim|46\/100\n|-damage|p1a: Arcanine|0 fnt|[from] Recoil\n|faint|p1a: Arcanine\n|\n|upkeep\n|\n|t:|1699240505\n|switch|p1a: Diancie|Diancie, tera:Fairy|91\/100\n|turn|6\n|\n|t:|1699240514\n|switch|p2a: Money Machine|Gholdengo|100\/100\n|move|p1a: Diancie|Calm Mind|p1a: Diancie\n|-boost|p1a: Diancie|spa|1\n|-boost|p1a: Diancie|spd|1\n|\n|-heal|p1a: Diancie|97\/100|[from] item: Leftovers\n|upkeep\n|turn|7\n|\n|t:|1699240526\n|move|p2a: Money Machine|Trick|p1a: Diancie\n|-activate|p2a: Money Machine|move: Trick|[of] p1a: Diancie\n|-item|p1a: Diancie|Choice Scarf|[from] move: Trick\n|-item|p2a: Money Machine|Leftovers|[from] move: Trick\n|move|p1a: Diancie|Calm Mind|p1a: Diancie\n|-boost|p1a: Diancie|spa|1\n|-boost|p1a: Diancie|spd|1\n|\n|upkeep\n|turn|8\n|\n|t:|1699240540\n|switch|p1a: Iron Thorns|Iron Thorns|100\/100\n|move|p2a: Money Machine|Focus Blast|p1a: Iron Thorns\n|-supereffective|p1a: Iron Thorns\n|-damage|p1a: Iron Thorns|8\/100\n|\n|upkeep\n|turn|9\n|\n|t:|1699240560\n|move|p2a: Money Machine|Shadow Ball|p1a: Iron Thorns\n|-damage|p1a: Iron Thorns|0 fnt\n|faint|p1a: Iron Thorns\n|-end|p1a: Iron Thorns|Quark Drive|[silent]\n|\n|upkeep\n|\n|t:|1699240562\n|switch|p1a: Tyranitar|Tyranitar, F|100\/100\n|-weather|Sandstorm|[from] ability: Sand Stream|[of] p1a: Tyranitar\n|turn|10\n|\n|t:|1699240569\n|switch|p2a: Kommo-o|Kommo-o, M|100\/100\n|move|p1a: Tyranitar|Knock Off|p2a: Kommo-o\n|-resisted|p2a: Kommo-o\n|-damage|p2a: Kommo-o|83\/100\n|-enditem|p2a: Kommo-o|Chesto Berry|[from] move: Knock Off|[of] p1a: Tyranitar\n|\n|-weather|Sandstorm|[upkeep]\n|upkeep\n|turn|11\n|\n|t:|1699240578\n|move|p2a: Kommo-o|Iron Defense|p2a: Kommo-o\n|-boost|p2a: Kommo-o|def|2\n|move|p1a: Tyranitar|Ice Punch|p2a: Kommo-o\n|-supereffective|p2a: Kommo-o\n|-damage|p2a: Kommo-o|65\/100\n|\n|-weather|Sandstorm|[upkeep]\n|upkeep\n|turn|12\n|\n|t:|1699240585\n|switch|p1a: Diancie|Diancie, tera:Fairy|97\/100\n|move|p2a: Kommo-o|Body Press|p1a: Diancie\n|-resisted|p1a: Diancie\n|-damage|p1a: Diancie|70\/100\n|\n|-weather|Sandstorm|[upkeep]\n|-damage|p1a: Diancie|64\/100|[from] Sandstorm\n|upkeep\n|turn|13\n|\n|t:|1699240599\n|switch|p1a: Tyranitar|Tyranitar, F|100\/100\n|-terastallize|p2a: Kommo-o|Steel\n|move|p2a: Kommo-o|Iron Defense|p2a: Kommo-o\n|-boost|p2a: Kommo-o|def|2\n|\n|-weather|Sandstorm|[upkeep]\n|upkeep\n|turn|14\n|\n|t:|1699240607\n|move|p2a: Kommo-o|Body Press|p1a: Tyranitar\n|-supereffective|p1a: Tyranitar\n|-damage|p1a: Tyranitar|0 fnt\n|faint|p1a: Tyranitar\n|\n|-weather|none\n|upkeep\n|\n|t:|1699240610\n|switch|p1a: Glimmora|Glimmora, M|100\/100\n|turn|15\n|\n|t:|1699240615\n|move|p1a: Glimmora|Earth Power|p2a: Kommo-o\n|-supereffective|p2a: Kommo-o\n|-damage|p2a: Kommo-o|8\/100\n|move|p2a: Kommo-o|Body Press|p1a: Glimmora\n|-crit|p1a: Glimmora\n|-damage|p1a: Glimmora|0 fnt\n|-activate|p1a: Glimmora|ability: Toxic Debris\n|-sidestart|p2: Penny4YourThoughts|move: Toxic Spikes\n|faint|p1a: Glimmora\n|\n|upkeep\n|\n|t:|1699240624\n|switch|p1a: Diancie|Diancie, tera:Fairy|64\/100\n|turn|16\n|\n|t:|1699240630\n|move|p1a: Diancie|Diamond Storm|p2a: Kommo-o\n|-resisted|p2a: Kommo-o\n|-damage|p2a: Kommo-o|5\/100\n|-boost|p1a: Diancie|def|2\n|move|p2a: Kommo-o|Body Press|p1a: Diancie\n|-resisted|p1a: Diancie\n|-damage|p1a: Diancie|42\/100\n|\n|upkeep\n|turn|17\n|\n|t:|1699240642\n|move|p1a: Diancie|Diamond Storm|p2a: Kommo-o\n|-resisted|p2a: Kommo-o\n|-damage|p2a: Kommo-o|1\/100\n|move|p2a: Kommo-o|Body Press|p1a: Diancie\n|-resisted|p1a: Diancie\n|-damage|p1a: Diancie|19\/100\n|\n|upkeep\n|turn|18\n|\n|t:|1699240650\n|move|p1a: Diancie|Diamond Storm|p2a: Kommo-o\n|-resisted|p2a: Kommo-o\n|-damage|p2a: Kommo-o|0 fnt\n|faint|p2a: Kommo-o\n|\n|upkeep\n|\n|t:|1699240655\n|switch|p2a: Money Machine|Gholdengo|100\/100\n|turn|19\n|\n|t:|1699240658\n|move|p2a: Money Machine|Make It Rain|p1a: Diancie\n|-supereffective|p1a: Diancie\n|-damage|p1a: Diancie|0 fnt\n|-unboost|p2a: Money Machine|spa|1\n|faint|p1a: Diancie\n|\n|win|Penny4YourThoughts\n","uploadtime":1699240690,"views":5,"p1id":"tricerophocles","p2id":"penny4yourthoughts","formatid":"gen9anythinggoes","rating":0,"private":0,"password":""}