{"id":"gen9anythinggoes-1988800537","p1":"David Grimm","p2":"FireBolt PT","format":"[Gen 9] Anything Goes","log":"|j|\u2606David Grimm\n|j|\u2606FireBolt PT\n|t:|1699764992\n|gametype|singles\n|player|p1|David Grimm|bellelba|\n|player|p2|FireBolt PT|flannery|\n|teamsize|p1|6\n|teamsize|p2|6\n|gen|9\n|tier|[Gen 9] Anything Goes\n|rule|HP Percentage Mod: HP is shown in percentages\n|rule|Endless Battle Clause: Forcing endless battles is banned\n|clearpoke\n|poke|p1|Garganacl, M|\n|poke|p1|Gholdengo|\n|poke|p1|Tinkaton, F|\n|poke|p1|Palafin, M|\n|poke|p1|Armarouge, F|\n|poke|p1|Iron Valiant|\n|poke|p2|Gholdengo|\n|poke|p2|Samurott-Hisui, F|\n|poke|p2|Arcanine-Hisui, M|\n|poke|p2|Gliscor, F|\n|poke|p2|Iron Valiant|\n|poke|p2|Blissey, F|\n|teampreview\n|\n|t:|1699765011\n|start\n|switch|p1a: Garga|Garganacl, M|100\/100\n|switch|p2a: Samurott|Samurott-Hisui, F|100\/100\n|turn|1\n|\n|t:|1699765019\n|move|p1a: Garga|Protect|p1a: Garga\n|-singleturn|p1a: Garga|Protect\n|move|p2a: Samurott|Ceaseless Edge|p1a: Garga\n|-activate|p1a: Garga|move: Protect\n|\n|upkeep\n|turn|2\n|\n|t:|1699765027\n|move|p2a: Samurott|Ceaseless Edge|p1a: Garga\n|-damage|p1a: Garga|69\/100\n|-sidestart|p1: David Grimm|Spikes\n|move|p1a: Garga|Stealth Rock|p2a: Samurott\n|-sidestart|p2: FireBolt PT|move: Stealth Rock\n|\n|-heal|p1a: Garga|75\/100|[from] item: Leftovers\n|upkeep\n|turn|3\n|\n|t:|1699765045\n|move|p2a: Samurott|Razor Shell|p1a: Garga\n|-supereffective|p1a: Garga\n|-damage|p1a: Garga|0 fnt\n|faint|p1a: Garga\n|\n|upkeep\n|\n|t:|1699765058\n|switch|p1a: Gaia|Tinkaton, F|100\/100\n|-damage|p1a: Gaia|88\/100|[from] Spikes\n|-ability|p1a: Gaia|Mold Breaker\n|turn|4\n|\n|t:|1699765064\n|move|p1a: Gaia|Fake Out|p2a: Samurott\n|-damage|p2a: Samurott|85\/100\n|-damage|p1a: Gaia|78\/100|[from] item: Life Orb\n|cant|p2a: Samurott|flinch\n|\n|upkeep\n|turn|5\n|\n|t:|1699765078\n|move|p2a: Samurott|Knock Off|p1a: Gaia\n|-resisted|p1a: Gaia\n|-damage|p1a: Gaia|47\/100\n|-enditem|p1a: Gaia|Life Orb|[from] move: Knock Off|[of] p2a: Samurott\n|move|p1a: Gaia|Gigaton Hammer|p2a: Samurott\n|-resisted|p2a: Samurott\n|-damage|p2a: Samurott|48\/100\n|\n|upkeep\n|turn|6\n|\n|t:|1699765093\n|move|p2a: Samurott|Razor Shell|p1a: Gaia\n|-damage|p1a: Gaia|0 fnt\n|faint|p1a: Gaia\n|\n|upkeep\n|\n|t:|1699765098\n|switch|p1a: Twilight|Palafin, M, shiny|100\/100\n|-damage|p1a: Twilight|88\/100|[from] Spikes\n|turn|7\n|\n|t:|1699765105\n|move|p1a: Twilight|Flip Turn|p2a: Samurott\n|-resisted|p2a: Samurott\n|-damage|p2a: Samurott|27\/100\n|\n|t:|1699765111\n|detailschange|p1a: Twilight|Palafin-Hero, M, shiny\n|switch|p1a: Uno|Gholdengo|100\/100|[from] Flip Turn\n|-damage|p1a: Uno|88\/100|[from] Spikes\n|move|p2a: Samurott|Knock Off|p1a: Uno\n|-supereffective|p1a: Uno\n|-damage|p1a: Uno|0 fnt\n|-enditem|p1a: Uno|Covert Cloak|[from] move: Knock Off|[of] p2a: Samurott\n|faint|p1a: Uno\n|\n|upkeep\n|\n|t:|1699765124\n|switch|p1a: Veintiuno|Iron Valiant|100\/100\n|-damage|p1a: Veintiuno|88\/100|[from] Spikes\n|-enditem|p1a: Veintiuno|Booster Energy\n|-activate|p1a: Veintiuno|ability: Quark Drive|[fromitem]\n|-start|p1a: Veintiuno|quarkdrivespe\n|turn|8\n|\n|t:|1699765135\n|move|p1a: Veintiuno|Spirit Break|p2a: Samurott\n|-supereffective|p2a: Samurott\n|-damage|p2a: Samurott|0 fnt\n|faint|p2a: Samurott\n|\n|upkeep\n|\n|t:|1699765140\n|switch|p2a: Gholdengo|Gholdengo|100\/100\n|-damage|p2a: Gholdengo|94\/100|[from] Stealth Rock\n|turn|9\n|\n|t:|1699765153\n|-terastallize|p1a: Veintiuno|Dark\n|move|p1a: Veintiuno|Knock Off|p2a: Gholdengo\n|-supereffective|p2a: Gholdengo\n|-damage|p2a: Gholdengo|0 fnt\n|-enditem|p2a: Gholdengo|Life Orb|[from] move: Knock Off|[of] p1a: Veintiuno\n|faint|p2a: Gholdengo\n|\n|upkeep\n|\n|t:|1699765162\n|switch|p2a: Iron Valiant|Iron Valiant|100\/100\n|-damage|p2a: Iron Valiant|94\/100|[from] Stealth Rock\n|turn|10\n|\n|t:|1699765173\n|move|p1a: Veintiuno|Spirit Break|p2a: Iron Valiant\n|-supereffective|p2a: Iron Valiant\n|-crit|p2a: Iron Valiant\n|-damage|p2a: Iron Valiant|0 fnt\n|faint|p2a: Iron Valiant\n|-end|p2a: Iron Valiant|Quark Drive|[silent]\n|\n|upkeep\n|\n|t:|1699765180\n|switch|p2a: Gliscor|Gliscor, F|100\/100\n|-damage|p2a: Gliscor|88\/100|[from] Stealth Rock\n|turn|11\n|\n|t:|1699765187\n|move|p2a: Gliscor|Protect|p2a: Gliscor\n|-singleturn|p2a: Gliscor|Protect\n|move|p1a: Veintiuno|Spirit Break|p2a: Gliscor\n|-activate|p2a: Gliscor|move: Protect\n|\n|-status|p2a: Gliscor|tox|[from] item: Toxic Orb\n|upkeep\n|turn|12\n|\n|t:|1699765202\n|move|p1a: Veintiuno|Encore|p2a: Gliscor\n|-start|p2a: Gliscor|Encore\n|move|p2a: Gliscor|Protect||[still]\n|-fail|p2a: Gliscor\n|\n|-heal|p2a: Gliscor|100\/100 tox|[from] ability: Poison Heal\n|upkeep\n|turn|13\n|\n|t:|1699765216\n|switch|p2a: Blissey|Blissey, F|100\/100\n|move|p1a: Veintiuno|Spirit Break|p2a: Blissey\n|-damage|p2a: Blissey|64\/100\n|-unboost|p2a: Blissey|spa|1\n|\n|upkeep\n|turn|14\n|\n|t:|1699765224\n|move|p1a: Veintiuno|Knock Off|p2a: Blissey\n|-damage|p2a: Blissey|21\/100\n|-enditem|p2a: Blissey|Heavy-Duty Boots|[from] move: Knock Off|[of] p1a: Veintiuno\n|move|p2a: Blissey|Seismic Toss|p1a: Veintiuno\n|-damage|p1a: Veintiuno|53\/100\n|\n|upkeep\n|turn|15\n|\n|t:|1699765231\n|move|p1a: Veintiuno|Spirit Break|p2a: Blissey\n|-damage|p2a: Blissey|0 fnt\n|faint|p2a: Blissey\n|\n|upkeep\n|\n|t:|1699765243\n|switch|p2a: Gliscor|Gliscor, F|100\/100 tox\n|-damage|p2a: Gliscor|88\/100 tox|[from] Stealth Rock\n|turn|16\n|\n|t:|1699765261\n|move|p1a: Veintiuno|Spirit Break|p2a: Gliscor\n|-crit|p2a: Gliscor\n|-damage|p2a: Gliscor|28\/100 tox\n|-unboost|p2a: Gliscor|spa|1\n|move|p2a: Gliscor|Earthquake|p1a: Veintiuno\n|-damage|p1a: Veintiuno|0 fnt\n|faint|p1a: Veintiuno\n|-end|p1a: Veintiuno|Quark Drive|[silent]\n|\n|-heal|p2a: Gliscor|41\/100 tox|[from] ability: Poison Heal\n|upkeep\n|\n|t:|1699765270\n|switch|p1a: Twilight|Palafin-Hero, M, shiny|88\/100\n|-damage|p1a: Twilight|76\/100|[from] Spikes\n|-activate|p1a: Twilight|ability: Zero to Hero\n|turn|17\n|\n|t:|1699765285\n|move|p2a: Gliscor|Protect|p2a: Gliscor\n|-singleturn|p2a: Gliscor|Protect\n|move|p1a: Twilight|Jet Punch|p2a: Gliscor\n|-activate|p2a: Gliscor|move: Protect\n|\n|-heal|p2a: Gliscor|53\/100 tox|[from] ability: Poison Heal\n|upkeep\n|turn|18\n|\n|t:|1699765303\n|move|p1a: Twilight|Jet Punch|p2a: Gliscor\n|-supereffective|p2a: Gliscor\n|-crit|p2a: Gliscor\n|-damage|p2a: Gliscor|0 fnt\n|faint|p2a: Gliscor\n|\n|upkeep\n|\n|t:|1699765304\n|switch|p2a: Arcanine|Arcanine-Hisui, M|100\/100\n|-damage|p2a: Arcanine|76\/100|[from] Stealth Rock\n|turn|19\n|\n|t:|1699765310\n|-terastallize|p2a: Arcanine|Electric\n|move|p1a: Twilight|Jet Punch|p2a: Arcanine\n|-damage|p2a: Arcanine|4\/100\n|move|p2a: Arcanine|Wild Charge|p1a: Twilight\n|-supereffective|p1a: Twilight\n|-damage|p1a: Twilight|0 fnt\n|faint|p1a: Twilight\n|\n|upkeep\n|\n|t:|1699765318\n|switch|p1a: Freya|Armarouge, F|100\/100\n|turn|20\n|\n|t:|1699765329\n|move|p2a: Arcanine|Wild Charge|p1a: Freya\n|-damage|p1a: Freya|34\/100\n|move|p1a: Freya|Psyshock|p2a: Arcanine\n|-damage|p2a: Arcanine|0 fnt\n|faint|p2a: Arcanine\n|\n|win|David Grimm\n|l|\u2606FireBolt PT\n","uploadtime":1699765344,"views":7,"p1id":"davidgrimm","p2id":"fireboltpt","formatid":"gen9anythinggoes","rating":0,"private":0,"password":""}