{"id":"gen9anythinggoes-1993929889","p1":"Lytrungb","p2":"trotman","format":"[Gen 9] Anything Goes","log":"|j|\u2606Lytrungb\n|j|\u2606trotman\n|t:|1700377324\n|gametype|singles\n|player|p1|Lytrungb|camper|1167\n|player|p2|trotman|brycenman|1182\n|teamsize|p1|6\n|teamsize|p2|6\n|gen|9\n|tier|[Gen 9] Anything Goes\n|rated|\n|rule|HP Percentage Mod: HP is shown in percentages\n|rule|Endless Battle Clause: Forcing endless battles is banned\n|clearpoke\n|poke|p1|Uxie|\n|poke|p1|Masquerain, M|\n|poke|p1|Gholdengo|\n|poke|p1|Sableye, F|\n|poke|p1|Murkrow, F|\n|poke|p1|Chien-Pao|\n|poke|p2|Ogerpon, F|\n|poke|p2|Landorus-Therian, M|\n|poke|p2|Sneasler, M|\n|poke|p2|Greninja-*, M|\n|poke|p2|Gholdengo|\n|poke|p2|Skeledirge, M|\n|teampreview\n|\n|t:|1700377330\n|start\n|switch|p1a: Masquerain|Masquerain, M, shiny|100\/100\n|switch|p2a: Landorus|Landorus-Therian, M, shiny|100\/100\n|-ability|p2a: Landorus|Intimidate|boost\n|-unboost|p1a: Masquerain|atk|1\n|-ability|p1a: Masquerain|Intimidate|boost\n|-unboost|p2a: Landorus|atk|1\n|turn|1\n|\n|t:|1700377339\n|move|p2a: Landorus|Rock Slide|p1a: Masquerain\n|-supereffective|p1a: Masquerain\n|-damage|p1a: Masquerain|7\/100\n|move|p1a: Masquerain|Stun Spore|p2a: Landorus\n|-status|p2a: Landorus|par\n|\n|upkeep\n|turn|2\n|\n|t:|1700377348\n|move|p1a: Masquerain|Sticky Web|p2a: Landorus\n|-sidestart|p2: trotman|move: Sticky Web\n|cant|p2a: Landorus|par\n|\n|upkeep\n|turn|3\n|\n|t:|1700377355\n|move|p1a: Masquerain|Bug Buzz|p2a: Landorus\n|-resisted|p2a: Landorus\n|-damage|p2a: Landorus|84\/100 par\n|move|p2a: Landorus|Stealth Rock|p1a: Masquerain\n|-sidestart|p1: Lytrungb|move: Stealth Rock\n|\n|-heal|p2a: Landorus|90\/100 par|[from] item: Leftovers\n|upkeep\n|turn|4\n|\n|t:|1700377367\n|switch|p1a: Chien-Pao|Chien-Pao|100\/100\n|-ability|p1a: Chien-Pao|Sword of Ruin\n|move|p2a: Landorus|U-turn|p1a: Chien-Pao\n|-supereffective|p1a: Chien-Pao\n|-damage|p1a: Chien-Pao|59\/100\n|\n|t:|1700377385\n|switch|p2a: Gholdengo|Gholdengo, shiny|100\/100|[from] U-turn\n|-activate|p2a: Gholdengo|move: Sticky Web\n|-unboost|p2a: Gholdengo|spe|1\n|\n|upkeep\n|turn|5\n|\n|t:|1700377392\n|move|p1a: Chien-Pao|Sucker Punch|p2a: Gholdengo\n|-supereffective|p2a: Gholdengo\n|-damage|p2a: Gholdengo|0 fnt\n|faint|p2a: Gholdengo\n|\n|upkeep\n|\n|t:|1700377396\n|switch|p2a: Skeledirge|Skeledirge, M, shiny|100\/100\n|turn|6\n|\n|t:|1700377400\n|move|p1a: Chien-Pao|Sucker Punch|p2a: Skeledirge\n|-supereffective|p2a: Skeledirge\n|-damage|p2a: Skeledirge|29\/100\n|move|p2a: Skeledirge|Torch Song|p1a: Chien-Pao\n|-supereffective|p1a: Chien-Pao\n|-damage|p1a: Chien-Pao|0 fnt\n|-boost|p2a: Skeledirge|spa|1\n|faint|p1a: Chien-Pao\n|\n|upkeep\n|\n|t:|1700377412\n|switch|p1a: Sableye|Sableye, F|100\/100\n|-damage|p1a: Sableye|88\/100|[from] Stealth Rock\n|turn|7\n|\n|t:|1700377418\n|move|p1a: Sableye|Sucker Punch|p2a: Skeledirge\n|-supereffective|p2a: Skeledirge\n|-damage|p2a: Skeledirge|0 fnt\n|faint|p2a: Skeledirge\n|\n|upkeep\n|\n|t:|1700377422\n|switch|p2a: Ogerpon|Ogerpon, F|100\/100\n|-activate|p2a: Ogerpon|move: Sticky Web\n|-unboost|p2a: Ogerpon|spe|1\n|-ability|p2a: Ogerpon|Defiant|boost\n|-boost|p2a: Ogerpon|atk|2\n|turn|8\n|\n|t:|1700377432\n|move|p2a: Ogerpon|Swords Dance|p2a: Ogerpon\n|-boost|p2a: Ogerpon|atk|2\n|move|p1a: Sableye|Knock Off|p2a: Ogerpon\n|-damage|p2a: Ogerpon|66\/100\n|-enditem|p2a: Ogerpon|Life Orb|[from] move: Knock Off|[of] p1a: Sableye\n|\n|upkeep\n|turn|9\n|\n|t:|1700377441\n|move|p1a: Sableye|Will-O-Wisp|p2a: Ogerpon\n|-status|p2a: Ogerpon|brn\n|move|p2a: Ogerpon|Ivy Cudgel|p1a: Sableye\n|-crit|p1a: Sableye\n|-damage|p1a: Sableye|0 fnt\n|faint|p1a: Sableye\n|\n|-damage|p2a: Ogerpon|60\/100 brn|[from] brn\n|upkeep\n|\n|t:|1700377454\n|switch|p1a: Uxie|Uxie|100\/100\n|-damage|p1a: Uxie|88\/100|[from] Stealth Rock\n|turn|10\n|\n|t:|1700377467\n|move|p1a: Uxie|Dazzling Gleam|p2a: Ogerpon\n|-damage|p2a: Ogerpon|45\/100 brn\n|move|p2a: Ogerpon|Knock Off|p1a: Uxie\n|-supereffective|p1a: Uxie\n|-damage|p1a: Uxie|7\/100\n|-enditem|p1a: Uxie|Focus Sash|[from] move: Knock Off|[of] p2a: Ogerpon\n|\n|-damage|p2a: Ogerpon|39\/100 brn|[from] brn\n|upkeep\n|turn|11\n|\n|t:|1700377480\n|move|p1a: Uxie|Foul Play|p2a: Ogerpon\n|-damage|p2a: Ogerpon|0 fnt\n|faint|p2a: Ogerpon\n|\n|upkeep\n|\n|t:|1700377487\n|switch|p2a: Greninja|Greninja, M, shiny|100\/100\n|-activate|p2a: Greninja|move: Sticky Web\n|-unboost|p2a: Greninja|spe|1\n|turn|12\n|\n|t:|1700377494\n|move|p1a: Uxie|Memento|p2a: Greninja\n|-unboost|p2a: Greninja|atk|2\n|-unboost|p2a: Greninja|spa|2\n|faint|p1a: Uxie\n|move|p2a: Greninja|Dark Pulse|p1: Uxie|[notarget]\n|-fail|p2a: Greninja\n|\n|upkeep\n|\n|t:|1700377503\n|switch|p1a: Gholdengo|Gholdengo|100\/100\n|-damage|p1a: Gholdengo|94\/100|[from] Stealth Rock\n|turn|13\n|\n|t:|1700377510\n|switch|p2a: Landorus|Landorus-Therian, M, shiny|90\/100 par\n|-ability|p2a: Landorus|Intimidate|boost\n|-unboost|p1a: Gholdengo|atk|1\n|move|p1a: Gholdengo|Nasty Plot|p1a: Gholdengo\n|-boost|p1a: Gholdengo|spa|2\n|\n|-heal|p2a: Landorus|96\/100 par|[from] item: Leftovers\n|upkeep\n|turn|14\n|\n|t:|1700377523\n|-terastallize|p1a: Gholdengo|Water\n|move|p1a: Gholdengo|Nasty Plot|p1a: Gholdengo\n|-boost|p1a: Gholdengo|spa|2\n|move|p2a: Landorus|Earthquake|p1a: Gholdengo\n|-damage|p1a: Gholdengo|46\/100\n|\n|-heal|p2a: Landorus|100\/100 par|[from] item: Leftovers\n|upkeep\n|turn|15\n|\n|t:|1700377537\n|move|p1a: Gholdengo|Shadow Ball|p2a: Landorus\n|-damage|p2a: Landorus|11\/100 par\n|-heal|p1a: Gholdengo|59\/100|[from] item: Shell Bell|[of] p2a: Landorus\n|cant|p2a: Landorus|par\n|\n|-heal|p2a: Landorus|18\/100 par|[from] item: Leftovers\n|upkeep\n|turn|16\n|\n|t:|1700377546\n|move|p1a: Gholdengo|Shadow Ball|p2a: Landorus\n|-damage|p2a: Landorus|0 fnt\n|faint|p2a: Landorus\n|-heal|p1a: Gholdengo|62\/100|[from] item: Shell Bell|[of] p2: Landorus\n|\n|upkeep\n|\n|t:|1700377552\n|switch|p2a: Sneasler|Sneasler, M, shiny|100\/100\n|-activate|p2a: Sneasler|move: Sticky Web\n|-unboost|p2a: Sneasler|spe|1\n|turn|17\n|\n|t:|1700377562\n|move|p2a: Sneasler|Fake Out|p1a: Gholdengo\n|-enditem|p2a: Sneasler|Normal Gem|[from] gem\n|-damage|p1a: Gholdengo|44\/100\n|cant|p1a: Gholdengo|flinch\n|\n|upkeep\n|turn|18\n|\n|t:|1700377590\n|move|p2a: Sneasler|Close Combat|p1a: Gholdengo\n|-damage|p1a: Gholdengo|0 fnt\n|-unboost|p2a: Sneasler|def|1\n|-unboost|p2a: Sneasler|spd|1\n|faint|p1a: Gholdengo\n|\n|upkeep\n|\n|t:|1700377599\n|switch|p1a: Masquerain|Masquerain, M, shiny|7\/100\n|-damage|p1a: Masquerain|0 fnt|[from] Stealth Rock\n|faint|p1a: Masquerain\n|\n|t:|1700377604\n|switch|p1a: Murkrow|Murkrow, F, shiny|100\/100\n|-damage|p1a: Murkrow|75\/100|[from] Stealth Rock\n|turn|19\n|\n|t:|1700377616\n|-terastallize|p2a: Sneasler|Poison\n|move|p1a: Murkrow|Perish Song|p1a: Murkrow\n|-start|p1a: Murkrow|perish3|[silent]\n|-start|p2a: Sneasler|perish3|[silent]\n|-fieldactivate|move: Perish Song\n|move|p2a: Sneasler|Dire Claw|p1a: Murkrow\n|-damage|p1a: Murkrow|0 fnt\n|faint|p1a: Murkrow\n|\n|win|trotman\n|raw|Lytrungb's rating: 1167 &rarr; <strong>1143<\/strong><br \/>(-24 for losing)\n|raw|trotman's rating: 1182 &rarr; <strong>1206<\/strong><br \/>(+24 for winning)\n","uploadtime":1700377625,"views":2,"p1id":"lytrungb","p2id":"trotman","formatid":"gen9anythinggoes","rating":1143,"private":0,"password":""}