{"id":"gen9anythinggoes-1976682737","p1":"Glaceran","p2":"Un0Eg0","format":"[Gen 9] Anything Goes","log":"|j|\u2606Glaceran\n|j|\u2606Un0Eg0\n|t:|1698333104\n|gametype|singles\n|player|p1|Glaceran|wally-gen3|1484\n|player|p2|Un0Eg0|ash|1543\n|teamsize|p1|6\n|teamsize|p2|6\n|gen|9\n|tier|[Gen 9] Anything Goes\n|rated|\n|rule|HP Percentage Mod: HP is shown in percentages\n|rule|Endless Battle Clause: Forcing endless battles is banned\n|clearpoke\n|poke|p1|Ceruledge, M|\n|poke|p1|Calyrex-Shadow|\n|poke|p1|Baxcalibur, M|\n|poke|p1|Skeledirge, M|\n|poke|p1|Corviknight, M|\n|poke|p1|Cyclizar, F|\n|poke|p2|Lycanroc-Dusk, F|\n|poke|p2|Kingambit, F|\n|poke|p2|Iron Hands|\n|poke|p2|Iron Moth|\n|poke|p2|Greninja-*, M|\n|poke|p2|Eiscue, M|\n|teampreview\n|inactive|Battle timer is ON: inactive players will automatically lose when time's up. (requested by Un0Eg0)\n|\n|t:|1698333109\n|start\n|switch|p1a: Cyclizar|Cyclizar, F|100\/100\n|switch|p2a: Rock Leone|Lycanroc-Dusk, F|100\/100\n|turn|1\n|\n|t:|1698333114\n|switch|p1a: Corviknight|Corviknight, M|100\/100\n|-ability|p1a: Corviknight|Pressure\n|move|p2a: Rock Leone|Stealth Rock|p1a: Corviknight\n|-sidestart|p1: Glaceran|move: Stealth Rock\n|\n|upkeep\n|turn|2\n|\n|t:|1698333120\n|move|p2a: Rock Leone|Taunt|p1a: Corviknight\n|-start|p1a: Corviknight|move: Taunt\n|move|p1a: Corviknight|Brave Bird|p2a: Rock Leone\n|-resisted|p2a: Rock Leone\n|-damage|p2a: Rock Leone|68\/100\n|-damage|p1a: Corviknight|92\/100|[from] Recoil\n|\n|-heal|p1a: Corviknight|99\/100|[from] item: Leftovers\n|upkeep\n|turn|3\n|\n|t:|1698333129\n|move|p2a: Rock Leone|Accelerock|p1a: Corviknight\n|-damage|p1a: Corviknight|83\/100\n|move|p1a: Corviknight|Brave Bird|p2a: Rock Leone\n|-resisted|p2a: Rock Leone\n|-damage|p2a: Rock Leone|36\/100\n|-damage|p1a: Corviknight|75\/100|[from] Recoil\n|\n|-heal|p1a: Corviknight|81\/100|[from] item: Leftovers\n|upkeep\n|turn|4\n|\n|t:|1698333139\n|move|p2a: Rock Leone|Reversal|p1a: Corviknight\n|-damage|p1a: Corviknight|58\/100\n|move|p1a: Corviknight|Brave Bird|p2a: Rock Leone\n|-resisted|p2a: Rock Leone\n|-damage|p2a: Rock Leone|6\/100\n|-damage|p1a: Corviknight|51\/100|[from] Recoil\n|\n|-heal|p1a: Corviknight|58\/100|[from] item: Leftovers\n|-end|p1a: Corviknight|move: Taunt\n|upkeep\n|turn|5\n|c|\u2606Glaceran|dude im gonna u-turn out and you know it\n|\n|t:|1698333154\n|move|p2a: Rock Leone|Reversal|p1a: Corviknight\n|-damage|p1a: Corviknight|15\/100\n|move|p1a: Corviknight|Roost|p1a: Corviknight\n|-heal|p1a: Corviknight|65\/100\n|-singleturn|p1a: Corviknight|move: Roost\n|\n|-heal|p1a: Corviknight|71\/100|[from] item: Leftovers\n|upkeep\n|turn|6\n|\n|t:|1698333160\n|move|p2a: Rock Leone|Reversal|p1a: Corviknight\n|-damage|p1a: Corviknight|31\/100\n|move|p1a: Corviknight|Defog|p2a: Rock Leone\n|-unboost|p2a: Rock Leone|evasion|1\n|-sideend|p1: Glaceran|Stealth Rock|[from] move: Defog|[of] p1a: Corviknight\n|\n|-heal|p1a: Corviknight|37\/100|[from] item: Leftovers\n|upkeep\n|turn|7\n|\n|t:|1698333167\n|switch|p1a: Ceruledge|Ceruledge, M|100\/100\n|move|p2a: Rock Leone|Stealth Rock|p1a: Ceruledge\n|-sidestart|p1: Glaceran|move: Stealth Rock\n|\n|upkeep\n|turn|8\n|\n|t:|1698333173\n|-terastallize|p1a: Ceruledge|Fighting\n|move|p2a: Rock Leone|Accelerock|p1a: Ceruledge\n|-resisted|p1a: Ceruledge\n|-damage|p1a: Ceruledge|82\/100\n|-ability|p1a: Ceruledge|Weak Armor|boost\n|-unboost|p1a: Ceruledge|def|1\n|-boost|p1a: Ceruledge|spe|2\n|move|p1a: Ceruledge|Swords Dance|p1a: Ceruledge\n|-boost|p1a: Ceruledge|atk|2\n|\n|upkeep\n|turn|9\n|\n|t:|1698333185\n|move|p1a: Ceruledge|Shadow Sneak|p2a: Rock Leone\n|-damage|p2a: Rock Leone|0 fnt\n|faint|p2a: Rock Leone\n|\n|upkeep\n|\n|t:|1698333189\n|switch|p2a: Hanayama|Iron Hands|100\/100\n|turn|10\n|\n|t:|1698333193\n|move|p1a: Ceruledge|Bitter Blade|p2a: Hanayama\n|-damage|p2a: Hanayama|42\/100\n|-heal|p1a: Ceruledge|100\/100|[from] drain|[of] p2a: Hanayama\n|move|p2a: Hanayama|Drain Punch|p1a: Ceruledge\n|-damage|p1a: Ceruledge|4\/100\n|-heal|p2a: Hanayama|72\/100|[from] drain|[of] p1a: Ceruledge\n|-ability|p1a: Ceruledge|Weak Armor|boost\n|-unboost|p1a: Ceruledge|def|1\n|-boost|p1a: Ceruledge|spe|2\n|\n|upkeep\n|turn|11\n|\n|t:|1698333200\n|move|p1a: Ceruledge|Bitter Blade|p2a: Hanayama\n|-damage|p2a: Hanayama|7\/100\n|-heal|p1a: Ceruledge|56\/100|[from] drain|[of] p2a: Hanayama\n|move|p2a: Hanayama|Drain Punch|p1a: Ceruledge\n|-damage|p1a: Ceruledge|0 fnt\n|-heal|p2a: Hanayama|24\/100|[from] drain|[of] p1a: Ceruledge\n|faint|p1a: Ceruledge\n|\n|upkeep\n|\n|t:|1698333207\n|switch|p1a: Calyrex|Calyrex-Shadow|100\/100\n|-ability|p1a: Calyrex|As One\n|-ability|p1a: Calyrex|Unnerve\n|-damage|p1a: Calyrex|88\/100|[from] Stealth Rock\n|turn|12\n|\n|t:|1698333211\n|move|p1a: Calyrex|Draining Kiss|p2a: Hanayama\n|-supereffective|p2a: Hanayama\n|-damage|p2a: Hanayama|1\/100\n|-heal|p1a: Calyrex|100\/100|[from] drain|[of] p2a: Hanayama\n|move|p2a: Hanayama|Wild Charge|p1a: Calyrex\n|-damage|p1a: Calyrex|32\/100\n|-damage|p2a: Hanayama|0 fnt|[from] Recoil\n|faint|p2a: Hanayama\n|-end|p2a: Hanayama|Quark Drive|[silent]\n|\n|upkeep\n|\n|t:|1698333217\n|switch|p2a: Naruto|Greninja, M|100\/100\n|turn|13\n|\n|t:|1698333227\n|switch|p1a: Baxcalibur|Baxcalibur, M|100\/100\n|-damage|p1a: Baxcalibur|76\/100|[from] Stealth Rock\n|move|p2a: Naruto|Water Shuriken|p1a: Baxcalibur\n|-resisted|p1a: Baxcalibur\n|-crit|p1a: Baxcalibur\n|-damage|p1a: Baxcalibur|68\/100\n|-resisted|p1a: Baxcalibur\n|-damage|p1a: Baxcalibur|63\/100\n|-hitcount|p1a: Baxcalibur|2\n|-damage|p2a: Naruto|91\/100|[from] item: Life Orb\n|\n|upkeep\n|turn|14\n|\n|t:|1698333233\n|move|p2a: Naruto|Dark Pulse|p1a: Baxcalibur\n|-damage|p1a: Baxcalibur|8\/100\n|-damage|p2a: Naruto|81\/100|[from] item: Life Orb\n|move|p1a: Baxcalibur|Brick Break|p2a: Naruto\n|-supereffective|p2a: Naruto\n|-damage|p2a: Naruto|0 fnt\n|faint|p2a: Naruto\n|\n|upkeep\n|\n|t:|1698333238\n|switch|p2a: Madagascar|Eiscue, M|100\/100\n|turn|15\n|\n|t:|1698333243\n|move|p1a: Baxcalibur|Scale Shot|p2a: Madagascar\n|-activate|p2a: Madagascar|ability: Ice Face\n|-damage|p2a: Madagascar|100\/100\n|detailschange|p2a: Madagascar|Eiscue-Noice, M\n|-damage|p2a: Madagascar|78\/100\n|-damage|p2a: Madagascar|54\/100\n|-damage|p2a: Madagascar|30\/100\n|-damage|p2a: Madagascar|6\/100\n|-enditem|p2a: Madagascar|Salac Berry|[eat]\n|-boost|p2a: Madagascar|spe|1|[from] item: Salac Berry\n|-hitcount|p2a: Madagascar|5\n|-unboost|p1a: Baxcalibur|def|1\n|-boost|p1a: Baxcalibur|spe|1\n|move|p2a: Madagascar|Substitute|p2a: Madagascar\n|-fail|p2a: Madagascar|move: Substitute|[weak]\n|\n|upkeep\n|turn|16\n|\n|t:|1698333259\n|move|p2a: Madagascar|Ice Spinner|p1a: Baxcalibur\n|-crit|p1a: Baxcalibur\n|-damage|p1a: Baxcalibur|0 fnt\n|faint|p1a: Baxcalibur\n|\n|upkeep\n|\n|t:|1698333263\n|switch|p1a: Skeledirge|Skeledirge, M|100\/100\n|-damage|p1a: Skeledirge|76\/100|[from] Stealth Rock\n|turn|17\n|\n|t:|1698333274\n|move|p2a: Madagascar|Ice Spinner|p1a: Skeledirge\n|-resisted|p1a: Skeledirge\n|-damage|p1a: Skeledirge|65\/100\n|move|p1a: Skeledirge|Sing|p2a: Madagascar\n|-status|p2a: Madagascar|slp|[from] move: Sing\n|\n|upkeep\n|turn|18\n|\n|t:|1698333283\n|cant|p2a: Madagascar|slp\n|move|p1a: Skeledirge|Slack Off|p1a: Skeledirge\n|-heal|p1a: Skeledirge|100\/100\n|\n|upkeep\n|turn|19\n|\n|t:|1698333287\n|cant|p2a: Madagascar|slp\n|move|p1a: Skeledirge|Sing|p2a: Madagascar\n|-fail|p2a: Madagascar|slp\n|\n|upkeep\n|turn|20\n|\n|t:|1698333294\n|-curestatus|p2a: Madagascar|slp|[msg]\n|move|p2a: Madagascar|Ice Spinner|p1a: Skeledirge\n|-resisted|p1a: Skeledirge\n|-damage|p1a: Skeledirge|90\/100\n|move|p1a: Skeledirge|Sing|p2a: Madagascar\n|-status|p2a: Madagascar|slp|[from] move: Sing\n|\n|upkeep\n|turn|21\n|\n|t:|1698333298\n|switch|p1a: Corviknight|Corviknight, M|37\/100\n|-damage|p1a: Corviknight|24\/100|[from] Stealth Rock\n|-ability|p1a: Corviknight|Pressure\n|cant|p2a: Madagascar|slp\n|\n|-heal|p1a: Corviknight|31\/100|[from] item: Leftovers\n|upkeep\n|turn|22\n|\n|t:|1698333303\n|-curestatus|p2a: Madagascar|slp|[msg]\n|move|p2a: Madagascar|Ice Spinner|p1a: Corviknight\n|-damage|p1a: Corviknight|12\/100\n|move|p1a: Corviknight|Defog|p2a: Madagascar\n|-unboost|p2a: Madagascar|evasion|1\n|-sideend|p1: Glaceran|Stealth Rock|[from] move: Defog|[of] p1a: Corviknight\n|\n|-heal|p1a: Corviknight|18\/100|[from] item: Leftovers\n|upkeep\n|turn|23\n|\n|t:|1698333309\n|move|p2a: Madagascar|Ice Spinner|p1a: Corviknight\n|-damage|p1a: Corviknight|0 fnt\n|faint|p1a: Corviknight\n|\n|upkeep\n|\n|t:|1698333322\n|switch|p1a: Cyclizar|Cyclizar, F|100\/100\n|turn|24\n|\n|t:|1698333326\n|move|p2a: Madagascar|Ice Spinner|p1a: Cyclizar\n|-supereffective|p1a: Cyclizar\n|-damage|p1a: Cyclizar|0 fnt\n|faint|p1a: Cyclizar\n|\n|upkeep\n|\n|t:|1698333328\n|switch|p1a: Skeledirge|Skeledirge, M|90\/100\n|turn|25\n|\n|t:|1698333331\n|move|p2a: Madagascar|Ice Spinner|p1a: Skeledirge\n|-resisted|p1a: Skeledirge\n|-damage|p1a: Skeledirge|81\/100\n|move|p1a: Skeledirge|Sing|p2a: Madagascar|[miss]\n|-miss|p1a: Skeledirge|p2a: Madagascar\n|-enditem|p1a: Skeledirge|Blunder Policy\n|-boost|p1a: Skeledirge|spe|2\n|\n|upkeep\n|turn|26\n|\n|t:|1698333338\n|move|p2a: Madagascar|Ice Spinner|p1a: Skeledirge\n|-resisted|p1a: Skeledirge\n|-damage|p1a: Skeledirge|71\/100\n|move|p1a: Skeledirge|Torch Song|p2a: Madagascar\n|-supereffective|p2a: Madagascar\n|-damage|p2a: Madagascar|0 fnt\n|-boost|p1a: Skeledirge|spa|1\n|faint|p2a: Madagascar\n|\n|upkeep\n|\n|t:|1698333347\n|switch|p2a: Ultimate Big Chill|Iron Moth|100\/100\n|turn|27\n|\n|t:|1698333363\n|move|p2a: Ultimate Big Chill|Sludge Wave|p1a: Skeledirge\n|-resisted|p1a: Skeledirge\n|-damage|p1a: Skeledirge|43\/100\n|move|p1a: Skeledirge|Shadow Ball|p2a: Ultimate Big Chill\n|-damage|p2a: Ultimate Big Chill|53\/100\n|\n|upkeep\n|turn|28\n|\n|t:|1698333372\n|move|p2a: Ultimate Big Chill|Sludge Wave|p1a: Skeledirge\n|-resisted|p1a: Skeledirge\n|-damage|p1a: Skeledirge|14\/100\n|move|p1a: Skeledirge|Slack Off|p1a: Skeledirge\n|-heal|p1a: Skeledirge|64\/100\n|\n|upkeep\n|turn|29\n|\n|t:|1698333379\n|move|p2a: Ultimate Big Chill|Sludge Wave|p1a: Skeledirge\n|-resisted|p1a: Skeledirge\n|-damage|p1a: Skeledirge|34\/100\n|move|p1a: Skeledirge|Slack Off|p1a: Skeledirge\n|-heal|p1a: Skeledirge|84\/100\n|\n|upkeep\n|turn|30\n|\n|t:|1698333383\n|move|p2a: Ultimate Big Chill|Sludge Wave|p1a: Skeledirge\n|-resisted|p1a: Skeledirge\n|-damage|p1a: Skeledirge|51\/100\n|move|p1a: Skeledirge|Sing|p2a: Ultimate Big Chill\n|-status|p2a: Ultimate Big Chill|slp|[from] move: Sing\n|\n|upkeep\n|turn|31\n|\n|t:|1698333389\n|cant|p2a: Ultimate Big Chill|slp\n|move|p1a: Skeledirge|Slack Off|p1a: Skeledirge\n|-heal|p1a: Skeledirge|100\/100\n|\n|upkeep\n|turn|32\n|\n|t:|1698333393\n|-curestatus|p2a: Ultimate Big Chill|slp|[msg]\n|move|p2a: Ultimate Big Chill|Sludge Wave|p1a: Skeledirge\n|-resisted|p1a: Skeledirge\n|-damage|p1a: Skeledirge|71\/100\n|move|p1a: Skeledirge|Shadow Ball|p2a: Ultimate Big Chill\n|-damage|p2a: Ultimate Big Chill|9\/100\n|\n|upkeep\n|turn|33\n|\n|t:|1698333398\n|move|p2a: Ultimate Big Chill|Sludge Wave|p1a: Skeledirge\n|-resisted|p1a: Skeledirge\n|-damage|p1a: Skeledirge|40\/100\n|move|p1a: Skeledirge|Slack Off|p1a: Skeledirge\n|-heal|p1a: Skeledirge|90\/100\n|\n|upkeep\n|turn|34\n|\n|t:|1698333403\n|move|p2a: Ultimate Big Chill|Sludge Wave|p1a: Skeledirge\n|-resisted|p1a: Skeledirge\n|-damage|p1a: Skeledirge|62\/100\n|move|p1a: Skeledirge|Sing|p2a: Ultimate Big Chill|[miss]\n|-miss|p1a: Skeledirge|p2a: Ultimate Big Chill\n|\n|upkeep\n|turn|35\n|\n|t:|1698333411\n|move|p2a: Ultimate Big Chill|Sludge Wave|p1a: Skeledirge\n|-resisted|p1a: Skeledirge\n|-damage|p1a: Skeledirge|34\/100\n|move|p1a: Skeledirge|Slack Off|p1a: Skeledirge\n|-heal|p1a: Skeledirge|84\/100\n|\n|upkeep\n|turn|36\n|\n|t:|1698333417\n|move|p2a: Ultimate Big Chill|Sludge Wave|p1a: Skeledirge\n|-resisted|p1a: Skeledirge\n|-damage|p1a: Skeledirge|55\/100\n|move|p1a: Skeledirge|Slack Off|p1a: Skeledirge\n|-heal|p1a: Skeledirge|100\/100\n|\n|upkeep\n|turn|37\n|\n|t:|1698333421\n|move|p2a: Ultimate Big Chill|Sludge Wave|p1a: Skeledirge\n|-resisted|p1a: Skeledirge\n|-damage|p1a: Skeledirge|73\/100\n|move|p1a: Skeledirge|Shadow Ball|p2a: Ultimate Big Chill\n|-damage|p2a: Ultimate Big Chill|0 fnt\n|faint|p2a: Ultimate Big Chill\n|-end|p2a: Ultimate Big Chill|Quark Drive|[silent]\n|\n|upkeep\n|\n|t:|1698333423\n|switch|p2a: Alien X|Kingambit, F|100\/100\n|-activate|p2a: Alien X|ability: Supreme Overlord\n|-start|p2a: Alien X|fallen5|[silent]\n|turn|38\n|\n|t:|1698333433\n|-terastallize|p2a: Alien X|Flying\n|move|p1a: Skeledirge|Sing|p2a: Alien X|[miss]\n|-miss|p1a: Skeledirge|p2a: Alien X\n|move|p2a: Alien X|Kowtow Cleave|p1a: Skeledirge\n|-supereffective|p1a: Skeledirge\n|-damage|p1a: Skeledirge|0 fnt\n|faint|p1a: Skeledirge\n|\n|upkeep\n|-message|Glaceran forfeited.\n|\n|win|Un0Eg0\n|raw|Glaceran's rating: 1484 &rarr; <strong>1467<\/strong><br \/>(-17 for losing)\n|raw|Un0Eg0's rating: 1543 &rarr; <strong>1560<\/strong><br \/>(+17 for winning)\n|l|\u2606Glaceran\n","uploadtime":1698333448,"views":10,"p1id":"glaceran","p2id":"un0eg0","formatid":"gen9anythinggoes","rating":1467,"private":0,"password":""}