{"id":"gen9anythinggoes-1972898067","p1":"Hashillama","p2":"123iamveryblack","format":"[Gen 9] Anything Goes","log":"|j|\u2606Hashillama\n|j|\u2606123iamveryblack\n|t:|1697906781\n|gametype|singles\n|player|p1|Hashillama|roark|\n|player|p2|123iamveryblack|265|\n|teamsize|p1|6\n|teamsize|p2|6\n|gen|9\n|tier|[Gen 9] Anything Goes\n|rule|HP Percentage Mod: HP is shown in percentages\n|rule|Endless Battle Clause: Forcing endless battles is banned\n|clearpoke\n|poke|p1|Spiritomb, M|\n|poke|p1|Corviknight, F|\n|poke|p1|Electrode-Hisui|\n|poke|p1|Great Tusk|\n|poke|p1|Starly, M|\n|poke|p1|Scizor, M|\n|poke|p2|Dragapult, F|\n|poke|p2|Salamence, F|\n|poke|p2|Iron Treads|\n|poke|p2|Iron Leaves|\n|poke|p2|Arcanine-Hisui, M|\n|poke|p2|Basculegion, M|\n|teampreview\n|\n|t:|1697906809\n|start\n|switch|p1a: Corviknight|Corviknight, F|100\/100\n|switch|p2a: Salamence|Salamence, F|100\/100\n|turn|1\n|\n|t:|1697906879\n|switch|p2a: Iron Leaves|Iron Leaves|100\/100\n|move|p1a: Corviknight|Rock Smash|p2a: Iron Leaves\n|-resisted|p2a: Iron Leaves\n|-damage|p2a: Iron Leaves|96\/100\n|-unboost|p2a: Iron Leaves|def|1\n|\n|upkeep\n|turn|2\n|\n|t:|1697906908\n|move|p2a: Iron Leaves|Giga Drain|p1a: Corviknight\n|-resisted|p1a: Corviknight\n|-damage|p1a: Corviknight|95\/100\n|-heal|p2a: Iron Leaves|99\/100|[from] drain|[of] p1a: Corviknight\n|move|p1a: Corviknight|Brave Bird|p2a: Iron Leaves\n|-supereffective|p2a: Iron Leaves\n|-damage|p2a: Iron Leaves|0 fnt\n|faint|p2a: Iron Leaves\n|-end|p2a: Iron Leaves|Quark Drive|[silent]\n|-damage|p1a: Corviknight|66\/100|[from] Recoil\n|\n|upkeep\n|\n|t:|1697906928\n|switch|p2a: Iron Treads|Iron Treads|100\/100\n|turn|3\n|\n|t:|1697907015\n|switch|p1a: Great Tusk|Great Tusk|100\/100\n|move|p2a: Iron Treads|Ice Fang|p1a: Great Tusk\n|-supereffective|p1a: Great Tusk\n|-damage|p1a: Great Tusk|79\/100\n|\n|upkeep\n|turn|4\n|\n|t:|1697907077\n|-end|p2a: Iron Treads|Quark Drive|[silent]\n|switch|p2a: Dragapult|Dragapult, F|100\/100\n|move|p1a: Great Tusk|Close Combat|p2a: Dragapult\n|-immune|p2a: Dragapult\n|\n|upkeep\n|turn|5\n|\n|t:|1697907163\n|-end|p1a: Great Tusk|Protosynthesis|[silent]\n|switch|p1a: Spiritomb|Spiritomb, M|100\/100\n|-ability|p1a: Spiritomb|Pressure\n|move|p2a: Dragapult|Draco Meteor|p1a: Spiritomb\n|-damage|p1a: Spiritomb|42\/100\n|-unboost|p2a: Dragapult|spa|2\n|\n|upkeep\n|turn|6\n|\n|t:|1697907187\n|move|p2a: Dragapult|Draco Meteor|p1a: Spiritomb\n|-damage|p1a: Spiritomb|14\/100\n|-unboost|p2a: Dragapult|spa|2\n|move|p1a: Spiritomb|Shadow Ball|p2a: Dragapult\n|-supereffective|p2a: Dragapult\n|-damage|p2a: Dragapult|31\/100\n|\n|upkeep\n|turn|7\n|\n|t:|1697907260\n|move|p2a: Dragapult|Draco Meteor|p1a: Spiritomb\n|-damage|p1a: Spiritomb|0 fnt\n|-unboost|p2a: Dragapult|spa|2\n|faint|p1a: Spiritomb\n|\n|upkeep\n|\n|t:|1697907289\n|switch|p1a: Corviknight|Corviknight, F|66\/100\n|turn|8\n|\n|t:|1697907341\n|switch|p2a: Basculegion|Basculegion, M|100\/100\n|-item|p2a: Basculegion|Air Balloon\n|move|p1a: Corviknight|Brave Bird|p2a: Basculegion\n|-damage|p2a: Basculegion|60\/100\n|-enditem|p2a: Basculegion|Air Balloon\n|-damage|p1a: Corviknight|53\/100|[from] Recoil\n|\n|upkeep\n|turn|9\n|\n|t:|1697907360\n|switch|p1a: Electrode|Electrode-Hisui|100\/100\n|move|p2a: Basculegion|Shadow Ball|p1a: Electrode\n|-damage|p1a: Electrode|61\/100\n|\n|upkeep\n|turn|10\n|\n|t:|1697907391\n|switch|p2a: Arcanine|Arcanine-Hisui, M|100\/100\n|-ability|p2a: Arcanine|Intimidate|boost\n|-unboost|p1a: Electrode|atk|1\n|move|p1a: Electrode|Grassy Terrain|p1a: Electrode\n|-fieldstart|move: Grassy Terrain\n|\n|-heal|p1a: Electrode|67\/100|[from] Grassy Terrain\n|upkeep\n|turn|11\n|\n|t:|1697907427\n|switch|p1a: Great Tusk|Great Tusk|79\/100\n|move|p2a: Arcanine|Fire Blast|p1a: Great Tusk|[miss]\n|-miss|p2a: Arcanine|p1a: Great Tusk\n|\n|-heal|p1a: Great Tusk|86\/100|[from] Grassy Terrain\n|upkeep\n|turn|12\n|\n|t:|1697907444\n|switch|p2a: Salamence|Salamence, F|100\/100\n|move|p1a: Great Tusk|Bulk Up|p1a: Great Tusk\n|-boost|p1a: Great Tusk|atk|1\n|-boost|p1a: Great Tusk|def|1\n|\n|-heal|p1a: Great Tusk|92\/100|[from] Grassy Terrain\n|upkeep\n|turn|13\n|\n|t:|1697907454\n|move|p2a: Salamence|Hurricane|p1a: Great Tusk\n|-supereffective|p1a: Great Tusk\n|-damage|p1a: Great Tusk|0 fnt\n|faint|p1a: Great Tusk\n|-end|p1a: Great Tusk|Protosynthesis|[silent]\n|-ability|p2a: Salamence|Moxie|boost\n|-boost|p2a: Salamence|atk|1\n|-damage|p2a: Salamence|91\/100|[from] item: Life Orb\n|\n|upkeep\n|\n|t:|1697907478\n|switch|p1a: Electrode|Electrode-Hisui|67\/100\n|turn|14\n|\n|t:|1697907520\n|switch|p2a: Arcanine|Arcanine-Hisui, M|100\/100\n|-ability|p2a: Arcanine|Intimidate|boost\n|-unboost|p1a: Electrode|atk|1\n|move|p1a: Electrode|Thunder|p2a: Arcanine\n|-damage|p2a: Arcanine|51\/100\n|\n|-heal|p1a: Electrode|73\/100|[from] Grassy Terrain\n|-heal|p2a: Arcanine|57\/100|[from] Grassy Terrain\n|-fieldend|move: Grassy Terrain\n|upkeep\n|turn|15\n|\n|t:|1697907554\n|switch|p1a: Corviknight|Corviknight, F|53\/100\n|move|p2a: Arcanine|Fire Blast|p1a: Corviknight|[miss]\n|-miss|p2a: Arcanine|p1a: Corviknight\n|\n|upkeep\n|turn|16\n|\n|t:|1697907625\n|switch|p2a: Salamence|Salamence, F|91\/100\n|move|p1a: Corviknight|Brave Bird|p2a: Salamence\n|-damage|p2a: Salamence|55\/100\n|-damage|p1a: Corviknight|42\/100|[from] Recoil\n|\n|upkeep\n|turn|17\n|\n|t:|1697907662\n|switch|p2a: Basculegion|Basculegion, M|60\/100\n|switch|p1a: Electrode|Electrode-Hisui|73\/100\n|\n|upkeep\n|turn|18\n|\n|t:|1697907675\n|switch|p2a: Iron Treads|Iron Treads|100\/100\n|move|p1a: Electrode|Chloroblast|p2a: Iron Treads\n|-damage|p2a: Iron Treads|37\/100\n|-damage|p1a: Electrode|23\/100|[from] Recoil\n|\n|upkeep\n|turn|19\n|\n|t:|1697907733\n|move|p1a: Electrode|Grassy Terrain|p1a: Electrode\n|-fieldstart|move: Grassy Terrain\n|move|p2a: Iron Treads|Body Press|p1a: Electrode\n|-damage|p1a: Electrode|0 fnt\n|-damage|p2a: Iron Treads|12\/100|[from] ability: Aftermath|[of] p1a: Electrode\n|faint|p1a: Electrode\n|\n|-heal|p2a: Iron Treads|18\/100|[from] Grassy Terrain\n|upkeep\n|\n|t:|1697907743\n|switch|p1a: Scizor|Scizor, M|100\/100\n|turn|20\n|\n|t:|1697907789\n|-end|p2a: Iron Treads|Quark Drive|[silent]\n|switch|p2a: Arcanine|Arcanine-Hisui, M|57\/100\n|-ability|p2a: Arcanine|Intimidate|boost\n|-unboost|p1a: Scizor|atk|1\n|move|p1a: Scizor|Counter||[still]\n|-fail|p1a: Scizor\n|\n|-heal|p2a: Arcanine|63\/100|[from] Grassy Terrain\n|upkeep\n|turn|21\n|\n|t:|1697907807\n|move|p2a: Arcanine|Fire Blast|p1a: Scizor\n|-supereffective|p1a: Scizor\n|-damage|p1a: Scizor|0 fnt\n|faint|p1a: Scizor\n|\n|-heal|p2a: Arcanine|70\/100|[from] Grassy Terrain\n|upkeep\n|\n|t:|1697907813\n|switch|p1a: Corviknight|Corviknight, F|42\/100\n|turn|22\n|\n|t:|1697907822\n|move|p2a: Arcanine|Wild Charge|p1a: Corviknight\n|-supereffective|p1a: Corviknight\n|-damage|p1a: Corviknight|9\/100\n|-damage|p2a: Arcanine|60\/100|[from] Recoil\n|move|p1a: Corviknight|Iron Defense|p1a: Corviknight\n|-boost|p1a: Corviknight|def|2\n|\n|-heal|p2a: Arcanine|67\/100|[from] Grassy Terrain\n|upkeep\n|turn|23\n|\n|t:|1697907831\n|move|p2a: Arcanine|Wild Charge|p1a: Corviknight\n|-supereffective|p1a: Corviknight\n|-damage|p1a: Corviknight|0 fnt\n|faint|p1a: Corviknight\n|-damage|p2a: Arcanine|64\/100|[from] Recoil\n|\n|-heal|p2a: Arcanine|70\/100|[from] Grassy Terrain\n|-fieldend|move: Grassy Terrain\n|upkeep\n|\n|t:|1697907838\n|switch|p1a: Starly|Starly, M|100\/100\n|turn|24\n|\n|t:|1697907847\n|move|p1a: Starly|Agility|p1a: Starly\n|-boost|p1a: Starly|spe|2\n|move|p2a: Arcanine|Wild Charge|p1a: Starly\n|-supereffective|p1a: Starly\n|-enditem|p1a: Starly|Focus Sash\n|-damage|p1a: Starly|1\/100\n|-damage|p2a: Arcanine|55\/100|[from] Recoil\n|\n|upkeep\n|turn|25\n|\n|t:|1697907856\n|move|p1a: Starly|Endeavor|p2a: Arcanine\n|-damage|p2a: Arcanine|1\/100\n|move|p2a: Arcanine|Wild Charge|p1a: Starly\n|-supereffective|p1a: Starly\n|-damage|p1a: Starly|0 fnt\n|faint|p1a: Starly\n|-damage|p2a: Arcanine|0 fnt|[from] Recoil\n|faint|p2a: Arcanine\n|\n|win|123iamveryblack\n|l|\u2606Hashillama\n","uploadtime":1697907897,"views":7,"p1id":"hashillama","p2id":"123iamveryblack","formatid":"gen9anythinggoes","rating":0,"private":0,"password":""}