{"id":"gen9anythinggoes-1998991205","p1":"palboscfv","p2":"HSAplaysYT","format":"[Gen 9] Anything Goes","log":"|j|\u2606palboscfv\n|j|\u2606HSAplaysYT\n|t:|1701021492\n|gametype|singles\n|player|p1|palboscfv|giovanni|1197\n|player|p2|HSAplaysYT|silver|1164\n|teamsize|p1|6\n|teamsize|p2|6\n|gen|9\n|tier|[Gen 9] Anything Goes\n|rated|\n|rule|HP Percentage Mod: HP is shown in percentages\n|rule|Endless Battle Clause: Forcing endless battles is banned\n|clearpoke\n|poke|p1|Regieleki|\n|poke|p1|Grimmsnarl, M|\n|poke|p1|Gyarados, M|\n|poke|p1|Gardevoir, F|\n|poke|p1|Greninja-*, M|\n|poke|p1|Cinderace, F|\n|poke|p2|Maushold-Four|\n|poke|p2|Miraidon|\n|poke|p2|Dragapult, M|\n|poke|p2|Lurantis, M|\n|poke|p2|Samurott-Hisui, M|\n|poke|p2|Hatterene, F|\n|teampreview\n|\n|t:|1701021504\n|start\n|switch|p1a: Gyarados|Gyarados, M, shiny|100\/100\n|switch|p2a: drake|Dragapult, M|100\/100\n|turn|1\n|c|\u2606HSAplaysYT|dragapult...\n|c|\u2606HSAplaysYT|my favorite\n|\n|t:|1701021517\n|move|p2a: drake|Dragon Dance|p2a: drake\n|-boost|p2a: drake|atk|1\n|-boost|p2a: drake|spe|1\n|move|p1a: Gyarados|Dragon Dance|p1a: Gyarados\n|-boost|p1a: Gyarados|atk|1\n|-boost|p1a: Gyarados|spe|1\n|\n|upkeep\n|turn|2\n|\n|t:|1701021524\n|move|p2a: drake|Dragon Darts|p1a: Gyarados\n|-damage|p1a: Gyarados|44\/100\n|-enditem|p1a: Gyarados|Sitrus Berry|[eat]\n|-heal|p1a: Gyarados|69\/100|[from] item: Sitrus Berry\n|-anim|p2a: drake|Dragon Darts|p1a: Gyarados\n|-damage|p1a: Gyarados|11\/100\n|move|p1a: Gyarados|Crunch|p2a: drake\n|-supereffective|p2a: drake\n|-damage|p2a: drake|0 fnt\n|faint|p2a: drake\n|-ability|p1a: Gyarados|Moxie|boost\n|-boost|p1a: Gyarados|atk|1\n|\n|upkeep\n|\n|t:|1701021538\n|switch|p2a: hat man|Hatterene, F, shiny|100\/100\n|turn|3\n|\n|t:|1701021545\n|move|p1a: Gyarados|Waterfall|p2a: hat man\n|-damage|p2a: hat man|34\/100\n|move|p2a: hat man|Dark Pulse|p1a: Gyarados\n|-damage|p1a: Gyarados|0 fnt\n|faint|p1a: Gyarados\n|\n|upkeep\n|\n|t:|1701021556\n|switch|p1a: Greninja|Greninja, M, shiny|100\/100\n|turn|4\n|\n|t:|1701021562\n|move|p1a: Greninja|Dark Pulse|p2a: hat man\n|-start|p1a: Greninja|typechange|Dark|[from] ability: Protean\n|-damage|p2a: hat man|0 fnt\n|faint|p2a: hat man\n|-damage|p1a: Greninja|91\/100|[from] item: Life Orb\n|\n|upkeep\n|\n|t:|1701021573\n|switch|p2a: bike|Miraidon|100\/100\n|-fieldstart|move: Electric Terrain|[from] ability: Hadron Engine|[of] p2a: bike\n|turn|5\n|\n|t:|1701021579\n|move|p2a: bike|Dazzling Gleam|p1a: Greninja\n|-supereffective|p1a: Greninja\n|-damage|p1a: Greninja|0 fnt\n|faint|p1a: Greninja\n|\n|upkeep\n|\n|t:|1701021593\n|switch|p1a: Regieleki|Regieleki|100\/100\n|turn|6\n|\n|t:|1701021606\n|move|p1a: Regieleki|Thunderbolt|p2a: bike\n|-resisted|p2a: bike\n|-damage|p2a: bike|87\/100\n|move|p2a: bike|Dragon Pulse|p1a: Regieleki\n|-enditem|p1a: Regieleki|Focus Sash\n|-damage|p1a: Regieleki|1\/100\n|\n|upkeep\n|turn|7\n|\n|t:|1701021613\n|move|p1a: Regieleki|Explosion|p2a: bike\n|-damage|p2a: bike|22\/100\n|faint|p1a: Regieleki\n|move|p2a: bike|Dragon Pulse|p1: Regieleki|[notarget]\n|-fail|p2a: bike\n|\n|upkeep\n|\n|t:|1701021621\n|switch|p1a: Gardevoir|Gardevoir, F|100\/100\n|-activate|p1a: Gardevoir|ability: Hadron Engine\n|-ability|p1a: Gardevoir|Hadron Engine|[from] ability: Trace|[of] p2a: bike\n|turn|8\n|\n|t:|1701021633\n|move|p2a: bike|Dragon Pulse|p1a: Gardevoir\n|-immune|p1a: Gardevoir\n|move|p1a: Gardevoir|Moonblast|p2a: bike\n|-supereffective|p2a: bike\n|-damage|p2a: bike|0 fnt\n|faint|p2a: bike\n|\n|upkeep\n|c|\u2606HSAplaysYT|oh shoot\n|c|\u2606HSAplaysYT|i didnt see the gardevoir\n|\n|t:|1701021647\n|switch|p2a: dont use normal|Samurott-Hisui, M|100\/100\n|turn|9\n|\n|t:|1701021653\n|move|p2a: dont use normal|Ceaseless Edge|p1a: Gardevoir\n|-damage|p1a: Gardevoir|4\/100\n|-sidestart|p1: palboscfv|Spikes\n|-damage|p2a: dont use normal|91\/100|[from] item: Life Orb\n|move|p1a: Gardevoir|Moonblast|p2a: dont use normal\n|-supereffective|p2a: dont use normal\n|-damage|p2a: dont use normal|0 fnt\n|faint|p2a: dont use normal\n|\n|-fieldend|move: Electric Terrain\n|upkeep\n|\n|t:|1701021658\n|switch|p2a: the mouse of dream|Maushold-Four|100\/100\n|turn|10\n|c|\u2606palboscfv|f\n|\n|t:|1701021670\n|move|p2a: the mouse of dream|Population Bomb|p1a: Gardevoir\n|-damage|p1a: Gardevoir|0 fnt\n|faint|p1a: Gardevoir\n|-hitcount|p1: Gardevoir|1\n|\n|upkeep\n|\n|t:|1701021675\n|switch|p1a: Cinderace|Cinderace, F|100\/100\n|turn|11\n|\n|t:|1701021679\n|move|p1a: Cinderace|High Jump Kick|p2a: the mouse of dream\n|-start|p1a: Cinderace|typechange|Fighting|[from] ability: Libero\n|-supereffective|p2a: the mouse of dream\n|-crit|p2a: the mouse of dream\n|-damage|p2a: the mouse of dream|0 fnt\n|faint|p2a: the mouse of dream\n|\n|upkeep\n|\n|t:|1701021681\n|switch|p2a: testing|Lurantis, M|100\/100\n|turn|12\n|\n|t:|1701021691\n|-terastallize|p2a: testing|Psychic\n|move|p1a: Cinderace|Pyro Ball|p2a: testing|[miss]\n|-miss|p1a: Cinderace|p2a: testing\n|move|p2a: testing|Leech Life|p1a: Cinderace\n|-resisted|p1a: Cinderace\n|-damage|p1a: Cinderace|81\/100\n|\n|upkeep\n|turn|13\n|\n|t:|1701021700\n|move|p1a: Cinderace|Iron Head|p2a: testing\n|-damage|p2a: testing|73\/100\n|move|p2a: testing|Leech Life|p1a: Cinderace\n|-resisted|p1a: Cinderace\n|-damage|p1a: Cinderace|61\/100\n|-heal|p2a: testing|82\/100|[from] drain|[of] p1a: Cinderace\n|\n|-heal|p2a: testing|89\/100|[from] item: Leftovers\n|upkeep\n|turn|14\n|\n|t:|1701021708\n|move|p1a: Cinderace|Pyro Ball|p2a: testing\n|-damage|p2a: testing|48\/100\n|move|p2a: testing|Leech Life|p1a: Cinderace\n|-resisted|p1a: Cinderace\n|-damage|p1a: Cinderace|42\/100\n|-heal|p2a: testing|56\/100|[from] drain|[of] p1a: Cinderace\n|\n|-heal|p2a: testing|62\/100|[from] item: Leftovers\n|upkeep\n|turn|15\n|\n|t:|1701021716\n|move|p1a: Cinderace|Pyro Ball|p2a: testing\n|-damage|p2a: testing|19\/100\n|move|p2a: testing|Leech Life|p1a: Cinderace\n|-resisted|p1a: Cinderace\n|-damage|p1a: Cinderace|24\/100\n|-heal|p2a: testing|27\/100|[from] drain|[of] p1a: Cinderace\n|\n|-heal|p2a: testing|33\/100|[from] item: Leftovers\n|upkeep\n|turn|16\n|\n|t:|1701021725\n|move|p1a: Cinderace|Pyro Ball|p2a: testing\n|-damage|p2a: testing|0 fnt\n|faint|p2a: testing\n|\n|win|palboscfv\n|raw|palboscfv's rating: 1197 &rarr; <strong>1220<\/strong><br \/>(+23 for winning)\n|raw|HSAplaysYT's rating: 1164 &rarr; <strong>1141<\/strong><br \/>(-23 for losing)\n|c|\u2606HSAplaysYT|gg\n|c|\u2606palboscfv|gg\n|l|\u2606HSAplaysYT\n","uploadtime":1701021737,"views":0,"p1id":"palboscfv","p2id":"hsaplaysyt","formatid":"gen9anythinggoes","rating":1141,"private":0,"password":""}