{"id":"gen9anythinggoes-1979907713","p1":"Joelangelo7","p2":"Revel64","format":"[Gen 9] Anything Goes","log":"|j|\u2606Joelangelo7\n|j|\u2606Revel64\n|t:|1698727513\n|gametype|singles\n|player|p1|Joelangelo7|hilbert-wonderlauncher|\n|player|p2|Revel64|barry|\n|teamsize|p1|6\n|teamsize|p2|6\n|gen|9\n|tier|[Gen 9] Anything Goes\n|rule|HP Percentage Mod: HP is shown in percentages\n|rule|Endless Battle Clause: Forcing endless battles is banned\n|clearpoke\n|poke|p1|Altaria, M|\n|poke|p1|Zacian-*|\n|poke|p1|Skeledirge, M|\n|poke|p1|Pelipper, M|\n|poke|p1|Eternatus|\n|poke|p1|Ting-Lu|\n|poke|p2|Groudon|\n|poke|p2|Espathra, M|\n|poke|p2|Bellibolt, M|\n|poke|p2|Empoleon, M|\n|poke|p2|Urshifu-*, M|\n|poke|p2|Arceus-Fairy|\n|teampreview\n|inactive|Battle timer is ON: inactive players will automatically lose when time's up. (requested by Joelangelo7)\n|inactive|Revel64 has 270 seconds left.\n|\n|t:|1698727562\n|start\n|switch|p1a: Altaria|Altaria, M, shiny|100\/100\n|switch|p2a: Groudon|Groudon, shiny|100\/100\n|-weather|SunnyDay|[from] ability: Drought|[of] p2a: Groudon\n|turn|1\n|\n|t:|1698727575\n|move|p1a: Altaria|Perish Song|p1a: Altaria\n|-start|p1a: Altaria|perish3|[silent]\n|-start|p2a: Groudon|perish3|[silent]\n|-fieldactivate|move: Perish Song\n|move|p2a: Groudon|Solar Beam||[still]\n|-prepare|p2a: Groudon|Solar Beam\n|-anim|p2a: Groudon|Solar Beam|p1a: Altaria\n|-resisted|p1a: Altaria\n|-damage|p1a: Altaria|92\/100\n|\n|-weather|SunnyDay|[upkeep]\n|-heal|p1a: Altaria|98\/100|[from] item: Leftovers\n|-start|p1a: Altaria|perish3\n|-start|p2a: Groudon|perish3\n|upkeep\n|turn|2\n|\n|t:|1698727590\n|move|p1a: Altaria|Fire Spin|p2a: Groudon\n|-damage|p2a: Groudon|92\/100\n|-activate|p2a: Groudon|move: Fire Spin|[of] p1a: Altaria\n|move|p2a: Groudon|Lava Plume|p1a: Altaria\n|-resisted|p1a: Altaria\n|-damage|p1a: Altaria|81\/100\n|\n|-weather|SunnyDay|[upkeep]\n|-heal|p1a: Altaria|87\/100|[from] item: Leftovers\n|-heal|p2a: Groudon|99\/100|[from] item: Leftovers\n|-damage|p2a: Groudon|86\/100|[from] move: Fire Spin|[partiallytrapped]\n|-start|p1a: Altaria|perish2\n|-start|p2a: Groudon|perish2\n|upkeep\n|turn|3\n|\n|t:|1698727602\n|move|p1a: Altaria|Dragon Pulse|p2a: Groudon\n|-damage|p2a: Groudon|68\/100\n|move|p2a: Groudon|Rest|p2a: Groudon\n|-status|p2a: Groudon|slp|[from] move: Rest\n|-heal|p2a: Groudon|100\/100 slp|[silent]\n|\n|-weather|SunnyDay|[upkeep]\n|-heal|p1a: Altaria|93\/100|[from] item: Leftovers\n|-damage|p2a: Groudon|88\/100 slp|[from] move: Fire Spin|[partiallytrapped]\n|-start|p1a: Altaria|perish1\n|-start|p2a: Groudon|perish1\n|upkeep\n|turn|4\n|\n|t:|1698727613\n|switch|p1a: Skeledirge|Skeledirge, M, shiny|100\/100\n|cant|p2a: Groudon|slp\n|\n|-weather|SunnyDay|[upkeep]\n|-heal|p2a: Groudon|94\/100 slp|[from] item: Leftovers\n|-end|p2a: Groudon|Fire Spin|[partiallytrapped]|[silent]\n|-start|p2a: Groudon|perish0\n|upkeep\n|faint|p2a: Groudon\n|\n|t:|1698727628\n|switch|p2a: Urshifu|Urshifu, M|100\/100\n|turn|5\n|inactive|Revel64 has 270 seconds left.\n|\n|t:|1698727681\n|move|p2a: Urshifu|Wicked Blow|p1a: Skeledirge\n|-supereffective|p1a: Skeledirge\n|-crit|p1a: Skeledirge\n|-damage|p1a: Skeledirge|0 fnt\n|faint|p1a: Skeledirge\n|\n|-weather|none\n|upkeep\n|\n|t:|1698727692\n|switch|p1a: Altaria|Altaria, M, shiny|93\/100\n|turn|6\n|inactive|Revel64 has 240 seconds left.\n|\n|t:|1698727717\n|move|p2a: Urshifu|Poison Jab|p1a: Altaria\n|-damage|p1a: Altaria|63\/100\n|move|p1a: Altaria|Perish Song|p1a: Altaria\n|-start|p1a: Altaria|perish3|[silent]\n|-start|p2a: Urshifu|perish3|[silent]\n|-fieldactivate|move: Perish Song\n|\n|-heal|p1a: Altaria|69\/100|[from] item: Leftovers\n|-start|p2a: Urshifu|perish3\n|-start|p1a: Altaria|perish3\n|upkeep\n|turn|7\n|\n|t:|1698727731\n|move|p2a: Urshifu|Poison Jab|p1a: Altaria\n|-damage|p1a: Altaria|41\/100\n|move|p1a: Altaria|Fire Spin|p2a: Urshifu|[miss]\n|-miss|p1a: Altaria|p2a: Urshifu\n|\n|-heal|p1a: Altaria|47\/100|[from] item: Leftovers\n|-start|p2a: Urshifu|perish2\n|-start|p1a: Altaria|perish2\n|upkeep\n|turn|8\n|\n|t:|1698727743\n|switch|p1a: Eternatus|Eternatus|100\/100\n|-ability|p1a: Eternatus|Pressure\n|move|p2a: Urshifu|Poison Jab|p1a: Eternatus\n|-resisted|p1a: Eternatus\n|-damage|p1a: Eternatus|88\/100\n|\n|-heal|p1a: Eternatus|94\/100|[from] item: Leftovers\n|-start|p2a: Urshifu|perish1\n|upkeep\n|turn|9\n|inactive|Revel64 has 240 seconds left.\n|\n|t:|1698727773\n|switch|p2a: Empoleon|Empoleon, M, shiny|100\/100\n|move|p1a: Eternatus|Sludge Bomb|p2a: Empoleon\n|-immune|p2a: Empoleon\n|\n|-heal|p1a: Eternatus|99\/100|[from] item: Leftovers\n|upkeep\n|turn|10\n|\n|t:|1698727781\n|move|p1a: Eternatus|Dragon Pulse|p2a: Empoleon\n|-resisted|p2a: Empoleon\n|-damage|p2a: Empoleon|76\/100\n|move|p2a: Empoleon|Flash Cannon|p1a: Eternatus\n|-damage|p1a: Eternatus|62\/100\n|-unboost|p1a: Eternatus|spd|1\n|-damage|p2a: Empoleon|66\/100|[from] item: Life Orb\n|\n|-heal|p1a: Eternatus|68\/100|[from] item: Leftovers\n|upkeep\n|turn|11\n|inactive|Revel64 has 240 seconds left.\n|\n|t:|1698727808\n|move|p1a: Eternatus|Dragon Pulse|p2a: Empoleon\n|-resisted|p2a: Empoleon\n|-damage|p2a: Empoleon|44\/100\n|move|p2a: Empoleon|Hydro Pump|p1a: Eternatus\n|-resisted|p1a: Eternatus\n|-damage|p1a: Eternatus|28\/100\n|-damage|p2a: Empoleon|34\/100|[from] item: Life Orb\n|\n|-heal|p1a: Eternatus|34\/100|[from] item: Leftovers\n|upkeep\n|turn|12\n|\n|t:|1698727820\n|move|p1a: Eternatus|Recover|p1a: Eternatus\n|-heal|p1a: Eternatus|84\/100\n|move|p2a: Empoleon|Hydro Cannon|p1a: Eternatus\n|-resisted|p1a: Eternatus\n|-damage|p1a: Eternatus|29\/100\n|-mustrecharge|p2a: Empoleon\n|-damage|p2a: Empoleon|24\/100|[from] item: Life Orb\n|\n|-heal|p1a: Eternatus|36\/100|[from] item: Leftovers\n|upkeep\n|turn|13\n|\n|t:|1698727831\n|move|p1a: Eternatus|Recover|p1a: Eternatus\n|-heal|p1a: Eternatus|86\/100\n|cant|p2a: Empoleon|recharge\n|\n|-heal|p1a: Eternatus|92\/100|[from] item: Leftovers\n|upkeep\n|turn|14\n|\n|t:|1698727844\n|switch|p1a: Altaria|Altaria, M, shiny|47\/100\n|move|p2a: Empoleon|Ice Beam|p1a: Altaria\n|-supereffective|p1a: Altaria\n|-damage|p1a: Altaria|0 fnt\n|faint|p1a: Altaria\n|-damage|p2a: Empoleon|15\/100|[from] item: Life Orb\n|\n|upkeep\n|\n|t:|1698727857\n|switch|p1a: Pelipper|Pelipper, M, shiny|100\/100\n|-weather|RainDance|[from] ability: Drizzle|[of] p1a: Pelipper\n|turn|15\n|inactive|Revel64 has 240 seconds left.\n|\n|t:|1698727882\n|move|p1a: Pelipper|Hurricane|p2a: Empoleon\n|-resisted|p2a: Empoleon\n|-damage|p2a: Empoleon|0 fnt\n|faint|p2a: Empoleon\n|\n|-weather|RainDance|[upkeep]\n|upkeep\n|inactive|Revel64 has 240 seconds left.\n|inactive|Revel64 has 210 seconds left.\n|inactive|Revel64 has 180 seconds left.\n|\n|t:|1698727950\n|switch|p2a: Arceus|Arceus-Fairy, shiny|100\/100\n|turn|16\n|\n|t:|1698727958\n|-terastallize|p2a: Arceus|Fairy\n|move|p2a: Arceus|Judgment|p1a: Pelipper\n|-enditem|p1a: Pelipper|Focus Sash\n|-damage|p1a: Pelipper|1\/100\n|move|p1a: Pelipper|U-turn|p2a: Arceus\n|-resisted|p2a: Arceus\n|-damage|p2a: Arceus|98\/100\n|\n|t:|1698727970\n|switch|p1a: Zacian|Zacian-Crowned|100\/100|[from] U-turn\n|-ability|p1a: Zacian|Intrepid Sword|boost\n|-boost|p1a: Zacian|atk|1\n|\n|-weather|RainDance|[upkeep]\n|upkeep\n|turn|17\n|inactive|Revel64 has 180 seconds left.\n|\n|t:|1698727992\n|move|p1a: Zacian|Behemoth Blade|p2a: Arceus\n|-supereffective|p2a: Arceus\n|-damage|p2a: Arceus|0 fnt\n|faint|p2a: Arceus\n|\n|-weather|RainDance|[upkeep]\n|upkeep\n|inactive|Revel64 has 180 seconds left.\n|\n|t:|1698728014\n|switch|p2a: Espathra|Espathra, M, shiny|100\/100\n|turn|18\n|\n|t:|1698728017\n|move|p1a: Zacian|Swords Dance|p1a: Zacian\n|-boost|p1a: Zacian|atk|2\n|move|p2a: Espathra|Lumina Crash|p1a: Zacian\n|-resisted|p1a: Zacian\n|-damage|p1a: Zacian|85\/100\n|-unboost|p1a: Zacian|spd|2\n|\n|-weather|RainDance|[upkeep]\n|-ability|p2a: Espathra|Speed Boost|boost\n|-boost|p2a: Espathra|spe|1\n|upkeep\n|turn|19\n|\n|t:|1698728024\n|move|p2a: Espathra|Lumina Crash|p1a: Zacian\n|-resisted|p1a: Zacian\n|-crit|p1a: Zacian\n|-damage|p1a: Zacian|44\/100\n|-unboost|p1a: Zacian|spd|2\n|move|p1a: Zacian|Swords Dance|p1a: Zacian\n|-boost|p1a: Zacian|atk|2\n|\n|-weather|none\n|-ability|p2a: Espathra|Speed Boost|boost\n|-boost|p2a: Espathra|spe|1\n|upkeep\n|turn|20\n|\n|t:|1698728032\n|move|p2a: Espathra|Calm Mind|p2a: Espathra\n|-boost|p2a: Espathra|spa|1\n|-boost|p2a: Espathra|spd|1\n|move|p1a: Zacian|Behemoth Blade|p2a: Espathra\n|-enditem|p2a: Espathra|Focus Sash\n|-damage|p2a: Espathra|1\/100\n|\n|-ability|p2a: Espathra|Speed Boost|boost\n|-boost|p2a: Espathra|spe|1\n|upkeep\n|turn|21\n|\n|t:|1698728044\n|move|p2a: Espathra|Baton Pass|p2a: Espathra\n|\n|t:|1698728051\n|switch|p2a: Bellibolt|Bellibolt, M, shiny|100\/100|[from] Baton Pass\n|move|p1a: Zacian|Swords Dance|p1a: Zacian\n|-boost|p1a: Zacian|atk|1\n|\n|upkeep\n|turn|22\n|\n|t:|1698728062\n|move|p1a: Zacian|Swords Dance|p1a: Zacian\n|-boost|p1a: Zacian|atk|0\n|move|p2a: Bellibolt|Parabolic Charge|p1a: Zacian\n|-damage|p1a: Zacian|0 fnt\n|faint|p1a: Zacian\n|\n|upkeep\n|\n|t:|1698728074\n|switch|p1a: Ting-Lu|Ting-Lu|100\/100\n|-ability|p1a: Ting-Lu|Vessel of Ruin\n|turn|23\n|inactive|Revel64 has 210 seconds left.\n|\n|t:|1698728097\n|move|p2a: Bellibolt|Soak|p1a: Ting-Lu\n|-start|p1a: Ting-Lu|typechange|Water\n|move|p1a: Ting-Lu|Spikes|p2a: Bellibolt\n|-sidestart|p2: Revel64|Spikes\n|\n|upkeep\n|turn|24\n|\n|t:|1698728103\n|move|p2a: Bellibolt|Parabolic Charge|p1a: Ting-Lu\n|-supereffective|p1a: Ting-Lu\n|-damage|p1a: Ting-Lu|52\/100\n|move|p1a: Ting-Lu|Earthquake|p2a: Bellibolt\n|-supereffective|p2a: Bellibolt\n|-damage|p2a: Bellibolt|43\/100\n|-start|p2a: Bellibolt|Charge|Earthquake|[from] ability: Electromorphosis\n|\n|-heal|p2a: Bellibolt|49\/100|[from] item: Leftovers\n|-heal|p1a: Ting-Lu|58\/100|[from] item: Leftovers\n|upkeep\n|turn|25\n|\n|t:|1698728114\n|move|p2a: Bellibolt|Parabolic Charge|p1a: Ting-Lu\n|-supereffective|p1a: Ting-Lu\n|-damage|p1a: Ting-Lu|0 fnt\n|-heal|p2a: Bellibolt|84\/100|[from] drain|[of] p1a: Ting-Lu\n|faint|p1a: Ting-Lu\n|-end|p2a: Bellibolt|Charge|[silent]\n|\n|-heal|p2a: Bellibolt|90\/100|[from] item: Leftovers\n|upkeep\n|\n|t:|1698728118\n|switch|p1a: Pelipper|Pelipper, M, shiny|1\/100\n|-weather|RainDance|[from] ability: Drizzle|[of] p1a: Pelipper\n|turn|26\n|\n|t:|1698728126\n|move|p2a: Bellibolt|Parabolic Charge|p1a: Pelipper\n|-supereffective|p1a: Pelipper\n|-damage|p1a: Pelipper|0 fnt\n|-heal|p2a: Bellibolt|90\/100|[from] drain|[of] p1a: Pelipper\n|faint|p1a: Pelipper\n|\n|-weather|RainDance|[upkeep]\n|-heal|p2a: Bellibolt|97\/100|[from] item: Leftovers\n|upkeep\n|\n|t:|1698728134\n|switch|p1a: Eternatus|Eternatus|92\/100\n|-ability|p1a: Eternatus|Pressure\n|turn|27\n|\n|t:|1698728153\n|switch|p2a: Espathra|Espathra, M, shiny|1\/100\n|-damage|p2a: Espathra|0 fnt|[from] Spikes\n|faint|p2a: Espathra\n|-terastallize|p1a: Eternatus|Fairy\n|move|p1a: Eternatus|Dragon Pulse|p2: Espathra|[notarget]\n|-fail|p1a: Eternatus\n|\n|-weather|RainDance|[upkeep]\n|-heal|p1a: Eternatus|98\/100|[from] item: Leftovers\n|upkeep\n|\n|t:|1698728157\n|switch|p2a: Urshifu|Urshifu, M|100\/100\n|-damage|p2a: Urshifu|88\/100|[from] Spikes\n|turn|28\n|\n|t:|1698728169\n|move|p1a: Eternatus|Dragon Pulse|p2a: Urshifu\n|-damage|p2a: Urshifu|3\/100\n|move|p2a: Urshifu|Close Combat|p1a: Eternatus\n|-resisted|p1a: Eternatus\n|-damage|p1a: Eternatus|72\/100\n|-unboost|p2a: Urshifu|def|1\n|-unboost|p2a: Urshifu|spd|1\n|\n|-weather|RainDance|[upkeep]\n|-heal|p1a: Eternatus|79\/100|[from] item: Leftovers\n|upkeep\n|turn|29\n|\n|t:|1698728176\n|move|p2a: Urshifu|Sucker Punch|p1a: Eternatus\n|-resisted|p1a: Eternatus\n|-damage|p1a: Eternatus|62\/100\n|move|p1a: Eternatus|Sludge Bomb|p2a: Urshifu\n|-damage|p2a: Urshifu|0 fnt\n|faint|p2a: Urshifu\n|\n|-weather|RainDance|[upkeep]\n|-heal|p1a: Eternatus|68\/100|[from] item: Leftovers\n|upkeep\n|\n|t:|1698728179\n|switch|p2a: Bellibolt|Bellibolt, M, shiny|97\/100\n|-damage|p2a: Bellibolt|84\/100|[from] Spikes\n|turn|30\n|\n|t:|1698728187\n|move|p1a: Eternatus|Recover|p1a: Eternatus\n|-heal|p1a: Eternatus|100\/100\n|move|p2a: Bellibolt|Soak|p1a: Eternatus\n|-fail|p1a: Eternatus\n|\n|-weather|none\n|-heal|p2a: Bellibolt|90\/100|[from] item: Leftovers\n|upkeep\n|turn|31\n|\n|t:|1698728196\n|move|p1a: Eternatus|Dragon Pulse|p2a: Bellibolt\n|-damage|p2a: Bellibolt|43\/100\n|-start|p2a: Bellibolt|Charge|Dragon Pulse|[from] ability: Electromorphosis\n|move|p2a: Bellibolt|Acid Spray|p1a: Eternatus\n|-supereffective|p1a: Eternatus\n|-damage|p1a: Eternatus|82\/100\n|-unboost|p1a: Eternatus|spd|2\n|\n|-heal|p1a: Eternatus|89\/100|[from] item: Leftovers\n|-heal|p2a: Bellibolt|49\/100|[from] item: Leftovers\n|upkeep\n|turn|32\n|\n|t:|1698728213\n|move|p1a: Eternatus|Sludge Bomb|p2a: Bellibolt\n|-damage|p2a: Bellibolt|3\/100\n|-status|p2a: Bellibolt|psn\n|-start|p2a: Bellibolt|Charge|Sludge Bomb|[from] ability: Electromorphosis\n|move|p2a: Bellibolt|Parabolic Charge|p1a: Eternatus\n|-damage|p1a: Eternatus|0 fnt\n|-heal|p2a: Bellibolt|52\/100 psn|[from] drain|[of] p1a: Eternatus\n|faint|p1a: Eternatus\n|-end|p2a: Bellibolt|Charge|[silent]\n|\n|win|Revel64\n","uploadtime":1698728241,"views":14,"p1id":"joelangelo7","p2id":"revel64","formatid":"gen9anythinggoes","rating":0,"private":0,"password":""}