{"id":"gen9anythinggoes-1981520175","p1":"TietAsnee","p2":"MammniTTG","format":"[Gen 9] Anything Goes","log":"|j|\u2606TietAsnee\n|j|\u2606MammniTTG\n|t:|1698911350\n|gametype|singles\n|player|p1|TietAsnee|skyla|\n|player|p2|MammniTTG|170|\n|teamsize|p1|6\n|teamsize|p2|6\n|gen|9\n|tier|[Gen 9] Anything Goes\n|rule|HP Percentage Mod: HP is shown in percentages\n|rule|Endless Battle Clause: Forcing endless battles is banned\n|clearpoke\n|poke|p1|Greninja-*, F|\n|poke|p1|Manaphy|\n|poke|p1|Scizor, M|\n|poke|p1|Clefable, M|\n|poke|p1|Basculin-Blue-Striped, M|\n|poke|p1|Garchomp, F|\n|poke|p2|Typhlosion, F|\n|poke|p2|Walking Wake|\n|poke|p2|Mandibuzz, F|\n|poke|p2|Weavile, F|\n|poke|p2|Grimmsnarl, M|\n|poke|p2|Ursaluna-Bloodmoon, M|\n|teampreview\n|j| El Rey Primo\n|j| Da1ba Nana\n|\n|t:|1698911406\n|start\n|switch|p1a: Scizor|Scizor, M|100\/100\n|switch|p2a: I hate xenoverse|Grimmsnarl, M|100\/100\n|turn|1\n|\n|t:|1698911435\n|move|p1a: Scizor|Bullet Punch|p2a: I hate xenoverse\n|-supereffective|p2a: I hate xenoverse\n|-damage|p2a: I hate xenoverse|0 fnt\n|faint|p2a: I hate xenoverse\n|\n|upkeep\n|\n|t:|1698911448\n|switch|p2a: Smoking Kills|Typhlosion, F|100\/100\n|turn|2\n|\n|t:|1698911455\n|switch|p1a: Garchomp|Garchomp, F|100\/100\n|move|p2a: Smoking Kills|Eruption|p1a: Garchomp\n|-resisted|p1a: Garchomp\n|-damage|p1a: Garchomp|58\/100\n|\n|upkeep\n|turn|3\n|\n|t:|1698911470\n|switch|p2a: no money|Mandibuzz, F|100\/100\n|move|p1a: Garchomp|Earthquake|p2a: no money\n|-immune|p2a: no money\n|\n|upkeep\n|turn|4\n|\n|t:|1698911506\n|switch|p1a: Clefable|Clefable, M|100\/100\n|move|p2a: no money|Knock Off|p1a: Clefable\n|-resisted|p1a: Clefable\n|-damage|p1a: Clefable|91\/100\n|-enditem|p1a: Clefable|Leftovers|[from] move: Knock Off|[of] p2a: no money\n|\n|upkeep\n|turn|5\n|\n|t:|1698911520\n|move|p2a: no money|U-turn|p1a: Clefable\n|-resisted|p1a: Clefable\n|-damage|p1a: Clefable|87\/100\n|\n|t:|1698911532\n|switch|p2a: Smoking Kills|Typhlosion, F|100\/100|[from] U-turn\n|move|p1a: Clefable|Thunder Wave|p2a: Smoking Kills\n|-status|p2a: Smoking Kills|par\n|\n|upkeep\n|turn|6\n|\n|t:|1698911604\n|move|p2a: Smoking Kills|Will-O-Wisp|p1a: Clefable\n|-status|p1a: Clefable|brn\n|move|p1a: Clefable|Focus Blast|p2a: Smoking Kills|[miss]\n|-miss|p1a: Clefable|p2a: Smoking Kills\n|\n|-damage|p1a: Clefable|81\/100 brn|[from] brn\n|upkeep\n|turn|7\n|\n|t:|1698911628\n|switch|p2a: no money|Mandibuzz, F|100\/100\n|switch|p1a: Garchomp|Garchomp, F|58\/100\n|\n|upkeep\n|turn|8\n|\n|t:|1698911654\n|move|p1a: Garchomp|Dragon Claw|p2a: no money\n|-damage|p2a: no money|78\/100\n|move|p2a: no money|Tailwind|p2a: no money\n|-sidestart|p2: MammniTTG|move: Tailwind\n|\n|-heal|p2a: no money|84\/100|[from] item: Leftovers\n|upkeep\n|turn|9\n|\n|t:|1698911669\n|move|p1a: Garchomp|Dragon Claw|p2a: no money\n|-damage|p2a: no money|62\/100\n|move|p2a: no money|Knock Off|p1a: Garchomp\n|-damage|p1a: Garchomp|35\/100\n|-damage|p2a: no money|49\/100|[from] ability: Rough Skin|[of] p1a: Garchomp\n|-enditem|p1a: Garchomp|Choice Scarf|[from] move: Knock Off|[of] p2a: no money\n|\n|-heal|p2a: no money|55\/100|[from] item: Leftovers\n|upkeep\n|turn|10\n|\n|t:|1698911704\n|switch|p1a: Clefable|Clefable, M|81\/100 brn\n|move|p2a: no money|U-turn|p1a: Clefable\n|-resisted|p1a: Clefable\n|-damage|p1a: Clefable|77\/100 brn\n|\n|t:|1698911712\n|switch|p2a: 3'4\"|Weavile, F|100\/100|[from] U-turn\n|-ability|p2a: 3'4\"|Pressure\n|\n|-damage|p1a: Clefable|71\/100 brn|[from] brn\n|upkeep\n|turn|11\n|\n|t:|1698911732\n|move|p2a: 3'4\"|Swords Dance|p2a: 3'4\"\n|-boost|p2a: 3'4\"|atk|2\n|move|p1a: Clefable|Draining Kiss|p2a: 3'4\"\n|-supereffective|p2a: 3'4\"\n|-damage|p2a: 3'4\"|52\/100\n|-heal|p1a: Clefable|97\/100 brn|[from] drain|[of] p2a: 3'4\"\n|\n|-damage|p1a: Clefable|91\/100 brn|[from] brn\n|-sideend|p2: MammniTTG|move: Tailwind\n|upkeep\n|turn|12\n|\n|t:|1698911765\n|move|p2a: 3'4\"|Ice Spinner|p1a: Clefable\n|-damage|p1a: Clefable|61\/100 brn\n|move|p1a: Clefable|Draining Kiss|p2a: 3'4\"\n|-supereffective|p2a: 3'4\"\n|-damage|p2a: 3'4\"|0 fnt\n|-heal|p1a: Clefable|88\/100 brn|[from] drain|[of] p2a: 3'4\"\n|faint|p2a: 3'4\"\n|\n|-damage|p1a: Clefable|82\/100 brn|[from] brn\n|upkeep\n|\n|t:|1698911782\n|switch|p2a: Smoking Kills|Typhlosion, F|100\/100 par\n|turn|13\n|\n|t:|1698911826\n|-terastallize|p2a: Smoking Kills|Electric\n|move|p2a: Smoking Kills|Tera Blast|p1a: Clefable|[anim] Tera Blast Electric\n|-damage|p1a: Clefable|45\/100 brn\n|move|p1a: Clefable|Focus Blast|p2a: Smoking Kills|[miss]\n|-miss|p1a: Clefable|p2a: Smoking Kills\n|\n|-damage|p1a: Clefable|39\/100 brn|[from] brn\n|upkeep\n|turn|14\n|\n|t:|1698911855\n|switch|p1a: Manaphy|Manaphy|100\/100\n|move|p2a: Smoking Kills|Tera Blast|p1a: Manaphy|[anim] Tera Blast Electric\n|-supereffective|p1a: Manaphy\n|-damage|p1a: Manaphy|41\/100\n|\n|-heal|p1a: Manaphy|47\/100|[from] item: Leftovers\n|upkeep\n|turn|15\n|\n|t:|1698911881\n|move|p1a: Manaphy|Scald|p2a: Smoking Kills\n|-damage|p2a: Smoking Kills|65\/100 par\n|cant|p2a: Smoking Kills|par\n|\n|-heal|p1a: Manaphy|53\/100|[from] item: Leftovers\n|upkeep\n|turn|16\n|\n|t:|1698911889\n|move|p1a: Manaphy|Scald|p2a: Smoking Kills\n|-damage|p2a: Smoking Kills|29\/100 par\n|move|p2a: Smoking Kills|Tera Blast|p1a: Manaphy|[anim] Tera Blast Electric\n|-supereffective|p1a: Manaphy\n|-damage|p1a: Manaphy|0 fnt\n|faint|p1a: Manaphy\n|\n|upkeep\n|\n|t:|1698911938\n|switch|p1a: Scizor|Scizor, M|100\/100\n|turn|17\n|\n|t:|1698911946\n|switch|p2a: no money|Mandibuzz, F|55\/100\n|move|p1a: Scizor|Bullet Punch|p2a: no money\n|-damage|p2a: no money|25\/100\n|\n|-heal|p2a: no money|31\/100|[from] item: Leftovers\n|upkeep\n|turn|18\n|\n|t:|1698911959\n|move|p1a: Scizor|Bullet Punch|p2a: no money\n|-damage|p2a: no money|0 fnt\n|faint|p2a: no money\n|\n|upkeep\n|\n|t:|1698911969\n|switch|p2a: I hate melty blood|Ursaluna-Bloodmoon, M|100\/100\n|turn|19\n|\n|t:|1698912048\n|move|p1a: Scizor|Bullet Punch|p2a: I hate melty blood\n|-damage|p2a: I hate melty blood|65\/100\n|move|p2a: I hate melty blood|Calm Mind|p2a: I hate melty blood\n|-boost|p2a: I hate melty blood|spa|1\n|-boost|p2a: I hate melty blood|spd|1\n|\n|-heal|p2a: I hate melty blood|71\/100|[from] item: Leftovers\n|upkeep\n|turn|20\n|\n|t:|1698912069\n|move|p1a: Scizor|Bullet Punch|p2a: I hate melty blood\n|-damage|p2a: I hate melty blood|36\/100\n|move|p2a: I hate melty blood|Calm Mind|p2a: I hate melty blood\n|-boost|p2a: I hate melty blood|spa|1\n|-boost|p2a: I hate melty blood|spd|1\n|\n|-heal|p2a: I hate melty blood|42\/100|[from] item: Leftovers\n|upkeep\n|turn|21\n|\n|t:|1698912085\n|move|p1a: Scizor|Bullet Punch|p2a: I hate melty blood\n|-damage|p2a: I hate melty blood|4\/100\n|move|p2a: I hate melty blood|Moonlight|p2a: I hate melty blood\n|-heal|p2a: I hate melty blood|54\/100\n|\n|-heal|p2a: I hate melty blood|60\/100|[from] item: Leftovers\n|upkeep\n|turn|22\n|\n|t:|1698912108\n|switch|p1a: Garchomp|Garchomp, F|35\/100\n|move|p2a: I hate melty blood|Moonlight|p2a: I hate melty blood\n|-heal|p2a: I hate melty blood|100\/100\n|\n|upkeep\n|turn|23\n|\n|t:|1698912169\n|move|p1a: Garchomp|Brick Break|p2a: I hate melty blood\n|-supereffective|p2a: I hate melty blood\n|-damage|p2a: I hate melty blood|68\/100\n|move|p2a: I hate melty blood|Earth Power|p1a: Garchomp\n|-damage|p1a: Garchomp|0 fnt\n|faint|p1a: Garchomp\n|\n|-heal|p2a: I hate melty blood|74\/100|[from] item: Leftovers\n|upkeep\n|\n|t:|1698912177\n|switch|p1a: Basculin|Basculin-Blue-Striped, M|100\/100\n|turn|24\n|l| Da1ba Nana\n|\n|t:|1698912193\n|move|p1a: Basculin|Wave Crash|p2a: I hate melty blood\n|-supereffective|p2a: I hate melty blood\n|-damage|p2a: I hate melty blood|0 fnt\n|faint|p2a: I hate melty blood\n|-damage|p1a: Basculin|63\/100|[from] Recoil\n|\n|upkeep\n|\n|t:|1698912199\n|switch|p2a: Smoking Kills|Typhlosion, F, tera:Electric|29\/100 par\n|turn|25\n|\n|t:|1698912210\n|-terastallize|p1a: Basculin|Water\n|move|p1a: Basculin|Double-Edge|p2a: Smoking Kills\n|-damage|p2a: Smoking Kills|0 fnt\n|faint|p2a: Smoking Kills\n|-damage|p1a: Basculin|54\/100|[from] Recoil\n|\n|upkeep\n|\n|t:|1698912220\n|switch|p2a: true tekken fraud|Walking Wake|100\/100\n|turn|26\n|\n|t:|1698912230\n|switch|p1a: Greninja|Greninja, F|100\/100\n|move|p2a: true tekken fraud|Draco Meteor|p1a: Greninja\n|-crit|p1a: Greninja\n|-damage|p1a: Greninja|0 fnt\n|-unboost|p2a: true tekken fraud|spa|2\n|faint|p1a: Greninja\n|\n|upkeep\n|j| Da1ba Nana\n|\n|t:|1698912272\n|switch|p1a: Scizor|Scizor, M|100\/100\n|turn|27\n|\n|t:|1698912296\n|move|p1a: Scizor|Bullet Punch|p2a: true tekken fraud\n|-resisted|p2a: true tekken fraud\n|-damage|p2a: true tekken fraud|72\/100\n|move|p2a: true tekken fraud|Draco Meteor|p1a: Scizor\n|-resisted|p1a: Scizor\n|-damage|p1a: Scizor|73\/100\n|-unboost|p2a: true tekken fraud|spa|2\n|\n|upkeep\n|turn|28\n|\n|t:|1698912305\n|move|p1a: Scizor|Bullet Punch|p2a: true tekken fraud\n|-resisted|p2a: true tekken fraud\n|-damage|p2a: true tekken fraud|43\/100\n|move|p2a: true tekken fraud|Draco Meteor|p1a: Scizor\n|-resisted|p1a: Scizor\n|-damage|p1a: Scizor|53\/100\n|-unboost|p2a: true tekken fraud|spa|2\n|\n|upkeep\n|turn|29\n|\n|t:|1698912313\n|move|p1a: Scizor|Bullet Punch|p2a: true tekken fraud\n|-resisted|p2a: true tekken fraud\n|-damage|p2a: true tekken fraud|16\/100\n|move|p2a: true tekken fraud|Draco Meteor|p1a: Scizor\n|-resisted|p1a: Scizor\n|-damage|p1a: Scizor|38\/100\n|\n|upkeep\n|turn|30\n|\n|t:|1698912327\n|move|p1a: Scizor|Bullet Punch|p2a: true tekken fraud\n|-resisted|p2a: true tekken fraud\n|-crit|p2a: true tekken fraud\n|-damage|p2a: true tekken fraud|0 fnt\n|faint|p2a: true tekken fraud\n|-end|p2a: true tekken fraud|Protosynthesis|[silent]\n|\n|win|TietAsnee\n|l|\u2606MammniTTG\n|l| Da1ba Nana\n|l|\u2606TietAsnee\n","uploadtime":1698912336,"views":18,"p1id":"tietasnee","p2id":"mammnittg","formatid":"gen9anythinggoes","rating":0,"private":0,"password":""}