{"id":"gen9anythinggoes-1997214872","p1":"Zoroarkilusionista","p2":"voqgz on tiktok","format":"[Gen 9] Anything Goes","log":"|j|\u203dZoroarkilusionista\n|j|\u203dvoqgz on tiktok\n|t:|1700776421\n|gametype|singles\n|player|p1|Zoroarkilusionista|shauntal|1183\n|player|p2|voqgz on tiktok|266|1084\n|teamsize|p1|6\n|teamsize|p2|6\n|gen|9\n|tier|[Gen 9] Anything Goes\n|rated|\n|rule|HP Percentage Mod: HP is shown in percentages\n|rule|Endless Battle Clause: Forcing endless battles is banned\n|clearpoke\n|poke|p1|Calyrex-Shadow|\n|poke|p1|Arceus|\n|poke|p1|Chien-Pao|\n|poke|p1|Ogerpon-Hearthflame, F|\n|poke|p1|Mewtwo|\n|poke|p1|Ribombee, F|\n|poke|p2|Houndstone, M|\n|poke|p2|Chi-Yu|\n|poke|p2|Ursaluna-Bloodmoon, M|\n|poke|p2|Gliscor, F|\n|poke|p2|Tyranitar, F|\n|poke|p2|Jolteon, F|\n|teampreview\n|inactive|Battle timer is ON: inactive players will automatically lose when time's up. (requested by voqgz on tiktok)\n|inactive|Zoroarkilusionista also wants the timer to be on.\n|\n|t:|1700776445\n|start\n|switch|p1a: Chien-Pao|Chien-Pao|100\/100\n|switch|p2a: Jolteon|Jolteon, F|100\/100\n|-ability|p1a: Chien-Pao|Sword of Ruin\n|-item|p2a: Jolteon|Air Balloon\n|turn|1\n|\n|t:|1700776453\n|move|p1a: Chien-Pao|Sucker Punch||[still]\n|-fail|p1a: Chien-Pao\n|move|p2a: Jolteon|Calm Mind|p2a: Jolteon\n|-boost|p2a: Jolteon|spa|1\n|-boost|p2a: Jolteon|spd|1\n|\n|upkeep\n|turn|2\n|\n|t:|1700776461\n|switch|p1a: Ogerpon|Ogerpon-Hearthflame, F|100\/100\n|-ability|p1a: Ogerpon|Mold Breaker\n|move|p2a: Jolteon|Calm Mind|p2a: Jolteon\n|-boost|p2a: Jolteon|spa|1\n|-boost|p2a: Jolteon|spd|1\n|\n|upkeep\n|turn|3\n|inactive|voqgz on tiktok has 120 seconds left.\n|\n|t:|1700776498\n|move|p1a: Ogerpon|Ivy Cudgel|p2a: Jolteon|[anim] Ivy Cudgel Fire\n|-damage|p2a: Jolteon|21\/100\n|-enditem|p2a: Jolteon|Air Balloon\n|move|p2a: Jolteon|Calm Mind|p2a: Jolteon\n|-boost|p2a: Jolteon|spa|1\n|-boost|p2a: Jolteon|spd|1\n|\n|upkeep\n|turn|4\n|inactive|voqgz on tiktok has 120 seconds left.\n|\n|t:|1700776519\n|move|p1a: Ogerpon|Ivy Cudgel|p2a: Jolteon|[anim] Ivy Cudgel Fire\n|-crit|p2a: Jolteon\n|-damage|p2a: Jolteon|0 fnt\n|faint|p2a: Jolteon\n|\n|upkeep\n|inactive|voqgz on tiktok has 120 seconds left.\n|\n|t:|1700776531\n|switch|p2a: Chi-Yu|Chi-Yu|100\/100\n|-ability|p2a: Chi-Yu|Beads of Ruin\n|turn|5\n|\n|t:|1700776537\n|move|p1a: Ogerpon|U-turn|p2a: Chi-Yu\n|-damage|p2a: Chi-Yu|66\/100\n|\n|t:|1700776549\n|switch|p1a: Ribombee|Ribombee, F|100\/100|[from] U-turn\n|move|p2a: Chi-Yu|Dark Pulse|p1a: Ribombee\n|-resisted|p1a: Ribombee\n|-damage|p1a: Ribombee|64\/100\n|\n|upkeep\n|turn|6\n|inactive|voqgz on tiktok has 120 seconds left.\n|\n|t:|1700776571\n|-terastallize|p2a: Chi-Yu|Water\n|move|p1a: Ribombee|Stun Spore|p2a: Chi-Yu\n|-status|p2a: Chi-Yu|par\n|move|p2a: Chi-Yu|Tera Blast|p1a: Ribombee|[anim] Tera Blast Water\n|-damage|p1a: Ribombee|0 fnt\n|faint|p1a: Ribombee\n|\n|upkeep\n|\n|t:|1700776585\n|switch|p1a: Ogerpon|Ogerpon-Hearthflame, F|100\/100\n|-ability|p1a: Ogerpon|Mold Breaker\n|turn|7\n|\n|t:|1700776590\n|move|p1a: Ogerpon|Power Whip|p2a: Chi-Yu\n|-supereffective|p2a: Chi-Yu\n|-damage|p2a: Chi-Yu|0 fnt\n|faint|p2a: Chi-Yu\n|\n|upkeep\n|\n|t:|1700776595\n|switch|p2a: Ursaluna|Ursaluna-Bloodmoon, M|100\/100\n|turn|8\n|\n|t:|1700776601\n|move|p1a: Ogerpon|Power Whip|p2a: Ursaluna\n|-supereffective|p2a: Ursaluna\n|-damage|p2a: Ursaluna|1\/100\n|-damage|p1a: Ogerpon|84\/100|[from] item: Rocky Helmet|[of] p2a: Ursaluna\n|move|p2a: Ursaluna|Moonblast|p1a: Ogerpon\n|-resisted|p1a: Ogerpon\n|-damage|p1a: Ogerpon|64\/100\n|-unboost|p1a: Ogerpon|spa|1\n|\n|upkeep\n|turn|9\n|\n|t:|1700776616\n|switch|p2a: Gliscor|Gliscor, F|100\/100\n|move|p1a: Ogerpon|U-turn|p2a: Gliscor\n|-resisted|p2a: Gliscor\n|-damage|p2a: Gliscor|89\/100\n|\n|t:|1700776623\n|switch|p1a: Chien-Pao|Chien-Pao|100\/100|[from] U-turn\n|-ability|p1a: Chien-Pao|Sword of Ruin\n|\n|-status|p2a: Gliscor|tox|[from] item: Toxic Orb\n|upkeep\n|turn|10\n|\n|t:|1700776631\n|move|p1a: Chien-Pao|Ice Spinner|p2a: Gliscor\n|-supereffective|p2a: Gliscor\n|-damage|p2a: Gliscor|0 fnt\n|faint|p2a: Gliscor\n|\n|upkeep\n|\n|t:|1700776637\n|switch|p2a: Ursaluna|Ursaluna-Bloodmoon, M|1\/100\n|turn|11\n|\n|t:|1700776643\n|switch|p1a: Ogerpon|Ogerpon-Hearthflame, F|64\/100\n|-ability|p1a: Ogerpon|Mold Breaker\n|move|p2a: Ursaluna|Moonlight|p2a: Ursaluna\n|-heal|p2a: Ursaluna|51\/100\n|\n|upkeep\n|turn|12\n|\n|t:|1700776651\n|move|p1a: Ogerpon|Power Whip|p2a: Ursaluna\n|-supereffective|p2a: Ursaluna\n|-damage|p2a: Ursaluna|0 fnt\n|-damage|p1a: Ogerpon|48\/100|[from] item: Rocky Helmet|[of] p2a: Ursaluna\n|faint|p2a: Ursaluna\n|\n|upkeep\n|\n|t:|1700776658\n|switch|p2a: Tyranitar|Tyranitar, F|100\/100\n|-weather|Sandstorm|[from] ability: Sand Stream|[of] p2a: Tyranitar\n|turn|13\n|\n|t:|1700776663\n|move|p1a: Ogerpon|Power Whip|p2a: Tyranitar\n|-supereffective|p2a: Tyranitar\n|-damage|p2a: Tyranitar|0 fnt\n|faint|p2a: Tyranitar\n|\n|-weather|Sandstorm|[upkeep]\n|-damage|p1a: Ogerpon|42\/100|[from] Sandstorm\n|upkeep\n|\n|t:|1700776674\n|switch|p2a: Houndstone|Houndstone, M|100\/100\n|turn|14\n|\n|t:|1700776678\n|move|p2a: Houndstone|Last Respects|p1a: Ogerpon\n|-damage|p1a: Ogerpon|0 fnt\n|faint|p1a: Ogerpon\n|\n|-weather|Sandstorm|[upkeep]\n|upkeep\n|\n|t:|1700776685\n|switch|p1a: Chien-Pao|Chien-Pao|100\/100\n|-ability|p1a: Chien-Pao|Sword of Ruin\n|turn|15\n|\n|t:|1700776689\n|move|p1a: Chien-Pao|Sucker Punch|p2a: Houndstone\n|-supereffective|p2a: Houndstone\n|-damage|p2a: Houndstone|0 fnt\n|faint|p2a: Houndstone\n|\n|win|Zoroarkilusionista\n|raw|Zoroarkilusionista's rating: 1165 &rarr; <strong>1184<\/strong><br \/>(+19 for winning)\n|raw|voqgz on tiktok's rating: 1084 &rarr; <strong>1067<\/strong><br \/>(-17 for losing)\n","uploadtime":1700776696,"views":0,"p1id":"zoroarkilusionista","p2id":"voqgzontiktok","formatid":"gen9anythinggoes","rating":1067,"private":0,"password":""}