{"id":"gen9anythinggoes-1993901765","p1":"Jojospicydong","p2":"jeezus1023","format":"[Gen 9] Anything Goes","log":"|j|\u2606Jojospicydong\n|j|\u2606jeezus1023\n|t:|1700372537\n|gametype|singles\n|player|p1|Jojospicydong|cameraman|\n|player|p2|jeezus1023|clair|\n|teamsize|p1|6\n|teamsize|p2|6\n|gen|9\n|tier|[Gen 9] Anything Goes\n|rule|HP Percentage Mod: HP is shown in percentages\n|rule|Endless Battle Clause: Forcing endless battles is banned\n|clearpoke\n|poke|p1|Glaceon, M|\n|poke|p1|Avalugg, F|\n|poke|p1|Medicham, M|\n|poke|p1|Slowking-Galar, F|\n|poke|p1|Azumarill, F|\n|poke|p1|Flutter Mane|\n|poke|p2|Walking Wake|\n|poke|p2|Garchomp, M|\n|poke|p2|Decidueye, M|\n|poke|p2|Oricorio, M|\n|poke|p2|Muk-Alola, M|\n|poke|p2|Annihilape, M|\n|teampreview\n|\n|t:|1700372555\n|start\n|switch|p1a: Medicham|Medicham, M|100\/100\n|switch|p2a: Tommy Devito|Annihilape, M|100\/100\n|turn|1\n|\n|t:|1700372566\n|move|p1a: Medicham|Psycho Cut|p2a: Tommy Devito\n|-supereffective|p2a: Tommy Devito\n|-damage|p2a: Tommy Devito|23\/100\n|move|p2a: Tommy Devito|Rage Fist|p1a: Medicham\n|-supereffective|p1a: Medicham\n|-damage|p1a: Medicham|0 fnt\n|faint|p1a: Medicham\n|\n|-heal|p2a: Tommy Devito|29\/100|[from] item: Leftovers\n|upkeep\n|\n|t:|1700372580\n|switch|p1a: Flutter Mane|Flutter Mane|100\/100\n|-enditem|p1a: Flutter Mane|Booster Energy\n|-activate|p1a: Flutter Mane|ability: Protosynthesis|[fromitem]\n|-start|p1a: Flutter Mane|protosynthesisspe\n|turn|2\n|\n|t:|1700372589\n|switch|p2a: LSD|Muk-Alola, M|100\/100\n|move|p1a: Flutter Mane|Moonblast|p2a: LSD\n|-damage|p2a: LSD|76\/100\n|\n|upkeep\n|turn|3\n|\n|t:|1700372600\n|-end|p1a: Flutter Mane|Protosynthesis|[silent]\n|switch|p1a: Avalugg|Avalugg, F|100\/100\n|move|p2a: LSD|Knock Off|p1a: Avalugg\n|-damage|p1a: Avalugg|82\/100\n|-damage|p2a: LSD|60\/100|[from] item: Rocky Helmet|[of] p1a: Avalugg\n|-enditem|p1a: Avalugg|Rocky Helmet|[from] move: Knock Off|[of] p2a: LSD\n|\n|upkeep\n|turn|4\n|\n|t:|1700372629\n|switch|p2a: Body Bag|Walking Wake|100\/100\n|-enditem|p2a: Body Bag|Booster Energy\n|-activate|p2a: Body Bag|ability: Protosynthesis|[fromitem]\n|-start|p2a: Body Bag|protosynthesisspe\n|move|p1a: Avalugg|Curse|p1a: Avalugg\n|-unboost|p1a: Avalugg|spe|1\n|-boost|p1a: Avalugg|atk|1\n|-boost|p1a: Avalugg|def|1\n|\n|upkeep\n|turn|5\n|\n|t:|1700372639\n|move|p2a: Body Bag|Hydro Steam|p1a: Avalugg\n|-damage|p1a: Avalugg|16\/100\n|move|p1a: Avalugg|Ice Fang|p2a: Body Bag\n|-damage|p2a: Body Bag|61\/100\n|\n|upkeep\n|turn|6\n|\n|t:|1700372647\n|move|p2a: Body Bag|Hydro Steam|p1a: Avalugg\n|-damage|p1a: Avalugg|0 fnt\n|faint|p1a: Avalugg\n|\n|upkeep\n|\n|t:|1700372658\n|switch|p1a: Glaceon|Glaceon, M|100\/100\n|turn|7\n|\n|t:|1700372670\n|-end|p2a: Body Bag|Protosynthesis|[silent]\n|switch|p2a: Tommy Devito|Annihilape, M|29\/100\n|move|p1a: Glaceon|Snowscape|p1a: Glaceon\n|-weather|Snow\n|\n|-weather|Snow|[upkeep]\n|-heal|p2a: Tommy Devito|35\/100|[from] item: Leftovers\n|upkeep\n|turn|8\n|\n|t:|1700372680\n|move|p2a: Tommy Devito|Taunt|p1a: Glaceon\n|-start|p1a: Glaceon|move: Taunt\n|move|p1a: Glaceon|Freeze-Dry|p2a: Tommy Devito\n|-damage|p2a: Tommy Devito|18\/100\n|\n|-weather|Snow|[upkeep]\n|-heal|p2a: Tommy Devito|24\/100|[from] item: Leftovers\n|upkeep\n|turn|9\n|\n|t:|1700372689\n|move|p2a: Tommy Devito|Drain Punch|p1a: Glaceon\n|-supereffective|p1a: Glaceon\n|-damage|p1a: Glaceon|66\/100\n|-heal|p2a: Tommy Devito|38\/100|[from] drain|[of] p1a: Glaceon\n|move|p1a: Glaceon|Freeze-Dry|p2a: Tommy Devito\n|-damage|p2a: Tommy Devito|20\/100\n|-status|p2a: Tommy Devito|frz\n|\n|-weather|Snow|[upkeep]\n|-heal|p1a: Glaceon|72\/100|[from] ability: Ice Body\n|-heal|p2a: Tommy Devito|26\/100 frz|[from] item: Leftovers\n|-heal|p1a: Glaceon|78\/100|[from] item: Leftovers\n|upkeep\n|turn|10\n|\n|t:|1700372704\n|switch|p1a: Flutter Mane|Flutter Mane|100\/100\n|cant|p2a: Tommy Devito|frz\n|\n|-weather|Snow|[upkeep]\n|-heal|p2a: Tommy Devito|32\/100 frz|[from] item: Leftovers\n|upkeep\n|turn|11\n|\n|t:|1700372713\n|switch|p2a: LSD|Muk-Alola, M|60\/100\n|move|p1a: Flutter Mane|Perish Song|p1a: Flutter Mane\n|-start|p1a: Flutter Mane|perish3|[silent]\n|-start|p2a: LSD|perish3|[silent]\n|-fieldactivate|move: Perish Song\n|\n|-weather|none\n|-start|p1a: Flutter Mane|perish3\n|-start|p2a: LSD|perish3\n|upkeep\n|turn|12\n|\n|t:|1700372723\n|-end|p1a: Flutter Mane|Protosynthesis|[silent]\n|switch|p1a: Glaceon|Glaceon, M|78\/100\n|move|p2a: LSD|Knock Off|p1a: Glaceon\n|-damage|p1a: Glaceon|44\/100\n|-enditem|p1a: Glaceon|Leftovers|[from] move: Knock Off|[of] p2a: LSD\n|\n|-start|p2a: LSD|perish2\n|upkeep\n|turn|13\n|\n|t:|1700372733\n|move|p1a: Glaceon|Snowscape|p1a: Glaceon\n|-weather|Snow\n|move|p2a: LSD|Fire Punch|p1a: Glaceon\n|-supereffective|p1a: Glaceon\n|-damage|p1a: Glaceon|16\/100\n|-status|p1a: Glaceon|psn|[from] ability: Poison Touch|[of] p2a: LSD\n|\n|-weather|Snow|[upkeep]\n|-heal|p1a: Glaceon|22\/100 psn|[from] ability: Ice Body\n|-damage|p1a: Glaceon|10\/100 psn|[from] psn\n|-start|p2a: LSD|perish1\n|upkeep\n|turn|14\n|\n|t:|1700372746\n|switch|p2a: Tommy Devito|Annihilape, M|32\/100 frz\n|move|p1a: Glaceon|Wish|p1a: Glaceon\n|\n|-weather|Snow|[upkeep]\n|-heal|p1a: Glaceon|16\/100 psn|[from] ability: Ice Body\n|-heal|p2a: Tommy Devito|39\/100 frz|[from] item: Leftovers\n|-damage|p1a: Glaceon|4\/100 psn|[from] psn\n|upkeep\n|turn|15\n|\n|t:|1700372758\n|cant|p2a: Tommy Devito|frz\n|move|p1a: Glaceon|Freeze-Dry|p2a: Tommy Devito\n|-damage|p2a: Tommy Devito|20\/100 frz\n|\n|-weather|Snow|[upkeep]\n|-heal|p1a: Glaceon|10\/100 psn|[from] ability: Ice Body\n|-heal|p1a: Glaceon|60\/100 psn|[from] move: Wish|[wisher] Glaceon\n|-heal|p2a: Tommy Devito|26\/100 frz|[from] item: Leftovers\n|-damage|p1a: Glaceon|48\/100 psn|[from] psn\n|upkeep\n|turn|16\n|\n|t:|1700372770\n|cant|p2a: Tommy Devito|frz\n|move|p1a: Glaceon|Calm Mind|p1a: Glaceon\n|-boost|p1a: Glaceon|spa|1\n|-boost|p1a: Glaceon|spd|1\n|\n|-weather|Snow|[upkeep]\n|-heal|p1a: Glaceon|53\/100 psn|[from] ability: Ice Body\n|-heal|p2a: Tommy Devito|32\/100 frz|[from] item: Leftovers\n|-damage|p1a: Glaceon|41\/100 psn|[from] psn\n|upkeep\n|turn|17\n|\n|t:|1700372780\n|cant|p2a: Tommy Devito|frz\n|move|p1a: Glaceon|Freeze-Dry|p2a: Tommy Devito\n|-damage|p2a: Tommy Devito|4\/100 frz\n|\n|-weather|none\n|-heal|p2a: Tommy Devito|10\/100 frz|[from] item: Leftovers\n|-damage|p1a: Glaceon|29\/100 psn|[from] psn\n|upkeep\n|turn|18\n|\n|t:|1700372790\n|cant|p2a: Tommy Devito|frz\n|move|p1a: Glaceon|Freeze-Dry|p2a: Tommy Devito\n|-damage|p2a: Tommy Devito|0 fnt\n|faint|p2a: Tommy Devito\n|\n|-damage|p1a: Glaceon|17\/100 psn|[from] psn\n|upkeep\n|\n|t:|1700372811\n|switch|p2a: LSD|Muk-Alola, M|60\/100\n|turn|19\n|\n|t:|1700372815\n|move|p1a: Glaceon|Wish|p1a: Glaceon\n|move|p2a: LSD|Fire Punch|p1a: Glaceon\n|-supereffective|p1a: Glaceon\n|-damage|p1a: Glaceon|0 fnt\n|faint|p1a: Glaceon\n|\n|upkeep\n|\n|t:|1700372835\n|switch|p1a: Azumarill|Azumarill, F|100\/100\n|turn|20\n|\n|t:|1700372854\n|move|p1a: Azumarill|Play Rough|p2a: LSD\n|-damage|p2a: LSD|0 fnt\n|faint|p2a: LSD\n|\n|upkeep\n|\n|t:|1700372861\n|switch|p2a: Noctis|Decidueye, M|100\/100\n|turn|21\n|\n|t:|1700372869\n|move|p2a: Noctis|Leaf Blade|p1a: Azumarill\n|-supereffective|p1a: Azumarill\n|-damage|p1a: Azumarill|17\/100\n|-enditem|p1a: Azumarill|Sitrus Berry|[eat]\n|-heal|p1a: Azumarill|42\/100|[from] item: Sitrus Berry\n|move|p1a: Azumarill|Knock Off|p2a: Noctis\n|-supereffective|p2a: Noctis\n|-crit|p2a: Noctis\n|-damage|p2a: Noctis|0 fnt\n|-enditem|p2a: Noctis|Choice Scarf|[from] move: Knock Off|[of] p1a: Azumarill\n|faint|p2a: Noctis\n|\n|upkeep\n|\n|t:|1700372893\n|switch|p2a: Demon|Garchomp, M|100\/100\n|turn|22\n|\n|t:|1700372898\n|move|p1a: Azumarill|Aqua Jet|p2a: Demon\n|-damage|p2a: Demon|74\/100\n|-damage|p1a: Azumarill|30\/100|[from] ability: Rough Skin|[of] p2a: Demon\n|move|p2a: Demon|Earthquake|p1a: Azumarill\n|-damage|p1a: Azumarill|0 fnt\n|faint|p1a: Azumarill\n|-damage|p2a: Demon|64\/100|[from] item: Life Orb\n|\n|upkeep\n|\n|t:|1700372909\n|switch|p1a: Flutter Mane|Flutter Mane|100\/100\n|turn|23\n|\n|t:|1700372916\n|switch|p2a: Diable Jambe|Oricorio, M, shiny|100\/100\n|move|p1a: Flutter Mane|Moonblast|p2a: Diable Jambe\n|-resisted|p2a: Diable Jambe\n|-damage|p2a: Diable Jambe|67\/100\n|-unboost|p2a: Diable Jambe|spa|1\n|\n|upkeep\n|turn|24\n|\n|t:|1700372929\n|move|p1a: Flutter Mane|Shadow Ball|p2a: Diable Jambe\n|-damage|p2a: Diable Jambe|6\/100\n|-unboost|p2a: Diable Jambe|spd|1\n|move|p2a: Diable Jambe|Air Slash|p1a: Flutter Mane\n|-damage|p1a: Flutter Mane|84\/100\n|\n|upkeep\n|turn|25\n|\n|t:|1700372940\n|move|p1a: Flutter Mane|Moonblast|p2a: Diable Jambe\n|-resisted|p2a: Diable Jambe\n|-damage|p2a: Diable Jambe|0 fnt\n|faint|p2a: Diable Jambe\n|\n|upkeep\n|\n|t:|1700372946\n|switch|p2a: Demon|Garchomp, M|64\/100\n|turn|26\n|\n|t:|1700372949\n|move|p1a: Flutter Mane|Moonblast|p2a: Demon\n|-supereffective|p2a: Demon\n|-damage|p2a: Demon|0 fnt\n|faint|p2a: Demon\n|\n|upkeep\n|c|\u2606jeezus1023|gg\n|\n|t:|1700372955\n|switch|p2a: Body Bag|Walking Wake|61\/100\n|turn|27\n|\n|t:|1700372958\n|move|p1a: Flutter Mane|Moonblast|p2a: Body Bag\n|-supereffective|p2a: Body Bag\n|-damage|p2a: Body Bag|0 fnt\n|faint|p2a: Body Bag\n|-end|p2a: Body Bag|Protosynthesis|[silent]\n|\n|win|Jojospicydong\n|c|\u2606Jojospicydong|Gg\n","uploadtime":1700372965,"views":27,"p1id":"jojospicydong","p2id":"jeezus1023","formatid":"gen9anythinggoes","rating":0,"private":0,"password":""}