{"id":"gen9anythinggoes-1981307878","p1":"Rowan_Rocket","p2":"Trymevector","format":"[Gen 9] Anything Goes","log":"|j|\u2606Rowan_Rocket\n|j|\u2606Trymevector\n|t:|1698882040\n|gametype|singles\n|player|p1|Rowan_Rocket|rocketgrunt|1095\n|player|p2|Trymevector|clown|1086\n|teamsize|p1|6\n|teamsize|p2|6\n|gen|9\n|tier|[Gen 9] Anything Goes\n|rated|\n|rule|HP Percentage Mod: HP is shown in percentages\n|rule|Endless Battle Clause: Forcing endless battles is banned\n|clearpoke\n|poke|p1|Farigiraf, M|\n|poke|p1|Wyrdeer, M|\n|poke|p1|Ursaluna, M|\n|poke|p1|Grafaiai, F|\n|poke|p1|Zoroark-Hisui, M|\n|poke|p1|Ambipom, F|\n|poke|p2|Clodsire, M|\n|poke|p2|Roaring Moon|\n|poke|p2|Torkoal, F|\n|poke|p2|Annihilape, M|\n|poke|p2|Garchomp, F|\n|poke|p2|Electrode-Hisui|\n|teampreview\n|\n|t:|1698882056\n|start\n|switch|p1a: Ambipom|Ambipom, F|100\/100\n|switch|p2a: BillyBobJr|Clodsire, M, shiny|100\/100\n|turn|1\n|\n|t:|1698882067\n|-terastallize|p1a: Ambipom|Normal\n|move|p1a: Ambipom|Fake Out|p2a: BillyBobJr\n|-enditem|p1a: Ambipom|Normal Gem|[from] gem\n|-damage|p2a: BillyBobJr|53\/100\n|cant|p2a: BillyBobJr|flinch\n|\n|-heal|p2a: BillyBobJr|59\/100|[from] item: Black Sludge\n|upkeep\n|turn|2\n|\n|t:|1698882078\n|move|p1a: Ambipom|Knock Off|p2a: BillyBobJr\n|-damage|p2a: BillyBobJr|26\/100\n|-enditem|p2a: BillyBobJr|Black Sludge|[from] move: Knock Off|[of] p1a: Ambipom\n|move|p2a: BillyBobJr|Curse|p2a: BillyBobJr\n|-unboost|p2a: BillyBobJr|spe|1\n|-boost|p2a: BillyBobJr|atk|1\n|-boost|p2a: BillyBobJr|def|1\n|\n|upkeep\n|turn|3\n|\n|t:|1698882089\n|move|p1a: Ambipom|U-turn|p2a: BillyBobJr\n|-resisted|p2a: BillyBobJr\n|-damage|p2a: BillyBobJr|18\/100\n|\n|t:|1698882094\n|switch|p1a: Ursaluna|Ursaluna, M|100\/100|[from] U-turn\n|move|p2a: BillyBobJr|Recover|p2a: BillyBobJr\n|-heal|p2a: BillyBobJr|69\/100\n|\n|-status|p1a: Ursaluna|brn|[from] item: Flame Orb\n|upkeep\n|turn|4\n|\n|t:|1698882105\n|move|p1a: Ursaluna|Earthquake|p2a: BillyBobJr\n|-supereffective|p2a: BillyBobJr\n|-damage|p2a: BillyBobJr|0 fnt\n|faint|p2a: BillyBobJr\n|\n|-damage|p1a: Ursaluna|94\/100 brn|[from] brn\n|upkeep\n|\n|t:|1698882114\n|switch|p2a: DeadMonkee|Annihilape, M|100\/100\n|turn|5\n|\n|t:|1698882145\n|switch|p1a: Farigiraf|Farigiraf, M|100\/100\n|move|p2a: DeadMonkee|Final Gambit|p1a: Farigiraf\n|-damage|p1a: Farigiraf|19\/100\n|faint|p2a: DeadMonkee\n|\n|upkeep\n|\n|t:|1698882152\n|switch|p2a: ExerciseBall|Electrode-Hisui, shiny|100\/100\n|turn|6\n|\n|t:|1698882163\n|move|p2a: ExerciseBall|Volt Switch|p1a: Farigiraf\n|-damage|p1a: Farigiraf|0 fnt\n|faint|p1a: Farigiraf\n|\n|t:|1698882174\n|switch|p2a: Chompsters|Garchomp, F, shiny|100\/100|[from] Volt Switch\n|\n|upkeep\n|\n|t:|1698882195\n|switch|p1a: Ursaluna|Ursaluna, M|94\/100 brn\n|turn|7\n|\n|t:|1698882205\n|move|p2a: Chompsters|Swords Dance|p2a: Chompsters\n|-boost|p2a: Chompsters|atk|2\n|move|p1a: Ursaluna|Facade|p2a: Chompsters\n|-damage|p2a: Chompsters|0 fnt\n|-damage|p1a: Ursaluna|82\/100 brn|[from] ability: Rough Skin|[of] p2a: Chompsters\n|-damage|p1a: Ursaluna|65\/100 brn|[from] item: Rocky Helmet|[of] p2a: Chompsters\n|faint|p2a: Chompsters\n|\n|-damage|p1a: Ursaluna|59\/100 brn|[from] brn\n|upkeep\n|\n|t:|1698882217\n|switch|p2a: Roar|Roaring Moon|100\/100\n|turn|8\n|\n|t:|1698882223\n|move|p2a: Roar|Crunch|p1a: Ursaluna\n|-damage|p1a: Ursaluna|2\/100 brn\n|move|p1a: Ursaluna|Drain Punch|p2a: Roar\n|-supereffective|p2a: Roar\n|-damage|p2a: Roar|0 fnt\n|-heal|p1a: Ursaluna|46\/100 brn|[from] drain|[of] p2a: Roar\n|faint|p2a: Roar\n|-end|p2a: Roar|Protosynthesis|[silent]\n|\n|-damage|p1a: Ursaluna|40\/100 brn|[from] brn\n|upkeep\n|\n|t:|1698882231\n|switch|p2a: ExerciseBall|Electrode-Hisui, shiny|100\/100\n|turn|9\n|\n|t:|1698882237\n|switch|p1a: Wyrdeer|Wyrdeer, M|100\/100\n|move|p2a: ExerciseBall|Energy Ball|p1a: Wyrdeer\n|-ability|p1a: Wyrdeer|Sap Sipper|boost\n|-boost|p1a: Wyrdeer|atk|1\n|\n|upkeep\n|turn|10\n|\n|t:|1698882244\n|switch|p2a: BigTurt|Torkoal, F, shiny|100\/100\n|-weather|SunnyDay|[from] ability: Drought|[of] p2a: BigTurt\n|move|p1a: Wyrdeer|Lunge|p2a: BigTurt\n|-resisted|p2a: BigTurt\n|-damage|p2a: BigTurt|90\/100\n|-unboost|p2a: BigTurt|atk|1\n|\n|-weather|SunnyDay|[upkeep]\n|upkeep\n|turn|11\n|\n|t:|1698882260\n|move|p1a: Wyrdeer|Psyshield Bash|p2a: BigTurt\n|-damage|p2a: BigTurt|61\/100\n|-boost|p1a: Wyrdeer|def|1\n|move|p2a: BigTurt|Clear Smog|p1a: Wyrdeer\n|-damage|p1a: Wyrdeer|86\/100\n|-clearboost|p1a: Wyrdeer\n|\n|-weather|SunnyDay|[upkeep]\n|-heal|p1a: Wyrdeer|92\/100|[from] item: Leftovers\n|upkeep\n|turn|12\n|\n|t:|1698882277\n|move|p1a: Wyrdeer|Psyshield Bash|p2a: BigTurt\n|-damage|p2a: BigTurt|41\/100\n|-boost|p1a: Wyrdeer|def|1\n|move|p2a: BigTurt|Ancient Power|p1a: Wyrdeer\n|-damage|p1a: Wyrdeer|77\/100\n|\n|-weather|SunnyDay|[upkeep]\n|-heal|p1a: Wyrdeer|83\/100|[from] item: Leftovers\n|upkeep\n|turn|13\n|\n|t:|1698882298\n|switch|p1a: Ambipom|Ambipom, F, tera:Normal|100\/100\n|switch|p2a: ExerciseBall|Electrode-Hisui, shiny|100\/100\n|\n|-weather|SunnyDay|[upkeep]\n|upkeep\n|turn|14\n|\n|t:|1698882307\n|switch|p2a: BigTurt|Torkoal, F, shiny|41\/100\n|move|p1a: Ambipom|Fake Out|p2a: BigTurt\n|-damage|p2a: BigTurt|16\/100\n|\n|-weather|SunnyDay|[upkeep]\n|upkeep\n|turn|15\n|\n|t:|1698882315\n|switch|p2a: ExerciseBall|Electrode-Hisui, shiny|100\/100\n|move|p1a: Ambipom|Knock Off|p2a: ExerciseBall\n|-damage|p2a: ExerciseBall|48\/100\n|-enditem|p2a: ExerciseBall|Choice Specs|[from] move: Knock Off|[of] p1a: Ambipom\n|\n|-weather|SunnyDay|[upkeep]\n|upkeep\n|turn|16\n|\n|t:|1698882329\n|switch|p1a: Ursaluna|Ursaluna, M|40\/100 brn\n|move|p2a: ExerciseBall|Discharge|p1a: Ursaluna\n|-immune|p1a: Ursaluna\n|\n|-weather|SunnyDay|[upkeep]\n|-damage|p1a: Ursaluna|33\/100 brn|[from] brn\n|upkeep\n|turn|17\n|\n|t:|1698882343\n|move|p2a: ExerciseBall|Discharge|p1a: Ursaluna\n|-immune|p1a: Ursaluna\n|move|p1a: Ursaluna|Earthquake|p2a: ExerciseBall\n|-damage|p2a: ExerciseBall|0 fnt\n|faint|p2a: ExerciseBall\n|\n|-weather|none\n|-damage|p1a: Ursaluna|27\/100 brn|[from] brn\n|upkeep\n|\n|t:|1698882346\n|switch|p2a: BigTurt|Torkoal, F, shiny|16\/100\n|-weather|SunnyDay|[from] ability: Drought|[of] p2a: BigTurt\n|turn|18\n|\n|t:|1698882357\n|-terastallize|p2a: BigTurt|Fire\n|move|p1a: Ursaluna|Drain Punch|p2a: BigTurt\n|-damage|p2a: BigTurt|0 fnt\n|-heal|p1a: Ursaluna|34\/100 brn|[from] drain|[of] p2a: BigTurt\n|faint|p2a: BigTurt\n|\n|win|Rowan_Rocket\n|raw|Rowan_Rocket's rating: 1095 &rarr; <strong>1120<\/strong><br \/>(+25 for winning)\n|raw|Trymevector's rating: 1086 &rarr; <strong>1064<\/strong><br \/>(-22 for losing)\n|l|\u2606Trymevector\n","uploadtime":1698882374,"views":16,"p1id":"rowanrocket","p2id":"trymevector","formatid":"gen9anythinggoes","rating":1064,"private":0,"password":""}