{"id":"gen9anythinggoes-1972831050","p1":"Gauzic","p2":"GuyFrom3023","format":"[Gen 9] Anything Goes","log":"|j|\u2606Gauzic\n|j|\u2606GuyFrom3023\n|t:|1697900072\n|gametype|singles\n|player|p1|Gauzic|rocketgrunt|1107\n|player|p2|GuyFrom3023|266|1109\n|teamsize|p1|6\n|teamsize|p2|6\n|gen|9\n|tier|[Gen 9] Anything Goes\n|rated|\n|rule|HP Percentage Mod: HP is shown in percentages\n|rule|Endless Battle Clause: Forcing endless battles is banned\n|clearpoke\n|poke|p1|Rotom|\n|poke|p1|Rotom-Fan|\n|poke|p1|Rotom-Frost|\n|poke|p1|Rotom-Heat|\n|poke|p1|Rotom-Mow|\n|poke|p1|Rotom-Wash|\n|poke|p2|Mew|\n|poke|p2|Annihilape, M|\n|poke|p2|Palafin, M|\n|poke|p2|Volcarona, F|\n|poke|p2|Ogerpon-Hearthflame, F|\n|poke|p2|Ditto|\n|teampreview\n|\n|t:|1697900090\n|start\n|switch|p1a: Watt|Rotom|100\/100\n|switch|p2a: Mew|Mew|100\/100\n|turn|1\n|c|\u2606GuyFrom3023|wait are all of them eletric types or are all of them ghost types\n|\n|t:|1697900111\n|-terastallize|p1a: Watt|Ghost\n|move|p1a: Watt|Shadow Ball|p2a: Mew\n|-supereffective|p2a: Mew\n|-damage|p2a: Mew|18\/100\n|move|p2a: Mew|Spikes|p1a: Watt\n|-sidestart|p1: Gauzic|Spikes\n|\n|upkeep\n|turn|2\n|c|\u2606Gauzic|they all have different secondary types\n|\n|t:|1697900125\n|move|p1a: Watt|Shadow Ball|p2a: Mew\n|-supereffective|p2a: Mew\n|-damage|p2a: Mew|0 fnt\n|faint|p2a: Mew\n|\n|upkeep\n|c|\u2606GuyFrom3023|oh\n|c|\u2606Gauzic|electric\/blank\n|\n|t:|1697900140\n|switch|p2a: Annihilape|Annihilape, M|100\/100\n|turn|3\n|\n|t:|1697900153\n|move|p1a: Watt|Shadow Ball|p2a: Annihilape\n|-supereffective|p2a: Annihilape\n|-damage|p2a: Annihilape|0 fnt\n|faint|p2a: Annihilape\n|\n|upkeep\n|c|\u2606GuyFrom3023|ono\n|\n|t:|1697900162\n|switch|p2a: Palafin|Palafin, M, shiny|100\/100\n|turn|4\n|\n|t:|1697900165\n|detailschange|p2a: Palafin|Palafin-Hero, M, shiny\n|switch|p2a: Ditto|Ditto|100\/100\n|move|p1a: Watt|Shadow Ball|p2a: Ditto\n|-immune|p2a: Ditto\n|\n|upkeep\n|turn|5\n|\n|t:|1697900174\n|move|p1a: Watt|Shadow Ball|p2a: Ditto\n|-immune|p2a: Ditto\n|move|p2a: Ditto|Transform|p1a: Watt\n|-transform|p2a: Ditto|p1a: Watt\n|\n|upkeep\n|-start|p2a: Ditto|typechange|Electric\/Ghost|[silent]\n|turn|6\n|\n|t:|1697900182\n|move|p1a: Watt|Shadow Ball|p2a: Ditto\n|-supereffective|p2a: Ditto\n|-enditem|p2a: Ditto|Focus Sash\n|-damage|p2a: Ditto|1\/100\n|move|p2a: Ditto|Shadow Ball|p1a: Watt\n|-supereffective|p1a: Watt\n|-damage|p1a: Watt|0 fnt\n|faint|p1a: Watt\n|\n|upkeep\n|\n|t:|1697900197\n|switch|p1a: Number 1|Rotom-Fan|100\/100\n|turn|7\n|\n|t:|1697900207\n|move|p2a: Ditto|Shadow Ball|p1a: Number 1\n|-damage|p1a: Number 1|57\/100\n|move|p1a: Number 1|Reflect|p1a: Number 1\n|-sidestart|p1: Gauzic|Reflect\n|\n|upkeep\n|turn|8\n|\n|t:|1697900217\n|move|p2a: Ditto|Shadow Ball|p1a: Number 1\n|-damage|p1a: Number 1|17\/100\n|move|p1a: Number 1|Light Screen|p1a: Number 1\n|-sidestart|p1: Gauzic|move: Light Screen\n|\n|upkeep\n|turn|9\n|\n|t:|1697900239\n|move|p2a: Ditto|Volt Switch|p1a: Number 1\n|-damage|p1a: Number 1|0 fnt\n|faint|p1a: Number 1\n|\n|t:|1697900254\n|switch|p2a: Ogerpon|Ogerpon-Hearthflame, F|100\/100|[from] Volt Switch\n|-ability|p2a: Ogerpon|Mold Breaker\n|\n|upkeep\n|\n|t:|1697900271\n|switch|p1a: Eazy bake|Rotom-Heat, shiny|100\/100\n|turn|10\n|\n|t:|1697900286\n|move|p2a: Ogerpon|Swords Dance|p2a: Ogerpon\n|-boost|p2a: Ogerpon|atk|2\n|move|p1a: Eazy bake|Overheat|p2a: Ogerpon\n|-damage|p2a: Ogerpon|31\/100\n|-unboost|p1a: Eazy bake|spa|2\n|-enditem|p1a: Eazy bake|White Herb\n|-clearnegativeboost|p1a: Eazy bake|[silent]\n|\n|upkeep\n|turn|11\n|\n|t:|1697900310\n|move|p2a: Ogerpon|Wood Hammer|p1a: Eazy bake\n|-resisted|p1a: Eazy bake\n|-damage|p1a: Eazy bake|60\/100\n|-damage|p2a: Ogerpon|19\/100|[from] Recoil\n|move|p1a: Eazy bake|Overheat|p2a: Ogerpon\n|-damage|p2a: Ogerpon|0 fnt\n|-unboost|p1a: Eazy bake|spa|2\n|faint|p2a: Ogerpon\n|\n|upkeep\n|c|\u2606GuyFrom3023|ow\n|\n|t:|1697900326\n|switch|p2a: Palafin|Palafin-Hero, M, shiny|100\/100\n|-activate|p2a: Palafin|ability: Zero to Hero\n|turn|12\n|\n|t:|1697900331\n|move|p2a: Palafin|Waterfall|p1a: Eazy bake\n|-supereffective|p1a: Eazy bake\n|-damage|p1a: Eazy bake|7\/100\n|move|p1a: Eazy bake|Volt Switch|p2a: Palafin\n|-supereffective|p2a: Palafin\n|-damage|p2a: Palafin|58\/100\n|\n|t:|1697900347\n|switch|p1a: John Deere|Rotom-Mow|100\/100|[from] Volt Switch\n|\n|upkeep\n|turn|13\n|\n|t:|1697900353\n|move|p2a: Palafin|Icy Wind|p1a: John Deere\n|-supereffective|p1a: John Deere\n|-damage|p1a: John Deere|90\/100\n|-unboost|p1a: John Deere|spe|1\n|move|p1a: John Deere|Thunder|p2a: Palafin|[miss]\n|-miss|p1a: John Deere|p2a: Palafin\n|\n|upkeep\n|turn|14\n|\n|t:|1697900375\n|move|p2a: Palafin|Icy Wind|p1a: John Deere\n|-supereffective|p1a: John Deere\n|-damage|p1a: John Deere|78\/100\n|-unboost|p1a: John Deere|spe|1\n|move|p1a: John Deere|Thunder|p2a: Palafin\n|-supereffective|p2a: Palafin\n|-damage|p2a: Palafin|0 fnt\n|faint|p2a: Palafin\n|\n|-sideend|p1: Gauzic|Reflect\n|upkeep\n|\n|t:|1697900384\n|switch|p2a: Volcarona|Volcarona, F|100\/100\n|turn|15\n|\n|t:|1697900390\n|move|p2a: Volcarona|Quiver Dance|p2a: Volcarona\n|-boost|p2a: Volcarona|spa|1\n|-boost|p2a: Volcarona|spd|1\n|-boost|p2a: Volcarona|spe|1\n|move|p1a: John Deere|Volt Switch|p2a: Volcarona\n|-damage|p2a: Volcarona|76\/100\n|\n|t:|1697900392\n|switch|p1a: Tide Pod|Rotom-Wash|100\/100|[from] Volt Switch\n|\n|-sideend|p1: Gauzic|move: Light Screen\n|upkeep\n|turn|16\n|\n|t:|1697900407\n|-terastallize|p2a: Volcarona|Bug\n|move|p2a: Volcarona|Bug Buzz|p1a: Tide Pod\n|-damage|p1a: Tide Pod|0 fnt\n|faint|p1a: Tide Pod\n|\n|upkeep\n|\n|t:|1697900415\n|switch|p1a: Samsung|Rotom-Frost|100\/100\n|turn|17\n|\n|t:|1697900425\n|move|p2a: Volcarona|Fire Blast|p1a: Samsung|[miss]\n|-miss|p2a: Volcarona|p1a: Samsung\n|move|p1a: Samsung|Thunder|p2a: Volcarona\n|-damage|p2a: Volcarona|47\/100\n|-status|p2a: Volcarona|par\n|\n|upkeep\n|turn|18\n|\n|t:|1697900437\n|move|p2a: Volcarona|Fire Blast|p1a: Samsung\n|-supereffective|p1a: Samsung\n|-damage|p1a: Samsung|0 fnt\n|faint|p1a: Samsung\n|\n|upkeep\n|\n|t:|1697900455\n|switch|p1a: John Deere|Rotom-Mow|78\/100\n|turn|19\n|\n|t:|1697900459\n|cant|p2a: Volcarona|par\n|move|p1a: John Deere|Thunder|p2a: Volcarona|[miss]\n|-miss|p1a: John Deere|p2a: Volcarona\n|\n|upkeep\n|turn|20\n|\n|t:|1697900464\n|move|p2a: Volcarona|Fire Blast|p1a: John Deere|[miss]\n|-miss|p2a: Volcarona|p1a: John Deere\n|move|p1a: John Deere|Thunder|p2a: Volcarona\n|-damage|p2a: Volcarona|7\/100 par\n|-enditem|p2a: Volcarona|Iapapa Berry|[eat]\n|-heal|p2a: Volcarona|40\/100 par|[from] item: Iapapa Berry\n|\n|upkeep\n|turn|21\n|\n|t:|1697900474\n|cant|p2a: Volcarona|par\n|move|p1a: John Deere|Thunder|p2a: Volcarona\n|-damage|p2a: Volcarona|5\/100 par\n|\n|upkeep\n|turn|22\n|\n|t:|1697900480\n|cant|p2a: Volcarona|par\n|move|p1a: John Deere|Tera Blast|p2a: Volcarona\n|-damage|p2a: Volcarona|0 fnt\n|faint|p2a: Volcarona\n|\n|upkeep\n|c|\u2606GuyFrom3023|oh no\n|\n|t:|1697900488\n|switch|p2a: Ditto|Ditto|1\/100\n|turn|23\n|\n|t:|1697900492\n|move|p1a: John Deere|Tera Blast|p2a: Ditto\n|-damage|p2a: Ditto|0 fnt\n|faint|p2a: Ditto\n|\n|win|Gauzic\n|raw|Gauzic's rating: 1107 &rarr; <strong>1132<\/strong><br \/>(+25 for winning)\n|raw|GuyFrom3023's rating: 1109 &rarr; <strong>1084<\/strong><br \/>(-25 for losing)\n|c|\u2606GuyFrom3023|gg\n|c|\u2606Gauzic|gg\n|l|\u2606GuyFrom3023\n","uploadtime":1697900502,"views":11,"p1id":"gauzic","p2id":"guyfrom3023","formatid":"gen9anythinggoes","rating":1084,"private":0,"password":""}