{"id":"gen9anythinggoes-1973151405","p1":"UnovaJournies","p2":"pogwuan","format":"[Gen 9] Anything Goes","log":"|j|\u2606UnovaJournies\n|j|\u2606pogwuan\n|t:|1697933346\n|gametype|singles\n|player|p1|UnovaJournies|ghetsis-gen5bw|\n|player|p2|pogwuan|169|\n|teamsize|p1|6\n|teamsize|p2|6\n|gen|9\n|tier|[Gen 9] Anything Goes\n|rule|HP Percentage Mod: HP is shown in percentages\n|rule|Endless Battle Clause: Forcing endless battles is banned\n|clearpoke\n|poke|p1|Enamorus, F|\n|poke|p1|Quaquaval, F|\n|poke|p1|Torterra, M|\n|poke|p1|Bellibolt, M|\n|poke|p1|Roaring Moon|\n|poke|p1|Arcanine-Hisui, M|\n|poke|p2|Annihilape, M|\n|poke|p2|Ninetales-Alola, M|\n|poke|p2|Clodsire, M|\n|poke|p2|Sandslash-Alola, M|\n|poke|p2|Hydreigon, M|\n|poke|p2|Slowking, M|\n|teampreview\n|j| Amoongdrip\n|j| Dittttttooooooo\n|j| annihilape4life\n|c|\u2606pogwuan|omg its ditttttttttttoooooooooooo\n|c|\u2606UnovaJournies|yooooooooooooooooooo\n|\n|t:|1697933423\n|start\n|switch|p1a: Rosa|Roaring Moon|100\/100\n|switch|p2a: Nightcrawler|Hydreigon, M|100\/100\n|turn|1\n|c|\u2606pogwuan|good name theme\n|c|\u2606UnovaJournies|I changed it last sec\n|j| Tredz\n|j| Ptok\n|j| Siiroth\n|\n|t:|1697933495\n|move|p2a: Nightcrawler|U-turn|p1a: Rosa\n|-supereffective|p1a: Rosa\n|-damage|p1a: Rosa|59\/100\n|c|\u2606pogwuan|what szn u on now\n|c|\u2606UnovaJournies|middle of 6\n|\n|t:|1697933532\n|switch|p2a: Beast|Annihilape, M|100\/100|[from] U-turn\n|move|p1a: Rosa|U-turn|p2a: Beast\n|-resisted|p2a: Beast\n|-damage|p2a: Beast|89\/100\n|c| Amoongdrip|scary\n|c|\u2606UnovaJournies|indeed\n|\n|t:|1697933601\n|-end|p1a: Rosa|Protosynthesis|[silent]\n|switch|p1a: Charles Boyle|Bellibolt, M|100\/100|[from] U-turn\n|\n|upkeep\n|turn|2\n|c|\u2606pogwuan|thats def charles boyle lmao\n|c|\u2606UnovaJournies|it was that or quaq\n|c|\u2606UnovaJournies|but then I realizec\n|\n|t:|1697933635\n|switch|p1a: Rosa|Roaring Moon|59\/100\n|move|p2a: Beast|U-turn|p1a: Rosa\n|-supereffective|p1a: Rosa\n|-damage|p1a: Rosa|1\/100\n|\n|t:|1697933650\n|switch|p2a: Nightcrawler|Hydreigon, M|100\/100|[from] U-turn\n|\n|upkeep\n|turn|3\n|\n|t:|1697933674\n|-end|p1a: Rosa|Protosynthesis|[silent]\n|switch|p1a: Charles Boyle|Bellibolt, M|100\/100\n|move|p2a: Nightcrawler|U-turn|p1a: Charles Boyle\n|-damage|p1a: Charles Boyle|87\/100\n|\n|t:|1697933711\n|switch|p2a: Darwin|Clodsire, M|100\/100|[from] U-turn\n|\n|-heal|p1a: Charles Boyle|93\/100|[from] item: Leftovers\n|upkeep\n|turn|4\n|\n|t:|1697933800\n|switch|p1a: Rosa|Roaring Moon|1\/100\n|move|p2a: Darwin|Stealth Rock|p1a: Rosa\n|-sidestart|p1: UnovaJournies|move: Stealth Rock\n|\n|upkeep\n|turn|5\n|c| Ptok|*calcs intensify*\n|c| Amoongdrip|need a timer rule smh\n|c|\u2606UnovaJournies|nah we good\n|\n|t:|1697933941\n|move|p1a: Rosa|Iron Head|p2a: Darwin\n|-crit|p2a: Darwin\n|-damage|p2a: Darwin|56\/100\n|move|p2a: Darwin|Earthquake|p1a: Rosa\n|-damage|p1a: Rosa|0 fnt\n|faint|p1a: Rosa\n|-end|p1a: Rosa|Protosynthesis|[silent]\n|\n|upkeep\n|c|\u2606pogwuan|owch\n|c|\u2606UnovaJournies|that was a crit damn\n|\n|t:|1697934066\n|switch|p1a: Raymond Holt|Quaquaval, F|100\/100\n|-damage|p1a: Raymond Holt|94\/100|[from] Stealth Rock\n|turn|6\n|c| Amoongdrip|why is he quaq \ud83e\udd14\n|c|\u2606UnovaJournies|iyk yk\n|c| Amoongdrip|kinda odd\n|c|\u2606pogwuan|sussy\n|c| Ptok|interesting representation\n|\n|t:|1697934292\n|switch|p2a: Beast|Annihilape, M|89\/100\n|move|p1a: Raymond Holt|Swords Dance|p1a: Raymond Holt\n|-boost|p1a: Raymond Holt|atk|2\n|\n|upkeep\n|turn|7\n|\n|t:|1697934319\n|move|p2a: Beast|U-turn|p1a: Raymond Holt\n|-resisted|p1a: Raymond Holt\n|-damage|p1a: Raymond Holt|80\/100\n|\n|t:|1697934336\n|switch|p2a: Darwin|Clodsire, M|56\/100|[from] U-turn\n|move|p1a: Raymond Holt|Aqua Step|p2a: Darwin\n|-supereffective|p2a: Darwin\n|-damage|p2a: Darwin|0 fnt\n|-boost|p1a: Raymond Holt|spe|1\n|faint|p2a: Darwin\n|-ability|p1a: Raymond Holt|Moxie|boost\n|-boost|p1a: Raymond Holt|atk|1\n|\n|upkeep\n|c| Ptok|uh oh\n|\n|t:|1697934371\n|switch|p2a: Nightcrawler|Hydreigon, M|100\/100\n|turn|8\n|\n|t:|1697934463\n|switch|p1a: Gina|Enamorus, F|100\/100\n|-damage|p1a: Gina|76\/100|[from] Stealth Rock\n|move|p2a: Nightcrawler|Draco Meteor|p1a: Gina\n|-immune|p1a: Gina\n|\n|upkeep\n|turn|9\n|\n|t:|1697934495\n|switch|p2a: Charles Xavier|Slowking, M|100\/100\n|switch|p1a: Charles Boyle|Bellibolt, M|93\/100\n|-damage|p1a: Charles Boyle|81\/100|[from] Stealth Rock\n|\n|-heal|p1a: Charles Boyle|87\/100|[from] item: Leftovers\n|upkeep\n|turn|10\n|\n|t:|1697934516\n|move|p1a: Charles Boyle|Toxic|p2a: Charles Xavier\n|-status|p2a: Charles Xavier|tox\n|move|p2a: Charles Xavier|Chilly Reception|p2a: Charles Xavier\n|-weather|Snow\n|c| Tredz|wtf\n|c| Ptok|wtf that animation\n|c| Tredz|slowking ptsd flashback\n|c|\u2606UnovaJournies|lmao\n|\n|t:|1697934575\n|switch|p2a: Iceman|Sandslash-Alola, M|100\/100|[from] Chilly Reception\n|\n|-weather|Snow|[upkeep]\n|-heal|p1a: Charles Boyle|93\/100|[from] item: Leftovers\n|upkeep\n|turn|11\n|\n|t:|1697934678\n|move|p2a: Iceman|Swords Dance|p2a: Iceman\n|-boost|p2a: Iceman|atk|2\n|move|p1a: Charles Boyle|Volt Switch|p2a: Iceman\n|-damage|p2a: Iceman|58\/100\n|c| Amoongdrip|zzz\n|\n|t:|1697934832\n|switch|p1a: Terry|Arcanine-Hisui, M|100\/100|[from] Volt Switch\n|\n|-weather|Snow|[upkeep]\n|upkeep\n|turn|12\n|c| Ptok|25 minutes and 12 turns hype\n|c|\u2606UnovaJournies|this intense\n|inactive|Battle timer is ON: inactive players will automatically lose when time's up. (requested by pogwuan)\n|c|\u2606UnovaJournies|D:\n|c| Ptok|yoooo\n|c| Amoongdrip|I could watch a whole brooklyn 99 ep in this time smh\n|c|\u2606UnovaJournies|how could you\n|c|\u2606pogwuan|;)\n|c| Tredz|quinn u wanna play now or after their game\n|\n|t:|1697934890\n|switch|p1a: Gina|Enamorus, F|76\/100\n|-damage|p1a: Gina|51\/100|[from] Stealth Rock\n|move|p2a: Iceman|Earthquake|p1a: Gina\n|-immune|p1a: Gina\n|\n|-weather|Snow|[upkeep]\n|upkeep\n|turn|13\n|c| Ptok|might be able to watch 2 episodes at this rate\n|c| Amoongdrip|fr\n|c| Ptok|we'll just play after\n|c| Tredz|bet\n|inactive|UnovaJournies has 270 seconds left.\n|inactive|UnovaJournies has 240 seconds left.\n|\n|t:|1697934956\n|move|p2a: Iceman|Iron Head|p1a: Gina\n|-supereffective|p1a: Gina\n|-damage|p1a: Gina|0 fnt\n|faint|p1a: Gina\n|\n|-weather|Snow|[upkeep]\n|upkeep\n|inactive|UnovaJournies has 210 seconds left.\n|\n|t:|1697935013\n|switch|p1a: Doug Judy|Torterra, M|100\/100\n|-damage|p1a: Doug Judy|94\/100|[from] Stealth Rock\n|turn|14\n|c|\u2606pogwuan|oh shit its doug\n|inactive|UnovaJournies has 180 seconds left.\n|c|\u2606UnovaJournies|the pontiac bandit\n|inactive|pogwuan has 270 seconds left.\n|inactive|UnovaJournies has 150 seconds left.\n|inactive|pogwuan has 240 seconds left.\n|c| Tredz|judge judy\n|\n|t:|1697935092\n|-terastallize|p2a: Iceman|Fairy\n|move|p2a: Iceman|Earthquake|p1a: Doug Judy\n|-resisted|p1a: Doug Judy\n|-damage|p1a: Doug Judy|66\/100\n|move|p1a: Doug Judy|Headlong Rush|p2a: Iceman\n|-damage|p2a: Iceman|0 fnt\n|-unboost|p1a: Doug Judy|def|1\n|-unboost|p1a: Doug Judy|spd|1\n|faint|p2a: Iceman\n|\n|-weather|Snow|[upkeep]\n|upkeep\n|inactive|pogwuan has 210 seconds left.\n|c| Amoongdrip|crazy plays\n|c| Ptok|tried to cook\n|inactive|pogwuan has 180 seconds left.\n|c|\u2606UnovaJournies|maybe\n|inactive|pogwuan has 150 seconds left.\n|\n|t:|1697935170\n|switch|p2a: Beast|Annihilape, M|89\/100\n|turn|15\n|inactive|pogwuan has 150 seconds left.\n|inactive|UnovaJournies has 120 seconds left.\n|inactive|pogwuan has 120 seconds left.\n|\n|t:|1697935218\n|switch|p1a: Charles Boyle|Bellibolt, M|93\/100\n|-damage|p1a: Charles Boyle|81\/100|[from] Stealth Rock\n|move|p2a: Beast|Close Combat|p1a: Charles Boyle\n|-crit|p1a: Charles Boyle\n|-damage|p1a: Charles Boyle|2\/100\n|-unboost|p2a: Beast|def|1\n|-unboost|p2a: Beast|spd|1\n|-status|p2a: Beast|par|[from] ability: Static|[of] p1a: Charles Boyle\n|\n|-weather|Snow|[upkeep]\n|-heal|p1a: Charles Boyle|8\/100|[from] item: Leftovers\n|upkeep\n|turn|16\n|c|\u2606pogwuan|it was a little roll\n|c|\u2606pogwuan|wow\n|c|\u2606UnovaJournies|noooooooo\n|inactive|pogwuan has 120 seconds left.\n|inactive|UnovaJournies has 90 seconds left.\n|c| Amoongdrip|static at least :D\n|inactive|pogwuan has 90 seconds left.\n|inactive|UnovaJournies has 60 seconds left.\n|\n|t:|1697935264\n|move|p2a: Beast|Close Combat|p1a: Charles Boyle\n|-damage|p1a: Charles Boyle|0 fnt\n|-unboost|p2a: Beast|def|1\n|-unboost|p2a: Beast|spd|1\n|faint|p1a: Charles Boyle\n|\n|-weather|Snow|[upkeep]\n|upkeep\n|inactive|UnovaJournies has 60 seconds left.\n|inactiveoff|Battle timer is now OFF.\n|c|\u2606UnovaJournies|ty\n|l| Dittttttooooooo\n|\n|t:|1697935408\n|switch|p1a: Raymond Holt|Quaquaval, F|80\/100\n|-damage|p1a: Raymond Holt|74\/100|[from] Stealth Rock\n|turn|17\n|j| Ditttttooooooo\n|\n|t:|1697935544\n|switch|p2a: Storm|Ninetales-Alola, M, shiny|100\/100\n|move|p1a: Raymond Holt|Swords Dance|p1a: Raymond Holt\n|-boost|p1a: Raymond Holt|atk|2\n|\n|-weather|none\n|upkeep\n|turn|18\n|c|\u2606UnovaJournies|welp\n|c| Ptok|over under 1h place your bets\n|c| Amoongdrip|what we at now\n|c| Ptok|37 min\n|c| Amoongdrip|I doubt over 1 hr\n|c| Amoongdrip|its looking joever\n|c| Ptok|could be 2 b99 eps without ads\n|\n|t:|1697935609\n|switch|p1a: Terry|Arcanine-Hisui, M|100\/100\n|move|p2a: Storm|Moonblast|p1a: Terry\n|-resisted|p1a: Terry\n|-damage|p1a: Terry|82\/100\n|\n|upkeep\n|turn|19\n|\n|t:|1697935636\n|move|p2a: Storm|Baton Pass|p2a: Storm\n|\n|t:|1697935684\n|switch|p2a: Beast|Annihilape, M|89\/100 par|[from] Baton Pass\n|move|p1a: Terry|Head Smash|p2a: Beast\n|-resisted|p2a: Beast\n|-damage|p2a: Beast|51\/100 par\n|\n|upkeep\n|turn|20\n|\n|t:|1697935750\n|move|p1a: Terry|Flare Blitz|p2a: Beast\n|-damage|p2a: Beast|0 fnt\n|faint|p2a: Beast\n|\n|upkeep\n|\n|t:|1697935755\n|switch|p2a: Nightcrawler|Hydreigon, M|100\/100\n|turn|21\n|\n|t:|1697935817\n|switch|p1a: Doug Judy|Torterra, M|66\/100\n|-damage|p1a: Doug Judy|60\/100|[from] Stealth Rock\n|move|p2a: Nightcrawler|U-turn|p1a: Doug Judy\n|-supereffective|p1a: Doug Judy\n|-damage|p1a: Doug Judy|36\/100\n|\n|t:|1697935872\n|switch|p2a: Storm|Ninetales-Alola, M, shiny|100\/100|[from] U-turn\n|-weather|Snow|[from] ability: Snow Warning|[of] p2a: Storm\n|\n|-weather|Snow|[upkeep]\n|upkeep\n|turn|22\n|\n|t:|1697935902\n|-terastallize|p1a: Doug Judy|Rock\n|move|p2a: Storm|Blizzard|p1a: Doug Judy\n|-damage|p1a: Doug Judy|3\/100\n|move|p1a: Doug Judy|Shell Smash|p1a: Doug Judy\n|-unboost|p1a: Doug Judy|def|1\n|-unboost|p1a: Doug Judy|spd|1\n|-boost|p1a: Doug Judy|atk|2\n|-boost|p1a: Doug Judy|spa|2\n|-boost|p1a: Doug Judy|spe|2\n|\n|-weather|Snow|[upkeep]\n|upkeep\n|turn|23\n|c| Amoongdrip|huge tera\n|c| Tredz|tor tera\n|c|\u2606UnovaJournies|that was literally my original nickname\n|c| Ptok|was it a roll or did it always live\n|c|\u2606UnovaJournies|calc says 30.9-36.6\n|\n|t:|1697936029\n|move|p1a: Doug Judy|Rock Blast|p2a: Storm\n|-supereffective|p2a: Storm\n|-damage|p2a: Storm|59\/100\n|-supereffective|p2a: Storm\n|-damage|p2a: Storm|15\/100\n|-supereffective|p2a: Storm\n|-damage|p2a: Storm|0 fnt\n|faint|p2a: Storm\n|-hitcount|p2: Storm|3\n|\n|-weather|Snow|[upkeep]\n|upkeep\n|\n|t:|1697936032\n|switch|p2a: Nightcrawler|Hydreigon, M|100\/100\n|turn|24\n|inactive|Battle timer is ON: inactive players will automatically lose when time's up. (requested by pogwuan)\n|inactive|UnovaJournies has 60 seconds left.\n|c|\u2606UnovaJournies|bruh\n|c| Amoongdrip|getting a little too close to 1hr\n|l| Ditttttooooooo\n|\n|t:|1697936168\n|switch|p1a: Terry|Arcanine-Hisui, M|82\/100\n|move|p2a: Nightcrawler|U-turn|p1a: Terry\n|-resisted|p1a: Terry\n|-damage|p1a: Terry|72\/100\n|c|\u2606pogwuan|theres not many options left so\n|\n|t:|1697936175\n|switch|p2a: Charles Xavier|Slowking, M|100\/100 tox|[from] U-turn\n|\n|-weather|Snow|[upkeep]\n|-damage|p2a: Charles Xavier|94\/100 tox|[from] psn\n|upkeep\n|turn|25\n|inactive|UnovaJournies has 60 seconds left.\n|inactive|pogwuan has 90 seconds left.\n|\n|t:|1697936209\n|move|p1a: Terry|Head Smash|p2a: Charles Xavier\n|-damage|p2a: Charles Xavier|25\/100 tox\n|move|p2a: Charles Xavier|Scald|p1a: Terry\n|-supereffective|p1a: Terry\n|-damage|p1a: Terry|0 fnt\n|faint|p1a: Terry\n|\n|-weather|none\n|-damage|p2a: Charles Xavier|13\/100 tox|[from] psn\n|upkeep\n|\n|t:|1697936236\n|switch|p1a: Raymond Holt|Quaquaval, F|74\/100\n|-damage|p1a: Raymond Holt|68\/100|[from] Stealth Rock\n|turn|26\n|inactive|UnovaJournies has 30 seconds left.\n|c|\u2606UnovaJournies|welp\n|inactive|UnovaJournies has 20 seconds left.\n|inactive|UnovaJournies has 15 seconds left.\n|inactive|pogwuan has 60 seconds left.\n|inactiveoff|Battle timer is now OFF.\n|c| Ptok|boo\n|c| Amoongdrip|zzzz\n|c| Ptok|embrace your inner brock\n|c| Ptok|no morales\n|\n|t:|1697936305\n|move|p1a: Raymond Holt|Close Combat|p2a: Charles Xavier\n|-resisted|p2a: Charles Xavier\n|-damage|p2a: Charles Xavier|0 fnt\n|-unboost|p1a: Raymond Holt|def|1\n|-unboost|p1a: Raymond Holt|spd|1\n|faint|p2a: Charles Xavier\n|-ability|p1a: Raymond Holt|Moxie|boost\n|-boost|p1a: Raymond Holt|atk|1\n|\n|upkeep\n|\n|t:|1697936308\n|switch|p2a: Nightcrawler|Hydreigon, M|100\/100\n|turn|27\n|c|\u2606UnovaJournies|gg\n|\n|t:|1697936323\n|switch|p1a: Doug Judy|Torterra, M, tera:Rock|3\/100\n|-damage|p1a: Doug Judy|0 fnt|[from] Stealth Rock\n|faint|p1a: Doug Judy\n|move|p2a: Nightcrawler|Draco Meteor|p1: Doug Judy|[notarget]\n|-fail|p2a: Nightcrawler\n|\n|upkeep\n|\n|t:|1697936328\n|switch|p1a: Raymond Holt|Quaquaval, F|68\/100\n|-damage|p1a: Raymond Holt|62\/100|[from] Stealth Rock\n|turn|28\n|c|\u2606pogwuan|welp all on this draco\n|c| Amoongdrip|scary\n|c| Tredz|never missed before ever\n|c|\u2606UnovaJournies|please for the love of god\n|c|\u2606pogwuan|WHY\n|\n|t:|1697936344\n|move|p2a: Nightcrawler|Draco Meteor|p1a: Raymond Holt\n|-damage|p1a: Raymond Holt|0 fnt\n|-unboost|p2a: Nightcrawler|spa|2\n|faint|p1a: Raymond Holt\n|\n|win|pogwuan\n|c|\u2606pogwuan|phew\n|c| Tredz|lol\n|c|\u2606UnovaJournies|gg\n|c|\u2606pogwuan|gg\n|c| Amoongdrip|gg\n|c|\u2606pogwuan|very close\n|l| Ptok\n|c|\u2606UnovaJournies|yea\n|l| Tredz\n|l| Amoongdrip\n|c|\u2606UnovaJournies|:(\n|l|\u2606UnovaJournies\n|l| Siiroth\n|j| Amoongdrip\n|j|\u2606UnovaJournies\n|player|p1|UnovaJournies|ghetsis-gen5bw\n","uploadtime":1697936360,"views":29,"p1id":"unovajournies","p2id":"pogwuan","formatid":"gen9anythinggoes","rating":0,"private":0,"password":""}