{"id":"gen9anythinggoes-1985783922","p1":"Iamfrutrated","p2":"bruhther boi","format":"[Gen 9] Anything Goes","log":"|j|\u2606Iamfrutrated\n|j|\u2606bruhther boi\n|t:|1699405740\n|gametype|singles\n|player|p1|Iamfrutrated|265|1100\n|player|p2|bruhther boi|102|1105\n|teamsize|p1|6\n|teamsize|p2|6\n|gen|9\n|tier|[Gen 9] Anything Goes\n|rated|\n|rule|HP Percentage Mod: HP is shown in percentages\n|rule|Endless Battle Clause: Forcing endless battles is banned\n|clearpoke\n|poke|p1|Donphan, L1, M|\n|poke|p1|Kingambit, M|\n|poke|p1|Murkrow, M|\n|poke|p1|Cloyster, M|\n|poke|p1|Espathra, F|\n|poke|p1|Great Tusk|\n|poke|p2|Azumarill, M|\n|poke|p2|Dragapult, F|\n|poke|p2|Tinkaton, F|\n|poke|p2|Meowscarada, F|\n|poke|p2|Kyogre|\n|poke|p2|Magikarp, F|\n|teampreview\n|\n|t:|1699405747\n|start\n|switch|p1a: Donphan|Donphan, L1, M|100\/100\n|switch|p2a: Peter Griffin|Azumarill, M|100\/100\n|turn|1\n|\n|t:|1699405756\n|switch|p1a: Espathra|Espathra, F|100\/100\n|move|p2a: Peter Griffin|Belly Drum|p2a: Peter Griffin\n|-damage|p2a: Peter Griffin|50\/100\n|-setboost|p2a: Peter Griffin|atk|6|[from] move: Belly Drum\n|-enditem|p2a: Peter Griffin|Sitrus Berry|[eat]\n|-heal|p2a: Peter Griffin|75\/100|[from] item: Sitrus Berry\n|\n|upkeep\n|turn|2\n|\n|t:|1699405768\n|move|p1a: Espathra|Protect|p1a: Espathra\n|-singleturn|p1a: Espathra|Protect\n|move|p2a: Peter Griffin|Aqua Jet|p1a: Espathra\n|-activate|p1a: Espathra|move: Protect\n|\n|-ability|p1a: Espathra|Speed Boost|boost\n|-boost|p1a: Espathra|spe|1\n|upkeep\n|turn|3\n|\n|t:|1699405775\n|move|p2a: Peter Griffin|Aqua Jet|p1a: Espathra\n|-damage|p1a: Espathra|0 fnt\n|faint|p1a: Espathra\n|\n|upkeep\n|\n|t:|1699405788\n|switch|p1a: Donphan|Donphan, L1, M|100\/100\n|turn|4\n|\n|t:|1699405791\n|move|p2a: Peter Griffin|Aqua Jet|p1a: Donphan\n|-supereffective|p1a: Donphan\n|-ability|p1a: Donphan|Sturdy\n|-damage|p1a: Donphan|8\/100\n|move|p1a: Donphan|Endeavor|p2a: Peter Griffin\n|-damage|p2a: Peter Griffin|1\/100\n|-heal|p1a: Donphan|100\/100|[from] item: Shell Bell|[of] p2a: Peter Griffin\n|\n|upkeep\n|turn|5\n|c|\u2606bruhther boi|oh god\n|\n|t:|1699405808\n|move|p2a: Peter Griffin|Aqua Jet|p1a: Donphan\n|-supereffective|p1a: Donphan\n|-ability|p1a: Donphan|Sturdy\n|-damage|p1a: Donphan|8\/100\n|move|p1a: Donphan|Ice Shard|p2a: Peter Griffin\n|-resisted|p2a: Peter Griffin\n|-damage|p2a: Peter Griffin|0 fnt\n|faint|p2a: Peter Griffin\n|-heal|p1a: Donphan|16\/100|[from] item: Shell Bell|[of] p2: Peter Griffin\n|\n|upkeep\n|\n|t:|1699405819\n|switch|p2a: Nice balls bro!|Tinkaton, F|100\/100\n|-ability|p2a: Nice balls bro!|Mold Breaker\n|turn|6\n|\n|t:|1699405843\n|move|p2a: Nice balls bro!|Fake Out|p1a: Donphan\n|-damage|p1a: Donphan|0 fnt\n|faint|p1a: Donphan\n|\n|upkeep\n|\n|t:|1699405848\n|switch|p1a: Cloyster|Cloyster, M|100\/100\n|turn|7\n|\n|t:|1699405855\n|move|p2a: Nice balls bro!|Gigaton Hammer|p1a: Cloyster\n|-damage|p1a: Cloyster|52\/100\n|move|p1a: Cloyster|Shell Smash|p1a: Cloyster\n|-unboost|p1a: Cloyster|def|1\n|-unboost|p1a: Cloyster|spd|1\n|-boost|p1a: Cloyster|atk|2\n|-boost|p1a: Cloyster|spa|2\n|-boost|p1a: Cloyster|spe|2\n|-enditem|p1a: Cloyster|White Herb\n|-clearnegativeboost|p1a: Cloyster|[silent]\n|\n|upkeep\n|turn|8\n|\n|t:|1699405870\n|move|p1a: Cloyster|Icicle Spear|p2a: Nice balls bro!\n|-resisted|p2a: Nice balls bro!\n|-damage|p2a: Nice balls bro!|85\/100\n|-resisted|p2a: Nice balls bro!\n|-damage|p2a: Nice balls bro!|71\/100\n|-resisted|p2a: Nice balls bro!\n|-damage|p2a: Nice balls bro!|54\/100\n|-resisted|p2a: Nice balls bro!\n|-damage|p2a: Nice balls bro!|39\/100\n|-resisted|p2a: Nice balls bro!\n|-damage|p2a: Nice balls bro!|23\/100\n|-hitcount|p2a: Nice balls bro!|5\n|move|p2a: Nice balls bro!|Play Rough|p1a: Cloyster|[miss]\n|-miss|p2a: Nice balls bro!|p1a: Cloyster\n|\n|-heal|p2a: Nice balls bro!|29\/100|[from] item: Leftovers\n|upkeep\n|turn|9\n|c|\u2606bruhther boi|brah\n|\n|t:|1699405886\n|-terastallize|p1a: Cloyster|Ice\n|move|p1a: Cloyster|Icicle Spear|p2a: Nice balls bro!\n|-resisted|p2a: Nice balls bro!\n|-damage|p2a: Nice balls bro!|10\/100\n|-resisted|p2a: Nice balls bro!\n|-damage|p2a: Nice balls bro!|0 fnt\n|faint|p2a: Nice balls bro!\n|-hitcount|p2: Nice balls bro!|2\n|\n|upkeep\n|c|\u2606Iamfrutrated|I forgot to tera ice D:\n|\n|t:|1699405906\n|switch|p2a: blegh|Kyogre|100\/100\n|-weather|RainDance|[from] ability: Drizzle|[of] p2a: blegh\n|turn|10\n|c|\u2606Iamfrutrated|legit, in showdown, if it's not 100% hit rate, it's 50% hit rate\n|c|\u2606bruhther boi|fr\n|\n|t:|1699405922\n|move|p1a: Cloyster|Blizzard|p2a: blegh|[miss]\n|-miss|p1a: Cloyster|p2a: blegh\n|move|p2a: blegh|Thunder|p1a: Cloyster\n|-damage|p1a: Cloyster|0 fnt\n|faint|p1a: Cloyster\n|\n|-weather|RainDance|[upkeep]\n|upkeep\n|c|\u2606Iamfrutrated|SEEE\n|\n|t:|1699405932\n|switch|p1a: Great Tusk|Great Tusk|100\/100\n|-enditem|p1a: Great Tusk|Booster Energy\n|-activate|p1a: Great Tusk|ability: Protosynthesis|[fromitem]\n|-start|p1a: Great Tusk|protosynthesisatk\n|turn|11\n|c|\u2606bruhther boi|it's annoying\n|c|\u2606Iamfrutrated|ik\n|\n|t:|1699405945\n|move|p2a: blegh|Water Spout|p1a: Great Tusk\n|-supereffective|p1a: Great Tusk\n|-damage|p1a: Great Tusk|0 fnt\n|faint|p1a: Great Tusk\n|-end|p1a: Great Tusk|Protosynthesis|[silent]\n|\n|-weather|RainDance|[upkeep]\n|upkeep\n|\n|t:|1699405951\n|switch|p1a: Murkrow|Murkrow, M|100\/100\n|turn|12\n|\n|t:|1699405960\n|move|p1a: Murkrow|Sucker Punch|p2a: blegh\n|-damage|p2a: blegh|74\/100\n|move|p2a: blegh|Thunder|p1a: Murkrow\n|-supereffective|p1a: Murkrow\n|-enditem|p1a: Murkrow|Focus Sash\n|-damage|p1a: Murkrow|1\/100\n|\n|-weather|RainDance|[upkeep]\n|upkeep\n|turn|13\n|\n|t:|1699405974\n|move|p1a: Murkrow|Sucker Punch|p2a: blegh\n|-damage|p2a: blegh|47\/100\n|move|p2a: blegh|Thunder|p1a: Murkrow\n|-supereffective|p1a: Murkrow\n|-damage|p1a: Murkrow|0 fnt\n|faint|p1a: Murkrow\n|\n|-weather|RainDance|[upkeep]\n|upkeep\n|\n|t:|1699405981\n|switch|p1a: Kingambit|Kingambit, M|100\/100\n|-activate|p1a: Kingambit|ability: Supreme Overlord\n|-start|p1a: Kingambit|fallen5|[silent]\n|turn|14\n|c|\u2606Iamfrutrated|r u using a berry\n|\n|t:|1699405989\n|move|p1a: Kingambit|Sucker Punch|p2a: blegh\n|-damage|p2a: blegh|0 fnt\n|faint|p2a: blegh\n|\n|-weather|RainDance|[upkeep]\n|upkeep\n|c|\u2606bruhther boi|no\n|\n|t:|1699405993\n|switch|p2a: god himself|Magikarp, F|100\/100\n|turn|15\n|c|\u2606Iamfrutrated|water plate?\n|c|\u2606bruhther boi|damp rock\n|\n|t:|1699406000\n|move|p1a: Kingambit|Sucker Punch|p2a: god himself\n|-enditem|p2a: god himself|Focus Sash\n|-damage|p2a: god himself|1\/100\n|move|p2a: god himself|Flail|p1a: Kingambit\n|-resisted|p1a: Kingambit\n|-damage|p1a: Kingambit|93\/100\n|\n|-weather|RainDance|[upkeep]\n|upkeep\n|turn|16\n|c|\u2606Iamfrutrated|wat damp rock do\n|c|\u2606bruhther boi|it increases rain dance duration\n|c|\u2606Iamfrutrated|I see\n|\n|t:|1699406021\n|move|p2a: god himself|Flail|p1a: Kingambit\n|-resisted|p1a: Kingambit\n|-damage|p1a: Kingambit|85\/100\n|move|p1a: Kingambit|Swords Dance|p1a: Kingambit\n|-boost|p1a: Kingambit|atk|2\n|\n|-weather|RainDance|[upkeep]\n|upkeep\n|turn|17\n|\n|t:|1699406031\n|move|p1a: Kingambit|Sucker Punch|p2a: god himself\n|-damage|p2a: god himself|0 fnt\n|faint|p2a: god himself\n|\n|-weather|none\n|upkeep\n|\n|t:|1699406039\n|switch|p2a: Gato|Meowscarada, F|100\/100\n|turn|18\n|\n|t:|1699406045\n|move|p1a: Kingambit|Sucker Punch|p2a: Gato\n|-resisted|p2a: Gato\n|-damage|p2a: Gato|0 fnt\n|faint|p2a: Gato\n|\n|upkeep\n|\n|t:|1699406049\n|switch|p2a: overused dragon|Dragapult, F|100\/100\n|turn|19\n|\n|t:|1699406060\n|move|p1a: Kingambit|Sucker Punch||[still]\n|-fail|p1a: Kingambit\n|move|p2a: overused dragon|Dragon Dance|p2a: overused dragon\n|-boost|p2a: overused dragon|atk|1\n|-boost|p2a: overused dragon|spe|1\n|\n|upkeep\n|turn|20\n|\n|t:|1699406068\n|move|p2a: overused dragon|Dragon Dance|p2a: overused dragon\n|-boost|p2a: overused dragon|atk|1\n|-boost|p2a: overused dragon|spe|1\n|move|p1a: Kingambit|Taunt|p2a: overused dragon\n|-start|p2a: overused dragon|move: Taunt\n|\n|upkeep\n|turn|21\n|\n|t:|1699406074\n|move|p1a: Kingambit|Sucker Punch|p2a: overused dragon\n|-supereffective|p2a: overused dragon\n|-damage|p2a: overused dragon|0 fnt\n|faint|p2a: overused dragon\n|\n|win|Iamfrutrated\n|raw|Iamfrutrated's rating: 1100 &rarr; <strong>1125<\/strong><br \/>(+25 for winning)\n|raw|bruhther boi's rating: 1105 &rarr; <strong>1080<\/strong><br \/>(-25 for losing)\n|c|\u2606Iamfrutrated|hahaha\n|c|\u2606bruhther boi|gg\n|c|\u2606Iamfrutrated|gg\n","uploadtime":1699406084,"views":28,"p1id":"iamfrutrated","p2id":"bruhtherboi","formatid":"gen9anythinggoes","rating":1080,"private":0,"password":""}