{"id":"gen9anythinggoes-1995269606","p1":"DevilKing6942","p2":"Matsurizzzu","format":"[Gen 9] Anything Goes","log":"|j|\u2606DevilKing6942\n|j|\u2606Matsurizzzu\n|t:|1700544281\n|gametype|singles\n|player|p1|DevilKing6942|steven|1140\n|player|p2|Matsurizzzu|dawn|1187\n|teamsize|p1|6\n|teamsize|p2|6\n|gen|9\n|tier|[Gen 9] Anything Goes\n|rated|\n|rule|HP Percentage Mod: HP is shown in percentages\n|rule|Endless Battle Clause: Forcing endless battles is banned\n|clearpoke\n|poke|p1|Ceruledge, M|\n|poke|p1|Cloyster, M|\n|poke|p1|Meowscarada, F|\n|poke|p1|Lucario, F|\n|poke|p1|Gliscor, M|\n|poke|p1|Mew|\n|poke|p2|Azumarill, M|\n|poke|p2|Azumarill, F|\n|poke|p2|Azumarill, M|\n|poke|p2|Azumarill, M|\n|poke|p2|Azumarill, F|\n|poke|p2|Azumarill, M|\n|teampreview\n|inactive|Battle timer is ON: inactive players will automatically lose when time's up. (requested by Matsurizzzu)\n|\n|t:|1700544291\n|start\n|switch|p1a: Cloyster|Cloyster, M, shiny|100\/100\n|switch|p2a: Blue pikachu|Azumarill, M|100\/100\n|turn|1\n|\n|t:|1700544298\n|move|p2a: Blue pikachu|Belly Drum|p2a: Blue pikachu\n|-damage|p2a: Blue pikachu|50\/100\n|-setboost|p2a: Blue pikachu|atk|6|[from] move: Belly Drum\n|-enditem|p2a: Blue pikachu|Sitrus Berry|[eat]\n|-heal|p2a: Blue pikachu|75\/100|[from] item: Sitrus Berry\n|move|p1a: Cloyster|Toxic Spikes|p2a: Blue pikachu\n|-sidestart|p2: Matsurizzzu|move: Toxic Spikes\n|\n|upkeep\n|turn|2\n|\n|t:|1700544314\n|move|p2a: Blue pikachu|Aqua Jet|p1a: Cloyster\n|-resisted|p1a: Cloyster\n|-damage|p1a: Cloyster|57\/100\n|move|p1a: Cloyster|Spikes|p2a: Blue pikachu\n|-sidestart|p2: Matsurizzzu|Spikes\n|\n|upkeep\n|turn|3\n|\n|t:|1700544322\n|move|p2a: Blue pikachu|Play Rough|p1a: Cloyster\n|-damage|p1a: Cloyster|0 fnt\n|faint|p1a: Cloyster\n|\n|upkeep\n|\n|t:|1700544326\n|switch|p1a: Meowscarada|Meowscarada, F|100\/100\n|turn|4\n|\n|t:|1700544331\n|-terastallize|p2a: Blue pikachu|Water\n|move|p1a: Meowscarada|Sucker Punch|p2a: Blue pikachu\n|-damage|p2a: Blue pikachu|30\/100\n|move|p2a: Blue pikachu|Aqua Jet|p1a: Meowscarada\n|-resisted|p1a: Meowscarada\n|-damage|p1a: Meowscarada|0 fnt\n|faint|p1a: Meowscarada\n|\n|upkeep\n|\n|t:|1700544344\n|switch|p1a: Lucario|Lucario, F|100\/100\n|turn|5\n|\n|t:|1700544348\n|move|p1a: Lucario|Protect|p1a: Lucario\n|-singleturn|p1a: Lucario|Protect\n|move|p2a: Blue pikachu|Aqua Jet|p1a: Lucario\n|-activate|p1a: Lucario|move: Protect\n|\n|upkeep\n|turn|6\n|\n|t:|1700544355\n|move|p2a: Blue pikachu|Aqua Jet|p1a: Lucario\n|-enditem|p1a: Lucario|Focus Sash\n|-damage|p1a: Lucario|1\/100\n|move|p1a: Lucario|Flash Cannon|p2a: Blue pikachu\n|-resisted|p2a: Blue pikachu\n|-damage|p2a: Blue pikachu|3\/100\n|\n|upkeep\n|turn|7\n|\n|t:|1700544362\n|move|p1a: Lucario|Protect|p1a: Lucario\n|-singleturn|p1a: Lucario|Protect\n|move|p2a: Blue pikachu|Aqua Jet|p1a: Lucario\n|-activate|p1a: Lucario|move: Protect\n|\n|upkeep\n|turn|8\n|\n|t:|1700544368\n|move|p2a: Blue pikachu|Aqua Jet|p1a: Lucario\n|-damage|p1a: Lucario|0 fnt\n|faint|p1a: Lucario\n|\n|upkeep\n|\n|t:|1700544375\n|switch|p1a: Mew|Mew|100\/100\n|turn|9\n|\n|t:|1700544378\n|move|p2a: Blue pikachu|Aqua Jet|p1a: Mew\n|-damage|p1a: Mew|0 fnt\n|faint|p1a: Mew\n|\n|upkeep\n|\n|t:|1700544384\n|switch|p1a: Gliscor|Gliscor, M, shiny|100\/100\n|turn|10\n|\n|t:|1700544388\n|move|p2a: Blue pikachu|Aqua Jet|p1a: Gliscor\n|-supereffective|p1a: Gliscor\n|-crit|p1a: Gliscor\n|-damage|p1a: Gliscor|0 fnt\n|faint|p1a: Gliscor\n|\n|upkeep\n|\n|t:|1700544392\n|switch|p1a: Ceruledge|Ceruledge, M, shiny|100\/100\n|turn|11\n|\n|t:|1700544396\n|move|p2a: Blue pikachu|Aqua Jet|p1a: Ceruledge\n|-supereffective|p1a: Ceruledge\n|-damage|p1a: Ceruledge|0 fnt\n|faint|p1a: Ceruledge\n|\n|win|Matsurizzzu\n|raw|DevilKing6942's rating: 1140 &rarr; <strong>1118<\/strong><br \/>(-22 for losing)\n|raw|Matsurizzzu's rating: 1187 &rarr; <strong>1209<\/strong><br \/>(+22 for winning)\n|c|\u2606Matsurizzzu|Gg\n","uploadtime":1700544412,"views":18,"p1id":"devilking6942","p2id":"matsurizzzu","formatid":"gen9anythinggoes","rating":1118,"private":0,"password":""}