{"id":"gen9anythinggoes-1976423695","p1":"Kayleb1718","p2":"POKESTAR89","format":"[Gen 9] Anything Goes","log":"|j|\u2606Kayleb1718\n|j|\u2606POKESTAR89\n|t:|1698300877\n|gametype|singles\n|player|p1|Kayleb1718|hilbert|1339\n|player|p2|POKESTAR89|1|1463\n|teamsize|p1|6\n|teamsize|p2|6\n|gen|9\n|tier|[Gen 9] Anything Goes\n|rated|\n|rule|HP Percentage Mod: HP is shown in percentages\n|rule|Endless Battle Clause: Forcing endless battles is banned\n|clearpoke\n|poke|p1|Zacian-*|\n|poke|p1|Calyrex-Shadow|\n|poke|p1|Urshifu-*, F|\n|poke|p1|Miraidon|\n|poke|p1|Quaquaval, F|\n|poke|p1|Regieleki|\n|poke|p2|Cinderace, M|\n|poke|p2|Dragapult, M|\n|poke|p2|Blissey, F|\n|poke|p2|Calyrex-Shadow|\n|poke|p2|Miraidon|\n|poke|p2|Zacian-*|\n|teampreview\n|\n|t:|1698300890\n|start\n|switch|p1a: Quaquaval|Quaquaval, F|100\/100\n|switch|p2a: Miraidon|Miraidon|100\/100\n|-fieldstart|move: Electric Terrain|[from] ability: Hadron Engine|[of] p2a: Miraidon\n|turn|1\n|inactive|Battle timer is ON: inactive players will automatically lose when time's up. (requested by Kayleb1718)\n|inactive|POKESTAR89 also wants the timer to be on.\n|\n|t:|1698300904\n|switch|p1a: Zacian|Zacian-Crowned, shiny|100\/100\n|-ability|p1a: Zacian|Intrepid Sword|boost\n|-boost|p1a: Zacian|atk|1\n|move|p2a: Miraidon|Draco Meteor|p1a: Zacian\n|-immune|p1a: Zacian\n|\n|upkeep\n|turn|2\n|\n|t:|1698300916\n|switch|p2a: Cinderace|Cinderace, M|100\/100\n|move|p1a: Zacian|Play Rough|p2a: Cinderace\n|-resisted|p2a: Cinderace\n|-damage|p2a: Cinderace|44\/100\n|\n|upkeep\n|turn|3\n|\n|t:|1698300926\n|move|p1a: Zacian|Sacred Sword|p2a: Cinderace\n|-damage|p2a: Cinderace|0 fnt\n|faint|p2a: Cinderace\n|\n|upkeep\n|\n|t:|1698300931\n|switch|p2a: Zacian|Zacian-Crowned|100\/100\n|-ability|p2a: Zacian|Intrepid Sword|boost\n|-boost|p2a: Zacian|atk|1\n|turn|4\n|\n|t:|1698300939\n|move|p2a: Zacian|Behemoth Blade|p1a: Zacian\n|-damage|p1a: Zacian|16\/100\n|move|p1a: Zacian|Behemoth Blade|p2a: Zacian\n|-damage|p2a: Zacian|14\/100\n|\n|upkeep\n|turn|5\n|\n|t:|1698300952\n|move|p1a: Zacian|Behemoth Blade|p2a: Zacian\n|-damage|p2a: Zacian|0 fnt\n|faint|p2a: Zacian\n|\n|-fieldend|move: Electric Terrain\n|upkeep\n|\n|t:|1698300958\n|switch|p2a: Dragapult|Dragapult, M|100\/100\n|turn|6\n|\n|t:|1698300964\n|-terastallize|p2a: Dragapult|Steel\n|move|p1a: Zacian|Play Rough|p2a: Dragapult\n|-resisted|p2a: Dragapult\n|-damage|p2a: Dragapult|49\/100\n|move|p2a: Dragapult|Dragon Dance|p2a: Dragapult\n|-boost|p2a: Dragapult|atk|1\n|-boost|p2a: Dragapult|spe|1\n|\n|upkeep\n|turn|7\n|\n|t:|1698300975\n|move|p2a: Dragapult|Tera Blast|p1a: Zacian|[anim] Tera Blast Steel\n|-damage|p1a: Zacian|0 fnt\n|faint|p1a: Zacian\n|\n|upkeep\n|\n|t:|1698300981\n|switch|p1a: Urshifu|Urshifu-Rapid-Strike, F|100\/100\n|turn|8\n|\n|t:|1698300988\n|move|p2a: Dragapult|Dragon Darts|p1a: Urshifu\n|-damage|p1a: Urshifu|66\/100\n|-anim|p2a: Dragapult|Dragon Darts|p1a: Urshifu\n|-damage|p1a: Urshifu|32\/100\n|move|p1a: Urshifu|Drain Punch|p2a: Dragapult\n|-supereffective|p2a: Dragapult\n|-damage|p2a: Dragapult|0 fnt\n|-heal|p1a: Urshifu|54\/100|[from] drain|[of] p2a: Dragapult\n|faint|p2a: Dragapult\n|\n|-heal|p1a: Urshifu|61\/100|[from] item: Leftovers\n|upkeep\n|\n|t:|1698300994\n|switch|p2a: Blissey|Blissey, F|100\/100\n|turn|9\n|\n|t:|1698301003\n|move|p1a: Urshifu|Drain Punch|p2a: Blissey\n|-supereffective|p2a: Blissey\n|-damage|p2a: Blissey|31\/100\n|-heal|p1a: Urshifu|100\/100|[from] drain|[of] p2a: Blissey\n|move|p2a: Blissey|Thunder Wave|p1a: Urshifu\n|-status|p1a: Urshifu|par\n|\n|upkeep\n|turn|10\n|\n|t:|1698301012\n|switch|p2a: Calyrex|Calyrex-Shadow|100\/100\n|-ability|p2a: Calyrex|As One\n|-ability|p2a: Calyrex|Unnerve\n|move|p1a: Urshifu|Drain Punch|p2a: Calyrex\n|-immune|p2a: Calyrex\n|\n|upkeep\n|turn|11\n|\n|t:|1698301022\n|move|p2a: Calyrex|Astral Barrage|p1a: Urshifu\n|-damage|p1a: Urshifu|0 fnt\n|faint|p1a: Urshifu\n|-ability|p2a: Calyrex|Grim Neigh|boost\n|-boost|p2a: Calyrex|spa|1\n|\n|upkeep\n|\n|t:|1698301030\n|switch|p1a: Calyrex|Calyrex-Shadow|100\/100\n|-ability|p1a: Calyrex|As One\n|-ability|p1a: Calyrex|Unnerve\n|turn|12\n|\n|t:|1698301038\n|-terastallize|p1a: Calyrex|Normal\n|move|p1a: Calyrex|Astral Barrage|p2a: Calyrex\n|-supereffective|p2a: Calyrex\n|-enditem|p2a: Calyrex|Focus Sash\n|-damage|p2a: Calyrex|1\/100\n|move|p2a: Calyrex|Psychic|p1a: Calyrex\n|-damage|p1a: Calyrex|15\/100\n|\n|-heal|p1a: Calyrex|21\/100|[from] item: Leftovers\n|upkeep\n|turn|13\n|\n|t:|1698301051\n|switch|p2a: Blissey|Blissey, F|31\/100\n|move|p1a: Calyrex|Draining Kiss|p2a: Blissey\n|-damage|p2a: Blissey|24\/100\n|-heal|p1a: Calyrex|32\/100|[from] drain|[of] p2a: Blissey\n|\n|-heal|p1a: Calyrex|38\/100|[from] item: Leftovers\n|upkeep\n|turn|14\n|\n|t:|1698301066\n|move|p1a: Calyrex|Psyshock|p2a: Blissey\n|-damage|p2a: Blissey|0 fnt\n|faint|p2a: Blissey\n|-ability|p1a: Calyrex|Grim Neigh|boost\n|-boost|p1a: Calyrex|spa|1\n|\n|-heal|p1a: Calyrex|44\/100|[from] item: Leftovers\n|upkeep\n|\n|t:|1698301070\n|switch|p2a: Miraidon|Miraidon|100\/100\n|-fieldstart|move: Electric Terrain|[from] ability: Hadron Engine|[of] p2a: Miraidon\n|turn|15\n|\n|t:|1698301081\n|move|p2a: Miraidon|Electro Drift|p1a: Calyrex\n|-damage|p1a: Calyrex|0 fnt\n|faint|p1a: Calyrex\n|\n|upkeep\n|\n|t:|1698301087\n|switch|p1a: Miraidon|Miraidon|100\/100\n|-activate|p1a: Miraidon|ability: Hadron Engine\n|turn|16\n|\n|t:|1698301094\n|switch|p2a: Calyrex|Calyrex-Shadow|1\/100\n|-ability|p2a: Calyrex|As One\n|-ability|p2a: Calyrex|Unnerve\n|move|p1a: Miraidon|Dragon Pulse|p2a: Calyrex\n|-damage|p2a: Calyrex|0 fnt\n|faint|p2a: Calyrex\n|\n|upkeep\n|\n|t:|1698301096\n|switch|p2a: Miraidon|Miraidon|100\/100\n|-activate|p2a: Miraidon|ability: Hadron Engine\n|turn|17\n|\n|t:|1698301108\n|move|p2a: Miraidon|Electro Drift|p1a: Miraidon\n|-resisted|p1a: Miraidon\n|-damage|p1a: Miraidon|79\/100\n|move|p1a: Miraidon|Electro Drift|p2a: Miraidon\n|-resisted|p2a: Miraidon\n|-damage|p2a: Miraidon|83\/100\n|\n|-heal|p1a: Miraidon|85\/100|[from] item: Leftovers\n|upkeep\n|turn|18\n|-message|POKESTAR89 forfeited.\n|\n|win|Kayleb1718\n|raw|Kayleb1718's rating: 1339 &rarr; <strong>1366<\/strong><br \/>(+27 for winning)\n|raw|POKESTAR89's rating: 1463 &rarr; <strong>1436<\/strong><br \/>(-27 for losing)\n|l|\u2606POKESTAR89\n","uploadtime":1698301134,"views":19,"p1id":"kayleb1718","p2id":"pokestar89","formatid":"gen9anythinggoes","rating":1366,"private":0,"password":""}