{"id":"gen9anythinggoes-1992374260","p1":"DR4N","p2":"Pizza i am","format":"[Gen 9] Anything Goes","log":"|j|\u2606DR4N\n|j|\u2606Pizza i am\n|t:|1700180189\n|gametype|singles\n|player|p1|DR4N|lucas-gen4pt|1102\n|player|p2|Pizza i am|266|1030\n|teamsize|p1|6\n|teamsize|p2|6\n|gen|9\n|tier|[Gen 9] Anything Goes\n|rated|\n|rule|HP Percentage Mod: HP is shown in percentages\n|rule|Endless Battle Clause: Forcing endless battles is banned\n|clearpoke\n|poke|p1|Umbreon, M|\n|poke|p1|Lycanroc-Dusk, M|\n|poke|p1|Pawmot, F|\n|poke|p1|Clodsire, M|\n|poke|p1|Gogoat, M|\n|poke|p1|Arcanine, M|\n|poke|p2|Regieleki|\n|poke|p2|Espathra, F|\n|poke|p2|Inteleon, M|\n|poke|p2|Koraidon|\n|poke|p2|Dragapult, F|\n|poke|p2|Chi-Yu|\n|teampreview\n|\n|t:|1700180206\n|start\n|switch|p1a: Sonic|Lycanroc-Dusk, M, shiny|100\/100\n|switch|p2a: Chi-Yu|Chi-Yu|100\/100\n|-ability|p2a: Chi-Yu|Beads of Ruin\n|turn|1\n|\n|t:|1700180214\n|move|p1a: Sonic|Close Combat|p2a: Chi-Yu\n|-supereffective|p2a: Chi-Yu\n|-damage|p2a: Chi-Yu|0 fnt\n|-unboost|p1a: Sonic|def|1\n|-unboost|p1a: Sonic|spd|1\n|faint|p2a: Chi-Yu\n|-damage|p1a: Sonic|91\/100|[from] item: Life Orb\n|\n|upkeep\n|\n|t:|1700180223\n|switch|p2a: Inteleon|Inteleon, M|100\/100\n|turn|2\n|\n|t:|1700180231\n|switch|p1a: Billy|Gogoat, M, shiny|100\/100\n|move|p2a: Inteleon|Snipe Shot|p1a: Billy\n|-resisted|p1a: Billy\n|-damage|p1a: Billy|81\/100\n|\n|upkeep\n|turn|3\n|inactive|Battle timer is ON: inactive players will automatically lose when time's up. (requested by Pizza i am)\n|\n|t:|1700180239\n|move|p2a: Inteleon|Protect|p2a: Inteleon\n|-singleturn|p2a: Inteleon|Protect\n|move|p1a: Billy|Leech Seed|p2a: Inteleon\n|-activate|p2a: Inteleon|move: Protect\n|\n|upkeep\n|turn|4\n|\n|t:|1700180249\n|move|p2a: Inteleon|Flip Turn|p1a: Billy\n|-resisted|p1a: Billy\n|-damage|p1a: Billy|71\/100\n|-damage|p2a: Inteleon|84\/100|[from] item: Rocky Helmet|[of] p1a: Billy\n|\n|t:|1700180254\n|switch|p2a: Dragapult|Dragapult, F|100\/100|[from] Flip Turn\n|move|p1a: Billy|Leech Seed|p2a: Dragapult\n|-start|p2a: Dragapult|move: Leech Seed\n|\n|-damage|p2a: Dragapult|88\/100|[from] Leech Seed|[of] p1a: Billy\n|-heal|p1a: Billy|80\/100|[silent]\n|upkeep\n|turn|5\n|\n|t:|1700180263\n|move|p2a: Dragapult|Dragon Darts|p1a: Billy\n|-damage|p1a: Billy|50\/100\n|-anim|p2a: Dragapult|Dragon Darts|p1a: Billy\n|-damage|p1a: Billy|22\/100\n|move|p1a: Billy|Play Rough|p2a: Dragapult\n|-supereffective|p2a: Dragapult\n|-damage|p2a: Dragapult|7\/100\n|\n|-damage|p2a: Dragapult|0 fnt|[from] Leech Seed|[of] p1a: Billy\n|-heal|p1a: Billy|27\/100|[silent]\n|faint|p2a: Dragapult\n|upkeep\n|\n|t:|1700180278\n|switch|p2a: Inteleon|Inteleon, M|84\/100\n|turn|6\n|\n|t:|1700180287\n|move|p2a: Inteleon|Dark Pulse|p1a: Billy\n|-damage|p1a: Billy|1\/100\n|move|p1a: Billy|Milk Drink|p1a: Billy\n|-heal|p1a: Billy|51\/100\n|\n|upkeep\n|turn|7\n|\n|t:|1700180294\n|move|p2a: Inteleon|Dark Pulse|p1a: Billy\n|-damage|p1a: Billy|26\/100\n|move|p1a: Billy|Horn Leech|p2a: Inteleon\n|-supereffective|p2a: Inteleon\n|-damage|p2a: Inteleon|0 fnt\n|-heal|p1a: Billy|52\/100|[from] drain|[of] p2a: Inteleon\n|faint|p2a: Inteleon\n|\n|upkeep\n|\n|t:|1700180305\n|switch|p2a: Koraidon|Koraidon|100\/100\n|-weather|SunnyDay|[from] ability: Orichalcum Pulse|[of] p2a: Koraidon\n|-activate|p2a: Koraidon|Orichalcum Pulse|[source]\n|turn|8\n|\n|t:|1700180310\n|-terastallize|p1a: Billy|Fairy\n|move|p2a: Koraidon|Dragon Claw|p1a: Billy\n|-immune|p1a: Billy\n|move|p1a: Billy|Play Rough|p2a: Koraidon\n|-supereffective|p2a: Koraidon\n|-damage|p2a: Koraidon|0 fnt\n|faint|p2a: Koraidon\n|\n|-weather|SunnyDay|[upkeep]\n|upkeep\n|\n|t:|1700180323\n|switch|p2a: Regieleki|Regieleki|100\/100\n|turn|9\n|\n|t:|1700180330\n|move|p2a: Regieleki|Magnet Rise|p2a: Regieleki\n|-start|p2a: Regieleki|Magnet Rise\n|move|p1a: Billy|Leech Seed|p2a: Regieleki\n|-start|p2a: Regieleki|move: Leech Seed\n|\n|-weather|SunnyDay|[upkeep]\n|-damage|p2a: Regieleki|88\/100|[from] Leech Seed|[of] p1a: Billy\n|-heal|p1a: Billy|60\/100|[silent]\n|upkeep\n|turn|10\n|\n|t:|1700180340\n|move|p2a: Regieleki|Electro Ball|p1a: Billy\n|-damage|p1a: Billy|0 fnt\n|faint|p1a: Billy\n|\n|-weather|SunnyDay|[upkeep]\n|upkeep\n|\n|t:|1700180348\n|switch|p1a: Bobby|Clodsire, M, shiny|100\/100\n|turn|11\n|\n|t:|1700180351\n|move|p2a: Regieleki|Electro Ball|p1a: Bobby\n|-immune|p1a: Bobby\n|move|p1a: Bobby|Toxic Spikes|p2a: Regieleki\n|-sidestart|p2: Pizza i am|move: Toxic Spikes\n|\n|-weather|SunnyDay|[upkeep]\n|-damage|p2a: Regieleki|76\/100|[from] Leech Seed|[of] p1a: Bobby\n|upkeep\n|turn|12\n|\n|t:|1700180359\n|move|p2a: Regieleki|Extreme Speed|p1a: Bobby\n|-damage|p1a: Bobby|83\/100\n|move|p1a: Bobby|Toxic Spikes|p2a: Regieleki\n|-sidestart|p2: Pizza i am|move: Toxic Spikes\n|\n|-weather|none\n|-heal|p1a: Bobby|89\/100|[from] item: Leftovers\n|-damage|p2a: Regieleki|64\/100|[from] Leech Seed|[of] p1a: Bobby\n|-heal|p1a: Bobby|97\/100|[silent]\n|upkeep\n|turn|13\n|\n|t:|1700180369\n|switch|p2a: Espathra|Espathra, F|100\/100\n|-status|p2a: Espathra|tox\n|move|p1a: Bobby|Stealth Rock|p2a: Espathra\n|-sidestart|p2: Pizza i am|move: Stealth Rock\n|\n|-heal|p1a: Bobby|100\/100|[from] item: Leftovers\n|-damage|p2a: Espathra|94\/100 tox|[from] psn\n|upkeep\n|turn|14\n|\n|t:|1700180383\n|switch|p1a: Hilal|Umbreon, M, shiny|100\/100\n|move|p2a: Espathra|Psychic|p1a: Hilal\n|-immune|p1a: Hilal\n|\n|-damage|p2a: Espathra|82\/100 tox|[from] psn\n|upkeep\n|turn|15\n|\n|t:|1700180392\n|move|p2a: Espathra|Dazzling Gleam|p1a: Hilal\n|-supereffective|p1a: Hilal\n|-damage|p1a: Hilal|67\/100\n|move|p1a: Hilal|Reflect|p1a: Hilal\n|-sidestart|p1: DR4N|Reflect\n|\n|-damage|p2a: Espathra|64\/100 tox|[from] psn\n|upkeep\n|turn|16\n|\n|t:|1700180400\n|move|p2a: Espathra|Agility|p2a: Espathra\n|-boost|p2a: Espathra|spe|2\n|move|p1a: Hilal|Wish|p1a: Hilal\n|\n|-damage|p2a: Espathra|40\/100 tox|[from] psn\n|upkeep\n|turn|17\n|\n|t:|1700180408\n|move|p1a: Hilal|Protect|p1a: Hilal\n|-singleturn|p1a: Hilal|Protect\n|move|p2a: Espathra|Baton Pass|p2a: Espathra\n|\n|t:|1700180413\n|switch|p2a: Regieleki|Regieleki|64\/100|[from] Baton Pass\n|-status|p2a: Regieleki|tox\n|-damage|p2a: Regieleki|51\/100 tox|[from] Stealth Rock\n|\n|-heal|p1a: Hilal|100\/100|[from] move: Wish|[wisher] Hilal\n|-damage|p2a: Regieleki|46\/100 tox|[from] psn\n|upkeep\n|turn|18\n|\n|t:|1700180425\n|move|p2a: Regieleki|Electro Ball|p1a: Hilal\n|-damage|p1a: Hilal|44\/100\n|move|p1a: Hilal|Wish|p1a: Hilal\n|\n|-damage|p2a: Regieleki|34\/100 tox|[from] psn\n|upkeep\n|turn|19\n|\n|t:|1700180432\n|move|p1a: Hilal|Protect|p1a: Hilal\n|-singleturn|p1a: Hilal|Protect\n|move|p2a: Regieleki|Electro Ball|p1a: Hilal\n|-activate|p1a: Hilal|move: Protect\n|\n|-heal|p1a: Hilal|94\/100|[from] move: Wish|[wisher] Hilal\n|-damage|p2a: Regieleki|16\/100 tox|[from] psn\n|-sideend|p1: DR4N|Reflect\n|upkeep\n|turn|20\n|-message|Pizza i am forfeited.\n|\n|win|DR4N\n|raw|DR4N's rating: 1102 &rarr; <strong>1122<\/strong><br \/>(+20 for winning)\n|raw|Pizza i am's rating: 1030 &rarr; <strong>1018<\/strong><br \/>(-12 for losing)\n|l|\u2606Pizza i am\n","uploadtime":1700180446,"views":4,"p1id":"dr4n","p2id":"pizzaiam","formatid":"gen9anythinggoes","rating":1018,"private":0,"password":""}