{"id":"gen9anythinggoes-1995515424","p1":"lqpojbf8","p2":"HeavenBurningLight","format":"[Gen 9] Anything Goes","log":"|j|\u203dlqpojbf8\n|j|\u2606HeavenBurningLight\n|inactive|Battle timer is ON: inactive players will automatically lose when time's up.\n|t:|1700578891\n|gametype|singles\n|player|p1|lqpojbf8|cynthia-gen4|\n|player|p2|HeavenBurningLight|rosa-pokestar|\n|teamsize|p1|6\n|teamsize|p2|6\n|gen|9\n|tier|[Gen 9] Anything Goes\n|rated|Tournament battle\n|rule|HP Percentage Mod: HP is shown in percentages\n|rule|Endless Battle Clause: Forcing endless battles is banned\n|clearpoke\n|poke|p1|Calyrex-Shadow|\n|poke|p1|Koraidon|\n|poke|p1|Shaymin-Sky|\n|poke|p1|Zacian-*|\n|poke|p1|Giratina-Origin|\n|poke|p1|Miraidon|\n|poke|p2|Calyrex-Ice|\n|poke|p2|Arceus-Fairy|\n|poke|p2|Dialga|\n|poke|p2|Ursaluna-Bloodmoon, M|\n|poke|p2|Koraidon|\n|poke|p2|Arceus-Ground|\n|teampreview\n|inactive|lqpojbf8 also wants the timer to be on.\n|c|\u2606HeavenBurningLight|Have fun\n|j| ZowwyCafe\u2764\n|j|+Primordiallite\n|j| Searing Heat\n|\n|t:|1700578906\n|start\n|switch|p1a: Shaymin|Shaymin-Sky|100\/100\n|switch|p2a: Dialga|Dialga|100\/100\n|-ability|p2a: Dialga|Pressure\n|turn|1\n|c| Searing Heat|ohh~\n|\n|t:|1700578912\n|move|p1a: Shaymin|Leech Seed|p2a: Dialga\n|-start|p2a: Dialga|move: Leech Seed\n|move|p2a: Dialga|Stealth Rock|p1a: Shaymin\n|-sidestart|p1: lqpojbf8|move: Stealth Rock\n|\n|-damage|p2a: Dialga|88\/100|[from] Leech Seed|[of] p1a: Shaymin\n|upkeep\n|turn|2\n|\n|t:|1700578916\n|move|p1a: Shaymin|Earth Power|p2a: Dialga\n|-supereffective|p2a: Dialga\n|-damage|p2a: Dialga|39\/100\n|move|p2a: Dialga|Trick Room|p2a: Dialga\n|-fieldstart|move: Trick Room|[of] p2a: Dialga\n|\n|-damage|p2a: Dialga|27\/100|[from] Leech Seed|[of] p1a: Shaymin\n|upkeep\n|turn|3\n|\n|t:|1700578923\n|move|p2a: Dialga|Draco Meteor|p1a: Shaymin\n|-damage|p1a: Shaymin|0 fnt\n|-unboost|p2a: Dialga|spa|2\n|-enditem|p2a: Dialga|Eject Pack\n|faint|p1a: Shaymin\n|\n|t:|1700578930\n|switch|p2a: Ursaluna|Ursaluna-Bloodmoon, M|100\/100\n|\n|upkeep\n|\n|t:|1700578936\n|switch|p1a: Giratina|Giratina-Origin|100\/100\n|-damage|p1a: Giratina|88\/100|[from] Stealth Rock\n|turn|4\n|\n|t:|1700578944\n|move|p2a: Ursaluna|Blood Moon|p1a: Giratina\n|-damage|p1a: Giratina|18\/100\n|move|p1a: Giratina|Defog|p2a: Ursaluna\n|-unboost|p2a: Ursaluna|evasion|1\n|-sideend|p1: lqpojbf8|Stealth Rock|[from] move: Defog|[of] p1a: Giratina\n|\n|upkeep\n|turn|5\n|\n|t:|1700578953\n|move|p2a: Ursaluna|Hyper Voice|p1a: Giratina\n|-damage|p1a: Giratina|0 fnt\n|faint|p1a: Giratina\n|\n|upkeep\n|\n|t:|1700578970\n|switch|p1a: Koraidon|Koraidon|100\/100\n|-weather|SunnyDay|[from] ability: Orichalcum Pulse|[of] p1a: Koraidon\n|-activate|p1a: Koraidon|Orichalcum Pulse|[source]\n|turn|6\n|\n|t:|1700578978\n|move|p2a: Ursaluna|Blood Moon|p1a: Koraidon\n|-damage|p1a: Koraidon|0 fnt\n|faint|p1a: Koraidon\n|\n|-weather|SunnyDay|[upkeep]\n|-fieldend|move: Trick Room\n|upkeep\n|\n|t:|1700578986\n|switch|p1a: Zacian|Zacian-Crowned|100\/100\n|-ability|p1a: Zacian|Intrepid Sword|boost\n|-boost|p1a: Zacian|atk|1\n|turn|7\n|\n|t:|1700578990\n|switch|p2a: Dialga|Dialga|27\/100\n|-ability|p2a: Dialga|Pressure\n|-terastallize|p1a: Zacian|Fairy\n|move|p1a: Zacian|Sacred Sword|p2a: Dialga\n|-supereffective|p2a: Dialga\n|-damage|p2a: Dialga|0 fnt\n|faint|p2a: Dialga\n|\n|-weather|SunnyDay|[upkeep]\n|upkeep\n|\n|t:|1700578994\n|switch|p2a: Arceus|Arceus-Ground|100\/100\n|turn|8\n|\n|t:|1700579001\n|move|p1a: Zacian|Sacred Sword|p2a: Arceus\n|-damage|p2a: Arceus|68\/100\n|move|p2a: Arceus|Trick Room|p2a: Arceus\n|-fieldstart|move: Trick Room|[of] p2a: Arceus\n|\n|-weather|SunnyDay|[upkeep]\n|upkeep\n|turn|9\n|\n|t:|1700579006\n|move|p2a: Arceus|Healing Wish|p2a: Arceus\n|faint|p2a: Arceus\n|move|p1a: Zacian|Sacred Sword|p2: Arceus|[notarget]\n|-fail|p1a: Zacian\n|\n|-weather|SunnyDay|[upkeep]\n|upkeep\n|\n|t:|1700579009\n|switch|p2a: Calyrex|Calyrex-Ice|100\/100\n|-ability|p2a: Calyrex|As One\n|-ability|p2a: Calyrex|Unnerve\n|turn|10\n|\n|t:|1700579015\n|-terastallize|p2a: Calyrex|Ice\n|move|p2a: Calyrex|Glacial Lance|p1a: Zacian\n|-damage|p1a: Zacian|0 fnt\n|faint|p1a: Zacian\n|-ability|p2a: Calyrex|Chilling Neigh|boost\n|-boost|p2a: Calyrex|atk|1\n|\n|-weather|none\n|upkeep\n|c| Searing Heat|OML CALYREX\n|\n|t:|1700579022\n|switch|p1a: Miraidon|Miraidon|100\/100\n|-fieldstart|move: Electric Terrain|[from] ability: Hadron Engine|[of] p1a: Miraidon\n|turn|11\n|c| ZowwyCafe\u2764|rip\n|\n|t:|1700579027\n|move|p2a: Calyrex|Glacial Lance|p1a: Miraidon\n|-supereffective|p1a: Miraidon\n|-damage|p1a: Miraidon|0 fnt\n|faint|p1a: Miraidon\n|-ability|p2a: Calyrex|Chilling Neigh|boost\n|-boost|p2a: Calyrex|atk|1\n|\n|upkeep\n|\n|t:|1700579031\n|switch|p1a: Calyrex|Calyrex-Shadow|100\/100\n|-ability|p1a: Calyrex|As One\n|-ability|p1a: Calyrex|Unnerve\n|turn|12\n|\n|t:|1700579033\n|move|p2a: Calyrex|Glacial Lance|p1a: Calyrex\n|-enditem|p1a: Calyrex|Focus Sash\n|-damage|p1a: Calyrex|1\/100\n|move|p1a: Calyrex|Nasty Plot|p1a: Calyrex\n|-boost|p1a: Calyrex|spa|2\n|\n|-fieldend|move: Trick Room\n|upkeep\n|turn|13\n|l| ZowwyCafe\u2764\n|j| HarryOtter69\n|c|\u2606HeavenBurningLight|Ggs\n|c| Searing Heat|calyrex shadow dying to caly ice is super satisfying\n|\n|t:|1700579043\n|move|p1a: Calyrex|Astral Barrage|p2a: Calyrex\n|-damage|p2a: Calyrex|0 fnt\n|faint|p2a: Calyrex\n|-ability|p1a: Calyrex|Grim Neigh|boost\n|-boost|p1a: Calyrex|spa|1\n|\n|upkeep\n|\n|t:|1700579046\n|switch|p2a: Scarlet Savagery|Koraidon|100\/100\n|-weather|SunnyDay|[from] ability: Orichalcum Pulse|[of] p2a: Scarlet Savagery\n|-activate|p2a: Scarlet Savagery|Orichalcum Pulse|[source]\n|turn|14\n|\n|t:|1700579051\n|move|p2a: Scarlet Savagery|U-turn|p1a: Calyrex\n|-damage|p1a: Calyrex|0 fnt\n|faint|p1a: Calyrex\n|\n|win|HeavenBurningLight\n|n|\u203dlqpojbf8|lqpojbf8\n|n|\u2606HeavenBurningLight|heavenburninglight\n|n| Primordiallite|primordiallite\n|n| Searing Heat|searingheat\n|n| HarryOtter69|harryotter69\n","uploadtime":1700579054,"views":5,"p1id":"lqpojbf8","p2id":"heavenburninglight","formatid":"gen9anythinggoes","rating":0,"private":0,"password":""}