{"id":"gen9anythinggoes-1971541811","p1":"Corvkrow","p2":"GX001","format":"[Gen 9] Anything Goes","log":"|j|\u2606Corvkrow\n|j|\u2606GX001\n|t:|1697746847\n|gametype|singles\n|player|p1|Corvkrow|ethan|1495\n|player|p2|GX001|2|1704\n|teamsize|p1|6\n|teamsize|p2|6\n|gen|9\n|tier|[Gen 9] Anything Goes\n|rated|\n|rule|HP Percentage Mod: HP is shown in percentages\n|rule|Endless Battle Clause: Forcing endless battles is banned\n|clearpoke\n|poke|p1|Calyrex-Shadow|\n|poke|p1|Zamazenta-*|\n|poke|p1|Blissey, F|\n|poke|p1|Kyogre|\n|poke|p1|Miraidon|\n|poke|p1|Ting-Lu|\n|poke|p2|Calyrex-Shadow|\n|poke|p2|Chien-Pao|\n|poke|p2|Zacian-*|\n|poke|p2|Kyogre|\n|poke|p2|Ditto|\n|poke|p2|Miraidon|\n|teampreview\n|inactive|Battle timer is ON: inactive players will automatically lose when time's up. (requested by GX001)\n|inactive|Corvkrow has 120 seconds left.\n|\n|t:|1697746892\n|start\n|switch|p1a: Miraidon|Miraidon|100\/100\n|switch|p2a: Miraidon|Miraidon|100\/100\n|-fieldstart|move: Electric Terrain|[from] ability: Hadron Engine|[of] p1a: Miraidon\n|-activate|p2a: Miraidon|ability: Hadron Engine\n|turn|1\n|inactive|GX001 has 120 seconds left.\n|\n|t:|1697746929\n|move|p1a: Miraidon|U-turn|p2a: Miraidon\n|-damage|p2a: Miraidon|87\/100\n|\n|t:|1697746931\n|switch|p1a: Blissey|Blissey, F|100\/100|[from] U-turn\n|move|p2a: Miraidon|Draco Meteor|p1a: Blissey\n|-damage|p1a: Blissey|63\/100\n|-unboost|p2a: Miraidon|spa|2\n|\n|upkeep\n|turn|2\n|\n|t:|1697746939\n|switch|p2a: Chien-Pao|Chien-Pao|100\/100\n|-ability|p2a: Chien-Pao|Sword of Ruin\n|move|p1a: Blissey|Stealth Rock|p2a: Chien-Pao\n|-sidestart|p2: GX001|move: Stealth Rock\n|\n|upkeep\n|turn|3\n|\n|t:|1697746945\n|switch|p1a: Zamazenta|Zamazenta-Crowned|100\/100\n|-ability|p1a: Zamazenta|Dauntless Shield|boost\n|-boost|p1a: Zamazenta|def|1\n|move|p2a: Chien-Pao|Swords Dance|p2a: Chien-Pao\n|-boost|p2a: Chien-Pao|atk|2\n|\n|upkeep\n|turn|4\n|\n|t:|1697746964\n|switch|p2a: Calyrex|Calyrex-Shadow|100\/100\n|-ability|p2a: Calyrex|As One\n|-ability|p2a: Calyrex|Unnerve\n|-damage|p2a: Calyrex|88\/100|[from] Stealth Rock\n|-terastallize|p1a: Zamazenta|Water\n|move|p1a: Zamazenta|Body Press|p2a: Calyrex\n|-immune|p2a: Calyrex\n|\n|upkeep\n|turn|5\n|\n|t:|1697746972\n|move|p2a: Calyrex|Nasty Plot|p2a: Calyrex\n|-boost|p2a: Calyrex|spa|2\n|move|p1a: Zamazenta|Crunch|p2a: Calyrex\n|-supereffective|p2a: Calyrex\n|-damage|p2a: Calyrex|0 fnt\n|faint|p2a: Calyrex\n|\n|-fieldend|move: Electric Terrain\n|upkeep\n|\n|t:|1697746978\n|switch|p2a: Miraidon|Miraidon|87\/100\n|-damage|p2a: Miraidon|74\/100|[from] Stealth Rock\n|-fieldstart|move: Electric Terrain|[from] ability: Hadron Engine|[of] p2a: Miraidon\n|turn|6\n|\n|t:|1697746983\n|switch|p1a: Ting-Lu|Ting-Lu|100\/100\n|-ability|p1a: Ting-Lu|Vessel of Ruin\n|move|p2a: Miraidon|Draco Meteor|p1a: Ting-Lu\n|-damage|p1a: Ting-Lu|40\/100\n|-unboost|p2a: Miraidon|spa|2\n|\n|-heal|p1a: Ting-Lu|46\/100|[from] item: Leftovers\n|upkeep\n|turn|7\n|\n|t:|1697746989\n|switch|p2a: Zacian|Zacian-Crowned|100\/100\n|-damage|p2a: Zacian|94\/100|[from] Stealth Rock\n|-ability|p2a: Zacian|Intrepid Sword|boost\n|-boost|p2a: Zacian|atk|1\n|move|p1a: Ting-Lu|Spikes|p2a: Zacian\n|-sidestart|p2: GX001|Spikes\n|\n|-heal|p1a: Ting-Lu|52\/100|[from] item: Leftovers\n|upkeep\n|turn|8\n|\n|t:|1697746999\n|move|p2a: Zacian|Play Rough|p1a: Ting-Lu\n|-supereffective|p1a: Ting-Lu\n|-damage|p1a: Ting-Lu|0 fnt\n|faint|p1a: Ting-Lu\n|\n|upkeep\n|inactive|Corvkrow has 120 seconds left.\n|\n|t:|1697747034\n|switch|p1a: Zamazenta|Zamazenta-Crowned, tera:Water|100\/100\n|turn|9\n|\n|t:|1697747040\n|move|p2a: Zacian|Swords Dance|p2a: Zacian\n|-boost|p2a: Zacian|atk|2\n|move|p1a: Zamazenta|Iron Defense|p1a: Zamazenta\n|-boost|p1a: Zamazenta|def|2\n|\n|upkeep\n|turn|10\n|\n|t:|1697747047\n|move|p2a: Zacian|Swords Dance|p2a: Zacian\n|-boost|p2a: Zacian|atk|2\n|move|p1a: Zamazenta|Iron Defense|p1a: Zamazenta\n|-boost|p1a: Zamazenta|def|2\n|\n|-fieldend|move: Electric Terrain\n|upkeep\n|turn|11\n|\n|t:|1697747050\n|move|p2a: Zacian|Play Rough|p1a: Zamazenta\n|-damage|p1a: Zamazenta|60\/100\n|move|p1a: Zamazenta|Body Press|p2a: Zacian\n|-damage|p2a: Zacian|0 fnt\n|faint|p2a: Zacian\n|\n|upkeep\n|\n|t:|1697747057\n|switch|p2a: Miraidon|Miraidon|74\/100\n|-damage|p2a: Miraidon|62\/100|[from] Stealth Rock\n|-damage|p2a: Miraidon|50\/100|[from] Spikes\n|-fieldstart|move: Electric Terrain|[from] ability: Hadron Engine|[of] p2a: Miraidon\n|turn|12\n|\n|t:|1697747073\n|switch|p1a: Blissey|Blissey, F|63\/100\n|move|p2a: Miraidon|Volt Switch|p1a: Blissey\n|-damage|p1a: Blissey|34\/100\n|l|\u2606GX001\n|inactive|GX001 disconnected and has a minute to reconnect!\n|player|p2|\n|j|\u2606GX001\n|inactive|GX001 reconnected and has 135 seconds left.\n|player|p2|GX001|2\n|\n|t:|1697747098\n|switch|p2a: Chien-Pao|Chien-Pao|100\/100|[from] Volt Switch\n|-damage|p2a: Chien-Pao|76\/100|[from] Stealth Rock\n|-damage|p2a: Chien-Pao|63\/100|[from] Spikes\n|-ability|p2a: Chien-Pao|Sword of Ruin\n|\n|upkeep\n|turn|13\n|\n|t:|1697747105\n|switch|p1a: Zamazenta|Zamazenta-Crowned, tera:Water|60\/100\n|move|p2a: Chien-Pao|Crunch|p1a: Zamazenta\n|-damage|p1a: Zamazenta|13\/100\n|-damage|p2a: Chien-Pao|53\/100|[from] item: Life Orb\n|\n|upkeep\n|turn|14\n|\n|t:|1697747116\n|move|p2a: Chien-Pao|Crunch|p1a: Zamazenta\n|-damage|p1a: Zamazenta|0 fnt\n|faint|p1a: Zamazenta\n|-damage|p2a: Chien-Pao|43\/100|[from] item: Life Orb\n|\n|upkeep\n|\n|t:|1697747122\n|switch|p1a: Miraidon|Miraidon|100\/100\n|-activate|p1a: Miraidon|ability: Hadron Engine\n|turn|15\n|l|\u2606GX001\n|inactive|GX001 disconnected and has a minute to reconnect!\n|player|p2|\n|j|\u2606GX001\n|inactive|GX001 reconnected and has 120 seconds left.\n|player|p2|GX001|2\n|\n|t:|1697747158\n|switch|p2a: Miraidon|Miraidon|50\/100\n|-damage|p2a: Miraidon|37\/100|[from] Stealth Rock\n|-damage|p2a: Miraidon|25\/100|[from] Spikes\n|-activate|p2a: Miraidon|ability: Hadron Engine\n|move|p1a: Miraidon|Dazzling Gleam|p2a: Miraidon\n|-supereffective|p2a: Miraidon\n|-damage|p2a: Miraidon|0 fnt\n|faint|p2a: Miraidon\n|\n|upkeep\n|\n|t:|1697747168\n|switch|p2a: Kyogre|Kyogre|100\/100\n|-damage|p2a: Kyogre|88\/100|[from] Stealth Rock\n|-damage|p2a: Kyogre|76\/100|[from] Spikes\n|-weather|RainDance|[from] ability: Drizzle|[of] p2a: Kyogre\n|turn|16\n|\n|t:|1697747173\n|switch|p1a: Blissey|Blissey, F|34\/100\n|move|p2a: Kyogre|Ice Beam|p1a: Blissey\n|-damage|p1a: Blissey|23\/100\n|\n|-weather|RainDance|[upkeep]\n|-fieldend|move: Electric Terrain\n|upkeep\n|turn|17\n|-message|GX001 forfeited.\n|\n|win|Corvkrow\n|raw|Corvkrow's rating: 1495 &rarr; <strong>1526<\/strong><br \/>(+31 for winning)\n|raw|GX001's rating: 1704 &rarr; <strong>1673<\/strong><br \/>(-31 for losing)\n|l|\u2606GX001\n","uploadtime":1697747186,"views":14,"p1id":"corvkrow","p2id":"gx001","formatid":"gen9anythinggoes","rating":1526,"private":0,"password":""}