{"id":"gen9anythinggoes-1998286620","p1":"Cerecedo","p2":"hoenn militian","format":"[Gen 9] Anything Goes","log":"|j|\u2606Cerecedo\n|j|\u2606hoenn militian\n|t:|1700924870\n|gametype|singles\n|player|p1|Cerecedo|alder|1705\n|player|p2|hoenn militian|169|1807\n|teamsize|p1|6\n|teamsize|p2|6\n|gen|9\n|tier|[Gen 9] Anything Goes\n|rated|\n|rule|HP Percentage Mod: HP is shown in percentages\n|rule|Endless Battle Clause: Forcing endless battles is banned\n|clearpoke\n|poke|p1|Tyranitar, F|\n|poke|p1|Mandibuzz, F|\n|poke|p1|Houndstone, M|\n|poke|p1|Quagsire, M|\n|poke|p1|Zacian-*|\n|poke|p1|Ditto|\n|poke|p2|Miraidon|\n|poke|p2|Grimmsnarl, M|\n|poke|p2|Skeledirge, F|\n|poke|p2|Moltres|\n|poke|p2|Blissey, F|\n|poke|p2|Calyrex-Ice|\n|teampreview\n|inactive|Battle timer is ON: inactive players will automatically lose when time's up. (requested by Cerecedo)\n|\n|t:|1700924891\n|start\n|switch|p1a: Mandibuzz|Mandibuzz, F|100\/100\n|switch|p2a: Miraidon|Miraidon|100\/100\n|-fieldstart|move: Electric Terrain|[from] ability: Hadron Engine|[of] p2a: Miraidon\n|turn|1\n|\n|t:|1700924905\n|switch|p1a: Quagsire|Quagsire, M|100\/100\n|move|p2a: Miraidon|Dragon Pulse|p1a: Quagsire\n|-damage|p1a: Quagsire|22\/100\n|-enditem|p1a: Quagsire|Sitrus Berry|[eat]\n|-heal|p1a: Quagsire|47\/100|[from] item: Sitrus Berry\n|\n|upkeep\n|turn|2\n|\n|t:|1700924918\n|switch|p1a: Tyranitar|Tyranitar, F|100\/100\n|-weather|Sandstorm|[from] ability: Sand Stream|[of] p1a: Tyranitar\n|move|p2a: Miraidon|Dragon Pulse|p1a: Tyranitar\n|-damage|p1a: Tyranitar|70\/100\n|\n|-weather|Sandstorm|[upkeep]\n|-damage|p2a: Miraidon|94\/100|[from] Sandstorm\n|-heal|p1a: Tyranitar|76\/100|[from] item: Leftovers\n|upkeep\n|turn|3\n|\n|t:|1700924935\n|move|p2a: Miraidon|Electro Drift|p1a: Tyranitar\n|-damage|p1a: Tyranitar|32\/100\n|move|p1a: Tyranitar|Stealth Rock|p2a: Miraidon\n|-sidestart|p2: hoenn militian|move: Stealth Rock\n|\n|-weather|Sandstorm|[upkeep]\n|-damage|p2a: Miraidon|88\/100|[from] Sandstorm\n|-heal|p1a: Tyranitar|39\/100|[from] item: Leftovers\n|upkeep\n|turn|4\n|\n|t:|1700924945\n|move|p2a: Miraidon|Dragon Pulse|p1a: Tyranitar\n|-damage|p1a: Tyranitar|8\/100\n|move|p1a: Tyranitar|Dragon Tail|p2a: Miraidon|[miss]\n|-miss|p1a: Tyranitar|p2a: Miraidon\n|\n|-weather|Sandstorm|[upkeep]\n|-damage|p2a: Miraidon|82\/100|[from] Sandstorm\n|-heal|p1a: Tyranitar|14\/100|[from] item: Leftovers\n|upkeep\n|turn|5\n|\n|t:|1700924956\n|move|p2a: Miraidon|Electro Drift|p1a: Tyranitar\n|-damage|p1a: Tyranitar|0 fnt\n|faint|p1a: Tyranitar\n|\n|-weather|Sandstorm|[upkeep]\n|-damage|p2a: Miraidon|76\/100|[from] Sandstorm\n|-fieldend|move: Electric Terrain\n|upkeep\n|\n|t:|1700924966\n|switch|p1a: Houndstone|Houndstone, M|100\/100\n|turn|6\n|\n|t:|1700924971\n|move|p2a: Miraidon|Protect|p2a: Miraidon\n|-singleturn|p2a: Miraidon|Protect\n|move|p1a: Houndstone|Last Respects|p2a: Miraidon\n|-activate|p2a: Miraidon|move: Protect\n|\n|-weather|none\n|upkeep\n|turn|7\n|\n|t:|1700924984\n|switch|p2a: Grimmsnarl|Grimmsnarl, M|100\/100\n|move|p1a: Houndstone|Last Respects|p2a: Grimmsnarl\n|-resisted|p2a: Grimmsnarl\n|-damage|p2a: Grimmsnarl|75\/100\n|\n|upkeep\n|turn|8\n|\n|t:|1700924992\n|switch|p1a: Mandibuzz|Mandibuzz, F|100\/100\n|move|p2a: Grimmsnarl|Parting Shot|p1a: Mandibuzz\n|-hint|Since gen 7, Dark is immune to Prankster moves.\n|-immune|p1a: Mandibuzz\n|\n|upkeep\n|turn|9\n|\n|t:|1700924999\n|switch|p2a: Moltres|Moltres|100\/100\n|move|p1a: Mandibuzz|Toxic|p2a: Moltres\n|-status|p2a: Moltres|tox\n|\n|-damage|p2a: Moltres|94\/100 tox|[from] psn\n|upkeep\n|turn|10\n|\n|t:|1700925008\n|switch|p1a: Quagsire|Quagsire, M|47\/100\n|move|p2a: Moltres|U-turn|p1a: Quagsire\n|-damage|p1a: Quagsire|37\/100\n|\n|t:|1700925014\n|switch|p2a: Miraidon|Miraidon|76\/100|[from] U-turn\n|-fieldstart|move: Electric Terrain|[from] ability: Hadron Engine|[of] p2a: Miraidon\n|\n|upkeep\n|turn|11\n|\n|t:|1700925020\n|move|p2a: Miraidon|Dragon Pulse|p1a: Quagsire\n|-damage|p1a: Quagsire|0 fnt\n|faint|p1a: Quagsire\n|\n|upkeep\n|\n|t:|1700925027\n|switch|p1a: Zacian|Zacian-Crowned|100\/100\n|-ability|p1a: Zacian|Intrepid Sword|boost\n|-boost|p1a: Zacian|atk|1\n|turn|12\n|\n|t:|1700925031\n|move|p2a: Miraidon|Protect|p2a: Miraidon\n|-singleturn|p2a: Miraidon|Protect\n|move|p1a: Zacian|Play Rough|p2a: Miraidon\n|-activate|p2a: Miraidon|move: Protect\n|\n|upkeep\n|turn|13\n|\n|t:|1700925040\n|switch|p2a: Skeledirge|Skeledirge, F|100\/100\n|move|p1a: Zacian|Behemoth Blade|p2a: Skeledirge\n|-resisted|p2a: Skeledirge\n|-damage|p2a: Skeledirge|83\/100\n|\n|upkeep\n|turn|14\n|\n|t:|1700925050\n|switch|p1a: Houndstone|Houndstone, M|100\/100\n|move|p2a: Skeledirge|Hex|p1a: Houndstone\n|-supereffective|p1a: Houndstone\n|-damage|p1a: Houndstone|38\/100\n|\n|-fieldend|move: Electric Terrain\n|upkeep\n|turn|15\n|\n|t:|1700925060\n|-terastallize|p2a: Skeledirge|Normal\n|move|p1a: Houndstone|Play Rough|p2a: Skeledirge\n|-damage|p2a: Skeledirge|67\/100\n|move|p2a: Skeledirge|Hex|p1a: Houndstone\n|-supereffective|p1a: Houndstone\n|-crit|p1a: Houndstone\n|-damage|p1a: Houndstone|0 fnt\n|faint|p1a: Houndstone\n|\n|upkeep\n|\n|t:|1700925069\n|switch|p1a: Mandibuzz|Mandibuzz, F|100\/100\n|turn|16\n|\n|t:|1700925074\n|switch|p2a: Moltres|Moltres|94\/100 tox\n|move|p1a: Mandibuzz|Toxic|p2a: Moltres\n|-fail|p2a: Moltres|tox\n|\n|-damage|p2a: Moltres|88\/100 tox|[from] psn\n|upkeep\n|turn|17\n|\n|t:|1700925082\n|move|p2a: Moltres|U-turn|p1a: Mandibuzz\n|-damage|p1a: Mandibuzz|92\/100\n|\n|t:|1700925089\n|switch|p2a: Blissey|Blissey, F|100\/100|[from] U-turn\n|move|p1a: Mandibuzz|Knock Off|p2a: Blissey\n|-damage|p2a: Blissey|57\/100\n|-enditem|p2a: Blissey|Heavy-Duty Boots|[from] move: Knock Off|[of] p1a: Mandibuzz\n|\n|-heal|p1a: Mandibuzz|98\/100|[from] item: Leftovers\n|upkeep\n|turn|18\n|\n|t:|1700925103\n|move|p1a: Mandibuzz|Knock Off|p2a: Blissey\n|-damage|p2a: Blissey|29\/100\n|move|p2a: Blissey|Stealth Rock|p1a: Mandibuzz\n|-sidestart|p1: Cerecedo|move: Stealth Rock\n|\n|-heal|p1a: Mandibuzz|100\/100|[from] item: Leftovers\n|upkeep\n|turn|19\n|\n|t:|1700925109\n|move|p1a: Mandibuzz|Knock Off|p2a: Blissey\n|-damage|p2a: Blissey|0 fnt\n|faint|p2a: Blissey\n|\n|upkeep\n|\n|t:|1700925117\n|switch|p2a: Miraidon|Miraidon|76\/100\n|-fieldstart|move: Electric Terrain|[from] ability: Hadron Engine|[of] p2a: Miraidon\n|turn|20\n|\n|t:|1700925131\n|-terastallize|p1a: Mandibuzz|Ground\n|move|p2a: Miraidon|Electro Drift|p1a: Mandibuzz\n|-immune|p1a: Mandibuzz\n|move|p1a: Mandibuzz|Toxic|p2a: Miraidon\n|-status|p2a: Miraidon|tox\n|\n|-damage|p2a: Miraidon|70\/100 tox|[from] psn\n|upkeep\n|turn|21\n|\n|t:|1700925142\n|switch|p2a: Calyrex|Calyrex-Ice|100\/100\n|-ability|p2a: Calyrex|As One\n|-ability|p2a: Calyrex|Unnerve\n|switch|p1a: Zacian|Zacian-Crowned|100\/100\n|-damage|p1a: Zacian|94\/100|[from] Stealth Rock\n|\n|upkeep\n|turn|22\n|\n|t:|1700925153\n|move|p1a: Zacian|Behemoth Blade|p2a: Calyrex\n|-supereffective|p2a: Calyrex\n|-damage|p2a: Calyrex|29\/100\n|move|p2a: Calyrex|High Horsepower|p1a: Zacian\n|-supereffective|p1a: Zacian\n|-damage|p1a: Zacian|15\/100\n|\n|upkeep\n|turn|23\n|\n|t:|1700925166\n|switch|p2a: Moltres|Moltres|88\/100 tox\n|move|p1a: Zacian|Behemoth Blade|p2a: Moltres\n|-resisted|p2a: Moltres\n|-damage|p2a: Moltres|67\/100 tox\n|\n|-damage|p2a: Moltres|61\/100 tox|[from] psn\n|upkeep\n|turn|24\n|\n|t:|1700925179\n|switch|p1a: Mandibuzz|Mandibuzz, F, tera:Ground|100\/100\n|-damage|p1a: Mandibuzz|94\/100|[from] Stealth Rock\n|move|p2a: Moltres|Burning Jealousy|p1a: Mandibuzz\n|-damage|p1a: Mandibuzz|69\/100\n|\n|-heal|p1a: Mandibuzz|75\/100|[from] item: Leftovers\n|-damage|p2a: Moltres|48\/100 tox|[from] psn\n|-fieldend|move: Electric Terrain\n|upkeep\n|turn|25\n|\n|t:|1700925192\n|switch|p2a: Miraidon|Miraidon|70\/100 tox\n|-fieldstart|move: Electric Terrain|[from] ability: Hadron Engine|[of] p2a: Miraidon\n|move|p1a: Mandibuzz|Defog|p2a: Miraidon\n|-unboost|p2a: Miraidon|evasion|1\n|-sideend|p2: hoenn militian|Stealth Rock|[from] move: Defog|[of] p1a: Mandibuzz\n|-sideend|p1: Cerecedo|Stealth Rock|[from] move: Defog|[of] p1a: Mandibuzz\n|-fieldend|move: Electric Terrain\n|\n|-heal|p1a: Mandibuzz|81\/100|[from] item: Leftovers\n|-damage|p2a: Miraidon|64\/100 tox|[from] psn\n|upkeep\n|turn|26\n|\n|t:|1700925203\n|switch|p1a: Zacian|Zacian-Crowned|15\/100\n|move|p2a: Miraidon|Dragon Pulse|p1a: Zacian\n|-immune|p1a: Zacian\n|\n|-damage|p2a: Miraidon|51\/100 tox|[from] psn\n|upkeep\n|turn|27\n|\n|t:|1700925210\n|switch|p1a: Mandibuzz|Mandibuzz, F, tera:Ground|81\/100\n|switch|p2a: Moltres|Moltres|48\/100 tox\n|\n|-heal|p1a: Mandibuzz|87\/100|[from] item: Leftovers\n|-damage|p2a: Moltres|42\/100 tox|[from] psn\n|upkeep\n|turn|28\n|\n|t:|1700925219\n|move|p2a: Moltres|Roost|p2a: Moltres\n|-heal|p2a: Moltres|92\/100 tox\n|-singleturn|p2a: Moltres|move: Roost\n|move|p1a: Mandibuzz|Knock Off|p2a: Moltres\n|-damage|p2a: Moltres|75\/100 tox\n|-enditem|p2a: Moltres|Heavy-Duty Boots|[from] move: Knock Off|[of] p1a: Mandibuzz\n|\n|-heal|p1a: Mandibuzz|93\/100|[from] item: Leftovers\n|-damage|p2a: Moltres|63\/100 tox|[from] psn\n|upkeep\n|turn|29\n|\n|t:|1700925232\n|move|p2a: Moltres|Burning Jealousy|p1a: Mandibuzz\n|-damage|p1a: Mandibuzz|68\/100\n|move|p1a: Mandibuzz|Knock Off|p2a: Moltres\n|-damage|p2a: Moltres|53\/100 tox\n|\n|-heal|p1a: Mandibuzz|75\/100|[from] item: Leftovers\n|-damage|p2a: Moltres|34\/100 tox|[from] psn\n|upkeep\n|turn|30\n|\n|t:|1700925241\n|move|p2a: Moltres|Roost|p2a: Moltres\n|-heal|p2a: Moltres|84\/100 tox\n|-singleturn|p2a: Moltres|move: Roost\n|move|p1a: Mandibuzz|Knock Off|p2a: Moltres\n|-damage|p2a: Moltres|72\/100 tox\n|\n|-heal|p1a: Mandibuzz|81\/100|[from] item: Leftovers\n|-damage|p2a: Moltres|47\/100 tox|[from] psn\n|upkeep\n|turn|31\n|\n|t:|1700925252\n|move|p2a: Moltres|U-turn|p1a: Mandibuzz\n|-damage|p1a: Mandibuzz|73\/100\n|\n|t:|1700925260\n|switch|p2a: Grimmsnarl|Grimmsnarl, M|75\/100|[from] U-turn\n|move|p1a: Mandibuzz|Knock Off|p2a: Grimmsnarl\n|-resisted|p2a: Grimmsnarl\n|-damage|p2a: Grimmsnarl|68\/100\n|-enditem|p2a: Grimmsnarl|Heavy-Duty Boots|[from] move: Knock Off|[of] p1a: Mandibuzz\n|\n|-heal|p1a: Mandibuzz|79\/100|[from] item: Leftovers\n|upkeep\n|turn|32\n|\n|t:|1700925271\n|move|p1a: Mandibuzz|Toxic|p2a: Grimmsnarl\n|-status|p2a: Grimmsnarl|tox\n|move|p2a: Grimmsnarl|Spirit Break|p1a: Mandibuzz\n|-damage|p1a: Mandibuzz|62\/100\n|-unboost|p1a: Mandibuzz|spa|1\n|\n|-heal|p1a: Mandibuzz|68\/100|[from] item: Leftovers\n|-damage|p2a: Grimmsnarl|62\/100 tox|[from] psn\n|upkeep\n|turn|33\n|\n|t:|1700925282\n|move|p2a: Grimmsnarl|Parting Shot|p1a: Mandibuzz\n|-unboost|p1a: Mandibuzz|atk|1\n|-unboost|p1a: Mandibuzz|spa|1\n|\n|t:|1700925286\n|switch|p2a: Calyrex|Calyrex-Ice|29\/100|[from] Parting Shot\n|-ability|p2a: Calyrex|As One\n|-ability|p2a: Calyrex|Unnerve\n|move|p1a: Mandibuzz|Roost|p1a: Mandibuzz\n|-heal|p1a: Mandibuzz|100\/100\n|\n|upkeep\n|turn|34\n|\n|t:|1700925298\n|move|p1a: Mandibuzz|Toxic|p2a: Calyrex\n|-status|p2a: Calyrex|tox\n|move|p2a: Calyrex|Glacial Lance|p1a: Mandibuzz\n|-supereffective|p1a: Mandibuzz\n|-damage|p1a: Mandibuzz|4\/100\n|\n|-heal|p1a: Mandibuzz|10\/100|[from] item: Leftovers\n|-damage|p2a: Calyrex|23\/100 tox|[from] psn\n|upkeep\n|turn|35\n|\n|t:|1700925314\n|switch|p2a: Miraidon|Miraidon|51\/100 tox\n|-fieldstart|move: Electric Terrain|[from] ability: Hadron Engine|[of] p2a: Miraidon\n|move|p1a: Mandibuzz|Knock Off|p2a: Miraidon\n|-damage|p2a: Miraidon|35\/100 tox\n|-enditem|p2a: Miraidon|Heavy-Duty Boots|[from] move: Knock Off|[of] p1a: Mandibuzz\n|\n|-heal|p1a: Mandibuzz|17\/100|[from] item: Leftovers\n|-damage|p2a: Miraidon|29\/100 tox|[from] psn\n|upkeep\n|turn|36\n|\n|t:|1700925328\n|move|p2a: Miraidon|U-turn|p1a: Mandibuzz\n|-damage|p1a: Mandibuzz|9\/100\n|-message|hoenn militian forfeited.\n|\n|win|Cerecedo\n|raw|Cerecedo's rating: 1705 &rarr; <strong>1731<\/strong><br \/>(+26 for winning)\n|raw|hoenn militian's rating: 1807 &rarr; <strong>1781<\/strong><br \/>(-26 for losing)\n|l|\u2606hoenn militian\n|l|\u2606Cerecedo\n","uploadtime":1700925412,"views":1,"p1id":"cerecedo","p2id":"hoennmilitian","formatid":"gen9anythinggoes","rating":1731,"private":0,"password":""}