{"id":"gen9anythinggoes-1974682990","p1":"noreznov","p2":"hrrehahrea","format":"[Gen 9] Anything Goes","log":"|j|\u2606noreznov\n|j|\u2606hrrehahrea\n|t:|1698110100\n|gametype|singles\n|player|p1|noreznov|101|1044\n|player|p2|hrrehahrea|2|1000\n|teamsize|p1|6\n|teamsize|p2|1\n|gen|9\n|tier|[Gen 9] Anything Goes\n|rated|\n|rule|HP Percentage Mod: HP is shown in percentages\n|rule|Endless Battle Clause: Forcing endless battles is banned\n|clearpoke\n|poke|p1|Arceus-Poison|\n|poke|p1|Mewtwo|\n|poke|p1|Charizard, M|\n|poke|p1|Rayquaza|\n|poke|p1|Snorlax, M|\n|poke|p1|Maushold-Four|\n|poke|p2|Garganacl, M|\n|teampreview\n|\n|t:|1698110106\n|start\n|switch|p1a: Maushold|Maushold-Four, shiny|100\/100\n|switch|p2a: Garganacl|Garganacl, M, shiny|100\/100\n|turn|1\n|\n|t:|1698110113\n|move|p1a: Maushold|Population Bomb|p2a: Garganacl\n|-resisted|p2a: Garganacl\n|-crit|p2a: Garganacl\n|-damage|p2a: Garganacl|98\/100\n|-resisted|p2a: Garganacl\n|-crit|p2a: Garganacl\n|-damage|p2a: Garganacl|95\/100\n|-resisted|p2a: Garganacl\n|-damage|p2a: Garganacl|93\/100\n|-resisted|p2a: Garganacl\n|-damage|p2a: Garganacl|91\/100\n|-resisted|p2a: Garganacl\n|-damage|p2a: Garganacl|89\/100\n|-resisted|p2a: Garganacl\n|-damage|p2a: Garganacl|87\/100\n|-resisted|p2a: Garganacl\n|-damage|p2a: Garganacl|84\/100\n|-resisted|p2a: Garganacl\n|-damage|p2a: Garganacl|82\/100\n|-resisted|p2a: Garganacl\n|-damage|p2a: Garganacl|80\/100\n|-resisted|p2a: Garganacl\n|-damage|p2a: Garganacl|78\/100\n|-hitcount|p2a: Garganacl|10\n|move|p2a: Garganacl|Iron Defense|p2a: Garganacl\n|-boost|p2a: Garganacl|def|2\n|\n|-heal|p2a: Garganacl|84\/100|[from] item: Leftovers\n|upkeep\n|turn|2\n|\n|t:|1698110134\n|move|p1a: Maushold|Population Bomb|p2a: Garganacl\n|-resisted|p2a: Garganacl\n|-damage|p2a: Garganacl|83\/100\n|-resisted|p2a: Garganacl\n|-damage|p2a: Garganacl|82\/100\n|-resisted|p2a: Garganacl\n|-damage|p2a: Garganacl|81\/100\n|-resisted|p2a: Garganacl\n|-damage|p2a: Garganacl|80\/100\n|-resisted|p2a: Garganacl\n|-damage|p2a: Garganacl|79\/100\n|-hitcount|p2a: Garganacl|5\n|move|p2a: Garganacl|Iron Defense|p2a: Garganacl\n|-boost|p2a: Garganacl|def|2\n|\n|-heal|p2a: Garganacl|85\/100|[from] item: Leftovers\n|upkeep\n|turn|3\n|\n|t:|1698110154\n|switch|p1a: murder|Arceus-Poison, shiny|100\/100\n|move|p2a: Garganacl|Iron Defense|p2a: Garganacl\n|-boost|p2a: Garganacl|def|2\n|\n|-heal|p2a: Garganacl|91\/100|[from] item: Leftovers\n|upkeep\n|turn|4\n|\n|t:|1698110163\n|move|p1a: murder|Draco Meteor|p2a: Garganacl\n|-damage|p2a: Garganacl|65\/100\n|-unboost|p1a: murder|spa|2\n|move|p2a: Garganacl|Salt Cure|p1a: murder\n|-damage|p1a: murder|91\/100\n|-start|p1a: murder|Salt Cure\n|\n|-heal|p2a: Garganacl|71\/100|[from] item: Leftovers\n|-damage|p1a: murder|78\/100|[from] Salt Cure\n|upkeep\n|turn|5\n|\n|t:|1698110173\n|move|p1a: murder|Draco Meteor|p2a: Garganacl\n|-damage|p2a: Garganacl|58\/100\n|-unboost|p1a: murder|spa|2\n|move|p2a: Garganacl|Body Press|p1a: murder\n|-resisted|p1a: murder\n|-damage|p1a: murder|49\/100\n|\n|-heal|p2a: Garganacl|64\/100|[from] item: Leftovers\n|-damage|p1a: murder|36\/100|[from] Salt Cure\n|upkeep\n|turn|6\n|\n|t:|1698110189\n|-terastallize|p1a: murder|Poison\n|move|p1a: murder|Draco Meteor|p2a: Garganacl\n|-damage|p2a: Garganacl|56\/100\n|-unboost|p1a: murder|spa|2\n|move|p2a: Garganacl|Recover|p2a: Garganacl\n|-heal|p2a: Garganacl|100\/100\n|\n|-damage|p1a: murder|24\/100|[from] Salt Cure\n|upkeep\n|turn|7\n|\n|t:|1698110201\n|switch|p1a: Ray|Rayquaza, shiny|100\/100\n|-ability|p1a: Ray|Air Lock\n|move|p2a: Garganacl|Body Press|p1a: Ray\n|-resisted|p1a: Ray\n|-damage|p1a: Ray|56\/100\n|\n|upkeep\n|turn|8\n|\n|t:|1698110211\n|move|p1a: Ray|Air Slash|p2a: Garganacl\n|-resisted|p2a: Garganacl\n|-damage|p2a: Garganacl|87\/100\n|cant|p2a: Garganacl|flinch\n|\n|-heal|p2a: Garganacl|94\/100|[from] item: Leftovers\n|upkeep\n|turn|9\n|\n|t:|1698110219\n|move|p2a: Garganacl|Salt Cure|p1a: Ray\n|-supereffective|p1a: Ray\n|-damage|p1a: Ray|28\/100\n|-start|p1a: Ray|Salt Cure\n|move|p1a: Ray|Dragon Tail|p2a: Garganacl\n|-damage|p2a: Garganacl|88\/100\n|\n|-heal|p2a: Garganacl|94\/100|[from] item: Leftovers\n|-damage|p1a: Ray|15\/100|[from] Salt Cure\n|upkeep\n|turn|10\n|\n|t:|1698110231\n|move|p1a: Ray|Outrage|p2a: Garganacl\n|-damage|p2a: Garganacl|83\/100\n|move|p2a: Garganacl|Salt Cure|p1a: Ray\n|-supereffective|p1a: Ray\n|-damage|p1a: Ray|0 fnt\n|faint|p1a: Ray\n|\n|-heal|p2a: Garganacl|89\/100|[from] item: Leftovers\n|upkeep\n|\n|t:|1698110240\n|switch|p1a: Char|Charizard, M, shiny|100\/100\n|turn|11\n|\n|t:|1698110247\n|move|p1a: Char|Blast Burn|p2a: Garganacl\n|-resisted|p2a: Garganacl\n|-damage|p2a: Garganacl|69\/100\n|-mustrecharge|p1a: Char\n|move|p2a: Garganacl|Salt Cure|p1a: Char\n|-supereffective|p1a: Char\n|-damage|p1a: Char|38\/100\n|-start|p1a: Char|Salt Cure\n|\n|-heal|p2a: Garganacl|75\/100|[from] item: Leftovers\n|-damage|p1a: Char|26\/100|[from] Salt Cure\n|upkeep\n|turn|12\n|\n|t:|1698110261\n|cant|p1a: Char|recharge\n|move|p2a: Garganacl|Body Press|p1a: Char\n|-resisted|p1a: Char\n|-damage|p1a: Char|0 fnt\n|faint|p1a: Char\n|\n|-heal|p2a: Garganacl|82\/100|[from] item: Leftovers\n|upkeep\n|\n|t:|1698110270\n|switch|p1a: Snorlax|Snorlax, M, shiny|100\/100\n|turn|13\n|\n|t:|1698110276\n|move|p1a: Snorlax|Hyper Beam|p2a: Garganacl\n|-resisted|p2a: Garganacl\n|-damage|p2a: Garganacl|69\/100\n|-mustrecharge|p1a: Snorlax\n|move|p2a: Garganacl|Body Press|p1a: Snorlax\n|-supereffective|p1a: Snorlax\n|-damage|p1a: Snorlax|0 fnt\n|faint|p1a: Snorlax\n|\n|-heal|p2a: Garganacl|75\/100|[from] item: Leftovers\n|upkeep\n|\n|t:|1698110284\n|switch|p1a: mewn|Mewtwo, shiny|100\/100\n|-ability|p1a: mewn|Pressure\n|turn|14\n|\n|t:|1698110298\n|-terastallize|p2a: Garganacl|Ghost\n|move|p1a: mewn|Psystrike|p2a: Garganacl\n|-damage|p2a: Garganacl|66\/100\n|move|p2a: Garganacl|Salt Cure|p1a: mewn\n|-damage|p1a: mewn|89\/100\n|-start|p1a: mewn|Salt Cure\n|\n|-heal|p2a: Garganacl|73\/100|[from] item: Leftovers\n|-damage|p1a: mewn|76\/100|[from] Salt Cure\n|upkeep\n|turn|15\n|\n|t:|1698110309\n|move|p1a: mewn|Confusion|p2a: Garganacl\n|-damage|p2a: Garganacl|55\/100\n|move|p2a: Garganacl|Recover|p2a: Garganacl\n|-heal|p2a: Garganacl|100\/100\n|\n|-damage|p1a: mewn|64\/100|[from] Salt Cure\n|upkeep\n|turn|16\n|\n|t:|1698110323\n|switch|p1a: Maushold|Maushold-Four, shiny|100\/100\n|move|p2a: Garganacl|Body Press|p1a: Maushold\n|-supereffective|p1a: Maushold\n|-damage|p1a: Maushold|0 fnt\n|faint|p1a: Maushold\n|\n|upkeep\n|\n|t:|1698110331\n|switch|p1a: murder|Arceus-Poison, shiny, tera:Poison|24\/100\n|turn|17\n|\n|t:|1698110338\n|move|p1a: murder|Solar Beam||[still]\n|-prepare|p1a: murder|Solar Beam\n|move|p2a: Garganacl|Salt Cure|p1a: murder\n|-crit|p1a: murder\n|-damage|p1a: murder|10\/100\n|-start|p1a: murder|Salt Cure\n|\n|-damage|p1a: murder|0 fnt|[from] Salt Cure\n|faint|p1a: murder\n|upkeep\n|\n|t:|1698110351\n|switch|p1a: mewn|Mewtwo, shiny|64\/100\n|-ability|p1a: mewn|Pressure\n|turn|18\n|\n|t:|1698110364\n|move|p1a: mewn|Shadow Ball|p2a: Garganacl\n|-supereffective|p2a: Garganacl\n|-damage|p2a: Garganacl|83\/100\n|move|p2a: Garganacl|Salt Cure|p1a: mewn\n|-damage|p1a: mewn|50\/100\n|-start|p1a: mewn|Salt Cure\n|\n|-heal|p2a: Garganacl|89\/100|[from] item: Leftovers\n|-damage|p1a: mewn|38\/100|[from] Salt Cure\n|upkeep\n|turn|19\n|\n|t:|1698110378\n|move|p1a: mewn|Psycho Cut|p2a: Garganacl\n|-damage|p2a: Garganacl|84\/100\n|move|p2a: Garganacl|Body Press|p1a: mewn\n|-resisted|p1a: mewn\n|-damage|p1a: mewn|0 fnt\n|faint|p1a: mewn\n|\n|win|hrrehahrea\n|raw|noreznov's rating: 1044 &rarr; <strong>1025<\/strong><br \/>(-19 for losing)\n|raw|hrrehahrea's rating: 1000 &rarr; <strong>1045<\/strong><br \/>(+45 for winning)\n","uploadtime":1698110387,"views":9,"p1id":"noreznov","p2id":"hrrehahrea","formatid":"gen9anythinggoes","rating":1025,"private":0,"password":""}