{"id":"gen9anythinggoes-1983959149","p1":"puddingss","p2":"xinnobu","format":"[Gen 9] Anything Goes","log":"|j|\u203dpuddingss\n|j|\u2606xinnobu\n|t:|1699204236\n|gametype|singles\n|player|p1|puddingss|steven|1709\n|player|p2|xinnobu|elesa-gen5bw2|1605\n|teamsize|p1|6\n|teamsize|p2|6\n|gen|9\n|tier|[Gen 9] Anything Goes\n|rated|\n|rule|HP Percentage Mod: HP is shown in percentages\n|rule|Endless Battle Clause: Forcing endless battles is banned\n|clearpoke\n|poke|p1|Arceus|\n|poke|p1|Calyrex-Ice|\n|poke|p1|Arceus-Fairy|\n|poke|p1|Ursaluna-Bloodmoon, M|\n|poke|p1|Cresselia, F|\n|poke|p1|Rayquaza|\n|poke|p2|Miraidon|\n|poke|p2|Miraidon|\n|poke|p2|Miraidon|\n|poke|p2|Koraidon|\n|poke|p2|Koraidon|\n|poke|p2|Koraidon|\n|teampreview\n|inactive|Battle timer is ON: inactive players will automatically lose when time's up. (requested by puddingss)\n|\n|t:|1699204244\n|start\n|switch|p1a: Rayquaza|Rayquaza|100\/100\n|switch|p2a: Miraidon|Miraidon|100\/100\n|-fieldstart|move: Electric Terrain|[from] ability: Hadron Engine|[of] p2a: Miraidon\n|-ability|p1a: Rayquaza|Air Lock\n|turn|1\n|\n|t:|1699204252\n|move|p2a: Miraidon|Reflect|p2a: Miraidon\n|-sidestart|p2: xinnobu|Reflect\n|move|p1a: Rayquaza|Stealth Rock|p2a: Miraidon\n|-sidestart|p2: xinnobu|move: Stealth Rock\n|\n|upkeep\n|turn|2\n|\n|t:|1699204258\n|move|p2a: Miraidon|Light Screen|p2a: Miraidon\n|-sidestart|p2: xinnobu|move: Light Screen\n|move|p1a: Rayquaza|Dragon Ascent|p2a: Miraidon\n|-resisted|p2a: Miraidon\n|-damage|p2a: Miraidon|86\/100\n|-unboost|p1a: Rayquaza|def|1\n|-unboost|p1a: Rayquaza|spd|1\n|\n|upkeep\n|turn|3\n|\n|t:|1699204265\n|move|p2a: Miraidon|Taunt|p1a: Rayquaza\n|-start|p1a: Rayquaza|move: Taunt\n|move|p1a: Rayquaza|Earth Power|p2a: Miraidon\n|-supereffective|p2a: Miraidon\n|-damage|p2a: Miraidon|62\/100\n|\n|upkeep\n|turn|4\n|\n|t:|1699204273\n|switch|p2a: Koraidon|Koraidon|100\/100\n|-damage|p2a: Koraidon|94\/100|[from] Stealth Rock\n|-weather|SunnyDay|[from] ability: Orichalcum Pulse|[of] p2a: Koraidon\n|-activate|p2a: Koraidon|Orichalcum Pulse|[source]\n|switch|p1a: Arceus|Arceus-Fairy|100\/100\n|\n|-weather|SunnyDay|[upkeep]\n|upkeep\n|turn|5\n|\n|t:|1699204282\n|move|p2a: Koraidon|Taunt|p1a: Arceus\n|-start|p1a: Arceus|move: Taunt\n|cant|p1a: Arceus|move: Taunt|Trick Room\n|\n|-weather|SunnyDay|[upkeep]\n|-fieldend|move: Electric Terrain\n|upkeep\n|turn|6\n|\n|t:|1699204288\n|move|p2a: Koraidon|Swords Dance|p2a: Koraidon\n|-boost|p2a: Koraidon|atk|2\n|move|p1a: Arceus|Judgment|p2a: Koraidon\n|-supereffective|p2a: Koraidon\n|-damage|p2a: Koraidon|0 fnt\n|faint|p2a: Koraidon\n|\n|-weather|SunnyDay|[upkeep]\n|upkeep\n|\n|t:|1699204302\n|switch|p2a: Miraidon|Miraidon|100\/100\n|-damage|p2a: Miraidon|88\/100|[from] Stealth Rock\n|-fieldstart|move: Electric Terrain|[from] ability: Hadron Engine|[of] p2a: Miraidon\n|turn|7\n|\n|t:|1699204308\n|switch|p1a: Ursaluna|Ursaluna-Bloodmoon, M|100\/100\n|move|p2a: Miraidon|Calm Mind|p2a: Miraidon\n|-boost|p2a: Miraidon|spa|1\n|-boost|p2a: Miraidon|spd|1\n|\n|-weather|SunnyDay|[upkeep]\n|upkeep\n|turn|8\n|\n|t:|1699204314\n|-terastallize|p2a: Miraidon|Fairy\n|move|p2a: Miraidon|Dazzling Gleam|p1a: Ursaluna\n|-damage|p1a: Ursaluna|0 fnt\n|faint|p1a: Ursaluna\n|-damage|p2a: Miraidon|78\/100|[from] item: Life Orb\n|\n|-weather|none\n|-sideend|p2: xinnobu|Reflect\n|upkeep\n|\n|t:|1699204324\n|switch|p1a: Arceus|Arceus|100\/100\n|turn|9\n|\n|t:|1699204327\n|move|p2a: Miraidon|Parabolic Charge|p1a: Arceus\n|-damage|p1a: Arceus|32\/100\n|-heal|p2a: Miraidon|100\/100|[from] drain|[of] p1a: Arceus\n|-damage|p2a: Miraidon|91\/100|[from] item: Life Orb\n|move|p1a: Arceus|Trick Room|p1a: Arceus\n|-fieldstart|move: Trick Room|[of] p1a: Arceus\n|\n|-sideend|p2: xinnobu|move: Light Screen\n|upkeep\n|turn|10\n|\n|t:|1699204334\n|move|p1a: Arceus|Healing Wish|p1a: Arceus\n|faint|p1a: Arceus\n|move|p2a: Miraidon|Parabolic Charge|p1: Arceus|[notarget]\n|-fail|p2a: Miraidon\n|\n|upkeep\n|\n|t:|1699204336\n|switch|p1a: Calyrex|Calyrex-Ice|100\/100\n|-ability|p1a: Calyrex|As One\n|-ability|p1a: Calyrex|Unnerve\n|turn|11\n|\n|t:|1699204348\n|switch|p2a: Miraidon|Miraidon|100\/100\n|-damage|p2a: Miraidon|88\/100|[from] Stealth Rock\n|-activate|p2a: Miraidon|ability: Hadron Engine\n|-terastallize|p1a: Calyrex|Ice\n|move|p1a: Calyrex|Glacial Lance|p2a: Miraidon\n|-supereffective|p2a: Miraidon\n|-damage|p2a: Miraidon|0 fnt\n|faint|p2a: Miraidon\n|-ability|p1a: Calyrex|Chilling Neigh|boost\n|-boost|p1a: Calyrex|atk|1\n|\n|-fieldend|move: Electric Terrain\n|upkeep\n|\n|t:|1699204365\n|switch|p2a: Koraidon|Koraidon|100\/100\n|-damage|p2a: Koraidon|94\/100|[from] Stealth Rock\n|-weather|SunnyDay|[from] ability: Orichalcum Pulse|[of] p2a: Koraidon\n|-activate|p2a: Koraidon|Orichalcum Pulse|[source]\n|turn|12\n|\n|t:|1699204370\n|move|p1a: Calyrex|Glacial Lance|p2a: Koraidon\n|-supereffective|p2a: Koraidon\n|-damage|p2a: Koraidon|0 fnt\n|faint|p2a: Koraidon\n|-ability|p1a: Calyrex|Chilling Neigh|boost\n|-boost|p1a: Calyrex|atk|1\n|\n|-weather|SunnyDay|[upkeep]\n|upkeep\n|\n|t:|1699204379\n|switch|p2a: Miraidon|Miraidon, tera:Fairy|91\/100\n|-damage|p2a: Miraidon|78\/100|[from] Stealth Rock\n|-fieldstart|move: Electric Terrain|[from] ability: Hadron Engine|[of] p2a: Miraidon\n|turn|13\n|j| AGisgood\u82cd\u54cd\u4fa0\n|\n|t:|1699204383\n|switch|p1a: Rayquaza|Rayquaza|100\/100\n|-ability|p1a: Rayquaza|Air Lock\n|move|p2a: Miraidon|Agility|p2a: Miraidon\n|-boost|p2a: Miraidon|spe|2\n|\n|-weather|SunnyDay|[upkeep]\n|-fieldend|move: Trick Room\n|upkeep\n|turn|14\n|\n|t:|1699204392\n|move|p2a: Miraidon|Dazzling Gleam|p1a: Rayquaza\n|-supereffective|p1a: Rayquaza\n|-enditem|p1a: Rayquaza|Focus Sash\n|-damage|p1a: Rayquaza|1\/100\n|-damage|p2a: Miraidon|68\/100|[from] item: Life Orb\n|move|p1a: Rayquaza|Dragon Ascent|p2a: Miraidon\n|-damage|p2a: Miraidon|11\/100\n|-unboost|p1a: Rayquaza|def|1\n|-unboost|p1a: Rayquaza|spd|1\n|\n|-weather|SunnyDay|[upkeep]\n|upkeep\n|turn|15\n|c| AGisgood\u82cd\u54cd\u4fa0|\u6709\u795e\u901f\n|\n|t:|1699204402\n|move|p2a: Miraidon|Parabolic Charge|p1a: Rayquaza\n|-damage|p1a: Rayquaza|0 fnt\n|-heal|p2a: Miraidon|12\/100|[from] drain|[of] p1a: Rayquaza\n|faint|p1a: Rayquaza\n|-damage|p2a: Miraidon|2\/100|[from] item: Life Orb\n|\n|-weather|SunnyDay|[upkeep]\n|upkeep\n|\n|t:|1699204406\n|switch|p1a: Cresselia|Cresselia, F|100\/100\n|turn|16\n|c| AGisgood\u82cd\u54cd\u4fa0|6\n|\n|t:|1699204419\n|move|p2a: Miraidon|Parabolic Charge|p1a: Cresselia\n|-damage|p1a: Cresselia|47\/100\n|-heal|p2a: Miraidon|33\/100|[from] drain|[of] p1a: Cresselia\n|-damage|p2a: Miraidon|23\/100|[from] item: Life Orb\n|move|p1a: Cresselia|Trick Room|p1a: Cresselia\n|-fieldstart|move: Trick Room|[of] p1a: Cresselia\n|\n|-weather|none\n|upkeep\n|turn|17\n|\n|t:|1699204427\n|move|p1a: Cresselia|Lunar Dance|p1a: Cresselia\n|faint|p1a: Cresselia\n|move|p2a: Miraidon|Parabolic Charge|p1: Cresselia|[notarget]\n|-fail|p2a: Miraidon\n|\n|-fieldend|move: Electric Terrain\n|upkeep\n|\n|t:|1699204429\n|switch|p1a: Calyrex|Calyrex-Ice, tera:Ice|100\/100\n|-ability|p1a: Calyrex|As One\n|-ability|p1a: Calyrex|Unnerve\n|-heal|p1a: Calyrex|100\/100|[from] move: Lunar Dance\n|turn|18\n|\n|t:|1699204439\n|move|p1a: Calyrex|Glacial Lance|p2a: Miraidon\n|-damage|p2a: Miraidon|0 fnt\n|faint|p2a: Miraidon\n|-ability|p1a: Calyrex|Chilling Neigh|boost\n|-boost|p1a: Calyrex|atk|1\n|\n|upkeep\n|-message|xinnobu forfeited.\n|\n|win|puddingss\n|raw|puddingss's rating: 1734 &rarr; <strong>1747<\/strong><br \/>(+13 for winning)\n|raw|xinnobu's rating: 1605 &rarr; <strong>1592<\/strong><br \/>(-13 for losing)\n|l|\u2606xinnobu\n|l| AGisgood\u82cd\u54cd\u4fa0\n","uploadtime":1699204495,"views":3,"p1id":"puddingss","p2id":"xinnobu","formatid":"gen9anythinggoes","rating":1592,"private":0,"password":""}