{"id":"gen9anythinggoes-1997116695","p1":"Mario Flare","p2":"Dave1200","format":"[Gen 9] Anything Goes","log":"|j|\u2606Mario Flare\n|j|\u2606Dave1200\n|t:|1700766172\n|gametype|singles\n|player|p1|Mario Flare|2|\n|player|p2|Dave1200|cyrus|\n|teamsize|p1|6\n|teamsize|p2|6\n|gen|9\n|tier|[Gen 9] Anything Goes\n|rule|HP Percentage Mod: HP is shown in percentages\n|rule|Endless Battle Clause: Forcing endless battles is banned\n|clearpoke\n|poke|p1|Klefki, M|\n|poke|p1|Weavile, F|\n|poke|p1|Clodsire, F|\n|poke|p1|Haxorus, M|\n|poke|p1|Vikavolt, M|\n|poke|p1|Quaquaval, M|\n|poke|p2|Weezing, F|\n|poke|p2|Infernape, F|\n|poke|p2|Iron Treads|\n|poke|p2|Avalugg, M|\n|poke|p2|Greninja-*, F|\n|poke|p2|Goodra, F|\n|teampreview\n|inactive|Battle timer is ON: inactive players will automatically lose when time's up. (requested by Mario Flare)\n|inactiveoff|Battle timer is now OFF.\n|\n|t:|1700766218\n|start\n|switch|p1a: Haxhan92|Vikavolt, M, shiny|100\/100\n|switch|p2a: Iron Treads|Iron Treads|100\/100\n|turn|1\n|\n|t:|1700766231\n|move|p2a: Iron Treads|Rapid Spin|p1a: Haxhan92\n|-crit|p1a: Haxhan92\n|-damage|p1a: Haxhan92|70\/100\n|-boost|p2a: Iron Treads|spe|1\n|move|p1a: Haxhan92|Sticky Web|p2a: Iron Treads\n|-sidestart|p2: Dave1200|move: Sticky Web\n|\n|-heal|p1a: Haxhan92|76\/100|[from] item: Leftovers\n|upkeep\n|turn|2\n|\n|t:|1700766245\n|move|p2a: Iron Treads|Rapid Spin|p1a: Haxhan92\n|-damage|p1a: Haxhan92|55\/100\n|-boost|p2a: Iron Treads|spe|1\n|-sideend|p2: Dave1200|Sticky Web|[from] move: Rapid Spin|[of] p2a: Iron Treads\n|move|p1a: Haxhan92|Energy Ball|p2a: Iron Treads\n|-damage|p2a: Iron Treads|52\/100\n|\n|-heal|p1a: Haxhan92|61\/100|[from] item: Leftovers\n|upkeep\n|turn|3\n|\n|t:|1700766261\n|-end|p2a: Iron Treads|Quark Drive|[silent]\n|switch|p2a: Goodra|Goodra, F|100\/100\n|move|p1a: Haxhan92|Mud Shot|p2a: Goodra\n|-damage|p2a: Goodra|92\/100\n|-unboost|p2a: Goodra|spe|1\n|\n|-heal|p1a: Haxhan92|67\/100|[from] item: Leftovers\n|upkeep\n|turn|4\n|\n|t:|1700766279\n|switch|p1a: Amy|Clodsire, F|100\/100\n|move|p2a: Goodra|Sludge Bomb|p1a: Amy\n|-resisted|p1a: Amy\n|-damage|p1a: Amy|97\/100\n|\n|-heal|p1a: Amy|100\/100|[from] item: Black Sludge\n|upkeep\n|turn|5\n|\n|t:|1700766286\n|switch|p2a: Weezing|Weezing, F, shiny|100\/100\n|move|p1a: Amy|Earthquake|p2a: Weezing\n|-immune|p2a: Weezing|[from] ability: Levitate\n|\n|upkeep\n|turn|6\n|\n|t:|1700766297\n|move|p2a: Weezing|Will-O-Wisp|p1a: Amy|[miss]\n|-miss|p2a: Weezing|p1a: Amy\n|move|p1a: Amy|Stealth Rock|p2a: Weezing\n|-sidestart|p2: Dave1200|move: Stealth Rock\n|\n|upkeep\n|turn|7\n|\n|t:|1700766310\n|move|p2a: Weezing|Will-O-Wisp|p1a: Amy|[miss]\n|-miss|p2a: Weezing|p1a: Amy\n|move|p1a: Amy|Earthquake|p2a: Weezing\n|-immune|p2a: Weezing|[from] ability: Levitate\n|\n|upkeep\n|turn|8\n|\n|t:|1700766321\n|move|p2a: Weezing|Will-O-Wisp|p1a: Amy\n|-status|p1a: Amy|brn\n|move|p1a: Amy|Toxic|p2a: Weezing\n|-immune|p2a: Weezing\n|\n|-damage|p1a: Amy|94\/100 brn|[from] brn\n|upkeep\n|turn|9\n|\n|t:|1700766350\n|switch|p2a: Iron Treads|Iron Treads|52\/100\n|-damage|p2a: Iron Treads|49\/100|[from] Stealth Rock\n|switch|p1a: Mario|Klefki, M, shiny|100\/100\n|\n|upkeep\n|turn|10\n|\n|t:|1700766361\n|move|p1a: Mario|Reflect|p1a: Mario\n|-sidestart|p1: Mario Flare|Reflect\n|move|p2a: Iron Treads|Rapid Spin|p1a: Mario\n|-resisted|p1a: Mario\n|-damage|p1a: Mario|96\/100\n|-boost|p2a: Iron Treads|spe|1\n|-sideend|p2: Dave1200|Stealth Rock|[from] move: Rapid Spin|[of] p2a: Iron Treads\n|\n|upkeep\n|turn|11\n|\n|t:|1700766373\n|switch|p1a: Domenik|Quaquaval, M|100\/100\n|move|p2a: Iron Treads|Earthquake|p1a: Domenik\n|-damage|p1a: Domenik|78\/100\n|\n|upkeep\n|turn|12\n|\n|t:|1700766380\n|move|p2a: Iron Treads|Volt Switch|p1a: Domenik\n|-supereffective|p1a: Domenik\n|-damage|p1a: Domenik|53\/100\n|\n|t:|1700766388\n|-end|p2a: Iron Treads|Quark Drive|[silent]\n|switch|p2a: Weezing|Weezing, F, shiny|100\/100|[from] Volt Switch\n|move|p1a: Domenik|Aqua Step|p2a: Weezing\n|-damage|p2a: Weezing|78\/100\n|-boost|p1a: Domenik|spe|1\n|\n|-heal|p2a: Weezing|84\/100|[from] item: Black Sludge\n|upkeep\n|turn|13\n|\n|t:|1700766401\n|switch|p1a: Amy|Clodsire, F|94\/100 brn\n|move|p2a: Weezing|Will-O-Wisp|p1a: Amy\n|-fail|p1a: Amy|brn\n|\n|-heal|p2a: Weezing|90\/100|[from] item: Black Sludge\n|-heal|p1a: Amy|100\/100 brn|[from] item: Black Sludge\n|-damage|p1a: Amy|94\/100 brn|[from] brn\n|upkeep\n|turn|14\n|\n|t:|1700766424\n|switch|p2a: Iron Treads|Iron Treads|49\/100\n|move|p1a: Amy|Stealth Rock|p2a: Iron Treads\n|-sidestart|p2: Dave1200|move: Stealth Rock\n|\n|-heal|p1a: Amy|100\/100 brn|[from] item: Black Sludge\n|-damage|p1a: Amy|94\/100 brn|[from] brn\n|upkeep\n|turn|15\n|\n|t:|1700766432\n|move|p2a: Iron Treads|Rapid Spin|p1a: Amy\n|-damage|p1a: Amy|83\/100 brn\n|-boost|p2a: Iron Treads|spe|1\n|-sideend|p2: Dave1200|Stealth Rock|[from] move: Rapid Spin|[of] p2a: Iron Treads\n|move|p1a: Amy|Earthquake|p2a: Iron Treads\n|-supereffective|p2a: Iron Treads\n|-damage|p2a: Iron Treads|26\/100\n|\n|-heal|p1a: Amy|90\/100 brn|[from] item: Black Sludge\n|-damage|p1a: Amy|83\/100 brn|[from] brn\n|upkeep\n|turn|16\n|\n|t:|1700766441\n|switch|p1a: Baki|Haxorus, M, shiny|100\/100\n|-ability|p1a: Baki|Mold Breaker\n|move|p2a: Iron Treads|Earthquake|p1a: Baki\n|-damage|p1a: Baki|66\/100\n|\n|upkeep\n|turn|17\n|\n|t:|1700766459\n|-end|p2a: Iron Treads|Quark Drive|[silent]\n|switch|p2a: Weezing|Weezing, F, shiny|90\/100\n|move|p1a: Baki|First Impression|p2a: Weezing\n|-resisted|p2a: Weezing\n|-damage|p2a: Weezing|77\/100\n|\n|-heal|p2a: Weezing|83\/100|[from] item: Black Sludge\n|-sideend|p1: Mario Flare|Reflect\n|upkeep\n|turn|18\n|\n|t:|1700766473\n|switch|p1a: Amy|Clodsire, F|83\/100 brn\n|move|p2a: Weezing|Gyro Ball|p1a: Amy\n|-damage|p1a: Amy|80\/100 brn\n|\n|-heal|p2a: Weezing|89\/100|[from] item: Black Sludge\n|-heal|p1a: Amy|86\/100 brn|[from] item: Black Sludge\n|-damage|p1a: Amy|80\/100 brn|[from] brn\n|upkeep\n|turn|19\n|\n|t:|1700766485\n|switch|p2a: Iron Treads|Iron Treads|26\/100\n|move|p1a: Amy|Earthquake|p2a: Iron Treads\n|-supereffective|p2a: Iron Treads\n|-damage|p2a: Iron Treads|3\/100\n|\n|-heal|p1a: Amy|86\/100 brn|[from] item: Black Sludge\n|-damage|p1a: Amy|80\/100 brn|[from] brn\n|upkeep\n|turn|20\n|\n|t:|1700766523\n|switch|p1a: Haxhan92|Vikavolt, M, shiny|67\/100\n|move|p2a: Iron Treads|Earthquake|p1a: Haxhan92\n|-immune|p1a: Haxhan92|[from] ability: Levitate\n|\n|-heal|p1a: Haxhan92|73\/100|[from] item: Leftovers\n|upkeep\n|turn|21\n|\n|t:|1700766534\n|move|p2a: Iron Treads|Rapid Spin|p1a: Haxhan92\n|-damage|p1a: Haxhan92|55\/100\n|-boost|p2a: Iron Treads|spe|1\n|move|p1a: Haxhan92|Discharge|p2a: Iron Treads\n|-immune|p2a: Iron Treads\n|\n|-heal|p1a: Haxhan92|61\/100|[from] item: Leftovers\n|upkeep\n|turn|22\n|\n|t:|1700766542\n|move|p2a: Iron Treads|Rapid Spin|p1a: Haxhan92\n|-damage|p1a: Haxhan92|40\/100\n|-boost|p2a: Iron Treads|spe|1\n|move|p1a: Haxhan92|Energy Ball|p2a: Iron Treads\n|-damage|p2a: Iron Treads|0 fnt\n|faint|p2a: Iron Treads\n|-end|p2a: Iron Treads|Quark Drive|[silent]\n|\n|-heal|p1a: Haxhan92|46\/100|[from] item: Leftovers\n|upkeep\n|\n|t:|1700766568\n|switch|p2a: Greninja|Greninja, F|100\/100\n|turn|23\n|\n|t:|1700766590\n|switch|p1a: Amy|Clodsire, F|80\/100 brn\n|move|p2a: Greninja|Ice Beam|p1a: Amy\n|-start|p2a: Greninja|typechange|Ice|[from] ability: Protean\n|-supereffective|p1a: Amy\n|-damage|p1a: Amy|6\/100 brn\n|\n|-heal|p1a: Amy|12\/100 brn|[from] item: Black Sludge\n|-damage|p1a: Amy|6\/100 brn|[from] brn\n|upkeep\n|turn|24\n|\n|t:|1700766601\n|switch|p1a: Mario|Klefki, M, shiny|96\/100\n|move|p2a: Greninja|Ice Beam|p1a: Mario\n|-resisted|p1a: Mario\n|-damage|p1a: Mario|63\/100\n|\n|upkeep\n|turn|25\n|\n|t:|1700766611\n|switch|p2a: Weezing|Weezing, F, shiny|89\/100\n|move|p1a: Mario|Thunder Wave|p2a: Weezing\n|-status|p2a: Weezing|par\n|\n|-heal|p2a: Weezing|95\/100 par|[from] item: Black Sludge\n|upkeep\n|turn|26\n|\n|t:|1700766624\n|move|p1a: Mario|Light Screen|p1a: Mario\n|-sidestart|p1: Mario Flare|move: Light Screen\n|move|p2a: Weezing|Thunderbolt|p1a: Mario\n|-damage|p1a: Mario|53\/100\n|\n|-heal|p2a: Weezing|100\/100 par|[from] item: Black Sludge\n|upkeep\n|turn|27\n|\n|t:|1700766634\n|move|p1a: Mario|Reflect|p1a: Mario\n|-sidestart|p1: Mario Flare|Reflect\n|move|p2a: Weezing|Will-O-Wisp|p1a: Mario\n|-status|p1a: Mario|brn\n|\n|-damage|p1a: Mario|47\/100 brn|[from] brn\n|upkeep\n|turn|28\n|\n|t:|1700766642\n|switch|p1a: Amy|Clodsire, F|6\/100 brn\n|cant|p2a: Weezing|par\n|\n|-heal|p1a: Amy|12\/100 brn|[from] item: Black Sludge\n|-damage|p1a: Amy|6\/100 brn|[from] brn\n|upkeep\n|turn|29\n|\n|t:|1700766655\n|move|p1a: Amy|Stealth Rock|p2a: Weezing\n|-sidestart|p2: Dave1200|move: Stealth Rock\n|move|p2a: Weezing|Gyro Ball|p1a: Amy\n|-damage|p1a: Amy|2\/100 brn\n|\n|-heal|p1a: Amy|8\/100 brn|[from] item: Black Sludge\n|-damage|p1a: Amy|2\/100 brn|[from] brn\n|upkeep\n|turn|30\n|\n|t:|1700766674\n|move|p1a: Amy|Recover|p1a: Amy\n|-heal|p1a: Amy|52\/100 brn\n|move|p2a: Weezing|Gyro Ball|p1a: Amy\n|-damage|p1a: Amy|47\/100 brn\n|\n|-heal|p1a: Amy|54\/100 brn|[from] item: Black Sludge\n|-damage|p1a: Amy|47\/100 brn|[from] brn\n|upkeep\n|turn|31\n|\n|t:|1700766696\n|switch|p1a: Haxhan92|Vikavolt, M, shiny|46\/100\n|switch|p2a: Greninja|Greninja, F|100\/100\n|-damage|p2a: Greninja|88\/100|[from] Stealth Rock\n|\n|-heal|p1a: Haxhan92|52\/100|[from] item: Leftovers\n|upkeep\n|turn|32\n|\n|t:|1700766710\n|switch|p1a: Domenik|Quaquaval, M|53\/100\n|move|p2a: Greninja|Surf|p1a: Domenik\n|-start|p2a: Greninja|typechange|Water|[from] ability: Protean\n|-resisted|p1a: Domenik\n|-damage|p1a: Domenik|33\/100\n|\n|upkeep\n|turn|33\n|\n|t:|1700766718\n|switch|p2a: Weezing|Weezing, F, shiny|100\/100 par\n|-damage|p2a: Weezing|88\/100 par|[from] Stealth Rock\n|move|p1a: Domenik|Roost|p1a: Domenik\n|-heal|p1a: Domenik|83\/100\n|-singleturn|p1a: Domenik|move: Roost\n|\n|-heal|p2a: Weezing|94\/100 par|[from] item: Black Sludge\n|-sideend|p1: Mario Flare|move: Light Screen\n|upkeep\n|turn|34\n|\n|t:|1700766732\n|switch|p1a: Amy|Clodsire, F|47\/100 brn\n|cant|p2a: Weezing|par\n|\n|-heal|p1a: Amy|54\/100 brn|[from] item: Black Sludge\n|-heal|p2a: Weezing|99\/100 par|[from] item: Black Sludge\n|-damage|p1a: Amy|47\/100 brn|[from] brn\n|-sideend|p1: Mario Flare|Reflect\n|upkeep\n|turn|35\n|\n|t:|1700766752\n|switch|p2a: Greninja|Greninja, F|88\/100\n|-damage|p2a: Greninja|76\/100|[from] Stealth Rock\n|move|p1a: Amy|Recover|p1a: Amy\n|-heal|p1a: Amy|97\/100 brn\n|\n|-heal|p1a: Amy|100\/100 brn|[from] item: Black Sludge\n|-damage|p1a: Amy|94\/100 brn|[from] brn\n|upkeep\n|turn|36\n|\n|t:|1700766763\n|move|p2a: Greninja|Extrasensory|p1a: Amy\n|-start|p2a: Greninja|typechange|Psychic|[from] ability: Protean\n|-supereffective|p1a: Amy\n|-damage|p1a: Amy|31\/100 brn\n|move|p1a: Amy|Toxic|p2a: Greninja\n|-status|p2a: Greninja|tox\n|\n|-heal|p1a: Amy|37\/100 brn|[from] item: Black Sludge\n|-damage|p2a: Greninja|70\/100 tox|[from] psn\n|-damage|p1a: Amy|31\/100 brn|[from] brn\n|upkeep\n|turn|37\n|\n|t:|1700766777\n|switch|p2a: Avalugg|Avalugg, M|100\/100\n|-damage|p2a: Avalugg|76\/100|[from] Stealth Rock\n|switch|p1a: Shijin|Weavile, F|100\/100\n|-ability|p1a: Shijin|Pressure\n|\n|-heal|p2a: Avalugg|82\/100|[from] item: Leftovers\n|upkeep\n|turn|38\n|\n|t:|1700766835\n|switch|p1a: Mario|Klefki, M, shiny|47\/100 brn\n|-terastallize|p2a: Avalugg|Fairy\n|move|p2a: Avalugg|Rapid Spin|p1a: Mario\n|-resisted|p1a: Mario\n|-damage|p1a: Mario|41\/100 brn\n|-boost|p2a: Avalugg|spe|1\n|-sideend|p2: Dave1200|Stealth Rock|[from] move: Rapid Spin|[of] p2a: Avalugg\n|\n|-heal|p2a: Avalugg|88\/100|[from] item: Leftovers\n|-damage|p1a: Mario|35\/100 brn|[from] brn\n|upkeep\n|turn|39\n|\n|t:|1700766850\n|switch|p2a: Greninja|Greninja, F|70\/100 tox\n|move|p1a: Mario|Thunder Wave|p2a: Greninja\n|-hint|Since gen 7, Dark is immune to Prankster moves.\n|-immune|p2a: Greninja\n|\n|-damage|p2a: Greninja|64\/100 tox|[from] psn\n|-damage|p1a: Mario|29\/100 brn|[from] brn\n|upkeep\n|turn|40\n|\n|t:|1700766862\n|move|p1a: Mario|Light Screen|p1a: Mario\n|-sidestart|p1: Mario Flare|move: Light Screen\n|move|p2a: Greninja|Surf|p1a: Mario\n|-start|p2a: Greninja|typechange|Water|[from] ability: Protean\n|-damage|p1a: Mario|0 fnt\n|faint|p1a: Mario\n|\n|-damage|p2a: Greninja|52\/100 tox|[from] psn\n|upkeep\n|\n|t:|1700766869\n|switch|p1a: Baki|Haxorus, M, shiny|66\/100\n|-ability|p1a: Baki|Mold Breaker\n|turn|41\n|\n|t:|1700766876\n|switch|p2a: Weezing|Weezing, F, shiny|99\/100 par\n|move|p1a: Baki|First Impression|p2a: Weezing\n|-resisted|p2a: Weezing\n|-damage|p2a: Weezing|88\/100 par\n|\n|-heal|p2a: Weezing|94\/100 par|[from] item: Black Sludge\n|upkeep\n|turn|42\n|\n|t:|1700766890\n|switch|p1a: Haxhan92|Vikavolt, M, shiny|52\/100\n|move|p2a: Weezing|Will-O-Wisp|p1a: Haxhan92\n|-status|p1a: Haxhan92|brn\n|\n|-heal|p1a: Haxhan92|58\/100 brn|[from] item: Leftovers\n|-heal|p2a: Weezing|99\/100 par|[from] item: Black Sludge\n|-damage|p1a: Haxhan92|52\/100 brn|[from] brn\n|upkeep\n|turn|43\n|\n|t:|1700766899\n|switch|p2a: Goodra|Goodra, F|92\/100\n|move|p1a: Haxhan92|Sticky Web|p2a: Goodra\n|-sidestart|p2: Dave1200|move: Sticky Web\n|\n|-heal|p1a: Haxhan92|58\/100 brn|[from] item: Leftovers\n|-damage|p1a: Haxhan92|52\/100 brn|[from] brn\n|upkeep\n|turn|44\n|\n|t:|1700766917\n|move|p2a: Goodra|Scald|p1a: Haxhan92\n|-damage|p1a: Haxhan92|39\/100 brn\n|move|p1a: Haxhan92|Discharge|p2a: Goodra\n|-resisted|p2a: Goodra\n|-crit|p2a: Goodra\n|-damage|p2a: Goodra|79\/100\n|-status|p2a: Goodra|par\n|\n|-heal|p1a: Haxhan92|45\/100 brn|[from] item: Leftovers\n|-damage|p1a: Haxhan92|39\/100 brn|[from] brn\n|upkeep\n|turn|45\n|\n|t:|1700766935\n|switch|p1a: Amy|Clodsire, F|31\/100 brn\n|move|p2a: Goodra|Scald|p1a: Amy\n|-supereffective|p1a: Amy\n|-damage|p1a: Amy|18\/100 brn\n|\n|-heal|p1a: Amy|24\/100 brn|[from] item: Black Sludge\n|-damage|p1a: Amy|18\/100 brn|[from] brn\n|upkeep\n|turn|46\n|\n|t:|1700766945\n|move|p2a: Goodra|Knock Off|p1a: Amy\n|-damage|p1a: Amy|0 fnt\n|-enditem|p1a: Amy|Black Sludge|[from] move: Knock Off|[of] p2a: Goodra\n|faint|p1a: Amy\n|\n|upkeep\n|\n|t:|1700766968\n|switch|p1a: Shijin|Weavile, F|100\/100\n|-ability|p1a: Shijin|Pressure\n|turn|47\n|\n|t:|1700766975\n|switch|p2a: Weezing|Weezing, F, shiny|99\/100 par\n|move|p1a: Shijin|Ice Spinner|p2a: Weezing\n|-damage|p2a: Weezing|76\/100 par\n|\n|-heal|p2a: Weezing|82\/100 par|[from] item: Black Sludge\n|-sideend|p1: Mario Flare|move: Light Screen\n|upkeep\n|turn|48\n|\n|t:|1700766987\n|switch|p1a: Domenik|Quaquaval, M|83\/100\n|move|p2a: Weezing|Will-O-Wisp|p1a: Domenik|[miss]\n|-miss|p2a: Weezing|p1a: Domenik\n|\n|-heal|p2a: Weezing|88\/100 par|[from] item: Black Sludge\n|upkeep\n|turn|49\n|\n|t:|1700766994\n|switch|p1a: Haxhan92|Vikavolt, M, shiny|39\/100 brn\n|move|p2a: Weezing|Will-O-Wisp|p1a: Haxhan92\n|-fail|p1a: Haxhan92|brn\n|\n|-heal|p1a: Haxhan92|45\/100 brn|[from] item: Leftovers\n|-heal|p2a: Weezing|94\/100 par|[from] item: Black Sludge\n|-damage|p1a: Haxhan92|39\/100 brn|[from] brn\n|upkeep\n|turn|50\n|\n|t:|1700767005\n|switch|p2a: Goodra|Goodra, F|79\/100 par\n|-activate|p2a: Goodra|move: Sticky Web\n|-unboost|p2a: Goodra|spe|1\n|move|p1a: Haxhan92|Discharge|p2a: Goodra\n|-resisted|p2a: Goodra\n|-damage|p2a: Goodra|70\/100 par\n|\n|-heal|p1a: Haxhan92|45\/100 brn|[from] item: Leftovers\n|-damage|p1a: Haxhan92|39\/100 brn|[from] brn\n|upkeep\n|turn|51\n|\n|t:|1700767019\n|switch|p1a: Domenik|Quaquaval, M|83\/100\n|cant|p2a: Goodra|par\n|\n|upkeep\n|turn|52\n|\n|t:|1700767025\n|switch|p2a: Weezing|Weezing, F, shiny|94\/100 par\n|move|p1a: Domenik|Aqua Step|p2a: Weezing\n|-damage|p2a: Weezing|72\/100 par\n|-boost|p1a: Domenik|spe|1\n|\n|-heal|p2a: Weezing|78\/100 par|[from] item: Black Sludge\n|upkeep\n|turn|53\n|\n|t:|1700767037\n|switch|p1a: Haxhan92|Vikavolt, M, shiny|39\/100 brn\n|move|p2a: Weezing|Thunderbolt|p1a: Haxhan92\n|-resisted|p1a: Haxhan92\n|-damage|p1a: Haxhan92|28\/100 brn\n|\n|-heal|p1a: Haxhan92|34\/100 brn|[from] item: Leftovers\n|-heal|p2a: Weezing|84\/100 par|[from] item: Black Sludge\n|-damage|p1a: Haxhan92|28\/100 brn|[from] brn\n|upkeep\n|turn|54\n|\n|t:|1700767051\n|switch|p2a: Goodra|Goodra, F|70\/100 par\n|-activate|p2a: Goodra|move: Sticky Web\n|-unboost|p2a: Goodra|spe|1\n|move|p1a: Haxhan92|Discharge|p2a: Goodra\n|-resisted|p2a: Goodra\n|-damage|p2a: Goodra|61\/100 par\n|\n|-heal|p1a: Haxhan92|34\/100 brn|[from] item: Leftovers\n|-damage|p1a: Haxhan92|28\/100 brn|[from] brn\n|upkeep\n|turn|55\n|\n|t:|1700767070\n|move|p1a: Haxhan92|Discharge|p2a: Goodra\n|-resisted|p2a: Goodra\n|-damage|p2a: Goodra|52\/100 par\n|cant|p2a: Goodra|par\n|\n|-heal|p1a: Haxhan92|34\/100 brn|[from] item: Leftovers\n|-damage|p1a: Haxhan92|28\/100 brn|[from] brn\n|upkeep\n|turn|56\n|\n|t:|1700767078\n|move|p1a: Haxhan92|Energy Ball|p2a: Goodra\n|-ability|p2a: Goodra|Sap Sipper|boost\n|-boost|p2a: Goodra|atk|1\n|move|p2a: Goodra|Scald|p1a: Haxhan92\n|-damage|p1a: Haxhan92|0 fnt\n|faint|p1a: Haxhan92\n|\n|upkeep\n|\n|t:|1700767084\n|switch|p1a: Shijin|Weavile, F|100\/100\n|-ability|p1a: Shijin|Pressure\n|turn|57\n|\n|t:|1700767090\n|switch|p2a: Weezing|Weezing, F, shiny|84\/100 par\n|move|p1a: Shijin|Swords Dance|p1a: Shijin\n|-boost|p1a: Shijin|atk|2\n|\n|-heal|p2a: Weezing|90\/100 par|[from] item: Black Sludge\n|upkeep\n|turn|58\n|\n|t:|1700767110\n|move|p1a: Shijin|Knock Off|p2a: Weezing\n|-damage|p2a: Weezing|24\/100 par\n|-enditem|p2a: Weezing|Black Sludge|[from] move: Knock Off|[of] p1a: Shijin\n|cant|p2a: Weezing|par\n|\n|upkeep\n|turn|59\n|\n|t:|1700767118\n|move|p1a: Shijin|Knock Off|p2a: Weezing\n|-damage|p2a: Weezing|0 fnt\n|faint|p2a: Weezing\n|\n|upkeep\n|\n|t:|1700767123\n|switch|p2a: Avalugg|Avalugg, M, tera:Fairy|88\/100\n|-activate|p2a: Avalugg|move: Sticky Web\n|-unboost|p2a: Avalugg|spe|1\n|turn|60\n|\n|t:|1700767167\n|move|p1a: Shijin|Knock Off|p2a: Avalugg\n|-resisted|p2a: Avalugg\n|-damage|p2a: Avalugg|70\/100\n|-enditem|p2a: Avalugg|Leftovers|[from] move: Knock Off|[of] p1a: Shijin\n|move|p2a: Avalugg|Recover|p2a: Avalugg\n|-heal|p2a: Avalugg|100\/100\n|\n|upkeep\n|turn|61\n|\n|t:|1700767175\n|move|p1a: Shijin|Swords Dance|p1a: Shijin\n|-boost|p1a: Shijin|atk|2\n|move|p2a: Avalugg|Rapid Spin|p1a: Shijin\n|-damage|p1a: Shijin|82\/100\n|-boost|p2a: Avalugg|spe|1\n|-sideend|p2: Dave1200|Sticky Web|[from] move: Rapid Spin|[of] p2a: Avalugg\n|\n|upkeep\n|turn|62\n|\n|t:|1700767182\n|move|p1a: Shijin|Ice Spinner|p2a: Avalugg\n|-damage|p2a: Avalugg|52\/100\n|move|p2a: Avalugg|Tera Blast|p1a: Shijin|[anim] Tera Blast Fairy\n|-supereffective|p1a: Shijin\n|-damage|p1a: Shijin|0 fnt\n|faint|p1a: Shijin\n|\n|upkeep\n|\n|t:|1700767191\n|switch|p1a: Baki|Haxorus, M, shiny|66\/100\n|-ability|p1a: Baki|Mold Breaker\n|turn|63\n|\n|t:|1700767195\n|move|p1a: Baki|Earthquake|p2a: Avalugg\n|-damage|p2a: Avalugg|36\/100\n|move|p2a: Avalugg|Recover|p2a: Avalugg\n|-heal|p2a: Avalugg|86\/100\n|\n|upkeep\n|turn|64\n|\n|t:|1700767209\n|switch|p1a: Domenik|Quaquaval, M|83\/100\n|move|p2a: Avalugg|Tera Blast|p1a: Domenik|[anim] Tera Blast Fairy\n|-supereffective|p1a: Domenik\n|-damage|p1a: Domenik|36\/100\n|\n|upkeep\n|turn|65\n|\n|t:|1700767218\n|move|p1a: Domenik|Roost|p1a: Domenik\n|-heal|p1a: Domenik|87\/100\n|-singleturn|p1a: Domenik|move: Roost\n|move|p2a: Avalugg|Tera Blast|p1a: Domenik|[anim] Tera Blast Fairy\n|-supereffective|p1a: Domenik\n|-damage|p1a: Domenik|46\/100\n|\n|upkeep\n|turn|66\n|\n|t:|1700767228\n|move|p1a: Domenik|Aqua Step|p2a: Avalugg\n|-damage|p2a: Avalugg|73\/100\n|-boost|p1a: Domenik|spe|1\n|move|p2a: Avalugg|Tera Blast|p1a: Domenik|[anim] Tera Blast Fairy\n|-supereffective|p1a: Domenik\n|-damage|p1a: Domenik|5\/100\n|\n|upkeep\n|turn|67\n|\n|t:|1700767236\n|move|p1a: Domenik|Aqua Step|p2a: Avalugg\n|-damage|p2a: Avalugg|59\/100\n|-boost|p1a: Domenik|spe|1\n|move|p2a: Avalugg|Tera Blast|p1a: Domenik|[anim] Tera Blast Fairy\n|-supereffective|p1a: Domenik\n|-damage|p1a: Domenik|0 fnt\n|faint|p1a: Domenik\n|\n|upkeep\n|\n|t:|1700767250\n|switch|p1a: Baki|Haxorus, M, shiny|66\/100\n|-ability|p1a: Baki|Mold Breaker\n|turn|68\n|\n|t:|1700767256\n|move|p1a: Baki|Swords Dance|p1a: Baki\n|-boost|p1a: Baki|atk|2\n|move|p2a: Avalugg|Recover|p2a: Avalugg\n|-heal|p2a: Avalugg|100\/100\n|\n|upkeep\n|turn|69\n|\n|t:|1700767262\n|move|p1a: Baki|Earthquake|p2a: Avalugg\n|-damage|p2a: Avalugg|68\/100\n|move|p2a: Avalugg|Tera Blast|p1a: Baki|[anim] Tera Blast Fairy\n|-supereffective|p1a: Baki\n|-damage|p1a: Baki|0 fnt\n|faint|p1a: Baki\n|\n|win|Dave1200\n|c|\u2606Mario Flare|gg\n|c|\u2606Dave1200|gg\n","uploadtime":1700767265,"views":31,"p1id":"marioflare","p2id":"dave1200","formatid":"gen9anythinggoes","rating":0,"private":0,"password":""}