{"id":"gen9anythinggoes-1984600792","p1":"watabolt","p2":"arod_fr","format":"[Gen 9] Anything Goes","log":"|j|\u2606watabolt\n|j|\u2606arod_fr\n|t:|1699283561\n|gametype|singles\n|player|p1|watabolt|depotagent|1120\n|player|p2|arod_fr|1|1000\n|teamsize|p1|6\n|teamsize|p2|6\n|gen|9\n|tier|[Gen 9] Anything Goes\n|rated|\n|rule|HP Percentage Mod: HP is shown in percentages\n|rule|Endless Battle Clause: Forcing endless battles is banned\n|clearpoke\n|poke|p1|Glalie, M|\n|poke|p1|Rayquaza|\n|poke|p1|Baxcalibur, M|\n|poke|p1|Chien-Pao|\n|poke|p1|Calyrex-Ice|\n|poke|p1|Arceus-Ice|\n|poke|p2|Ninetales-Alola, M|\n|poke|p2|Great Tusk|\n|poke|p2|Heatran, F|\n|poke|p2|Rabsca, M|\n|poke|p2|Tyranitar, M|\n|poke|p2|Decidueye-Hisui, M|\n|teampreview\n|\n|t:|1699283579\n|start\n|switch|p1a: Glalie|Glalie, M|100\/100\n|switch|p2a: Heatran|Heatran, F|100\/100\n|turn|1\n|inactive|Battle timer is ON: inactive players will automatically lose when time's up. (requested by watabolt)\n|\n|t:|1699283627\n|move|p1a: Glalie|Substitute|p1a: Glalie\n|-start|p1a: Glalie|Substitute\n|-damage|p1a: Glalie|75\/100\n|move|p2a: Heatran|Magma Storm|p1a: Glalie\n|-supereffective|p1a: Glalie\n|-end|p1a: Glalie|Substitute\n|\n|-heal|p1a: Glalie|82\/100|[from] item: Leftovers\n|-ability|p1a: Glalie|Moody|boost\n|-boost|p1a: Glalie|atk|2\n|-unboost|p1a: Glalie|spd|1\n|upkeep\n|turn|2\n|\n|t:|1699283640\n|move|p1a: Glalie|Protect|p1a: Glalie\n|-singleturn|p1a: Glalie|Protect\n|move|p2a: Heatran|Fire Blast|p1a: Glalie\n|-activate|p1a: Glalie|move: Protect\n|\n|-heal|p1a: Glalie|88\/100|[from] item: Leftovers\n|-ability|p1a: Glalie|Moody|boost\n|-boost|p1a: Glalie|spa|2\n|-unboost|p1a: Glalie|def|1\n|upkeep\n|turn|3\n|\n|t:|1699283650\n|move|p1a: Glalie|Substitute|p1a: Glalie\n|-start|p1a: Glalie|Substitute\n|-damage|p1a: Glalie|63\/100\n|move|p2a: Heatran|Fire Blast|p1a: Glalie\n|-supereffective|p1a: Glalie\n|-end|p1a: Glalie|Substitute\n|\n|-heal|p1a: Glalie|69\/100|[from] item: Leftovers\n|-ability|p1a: Glalie|Moody|boost\n|-boost|p1a: Glalie|spe|2\n|-unboost|p1a: Glalie|spa|1\n|upkeep\n|turn|4\n|\n|t:|1699283664\n|move|p1a: Glalie|Protect|p1a: Glalie\n|-singleturn|p1a: Glalie|Protect\n|move|p2a: Heatran|Magma Storm|p1a: Glalie\n|-activate|p1a: Glalie|move: Protect\n|\n|-heal|p1a: Glalie|75\/100|[from] item: Leftovers\n|-ability|p1a: Glalie|Moody|boost\n|-boost|p1a: Glalie|spa|2\n|-unboost|p1a: Glalie|spd|1\n|upkeep\n|turn|5\n|\n|t:|1699283675\n|move|p1a: Glalie|Substitute|p1a: Glalie\n|-start|p1a: Glalie|Substitute\n|-damage|p1a: Glalie|50\/100\n|move|p2a: Heatran|Magma Storm|p1a: Glalie|[miss]\n|-miss|p2a: Heatran|p1a: Glalie\n|\n|-heal|p1a: Glalie|56\/100|[from] item: Leftovers\n|-ability|p1a: Glalie|Moody|boost\n|-boost|p1a: Glalie|spd|2\n|-unboost|p1a: Glalie|spa|1\n|upkeep\n|turn|6\n|\n|t:|1699283688\n|move|p1a: Glalie|Protect|p1a: Glalie\n|-singleturn|p1a: Glalie|Protect\n|move|p2a: Heatran|Earthquake|p1a: Glalie\n|-activate|p1a: Glalie|move: Protect\n|\n|-heal|p1a: Glalie|62\/100|[from] item: Leftovers\n|-ability|p1a: Glalie|Moody|boost\n|-boost|p1a: Glalie|atk|2\n|-unboost|p1a: Glalie|def|1\n|upkeep\n|turn|7\n|\n|t:|1699283702\n|move|p1a: Glalie|Frost Breath|p2a: Heatran\n|-resisted|p2a: Heatran\n|-crit|p2a: Heatran\n|-damage|p2a: Heatran|90\/100\n|move|p2a: Heatran|Fire Blast|p1a: Glalie|[miss]\n|-miss|p2a: Heatran|p1a: Glalie\n|\n|-heal|p1a: Glalie|68\/100|[from] item: Leftovers\n|-ability|p1a: Glalie|Moody|boost\n|-boost|p1a: Glalie|spa|2\n|-unboost|p1a: Glalie|atk|1\n|upkeep\n|turn|8\n|\n|t:|1699283722\n|move|p1a: Glalie|Protect|p1a: Glalie\n|-singleturn|p1a: Glalie|Protect\n|move|p2a: Heatran|Heat Crash|p1a: Glalie\n|-activate|p1a: Glalie|move: Protect\n|\n|-heal|p1a: Glalie|74\/100|[from] item: Leftovers\n|-ability|p1a: Glalie|Moody|boost\n|-boost|p1a: Glalie|atk|2\n|-unboost|p1a: Glalie|spe|1\n|upkeep\n|turn|9\n|\n|t:|1699283732\n|move|p1a: Glalie|Freeze-Dry|p2a: Heatran\n|-resisted|p2a: Heatran\n|-damage|p2a: Heatran|78\/100\n|move|p2a: Heatran|Heat Crash|p1a: Glalie\n|-supereffective|p1a: Glalie\n|-end|p1a: Glalie|Substitute\n|\n|-heal|p1a: Glalie|80\/100|[from] item: Leftovers\n|-ability|p1a: Glalie|Moody|boost\n|-boost|p1a: Glalie|spa|2\n|-unboost|p1a: Glalie|atk|1\n|upkeep\n|turn|10\n|\n|t:|1699283742\n|move|p1a: Glalie|Protect|p1a: Glalie\n|-singleturn|p1a: Glalie|Protect\n|move|p2a: Heatran|Heat Crash|p1a: Glalie\n|-activate|p1a: Glalie|move: Protect\n|\n|-heal|p1a: Glalie|87\/100|[from] item: Leftovers\n|-ability|p1a: Glalie|Moody|boost\n|-boost|p1a: Glalie|def|2\n|-unboost|p1a: Glalie|spe|1\n|upkeep\n|turn|11\n|\n|t:|1699283752\n|move|p1a: Glalie|Substitute|p1a: Glalie\n|-start|p1a: Glalie|Substitute\n|-damage|p1a: Glalie|62\/100\n|move|p2a: Heatran|Heat Crash|p1a: Glalie\n|-supereffective|p1a: Glalie\n|-end|p1a: Glalie|Substitute\n|\n|-heal|p1a: Glalie|68\/100|[from] item: Leftovers\n|-ability|p1a: Glalie|Moody|boost\n|-boost|p1a: Glalie|atk|2\n|-unboost|p1a: Glalie|spe|1\n|upkeep\n|turn|12\n|\n|t:|1699283762\n|move|p1a: Glalie|Protect|p1a: Glalie\n|-singleturn|p1a: Glalie|Protect\n|move|p2a: Heatran|Heat Crash|p1a: Glalie\n|-activate|p1a: Glalie|move: Protect\n|\n|-heal|p1a: Glalie|74\/100|[from] item: Leftovers\n|-ability|p1a: Glalie|Moody|boost\n|-boost|p1a: Glalie|spe|2\n|-unboost|p1a: Glalie|spa|1\n|upkeep\n|turn|13\n|\n|t:|1699283773\n|move|p1a: Glalie|Substitute|p1a: Glalie\n|-start|p1a: Glalie|Substitute\n|-damage|p1a: Glalie|49\/100\n|move|p2a: Heatran|Heat Crash|p1a: Glalie\n|-supereffective|p1a: Glalie\n|-end|p1a: Glalie|Substitute\n|\n|-heal|p1a: Glalie|55\/100|[from] item: Leftovers\n|-ability|p1a: Glalie|Moody|boost\n|-boost|p1a: Glalie|def|2\n|-unboost|p1a: Glalie|atk|1\n|upkeep\n|turn|14\n|\n|t:|1699283788\n|move|p1a: Glalie|Protect|p1a: Glalie\n|-singleturn|p1a: Glalie|Protect\n|move|p2a: Heatran|Earthquake|p1a: Glalie\n|-activate|p1a: Glalie|move: Protect\n|\n|-heal|p1a: Glalie|61\/100|[from] item: Leftovers\n|-ability|p1a: Glalie|Moody|boost\n|-boost|p1a: Glalie|spd|2\n|-unboost|p1a: Glalie|spa|1\n|upkeep\n|turn|15\n|\n|t:|1699283805\n|move|p1a: Glalie|Frost Breath|p2a: Heatran\n|-resisted|p2a: Heatran\n|-crit|p2a: Heatran\n|-damage|p2a: Heatran|62\/100\n|move|p2a: Heatran|Earthquake|p1a: Glalie\n|-damage|p1a: Glalie|48\/100\n|\n|-heal|p1a: Glalie|55\/100|[from] item: Leftovers\n|-ability|p1a: Glalie|Moody|boost\n|-boost|p1a: Glalie|spa|2\n|-unboost|p1a: Glalie|atk|1\n|upkeep\n|turn|16\n|inactive|arod_fr has 120 seconds left.\n|\n|t:|1699283845\n|move|p1a: Glalie|Substitute|p1a: Glalie\n|-start|p1a: Glalie|Substitute\n|-damage|p1a: Glalie|30\/100\n|move|p2a: Heatran|Earthquake|p1a: Glalie\n|-activate|p1a: Glalie|move: Substitute|[damage]\n|\n|-heal|p1a: Glalie|36\/100|[from] item: Leftovers\n|-ability|p1a: Glalie|Moody|boost\n|-boost|p1a: Glalie|spe|2\n|-unboost|p1a: Glalie|spd|1\n|upkeep\n|turn|17\n|inactive|arod_fr has 120 seconds left.\n|\n|t:|1699283860\n|move|p1a: Glalie|Frost Breath|p2a: Heatran\n|-resisted|p2a: Heatran\n|-crit|p2a: Heatran\n|-damage|p2a: Heatran|42\/100\n|move|p2a: Heatran|Earthquake|p1a: Glalie\n|-end|p1a: Glalie|Substitute\n|\n|-heal|p1a: Glalie|42\/100|[from] item: Leftovers\n|-ability|p1a: Glalie|Moody|boost\n|-boost|p1a: Glalie|spd|2\n|-unboost|p1a: Glalie|spe|1\n|upkeep\n|turn|18\n|inactive|arod_fr has 120 seconds left.\n|\n|t:|1699283870\n|move|p1a: Glalie|Protect|p1a: Glalie\n|-singleturn|p1a: Glalie|Protect\n|move|p2a: Heatran|Earthquake|p1a: Glalie\n|-activate|p1a: Glalie|move: Protect\n|\n|-heal|p1a: Glalie|48\/100|[from] item: Leftovers\n|-ability|p1a: Glalie|Moody|boost\n|-boost|p1a: Glalie|spe|2\n|-unboost|p1a: Glalie|spd|1\n|upkeep\n|turn|19\n|inactive|arod_fr has 120 seconds left.\n|\n|t:|1699283882\n|move|p1a: Glalie|Frost Breath|p2a: Heatran\n|-resisted|p2a: Heatran\n|-crit|p2a: Heatran\n|-damage|p2a: Heatran|21\/100\n|move|p2a: Heatran|Heat Crash|p1a: Glalie\n|-supereffective|p1a: Glalie\n|-damage|p1a: Glalie|30\/100\n|\n|-heal|p1a: Glalie|37\/100|[from] item: Leftovers\n|-ability|p1a: Glalie|Moody|boost\n|-boost|p1a: Glalie|spd|2\n|-unboost|p1a: Glalie|spe|1\n|upkeep\n|turn|20\n|inactive|arod_fr has 120 seconds left.\n|\n|t:|1699283892\n|move|p1a: Glalie|Frost Breath|p2a: Heatran\n|-resisted|p2a: Heatran\n|-crit|p2a: Heatran\n|-damage|p2a: Heatran|0 fnt\n|faint|p2a: Heatran\n|\n|-heal|p1a: Glalie|43\/100|[from] item: Leftovers\n|-ability|p1a: Glalie|Moody|boost\n|-boost|p1a: Glalie|spd|2\n|-unboost|p1a: Glalie|atk|1\n|upkeep\n|inactive|arod_fr has 120 seconds left.\n|\n|t:|1699283904\n|switch|p2a: Decidueye|Decidueye-Hisui, M|100\/100\n|turn|21\n|\n|t:|1699283910\n|move|p1a: Glalie|Freeze-Dry|p2a: Decidueye\n|-supereffective|p2a: Decidueye\n|-damage|p2a: Decidueye|0 fnt\n|faint|p2a: Decidueye\n|\n|-heal|p1a: Glalie|49\/100|[from] item: Leftovers\n|-ability|p1a: Glalie|Moody|boost\n|-boost|p1a: Glalie|spe|2\n|-unboost|p1a: Glalie|spd|1\n|upkeep\n|\n|t:|1699283916\n|switch|p2a: Tyranitar|Tyranitar, M, shiny|100\/100\n|-weather|Sandstorm|[from] ability: Sand Stream|[of] p2a: Tyranitar\n|turn|22\n|\n|t:|1699283923\n|move|p1a: Glalie|Frost Breath|p2a: Tyranitar\n|-crit|p2a: Tyranitar\n|-damage|p2a: Tyranitar|64\/100\n|move|p2a: Tyranitar|Fire Blast|p1a: Glalie\n|-supereffective|p1a: Glalie\n|-damage|p1a: Glalie|33\/100\n|\n|-weather|Sandstorm|[upkeep]\n|-damage|p1a: Glalie|27\/100|[from] Sandstorm\n|-heal|p1a: Glalie|33\/100|[from] item: Leftovers\n|-ability|p1a: Glalie|Moody|boost\n|-boost|p1a: Glalie|spd|1\n|-unboost|p1a: Glalie|spa|1\n|upkeep\n|turn|23\n|\n|t:|1699283938\n|move|p1a: Glalie|Freeze-Dry|p2a: Tyranitar\n|-damage|p2a: Tyranitar|38\/100\n|move|p2a: Tyranitar|Heavy Slam|p1a: Glalie\n|-supereffective|p1a: Glalie\n|-crit|p1a: Glalie\n|-damage|p1a: Glalie|0 fnt\n|faint|p1a: Glalie\n|\n|-weather|Sandstorm|[upkeep]\n|upkeep\n|\n|t:|1699283949\n|switch|p1a: Chien-Pao|Chien-Pao|100\/100\n|-ability|p1a: Chien-Pao|Sword of Ruin\n|turn|24\n|\n|t:|1699283968\n|-terastallize|p2a: Tyranitar|Fire\n|move|p1a: Chien-Pao|Sacred Sword|p2a: Tyranitar\n|-damage|p2a: Tyranitar|9\/100\n|move|p2a: Tyranitar|Heavy Slam|p1a: Chien-Pao\n|-supereffective|p1a: Chien-Pao\n|-damage|p1a: Chien-Pao|59\/100\n|\n|-weather|Sandstorm|[upkeep]\n|-damage|p1a: Chien-Pao|53\/100|[from] Sandstorm\n|-damage|p2a: Tyranitar|2\/100|[from] Sandstorm\n|upkeep\n|turn|25\n|inactive|watabolt has 120 seconds left.\n|\n|t:|1699283999\n|move|p1a: Chien-Pao|Ice Shard|p2a: Tyranitar\n|-resisted|p2a: Tyranitar\n|-damage|p2a: Tyranitar|0 fnt\n|faint|p2a: Tyranitar\n|\n|-weather|Sandstorm|[upkeep]\n|-damage|p1a: Chien-Pao|47\/100|[from] Sandstorm\n|upkeep\n|\n|t:|1699284011\n|switch|p2a: Rabsca|Rabsca, M|100\/100\n|turn|26\n|inactive|watabolt has 120 seconds left.\n|inactive|watabolt has 90 seconds left.\n|\n|t:|1699284066\n|switch|p1a: Rayquaza|Rayquaza|100\/100\n|-ability|p1a: Rayquaza|Air Lock\n|move|p2a: Rabsca|Hyper Beam|p1a: Rayquaza\n|-damage|p1a: Rayquaza|46\/100\n|-mustrecharge|p2a: Rabsca\n|\n|-weather|none\n|upkeep\n|turn|27\n|\n|t:|1699284076\n|move|p1a: Rayquaza|Dragon Ascent|p2a: Rabsca\n|-supereffective|p2a: Rabsca\n|-damage|p2a: Rabsca|0 fnt\n|-unboost|p1a: Rayquaza|def|1\n|-unboost|p1a: Rayquaza|spd|1\n|faint|p2a: Rabsca\n|-damage|p1a: Rayquaza|36\/100|[from] item: Life Orb\n|\n|upkeep\n|\n|t:|1699284084\n|switch|p2a: Ninetales|Ninetales-Alola, M, shiny|100\/100\n|-weather|Snow|[from] ability: Snow Warning|[of] p2a: Ninetales\n|turn|28\n|inactive|watabolt has 90 seconds left.\n|\n|t:|1699284103\n|switch|p1a: Calyrex|Calyrex-Ice|100\/100\n|-ability|p1a: Calyrex|As One\n|-ability|p1a: Calyrex|Unnerve\n|move|p2a: Ninetales|Moonblast|p1a: Calyrex\n|-damage|p1a: Calyrex|80\/100\n|\n|-weather|Snow|[upkeep]\n|upkeep\n|turn|29\n|inactive|watabolt has 90 seconds left.\n|\n|t:|1699284114\n|switch|p2a: Great Tusk|Great Tusk|100\/100\n|move|p1a: Calyrex|Iron Defense|p1a: Calyrex\n|-boost|p1a: Calyrex|def|2\n|\n|-weather|Snow|[upkeep]\n|upkeep\n|turn|30\n|\n|t:|1699284125\n|move|p2a: Great Tusk|Earthquake|p1a: Calyrex\n|-damage|p1a: Calyrex|69\/100\n|move|p1a: Calyrex|Leech Seed|p2a: Great Tusk\n|-start|p2a: Great Tusk|move: Leech Seed\n|\n|-weather|Snow|[upkeep]\n|-damage|p2a: Great Tusk|88\/100|[from] Leech Seed|[of] p1a: Calyrex\n|-heal|p1a: Calyrex|80\/100|[silent]\n|upkeep\n|turn|31\n|\n|t:|1699284132\n|move|p2a: Great Tusk|Megahorn|p1a: Calyrex|[miss]\n|-miss|p2a: Great Tusk|p1a: Calyrex\n|move|p1a: Calyrex|Iron Defense|p1a: Calyrex\n|-boost|p1a: Calyrex|def|2\n|\n|-weather|Snow|[upkeep]\n|-damage|p2a: Great Tusk|76\/100|[from] Leech Seed|[of] p1a: Calyrex\n|-heal|p1a: Calyrex|92\/100|[silent]\n|upkeep\n|turn|32\n|\n|t:|1699284143\n|move|p2a: Great Tusk|Megahorn|p1a: Calyrex\n|-supereffective|p1a: Calyrex\n|-damage|p1a: Calyrex|81\/100\n|-damage|p2a: Great Tusk|59\/100|[from] item: Rocky Helmet|[of] p1a: Calyrex\n|move|p1a: Calyrex|Iron Defense|p1a: Calyrex\n|-boost|p1a: Calyrex|def|2\n|\n|-weather|none\n|-damage|p2a: Great Tusk|47\/100|[from] Leech Seed|[of] p1a: Calyrex\n|-heal|p1a: Calyrex|93\/100|[silent]\n|upkeep\n|turn|33\n|inactive|arod_fr has 120 seconds left.\n|inactive|arod_fr has 90 seconds left.\n|inactive|arod_fr has 60 seconds left.\n|\n|t:|1699284232\n|move|p2a: Great Tusk|Megahorn|p1a: Calyrex\n|-supereffective|p1a: Calyrex\n|-damage|p1a: Calyrex|80\/100\n|-damage|p2a: Great Tusk|30\/100|[from] item: Rocky Helmet|[of] p1a: Calyrex\n|move|p1a: Calyrex|Body Press|p2a: Great Tusk\n|-damage|p2a: Great Tusk|0 fnt\n|faint|p2a: Great Tusk\n|-end|p2a: Great Tusk|Protosynthesis|[silent]\n|-ability|p1a: Calyrex|Chilling Neigh|boost\n|-boost|p1a: Calyrex|atk|1\n|\n|upkeep\n|inactive|arod_fr has 60 seconds left.\n|\n|t:|1699284243\n|switch|p2a: Ninetales|Ninetales-Alola, M, shiny|100\/100\n|-weather|Snow|[from] ability: Snow Warning|[of] p2a: Ninetales\n|turn|34\n|inactive|arod_fr has 60 seconds left.\n|inactive|watabolt has 90 seconds left.\n|\n|t:|1699284302\n|-terastallize|p1a: Calyrex|Steel\n|move|p2a: Ninetales|Play Rough|p1a: Calyrex\n|-resisted|p1a: Calyrex\n|-damage|p1a: Calyrex|78\/100\n|-damage|p2a: Ninetales|84\/100|[from] item: Rocky Helmet|[of] p1a: Calyrex\n|move|p1a: Calyrex|Leech Seed|p2a: Ninetales\n|-start|p2a: Ninetales|move: Leech Seed\n|\n|-weather|Snow|[upkeep]\n|-damage|p2a: Ninetales|72\/100|[from] Leech Seed|[of] p1a: Calyrex\n|-heal|p1a: Calyrex|86\/100|[silent]\n|upkeep\n|turn|35\n|inactive|arod_fr has 60 seconds left.\n|\n|t:|1699284318\n|move|p2a: Ninetales|Blizzard|p1a: Calyrex\n|-resisted|p1a: Calyrex\n|-damage|p1a: Calyrex|75\/100\n|move|p1a: Calyrex|Body Press|p2a: Ninetales\n|-damage|p2a: Ninetales|0 fnt\n|faint|p2a: Ninetales\n|\n|win|watabolt\n|raw|watabolt's rating: 1120 &rarr; <strong>1137<\/strong><br \/>(+17 for winning)\n|raw|arod_fr's rating: 1000 &rarr; <strong>1000<\/strong><br \/>(+0 for losing)\n|l|\u2606arod_fr\n","uploadtime":1699284329,"views":12,"p1id":"watabolt","p2id":"arodfr","formatid":"gen9anythinggoes","rating":1000,"private":0,"password":""}