{"id":"gen9anythinggoes-1997834556","p1":"Guest 3107088","p2":"asreildreamrr124","format":"[Gen 9] Anything Goes","log":"|j|\u203dGuest 3107088\n|j|\u2606asreildreamrr124\n|t:|1700857800\n|gametype|singles\n|player|p1|Guest 3107088|266|1303\n|player|p2|asreildreamrr124|steven|1260\n|teamsize|p1|6\n|teamsize|p2|6\n|gen|9\n|tier|[Gen 9] Anything Goes\n|rated|\n|rule|HP Percentage Mod: HP is shown in percentages\n|rule|Endless Battle Clause: Forcing endless battles is banned\n|clearpoke\n|poke|p1|Annihilape, F|\n|poke|p1|Annihilape, M|\n|poke|p1|Kingambit, M|\n|poke|p1|Annihilape, F|\n|poke|p1|Annihilape, F|\n|poke|p1|Calyrex-Shadow|\n|poke|p2|Kyogre|\n|poke|p2|Tyranitar, M|\n|poke|p2|Dragapult, M|\n|poke|p2|Pikachu, M|\n|poke|p2|Palafin, M|\n|poke|p2|Ursaluna-Bloodmoon, M|\n|teampreview\n|\n|t:|1700857809\n|start\n|switch|p1a: Annihilape|Annihilape, F|100\/100\n|switch|p2a: Ursaluna|Ursaluna-Bloodmoon, M|100\/100\n|turn|1\n|\n|t:|1700857815\n|switch|p2a: Palafin|Palafin, M, shiny|100\/100\n|move|p1a: Annihilape|Stealth Rock|p2a: Palafin\n|-sidestart|p2: asreildreamrr124|move: Stealth Rock\n|\n|upkeep\n|turn|2\n|\n|t:|1700857821\n|switch|p1a: Annihilape|Annihilape, M|100\/100\n|move|p2a: Palafin|Flip Turn|p1a: Annihilape\n|-damage|p1a: Annihilape|71\/100\n|\n|t:|1700857826\n|detailschange|p2a: Palafin|Palafin-Hero, M, shiny\n|switch|p2a: Ursaluna|Ursaluna-Bloodmoon, M|100\/100|[from] Flip Turn\n|-damage|p2a: Ursaluna|94\/100|[from] Stealth Rock\n|\n|-heal|p2a: Ursaluna|100\/100|[from] item: Leftovers\n|upkeep\n|turn|3\n|\n|t:|1700857834\n|move|p1a: Annihilape|Final Gambit|p2a: Ursaluna\n|-damage|p2a: Ursaluna|30\/100\n|faint|p1a: Annihilape\n|move|p2a: Ursaluna|Calm Mind|p2a: Ursaluna\n|-boost|p2a: Ursaluna|spa|1\n|-boost|p2a: Ursaluna|spd|1\n|\n|-heal|p2a: Ursaluna|37\/100|[from] item: Leftovers\n|upkeep\n|\n|t:|1700857844\n|switch|p1a: Annihilape|Annihilape, F|100\/100\n|turn|4\n|\n|t:|1700857847\n|move|p1a: Annihilape|Close Combat|p2a: Ursaluna\n|-supereffective|p2a: Ursaluna\n|-damage|p2a: Ursaluna|0 fnt\n|-unboost|p1a: Annihilape|def|1\n|-unboost|p1a: Annihilape|spd|1\n|faint|p2a: Ursaluna\n|\n|upkeep\n|\n|t:|1700857855\n|switch|p2a: Tyranitar|Tyranitar, M, shiny|100\/100\n|-damage|p2a: Tyranitar|88\/100|[from] Stealth Rock\n|-weather|Sandstorm|[from] ability: Sand Stream|[of] p2a: Tyranitar\n|turn|5\n|\n|t:|1700857861\n|move|p1a: Annihilape|Close Combat|p2a: Tyranitar\n|-supereffective|p2a: Tyranitar\n|-damage|p2a: Tyranitar|0 fnt\n|-unboost|p1a: Annihilape|def|1\n|-unboost|p1a: Annihilape|spd|1\n|faint|p2a: Tyranitar\n|\n|-weather|Sandstorm|[upkeep]\n|-damage|p1a: Annihilape|94\/100|[from] Sandstorm\n|upkeep\n|\n|t:|1700857870\n|switch|p2a: Dragapult|Dragapult, M, shiny|100\/100\n|-damage|p2a: Dragapult|88\/100|[from] Stealth Rock\n|turn|6\n|\n|t:|1700857878\n|switch|p1a: Kingambit|Kingambit, M|100\/100\n|-activate|p1a: Kingambit|ability: Supreme Overlord\n|-start|p1a: Kingambit|fallen1|[silent]\n|move|p2a: Dragapult|Shadow Ball|p1a: Kingambit\n|-resisted|p1a: Kingambit\n|-damage|p1a: Kingambit|75\/100\n|\n|-weather|Sandstorm|[upkeep]\n|-damage|p2a: Dragapult|82\/100|[from] Sandstorm\n|upkeep\n|turn|7\n|\n|t:|1700857888\n|switch|p2a: Pikachu|Pikachu, M|100\/100\n|-damage|p2a: Pikachu|88\/100|[from] Stealth Rock\n|move|p1a: Kingambit|Sucker Punch||[still]\n|-fail|p1a: Kingambit\n|\n|-weather|Sandstorm|[upkeep]\n|-damage|p2a: Pikachu|82\/100|[from] Sandstorm\n|upkeep\n|turn|8\n|\n|t:|1700857897\n|move|p1a: Kingambit|Sucker Punch|p2a: Pikachu\n|-damage|p2a: Pikachu|0 fnt\n|faint|p2a: Pikachu\n|\n|-weather|Sandstorm|[upkeep]\n|upkeep\n|\n|t:|1700857906\n|switch|p2a: Kyogre|Kyogre, shiny|100\/100\n|-damage|p2a: Kyogre|88\/100|[from] Stealth Rock\n|-weather|RainDance|[from] ability: Drizzle|[of] p2a: Kyogre\n|turn|9\n|\n|t:|1700857913\n|-end|p1a: Kingambit|fallen1|[silent]\n|switch|p1a: Annihilape|Annihilape, F|94\/100\n|move|p2a: Kyogre|Thunder|p1a: Annihilape\n|-damage|p1a: Annihilape|56\/100\n|\n|-weather|RainDance|[upkeep]\n|upkeep\n|turn|10\n|\n|t:|1700857924\n|move|p1a: Annihilape|Rage Fist|p2a: Kyogre\n|-damage|p2a: Kyogre|42\/100\n|move|p2a: Kyogre|Origin Pulse|p1a: Annihilape\n|-damage|p1a: Annihilape|0 fnt\n|faint|p1a: Annihilape\n|\n|-weather|RainDance|[upkeep]\n|upkeep\n|\n|t:|1700857934\n|switch|p1a: Kingambit|Kingambit, M|75\/100\n|-activate|p1a: Kingambit|ability: Supreme Overlord\n|-start|p1a: Kingambit|fallen2|[silent]\n|turn|11\n|\n|t:|1700857939\n|move|p1a: Kingambit|Sucker Punch|p2a: Kyogre\n|-damage|p2a: Kyogre|0 fnt\n|faint|p2a: Kyogre\n|\n|-weather|RainDance|[upkeep]\n|upkeep\n|\n|t:|1700857946\n|switch|p2a: Palafin|Palafin-Hero, M, shiny|100\/100\n|-damage|p2a: Palafin|88\/100|[from] Stealth Rock\n|-activate|p2a: Palafin|ability: Zero to Hero\n|turn|12\n|\n|t:|1700857952\n|-terastallize|p2a: Palafin|Water\n|move|p2a: Palafin|Jet Punch|p1a: Kingambit\n|-damage|p1a: Kingambit|1\/100\n|move|p1a: Kingambit|Sucker Punch||[still]\n|-fail|p1a: Kingambit\n|\n|-weather|RainDance|[upkeep]\n|upkeep\n|turn|13\n|\n|t:|1700857958\n|move|p2a: Palafin|Jet Punch|p1a: Kingambit\n|-damage|p1a: Kingambit|0 fnt\n|faint|p1a: Kingambit\n|-end|p1a: Kingambit|fallen2|[silent]\n|\n|-weather|none\n|upkeep\n|\n|t:|1700857965\n|switch|p1a: Annihilape|Annihilape, F|100\/100\n|turn|14\n|\n|t:|1700857970\n|move|p2a: Palafin|Jet Punch|p1a: Annihilape\n|-damage|p1a: Annihilape|34\/100\n|move|p1a: Annihilape|Final Gambit|p2a: Palafin\n|-damage|p2a: Palafin|47\/100\n|faint|p1a: Annihilape\n|\n|upkeep\n|c|\u2606asreildreamrr124|ggs\n|\n|t:|1700857983\n|switch|p1a: Annihilape|Annihilape, F|100\/100\n|turn|15\n|c|\u2606asreildreamrr124|you win\n|\n|t:|1700857996\n|switch|p2a: Dragapult|Dragapult, M, shiny|82\/100\n|-damage|p2a: Dragapult|70\/100|[from] Stealth Rock\n|-terastallize|p1a: Annihilape|Water\n|move|p1a: Annihilape|Rage Fist|p2a: Dragapult\n|-supereffective|p2a: Dragapult\n|-damage|p2a: Dragapult|0 fnt\n|faint|p2a: Dragapult\n|\n|upkeep\n|\n|t:|1700858005\n|switch|p2a: Palafin|Palafin-Hero, M, shiny, tera:Water|47\/100\n|-damage|p2a: Palafin|34\/100|[from] Stealth Rock\n|turn|16\n|\n|t:|1700858011\n|move|p2a: Palafin|Jet Punch|p1a: Annihilape\n|-resisted|p1a: Annihilape\n|-damage|p1a: Annihilape|67\/100\n|move|p1a: Annihilape|Final Gambit|p2a: Palafin\n|-damage|p2a: Palafin|0 fnt\n|faint|p1a: Annihilape\n|faint|p2a: Palafin\n|\n|win|Guest 3107088\n|raw|Guest 3107088's rating: 1303 &rarr; <strong>1321<\/strong><br \/>(+18 for winning)\n|raw|asreildreamrr124's rating: 1260 &rarr; <strong>1238<\/strong><br \/>(-22 for losing)\n|l|\u2606asreildreamrr124\n","uploadtime":1700858019,"views":0,"p1id":"guest3107088","p2id":"asreildreamrr124","formatid":"gen9anythinggoes","rating":1238,"private":0,"password":""}