{"id":"gen9anythinggoes-1992756340","p1":"SexySunday","p2":"papahue","format":"[Gen 9] Anything Goes","log":"|j|\u2606SexySunday\n|j|\u2606papahue\n|t:|1700232617\n|gametype|singles\n|player|p1|SexySunday|waitress|1317\n|player|p2|papahue|170|1374\n|teamsize|p1|6\n|teamsize|p2|6\n|gen|9\n|tier|[Gen 9] Anything Goes\n|rated|\n|rule|HP Percentage Mod: HP is shown in percentages\n|rule|Endless Battle Clause: Forcing endless battles is banned\n|clearpoke\n|poke|p1|Calyrex-Shadow|\n|poke|p1|Houndstone, F|\n|poke|p1|Great Tusk|\n|poke|p1|Goodra-Hisui, F|\n|poke|p1|Ogerpon-Hearthflame, F|\n|poke|p1|Iron Valiant|\n|poke|p2|Espathra, F|\n|poke|p2|Grimmsnarl, M|\n|poke|p2|Torkoal, M|\n|poke|p2|Vaporeon, F|\n|poke|p2|Meowscarada, F|\n|poke|p2|Delphox, M|\n|teampreview\n|\n|t:|1700232630\n|start\n|switch|p1a: Great Tusk|Great Tusk|100\/100\n|switch|p2a: Ronald G. Snarls|Grimmsnarl, M|100\/100\n|-enditem|p1a: Great Tusk|Booster Energy\n|-activate|p1a: Great Tusk|ability: Protosynthesis|[fromitem]\n|-start|p1a: Great Tusk|protosynthesisatk\n|turn|1\n|\n|t:|1700232636\n|move|p1a: Great Tusk|Brick Break|p2a: Ronald G. Snarls\n|-damage|p2a: Ronald G. Snarls|34\/100\n|move|p2a: Ronald G. Snarls|Play Rough|p1a: Great Tusk\n|-supereffective|p1a: Great Tusk\n|-damage|p1a: Great Tusk|43\/100\n|\n|upkeep\n|turn|2\n|\n|t:|1700232642\n|move|p2a: Ronald G. Snarls|Parting Shot|p1a: Great Tusk\n|-unboost|p1a: Great Tusk|atk|1\n|-unboost|p1a: Great Tusk|spa|1\n|\n|t:|1700232646\n|switch|p2a: Salacia|Vaporeon, F|100\/100|[from] Parting Shot\n|move|p1a: Great Tusk|Brick Break|p2a: Salacia\n|-damage|p2a: Salacia|64\/100\n|\n|-heal|p2a: Salacia|70\/100|[from] item: Leftovers\n|upkeep\n|turn|3\n|\n|t:|1700232656\n|-terastallize|p1a: Great Tusk|Fighting\n|move|p1a: Great Tusk|Knock Off|p2a: Salacia\n|-damage|p2a: Salacia|43\/100\n|-enditem|p2a: Salacia|Leftovers|[from] move: Knock Off|[of] p1a: Great Tusk\n|move|p2a: Salacia|Scald|p1a: Great Tusk\n|-damage|p1a: Great Tusk|0 fnt\n|faint|p1a: Great Tusk\n|-end|p1a: Great Tusk|Protosynthesis|[silent]\n|\n|upkeep\n|\n|t:|1700232667\n|switch|p1a: Iron Valiant|Iron Valiant|100\/100\n|-enditem|p1a: Iron Valiant|Booster Energy\n|-activate|p1a: Iron Valiant|ability: Quark Drive|[fromitem]\n|-start|p1a: Iron Valiant|quarkdrivespe\n|turn|4\n|\n|t:|1700232674\n|move|p1a: Iron Valiant|Energy Ball|p2a: Salacia\n|-supereffective|p2a: Salacia\n|-damage|p2a: Salacia|0 fnt\n|faint|p2a: Salacia\n|\n|upkeep\n|\n|t:|1700232677\n|switch|p2a: Ronald G. Snarls|Grimmsnarl, M|34\/100\n|turn|5\n|\n|t:|1700232685\n|move|p2a: Ronald G. Snarls|Light Screen|p2a: Ronald G. Snarls\n|-sidestart|p2: papahue|move: Light Screen\n|move|p1a: Iron Valiant|Energy Ball|p2a: Ronald G. Snarls\n|-damage|p2a: Ronald G. Snarls|17\/100\n|\n|upkeep\n|turn|6\n|\n|t:|1700232696\n|move|p2a: Ronald G. Snarls|Reflect|p2a: Ronald G. Snarls\n|-sidestart|p2: papahue|Reflect\n|move|p1a: Iron Valiant|Energy Ball|p2a: Ronald G. Snarls\n|-damage|p2a: Ronald G. Snarls|2\/100\n|\n|upkeep\n|turn|7\n|\n|t:|1700232705\n|-end|p1a: Iron Valiant|Quark Drive|[silent]\n|switch|p1a: Goodra|Goodra-Hisui, F, shiny|100\/100\n|move|p2a: Ronald G. Snarls|Parting Shot|p1a: Goodra\n|-unboost|p1a: Goodra|atk|1\n|-unboost|p1a: Goodra|spa|1\n|\n|t:|1700232712\n|switch|p2a: Anat|Espathra, F|100\/100|[from] Parting Shot\n|\n|upkeep\n|turn|8\n|\n|t:|1700232719\n|move|p2a: Anat|Calm Mind|p2a: Anat\n|-boost|p2a: Anat|spa|1\n|-boost|p2a: Anat|spd|1\n|move|p1a: Goodra|Knock Off|p2a: Anat\n|-supereffective|p2a: Anat\n|-damage|p2a: Anat|79\/100\n|-enditem|p2a: Anat|Weakness Policy\n|-boost|p2a: Anat|atk|2|[from] item: Weakness Policy\n|-boost|p2a: Anat|spa|2|[from] item: Weakness Policy\n|\n|-ability|p2a: Anat|Speed Boost|boost\n|-boost|p2a: Anat|spe|1\n|upkeep\n|turn|9\n|\n|t:|1700232732\n|switch|p1a: Calyrex|Calyrex-Shadow|100\/100\n|-ability|p1a: Calyrex|As One\n|-ability|p1a: Calyrex|Unnerve\n|move|p2a: Anat|Protect||[still]\n|-fail|p2a: Anat\n|\n|-ability|p2a: Anat|Speed Boost|boost\n|-boost|p2a: Anat|spe|1\n|upkeep\n|turn|10\n|\n|t:|1700232742\n|move|p2a: Anat|Calm Mind|p2a: Anat\n|-boost|p2a: Anat|spa|1\n|-boost|p2a: Anat|spd|1\n|move|p1a: Calyrex|Calm Mind|p1a: Calyrex\n|-boost|p1a: Calyrex|spa|1\n|-boost|p1a: Calyrex|spd|1\n|\n|-ability|p2a: Anat|Speed Boost|boost\n|-boost|p2a: Anat|spe|1\n|upkeep\n|turn|11\n|\n|t:|1700232750\n|move|p2a: Anat|Baton Pass|p2a: Anat\n|\n|t:|1700232752\n|switch|p2a: Delphox|Delphox, M|100\/100|[from] Baton Pass\n|move|p1a: Calyrex|Astral Barrage|p2a: Delphox\n|-supereffective|p2a: Delphox\n|-damage|p2a: Delphox|47\/100\n|\n|upkeep\n|turn|12\n|\n|t:|1700232759\n|-terastallize|p2a: Delphox|Fire\n|move|p2a: Delphox|Flamethrower|p1a: Calyrex\n|-damage|p1a: Calyrex|4\/100\n|-heal|p2a: Delphox|58\/100|[from] item: Shell Bell|[of] p1a: Calyrex\n|move|p1a: Calyrex|Astral Barrage|p2a: Delphox\n|-damage|p2a: Delphox|33\/100\n|\n|-sideend|p2: papahue|move: Light Screen\n|upkeep\n|turn|13\n|\n|t:|1700232776\n|move|p2a: Delphox|Flamethrower|p1a: Calyrex\n|-damage|p1a: Calyrex|0 fnt\n|faint|p1a: Calyrex\n|-heal|p2a: Delphox|33\/100|[from] item: Shell Bell|[of] p1: Calyrex\n|\n|-sideend|p2: papahue|Reflect\n|upkeep\n|\n|t:|1700232792\n|switch|p1a: Iron Valiant|Iron Valiant|100\/100\n|turn|14\n|\n|t:|1700232799\n|move|p2a: Delphox|Stored Power|p1a: Iron Valiant\n|-supereffective|p1a: Iron Valiant\n|-damage|p1a: Iron Valiant|0 fnt\n|faint|p1a: Iron Valiant\n|-end|p1a: Iron Valiant|Quark Drive|[silent]\n|-heal|p2a: Delphox|43\/100|[from] item: Shell Bell|[of] p1: Iron Valiant\n|\n|upkeep\n|\n|t:|1700232807\n|switch|p1a: Houndstone|Houndstone, F|100\/100\n|turn|15\n|\n|t:|1700232810\n|move|p2a: Delphox|Flamethrower|p1a: Houndstone\n|-crit|p1a: Houndstone\n|-damage|p1a: Houndstone|0 fnt\n|faint|p1a: Houndstone\n|-heal|p2a: Delphox|53\/100|[from] item: Shell Bell|[of] p1: Houndstone\n|\n|upkeep\n|-message|SexySunday forfeited.\n|\n|win|papahue\n|raw|SexySunday's rating: 1317 &rarr; <strong>1300<\/strong><br \/>(-17 for losing)\n|raw|papahue's rating: 1374 &rarr; <strong>1391<\/strong><br \/>(+17 for winning)\n|l|\u2606SexySunday\n","uploadtime":1700232823,"views":5,"p1id":"sexysunday","p2id":"papahue","formatid":"gen9anythinggoes","rating":1300,"private":0,"password":""}