{"id":"gen9anythinggoes-1978127030","p1":"OsCraCker2","p2":"i'm drunk xd","format":"[Gen 9] Anything Goes","log":"|j|\u2606OsCraCker2\n|j|\u2606i'm drunk xd\n|t:|1698502713\n|gametype|singles\n|player|p1|OsCraCker2|169|1289\n|player|p2|i'm drunk xd|cynthia|1300\n|teamsize|p1|6\n|teamsize|p2|6\n|gen|9\n|tier|[Gen 9] Anything Goes\n|rated|\n|rule|HP Percentage Mod: HP is shown in percentages\n|rule|Endless Battle Clause: Forcing endless battles is banned\n|clearpoke\n|poke|p1|Miraidon|\n|poke|p1|Kingambit, M|\n|poke|p1|Talonflame, M|\n|poke|p1|Hawlucha, M|\n|poke|p1|Toxtricity, M|\n|poke|p1|Gyarados, M|\n|poke|p2|Ogerpon, F|\n|poke|p2|Tinkaton, F|\n|poke|p2|Iron Valiant|\n|poke|p2|Gholdengo|\n|poke|p2|Grimmsnarl, M|\n|poke|p2|Miraidon|\n|teampreview\n|c|\u2606i'm drunk xd|glhf ;)\n|\n|t:|1698502735\n|start\n|switch|p1a: Talonflame|Talonflame, M, shiny|100\/100\n|switch|p2a: Drinkaton|Tinkaton, F|100\/100\n|turn|1\n|\n|t:|1698502748\n|move|p1a: Talonflame|Flare Blitz|p2a: Drinkaton\n|-supereffective|p2a: Drinkaton\n|-enditem|p2a: Drinkaton|Focus Sash\n|-damage|p2a: Drinkaton|1\/100\n|-damage|p1a: Talonflame|67\/100|[from] Recoil\n|move|p2a: Drinkaton|Stealth Rock|p1a: Talonflame\n|-sidestart|p1: OsCraCker2|move: Stealth Rock\n|\n|upkeep\n|turn|2\n|\n|t:|1698502759\n|move|p1a: Talonflame|Tailwind|p1a: Talonflame\n|-sidestart|p1: OsCraCker2|move: Tailwind\n|move|p2a: Drinkaton|Knock Off|p1a: Talonflame\n|-damage|p1a: Talonflame|30\/100\n|-enditem|p1a: Talonflame|Focus Sash|[from] move: Knock Off|[of] p2a: Drinkaton\n|\n|upkeep\n|turn|3\n|\n|t:|1698502768\n|move|p1a: Talonflame|Flare Blitz|p2a: Drinkaton\n|-supereffective|p2a: Drinkaton\n|-damage|p2a: Drinkaton|0 fnt\n|faint|p2a: Drinkaton\n|-damage|p1a: Talonflame|30\/100|[from] Recoil\n|\n|upkeep\n|\n|t:|1698502774\n|switch|p2a: e621|Miraidon|100\/100\n|-fieldstart|move: Electric Terrain|[from] ability: Hadron Engine|[of] p2a: e621\n|turn|4\n|\n|t:|1698502782\n|move|p1a: Talonflame|Flare Blitz|p2a: e621\n|-resisted|p2a: e621\n|-damage|p2a: e621|77\/100\n|-damage|p1a: Talonflame|21\/100|[from] Recoil\n|move|p2a: e621|Volt Switch|p1a: Talonflame\n|-supereffective|p1a: Talonflame\n|-damage|p1a: Talonflame|0 fnt\n|faint|p1a: Talonflame\n|\n|t:|1698502790\n|switch|p2a: Murder Drone|Iron Valiant, shiny|100\/100|[from] Volt Switch\n|-activate|p2a: Murder Drone|ability: Quark Drive\n|-start|p2a: Murder Drone|quarkdrivespe\n|\n|upkeep\n|\n|t:|1698502803\n|switch|p1a: Gyarados|Gyarados, M, shiny|100\/100\n|-damage|p1a: Gyarados|76\/100|[from] Stealth Rock\n|turn|5\n|\n|t:|1698502809\n|move|p2a: Murder Drone|Thunderbolt|p1a: Gyarados\n|-supereffective|p1a: Gyarados\n|-damage|p1a: Gyarados|0 fnt\n|faint|p1a: Gyarados\n|\n|-sideend|p1: OsCraCker2|move: Tailwind\n|upkeep\n|\n|t:|1698502837\n|switch|p1a: Hawlucha|Hawlucha, M|100\/100\n|-damage|p1a: Hawlucha|88\/100|[from] Stealth Rock\n|-enditem|p1a: Hawlucha|Electric Seed\n|-boost|p1a: Hawlucha|def|1|[from] item: Electric Seed\n|turn|6\n|\n|t:|1698502843\n|move|p1a: Hawlucha|Acrobatics|p2a: Murder Drone\n|-supereffective|p2a: Murder Drone\n|-enditem|p2a: Murder Drone|Focus Sash\n|-damage|p2a: Murder Drone|1\/100\n|move|p2a: Murder Drone|Moonblast|p1a: Hawlucha\n|-supereffective|p1a: Hawlucha\n|-damage|p1a: Hawlucha|0 fnt\n|faint|p1a: Hawlucha\n|\n|upkeep\n|\n|t:|1698502868\n|switch|p1a: Kingambit|Kingambit, M|100\/100\n|-damage|p1a: Kingambit|94\/100|[from] Stealth Rock\n|-activate|p1a: Kingambit|ability: Supreme Overlord\n|-start|p1a: Kingambit|fallen3|[silent]\n|turn|7\n|\n|t:|1698502876\n|-end|p2a: Murder Drone|Quark Drive|[silent]\n|switch|p2a: Kain|Grimmsnarl, M, shiny|100\/100\n|move|p1a: Kingambit|Sucker Punch||[still]\n|-fail|p1a: Kingambit\n|\n|upkeep\n|turn|8\n|\n|t:|1698502881\n|move|p2a: Kain|Reflect|p2a: Kain\n|-sidestart|p2: i'm drunk xd|Reflect\n|move|p1a: Kingambit|Iron Head|p2a: Kain\n|-supereffective|p2a: Kain\n|-damage|p2a: Kain|39\/100\n|\n|-fieldend|move: Electric Terrain\n|upkeep\n|turn|9\n|\n|t:|1698502902\n|switch|p2a: e621|Miraidon|77\/100\n|-fieldstart|move: Electric Terrain|[from] ability: Hadron Engine|[of] p2a: e621\n|move|p1a: Kingambit|Iron Head|p2a: e621\n|-resisted|p2a: e621\n|-damage|p2a: e621|62\/100\n|\n|upkeep\n|turn|10\n|\n|t:|1698502912\n|-end|p1a: Kingambit|fallen3|[silent]\n|switch|p1a: Toxtricity|Toxtricity, M|100\/100\n|-damage|p1a: Toxtricity|88\/100|[from] Stealth Rock\n|move|p2a: e621|Electro Drift|p1a: Toxtricity\n|-resisted|p1a: Toxtricity\n|-damage|p1a: Toxtricity|14\/100\n|\n|upkeep\n|turn|11\n|\n|t:|1698502920\n|move|p2a: e621|Electro Drift|p1a: Toxtricity\n|-resisted|p1a: Toxtricity\n|-damage|p1a: Toxtricity|0 fnt\n|faint|p1a: Toxtricity\n|\n|upkeep\n|\n|t:|1698502926\n|switch|p1a: Miraidon|Miraidon|100\/100\n|-damage|p1a: Miraidon|88\/100|[from] Stealth Rock\n|-activate|p1a: Miraidon|ability: Hadron Engine\n|turn|12\n|\n|t:|1698502934\n|switch|p2a: Kain|Grimmsnarl, M, shiny|39\/100\n|-terastallize|p1a: Miraidon|Fairy\n|move|p1a: Miraidon|Dazzling Gleam|p2a: Kain\n|-supereffective|p2a: Kain\n|-damage|p2a: Kain|0 fnt\n|faint|p2a: Kain\n|\n|-heal|p1a: Miraidon|94\/100|[from] item: Leftovers\n|upkeep\n|\n|t:|1698502945\n|switch|p2a: Pawn Shop|Gholdengo, shiny|100\/100\n|turn|13\n|\n|t:|1698502958\n|move|p2a: Pawn Shop|Make It Rain|p1a: Miraidon\n|-supereffective|p1a: Miraidon\n|-damage|p1a: Miraidon|0 fnt\n|-unboost|p2a: Pawn Shop|spa|1\n|faint|p1a: Miraidon\n|\n|-fieldend|move: Electric Terrain\n|upkeep\n|\n|t:|1698502966\n|switch|p1a: Kingambit|Kingambit, M|94\/100\n|-damage|p1a: Kingambit|88\/100|[from] Stealth Rock\n|-activate|p1a: Kingambit|ability: Supreme Overlord\n|-start|p1a: Kingambit|fallen5|[silent]\n|turn|14\n|\n|t:|1698502979\n|switch|p2a: e621|Miraidon|62\/100\n|-fieldstart|move: Electric Terrain|[from] ability: Hadron Engine|[of] p2a: e621\n|move|p1a: Kingambit|Kowtow Cleave|p2a: e621\n|-damage|p2a: e621|24\/100\n|\n|upkeep\n|turn|15\n|\n|t:|1698502987\n|move|p1a: Kingambit|Sucker Punch|p2a: e621\n|-damage|p2a: e621|0 fnt\n|faint|p2a: e621\n|\n|-sideend|p2: i'm drunk xd|Reflect\n|upkeep\n|\n|t:|1698502992\n|switch|p2a: Murder Drone|Iron Valiant, shiny|1\/100\n|-activate|p2a: Murder Drone|ability: Quark Drive\n|-start|p2a: Murder Drone|quarkdrivespe\n|turn|16\n|\n|t:|1698502997\n|move|p1a: Kingambit|Sucker Punch||[still]\n|-fail|p1a: Kingambit\n|move|p2a: Murder Drone|Destiny Bond|p2a: Murder Drone\n|-singlemove|p2a: Murder Drone|Destiny Bond\n|\n|upkeep\n|turn|17\n|\n|t:|1698503005\n|move|p1a: Kingambit|Sucker Punch|p2a: Murder Drone\n|-resisted|p2a: Murder Drone\n|-damage|p2a: Murder Drone|0 fnt\n|faint|p2a: Murder Drone\n|-activate|p2a: Murder Drone|move: Destiny Bond\n|-end|p2a: Murder Drone|Quark Drive|[silent]\n|faint|p1a: Kingambit\n|-end|p1a: Kingambit|fallen5|[silent]\n|\n|win|i'm drunk xd\n|raw|OsCraCker2's rating: 1289 &rarr; <strong>1265<\/strong><br \/>(-24 for losing)\n|raw|i&apos;m drunk xd's rating: 1300 &rarr; <strong>1324<\/strong><br \/>(+24 for winning)\n|c|\u2606i'm drunk xd|gg!\n|l|\u2606OsCraCker2\n","uploadtime":1698503029,"views":13,"p1id":"oscracker2","p2id":"imdrunkxd","formatid":"gen9anythinggoes","rating":1265,"private":0,"password":""}