{"id":"gen9anythinggoes-1993746810","p1":"Enitiy","p2":"Gex0n","format":"[Gen 9] Anything Goes","log":"|j|\u2606Enitiy\n|j|\u2606Gex0n\n|t:|1700352386\n|gametype|singles\n|player|p1|Enitiy|ninjaboy|1149\n|player|p2|Gex0n|drayden|1202\n|teamsize|p1|2\n|teamsize|p2|6\n|gen|9\n|tier|[Gen 9] Anything Goes\n|rated|\n|rule|HP Percentage Mod: HP is shown in percentages\n|rule|Endless Battle Clause: Forcing endless battles is banned\n|clearpoke\n|poke|p1|Ogerpon-Hearthflame, F|\n|poke|p1|Polteageist-Antique|\n|poke|p2|Goodra, F|\n|poke|p2|Vaporeon, F|\n|poke|p2|Clefable, M|\n|poke|p2|Lucario, M|\n|poke|p2|Salamence, F|\n|poke|p2|Forretress, F|\n|teampreview\n|\n|t:|1700352397\n|start\n|switch|p1a: Ogerpon|Ogerpon-Hearthflame, F|100\/100\n|switch|p2a: Vaporeon|Vaporeon, F|100\/100\n|-ability|p1a: Ogerpon|Mold Breaker\n|turn|1\n|\n|t:|1700352404\n|move|p1a: Ogerpon|Swords Dance|p1a: Ogerpon\n|-boost|p1a: Ogerpon|atk|2\n|move|p2a: Vaporeon|Yawn|p1a: Ogerpon\n|-start|p1a: Ogerpon|move: Yawn|[of] p2a: Vaporeon\n|\n|upkeep\n|turn|2\n|\n|t:|1700352410\n|switch|p1a: Polteageist|Polteageist-Antique|100\/100\n|-terastallize|p2a: Vaporeon|Fire\n|move|p2a: Vaporeon|Calm Mind|p2a: Vaporeon\n|-boost|p2a: Vaporeon|spa|1\n|-boost|p2a: Vaporeon|spd|1\n|\n|upkeep\n|turn|3\n|\n|t:|1700352417\n|move|p1a: Polteageist|Shell Smash|p1a: Polteageist\n|-unboost|p1a: Polteageist|def|1\n|-unboost|p1a: Polteageist|spd|1\n|-boost|p1a: Polteageist|atk|2\n|-boost|p1a: Polteageist|spa|2\n|-boost|p1a: Polteageist|spe|2\n|move|p2a: Vaporeon|Yawn|p1a: Polteageist\n|-start|p1a: Polteageist|move: Yawn|[of] p2a: Vaporeon\n|\n|upkeep\n|turn|4\n|\n|t:|1700352426\n|move|p1a: Polteageist|Shadow Ball|p2a: Vaporeon\n|-damage|p2a: Vaporeon|59\/100\n|move|p2a: Vaporeon|Calm Mind|p2a: Vaporeon\n|-boost|p2a: Vaporeon|spa|1\n|-boost|p2a: Vaporeon|spd|1\n|\n|-heal|p2a: Vaporeon|65\/100|[from] item: Leftovers\n|-end|p1a: Polteageist|move: Yawn|[silent]\n|-status|p1a: Polteageist|slp\n|upkeep\n|turn|5\n|\n|t:|1700352435\n|cant|p1a: Polteageist|slp\n|move|p2a: Vaporeon|Wish|p2a: Vaporeon\n|\n|-heal|p2a: Vaporeon|71\/100|[from] item: Leftovers\n|upkeep\n|turn|6\n|\n|t:|1700352441\n|-curestatus|p1a: Polteageist|slp|[msg]\n|move|p1a: Polteageist|Psychic|p2a: Vaporeon\n|-damage|p2a: Vaporeon|46\/100\n|move|p2a: Vaporeon|Calm Mind|p2a: Vaporeon\n|-boost|p2a: Vaporeon|spa|1\n|-boost|p2a: Vaporeon|spd|1\n|\n|-heal|p2a: Vaporeon|96\/100|[from] move: Wish|[wisher] Vaporeon\n|-heal|p2a: Vaporeon|100\/100|[from] item: Leftovers\n|upkeep\n|turn|7\n|\n|t:|1700352455\n|switch|p1a: Ogerpon|Ogerpon-Hearthflame, F|100\/100\n|-ability|p1a: Ogerpon|Mold Breaker\n|move|p2a: Vaporeon|Yawn|p1a: Ogerpon\n|-start|p1a: Ogerpon|move: Yawn|[of] p2a: Vaporeon\n|\n|upkeep\n|turn|8\n|\n|t:|1700352463\n|switch|p1a: Polteageist|Polteageist-Antique|100\/100\n|move|p2a: Vaporeon|Calm Mind|p2a: Vaporeon\n|-boost|p2a: Vaporeon|spa|1\n|-boost|p2a: Vaporeon|spd|1\n|\n|upkeep\n|turn|9\n|\n|t:|1700352470\n|move|p1a: Polteageist|Psychic|p2a: Vaporeon\n|-damage|p2a: Vaporeon|92\/100\n|move|p2a: Vaporeon|Yawn|p1a: Polteageist\n|-start|p1a: Polteageist|move: Yawn|[of] p2a: Vaporeon\n|\n|-heal|p2a: Vaporeon|99\/100|[from] item: Leftovers\n|upkeep\n|turn|10\n|\n|t:|1700352478\n|move|p1a: Polteageist|Shell Smash|p1a: Polteageist\n|-unboost|p1a: Polteageist|def|1\n|-unboost|p1a: Polteageist|spd|1\n|-boost|p1a: Polteageist|atk|2\n|-boost|p1a: Polteageist|spa|2\n|-boost|p1a: Polteageist|spe|2\n|move|p2a: Vaporeon|Calm Mind|p2a: Vaporeon\n|-boost|p2a: Vaporeon|spa|1\n|-boost|p2a: Vaporeon|spd|1\n|\n|-heal|p2a: Vaporeon|100\/100|[from] item: Leftovers\n|-end|p1a: Polteageist|move: Yawn|[silent]\n|-status|p1a: Polteageist|slp\n|upkeep\n|turn|11\n|\n|t:|1700352481\n|cant|p1a: Polteageist|slp\n|move|p2a: Vaporeon|Calm Mind|p2a: Vaporeon\n|-boost|p2a: Vaporeon|spa|1\n|-boost|p2a: Vaporeon|spd|1\n|\n|upkeep\n|turn|12\n|\n|t:|1700352485\n|cant|p1a: Polteageist|slp\n|move|p2a: Vaporeon|Stored Power|p1a: Polteageist\n|-enditem|p1a: Polteageist|Focus Sash\n|-damage|p1a: Polteageist|1\/100 slp\n|\n|upkeep\n|turn|13\n|\n|t:|1700352492\n|cant|p1a: Polteageist|slp\n|move|p2a: Vaporeon|Stored Power|p1a: Polteageist\n|-damage|p1a: Polteageist|0 fnt\n|faint|p1a: Polteageist\n|\n|upkeep\n|\n|t:|1700352495\n|switch|p1a: Ogerpon|Ogerpon-Hearthflame, F|100\/100\n|-ability|p1a: Ogerpon|Mold Breaker\n|turn|14\n|\n|t:|1700352499\n|move|p1a: Ogerpon|Ivy Cudgel|p2a: Vaporeon|[anim] Ivy Cudgel Fire\n|-resisted|p2a: Vaporeon\n|-damage|p2a: Vaporeon|81\/100\n|move|p2a: Vaporeon|Stored Power|p1a: Ogerpon\n|-damage|p1a: Ogerpon|0 fnt\n|faint|p1a: Ogerpon\n|\n|win|Gex0n\n|raw|Enitiy's rating: 1149 &rarr; <strong>1128<\/strong><br \/>(-21 for losing)\n|raw|Gex0n's rating: 1202 &rarr; <strong>1223<\/strong><br \/>(+21 for winning)\n|l|\u2606Enitiy\n","uploadtime":1700352528,"views":3,"p1id":"enitiy","p2id":"gex0n","formatid":"gen9anythinggoes","rating":1128,"private":0,"password":""}