{"id":"gen9anythinggoes-1977370743","p1":"fleeblefloop","p2":"Celentinel","format":"[Gen 9] Anything Goes","log":"|j|\u2606fleeblefloop\n|j|\u2606Celentinel\n|t:|1698410785\n|gametype|singles\n|player|p1|fleeblefloop|266|1110\n|player|p2|Celentinel|2|1120\n|teamsize|p1|6\n|teamsize|p2|2\n|gen|9\n|tier|[Gen 9] Anything Goes\n|rated|\n|rule|HP Percentage Mod: HP is shown in percentages\n|rule|Endless Battle Clause: Forcing endless battles is banned\n|clearpoke\n|poke|p1|Basculegion, M|\n|poke|p1|Chansey, F|\n|poke|p1|Revavroom, M|\n|poke|p1|Eelektross, M|\n|poke|p1|Decidueye-Hisui, M|\n|poke|p1|Sandy Shocks|\n|poke|p2|Maushold-Four|\n|poke|p2|Krookodile, M|\n|teampreview\n|inactive|Battle timer is ON: inactive players will automatically lose when time's up. (requested by Celentinel)\n|\n|t:|1698410792\n|start\n|switch|p1a: Decidueye|Decidueye-Hisui, M|100\/100\n|switch|p2a: Maushold|Maushold-Four, shiny|100\/100\n|turn|1\n|c|\u2606Celentinel|Basculegion scares me\n|\n|t:|1698410806\n|move|p2a: Maushold|Tidy Up|p2a: Maushold\n|-boost|p2a: Maushold|atk|1\n|-boost|p2a: Maushold|spe|1\n|move|p1a: Decidueye|Bulk Up|p1a: Decidueye\n|-boost|p1a: Decidueye|atk|1\n|-boost|p1a: Decidueye|def|1\n|\n|upkeep\n|turn|2\n|\n|t:|1698410821\n|move|p2a: Maushold|Baton Pass|p2a: Maushold\n|\n|t:|1698410822\n|switch|p2a: Krookodile|Krookodile, M, shiny|100\/100|[from] Baton Pass\n|move|p1a: Decidueye|Triple Arrows|p2a: Krookodile\n|-supereffective|p2a: Krookodile\n|-damage|p2a: Krookodile|0 fnt\n|faint|p2a: Krookodile\n|\n|upkeep\n|c|\u2606Celentinel|Welp\n|n|!fleeblefloop|fleeblefloop\n|\n|t:|1698410832\n|switch|p2a: Maushold|Maushold-Four, shiny|100\/100\n|turn|3\n|\n|t:|1698410835\n|move|p2a: Maushold|Tidy Up|p2a: Maushold\n|-boost|p2a: Maushold|atk|1\n|-boost|p2a: Maushold|spe|1\n|move|p1a: Decidueye|Triple Arrows|p2a: Maushold\n|-supereffective|p2a: Maushold\n|-enditem|p2a: Maushold|Focus Sash\n|-damage|p2a: Maushold|1\/100\n|-unboost|p2a: Maushold|def|1\n|\n|upkeep\n|turn|4\n|\n|t:|1698410845\n|-terastallize|p2a: Maushold|Normal\n|move|p2a: Maushold|Population Bomb|p1a: Decidueye\n|-crit|p1a: Decidueye\n|-damage|p1a: Decidueye|67\/100\n|-damage|p1a: Decidueye|52\/100\n|-damage|p1a: Decidueye|37\/100\n|-damage|p1a: Decidueye|21\/100\n|-damage|p1a: Decidueye|4\/100\n|-damage|p1a: Decidueye|0 fnt\n|faint|p1a: Decidueye\n|-hitcount|p1: Decidueye|6\n|\n|upkeep\n|\n|t:|1698410851\n|switch|p1a: Basculegion|Basculegion, M|100\/100\n|turn|5\n|\n|t:|1698410867\n|move|p2a: Maushold|Population Bomb|p1a: Basculegion\n|-immune|p1a: Basculegion\n|move|p1a: Basculegion|Surf|p2a: Maushold\n|-damage|p2a: Maushold|0 fnt\n|faint|p2a: Maushold\n|\n|win|fleeblefloop\n|raw|fleeblefloop's rating: 1110 &rarr; <strong>1136<\/strong><br \/>(+26 for winning)\n|raw|Celentinel's rating: 1120 &rarr; <strong>1094<\/strong><br \/>(-26 for losing)\n","uploadtime":1698410832,"views":10,"p1id":"fleeblefloop","p2id":"celentinel","formatid":"gen9anythinggoes","rating":1094,"private":0,"password":""}