{"id":"gen9anythinggoes-1994681077","p1":"cebolaamassada","p2":"Luigi3641","format":"[Gen 9] Anything Goes","log":"|j|\u2606cebolaamassada\n|j|\u2606Luigi3641\n|t:|1700480179\n|gametype|singles\n|player|p1|cebolaamassada|hiker-gen4|1210\n|player|p2|Luigi3641|juggler|1210\n|teamsize|p1|6\n|teamsize|p2|6\n|gen|9\n|tier|[Gen 9] Anything Goes\n|rated|\n|rule|HP Percentage Mod: HP is shown in percentages\n|rule|Endless Battle Clause: Forcing endless battles is banned\n|clearpoke\n|poke|p1|Forretress, F|\n|poke|p1|Dragonite, M|\n|poke|p1|Murkrow, M|\n|poke|p1|Toxapex, M|\n|poke|p1|Iron Moth|\n|poke|p1|Espeon, M|\n|poke|p2|Cetitan, M|\n|poke|p2|Frosmoth, M|\n|poke|p2|Toxtricity, F|\n|poke|p2|Meloetta|\n|poke|p2|Zoroark, F|\n|poke|p2|Brute Bonnet|\n|teampreview\n|\n|t:|1700480193\n|start\n|switch|p1a: Forretress|Forretress, F|100\/100\n|switch|p2a: Meloetta|Meloetta|100\/100\n|turn|1\n|c|\u2606Luigi3641|Glhf\n|\n|t:|1700480203\n|move|p2a: Meloetta|Relic Song|p1a: Forretress\n|-resisted|p1a: Forretress\n|-damage|p1a: Forretress|79\/100\n|-formechange|p2a: Meloetta|Meloetta-Pirouette|[msg]\n|move|p1a: Forretress|Stealth Rock|p2a: Meloetta\n|-sidestart|p2: Luigi3641|move: Stealth Rock\n|\n|upkeep\n|turn|2\n|\n|t:|1700480219\n|move|p2a: Meloetta|Close Combat|p1a: Forretress\n|-crit|p1a: Forretress\n|-damage|p1a: Forretress|0 fnt\n|-unboost|p2a: Meloetta|def|1\n|-unboost|p2a: Meloetta|spd|1\n|faint|p1a: Forretress\n|\n|upkeep\n|\n|t:|1700480235\n|switch|p1a: Toxapex|Toxapex, M|100\/100\n|turn|3\n|\n|t:|1700480240\n|move|p1a: Toxapex|Baneful Bunker|p1a: Toxapex\n|-singleturn|p1a: Toxapex|move: Protect\n|move|p2a: Meloetta|Relic Song|p1a: Toxapex\n|-activate|p1a: Toxapex|move: Protect\n|\n|upkeep\n|turn|4\n|\n|t:|1700480250\n|switch|p2a: Frosmoth|Frosmoth, M|100\/100\n|-damage|p2a: Frosmoth|51\/100|[from] Stealth Rock\n|move|p1a: Toxapex|Toxic|p2a: Frosmoth\n|-status|p2a: Frosmoth|tox\n|\n|-damage|p2a: Frosmoth|45\/100 tox|[from] psn\n|upkeep\n|turn|5\n|\n|t:|1700480260\n|move|p1a: Toxapex|Baneful Bunker|p1a: Toxapex\n|-singleturn|p1a: Toxapex|move: Protect\n|move|p2a: Frosmoth|Snowscape|p2a: Frosmoth\n|-weather|Snow\n|\n|-weather|Snow|[upkeep]\n|-damage|p2a: Frosmoth|32\/100 tox|[from] psn\n|upkeep\n|turn|6\n|\n|t:|1700480278\n|switch|p1a: Iron Moth|Iron Moth|100\/100\n|-enditem|p1a: Iron Moth|Booster Energy\n|-activate|p1a: Iron Moth|ability: Quark Drive|[fromitem]\n|-start|p1a: Iron Moth|quarkdrivespa\n|move|p2a: Frosmoth|Aurora Veil|p2a: Frosmoth\n|-sidestart|p2: Luigi3641|move: Aurora Veil\n|\n|-weather|Snow|[upkeep]\n|-damage|p2a: Frosmoth|14\/100 tox|[from] psn\n|upkeep\n|turn|7\n|\n|t:|1700480289\n|move|p1a: Iron Moth|Fiery Dance|p2a: Frosmoth\n|-supereffective|p2a: Frosmoth\n|-crit|p2a: Frosmoth\n|-damage|p2a: Frosmoth|0 fnt\n|faint|p2a: Frosmoth\n|\n|-weather|Snow|[upkeep]\n|upkeep\n|\n|t:|1700480300\n|switch|p2a: Toxtricity|Toxtricity, F|100\/100\n|-damage|p2a: Toxtricity|88\/100|[from] Stealth Rock\n|turn|8\n|\n|t:|1700480309\n|move|p1a: Iron Moth|Fiery Dance|p2a: Toxtricity\n|-damage|p2a: Toxtricity|27\/100\n|replace|p2a: Zoroark|Zoroark, F\n|-end|p2a: Zoroark|Illusion\n|move|p2a: Zoroark|Dark Pulse|p1a: Iron Moth\n|-damage|p1a: Iron Moth|56\/100\n|\n|-weather|Snow|[upkeep]\n|upkeep\n|turn|9\n|\n|t:|1700480323\n|move|p1a: Iron Moth|Fiery Dance|p2a: Zoroark\n|-crit|p2a: Zoroark\n|-damage|p2a: Zoroark|0 fnt\n|faint|p2a: Zoroark\n|\n|-weather|none\n|upkeep\n|\n|t:|1700480330\n|switch|p2a: Toxtricity|Toxtricity, F|100\/100\n|-damage|p2a: Toxtricity|88\/100|[from] Stealth Rock\n|turn|10\n|\n|t:|1700480341\n|-terastallize|p2a: Toxtricity|Normal\n|move|p1a: Iron Moth|Fiery Dance|p2a: Toxtricity\n|-damage|p2a: Toxtricity|40\/100\n|move|p2a: Toxtricity|Boomburst|p1a: Iron Moth\n|-damage|p1a: Iron Moth|0 fnt\n|faint|p1a: Iron Moth\n|-end|p1a: Iron Moth|Quark Drive|[silent]\n|-enditem|p2a: Toxtricity|Throat Spray\n|-boost|p2a: Toxtricity|spa|1|[from] item: Throat Spray\n|\n|-sideend|p2: Luigi3641|move: Aurora Veil\n|upkeep\n|\n|t:|1700480361\n|switch|p1a: Toxapex|Toxapex, M|100\/100\n|turn|11\n|\n|t:|1700480373\n|move|p2a: Toxtricity|Overdrive|p1a: Toxapex\n|-supereffective|p1a: Toxapex\n|-damage|p1a: Toxapex|0 fnt\n|faint|p1a: Toxapex\n|\n|upkeep\n|\n|t:|1700480378\n|switch|p1a: Espeon|Espeon, M|100\/100\n|turn|12\n|\n|t:|1700480382\n|move|p1a: Espeon|Trick|p2a: Toxtricity\n|-activate|p1a: Espeon|move: Trick|[of] p2a: Toxtricity\n|-item|p2a: Toxtricity|Toxic Orb|[from] move: Trick\n|-enditem|p1a: Espeon|Toxic Orb|[silent]|[from] move: Trick\n|move|p2a: Toxtricity|Boomburst|p1a: Espeon\n|-damage|p1a: Espeon|0 fnt\n|faint|p1a: Espeon\n|\n|-status|p2a: Toxtricity|tox|[from] item: Toxic Orb\n|upkeep\n|\n|t:|1700480412\n|switch|p1a: Dragonite|Dragonite, M|100\/100\n|turn|13\n|\n|t:|1700480418\n|move|p1a: Dragonite|Extreme Speed|p2a: Toxtricity\n|-damage|p2a: Toxtricity|0 fnt\n|faint|p2a: Toxtricity\n|\n|upkeep\n|\n|t:|1700480423\n|switch|p2a: Cetitan|Cetitan, M|100\/100\n|-damage|p2a: Cetitan|76\/100|[from] Stealth Rock\n|turn|14\n|\n|t:|1700480434\n|move|p1a: Dragonite|Earthquake|p2a: Cetitan\n|-damage|p2a: Cetitan|38\/100\n|-enditem|p2a: Cetitan|Sitrus Berry|[eat]\n|-heal|p2a: Cetitan|63\/100|[from] item: Sitrus Berry\n|move|p2a: Cetitan|Ice Spinner|p1a: Dragonite\n|-supereffective|p1a: Dragonite\n|-damage|p1a: Dragonite|18\/100\n|\n|upkeep\n|turn|15\n|\n|t:|1700480450\n|move|p1a: Dragonite|Earthquake|p2a: Cetitan\n|-damage|p2a: Cetitan|25\/100\n|move|p2a: Cetitan|Ice Spinner|p1a: Dragonite\n|-supereffective|p1a: Dragonite\n|-damage|p1a: Dragonite|0 fnt\n|faint|p1a: Dragonite\n|\n|upkeep\n|\n|t:|1700480458\n|switch|p1a: Murkrow|Murkrow, M|100\/100\n|turn|16\n|\n|t:|1700480471\n|move|p2a: Cetitan|Ice Spinner|p1a: Murkrow\n|-supereffective|p1a: Murkrow\n|-crit|p1a: Murkrow\n|-enditem|p1a: Murkrow|Focus Sash\n|-damage|p1a: Murkrow|1\/100\n|move|p1a: Murkrow|Whirlwind|p2a: Cetitan\n|drag|p2a: Brute Bonnet|Brute Bonnet|100\/100\n|-damage|p2a: Brute Bonnet|88\/100|[from] Stealth Rock\n|-enditem|p2a: Brute Bonnet|Booster Energy\n|-activate|p2a: Brute Bonnet|ability: Protosynthesis|[fromitem]\n|-start|p2a: Brute Bonnet|protosynthesisatk\n|\n|upkeep\n|turn|17\n|\n|t:|1700480485\n|move|p1a: Murkrow|Taunt|p2a: Brute Bonnet\n|-hint|Since gen 7, Dark is immune to Prankster moves.\n|-immune|p2a: Brute Bonnet\n|move|p2a: Brute Bonnet|Seed Bomb|p1a: Murkrow\n|-resisted|p1a: Murkrow\n|-damage|p1a: Murkrow|0 fnt\n|faint|p1a: Murkrow\n|\n|win|Luigi3641\n|raw|cebolaamassada's rating: 1210 &rarr; <strong>1185<\/strong><br \/>(-25 for losing)\n|raw|Luigi3641's rating: 1210 &rarr; <strong>1235<\/strong><br \/>(+25 for winning)\n|c|\u2606Luigi3641|gg\n|l|\u2606cebolaamassada\n","uploadtime":1700480501,"views":1,"p1id":"cebolaamassada","p2id":"luigi3641","formatid":"gen9anythinggoes","rating":1185,"private":0,"password":""}