{"id":"gen9anythinggoes-1978278922","p1":"AbcdGhostttBoo","p2":"Hannyah","format":"[Gen 9] Anything Goes","log":"|j|\u2606AbcdGhostttBoo\n|j|\u2606Hannyah\n|t:|1698520202\n|gametype|singles\n|player|p1|AbcdGhostttBoo|rocketgruntf|\n|player|p2|Hannyah|caitlin|\n|teamsize|p1|6\n|teamsize|p2|6\n|gen|9\n|tier|[Gen 9] Anything Goes\n|rule|HP Percentage Mod: HP is shown in percentages\n|rule|Endless Battle Clause: Forcing endless battles is banned\n|clearpoke\n|poke|p1|Arceus|\n|poke|p1|Arceus-Electric|\n|poke|p1|Arceus-Fire|\n|poke|p1|Arceus-Water|\n|poke|p1|Arceus-Grass|\n|poke|p1|Arceus-Steel|\n|poke|p2|Dialga|\n|poke|p2|Kyogre|\n|poke|p2|Mewtwo|\n|poke|p2|Zamazenta-*|\n|poke|p2|Groudon|\n|poke|p2|Lucario, M|\n|teampreview\n|\n|t:|1698520215\n|start\n|switch|p1a: Bomb|Arceus-Steel|100\/100\n|switch|p2a: Mrwo|Lucario, M|100\/100\n|turn|1\n|\n|t:|1698520224\n|move|p1a: Bomb|Steel Beam|p2a: Mrwo\n|-resisted|p2a: Mrwo\n|-damage|p2a: Mrwo|47\/100\n|-damage|p1a: Bomb|50\/100|[from] steelbeam\n|move|p2a: Mrwo|Close Combat|p1a: Bomb\n|-supereffective|p1a: Bomb\n|-crit|p1a: Bomb\n|-damage|p1a: Bomb|0 fnt\n|-unboost|p2a: Mrwo|def|1\n|-unboost|p2a: Mrwo|spd|1\n|faint|p1a: Bomb\n|\n|upkeep\n|\n|t:|1698520238\n|switch|p1a: Mr. Teddy|Arceus|100\/100\n|turn|2\n|\n|t:|1698520243\n|-terastallize|p2a: Mrwo|Fighting\n|move|p1a: Mr. Teddy|Earthquake|p2a: Mrwo\n|-damage|p2a: Mrwo|0 fnt\n|faint|p2a: Mrwo\n|\n|upkeep\n|\n|t:|1698520250\n|switch|p2a: Muwahaha|Dialga|100\/100\n|-ability|p2a: Muwahaha|Pressure\n|turn|3\n|\n|t:|1698520257\n|move|p1a: Mr. Teddy|Earthquake|p2a: Muwahaha\n|-supereffective|p2a: Muwahaha\n|-damage|p2a: Muwahaha|60\/100\n|move|p2a: Muwahaha|Dragon Claw|p1a: Mr. Teddy\n|-damage|p1a: Mr. Teddy|73\/100\n|\n|upkeep\n|turn|4\n|\n|t:|1698520266\n|switch|p2a: Mr shield|Zamazenta-Crowned|100\/100\n|-ability|p2a: Mr shield|Dauntless Shield|boost\n|-boost|p2a: Mr shield|def|1\n|move|p1a: Mr. Teddy|Earthquake|p2a: Mr shield\n|-supereffective|p2a: Mr shield\n|-damage|p2a: Mr shield|75\/100\n|\n|upkeep\n|turn|5\n|\n|t:|1698520274\n|move|p2a: Mr shield|Behemoth Bash|p1a: Mr. Teddy\n|-damage|p1a: Mr. Teddy|45\/100\n|move|p1a: Mr. Teddy|Earthquake|p2a: Mr shield\n|-supereffective|p2a: Mr shield\n|-damage|p2a: Mr shield|48\/100\n|\n|upkeep\n|turn|6\n|\n|t:|1698520282\n|move|p2a: Mr shield|Behemoth Bash|p1a: Mr. Teddy\n|-damage|p1a: Mr. Teddy|16\/100\n|move|p1a: Mr. Teddy|Earthquake|p2a: Mr shield\n|-supereffective|p2a: Mr shield\n|-damage|p2a: Mr shield|23\/100\n|\n|upkeep\n|turn|7\n|\n|t:|1698520292\n|move|p2a: Mr shield|Behemoth Bash|p1a: Mr. Teddy\n|-damage|p1a: Mr. Teddy|0 fnt\n|faint|p1a: Mr. Teddy\n|\n|upkeep\n|\n|t:|1698520298\n|switch|p1a: Arsenal|Arceus-Fire|100\/100\n|turn|8\n|\n|t:|1698520303\n|switch|p2a: Mr fish again|Kyogre|100\/100\n|-weather|RainDance|[from] ability: Drizzle|[of] p2a: Mr fish again\n|move|p1a: Arsenal|Brick Break|p2a: Mr fish again\n|-damage|p2a: Mr fish again|79\/100\n|\n|-weather|RainDance|[upkeep]\n|upkeep\n|turn|9\n|\n|t:|1698520313\n|move|p1a: Arsenal|Overheat|p2a: Mr fish again\n|-resisted|p2a: Mr fish again\n|-damage|p2a: Mr fish again|66\/100\n|-unboost|p1a: Arsenal|spa|2\n|move|p2a: Mr fish again|Aqua Tail|p1a: Arsenal\n|-supereffective|p1a: Arsenal\n|-damage|p1a: Arsenal|23\/100\n|\n|-weather|RainDance|[upkeep]\n|upkeep\n|turn|10\n|\n|t:|1698520326\n|move|p1a: Arsenal|Brick Break|p2a: Mr fish again\n|-damage|p2a: Mr fish again|44\/100\n|move|p2a: Mr fish again|Aqua Tail|p1a: Arsenal\n|-supereffective|p1a: Arsenal\n|-damage|p1a: Arsenal|0 fnt\n|faint|p1a: Arsenal\n|\n|-weather|RainDance|[upkeep]\n|upkeep\n|\n|t:|1698520334\n|switch|p1a: PP|Arceus-Electric|100\/100\n|turn|11\n|\n|t:|1698520339\n|switch|p2a: Awooo|Groudon|100\/100\n|-weather|SunnyDay|[from] ability: Drought|[of] p2a: Awooo\n|move|p1a: PP|Aura Sphere|p2a: Awooo\n|-damage|p2a: Awooo|79\/100\n|\n|-weather|SunnyDay|[upkeep]\n|upkeep\n|turn|12\n|\n|t:|1698520348\n|move|p1a: PP|Thunder Wave|p2a: Awooo\n|-immune|p2a: Awooo\n|move|p2a: Awooo|Fire Blast|p1a: PP\n|-damage|p1a: PP|77\/100\n|\n|-weather|SunnyDay|[upkeep]\n|upkeep\n|turn|13\n|\n|t:|1698520358\n|move|p1a: PP|Aura Sphere|p2a: Awooo\n|-damage|p2a: Awooo|55\/100\n|move|p2a: Awooo|Earthquake|p1a: PP\n|-supereffective|p1a: PP\n|-damage|p1a: PP|6\/100\n|\n|-weather|SunnyDay|[upkeep]\n|upkeep\n|turn|14\n|\n|t:|1698520366\n|switch|p1a: Grass|Arceus-Grass|100\/100\n|move|p2a: Awooo|Earthquake|p1a: Grass\n|-resisted|p1a: Grass\n|-damage|p1a: Grass|81\/100\n|\n|-weather|SunnyDay|[upkeep]\n|upkeep\n|turn|15\n|\n|t:|1698520375\n|move|p1a: Grass|Giga Drain|p2a: Awooo\n|-supereffective|p2a: Awooo\n|-damage|p2a: Awooo|0 fnt\n|-heal|p1a: Grass|100\/100|[from] drain|[of] p2a: Awooo\n|faint|p2a: Awooo\n|\n|-weather|none\n|upkeep\n|\n|t:|1698520381\n|switch|p2a: Mr meow meow|Mewtwo|100\/100\n|-ability|p2a: Mr meow meow|Pressure\n|turn|16\n|\n|t:|1698520387\n|move|p2a: Mr meow meow|Fire Blast|p1a: Grass\n|-supereffective|p1a: Grass\n|-crit|p1a: Grass\n|-damage|p1a: Grass|28\/100\n|move|p1a: Grass|Giga Drain|p2a: Mr meow meow\n|-damage|p2a: Mr meow meow|67\/100\n|-heal|p1a: Grass|44\/100|[from] drain|[of] p2a: Mr meow meow\n|\n|-heal|p2a: Mr meow meow|73\/100|[from] item: Leftovers\n|upkeep\n|turn|17\n|\n|t:|1698520397\n|switch|p1a: Mrs. Cuddlezz|Arceus-Water|100\/100\n|move|p2a: Mr meow meow|Fire Blast|p1a: Mrs. Cuddlezz\n|-resisted|p1a: Mrs. Cuddlezz\n|-damage|p1a: Mrs. Cuddlezz|88\/100\n|\n|-heal|p2a: Mr meow meow|79\/100|[from] item: Leftovers\n|upkeep\n|turn|18\n|\n|t:|1698520406\n|move|p2a: Mr meow meow|Energy Ball|p1a: Mrs. Cuddlezz\n|-supereffective|p1a: Mrs. Cuddlezz\n|-damage|p1a: Mrs. Cuddlezz|48\/100\n|move|p1a: Mrs. Cuddlezz|Poison Jab|p2a: Mr meow meow\n|-damage|p2a: Mr meow meow|59\/100\n|\n|-heal|p2a: Mr meow meow|65\/100|[from] item: Leftovers\n|upkeep\n|turn|19\n|\n|t:|1698520419\n|move|p2a: Mr meow meow|Energy Ball|p1a: Mrs. Cuddlezz\n|-supereffective|p1a: Mrs. Cuddlezz\n|-damage|p1a: Mrs. Cuddlezz|9\/100\n|move|p1a: Mrs. Cuddlezz|Chilling Water|p2a: Mr meow meow\n|-damage|p2a: Mr meow meow|43\/100\n|-unboost|p2a: Mr meow meow|atk|1\n|\n|-heal|p2a: Mr meow meow|49\/100|[from] item: Leftovers\n|upkeep\n|turn|20\n|\n|t:|1698520428\n|move|p2a: Mr meow meow|Energy Ball|p1a: Mrs. Cuddlezz\n|-supereffective|p1a: Mrs. Cuddlezz\n|-damage|p1a: Mrs. Cuddlezz|0 fnt\n|faint|p1a: Mrs. Cuddlezz\n|\n|-heal|p2a: Mr meow meow|55\/100|[from] item: Leftovers\n|upkeep\n|\n|t:|1698520435\n|switch|p1a: Grass|Arceus-Grass|44\/100\n|turn|21\n|\n|t:|1698520439\n|move|p2a: Mr meow meow|Fire Blast|p1a: Grass\n|-supereffective|p1a: Grass\n|-damage|p1a: Grass|0 fnt\n|faint|p1a: Grass\n|\n|-heal|p2a: Mr meow meow|61\/100|[from] item: Leftovers\n|upkeep\n|\n|t:|1698520446\n|switch|p1a: PP|Arceus-Electric|6\/100\n|turn|22\n|\n|t:|1698520451\n|move|p2a: Mr meow meow|Earthquake|p1a: PP\n|-supereffective|p1a: PP\n|-damage|p1a: PP|0 fnt\n|faint|p1a: PP\n|\n|win|Hannyah\n|l|\u2606AbcdGhostttBoo\n","uploadtime":1698520458,"views":8,"p1id":"abcdghostttboo","p2id":"hannyah","formatid":"gen9anythinggoes","rating":0,"private":0,"password":""}