{"id":"gen9anythinggoes-1979414987","p1":"maxgamingshell","p2":"Ezael_Stormblood","format":"[Gen 9] Anything Goes","log":"|j|\u2606maxgamingshell\n|j|\u2606Ezael_Stormblood\n|t:|1698680818\n|gametype|singles\n|player|p1|maxgamingshell|benga|1175\n|player|p2|Ezael_Stormblood|1|1107\n|teamsize|p1|6\n|teamsize|p2|6\n|gen|9\n|tier|[Gen 9] Anything Goes\n|rated|\n|rule|HP Percentage Mod: HP is shown in percentages\n|rule|Endless Battle Clause: Forcing endless battles is banned\n|clearpoke\n|poke|p1|Toxapex, F|\n|poke|p1|Ceruledge, F|\n|poke|p1|Tropius, M|\n|poke|p1|Glimmora, F|\n|poke|p1|Grimmsnarl, M|\n|poke|p1|Garchomp, F|\n|poke|p2|Calyrex-Shadow|\n|poke|p2|Eternatus|\n|poke|p2|Darkrai|\n|poke|p2|Urshifu-*, F|\n|poke|p2|Regieleki|\n|poke|p2|Dragapult, M|\n|teampreview\n|\n|t:|1698680822\n|start\n|switch|p1a: Glimmora|Glimmora, F, shiny|100\/100\n|switch|p2a: Calyrex|Calyrex-Shadow|100\/100\n|-ability|p2a: Calyrex|As One\n|-ability|p2a: Calyrex|Unnerve\n|turn|1\n|inactive|Battle timer is ON: inactive players will automatically lose when time's up. (requested by maxgamingshell)\n|c|\u2606maxgamingshell|calyrex u better not spam\n|c|\u2606Ezael_Stormblood|lol\n|\n|t:|1698680839\n|move|p2a: Calyrex|Astral Barrage|p1a: Glimmora\n|-damage|p1a: Glimmora|43\/100\n|move|p1a: Glimmora|Stealth Rock|p2a: Calyrex\n|-sidestart|p2: Ezael_Stormblood|move: Stealth Rock\n|\n|upkeep\n|turn|2\n|c|\u2606maxgamingshell|cause i swear if u do\n|c|\u2606maxgamingshell|XD\n|\n|t:|1698680846\n|move|p2a: Calyrex|Astral Barrage|p1a: Glimmora\n|-damage|p1a: Glimmora|0 fnt\n|faint|p1a: Glimmora\n|-ability|p2a: Calyrex|Grim Neigh|boost\n|-boost|p2a: Calyrex|spa|1\n|\n|upkeep\n|c|\u2606maxgamingshell|now ima kill u ):\n|\n|t:|1698680854\n|switch|p1a: Ceruledge|Ceruledge, F, shiny|100\/100\n|turn|3\n|c|\u2606Ezael_Stormblood|how else do you do it?\n|\n|t:|1698680859\n|-terastallize|p1a: Ceruledge|Steel\n|move|p2a: Calyrex|Astral Barrage|p1a: Ceruledge\n|-damage|p1a: Ceruledge|34\/100\n|move|p1a: Ceruledge|Night Slash|p2a: Calyrex\n|-supereffective|p2a: Calyrex\n|-damage|p2a: Calyrex|0 fnt\n|faint|p2a: Calyrex\n|\n|upkeep\n|c|\u2606maxgamingshell|told u\n|c|\u2606Ezael_Stormblood|how minorly annoying\n|c|\u2606maxgamingshell|XD\n|c|\u2606maxgamingshell|u gonna lose now bud\n|\n|t:|1698680888\n|switch|p2a: Urshifu|Urshifu, F|100\/100\n|-damage|p2a: Urshifu|94\/100|[from] Stealth Rock\n|turn|4\n|c|\u2606maxgamingshell|lost ur best pokemon\n|c|\u2606Ezael_Stormblood|not really\n|inactive|Ezael_Stormblood has 120 seconds left.\n|c|\u2606Ezael_Stormblood|he was just initial sweeper\n|\n|t:|1698680912\n|move|p2a: Urshifu|Brick Break|p1a: Ceruledge\n|-supereffective|p1a: Ceruledge\n|-damage|p1a: Ceruledge|0 fnt\n|faint|p1a: Ceruledge\n|\n|upkeep\n|inactive|maxgamingshell has 120 seconds left.\n|\n|t:|1698680930\n|switch|p1a: Tropius|Tropius, M|100\/100\n|turn|5\n|\n|t:|1698680940\n|switch|p2a: Eternatus|Eternatus|100\/100\n|-damage|p2a: Eternatus|88\/100|[from] Stealth Rock\n|-ability|p2a: Eternatus|Pressure\n|move|p1a: Tropius|Leech Seed|p2a: Eternatus\n|-start|p2a: Eternatus|move: Leech Seed\n|\n|-damage|p2a: Eternatus|76\/100|[from] Leech Seed|[of] p1a: Tropius\n|upkeep\n|turn|6\n|\n|t:|1698680949\n|switch|p2a: Urshifu|Urshifu, F|94\/100\n|-damage|p2a: Urshifu|88\/100|[from] Stealth Rock\n|move|p1a: Tropius|Substitute|p1a: Tropius\n|-start|p1a: Tropius|Substitute\n|-damage|p1a: Tropius|76\/100\n|\n|upkeep\n|turn|7\n|\n|t:|1698680954\n|move|p2a: Urshifu|Ice Punch|p1a: Tropius\n|-supereffective|p1a: Tropius\n|-end|p1a: Tropius|Substitute\n|move|p1a: Tropius|Leech Seed|p2a: Urshifu\n|-start|p2a: Urshifu|move: Leech Seed\n|\n|-damage|p2a: Urshifu|76\/100|[from] Leech Seed|[of] p1a: Tropius\n|-heal|p1a: Tropius|86\/100|[silent]\n|upkeep\n|turn|8\n|\n|t:|1698680961\n|move|p1a: Tropius|Protect|p1a: Tropius\n|-singleturn|p1a: Tropius|Protect\n|move|p2a: Urshifu|Ice Punch|p1a: Tropius\n|-supereffective|p1a: Tropius\n|-damage|p1a: Tropius|0 fnt\n|faint|p1a: Tropius\n|\n|upkeep\n|\n|t:|1698680967\n|switch|p1a: Toxapex|Toxapex, F|100\/100\n|turn|9\n|c|\u2606Ezael_Stormblood|lmao\n|\n|t:|1698680971\n|switch|p2a: Eternatus|Eternatus|76\/100\n|-damage|p2a: Eternatus|64\/100|[from] Stealth Rock\n|-ability|p2a: Eternatus|Pressure\n|move|p1a: Toxapex|Toxic|p2a: Eternatus\n|-immune|p2a: Eternatus\n|\n|upkeep\n|turn|10\n|\n|t:|1698680981\n|switch|p1a: Grimmsnarl|Grimmsnarl, M|100\/100\n|move|p2a: Eternatus|Recover|p2a: Eternatus\n|-heal|p2a: Eternatus|100\/100\n|\n|upkeep\n|turn|11\n|\n|t:|1698680989\n|-terastallize|p2a: Eternatus|Poison\n|move|p2a: Eternatus|Sludge Bomb|p1a: Grimmsnarl\n|-supereffective|p1a: Grimmsnarl\n|-damage|p1a: Grimmsnarl|0 fnt\n|faint|p1a: Grimmsnarl\n|-damage|p2a: Eternatus|91\/100|[from] item: Life Orb\n|\n|upkeep\n|\n|t:|1698680996\n|switch|p1a: Garchomp|Garchomp, F|100\/100\n|turn|12\n|\n|t:|1698681002\n|move|p2a: Eternatus|Dynamax Cannon|p1a: Garchomp\n|-supereffective|p1a: Garchomp\n|-damage|p1a: Garchomp|0 fnt\n|faint|p1a: Garchomp\n|-damage|p2a: Eternatus|81\/100|[from] item: Life Orb\n|\n|upkeep\n|-message|maxgamingshell forfeited.\n|\n|win|Ezael_Stormblood\n|raw|maxgamingshell's rating: 1191 &rarr; <strong>1160<\/strong><br \/>(-31 for losing)\n|raw|Ezael_Stormblood's rating: 1107 &rarr; <strong>1138<\/strong><br \/>(+31 for winning)\n|l|\u2606maxgamingshell\n|c|\u2606Ezael_Stormblood|lol\n|c|\u2606Ezael_Stormblood|gg\n","uploadtime":1698681016,"views":13,"p1id":"maxgamingshell","p2id":"ezaelstormblood","formatid":"gen9anythinggoes","rating":1138,"private":0,"password":""}