{"id":"gen9anythinggoes-1988379160","p1":"2448a","p2":"mid ladder memes","format":"[Gen 9] Anything Goes","log":"|j|\u26062448a\n|j|\u2606mid ladder memes\n|t:|1699716207\n|gametype|singles\n|player|p1|2448a|erika-gen2|1714\n|player|p2|mid ladder memes|saguaro|1887\n|teamsize|p1|6\n|teamsize|p2|6\n|gen|9\n|tier|[Gen 9] Anything Goes\n|rated|\n|rule|HP Percentage Mod: HP is shown in percentages\n|rule|Endless Battle Clause: Forcing endless battles is banned\n|clearpoke\n|poke|p1|Kingambit, F|\n|poke|p1|Ting-Lu|\n|poke|p1|Eternatus|\n|poke|p1|Calyrex-Shadow|\n|poke|p1|Landorus-Therian, M|\n|poke|p1|Koraidon|\n|poke|p2|Calyrex-Shadow|\n|poke|p2|Arceus|\n|poke|p2|Zacian-*|\n|poke|p2|Koraidon|\n|poke|p2|Leavanny, F|\n|poke|p2|Koraidon|\n|teampreview\n|inactive|Battle timer is ON: inactive players will automatically lose when time's up. (requested by 2448a)\n|inactive|mid ladder memes has 120 seconds left.\n|c|\u2606mid ladder memes|glhf\n|c|\u26062448a|hf\n|c|\u2606mid ladder memes|round 2 baby\n|inactive|mid ladder memes has 90 seconds left.\n|j| i am a mcrib\n|\n|t:|1699716274\n|start\n|switch|p1a: Featured Today|Koraidon|100\/100\n|switch|p2a: Leavanny|Leavanny, F, shiny|100\/100\n|-weather|SunnyDay|[from] ability: Orichalcum Pulse|[of] p1a: Featured Today\n|-activate|p1a: Featured Today|Orichalcum Pulse|[source]\n|turn|1\n|c|\u26062448a|I'm tilting fr bet I'll lose this too \ud83d\udd25\n|\n|t:|1699716286\n|move|p2a: Leavanny|Sticky Web|p1a: Featured Today\n|-sidestart|p1: 2448a|move: Sticky Web\n|move|p1a: Featured Today|U-turn|p2a: Leavanny\n|-supereffective|p2a: Leavanny\n|-enditem|p2a: Leavanny|Focus Sash\n|-damage|p2a: Leavanny|1\/100\n|\n|t:|1699716289\n|switch|p1a: Eternal Suffering|Eternatus, shiny|100\/100|[from] U-turn\n|-ability|p1a: Eternal Suffering|Pressure\n|\n|-weather|SunnyDay|[upkeep]\n|upkeep\n|turn|2\n|\n|t:|1699716302\n|switch|p2a: Calyrex|Calyrex-Shadow|100\/100\n|-ability|p2a: Calyrex|As One\n|-ability|p2a: Calyrex|Unnerve\n|move|p1a: Eternal Suffering|Toxic Spikes|p2a: Calyrex\n|-sidestart|p2: mid ladder memes|move: Toxic Spikes\n|\n|-weather|SunnyDay|[upkeep]\n|upkeep\n|turn|3\n|\n|t:|1699716307\n|move|p2a: Calyrex|Nasty Plot|p2a: Calyrex\n|-boost|p2a: Calyrex|spa|2\n|move|p1a: Eternal Suffering|Dynamax Cannon|p2a: Calyrex\n|-damage|p2a: Calyrex|56\/100\n|\n|-weather|SunnyDay|[upkeep]\n|-heal|p2a: Calyrex|62\/100|[from] item: Leftovers\n|upkeep\n|turn|4\n|\n|t:|1699716321\n|move|p2a: Calyrex|Astral Barrage|p1a: Eternal Suffering\n|-damage|p1a: Eternal Suffering|18\/100\n|move|p1a: Eternal Suffering|Dynamax Cannon|p2a: Calyrex\n|-damage|p2a: Calyrex|19\/100\n|\n|-weather|SunnyDay|[upkeep]\n|-heal|p2a: Calyrex|25\/100|[from] item: Leftovers\n|upkeep\n|turn|5\n|\n|t:|1699716328\n|switch|p1a: The Botez Gambit|Kingambit, F, shiny|100\/100\n|-activate|p1a: The Botez Gambit|move: Sticky Web\n|-unboost|p1a: The Botez Gambit|spe|1\n|move|p2a: Calyrex|Giga Drain|p1a: The Botez Gambit\n|-resisted|p1a: The Botez Gambit\n|-damage|p1a: The Botez Gambit|77\/100\n|-heal|p2a: Calyrex|37\/100|[from] drain|[of] p1a: The Botez Gambit\n|\n|-weather|none\n|-heal|p2a: Calyrex|43\/100|[from] item: Leftovers\n|-heal|p1a: The Botez Gambit|83\/100|[from] item: Leftovers\n|upkeep\n|turn|6\n|c|\u2606mid ladder memes|etern is so bulky i cant\n|inactive|mid ladder memes has 120 seconds left.\n|\n|t:|1699716364\n|move|p2a: Calyrex|Astral Barrage|p1a: The Botez Gambit\n|-resisted|p1a: The Botez Gambit\n|-damage|p1a: The Botez Gambit|17\/100\n|move|p1a: The Botez Gambit|Kowtow Cleave|p2a: Calyrex\n|-supereffective|p2a: Calyrex\n|-damage|p2a: Calyrex|0 fnt\n|faint|p2a: Calyrex\n|\n|-heal|p1a: The Botez Gambit|23\/100|[from] item: Leftovers\n|upkeep\n|\n|t:|1699716381\n|switch|p2a: Koraidon|Koraidon|100\/100\n|-status|p2a: Koraidon|psn\n|-weather|SunnyDay|[from] ability: Orichalcum Pulse|[of] p2a: Koraidon\n|-activate|p2a: Koraidon|Orichalcum Pulse|[source]\n|turn|7\n|c|\u26062448a|using etern as a lead is hot\n|\n|t:|1699716389\n|-end|p1a: The Botez Gambit|fallenundefined|[silent]\n|switch|p1a: In The Clouds|Landorus-Therian, M, shiny|100\/100\n|-ability|p1a: In The Clouds|Intimidate|boost\n|-unboost|p2a: Koraidon|atk|1\n|move|p2a: Koraidon|Scale Shot|p1a: In The Clouds\n|-damage|p1a: In The Clouds|91\/100\n|-damage|p1a: In The Clouds|82\/100\n|-damage|p1a: In The Clouds|73\/100\n|-damage|p1a: In The Clouds|64\/100\n|-hitcount|p1a: In The Clouds|4\n|-unboost|p2a: Koraidon|def|1\n|-boost|p2a: Koraidon|spe|1\n|\n|-weather|SunnyDay|[upkeep]\n|-damage|p2a: Koraidon|88\/100 psn|[from] psn\n|upkeep\n|turn|8\n|inactive|mid ladder memes has 120 seconds left.\n|c|\u2606mid ladder memes|incredibly hot\n|c|\u2606mid ladder memes|i mean heat\n|c| i am a mcrib|it could be both\n|inactive|mid ladder memes has 90 seconds left.\n|c|\u2606mid ladder memes|definitely meant heat trust me\n|\n|t:|1699716433\n|move|p2a: Koraidon|Flare Blitz|p1a: In The Clouds\n|-damage|p1a: In The Clouds|23\/100\n|-damage|p2a: Koraidon|72\/100 psn|[from] item: Rocky Helmet|[of] p1a: In The Clouds\n|-damage|p2a: Koraidon|57\/100 psn|[from] Recoil\n|move|p1a: In The Clouds|Stealth Rock|p2a: Koraidon\n|-sidestart|p2: mid ladder memes|move: Stealth Rock\n|\n|-weather|SunnyDay|[upkeep]\n|-damage|p2a: Koraidon|44\/100 psn|[from] psn\n|upkeep\n|turn|9\n|\n|t:|1699716441\n|switch|p1a: Eternal Suffering|Eternatus, shiny|18\/100\n|-ability|p1a: Eternal Suffering|Pressure\n|move|p2a: Koraidon|Scale Shot|p1a: Eternal Suffering|[miss]\n|-miss|p2a: Koraidon|p1a: Eternal Suffering\n|\n|-weather|SunnyDay|[upkeep]\n|-damage|p2a: Koraidon|32\/100 psn|[from] psn\n|upkeep\n|turn|10\n|\n|t:|1699716448\n|move|p2a: Koraidon|Scale Shot|p1a: Eternal Suffering|[miss]\n|-miss|p2a: Koraidon|p1a: Eternal Suffering\n|move|p1a: Eternal Suffering|Flamethrower|p2a: Koraidon\n|-resisted|p2a: Koraidon\n|-damage|p2a: Koraidon|9\/100 psn\n|\n|-weather|SunnyDay|[upkeep]\n|-damage|p2a: Koraidon|0 fnt|[from] psn\n|faint|p2a: Koraidon\n|upkeep\n|c|\u2606mid ladder memes|bru\n|c|\u26062448a|damn bro\n|c|\u2606mid ladder memes|i just got scammed\n|inactive|mid ladder memes has 90 seconds left.\n|\n|t:|1699716480\n|switch|p2a: Zacian|Zacian-Crowned|100\/100\n|-damage|p2a: Zacian|95\/100|[from] Stealth Rock\n|-ability|p2a: Zacian|Intrepid Sword|boost\n|-boost|p2a: Zacian|atk|1\n|turn|11\n|\n|t:|1699716490\n|move|p2a: Zacian|Behemoth Blade|p1a: Eternal Suffering\n|-damage|p1a: Eternal Suffering|0 fnt\n|faint|p1a: Eternal Suffering\n|\n|-weather|none\n|upkeep\n|\n|t:|1699716497\n|switch|p1a: Featured Today|Koraidon|100\/100\n|-activate|p1a: Featured Today|move: Sticky Web\n|-unboost|p1a: Featured Today|spe|1\n|-weather|SunnyDay|[from] ability: Orichalcum Pulse|[of] p1a: Featured Today\n|-activate|p1a: Featured Today|Orichalcum Pulse|[source]\n|turn|12\n|\n|t:|1699716502\n|-terastallize|p1a: Featured Today|Fire\n|move|p2a: Zacian|Substitute|p2a: Zacian\n|-start|p2a: Zacian|Substitute\n|-damage|p2a: Zacian|70\/100\n|move|p1a: Featured Today|Flare Blitz|p2a: Zacian\n|-supereffective|p2a: Zacian\n|-end|p2a: Zacian|Substitute\n|-damage|p1a: Featured Today|92\/100|[from] Recoil|[of] p2a: Zacian\n|\n|-weather|SunnyDay|[upkeep]\n|upkeep\n|turn|13\n|inactive|mid ladder memes has 90 seconds left.\n|c|\u26062448a|tough for the momentum\n|j| GUESSWHOTPRADO\n|inactive|mid ladder memes has 60 seconds left.\n|\n|t:|1699716568\n|move|p2a: Zacian|Substitute|p2a: Zacian\n|-start|p2a: Zacian|Substitute\n|-damage|p2a: Zacian|45\/100\n|move|p1a: Featured Today|Flare Blitz|p2a: Zacian\n|-supereffective|p2a: Zacian\n|-end|p2a: Zacian|Substitute\n|-damage|p1a: Featured Today|84\/100|[from] Recoil|[of] p2a: Zacian\n|\n|-weather|SunnyDay|[upkeep]\n|upkeep\n|turn|14\n|\n|t:|1699716573\n|move|p2a: Zacian|Substitute|p2a: Zacian\n|-start|p2a: Zacian|Substitute\n|-damage|p2a: Zacian|20\/100\n|move|p1a: Featured Today|Flare Blitz|p2a: Zacian\n|-supereffective|p2a: Zacian\n|-end|p2a: Zacian|Substitute\n|-damage|p1a: Featured Today|76\/100|[from] Recoil|[of] p2a: Zacian\n|\n|-weather|SunnyDay|[upkeep]\n|upkeep\n|turn|15\n|c|\u2606mid ladder memes|though indeed\n|inactive|mid ladder memes has 60 seconds left.\n|\n|t:|1699716591\n|move|p2a: Zacian|Psychic Fangs|p1a: Featured Today\n|-damage|p1a: Featured Today|40\/100\n|move|p1a: Featured Today|Flare Blitz|p2a: Zacian\n|-supereffective|p2a: Zacian\n|-damage|p2a: Zacian|0 fnt\n|faint|p2a: Zacian\n|-damage|p1a: Featured Today|33\/100|[from] Recoil\n|\n|-weather|SunnyDay|[upkeep]\n|upkeep\n|inactive|mid ladder memes has 60 seconds left.\n|\n|t:|1699716597\n|switch|p2a: Arceus|Arceus|100\/100\n|-status|p2a: Arceus|psn\n|-damage|p2a: Arceus|88\/100 psn|[from] Stealth Rock\n|turn|16\n|\n|t:|1699716599\n|move|p2a: Arceus|Extreme Speed|p1a: Featured Today\n|-damage|p1a: Featured Today|0 fnt\n|faint|p1a: Featured Today\n|\n|-weather|none\n|-heal|p2a: Arceus|94\/100 psn|[from] item: Leftovers\n|-damage|p2a: Arceus|82\/100 psn|[from] psn\n|upkeep\n|\n|t:|1699716601\n|switch|p1a: The Dark Horse|Calyrex-Shadow|100\/100\n|-ability|p1a: The Dark Horse|As One\n|-ability|p1a: The Dark Horse|Unnerve\n|turn|17\n|\n|t:|1699716606\n|switch|p2a: Leavanny|Leavanny, F, shiny|1\/100\n|-status|p2a: Leavanny|psn\n|-damage|p2a: Leavanny|0 fnt|[from] Stealth Rock\n|faint|p2a: Leavanny\n|move|p1a: The Dark Horse|Encore|p2: Leavanny|[notarget]\n|-fail|p1a: The Dark Horse\n|\n|upkeep\n|\n|t:|1699716609\n|switch|p2a: Koraidon|Koraidon|100\/100\n|-status|p2a: Koraidon|psn\n|-damage|p2a: Koraidon|94\/100 psn|[from] Stealth Rock\n|-weather|SunnyDay|[from] ability: Orichalcum Pulse|[of] p2a: Koraidon\n|-activate|p2a: Koraidon|Orichalcum Pulse|[source]\n|turn|18\n|inactive|mid ladder memes has 90 seconds left.\n|\n|t:|1699716619\n|switch|p1a: In The Clouds|Landorus-Therian, M, shiny|23\/100\n|-ability|p1a: In The Clouds|Intimidate|boost\n|-unboost|p2a: Koraidon|atk|1\n|-terastallize|p2a: Koraidon|Fire\n|move|p2a: Koraidon|Flare Blitz|p1a: In The Clouds\n|-damage|p1a: In The Clouds|0 fnt\n|-damage|p2a: Koraidon|78\/100 psn|[from] item: Rocky Helmet|[of] p1a: In The Clouds\n|faint|p1a: In The Clouds\n|-damage|p2a: Koraidon|70\/100 psn|[from] Recoil\n|\n|-weather|SunnyDay|[upkeep]\n|-damage|p2a: Koraidon|58\/100 psn|[from] psn\n|upkeep\n|c|\u26062448a|uh\n|\n|t:|1699716627\n|switch|p1a: The Botez Gambit|Kingambit, F, shiny|23\/100\n|-activate|p1a: The Botez Gambit|move: Sticky Web\n|-unboost|p1a: The Botez Gambit|spe|1\n|-activate|p1a: The Botez Gambit|ability: Supreme Overlord\n|-start|p1a: The Botez Gambit|fallen3|[silent]\n|turn|19\n|c|\u2606mid ladder memes|tera was a mistake\n|\n|t:|1699716632\n|move|p1a: The Botez Gambit|Sucker Punch|p2a: Koraidon\n|-damage|p2a: Koraidon|19\/100 psn\n|move|p2a: Koraidon|Flare Blitz|p1a: The Botez Gambit\n|-supereffective|p1a: The Botez Gambit\n|-damage|p1a: The Botez Gambit|0 fnt\n|faint|p1a: The Botez Gambit\n|-end|p1a: The Botez Gambit|fallen3|[silent]\n|-damage|p2a: Koraidon|12\/100 psn|[from] Recoil\n|\n|-weather|SunnyDay|[upkeep]\n|-damage|p2a: Koraidon|0 fnt|[from] psn\n|faint|p2a: Koraidon\n|upkeep\n|c|\u2606mid ladder memes|potentially\n|\n|t:|1699716640\n|switch|p2a: Arceus|Arceus|82\/100 psn\n|switch|p1a: Desert Anchor|Ting-Lu|100\/100\n|-damage|p2a: Arceus|69\/100 psn|[from] Stealth Rock\n|-activate|p1a: Desert Anchor|move: Sticky Web\n|-unboost|p1a: Desert Anchor|spe|1\n|-ability|p1a: Desert Anchor|Vessel of Ruin\n|turn|20\n|\n|t:|1699716643\n|move|p2a: Arceus|Taunt|p1a: Desert Anchor\n|-start|p1a: Desert Anchor|move: Taunt\n|move|p1a: Desert Anchor|Ruination|p2a: Arceus\n|-damage|p2a: Arceus|35\/100 psn\n|\n|-weather|SunnyDay|[upkeep]\n|-heal|p2a: Arceus|41\/100 psn|[from] item: Leftovers\n|-damage|p2a: Arceus|29\/100 psn|[from] psn\n|upkeep\n|turn|21\n|\n|t:|1699716645\n|move|p2a: Arceus|Extreme Speed|p1a: Desert Anchor\n|-damage|p1a: Desert Anchor|79\/100\n|move|p1a: Desert Anchor|Earthquake|p2a: Arceus\n|-crit|p2a: Arceus\n|-damage|p2a: Arceus|0 fnt\n|faint|p2a: Arceus\n|\n|win|2448a\n|raw|2448a's rating: 1714 &rarr; <strong>1743<\/strong><br \/>(+29 for winning)\n|raw|mid ladder memes's rating: 1887 &rarr; <strong>1858<\/strong><br \/>(-29 for losing)\n|c|\u2606mid ladder memes|ggwp\n|c|\u26062448a|gg\n|l|\u2606mid ladder memes\n|c|\u26062448a|am 2-0 vs this\n|l| i am a mcrib\n|l| GUESSWHOTPRADO\n","uploadtime":1699716753,"views":19,"p1id":"2448a","p2id":"midladdermemes","formatid":"gen9anythinggoes","rating":1743,"private":0,"password":""}