{"id":"gen9anythinggoes-1974983937","p1":"cp99","p2":"PlasticTeamTester","format":"[Gen 9] Anything Goes","log":"|j|\u2606cp99\n|j|\u2606PlasticTeamTester\n|t:|1698152136\n|gametype|singles\n|player|p1|cp99|266|\n|player|p2|PlasticTeamTester|policeman-gen4|\n|teamsize|p1|6\n|teamsize|p2|6\n|gen|9\n|tier|[Gen 9] Anything Goes\n|rule|HP Percentage Mod: HP is shown in percentages\n|rule|Endless Battle Clause: Forcing endless battles is banned\n|clearpoke\n|poke|p1|Clodsire, F|\n|poke|p1|Tauros-Paldea-Blaze, M|\n|poke|p1|Noivern, M|\n|poke|p1|Iron Treads|\n|poke|p1|Iron Jugulis|\n|poke|p1|Slither Wing|\n|poke|p2|Slowking-Galar, M|\n|poke|p2|Tatsugiri, F|\n|poke|p2|Hippowdon, F|\n|poke|p2|Rotom-Heat|\n|poke|p2|Polteageist|\n|poke|p2|Enamorus-Therian, F|\n|teampreview\n|inactive|Battle timer is ON: inactive players will automatically lose when time's up. (requested by PlasticTeamTester)\n|\n|t:|1698152161\n|start\n|switch|p1a: Noivern|Noivern, M|100\/100\n|switch|p2a: Rotom|Rotom-Heat|100\/100\n|turn|1\n|\n|t:|1698152179\n|switch|p1a: Clodsire|Clodsire, F|100\/100\n|move|p2a: Rotom|Volt Switch|p1a: Clodsire\n|-immune|p1a: Clodsire\n|\n|upkeep\n|turn|2\n|\n|t:|1698152189\n|move|p2a: Rotom|Will-O-Wisp|p1a: Clodsire\n|-status|p1a: Clodsire|brn\n|move|p1a: Clodsire|Stealth Rock|p2a: Rotom\n|-sidestart|p2: PlasticTeamTester|move: Stealth Rock\n|\n|-damage|p1a: Clodsire|94\/100 brn|[from] brn\n|upkeep\n|turn|3\n|\n|t:|1698152196\n|switch|p2a: Hippowdon|Hippowdon, F|100\/100\n|-damage|p2a: Hippowdon|94\/100|[from] Stealth Rock\n|-weather|Sandstorm|[from] ability: Sand Stream|[of] p2a: Hippowdon\n|move|p1a: Clodsire|Earthquake|p2a: Hippowdon\n|-damage|p2a: Hippowdon|86\/100\n|\n|-weather|Sandstorm|[upkeep]\n|-heal|p2a: Hippowdon|92\/100|[from] item: Leftovers\n|-heal|p1a: Clodsire|100\/100 brn|[from] item: Black Sludge\n|-damage|p1a: Clodsire|94\/100 brn|[from] brn\n|upkeep\n|turn|4\n|\n|t:|1698152207\n|switch|p1a: Noivern|Noivern, M|100\/100\n|move|p2a: Hippowdon|Stealth Rock|p1a: Noivern\n|-sidestart|p1: cp99|move: Stealth Rock\n|\n|-weather|Sandstorm|[upkeep]\n|-damage|p1a: Noivern|94\/100|[from] Sandstorm\n|-heal|p2a: Hippowdon|98\/100|[from] item: Leftovers\n|upkeep\n|turn|5\n|\n|t:|1698152210\n|move|p1a: Noivern|Super Fang|p2a: Hippowdon\n|-damage|p2a: Hippowdon|49\/100\n|move|p2a: Hippowdon|Stone Edge|p1a: Noivern|[miss]\n|-miss|p2a: Hippowdon|p1a: Noivern\n|\n|-weather|Sandstorm|[upkeep]\n|-damage|p1a: Noivern|88\/100|[from] Sandstorm\n|-heal|p2a: Hippowdon|56\/100|[from] item: Leftovers\n|upkeep\n|turn|6\n|\n|t:|1698152214\n|switch|p2a: Slowking|Slowking-Galar, M|100\/100\n|-damage|p2a: Slowking|88\/100|[from] Stealth Rock\n|move|p1a: Noivern|Draco Meteor|p2a: Slowking\n|-damage|p2a: Slowking|55\/100\n|-unboost|p1a: Noivern|spa|2\n|\n|-weather|Sandstorm|[upkeep]\n|-damage|p1a: Noivern|82\/100|[from] Sandstorm\n|-damage|p2a: Slowking|49\/100|[from] Sandstorm\n|upkeep\n|turn|7\n|\n|t:|1698152221\n|switch|p1a: Iron Treads|Iron Treads|100\/100\n|-damage|p1a: Iron Treads|97\/100|[from] Stealth Rock\n|-enditem|p1a: Iron Treads|Booster Energy\n|-activate|p1a: Iron Treads|ability: Quark Drive|[fromitem]\n|-start|p1a: Iron Treads|quarkdrivespe\n|move|p2a: Slowking|Sludge Bomb|p1a: Iron Treads\n|-immune|p1a: Iron Treads\n|\n|-weather|none\n|upkeep\n|turn|8\n|\n|t:|1698152229\n|switch|p2a: Hippowdon|Hippowdon, F|56\/100\n|-damage|p2a: Hippowdon|49\/100|[from] Stealth Rock\n|-weather|Sandstorm|[from] ability: Sand Stream|[of] p2a: Hippowdon\n|move|p1a: Iron Treads|Rapid Spin|p2a: Hippowdon\n|-damage|p2a: Hippowdon|41\/100\n|-boost|p1a: Iron Treads|spe|1\n|-sideend|p1: cp99|Stealth Rock|[from] move: Rapid Spin|[of] p1a: Iron Treads\n|\n|-weather|Sandstorm|[upkeep]\n|-heal|p2a: Hippowdon|47\/100|[from] item: Leftovers\n|upkeep\n|turn|9\n|inactive|cp99 has 270 seconds left.\n|\n|t:|1698152280\n|-end|p1a: Iron Treads|Quark Drive|[silent]\n|switch|p1a: Noivern|Noivern, M|82\/100\n|move|p2a: Hippowdon|Slack Off|p2a: Hippowdon\n|-heal|p2a: Hippowdon|97\/100\n|\n|-weather|Sandstorm|[upkeep]\n|-damage|p1a: Noivern|76\/100|[from] Sandstorm\n|-heal|p2a: Hippowdon|100\/100|[from] item: Leftovers\n|upkeep\n|turn|10\n|\n|t:|1698152287\n|move|p1a: Noivern|Super Fang|p2a: Hippowdon\n|-damage|p2a: Hippowdon|50\/100\n|move|p2a: Hippowdon|Stone Edge|p1a: Noivern\n|-supereffective|p1a: Noivern\n|-crit|p1a: Noivern\n|-damage|p1a: Noivern|0 fnt\n|faint|p1a: Noivern\n|\n|-weather|Sandstorm|[upkeep]\n|-heal|p2a: Hippowdon|57\/100|[from] item: Leftovers\n|upkeep\n|inactive|cp99 has 240 seconds left.\n|c|\u2606cp99|this is annoying\n|inactive|cp99 has 210 seconds left.\n|\n|t:|1698152352\n|switch|p1a: Slither Wing|Slither Wing|100\/100\n|turn|11\n|\n|t:|1698152359\n|switch|p2a: Enamorus|Enamorus-Therian, F|100\/100\n|-damage|p2a: Enamorus|76\/100|[from] Stealth Rock\n|move|p1a: Slither Wing|Close Combat|p2a: Enamorus\n|-resisted|p2a: Enamorus\n|-damage|p2a: Enamorus|58\/100\n|-unboost|p1a: Slither Wing|def|1\n|-unboost|p1a: Slither Wing|spd|1\n|\n|-weather|Sandstorm|[upkeep]\n|-damage|p1a: Slither Wing|94\/100|[from] Sandstorm\n|-heal|p2a: Enamorus|64\/100|[from] item: Leftovers\n|upkeep\n|turn|12\n|\n|t:|1698152366\n|-end|p1a: Slither Wing|Protosynthesis|[silent]\n|switch|p1a: Clodsire|Clodsire, F|94\/100 brn\n|move|p2a: Enamorus|Iron Defense|p2a: Enamorus\n|-boost|p2a: Enamorus|def|2\n|\n|-weather|none\n|-heal|p2a: Enamorus|70\/100|[from] item: Leftovers\n|-heal|p1a: Clodsire|100\/100 brn|[from] item: Black Sludge\n|-damage|p1a: Clodsire|94\/100 brn|[from] brn\n|upkeep\n|turn|13\n|\n|t:|1698152369\n|move|p2a: Enamorus|Earth Power|p1a: Clodsire\n|-supereffective|p1a: Clodsire\n|-damage|p1a: Clodsire|62\/100 brn\n|move|p1a: Clodsire|Haze|p1a: Clodsire\n|-clearallboost\n|\n|-heal|p2a: Enamorus|76\/100|[from] item: Leftovers\n|-heal|p1a: Clodsire|68\/100 brn|[from] item: Black Sludge\n|-damage|p1a: Clodsire|62\/100 brn|[from] brn\n|upkeep\n|turn|14\n|\n|t:|1698152377\n|switch|p2a: Hippowdon|Hippowdon, F|57\/100\n|-damage|p2a: Hippowdon|50\/100|[from] Stealth Rock\n|-weather|Sandstorm|[from] ability: Sand Stream|[of] p2a: Hippowdon\n|move|p1a: Clodsire|Recover|p1a: Clodsire\n|-heal|p1a: Clodsire|100\/100 brn\n|\n|-weather|Sandstorm|[upkeep]\n|-heal|p2a: Hippowdon|57\/100|[from] item: Leftovers\n|-damage|p1a: Clodsire|94\/100 brn|[from] brn\n|upkeep\n|turn|15\n|\n|t:|1698152381\n|switch|p1a: Slither Wing|Slither Wing|94\/100\n|move|p2a: Hippowdon|Stealth Rock|p1a: Slither Wing\n|-sidestart|p1: cp99|move: Stealth Rock\n|\n|-weather|Sandstorm|[upkeep]\n|-damage|p1a: Slither Wing|88\/100|[from] Sandstorm\n|-heal|p2a: Hippowdon|63\/100|[from] item: Leftovers\n|upkeep\n|turn|16\n|inactive|cp99 has 240 seconds left.\n|\n|t:|1698152396\n|move|p1a: Slither Wing|Close Combat|p2a: Hippowdon\n|-damage|p2a: Hippowdon|4\/100\n|-unboost|p1a: Slither Wing|def|1\n|-unboost|p1a: Slither Wing|spd|1\n|move|p2a: Hippowdon|Slack Off|p2a: Hippowdon\n|-heal|p2a: Hippowdon|54\/100\n|\n|-weather|Sandstorm|[upkeep]\n|-damage|p1a: Slither Wing|82\/100|[from] Sandstorm\n|-heal|p2a: Hippowdon|60\/100|[from] item: Leftovers\n|upkeep\n|turn|17\n|\n|t:|1698152402\n|switch|p2a: Polteageist|Polteageist|100\/100\n|-damage|p2a: Polteageist|88\/100|[from] Stealth Rock\n|move|p1a: Slither Wing|Close Combat|p2a: Polteageist\n|-immune|p2a: Polteageist\n|\n|-weather|Sandstorm|[upkeep]\n|-damage|p2a: Polteageist|82\/100|[from] Sandstorm\n|-damage|p1a: Slither Wing|76\/100|[from] Sandstorm\n|upkeep\n|turn|18\n|inactive|cp99 has 240 seconds left.\n|\n|t:|1698152414\n|-end|p1a: Slither Wing|Protosynthesis|[silent]\n|switch|p1a: Clodsire|Clodsire, F|94\/100 brn\n|-damage|p1a: Clodsire|88\/100 brn|[from] Stealth Rock\n|move|p2a: Polteageist|Shell Smash|p2a: Polteageist\n|-unboost|p2a: Polteageist|def|1\n|-unboost|p2a: Polteageist|spd|1\n|-boost|p2a: Polteageist|atk|2\n|-boost|p2a: Polteageist|spa|2\n|-boost|p2a: Polteageist|spe|2\n|-enditem|p2a: Polteageist|White Herb\n|-clearnegativeboost|p2a: Polteageist|[silent]\n|\n|-weather|none\n|-heal|p1a: Clodsire|94\/100 brn|[from] item: Black Sludge\n|-damage|p1a: Clodsire|88\/100 brn|[from] brn\n|upkeep\n|turn|19\n|\n|t:|1698152423\n|move|p2a: Polteageist|Stored Power|p1a: Clodsire\n|-supereffective|p1a: Clodsire\n|-damage|p1a: Clodsire|0 fnt\n|faint|p1a: Clodsire\n|\n|upkeep\n|inactive|cp99 has 240 seconds left.\n|inactive|cp99 has 210 seconds left.\n|\n|t:|1698152463\n|switch|p1a: Slither Wing|Slither Wing|76\/100\n|-damage|p1a: Slither Wing|64\/100|[from] Stealth Rock\n|turn|20\n|\n|t:|1698152471\n|move|p1a: Slither Wing|First Impression|p2a: Polteageist\n|-resisted|p2a: Polteageist\n|-damage|p2a: Polteageist|4\/100\n|-ability|p2a: Polteageist|Weak Armor|boost\n|-unboost|p2a: Polteageist|def|1\n|-boost|p2a: Polteageist|spe|2\n|move|p2a: Polteageist|Stored Power|p1a: Slither Wing\n|-supereffective|p1a: Slither Wing\n|-damage|p1a: Slither Wing|0 fnt\n|faint|p1a: Slither Wing\n|-end|p1a: Slither Wing|Protosynthesis|[silent]\n|\n|upkeep\n|\n|t:|1698152484\n|switch|p1a: Iron Jugulis|Iron Jugulis|100\/100\n|-damage|p1a: Iron Jugulis|76\/100|[from] Stealth Rock\n|-enditem|p1a: Iron Jugulis|Booster Energy\n|-activate|p1a: Iron Jugulis|ability: Quark Drive|[fromitem]\n|-start|p1a: Iron Jugulis|quarkdrivespe\n|turn|21\n|\n|t:|1698152490\n|-terastallize|p2a: Polteageist|Fighting\n|move|p2a: Polteageist|Tera Blast|p1a: Iron Jugulis|[anim] Tera Blast Fighting\n|-damage|p1a: Iron Jugulis|0 fnt\n|faint|p1a: Iron Jugulis\n|-end|p1a: Iron Jugulis|Quark Drive|[silent]\n|\n|upkeep\n|\n|t:|1698152499\n|switch|p1a: Tauros|Tauros-Paldea-Blaze, M|100\/100\n|-damage|p1a: Tauros|88\/100|[from] Stealth Rock\n|-ability|p1a: Tauros|Intimidate|boost\n|-unboost|p2a: Polteageist|atk|1\n|turn|22\n|c|\u2606cp99|rip\n|\n|t:|1698152504\n|move|p2a: Polteageist|Shadow Ball|p1a: Tauros\n|-damage|p1a: Tauros|0 fnt\n|faint|p1a: Tauros\n|\n|upkeep\n|\n|t:|1698152507\n|switch|p1a: Iron Treads|Iron Treads|97\/100\n|-damage|p1a: Iron Treads|94\/100|[from] Stealth Rock\n|turn|23\n|c|\u2606cp99|can we try that one again\n|\n|t:|1698152516\n|move|p2a: Polteageist|Shadow Ball|p1a: Iron Treads\n|-damage|p1a: Iron Treads|0 fnt\n|faint|p1a: Iron Treads\n|-end|p1a: Iron Treads|Quark Drive|[silent]\n|\n|win|PlasticTeamTester\n","uploadtime":1698152522,"views":9,"p1id":"cp99","p2id":"plasticteamtester","formatid":"gen9anythinggoes","rating":0,"private":0,"password":""}