{"id":"gen9anythinggoes-1991499079","p1":"TreBucet","p2":"mega man g1","format":"[Gen 9] Anything Goes","log":"|j|\u2606TreBucet\n|j|\u2606mega man g1\n|t:|1700082514\n|gametype|singles\n|player|p1|TreBucet|grimsley|1065\n|player|p2|mega man g1|blackbelt|1000\n|teamsize|p1|6\n|teamsize|p2|6\n|gen|9\n|tier|[Gen 9] Anything Goes\n|rated|\n|rule|HP Percentage Mod: HP is shown in percentages\n|rule|Endless Battle Clause: Forcing endless battles is banned\n|clearpoke\n|poke|p1|Calyrex-Shadow|\n|poke|p1|Regieleki|\n|poke|p1|Eternatus|\n|poke|p1|Ogerpon-Hearthflame, F|\n|poke|p1|Zacian-*|\n|poke|p1|Glimmora, M|\n|poke|p2|Mewtwo|\n|poke|p2|Zacian-*|\n|poke|p2|Zamazenta-*|\n|poke|p2|Dialga|\n|poke|p2|Ceruledge, F|\n|poke|p2|Zoroark, M|\n|teampreview\n|\n|t:|1700082520\n|start\n|switch|p1a: nah.|Glimmora, M|100\/100\n|switch|p2a: Ceruledge|Ceruledge, F|100\/100\n|turn|1\n|\n|t:|1700082528\n|move|p1a: nah.|Spikes|p2a: Ceruledge\n|-sidestart|p2: mega man g1|Spikes\n|move|p2a: Ceruledge|Dark Pulse|p1a: nah.\n|-damage|p1a: nah.|60\/100\n|\n|upkeep\n|turn|2\n|\n|t:|1700082533\n|move|p1a: nah.|Toxic Spikes|p2a: Ceruledge\n|-sidestart|p2: mega man g1|move: Toxic Spikes\n|move|p2a: Ceruledge|Dark Pulse|p1a: nah.\n|-damage|p1a: nah.|23\/100\n|\n|upkeep\n|turn|3\n|\n|t:|1700082540\n|move|p1a: nah.|Spikes|p2a: Ceruledge\n|-sidestart|p2: mega man g1|Spikes\n|move|p2a: Ceruledge|Crunch|p1a: nah.\n|-damage|p1a: nah.|0 fnt\n|faint|p1a: nah.\n|\n|upkeep\n|\n|t:|1700082546\n|switch|p1a: bro why u mad|Ogerpon-Hearthflame, F|100\/100\n|-ability|p1a: bro why u mad|Mold Breaker\n|turn|4\n|\n|t:|1700082552\n|-terastallize|p1a: bro why u mad|Fire\n|detailschange|p1a: bro why u mad|Ogerpon-Hearthflame-Tera, F, tera:Fire\n|-ability|p1a: bro why u mad|Embody Aspect (Hearthflame)|boost\n|-boost|p1a: bro why u mad|atk|1\n|move|p1a: bro why u mad|Ivy Cudgel|p2a: Ceruledge|[anim] Ivy Cudgel Fire\n|-damage|p2a: Ceruledge|0 fnt\n|replace|p2a: Zoroark|Zoroark, M\n|-end|p2a: Zoroark|Illusion\n|faint|p2a: Zoroark\n|\n|upkeep\n|\n|t:|1700082561\n|switch|p2a: Ceruledge|Ceruledge, F|100\/100\n|-damage|p2a: Ceruledge|84\/100|[from] Spikes\n|-status|p2a: Ceruledge|psn\n|turn|5\n|\n|t:|1700082566\n|move|p1a: bro why u mad|Knock Off|p2a: Ceruledge\n|-supereffective|p2a: Ceruledge\n|-damage|p2a: Ceruledge|0 fnt\n|-enditem|p2a: Ceruledge|Expert Belt|[from] move: Knock Off|[of] p1a: bro why u mad\n|faint|p2a: Ceruledge\n|\n|upkeep\n|\n|t:|1700082570\n|switch|p2a: Zamazenta|Zamazenta-Crowned|100\/100\n|-damage|p2a: Zamazenta|84\/100|[from] Spikes\n|-ability|p2a: Zamazenta|Dauntless Shield|boost\n|-boost|p2a: Zamazenta|def|1\n|turn|6\n|\n|t:|1700082575\n|move|p1a: bro why u mad|Ivy Cudgel|p2a: Zamazenta|[anim] Ivy Cudgel Fire\n|-supereffective|p2a: Zamazenta\n|-damage|p2a: Zamazenta|0 fnt\n|faint|p2a: Zamazenta\n|\n|upkeep\n|\n|t:|1700082579\n|switch|p2a: Mewtwo|Mewtwo|100\/100\n|-ability|p2a: Mewtwo|Unnerve\n|-damage|p2a: Mewtwo|84\/100|[from] Spikes\n|-status|p2a: Mewtwo|psn\n|turn|7\n|\n|t:|1700082586\n|move|p1a: bro why u mad|Knock Off|p2a: Mewtwo\n|-supereffective|p2a: Mewtwo\n|-damage|p2a: Mewtwo|0 fnt\n|-enditem|p2a: Mewtwo|Leftovers|[from] move: Knock Off|[of] p1a: bro why u mad\n|faint|p2a: Mewtwo\n|\n|upkeep\n|-message|mega man g1 forfeited.\n|\n|win|TreBucet\n|raw|TreBucet's rating: 1065 &rarr; <strong>1090<\/strong><br \/>(+25 for winning)\n|raw|mega man g1's rating: 1000 &rarr; <strong>1000<\/strong><br \/>(+0 for losing)\n|l|\u2606mega man g1\n|c|\u2606TreBucet|lol\n","uploadtime":1700082598,"views":5,"p1id":"trebucet","p2id":"megamang1","formatid":"gen9anythinggoes","rating":1000,"private":0,"password":""}