{"id":"gen9anythinggoes-1989487584","p1":"letsshowddown","p2":"kustomciller","format":"[Gen 9] Anything Goes","log":"|j|\u2606letsshowddown\n|j|\u2606kustomciller\n|t:|1699858866\n|gametype|singles\n|player|p1|letsshowddown|169|1040\n|player|p2|kustomciller|1|1130\n|teamsize|p1|6\n|teamsize|p2|5\n|gen|9\n|tier|[Gen 9] Anything Goes\n|rated|\n|rule|HP Percentage Mod: HP is shown in percentages\n|rule|Endless Battle Clause: Forcing endless battles is banned\n|clearpoke\n|poke|p1|Volcarona, M|\n|poke|p1|Rillaboom, M|\n|poke|p1|Arcanine, M|\n|poke|p1|Grimmsnarl, M|\n|poke|p1|Kommo-o, F|\n|poke|p1|Iron Hands|\n|poke|p2|Cloyster, F|\n|poke|p2|Salamence, F|\n|poke|p2|Espathra, F|\n|poke|p2|Glimmora, F|\n|poke|p2|Annihilape, F|\n|teampreview\n|inactive|Battle timer is ON: inactive players will automatically lose when time's up. (requested by kustomciller)\n|\n|t:|1699858870\n|start\n|switch|p1a: Iron Hands|Iron Hands, shiny|100\/100\n|switch|p2a: Glimmora|Glimmora, F|100\/100\n|turn|1\n|\n|t:|1699858881\n|move|p1a: Iron Hands|Fake Out|p2a: Glimmora\n|-resisted|p2a: Glimmora\n|-damage|p2a: Glimmora|95\/100\n|-activate|p2a: Glimmora|ability: Toxic Debris\n|-sidestart|p1: letsshowddown|move: Toxic Spikes\n|cant|p2a: Glimmora|flinch\n|\n|upkeep\n|turn|2\n|c|\u2606kustomciller|That wasnt very nice\n|\n|t:|1699858895\n|move|p2a: Glimmora|Earth Power|p1a: Iron Hands\n|-supereffective|p1a: Iron Hands\n|-damage|p1a: Iron Hands|69\/100\n|move|p1a: Iron Hands|Drain Punch|p2a: Glimmora\n|-damage|p2a: Glimmora|57\/100\n|-heal|p1a: Iron Hands|83\/100|[from] drain|[of] p2a: Glimmora\n|-activate|p2a: Glimmora|ability: Toxic Debris\n|-sidestart|p1: letsshowddown|move: Toxic Spikes\n|\n|upkeep\n|turn|3\n|\n|t:|1699858906\n|move|p2a: Glimmora|Earth Power|p1a: Iron Hands\n|-supereffective|p1a: Iron Hands\n|-damage|p1a: Iron Hands|52\/100\n|move|p1a: Iron Hands|Drain Punch|p2a: Glimmora\n|-damage|p2a: Glimmora|19\/100\n|-heal|p1a: Iron Hands|65\/100|[from] drain|[of] p2a: Glimmora\n|\n|upkeep\n|turn|4\n|\n|t:|1699858915\n|-terastallize|p1a: Iron Hands|Water\n|move|p2a: Glimmora|Earth Power|p1a: Iron Hands\n|-damage|p1a: Iron Hands|50\/100\n|move|p1a: Iron Hands|Drain Punch|p2a: Glimmora\n|-damage|p2a: Glimmora|0 fnt\n|-heal|p1a: Iron Hands|56\/100|[from] drain|[of] p2a: Glimmora\n|faint|p2a: Glimmora\n|\n|upkeep\n|\n|t:|1699858919\n|switch|p2a: Cloyster|Cloyster, F|100\/100\n|turn|5\n|\n|t:|1699858928\n|move|p2a: Cloyster|Shell Smash|p2a: Cloyster\n|-unboost|p2a: Cloyster|def|1\n|-unboost|p2a: Cloyster|spd|1\n|-boost|p2a: Cloyster|atk|2\n|-boost|p2a: Cloyster|spa|2\n|-boost|p2a: Cloyster|spe|2\n|move|p1a: Iron Hands|Drain Punch|p2a: Cloyster\n|-supereffective|p2a: Cloyster\n|-damage|p2a: Cloyster|20\/100\n|-heal|p1a: Iron Hands|78\/100|[from] drain|[of] p2a: Cloyster\n|\n|upkeep\n|turn|6\n|\n|t:|1699858939\n|move|p2a: Cloyster|Icicle Spear|p1a: Iron Hands\n|-resisted|p1a: Iron Hands\n|-damage|p1a: Iron Hands|71\/100\n|-resisted|p1a: Iron Hands\n|-damage|p1a: Iron Hands|65\/100\n|-resisted|p1a: Iron Hands\n|-damage|p1a: Iron Hands|59\/100\n|-resisted|p1a: Iron Hands\n|-damage|p1a: Iron Hands|53\/100\n|-resisted|p1a: Iron Hands\n|-damage|p1a: Iron Hands|47\/100\n|-hitcount|p1a: Iron Hands|5\n|cant|p1a: Iron Hands|flinch\n|\n|upkeep\n|turn|7\n|\n|t:|1699858956\n|move|p2a: Cloyster|Icicle Spear|p1a: Iron Hands\n|-resisted|p1a: Iron Hands\n|-damage|p1a: Iron Hands|40\/100\n|-resisted|p1a: Iron Hands\n|-damage|p1a: Iron Hands|34\/100\n|-resisted|p1a: Iron Hands\n|-damage|p1a: Iron Hands|28\/100\n|-resisted|p1a: Iron Hands\n|-damage|p1a: Iron Hands|22\/100\n|-resisted|p1a: Iron Hands\n|-damage|p1a: Iron Hands|16\/100\n|-hitcount|p1a: Iron Hands|5\n|move|p1a: Iron Hands|Drain Punch|p2a: Cloyster\n|-supereffective|p2a: Cloyster\n|-damage|p2a: Cloyster|0 fnt\n|-heal|p1a: Iron Hands|21\/100|[from] drain|[of] p2a: Cloyster\n|faint|p2a: Cloyster\n|\n|upkeep\n|\n|t:|1699858960\n|switch|p2a: Salamence|Salamence, F|100\/100\n|turn|8\n|\n|t:|1699858967\n|-terastallize|p2a: Salamence|Steel\n|move|p2a: Salamence|Dragon Dance|p2a: Salamence\n|-boost|p2a: Salamence|atk|1\n|-boost|p2a: Salamence|spe|1\n|move|p1a: Iron Hands|Wild Charge|p2a: Salamence\n|-damage|p2a: Salamence|44\/100\n|-damage|p1a: Iron Hands|11\/100|[from] Recoil\n|\n|-heal|p2a: Salamence|50\/100|[from] item: Leftovers\n|upkeep\n|turn|9\n|\n|t:|1699858987\n|-end|p1a: Iron Hands|Quark Drive|[silent]\n|switch|p1a: Grimmsnarl|Grimmsnarl, M, shiny|100\/100\n|-status|p1a: Grimmsnarl|tox\n|move|p2a: Salamence|Dual Wingbeat|p1a: Grimmsnarl\n|-damage|p1a: Grimmsnarl|64\/100 tox\n|-damage|p1a: Grimmsnarl|24\/100 tox\n|-hitcount|p1a: Grimmsnarl|2\n|\n|-heal|p2a: Salamence|57\/100|[from] item: Leftovers\n|-damage|p1a: Grimmsnarl|18\/100 tox|[from] psn\n|upkeep\n|turn|10\n|\n|t:|1699858999\n|move|p1a: Grimmsnarl|Reflect|p1a: Grimmsnarl\n|-sidestart|p1: letsshowddown|Reflect\n|move|p2a: Salamence|Dual Wingbeat|p1a: Grimmsnarl\n|-damage|p1a: Grimmsnarl|0 fnt\n|faint|p1a: Grimmsnarl\n|-ability|p2a: Salamence|Moxie|boost\n|-boost|p2a: Salamence|atk|1\n|-hitcount|p1: Grimmsnarl|1\n|\n|-heal|p2a: Salamence|63\/100|[from] item: Leftovers\n|upkeep\n|\n|t:|1699859009\n|switch|p1a: Ark|Arcanine, M, shiny|100\/100\n|-status|p1a: Ark|tox\n|-ability|p1a: Ark|Intimidate|boost\n|-unboost|p2a: Salamence|atk|1\n|turn|11\n|\n|t:|1699859014\n|move|p2a: Salamence|Earthquake|p1a: Ark\n|-supereffective|p1a: Ark\n|-damage|p1a: Ark|48\/100 tox\n|move|p1a: Ark|Will-O-Wisp|p2a: Salamence\n|-status|p2a: Salamence|brn\n|\n|-heal|p2a: Salamence|69\/100 brn|[from] item: Leftovers\n|-heal|p1a: Ark|54\/100 tox|[from] item: Leftovers\n|-damage|p1a: Ark|48\/100 tox|[from] psn\n|-damage|p2a: Salamence|63\/100 brn|[from] brn\n|upkeep\n|turn|12\n|\n|t:|1699859020\n|move|p1a: Ark|Extreme Speed|p2a: Salamence\n|-resisted|p2a: Salamence\n|-damage|p2a: Salamence|49\/100 brn\n|move|p2a: Salamence|Earthquake|p1a: Ark\n|-supereffective|p1a: Ark\n|-damage|p1a: Ark|20\/100 tox\n|\n|-heal|p2a: Salamence|55\/100 brn|[from] item: Leftovers\n|-heal|p1a: Ark|26\/100 tox|[from] item: Leftovers\n|-damage|p1a: Ark|13\/100 tox|[from] psn\n|-damage|p2a: Salamence|49\/100 brn|[from] brn\n|upkeep\n|turn|13\n|\n|t:|1699859034\n|move|p1a: Ark|Extreme Speed|p2a: Salamence\n|-resisted|p2a: Salamence\n|-damage|p2a: Salamence|35\/100 brn\n|move|p2a: Salamence|Earthquake|p1a: Ark\n|-supereffective|p1a: Ark\n|-damage|p1a: Ark|0 fnt\n|faint|p1a: Ark\n|-ability|p2a: Salamence|Moxie|boost\n|-boost|p2a: Salamence|atk|1\n|\n|-heal|p2a: Salamence|41\/100 brn|[from] item: Leftovers\n|-damage|p2a: Salamence|35\/100 brn|[from] brn\n|upkeep\n|\n|t:|1699859059\n|switch|p1a: Sammy|Rillaboom, M, shiny|100\/100\n|-status|p1a: Sammy|tox\n|-fieldstart|move: Grassy Terrain|[from] ability: Grassy Surge|[of] p1a: Sammy\n|turn|14\n|\n|t:|1699859072\n|move|p1a: Sammy|U-turn|p2a: Salamence\n|-resisted|p2a: Salamence\n|-damage|p2a: Salamence|24\/100 brn\n|\n|t:|1699859080\n|switch|p1a: Kommo-chan|Kommo-o, F, shiny|100\/100|[from] U-turn\n|-status|p1a: Kommo-chan|tox\n|move|p2a: Salamence|Dual Wingbeat|p1a: Kommo-chan\n|-supereffective|p1a: Kommo-chan\n|-damage|p1a: Kommo-chan|81\/100 tox\n|-supereffective|p1a: Kommo-chan\n|-damage|p1a: Kommo-chan|61\/100 tox\n|-hitcount|p1a: Kommo-chan|2\n|\n|-heal|p2a: Salamence|30\/100 brn|[from] Grassy Terrain\n|-heal|p2a: Salamence|36\/100 brn|[from] item: Leftovers\n|-heal|p1a: Kommo-chan|68\/100 tox|[from] Grassy Terrain\n|-damage|p1a: Kommo-chan|61\/100 tox|[from] psn\n|-damage|p2a: Salamence|30\/100 brn|[from] brn\n|upkeep\n|turn|15\n|\n|t:|1699859092\n|move|p2a: Salamence|Dragon Claw|p1a: Kommo-chan\n|-supereffective|p1a: Kommo-chan\n|-damage|p1a: Kommo-chan|20\/100 tox\n|-enditem|p1a: Kommo-chan|Sitrus Berry|[eat]\n|-heal|p1a: Kommo-chan|44\/100 tox|[from] item: Sitrus Berry\n|move|p1a: Kommo-chan|Flash Cannon|p2a: Salamence\n|-resisted|p2a: Salamence\n|-damage|p2a: Salamence|18\/100 brn\n|\n|-heal|p2a: Salamence|24\/100 brn|[from] Grassy Terrain\n|-heal|p2a: Salamence|30\/100 brn|[from] item: Leftovers\n|-heal|p1a: Kommo-chan|51\/100 tox|[from] Grassy Terrain\n|-damage|p1a: Kommo-chan|38\/100 tox|[from] psn\n|-damage|p2a: Salamence|24\/100 brn|[from] brn\n|upkeep\n|turn|16\n|\n|t:|1699859105\n|move|p2a: Salamence|Dragon Claw|p1a: Kommo-chan\n|-supereffective|p1a: Kommo-chan\n|-damage|p1a: Kommo-chan|0 fnt\n|faint|p1a: Kommo-chan\n|-ability|p2a: Salamence|Moxie|boost\n|-boost|p2a: Salamence|atk|1\n|\n|-heal|p2a: Salamence|30\/100 brn|[from] Grassy Terrain\n|-heal|p2a: Salamence|36\/100 brn|[from] item: Leftovers\n|-damage|p2a: Salamence|30\/100 brn|[from] brn\n|upkeep\n|-message|letsshowddown forfeited.\n|\n|win|kustomciller\n|raw|letsshowddown's rating: 1040 &rarr; <strong>1028<\/strong><br \/>(-12 for losing)\n|raw|kustomciller's rating: 1130 &rarr; <strong>1149<\/strong><br \/>(+19 for winning)\n|l|\u2606letsshowddown\n","uploadtime":1699859119,"views":4,"p1id":"letsshowddown","p2id":"kustomciller","formatid":"gen9anythinggoes","rating":1028,"private":0,"password":""}