{"id":"gen9anythinggoes-1989414324","p1":"The King Dorko","p2":"LordRevan22","format":"[Gen 9] Anything Goes","log":"|j|\u2606The King Dorko\n|j|\u2606LordRevan22\n|t:|1699847175\n|gametype|singles\n|player|p1|The King Dorko|giovanni|\n|player|p2|LordRevan22|101|\n|teamsize|p1|6\n|teamsize|p2|6\n|gen|9\n|tier|[Gen 9] Anything Goes\n|rule|HP Percentage Mod: HP is shown in percentages\n|rule|Endless Battle Clause: Forcing endless battles is banned\n|clearpoke\n|poke|p1|Landorus-Therian, M|\n|poke|p1|Goodra, M|\n|poke|p1|Dusclops, M|\n|poke|p1|Eiscue, M|\n|poke|p1|Mandibuzz, F|\n|poke|p1|Weezing, M|\n|poke|p2|Urshifu-*, F|\n|poke|p2|Gliscor, F|\n|poke|p2|Quagsire, M|\n|poke|p2|Clodsire, M|\n|poke|p2|Masquerain, F|\n|poke|p2|Volcarona, M|\n|teampreview\n|inactive|Battle timer is ON: inactive players will automatically lose when time's up. (requested by The King Dorko)\n|j| kjwbd.\n|inactive|The King Dorko has 270 seconds left.\n|\n|t:|1699847208\n|start\n|switch|p1a: Goodra|Goodra, M, shiny|100\/100\n|switch|p2a: Masquerain|Masquerain, F, shiny|100\/100\n|-ability|p2a: Masquerain|Intimidate|boost\n|-unboost|p1a: Goodra|atk|1\n|turn|1\n|\n|t:|1699847218\n|switch|p1a: Eiscue|Eiscue, M, shiny|100\/100\n|move|p2a: Masquerain|Sticky Web|p1a: Eiscue\n|-sidestart|p1: The King Dorko|move: Sticky Web\n|\n|upkeep\n|turn|2\n|\n|t:|1699847226\n|switch|p2a: Quagsire|Quagsire, M, shiny|100\/100\n|move|p1a: Eiscue|Belly Drum|p1a: Eiscue\n|-damage|p1a: Eiscue|51\/100\n|-setboost|p1a: Eiscue|atk|6|[from] move: Belly Drum\n|\n|upkeep\n|turn|3\n|\n|t:|1699847236\n|move|p1a: Eiscue|Ice Spinner|p2a: Quagsire\n|-damage|p2a: Quagsire|80\/100\n|move|p2a: Quagsire|Toxic|p1a: Eiscue\n|-status|p1a: Eiscue|tox\n|-enditem|p1a: Eiscue|Lum Berry|[eat]\n|-curestatus|p1a: Eiscue|tox|[msg]\n|\n|-heal|p2a: Quagsire|87\/100|[from] item: Leftovers\n|upkeep\n|turn|4\n|\n|t:|1699847257\n|switch|p1a: Weezing|Weezing, M, shiny|100\/100\n|-ability|p1a: Weezing|Neutralizing Gas\n|-activate|p1a: Weezing|move: Sticky Web\n|-unboost|p1a: Weezing|spe|1\n|move|p2a: Quagsire|Toxic|p1a: Weezing\n|-immune|p1a: Weezing\n|\n|-heal|p2a: Quagsire|93\/100|[from] item: Leftovers\n|upkeep\n|turn|5\n|\n|t:|1699847272\n|switch|p2a: Clodsire|Clodsire, M, shiny|100\/100\n|move|p1a: Weezing|Will-O-Wisp|p2a: Clodsire\n|-status|p2a: Clodsire|brn\n|\n|-damage|p2a: Clodsire|94\/100 brn|[from] brn\n|upkeep\n|turn|6\n|\n|t:|1699847286\n|-end|p1a: Weezing|ability: Neutralizing Gas\n|switch|p1a: Mandibuzz|Mandibuzz, F, shiny|100\/100\n|move|p2a: Clodsire|Stealth Rock|p1a: Mandibuzz\n|-sidestart|p1: The King Dorko|move: Stealth Rock\n|\n|-heal|p2a: Clodsire|100\/100 brn|[from] item: Leftovers\n|-damage|p2a: Clodsire|94\/100 brn|[from] brn\n|upkeep\n|turn|7\n|\n|t:|1699847297\n|move|p1a: Mandibuzz|Taunt|p2a: Clodsire\n|-start|p2a: Clodsire|move: Taunt\n|cant|p2a: Clodsire|move: Taunt|Toxic\n|\n|-heal|p2a: Clodsire|100\/100 brn|[from] item: Leftovers\n|-damage|p2a: Clodsire|94\/100 brn|[from] brn\n|upkeep\n|turn|8\n|\n|t:|1699847306\n|switch|p2a: Masquerain|Masquerain, F, shiny|100\/100\n|-ability|p2a: Masquerain|Intimidate|boost\n|-unboost|p1a: Mandibuzz|atk|1\n|move|p1a: Mandibuzz|Defog|p2a: Masquerain\n|-unboost|p2a: Masquerain|evasion|1\n|-sideend|p1: The King Dorko|Stealth Rock|[from] move: Defog|[of] p1a: Mandibuzz\n|-sideend|p1: The King Dorko|Sticky Web|[from] move: Defog|[of] p1a: Mandibuzz\n|\n|upkeep\n|turn|9\n|\n|t:|1699847317\n|move|p2a: Masquerain|Quiver Dance|p2a: Masquerain\n|-boost|p2a: Masquerain|spa|1\n|-boost|p2a: Masquerain|spd|1\n|-boost|p2a: Masquerain|spe|1\n|move|p1a: Mandibuzz|Toxic|p2a: Masquerain\n|-status|p2a: Masquerain|tox\n|\n|-damage|p2a: Masquerain|94\/100 tox|[from] psn\n|upkeep\n|turn|10\n|l| kjwbd.\n|\n|t:|1699847327\n|move|p2a: Masquerain|Ice Beam|p1a: Mandibuzz\n|-supereffective|p1a: Mandibuzz\n|-damage|p1a: Mandibuzz|47\/100\n|move|p1a: Mandibuzz|Knock Off|p2a: Masquerain\n|-crit|p2a: Masquerain\n|-damage|p2a: Masquerain|30\/100 tox\n|-enditem|p2a: Masquerain|Focus Sash|[from] move: Knock Off|[of] p1a: Mandibuzz\n|\n|-heal|p1a: Mandibuzz|53\/100|[from] item: Leftovers\n|-damage|p2a: Masquerain|18\/100 tox|[from] psn\n|upkeep\n|turn|11\n|\n|t:|1699847338\n|switch|p1a: Dusclops|Dusclops, M, shiny|100\/100\n|-ability|p1a: Dusclops|Pressure\n|move|p2a: Masquerain|Ice Beam|p1a: Dusclops\n|-damage|p1a: Dusclops|73\/100\n|\n|-damage|p2a: Masquerain|0 fnt|[from] psn\n|faint|p2a: Masquerain\n|upkeep\n|\n|t:|1699847349\n|switch|p2a: Urshifu|Urshifu, F|100\/100\n|turn|12\n|\n|t:|1699847358\n|move|p2a: Urshifu|Substitute|p2a: Urshifu\n|-start|p2a: Urshifu|Substitute\n|-damage|p2a: Urshifu|76\/100\n|move|p1a: Dusclops|Will-O-Wisp||[still]\n|-fail|p1a: Dusclops\n|\n|-heal|p2a: Urshifu|82\/100|[from] item: Leftovers\n|upkeep\n|turn|13\n|\n|t:|1699847366\n|switch|p1a: Landorus|Landorus-Therian, M, shiny|100\/100\n|-ability|p1a: Landorus|Intimidate|boost\n|-immune|p2a: Urshifu\n|move|p2a: Urshifu|Swords Dance|p2a: Urshifu\n|-boost|p2a: Urshifu|atk|2\n|\n|-heal|p2a: Urshifu|88\/100|[from] item: Leftovers\n|upkeep\n|turn|14\n|\n|t:|1699847376\n|move|p1a: Landorus|Brick Break|p2a: Urshifu\n|-supereffective|p2a: Urshifu\n|-end|p2a: Urshifu|Substitute\n|move|p2a: Urshifu|Ice Punch|p1a: Landorus\n|-supereffective|p1a: Landorus\n|-damage|p1a: Landorus|0 fnt\n|faint|p1a: Landorus\n|\n|-heal|p2a: Urshifu|94\/100|[from] item: Leftovers\n|upkeep\n|\n|t:|1699847382\n|switch|p1a: Eiscue|Eiscue, M, shiny|51\/100\n|turn|15\n|\n|t:|1699847389\n|move|p2a: Urshifu|Substitute|p2a: Urshifu\n|-start|p2a: Urshifu|Substitute\n|-damage|p2a: Urshifu|69\/100\n|move|p1a: Eiscue|Belly Drum|p1a: Eiscue\n|-damage|p1a: Eiscue|1\/100\n|-setboost|p1a: Eiscue|atk|6|[from] move: Belly Drum\n|\n|-heal|p2a: Urshifu|75\/100|[from] item: Leftovers\n|upkeep\n|turn|16\n|\n|t:|1699847399\n|move|p2a: Urshifu|Wicked Blow|p1a: Eiscue\n|-activate|p1a: Eiscue|ability: Ice Face\n|-damage|p1a: Eiscue|1\/100\n|detailschange|p1a: Eiscue|Eiscue-Noice, M, shiny\n|move|p1a: Eiscue|Ice Spinner|p2a: Urshifu\n|-end|p2a: Urshifu|Substitute\n|\n|-heal|p2a: Urshifu|81\/100|[from] item: Leftovers\n|upkeep\n|turn|17\n|\n|t:|1699847412\n|move|p1a: Eiscue|Ice Spinner|p2a: Urshifu\n|-damage|p2a: Urshifu|0 fnt\n|faint|p2a: Urshifu\n|\n|upkeep\n|\n|t:|1699847420\n|switch|p2a: Quagsire|Quagsire, M, shiny|93\/100\n|turn|18\n|\n|t:|1699847434\n|move|p1a: Eiscue|Liquidation|p2a: Quagsire\n|-damage|p2a: Quagsire|79\/100\n|move|p2a: Quagsire|Earthquake|p1a: Eiscue\n|-damage|p1a: Eiscue|0 fnt\n|faint|p1a: Eiscue\n|\n|-heal|p2a: Quagsire|85\/100|[from] item: Leftovers\n|upkeep\n|inactive|The King Dorko has 270 seconds left.\n|\n|t:|1699847469\n|switch|p1a: Weezing|Weezing, M, shiny|100\/100\n|-ability|p1a: Weezing|Neutralizing Gas\n|turn|19\n|\n|t:|1699847481\n|switch|p2a: Clodsire|Clodsire, M, shiny|94\/100 brn\n|move|p1a: Weezing|Will-O-Wisp|p2a: Clodsire\n|-fail|p2a: Clodsire|brn\n|\n|-heal|p2a: Clodsire|100\/100 brn|[from] item: Leftovers\n|-damage|p2a: Clodsire|94\/100 brn|[from] brn\n|upkeep\n|turn|20\n|inactive|The King Dorko has 270 seconds left.\n|\n|t:|1699847504\n|-end|p1a: Weezing|ability: Neutralizing Gas\n|switch|p1a: Mandibuzz|Mandibuzz, F, shiny|53\/100\n|move|p2a: Clodsire|Toxic|p1a: Mandibuzz\n|-status|p1a: Mandibuzz|tox\n|\n|-heal|p1a: Mandibuzz|59\/100 tox|[from] item: Leftovers\n|-heal|p2a: Clodsire|100\/100 brn|[from] item: Leftovers\n|-damage|p1a: Mandibuzz|53\/100 tox|[from] psn\n|-damage|p2a: Clodsire|94\/100 brn|[from] brn\n|upkeep\n|turn|21\n|\n|t:|1699847521\n|switch|p2a: Gliscor|Gliscor, F, shiny|100\/100\n|move|p1a: Mandibuzz|Knock Off|p2a: Gliscor\n|-damage|p2a: Gliscor|86\/100\n|-enditem|p2a: Gliscor|Toxic Orb|[from] move: Knock Off|[of] p1a: Mandibuzz\n|\n|-heal|p1a: Mandibuzz|59\/100 tox|[from] item: Leftovers\n|-damage|p1a: Mandibuzz|47\/100 tox|[from] psn\n|upkeep\n|turn|22\n|inactive|The King Dorko has 270 seconds left.\n|\n|t:|1699847538\n|move|p2a: Gliscor|Acrobatics|p1a: Mandibuzz\n|-damage|p1a: Mandibuzz|19\/100 tox\n|move|p1a: Mandibuzz|Defog|p2a: Gliscor\n|-unboost|p2a: Gliscor|evasion|1\n|\n|-heal|p1a: Mandibuzz|25\/100 tox|[from] item: Leftovers\n|-damage|p1a: Mandibuzz|7\/100 tox|[from] psn\n|upkeep\n|turn|23\n|inactive|The King Dorko has 270 seconds left.\n|\n|t:|1699847553\n|move|p2a: Gliscor|Acrobatics|p1a: Mandibuzz\n|-damage|p1a: Mandibuzz|0 fnt\n|faint|p1a: Mandibuzz\n|\n|upkeep\n|inactive|The King Dorko has 270 seconds left.\n|\n|t:|1699847562\n|switch|p1a: Dusclops|Dusclops, M, shiny|73\/100\n|-ability|p1a: Dusclops|Pressure\n|turn|24\n|\n|t:|1699847567\n|switch|p2a: Volcarona|Volcarona, M|100\/100\n|move|p1a: Dusclops|Will-O-Wisp|p2a: Volcarona\n|-immune|p2a: Volcarona\n|\n|upkeep\n|turn|25\n|\n|t:|1699847578\n|move|p2a: Volcarona|Quiver Dance|p2a: Volcarona\n|-boost|p2a: Volcarona|spa|1\n|-boost|p2a: Volcarona|spd|1\n|-boost|p2a: Volcarona|spe|1\n|move|p1a: Dusclops|Night Shade|p2a: Volcarona\n|-damage|p2a: Volcarona|74\/100\n|\n|upkeep\n|turn|26\n|\n|t:|1699847585\n|move|p2a: Volcarona|Quiver Dance|p2a: Volcarona\n|-boost|p2a: Volcarona|spa|1\n|-boost|p2a: Volcarona|spd|1\n|-boost|p2a: Volcarona|spe|1\n|move|p1a: Dusclops|Substitute|p1a: Dusclops\n|-start|p1a: Dusclops|Substitute\n|-damage|p1a: Dusclops|48\/100\n|\n|upkeep\n|turn|27\n|\n|t:|1699847593\n|move|p2a: Volcarona|Fiery Dance|p1a: Dusclops\n|-end|p1a: Dusclops|Substitute\n|-boost|p2a: Volcarona|spa|1\n|move|p1a: Dusclops|Substitute|p1a: Dusclops\n|-start|p1a: Dusclops|Substitute\n|-damage|p1a: Dusclops|23\/100\n|\n|upkeep\n|turn|28\n|\n|t:|1699847603\n|move|p2a: Volcarona|Fiery Dance|p1a: Dusclops\n|-end|p1a: Dusclops|Substitute\n|-boost|p2a: Volcarona|spa|1\n|move|p1a: Dusclops|Pain Split|p2a: Volcarona\n|-sethp|p2a: Volcarona|44\/100|[from] move: Pain Split|[silent]\n|-sethp|p1a: Dusclops|73\/100|[from] move: Pain Split\n|\n|upkeep\n|turn|29\n|\n|t:|1699847617\n|move|p2a: Volcarona|Morning Sun|p2a: Volcarona\n|-heal|p2a: Volcarona|94\/100\n|move|p1a: Dusclops|Pain Split|p2a: Volcarona\n|-sethp|p2a: Volcarona|69\/100|[from] move: Pain Split|[silent]\n|-sethp|p1a: Dusclops|100\/100|[from] move: Pain Split\n|\n|upkeep\n|turn|30\n|\n|t:|1699847625\n|move|p2a: Volcarona|Fiery Dance|p1a: Dusclops\n|-damage|p1a: Dusclops|22\/100\n|-boost|p2a: Volcarona|spa|1\n|move|p1a: Dusclops|Substitute|p1a: Dusclops\n|-fail|p1a: Dusclops|move: Substitute|[weak]\n|\n|upkeep\n|turn|31\n|\n|t:|1699847632\n|move|p2a: Volcarona|Giga Drain|p1a: Dusclops\n|-damage|p1a: Dusclops|0 fnt\n|-heal|p2a: Volcarona|75\/100|[from] drain|[of] p1a: Dusclops\n|faint|p1a: Dusclops\n|\n|upkeep\n|\n|t:|1699847634\n|switch|p1a: Goodra|Goodra, M, shiny|100\/100\n|turn|32\n|\n|t:|1699847642\n|move|p2a: Volcarona|Fiery Dance|p1a: Goodra\n|-resisted|p1a: Goodra\n|-crit|p1a: Goodra\n|-damage|p1a: Goodra|67\/100\n|move|p1a: Goodra|Scald|p2a: Volcarona\n|-supereffective|p2a: Volcarona\n|-damage|p2a: Volcarona|59\/100\n|\n|upkeep\n|turn|33\n|\n|t:|1699847652\n|move|p2a: Volcarona|Giga Drain|p1a: Goodra\n|-resisted|p1a: Goodra\n|-damage|p1a: Goodra|53\/100\n|-heal|p2a: Volcarona|66\/100|[from] drain|[of] p1a: Goodra\n|move|p1a: Goodra|Dragon Breath|p2a: Volcarona\n|-damage|p2a: Volcarona|56\/100\n|-status|p2a: Volcarona|par\n|\n|upkeep\n|turn|34\n|\n|t:|1699847667\n|switch|p1a: Weezing|Weezing, M, shiny|100\/100\n|-ability|p1a: Weezing|Neutralizing Gas\n|move|p2a: Volcarona|Morning Sun|p2a: Volcarona\n|-heal|p2a: Volcarona|100\/100 par\n|\n|upkeep\n|turn|35\n|\n|t:|1699847676\n|cant|p2a: Volcarona|par\n|move|p1a: Weezing|Haze|p1a: Weezing\n|-clearallboost\n|\n|upkeep\n|turn|36\n|\n|t:|1699847686\n|move|p1a: Weezing|Sludge Bomb|p2a: Volcarona\n|-damage|p2a: Volcarona|75\/100 par\n|move|p2a: Volcarona|Fiery Dance|p1a: Weezing\n|-damage|p1a: Weezing|39\/100\n|-boost|p2a: Volcarona|spa|1\n|\n|-heal|p1a: Weezing|45\/100|[from] item: Black Sludge\n|upkeep\n|turn|37\n|\n|t:|1699847696\n|-end|p1a: Weezing|ability: Neutralizing Gas\n|switch|p1a: Goodra|Goodra, M, shiny|53\/100\n|cant|p2a: Volcarona|par\n|\n|upkeep\n|turn|38\n|\n|t:|1699847703\n|switch|p2a: Clodsire|Clodsire, M, shiny|94\/100 brn\n|move|p1a: Goodra|Scald|p2a: Clodsire\n|-supereffective|p2a: Clodsire\n|-damage|p2a: Clodsire|72\/100 brn\n|\n|-heal|p2a: Clodsire|79\/100 brn|[from] item: Leftovers\n|-damage|p2a: Clodsire|72\/100 brn|[from] brn\n|upkeep\n|turn|39\n|\n|t:|1699847717\n|switch|p1a: Weezing|Weezing, M, shiny|45\/100\n|-ability|p1a: Weezing|Neutralizing Gas\n|move|p2a: Clodsire|Recover|p2a: Clodsire\n|-heal|p2a: Clodsire|100\/100 brn\n|\n|-heal|p1a: Weezing|51\/100|[from] item: Black Sludge\n|-damage|p2a: Clodsire|94\/100 brn|[from] brn\n|upkeep\n|turn|40\n|\n|t:|1699847728\n|switch|p2a: Gliscor|Gliscor, F, shiny|86\/100\n|move|p1a: Weezing|Sludge Bomb|p2a: Gliscor\n|-resisted|p2a: Gliscor\n|-damage|p2a: Gliscor|69\/100\n|\n|-heal|p1a: Weezing|57\/100|[from] item: Black Sludge\n|upkeep\n|turn|41\n|\n|t:|1699847738\n|move|p2a: Gliscor|Earthquake|p1a: Weezing\n|-supereffective|p1a: Weezing\n|-damage|p1a: Weezing|5\/100\n|move|p1a: Weezing|Will-O-Wisp|p2a: Gliscor\n|-status|p2a: Gliscor|brn\n|\n|-heal|p1a: Weezing|11\/100|[from] item: Black Sludge\n|-damage|p2a: Gliscor|63\/100 brn|[from] brn\n|upkeep\n|turn|42\n|\n|t:|1699847748\n|move|p2a: Gliscor|Earthquake|p1a: Weezing\n|-supereffective|p1a: Weezing\n|-damage|p1a: Weezing|0 fnt\n|faint|p1a: Weezing\n|-end|p1a: Weezing|ability: Neutralizing Gas\n|\n|-damage|p2a: Gliscor|57\/100 brn|[from] brn\n|upkeep\n|\n|t:|1699847749\n|switch|p1a: Goodra|Goodra, M, shiny|53\/100\n|turn|43\n|\n|t:|1699847757\n|move|p2a: Gliscor|Earthquake|p1a: Goodra\n|-damage|p1a: Goodra|34\/100\n|move|p1a: Goodra|Ice Beam|p2a: Gliscor\n|-supereffective|p2a: Gliscor\n|-damage|p2a: Gliscor|0 fnt\n|faint|p2a: Gliscor\n|\n|upkeep\n|\n|t:|1699847768\n|switch|p2a: Quagsire|Quagsire, M, shiny|85\/100\n|turn|44\n|\n|t:|1699847772\n|move|p1a: Goodra|Power Whip|p2a: Quagsire\n|-supereffective|p2a: Quagsire\n|-damage|p2a: Quagsire|9\/100\n|move|p2a: Quagsire|Toxic|p1a: Goodra\n|-status|p1a: Goodra|tox\n|\n|-heal|p2a: Quagsire|15\/100|[from] item: Leftovers\n|-damage|p1a: Goodra|28\/100 tox|[from] psn\n|upkeep\n|turn|45\n|\n|t:|1699847782\n|move|p2a: Quagsire|Protect|p2a: Quagsire\n|-singleturn|p2a: Quagsire|Protect\n|move|p1a: Goodra|Scald|p2a: Quagsire\n|-activate|p2a: Quagsire|move: Protect\n|\n|-heal|p2a: Quagsire|21\/100|[from] item: Leftovers\n|-damage|p1a: Goodra|16\/100 tox|[from] psn\n|upkeep\n|turn|46\n|\n|t:|1699847792\n|move|p1a: Goodra|Scald|p2a: Quagsire\n|-damage|p2a: Quagsire|0 fnt\n|faint|p2a: Quagsire\n|\n|-damage|p1a: Goodra|0 fnt|[from] psn\n|faint|p1a: Goodra\n|\n|win|LordRevan22\n|upkeep\n|l|\u2606LordRevan22\n|l|\u2606The King Dorko\n|j|\u2606The King Dorko\n|player|p1|The King Dorko|giovanni\n|l|\u2606The King Dorko\n|player|p1|\n|j|\u2606The King Dorko\n|player|p1|The King Dorko|giovanni\n","uploadtime":1699848118,"views":6,"p1id":"thekingdorko","p2id":"lordrevan22","formatid":"gen9anythinggoes","rating":0,"private":0,"password":""}