{"id":"gen9anythinggoes-1983594837","p1":"shidore","p2":"hide killer KTV","format":"[Gen 9] Anything Goes","log":"|j|\u2606shidore\n|j|\u2606hide killer KTV\n|t:|1699147347\n|gametype|singles\n|player|p1|shidore|hilbert|1211\n|player|p2|hide killer KTV|alain|1084\n|teamsize|p1|6\n|teamsize|p2|6\n|gen|9\n|tier|[Gen 9] Anything Goes\n|rated|\n|rule|HP Percentage Mod: HP is shown in percentages\n|rule|Endless Battle Clause: Forcing endless battles is banned\n|clearpoke\n|poke|p1|Darkrai|\n|poke|p1|Zacian-*|\n|poke|p1|Cinderace, F|\n|poke|p1|Ting-Lu|\n|poke|p1|Calyrex-Shadow|\n|poke|p1|Toxapex, F|\n|poke|p2|Urshifu-*, M|\n|poke|p2|Calyrex-Shadow|\n|poke|p2|Miraidon|\n|poke|p2|Flutter Mane|\n|poke|p2|Chi-Yu|\n|poke|p2|Arceus-Ground|\n|teampreview\n|inactive|Battle timer is ON: inactive players will automatically lose when time's up. (requested by hide killer KTV)\n|\n|t:|1699147363\n|start\n|switch|p1a: Ting-Lu|Ting-Lu|100\/100\n|switch|p2a: Urshifu|Urshifu, M|100\/100\n|-ability|p1a: Ting-Lu|Vessel of Ruin\n|turn|1\n|\n|t:|1699147378\n|move|p2a: Urshifu|U-turn|p1a: Ting-Lu\n|-supereffective|p1a: Ting-Lu\n|-damage|p1a: Ting-Lu|60\/100\n|\n|t:|1699147393\n|switch|p2a: Arceus|Arceus-Ground|100\/100|[from] U-turn\n|move|p1a: Ting-Lu|Spikes|p2a: Arceus\n|-sidestart|p2: hide killer KTV|Spikes\n|\n|-heal|p1a: Ting-Lu|66\/100|[from] item: Leftovers\n|upkeep\n|turn|2\n|\n|t:|1699147405\n|move|p2a: Arceus|Stealth Rock|p1a: Ting-Lu\n|-sidestart|p1: shidore|move: Stealth Rock\n|move|p1a: Ting-Lu|Stealth Rock|p2a: Arceus\n|-sidestart|p2: hide killer KTV|move: Stealth Rock\n|\n|-heal|p1a: Ting-Lu|72\/100|[from] item: Leftovers\n|upkeep\n|turn|3\n|\n|t:|1699147421\n|switch|p2a: Urshifu|Urshifu, M|100\/100\n|-damage|p2a: Urshifu|88\/100|[from] Spikes\n|-damage|p2a: Urshifu|82\/100|[from] Stealth Rock\n|move|p1a: Ting-Lu|Ruination|p2a: Urshifu\n|-damage|p2a: Urshifu|41\/100\n|\n|-heal|p1a: Ting-Lu|79\/100|[from] item: Leftovers\n|upkeep\n|turn|4\n|\n|t:|1699147431\n|move|p2a: Urshifu|Close Combat|p1a: Ting-Lu\n|-supereffective|p1a: Ting-Lu\n|-damage|p1a: Ting-Lu|0 fnt\n|-unboost|p2a: Urshifu|def|1\n|-unboost|p2a: Urshifu|spd|1\n|faint|p1a: Ting-Lu\n|\n|upkeep\n|\n|t:|1699147435\n|switch|p1a: Toxapex|Toxapex, F|100\/100\n|-damage|p1a: Toxapex|88\/100|[from] Stealth Rock\n|turn|5\n|\n|t:|1699147444\n|switch|p2a: Arceus|Arceus-Ground|100\/100\n|-damage|p2a: Arceus|88\/100|[from] Spikes\n|-damage|p2a: Arceus|82\/100|[from] Stealth Rock\n|move|p1a: Toxapex|Toxic Spikes|p2a: Arceus\n|-sidestart|p2: hide killer KTV|move: Toxic Spikes\n|\n|upkeep\n|turn|6\n|inactive|shidore has 120 seconds left.\n|\n|t:|1699147487\n|move|p2a: Arceus|Judgment|p1a: Toxapex\n|-supereffective|p1a: Toxapex\n|-damage|p1a: Toxapex|0 fnt\n|faint|p1a: Toxapex\n|\n|upkeep\n|\n|t:|1699147497\n|switch|p1a: Darkrai|Darkrai|100\/100\n|-damage|p1a: Darkrai|88\/100|[from] Stealth Rock\n|turn|7\n|\n|t:|1699147503\n|move|p1a: Darkrai|Hypnosis|p2a: Arceus\n|-status|p2a: Arceus|slp|[from] move: Hypnosis\n|cant|p2a: Arceus|slp\n|\n|-damage|p2a: Arceus|70\/100 slp|[from] ability: Bad Dreams|[of] p1a: Darkrai\n|upkeep\n|turn|8\n|\n|t:|1699147511\n|switch|p2a: Flutter Mane|Flutter Mane|100\/100\n|-damage|p2a: Flutter Mane|88\/100|[from] Spikes\n|-damage|p2a: Flutter Mane|76\/100|[from] Stealth Rock\n|-status|p2a: Flutter Mane|psn\n|-enditem|p2a: Flutter Mane|Booster Energy\n|-activate|p2a: Flutter Mane|ability: Protosynthesis|[fromitem]\n|-start|p2a: Flutter Mane|protosynthesisspe\n|move|p1a: Darkrai|Swords Dance|p1a: Darkrai\n|-boost|p1a: Darkrai|atk|2\n|\n|-damage|p2a: Flutter Mane|63\/100 psn|[from] psn\n|upkeep\n|turn|9\n|inactive|shidore has 120 seconds left.\n|\n|t:|1699147526\n|move|p2a: Flutter Mane|Moonblast|p1a: Darkrai\n|-supereffective|p1a: Darkrai\n|-damage|p1a: Darkrai|0 fnt\n|faint|p1a: Darkrai\n|\n|-damage|p2a: Flutter Mane|51\/100 psn|[from] psn\n|upkeep\n|\n|t:|1699147535\n|switch|p1a: Calyrex|Calyrex-Shadow|100\/100\n|-ability|p1a: Calyrex|As One\n|-ability|p1a: Calyrex|Unnerve\n|-damage|p1a: Calyrex|88\/100|[from] Stealth Rock\n|turn|10\n|\n|t:|1699147544\n|move|p2a: Flutter Mane|Shadow Ball|p1a: Calyrex\n|-supereffective|p1a: Calyrex\n|-damage|p1a: Calyrex|0 fnt\n|faint|p1a: Calyrex\n|\n|-damage|p2a: Flutter Mane|39\/100 psn|[from] psn\n|upkeep\n|\n|t:|1699147548\n|switch|p1a: Cinderace|Cinderace, F, shiny|100\/100\n|-damage|p1a: Cinderace|76\/100|[from] Stealth Rock\n|turn|11\n|\n|t:|1699147552\n|move|p2a: Flutter Mane|Power Gem|p1a: Cinderace\n|-supereffective|p1a: Cinderace\n|-damage|p1a: Cinderace|0 fnt\n|faint|p1a: Cinderace\n|\n|-damage|p2a: Flutter Mane|26\/100 psn|[from] psn\n|upkeep\n|\n|t:|1699147555\n|switch|p1a: Zacian|Zacian-Crowned, shiny|100\/100\n|-damage|p1a: Zacian|94\/100|[from] Stealth Rock\n|-ability|p1a: Zacian|Intrepid Sword|boost\n|-boost|p1a: Zacian|atk|1\n|turn|12\n|\n|t:|1699147559\n|move|p2a: Flutter Mane|Mystical Fire|p1a: Zacian\n|-supereffective|p1a: Zacian\n|-damage|p1a: Zacian|44\/100\n|-unboost|p1a: Zacian|spa|1\n|move|p1a: Zacian|Behemoth Blade|p2a: Flutter Mane\n|-supereffective|p2a: Flutter Mane\n|-damage|p2a: Flutter Mane|0 fnt\n|faint|p2a: Flutter Mane\n|-end|p2a: Flutter Mane|Protosynthesis|[silent]\n|\n|upkeep\n|\n|t:|1699147569\n|switch|p2a: Chi-Yu|Chi-Yu|100\/100\n|-damage|p2a: Chi-Yu|88\/100|[from] Spikes\n|-damage|p2a: Chi-Yu|63\/100|[from] Stealth Rock\n|-status|p2a: Chi-Yu|psn\n|-ability|p2a: Chi-Yu|Beads of Ruin\n|turn|13\n|\n|t:|1699147590\n|move|p1a: Zacian|Protect|p1a: Zacian\n|-singleturn|p1a: Zacian|Protect\n|move|p2a: Chi-Yu|Overheat|p1a: Zacian\n|-activate|p1a: Zacian|move: Protect\n|\n|-damage|p2a: Chi-Yu|51\/100 psn|[from] psn\n|upkeep\n|turn|14\n|\n|t:|1699147600\n|move|p2a: Chi-Yu|Overheat|p1a: Zacian\n|-supereffective|p1a: Zacian\n|-damage|p1a: Zacian|0 fnt\n|-unboost|p2a: Chi-Yu|spa|2\n|faint|p1a: Zacian\n|\n|win|hide killer KTV\n|raw|shidore's rating: 1211 &rarr; <strong>1177<\/strong><br \/>(-34 for losing)\n|raw|hide killer KTV's rating: 1084 &rarr; <strong>1121<\/strong><br \/>(+37 for winning)\n|c|\u2606shidore|gg\n|l|\u2606shidore\n","uploadtime":1699148124,"views":11,"p1id":"shidore","p2id":"hidekillerktv","formatid":"gen9anythinggoes","rating":1121,"private":0,"password":""}