{"id":"gen9anythinggoes-1975901376","p1":"Rowan_Rocket","p2":"RandBatsNab69","format":"[Gen 9] Anything Goes","log":"|j|\u2606Rowan_Rocket\n|j|\u2606RandBatsNab69\n|t:|1698247788\n|gametype|singles\n|player|p1|Rowan_Rocket|rocketgrunt|1148\n|player|p2|RandBatsNab69|170|1107\n|teamsize|p1|6\n|teamsize|p2|2\n|gen|9\n|tier|[Gen 9] Anything Goes\n|rated|\n|rule|HP Percentage Mod: HP is shown in percentages\n|rule|Endless Battle Clause: Forcing endless battles is banned\n|clearpoke\n|poke|p1|Farigiraf, F|\n|poke|p1|Wyrdeer, M|\n|poke|p1|Ursaluna, M|\n|poke|p1|Grafaiai, M|\n|poke|p1|Zoroark-Hisui, M|\n|poke|p1|Ambipom, F|\n|poke|p2|Garchomp, F|\n|poke|p2|Hippowdon, M|\n|teampreview\n|\n|t:|1698247796\n|start\n|switch|p1a: Grafaiai|Grafaiai, M|100\/100\n|switch|p2a: Hippowdon|Hippowdon, M|100\/100\n|-weather|Sandstorm|[from] ability: Sand Stream|[of] p2a: Hippowdon\n|turn|1\n|\n|t:|1698247808\n|switch|p2a: Garchomp|Garchomp, F|100\/100\n|move|p1a: Grafaiai|Parting Shot|p2a: Garchomp\n|-unboost|p2a: Garchomp|atk|1\n|-unboost|p2a: Garchomp|spa|1\n|\n|t:|1698247814\n|switch|p1a: Ursaluna|Ursaluna, M|100\/100|[from] Parting Shot\n|\n|-weather|Sandstorm|[upkeep]\n|-status|p1a: Ursaluna|brn|[from] item: Flame Orb\n|upkeep\n|turn|2\n|\n|t:|1698247821\n|move|p2a: Garchomp|Swords Dance|p2a: Garchomp\n|-boost|p2a: Garchomp|atk|2\n|move|p1a: Ursaluna|Facade|p2a: Garchomp|[miss]\n|-miss|p1a: Ursaluna|p2a: Garchomp\n|\n|-weather|Sandstorm|[upkeep]\n|-damage|p1a: Ursaluna|94\/100 brn|[from] brn\n|upkeep\n|turn|3\n|\n|t:|1698247831\n|move|p2a: Garchomp|Swords Dance|p2a: Garchomp\n|-boost|p2a: Garchomp|atk|2\n|move|p1a: Ursaluna|Facade|p2a: Garchomp|[miss]\n|-miss|p1a: Ursaluna|p2a: Garchomp\n|\n|-weather|Sandstorm|[upkeep]\n|-damage|p1a: Ursaluna|88\/100 brn|[from] brn\n|upkeep\n|turn|4\n|\n|t:|1698247839\n|-terastallize|p2a: Garchomp|Dragon\n|move|p2a: Garchomp|Scale Shot|p1a: Ursaluna\n|-damage|p1a: Ursaluna|52\/100 brn\n|-damage|p1a: Ursaluna|18\/100 brn\n|-damage|p1a: Ursaluna|0 fnt\n|faint|p1a: Ursaluna\n|-hitcount|p1: Ursaluna|3\n|-unboost|p2a: Garchomp|def|1\n|-boost|p2a: Garchomp|spe|1\n|\n|-weather|Sandstorm|[upkeep]\n|upkeep\n|\n|t:|1698247859\n|switch|p1a: Grafaiai|Grafaiai, M|100\/100\n|turn|5\n|\n|t:|1698247875\n|move|p1a: Grafaiai|Switcheroo|p2a: Garchomp|[miss]\n|-miss|p1a: Grafaiai|p2a: Garchomp\n|move|p2a: Garchomp|Scale Shot|p1a: Grafaiai\n|-damage|p1a: Grafaiai|17\/100\n|-damage|p1a: Grafaiai|0 fnt\n|faint|p1a: Grafaiai\n|-hitcount|p1: Grafaiai|2\n|-unboost|p2a: Garchomp|def|1\n|-boost|p2a: Garchomp|spe|1\n|\n|-weather|Sandstorm|[upkeep]\n|upkeep\n|-message|Rowan_Rocket forfeited.\n|\n|win|RandBatsNab69\n|raw|Rowan_Rocket's rating: 1148 &rarr; <strong>1120<\/strong><br \/>(-28 for losing)\n|raw|RandBatsNab69's rating: 1107 &rarr; <strong>1135<\/strong><br \/>(+28 for winning)\n|l|\u2606Rowan_Rocket\n","uploadtime":1698247891,"views":10,"p1id":"rowanrocket","p2id":"randbatsnab69","formatid":"gen9anythinggoes","rating":1120,"private":0,"password":""}