{"id":"gen9anythinggoes-1979391043","p1":"tbarker7612","p2":"tempytempy","format":"[Gen 9] Anything Goes","log":"|j|\u2606tbarker7612\n|j|\u2606tempytempy\n|t:|1698678957\n|gametype|singles\n|player|p1|tbarker7612|169|1147\n|player|p2|tempytempy|hilda-wonderlauncher|1080\n|teamsize|p1|6\n|teamsize|p2|6\n|gen|9\n|tier|[Gen 9] Anything Goes\n|rated|\n|rule|HP Percentage Mod: HP is shown in percentages\n|rule|Endless Battle Clause: Forcing endless battles is banned\n|clearpoke\n|poke|p1|Cinderace, F|\n|poke|p1|Palkia-Origin|\n|poke|p1|Dialga-Origin|\n|poke|p1|Sylveon, M|\n|poke|p1|Hawlucha, M|\n|poke|p1|Uxie|\n|poke|p2|Roaring Moon|\n|poke|p2|Torkoal, M|\n|poke|p2|Ditto|\n|poke|p2|Landorus-Therian, M|\n|poke|p2|Jumpluff, M|\n|poke|p2|Calyrex-Shadow|\n|teampreview\n|inactive|Battle timer is ON: inactive players will automatically lose when time's up. (requested by tempytempy)\n|\n|t:|1698678977\n|start\n|switch|p1a: Uxie|Uxie|100\/100\n|switch|p2a: Torkoal|Torkoal, M, shiny|100\/100\n|-weather|SunnyDay|[from] ability: Drought|[of] p2a: Torkoal\n|turn|1\n|\n|t:|1698678984\n|switch|p2a: Roaring Moon|Roaring Moon|100\/100\n|-activate|p2a: Roaring Moon|ability: Protosynthesis\n|-start|p2a: Roaring Moon|protosynthesisatk\n|move|p1a: Uxie|Calm Mind|p1a: Uxie\n|-boost|p1a: Uxie|spa|1\n|-boost|p1a: Uxie|spd|1\n|\n|-weather|SunnyDay|[upkeep]\n|upkeep\n|turn|2\n|\n|t:|1698678997\n|move|p2a: Roaring Moon|Knock Off|p1a: Uxie\n|-supereffective|p1a: Uxie\n|-damage|p1a: Uxie|0 fnt\n|-enditem|p1a: Uxie|Aguav Berry|[from] move: Knock Off|[of] p2a: Roaring Moon\n|faint|p1a: Uxie\n|\n|-weather|SunnyDay|[upkeep]\n|upkeep\n|\n|t:|1698679005\n|switch|p1a: Cherry|Sylveon, M|100\/100\n|turn|3\n|\n|t:|1698679009\n|move|p2a: Roaring Moon|Knock Off|p1a: Cherry\n|-resisted|p1a: Cherry\n|-damage|p1a: Cherry|23\/100\n|-enditem|p1a: Cherry|Weakness Policy|[from] move: Knock Off|[of] p2a: Roaring Moon\n|move|p1a: Cherry|Draining Kiss|p2a: Roaring Moon\n|-supereffective|p2a: Roaring Moon\n|-damage|p2a: Roaring Moon|0 fnt\n|-heal|p1a: Cherry|100\/100|[from] drain|[of] p2a: Roaring Moon\n|faint|p2a: Roaring Moon\n|-end|p2a: Roaring Moon|Protosynthesis|[silent]\n|\n|-weather|SunnyDay|[upkeep]\n|upkeep\n|\n|t:|1698679024\n|switch|p2a: Calyrex|Calyrex-Shadow|100\/100\n|-ability|p2a: Calyrex|As One\n|-ability|p2a: Calyrex|Unnerve\n|turn|4\n|\n|t:|1698679031\n|-terastallize|p1a: Cherry|Fairy\n|move|p2a: Calyrex|Astral Barrage|p1a: Cherry\n|-damage|p1a: Cherry|48\/100\n|move|p1a: Cherry|Moonblast|p2a: Calyrex\n|-damage|p2a: Calyrex|41\/100\n|\n|-weather|SunnyDay|[upkeep]\n|upkeep\n|turn|5\n|\n|t:|1698679044\n|move|p2a: Calyrex|Astral Barrage|p1a: Cherry\n|-damage|p1a: Cherry|0 fnt\n|faint|p1a: Cherry\n|-ability|p2a: Calyrex|Grim Neigh|boost\n|-boost|p2a: Calyrex|spa|1\n|\n|-weather|SunnyDay|[upkeep]\n|upkeep\n|\n|t:|1698679053\n|switch|p1a: Palkia|Palkia-Origin|100\/100\n|turn|6\n|\n|t:|1698679057\n|move|p2a: Calyrex|Astral Barrage|p1a: Palkia\n|-damage|p1a: Palkia|20\/100\n|move|p1a: Palkia|Spacial Rend|p2a: Calyrex|[miss]\n|-miss|p1a: Palkia|p2a: Calyrex\n|\n|-weather|SunnyDay|[upkeep]\n|upkeep\n|turn|7\n|\n|t:|1698679066\n|move|p2a: Calyrex|Astral Barrage|p1a: Palkia\n|-damage|p1a: Palkia|0 fnt\n|faint|p1a: Palkia\n|-ability|p2a: Calyrex|Grim Neigh|boost\n|-boost|p2a: Calyrex|spa|1\n|\n|-weather|SunnyDay|[upkeep]\n|upkeep\n|\n|t:|1698679074\n|switch|p1a: Hawlucha|Hawlucha, M|100\/100\n|turn|8\n|\n|t:|1698679081\n|move|p2a: Calyrex|Astral Barrage|p1a: Hawlucha\n|-enditem|p1a: Hawlucha|Focus Sash\n|-damage|p1a: Hawlucha|1\/100\n|move|p1a: Hawlucha|Swords Dance|p1a: Hawlucha\n|-boost|p1a: Hawlucha|atk|2\n|\n|-weather|none\n|upkeep\n|turn|9\n|\n|t:|1698679090\n|move|p1a: Hawlucha|Fire Punch|p2a: Calyrex\n|-damage|p2a: Calyrex|0 fnt\n|faint|p2a: Calyrex\n|\n|upkeep\n|inactive|tempytempy has 120 seconds left.\n|\n|t:|1698679134\n|switch|p2a: Torkoal|Torkoal, M, shiny|100\/100\n|-weather|SunnyDay|[from] ability: Drought|[of] p2a: Torkoal\n|turn|10\n|\n|t:|1698679142\n|move|p1a: Hawlucha|Drain Punch|p2a: Torkoal\n|-damage|p2a: Torkoal|52\/100\n|-heal|p1a: Hawlucha|29\/100|[from] drain|[of] p2a: Torkoal\n|move|p2a: Torkoal|Rapid Spin|p1a: Hawlucha\n|-damage|p1a: Hawlucha|15\/100\n|-boost|p2a: Torkoal|spe|1\n|\n|-weather|SunnyDay|[upkeep]\n|upkeep\n|turn|11\n|inactive|tempytempy has 120 seconds left.\n|\n|t:|1698679152\n|move|p1a: Hawlucha|Drain Punch|p2a: Torkoal\n|-damage|p2a: Torkoal|0 fnt\n|-heal|p1a: Hawlucha|45\/100|[from] drain|[of] p2a: Torkoal\n|faint|p2a: Torkoal\n|\n|-weather|SunnyDay|[upkeep]\n|upkeep\n|inactive|tempytempy has 120 seconds left.\n|\n|t:|1698679160\n|switch|p2a: Ditto|Ditto|100\/100\n|-transform|p2a: Ditto|p1a: Hawlucha|[from] ability: Imposter\n|turn|12\n|\n|t:|1698679169\n|move|p1a: Hawlucha|Acrobatics|p2a: Ditto\n|-supereffective|p2a: Ditto\n|-damage|p2a: Ditto|0 fnt\n|faint|p2a: Ditto\n|\n|-weather|SunnyDay|[upkeep]\n|upkeep\n|\n|t:|1698679175\n|switch|p2a: Landorus|Landorus-Therian, M|100\/100\n|-ability|p2a: Landorus|Intimidate|boost\n|-unboost|p1a: Hawlucha|atk|1\n|turn|13\n|\n|t:|1698679186\n|move|p1a: Hawlucha|Fire Punch|p2a: Landorus\n|-damage|p2a: Landorus|36\/100\n|move|p2a: Landorus|Brick Break|p1a: Hawlucha\n|-resisted|p1a: Hawlucha\n|-damage|p1a: Hawlucha|25\/100\n|\n|-weather|SunnyDay|[upkeep]\n|-heal|p2a: Landorus|42\/100|[from] item: Leftovers\n|upkeep\n|turn|14\n|\n|t:|1698679196\n|switch|p2a: Jumpluff|Jumpluff, M|100\/100\n|move|p1a: Hawlucha|Fire Punch|p2a: Jumpluff\n|-supereffective|p2a: Jumpluff\n|-damage|p2a: Jumpluff|0 fnt\n|faint|p2a: Jumpluff\n|\n|-weather|SunnyDay|[upkeep]\n|upkeep\n|\n|t:|1698679198\n|switch|p2a: Landorus|Landorus-Therian, M|42\/100\n|-ability|p2a: Landorus|Intimidate|boost\n|-unboost|p1a: Hawlucha|atk|1\n|turn|15\n|\n|t:|1698679207\n|move|p1a: Hawlucha|Acrobatics|p2a: Landorus\n|-damage|p2a: Landorus|0 fnt\n|faint|p2a: Landorus\n|\n|win|tbarker7612\n|raw|tbarker7612's rating: 1147 &rarr; <strong>1167<\/strong><br \/>(+20 for winning)\n|raw|tempytempy's rating: 1080 &rarr; <strong>1062<\/strong><br \/>(-18 for losing)\n|l|\u2606tempytempy\n","uploadtime":1698679340,"views":8,"p1id":"tbarker7612","p2id":"tempytempy","formatid":"gen9anythinggoes","rating":1062,"private":0,"password":""}