{"id":"gen9anythinggoes-1979681562","p1":"GigaBytes7","p2":"justmedoingtesting","format":"[Gen 9] Anything Goes","log":"|j|\u2606GigaBytes7\n|j|\u2606justmedoingtesting\n|t:|1698702790\n|gametype|singles\n|player|p1|GigaBytes7|elaine|\n|player|p2|justmedoingtesting|170|\n|teamsize|p1|6\n|teamsize|p2|1\n|gen|9\n|tier|[Gen 9] Anything Goes\n|rule|HP Percentage Mod: HP is shown in percentages\n|rule|Endless Battle Clause: Forcing endless battles is banned\n|clearpoke\n|poke|p1|Koraidon|\n|poke|p1|Miraidon|\n|poke|p1|Ting-Lu|\n|poke|p1|Calyrex-Shadow|\n|poke|p1|Arceus|\n|poke|p1|Arceus-Water|\n|poke|p2|Lechonk, M|\n|teampreview\n|inactive|Battle timer is ON: inactive players will automatically lose when time's up. (requested by GigaBytes7)\n|c|\u2606GigaBytes7|nice\n|\n|t:|1698702797\n|start\n|switch|p1a: Calyrex|Calyrex-Shadow|100\/100\n|switch|p2a: Lechonk|Lechonk, M|100\/100\n|-ability|p1a: Calyrex|As One\n|-ability|p1a: Calyrex|Unnerve\n|turn|1\n|c|\u2606justmedoingtesting|temp thumbnail\n|c|\u2606justmedoingtesting|XD\n|c|\u2606GigaBytes7|idk how to lose this tbh\n|\n|t:|1698702808\n|move|p1a: Calyrex|Encore|p2a: Lechonk\n|-block|p2a: Lechonk|ability: Aroma Veil|[of] p2a: Lechonk\n|move|p2a: Lechonk|Thief|p1a: Calyrex\n|-supereffective|p1a: Calyrex\n|-damage|p1a: Calyrex|36\/100\n|\n|upkeep\n|turn|2\n|c|\u2606GigaBytes7|i would\n|c|\u2606GigaBytes7|for funny\n|c|\u2606GigaBytes7|but like\n|c|\u2606GigaBytes7|i cant\n|c|\u2606GigaBytes7|i have\n|c|\u2606GigaBytes7|2 choice locked mons\n|c|\u2606GigaBytes7|with only atks\n|\n|t:|1698702822\n|move|p1a: Calyrex|Encore|p2a: Lechonk\n|-block|p2a: Lechonk|ability: Aroma Veil|[of] p2a: Lechonk\n|move|p2a: Lechonk|Thief|p1a: Calyrex\n|-supereffective|p1a: Calyrex\n|-damage|p1a: Calyrex|0 fnt\n|faint|p1a: Calyrex\n|\n|upkeep\n|c|\u2606justmedoingtesting|pls don't attack\n|\n|t:|1698702825\n|switch|p1a: Ting-Lu|Ting-Lu|100\/100\n|-ability|p1a: Ting-Lu|Vessel of Ruin\n|turn|3\n|\n|t:|1698702828\n|move|p1a: Ting-Lu|Spikes|p2a: Lechonk\n|-sidestart|p2: justmedoingtesting|Spikes\n|move|p2a: Lechonk|Play Rough|p1a: Ting-Lu\n|-supereffective|p1a: Ting-Lu\n|-damage|p1a: Ting-Lu|80\/100\n|-unboost|p1a: Ting-Lu|atk|1\n|\n|-heal|p1a: Ting-Lu|86\/100|[from] item: Leftovers\n|upkeep\n|turn|4\n|c|\u2606GigaBytes7|I CANT NOT ATTACK NOOOO\n|\n|t:|1698702835\n|move|p1a: Ting-Lu|Spikes|p2a: Lechonk\n|-sidestart|p2: justmedoingtesting|Spikes\n|move|p2a: Lechonk|Play Rough|p1a: Ting-Lu\n|-supereffective|p1a: Ting-Lu\n|-damage|p1a: Ting-Lu|65\/100\n|\n|-heal|p1a: Ting-Lu|72\/100|[from] item: Leftovers\n|upkeep\n|turn|5\n|\n|t:|1698702839\n|move|p1a: Ting-Lu|Spikes|p2a: Lechonk\n|-sidestart|p2: justmedoingtesting|Spikes\n|move|p2a: Lechonk|Play Rough|p1a: Ting-Lu|[miss]\n|-miss|p2a: Lechonk|p1a: Ting-Lu\n|\n|-heal|p1a: Ting-Lu|78\/100|[from] item: Leftovers\n|upkeep\n|turn|6\n|\n|t:|1698702843\n|move|p1a: Ting-Lu|Taunt|p2a: Lechonk\n|-block|p2a: Lechonk|ability: Aroma Veil|[of] p2a: Lechonk\n|move|p2a: Lechonk|Headbutt|p1a: Ting-Lu\n|-damage|p1a: Ting-Lu|66\/100\n|\n|-heal|p1a: Ting-Lu|72\/100|[from] item: Leftovers\n|upkeep\n|turn|7\n|\n|t:|1698702847\n|move|p1a: Ting-Lu|Taunt|p2a: Lechonk\n|-block|p2a: Lechonk|ability: Aroma Veil|[of] p2a: Lechonk\n|move|p2a: Lechonk|Iron Head|p1a: Ting-Lu\n|-damage|p1a: Ting-Lu|63\/100\n|\n|-heal|p1a: Ting-Lu|70\/100|[from] item: Leftovers\n|upkeep\n|turn|8\n|c|\u2606GigaBytes7|hmm\n|c|\u2606GigaBytes7|ur gonna\n|c|\u2606GigaBytes7|run out of mvs\n|\n|t:|1698702865\n|move|p2a: Lechonk|Play Rough|p1a: Ting-Lu\n|-supereffective|p1a: Ting-Lu\n|-damage|p1a: Ting-Lu|51\/100\n|move|p1a: Ting-Lu|Whirlwind||[still]\n|-fail|p1a: Ting-Lu\n|\n|-heal|p1a: Ting-Lu|58\/100|[from] item: Leftovers\n|upkeep\n|turn|9\n|\n|t:|1698702868\n|move|p2a: Lechonk|Play Rough|p1a: Ting-Lu\n|-supereffective|p1a: Ting-Lu\n|-damage|p1a: Ting-Lu|38\/100\n|move|p1a: Ting-Lu|Whirlwind||[still]\n|-fail|p1a: Ting-Lu\n|\n|-heal|p1a: Ting-Lu|45\/100|[from] item: Leftovers\n|upkeep\n|turn|10\n|\n|t:|1698702870\n|move|p2a: Lechonk|Play Rough|p1a: Ting-Lu\n|-supereffective|p1a: Ting-Lu\n|-damage|p1a: Ting-Lu|26\/100\n|move|p1a: Ting-Lu|Whirlwind||[still]\n|-fail|p1a: Ting-Lu\n|\n|-heal|p1a: Ting-Lu|32\/100|[from] item: Leftovers\n|upkeep\n|turn|11\n|\n|t:|1698702873\n|move|p2a: Lechonk|Play Rough|p1a: Ting-Lu\n|-supereffective|p1a: Ting-Lu\n|-crit|p1a: Ting-Lu\n|-damage|p1a: Ting-Lu|2\/100\n|move|p1a: Ting-Lu|Whirlwind||[still]\n|-fail|p1a: Ting-Lu\n|\n|-heal|p1a: Ting-Lu|8\/100|[from] item: Leftovers\n|upkeep\n|turn|12\n|\n|t:|1698702876\n|move|p2a: Lechonk|Headbutt|p1a: Ting-Lu\n|-damage|p1a: Ting-Lu|0 fnt\n|faint|p1a: Ting-Lu\n|\n|upkeep\n|c|\u2606GigaBytes7|nah\n|c|\u2606GigaBytes7|im losing\n|\n|t:|1698702882\n|switch|p1a: Arceus|Arceus-Water|100\/100\n|turn|13\n|c|\u2606justmedoingtesting|ik\n|c|\u2606justmedoingtesting|the 4-1\n|\n|t:|1698702889\n|-terastallize|p2a: Lechonk|Normal\n|move|p1a: Arceus|Recover||[still]\n|-fail|p1a: Arceus|heal\n|move|p2a: Lechonk|Headbutt|p1a: Arceus\n|-damage|p1a: Arceus|86\/100\n|\n|upkeep\n|turn|14\n|\n|t:|1698702893\n|move|p1a: Arceus|Recover|p1a: Arceus\n|-heal|p1a: Arceus|100\/100\n|move|p2a: Lechonk|Headbutt|p1a: Arceus\n|-damage|p1a: Arceus|86\/100\n|\n|upkeep\n|turn|15\n|\n|t:|1698702896\n|move|p1a: Arceus|Recover|p1a: Arceus\n|-heal|p1a: Arceus|100\/100\n|move|p2a: Lechonk|Headbutt|p1a: Arceus\n|-damage|p1a: Arceus|86\/100\n|\n|upkeep\n|turn|16\n|c|\u2606justmedoingtesting|pls\n|\n|t:|1698702900\n|move|p1a: Arceus|Recover|p1a: Arceus\n|-heal|p1a: Arceus|100\/100\n|move|p2a: Lechonk|Headbutt|p1a: Arceus\n|-damage|p1a: Arceus|87\/100\n|\n|upkeep\n|turn|17\n|c|\u2606GigaBytes7|im gonna run out\n|\n|t:|1698702905\n|move|p1a: Arceus|Recover|p1a: Arceus\n|-heal|p1a: Arceus|100\/100\n|move|p2a: Lechonk|Iron Head|p1a: Arceus\n|-resisted|p1a: Arceus\n|-damage|p1a: Arceus|96\/100\n|\n|upkeep\n|turn|18\n|c|\u2606GigaBytes7|i have only mvs that dmg\n|\n|t:|1698702911\n|move|p1a: Arceus|Recover|p1a: Arceus\n|-heal|p1a: Arceus|100\/100\n|move|p2a: Lechonk|Iron Head|p1a: Arceus\n|-resisted|p1a: Arceus\n|-damage|p1a: Arceus|97\/100\n|\n|upkeep\n|turn|19\n|\n|t:|1698702915\n|move|p1a: Arceus|Recover|p1a: Arceus\n|-heal|p1a: Arceus|100\/100\n|move|p2a: Lechonk|Iron Head|p1a: Arceus\n|-resisted|p1a: Arceus\n|-damage|p1a: Arceus|96\/100\n|\n|upkeep\n|turn|20\n|c|\u2606justmedoingtesting|swap spam\n|c|\u2606GigaBytes7|oh yeah\n|\n|t:|1698702925\n|move|p1a: Arceus|Recover|p1a: Arceus\n|-heal|p1a: Arceus|100\/100\n|move|p2a: Lechonk|Iron Head|p1a: Arceus\n|-resisted|p1a: Arceus\n|-damage|p1a: Arceus|97\/100\n|\n|upkeep\n|turn|21\n|\n|t:|1698702928\n|switch|p1a: Arceus|Arceus|100\/100\n|move|p2a: Lechonk|Play Rough|p1a: Arceus\n|-damage|p1a: Arceus|88\/100\n|-unboost|p1a: Arceus|atk|1\n|\n|upkeep\n|turn|22\n|\n|t:|1698702934\n|switch|p1a: Koraidon|Koraidon|100\/100\n|-weather|SunnyDay|[from] ability: Orichalcum Pulse|[of] p1a: Koraidon\n|-activate|p1a: Koraidon|Orichalcum Pulse|[source]\n|move|p2a: Lechonk|Headbutt|p1a: Koraidon\n|-damage|p1a: Koraidon|75\/100\n|\n|-weather|SunnyDay|[upkeep]\n|upkeep\n|turn|23\n|c|\u2606GigaBytes7|play rough\n|c|\u2606GigaBytes7|why\n|\n|t:|1698702941\n|switch|p1a: Arceus|Arceus|88\/100\n|move|p2a: Lechonk|Play Rough|p1a: Arceus\n|-damage|p1a: Arceus|75\/100\n|-unboost|p1a: Arceus|atk|1\n|\n|-weather|SunnyDay|[upkeep]\n|upkeep\n|turn|24\n|c|\u2606justmedoingtesting|u said that too late\n|c|\u2606GigaBytes7|play rough\n|\n|t:|1698702947\n|switch|p1a: Koraidon|Koraidon|75\/100\n|-activate|p1a: Koraidon|ability: Orichalcum Pulse\n|move|p2a: Lechonk|Play Rough|p1a: Koraidon\n|-supereffective|p1a: Koraidon\n|-damage|p1a: Koraidon|13\/100\n|\n|-weather|SunnyDay|[upkeep]\n|upkeep\n|turn|25\n|\n|t:|1698702953\n|switch|p1a: Arceus|Arceus|75\/100\n|move|p2a: Lechonk|Headbutt|p1a: Arceus\n|-crit|p1a: Arceus\n|-damage|p1a: Arceus|46\/100\n|\n|-weather|SunnyDay|[upkeep]\n|upkeep\n|turn|26\n|c|\u2606GigaBytes7|play rough\n|\n|t:|1698702957\n|switch|p1a: Koraidon|Koraidon|13\/100\n|-activate|p1a: Koraidon|ability: Orichalcum Pulse\n|move|p2a: Lechonk|Headbutt|p1a: Koraidon\n|-damage|p1a: Koraidon|0 fnt\n|faint|p1a: Koraidon\n|\n|-weather|none\n|upkeep\n|\n|t:|1698702960\n|switch|p1a: Miraidon|Miraidon|100\/100\n|-fieldstart|move: Electric Terrain|[from] ability: Hadron Engine|[of] p1a: Miraidon\n|turn|27\n|\n|t:|1698702965\n|switch|p1a: Arceus|Arceus-Water|97\/100\n|move|p2a: Lechonk|Play Rough|p1a: Arceus\n|-damage|p1a: Arceus|87\/100\n|\n|upkeep\n|turn|28\n|\n|t:|1698702969\n|switch|p1a: Miraidon|Miraidon|100\/100\n|-activate|p1a: Miraidon|ability: Hadron Engine\n|move|p2a: Lechonk|Play Rough|p1a: Miraidon\n|-supereffective|p1a: Miraidon\n|-damage|p1a: Miraidon|65\/100\n|\n|upkeep\n|turn|29\n|\n|t:|1698702972\n|switch|p1a: Arceus|Arceus-Water|87\/100\n|move|p2a: Lechonk|Play Rough|p1a: Arceus\n|-damage|p1a: Arceus|78\/100\n|\n|upkeep\n|turn|30\n|\n|t:|1698702974\n|switch|p1a: Miraidon|Miraidon|65\/100\n|-activate|p1a: Miraidon|ability: Hadron Engine\n|move|p2a: Lechonk|Play Rough|p1a: Miraidon\n|-supereffective|p1a: Miraidon\n|-damage|p1a: Miraidon|28\/100\n|-unboost|p1a: Miraidon|atk|1\n|\n|upkeep\n|turn|31\n|c|\u2606justmedoingtesting|lekonk\n|\n|t:|1698702982\n|switch|p1a: Arceus|Arceus-Water|78\/100\n|move|p2a: Lechonk|Headbutt|p1a: Arceus\n|-damage|p1a: Arceus|64\/100\n|\n|-fieldend|move: Electric Terrain\n|upkeep\n|turn|32\n|\n|t:|1698702985\n|switch|p1a: Miraidon|Miraidon|28\/100\n|-fieldstart|move: Electric Terrain|[from] ability: Hadron Engine|[of] p1a: Miraidon\n|move|p2a: Lechonk|Play Rough|p1a: Miraidon\n|-supereffective|p1a: Miraidon\n|-damage|p1a: Miraidon|0 fnt\n|faint|p1a: Miraidon\n|\n|upkeep\n|\n|t:|1698702989\n|switch|p1a: Arceus|Arceus-Water|64\/100\n|turn|33\n|\n|t:|1698702993\n|switch|p1a: Arceus|Arceus|46\/100\n|move|p2a: Lechonk|Headbutt|p1a: Arceus\n|-damage|p1a: Arceus|28\/100\n|\n|upkeep\n|turn|34\n|c|\u2606justmedoingtesting|btw i have leftovers\n|\n|t:|1698703001\n|move|p1a: Arceus|Recover|p1a: Arceus\n|-heal|p1a: Arceus|78\/100\n|move|p2a: Lechonk|Headbutt|p1a: Arceus\n|-damage|p1a: Arceus|59\/100\n|\n|upkeep\n|turn|35\n|\n|t:|1698703003\n|switch|p1a: Arceus|Arceus-Water|64\/100\n|move|p2a: Lechonk|Headbutt|p1a: Arceus\n|-damage|p1a: Arceus|51\/100\n|\n|upkeep\n|turn|36\n|\n|t:|1698703005\n|switch|p1a: Arceus|Arceus|59\/100\n|move|p2a: Lechonk|Headbutt|p1a: Arceus\n|-damage|p1a: Arceus|40\/100\n|\n|-fieldend|move: Electric Terrain\n|upkeep\n|turn|37\n|\n|t:|1698703007\n|move|p1a: Arceus|Recover|p1a: Arceus\n|-heal|p1a: Arceus|90\/100\n|move|p2a: Lechonk|Headbutt|p1a: Arceus\n|-damage|p1a: Arceus|70\/100\n|\n|upkeep\n|turn|38\n|\n|t:|1698703025\n|switch|p1a: Arceus|Arceus-Water|51\/100\n|move|p2a: Lechonk|Thief|p1a: Arceus\n|-damage|p1a: Arceus|45\/100\n|\n|upkeep\n|turn|39\n|\n|t:|1698703027\n|switch|p1a: Arceus|Arceus|70\/100\n|move|p2a: Lechonk|Thief|p1a: Arceus\n|-damage|p1a: Arceus|62\/100\n|\n|upkeep\n|turn|40\n|c|\u2606GigaBytes7|oh no\n|c|\u2606GigaBytes7|im losing\n|\n|t:|1698703032\n|switch|p1a: Arceus|Arceus-Water|45\/100\n|move|p2a: Lechonk|Thief|p1a: Arceus\n|-damage|p1a: Arceus|39\/100\n|\n|upkeep\n|turn|41\n|\n|t:|1698703035\n|switch|p1a: Arceus|Arceus|62\/100\n|move|p2a: Lechonk|Iron Head|p1a: Arceus\n|-damage|p1a: Arceus|51\/100\n|\n|upkeep\n|turn|42\n|\n|t:|1698703038\n|switch|p1a: Arceus|Arceus-Water|39\/100\n|move|p2a: Lechonk|Thief|p1a: Arceus\n|-damage|p1a: Arceus|33\/100\n|\n|upkeep\n|turn|43\n|\n|t:|1698703048\n|switch|p1a: Arceus|Arceus|51\/100\n|move|p2a: Lechonk|Headbutt|p1a: Arceus\n|-damage|p1a: Arceus|32\/100\n|\n|upkeep\n|turn|44\n|c|\u2606justmedoingtesting|thank arceus that i got play rough\n|c|\u2606justmedoingtesting|cause fairy is kinda good in ag\n|c|\u2606GigaBytes7|yeah\n|\n|t:|1698703075\n|switch|p1a: Arceus|Arceus-Water|33\/100\n|move|p2a: Lechonk|Iron Head|p1a: Arceus\n|-resisted|p1a: Arceus\n|-damage|p1a: Arceus|29\/100\n|\n|upkeep\n|turn|45\n|\n|t:|1698703078\n|switch|p1a: Arceus|Arceus|32\/100\n|move|p2a: Lechonk|Headbutt|p1a: Arceus\n|-damage|p1a: Arceus|14\/100\n|\n|upkeep\n|turn|46\n|\n|t:|1698703081\n|move|p1a: Arceus|Recover|p1a: Arceus\n|-heal|p1a: Arceus|64\/100\n|move|p2a: Lechonk|Headbutt|p1a: Arceus\n|-damage|p1a: Arceus|44\/100\n|\n|upkeep\n|turn|47\n|l|\u2606justmedoingtesting\n|inactive|justmedoingtesting disconnected and has 300 seconds to reconnect!\n|player|p2|\n|inactive|GigaBytes7 has 270 seconds left.\n|inactive|GigaBytes7 has 240 seconds left.\n|inactive|GigaBytes7 has 210 seconds left.\n|inactive|GigaBytes7 has 180 seconds left.\n|inactive|GigaBytes7 has 150 seconds left.\n|inactive|GigaBytes7 has 120 seconds left.\n|inactive|GigaBytes7 has 90 seconds left.\n|inactive|GigaBytes7 has 60 seconds left.\n|inactive|GigaBytes7 has 30 seconds left.\n|inactive|GigaBytes7 has 20 seconds left.\n|inactive|GigaBytes7 has 15 seconds left.\n|inactive|GigaBytes7 has 10 seconds left.\n|inactive|GigaBytes7 has 5 seconds left.\n|-message|GigaBytes7 lost due to inactivity.\n|\n|win|justmedoingtesting\n|c|\u2606GigaBytes7|cool\n|c|\u2606GigaBytes7|ki lost\n|l|\u2606GigaBytes7\n|j|\u2606justmedoingtesting\n|player|p2|justmedoingtesting|170\n","uploadtime":1698704360,"views":4,"p1id":"gigabytes7","p2id":"justmedoingtesting","formatid":"gen9anythinggoes","rating":0,"private":0,"password":""}