{"id":"gen9anythinggoes-1980582201","p1":"Ankun4","p2":"Nunumaster","format":"[Gen 9] Anything Goes","log":"|j|\u2606Ankun4\n|j|\u2606Nunumaster\n|t:|1698799846\n|gametype|singles\n|player|p1|Ankun4|101|1089\n|player|p2|Nunumaster|smasher|1000\n|teamsize|p1|6\n|teamsize|p2|5\n|gen|9\n|tier|[Gen 9] Anything Goes\n|rated|\n|rule|HP Percentage Mod: HP is shown in percentages\n|rule|Endless Battle Clause: Forcing endless battles is banned\n|clearpoke\n|poke|p1|Pikachu, M|\n|poke|p1|Gardevoir, M|\n|poke|p1|Floatzel, M|\n|poke|p1|Staraptor, F|\n|poke|p1|Glaceon, F|\n|poke|p1|Diglett, F|\n|poke|p2|Ceruledge, F|\n|poke|p2|Sandaconda, F|\n|poke|p2|Cramorant, M|\n|poke|p2|Arboliva, M|\n|poke|p2|Bellibolt, M|\n|teampreview\n|\n|t:|1698799870\n|start\n|switch|p1a: Pikachu|Pikachu, M|100\/100\n|switch|p2a: Ceruledge|Ceruledge, F|100\/100\n|turn|1\n|\n|t:|1698799876\n|move|p2a: Ceruledge|Protect|p2a: Ceruledge\n|-singleturn|p2a: Ceruledge|Protect\n|move|p1a: Pikachu|Nuzzle|p2a: Ceruledge\n|-activate|p2a: Ceruledge|move: Protect\n|\n|-damage|p2a: Ceruledge|88\/100|[from] item: Sticky Barb\n|upkeep\n|turn|2\n|\n|t:|1698799888\n|switch|p2a: Sandaconda|Sandaconda, F|100\/100\n|move|p1a: Pikachu|Volt Switch|p2a: Sandaconda\n|-immune|p2a: Sandaconda\n|\n|-damage|p2a: Sandaconda|88\/100|[from] item: Sticky Barb\n|upkeep\n|turn|3\n|\n|t:|1698799897\n|switch|p1a: Floatzel|Floatzel, M|100\/100\n|switch|p2a: Cramorant|Cramorant, M|100\/100\n|\n|-damage|p2a: Cramorant|88\/100|[from] item: Sticky Barb\n|upkeep\n|turn|4\n|\n|t:|1698799908\n|move|p1a: Floatzel|Ice Beam|p2a: Cramorant\n|-damage|p2a: Cramorant|69\/100\n|move|p2a: Cramorant|Surf|p1a: Floatzel\n|-formechange|p2a: Cramorant|Cramorant-Gulping|\n|-resisted|p1a: Floatzel\n|-damage|p1a: Floatzel|75\/100\n|\n|-damage|p2a: Cramorant|56\/100|[from] item: Sticky Barb\n|upkeep\n|turn|5\n|\n|t:|1698799919\n|switch|p2a: Bellibolt|Bellibolt, M|100\/100\n|move|p1a: Floatzel|Aqua Ring|p1a: Floatzel\n|-start|p1a: Floatzel|Aqua Ring\n|\n|-heal|p1a: Floatzel|82\/100|[from] Aqua Ring\n|-damage|p2a: Bellibolt|88\/100|[from] item: Sticky Barb\n|upkeep\n|turn|6\n|\n|t:|1698799937\n|switch|p1a: Staraptor|Staraptor, F|100\/100\n|-ability|p1a: Staraptor|Intimidate|boost\n|-unboost|p2a: Bellibolt|atk|1\n|move|p2a: Bellibolt|Volt Switch|p1a: Staraptor\n|-supereffective|p1a: Staraptor\n|-damage|p1a: Staraptor|1\/100\n|-message|Nunumaster forfeited.\n|\n|win|Ankun4\n|raw|Ankun4's rating: 1089 &rarr; <strong>1109<\/strong><br \/>(+20 for winning)\n|raw|Nunumaster's rating: 1000 &rarr; <strong>1000<\/strong><br \/>(+0 for losing)\n|l|\u2606Nunumaster\n","uploadtime":1698799964,"views":10,"p1id":"ankun4","p2id":"nunumaster","formatid":"gen9anythinggoes","rating":1000,"private":0,"password":""}