{"id":"gen9anythinggoes-1985017751","p1":"AnMoWuYou","p2":"oOo Spume oOo","format":"[Gen 9] Anything Goes","log":"|j|\u2606AnMoWuYou\n|j|\u2606oOo Spume oOo\n|t:|1699321176\n|gametype|singles\n|player|p1|AnMoWuYou|n|1604\n|player|p2|oOo Spume oOo|evelyn|1464\n|teamsize|p1|6\n|teamsize|p2|6\n|gen|9\n|tier|[Gen 9] Anything Goes\n|rated|\n|rule|HP Percentage Mod: HP is shown in percentages\n|rule|Endless Battle Clause: Forcing endless battles is banned\n|clearpoke\n|poke|p1|Glimmora, F|\n|poke|p1|Calyrex-Shadow|\n|poke|p1|Kyogre|\n|poke|p1|Arceus|\n|poke|p1|Arceus|\n|poke|p1|Chien-Pao|\n|poke|p2|Ditto|\n|poke|p2|Wooper-Paldea, M|\n|poke|p2|Clodsire, M|\n|poke|p2|Arceus|\n|poke|p2|Eternatus|\n|poke|p2|Calyrex-Shadow|\n|teampreview\n|inactive|Battle timer is ON: inactive players will automatically lose when time's up. (requested by oOo Spume oOo)\n|\n|t:|1699321191\n|start\n|switch|p1a: Glimmora|Glimmora, F|100\/100\n|switch|p2a: Clod|Clodsire, M, shiny|100\/100\n|turn|1\n|\n|t:|1699321202\n|move|p1a: Glimmora|Stealth Rock|p2a: Clod\n|-sidestart|p2: oOo Spume oOo|move: Stealth Rock\n|move|p2a: Clod|Earthquake|p1a: Glimmora\n|-supereffective|p1a: Glimmora\n|-enditem|p1a: Glimmora|Focus Sash\n|-damage|p1a: Glimmora|1\/100\n|-activate|p1a: Glimmora|ability: Toxic Debris\n|-sidestart|p2: oOo Spume oOo|move: Toxic Spikes\n|\n|upkeep\n|turn|2\n|\n|t:|1699321213\n|switch|p1a: Arceus|Arceus|100\/100\n|move|p2a: Clod|Stealth Rock|p1a: Arceus\n|-sidestart|p1: AnMoWuYou|move: Stealth Rock\n|\n|upkeep\n|turn|3\n|\n|t:|1699321222\n|move|p1a: Arceus|Swords Dance|p1a: Arceus\n|-boost|p1a: Arceus|atk|2\n|move|p2a: Clod|Yawn|p1a: Arceus\n|-start|p1a: Arceus|move: Yawn|[of] p2a: Clod\n|\n|upkeep\n|turn|4\n|\n|t:|1699321242\n|switch|p1a: Glimmora|Glimmora, F|1\/100\n|-damage|p1a: Glimmora|0 fnt|[from] Stealth Rock\n|faint|p1a: Glimmora\n|switch|p2a: Wooper|Wooper-Paldea, M, shiny|100\/100\n|-damage|p2a: Wooper|94\/100|[from] Stealth Rock\n|-sideend|p2: oOo Spume oOo|move: Toxic Spikes|[of] p2a: Wooper\n|\n|upkeep\n|\n|t:|1699321265\n|switch|p1a: Kyogre|Kyogre|100\/100\n|-damage|p1a: Kyogre|88\/100|[from] Stealth Rock\n|-weather|RainDance|[from] ability: Drizzle|[of] p1a: Kyogre\n|turn|5\n|\n|t:|1699321276\n|move|p1a: Kyogre|Water Spout|p2a: Wooper\n|-heal|p2a: Wooper|100\/100|[from] ability: Water Absorb|[of] p1a: Kyogre\n|move|p2a: Wooper|Yawn|p1a: Kyogre\n|-start|p1a: Kyogre|move: Yawn|[of] p2a: Wooper\n|\n|-weather|RainDance|[upkeep]\n|upkeep\n|turn|6\n|\n|t:|1699321291\n|switch|p1a: Arceus|Arceus|100\/100\n|move|p2a: Wooper|Toxic Spikes|p1a: Arceus\n|-sidestart|p1: AnMoWuYou|move: Toxic Spikes\n|\n|-weather|RainDance|[upkeep]\n|upkeep\n|turn|7\n|\n|t:|1699321302\n|move|p1a: Arceus|Swords Dance|p1a: Arceus\n|-boost|p1a: Arceus|atk|2\n|move|p2a: Wooper|Toxic Spikes|p1a: Arceus\n|-sidestart|p1: AnMoWuYou|move: Toxic Spikes\n|\n|-weather|RainDance|[upkeep]\n|upkeep\n|turn|8\n|\n|t:|1699321310\n|move|p1a: Arceus|Earthquake|p2a: Wooper\n|-supereffective|p2a: Wooper\n|-damage|p2a: Wooper|0 fnt\n|faint|p2a: Wooper\n|\n|-weather|RainDance|[upkeep]\n|upkeep\n|\n|t:|1699321316\n|switch|p2a: Clod|Clodsire, M, shiny|100\/100\n|-damage|p2a: Clod|94\/100|[from] Stealth Rock\n|turn|9\n|\n|t:|1699321321\n|move|p1a: Arceus|Earthquake|p2a: Clod\n|-supereffective|p2a: Clod\n|-damage|p2a: Clod|40\/100\n|move|p2a: Clod|Yawn|p1a: Arceus\n|-start|p1a: Arceus|move: Yawn|[of] p2a: Clod\n|\n|-weather|none\n|-heal|p2a: Clod|46\/100|[from] item: Leftovers\n|upkeep\n|turn|10\n|\n|t:|1699321330\n|move|p1a: Arceus|Earthquake|p2a: Clod\n|-supereffective|p2a: Clod\n|-damage|p2a: Clod|0 fnt\n|faint|p2a: Clod\n|\n|-end|p1a: Arceus|move: Yawn|[silent]\n|-status|p1a: Arceus|slp\n|upkeep\n|\n|t:|1699321338\n|switch|p2a: God ?|Arceus, shiny|100\/100\n|-damage|p2a: God ?|88\/100|[from] Stealth Rock\n|turn|11\n|\n|t:|1699321344\n|cant|p1a: Arceus|slp\n|move|p2a: God ?|Roar|p1a: Arceus\n|drag|p1a: Chien-Pao|Chien-Pao|100\/100\n|-damage|p1a: Chien-Pao|76\/100|[from] Stealth Rock\n|-status|p1a: Chien-Pao|tox\n|-ability|p1a: Chien-Pao|Sword of Ruin\n|\n|-heal|p2a: God ?|94\/100|[from] item: Leftovers\n|-damage|p1a: Chien-Pao|70\/100 tox|[from] psn\n|upkeep\n|turn|12\n|\n|t:|1699321358\n|switch|p1a: Calyrex|Calyrex-Shadow|100\/100\n|-ability|p1a: Calyrex|As One\n|-ability|p1a: Calyrex|Unnerve\n|-damage|p1a: Calyrex|88\/100|[from] Stealth Rock\n|-status|p1a: Calyrex|tox\n|move|p2a: God ?|Roar|p1a: Calyrex\n|drag|p1a: Kyogre|Kyogre|88\/100\n|-damage|p1a: Kyogre|76\/100|[from] Stealth Rock\n|-status|p1a: Kyogre|tox\n|-weather|RainDance|[from] ability: Drizzle|[of] p1a: Kyogre\n|\n|-weather|RainDance|[upkeep]\n|-heal|p2a: God ?|99\/100|[from] item: Leftovers\n|-damage|p1a: Kyogre|70\/100 tox|[from] psn\n|upkeep\n|turn|13\n|\n|t:|1699321376\n|move|p2a: God ?|Extreme Speed|p1a: Kyogre\n|-damage|p1a: Kyogre|35\/100 tox\n|move|p1a: Kyogre|Water Spout|p2a: God ?\n|-damage|p2a: God ?|76\/100\n|\n|-weather|RainDance|[upkeep]\n|-heal|p2a: God ?|82\/100|[from] item: Leftovers\n|-damage|p1a: Kyogre|22\/100 tox|[from] psn\n|upkeep\n|turn|14\n|\n|t:|1699321392\n|move|p1a: Kyogre|Water Spout|p2a: God ?\n|-damage|p2a: God ?|66\/100\n|move|p2a: God ?|Roar|p1a: Kyogre\n|drag|p1a: Chien-Pao|Chien-Pao|70\/100 tox\n|-damage|p1a: Chien-Pao|45\/100 tox|[from] Stealth Rock\n|-ability|p1a: Chien-Pao|Sword of Ruin\n|\n|-weather|RainDance|[upkeep]\n|-heal|p2a: God ?|72\/100|[from] item: Leftovers\n|-damage|p1a: Chien-Pao|39\/100 tox|[from] psn\n|upkeep\n|turn|15\n|\n|t:|1699321406\n|-terastallize|p1a: Chien-Pao|Ghost\n|move|p2a: God ?|Extreme Speed|p1a: Chien-Pao\n|-immune|p1a: Chien-Pao\n|move|p1a: Chien-Pao|Sacred Sword|p2a: God ?\n|-supereffective|p2a: God ?\n|-damage|p2a: God ?|28\/100\n|\n|-weather|RainDance|[upkeep]\n|-heal|p2a: God ?|34\/100|[from] item: Leftovers\n|-damage|p1a: Chien-Pao|27\/100 tox|[from] psn\n|upkeep\n|turn|16\n|\n|t:|1699321419\n|move|p1a: Chien-Pao|Sucker Punch||[still]\n|-fail|p1a: Chien-Pao\n|move|p2a: God ?|Roar|p1a: Chien-Pao\n|drag|p1a: Arceus|Arceus|100\/100\n|-damage|p1a: Arceus|88\/100|[from] Stealth Rock\n|-status|p1a: Arceus|tox\n|\n|-weather|none\n|-heal|p2a: God ?|40\/100|[from] item: Leftovers\n|-damage|p1a: Arceus|82\/100 tox|[from] psn\n|upkeep\n|turn|17\n|\n|t:|1699321432\n|move|p1a: Arceus|Extreme Speed|p2a: God ?\n|-damage|p2a: God ?|13\/100\n|-damage|p1a: Arceus|72\/100 tox|[from] item: Life Orb\n|move|p2a: God ?|Recover|p2a: God ?\n|-heal|p2a: God ?|63\/100\n|\n|-heal|p2a: God ?|69\/100|[from] item: Leftovers\n|-damage|p1a: Arceus|60\/100 tox|[from] psn\n|upkeep\n|turn|18\n|\n|t:|1699321443\n|move|p1a: Arceus|Taunt|p2a: God ?\n|-start|p2a: God ?|move: Taunt\n|cant|p2a: God ?|move: Taunt|Recover\n|\n|-heal|p2a: God ?|75\/100|[from] item: Leftovers\n|-damage|p1a: Arceus|42\/100 tox|[from] psn\n|upkeep\n|turn|19\n|\n|t:|1699321452\n|move|p2a: God ?|Extreme Speed|p1a: Arceus\n|-damage|p1a: Arceus|18\/100 tox\n|move|p1a: Arceus|Swords Dance|p1a: Arceus\n|-boost|p1a: Arceus|atk|2\n|\n|-heal|p2a: God ?|81\/100|[from] item: Leftovers\n|-damage|p1a: Arceus|0 fnt|[from] psn\n|faint|p1a: Arceus\n|upkeep\n|-message|AnMoWuYou forfeited.\n|\n|win|oOo Spume oOo\n|raw|AnMoWuYou's rating: 1604 &rarr; <strong>1576<\/strong><br \/>(-28 for losing)\n|raw|oOo Spume oOo's rating: 1464 &rarr; <strong>1492<\/strong><br \/>(+28 for winning)\n|l|\u2606AnMoWuYou\n","uploadtime":1699321473,"views":4,"p1id":"anmowuyou","p2id":"ooospumeooo","formatid":"gen9anythinggoes","rating":1492,"private":0,"password":""}