{"id":"gen9anythinggoes-1984241314","p1":"bruhpj","p2":"techninja850","format":"[Gen 9] Anything Goes","log":"|j|\u2606bruhpj\n|j|\u2606techninja850\n|t:|1699233997\n|gametype|singles\n|player|p1|bruhpj|cynthia|1106\n|player|p2|techninja850|266|1000\n|teamsize|p1|6\n|teamsize|p2|6\n|gen|9\n|tier|[Gen 9] Anything Goes\n|rated|\n|rule|HP Percentage Mod: HP is shown in percentages\n|rule|Endless Battle Clause: Forcing endless battles is banned\n|clearpoke\n|poke|p1|Darkrai|\n|poke|p1|Ninetales-Alola, M|\n|poke|p1|Baxcalibur, M|\n|poke|p1|Okidogi, M|\n|poke|p1|Manaphy|\n|poke|p1|Kingambit, M|\n|poke|p2|Oshawott, M|\n|poke|p2|Greninja-*, M|\n|poke|p2|Gliscor, F|\n|poke|p2|Ceruledge, M|\n|poke|p2|Corviknight, F|\n|poke|p2|Kingambit, M|\n|teampreview\n|\n|t:|1699234001\n|start\n|switch|p1a: Darkrai|Darkrai|100\/100\n|switch|p2a: Gliscor|Gliscor, F|100\/100\n|turn|1\n|\n|t:|1699234008\n|-terastallize|p1a: Darkrai|Psychic\n|move|p1a: Darkrai|Hypnosis|p2a: Gliscor|[miss]\n|-miss|p1a: Darkrai|p2a: Gliscor\n|move|p2a: Gliscor|Spikes|p1a: Darkrai\n|-sidestart|p1: bruhpj|Spikes\n|\n|-status|p2a: Gliscor|tox|[from] item: Toxic Orb\n|upkeep\n|turn|2\n|\n|t:|1699234016\n|move|p1a: Darkrai|Nasty Plot|p1a: Darkrai\n|-boost|p1a: Darkrai|spa|2\n|move|p2a: Gliscor|Toxic|p1a: Darkrai\n|-status|p1a: Darkrai|tox\n|\n|-damage|p1a: Darkrai|94\/100 tox|[from] psn\n|upkeep\n|turn|3\n|\n|t:|1699234024\n|move|p1a: Darkrai|Hex|p2a: Gliscor\n|-damage|p2a: Gliscor|0 fnt\n|faint|p2a: Gliscor\n|\n|-damage|p1a: Darkrai|82\/100 tox|[from] psn\n|upkeep\n|\n|t:|1699234035\n|switch|p2a: Ceruledge|Ceruledge, M|100\/100\n|turn|4\n|\n|t:|1699234039\n|move|p2a: Ceruledge|Shadow Sneak|p1a: Darkrai\n|-supereffective|p1a: Darkrai\n|-damage|p1a: Darkrai|30\/100 tox\n|move|p1a: Darkrai|Nasty Plot|p1a: Darkrai\n|-boost|p1a: Darkrai|spa|2\n|\n|-damage|p1a: Darkrai|12\/100 tox|[from] psn\n|upkeep\n|turn|5\n|\n|t:|1699234046\n|move|p2a: Ceruledge|Shadow Sneak|p1a: Darkrai\n|-supereffective|p1a: Darkrai\n|-damage|p1a: Darkrai|0 fnt\n|faint|p1a: Darkrai\n|\n|upkeep\n|\n|t:|1699234048\n|switch|p1a: Ninetales|Ninetales-Alola, M|100\/100\n|-damage|p1a: Ninetales|88\/100|[from] Spikes\n|-weather|Snow|[from] ability: Snow Warning|[of] p1a: Ninetales\n|turn|6\n|\n|t:|1699234054\n|move|p1a: Ninetales|Aurora Veil|p1a: Ninetales\n|-sidestart|p1: bruhpj|move: Aurora Veil\n|move|p2a: Ceruledge|Bitter Blade|p1a: Ninetales\n|-supereffective|p1a: Ninetales\n|-crit|p1a: Ninetales\n|-damage|p1a: Ninetales|0 fnt\n|faint|p1a: Ninetales\n|\n|-weather|Snow|[upkeep]\n|upkeep\n|\n|t:|1699234061\n|switch|p1a: Baxcalibur|Baxcalibur, M, shiny|100\/100\n|-damage|p1a: Baxcalibur|88\/100|[from] Spikes\n|turn|7\n|\n|t:|1699234069\n|-terastallize|p2a: Ceruledge|Fire\n|move|p1a: Baxcalibur|Dragon Dance|p1a: Baxcalibur\n|-boost|p1a: Baxcalibur|atk|1\n|-boost|p1a: Baxcalibur|spe|1\n|move|p2a: Ceruledge|Bitter Blade|p1a: Baxcalibur\n|-damage|p1a: Baxcalibur|68\/100\n|\n|-weather|Snow|[upkeep]\n|-heal|p1a: Baxcalibur|74\/100|[from] ability: Ice Body\n|upkeep\n|turn|8\n|\n|t:|1699234077\n|move|p1a: Baxcalibur|Dragon Dance|p1a: Baxcalibur\n|-boost|p1a: Baxcalibur|atk|1\n|-boost|p1a: Baxcalibur|spe|1\n|move|p2a: Ceruledge|Destiny Bond|p2a: Ceruledge\n|-singlemove|p2a: Ceruledge|Destiny Bond\n|\n|-weather|Snow|[upkeep]\n|-heal|p1a: Baxcalibur|80\/100|[from] ability: Ice Body\n|upkeep\n|turn|9\n|\n|t:|1699234082\n|move|p1a: Baxcalibur|Dragon Dance|p1a: Baxcalibur\n|-boost|p1a: Baxcalibur|atk|1\n|-boost|p1a: Baxcalibur|spe|1\n|move|p2a: Ceruledge|Destiny Bond||[still]\n|-fail|p2a: Ceruledge\n|\n|-weather|Snow|[upkeep]\n|-heal|p1a: Baxcalibur|86\/100|[from] ability: Ice Body\n|upkeep\n|turn|10\n|\n|t:|1699234084\n|move|p1a: Baxcalibur|Earthquake|p2a: Ceruledge\n|-supereffective|p2a: Ceruledge\n|-damage|p2a: Ceruledge|0 fnt\n|faint|p2a: Ceruledge\n|\n|-weather|none\n|upkeep\n|\n|t:|1699234096\n|switch|p2a: Corviknight|Corviknight, F|100\/100\n|turn|11\n|\n|t:|1699234100\n|move|p1a: Baxcalibur|Icicle Spear|p2a: Corviknight\n|-damage|p2a: Corviknight|70\/100\n|-damage|p2a: Corviknight|43\/100\n|-damage|p2a: Corviknight|16\/100\n|-damage|p2a: Corviknight|0 fnt\n|faint|p2a: Corviknight\n|-hitcount|p2: Corviknight|4\n|\n|upkeep\n|\n|t:|1699234116\n|switch|p2a: Greninja|Greninja, M|100\/100\n|turn|12\n|\n|t:|1699234118\n|move|p1a: Baxcalibur|Scale Shot|p2a: Greninja\n|-damage|p2a: Greninja|41\/100\n|-damage|p2a: Greninja|0 fnt\n|faint|p2a: Greninja\n|-hitcount|p2: Greninja|2\n|-unboost|p1a: Baxcalibur|def|1\n|-boost|p1a: Baxcalibur|spe|1\n|\n|upkeep\n|\n|t:|1699234123\n|switch|p2a: Oshiwashi :3|Oshawott, M|100\/100\n|turn|13\n|\n|t:|1699234128\n|move|p1a: Baxcalibur|Earthquake|p2a: Oshiwashi :3\n|-enditem|p2a: Oshiwashi :3|Focus Sash\n|-damage|p2a: Oshiwashi :3|1\/100\n|move|p2a: Oshiwashi :3|Air Slash|p1a: Baxcalibur\n|-damage|p1a: Baxcalibur|76\/100\n|\n|-sideend|p1: bruhpj|move: Aurora Veil\n|upkeep\n|turn|14\n|\n|t:|1699234135\n|move|p1a: Baxcalibur|Scale Shot|p2a: Oshiwashi :3\n|-damage|p2a: Oshiwashi :3|0 fnt\n|faint|p2a: Oshiwashi :3\n|-hitcount|p2: Oshiwashi :3|1\n|-unboost|p1a: Baxcalibur|def|1\n|-boost|p1a: Baxcalibur|spe|1\n|\n|upkeep\n|\n|t:|1699234137\n|switch|p2a: Kingambit|Kingambit, M|100\/100\n|-activate|p2a: Kingambit|ability: Supreme Overlord\n|-start|p2a: Kingambit|fallen5|[silent]\n|-item|p2a: Kingambit|Air Balloon\n|turn|15\n|\n|t:|1699234146\n|move|p1a: Baxcalibur|Icicle Spear|p2a: Kingambit\n|-resisted|p2a: Kingambit\n|-damage|p2a: Kingambit|88\/100\n|-enditem|p2a: Kingambit|Air Balloon\n|-resisted|p2a: Kingambit\n|-damage|p2a: Kingambit|75\/100\n|-resisted|p2a: Kingambit\n|-damage|p2a: Kingambit|62\/100\n|-resisted|p2a: Kingambit\n|-damage|p2a: Kingambit|50\/100\n|-hitcount|p2a: Kingambit|4\n|move|p2a: Kingambit|Swords Dance|p2a: Kingambit\n|-boost|p2a: Kingambit|atk|2\n|\n|upkeep\n|turn|16\n|\n|t:|1699234161\n|move|p2a: Kingambit|Sucker Punch|p1a: Baxcalibur\n|-damage|p1a: Baxcalibur|0 fnt\n|faint|p1a: Baxcalibur\n|\n|upkeep\n|\n|t:|1699234167\n|switch|p1a: Manaphy|Manaphy, shiny|100\/100\n|-damage|p1a: Manaphy|88\/100|[from] Spikes\n|turn|17\n|\n|t:|1699234174\n|move|p2a: Kingambit|Sucker Punch|p1a: Manaphy\n|-damage|p1a: Manaphy|0 fnt\n|faint|p1a: Manaphy\n|\n|upkeep\n|\n|t:|1699234176\n|switch|p1a: Okidogi|Okidogi, M|100\/100\n|-damage|p1a: Okidogi|88\/100|[from] Spikes\n|turn|18\n|\n|t:|1699234178\n|move|p2a: Kingambit|Sucker Punch|p1a: Okidogi\n|-resisted|p1a: Okidogi\n|-damage|p1a: Okidogi|33\/100\n|move|p1a: Okidogi|Knock Off|p2a: Kingambit\n|-resisted|p2a: Kingambit\n|-damage|p2a: Kingambit|41\/100\n|\n|-heal|p1a: Okidogi|39\/100|[from] item: Leftovers\n|upkeep\n|turn|19\n|\n|t:|1699234181\n|move|p2a: Kingambit|Sucker Punch|p1a: Okidogi\n|-resisted|p1a: Okidogi\n|-crit|p1a: Okidogi\n|-damage|p1a: Okidogi|0 fnt\n|faint|p1a: Okidogi\n|\n|upkeep\n|\n|t:|1699234183\n|switch|p1a: Kingambit|Kingambit, M, shiny|100\/100\n|-activate|p1a: Kingambit|ability: Supreme Overlord\n|-start|p1a: Kingambit|fallen5|[silent]\n|-item|p1a: Kingambit|Air Balloon\n|turn|20\n|\n|t:|1699234189\n|move|p1a: Kingambit|Sucker Punch|p2a: Kingambit\n|-resisted|p2a: Kingambit\n|-damage|p2a: Kingambit|21\/100\n|move|p2a: Kingambit|Iron Head|p1a: Kingambit\n|-resisted|p1a: Kingambit\n|-damage|p1a: Kingambit|37\/100\n|-enditem|p1a: Kingambit|Air Balloon\n|\n|upkeep\n|turn|21\n|\n|t:|1699234196\n|move|p2a: Kingambit|Sucker Punch|p1a: Kingambit\n|-resisted|p1a: Kingambit\n|-damage|p1a: Kingambit|0 fnt\n|faint|p1a: Kingambit\n|-end|p1a: Kingambit|fallen5|[silent]\n|\n|win|techninja850\n|raw|bruhpj's rating: 1106 &rarr; <strong>1074<\/strong><br \/>(-32 for losing)\n|raw|techninja850's rating: 1000 &rarr; <strong>1052<\/strong><br \/>(+52 for winning)\n|l|\u2606bruhpj\n","uploadtime":1699234242,"views":4,"p1id":"bruhpj","p2id":"techninja850","formatid":"gen9anythinggoes","rating":1052,"private":0,"password":""}