{"id":"gen9anythinggoes-1999519725","p1":"Xx_Lenny_PennyxX","p2":"DR4N","format":"[Gen 9] Anything Goes","log":"|j|\u2606Xx_Lenny_PennyxX\n|j|\u2606DR4N\n|t:|1701091870\n|gametype|singles\n|player|p1|Xx_Lenny_PennyxX|karen|1036\n|player|p2|DR4N|lucas-gen4pt|1121\n|teamsize|p1|6\n|teamsize|p2|6\n|gen|9\n|tier|[Gen 9] Anything Goes\n|rated|\n|rule|HP Percentage Mod: HP is shown in percentages\n|rule|Endless Battle Clause: Forcing endless battles is banned\n|clearpoke\n|poke|p1|Samurott-Hisui, M|\n|poke|p1|Garchomp, M|\n|poke|p1|Glaceon, F|\n|poke|p1|Scizor, F|\n|poke|p1|Decidueye-Hisui, M|\n|poke|p1|Dragapult, F|\n|poke|p2|Oshawott, M|\n|poke|p2|Lycanroc-Dusk, M|\n|poke|p2|Pawmot, F|\n|poke|p2|Clodsire, M|\n|poke|p2|Gogoat, M|\n|poke|p2|Arcanine, M|\n|teampreview\n|\n|t:|1701091879\n|start\n|switch|p1a: Dragapult|Dragapult, F|100\/100\n|switch|p2a: \u30df\u30b8\u30e5\u30de\u30eb|Oshawott, M, shiny|100\/100\n|turn|1\n|\n|t:|1701091886\n|move|p1a: Dragapult|Dragon Dance|p1a: Dragapult\n|-boost|p1a: Dragapult|atk|1\n|-boost|p1a: Dragapult|spe|1\n|move|p2a: \u30df\u30b8\u30e5\u30de\u30eb|Avalanche|p1a: Dragapult\n|-supereffective|p1a: Dragapult\n|-damage|p1a: Dragapult|66\/100\n|\n|upkeep\n|turn|2\n|\n|t:|1701091894\n|move|p1a: Dragapult|Dragon Dance|p1a: Dragapult\n|-boost|p1a: Dragapult|atk|1\n|-boost|p1a: Dragapult|spe|1\n|move|p2a: \u30df\u30b8\u30e5\u30de\u30eb|Avalanche|p1a: Dragapult\n|-supereffective|p1a: Dragapult\n|-damage|p1a: Dragapult|28\/100\n|\n|upkeep\n|turn|3\n|\n|t:|1701091911\n|move|p2a: \u30df\u30b8\u30e5\u30de\u30eb|Aqua Jet|p1a: Dragapult\n|-resisted|p1a: Dragapult\n|-damage|p1a: Dragapult|18\/100\n|move|p1a: Dragapult|Dragon Darts|p2a: \u30df\u30b8\u30e5\u30de\u30eb\n|-enditem|p2a: \u30df\u30b8\u30e5\u30de\u30eb|Focus Sash\n|-damage|p2a: \u30df\u30b8\u30e5\u30de\u30eb|1\/100\n|-anim|p1a: Dragapult|Dragon Darts|p2a: \u30df\u30b8\u30e5\u30de\u30eb\n|-damage|p2a: \u30df\u30b8\u30e5\u30de\u30eb|0 fnt\n|faint|p2a: \u30df\u30b8\u30e5\u30de\u30eb\n|\n|upkeep\n|\n|t:|1701091920\n|switch|p2a: \u30c9\u30aa\u30fc|Clodsire, M, shiny|100\/100\n|turn|4\n|\n|t:|1701091925\n|move|p1a: Dragapult|Dragon Darts|p2a: \u30c9\u30aa\u30fc\n|-damage|p2a: \u30c9\u30aa\u30fc|68\/100\n|-anim|p1a: Dragapult|Dragon Darts|p2a: \u30c9\u30aa\u30fc\n|-damage|p2a: \u30c9\u30aa\u30fc|40\/100\n|move|p2a: \u30c9\u30aa\u30fc|Earthquake|p1a: Dragapult\n|-damage|p1a: Dragapult|0 fnt\n|faint|p1a: Dragapult\n|\n|-heal|p2a: \u30c9\u30aa\u30fc|46\/100|[from] item: Leftovers\n|upkeep\n|\n|t:|1701091933\n|switch|p1a: Samurott|Samurott-Hisui, M, shiny|100\/100\n|turn|5\n|\n|t:|1701091956\n|switch|p2a: \u30b4\u30fc\u30b4\u30fc\u30c8|Gogoat, M, shiny|100\/100\n|move|p1a: Samurott|Razor Shell|p2a: \u30b4\u30fc\u30b4\u30fc\u30c8\n|-resisted|p2a: \u30b4\u30fc\u30b4\u30fc\u30c8\n|-damage|p2a: \u30b4\u30fc\u30b4\u30fc\u30c8|71\/100\n|-unboost|p2a: \u30b4\u30fc\u30b4\u30fc\u30c8|def|1\n|-damage|p1a: Samurott|84\/100|[from] item: Rocky Helmet|[of] p2a: \u30b4\u30fc\u30b4\u30fc\u30c8\n|\n|upkeep\n|turn|6\n|\n|t:|1701091966\n|move|p1a: Samurott|X-Scissor|p2a: \u30b4\u30fc\u30b4\u30fc\u30c8\n|-supereffective|p2a: \u30b4\u30fc\u30b4\u30fc\u30c8\n|-damage|p2a: \u30b4\u30fc\u30b4\u30fc\u30c8|0 fnt\n|-damage|p1a: Samurott|67\/100|[from] item: Rocky Helmet|[of] p2a: \u30b4\u30fc\u30b4\u30fc\u30c8\n|faint|p2a: \u30b4\u30fc\u30b4\u30fc\u30c8\n|\n|upkeep\n|\n|t:|1701091974\n|switch|p2a: \u30d1\u30fc\u30e2\u30c3\u30c8|Pawmot, F, shiny|100\/100\n|turn|7\n|\n|t:|1701091978\n|move|p2a: \u30d1\u30fc\u30e2\u30c3\u30c8|Nuzzle|p1a: Samurott\n|-supereffective|p1a: Samurott\n|-damage|p1a: Samurott|47\/100\n|-status|p1a: Samurott|par\n|cant|p1a: Samurott|par\n|\n|upkeep\n|turn|8\n|\n|t:|1701091986\n|move|p2a: \u30d1\u30fc\u30e2\u30c3\u30c8|Revival Blessing|p2a: \u30d1\u30fc\u30e2\u30c3\u30c8\n|\n|t:|1701091988\n|-heal|p2: \u30df\u30b8\u30e5\u30de\u30eb|50\/100|[from] move: Revival Blessing\n|move|p1a: Samurott|Sacred Sword|p2a: \u30d1\u30fc\u30e2\u30c3\u30c8\n|-damage|p2a: \u30d1\u30fc\u30e2\u30c3\u30c8|50\/100\n|\n|upkeep\n|turn|9\n|\n|t:|1701091995\n|move|p2a: \u30d1\u30fc\u30e2\u30c3\u30c8|Rest|p2a: \u30d1\u30fc\u30e2\u30c3\u30c8\n|-status|p2a: \u30d1\u30fc\u30e2\u30c3\u30c8|slp|[from] move: Rest\n|-heal|p2a: \u30d1\u30fc\u30e2\u30c3\u30c8|100\/100 slp|[silent]\n|cant|p1a: Samurott|par\n|\n|upkeep\n|turn|10\n|\n|t:|1701092005\n|cant|p2a: \u30d1\u30fc\u30e2\u30c3\u30c8|slp\n|move|p2a: \u30d1\u30fc\u30e2\u30c3\u30c8|Sleep Talk|p2a: \u30d1\u30fc\u30e2\u30c3\u30c8\n|move|p2a: \u30d1\u30fc\u30e2\u30c3\u30c8|Revival Blessing|p2a: \u30d1\u30fc\u30e2\u30c3\u30c8|[from]move: Sleep Talk\n|\n|t:|1701092009\n|-heal|p2: \u30b4\u30fc\u30b4\u30fc\u30c8|50\/100|[from] move: Revival Blessing\n|cant|p1a: Samurott|par\n|\n|upkeep\n|turn|11\n|c|\u2606Xx_Lenny_PennyxX|Its too early for this\n|-message|Xx_Lenny_PennyxX forfeited.\n|\n|win|DR4N\n|raw|Xx_Lenny_PennyxX's rating: 1036 &rarr; <strong>1024<\/strong><br \/>(-12 for losing)\n|raw|DR4N's rating: 1121 &rarr; <strong>1140<\/strong><br \/>(+19 for winning)\n|l|\u2606Xx_Lenny_PennyxX\n","uploadtime":1701092069,"views":1,"p1id":"xxlennypennyxx","p2id":"dr4n","formatid":"gen9anythinggoes","rating":1024,"private":0,"password":""}