{"id":"gen9anythinggoes-1976577570","p1":"Lucasoduncu","p2":"yulzerxy","format":"[Gen 9] Anything Goes","log":"|j|\u2606Lucasoduncu\n|j|\u2606yulzerxy\n|t:|1698323741\n|gametype|singles\n|player|p1|Lucasoduncu|cameraman|1033\n|player|p2|yulzerxy|102|1144\n|teamsize|p1|6\n|teamsize|p2|6\n|gen|9\n|tier|[Gen 9] Anything Goes\n|rated|\n|rule|HP Percentage Mod: HP is shown in percentages\n|rule|Endless Battle Clause: Forcing endless battles is banned\n|clearpoke\n|poke|p1|Darkrai|\n|poke|p1|Sableye, F|\n|poke|p1|Gengar, M|\n|poke|p1|Murkrow, F|\n|poke|p1|Giratina|\n|poke|p1|Houndoom, M|\n|poke|p2|Garchomp, F|\n|poke|p2|Tyranitar, F|\n|poke|p2|Annihilape, M|\n|poke|p2|Volcarona, M|\n|poke|p2|Glimmora, M|\n|poke|p2|Azumarill, F|\n|teampreview\n|\n|t:|1698323744\n|start\n|switch|p1a: Hell Dog|Houndoom, M, shiny|100\/100\n|switch|p2a: Glimmora|Glimmora, M|100\/100\n|turn|1\n|\n|t:|1698323753\n|move|p1a: Hell Dog|Howl|p1a: Hell Dog\n|-boost|p1a: Hell Dog|atk|1\n|move|p2a: Glimmora|Stealth Rock|p1a: Hell Dog\n|-sidestart|p1: Lucasoduncu|move: Stealth Rock\n|\n|upkeep\n|turn|2\n|\n|t:|1698323760\n|move|p1a: Hell Dog|Trailblaze|p2a: Glimmora\n|-crit|p2a: Glimmora\n|-damage|p2a: Glimmora|69\/100\n|-boost|p1a: Hell Dog|spe|1\n|-activate|p2a: Glimmora|ability: Toxic Debris\n|-sidestart|p1: Lucasoduncu|move: Toxic Spikes\n|move|p2a: Glimmora|Spikes|p1a: Hell Dog\n|-sidestart|p1: Lucasoduncu|Spikes\n|\n|-heal|p2a: Glimmora|75\/100|[from] item: Leftovers\n|upkeep\n|turn|3\n|inactive|Battle timer is ON: inactive players will automatically lose when time's up. (requested by Lucasoduncu)\n|\n|t:|1698323774\n|move|p1a: Hell Dog|Beat Up|p2a: Glimmora\n|-damage|p2a: Glimmora|66\/100\n|-activate|p2a: Glimmora|ability: Toxic Debris\n|-sidestart|p1: Lucasoduncu|move: Toxic Spikes\n|-damage|p2a: Glimmora|59\/100\n|-damage|p2a: Glimmora|53\/100\n|-damage|p2a: Glimmora|44\/100\n|-damage|p2a: Glimmora|34\/100\n|-damage|p2a: Glimmora|26\/100\n|-hitcount|p2a: Glimmora|6\n|move|p2a: Glimmora|Spikes|p1a: Hell Dog\n|-sidestart|p1: Lucasoduncu|Spikes\n|\n|-heal|p2a: Glimmora|32\/100|[from] item: Leftovers\n|upkeep\n|turn|4\n|\n|t:|1698323796\n|move|p1a: Hell Dog|Beat Up|p2a: Glimmora\n|-damage|p2a: Glimmora|23\/100\n|-damage|p2a: Glimmora|15\/100\n|-damage|p2a: Glimmora|8\/100\n|-damage|p2a: Glimmora|0 fnt\n|faint|p2a: Glimmora\n|-hitcount|p2: Glimmora|4\n|\n|upkeep\n|\n|t:|1698323808\n|switch|p2a: Azumarill|Azumarill, F|100\/100\n|turn|5\n|\n|t:|1698323815\n|-terastallize|p1a: Hell Dog|Grass\n|move|p1a: Hell Dog|Thunder Fang|p2a: Azumarill\n|-supereffective|p2a: Azumarill\n|-damage|p2a: Azumarill|36\/100\n|move|p2a: Azumarill|Liquidation|p1a: Hell Dog\n|-resisted|p1a: Hell Dog\n|-damage|p1a: Hell Dog|43\/100\n|\n|-heal|p2a: Azumarill|42\/100|[from] item: Leftovers\n|upkeep\n|turn|6\n|\n|t:|1698323832\n|move|p1a: Hell Dog|Trailblaze|p2a: Azumarill\n|-supereffective|p2a: Azumarill\n|-damage|p2a: Azumarill|0 fnt\n|-boost|p1a: Hell Dog|spe|1\n|faint|p2a: Azumarill\n|\n|upkeep\n|inactive|yulzerxy has 120 seconds left.\n|\n|t:|1698323843\n|switch|p2a: Volcarona|Volcarona, M|100\/100\n|turn|7\n|\n|t:|1698323847\n|move|p1a: Hell Dog|Beat Up|p2a: Volcarona\n|-damage|p2a: Volcarona|88\/100\n|-damage|p2a: Volcarona|77\/100\n|-damage|p2a: Volcarona|67\/100\n|-damage|p2a: Volcarona|55\/100\n|-damage|p2a: Volcarona|41\/100\n|-damage|p2a: Volcarona|29\/100\n|-hitcount|p2a: Volcarona|6\n|move|p2a: Volcarona|Quiver Dance|p2a: Volcarona\n|-boost|p2a: Volcarona|spa|1\n|-boost|p2a: Volcarona|spd|1\n|-boost|p2a: Volcarona|spe|1\n|\n|-heal|p2a: Volcarona|34\/100|[from] item: Leftovers\n|upkeep\n|turn|8\n|inactive|yulzerxy has 120 seconds left.\n|\n|t:|1698323872\n|move|p1a: Hell Dog|Beat Up|p2a: Volcarona\n|-damage|p2a: Volcarona|22\/100\n|-damage|p2a: Volcarona|12\/100\n|-damage|p2a: Volcarona|2\/100\n|-damage|p2a: Volcarona|0 fnt\n|faint|p2a: Volcarona\n|-hitcount|p2: Volcarona|4\n|\n|upkeep\n|inactive|yulzerxy has 120 seconds left.\n|\n|t:|1698323886\n|switch|p2a: Tyranitar|Tyranitar, F|100\/100\n|-weather|Sandstorm|[from] ability: Sand Stream|[of] p2a: Tyranitar\n|turn|9\n|inactive|yulzerxy has 120 seconds left.\n|\n|t:|1698323897\n|move|p1a: Hell Dog|Beat Up|p2a: Tyranitar\n|-resisted|p2a: Tyranitar\n|-damage|p2a: Tyranitar|97\/100\n|-resisted|p2a: Tyranitar\n|-damage|p2a: Tyranitar|93\/100\n|-resisted|p2a: Tyranitar\n|-damage|p2a: Tyranitar|90\/100\n|-resisted|p2a: Tyranitar\n|-damage|p2a: Tyranitar|87\/100\n|-resisted|p2a: Tyranitar\n|-damage|p2a: Tyranitar|83\/100\n|-resisted|p2a: Tyranitar\n|-damage|p2a: Tyranitar|79\/100\n|-hitcount|p2a: Tyranitar|6\n|move|p2a: Tyranitar|Foul Play|p1a: Hell Dog\n|-damage|p1a: Hell Dog|0 fnt\n|faint|p1a: Hell Dog\n|\n|-weather|Sandstorm|[upkeep]\n|-heal|p2a: Tyranitar|85\/100|[from] item: Leftovers\n|upkeep\n|\n|t:|1698323912\n|switch|p1a: In The Shadows|Gengar, M, shiny|100\/100\n|-damage|p1a: In The Shadows|88\/100|[from] Stealth Rock\n|-sideend|p1: Lucasoduncu|move: Toxic Spikes|[of] p1a: In The Shadows\n|-damage|p1a: In The Shadows|72\/100|[from] Spikes\n|turn|10\n|inactive|yulzerxy has 120 seconds left.\n|\n|t:|1698323924\n|move|p1a: In The Shadows|Ice Punch|p2a: Tyranitar\n|-damage|p2a: Tyranitar|66\/100\n|-status|p2a: Tyranitar|frz\n|cant|p2a: Tyranitar|frz\n|\n|-weather|Sandstorm|[upkeep]\n|-damage|p1a: In The Shadows|66\/100|[from] Sandstorm\n|-heal|p2a: Tyranitar|72\/100 frz|[from] item: Leftovers\n|upkeep\n|turn|11\n|inactive|yulzerxy has 120 seconds left.\n|\n|t:|1698323937\n|switch|p1a: Krows|Murkrow, F|100\/100\n|-damage|p1a: Krows|76\/100|[from] Stealth Rock\n|cant|p2a: Tyranitar|frz\n|\n|-weather|Sandstorm|[upkeep]\n|-damage|p1a: Krows|70\/100|[from] Sandstorm\n|-heal|p2a: Tyranitar|78\/100 frz|[from] item: Leftovers\n|upkeep\n|turn|12\n|inactive|yulzerxy has 120 seconds left.\n|\n|t:|1698323949\n|move|p1a: Krows|Mean Look|p2a: Tyranitar\n|-hint|Since gen 7, Dark is immune to Prankster moves.\n|-immune|p2a: Tyranitar\n|-curestatus|p2a: Tyranitar|frz|[msg]\n|move|p2a: Tyranitar|Dragon Dance|p2a: Tyranitar\n|-boost|p2a: Tyranitar|atk|1\n|-boost|p2a: Tyranitar|spe|1\n|\n|-weather|Sandstorm|[upkeep]\n|-damage|p1a: Krows|64\/100|[from] Sandstorm\n|-heal|p2a: Tyranitar|84\/100|[from] item: Leftovers\n|upkeep\n|turn|13\n|inactive|yulzerxy has 120 seconds left.\n|\n|t:|1698323963\n|move|p2a: Tyranitar|Dragon Dance|p2a: Tyranitar\n|-boost|p2a: Tyranitar|atk|1\n|-boost|p2a: Tyranitar|spe|1\n|move|p1a: Krows|Mud-Slap|p2a: Tyranitar\n|-supereffective|p2a: Tyranitar\n|-damage|p2a: Tyranitar|79\/100\n|-unboost|p2a: Tyranitar|accuracy|1\n|\n|-weather|none\n|-heal|p2a: Tyranitar|85\/100|[from] item: Leftovers\n|upkeep\n|turn|14\n|inactive|yulzerxy has 120 seconds left.\n|\n|t:|1698323979\n|move|p2a: Tyranitar|Ice Punch|p1a: Krows\n|-supereffective|p1a: Krows\n|-damage|p1a: Krows|0 fnt\n|faint|p1a: Krows\n|\n|-heal|p2a: Tyranitar|91\/100|[from] item: Leftovers\n|upkeep\n|\n|t:|1698323982\n|switch|p1a: In The Shadows|Gengar, M, shiny|66\/100\n|-damage|p1a: In The Shadows|54\/100|[from] Stealth Rock\n|-damage|p1a: In The Shadows|37\/100|[from] Spikes\n|turn|15\n|inactive|yulzerxy has 120 seconds left.\n|\n|t:|1698323993\n|move|p1a: In The Shadows|Foul Play|p2a: Tyranitar\n|-resisted|p2a: Tyranitar\n|-damage|p2a: Tyranitar|52\/100\n|move|p2a: Tyranitar|Ice Punch|p1a: In The Shadows|[miss]\n|-miss|p2a: Tyranitar|p1a: In The Shadows\n|\n|-heal|p2a: Tyranitar|58\/100|[from] item: Leftovers\n|upkeep\n|turn|16\n|inactive|yulzerxy has 120 seconds left.\n|\n|t:|1698324005\n|move|p1a: In The Shadows|Foul Play|p2a: Tyranitar\n|-resisted|p2a: Tyranitar\n|-damage|p2a: Tyranitar|19\/100\n|move|p2a: Tyranitar|Foul Play|p1a: In The Shadows|[miss]\n|-miss|p2a: Tyranitar|p1a: In The Shadows\n|\n|-heal|p2a: Tyranitar|25\/100|[from] item: Leftovers\n|upkeep\n|turn|17\n|inactive|yulzerxy has 120 seconds left.\n|\n|t:|1698324016\n|move|p1a: In The Shadows|Foul Play|p2a: Tyranitar\n|-resisted|p2a: Tyranitar\n|-damage|p2a: Tyranitar|0 fnt\n|faint|p2a: Tyranitar\n|\n|upkeep\n|inactive|yulzerxy has 120 seconds left.\n|\n|t:|1698324024\n|switch|p2a: Annihilape|Annihilape, M|100\/100\n|turn|18\n|inactive|yulzerxy has 120 seconds left.\n|\n|t:|1698324037\n|-terastallize|p2a: Annihilape|Fighting\n|move|p1a: In The Shadows|Foul Play|p2a: Annihilape\n|-resisted|p2a: Annihilape\n|-damage|p2a: Annihilape|77\/100\n|move|p2a: Annihilape|Shadow Claw|p1a: In The Shadows\n|-supereffective|p1a: In The Shadows\n|-damage|p1a: In The Shadows|0 fnt\n|-start|p2a: Annihilape|Disable|Shadow Claw|[from] ability: Cursed Body|[of] p1a: In The Shadows\n|faint|p1a: In The Shadows\n|\n|-heal|p2a: Annihilape|83\/100|[from] item: Leftovers\n|upkeep\n|\n|t:|1698324043\n|switch|p1a: Stallking|Sableye, F|100\/100\n|-damage|p1a: Stallking|88\/100|[from] Stealth Rock\n|-damage|p1a: Stallking|72\/100|[from] Spikes\n|turn|19\n|inactive|yulzerxy has 120 seconds left.\n|\n|t:|1698324062\n|move|p2a: Annihilape|U-turn|p1a: Stallking\n|-damage|p1a: Stallking|37\/100\n|\n|t:|1698324065\n|switch|p2a: Garchomp|Garchomp, F|100\/100|[from] U-turn\n|move|p1a: Stallking|Thunder Wave|p2a: Garchomp\n|-immune|p2a: Garchomp\n|\n|upkeep\n|turn|20\n|\n|t:|1698324076\n|move|p2a: Garchomp|Earthquake|p1a: Stallking\n|-damage|p1a: Stallking|0 fnt\n|faint|p1a: Stallking\n|-damage|p2a: Garchomp|90\/100|[from] item: Life Orb\n|\n|upkeep\n|\n|t:|1698324084\n|switch|p1a: The Devil|Giratina|100\/100\n|-damage|p1a: The Devil|88\/100|[from] Stealth Rock\n|-damage|p1a: The Devil|72\/100|[from] Spikes\n|-ability|p1a: The Devil|Pressure\n|turn|21\n|\n|t:|1698324094\n|move|p1a: The Devil|Shadow Force||[still]\n|-prepare|p1a: The Devil|Shadow Force\n|move|p2a: Garchomp|Dragon Claw|p1a: The Devil|[miss]\n|-miss|p2a: Garchomp|p1a: The Devil\n|\n|upkeep\n|turn|22\n|\n|t:|1698324105\n|switch|p2a: Annihilape|Annihilape, M, tera:Fighting|83\/100\n|move|p1a: The Devil|Shadow Force|p2a: Annihilape|[from]lockedmove\n|-crit|p2a: Annihilape\n|-damage|p2a: Annihilape|0 fnt\n|faint|p2a: Annihilape\n|\n|upkeep\n|\n|t:|1698324115\n|switch|p2a: Garchomp|Garchomp, F|90\/100\n|turn|23\n|\n|t:|1698324120\n|move|p1a: The Devil|Shadow Force||[still]\n|-prepare|p1a: The Devil|Shadow Force\n|move|p2a: Garchomp|Dragon Claw|p1a: The Devil|[miss]\n|-miss|p2a: Garchomp|p1a: The Devil\n|\n|upkeep\n|turn|24\n|\n|t:|1698324127\n|move|p1a: The Devil|Shadow Force|p2a: Garchomp|[from]lockedmove\n|-damage|p2a: Garchomp|37\/100\n|move|p2a: Garchomp|Dragon Claw|p1a: The Devil\n|-supereffective|p1a: The Devil\n|-crit|p1a: The Devil\n|-damage|p1a: The Devil|0 fnt\n|faint|p1a: The Devil\n|-damage|p2a: Garchomp|27\/100|[from] item: Life Orb\n|\n|upkeep\n|\n|t:|1698324132\n|switch|p1a: NightMare|Darkrai, shiny|100\/100\n|-damage|p1a: NightMare|88\/100|[from] Stealth Rock\n|-damage|p1a: NightMare|71\/100|[from] Spikes\n|turn|25\n|\n|t:|1698324148\n|move|p1a: NightMare|Drain Punch|p2a: Garchomp\n|-damage|p2a: Garchomp|6\/100\n|-heal|p1a: NightMare|86\/100|[from] drain|[of] p2a: Garchomp\n|move|p2a: Garchomp|Earthquake|p1a: NightMare\n|-damage|p1a: NightMare|0 fnt\n|faint|p1a: NightMare\n|-damage|p2a: Garchomp|0 fnt|[from] item: Life Orb\n|faint|p2a: Garchomp\n|\n|win|yulzerxy\n|raw|Lucasoduncu's rating: 1033 &rarr; <strong>1023<\/strong><br \/>(-10 for losing)\n|raw|yulzerxy's rating: 1144 &rarr; <strong>1161<\/strong><br \/>(+17 for winning)\n|l|\u2606yulzerxy\n","uploadtime":1698324185,"views":8,"p1id":"lucasoduncu","p2id":"yulzerxy","formatid":"gen9anythinggoes","rating":1023,"private":0,"password":""}