{"id":"gen9anythinggoes-1993840351","p1":"yuyhhhhh","p2":"mkind","format":"[Gen 9] Anything Goes","log":"|j|\u2606yuyhhhhh\n|j|\u2606mkind\n|t:|1700363835\n|gametype|singles\n|player|p1|yuyhhhhh|red|1075\n|player|p2|mkind|lucas|1083\n|teamsize|p1|6\n|teamsize|p2|6\n|gen|9\n|tier|[Gen 9] Anything Goes\n|rated|\n|rule|HP Percentage Mod: HP is shown in percentages\n|rule|Endless Battle Clause: Forcing endless battles is banned\n|clearpoke\n|poke|p1|Charizard, F|\n|poke|p1|Skeledirge, F|\n|poke|p1|Cinderace, M|\n|poke|p1|Ceruledge, F|\n|poke|p1|Torkoal, F|\n|poke|p1|Rotom-Heat|\n|poke|p2|Arceus|\n|poke|p2|Arceus-Fairy|\n|poke|p2|Calyrex-Shadow|\n|poke|p2|Koraidon|\n|poke|p2|Zacian-*|\n|poke|p2|Ting-Lu|\n|teampreview\n|inactive|Battle timer is ON: inactive players will automatically lose when time's up. (requested by mkind)\n|\n|t:|1700363852\n|start\n|switch|p1a: Torkoal|Torkoal, F|100\/100\n|switch|p2a: Calyrex|Calyrex-Shadow|100\/100\n|-ability|p2a: Calyrex|As One\n|-ability|p2a: Calyrex|Unnerve\n|-weather|SunnyDay|[from] ability: Drought|[of] p1a: Torkoal\n|turn|1\n|\n|t:|1700363865\n|move|p2a: Calyrex|Astral Barrage|p1a: Torkoal\n|-damage|p1a: Torkoal|6\/100\n|move|p1a: Torkoal|Yawn|p2a: Calyrex\n|-start|p2a: Calyrex|move: Yawn|[of] p1a: Torkoal\n|\n|-weather|SunnyDay|[upkeep]\n|upkeep\n|turn|2\n|\n|t:|1700363880\n|switch|p2a: Koraidon|Koraidon|100\/100\n|-activate|p2a: Koraidon|ability: Orichalcum Pulse\n|move|p1a: Torkoal|Protect||[still]\n|-fail|p1a: Torkoal\n|\n|-weather|SunnyDay|[upkeep]\n|upkeep\n|turn|3\n|\n|t:|1700363889\n|move|p2a: Koraidon|Flame Charge|p1a: Torkoal\n|-resisted|p1a: Torkoal\n|-crit|p1a: Torkoal\n|-damage|p1a: Torkoal|0 fnt\n|-boost|p2a: Koraidon|spe|1\n|-damage|p2a: Koraidon|84\/100|[from] item: Rocky Helmet|[of] p1a: Torkoal\n|faint|p1a: Torkoal\n|\n|-weather|SunnyDay|[upkeep]\n|-heal|p2a: Koraidon|90\/100|[from] item: Leftovers\n|upkeep\n|\n|t:|1700363902\n|switch|p1a: Charizard|Charizard, F|100\/100\n|turn|4\n|\n|t:|1700363912\n|-terastallize|p2a: Koraidon|Fire\n|move|p2a: Koraidon|Swords Dance|p2a: Koraidon\n|-boost|p2a: Koraidon|atk|2\n|move|p1a: Charizard|Blast Burn|p2a: Koraidon\n|-resisted|p2a: Koraidon\n|-damage|p2a: Koraidon|0 fnt\n|-mustrecharge|p1a: Charizard\n|faint|p2a: Koraidon\n|\n|-weather|SunnyDay|[upkeep]\n|-damage|p1a: Charizard|88\/100|[from] ability: Solar Power|[of] p1a: Charizard\n|upkeep\n|\n|t:|1700363930\n|switch|p2a: Calyrex|Calyrex-Shadow|100\/100\n|-ability|p2a: Calyrex|As One\n|-ability|p2a: Calyrex|Unnerve\n|turn|5\n|\n|t:|1700363950\n|move|p2a: Calyrex|Astral Barrage|p1a: Charizard\n|-damage|p1a: Charizard|0 fnt\n|faint|p1a: Charizard\n|-ability|p2a: Calyrex|Grim Neigh|boost\n|-boost|p2a: Calyrex|spa|1\n|\n|-weather|none\n|upkeep\n|\n|t:|1700363959\n|switch|p1a: Cinderace|Cinderace, M|100\/100\n|turn|6\n|\n|t:|1700363967\n|move|p2a: Calyrex|Astral Barrage|p1a: Cinderace\n|-enditem|p1a: Cinderace|Focus Sash\n|-damage|p1a: Cinderace|1\/100\n|move|p1a: Cinderace|Acrobatics|p2a: Calyrex\n|-start|p1a: Cinderace|typechange|Flying|[from] ability: Libero\n|-damage|p2a: Calyrex|38\/100\n|\n|upkeep\n|turn|7\n|\n|t:|1700363984\n|switch|p2a: Arceus|Arceus|100\/100\n|move|p1a: Cinderace|Sucker Punch||[still]\n|-fail|p1a: Cinderace\n|\n|upkeep\n|turn|8\n|\n|t:|1700363991\n|move|p2a: Arceus|Extreme Speed|p1a: Cinderace\n|-damage|p1a: Cinderace|0 fnt\n|faint|p1a: Cinderace\n|\n|upkeep\n|\n|t:|1700363999\n|switch|p1a: Ceruledge|Ceruledge, F|100\/100\n|turn|9\n|\n|t:|1700364002\n|move|p2a: Arceus|Shadow Claw|p1a: Ceruledge\n|-supereffective|p1a: Ceruledge\n|-damage|p1a: Ceruledge|50\/100\n|-ability|p1a: Ceruledge|Weak Armor|boost\n|-unboost|p1a: Ceruledge|def|1\n|-boost|p1a: Ceruledge|spe|2\n|move|p1a: Ceruledge|Swords Dance|p1a: Ceruledge\n|-boost|p1a: Ceruledge|atk|2\n|\n|upkeep\n|turn|10\n|\n|t:|1700364013\n|-terastallize|p1a: Ceruledge|Fire\n|move|p1a: Ceruledge|Bitter Blade|p2a: Arceus\n|-damage|p2a: Arceus|0 fnt\n|-heal|p1a: Ceruledge|100\/100|[from] drain|[of] p2a: Arceus\n|faint|p2a: Arceus\n|\n|upkeep\n|\n|t:|1700364035\n|switch|p2a: Ting-Lu|Ting-Lu|100\/100\n|-ability|p2a: Ting-Lu|Vessel of Ruin\n|turn|11\n|\n|t:|1700364043\n|move|p1a: Ceruledge|Bitter Blade|p2a: Ting-Lu\n|-damage|p2a: Ting-Lu|27\/100\n|move|p2a: Ting-Lu|Earthquake|p1a: Ceruledge\n|-supereffective|p1a: Ceruledge\n|-damage|p1a: Ceruledge|0 fnt\n|faint|p1a: Ceruledge\n|\n|-heal|p2a: Ting-Lu|33\/100|[from] item: Leftovers\n|upkeep\n|\n|t:|1700364054\n|switch|p1a: Rotom|Rotom-Heat|100\/100\n|turn|12\n|\n|t:|1700364063\n|switch|p2a: Arceus|Arceus-Fairy|100\/100\n|move|p1a: Rotom|Light Screen|p1a: Rotom\n|-sidestart|p1: yuyhhhhh|move: Light Screen\n|\n|upkeep\n|turn|13\n|\n|t:|1700364071\n|move|p2a: Arceus|Calm Mind|p2a: Arceus\n|-boost|p2a: Arceus|spa|1\n|-boost|p2a: Arceus|spd|1\n|move|p1a: Rotom|Reflect|p1a: Rotom\n|-sidestart|p1: yuyhhhhh|Reflect\n|\n|upkeep\n|turn|14\n|\n|t:|1700364086\n|move|p2a: Arceus|Calm Mind|p2a: Arceus\n|-boost|p2a: Arceus|spa|1\n|-boost|p2a: Arceus|spd|1\n|move|p1a: Rotom|Thunderbolt|p2a: Arceus\n|-damage|p2a: Arceus|85\/100\n|\n|upkeep\n|turn|15\n|\n|t:|1700364093\n|move|p2a: Arceus|Earth Power|p1a: Rotom\n|-immune|p1a: Rotom|[from] ability: Levitate\n|move|p1a: Rotom|Thunderbolt|p2a: Arceus\n|-damage|p2a: Arceus|69\/100\n|\n|upkeep\n|turn|16\n|\n|t:|1700364097\n|move|p2a: Arceus|Judgment|p1a: Rotom\n|-resisted|p1a: Rotom\n|-damage|p1a: Rotom|72\/100\n|move|p1a: Rotom|Thunderbolt|p2a: Arceus\n|-damage|p2a: Arceus|53\/100\n|\n|upkeep\n|turn|17\n|\n|t:|1700364104\n|move|p2a: Arceus|Recover|p2a: Arceus\n|-heal|p2a: Arceus|100\/100\n|move|p1a: Rotom|Thunderbolt|p2a: Arceus\n|-damage|p2a: Arceus|84\/100\n|\n|upkeep\n|turn|18\n|\n|t:|1700364110\n|move|p2a: Arceus|Calm Mind|p2a: Arceus\n|-boost|p2a: Arceus|spa|1\n|-boost|p2a: Arceus|spd|1\n|move|p1a: Rotom|Thunderbolt|p2a: Arceus\n|-damage|p2a: Arceus|73\/100\n|\n|upkeep\n|turn|19\n|\n|t:|1700364117\n|move|p2a: Arceus|Calm Mind|p2a: Arceus\n|-boost|p2a: Arceus|spa|1\n|-boost|p2a: Arceus|spd|1\n|move|p1a: Rotom|Thunderbolt|p2a: Arceus\n|-damage|p2a: Arceus|63\/100\n|-status|p2a: Arceus|par\n|\n|-sideend|p1: yuyhhhhh|move: Light Screen\n|upkeep\n|turn|20\n|\n|t:|1700364127\n|move|p1a: Rotom|Light Screen|p1a: Rotom\n|-sidestart|p1: yuyhhhhh|move: Light Screen\n|move|p2a: Arceus|Earth Power|p1a: Rotom\n|-immune|p1a: Rotom|[from] ability: Levitate\n|\n|-sideend|p1: yuyhhhhh|Reflect\n|upkeep\n|turn|21\n|\n|t:|1700364133\n|move|p1a: Rotom|Reflect|p1a: Rotom\n|-sidestart|p1: yuyhhhhh|Reflect\n|move|p2a: Arceus|Judgment|p1a: Rotom\n|-resisted|p1a: Rotom\n|-crit|p1a: Rotom\n|-damage|p1a: Rotom|0 fnt\n|faint|p1a: Rotom\n|\n|upkeep\n|\n|t:|1700364138\n|switch|p1a: Skeledirge|Skeledirge, F|100\/100\n|turn|22\n|\n|t:|1700364142\n|cant|p2a: Arceus|par\n|move|p1a: Skeledirge|Torch Song|p2a: Arceus\n|-damage|p2a: Arceus|40\/100 par\n|-boost|p1a: Skeledirge|spa|1\n|\n|upkeep\n|turn|23\n|\n|t:|1700364147\n|move|p2a: Arceus|Earth Power|p1a: Skeledirge\n|-supereffective|p1a: Skeledirge\n|-damage|p1a: Skeledirge|70\/100\n|move|p1a: Skeledirge|Torch Song|p2a: Arceus\n|-damage|p2a: Arceus|3\/100 par\n|-boost|p1a: Skeledirge|spa|1\n|\n|upkeep\n|turn|24\n|\n|t:|1700364152\n|move|p2a: Arceus|Earth Power|p1a: Skeledirge\n|-supereffective|p1a: Skeledirge\n|-damage|p1a: Skeledirge|36\/100\n|move|p1a: Skeledirge|Torch Song|p2a: Arceus\n|-damage|p2a: Arceus|0 fnt\n|-boost|p1a: Skeledirge|spa|1\n|faint|p2a: Arceus\n|\n|upkeep\n|\n|t:|1700364158\n|switch|p2a: Calyrex|Calyrex-Shadow|38\/100\n|-ability|p2a: Calyrex|As One\n|-ability|p2a: Calyrex|Unnerve\n|turn|25\n|\n|t:|1700364162\n|move|p2a: Calyrex|Astral Barrage|p1a: Skeledirge\n|-supereffective|p1a: Skeledirge\n|-damage|p1a: Skeledirge|0 fnt\n|faint|p1a: Skeledirge\n|\n|win|mkind\n|raw|yuyhhhhh's rating: 1075 &rarr; <strong>1054<\/strong><br \/>(-21 for losing)\n|raw|mkind's rating: 1083 &rarr; <strong>1110<\/strong><br \/>(+27 for winning)\n|l|\u2606yuyhhhhh\n","uploadtime":1700364179,"views":3,"p1id":"yuyhhhhh","p2id":"mkind","formatid":"gen9anythinggoes","rating":1054,"private":0,"password":""}