{"id":"gen9anythinggoes-1985870690","p1":"MEME\/\/BRAIN","p2":"moneygetter69","format":"[Gen 9] Anything Goes","log":"|j|\u2606MEME\/\/BRAIN\n|j|\u2606moneygetter69\n|t:|1699415571\n|gametype|singles\n|player|p1|MEME\/\/BRAIN|170|1144\n|player|p2|moneygetter69|1|1127\n|teamsize|p1|6\n|teamsize|p2|6\n|gen|9\n|tier|[Gen 9] Anything Goes\n|rated|\n|rule|HP Percentage Mod: HP is shown in percentages\n|rule|Endless Battle Clause: Forcing endless battles is banned\n|clearpoke\n|poke|p1|Cyclizar, M|\n|poke|p1|Espathra, M|\n|poke|p1|Hatterene, F|\n|poke|p1|Dragapult, F|\n|poke|p1|Medicham, M|\n|poke|p1|Shaymin-Sky|\n|poke|p2|Toxapex, M|\n|poke|p2|Goodra-Hisui, M|\n|poke|p2|Cloyster, M|\n|poke|p2|Dragapult, M|\n|poke|p2|Palafin, F|\n|poke|p2|Gliscor, M|\n|teampreview\n|\n|t:|1699415580\n|start\n|switch|p1a: Cycle|Cyclizar, M, shiny|100\/100\n|switch|p2a: spikey pink thing|Toxapex, M, shiny|100\/100\n|turn|1\n|-activate|p1a: Cycle|item: Quick Claw\n|\n|t:|1699415588\n|move|p1a: Cycle|Shed Tail|p1a: Cycle\n|-start|p1a: Cycle|Substitute|[from] move: Shed Tail\n|-damage|p1a: Cycle|50\/100\n|\n|t:|1699415603\n|switch|p1a: BirB|Espathra, M|100\/100|[from] Shed Tail\n|move|p2a: spikey pink thing|Toxic Spikes|p1a: BirB\n|-sidestart|p1: MEME\/\/BRAIN|move: Toxic Spikes\n|\n|upkeep\n|turn|2\n|\n|t:|1699415614\n|move|p1a: BirB|Calm Mind|p1a: BirB\n|-boost|p1a: BirB|spa|1\n|-boost|p1a: BirB|spd|1\n|move|p2a: spikey pink thing|Toxic Spikes|p1a: BirB\n|-sidestart|p1: MEME\/\/BRAIN|move: Toxic Spikes\n|\n|-ability|p1a: BirB|Speed Boost|boost\n|-boost|p1a: BirB|spe|1\n|upkeep\n|turn|3\n|\n|t:|1699415622\n|move|p1a: BirB|Calm Mind|p1a: BirB\n|-boost|p1a: BirB|spa|1\n|-boost|p1a: BirB|spd|1\n|move|p2a: spikey pink thing|Haze|p2a: spikey pink thing\n|-clearallboost\n|\n|-ability|p1a: BirB|Speed Boost|boost\n|-boost|p1a: BirB|spe|1\n|upkeep\n|turn|4\n|\n|t:|1699415639\n|switch|p2a: flying coat|Gliscor, M|100\/100\n|move|p1a: BirB|Calm Mind|p1a: BirB\n|-boost|p1a: BirB|spa|1\n|-boost|p1a: BirB|spd|1\n|\n|-ability|p1a: BirB|Speed Boost|boost\n|-boost|p1a: BirB|spe|1\n|-status|p2a: flying coat|tox|[from] item: Toxic Orb\n|upkeep\n|turn|5\n|\n|t:|1699415655\n|switch|p2a: spikey pink thing|Toxapex, M, shiny|100\/100\n|move|p1a: BirB|Calm Mind|p1a: BirB\n|-boost|p1a: BirB|spa|1\n|-boost|p1a: BirB|spd|1\n|\n|-ability|p1a: BirB|Speed Boost|boost\n|-boost|p1a: BirB|spe|1\n|upkeep\n|turn|6\n|\n|t:|1699415664\n|move|p1a: BirB|Stored Power|p2a: spikey pink thing\n|-supereffective|p2a: spikey pink thing\n|-enditem|p2a: spikey pink thing|Focus Sash\n|-damage|p2a: spikey pink thing|1\/100\n|move|p2a: spikey pink thing|Haze|p2a: spikey pink thing\n|-clearallboost\n|\n|-ability|p1a: BirB|Speed Boost|boost\n|-boost|p1a: BirB|spe|1\n|upkeep\n|turn|7\n|c|\u2606moneygetter69|haze is a real fun move isnt it\n|\n|t:|1699415676\n|move|p2a: spikey pink thing|Baneful Bunker|p2a: spikey pink thing\n|-singleturn|p2a: spikey pink thing|move: Protect\n|move|p1a: BirB|Stored Power|p2a: spikey pink thing\n|-activate|p2a: spikey pink thing|move: Protect\n|\n|-ability|p1a: BirB|Speed Boost|boost\n|-boost|p1a: BirB|spe|1\n|upkeep\n|turn|8\n|\n|t:|1699415691\n|switch|p2a: flying coat|Gliscor, M|100\/100 tox\n|move|p1a: BirB|Stored Power|p2a: flying coat\n|-damage|p2a: flying coat|71\/100 tox\n|\n|-heal|p2a: flying coat|83\/100 tox|[from] ability: Poison Heal\n|-ability|p1a: BirB|Speed Boost|boost\n|-boost|p1a: BirB|spe|1\n|upkeep\n|turn|9\n|\n|t:|1699415703\n|move|p1a: BirB|Calm Mind|p1a: BirB\n|-boost|p1a: BirB|spa|1\n|-boost|p1a: BirB|spd|1\n|move|p2a: flying coat|Knock Off|p1a: BirB\n|-supereffective|p1a: BirB\n|-end|p1a: BirB|Substitute\n|\n|-heal|p2a: flying coat|95\/100 tox|[from] ability: Poison Heal\n|-ability|p1a: BirB|Speed Boost|boost\n|-boost|p1a: BirB|spe|1\n|upkeep\n|turn|10\n|\n|t:|1699415713\n|move|p1a: BirB|Stored Power|p2a: flying coat\n|-damage|p2a: flying coat|0 fnt\n|faint|p2a: flying coat\n|\n|-ability|p1a: BirB|Speed Boost|boost\n|-boost|p1a: BirB|spe|1\n|upkeep\n|\n|t:|1699415727\n|switch|p2a: red thing|Dragapult, M|100\/100\n|turn|11\n|\n|t:|1699415735\n|-terastallize|p2a: red thing|Fairy\n|move|p1a: BirB|Stored Power|p2a: red thing\n|-damage|p2a: red thing|0 fnt\n|faint|p2a: red thing\n|\n|-ability|p1a: BirB|Speed Boost|boost\n|-boost|p1a: BirB|spe|1\n|upkeep\n|\n|t:|1699415744\n|switch|p2a: my hero|Palafin, F|100\/100\n|turn|12\n|\n|t:|1699415749\n|detailschange|p2a: my hero|Palafin-Hero, F\n|switch|p2a: slimey pink thing|Goodra-Hisui, M|100\/100\n|move|p1a: BirB|Stored Power|p2a: slimey pink thing\n|-resisted|p2a: slimey pink thing\n|-damage|p2a: slimey pink thing|69\/100\n|\n|-heal|p2a: slimey pink thing|75\/100|[from] item: Leftovers\n|upkeep\n|turn|13\n|\n|t:|1699415769\n|move|p1a: BirB|Calm Mind|p1a: BirB\n|-boost|p1a: BirB|spa|1\n|-boost|p1a: BirB|spd|1\n|move|p2a: slimey pink thing|Thunderbolt|p1a: BirB\n|-crit|p1a: BirB\n|-damage|p1a: BirB|38\/100\n|\n|-heal|p2a: slimey pink thing|81\/100|[from] item: Leftovers\n|upkeep\n|turn|14\n|\n|t:|1699415781\n|move|p1a: BirB|Baton Pass|p1a: BirB\n|\n|t:|1699415785\n|switch|p1a: DragQueen|Dragapult, F|100\/100|[from] Baton Pass\n|-status|p1a: DragQueen|tox\n|move|p2a: slimey pink thing|Thunderbolt|p1a: DragQueen\n|-resisted|p1a: DragQueen\n|-damage|p1a: DragQueen|91\/100 tox\n|\n|-heal|p2a: slimey pink thing|87\/100|[from] item: Leftovers\n|-damage|p1a: DragQueen|85\/100 tox|[from] psn\n|upkeep\n|turn|15\n|\n|t:|1699415797\n|move|p1a: DragQueen|Dragon Claw|p2a: slimey pink thing\n|-damage|p2a: slimey pink thing|55\/100\n|-ability|p2a: slimey pink thing|Gooey\n|-fail|p1a: DragQueen|unboost|[from] ability: Clear Body|[of] p1a: DragQueen\n|move|p2a: slimey pink thing|Dragon Pulse|p1a: DragQueen\n|-supereffective|p1a: DragQueen\n|-damage|p1a: DragQueen|31\/100 tox\n|\n|-heal|p2a: slimey pink thing|61\/100|[from] item: Leftovers\n|-damage|p1a: DragQueen|19\/100 tox|[from] psn\n|upkeep\n|turn|16\n|\n|t:|1699415811\n|move|p1a: DragQueen|Baton Pass|p1a: DragQueen\n|\n|t:|1699415815\n|switch|p1a: Medium|Medicham, M|100\/100|[from] Baton Pass\n|-status|p1a: Medium|tox\n|move|p2a: slimey pink thing|Dragon Pulse|p1a: Medium\n|-damage|p1a: Medium|64\/100 tox\n|\n|-heal|p2a: slimey pink thing|67\/100|[from] item: Leftovers\n|-damage|p1a: Medium|58\/100 tox|[from] psn\n|upkeep\n|turn|17\n|\n|t:|1699415828\n|move|p1a: Medium|Aura Sphere|p2a: slimey pink thing\n|-supereffective|p2a: slimey pink thing\n|-damage|p2a: slimey pink thing|0 fnt\n|faint|p2a: slimey pink thing\n|\n|-damage|p1a: Medium|45\/100 tox|[from] psn\n|upkeep\n|\n|t:|1699415840\n|switch|p2a: spikey pink thing|Toxapex, M, shiny|34\/100\n|turn|18\n|\n|t:|1699415848\n|move|p2a: spikey pink thing|Baneful Bunker|p2a: spikey pink thing\n|-singleturn|p2a: spikey pink thing|move: Protect\n|move|p1a: Medium|Stored Power|p2a: spikey pink thing\n|-activate|p2a: spikey pink thing|move: Protect\n|\n|-damage|p1a: Medium|27\/100 tox|[from] psn\n|upkeep\n|turn|19\n|\n|t:|1699415857\n|move|p1a: Medium|Baton Pass|p1a: Medium\n|c|\u2606moneygetter69|haze finna hit u crazy\n|\n|t:|1699415868\n|switch|p1a: BirB|Espathra, M|38\/100|[from] Baton Pass\n|-status|p1a: BirB|tox\n|move|p2a: spikey pink thing|Haze|p2a: spikey pink thing\n|-clearallboost\n|\n|-damage|p1a: BirB|32\/100 tox|[from] psn\n|upkeep\n|turn|20\n|\n|t:|1699415882\n|switch|p2a: purple thing|Cloyster, M|100\/100\n|move|p1a: BirB|Roost|p1a: BirB\n|-heal|p1a: BirB|82\/100 tox\n|-singleturn|p1a: BirB|move: Roost\n|\n|-damage|p1a: BirB|70\/100 tox|[from] psn\n|-ability|p1a: BirB|Speed Boost|boost\n|-boost|p1a: BirB|spe|1\n|upkeep\n|turn|21\n|\n|t:|1699415893\n|move|p1a: BirB|Roost|p1a: BirB\n|-heal|p1a: BirB|100\/100 tox\n|-singleturn|p1a: BirB|move: Roost\n|move|p2a: purple thing|Icicle Spear|p1a: BirB\n|-damage|p1a: BirB|90\/100 tox\n|-damage|p1a: BirB|80\/100 tox\n|-damage|p1a: BirB|71\/100 tox\n|-damage|p1a: BirB|60\/100 tox\n|-damage|p1a: BirB|50\/100 tox\n|-hitcount|p1a: BirB|5\n|\n|-damage|p1a: BirB|32\/100 tox|[from] psn\n|-ability|p1a: BirB|Speed Boost|boost\n|-boost|p1a: BirB|spe|1\n|upkeep\n|turn|22\n|\n|t:|1699415908\n|move|p1a: BirB|Stored Power|p2a: purple thing\n|-crit|p2a: purple thing\n|-damage|p2a: purple thing|29\/100\n|move|p2a: purple thing|Rock Blast|p1a: BirB\n|-damage|p1a: BirB|25\/100 tox\n|-damage|p1a: BirB|19\/100 tox\n|-damage|p1a: BirB|13\/100 tox\n|-damage|p1a: BirB|6\/100 tox\n|-damage|p1a: BirB|0 fnt\n|faint|p1a: BirB\n|-hitcount|p1: BirB|5\n|\n|upkeep\n|\n|t:|1699415921\n|switch|p1a: Shaming Sky|Shaymin-Sky|100\/100\n|turn|23\n|\n|t:|1699415929\n|move|p2a: purple thing|Protect|p2a: purple thing\n|-singleturn|p2a: purple thing|Protect\n|move|p1a: Shaming Sky|Leaf Storm|p2a: purple thing\n|-activate|p2a: purple thing|move: Protect\n|\n|upkeep\n|turn|24\n|\n|t:|1699415938\n|move|p1a: Shaming Sky|Air Slash|p2a: purple thing\n|-damage|p2a: purple thing|0 fnt\n|faint|p2a: purple thing\n|\n|upkeep\n|\n|t:|1699415944\n|switch|p2a: spikey pink thing|Toxapex, M, shiny|67\/100\n|turn|25\n|\n|t:|1699415949\n|move|p2a: spikey pink thing|Baneful Bunker|p2a: spikey pink thing\n|-singleturn|p2a: spikey pink thing|move: Protect\n|move|p1a: Shaming Sky|Air Slash|p2a: spikey pink thing\n|-activate|p2a: spikey pink thing|move: Protect\n|\n|upkeep\n|turn|26\n|\n|t:|1699415956\n|move|p1a: Shaming Sky|Air Slash|p2a: spikey pink thing\n|-damage|p2a: spikey pink thing|45\/100\n|cant|p2a: spikey pink thing|flinch\n|\n|upkeep\n|turn|27\n|\n|t:|1699415962\n|move|p1a: Shaming Sky|Air Slash|p2a: spikey pink thing\n|-damage|p2a: spikey pink thing|21\/100\n|cant|p2a: spikey pink thing|flinch\n|\n|upkeep\n|turn|28\n|\n|t:|1699415968\n|move|p2a: spikey pink thing|Baneful Bunker|p2a: spikey pink thing\n|-singleturn|p2a: spikey pink thing|move: Protect\n|move|p1a: Shaming Sky|Air Slash|p2a: spikey pink thing\n|-activate|p2a: spikey pink thing|move: Protect\n|\n|upkeep\n|turn|29\n|\n|t:|1699415974\n|switch|p2a: my hero|Palafin-Hero, F|100\/100\n|-activate|p2a: my hero|ability: Zero to Hero\n|move|p1a: Shaming Sky|Air Slash|p2a: my hero\n|-damage|p2a: my hero|58\/100\n|\n|-heal|p2a: my hero|64\/100|[from] item: Leftovers\n|upkeep\n|turn|30\n|\n|t:|1699415994\n|move|p1a: Shaming Sky|Sweet Kiss|p2a: my hero\n|-start|p2a: my hero|confusion\n|-activate|p2a: my hero|confusion\n|move|p2a: my hero|Body Slam|p1a: Shaming Sky\n|-damage|p1a: Shaming Sky|56\/100\n|\n|-heal|p2a: my hero|70\/100|[from] item: Leftovers\n|upkeep\n|turn|31\n|\n|t:|1699416005\n|switch|p2a: spikey pink thing|Toxapex, M, shiny|54\/100\n|move|p1a: Shaming Sky|Air Slash|p2a: spikey pink thing\n|-damage|p2a: spikey pink thing|30\/100\n|\n|upkeep\n|turn|32\n|\n|t:|1699416012\n|move|p1a: Shaming Sky|Sweet Kiss|p2a: spikey pink thing\n|-start|p2a: spikey pink thing|confusion\n|-activate|p2a: spikey pink thing|confusion\n|move|p2a: spikey pink thing|Toxic|p1a: Shaming Sky\n|-status|p1a: Shaming Sky|tox\n|\n|-damage|p1a: Shaming Sky|50\/100 tox|[from] psn\n|upkeep\n|turn|33\n|\n|t:|1699416025\n|-activate|p2a: spikey pink thing|confusion\n|move|p2a: spikey pink thing|Baneful Bunker|p2a: spikey pink thing\n|-singleturn|p2a: spikey pink thing|move: Protect\n|move|p1a: Shaming Sky|Air Slash|p2a: spikey pink thing\n|-activate|p2a: spikey pink thing|move: Protect\n|\n|-damage|p1a: Shaming Sky|37\/100 tox|[from] psn\n|upkeep\n|turn|34\n|\n|t:|1699416035\n|-activate|p2a: spikey pink thing|confusion\n|move|p2a: spikey pink thing|Baneful Bunker||[still]\n|-fail|p2a: spikey pink thing\n|move|p1a: Shaming Sky|Air Slash|p2a: spikey pink thing\n|-damage|p2a: spikey pink thing|5\/100\n|\n|-damage|p1a: Shaming Sky|19\/100 tox|[from] psn\n|upkeep\n|turn|35\n|\n|t:|1699416048\n|-activate|p2a: spikey pink thing|confusion\n|-damage|p2a: spikey pink thing|2\/100|[from] confusion\n|move|p1a: Shaming Sky|Leaf Storm|p2a: spikey pink thing\n|-damage|p2a: spikey pink thing|0 fnt\n|-unboost|p1a: Shaming Sky|spa|2\n|faint|p2a: spikey pink thing\n|\n|-damage|p1a: Shaming Sky|0 fnt|[from] psn\n|faint|p1a: Shaming Sky\n|upkeep\n|\n|t:|1699416061\n|switch|p1a: Cycle|Cyclizar, M, shiny|84\/100\n|switch|p2a: my hero|Palafin-Hero, F|70\/100\n|-status|p1a: Cycle|tox\n|turn|36\n|-activate|p1a: Cycle|item: Quick Claw\n|\n|t:|1699416071\n|move|p1a: Cycle|Rapid Spin|p2a: my hero\n|-damage|p2a: my hero|52\/100\n|-boost|p1a: Cycle|spe|1\n|-sideend|p1: MEME\/\/BRAIN|Toxic Spikes|[from] move: Rapid Spin|[of] p1a: Cycle\n|move|p2a: my hero|Drain Punch|p1a: Cycle\n|-supereffective|p1a: Cycle\n|-damage|p1a: Cycle|2\/100 tox\n|-heal|p2a: my hero|93\/100|[from] drain|[of] p1a: Cycle\n|\n|-heal|p2a: my hero|99\/100|[from] item: Leftovers\n|-damage|p1a: Cycle|0 fnt|[from] psn\n|faint|p1a: Cycle\n|upkeep\n|\n|t:|1699416086\n|switch|p1a: Hatman|Hatterene, F|100\/100\n|turn|37\n|\n|t:|1699416095\n|move|p2a: my hero|Aqua Tail|p1a: Hatman\n|-damage|p1a: Hatman|43\/100\n|move|p1a: Hatman|Calm Mind|p1a: Hatman\n|-boost|p1a: Hatman|spa|1\n|-boost|p1a: Hatman|spd|1\n|\n|-heal|p2a: my hero|100\/100|[from] item: Leftovers\n|-heal|p1a: Hatman|49\/100|[from] item: Leftovers\n|upkeep\n|turn|38\n|\n|t:|1699416107\n|move|p2a: my hero|Body Slam|p1a: Hatman\n|-damage|p1a: Hatman|11\/100\n|-status|p1a: Hatman|par\n|move|p1a: Hatman|Draining Kiss|p2a: my hero\n|-damage|p2a: my hero|54\/100\n|-heal|p1a: Hatman|48\/100 par|[from] drain|[of] p2a: my hero\n|\n|-heal|p2a: my hero|61\/100|[from] item: Leftovers\n|-heal|p1a: Hatman|54\/100 par|[from] item: Leftovers\n|upkeep\n|turn|39\n|\n|t:|1699416120\n|move|p2a: my hero|Aqua Tail|p1a: Hatman\n|-damage|p1a: Hatman|0 fnt\n|faint|p1a: Hatman\n|\n|-heal|p2a: my hero|67\/100|[from] item: Leftovers\n|upkeep\n|\n|t:|1699416127\n|switch|p1a: DragQueen|Dragapult, F|19\/100 tox\n|turn|40\n|\n|t:|1699416136\n|move|p1a: DragQueen|Dragon Claw|p2a: my hero\n|-damage|p2a: my hero|32\/100\n|move|p2a: my hero|Flip Turn|p1a: DragQueen\n|-resisted|p1a: DragQueen\n|-damage|p1a: DragQueen|0 fnt\n|faint|p1a: DragQueen\n|\n|-heal|p2a: my hero|39\/100|[from] item: Leftovers\n|upkeep\n|c|\u2606moneygetter69|he really is my hero\n|\n|t:|1699416147\n|switch|p1a: Medium|Medicham, M|27\/100 tox\n|turn|41\n|\n|t:|1699416153\n|move|p2a: my hero|Body Slam|p1a: Medium\n|-damage|p1a: Medium|0 fnt\n|faint|p1a: Medium\n|\n|win|moneygetter69\n|raw|MEME&#x2f;&#x2f;BRAIN's rating: 1144 &rarr; <strong>1118<\/strong><br \/>(-26 for losing)\n|raw|moneygetter69's rating: 1127 &rarr; <strong>1153<\/strong><br \/>(+26 for winning)\n|c|\u2606moneygetter69|gg\n|c|\u2606MEME\/\/BRAIN|Damn gg\n","uploadtime":1699416179,"views":4,"p1id":"memebrain","p2id":"moneygetter69","formatid":"gen9anythinggoes","rating":1118,"private":0,"password":""}