{"id":"gen9anythinggoes-1985927017","p1":"jertheber03","p2":"MEME\/\/BRAIN","format":"[Gen 9] Anything Goes","log":"|j|\u2606jertheber03\n|j|\u2606MEME\/\/BRAIN\n|t:|1699424051\n|gametype|singles\n|player|p1|jertheber03|emmet|1063\n|player|p2|MEME\/\/BRAIN|170|1029\n|teamsize|p1|6\n|teamsize|p2|6\n|gen|9\n|tier|[Gen 9] Anything Goes\n|rated|\n|rule|HP Percentage Mod: HP is shown in percentages\n|rule|Endless Battle Clause: Forcing endless battles is banned\n|clearpoke\n|poke|p1|Inteleon, M|\n|poke|p1|Ariados, M|\n|poke|p1|Poliwhirl, F|\n|poke|p1|Ogerpon-Hearthflame, F|\n|poke|p1|Decidueye, M|\n|poke|p1|Ursaluna, M|\n|poke|p2|Cyclizar, M|\n|poke|p2|Espathra, F|\n|poke|p2|Dragapult, F|\n|poke|p2|Medicham, F|\n|poke|p2|Shaymin-Sky|\n|poke|p2|Cloyster, F|\n|teampreview\n|\n|t:|1699424056\n|start\n|switch|p1a: Ariados|Ariados, M|100\/100\n|switch|p2a: Cycle|Cyclizar, M, shiny|100\/100\n|turn|1\n|\n|t:|1699424062\n|move|p2a: Cycle|Shed Tail|p2a: Cycle\n|-start|p2a: Cycle|Substitute|[from] move: Shed Tail\n|-damage|p2a: Cycle|50\/100\n|\n|t:|1699424065\n|switch|p2a: BirB|Espathra, F|100\/100|[from] Shed Tail\n|move|p1a: Ariados|Sticky Web|p2a: BirB\n|-sidestart|p2: MEME\/\/BRAIN|move: Sticky Web\n|\n|upkeep\n|turn|2\n|\n|t:|1699424077\n|move|p2a: BirB|Calm Mind|p2a: BirB\n|-boost|p2a: BirB|spa|1\n|-boost|p2a: BirB|spd|1\n|move|p1a: Ariados|Night Slash|p2a: BirB\n|-supereffective|p2a: BirB\n|-end|p2a: BirB|Substitute\n|\n|-ability|p2a: BirB|Speed Boost|boost\n|-boost|p2a: BirB|spe|1\n|upkeep\n|turn|3\n|\n|t:|1699424091\n|-terastallize|p2a: BirB|Dark\n|move|p2a: BirB|Calm Mind|p2a: BirB\n|-boost|p2a: BirB|spa|1\n|-boost|p2a: BirB|spd|1\n|move|p1a: Ariados|Night Slash|p2a: BirB\n|-resisted|p2a: BirB\n|-damage|p2a: BirB|92\/100\n|\n|-ability|p2a: BirB|Speed Boost|boost\n|-boost|p2a: BirB|spe|1\n|upkeep\n|turn|4\n|\n|t:|1699424107\n|-terastallize|p1a: Ariados|Bug\n|move|p2a: BirB|Calm Mind|p2a: BirB\n|-boost|p2a: BirB|spa|1\n|-boost|p2a: BirB|spd|1\n|move|p1a: Ariados|Leech Life|p2a: BirB\n|-supereffective|p2a: BirB\n|-damage|p2a: BirB|12\/100\n|-enditem|p2a: BirB|Weakness Policy\n|-boost|p2a: BirB|atk|2|[from] item: Weakness Policy\n|-boost|p2a: BirB|spa|2|[from] item: Weakness Policy\n|\n|-ability|p2a: BirB|Speed Boost|boost\n|-boost|p2a: BirB|spe|1\n|upkeep\n|turn|5\n|\n|t:|1699424119\n|move|p2a: BirB|Stored Power|p1a: Ariados\n|-enditem|p1a: Ariados|Focus Sash\n|-damage|p1a: Ariados|1\/100\n|move|p1a: Ariados|Leech Life|p2a: BirB\n|-supereffective|p2a: BirB\n|-damage|p2a: BirB|0 fnt\n|-heal|p1a: Ariados|7\/100|[from] drain|[of] p2a: BirB\n|faint|p2a: BirB\n|\n|upkeep\n|\n|t:|1699424128\n|switch|p2a: Cycle|Cyclizar, M, shiny|84\/100\n|-activate|p2a: Cycle|move: Sticky Web\n|-unboost|p2a: Cycle|spe|1\n|turn|6\n|c|\u2606MEME\/\/BRAIN|lol nice\n|-activate|p2a: Cycle|item: Quick Claw\n|\n|t:|1699424153\n|move|p2a: Cycle|Rapid Spin|p1a: Ariados\n|-damage|p1a: Ariados|0 fnt\n|-boost|p2a: Cycle|spe|1\n|-sideend|p2: MEME\/\/BRAIN|Sticky Web|[from] move: Rapid Spin|[of] p2a: Cycle\n|faint|p1a: Ariados\n|\n|upkeep\n|\n|t:|1699424165\n|switch|p1a: Inteleon|Inteleon, M|100\/100\n|turn|7\n|-activate|p2a: Cycle|item: Quick Claw\n|\n|t:|1699424170\n|move|p2a: Cycle|Shed Tail|p2a: Cycle\n|-start|p2a: Cycle|Substitute|[from] move: Shed Tail\n|-damage|p2a: Cycle|34\/100\n|\n|t:|1699424174\n|switch|p2a: DragQueen|Dragapult, F|100\/100|[from] Shed Tail\n|move|p1a: Inteleon|Ice Beam|p2a: DragQueen\n|-supereffective|p2a: DragQueen\n|-end|p2a: DragQueen|Substitute\n|\n|upkeep\n|turn|8\n|\n|t:|1699424190\n|move|p2a: DragQueen|Double Team|p2a: DragQueen\n|-boost|p2a: DragQueen|evasion|1\n|move|p1a: Inteleon|Aqua Ring|p1a: Inteleon\n|-start|p1a: Inteleon|Aqua Ring\n|\n|upkeep\n|turn|9\n|\n|t:|1699424200\n|move|p2a: DragQueen|Double Team|p2a: DragQueen\n|-boost|p2a: DragQueen|evasion|1\n|move|p1a: Inteleon|Ice Beam|p2a: DragQueen|[miss]\n|-miss|p1a: Inteleon|p2a: DragQueen\n|\n|upkeep\n|turn|10\n|\n|t:|1699424220\n|move|p2a: DragQueen|Baton Pass|p2a: DragQueen\n|\n|t:|1699424229\n|switch|p2a: Medium|Medicham, F|100\/100|[from] Baton Pass\n|move|p1a: Inteleon|Ice Beam|p2a: Medium|[miss]\n|-miss|p1a: Inteleon|p2a: Medium\n|\n|upkeep\n|turn|11\n|\n|t:|1699424245\n|switch|p1a: Poliwhirl|Poliwhirl, F|100\/100\n|move|p2a: Medium|Acupressure|p2a: Medium\n|-boost|p2a: Medium|evasion|2\n|\n|upkeep\n|turn|12\n|\n|t:|1699424261\n|move|p1a: Poliwhirl|Haze|p1a: Poliwhirl\n|-clearallboost\n|move|p2a: Medium|Acupressure|p2a: Medium\n|-boost|p2a: Medium|accuracy|2\n|\n|upkeep\n|turn|13\n|\n|t:|1699424276\n|move|p1a: Poliwhirl|Waterfall|p2a: Medium\n|-damage|p2a: Medium|59\/100\n|cant|p2a: Medium|flinch\n|\n|upkeep\n|turn|14\n|\n|t:|1699424283\n|move|p1a: Poliwhirl|Waterfall|p2a: Medium\n|-damage|p2a: Medium|17\/100\n|move|p2a: Medium|Baton Pass|p2a: Medium\n|\n|t:|1699424286\n|switch|p2a: CrestOvL@bia|Cloyster, F, shiny|100\/100|[from] Baton Pass\n|\n|upkeep\n|turn|15\n|\n|t:|1699424305\n|move|p1a: Poliwhirl|Brick Break|p2a: CrestOvL@bia\n|-supereffective|p2a: CrestOvL@bia\n|-damage|p2a: CrestOvL@bia|73\/100\n|move|p2a: CrestOvL@bia|Toxic Spikes|p1a: Poliwhirl\n|-sidestart|p1: jertheber03|move: Toxic Spikes\n|\n|upkeep\n|turn|16\n|\n|t:|1699424315\n|move|p1a: Poliwhirl|Brick Break|p2a: CrestOvL@bia\n|-supereffective|p2a: CrestOvL@bia\n|-damage|p2a: CrestOvL@bia|43\/100\n|move|p2a: CrestOvL@bia|Rock Blast|p1a: Poliwhirl\n|-damage|p1a: Poliwhirl|86\/100\n|-damage|p1a: Poliwhirl|73\/100\n|-damage|p1a: Poliwhirl|58\/100\n|-damage|p1a: Poliwhirl|44\/100\n|-damage|p1a: Poliwhirl|29\/100\n|-hitcount|p1a: Poliwhirl|5\n|\n|upkeep\n|turn|17\n|\n|t:|1699424327\n|move|p1a: Poliwhirl|Brick Break|p2a: CrestOvL@bia\n|-supereffective|p2a: CrestOvL@bia\n|-damage|p2a: CrestOvL@bia|15\/100\n|move|p2a: CrestOvL@bia|Rock Blast|p1a: Poliwhirl\n|-damage|p1a: Poliwhirl|16\/100\n|-damage|p1a: Poliwhirl|1\/100\n|-damage|p1a: Poliwhirl|0 fnt\n|faint|p1a: Poliwhirl\n|-hitcount|p1: Poliwhirl|3\n|\n|upkeep\n|\n|t:|1699424351\n|switch|p1a: Decidueye|Decidueye, M|100\/100\n|-status|p1a: Decidueye|psn\n|turn|18\n|\n|t:|1699424363\n|move|p2a: CrestOvL@bia|Icicle Spear|p1a: Decidueye\n|-supereffective|p1a: Decidueye\n|-damage|p1a: Decidueye|72\/100 psn\n|-supereffective|p1a: Decidueye\n|-damage|p1a: Decidueye|41\/100 psn\n|-supereffective|p1a: Decidueye\n|-damage|p1a: Decidueye|15\/100 psn\n|-supereffective|p1a: Decidueye\n|-damage|p1a: Decidueye|0 fnt\n|faint|p1a: Decidueye\n|-hitcount|p1: Decidueye|4\n|\n|upkeep\n|\n|t:|1699424373\n|switch|p1a: Ogerpon|Ogerpon-Hearthflame, F|100\/100\n|-status|p1a: Ogerpon|psn\n|-ability|p1a: Ogerpon|Mold Breaker\n|turn|19\n|\n|t:|1699424381\n|move|p1a: Ogerpon|Spiky Shield|p1a: Ogerpon\n|-singleturn|p1a: Ogerpon|move: Protect\n|move|p2a: CrestOvL@bia|Rock Blast|p1a: Ogerpon\n|-activate|p1a: Ogerpon|move: Protect\n|\n|-damage|p1a: Ogerpon|88\/100 psn|[from] psn\n|upkeep\n|turn|20\n|\n|t:|1699424394\n|move|p1a: Ogerpon|Seed Bomb|p2a: CrestOvL@bia\n|-supereffective|p2a: CrestOvL@bia\n|-damage|p2a: CrestOvL@bia|0 fnt\n|faint|p2a: CrestOvL@bia\n|\n|-damage|p1a: Ogerpon|76\/100 psn|[from] psn\n|upkeep\n|\n|t:|1699424400\n|switch|p2a: Cycle|Cyclizar, M, shiny|67\/100\n|turn|21\n|\n|t:|1699424407\n|move|p2a: Cycle|Shed Tail|p2a: Cycle\n|-start|p2a: Cycle|Substitute|[from] move: Shed Tail\n|-damage|p2a: Cycle|17\/100\n|\n|t:|1699424411\n|switch|p2a: DragQueen|Dragapult, F|100\/100|[from] Shed Tail\n|move|p1a: Ogerpon|Knock Off|p2a: DragQueen\n|-supereffective|p2a: DragQueen\n|-end|p2a: DragQueen|Substitute\n|\n|-damage|p1a: Ogerpon|64\/100 psn|[from] psn\n|upkeep\n|turn|22\n|\n|t:|1699424423\n|move|p2a: DragQueen|Double Team|p2a: DragQueen\n|-boost|p2a: DragQueen|evasion|1\n|move|p1a: Ogerpon|Knock Off|p2a: DragQueen\n|-supereffective|p2a: DragQueen\n|-damage|p2a: DragQueen|5\/100\n|-enditem|p2a: DragQueen|Focus Sash|[from] move: Knock Off|[of] p1a: Ogerpon\n|\n|-damage|p1a: Ogerpon|51\/100 psn|[from] psn\n|upkeep\n|turn|23\n|\n|t:|1699424433\n|move|p2a: DragQueen|Baton Pass|p2a: DragQueen\n|\n|t:|1699424439\n|switch|p2a: Cycle|Cyclizar, M, shiny|50\/100|[from] Baton Pass\n|move|p1a: Ogerpon|Knock Off|p2a: Cycle|[miss]\n|-miss|p1a: Ogerpon|p2a: Cycle\n|\n|-damage|p1a: Ogerpon|39\/100 psn|[from] psn\n|upkeep\n|turn|24\n|-activate|p2a: Cycle|item: Quick Claw\n|\n|t:|1699424454\n|move|p1a: Ogerpon|Knock Off|p2a: Cycle\n|-damage|p2a: Cycle|0 fnt\n|-enditem|p2a: Cycle|Quick Claw|[from] move: Knock Off|[of] p1a: Ogerpon\n|faint|p2a: Cycle\n|\n|-damage|p1a: Ogerpon|27\/100 psn|[from] psn\n|upkeep\n|\n|t:|1699424460\n|switch|p2a: Medium|Medicham, F|17\/100\n|turn|25\n|\n|t:|1699424464\n|move|p1a: Ogerpon|Knock Off|p2a: Medium\n|-damage|p2a: Medium|0 fnt\n|-enditem|p2a: Medium|Black Belt|[from] move: Knock Off|[of] p1a: Ogerpon\n|faint|p2a: Medium\n|\n|-damage|p1a: Ogerpon|14\/100 psn|[from] psn\n|upkeep\n|\n|t:|1699424471\n|switch|p2a: Shaming Sky|Shaymin-Sky, shiny|100\/100\n|turn|26\n|\n|t:|1699424478\n|move|p2a: Shaming Sky|Air Slash|p1a: Ogerpon\n|-supereffective|p1a: Ogerpon\n|-crit|p1a: Ogerpon\n|-damage|p1a: Ogerpon|0 fnt\n|faint|p1a: Ogerpon\n|\n|upkeep\n|\n|t:|1699424497\n|switch|p1a: Inteleon|Inteleon, M|100\/100\n|-status|p1a: Inteleon|psn\n|turn|27\n|\n|t:|1699424503\n|move|p2a: Shaming Sky|Sweet Kiss|p1a: Inteleon\n|-start|p1a: Inteleon|confusion\n|-activate|p1a: Inteleon|confusion\n|move|p1a: Inteleon|Aqua Ring|p1a: Inteleon\n|-start|p1a: Inteleon|Aqua Ring\n|\n|-damage|p1a: Inteleon|88\/100 psn|[from] psn\n|upkeep\n|turn|28\n|\n|t:|1699424520\n|move|p2a: Shaming Sky|Leaf Storm|p1a: Inteleon\n|-supereffective|p1a: Inteleon\n|-damage|p1a: Inteleon|0 fnt\n|-unboost|p2a: Shaming Sky|spa|2\n|faint|p1a: Inteleon\n|\n|upkeep\n|\n|t:|1699424526\n|switch|p1a: Ursaluna|Ursaluna, M|100\/100\n|-status|p1a: Ursaluna|psn\n|turn|29\n|\n|t:|1699424531\n|move|p2a: Shaming Sky|Sweet Kiss|p1a: Ursaluna\n|-start|p1a: Ursaluna|confusion\n|-activate|p1a: Ursaluna|confusion\n|-damage|p1a: Ursaluna|89\/100 psn|[from] confusion\n|\n|-heal|p1a: Ursaluna|95\/100 psn|[from] item: Leftovers\n|-damage|p1a: Ursaluna|82\/100 psn|[from] psn\n|upkeep\n|turn|30\n|\n|t:|1699424541\n|move|p2a: Shaming Sky|Air Slash|p1a: Ursaluna\n|-damage|p1a: Ursaluna|67\/100 psn\n|-activate|p1a: Ursaluna|confusion\n|move|p1a: Ursaluna|Swords Dance|p1a: Ursaluna\n|-boost|p1a: Ursaluna|atk|2\n|\n|-heal|p1a: Ursaluna|73\/100 psn|[from] item: Leftovers\n|-damage|p1a: Ursaluna|61\/100 psn|[from] psn\n|upkeep\n|turn|31\n|\n|t:|1699424562\n|move|p2a: Shaming Sky|Air Slash|p1a: Ursaluna\n|-damage|p1a: Ursaluna|44\/100 psn\n|cant|p1a: Ursaluna|flinch\n|\n|-heal|p1a: Ursaluna|50\/100 psn|[from] item: Leftovers\n|-damage|p1a: Ursaluna|37\/100 psn|[from] psn\n|upkeep\n|turn|32\n|\n|t:|1699424570\n|move|p2a: Shaming Sky|Air Slash|p1a: Ursaluna\n|-damage|p1a: Ursaluna|22\/100 psn\n|cant|p1a: Ursaluna|flinch\n|\n|-heal|p1a: Ursaluna|29\/100 psn|[from] item: Leftovers\n|-damage|p1a: Ursaluna|16\/100 psn|[from] psn\n|upkeep\n|turn|33\n|\n|t:|1699424577\n|move|p2a: Shaming Sky|Air Slash|p1a: Ursaluna\n|-damage|p1a: Ursaluna|0 fnt\n|faint|p1a: Ursaluna\n|\n|win|MEME\/\/BRAIN\n|raw|jertheber03's rating: 1063 &rarr; <strong>1042<\/strong><br \/>(-21 for losing)\n|raw|MEME&#x2f;&#x2f;BRAIN's rating: 1029 &rarr; <strong>1068<\/strong><br \/>(+39 for winning)\n|l|\u2606jertheber03\n","uploadtime":1699424595,"views":5,"p1id":"jertheber03","p2id":"memebrain","formatid":"gen9anythinggoes","rating":1042,"private":0,"password":""}