{"id":"gen9anythinggoes-1994952511","p1":"AttentivePeach","p2":"Omega-122","format":"[Gen 9] Anything Goes","log":"|j|\u2606AttentivePeach\n|j|\u2606Omega-122\n|t:|1700507605\n|gametype|singles\n|player|p1|AttentivePeach|1|1287\n|player|p2|Omega-122|skier|1368\n|teamsize|p1|6\n|teamsize|p2|6\n|gen|9\n|tier|[Gen 9] Anything Goes\n|rated|\n|rule|HP Percentage Mod: HP is shown in percentages\n|rule|Endless Battle Clause: Forcing endless battles is banned\n|clearpoke\n|poke|p1|Starly, L1, M|\n|poke|p1|Donphan, L1, F|\n|poke|p1|Garganacl, M|\n|poke|p1|Blissey, F|\n|poke|p1|Munkidori, M|\n|poke|p1|Indeedee, M|\n|poke|p2|Dragapult, F|\n|poke|p2|Garganacl, M|\n|poke|p2|Chien-Pao|\n|poke|p2|Calyrex-Shadow|\n|poke|p2|Glimmora, F|\n|poke|p2|Cyclizar, F|\n|teampreview\n|inactive|Battle timer is ON: inactive players will automatically lose when time's up. (requested by AttentivePeach)\n|\n|t:|1700507614\n|start\n|switch|p1a: Starly|Starly, L1, M|100\/100\n|switch|p2a: Cyclizar|Cyclizar, F|100\/100\n|turn|1\n|\n|t:|1700507619\n|move|p2a: Cyclizar|Taunt|p1a: Starly\n|-start|p1a: Starly|move: Taunt\n|move|p1a: Starly|Endeavor|p2a: Cyclizar\n|-damage|p2a: Cyclizar|5\/100\n|\n|upkeep\n|turn|2\n|\n|t:|1700507633\n|switch|p2a: Glimmora|Glimmora, F|100\/100\n|switch|p1a: Munkidori|Munkidori, M|100\/100\n|\n|upkeep\n|turn|3\n|\n|t:|1700507642\n|move|p1a: Munkidori|Parting Shot|p2a: Glimmora\n|-unboost|p2a: Glimmora|atk|1\n|-unboost|p2a: Glimmora|spa|1\n|\n|t:|1700507646\n|switch|p1a: Donphan|Donphan, L1, F|100\/100|[from] Parting Shot\n|move|p2a: Glimmora|Stealth Rock|p1a: Donphan\n|-sidestart|p1: AttentivePeach|move: Stealth Rock\n|\n|upkeep\n|turn|4\n|\n|t:|1700507654\n|move|p2a: Glimmora|Mortal Spin|p1a: Donphan\n|-resisted|p1a: Donphan\n|-ability|p1a: Donphan|Sturdy\n|-damage|p1a: Donphan|8\/100\n|-status|p1a: Donphan|psn\n|move|p1a: Donphan|Endeavor|p2a: Glimmora\n|-damage|p2a: Glimmora|1\/100\n|-activate|p2a: Glimmora|ability: Toxic Debris\n|-sidestart|p1: AttentivePeach|move: Toxic Spikes\n|\n|-damage|p1a: Donphan|0 fnt|[from] psn\n|faint|p1a: Donphan\n|upkeep\n|\n|t:|1700507664\n|switch|p1a: Munkidori|Munkidori, M|100\/100\n|-damage|p1a: Munkidori|88\/100|[from] Stealth Rock\n|-sideend|p1: AttentivePeach|move: Toxic Spikes|[of] p1a: Munkidori\n|turn|5\n|\n|t:|1700507670\n|move|p1a: Munkidori|Fake Out|p2a: Glimmora\n|-resisted|p2a: Glimmora\n|-damage|p2a: Glimmora|0 fnt\n|-activate|p2a: Glimmora|ability: Toxic Debris\n|-sidestart|p1: AttentivePeach|move: Toxic Spikes\n|faint|p2a: Glimmora\n|\n|upkeep\n|\n|t:|1700507676\n|switch|p2a: Cyclizar|Cyclizar, F|38\/100\n|turn|6\n|\n|t:|1700507688\n|move|p2a: Cyclizar|Taunt|p1a: Munkidori\n|-start|p1a: Munkidori|move: Taunt\n|cant|p1a: Munkidori|move: Taunt|Parting Shot\n|\n|upkeep\n|turn|7\n|\n|t:|1700507695\n|switch|p2a: Dragapult|Dragapult, F, shiny|100\/100\n|switch|p1a: Garganacl|Garganacl, M|100\/100\n|-damage|p1a: Garganacl|88\/100|[from] Stealth Rock\n|\n|upkeep\n|turn|8\n|\n|t:|1700507706\n|switch|p2a: Cyclizar|Cyclizar, F|71\/100\n|move|p1a: Garganacl|Salt Cure|p2a: Cyclizar\n|-damage|p2a: Cyclizar|47\/100\n|-start|p2a: Cyclizar|Salt Cure\n|\n|-damage|p2a: Cyclizar|35\/100|[from] Salt Cure\n|upkeep\n|turn|9\n|\n|t:|1700507713\n|move|p2a: Cyclizar|Taunt|p1a: Garganacl\n|-start|p1a: Garganacl|move: Taunt\n|cant|p1a: Garganacl|move: Taunt|Curse\n|\n|-damage|p2a: Cyclizar|23\/100|[from] Salt Cure\n|upkeep\n|turn|10\n|\n|t:|1700507720\n|switch|p2a: Dragapult|Dragapult, F, shiny|100\/100\n|move|p1a: Garganacl|Salt Cure|p2a: Dragapult\n|-damage|p2a: Dragapult|81\/100\n|-start|p2a: Dragapult|Salt Cure\n|\n|-damage|p2a: Dragapult|68\/100|[from] Salt Cure\n|upkeep\n|turn|11\n|\n|t:|1700507732\n|move|p2a: Dragapult|Dragon Dance|p2a: Dragapult\n|-boost|p2a: Dragapult|atk|1\n|-boost|p2a: Dragapult|spe|1\n|move|p1a: Garganacl|Salt Cure|p2a: Dragapult\n|-damage|p2a: Dragapult|48\/100\n|\n|-damage|p2a: Dragapult|36\/100|[from] Salt Cure\n|-end|p1a: Garganacl|move: Taunt\n|upkeep\n|turn|12\n|\n|t:|1700507742\n|move|p2a: Dragapult|Dragon Darts|p1a: Garganacl\n|-damage|p1a: Garganacl|66\/100\n|-anim|p2a: Dragapult|Dragon Darts|p1a: Garganacl\n|-damage|p1a: Garganacl|45\/100\n|move|p1a: Garganacl|Recover|p1a: Garganacl\n|-heal|p1a: Garganacl|95\/100\n|\n|-damage|p2a: Dragapult|24\/100|[from] Salt Cure\n|upkeep\n|turn|13\n|inactive|Omega-122 has 120 seconds left.\n|\n|t:|1700507776\n|switch|p2a: Chien-Pao|Chien-Pao|100\/100\n|-ability|p2a: Chien-Pao|Sword of Ruin\n|move|p1a: Garganacl|Curse|p1a: Garganacl\n|-unboost|p1a: Garganacl|spe|1\n|-boost|p1a: Garganacl|atk|1\n|-boost|p1a: Garganacl|def|1\n|\n|upkeep\n|turn|14\n|\n|t:|1700507785\n|move|p2a: Chien-Pao|Sacred Sword|p1a: Garganacl\n|-supereffective|p1a: Garganacl\n|-damage|p1a: Garganacl|53\/100\n|-damage|p2a: Chien-Pao|84\/100|[from] item: Rocky Helmet|[of] p1a: Garganacl\n|move|p1a: Garganacl|Salt Cure|p2a: Chien-Pao\n|-supereffective|p2a: Chien-Pao\n|-damage|p2a: Chien-Pao|26\/100\n|-start|p2a: Chien-Pao|Salt Cure\n|\n|-damage|p2a: Chien-Pao|14\/100|[from] Salt Cure\n|upkeep\n|turn|15\n|\n|t:|1700507794\n|-terastallize|p1a: Garganacl|Ghost\n|move|p2a: Chien-Pao|Sacred Sword|p1a: Garganacl\n|-immune|p1a: Garganacl\n|move|p1a: Garganacl|Stealth Rock|p2a: Chien-Pao\n|-sidestart|p2: Omega-122|move: Stealth Rock\n|\n|-damage|p2a: Chien-Pao|1\/100|[from] Salt Cure\n|upkeep\n|turn|16\n|\n|t:|1700507803\n|move|p2a: Chien-Pao|Throat Chop|p1a: Garganacl\n|-supereffective|p1a: Garganacl\n|-damage|p1a: Garganacl|19\/100\n|-start|p1a: Garganacl|Throat Chop|[silent]\n|-damage|p2a: Chien-Pao|0 fnt|[from] item: Rocky Helmet|[of] p1a: Garganacl\n|faint|p2a: Chien-Pao\n|move|p1a: Garganacl|Recover|p1a: Garganacl\n|-heal|p1a: Garganacl|69\/100\n|\n|upkeep\n|\n|t:|1700507812\n|switch|p2a: Garganacl|Garganacl, M|100\/100\n|-damage|p2a: Garganacl|88\/100|[from] Stealth Rock\n|turn|17\n|\n|t:|1700507822\n|move|p2a: Garganacl|Iron Defense|p2a: Garganacl\n|-boost|p2a: Garganacl|def|2\n|move|p1a: Garganacl|Curse|p2a: Garganacl\n|-start|p2a: Garganacl|Curse|[of] p1a: Garganacl\n|-damage|p1a: Garganacl|19\/100\n|\n|-heal|p2a: Garganacl|94\/100|[from] item: Leftovers\n|-damage|p2a: Garganacl|69\/100|[from] Curse\n|-end|p1a: Garganacl|Throat Chop|[silent]\n|upkeep\n|turn|18\n|\n|t:|1700507834\n|move|p2a: Garganacl|Iron Head|p1a: Garganacl\n|-damage|p1a: Garganacl|12\/100\n|-damage|p2a: Garganacl|53\/100|[from] item: Rocky Helmet|[of] p1a: Garganacl\n|move|p1a: Garganacl|Recover|p1a: Garganacl\n|-heal|p1a: Garganacl|62\/100\n|\n|-heal|p2a: Garganacl|59\/100|[from] item: Leftovers\n|-damage|p2a: Garganacl|34\/100|[from] Curse\n|upkeep\n|turn|19\n|\n|t:|1700507843\n|move|p2a: Garganacl|Recover|p2a: Garganacl\n|-heal|p2a: Garganacl|84\/100\n|move|p1a: Garganacl|Recover|p1a: Garganacl\n|-heal|p1a: Garganacl|100\/100\n|\n|-heal|p2a: Garganacl|90\/100|[from] item: Leftovers\n|-damage|p2a: Garganacl|65\/100|[from] Curse\n|upkeep\n|turn|20\n|\n|t:|1700507852\n|move|p2a: Garganacl|Iron Head|p1a: Garganacl\n|-damage|p1a: Garganacl|94\/100\n|-damage|p2a: Garganacl|49\/100|[from] item: Rocky Helmet|[of] p1a: Garganacl\n|move|p1a: Garganacl|Salt Cure|p2a: Garganacl\n|-damage|p2a: Garganacl|40\/100\n|-start|p2a: Garganacl|Salt Cure\n|\n|-heal|p2a: Garganacl|47\/100|[from] item: Leftovers\n|-damage|p2a: Garganacl|22\/100|[from] Curse\n|-damage|p2a: Garganacl|9\/100|[from] Salt Cure\n|upkeep\n|turn|21\n|\n|t:|1700507864\n|move|p2a: Garganacl|Iron Head|p1a: Garganacl\n|-damage|p1a: Garganacl|88\/100\n|-damage|p2a: Garganacl|0 fnt|[from] item: Rocky Helmet|[of] p1a: Garganacl\n|faint|p2a: Garganacl\n|cant|p1a: Garganacl|flinch\n|\n|upkeep\n|\n|t:|1700507875\n|switch|p2a: Dragapult|Dragapult, F, shiny|24\/100\n|-damage|p2a: Dragapult|11\/100|[from] Stealth Rock\n|turn|22\n|\n|t:|1700507884\n|move|p2a: Dragapult|Phantom Force||[still]\n|-prepare|p2a: Dragapult|Phantom Force\n|move|p1a: Garganacl|Salt Cure|p2a: Dragapult|[miss]\n|-miss|p1a: Garganacl|p2a: Dragapult\n|\n|upkeep\n|turn|23\n|\n|t:|1700507888\n|move|p2a: Dragapult|Phantom Force|p1a: Garganacl|[from]lockedmove\n|-supereffective|p1a: Garganacl\n|-damage|p1a: Garganacl|71\/100\n|-damage|p2a: Dragapult|0 fnt|[from] item: Rocky Helmet|[of] p1a: Garganacl\n|faint|p2a: Dragapult\n|move|p1a: Garganacl|Salt Cure|p2: Dragapult|[notarget]\n|-fail|p1a: Garganacl\n|\n|upkeep\n|\n|t:|1700507898\n|switch|p2a: Calyrex|Calyrex-Shadow|100\/100\n|-ability|p2a: Calyrex|As One\n|-ability|p2a: Calyrex|Unnerve\n|-damage|p2a: Calyrex|88\/100|[from] Stealth Rock\n|turn|24\n|\n|t:|1700507907\n|move|p2a: Calyrex|Astral Barrage|p1a: Garganacl\n|-supereffective|p1a: Garganacl\n|-damage|p1a: Garganacl|0 fnt\n|faint|p1a: Garganacl\n|-ability|p2a: Calyrex|Grim Neigh|boost\n|-boost|p2a: Calyrex|spa|1\n|\n|upkeep\n|\n|t:|1700507912\n|switch|p1a: Munkidori|Munkidori, M|88\/100\n|-damage|p1a: Munkidori|76\/100|[from] Stealth Rock\n|-sideend|p1: AttentivePeach|move: Toxic Spikes|[of] p1a: Munkidori\n|turn|25\n|\n|t:|1700507919\n|move|p1a: Munkidori|Protect|p1a: Munkidori\n|-singleturn|p1a: Munkidori|Protect\n|move|p2a: Calyrex|Astral Barrage|p1a: Munkidori\n|-activate|p1a: Munkidori|move: Protect\n|\n|upkeep\n|turn|26\n|\n|t:|1700507927\n|move|p2a: Calyrex|Astral Barrage|p1a: Munkidori\n|-supereffective|p1a: Munkidori\n|-damage|p1a: Munkidori|0 fnt\n|faint|p1a: Munkidori\n|-ability|p2a: Calyrex|Grim Neigh|boost\n|-boost|p2a: Calyrex|spa|1\n|\n|upkeep\n|\n|t:|1700507931\n|switch|p1a: Blissey|Blissey, F|100\/100\n|-damage|p1a: Blissey|88\/100|[from] Stealth Rock\n|turn|27\n|\n|t:|1700507938\n|move|p2a: Calyrex|Giga Drain|p1a: Blissey\n|-damage|p1a: Blissey|62\/100\n|-heal|p2a: Calyrex|100\/100|[from] drain|[of] p1a: Blissey\n|move|p1a: Blissey|Thunder Wave|p2a: Calyrex\n|-status|p2a: Calyrex|par\n|\n|upkeep\n|turn|28\n|\n|t:|1700507954\n|switch|p2a: Cyclizar|Cyclizar, F|56\/100\n|-damage|p2a: Cyclizar|43\/100|[from] Stealth Rock\n|move|p1a: Blissey|Light Screen|p1a: Blissey\n|-sidestart|p1: AttentivePeach|move: Light Screen\n|\n|upkeep\n|turn|29\n|\n|t:|1700507962\n|move|p2a: Cyclizar|Taunt|p1a: Blissey\n|-start|p1a: Blissey|move: Taunt\n|cant|p1a: Blissey|move: Taunt|Thunder Wave\n|\n|upkeep\n|turn|30\n|\n|t:|1700507966\n|switch|p2a: Calyrex|Calyrex-Shadow|100\/100 par\n|-ability|p2a: Calyrex|As One\n|-ability|p2a: Calyrex|Unnerve\n|-damage|p2a: Calyrex|88\/100 par|[from] Stealth Rock\n|move|p1a: Blissey|Seismic Toss|p2a: Calyrex\n|-immune|p2a: Calyrex\n|\n|upkeep\n|turn|31\n|\n|t:|1700507979\n|switch|p1a: Indeedee|Indeedee, M|100\/100\n|-damage|p1a: Indeedee|88\/100|[from] Stealth Rock\n|-fieldstart|move: Psychic Terrain|[from] ability: Psychic Surge|[of] p1a: Indeedee\n|move|p2a: Calyrex|Calm Mind|p2a: Calyrex\n|-boost|p2a: Calyrex|spa|1\n|-boost|p2a: Calyrex|spd|1\n|\n|upkeep\n|turn|32\n|\n|t:|1700507995\n|move|p1a: Indeedee|Calm Mind|p1a: Indeedee\n|-boost|p1a: Indeedee|spa|1\n|-boost|p1a: Indeedee|spd|1\n|move|p2a: Calyrex|Giga Drain|p1a: Indeedee\n|-damage|p1a: Indeedee|64\/100\n|-heal|p2a: Calyrex|97\/100 par|[from] drain|[of] p1a: Indeedee\n|\n|-sideend|p1: AttentivePeach|move: Light Screen\n|upkeep\n|turn|33\n|\n|t:|1700508002\n|move|p1a: Indeedee|Calm Mind|p1a: Indeedee\n|-boost|p1a: Indeedee|spa|1\n|-boost|p1a: Indeedee|spd|1\n|move|p2a: Calyrex|Baton Pass|p2a: Calyrex\n|\n|t:|1700508006\n|switch|p2a: Cyclizar|Cyclizar, F|76\/100|[from] Baton Pass\n|-damage|p2a: Cyclizar|64\/100|[from] Stealth Rock\n|\n|upkeep\n|turn|34\n|\n|t:|1700508021\n|move|p2a: Cyclizar|Ice Spinner|p1a: Indeedee\n|-damage|p1a: Indeedee|17\/100\n|-fieldend|move: Psychic Terrain\n|move|p1a: Indeedee|Stored Power|p2a: Cyclizar\n|-damage|p2a: Cyclizar|0 fnt\n|faint|p2a: Cyclizar\n|\n|upkeep\n|\n|t:|1700508028\n|switch|p2a: Calyrex|Calyrex-Shadow|97\/100 par\n|-ability|p2a: Calyrex|As One\n|-ability|p2a: Calyrex|Unnerve\n|-damage|p2a: Calyrex|85\/100 par|[from] Stealth Rock\n|turn|35\n|\n|t:|1700508041\n|-terastallize|p2a: Calyrex|Dark\n|move|p1a: Indeedee|Draining Kiss|p2a: Calyrex\n|-supereffective|p2a: Calyrex\n|-damage|p2a: Calyrex|25\/100 par\n|-heal|p1a: Indeedee|76\/100|[from] drain|[of] p2a: Calyrex\n|move|p2a: Calyrex|Giga Drain|p1a: Indeedee\n|-damage|p1a: Indeedee|51\/100\n|-heal|p2a: Calyrex|35\/100 par|[from] drain|[of] p1a: Indeedee\n|\n|upkeep\n|turn|36\n|\n|t:|1700508050\n|move|p1a: Indeedee|Draining Kiss|p2a: Calyrex\n|-supereffective|p2a: Calyrex\n|-damage|p2a: Calyrex|0 fnt\n|-heal|p1a: Indeedee|84\/100|[from] drain|[of] p2a: Calyrex\n|faint|p2a: Calyrex\n|\n|win|AttentivePeach\n|raw|AttentivePeach's rating: 1287 &rarr; <strong>1318<\/strong><br \/>(+31 for winning)\n|raw|Omega-122's rating: 1368 &rarr; <strong>1343<\/strong><br \/>(-25 for losing)\n|l|\u2606Omega-122\n","uploadtime":1700508061,"views":6,"p1id":"attentivepeach","p2id":"omega122","formatid":"gen9anythinggoes","rating":1318,"private":0,"password":""}