{"id":"gen9anythinggoes-1984099471","p1":"adrireina","p2":"victorintre","format":"[Gen 9] Anything Goes","log":"|j|\u2606adrireina\n|j|\u2606victorintre\n|t:|1699218593\n|gametype|singles\n|player|p1|adrireina|youngn|\n|player|p2|victorintre|medium|\n|teamsize|p1|6\n|teamsize|p2|6\n|gen|9\n|tier|[Gen 9] Anything Goes\n|rule|HP Percentage Mod: HP is shown in percentages\n|rule|Endless Battle Clause: Forcing endless battles is banned\n|clearpoke\n|poke|p1|Gastrodon-East, F|\n|poke|p1|Clefable, F|\n|poke|p1|Sneasler, M|\n|poke|p1|Ceruledge, F|\n|poke|p1|Persian, M|\n|poke|p1|Corviknight, F|\n|poke|p2|Crocalor, F|\n|poke|p2|Regieleki|\n|poke|p2|Slowking-Galar, F|\n|poke|p2|Cryogonal|\n|poke|p2|Gliscor, F|\n|poke|p2|Baxcalibur, M|\n|teampreview\n|j| mimizukii\n|c|\u2606victorintre|Buena suerte :)\n|c|\u2606adrireina|Suerte!\n|inactive|Battle timer is ON: inactive players will automatically lose when time's up. (requested by adrireina)\n|\n|t:|1699218635\n|start\n|switch|p1a: Silvestre|Persian, M, shiny|100\/100\n|switch|p2a: Mago guarro|Slowking-Galar, F|100\/100\n|turn|1\n|inactive|victorintre has 270 seconds left.\n|\n|t:|1699218674\n|move|p1a: Silvestre|Knock Off|p2a: Mago guarro\n|-supereffective|p2a: Mago guarro\n|-damage|p2a: Mago guarro|31\/100\n|-enditem|p2a: Mago guarro|Leftovers|[from] move: Knock Off|[of] p1a: Silvestre\n|move|p2a: Mago guarro|Chilly Reception|p2a: Mago guarro\n|-weather|Snow\n|\n|t:|1699218681\n|switch|p2a: El ni\u00f1o|Gliscor, F|100\/100|[from] Chilly Reception\n|\n|-weather|Snow|[upkeep]\n|-status|p2a: El ni\u00f1o|tox|[from] item: Toxic Orb\n|upkeep\n|turn|2\n|inactive|victorintre has 270 seconds left.\n|\n|t:|1699218695\n|switch|p1a: Piolin|Corviknight, F, shiny|100\/100\n|-ability|p1a: Piolin|Pressure\n|move|p2a: El ni\u00f1o|Stealth Rock|p1a: Piolin\n|-sidestart|p1: adrireina|move: Stealth Rock\n|\n|-weather|Snow|[upkeep]\n|upkeep\n|turn|3\n|inactive|victorintre has 270 seconds left.\n|\n|t:|1699218704\n|move|p2a: El ni\u00f1o|Knock Off|p1a: Piolin\n|-damage|p1a: Piolin|88\/100\n|-damage|p2a: El ni\u00f1o|84\/100 tox|[from] item: Rocky Helmet|[of] p1a: Piolin\n|-enditem|p1a: Piolin|Rocky Helmet|[from] move: Knock Off|[of] p2a: El ni\u00f1o\n|move|p1a: Piolin|Iron Head|p2a: El ni\u00f1o\n|-damage|p2a: El ni\u00f1o|69\/100 tox\n|\n|-weather|Snow|[upkeep]\n|-heal|p2a: El ni\u00f1o|81\/100 tox|[from] ability: Poison Heal\n|upkeep\n|turn|4\n|inactive|victorintre has 270 seconds left.\n|\n|t:|1699218733\n|switch|p2a: Rayo mcqueen|Regieleki|100\/100\n|move|p1a: Piolin|Defog|p2a: Rayo mcqueen\n|-unboost|p2a: Rayo mcqueen|evasion|1\n|-sideend|p1: adrireina|Stealth Rock|[from] move: Defog|[of] p1a: Piolin\n|\n|-weather|Snow|[upkeep]\n|upkeep\n|turn|5\n|\n|t:|1699218746\n|switch|p2a: Hexagono asechante|Cryogonal|100\/100\n|switch|p1a: Cecilio tortuga|Gastrodon-East, F|100\/100\n|\n|-weather|none\n|upkeep\n|turn|6\n|\n|t:|1699218765\n|switch|p1a: Lola bunny|Ceruledge, F|100\/100\n|-terastallize|p2a: Hexagono asechante|Electric\n|move|p2a: Hexagono asechante|Freeze-Dry|p1a: Lola bunny\n|-resisted|p1a: Lola bunny\n|-damage|p1a: Lola bunny|89\/100\n|\n|upkeep\n|turn|7\n|\n|t:|1699218782\n|switch|p2a: El ni\u00f1o|Gliscor, F|81\/100 tox\n|move|p1a: Lola bunny|Bitter Blade|p2a: El ni\u00f1o\n|-damage|p2a: El ni\u00f1o|58\/100 tox\n|-heal|p1a: Lola bunny|100\/100|[from] drain|[of] p2a: El ni\u00f1o\n|\n|-heal|p2a: El ni\u00f1o|70\/100 tox|[from] ability: Poison Heal\n|upkeep\n|turn|8\n|inactive|victorintre has 270 seconds left.\n|inactive|adrireina has 270 seconds left.\n|\n|t:|1699218807\n|switch|p1a: Piolin|Corviknight, F, shiny|88\/100\n|-ability|p1a: Piolin|Pressure\n|move|p2a: El ni\u00f1o|Earthquake|p1a: Piolin\n|-immune|p1a: Piolin\n|\n|-heal|p2a: El ni\u00f1o|83\/100 tox|[from] ability: Poison Heal\n|upkeep\n|turn|9\n|inactive|adrireina has 270 seconds left.\n|inactive|victorintre has 240 seconds left.\n|\n|t:|1699218838\n|move|p2a: El ni\u00f1o|Stealth Rock|p1a: Piolin\n|-sidestart|p1: adrireina|move: Stealth Rock\n|move|p1a: Piolin|Iron Head|p2a: El ni\u00f1o\n|-damage|p2a: El ni\u00f1o|69\/100 tox\n|\n|-heal|p2a: El ni\u00f1o|81\/100 tox|[from] ability: Poison Heal\n|upkeep\n|turn|10\n|inactive|victorintre has 240 seconds left.\n|\n|t:|1699218855\n|move|p2a: El ni\u00f1o|Knock Off|p1a: Piolin\n|-damage|p1a: Piolin|80\/100\n|move|p1a: Piolin|Defog|p2a: El ni\u00f1o\n|-unboost|p2a: El ni\u00f1o|evasion|1\n|-sideend|p1: adrireina|Stealth Rock|[from] move: Defog|[of] p1a: Piolin\n|\n|-heal|p2a: El ni\u00f1o|94\/100 tox|[from] ability: Poison Heal\n|upkeep\n|turn|11\n|inactive|victorintre has 240 seconds left.\n|\n|t:|1699218866\n|move|p2a: El ni\u00f1o|Stealth Rock|p1a: Piolin\n|-sidestart|p1: adrireina|move: Stealth Rock\n|move|p1a: Piolin|Iron Head|p2a: El ni\u00f1o\n|-damage|p2a: El ni\u00f1o|78\/100 tox\n|\n|-heal|p2a: El ni\u00f1o|91\/100 tox|[from] ability: Poison Heal\n|upkeep\n|turn|12\n|\n|t:|1699218872\n|switch|p2a: Rayo mcqueen|Regieleki|100\/100\n|move|p1a: Piolin|Defog|p2a: Rayo mcqueen\n|-unboost|p2a: Rayo mcqueen|evasion|1\n|-sideend|p1: adrireina|Stealth Rock|[from] move: Defog|[of] p1a: Piolin\n|\n|upkeep\n|turn|13\n|\n|t:|1699218884\n|switch|p1a: Cecilio tortuga|Gastrodon-East, F|100\/100\n|move|p2a: Rayo mcqueen|Thunderbolt|p1a: Cecilio tortuga\n|-immune|p1a: Cecilio tortuga\n|\n|upkeep\n|turn|14\n|\n|t:|1699218891\n|switch|p2a: Hexagono asechante|Cryogonal, tera:Electric|100\/100\n|move|p1a: Cecilio tortuga|Spikes|p2a: Hexagono asechante\n|-sidestart|p2: victorintre|Spikes\n|\n|upkeep\n|turn|15\n|\n|t:|1699218902\n|switch|p1a: Lola bunny|Ceruledge, F|100\/100\n|move|p2a: Hexagono asechante|Tera Blast|p1a: Lola bunny|[anim] Tera Blast Electric\n|-damage|p1a: Lola bunny|73\/100\n|\n|upkeep\n|turn|16\n|\n|t:|1699218910\n|switch|p2a: El ni\u00f1o|Gliscor, F|91\/100 tox\n|move|p1a: Lola bunny|Bitter Blade|p2a: El ni\u00f1o\n|-damage|p2a: El ni\u00f1o|70\/100 tox\n|-heal|p1a: Lola bunny|83\/100|[from] drain|[of] p2a: El ni\u00f1o\n|\n|-heal|p2a: El ni\u00f1o|82\/100 tox|[from] ability: Poison Heal\n|upkeep\n|turn|17\n|\n|t:|1699218921\n|switch|p1a: Piolin|Corviknight, F, shiny|80\/100\n|-ability|p1a: Piolin|Pressure\n|move|p2a: El ni\u00f1o|Stealth Rock|p1a: Piolin\n|-sidestart|p1: adrireina|move: Stealth Rock\n|\n|-heal|p2a: El ni\u00f1o|95\/100 tox|[from] ability: Poison Heal\n|upkeep\n|turn|18\n|\n|t:|1699218938\n|move|p2a: El ni\u00f1o|Knock Off|p1a: Piolin\n|-damage|p1a: Piolin|72\/100\n|move|p1a: Piolin|Defog|p2a: El ni\u00f1o\n|-unboost|p2a: El ni\u00f1o|evasion|1\n|-sideend|p2: victorintre|Spikes|[from] move: Defog|[of] p1a: Piolin\n|-sideend|p1: adrireina|Stealth Rock|[from] move: Defog|[of] p1a: Piolin\n|\n|-heal|p2a: El ni\u00f1o|100\/100 tox|[from] ability: Poison Heal\n|upkeep\n|turn|19\n|c| mimizukii|\ud83d\udc41\ud83d\udc41\n|\n|t:|1699218950\n|switch|p2a: Mago guarro|Slowking-Galar, F|64\/100\n|move|p1a: Piolin|Iron Head|p2a: Mago guarro\n|-damage|p2a: Mago guarro|38\/100\n|\n|upkeep\n|turn|20\n|c|\u2606adrireina|esto huele a lento\n|\n|t:|1699218970\n|switch|p2a: El ni\u00f1o|Gliscor, F|100\/100 tox\n|move|p1a: Piolin|Brave Bird|p2a: El ni\u00f1o\n|-crit|p2a: El ni\u00f1o\n|-damage|p2a: El ni\u00f1o|69\/100 tox\n|-damage|p1a: Piolin|62\/100|[from] Recoil\n|\n|-heal|p2a: El ni\u00f1o|82\/100 tox|[from] ability: Poison Heal\n|upkeep\n|turn|21\n|c|\u2606victorintre|me voy a volver loco que lo tengo abierto en dos ventanas\n|c|\u2606victorintre|y suena doble y va to lento\n|\n|t:|1699219000\n|move|p2a: El ni\u00f1o|Stealth Rock|p1a: Piolin\n|-sidestart|p1: adrireina|move: Stealth Rock\n|move|p1a: Piolin|Iron Head|p2a: El ni\u00f1o\n|-damage|p2a: El ni\u00f1o|67\/100 tox\n|\n|-heal|p2a: El ni\u00f1o|79\/100 tox|[from] ability: Poison Heal\n|upkeep\n|turn|22\n|c|\u2606adrireina|hostia y no se puede quitar?\n|\n|t:|1699219014\n|switch|p2a: Mago guarro|Slowking-Galar, F|71\/100\n|move|p1a: Piolin|Defog|p2a: Mago guarro\n|-unboost|p2a: Mago guarro|evasion|1\n|-sideend|p1: adrireina|Stealth Rock|[from] move: Defog|[of] p1a: Piolin\n|\n|upkeep\n|turn|23\n|c|\u2606victorintre|me da miedo que me rinda automatico\n|inactive|victorintre has 240 seconds left.\n|c|\u2606adrireina|cierto\n|\n|t:|1699219039\n|move|p1a: Piolin|Iron Head|p2a: Mago guarro\n|-damage|p2a: Mago guarro|45\/100\n|move|p2a: Mago guarro|Flamethrower|p1a: Piolin\n|-supereffective|p1a: Piolin\n|-damage|p1a: Piolin|8\/100\n|\n|upkeep\n|turn|24\n|inactive|victorintre has 240 seconds left.\n|inactive|adrireina has 270 seconds left.\n|\n|t:|1699219054\n|move|p1a: Piolin|Roost|p1a: Piolin\n|-heal|p1a: Piolin|58\/100\n|-singleturn|p1a: Piolin|move: Roost\n|move|p2a: Mago guarro|Chilly Reception|p2a: Mago guarro\n|-weather|Snow\n|inactive|victorintre has 240 seconds left.\n|\n|t:|1699219063\n|switch|p2a: Hexagono asechante|Cryogonal, tera:Electric|100\/100|[from] Chilly Reception\n|\n|-weather|Snow|[upkeep]\n|upkeep\n|turn|25\n|inactive|adrireina has 270 seconds left.\n|\n|t:|1699219101\n|switch|p1a: Abuelita|Clefable, F, shiny|100\/100\n|move|p2a: Hexagono asechante|Aurora Veil|p2a: Hexagono asechante\n|-sidestart|p2: victorintre|move: Aurora Veil\n|\n|-weather|Snow|[upkeep]\n|upkeep\n|turn|26\n|inactive|victorintre has 240 seconds left.\n|\n|t:|1699219122\n|switch|p2a: Mago guarro|Slowking-Galar, F|79\/100\n|move|p1a: Abuelita|Stealth Rock|p2a: Mago guarro\n|-sidestart|p2: victorintre|move: Stealth Rock\n|\n|-weather|Snow|[upkeep]\n|upkeep\n|turn|27\n|inactive|adrireina has 240 seconds left.\n|\n|t:|1699219164\n|switch|p1a: Lola bunny|Ceruledge, F|83\/100\n|move|p2a: Mago guarro|Sludge Bomb|p1a: Lola bunny\n|-resisted|p1a: Lola bunny\n|-damage|p1a: Lola bunny|66\/100\n|\n|-weather|Snow|[upkeep]\n|upkeep\n|turn|28\n|\n|t:|1699219176\n|switch|p2a: El ni\u00f1o|Gliscor, F|79\/100 tox\n|-damage|p2a: El ni\u00f1o|67\/100 tox|[from] Stealth Rock\n|move|p1a: Lola bunny|Bitter Blade|p2a: El ni\u00f1o\n|-damage|p2a: El ni\u00f1o|56\/100 tox\n|-heal|p1a: Lola bunny|72\/100|[from] drain|[of] p2a: El ni\u00f1o\n|\n|-weather|none\n|-heal|p2a: El ni\u00f1o|68\/100 tox|[from] ability: Poison Heal\n|upkeep\n|turn|29\n|\n|t:|1699219191\n|switch|p1a: Piolin|Corviknight, F, shiny|58\/100\n|-ability|p1a: Piolin|Pressure\n|move|p2a: El ni\u00f1o|Stealth Rock|p1a: Piolin\n|-sidestart|p1: adrireina|move: Stealth Rock\n|\n|-heal|p2a: El ni\u00f1o|81\/100 tox|[from] ability: Poison Heal\n|-sideend|p2: victorintre|move: Aurora Veil\n|upkeep\n|turn|30\n|\n|t:|1699219205\n|move|p2a: El ni\u00f1o|Knock Off|p1a: Piolin\n|-damage|p1a: Piolin|50\/100\n|move|p1a: Piolin|Defog|p2a: El ni\u00f1o\n|-unboost|p2a: El ni\u00f1o|evasion|1\n|-sideend|p2: victorintre|Stealth Rock|[from] move: Defog|[of] p1a: Piolin\n|-sideend|p1: adrireina|Stealth Rock|[from] move: Defog|[of] p1a: Piolin\n|\n|-heal|p2a: El ni\u00f1o|93\/100 tox|[from] ability: Poison Heal\n|upkeep\n|turn|31\n|\n|t:|1699219214\n|switch|p2a: Mago guarro|Slowking-Galar, F|100\/100\n|move|p1a: Piolin|Roost|p1a: Piolin\n|-heal|p1a: Piolin|100\/100\n|-singleturn|p1a: Piolin|move: Roost\n|\n|upkeep\n|turn|32\n|inactive|adrireina has 210 seconds left.\n|inactive|adrireina has 180 seconds left.\n|\n|t:|1699219274\n|switch|p1a: Cecilio tortuga|Gastrodon-East, F|100\/100\n|move|p2a: Mago guarro|Psychic|p1a: Cecilio tortuga\n|-damage|p1a: Cecilio tortuga|73\/100\n|\n|-heal|p1a: Cecilio tortuga|79\/100|[from] item: Leftovers\n|upkeep\n|turn|33\n|inactive|adrireina has 180 seconds left.\n|\n|t:|1699219288\n|switch|p2a: Hexagono asechante|Cryogonal, tera:Electric|100\/100\n|move|p1a: Cecilio tortuga|Spikes|p2a: Hexagono asechante\n|-sidestart|p2: victorintre|Spikes\n|\n|-heal|p1a: Cecilio tortuga|85\/100|[from] item: Leftovers\n|upkeep\n|turn|34\n|inactive|adrireina has 180 seconds left.\n|\n|t:|1699219305\n|switch|p1a: Lola bunny|Ceruledge, F|72\/100\n|move|p2a: Hexagono asechante|Freeze-Dry|p1a: Lola bunny\n|-resisted|p1a: Lola bunny\n|-damage|p1a: Lola bunny|61\/100\n|\n|upkeep\n|turn|35\n|inactive|adrireina has 180 seconds left.\n|\n|t:|1699219312\n|switch|p2a: El ni\u00f1o|Gliscor, F|93\/100 tox\n|move|p1a: Lola bunny|Shadow Sneak|p2a: El ni\u00f1o\n|-damage|p2a: El ni\u00f1o|83\/100 tox\n|\n|-heal|p2a: El ni\u00f1o|95\/100 tox|[from] ability: Poison Heal\n|upkeep\n|turn|36\n|inactive|victorintre has 270 seconds left.\n|\n|t:|1699219319\n|switch|p1a: Piolin|Corviknight, F, shiny|100\/100\n|-ability|p1a: Piolin|Pressure\n|move|p2a: El ni\u00f1o|Stealth Rock|p1a: Piolin\n|-sidestart|p1: adrireina|move: Stealth Rock\n|\n|-heal|p2a: El ni\u00f1o|100\/100 tox|[from] ability: Poison Heal\n|upkeep\n|turn|37\n|inactive|victorintre has 270 seconds left.\n|\n|t:|1699219332\n|switch|p2a: Mago guarro|Slowking-Galar, F|100\/100\n|-damage|p2a: Mago guarro|88\/100|[from] Spikes\n|move|p1a: Piolin|Defog|p2a: Mago guarro\n|-unboost|p2a: Mago guarro|evasion|1\n|-sideend|p2: victorintre|Spikes|[from] move: Defog|[of] p1a: Piolin\n|-sideend|p1: adrireina|Stealth Rock|[from] move: Defog|[of] p1a: Piolin\n|\n|upkeep\n|turn|38\n|inactive|victorintre has 270 seconds left.\n|c|\u2606adrireina|!dt sludge bomb\n|raw|<ul class=\"utilichart\"><li class=\"result\"><span class=\"col movenamecol\"><a href=\"https:\/\/dex.pokemonshowdown.com\/moves\/sludgebomb\">Sludge Bomb<\/a><\/span> <span class=\"col typecol\"><img src=\"\/\/play.pokemonshowdown.com\/sprites\/types\/Poison.png\" alt=\"Poison\" width=\"32\" height=\"14\"><img src=\"\/\/play.pokemonshowdown.com\/sprites\/categories\/Special.png\" alt=\"Special\" width=\"32\" height=\"14\"><\/span> <span class=\"col labelcol\"><em>Power<\/em><br>90<\/span> <span class=\"col widelabelcol\"><em>Accuracy<\/em><br>100%<\/span> <span class=\"col pplabelcol\"><em>PP<\/em><br>16<\/span> <span class=\"col movedesccol\">30% chance to poison the target.<\/span> <\/li><li style=\"clear:both\"><\/li><\/ul>\n|raw|<font size=\"1\"><font color=\"#686868\">Priority:<\/font> 0&nbsp;|&ThickSpace;<font color=\"#686868\">Gen:<\/font> 2&nbsp;|&ThickSpace;&#10003; Boosted by Sheer Force&nbsp;|&ThickSpace;&#10003; Bullet&nbsp;|&ThickSpace;<font color=\"#686868\">Z-Power:<\/font> 175&nbsp;|&ThickSpace;<font color=\"#686868\">Dynamax Power:<\/font> 90&nbsp;|&ThickSpace;<font color=\"#686868\">Target:<\/font> One Adjacent Pok\u00e9mon<\/font>\n\n|inactive|adrireina has 180 seconds left.\n|\n|t:|1699219371\n|move|p1a: Piolin|Iron Head|p2a: Mago guarro\n|-damage|p2a: Mago guarro|64\/100\n|move|p2a: Mago guarro|Flamethrower|p1a: Piolin\n|-supereffective|p1a: Piolin\n|-damage|p1a: Piolin|50\/100\n|\n|upkeep\n|turn|39\n|inactive|victorintre has 240 seconds left.\n|\n|t:|1699219392\n|switch|p1a: Lola bunny|Ceruledge, F|61\/100\n|move|p2a: Mago guarro|Psychic|p1a: Lola bunny\n|-damage|p1a: Lola bunny|26\/100\n|-enditem|p1a: Lola bunny|Sitrus Berry|[eat]\n|-heal|p1a: Lola bunny|51\/100|[from] item: Sitrus Berry\n|\n|upkeep\n|turn|40\n|inactive|adrireina has 150 seconds left.\n|\n|t:|1699219410\n|switch|p2a: El ni\u00f1o|Gliscor, F|100\/100 tox\n|move|p1a: Lola bunny|Bitter Blade|p2a: El ni\u00f1o\n|-damage|p2a: El ni\u00f1o|78\/100 tox\n|-heal|p1a: Lola bunny|62\/100|[from] drain|[of] p2a: El ni\u00f1o\n|\n|-heal|p2a: El ni\u00f1o|91\/100 tox|[from] ability: Poison Heal\n|upkeep\n|turn|41\n|inactive|victorintre has 240 seconds left.\n|\n|t:|1699219430\n|switch|p1a: Piolin|Corviknight, F, shiny|50\/100\n|-ability|p1a: Piolin|Pressure\n|move|p2a: El ni\u00f1o|Knock Off|p1a: Piolin\n|-damage|p1a: Piolin|41\/100\n|\n|-heal|p2a: El ni\u00f1o|100\/100 tox|[from] ability: Poison Heal\n|upkeep\n|turn|42\n|inactive|victorintre has 240 seconds left.\n|\n|t:|1699219438\n|move|p2a: El ni\u00f1o|Stealth Rock|p1a: Piolin\n|-sidestart|p1: adrireina|move: Stealth Rock\n|move|p1a: Piolin|Roost|p1a: Piolin\n|-heal|p1a: Piolin|91\/100\n|-singleturn|p1a: Piolin|move: Roost\n|\n|upkeep\n|turn|43\n|\n|t:|1699219448\n|switch|p2a: Tortilla|Crocalor, F|100\/100\n|move|p1a: Piolin|Defog|p2a: Tortilla\n|-unboost|p2a: Tortilla|evasion|1\n|-sideend|p1: adrireina|Stealth Rock|[from] move: Defog|[of] p1a: Piolin\n|\n|upkeep\n|turn|44\n|inactive|adrireina has 180 seconds left.\n|inactive|victorintre has 240 seconds left.\n|inactive|adrireina has 150 seconds left.\n|\n|t:|1699219488\n|switch|p1a: Cecilio tortuga|Gastrodon-East, F|85\/100\n|move|p2a: Tortilla|Will-O-Wisp|p1a: Cecilio tortuga|[miss]\n|-miss|p2a: Tortilla|p1a: Cecilio tortuga\n|\n|-heal|p1a: Cecilio tortuga|91\/100|[from] item: Leftovers\n|upkeep\n|turn|45\n|inactive|victorintre has 240 seconds left.\n|\n|t:|1699219498\n|switch|p2a: Hexagono asechante|Cryogonal, tera:Electric|100\/100\n|switch|p1a: Lola bunny|Ceruledge, F|62\/100\n|\n|upkeep\n|turn|46\n|inactive|victorintre has 240 seconds left.\n|\n|t:|1699219505\n|switch|p2a: El ni\u00f1o|Gliscor, F|100\/100 tox\n|move|p1a: Lola bunny|Bitter Blade|p2a: El ni\u00f1o\n|-damage|p2a: El ni\u00f1o|76\/100 tox\n|-heal|p1a: Lola bunny|74\/100|[from] drain|[of] p2a: El ni\u00f1o\n|\n|-heal|p2a: El ni\u00f1o|88\/100 tox|[from] ability: Poison Heal\n|upkeep\n|turn|47\n|\n|t:|1699219513\n|switch|p1a: Piolin|Corviknight, F, shiny|91\/100\n|-ability|p1a: Piolin|Pressure\n|move|p2a: El ni\u00f1o|Stealth Rock|p1a: Piolin\n|-sidestart|p1: adrireina|move: Stealth Rock\n|\n|-heal|p2a: El ni\u00f1o|100\/100 tox|[from] ability: Poison Heal\n|upkeep\n|turn|48\n|\n|t:|1699219525\n|switch|p2a: Mago guarro|Slowking-Galar, F|98\/100\n|move|p1a: Piolin|Defog|p2a: Mago guarro\n|-unboost|p2a: Mago guarro|evasion|1\n|-sideend|p1: adrireina|Stealth Rock|[from] move: Defog|[of] p1a: Piolin\n|\n|upkeep\n|turn|49\n|\n|t:|1699219534\n|switch|p1a: Cecilio tortuga|Gastrodon-East, F|91\/100\n|move|p2a: Mago guarro|Chilly Reception|p2a: Mago guarro\n|-weather|Snow\n|\n|t:|1699219540\n|switch|p2a: Hexagono asechante|Cryogonal, tera:Electric|100\/100|[from] Chilly Reception\n|\n|-weather|Snow|[upkeep]\n|-heal|p1a: Cecilio tortuga|97\/100|[from] item: Leftovers\n|upkeep\n|turn|50\n|\n|t:|1699219550\n|switch|p1a: Abuelita|Clefable, F, shiny|100\/100\n|move|p2a: Hexagono asechante|Aurora Veil|p2a: Hexagono asechante\n|-sidestart|p2: victorintre|move: Aurora Veil\n|\n|-weather|Snow|[upkeep]\n|upkeep\n|turn|51\n|\n|t:|1699219564\n|switch|p2a: Mago guarro|Slowking-Galar, F|100\/100\n|move|p1a: Abuelita|Stealth Rock|p2a: Mago guarro\n|-sidestart|p2: victorintre|move: Stealth Rock\n|\n|-weather|Snow|[upkeep]\n|upkeep\n|turn|52\n|inactive|adrireina has 180 seconds left.\n|\n|t:|1699219593\n|move|p1a: Abuelita|Wish|p1a: Abuelita\n|move|p2a: Mago guarro|Flamethrower|p1a: Abuelita\n|-damage|p1a: Abuelita|75\/100\n|\n|-weather|Snow|[upkeep]\n|-heal|p1a: Abuelita|81\/100|[from] item: Leftovers\n|upkeep\n|turn|53\n|inactive|adrireina has 180 seconds left.\n|\n|t:|1699219607\n|move|p1a: Abuelita|Psychic|p2a: Mago guarro\n|-damage|p2a: Mago guarro|93\/100\n|-unboost|p2a: Mago guarro|spd|1\n|move|p2a: Mago guarro|Sludge Bomb|p1a: Abuelita\n|-supereffective|p1a: Abuelita\n|-damage|p1a: Abuelita|3\/100\n|-status|p1a: Abuelita|psn\n|\n|-weather|none\n|-heal|p1a: Abuelita|53\/100 psn|[from] move: Wish|[wisher] Abuelita\n|-heal|p1a: Abuelita|59\/100 psn|[from] item: Leftovers\n|-damage|p1a: Abuelita|46\/100 psn|[from] psn\n|upkeep\n|turn|54\n|inactive|adrireina has 180 seconds left.\n|c| mimizukii|:o\n|inactive|victorintre has 240 seconds left.\n|\n|t:|1699219640\n|switch|p1a: Lola bunny|Ceruledge, F|74\/100\n|move|p2a: Mago guarro|Flamethrower|p1a: Lola bunny\n|-resisted|p1a: Lola bunny\n|-damage|p1a: Lola bunny|63\/100\n|\n|-sideend|p2: victorintre|move: Aurora Veil\n|upkeep\n|turn|55\n|inactive|adrireina has 180 seconds left.\n|c|\u2606adrireina|Jugada decisiva despu\u00e9s de 54 turnos\n|\n|t:|1699219652\n|switch|p2a: El ni\u00f1o|Gliscor, F|100\/100 tox\n|-damage|p2a: El ni\u00f1o|88\/100 tox|[from] Stealth Rock\n|move|p1a: Lola bunny|Shadow Sneak|p2a: El ni\u00f1o\n|-damage|p2a: El ni\u00f1o|78\/100 tox\n|\n|-heal|p2a: El ni\u00f1o|90\/100 tox|[from] ability: Poison Heal\n|upkeep\n|turn|56\n|inactive|victorintre has 240 seconds left.\n|\n|t:|1699219660\n|switch|p1a: Piolin|Corviknight, F, shiny|91\/100\n|-ability|p1a: Piolin|Pressure\n|move|p2a: El ni\u00f1o|Stealth Rock|p1a: Piolin\n|-sidestart|p1: adrireina|move: Stealth Rock\n|\n|-heal|p2a: El ni\u00f1o|100\/100 tox|[from] ability: Poison Heal\n|upkeep\n|turn|57\n|inactive|victorintre has 240 seconds left.\n|\n|t:|1699219692\n|move|p2a: El ni\u00f1o|Protect|p2a: El ni\u00f1o\n|-singleturn|p2a: El ni\u00f1o|Protect\n|move|p1a: Piolin|Defog|p2a: El ni\u00f1o\n|-activate|p2a: El ni\u00f1o|move: Protect\n|\n|upkeep\n|turn|58\n|\n|t:|1699219710\n|switch|p2a: Hexagono asechante|Cryogonal, tera:Electric|100\/100\n|move|p1a: Piolin|Defog|p2a: Hexagono asechante\n|-unboost|p2a: Hexagono asechante|evasion|1\n|-sideend|p2: victorintre|Stealth Rock|[from] move: Defog|[of] p1a: Piolin\n|-sideend|p1: adrireina|Stealth Rock|[from] move: Defog|[of] p1a: Piolin\n|\n|upkeep\n|turn|59\n|inactive|adrireina has 180 seconds left.\n|\n|t:|1699219737\n|switch|p1a: Bugs bunny|Sneasler, M, shiny|100\/100\n|move|p2a: Hexagono asechante|Tera Blast|p1a: Bugs bunny|[anim] Tera Blast Electric\n|-damage|p1a: Bugs bunny|56\/100\n|\n|upkeep\n|turn|60\n|inactive|adrireina has 180 seconds left.\n|\n|t:|1699219754\n|switch|p2a: El ni\u00f1o|Gliscor, F|100\/100 tox\n|move|p1a: Bugs bunny|Close Combat|p2a: El ni\u00f1o\n|-resisted|p2a: El ni\u00f1o\n|-damage|p2a: El ni\u00f1o|80\/100 tox\n|-unboost|p1a: Bugs bunny|def|1\n|-unboost|p1a: Bugs bunny|spd|1\n|-enditem|p1a: Bugs bunny|White Herb\n|-clearnegativeboost|p1a: Bugs bunny|[silent]\n|\n|-heal|p2a: El ni\u00f1o|92\/100 tox|[from] ability: Poison Heal\n|upkeep\n|turn|61\n|j| pepitodechocolate\n|inactive|adrireina has 180 seconds left.\n|\n|t:|1699219770\n|move|p1a: Bugs bunny|U-turn|p2a: El ni\u00f1o\n|-resisted|p2a: El ni\u00f1o\n|-damage|p2a: El ni\u00f1o|84\/100 tox\n|inactive|adrireina has 180 seconds left.\n|c|\u2606adrireina|El se\u00f1or pepitodechocolate esta de vuelta\n|j| exllevi\n|\n|t:|1699219782\n|switch|p1a: Piolin|Corviknight, F, shiny|91\/100|[from] U-turn\n|-ability|p1a: Piolin|Pressure\n|move|p2a: El ni\u00f1o|Earthquake|p1a: Piolin\n|-immune|p1a: Piolin\n|\n|-heal|p2a: El ni\u00f1o|97\/100 tox|[from] ability: Poison Heal\n|upkeep\n|turn|62\n|c| pepitodechocolate|JAJAAJAJJAAJ\n|c| pepitodechocolate|nunca se fue\n|inactive|adrireina has 180 seconds left.\n|\n|t:|1699219795\n|move|p2a: El ni\u00f1o|Stealth Rock|p1a: Piolin\n|-sidestart|p1: adrireina|move: Stealth Rock\n|move|p1a: Piolin|Iron Head|p2a: El ni\u00f1o\n|-damage|p2a: El ni\u00f1o|83\/100 tox\n|\n|-heal|p2a: El ni\u00f1o|95\/100 tox|[from] ability: Poison Heal\n|upkeep\n|turn|63\n|inactive|adrireina has 180 seconds left.\n|c|\u2606adrireina|El se\u00f1or exllevi tambien por aqui\n|\n|t:|1699219812\n|switch|p2a: Mago guarro|Slowking-Galar, F|100\/100\n|move|p1a: Piolin|Brave Bird|p2a: Mago guarro\n|-damage|p2a: Mago guarro|62\/100\n|-damage|p1a: Piolin|79\/100|[from] Recoil\n|\n|upkeep\n|turn|64\n|c| exllevi|Hostia hermano\n|c| exllevi|63 turnos\n|\n|t:|1699219828\n|switch|p1a: Cecilio tortuga|Gastrodon-East, F|97\/100\n|-damage|p1a: Cecilio tortuga|91\/100|[from] Stealth Rock\n|move|p2a: Mago guarro|Chilly Reception|p2a: Mago guarro\n|-weather|Snow\n|l| exllevi\n|j| exllevi\n|\n|t:|1699219834\n|switch|p2a: Hexagono asechante|Cryogonal, tera:Electric|100\/100|[from] Chilly Reception\n|\n|-weather|Snow|[upkeep]\n|-heal|p1a: Cecilio tortuga|97\/100|[from] item: Leftovers\n|upkeep\n|turn|65\n|inactive|adrireina has 180 seconds left.\n|c| exllevi|Sin kills\n|c| exllevi|Vaya locura\n|c| mimizukii|Si es sjsjajajsjaja\n|c|\u2606victorintre|hoy no ceno\n|inactive|adrireina has 150 seconds left.\n|c|\u2606adrireina|Se acab\u00f3 :(\n|c|\u2606adrireina|Aqui pierdo uno\n|\n|t:|1699219885\n|switch|p1a: Abuelita|Clefable, F, shiny|46\/100 psn\n|-damage|p1a: Abuelita|34\/100 psn|[from] Stealth Rock\n|move|p2a: Hexagono asechante|Freeze-Dry|p1a: Abuelita\n|-damage|p1a: Abuelita|11\/100 psn\n|\n|-weather|Snow|[upkeep]\n|-heal|p1a: Abuelita|17\/100 psn|[from] item: Leftovers\n|-damage|p1a: Abuelita|5\/100 psn|[from] psn\n|upkeep\n|turn|66\n|\n|t:|1699219899\n|move|p2a: Hexagono asechante|Freeze-Dry|p1a: Abuelita\n|-damage|p1a: Abuelita|0 fnt\n|faint|p1a: Abuelita\n|\n|-weather|Snow|[upkeep]\n|upkeep\n|\n|t:|1699219901\n|switch|p1a: Piolin|Corviknight, F, shiny|79\/100\n|-damage|p1a: Piolin|67\/100|[from] Stealth Rock\n|-ability|p1a: Piolin|Pressure\n|turn|67\n|\n|t:|1699219908\n|move|p2a: Hexagono asechante|Aurora Veil|p2a: Hexagono asechante\n|-sidestart|p2: victorintre|move: Aurora Veil\n|move|p1a: Piolin|Roost|p1a: Piolin\n|-heal|p1a: Piolin|100\/100\n|-singleturn|p1a: Piolin|move: Roost\n|\n|-weather|Snow|[upkeep]\n|upkeep\n|turn|68\n|\n|t:|1699219915\n|switch|p2a: Mago guarro|Slowking-Galar, F|95\/100\n|move|p1a: Piolin|Defog|p2a: Mago guarro\n|-unboost|p2a: Mago guarro|evasion|1\n|-sideend|p2: victorintre|move: Aurora Veil\n|-sideend|p1: adrireina|Stealth Rock|[from] move: Defog|[of] p1a: Piolin\n|\n|-weather|none\n|upkeep\n|turn|69\n|inactive|victorintre has 240 seconds left.\n|\n|t:|1699219925\n|switch|p1a: Lola bunny|Ceruledge, F|63\/100\n|move|p2a: Mago guarro|Flamethrower|p1a: Lola bunny\n|-resisted|p1a: Lola bunny\n|-damage|p1a: Lola bunny|52\/100\n|\n|upkeep\n|turn|70\n|inactive|victorintre has 240 seconds left.\n|\n|t:|1699219937\n|switch|p1a: Silvestre|Persian, M, shiny|100\/100\n|switch|p2a: El ni\u00f1o|Gliscor, F|95\/100 tox\n|\n|-heal|p2a: El ni\u00f1o|100\/100 tox|[from] ability: Poison Heal\n|upkeep\n|turn|71\n|inactive|victorintre has 240 seconds left.\n|\n|t:|1699219955\n|move|p1a: Silvestre|U-turn|p2a: El ni\u00f1o\n|-resisted|p2a: El ni\u00f1o\n|-damage|p2a: El ni\u00f1o|94\/100 tox\n|\n|t:|1699219959\n|switch|p1a: Piolin|Corviknight, F, shiny|100\/100|[from] U-turn\n|-ability|p1a: Piolin|Pressure\n|move|p2a: El ni\u00f1o|Knock Off|p1a: Piolin\n|-damage|p1a: Piolin|92\/100\n|\n|-heal|p2a: El ni\u00f1o|100\/100 tox|[from] ability: Poison Heal\n|upkeep\n|turn|72\n|j| Last Fortune\n|inactive|victorintre has 240 seconds left.\n|\n|t:|1699219977\n|switch|p2a: Tortilla|Crocalor, F|100\/100\n|move|p1a: Piolin|Iron Head|p2a: Tortilla\n|-resisted|p2a: Tortilla\n|-damage|p2a: Tortilla|93\/100\n|\n|upkeep\n|turn|73\n|\n|t:|1699219985\n|switch|p1a: Lola bunny|Ceruledge, F|52\/100\n|move|p2a: Tortilla|Overheat|p1a: Lola bunny\n|-resisted|p1a: Lola bunny\n|-damage|p1a: Lola bunny|34\/100\n|-unboost|p2a: Tortilla|spa|2\n|\n|upkeep\n|turn|74\n|l| Last Fortune\n|\n|t:|1699220000\n|switch|p2a: El ni\u00f1o|Gliscor, F|100\/100 tox\n|move|p1a: Lola bunny|Bitter Blade|p2a: El ni\u00f1o\n|-damage|p2a: El ni\u00f1o|78\/100 tox\n|-heal|p1a: Lola bunny|45\/100|[from] drain|[of] p2a: El ni\u00f1o\n|\n|-heal|p2a: El ni\u00f1o|90\/100 tox|[from] ability: Poison Heal\n|upkeep\n|turn|75\n|\n|t:|1699220017\n|switch|p1a: Piolin|Corviknight, F, shiny|92\/100\n|-ability|p1a: Piolin|Pressure\n|move|p2a: El ni\u00f1o|Stealth Rock|p1a: Piolin\n|-sidestart|p1: adrireina|move: Stealth Rock\n|\n|-heal|p2a: El ni\u00f1o|100\/100 tox|[from] ability: Poison Heal\n|upkeep\n|turn|76\n|l| exllevi\n|\n|t:|1699220030\n|switch|p2a: Mago guarro|Slowking-Galar, F|100\/100\n|move|p1a: Piolin|Defog|p2a: Mago guarro\n|-unboost|p2a: Mago guarro|evasion|1\n|-sideend|p1: adrireina|Stealth Rock|[from] move: Defog|[of] p1a: Piolin\n|\n|upkeep\n|turn|77\n|\n|t:|1699220040\n|move|p1a: Piolin|Iron Head|p2a: Mago guarro\n|-damage|p2a: Mago guarro|76\/100\n|move|p2a: Mago guarro|Psychic|p1a: Piolin\n|-resisted|p1a: Piolin\n|-damage|p1a: Piolin|70\/100\n|\n|upkeep\n|turn|78\n|\n|t:|1699220047\n|move|p1a: Piolin|Iron Head|p2a: Mago guarro\n|-damage|p2a: Mago guarro|52\/100\n|move|p2a: Mago guarro|Flamethrower|p1a: Piolin\n|-supereffective|p1a: Piolin\n|-damage|p1a: Piolin|15\/100\n|\n|upkeep\n|turn|79\n|inactive|adrireina has 180 seconds left.\n|\n|t:|1699220073\n|switch|p1a: Silvestre|Persian, M, shiny|100\/100\n|move|p2a: Mago guarro|Psychic|p1a: Silvestre\n|-damage|p1a: Silvestre|28\/100\n|\n|upkeep\n|turn|80\n|\n|t:|1699220082\n|switch|p2a: El ni\u00f1o|Gliscor, F|100\/100 tox\n|move|p1a: Silvestre|U-turn|p2a: El ni\u00f1o\n|-resisted|p2a: El ni\u00f1o\n|-damage|p2a: El ni\u00f1o|93\/100 tox\n|\n|t:|1699220084\n|switch|p1a: Piolin|Corviknight, F, shiny|15\/100|[from] U-turn\n|-ability|p1a: Piolin|Pressure\n|\n|-heal|p2a: El ni\u00f1o|100\/100 tox|[from] ability: Poison Heal\n|upkeep\n|turn|81\n|\n|t:|1699220092\n|switch|p2a: Mago guarro|Slowking-Galar, F|86\/100\n|move|p1a: Piolin|Roost|p1a: Piolin\n|-heal|p1a: Piolin|65\/100\n|-singleturn|p1a: Piolin|move: Roost\n|\n|upkeep\n|turn|82\n|\n|t:|1699220099\n|switch|p1a: Lola bunny|Ceruledge, F|45\/100\n|move|p2a: Mago guarro|Flamethrower|p1a: Lola bunny\n|-resisted|p1a: Lola bunny\n|-damage|p1a: Lola bunny|33\/100\n|\n|upkeep\n|turn|83\n|inactive|adrireina has 180 seconds left.\n|\n|t:|1699220123\n|switch|p1a: Cecilio tortuga|Gastrodon-East, F|97\/100\n|switch|p2a: El ni\u00f1o|Gliscor, F|100\/100 tox\n|\n|-heal|p1a: Cecilio tortuga|100\/100|[from] item: Leftovers\n|upkeep\n|turn|84\n|inactive|adrireina has 180 seconds left.\n|\n|t:|1699220139\n|switch|p2a: Hexagono asechante|Cryogonal, tera:Electric|100\/100\n|move|p1a: Cecilio tortuga|Ice Beam|p2a: Hexagono asechante\n|-damage|p2a: Hexagono asechante|88\/100\n|\n|upkeep\n|turn|85\n|inactive|adrireina has 180 seconds left.\n|inactive|adrireina has 150 seconds left.\n|\n|t:|1699220176\n|switch|p1a: Piolin|Corviknight, F, shiny|65\/100\n|-ability|p1a: Piolin|Pressure\n|move|p2a: Hexagono asechante|Tera Blast|p1a: Piolin|[anim] Tera Blast Electric\n|-supereffective|p1a: Piolin\n|-damage|p1a: Piolin|6\/100\n|\n|upkeep\n|turn|86\n|inactive|adrireina has 150 seconds left.\n|c|\u2606adrireina|Muy buena esa\n|\n|t:|1699220189\n|move|p2a: Hexagono asechante|Freeze-Dry|p1a: Piolin\n|-damage|p1a: Piolin|0 fnt\n|faint|p1a: Piolin\n|\n|upkeep\n|\n|t:|1699220193\n|switch|p1a: Bugs bunny|Sneasler, M, shiny|56\/100\n|turn|87\n|\n|t:|1699220197\n|switch|p2a: El ni\u00f1o|Gliscor, F|100\/100 tox\n|move|p1a: Bugs bunny|Dire Claw|p2a: El ni\u00f1o\n|-resisted|p2a: El ni\u00f1o\n|-damage|p2a: El ni\u00f1o|87\/100 tox\n|\n|-heal|p2a: El ni\u00f1o|99\/100 tox|[from] ability: Poison Heal\n|upkeep\n|turn|88\n|\n|t:|1699220205\n|move|p1a: Bugs bunny|U-turn|p2a: El ni\u00f1o\n|-resisted|p2a: El ni\u00f1o\n|-damage|p2a: El ni\u00f1o|91\/100 tox\n|\n|t:|1699220207\n|switch|p1a: Cecilio tortuga|Gastrodon-East, F|100\/100|[from] U-turn\n|move|p2a: El ni\u00f1o|Earthquake|p1a: Cecilio tortuga\n|-damage|p1a: Cecilio tortuga|62\/100\n|\n|-heal|p1a: Cecilio tortuga|69\/100|[from] item: Leftovers\n|-heal|p2a: El ni\u00f1o|100\/100 tox|[from] ability: Poison Heal\n|upkeep\n|turn|89\n|inactive|adrireina has 180 seconds left.\n|\n|t:|1699220224\n|switch|p2a: Hexagono asechante|Cryogonal, tera:Electric|88\/100\n|switch|p1a: Silvestre|Persian, M, shiny|28\/100\n|\n|upkeep\n|turn|90\n|\n|t:|1699220231\n|switch|p2a: El ni\u00f1o|Gliscor, F|100\/100 tox\n|move|p1a: Silvestre|Knock Off|p2a: El ni\u00f1o\n|-crit|p2a: El ni\u00f1o\n|-damage|p2a: El ni\u00f1o|69\/100 tox\n|-enditem|p2a: El ni\u00f1o|Toxic Orb|[from] move: Knock Off|[of] p1a: Silvestre\n|\n|-heal|p2a: El ni\u00f1o|81\/100 tox|[from] ability: Poison Heal\n|upkeep\n|turn|91\n|\n|t:|1699220241\n|switch|p1a: Cecilio tortuga|Gastrodon-East, F|69\/100\n|move|p2a: El ni\u00f1o|Earthquake|p1a: Cecilio tortuga\n|-damage|p1a: Cecilio tortuga|35\/100\n|\n|-heal|p1a: Cecilio tortuga|41\/100|[from] item: Leftovers\n|-heal|p2a: El ni\u00f1o|94\/100 tox|[from] ability: Poison Heal\n|upkeep\n|turn|92\n|inactive|adrireina has 180 seconds left.\n|\n|t:|1699220259\n|switch|p2a: Hexagono asechante|Cryogonal, tera:Electric|88\/100\n|switch|p1a: Lola bunny|Ceruledge, F|33\/100\n|\n|upkeep\n|turn|93\n|inactive|adrireina has 180 seconds left.\n|\n|t:|1699220274\n|switch|p2a: El ni\u00f1o|Gliscor, F|94\/100 tox\n|switch|p1a: Bugs bunny|Sneasler, M, shiny|56\/100\n|\n|-heal|p2a: El ni\u00f1o|100\/100 tox|[from] ability: Poison Heal\n|upkeep\n|turn|94\n|\n|t:|1699220282\n|move|p1a: Bugs bunny|Rock Slide|p2a: El ni\u00f1o\n|-damage|p2a: El ni\u00f1o|82\/100 tox\n|cant|p2a: El ni\u00f1o|flinch\n|\n|-heal|p2a: El ni\u00f1o|95\/100 tox|[from] ability: Poison Heal\n|upkeep\n|turn|95\n|inactive|adrireina has 180 seconds left.\n|\n|t:|1699220303\n|move|p1a: Bugs bunny|Rock Slide|p2a: El ni\u00f1o\n|-damage|p2a: El ni\u00f1o|79\/100 tox\n|move|p2a: El ni\u00f1o|Earthquake|p1a: Bugs bunny\n|-supereffective|p1a: Bugs bunny\n|-damage|p1a: Bugs bunny|0 fnt\n|faint|p1a: Bugs bunny\n|\n|-heal|p2a: El ni\u00f1o|91\/100 tox|[from] ability: Poison Heal\n|upkeep\n|\n|t:|1699220310\n|switch|p1a: Silvestre|Persian, M, shiny|28\/100\n|turn|96\n|\n|t:|1699220313\n|move|p1a: Silvestre|Switcheroo|p2a: El ni\u00f1o\n|-activate|p1a: Silvestre|move: Trick|[of] p2a: El ni\u00f1o\n|-item|p2a: El ni\u00f1o|Choice Band|[from] move: Switcheroo\n|-enditem|p1a: Silvestre|Choice Band|[silent]|[from] move: Switcheroo\n|move|p2a: El ni\u00f1o|Earthquake|p1a: Silvestre\n|-damage|p1a: Silvestre|0 fnt\n|faint|p1a: Silvestre\n|\n|-heal|p2a: El ni\u00f1o|100\/100 tox|[from] ability: Poison Heal\n|upkeep\n|\n|t:|1699220318\n|switch|p1a: Cecilio tortuga|Gastrodon-East, F|41\/100\n|turn|97\n|j| lelouchviteselia\n|\n|t:|1699220324\n|move|p2a: El ni\u00f1o|Earthquake|p1a: Cecilio tortuga\n|-damage|p1a: Cecilio tortuga|0 fnt\n|faint|p1a: Cecilio tortuga\n|\n|upkeep\n|\n|t:|1699220327\n|switch|p1a: Lola bunny|Ceruledge, F|33\/100\n|turn|98\n|\n|t:|1699220329\n|move|p1a: Lola bunny|Endure|p1a: Lola bunny\n|-singleturn|p1a: Lola bunny|move: Endure\n|move|p2a: El ni\u00f1o|Earthquake|p1a: Lola bunny\n|-supereffective|p1a: Lola bunny\n|-activate|p1a: Lola bunny|move: Endure\n|-damage|p1a: Lola bunny|1\/100\n|-ability|p1a: Lola bunny|Weak Armor|boost\n|-unboost|p1a: Lola bunny|def|1\n|-boost|p1a: Lola bunny|spe|2\n|\n|upkeep\n|turn|99\n|\n|t:|1699220338\n|move|p1a: Lola bunny|Bitter Blade|p2a: El ni\u00f1o\n|-damage|p2a: El ni\u00f1o|78\/100 tox\n|-heal|p1a: Lola bunny|12\/100|[from] drain|[of] p2a: El ni\u00f1o\n|move|p2a: El ni\u00f1o|Earthquake|p1a: Lola bunny\n|-supereffective|p1a: Lola bunny\n|-damage|p1a: Lola bunny|0 fnt\n|faint|p1a: Lola bunny\n|\n|win|victorintre\n|c|\u2606adrireina|Gg\n|c|\u2606victorintre|bien jugado y lo siento\n|c|\u2606victorintre|por este equpo que he traido\n","uploadtime":1699220363,"views":20,"p1id":"adrireina","p2id":"victorintre","formatid":"gen9anythinggoes","rating":0,"private":0,"password":""}