{"id":"gen9anythinggoes-1972079945","p1":"TeamRcketBlastnOff","p2":"TonyTheTigerRocks","format":"[Gen 9] Anything Goes","log":"|j|\u2606TeamRcketBlastnOff\n|j|\u2606TonyTheTigerRocks\n|t:|1697811118\n|gametype|singles\n|player|p1|TeamRcketBlastnOff|teamrocket|1168\n|player|p2|TonyTheTigerRocks|265|1248\n|teamsize|p1|6\n|teamsize|p2|6\n|gen|9\n|tier|[Gen 9] Anything Goes\n|rated|\n|rule|HP Percentage Mod: HP is shown in percentages\n|rule|Endless Battle Clause: Forcing endless battles is banned\n|clearpoke\n|poke|p1|Iron Thorns|\n|poke|p1|Breloom, M|\n|poke|p1|Baxcalibur, M|\n|poke|p1|Scizor, M|\n|poke|p1|Volcarona, M|\n|poke|p1|Grafaiai, M|\n|poke|p2|Chien-Pao|\n|poke|p2|Scream Tail|\n|poke|p2|Gliscor, F|\n|poke|p2|Urshifu-*, F|\n|poke|p2|Landorus-Therian, M|\n|poke|p2|Ceruledge, F|\n|teampreview\n|\n|t:|1697811123\n|start\n|switch|p1a: Grafaiai|Grafaiai, M|100\/100\n|switch|p2a: Ceruledge|Ceruledge, F|100\/100\n|turn|1\n|j| Torifdx\n|\n|t:|1697811131\n|move|p1a: Grafaiai|Toxic|p2a: Ceruledge\n|-status|p2a: Ceruledge|tox\n|move|p2a: Ceruledge|Swords Dance|p2a: Ceruledge\n|-boost|p2a: Ceruledge|atk|2\n|\n|-damage|p2a: Ceruledge|94\/100 tox|[from] psn\n|upkeep\n|turn|2\n|\n|t:|1697811134\n|move|p1a: Grafaiai|Encore|p2a: Ceruledge\n|-start|p2a: Ceruledge|Encore\n|move|p2a: Ceruledge|Swords Dance|p2a: Ceruledge\n|-boost|p2a: Ceruledge|atk|2\n|\n|-damage|p2a: Ceruledge|82\/100 tox|[from] psn\n|upkeep\n|turn|3\n|\n|t:|1697811141\n|switch|p2a: Gliscor|Gliscor, F|100\/100\n|move|p1a: Grafaiai|Substitute|p1a: Grafaiai\n|-start|p1a: Grafaiai|Substitute\n|-damage|p1a: Grafaiai|76\/100\n|\n|-status|p2a: Gliscor|tox|[from] item: Toxic Orb\n|upkeep\n|turn|4\n|\n|t:|1697811148\n|move|p2a: Gliscor|Earthquake|p1a: Grafaiai\n|-supereffective|p1a: Grafaiai\n|-end|p1a: Grafaiai|Substitute\n|move|p1a: Grafaiai|U-turn|p2a: Gliscor\n|-resisted|p2a: Gliscor\n|-damage|p2a: Gliscor|94\/100 tox\n|\n|t:|1697811160\n|switch|p1a: Breloom|Breloom, M|100\/100|[from] U-turn\n|\n|-heal|p2a: Gliscor|100\/100 tox|[from] ability: Poison Heal\n|upkeep\n|turn|5\n|\n|t:|1697811162\n|move|p2a: Gliscor|Dual Wingbeat|p1a: Breloom\n|-supereffective|p1a: Breloom\n|-damage|p1a: Breloom|0 fnt\n|faint|p1a: Breloom\n|-hitcount|p1: Breloom|1\n|\n|upkeep\n|\n|t:|1697811170\n|switch|p1a: Scizor|Scizor, M|100\/100\n|turn|6\n|\n|t:|1697811174\n|move|p1a: Scizor|Bullet Punch|p2a: Gliscor\n|-damage|p2a: Gliscor|68\/100 tox\n|move|p2a: Gliscor|Swords Dance|p2a: Gliscor\n|-boost|p2a: Gliscor|atk|2\n|\n|-heal|p2a: Gliscor|81\/100 tox|[from] ability: Poison Heal\n|upkeep\n|turn|7\n|\n|t:|1697811183\n|move|p2a: Gliscor|Earthquake|p1a: Scizor\n|-damage|p1a: Scizor|20\/100\n|move|p1a: Scizor|Swords Dance|p1a: Scizor\n|-boost|p1a: Scizor|atk|2\n|\n|-heal|p1a: Scizor|26\/100|[from] item: Leftovers\n|-heal|p2a: Gliscor|93\/100 tox|[from] ability: Poison Heal\n|upkeep\n|turn|8\n|inactive|Battle timer is ON: inactive players will automatically lose when time's up. (requested by TeamRcketBlastnOff)\n|\n|t:|1697811189\n|-terastallize|p2a: Gliscor|Steel\n|move|p1a: Scizor|Bullet Punch|p2a: Gliscor\n|-resisted|p2a: Gliscor\n|-damage|p2a: Gliscor|61\/100 tox\n|move|p2a: Gliscor|Earthquake|p1a: Scizor\n|-damage|p1a: Scizor|0 fnt\n|faint|p1a: Scizor\n|\n|-heal|p2a: Gliscor|74\/100 tox|[from] ability: Poison Heal\n|upkeep\n|\n|t:|1697811200\n|switch|p1a: Baxcalibur|Baxcalibur, M|100\/100\n|turn|9\n|\n|t:|1697811203\n|move|p2a: Gliscor|Earthquake|p1a: Baxcalibur\n|-damage|p1a: Baxcalibur|13\/100\n|move|p1a: Baxcalibur|Dragon Dance|p1a: Baxcalibur\n|-boost|p1a: Baxcalibur|atk|1\n|-boost|p1a: Baxcalibur|spe|1\n|\n|-heal|p2a: Gliscor|86\/100 tox|[from] ability: Poison Heal\n|upkeep\n|turn|10\n|\n|t:|1697811209\n|move|p1a: Baxcalibur|Icicle Spear|p2a: Gliscor\n|-resisted|p2a: Gliscor\n|-damage|p2a: Gliscor|77\/100 tox\n|-resisted|p2a: Gliscor\n|-damage|p2a: Gliscor|66\/100 tox\n|-resisted|p2a: Gliscor\n|-crit|p2a: Gliscor\n|-damage|p2a: Gliscor|52\/100 tox\n|-resisted|p2a: Gliscor\n|-damage|p2a: Gliscor|41\/100 tox\n|-resisted|p2a: Gliscor\n|-damage|p2a: Gliscor|31\/100 tox\n|-hitcount|p2a: Gliscor|5\n|move|p2a: Gliscor|Earthquake|p1a: Baxcalibur\n|-damage|p1a: Baxcalibur|0 fnt\n|faint|p1a: Baxcalibur\n|\n|-heal|p2a: Gliscor|44\/100 tox|[from] ability: Poison Heal\n|upkeep\n|\n|t:|1697811216\n|switch|p1a: Grafaiai|Grafaiai, M|76\/100\n|turn|11\n|\n|t:|1697811219\n|move|p2a: Gliscor|Earthquake|p1a: Grafaiai\n|-supereffective|p1a: Grafaiai\n|-damage|p1a: Grafaiai|0 fnt\n|faint|p1a: Grafaiai\n|\n|-heal|p2a: Gliscor|56\/100 tox|[from] ability: Poison Heal\n|upkeep\n|\n|t:|1697811229\n|switch|p1a: Iron Thorns|Iron Thorns|100\/100\n|turn|12\n|\n|t:|1697811233\n|move|p2a: Gliscor|Earthquake|p1a: Iron Thorns\n|-supereffective|p1a: Iron Thorns\n|-damage|p1a: Iron Thorns|0 fnt\n|faint|p1a: Iron Thorns\n|-end|p1a: Iron Thorns|Quark Drive|[silent]\n|\n|-heal|p2a: Gliscor|69\/100 tox|[from] ability: Poison Heal\n|upkeep\n|\n|t:|1697811235\n|switch|p1a: Volcarona|Volcarona, M|100\/100\n|turn|13\n|\n|t:|1697811237\n|move|p2a: Gliscor|Dual Wingbeat|p1a: Volcarona\n|-supereffective|p1a: Volcarona\n|-damage|p1a: Volcarona|0 fnt\n|faint|p1a: Volcarona\n|-hitcount|p1: Volcarona|1\n|\n|win|TonyTheTigerRocks\n|raw|TeamRcketBlastnOff's rating: 1168 &rarr; <strong>1149<\/strong><br \/>(-19 for losing)\n|raw|TonyTheTigerRocks's rating: 1248 &rarr; <strong>1267<\/strong><br \/>(+19 for winning)\n|l|\u2606TeamRcketBlastnOff\n","uploadtime":1697811245,"views":9,"p1id":"teamrcketblastnoff","p2id":"tonythetigerrocks","formatid":"gen9anythinggoes","rating":1149,"private":0,"password":""}