{"id":"gen9anythinggoes-1998364822","p1":"SonicSpeedKaleb","p2":"Riryokusoldier","format":"[Gen 9] Anything Goes","log":"|j|\u2606SonicSpeedKaleb\n|j|\u2606Riryokusoldier\n|t:|1700934161\n|gametype|singles\n|player|p1|SonicSpeedKaleb|265|1229\n|player|p2|Riryokusoldier|lusamine-nihilego|1310\n|teamsize|p1|6\n|teamsize|p2|6\n|gen|9\n|tier|[Gen 9] Anything Goes\n|rated|\n|rule|HP Percentage Mod: HP is shown in percentages\n|rule|Endless Battle Clause: Forcing endless battles is banned\n|clearpoke\n|poke|p1|Skeledirge, M|\n|poke|p1|Pawmot, M|\n|poke|p1|Weavile, M|\n|poke|p1|Gliscor, F|\n|poke|p1|Lycanroc, M|\n|poke|p1|Koraidon|\n|poke|p2|Cinderace, F|\n|poke|p2|Clodsire, F|\n|poke|p2|Iron Bundle|\n|poke|p2|Drifblim, F|\n|poke|p2|Cloyster, F|\n|poke|p2|Vivillon-Ocean, F|\n|teampreview\n|inactive|Battle timer is ON: inactive players will automatically lose when time's up. (requested by Riryokusoldier)\n|c|\u2606SonicSpeedKaleb|I ONLY WANNA SEE FAIR STRATS HOE!!!!!\n|\n|t:|1700934172\n|start\n|switch|p1a: Pawmot|Pawmot, M|100\/100\n|switch|p2a: Clodsire|Clodsire, F, shiny|100\/100\n|turn|1\n|\n|t:|1700934177\n|move|p1a: Pawmot|Agility|p1a: Pawmot\n|-boost|p1a: Pawmot|spe|2\n|move|p2a: Clodsire|Yawn|p1a: Pawmot\n|-start|p1a: Pawmot|move: Yawn|[of] p2a: Clodsire\n|\n|upkeep\n|turn|2\n|\n|t:|1700934182\n|move|p1a: Pawmot|Baton Pass|p1a: Pawmot\n|\n|t:|1700934184\n|switch|p1a: Gliscor|Gliscor, F|100\/100|[from] Baton Pass\n|move|p2a: Clodsire|Rock Tomb|p1a: Gliscor\n|-damage|p1a: Gliscor|91\/100\n|-unboost|p1a: Gliscor|spe|1\n|\n|upkeep\n|turn|3\n|\n|t:|1700934189\n|move|p1a: Gliscor|Swords Dance|p1a: Gliscor\n|-boost|p1a: Gliscor|atk|2\n|move|p2a: Clodsire|Rock Tomb|p1a: Gliscor\n|-damage|p1a: Gliscor|79\/100\n|-unboost|p1a: Gliscor|spe|1\n|\n|upkeep\n|turn|4\n|\n|t:|1700934194\n|move|p1a: Gliscor|Agility|p1a: Gliscor\n|-boost|p1a: Gliscor|spe|2\n|move|p2a: Clodsire|Yawn|p1a: Gliscor\n|-start|p1a: Gliscor|move: Yawn|[of] p2a: Clodsire\n|\n|upkeep\n|turn|5\n|\n|t:|1700934197\n|move|p1a: Gliscor|Baton Pass|p1a: Gliscor\n|\n|t:|1700934199\n|switch|p1a: Pawmot|Pawmot, M|100\/100|[from] Baton Pass\n|move|p2a: Clodsire|Rock Tomb|p1a: Pawmot\n|-resisted|p1a: Pawmot\n|-damage|p1a: Pawmot|92\/100\n|-unboost|p1a: Pawmot|spe|1\n|\n|upkeep\n|turn|6\n|\n|t:|1700934203\n|move|p1a: Pawmot|Agility|p1a: Pawmot\n|-boost|p1a: Pawmot|spe|2\n|move|p2a: Clodsire|Rock Tomb|p1a: Pawmot\n|-resisted|p1a: Pawmot\n|-damage|p1a: Pawmot|83\/100\n|-unboost|p1a: Pawmot|spe|1\n|\n|upkeep\n|turn|7\n|\n|t:|1700934207\n|move|p1a: Pawmot|Agility|p1a: Pawmot\n|-boost|p1a: Pawmot|spe|2\n|move|p2a: Clodsire|Yawn|p1a: Pawmot\n|-start|p1a: Pawmot|move: Yawn|[of] p2a: Clodsire\n|\n|upkeep\n|turn|8\n|\n|t:|1700934209\n|move|p1a: Pawmot|Revival Blessing||[still]\n|-fail|p1a: Pawmot\n|move|p2a: Clodsire|Rock Tomb|p1a: Pawmot\n|-resisted|p1a: Pawmot\n|-damage|p1a: Pawmot|74\/100\n|-unboost|p1a: Pawmot|spe|1\n|\n|-end|p1a: Pawmot|move: Yawn|[silent]\n|-status|p1a: Pawmot|slp\n|upkeep\n|turn|9\n|c|\u2606SonicSpeedKaleb|MISCLICK!\n|c|\u2606SonicSpeedKaleb|FUDGE!\n|c|\u2606SonicSpeedKaleb|YAWN SPAMMING HOE!\n|c|\u2606SonicSpeedKaleb|DIE!\n|\n|t:|1700934222\n|cant|p1a: Pawmot|slp\n|move|p2a: Clodsire|Curse|p2a: Clodsire\n|-unboost|p2a: Clodsire|spe|1\n|-boost|p2a: Clodsire|atk|1\n|-boost|p2a: Clodsire|def|1\n|\n|upkeep\n|turn|10\n|\n|t:|1700934227\n|-curestatus|p1a: Pawmot|slp|[msg]\n|move|p1a: Pawmot|Baton Pass|p1a: Pawmot\n|\n|t:|1700934229\n|switch|p1a: Gliscor|Gliscor, F|79\/100|[from] Baton Pass\n|move|p2a: Clodsire|Earthquake|p1a: Gliscor\n|-immune|p1a: Gliscor\n|\n|upkeep\n|turn|11\n|\n|t:|1700934233\n|move|p1a: Gliscor|Swords Dance|p1a: Gliscor\n|-boost|p1a: Gliscor|atk|2\n|move|p2a: Clodsire|Yawn|p1a: Gliscor\n|-start|p1a: Gliscor|move: Yawn|[of] p2a: Clodsire\n|\n|upkeep\n|turn|12\n|\n|t:|1700934237\n|move|p1a: Gliscor|Baton Pass|p1a: Gliscor\n|\n|t:|1700934239\n|switch|p1a: Pawmot|Pawmot, M|74\/100|[from] Baton Pass\n|move|p2a: Clodsire|Rock Tomb|p1a: Pawmot\n|-resisted|p1a: Pawmot\n|-damage|p1a: Pawmot|60\/100\n|-unboost|p1a: Pawmot|spe|1\n|\n|upkeep\n|turn|13\n|\n|t:|1700934254\n|move|p1a: Pawmot|Agility|p1a: Pawmot\n|-boost|p1a: Pawmot|spe|2\n|move|p2a: Clodsire|Yawn|p1a: Pawmot\n|-start|p1a: Pawmot|move: Yawn|[of] p2a: Clodsire\n|\n|upkeep\n|turn|14\n|\n|t:|1700934273\n|move|p1a: Pawmot|Baton Pass|p1a: Pawmot\n|\n|t:|1700934277\n|switch|p1a: Gliscor|Gliscor, F|79\/100|[from] Baton Pass\n|move|p2a: Clodsire|Rock Tomb|p1a: Gliscor\n|-damage|p1a: Gliscor|64\/100\n|-unboost|p1a: Gliscor|spe|1\n|\n|upkeep\n|turn|15\n|\n|t:|1700934280\n|move|p1a: Gliscor|Earthquake|p2a: Clodsire\n|-supereffective|p2a: Clodsire\n|-damage|p2a: Clodsire|0 fnt\n|faint|p2a: Clodsire\n|\n|upkeep\n|c|\u2606SonicSpeedKaleb|Awwwww, your Clodsire turned out to be useless.\n|\n|t:|1700934290\n|switch|p2a: Iron Bundle|Iron Bundle, shiny|100\/100\n|-enditem|p2a: Iron Bundle|Booster Energy\n|-activate|p2a: Iron Bundle|ability: Quark Drive|[fromitem]\n|-start|p2a: Iron Bundle|quarkdrivespe\n|turn|16\n|\n|t:|1700934296\n|move|p1a: Gliscor|Earthquake|p2a: Iron Bundle\n|-damage|p2a: Iron Bundle|0 fnt\n|faint|p2a: Iron Bundle\n|-end|p2a: Iron Bundle|Quark Drive|[silent]\n|\n|upkeep\n|\n|t:|1700934301\n|switch|p2a: Cinderace|Cinderace, F|100\/100\n|turn|17\n|\n|t:|1700934307\n|move|p1a: Gliscor|Earthquake|p2a: Cinderace\n|-supereffective|p2a: Cinderace\n|-enditem|p2a: Cinderace|Focus Sash\n|-damage|p2a: Cinderace|1\/100\n|move|p2a: Cinderace|Gunk Shot|p1a: Gliscor\n|-start|p2a: Cinderace|typechange|Poison|[from] ability: Libero\n|-resisted|p1a: Gliscor\n|-damage|p1a: Gliscor|36\/100\n|\n|upkeep\n|turn|18\n|\n|t:|1700934314\n|move|p2a: Cinderace|Sucker Punch||[still]\n|-fail|p2a: Cinderace\n|move|p1a: Gliscor|Baton Pass|p1a: Gliscor\n|\n|t:|1700934317\n|switch|p1a: Weavile|Weavile, M|100\/100|[from] Baton Pass\n|-ability|p1a: Weavile|Pressure\n|\n|upkeep\n|turn|19\n|\n|t:|1700934320\n|move|p2a: Cinderace|Sucker Punch|p1a: Weavile\n|-resisted|p1a: Weavile\n|-damage|p1a: Weavile|80\/100\n|move|p1a: Weavile|Beat Up|p2a: Cinderace\n|-damage|p2a: Cinderace|0 fnt\n|faint|p2a: Cinderace\n|-hitcount|p2: Cinderace|1\n|\n|upkeep\n|\n|t:|1700934325\n|switch|p2a: Drifblim|Drifblim, F, shiny|100\/100\n|turn|20\n|\n|t:|1700934329\n|-terastallize|p2a: Drifblim|Grass\n|move|p1a: Weavile|Beat Up|p2a: Drifblim\n|-damage|p2a: Drifblim|67\/100\n|-damage|p2a: Drifblim|43\/100\n|-damage|p2a: Drifblim|18\/100\n|-damage|p2a: Drifblim|0 fnt\n|faint|p2a: Drifblim\n|-hitcount|p2: Drifblim|4\n|\n|upkeep\n|-message|Riryokusoldier forfeited.\n|\n|win|SonicSpeedKaleb\n|raw|SonicSpeedKaleb's rating: 1229 &rarr; <strong>1260<\/strong><br \/>(+31 for winning)\n|raw|Riryokusoldier's rating: 1310 &rarr; <strong>1285<\/strong><br \/>(-25 for losing)\n","uploadtime":1700934173,"views":0,"p1id":"sonicspeedkaleb","p2id":"riryokusoldier","formatid":"gen9anythinggoes","rating":1260,"private":0,"password":""}