{"id":"gen9anythinggoes-1977210625","p1":"Kayleb1718","p2":"tfwnofemboygf","format":"[Gen 9] Anything Goes","log":"|j|\u2606Kayleb1718\n|j|\u2606tfwnofemboygf\n|t:|1698387203\n|gametype|singles\n|player|p1|Kayleb1718|lucas-gen4pt|1317\n|player|p2|tfwnofemboygf|caitlin|1398\n|teamsize|p1|6\n|teamsize|p2|6\n|gen|9\n|tier|[Gen 9] Anything Goes\n|rated|\n|rule|HP Percentage Mod: HP is shown in percentages\n|rule|Endless Battle Clause: Forcing endless battles is banned\n|clearpoke\n|poke|p1|Zacian-*|\n|poke|p1|Dugtrio-Alola, F|\n|poke|p1|Dugtrio-Alola, F|\n|poke|p1|Annihilape, M|\n|poke|p1|Squawkabilly-Blue, F|\n|poke|p1|Kingambit, M|\n|poke|p2|Maushold-Four|\n|poke|p2|Dragapult, F|\n|poke|p2|Koraidon|\n|poke|p2|Koraidon|\n|poke|p2|Iron Treads|\n|poke|p2|Palafin, F|\n|teampreview\n|inactive|Battle timer is ON: inactive players will automatically lose when time's up. (requested by tfwnofemboygf)\n|\n|t:|1698387206\n|start\n|switch|p1a: Lmao|Dugtrio-Alola, F|100\/100\n|switch|p2a: mouseketeer|Maushold-Four|100\/100\n|turn|1\n|\n|t:|1698387213\n|move|p1a: Lmao|Final Gambit|p2a: mouseketeer\n|-damage|p2a: mouseketeer|27\/100\n|faint|p1a: Lmao\n|move|p2a: mouseketeer|Bullet Seed|p1: Lmao|[notarget]\n|-fail|p2a: mouseketeer\n|\n|upkeep\n|\n|t:|1698387224\n|switch|p1a: Lmao|Dugtrio-Alola, F|100\/100\n|turn|2\n|\n|t:|1698387234\n|switch|p2a: Iron Treads|Iron Treads|100\/100\n|-enditem|p2a: Iron Treads|Booster Energy\n|-activate|p2a: Iron Treads|ability: Quark Drive|[fromitem]\n|-start|p2a: Iron Treads|quarkdrivespe\n|move|p1a: Lmao|Tri Attack|p2a: Iron Treads\n|-resisted|p2a: Iron Treads\n|-damage|p2a: Iron Treads|93\/100\n|\n|upkeep\n|turn|3\n|\n|t:|1698387255\n|switch|p1a: Birb|Squawkabilly-Blue, F|100\/100\n|move|p2a: Iron Treads|Earthquake|p1a: Birb\n|-immune|p1a: Birb\n|\n|upkeep\n|turn|4\n|\n|t:|1698387263\n|move|p2a: Iron Treads|Stone Edge|p1a: Birb\n|-supereffective|p1a: Birb\n|-damage|p1a: Birb|6\/100\n|move|p1a: Birb|Final Gambit|p2a: Iron Treads\n|-damage|p2a: Iron Treads|86\/100\n|faint|p1a: Birb\n|\n|upkeep\n|\n|t:|1698387273\n|switch|p1a: Lmao|Dugtrio-Alola, F|100\/100\n|turn|5\n|\n|t:|1698387288\n|move|p2a: Iron Treads|Earthquake|p1a: Lmao\n|-supereffective|p1a: Lmao\n|-damage|p1a: Lmao|0 fnt\n|faint|p1a: Lmao\n|\n|upkeep\n|\n|t:|1698387295\n|switch|p1a: Monkeh|Annihilape, M|100\/100\n|turn|6\n|\n|t:|1698387311\n|move|p2a: Iron Treads|Earthquake|p1a: Monkeh\n|-damage|p1a: Monkeh|54\/100\n|move|p1a: Monkeh|Final Gambit|p2a: Iron Treads\n|-damage|p2a: Iron Treads|15\/100\n|faint|p1a: Monkeh\n|\n|upkeep\n|\n|t:|1698387319\n|switch|p1a: \ud83d\udd25|Zacian-Crowned, shiny|100\/100\n|-ability|p1a: \ud83d\udd25|Intrepid Sword|boost\n|-boost|p1a: \ud83d\udd25|atk|1\n|turn|7\n|inactive|tfwnofemboygf has 120 seconds left.\n|\n|t:|1698387366\n|move|p2a: Iron Treads|Earthquake|p1a: \ud83d\udd25\n|-supereffective|p1a: \ud83d\udd25\n|-crit|p1a: \ud83d\udd25\n|-damage|p1a: \ud83d\udd25|0 fnt\n|faint|p1a: \ud83d\udd25\n|\n|upkeep\n|\n|t:|1698387371\n|switch|p1a: Kingambit|Kingambit, M|100\/100\n|-activate|p1a: Kingambit|ability: Supreme Overlord\n|-start|p1a: Kingambit|fallen5|[silent]\n|turn|8\n|inactive|tfwnofemboygf has 90 seconds left.\n|\n|t:|1698387408\n|move|p1a: Kingambit|Sucker Punch|p2a: Iron Treads\n|-damage|p2a: Iron Treads|0 fnt\n|faint|p2a: Iron Treads\n|-end|p2a: Iron Treads|Quark Drive|[silent]\n|\n|upkeep\n|\n|t:|1698387413\n|switch|p2a: mouseketeer|Maushold-Four|27\/100\n|turn|9\n|\n|t:|1698387422\n|move|p1a: Kingambit|Sucker Punch|p2a: mouseketeer\n|-damage|p2a: mouseketeer|0 fnt\n|faint|p2a: mouseketeer\n|\n|upkeep\n|\n|t:|1698387426\n|switch|p2a: Koraidon|Koraidon|100\/100\n|-weather|SunnyDay|[from] ability: Orichalcum Pulse|[of] p2a: Koraidon\n|-activate|p2a: Koraidon|Orichalcum Pulse|[source]\n|turn|10\n|\n|t:|1698387435\n|move|p2a: Koraidon|Close Combat|p1a: Kingambit\n|-supereffective|p1a: Kingambit\n|-damage|p1a: Kingambit|0 fnt\n|-unboost|p2a: Koraidon|def|1\n|-unboost|p2a: Koraidon|spd|1\n|faint|p1a: Kingambit\n|-end|p1a: Kingambit|fallen5|[silent]\n|\n|win|tfwnofemboygf\n|raw|Kayleb1718's rating: 1317 &rarr; <strong>1302<\/strong><br \/>(-15 for losing)\n|raw|tfwnofemboygf's rating: 1398 &rarr; <strong>1413<\/strong><br \/>(+15 for winning)\n|l|\u2606tfwnofemboygf\n|l|\u2606Kayleb1718\n|j|\u2606Kayleb1718\n|player|p1|Kayleb1718|lucas-gen4pt\n","uploadtime":1698387471,"views":10,"p1id":"kayleb1718","p2id":"tfwnofemboygf","formatid":"gen9anythinggoes","rating":1302,"private":0,"password":""}