{"id":"gen9anythinggoes-1992849367","p1":"Emily Bodoo","p2":"Brotryhard","format":"[Gen 9] Anything Goes","log":"|j|\u2606Emily Bodoo\n|j|\u2606Brotryhard\n|t:|1700240770\n|gametype|singles\n|player|p1|Emily Bodoo|iris|1295\n|player|p2|Brotryhard|lucas|1344\n|teamsize|p1|6\n|teamsize|p2|6\n|gen|9\n|tier|[Gen 9] Anything Goes\n|rated|\n|rule|HP Percentage Mod: HP is shown in percentages\n|rule|Endless Battle Clause: Forcing endless battles is banned\n|clearpoke\n|poke|p1|Mismagius, M|\n|poke|p1|Arceus|\n|poke|p1|Haxorus, M|\n|poke|p1|Snorlax, M|\n|poke|p1|Mew|\n|poke|p1|Mudsdale, M|\n|poke|p2|Cloyster, M|\n|poke|p2|Zapdos|\n|poke|p2|Mew|\n|poke|p2|Dragonite, M|\n|poke|p2|Clefable, M|\n|poke|p2|Ditto|\n|teampreview\n|inactive|Battle timer is ON: inactive players will automatically lose when time's up. (requested by Brotryhard)\n|\n|t:|1700240779\n|start\n|switch|p1a: Mew|Mew|100\/100\n|switch|p2a: Clefable|Clefable, M, shiny|100\/100\n|turn|1\n|\n|t:|1700240785\n|switch|p2a: Uno Reverse|Mew, shiny|100\/100\n|move|p1a: Mew|Imprison|p1a: Mew\n|-start|p1a: Mew|move: Imprison\n|\n|upkeep\n|turn|2\n|\n|t:|1700240797\n|move|p1a: Mew|Transform|p2a: Uno Reverse\n|-transform|p1a: Mew|p2a: Uno Reverse\n|cant|p2a: Uno Reverse|move: Imprison|Dragon Dance\n|\n|upkeep\n|turn|3\n|\n|t:|1700240805\n|switch|p2a: Clefable|Clefable, M, shiny|100\/100\n|move|p1a: Mew|Dragon Dance|p1a: Mew\n|-boost|p1a: Mew|atk|1\n|-boost|p1a: Mew|spe|1\n|\n|upkeep\n|turn|4\n|\n|t:|1700240814\n|move|p1a: Mew|Dragon Dance|p1a: Mew\n|-boost|p1a: Mew|atk|1\n|-boost|p1a: Mew|spe|1\n|move|p2a: Clefable|Moonblast|p1a: Mew\n|-damage|p1a: Mew|73\/100\n|\n|upkeep\n|turn|5\n|\n|t:|1700240822\n|move|p1a: Mew|Dragon Dance|p1a: Mew\n|-boost|p1a: Mew|atk|1\n|-boost|p1a: Mew|spe|1\n|move|p2a: Clefable|Cosmic Power|p2a: Clefable\n|-boost|p2a: Clefable|def|1\n|-boost|p2a: Clefable|spd|1\n|\n|upkeep\n|turn|6\n|\n|t:|1700240832\n|move|p1a: Mew|Baton Pass|p1a: Mew\n|\n|t:|1700240839\n|switch|p1a: Mudsdale|Mudsdale, M|100\/100|[from] Baton Pass\n|move|p2a: Clefable|Cosmic Power|p2a: Clefable\n|-boost|p2a: Clefable|def|1\n|-boost|p2a: Clefable|spd|1\n|\n|upkeep\n|turn|7\n|\n|t:|1700240846\n|move|p1a: Mudsdale|Fissure|p2a: Clefable|[miss]\n|-miss|p1a: Mudsdale|p2a: Clefable\n|move|p2a: Clefable|Cosmic Power|p2a: Clefable\n|-boost|p2a: Clefable|def|1\n|-boost|p2a: Clefable|spd|1\n|\n|upkeep\n|turn|8\n|\n|t:|1700240849\n|move|p1a: Mudsdale|Fissure|p2a: Clefable\n|-damage|p2a: Clefable|0 fnt\n|faint|p2a: Clefable\n|-ohko\n|\n|upkeep\n|\n|t:|1700240854\n|switch|p2a: Dos Reverse|Ditto, shiny|100\/100\n|-transform|p2a: Dos Reverse|p1a: Mudsdale|[from] ability: Imposter\n|turn|9\n|\n|t:|1700240861\n|switch|p1a: Mismagius|Mismagius, M|100\/100\n|move|p2a: Dos Reverse|Fissure|p1a: Mismagius\n|-immune|p1a: Mismagius|[from] ability: Levitate\n|\n|upkeep\n|turn|10\n|\n|t:|1700240868\n|switch|p2a: Cloyster|Cloyster, M, shiny|100\/100\n|move|p1a: Mismagius|Perish Song|p1a: Mismagius\n|-start|p1a: Mismagius|perish3|[silent]\n|-start|p2a: Cloyster|perish3|[silent]\n|-fieldactivate|move: Perish Song\n|\n|-start|p1a: Mismagius|perish3\n|-start|p2a: Cloyster|perish3\n|upkeep\n|turn|11\n|\n|t:|1700240876\n|switch|p1a: Snorlax|Snorlax, M|100\/100\n|switch|p2a: Zapdos|Zapdos, shiny|100\/100\n|\n|upkeep\n|turn|12\n|\n|t:|1700240883\n|move|p2a: Zapdos|Discharge|p1a: Snorlax\n|-damage|p1a: Snorlax|82\/100\n|-status|p1a: Snorlax|par\n|move|p1a: Snorlax|Curse|p1a: Snorlax\n|-unboost|p1a: Snorlax|spe|1\n|-boost|p1a: Snorlax|atk|1\n|-boost|p1a: Snorlax|def|1\n|\n|-heal|p1a: Snorlax|88\/100 par|[from] item: Leftovers\n|upkeep\n|turn|13\n|\n|t:|1700240891\n|switch|p2a: Uno Reverse|Mew, shiny|100\/100\n|move|p1a: Snorlax|Curse|p1a: Snorlax\n|-unboost|p1a: Snorlax|spe|1\n|-boost|p1a: Snorlax|atk|1\n|-boost|p1a: Snorlax|def|1\n|\n|-heal|p1a: Snorlax|94\/100 par|[from] item: Leftovers\n|upkeep\n|turn|14\n|\n|t:|1700240907\n|switch|p1a: Arceus|Arceus|100\/100\n|move|p2a: Uno Reverse|Imprison|p2a: Uno Reverse\n|-start|p2a: Uno Reverse|move: Imprison\n|\n|upkeep\n|turn|15\n|\n|t:|1700240915\n|move|p1a: Arceus|Shadow Ball|p2a: Uno Reverse\n|-supereffective|p2a: Uno Reverse\n|-damage|p2a: Uno Reverse|32\/100\n|move|p2a: Uno Reverse|Transform|p1a: Arceus\n|-transform|p2a: Uno Reverse|p1a: Arceus\n|\n|-heal|p2a: Uno Reverse|38\/100|[from] item: Leftovers\n|upkeep\n|turn|16\n|\n|t:|1700240933\n|switch|p1a: Mismagius|Mismagius, M|100\/100\n|move|p2a: Uno Reverse|Perish Song|p2a: Uno Reverse\n|-start|p1a: Mismagius|perish3|[silent]\n|-start|p2a: Uno Reverse|perish3|[silent]\n|-fieldactivate|move: Perish Song\n|\n|-heal|p2a: Uno Reverse|45\/100|[from] item: Leftovers\n|-start|p1a: Mismagius|perish3\n|-start|p2a: Uno Reverse|perish3\n|upkeep\n|turn|17\n|\n|t:|1700240943\n|-terastallize|p1a: Mismagius|Fighting\n|move|p1a: Mismagius|Tera Blast|p2a: Uno Reverse|[anim] Tera Blast Fighting\n|-supereffective|p2a: Uno Reverse\n|-damage|p2a: Uno Reverse|0 fnt\n|faint|p2a: Uno Reverse\n|\n|-start|p1a: Mismagius|perish2\n|upkeep\n|inactive|Brotryhard has 120 seconds left.\n|\n|t:|1700240978\n|switch|p2a: Zapdos|Zapdos, shiny|100\/100\n|turn|18\n|\n|t:|1700240986\n|switch|p1a: Haxorus|Haxorus, M|100\/100\n|-ability|p1a: Haxorus|Mold Breaker\n|move|p2a: Zapdos|Tailwind|p2a: Zapdos\n|-sidestart|p2: Brotryhard|move: Tailwind\n|\n|upkeep\n|turn|19\n|\n|t:|1700240993\n|move|p2a: Zapdos|Discharge|p1a: Haxorus\n|-resisted|p1a: Haxorus\n|-damage|p1a: Haxorus|82\/100\n|move|p1a: Haxorus|Guillotine|p2a: Zapdos\n|-damage|p2a: Zapdos|0 fnt\n|faint|p2a: Zapdos\n|-ohko\n|\n|upkeep\n|\n|t:|1700241003\n|switch|p2a: Cloyster|Cloyster, M, shiny|100\/100\n|turn|20\n|\n|t:|1700241008\n|move|p2a: Cloyster|Shell Smash|p2a: Cloyster\n|-unboost|p2a: Cloyster|def|1\n|-unboost|p2a: Cloyster|spd|1\n|-boost|p2a: Cloyster|atk|2\n|-boost|p2a: Cloyster|spa|2\n|-boost|p2a: Cloyster|spe|2\n|move|p1a: Haxorus|Dragon Tail|p2a: Cloyster\n|-damage|p2a: Cloyster|68\/100\n|drag|p2a: Dos Reverse|Ditto, shiny|100\/100\n|-transform|p2a: Dos Reverse|p1a: Haxorus|[from] ability: Imposter\n|-ability|p2a: Dos Reverse|Mold Breaker\n|\n|upkeep\n|turn|21\n|\n|t:|1700241028\n|move|p2a: Dos Reverse|Dragon Tail|p1a: Haxorus\n|-supereffective|p1a: Haxorus\n|-damage|p1a: Haxorus|36\/100\n|drag|p1a: Mismagius|Mismagius, M, tera:Fighting|100\/100\n|\n|-sideend|p2: Brotryhard|move: Tailwind\n|upkeep\n|turn|22\n|\n|t:|1700241045\n|switch|p2a: Dragonite|Dragonite, M|100\/100\n|move|p1a: Mismagius|Destiny Bond|p1a: Mismagius\n|-singlemove|p1a: Mismagius|Destiny Bond\n|\n|upkeep\n|turn|23\n|\n|t:|1700241055\n|switch|p1a: Mew|Mew|73\/100\n|move|p2a: Dragonite|Dragon Dance|p2a: Dragonite\n|-boost|p2a: Dragonite|atk|1\n|-boost|p2a: Dragonite|spe|1\n|\n|upkeep\n|turn|24\n|\n|t:|1700241061\n|-terastallize|p2a: Dragonite|Normal\n|move|p2a: Dragonite|Extreme Speed|p1a: Mew\n|-damage|p1a: Mew|10\/100\n|-enditem|p1a: Mew|Aguav Berry|[eat]\n|-heal|p1a: Mew|43\/100|[from] item: Aguav Berry\n|move|p1a: Mew|Ice Beam|p2a: Dragonite\n|-damage|p2a: Dragonite|90\/100\n|\n|upkeep\n|turn|25\n|\n|t:|1700241072\n|switch|p1a: Mudsdale|Mudsdale, M|100\/100\n|move|p2a: Dragonite|Dragon Dance|p2a: Dragonite\n|-boost|p2a: Dragonite|atk|1\n|-boost|p2a: Dragonite|spe|1\n|\n|upkeep\n|turn|26\n|\n|t:|1700241078\n|move|p2a: Dragonite|Ice Spinner|p1a: Mudsdale\n|-supereffective|p1a: Mudsdale\n|-damage|p1a: Mudsdale|16\/100\n|-ability|p1a: Mudsdale|Stamina|boost\n|-boost|p1a: Mudsdale|def|1\n|move|p1a: Mudsdale|Fissure|p2a: Dragonite\n|-damage|p2a: Dragonite|0 fnt\n|faint|p2a: Dragonite\n|-ohko\n|\n|-heal|p1a: Mudsdale|22\/100|[from] item: Leftovers\n|upkeep\n|\n|t:|1700241086\n|switch|p2a: Cloyster|Cloyster, M, shiny|68\/100\n|turn|27\n|\n|t:|1700241096\n|switch|p1a: Arceus|Arceus|100\/100\n|move|p2a: Cloyster|Shell Smash|p2a: Cloyster\n|-unboost|p2a: Cloyster|def|1\n|-unboost|p2a: Cloyster|spd|1\n|-boost|p2a: Cloyster|atk|2\n|-boost|p2a: Cloyster|spa|2\n|-boost|p2a: Cloyster|spe|2\n|\n|upkeep\n|turn|28\n|\n|t:|1700241104\n|move|p2a: Cloyster|Icicle Spear|p1a: Arceus\n|-damage|p1a: Arceus|83\/100\n|-damage|p1a: Arceus|67\/100\n|-damage|p1a: Arceus|52\/100\n|-damage|p1a: Arceus|37\/100\n|-damage|p1a: Arceus|21\/100\n|-hitcount|p1a: Arceus|5\n|move|p1a: Arceus|Judgment|p2a: Cloyster\n|-damage|p2a: Cloyster|0 fnt\n|faint|p2a: Cloyster\n|\n|upkeep\n|-message|Brotryhard forfeited.\n|\n|win|Emily Bodoo\n|raw|Emily Bodoo's rating: 1295 &rarr; <strong>1324<\/strong><br \/>(+29 for winning)\n|raw|Brotryhard's rating: 1344 &rarr; <strong>1321<\/strong><br \/>(-23 for losing)\n|l|\u2606Brotryhard\n","uploadtime":1700241189,"views":15,"p1id":"emilybodoo","p2id":"brotryhard","formatid":"gen9anythinggoes","rating":1321,"private":0,"password":""}