{"id":"gen9anythinggoes-1992767955","p1":"Deltaruined","p2":"nmmkimmmijmioj","format":"[Gen 9] Anything Goes","log":"|j|\u2606Deltaruined\n|j|\u203dnmmkimmmijmioj\n|t:|1700233708\n|gametype|singles\n|player|p1|Deltaruined|veteran|1115\n|player|p2|nmmkimmmijmioj|dawn|1000\n|teamsize|p1|6\n|teamsize|p2|1\n|gen|9\n|tier|[Gen 9] Anything Goes\n|rated|\n|rule|HP Percentage Mod: HP is shown in percentages\n|rule|Endless Battle Clause: Forcing endless battles is banned\n|clearpoke\n|poke|p1|Arceus-Ground|\n|poke|p1|Zacian-*|\n|poke|p1|Altaria, M|\n|poke|p1|Calyrex-Shadow|\n|poke|p1|Arceus|\n|poke|p1|Koraidon|\n|poke|p2|Sandaconda, F|\n|teampreview\n|\n|t:|1700233713\n|start\n|switch|p1a: Koraidon|Koraidon|100\/100\n|switch|p2a: Sandaconda|Sandaconda, F|100\/100\n|-weather|SunnyDay|[from] ability: Orichalcum Pulse|[of] p1a: Koraidon\n|-activate|p1a: Koraidon|Orichalcum Pulse|[source]\n|turn|1\n|inactive|Battle timer is ON: inactive players will automatically lose when time's up. (requested by Deltaruined)\n|\n|t:|1700233746\n|move|p1a: Koraidon|Scale Shot|p2a: Sandaconda|[miss]\n|-miss|p1a: Koraidon|p2a: Sandaconda\n|move|p2a: Sandaconda|Minimize|p2a: Sandaconda\n|-boost|p2a: Sandaconda|evasion|2\n|\n|-weather|SunnyDay|[upkeep]\n|upkeep\n|turn|2\n|\n|t:|1700233752\n|move|p1a: Koraidon|Scale Shot|p2a: Sandaconda|[miss]\n|-miss|p1a: Koraidon|p2a: Sandaconda\n|move|p2a: Sandaconda|Minimize|p2a: Sandaconda\n|-boost|p2a: Sandaconda|evasion|2\n|\n|-weather|SunnyDay|[upkeep]\n|upkeep\n|turn|3\n|c|\u2606Deltaruined|OH SH\n|\n|t:|1700233765\n|move|p1a: Koraidon|Flame Charge|p2a: Sandaconda|[miss]\n|-miss|p1a: Koraidon|p2a: Sandaconda\n|move|p2a: Sandaconda|Minimize|p2a: Sandaconda\n|-boost|p2a: Sandaconda|evasion|2\n|\n|-weather|SunnyDay|[upkeep]\n|upkeep\n|turn|4\n|\n|t:|1700233774\n|move|p1a: Koraidon|Scale Shot|p2a: Sandaconda\n|-damage|p2a: Sandaconda|84\/100\n|-damage|p2a: Sandaconda|69\/100\n|-damage|p2a: Sandaconda|54\/100\n|-damage|p2a: Sandaconda|37\/100\n|-damage|p2a: Sandaconda|20\/100\n|-hitcount|p2a: Sandaconda|5\n|-unboost|p1a: Koraidon|def|1\n|-boost|p1a: Koraidon|spe|1\n|move|p2a: Sandaconda|Coil|p2a: Sandaconda\n|-boost|p2a: Sandaconda|atk|1\n|-boost|p2a: Sandaconda|def|1\n|-boost|p2a: Sandaconda|accuracy|1\n|\n|-weather|SunnyDay|[upkeep]\n|-heal|p2a: Sandaconda|26\/100|[from] item: Leftovers\n|upkeep\n|turn|5\n|\n|t:|1700233791\n|-terastallize|p2a: Sandaconda|Ground\n|move|p1a: Koraidon|Flame Charge|p2a: Sandaconda\n|-damage|p2a: Sandaconda|3\/100\n|-boost|p1a: Koraidon|spe|1\n|move|p2a: Sandaconda|High Horsepower|p1a: Koraidon\n|-damage|p1a: Koraidon|5\/100\n|\n|-weather|none\n|-heal|p2a: Sandaconda|9\/100|[from] item: Leftovers\n|upkeep\n|turn|6\n|c|\u2606Deltaruined|yikes\n|\n|t:|1700233807\n|move|p1a: Koraidon|Scale Shot|p2a: Sandaconda|[miss]\n|-miss|p1a: Koraidon|p2a: Sandaconda\n|move|p2a: Sandaconda|High Horsepower|p1a: Koraidon\n|-damage|p1a: Koraidon|0 fnt\n|faint|p1a: Koraidon\n|\n|-heal|p2a: Sandaconda|15\/100|[from] item: Leftovers\n|upkeep\n|\n|t:|1700233813\n|switch|p1a: Calyrex|Calyrex-Shadow|100\/100\n|-ability|p1a: Calyrex|As One\n|-ability|p1a: Calyrex|Unnerve\n|turn|7\n|\n|t:|1700233827\n|move|p1a: Calyrex|Astral Barrage|p2a: Sandaconda|[miss]\n|-miss|p1a: Calyrex|p2a: Sandaconda\n|move|p2a: Sandaconda|Coil|p2a: Sandaconda\n|-boost|p2a: Sandaconda|atk|1\n|-boost|p2a: Sandaconda|def|1\n|-boost|p2a: Sandaconda|accuracy|1\n|\n|-heal|p2a: Sandaconda|21\/100|[from] item: Leftovers\n|upkeep\n|turn|8\n|\n|t:|1700233836\n|move|p1a: Calyrex|Astral Barrage|p2a: Sandaconda\n|-damage|p2a: Sandaconda|0 fnt\n|faint|p2a: Sandaconda\n|\n|win|Deltaruined\n|raw|Deltaruined's rating: 1115 &rarr; <strong>1132<\/strong><br \/>(+17 for winning)\n|raw|nmmkimmmijmioj's rating: 1000 &rarr; <strong>1000<\/strong><br \/>(+0 for losing)\n","uploadtime":1700233847,"views":4,"p1id":"deltaruined","p2id":"nmmkimmmijmioj","formatid":"gen9anythinggoes","rating":1000,"private":0,"password":""}