{"id":"gen9anythinggoes-1976981438","p1":"hubolojuice","p2":"Lolduck","format":"[Gen 9] Anything Goes","log":"|j|\u2606hubolojuice\n|j|\u2606Lolduck\n|t:|1698358452\n|gametype|singles\n|player|p1|hubolojuice|1|1202\n|player|p2|Lolduck|dancer|1158\n|teamsize|p1|6\n|teamsize|p2|6\n|gen|9\n|tier|[Gen 9] Anything Goes\n|rated|\n|rule|HP Percentage Mod: HP is shown in percentages\n|rule|Endless Battle Clause: Forcing endless battles is banned\n|clearpoke\n|poke|p1|Umbreon, F|\n|poke|p1|Amoonguss, F|\n|poke|p1|Houndstone, M|\n|poke|p1|Brambleghast, M|\n|poke|p1|Slither Wing|\n|poke|p1|Flutter Mane|\n|poke|p2|Calyrex-Shadow|\n|poke|p2|Miraidon|\n|poke|p2|Miraidon|\n|poke|p2|Miraidon|\n|poke|p2|Miraidon|\n|poke|p2|Miraidon|\n|teampreview\n|\n|t:|1698358461\n|start\n|switch|p1a: Brambleghast|Brambleghast, M|100\/100\n|switch|p2a: Miraidon|Miraidon|100\/100\n|-fieldstart|move: Electric Terrain|[from] ability: Hadron Engine|[of] p2a: Miraidon\n|turn|1\n|\n|t:|1698358474\n|move|p2a: Miraidon|Dragon Pulse|p1a: Brambleghast\n|-damage|p1a: Brambleghast|0 fnt\n|faint|p1a: Brambleghast\n|\n|upkeep\n|\n|t:|1698358502\n|switch|p1a: Flutter Mane|Flutter Mane|100\/100\n|-enditem|p1a: Flutter Mane|Booster Energy\n|-activate|p1a: Flutter Mane|ability: Protosynthesis|[fromitem]\n|-start|p1a: Flutter Mane|protosynthesisspa\n|turn|2\n|\n|t:|1698358527\n|switch|p2a: Miraidon|Miraidon|100\/100\n|-activate|p2a: Miraidon|ability: Hadron Engine\n|move|p1a: Flutter Mane|Moonblast|p2a: Miraidon\n|-supereffective|p2a: Miraidon\n|-damage|p2a: Miraidon|0 fnt\n|faint|p2a: Miraidon\n|\n|upkeep\n|\n|t:|1698358529\n|switch|p2a: Calyrex|Calyrex-Shadow|100\/100\n|-ability|p2a: Calyrex|As One\n|-ability|p2a: Calyrex|Unnerve\n|turn|3\n|\n|t:|1698358543\n|-terastallize|p1a: Flutter Mane|Flying\n|move|p2a: Calyrex|Psyshock|p1a: Flutter Mane\n|-damage|p1a: Flutter Mane|0 fnt\n|faint|p1a: Flutter Mane\n|-end|p1a: Flutter Mane|Protosynthesis|[silent]\n|-ability|p2a: Calyrex|Grim Neigh|boost\n|-boost|p2a: Calyrex|spa|1\n|\n|upkeep\n|\n|t:|1698358553\n|switch|p1a: Umbreon|Umbreon, F, shiny|100\/100\n|turn|4\n|\n|t:|1698358558\n|switch|p2a: Miraidon|Miraidon|100\/100\n|-activate|p2a: Miraidon|ability: Hadron Engine\n|move|p1a: Umbreon|Protect||[still]\n|-fail|p1a: Umbreon\n|\n|upkeep\n|turn|5\n|\n|t:|1698358561\n|move|p2a: Miraidon|U-turn|p1a: Umbreon\n|-supereffective|p1a: Umbreon\n|-damage|p1a: Umbreon|83\/100\n|\n|t:|1698358568\n|switch|p2a: Miraidon|Miraidon|100\/100|[from] U-turn\n|-activate|p2a: Miraidon|ability: Hadron Engine\n|move|p1a: Umbreon|Yawn|p2a: Miraidon\n|-activate|p2a: Miraidon|move: Electric Terrain\n|\n|-heal|p1a: Umbreon|89\/100|[from] item: Leftovers\n|-fieldend|move: Electric Terrain\n|upkeep\n|turn|6\n|\n|t:|1698358577\n|move|p1a: Umbreon|Protect|p1a: Umbreon\n|-singleturn|p1a: Umbreon|Protect\n|move|p2a: Miraidon|Volt Switch|p1a: Umbreon\n|-activate|p1a: Umbreon|move: Protect\n|\n|-heal|p1a: Umbreon|95\/100|[from] item: Leftovers\n|upkeep\n|turn|7\n|\n|t:|1698358581\n|move|p2a: Miraidon|Volt Switch|p1a: Umbreon\n|-damage|p1a: Umbreon|61\/100\n|\n|t:|1698358586\n|switch|p2a: Miraidon|Miraidon|100\/100|[from] Volt Switch\n|-fieldstart|move: Electric Terrain|[from] ability: Hadron Engine|[of] p2a: Miraidon\n|move|p1a: Umbreon|Yawn|p2a: Miraidon\n|-activate|p2a: Miraidon|move: Electric Terrain\n|\n|-heal|p1a: Umbreon|67\/100|[from] item: Leftovers\n|upkeep\n|turn|8\n|inactive|Battle timer is ON: inactive players will automatically lose when time's up. (requested by hubolojuice)\n|\n|t:|1698358591\n|move|p2a: Miraidon|Electro Drift|p1a: Umbreon\n|-damage|p1a: Umbreon|5\/100\n|move|p1a: Umbreon|Wish|p1a: Umbreon\n|\n|-heal|p1a: Umbreon|11\/100|[from] item: Leftovers\n|upkeep\n|turn|9\n|\n|t:|1698358595\n|move|p1a: Umbreon|Protect|p1a: Umbreon\n|-singleturn|p1a: Umbreon|Protect\n|move|p2a: Miraidon|Electro Drift|p1a: Umbreon\n|-activate|p1a: Umbreon|move: Protect\n|\n|-heal|p1a: Umbreon|61\/100|[from] move: Wish|[wisher] Umbreon\n|-heal|p1a: Umbreon|67\/100|[from] item: Leftovers\n|upkeep\n|turn|10\n|\n|t:|1698358602\n|-terastallize|p2a: Miraidon|Electric\n|move|p2a: Miraidon|Electro Drift|p1a: Umbreon\n|-damage|p1a: Umbreon|0 fnt\n|faint|p1a: Umbreon\n|\n|upkeep\n|\n|t:|1698358608\n|switch|p1a: Slither Wing|Slither Wing, shiny|100\/100\n|turn|11\n|\n|t:|1698358619\n|switch|p2a: Calyrex|Calyrex-Shadow|100\/100\n|-ability|p2a: Calyrex|As One\n|-ability|p2a: Calyrex|Unnerve\n|move|p1a: Slither Wing|First Impression|p2a: Calyrex\n|-damage|p2a: Calyrex|20\/100\n|\n|-fieldend|move: Electric Terrain\n|upkeep\n|turn|12\n|\n|t:|1698358628\n|move|p1a: Slither Wing|First Impression||[still]\n|-hint|First Impression only works on your first turn out.\n|-fail|p1a: Slither Wing\n|move|p2a: Calyrex|Psyshock|p1a: Slither Wing\n|-supereffective|p1a: Slither Wing\n|-damage|p1a: Slither Wing|0 fnt\n|faint|p1a: Slither Wing\n|-end|p1a: Slither Wing|Protosynthesis|[silent]\n|-ability|p2a: Calyrex|Grim Neigh|boost\n|-boost|p2a: Calyrex|spa|1\n|\n|upkeep\n|\n|t:|1698358634\n|switch|p1a: Amoonguss|Amoonguss, F|100\/100\n|turn|13\n|\n|t:|1698358638\n|move|p2a: Calyrex|Psyshock|p1a: Amoonguss\n|-supereffective|p1a: Amoonguss\n|-damage|p1a: Amoonguss|0 fnt\n|faint|p1a: Amoonguss\n|-ability|p2a: Calyrex|Grim Neigh|boost\n|-boost|p2a: Calyrex|spa|1\n|\n|upkeep\n|\n|t:|1698358640\n|switch|p1a: Houndstone|Houndstone, M|100\/100\n|turn|14\n|\n|t:|1698358648\n|move|p2a: Calyrex|Psyshock|p1a: Houndstone\n|-damage|p1a: Houndstone|0 fnt\n|faint|p1a: Houndstone\n|\n|win|Lolduck\n|raw|hubolojuice's rating: 1202 &rarr; <strong>1174<\/strong><br \/>(-28 for losing)\n|raw|Lolduck's rating: 1158 &rarr; <strong>1186<\/strong><br \/>(+28 for winning)\n|l|\u2606hubolojuice\n","uploadtime":1698358683,"views":3,"p1id":"hubolojuice","p2id":"lolduck","formatid":"gen9anythinggoes","rating":1174,"private":0,"password":""}