{"id":"gen9anythinggoes-1977049852","p1":"DaAceBandit","p2":"Bd542282","format":"[Gen 9] Anything Goes","log":"|j|\u2606DaAceBandit\n|j|\u2606Bd542282\n|t:|1698365882\n|gametype|singles\n|player|p1|DaAceBandit|gambler|1303\n|player|p2|Bd542282|1|1319\n|teamsize|p1|6\n|teamsize|p2|6\n|gen|9\n|tier|[Gen 9] Anything Goes\n|rated|\n|rule|HP Percentage Mod: HP is shown in percentages\n|rule|Endless Battle Clause: Forcing endless battles is banned\n|clearpoke\n|poke|p1|Giratina-Origin|\n|poke|p1|Zacian-*|\n|poke|p1|Blissey, F|\n|poke|p1|Glimmora, M|\n|poke|p1|Greninja-*, M|\n|poke|p1|Ditto|\n|poke|p2|Espathra, M|\n|poke|p2|Palafin, F|\n|poke|p2|Flutter Mane|\n|poke|p2|Amoonguss, M|\n|poke|p2|Ceruledge, F|\n|poke|p2|Kingambit, F|\n|teampreview\n|\n|t:|1698365886\n|start\n|switch|p1a: Glimmora|Glimmora, M|100\/100\n|switch|p2a: Palafin|Palafin, F|100\/100\n|turn|1\n|\n|t:|1698365893\n|detailschange|p2a: Palafin|Palafin-Hero, F\n|switch|p2a: Espathra|Espathra, M|100\/100\n|move|p1a: Glimmora|Mortal Spin|p2a: Espathra\n|-damage|p2a: Espathra|90\/100\n|-status|p2a: Espathra|psn\n|\n|-heal|p2a: Espathra|96\/100 psn|[from] item: Leftovers\n|-damage|p2a: Espathra|84\/100 psn|[from] psn\n|upkeep\n|turn|2\n|inactive|Battle timer is ON: inactive players will automatically lose when time's up. (requested by Bd542282)\n|\n|t:|1698365905\n|move|p2a: Espathra|Psychic|p1a: Glimmora\n|-supereffective|p1a: Glimmora\n|-enditem|p1a: Glimmora|Focus Sash\n|-damage|p1a: Glimmora|1\/100\n|move|p1a: Glimmora|Stealth Rock|p2a: Espathra\n|-sidestart|p2: Bd542282|move: Stealth Rock\n|\n|-heal|p2a: Espathra|90\/100 psn|[from] item: Leftovers\n|-damage|p2a: Espathra|78\/100 psn|[from] psn\n|-ability|p2a: Espathra|Speed Boost|boost\n|-boost|p2a: Espathra|spe|1\n|upkeep\n|turn|3\n|\n|t:|1698365915\n|move|p2a: Espathra|Dazzling Gleam|p1a: Glimmora\n|-resisted|p1a: Glimmora\n|-damage|p1a: Glimmora|0 fnt\n|faint|p1a: Glimmora\n|\n|-heal|p2a: Espathra|84\/100 psn|[from] item: Leftovers\n|-damage|p2a: Espathra|71\/100 psn|[from] psn\n|-ability|p2a: Espathra|Speed Boost|boost\n|-boost|p2a: Espathra|spe|1\n|upkeep\n|\n|t:|1698365934\n|switch|p1a: Blissey|Blissey, F|100\/100\n|turn|4\n|\n|t:|1698365945\n|switch|p2a: Palafin|Palafin-Hero, F|100\/100\n|-damage|p2a: Palafin|88\/100|[from] Stealth Rock\n|-activate|p2a: Palafin|ability: Zero to Hero\n|move|p1a: Blissey|Soft-Boiled||[still]\n|-fail|p1a: Blissey|heal\n|\n|upkeep\n|turn|5\n|c|\u2606DaAceBandit|um so like whats the play here\n|\n|t:|1698365967\n|move|p2a: Palafin|Ice Punch|p1a: Blissey\n|-damage|p1a: Blissey|6\/100\n|-status|p1a: Blissey|frz\n|cant|p1a: Blissey|frz\n|\n|upkeep\n|turn|6\n|\n|t:|1698365974\n|move|p2a: Palafin|Ice Punch|p1a: Blissey\n|-damage|p1a: Blissey|0 fnt\n|faint|p1a: Blissey\n|\n|upkeep\n|c|\u2606DaAceBandit|perfect\n|\n|t:|1698365981\n|switch|p1a: Ditto|Ditto, shiny|100\/100\n|-transform|p1a: Ditto|p2a: Palafin|[from] ability: Imposter\n|turn|7\n|\n|t:|1698365997\n|switch|p2a: Espathra|Espathra, M|71\/100 psn\n|-damage|p2a: Espathra|59\/100 psn|[from] Stealth Rock\n|move|p1a: Ditto|Close Combat|p2a: Espathra\n|-resisted|p2a: Espathra\n|-damage|p2a: Espathra|18\/100 psn\n|-unboost|p1a: Ditto|def|1\n|-unboost|p1a: Ditto|spd|1\n|\n|-heal|p2a: Espathra|24\/100 psn|[from] item: Leftovers\n|-damage|p2a: Espathra|12\/100 psn|[from] psn\n|upkeep\n|turn|8\n|\n|t:|1698366012\n|switch|p1a: Zacian|Zacian-Crowned|100\/100\n|-ability|p1a: Zacian|Intrepid Sword|boost\n|-boost|p1a: Zacian|atk|1\n|move|p2a: Espathra|Protect||[still]\n|-fail|p2a: Espathra\n|\n|-heal|p2a: Espathra|18\/100 psn|[from] item: Leftovers\n|-damage|p2a: Espathra|6\/100 psn|[from] psn\n|-ability|p2a: Espathra|Speed Boost|boost\n|-boost|p2a: Espathra|spe|1\n|upkeep\n|turn|9\n|\n|t:|1698366023\n|move|p2a: Espathra|Psychic|p1a: Zacian\n|-resisted|p1a: Zacian\n|-damage|p1a: Zacian|80\/100\n|move|p1a: Zacian|Trailblaze|p2a: Espathra\n|-damage|p2a: Espathra|0 fnt\n|-boost|p1a: Zacian|spe|1\n|faint|p2a: Espathra\n|\n|upkeep\n|\n|t:|1698366031\n|switch|p2a: Amoonguss|Amoonguss, M|100\/100\n|-damage|p2a: Amoonguss|88\/100|[from] Stealth Rock\n|turn|10\n|\n|t:|1698366038\n|move|p1a: Zacian|Behemoth Blade|p2a: Amoonguss\n|-damage|p2a: Amoonguss|0 fnt\n|faint|p2a: Amoonguss\n|\n|upkeep\n|c|\u2606DaAceBandit|spore?\n|\n|t:|1698366052\n|switch|p2a: Palafin|Palafin-Hero, F|88\/100\n|-damage|p2a: Palafin|76\/100|[from] Stealth Rock\n|turn|11\n|\n|t:|1698366066\n|-terastallize|p2a: Palafin|Steel\n|move|p1a: Zacian|Sacred Sword|p2a: Palafin\n|-supereffective|p2a: Palafin\n|-damage|p2a: Palafin|0 fnt\n|faint|p2a: Palafin\n|\n|upkeep\n|l|\u2606Bd542282\n|inactive|Bd542282 disconnected and has a minute to reconnect!\n|player|p2|\n|c|\u2606DaAceBandit|oh whoops\n|inactive|Bd542282 has 30 seconds to reconnect!\n|inactive|Bd542282 has 20 seconds to reconnect!\n|inactive|Bd542282 has 15 seconds to reconnect!\n|inactive|Bd542282 has 10 seconds to reconnect!\n|inactive|Bd542282 has 5 seconds to reconnect!\n|-message|Bd542282 lost due to inactivity.\n|\n|win|DaAceBandit\n|raw|DaAceBandit's rating: 1303 &rarr; <strong>1324<\/strong><br \/>(+21 for winning)\n|raw|Bd542282's rating: 1319 &rarr; <strong>1298<\/strong><br \/>(-21 for losing)\n","uploadtime":1698366159,"views":5,"p1id":"daacebandit","p2id":"bd542282","formatid":"gen9anythinggoes","rating":1298,"private":0,"password":""}