{"id":"gen9anythinggoes-1982639889","p1":"OmegacII","p2":"discoelectric2009","format":"[Gen 9] Anything Goes","log":"|j|\u2606OmegacII\n|j|\u2606discoelectric2009\n|t:|1699031968\n|gametype|singles\n|player|p1|OmegacII|170|\n|player|p2|discoelectric2009|lucas|\n|teamsize|p1|6\n|teamsize|p2|6\n|gen|9\n|tier|[Gen 9] Anything Goes\n|rule|HP Percentage Mod: HP is shown in percentages\n|rule|Endless Battle Clause: Forcing endless battles is banned\n|clearpoke\n|poke|p1|Chandelure, M|\n|poke|p1|Sinistcha|\n|poke|p1|Drifblim, F|\n|poke|p1|Annihilape, M|\n|poke|p1|Basculegion, M|\n|poke|p1|Zoroark-Hisui, M|\n|poke|p2|Spiritomb, M|\n|poke|p2|Flutter Mane|\n|poke|p2|Gholdengo|\n|poke|p2|Ceruledge, M|\n|poke|p2|Zoroark-Hisui, M|\n|poke|p2|Dragapult, F|\n|teampreview\n|inactive|Battle timer is ON: inactive players will automatically lose when time's up. (requested by discoelectric2009)\n|j| SoraLuz\n|inactive|discoelectric2009 has 270 seconds left.\n|\n|t:|1699032122\n|start\n|switch|p1a: Chandelure|Chandelure, M|100\/100\n|switch|p2a: Spiritomb|Spiritomb, M, shiny|100\/100\n|turn|1\n|\n|t:|1699032136\n|move|p1a: Chandelure|Flare Blitz|p2a: Spiritomb\n|-damage|p2a: Spiritomb|68\/100\n|-damage|p1a: Chandelure|91\/100|[from] Recoil\n|move|p2a: Spiritomb|Trick|p1a: Chandelure\n|-activate|p2a: Spiritomb|move: Trick|[of] p1a: Chandelure\n|-item|p1a: Chandelure|Toxic Orb|[from] move: Trick\n|-item|p2a: Spiritomb|Rocky Helmet|[from] move: Trick\n|\n|-status|p1a: Chandelure|tox|[from] item: Toxic Orb\n|upkeep\n|turn|2\n|\n|t:|1699032150\n|move|p1a: Chandelure|Fire Blast|p2a: Spiritomb\n|-damage|p2a: Spiritomb|18\/100\n|move|p2a: Spiritomb|Shadow Ball|p1a: Chandelure\n|-supereffective|p1a: Chandelure\n|-damage|p1a: Chandelure|22\/100 tox\n|\n|-damage|p1a: Chandelure|16\/100 tox|[from] psn\n|upkeep\n|turn|3\n|\n|t:|1699032175\n|move|p1a: Chandelure|Fire Blast|p2a: Spiritomb|[miss]\n|-miss|p1a: Chandelure|p2a: Spiritomb\n|move|p2a: Spiritomb|Memento|p1a: Chandelure\n|-unboost|p1a: Chandelure|atk|2\n|-unboost|p1a: Chandelure|spa|2\n|faint|p2a: Spiritomb\n|\n|-damage|p1a: Chandelure|4\/100 tox|[from] psn\n|upkeep\n|\n|t:|1699032188\n|switch|p2a: Gholdengo|Gholdengo|100\/100\n|turn|4\n|\n|t:|1699032192\n|move|p1a: Chandelure|Fire Blast|p2a: Gholdengo|[miss]\n|-miss|p1a: Chandelure|p2a: Gholdengo\n|move|p2a: Gholdengo|Light Screen|p2a: Gholdengo\n|-sidestart|p2: discoelectric2009|move: Light Screen\n|\n|-damage|p1a: Chandelure|0 fnt|[from] psn\n|faint|p1a: Chandelure\n|upkeep\n|\n|t:|1699032200\n|switch|p1a: Annihilape|Annihilape, M|100\/100\n|turn|5\n|\n|t:|1699032215\n|move|p1a: Annihilape|Close Combat|p2a: Gholdengo\n|-immune|p2a: Gholdengo\n|move|p2a: Gholdengo|Reflect|p2a: Gholdengo\n|-sidestart|p2: discoelectric2009|Reflect\n|\n|upkeep\n|turn|6\n|\n|t:|1699032223\n|move|p1a: Annihilape|Ice Punch|p2a: Gholdengo\n|-resisted|p2a: Gholdengo\n|-damage|p2a: Gholdengo|96\/100\n|move|p2a: Gholdengo|Make It Rain|p1a: Annihilape\n|-damage|p1a: Annihilape|39\/100\n|-unboost|p2a: Gholdengo|spa|1\n|\n|upkeep\n|turn|7\n|\n|t:|1699032232\n|switch|p1a: Sinistcha|Sinistcha|100\/100\n|move|p2a: Gholdengo|Make It Rain|p1a: Sinistcha\n|-crit|p1a: Sinistcha\n|-damage|p1a: Sinistcha|0 fnt\n|-unboost|p2a: Gholdengo|spa|1\n|replace|p1a: Zoroark|Zoroark-Hisui, M\n|-end|p1a: Zoroark|Illusion\n|faint|p1a: Zoroark\n|\n|upkeep\n|\n|t:|1699032243\n|switch|p1a: Basculegion|Basculegion, M|100\/100\n|turn|8\n|inactive|OmegacII has 270 seconds left.\n|\n|t:|1699032280\n|move|p1a: Basculegion|Aqua Jet|p2a: Gholdengo\n|-damage|p2a: Gholdengo|86\/100\n|move|p2a: Gholdengo|Make It Rain|p1a: Basculegion\n|-resisted|p1a: Basculegion\n|-damage|p1a: Basculegion|84\/100\n|-unboost|p2a: Gholdengo|spa|1\n|\n|upkeep\n|turn|9\n|inactive|OmegacII has 270 seconds left.\n|\n|t:|1699032293\n|switch|p2a: Flutter Mane|Flutter Mane|100\/100\n|move|p1a: Basculegion|Crunch|p2a: Flutter Mane\n|-damage|p2a: Flutter Mane|75\/100\n|\n|-heal|p2a: Flutter Mane|81\/100|[from] item: Leftovers\n|upkeep\n|turn|10\n|inactive|OmegacII has 270 seconds left.\n|\n|t:|1699032305\n|move|p1a: Basculegion|Aqua Jet|p2a: Flutter Mane\n|-damage|p2a: Flutter Mane|61\/100\n|move|p2a: Flutter Mane|Thunderbolt|p1a: Basculegion\n|-supereffective|p1a: Basculegion\n|-damage|p1a: Basculegion|20\/100\n|\n|-heal|p2a: Flutter Mane|67\/100|[from] item: Leftovers\n|upkeep\n|turn|11\n|inactive|OmegacII has 270 seconds left.\n|\n|t:|1699032317\n|move|p2a: Flutter Mane|Thunder Wave|p1a: Basculegion\n|-status|p1a: Basculegion|par\n|move|p1a: Basculegion|Endeavor|p2a: Flutter Mane\n|-immune|p2a: Flutter Mane\n|\n|-heal|p2a: Flutter Mane|73\/100|[from] item: Leftovers\n|-sideend|p2: discoelectric2009|move: Light Screen\n|upkeep\n|turn|12\n|inactive|OmegacII has 270 seconds left.\n|\n|t:|1699032333\n|switch|p1a: Drifblim|Drifblim, F|100\/100\n|move|p2a: Flutter Mane|Thunderbolt|p1a: Drifblim\n|-supereffective|p1a: Drifblim\n|-damage|p1a: Drifblim|29\/100\n|\n|-heal|p2a: Flutter Mane|79\/100|[from] item: Leftovers\n|-heal|p1a: Drifblim|35\/100|[from] item: Leftovers\n|-sideend|p2: discoelectric2009|Reflect\n|upkeep\n|turn|13\n|inactive|OmegacII has 270 seconds left.\n|\n|t:|1699032345\n|switch|p1a: Sinistcha|Sinistcha|100\/100\n|move|p2a: Flutter Mane|Thunderbolt|p1a: Sinistcha\n|-resisted|p1a: Sinistcha\n|-damage|p1a: Sinistcha|82\/100\n|\n|-heal|p2a: Flutter Mane|85\/100|[from] item: Leftovers\n|upkeep\n|turn|14\n|inactive|OmegacII has 270 seconds left.\n|\n|t:|1699032356\n|move|p2a: Flutter Mane|Thunder Wave|p1a: Sinistcha\n|-status|p1a: Sinistcha|par\n|move|p1a: Sinistcha|Leaf Storm|p2a: Flutter Mane\n|-damage|p2a: Flutter Mane|0 fnt\n|-unboost|p1a: Sinistcha|spa|2\n|faint|p2a: Flutter Mane\n|-end|p2a: Flutter Mane|Protosynthesis|[silent]\n|\n|upkeep\n|\n|t:|1699032370\n|switch|p2a: Ceruledge|Ceruledge, M|100\/100\n|turn|15\n|inactive|OmegacII has 270 seconds left.\n|\n|t:|1699032383\n|move|p2a: Ceruledge|Swords Dance|p2a: Ceruledge\n|-boost|p2a: Ceruledge|atk|2\n|move|p1a: Sinistcha|Leaf Storm|p2a: Ceruledge\n|-resisted|p2a: Ceruledge\n|-damage|p2a: Ceruledge|77\/100\n|-unboost|p1a: Sinistcha|spa|2\n|\n|upkeep\n|turn|16\n|inactive|OmegacII has 270 seconds left.\n|\n|t:|1699032395\n|-terastallize|p1a: Sinistcha|Grass\n|move|p2a: Ceruledge|Bitter Blade|p1a: Sinistcha\n|-supereffective|p1a: Sinistcha\n|-damage|p1a: Sinistcha|0 fnt\n|-heal|p2a: Ceruledge|100\/100|[from] drain|[of] p1a: Sinistcha\n|faint|p1a: Sinistcha\n|\n|upkeep\n|inactive|OmegacII has 270 seconds left.\n|\n|t:|1699032405\n|switch|p1a: Annihilape|Annihilape, M|39\/100\n|turn|17\n|inactive|OmegacII has 270 seconds left.\n|\n|t:|1699032418\n|move|p1a: Annihilape|Rest|p1a: Annihilape\n|-fail|p1a: Annihilape|[from] ability: Vital Spirit|[of] p1a: Annihilape\n|move|p2a: Ceruledge|Poison Jab|p1a: Annihilape\n|-resisted|p1a: Annihilape\n|-damage|p1a: Annihilape|14\/100\n|-damage|p2a: Ceruledge|84\/100|[from] item: Rocky Helmet|[of] p1a: Annihilape\n|\n|upkeep\n|turn|18\n|\n|t:|1699032438\n|move|p1a: Annihilape|Ice Punch|p2a: Ceruledge\n|-resisted|p2a: Ceruledge\n|-damage|p2a: Ceruledge|70\/100\n|-ability|p2a: Ceruledge|Weak Armor|boost\n|-unboost|p2a: Ceruledge|def|1\n|-boost|p2a: Ceruledge|spe|2\n|move|p2a: Ceruledge|Night Slash|p1a: Annihilape\n|-damage|p1a: Annihilape|0 fnt\n|-damage|p2a: Ceruledge|54\/100|[from] item: Rocky Helmet|[of] p1a: Annihilape\n|faint|p1a: Annihilape\n|\n|upkeep\n|inactive|OmegacII has 270 seconds left.\n|\n|t:|1699032449\n|switch|p1a: Drifblim|Drifblim, F|35\/100\n|turn|19\n|inactive|OmegacII has 270 seconds left.\n|\n|t:|1699032462\n|move|p2a: Ceruledge|Bitter Blade|p1a: Drifblim\n|-damage|p1a: Drifblim|0 fnt\n|-heal|p2a: Ceruledge|80\/100|[from] drain|[of] p1a: Drifblim\n|-damage|p2a: Ceruledge|55\/100|[from] ability: Aftermath|[of] p1a: Drifblim\n|faint|p1a: Drifblim\n|\n|upkeep\n|inactive|OmegacII has 270 seconds left.\n|\n|t:|1699032470\n|switch|p1a: Basculegion|Basculegion, M|20\/100 par\n|turn|20\n|\n|t:|1699032478\n|move|p2a: Ceruledge|Poison Jab|p1a: Basculegion\n|-resisted|p1a: Basculegion\n|-damage|p1a: Basculegion|0 fnt\n|faint|p1a: Basculegion\n|\n|win|discoelectric2009\n|l|\u2606discoelectric2009\n","uploadtime":1699032619,"views":2,"p1id":"omegacii","p2id":"discoelectric2009","formatid":"gen9anythinggoes","rating":0,"private":0,"password":""}