{"id":"gen9anythinggoes-1985806600","p1":"Wisper2ng","p2":"SwiftSnek","format":"[Gen 9] Anything Goes","log":"|j|\u2606Wisper2ng\n|j|\u2606SwiftSnek\n|t:|1699408178\n|gametype|singles\n|player|p1|Wisper2ng|wallace|1289\n|player|p2|SwiftSnek|265|1206\n|teamsize|p1|6\n|teamsize|p2|6\n|gen|9\n|tier|[Gen 9] Anything Goes\n|rated|\n|rule|HP Percentage Mod: HP is shown in percentages\n|rule|Endless Battle Clause: Forcing endless battles is banned\n|clearpoke\n|poke|p1|Calyrex-Shadow|\n|poke|p1|Arceus|\n|poke|p1|Koraidon|\n|poke|p1|Miraidon|\n|poke|p1|Skeledirge, M|\n|poke|p1|Maushold-Four|\n|poke|p2|Lokix, M|\n|poke|p2|Cyclizar, F|\n|poke|p2|Gastrodon, F|\n|poke|p2|Skeledirge, M|\n|poke|p2|Brambleghast, M|\n|poke|p2|Scizor, M|\n|teampreview\n|inactive|Battle timer is ON: inactive players will automatically lose when time's up. (requested by SwiftSnek)\n|\n|t:|1699408195\n|start\n|switch|p1a: Arceus|Arceus|100\/100\n|switch|p2a: Skeledirge|Skeledirge, M|100\/100\n|turn|1\n|\n|t:|1699408200\n|move|p1a: Arceus|Swords Dance|p1a: Arceus\n|-boost|p1a: Arceus|atk|2\n|move|p2a: Skeledirge|Will-O-Wisp|p1a: Arceus\n|-status|p1a: Arceus|brn\n|\n|-damage|p1a: Arceus|94\/100 brn|[from] brn\n|upkeep\n|turn|2\n|\n|t:|1699408210\n|move|p1a: Arceus|Swords Dance|p1a: Arceus\n|-boost|p1a: Arceus|atk|2\n|move|p2a: Skeledirge|Torch Song|p1a: Arceus\n|-damage|p1a: Arceus|72\/100 brn\n|-boost|p2a: Skeledirge|spa|1\n|\n|-damage|p1a: Arceus|65\/100 brn|[from] brn\n|upkeep\n|turn|3\n|\n|t:|1699408219\n|move|p1a: Arceus|Shadow Claw|p2a: Skeledirge\n|-supereffective|p2a: Skeledirge\n|-damage|p2a: Skeledirge|80\/100\n|-damage|p1a: Arceus|56\/100 brn|[from] item: Life Orb\n|move|p2a: Skeledirge|Torch Song|p1a: Arceus\n|-damage|p1a: Arceus|24\/100 brn\n|-boost|p2a: Skeledirge|spa|1\n|\n|-damage|p1a: Arceus|18\/100 brn|[from] brn\n|upkeep\n|turn|4\n|\n|t:|1699408236\n|move|p1a: Arceus|Shadow Claw|p2a: Skeledirge\n|-supereffective|p2a: Skeledirge\n|-crit|p2a: Skeledirge\n|-damage|p2a: Skeledirge|46\/100\n|-damage|p1a: Arceus|8\/100 brn|[from] item: Life Orb\n|move|p2a: Skeledirge|Torch Song|p1a: Arceus\n|-damage|p1a: Arceus|0 fnt\n|-boost|p2a: Skeledirge|spa|1\n|faint|p1a: Arceus\n|\n|upkeep\n|\n|t:|1699408244\n|switch|p1a: Koraidon|Koraidon|100\/100\n|-weather|SunnyDay|[from] ability: Orichalcum Pulse|[of] p1a: Koraidon\n|-activate|p1a: Koraidon|Orichalcum Pulse|[source]\n|turn|5\n|\n|t:|1699408251\n|move|p1a: Koraidon|Scale Shot|p2a: Skeledirge\n|-damage|p2a: Skeledirge|33\/100\n|-damage|p2a: Skeledirge|19\/100\n|-damage|p2a: Skeledirge|6\/100\n|-hitcount|p2a: Skeledirge|3\n|-unboost|p1a: Koraidon|def|1\n|-boost|p1a: Koraidon|spe|1\n|move|p2a: Skeledirge|Slack Off|p2a: Skeledirge\n|-heal|p2a: Skeledirge|56\/100\n|\n|-weather|SunnyDay|[upkeep]\n|upkeep\n|turn|6\n|\n|t:|1699408261\n|move|p1a: Koraidon|Scale Shot|p2a: Skeledirge\n|-damage|p2a: Skeledirge|42\/100\n|-damage|p2a: Skeledirge|29\/100\n|-hitcount|p2a: Skeledirge|2\n|-unboost|p1a: Koraidon|def|1\n|-boost|p1a: Koraidon|spe|1\n|move|p2a: Skeledirge|Will-O-Wisp|p1a: Koraidon\n|-status|p1a: Koraidon|brn\n|\n|-weather|SunnyDay|[upkeep]\n|-damage|p1a: Koraidon|94\/100 brn|[from] brn\n|upkeep\n|turn|7\n|\n|t:|1699408271\n|-terastallize|p2a: Skeledirge|Fairy\n|move|p1a: Koraidon|Scale Shot|p2a: Skeledirge\n|-immune|p2a: Skeledirge\n|move|p2a: Skeledirge|Slack Off|p2a: Skeledirge\n|-heal|p2a: Skeledirge|79\/100\n|\n|-weather|SunnyDay|[upkeep]\n|-damage|p1a: Koraidon|88\/100 brn|[from] brn\n|upkeep\n|turn|8\n|\n|t:|1699408279\n|move|p1a: Koraidon|Stomping Tantrum|p2a: Skeledirge\n|-damage|p2a: Skeledirge|52\/100\n|move|p2a: Skeledirge|Hex|p1a: Koraidon\n|-damage|p1a: Koraidon|6\/100 brn\n|\n|-weather|SunnyDay|[upkeep]\n|-damage|p1a: Koraidon|0 fnt|[from] brn\n|faint|p1a: Koraidon\n|upkeep\n|\n|t:|1699408282\n|switch|p1a: Maushold|Maushold-Four|100\/100\n|turn|9\n|\n|t:|1699408291\n|switch|p2a: Brambleghast|Brambleghast, M|100\/100\n|move|p1a: Maushold|Population Bomb|p2a: Brambleghast\n|-immune|p2a: Brambleghast\n|\n|-weather|none\n|upkeep\n|turn|10\n|\n|t:|1699408298\n|move|p1a: Maushold|Protect|p1a: Maushold\n|-singleturn|p1a: Maushold|Protect\n|move|p2a: Brambleghast|Trailblaze|p1a: Maushold\n|-activate|p1a: Maushold|move: Protect\n|\n|upkeep\n|turn|11\n|\n|t:|1699408306\n|switch|p1a: Skeledirge|Skeledirge, M|100\/100\n|move|p2a: Brambleghast|Trailblaze|p1a: Skeledirge\n|-resisted|p1a: Skeledirge\n|-damage|p1a: Skeledirge|90\/100\n|-boost|p2a: Brambleghast|spe|1\n|\n|-heal|p1a: Skeledirge|97\/100|[from] item: Leftovers\n|upkeep\n|turn|12\n|\n|t:|1699408318\n|switch|p2a: Gastrodon|Gastrodon, F|100\/100\n|move|p1a: Skeledirge|Will-O-Wisp|p2a: Gastrodon\n|-status|p2a: Gastrodon|brn\n|-enditem|p2a: Gastrodon|Lum Berry|[eat]\n|-curestatus|p2a: Gastrodon|brn|[msg]\n|\n|-heal|p1a: Skeledirge|100\/100|[from] item: Leftovers\n|upkeep\n|turn|13\n|\n|t:|1699408330\n|switch|p1a: Maushold|Maushold-Four|100\/100\n|move|p2a: Gastrodon|Stealth Rock|p1a: Maushold\n|-sidestart|p1: Wisper2ng|move: Stealth Rock\n|\n|upkeep\n|turn|14\n|\n|t:|1699408341\n|move|p1a: Maushold|Tidy Up|p1a: Maushold\n|-sideend|p1: Wisper2ng|Stealth Rock\n|-activate|p1a: Maushold|move: Tidy Up\n|-boost|p1a: Maushold|atk|1\n|-boost|p1a: Maushold|spe|1\n|move|p2a: Gastrodon|Surf|p1a: Maushold\n|-damage|p1a: Maushold|63\/100\n|\n|upkeep\n|turn|15\n|\n|t:|1699408348\n|move|p1a: Maushold|Population Bomb|p2a: Gastrodon\n|-damage|p2a: Gastrodon|85\/100\n|-damage|p2a: Gastrodon|69\/100\n|-damage|p2a: Gastrodon|55\/100\n|-damage|p2a: Gastrodon|39\/100\n|-damage|p2a: Gastrodon|25\/100\n|-damage|p2a: Gastrodon|11\/100\n|-damage|p2a: Gastrodon|0 fnt\n|faint|p2a: Gastrodon\n|-hitcount|p2: Gastrodon|7\n|\n|upkeep\n|\n|t:|1699408351\n|switch|p2a: Skeledirge|Skeledirge, M, tera:Fairy|52\/100\n|turn|16\n|\n|t:|1699408364\n|switch|p2a: Brambleghast|Brambleghast, M|100\/100\n|move|p1a: Maushold|Population Bomb|p2a: Brambleghast\n|-immune|p2a: Brambleghast\n|\n|upkeep\n|turn|17\n|\n|t:|1699408373\n|move|p1a: Maushold|Protect|p1a: Maushold\n|-singleturn|p1a: Maushold|Protect\n|move|p2a: Brambleghast|Trailblaze|p1a: Maushold\n|-activate|p1a: Maushold|move: Protect\n|\n|upkeep\n|turn|18\n|\n|t:|1699408380\n|switch|p1a: Skeledirge|Skeledirge, M|100\/100\n|move|p2a: Brambleghast|Spikes|p1a: Skeledirge\n|-sidestart|p1: Wisper2ng|Spikes\n|\n|upkeep\n|turn|19\n|\n|t:|1699408396\n|switch|p2a: Skeledirge|Skeledirge, M, tera:Fairy|52\/100\n|move|p1a: Skeledirge|Will-O-Wisp|p2a: Skeledirge\n|-status|p2a: Skeledirge|brn\n|\n|-damage|p2a: Skeledirge|46\/100 brn|[from] brn\n|upkeep\n|turn|20\n|\n|t:|1699408406\n|move|p1a: Skeledirge|Torch Song|p2a: Skeledirge\n|-damage|p2a: Skeledirge|23\/100 brn\n|-boost|p1a: Skeledirge|spa|1\n|move|p2a: Skeledirge|Slack Off|p2a: Skeledirge\n|-heal|p2a: Skeledirge|73\/100 brn\n|\n|-damage|p2a: Skeledirge|67\/100 brn|[from] brn\n|upkeep\n|turn|21\n|\n|t:|1699408413\n|move|p1a: Skeledirge|Torch Song|p2a: Skeledirge\n|-damage|p2a: Skeledirge|45\/100 brn\n|-boost|p1a: Skeledirge|spa|1\n|move|p2a: Skeledirge|Hex|p1a: Skeledirge\n|-supereffective|p1a: Skeledirge\n|-damage|p1a: Skeledirge|61\/100\n|\n|-heal|p1a: Skeledirge|68\/100|[from] item: Leftovers\n|-damage|p2a: Skeledirge|39\/100 brn|[from] brn\n|upkeep\n|turn|22\n|\n|t:|1699408424\n|move|p1a: Skeledirge|Torch Song|p2a: Skeledirge\n|-damage|p2a: Skeledirge|18\/100 brn\n|-boost|p1a: Skeledirge|spa|1\n|move|p2a: Skeledirge|Slack Off|p2a: Skeledirge\n|-heal|p2a: Skeledirge|68\/100 brn\n|\n|-heal|p1a: Skeledirge|74\/100|[from] item: Leftovers\n|-damage|p2a: Skeledirge|62\/100 brn|[from] brn\n|upkeep\n|turn|23\n|\n|t:|1699408438\n|move|p1a: Skeledirge|Torch Song|p2a: Skeledirge\n|-damage|p2a: Skeledirge|38\/100 brn\n|-boost|p1a: Skeledirge|spa|1\n|move|p2a: Skeledirge|Slack Off|p2a: Skeledirge\n|-heal|p2a: Skeledirge|88\/100 brn\n|\n|-heal|p1a: Skeledirge|80\/100|[from] item: Leftovers\n|-damage|p2a: Skeledirge|82\/100 brn|[from] brn\n|upkeep\n|turn|24\n|\n|t:|1699408445\n|move|p1a: Skeledirge|Torch Song|p2a: Skeledirge\n|-damage|p2a: Skeledirge|59\/100 brn\n|-boost|p1a: Skeledirge|spa|1\n|move|p2a: Skeledirge|Hex|p1a: Skeledirge\n|-supereffective|p1a: Skeledirge\n|-damage|p1a: Skeledirge|38\/100\n|\n|-heal|p1a: Skeledirge|44\/100|[from] item: Leftovers\n|-damage|p2a: Skeledirge|53\/100 brn|[from] brn\n|upkeep\n|turn|25\n|inactive|SwiftSnek has 120 seconds left.\n|\n|t:|1699408477\n|move|p1a: Skeledirge|Slack Off|p1a: Skeledirge\n|-heal|p1a: Skeledirge|94\/100\n|move|p2a: Skeledirge|Hex|p1a: Skeledirge\n|-supereffective|p1a: Skeledirge\n|-damage|p1a: Skeledirge|52\/100\n|\n|-heal|p1a: Skeledirge|59\/100|[from] item: Leftovers\n|-damage|p2a: Skeledirge|47\/100 brn|[from] brn\n|upkeep\n|turn|26\n|\n|t:|1699408486\n|move|p1a: Skeledirge|Hex|p2a: Skeledirge\n|-damage|p2a: Skeledirge|8\/100 brn\n|move|p2a: Skeledirge|Slack Off|p2a: Skeledirge\n|-heal|p2a: Skeledirge|58\/100 brn\n|\n|-heal|p1a: Skeledirge|65\/100|[from] item: Leftovers\n|-damage|p2a: Skeledirge|52\/100 brn|[from] brn\n|upkeep\n|turn|27\n|\n|t:|1699408493\n|move|p1a: Skeledirge|Hex|p2a: Skeledirge\n|-damage|p2a: Skeledirge|18\/100 brn\n|move|p2a: Skeledirge|Torch Song|p1a: Skeledirge\n|-resisted|p1a: Skeledirge\n|-damage|p1a: Skeledirge|52\/100\n|-boost|p2a: Skeledirge|spa|1\n|\n|-heal|p1a: Skeledirge|58\/100|[from] item: Leftovers\n|-damage|p2a: Skeledirge|12\/100 brn|[from] brn\n|upkeep\n|turn|28\n|\n|t:|1699408505\n|move|p1a: Skeledirge|Hex|p2a: Skeledirge\n|-damage|p2a: Skeledirge|0 fnt\n|faint|p2a: Skeledirge\n|\n|-heal|p1a: Skeledirge|65\/100|[from] item: Leftovers\n|upkeep\n|\n|t:|1699408509\n|switch|p2a: Lokix|Lokix, M|100\/100\n|turn|29\n|\n|t:|1699408516\n|move|p2a: Lokix|First Impression|p1a: Skeledirge\n|-resisted|p1a: Skeledirge\n|-damage|p1a: Skeledirge|43\/100\n|-damage|p2a: Lokix|91\/100|[from] item: Life Orb\n|move|p1a: Skeledirge|Slack Off|p1a: Skeledirge\n|-heal|p1a: Skeledirge|93\/100\n|\n|-heal|p1a: Skeledirge|99\/100|[from] item: Leftovers\n|upkeep\n|turn|30\n|c|\u2606Wisper2ng|!data first impression\n|raw|<ul class=\"utilichart\"><li class=\"result\"><span class=\"col movenamecol\"><a href=\"https:\/\/dex.pokemonshowdown.com\/moves\/firstimpression\">First Impression<\/a><\/span> <span class=\"col typecol\"><img src=\"\/\/play.pokemonshowdown.com\/sprites\/types\/Bug.png\" alt=\"Bug\" width=\"32\" height=\"14\"><img src=\"\/\/play.pokemonshowdown.com\/sprites\/categories\/Physical.png\" alt=\"Physical\" width=\"32\" height=\"14\"><\/span> <span class=\"col labelcol\"><em>Power<\/em><br>90<\/span> <span class=\"col widelabelcol\"><em>Accuracy<\/em><br>100%<\/span> <span class=\"col pplabelcol\"><em>PP<\/em><br>16<\/span> <span class=\"col movedesccol\">Hits first. First turn out only.<\/span> <\/li><li style=\"clear:both\"><\/li><\/ul>\n\n|\n|t:|1699408534\n|move|p2a: Lokix|Sucker Punch|p1a: Skeledirge\n|-supereffective|p1a: Skeledirge\n|-damage|p1a: Skeledirge|30\/100\n|-damage|p2a: Lokix|81\/100|[from] item: Life Orb\n|move|p1a: Skeledirge|Torch Song|p2a: Lokix\n|-supereffective|p2a: Lokix\n|-damage|p2a: Lokix|0 fnt\n|-boost|p1a: Skeledirge|spa|1\n|faint|p2a: Lokix\n|\n|-heal|p1a: Skeledirge|36\/100|[from] item: Leftovers\n|upkeep\n|\n|t:|1699408537\n|switch|p2a: Brambleghast|Brambleghast, M|100\/100\n|turn|31\n|\n|t:|1699408541\n|move|p2a: Brambleghast|Shadow Sneak|p1a: Skeledirge\n|-supereffective|p1a: Skeledirge\n|-damage|p1a: Skeledirge|6\/100\n|move|p1a: Skeledirge|Slack Off|p1a: Skeledirge\n|-heal|p1a: Skeledirge|56\/100\n|\n|-heal|p1a: Skeledirge|62\/100|[from] item: Leftovers\n|upkeep\n|turn|32\n|\n|t:|1699408550\n|move|p2a: Brambleghast|Spikes|p1a: Skeledirge\n|-sidestart|p1: Wisper2ng|Spikes\n|move|p1a: Skeledirge|Slack Off|p1a: Skeledirge\n|-heal|p1a: Skeledirge|100\/100\n|\n|upkeep\n|turn|33\n|\n|t:|1699408555\n|move|p2a: Brambleghast|Spikes|p1a: Skeledirge\n|-sidestart|p1: Wisper2ng|Spikes\n|move|p1a: Skeledirge|Will-O-Wisp|p2a: Brambleghast\n|-status|p2a: Brambleghast|brn\n|\n|-damage|p2a: Brambleghast|95\/100 brn|[from] brn\n|upkeep\n|turn|34\n|\n|t:|1699408558\n|move|p2a: Brambleghast|Shadow Sneak|p1a: Skeledirge\n|-supereffective|p1a: Skeledirge\n|-damage|p1a: Skeledirge|85\/100\n|move|p1a: Skeledirge|Torch Song|p2a: Brambleghast\n|-supereffective|p2a: Brambleghast\n|-damage|p2a: Brambleghast|0 fnt\n|faint|p2a: Brambleghast\n|\n|-heal|p1a: Skeledirge|91\/100|[from] item: Leftovers\n|upkeep\n|\n|t:|1699408561\n|switch|p2a: Cyclizar|Cyclizar, F|100\/100\n|turn|35\n|\n|t:|1699408574\n|move|p2a: Cyclizar|Iron Head|p1a: Skeledirge\n|-resisted|p1a: Skeledirge\n|-damage|p1a: Skeledirge|81\/100\n|cant|p1a: Skeledirge|flinch\n|\n|-heal|p1a: Skeledirge|88\/100|[from] item: Leftovers\n|upkeep\n|turn|36\n|\n|t:|1699408580\n|move|p2a: Cyclizar|Iron Head|p1a: Skeledirge\n|-resisted|p1a: Skeledirge\n|-damage|p1a: Skeledirge|78\/100\n|move|p1a: Skeledirge|Torch Song|p2a: Cyclizar\n|-resisted|p2a: Cyclizar\n|-damage|p2a: Cyclizar|2\/100\n|\n|-heal|p1a: Skeledirge|85\/100|[from] item: Leftovers\n|upkeep\n|turn|37\n|\n|t:|1699408589\n|move|p2a: Cyclizar|Iron Head|p1a: Skeledirge\n|-resisted|p1a: Skeledirge\n|-damage|p1a: Skeledirge|75\/100\n|move|p1a: Skeledirge|Torch Song|p2a: Cyclizar\n|-resisted|p2a: Cyclizar\n|-crit|p2a: Cyclizar\n|-damage|p2a: Cyclizar|0 fnt\n|faint|p2a: Cyclizar\n|\n|-heal|p1a: Skeledirge|81\/100|[from] item: Leftovers\n|upkeep\n|\n|t:|1699408591\n|switch|p2a: Scizor|Scizor, M|100\/100\n|turn|38\n|\n|t:|1699408599\n|move|p1a: Skeledirge|Torch Song|p2a: Scizor\n|-supereffective|p2a: Scizor\n|-damage|p2a: Scizor|0 fnt\n|faint|p2a: Scizor\n|\n|win|Wisper2ng\n|raw|Wisper2ng's rating: 1289 &rarr; <strong>1309<\/strong><br \/>(+20 for winning)\n|raw|SwiftSnek's rating: 1225 &rarr; <strong>1205<\/strong><br \/>(-20 for losing)\n|c|\u2606Wisper2ng|Gg\n|l|\u2606SwiftSnek\n","uploadtime":1699408615,"views":5,"p1id":"wisper2ng","p2id":"swiftsnek","formatid":"gen9anythinggoes","rating":1205,"private":0,"password":""}