{"id":"gen9anythinggoes-1990302981","p1":"Mkay1020","p2":"N with mismagius","format":"[Gen 9] Anything Goes","log":"|j|\u2606Mkay1020\n|j|\u2606N with mismagius\n|t:|1699953599\n|gametype|singles\n|player|p1|Mkay1020|102|1000\n|player|p2|N with mismagius|n|1030\n|teamsize|p1|3\n|teamsize|p2|6\n|gen|9\n|tier|[Gen 9] Anything Goes\n|rated|\n|rule|HP Percentage Mod: HP is shown in percentages\n|rule|Endless Battle Clause: Forcing endless battles is banned\n|clearpoke\n|poke|p1|Arceus-Fairy|\n|poke|p1|Corviknight, F|\n|poke|p1|Kingambit, F|\n|poke|p2|Gyarados, M|\n|poke|p2|Hippowdon, M|\n|poke|p2|Cloyster, M|\n|poke|p2|Eelektross, M|\n|poke|p2|Arcanine, M|\n|poke|p2|Breloom, M|\n|teampreview\n|\n|t:|1699953613\n|start\n|switch|p1a: Arceus|Arceus-Fairy|100\/100\n|switch|p2a: Cloyster|Cloyster, M|100\/100\n|turn|1\n|\n|t:|1699953619\n|move|p1a: Arceus|Cosmic Power|p1a: Arceus\n|-boost|p1a: Arceus|def|1\n|-boost|p1a: Arceus|spd|1\n|move|p2a: Cloyster|Shell Smash|p2a: Cloyster\n|-unboost|p2a: Cloyster|def|1\n|-unboost|p2a: Cloyster|spd|1\n|-boost|p2a: Cloyster|atk|2\n|-boost|p2a: Cloyster|spa|2\n|-boost|p2a: Cloyster|spe|2\n|-enditem|p2a: Cloyster|White Herb\n|-clearnegativeboost|p2a: Cloyster|[silent]\n|\n|upkeep\n|turn|2\n|\n|t:|1699953630\n|move|p2a: Cloyster|Icicle Spear|p1a: Arceus\n|-damage|p1a: Arceus|90\/100\n|-damage|p1a: Arceus|80\/100\n|-damage|p1a: Arceus|68\/100\n|-hitcount|p1a: Arceus|3\n|move|p1a: Arceus|Cosmic Power|p1a: Arceus\n|-boost|p1a: Arceus|def|1\n|-boost|p1a: Arceus|spd|1\n|\n|upkeep\n|turn|3\n|\n|t:|1699953639\n|move|p2a: Cloyster|Drill Run|p1a: Arceus\n|-damage|p1a: Arceus|51\/100\n|move|p1a: Arceus|Cosmic Power|p1a: Arceus\n|-boost|p1a: Arceus|def|1\n|-boost|p1a: Arceus|spd|1\n|\n|upkeep\n|turn|4\n|\n|t:|1699953646\n|move|p2a: Cloyster|Waterfall|p1a: Arceus\n|-damage|p1a: Arceus|33\/100\n|move|p1a: Arceus|Cosmic Power|p1a: Arceus\n|-boost|p1a: Arceus|def|1\n|-boost|p1a: Arceus|spd|1\n|\n|upkeep\n|turn|5\n|\n|t:|1699953654\n|move|p2a: Cloyster|Icicle Spear|p1a: Arceus\n|-crit|p1a: Arceus\n|-damage|p1a: Arceus|8\/100\n|-damage|p1a: Arceus|3\/100\n|-hitcount|p1a: Arceus|2\n|move|p1a: Arceus|Recover|p1a: Arceus\n|-heal|p1a: Arceus|53\/100\n|\n|upkeep\n|turn|6\n|c|\u2606N with mismagius|fuck this shit\n|\n|t:|1699953670\n|move|p2a: Cloyster|Icicle Spear|p1a: Arceus\n|-damage|p1a: Arceus|48\/100\n|-damage|p1a: Arceus|43\/100\n|-hitcount|p1a: Arceus|2\n|move|p1a: Arceus|Cosmic Power|p1a: Arceus\n|-boost|p1a: Arceus|def|1\n|-boost|p1a: Arceus|spd|1\n|\n|upkeep\n|turn|7\n|\n|t:|1699953680\n|move|p2a: Cloyster|Waterfall|p1a: Arceus\n|-damage|p1a: Arceus|29\/100\n|cant|p1a: Arceus|flinch\n|\n|upkeep\n|turn|8\n|\n|t:|1699953686\n|move|p2a: Cloyster|Waterfall|p1a: Arceus\n|-damage|p1a: Arceus|14\/100\n|move|p1a: Arceus|Recover|p1a: Arceus\n|-heal|p1a: Arceus|64\/100\n|\n|upkeep\n|turn|9\n|c|\u2606N with mismagius|why stall\n|\n|t:|1699953697\n|move|p2a: Cloyster|Waterfall|p1a: Arceus\n|-damage|p1a: Arceus|49\/100\n|cant|p1a: Arceus|flinch\n|\n|upkeep\n|turn|10\n|\n|t:|1699953704\n|move|p2a: Cloyster|Waterfall|p1a: Arceus\n|-damage|p1a: Arceus|34\/100\n|move|p1a: Arceus|Body Press|p2a: Cloyster\n|-supereffective|p2a: Cloyster\n|-damage|p2a: Cloyster|0 fnt\n|faint|p2a: Cloyster\n|\n|upkeep\n|c|\u2606N with mismagius|damn\n|\n|t:|1699953717\n|switch|p2a: Arcanine|Arcanine, M|100\/100\n|-ability|p2a: Arcanine|Intimidate|boost\n|-unboost|p1a: Arceus|atk|1\n|turn|11\n|\n|t:|1699953723\n|-terastallize|p2a: Arcanine|Normal\n|move|p2a: Arcanine|Extreme Speed|p1a: Arceus\n|-damage|p1a: Arceus|25\/100\n|move|p1a: Arceus|Body Press|p2a: Arcanine\n|-supereffective|p2a: Arcanine\n|-damage|p2a: Arcanine|0 fnt\n|faint|p2a: Arcanine\n|\n|upkeep\n|-message|N with mismagius forfeited.\n|\n|win|Mkay1020\n|raw|Mkay1020's rating: 1000 &rarr; <strong>1043<\/strong><br \/>(+43 for winning)\n|raw|N with mismagius's rating: 1030 &rarr; <strong>1014<\/strong><br \/>(-16 for losing)\n","uploadtime":1699953668,"views":5,"p1id":"mkay1020","p2id":"nwithmismagius","formatid":"gen9anythinggoes","rating":1014,"private":0,"password":""}