{"id":"gen9anythinggoes-1995683300","p1":"GildedSapphire","p2":"JLF1229JLF","format":"[Gen 9] Anything Goes","log":"|j|\u2606GildedSapphire\n|j|\u2606JLF1229JLF\n|t:|1700593639\n|gametype|singles\n|player|p1|GildedSapphire|wallace|1092\n|player|p2|JLF1229JLF|unknown|1040\n|teamsize|p1|6\n|teamsize|p2|6\n|gen|9\n|tier|[Gen 9] Anything Goes\n|rated|\n|rule|HP Percentage Mod: HP is shown in percentages\n|rule|Endless Battle Clause: Forcing endless battles is banned\n|clearpoke\n|poke|p1|Houndstone, F|\n|poke|p1|Tyranitar, F|\n|poke|p1|Flutter Mane|\n|poke|p1|Glimmora, F|\n|poke|p1|Zoroark-Hisui, M|\n|poke|p1|Drifblim, F|\n|poke|p2|Annihilape, M|\n|poke|p2|Ogerpon-Wellspring, F|\n|poke|p2|Miraidon|\n|poke|p2|Sneasler, M|\n|poke|p2|Gliscor, M|\n|poke|p2|Landorus-Therian, M|\n|teampreview\n|\n|t:|1700593660\n|start\n|switch|p1a: Flutter Mane|Flutter Mane|100\/100\n|switch|p2a: Gliscor|Gliscor, M, shiny|100\/100\n|turn|1\n|\n|t:|1700593675\n|move|p1a: Flutter Mane|Flamethrower|p2a: Gliscor\n|-damage|p2a: Gliscor|54\/100\n|move|p2a: Gliscor|Swords Dance|p2a: Gliscor\n|-boost|p2a: Gliscor|atk|2\n|\n|-status|p2a: Gliscor|tox|[from] item: Toxic Orb\n|upkeep\n|turn|2\n|\n|t:|1700593690\n|switch|p2a: Sneasler|Sneasler, M, shiny|100\/100\n|move|p1a: Flutter Mane|Memento|p2a: Sneasler\n|-unboost|p2a: Sneasler|atk|2\n|-unboost|p2a: Sneasler|spa|2\n|faint|p1a: Flutter Mane\n|\n|upkeep\n|inactive|Battle timer is ON: inactive players will automatically lose when time's up. (requested by GildedSapphire)\n|\n|t:|1700593702\n|switch|p1a: Glimmora|Glimmora, F|100\/100\n|turn|3\n|\n|t:|1700593722\n|move|p2a: Sneasler|Fake Out|p1a: Glimmora\n|-resisted|p1a: Glimmora\n|-damage|p1a: Glimmora|96\/100\n|-activate|p1a: Glimmora|ability: Toxic Debris\n|-sidestart|p2: JLF1229JLF|move: Toxic Spikes\n|cant|p1a: Glimmora|flinch\n|\n|-heal|p1a: Glimmora|100\/100|[from] item: Leftovers\n|upkeep\n|turn|4\n|\n|t:|1700593736\n|move|p2a: Sneasler|Brick Break|p1a: Glimmora\n|-damage|p1a: Glimmora|78\/100\n|-activate|p1a: Glimmora|ability: Toxic Debris\n|-sidestart|p2: JLF1229JLF|move: Toxic Spikes\n|move|p1a: Glimmora|Earth Power|p2a: Sneasler\n|-supereffective|p2a: Sneasler\n|-damage|p2a: Sneasler|44\/100\n|\n|-heal|p1a: Glimmora|84\/100|[from] item: Leftovers\n|upkeep\n|turn|5\n|\n|t:|1700593750\n|move|p2a: Sneasler|Dire Claw|p1a: Glimmora\n|-resisted|p1a: Glimmora\n|-damage|p1a: Glimmora|77\/100\n|move|p1a: Glimmora|Earth Power|p2a: Sneasler\n|-supereffective|p2a: Sneasler\n|-crit|p2a: Sneasler\n|-damage|p2a: Sneasler|0 fnt\n|faint|p2a: Sneasler\n|\n|-heal|p1a: Glimmora|83\/100|[from] item: Leftovers\n|upkeep\n|\n|t:|1700593764\n|switch|p2a: Landorus|Landorus-Therian, M|100\/100\n|-ability|p2a: Landorus|Intimidate|boost\n|-unboost|p1a: Glimmora|atk|1\n|turn|6\n|\n|t:|1700593771\n|move|p2a: Landorus|Earthquake|p1a: Glimmora\n|-supereffective|p1a: Glimmora\n|-damage|p1a: Glimmora|0 fnt\n|faint|p1a: Glimmora\n|\n|upkeep\n|\n|t:|1700593779\n|switch|p1a: Flutter Mane|Flutter Mane|100\/100\n|-enditem|p1a: Flutter Mane|Booster Energy\n|-activate|p1a: Flutter Mane|ability: Protosynthesis|[fromitem]\n|-start|p1a: Flutter Mane|protosynthesisspe\n|turn|7\n|\n|t:|1700593805\n|switch|p2a: Annihilape|Annihilape, M, shiny|100\/100\n|-status|p2a: Annihilape|tox\n|move|p1a: Flutter Mane|Shadow Ball|p2a: Annihilape\n|-supereffective|p2a: Annihilape\n|-damage|p2a: Annihilape|7\/100 tox\n|\n|-damage|p2a: Annihilape|1\/100 tox|[from] psn\n|upkeep\n|turn|8\n|inactive|JLF1229JLF has 120 seconds left.\n|\n|t:|1700593831\n|move|p1a: Flutter Mane|Moonblast|p2a: Annihilape\n|-supereffective|p2a: Annihilape\n|-damage|p2a: Annihilape|0 fnt\n|faint|p2a: Annihilape\n|\n|upkeep\n|\n|t:|1700593845\n|switch|p2a: Ogerpon|Ogerpon-Wellspring, F|100\/100\n|-status|p2a: Ogerpon|tox\n|turn|9\n|\n|t:|1700593857\n|move|p1a: Flutter Mane|Memento|p2a: Ogerpon\n|-unboost|p2a: Ogerpon|atk|2\n|-unboost|p2a: Ogerpon|spa|2\n|faint|p1a: Flutter Mane\n|-end|p1a: Flutter Mane|Protosynthesis|[silent]\n|move|p2a: Ogerpon|Swords Dance|p2a: Ogerpon\n|-boost|p2a: Ogerpon|atk|2\n|\n|-damage|p2a: Ogerpon|95\/100 tox|[from] psn\n|upkeep\n|\n|t:|1700593868\n|switch|p1a: Drifblim|Drifblim, F|100\/100\n|turn|10\n|\n|t:|1700593875\n|move|p2a: Ogerpon|Ivy Cudgel|p1a: Drifblim|[anim] Ivy Cudgel Water\n|-damage|p1a: Drifblim|20\/100\n|-enditem|p1a: Drifblim|Salac Berry|[eat]\n|-boost|p1a: Drifblim|spe|1|[from] item: Salac Berry\n|move|p1a: Drifblim|Minimize|p1a: Drifblim\n|-boost|p1a: Drifblim|evasion|2\n|\n|-damage|p2a: Ogerpon|83\/100 tox|[from] psn\n|upkeep\n|turn|11\n|inactive|JLF1229JLF has 120 seconds left.\n|\n|t:|1700593889\n|move|p2a: Ogerpon|Ivy Cudgel|p1a: Drifblim|[anim] Ivy Cudgel Water\n|-damage|p1a: Drifblim|0 fnt\n|faint|p1a: Drifblim\n|\n|-damage|p2a: Ogerpon|65\/100 tox|[from] psn\n|upkeep\n|\n|t:|1700593896\n|switch|p1a: Tyranitar|Tyranitar, F|100\/100\n|-weather|Sandstorm|[from] ability: Sand Stream|[of] p1a: Tyranitar\n|turn|12\n|\n|t:|1700593903\n|move|p2a: Ogerpon|Horn Leech|p1a: Tyranitar\n|-supereffective|p1a: Tyranitar\n|-damage|p1a: Tyranitar|35\/100\n|-heal|p2a: Ogerpon|100\/100 tox|[from] drain|[of] p1a: Tyranitar\n|move|p1a: Tyranitar|Foul Play|p2a: Ogerpon\n|-damage|p2a: Ogerpon|37\/100 tox\n|\n|-weather|Sandstorm|[upkeep]\n|-damage|p2a: Ogerpon|31\/100 tox|[from] Sandstorm\n|-damage|p2a: Ogerpon|7\/100 tox|[from] psn\n|upkeep\n|turn|13\n|\n|t:|1700593915\n|switch|p1a: Houndstone|Houndstone, F|100\/100\n|move|p2a: Ogerpon|Horn Leech|p1a: Houndstone\n|-damage|p1a: Houndstone|51\/100\n|-heal|p2a: Ogerpon|31\/100 tox|[from] drain|[of] p1a: Houndstone\n|\n|-weather|Sandstorm|[upkeep]\n|-damage|p2a: Ogerpon|25\/100 tox|[from] Sandstorm\n|-damage|p2a: Ogerpon|0 fnt|[from] psn\n|faint|p2a: Ogerpon\n|upkeep\n|inactive|JLF1229JLF has 120 seconds left.\n|\n|t:|1700593930\n|switch|p2a: Landorus|Landorus-Therian, M|100\/100\n|-ability|p2a: Landorus|Intimidate|boost\n|-unboost|p1a: Houndstone|atk|1\n|turn|14\n|\n|t:|1700593938\n|-terastallize|p1a: Houndstone|Normal\n|move|p1a: Houndstone|Last Respects|p2a: Landorus\n|-damage|p2a: Landorus|0 fnt\n|faint|p2a: Landorus\n|\n|-weather|Sandstorm|[upkeep]\n|upkeep\n|inactive|JLF1229JLF has 120 seconds left.\n|\n|t:|1700593952\n|switch|p2a: Gliscor|Gliscor, M, shiny|54\/100 tox\n|turn|15\n|inactive|JLF1229JLF has 120 seconds left.\n|\n|t:|1700593982\n|move|p1a: Houndstone|Last Respects|p2a: Gliscor\n|-damage|p2a: Gliscor|0 fnt\n|faint|p2a: Gliscor\n|\n|-weather|Sandstorm|[upkeep]\n|upkeep\n|\n|t:|1700593989\n|switch|p2a: Miraidon|Miraidon|100\/100\n|-status|p2a: Miraidon|tox\n|-fieldstart|move: Electric Terrain|[from] ability: Hadron Engine|[of] p2a: Miraidon\n|turn|16\n|\n|t:|1700593997\n|move|p1a: Houndstone|Last Respects|p2a: Miraidon\n|-damage|p2a: Miraidon|0 fnt\n|faint|p2a: Miraidon\n|\n|win|GildedSapphire\n|raw|GildedSapphire's rating: 1092 &rarr; <strong>1114<\/strong><br \/>(+22 for winning)\n|raw|JLF1229JLF's rating: 1040 &rarr; <strong>1026<\/strong><br \/>(-14 for losing)\n|c|\u2606GildedSapphire|gg\n","uploadtime":1700594005,"views":0,"p1id":"gildedsapphire","p2id":"jlf1229jlf","formatid":"gen9anythinggoes","rating":1026,"private":0,"password":""}