{"id":"gen9anythinggoes-1984556370","p1":"cantfindwhoasked","p2":"Guyisprettycool","format":"[Gen 9] Anything Goes","log":"|j|\u2606cantfindwhoasked\n|j|\u2606Guyisprettycool\n|t:|1699279461\n|gametype|singles\n|player|p1|cantfindwhoasked|101|1202\n|player|p2|Guyisprettycool|ash|1133\n|teamsize|p1|6\n|teamsize|p2|6\n|gen|9\n|tier|[Gen 9] Anything Goes\n|rated|\n|rule|HP Percentage Mod: HP is shown in percentages\n|rule|Endless Battle Clause: Forcing endless battles is banned\n|clearpoke\n|poke|p1|Jirachi|\n|poke|p1|Gallade, M|\n|poke|p1|Ninetales, M|\n|poke|p1|Charizard, F|\n|poke|p1|Pawmot, F|\n|poke|p1|Ribombee, F|\n|poke|p2|Urshifu-*, F|\n|poke|p2|Drifblim, F|\n|poke|p2|Polteageist-Antique|\n|poke|p2|Pawmot, F|\n|poke|p2|Pawmot, F|\n|poke|p2|Froslass, F|\n|teampreview\n|inactive|Battle timer is ON: inactive players will automatically lose when time's up. (requested by Guyisprettycool)\n|inactive|cantfindwhoasked also wants the timer to be on.\n|\n|t:|1699279467\n|start\n|switch|p1a: Ribombee|Ribombee, F|100\/100\n|switch|p2a: Drifblim|Drifblim, F|100\/100\n|turn|1\n|\n|t:|1699279472\n|move|p1a: Ribombee|Moonblast|p2a: Drifblim\n|-damage|p2a: Drifblim|64\/100\n|move|p2a: Drifblim|Minimize|p2a: Drifblim\n|-boost|p2a: Drifblim|evasion|2\n|\n|upkeep\n|turn|2\n|\n|t:|1699279478\n|move|p1a: Ribombee|Moonblast|p2a: Drifblim|[miss]\n|-miss|p1a: Ribombee|p2a: Drifblim\n|move|p2a: Drifblim|Minimize|p2a: Drifblim\n|-boost|p2a: Drifblim|evasion|2\n|\n|upkeep\n|turn|3\n|\n|t:|1699279482\n|switch|p1a: Charizard|Charizard, F|100\/100\n|move|p2a: Drifblim|Minimize|p2a: Drifblim\n|-boost|p2a: Drifblim|evasion|2\n|\n|upkeep\n|turn|4\n|\n|t:|1699279487\n|move|p1a: Charizard|Flamethrower|p2a: Drifblim|[miss]\n|-miss|p1a: Charizard|p2a: Drifblim\n|move|p2a: Drifblim|Baton Pass|p2a: Drifblim\n|\n|t:|1699279491\n|switch|p2a: Polteageist|Polteageist-Antique|100\/100|[from] Baton Pass\n|\n|upkeep\n|turn|5\n|\n|t:|1699279496\n|move|p1a: Charizard|Flamethrower|p2a: Polteageist|[miss]\n|-miss|p1a: Charizard|p2a: Polteageist\n|move|p2a: Polteageist|Shell Smash|p2a: Polteageist\n|-unboost|p2a: Polteageist|def|1\n|-unboost|p2a: Polteageist|spd|1\n|-boost|p2a: Polteageist|atk|2\n|-boost|p2a: Polteageist|spa|2\n|-boost|p2a: Polteageist|spe|2\n|-enditem|p2a: Polteageist|White Herb\n|-clearnegativeboost|p2a: Polteageist|[silent]\n|\n|upkeep\n|turn|6\n|\n|t:|1699279504\n|move|p1a: Charizard|Flamethrower|p2a: Polteageist|[miss]\n|-miss|p1a: Charizard|p2a: Polteageist\n|move|p2a: Polteageist|Baton Pass|p2a: Polteageist\n|\n|t:|1699279510\n|switch|p2a: Urshifu|Urshifu-Rapid-Strike, F|100\/100|[from] Baton Pass\n|\n|upkeep\n|turn|7\n|\n|t:|1699279518\n|move|p2a: Urshifu|Surging Strikes|p1a: Charizard\n|-supereffective|p1a: Charizard\n|-crit|p1a: Charizard\n|-damage|p1a: Charizard|1\/100\n|-supereffective|p1a: Charizard\n|-crit|p1a: Charizard\n|-damage|p1a: Charizard|0 fnt\n|faint|p1a: Charizard\n|-hitcount|p1: Charizard|2\n|\n|upkeep\n|\n|t:|1699279526\n|switch|p1a: Ninetales|Ninetales, M|100\/100\n|-weather|SunnyDay|[from] ability: Drought|[of] p1a: Ninetales\n|turn|8\n|\n|t:|1699279531\n|move|p2a: Urshifu|Surging Strikes|p1a: Ninetales\n|-supereffective|p1a: Ninetales\n|-crit|p1a: Ninetales\n|-damage|p1a: Ninetales|52\/100\n|-supereffective|p1a: Ninetales\n|-crit|p1a: Ninetales\n|-damage|p1a: Ninetales|1\/100\n|-supereffective|p1a: Ninetales\n|-crit|p1a: Ninetales\n|-damage|p1a: Ninetales|0 fnt\n|faint|p1a: Ninetales\n|-hitcount|p1: Ninetales|3\n|\n|-weather|SunnyDay|[upkeep]\n|upkeep\n|\n|t:|1699279538\n|switch|p1a: Gallade|Gallade, M|100\/100\n|turn|9\n|\n|t:|1699279543\n|move|p2a: Urshifu|Surging Strikes|p1a: Gallade\n|-crit|p1a: Gallade\n|-damage|p1a: Gallade|70\/100\n|-crit|p1a: Gallade\n|-damage|p1a: Gallade|42\/100\n|-crit|p1a: Gallade\n|-damage|p1a: Gallade|15\/100\n|-hitcount|p1a: Gallade|3\n|move|p1a: Gallade|Psycho Cut|p2a: Urshifu|[miss]\n|-miss|p1a: Gallade|p2a: Urshifu\n|\n|-weather|SunnyDay|[upkeep]\n|upkeep\n|turn|10\n|\n|t:|1699279553\n|move|p2a: Urshifu|Acrobatics|p1a: Gallade\n|-supereffective|p1a: Gallade\n|-damage|p1a: Gallade|0 fnt\n|faint|p1a: Gallade\n|\n|-weather|SunnyDay|[upkeep]\n|upkeep\n|\n|t:|1699279556\n|switch|p1a: Ribombee|Ribombee, F|100\/100\n|turn|11\n|\n|t:|1699279560\n|move|p2a: Urshifu|Surging Strikes|p1a: Ribombee\n|-crit|p1a: Ribombee\n|-damage|p1a: Ribombee|76\/100\n|-crit|p1a: Ribombee\n|-damage|p1a: Ribombee|52\/100\n|-crit|p1a: Ribombee\n|-damage|p1a: Ribombee|25\/100\n|-hitcount|p1a: Ribombee|3\n|move|p1a: Ribombee|Stun Spore|p2a: Urshifu|[miss]\n|-miss|p1a: Ribombee|p2a: Urshifu\n|\n|-weather|SunnyDay|[upkeep]\n|upkeep\n|turn|12\n|\n|t:|1699279564\n|move|p2a: Urshifu|Acrobatics|p1a: Ribombee\n|-supereffective|p1a: Ribombee\n|-damage|p1a: Ribombee|0 fnt\n|faint|p1a: Ribombee\n|\n|-weather|SunnyDay|[upkeep]\n|upkeep\n|\n|t:|1699279567\n|switch|p1a: Jirachi|Jirachi|100\/100\n|turn|13\n|\n|t:|1699279574\n|move|p2a: Urshifu|Surging Strikes|p1a: Jirachi\n|-crit|p1a: Jirachi\n|-damage|p1a: Jirachi|85\/100\n|-crit|p1a: Jirachi\n|-damage|p1a: Jirachi|69\/100\n|-crit|p1a: Jirachi\n|-damage|p1a: Jirachi|53\/100\n|-hitcount|p1a: Jirachi|3\n|move|p1a: Jirachi|Trick|p2a: Urshifu|[miss]\n|-miss|p1a: Jirachi|p2a: Urshifu\n|\n|-weather|SunnyDay|[upkeep]\n|upkeep\n|turn|14\n|\n|t:|1699279584\n|move|p2a: Urshifu|Acrobatics|p1a: Jirachi\n|-resisted|p1a: Jirachi\n|-damage|p1a: Jirachi|38\/100\n|move|p1a: Jirachi|Trick|p2a: Urshifu|[miss]\n|-miss|p1a: Jirachi|p2a: Urshifu\n|\n|-weather|SunnyDay|[upkeep]\n|upkeep\n|turn|15\n|\n|t:|1699279589\n|move|p2a: Urshifu|Body Slam|p1a: Jirachi\n|-resisted|p1a: Jirachi\n|-damage|p1a: Jirachi|13\/100\n|move|p1a: Jirachi|Trick|p2a: Urshifu\n|-activate|p1a: Jirachi|move: Trick|[of] p2a: Urshifu\n|-item|p2a: Urshifu|Choice Scarf|[from] move: Trick\n|-item|p1a: Jirachi|Heavy-Duty Boots|[from] move: Trick\n|\n|-weather|none\n|upkeep\n|turn|16\n|\n|t:|1699279597\n|move|p2a: Urshifu|Surging Strikes|p1a: Jirachi\n|-crit|p1a: Jirachi\n|-damage|p1a: Jirachi|0 fnt\n|faint|p1a: Jirachi\n|-hitcount|p1: Jirachi|1\n|\n|upkeep\n|\n|t:|1699279600\n|switch|p1a: Pawmot|Pawmot, F|100\/100\n|turn|17\n|\n|t:|1699279604\n|-terastallize|p1a: Pawmot|Electric\n|move|p2a: Urshifu|Surging Strikes|p1a: Pawmot\n|-crit|p1a: Pawmot\n|-damage|p1a: Pawmot|46\/100\n|-crit|p1a: Pawmot\n|-damage|p1a: Pawmot|0 fnt\n|faint|p1a: Pawmot\n|-hitcount|p1: Pawmot|2\n|\n|win|Guyisprettycool\n|raw|cantfindwhoasked's rating: 1202 &rarr; <strong>1172<\/strong><br \/>(-30 for losing)\n|raw|Guyisprettycool's rating: 1133 &rarr; <strong>1163<\/strong><br \/>(+30 for winning)\n|l|\u2606cantfindwhoasked\n","uploadtime":1699279615,"views":5,"p1id":"cantfindwhoasked","p2id":"guyisprettycool","formatid":"gen9anythinggoes","rating":1163,"private":0,"password":""}