{"id":"gen9anythinggoes-1995975965","p1":"spool goober","p2":"MEME\/\/BRAIN","format":"[Gen 9] Anything Goes","log":"|j|\u2606spool goober\n|j|\u2606MEME\/\/BRAIN\n|t:|1700624243\n|gametype|singles\n|player|p1|spool goober|169|1072\n|player|p2|MEME\/\/BRAIN|guitarist|1132\n|teamsize|p1|6\n|teamsize|p2|6\n|gen|9\n|tier|[Gen 9] Anything Goes\n|rated|\n|rule|HP Percentage Mod: HP is shown in percentages\n|rule|Endless Battle Clause: Forcing endless battles is banned\n|clearpoke\n|poke|p1|Ribombee, M|\n|poke|p1|Kyogre|\n|poke|p1|Kingambit, F|\n|poke|p1|Arceus|\n|poke|p1|Clodsire, F|\n|poke|p1|Regieleki|\n|poke|p2|Cyclizar, M|\n|poke|p2|Espathra, F|\n|poke|p2|Medicham, F|\n|poke|p2|Cloyster, F|\n|poke|p2|Drifblim, F|\n|poke|p2|Skeledirge, M|\n|teampreview\n|\n|t:|1700624248\n|start\n|switch|p1a: Regieleki|Regieleki|100\/100\n|switch|p2a: Cycle|Cyclizar, M|100\/100\n|turn|1\n|\n|t:|1700624258\n|-terastallize|p1a: Regieleki|Ice\n|move|p1a: Regieleki|Tera Blast|p2a: Cycle|[anim] Tera Blast Ice\n|-supereffective|p2a: Cycle\n|-damage|p2a: Cycle|0 fnt\n|faint|p2a: Cycle\n|\n|upkeep\n|\n|t:|1700624265\n|switch|p2a: B A L L O O N|Drifblim, F|100\/100\n|turn|2\n|\n|t:|1700624273\n|move|p1a: Regieleki|Thunderbolt|p2a: B A L L O O N\n|-supereffective|p2a: B A L L O O N\n|-damage|p2a: B A L L O O N|0 fnt\n|faint|p2a: B A L L O O N\n|\n|upkeep\n|\n|t:|1700624282\n|switch|p2a: Crest ov L@bi@|Cloyster, F, shiny|100\/100\n|turn|3\n|\n|t:|1700624294\n|-terastallize|p2a: Crest ov L@bi@|Rock\n|move|p1a: Regieleki|Volt Switch|p2a: Crest ov L@bi@\n|-damage|p2a: Crest ov L@bi@|0 fnt\n|faint|p2a: Crest ov L@bi@\n|inactive|Battle timer is ON: inactive players will automatically lose when time's up. (requested by MEME\/\/BRAIN)\n|\n|t:|1700624309\n|switch|p1a: Ribombee|Ribombee, M|100\/100|[from] Volt Switch\n|\n|upkeep\n|\n|t:|1700624314\n|switch|p2a: BirB|Espathra, F|100\/100\n|turn|4\n|\n|t:|1700624318\n|move|p1a: Ribombee|Stun Spore|p2a: BirB|[miss]\n|-miss|p1a: Ribombee|p2a: BirB\n|move|p2a: BirB|Calm Mind|p2a: BirB\n|-boost|p2a: BirB|spa|1\n|-boost|p2a: BirB|spd|1\n|\n|-ability|p2a: BirB|Speed Boost|boost\n|-boost|p2a: BirB|spe|1\n|upkeep\n|turn|5\n|\n|t:|1700624327\n|move|p1a: Ribombee|Stun Spore|p2a: BirB\n|-status|p2a: BirB|par\n|move|p2a: BirB|Calm Mind|p2a: BirB\n|-boost|p2a: BirB|spa|1\n|-boost|p2a: BirB|spd|1\n|\n|-ability|p2a: BirB|Speed Boost|boost\n|-boost|p2a: BirB|spe|1\n|upkeep\n|turn|6\n|\n|t:|1700624336\n|move|p1a: Ribombee|Moonblast|p2a: BirB\n|-damage|p2a: BirB|74\/100 par\n|cant|p2a: BirB|par\n|\n|-ability|p2a: BirB|Speed Boost|boost\n|-boost|p2a: BirB|spe|1\n|upkeep\n|turn|7\n|\n|t:|1700624344\n|move|p1a: Ribombee|Moonblast|p2a: BirB\n|-damage|p2a: BirB|48\/100 par\n|-unboost|p2a: BirB|spa|1\n|cant|p2a: BirB|par\n|\n|-ability|p2a: BirB|Speed Boost|boost\n|-boost|p2a: BirB|spe|1\n|upkeep\n|turn|8\n|\n|t:|1700624353\n|move|p1a: Ribombee|Moonblast|p2a: BirB\n|-damage|p2a: BirB|20\/100 par\n|move|p2a: BirB|Roost|p2a: BirB\n|-heal|p2a: BirB|70\/100 par\n|-singleturn|p2a: BirB|move: Roost\n|\n|-ability|p2a: BirB|Speed Boost|boost\n|-boost|p2a: BirB|spe|1\n|upkeep\n|turn|9\n|\n|t:|1700624364\n|switch|p1a: Kyogre|Kyogre|100\/100\n|-weather|RainDance|[from] ability: Drizzle|[of] p1a: Kyogre\n|move|p2a: BirB|Calm Mind|p2a: BirB\n|-boost|p2a: BirB|spa|1\n|-boost|p2a: BirB|spd|1\n|\n|-weather|RainDance|[upkeep]\n|-ability|p2a: BirB|Speed Boost|boost\n|-boost|p2a: BirB|spe|1\n|upkeep\n|turn|10\n|\n|t:|1700624374\n|move|p2a: BirB|Stored Power|p1a: Kyogre\n|-damage|p1a: Kyogre|0 fnt\n|faint|p1a: Kyogre\n|\n|-weather|RainDance|[upkeep]\n|upkeep\n|\n|t:|1700624377\n|switch|p1a: Arceus|Arceus|100\/100\n|turn|11\n|\n|t:|1700624382\n|move|p1a: Arceus|Extreme Speed|p2a: BirB\n|-damage|p2a: BirB|25\/100 par\n|-damage|p1a: Arceus|91\/100|[from] item: Life Orb\n|move|p2a: BirB|Stored Power|p1a: Arceus\n|-damage|p1a: Arceus|0 fnt\n|faint|p1a: Arceus\n|\n|-weather|RainDance|[upkeep]\n|upkeep\n|\n|t:|1700624386\n|switch|p1a: Regieleki|Regieleki, tera:Ice|100\/100\n|turn|12\n|\n|t:|1700624398\n|move|p1a: Regieleki|Thunderbolt|p2a: BirB\n|-damage|p2a: BirB|0 fnt\n|faint|p2a: BirB\n|\n|-weather|RainDance|[upkeep]\n|upkeep\n|\n|t:|1700624404\n|switch|p2a: Skelly Boi|Skeledirge, M|100\/100\n|turn|13\n|\n|t:|1700624407\n|move|p1a: Regieleki|Volt Switch|p2a: Skelly Boi\n|-damage|p2a: Skelly Boi|55\/100\n|\n|t:|1700624409\n|switch|p1a: Clodsire|Clodsire, F|100\/100|[from] Volt Switch\n|move|p2a: Skelly Boi|Torch Song|p1a: Clodsire\n|-damage|p1a: Clodsire|91\/100\n|-boost|p2a: Skelly Boi|spa|1\n|\n|-weather|none\n|-heal|p1a: Clodsire|97\/100|[from] item: Leftovers\n|upkeep\n|turn|14\n|\n|t:|1700624420\n|move|p2a: Skelly Boi|Earth Power|p1a: Clodsire\n|-supereffective|p1a: Clodsire\n|-damage|p1a: Clodsire|52\/100\n|-unboost|p1a: Clodsire|spd|1\n|move|p1a: Clodsire|Toxic|p2a: Skelly Boi\n|-status|p2a: Skelly Boi|tox\n|\n|-heal|p1a: Clodsire|58\/100|[from] item: Leftovers\n|-damage|p2a: Skelly Boi|48\/100 tox|[from] psn\n|upkeep\n|turn|15\n|\n|t:|1700624432\n|switch|p1a: Ribombee|Ribombee, M|100\/100\n|move|p2a: Skelly Boi|Earth Power|p1a: Ribombee\n|-resisted|p1a: Ribombee\n|-damage|p1a: Ribombee|63\/100\n|\n|-damage|p2a: Skelly Boi|36\/100 tox|[from] psn\n|upkeep\n|turn|16\n|\n|t:|1700624441\n|move|p1a: Ribombee|Psychic|p2a: Skelly Boi\n|-damage|p2a: Skelly Boi|8\/100 tox\n|-unboost|p2a: Skelly Boi|spd|1\n|move|p2a: Skelly Boi|Torch Song|p1a: Ribombee\n|-supereffective|p1a: Ribombee\n|-damage|p1a: Ribombee|0 fnt\n|-boost|p2a: Skelly Boi|spa|1\n|faint|p1a: Ribombee\n|\n|-damage|p2a: Skelly Boi|0 fnt|[from] psn\n|faint|p2a: Skelly Boi\n|upkeep\n|\n|t:|1700624454\n|switch|p1a: Regieleki|Regieleki, tera:Ice|100\/100\n|switch|p2a: Medium|Medicham, F|100\/100\n|turn|17\n|\n|t:|1700624461\n|move|p1a: Regieleki|Volt Switch|p2a: Medium\n|-damage|p2a: Medium|24\/100\n|\n|t:|1700624464\n|switch|p1a: Clodsire|Clodsire, F|58\/100|[from] Volt Switch\n|move|p2a: Medium|Acupressure|p2a: Medium\n|-boost|p2a: Medium|spd|2\n|\n|-heal|p1a: Clodsire|65\/100|[from] item: Leftovers\n|upkeep\n|turn|18\n|\n|t:|1700624474\n|move|p2a: Medium|Aura Sphere|p1a: Clodsire\n|-resisted|p1a: Clodsire\n|-damage|p1a: Clodsire|56\/100\n|move|p1a: Clodsire|Toxic|p2a: Medium\n|-status|p2a: Medium|tox\n|\n|-heal|p1a: Clodsire|62\/100|[from] item: Leftovers\n|-damage|p2a: Medium|18\/100 tox|[from] psn\n|upkeep\n|turn|19\n|\n|t:|1700624496\n|move|p2a: Medium|Stored Power|p1a: Clodsire\n|-supereffective|p1a: Clodsire\n|-damage|p1a: Clodsire|42\/100\n|move|p1a: Clodsire|Stealth Rock|p2a: Medium\n|-sidestart|p2: MEME\/\/BRAIN|move: Stealth Rock\n|\n|-heal|p1a: Clodsire|49\/100|[from] item: Leftovers\n|-damage|p2a: Medium|6\/100 tox|[from] psn\n|upkeep\n|turn|20\n|-message|MEME\/\/BRAIN forfeited.\n|\n|win|spool goober\n|raw|spool goober's rating: 1072 &rarr; <strong>1106<\/strong><br \/>(+34 for winning)\n|raw|MEME&#x2f;&#x2f;BRAIN's rating: 1132 &rarr; <strong>1103<\/strong><br \/>(-29 for losing)\n|l|\u2606MEME\/\/BRAIN\n","uploadtime":1700624512,"views":0,"p1id":"spoolgoober","p2id":"memebrain","formatid":"gen9anythinggoes","rating":1103,"private":0,"password":""}