{"id":"gen9anythinggoes-1980591354","p1":"jb291","p2":"Binacle Pinnacle","format":"[Gen 9] Anything Goes","log":"|j|\u2606jb291\n|j|\u2606Binacle Pinnacle\n|t:|1698800850\n|gametype|singles\n|player|p1|jb291|korrina-masters|\n|player|p2|Binacle Pinnacle|1|\n|teamsize|p1|6\n|teamsize|p2|6\n|gen|9\n|tier|[Gen 9] Anything Goes\n|rated|Tournament battle\n|rule|HP Percentage Mod: HP is shown in percentages\n|rule|Endless Battle Clause: Forcing endless battles is banned\n|rule|Frantic Fusions Mod: Pok\u00e9mon nicknamed after another Pok\u00e9mon get buffed stats and more abilities.\n|rule|Sleep Moves Clause: Sleep-inducing moves are banned\n|rule|Species Clause: Limit one of each Pok\u00e9mon\n|rule|OHKO Clause: OHKO moves are banned\n|rule|Evasion Moves Clause: Evasion moves are banned\n|rule|Terastal Clause: You cannot Terastallize\n|clearpoke\n|poke|p1|Ting-Lu|\n|poke|p1|Arceus-Fairy|\n|poke|p1|Eternatus|\n|poke|p1|Calyrex-Shadow|\n|poke|p1|Chansey, F|\n|poke|p1|Dondozo, M|\n|poke|p2|Ribombee, M|\n|poke|p2|Calyrex-Shadow|\n|poke|p2|Baxcalibur, F|\n|poke|p2|Eternatus|\n|poke|p2|Kingambit, F|\n|poke|p2|Arceus-Ground|\n|teampreview\n|j|%Iolanthe\n|inactive|Battle timer is ON: inactive players will automatically lose when time's up. (requested by jb291)\n|c|\u2606Binacle Pinnacle|hf\n|\n|t:|1698800860\n|start\n|switch|p1a: Toxapex|Ting-Lu|100\/100\n|switch|p2a: Hawlucha|Ribombee, M|100\/100\n|-ability|p2a: Hawlucha|Mold Breaker\n|turn|1\n|l|%Iolanthe\n|\n|t:|1698800865\n|move|p2a: Hawlucha|Sticky Web|p1a: Toxapex\n|-sidestart|p1: jb291|move: Sticky Web\n|move|p1a: Toxapex|Spikes|p2a: Hawlucha\n|-sidestart|p2: Binacle Pinnacle|Spikes\n|\n|upkeep\n|turn|2\n|\n|t:|1698800870\n|move|p2a: Hawlucha|U-turn|p1a: Toxapex\n|-supereffective|p1a: Toxapex\n|-damage|p1a: Toxapex|86\/100\n|j|+Dasocks (^-^)\n|\n|t:|1698800878\n|switch|p2a: Scizor|Baxcalibur, F|100\/100|[from] U-turn\n|-damage|p2a: Scizor|88\/100|[from] Spikes\n|move|p1a: Toxapex|Spikes|p2a: Scizor\n|-sidestart|p2: Binacle Pinnacle|Spikes\n|\n|upkeep\n|turn|3\n|\n|t:|1698800903\n|switch|p1a: Persian-Alola|Arceus-Fairy|100\/100\n|move|p2a: Scizor|Scale Shot|p1a: Persian-Alola\n|-immune|p1a: Persian-Alola\n|\n|upkeep\n|turn|4\n|j|+Dark Koopatrol\n|\n|t:|1698800913\n|switch|p2a: Landorus|Eternatus|100\/100\n|-damage|p2a: Landorus|84\/100|[from] Spikes\n|move|p1a: Persian-Alola|Stealth Rock|p2a: Landorus\n|-sidestart|p2: Binacle Pinnacle|move: Stealth Rock\n|\n|upkeep\n|turn|5\n|\n|t:|1698800919\n|switch|p1a: Toxapex|Ting-Lu|100\/100\n|move|p2a: Landorus|Sludge Bomb|p1a: Toxapex\n|-resisted|p1a: Toxapex\n|-damage|p1a: Toxapex|77\/100\n|\n|upkeep\n|turn|6\n|\n|t:|1698800925\n|switch|p2a: Hawlucha|Ribombee, M|100\/100\n|-damage|p2a: Hawlucha|84\/100|[from] Spikes\n|-damage|p2a: Hawlucha|59\/100|[from] Stealth Rock\n|-ability|p2a: Hawlucha|Mold Breaker\n|move|p1a: Toxapex|Earthquake|p2a: Hawlucha\n|-resisted|p2a: Hawlucha\n|-damage|p2a: Hawlucha|28\/100\n|\n|upkeep\n|turn|7\n|\n|t:|1698800930\n|switch|p1a: Clefable|Chansey, F|100\/100\n|-activate|p1a: Clefable|move: Sticky Web\n|-unboost|p1a: Clefable|spe|1\n|move|p2a: Hawlucha|Moonblast|p1a: Clefable\n|-damage|p1a: Clefable|90\/100\n|\n|upkeep\n|turn|8\n|\n|t:|1698800935\n|move|p2a: Hawlucha|Quiver Dance|p2a: Hawlucha\n|-boost|p2a: Hawlucha|spa|1\n|-boost|p2a: Hawlucha|spd|1\n|-boost|p2a: Hawlucha|spe|1\n|move|p1a: Clefable|Seismic Toss|p2a: Hawlucha\n|-damage|p2a: Hawlucha|0 fnt\n|faint|p2a: Hawlucha\n|\n|upkeep\n|\n|t:|1698800944\n|switch|p2a: Scizor|Baxcalibur, F|88\/100\n|-damage|p2a: Scizor|72\/100|[from] Spikes\n|-damage|p2a: Scizor|47\/100|[from] Stealth Rock\n|turn|9\n|\n|t:|1698800948\n|switch|p1a: Persian-Alola|Arceus-Fairy|100\/100\n|move|p2a: Scizor|Swords Dance|p2a: Scizor\n|-boost|p2a: Scizor|atk|2\n|\n|upkeep\n|turn|10\n|\n|t:|1698800952\n|move|p2a: Scizor|Icicle Spear|p1a: Persian-Alola\n|-damage|p1a: Persian-Alola|89\/100\n|-damage|p1a: Persian-Alola|79\/100\n|-damage|p1a: Persian-Alola|67\/100\n|-damage|p1a: Persian-Alola|55\/100\n|-hitcount|p1a: Persian-Alola|4\n|move|p1a: Persian-Alola|Dazzling Gleam|p2a: Scizor\n|-supereffective|p2a: Scizor\n|-damage|p2a: Scizor|0 fnt\n|faint|p2a: Scizor\n|\n|upkeep\n|inactive|Binacle Pinnacle has 120 seconds left.\n|\n|t:|1698800983\n|switch|p2a: Weezing|Calyrex-Shadow|100\/100\n|-ability|p2a: Weezing|Neutralizing Gas\n|-damage|p2a: Weezing|84\/100|[from] Spikes\n|-damage|p2a: Weezing|72\/100|[from] Stealth Rock\n|turn|11\n|j|+Ataki\n|\n|t:|1698800989\n|switch|p1a: Toxapex|Ting-Lu|100\/100\n|move|p2a: Weezing|Nasty Plot|p2a: Weezing\n|-boost|p2a: Weezing|spa|2\n|\n|upkeep\n|turn|12\n|\n|t:|1698800993\n|move|p2a: Weezing|Draining Kiss|p1a: Toxapex\n|-supereffective|p1a: Toxapex\n|-damage|p1a: Toxapex|58\/100\n|-heal|p2a: Weezing|100\/100|[from] drain|[of] p1a: Toxapex\n|move|p1a: Toxapex|Payback|p2a: Weezing\n|-supereffective|p2a: Weezing\n|-enditem|p2a: Weezing|Focus Sash\n|-damage|p2a: Weezing|1\/100\n|\n|upkeep\n|turn|13\n|\n|t:|1698801004\n|move|p2a: Weezing|Draining Kiss|p1a: Toxapex\n|-supereffective|p1a: Toxapex\n|-damage|p1a: Toxapex|17\/100\n|-heal|p2a: Weezing|47\/100|[from] drain|[of] p1a: Toxapex\n|move|p1a: Toxapex|Payback|p2a: Weezing\n|-supereffective|p2a: Weezing\n|-damage|p2a: Weezing|0 fnt\n|faint|p2a: Weezing\n|-end|p2a: Weezing|ability: Neutralizing Gas\n|\n|upkeep\n|\n|t:|1698801023\n|switch|p2a: Persian-Alola|Arceus-Ground|100\/100\n|-damage|p2a: Persian-Alola|84\/100|[from] Spikes\n|-damage|p2a: Persian-Alola|78\/100|[from] Stealth Rock\n|turn|14\n|\n|t:|1698801032\n|switch|p1a: Persian-Alola|Arceus-Fairy|55\/100\n|move|p2a: Persian-Alola|Dragon Dance|p2a: Persian-Alola\n|-boost|p2a: Persian-Alola|atk|1\n|-boost|p2a: Persian-Alola|spe|1\n|\n|-heal|p2a: Persian-Alola|84\/100|[from] item: Leftovers\n|upkeep\n|turn|15\n|\n|t:|1698801035\n|move|p2a: Persian-Alola|Taunt|p1a: Persian-Alola\n|-start|p1a: Persian-Alola|move: Taunt\n|cant|p1a: Persian-Alola|move: Taunt|Will-O-Wisp\n|\n|-heal|p2a: Persian-Alola|90\/100|[from] item: Leftovers\n|upkeep\n|turn|16\n|\n|t:|1698801040\n|move|p2a: Persian-Alola|Dragon Dance|p2a: Persian-Alola\n|-boost|p2a: Persian-Alola|atk|1\n|-boost|p2a: Persian-Alola|spe|1\n|move|p1a: Persian-Alola|Dazzling Gleam|p2a: Persian-Alola\n|-damage|p2a: Persian-Alola|70\/100\n|\n|-heal|p2a: Persian-Alola|76\/100|[from] item: Leftovers\n|upkeep\n|turn|17\n|\n|t:|1698801042\n|move|p2a: Persian-Alola|Earthquake|p1a: Persian-Alola\n|-damage|p1a: Persian-Alola|31\/100\n|move|p1a: Persian-Alola|Dazzling Gleam|p2a: Persian-Alola\n|-damage|p2a: Persian-Alola|56\/100\n|\n|-heal|p2a: Persian-Alola|62\/100|[from] item: Leftovers\n|-end|p1a: Persian-Alola|move: Taunt\n|upkeep\n|turn|18\n|\n|t:|1698801046\n|switch|p1a: Avalugg|Dondozo, M|100\/100\n|move|p2a: Persian-Alola|Taunt|p1a: Avalugg\n|-start|p1a: Avalugg|move: Taunt\n|\n|-heal|p2a: Persian-Alola|68\/100|[from] item: Leftovers\n|upkeep\n|turn|19\n|\n|t:|1698801055\n|switch|p2a: Landorus|Eternatus|84\/100\n|-damage|p2a: Landorus|67\/100|[from] Spikes\n|-damage|p2a: Landorus|55\/100|[from] Stealth Rock\n|move|p1a: Avalugg|Avalanche|p2a: Landorus\n|-supereffective|p2a: Landorus\n|-damage|p2a: Landorus|33\/100\n|\n|upkeep\n|turn|20\n|\n|t:|1698801062\n|switch|p1a: Toxapex|Ting-Lu|50\/100\n|move|p2a: Landorus|Sludge Bomb|p1a: Toxapex\n|-resisted|p1a: Toxapex\n|-damage|p1a: Toxapex|28\/100\n|\n|upkeep\n|turn|21\n|\n|t:|1698801067\n|switch|p1a: Clefable|Chansey, F|90\/100\n|-activate|p1a: Clefable|move: Sticky Web\n|-unboost|p1a: Clefable|spe|1\n|move|p2a: Landorus|Dynamax Cannon|p1a: Clefable\n|-crit|p1a: Clefable\n|-damage|p1a: Clefable|57\/100\n|-damage|p2a: Landorus|23\/100|[from] item: Life Orb\n|\n|upkeep\n|turn|22\n|\n|t:|1698801072\n|move|p2a: Landorus|Sludge Bomb|p1a: Clefable\n|-damage|p1a: Clefable|34\/100\n|move|p1a: Clefable|Soft-Boiled|p1a: Clefable\n|-heal|p1a: Clefable|84\/100\n|\n|upkeep\n|turn|23\n|\n|t:|1698801076\n|move|p2a: Landorus|Sludge Bomb|p1a: Clefable\n|-crit|p1a: Clefable\n|-damage|p1a: Clefable|42\/100\n|move|p1a: Clefable|Seismic Toss|p2a: Landorus\n|-damage|p2a: Landorus|0 fnt\n|faint|p2a: Landorus\n|\n|upkeep\n|\n|t:|1698801085\n|switch|p2a: Zamazenta|Kingambit, F|100\/100\n|-damage|p2a: Zamazenta|84\/100|[from] Spikes\n|-damage|p2a: Zamazenta|78\/100|[from] Stealth Rock\n|-activate|p2a: Zamazenta|ability: Supreme Overlord\n|-start|p2a: Zamazenta|fallen4|[silent]\n|turn|24\n|\n|t:|1698801093\n|switch|p1a: Persian-Alola|Arceus-Fairy|31\/100\n|move|p2a: Zamazenta|Swords Dance|p2a: Zamazenta\n|-boost|p2a: Zamazenta|atk|2\n|\n|upkeep\n|turn|25\n|\n|t:|1698801098\n|move|p1a: Persian-Alola|Will-O-Wisp|p2a: Zamazenta|[miss]\n|-miss|p1a: Persian-Alola|p2a: Zamazenta\n|move|p2a: Zamazenta|Iron Head|p1a: Persian-Alola\n|-supereffective|p1a: Persian-Alola\n|-damage|p1a: Persian-Alola|0 fnt\n|faint|p1a: Persian-Alola\n|\n|upkeep\n|\n|t:|1698801102\n|switch|p1a: Avalugg|Dondozo, M|100\/100\n|turn|26\n|\n|t:|1698801107\n|move|p2a: Zamazenta|Kowtow Cleave|p1a: Avalugg\n|-damage|p1a: Avalugg|70\/100\n|move|p1a: Avalugg|Earthquake|p2a: Zamazenta\n|-supereffective|p2a: Zamazenta\n|-damage|p2a: Zamazenta|40\/100\n|\n|upkeep\n|turn|27\n|\n|t:|1698801113\n|move|p2a: Zamazenta|Kowtow Cleave|p1a: Avalugg\n|-damage|p1a: Avalugg|40\/100\n|move|p1a: Avalugg|Earthquake|p2a: Zamazenta\n|-supereffective|p2a: Zamazenta\n|-damage|p2a: Zamazenta|3\/100\n|\n|upkeep\n|turn|28\n|\n|t:|1698801116\n|move|p2a: Zamazenta|Kowtow Cleave|p1a: Avalugg\n|-damage|p1a: Avalugg|10\/100\n|move|p1a: Avalugg|Rest|p1a: Avalugg\n|-status|p1a: Avalugg|slp|[from] move: Rest\n|-heal|p1a: Avalugg|100\/100 slp|[silent]\n|\n|upkeep\n|turn|29\n|\n|t:|1698801119\n|move|p2a: Zamazenta|Kowtow Cleave|p1a: Avalugg\n|-damage|p1a: Avalugg|73\/100 slp\n|cant|p1a: Avalugg|slp\n|move|p1a: Avalugg|Sleep Talk|p1a: Avalugg\n|move|p1a: Avalugg|Avalanche|p2a: Zamazenta|[from]move: Sleep Talk\n|-resisted|p2a: Zamazenta\n|-damage|p2a: Zamazenta|0 fnt\n|faint|p2a: Zamazenta\n|-end|p2a: Zamazenta|fallen4|[silent]\n|\n|upkeep\n|\n|t:|1698801122\n|switch|p2a: Persian-Alola|Arceus-Ground|68\/100\n|-damage|p2a: Persian-Alola|51\/100|[from] Spikes\n|-damage|p2a: Persian-Alola|45\/100|[from] Stealth Rock\n|turn|30\n|\n|t:|1698801126\n|switch|p1a: Weezing-Galar|Calyrex-Shadow|100\/100\n|-ability|p1a: Weezing-Galar|Neutralizing Gas\n|move|p2a: Persian-Alola|Taunt|p1a: Weezing-Galar\n|-start|p1a: Weezing-Galar|move: Taunt\n|\n|-heal|p2a: Persian-Alola|51\/100|[from] item: Leftovers\n|upkeep\n|turn|31\n|\n|t:|1698801130\n|move|p1a: Weezing-Galar|Astral Barrage|p2a: Persian-Alola\n|-damage|p2a: Persian-Alola|7\/100\n|move|p2a: Persian-Alola|Dragon Dance|p2a: Persian-Alola\n|-boost|p2a: Persian-Alola|atk|1\n|-boost|p2a: Persian-Alola|spe|1\n|\n|-heal|p2a: Persian-Alola|13\/100|[from] item: Leftovers\n|upkeep\n|turn|32\n|\n|t:|1698801134\n|move|p2a: Persian-Alola|Earthquake|p1a: Weezing-Galar\n|-damage|p1a: Weezing-Galar|26\/100\n|move|p1a: Weezing-Galar|Astral Barrage|p2a: Persian-Alola\n|-damage|p2a: Persian-Alola|0 fnt\n|faint|p2a: Persian-Alola\n|\n|win|jb291\n|n|\u2606jb291|jb291\n|n|\u2606Binacle Pinnacle|binaclepinnacle\n|n| Dasocks (^-^)|dasocks\n|n| Dark Koopatrol|darkkoopatrol\n|n| Ataki|ataki\n","uploadtime":1698801135,"views":14,"p1id":"jb291","p2id":"binaclepinnacle","formatid":"gen9anythinggoes","rating":0,"private":0,"password":""}