{"id":"gen9anythinggoes-1982203075","p1":"bruhletmego","p2":"Bobadilla4301","format":"[Gen 9] Anything Goes","log":"|j|\u2606bruhletmego\n|j|\u2606Bobadilla4301\n|t:|1698978766\n|gametype|singles\n|player|p1|bruhletmego|kimonogirl|1097\n|player|p2|Bobadilla4301|hilbert|1234\n|teamsize|p1|6\n|teamsize|p2|6\n|gen|9\n|tier|[Gen 9] Anything Goes\n|rated|\n|rule|HP Percentage Mod: HP is shown in percentages\n|rule|Endless Battle Clause: Forcing endless battles is banned\n|clearpoke\n|poke|p1|Maushold-Four|\n|poke|p1|Maushold-Four|\n|poke|p1|Maushold-Four|\n|poke|p1|Maushold-Four|\n|poke|p1|Maushold-Four|\n|poke|p1|Maushold-Four|\n|poke|p2|Gyarados, F|\n|poke|p2|Zacian-*|\n|poke|p2|Urshifu-*, M|\n|poke|p2|Magearna|\n|poke|p2|Dragonite, M|\n|poke|p2|Gallade, M|\n|teampreview\n|inactive|Battle timer is ON: inactive players will automatically lose when time's up. (requested by Bobadilla4301)\n|\n|t:|1698978771\n|start\n|switch|p1a: Maushold|Maushold-Four|100\/100\n|switch|p2a: Magearna|Magearna|100\/100\n|turn|1\n|\n|t:|1698978777\n|move|p1a: Maushold|Population Bomb|p2a: Magearna\n|-resisted|p2a: Magearna\n|-damage|p2a: Magearna|98\/100\n|-resisted|p2a: Magearna\n|-damage|p2a: Magearna|95\/100\n|-resisted|p2a: Magearna\n|-damage|p2a: Magearna|92\/100\n|-resisted|p2a: Magearna\n|-damage|p2a: Magearna|89\/100\n|-hitcount|p2a: Magearna|4\n|move|p2a: Magearna|Shift Gear|p2a: Magearna\n|-boost|p2a: Magearna|spe|2\n|-boost|p2a: Magearna|atk|1\n|\n|upkeep\n|turn|2\n|\n|t:|1698978788\n|move|p2a: Magearna|Substitute|p2a: Magearna\n|-start|p2a: Magearna|Substitute\n|-damage|p2a: Magearna|64\/100\n|move|p1a: Maushold|Population Bomb|p2a: Magearna\n|-resisted|p2a: Magearna\n|-activate|p2a: Magearna|move: Substitute|[damage]\n|-resisted|p2a: Magearna\n|-activate|p2a: Magearna|move: Substitute|[damage]\n|-resisted|p2a: Magearna\n|-activate|p2a: Magearna|move: Substitute|[damage]\n|-resisted|p2a: Magearna\n|-activate|p2a: Magearna|move: Substitute|[damage]\n|-resisted|p2a: Magearna\n|-activate|p2a: Magearna|move: Substitute|[damage]\n|-resisted|p2a: Magearna\n|-activate|p2a: Magearna|move: Substitute|[damage]\n|-resisted|p2a: Magearna\n|-activate|p2a: Magearna|move: Substitute|[damage]\n|-resisted|p2a: Magearna\n|-activate|p2a: Magearna|move: Substitute|[damage]\n|-resisted|p2a: Magearna\n|-end|p2a: Magearna|Substitute\n|-resisted|p2a: Magearna\n|-damage|p2a: Magearna|61\/100\n|-hitcount|p2a: Magearna|10\n|\n|upkeep\n|turn|3\n|\n|t:|1698978809\n|move|p2a: Magearna|Shift Gear|p2a: Magearna\n|-boost|p2a: Magearna|spe|2\n|-boost|p2a: Magearna|atk|1\n|move|p1a: Maushold|Population Bomb|p2a: Magearna\n|-resisted|p2a: Magearna\n|-damage|p2a: Magearna|58\/100\n|-resisted|p2a: Magearna\n|-damage|p2a: Magearna|55\/100\n|-resisted|p2a: Magearna\n|-damage|p2a: Magearna|52\/100\n|-resisted|p2a: Magearna\n|-damage|p2a: Magearna|49\/100\n|-resisted|p2a: Magearna\n|-damage|p2a: Magearna|46\/100\n|-resisted|p2a: Magearna\n|-damage|p2a: Magearna|43\/100\n|-hitcount|p2a: Magearna|6\n|\n|upkeep\n|turn|4\n|\n|t:|1698978825\n|move|p2a: Magearna|Shift Gear|p2a: Magearna\n|-boost|p2a: Magearna|spe|2\n|-boost|p2a: Magearna|atk|1\n|move|p1a: Maushold|Population Bomb|p2a: Magearna\n|-resisted|p2a: Magearna\n|-damage|p2a: Magearna|40\/100\n|-resisted|p2a: Magearna\n|-damage|p2a: Magearna|37\/100\n|-resisted|p2a: Magearna\n|-damage|p2a: Magearna|34\/100\n|-resisted|p2a: Magearna\n|-damage|p2a: Magearna|31\/100\n|-resisted|p2a: Magearna\n|-damage|p2a: Magearna|28\/100\n|-resisted|p2a: Magearna\n|-damage|p2a: Magearna|25\/100\n|-resisted|p2a: Magearna\n|-damage|p2a: Magearna|22\/100\n|-resisted|p2a: Magearna\n|-damage|p2a: Magearna|19\/100\n|-resisted|p2a: Magearna\n|-damage|p2a: Magearna|16\/100\n|-resisted|p2a: Magearna\n|-damage|p2a: Magearna|13\/100\n|-hitcount|p2a: Magearna|10\n|\n|upkeep\n|turn|5\n|inactive|bruhletmego has 120 seconds left.\n|\n|t:|1698978846\n|move|p2a: Magearna|Baton Pass|p2a: Magearna\n|inactive|Bobadilla4301 has 120 seconds left.\n|\n|t:|1698978887\n|switch|p2a: Urshifu|Urshifu-Rapid-Strike, M|100\/100|[from] Baton Pass\n|move|p1a: Maushold|Population Bomb|p2a: Urshifu\n|-damage|p2a: Urshifu|93\/100\n|-damage|p2a: Urshifu|85\/100\n|-damage|p2a: Urshifu|77\/100\n|-damage|p2a: Urshifu|70\/100\n|-damage|p2a: Urshifu|62\/100\n|-hitcount|p2a: Urshifu|5\n|\n|upkeep\n|turn|6\n|inactive|bruhletmego has 120 seconds left.\n|\n|t:|1698978898\n|-terastallize|p2a: Urshifu|Water\n|move|p2a: Urshifu|Surging Strikes|p1a: Maushold\n|-crit|p1a: Maushold\n|-enditem|p1a: Maushold|Focus Sash\n|-damage|p1a: Maushold|1\/100\n|-crit|p1a: Maushold\n|-damage|p1a: Maushold|0 fnt\n|faint|p1a: Maushold\n|-hitcount|p1: Maushold|2\n|\n|upkeep\n|inactive|bruhletmego has 120 seconds left.\n|\n|t:|1698978907\n|switch|p1a: Maushold|Maushold-Four|100\/100\n|turn|7\n|\n|t:|1698978910\n|move|p2a: Urshifu|Surging Strikes|p1a: Maushold\n|-crit|p1a: Maushold\n|-enditem|p1a: Maushold|Focus Sash\n|-damage|p1a: Maushold|1\/100\n|-crit|p1a: Maushold\n|-damage|p1a: Maushold|0 fnt\n|faint|p1a: Maushold\n|-hitcount|p1: Maushold|2\n|\n|upkeep\n|\n|t:|1698978917\n|switch|p1a: Maushold|Maushold-Four|100\/100\n|turn|8\n|c|\u2606Bobadilla4301|Your mouse families shall be deadified\n|\n|t:|1698978934\n|move|p2a: Urshifu|Surging Strikes|p1a: Maushold\n|-crit|p1a: Maushold\n|-enditem|p1a: Maushold|Focus Sash\n|-damage|p1a: Maushold|1\/100\n|-crit|p1a: Maushold\n|-damage|p1a: Maushold|0 fnt\n|faint|p1a: Maushold\n|-hitcount|p1: Maushold|2\n|\n|upkeep\n|c|\u2606bruhletmego|They were vibing :(\n|\n|t:|1698978952\n|switch|p1a: Maushold|Maushold-Four|100\/100\n|turn|9\n|\n|t:|1698978957\n|move|p2a: Urshifu|Surging Strikes|p1a: Maushold\n|-crit|p1a: Maushold\n|-enditem|p1a: Maushold|Focus Sash\n|-damage|p1a: Maushold|1\/100\n|-crit|p1a: Maushold\n|-damage|p1a: Maushold|0 fnt\n|faint|p1a: Maushold\n|-hitcount|p1: Maushold|2\n|\n|upkeep\n|\n|t:|1698978965\n|switch|p1a: Maushold|Maushold-Four|100\/100\n|turn|10\n|c|\u2606Bobadilla4301|That one was doing family fun time\n|\n|t:|1698978978\n|move|p2a: Urshifu|Surging Strikes|p1a: Maushold\n|-crit|p1a: Maushold\n|-enditem|p1a: Maushold|Focus Sash\n|-damage|p1a: Maushold|1\/100\n|-crit|p1a: Maushold\n|-damage|p1a: Maushold|0 fnt\n|faint|p1a: Maushold\n|-hitcount|p1: Maushold|2\n|\n|upkeep\n|\n|t:|1698978986\n|switch|p1a: Maushold|Maushold-Four|100\/100\n|turn|11\n|c|\u2606Bobadilla4301|Actually tho I love your team :)\n|c|\u2606bruhletmego|Ty\n|\n|t:|1698978995\n|move|p2a: Urshifu|Surging Strikes|p1a: Maushold\n|-crit|p1a: Maushold\n|-enditem|p1a: Maushold|Focus Sash\n|-damage|p1a: Maushold|1\/100\n|-crit|p1a: Maushold\n|-damage|p1a: Maushold|0 fnt\n|faint|p1a: Maushold\n|-hitcount|p1: Maushold|2\n|\n|win|Bobadilla4301\n|raw|bruhletmego's rating: 1097 &rarr; <strong>1082<\/strong><br \/>(-15 for losing)\n|raw|Bobadilla4301's rating: 1234 &rarr; <strong>1250<\/strong><br \/>(+16 for winning)\n","uploadtime":1698978932,"views":5,"p1id":"bruhletmego","p2id":"bobadilla4301","formatid":"gen9anythinggoes","rating":1082,"private":0,"password":""}