{"id":"gen9anythinggoes-2000219795","p1":"mo0613","p2":"2937sentia.in","format":"[Gen 9] Anything Goes","log":"|j|\u2606mo0613\n|j|\u26062937sentia.in\n|t:|1701173816\n|gametype|singles\n|player|p1|mo0613|psychic-gen4|1462\n|player|p2|2937sentia.in|lucas-gen4pt|1446\n|teamsize|p1|6\n|teamsize|p2|6\n|gen|9\n|tier|[Gen 9] Anything Goes\n|rated|\n|rule|HP Percentage Mod: HP is shown in percentages\n|rule|Endless Battle Clause: Forcing endless battles is banned\n|clearpoke\n|poke|p1|Ting-Lu|\n|poke|p1|Corviknight, M|\n|poke|p1|Golem-Alola, F|\n|poke|p1|Gastrodon-East, F|\n|poke|p1|Donphan, F|\n|poke|p1|Umbreon, F|\n|poke|p2|Miraidon|\n|poke|p2|Rayquaza|\n|poke|p2|Calyrex-Shadow|\n|poke|p2|Kyogre|\n|poke|p2|Zacian-*|\n|poke|p2|Ogerpon-Hearthflame, F|\n|teampreview\n|inactive|Battle timer is ON: inactive players will automatically lose when time's up. (requested by mo0613)\n|inactive|mo0613 has 120 seconds left.\n|inactive|mo0613 has 90 seconds left.\n|inactive|mo0613 has 60 seconds left.\n|inactive|mo0613 has 30 seconds left.\n|inactive|mo0613 has 20 seconds left.\n|\n|t:|1701173949\n|start\n|switch|p1a: Ting-Lu|Ting-Lu|100\/100\n|switch|p2a: Kyogre|Kyogre, shiny|100\/100\n|-weather|RainDance|[from] ability: Drizzle|[of] p2a: Kyogre\n|-ability|p1a: Ting-Lu|Vessel of Ruin\n|turn|1\n|\n|t:|1701173957\n|switch|p1a: Gastrodon|Gastrodon-East, F, shiny|100\/100\n|move|p2a: Kyogre|Origin Pulse|p1a: Gastrodon\n|-ability|p1a: Gastrodon|Storm Drain|boost\n|-boost|p1a: Gastrodon|spa|1\n|\n|-weather|RainDance|[upkeep]\n|upkeep\n|turn|2\n|\n|t:|1701173964\n|move|p2a: Kyogre|Ice Beam|p1a: Gastrodon\n|-damage|p1a: Gastrodon|73\/100\n|move|p1a: Gastrodon|Mirror Coat|p2a: Kyogre\n|-damage|p2a: Kyogre|32\/100\n|\n|-weather|RainDance|[upkeep]\n|-heal|p2a: Kyogre|39\/100|[from] item: Leftovers\n|upkeep\n|turn|3\n|\n|t:|1701173971\n|move|p2a: Kyogre|Ice Beam|p1a: Gastrodon\n|-damage|p1a: Gastrodon|45\/100\n|move|p1a: Gastrodon|Mirror Coat|p2a: Kyogre\n|-damage|p2a: Kyogre|0 fnt\n|faint|p2a: Kyogre\n|\n|-weather|RainDance|[upkeep]\n|upkeep\n|\n|t:|1701173979\n|switch|p2a: Zacian|Zacian-Crowned, shiny|100\/100\n|-ability|p2a: Zacian|Intrepid Sword|boost\n|-boost|p2a: Zacian|atk|1\n|turn|4\n|\n|t:|1701173983\n|move|p2a: Zacian|Behemoth Blade|p1a: Gastrodon\n|-resisted|p1a: Gastrodon\n|-damage|p1a: Gastrodon|5\/100\n|move|p1a: Gastrodon|Yawn|p2a: Zacian\n|-start|p2a: Zacian|move: Yawn|[of] p1a: Gastrodon\n|\n|-weather|RainDance|[upkeep]\n|upkeep\n|turn|5\n|\n|t:|1701173990\n|move|p2a: Zacian|Air Slash|p1a: Gastrodon\n|-damage|p1a: Gastrodon|0 fnt\n|faint|p1a: Gastrodon\n|\n|-weather|none\n|-end|p2a: Zacian|move: Yawn|[silent]\n|-status|p2a: Zacian|slp\n|upkeep\n|\n|t:|1701173997\n|switch|p1a: Ting-Lu|Ting-Lu|100\/100\n|-ability|p1a: Ting-Lu|Vessel of Ruin\n|turn|6\n|\n|t:|1701174002\n|cant|p2a: Zacian|slp\n|move|p1a: Ting-Lu|Whirlwind|p2a: Zacian\n|drag|p2a: Ogerpon|Ogerpon-Hearthflame, F|100\/100\n|-ability|p2a: Ogerpon|Mold Breaker\n|\n|upkeep\n|turn|7\n|\n|t:|1701174010\n|switch|p1a: Steel Phoenix|Corviknight, M, shiny|100\/100\n|move|p2a: Ogerpon|Horn Leech|p1a: Steel Phoenix\n|-resisted|p1a: Steel Phoenix\n|-damage|p1a: Steel Phoenix|94\/100\n|-damage|p2a: Ogerpon|84\/100|[from] item: Rocky Helmet|[of] p1a: Steel Phoenix\n|\n|upkeep\n|turn|8\n|\n|t:|1701174019\n|-terastallize|p2a: Ogerpon|Fire\n|detailschange|p2a: Ogerpon|Ogerpon-Hearthflame-Tera, F, tera:Fire\n|-ability|p2a: Ogerpon|Embody Aspect (Hearthflame)|boost\n|-boost|p2a: Ogerpon|atk|1\n|move|p2a: Ogerpon|Ivy Cudgel|p1a: Steel Phoenix|[anim] Ivy Cudgel Fire\n|-supereffective|p1a: Steel Phoenix\n|-damage|p1a: Steel Phoenix|0 fnt\n|faint|p1a: Steel Phoenix\n|\n|upkeep\n|\n|t:|1701174023\n|switch|p1a: Golem|Golem-Alola, F|100\/100\n|turn|9\n|c|\u2606mo0613|hmm\n|\n|t:|1701174030\n|move|p2a: Ogerpon|Horn Leech|p1a: Golem\n|-supereffective|p1a: Golem\n|-enditem|p1a: Golem|Focus Sash\n|-damage|p1a: Golem|1\/100\n|-heal|p2a: Ogerpon|100\/100|[from] drain|[of] p1a: Golem\n|move|p1a: Golem|Explosion|p2a: Ogerpon\n|-damage|p2a: Ogerpon|0 fnt\n|faint|p1a: Golem\n|faint|p2a: Ogerpon\n|\n|upkeep\n|\n|t:|1701174046\n|switch|p2a: Calyrex|Calyrex-Shadow|100\/100\n|switch|p1a: Umbreon|Umbreon, F|100\/100\n|-ability|p2a: Calyrex|As One\n|-ability|p2a: Calyrex|Unnerve\n|turn|10\n|\n|t:|1701174060\n|switch|p2a: Zacian|Zacian-Crowned, shiny|100\/100 slp\n|move|p1a: Umbreon|Foul Play|p2a: Zacian\n|-resisted|p2a: Zacian\n|-damage|p2a: Zacian|76\/100 slp\n|\n|upkeep\n|turn|11\n|\n|t:|1701174069\n|cant|p2a: Zacian|slp\n|move|p1a: Umbreon|Wish|p1a: Umbreon\n|\n|upkeep\n|turn|12\n|\n|t:|1701174073\n|cant|p2a: Zacian|slp\n|move|p1a: Umbreon|Foul Play|p2a: Zacian\n|-resisted|p2a: Zacian\n|-damage|p2a: Zacian|51\/100 slp\n|\n|upkeep\n|turn|13\n|\n|t:|1701174078\n|-terastallize|p1a: Umbreon|Steel\n|-curestatus|p2a: Zacian|slp|[msg]\n|move|p2a: Zacian|Behemoth Blade|p1a: Umbreon\n|-resisted|p1a: Umbreon\n|-damage|p1a: Umbreon|81\/100\n|move|p1a: Umbreon|Foul Play|p2a: Zacian\n|-resisted|p2a: Zacian\n|-damage|p2a: Zacian|24\/100\n|\n|upkeep\n|turn|14\n|\n|t:|1701174087\n|move|p2a: Zacian|Sacred Sword|p1a: Umbreon\n|-supereffective|p1a: Umbreon\n|-damage|p1a: Umbreon|32\/100\n|move|p1a: Umbreon|Wish|p1a: Umbreon\n|\n|upkeep\n|turn|15\n|\n|t:|1701174093\n|move|p1a: Umbreon|Protect|p1a: Umbreon\n|-singleturn|p1a: Umbreon|Protect\n|move|p2a: Zacian|Sacred Sword|p1a: Umbreon\n|-activate|p1a: Umbreon|move: Protect\n|\n|-heal|p1a: Umbreon|82\/100|[from] move: Wish|[wisher] Umbreon\n|upkeep\n|turn|16\n|\n|t:|1701174100\n|move|p2a: Zacian|Sacred Sword|p1a: Umbreon\n|-supereffective|p1a: Umbreon\n|-damage|p1a: Umbreon|34\/100\n|move|p1a: Umbreon|Foul Play|p2a: Zacian\n|-resisted|p2a: Zacian\n|-damage|p2a: Zacian|0 fnt\n|faint|p2a: Zacian\n|\n|upkeep\n|\n|t:|1701174108\n|switch|p2a: Calyrex|Calyrex-Shadow|100\/100\n|-ability|p2a: Calyrex|As One\n|-ability|p2a: Calyrex|Unnerve\n|turn|17\n|\n|t:|1701174114\n|move|p2a: Calyrex|Astral Barrage|p1a: Umbreon\n|-damage|p1a: Umbreon|0 fnt\n|faint|p1a: Umbreon\n|-ability|p2a: Calyrex|Grim Neigh|boost\n|-boost|p2a: Calyrex|spa|1\n|\n|upkeep\n|\n|t:|1701174118\n|switch|p1a: Ting-Lu|Ting-Lu|100\/100\n|-ability|p1a: Ting-Lu|Vessel of Ruin\n|turn|18\n|\n|t:|1701174124\n|move|p2a: Calyrex|Astral Barrage|p1a: Ting-Lu\n|-resisted|p1a: Ting-Lu\n|-damage|p1a: Ting-Lu|79\/100\n|move|p1a: Ting-Lu|Lash Out|p2a: Calyrex\n|-supereffective|p2a: Calyrex\n|-damage|p2a: Calyrex|0 fnt\n|faint|p2a: Calyrex\n|\n|-heal|p1a: Ting-Lu|85\/100|[from] item: Leftovers\n|upkeep\n|\n|t:|1701174134\n|switch|p2a: Miraidon|Miraidon|100\/100\n|-fieldstart|move: Electric Terrain|[from] ability: Hadron Engine|[of] p2a: Miraidon\n|turn|19\n|\n|t:|1701174139\n|move|p2a: Miraidon|Draco Meteor|p1a: Ting-Lu\n|-damage|p1a: Ting-Lu|47\/100\n|-unboost|p2a: Miraidon|spa|2\n|move|p1a: Ting-Lu|Fissure|p2a: Miraidon|[miss]\n|-miss|p1a: Ting-Lu|p2a: Miraidon\n|\n|-heal|p1a: Ting-Lu|54\/100|[from] item: Leftovers\n|upkeep\n|turn|20\n|\n|t:|1701174147\n|move|p2a: Miraidon|Dazzling Gleam|p1a: Ting-Lu\n|-supereffective|p1a: Ting-Lu\n|-damage|p1a: Ting-Lu|37\/100\n|move|p1a: Ting-Lu|Fissure|p2a: Miraidon\n|-enditem|p2a: Miraidon|Focus Sash\n|-damage|p2a: Miraidon|1\/100\n|\n|-heal|p1a: Ting-Lu|43\/100|[from] item: Leftovers\n|upkeep\n|turn|21\n|\n|t:|1701174155\n|move|p2a: Miraidon|Draco Meteor|p1a: Ting-Lu\n|-crit|p1a: Ting-Lu\n|-damage|p1a: Ting-Lu|0 fnt\n|-unboost|p2a: Miraidon|spa|2\n|faint|p1a: Ting-Lu\n|\n|upkeep\n|\n|t:|1701174159\n|switch|p1a: Donphan|Donphan, F|100\/100\n|turn|22\n|c|\u2606mo0613|critical...\n|\n|t:|1701174170\n|move|p2a: Miraidon|Draco Meteor|p1a: Donphan\n|-damage|p1a: Donphan|69\/100\n|-unboost|p2a: Miraidon|spa|2\n|move|p1a: Donphan|Rapid Spin|p2a: Miraidon\n|-damage|p2a: Miraidon|0 fnt\n|-boost|p1a: Donphan|spe|1\n|faint|p2a: Miraidon\n|\n|upkeep\n|c|\u2606mo0613|I'll lose\n|\n|t:|1701174178\n|switch|p2a: Rayquaza|Rayquaza, shiny|100\/100\n|-ability|p2a: Rayquaza|Air Lock\n|turn|23\n|c|\u2606mo0613|gg\n|inactive|mo0613 has 120 seconds left.\n|c|\u2606mo0613|if draco meteor wasn't a critical hit, I won\n|\n|t:|1701174217\n|move|p2a: Rayquaza|Dragon Ascent|p1a: Donphan\n|-damage|p1a: Donphan|14\/100\n|-unboost|p2a: Rayquaza|def|1\n|-unboost|p2a: Rayquaza|spd|1\n|move|p1a: Donphan|Rapid Spin|p2a: Rayquaza\n|-damage|p2a: Rayquaza|79\/100\n|-boost|p1a: Donphan|spe|1\n|\n|-fieldend|move: Electric Terrain\n|upkeep\n|turn|24\n|inactive|mo0613 has 120 seconds left.\n|\n|t:|1701174226\n|move|p2a: Rayquaza|Dragon Ascent|p1a: Donphan\n|-damage|p1a: Donphan|0 fnt\n|-unboost|p2a: Rayquaza|def|1\n|-unboost|p2a: Rayquaza|spd|1\n|faint|p1a: Donphan\n|\n|win|2937sentia.in\n|raw|mo0613's rating: 1462 &rarr; <strong>1441<\/strong><br \/>(-21 for losing)\n|raw|2937sentia.in's rating: 1446 &rarr; <strong>1467<\/strong><br \/>(+21 for winning)\n|l|\u2606mo0613\n|l|\u26062937sentia.in\n|j|\u26062937sentia.in\n|player|p2|2937sentia.in|lucas-gen4pt\n","uploadtime":1701174269,"views":3,"p1id":"mo0613","p2id":"2937sentiain","formatid":"gen9anythinggoes","rating":1441,"private":0,"password":""}