{"id":"gen9anythinggoes-1999637873","p1":"Mouspi le goat","p2":"theluckyone26","format":"[Gen 9] Anything Goes","log":"|j|\u2606Mouspi le goat\n|j|\u2606theluckyone26\n|t:|1701103463\n|gametype|singles\n|player|p1|Mouspi le goat|red|1383\n|player|p2|theluckyone26|266|1449\n|teamsize|p1|6\n|teamsize|p2|6\n|gen|9\n|tier|[Gen 9] Anything Goes\n|rated|\n|rule|HP Percentage Mod: HP is shown in percentages\n|rule|Endless Battle Clause: Forcing endless battles is banned\n|clearpoke\n|poke|p1|Breloom, M|\n|poke|p1|Espathra, F|\n|poke|p1|Calyrex-Shadow|\n|poke|p1|Toxapex, F|\n|poke|p1|Ninetales-Alola, F|\n|poke|p1|Dugtrio, M|\n|poke|p2|Iron Bundle|\n|poke|p2|Scovillain, F|\n|poke|p2|Calyrex-Shadow|\n|poke|p2|Sneasler, M|\n|poke|p2|Ditto|\n|poke|p2|Urshifu-*, F|\n|teampreview\n|inactive|Battle timer is ON: inactive players will automatically lose when time's up. (requested by theluckyone26)\n|\n|t:|1701103487\n|start\n|switch|p1a: Espathra|Espathra, F, shiny|100\/100\n|switch|p2a: Iron Bundle|Iron Bundle, shiny|100\/100\n|-enditem|p2a: Iron Bundle|Booster Energy\n|-activate|p2a: Iron Bundle|ability: Quark Drive|[fromitem]\n|-start|p2a: Iron Bundle|quarkdrivespe\n|turn|1\n|\n|t:|1701103502\n|move|p1a: Espathra|Protect|p1a: Espathra\n|-singleturn|p1a: Espathra|Protect\n|move|p2a: Iron Bundle|Hydro Pump|p1a: Espathra\n|-activate|p1a: Espathra|move: Protect\n|\n|-ability|p1a: Espathra|Speed Boost|boost\n|-boost|p1a: Espathra|spe|1\n|upkeep\n|turn|2\n|\n|t:|1701103508\n|move|p1a: Espathra|Protect||[still]\n|-fail|p1a: Espathra\n|move|p2a: Iron Bundle|Hydro Pump|p1a: Espathra\n|-damage|p1a: Espathra|28\/100\n|\n|-heal|p1a: Espathra|34\/100|[from] item: Leftovers\n|-ability|p1a: Espathra|Speed Boost|boost\n|-boost|p1a: Espathra|spe|1\n|upkeep\n|turn|3\n|\n|t:|1701103522\n|move|p1a: Espathra|Baton Pass|p1a: Espathra\n|\n|t:|1701103524\n|switch|p1a: Breloom|Breloom, M, shiny|100\/100|[from] Baton Pass\n|move|p2a: Iron Bundle|Encore||[still]\n|-fail|p2a: Iron Bundle\n|\n|upkeep\n|turn|4\n|\n|t:|1701103531\n|move|p2a: Iron Bundle|Freeze-Dry|p1a: Breloom\n|-supereffective|p1a: Breloom\n|-enditem|p1a: Breloom|Focus Sash\n|-damage|p1a: Breloom|1\/100\n|move|p1a: Breloom|Spore|p2a: Iron Bundle\n|-status|p2a: Iron Bundle|slp|[from] move: Spore\n|\n|upkeep\n|turn|5\n|\n|t:|1701103539\n|cant|p2a: Iron Bundle|slp\n|move|p1a: Breloom|Swords Dance|p1a: Breloom\n|-boost|p1a: Breloom|atk|2\n|\n|upkeep\n|turn|6\n|\n|t:|1701103543\n|move|p1a: Breloom|Mach Punch|p2a: Iron Bundle\n|-supereffective|p2a: Iron Bundle\n|-damage|p2a: Iron Bundle|0 fnt\n|faint|p2a: Iron Bundle\n|-end|p2a: Iron Bundle|Quark Drive|[silent]\n|\n|upkeep\n|\n|t:|1701103550\n|switch|p2a: Sneasler|Sneasler, M, shiny|100\/100\n|turn|7\n|\n|t:|1701103553\n|-terastallize|p1a: Breloom|Ghost\n|move|p2a: Sneasler|Fake Out|p1a: Breloom\n|-immune|p1a: Breloom\n|move|p1a: Breloom|Spore|p2a: Sneasler\n|-status|p2a: Sneasler|slp|[from] move: Spore\n|\n|upkeep\n|turn|8\n|\n|t:|1701103560\n|switch|p2a: Calyrex|Calyrex-Shadow|100\/100\n|-ability|p2a: Calyrex|As One\n|-ability|p2a: Calyrex|Unnerve\n|move|p1a: Breloom|Swords Dance|p1a: Breloom\n|-boost|p1a: Breloom|atk|2\n|\n|upkeep\n|turn|9\n|\n|t:|1701103568\n|move|p1a: Breloom|Spore|p2a: Calyrex\n|-status|p2a: Calyrex|slp|[from] move: Spore\n|cant|p2a: Calyrex|slp\n|\n|upkeep\n|turn|10\n|\n|t:|1701103572\n|move|p1a: Breloom|Aerial Ace|p2a: Calyrex\n|-enditem|p2a: Calyrex|Focus Sash\n|-damage|p2a: Calyrex|1\/100 slp\n|cant|p2a: Calyrex|slp\n|\n|upkeep\n|turn|11\n|\n|t:|1701103578\n|move|p1a: Breloom|Aerial Ace|p2a: Calyrex\n|-damage|p2a: Calyrex|0 fnt\n|faint|p2a: Calyrex\n|\n|upkeep\n|-message|theluckyone26 forfeited.\n|\n|win|Mouspi le goat\n|raw|Mouspi le goat's rating: 1383 &rarr; <strong>1407<\/strong><br \/>(+24 for winning)\n|raw|theluckyone26's rating: 1449 &rarr; <strong>1425<\/strong><br \/>(-24 for losing)\n|l|\u2606theluckyone26\n","uploadtime":1701103622,"views":1,"p1id":"mouspilegoat","p2id":"theluckyone26","formatid":"gen9anythinggoes","rating":1407,"private":0,"password":""}