{"id":"gen9anythinggoes-1991240808","p1":"GGUGYFTDGFG","p2":"Rowan_Rocket","format":"[Gen 9] Anything Goes","log":"|j|\u2606GGUGYFTDGFG\n|j|\u2606Rowan_Rocket\n|t:|1700060403\n|gametype|singles\n|player|p1|GGUGYFTDGFG|swimmerf-gen4|1063\n|player|p2|Rowan_Rocket|rocketgruntf|1231\n|teamsize|p1|6\n|teamsize|p2|6\n|gen|9\n|tier|[Gen 9] Anything Goes\n|rated|\n|rule|HP Percentage Mod: HP is shown in percentages\n|rule|Endless Battle Clause: Forcing endless battles is banned\n|clearpoke\n|poke|p1|Palafin, F|\n|poke|p1|Kyogre|\n|poke|p1|Basculin-White-Striped, F|\n|poke|p1|Azelf|\n|poke|p1|Scizor, M|\n|poke|p1|Kingambit, F|\n|poke|p2|Ninetales-Alola, F|\n|poke|p2|Cetitan, M|\n|poke|p2|Avalugg-Hisui, M|\n|poke|p2|Eiscue, M|\n|poke|p2|Sandslash-Alola, M|\n|poke|p2|Frosmoth, F|\n|teampreview\n|\n|t:|1700060416\n|start\n|switch|p1a: Azzy|Azelf, shiny|100\/100\n|switch|p2a: Ninetales|Ninetales-Alola, F|100\/100\n|-weather|Snow|[from] ability: Snow Warning|[of] p2a: Ninetales\n|turn|1\n|\n|t:|1700060425\n|move|p2a: Ninetales|Aurora Veil|p2a: Ninetales\n|-sidestart|p2: Rowan_Rocket|move: Aurora Veil\n|move|p1a: Azzy|Explosion|p2a: Ninetales\n|-damage|p2a: Ninetales|53\/100\n|faint|p1a: Azzy\n|\n|-weather|Snow|[upkeep]\n|upkeep\n|\n|t:|1700060432\n|switch|p1a: Wally|Kyogre, shiny|100\/100\n|-weather|RainDance|[from] ability: Drizzle|[of] p1a: Wally\n|turn|2\n|\n|t:|1700060438\n|move|p2a: Ninetales|Freeze-Dry|p1a: Wally\n|-supereffective|p1a: Wally\n|-damage|p1a: Wally|64\/100\n|move|p1a: Wally|Calm Mind|p1a: Wally\n|-boost|p1a: Wally|spa|1\n|-boost|p1a: Wally|spd|1\n|\n|-weather|RainDance|[upkeep]\n|upkeep\n|turn|3\n|\n|t:|1700060450\n|move|p2a: Ninetales|Freeze-Dry|p1a: Wally\n|-supereffective|p1a: Wally\n|-damage|p1a: Wally|41\/100\n|-enditem|p1a: Wally|Sitrus Berry|[eat]\n|-heal|p1a: Wally|66\/100|[from] item: Sitrus Berry\n|move|p1a: Wally|Water Spout|p2a: Ninetales\n|-damage|p2a: Ninetales|0 fnt\n|faint|p2a: Ninetales\n|\n|-weather|RainDance|[upkeep]\n|upkeep\n|\n|t:|1700060462\n|switch|p2a: Cetitan|Cetitan, M|100\/100\n|turn|4\n|\n|t:|1700060469\n|move|p1a: Wally|Water Spout|p2a: Cetitan\n|-damage|p2a: Cetitan|76\/100\n|move|p2a: Cetitan|Earthquake|p1a: Wally\n|-damage|p1a: Wally|38\/100\n|\n|-weather|RainDance|[upkeep]\n|upkeep\n|turn|5\n|\n|t:|1700060478\n|move|p1a: Wally|Calm Mind|p1a: Wally\n|-boost|p1a: Wally|spa|1\n|-boost|p1a: Wally|spd|1\n|move|p2a: Cetitan|Earthquake|p1a: Wally\n|-damage|p1a: Wally|9\/100\n|\n|-weather|RainDance|[upkeep]\n|-sideend|p2: Rowan_Rocket|move: Aurora Veil\n|upkeep\n|turn|6\n|\n|t:|1700060486\n|move|p1a: Wally|Earthquake|p2a: Cetitan\n|-damage|p2a: Cetitan|49\/100\n|move|p2a: Cetitan|Earthquake|p1a: Wally\n|-damage|p1a: Wally|0 fnt\n|faint|p1a: Wally\n|\n|-weather|none\n|upkeep\n|\n|t:|1700060495\n|switch|p1a: Doll|Palafin, F|100\/100\n|turn|7\n|\n|t:|1700060510\n|move|p1a: Doll|Flip Turn|p2a: Cetitan\n|-damage|p2a: Cetitan|30\/100\n|\n|t:|1700060524\n|detailschange|p1a: Doll|Palafin-Hero, F\n|switch|p1a: Lucky Boy|Scizor, M, shiny|100\/100|[from] Flip Turn\n|move|p2a: Cetitan|Knock Off|p1a: Lucky Boy\n|-damage|p1a: Lucky Boy|68\/100\n|-enditem|p1a: Lucky Boy|Leftovers|[from] move: Knock Off|[of] p2a: Cetitan\n|\n|upkeep\n|turn|8\n|\n|t:|1700060537\n|move|p1a: Lucky Boy|Bullet Punch|p2a: Cetitan\n|-supereffective|p2a: Cetitan\n|-damage|p2a: Cetitan|0 fnt\n|faint|p2a: Cetitan\n|\n|upkeep\n|\n|t:|1700060555\n|switch|p2a: Avalugg|Avalugg-Hisui, M|100\/100\n|turn|9\n|\n|t:|1700060559\n|-terastallize|p2a: Avalugg|Fighting\n|move|p1a: Lucky Boy|Bullet Punch|p2a: Avalugg\n|-crit|p2a: Avalugg\n|-damage|p2a: Avalugg|79\/100\n|-damage|p1a: Lucky Boy|52\/100|[from] item: Rocky Helmet|[of] p2a: Avalugg\n|move|p2a: Avalugg|Iron Defense|p2a: Avalugg\n|-boost|p2a: Avalugg|def|2\n|\n|upkeep\n|turn|10\n|\n|t:|1700060571\n|move|p1a: Lucky Boy|Aerial Ace|p2a: Avalugg\n|-supereffective|p2a: Avalugg\n|-damage|p2a: Avalugg|66\/100\n|-damage|p1a: Lucky Boy|35\/100|[from] item: Rocky Helmet|[of] p2a: Avalugg\n|move|p2a: Avalugg|Iron Defense|p2a: Avalugg\n|-boost|p2a: Avalugg|def|2\n|\n|upkeep\n|turn|11\n|\n|t:|1700060580\n|move|p1a: Lucky Boy|Knock Off|p2a: Avalugg\n|-resisted|p2a: Avalugg\n|-damage|p2a: Avalugg|64\/100\n|-damage|p1a: Lucky Boy|19\/100|[from] item: Rocky Helmet|[of] p2a: Avalugg\n|-enditem|p2a: Avalugg|Rocky Helmet|[from] move: Knock Off|[of] p1a: Lucky Boy\n|move|p2a: Avalugg|Iron Defense|p2a: Avalugg\n|-boost|p2a: Avalugg|def|2\n|\n|upkeep\n|turn|12\n|\n|t:|1700060590\n|move|p1a: Lucky Boy|Aerial Ace|p2a: Avalugg\n|-supereffective|p2a: Avalugg\n|-damage|p2a: Avalugg|57\/100\n|move|p2a: Avalugg|Recover|p2a: Avalugg\n|-heal|p2a: Avalugg|100\/100\n|\n|upkeep\n|turn|13\n|\n|t:|1700060597\n|move|p1a: Lucky Boy|Aerial Ace|p2a: Avalugg\n|-supereffective|p2a: Avalugg\n|-damage|p2a: Avalugg|94\/100\n|move|p2a: Avalugg|Rapid Spin|p1a: Lucky Boy\n|-resisted|p1a: Lucky Boy\n|-damage|p1a: Lucky Boy|11\/100\n|-boost|p2a: Avalugg|spe|1\n|\n|upkeep\n|turn|14\n|\n|t:|1700060608\n|move|p1a: Lucky Boy|Aerial Ace|p2a: Avalugg\n|-supereffective|p2a: Avalugg\n|-damage|p2a: Avalugg|87\/100\n|move|p2a: Avalugg|Rapid Spin|p1a: Lucky Boy\n|-resisted|p1a: Lucky Boy\n|-damage|p1a: Lucky Boy|3\/100\n|-boost|p2a: Avalugg|spe|1\n|\n|upkeep\n|turn|15\n|\n|t:|1700060617\n|move|p2a: Avalugg|Rapid Spin|p1a: Lucky Boy\n|-resisted|p1a: Lucky Boy\n|-damage|p1a: Lucky Boy|0 fnt\n|-boost|p2a: Avalugg|spe|1\n|faint|p1a: Lucky Boy\n|\n|upkeep\n|\n|t:|1700060625\n|switch|p1a: Doll|Palafin-Hero, F|100\/100\n|-activate|p1a: Doll|ability: Zero to Hero\n|turn|16\n|\n|t:|1700060630\n|move|p2a: Avalugg|Body Press|p1a: Doll\n|-damage|p1a: Doll|0 fnt\n|faint|p1a: Doll\n|\n|upkeep\n|\n|t:|1700060635\n|switch|p1a: Bob|Basculin-White-Striped, F, shiny|100\/100\n|turn|17\n|\n|t:|1700060642\n|move|p2a: Avalugg|Body Press|p1a: Bob\n|-damage|p1a: Bob|0 fnt\n|faint|p1a: Bob\n|\n|upkeep\n|\n|t:|1700060644\n|switch|p1a: Kingambit|Kingambit, F|100\/100\n|-activate|p1a: Kingambit|ability: Supreme Overlord\n|-start|p1a: Kingambit|fallen5|[silent]\n|turn|18\n|\n|t:|1700060650\n|-terastallize|p1a: Kingambit|Dark\n|move|p2a: Avalugg|Body Press|p1a: Kingambit\n|-supereffective|p1a: Kingambit\n|-damage|p1a: Kingambit|0 fnt\n|faint|p1a: Kingambit\n|-end|p1a: Kingambit|fallen5|[silent]\n|\n|win|Rowan_Rocket\n|raw|GGUGYFTDGFG's rating: 1063 &rarr; <strong>1052<\/strong><br \/>(-11 for losing)\n|raw|Rowan_Rocket's rating: 1231 &rarr; <strong>1245<\/strong><br \/>(+14 for winning)\n|l|\u2606GGUGYFTDGFG\n","uploadtime":1700060668,"views":6,"p1id":"ggugyftdgfg","p2id":"rowanrocket","formatid":"gen9anythinggoes","rating":1052,"private":0,"password":""}