{"id":"gen9anythinggoes-2000476715","p1":"Ant_Kid-06","p2":"Gyuuky-Master","format":"[Gen 9] Anything Goes","log":"|j|\u2606Ant_Kid-06\n|j|\u2606Gyuuky-Master\n|t:|1701198037\n|gametype|singles\n|player|p1|Ant_Kid-06|101|1000\n|player|p2|Gyuuky-Master|1|1010\n|teamsize|p1|6\n|teamsize|p2|6\n|gen|9\n|tier|[Gen 9] Anything Goes\n|rated|\n|rule|HP Percentage Mod: HP is shown in percentages\n|rule|Endless Battle Clause: Forcing endless battles is banned\n|clearpoke\n|poke|p1|Donphan, L6, F|\n|poke|p1|Donphan, L6, F|\n|poke|p1|Donphan, L6, M|\n|poke|p1|Donphan, L6, M|\n|poke|p1|Donphan, F|\n|poke|p1|Hippowdon, M|\n|poke|p2|Charizard, M|\n|poke|p2|Greninja-*, M|\n|poke|p2|Garchomp, M|\n|poke|p2|Zamazenta-*|\n|poke|p2|Heracross, M|\n|poke|p2|Gardevoir, F|\n|teampreview\n|inactive|Battle timer is ON: inactive players will automatically lose when time's up. (requested by Ant_Kid-06)\n|\n|t:|1701198064\n|start\n|switch|p1a: Hippowdon|Hippowdon, M|100\/100\n|switch|p2a: Cotton Warrior|Greninja, M, shiny|100\/100\n|-weather|Sandstorm|[from] ability: Sand Stream|[of] p1a: Hippowdon\n|turn|1\n|\n|t:|1701198074\n|-terastallize|p2a: Cotton Warrior|Water\n|move|p2a: Cotton Warrior|Hydro Pump|p1a: Hippowdon\n|-supereffective|p1a: Hippowdon\n|-damage|p1a: Hippowdon|0 fnt\n|faint|p1a: Hippowdon\n|\n|-weather|Sandstorm|[upkeep]\n|-damage|p2a: Cotton Warrior|94\/100|[from] Sandstorm\n|upkeep\n|\n|t:|1701198078\n|switch|p1a: Donphan|Donphan, L6, F|100\/100\n|turn|2\n|\n|t:|1701198083\n|move|p2a: Cotton Warrior|Hydro Pump|p1a: Donphan\n|-supereffective|p1a: Donphan\n|-ability|p1a: Donphan|Sturdy\n|-damage|p1a: Donphan|4\/100\n|move|p1a: Donphan|Endeavor|p2a: Cotton Warrior\n|-damage|p2a: Cotton Warrior|1\/100\n|-heal|p1a: Donphan|100\/100|[from] item: Shell Bell|[of] p2a: Cotton Warrior\n|\n|-weather|Sandstorm|[upkeep]\n|-damage|p2a: Cotton Warrior|0 fnt|[from] Sandstorm\n|faint|p2a: Cotton Warrior\n|upkeep\n|\n|t:|1701198095\n|switch|p2a: Lady|Gardevoir, F, shiny|100\/100\n|turn|3\n|\n|t:|1701198099\n|move|p2a: Lady|Energy Ball|p1a: Donphan\n|-supereffective|p1a: Donphan\n|-ability|p1a: Donphan|Sturdy\n|-damage|p1a: Donphan|4\/100\n|move|p1a: Donphan|Endeavor|p2a: Lady\n|-damage|p2a: Lady|1\/100\n|-heal|p1a: Donphan|100\/100|[from] item: Shell Bell|[of] p2a: Lady\n|\n|-weather|Sandstorm|[upkeep]\n|-damage|p2a: Lady|0 fnt|[from] Sandstorm\n|faint|p2a: Lady\n|upkeep\n|\n|t:|1701198113\n|switch|p2a: Tanker|Heracross, M|100\/100\n|turn|4\n|\n|t:|1701198122\n|move|p2a: Tanker|Endure|p2a: Tanker\n|-singleturn|p2a: Tanker|move: Endure\n|move|p1a: Donphan|Endeavor|p2a: Tanker\n|-damage|p2a: Tanker|10\/100\n|\n|-weather|Sandstorm|[upkeep]\n|-damage|p2a: Tanker|4\/100|[from] Sandstorm\n|-heal|p2a: Tanker|10\/100|[from] item: Leftovers\n|upkeep\n|turn|5\n|\n|t:|1701198138\n|move|p2a: Tanker|Reversal|p1a: Donphan\n|-ability|p1a: Donphan|Sturdy\n|-damage|p1a: Donphan|4\/100\n|move|p1a: Donphan|Rapid Spin|p2a: Tanker\n|-damage|p2a: Tanker|9\/100\n|-boost|p1a: Donphan|spe|1\n|-heal|p1a: Donphan|8\/100|[from] item: Shell Bell|[of] p2a: Tanker\n|\n|-weather|Sandstorm|[upkeep]\n|-damage|p2a: Tanker|3\/100|[from] Sandstorm\n|-heal|p2a: Tanker|9\/100|[from] item: Leftovers\n|upkeep\n|turn|6\n|\n|t:|1701198150\n|move|p2a: Tanker|Night Slash|p1a: Donphan\n|-damage|p1a: Donphan|0 fnt\n|faint|p1a: Donphan\n|-ability|p2a: Tanker|Moxie|boost\n|-boost|p2a: Tanker|atk|1\n|\n|-weather|Sandstorm|[upkeep]\n|-damage|p2a: Tanker|3\/100|[from] Sandstorm\n|-heal|p2a: Tanker|9\/100|[from] item: Leftovers\n|upkeep\n|\n|t:|1701198168\n|switch|p1a: Donphan|Donphan, L6, M|100\/100\n|turn|7\n|\n|t:|1701198173\n|move|p2a: Tanker|Reversal|p1a: Donphan\n|-ability|p1a: Donphan|Sturdy\n|-damage|p1a: Donphan|4\/100\n|move|p1a: Donphan|Endeavor|p2a: Tanker\n|-damage|p2a: Tanker|1\/100\n|-heal|p1a: Donphan|15\/100|[from] item: Shell Bell|[of] p2a: Tanker\n|\n|-weather|Sandstorm|[upkeep]\n|-damage|p2a: Tanker|0 fnt|[from] Sandstorm\n|faint|p2a: Tanker\n|upkeep\n|\n|t:|1701198186\n|switch|p2a: Darko|Charizard, M, shiny|100\/100\n|turn|8\n|\n|t:|1701198193\n|move|p1a: Donphan|Protect|p1a: Donphan\n|-singleturn|p1a: Donphan|Protect\n|move|p2a: Darko|Blast Burn|p1a: Donphan\n|-activate|p1a: Donphan|move: Protect\n|\n|-weather|none\n|upkeep\n|turn|9\n|\n|t:|1701198199\n|move|p2a: Darko|Blast Burn|p1a: Donphan|[miss]\n|-miss|p2a: Darko|p1a: Donphan\n|move|p1a: Donphan|Endeavor|p2a: Darko\n|-damage|p2a: Darko|2\/100\n|-heal|p1a: Donphan|100\/100|[from] item: Shell Bell|[of] p2a: Darko\n|\n|upkeep\n|turn|10\n|\n|t:|1701198206\n|move|p1a: Donphan|Ice Shard|p2a: Darko\n|-damage|p2a: Darko|1\/100\n|move|p2a: Darko|Blast Burn|p1a: Donphan\n|-ability|p1a: Donphan|Sturdy\n|-damage|p1a: Donphan|4\/100\n|-mustrecharge|p2a: Darko\n|\n|upkeep\n|turn|11\n|\n|t:|1701198214\n|move|p1a: Donphan|Ice Shard|p2a: Darko\n|-damage|p2a: Darko|1\/100\n|-heal|p1a: Donphan|8\/100|[from] item: Shell Bell|[of] p2a: Darko\n|cant|p2a: Darko|recharge\n|\n|upkeep\n|turn|12\n|\n|t:|1701198220\n|move|p1a: Donphan|Ice Shard|p2a: Darko\n|-damage|p2a: Darko|0 fnt\n|faint|p2a: Darko\n|-heal|p1a: Donphan|11\/100|[from] item: Shell Bell|[of] p2: Darko\n|\n|upkeep\n|\n|t:|1701198226\n|switch|p2a: Best Boy|Zamazenta-Crowned|100\/100\n|-ability|p2a: Best Boy|Dauntless Shield|boost\n|-boost|p2a: Best Boy|def|1\n|turn|13\n|\n|t:|1701198234\n|move|p2a: Best Boy|Trailblaze|p1a: Donphan\n|-supereffective|p1a: Donphan\n|-damage|p1a: Donphan|0 fnt\n|-boost|p2a: Best Boy|spe|1\n|faint|p1a: Donphan\n|\n|upkeep\n|\n|t:|1701198238\n|switch|p1a: Donphan|Donphan, L6, M|100\/100\n|turn|14\n|\n|t:|1701198246\n|move|p2a: Best Boy|Trailblaze|p1a: Donphan\n|-supereffective|p1a: Donphan\n|-ability|p1a: Donphan|Sturdy\n|-damage|p1a: Donphan|4\/100\n|-boost|p2a: Best Boy|spe|1\n|move|p1a: Donphan|Endeavor|p2a: Best Boy\n|-damage|p2a: Best Boy|1\/100\n|-heal|p1a: Donphan|100\/100|[from] item: Shell Bell|[of] p2a: Best Boy\n|\n|upkeep\n|turn|15\n|\n|t:|1701198257\n|move|p1a: Donphan|Ice Shard|p2a: Best Boy\n|-resisted|p2a: Best Boy\n|-damage|p2a: Best Boy|0 fnt\n|faint|p2a: Best Boy\n|\n|upkeep\n|\n|t:|1701198262\n|switch|p2a: Baby Shark|Garchomp, M|100\/100\n|turn|16\n|\n|t:|1701198267\n|move|p2a: Baby Shark|Aerial Ace|p1a: Donphan\n|-ability|p1a: Donphan|Sturdy\n|-damage|p1a: Donphan|4\/100\n|move|p1a: Donphan|Endeavor|p2a: Baby Shark\n|-damage|p2a: Baby Shark|1\/100\n|-damage|p1a: Donphan|0 fnt|[from] ability: Rough Skin|[of] p2a: Baby Shark\n|faint|p1a: Donphan\n|\n|upkeep\n|\n|t:|1701198276\n|switch|p1a: Donphan|Donphan, F, shiny|100\/100\n|turn|17\n|\n|t:|1701198281\n|move|p2a: Baby Shark|Aerial Ace|p1a: Donphan\n|-damage|p1a: Donphan|88\/100\n|move|p1a: Donphan|Iron Head|p2a: Baby Shark\n|-damage|p2a: Baby Shark|0 fnt\n|-damage|p1a: Donphan|76\/100|[from] ability: Rough Skin|[of] p2a: Baby Shark\n|faint|p2a: Baby Shark\n|\n|win|Ant_Kid-06\n|raw|Ant_Kid-06's rating: 1000 &rarr; <strong>1041<\/strong><br \/>(+41 for winning)\n|raw|Gyuuky-Master's rating: 1010 &rarr; <strong>1000<\/strong><br \/>(-10 for losing)\n","uploadtime":1701198300,"views":0,"p1id":"antkid06","p2id":"gyuukymaster","formatid":"gen9anythinggoes","rating":1000,"private":0,"password":""}