{"id":"gen9anythinggoes-1998269375","p1":"fuck 9G","p2":"MelancholyBill","format":"[Gen 9] Anything Goes","log":"|j|\u2606fuck 9G\n|j|\u2606MelancholyBill\n|t:|1700922607\n|gametype|singles\n|player|p1|fuck 9G|1|1349\n|player|p2|MelancholyBill|benga|1254\n|teamsize|p1|6\n|teamsize|p2|6\n|gen|9\n|tier|[Gen 9] Anything Goes\n|rated|\n|rule|HP Percentage Mod: HP is shown in percentages\n|rule|Endless Battle Clause: Forcing endless battles is banned\n|clearpoke\n|poke|p1|Gholdengo|\n|poke|p1|Ting-Lu|\n|poke|p1|Chien-Pao|\n|poke|p1|Chi-Yu|\n|poke|p1|Skeledirge, F|\n|poke|p1|Mimikyu, F|\n|poke|p2|Salamence, M|\n|poke|p2|Quaquaval, M|\n|poke|p2|Vikavolt, F|\n|poke|p2|Ting-Lu|\n|poke|p2|Toxapex, F|\n|poke|p2|Ceruledge, M|\n|teampreview\n|inactive|Battle timer is ON: inactive players will automatically lose when time's up. (requested by fuck 9G)\n|\n|t:|1700922613\n|start\n|switch|p1a: Ting-Lu|Ting-Lu|100\/100\n|switch|p2a: Wammu|Ting-Lu|100\/100\n|-ability|p2a: Wammu|Vessel of Ruin\n|-ability|p1a: Ting-Lu|Vessel of Ruin\n|turn|1\n|\n|t:|1700922620\n|move|p2a: Wammu|Stealth Rock|p1a: Ting-Lu\n|-sidestart|p1: fuck 9G|move: Stealth Rock\n|move|p1a: Ting-Lu|Stealth Rock|p2a: Wammu\n|-sidestart|p2: MelancholyBill|move: Stealth Rock\n|\n|upkeep\n|turn|2\n|\n|t:|1700922624\n|move|p2a: Wammu|Spikes|p1a: Ting-Lu\n|-sidestart|p1: fuck 9G|Spikes\n|move|p1a: Ting-Lu|Whirlwind|p2a: Wammu\n|drag|p2a: Echo Act 2|Vikavolt, F|100\/100\n|-damage|p2a: Echo Act 2|76\/100|[from] Stealth Rock\n|\n|upkeep\n|turn|3\n|\n|t:|1700922628\n|move|p1a: Ting-Lu|Spikes|p2a: Echo Act 2\n|-sidestart|p2: MelancholyBill|Spikes\n|move|p2a: Echo Act 2|Sticky Web|p1a: Ting-Lu\n|-sidestart|p1: fuck 9G|move: Sticky Web\n|\n|upkeep\n|turn|4\n|\n|t:|1700922631\n|move|p1a: Ting-Lu|Spikes|p2a: Echo Act 2\n|-sidestart|p2: MelancholyBill|Spikes\n|move|p2a: Echo Act 2|Bug Buzz|p1a: Ting-Lu\n|-supereffective|p1a: Ting-Lu\n|-damage|p1a: Ting-Lu|55\/100\n|\n|-heal|p1a: Ting-Lu|61\/100|[from] item: Leftovers\n|upkeep\n|turn|5\n|\n|t:|1700922636\n|move|p1a: Ting-Lu|Spikes|p2a: Echo Act 2\n|-sidestart|p2: MelancholyBill|Spikes\n|move|p2a: Echo Act 2|Bug Buzz|p1a: Ting-Lu\n|-supereffective|p1a: Ting-Lu\n|-damage|p1a: Ting-Lu|14\/100\n|-unboost|p1a: Ting-Lu|spd|1\n|\n|-heal|p1a: Ting-Lu|20\/100|[from] item: Leftovers\n|upkeep\n|turn|6\n|l|\u2606MelancholyBill\n|inactive|MelancholyBill disconnected and has a minute to reconnect!\n|player|p2|\n|j|\u2606MelancholyBill\n|inactive|MelancholyBill reconnected and has 125 seconds left.\n|player|p2|MelancholyBill|benga\n|inactive|MelancholyBill has 120 seconds left.\n|\n|t:|1700922669\n|move|p2a: Echo Act 2|Bug Buzz|p1a: Ting-Lu\n|-supereffective|p1a: Ting-Lu\n|-damage|p1a: Ting-Lu|0 fnt\n|faint|p1a: Ting-Lu\n|\n|upkeep\n|\n|t:|1700922678\n|switch|p1a: Skeledirge|Skeledirge, F|100\/100\n|turn|7\n|\n|t:|1700922681\n|move|p1a: Skeledirge|Yawn|p2a: Echo Act 2\n|-start|p2a: Echo Act 2|move: Yawn|[of] p1a: Skeledirge\n|move|p2a: Echo Act 2|Thunder Wave|p1a: Skeledirge\n|-status|p1a: Skeledirge|par\n|\n|upkeep\n|turn|8\n|\n|t:|1700922690\n|switch|p2a: Wammu|Ting-Lu|100\/100\n|-damage|p2a: Wammu|94\/100|[from] Stealth Rock\n|-damage|p2a: Wammu|69\/100|[from] Spikes\n|-ability|p2a: Wammu|Vessel of Ruin\n|cant|p1a: Skeledirge|par\n|\n|-heal|p2a: Wammu|76\/100|[from] item: Leftovers\n|upkeep\n|turn|9\n|\n|t:|1700922698\n|move|p2a: Wammu|Spikes|p1a: Skeledirge\n|-sidestart|p1: fuck 9G|Spikes\n|cant|p1a: Skeledirge|par\n|\n|-heal|p2a: Wammu|82\/100|[from] item: Leftovers\n|upkeep\n|turn|10\n|\n|t:|1700922702\n|move|p2a: Wammu|Earthquake|p1a: Skeledirge\n|-supereffective|p1a: Skeledirge\n|-damage|p1a: Skeledirge|57\/100 par\n|cant|p1a: Skeledirge|par\n|\n|-heal|p2a: Wammu|88\/100|[from] item: Leftovers\n|upkeep\n|turn|11\n|\n|t:|1700922710\n|move|p2a: Wammu|Earthquake|p1a: Skeledirge\n|-supereffective|p1a: Skeledirge\n|-damage|p1a: Skeledirge|13\/100 par\n|move|p1a: Skeledirge|Slack Off|p1a: Skeledirge\n|-heal|p1a: Skeledirge|63\/100 par\n|\n|-heal|p2a: Wammu|94\/100|[from] item: Leftovers\n|upkeep\n|turn|12\n|\n|t:|1700922714\n|move|p2a: Wammu|Earthquake|p1a: Skeledirge\n|-supereffective|p1a: Skeledirge\n|-damage|p1a: Skeledirge|22\/100 par\n|move|p1a: Skeledirge|Will-O-Wisp|p2a: Wammu\n|-status|p2a: Wammu|brn\n|\n|-heal|p2a: Wammu|100\/100 brn|[from] item: Leftovers\n|-damage|p2a: Wammu|94\/100 brn|[from] brn\n|upkeep\n|turn|13\n|\n|t:|1700922723\n|move|p2a: Wammu|Earthquake|p1a: Skeledirge\n|-supereffective|p1a: Skeledirge\n|-damage|p1a: Skeledirge|0 fnt\n|faint|p1a: Skeledirge\n|\n|-heal|p2a: Wammu|100\/100 brn|[from] item: Leftovers\n|-damage|p2a: Wammu|94\/100 brn|[from] brn\n|upkeep\n|\n|t:|1700922730\n|switch|p1a: Chi-Yu|Chi-Yu|100\/100\n|-damage|p1a: Chi-Yu|76\/100|[from] Stealth Rock\n|-damage|p1a: Chi-Yu|59\/100|[from] Spikes\n|-activate|p1a: Chi-Yu|move: Sticky Web\n|-unboost|p1a: Chi-Yu|spe|1\n|-ability|p1a: Chi-Yu|Beads of Ruin\n|turn|14\n|\n|t:|1700922739\n|move|p1a: Chi-Yu|Overheat|p2a: Wammu\n|-damage|p2a: Wammu|47\/100 brn\n|-unboost|p1a: Chi-Yu|spa|2\n|move|p2a: Wammu|Whirlwind|p1a: Chi-Yu\n|drag|p1a: Mimikyu|Mimikyu, F|100\/100\n|-damage|p1a: Mimikyu|88\/100|[from] Stealth Rock\n|-damage|p1a: Mimikyu|72\/100|[from] Spikes\n|-activate|p1a: Mimikyu|move: Sticky Web\n|-unboost|p1a: Mimikyu|spe|1\n|\n|-heal|p2a: Wammu|53\/100 brn|[from] item: Leftovers\n|-damage|p2a: Wammu|47\/100 brn|[from] brn\n|upkeep\n|turn|15\n|\n|t:|1700922758\n|move|p1a: Mimikyu|Play Rough|p2a: Wammu\n|-supereffective|p2a: Wammu\n|-damage|p2a: Wammu|14\/100 brn\n|move|p2a: Wammu|Earthquake|p1a: Mimikyu\n|-activate|p1a: Mimikyu|ability: Disguise\n|-damage|p1a: Mimikyu|72\/100\n|detailschange|p1a: Mimikyu|Mimikyu-Busted, F\n|-damage|p1a: Mimikyu|59\/100|[from] pokemon: Mimikyu-Busted\n|-enditem|p1a: Mimikyu|Red Card|[of] p2a: Wammu\n|drag|p2a: The Hand|Quaquaval, M|100\/100\n|-damage|p2a: The Hand|94\/100|[from] Stealth Rock\n|-damage|p2a: The Hand|69\/100|[from] Spikes\n|\n|upkeep\n|turn|16\n|\n|t:|1700922771\n|move|p2a: The Hand|Aqua Step|p1a: Mimikyu\n|-damage|p1a: Mimikyu|3\/100\n|-boost|p2a: The Hand|spe|1\n|move|p1a: Mimikyu|Play Rough|p2a: The Hand\n|-supereffective|p2a: The Hand\n|-damage|p2a: The Hand|0 fnt\n|faint|p2a: The Hand\n|\n|upkeep\n|\n|t:|1700922784\n|switch|p2a: Wammu|Ting-Lu|14\/100 brn\n|-damage|p2a: Wammu|8\/100 brn|[from] Stealth Rock\n|-damage|p2a: Wammu|0 fnt|[from] Spikes\n|faint|p2a: Wammu\n|\n|t:|1700922788\n|switch|p2a: Echo Act 2|Vikavolt, F|76\/100\n|-damage|p2a: Echo Act 2|51\/100|[from] Stealth Rock\n|turn|17\n|\n|t:|1700922796\n|move|p1a: Mimikyu|Play Rough|p2a: Echo Act 2|[miss]\n|-miss|p1a: Mimikyu|p2a: Echo Act 2\n|move|p2a: Echo Act 2|Thunderbolt|p1a: Mimikyu\n|-damage|p1a: Mimikyu|0 fnt\n|faint|p1a: Mimikyu\n|\n|upkeep\n|\n|t:|1700922800\n|switch|p1a: Chi-Yu|Chi-Yu|59\/100\n|-damage|p1a: Chi-Yu|35\/100|[from] Stealth Rock\n|-damage|p1a: Chi-Yu|18\/100|[from] Spikes\n|-activate|p1a: Chi-Yu|move: Sticky Web\n|-unboost|p1a: Chi-Yu|spe|1\n|-ability|p1a: Chi-Yu|Beads of Ruin\n|turn|18\n|\n|t:|1700922804\n|move|p1a: Chi-Yu|Flamethrower|p2a: Echo Act 2\n|-supereffective|p2a: Echo Act 2\n|-damage|p2a: Echo Act 2|0 fnt\n|faint|p2a: Echo Act 2\n|\n|upkeep\n|\n|t:|1700922807\n|switch|p2a: Silver Chariot|Ceruledge, M|100\/100\n|-damage|p2a: Silver Chariot|75\/100|[from] Stealth Rock\n|-damage|p2a: Silver Chariot|50\/100|[from] Spikes\n|turn|19\n|\n|t:|1700922814\n|move|p1a: Chi-Yu|Flamethrower|p2a: Silver Chariot\n|-resisted|p2a: Silver Chariot\n|-crit|p2a: Silver Chariot\n|-damage|p2a: Silver Chariot|0 fnt\n|faint|p2a: Silver Chariot\n|\n|upkeep\n|\n|t:|1700922818\n|switch|p2a: Salamanca|Salamence, M|100\/100\n|-damage|p2a: Salamanca|75\/100|[from] Stealth Rock\n|turn|20\n|\n|t:|1700922823\n|move|p2a: Salamanca|Dragon Dance|p2a: Salamanca\n|-boost|p2a: Salamanca|atk|1\n|-boost|p2a: Salamanca|spe|1\n|move|p1a: Chi-Yu|Flamethrower|p2a: Salamanca\n|-resisted|p2a: Salamanca\n|-damage|p2a: Salamanca|32\/100\n|\n|upkeep\n|turn|21\n|\n|t:|1700922830\n|move|p2a: Salamanca|Dragon Claw|p1a: Chi-Yu\n|-damage|p1a: Chi-Yu|0 fnt\n|faint|p1a: Chi-Yu\n|-ability|p2a: Salamanca|Moxie|boost\n|-boost|p2a: Salamanca|atk|1\n|\n|upkeep\n|\n|t:|1700922832\n|switch|p1a: Chien-Pao|Chien-Pao|100\/100\n|-damage|p1a: Chien-Pao|75\/100|[from] Stealth Rock\n|-damage|p1a: Chien-Pao|59\/100|[from] Spikes\n|-activate|p1a: Chien-Pao|move: Sticky Web\n|-unboost|p1a: Chien-Pao|spe|1\n|-ability|p1a: Chien-Pao|Sword of Ruin\n|turn|22\n|\n|t:|1700922840\n|-terastallize|p2a: Salamanca|Fire\n|move|p1a: Chien-Pao|Ice Shard|p2a: Salamanca\n|-resisted|p2a: Salamanca\n|-damage|p2a: Salamanca|4\/100\n|move|p2a: Salamanca|Tera Blast|p1a: Chien-Pao|[anim] Tera Blast Fire\n|-supereffective|p1a: Chien-Pao\n|-damage|p1a: Chien-Pao|0 fnt\n|faint|p1a: Chien-Pao\n|-ability|p2a: Salamanca|Moxie|boost\n|-boost|p2a: Salamanca|atk|1\n|\n|upkeep\n|-message|fuck 9G forfeited.\n|\n|win|MelancholyBill\n|raw|fuck 9G's rating: 1349 &rarr; <strong>1324<\/strong><br \/>(-25 for losing)\n|raw|MelancholyBill's rating: 1254 &rarr; <strong>1286<\/strong><br \/>(+32 for winning)\n|l|\u2606fuck 9G\n","uploadtime":1700922858,"views":0,"p1id":"fuck9g","p2id":"melancholybill","formatid":"gen9anythinggoes","rating":1286,"private":0,"password":""}