{"id":"gen9anythinggoes-1990290919","p1":"Mark Zuckrberg","p2":"Petar420","format":"[Gen 9] Anything Goes","log":"|j|\u2606Mark Zuckrberg\n|j|\u2606Petar420\n|t:|1699951656\n|gametype|singles\n|player|p1|Mark Zuckrberg|blue|1770\n|player|p2|Petar420|red-masters2|1760\n|teamsize|p1|6\n|teamsize|p2|6\n|gen|9\n|tier|[Gen 9] Anything Goes\n|rated|\n|rule|HP Percentage Mod: HP is shown in percentages\n|rule|Endless Battle Clause: Forcing endless battles is banned\n|clearpoke\n|poke|p1|Koraidon|\n|poke|p1|Zacian-*|\n|poke|p1|Arceus|\n|poke|p1|Calyrex-Shadow|\n|poke|p1|Arceus-Ground|\n|poke|p1|Muk-Alola, F|\n|poke|p2|Magearna|\n|poke|p2|Grimmsnarl, M|\n|poke|p2|Mew|\n|poke|p2|Miraidon|\n|poke|p2|Oricorio-Pom-Pom, F|\n|poke|p2|Farigiraf, F|\n|teampreview\n|\n|t:|1699951676\n|start\n|switch|p1a: Zark Mukerberg|Muk-Alola, F|100\/100\n|switch|p2a: Grimmsnarl|Grimmsnarl, M|100\/100\n|turn|1\n|inactive|Battle timer is ON: inactive players will automatically lose when time's up. (requested by Petar420)\n|\n|t:|1699951684\n|move|p2a: Grimmsnarl|Reflect|p2a: Grimmsnarl\n|-sidestart|p2: Petar420|Reflect\n|move|p1a: Zark Mukerberg|Knock Off|p2a: Grimmsnarl\n|-resisted|p2a: Grimmsnarl\n|-damage|p2a: Grimmsnarl|96\/100\n|-enditem|p2a: Grimmsnarl|Light Clay|[from] move: Knock Off|[of] p1a: Zark Mukerberg\n|\n|upkeep\n|turn|2\n|\n|t:|1699951687\n|move|p2a: Grimmsnarl|Light Screen|p2a: Grimmsnarl\n|-sidestart|p2: Petar420|move: Light Screen\n|move|p1a: Zark Mukerberg|Poison Jab|p2a: Grimmsnarl\n|-supereffective|p2a: Grimmsnarl\n|-damage|p2a: Grimmsnarl|64\/100\n|-status|p2a: Grimmsnarl|psn\n|\n|-damage|p2a: Grimmsnarl|52\/100 psn|[from] psn\n|upkeep\n|turn|3\n|\n|t:|1699951693\n|switch|p2a: Oricorio|Oricorio-Pom-Pom, F|100\/100\n|move|p1a: Zark Mukerberg|Taunt|p2a: Oricorio\n|-start|p2a: Oricorio|move: Taunt\n|-enditem|p2a: Oricorio|Mental Herb\n|-end|p2a: Oricorio|move: Taunt\n|\n|upkeep\n|turn|4\n|\n|t:|1699951698\n|move|p2a: Oricorio|Taunt|p1a: Zark Mukerberg\n|-start|p1a: Zark Mukerberg|move: Taunt\n|cant|p1a: Zark Mukerberg|move: Taunt|Taunt\n|\n|upkeep\n|turn|5\n|\n|t:|1699951702\n|move|p2a: Oricorio|Quiver Dance|p2a: Oricorio\n|-boost|p2a: Oricorio|spa|1\n|-boost|p2a: Oricorio|spd|1\n|-boost|p2a: Oricorio|spe|1\n|move|p1a: Zark Mukerberg|Knock Off|p2a: Oricorio\n|-damage|p2a: Oricorio|84\/100\n|-status|p2a: Oricorio|psn|[from] ability: Poison Touch|[of] p1a: Zark Mukerberg\n|\n|-damage|p2a: Oricorio|72\/100 psn|[from] psn\n|upkeep\n|turn|6\n|\n|t:|1699951709\n|move|p2a: Oricorio|Quiver Dance|p2a: Oricorio\n|-boost|p2a: Oricorio|spa|1\n|-boost|p2a: Oricorio|spd|1\n|-boost|p2a: Oricorio|spe|1\n|move|p1a: Zark Mukerberg|Poison Jab|p2a: Oricorio\n|-damage|p2a: Oricorio|50\/100 psn\n|\n|-damage|p2a: Oricorio|38\/100 psn|[from] psn\n|-end|p1a: Zark Mukerberg|move: Taunt\n|-sideend|p2: Petar420|move: Light Screen\n|upkeep\n|turn|7\n|\n|t:|1699951717\n|move|p2a: Oricorio|Taunt|p1a: Zark Mukerberg\n|-start|p1a: Zark Mukerberg|move: Taunt\n|move|p1a: Zark Mukerberg|Poison Jab|p2a: Oricorio\n|-damage|p2a: Oricorio|19\/100 psn\n|\n|-damage|p2a: Oricorio|6\/100 psn|[from] psn\n|upkeep\n|turn|8\n|\n|t:|1699951726\n|move|p2a: Oricorio|Baton Pass|p2a: Oricorio\n|\n|t:|1699951730\n|switch|p2a: Mew|Mew|100\/100|[from] Baton Pass\n|move|p1a: Zark Mukerberg|Knock Off|p2a: Mew\n|-supereffective|p2a: Mew\n|-damage|p2a: Mew|76\/100\n|-status|p2a: Mew|psn|[from] ability: Poison Touch|[of] p1a: Zark Mukerberg\n|-activate|p2a: Mew|ability: Synchronize\n|-immune|p1a: Zark Mukerberg\n|-enditem|p2a: Mew|Mental Herb|[from] move: Knock Off|[of] p1a: Zark Mukerberg\n|\n|-damage|p2a: Mew|63\/100 psn|[from] psn\n|-sideend|p2: Petar420|Reflect\n|upkeep\n|turn|9\n|\n|t:|1699951740\n|move|p2a: Mew|Amnesia|p2a: Mew\n|-boost|p2a: Mew|spd|2\n|move|p1a: Zark Mukerberg|Knock Off|p2a: Mew\n|-supereffective|p2a: Mew\n|-damage|p2a: Mew|25\/100 psn\n|\n|-damage|p2a: Mew|13\/100 psn|[from] psn\n|-end|p1a: Zark Mukerberg|move: Taunt\n|upkeep\n|turn|10\n|\n|t:|1699951758\n|move|p2a: Mew|Baton Pass|p2a: Mew\n|\n|t:|1699951761\n|switch|p2a: Magearna|Magearna|100\/100|[from] Baton Pass\n|move|p1a: Zark Mukerberg|Taunt|p2a: Magearna\n|-start|p2a: Magearna|move: Taunt\n|-enditem|p2a: Magearna|Mental Herb\n|-end|p2a: Magearna|move: Taunt\n|\n|upkeep\n|turn|11\n|\n|t:|1699951770\n|move|p2a: Magearna|Baton Pass|p2a: Magearna\n|\n|t:|1699951773\n|switch|p2a: Miraidon|Miraidon|100\/100|[from] Baton Pass\n|-fieldstart|move: Electric Terrain|[from] ability: Hadron Engine|[of] p2a: Miraidon\n|move|p1a: Zark Mukerberg|Knock Off|p2a: Miraidon\n|-damage|p2a: Miraidon|66\/100\n|-status|p2a: Miraidon|psn|[from] ability: Poison Touch|[of] p1a: Zark Mukerberg\n|-enditem|p2a: Miraidon|Leftovers|[from] move: Knock Off|[of] p1a: Zark Mukerberg\n|\n|-damage|p2a: Miraidon|54\/100 psn|[from] psn\n|upkeep\n|turn|12\n|\n|t:|1699951780\n|switch|p1a: Arceus|Arceus-Ground|100\/100\n|move|p2a: Miraidon|Parabolic Charge|p1a: Arceus\n|-immune|p1a: Arceus\n|\n|-damage|p2a: Miraidon|42\/100 psn|[from] psn\n|upkeep\n|turn|13\n|\n|t:|1699951786\n|-terastallize|p2a: Miraidon|Ice\n|move|p2a: Miraidon|Tera Blast|p1a: Arceus|[anim] Tera Blast Ice\n|-supereffective|p1a: Arceus\n|-damage|p1a: Arceus|0 fnt\n|faint|p1a: Arceus\n|\n|-damage|p2a: Miraidon|30\/100 psn|[from] psn\n|upkeep\n|\n|t:|1699951792\n|switch|p1a: Arceus|Arceus|100\/100\n|turn|14\n|\n|t:|1699951801\n|switch|p2a: Magearna|Magearna|100\/100\n|move|p1a: Arceus|Extreme Speed|p2a: Magearna\n|-resisted|p2a: Magearna\n|-damage|p2a: Magearna|85\/100\n|\n|upkeep\n|turn|15\n|\n|t:|1699951805\n|move|p1a: Arceus|Taunt|p2a: Magearna\n|-start|p2a: Magearna|move: Taunt\n|cant|p2a: Magearna|move: Taunt|Shift Gear\n|\n|-fieldend|move: Electric Terrain\n|upkeep\n|turn|16\n|\n|t:|1699951818\n|switch|p2a: Grimmsnarl|Grimmsnarl, M|52\/100 psn\n|move|p1a: Arceus|Swords Dance|p1a: Arceus\n|-boost|p1a: Arceus|atk|2\n|\n|-damage|p2a: Grimmsnarl|39\/100 psn|[from] psn\n|upkeep\n|turn|17\n|\n|t:|1699951826\n|move|p1a: Arceus|Extreme Speed|p2a: Grimmsnarl\n|-damage|p2a: Grimmsnarl|0 fnt\n|faint|p2a: Grimmsnarl\n|\n|upkeep\n|\n|t:|1699951832\n|switch|p2a: Farigiraf|Farigiraf, F|100\/100\n|turn|18\n|\n|t:|1699951839\n|move|p1a: Arceus|Taunt|p2a: Farigiraf\n|-start|p2a: Farigiraf|move: Taunt\n|cant|p2a: Farigiraf|move: Taunt|Agility\n|\n|upkeep\n|turn|19\n|-message|Petar420 forfeited.\n|\n|win|Mark Zuckrberg\n|raw|Mark Zuckrberg's rating: 1770 &rarr; <strong>1789<\/strong><br \/>(+19 for winning)\n|raw|Petar420's rating: 1760 &rarr; <strong>1741<\/strong><br \/>(-19 for losing)\n|l|\u2606Mark Zuckrberg\n|j|\u2606Mark Zuckrberg\n|player|p1|Mark Zuckrberg|blue\n","uploadtime":1699951855,"views":16,"p1id":"markzuckrberg","p2id":"petar420","formatid":"gen9anythinggoes","rating":1741,"private":0,"password":""}