{"id":"gen9anythinggoes-1979763538","p1":"theblandino","p2":"caligulahar","format":"[Gen 9] Anything Goes","log":"|j|\u2606theblandino\n|j|\u2606caligulahar\n|t:|1698710740\n|gametype|singles\n|player|p1|theblandino|yellow|\n|player|p2|caligulahar|richboy-gen4|\n|teamsize|p1|6\n|teamsize|p2|6\n|gen|9\n|tier|[Gen 9] Anything Goes\n|rule|HP Percentage Mod: HP is shown in percentages\n|rule|Endless Battle Clause: Forcing endless battles is banned\n|clearpoke\n|poke|p1|Lycanroc, M|\n|poke|p1|Tyranitar, M|\n|poke|p1|Slowking, M|\n|poke|p1|Iron Treads|\n|poke|p1|Dusclops, M|\n|poke|p1|Ogerpon-Cornerstone, F|\n|poke|p2|Iron Bundle|\n|poke|p2|Cyclizar, M|\n|poke|p2|Infernape, M|\n|poke|p2|Kleavor, M|\n|poke|p2|Orthworm, M|\n|poke|p2|Vullaby, F|\n|teampreview\n|inactive|Battle timer is ON: inactive players will automatically lose when time's up. (requested by caligulahar)\n|j| prof minu\n|\n|t:|1698710758\n|start\n|switch|p1a: Mecha-Mark|Iron Treads|100\/100\n|switch|p2a: Fujitora|Cyclizar, M|100\/100\n|turn|1\n|\n|t:|1698710765\n|move|p2a: Fujitora|Shed Tail|p2a: Fujitora\n|-start|p2a: Fujitora|Substitute|[from] move: Shed Tail\n|-damage|p2a: Fujitora|50\/100\n|\n|t:|1698710769\n|switch|p2a: Luffy|Infernape, M, shiny|100\/100|[from] Shed Tail\n|move|p1a: Mecha-Mark|Stealth Rock|p2a: Luffy\n|-sidestart|p2: caligulahar|move: Stealth Rock\n|\n|upkeep\n|turn|2\n|\n|t:|1698710787\n|move|p2a: Luffy|Swords Dance|p2a: Luffy\n|-boost|p2a: Luffy|atk|2\n|move|p1a: Mecha-Mark|Body Press|p2a: Luffy\n|-end|p2a: Luffy|Substitute\n|\n|upkeep\n|turn|3\n|inactive|theblandino has 270 seconds left.\n|inactive|theblandino has 240 seconds left.\n|\n|t:|1698710859\n|-end|p1a: Mecha-Mark|Quark Drive|[silent]\n|switch|p1a: Ptumri|Slowking, M|100\/100\n|move|p2a: Luffy|Fire Punch|p1a: Ptumri\n|-resisted|p1a: Ptumri\n|-damage|p1a: Ptumri|60\/100\n|-damage|p2a: Luffy|91\/100|[from] item: Life Orb\n|\n|upkeep\n|turn|4\n|inactive|theblandino has 240 seconds left.\n|\n|t:|1698710886\n|move|p2a: Luffy|Close Combat|p1a: Ptumri\n|-resisted|p1a: Ptumri\n|-damage|p1a: Ptumri|10\/100\n|-unboost|p2a: Luffy|def|1\n|-unboost|p2a: Luffy|spd|1\n|-damage|p2a: Luffy|81\/100|[from] item: Life Orb\n|move|p1a: Ptumri|Psyshock|p2a: Luffy\n|-supereffective|p2a: Luffy\n|-damage|p2a: Luffy|0 fnt\n|faint|p2a: Luffy\n|\n|upkeep\n|inactive|caligulahar has 270 seconds left.\n|\n|t:|1698710910\n|switch|p2a: Fujitora|Cyclizar, M|84\/100\n|turn|5\n|\n|t:|1698710914\n|switch|p1a: Thor Stoutberg|Tyranitar, M|100\/100\n|-weather|Sandstorm|[from] ability: Sand Stream|[of] p1a: Thor Stoutberg\n|move|p2a: Fujitora|Knock Off|p1a: Thor Stoutberg\n|-resisted|p1a: Thor Stoutberg\n|-damage|p1a: Thor Stoutberg|92\/100\n|-enditem|p1a: Thor Stoutberg|Smooth Rock|[from] move: Knock Off|[of] p2a: Fujitora\n|\n|-weather|Sandstorm|[upkeep]\n|-damage|p2a: Fujitora|78\/100|[from] Sandstorm\n|upkeep\n|turn|6\n|inactive|theblandino has 240 seconds left.\n|\n|t:|1698710926\n|move|p2a: Fujitora|Shed Tail|p2a: Fujitora\n|-start|p2a: Fujitora|Substitute|[from] move: Shed Tail\n|-damage|p2a: Fujitora|28\/100\n|\n|t:|1698710936\n|switch|p2a: Axe Hand Morgan|Kleavor, M, shiny|100\/100|[from] Shed Tail\n|-damage|p2a: Axe Hand Morgan|76\/100|[from] Stealth Rock\n|move|p1a: Thor Stoutberg|Taunt|p2a: Axe Hand Morgan\n|-start|p2a: Axe Hand Morgan|move: Taunt\n|\n|-weather|Sandstorm|[upkeep]\n|-heal|p2a: Axe Hand Morgan|82\/100|[from] item: Leftovers\n|upkeep\n|turn|7\n|inactive|theblandino has 240 seconds left.\n|\n|t:|1698710951\n|switch|p1a: Talisman|Dusclops, M|100\/100\n|-ability|p1a: Talisman|Pressure\n|move|p2a: Axe Hand Morgan|X-Scissor|p1a: Talisman\n|-resisted|p1a: Talisman\n|-damage|p1a: Talisman|83\/100\n|\n|-weather|Sandstorm|[upkeep]\n|-damage|p1a: Talisman|77\/100|[from] Sandstorm\n|-heal|p2a: Axe Hand Morgan|88\/100|[from] item: Leftovers\n|upkeep\n|turn|8\n|inactive|theblandino has 240 seconds left.\n|\n|t:|1698710974\n|move|p2a: Axe Hand Morgan|Night Slash|p1a: Talisman\n|-supereffective|p1a: Talisman\n|-damage|p1a: Talisman|28\/100\n|move|p1a: Talisman|Pain Split||[still]\n|-fail|p1a: Talisman\n|\n|-weather|Sandstorm|[upkeep]\n|-damage|p1a: Talisman|22\/100|[from] Sandstorm\n|-heal|p2a: Axe Hand Morgan|94\/100|[from] item: Leftovers\n|-end|p2a: Axe Hand Morgan|move: Taunt\n|upkeep\n|turn|9\n|\n|t:|1698710995\n|switch|p1a: Thor Stoutberg|Tyranitar, M|92\/100\n|move|p2a: Axe Hand Morgan|Night Slash|p1a: Thor Stoutberg\n|-resisted|p1a: Thor Stoutberg\n|-damage|p1a: Thor Stoutberg|75\/100\n|\n|-weather|Sandstorm|[upkeep]\n|-heal|p2a: Axe Hand Morgan|99\/100|[from] item: Leftovers\n|upkeep\n|turn|10\n|\n|t:|1698711004\n|move|p2a: Axe Hand Morgan|X-Scissor|p1a: Thor Stoutberg\n|-supereffective|p1a: Thor Stoutberg\n|-damage|p1a: Thor Stoutberg|0 fnt\n|faint|p1a: Thor Stoutberg\n|\n|-weather|Sandstorm|[upkeep]\n|-heal|p2a: Axe Hand Morgan|100\/100|[from] item: Leftovers\n|upkeep\n|\n|t:|1698711013\n|switch|p1a: Mecha-Mark|Iron Treads|100\/100\n|turn|11\n|\n|t:|1698711020\n|move|p1a: Mecha-Mark|Body Press|p2a: Axe Hand Morgan\n|-end|p2a: Axe Hand Morgan|Substitute\n|move|p2a: Axe Hand Morgan|Stone Axe|p1a: Mecha-Mark\n|-resisted|p1a: Mecha-Mark\n|-damage|p1a: Mecha-Mark|90\/100\n|-sidestart|p1: theblandino|move: Stealth Rock\n|-enditem|p1a: Mecha-Mark|Eject Button\n|\n|t:|1698711028\n|-end|p1a: Mecha-Mark|Quark Drive|[silent]\n|switch|p1a: Shawn Froste|Lycanroc, M, shiny|100\/100\n|-damage|p1a: Shawn Froste|88\/100|[from] Stealth Rock\n|\n|-weather|Sandstorm|[upkeep]\n|upkeep\n|turn|12\n|inactive|theblandino has 240 seconds left.\n|\n|t:|1698711040\n|switch|p2a: Garp|Orthworm, M|100\/100\n|-damage|p2a: Garp|94\/100|[from] Stealth Rock\n|move|p1a: Shawn Froste|Close Combat|p2a: Garp\n|-supereffective|p2a: Garp\n|-damage|p2a: Garp|44\/100\n|-unboost|p1a: Shawn Froste|def|1\n|-unboost|p1a: Shawn Froste|spd|1\n|\n|-weather|none\n|-heal|p2a: Garp|50\/100|[from] item: Leftovers\n|upkeep\n|turn|13\n|inactive|theblandino has 240 seconds left.\n|\n|t:|1698711054\n|move|p2a: Garp|Protect|p2a: Garp\n|-singleturn|p2a: Garp|Protect\n|move|p1a: Shawn Froste|Close Combat|p2a: Garp\n|-activate|p2a: Garp|move: Protect\n|\n|-heal|p2a: Garp|57\/100|[from] item: Leftovers\n|upkeep\n|turn|14\n|\n|t:|1698711062\n|switch|p1a: Mecha-Mark|Iron Treads|90\/100\n|-damage|p1a: Mecha-Mark|87\/100|[from] Stealth Rock\n|move|p2a: Garp|Body Press|p1a: Mecha-Mark\n|-supereffective|p1a: Mecha-Mark\n|-damage|p1a: Mecha-Mark|43\/100\n|\n|-heal|p2a: Garp|63\/100|[from] item: Leftovers\n|upkeep\n|turn|15\n|\n|t:|1698711073\n|move|p1a: Mecha-Mark|Rapid Spin|p2a: Garp\n|-resisted|p2a: Garp\n|-damage|p2a: Garp|59\/100\n|-boost|p1a: Mecha-Mark|spe|1\n|-sideend|p1: theblandino|Stealth Rock|[from] move: Rapid Spin|[of] p1a: Mecha-Mark\n|move|p2a: Garp|Body Press|p1a: Mecha-Mark\n|-supereffective|p1a: Mecha-Mark\n|-damage|p1a: Mecha-Mark|0 fnt\n|faint|p1a: Mecha-Mark\n|-end|p1a: Mecha-Mark|Quark Drive|[silent]\n|\n|-heal|p2a: Garp|65\/100|[from] item: Leftovers\n|upkeep\n|inactive|theblandino has 240 seconds left.\n|\n|t:|1698711093\n|switch|p1a: Bay Laurel|Ogerpon-Cornerstone, F|100\/100\n|turn|16\n|inactive|theblandino has 240 seconds left.\n|\n|t:|1698711099\n|move|p1a: Bay Laurel|Brick Break|p2a: Garp\n|-supereffective|p2a: Garp\n|-damage|p2a: Garp|29\/100\n|move|p2a: Garp|Body Press|p1a: Bay Laurel\n|-supereffective|p1a: Bay Laurel\n|-damage|p1a: Bay Laurel|10\/100\n|\n|-heal|p2a: Garp|35\/100|[from] item: Leftovers\n|upkeep\n|turn|17\n|\n|t:|1698711107\n|move|p2a: Garp|Protect|p2a: Garp\n|-singleturn|p2a: Garp|Protect\n|move|p1a: Bay Laurel|Brick Break|p2a: Garp\n|-activate|p2a: Garp|move: Protect\n|\n|-heal|p2a: Garp|41\/100|[from] item: Leftovers\n|upkeep\n|turn|18\n|\n|t:|1698711118\n|switch|p1a: Ptumri|Slowking, M|43\/100\n|switch|p2a: Alvida|Vullaby, F, shiny|100\/100\n|-damage|p2a: Alvida|75\/100|[from] Stealth Rock\n|\n|upkeep\n|turn|19\n|\n|t:|1698711124\n|move|p2a: Alvida|Knock Off|p1a: Ptumri\n|-supereffective|p1a: Ptumri\n|-damage|p1a: Ptumri|12\/100\n|-enditem|p1a: Ptumri|Heavy-Duty Boots|[from] move: Knock Off|[of] p2a: Alvida\n|move|p1a: Ptumri|Ice Beam|p2a: Alvida\n|-supereffective|p2a: Alvida\n|-damage|p2a: Alvida|46\/100\n|\n|upkeep\n|turn|20\n|\n|t:|1698711136\n|switch|p1a: Shawn Froste|Lycanroc, M, shiny|88\/100\n|move|p2a: Alvida|Knock Off|p1a: Shawn Froste\n|-damage|p1a: Shawn Froste|51\/100\n|-enditem|p1a: Shawn Froste|Choice Scarf|[from] move: Knock Off|[of] p2a: Alvida\n|\n|upkeep\n|turn|21\n|\n|t:|1698711153\n|-terastallize|p2a: Alvida|Steel\n|move|p1a: Shawn Froste|Stone Edge|p2a: Alvida\n|-resisted|p2a: Alvida\n|-damage|p2a: Alvida|27\/100\n|move|p2a: Alvida|Roost|p2a: Alvida\n|-heal|p2a: Alvida|77\/100\n|\n|upkeep\n|turn|22\n|\n|t:|1698711162\n|move|p1a: Shawn Froste|Close Combat|p2a: Alvida\n|-supereffective|p2a: Alvida\n|-damage|p2a: Alvida|16\/100\n|-unboost|p1a: Shawn Froste|def|1\n|-unboost|p1a: Shawn Froste|spd|1\n|move|p2a: Alvida|Knock Off|p1a: Shawn Froste\n|-damage|p1a: Shawn Froste|13\/100\n|\n|upkeep\n|turn|23\n|\n|t:|1698711176\n|switch|p2a: Axe Hand Morgan|Kleavor, M, shiny|100\/100\n|-damage|p2a: Axe Hand Morgan|76\/100|[from] Stealth Rock\n|move|p1a: Shawn Froste|Close Combat|p2a: Axe Hand Morgan\n|-damage|p2a: Axe Hand Morgan|24\/100\n|-unboost|p1a: Shawn Froste|def|1\n|-unboost|p1a: Shawn Froste|spd|1\n|\n|-heal|p2a: Axe Hand Morgan|30\/100|[from] item: Leftovers\n|upkeep\n|turn|24\n|\n|t:|1698711190\n|move|p1a: Shawn Froste|Close Combat|p2a: Axe Hand Morgan\n|-damage|p2a: Axe Hand Morgan|0 fnt\n|-unboost|p1a: Shawn Froste|def|1\n|-unboost|p1a: Shawn Froste|spd|1\n|faint|p2a: Axe Hand Morgan\n|\n|upkeep\n|\n|t:|1698711192\n|switch|p2a: Fujitora|Cyclizar, M|61\/100\n|turn|25\n|inactive|theblandino has 270 seconds left.\n|\n|t:|1698711206\n|switch|p1a: Talisman|Dusclops, M|22\/100\n|-ability|p1a: Talisman|Pressure\n|move|p2a: Fujitora|Rapid Spin|p1a: Talisman\n|-immune|p1a: Talisman\n|\n|upkeep\n|turn|26\n|inactive|theblandino has 270 seconds left.\n|\n|t:|1698711213\n|move|p2a: Fujitora|Knock Off|p1a: Talisman\n|-supereffective|p1a: Talisman\n|-damage|p1a: Talisman|0 fnt\n|-enditem|p1a: Talisman|Eviolite|[from] move: Knock Off|[of] p2a: Fujitora\n|faint|p1a: Talisman\n|\n|upkeep\n|inactive|theblandino has 270 seconds left.\n|\n|t:|1698711221\n|switch|p1a: Shawn Froste|Lycanroc, M, shiny|13\/100\n|turn|27\n|\n|t:|1698711225\n|move|p2a: Fujitora|Rapid Spin|p1a: Shawn Froste\n|-resisted|p1a: Shawn Froste\n|-damage|p1a: Shawn Froste|0 fnt\n|-boost|p2a: Fujitora|spe|1\n|-sideend|p2: caligulahar|Stealth Rock|[from] move: Rapid Spin|[of] p2a: Fujitora\n|faint|p1a: Shawn Froste\n|\n|upkeep\n|\n|t:|1698711230\n|switch|p1a: Ptumri|Slowking, M|45\/100\n|turn|28\n|\n|t:|1698711238\n|move|p2a: Fujitora|Shed Tail|p2a: Fujitora\n|-start|p2a: Fujitora|Substitute|[from] move: Shed Tail\n|-damage|p2a: Fujitora|11\/100\n|\n|t:|1698711243\n|switch|p2a: Aokiji|Iron Bundle|100\/100|[from] Shed Tail\n|-enditem|p2a: Aokiji|Booster Energy\n|-activate|p2a: Aokiji|ability: Quark Drive|[fromitem]\n|-start|p2a: Aokiji|quarkdrivespe\n|move|p1a: Ptumri|Ice Beam|p2a: Aokiji\n|-resisted|p2a: Aokiji\n|-activate|p2a: Aokiji|move: Substitute|[damage]\n|\n|upkeep\n|turn|29\n|\n|t:|1698711253\n|move|p2a: Aokiji|Ice Beam|p1a: Ptumri\n|-resisted|p1a: Ptumri\n|-damage|p1a: Ptumri|26\/100\n|move|p1a: Ptumri|Psyshock|p2a: Aokiji\n|-end|p2a: Aokiji|Substitute\n|\n|upkeep\n|turn|30\n|\n|t:|1698711260\n|move|p2a: Aokiji|Encore|p1a: Ptumri\n|-start|p1a: Ptumri|Encore\n|move|p1a: Ptumri|Psyshock|p2a: Aokiji\n|-damage|p2a: Aokiji|66\/100\n|\n|upkeep\n|turn|31\n|\n|t:|1698711265\n|switch|p1a: Bay Laurel|Ogerpon-Cornerstone, F|10\/100\n|move|p2a: Aokiji|Ice Beam|p1a: Bay Laurel\n|-supereffective|p1a: Bay Laurel\n|-damage|p1a: Bay Laurel|0 fnt\n|faint|p1a: Bay Laurel\n|\n|upkeep\n|\n|t:|1698711271\n|switch|p1a: Ptumri|Slowking, M|59\/100\n|turn|32\n|\n|t:|1698711276\n|move|p2a: Aokiji|Protect|p2a: Aokiji\n|-singleturn|p2a: Aokiji|Protect\n|move|p1a: Ptumri|Psyshock|p2a: Aokiji\n|-activate|p2a: Aokiji|move: Protect\n|\n|upkeep\n|turn|33\n|\n|t:|1698711281\n|move|p2a: Aokiji|Encore|p1a: Ptumri\n|-start|p1a: Ptumri|Encore\n|move|p1a: Ptumri|Psyshock|p2a: Aokiji\n|-damage|p2a: Aokiji|32\/100\n|\n|upkeep\n|turn|34\n|\n|t:|1698711286\n|-end|p2a: Aokiji|Quark Drive|[silent]\n|switch|p2a: Alvida|Vullaby, F, shiny, tera:Steel|16\/100\n|move|p1a: Ptumri|Psyshock|p2a: Alvida\n|-resisted|p2a: Alvida\n|-damage|p2a: Alvida|6\/100\n|\n|upkeep\n|turn|35\n|\n|t:|1698711291\n|move|p2a: Alvida|Toxic|p1a: Ptumri\n|-status|p1a: Ptumri|tox\n|move|p1a: Ptumri|Psyshock|p2a: Alvida\n|-resisted|p2a: Alvida\n|-damage|p2a: Alvida|0 fnt\n|faint|p2a: Alvida\n|\n|-damage|p1a: Ptumri|53\/100 tox|[from] psn\n|-end|p1a: Ptumri|Encore\n|upkeep\n|\n|t:|1698711295\n|switch|p2a: Fujitora|Cyclizar, M|44\/100\n|turn|36\n|\n|t:|1698711302\n|move|p2a: Fujitora|Knock Off|p1a: Ptumri\n|-supereffective|p1a: Ptumri\n|-damage|p1a: Ptumri|30\/100 tox\n|move|p1a: Ptumri|Psyshock|p2a: Fujitora\n|-damage|p2a: Fujitora|2\/100\n|\n|-damage|p1a: Ptumri|18\/100 tox|[from] psn\n|upkeep\n|turn|37\n|\n|t:|1698711309\n|move|p2a: Fujitora|Quick Attack|p1a: Ptumri\n|-damage|p1a: Ptumri|9\/100 tox\n|move|p1a: Ptumri|Slack Off|p1a: Ptumri\n|-heal|p1a: Ptumri|59\/100 tox\n|\n|-damage|p1a: Ptumri|40\/100 tox|[from] psn\n|upkeep\n|turn|38\n|\n|t:|1698711321\n|move|p2a: Fujitora|Knock Off|p1a: Ptumri\n|-supereffective|p1a: Ptumri\n|-damage|p1a: Ptumri|20\/100 tox\n|move|p1a: Ptumri|Slack Off|p1a: Ptumri\n|-heal|p1a: Ptumri|70\/100 tox\n|\n|-damage|p1a: Ptumri|46\/100 tox|[from] psn\n|upkeep\n|turn|39\n|\n|t:|1698711331\n|move|p2a: Fujitora|Knock Off|p1a: Ptumri\n|-supereffective|p1a: Ptumri\n|-damage|p1a: Ptumri|26\/100 tox\n|move|p1a: Ptumri|Ice Beam|p2a: Fujitora\n|-supereffective|p2a: Fujitora\n|-damage|p2a: Fujitora|0 fnt\n|faint|p2a: Fujitora\n|\n|-damage|p1a: Ptumri|0 fnt|[from] psn\n|faint|p1a: Ptumri\n|\n|win|caligulahar\n|upkeep\n","uploadtime":1698711338,"views":21,"p1id":"theblandino","p2id":"caligulahar","formatid":"gen9anythinggoes","rating":0,"private":0,"password":""}