{"id":"gen9anythinggoes-1978834577","p1":"4th Acct To 1700","p2":"eurybie","format":"[Gen 9] Anything Goes","log":"|j|\u26064th Acct To 1700\n|j|\u2606eurybie\n|t:|1698600776\n|gametype|singles\n|player|p1|4th Acct To 1700|clown|1634\n|player|p2|eurybie|170|1730\n|teamsize|p1|6\n|teamsize|p2|6\n|gen|9\n|tier|[Gen 9] Anything Goes\n|rated|\n|rule|HP Percentage Mod: HP is shown in percentages\n|rule|Endless Battle Clause: Forcing endless battles is banned\n|clearpoke\n|poke|p1|Koraidon|\n|poke|p1|Calyrex-Shadow|\n|poke|p1|Arceus|\n|poke|p1|Ting-Lu|\n|poke|p1|Miraidon|\n|poke|p1|Toxapex, F|\n|poke|p2|Miraidon|\n|poke|p2|Grimmsnarl, M|\n|poke|p2|Skeledirge, F|\n|poke|p2|Blissey, F|\n|poke|p2|Moltres|\n|poke|p2|Calyrex-Ice|\n|teampreview\n|\n|t:|1698600791\n|start\n|switch|p1a: Toxapex|Toxapex, F|100\/100\n|switch|p2a: Calyrex|Calyrex-Ice|100\/100\n|-ability|p2a: Calyrex|As One\n|-ability|p2a: Calyrex|Unnerve\n|turn|1\n|\n|t:|1698600799\n|switch|p2a: Blissey|Blissey, F|100\/100\n|move|p1a: Toxapex|Toxic Spikes|p2a: Blissey\n|-sidestart|p2: eurybie|move: Toxic Spikes\n|\n|upkeep\n|turn|2\n|\n|t:|1698600804\n|move|p2a: Blissey|Stealth Rock|p1a: Toxapex\n|-sidestart|p1: 4th Acct To 1700|move: Stealth Rock\n|move|p1a: Toxapex|Toxic Spikes|p2a: Blissey\n|-sidestart|p2: eurybie|move: Toxic Spikes\n|\n|upkeep\n|turn|3\n|\n|t:|1698600810\n|switch|p1a: Ting-Lu|Ting-Lu|100\/100\n|-damage|p1a: Ting-Lu|94\/100|[from] Stealth Rock\n|-ability|p1a: Ting-Lu|Vessel of Ruin\n|move|p2a: Blissey|Stealth Rock||[still]\n|-fail|p2a: Blissey\n|\n|-heal|p1a: Ting-Lu|100\/100|[from] item: Leftovers\n|upkeep\n|turn|4\n|\n|t:|1698600818\n|switch|p2a: Moltres|Moltres|100\/100\n|move|p1a: Ting-Lu|Stealth Rock|p2a: Moltres\n|-sidestart|p2: eurybie|move: Stealth Rock\n|\n|upkeep\n|turn|5\n|\n|t:|1698600824\n|move|p2a: Moltres|Will-O-Wisp|p1a: Ting-Lu\n|-status|p1a: Ting-Lu|brn\n|move|p1a: Ting-Lu|Spikes|p2a: Moltres\n|-sidestart|p2: eurybie|Spikes\n|\n|-damage|p1a: Ting-Lu|94\/100 brn|[from] brn\n|upkeep\n|turn|6\n|\n|t:|1698600832\n|move|p2a: Moltres|U-turn|p1a: Ting-Lu\n|-supereffective|p1a: Ting-Lu\n|-damage|p1a: Ting-Lu|80\/100 brn\n|\n|t:|1698600835\n|switch|p2a: Calyrex|Calyrex-Ice|100\/100|[from] U-turn\n|-ability|p2a: Calyrex|As One\n|-ability|p2a: Calyrex|Unnerve\n|move|p1a: Ting-Lu|Spikes|p2a: Calyrex\n|-sidestart|p2: eurybie|Spikes\n|\n|-heal|p1a: Ting-Lu|86\/100 brn|[from] item: Leftovers\n|-damage|p1a: Ting-Lu|80\/100 brn|[from] brn\n|upkeep\n|turn|7\n|\n|t:|1698600847\n|move|p2a: Calyrex|Glacial Lance|p1a: Ting-Lu\n|-supereffective|p1a: Ting-Lu\n|-damage|p1a: Ting-Lu|0 fnt\n|faint|p1a: Ting-Lu\n|-ability|p2a: Calyrex|Chilling Neigh|boost\n|-boost|p2a: Calyrex|atk|1\n|\n|upkeep\n|\n|t:|1698600852\n|switch|p1a: Koraidon|Koraidon|100\/100\n|-damage|p1a: Koraidon|94\/100|[from] Stealth Rock\n|-weather|SunnyDay|[from] ability: Orichalcum Pulse|[of] p1a: Koraidon\n|-activate|p1a: Koraidon|Orichalcum Pulse|[source]\n|turn|8\n|inactive|Battle timer is ON: inactive players will automatically lose when time's up. (requested by 4th Acct To 1700)\n|\n|t:|1698600858\n|switch|p2a: Moltres|Moltres|100\/100\n|move|p1a: Koraidon|Close Combat|p2a: Moltres\n|-resisted|p2a: Moltres\n|-damage|p2a: Moltres|72\/100\n|-unboost|p1a: Koraidon|def|1\n|-unboost|p1a: Koraidon|spd|1\n|\n|-weather|SunnyDay|[upkeep]\n|upkeep\n|turn|9\n|\n|t:|1698600866\n|switch|p1a: Madara Uchiha|Miraidon|100\/100\n|-damage|p1a: Madara Uchiha|88\/100|[from] Stealth Rock\n|-fieldstart|move: Electric Terrain|[from] ability: Hadron Engine|[of] p1a: Madara Uchiha\n|move|p2a: Moltres|U-turn|p1a: Madara Uchiha\n|-damage|p1a: Madara Uchiha|75\/100\n|\n|t:|1698600877\n|switch|p2a: Blissey|Blissey, F|100\/100|[from] U-turn\n|\n|-weather|SunnyDay|[upkeep]\n|upkeep\n|turn|10\n|\n|t:|1698600883\n|switch|p2a: Grimmsnarl|Grimmsnarl, M|100\/100\n|move|p1a: Madara Uchiha|Calm Mind|p1a: Madara Uchiha\n|-boost|p1a: Madara Uchiha|spa|1\n|-boost|p1a: Madara Uchiha|spd|1\n|\n|-weather|SunnyDay|[upkeep]\n|upkeep\n|turn|11\n|\n|t:|1698600893\n|move|p2a: Grimmsnarl|Parting Shot|p1a: Madara Uchiha\n|-unboost|p1a: Madara Uchiha|atk|1\n|-unboost|p1a: Madara Uchiha|spa|1\n|\n|t:|1698600906\n|switch|p2a: Blissey|Blissey, F|100\/100|[from] Parting Shot\n|move|p1a: Madara Uchiha|Calm Mind|p1a: Madara Uchiha\n|-boost|p1a: Madara Uchiha|spa|1\n|-boost|p1a: Madara Uchiha|spd|1\n|\n|-weather|SunnyDay|[upkeep]\n|upkeep\n|turn|12\n|\n|t:|1698600921\n|move|p1a: Madara Uchiha|Calm Mind|p1a: Madara Uchiha\n|-boost|p1a: Madara Uchiha|spa|1\n|-boost|p1a: Madara Uchiha|spd|1\n|move|p2a: Blissey|Seismic Toss|p1a: Madara Uchiha\n|-damage|p1a: Madara Uchiha|46\/100\n|\n|-weather|none\n|upkeep\n|turn|13\n|\n|t:|1698600937\n|-terastallize|p2a: Blissey|Ground\n|move|p1a: Madara Uchiha|Parabolic Charge|p2a: Blissey\n|-immune|p2a: Blissey\n|move|p2a: Blissey|Seismic Toss|p1a: Madara Uchiha\n|-damage|p1a: Madara Uchiha|16\/100\n|\n|-fieldend|move: Electric Terrain\n|upkeep\n|turn|14\n|\n|t:|1698600945\n|move|p1a: Madara Uchiha|Dazzling Gleam|p2a: Blissey\n|-damage|p2a: Blissey|85\/100\n|move|p2a: Blissey|Seismic Toss|p1a: Madara Uchiha\n|-damage|p1a: Madara Uchiha|0 fnt\n|faint|p1a: Madara Uchiha\n|\n|upkeep\n|\n|t:|1698600963\n|switch|p1a: Koraidon|Koraidon|94\/100\n|-damage|p1a: Koraidon|88\/100|[from] Stealth Rock\n|-weather|SunnyDay|[from] ability: Orichalcum Pulse|[of] p1a: Koraidon\n|-activate|p1a: Koraidon|Orichalcum Pulse|[source]\n|turn|15\n|\n|t:|1698600970\n|switch|p2a: Skeledirge|Skeledirge, F|100\/100\n|move|p1a: Koraidon|Scale Shot|p2a: Skeledirge\n|-damage|p2a: Skeledirge|89\/100\n|-damage|p2a: Skeledirge|78\/100\n|-damage|p2a: Skeledirge|67\/100\n|-damage|p2a: Skeledirge|56\/100\n|-hitcount|p2a: Skeledirge|4\n|-unboost|p1a: Koraidon|def|1\n|-boost|p1a: Koraidon|spe|1\n|\n|-weather|SunnyDay|[upkeep]\n|upkeep\n|turn|16\n|\n|t:|1698600982\n|switch|p1a: Calyrex|Calyrex-Shadow|100\/100\n|-ability|p1a: Calyrex|As One\n|-ability|p1a: Calyrex|Unnerve\n|-damage|p1a: Calyrex|88\/100|[from] Stealth Rock\n|move|p2a: Skeledirge|Will-O-Wisp|p1a: Calyrex\n|-status|p1a: Calyrex|brn\n|\n|-weather|SunnyDay|[upkeep]\n|-damage|p1a: Calyrex|82\/100 brn|[from] brn\n|upkeep\n|turn|17\n|\n|t:|1698600994\n|switch|p2a: Blissey|Blissey, F, tera:Ground|85\/100\n|move|p1a: Calyrex|Nasty Plot|p1a: Calyrex\n|-boost|p1a: Calyrex|spa|2\n|\n|-weather|SunnyDay|[upkeep]\n|-damage|p1a: Calyrex|76\/100 brn|[from] brn\n|upkeep\n|turn|18\n|\n|t:|1698601004\n|switch|p2a: Grimmsnarl|Grimmsnarl, M|100\/100\n|move|p1a: Calyrex|Nasty Plot|p1a: Calyrex\n|-boost|p1a: Calyrex|spa|2\n|\n|-weather|SunnyDay|[upkeep]\n|-damage|p1a: Calyrex|70\/100 brn|[from] brn\n|upkeep\n|turn|19\n|\n|t:|1698601013\n|move|p2a: Grimmsnarl|Sucker Punch|p1a: Calyrex\n|-supereffective|p1a: Calyrex\n|-damage|p1a: Calyrex|0 fnt\n|faint|p1a: Calyrex\n|\n|-weather|none\n|upkeep\n|\n|t:|1698601020\n|switch|p1a: Arceus|Arceus|100\/100\n|turn|20\n|\n|t:|1698601026\n|move|p2a: Grimmsnarl|Parting Shot|p1a: Arceus\n|-unboost|p1a: Arceus|atk|1\n|-unboost|p1a: Arceus|spa|1\n|\n|t:|1698601029\n|switch|p2a: Moltres|Moltres|72\/100|[from] Parting Shot\n|move|p1a: Arceus|Swords Dance|p1a: Arceus\n|-boost|p1a: Arceus|atk|2\n|\n|upkeep\n|turn|21\n|\n|t:|1698601036\n|move|p1a: Arceus|Swords Dance|p1a: Arceus\n|-boost|p1a: Arceus|atk|2\n|move|p2a: Moltres|Burning Jealousy|p1a: Arceus\n|-damage|p1a: Arceus|80\/100\n|-status|p1a: Arceus|brn\n|\n|-damage|p1a: Arceus|74\/100 brn|[from] brn\n|upkeep\n|turn|22\n|\n|t:|1698601044\n|switch|p2a: Skeledirge|Skeledirge, F|56\/100\n|move|p1a: Arceus|Swords Dance|p1a: Arceus\n|-boost|p1a: Arceus|atk|2\n|\n|-damage|p1a: Arceus|68\/100 brn|[from] brn\n|upkeep\n|turn|23\n|\n|t:|1698601051\n|-terastallize|p1a: Arceus|Ghost\n|move|p1a: Arceus|Shadow Claw|p2a: Skeledirge\n|-supereffective|p2a: Skeledirge\n|-damage|p2a: Skeledirge|34\/100\n|move|p2a: Skeledirge|Slack Off|p2a: Skeledirge\n|-heal|p2a: Skeledirge|84\/100\n|\n|-damage|p1a: Arceus|62\/100 brn|[from] brn\n|upkeep\n|turn|24\n|\n|t:|1698601061\n|move|p1a: Arceus|Shadow Claw|p2a: Skeledirge\n|-supereffective|p2a: Skeledirge\n|-damage|p2a: Skeledirge|61\/100\n|move|p2a: Skeledirge|Slack Off|p2a: Skeledirge\n|-heal|p2a: Skeledirge|100\/100\n|\n|-damage|p1a: Arceus|56\/100 brn|[from] brn\n|upkeep\n|turn|25\n|\n|t:|1698601072\n|move|p1a: Arceus|Recover|p1a: Arceus\n|-heal|p1a: Arceus|100\/100 brn\n|move|p2a: Skeledirge|Hex|p1a: Arceus\n|-supereffective|p1a: Arceus\n|-damage|p1a: Arceus|33\/100 brn\n|\n|-damage|p1a: Arceus|27\/100 brn|[from] brn\n|upkeep\n|turn|26\n|\n|t:|1698601085\n|move|p1a: Arceus|Shadow Claw|p2a: Skeledirge\n|-supereffective|p2a: Skeledirge\n|-crit|p2a: Skeledirge\n|-damage|p2a: Skeledirge|67\/100\n|move|p2a: Skeledirge|Hex|p1a: Arceus\n|-supereffective|p1a: Arceus\n|-damage|p1a: Arceus|0 fnt\n|faint|p1a: Arceus\n|\n|upkeep\n|\n|t:|1698601088\n|switch|p1a: Toxapex|Toxapex, F|100\/100\n|-damage|p1a: Toxapex|88\/100|[from] Stealth Rock\n|turn|27\n|\n|t:|1698601099\n|switch|p2a: Blissey|Blissey, F, tera:Ground|85\/100\n|move|p1a: Toxapex|Baneful Bunker||[still]\n|-fail|p1a: Toxapex\n|\n|upkeep\n|turn|28\n|inactive|4th Acct To 1700 has 120 seconds left.\n|j| AGisgood\n|inactive|4th Acct To 1700 has 90 seconds left.\n|inactive|4th Acct To 1700 has 60 seconds left.\n|inactive|4th Acct To 1700 has 30 seconds left.\n|\n|t:|1698601223\n|switch|p2a: Grimmsnarl|Grimmsnarl, M|100\/100\n|switch|p1a: Koraidon|Koraidon|88\/100\n|-damage|p1a: Koraidon|82\/100|[from] Stealth Rock\n|-weather|SunnyDay|[from] ability: Orichalcum Pulse|[of] p1a: Koraidon\n|-activate|p1a: Koraidon|Orichalcum Pulse|[source]\n|\n|-weather|SunnyDay|[upkeep]\n|upkeep\n|turn|29\n|\n|t:|1698601233\n|move|p2a: Grimmsnarl|Parting Shot|p1a: Koraidon\n|-unboost|p1a: Koraidon|atk|1\n|-unboost|p1a: Koraidon|spa|1\n|\n|t:|1698601237\n|switch|p2a: Moltres|Moltres|72\/100|[from] Parting Shot\n|move|p1a: Koraidon|Close Combat|p2a: Moltres\n|-resisted|p2a: Moltres\n|-damage|p2a: Moltres|53\/100\n|-unboost|p1a: Koraidon|def|1\n|-unboost|p1a: Koraidon|spd|1\n|-status|p1a: Koraidon|brn|[from] ability: Flame Body|[of] p2a: Moltres\n|\n|-weather|SunnyDay|[upkeep]\n|-damage|p1a: Koraidon|76\/100 brn|[from] brn\n|upkeep\n|turn|30\n|inactive|4th Acct To 1700 has 30 seconds left.\n|inactive|4th Acct To 1700 has 20 seconds left.\n|inactive|4th Acct To 1700 has 15 seconds left.\n|inactive|4th Acct To 1700 has 10 seconds left.\n|inactive|4th Acct To 1700 has 5 seconds left.\n|-message|4th Acct To 1700 lost due to inactivity.\n|\n|win|eurybie\n|raw|4th Acct To 1700's rating: 1634 &rarr; <strong>1619<\/strong><br \/>(-15 for losing)\n|raw|eurybie's rating: 1730 &rarr; <strong>1745<\/strong><br \/>(+15 for winning)\n","uploadtime":1698601306,"views":7,"p1id":"4thacctto1700","p2id":"eurybie","formatid":"gen9anythinggoes","rating":1619,"private":0,"password":""}