{"id":"gen9anythinggoes-1983991600","p1":"YoungEsq","p2":"XxWolfChaserxX","format":"[Gen 9] Anything Goes","log":"|j|\u2606YoungEsq\n|j|\u2606XxWolfChaserxX\n|t:|1699207585\n|gametype|singles\n|player|p1|YoungEsq|102|1303\n|player|p2|XxWolfChaserxX|ghetsis|1199\n|teamsize|p1|6\n|teamsize|p2|6\n|gen|9\n|tier|[Gen 9] Anything Goes\n|rated|\n|rule|HP Percentage Mod: HP is shown in percentages\n|rule|Endless Battle Clause: Forcing endless battles is banned\n|clearpoke\n|poke|p1|Ting-Lu|\n|poke|p1|Gholdengo|\n|poke|p1|Roaring Moon|\n|poke|p1|Chi-Yu|\n|poke|p1|Samurott-Hisui, M|\n|poke|p1|Mandibuzz, F|\n|poke|p2|Cryogonal|\n|poke|p2|Sneasler, F|\n|poke|p2|Volcarona, F|\n|poke|p2|Espeon, M|\n|poke|p2|Roaring Moon|\n|poke|p2|Basculegion-F, F|\n|teampreview\n|inactive|Battle timer is ON: inactive players will automatically lose when time's up. (requested by XxWolfChaserxX)\n|\n|t:|1699207589\n|start\n|switch|p1a: Ting-Lu|Ting-Lu|100\/100\n|switch|p2a: Espeon|Espeon, M|100\/100\n|-ability|p1a: Ting-Lu|Vessel of Ruin\n|turn|1\n|\n|t:|1699207596\n|move|p2a: Espeon|Trick|p1a: Ting-Lu\n|-activate|p2a: Espeon|move: Trick|[of] p1a: Ting-Lu\n|-item|p1a: Ting-Lu|Black Sludge|[from] move: Trick\n|-item|p2a: Espeon|Leftovers|[from] move: Trick\n|move|p1a: Ting-Lu|Ruination|p2a: Espeon\n|-damage|p2a: Espeon|51\/100\n|\n|-heal|p2a: Espeon|57\/100|[from] item: Leftovers\n|-damage|p1a: Ting-Lu|88\/100|[from] item: Black Sludge\n|upkeep\n|turn|2\n|\n|t:|1699207604\n|move|p1a: Ting-Lu|Ruination|p2a: Espeon|[miss]\n|-miss|p1a: Ting-Lu|p2a: Espeon\n|move|p2a: Espeon|Roar|p1a: Ting-Lu\n|drag|p1a: Samurott|Samurott-Hisui, M|100\/100\n|\n|-heal|p2a: Espeon|62\/100|[from] item: Leftovers\n|upkeep\n|turn|3\n|\n|t:|1699207613\n|move|p1a: Samurott|Knock Off|p2a: Espeon\n|-supereffective|p2a: Espeon\n|-damage|p2a: Espeon|0 fnt\n|-enditem|p2a: Espeon|Leftovers|[from] move: Knock Off|[of] p1a: Samurott\n|faint|p2a: Espeon\n|\n|upkeep\n|\n|t:|1699207628\n|switch|p2a: Cryogonal|Cryogonal|100\/100\n|turn|4\n|\n|t:|1699207658\n|move|p2a: Cryogonal|Freeze-Dry|p1a: Samurott\n|-supereffective|p1a: Samurott\n|-damage|p1a: Samurott|43\/100\n|move|p1a: Samurott|Ceaseless Edge|p2a: Cryogonal\n|-damage|p2a: Cryogonal|21\/100\n|-sidestart|p2: XxWolfChaserxX|Spikes\n|\n|upkeep\n|turn|5\n|\n|t:|1699207665\n|move|p1a: Samurott|Aqua Jet|p2a: Cryogonal\n|-damage|p2a: Cryogonal|0 fnt\n|faint|p2a: Cryogonal\n|\n|upkeep\n|\n|t:|1699207682\n|switch|p2a: Roaring Moon|Roaring Moon|100\/100\n|-damage|p2a: Roaring Moon|88\/100|[from] Spikes\n|-enditem|p2a: Roaring Moon|Booster Energy\n|-activate|p2a: Roaring Moon|ability: Protosynthesis|[fromitem]\n|-start|p2a: Roaring Moon|protosynthesisspe\n|turn|6\n|\n|t:|1699207688\n|move|p2a: Roaring Moon|Dragon Claw|p1a: Samurott\n|-damage|p1a: Samurott|0 fnt\n|faint|p1a: Samurott\n|\n|upkeep\n|\n|t:|1699207693\n|switch|p1a: Ting-Lu|Ting-Lu|88\/100\n|-ability|p1a: Ting-Lu|Vessel of Ruin\n|turn|7\n|\n|t:|1699207707\n|move|p2a: Roaring Moon|Dragon Claw|p1a: Ting-Lu\n|-damage|p1a: Ting-Lu|65\/100\n|move|p1a: Ting-Lu|Stealth Rock|p2a: Roaring Moon\n|-sidestart|p2: XxWolfChaserxX|move: Stealth Rock\n|\n|-damage|p1a: Ting-Lu|52\/100|[from] item: Black Sludge\n|upkeep\n|turn|8\n|\n|t:|1699207724\n|-end|p2a: Roaring Moon|Protosynthesis|[silent]\n|switch|p2a: Sneasler|Sneasler, F|100\/100\n|-damage|p2a: Sneasler|88\/100|[from] Spikes\n|-damage|p2a: Sneasler|82\/100|[from] Stealth Rock\n|move|p1a: Ting-Lu|Whirlwind|p2a: Sneasler\n|drag|p2a: Volcarona|Volcarona, F|100\/100\n|-damage|p2a: Volcarona|88\/100|[from] Spikes\n|-damage|p2a: Volcarona|38\/100|[from] Stealth Rock\n|\n|-damage|p1a: Ting-Lu|40\/100|[from] item: Black Sludge\n|upkeep\n|turn|9\n|\n|t:|1699207738\n|move|p2a: Volcarona|Giga Drain|p1a: Ting-Lu\n|-supereffective|p1a: Ting-Lu\n|-damage|p1a: Ting-Lu|19\/100\n|-heal|p2a: Volcarona|55\/100|[from] drain|[of] p1a: Ting-Lu\n|move|p1a: Ting-Lu|Whirlwind|p2a: Volcarona\n|drag|p2a: Basculegion|Basculegion-F, F|100\/100\n|-damage|p2a: Basculegion|88\/100|[from] Spikes\n|-damage|p2a: Basculegion|76\/100|[from] Stealth Rock\n|\n|-damage|p1a: Ting-Lu|7\/100|[from] item: Black Sludge\n|upkeep\n|turn|10\n|\n|t:|1699207743\n|move|p2a: Basculegion|Aqua Jet|p1a: Ting-Lu\n|-supereffective|p1a: Ting-Lu\n|-damage|p1a: Ting-Lu|0 fnt\n|faint|p1a: Ting-Lu\n|\n|upkeep\n|\n|t:|1699207752\n|switch|p1a: Chi-Yu|Chi-Yu|100\/100\n|-ability|p1a: Chi-Yu|Beads of Ruin\n|turn|11\n|\n|t:|1699207760\n|move|p2a: Basculegion|Aqua Jet|p1a: Chi-Yu\n|-supereffective|p1a: Chi-Yu\n|-damage|p1a: Chi-Yu|21\/100\n|move|p1a: Chi-Yu|Dark Pulse|p2a: Basculegion\n|-supereffective|p2a: Basculegion\n|-damage|p2a: Basculegion|0 fnt\n|faint|p2a: Basculegion\n|\n|upkeep\n|\n|t:|1699207763\n|switch|p2a: Sneasler|Sneasler, F|82\/100\n|-damage|p2a: Sneasler|70\/100|[from] Spikes\n|-damage|p2a: Sneasler|64\/100|[from] Stealth Rock\n|turn|12\n|\n|t:|1699207770\n|switch|p1a: Gholdengo|Gholdengo|100\/100\n|-item|p1a: Gholdengo|Air Balloon\n|move|p2a: Sneasler|Endure||[still]\n|-fail|p2a: Sneasler\n|\n|upkeep\n|turn|13\n|inactive|YoungEsq has 120 seconds left.\n|\n|t:|1699207807\n|move|p2a: Sneasler|Night Slash|p1a: Gholdengo\n|-supereffective|p1a: Gholdengo\n|-damage|p1a: Gholdengo|47\/100\n|-enditem|p1a: Gholdengo|Air Balloon\n|move|p1a: Gholdengo|Nasty Plot|p1a: Gholdengo\n|-boost|p1a: Gholdengo|spa|2\n|\n|upkeep\n|turn|14\n|\n|t:|1699207820\n|move|p2a: Sneasler|Night Slash|p1a: Gholdengo\n|-supereffective|p1a: Gholdengo\n|-damage|p1a: Gholdengo|0 fnt\n|faint|p1a: Gholdengo\n|\n|upkeep\n|inactive|YoungEsq has 120 seconds left.\n|\n|t:|1699207833\n|switch|p1a: Chi-Yu|Chi-Yu|21\/100\n|-ability|p1a: Chi-Yu|Beads of Ruin\n|turn|15\n|\n|t:|1699207847\n|move|p1a: Chi-Yu|Psychic|p2a: Sneasler\n|-supereffective|p2a: Sneasler\n|-damage|p2a: Sneasler|0 fnt\n|faint|p2a: Sneasler\n|\n|upkeep\n|\n|t:|1699207853\n|switch|p2a: Roaring Moon|Roaring Moon|88\/100\n|-damage|p2a: Roaring Moon|75\/100|[from] Spikes\n|-damage|p2a: Roaring Moon|63\/100|[from] Stealth Rock\n|turn|16\n|\n|t:|1699207867\n|switch|p1a: Mandibuzz|Mandibuzz, F|100\/100\n|move|p2a: Roaring Moon|Dragon Claw|p1a: Mandibuzz\n|-damage|p1a: Mandibuzz|66\/100\n|\n|upkeep\n|turn|17\n|\n|t:|1699207874\n|move|p2a: Roaring Moon|Dragon Claw|p1a: Mandibuzz\n|-damage|p1a: Mandibuzz|30\/100\n|move|p1a: Mandibuzz|Toxic|p2a: Roaring Moon\n|-status|p2a: Roaring Moon|tox\n|\n|-damage|p2a: Roaring Moon|57\/100 tox|[from] psn\n|upkeep\n|turn|18\n|\n|t:|1699207883\n|move|p2a: Roaring Moon|Dragon Claw|p1a: Mandibuzz\n|-damage|p1a: Mandibuzz|0 fnt\n|faint|p1a: Mandibuzz\n|\n|-damage|p2a: Roaring Moon|45\/100 tox|[from] psn\n|upkeep\n|\n|t:|1699207894\n|switch|p1a: Chi-Yu|Chi-Yu|21\/100\n|-ability|p1a: Chi-Yu|Beads of Ruin\n|turn|19\n|\n|t:|1699207900\n|move|p1a: Chi-Yu|Dark Pulse|p2a: Roaring Moon\n|-resisted|p2a: Roaring Moon\n|-crit|p2a: Roaring Moon\n|-damage|p2a: Roaring Moon|7\/100 tox\n|move|p2a: Roaring Moon|Earthquake|p1a: Chi-Yu\n|-supereffective|p1a: Chi-Yu\n|-damage|p1a: Chi-Yu|0 fnt\n|faint|p1a: Chi-Yu\n|\n|-damage|p2a: Roaring Moon|0 fnt|[from] psn\n|faint|p2a: Roaring Moon\n|-end|p2a: Roaring Moon|Protosynthesis|[silent]\n|upkeep\n|\n|t:|1699207906\n|switch|p2a: Volcarona|Volcarona, F|55\/100\n|switch|p1a: Roaring Moon|Roaring Moon|100\/100\n|-damage|p2a: Volcarona|42\/100|[from] Spikes\n|-damage|p2a: Volcarona|0 fnt|[from] Stealth Rock\n|faint|p2a: Volcarona\n|\n|win|YoungEsq\n|raw|YoungEsq's rating: 1303 &rarr; <strong>1317<\/strong><br \/>(+14 for winning)\n|raw|XxWolfChaserxX's rating: 1199 &rarr; <strong>1181<\/strong><br \/>(-18 for losing)\n|l|\u2606XxWolfChaserxX\n","uploadtime":1699207915,"views":3,"p1id":"youngesq","p2id":"xxwolfchaserxx","formatid":"gen9anythinggoes","rating":1181,"private":0,"password":""}