{"id":"gen9anythinggoes-1998142773","p1":"bg6iqq2g","p2":"AnIronicKiwi","format":"[Gen 9] Anything Goes","log":"|j|\u2606bg6iqq2g\n|j|\u2606AnIronicKiwi\n|t:|1700899516\n|gametype|singles\n|player|p1|bg6iqq2g|266|1264\n|player|p2|AnIronicKiwi|265|1517\n|teamsize|p1|6\n|teamsize|p2|6\n|gen|9\n|tier|[Gen 9] Anything Goes\n|rated|\n|rule|HP Percentage Mod: HP is shown in percentages\n|rule|Endless Battle Clause: Forcing endless battles is banned\n|clearpoke\n|poke|p1|Calyrex-Shadow|\n|poke|p1|Greninja-*, M|\n|poke|p1|Arceus-Electric|\n|poke|p1|Rayquaza|\n|poke|p1|Typhlosion, M|\n|poke|p1|Cinderace, F|\n|poke|p2|Koraidon|\n|poke|p2|Skeledirge, M|\n|poke|p2|Toxapex, M|\n|poke|p2|Flutter Mane|\n|poke|p2|Maushold|\n|poke|p2|Great Tusk|\n|teampreview\n|inactive|Battle timer is ON: inactive players will automatically lose when time's up. (requested by AnIronicKiwi)\n|\n|t:|1700899525\n|start\n|switch|p1a: Calyrex|Calyrex-Shadow|100\/100\n|switch|p2a: Toxapex|Toxapex, M|100\/100\n|-ability|p1a: Calyrex|As One\n|-ability|p1a: Calyrex|Unnerve\n|turn|1\n|l|\u2606bg6iqq2g\n|inactive|bg6iqq2g disconnected and has a minute to reconnect!\n|player|p1|\n|inactive|bg6iqq2g has 30 seconds to reconnect!\n|inactive|bg6iqq2g has 20 seconds to reconnect!\n|inactive|bg6iqq2g has 15 seconds to reconnect!\n|j|\u2606bg6iqq2g\n|inactive|bg6iqq2g reconnected and has 100 seconds left.\n|player|p1|bg6iqq2g|266\n|\n|t:|1700899585\n|move|p1a: Calyrex|Substitute|p1a: Calyrex\n|-start|p1a: Calyrex|Substitute\n|-damage|p1a: Calyrex|76\/100\n|move|p2a: Toxapex|Toxic||[still]\n|-fail|p2a: Toxapex\n|\n|-heal|p1a: Calyrex|82\/100|[from] item: Leftovers\n|upkeep\n|turn|2\n|\n|t:|1700899599\n|switch|p2a: Maushold|Maushold|100\/100\n|move|p1a: Calyrex|Leech Seed|p2a: Maushold\n|-start|p2a: Maushold|move: Leech Seed\n|\n|-heal|p1a: Calyrex|88\/100|[from] item: Leftovers\n|-damage|p2a: Maushold|88\/100|[from] Leech Seed|[of] p1a: Calyrex\n|-heal|p1a: Calyrex|98\/100|[silent]\n|upkeep\n|turn|3\n|\n|t:|1700899608\n|move|p2a: Maushold|Bite|p1a: Calyrex\n|-supereffective|p1a: Calyrex\n|-end|p1a: Calyrex|Substitute\n|move|p1a: Calyrex|Stored Power|p2a: Maushold\n|-damage|p2a: Maushold|72\/100\n|\n|-heal|p1a: Calyrex|100\/100|[from] item: Leftovers\n|-damage|p2a: Maushold|60\/100|[from] Leech Seed|[of] p1a: Calyrex\n|upkeep\n|turn|4\n|\n|t:|1700899616\n|move|p2a: Maushold|Tidy Up|p2a: Maushold\n|-boost|p2a: Maushold|atk|1\n|-boost|p2a: Maushold|spe|1\n|move|p1a: Calyrex|Astral Barrage|p2a: Maushold\n|-immune|p2a: Maushold\n|\n|-damage|p2a: Maushold|47\/100|[from] Leech Seed|[of] p1a: Calyrex\n|upkeep\n|turn|5\n|\n|t:|1700899639\n|switch|p1a: Typhlosion|Typhlosion, M|100\/100\n|move|p2a: Maushold|Bite|p1a: Typhlosion\n|-damage|p1a: Typhlosion|64\/100\n|\n|-damage|p2a: Maushold|35\/100|[from] Leech Seed|[of] p1a: Typhlosion\n|-heal|p1a: Typhlosion|75\/100|[silent]\n|upkeep\n|turn|6\n|\n|t:|1700899646\n|move|p2a: Maushold|Population Bomb|p1a: Typhlosion\n|-crit|p1a: Typhlosion\n|-damage|p1a: Typhlosion|45\/100\n|-damage|p1a: Typhlosion|23\/100\n|-damage|p1a: Typhlosion|4\/100\n|-damage|p1a: Typhlosion|0 fnt\n|faint|p1a: Typhlosion\n|-hitcount|p1: Typhlosion|4\n|\n|upkeep\n|\n|t:|1700899658\n|switch|p1a: Greninja|Greninja, M|100\/100\n|turn|7\n|\n|t:|1700899663\n|move|p2a: Maushold|Population Bomb|p1a: Greninja\n|-damage|p1a: Greninja|81\/100\n|-damage|p1a: Greninja|64\/100\n|-damage|p1a: Greninja|46\/100\n|-damage|p1a: Greninja|28\/100\n|-damage|p1a: Greninja|9\/100\n|-damage|p1a: Greninja|0 fnt\n|faint|p1a: Greninja\n|-hitcount|p1: Greninja|6\n|\n|upkeep\n|\n|t:|1700899674\n|switch|p1a: Arceus|Arceus-Electric|100\/100\n|turn|8\n|\n|t:|1700899680\n|move|p2a: Maushold|Population Bomb|p1a: Arceus\n|-damage|p1a: Arceus|89\/100\n|-damage|p1a: Arceus|75\/100\n|-damage|p1a: Arceus|62\/100\n|-damage|p1a: Arceus|49\/100\n|-damage|p1a: Arceus|36\/100\n|-damage|p1a: Arceus|22\/100\n|-damage|p1a: Arceus|11\/100\n|-damage|p1a: Arceus|0 fnt\n|faint|p1a: Arceus\n|-hitcount|p1: Arceus|8\n|\n|upkeep\n|\n|t:|1700899692\n|switch|p1a: Rayquaza|Rayquaza|100\/100\n|-ability|p1a: Rayquaza|Air Lock\n|turn|9\n|\n|t:|1700899696\n|move|p2a: Maushold|Population Bomb|p1a: Rayquaza\n|-damage|p1a: Rayquaza|87\/100\n|-damage|p1a: Rayquaza|74\/100\n|-damage|p1a: Rayquaza|62\/100\n|-damage|p1a: Rayquaza|50\/100\n|-damage|p1a: Rayquaza|37\/100\n|-damage|p1a: Rayquaza|22\/100\n|-enditem|p1a: Rayquaza|Wiki Berry|[eat]\n|-heal|p1a: Rayquaza|55\/100|[from] item: Wiki Berry\n|-damage|p1a: Rayquaza|42\/100\n|-damage|p1a: Rayquaza|28\/100\n|-damage|p1a: Rayquaza|13\/100\n|-damage|p1a: Rayquaza|0 fnt\n|faint|p1a: Rayquaza\n|-hitcount|p1: Rayquaza|10\n|\n|upkeep\n|\n|t:|1700899715\n|switch|p1a: Calyrex|Calyrex-Shadow|100\/100\n|-ability|p1a: Calyrex|As One\n|-ability|p1a: Calyrex|Unnerve\n|turn|10\n|\n|t:|1700899721\n|move|p2a: Maushold|Bite|p1a: Calyrex\n|-supereffective|p1a: Calyrex\n|-damage|p1a: Calyrex|0 fnt\n|faint|p1a: Calyrex\n|\n|upkeep\n|\n|t:|1700899727\n|switch|p1a: Cinderace|Cinderace, F|100\/100\n|turn|11\n|\n|t:|1700899731\n|move|p2a: Maushold|Population Bomb|p1a: Cinderace\n|-damage|p1a: Cinderace|81\/100\n|-damage|p1a: Cinderace|59\/100\n|-damage|p1a: Cinderace|41\/100\n|-damage|p1a: Cinderace|20\/100\n|-damage|p1a: Cinderace|0 fnt\n|faint|p1a: Cinderace\n|-hitcount|p1: Cinderace|5\n|\n|win|AnIronicKiwi\n|raw|bg6iqq2g's rating: 1264 &rarr; <strong>1255<\/strong><br \/>(-9 for losing)\n|raw|AnIronicKiwi's rating: 1517 &rarr; <strong>1525<\/strong><br \/>(+8 for winning)\n","uploadtime":1700899735,"views":4,"p1id":"bg6iqq2g","p2id":"anironickiwi","formatid":"gen9anythinggoes","rating":1255,"private":0,"password":""}