{"id":"gen9anythinggoes-1985365509","p1":"Qarni","p2":"aja1218","format":"[Gen 9] Anything Goes","log":"|j|\u2606Qarni\n|j|\u2606aja1218\n|t:|1699368500\n|gametype|singles\n|player|p1|Qarni|101|1052\n|player|p2|aja1218|clair|1113\n|teamsize|p1|6\n|teamsize|p2|6\n|gen|9\n|tier|[Gen 9] Anything Goes\n|rated|\n|rule|HP Percentage Mod: HP is shown in percentages\n|rule|Endless Battle Clause: Forcing endless battles is banned\n|clearpoke\n|poke|p1|Charmander, L1, M|\n|poke|p1|Azurill, L1, M|\n|poke|p1|Alomomola, L1, M|\n|poke|p1|Magikarp, L1, M|\n|poke|p1|Magcargo, L1, M|\n|poke|p1|Houndstone, F|\n|poke|p2|Slither Wing|\n|poke|p2|Lycanroc-Dusk, M|\n|poke|p2|Thundurus-Therian, M|\n|poke|p2|Dragonite, M|\n|poke|p2|Gholdengo|\n|poke|p2|Palafin, M|\n|teampreview\n|\n|t:|1699368513\n|start\n|switch|p1a: Charmander|Charmander, L1, M|100\/100\n|switch|p2a: Dragonite|Dragonite, M|100\/100\n|turn|1\n|\n|t:|1699368518\n|move|p2a: Dragonite|Dragon Dance|p2a: Dragonite\n|-boost|p2a: Dragonite|atk|1\n|-boost|p2a: Dragonite|spe|1\n|move|p1a: Charmander|Crunch|p2a: Dragonite\n|-crit|p2a: Dragonite\n|-damage|p2a: Dragonite|99\/100\n|\n|upkeep\n|turn|2\n|\n|t:|1699368528\n|-terastallize|p1a: Charmander|Fire\n|move|p2a: Dragonite|Dragon Dance|p2a: Dragonite\n|-boost|p2a: Dragonite|atk|1\n|-boost|p2a: Dragonite|spe|1\n|move|p1a: Charmander|Dragon Claw|p2a: Dragonite\n|-supereffective|p2a: Dragonite\n|-damage|p2a: Dragonite|99\/100\n|\n|upkeep\n|turn|3\n|\n|t:|1699368536\n|move|p2a: Dragonite|Dragon Dance|p2a: Dragonite\n|-boost|p2a: Dragonite|atk|1\n|-boost|p2a: Dragonite|spe|1\n|move|p1a: Charmander|Dragon Claw|p2a: Dragonite\n|-supereffective|p2a: Dragonite\n|-damage|p2a: Dragonite|99\/100\n|\n|upkeep\n|turn|4\n|\n|t:|1699368543\n|move|p2a: Dragonite|Dragon Dance|p2a: Dragonite\n|-boost|p2a: Dragonite|atk|1\n|-boost|p2a: Dragonite|spe|1\n|move|p1a: Charmander|Dragon Claw|p2a: Dragonite\n|-supereffective|p2a: Dragonite\n|-damage|p2a: Dragonite|98\/100\n|\n|upkeep\n|turn|5\n|\n|t:|1699368549\n|move|p2a: Dragonite|Dragon Dance|p2a: Dragonite\n|-boost|p2a: Dragonite|atk|1\n|-boost|p2a: Dragonite|spe|1\n|move|p1a: Charmander|Ancient Power|p2a: Dragonite\n|-supereffective|p2a: Dragonite\n|-damage|p2a: Dragonite|97\/100\n|\n|upkeep\n|turn|6\n|\n|t:|1699368551\n|move|p2a: Dragonite|Dragon Dance|p2a: Dragonite\n|-boost|p2a: Dragonite|atk|1\n|-boost|p2a: Dragonite|spe|1\n|move|p1a: Charmander|Ancient Power|p2a: Dragonite\n|-supereffective|p2a: Dragonite\n|-damage|p2a: Dragonite|96\/100\n|\n|upkeep\n|turn|7\n|\n|t:|1699368555\n|move|p2a: Dragonite|Waterfall|p1a: Charmander\n|-supereffective|p1a: Charmander\n|-damage|p1a: Charmander|0 fnt\n|faint|p1a: Charmander\n|\n|upkeep\n|\n|t:|1699368559\n|switch|p1a: Azurill|Azurill, L1, M|100\/100\n|turn|8\n|\n|t:|1699368563\n|move|p2a: Dragonite|Roost|p2a: Dragonite\n|-heal|p2a: Dragonite|100\/100\n|-singleturn|p2a: Dragonite|move: Roost\n|move|p1a: Azurill|Belly Drum|p1a: Azurill\n|-damage|p1a: Azurill|50\/100\n|-setboost|p1a: Azurill|atk|6|[from] move: Belly Drum\n|\n|upkeep\n|turn|9\n|\n|t:|1699368572\n|move|p2a: Dragonite|Waterfall|p1a: Azurill\n|-damage|p1a: Azurill|0 fnt\n|faint|p1a: Azurill\n|\n|upkeep\n|inactive|Battle timer is ON: inactive players will automatically lose when time's up. (requested by aja1218)\n|\n|t:|1699368575\n|switch|p1a: Alomomola|Alomomola, L1, M|100\/100\n|turn|10\n|\n|t:|1699368584\n|move|p2a: Dragonite|Waterfall|p1a: Alomomola\n|-resisted|p1a: Alomomola\n|-damage|p1a: Alomomola|0 fnt\n|faint|p1a: Alomomola\n|\n|upkeep\n|\n|t:|1699368587\n|switch|p1a: Magikarp|Magikarp, L1, M|100\/100\n|turn|11\n|\n|t:|1699368589\n|move|p2a: Dragonite|Ice Spinner|p1a: Magikarp\n|-resisted|p1a: Magikarp\n|-damage|p1a: Magikarp|0 fnt\n|faint|p1a: Magikarp\n|\n|upkeep\n|\n|t:|1699368592\n|switch|p1a: Magcargo|Magcargo, L1, M|100\/100\n|turn|12\n|\n|t:|1699368595\n|move|p2a: Dragonite|Waterfall|p1a: Magcargo\n|-supereffective|p1a: Magcargo\n|-damage|p1a: Magcargo|0 fnt\n|faint|p1a: Magcargo\n|\n|upkeep\n|\n|t:|1699368597\n|switch|p1a: Houndstone|Houndstone, F|100\/100\n|turn|13\n|c|\u2606aja1218|uhuh\n|\n|t:|1699368604\n|move|p2a: Dragonite|Waterfall|p1a: Houndstone\n|-damage|p1a: Houndstone|0 fnt\n|faint|p1a: Houndstone\n|\n|win|aja1218\n|raw|Qarni's rating: 1052 &rarr; <strong>1037<\/strong><br \/>(-15 for losing)\n|raw|aja1218's rating: 1113 &rarr; <strong>1134<\/strong><br \/>(+21 for winning)\n|c|\u2606aja1218|bud\n|l|\u2606Qarni\n","uploadtime":1699368623,"views":6,"p1id":"qarni","p2id":"aja1218","formatid":"gen9anythinggoes","rating":1037,"private":0,"password":""}