{"id":"gen9anythinggoes-1979757570","p1":"caligulahar","p2":"theblandino","format":"[Gen 9] Anything Goes","log":"|j|\u2606caligulahar\n|j|\u2606theblandino\n|t:|1698710115\n|gametype|singles\n|player|p1|caligulahar|richboy-gen4|\n|player|p2|theblandino|yellow|\n|teamsize|p1|6\n|teamsize|p2|6\n|gen|9\n|tier|[Gen 9] Anything Goes\n|rule|HP Percentage Mod: HP is shown in percentages\n|rule|Endless Battle Clause: Forcing endless battles is banned\n|clearpoke\n|poke|p1|Iron Bundle|\n|poke|p1|Cyclizar, M|\n|poke|p1|Infernape, M|\n|poke|p1|Kleavor, M|\n|poke|p1|Orthworm, M|\n|poke|p1|Vullaby, F|\n|poke|p2|Lycanroc, M|\n|poke|p2|Tyranitar, M|\n|poke|p2|Slowking, F|\n|poke|p2|Iron Treads|\n|poke|p2|Dusclops, M|\n|poke|p2|Ogerpon-Cornerstone, F|\n|teampreview\n|inactive|Battle timer is ON: inactive players will automatically lose when time's up. (requested by caligulahar)\n|\n|t:|1698710135\n|start\n|switch|p1a: Alvida|Vullaby, F, shiny|100\/100\n|switch|p2a: Thor Stoutberg|Tyranitar, M|100\/100\n|-weather|Sandstorm|[from] ability: Sand Stream|[of] p2a: Thor Stoutberg\n|turn|1\n|j| prof minu\n|\n|t:|1698710153\n|move|p2a: Thor Stoutberg|Stealth Rock|p1a: Alvida\n|-sidestart|p1: caligulahar|move: Stealth Rock\n|move|p1a: Alvida|Knock Off|p2a: Thor Stoutberg\n|-resisted|p2a: Thor Stoutberg\n|-damage|p2a: Thor Stoutberg|93\/100\n|-enditem|p2a: Thor Stoutberg|Smooth Rock|[from] move: Knock Off|[of] p1a: Alvida\n|\n|-weather|Sandstorm|[upkeep]\n|upkeep\n|turn|2\n|\n|t:|1698710166\n|switch|p2a: Shawn Froste|Lycanroc, M, shiny|100\/100\n|move|p1a: Alvida|Toxic|p2a: Shawn Froste\n|-status|p2a: Shawn Froste|tox\n|\n|-weather|Sandstorm|[upkeep]\n|-damage|p2a: Shawn Froste|94\/100 tox|[from] psn\n|upkeep\n|turn|3\n|\n|t:|1698710179\n|switch|p1a: Garp|Orthworm, M|100\/100\n|-damage|p1a: Garp|94\/100|[from] Stealth Rock\n|move|p2a: Shawn Froste|Stone Edge|p1a: Garp\n|-resisted|p1a: Garp\n|-damage|p1a: Garp|80\/100\n|\n|-weather|Sandstorm|[upkeep]\n|-heal|p1a: Garp|86\/100|[from] item: Leftovers\n|-damage|p2a: Shawn Froste|82\/100 tox|[from] psn\n|upkeep\n|turn|4\n|\n|t:|1698710196\n|switch|p2a: Ptumri|Slowking, F|100\/100\n|move|p1a: Garp|Protect||[still]\n|-fail|p1a: Garp\n|\n|-weather|Sandstorm|[upkeep]\n|-damage|p2a: Ptumri|94\/100|[from] Sandstorm\n|-heal|p1a: Garp|92\/100|[from] item: Leftovers\n|upkeep\n|turn|5\n|\n|t:|1698710211\n|move|p1a: Garp|Shed Tail|p1a: Garp\n|-start|p1a: Garp|Substitute|[from] move: Shed Tail\n|-damage|p1a: Garp|42\/100\n|\n|t:|1698710215\n|switch|p1a: Luffy|Infernape, M, shiny|100\/100|[from] Shed Tail\n|-damage|p1a: Luffy|88\/100|[from] Stealth Rock\n|move|p2a: Ptumri|Yawn||[still]\n|-fail|p2a: Ptumri\n|\n|-weather|Sandstorm|[upkeep]\n|-damage|p1a: Luffy|82\/100|[from] Sandstorm\n|-damage|p2a: Ptumri|88\/100|[from] Sandstorm\n|upkeep\n|turn|6\n|\n|t:|1698710227\n|move|p1a: Luffy|Swords Dance|p1a: Luffy\n|-boost|p1a: Luffy|atk|2\n|move|p2a: Ptumri|Ice Beam|p1a: Luffy\n|-resisted|p1a: Luffy\n|-activate|p1a: Luffy|move: Substitute|[damage]\n|\n|-weather|Sandstorm|[upkeep]\n|-damage|p1a: Luffy|76\/100|[from] Sandstorm\n|-damage|p2a: Ptumri|82\/100|[from] Sandstorm\n|upkeep\n|turn|7\n|\n|t:|1698710240\n|switch|p2a: Talisman|Dusclops, M|100\/100\n|-ability|p2a: Talisman|Pressure\n|move|p1a: Luffy|Swords Dance|p1a: Luffy\n|-boost|p1a: Luffy|atk|2\n|\n|-weather|Sandstorm|[upkeep]\n|-damage|p1a: Luffy|70\/100|[from] Sandstorm\n|-damage|p2a: Talisman|95\/100|[from] Sandstorm\n|upkeep\n|turn|8\n|\n|t:|1698710251\n|move|p1a: Luffy|Fire Punch|p2a: Talisman\n|-damage|p2a: Talisman|15\/100\n|-damage|p1a: Luffy|60\/100|[from] item: Life Orb\n|move|p2a: Talisman|Hex|p1a: Luffy\n|-end|p1a: Luffy|Substitute\n|\n|-weather|none\n|upkeep\n|turn|9\n|\n|t:|1698710274\n|move|p1a: Luffy|Fire Punch|p2a: Talisman\n|-damage|p2a: Talisman|0 fnt\n|faint|p2a: Talisman\n|-damage|p1a: Luffy|50\/100|[from] item: Life Orb\n|\n|upkeep\n|\n|t:|1698710286\n|switch|p2a: Shawn Froste|Lycanroc, M, shiny|82\/100 tox\n|turn|10\n|\n|t:|1698710293\n|move|p1a: Luffy|Mach Punch|p2a: Shawn Froste\n|-supereffective|p2a: Shawn Froste\n|-damage|p2a: Shawn Froste|0 fnt\n|faint|p2a: Shawn Froste\n|-damage|p1a: Luffy|40\/100|[from] item: Life Orb\n|\n|upkeep\n|inactive|theblandino has 270 seconds left.\n|\n|t:|1698710329\n|switch|p2a: Ptumri|Slowking, F|100\/100\n|turn|11\n|\n|t:|1698710334\n|move|p1a: Luffy|Close Combat|p2a: Ptumri\n|-resisted|p2a: Ptumri\n|-damage|p2a: Ptumri|24\/100\n|-unboost|p1a: Luffy|def|1\n|-unboost|p1a: Luffy|spd|1\n|-damage|p1a: Luffy|30\/100|[from] item: Life Orb\n|move|p2a: Ptumri|Psyshock|p1a: Luffy\n|-supereffective|p1a: Luffy\n|-damage|p1a: Luffy|0 fnt\n|faint|p1a: Luffy\n|\n|upkeep\n|\n|t:|1698710359\n|switch|p1a: Aokiji|Iron Bundle|100\/100\n|-damage|p1a: Aokiji|76\/100|[from] Stealth Rock\n|-enditem|p1a: Aokiji|Booster Energy\n|-activate|p1a: Aokiji|ability: Quark Drive|[fromitem]\n|-start|p1a: Aokiji|quarkdrivespe\n|turn|12\n|\n|t:|1698710368\n|move|p1a: Aokiji|Protect|p1a: Aokiji\n|-singleturn|p1a: Aokiji|Protect\n|move|p2a: Ptumri|Yawn|p1a: Aokiji\n|-activate|p1a: Aokiji|move: Protect\n|\n|upkeep\n|turn|13\n|inactive|theblandino has 270 seconds left.\n|\n|t:|1698710379\n|switch|p2a: Thor Stoutberg|Tyranitar, M|93\/100\n|-weather|Sandstorm|[from] ability: Sand Stream|[of] p2a: Thor Stoutberg\n|move|p1a: Aokiji|Ice Beam|p2a: Thor Stoutberg\n|-damage|p2a: Thor Stoutberg|75\/100\n|\n|-weather|Sandstorm|[upkeep]\n|-damage|p1a: Aokiji|70\/100|[from] Sandstorm\n|upkeep\n|turn|14\n|inactive|theblandino has 270 seconds left.\n|\n|t:|1698710392\n|move|p1a: Aokiji|Hydro Pump|p2a: Thor Stoutberg\n|-supereffective|p2a: Thor Stoutberg\n|-damage|p2a: Thor Stoutberg|25\/100\n|move|p2a: Thor Stoutberg|Earthquake|p1a: Aokiji\n|-damage|p1a: Aokiji|31\/100\n|\n|-weather|Sandstorm|[upkeep]\n|-damage|p1a: Aokiji|25\/100|[from] Sandstorm\n|upkeep\n|turn|15\n|inactive|theblandino has 270 seconds left.\n|\n|t:|1698710401\n|switch|p2a: Bay Laurel|Ogerpon-Cornerstone, F|100\/100\n|move|p1a: Aokiji|Hydro Pump|p2a: Bay Laurel\n|-damage|p2a: Bay Laurel|58\/100\n|\n|-weather|Sandstorm|[upkeep]\n|-damage|p1a: Aokiji|19\/100|[from] Sandstorm\n|upkeep\n|turn|16\n|inactive|theblandino has 270 seconds left.\n|\n|t:|1698710418\n|switch|p2a: Ptumri|Slowking, F|58\/100\n|move|p1a: Aokiji|Ice Beam|p2a: Ptumri\n|-resisted|p2a: Ptumri\n|-damage|p2a: Ptumri|39\/100\n|\n|-weather|Sandstorm|[upkeep]\n|-damage|p1a: Aokiji|13\/100|[from] Sandstorm\n|-damage|p2a: Ptumri|33\/100|[from] Sandstorm\n|upkeep\n|turn|17\n|inactive|theblandino has 270 seconds left.\n|\n|t:|1698710429\n|move|p1a: Aokiji|Hydro Pump|p2a: Ptumri\n|-resisted|p2a: Ptumri\n|-damage|p2a: Ptumri|12\/100\n|move|p2a: Ptumri|Slack Off|p2a: Ptumri\n|-heal|p2a: Ptumri|62\/100\n|\n|-weather|none\n|upkeep\n|turn|18\n|inactive|theblandino has 270 seconds left.\n|\n|t:|1698710437\n|move|p1a: Aokiji|Encore|p2a: Ptumri\n|-start|p2a: Ptumri|Encore\n|move|p2a: Ptumri|Slack Off|p2a: Ptumri\n|-heal|p2a: Ptumri|100\/100\n|\n|upkeep\n|turn|19\n|inactive|theblandino has 270 seconds left.\n|\n|t:|1698710452\n|-end|p1a: Aokiji|Quark Drive|[silent]\n|switch|p1a: Alvida|Vullaby, F, shiny|100\/100\n|-damage|p1a: Alvida|75\/100|[from] Stealth Rock\n|switch|p2a: Mecha-Mark|Iron Treads|100\/100\n|\n|upkeep\n|turn|20\n|inactive|theblandino has 270 seconds left.\n|\n|t:|1698710463\n|move|p2a: Mecha-Mark|Body Press|p1a: Alvida\n|-damage|p1a: Alvida|55\/100\n|move|p1a: Alvida|Knock Off|p2a: Mecha-Mark\n|-damage|p2a: Mecha-Mark|87\/100\n|-enditem|p2a: Mecha-Mark|Eject Button|[from] move: Knock Off|[of] p1a: Alvida\n|\n|upkeep\n|turn|21\n|\n|t:|1698710473\n|move|p2a: Mecha-Mark|Ice Spinner|p1a: Alvida\n|-supereffective|p1a: Alvida\n|-damage|p1a: Alvida|27\/100\n|move|p1a: Alvida|Roost|p1a: Alvida\n|-heal|p1a: Alvida|77\/100\n|-singleturn|p1a: Alvida|move: Roost\n|\n|upkeep\n|turn|22\n|\n|t:|1698710496\n|move|p1a: Alvida|Protect|p1a: Alvida\n|-singleturn|p1a: Alvida|Protect\n|move|p2a: Mecha-Mark|Ice Spinner|p1a: Alvida\n|-activate|p1a: Alvida|move: Protect\n|\n|upkeep\n|turn|23\n|\n|t:|1698710509\n|move|p2a: Mecha-Mark|Ice Spinner|p1a: Alvida\n|-supereffective|p1a: Alvida\n|-damage|p1a: Alvida|44\/100\n|move|p1a: Alvida|Knock Off|p2a: Mecha-Mark\n|-damage|p2a: Mecha-Mark|78\/100\n|\n|upkeep\n|turn|24\n|\n|t:|1698710518\n|-end|p2a: Mecha-Mark|Quark Drive|[silent]\n|switch|p2a: Ptumri|Slowking, F|100\/100\n|move|p1a: Alvida|Protect||[still]\n|-fail|p1a: Alvida\n|\n|upkeep\n|turn|25\n|\n|t:|1698710523\n|move|p1a: Alvida|Toxic|p2a: Ptumri\n|-status|p2a: Ptumri|tox\n|move|p2a: Ptumri|Ice Beam|p1a: Alvida\n|-supereffective|p1a: Alvida\n|-damage|p1a: Alvida|14\/100\n|\n|-damage|p2a: Ptumri|94\/100 tox|[from] psn\n|upkeep\n|turn|26\n|\n|t:|1698710533\n|switch|p2a: Mecha-Mark|Iron Treads|78\/100\n|move|p1a: Alvida|Roost|p1a: Alvida\n|-heal|p1a: Alvida|64\/100\n|-singleturn|p1a: Alvida|move: Roost\n|\n|upkeep\n|turn|27\n|\n|t:|1698710540\n|move|p2a: Mecha-Mark|Body Press|p1a: Alvida\n|-damage|p1a: Alvida|41\/100\n|move|p1a: Alvida|Roost|p1a: Alvida\n|-heal|p1a: Alvida|91\/100\n|-singleturn|p1a: Alvida|move: Roost\n|\n|upkeep\n|turn|28\n|\n|t:|1698710549\n|move|p2a: Mecha-Mark|Body Press|p1a: Alvida\n|-damage|p1a: Alvida|70\/100\n|move|p1a: Alvida|Knock Off|p2a: Mecha-Mark\n|-damage|p2a: Mecha-Mark|67\/100\n|\n|upkeep\n|turn|29\n|\n|t:|1698710556\n|move|p2a: Mecha-Mark|Body Press|p1a: Alvida\n|-damage|p1a: Alvida|48\/100\n|move|p1a: Alvida|Knock Off|p2a: Mecha-Mark\n|-damage|p2a: Mecha-Mark|57\/100\n|\n|upkeep\n|turn|30\n|\n|t:|1698710563\n|move|p2a: Mecha-Mark|Body Press|p1a: Alvida\n|-damage|p1a: Alvida|25\/100\n|move|p1a: Alvida|Roost|p1a: Alvida\n|-heal|p1a: Alvida|75\/100\n|-singleturn|p1a: Alvida|move: Roost\n|\n|upkeep\n|turn|31\n|\n|t:|1698710569\n|move|p1a: Alvida|Protect|p1a: Alvida\n|-singleturn|p1a: Alvida|Protect\n|move|p2a: Mecha-Mark|Body Press|p1a: Alvida\n|-activate|p1a: Alvida|move: Protect\n|\n|upkeep\n|turn|32\n|\n|t:|1698710580\n|move|p2a: Mecha-Mark|Body Press|p1a: Alvida\n|-crit|p1a: Alvida\n|-damage|p1a: Alvida|44\/100\n|move|p1a: Alvida|Knock Off|p2a: Mecha-Mark\n|-damage|p2a: Mecha-Mark|48\/100\n|\n|upkeep\n|turn|33\n|\n|t:|1698710586\n|move|p2a: Mecha-Mark|Body Press|p1a: Alvida\n|-damage|p1a: Alvida|22\/100\n|move|p1a: Alvida|Roost|p1a: Alvida\n|-heal|p1a: Alvida|72\/100\n|-singleturn|p1a: Alvida|move: Roost\n|\n|upkeep\n|turn|34\n|\n|t:|1698710595\n|switch|p1a: Axe Hand Morgan|Kleavor, M, shiny|100\/100\n|-damage|p1a: Axe Hand Morgan|76\/100|[from] Stealth Rock\n|move|p2a: Mecha-Mark|Ice Spinner|p1a: Axe Hand Morgan\n|-damage|p1a: Axe Hand Morgan|48\/100\n|\n|-heal|p1a: Axe Hand Morgan|54\/100|[from] item: Leftovers\n|upkeep\n|turn|35\n|inactive|caligulahar has 270 seconds left.\n|\n|t:|1698710629\n|-end|p2a: Mecha-Mark|Quark Drive|[silent]\n|switch|p2a: Thor Stoutberg|Tyranitar, M|25\/100\n|-weather|Sandstorm|[from] ability: Sand Stream|[of] p2a: Thor Stoutberg\n|move|p1a: Axe Hand Morgan|Night Slash|p2a: Thor Stoutberg\n|-resisted|p2a: Thor Stoutberg\n|-damage|p2a: Thor Stoutberg|10\/100\n|\n|-weather|Sandstorm|[upkeep]\n|-heal|p1a: Axe Hand Morgan|60\/100|[from] item: Leftovers\n|upkeep\n|turn|36\n|\n|t:|1698710645\n|switch|p2a: Bay Laurel|Ogerpon-Cornerstone, F|58\/100\n|move|p1a: Axe Hand Morgan|Stone Axe|p2a: Bay Laurel\n|-damage|p2a: Bay Laurel|0 fnt\n|-sidestart|p2: theblandino|move: Stealth Rock\n|faint|p2a: Bay Laurel\n|\n|-weather|Sandstorm|[upkeep]\n|-heal|p1a: Axe Hand Morgan|66\/100|[from] item: Leftovers\n|upkeep\n|inactive|theblandino has 270 seconds left.\n|\n|t:|1698710660\n|switch|p2a: Ptumri|Slowking, F|100\/100 tox\n|turn|37\n|\n|t:|1698710666\n|move|p1a: Axe Hand Morgan|X-Scissor|p2a: Ptumri\n|-supereffective|p2a: Ptumri\n|-crit|p2a: Ptumri\n|-damage|p2a: Ptumri|0 fnt\n|faint|p2a: Ptumri\n|\n|-weather|Sandstorm|[upkeep]\n|-heal|p1a: Axe Hand Morgan|72\/100|[from] item: Leftovers\n|upkeep\n|\n|t:|1698710673\n|switch|p2a: Mecha-Mark|Iron Treads|48\/100\n|-damage|p2a: Mecha-Mark|44\/100|[from] Stealth Rock\n|turn|38\n|\n|t:|1698710682\n|move|p2a: Mecha-Mark|Ice Spinner|p1a: Axe Hand Morgan\n|-damage|p1a: Axe Hand Morgan|47\/100\n|move|p1a: Axe Hand Morgan|Night Slash|p2a: Mecha-Mark\n|-damage|p2a: Mecha-Mark|16\/100\n|\n|-weather|Sandstorm|[upkeep]\n|-heal|p1a: Axe Hand Morgan|53\/100|[from] item: Leftovers\n|upkeep\n|turn|39\n|\n|t:|1698710690\n|move|p2a: Mecha-Mark|Ice Spinner|p1a: Axe Hand Morgan\n|-damage|p1a: Axe Hand Morgan|29\/100\n|move|p1a: Axe Hand Morgan|Night Slash|p2a: Mecha-Mark\n|-damage|p2a: Mecha-Mark|0 fnt\n|faint|p2a: Mecha-Mark\n|-end|p2a: Mecha-Mark|Quark Drive|[silent]\n|\n|-weather|none\n|-heal|p1a: Axe Hand Morgan|35\/100|[from] item: Leftovers\n|upkeep\n|\n|t:|1698710697\n|switch|p2a: Thor Stoutberg|Tyranitar, M|10\/100\n|-damage|p2a: Thor Stoutberg|0 fnt|[from] Stealth Rock\n|faint|p2a: Thor Stoutberg\n|\n|win|caligulahar\n|l|\u2606theblandino\n","uploadtime":1698710705,"views":18,"p1id":"caligulahar","p2id":"theblandino","formatid":"gen9anythinggoes","rating":0,"private":0,"password":""}