{"id":"gen9anythinggoes-1976723251","p1":"Celentinel","p2":"yo_joni","format":"[Gen 9] Anything Goes","log":"|j|\u2606Celentinel\n|j|\u203dyo_joni\n|t:|1698336254\n|gametype|singles\n|player|p1|Celentinel|102|1153\n|player|p2|yo_joni|2|1229\n|teamsize|p1|6\n|teamsize|p2|6\n|gen|9\n|tier|[Gen 9] Anything Goes\n|rated|\n|rule|HP Percentage Mod: HP is shown in percentages\n|rule|Endless Battle Clause: Forcing endless battles is banned\n|clearpoke\n|poke|p1|Basculegion, M|\n|poke|p1|Pelipper, F|\n|poke|p1|Rabsca, F|\n|poke|p1|Glimmora, F|\n|poke|p1|Cyclizar, F|\n|poke|p1|Palafin, F|\n|poke|p2|Toxapex, F|\n|poke|p2|Magearna|\n|poke|p2|Gardevoir, F|\n|poke|p2|Vaporeon, F|\n|poke|p2|Meowscarada, F|\n|poke|p2|Salazzle, F|\n|teampreview\n|j| Thisisawsome\n|inactive|Battle timer is ON: inactive players will automatically lose when time's up. (requested by Celentinel)\n|\n|t:|1698336259\n|start\n|switch|p1a: Palafin|Palafin, F, shiny|100\/100\n|switch|p2a: Meowscarada|Meowscarada, F|100\/100\n|turn|1\n|\n|t:|1698336265\n|move|p1a: Palafin|Flip Turn|p2a: Meowscarada\n|-resisted|p2a: Meowscarada\n|-damage|p2a: Meowscarada|83\/100\n|\n|t:|1698336272\n|detailschange|p1a: Palafin|Palafin-Hero, F, shiny\n|switch|p1a: Glimmora|Glimmora, F, shiny|100\/100|[from] Flip Turn\n|move|p2a: Meowscarada|Toxic Spikes|p1a: Glimmora\n|-start|p2a: Meowscarada|typechange|Poison|[from] ability: Protean\n|-sidestart|p1: Celentinel|move: Toxic Spikes\n|\n|upkeep\n|turn|2\n|c| Thisisawsome|Helo\n|\n|t:|1698336279\n|move|p2a: Meowscarada|Leech Seed|p1a: Glimmora|[miss]\n|-miss|p2a: Meowscarada|p1a: Glimmora\n|move|p1a: Glimmora|Stealth Rock|p2a: Meowscarada\n|-sidestart|p2: yo_joni|move: Stealth Rock\n|\n|upkeep\n|turn|3\n|\n|t:|1698336286\n|move|p2a: Meowscarada|Double Team|p2a: Meowscarada\n|-boost|p2a: Meowscarada|evasion|1\n|move|p1a: Glimmora|Spikes|p2a: Meowscarada\n|-sidestart|p2: yo_joni|Spikes\n|\n|upkeep\n|turn|4\n|\n|t:|1698336291\n|move|p2a: Meowscarada|Leech Seed|p1a: Glimmora\n|-start|p1a: Glimmora|move: Leech Seed\n|move|p1a: Glimmora|Spikes|p2a: Meowscarada\n|-sidestart|p2: yo_joni|Spikes\n|\n|-damage|p1a: Glimmora|88\/100|[from] Leech Seed|[of] p2a: Meowscarada\n|-heal|p2a: Meowscarada|96\/100|[silent]\n|upkeep\n|turn|5\n|\n|t:|1698336296\n|move|p2a: Meowscarada|Double Team|p2a: Meowscarada\n|-boost|p2a: Meowscarada|evasion|1\n|move|p1a: Glimmora|Spikes|p2a: Meowscarada\n|-sidestart|p2: yo_joni|Spikes\n|\n|-damage|p1a: Glimmora|76\/100|[from] Leech Seed|[of] p2a: Meowscarada\n|-heal|p2a: Meowscarada|100\/100|[silent]\n|upkeep\n|turn|6\n|\n|t:|1698336303\n|switch|p1a: Palafin|Palafin-Hero, F, shiny|100\/100\n|-status|p1a: Palafin|psn\n|-activate|p1a: Palafin|ability: Zero to Hero\n|move|p2a: Meowscarada|Double Team|p2a: Meowscarada\n|-boost|p2a: Meowscarada|evasion|1\n|\n|-damage|p1a: Palafin|88\/100 psn|[from] psn\n|upkeep\n|turn|7\n|\n|t:|1698336313\n|move|p1a: Palafin|Haze|p1a: Palafin\n|-clearallboost\n|move|p2a: Meowscarada|Giga Drain|p1a: Palafin\n|-supereffective|p1a: Palafin\n|-damage|p1a: Palafin|52\/100 psn\n|\n|-damage|p1a: Palafin|40\/100 psn|[from] psn\n|upkeep\n|turn|8\n|\n|t:|1698336323\n|switch|p1a: Cyclizar|Cyclizar, F|100\/100\n|-status|p1a: Cyclizar|psn\n|move|p2a: Meowscarada|Double Team|p2a: Meowscarada\n|-boost|p2a: Meowscarada|evasion|1\n|\n|-damage|p1a: Cyclizar|88\/100 psn|[from] psn\n|upkeep\n|turn|9\n|\n|t:|1698336330\n|move|p2a: Meowscarada|Double Team|p2a: Meowscarada\n|-boost|p2a: Meowscarada|evasion|1\n|move|p1a: Cyclizar|Rapid Spin|p2a: Meowscarada\n|-damage|p2a: Meowscarada|66\/100\n|-boost|p1a: Cyclizar|spe|1\n|-sideend|p1: Celentinel|Toxic Spikes|[from] move: Rapid Spin|[of] p1a: Cyclizar\n|\n|-damage|p1a: Cyclizar|76\/100 psn|[from] psn\n|upkeep\n|turn|10\n|l| Thisisawsome\n|\n|t:|1698336339\n|switch|p1a: Glimmora|Glimmora, F, shiny|76\/100\n|move|p2a: Meowscarada|Leech Seed|p1a: Glimmora\n|-start|p1a: Glimmora|move: Leech Seed\n|\n|-damage|p1a: Glimmora|63\/100|[from] Leech Seed|[of] p2a: Meowscarada\n|-heal|p2a: Meowscarada|79\/100|[silent]\n|upkeep\n|turn|11\n|\n|t:|1698336350\n|move|p2a: Meowscarada|Toxic Spikes|p1a: Glimmora\n|-sidestart|p1: Celentinel|move: Toxic Spikes\n|move|p1a: Glimmora|Light Screen|p1a: Glimmora\n|-sidestart|p1: Celentinel|move: Light Screen\n|\n|-damage|p1a: Glimmora|51\/100|[from] Leech Seed|[of] p2a: Meowscarada\n|-heal|p2a: Meowscarada|92\/100|[silent]\n|upkeep\n|turn|12\n|\n|t:|1698336356\n|switch|p1a: Cyclizar|Cyclizar, F|100\/100 psn\n|move|p2a: Meowscarada|Leech Seed|p1a: Cyclizar\n|-start|p1a: Cyclizar|move: Leech Seed\n|\n|-damage|p1a: Cyclizar|88\/100 psn|[from] Leech Seed|[of] p2a: Meowscarada\n|-heal|p2a: Meowscarada|100\/100|[silent]\n|-damage|p1a: Cyclizar|76\/100 psn|[from] psn\n|upkeep\n|turn|13\n|\n|t:|1698336364\n|move|p2a: Meowscarada|Double Team|p2a: Meowscarada\n|-boost|p2a: Meowscarada|evasion|1\n|move|p1a: Cyclizar|Shed Tail|p1a: Cyclizar\n|-start|p1a: Cyclizar|Substitute|[from] move: Shed Tail\n|-damage|p1a: Cyclizar|25\/100 psn\n|\n|t:|1698336369\n|switch|p1a: Palafin|Palafin-Hero, F, shiny|40\/100 psn|[from] Shed Tail\n|\n|-damage|p1a: Palafin|28\/100 psn|[from] psn\n|upkeep\n|turn|14\n|\n|t:|1698336377\n|move|p1a: Palafin|Close Combat|p2a: Meowscarada|[miss]\n|-miss|p1a: Palafin|p2a: Meowscarada\n|move|p2a: Meowscarada|Double Team|p2a: Meowscarada\n|-boost|p2a: Meowscarada|evasion|1\n|\n|-damage|p1a: Palafin|15\/100 psn|[from] psn\n|upkeep\n|turn|15\n|\n|t:|1698336386\n|move|p1a: Palafin|Close Combat|p2a: Meowscarada|[miss]\n|-miss|p1a: Palafin|p2a: Meowscarada\n|move|p2a: Meowscarada|Toxic Spikes|p1a: Palafin\n|-sidestart|p1: Celentinel|move: Toxic Spikes\n|\n|-damage|p1a: Palafin|3\/100 psn|[from] psn\n|-sideend|p1: Celentinel|move: Light Screen\n|upkeep\n|turn|16\n|\n|t:|1698336394\n|move|p1a: Palafin|Close Combat|p2a: Meowscarada|[miss]\n|-miss|p1a: Palafin|p2a: Meowscarada\n|move|p2a: Meowscarada|Double Team|p2a: Meowscarada\n|-boost|p2a: Meowscarada|evasion|1\n|\n|-damage|p1a: Palafin|0 fnt|[from] psn\n|faint|p1a: Palafin\n|upkeep\n|\n|t:|1698336402\n|switch|p1a: Rabsca|Rabsca, F, shiny|100\/100\n|-status|p1a: Rabsca|tox\n|turn|17\n|\n|t:|1698336407\n|move|p2a: Meowscarada|Leech Seed|p1a: Rabsca\n|-start|p1a: Rabsca|move: Leech Seed\n|move|p1a: Rabsca|Revival Blessing|p1a: Rabsca\n|\n|t:|1698336411\n|-heal|p1: Palafin|50\/100|[from] move: Revival Blessing\n|\n|-damage|p1a: Rabsca|88\/100 tox|[from] Leech Seed|[of] p2a: Meowscarada\n|-damage|p1a: Rabsca|82\/100 tox|[from] psn\n|upkeep\n|turn|18\n|\n|t:|1698336424\n|move|p2a: Meowscarada|Double Team|p2a: Meowscarada\n|-boost|p2a: Meowscarada|evasion|1\n|move|p1a: Rabsca|Cosmic Power|p1a: Rabsca\n|-boost|p1a: Rabsca|def|1\n|-boost|p1a: Rabsca|spd|1\n|\n|-heal|p1a: Rabsca|88\/100 tox|[from] item: Leftovers\n|-damage|p1a: Rabsca|76\/100 tox|[from] Leech Seed|[of] p2a: Meowscarada\n|-damage|p1a: Rabsca|64\/100 tox|[from] psn\n|upkeep\n|turn|19\n|\n|t:|1698336434\n|move|p2a: Meowscarada|Giga Drain|p1a: Rabsca\n|-resisted|p1a: Rabsca\n|-damage|p1a: Rabsca|58\/100 tox\n|move|p1a: Rabsca|Rest|p1a: Rabsca\n|-status|p1a: Rabsca|slp|[from] move: Rest\n|-heal|p1a: Rabsca|100\/100 slp|[silent]\n|\n|-damage|p1a: Rabsca|88\/100 slp|[from] Leech Seed|[of] p2a: Meowscarada\n|upkeep\n|turn|20\n|\n|t:|1698336450\n|switch|p2a: Magearna|Magearna|100\/100\n|-damage|p2a: Magearna|95\/100|[from] Stealth Rock\n|-damage|p2a: Magearna|70\/100|[from] Spikes\n|switch|p1a: Cyclizar|Cyclizar, F|59\/100 psn\n|\n|-damage|p1a: Cyclizar|46\/100 psn|[from] psn\n|upkeep\n|turn|21\n|\n|t:|1698336460\n|move|p1a: Cyclizar|Rapid Spin|p2a: Magearna\n|-resisted|p2a: Magearna\n|-damage|p2a: Magearna|61\/100\n|-boost|p1a: Cyclizar|spe|1\n|-sideend|p1: Celentinel|Toxic Spikes|[from] move: Rapid Spin|[of] p1a: Cyclizar\n|move|p2a: Magearna|Iron Defense|p2a: Magearna\n|-boost|p2a: Magearna|def|2\n|\n|-damage|p1a: Cyclizar|34\/100 psn|[from] psn\n|upkeep\n|turn|22\n|\n|t:|1698336482\n|move|p2a: Magearna|Iron Defense|p2a: Magearna\n|-boost|p2a: Magearna|def|2\n|move|p1a: Cyclizar|Dragon Tail|p2a: Magearna\n|-immune|p2a: Magearna\n|\n|-damage|p1a: Cyclizar|21\/100 psn|[from] psn\n|upkeep\n|turn|23\n|\n|t:|1698336491\n|move|p1a: Cyclizar|Rapid Spin|p2a: Magearna\n|-resisted|p2a: Magearna\n|-damage|p2a: Magearna|58\/100\n|-boost|p1a: Cyclizar|spe|1\n|move|p2a: Magearna|Iron Defense|p2a: Magearna\n|-boost|p2a: Magearna|def|2\n|\n|-damage|p1a: Cyclizar|9\/100 psn|[from] psn\n|upkeep\n|turn|24\n|\n|t:|1698336503\n|move|p1a: Cyclizar|Quick Attack|p2a: Magearna\n|-resisted|p2a: Magearna\n|-damage|p2a: Magearna|56\/100\n|move|p2a: Magearna|Shift Gear|p2a: Magearna\n|-boost|p2a: Magearna|spe|2\n|-boost|p2a: Magearna|atk|1\n|\n|-damage|p1a: Cyclizar|0 fnt|[from] psn\n|faint|p1a: Cyclizar\n|-ability|p2a: Magearna|Soul-Heart|boost\n|-boost|p2a: Magearna|spa|1\n|upkeep\n|\n|t:|1698336512\n|switch|p1a: Palafin|Palafin-Hero, F, shiny|50\/100\n|turn|25\n|\n|t:|1698336516\n|move|p1a: Palafin|Haze|p1a: Palafin\n|-clearallboost\n|move|p2a: Magearna|Draining Kiss|p1a: Palafin\n|-damage|p1a: Palafin|17\/100\n|-heal|p2a: Magearna|84\/100|[from] drain|[of] p1a: Palafin\n|\n|upkeep\n|turn|26\n|\n|t:|1698336529\n|switch|p1a: Rabsca|Rabsca, F, shiny|88\/100 slp\n|move|p2a: Magearna|Draining Kiss|p1a: Rabsca\n|-damage|p1a: Rabsca|56\/100 slp\n|-heal|p2a: Magearna|100\/100|[from] drain|[of] p1a: Rabsca\n|\n|-heal|p1a: Rabsca|62\/100 slp|[from] item: Leftovers\n|upkeep\n|turn|27\n|\n|t:|1698336538\n|move|p2a: Magearna|Iron Defense|p2a: Magearna\n|-boost|p2a: Magearna|def|2\n|cant|p1a: Rabsca|slp\n|move|p1a: Rabsca|Sleep Talk|p1a: Rabsca\n|move|p1a: Rabsca|Revival Blessing|p1a: Rabsca|[from]move: Sleep Talk\n|\n|t:|1698336544\n|-heal|p1: Cyclizar|50\/100|[from] move: Revival Blessing\n|\n|-heal|p1a: Rabsca|69\/100 slp|[from] item: Leftovers\n|upkeep\n|turn|28\n|\n|t:|1698336550\n|move|p2a: Magearna|Draining Kiss|p1a: Rabsca\n|-damage|p1a: Rabsca|40\/100 slp\n|cant|p1a: Rabsca|slp\n|move|p1a: Rabsca|Sleep Talk|p1a: Rabsca\n|move|p1a: Rabsca|Rest||[from]move: Sleep Talk|[still]\n|-fail|p1a: Rabsca\n|\n|-heal|p1a: Rabsca|46\/100 slp|[from] item: Leftovers\n|upkeep\n|turn|29\n|\n|t:|1698336559\n|move|p2a: Magearna|Draining Kiss|p1a: Rabsca\n|-damage|p1a: Rabsca|17\/100 slp\n|-curestatus|p1a: Rabsca|slp|[msg]\n|move|p1a: Rabsca|Rest|p1a: Rabsca\n|-status|p1a: Rabsca|slp|[from] move: Rest\n|-heal|p1a: Rabsca|100\/100 slp|[silent]\n|\n|upkeep\n|turn|30\n|\n|t:|1698336567\n|move|p2a: Magearna|Shift Gear|p2a: Magearna\n|-boost|p2a: Magearna|spe|2\n|-boost|p2a: Magearna|atk|1\n|cant|p1a: Rabsca|slp\n|move|p1a: Rabsca|Sleep Talk|p1a: Rabsca\n|move|p1a: Rabsca|Rest||[from]move: Sleep Talk|[still]\n|-fail|p1a: Rabsca\n|\n|upkeep\n|turn|31\n|\n|t:|1698336577\n|move|p2a: Magearna|Shift Gear|p2a: Magearna\n|-boost|p2a: Magearna|spe|2\n|-boost|p2a: Magearna|atk|1\n|cant|p1a: Rabsca|slp\n|move|p1a: Rabsca|Sleep Talk|p1a: Rabsca\n|move|p1a: Rabsca|Rest||[from]move: Sleep Talk|[still]\n|-fail|p1a: Rabsca\n|\n|upkeep\n|turn|32\n|c|\u2606Celentinel|Bro\n|c|\u2606Celentinel|With how many rests I've gotten this is like a 1\/100000 chance\n|c|\u2606Celentinel|Jesus christ\n|\n|t:|1698336602\n|move|p2a: Magearna|Shift Gear|p2a: Magearna\n|-boost|p2a: Magearna|spe|2\n|-boost|p2a: Magearna|atk|1\n|-curestatus|p1a: Rabsca|slp|[msg]\n|move|p1a: Rabsca|Sleep Talk||[still]\n|-fail|p1a: Rabsca\n|\n|upkeep\n|turn|33\n|\n|t:|1698336618\n|move|p2a: Magearna|Iron Defense|p2a: Magearna\n|-boost|p2a: Magearna|def|2\n|move|p1a: Rabsca|Cosmic Power|p1a: Rabsca\n|-boost|p1a: Rabsca|def|1\n|-boost|p1a: Rabsca|spd|1\n|\n|upkeep\n|turn|34\n|\n|t:|1698336625\n|move|p2a: Magearna|Draining Kiss|p1a: Rabsca\n|-damage|p1a: Rabsca|80\/100\n|move|p1a: Rabsca|Cosmic Power|p1a: Rabsca\n|-boost|p1a: Rabsca|def|1\n|-boost|p1a: Rabsca|spd|1\n|\n|-heal|p1a: Rabsca|86\/100|[from] item: Leftovers\n|upkeep\n|turn|35\n|\n|t:|1698336640\n|move|p2a: Magearna|Iron Defense|p2a: Magearna\n|-boost|p2a: Magearna|def|2\n|move|p1a: Rabsca|Rest|p1a: Rabsca\n|-status|p1a: Rabsca|slp|[from] move: Rest\n|-heal|p1a: Rabsca|100\/100 slp|[silent]\n|\n|upkeep\n|turn|36\n|\n|t:|1698336648\n|switch|p2a: Vaporeon|Vaporeon, F|100\/100\n|-damage|p2a: Vaporeon|88\/100|[from] Stealth Rock\n|-damage|p2a: Vaporeon|63\/100|[from] Spikes\n|switch|p1a: Palafin|Palafin-Hero, F, shiny|17\/100\n|\n|-heal|p2a: Vaporeon|69\/100|[from] item: Leftovers\n|upkeep\n|turn|37\n|\n|t:|1698336664\n|switch|p2a: Toxapex|Toxapex, F|100\/100\n|-damage|p2a: Toxapex|88\/100|[from] Stealth Rock\n|-damage|p2a: Toxapex|63\/100|[from] Spikes\n|move|p1a: Palafin|Close Combat|p2a: Toxapex\n|-resisted|p2a: Toxapex\n|-damage|p2a: Toxapex|43\/100\n|-unboost|p1a: Palafin|def|1\n|-unboost|p1a: Palafin|spd|1\n|-damage|p1a: Palafin|0 fnt|[from] item: Rocky Helmet|[of] p2a: Toxapex\n|faint|p1a: Palafin\n|\n|upkeep\n|\n|t:|1698336677\n|switch|p1a: Cyclizar|Cyclizar, F|50\/100\n|turn|38\n|\n|t:|1698336680\n|switch|p1a: Glimmora|Glimmora, F, shiny|51\/100\n|move|p2a: Toxapex|Toxic|p1a: Glimmora\n|-immune|p1a: Glimmora\n|\n|upkeep\n|turn|39\n|\n|t:|1698336695\n|switch|p1a: Cyclizar|Cyclizar, F|83\/100\n|switch|p2a: Salazzle|Salazzle, F|100\/100\n|-damage|p2a: Salazzle|75\/100|[from] Stealth Rock\n|-damage|p2a: Salazzle|50\/100|[from] Spikes\n|\n|-heal|p2a: Salazzle|57\/100|[from] item: Leftovers\n|upkeep\n|turn|40\n|\n|t:|1698336705\n|move|p2a: Salazzle|Toxic Spikes|p1a: Cyclizar\n|-sidestart|p1: Celentinel|move: Toxic Spikes\n|move|p1a: Cyclizar|Dragon Tail|p2a: Salazzle\n|-damage|p2a: Salazzle|27\/100\n|drag|p2a: Gardevoir|Gardevoir, F, shiny|100\/100\n|-damage|p2a: Gardevoir|88\/100|[from] Stealth Rock\n|-damage|p2a: Gardevoir|63\/100|[from] Spikes\n|-ability|p2a: Gardevoir|Regenerator|[from] ability: Trace|[of] p1a: Cyclizar\n|\n|upkeep\n|turn|41\n|\n|t:|1698336715\n|move|p2a: Gardevoir|Trick|p1a: Cyclizar\n|-activate|p2a: Gardevoir|move: Trick|[of] p1a: Cyclizar\n|-item|p1a: Cyclizar|Choice Scarf|[from] move: Trick\n|-item|p2a: Gardevoir|Focus Sash|[from] move: Trick\n|move|p1a: Cyclizar|Rapid Spin|p2a: Gardevoir\n|-crit|p2a: Gardevoir\n|-damage|p2a: Gardevoir|10\/100\n|-boost|p1a: Cyclizar|spe|1\n|-sideend|p1: Celentinel|Toxic Spikes|[from] move: Rapid Spin|[of] p1a: Cyclizar\n|\n|upkeep\n|turn|42\n|\n|t:|1698336725\n|switch|p2a: Toxapex|Toxapex, F|76\/100\n|-damage|p2a: Toxapex|63\/100|[from] Stealth Rock\n|-damage|p2a: Toxapex|39\/100|[from] Spikes\n|move|p1a: Cyclizar|Rapid Spin|p2a: Toxapex\n|-damage|p2a: Toxapex|21\/100\n|-boost|p1a: Cyclizar|spe|1\n|-damage|p1a: Cyclizar|67\/100|[from] item: Rocky Helmet|[of] p2a: Toxapex\n|\n|upkeep\n|turn|43\n|\n|t:|1698336735\n|move|p2a: Toxapex|Baneful Bunker|p2a: Toxapex\n|-singleturn|p2a: Toxapex|move: Protect\n|move|p1a: Cyclizar|Rapid Spin|p2a: Toxapex\n|-activate|p2a: Toxapex|move: Protect\n|-status|p1a: Cyclizar|psn\n|\n|-damage|p1a: Cyclizar|55\/100 psn|[from] psn\n|upkeep\n|turn|44\n|\n|t:|1698336743\n|move|p1a: Cyclizar|Rapid Spin|p2a: Toxapex\n|-damage|p2a: Toxapex|4\/100\n|-boost|p1a: Cyclizar|spe|1\n|-damage|p1a: Cyclizar|38\/100 psn|[from] item: Rocky Helmet|[of] p2a: Toxapex\n|move|p2a: Toxapex|Recover|p2a: Toxapex\n|-heal|p2a: Toxapex|54\/100\n|\n|-damage|p1a: Cyclizar|26\/100 psn|[from] psn\n|upkeep\n|turn|45\n|\n|t:|1698336751\n|move|p1a: Cyclizar|Rapid Spin|p2a: Toxapex\n|-damage|p2a: Toxapex|35\/100\n|-boost|p1a: Cyclizar|spe|1\n|-damage|p1a: Cyclizar|9\/100 psn|[from] item: Rocky Helmet|[of] p2a: Toxapex\n|move|p2a: Toxapex|Iron Defense|p2a: Toxapex\n|-boost|p2a: Toxapex|def|2\n|\n|-damage|p1a: Cyclizar|0 fnt|[from] psn\n|faint|p1a: Cyclizar\n|upkeep\n|\n|t:|1698336768\n|switch|p1a: Rabsca|Rabsca, F, shiny|100\/100 slp\n|turn|46\n|\n|t:|1698336772\n|cant|p1a: Rabsca|slp\n|move|p1a: Rabsca|Sleep Talk|p1a: Rabsca\n|move|p1a: Rabsca|Cosmic Power|p1a: Rabsca|[from]move: Sleep Talk\n|-boost|p1a: Rabsca|def|1\n|-boost|p1a: Rabsca|spd|1\n|move|p2a: Toxapex|Toxic||[still]\n|-fail|p2a: Toxapex\n|\n|upkeep\n|turn|47\n|\n|t:|1698336782\n|switch|p2a: Meowscarada|Meowscarada, F|100\/100\n|-damage|p2a: Meowscarada|88\/100|[from] Stealth Rock\n|-damage|p2a: Meowscarada|63\/100|[from] Spikes\n|cant|p1a: Rabsca|slp\n|move|p1a: Rabsca|Sleep Talk|p1a: Rabsca\n|move|p1a: Rabsca|Rest||[from]move: Sleep Talk|[still]\n|-fail|p1a: Rabsca\n|\n|upkeep\n|turn|48\n|\n|t:|1698336791\n|move|p2a: Meowscarada|Toxic Spikes|p1a: Rabsca\n|-start|p2a: Meowscarada|typechange|Poison|[from] ability: Protean\n|-sidestart|p1: Celentinel|move: Toxic Spikes\n|-curestatus|p1a: Rabsca|slp|[msg]\n|move|p1a: Rabsca|Rest|p1a: Rabsca\n|-fail|p1a: Rabsca|heal\n|\n|upkeep\n|turn|49\n|\n|t:|1698336799\n|move|p2a: Meowscarada|Leech Seed|p1a: Rabsca\n|-start|p1a: Rabsca|move: Leech Seed\n|move|p1a: Rabsca|Cosmic Power|p1a: Rabsca\n|-boost|p1a: Rabsca|def|1\n|-boost|p1a: Rabsca|spd|1\n|\n|-damage|p1a: Rabsca|88\/100|[from] Leech Seed|[of] p2a: Meowscarada\n|-heal|p2a: Meowscarada|76\/100|[silent]\n|upkeep\n|turn|50\n|\n|t:|1698336807\n|move|p2a: Meowscarada|Double Team|p2a: Meowscarada\n|-boost|p2a: Meowscarada|evasion|1\n|move|p1a: Rabsca|Sleep Talk||[still]\n|-fail|p1a: Rabsca\n|\n|-heal|p1a: Rabsca|94\/100|[from] item: Leftovers\n|-damage|p1a: Rabsca|82\/100|[from] Leech Seed|[of] p2a: Meowscarada\n|-heal|p2a: Meowscarada|88\/100|[silent]\n|upkeep\n|turn|51\n|\n|t:|1698336815\n|move|p2a: Meowscarada|Double Team|p2a: Meowscarada\n|-boost|p2a: Meowscarada|evasion|1\n|move|p1a: Rabsca|Cosmic Power|p1a: Rabsca\n|-boost|p1a: Rabsca|def|1\n|-boost|p1a: Rabsca|spd|1\n|\n|-heal|p1a: Rabsca|88\/100|[from] item: Leftovers\n|-damage|p1a: Rabsca|76\/100|[from] Leech Seed|[of] p2a: Meowscarada\n|-heal|p2a: Meowscarada|99\/100|[silent]\n|upkeep\n|turn|52\n|\n|t:|1698336825\n|move|p2a: Meowscarada|Double Team|p2a: Meowscarada\n|-boost|p2a: Meowscarada|evasion|1\n|move|p1a: Rabsca|Cosmic Power|p1a: Rabsca\n|-boost|p1a: Rabsca|def|1\n|-boost|p1a: Rabsca|spd|1\n|\n|-heal|p1a: Rabsca|82\/100|[from] item: Leftovers\n|-damage|p1a: Rabsca|70\/100|[from] Leech Seed|[of] p2a: Meowscarada\n|-heal|p2a: Meowscarada|100\/100|[silent]\n|upkeep\n|turn|53\n|\n|t:|1698336834\n|move|p2a: Meowscarada|Giga Drain|p1a: Rabsca\n|-resisted|p1a: Rabsca\n|-damage|p1a: Rabsca|67\/100\n|move|p1a: Rabsca|Cosmic Power|p1a: Rabsca\n|-boost|p1a: Rabsca|def|1\n|-boost|p1a: Rabsca|spd|1\n|\n|-heal|p1a: Rabsca|73\/100|[from] item: Leftovers\n|-damage|p1a: Rabsca|60\/100|[from] Leech Seed|[of] p2a: Meowscarada\n|upkeep\n|turn|54\n|\n|t:|1698336846\n|move|p2a: Meowscarada|Toxic Spikes|p1a: Rabsca\n|-sidestart|p1: Celentinel|move: Toxic Spikes\n|move|p1a: Rabsca|Cosmic Power|p1a: Rabsca\n|-boost|p1a: Rabsca|def|1\n|-boost|p1a: Rabsca|spd|1\n|\n|-heal|p1a: Rabsca|67\/100|[from] item: Leftovers\n|-damage|p1a: Rabsca|54\/100|[from] Leech Seed|[of] p2a: Meowscarada\n|upkeep\n|turn|55\n|\n|t:|1698336853\n|move|p2a: Meowscarada|Double Team|p2a: Meowscarada\n|-boost|p2a: Meowscarada|evasion|1\n|move|p1a: Rabsca|Rest|p1a: Rabsca\n|-status|p1a: Rabsca|slp|[from] move: Rest\n|-heal|p1a: Rabsca|100\/100 slp|[silent]\n|\n|-damage|p1a: Rabsca|88\/100 slp|[from] Leech Seed|[of] p2a: Meowscarada\n|upkeep\n|turn|56\n|\n|t:|1698336867\n|move|p2a: Meowscarada|Double Team|p2a: Meowscarada\n|-boost|p2a: Meowscarada|evasion|1\n|cant|p1a: Rabsca|slp\n|move|p1a: Rabsca|Sleep Talk|p1a: Rabsca\n|move|p1a: Rabsca|Rest||[from]move: Sleep Talk|[still]\n|-fail|p1a: Rabsca\n|\n|-heal|p1a: Rabsca|94\/100 slp|[from] item: Leftovers\n|-damage|p1a: Rabsca|82\/100 slp|[from] Leech Seed|[of] p2a: Meowscarada\n|upkeep\n|turn|57\n|c|\u2606Celentinel|JESUS\n|c|\u2606Celentinel|DO SOMETHING ELSE ONCE\n|\n|t:|1698336881\n|move|p2a: Meowscarada|Double Team|p2a: Meowscarada\n|-boost|p2a: Meowscarada|evasion|1\n|cant|p1a: Rabsca|slp\n|move|p1a: Rabsca|Sleep Talk|p1a: Rabsca\n|move|p1a: Rabsca|Cosmic Power|p1a: Rabsca|[from]move: Sleep Talk\n|-boost|p1a: Rabsca|def|0\n|-boost|p1a: Rabsca|spd|0\n|\n|-heal|p1a: Rabsca|88\/100 slp|[from] item: Leftovers\n|-damage|p1a: Rabsca|76\/100 slp|[from] Leech Seed|[of] p2a: Meowscarada\n|upkeep\n|turn|58\n|\n|t:|1698336898\n|move|p2a: Meowscarada|Giga Drain|p1a: Rabsca\n|-resisted|p1a: Rabsca\n|-damage|p1a: Rabsca|74\/100 slp\n|-curestatus|p1a: Rabsca|slp|[msg]\n|move|p1a: Rabsca|Rest|p1a: Rabsca\n|-status|p1a: Rabsca|slp|[from] move: Rest\n|-heal|p1a: Rabsca|100\/100 slp|[silent]\n|\n|-damage|p1a: Rabsca|88\/100 slp|[from] Leech Seed|[of] p2a: Meowscarada\n|upkeep\n|turn|59\n|\n|t:|1698336912\n|switch|p2a: Gardevoir|Gardevoir, F, shiny|43\/100\n|-damage|p2a: Gardevoir|31\/100|[from] Stealth Rock\n|-damage|p2a: Gardevoir|6\/100|[from] Spikes\n|-ability|p2a: Gardevoir|Synchronize|[from] ability: Trace|[of] p1a: Rabsca\n|cant|p1a: Rabsca|slp\n|move|p1a: Rabsca|Sleep Talk|p1a: Rabsca\n|move|p1a: Rabsca|Revival Blessing|p1a: Rabsca|[from]move: Sleep Talk\n|\n|t:|1698336923\n|-heal|p1: Palafin|50\/100|[from] move: Revival Blessing\n|\n|-heal|p1a: Rabsca|94\/100 slp|[from] item: Leftovers\n|-damage|p1a: Rabsca|82\/100 slp|[from] Leech Seed|[of] p2a: Gardevoir\n|-heal|p2a: Gardevoir|19\/100|[silent]\n|upkeep\n|turn|60\n|\n|t:|1698336933\n|move|p2a: Gardevoir|Trick|p1a: Rabsca\n|-activate|p2a: Gardevoir|move: Trick|[of] p1a: Rabsca\n|-item|p1a: Rabsca|Focus Sash|[from] move: Trick\n|-item|p2a: Gardevoir|Leftovers|[from] move: Trick\n|cant|p1a: Rabsca|slp\n|move|p1a: Rabsca|Sleep Talk|p1a: Rabsca\n|move|p1a: Rabsca|Rest||[from]move: Sleep Talk|[still]\n|-fail|p1a: Rabsca\n|\n|-heal|p2a: Gardevoir|25\/100|[from] item: Leftovers\n|-damage|p1a: Rabsca|70\/100 slp|[from] Leech Seed|[of] p2a: Gardevoir\n|-heal|p2a: Gardevoir|38\/100|[silent]\n|upkeep\n|turn|61\n|\n|t:|1698336948\n|switch|p1a: Glimmora|Glimmora, F, shiny|51\/100\n|-sideend|p1: Celentinel|move: Toxic Spikes|[of] p1a: Glimmora\n|move|p2a: Gardevoir|Disable||[still]\n|-fail|p2a: Gardevoir\n|\n|-heal|p2a: Gardevoir|44\/100|[from] item: Leftovers\n|upkeep\n|turn|62\n|\n|t:|1698336959\n|switch|p2a: Toxapex|Toxapex, F|68\/100\n|-damage|p2a: Toxapex|56\/100|[from] Stealth Rock\n|-damage|p2a: Toxapex|31\/100|[from] Spikes\n|move|p1a: Glimmora|Reflect|p1a: Glimmora\n|-sidestart|p1: Celentinel|Reflect\n|\n|upkeep\n|turn|63\n|\n|t:|1698336966\n|switch|p2a: Vaporeon|Vaporeon, F|69\/100\n|-damage|p2a: Vaporeon|57\/100|[from] Stealth Rock\n|-damage|p2a: Vaporeon|32\/100|[from] Spikes\n|move|p1a: Glimmora|Light Screen|p1a: Glimmora\n|-sidestart|p1: Celentinel|move: Light Screen\n|\n|-heal|p2a: Vaporeon|38\/100|[from] item: Leftovers\n|upkeep\n|turn|64\n|\n|t:|1698336976\n|switch|p1a: Palafin|Palafin-Hero, F, shiny|50\/100\n|switch|p2a: Meowscarada|Meowscarada, F|100\/100\n|-damage|p2a: Meowscarada|88\/100|[from] Stealth Rock\n|-damage|p2a: Meowscarada|63\/100|[from] Spikes\n|\n|upkeep\n|turn|65\n|\n|t:|1698336986\n|move|p1a: Palafin|Close Combat|p2a: Meowscarada\n|-supereffective|p2a: Meowscarada\n|-damage|p2a: Meowscarada|0 fnt\n|-unboost|p1a: Palafin|def|1\n|-unboost|p1a: Palafin|spd|1\n|faint|p2a: Meowscarada\n|\n|upkeep\n|\n|t:|1698336992\n|switch|p2a: Magearna|Magearna|100\/100\n|-damage|p2a: Magearna|95\/100|[from] Stealth Rock\n|-damage|p2a: Magearna|70\/100|[from] Spikes\n|turn|66\n|\n|t:|1698336997\n|move|p1a: Palafin|Close Combat|p2a: Magearna\n|-damage|p2a: Magearna|24\/100\n|-unboost|p1a: Palafin|def|1\n|-unboost|p1a: Palafin|spd|1\n|move|p2a: Magearna|Draining Kiss|p1a: Palafin\n|-damage|p1a: Palafin|18\/100\n|-heal|p2a: Magearna|52\/100|[from] drain|[of] p1a: Palafin\n|\n|-sideend|p1: Celentinel|Reflect\n|upkeep\n|turn|67\n|\n|t:|1698337005\n|move|p1a: Palafin|Close Combat|p2a: Magearna\n|-damage|p2a: Magearna|6\/100\n|-unboost|p1a: Palafin|def|1\n|-unboost|p1a: Palafin|spd|1\n|move|p2a: Magearna|Draining Kiss|p1a: Palafin\n|-damage|p1a: Palafin|0 fnt\n|-heal|p2a: Magearna|21\/100|[from] drain|[of] p1a: Palafin\n|faint|p1a: Palafin\n|-ability|p2a: Magearna|Soul-Heart|boost\n|-boost|p2a: Magearna|spa|1\n|\n|-sideend|p1: Celentinel|move: Light Screen\n|upkeep\n|\n|t:|1698337017\n|switch|p1a: Glimmora|Glimmora, F, shiny|51\/100\n|turn|68\n|\n|t:|1698337021\n|move|p1a: Glimmora|Reflect|p1a: Glimmora\n|-sidestart|p1: Celentinel|Reflect\n|move|p2a: Magearna|Pain Split|p1a: Glimmora\n|-sethp|p1a: Glimmora|36\/100|[from] move: Pain Split|[silent]\n|-sethp|p2a: Magearna|36\/100|[from] move: Pain Split\n|\n|upkeep\n|turn|69\n|\n|t:|1698337030\n|move|p1a: Glimmora|Spikes||[still]\n|-fail|p1a: Glimmora\n|move|p2a: Magearna|Draining Kiss|p1a: Glimmora\n|-resisted|p1a: Glimmora\n|-damage|p1a: Glimmora|9\/100\n|-heal|p2a: Magearna|57\/100|[from] drain|[of] p1a: Glimmora\n|\n|upkeep\n|turn|70\n|\n|t:|1698337036\n|move|p1a: Glimmora|Stealth Rock||[still]\n|-fail|p1a: Glimmora\n|move|p2a: Magearna|Draining Kiss|p1a: Glimmora\n|-resisted|p1a: Glimmora\n|-damage|p1a: Glimmora|0 fnt\n|-heal|p2a: Magearna|63\/100|[from] drain|[of] p1a: Glimmora\n|faint|p1a: Glimmora\n|-ability|p2a: Magearna|Soul-Heart|boost\n|-boost|p2a: Magearna|spa|1\n|\n|upkeep\n|\n|t:|1698337044\n|switch|p1a: Rabsca|Rabsca, F, shiny|70\/100 slp\n|turn|71\n|\n|t:|1698337050\n|move|p2a: Magearna|Draining Kiss|p1a: Rabsca\n|-crit|p1a: Rabsca\n|-damage|p1a: Rabsca|0 fnt\n|-heal|p2a: Magearna|100\/100|[from] drain|[of] p1a: Rabsca\n|faint|p1a: Rabsca\n|-ability|p2a: Magearna|Soul-Heart|boost\n|-boost|p2a: Magearna|spa|1\n|\n|upkeep\n|\n|t:|1698337058\n|switch|p1a: Pelipper|Pelipper, F, shiny|100\/100\n|-weather|RainDance|[from] ability: Drizzle|[of] p1a: Pelipper\n|turn|72\n|\n|t:|1698337062\n|move|p1a: Pelipper|Tailwind|p1a: Pelipper\n|-sidestart|p1: Celentinel|move: Tailwind\n|move|p2a: Magearna|Iron Defense|p2a: Magearna\n|-boost|p2a: Magearna|def|2\n|\n|-weather|RainDance|[upkeep]\n|-sideend|p1: Celentinel|Reflect\n|upkeep\n|turn|73\n|\n|t:|1698337070\n|switch|p1a: Basculegion|Basculegion, M, shiny|100\/100\n|move|p2a: Magearna|Shift Gear|p2a: Magearna\n|-boost|p2a: Magearna|spe|2\n|-boost|p2a: Magearna|atk|1\n|\n|-weather|RainDance|[upkeep]\n|upkeep\n|turn|74\n|\n|t:|1698337077\n|move|p1a: Basculegion|Last Respects|p2a: Magearna\n|-damage|p2a: Magearna|22\/100\n|move|p2a: Magearna|Draining Kiss|p1a: Basculegion\n|-damage|p1a: Basculegion|5\/100\n|-heal|p2a: Magearna|100\/100|[from] drain|[of] p1a: Basculegion\n|\n|-weather|RainDance|[upkeep]\n|upkeep\n|turn|75\n|c|\u2606Celentinel|UGH\n|c|\u2606Celentinel|Your team is really fucking annoying\n|\n|t:|1698337097\n|move|p1a: Basculegion|Last Respects|p2a: Magearna\n|-damage|p2a: Magearna|15\/100\n|move|p2a: Magearna|Draining Kiss|p1a: Basculegion\n|-damage|p1a: Basculegion|0 fnt\n|-heal|p2a: Magearna|19\/100|[from] drain|[of] p1a: Basculegion\n|faint|p1a: Basculegion\n|-ability|p2a: Magearna|Soul-Heart|boost\n|-boost|p2a: Magearna|spa|1\n|\n|-weather|RainDance|[upkeep]\n|-sideend|p1: Celentinel|move: Tailwind\n|upkeep\n|-message|Celentinel forfeited.\n|\n|win|yo_joni\n|raw|Celentinel's rating: 1153 &rarr; <strong>1133<\/strong><br \/>(-20 for losing)\n|raw|yo_joni's rating: 1229 &rarr; <strong>1249<\/strong><br \/>(+20 for winning)\n|l|\u2606Celentinel\n","uploadtime":1698337097,"views":6,"p1id":"celentinel","p2id":"yojoni","formatid":"gen9anythinggoes","rating":1133,"private":0,"password":""}