{"id":"gen9anythinggoes-1989233890","p1":"Arl1ndalex","p2":"username234890","format":"[Gen 9] Anything Goes","log":"|j|\u2606Arl1ndalex\n|j|\u203dusername234890\n|t:|1699826255\n|gametype|singles\n|player|p1|Arl1ndalex|pokekid|1102\n|player|p2|username234890|169|1000\n|teamsize|p1|6\n|teamsize|p2|6\n|gen|9\n|tier|[Gen 9] Anything Goes\n|rated|\n|rule|HP Percentage Mod: HP is shown in percentages\n|rule|Endless Battle Clause: Forcing endless battles is banned\n|clearpoke\n|poke|p1|Glimmora, F|\n|poke|p1|Espeon, F|\n|poke|p1|Jolteon, F|\n|poke|p1|Vaporeon, F|\n|poke|p1|Umbreon, F|\n|poke|p1|Sylveon, F|\n|poke|p2|Slowking-Galar, F|\n|poke|p2|Ursaluna-Bloodmoon, M|\n|poke|p2|Froslass, F|\n|poke|p2|Lilligant-Hisui, F|\n|poke|p2|Ninetales, F|\n|poke|p2|Ditto|\n|teampreview\n|inactive|Battle timer is ON: inactive players will automatically lose when time's up. (requested by Arl1ndalex)\n|\n|t:|1699826260\n|start\n|switch|p1a: Bait|Glimmora, F, shiny|100\/100\n|switch|p2a: Slowking|Slowking-Galar, F|100\/100\n|turn|1\n|\n|t:|1699826265\n|-terastallize|p1a: Bait|Rock\n|move|p1a: Bait|Mortal Spin|p2a: Slowking\n|-resisted|p2a: Slowking\n|-damage|p2a: Slowking|98\/100\n|-status|p2a: Slowking|psn\n|move|p2a: Slowking|Chilly Reception|p2a: Slowking\n|-weather|Snow\n|\n|t:|1699826273\n|switch|p2a: Froslass|Froslass, F|100\/100|[from] Chilly Reception\n|\n|-weather|Snow|[upkeep]\n|upkeep\n|turn|2\n|\n|t:|1699826278\n|move|p1a: Bait|Mortal Spin|p2a: Froslass\n|-resisted|p2a: Froslass\n|-damage|p2a: Froslass|98\/100\n|-status|p2a: Froslass|psn\n|move|p2a: Froslass|Aurora Veil|p2a: Froslass\n|-sidestart|p2: username234890|move: Aurora Veil\n|\n|-weather|Snow|[upkeep]\n|-damage|p2a: Froslass|86\/100 psn|[from] psn\n|upkeep\n|turn|3\n|\n|t:|1699826287\n|move|p1a: Bait|Spikes|p2a: Froslass\n|-sidestart|p2: username234890|Spikes\n|move|p2a: Froslass|Reflect|p2a: Froslass\n|-sidestart|p2: username234890|Reflect\n|\n|-weather|Snow|[upkeep]\n|-damage|p2a: Froslass|74\/100 psn|[from] psn\n|upkeep\n|turn|4\n|\n|t:|1699826295\n|move|p1a: Bait|Spikes|p2a: Froslass\n|-sidestart|p2: username234890|Spikes\n|move|p2a: Froslass|Light Screen|p2a: Froslass\n|-sidestart|p2: username234890|move: Light Screen\n|\n|-weather|Snow|[upkeep]\n|-damage|p2a: Froslass|61\/100 psn|[from] psn\n|upkeep\n|turn|5\n|\n|t:|1699826303\n|switch|p2a: Lilligant|Lilligant-Hisui, F|100\/100\n|-damage|p2a: Lilligant|84\/100|[from] Spikes\n|move|p1a: Bait|Spikes|p2a: Lilligant\n|-sidestart|p2: username234890|Spikes\n|\n|-weather|none\n|upkeep\n|turn|6\n|inactive|Arl1ndalex has 120 seconds left.\n|\n|t:|1699826333\n|move|p2a: Lilligant|Victory Dance|p2a: Lilligant\n|-boost|p2a: Lilligant|atk|1\n|-boost|p2a: Lilligant|def|1\n|-boost|p2a: Lilligant|spe|1\n|move|p1a: Bait|Stealth Rock|p2a: Lilligant\n|-sidestart|p2: username234890|move: Stealth Rock\n|\n|upkeep\n|turn|7\n|\n|t:|1699826349\n|move|p2a: Lilligant|Axe Kick|p1a: Bait\n|-supereffective|p1a: Bait\n|-damage|p1a: Bait|0 fnt\n|faint|p1a: Bait\n|-damage|p2a: Lilligant|74\/100|[from] item: Life Orb\n|\n|upkeep\n|\n|t:|1699826356\n|switch|p1a: Jolteon|Jolteon, F, shiny|100\/100\n|turn|8\n|inactive|username234890 has 120 seconds left.\n|\n|t:|1699826388\n|move|p2a: Lilligant|Axe Kick|p1a: Jolteon\n|-damage|p1a: Jolteon|0 fnt\n|faint|p1a: Jolteon\n|-damage|p2a: Lilligant|64\/100|[from] item: Life Orb\n|\n|upkeep\n|\n|t:|1699826396\n|switch|p1a: Sylveon|Sylveon, F, shiny|100\/100\n|turn|9\n|inactive|username234890 has 120 seconds left.\n|inactive|username234890 has 90 seconds left.\n|inactive|username234890 has 60 seconds left.\n|\n|t:|1699826472\n|move|p2a: Lilligant|Solar Blade||[still]\n|-prepare|p2a: Lilligant|Solar Blade\n|move|p1a: Sylveon|Hyper Voice|p2a: Lilligant\n|-supereffective|p2a: Lilligant\n|-damage|p2a: Lilligant|0 fnt\n|faint|p2a: Lilligant\n|\n|-sideend|p2: username234890|move: Aurora Veil\n|upkeep\n|inactive|username234890 has 60 seconds left.\n|\n|t:|1699826492\n|switch|p2a: Ninetales|Ninetales, F|100\/100\n|-damage|p2a: Ninetales|76\/100|[from] Spikes\n|-damage|p2a: Ninetales|51\/100|[from] Stealth Rock\n|-weather|SunnyDay|[from] ability: Drought|[of] p2a: Ninetales\n|turn|10\n|\n|t:|1699826499\n|move|p2a: Ninetales|Nasty Plot|p2a: Ninetales\n|-boost|p2a: Ninetales|spa|2\n|move|p1a: Sylveon|Hyper Voice|p2a: Ninetales\n|-resisted|p2a: Ninetales\n|-damage|p2a: Ninetales|34\/100\n|\n|-weather|SunnyDay|[upkeep]\n|-sideend|p2: username234890|Reflect\n|upkeep\n|turn|11\n|inactive|username234890 has 60 seconds left.\n|\n|t:|1699826507\n|move|p2a: Ninetales|Agility|p2a: Ninetales\n|-boost|p2a: Ninetales|spe|2\n|move|p1a: Sylveon|Reflect|p1a: Sylveon\n|-sidestart|p1: Arl1ndalex|Reflect\n|\n|-weather|SunnyDay|[upkeep]\n|-sideend|p2: username234890|move: Light Screen\n|upkeep\n|turn|12\n|\n|t:|1699826515\n|move|p2a: Ninetales|Weather Ball|p1a: Sylveon\n|-damage|p1a: Sylveon|12\/100\n|move|p1a: Sylveon|Yawn|p2a: Ninetales\n|-start|p2a: Ninetales|move: Yawn|[of] p1a: Sylveon\n|\n|-weather|SunnyDay|[upkeep]\n|upkeep\n|turn|13\n|\n|t:|1699826526\n|move|p2a: Ninetales|Weather Ball|p1a: Sylveon\n|-damage|p1a: Sylveon|0 fnt\n|faint|p1a: Sylveon\n|\n|-weather|SunnyDay|[upkeep]\n|-end|p2a: Ninetales|move: Yawn|[silent]\n|-status|p2a: Ninetales|slp\n|upkeep\n|\n|t:|1699826533\n|switch|p1a: Espeon|Espeon, F, shiny|100\/100\n|turn|14\n|\n|t:|1699826544\n|cant|p2a: Ninetales|slp\n|move|p1a: Espeon|Calm Mind|p1a: Espeon\n|-boost|p1a: Espeon|spa|1\n|-boost|p1a: Espeon|spd|1\n|\n|-weather|SunnyDay|[upkeep]\n|upkeep\n|turn|15\n|\n|t:|1699826550\n|cant|p2a: Ninetales|slp\n|move|p1a: Espeon|Hyper Voice|p2a: Ninetales\n|-damage|p2a: Ninetales|0 fnt\n|faint|p2a: Ninetales\n|\n|-weather|SunnyDay|[upkeep]\n|-sideend|p1: Arl1ndalex|Reflect\n|upkeep\n|\n|t:|1699826566\n|switch|p2a: Slowking|Slowking-Galar, F|98\/100 psn\n|-damage|p2a: Slowking|73\/100 psn|[from] Spikes\n|-damage|p2a: Slowking|60\/100 psn|[from] Stealth Rock\n|turn|16\n|\n|t:|1699826585\n|move|p1a: Espeon|Psychic|p2a: Slowking\n|-damage|p2a: Slowking|14\/100 psn\n|move|p2a: Slowking|Nasty Plot|p2a: Slowking\n|-boost|p2a: Slowking|spa|2\n|\n|-weather|SunnyDay|[upkeep]\n|-damage|p2a: Slowking|2\/100 psn|[from] psn\n|upkeep\n|turn|17\n|\n|t:|1699826595\n|move|p1a: Espeon|Calm Mind|p1a: Espeon\n|-boost|p1a: Espeon|spa|1\n|-boost|p1a: Espeon|spd|1\n|move|p2a: Slowking|Psychic|p1a: Espeon\n|-resisted|p1a: Espeon\n|-damage|p1a: Espeon|72\/100\n|\n|-weather|none\n|-damage|p2a: Slowking|0 fnt|[from] psn\n|faint|p2a: Slowking\n|upkeep\n|\n|t:|1699826603\n|switch|p2a: Froslass|Froslass, F|61\/100 psn\n|-damage|p2a: Froslass|36\/100 psn|[from] Spikes\n|-damage|p2a: Froslass|12\/100 psn|[from] Stealth Rock\n|turn|18\n|\n|t:|1699826608\n|move|p1a: Espeon|Dazzling Gleam|p2a: Froslass\n|-damage|p2a: Froslass|0 fnt\n|faint|p2a: Froslass\n|\n|upkeep\n|\n|t:|1699826618\n|switch|p2a: Ditto|Ditto|100\/100\n|-damage|p2a: Ditto|75\/100|[from] Spikes\n|-damage|p2a: Ditto|63\/100|[from] Stealth Rock\n|-transform|p2a: Ditto|p1a: Espeon|[from] ability: Imposter\n|turn|19\n|inactive|username234890 has 90 seconds left.\n|\n|t:|1699826632\n|move|p2a: Ditto|Dazzling Gleam|p1a: Espeon\n|-damage|p1a: Espeon|41\/100\n|move|p1a: Espeon|Hyper Voice|p2a: Ditto\n|-damage|p2a: Ditto|30\/100\n|\n|upkeep\n|turn|20\n|inactive|username234890 has 90 seconds left.\n|\n|t:|1699826642\n|move|p2a: Ditto|Dazzling Gleam|p1a: Espeon\n|-damage|p1a: Espeon|14\/100\n|move|p1a: Espeon|Hyper Voice|p2a: Ditto\n|-damage|p2a: Ditto|1\/100\n|\n|upkeep\n|turn|21\n|\n|t:|1699826648\n|move|p2a: Ditto|Dazzling Gleam|p1a: Espeon\n|-damage|p1a: Espeon|0 fnt\n|faint|p1a: Espeon\n|\n|upkeep\n|\n|t:|1699826650\n|switch|p1a: Vaporeon|Vaporeon, F, shiny|100\/100\n|turn|22\n|\n|t:|1699826655\n|move|p2a: Ditto|Dazzling Gleam|p1a: Vaporeon\n|-damage|p1a: Vaporeon|63\/100\n|move|p1a: Vaporeon|Rain Dance|p1a: Vaporeon\n|-weather|RainDance\n|\n|-weather|RainDance|[upkeep]\n|upkeep\n|turn|23\n|\n|t:|1699826661\n|move|p2a: Ditto|Dazzling Gleam|p1a: Vaporeon\n|-damage|p1a: Vaporeon|23\/100\n|move|p1a: Vaporeon|Scald|p2a: Ditto\n|-damage|p2a: Ditto|0 fnt\n|faint|p2a: Ditto\n|\n|-weather|RainDance|[upkeep]\n|upkeep\n|\n|t:|1699826666\n|switch|p2a: Ursaluna|Ursaluna-Bloodmoon, M|100\/100\n|-damage|p2a: Ursaluna|76\/100|[from] Spikes\n|-damage|p2a: Ursaluna|70\/100|[from] Stealth Rock\n|turn|24\n|\n|t:|1699826672\n|-terastallize|p2a: Ursaluna|Ground\n|move|p2a: Ursaluna|Protect|p2a: Ursaluna\n|-singleturn|p2a: Ursaluna|Protect\n|move|p1a: Vaporeon|Scald|p2a: Ursaluna\n|-activate|p2a: Ursaluna|move: Protect\n|\n|-weather|RainDance|[upkeep]\n|-heal|p2a: Ursaluna|76\/100|[from] item: Leftovers\n|upkeep\n|turn|25\n|\n|t:|1699826679\n|move|p1a: Vaporeon|Scald|p2a: Ursaluna\n|-supereffective|p2a: Ursaluna\n|-damage|p2a: Ursaluna|0 fnt\n|faint|p2a: Ursaluna\n|\n|win|Arl1ndalex\n|raw|Arl1ndalex's rating: 1102 &rarr; <strong>1120<\/strong><br \/>(+18 for winning)\n|raw|username234890's rating: 1000 &rarr; <strong>1000<\/strong><br \/>(+0 for losing)\n|l|\u2606Arl1ndalex\n","uploadtime":1699826779,"views":35,"p1id":"arl1ndalex","p2id":"username234890","formatid":"gen9anythinggoes","rating":1000,"private":0,"password":""}