{"id":"gen9anythinggoes-1973514921","p1":"Rowan_Rocket","p2":"krummshot","format":"[Gen 9] Anything Goes","log":"|j|\u2606Rowan_Rocket\n|j|\u2606krummshot\n|t:|1697985947\n|gametype|singles\n|player|p1|Rowan_Rocket|rocketgrunt|1119\n|player|p2|krummshot|101|1037\n|teamsize|p1|6\n|teamsize|p2|6\n|gen|9\n|tier|[Gen 9] Anything Goes\n|rated|\n|rule|HP Percentage Mod: HP is shown in percentages\n|rule|Endless Battle Clause: Forcing endless battles is banned\n|clearpoke\n|poke|p1|Farigiraf, F|\n|poke|p1|Wyrdeer, F|\n|poke|p1|Ursaluna, M|\n|poke|p1|Grafaiai, F|\n|poke|p1|Zoroark-Hisui, M|\n|poke|p1|Ambipom, F|\n|poke|p2|Greninja-*, M|\n|poke|p2|Mew|\n|poke|p2|Skeledirge, M|\n|poke|p2|Leafeon, M|\n|poke|p2|Sylveon, F|\n|poke|p2|Lucario, M|\n|teampreview\n|\n|t:|1697985958\n|start\n|switch|p1a: Grafaiai|Grafaiai, F|100\/100\n|switch|p2a: Skeledirge|Skeledirge, M, shiny|100\/100\n|turn|1\n|\n|t:|1697985983\n|move|p1a: Grafaiai|Switcheroo|p2a: Skeledirge\n|-activate|p1a: Grafaiai|move: Trick|[of] p2a: Skeledirge\n|-item|p2a: Skeledirge|Black Sludge|[from] move: Switcheroo\n|-item|p1a: Grafaiai|Spooky Plate|[from] move: Switcheroo\n|move|p2a: Skeledirge|Flamethrower|p1a: Grafaiai\n|-damage|p1a: Grafaiai|40\/100\n|\n|-damage|p2a: Skeledirge|88\/100|[from] item: Black Sludge\n|upkeep\n|turn|2\n|\n|t:|1697985999\n|move|p1a: Grafaiai|Parting Shot|p2a: Skeledirge\n|-unboost|p2a: Skeledirge|atk|1\n|-unboost|p2a: Skeledirge|spa|1\n|\n|t:|1697986003\n|switch|p1a: Ursaluna|Ursaluna, M|100\/100|[from] Parting Shot\n|move|p2a: Skeledirge|Flamethrower|p1a: Ursaluna\n|-damage|p1a: Ursaluna|82\/100\n|\n|-damage|p2a: Skeledirge|76\/100|[from] item: Black Sludge\n|-status|p1a: Ursaluna|brn|[from] item: Flame Orb\n|upkeep\n|turn|3\n|\n|t:|1697986029\n|move|p2a: Skeledirge|Poltergeist|p1a: Ursaluna\n|-immune|p1a: Ursaluna\n|move|p1a: Ursaluna|Trailblaze|p2a: Skeledirge\n|-resisted|p2a: Skeledirge\n|-damage|p2a: Skeledirge|61\/100\n|-boost|p1a: Ursaluna|spe|1\n|\n|-damage|p2a: Skeledirge|48\/100|[from] item: Black Sludge\n|-damage|p1a: Ursaluna|76\/100 brn|[from] brn\n|upkeep\n|turn|4\n|\n|t:|1697986045\n|switch|p2a: Lucario|Lucario, M|100\/100\n|move|p1a: Ursaluna|Trailblaze|p2a: Lucario\n|-resisted|p2a: Lucario\n|-damage|p2a: Lucario|82\/100\n|-boost|p1a: Ursaluna|spe|1\n|\n|-heal|p2a: Lucario|88\/100|[from] item: Leftovers\n|-damage|p1a: Ursaluna|69\/100 brn|[from] brn\n|upkeep\n|turn|5\n|\n|t:|1697986067\n|-terastallize|p1a: Ursaluna|Ground\n|move|p1a: Ursaluna|Drain Punch|p2a: Lucario\n|-supereffective|p2a: Lucario\n|-damage|p2a: Lucario|0 fnt\n|-heal|p1a: Ursaluna|99\/100 brn|[from] drain|[of] p2a: Lucario\n|faint|p2a: Lucario\n|\n|-damage|p1a: Ursaluna|94\/100 brn|[from] brn\n|upkeep\n|\n|t:|1697986111\n|switch|p2a: Sylveon|Sylveon, F|100\/100\n|turn|6\n|\n|t:|1697986119\n|move|p1a: Ursaluna|Facade|p2a: Sylveon\n|-damage|p2a: Sylveon|0 fnt\n|-start|p1a: Ursaluna|Attract|[from] ability: Cute Charm|[of] p2a: Sylveon\n|faint|p2a: Sylveon\n|-end|p1a: Ursaluna|Attract|[silent]\n|\n|-damage|p1a: Ursaluna|88\/100 brn|[from] brn\n|upkeep\n|\n|t:|1697986133\n|switch|p2a: Greninja|Greninja, M|100\/100\n|turn|7\n|\n|t:|1697986151\n|switch|p1a: Farigiraf|Farigiraf, F|100\/100\n|move|p2a: Greninja|Low Kick|p1a: Farigiraf|[miss]\n|-miss|p2a: Greninja|p1a: Farigiraf\n|\n|upkeep\n|turn|8\n|\n|t:|1697986162\n|move|p2a: Greninja|Low Kick|p1a: Farigiraf\n|-damage|p1a: Farigiraf|86\/100\n|move|p1a: Farigiraf|Wish|p1a: Farigiraf\n|\n|upkeep\n|turn|9\n|\n|t:|1697986169\n|move|p2a: Greninja|Night Slash|p1a: Farigiraf\n|-supereffective|p1a: Farigiraf\n|-crit|p1a: Farigiraf\n|-damage|p1a: Farigiraf|35\/100\n|move|p1a: Farigiraf|Calm Mind|p1a: Farigiraf\n|-boost|p1a: Farigiraf|spa|1\n|-boost|p1a: Farigiraf|spd|1\n|\n|-heal|p1a: Farigiraf|85\/100|[from] move: Wish|[wisher] Farigiraf\n|upkeep\n|turn|10\n|\n|t:|1697986180\n|move|p2a: Greninja|Night Slash|p1a: Farigiraf\n|-supereffective|p1a: Farigiraf\n|-damage|p1a: Farigiraf|55\/100\n|move|p1a: Farigiraf|Wish|p1a: Farigiraf\n|\n|upkeep\n|turn|11\n|\n|t:|1697986198\n|move|p2a: Greninja|Night Slash|p1a: Farigiraf\n|-supereffective|p1a: Farigiraf\n|-damage|p1a: Farigiraf|23\/100\n|move|p1a: Farigiraf|Baton Pass|p1a: Farigiraf\n|\n|t:|1697986204\n|switch|p1a: Wyrdeer|Wyrdeer, F|100\/100|[from] Baton Pass\n|\n|upkeep\n|turn|12\n|\n|t:|1697986211\n|move|p2a: Greninja|Night Slash|p1a: Wyrdeer\n|-supereffective|p1a: Wyrdeer\n|-damage|p1a: Wyrdeer|60\/100\n|move|p1a: Wyrdeer|Trailblaze|p2a: Greninja\n|-supereffective|p2a: Greninja\n|-damage|p2a: Greninja|74\/100\n|-boost|p1a: Wyrdeer|spe|1\n|\n|-heal|p1a: Wyrdeer|66\/100|[from] item: Leftovers\n|upkeep\n|turn|13\n|\n|t:|1697986223\n|move|p2a: Greninja|Night Slash|p1a: Wyrdeer\n|-supereffective|p1a: Wyrdeer\n|-damage|p1a: Wyrdeer|27\/100\n|move|p1a: Wyrdeer|Lunge|p2a: Greninja\n|-supereffective|p2a: Greninja\n|-damage|p2a: Greninja|32\/100\n|-unboost|p2a: Greninja|atk|1\n|\n|-heal|p1a: Wyrdeer|33\/100|[from] item: Leftovers\n|upkeep\n|turn|14\n|\n|t:|1697986235\n|move|p2a: Greninja|Night Slash|p1a: Wyrdeer\n|-supereffective|p1a: Wyrdeer\n|-damage|p1a: Wyrdeer|5\/100\n|move|p1a: Wyrdeer|Lunge|p2a: Greninja\n|-supereffective|p2a: Greninja\n|-damage|p2a: Greninja|0 fnt\n|faint|p2a: Greninja\n|\n|-heal|p1a: Wyrdeer|11\/100|[from] item: Leftovers\n|upkeep\n|\n|t:|1697986246\n|switch|p2a: Leafeon|Leafeon, M|100\/100\n|turn|15\n|\n|t:|1697986251\n|move|p1a: Wyrdeer|Psyshield Bash|p2a: Leafeon\n|-damage|p2a: Leafeon|75\/100\n|-boost|p1a: Wyrdeer|def|1\n|move|p2a: Leafeon|Sunny Day|p2a: Leafeon\n|-weather|SunnyDay\n|\n|-weather|SunnyDay|[upkeep]\n|-heal|p1a: Wyrdeer|17\/100|[from] item: Leftovers\n|upkeep\n|turn|16\n|\n|t:|1697986267\n|move|p2a: Leafeon|Solar Blade||[still]\n|-prepare|p2a: Leafeon|Solar Blade\n|-anim|p2a: Leafeon|Solar Blade|p1a: Wyrdeer\n|-ability|p1a: Wyrdeer|Sap Sipper|boost\n|-boost|p1a: Wyrdeer|atk|1\n|move|p1a: Wyrdeer|Psyshield Bash|p2a: Leafeon\n|-damage|p2a: Leafeon|34\/100\n|-boost|p1a: Wyrdeer|def|1\n|\n|-weather|SunnyDay|[upkeep]\n|-heal|p1a: Wyrdeer|23\/100|[from] item: Leftovers\n|upkeep\n|turn|17\n|\n|t:|1697986283\n|move|p2a: Leafeon|Solar Blade||[still]\n|-prepare|p2a: Leafeon|Solar Blade\n|-anim|p2a: Leafeon|Solar Blade|p1a: Wyrdeer\n|-ability|p1a: Wyrdeer|Sap Sipper|boost\n|-boost|p1a: Wyrdeer|atk|1\n|move|p1a: Wyrdeer|Trailblaze|p2a: Leafeon\n|-resisted|p2a: Leafeon\n|-damage|p2a: Leafeon|22\/100\n|-boost|p1a: Wyrdeer|spe|1\n|\n|-weather|SunnyDay|[upkeep]\n|-heal|p1a: Wyrdeer|29\/100|[from] item: Leftovers\n|upkeep\n|turn|18\n|\n|t:|1697986300\n|move|p2a: Leafeon|Giga Drain|p1a: Wyrdeer\n|-ability|p1a: Wyrdeer|Sap Sipper|boost\n|-boost|p1a: Wyrdeer|atk|1\n|move|p1a: Wyrdeer|Trailblaze|p2a: Leafeon\n|-resisted|p2a: Leafeon\n|-damage|p2a: Leafeon|6\/100\n|-boost|p1a: Wyrdeer|spe|1\n|\n|-weather|SunnyDay|[upkeep]\n|-heal|p1a: Wyrdeer|35\/100|[from] item: Leftovers\n|upkeep\n|turn|19\n|c|\u2606krummshot|ggs nice team\n|-message|krummshot forfeited.\n|\n|win|Rowan_Rocket\n|raw|Rowan_Rocket's rating: 1119 &rarr; <strong>1138<\/strong><br \/>(+19 for winning)\n|raw|krummshot's rating: 1037 &rarr; <strong>1025<\/strong><br \/>(-12 for losing)\n|l|\u2606krummshot\n","uploadtime":1697986332,"views":17,"p1id":"rowanrocket","p2id":"krummshot","formatid":"gen9anythinggoes","rating":1025,"private":0,"password":""}