{"id":"gen9anythinggoes-1985526679","p1":"YutoXD","p2":"loch2009","format":"[Gen 9] Anything Goes","log":"|j|\u2606YutoXD\n|j|\u2606loch2009\n|t:|1699381915\n|gametype|singles\n|player|p1|YutoXD|2|1161\n|player|p2|loch2009|lance|1242\n|teamsize|p1|6\n|teamsize|p2|6\n|gen|9\n|tier|[Gen 9] Anything Goes\n|rated|\n|rule|HP Percentage Mod: HP is shown in percentages\n|rule|Endless Battle Clause: Forcing endless battles is banned\n|clearpoke\n|poke|p1|Shaymin-Sky|\n|poke|p1|Sneasler, M|\n|poke|p1|Ninetales-Alola, F|\n|poke|p1|Infernape, M|\n|poke|p1|Zoroark, F|\n|poke|p1|Cresselia, F|\n|poke|p2|Annihilape, F|\n|poke|p2|Annihilape, M|\n|poke|p2|Annihilape, F|\n|poke|p2|Annihilape, F|\n|poke|p2|Annihilape, F|\n|poke|p2|Ditto|\n|teampreview\n|\n|t:|1699381929\n|start\n|switch|p1a: Infernape|Infernape, M|100\/100\n|switch|p2a: Annihilape|Annihilape, F|100\/100\n|turn|1\n|\n|t:|1699381940\n|move|p2a: Annihilape|Final Gambit|p1a: Infernape\n|-damage|p1a: Infernape|0 fnt\n|replace|p1a: Zoroark|Zoroark, F\n|-end|p1a: Zoroark|Illusion\n|faint|p2a: Annihilape\n|faint|p1a: Zoroark\n|\n|upkeep\n|\n|t:|1699381949\n|switch|p1a: Cresselia|Cresselia, F, shiny|100\/100\n|switch|p2a: Annihilape|Annihilape, M|100\/100\n|turn|2\n|\n|t:|1699381957\n|move|p2a: Annihilape|Final Gambit|p1a: Cresselia\n|-damage|p1a: Cresselia|5\/100\n|faint|p2a: Annihilape\n|move|p1a: Cresselia|Double Team|p1a: Cresselia\n|-boost|p1a: Cresselia|evasion|1\n|\n|-heal|p1a: Cresselia|11\/100|[from] item: Leftovers\n|upkeep\n|\n|t:|1699381966\n|switch|p2a: Annihilape|Annihilape, F|100\/100\n|turn|3\n|\n|t:|1699381972\n|move|p2a: Annihilape|Final Gambit|p1a: Cresselia\n|-damage|p1a: Cresselia|0 fnt\n|faint|p2a: Annihilape\n|faint|p1a: Cresselia\n|\n|upkeep\n|\n|t:|1699381987\n|switch|p2a: Annihilape|Annihilape, F|100\/100\n|switch|p1a: Sneasler|Sneasler, M|100\/100\n|turn|4\n|\n|t:|1699381997\n|move|p2a: Annihilape|Final Gambit|p1a: Sneasler\n|-damage|p1a: Sneasler|0 fnt\n|faint|p2a: Annihilape\n|faint|p1a: Sneasler\n|\n|upkeep\n|\n|t:|1699382003\n|switch|p1a: Ninetales|Ninetales-Alola, F|100\/100\n|switch|p2a: Annihilape|Annihilape, F|100\/100\n|-weather|Snow|[from] ability: Snow Warning|[of] p1a: Ninetales\n|turn|5\n|\n|t:|1699382011\n|move|p1a: Ninetales|Ice Shard|p2a: Annihilape\n|-damage|p2a: Annihilape|91\/100\n|move|p2a: Annihilape|Final Gambit|p1a: Ninetales\n|-damage|p1a: Ninetales|0 fnt\n|faint|p2a: Annihilape\n|faint|p1a: Ninetales\n|\n|-weather|Snow|[upkeep]\n|upkeep\n|\n|t:|1699382020\n|switch|p1a: Shaymin|Shaymin-Sky|100\/100\n|switch|p2a: Ditto|Ditto|100\/100\n|-transform|p2a: Ditto|p1a: Shaymin|[from] ability: Imposter\n|turn|6\n|\n|t:|1699382046\n|move|p2a: Ditto|Air Slash|p1a: Shaymin\n|-supereffective|p1a: Shaymin\n|-damage|p1a: Shaymin|7\/100\n|-enditem|p1a: Shaymin|Iapapa Berry|[eat]\n|-heal|p1a: Shaymin|40\/100|[from] item: Iapapa Berry\n|cant|p1a: Shaymin|flinch\n|\n|-weather|Snow|[upkeep]\n|upkeep\n|turn|7\n|\n|t:|1699382078\n|move|p2a: Ditto|Air Slash|p1a: Shaymin\n|-supereffective|p1a: Shaymin\n|-damage|p1a: Shaymin|0 fnt\n|faint|p1a: Shaymin\n|\n|-weather|Snow|[upkeep]\n|upkeep\n|\n|t:|1699382083\n|switch|p1a: Infernape|Infernape, M|100\/100\n|turn|8\n|\n|t:|1699382090\n|move|p2a: Ditto|Air Slash|p1a: Infernape\n|-supereffective|p1a: Infernape\n|-enditem|p1a: Infernape|Focus Sash\n|-damage|p1a: Infernape|1\/100\n|cant|p1a: Infernape|flinch\n|\n|-weather|Snow|[upkeep]\n|upkeep\n|turn|9\n|-message|YutoXD forfeited.\n|\n|win|loch2009\n|raw|YutoXD's rating: 1161 &rarr; <strong>1142<\/strong><br \/>(-19 for losing)\n|raw|loch2009's rating: 1242 &rarr; <strong>1261<\/strong><br \/>(+19 for winning)\n|l|\u2606YutoXD\n|c|\u2606loch2009|gg\n","uploadtime":1699382111,"views":6,"p1id":"yutoxd","p2id":"loch2009","formatid":"gen9anythinggoes","rating":1142,"private":0,"password":""}