{"id":"gen9anythinggoes-1990067827","p1":"Rowan_Rocket","p2":"Ninjacarlos3","format":"[Gen 9] Anything Goes","log":"|j|\u2606Rowan_Rocket\n|j|\u2606Ninjacarlos3\n|t:|1699921068\n|gametype|singles\n|player|p1|Rowan_Rocket|rocketgruntf|1121\n|player|p2|Ninjacarlos3|169|1088\n|teamsize|p1|6\n|teamsize|p2|6\n|gen|9\n|tier|[Gen 9] Anything Goes\n|rated|\n|rule|HP Percentage Mod: HP is shown in percentages\n|rule|Endless Battle Clause: Forcing endless battles is banned\n|clearpoke\n|poke|p1|Ninetales-Alola, F|\n|poke|p1|Cetitan, M|\n|poke|p1|Avalugg-Hisui, M|\n|poke|p1|Eiscue, M|\n|poke|p1|Sandslash-Alola, M|\n|poke|p1|Frosmoth, F|\n|poke|p2|Kingambit, F|\n|poke|p2|Geodude-Alola, M|\n|poke|p2|Klefki, M|\n|poke|p2|Regieleki|\n|poke|p2|Electrode-Hisui|\n|poke|p2|Skuntank, F|\n|teampreview\n|\n|t:|1699921075\n|start\n|switch|p1a: Ninetales|Ninetales-Alola, F|100\/100\n|switch|p2a: Skuntank|Skuntank, F|100\/100\n|-weather|Snow|[from] ability: Snow Warning|[of] p1a: Ninetales\n|turn|1\n|\n|t:|1699921083\n|move|p1a: Ninetales|Aurora Veil|p1a: Ninetales\n|-sidestart|p1: Rowan_Rocket|move: Aurora Veil\n|move|p2a: Skuntank|Toxic Spikes|p1a: Ninetales\n|-sidestart|p1: Rowan_Rocket|move: Toxic Spikes\n|\n|-weather|Snow|[upkeep]\n|upkeep\n|turn|2\n|\n|t:|1699921092\n|move|p1a: Ninetales|Draining Kiss|p2a: Skuntank\n|-damage|p2a: Skuntank|71\/100\n|move|p2a: Skuntank|Toxic Spikes|p1a: Ninetales\n|-sidestart|p1: Rowan_Rocket|move: Toxic Spikes\n|\n|-weather|Snow|[upkeep]\n|upkeep\n|turn|3\n|\n|t:|1699921104\n|switch|p1a: Sandslash|Sandslash-Alola, M|100\/100\n|move|p2a: Skuntank|Sucker Punch||[still]\n|-fail|p2a: Skuntank\n|\n|-weather|Snow|[upkeep]\n|upkeep\n|turn|4\n|\n|t:|1699921114\n|move|p1a: Sandslash|Earthquake|p2a: Skuntank\n|-supereffective|p2a: Skuntank\n|-damage|p2a: Skuntank|0 fnt\n|faint|p2a: Skuntank\n|\n|-weather|Snow|[upkeep]\n|upkeep\n|\n|t:|1699921120\n|switch|p2a: Geodude|Geodude-Alola, M|100\/100\n|turn|5\n|\n|t:|1699921133\n|move|p1a: Sandslash|Earthquake|p2a: Geodude\n|-supereffective|p2a: Geodude\n|-ability|p2a: Geodude|Sturdy\n|-damage|p2a: Geodude|1\/100\n|move|p2a: Geodude|Stealth Rock|p1a: Sandslash\n|-sidestart|p1: Rowan_Rocket|move: Stealth Rock\n|\n|-weather|Snow|[upkeep]\n|-sideend|p1: Rowan_Rocket|move: Aurora Veil\n|upkeep\n|turn|6\n|\n|t:|1699921144\n|move|p1a: Sandslash|Ice Shard|p2a: Geodude\n|-damage|p2a: Geodude|0 fnt\n|faint|p2a: Geodude\n|\n|-weather|Snow|[upkeep]\n|upkeep\n|\n|t:|1699921152\n|switch|p2a: Klefki|Klefki, M|100\/100\n|turn|7\n|\n|t:|1699921157\n|move|p2a: Klefki|Switcheroo|p1a: Sandslash\n|-activate|p2a: Klefki|move: Trick|[of] p1a: Sandslash\n|-item|p1a: Sandslash|Toxic Orb|[from] move: Switcheroo\n|-item|p2a: Klefki|Never-Melt Ice|[from] move: Switcheroo\n|move|p1a: Sandslash|Earthquake|p2a: Klefki\n|-supereffective|p2a: Klefki\n|-damage|p2a: Klefki|50\/100\n|\n|-weather|Snow|[upkeep]\n|upkeep\n|turn|8\n|\n|t:|1699921174\n|move|p2a: Klefki|Light Screen|p2a: Klefki\n|-sidestart|p2: Ninjacarlos3|move: Light Screen\n|move|p1a: Sandslash|Earthquake|p2a: Klefki\n|-supereffective|p2a: Klefki\n|-damage|p2a: Klefki|4\/100\n|\n|-weather|none\n|upkeep\n|turn|9\n|\n|t:|1699921185\n|move|p2a: Klefki|Protect|p2a: Klefki\n|-singleturn|p2a: Klefki|Protect\n|move|p1a: Sandslash|Brick Break|p2a: Klefki\n|-activate|p2a: Klefki|move: Protect\n|\n|upkeep\n|turn|10\n|\n|t:|1699921192\n|move|p2a: Klefki|Light Screen||[still]\n|-fail|p2a: Klefki\n|move|p1a: Sandslash|Brick Break|p2a: Klefki\n|-sideend|p2: Ninjacarlos3|move: Light Screen\n|-crit|p2a: Klefki\n|-damage|p2a: Klefki|0 fnt\n|faint|p2a: Klefki\n|\n|upkeep\n|\n|t:|1699921235\n|switch|p2a: Regieleki|Regieleki|100\/100\n|turn|11\n|\n|t:|1699921253\n|move|p2a: Regieleki|Explosion|p1a: Sandslash\n|-resisted|p1a: Sandslash\n|-damage|p1a: Sandslash|38\/100\n|faint|p2a: Regieleki\n|move|p1a: Sandslash|Ice Spinner|p2: Regieleki|[notarget]\n|-fail|p1a: Sandslash\n|\n|upkeep\n|\n|t:|1699921263\n|switch|p2a: Electrode|Electrode-Hisui|100\/100\n|turn|12\n|\n|t:|1699921273\n|move|p1a: Sandslash|Ice Shard|p2a: Electrode\n|-supereffective|p2a: Electrode\n|-damage|p2a: Electrode|44\/100\n|move|p2a: Electrode|Thunder Wave|p1a: Sandslash\n|-status|p1a: Sandslash|par\n|\n|upkeep\n|turn|13\n|\n|t:|1699921284\n|move|p1a: Sandslash|Ice Shard|p2a: Electrode\n|-supereffective|p2a: Electrode\n|-damage|p2a: Electrode|0 fnt\n|faint|p2a: Electrode\n|\n|upkeep\n|\n|t:|1699921289\n|switch|p2a: Kingambit|Kingambit, F|100\/100\n|-activate|p2a: Kingambit|ability: Supreme Overlord\n|-start|p2a: Kingambit|fallen5|[silent]\n|turn|14\n|\n|t:|1699921294\n|move|p2a: Kingambit|Sucker Punch|p1a: Sandslash\n|-damage|p1a: Sandslash|0 fnt\n|faint|p1a: Sandslash\n|\n|upkeep\n|\n|t:|1699921300\n|switch|p1a: Avalugg|Avalugg-Hisui, M|100\/100\n|-status|p1a: Avalugg|tox\n|-damage|p1a: Avalugg|76\/100 tox|[from] Stealth Rock\n|turn|15\n|\n|t:|1699921306\n|move|p2a: Kingambit|Swords Dance|p2a: Kingambit\n|-boost|p2a: Kingambit|atk|2\n|move|p1a: Avalugg|Rapid Spin|p2a: Kingambit\n|-resisted|p2a: Kingambit\n|-damage|p2a: Kingambit|96\/100\n|-boost|p1a: Avalugg|spe|1\n|-sideend|p1: Rowan_Rocket|Toxic Spikes|[from] move: Rapid Spin|[of] p1a: Avalugg\n|-sideend|p1: Rowan_Rocket|Stealth Rock|[from] move: Rapid Spin|[of] p1a: Avalugg\n|\n|-damage|p1a: Avalugg|70\/100 tox|[from] psn\n|upkeep\n|turn|16\n|\n|t:|1699921317\n|move|p1a: Avalugg|Body Press|p2a: Kingambit\n|-supereffective|p2a: Kingambit\n|-damage|p2a: Kingambit|0 fnt\n|faint|p2a: Kingambit\n|-end|p2a: Kingambit|fallen5|[silent]\n|\n|win|Rowan_Rocket\n|raw|Rowan_Rocket's rating: 1121 &rarr; <strong>1144<\/strong><br \/>(+23 for winning)\n|raw|Ninjacarlos3's rating: 1088 &rarr; <strong>1067<\/strong><br \/>(-21 for losing)\n","uploadtime":1699921329,"views":7,"p1id":"rowanrocket","p2id":"ninjacarlos3","formatid":"gen9anythinggoes","rating":1067,"private":0,"password":""}