{"id":"gen9anythinggoes-1991810797","p1":"XTrinitysoup","p2":"Ashclone3","format":"[Gen 9] Anything Goes","log":"|j|\u2606XTrinitysoup\n|j|\u2606Ashclone3\n|t:|1700121608\n|gametype|singles\n|player|p1|XTrinitysoup|102|1000\n|player|p2|Ashclone3|swimmer-gen4dp|1084\n|teamsize|p1|6\n|teamsize|p2|6\n|gen|9\n|tier|[Gen 9] Anything Goes\n|rated|\n|rule|HP Percentage Mod: HP is shown in percentages\n|rule|Endless Battle Clause: Forcing endless battles is banned\n|clearpoke\n|poke|p1|Iron Bundle|\n|poke|p1|Pawmot, F|\n|poke|p1|Arcanine-Hisui, F|\n|poke|p1|Shaymin-Sky|\n|poke|p1|Moltres-Galar|\n|poke|p1|Snorlax, M|\n|poke|p2|Ribombee, M|\n|poke|p2|Ogerpon, F|\n|poke|p2|Arcanine-Hisui, F|\n|poke|p2|Clodsire, M|\n|poke|p2|Tinkaton, F|\n|poke|p2|Gliscor, M|\n|teampreview\n|\n|t:|1700121618\n|start\n|switch|p1a: ZzzZzzZzz|Snorlax, M|100\/100\n|switch|p2a: What the|Ribombee, M|100\/100\n|turn|1\n|\n|t:|1700121628\n|switch|p1a: Fire Hawk|Moltres-Galar|100\/100\n|move|p2a: What the|Sticky Web|p1a: Fire Hawk\n|-sidestart|p1: XTrinitysoup|move: Sticky Web\n|\n|upkeep\n|turn|2\n|\n|t:|1700121637\n|move|p2a: What the|Light Screen|p2a: What the\n|-sidestart|p2: Ashclone3|move: Light Screen\n|move|p1a: Fire Hawk|Air Slash|p2a: What the\n|-supereffective|p2a: What the\n|-damage|p2a: What the|65\/100\n|\n|upkeep\n|turn|3\n|\n|t:|1700121642\n|move|p2a: What the|Reflect|p2a: What the\n|-sidestart|p2: Ashclone3|Reflect\n|move|p1a: Fire Hawk|Air Slash|p2a: What the\n|-supereffective|p2a: What the\n|-damage|p2a: What the|26\/100\n|\n|upkeep\n|turn|4\n|\n|t:|1700121647\n|move|p2a: What the|U-turn|p1a: Fire Hawk\n|-crit|p1a: Fire Hawk\n|-damage|p1a: Fire Hawk|74\/100\n|\n|t:|1700121654\n|switch|p2a: Dog!!!!|Arcanine-Hisui, F|100\/100|[from] U-turn\n|move|p1a: Fire Hawk|Air Slash|p2a: Dog!!!!\n|-resisted|p2a: Dog!!!!\n|-damage|p2a: Dog!!!!|93\/100\n|\n|upkeep\n|turn|5\n|\n|t:|1700121662\n|switch|p1a: Frosty The IceBird|Iron Bundle|100\/100\n|-activate|p1a: Frosty The IceBird|move: Sticky Web\n|-unboost|p1a: Frosty The IceBird|spe|1\n|move|p2a: Dog!!!!|Wild Charge|p1a: Frosty The IceBird\n|-supereffective|p1a: Frosty The IceBird\n|-damage|p1a: Frosty The IceBird|0 fnt\n|faint|p1a: Frosty The IceBird\n|-end|p1a: Frosty The IceBird|Quark Drive|[silent]\n|\n|upkeep\n|\n|t:|1700121671\n|switch|p1a: ZzzZzzZzz|Snorlax, M|100\/100\n|-activate|p1a: ZzzZzzZzz|move: Sticky Web\n|-unboost|p1a: ZzzZzzZzz|spe|1\n|turn|6\n|\n|t:|1700121676\n|move|p2a: Dog!!!!|Wild Charge|p1a: ZzzZzzZzz\n|-damage|p1a: ZzzZzzZzz|68\/100\n|move|p1a: ZzzZzzZzz|Blizzard|p2a: Dog!!!!|[miss]\n|-miss|p1a: ZzzZzzZzz|p2a: Dog!!!!\n|\n|-sideend|p2: Ashclone3|move: Light Screen\n|upkeep\n|turn|7\n|\n|t:|1700121683\n|move|p2a: Dog!!!!|Wild Charge|p1a: ZzzZzzZzz\n|-damage|p1a: ZzzZzzZzz|37\/100\n|move|p1a: ZzzZzzZzz|Rest|p1a: ZzzZzzZzz\n|-status|p1a: ZzzZzzZzz|slp|[from] move: Rest\n|-heal|p1a: ZzzZzzZzz|100\/100 slp|[silent]\n|\n|-sideend|p2: Ashclone3|Reflect\n|upkeep\n|turn|8\n|\n|t:|1700121690\n|move|p2a: Dog!!!!|Wild Charge|p1a: ZzzZzzZzz\n|-damage|p1a: ZzzZzzZzz|69\/100 slp\n|cant|p1a: ZzzZzzZzz|slp\n|move|p1a: ZzzZzzZzz|Sleep Talk|p1a: ZzzZzzZzz\n|move|p1a: ZzzZzzZzz|Rest||[from]move: Sleep Talk|[still]\n|-fail|p1a: ZzzZzzZzz\n|\n|upkeep\n|turn|9\n|\n|t:|1700121699\n|switch|p2a: ?!|Gliscor, M|100\/100\n|cant|p1a: ZzzZzzZzz|slp\n|\n|-status|p2a: ?!|tox|[from] item: Toxic Orb\n|upkeep\n|turn|10\n|\n|t:|1700121707\n|move|p2a: ?!|Swords Dance|p2a: ?!\n|-boost|p2a: ?!|atk|2\n|-curestatus|p1a: ZzzZzzZzz|slp|[msg]\n|move|p1a: ZzzZzzZzz|Sleep Talk||[still]\n|-fail|p1a: ZzzZzzZzz\n|\n|upkeep\n|turn|11\n|\n|t:|1700121714\n|move|p2a: ?!|Swords Dance|p2a: ?!\n|-boost|p2a: ?!|atk|2\n|move|p1a: ZzzZzzZzz|Last Resort|p2a: ?!\n|-damage|p2a: ?!|57\/100 tox\n|\n|-heal|p2a: ?!|70\/100 tox|[from] ability: Poison Heal\n|upkeep\n|turn|12\n|\n|t:|1700121721\n|move|p2a: ?!|Swords Dance|p2a: ?!\n|-boost|p2a: ?!|atk|2\n|move|p1a: ZzzZzzZzz|Last Resort|p2a: ?!\n|-damage|p2a: ?!|22\/100 tox\n|\n|-heal|p2a: ?!|35\/100 tox|[from] ability: Poison Heal\n|upkeep\n|turn|13\n|\n|t:|1700121728\n|move|p2a: ?!|Baton Pass|p2a: ?!\n|\n|t:|1700121735\n|switch|p2a: Dog!!!!|Arcanine-Hisui, F|93\/100|[from] Baton Pass\n|move|p1a: ZzzZzzZzz|Last Resort|p2a: Dog!!!!\n|-resisted|p2a: Dog!!!!\n|-damage|p2a: Dog!!!!|62\/100\n|\n|upkeep\n|turn|14\n|\n|t:|1700121746\n|move|p2a: Dog!!!!|Head Smash|p1a: ZzzZzzZzz\n|-damage|p1a: ZzzZzzZzz|0 fnt\n|faint|p1a: ZzzZzzZzz\n|\n|upkeep\n|\n|t:|1700121756\n|switch|p1a: zappy zapper|Pawmot, F|100\/100\n|-activate|p1a: zappy zapper|move: Sticky Web\n|-unboost|p1a: zappy zapper|spe|1\n|turn|15\n|\n|t:|1700121764\n|move|p2a: Dog!!!!|Head Smash|p1a: zappy zapper\n|-resisted|p1a: zappy zapper\n|-damage|p1a: zappy zapper|0 fnt\n|faint|p1a: zappy zapper\n|\n|upkeep\n|\n|t:|1700121769\n|switch|p1a: Fire Hawk|Moltres-Galar|74\/100\n|turn|16\n|\n|t:|1700121773\n|move|p2a: Dog!!!!|Head Smash|p1a: Fire Hawk\n|-supereffective|p1a: Fire Hawk\n|-damage|p1a: Fire Hawk|0 fnt\n|faint|p1a: Fire Hawk\n|\n|upkeep\n|\n|t:|1700121778\n|switch|p1a: Flying Leaf|Shaymin-Sky|100\/100\n|turn|17\n|\n|t:|1700121781\n|move|p2a: Dog!!!!|Head Smash|p1a: Flying Leaf|[miss]\n|-miss|p2a: Dog!!!!|p1a: Flying Leaf\n|move|p1a: Flying Leaf|Play Rough|p2a: Dog!!!!\n|-resisted|p2a: Dog!!!!\n|-damage|p2a: Dog!!!!|49\/100\n|-unboost|p2a: Dog!!!!|atk|1\n|\n|upkeep\n|turn|18\n|\n|t:|1700121792\n|move|p2a: Dog!!!!|Head Smash|p1a: Flying Leaf\n|-supereffective|p1a: Flying Leaf\n|-damage|p1a: Flying Leaf|0 fnt\n|faint|p1a: Flying Leaf\n|\n|upkeep\n|\n|t:|1700121796\n|switch|p1a: FIre Stone|Arcanine-Hisui, F|100\/100\n|-activate|p1a: FIre Stone|move: Sticky Web\n|-unboost|p1a: FIre Stone|spe|1\n|turn|19\n|\n|t:|1700121808\n|move|p2a: Dog!!!!|Head Smash|p1a: FIre Stone\n|-supereffective|p1a: FIre Stone\n|-damage|p1a: FIre Stone|0 fnt\n|faint|p1a: FIre Stone\n|\n|win|Ashclone3\n|raw|XTrinitysoup's rating: 1000 &rarr; <strong>1000<\/strong><br \/>(+0 for losing)\n|raw|Ashclone3's rating: 1084 &rarr; <strong>1105<\/strong><br \/>(+21 for winning)\n|c|\u2606Ashclone3|gg\n|l|\u2606XTrinitysoup\n","uploadtime":1700121831,"views":10,"p1id":"xtrinitysoup","p2id":"ashclone3","formatid":"gen9anythinggoes","rating":1000,"private":0,"password":""}