{"id":"gen9anythinggoes-1998252626","p1":"Zamashan","p2":"AGLP 1","format":"[Gen 9] Anything Goes","log":"|j|\u2606Zamashan\n|j|\u2606AGLP 1\n|t:|1700920194\n|gametype|singles\n|player|p1|Zamashan|red|1519\n|player|p2|AGLP 1|anabel|1584\n|teamsize|p1|6\n|teamsize|p2|6\n|gen|9\n|tier|[Gen 9] Anything Goes\n|rated|\n|rule|HP Percentage Mod: HP is shown in percentages\n|rule|Endless Battle Clause: Forcing endless battles is banned\n|clearpoke\n|poke|p1|Calyrex-Shadow|\n|poke|p1|Chien-Pao|\n|poke|p1|Miraidon|\n|poke|p1|Koraidon|\n|poke|p1|Zacian-*|\n|poke|p1|Kyogre|\n|poke|p2|Blissey, F|\n|poke|p2|Gliscor, M|\n|poke|p2|Mandibuzz, F|\n|poke|p2|Dondozo, F|\n|poke|p2|Alomomola, M|\n|poke|p2|Clodsire, M|\n|teampreview\n|inactive|Battle timer is ON: inactive players will automatically lose when time's up. (requested by AGLP 1)\n|\n|t:|1700920218\n|start\n|switch|p1a: Calyrex|Calyrex-Shadow|100\/100\n|switch|p2a: Gliscor|Gliscor, M|100\/100\n|-ability|p1a: Calyrex|As One\n|-ability|p1a: Calyrex|Unnerve\n|turn|1\n|inactive|AGLP 1 has 120 seconds left.\n|\n|t:|1700920258\n|move|p2a: Gliscor|Protect|p2a: Gliscor\n|-singleturn|p2a: Gliscor|Protect\n|move|p1a: Calyrex|Astral Barrage|p2a: Gliscor\n|-activate|p2a: Gliscor|move: Protect\n|\n|-status|p2a: Gliscor|tox|[from] item: Toxic Orb\n|upkeep\n|turn|2\n|inactive|AGLP 1 has 120 seconds left.\n|inactive|Zamashan also wants the timer to be on.\n|\n|t:|1700920278\n|switch|p2a: Blissey|Blissey, F|100\/100\n|move|p1a: Calyrex|Nasty Plot|p1a: Calyrex\n|-boost|p1a: Calyrex|spa|2\n|\n|upkeep\n|turn|3\n|\n|t:|1700920283\n|move|p1a: Calyrex|Astral Barrage|p2a: Blissey\n|-immune|p2a: Blissey\n|move|p2a: Blissey|Shadow Ball|p1a: Calyrex\n|-supereffective|p1a: Calyrex\n|-damage|p1a: Calyrex|41\/100\n|\n|upkeep\n|turn|4\n|\n|t:|1700920295\n|switch|p1a: Zacian|Zacian-Crowned|100\/100\n|-ability|p1a: Zacian|Intrepid Sword|boost\n|-boost|p1a: Zacian|atk|1\n|move|p2a: Blissey|Shadow Ball|p1a: Zacian\n|-damage|p1a: Zacian|87\/100\n|\n|upkeep\n|turn|5\n|\n|t:|1700920306\n|switch|p2a: Alomomola|Alomomola, M|100\/100\n|move|p1a: Zacian|Close Combat|p2a: Alomomola\n|-damage|p2a: Alomomola|61\/100\n|-unboost|p1a: Zacian|def|1\n|-unboost|p1a: Zacian|spd|1\n|\n|upkeep\n|turn|6\n|\n|t:|1700920319\n|switch|p1a: Miraidon|Miraidon|100\/100\n|-fieldstart|move: Electric Terrain|[from] ability: Hadron Engine|[of] p1a: Miraidon\n|move|p2a: Alomomola|Protect||[still]\n|-fail|p2a: Alomomola\n|\n|upkeep\n|turn|7\n|\n|t:|1700920330\n|switch|p2a: Clodsire|Clodsire, M|100\/100\n|move|p1a: Miraidon|Draco Meteor|p2a: Clodsire\n|-damage|p2a: Clodsire|50\/100\n|-unboost|p1a: Miraidon|spa|2\n|\n|upkeep\n|turn|8\n|l|\u2606Zamashan\n|inactive|Zamashan disconnected and has a minute to reconnect!\n|player|p1|\n|inactive|Zamashan has 30 seconds to reconnect!\n|inactive|Zamashan has 20 seconds to reconnect!\n|inactive|Zamashan has 15 seconds to reconnect!\n|inactive|Zamashan has 10 seconds to reconnect!\n|j|\u2606Zamashan\n|inactive|Zamashan reconnected and has 90 seconds left.\n|player|p1|Zamashan|red\n|\n|t:|1700920399\n|switch|p1a: Chien-Pao|Chien-Pao|100\/100\n|-ability|p1a: Chien-Pao|Sword of Ruin\n|move|p2a: Clodsire|Earthquake|p1a: Chien-Pao\n|-damage|p1a: Chien-Pao|62\/100\n|\n|upkeep\n|turn|9\n|inactive|Zamashan has 90 seconds left.\n|\n|t:|1700920410\n|switch|p2a: Alomomola|Alomomola, M|94\/100\n|move|p1a: Chien-Pao|Icicle Crash|p2a: Alomomola\n|-resisted|p2a: Alomomola\n|-damage|p2a: Alomomola|74\/100\n|-damage|p1a: Chien-Pao|52\/100|[from] item: Life Orb\n|\n|upkeep\n|turn|10\n|inactive|Zamashan has 90 seconds left.\n|\n|t:|1700920432\n|switch|p1a: Calyrex|Calyrex-Shadow|41\/100\n|-ability|p1a: Calyrex|As One\n|-ability|p1a: Calyrex|Unnerve\n|move|p2a: Alomomola|Wish|p2a: Alomomola\n|\n|-fieldend|move: Electric Terrain\n|upkeep\n|turn|11\n|\n|t:|1700920461\n|switch|p2a: Blissey|Blissey, F|100\/100\n|move|p1a: Calyrex|Psychic|p2a: Blissey\n|-damage|p2a: Blissey|79\/100\n|\n|-heal|p2a: Blissey|100\/100|[from] move: Wish|[wisher] Alomomola\n|upkeep\n|turn|12\n|inactive|Zamashan has 90 seconds left.\n|\n|t:|1700920473\n|switch|p1a: Koraidon|Koraidon|100\/100\n|-weather|SunnyDay|[from] ability: Orichalcum Pulse|[of] p1a: Koraidon\n|-activate|p1a: Koraidon|Orichalcum Pulse|[source]\n|move|p2a: Blissey|Shadow Ball|p1a: Koraidon\n|-damage|p1a: Koraidon|87\/100\n|\n|-weather|SunnyDay|[upkeep]\n|upkeep\n|turn|13\n|inactive|Zamashan has 90 seconds left.\n|\n|t:|1700920485\n|switch|p2a: Alomomola|Alomomola, M|100\/100\n|move|p1a: Koraidon|Collision Course|p2a: Alomomola\n|-damage|p2a: Alomomola|56\/100\n|\n|-weather|SunnyDay|[upkeep]\n|upkeep\n|turn|14\n|\n|t:|1700920490\n|move|p2a: Alomomola|Protect|p2a: Alomomola\n|-singleturn|p2a: Alomomola|Protect\n|move|p1a: Koraidon|Collision Course|p2a: Alomomola\n|-activate|p2a: Alomomola|move: Protect\n|\n|-weather|SunnyDay|[upkeep]\n|upkeep\n|turn|15\n|\n|t:|1700920494\n|move|p1a: Koraidon|Collision Course|p2a: Alomomola\n|-damage|p2a: Alomomola|15\/100\n|move|p2a: Alomomola|Play Rough|p1a: Koraidon\n|-supereffective|p1a: Koraidon\n|-damage|p1a: Koraidon|28\/100\n|\n|-weather|SunnyDay|[upkeep]\n|upkeep\n|turn|16\n|\n|t:|1700920499\n|move|p2a: Alomomola|Protect|p2a: Alomomola\n|-singleturn|p2a: Alomomola|Protect\n|move|p1a: Koraidon|Collision Course|p2a: Alomomola\n|-activate|p2a: Alomomola|move: Protect\n|\n|-weather|none\n|upkeep\n|turn|17\n|\n|t:|1700920502\n|switch|p2a: Dondozo|Dondozo, F|100\/100\n|move|p1a: Koraidon|Collision Course|p2a: Dondozo\n|-damage|p2a: Dondozo|75\/100\n|\n|upkeep\n|turn|18\n|\n|t:|1700920506\n|switch|p1a: Miraidon|Miraidon|100\/100\n|-fieldstart|move: Electric Terrain|[from] ability: Hadron Engine|[of] p1a: Miraidon\n|move|p2a: Dondozo|Fissure|p1a: Miraidon\n|-damage|p1a: Miraidon|0 fnt\n|faint|p1a: Miraidon\n|-ohko\n|\n|upkeep\n|\n|t:|1700920511\n|switch|p1a: Kyogre|Kyogre|100\/100\n|-weather|RainDance|[from] ability: Drizzle|[of] p1a: Kyogre\n|turn|19\n|\n|t:|1700920520\n|move|p1a: Kyogre|Thunder|p2a: Dondozo\n|-supereffective|p2a: Dondozo\n|-crit|p2a: Dondozo\n|-damage|p2a: Dondozo|0 fnt\n|faint|p2a: Dondozo\n|\n|-weather|RainDance|[upkeep]\n|upkeep\n|c|\u2606Zamashan|why??\n|\n|t:|1700920524\n|switch|p2a: Clodsire|Clodsire, M|50\/100\n|turn|20\n|\n|t:|1700920530\n|switch|p1a: Chien-Pao|Chien-Pao|52\/100\n|-ability|p1a: Chien-Pao|Sword of Ruin\n|move|p2a: Clodsire|Recover|p2a: Clodsire\n|-heal|p2a: Clodsire|99\/100\n|\n|-weather|RainDance|[upkeep]\n|upkeep\n|turn|21\n|\n|t:|1700920536\n|switch|p2a: Blissey|Blissey, F|100\/100\n|move|p1a: Chien-Pao|Icicle Crash|p2a: Blissey\n|-damage|p2a: Blissey|38\/100\n|-damage|p1a: Chien-Pao|42\/100|[from] item: Life Orb\n|\n|-weather|RainDance|[upkeep]\n|upkeep\n|turn|22\n|\n|t:|1700920543\n|switch|p2a: Alomomola|Alomomola, M|48\/100\n|move|p1a: Chien-Pao|Sacred Sword|p2a: Alomomola\n|-damage|p2a: Alomomola|18\/100\n|-damage|p1a: Chien-Pao|32\/100|[from] item: Life Orb\n|\n|-weather|RainDance|[upkeep]\n|-fieldend|move: Electric Terrain\n|upkeep\n|turn|23\n|\n|t:|1700920552\n|move|p2a: Alomomola|Protect|p2a: Alomomola\n|-singleturn|p2a: Alomomola|Protect\n|move|p1a: Chien-Pao|Sacred Sword|p2a: Alomomola\n|-activate|p2a: Alomomola|move: Protect\n|\n|-weather|none\n|upkeep\n|turn|24\n|\n|t:|1700920558\n|switch|p2a: Gliscor|Gliscor, M|100\/100 tox\n|move|p1a: Chien-Pao|Sacred Sword|p2a: Gliscor\n|-resisted|p2a: Gliscor\n|-damage|p2a: Gliscor|84\/100 tox\n|-damage|p1a: Chien-Pao|22\/100|[from] item: Life Orb\n|\n|-heal|p2a: Gliscor|97\/100 tox|[from] ability: Poison Heal\n|upkeep\n|turn|25\n|\n|t:|1700920566\n|move|p2a: Gliscor|Protect|p2a: Gliscor\n|-singleturn|p2a: Gliscor|Protect\n|move|p1a: Chien-Pao|Icicle Crash|p2a: Gliscor\n|-activate|p2a: Gliscor|move: Protect\n|\n|-heal|p2a: Gliscor|100\/100 tox|[from] ability: Poison Heal\n|upkeep\n|turn|26\n|\n|t:|1700920580\n|switch|p2a: Alomomola|Alomomola, M|52\/100\n|move|p1a: Chien-Pao|Icicle Crash|p2a: Alomomola\n|-resisted|p2a: Alomomola\n|-damage|p2a: Alomomola|33\/100\n|-damage|p1a: Chien-Pao|12\/100|[from] item: Life Orb\n|\n|upkeep\n|turn|27\n|\n|t:|1700920605\n|move|p1a: Chien-Pao|Icicle Crash|p2a: Alomomola\n|-resisted|p2a: Alomomola\n|-damage|p2a: Alomomola|14\/100\n|-damage|p1a: Chien-Pao|2\/100|[from] item: Life Orb\n|move|p2a: Alomomola|Wish|p2a: Alomomola\n|\n|upkeep\n|turn|28\n|\n|t:|1700920610\n|move|p2a: Alomomola|Protect|p2a: Alomomola\n|-singleturn|p2a: Alomomola|Protect\n|move|p1a: Chien-Pao|Sacred Sword|p2a: Alomomola\n|-activate|p2a: Alomomola|move: Protect\n|\n|-heal|p2a: Alomomola|64\/100|[from] move: Wish|[wisher] Alomomola\n|upkeep\n|turn|29\n|\n|t:|1700920616\n|switch|p1a: Kyogre|Kyogre|100\/100\n|-weather|RainDance|[from] ability: Drizzle|[of] p1a: Kyogre\n|move|p2a: Alomomola|Wish|p2a: Alomomola\n|\n|-weather|RainDance|[upkeep]\n|upkeep\n|turn|30\n|\n|t:|1700920627\n|move|p2a: Alomomola|Protect|p2a: Alomomola\n|-singleturn|p2a: Alomomola|Protect\n|move|p1a: Kyogre|Thunder|p2a: Alomomola\n|-activate|p2a: Alomomola|move: Protect\n|\n|-weather|RainDance|[upkeep]\n|-heal|p2a: Alomomola|100\/100|[from] move: Wish|[wisher] Alomomola\n|upkeep\n|turn|31\n|\n|t:|1700920631\n|switch|p2a: Clodsire|Clodsire, M|99\/100\n|move|p1a: Kyogre|Thunder|p2a: Clodsire\n|-immune|p2a: Clodsire\n|\n|-weather|RainDance|[upkeep]\n|upkeep\n|turn|32\n|\n|t:|1700920646\n|switch|p1a: Calyrex|Calyrex-Shadow|41\/100\n|-ability|p1a: Calyrex|As One\n|-ability|p1a: Calyrex|Unnerve\n|move|p2a: Clodsire|Toxic Spikes|p1a: Calyrex\n|-sidestart|p1: Zamashan|move: Toxic Spikes\n|\n|-weather|RainDance|[upkeep]\n|upkeep\n|turn|33\n|\n|t:|1700920658\n|switch|p2a: Mandibuzz|Mandibuzz, F|100\/100\n|move|p1a: Calyrex|Draining Kiss|p2a: Mandibuzz\n|-supereffective|p2a: Mandibuzz\n|-damage|p2a: Mandibuzz|75\/100\n|-heal|p1a: Calyrex|64\/100|[from] drain|[of] p2a: Mandibuzz\n|\n|-weather|none\n|upkeep\n|turn|34\n|\n|t:|1700920664\n|-terastallize|p1a: Calyrex|Normal\n|move|p1a: Calyrex|Nasty Plot|p1a: Calyrex\n|-boost|p1a: Calyrex|spa|2\n|move|p2a: Mandibuzz|Knock Off|p1a: Calyrex\n|-damage|p1a: Calyrex|33\/100\n|-enditem|p1a: Calyrex|Focus Sash|[from] move: Knock Off|[of] p2a: Mandibuzz\n|\n|upkeep\n|turn|35\n|\n|t:|1700920670\n|move|p1a: Calyrex|Draining Kiss|p2a: Mandibuzz\n|-supereffective|p2a: Mandibuzz\n|-damage|p2a: Mandibuzz|28\/100\n|-heal|p1a: Calyrex|77\/100|[from] drain|[of] p2a: Mandibuzz\n|move|p2a: Mandibuzz|Toxic|p1a: Calyrex\n|-status|p1a: Calyrex|tox\n|\n|-damage|p1a: Calyrex|71\/100 tox|[from] psn\n|upkeep\n|turn|36\n|\n|t:|1700920675\n|switch|p2a: Alomomola|Alomomola, M|100\/100\n|move|p1a: Calyrex|Draining Kiss|p2a: Alomomola\n|-damage|p2a: Alomomola|53\/100\n|-heal|p1a: Calyrex|100\/100 tox|[from] drain|[of] p2a: Alomomola\n|\n|-damage|p1a: Calyrex|88\/100 tox|[from] psn\n|upkeep\n|turn|37\n|\n|t:|1700920680\n|move|p2a: Alomomola|Protect|p2a: Alomomola\n|-singleturn|p2a: Alomomola|Protect\n|move|p1a: Calyrex|Astral Barrage|p2a: Alomomola\n|-activate|p2a: Alomomola|move: Protect\n|\n|-damage|p1a: Calyrex|70\/100 tox|[from] psn\n|upkeep\n|turn|38\n|\n|t:|1700920684\n|move|p1a: Calyrex|Astral Barrage|p2a: Alomomola\n|-damage|p2a: Alomomola|0 fnt\n|faint|p2a: Alomomola\n|-ability|p1a: Calyrex|Grim Neigh|boost\n|-boost|p1a: Calyrex|spa|1\n|\n|-damage|p1a: Calyrex|45\/100 tox|[from] psn\n|upkeep\n|\n|t:|1700920690\n|switch|p2a: Blissey|Blissey, F|38\/100\n|turn|39\n|\n|t:|1700920695\n|move|p1a: Calyrex|Psychic|p2a: Blissey\n|-damage|p2a: Blissey|0 fnt\n|faint|p2a: Blissey\n|-ability|p1a: Calyrex|Grim Neigh|boost\n|-boost|p1a: Calyrex|spa|1\n|\n|-damage|p1a: Calyrex|14\/100 tox|[from] psn\n|upkeep\n|\n|t:|1700920699\n|switch|p2a: Gliscor|Gliscor, M|100\/100 tox\n|turn|40\n|\n|t:|1700920704\n|move|p2a: Gliscor|Protect|p2a: Gliscor\n|-singleturn|p2a: Gliscor|Protect\n|move|p1a: Calyrex|Astral Barrage|p2a: Gliscor\n|-activate|p2a: Gliscor|move: Protect\n|\n|-damage|p1a: Calyrex|0 fnt|[from] psn\n|faint|p1a: Calyrex\n|upkeep\n|j| HeavenBurningLight\n|\n|t:|1700920718\n|switch|p1a: Chien-Pao|Chien-Pao|2\/100\n|-status|p1a: Chien-Pao|psn\n|-ability|p1a: Chien-Pao|Sword of Ruin\n|turn|41\n|\n|t:|1700920737\n|switch|p2a: Clodsire|Clodsire, M|99\/100\n|move|p1a: Chien-Pao|Icicle Crash|p2a: Clodsire\n|-supereffective|p2a: Clodsire\n|-damage|p2a: Clodsire|0 fnt\n|faint|p2a: Clodsire\n|-damage|p1a: Chien-Pao|0 fnt|[from] item: Life Orb\n|faint|p1a: Chien-Pao\n|\n|upkeep\n|\n|t:|1700920744\n|switch|p1a: Kyogre|Kyogre|100\/100\n|switch|p2a: Gliscor|Gliscor, M|100\/100 tox\n|-status|p1a: Kyogre|psn\n|-weather|RainDance|[from] ability: Drizzle|[of] p1a: Kyogre\n|turn|42\n|inactive|AGLP 1 has 120 seconds left.\n|\n|t:|1700920774\n|move|p2a: Gliscor|Protect|p2a: Gliscor\n|-singleturn|p2a: Gliscor|Protect\n|move|p1a: Kyogre|Water Spout|p2a: Gliscor\n|-activate|p2a: Gliscor|move: Protect\n|\n|-weather|RainDance|[upkeep]\n|-damage|p1a: Kyogre|88\/100 psn|[from] psn\n|upkeep\n|turn|43\n|inactive|AGLP 1 has 120 seconds left.\n|inactive|AGLP 1 has 90 seconds left.\n|\n|t:|1700920818\n|move|p1a: Kyogre|Water Spout|p2a: Gliscor\n|-supereffective|p2a: Gliscor\n|-damage|p2a: Gliscor|0 fnt\n|faint|p2a: Gliscor\n|\n|-weather|RainDance|[upkeep]\n|-damage|p1a: Kyogre|76\/100 psn|[from] psn\n|upkeep\n|\n|t:|1700920819\n|switch|p2a: Mandibuzz|Mandibuzz, F|28\/100\n|turn|44\n|\n|t:|1700920823\n|-terastallize|p2a: Mandibuzz|Poison\n|move|p1a: Kyogre|Water Spout|p2a: Mandibuzz\n|-damage|p2a: Mandibuzz|0 fnt\n|faint|p2a: Mandibuzz\n|\n|win|Zamashan\n|raw|Zamashan's rating: 1519 &rarr; <strong>1543<\/strong><br \/>(+24 for winning)\n|raw|AGLP 1's rating: 1598 &rarr; <strong>1574<\/strong><br \/>(-24 for losing)\n|l|\u2606AGLP 1\n|l|\u2606Zamashan\n","uploadtime":1700920848,"views":0,"p1id":"zamashan","p2id":"aglp1","formatid":"gen9anythinggoes","rating":1543,"private":0,"password":""}