{"id":"gen9anythinggoes-1988029615","p1":"Groupmaniacs","p2":"Pornoutz","format":"[Gen 9] Anything Goes","log":"|j|\u2606Groupmaniacs\n|j|\u2606Pornoutz\n|t:|1699661039\n|gametype|singles\n|player|p1|Groupmaniacs|harlequin|1334\n|player|p2|Pornoutz|veteran|1377\n|teamsize|p1|6\n|teamsize|p2|6\n|gen|9\n|tier|[Gen 9] Anything Goes\n|rated|\n|rule|HP Percentage Mod: HP is shown in percentages\n|rule|Endless Battle Clause: Forcing endless battles is banned\n|clearpoke\n|poke|p1|Jolteon, M|\n|poke|p1|Tyranitar, M|\n|poke|p1|Corviknight, F|\n|poke|p1|Skeledirge, F|\n|poke|p1|Scizor, M|\n|poke|p1|Garchomp, M|\n|poke|p2|Mandibuzz, F|\n|poke|p2|Baxcalibur, F|\n|poke|p2|Landorus-Therian, M|\n|poke|p2|Slowbro-Galar, F|\n|poke|p2|Chi-Yu|\n|poke|p2|Hawlucha, M|\n|teampreview\n|\n|t:|1699661044\n|start\n|switch|p1a: Donkey|Jolteon, M|100\/100\n|switch|p2a: Landorus|Landorus-Therian, M|100\/100\n|-ability|p2a: Landorus|Intimidate|boost\n|-unboost|p1a: Donkey|atk|1\n|turn|1\n|\n|t:|1699661055\n|-terastallize|p1a: Donkey|Ice\n|move|p2a: Landorus|U-turn|p1a: Donkey\n|-damage|p1a: Donkey|47\/100\n|\n|t:|1699661059\n|switch|p2a: Slowbro|Slowbro-Galar, F|100\/100|[from] U-turn\n|move|p1a: Donkey|Tera Blast|p2a: Slowbro|[anim] Tera Blast Ice\n|-damage|p2a: Slowbro|57\/100\n|\n|upkeep\n|turn|2\n|-activate|p2a: Slowbro|item: Quick Claw\n|\n|t:|1699661073\n|move|p2a: Slowbro|Flamethrower|p1a: Donkey\n|-supereffective|p1a: Donkey\n|-damage|p1a: Donkey|0 fnt\n|faint|p1a: Donkey\n|\n|upkeep\n|inactive|Battle timer is ON: inactive players will automatically lose when time's up. (requested by Pornoutz)\n|\n|t:|1699661091\n|switch|p1a: Rumpelstiltskin|Garchomp, M|100\/100\n|turn|3\n|\n|t:|1699661098\n|move|p1a: Rumpelstiltskin|Dragon Claw|p2a: Slowbro\n|-damage|p2a: Slowbro|13\/100\n|move|p2a: Slowbro|Sludge Bomb|p1a: Rumpelstiltskin\n|-resisted|p1a: Rumpelstiltskin\n|-damage|p1a: Rumpelstiltskin|79\/100\n|\n|upkeep\n|turn|4\n|\n|t:|1699661106\n|move|p1a: Rumpelstiltskin|Dragon Claw|p2a: Slowbro\n|-damage|p2a: Slowbro|0 fnt\n|faint|p2a: Slowbro\n|\n|upkeep\n|\n|t:|1699661111\n|switch|p2a: Landorus|Landorus-Therian, M|100\/100\n|-ability|p2a: Landorus|Intimidate|boost\n|-unboost|p1a: Rumpelstiltskin|atk|1\n|turn|5\n|\n|t:|1699661126\n|switch|p1a: Fairy Godmother|Skeledirge, F, shiny|100\/100\n|move|p2a: Landorus|U-turn|p1a: Fairy Godmother\n|-resisted|p1a: Fairy Godmother\n|-damage|p1a: Fairy Godmother|95\/100\n|\n|t:|1699661133\n|switch|p2a: Mandibuzz|Mandibuzz, F|100\/100|[from] U-turn\n|\n|upkeep\n|turn|6\n|\n|t:|1699661151\n|switch|p1a: Fiona|Corviknight, F|100\/100\n|move|p2a: Mandibuzz|Toxic|p1a: Fiona\n|-immune|p1a: Fiona\n|\n|upkeep\n|turn|7\n|\n|t:|1699661175\n|switch|p2a: Hawlucha|Hawlucha, M|100\/100\n|move|p1a: Fiona|U-turn|p2a: Hawlucha\n|-resisted|p2a: Hawlucha\n|-damage|p2a: Hawlucha|95\/100\n|inactive|Groupmaniacs has 120 seconds left.\n|\n|t:|1699661201\n|switch|p1a: Fairy Godmother|Skeledirge, F, shiny|95\/100|[from] U-turn\n|\n|upkeep\n|turn|8\n|\n|t:|1699661208\n|switch|p2a: Baxcalibur|Baxcalibur, F|100\/100\n|move|p1a: Fairy Godmother|Torch Song|p2a: Baxcalibur\n|-damage|p2a: Baxcalibur|58\/100\n|-boost|p1a: Fairy Godmother|spa|1\n|-ability|p2a: Baxcalibur|Thermal Exchange|boost\n|-boost|p2a: Baxcalibur|atk|1\n|\n|upkeep\n|turn|9\n|inactive|Groupmaniacs has 120 seconds left.\n|\n|t:|1699661221\n|move|p2a: Baxcalibur|Scale Shot|p1a: Fairy Godmother\n|-damage|p1a: Fairy Godmother|84\/100\n|-damage|p1a: Fairy Godmother|72\/100\n|-damage|p1a: Fairy Godmother|60\/100\n|-damage|p1a: Fairy Godmother|47\/100\n|-damage|p1a: Fairy Godmother|35\/100\n|-hitcount|p1a: Fairy Godmother|5\n|-unboost|p2a: Baxcalibur|def|1\n|-boost|p2a: Baxcalibur|spe|1\n|move|p1a: Fairy Godmother|Earth Power|p2a: Baxcalibur\n|-damage|p2a: Baxcalibur|10\/100\n|\n|upkeep\n|turn|10\n|inactive|Groupmaniacs has 120 seconds left.\n|inactive|Groupmaniacs has 90 seconds left.\n|\n|t:|1699661256\n|switch|p1a: Fiona|Corviknight, F|100\/100\n|move|p2a: Baxcalibur|Scale Shot|p1a: Fiona\n|-resisted|p1a: Fiona\n|-crit|p1a: Fiona\n|-damage|p1a: Fiona|91\/100\n|-resisted|p1a: Fiona\n|-damage|p1a: Fiona|84\/100\n|-resisted|p1a: Fiona\n|-crit|p1a: Fiona\n|-damage|p1a: Fiona|75\/100\n|-resisted|p1a: Fiona\n|-damage|p1a: Fiona|69\/100\n|-resisted|p1a: Fiona\n|-damage|p1a: Fiona|62\/100\n|-hitcount|p1a: Fiona|5\n|-unboost|p2a: Baxcalibur|def|1\n|-boost|p2a: Baxcalibur|spe|1\n|\n|-heal|p1a: Fiona|69\/100|[from] item: Leftovers\n|upkeep\n|turn|11\n|inactive|Groupmaniacs has 90 seconds left.\n|\n|t:|1699661277\n|move|p2a: Baxcalibur|Icicle Spear|p1a: Fiona\n|-damage|p1a: Fiona|57\/100\n|-damage|p1a: Fiona|44\/100\n|-damage|p1a: Fiona|32\/100\n|-damage|p1a: Fiona|19\/100\n|-damage|p1a: Fiona|6\/100\n|-hitcount|p1a: Fiona|5\n|move|p1a: Fiona|Body Press|p2a: Baxcalibur\n|-supereffective|p2a: Baxcalibur\n|-damage|p2a: Baxcalibur|0 fnt\n|faint|p2a: Baxcalibur\n|\n|-heal|p1a: Fiona|13\/100|[from] item: Leftovers\n|upkeep\n|\n|t:|1699661293\n|switch|p2a: Hawlucha|Hawlucha, M|95\/100\n|turn|12\n|inactive|Groupmaniacs has 90 seconds left.\n|\n|t:|1699661300\n|move|p2a: Hawlucha|Close Combat|p1a: Fiona\n|-damage|p1a: Fiona|0 fnt\n|-unboost|p2a: Hawlucha|def|1\n|-unboost|p2a: Hawlucha|spd|1\n|-enditem|p2a: Hawlucha|White Herb\n|-clearnegativeboost|p2a: Hawlucha|[silent]\n|faint|p1a: Fiona\n|\n|upkeep\n|inactive|Groupmaniacs has 90 seconds left.\n|\n|t:|1699661317\n|switch|p1a: Shrek|Tyranitar, M|100\/100\n|-weather|Sandstorm|[from] ability: Sand Stream|[of] p1a: Shrek\n|turn|13\n|\n|t:|1699661326\n|move|p2a: Hawlucha|Swords Dance|p2a: Hawlucha\n|-boost|p2a: Hawlucha|atk|2\n|move|p1a: Shrek|Stone Edge|p2a: Hawlucha\n|-crit|p2a: Hawlucha\n|-damage|p2a: Hawlucha|0 fnt\n|faint|p2a: Hawlucha\n|\n|-weather|Sandstorm|[upkeep]\n|upkeep\n|\n|t:|1699661338\n|switch|p2a: Landorus|Landorus-Therian, M|100\/100\n|-ability|p2a: Landorus|Intimidate|boost\n|-unboost|p1a: Shrek|atk|1\n|turn|14\n|inactive|Groupmaniacs has 90 seconds left.\n|\n|t:|1699661348\n|move|p2a: Landorus|Earthquake|p1a: Shrek\n|-supereffective|p1a: Shrek\n|-damage|p1a: Shrek|4\/100\n|-enditem|p1a: Shrek|Weakness Policy\n|-boost|p1a: Shrek|atk|2|[from] item: Weakness Policy\n|-boost|p1a: Shrek|spa|2|[from] item: Weakness Policy\n|move|p1a: Shrek|Ice Punch|p2a: Landorus\n|-supereffective|p2a: Landorus\n|-damage|p2a: Landorus|0 fnt\n|faint|p2a: Landorus\n|\n|-weather|Sandstorm|[upkeep]\n|upkeep\n|\n|t:|1699661361\n|switch|p2a: Chi-Yu|Chi-Yu|100\/100\n|-ability|p2a: Chi-Yu|Beads of Ruin\n|turn|15\n|\n|t:|1699661372\n|move|p2a: Chi-Yu|Flamethrower|p1a: Shrek\n|-resisted|p1a: Shrek\n|-damage|p1a: Shrek|0 fnt\n|faint|p1a: Shrek\n|\n|-weather|Sandstorm|[upkeep]\n|-damage|p2a: Chi-Yu|95\/100|[from] Sandstorm\n|upkeep\n|inactive|Groupmaniacs has 90 seconds left.\n|\n|t:|1699661383\n|switch|p1a: Rumpelstiltskin|Garchomp, M|79\/100\n|turn|16\n|\n|t:|1699661390\n|-terastallize|p2a: Chi-Yu|Fire\n|move|p1a: Rumpelstiltskin|Stone Edge|p2a: Chi-Yu|[miss]\n|-miss|p1a: Rumpelstiltskin|p2a: Chi-Yu\n|move|p2a: Chi-Yu|Flamethrower|p1a: Rumpelstiltskin\n|-resisted|p1a: Rumpelstiltskin\n|-damage|p1a: Rumpelstiltskin|0 fnt\n|faint|p1a: Rumpelstiltskin\n|\n|-weather|Sandstorm|[upkeep]\n|-damage|p2a: Chi-Yu|89\/100|[from] Sandstorm\n|upkeep\n|inactive|Groupmaniacs has 90 seconds left.\n|c|\u2606Groupmaniacs|bruh\n|\n|t:|1699661415\n|switch|p1a: Fairy Godmother|Skeledirge, F, shiny|35\/100\n|turn|17\n|\n|t:|1699661421\n|move|p2a: Chi-Yu|Flamethrower|p1a: Fairy Godmother\n|-resisted|p1a: Fairy Godmother\n|-damage|p1a: Fairy Godmother|0 fnt\n|faint|p1a: Fairy Godmother\n|\n|-weather|none\n|upkeep\n|\n|t:|1699661428\n|switch|p1a: Farquad|Scizor, M|100\/100\n|turn|18\n|inactive|Groupmaniacs has 90 seconds left.\n|\n|t:|1699661442\n|move|p2a: Chi-Yu|Flamethrower|p1a: Farquad\n|-supereffective|p1a: Farquad\n|-damage|p1a: Farquad|0 fnt\n|faint|p1a: Farquad\n|\n|win|Pornoutz\n|raw|Groupmaniacs's rating: 1334 &rarr; <strong>1316<\/strong><br \/>(-18 for losing)\n|raw|Pornoutz's rating: 1377 &rarr; <strong>1395<\/strong><br \/>(+18 for winning)\n","uploadtime":1699661449,"views":5,"p1id":"groupmaniacs","p2id":"pornoutz","formatid":"gen9anythinggoes","rating":1316,"private":0,"password":""}