{"id":"gen9anythinggoes-1999068539","p1":"artanjules","p2":"Rinumaki","format":"[Gen 9] Anything Goes","log":"|j|\u2606artanjules\n|j|\u2606Rinumaki\n|t:|1701029786\n|gametype|singles\n|player|p1|artanjules|101|\n|player|p2|Rinumaki|n|\n|teamsize|p1|6\n|teamsize|p2|6\n|gen|9\n|tier|[Gen 9] Anything Goes\n|rule|HP Percentage Mod: HP is shown in percentages\n|rule|Endless Battle Clause: Forcing endless battles is banned\n|clearpoke\n|poke|p1|Electrode-Hisui|\n|poke|p1|Cryogonal|\n|poke|p1|Gholdengo|\n|poke|p1|Gligar, M|\n|poke|p1|Conkeldurr, F|\n|poke|p1|Volcanion|\n|poke|p2|Milotic, M|\n|poke|p2|Garchomp, M|\n|poke|p2|Hawlucha, M|\n|poke|p2|Lucario, M|\n|poke|p2|Ogerpon-Wellspring, F|\n|poke|p2|Typhlosion-Hisui, F|\n|teampreview\n|j| caligulahar\n|\n|t:|1701029805\n|start\n|switch|p1a: Pigs|Electrode-Hisui|100\/100\n|switch|p2a: Vergil|Garchomp, M, shiny|100\/100\n|turn|1\n|\n|t:|1701029830\n|-terastallize|p1a: Pigs|Ice\n|move|p1a: Pigs|Tera Blast|p2a: Vergil|[anim] Tera Blast Ice\n|-supereffective|p2a: Vergil\n|-damage|p2a: Vergil|0 fnt\n|faint|p2a: Vergil\n|\n|upkeep\n|\n|t:|1701029842\n|switch|p2a: Fading Bomb|Typhlosion-Hisui, F, shiny|100\/100\n|turn|2\n|\n|t:|1701029848\n|move|p1a: Pigs|Volt Switch|p2a: Fading Bomb\n|-damage|p2a: Fading Bomb|59\/100\n|\n|t:|1701029855\n|switch|p1a: Eclipse|Volcanion|100\/100|[from] Volt Switch\n|move|p2a: Fading Bomb|Flamethrower|p1a: Eclipse\n|-resisted|p1a: Eclipse\n|-damage|p1a: Eclipse|90\/100\n|\n|upkeep\n|turn|3\n|\n|t:|1701029885\n|move|p2a: Fading Bomb|Infernal Parade|p1a: Eclipse\n|-damage|p1a: Eclipse|59\/100\n|move|p1a: Eclipse|Steam Eruption|p2a: Fading Bomb\n|-supereffective|p2a: Fading Bomb\n|-damage|p2a: Fading Bomb|0 fnt\n|faint|p2a: Fading Bomb\n|\n|upkeep\n|\n|t:|1701029917\n|switch|p2a: Luke|Lucario, M|100\/100\n|turn|4\n|\n|t:|1701029925\n|move|p2a: Luke|Extreme Speed|p1a: Eclipse\n|-damage|p1a: Eclipse|38\/100\n|-damage|p2a: Luke|84\/100|[from] item: Rocky Helmet|[of] p1a: Eclipse\n|move|p1a: Eclipse|Overheat|p2a: Luke\n|-supereffective|p2a: Luke\n|-damage|p2a: Luke|0 fnt\n|-unboost|p1a: Eclipse|spa|2\n|faint|p2a: Luke\n|\n|upkeep\n|\n|t:|1701029936\n|switch|p2a: Believe Da Hype|Ogerpon-Wellspring, F|100\/100\n|turn|5\n|\n|t:|1701029941\n|move|p2a: Believe Da Hype|Horn Leech|p1a: Eclipse\n|-damage|p1a: Eclipse|11\/100\n|-damage|p2a: Believe Da Hype|84\/100|[from] item: Rocky Helmet|[of] p1a: Eclipse\n|move|p1a: Eclipse|Overheat|p2a: Believe Da Hype\n|-damage|p2a: Believe Da Hype|52\/100\n|-unboost|p1a: Eclipse|spa|2\n|\n|upkeep\n|turn|6\n|\n|t:|1701029950\n|move|p2a: Believe Da Hype|Horn Leech|p1a: Eclipse\n|-damage|p1a: Eclipse|0 fnt\n|-heal|p2a: Believe Da Hype|58\/100|[from] drain|[of] p1a: Eclipse\n|-damage|p2a: Believe Da Hype|41\/100|[from] item: Rocky Helmet|[of] p1a: Eclipse\n|faint|p1a: Eclipse\n|\n|upkeep\n|\n|t:|1701029957\n|switch|p1a: Time|Cryogonal|100\/100\n|turn|7\n|\n|t:|1701029976\n|move|p1a: Time|Freeze-Dry|p2a: Believe Da Hype\n|-supereffective|p2a: Believe Da Hype\n|-crit|p2a: Believe Da Hype\n|-damage|p2a: Believe Da Hype|0 fnt\n|faint|p2a: Believe Da Hype\n|\n|upkeep\n|\n|t:|1701029981\n|switch|p2a: Rey Mysterio|Hawlucha, M, shiny|100\/100\n|turn|8\n|\n|t:|1701029984\n|move|p1a: Time|Freeze-Dry|p2a: Rey Mysterio\n|-supereffective|p2a: Rey Mysterio\n|-damage|p2a: Rey Mysterio|1\/100\n|-status|p2a: Rey Mysterio|frz\n|cant|p2a: Rey Mysterio|frz\n|\n|upkeep\n|turn|9\n|\n|t:|1701029993\n|move|p1a: Time|Freeze-Dry|p2a: Rey Mysterio\n|-supereffective|p2a: Rey Mysterio\n|-damage|p2a: Rey Mysterio|0 fnt\n|faint|p2a: Rey Mysterio\n|\n|upkeep\n|\n|t:|1701029998\n|switch|p2a: It Don't Go Down|Milotic, M|100\/100\n|turn|10\n|\n|t:|1701030001\n|move|p1a: Time|Freeze-Dry|p2a: It Don't Go Down\n|-supereffective|p2a: It Don't Go Down\n|-crit|p2a: It Don't Go Down\n|-damage|p2a: It Don't Go Down|25\/100\n|move|p2a: It Don't Go Down|Scald|p1a: Time\n|-damage|p1a: Time|77\/100\n|\n|-status|p2a: It Don't Go Down|brn|[from] item: Flame Orb\n|upkeep\n|turn|11\n|\n|t:|1701030012\n|move|p1a: Time|Freeze-Dry|p2a: It Don't Go Down\n|-supereffective|p2a: It Don't Go Down\n|-damage|p2a: It Don't Go Down|0 fnt\n|faint|p2a: It Don't Go Down\n|\n|win|artanjules\n","uploadtime":1701030022,"views":2,"p1id":"artanjules","p2id":"rinumaki","formatid":"gen9anythinggoes","rating":0,"private":0,"password":""}