{"id":"gen9anythinggoes-1983808911","p1":"BrickRocks","p2":"Testingflareons","format":"[Gen 9] Anything Goes","log":"|j|\u2606BrickRocks\n|j|\u2606Testingflareons\n|t:|1699185080\n|gametype|singles\n|player|p1|BrickRocks|lance|1059\n|player|p2|Testingflareons|265|1000\n|teamsize|p1|6\n|teamsize|p2|4\n|gen|9\n|tier|[Gen 9] Anything Goes\n|rated|\n|rule|HP Percentage Mod: HP is shown in percentages\n|rule|Endless Battle Clause: Forcing endless battles is banned\n|clearpoke\n|poke|p1|Zacian-*|\n|poke|p1|Ceruledge, M|\n|poke|p1|Ursaluna-Bloodmoon, M|\n|poke|p1|Moltres-Galar|\n|poke|p1|Rotom-Wash|\n|poke|p1|Maushold-Four|\n|poke|p2|Flareon, M|\n|poke|p2|Flareon, M|\n|poke|p2|Flareon, F|\n|poke|p2|Flareon, F|\n|teampreview\n|\n|t:|1699185094\n|start\n|switch|p1a: Rotom|Rotom-Wash|100\/100\n|switch|p2a: Flareon|Flareon, M|100\/100\n|turn|1\n|\n|t:|1699185102\n|move|p1a: Rotom|Hydro Pump|p2a: Flareon|[miss]\n|-miss|p1a: Rotom|p2a: Flareon\n|move|p2a: Flareon|Calm Mind|p2a: Flareon\n|-boost|p2a: Flareon|spa|1\n|-boost|p2a: Flareon|spd|1\n|\n|upkeep\n|turn|2\n|\n|t:|1699185110\n|move|p1a: Rotom|Hydro Pump|p2a: Flareon\n|-supereffective|p2a: Flareon\n|-damage|p2a: Flareon|39\/100\n|move|p2a: Flareon|Calm Mind|p2a: Flareon\n|-boost|p2a: Flareon|spa|1\n|-boost|p2a: Flareon|spd|1\n|\n|-heal|p2a: Flareon|45\/100|[from] item: Leftovers\n|upkeep\n|turn|3\n|\n|t:|1699185119\n|move|p2a: Flareon|Protect|p2a: Flareon\n|-singleturn|p2a: Flareon|Protect\n|move|p1a: Rotom|Hydro Pump|p2a: Flareon\n|-activate|p2a: Flareon|move: Protect\n|\n|-heal|p2a: Flareon|51\/100|[from] item: Leftovers\n|upkeep\n|turn|4\n|\n|t:|1699185130\n|move|p1a: Rotom|Hydro Pump|p2a: Flareon\n|-supereffective|p2a: Flareon\n|-damage|p2a: Flareon|7\/100\n|move|p2a: Flareon|Stored Power|p1a: Rotom\n|-damage|p1a: Rotom|28\/100\n|\n|-heal|p2a: Flareon|13\/100|[from] item: Leftovers\n|upkeep\n|turn|5\n|\n|t:|1699185139\n|move|p2a: Flareon|Protect|p2a: Flareon\n|-singleturn|p2a: Flareon|Protect\n|move|p1a: Rotom|Dark Pulse|p2a: Flareon\n|-activate|p2a: Flareon|move: Protect\n|\n|-heal|p2a: Flareon|19\/100|[from] item: Leftovers\n|upkeep\n|turn|6\n|\n|t:|1699185147\n|move|p1a: Rotom|Discharge|p2a: Flareon\n|-damage|p2a: Flareon|2\/100\n|move|p2a: Flareon|Stored Power|p1a: Rotom\n|-damage|p1a: Rotom|0 fnt\n|faint|p1a: Rotom\n|\n|-heal|p2a: Flareon|8\/100|[from] item: Leftovers\n|upkeep\n|\n|t:|1699185155\n|switch|p1a: Zacian|Zacian-Crowned, shiny|100\/100\n|-ability|p1a: Zacian|Intrepid Sword|boost\n|-boost|p1a: Zacian|atk|1\n|turn|7\n|\n|t:|1699185163\n|move|p1a: Zacian|Sacred Sword|p2a: Flareon\n|-damage|p2a: Flareon|0 fnt\n|faint|p2a: Flareon\n|\n|upkeep\n|\n|t:|1699185194\n|switch|p2a: Flareon|Flareon, M|100\/100\n|turn|8\n|\n|t:|1699185198\n|move|p1a: Zacian|Behemoth Blade|p2a: Flareon\n|-resisted|p2a: Flareon\n|-damage|p2a: Flareon|27\/100\n|move|p2a: Flareon|Flare Blitz|p1a: Zacian\n|-supereffective|p1a: Zacian\n|-damage|p1a: Zacian|0 fnt\n|faint|p1a: Zacian\n|-damage|p2a: Flareon|0 fnt|[from] Recoil\n|faint|p2a: Flareon\n|\n|upkeep\n|\n|t:|1699185213\n|switch|p1a: Ursaluna|Ursaluna-Bloodmoon, M|100\/100\n|switch|p2a: Flareon|Flareon, F|100\/100\n|turn|9\n|\n|t:|1699185223\n|move|p2a: Flareon|Body Slam|p1a: Ursaluna\n|-damage|p1a: Ursaluna|81\/100\n|move|p1a: Ursaluna|Earthquake|p2a: Flareon\n|-supereffective|p2a: Flareon\n|-damage|p2a: Flareon|19\/100\n|\n|-heal|p2a: Flareon|25\/100|[from] item: Leftovers\n|upkeep\n|turn|10\n|\n|t:|1699185232\n|-singleturn|p1a: Ursaluna|move: Focus Punch\n|move|p2a: Flareon|Body Slam|p1a: Ursaluna\n|-damage|p1a: Ursaluna|61\/100\n|-status|p1a: Ursaluna|par\n|cant|p1a: Ursaluna|Focus Punch|Focus Punch\n|\n|-heal|p2a: Flareon|31\/100|[from] item: Leftovers\n|upkeep\n|turn|11\n|\n|t:|1699185248\n|move|p2a: Flareon|Curse|p2a: Flareon\n|-unboost|p2a: Flareon|spe|1\n|-boost|p2a: Flareon|atk|1\n|-boost|p2a: Flareon|def|1\n|move|p1a: Ursaluna|Earthquake|p2a: Flareon\n|-supereffective|p2a: Flareon\n|-damage|p2a: Flareon|0 fnt\n|faint|p2a: Flareon\n|\n|upkeep\n|\n|t:|1699185254\n|switch|p2a: Flareon|Flareon, F|100\/100\n|turn|12\n|\n|t:|1699185265\n|move|p2a: Flareon|Flamethrower|p1a: Ursaluna\n|-damage|p1a: Ursaluna|4\/100 par\n|cant|p1a: Ursaluna|par\n|\n|upkeep\n|turn|13\n|\n|t:|1699185269\n|move|p2a: Flareon|Flamethrower|p1a: Ursaluna\n|-damage|p1a: Ursaluna|0 fnt\n|faint|p1a: Ursaluna\n|\n|upkeep\n|\n|t:|1699185275\n|switch|p1a: Maushold|Maushold-Four|100\/100\n|turn|14\n|\n|t:|1699185285\n|-terastallize|p2a: Flareon|Fire\n|move|p1a: Maushold|Substitute|p1a: Maushold\n|-start|p1a: Maushold|Substitute\n|-damage|p1a: Maushold|76\/100\n|move|p2a: Flareon|Flamethrower|p1a: Maushold\n|-end|p1a: Maushold|Substitute\n|\n|upkeep\n|turn|15\n|\n|t:|1699185293\n|move|p1a: Maushold|Population Bomb|p2a: Flareon\n|-damage|p2a: Flareon|87\/100\n|-damage|p2a: Flareon|71\/100\n|-hitcount|p2a: Flareon|2\n|move|p2a: Flareon|Flamethrower|p1a: Maushold\n|-crit|p1a: Maushold\n|-damage|p1a: Maushold|0 fnt\n|faint|p1a: Maushold\n|\n|upkeep\n|\n|t:|1699185300\n|switch|p1a: Ceruledge|Ceruledge, M|100\/100\n|turn|16\n|\n|t:|1699185309\n|move|p1a: Ceruledge|Bitter Blade|p2a: Flareon\n|-start|p2a: Flareon|ability: Flash Fire\n|move|p2a: Flareon|Shadow Ball|p1a: Ceruledge\n|-supereffective|p1a: Ceruledge\n|-crit|p1a: Ceruledge\n|-damage|p1a: Ceruledge|28\/100\n|\n|upkeep\n|turn|17\n|\n|t:|1699185317\n|move|p1a: Ceruledge|Close Combat|p2a: Flareon\n|-damage|p2a: Flareon|0 fnt\n|-unboost|p1a: Ceruledge|def|1\n|-unboost|p1a: Ceruledge|spd|1\n|faint|p2a: Flareon\n|\n|win|BrickRocks\n|raw|BrickRocks's rating: 1059 &rarr; <strong>1085<\/strong><br \/>(+26 for winning)\n|raw|Testingflareons's rating: 1000 &rarr; <strong>1000<\/strong><br \/>(+0 for losing)\n|l|\u2606BrickRocks\n","uploadtime":1699185326,"views":4,"p1id":"brickrocks","p2id":"testingflareons","formatid":"gen9anythinggoes","rating":1000,"private":0,"password":""}