{"id":"gen9anythinggoes-1982674514","p1":"YoungEsq","p2":"GymLeaderMina","format":"[Gen 9] Anything Goes","log":"|j|\u2606YoungEsq\n|j|\u2606GymLeaderMina\n|t:|1699034774\n|gametype|singles\n|player|p1|YoungEsq|101|1364\n|player|p2|GymLeaderMina|mina-lgpe|1328\n|teamsize|p1|6\n|teamsize|p2|6\n|gen|9\n|tier|[Gen 9] Anything Goes\n|rated|\n|rule|HP Percentage Mod: HP is shown in percentages\n|rule|Endless Battle Clause: Forcing endless battles is banned\n|clearpoke\n|poke|p1|Ting-Lu|\n|poke|p1|Gholdengo|\n|poke|p1|Roaring Moon|\n|poke|p1|Chi-Yu|\n|poke|p1|Samurott-Hisui, M|\n|poke|p1|Mandibuzz, F|\n|poke|p2|Flutter Mane|\n|poke|p2|Clefable, F|\n|poke|p2|Ribombee, M|\n|poke|p2|Weezing-Galar, M|\n|poke|p2|Zacian-*|\n|poke|p2|Iron Valiant|\n|teampreview\n|inactive|Battle timer is ON: inactive players will automatically lose when time's up. (requested by GymLeaderMina)\n|\n|t:|1699034785\n|start\n|switch|p1a: Ting-Lu|Ting-Lu|100\/100\n|switch|p2a: Mikasa|Ribombee, M, shiny|100\/100\n|-ability|p1a: Ting-Lu|Vessel of Ruin\n|turn|1\n|\n|t:|1699034793\n|move|p2a: Mikasa|Sticky Web|p1a: Ting-Lu\n|-sidestart|p1: YoungEsq|move: Sticky Web\n|move|p1a: Ting-Lu|Whirlwind|p2a: Mikasa\n|drag|p2a: Head 'n Shoulders|Flutter Mane|100\/100\n|-enditem|p2a: Head 'n Shoulders|Booster Energy\n|-activate|p2a: Head 'n Shoulders|ability: Protosynthesis|[fromitem]\n|-start|p2a: Head 'n Shoulders|protosynthesisspa\n|\n|upkeep\n|turn|2\n|\n|t:|1699034801\n|move|p2a: Head 'n Shoulders|Moonblast|p1a: Ting-Lu\n|-supereffective|p1a: Ting-Lu\n|-damage|p1a: Ting-Lu|42\/100\n|-unboost|p1a: Ting-Lu|spa|1\n|move|p1a: Ting-Lu|Stealth Rock|p2a: Head 'n Shoulders\n|-sidestart|p2: GymLeaderMina|move: Stealth Rock\n|\n|-heal|p1a: Ting-Lu|48\/100|[from] item: Leftovers\n|upkeep\n|turn|3\n|\n|t:|1699034819\n|-terastallize|p1a: Ting-Lu|Water\n|move|p2a: Head 'n Shoulders|Moonblast|p1a: Ting-Lu\n|-crit|p1a: Ting-Lu\n|-damage|p1a: Ting-Lu|1\/100\n|move|p1a: Ting-Lu|Whirlwind|p2a: Head 'n Shoulders\n|-end|p2a: Head 'n Shoulders|Protosynthesis|[silent]\n|drag|p2a: Mikasa|Ribombee, M, shiny|100\/100\n|-damage|p2a: Mikasa|76\/100|[from] Stealth Rock\n|\n|-heal|p1a: Ting-Lu|8\/100|[from] item: Leftovers\n|upkeep\n|turn|4\n|\n|t:|1699034833\n|move|p2a: Mikasa|Moonblast|p1a: Ting-Lu\n|-damage|p1a: Ting-Lu|0 fnt\n|faint|p1a: Ting-Lu\n|\n|upkeep\n|\n|t:|1699034843\n|switch|p1a: Samurott|Samurott-Hisui, M|100\/100\n|-activate|p1a: Samurott|move: Sticky Web\n|-unboost|p1a: Samurott|spe|1\n|turn|5\n|\n|t:|1699034850\n|move|p2a: Mikasa|Moonblast|p1a: Samurott\n|-supereffective|p1a: Samurott\n|-enditem|p1a: Samurott|Roseli Berry|[eat]\n|-enditem|p1a: Samurott|Roseli Berry|[weaken]\n|-damage|p1a: Samurott|51\/100\n|move|p1a: Samurott|Ceaseless Edge|p2a: Mikasa\n|-resisted|p2a: Mikasa\n|-damage|p2a: Mikasa|37\/100\n|-sidestart|p2: GymLeaderMina|Spikes\n|\n|upkeep\n|turn|6\n|\n|t:|1699034859\n|move|p1a: Samurott|Aqua Jet|p2a: Mikasa\n|-damage|p2a: Mikasa|2\/100\n|move|p2a: Mikasa|Moonblast|p1a: Samurott\n|-supereffective|p1a: Samurott\n|-damage|p1a: Samurott|0 fnt\n|faint|p1a: Samurott\n|\n|upkeep\n|\n|t:|1699034867\n|switch|p1a: Mandibuzz|Mandibuzz, F|100\/100\n|turn|7\n|\n|t:|1699034873\n|move|p2a: Mikasa|Moonblast|p1a: Mandibuzz\n|-supereffective|p1a: Mandibuzz\n|-damage|p1a: Mandibuzz|51\/100\n|move|p1a: Mandibuzz|Defog|p2a: Mikasa\n|-unboost|p2a: Mikasa|evasion|1\n|-sideend|p2: GymLeaderMina|Spikes|[from] move: Defog|[of] p1a: Mandibuzz\n|-sideend|p2: GymLeaderMina|Stealth Rock|[from] move: Defog|[of] p1a: Mandibuzz\n|-sideend|p1: YoungEsq|Sticky Web|[from] move: Defog|[of] p1a: Mandibuzz\n|\n|upkeep\n|turn|8\n|\n|t:|1699034883\n|move|p2a: Mikasa|Moonblast|p1a: Mandibuzz\n|-supereffective|p1a: Mandibuzz\n|-damage|p1a: Mandibuzz|0 fnt\n|faint|p1a: Mandibuzz\n|\n|upkeep\n|\n|t:|1699034892\n|switch|p1a: Chi-Yu|Chi-Yu|100\/100\n|-ability|p1a: Chi-Yu|Beads of Ruin\n|turn|9\n|\n|t:|1699034898\n|move|p1a: Chi-Yu|Flamethrower|p2a: Mikasa\n|-supereffective|p2a: Mikasa\n|-damage|p2a: Mikasa|0 fnt\n|faint|p2a: Mikasa\n|\n|upkeep\n|\n|t:|1699034904\n|switch|p2a: Head 'n Shoulders|Flutter Mane|100\/100\n|turn|10\n|\n|t:|1699034908\n|move|p1a: Chi-Yu|Flamethrower|p2a: Head 'n Shoulders\n|-damage|p2a: Head 'n Shoulders|30\/100\n|move|p2a: Head 'n Shoulders|Moonblast|p1a: Chi-Yu\n|-damage|p1a: Chi-Yu|31\/100\n|-unboost|p1a: Chi-Yu|spa|1\n|\n|upkeep\n|turn|11\n|\n|t:|1699034917\n|move|p1a: Chi-Yu|Flamethrower|p2a: Head 'n Shoulders\n|-damage|p2a: Head 'n Shoulders|0 fnt\n|faint|p2a: Head 'n Shoulders\n|-end|p2a: Head 'n Shoulders|Protosynthesis|[silent]\n|\n|upkeep\n|\n|t:|1699034929\n|switch|p2a: Viridian|Iron Valiant|100\/100\n|-enditem|p2a: Viridian|Booster Energy\n|-activate|p2a: Viridian|ability: Quark Drive|[fromitem]\n|-start|p2a: Viridian|quarkdriveatk\n|turn|12\n|\n|t:|1699034935\n|switch|p1a: Gholdengo|Gholdengo|100\/100\n|-item|p1a: Gholdengo|Air Balloon\n|move|p2a: Viridian|Drain Punch|p1a: Gholdengo\n|-immune|p1a: Gholdengo\n|\n|upkeep\n|turn|13\n|\n|t:|1699034944\n|move|p2a: Viridian|Shadow Sneak|p1a: Gholdengo\n|-supereffective|p1a: Gholdengo\n|-damage|p1a: Gholdengo|51\/100\n|-enditem|p1a: Gholdengo|Air Balloon\n|move|p1a: Gholdengo|Nasty Plot|p1a: Gholdengo\n|-boost|p1a: Gholdengo|spa|2\n|\n|upkeep\n|turn|14\n|\n|t:|1699034952\n|move|p2a: Viridian|Shadow Sneak|p1a: Gholdengo\n|-supereffective|p1a: Gholdengo\n|-damage|p1a: Gholdengo|1\/100\n|move|p1a: Gholdengo|Make It Rain|p2a: Viridian\n|-supereffective|p2a: Viridian\n|-damage|p2a: Viridian|0 fnt\n|-unboost|p1a: Gholdengo|spa|1\n|faint|p2a: Viridian\n|-end|p2a: Viridian|Quark Drive|[silent]\n|\n|upkeep\n|\n|t:|1699034963\n|switch|p2a: Princesa|Zacian-Crowned|100\/100\n|-ability|p2a: Princesa|Intrepid Sword|boost\n|-boost|p2a: Princesa|atk|1\n|turn|15\n|\n|t:|1699034971\n|move|p2a: Princesa|Behemoth Blade|p1a: Gholdengo\n|-resisted|p1a: Gholdengo\n|-damage|p1a: Gholdengo|0 fnt\n|faint|p1a: Gholdengo\n|\n|upkeep\n|\n|t:|1699034973\n|switch|p1a: Chi-Yu|Chi-Yu|31\/100\n|-ability|p1a: Chi-Yu|Beads of Ruin\n|turn|16\n|\n|t:|1699034984\n|move|p1a: Chi-Yu|Flamethrower|p2a: Princesa\n|-supereffective|p2a: Princesa\n|-damage|p2a: Princesa|0 fnt\n|faint|p2a: Princesa\n|\n|upkeep\n|\n|t:|1699034990\n|switch|p2a: Smokeshow|Weezing-Galar, M, shiny|100\/100\n|turn|17\n|\n|t:|1699034994\n|switch|p1a: Roaring Moon|Roaring Moon|100\/100\n|-enditem|p1a: Roaring Moon|Booster Energy\n|-activate|p1a: Roaring Moon|ability: Protosynthesis|[fromitem]\n|-start|p1a: Roaring Moon|protosynthesisatk\n|move|p2a: Smokeshow|Strange Steam|p1a: Roaring Moon\n|-supereffective|p1a: Roaring Moon\n|-damage|p1a: Roaring Moon|1\/100\n|\n|upkeep\n|turn|18\n|\n|t:|1699035003\n|move|p1a: Roaring Moon|Iron Head|p2a: Smokeshow\n|-supereffective|p2a: Smokeshow\n|-damage|p2a: Smokeshow|33\/100\n|move|p2a: Smokeshow|Toxic|p1a: Roaring Moon\n|-status|p1a: Roaring Moon|tox\n|\n|-heal|p2a: Smokeshow|39\/100|[from] item: Black Sludge\n|-damage|p1a: Roaring Moon|0 fnt|[from] psn\n|faint|p1a: Roaring Moon\n|-end|p1a: Roaring Moon|Protosynthesis|[silent]\n|upkeep\n|\n|t:|1699035011\n|switch|p1a: Chi-Yu|Chi-Yu|31\/100\n|-ability|p1a: Chi-Yu|Beads of Ruin\n|turn|19\n|\n|t:|1699035018\n|move|p1a: Chi-Yu|Flamethrower|p2a: Smokeshow\n|-damage|p2a: Smokeshow|0 fnt\n|faint|p2a: Smokeshow\n|\n|upkeep\n|\n|t:|1699035023\n|switch|p2a: Meatsack|Clefable, F, shiny|100\/100\n|turn|20\n|\n|t:|1699035026\n|move|p1a: Chi-Yu|Flamethrower|p2a: Meatsack\n|-damage|p2a: Meatsack|45\/100\n|move|p2a: Meatsack|Cosmic Power|p2a: Meatsack\n|-boost|p2a: Meatsack|def|1\n|-boost|p2a: Meatsack|spd|1\n|\n|upkeep\n|turn|21\n|\n|t:|1699035033\n|move|p1a: Chi-Yu|Flamethrower|p2a: Meatsack\n|-damage|p2a: Meatsack|6\/100\n|move|p2a: Meatsack|Moonlight|p2a: Meatsack\n|-heal|p2a: Meatsack|56\/100\n|\n|upkeep\n|turn|22\n|\n|t:|1699035040\n|move|p1a: Chi-Yu|Flamethrower|p2a: Meatsack\n|-damage|p2a: Meatsack|18\/100\n|move|p2a: Meatsack|Cosmic Power|p2a: Meatsack\n|-boost|p2a: Meatsack|def|1\n|-boost|p2a: Meatsack|spd|1\n|\n|upkeep\n|turn|23\n|\n|t:|1699035047\n|move|p1a: Chi-Yu|Flamethrower|p2a: Meatsack\n|-damage|p2a: Meatsack|0 fnt\n|faint|p2a: Meatsack\n|\n|win|YoungEsq\n|raw|YoungEsq's rating: 1364 &rarr; <strong>1382<\/strong><br \/>(+18 for winning)\n|raw|GymLeaderMina's rating: 1328 &rarr; <strong>1310<\/strong><br \/>(-18 for losing)\n","uploadtime":1699035050,"views":7,"p1id":"youngesq","p2id":"gymleadermina","formatid":"gen9anythinggoes","rating":1310,"private":0,"password":""}