{"id":"gen9anythinggoes-1971732385","p1":"Iknowmyabc'slol","p2":"WHOISBACKTPRADO","format":"[Gen 9] Anything Goes","log":"|j|\u2606Iknowmyabc'slol\n|j|\u2606WHOISBACKTPRADO\n|t:|1697765990\n|gametype|singles\n|player|p1|Iknowmyabc'slol|265|1484\n|player|p2|WHOISBACKTPRADO|2|1749\n|teamsize|p1|6\n|teamsize|p2|6\n|gen|9\n|tier|[Gen 9] Anything Goes\n|rated|\n|rule|HP Percentage Mod: HP is shown in percentages\n|rule|Endless Battle Clause: Forcing endless battles is banned\n|clearpoke\n|poke|p1|Arceus-Fairy|\n|poke|p1|Toxapex, F|\n|poke|p1|Ting-Lu|\n|poke|p1|Calyrex-Shadow|\n|poke|p1|Koraidon|\n|poke|p1|Arceus|\n|poke|p2|Calyrex-Shadow|\n|poke|p2|Miraidon|\n|poke|p2|Arceus|\n|poke|p2|Kyogre|\n|poke|p2|Zacian-*|\n|poke|p2|Ribombee, F|\n|teampreview\n|inactive|Battle timer is ON: inactive players will automatically lose when time's up. (requested by WHOISBACKTPRADO)\n|\n|t:|1697766001\n|start\n|switch|p1a: Koraidon|Koraidon|100\/100\n|switch|p2a: Ribombee|Ribombee, F|100\/100\n|-weather|SunnyDay|[from] ability: Orichalcum Pulse|[of] p1a: Koraidon\n|-activate|p1a: Koraidon|Orichalcum Pulse|[source]\n|turn|1\n|\n|t:|1697766008\n|move|p1a: Koraidon|U-turn|p2a: Ribombee\n|-resisted|p2a: Ribombee\n|-damage|p2a: Ribombee|68\/100\n|\n|t:|1697766011\n|switch|p1a: Ting-Lu|Ting-Lu|100\/100|[from] U-turn\n|-ability|p1a: Ting-Lu|Vessel of Ruin\n|move|p2a: Ribombee|Sticky Web|p1a: Ting-Lu\n|-sidestart|p1: Iknowmyabc'slol|move: Sticky Web\n|\n|-weather|SunnyDay|[upkeep]\n|upkeep\n|turn|2\n|\n|t:|1697766022\n|move|p2a: Ribombee|Moonblast|p1a: Ting-Lu\n|-supereffective|p1a: Ting-Lu\n|-damage|p1a: Ting-Lu|63\/100\n|move|p1a: Ting-Lu|Spikes|p2a: Ribombee\n|-sidestart|p2: WHOISBACKTPRADO|Spikes\n|\n|-weather|SunnyDay|[upkeep]\n|-heal|p1a: Ting-Lu|69\/100|[from] item: Leftovers\n|upkeep\n|turn|3\n|\n|t:|1697766031\n|move|p2a: Ribombee|Moonblast|p1a: Ting-Lu\n|-supereffective|p1a: Ting-Lu\n|-damage|p1a: Ting-Lu|32\/100\n|move|p1a: Ting-Lu|Spikes|p2a: Ribombee\n|-sidestart|p2: WHOISBACKTPRADO|Spikes\n|\n|-weather|SunnyDay|[upkeep]\n|-heal|p1a: Ting-Lu|38\/100|[from] item: Leftovers\n|upkeep\n|turn|4\n|\n|t:|1697766060\n|switch|p1a: Toxapex|Toxapex, F|100\/100\n|-activate|p1a: Toxapex|move: Sticky Web\n|-unboost|p1a: Toxapex|spe|1\n|move|p2a: Ribombee|Quiver Dance|p2a: Ribombee\n|-boost|p2a: Ribombee|spa|1\n|-boost|p2a: Ribombee|spd|1\n|-boost|p2a: Ribombee|spe|1\n|\n|-weather|SunnyDay|[upkeep]\n|upkeep\n|turn|5\n|\n|t:|1697766075\n|move|p2a: Ribombee|Quiver Dance|p2a: Ribombee\n|-boost|p2a: Ribombee|spa|1\n|-boost|p2a: Ribombee|spd|1\n|-boost|p2a: Ribombee|spe|1\n|move|p1a: Toxapex|Toxic Spikes|p2a: Ribombee\n|-sidestart|p2: WHOISBACKTPRADO|move: Toxic Spikes\n|\n|-weather|none\n|upkeep\n|turn|6\n|\n|t:|1697766081\n|move|p2a: Ribombee|Moonblast|p1a: Toxapex\n|-resisted|p1a: Toxapex\n|-damage|p1a: Toxapex|67\/100\n|-unboost|p1a: Toxapex|spa|1\n|move|p1a: Toxapex|Poison Jab|p2a: Ribombee\n|-supereffective|p2a: Ribombee\n|-damage|p2a: Ribombee|1\/100\n|\n|upkeep\n|turn|7\n|\n|t:|1697766091\n|move|p2a: Ribombee|Baton Pass|p2a: Ribombee\n|\n|t:|1697766099\n|switch|p2a: Calyrex|Calyrex-Shadow|100\/100|[from] Baton Pass\n|-ability|p2a: Calyrex|As One\n|-ability|p2a: Calyrex|Unnerve\n|move|p1a: Toxapex|Poison Jab|p2a: Calyrex\n|-resisted|p2a: Calyrex\n|-damage|p2a: Calyrex|91\/100\n|\n|upkeep\n|turn|8\n|\n|t:|1697766121\n|move|p1a: Toxapex|Baneful Bunker|p1a: Toxapex\n|-singleturn|p1a: Toxapex|move: Protect\n|move|p2a: Calyrex|Psyshock|p1a: Toxapex\n|-activate|p1a: Toxapex|move: Protect\n|\n|upkeep\n|turn|9\n|inactive|Iknowmyabc'slol has 120 seconds left.\n|inactive|Iknowmyabc'slol has 90 seconds left.\n|inactive|Iknowmyabc'slol has 60 seconds left.\n|\n|t:|1697766208\n|switch|p1a: Ting-Lu|Ting-Lu|38\/100\n|-activate|p1a: Ting-Lu|move: Sticky Web\n|-unboost|p1a: Ting-Lu|spe|1\n|-ability|p1a: Ting-Lu|Vessel of Ruin\n|move|p2a: Calyrex|Astral Barrage|p1a: Ting-Lu\n|-resisted|p1a: Ting-Lu\n|-damage|p1a: Ting-Lu|8\/100\n|\n|-heal|p1a: Ting-Lu|14\/100|[from] item: Leftovers\n|upkeep\n|turn|10\n|inactive|Iknowmyabc'slol has 60 seconds left.\n|\n|t:|1697766221\n|switch|p1a: Arceus|Arceus|100\/100\n|move|p2a: Calyrex|Astral Barrage|p1a: Arceus\n|-immune|p1a: Arceus\n|\n|upkeep\n|turn|11\n|inactive|Iknowmyabc'slol has 60 seconds left.\n|\n|t:|1697766229\n|move|p2a: Calyrex|Will-O-Wisp|p1a: Arceus\n|-status|p1a: Arceus|brn\n|move|p1a: Arceus|Shadow Claw|p2a: Calyrex\n|-supereffective|p2a: Calyrex\n|-crit|p2a: Calyrex\n|-damage|p2a: Calyrex|3\/100\n|\n|-damage|p1a: Arceus|94\/100 brn|[from] brn\n|upkeep\n|turn|12\n|\n|t:|1697766239\n|move|p2a: Calyrex|Psyshock|p1a: Arceus\n|-damage|p1a: Arceus|25\/100 brn\n|move|p1a: Arceus|Shadow Claw|p2a: Calyrex\n|-supereffective|p2a: Calyrex\n|-damage|p2a: Calyrex|0 fnt\n|faint|p2a: Calyrex\n|\n|-damage|p1a: Arceus|19\/100 brn|[from] brn\n|upkeep\n|\n|t:|1697766249\n|switch|p2a: Zacian|Zacian-Crowned|100\/100\n|-damage|p2a: Zacian|84\/100|[from] Spikes\n|-ability|p2a: Zacian|Intrepid Sword|boost\n|-boost|p2a: Zacian|atk|1\n|turn|13\n|inactive|Iknowmyabc'slol has 60 seconds left.\n|\n|t:|1697766274\n|move|p1a: Arceus|Extreme Speed|p2a: Zacian\n|-resisted|p2a: Zacian\n|-crit|p2a: Zacian\n|-damage|p2a: Zacian|69\/100\n|move|p2a: Zacian|Swords Dance|p2a: Zacian\n|-boost|p2a: Zacian|atk|2\n|\n|-damage|p1a: Arceus|13\/100 brn|[from] brn\n|upkeep\n|turn|14\n|\n|t:|1697766282\n|move|p2a: Zacian|Trailblaze|p1a: Arceus\n|-damage|p1a: Arceus|0 fnt\n|-boost|p2a: Zacian|spe|1\n|faint|p1a: Arceus\n|\n|upkeep\n|inactive|Iknowmyabc'slol has 60 seconds left.\n|\n|t:|1697766298\n|switch|p1a: Koraidon|Koraidon|100\/100\n|-activate|p1a: Koraidon|move: Sticky Web\n|-unboost|p1a: Koraidon|spe|1\n|-weather|SunnyDay|[from] ability: Orichalcum Pulse|[of] p1a: Koraidon\n|-activate|p1a: Koraidon|Orichalcum Pulse|[source]\n|turn|15\n|inactive|Iknowmyabc'slol has 60 seconds left.\n|\n|t:|1697766305\n|move|p2a: Zacian|Close Combat|p1a: Koraidon\n|-damage|p1a: Koraidon|5\/100\n|-unboost|p2a: Zacian|def|1\n|-unboost|p2a: Zacian|spd|1\n|move|p1a: Koraidon|Flare Blitz|p2a: Zacian\n|-supereffective|p2a: Zacian\n|-damage|p2a: Zacian|0 fnt\n|faint|p2a: Zacian\n|-damage|p1a: Koraidon|0 fnt|[from] Recoil\n|faint|p1a: Koraidon\n|\n|-weather|SunnyDay|[upkeep]\n|upkeep\n|inactive|Iknowmyabc'slol has 60 seconds left.\n|\n|t:|1697766316\n|switch|p2a: Ribombee|Ribombee, F|1\/100\n|switch|p1a: Ting-Lu|Ting-Lu|14\/100\n|-damage|p2a: Ribombee|0 fnt|[from] Spikes\n|faint|p2a: Ribombee\n|-activate|p1a: Ting-Lu|move: Sticky Web\n|-unboost|p1a: Ting-Lu|spe|1\n|-ability|p1a: Ting-Lu|Vessel of Ruin\n|\n|t:|1697766336\n|switch|p2a: Kyogre|Kyogre|100\/100\n|-damage|p2a: Kyogre|84\/100|[from] Spikes\n|-status|p2a: Kyogre|psn\n|-weather|RainDance|[from] ability: Drizzle|[of] p2a: Kyogre\n|turn|16\n|\n|t:|1697766350\n|move|p2a: Kyogre|Surf|p1a: Ting-Lu\n|-supereffective|p1a: Ting-Lu\n|-damage|p1a: Ting-Lu|0 fnt\n|faint|p1a: Ting-Lu\n|\n|-weather|RainDance|[upkeep]\n|-heal|p2a: Kyogre|90\/100 psn|[from] item: Leftovers\n|-damage|p2a: Kyogre|78\/100 psn|[from] psn\n|upkeep\n|\n|t:|1697766359\n|switch|p1a: Toxapex|Toxapex, F|99\/100\n|-activate|p1a: Toxapex|move: Sticky Web\n|-unboost|p1a: Toxapex|spe|1\n|turn|17\n|\n|t:|1697766364\n|move|p1a: Toxapex|Baneful Bunker|p1a: Toxapex\n|-singleturn|p1a: Toxapex|move: Protect\n|move|p2a: Kyogre|Thunder|p1a: Toxapex\n|-activate|p1a: Toxapex|move: Protect\n|\n|-weather|RainDance|[upkeep]\n|-heal|p2a: Kyogre|84\/100 psn|[from] item: Leftovers\n|-damage|p2a: Kyogre|72\/100 psn|[from] psn\n|upkeep\n|turn|18\n|\n|t:|1697766378\n|switch|p1a: Arceus|Arceus-Fairy|100\/100\n|-activate|p1a: Arceus|move: Sticky Web\n|-unboost|p1a: Arceus|spe|1\n|move|p2a: Kyogre|Surf|p1a: Arceus\n|-damage|p1a: Arceus|56\/100\n|\n|-weather|RainDance|[upkeep]\n|-heal|p2a: Kyogre|78\/100 psn|[from] item: Leftovers\n|-damage|p2a: Kyogre|65\/100 psn|[from] psn\n|upkeep\n|turn|19\n|\n|t:|1697766399\n|move|p2a: Kyogre|Thunder Wave|p1a: Arceus\n|-status|p1a: Arceus|par\n|cant|p1a: Arceus|par\n|\n|-weather|RainDance|[upkeep]\n|-heal|p2a: Kyogre|72\/100 psn|[from] item: Leftovers\n|-damage|p2a: Kyogre|59\/100 psn|[from] psn\n|upkeep\n|turn|20\n|\n|t:|1697766407\n|move|p2a: Kyogre|Surf|p1a: Arceus\n|-damage|p1a: Arceus|13\/100 par\n|move|p1a: Arceus|Judgment|p2a: Kyogre\n|-damage|p2a: Kyogre|28\/100 psn\n|\n|-weather|none\n|-heal|p2a: Kyogre|34\/100 psn|[from] item: Leftovers\n|-damage|p2a: Kyogre|22\/100 psn|[from] psn\n|upkeep\n|turn|21\n|\n|t:|1697766416\n|switch|p1a: Toxapex|Toxapex, F|100\/100\n|-activate|p1a: Toxapex|move: Sticky Web\n|-unboost|p1a: Toxapex|spe|1\n|move|p2a: Kyogre|Surf|p1a: Toxapex\n|-resisted|p1a: Toxapex\n|-damage|p1a: Toxapex|82\/100\n|\n|-heal|p2a: Kyogre|28\/100 psn|[from] item: Leftovers\n|-damage|p2a: Kyogre|16\/100 psn|[from] psn\n|upkeep\n|turn|22\n|\n|t:|1697766426\n|move|p1a: Toxapex|Baneful Bunker|p1a: Toxapex\n|-singleturn|p1a: Toxapex|move: Protect\n|move|p2a: Kyogre|Thunder|p1a: Toxapex\n|-activate|p1a: Toxapex|move: Protect\n|\n|-heal|p2a: Kyogre|22\/100 psn|[from] item: Leftovers\n|-damage|p2a: Kyogre|10\/100 psn|[from] psn\n|upkeep\n|turn|23\n|\n|t:|1697766438\n|move|p2a: Kyogre|Thunder|p1a: Toxapex\n|-supereffective|p1a: Toxapex\n|-damage|p1a: Toxapex|24\/100\n|move|p1a: Toxapex|Poison Jab|p2a: Kyogre\n|-damage|p2a: Kyogre|0 fnt\n|faint|p2a: Kyogre\n|\n|upkeep\n|\n|t:|1697766446\n|switch|p2a: Miraidon|Miraidon|100\/100\n|-damage|p2a: Miraidon|84\/100|[from] Spikes\n|-status|p2a: Miraidon|psn\n|-fieldstart|move: Electric Terrain|[from] ability: Hadron Engine|[of] p2a: Miraidon\n|turn|24\n|inactive|Iknowmyabc'slol has 90 seconds left.\n|\n|t:|1697766454\n|move|p1a: Toxapex|Baneful Bunker|p1a: Toxapex\n|-singleturn|p1a: Toxapex|move: Protect\n|move|p2a: Miraidon|Calm Mind|p2a: Miraidon\n|-boost|p2a: Miraidon|spa|1\n|-boost|p2a: Miraidon|spd|1\n|\n|-heal|p2a: Miraidon|90\/100 psn|[from] item: Leftovers\n|-damage|p2a: Miraidon|78\/100 psn|[from] psn\n|upkeep\n|turn|25\n|\n|t:|1697766463\n|move|p2a: Miraidon|Electro Drift|p1a: Toxapex\n|-supereffective|p1a: Toxapex\n|-damage|p1a: Toxapex|0 fnt\n|-damage|p2a: Miraidon|61\/100 psn|[from] item: Rocky Helmet|[of] p1a: Toxapex\n|faint|p1a: Toxapex\n|\n|-heal|p2a: Miraidon|68\/100 psn|[from] item: Leftovers\n|-damage|p2a: Miraidon|55\/100 psn|[from] psn\n|upkeep\n|j| s3rp3rior\n|\n|t:|1697766472\n|switch|p1a: Calyrex|Calyrex-Shadow|100\/100\n|-ability|p1a: Calyrex|As One\n|-ability|p1a: Calyrex|Unnerve\n|turn|26\n|\n|t:|1697766481\n|move|p1a: Calyrex|Astral Barrage|p2a: Miraidon\n|-crit|p2a: Miraidon\n|-damage|p2a: Miraidon|0 fnt\n|faint|p2a: Miraidon\n|-ability|p1a: Calyrex|Grim Neigh|boost\n|-boost|p1a: Calyrex|spa|1\n|\n|upkeep\n|\n|t:|1697766488\n|switch|p2a: Arceus|Arceus|100\/100\n|-damage|p2a: Arceus|84\/100|[from] Spikes\n|-status|p2a: Arceus|psn\n|turn|27\n|\n|t:|1697766499\n|-terastallize|p1a: Calyrex|Grass\n|-terastallize|p2a: Arceus|Dark\n|move|p1a: Calyrex|Grass Knot|p2a: Arceus\n|-damage|p2a: Arceus|12\/100 psn\n|-damage|p1a: Calyrex|84\/100|[from] item: Rocky Helmet|[of] p2a: Arceus\n|move|p2a: Arceus|Shadow Claw|p1a: Calyrex\n|-damage|p1a: Calyrex|63\/100\n|\n|-damage|p2a: Arceus|0 fnt|[from] psn\n|faint|p2a: Arceus\n|\n|win|Iknowmyabc'slol\n|upkeep\n|raw|Iknowmyabc&apos;slol's rating: 1484 &rarr; <strong>1517<\/strong><br \/>(+33 for winning)\n|raw|WHOISBACKTPRADO's rating: 1749 &rarr; <strong>1716<\/strong><br \/>(-33 for losing)\n|l|\u2606WHOISBACKTPRADO\n|c|\u2606Iknowmyabc'slol|gg\n","uploadtime":1697766514,"views":10,"p1id":"iknowmyabcslol","p2id":"whoisbacktprado","formatid":"gen9anythinggoes","rating":1517,"private":0,"password":""}