{"id":"gen9anythinggoes-1981289952","p1":"Gooooper","p2":"pineaplele man","format":"[Gen 9] Anything Goes","log":"|j|\u2606Gooooper\n|j|\u2606pineaplele man\n|t:|1698880223\n|gametype|singles\n|player|p1|Gooooper|evelyn|1140\n|player|p2|pineaplele man|2|1000\n|teamsize|p1|6\n|teamsize|p2|6\n|gen|9\n|tier|[Gen 9] Anything Goes\n|rated|\n|rule|HP Percentage Mod: HP is shown in percentages\n|rule|Endless Battle Clause: Forcing endless battles is banned\n|clearpoke\n|poke|p1|Ditto|\n|poke|p1|Wooper-Paldea, M|\n|poke|p1|Clodsire, M|\n|poke|p1|Arceus|\n|poke|p1|Eternatus|\n|poke|p1|Calyrex-Shadow|\n|poke|p2|Calyrex-Shadow|\n|poke|p2|Glimmora, M|\n|poke|p2|Tinkaton, F|\n|poke|p2|Ursaluna-Bloodmoon, M|\n|poke|p2|Rayquaza|\n|poke|p2|Slaking, M|\n|teampreview\n|\n|t:|1698880234\n|start\n|switch|p1a: Clod|Clodsire, M, shiny|100\/100\n|switch|p2a: Glimmora|Glimmora, M|100\/100\n|turn|1\n|inactive|Battle timer is ON: inactive players will automatically lose when time's up. (requested by Gooooper)\n|\n|t:|1698880242\n|move|p2a: Glimmora|Spikes|p1a: Clod\n|-sidestart|p1: Gooooper|Spikes\n|move|p1a: Clod|Earthquake|p2a: Glimmora\n|-supereffective|p2a: Glimmora\n|-enditem|p2a: Glimmora|Focus Sash\n|-damage|p2a: Glimmora|1\/100\n|-activate|p2a: Glimmora|ability: Toxic Debris\n|-sidestart|p1: Gooooper|move: Toxic Spikes\n|\n|upkeep\n|turn|2\n|\n|t:|1698880253\n|move|p2a: Glimmora|Toxic Spikes|p1a: Clod\n|-sidestart|p1: Gooooper|move: Toxic Spikes\n|move|p1a: Clod|Earthquake|p2a: Glimmora\n|-supereffective|p2a: Glimmora\n|-damage|p2a: Glimmora|0 fnt\n|faint|p2a: Glimmora\n|\n|upkeep\n|\n|t:|1698880265\n|switch|p2a: Rayquaza|Rayquaza|100\/100\n|-ability|p2a: Rayquaza|Air Lock\n|turn|3\n|\n|t:|1698880275\n|move|p2a: Rayquaza|Draco Meteor|p1a: Clod\n|-damage|p1a: Clod|39\/100\n|-unboost|p2a: Rayquaza|spa|2\n|move|p1a: Clod|Yawn|p2a: Rayquaza\n|-start|p2a: Rayquaza|move: Yawn|[of] p1a: Clod\n|\n|-heal|p1a: Clod|45\/100|[from] item: Leftovers\n|upkeep\n|turn|4\n|\n|t:|1698880288\n|move|p2a: Rayquaza|Tera Blast|p1a: Clod\n|-damage|p1a: Clod|21\/100\n|move|p1a: Clod|Stealth Rock|p2a: Rayquaza\n|-sidestart|p2: pineaplele man|move: Stealth Rock\n|\n|-heal|p1a: Clod|27\/100|[from] item: Leftovers\n|-end|p2a: Rayquaza|move: Yawn|[silent]\n|-status|p2a: Rayquaza|slp\n|upkeep\n|turn|5\n|\n|t:|1698880297\n|cant|p2a: Rayquaza|slp\n|move|p1a: Clod|Recover|p1a: Clod\n|-heal|p1a: Clod|77\/100\n|\n|-heal|p1a: Clod|84\/100|[from] item: Leftovers\n|upkeep\n|turn|6\n|\n|t:|1698880307\n|switch|p1a: Gooper|Wooper-Paldea, M, shiny|100\/100\n|-damage|p1a: Gooper|88\/100|[from] Spikes\n|-sideend|p1: Gooooper|move: Toxic Spikes|[of] p1a: Gooper\n|cant|p2a: Rayquaza|slp\n|\n|upkeep\n|turn|7\n|\n|t:|1698880316\n|cant|p2a: Rayquaza|slp\n|move|p1a: Gooper|Toxic Spikes|p2a: Rayquaza\n|-sidestart|p2: pineaplele man|move: Toxic Spikes\n|\n|upkeep\n|turn|8\n|\n|t:|1698880321\n|-curestatus|p2a: Rayquaza|slp|[msg]\n|move|p2a: Rayquaza|Dragon Dance|p2a: Rayquaza\n|-boost|p2a: Rayquaza|atk|1\n|-boost|p2a: Rayquaza|spe|1\n|move|p1a: Gooper|Spikes|p2a: Rayquaza\n|-sidestart|p2: pineaplele man|Spikes\n|\n|upkeep\n|turn|9\n|\n|t:|1698880327\n|move|p2a: Rayquaza|Dragon Dance|p2a: Rayquaza\n|-boost|p2a: Rayquaza|atk|1\n|-boost|p2a: Rayquaza|spe|1\n|move|p1a: Gooper|Yawn|p2a: Rayquaza\n|-start|p2a: Rayquaza|move: Yawn|[of] p1a: Gooper\n|\n|upkeep\n|turn|10\n|\n|t:|1698880336\n|move|p2a: Rayquaza|Hurricane|p1a: Gooper\n|-damage|p1a: Gooper|48\/100\n|move|p1a: Gooper|Spikes|p2a: Rayquaza\n|-sidestart|p2: pineaplele man|Spikes\n|\n|-end|p2a: Rayquaza|move: Yawn|[silent]\n|-status|p2a: Rayquaza|slp\n|upkeep\n|turn|11\n|\n|t:|1698880345\n|switch|p1a: God ?|Arceus, shiny|100\/100\n|-damage|p1a: God ?|88\/100|[from] Spikes\n|cant|p2a: Rayquaza|slp\n|\n|-heal|p1a: God ?|94\/100|[from] item: Leftovers\n|upkeep\n|turn|12\n|\n|t:|1698880355\n|cant|p2a: Rayquaza|slp\n|move|p1a: God ?|Roar|p2a: Rayquaza\n|drag|p2a: Tinkaton|Tinkaton, F|100\/100\n|-damage|p2a: Tinkaton|94\/100|[from] Stealth Rock\n|-damage|p2a: Tinkaton|78\/100|[from] Spikes\n|-ability|p2a: Tinkaton|Mold Breaker\n|\n|-heal|p1a: God ?|99\/100|[from] item: Leftovers\n|-heal|p2a: Tinkaton|84\/100|[from] item: Leftovers\n|upkeep\n|turn|13\n|\n|t:|1698880369\n|move|p2a: Tinkaton|Knock Off|p1a: God ?\n|-damage|p1a: God ?|89\/100\n|-enditem|p1a: God ?|Leftovers|[from] move: Knock Off|[of] p2a: Tinkaton\n|move|p1a: God ?|Roar|p2a: Tinkaton\n|drag|p2a: Slaking|Slaking, M|100\/100\n|-damage|p2a: Slaking|88\/100|[from] Stealth Rock\n|-status|p2a: Slaking|psn\n|-damage|p2a: Slaking|71\/100 psn|[from] Spikes\n|\n|-damage|p2a: Slaking|59\/100 psn|[from] psn\n|upkeep\n|turn|14\n|\n|t:|1698880393\n|move|p1a: God ?|Extreme Speed|p2a: Slaking\n|-damage|p2a: Slaking|35\/100 psn\n|move|p2a: Slaking|Earthquake|p1a: God ?\n|-damage|p1a: God ?|59\/100\n|-damage|p2a: Slaking|25\/100 psn|[from] item: Life Orb\n|\n|-damage|p2a: Slaking|12\/100 psn|[from] psn\n|upkeep\n|turn|15\n|\n|t:|1698880406\n|switch|p2a: Tinkaton|Tinkaton, F|84\/100\n|-damage|p2a: Tinkaton|78\/100|[from] Stealth Rock\n|-damage|p2a: Tinkaton|61\/100|[from] Spikes\n|-ability|p2a: Tinkaton|Mold Breaker\n|move|p1a: God ?|Recover|p1a: God ?\n|-heal|p1a: God ?|100\/100\n|\n|-heal|p2a: Tinkaton|67\/100|[from] item: Leftovers\n|upkeep\n|turn|16\n|\n|t:|1698880418\n|move|p2a: Tinkaton|Gigaton Hammer|p1a: God ?\n|-damage|p1a: God ?|73\/100\n|move|p1a: God ?|Roar|p2a: Tinkaton\n|drag|p2a: Rayquaza|Rayquaza|100\/100 slp\n|-damage|p2a: Rayquaza|76\/100 slp|[from] Stealth Rock\n|-ability|p2a: Rayquaza|Air Lock\n|\n|-heal|p2a: Rayquaza|82\/100 slp|[from] item: Leftovers\n|upkeep\n|turn|17\n|\n|t:|1698880431\n|cant|p2a: Rayquaza|slp\n|move|p1a: God ?|Roar|p2a: Rayquaza\n|drag|p2a: Tinkaton|Tinkaton, F|67\/100\n|-damage|p2a: Tinkaton|61\/100|[from] Stealth Rock\n|-damage|p2a: Tinkaton|45\/100|[from] Spikes\n|-ability|p2a: Tinkaton|Mold Breaker\n|\n|-heal|p2a: Tinkaton|51\/100|[from] item: Leftovers\n|upkeep\n|turn|18\n|\n|t:|1698880446\n|move|p2a: Tinkaton|Play Rough|p1a: God ?\n|-damage|p1a: God ?|59\/100\n|move|p1a: God ?|Roar|p2a: Tinkaton\n|drag|p2a: Rayquaza|Rayquaza|82\/100 slp\n|-damage|p2a: Rayquaza|57\/100 slp|[from] Stealth Rock\n|-ability|p2a: Rayquaza|Air Lock\n|\n|-heal|p2a: Rayquaza|63\/100 slp|[from] item: Leftovers\n|upkeep\n|turn|19\n|\n|t:|1698880459\n|-curestatus|p2a: Rayquaza|slp|[msg]\n|move|p2a: Rayquaza|Draco Meteor|p1a: God ?\n|-damage|p1a: God ?|13\/100\n|-unboost|p2a: Rayquaza|spa|2\n|move|p1a: God ?|Recover|p1a: God ?\n|-heal|p1a: God ?|63\/100\n|\n|-heal|p2a: Rayquaza|69\/100|[from] item: Leftovers\n|upkeep\n|turn|20\n|\n|t:|1698880469\n|move|p2a: Rayquaza|Hurricane|p1a: God ?\n|-damage|p1a: God ?|41\/100\n|-start|p1a: God ?|confusion\n|-activate|p1a: God ?|confusion\n|move|p1a: God ?|Recover|p1a: God ?\n|-heal|p1a: God ?|91\/100\n|\n|-heal|p2a: Rayquaza|75\/100|[from] item: Leftovers\n|upkeep\n|turn|21\n|\n|t:|1698880486\n|switch|p2a: Calyrex|Calyrex-Shadow|100\/100\n|-ability|p2a: Calyrex|As One\n|-ability|p2a: Calyrex|Unnerve\n|-damage|p2a: Calyrex|88\/100|[from] Stealth Rock\n|-status|p2a: Calyrex|psn\n|-damage|p2a: Calyrex|72\/100 psn|[from] Spikes\n|switch|p1a: Gooper|Wooper-Paldea, M, shiny|48\/100\n|-damage|p1a: Gooper|36\/100|[from] Spikes\n|\n|-damage|p2a: Calyrex|59\/100 psn|[from] psn\n|upkeep\n|turn|22\n|\n|t:|1698880505\n|move|p2a: Calyrex|Astral Barrage|p1a: Gooper\n|-damage|p1a: Gooper|0 fnt\n|faint|p1a: Gooper\n|-ability|p2a: Calyrex|Grim Neigh|boost\n|-boost|p2a: Calyrex|spa|1\n|\n|-damage|p2a: Calyrex|47\/100 psn|[from] psn\n|upkeep\n|\n|t:|1698880522\n|switch|p1a: Blue|Ditto, shiny|100\/100\n|-damage|p1a: Blue|88\/100|[from] Spikes\n|-transform|p1a: Blue|p2a: Calyrex|[from] ability: Imposter\n|turn|23\n|c|\u2606pineaplele man|ur team is so anoying\n|\n|t:|1698880536\n|switch|p1a: God ?|Arceus, shiny|91\/100\n|-damage|p1a: God ?|79\/100|[from] Spikes\n|move|p2a: Calyrex|Astral Barrage|p1a: God ?\n|-immune|p1a: God ?\n|\n|-damage|p2a: Calyrex|35\/100 psn|[from] psn\n|upkeep\n|turn|24\n|\n|t:|1698880548\n|switch|p2a: Ursaluna|Ursaluna-Bloodmoon, M|100\/100\n|-damage|p2a: Ursaluna|95\/100|[from] Stealth Rock\n|-status|p2a: Ursaluna|psn\n|-damage|p2a: Ursaluna|78\/100 psn|[from] Spikes\n|move|p1a: God ?|Roar|p2a: Ursaluna\n|drag|p2a: Calyrex|Calyrex-Shadow|35\/100 psn\n|-ability|p2a: Calyrex|As One\n|-ability|p2a: Calyrex|Unnerve\n|-damage|p2a: Calyrex|22\/100 psn|[from] Stealth Rock\n|-damage|p2a: Calyrex|6\/100 psn|[from] Spikes\n|\n|-damage|p2a: Calyrex|0 fnt|[from] psn\n|faint|p2a: Calyrex\n|upkeep\n|\n|t:|1698880566\n|switch|p2a: Ursaluna|Ursaluna-Bloodmoon, M|78\/100 psn\n|-damage|p2a: Ursaluna|72\/100 psn|[from] Stealth Rock\n|-damage|p2a: Ursaluna|55\/100 psn|[from] Spikes\n|turn|25\n|\n|t:|1698880578\n|move|p2a: Ursaluna|Blood Moon|p1a: God ?\n|-damage|p1a: God ?|49\/100\n|move|p1a: God ?|Roar|p2a: Ursaluna\n|drag|p2a: Tinkaton|Tinkaton, F|51\/100\n|-damage|p2a: Tinkaton|45\/100|[from] Stealth Rock\n|-damage|p2a: Tinkaton|28\/100|[from] Spikes\n|-ability|p2a: Tinkaton|Mold Breaker\n|\n|-heal|p2a: Tinkaton|34\/100|[from] item: Leftovers\n|upkeep\n|turn|26\n|\n|t:|1698880593\n|move|p1a: God ?|Recover|p1a: God ?\n|-heal|p1a: God ?|99\/100\n|move|p2a: Tinkaton|Gigaton Hammer|p1a: God ?\n|-damage|p1a: God ?|73\/100\n|\n|-heal|p2a: Tinkaton|40\/100|[from] item: Leftovers\n|upkeep\n|turn|27\n|\n|t:|1698880602\n|move|p2a: Tinkaton|Play Rough|p1a: God ?\n|-damage|p1a: God ?|57\/100\n|move|p1a: God ?|Roar|p2a: Tinkaton\n|drag|p2a: Slaking|Slaking, M|12\/100 psn\n|-damage|p2a: Slaking|0 fnt|[from] Stealth Rock\n|faint|p2a: Slaking\n|\n|upkeep\n|\n|t:|1698880611\n|switch|p2a: Rayquaza|Rayquaza|75\/100\n|-damage|p2a: Rayquaza|50\/100|[from] Stealth Rock\n|-ability|p2a: Rayquaza|Air Lock\n|turn|28\n|\n|t:|1698880617\n|move|p2a: Rayquaza|Draco Meteor|p1a: God ?\n|-damage|p1a: God ?|8\/100\n|-unboost|p2a: Rayquaza|spa|2\n|move|p1a: God ?|Recover|p1a: God ?\n|-heal|p1a: God ?|58\/100\n|\n|-heal|p2a: Rayquaza|56\/100|[from] item: Leftovers\n|upkeep\n|turn|29\n|\n|t:|1698880629\n|move|p2a: Rayquaza|Draco Meteor|p1a: God ?\n|-damage|p1a: God ?|36\/100\n|-unboost|p2a: Rayquaza|spa|2\n|move|p1a: God ?|Recover|p1a: God ?\n|-heal|p1a: God ?|86\/100\n|\n|-heal|p2a: Rayquaza|62\/100|[from] item: Leftovers\n|upkeep\n|turn|30\n|l|\u2606pineaplele man\n|inactive|pineaplele man disconnected and has a minute to reconnect!\n|player|p2|\n|inactive|pineaplele man has 30 seconds to reconnect!\n|inactive|pineaplele man has 20 seconds to reconnect!\n|inactive|pineaplele man has 15 seconds to reconnect!\n|inactive|pineaplele man has 10 seconds to reconnect!\n|inactive|pineaplele man has 5 seconds to reconnect!\n|-message|pineaplele man lost due to inactivity.\n|\n|win|Gooooper\n|raw|Gooooper's rating: 1140 &rarr; <strong>1155<\/strong><br \/>(+15 for winning)\n|raw|pineaplele man's rating: 1000 &rarr; <strong>1000<\/strong><br \/>(+0 for losing)\n","uploadtime":1698880708,"views":7,"p1id":"gooooper","p2id":"pineapleleman","formatid":"gen9anythinggoes","rating":1000,"private":0,"password":""}