{"id":"gen9anythinggoes-1997739796","p1":"SCRIVVVY","p2":"LunchMate","format":"[Gen 9] Anything Goes","log":"|j|\u2606SCRIVVVY\n|j|\u2606LunchMate\n|t:|1700847574\n|gametype|singles\n|player|p1|SCRIVVVY|gentleman|1194\n|player|p2|LunchMate|101|1090\n|teamsize|p1|6\n|teamsize|p2|6\n|gen|9\n|tier|[Gen 9] Anything Goes\n|rated|\n|rule|HP Percentage Mod: HP is shown in percentages\n|rule|Endless Battle Clause: Forcing endless battles is banned\n|clearpoke\n|poke|p1|Glalie, M|\n|poke|p1|Ninetales-Alola, M|\n|poke|p1|Cloyster, M|\n|poke|p1|Articuno|\n|poke|p1|Sandslash-Alola, M|\n|poke|p1|Mamoswine, M|\n|poke|p2|Maushold-Four|\n|poke|p2|Maushold-Four|\n|poke|p2|Maushold-Four|\n|poke|p2|Maushold-Four|\n|poke|p2|Maushold-Four|\n|poke|p2|Maushold-Four|\n|teampreview\n|inactive|Battle timer is ON: inactive players will automatically lose when time's up. (requested by SCRIVVVY)\n|\n|t:|1700847585\n|start\n|switch|p1a: Ninetales|Ninetales-Alola, M|100\/100\n|switch|p2a: Maushold|Maushold-Four|100\/100\n|-weather|Snow|[from] ability: Snow Warning|[of] p1a: Ninetales\n|turn|1\n|\n|t:|1700847607\n|move|p2a: Maushold|Tidy Up|p2a: Maushold\n|-boost|p2a: Maushold|atk|1\n|-boost|p2a: Maushold|spe|1\n|move|p1a: Ninetales|Aurora Veil|p1a: Ninetales\n|-sidestart|p1: SCRIVVVY|move: Aurora Veil\n|\n|-weather|Snow|[upkeep]\n|upkeep\n|turn|2\n|\n|t:|1700847627\n|switch|p1a: Articuno|Articuno|100\/100\n|move|p2a: Maushold|Population Bomb|p1a: Articuno\n|-damage|p1a: Articuno|95\/100\n|-damage|p1a: Articuno|89\/100\n|-damage|p1a: Articuno|84\/100\n|-damage|p1a: Articuno|78\/100\n|-damage|p1a: Articuno|72\/100\n|-hitcount|p1a: Articuno|5\n|\n|-weather|Snow|[upkeep]\n|upkeep\n|turn|3\n|inactive|SCRIVVVY has 120 seconds left.\n|\n|t:|1700847651\n|-terastallize|p2a: Maushold|Normal\n|move|p2a: Maushold|Population Bomb|p1a: Articuno\n|-damage|p1a: Articuno|65\/100\n|-hitcount|p1a: Articuno|1\n|move|p1a: Articuno|Tailwind|p1a: Articuno\n|-sidestart|p1: SCRIVVVY|move: Tailwind\n|\n|-weather|Snow|[upkeep]\n|upkeep\n|turn|4\n|inactive|SCRIVVVY has 120 seconds left.\n|\n|t:|1700847662\n|move|p1a: Articuno|Ancient Power|p2a: Maushold\n|-damage|p2a: Maushold|75\/100\n|move|p2a: Maushold|Population Bomb|p1a: Articuno\n|-damage|p1a: Articuno|57\/100\n|-hitcount|p1a: Articuno|1\n|\n|-weather|Snow|[upkeep]\n|upkeep\n|turn|5\n|\n|t:|1700847669\n|move|p1a: Articuno|Ancient Power|p2a: Maushold\n|-crit|p2a: Maushold\n|-damage|p2a: Maushold|40\/100\n|move|p2a: Maushold|Population Bomb|p1a: Articuno\n|-damage|p1a: Articuno|49\/100\n|-damage|p1a: Articuno|41\/100\n|-hitcount|p1a: Articuno|2\n|\n|-weather|none\n|upkeep\n|turn|6\n|\n|t:|1700847678\n|switch|p1a: Ninetales|Ninetales-Alola, M|100\/100\n|-weather|Snow|[from] ability: Snow Warning|[of] p1a: Ninetales\n|move|p2a: Maushold|Population Bomb|p1a: Ninetales\n|-damage|p1a: Ninetales|89\/100\n|-damage|p1a: Ninetales|78\/100\n|-crit|p1a: Ninetales\n|-damage|p1a: Ninetales|47\/100\n|-damage|p1a: Ninetales|36\/100\n|-damage|p1a: Ninetales|26\/100\n|-damage|p1a: Ninetales|14\/100\n|-hitcount|p1a: Ninetales|6\n|\n|-weather|Snow|[upkeep]\n|-sideend|p1: SCRIVVVY|move: Tailwind\n|upkeep\n|turn|7\n|\n|t:|1700847693\n|switch|p1a: Articuno|Articuno|41\/100\n|move|p2a: Maushold|Population Bomb|p1a: Articuno|[miss]\n|-miss|p2a: Maushold|p1a: Articuno\n|\n|-weather|Snow|[upkeep]\n|upkeep\n|turn|8\n|\n|t:|1700847704\n|move|p2a: Maushold|Tidy Up|p2a: Maushold\n|-boost|p2a: Maushold|atk|1\n|-boost|p2a: Maushold|spe|1\n|move|p1a: Articuno|Tailwind|p1a: Articuno\n|-sidestart|p1: SCRIVVVY|move: Tailwind\n|\n|-weather|Snow|[upkeep]\n|-sideend|p1: SCRIVVVY|move: Aurora Veil\n|upkeep\n|turn|9\n|\n|t:|1700847712\n|move|p2a: Maushold|Population Bomb|p1a: Articuno\n|-damage|p1a: Articuno|20\/100\n|-damage|p1a: Articuno|1\/100\n|-damage|p1a: Articuno|0 fnt\n|faint|p1a: Articuno\n|-hitcount|p1: Articuno|3\n|\n|-weather|Snow|[upkeep]\n|upkeep\n|\n|t:|1700847715\n|switch|p1a: Ninetales|Ninetales-Alola, M|14\/100\n|turn|10\n|\n|t:|1700847722\n|move|p2a: Maushold|Population Bomb|p1a: Ninetales\n|-damage|p1a: Ninetales|0 fnt\n|faint|p1a: Ninetales\n|-hitcount|p1: Ninetales|1\n|\n|-weather|none\n|upkeep\n|\n|t:|1700847739\n|switch|p1a: Cloyster|Cloyster, M|100\/100\n|turn|11\n|\n|t:|1700847743\n|move|p2a: Maushold|Population Bomb|p1a: Cloyster\n|-damage|p1a: Cloyster|75\/100\n|-damage|p1a: Cloyster|51\/100\n|-damage|p1a: Cloyster|28\/100\n|-damage|p1a: Cloyster|4\/100\n|-damage|p1a: Cloyster|0 fnt\n|faint|p1a: Cloyster\n|-hitcount|p1: Cloyster|5\n|\n|-sideend|p1: SCRIVVVY|move: Tailwind\n|upkeep\n|\n|t:|1700847753\n|switch|p1a: Sandslash|Sandslash-Alola, M|100\/100\n|turn|12\n|\n|t:|1700847758\n|move|p2a: Maushold|Population Bomb|p1a: Sandslash\n|-resisted|p1a: Sandslash\n|-damage|p1a: Sandslash|86\/100\n|-resisted|p1a: Sandslash\n|-damage|p1a: Sandslash|70\/100\n|-resisted|p1a: Sandslash\n|-damage|p1a: Sandslash|55\/100\n|-resisted|p1a: Sandslash\n|-damage|p1a: Sandslash|40\/100\n|-resisted|p1a: Sandslash\n|-damage|p1a: Sandslash|25\/100\n|-resisted|p1a: Sandslash\n|-crit|p1a: Sandslash\n|-damage|p1a: Sandslash|1\/100\n|-resisted|p1a: Sandslash\n|-damage|p1a: Sandslash|0 fnt\n|faint|p1a: Sandslash\n|-hitcount|p1: Sandslash|7\n|\n|upkeep\n|\n|t:|1700847764\n|switch|p1a: Mamoswine|Mamoswine, M|100\/100\n|turn|13\n|\n|t:|1700847778\n|move|p1a: Mamoswine|Ice Shard|p2a: Maushold\n|-damage|p2a: Maushold|5\/100\n|move|p2a: Maushold|Population Bomb|p1a: Mamoswine\n|-damage|p1a: Mamoswine|71\/100\n|-damage|p1a: Mamoswine|43\/100\n|-damage|p1a: Mamoswine|12\/100\n|-hitcount|p1a: Mamoswine|3\n|\n|-heal|p1a: Mamoswine|18\/100|[from] item: Leftovers\n|upkeep\n|turn|14\n|\n|t:|1700847792\n|move|p1a: Mamoswine|Ice Shard|p2a: Maushold\n|-damage|p2a: Maushold|0 fnt\n|faint|p2a: Maushold\n|\n|-heal|p1a: Mamoswine|25\/100|[from] item: Leftovers\n|upkeep\n|\n|t:|1700847798\n|switch|p2a: Maushold|Maushold-Four|100\/100\n|turn|15\n|\n|t:|1700847804\n|move|p2a: Maushold|Population Bomb|p1a: Mamoswine\n|-damage|p1a: Mamoswine|14\/100\n|-damage|p1a: Mamoswine|4\/100\n|-hitcount|p1a: Mamoswine|2\n|move|p1a: Mamoswine|Knock Off|p2a: Maushold\n|-damage|p2a: Maushold|43\/100\n|-enditem|p2a: Maushold|King's Rock|[from] move: Knock Off|[of] p1a: Mamoswine\n|\n|-heal|p1a: Mamoswine|10\/100|[from] item: Leftovers\n|upkeep\n|turn|16\n|\n|t:|1700847814\n|move|p2a: Maushold|Population Bomb|p1a: Mamoswine\n|-crit|p1a: Mamoswine\n|-damage|p1a: Mamoswine|0 fnt\n|faint|p1a: Mamoswine\n|-hitcount|p1: Mamoswine|1\n|\n|upkeep\n|\n|t:|1700847816\n|switch|p1a: Glalie|Glalie, M|100\/100\n|turn|17\n|\n|t:|1700847824\n|move|p1a: Glalie|Protect|p1a: Glalie\n|-singleturn|p1a: Glalie|Protect\n|move|p2a: Maushold|Population Bomb|p1a: Glalie\n|-activate|p1a: Glalie|move: Protect\n|\n|-ability|p1a: Glalie|Moody|boost\n|-boost|p1a: Glalie|atk|2\n|-unboost|p1a: Glalie|spd|1\n|upkeep\n|turn|18\n|\n|t:|1700847832\n|move|p2a: Maushold|Encore|p1a: Glalie\n|-start|p1a: Glalie|Encore\n|move|p1a: Glalie|Protect||[still]\n|-fail|p1a: Glalie\n|\n|-ability|p1a: Glalie|Moody|boost\n|-boost|p1a: Glalie|def|2\n|-unboost|p1a: Glalie|spe|1\n|upkeep\n|turn|19\n|\n|t:|1700847841\n|move|p1a: Glalie|Protect|p1a: Glalie\n|-singleturn|p1a: Glalie|Protect\n|move|p2a: Maushold|Tidy Up|p2a: Maushold\n|-boost|p2a: Maushold|atk|1\n|-boost|p2a: Maushold|spe|1\n|\n|-ability|p1a: Glalie|Moody|boost\n|-boost|p1a: Glalie|def|2\n|-unboost|p1a: Glalie|spe|1\n|upkeep\n|turn|20\n|\n|t:|1700847851\n|move|p1a: Glalie|Protect||[still]\n|-fail|p1a: Glalie\n|move|p2a: Maushold|Population Bomb|p1a: Glalie\n|-damage|p1a: Glalie|92\/100\n|-damage|p1a: Glalie|85\/100\n|-hitcount|p1a: Glalie|2\n|\n|-heal|p1a: Glalie|91\/100|[from] item: Leftovers\n|-end|p1a: Glalie|Encore\n|-ability|p1a: Glalie|Moody|boost\n|-boost|p1a: Glalie|spa|2\n|-unboost|p1a: Glalie|def|1\n|upkeep\n|turn|21\n|\n|t:|1700847862\n|move|p2a: Maushold|Population Bomb|p1a: Glalie\n|-damage|p1a: Glalie|81\/100\n|-damage|p1a: Glalie|71\/100\n|-damage|p1a: Glalie|62\/100\n|-damage|p1a: Glalie|54\/100\n|-damage|p1a: Glalie|44\/100\n|-damage|p1a: Glalie|35\/100\n|-damage|p1a: Glalie|25\/100\n|-damage|p1a: Glalie|16\/100\n|-crit|p1a: Glalie\n|-damage|p1a: Glalie|0 fnt\n|faint|p1a: Glalie\n|-hitcount|p1: Glalie|9\n|\n|win|LunchMate\n|raw|SCRIVVVY's rating: 1194 &rarr; <strong>1162<\/strong><br \/>(-32 for losing)\n|raw|LunchMate's rating: 1090 &rarr; <strong>1124<\/strong><br \/>(+34 for winning)\n|c|\u2606SCRIVVVY|oof\n|c|\u2606LunchMate|sry man\n|c|\u2606SCRIVVVY|Maushold >>>>>\n|c|\u2606LunchMate|mouse solos\n|c|\u2606SCRIVVVY|also small tip: give them Wide lens. Population bomb will hit all 10 times\n|c|\u2606LunchMate|i know. i was testing out kings rock\n|c|\u2606SCRIVVVY|oh gotcha\n","uploadtime":1700847940,"views":0,"p1id":"scrivvvy","p2id":"lunchmate","formatid":"gen9anythinggoes","rating":1124,"private":0,"password":""}