{"id":"gen9anythinggoes-1980990331","p1":"RequiemRevived","p2":"LingLing007","format":"[Gen 9] Anything Goes","log":"|j|\u2606RequiemRevived\n|j|\u2606LingLing007\n|t:|1698854922\n|gametype|singles\n|player|p1|RequiemRevived|dahlia|1308\n|player|p2|LingLing007|proton|1355\n|teamsize|p1|6\n|teamsize|p2|6\n|gen|9\n|tier|[Gen 9] Anything Goes\n|rated|\n|rule|HP Percentage Mod: HP is shown in percentages\n|rule|Endless Battle Clause: Forcing endless battles is banned\n|clearpoke\n|poke|p1|Scream Tail|\n|poke|p1|Basculegion, M|\n|poke|p1|Florges, F|\n|poke|p1|Frosmoth, M|\n|poke|p1|Decidueye-Hisui, F|\n|poke|p1|Drifblim, M|\n|poke|p2|Roaring Moon|\n|poke|p2|Toxapex, F|\n|poke|p2|Zoroark-Hisui, M|\n|poke|p2|Polteageist-Antique|\n|poke|p2|Great Tusk|\n|poke|p2|Ninetales-Alola, F|\n|teampreview\n|inactive|Battle timer is ON: inactive players will automatically lose when time's up. (requested by RequiemRevived)\n|\n|t:|1698854936\n|start\n|switch|p1a: Frosmoth|Frosmoth, M|100\/100\n|switch|p2a: Great Tusk|Great Tusk|100\/100\n|turn|1\n|\n|t:|1698854952\n|move|p2a: Great Tusk|Stealth Rock|p1a: Frosmoth\n|-sidestart|p1: RequiemRevived|move: Stealth Rock\n|move|p1a: Frosmoth|Quiver Dance|p1a: Frosmoth\n|-boost|p1a: Frosmoth|spa|1\n|-boost|p1a: Frosmoth|spd|1\n|-boost|p1a: Frosmoth|spe|1\n|\n|upkeep\n|turn|2\n|\n|t:|1698854958\n|-end|p2a: Great Tusk|Protosynthesis|[silent]\n|switch|p2a: Toxapex|Toxapex, F|100\/100\n|move|p1a: Frosmoth|Giga Drain|p2a: Toxapex\n|-damage|p2a: Toxapex|77\/100\n|\n|upkeep\n|turn|3\n|\n|t:|1698854964\n|move|p1a: Frosmoth|Giga Drain|p2a: Toxapex\n|-damage|p2a: Toxapex|51\/100\n|move|p2a: Toxapex|Haze|p2a: Toxapex\n|-clearallboost\n|\n|upkeep\n|turn|4\n|\n|t:|1698854968\n|move|p1a: Frosmoth|Giga Drain|p2a: Toxapex\n|-damage|p2a: Toxapex|34\/100\n|move|p2a: Toxapex|Toxic|p1a: Frosmoth\n|-status|p1a: Frosmoth|tox\n|\n|-damage|p1a: Frosmoth|94\/100 tox|[from] psn\n|upkeep\n|turn|5\n|\n|t:|1698854975\n|switch|p2a: Ninetales|Ninetales-Alola, F, shiny|100\/100\n|-weather|Snow|[from] ability: Snow Warning|[of] p2a: Ninetales\n|move|p1a: Frosmoth|Giga Drain|p2a: Ninetales\n|-damage|p2a: Ninetales|73\/100\n|-heal|p1a: Frosmoth|100\/100 tox|[from] drain|[of] p2a: Ninetales\n|\n|-weather|Snow|[upkeep]\n|-damage|p1a: Frosmoth|88\/100 tox|[from] psn\n|upkeep\n|turn|6\n|\n|t:|1698854987\n|move|p2a: Ninetales|Aurora Veil|p2a: Ninetales\n|-sidestart|p2: LingLing007|move: Aurora Veil\n|move|p1a: Frosmoth|Quiver Dance|p1a: Frosmoth\n|-boost|p1a: Frosmoth|spa|1\n|-boost|p1a: Frosmoth|spd|1\n|-boost|p1a: Frosmoth|spe|1\n|\n|-weather|Snow|[upkeep]\n|-damage|p1a: Frosmoth|70\/100 tox|[from] psn\n|upkeep\n|turn|7\n|\n|t:|1698854990\n|move|p1a: Frosmoth|Quiver Dance|p1a: Frosmoth\n|-boost|p1a: Frosmoth|spa|1\n|-boost|p1a: Frosmoth|spd|1\n|-boost|p1a: Frosmoth|spe|1\n|move|p2a: Ninetales|Encore|p1a: Frosmoth\n|-start|p1a: Frosmoth|Encore\n|\n|-weather|Snow|[upkeep]\n|-damage|p1a: Frosmoth|46\/100 tox|[from] psn\n|upkeep\n|turn|8\n|\n|t:|1698855000\n|switch|p2a: Roaring Moon|Roaring Moon|100\/100\n|-enditem|p2a: Roaring Moon|Booster Energy\n|-activate|p2a: Roaring Moon|ability: Protosynthesis|[fromitem]\n|-start|p2a: Roaring Moon|protosynthesisspe\n|move|p1a: Frosmoth|Quiver Dance|p1a: Frosmoth\n|-boost|p1a: Frosmoth|spa|1\n|-boost|p1a: Frosmoth|spd|1\n|-boost|p1a: Frosmoth|spe|1\n|\n|-weather|Snow|[upkeep]\n|-damage|p1a: Frosmoth|16\/100 tox|[from] psn\n|upkeep\n|turn|9\n|\n|t:|1698855007\n|move|p1a: Frosmoth|Quiver Dance|p1a: Frosmoth\n|-boost|p1a: Frosmoth|spa|1\n|-boost|p1a: Frosmoth|spd|1\n|-boost|p1a: Frosmoth|spe|1\n|move|p2a: Roaring Moon|Dragon Dance|p2a: Roaring Moon\n|-boost|p2a: Roaring Moon|atk|1\n|-boost|p2a: Roaring Moon|spe|1\n|\n|-weather|none\n|-damage|p1a: Frosmoth|0 fnt|[from] psn\n|faint|p1a: Frosmoth\n|upkeep\n|\n|t:|1698855013\n|switch|p1a: Scream Tail|Scream Tail|100\/100\n|-damage|p1a: Scream Tail|88\/100|[from] Stealth Rock\n|turn|10\n|\n|t:|1698855019\n|-terastallize|p2a: Roaring Moon|Flying\n|move|p1a: Scream Tail|Protect|p1a: Scream Tail\n|-singleturn|p1a: Scream Tail|Protect\n|move|p2a: Roaring Moon|Dragon Dance|p2a: Roaring Moon\n|-boost|p2a: Roaring Moon|atk|1\n|-boost|p2a: Roaring Moon|spe|1\n|\n|-heal|p1a: Scream Tail|94\/100|[from] item: Leftovers\n|upkeep\n|turn|11\n|\n|t:|1698855025\n|move|p2a: Roaring Moon|Knock Off|p1a: Scream Tail\n|-damage|p1a: Scream Tail|9\/100\n|-enditem|p1a: Scream Tail|Leftovers|[from] move: Knock Off|[of] p2a: Roaring Moon\n|move|p1a: Scream Tail|Encore|p2a: Roaring Moon\n|-start|p2a: Roaring Moon|Encore\n|\n|upkeep\n|turn|12\n|\n|t:|1698855033\n|move|p2a: Roaring Moon|Knock Off|p1a: Scream Tail\n|-damage|p1a: Scream Tail|0 fnt\n|faint|p1a: Scream Tail\n|-end|p1a: Scream Tail|Protosynthesis|[silent]\n|\n|upkeep\n|\n|t:|1698855040\n|switch|p1a: Basculegion|Basculegion, M|100\/100\n|-damage|p1a: Basculegion|88\/100|[from] Stealth Rock\n|turn|13\n|\n|t:|1698855047\n|move|p2a: Roaring Moon|Knock Off|p1a: Basculegion\n|-supereffective|p1a: Basculegion\n|-damage|p1a: Basculegion|0 fnt\n|-enditem|p1a: Basculegion|Choice Specs|[from] move: Knock Off|[of] p2a: Roaring Moon\n|faint|p1a: Basculegion\n|\n|-sideend|p2: LingLing007|move: Aurora Veil\n|upkeep\n|\n|t:|1698855053\n|switch|p1a: Florges|Florges, F|100\/100\n|-damage|p1a: Florges|88\/100|[from] Stealth Rock\n|turn|14\n|\n|t:|1698855056\n|move|p1a: Florges|Protect|p1a: Florges\n|-singleturn|p1a: Florges|Protect\n|move|p2a: Roaring Moon|Knock Off|p1a: Florges\n|-activate|p1a: Florges|move: Protect\n|\n|-heal|p1a: Florges|94\/100|[from] item: Leftovers\n|-end|p2a: Roaring Moon|Encore\n|upkeep\n|turn|15\n|\n|t:|1698855064\n|move|p2a: Roaring Moon|Acrobatics|p1a: Florges\n|-damage|p1a: Florges|0 fnt\n|faint|p1a: Florges\n|\n|upkeep\n|\n|t:|1698855068\n|switch|p1a: Drifblim|Drifblim, M|100\/100\n|turn|16\n|\n|t:|1698855074\n|move|p2a: Roaring Moon|Knock Off|p1a: Drifblim\n|-supereffective|p1a: Drifblim\n|-damage|p1a: Drifblim|0 fnt\n|-damage|p2a: Roaring Moon|76\/100|[from] ability: Aftermath|[of] p1a: Drifblim\n|-enditem|p1a: Drifblim|Heavy-Duty Boots|[from] move: Knock Off|[of] p2a: Roaring Moon\n|faint|p1a: Drifblim\n|\n|upkeep\n|\n|t:|1698855077\n|switch|p1a: Decidueye|Decidueye-Hisui, F|100\/100\n|turn|17\n|\n|t:|1698855082\n|move|p2a: Roaring Moon|Acrobatics|p1a: Decidueye\n|-supereffective|p1a: Decidueye\n|-damage|p1a: Decidueye|0 fnt\n|faint|p1a: Decidueye\n|\n|win|LingLing007\n|raw|RequiemRevived's rating: 1308 &rarr; <strong>1291<\/strong><br \/>(-17 for losing)\n|raw|LingLing007's rating: 1355 &rarr; <strong>1372<\/strong><br \/>(+17 for winning)\n|c|\u2606RequiemRevived|gg\n|c|\u2606LingLing007|gg\n|l|\u2606RequiemRevived\n","uploadtime":1698855091,"views":16,"p1id":"requiemrevived","p2id":"lingling007","formatid":"gen9anythinggoes","rating":1291,"private":0,"password":""}