{"id":"gen9anythinggoes-1975840267","p1":"UltraDJames","p2":"TakoInaFan","format":"[Gen 9] Anything Goes","log":"|j|\u2606UltraDJames\n|j|\u2606TakoInaFan\n|t:|1698242878\n|gametype|singles\n|player|p1|UltraDJames|falkner|1415\n|player|p2|TakoInaFan|veteranf|1495\n|teamsize|p1|6\n|teamsize|p2|6\n|gen|9\n|tier|[Gen 9] Anything Goes\n|rated|\n|rule|HP Percentage Mod: HP is shown in percentages\n|rule|Endless Battle Clause: Forcing endless battles is banned\n|clearpoke\n|poke|p1|Miraidon|\n|poke|p1|Quagsire, M|\n|poke|p1|Espeon, M|\n|poke|p1|Corviknight, F|\n|poke|p1|Sneasler, F|\n|poke|p1|Calyrex-Shadow|\n|poke|p2|Palkia|\n|poke|p2|Cloyster, F|\n|poke|p2|Zacian-*|\n|poke|p2|Kingambit, F|\n|poke|p2|Ursaluna-Bloodmoon, M|\n|poke|p2|Mimikyu, M|\n|teampreview\n|inactive|Battle timer is ON: inactive players will automatically lose when time's up. (requested by UltraDJames)\n|c|\u2606UltraDJames|gl\n|\n|t:|1698242901\n|start\n|switch|p1a: Miraidon|Miraidon|100\/100\n|switch|p2a: Cloister|Cloyster, F|100\/100\n|-fieldstart|move: Electric Terrain|[from] ability: Hadron Engine|[of] p1a: Miraidon\n|turn|1\n|c|\u2606TakoInaFan|thanks\n|\n|t:|1698242913\n|move|p1a: Miraidon|Taunt|p2a: Cloister\n|-start|p2a: Cloister|move: Taunt\n|cant|p2a: Cloister|move: Taunt|Shell Smash\n|\n|upkeep\n|turn|2\n|\n|t:|1698242925\n|move|p1a: Miraidon|Light Screen|p1a: Miraidon\n|-sidestart|p1: UltraDJames|move: Light Screen\n|move|p2a: Cloister|Icicle Spear|p1a: Miraidon\n|-supereffective|p1a: Miraidon\n|-damage|p1a: Miraidon|81\/100\n|-supereffective|p1a: Miraidon\n|-damage|p1a: Miraidon|62\/100\n|-supereffective|p1a: Miraidon\n|-damage|p1a: Miraidon|45\/100\n|-supereffective|p1a: Miraidon\n|-damage|p1a: Miraidon|25\/100\n|-supereffective|p1a: Miraidon\n|-damage|p1a: Miraidon|5\/100\n|-hitcount|p1a: Miraidon|5\n|\n|upkeep\n|turn|3\n|\n|t:|1698242930\n|move|p2a: Cloister|Ice Shard|p1a: Miraidon\n|-supereffective|p1a: Miraidon\n|-damage|p1a: Miraidon|0 fnt\n|faint|p1a: Miraidon\n|\n|-end|p2a: Cloister|move: Taunt\n|upkeep\n|\n|t:|1698242939\n|switch|p1a: Quagsire|Quagsire, M|100\/100\n|turn|4\n|c|\u2606UltraDJames|i lost already lol\n|\n|t:|1698242949\n|move|p2a: Cloister|Shell Smash|p2a: Cloister\n|-unboost|p2a: Cloister|def|1\n|-unboost|p2a: Cloister|spd|1\n|-boost|p2a: Cloister|atk|2\n|-boost|p2a: Cloister|spa|2\n|-boost|p2a: Cloister|spe|2\n|move|p1a: Quagsire|Toxic|p2a: Cloister\n|-status|p2a: Cloister|tox\n|\n|-damage|p2a: Cloister|94\/100 tox|[from] psn\n|upkeep\n|turn|5\n|c|\u2606TakoInaFan|nope\n|\n|t:|1698242958\n|move|p2a: Cloister|Rock Blast|p1a: Quagsire\n|-resisted|p1a: Quagsire\n|-damage|p1a: Quagsire|98\/100\n|-resisted|p1a: Quagsire\n|-damage|p1a: Quagsire|96\/100\n|-resisted|p1a: Quagsire\n|-damage|p1a: Quagsire|93\/100\n|-resisted|p1a: Quagsire\n|-damage|p1a: Quagsire|91\/100\n|-resisted|p1a: Quagsire\n|-damage|p1a: Quagsire|89\/100\n|-hitcount|p1a: Quagsire|5\n|move|p1a: Quagsire|Stockpile|p1a: Quagsire\n|-start|p1a: Quagsire|stockpile1\n|-boost|p1a: Quagsire|def|1\n|-boost|p1a: Quagsire|spd|1\n|\n|-heal|p1a: Quagsire|95\/100|[from] item: Leftovers\n|-damage|p2a: Cloister|82\/100 tox|[from] psn\n|-fieldend|move: Electric Terrain\n|upkeep\n|turn|6\n|c|\u2606TakoInaFan|is it resistant to everything?\n|\n|t:|1698242988\n|switch|p2a: Ursoluna-Bloodmoon|Ursaluna-Bloodmoon, M|100\/100\n|move|p1a: Quagsire|Stockpile|p1a: Quagsire\n|-start|p1a: Quagsire|stockpile2\n|-boost|p1a: Quagsire|def|1\n|-boost|p1a: Quagsire|spd|1\n|\n|-heal|p1a: Quagsire|100\/100|[from] item: Leftovers\n|upkeep\n|turn|7\n|c|\u2606UltraDJames|nope\n|c|\u2606UltraDJames|has one resistance\n|\n|t:|1698242998\n|move|p2a: Ursoluna-Bloodmoon|Blood Moon|p1a: Quagsire\n|-damage|p1a: Quagsire|74\/100\n|move|p1a: Quagsire|Toxic|p2a: Ursoluna-Bloodmoon|[miss]\n|-miss|p1a: Quagsire|p2a: Ursoluna-Bloodmoon\n|\n|-heal|p1a: Quagsire|80\/100|[from] item: Leftovers\n|upkeep\n|turn|8\n|c|\u2606UltraDJames|thought that would do more damage\n|\n|t:|1698243015\n|switch|p2a: Zakian-Crowned|Zacian-Crowned|100\/100\n|-ability|p2a: Zakian-Crowned|Intrepid Sword|boost\n|-boost|p2a: Zakian-Crowned|atk|1\n|move|p1a: Quagsire|Toxic|p2a: Zakian-Crowned|[miss]\n|-miss|p1a: Quagsire|p2a: Zakian-Crowned\n|\n|-heal|p1a: Quagsire|86\/100|[from] item: Leftovers\n|upkeep\n|turn|9\n|\n|t:|1698243025\n|move|p2a: Zakian-Crowned|Swords Dance|p2a: Zakian-Crowned\n|-boost|p2a: Zakian-Crowned|atk|2\n|move|p1a: Quagsire|Stockpile|p1a: Quagsire\n|-start|p1a: Quagsire|stockpile3\n|-boost|p1a: Quagsire|def|1\n|-boost|p1a: Quagsire|spd|1\n|\n|-heal|p1a: Quagsire|92\/100|[from] item: Leftovers\n|-sideend|p1: UltraDJames|move: Light Screen\n|upkeep\n|turn|10\n|c|\u2606UltraDJames|buddy you know that this pokemon is?\n|\n|t:|1698243039\n|move|p2a: Zakian-Crowned|Swords Dance|p2a: Zakian-Crowned\n|-boost|p2a: Zakian-Crowned|atk|2\n|move|p1a: Quagsire|Earthquake|p2a: Zakian-Crowned\n|-supereffective|p2a: Zakian-Crowned\n|-damage|p2a: Zakian-Crowned|43\/100\n|\n|-heal|p1a: Quagsire|98\/100|[from] item: Leftovers\n|upkeep\n|turn|11\n|\n|t:|1698243049\n|-terastallize|p2a: Zakian-Crowned|Grass\n|move|p2a: Zakian-Crowned|Sacred Sword|p1a: Quagsire\n|-damage|p1a: Quagsire|75\/100\n|move|p1a: Quagsire|Earthquake|p2a: Zakian-Crowned\n|-resisted|p2a: Zakian-Crowned\n|-damage|p2a: Zakian-Crowned|29\/100\n|\n|-heal|p1a: Quagsire|81\/100|[from] item: Leftovers\n|upkeep\n|turn|12\n|c|\u2606TakoInaFan|oh it has earthqake\n|\n|t:|1698243060\n|move|p2a: Zakian-Crowned|Sacred Sword|p1a: Quagsire\n|-crit|p1a: Quagsire\n|-damage|p1a: Quagsire|47\/100\n|move|p1a: Quagsire|Toxic|p2a: Zakian-Crowned\n|-status|p2a: Zakian-Crowned|tox\n|\n|-heal|p1a: Quagsire|54\/100|[from] item: Leftovers\n|-damage|p2a: Zakian-Crowned|23\/100 tox|[from] psn\n|upkeep\n|turn|13\n|c|\u2606UltraDJames|and something else\n|\n|t:|1698243066\n|move|p2a: Zakian-Crowned|Sacred Sword|p1a: Quagsire\n|-damage|p1a: Quagsire|29\/100\n|move|p1a: Quagsire|Rest|p1a: Quagsire\n|-status|p1a: Quagsire|slp|[from] move: Rest\n|-heal|p1a: Quagsire|100\/100 slp|[silent]\n|\n|-damage|p2a: Zakian-Crowned|10\/100 tox|[from] psn\n|upkeep\n|turn|14\n|\n|t:|1698243073\n|move|p2a: Zakian-Crowned|Sacred Sword|p1a: Quagsire\n|-damage|p1a: Quagsire|76\/100 slp\n|cant|p1a: Quagsire|slp\n|\n|-heal|p1a: Quagsire|82\/100 slp|[from] item: Leftovers\n|-damage|p2a: Zakian-Crowned|0 fnt|[from] psn\n|faint|p2a: Zakian-Crowned\n|upkeep\n|c|\u2606TakoInaFan|grrr\n|\n|t:|1698243082\n|switch|p2a: Mimikyu|Mimikyu, M|100\/100\n|turn|15\n|\n|t:|1698243087\n|move|p2a: Mimikyu|Curse|p1a: Quagsire\n|-start|p1a: Quagsire|Curse|[of] p2a: Mimikyu\n|-damage|p2a: Mimikyu|50\/100\n|cant|p1a: Quagsire|slp\n|\n|-heal|p1a: Quagsire|88\/100 slp|[from] item: Leftovers\n|-damage|p1a: Quagsire|63\/100 slp|[from] Curse\n|upkeep\n|turn|16\n|c|\u2606UltraDJames|Nice\n|\n|t:|1698243096\n|move|p2a: Mimikyu|Shadow Sneak|p1a: Quagsire\n|-damage|p1a: Quagsire|59\/100 slp\n|-curestatus|p1a: Quagsire|slp|[msg]\n|move|p1a: Quagsire|Toxic|p2a: Mimikyu\n|-status|p2a: Mimikyu|tox\n|\n|-heal|p1a: Quagsire|65\/100|[from] item: Leftovers\n|-damage|p2a: Mimikyu|45\/100 tox|[from] psn\n|-damage|p1a: Quagsire|40\/100|[from] Curse\n|upkeep\n|turn|17\n|\n|t:|1698243107\n|move|p2a: Mimikyu|Protect|p2a: Mimikyu\n|-singleturn|p2a: Mimikyu|Protect\n|move|p1a: Quagsire|Rest|p1a: Quagsire\n|-status|p1a: Quagsire|slp|[from] move: Rest\n|-heal|p1a: Quagsire|100\/100 slp|[silent]\n|\n|-damage|p2a: Mimikyu|33\/100 tox|[from] psn\n|-damage|p1a: Quagsire|76\/100 slp|[from] Curse\n|upkeep\n|turn|18\n|\n|t:|1698243123\n|switch|p2a: Kinganbit|Kingambit, F|100\/100\n|-activate|p2a: Kinganbit|ability: Supreme Overlord\n|-start|p2a: Kinganbit|fallen1|[silent]\n|switch|p1a: Corviknight|Corviknight, F|100\/100\n|\n|upkeep\n|turn|19\n|\n|t:|1698243134\n|move|p1a: Corviknight|Agility|p1a: Corviknight\n|-boost|p1a: Corviknight|spe|2\n|move|p2a: Kinganbit|Brick Break|p1a: Corviknight\n|-damage|p1a: Corviknight|74\/100\n|\n|-heal|p1a: Corviknight|80\/100|[from] item: Leftovers\n|upkeep\n|turn|20\n|\n|t:|1698243146\n|move|p1a: Corviknight|Bulk Up|p1a: Corviknight\n|-boost|p1a: Corviknight|atk|1\n|-boost|p1a: Corviknight|def|1\n|move|p2a: Kinganbit|Shadow Claw|p1a: Corviknight\n|-damage|p1a: Corviknight|65\/100\n|\n|-heal|p1a: Corviknight|71\/100|[from] item: Leftovers\n|upkeep\n|turn|21\n|\n|t:|1698243150\n|move|p1a: Corviknight|Bulk Up|p1a: Corviknight\n|-boost|p1a: Corviknight|atk|1\n|-boost|p1a: Corviknight|def|1\n|move|p2a: Kinganbit|Brick Break|p1a: Corviknight\n|-damage|p1a: Corviknight|58\/100\n|\n|-heal|p1a: Corviknight|64\/100|[from] item: Leftovers\n|upkeep\n|turn|22\n|\n|t:|1698243158\n|-end|p2a: Kinganbit|fallen1|[silent]\n|switch|p2a: Mimikyu|Mimikyu, M|33\/100 tox\n|move|p1a: Corviknight|Bulk Up|p1a: Corviknight\n|-boost|p1a: Corviknight|atk|1\n|-boost|p1a: Corviknight|def|1\n|\n|-heal|p1a: Corviknight|71\/100|[from] item: Leftovers\n|-damage|p2a: Mimikyu|27\/100 tox|[from] psn\n|upkeep\n|turn|23\n|\n|t:|1698243166\n|move|p1a: Corviknight|Bulk Up|p1a: Corviknight\n|-boost|p1a: Corviknight|atk|1\n|-boost|p1a: Corviknight|def|1\n|move|p2a: Mimikyu|Destiny Bond|p2a: Mimikyu\n|-singlemove|p2a: Mimikyu|Destiny Bond\n|\n|-heal|p1a: Corviknight|77\/100|[from] item: Leftovers\n|-damage|p2a: Mimikyu|15\/100 tox|[from] psn\n|upkeep\n|turn|24\n|\n|t:|1698243174\n|move|p1a: Corviknight|Bulk Up|p1a: Corviknight\n|-boost|p1a: Corviknight|atk|1\n|-boost|p1a: Corviknight|def|1\n|move|p2a: Mimikyu|Curse|p1a: Corviknight\n|-start|p1a: Corviknight|Curse|[of] p2a: Mimikyu\n|-damage|p2a: Mimikyu|0 fnt\n|faint|p2a: Mimikyu\n|\n|-heal|p1a: Corviknight|83\/100|[from] item: Leftovers\n|-damage|p1a: Corviknight|58\/100|[from] Curse\n|upkeep\n|\n|t:|1698243188\n|switch|p2a: Cloister|Cloyster, F|82\/100 tox\n|turn|25\n|\n|t:|1698243190\n|move|p1a: Corviknight|Power Trip|p2a: Cloister\n|-damage|p2a: Cloister|0 fnt\n|faint|p2a: Cloister\n|\n|-heal|p1a: Corviknight|64\/100|[from] item: Leftovers\n|-damage|p1a: Corviknight|39\/100|[from] Curse\n|upkeep\n|\n|t:|1698243194\n|switch|p2a: Kinganbit|Kingambit, F|100\/100\n|-activate|p2a: Kinganbit|ability: Supreme Overlord\n|-start|p2a: Kinganbit|fallen3|[silent]\n|turn|26\n|\n|t:|1698243197\n|move|p2a: Kinganbit|Sucker Punch||[still]\n|-fail|p2a: Kinganbit\n|move|p1a: Corviknight|Roost|p1a: Corviknight\n|-heal|p1a: Corviknight|89\/100\n|-singleturn|p1a: Corviknight|move: Roost\n|\n|-heal|p1a: Corviknight|96\/100|[from] item: Leftovers\n|-damage|p1a: Corviknight|71\/100|[from] Curse\n|upkeep\n|turn|27\n|\n|t:|1698243206\n|move|p1a: Corviknight|Power Trip|p2a: Kinganbit\n|-resisted|p2a: Kinganbit\n|-damage|p2a: Kinganbit|33\/100\n|move|p2a: Kinganbit|Brick Break|p1a: Corviknight\n|-damage|p1a: Corviknight|62\/100\n|\n|-heal|p1a: Corviknight|68\/100|[from] item: Leftovers\n|-damage|p1a: Corviknight|43\/100|[from] Curse\n|upkeep\n|turn|28\n|\n|t:|1698243210\n|move|p2a: Kinganbit|Sucker Punch||[still]\n|-fail|p2a: Kinganbit\n|move|p1a: Corviknight|Roost|p1a: Corviknight\n|-heal|p1a: Corviknight|93\/100\n|-singleturn|p1a: Corviknight|move: Roost\n|\n|-heal|p1a: Corviknight|99\/100|[from] item: Leftovers\n|-damage|p1a: Corviknight|75\/100|[from] Curse\n|upkeep\n|turn|29\n|\n|t:|1698243215\n|move|p2a: Kinganbit|Sucker Punch|p1a: Corviknight\n|-damage|p1a: Corviknight|62\/100\n|move|p1a: Corviknight|Power Trip|p2a: Kinganbit\n|-resisted|p2a: Kinganbit\n|-damage|p2a: Kinganbit|0 fnt\n|faint|p2a: Kinganbit\n|-end|p2a: Kinganbit|fallen3|[silent]\n|\n|-heal|p1a: Corviknight|68\/100|[from] item: Leftovers\n|-damage|p1a: Corviknight|43\/100|[from] Curse\n|upkeep\n|c|\u2606TakoInaFan|gg\n|-message|TakoInaFan forfeited.\n|\n|win|UltraDJames\n|raw|UltraDJames's rating: 1415 &rarr; <strong>1440<\/strong><br \/>(+25 for winning)\n|raw|TakoInaFan's rating: 1495 &rarr; <strong>1470<\/strong><br \/>(-25 for losing)\n|c|\u2606UltraDJames|I will say\n|l|\u2606TakoInaFan\n|c|\u2606UltraDJames|curse is cool\n","uploadtime":1698243237,"views":8,"p1id":"ultradjames","p2id":"takoinafan","formatid":"gen9anythinggoes","rating":1440,"private":0,"password":""}