{"id":"gen9anythinggoes-1995952479","p1":"kfowler42","p2":"MrDrKyleSir","format":"[Gen 9] Anything Goes","log":"|j|\u2606kfowler42\n|j|\u2606MrDrKyleSir\n|t:|1700621327\n|gametype|singles\n|player|p1|kfowler42|medium|\n|player|p2|MrDrKyleSir|n|\n|teamsize|p1|6\n|teamsize|p2|6\n|gen|9\n|tier|[Gen 9] Anything Goes\n|rule|HP Percentage Mod: HP is shown in percentages\n|rule|Endless Battle Clause: Forcing endless battles is banned\n|clearpoke\n|poke|p1|Jolteon, F|\n|poke|p1|Espeon, F|\n|poke|p1|Sylveon, M|\n|poke|p1|Leafeon, M|\n|poke|p1|Flareon, F|\n|poke|p1|Umbreon, M|\n|poke|p2|Eelektross, F|\n|poke|p2|Tyranitar, M|\n|poke|p2|Azumarill, F|\n|poke|p2|Volcarona, F|\n|poke|p2|Glimmora, M|\n|poke|p2|Drifblim, M|\n|teampreview\n|\n|t:|1700621340\n|start\n|switch|p1a: Umbreon|Umbreon, M|100\/100\n|switch|p2a: Rock|Glimmora, M|100\/100\n|turn|1\n|\n|t:|1700621370\n|move|p2a: Rock|Stealth Rock|p1a: Umbreon\n|-sidestart|p1: kfowler42|move: Stealth Rock\n|move|p1a: Umbreon|Foul Play|p2a: Rock\n|-crit|p2a: Rock\n|-damage|p2a: Rock|79\/100\n|-damage|p1a: Umbreon|84\/100|[from] item: Rocky Helmet|[of] p2a: Rock\n|-activate|p2a: Rock|ability: Toxic Debris\n|-sidestart|p1: kfowler42|move: Toxic Spikes\n|\n|-heal|p1a: Umbreon|90\/100|[from] item: Leftovers\n|upkeep\n|turn|2\n|\n|t:|1700621383\n|move|p2a: Rock|Substitute|p2a: Rock\n|-start|p2a: Rock|Substitute\n|-damage|p2a: Rock|54\/100\n|move|p1a: Umbreon|Foul Play|p2a: Rock\n|-activate|p2a: Rock|move: Substitute|[damage]\n|\n|-heal|p1a: Umbreon|96\/100|[from] item: Leftovers\n|upkeep\n|turn|3\n|\n|t:|1700621390\n|move|p2a: Rock|Toxic Spikes|p1a: Umbreon\n|-sidestart|p1: kfowler42|move: Toxic Spikes\n|move|p1a: Umbreon|Foul Play|p2a: Rock\n|-end|p2a: Rock|Substitute\n|\n|-heal|p1a: Umbreon|100\/100|[from] item: Leftovers\n|upkeep\n|turn|4\n|\n|t:|1700621403\n|move|p2a: Rock|Sludge Bomb|p1a: Umbreon\n|-damage|p1a: Umbreon|79\/100\n|move|p1a: Umbreon|Foul Play|p2a: Rock\n|-crit|p2a: Rock\n|-damage|p2a: Rock|32\/100\n|-damage|p1a: Umbreon|63\/100|[from] item: Rocky Helmet|[of] p2a: Rock\n|\n|-heal|p1a: Umbreon|69\/100|[from] item: Leftovers\n|upkeep\n|turn|5\n|\n|t:|1700621414\n|move|p2a: Rock|Sludge Bomb|p1a: Umbreon\n|-damage|p1a: Umbreon|47\/100\n|-status|p1a: Umbreon|psn\n|-activate|p1a: Umbreon|ability: Synchronize\n|-immune|p2a: Rock\n|move|p1a: Umbreon|Wish|p1a: Umbreon\n|\n|-heal|p1a: Umbreon|54\/100 psn|[from] item: Leftovers\n|-damage|p1a: Umbreon|41\/100 psn|[from] psn\n|upkeep\n|turn|6\n|\n|t:|1700621427\n|move|p1a: Umbreon|Protect|p1a: Umbreon\n|-singleturn|p1a: Umbreon|Protect\n|move|p2a: Rock|Sludge Bomb|p1a: Umbreon\n|-activate|p1a: Umbreon|move: Protect\n|\n|-heal|p1a: Umbreon|91\/100 psn|[from] move: Wish|[wisher] Umbreon\n|-heal|p1a: Umbreon|97\/100 psn|[from] item: Leftovers\n|-damage|p1a: Umbreon|85\/100 psn|[from] psn\n|upkeep\n|turn|7\n|\n|t:|1700621444\n|move|p2a: Rock|Sludge Bomb|p1a: Umbreon\n|-damage|p1a: Umbreon|65\/100 psn\n|move|p1a: Umbreon|Foul Play|p2a: Rock\n|-damage|p2a: Rock|18\/100\n|-damage|p1a: Umbreon|48\/100 psn|[from] item: Rocky Helmet|[of] p2a: Rock\n|\n|-heal|p1a: Umbreon|54\/100 psn|[from] item: Leftovers\n|-damage|p1a: Umbreon|42\/100 psn|[from] psn\n|upkeep\n|turn|8\n|\n|t:|1700621455\n|move|p2a: Rock|Sludge Bomb|p1a: Umbreon\n|-damage|p1a: Umbreon|21\/100 psn\n|move|p1a: Umbreon|Wish|p1a: Umbreon\n|\n|-heal|p1a: Umbreon|27\/100 psn|[from] item: Leftovers\n|-damage|p1a: Umbreon|14\/100 psn|[from] psn\n|upkeep\n|turn|9\n|\n|t:|1700621462\n|move|p1a: Umbreon|Protect|p1a: Umbreon\n|-singleturn|p1a: Umbreon|Protect\n|move|p2a: Rock|Sludge Bomb|p1a: Umbreon\n|-activate|p1a: Umbreon|move: Protect\n|\n|-heal|p1a: Umbreon|64\/100 psn|[from] move: Wish|[wisher] Umbreon\n|-heal|p1a: Umbreon|70\/100 psn|[from] item: Leftovers\n|-damage|p1a: Umbreon|58\/100 psn|[from] psn\n|upkeep\n|turn|10\n|\n|t:|1700621472\n|move|p2a: Rock|Sludge Bomb|p1a: Umbreon\n|-damage|p1a: Umbreon|37\/100 psn\n|move|p1a: Umbreon|Foul Play|p2a: Rock\n|-damage|p2a: Rock|2\/100\n|-damage|p1a: Umbreon|20\/100 psn|[from] item: Rocky Helmet|[of] p2a: Rock\n|\n|-heal|p1a: Umbreon|26\/100 psn|[from] item: Leftovers\n|-damage|p1a: Umbreon|14\/100 psn|[from] psn\n|upkeep\n|turn|11\n|\n|t:|1700621481\n|move|p2a: Rock|Sludge Bomb|p1a: Umbreon\n|-damage|p1a: Umbreon|0 fnt\n|faint|p1a: Umbreon\n|\n|upkeep\n|\n|t:|1700621501\n|switch|p1a: Espeon|Espeon, F|100\/100\n|-damage|p1a: Espeon|88\/100|[from] Stealth Rock\n|-status|p1a: Espeon|tox\n|turn|12\n|\n|t:|1700621513\n|move|p1a: Espeon|Psychic|p2a: Rock\n|-supereffective|p2a: Rock\n|-damage|p2a: Rock|0 fnt\n|faint|p2a: Rock\n|\n|-damage|p1a: Espeon|82\/100 tox|[from] psn\n|upkeep\n|\n|t:|1700621535\n|switch|p2a: Bloons|Drifblim, M|100\/100\n|turn|13\n|\n|t:|1700621552\n|move|p1a: Espeon|Thunder Wave|p2a: Bloons|[miss]\n|-miss|p1a: Espeon|p2a: Bloons\n|move|p2a: Bloons|Knock Off|p1a: Espeon\n|-supereffective|p1a: Espeon\n|-crit|p1a: Espeon\n|-damage|p1a: Espeon|0 fnt\n|-enditem|p1a: Espeon|Light Clay|[from] move: Knock Off|[of] p2a: Bloons\n|faint|p1a: Espeon\n|\n|upkeep\n|\n|t:|1700621560\n|switch|p1a: Jolteon|Jolteon, F|100\/100\n|-damage|p1a: Jolteon|88\/100|[from] Stealth Rock\n|-status|p1a: Jolteon|tox\n|turn|14\n|\n|t:|1700621567\n|move|p1a: Jolteon|Thunderbolt|p2a: Bloons\n|-supereffective|p2a: Bloons\n|-damage|p2a: Bloons|0 fnt\n|faint|p2a: Bloons\n|\n|-damage|p1a: Jolteon|82\/100 tox|[from] psn\n|upkeep\n|\n|t:|1700621575\n|switch|p2a: Gojira|Tyranitar, M|100\/100\n|-ability|p2a: Gojira|Unnerve\n|-item|p2a: Gojira|Air Balloon\n|turn|15\n|\n|t:|1700621606\n|move|p1a: Jolteon|Thunderbolt|p2a: Gojira\n|-damage|p2a: Gojira|48\/100\n|-enditem|p2a: Gojira|Air Balloon\n|move|p2a: Gojira|Crunch|p1a: Jolteon\n|-damage|p1a: Jolteon|0 fnt\n|faint|p1a: Jolteon\n|\n|upkeep\n|\n|t:|1700621613\n|switch|p1a: Sylveon|Sylveon, M|100\/100\n|-damage|p1a: Sylveon|88\/100|[from] Stealth Rock\n|-status|p1a: Sylveon|tox\n|turn|16\n|\n|t:|1700621622\n|move|p2a: Gojira|Stone Edge|p1a: Sylveon\n|-damage|p1a: Sylveon|41\/100 tox\n|move|p1a: Sylveon|Calm Mind|p1a: Sylveon\n|-boost|p1a: Sylveon|spa|1\n|-boost|p1a: Sylveon|spd|1\n|\n|-heal|p1a: Sylveon|47\/100 tox|[from] item: Leftovers\n|-damage|p1a: Sylveon|41\/100 tox|[from] psn\n|upkeep\n|turn|17\n|\n|t:|1700621632\n|move|p2a: Gojira|Stone Edge|p1a: Sylveon\n|-damage|p1a: Sylveon|0 fnt\n|faint|p1a: Sylveon\n|\n|upkeep\n|\n|t:|1700621642\n|switch|p1a: Leafeon|Leafeon, M|100\/100\n|-damage|p1a: Leafeon|88\/100|[from] Stealth Rock\n|-status|p1a: Leafeon|tox\n|turn|18\n|\n|t:|1700621654\n|-terastallize|p1a: Leafeon|Ground\n|move|p1a: Leafeon|Tera Blast|p2a: Gojira|[anim] Tera Blast Ground\n|-supereffective|p2a: Gojira\n|-damage|p2a: Gojira|0 fnt\n|faint|p2a: Gojira\n|\n|-damage|p1a: Leafeon|82\/100 tox|[from] psn\n|upkeep\n|\n|t:|1700621670\n|switch|p2a: Escalators|Eelektross, F|100\/100\n|turn|19\n|\n|t:|1700621676\n|move|p1a: Leafeon|Swords Dance|p1a: Leafeon\n|-boost|p1a: Leafeon|atk|2\n|move|p2a: Escalators|Liquidation|p1a: Leafeon\n|-supereffective|p1a: Leafeon\n|-damage|p1a: Leafeon|17\/100 tox\n|\n|-damage|p1a: Leafeon|6\/100 tox|[from] psn\n|upkeep\n|turn|20\n|\n|t:|1700621719\n|move|p1a: Leafeon|Leaf Blade|p2a: Escalators\n|-damage|p2a: Escalators|8\/100\n|move|p2a: Escalators|Liquidation|p1a: Leafeon\n|-supereffective|p1a: Leafeon\n|-damage|p1a: Leafeon|0 fnt\n|faint|p1a: Leafeon\n|\n|upkeep\n|\n|t:|1700621726\n|switch|p1a: Flareon|Flareon, F|100\/100\n|-damage|p1a: Flareon|76\/100|[from] Stealth Rock\n|-status|p1a: Flareon|tox\n|turn|21\n|\n|t:|1700621734\n|move|p1a: Flareon|Facade|p2a: Escalators\n|-damage|p2a: Escalators|0 fnt\n|faint|p2a: Escalators\n|\n|-damage|p1a: Flareon|70\/100 tox|[from] psn\n|upkeep\n|\n|t:|1700621741\n|switch|p2a: Lola|Azumarill, F|100\/100\n|turn|22\n|\n|t:|1700621747\n|move|p1a: Flareon|Facade|p2a: Lola\n|-damage|p2a: Lola|14\/100\n|move|p2a: Lola|Liquidation|p1a: Flareon\n|-supereffective|p1a: Flareon\n|-damage|p1a: Flareon|0 fnt\n|faint|p1a: Flareon\n|\n|win|MrDrKyleSir\n","uploadtime":1700621783,"views":1,"p1id":"kfowler42","p2id":"mrdrkylesir","formatid":"gen9anythinggoes","rating":0,"private":0,"password":""}