{"id":"gen9anythinggoes-1982305570","p1":"Naga sake","p2":"sdafseerfa","format":"[Gen 9] Anything Goes","log":"|j|\u2606Naga sake\n|j|\u2606sdafseerfa\n|t:|1698993833\n|gametype|singles\n|player|p1|Naga sake|chili|1056\n|player|p2|sdafseerfa|102|1000\n|teamsize|p1|6\n|teamsize|p2|1\n|gen|9\n|tier|[Gen 9] Anything Goes\n|rated|\n|rule|HP Percentage Mod: HP is shown in percentages\n|rule|Endless Battle Clause: Forcing endless battles is banned\n|clearpoke\n|poke|p1|Cyclizar, M|\n|poke|p1|Gengar, M|\n|poke|p1|Articuno|\n|poke|p1|Sylveon, F|\n|poke|p1|Ursaring, F|\n|poke|p1|Palossand, M|\n|poke|p2|Arceus|\n|teampreview\n|c|\u2606Naga sake|one pokemon?\n|c|\u2606Naga sake|you're gonna LOSE bro\n|inactive|Battle timer is ON: inactive players will automatically lose when time's up. (requested by sdafseerfa)\n|\n|t:|1698993849\n|start\n|switch|p1a: Wally|Cyclizar, M, shiny|100\/100\n|switch|p2a: Arceus|Arceus|100\/100\n|turn|1\n|\n|t:|1698993857\n|move|p2a: Arceus|Extreme Speed|p1a: Wally\n|-damage|p1a: Wally|27\/100\n|move|p1a: Wally|Shed Tail|p1a: Wally\n|-fail|p1a: Wally|move: Shed Tail|[weak]\n|\n|upkeep\n|turn|2\n|\n|t:|1698993861\n|move|p1a: Wally|Outrage|p2a: Arceus\n|-damage|p2a: Arceus|76\/100\n|move|p2a: Arceus|Swords Dance|p2a: Arceus\n|-boost|p2a: Arceus|atk|2\n|\n|upkeep\n|turn|3\n|\n|t:|1698993865\n|move|p1a: Wally|Outrage|p2a: Arceus|[from]lockedmove\n|-damage|p2a: Arceus|50\/100\n|-start|p1a: Wally|confusion|[fatigue]\n|move|p2a: Arceus|Swords Dance|p2a: Arceus\n|-boost|p2a: Arceus|atk|2\n|\n|upkeep\n|turn|4\n|\n|t:|1698993870\n|-activate|p1a: Wally|confusion\n|move|p1a: Wally|Overheat|p2a: Arceus\n|-damage|p2a: Arceus|32\/100\n|-unboost|p1a: Wally|spa|2\n|move|p2a: Arceus|Recover|p2a: Arceus\n|-heal|p2a: Arceus|82\/100\n|\n|upkeep\n|turn|5\n|\n|t:|1698993874\n|-end|p1a: Wally|confusion\n|move|p1a: Wally|Rest|p1a: Wally\n|-status|p1a: Wally|slp|[from] move: Rest\n|-heal|p1a: Wally|100\/100 slp|[silent]\n|-enditem|p1a: Wally|Chesto Berry|[eat]\n|-curestatus|p1a: Wally|slp|[msg]\n|move|p2a: Arceus|Swords Dance|p2a: Arceus\n|-boost|p2a: Arceus|atk|2\n|\n|upkeep\n|turn|6\n|\n|t:|1698993881\n|move|p2a: Arceus|Extreme Speed|p1a: Wally\n|-damage|p1a: Wally|0 fnt\n|faint|p1a: Wally\n|\n|upkeep\n|\n|t:|1698993886\n|switch|p1a: Irving|Gengar, M|100\/100\n|turn|7\n|\n|t:|1698993893\n|move|p1a: Irving|Toxic|p2a: Arceus\n|-status|p2a: Arceus|tox\n|move|p2a: Arceus|Shadow Claw|p1a: Irving\n|-supereffective|p1a: Irving\n|-damage|p1a: Irving|0 fnt\n|-start|p2a: Arceus|Disable|Shadow Claw|[from] ability: Cursed Body|[of] p1a: Irving\n|faint|p1a: Irving\n|\n|-damage|p2a: Arceus|76\/100 tox|[from] psn\n|upkeep\n|\n|t:|1698993898\n|switch|p1a: Articuno|Articuno|100\/100\n|-ability|p1a: Articuno|Pressure\n|turn|8\n|\n|t:|1698993903\n|move|p2a: Arceus|Extreme Speed|p1a: Articuno\n|-damage|p1a: Articuno|0 fnt\n|faint|p1a: Articuno\n|\n|-damage|p2a: Arceus|64\/100 tox|[from] psn\n|upkeep\n|-message|Naga sake forfeited.\n|\n|win|sdafseerfa\n|raw|Naga sake's rating: 1056 &rarr; <strong>1035<\/strong><br \/>(-21 for losing)\n|raw|sdafseerfa's rating: 1000 &rarr; <strong>1046<\/strong><br \/>(+46 for winning)\n|l|\u2606Naga sake\n","uploadtime":1698993909,"views":43,"p1id":"nagasake","p2id":"sdafseerfa","formatid":"gen9anythinggoes","rating":1035,"private":0,"password":""}