{"id":"gen9anythinggoes-1975074303","p1":"IchBinLusc","p2":"Gavime","format":"[Gen 9] Anything Goes","log":"|j|\u2606IchBinLusc\n|j|\u2606Gavime\n|t:|1698159896\n|gametype|singles\n|player|p1|IchBinLusc|marlon|\n|player|p2|Gavime|twins|\n|teamsize|p1|6\n|teamsize|p2|6\n|gen|9\n|tier|[Gen 9] Anything Goes\n|rule|HP Percentage Mod: HP is shown in percentages\n|rule|Endless Battle Clause: Forcing endless battles is banned\n|clearpoke\n|poke|p1|Umbreon, F|\n|poke|p1|Greninja-*, M|\n|poke|p1|Regieleki|\n|poke|p1|Mimikyu, F|\n|poke|p1|Garchomp, F|\n|poke|p1|Spidops, M|\n|poke|p2|Annihilape, F|\n|poke|p2|Walking Wake|\n|poke|p2|Articuno-Galar|\n|poke|p2|Arcanine-Hisui, M|\n|poke|p2|Weezing-Galar, M|\n|poke|p2|Thundurus, M|\n|teampreview\n|\n|t:|1698159909\n|start\n|switch|p1a: Spidops|Spidops, M|100\/100\n|switch|p2a: Annihilape|Annihilape, F, shiny|100\/100\n|turn|1\n|\n|t:|1698159920\n|move|p2a: Annihilape|Bulk Up|p2a: Annihilape\n|-boost|p2a: Annihilape|atk|1\n|-boost|p2a: Annihilape|def|1\n|move|p1a: Spidops|Sticky Web|p2a: Annihilape\n|-sidestart|p2: Gavime|move: Sticky Web\n|\n|upkeep\n|turn|2\n|\n|t:|1698159928\n|move|p2a: Annihilape|Drain Punch|p1a: Spidops\n|-resisted|p1a: Spidops\n|-damage|p1a: Spidops|76\/100\n|move|p1a: Spidops|Knock Off|p2a: Annihilape\n|-damage|p2a: Annihilape|83\/100\n|-enditem|p2a: Annihilape|Leftovers|[from] move: Knock Off|[of] p1a: Spidops\n|\n|upkeep\n|turn|3\n|\n|t:|1698159935\n|move|p1a: Spidops|Silk Trap|p1a: Spidops\n|-singleturn|p1a: Spidops|Protect\n|move|p2a: Annihilape|Drain Punch|p1a: Spidops\n|-activate|p1a: Spidops|move: Protect\n|-unboost|p2a: Annihilape|spe|1\n|-ability|p2a: Annihilape|Defiant|boost\n|-boost|p2a: Annihilape|atk|2\n|\n|upkeep\n|turn|4\n|\n|t:|1698159952\n|move|p2a: Annihilape|Drain Punch|p1a: Spidops\n|-resisted|p1a: Spidops\n|-damage|p1a: Spidops|32\/100\n|-heal|p2a: Annihilape|99\/100|[from] drain|[of] p1a: Spidops\n|move|p1a: Spidops|Knock Off|p2a: Annihilape\n|-damage|p2a: Annihilape|88\/100\n|\n|upkeep\n|turn|5\n|\n|t:|1698159964\n|move|p1a: Spidops|Silk Trap|p1a: Spidops\n|-singleturn|p1a: Spidops|Protect\n|move|p2a: Annihilape|Drain Punch|p1a: Spidops\n|-activate|p1a: Spidops|move: Protect\n|-unboost|p2a: Annihilape|spe|1\n|-ability|p2a: Annihilape|Defiant|boost\n|-boost|p2a: Annihilape|atk|2\n|\n|upkeep\n|turn|6\n|\n|t:|1698159985\n|move|p1a: Spidops|Silk Trap|p1a: Spidops\n|-singleturn|p1a: Spidops|Protect\n|move|p2a: Annihilape|Drain Punch|p1a: Spidops\n|-activate|p1a: Spidops|move: Protect\n|-unboost|p2a: Annihilape|spe|1\n|-ability|p2a: Annihilape|Defiant|boost\n|-boost|p2a: Annihilape|atk|1\n|\n|upkeep\n|turn|7\n|\n|t:|1698160021\n|move|p1a: Spidops|Sticky Web||[still]\n|-fail|p1a: Spidops\n|move|p2a: Annihilape|Drain Punch|p1a: Spidops\n|-resisted|p1a: Spidops\n|-damage|p1a: Spidops|0 fnt\n|-heal|p2a: Annihilape|99\/100|[from] drain|[of] p1a: Spidops\n|faint|p1a: Spidops\n|\n|upkeep\n|\n|t:|1698160033\n|switch|p1a: Mimikyu|Mimikyu, F|100\/100\n|turn|8\n|\n|t:|1698160060\n|move|p1a: Mimikyu|Swords Dance|p1a: Mimikyu\n|-boost|p1a: Mimikyu|atk|2\n|move|p2a: Annihilape|Drain Punch|p1a: Mimikyu\n|-immune|p1a: Mimikyu\n|\n|upkeep\n|turn|9\n|c|\u2606Gavime|foda\n|c|\u2606Gavime|dei miss click\n|c|\u2606IchBinLusc|KKKK\n|\n|t:|1698160076\n|move|p1a: Mimikyu|Swords Dance|p1a: Mimikyu\n|-boost|p1a: Mimikyu|atk|2\n|move|p2a: Annihilape|Rage Fist|p1a: Mimikyu\n|-activate|p1a: Mimikyu|ability: Disguise\n|-damage|p1a: Mimikyu|100\/100\n|detailschange|p1a: Mimikyu|Mimikyu-Busted, F\n|-damage|p1a: Mimikyu|88\/100|[from] pokemon: Mimikyu-Busted\n|\n|upkeep\n|turn|10\n|\n|t:|1698160086\n|move|p1a: Mimikyu|Shadow Claw|p2a: Annihilape\n|-supereffective|p2a: Annihilape\n|-damage|p2a: Annihilape|0 fnt\n|faint|p2a: Annihilape\n|-damage|p1a: Mimikyu|78\/100|[from] item: Life Orb\n|\n|upkeep\n|\n|t:|1698160097\n|switch|p2a: Weezing|Weezing-Galar, M, shiny|100\/100\n|-ability|p2a: Weezing|Neutralizing Gas\n|-activate|p2a: Weezing|move: Sticky Web\n|-unboost|p2a: Weezing|spe|1\n|turn|11\n|\n|t:|1698160110\n|move|p1a: Mimikyu|Shadow Claw|p2a: Weezing\n|-damage|p2a: Weezing|30\/100\n|-damage|p1a: Mimikyu|62\/100|[from] item: Rocky Helmet|[of] p2a: Weezing\n|-damage|p1a: Mimikyu|52\/100|[from] item: Life Orb\n|move|p2a: Weezing|Strange Steam|p1a: Mimikyu\n|-crit|p1a: Mimikyu\n|-damage|p1a: Mimikyu|0 fnt\n|faint|p1a: Mimikyu\n|\n|upkeep\n|c|\u2606IchBinLusc|Caralho\n|c|\u2606IchBinLusc|Rocky helmet foi covardia\n|\n|t:|1698160131\n|switch|p1a: Garchomp|Garchomp, F|100\/100\n|turn|12\n|c|\u2606Gavime|kkkkkkkkkkkkkkkkkkkkkkkkkk\n|\n|t:|1698160137\n|move|p1a: Garchomp|Earthquake|p2a: Weezing\n|-supereffective|p2a: Weezing\n|-damage|p2a: Weezing|0 fnt\n|faint|p2a: Weezing\n|-end|p2a: Weezing|ability: Neutralizing Gas\n|-damage|p1a: Garchomp|91\/100|[from] item: Life Orb\n|\n|upkeep\n|\n|t:|1698160149\n|switch|p2a: Walking Wake|Walking Wake|100\/100\n|-activate|p2a: Walking Wake|move: Sticky Web\n|-unboost|p2a: Walking Wake|spe|1\n|-enditem|p2a: Walking Wake|Booster Energy\n|-activate|p2a: Walking Wake|ability: Protosynthesis|[fromitem]\n|-start|p2a: Walking Wake|protosynthesisspa\n|turn|13\n|\n|t:|1698160170\n|move|p1a: Garchomp|Dragon Claw|p2a: Walking Wake\n|-supereffective|p2a: Walking Wake\n|-damage|p2a: Walking Wake|0 fnt\n|faint|p2a: Walking Wake\n|-end|p2a: Walking Wake|Protosynthesis|[silent]\n|-damage|p1a: Garchomp|81\/100|[from] item: Life Orb\n|\n|upkeep\n|c|\u2606IchBinLusc|Eita porra KKKKKKKKKKKKKKKKKk\n|\n|t:|1698160180\n|switch|p2a: Arcanine|Arcanine-Hisui, M, shiny|100\/100\n|turn|14\n|\n|t:|1698160186\n|move|p2a: Arcanine|Extreme Speed|p1a: Garchomp\n|-damage|p1a: Garchomp|57\/100\n|-damage|p2a: Arcanine|88\/100|[from] ability: Rough Skin|[of] p1a: Garchomp\n|move|p1a: Garchomp|Earthquake|p2a: Arcanine\n|-supereffective|p2a: Arcanine\n|-damage|p2a: Arcanine|0 fnt\n|faint|p2a: Arcanine\n|-damage|p1a: Garchomp|47\/100|[from] item: Life Orb\n|\n|upkeep\n|c|\u2606IchBinLusc|Oshe tu n ficou lento pq\n|\n|t:|1698160194\n|switch|p2a: Articuno|Articuno-Galar, shiny|100\/100\n|turn|15\n|c|\u2606Gavime|heavy duty boots\n|c|\u2606IchBinLusc|Maldito safado\n|\n|t:|1698160206\n|move|p1a: Garchomp|Stone Edge|p2a: Articuno\n|-supereffective|p2a: Articuno\n|-damage|p2a: Articuno|15\/100\n|-damage|p1a: Garchomp|37\/100|[from] item: Life Orb\n|move|p2a: Articuno|Agility|p2a: Articuno\n|-boost|p2a: Articuno|spe|2\n|\n|-heal|p2a: Articuno|21\/100|[from] item: Leftovers\n|upkeep\n|turn|16\n|\n|t:|1698160219\n|-terastallize|p2a: Articuno|Fighting\n|move|p2a: Articuno|Tera Blast|p1a: Garchomp|[anim] Tera Blast Fighting\n|-damage|p1a: Garchomp|0 fnt\n|faint|p1a: Garchomp\n|\n|-heal|p2a: Articuno|27\/100|[from] item: Leftovers\n|upkeep\n|\n|t:|1698160231\n|switch|p1a: Umbreon|Umbreon, F|100\/100\n|turn|17\n|\n|t:|1698160242\n|-terastallize|p1a: Umbreon|Poison\n|move|p2a: Articuno|Tera Blast|p1a: Umbreon|[anim] Tera Blast Fighting\n|-resisted|p1a: Umbreon\n|-damage|p1a: Umbreon|93\/100\n|move|p1a: Umbreon|Toxic|p2a: Articuno\n|-status|p2a: Articuno|tox\n|\n|-heal|p2a: Articuno|33\/100 tox|[from] item: Leftovers\n|-heal|p1a: Umbreon|99\/100|[from] item: Leftovers\n|-damage|p2a: Articuno|27\/100 tox|[from] psn\n|upkeep\n|turn|18\n|\n|t:|1698160252\n|move|p2a: Articuno|Stored Power|p1a: Umbreon\n|-supereffective|p1a: Umbreon\n|-damage|p1a: Umbreon|72\/100\n|move|p1a: Umbreon|Wish|p1a: Umbreon\n|\n|-heal|p2a: Articuno|33\/100 tox|[from] item: Leftovers\n|-heal|p1a: Umbreon|78\/100|[from] item: Leftovers\n|-damage|p2a: Articuno|21\/100 tox|[from] psn\n|upkeep\n|turn|19\n|c|\u2606Gavime|esqueci q essa merda era poison\n|\n|t:|1698160262\n|move|p2a: Articuno|Calm Mind|p2a: Articuno\n|-boost|p2a: Articuno|spa|1\n|-boost|p2a: Articuno|spd|1\n|move|p1a: Umbreon|Foul Play|p2a: Articuno\n|-resisted|p2a: Articuno\n|-damage|p2a: Articuno|9\/100 tox\n|\n|-heal|p1a: Umbreon|100\/100|[from] move: Wish|[wisher] Umbreon\n|-heal|p2a: Articuno|15\/100 tox|[from] item: Leftovers\n|-damage|p2a: Articuno|0 fnt|[from] psn\n|faint|p2a: Articuno\n|upkeep\n|c|\u2606IchBinLusc|KKKKKKK\n|\n|t:|1698160268\n|switch|p2a: Thundurus|Thundurus, M, shiny|100\/100\n|turn|20\n|c|\u2606IchBinLusc|Agr eu te li como livro nesse buff q tu ia dar\n|c|\u2606IchBinLusc|Fala ai\n|\n|t:|1698160287\n|move|p2a: Thundurus|Knock Off|p1a: Umbreon\n|-damage|p1a: Umbreon|83\/100\n|-enditem|p1a: Umbreon|Leftovers|[from] move: Knock Off|[of] p2a: Thundurus\n|move|p1a: Umbreon|Toxic|p2a: Thundurus\n|-status|p2a: Thundurus|tox\n|\n|-damage|p2a: Thundurus|94\/100 tox|[from] psn\n|upkeep\n|turn|21\n|\n|t:|1698160305\n|move|p2a: Thundurus|Thunderbolt|p1a: Umbreon\n|-damage|p1a: Umbreon|58\/100\n|move|p1a: Umbreon|Wish|p1a: Umbreon\n|\n|-damage|p2a: Thundurus|82\/100 tox|[from] psn\n|upkeep\n|turn|22\n|c|\u2606Gavime|hora de porrada ent\n|\n|t:|1698160313\n|move|p2a: Thundurus|Thunderbolt|p1a: Umbreon\n|-damage|p1a: Umbreon|36\/100\n|move|p1a: Umbreon|Foul Play|p2a: Thundurus\n|-damage|p2a: Thundurus|35\/100 tox\n|\n|-heal|p1a: Umbreon|86\/100|[from] move: Wish|[wisher] Umbreon\n|-damage|p2a: Thundurus|17\/100 tox|[from] psn\n|upkeep\n|turn|23\n|c|\u2606Gavime|ta porra\n|c|\u2606IchBinLusc|Machucou viu\n|\n|t:|1698160331\n|move|p2a: Thundurus|Thunderbolt|p1a: Umbreon\n|-damage|p1a: Umbreon|62\/100\n|move|p1a: Umbreon|Foul Play|p2a: Thundurus\n|-damage|p2a: Thundurus|0 fnt\n|faint|p2a: Thundurus\n|\n|win|IchBinLusc\n","uploadtime":1698160339,"views":7,"p1id":"ichbinlusc","p2id":"gavime","formatid":"gen9anythinggoes","rating":0,"private":0,"password":""}