{"id":"gen9anythinggoes-1999029686","p1":"Mr Sarasota","p2":"cauffle","format":"[Gen 9] Anything Goes","log":"|j|\u2606Mr Sarasota\n|j|\u2606cauffle\n|t:|1701025624\n|gametype|singles\n|player|p1|Mr Sarasota|2|1110\n|player|p2|cauffle|cyclistf|1178\n|teamsize|p1|6\n|teamsize|p2|6\n|gen|9\n|tier|[Gen 9] Anything Goes\n|rated|\n|rule|HP Percentage Mod: HP is shown in percentages\n|rule|Endless Battle Clause: Forcing endless battles is banned\n|clearpoke\n|poke|p1|Maushold-Four|\n|poke|p1|Flutter Mane|\n|poke|p1|Miraidon|\n|poke|p1|Rabsca, M|\n|poke|p1|Garganacl, F|\n|poke|p1|Houndstone, M|\n|poke|p2|Cloyster, M|\n|poke|p2|Mew|\n|poke|p2|Zacian-*|\n|poke|p2|Blissey, F|\n|poke|p2|Mewtwo|\n|poke|p2|Gholdengo|\n|teampreview\n|\n|t:|1701025636\n|start\n|switch|p1a: Maushold|Maushold-Four|100\/100\n|switch|p2a: Astre|Mew|100\/100\n|turn|1\n|\n|t:|1701025653\n|move|p1a: Maushold|Population Bomb|p2a: Astre\n|-damage|p2a: Astre|91\/100\n|-damage|p2a: Astre|82\/100\n|-damage|p2a: Astre|73\/100\n|-damage|p2a: Astre|63\/100\n|-damage|p2a: Astre|54\/100\n|-damage|p2a: Astre|45\/100\n|-damage|p2a: Astre|36\/100\n|-damage|p2a: Astre|28\/100\n|-damage|p2a: Astre|18\/100\n|-damage|p2a: Astre|9\/100\n|-hitcount|p2a: Astre|10\n|cant|p2a: Astre|flinch\n|\n|upkeep\n|turn|2\n|\n|t:|1701025674\n|move|p1a: Maushold|Tidy Up|p1a: Maushold\n|-boost|p1a: Maushold|atk|1\n|-boost|p1a: Maushold|spe|1\n|move|p2a: Astre|Toxic Spikes|p1a: Maushold\n|-sidestart|p1: Mr Sarasota|move: Toxic Spikes\n|\n|upkeep\n|turn|3\n|\n|t:|1701025679\n|move|p1a: Maushold|Encore|p2a: Astre\n|-start|p2a: Astre|Encore\n|move|p2a: Astre|Toxic Spikes|p1a: Maushold\n|-sidestart|p1: Mr Sarasota|move: Toxic Spikes\n|\n|upkeep\n|turn|4\n|\n|t:|1701025686\n|switch|p2a: clam|Cloyster, M, shiny|100\/100\n|move|p1a: Maushold|Tidy Up|p1a: Maushold\n|-sideend|p1: Mr Sarasota|Toxic Spikes\n|-activate|p1a: Maushold|move: Tidy Up\n|-boost|p1a: Maushold|atk|1\n|-boost|p1a: Maushold|spe|1\n|\n|upkeep\n|turn|5\n|\n|t:|1701025693\n|move|p1a: Maushold|Population Bomb|p2a: clam\n|-crit|p2a: clam\n|-damage|p2a: clam|70\/100\n|-hitcount|p2a: clam|1\n|move|p2a: clam|Shell Smash|p2a: clam\n|-unboost|p2a: clam|def|1\n|-unboost|p2a: clam|spd|1\n|-boost|p2a: clam|atk|2\n|-boost|p2a: clam|spa|2\n|-boost|p2a: clam|spe|2\n|\n|upkeep\n|turn|6\n|\n|t:|1701025704\n|move|p1a: Maushold|Population Bomb|p2a: clam\n|-damage|p2a: clam|42\/100\n|-damage|p2a: clam|16\/100\n|-damage|p2a: clam|0 fnt\n|faint|p2a: clam\n|-hitcount|p2: clam|3\n|\n|upkeep\n|-message|cauffle forfeited.\n|\n|win|Mr Sarasota\n|raw|Mr Sarasota's rating: 1110 &rarr; <strong>1140<\/strong><br \/>(+30 for winning)\n|raw|cauffle's rating: 1178 &rarr; <strong>1148<\/strong><br \/>(-30 for losing)\n|l|\u2606cauffle\n","uploadtime":1701025852,"views":0,"p1id":"mrsarasota","p2id":"cauffle","formatid":"gen9anythinggoes","rating":1140,"private":0,"password":""}