{"id":"gen9anythinggoes-1973822583","p1":"Crustles","p2":"cut like a dagger","format":"[Gen 9] Anything Goes","log":"|j|\u2606Crustles\n|j|\u2606cut like a dagger\n|t:|1698017305\n|gametype|singles\n|player|p1|Crustles|carmine-festival|1411\n|player|p2|cut like a dagger|guitarist|1312\n|teamsize|p1|6\n|teamsize|p2|6\n|gen|9\n|tier|[Gen 9] Anything Goes\n|rated|\n|rule|HP Percentage Mod: HP is shown in percentages\n|rule|Endless Battle Clause: Forcing endless battles is banned\n|clearpoke\n|poke|p1|Miraidon|\n|poke|p1|Koraidon|\n|poke|p1|Ogerpon-Hearthflame, F|\n|poke|p1|Calyrex-Shadow|\n|poke|p1|Great Tusk|\n|poke|p1|Ditto|\n|poke|p2|Miraidon|\n|poke|p2|Arceus|\n|poke|p2|Kyogre|\n|poke|p2|Maushold-Four|\n|poke|p2|Sinistcha|\n|poke|p2|Calyrex-Shadow|\n|teampreview\n|inactive|Battle timer is ON: inactive players will automatically lose when time's up. (requested by cut like a dagger)\n|inactive|Crustles also wants the timer to be on.\n|\n|t:|1698017320\n|start\n|switch|p1a: Miraidon|Miraidon|100\/100\n|switch|p2a: Miraidon|Miraidon|100\/100\n|-fieldstart|move: Electric Terrain|[from] ability: Hadron Engine|[of] p1a: Miraidon\n|-activate|p2a: Miraidon|ability: Hadron Engine\n|turn|1\n|\n|t:|1698017323\n|-terastallize|p2a: Miraidon|Fairy\n|move|p2a: Miraidon|Dazzling Gleam|p1a: Miraidon\n|-supereffective|p1a: Miraidon\n|-damage|p1a: Miraidon|4\/100\n|move|p1a: Miraidon|Draco Meteor|p2a: Miraidon\n|-immune|p2a: Miraidon\n|\n|upkeep\n|turn|2\n|\n|t:|1698017328\n|switch|p1a: Calyrex|Calyrex-Shadow|100\/100\n|-ability|p1a: Calyrex|As One\n|-ability|p1a: Calyrex|Unnerve\n|move|p2a: Miraidon|Dazzling Gleam|p1a: Calyrex\n|-damage|p1a: Calyrex|46\/100\n|\n|upkeep\n|turn|3\n|\n|t:|1698017332\n|move|p2a: Miraidon|Dazzling Gleam|p1a: Calyrex\n|-damage|p1a: Calyrex|0 fnt\n|faint|p1a: Calyrex\n|\n|upkeep\n|\n|t:|1698017345\n|switch|p1a: Koraidon|Koraidon|100\/100\n|-weather|SunnyDay|[from] ability: Orichalcum Pulse|[of] p1a: Koraidon\n|-activate|p1a: Koraidon|Orichalcum Pulse|[source]\n|turn|4\n|\n|t:|1698017349\n|-terastallize|p1a: Koraidon|Fire\n|move|p1a: Koraidon|Flare Blitz|p2a: Miraidon\n|-damage|p2a: Miraidon|0 fnt\n|faint|p2a: Miraidon\n|-damage|p1a: Koraidon|67\/100|[from] Recoil\n|\n|-weather|SunnyDay|[upkeep]\n|upkeep\n|\n|t:|1698017356\n|switch|p2a: Sinistcha|Sinistcha|100\/100\n|turn|5\n|\n|t:|1698017360\n|move|p1a: Koraidon|Flare Blitz|p2a: Sinistcha\n|-supereffective|p2a: Sinistcha\n|-damage|p2a: Sinistcha|19\/100\n|-damage|p1a: Koraidon|40\/100|[from] Recoil\n|move|p2a: Sinistcha|Strength Sap|p1a: Koraidon\n|-unboost|p1a: Koraidon|atk|1\n|-heal|p2a: Sinistcha|100\/100\n|\n|-weather|SunnyDay|[upkeep]\n|-fieldend|move: Electric Terrain\n|upkeep\n|turn|6\n|\n|t:|1698017365\n|move|p1a: Koraidon|Flare Blitz|p2a: Sinistcha\n|-supereffective|p2a: Sinistcha\n|-damage|p2a: Sinistcha|37\/100\n|-damage|p1a: Koraidon|19\/100|[from] Recoil\n|move|p2a: Sinistcha|Strength Sap|p1a: Koraidon\n|-unboost|p1a: Koraidon|atk|1\n|-heal|p2a: Sinistcha|100\/100\n|\n|-weather|SunnyDay|[upkeep]\n|upkeep\n|turn|7\n|\n|t:|1698017371\n|switch|p1a: Ditto|Ditto|100\/100\n|-transform|p1a: Ditto|p2a: Sinistcha|[from] ability: Imposter\n|move|p2a: Sinistcha|Strength Sap|p1a: Ditto\n|-unboost|p1a: Ditto|atk|1\n|\n|-weather|SunnyDay|[upkeep]\n|upkeep\n|turn|8\n|\n|t:|1698017380\n|switch|p1a: Ogerpon|Ogerpon-Hearthflame, F|100\/100\n|-ability|p1a: Ogerpon|Mold Breaker\n|move|p2a: Sinistcha|Iron Defense|p2a: Sinistcha\n|-boost|p2a: Sinistcha|def|2\n|\n|-weather|none\n|upkeep\n|turn|9\n|\n|t:|1698017383\n|move|p1a: Ogerpon|Swords Dance|p1a: Ogerpon\n|-boost|p1a: Ogerpon|atk|2\n|move|p2a: Sinistcha|Iron Defense|p2a: Sinistcha\n|-boost|p2a: Sinistcha|def|2\n|\n|upkeep\n|turn|10\n|\n|t:|1698017386\n|move|p1a: Ogerpon|Ivy Cudgel|p2a: Sinistcha\n|-supereffective|p2a: Sinistcha\n|-damage|p2a: Sinistcha|48\/100\n|move|p2a: Sinistcha|Strength Sap|p1a: Ogerpon\n|-unboost|p1a: Ogerpon|atk|1\n|-heal|p2a: Sinistcha|100\/100\n|\n|upkeep\n|turn|11\n|\n|t:|1698017391\n|move|p1a: Ogerpon|Swords Dance|p1a: Ogerpon\n|-boost|p1a: Ogerpon|atk|2\n|move|p2a: Sinistcha|Iron Defense|p2a: Sinistcha\n|-boost|p2a: Sinistcha|def|2\n|\n|upkeep\n|turn|12\n|\n|t:|1698017393\n|move|p1a: Ogerpon|Ivy Cudgel|p2a: Sinistcha\n|-supereffective|p2a: Sinistcha\n|-damage|p2a: Sinistcha|52\/100\n|move|p2a: Sinistcha|Calm Mind|p2a: Sinistcha\n|-boost|p2a: Sinistcha|spa|1\n|-boost|p2a: Sinistcha|spd|1\n|\n|-heal|p2a: Sinistcha|58\/100|[from] item: Leftovers\n|upkeep\n|turn|13\n|\n|t:|1698017397\n|move|p1a: Ogerpon|Ivy Cudgel|p2a: Sinistcha\n|-supereffective|p2a: Sinistcha\n|-damage|p2a: Sinistcha|4\/100\n|move|p2a: Sinistcha|Strength Sap|p1a: Ogerpon\n|-unboost|p1a: Ogerpon|atk|1\n|-heal|p2a: Sinistcha|100\/100\n|\n|upkeep\n|turn|14\n|\n|t:|1698017400\n|move|p1a: Ogerpon|Swords Dance|p1a: Ogerpon\n|-boost|p1a: Ogerpon|atk|2\n|move|p2a: Sinistcha|Calm Mind|p2a: Sinistcha\n|-boost|p2a: Sinistcha|spa|1\n|-boost|p2a: Sinistcha|spd|1\n|\n|upkeep\n|turn|15\n|\n|t:|1698017402\n|move|p1a: Ogerpon|Swords Dance|p1a: Ogerpon\n|-boost|p1a: Ogerpon|atk|2\n|move|p2a: Sinistcha|Strength Sap|p1a: Ogerpon\n|-unboost|p1a: Ogerpon|atk|1\n|\n|upkeep\n|turn|16\n|\n|t:|1698017408\n|move|p1a: Ogerpon|Ivy Cudgel|p2a: Sinistcha\n|-supereffective|p2a: Sinistcha\n|-crit|p2a: Sinistcha\n|-damage|p2a: Sinistcha|0 fnt\n|faint|p2a: Sinistcha\n|\n|upkeep\n|\n|t:|1698017410\n|switch|p2a: Calyrex|Calyrex-Shadow|100\/100\n|-ability|p2a: Calyrex|As One\n|-ability|p2a: Calyrex|Unnerve\n|turn|17\n|\n|t:|1698017415\n|move|p2a: Calyrex|Haze|p2a: Calyrex\n|-clearallboost\n|move|p1a: Ogerpon|Trailblaze|p2a: Calyrex\n|-damage|p2a: Calyrex|64\/100\n|-boost|p1a: Ogerpon|spe|1\n|\n|upkeep\n|turn|18\n|\n|t:|1698017418\n|move|p1a: Ogerpon|Ivy Cudgel|p2a: Calyrex\n|-damage|p2a: Calyrex|0 fnt\n|faint|p2a: Calyrex\n|\n|upkeep\n|\n|t:|1698017420\n|switch|p2a: Arceus|Arceus|100\/100\n|turn|19\n|\n|t:|1698017424\n|move|p1a: Ogerpon|Ivy Cudgel|p2a: Arceus\n|-damage|p2a: Arceus|64\/100\n|move|p2a: Arceus|Swords Dance|p2a: Arceus\n|-boost|p2a: Arceus|atk|2\n|\n|-heal|p2a: Arceus|70\/100|[from] item: Leftovers\n|upkeep\n|turn|20\n|\n|t:|1698017430\n|move|p1a: Ogerpon|Ivy Cudgel|p2a: Arceus\n|-damage|p2a: Arceus|29\/100\n|move|p2a: Arceus|Swords Dance|p2a: Arceus\n|-boost|p2a: Arceus|atk|2\n|\n|-heal|p2a: Arceus|35\/100|[from] item: Leftovers\n|upkeep\n|turn|21\n|\n|t:|1698017433\n|move|p2a: Arceus|Extreme Speed|p1a: Ogerpon\n|-damage|p1a: Ogerpon|0 fnt\n|faint|p1a: Ogerpon\n|\n|-heal|p2a: Arceus|41\/100|[from] item: Leftovers\n|upkeep\n|\n|t:|1698017435\n|switch|p1a: Ditto|Ditto|100\/100\n|-transform|p1a: Ditto|p2a: Arceus|[from] ability: Imposter\n|turn|22\n|\n|t:|1698017439\n|move|p1a: Ditto|Extreme Speed|p2a: Arceus\n|-damage|p2a: Arceus|0 fnt\n|faint|p2a: Arceus\n|\n|upkeep\n|inactive|cut like a dagger no longer wants the timer on, but the timer is staying on because crustles still does.\n|inactive|cut like a dagger has 120 seconds left.\n|inactive|cut like a dagger has 90 seconds left.\n|inactive|cut like a dagger has 60 seconds left.\n|inactive|cut like a dagger has 30 seconds left.\n|inactive|cut like a dagger has 20 seconds left.\n|inactive|cut like a dagger has 15 seconds left.\n|inactive|cut like a dagger has 10 seconds left.\n|inactive|cut like a dagger has 5 seconds left.\n|-message|cut like a dagger lost due to inactivity.\n|\n|win|Crustles\n|raw|Crustles's rating: 1411 &rarr; <strong>1425<\/strong><br \/>(+14 for winning)\n|raw|cut like a dagger's rating: 1312 &rarr; <strong>1298<\/strong><br \/>(-14 for losing)\n","uploadtime":1698017594,"views":9,"p1id":"crustles","p2id":"cutlikeadagger","formatid":"gen9anythinggoes","rating":1298,"private":0,"password":""}