{"id":"gen9anythinggoes-1986915025","p1":"Lostmyacc72","p2":"moneygetter69","format":"[Gen 9] Anything Goes","log":"|j|\u2606Lostmyacc72\n|j|\u2606moneygetter69\n|t:|1699540613\n|gametype|singles\n|player|p1|Lostmyacc72|266|\n|player|p2|moneygetter69|102|\n|teamsize|p1|6\n|teamsize|p2|6\n|gen|9\n|tier|[Gen 9] Anything Goes\n|rule|HP Percentage Mod: HP is shown in percentages\n|rule|Endless Battle Clause: Forcing endless battles is banned\n|clearpoke\n|poke|p1|Calyrex-Shadow|\n|poke|p1|Zacian-*|\n|poke|p1|Maushold-Four|\n|poke|p1|Arceus|\n|poke|p1|Gliscor, F|\n|poke|p1|Koraidon|\n|poke|p2|Kingambit, M|\n|poke|p2|Glimmora, F|\n|poke|p2|Zamazenta-*|\n|poke|p2|Iron Valiant|\n|poke|p2|Iron Moth|\n|poke|p2|Ogerpon-Wellspring, F|\n|teampreview\n|c|\u2606moneygetter69|this look familiar to u?\n|\n|t:|1699540625\n|start\n|switch|p1a: Cloaker Simulator|Calyrex-Shadow|100\/100\n|switch|p2a: Glimmora|Glimmora, F|100\/100\n|-ability|p1a: Cloaker Simulator|As One\n|-ability|p1a: Cloaker Simulator|Unnerve\n|turn|1\n|\n|t:|1699540636\n|switch|p1a: Zacian|Zacian-Crowned|100\/100\n|-ability|p1a: Zacian|Intrepid Sword|boost\n|-boost|p1a: Zacian|atk|1\n|move|p2a: Glimmora|Stealth Rock|p1a: Zacian\n|-sidestart|p1: Lostmyacc72|move: Stealth Rock\n|\n|upkeep\n|turn|2\n|\n|t:|1699540647\n|move|p1a: Zacian|Wild Charge|p2a: Glimmora\n|-damage|p2a: Glimmora|47\/100\n|-activate|p2a: Glimmora|ability: Toxic Debris\n|-sidestart|p1: Lostmyacc72|move: Toxic Spikes\n|-damage|p1a: Zacian|90\/100|[from] Recoil\n|move|p2a: Glimmora|Earth Power|p1a: Zacian\n|-supereffective|p1a: Zacian\n|-damage|p1a: Zacian|41\/100\n|\n|upkeep\n|turn|3\n|\n|t:|1699540657\n|move|p1a: Zacian|Wild Charge|p2a: Glimmora\n|-damage|p2a: Glimmora|0 fnt\n|-activate|p2a: Glimmora|ability: Toxic Debris\n|-sidestart|p1: Lostmyacc72|move: Toxic Spikes\n|faint|p2a: Glimmora\n|-damage|p1a: Zacian|32\/100|[from] Recoil\n|\n|upkeep\n|\n|t:|1699540666\n|switch|p2a: Iron Valiant|Iron Valiant|100\/100\n|-enditem|p2a: Iron Valiant|Booster Energy\n|-activate|p2a: Iron Valiant|ability: Quark Drive|[fromitem]\n|-start|p2a: Iron Valiant|quarkdrivespe\n|turn|4\n|\n|t:|1699540680\n|move|p2a: Iron Valiant|Psyshock|p1a: Zacian\n|-resisted|p1a: Zacian\n|-damage|p1a: Zacian|21\/100\n|move|p1a: Zacian|Play Rough|p2a: Iron Valiant\n|-supereffective|p2a: Iron Valiant\n|-damage|p2a: Iron Valiant|0 fnt\n|faint|p2a: Iron Valiant\n|-end|p2a: Iron Valiant|Quark Drive|[silent]\n|\n|upkeep\n|c|\u2606moneygetter69|uh\n|\n|t:|1699540688\n|switch|p2a: Iron Moth|Iron Moth|100\/100\n|-enditem|p2a: Iron Moth|Booster Energy\n|-activate|p2a: Iron Moth|ability: Quark Drive|[fromitem]\n|-start|p2a: Iron Moth|quarkdrivespe\n|turn|5\n|\n|t:|1699540700\n|move|p2a: Iron Moth|Fiery Dance|p1a: Zacian\n|-supereffective|p1a: Zacian\n|-damage|p1a: Zacian|0 fnt\n|-boost|p2a: Iron Moth|spa|1\n|faint|p1a: Zacian\n|\n|upkeep\n|\n|t:|1699540703\n|switch|p1a: Cloaker Simulator|Calyrex-Shadow|100\/100\n|-ability|p1a: Cloaker Simulator|As One\n|-ability|p1a: Cloaker Simulator|Unnerve\n|-damage|p1a: Cloaker Simulator|88\/100|[from] Stealth Rock\n|-status|p1a: Cloaker Simulator|tox\n|turn|6\n|\n|t:|1699540719\n|move|p1a: Cloaker Simulator|Astral Barrage|p2a: Iron Moth\n|-damage|p2a: Iron Moth|24\/100\n|move|p2a: Iron Moth|Dazzling Gleam|p1a: Cloaker Simulator\n|-damage|p1a: Cloaker Simulator|45\/100 tox\n|\n|-damage|p1a: Cloaker Simulator|39\/100 tox|[from] psn\n|upkeep\n|turn|7\n|\n|t:|1699540726\n|move|p1a: Cloaker Simulator|Astral Barrage|p2a: Iron Moth\n|-damage|p2a: Iron Moth|0 fnt\n|faint|p2a: Iron Moth\n|-end|p2a: Iron Moth|Quark Drive|[silent]\n|-ability|p1a: Cloaker Simulator|Grim Neigh|boost\n|-boost|p1a: Cloaker Simulator|spa|1\n|\n|-damage|p1a: Cloaker Simulator|27\/100 tox|[from] psn\n|upkeep\n|\n|t:|1699540729\n|switch|p2a: Ogerpon|Ogerpon-Wellspring, F|100\/100\n|turn|8\n|\n|t:|1699540734\n|move|p1a: Cloaker Simulator|Astral Barrage|p2a: Ogerpon\n|-damage|p2a: Ogerpon|0 fnt\n|faint|p2a: Ogerpon\n|-ability|p1a: Cloaker Simulator|Grim Neigh|boost\n|-boost|p1a: Cloaker Simulator|spa|1\n|\n|-damage|p1a: Cloaker Simulator|8\/100 tox|[from] psn\n|upkeep\n|\n|t:|1699540739\n|switch|p2a: Zamazenta|Zamazenta, shiny|100\/100\n|-ability|p2a: Zamazenta|Dauntless Shield|boost\n|-boost|p2a: Zamazenta|def|1\n|turn|9\n|\n|t:|1699540743\n|move|p1a: Cloaker Simulator|Astral Barrage|p2a: Zamazenta\n|-damage|p2a: Zamazenta|0 fnt\n|faint|p2a: Zamazenta\n|-ability|p1a: Cloaker Simulator|Grim Neigh|boost\n|-boost|p1a: Cloaker Simulator|spa|1\n|\n|-damage|p1a: Cloaker Simulator|0 fnt|[from] psn\n|faint|p1a: Cloaker Simulator\n|upkeep\n|\n|t:|1699540749\n|switch|p1a: Arceus|Arceus|100\/100\n|switch|p2a: Kingambit|Kingambit, M|100\/100\n|-activate|p2a: Kingambit|ability: Supreme Overlord\n|-start|p2a: Kingambit|fallen5|[silent]\n|turn|10\n|c|\u2606moneygetter69|coemback time\n|c|\u2606Lostmyacc72|mhm\n|\n|t:|1699540761\n|move|p1a: Arceus|Extreme Speed|p2a: Kingambit\n|-resisted|p2a: Kingambit\n|-damage|p2a: Kingambit|83\/100\n|move|p2a: Kingambit|Kowtow Cleave|p1a: Arceus\n|-damage|p1a: Arceus|38\/100\n|\n|upkeep\n|turn|11\n|\n|t:|1699540774\n|move|p1a: Arceus|Extreme Speed|p2a: Kingambit\n|-resisted|p2a: Kingambit\n|-damage|p2a: Kingambit|63\/100\n|move|p2a: Kingambit|Sucker Punch||[still]\n|-fail|p2a: Kingambit\n|\n|upkeep\n|turn|12\n|\n|t:|1699540780\n|move|p1a: Arceus|Extreme Speed|p2a: Kingambit\n|-resisted|p2a: Kingambit\n|-damage|p2a: Kingambit|44\/100\n|move|p2a: Kingambit|Kowtow Cleave|p1a: Arceus\n|-damage|p1a: Arceus|0 fnt\n|faint|p1a: Arceus\n|\n|upkeep\n|\n|t:|1699540784\n|switch|p1a: Koraidon|Koraidon|100\/100\n|-damage|p1a: Koraidon|94\/100|[from] Stealth Rock\n|-status|p1a: Koraidon|tox\n|-weather|SunnyDay|[from] ability: Orichalcum Pulse|[of] p1a: Koraidon\n|-activate|p1a: Koraidon|Orichalcum Pulse|[source]\n|turn|13\n|c|\u2606moneygetter69|u just cannot hang with me\n|c|\u2606Lostmyacc72|gg\n|\n|t:|1699540793\n|-terastallize|p2a: Kingambit|Flying\n|move|p1a: Koraidon|Flare Blitz|p2a: Kingambit\n|-damage|p2a: Kingambit|0 fnt\n|faint|p2a: Kingambit\n|-end|p2a: Kingambit|fallen5|[silent]\n|-damage|p1a: Koraidon|80\/100 tox|[from] Recoil\n|\n|win|Lostmyacc72\n|c|\u2606moneygetter69|u got lucky.\n|l|\u2606moneygetter69\n|c|\u2606Lostmyacc72|nice comeback\n","uploadtime":1699540830,"views":9,"p1id":"lostmyacc72","p2id":"moneygetter69","formatid":"gen9anythinggoes","rating":0,"private":0,"password":""}