{"id":"gen9anythinggoes-1999953618","p1":"Hahaezmoney","p2":"Rowan_Rocket","format":"[Gen 9] Anything Goes","log":"|j|\u2606Hahaezmoney\n|j|\u2606Rowan_Rocket\n|t:|1701134050\n|gametype|singles\n|player|p1|Hahaezmoney|101|1040\n|player|p2|Rowan_Rocket|rocketgruntf|1096\n|teamsize|p1|6\n|teamsize|p2|6\n|gen|9\n|tier|[Gen 9] Anything Goes\n|rated|\n|rule|HP Percentage Mod: HP is shown in percentages\n|rule|Endless Battle Clause: Forcing endless battles is banned\n|clearpoke\n|poke|p1|Amoonguss, F|\n|poke|p1|Dragapult, M|\n|poke|p1|Polteageist|\n|poke|p1|Lucario, F|\n|poke|p1|Garchomp, M|\n|poke|p1|Qwilfish-Hisui, F|\n|poke|p2|Weezing-Galar, F|\n|poke|p2|Arbok, M|\n|poke|p2|Persian, M|\n|poke|p2|Persian-Alola, F|\n|poke|p2|Ariados, F|\n|poke|p2|Drifblim, F|\n|teampreview\n|inactive|Battle timer is ON: inactive players will automatically lose when time's up. (requested by Hahaezmoney)\n|\n|t:|1701134080\n|start\n|switch|p1a: teapot|Polteageist, shiny|100\/100\n|switch|p2a: Persian|Persian-Alola, F|100\/100\n|turn|1\n|\n|t:|1701134088\n|move|p1a: teapot|Shell Smash|p1a: teapot\n|-unboost|p1a: teapot|def|1\n|-unboost|p1a: teapot|spd|1\n|-boost|p1a: teapot|atk|2\n|-boost|p1a: teapot|spa|2\n|-boost|p1a: teapot|spe|2\n|move|p2a: Persian|Roar|p1a: teapot\n|drag|p1a: Shroom|Amoonguss, F, shiny|100\/100\n|\n|upkeep\n|turn|2\n|\n|t:|1701134098\n|switch|p2a: Ariados|Ariados, F|100\/100\n|move|p1a: Shroom|Spore|p2a: Ariados\n|-immune|p2a: Ariados|[from] ability: Insomnia\n|\n|upkeep\n|turn|3\n|\n|t:|1701134112\n|switch|p1a: teapot|Polteageist, shiny|100\/100\n|move|p2a: Ariados|Sticky Web|p1a: teapot\n|-sidestart|p1: Hahaezmoney|move: Sticky Web\n|\n|upkeep\n|turn|4\n|\n|t:|1701134119\n|move|p1a: teapot|Shell Smash|p1a: teapot\n|-unboost|p1a: teapot|def|1\n|-unboost|p1a: teapot|spd|1\n|-boost|p1a: teapot|atk|2\n|-boost|p1a: teapot|spa|2\n|-boost|p1a: teapot|spe|2\n|move|p2a: Ariados|Knock Off|p1a: teapot\n|-supereffective|p1a: teapot\n|-damage|p1a: teapot|0 fnt\n|-enditem|p1a: teapot|Leftovers|[from] move: Knock Off|[of] p2a: Ariados\n|faint|p1a: teapot\n|\n|upkeep\n|\n|t:|1701134134\n|switch|p1a: Garchomp|Garchomp, M|100\/100\n|-activate|p1a: Garchomp|move: Sticky Web\n|-unboost|p1a: Garchomp|spe|1\n|turn|5\n|\n|t:|1701134140\n|move|p1a: Garchomp|Rock Slide|p2a: Ariados\n|-supereffective|p2a: Ariados\n|-damage|p2a: Ariados|35\/100\n|-damage|p1a: Garchomp|91\/100|[from] item: Life Orb\n|move|p2a: Ariados|Toxic Thread|p1a: Garchomp\n|-unboost|p1a: Garchomp|spe|1\n|-status|p1a: Garchomp|psn\n|\n|-damage|p1a: Garchomp|78\/100 psn|[from] psn\n|upkeep\n|turn|6\n|\n|t:|1701134152\n|switch|p2a: Weezing|Weezing-Galar, F|100\/100\n|move|p1a: Garchomp|Rock Slide|p2a: Weezing\n|-damage|p2a: Weezing|68\/100\n|-damage|p1a: Garchomp|69\/100 psn|[from] item: Life Orb\n|\n|-damage|p1a: Garchomp|56\/100 psn|[from] psn\n|upkeep\n|turn|7\n|\n|t:|1701134176\n|move|p1a: Garchomp|Earthquake|p2a: Weezing\n|-immune|p2a: Weezing|[from] ability: Levitate\n|move|p2a: Weezing|Strange Steam|p1a: Garchomp\n|-supereffective|p1a: Garchomp\n|-damage|p1a: Garchomp|0 fnt\n|faint|p1a: Garchomp\n|\n|upkeep\n|\n|t:|1701134185\n|switch|p1a: Lucario|Lucario, F, shiny|100\/100\n|-activate|p1a: Lucario|move: Sticky Web\n|-unboost|p1a: Lucario|spe|1\n|turn|8\n|\n|t:|1701134190\n|switch|p2a: Drifblim|Drifblim, F|100\/100\n|move|p1a: Lucario|Flash Cannon|p2a: Drifblim\n|-damage|p2a: Drifblim|62\/100\n|\n|-status|p2a: Drifblim|brn|[from] item: Flame Orb\n|upkeep\n|turn|9\n|\n|t:|1701134200\n|move|p2a: Drifblim|Shadow Ball|p1a: Lucario\n|-damage|p1a: Lucario|25\/100\n|-unboost|p1a: Lucario|spd|1\n|move|p1a: Lucario|Bulk Up|p1a: Lucario\n|-boost|p1a: Lucario|atk|1\n|-boost|p1a: Lucario|def|1\n|\n|-heal|p1a: Lucario|31\/100|[from] item: Leftovers\n|-damage|p2a: Drifblim|56\/100 brn|[from] brn\n|upkeep\n|turn|10\n|\n|t:|1701134211\n|move|p1a: Lucario|Extreme Speed|p2a: Drifblim\n|-immune|p2a: Drifblim\n|move|p2a: Drifblim|Shadow Ball|p1a: Lucario\n|-damage|p1a: Lucario|0 fnt\n|faint|p1a: Lucario\n|\n|-damage|p2a: Drifblim|50\/100 brn|[from] brn\n|upkeep\n|\n|t:|1701134218\n|switch|p1a: Qwilfish|Qwilfish-Hisui, F|100\/100\n|-activate|p1a: Qwilfish|move: Sticky Web\n|-unboost|p1a: Qwilfish|spe|1\n|-ability|p1a: Qwilfish|Intimidate|boost\n|-unboost|p2a: Drifblim|atk|1\n|turn|11\n|\n|t:|1701134225\n|move|p2a: Drifblim|Trick|p1a: Qwilfish\n|-activate|p2a: Drifblim|move: Trick|[of] p1a: Qwilfish\n|-item|p1a: Qwilfish|Flame Orb|[from] move: Trick\n|-item|p2a: Drifblim|Eviolite|[from] move: Trick\n|move|p1a: Qwilfish|Spikes|p2a: Drifblim\n|-sidestart|p2: Rowan_Rocket|Spikes\n|\n|-damage|p2a: Drifblim|44\/100 brn|[from] brn\n|-status|p1a: Qwilfish|brn|[from] item: Flame Orb\n|upkeep\n|turn|12\n|\n|t:|1701134242\n|move|p2a: Drifblim|Air Slash|p1a: Qwilfish\n|-damage|p1a: Qwilfish|25\/100 brn\n|move|p1a: Qwilfish|Icy Wind|p2a: Drifblim\n|-supereffective|p2a: Drifblim\n|-damage|p2a: Drifblim|25\/100 brn\n|-unboost|p2a: Drifblim|spe|1\n|\n|-damage|p2a: Drifblim|19\/100 brn|[from] brn\n|-damage|p1a: Qwilfish|19\/100 brn|[from] brn\n|upkeep\n|turn|13\n|inactive|Hahaezmoney has 120 seconds left.\n|\n|t:|1701134270\n|move|p2a: Drifblim|Shadow Ball|p1a: Qwilfish\n|-resisted|p1a: Qwilfish\n|-damage|p1a: Qwilfish|0 fnt\n|faint|p1a: Qwilfish\n|\n|-damage|p2a: Drifblim|13\/100 brn|[from] brn\n|upkeep\n|inactive|Hahaezmoney has 120 seconds left.\n|\n|t:|1701134275\n|switch|p1a: dragin|Dragapult, M, shiny|100\/100\n|-activate|p1a: dragin|move: Sticky Web\n|-unboost|p1a: dragin|spe|1\n|turn|14\n|\n|t:|1701134281\n|switch|p2a: Persian|Persian-Alola, F|100\/100\n|-damage|p2a: Persian|88\/100|[from] Spikes\n|move|p1a: dragin|Phantom Force||[still]\n|-prepare|p1a: dragin|Phantom Force\n|\n|upkeep\n|turn|15\n|\n|t:|1701134299\n|switch|p2a: Persian|Persian, M|100\/100\n|-damage|p2a: Persian|88\/100|[from] Spikes\n|move|p1a: dragin|Phantom Force|p2a: Persian|[from]lockedmove\n|-immune|p2a: Persian\n|\n|upkeep\n|turn|16\n|\n|t:|1701134310\n|move|p2a: Persian|Bite|p1a: dragin\n|-supereffective|p1a: dragin\n|-damage|p1a: dragin|37\/100\n|cant|p1a: dragin|flinch\n|\n|-heal|p1a: dragin|43\/100|[from] item: Leftovers\n|upkeep\n|turn|17\n|\n|t:|1701134316\n|move|p2a: Persian|Bite|p1a: dragin\n|-supereffective|p1a: dragin\n|-damage|p1a: dragin|0 fnt\n|faint|p1a: dragin\n|\n|upkeep\n|\n|t:|1701134321\n|switch|p1a: Shroom|Amoonguss, F, shiny|100\/100\n|-activate|p1a: Shroom|move: Sticky Web\n|-unboost|p1a: Shroom|spe|1\n|turn|18\n|\n|t:|1701134326\n|move|p2a: Persian|U-turn|p1a: Shroom\n|-damage|p1a: Shroom|83\/100\n|\n|t:|1701134331\n|switch|p2a: Drifblim|Drifblim, F|13\/100 brn|[from] U-turn\n|move|p1a: Shroom|Spore||[still]\n|-fail|p1a: Shroom\n|\n|-heal|p1a: Shroom|89\/100|[from] item: Leftovers\n|-damage|p2a: Drifblim|6\/100 brn|[from] brn\n|upkeep\n|turn|19\n|\n|t:|1701134341\n|move|p2a: Drifblim|Air Slash|p1a: Shroom\n|-supereffective|p1a: Shroom\n|-damage|p1a: Shroom|9\/100\n|move|p1a: Shroom|Synthesis|p1a: Shroom\n|-heal|p1a: Shroom|59\/100\n|\n|-heal|p1a: Shroom|65\/100|[from] item: Leftovers\n|-damage|p2a: Drifblim|0 fnt|[from] brn\n|faint|p2a: Drifblim\n|upkeep\n|\n|t:|1701134350\n|switch|p2a: Ariados|Ariados, F|35\/100\n|-damage|p2a: Ariados|22\/100|[from] Spikes\n|turn|20\n|\n|t:|1701134355\n|move|p2a: Ariados|Leech Life|p1a: Shroom\n|-damage|p1a: Shroom|37\/100\n|-heal|p2a: Ariados|40\/100|[from] drain|[of] p1a: Shroom\n|move|p1a: Shroom|Leaf Storm|p2a: Ariados\n|-resisted|p2a: Ariados\n|-damage|p2a: Ariados|22\/100\n|-unboost|p1a: Shroom|spa|2\n|\n|-heal|p1a: Shroom|43\/100|[from] item: Leftovers\n|upkeep\n|turn|21\n|\n|t:|1701134368\n|move|p2a: Ariados|Leech Life|p1a: Shroom\n|-crit|p1a: Shroom\n|-damage|p1a: Shroom|4\/100\n|-heal|p2a: Ariados|47\/100|[from] drain|[of] p1a: Shroom\n|move|p1a: Shroom|Synthesis|p1a: Shroom\n|-heal|p1a: Shroom|54\/100\n|\n|-heal|p1a: Shroom|60\/100|[from] item: Leftovers\n|upkeep\n|turn|22\n|\n|t:|1701134376\n|move|p2a: Ariados|Leech Life|p1a: Shroom\n|-damage|p1a: Shroom|34\/100\n|-heal|p2a: Ariados|63\/100|[from] drain|[of] p1a: Shroom\n|move|p1a: Shroom|Synthesis|p1a: Shroom\n|-heal|p1a: Shroom|84\/100\n|\n|-heal|p1a: Shroom|90\/100|[from] item: Leftovers\n|upkeep\n|turn|23\n|\n|t:|1701134386\n|move|p2a: Ariados|Knock Off|p1a: Shroom\n|-damage|p1a: Shroom|70\/100\n|-enditem|p1a: Shroom|Leftovers|[from] move: Knock Off|[of] p2a: Ariados\n|move|p1a: Shroom|Clear Smog|p2a: Ariados\n|-resisted|p2a: Ariados\n|-damage|p2a: Ariados|57\/100\n|-clearboost|p2a: Ariados\n|\n|upkeep\n|turn|24\n|\n|t:|1701134399\n|move|p2a: Ariados|Leech Life|p1a: Shroom\n|-damage|p1a: Shroom|45\/100\n|-heal|p2a: Ariados|73\/100|[from] drain|[of] p1a: Shroom\n|move|p1a: Shroom|Leaf Storm|p2a: Ariados\n|-resisted|p2a: Ariados\n|-damage|p2a: Ariados|64\/100\n|-unboost|p1a: Shroom|spa|2\n|\n|upkeep\n|turn|25\n|c|\u2606Hahaezmoney|this is a very long death\n|\n|t:|1701134409\n|move|p2a: Ariados|Leech Life|p1a: Shroom\n|-damage|p1a: Shroom|20\/100\n|-heal|p2a: Ariados|80\/100|[from] drain|[of] p1a: Shroom\n|move|p1a: Shroom|Synthesis|p1a: Shroom\n|-heal|p1a: Shroom|70\/100\n|\n|upkeep\n|turn|26\n|\n|t:|1701134415\n|move|p2a: Ariados|Leech Life|p1a: Shroom\n|-damage|p1a: Shroom|43\/100\n|-heal|p2a: Ariados|97\/100|[from] drain|[of] p1a: Shroom\n|move|p1a: Shroom|Synthesis|p1a: Shroom\n|-heal|p1a: Shroom|93\/100\n|\n|upkeep\n|turn|27\n|\n|t:|1701134425\n|move|p2a: Ariados|Leech Life|p1a: Shroom\n|-damage|p1a: Shroom|66\/100\n|-heal|p2a: Ariados|100\/100|[from] drain|[of] p1a: Shroom\n|move|p1a: Shroom|Leaf Storm|p2a: Ariados\n|-resisted|p2a: Ariados\n|-damage|p2a: Ariados|95\/100\n|-unboost|p1a: Shroom|spa|2\n|\n|upkeep\n|turn|28\n|\n|t:|1701134434\n|move|p2a: Ariados|Leech Life|p1a: Shroom\n|-crit|p1a: Shroom\n|-damage|p1a: Shroom|24\/100\n|-heal|p2a: Ariados|100\/100|[from] drain|[of] p1a: Shroom\n|move|p1a: Shroom|Leaf Storm|p2a: Ariados\n|-resisted|p2a: Ariados\n|-crit|p2a: Ariados\n|-damage|p2a: Ariados|73\/100\n|\n|upkeep\n|turn|29\n|\n|t:|1701134445\n|move|p2a: Ariados|Leech Life|p1a: Shroom\n|-damage|p1a: Shroom|0 fnt\n|-heal|p2a: Ariados|88\/100|[from] drain|[of] p1a: Shroom\n|-status|p2a: Ariados|par|[from] ability: Effect Spore|[of] p1a: Shroom\n|faint|p1a: Shroom\n|\n|win|Rowan_Rocket\n|raw|Hahaezmoney's rating: 1040 &rarr; <strong>1027<\/strong><br \/>(-13 for losing)\n|raw|Rowan_Rocket's rating: 1096 &rarr; <strong>1118<\/strong><br \/>(+22 for winning)\n|l|\u2606Hahaezmoney\n","uploadtime":1701134457,"views":13,"p1id":"hahaezmoney","p2id":"rowanrocket","formatid":"gen9anythinggoes","rating":1027,"private":0,"password":""}