{"id":"gen9anythinggoes-1995388758","p1":"hgn0000","p2":"British_Mango","format":"[Gen 9] Anything Goes","log":"|j|\u2606hgn0000\n|j|\u2606British_Mango\n|t:|1700564089\n|gametype|singles\n|player|p1|hgn0000|iris-gen5bw2|1292\n|player|p2|British_Mango|102|1400\n|teamsize|p1|6\n|teamsize|p2|6\n|gen|9\n|tier|[Gen 9] Anything Goes\n|rated|\n|rule|HP Percentage Mod: HP is shown in percentages\n|rule|Endless Battle Clause: Forcing endless battles is banned\n|clearpoke\n|poke|p1|Darkrai|\n|poke|p1|Calyrex-Shadow|\n|poke|p1|Groudon|\n|poke|p1|Hoopa-Unbound|\n|poke|p1|Zacian-*|\n|poke|p1|Koraidon|\n|poke|p2|Samurott-Hisui, F|\n|poke|p2|Walking Wake|\n|poke|p2|Ting-Lu|\n|poke|p2|Torkoal, M|\n|poke|p2|Ceruledge, F|\n|poke|p2|Munkidori, M|\n|teampreview\n|\n|t:|1700564093\n|start\n|switch|p1a: Koraidon|Koraidon|100\/100\n|switch|p2a: Torkoal|Torkoal, M|100\/100\n|-weather|SunnyDay|[from] ability: Orichalcum Pulse|[of] p1a: Koraidon\n|-activate|p1a: Koraidon|Orichalcum Pulse|[source]\n|turn|1\n|\n|t:|1700564100\n|move|p1a: Koraidon|Swords Dance|p1a: Koraidon\n|-boost|p1a: Koraidon|atk|2\n|move|p2a: Torkoal|Yawn|p1a: Koraidon\n|-start|p1a: Koraidon|move: Yawn|[of] p2a: Torkoal\n|\n|-weather|SunnyDay|[upkeep]\n|upkeep\n|turn|2\n|\n|t:|1700564114\n|move|p1a: Koraidon|Scale Shot|p2a: Torkoal\n|-damage|p2a: Torkoal|72\/100\n|-damage|p2a: Torkoal|44\/100\n|-damage|p2a: Torkoal|19\/100\n|-damage|p2a: Torkoal|0 fnt\n|faint|p2a: Torkoal\n|-hitcount|p2: Torkoal|4\n|-unboost|p1a: Koraidon|def|1\n|-boost|p1a: Koraidon|spe|1\n|\n|-weather|SunnyDay|[upkeep]\n|-end|p1a: Koraidon|move: Yawn|[silent]\n|-status|p1a: Koraidon|slp\n|upkeep\n|\n|t:|1700564130\n|switch|p2a: Munkidori|Munkidori, M|100\/100\n|turn|3\n|\n|t:|1700564133\n|cant|p1a: Koraidon|slp\n|move|p2a: Munkidori|Psychic|p1a: Koraidon\n|-supereffective|p1a: Koraidon\n|-damage|p1a: Koraidon|7\/100 slp\n|\n|-weather|SunnyDay|[upkeep]\n|upkeep\n|turn|4\n|\n|t:|1700564146\n|cant|p1a: Koraidon|slp\n|move|p2a: Munkidori|Psychic|p1a: Koraidon\n|-supereffective|p1a: Koraidon\n|-damage|p1a: Koraidon|0 fnt\n|faint|p1a: Koraidon\n|\n|-weather|SunnyDay|[upkeep]\n|upkeep\n|\n|t:|1700564153\n|switch|p1a: Calyrex|Calyrex-Shadow|100\/100\n|-ability|p1a: Calyrex|As One\n|-ability|p1a: Calyrex|Unnerve\n|turn|5\n|\n|t:|1700564161\n|move|p1a: Calyrex|Astral Barrage|p2a: Munkidori\n|-supereffective|p2a: Munkidori\n|-enditem|p2a: Munkidori|Focus Sash\n|-damage|p2a: Munkidori|1\/100\n|move|p2a: Munkidori|Poltergeist|p1a: Calyrex\n|-activate|p1a: Calyrex|move: Poltergeist|Quick Claw\n|-supereffective|p1a: Calyrex\n|-damage|p1a: Calyrex|0 fnt\n|faint|p1a: Calyrex\n|\n|-weather|none\n|upkeep\n|\n|t:|1700564173\n|switch|p1a: Darkrai|Darkrai|100\/100\n|turn|6\n|\n|t:|1700564184\n|move|p1a: Darkrai|Dark Pulse|p2a: Munkidori\n|-supereffective|p2a: Munkidori\n|-damage|p2a: Munkidori|0 fnt\n|faint|p2a: Munkidori\n|\n|upkeep\n|\n|t:|1700564192\n|switch|p2a: Ting-Lu|Ting-Lu|100\/100\n|-ability|p2a: Ting-Lu|Vessel of Ruin\n|turn|7\n|\n|t:|1700564201\n|move|p1a: Darkrai|Confuse Ray|p2a: Ting-Lu\n|-start|p2a: Ting-Lu|confusion\n|-activate|p2a: Ting-Lu|confusion\n|-damage|p2a: Ting-Lu|95\/100|[from] confusion\n|\n|-heal|p2a: Ting-Lu|100\/100|[from] item: Leftovers\n|upkeep\n|turn|8\n|\n|t:|1700564209\n|move|p1a: Darkrai|Hypnosis|p2a: Ting-Lu|[miss]\n|-miss|p1a: Darkrai|p2a: Ting-Lu\n|-activate|p2a: Ting-Lu|confusion\n|move|p2a: Ting-Lu|Taunt|p1a: Darkrai\n|-start|p1a: Darkrai|move: Taunt\n|\n|upkeep\n|turn|9\n|\n|t:|1700564217\n|move|p1a: Darkrai|Dark Pulse|p2a: Ting-Lu\n|-resisted|p2a: Ting-Lu\n|-damage|p2a: Ting-Lu|91\/100\n|-end|p2a: Ting-Lu|confusion\n|move|p2a: Ting-Lu|Fissure|p1a: Darkrai|[miss]\n|-miss|p2a: Ting-Lu|p1a: Darkrai\n|\n|-heal|p2a: Ting-Lu|97\/100|[from] item: Leftovers\n|upkeep\n|turn|10\n|\n|t:|1700564226\n|move|p1a: Darkrai|Dark Pulse|p2a: Ting-Lu\n|-resisted|p2a: Ting-Lu\n|-damage|p2a: Ting-Lu|88\/100\n|move|p2a: Ting-Lu|Stomping Tantrum|p1a: Darkrai\n|-damage|p1a: Darkrai|20\/100\n|\n|-heal|p2a: Ting-Lu|94\/100|[from] item: Leftovers\n|upkeep\n|turn|11\n|\n|t:|1700564233\n|move|p1a: Darkrai|Dark Pulse|p2a: Ting-Lu\n|-resisted|p2a: Ting-Lu\n|-damage|p2a: Ting-Lu|84\/100\n|cant|p2a: Ting-Lu|flinch\n|\n|-heal|p2a: Ting-Lu|91\/100|[from] item: Leftovers\n|-end|p1a: Darkrai|move: Taunt\n|upkeep\n|turn|12\n|\n|t:|1700564242\n|move|p1a: Darkrai|Hypnosis|p2a: Ting-Lu|[miss]\n|-miss|p1a: Darkrai|p2a: Ting-Lu\n|move|p2a: Ting-Lu|Stomping Tantrum|p1a: Darkrai\n|-damage|p1a: Darkrai|0 fnt\n|faint|p1a: Darkrai\n|\n|-heal|p2a: Ting-Lu|97\/100|[from] item: Leftovers\n|upkeep\n|\n|t:|1700564249\n|switch|p1a: Zacian|Zacian-Crowned|100\/100\n|-ability|p1a: Zacian|Intrepid Sword|boost\n|-boost|p1a: Zacian|atk|1\n|turn|13\n|\n|t:|1700564257\n|move|p1a: Zacian|Close Combat|p2a: Ting-Lu\n|-supereffective|p2a: Ting-Lu\n|-damage|p2a: Ting-Lu|20\/100\n|-unboost|p1a: Zacian|def|1\n|-unboost|p1a: Zacian|spd|1\n|move|p2a: Ting-Lu|Fissure|p1a: Zacian|[miss]\n|-miss|p2a: Ting-Lu|p1a: Zacian\n|\n|-heal|p2a: Ting-Lu|26\/100|[from] item: Leftovers\n|upkeep\n|turn|14\n|\n|t:|1700564266\n|move|p1a: Zacian|Close Combat|p2a: Ting-Lu\n|-supereffective|p2a: Ting-Lu\n|-damage|p2a: Ting-Lu|0 fnt\n|-unboost|p1a: Zacian|def|1\n|-unboost|p1a: Zacian|spd|1\n|faint|p2a: Ting-Lu\n|\n|upkeep\n|\n|t:|1700564269\n|switch|p2a: Samurott|Samurott-Hisui, F, shiny|100\/100\n|turn|15\n|\n|t:|1700564277\n|move|p1a: Zacian|Behemoth Blade|p2a: Samurott\n|-resisted|p2a: Samurott\n|-damage|p2a: Samurott|44\/100\n|move|p2a: Samurott|Aqua Cutter|p1a: Zacian\n|-crit|p1a: Zacian\n|-damage|p1a: Zacian|0 fnt\n|faint|p1a: Zacian\n|\n|upkeep\n|\n|t:|1700564285\n|switch|p1a: Hoopa|Hoopa-Unbound|100\/100\n|turn|16\n|\n|t:|1700564293\n|move|p2a: Samurott|Ceaseless Edge|p1a: Hoopa\n|-damage|p1a: Hoopa|19\/100\n|-sidestart|p1: hgn0000|Spikes\n|move|p1a: Hoopa|Hyperspace Fury|p2a: Samurott\n|-resisted|p2a: Samurott\n|-damage|p2a: Samurott|12\/100\n|-unboost|p1a: Hoopa|def|1\n|\n|upkeep\n|turn|17\n|\n|t:|1700564302\n|move|p2a: Samurott|Sucker Punch|p1a: Hoopa\n|-damage|p1a: Hoopa|0 fnt\n|faint|p1a: Hoopa\n|\n|upkeep\n|\n|t:|1700564306\n|switch|p1a: Groudon|Groudon|100\/100\n|-damage|p1a: Groudon|88\/100|[from] Spikes\n|-weather|SunnyDay|[from] ability: Drought|[of] p1a: Groudon\n|turn|18\n|\n|t:|1700564313\n|-terastallize|p1a: Groudon|Water\n|move|p2a: Samurott|Sucker Punch|p1a: Groudon\n|-damage|p1a: Groudon|58\/100\n|move|p1a: Groudon|Earthquake|p2a: Samurott\n|-damage|p2a: Samurott|0 fnt\n|faint|p2a: Samurott\n|\n|-weather|SunnyDay|[upkeep]\n|upkeep\n|\n|t:|1700564317\n|switch|p2a: Walking Wake|Walking Wake|100\/100\n|-activate|p2a: Walking Wake|ability: Protosynthesis\n|-start|p2a: Walking Wake|protosynthesisspa\n|turn|19\n|\n|t:|1700564329\n|move|p2a: Walking Wake|Draco Meteor|p1a: Groudon\n|-damage|p1a: Groudon|0 fnt\n|-unboost|p2a: Walking Wake|spa|2\n|faint|p1a: Groudon\n|-damage|p2a: Walking Wake|91\/100|[from] item: Life Orb\n|\n|win|British_Mango\n|raw|hgn0000's rating: 1292 &rarr; <strong>1275<\/strong><br \/>(-17 for losing)\n|raw|British_Mango's rating: 1400 &rarr; <strong>1414<\/strong><br \/>(+14 for winning)\n|l|\u2606British_Mango\n","uploadtime":1700564343,"views":3,"p1id":"hgn0000","p2id":"britishmango","formatid":"gen9anythinggoes","rating":1275,"private":0,"password":""}