{"id":"gen9anythinggoes-1984946520","p1":"Brodie3433","p2":"Rahhh456","format":"[Gen 9] Anything Goes","log":"|j|\u2606Brodie3433\n|j|\u2606Rahhh456\n|t:|1699313567\n|gametype|singles\n|player|p1|Brodie3433|colress|1212\n|player|p2|Rahhh456|hiker-gen4|1074\n|teamsize|p1|6\n|teamsize|p2|6\n|gen|9\n|tier|[Gen 9] Anything Goes\n|rated|\n|rule|HP Percentage Mod: HP is shown in percentages\n|rule|Endless Battle Clause: Forcing endless battles is banned\n|clearpoke\n|poke|p1|Regieleki|\n|poke|p1|Landorus-Therian, M|\n|poke|p1|Ogerpon-Hearthflame, F|\n|poke|p1|Ditto|\n|poke|p1|Espathra, F|\n|poke|p1|Zacian-*|\n|poke|p2|Lurantis, M|\n|poke|p2|Kleavor, F|\n|poke|p2|Slowbro, M|\n|poke|p2|Primeape, M|\n|poke|p2|Toxtricity, M|\n|poke|p2|Groudon|\n|teampreview\n|\n|t:|1699313582\n|start\n|switch|p1a: AIDS|Espathra, F, shiny|100\/100\n|switch|p2a: Primeape|Primeape, M|100\/100\n|turn|1\n|\n|t:|1699313601\n|switch|p2a: Groudon|Groudon|100\/100\n|-weather|SunnyDay|[from] ability: Drought|[of] p2a: Groudon\n|move|p1a: AIDS|Calm Mind|p1a: AIDS\n|-boost|p1a: AIDS|spa|1\n|-boost|p1a: AIDS|spd|1\n|\n|-weather|SunnyDay|[upkeep]\n|-ability|p1a: AIDS|Speed Boost|boost\n|-boost|p1a: AIDS|spe|1\n|upkeep\n|turn|2\n|\n|t:|1699313612\n|move|p1a: AIDS|Calm Mind|p1a: AIDS\n|-boost|p1a: AIDS|spa|1\n|-boost|p1a: AIDS|spd|1\n|move|p2a: Groudon|Lava Plume|p1a: AIDS\n|-damage|p1a: AIDS|81\/100\n|-status|p1a: AIDS|brn\n|\n|-weather|SunnyDay|[upkeep]\n|-heal|p1a: AIDS|87\/100 brn|[from] item: Leftovers\n|-damage|p1a: AIDS|81\/100 brn|[from] brn\n|-ability|p1a: AIDS|Speed Boost|boost\n|-boost|p1a: AIDS|spe|1\n|upkeep\n|turn|3\n|\n|t:|1699313625\n|move|p1a: AIDS|Calm Mind|p1a: AIDS\n|-boost|p1a: AIDS|spa|1\n|-boost|p1a: AIDS|spd|1\n|move|p2a: Groudon|Stealth Rock|p1a: AIDS\n|-sidestart|p1: Brodie3433|move: Stealth Rock\n|\n|-weather|SunnyDay|[upkeep]\n|-heal|p1a: AIDS|87\/100 brn|[from] item: Leftovers\n|-damage|p1a: AIDS|81\/100 brn|[from] brn\n|-ability|p1a: AIDS|Speed Boost|boost\n|-boost|p1a: AIDS|spe|1\n|upkeep\n|turn|4\n|\n|t:|1699313636\n|move|p1a: AIDS|Calm Mind|p1a: AIDS\n|-boost|p1a: AIDS|spa|1\n|-boost|p1a: AIDS|spd|1\n|move|p2a: Groudon|Precipice Blades|p1a: AIDS\n|-damage|p1a: AIDS|8\/100 brn\n|\n|-weather|SunnyDay|[upkeep]\n|-heal|p1a: AIDS|14\/100 brn|[from] item: Leftovers\n|-damage|p1a: AIDS|8\/100 brn|[from] brn\n|-ability|p1a: AIDS|Speed Boost|boost\n|-boost|p1a: AIDS|spe|1\n|upkeep\n|turn|5\n|\n|t:|1699313657\n|switch|p2a: Primeape|Primeape, M|100\/100\n|move|p1a: AIDS|Stored Power|p2a: Primeape\n|-supereffective|p2a: Primeape\n|-damage|p2a: Primeape|0 fnt\n|faint|p2a: Primeape\n|\n|-weather|none\n|-heal|p1a: AIDS|14\/100 brn|[from] item: Leftovers\n|-damage|p1a: AIDS|8\/100 brn|[from] brn\n|-ability|p1a: AIDS|Speed Boost|boost\n|-boost|p1a: AIDS|spe|1\n|upkeep\n|\n|t:|1699313673\n|switch|p2a: Slowbro|Slowbro, M|100\/100\n|turn|6\n|\n|t:|1699313684\n|move|p1a: AIDS|Stored Power|p2a: Slowbro\n|-resisted|p2a: Slowbro\n|-damage|p2a: Slowbro|16\/100\n|move|p2a: Slowbro|Future Sight|p1a: AIDS\n|-start|p2a: Slowbro|move: Future Sight\n|\n|-heal|p1a: AIDS|14\/100 brn|[from] item: Leftovers\n|-damage|p1a: AIDS|8\/100 brn|[from] brn\n|-ability|p1a: AIDS|Speed Boost|boost\n|-boost|p1a: AIDS|spe|1\n|upkeep\n|turn|7\n|\n|t:|1699313695\n|move|p1a: AIDS|Baton Pass|p1a: AIDS\n|\n|t:|1699313696\n|switch|p1a: SPEEEEEE|Regieleki, shiny|100\/100|[from] Baton Pass\n|-damage|p1a: SPEEEEEE|88\/100|[from] Stealth Rock\n|move|p2a: Slowbro|Future Sight||[still]\n|-fail|p2a: Slowbro\n|\n|upkeep\n|turn|8\n|\n|t:|1699313705\n|move|p1a: SPEEEEEE|Thunderbolt|p2a: Slowbro\n|-supereffective|p2a: Slowbro\n|-damage|p2a: Slowbro|0 fnt\n|faint|p2a: Slowbro\n|\n|-end|p1a: SPEEEEEE|move: Future Sight\n|-damage|p1a: SPEEEEEE|64\/100\n|upkeep\n|\n|t:|1699313715\n|switch|p2a: Lurantis|Lurantis, M, shiny|100\/100\n|turn|9\n|\n|t:|1699313727\n|move|p1a: SPEEEEEE|Thunderbolt|p2a: Lurantis\n|-resisted|p2a: Lurantis\n|-damage|p2a: Lurantis|12\/100\n|-status|p2a: Lurantis|par\n|cant|p2a: Lurantis|par\n|\n|upkeep\n|turn|10\n|\n|t:|1699313739\n|move|p1a: SPEEEEEE|Thunderbolt|p2a: Lurantis\n|-resisted|p2a: Lurantis\n|-damage|p2a: Lurantis|0 fnt\n|faint|p2a: Lurantis\n|\n|upkeep\n|\n|t:|1699313744\n|switch|p2a: Kleavor|Kleavor, F|100\/100\n|turn|11\n|\n|t:|1699313751\n|switch|p2a: Groudon|Groudon|100\/100\n|-weather|SunnyDay|[from] ability: Drought|[of] p2a: Groudon\n|move|p1a: SPEEEEEE|Thunderbolt|p2a: Groudon\n|-immune|p2a: Groudon\n|\n|-weather|SunnyDay|[upkeep]\n|upkeep\n|turn|12\n|\n|t:|1699313763\n|-terastallize|p1a: SPEEEEEE|Ice\n|move|p1a: SPEEEEEE|Tera Blast|p2a: Groudon|[anim] Tera Blast Ice\n|-supereffective|p2a: Groudon\n|-damage|p2a: Groudon|0 fnt\n|faint|p2a: Groudon\n|\n|-weather|SunnyDay|[upkeep]\n|upkeep\n|-message|Rahhh456 forfeited.\n|\n|win|Brodie3433\n|raw|Brodie3433's rating: 1212 &rarr; <strong>1228<\/strong><br \/>(+16 for winning)\n|raw|Rahhh456's rating: 1074 &rarr; <strong>1061<\/strong><br \/>(-13 for losing)\n|l|\u2606Rahhh456\n","uploadtime":1699313778,"views":4,"p1id":"brodie3433","p2id":"rahhh456","formatid":"gen9anythinggoes","rating":1061,"private":0,"password":""}