{"id":"gen9anythinggoes-1996088588","p1":"Einzbern640","p2":"Eggoditch23","format":"[Gen 9] Anything Goes","log":"|j|\u2606Einzbern640\n|j|\u2606Eggoditch23\n|t:|1700642201\n|gametype|singles\n|player|p1|Einzbern640|waiter|1150\n|player|p2|Eggoditch23|1|1078\n|teamsize|p1|6\n|teamsize|p2|6\n|gen|9\n|tier|[Gen 9] Anything Goes\n|rated|\n|rule|HP Percentage Mod: HP is shown in percentages\n|rule|Endless Battle Clause: Forcing endless battles is banned\n|clearpoke\n|poke|p1|Empoleon, F|\n|poke|p1|Empoleon, M|\n|poke|p1|Empoleon, M|\n|poke|p1|Empoleon, M|\n|poke|p1|Empoleon, F|\n|poke|p1|Empoleon, F|\n|poke|p2|Glimmora, M|\n|poke|p2|Regieleki|\n|poke|p2|Ninetales-Alola, F|\n|poke|p2|Dudunsparce-*, F|\n|poke|p2|Blissey, F|\n|poke|p2|Cinderace, F|\n|teampreview\n|\n|t:|1700642224\n|start\n|switch|p1a: Tuxedo|Empoleon, F|100\/100\n|switch|p2a: Glimmora|Glimmora, M|100\/100\n|-item|p1a: Tuxedo|Air Balloon\n|turn|1\n|inactive|Battle timer is ON: inactive players will automatically lose when time's up. (requested by Einzbern640)\n|\n|t:|1700642231\n|move|p2a: Glimmora|Stealth Rock|p1a: Tuxedo\n|-sidestart|p1: Einzbern640|move: Stealth Rock\n|move|p1a: Tuxedo|Stealth Rock|p2a: Glimmora\n|-sidestart|p2: Eggoditch23|move: Stealth Rock\n|\n|upkeep\n|turn|2\n|\n|t:|1700642238\n|move|p2a: Glimmora|Stealth Rock||[still]\n|-fail|p2a: Glimmora\n|move|p1a: Tuxedo|Roar|p2a: Glimmora\n|drag|p2a: Blissey|Blissey, F|100\/100\n|-damage|p2a: Blissey|88\/100|[from] Stealth Rock\n|\n|upkeep\n|turn|3\n|\n|t:|1700642249\n|move|p1a: Tuxedo|Knock Off|p2a: Blissey\n|-damage|p2a: Blissey|64\/100\n|-damage|p1a: Tuxedo|84\/100|[from] item: Rocky Helmet|[of] p2a: Blissey\n|-enditem|p2a: Blissey|Rocky Helmet|[from] move: Knock Off|[of] p1a: Tuxedo\n|move|p2a: Blissey|Light Screen|p2a: Blissey\n|-sidestart|p2: Eggoditch23|move: Light Screen\n|\n|upkeep\n|turn|4\n|\n|t:|1700642257\n|move|p2a: Blissey|Trailblaze|p1a: Tuxedo\n|-damage|p1a: Tuxedo|82\/100\n|-boost|p2a: Blissey|spe|1\n|-enditem|p1a: Tuxedo|Air Balloon\n|move|p1a: Tuxedo|Roar|p2a: Blissey\n|drag|p2a: Cinderace|Cinderace, F|100\/100\n|-damage|p2a: Cinderace|76\/100|[from] Stealth Rock\n|\n|upkeep\n|turn|5\n|\n|t:|1700642269\n|move|p1a: Tuxedo|Aqua Jet|p2a: Cinderace\n|-supereffective|p2a: Cinderace\n|-damage|p2a: Cinderace|37\/100\n|move|p2a: Cinderace|High Jump Kick|p1a: Tuxedo\n|-start|p2a: Cinderace|typechange|Fighting|[from] ability: Libero\n|-supereffective|p1a: Tuxedo\n|-damage|p1a: Tuxedo|0 fnt\n|faint|p1a: Tuxedo\n|\n|upkeep\n|inactive|Einzbern640 has 120 seconds left.\n|\n|t:|1700642300\n|switch|p1a: Empress|Empoleon, F|100\/100\n|-damage|p1a: Empress|94\/100|[from] Stealth Rock\n|turn|6\n|inactive|Einzbern640 has 120 seconds left.\n|\n|t:|1700642316\n|-terastallize|p1a: Empress|Fairy\n|move|p2a: Cinderace|High Jump Kick|p1a: Empress|[miss]\n|-miss|p2a: Cinderace|p1a: Empress\n|-damage|p2a: Cinderace|0 fnt|[from] highjumpkick\n|faint|p2a: Cinderace\n|move|p1a: Empress|Tera Blast|p2: Cinderace|[notarget]\n|-fail|p1a: Empress\n|\n|-heal|p1a: Empress|100\/100|[from] item: Leftovers\n|upkeep\n|\n|t:|1700642336\n|switch|p2a: Dudunsparce|Dudunsparce-Three-Segment, F|100\/100\n|-damage|p2a: Dudunsparce|88\/100|[from] Stealth Rock\n|turn|7\n|\n|t:|1700642341\n|move|p1a: Empress|Substitute|p1a: Empress\n|-start|p1a: Empress|Substitute\n|-damage|p1a: Empress|76\/100\n|move|p2a: Dudunsparce|Coil|p2a: Dudunsparce\n|-boost|p2a: Dudunsparce|atk|1\n|-boost|p2a: Dudunsparce|def|1\n|-boost|p2a: Dudunsparce|accuracy|1\n|\n|-heal|p1a: Empress|82\/100|[from] item: Leftovers\n|-sideend|p2: Eggoditch23|move: Light Screen\n|upkeep\n|turn|8\n|\n|t:|1700642350\n|move|p2a: Dudunsparce|Boomburst|p1a: Empress\n|-damage|p1a: Empress|46\/100\n|-heal|p2a: Dudunsparce|92\/100|[from] item: Shell Bell|[of] p1a: Empress\n|move|p1a: Empress|Roar|p2a: Dudunsparce\n|drag|p2a: Regieleki|Regieleki|100\/100\n|-damage|p2a: Regieleki|88\/100|[from] Stealth Rock\n|\n|-heal|p1a: Empress|52\/100|[from] item: Leftovers\n|upkeep\n|turn|9\n|\n|t:|1700642364\n|move|p2a: Regieleki|Volt Switch|p1a: Empress\n|-end|p1a: Empress|Substitute\n|-damage|p2a: Regieleki|78\/100|[from] item: Life Orb\n|\n|t:|1700642369\n|switch|p2a: Dudunsparce|Dudunsparce-Three-Segment, F|92\/100|[from] Volt Switch\n|-damage|p2a: Dudunsparce|79\/100|[from] Stealth Rock\n|move|p1a: Empress|Roost|p1a: Empress\n|-heal|p1a: Empress|100\/100\n|\n|upkeep\n|turn|10\n|\n|t:|1700642377\n|move|p2a: Dudunsparce|Dual Wingbeat|p1a: Empress\n|-damage|p1a: Empress|90\/100\n|-crit|p1a: Empress\n|-damage|p1a: Empress|77\/100\n|-hitcount|p1a: Empress|2\n|-heal|p2a: Dudunsparce|82\/100|[from] item: Shell Bell|[of] p1a: Empress\n|move|p1a: Empress|Roar|p2a: Dudunsparce\n|drag|p2a: Ninetales|Ninetales-Alola, F|100\/100\n|-damage|p2a: Ninetales|76\/100|[from] Stealth Rock\n|-weather|Snow|[from] ability: Snow Warning|[of] p2a: Ninetales\n|\n|-weather|Snow|[upkeep]\n|-heal|p1a: Empress|83\/100|[from] item: Leftovers\n|upkeep\n|turn|11\n|\n|t:|1700642393\n|move|p2a: Ninetales|Aurora Veil|p2a: Ninetales\n|-sidestart|p2: Eggoditch23|move: Aurora Veil\n|move|p1a: Empress|Substitute|p1a: Empress\n|-start|p1a: Empress|Substitute\n|-damage|p1a: Empress|58\/100\n|\n|-weather|Snow|[upkeep]\n|-heal|p1a: Empress|64\/100|[from] item: Leftovers\n|upkeep\n|turn|12\n|\n|t:|1700642403\n|move|p2a: Ninetales|Aurora Beam|p1a: Empress\n|-activate|p1a: Empress|move: Substitute|[damage]\n|move|p1a: Empress|Tera Blast|p2a: Ninetales|[anim] Tera Blast Fairy\n|-damage|p2a: Ninetales|59\/100\n|\n|-weather|Snow|[upkeep]\n|-heal|p1a: Empress|70\/100|[from] item: Leftovers\n|upkeep\n|turn|13\n|\n|t:|1700642412\n|move|p2a: Ninetales|Aurora Beam|p1a: Empress\n|-end|p1a: Empress|Substitute\n|move|p1a: Empress|Roost|p1a: Empress\n|-heal|p1a: Empress|100\/100\n|\n|-weather|Snow|[upkeep]\n|upkeep\n|turn|14\n|\n|t:|1700642418\n|move|p2a: Ninetales|Aurora Beam|p1a: Empress\n|-damage|p1a: Empress|80\/100\n|-heal|p2a: Ninetales|62\/100|[from] item: Shell Bell|[of] p1a: Empress\n|move|p1a: Empress|Substitute|p1a: Empress\n|-start|p1a: Empress|Substitute\n|-damage|p1a: Empress|55\/100\n|\n|-weather|none\n|-heal|p1a: Empress|61\/100|[from] item: Leftovers\n|upkeep\n|turn|15\n|\n|t:|1700642427\n|move|p2a: Ninetales|Aurora Beam|p1a: Empress\n|-activate|p1a: Empress|move: Substitute|[damage]\n|move|p1a: Empress|Roar|p2a: Ninetales\n|drag|p2a: Dudunsparce|Dudunsparce-Three-Segment, F|82\/100\n|-damage|p2a: Dudunsparce|69\/100|[from] Stealth Rock\n|\n|-heal|p1a: Empress|67\/100|[from] item: Leftovers\n|-sideend|p2: Eggoditch23|move: Aurora Veil\n|upkeep\n|turn|16\n|\n|t:|1700642436\n|move|p2a: Dudunsparce|Boomburst|p1a: Empress\n|-damage|p1a: Empress|31\/100\n|-heal|p2a: Dudunsparce|73\/100|[from] item: Shell Bell|[of] p1a: Empress\n|move|p1a: Empress|Roar|p2a: Dudunsparce\n|drag|p2a: Regieleki|Regieleki|78\/100\n|-damage|p2a: Regieleki|66\/100|[from] Stealth Rock\n|\n|-heal|p1a: Empress|38\/100|[from] item: Leftovers\n|upkeep\n|turn|17\n|\n|t:|1700642447\n|move|p2a: Regieleki|Volt Switch|p1a: Empress\n|-end|p1a: Empress|Substitute\n|-damage|p2a: Regieleki|56\/100|[from] item: Life Orb\n|\n|t:|1700642453\n|switch|p2a: Dudunsparce|Dudunsparce-Three-Segment, F|73\/100|[from] Volt Switch\n|-damage|p2a: Dudunsparce|60\/100|[from] Stealth Rock\n|move|p1a: Empress|Roost|p1a: Empress\n|-heal|p1a: Empress|88\/100\n|\n|-heal|p1a: Empress|94\/100|[from] item: Leftovers\n|upkeep\n|turn|18\n|\n|t:|1700642465\n|move|p1a: Empress|Tera Blast|p2a: Dudunsparce|[anim] Tera Blast Fairy\n|-damage|p2a: Dudunsparce|25\/100\n|move|p2a: Dudunsparce|Boomburst|p1a: Empress\n|-damage|p1a: Empress|55\/100\n|-heal|p2a: Dudunsparce|29\/100|[from] item: Shell Bell|[of] p1a: Empress\n|\n|-heal|p1a: Empress|61\/100|[from] item: Leftovers\n|upkeep\n|turn|19\n|\n|t:|1700642477\n|move|p1a: Empress|Tera Blast|p2a: Dudunsparce|[anim] Tera Blast Fairy\n|-damage|p2a: Dudunsparce|0 fnt\n|faint|p2a: Dudunsparce\n|\n|-heal|p1a: Empress|67\/100|[from] item: Leftovers\n|upkeep\n|\n|t:|1700642482\n|switch|p2a: Regieleki|Regieleki|56\/100\n|-damage|p2a: Regieleki|44\/100|[from] Stealth Rock\n|turn|20\n|\n|t:|1700642488\n|-terastallize|p2a: Regieleki|Electric\n|move|p2a: Regieleki|Thunderbolt|p1a: Empress\n|-damage|p1a: Empress|0 fnt\n|faint|p1a: Empress\n|-damage|p2a: Regieleki|34\/100|[from] item: Life Orb\n|\n|upkeep\n|inactive|Einzbern640 has 120 seconds left.\n|\n|t:|1700642524\n|switch|p1a: Winter|Empoleon, F, shiny|100\/100\n|-damage|p1a: Winter|94\/100|[from] Stealth Rock\n|turn|21\n|\n|t:|1700642529\n|move|p2a: Regieleki|Thunderbolt|p1a: Winter\n|-supereffective|p1a: Winter\n|-damage|p1a: Winter|0 fnt\n|faint|p1a: Winter\n|-damage|p2a: Regieleki|24\/100|[from] item: Life Orb\n|\n|upkeep\n|inactive|Einzbern640 has 120 seconds left.\n|\n|t:|1700642540\n|switch|p1a: Emperor|Empoleon, M, shiny|100\/100\n|-damage|p1a: Emperor|94\/100|[from] Stealth Rock\n|turn|22\n|\n|t:|1700642551\n|move|p1a: Emperor|Vacuum Wave|p2a: Regieleki\n|-damage|p2a: Regieleki|0 fnt\n|faint|p2a: Regieleki\n|\n|upkeep\n|\n|t:|1700642558\n|switch|p2a: Ninetales|Ninetales-Alola, F|62\/100\n|-damage|p2a: Ninetales|37\/100|[from] Stealth Rock\n|-weather|Snow|[from] ability: Snow Warning|[of] p2a: Ninetales\n|turn|23\n|\n|t:|1700642575\n|switch|p1a: Napoleon|Empoleon, M|100\/100\n|-damage|p1a: Napoleon|94\/100|[from] Stealth Rock\n|move|p2a: Ninetales|Aurora Veil|p2a: Ninetales\n|-sidestart|p2: Eggoditch23|move: Aurora Veil\n|\n|-weather|Snow|[upkeep]\n|upkeep\n|turn|24\n|\n|t:|1700642584\n|move|p2a: Ninetales|Aurora Beam|p1a: Napoleon\n|-resisted|p1a: Napoleon\n|-damage|p1a: Napoleon|88\/100\n|-heal|p2a: Ninetales|38\/100|[from] item: Shell Bell|[of] p1a: Napoleon\n|move|p1a: Napoleon|Agility|p1a: Napoleon\n|-boost|p1a: Napoleon|spe|2\n|\n|-weather|Snow|[upkeep]\n|upkeep\n|turn|25\n|\n|t:|1700642593\n|move|p1a: Napoleon|Metal Claw|p2a: Ninetales\n|-supereffective|p2a: Ninetales\n|-damage|p2a: Ninetales|0 fnt\n|faint|p2a: Ninetales\n|-damage|p1a: Napoleon|78\/100|[from] item: Life Orb\n|\n|-weather|Snow|[upkeep]\n|upkeep\n|-message|Eggoditch23 forfeited.\n|\n|win|Einzbern640\n|raw|Einzbern640's rating: 1150 &rarr; <strong>1170<\/strong><br \/>(+20 for winning)\n|raw|Eggoditch23's rating: 1078 &rarr; <strong>1061<\/strong><br \/>(-17 for losing)\n|l|\u2606Eggoditch23\n|c|\u2606Einzbern640|gg\n","uploadtime":1700642627,"views":4,"p1id":"einzbern640","p2id":"eggoditch23","formatid":"gen9anythinggoes","rating":1061,"private":0,"password":""}