{"id":"gen9anythinggoes-1979276932","p1":"BeginnerForReal","p2":"r0nn13","format":"[Gen 9] Anything Goes","log":"|j|\u2606BeginnerForReal\n|j|\u2606r0nn13\n|t:|1698665197\n|gametype|singles\n|player|p1|BeginnerForReal|169|1129\n|player|p2|r0nn13|102|1120\n|teamsize|p1|6\n|teamsize|p2|6\n|gen|9\n|tier|[Gen 9] Anything Goes\n|rated|\n|rule|HP Percentage Mod: HP is shown in percentages\n|rule|Endless Battle Clause: Forcing endless battles is banned\n|clearpoke\n|poke|p1|Maushold-Four|\n|poke|p1|Houndstone, M|\n|poke|p1|Arbok, M|\n|poke|p1|Golduck, M|\n|poke|p1|Donphan, F|\n|poke|p1|Zoroark-Hisui, M|\n|poke|p2|Calyrex-Shadow|\n|poke|p2|Baxcalibur, F|\n|poke|p2|Lurantis, M|\n|poke|p2|Arceus-Psychic|\n|poke|p2|Houndoom, M|\n|poke|p2|Iron Bundle|\n|teampreview\n|inactive|Battle timer is ON: inactive players will automatically lose when time's up. (requested by r0nn13)\n|\n|t:|1698665205\n|start\n|switch|p1a: Arbok|Arbok, M|100\/100\n|switch|p2a: Calyrex|Calyrex-Shadow|100\/100\n|-ability|p2a: Calyrex|As One\n|-ability|p2a: Calyrex|Unnerve\n|turn|1\n|\n|t:|1698665224\n|move|p2a: Calyrex|Body Press|p1a: Arbok\n|-immune|p1a: Arbok\n|move|p1a: Arbok|Dark Pulse|p2a: Calyrex\n|-supereffective|p2a: Calyrex\n|-crit|p2a: Calyrex\n|-damage|p2a: Calyrex|0 fnt\n|faint|p2a: Calyrex\n|\n|upkeep\n|c|\u2606r0nn13|uhhh what\n|c|\u2606BeginnerForReal|Lmao\n|\n|t:|1698665239\n|switch|p2a: Houndoom|Houndoom, M|100\/100\n|turn|2\n|\n|t:|1698665247\n|move|p1a: Arbok|Bitter Malice|p2a: Houndoom\n|-resisted|p2a: Houndoom\n|-damage|p2a: Houndoom|78\/100\n|-unboost|p2a: Houndoom|atk|1\n|move|p2a: Houndoom|Toxic|p1a: Arbok\n|-status|p1a: Arbok|tox\n|\n|-heal|p2a: Houndoom|84\/100|[from] item: Leftovers\n|-damage|p1a: Arbok|95\/100 tox|[from] psn\n|upkeep\n|turn|3\n|c|\u2606r0nn13|holy shit what was that lmao\n|\n|t:|1698665267\n|move|p1a: Arbok|Extrasensory|p2a: Houndoom\n|-immune|p2a: Houndoom\n|move|p2a: Houndoom|Roar|p1a: Arbok\n|drag|p1a: Houndstone|Houndstone, M|100\/100\n|\n|-heal|p2a: Houndoom|90\/100|[from] item: Leftovers\n|upkeep\n|turn|4\n|\n|t:|1698665278\n|switch|p1a: Arbok|Arbok, M|100\/100\n|-ability|p1a: Arbok|Intimidate|boost\n|-unboost|p2a: Houndoom|atk|1\n|move|p2a: Houndoom|Dark Pulse|p1a: Arbok\n|-damage|p1a: Arbok|68\/100\n|\n|-heal|p2a: Houndoom|96\/100|[from] item: Leftovers\n|upkeep\n|turn|5\n|c|\u2606BeginnerForReal|It's nothing\n|\n|t:|1698665289\n|move|p2a: Houndoom|Toxic|p1a: Arbok\n|-immune|p1a: Arbok\n|move|p1a: Arbok|Glare|p2a: Houndoom\n|-status|p2a: Houndoom|par\n|\n|-heal|p2a: Houndoom|100\/100 par|[from] item: Leftovers\n|upkeep\n|turn|6\n|c|\u2606r0nn13|hmmm\n|c|\u2606r0nn13|fuck\n|c|\u2606r0nn13|oops\n|c|\u2606BeginnerForReal|Lmaoooooo\n|c|\u2606r0nn13|wrong move lmao\n|c|\u2606BeginnerForReal|Why you trying to poison a poison type?\n|\n|t:|1698665310\n|move|p1a: Arbok|Glare|p2a: Houndoom\n|-fail|p2a: Houndoom|par\n|move|p2a: Houndoom|Body Slam|p1a: Arbok\n|-damage|p1a: Arbok|51\/100\n|\n|upkeep\n|turn|7\n|\n|t:|1698665317\n|move|p1a: Arbok|Sucker Punch|p2a: Houndoom\n|-resisted|p2a: Houndoom\n|-damage|p2a: Houndoom|88\/100 par\n|move|p2a: Houndoom|Dark Pulse|p1a: Arbok\n|-damage|p1a: Arbok|18\/100\n|\n|-heal|p2a: Houndoom|94\/100 par|[from] item: Leftovers\n|upkeep\n|turn|8\n|c|\u2606r0nn13|i forgor\n|\n|t:|1698665327\n|move|p1a: Arbok|Crunch|p2a: Houndoom\n|-resisted|p2a: Houndoom\n|-damage|p2a: Houndoom|80\/100 par\n|move|p2a: Houndoom|Roar|p1a: Arbok\n|drag|p1a: Donphan|Donphan, F|100\/100\n|\n|-heal|p2a: Houndoom|87\/100 par|[from] item: Leftovers\n|upkeep\n|turn|9\n|c|\u2606BeginnerForReal|It's alright\n|\n|t:|1698665342\n|move|p1a: Donphan|Stealth Rock|p2a: Houndoom\n|-sidestart|p2: r0nn13|move: Stealth Rock\n|cant|p2a: Houndoom|par\n|\n|-heal|p2a: Houndoom|93\/100 par|[from] item: Leftovers\n|upkeep\n|turn|10\n|c|\u2606r0nn13|ffs\n|\n|t:|1698665350\n|move|p1a: Donphan|Knock Off|p2a: Houndoom\n|-resisted|p2a: Houndoom\n|-damage|p2a: Houndoom|71\/100 par\n|-enditem|p2a: Houndoom|Leftovers|[from] move: Knock Off|[of] p1a: Donphan\n|move|p2a: Houndoom|Toxic|p1a: Donphan\n|-status|p1a: Donphan|tox\n|\n|-damage|p1a: Donphan|94\/100 tox|[from] psn\n|upkeep\n|turn|11\n|\n|t:|1698665361\n|move|p1a: Donphan|Ancient Power|p2a: Houndoom\n|-supereffective|p2a: Houndoom\n|-damage|p2a: Houndoom|48\/100 par\n|cant|p2a: Houndoom|par\n|\n|-damage|p1a: Donphan|82\/100 tox|[from] psn\n|upkeep\n|turn|12\n|\n|t:|1698665372\n|move|p1a: Donphan|Rapid Spin|p2a: Houndoom\n|-damage|p2a: Houndoom|25\/100 par\n|-boost|p1a: Donphan|spe|1\n|move|p2a: Houndoom|Dark Pulse|p1a: Donphan\n|-damage|p1a: Donphan|44\/100 tox\n|\n|-damage|p1a: Donphan|26\/100 tox|[from] psn\n|upkeep\n|turn|13\n|\n|t:|1698665382\n|move|p1a: Donphan|Rapid Spin|p2a: Houndoom\n|-damage|p2a: Houndoom|4\/100 par\n|-boost|p1a: Donphan|spe|1\n|cant|p2a: Houndoom|par\n|\n|-damage|p1a: Donphan|1\/100 tox|[from] psn\n|upkeep\n|turn|14\n|c|\u2606BeginnerForReal|Lmao\n|c|\u2606r0nn13|MOTHERFUCKER\n|\n|t:|1698665402\n|switch|p2a: Baxcalibur|Baxcalibur, F|100\/100\n|-damage|p2a: Baxcalibur|76\/100|[from] Stealth Rock\n|move|p1a: Donphan|Rapid Spin|p2a: Baxcalibur\n|-damage|p2a: Baxcalibur|62\/100\n|-boost|p1a: Donphan|spe|1\n|\n|-damage|p1a: Donphan|0 fnt|[from] psn\n|faint|p1a: Donphan\n|upkeep\n|\n|t:|1698665418\n|switch|p1a: Golduck|Golduck, M|100\/100\n|turn|15\n|\n|t:|1698665435\n|move|p2a: Baxcalibur|Scale Shot|p1a: Golduck\n|-damage|p1a: Golduck|82\/100\n|-damage|p1a: Golduck|64\/100\n|-damage|p1a: Golduck|45\/100\n|-damage|p1a: Golduck|26\/100\n|-hitcount|p1a: Golduck|4\n|-unboost|p2a: Baxcalibur|def|1\n|-boost|p2a: Baxcalibur|spe|1\n|move|p1a: Golduck|Disable|p2a: Baxcalibur\n|-start|p2a: Baxcalibur|Disable|Scale Shot\n|\n|upkeep\n|turn|16\n|c|\u2606r0nn13|:\/\n|\n|t:|1698665453\n|move|p2a: Baxcalibur|Icicle Spear|p1a: Golduck\n|-resisted|p1a: Golduck\n|-crit|p1a: Golduck\n|-damage|p1a: Golduck|11\/100\n|-resisted|p1a: Golduck\n|-crit|p1a: Golduck\n|-damage|p1a: Golduck|0 fnt\n|faint|p1a: Golduck\n|-hitcount|p1: Golduck|2\n|\n|upkeep\n|\n|t:|1698665467\n|switch|p1a: Maushold|Maushold-Four|100\/100\n|turn|17\n|\n|t:|1698665473\n|move|p2a: Baxcalibur|Icicle Spear|p1a: Maushold\n|-damage|p1a: Maushold|80\/100\n|-damage|p1a: Maushold|59\/100\n|-damage|p1a: Maushold|38\/100\n|-damage|p1a: Maushold|16\/100\n|-hitcount|p1a: Maushold|4\n|move|p1a: Maushold|Population Bomb|p2a: Baxcalibur\n|-damage|p2a: Baxcalibur|47\/100\n|-damage|p2a: Baxcalibur|29\/100\n|-damage|p2a: Baxcalibur|11\/100\n|-damage|p2a: Baxcalibur|0 fnt\n|faint|p2a: Baxcalibur\n|-hitcount|p2: Baxcalibur|4\n|\n|upkeep\n|c|\u2606r0nn13|MOTHERFUCKER\n|c|\u2606BeginnerForReal|Lol\n|inactive|r0nn13 has 120 seconds left.\n|\n|t:|1698665499\n|switch|p2a: Iron Bundle|Iron Bundle|100\/100\n|-damage|p2a: Iron Bundle|76\/100|[from] Stealth Rock\n|turn|18\n|\n|t:|1698665508\n|move|p1a: Maushold|Population Bomb|p2a: Iron Bundle\n|-damage|p2a: Iron Bundle|62\/100\n|-crit|p2a: Iron Bundle\n|-damage|p2a: Iron Bundle|42\/100\n|-damage|p2a: Iron Bundle|29\/100\n|-damage|p2a: Iron Bundle|15\/100\n|-damage|p2a: Iron Bundle|2\/100\n|-damage|p2a: Iron Bundle|0 fnt\n|faint|p2a: Iron Bundle\n|-end|p2a: Iron Bundle|Quark Drive|[silent]\n|-hitcount|p2: Iron Bundle|6\n|\n|upkeep\n|c|\u2606BeginnerForReal|HAHAHAHAHA\n|inactive|r0nn13 has 120 seconds left.\n|c|\u2606r0nn13|population is too broken :(\n|\n|t:|1698665521\n|switch|p2a: Lurantis|Lurantis, M|100\/100\n|-damage|p2a: Lurantis|88\/100|[from] Stealth Rock\n|turn|19\n|\n|t:|1698665530\n|-terastallize|p2a: Lurantis|Ghost\n|move|p1a: Maushold|Population Bomb|p2a: Lurantis\n|-immune|p2a: Lurantis\n|move|p2a: Lurantis|Superpower|p1a: Maushold\n|-supereffective|p1a: Maushold\n|-damage|p1a: Maushold|0 fnt\n|-boost|p2a: Lurantis|atk|1\n|-boost|p2a: Lurantis|def|1\n|faint|p1a: Maushold\n|\n|-heal|p2a: Lurantis|94\/100|[from] item: Leftovers\n|upkeep\n|c|\u2606BeginnerForReal|Oh no a ghost type\n|\n|t:|1698665548\n|switch|p1a: Arbok|Arbok, M|18\/100\n|-ability|p1a: Arbok|Intimidate|boost\n|-boost|p2a: Lurantis|atk|1\n|turn|20\n|c|\u2606r0nn13|oh no\n|\n|t:|1698665559\n|move|p1a: Arbok|Glare|p2a: Lurantis\n|-status|p2a: Lurantis|par\n|move|p2a: Lurantis|Leaf Storm|p1a: Arbok|[miss]\n|-miss|p2a: Lurantis|p1a: Arbok\n|\n|-heal|p2a: Lurantis|99\/100 par|[from] item: Leftovers\n|upkeep\n|turn|21\n|c|\u2606r0nn13|;_;\n|c|\u2606BeginnerForReal|Lmao\n|\n|t:|1698665576\n|move|p1a: Arbok|Haze|p1a: Arbok\n|-clearallboost\n|cant|p2a: Lurantis|par\n|\n|-heal|p2a: Lurantis|100\/100 par|[from] item: Leftovers\n|upkeep\n|turn|22\n|c|\u2606BeginnerForReal|No stats for you\n|c|\u2606r0nn13|GOD FUCKING DAMMIT\n|\n|t:|1698665585\n|move|p1a: Arbok|Crunch|p2a: Lurantis\n|-supereffective|p2a: Lurantis\n|-damage|p2a: Lurantis|51\/100 par\n|cant|p2a: Lurantis|par\n|\n|-heal|p2a: Lurantis|57\/100 par|[from] item: Leftovers\n|upkeep\n|turn|23\n|c|\u2606r0nn13|MOTHERFUCKER\n|\n|t:|1698665595\n|move|p1a: Arbok|Sucker Punch|p2a: Lurantis\n|-supereffective|p2a: Lurantis\n|-damage|p2a: Lurantis|9\/100 par\n|move|p2a: Lurantis|Leaf Storm|p1a: Arbok\n|-resisted|p1a: Arbok\n|-damage|p1a: Arbok|0 fnt\n|-boost|p2a: Lurantis|spa|2\n|faint|p1a: Arbok\n|\n|-heal|p2a: Lurantis|15\/100 par|[from] item: Leftovers\n|upkeep\n|c|\u2606r0nn13|UHHH FINALLY\n|c|\u2606BeginnerForReal|Hahaha. But at what cost?\n|c|\u2606r0nn13|GODDAMIT\n|\n|t:|1698665612\n|switch|p1a: Houndstone|Houndstone, M|95\/100 tox\n|turn|24\n|c|\u2606r0nn13|wdym\n|\n|t:|1698665620\n|move|p1a: Houndstone|Dark Pulse|p2a: Lurantis\n|-supereffective|p2a: Lurantis\n|-damage|p2a: Lurantis|0 fnt\n|faint|p2a: Lurantis\n|\n|-damage|p1a: Houndstone|89\/100 tox|[from] psn\n|upkeep\n|\n|t:|1698665629\n|switch|p2a: Arceus|Arceus-Psychic|100\/100\n|-damage|p2a: Arceus|88\/100|[from] Stealth Rock\n|turn|25\n|\n|t:|1698665645\n|move|p2a: Arceus|Bug Buzz|p1a: Houndstone\n|-resisted|p1a: Houndstone\n|-damage|p1a: Houndstone|63\/100 tox\n|replace|p1a: Zoroark|Zoroark-Hisui, M, shiny\n|-end|p1a: Zoroark|Illusion\n|move|p1a: Zoroark|Bitter Malice|p2a: Arceus\n|-supereffective|p2a: Arceus\n|-crit|p2a: Arceus\n|-damage|p2a: Arceus|20\/100\n|-unboost|p2a: Arceus|atk|1\n|\n|-damage|p1a: Zoroark|51\/100 tox|[from] psn\n|upkeep\n|turn|26\n|c|\u2606BeginnerForReal|Lol. God is nothing\n|\n|t:|1698665666\n|move|p2a: Arceus|Stored Power|p1a: Zoroark\n|-damage|p1a: Zoroark|32\/100 tox\n|move|p1a: Zoroark|Bitter Malice|p2a: Arceus\n|-supereffective|p2a: Arceus\n|-damage|p2a: Arceus|0 fnt\n|faint|p2a: Arceus\n|\n|-damage|p1a: Zoroark|14\/100 tox|[from] psn\n|upkeep\n|c|\u2606r0nn13|god is fucking useless\n|c|\u2606r0nn13|gg\n|inactive|r0nn13 has 120 seconds left.\n|\n|t:|1698665677\n|switch|p2a: Houndoom|Houndoom, M|4\/100 par\n|-damage|p2a: Houndoom|0 fnt|[from] Stealth Rock\n|faint|p2a: Houndoom\n|\n|win|BeginnerForReal\n|raw|BeginnerForReal's rating: 1129 &rarr; <strong>1153<\/strong><br \/>(+24 for winning)\n|raw|r0nn13's rating: 1120 &rarr; <strong>1096<\/strong><br \/>(-24 for losing)\n","uploadtime":1698665585,"views":8,"p1id":"beginnerforreal","p2id":"r0nn13","formatid":"gen9anythinggoes","rating":1096,"private":0,"password":""}