{"id":"gen9anythinggoes-1978142139","p1":"Cuh42069","p2":"jwmb","format":"[Gen 9] Anything Goes","log":"|j|\u2606Cuh42069\n|j|\u2606jwmb\n|t:|1698504534\n|gametype|singles\n|player|p1|Cuh42069|lucas|1163\n|player|p2|jwmb|doctor|1079\n|teamsize|p1|6\n|teamsize|p2|6\n|gen|9\n|tier|[Gen 9] Anything Goes\n|rated|\n|rule|HP Percentage Mod: HP is shown in percentages\n|rule|Endless Battle Clause: Forcing endless battles is banned\n|clearpoke\n|poke|p1|Houndstone, F|\n|poke|p1|Bellibolt, M|\n|poke|p1|Mudsdale, M|\n|poke|p1|Farigiraf, F|\n|poke|p1|Scizor, M|\n|poke|p1|Starly, L1, M|\n|poke|p2|Snorlax, F|\n|poke|p2|Leavanny, F|\n|poke|p2|Torterra, M|\n|poke|p2|Chandelure, M|\n|poke|p2|Politoed, F|\n|poke|p2|Milotic, F|\n|teampreview\n|\n|t:|1698504547\n|start\n|switch|p1a: Farigiraf|Farigiraf, F|100\/100\n|switch|p2a: Leavanny|Leavanny, F|100\/100\n|turn|1\n|\n|t:|1698504558\n|move|p2a: Leavanny|Sticky Web|p1a: Farigiraf\n|-sidestart|p1: Cuh42069|move: Sticky Web\n|move|p1a: Farigiraf|Trick Room|p1a: Farigiraf\n|-fieldstart|move: Trick Room|[of] p1a: Farigiraf\n|\n|upkeep\n|turn|2\n|\n|t:|1698504579\n|switch|p1a: Mudsdale|Mudsdale, M|100\/100\n|-activate|p1a: Mudsdale|move: Sticky Web\n|-unboost|p1a: Mudsdale|spe|1\n|move|p2a: Leavanny|Knock Off|p1a: Mudsdale\n|-damage|p1a: Mudsdale|75\/100\n|-ability|p1a: Mudsdale|Stamina|boost\n|-boost|p1a: Mudsdale|def|1\n|-enditem|p1a: Mudsdale|Chesto Berry|[from] move: Knock Off|[of] p2a: Leavanny\n|\n|upkeep\n|turn|3\n|\n|t:|1698504593\n|move|p1a: Mudsdale|Rock Slide|p2a: Leavanny\n|-supereffective|p2a: Leavanny\n|-crit|p2a: Leavanny\n|-enditem|p2a: Leavanny|Focus Sash\n|-damage|p2a: Leavanny|1\/100\n|cant|p2a: Leavanny|flinch\n|\n|upkeep\n|turn|4\n|\n|t:|1698504616\n|move|p2a: Leavanny|Protect|p2a: Leavanny\n|-singleturn|p2a: Leavanny|Protect\n|move|p1a: Mudsdale|Body Press|p2a: Leavanny\n|-activate|p2a: Leavanny|move: Protect\n|\n|upkeep\n|turn|5\n|\n|t:|1698504642\n|move|p1a: Mudsdale|Earthquake|p2a: Leavanny\n|-resisted|p2a: Leavanny\n|-damage|p2a: Leavanny|0 fnt\n|faint|p2a: Leavanny\n|\n|-fieldend|move: Trick Room\n|upkeep\n|\n|t:|1698504649\n|switch|p2a: Politoed|Politoed, F|100\/100\n|-weather|RainDance|[from] ability: Drizzle|[of] p2a: Politoed\n|turn|6\n|\n|t:|1698504664\n|-terastallize|p1a: Mudsdale|Fighting\n|move|p2a: Politoed|Weather Ball|p1a: Mudsdale\n|-crit|p1a: Mudsdale\n|-damage|p1a: Mudsdale|4\/100\n|-ability|p1a: Mudsdale|Stamina|boost\n|-boost|p1a: Mudsdale|def|1\n|move|p1a: Mudsdale|Body Press|p2a: Politoed\n|-damage|p2a: Politoed|54\/100\n|\n|-weather|RainDance|[upkeep]\n|upkeep\n|turn|7\n|\n|t:|1698504679\n|move|p2a: Politoed|Weather Ball|p1a: Mudsdale\n|-damage|p1a: Mudsdale|0 fnt\n|faint|p1a: Mudsdale\n|\n|-weather|RainDance|[upkeep]\n|upkeep\n|\n|t:|1698504683\n|switch|p1a: Farigiraf|Farigiraf, F|100\/100\n|-activate|p1a: Farigiraf|move: Sticky Web\n|-unboost|p1a: Farigiraf|spe|1\n|turn|8\n|\n|t:|1698504696\n|move|p2a: Politoed|Weather Ball|p1a: Farigiraf\n|-damage|p1a: Farigiraf|51\/100\n|move|p1a: Farigiraf|Trick Room|p1a: Farigiraf\n|-fieldstart|move: Trick Room|[of] p1a: Farigiraf\n|\n|-weather|RainDance|[upkeep]\n|upkeep\n|turn|9\n|\n|t:|1698504705\n|move|p1a: Farigiraf|Energy Ball|p2a: Politoed\n|-supereffective|p2a: Politoed\n|-damage|p2a: Politoed|1\/100\n|move|p2a: Politoed|Weather Ball|p1a: Farigiraf\n|-damage|p1a: Farigiraf|0 fnt\n|faint|p1a: Farigiraf\n|\n|-weather|RainDance|[upkeep]\n|upkeep\n|\n|t:|1698504719\n|switch|p1a: Bellibolt|Bellibolt, M|100\/100\n|-activate|p1a: Bellibolt|move: Sticky Web\n|-unboost|p1a: Bellibolt|spe|1\n|turn|10\n|\n|t:|1698504730\n|move|p1a: Bellibolt|Parabolic Charge|p2a: Politoed\n|-supereffective|p2a: Politoed\n|-damage|p2a: Politoed|0 fnt\n|faint|p2a: Politoed\n|\n|-weather|RainDance|[upkeep]\n|upkeep\n|\n|t:|1698504744\n|switch|p2a: Torterra|Torterra, M|100\/100\n|turn|11\n|\n|t:|1698504766\n|move|p1a: Bellibolt|Soak|p2a: Torterra\n|-start|p2a: Torterra|typechange|Water\n|move|p2a: Torterra|Shell Smash|p2a: Torterra\n|-unboost|p2a: Torterra|def|1\n|-unboost|p2a: Torterra|spd|1\n|-boost|p2a: Torterra|atk|2\n|-boost|p2a: Torterra|spa|2\n|-boost|p2a: Torterra|spe|2\n|-enditem|p2a: Torterra|White Herb\n|-clearnegativeboost|p2a: Torterra|[silent]\n|\n|-weather|RainDance|[upkeep]\n|upkeep\n|turn|12\n|\n|t:|1698504784\n|move|p1a: Bellibolt|Parabolic Charge|p2a: Torterra\n|-supereffective|p2a: Torterra\n|-damage|p2a: Torterra|48\/100\n|move|p2a: Torterra|Headlong Rush|p1a: Bellibolt\n|-supereffective|p1a: Bellibolt\n|-damage|p1a: Bellibolt|1\/100\n|-unboost|p2a: Torterra|def|1\n|-unboost|p2a: Torterra|spd|1\n|-start|p1a: Bellibolt|Charge|Headlong Rush|[from] ability: Electromorphosis\n|\n|-weather|RainDance|[upkeep]\n|-heal|p1a: Bellibolt|7\/100|[from] item: Leftovers\n|-fieldend|move: Trick Room\n|upkeep\n|turn|13\n|\n|t:|1698504804\n|move|p2a: Torterra|Headlong Rush|p1a: Bellibolt\n|-supereffective|p1a: Bellibolt\n|-damage|p1a: Bellibolt|0 fnt\n|-unboost|p2a: Torterra|def|1\n|-unboost|p2a: Torterra|spd|1\n|faint|p1a: Bellibolt\n|\n|-weather|none\n|upkeep\n|\n|t:|1698504807\n|switch|p1a: Scizor|Scizor, M|100\/100\n|-activate|p1a: Scizor|move: Sticky Web\n|-unboost|p1a: Scizor|spe|1\n|turn|14\n|\n|t:|1698504828\n|move|p2a: Torterra|Headlong Rush|p1a: Scizor\n|-damage|p1a: Scizor|26\/100\n|-unboost|p2a: Torterra|def|1\n|-unboost|p2a: Torterra|spd|1\n|-enditem|p1a: Scizor|Red Card|[of] p2a: Torterra\n|drag|p2a: Snorlax|Snorlax, F|100\/100\n|move|p1a: Scizor|Acrobatics|p2a: Snorlax\n|-damage|p2a: Snorlax|70\/100\n|\n|-heal|p2a: Snorlax|76\/100|[from] item: Leftovers\n|upkeep\n|turn|15\n|\n|t:|1698504843\n|move|p1a: Scizor|Night Slash|p2a: Snorlax\n|-damage|p2a: Snorlax|59\/100\n|move|p2a: Snorlax|Curse|p2a: Snorlax\n|-unboost|p2a: Snorlax|spe|1\n|-boost|p2a: Snorlax|atk|1\n|-boost|p2a: Snorlax|def|1\n|\n|-heal|p2a: Snorlax|65\/100|[from] item: Leftovers\n|upkeep\n|turn|16\n|\n|t:|1698504852\n|move|p1a: Scizor|Acrobatics|p2a: Snorlax\n|-damage|p2a: Snorlax|44\/100\n|move|p2a: Snorlax|Curse|p2a: Snorlax\n|-unboost|p2a: Snorlax|spe|1\n|-boost|p2a: Snorlax|atk|1\n|-boost|p2a: Snorlax|def|1\n|\n|-heal|p2a: Snorlax|50\/100|[from] item: Leftovers\n|upkeep\n|turn|17\n|\n|t:|1698504864\n|move|p1a: Scizor|Night Slash|p2a: Snorlax\n|-damage|p2a: Snorlax|41\/100\n|move|p2a: Snorlax|Curse|p2a: Snorlax\n|-unboost|p2a: Snorlax|spe|1\n|-boost|p2a: Snorlax|atk|1\n|-boost|p2a: Snorlax|def|1\n|\n|-heal|p2a: Snorlax|47\/100|[from] item: Leftovers\n|upkeep\n|turn|18\n|\n|t:|1698504873\n|move|p1a: Scizor|Night Slash|p2a: Snorlax\n|-crit|p2a: Snorlax\n|-damage|p2a: Snorlax|20\/100\n|move|p2a: Snorlax|Curse|p2a: Snorlax\n|-unboost|p2a: Snorlax|spe|1\n|-boost|p2a: Snorlax|atk|1\n|-boost|p2a: Snorlax|def|1\n|\n|-heal|p2a: Snorlax|26\/100|[from] item: Leftovers\n|upkeep\n|turn|19\n|\n|t:|1698504883\n|move|p1a: Scizor|Night Slash|p2a: Snorlax\n|-damage|p2a: Snorlax|19\/100\n|move|p2a: Snorlax|Rest|p2a: Snorlax\n|-status|p2a: Snorlax|slp|[from] move: Rest\n|-heal|p2a: Snorlax|100\/100 slp|[silent]\n|\n|upkeep\n|turn|20\n|\n|t:|1698504897\n|move|p1a: Scizor|Night Slash|p2a: Snorlax\n|-damage|p2a: Snorlax|95\/100 slp\n|cant|p2a: Snorlax|slp\n|\n|-heal|p2a: Snorlax|100\/100 slp|[from] item: Leftovers\n|upkeep\n|turn|21\n|\n|t:|1698504904\n|move|p1a: Scizor|Defog|p2a: Snorlax\n|-unboost|p2a: Snorlax|evasion|1\n|-sideend|p1: Cuh42069|Sticky Web|[from] move: Defog|[of] p1a: Scizor\n|cant|p2a: Snorlax|slp\n|\n|upkeep\n|turn|22\n|\n|t:|1698504909\n|move|p1a: Scizor|Night Slash|p2a: Snorlax\n|-damage|p2a: Snorlax|95\/100 slp\n|-curestatus|p2a: Snorlax|slp|[msg]\n|move|p2a: Snorlax|Earthquake|p1a: Scizor\n|-damage|p1a: Scizor|0 fnt\n|faint|p1a: Scizor\n|\n|-heal|p2a: Snorlax|100\/100|[from] item: Leftovers\n|upkeep\n|\n|t:|1698504917\n|switch|p1a: Starly|Starly, L1, M|100\/100\n|turn|23\n|\n|t:|1698504927\n|move|p2a: Snorlax|Body Slam|p1a: Starly\n|-enditem|p1a: Starly|Focus Sash\n|-damage|p1a: Starly|9\/100\n|move|p1a: Starly|Endeavor|p2a: Snorlax\n|-damage|p2a: Snorlax|1\/100\n|\n|-heal|p2a: Snorlax|7\/100|[from] item: Leftovers\n|upkeep\n|turn|24\n|\n|t:|1698504946\n|move|p2a: Snorlax|Rest|p2a: Snorlax\n|-status|p2a: Snorlax|slp|[from] move: Rest\n|-heal|p2a: Snorlax|100\/100 slp|[silent]\n|move|p1a: Starly|Endeavor|p2a: Snorlax\n|-damage|p2a: Snorlax|1\/100 slp\n|\n|-heal|p2a: Snorlax|7\/100 slp|[from] item: Leftovers\n|upkeep\n|turn|25\n|\n|t:|1698504959\n|cant|p2a: Snorlax|slp\n|move|p1a: Starly|Endeavor|p2a: Snorlax\n|-damage|p2a: Snorlax|1\/100 slp\n|\n|-heal|p2a: Snorlax|7\/100 slp|[from] item: Leftovers\n|upkeep\n|turn|26\n|\n|t:|1698504966\n|switch|p1a: Houndstone|Houndstone, F|100\/100\n|cant|p2a: Snorlax|slp\n|\n|-heal|p2a: Snorlax|13\/100 slp|[from] item: Leftovers\n|upkeep\n|turn|27\n|\n|t:|1698504972\n|move|p1a: Houndstone|Fire Fang|p2a: Snorlax\n|-damage|p2a: Snorlax|10\/100 slp\n|-curestatus|p2a: Snorlax|slp|[msg]\n|move|p2a: Snorlax|Earthquake|p1a: Houndstone\n|-damage|p1a: Houndstone|29\/100\n|\n|-heal|p2a: Snorlax|16\/100|[from] item: Leftovers\n|upkeep\n|turn|28\n|\n|t:|1698504985\n|switch|p1a: Starly|Starly, L1, M|9\/100\n|move|p2a: Snorlax|Earthquake|p1a: Starly\n|-immune|p1a: Starly\n|\n|-heal|p2a: Snorlax|22\/100|[from] item: Leftovers\n|upkeep\n|turn|29\n|\n|t:|1698504996\n|move|p2a: Snorlax|Body Slam|p1a: Starly\n|-damage|p1a: Starly|0 fnt\n|faint|p1a: Starly\n|\n|-heal|p2a: Snorlax|28\/100|[from] item: Leftovers\n|upkeep\n|\n|t:|1698504998\n|switch|p1a: Houndstone|Houndstone, F|29\/100\n|turn|30\n|\n|t:|1698505003\n|move|p1a: Houndstone|Last Respects|p2a: Snorlax\n|-immune|p2a: Snorlax\n|move|p2a: Snorlax|Earthquake|p1a: Houndstone\n|-damage|p1a: Houndstone|0 fnt\n|faint|p1a: Houndstone\n|\n|win|jwmb\n|raw|Cuh42069's rating: 1163 &rarr; <strong>1132<\/strong><br \/>(-31 for losing)\n|raw|jwmb's rating: 1079 &rarr; <strong>1114<\/strong><br \/>(+35 for winning)\n|l|\u2606Cuh42069\n","uploadtime":1698506853,"views":7,"p1id":"cuh42069","p2id":"jwmb","formatid":"gen9anythinggoes","rating":1114,"private":0,"password":""}