{"id":"gen9anythinggoes-1995043518","p1":"MyBabyIsAHero","p2":"Kritx","format":"[Gen 9] Anything Goes","log":"|j|\u2606MyBabyIsAHero\n|j|\u2606Kritx\n|t:|1700516479\n|gametype|singles\n|player|p1|MyBabyIsAHero|169|\n|player|p2|Kritx|1|\n|teamsize|p1|3\n|teamsize|p2|3\n|gen|9\n|tier|[Gen 9] Anything Goes\n|rule|HP Percentage Mod: HP is shown in percentages\n|rule|Endless Battle Clause: Forcing endless battles is banned\n|clearpoke\n|poke|p1|Polteageist|\n|poke|p1|Krookodile, F|\n|poke|p1|Talonflame, M|\n|poke|p2|Maushold-Four|\n|poke|p2|Sinistcha-Masterpiece|\n|poke|p2|Cinderace, F|\n|teampreview\n|\n|t:|1700516493\n|start\n|switch|p1a: Krookodile|Krookodile, F|100\/100\n|switch|p2a: Santa|Maushold-Four, shiny|100\/100\n|-ability|p1a: Krookodile|Intimidate|boost\n|-unboost|p2a: Santa|atk|1\n|turn|1\n|\n|t:|1700516501\n|move|p1a: Krookodile|Close Combat|p2a: Santa\n|-supereffective|p2a: Santa\n|-damage|p2a: Santa|0 fnt\n|-unboost|p1a: Krookodile|def|1\n|-unboost|p1a: Krookodile|spd|1\n|faint|p2a: Santa\n|\n|upkeep\n|c|\u2606Kritx|aight thats\n|c|\u2606Kritx|thats wraps\n|\n|t:|1700516511\n|switch|p2a: Bunny|Cinderace, F|100\/100\n|turn|2\n|\n|t:|1700516523\n|switch|p1a: Talonflame|Talonflame, M|100\/100\n|move|p2a: Bunny|Acrobatics|p1a: Talonflame\n|-start|p2a: Bunny|typechange|Flying|[from] ability: Libero\n|-damage|p1a: Talonflame|59\/100\n|\n|upkeep\n|turn|3\n|\n|t:|1700516533\n|move|p1a: Talonflame|Flare Blitz|p2a: Bunny\n|-damage|p2a: Bunny|35\/100\n|-damage|p1a: Talonflame|37\/100|[from] Recoil\n|move|p2a: Bunny|Zen Headbutt|p1a: Talonflame\n|-damage|p1a: Talonflame|1\/100\n|\n|upkeep\n|turn|4\n|\n|t:|1700516546\n|move|p1a: Talonflame|Flare Blitz|p2a: Bunny\n|-damage|p2a: Bunny|0 fnt\n|faint|p2a: Bunny\n|-damage|p1a: Talonflame|0 fnt|[from] Recoil\n|faint|p1a: Talonflame\n|\n|upkeep\n|\n|t:|1700516551\n|switch|p1a: Krookodile|Krookodile, F|100\/100\n|switch|p2a: Milk & Cookies|Sinistcha-Masterpiece|100\/100\n|-ability|p1a: Krookodile|Intimidate|boost\n|-unboost|p2a: Milk & Cookies|atk|1\n|turn|5\n|\n|t:|1700516562\n|-terastallize|p2a: Milk & Cookies|Grass\n|move|p1a: Krookodile|Knock Off|p2a: Milk & Cookies\n|-damage|p2a: Milk & Cookies|65\/100\n|-enditem|p2a: Milk & Cookies|Leftovers|[from] move: Knock Off|[of] p1a: Krookodile\n|move|p2a: Milk & Cookies|Calm Mind|p2a: Milk & Cookies\n|-boost|p2a: Milk & Cookies|spa|1\n|-boost|p2a: Milk & Cookies|spd|1\n|\n|upkeep\n|turn|6\n|\n|t:|1700516577\n|switch|p1a: Polteageist|Polteageist|100\/100\n|move|p2a: Milk & Cookies|Strength Sap|p1a: Polteageist\n|-unboost|p1a: Polteageist|atk|1\n|-heal|p2a: Milk & Cookies|99\/100\n|\n|upkeep\n|turn|7\n|\n|t:|1700516608\n|move|p1a: Polteageist|Shell Smash|p1a: Polteageist\n|-unboost|p1a: Polteageist|def|1\n|-unboost|p1a: Polteageist|spd|1\n|-boost|p1a: Polteageist|atk|2\n|-boost|p1a: Polteageist|spa|2\n|-boost|p1a: Polteageist|spe|2\n|move|p2a: Milk & Cookies|Matcha Gotcha|p1a: Polteageist\n|-enditem|p1a: Polteageist|Focus Sash\n|-damage|p1a: Polteageist|1\/100\n|-heal|p2a: Milk & Cookies|100\/100|[from] drain|[of] p1a: Polteageist\n|-status|p1a: Polteageist|brn\n|\n|-damage|p1a: Polteageist|0 fnt|[from] brn\n|faint|p1a: Polteageist\n|upkeep\n|c|\u2606MyBabyIsAHero|Damn\n|\n|t:|1700516620\n|switch|p1a: Krookodile|Krookodile, F|100\/100\n|-ability|p1a: Krookodile|Intimidate|boost\n|-unboost|p2a: Milk & Cookies|atk|1\n|turn|8\n|c|\u2606Kritx|WAITTT\n|\n|t:|1700516634\n|-terastallize|p1a: Krookodile|Fighting\n|move|p1a: Krookodile|Close Combat|p2a: Milk & Cookies\n|-damage|p2a: Milk & Cookies|56\/100\n|-unboost|p1a: Krookodile|def|1\n|-unboost|p1a: Krookodile|spd|1\n|move|p2a: Milk & Cookies|Strength Sap|p1a: Krookodile\n|-unboost|p1a: Krookodile|atk|1\n|-heal|p2a: Milk & Cookies|100\/100\n|\n|upkeep\n|turn|9\n|\n|t:|1700516647\n|move|p1a: Krookodile|Close Combat|p2a: Milk & Cookies\n|-damage|p2a: Milk & Cookies|72\/100\n|-unboost|p1a: Krookodile|def|1\n|-unboost|p1a: Krookodile|spd|1\n|move|p2a: Milk & Cookies|Matcha Gotcha|p1a: Krookodile\n|-damage|p1a: Krookodile|0 fnt\n|-heal|p2a: Milk & Cookies|100\/100|[from] drain|[of] p1a: Krookodile\n|faint|p1a: Krookodile\n|\n|win|Kritx\n|c|\u2606Kritx|OH MY GODDDD\n|c|\u2606Kritx|THE CLUTCHHH\n|c|\u2606MyBabyIsAHero|Ggs\n|c|\u2606MyBabyIsAHero|Thats a good one\n|c|\u2606Kritx|GG\n","uploadtime":1700516673,"views":12,"p1id":"mybabyisahero","p2id":"kritx","formatid":"gen9anythinggoes","rating":0,"private":0,"password":""}