{"id":"gen9anythinggoes-1987833249","p1":"MrCatKing07","p2":"getess","format":"[Gen 9] Anything Goes","log":"|j|\u2606MrCatKing07\n|j|\u2606getess\n|inactive|Battle timer is ON: inactive players will automatically lose when time's up.\n|t:|1699641037\n|gametype|singles\n|player|p1|MrCatKing07|preschoolers|\n|player|p2|getess|lady-gen4|\n|teamsize|p1|6\n|teamsize|p2|6\n|gen|9\n|tier|[Gen 9] Anything Goes\n|rated|Tournament battle\n|rule|HP Percentage Mod: HP is shown in percentages\n|rule|Endless Battle Clause: Forcing endless battles is banned\n|clearpoke\n|poke|p1|Koraidon|\n|poke|p1|Calyrex-Shadow|\n|poke|p1|Zacian-*|\n|poke|p1|Ribombee, F|\n|poke|p1|Miraidon|\n|poke|p1|Arceus|\n|poke|p2|Koraidon|\n|poke|p2|Ditto|\n|poke|p2|Calyrex-Shadow|\n|poke|p2|Arceus-Ground|\n|poke|p2|Wo-Chien|\n|poke|p2|Eternatus|\n|teampreview\n|inactive|MrCatKing07 also wants the timer to be on.\n|c|\u2606MrCatKing07|im scared\n|c|\u2606MrCatKing07|lol\n|c|\u2606MrCatKing07|glhf\n|\n|t:|1699641065\n|start\n|switch|p1a: Ribombee|Ribombee, F, shiny|100\/100\n|switch|p2a: Eternatus|Eternatus|100\/100\n|-ability|p2a: Eternatus|Pressure\n|turn|1\n|\n|t:|1699641068\n|move|p2a: Eternatus|Toxic Spikes|p1a: Ribombee\n|-sidestart|p1: MrCatKing07|move: Toxic Spikes\n|move|p1a: Ribombee|Sticky Web|p2a: Eternatus\n|-sidestart|p2: getess|move: Sticky Web\n|\n|upkeep\n|turn|2\n|\n|t:|1699641073\n|move|p2a: Eternatus|Toxic Spikes|p1a: Ribombee\n|-sidestart|p1: MrCatKing07|move: Toxic Spikes\n|move|p1a: Ribombee|Stun Spore|p2a: Eternatus\n|-status|p2a: Eternatus|par\n|\n|upkeep\n|turn|3\n|\n|t:|1699641085\n|move|p1a: Ribombee|Moonblast|p2a: Eternatus\n|-damage|p2a: Eternatus|77\/100 par\n|move|p2a: Eternatus|Sludge Bomb|p1a: Ribombee\n|-supereffective|p1a: Ribombee\n|-enditem|p1a: Ribombee|Focus Sash\n|-damage|p1a: Ribombee|1\/100\n|\n|upkeep\n|turn|4\n|\n|t:|1699641089\n|move|p1a: Ribombee|Moonblast|p2a: Eternatus\n|-damage|p2a: Eternatus|52\/100 par\n|-unboost|p2a: Eternatus|spa|1\n|move|p2a: Eternatus|Sludge Bomb|p1a: Ribombee\n|-supereffective|p1a: Ribombee\n|-damage|p1a: Ribombee|0 fnt\n|faint|p1a: Ribombee\n|\n|upkeep\n|\n|t:|1699641096\n|switch|p1a: Arceus|Arceus|100\/100\n|turn|5\n|\n|t:|1699641104\n|switch|p2a: Calyrex|Calyrex-Shadow|100\/100\n|-ability|p2a: Calyrex|As One\n|-ability|p2a: Calyrex|Unnerve\n|move|p1a: Arceus|Swords Dance|p1a: Arceus\n|-boost|p1a: Arceus|atk|2\n|\n|upkeep\n|turn|6\n|\n|t:|1699641110\n|move|p2a: Calyrex|Will-O-Wisp|p1a: Arceus\n|-status|p1a: Arceus|brn\n|move|p1a: Arceus|Shadow Claw|p2a: Calyrex\n|-supereffective|p2a: Calyrex\n|-crit|p2a: Calyrex\n|-damage|p2a: Calyrex|0 fnt\n|faint|p2a: Calyrex\n|\n|-damage|p1a: Arceus|94\/100 brn|[from] brn\n|upkeep\n|\n|t:|1699641122\n|switch|p2a: Koraidon|Koraidon|100\/100\n|-activate|p2a: Koraidon|move: Sticky Web\n|-unboost|p2a: Koraidon|spe|1\n|-weather|SunnyDay|[from] ability: Orichalcum Pulse|[of] p2a: Koraidon\n|-activate|p2a: Koraidon|Orichalcum Pulse|[source]\n|turn|7\n|\n|t:|1699641128\n|move|p1a: Arceus|Extreme Speed|p2a: Koraidon\n|-damage|p2a: Koraidon|64\/100\n|move|p2a: Koraidon|Low Kick|p1a: Arceus\n|-supereffective|p1a: Arceus\n|-damage|p1a: Arceus|0 fnt\n|faint|p1a: Arceus\n|\n|-weather|SunnyDay|[upkeep]\n|upkeep\n|\n|t:|1699641136\n|switch|p1a: Zacian|Zacian-Crowned, shiny|100\/100\n|-ability|p1a: Zacian|Intrepid Sword|boost\n|-boost|p1a: Zacian|atk|1\n|turn|8\n|\n|t:|1699641139\n|switch|p2a: Arceus|Arceus-Ground|100\/100\n|-activate|p2a: Arceus|move: Sticky Web\n|-unboost|p2a: Arceus|spe|1\n|move|p1a: Zacian|Behemoth Blade|p2a: Arceus\n|-damage|p2a: Arceus|58\/100\n|\n|-weather|SunnyDay|[upkeep]\n|upkeep\n|turn|9\n|\n|t:|1699641145\n|move|p1a: Zacian|Behemoth Blade|p2a: Arceus\n|-damage|p2a: Arceus|18\/100\n|move|p2a: Arceus|Recover|p2a: Arceus\n|-heal|p2a: Arceus|68\/100\n|\n|-weather|SunnyDay|[upkeep]\n|upkeep\n|turn|10\n|\n|t:|1699641151\n|move|p1a: Zacian|Swords Dance|p1a: Zacian\n|-boost|p1a: Zacian|atk|2\n|move|p2a: Arceus|Recover|p2a: Arceus\n|-heal|p2a: Arceus|100\/100\n|\n|-weather|SunnyDay|[upkeep]\n|upkeep\n|turn|11\n|\n|t:|1699641154\n|switch|p2a: Eternatus|Eternatus|52\/100 par\n|-ability|p2a: Eternatus|Pressure\n|move|p1a: Zacian|Behemoth Blade|p2a: Eternatus\n|-damage|p2a: Eternatus|0 fnt\n|faint|p2a: Eternatus\n|\n|-weather|none\n|upkeep\n|\n|t:|1699641156\n|switch|p2a: Ditto|Ditto|100\/100\n|-activate|p2a: Ditto|move: Sticky Web\n|-unboost|p2a: Ditto|spe|1\n|-transform|p2a: Ditto|p1a: Zacian|[from] ability: Imposter\n|-ability|p2a: Ditto|Intrepid Sword|boost\n|-boost|p2a: Ditto|atk|1\n|turn|12\n|\n|t:|1699641173\n|-terastallize|p1a: Zacian|Ground\n|move|p2a: Ditto|Behemoth Blade|p1a: Zacian\n|-damage|p1a: Zacian|0 fnt\n|faint|p1a: Zacian\n|\n|upkeep\n|\n|t:|1699641177\n|switch|p1a: Calyrex|Calyrex-Shadow|100\/100\n|-ability|p1a: Calyrex|As One\n|-ability|p1a: Calyrex|Unnerve\n|-status|p1a: Calyrex|tox\n|turn|13\n|\n|t:|1699641180\n|move|p2a: Ditto|Behemoth Blade|p1a: Calyrex\n|-enditem|p1a: Calyrex|Focus Sash\n|-damage|p1a: Calyrex|1\/100 tox\n|move|p1a: Calyrex|Astral Barrage|p2a: Ditto\n|-damage|p2a: Ditto|30\/100\n|\n|-damage|p1a: Calyrex|0 fnt|[from] psn\n|faint|p1a: Calyrex\n|upkeep\n|\n|t:|1699641188\n|switch|p1a: Miraidon|Miraidon|100\/100\n|-status|p1a: Miraidon|tox\n|-fieldstart|move: Electric Terrain|[from] ability: Hadron Engine|[of] p1a: Miraidon\n|turn|14\n|c|\u2606MrCatKing07|thats crazy\n|\n|t:|1699641193\n|move|p2a: Ditto|Behemoth Blade|p1a: Miraidon\n|-resisted|p1a: Miraidon\n|-damage|p1a: Miraidon|18\/100 tox\n|move|p1a: Miraidon|Electro Drift|p2a: Ditto\n|-damage|p2a: Ditto|0 fnt\n|faint|p2a: Ditto\n|\n|-damage|p1a: Miraidon|12\/100 tox|[from] psn\n|upkeep\n|c|\u2606MrCatKing07|o\n|\n|t:|1699641199\n|switch|p2a: Wo-Chien|Wo-Chien|100\/100\n|-ability|p2a: Wo-Chien|Tablets of Ruin\n|turn|15\n|\n|t:|1699641203\n|move|p2a: Wo-Chien|Protect|p2a: Wo-Chien\n|-singleturn|p2a: Wo-Chien|Protect\n|move|p1a: Miraidon|Overheat|p2a: Wo-Chien\n|-activate|p2a: Wo-Chien|move: Protect\n|\n|-damage|p1a: Miraidon|0 fnt|[from] psn\n|faint|p1a: Miraidon\n|upkeep\n|\n|t:|1699641208\n|switch|p1a: Koraidon|Koraidon|100\/100\n|-status|p1a: Koraidon|tox\n|-weather|SunnyDay|[from] ability: Orichalcum Pulse|[of] p1a: Koraidon\n|-activate|p1a: Koraidon|Orichalcum Pulse|[source]\n|turn|16\n|\n|t:|1699641211\n|-terastallize|p2a: Wo-Chien|Poison\n|move|p1a: Koraidon|Flare Blitz|p2a: Wo-Chien\n|-damage|p2a: Wo-Chien|40\/100\n|-damage|p1a: Koraidon|79\/100 tox|[from] Recoil\n|move|p2a: Wo-Chien|Foul Play|p1a: Koraidon\n|-resisted|p1a: Koraidon\n|-damage|p1a: Koraidon|57\/100 tox\n|\n|-weather|SunnyDay|[upkeep]\n|-damage|p1a: Koraidon|51\/100 tox|[from] psn\n|upkeep\n|turn|17\n|\n|t:|1699641216\n|move|p2a: Wo-Chien|Protect|p2a: Wo-Chien\n|-singleturn|p2a: Wo-Chien|Protect\n|move|p1a: Koraidon|Scale Shot|p2a: Wo-Chien\n|-activate|p2a: Wo-Chien|move: Protect\n|\n|-weather|SunnyDay|[upkeep]\n|-damage|p1a: Koraidon|39\/100 tox|[from] psn\n|upkeep\n|turn|18\n|\n|t:|1699641221\n|switch|p2a: Koraidon|Koraidon|64\/100\n|-activate|p2a: Koraidon|move: Sticky Web\n|-unboost|p2a: Koraidon|spe|1\n|-activate|p2a: Koraidon|ability: Orichalcum Pulse\n|move|p1a: Koraidon|Scale Shot|p2a: Koraidon\n|-supereffective|p2a: Koraidon\n|-damage|p2a: Koraidon|34\/100\n|-supereffective|p2a: Koraidon\n|-damage|p2a: Koraidon|3\/100\n|-supereffective|p2a: Koraidon\n|-damage|p2a: Koraidon|0 fnt\n|faint|p2a: Koraidon\n|-hitcount|p2: Koraidon|3\n|-unboost|p1a: Koraidon|def|1\n|-boost|p1a: Koraidon|spe|1\n|\n|-weather|SunnyDay|[upkeep]\n|-damage|p1a: Koraidon|20\/100 tox|[from] psn\n|-fieldend|move: Electric Terrain\n|upkeep\n|\n|t:|1699641224\n|switch|p2a: Wo-Chien|Wo-Chien, tera:Poison|40\/100\n|-ability|p2a: Wo-Chien|Tablets of Ruin\n|turn|19\n|j| Dregone\n|l| Dregone\n|\n|t:|1699641239\n|move|p1a: Koraidon|Scale Shot|p2a: Wo-Chien\n|-damage|p2a: Wo-Chien|27\/100\n|-damage|p2a: Wo-Chien|15\/100\n|-damage|p2a: Wo-Chien|2\/100\n|-damage|p2a: Wo-Chien|0 fnt\n|faint|p2a: Wo-Chien\n|-hitcount|p2: Wo-Chien|4\n|-unboost|p1a: Koraidon|def|1\n|-boost|p1a: Koraidon|spe|1\n|\n|-weather|SunnyDay|[upkeep]\n|-damage|p1a: Koraidon|0 fnt|[from] psn\n|faint|p1a: Koraidon\n|\n|win|getess\n|upkeep\n|n|\u2606MrCatKing07|mrcatking07\n|n|\u2606getess|getess\n","uploadtime":1699641240,"views":9,"p1id":"mrcatking07","p2id":"getess","formatid":"gen9anythinggoes","rating":0,"private":0,"password":""}