{"id":"gen9anythinggoes-1999049982","p1":"Guest 4633522","p2":"NewerToGame","format":"[Gen 9] Anything Goes","log":"|j|\u203dGuest 4633522\n|j|\u2606NewerToGame\n|t:|1701027776\n|gametype|singles\n|player|p1|Guest 4633522|265|1043\n|player|p2|NewerToGame|lady|1084\n|teamsize|p1|6\n|teamsize|p2|6\n|gen|9\n|tier|[Gen 9] Anything Goes\n|rated|\n|rule|HP Percentage Mod: HP is shown in percentages\n|rule|Endless Battle Clause: Forcing endless battles is banned\n|clearpoke\n|poke|p1|Annihilape, M|\n|poke|p1|Annihilape, M|\n|poke|p1|Kingambit, M|\n|poke|p1|Annihilape, F|\n|poke|p1|Annihilape, F|\n|poke|p1|Calyrex-Shadow|\n|poke|p2|Arceus-Fire|\n|poke|p2|Arceus-Water|\n|poke|p2|Arceus-Grass|\n|poke|p2|Arceus-Dragon|\n|poke|p2|Arceus-Fairy|\n|poke|p2|Arceus-Steel|\n|teampreview\n|j| magic toes\n|inactive|Battle timer is ON: inactive players will automatically lose when time's up. (requested by Guest 4633522)\n|inactive|NewerToGame has 120 seconds left.\n|\n|t:|1701027818\n|start\n|switch|p1a: Annihilape|Annihilape, M|100\/100\n|switch|p2a: Arceus|Arceus-Fire|100\/100\n|turn|1\n|\n|t:|1701027836\n|move|p1a: Annihilape|Final Gambit|p2a: Arceus\n|-damage|p2a: Arceus|5\/100\n|faint|p1a: Annihilape\n|move|p2a: Arceus|Judgment|p1: Annihilape|[notarget]\n|-fail|p2a: Arceus\n|\n|upkeep\n|inactive|Guest 4633522 has 120 seconds left.\n|\n|t:|1701027886\n|switch|p1a: Annihilape|Annihilape, F|100\/100\n|turn|2\n|\n|t:|1701027891\n|move|p1a: Annihilape|U-turn|p2a: Arceus\n|-resisted|p2a: Arceus\n|-damage|p2a: Arceus|0 fnt\n|faint|p2a: Arceus\n|\n|t:|1701027894\n|switch|p1a: Annihilape|Annihilape, M|100\/100|[from] U-turn\n|\n|upkeep\n|\n|t:|1701027905\n|switch|p2a: Arceus|Arceus-Grass|100\/100\n|turn|3\n|l| magic toes\n|\n|t:|1701027909\n|move|p1a: Annihilape|Final Gambit|p2a: Arceus\n|-damage|p2a: Arceus|5\/100\n|faint|p1a: Annihilape\n|move|p2a: Arceus|Bug Buzz|p1: Annihilape|[notarget]\n|-fail|p2a: Arceus\n|\n|upkeep\n|\n|t:|1701027914\n|switch|p1a: Annihilape|Annihilape, F|100\/100\n|turn|4\n|\n|t:|1701027918\n|move|p1a: Annihilape|U-turn|p2a: Arceus\n|-supereffective|p2a: Arceus\n|-damage|p2a: Arceus|0 fnt\n|faint|p2a: Arceus\n|\n|t:|1701027922\n|switch|p1a: Annihilape|Annihilape, F|100\/100|[from] U-turn\n|\n|upkeep\n|\n|t:|1701027930\n|switch|p2a: Arceus|Arceus-Fairy|100\/100\n|turn|5\n|\n|t:|1701027937\n|move|p2a: Arceus|Recover||[still]\n|-fail|p2a: Arceus|heal\n|move|p1a: Annihilape|Stealth Rock|p2a: Arceus\n|-sidestart|p2: NewerToGame|move: Stealth Rock\n|\n|upkeep\n|turn|6\n|\n|t:|1701027943\n|move|p2a: Arceus|Recover||[still]\n|-fail|p2a: Arceus|heal\n|move|p1a: Annihilape|Rage Fist|p2a: Arceus\n|-damage|p2a: Arceus|83\/100\n|\n|upkeep\n|turn|7\n|\n|t:|1701027949\n|move|p2a: Arceus|Psychic|p1a: Annihilape\n|-supereffective|p1a: Annihilape\n|-damage|p1a: Annihilape|42\/100\n|move|p1a: Annihilape|Final Gambit|p2a: Arceus\n|-damage|p2a: Arceus|43\/100\n|faint|p1a: Annihilape\n|\n|upkeep\n|\n|t:|1701027955\n|switch|p1a: Calyrex|Calyrex-Shadow|100\/100\n|-ability|p1a: Calyrex|As One\n|-ability|p1a: Calyrex|Unnerve\n|turn|8\n|\n|t:|1701027973\n|move|p1a: Calyrex|Astral Barrage|p2a: Arceus\n|-damage|p2a: Arceus|0 fnt\n|faint|p2a: Arceus\n|-ability|p1a: Calyrex|Grim Neigh|boost\n|-boost|p1a: Calyrex|spa|1\n|\n|upkeep\n|inactive|NewerToGame has 120 seconds left.\n|\n|t:|1701027997\n|switch|p2a: Arceus|Arceus-Dragon|100\/100\n|-damage|p2a: Arceus|88\/100|[from] Stealth Rock\n|turn|9\n|\n|t:|1701028004\n|move|p1a: Calyrex|Astral Barrage|p2a: Arceus\n|-damage|p2a: Arceus|16\/100\n|move|p2a: Arceus|Recover|p2a: Arceus\n|-heal|p2a: Arceus|66\/100\n|\n|upkeep\n|turn|10\n|inactive|NewerToGame has 120 seconds left.\n|\n|t:|1701028033\n|move|p1a: Calyrex|Astral Barrage|p2a: Arceus\n|-damage|p2a: Arceus|0 fnt\n|faint|p2a: Arceus\n|-ability|p1a: Calyrex|Grim Neigh|boost\n|-boost|p1a: Calyrex|spa|1\n|\n|upkeep\n|\n|t:|1701028048\n|switch|p2a: Arceus|Arceus-Steel|100\/100\n|-damage|p2a: Arceus|94\/100|[from] Stealth Rock\n|turn|11\n|\n|t:|1701028063\n|move|p1a: Calyrex|Astral Barrage|p2a: Arceus\n|-damage|p2a: Arceus|0 fnt\n|faint|p2a: Arceus\n|-ability|p1a: Calyrex|Grim Neigh|boost\n|-boost|p1a: Calyrex|spa|1\n|\n|upkeep\n|\n|t:|1701028073\n|switch|p2a: Arceus|Arceus-Water|100\/100\n|-damage|p2a: Arceus|88\/100|[from] Stealth Rock\n|turn|12\n|\n|t:|1701028084\n|-terastallize|p1a: Calyrex|Fighting\n|move|p1a: Calyrex|Astral Barrage|p2a: Arceus\n|-damage|p2a: Arceus|0 fnt\n|faint|p2a: Arceus\n|\n|win|Guest 4633522\n|raw|Guest 4633522's rating: 1081 &rarr; <strong>1109<\/strong><br \/>(+28 for winning)\n|raw|NewerToGame's rating: 1084 &rarr; <strong>1061<\/strong><br \/>(-23 for losing)\n","uploadtime":1701028092,"views":0,"p1id":"guest4633522","p2id":"newertogame","formatid":"gen9anythinggoes","rating":1061,"private":0,"password":""}