{"id":"gen9anythinggoes-1988643877","p1":"Blade Z Knights","p2":"Sorceres Armani","format":"[Gen 9] Anything Goes","log":"|j|\u2606Blade Z Knights\n|j|\u2606Sorceres Armani\n|t:|1699745506\n|gametype|singles\n|player|p1|Blade Z Knights|giovanni|1295\n|player|p2|Sorceres Armani|ghetsis|1156\n|teamsize|p1|6\n|teamsize|p2|6\n|gen|9\n|tier|[Gen 9] Anything Goes\n|rated|\n|rule|HP Percentage Mod: HP is shown in percentages\n|rule|Endless Battle Clause: Forcing endless battles is banned\n|clearpoke\n|poke|p1|Glimmora, F|\n|poke|p1|Ting-Lu|\n|poke|p1|Hippowdon, F|\n|poke|p1|Kommo-o, M|\n|poke|p1|Arceus|\n|poke|p1|Dusclops, M|\n|poke|p2|Polteageist|\n|poke|p2|Houndstone, F|\n|poke|p2|Ceruledge, M|\n|poke|p2|Oricorio-Sensu, F|\n|poke|p2|Mimikyu, M|\n|poke|p2|Gengar, F|\n|teampreview\n|inactive|Battle timer is ON: inactive players will automatically lose when time's up. (requested by Blade Z Knights)\n|\n|t:|1699745517\n|start\n|switch|p1a: Kommo-o|Kommo-o, M|100\/100\n|switch|p2a: Boogy|Polteageist|100\/100\n|turn|1\n|\n|t:|1699745525\n|move|p1a: Kommo-o|Clangorous Soul|p1a: Kommo-o\n|-boost|p1a: Kommo-o|atk|1\n|-boost|p1a: Kommo-o|def|1\n|-boost|p1a: Kommo-o|spa|1\n|-boost|p1a: Kommo-o|spd|1\n|-boost|p1a: Kommo-o|spe|1\n|-damage|p1a: Kommo-o|68\/100\n|-enditem|p1a: Kommo-o|Throat Spray\n|-boost|p1a: Kommo-o|spa|1|[from] item: Throat Spray\n|move|p2a: Boogy|Shell Smash|p2a: Boogy\n|-unboost|p2a: Boogy|def|1\n|-unboost|p2a: Boogy|spd|1\n|-boost|p2a: Boogy|atk|2\n|-boost|p2a: Boogy|spa|2\n|-boost|p2a: Boogy|spe|2\n|-enditem|p2a: Boogy|White Herb\n|-clearnegativeboost|p2a: Boogy|[silent]\n|\n|upkeep\n|turn|2\n|\n|t:|1699745545\n|-terastallize|p1a: Kommo-o|Dragon\n|move|p2a: Boogy|Night Shade|p1a: Kommo-o\n|-damage|p1a: Kommo-o|33\/100\n|move|p1a: Kommo-o|Clanging Scales|p2a: Boogy\n|-damage|p2a: Boogy|0 fnt\n|faint|p2a: Boogy\n|-unboost|p1a: Kommo-o|def|1\n|\n|upkeep\n|\n|t:|1699745555\n|switch|p2a: Woogy|Mimikyu, M|100\/100\n|turn|3\n|\n|t:|1699745559\n|move|p1a: Kommo-o|Flash Cannon|p2a: Woogy\n|-activate|p2a: Woogy|ability: Disguise\n|-damage|p2a: Woogy|100\/100\n|detailschange|p2a: Woogy|Mimikyu-Busted, M\n|-damage|p2a: Woogy|88\/100|[from] pokemon: Mimikyu-Busted\n|move|p2a: Woogy|Play Rough|p1a: Kommo-o\n|-supereffective|p1a: Kommo-o\n|-damage|p1a: Kommo-o|0 fnt\n|faint|p1a: Kommo-o\n|\n|upkeep\n|\n|t:|1699745574\n|switch|p1a: Glimmora|Glimmora, F, shiny|100\/100\n|turn|4\n|\n|t:|1699745582\n|move|p1a: Glimmora|Sludge Wave|p2a: Woogy\n|-damage|p2a: Woogy|24\/100\n|move|p2a: Woogy|Leech Life|p1a: Glimmora\n|-resisted|p1a: Glimmora\n|-damage|p1a: Glimmora|90\/100\n|-heal|p2a: Woogy|30\/100|[from] drain|[of] p1a: Glimmora\n|-activate|p1a: Glimmora|ability: Toxic Debris\n|-sidestart|p2: Sorceres Armani|move: Toxic Spikes\n|\n|upkeep\n|turn|5\n|\n|t:|1699745604\n|move|p1a: Glimmora|Flash Cannon|p2a: Woogy\n|-supereffective|p2a: Woogy\n|-damage|p2a: Woogy|0 fnt\n|faint|p2a: Woogy\n|\n|upkeep\n|inactive|Sorceres Armani has 120 seconds left.\n|\n|t:|1699745623\n|switch|p2a: Ooogy|Gengar, F|100\/100\n|-sideend|p2: Sorceres Armani|move: Toxic Spikes|[of] p2a: Ooogy\n|turn|6\n|\n|t:|1699745628\n|move|p2a: Ooogy|Knock Off|p1a: Glimmora\n|-damage|p1a: Glimmora|66\/100\n|-activate|p1a: Glimmora|ability: Toxic Debris\n|-sidestart|p2: Sorceres Armani|move: Toxic Spikes\n|-enditem|p1a: Glimmora|Focus Sash|[from] move: Knock Off|[of] p2a: Ooogy\n|move|p1a: Glimmora|Earth Power|p2a: Ooogy\n|-supereffective|p2a: Ooogy\n|-damage|p2a: Ooogy|0 fnt\n|-start|p1a: Glimmora|Disable|Earth Power|[from] ability: Cursed Body|[of] p2a: Ooogy\n|faint|p2a: Ooogy\n|\n|upkeep\n|inactive|Sorceres Armani has 120 seconds left.\n|\n|t:|1699745655\n|switch|p2a: Aoogy|Oricorio-Sensu, F, shiny|100\/100\n|turn|7\n|\n|t:|1699745664\n|-terastallize|p2a: Aoogy|Ground\n|move|p1a: Glimmora|Sludge Wave|p2a: Aoogy\n|-resisted|p2a: Aoogy\n|-damage|p2a: Aoogy|70\/100\n|move|p2a: Aoogy|Quiver Dance|p2a: Aoogy\n|-boost|p2a: Aoogy|spa|1\n|-boost|p2a: Aoogy|spd|1\n|-boost|p2a: Aoogy|spe|1\n|\n|upkeep\n|turn|8\n|inactive|Sorceres Armani has 120 seconds left.\n|\n|t:|1699745675\n|move|p2a: Aoogy|Revelation Dance|p1a: Glimmora\n|-supereffective|p1a: Glimmora\n|-damage|p1a: Glimmora|0 fnt\n|faint|p1a: Glimmora\n|\n|upkeep\n|\n|t:|1699745687\n|switch|p1a: Hippowdon|Hippowdon, F|100\/100\n|-weather|Sandstorm|[from] ability: Sand Stream|[of] p1a: Hippowdon\n|turn|9\n|\n|t:|1699745692\n|move|p2a: Aoogy|Quiver Dance|p2a: Aoogy\n|-boost|p2a: Aoogy|spa|1\n|-boost|p2a: Aoogy|spd|1\n|-boost|p2a: Aoogy|spe|1\n|move|p1a: Hippowdon|Yawn|p2a: Aoogy\n|-start|p2a: Aoogy|move: Yawn|[of] p1a: Hippowdon\n|\n|-weather|Sandstorm|[upkeep]\n|upkeep\n|turn|10\n|\n|t:|1699745703\n|move|p2a: Aoogy|Revelation Dance|p1a: Hippowdon\n|-damage|p1a: Hippowdon|22\/100\n|move|p1a: Hippowdon|Ice Fang|p2a: Aoogy\n|-supereffective|p2a: Aoogy\n|-damage|p2a: Aoogy|27\/100\n|\n|-weather|Sandstorm|[upkeep]\n|-end|p2a: Aoogy|move: Yawn|[silent]\n|-status|p2a: Aoogy|slp\n|upkeep\n|turn|11\n|\n|t:|1699745713\n|cant|p2a: Aoogy|slp\n|move|p1a: Hippowdon|Ice Fang|p2a: Aoogy\n|-supereffective|p2a: Aoogy\n|-damage|p2a: Aoogy|0 fnt\n|faint|p2a: Aoogy\n|\n|-weather|Sandstorm|[upkeep]\n|upkeep\n|\n|t:|1699745722\n|switch|p2a: Tairon|Ceruledge, M|100\/100\n|-status|p2a: Tairon|psn\n|turn|12\n|\n|t:|1699745729\n|move|p2a: Tairon|Bitter Blade|p1a: Hippowdon\n|-damage|p1a: Hippowdon|0 fnt\n|faint|p1a: Hippowdon\n|-damage|p2a: Tairon|91\/100 psn|[from] item: Life Orb\n|\n|-weather|Sandstorm|[upkeep]\n|-damage|p2a: Tairon|84\/100 psn|[from] Sandstorm\n|-damage|p2a: Tairon|72\/100 psn|[from] psn\n|upkeep\n|\n|t:|1699745738\n|switch|p1a: Ting-Lu|Ting-Lu|100\/100\n|-ability|p1a: Ting-Lu|Vessel of Ruin\n|turn|13\n|\n|t:|1699745746\n|move|p2a: Tairon|Brick Break|p1a: Ting-Lu\n|-supereffective|p1a: Ting-Lu\n|-damage|p1a: Ting-Lu|62\/100\n|-damage|p2a: Tairon|62\/100 psn|[from] item: Life Orb\n|move|p1a: Ting-Lu|Earthquake|p2a: Tairon\n|-supereffective|p2a: Tairon\n|-damage|p2a: Tairon|0 fnt\n|faint|p2a: Tairon\n|\n|-weather|Sandstorm|[upkeep]\n|-heal|p1a: Ting-Lu|68\/100|[from] item: Leftovers\n|upkeep\n|\n|t:|1699745755\n|switch|p2a: Doogy|Houndstone, F|100\/100\n|-status|p2a: Doogy|psn\n|turn|14\n|\n|t:|1699745762\n|move|p2a: Doogy|Rest|p2a: Doogy\n|-fail|p2a: Doogy|heal\n|move|p1a: Ting-Lu|Ruination|p2a: Doogy\n|-damage|p2a: Doogy|50\/100 psn\n|\n|-weather|Sandstorm|[upkeep]\n|-damage|p2a: Doogy|44\/100 psn|[from] Sandstorm\n|-heal|p2a: Doogy|50\/100 psn|[from] item: Leftovers\n|-heal|p1a: Ting-Lu|74\/100|[from] item: Leftovers\n|-damage|p2a: Doogy|38\/100 psn|[from] psn\n|upkeep\n|turn|15\n|\n|t:|1699745774\n|move|p2a: Doogy|Rest|p2a: Doogy\n|-status|p2a: Doogy|slp|[from] move: Rest\n|-heal|p2a: Doogy|100\/100 slp|[silent]\n|move|p1a: Ting-Lu|Ruination|p2a: Doogy\n|-damage|p2a: Doogy|50\/100 slp\n|\n|-weather|Sandstorm|[upkeep]\n|-damage|p2a: Doogy|44\/100 slp|[from] Sandstorm\n|-heal|p2a: Doogy|50\/100 slp|[from] item: Leftovers\n|-heal|p1a: Ting-Lu|81\/100|[from] item: Leftovers\n|upkeep\n|turn|16\n|\n|t:|1699745786\n|cant|p2a: Doogy|slp\n|move|p2a: Doogy|Sleep Talk|p2a: Doogy\n|move|p2a: Doogy|Last Respects|p1a: Ting-Lu|[from]move: Sleep Talk\n|-resisted|p1a: Ting-Lu\n|-damage|p1a: Ting-Lu|53\/100\n|move|p1a: Ting-Lu|Earthquake|p2a: Doogy\n|-damage|p2a: Doogy|18\/100 slp\n|\n|-weather|none\n|-heal|p2a: Doogy|24\/100 slp|[from] item: Leftovers\n|-heal|p1a: Ting-Lu|59\/100|[from] item: Leftovers\n|upkeep\n|turn|17\n|\n|t:|1699745799\n|cant|p2a: Doogy|slp\n|move|p2a: Doogy|Sleep Talk|p2a: Doogy\n|move|p2a: Doogy|Body Press|p1a: Ting-Lu|[from]move: Sleep Talk\n|-supereffective|p1a: Ting-Lu\n|-damage|p1a: Ting-Lu|32\/100\n|move|p1a: Ting-Lu|Earthquake|p2a: Doogy\n|-damage|p2a: Doogy|0 fnt\n|faint|p2a: Doogy\n|\n|win|Blade Z Knights\n|raw|Blade Z Knights's rating: 1295 &rarr; <strong>1310<\/strong><br \/>(+15 for winning)\n|raw|Sorceres Armani's rating: 1156 &rarr; <strong>1141<\/strong><br \/>(-15 for losing)\n|c|\u2606Blade Z Knights|Gg\n|l|\u2606Sorceres Armani\n|c|\u2606Blade Z Knights|Nice team\n","uploadtime":1699745844,"views":7,"p1id":"bladezknights","p2id":"sorceresarmani","formatid":"gen9anythinggoes","rating":1141,"private":0,"password":""}