{"id":"gen9anythinggoes-1977265248","p1":"Hzozv","p2":"Ellippo","format":"[Gen 9] Anything Goes","log":"|j|\u2606Hzozv\n|j|\u2606Ellippo\n|t:|1698396301\n|gametype|singles\n|player|p1|Hzozv|lusamine-nihilego|1510\n|player|p2|Ellippo|lance|1617\n|teamsize|p1|6\n|teamsize|p2|6\n|gen|9\n|tier|[Gen 9] Anything Goes\n|rated|\n|rule|HP Percentage Mod: HP is shown in percentages\n|rule|Endless Battle Clause: Forcing endless battles is banned\n|clearpoke\n|poke|p1|Gliscor, M|\n|poke|p1|Mew|\n|poke|p1|Drifblim, M|\n|poke|p1|Espeon, M|\n|poke|p1|Calyrex-Shadow|\n|poke|p1|Krookodile, F|\n|poke|p2|Basculegion, M|\n|poke|p2|Sneasler, M|\n|poke|p2|Calyrex-Shadow|\n|poke|p2|Kyogre|\n|poke|p2|Koraidon|\n|poke|p2|Arceus|\n|teampreview\n|inactive|Battle timer is ON: inactive players will automatically lose when time's up. (requested by Hzozv)\n|\n|t:|1698396308\n|start\n|switch|p1a: Drifblim|Drifblim, M|100\/100\n|switch|p2a: Sneasler|Sneasler, M|100\/100\n|turn|1\n|\n|t:|1698396317\n|move|p2a: Sneasler|Night Slash|p1a: Drifblim\n|-supereffective|p1a: Drifblim\n|-damage|p1a: Drifblim|55\/100\n|move|p1a: Drifblim|Substitute|p1a: Drifblim\n|-start|p1a: Drifblim|Substitute\n|-damage|p1a: Drifblim|31\/100\n|-enditem|p1a: Drifblim|Sitrus Berry|[eat]\n|-heal|p1a: Drifblim|55\/100|[from] item: Sitrus Berry\n|\n|upkeep\n|turn|2\n|\n|t:|1698396327\n|move|p1a: Drifblim|Minimize|p1a: Drifblim\n|-boost|p1a: Drifblim|evasion|2\n|move|p2a: Sneasler|Night Slash|p1a: Drifblim|[miss]\n|-miss|p2a: Sneasler|p1a: Drifblim\n|\n|upkeep\n|turn|3\n|\n|t:|1698396334\n|move|p1a: Drifblim|Minimize|p1a: Drifblim\n|-boost|p1a: Drifblim|evasion|2\n|move|p2a: Sneasler|Night Slash|p1a: Drifblim\n|-supereffective|p1a: Drifblim\n|-end|p1a: Drifblim|Substitute\n|\n|upkeep\n|turn|4\n|\n|t:|1698396341\n|move|p1a: Drifblim|Substitute|p1a: Drifblim\n|-start|p1a: Drifblim|Substitute\n|-damage|p1a: Drifblim|31\/100\n|move|p2a: Sneasler|Swords Dance|p2a: Sneasler\n|-boost|p2a: Sneasler|atk|2\n|\n|upkeep\n|turn|5\n|\n|t:|1698396347\n|move|p1a: Drifblim|Strength Sap|p2a: Sneasler\n|-unboost|p2a: Sneasler|atk|1\n|-heal|p1a: Drifblim|100\/100\n|move|p2a: Sneasler|Night Slash|p1a: Drifblim\n|-supereffective|p1a: Drifblim\n|-crit|p1a: Drifblim\n|-end|p1a: Drifblim|Substitute\n|\n|upkeep\n|turn|6\n|\n|t:|1698396356\n|move|p1a: Drifblim|Substitute|p1a: Drifblim\n|-start|p1a: Drifblim|Substitute\n|-damage|p1a: Drifblim|76\/100\n|move|p2a: Sneasler|Night Slash|p1a: Drifblim\n|-supereffective|p1a: Drifblim\n|-end|p1a: Drifblim|Substitute\n|\n|upkeep\n|turn|7\n|\n|t:|1698396362\n|move|p1a: Drifblim|Substitute|p1a: Drifblim\n|-start|p1a: Drifblim|Substitute\n|-damage|p1a: Drifblim|51\/100\n|move|p2a: Sneasler|Night Slash|p1a: Drifblim|[miss]\n|-miss|p2a: Sneasler|p1a: Drifblim\n|\n|upkeep\n|turn|8\n|\n|t:|1698396368\n|move|p1a: Drifblim|Strength Sap|p2a: Sneasler\n|-unboost|p2a: Sneasler|atk|1\n|-heal|p1a: Drifblim|100\/100\n|move|p2a: Sneasler|Night Slash|p1a: Drifblim|[miss]\n|-miss|p2a: Sneasler|p1a: Drifblim\n|\n|upkeep\n|turn|9\n|\n|t:|1698396378\n|move|p1a: Drifblim|Minimize|p1a: Drifblim\n|-boost|p1a: Drifblim|evasion|2\n|move|p2a: Sneasler|Night Slash|p1a: Drifblim|[miss]\n|-miss|p2a: Sneasler|p1a: Drifblim\n|\n|upkeep\n|turn|10\n|\n|t:|1698396385\n|move|p1a: Drifblim|Baton Pass|p1a: Drifblim\n|\n|t:|1698396390\n|switch|p1a: Gliscor|Gliscor, M|100\/100|[from] Baton Pass\n|move|p2a: Sneasler|Night Slash|p1a: Gliscor|[miss]\n|-miss|p2a: Sneasler|p1a: Gliscor\n|\n|-status|p1a: Gliscor|tox|[from] item: Toxic Orb\n|upkeep\n|turn|11\n|\n|t:|1698396400\n|switch|p2a: Kyogre|Kyogre|100\/100\n|-weather|RainDance|[from] ability: Drizzle|[of] p2a: Kyogre\n|move|p1a: Gliscor|Agility|p1a: Gliscor\n|-boost|p1a: Gliscor|spe|2\n|\n|-weather|RainDance|[upkeep]\n|upkeep\n|turn|12\n|\n|t:|1698396411\n|move|p1a: Gliscor|Baton Pass|p1a: Gliscor\n|\n|t:|1698396413\n|switch|p1a: Mew|Mew|100\/100|[from] Baton Pass\n|move|p2a: Kyogre|Ice Beam|p1a: Mew\n|-activate|p1a: Mew|move: Substitute|[damage]\n|\n|-weather|RainDance|[upkeep]\n|upkeep\n|turn|13\n|\n|t:|1698396421\n|move|p1a: Mew|Calm Mind|p1a: Mew\n|-boost|p1a: Mew|spa|1\n|-boost|p1a: Mew|spd|1\n|move|p2a: Kyogre|Ice Beam|p1a: Mew|[miss]\n|-miss|p2a: Kyogre|p1a: Mew\n|\n|-weather|RainDance|[upkeep]\n|upkeep\n|turn|14\n|\n|t:|1698396430\n|switch|p2a: Sneasler|Sneasler, M|100\/100\n|move|p1a: Mew|Bulk Up|p1a: Mew\n|-boost|p1a: Mew|atk|1\n|-boost|p1a: Mew|def|1\n|\n|-weather|RainDance|[upkeep]\n|upkeep\n|turn|15\n|\n|t:|1698396437\n|switch|p2a: Kyogre|Kyogre|100\/100\n|move|p1a: Mew|Taunt|p2a: Kyogre\n|-start|p2a: Kyogre|move: Taunt\n|\n|-weather|none\n|upkeep\n|turn|16\n|\n|t:|1698396444\n|move|p1a: Mew|Calm Mind|p1a: Mew\n|-boost|p1a: Mew|spa|1\n|-boost|p1a: Mew|spd|1\n|move|p2a: Kyogre|Thunder|p1a: Mew\n|-end|p1a: Mew|Substitute\n|\n|upkeep\n|turn|17\n|\n|t:|1698396453\n|switch|p2a: Sneasler|Sneasler, M|100\/100\n|move|p1a: Mew|Baton Pass|p1a: Mew\n|\n|t:|1698396456\n|switch|p1a: Gliscor|Gliscor, M|100\/100 tox|[from] Baton Pass\n|\n|upkeep\n|turn|18\n|\n|t:|1698396461\n|switch|p2a: Kyogre|Kyogre|100\/100\n|-weather|RainDance|[from] ability: Drizzle|[of] p2a: Kyogre\n|move|p1a: Gliscor|Substitute|p1a: Gliscor\n|-start|p1a: Gliscor|Substitute\n|-damage|p1a: Gliscor|76\/100 tox\n|\n|-weather|RainDance|[upkeep]\n|-heal|p1a: Gliscor|88\/100 tox|[from] ability: Poison Heal\n|upkeep\n|turn|19\n|\n|t:|1698396470\n|move|p1a: Gliscor|Baton Pass|p1a: Gliscor\n|\n|t:|1698396472\n|switch|p1a: Mew|Mew|100\/100|[from] Baton Pass\n|move|p2a: Kyogre|Thunder|p1a: Mew\n|-activate|p1a: Mew|move: Substitute|[damage]\n|\n|-weather|RainDance|[upkeep]\n|upkeep\n|turn|20\n|\n|t:|1698396479\n|move|p1a: Mew|Calm Mind|p1a: Mew\n|-boost|p1a: Mew|spa|1\n|-boost|p1a: Mew|spd|1\n|move|p2a: Kyogre|Thunder|p1a: Mew\n|-end|p1a: Mew|Substitute\n|\n|-weather|RainDance|[upkeep]\n|upkeep\n|turn|21\n|\n|t:|1698396486\n|move|p1a: Mew|Bulk Up|p1a: Mew\n|-boost|p1a: Mew|atk|1\n|-boost|p1a: Mew|def|1\n|move|p2a: Kyogre|Thunder|p1a: Mew\n|-damage|p1a: Mew|85\/100\n|-status|p1a: Mew|par\n|-activate|p1a: Mew|ability: Synchronize\n|-status|p2a: Kyogre|par\n|\n|-weather|RainDance|[upkeep]\n|-heal|p1a: Mew|91\/100 par|[from] item: Leftovers\n|upkeep\n|turn|22\n|j| GUESSWHOTPRADO\n|\n|t:|1698396503\n|switch|p2a: Calyrex|Calyrex-Shadow|100\/100\n|-ability|p2a: Calyrex|As One\n|-ability|p2a: Calyrex|Unnerve\n|cant|p1a: Mew|par\n|\n|-weather|none\n|-heal|p1a: Mew|97\/100 par|[from] item: Leftovers\n|upkeep\n|turn|23\n|\n|t:|1698396513\n|-terastallize|p1a: Mew|Dark\n|move|p2a: Calyrex|Nasty Plot|p2a: Calyrex\n|-boost|p2a: Calyrex|spa|2\n|move|p1a: Mew|Baton Pass|p1a: Mew\n|\n|t:|1698396518\n|switch|p1a: Krookodile|Krookodile, F|100\/100|[from] Baton Pass\n|\n|upkeep\n|turn|24\n|\n|t:|1698396523\n|move|p1a: Krookodile|Power Trip|p2a: Calyrex\n|-supereffective|p2a: Calyrex\n|-enditem|p2a: Calyrex|Focus Sash\n|-damage|p2a: Calyrex|1\/100\n|move|p2a: Calyrex|Energy Ball|p1a: Krookodile\n|-supereffective|p1a: Krookodile\n|-damage|p1a: Krookodile|22\/100\n|\n|upkeep\n|turn|25\n|\n|t:|1698396534\n|move|p1a: Krookodile|Aerial Ace|p2a: Calyrex\n|-damage|p2a: Calyrex|0 fnt\n|faint|p2a: Calyrex\n|-ability|p1a: Krookodile|Moxie|boost\n|-boost|p1a: Krookodile|atk|1\n|\n|upkeep\n|\n|t:|1698396539\n|switch|p2a: Arceus|Arceus|100\/100\n|turn|26\n|\n|t:|1698396543\n|move|p2a: Arceus|Extreme Speed|p1a: Krookodile|[miss]\n|-miss|p2a: Arceus|p1a: Krookodile\n|move|p1a: Krookodile|Power Trip|p2a: Arceus\n|-damage|p2a: Arceus|0 fnt\n|faint|p2a: Arceus\n|-ability|p1a: Krookodile|Moxie|boost\n|-boost|p1a: Krookodile|atk|1\n|\n|upkeep\n|\n|t:|1698396551\n|switch|p2a: Basculegion|Basculegion, M, shiny|100\/100\n|turn|27\n|\n|t:|1698396561\n|move|p2a: Basculegion|Aqua Jet|p1a: Krookodile|[miss]\n|-miss|p2a: Basculegion|p1a: Krookodile\n|move|p1a: Krookodile|Power Trip|p2a: Basculegion\n|-supereffective|p2a: Basculegion\n|-damage|p2a: Basculegion|0 fnt\n|faint|p2a: Basculegion\n|-ability|p1a: Krookodile|Moxie|boost\n|-boost|p1a: Krookodile|atk|1\n|\n|upkeep\n|\n|t:|1698396569\n|switch|p2a: Koraidon|Koraidon|100\/100\n|-weather|SunnyDay|[from] ability: Orichalcum Pulse|[of] p2a: Koraidon\n|-activate|p2a: Koraidon|Orichalcum Pulse|[source]\n|turn|28\n|\n|t:|1698396574\n|move|p1a: Krookodile|Aerial Ace|p2a: Koraidon\n|-supereffective|p2a: Koraidon\n|-damage|p2a: Koraidon|0 fnt\n|faint|p2a: Koraidon\n|-ability|p1a: Krookodile|Moxie|boost\n|-boost|p1a: Krookodile|atk|1\n|\n|-weather|SunnyDay|[upkeep]\n|upkeep\n|\n|t:|1698396580\n|switch|p2a: Sneasler|Sneasler, M|100\/100\n|turn|29\n|\n|t:|1698396584\n|move|p1a: Krookodile|Power Trip|p2a: Sneasler\n|-resisted|p2a: Sneasler\n|-enditem|p2a: Sneasler|Focus Sash\n|-damage|p2a: Sneasler|1\/100\n|move|p2a: Sneasler|Close Combat|p1a: Krookodile\n|-supereffective|p1a: Krookodile\n|-damage|p1a: Krookodile|0 fnt\n|-unboost|p2a: Sneasler|def|1\n|-unboost|p2a: Sneasler|spd|1\n|faint|p1a: Krookodile\n|\n|-weather|SunnyDay|[upkeep]\n|upkeep\n|l| GUESSWHOTPRADO\n|\n|t:|1698396600\n|switch|p1a: Drifblim|Drifblim, M|100\/100\n|turn|30\n|\n|t:|1698396603\n|move|p2a: Sneasler|Swords Dance|p2a: Sneasler\n|-boost|p2a: Sneasler|atk|2\n|move|p1a: Drifblim|Minimize|p1a: Drifblim\n|-boost|p1a: Drifblim|evasion|2\n|\n|-weather|SunnyDay|[upkeep]\n|upkeep\n|turn|31\n|\n|t:|1698396609\n|move|p2a: Sneasler|Dire Claw|p1a: Drifblim|[miss]\n|-miss|p2a: Sneasler|p1a: Drifblim\n|move|p1a: Drifblim|Baton Pass|p1a: Drifblim\n|\n|t:|1698396618\n|switch|p1a: Gliscor|Gliscor, M|88\/100 tox|[from] Baton Pass\n|\n|-weather|SunnyDay|[upkeep]\n|-heal|p1a: Gliscor|99\/100 tox|[from] ability: Poison Heal\n|upkeep\n|turn|32\n|\n|t:|1698396623\n|move|p2a: Sneasler|Close Combat|p1a: Gliscor\n|-resisted|p1a: Gliscor\n|-damage|p1a: Gliscor|51\/100 tox\n|-unboost|p2a: Sneasler|def|1\n|-unboost|p2a: Sneasler|spd|1\n|move|p1a: Gliscor|Agility|p1a: Gliscor\n|-boost|p1a: Gliscor|spe|2\n|\n|-weather|none\n|-heal|p1a: Gliscor|63\/100 tox|[from] ability: Poison Heal\n|upkeep\n|turn|33\n|\n|t:|1698396635\n|move|p2a: Sneasler|Close Combat|p1a: Gliscor\n|-resisted|p1a: Gliscor\n|-damage|p1a: Gliscor|13\/100 tox\n|-unboost|p2a: Sneasler|def|1\n|-unboost|p2a: Sneasler|spd|1\n|move|p1a: Gliscor|Taunt|p2a: Sneasler\n|-start|p2a: Sneasler|move: Taunt\n|\n|-heal|p1a: Gliscor|26\/100 tox|[from] ability: Poison Heal\n|upkeep\n|turn|34\n|\n|t:|1698396645\n|move|p2a: Sneasler|Night Slash|p1a: Gliscor\n|-damage|p1a: Gliscor|0 fnt\n|faint|p1a: Gliscor\n|\n|upkeep\n|\n|t:|1698396654\n|switch|p1a: Calyrex|Calyrex-Shadow|100\/100\n|-ability|p1a: Calyrex|As One\n|-ability|p1a: Calyrex|Unnerve\n|turn|35\n|\n|t:|1698396661\n|move|p2a: Sneasler|Night Slash|p1a: Calyrex\n|-supereffective|p1a: Calyrex\n|-crit|p1a: Calyrex\n|-damage|p1a: Calyrex|0 fnt\n|faint|p1a: Calyrex\n|\n|upkeep\n|\n|t:|1698396668\n|switch|p1a: Mew|Mew, tera:Dark|97\/100 par\n|turn|36\n|\n|t:|1698396678\n|move|p2a: Sneasler|Close Combat|p1a: Mew\n|-supereffective|p1a: Mew\n|-damage|p1a: Mew|0 fnt\n|-unboost|p2a: Sneasler|def|1\n|-unboost|p2a: Sneasler|spd|1\n|faint|p1a: Mew\n|\n|-end|p2a: Sneasler|move: Taunt\n|upkeep\n|\n|t:|1698396682\n|switch|p1a: Espeon|Espeon, M|100\/100\n|turn|37\n|\n|t:|1698396687\n|move|p2a: Sneasler|Night Slash|p1a: Espeon\n|-supereffective|p1a: Espeon\n|-damage|p1a: Espeon|0 fnt\n|faint|p1a: Espeon\n|\n|upkeep\n|c|\u2606Ellippo|get wrecked\n|-message|Hzozv forfeited.\n|\n|win|Ellippo\n|raw|Hzozv's rating: 1510 &rarr; <strong>1496<\/strong><br \/>(-14 for losing)\n|raw|Ellippo's rating: 1617 &rarr; <strong>1631<\/strong><br \/>(+14 for winning)\n|c|\u2606Ellippo|pus strat\n|l|\u2606Hzozv\n|j|\u2606Hzozv\n|player|p1|Hzozv|lusamine-nihilego\n|l|\u2606Hzozv\n|player|p1|\n","uploadtime":1698396710,"views":7,"p1id":"hzozv","p2id":"ellippo","formatid":"gen9anythinggoes","rating":1496,"private":0,"password":""}