{"id":"gen9anythinggoes-1999659471","p1":"KingOfTheMinnish","p2":"dinosur_monke","format":"[Gen 9] Anything Goes","log":"|j|\u2606KingOfTheMinnish\n|j|\u2606dinosur_monke\n|t:|1701105404\n|gametype|singles\n|player|p1|KingOfTheMinnish|1|1193\n|player|p2|dinosur_monke|lucas|1055\n|teamsize|p1|6\n|teamsize|p2|6\n|gen|9\n|tier|[Gen 9] Anything Goes\n|rated|\n|rule|HP Percentage Mod: HP is shown in percentages\n|rule|Endless Battle Clause: Forcing endless battles is banned\n|clearpoke\n|poke|p1|Maushold-Four|\n|poke|p1|Flutter Mane|\n|poke|p1|Miraidon|\n|poke|p1|Rabsca, M|\n|poke|p1|Garganacl, F|\n|poke|p1|Houndstone, M|\n|poke|p2|Cloyster, M|\n|poke|p2|Zoroark-Hisui, F|\n|poke|p2|Hippowdon, M|\n|poke|p2|Volcarona, F|\n|poke|p2|Raichu-Alola, M|\n|poke|p2|Lilligant-Hisui, F|\n|teampreview\n|\n|t:|1701105415\n|start\n|switch|p1a: Flutter Mane|Flutter Mane, shiny|100\/100\n|switch|p2a: Hippowdon|Hippowdon, M, shiny|100\/100\n|-weather|Sandstorm|[from] ability: Sand Stream|[of] p2a: Hippowdon\n|turn|1\n|\n|t:|1701105423\n|-end|p1a: Flutter Mane|Protosynthesis|[silent]\n|switch|p1a: Maushold|Maushold-Four|100\/100\n|move|p2a: Hippowdon|Yawn|p1a: Maushold\n|-start|p1a: Maushold|move: Yawn|[of] p2a: Hippowdon\n|\n|-weather|Sandstorm|[upkeep]\n|-damage|p1a: Maushold|94\/100|[from] Sandstorm\n|upkeep\n|turn|2\n|\n|t:|1701105431\n|switch|p1a: DeMarco|Miraidon|100\/100\n|-fieldstart|move: Electric Terrain|[from] ability: Hadron Engine|[of] p1a: DeMarco\n|move|p2a: Hippowdon|Protect||[still]\n|-fail|p2a: Hippowdon\n|\n|-weather|Sandstorm|[upkeep]\n|-damage|p1a: DeMarco|94\/100|[from] Sandstorm\n|upkeep\n|turn|3\n|\n|t:|1701105440\n|switch|p1a: Maushold|Maushold-Four|94\/100\n|move|p2a: Hippowdon|Yawn|p1a: Maushold\n|-activate|p1a: Maushold|move: Electric Terrain\n|\n|-weather|Sandstorm|[upkeep]\n|-damage|p1a: Maushold|88\/100|[from] Sandstorm\n|upkeep\n|turn|4\n|\n|t:|1701105448\n|move|p2a: Hippowdon|Protect|p2a: Hippowdon\n|-singleturn|p2a: Hippowdon|Protect\n|move|p1a: Maushold|Encore|p2a: Hippowdon\n|-activate|p2a: Hippowdon|move: Protect\n|\n|-weather|Sandstorm|[upkeep]\n|-damage|p1a: Maushold|82\/100|[from] Sandstorm\n|upkeep\n|turn|5\n|\n|t:|1701105455\n|move|p1a: Maushold|Tidy Up|p1a: Maushold\n|-boost|p1a: Maushold|atk|1\n|-boost|p1a: Maushold|spe|1\n|move|p2a: Hippowdon|Stealth Rock|p1a: Maushold\n|-sidestart|p1: KingOfTheMinnish|move: Stealth Rock\n|\n|-weather|none\n|upkeep\n|turn|6\n|\n|t:|1701105461\n|move|p1a: Maushold|Tidy Up|p1a: Maushold\n|-sideend|p1: KingOfTheMinnish|Stealth Rock\n|-activate|p1a: Maushold|move: Tidy Up\n|-boost|p1a: Maushold|atk|1\n|-boost|p1a: Maushold|spe|1\n|move|p2a: Hippowdon|Earthquake|p1a: Maushold\n|-damage|p1a: Maushold|26\/100\n|\n|-fieldend|move: Electric Terrain\n|upkeep\n|turn|7\n|\n|t:|1701105471\n|move|p2a: Hippowdon|Protect|p2a: Hippowdon\n|-singleturn|p2a: Hippowdon|Protect\n|move|p1a: Maushold|Population Bomb|p2a: Hippowdon\n|-activate|p2a: Hippowdon|move: Protect\n|\n|upkeep\n|turn|8\n|\n|t:|1701105478\n|move|p1a: Maushold|Encore|p2a: Hippowdon\n|-start|p2a: Hippowdon|Encore\n|move|p2a: Hippowdon|Protect||[still]\n|-fail|p2a: Hippowdon\n|\n|upkeep\n|turn|9\n|\n|t:|1701105484\n|move|p2a: Hippowdon|Protect|p2a: Hippowdon\n|-singleturn|p2a: Hippowdon|Protect\n|move|p1a: Maushold|Tidy Up|p1a: Maushold\n|-boost|p1a: Maushold|atk|1\n|-boost|p1a: Maushold|spe|1\n|\n|upkeep\n|turn|10\n|\n|t:|1701105492\n|switch|p2a: Raichu|Raichu-Alola, M|100\/100\n|move|p1a: Maushold|Baton Pass|p1a: Maushold\n|\n|t:|1701105504\n|switch|p1a: Flutter Mane|Flutter Mane, shiny|100\/100|[from] Baton Pass\n|\n|upkeep\n|turn|11\n|\n|t:|1701105509\n|move|p1a: Flutter Mane|Shadow Ball|p2a: Raichu\n|-immune|p2a: Raichu\n|move|p2a: Raichu|Bitter Malice|p1a: Flutter Mane\n|-supereffective|p1a: Flutter Mane\n|-damage|p1a: Flutter Mane|0 fnt\n|faint|p1a: Flutter Mane\n|-end|p1a: Flutter Mane|Protosynthesis|[silent]\n|-damage|p2a: Raichu|91\/100|[from] item: Life Orb\n|\n|upkeep\n|\n|t:|1701105529\n|switch|p1a: Maushold|Maushold-Four|26\/100\n|turn|12\n|\n|t:|1701105537\n|move|p1a: Maushold|Encore|p2a: Raichu\n|-start|p2a: Raichu|Encore\n|move|p2a: Raichu|Bitter Malice|p1a: Maushold\n|-immune|p1a: Maushold\n|\n|upkeep\n|turn|13\n|\n|t:|1701105547\n|switch|p2a: Hippowdon|Hippowdon, M, shiny|100\/100\n|-weather|Sandstorm|[from] ability: Sand Stream|[of] p2a: Hippowdon\n|move|p1a: Maushold|Tidy Up|p1a: Maushold\n|-boost|p1a: Maushold|atk|1\n|-boost|p1a: Maushold|spe|1\n|\n|-weather|Sandstorm|[upkeep]\n|-damage|p1a: Maushold|20\/100|[from] Sandstorm\n|upkeep\n|turn|14\n|\n|t:|1701105557\n|move|p2a: Hippowdon|Protect|p2a: Hippowdon\n|-singleturn|p2a: Hippowdon|Protect\n|move|p1a: Maushold|Baton Pass|p1a: Maushold\n|\n|t:|1701105560\n|switch|p1a: SSSReplacement|Garganacl, F, shiny|100\/100|[from] Baton Pass\n|\n|-weather|Sandstorm|[upkeep]\n|upkeep\n|turn|15\n|\n|t:|1701105566\n|-terastallize|p1a: SSSReplacement|Fairy\n|move|p1a: SSSReplacement|Iron Defense|p1a: SSSReplacement\n|-boost|p1a: SSSReplacement|def|2\n|move|p2a: Hippowdon|Earthquake|p1a: SSSReplacement\n|-damage|p1a: SSSReplacement|88\/100\n|\n|-weather|Sandstorm|[upkeep]\n|-damage|p1a: SSSReplacement|82\/100|[from] Sandstorm\n|-heal|p1a: SSSReplacement|88\/100|[from] item: Leftovers\n|upkeep\n|turn|16\n|\n|t:|1701105575\n|move|p1a: SSSReplacement|Iron Defense|p1a: SSSReplacement\n|-boost|p1a: SSSReplacement|def|2\n|move|p2a: Hippowdon|Yawn|p1a: SSSReplacement\n|-immune|p1a: SSSReplacement|[from] ability: Purifying Salt\n|\n|-weather|Sandstorm|[upkeep]\n|-damage|p1a: SSSReplacement|82\/100|[from] Sandstorm\n|-heal|p1a: SSSReplacement|88\/100|[from] item: Leftovers\n|upkeep\n|turn|17\n|\n|t:|1701105588\n|switch|p2a: Lilligant|Lilligant-Hisui, F, shiny|100\/100\n|move|p1a: SSSReplacement|Iron Defense|p1a: SSSReplacement\n|-boost|p1a: SSSReplacement|def|2\n|\n|-weather|none\n|-heal|p1a: SSSReplacement|95\/100|[from] item: Leftovers\n|upkeep\n|turn|18\n|\n|t:|1701105597\n|-terastallize|p2a: Lilligant|Grass\n|move|p2a: Lilligant|Victory Dance|p2a: Lilligant\n|-boost|p2a: Lilligant|atk|1\n|-boost|p2a: Lilligant|def|1\n|-boost|p2a: Lilligant|spe|1\n|move|p1a: SSSReplacement|Body Press|p2a: Lilligant\n|-damage|p2a: Lilligant|7\/100\n|\n|-heal|p1a: SSSReplacement|100\/100|[from] item: Leftovers\n|upkeep\n|turn|19\n|\n|t:|1701105607\n|move|p2a: Lilligant|Leaf Blade|p1a: SSSReplacement\n|-damage|p1a: SSSReplacement|85\/100\n|move|p1a: SSSReplacement|Body Press|p2a: Lilligant\n|-damage|p2a: Lilligant|0 fnt\n|faint|p2a: Lilligant\n|\n|-heal|p1a: SSSReplacement|91\/100|[from] item: Leftovers\n|upkeep\n|\n|t:|1701105621\n|switch|p2a: Cloyster|Cloyster, M, shiny|100\/100\n|turn|20\n|\n|t:|1701105627\n|move|p2a: Cloyster|Icicle Spear|p1a: SSSReplacement\n|-damage|p1a: SSSReplacement|89\/100\n|-damage|p1a: SSSReplacement|87\/100\n|-damage|p1a: SSSReplacement|85\/100\n|-damage|p1a: SSSReplacement|82\/100\n|-damage|p1a: SSSReplacement|80\/100\n|-hitcount|p1a: SSSReplacement|5\n|cant|p1a: SSSReplacement|flinch\n|\n|-heal|p1a: SSSReplacement|86\/100|[from] item: Leftovers\n|upkeep\n|turn|21\n|\n|t:|1701105638\n|move|p2a: Cloyster|Icicle Spear|p1a: SSSReplacement\n|-damage|p1a: SSSReplacement|84\/100\n|-damage|p1a: SSSReplacement|82\/100\n|-damage|p1a: SSSReplacement|79\/100\n|-damage|p1a: SSSReplacement|77\/100\n|-damage|p1a: SSSReplacement|75\/100\n|-hitcount|p1a: SSSReplacement|5\n|move|p1a: SSSReplacement|Salt Cure|p2a: Cloyster\n|-supereffective|p2a: Cloyster\n|-damage|p2a: Cloyster|67\/100\n|-start|p2a: Cloyster|Salt Cure\n|\n|-heal|p1a: SSSReplacement|81\/100|[from] item: Leftovers\n|-damage|p2a: Cloyster|43\/100|[from] Salt Cure\n|upkeep\n|turn|22\n|\n|t:|1701105652\n|move|p2a: Cloyster|Icicle Spear|p1a: SSSReplacement\n|-damage|p1a: SSSReplacement|79\/100\n|-damage|p1a: SSSReplacement|77\/100\n|-damage|p1a: SSSReplacement|75\/100\n|-damage|p1a: SSSReplacement|72\/100\n|-damage|p1a: SSSReplacement|70\/100\n|-hitcount|p1a: SSSReplacement|5\n|move|p1a: SSSReplacement|Recover|p1a: SSSReplacement\n|-heal|p1a: SSSReplacement|100\/100\n|\n|-damage|p2a: Cloyster|18\/100|[from] Salt Cure\n|upkeep\n|turn|23\n|\n|t:|1701105664\n|move|p2a: Cloyster|Waterfall|p1a: SSSReplacement\n|-damage|p1a: SSSReplacement|94\/100\n|move|p1a: SSSReplacement|Body Press|p2a: Cloyster\n|-supereffective|p2a: Cloyster\n|-damage|p2a: Cloyster|0 fnt\n|faint|p2a: Cloyster\n|\n|-heal|p1a: SSSReplacement|99\/100|[from] item: Leftovers\n|upkeep\n|\n|t:|1701105673\n|switch|p2a: Raichu|Raichu-Alola, M|91\/100\n|turn|24\n|\n|t:|1701105677\n|move|p2a: Raichu|Bitter Malice|p1a: SSSReplacement\n|-damage|p1a: SSSReplacement|81\/100\n|-unboost|p1a: SSSReplacement|atk|1\n|-damage|p2a: Raichu|81\/100|[from] item: Life Orb\n|move|p1a: SSSReplacement|Salt Cure|p2a: Raichu\n|-damage|p2a: Raichu|53\/100\n|-start|p2a: Raichu|Salt Cure\n|replace|p2a: Zoroark|Zoroark-Hisui, F, shiny\n|-end|p2a: Zoroark|Illusion\n|\n|-heal|p1a: SSSReplacement|88\/100|[from] item: Leftovers\n|-damage|p2a: Zoroark|41\/100|[from] Salt Cure\n|upkeep\n|turn|25\n|\n|t:|1701105690\n|move|p2a: Zoroark|Bitter Malice|p1a: SSSReplacement\n|-damage|p1a: SSSReplacement|68\/100\n|-unboost|p1a: SSSReplacement|atk|1\n|-damage|p2a: Zoroark|31\/100|[from] item: Life Orb\n|move|p1a: SSSReplacement|Salt Cure|p2a: Zoroark\n|-damage|p2a: Zoroark|12\/100\n|\n|-heal|p1a: SSSReplacement|75\/100|[from] item: Leftovers\n|-damage|p2a: Zoroark|0 fnt|[from] Salt Cure\n|faint|p2a: Zoroark\n|upkeep\n|inactive|Battle timer is ON: inactive players will automatically lose when time's up. (requested by KingOfTheMinnish)\n|\n|t:|1701105704\n|switch|p2a: Volcarona|Volcarona, F, shiny|100\/100\n|turn|26\n|\n|t:|1701105709\n|move|p2a: Volcarona|Quiver Dance|p2a: Volcarona\n|-boost|p2a: Volcarona|spa|1\n|-boost|p2a: Volcarona|spd|1\n|-boost|p2a: Volcarona|spe|1\n|move|p1a: SSSReplacement|Salt Cure|p2a: Volcarona\n|-supereffective|p2a: Volcarona\n|-damage|p2a: Volcarona|47\/100\n|-start|p2a: Volcarona|Salt Cure\n|\n|-heal|p1a: SSSReplacement|81\/100|[from] item: Leftovers\n|-damage|p2a: Volcarona|34\/100|[from] Salt Cure\n|upkeep\n|turn|27\n|\n|t:|1701105720\n|move|p2a: Volcarona|Bug Buzz|p1a: SSSReplacement\n|-resisted|p1a: SSSReplacement\n|-damage|p1a: SSSReplacement|56\/100\n|move|p1a: SSSReplacement|Salt Cure|p2a: Volcarona\n|-supereffective|p2a: Volcarona\n|-damage|p2a: Volcarona|0 fnt\n|faint|p2a: Volcarona\n|\n|-heal|p1a: SSSReplacement|62\/100|[from] item: Leftovers\n|upkeep\n|\n|t:|1701105729\n|switch|p2a: Hippowdon|Hippowdon, M, shiny|100\/100\n|-weather|Sandstorm|[from] ability: Sand Stream|[of] p2a: Hippowdon\n|turn|28\n|\n|t:|1701105738\n|move|p1a: SSSReplacement|Recover|p1a: SSSReplacement\n|-heal|p1a: SSSReplacement|100\/100\n|move|p2a: Hippowdon|Earthquake|p1a: SSSReplacement\n|-damage|p1a: SSSReplacement|94\/100\n|\n|-weather|Sandstorm|[upkeep]\n|-damage|p1a: SSSReplacement|88\/100|[from] Sandstorm\n|-heal|p1a: SSSReplacement|94\/100|[from] item: Leftovers\n|upkeep\n|turn|29\n|-message|dinosur_monke forfeited.\n|\n|win|KingOfTheMinnish\n|raw|KingOfTheMinnish's rating: 1193 &rarr; <strong>1209<\/strong><br \/>(+16 for winning)\n|raw|dinosur_monke's rating: 1055 &rarr; <strong>1044<\/strong><br \/>(-11 for losing)\n|l|\u2606dinosur_monke\n","uploadtime":1701105750,"views":0,"p1id":"kingoftheminnish","p2id":"dinosurmonke","formatid":"gen9anythinggoes","rating":1044,"private":0,"password":""}