{"id":"gen9anythinggoes-1998127032","p1":"HungryGaming","p2":"Rinkablu","format":"[Gen 9] Anything Goes","log":"|j|\u2606HungryGaming\n|j|\u2606Rinkablu\n|t:|1700896274\n|gametype|singles\n|player|p1|HungryGaming|pokekid|1071\n|player|p2|Rinkablu|cheren|1042\n|teamsize|p1|6\n|teamsize|p2|6\n|gen|9\n|tier|[Gen 9] Anything Goes\n|rated|\n|rule|HP Percentage Mod: HP is shown in percentages\n|rule|Endless Battle Clause: Forcing endless battles is banned\n|clearpoke\n|poke|p1|Koraidon|\n|poke|p1|Greninja-*, M|\n|poke|p1|Meowscarada, F|\n|poke|p1|Regieleki|\n|poke|p1|Iron Valiant|\n|poke|p1|Appletun, F|\n|poke|p2|Drifblim, F|\n|poke|p2|Ribombee, F|\n|poke|p2|Fennekin, M|\n|poke|p2|Vaporeon, F|\n|poke|p2|Mimikyu, M|\n|poke|p2|Magearna|\n|teampreview\n|inactive|Battle timer is ON: inactive players will automatically lose when time's up. (requested by Rinkablu)\n|\n|t:|1700896282\n|start\n|switch|p1a: Fart|Koraidon|100\/100\n|switch|p2a: Ribombee|Ribombee, F|100\/100\n|-weather|SunnyDay|[from] ability: Orichalcum Pulse|[of] p1a: Fart\n|-activate|p1a: Fart|Orichalcum Pulse|[source]\n|turn|1\n|\n|t:|1700896289\n|move|p2a: Ribombee|Tailwind|p2a: Ribombee\n|-sidestart|p2: Rinkablu|move: Tailwind\n|move|p1a: Fart|Fire Fang|p2a: Ribombee\n|-supereffective|p2a: Ribombee\n|-enditem|p2a: Ribombee|Focus Sash\n|-damage|p2a: Ribombee|1\/100\n|\n|-weather|SunnyDay|[upkeep]\n|upkeep\n|turn|2\n|\n|t:|1700896297\n|-singleturn|p1a: Fart|move: Focus Punch\n|move|p2a: Ribombee|Sticky Web|p1a: Fart\n|-sidestart|p1: HungryGaming|move: Sticky Web\n|move|p1a: Fart|Focus Punch|p2a: Ribombee\n|-resisted|p2a: Ribombee\n|-damage|p2a: Ribombee|0 fnt\n|faint|p2a: Ribombee\n|\n|-weather|SunnyDay|[upkeep]\n|upkeep\n|\n|t:|1700896302\n|switch|p2a: Drifblim|Drifblim, F|100\/100\n|turn|3\n|\n|t:|1700896306\n|move|p2a: Drifblim|Minimize|p2a: Drifblim\n|-boost|p2a: Drifblim|evasion|2\n|move|p1a: Fart|Fire Fang|p2a: Drifblim|[miss]\n|-miss|p1a: Fart|p2a: Drifblim\n|\n|-weather|SunnyDay|[upkeep]\n|upkeep\n|turn|4\n|\n|t:|1700896313\n|move|p2a: Drifblim|Minimize|p2a: Drifblim\n|-boost|p2a: Drifblim|evasion|2\n|move|p1a: Fart|Fire Fang|p2a: Drifblim\n|-damage|p2a: Drifblim|44\/100\n|\n|-weather|SunnyDay|[upkeep]\n|-heal|p2a: Drifblim|50\/100|[from] item: Leftovers\n|-sideend|p2: Rinkablu|move: Tailwind\n|upkeep\n|turn|5\n|\n|t:|1700896321\n|move|p1a: Fart|Drain Punch|p2a: Drifblim\n|-immune|p2a: Drifblim\n|move|p2a: Drifblim|Minimize|p2a: Drifblim\n|-boost|p2a: Drifblim|evasion|2\n|\n|-weather|none\n|-heal|p2a: Drifblim|56\/100|[from] item: Leftovers\n|upkeep\n|turn|6\n|\n|t:|1700896328\n|move|p1a: Fart|Fire Fang|p2a: Drifblim|[miss]\n|-miss|p1a: Fart|p2a: Drifblim\n|move|p2a: Drifblim|Calm Mind|p2a: Drifblim\n|-boost|p2a: Drifblim|spa|1\n|-boost|p2a: Drifblim|spd|1\n|\n|-heal|p2a: Drifblim|62\/100|[from] item: Leftovers\n|upkeep\n|turn|7\n|\n|t:|1700896335\n|move|p1a: Fart|Fire Fang|p2a: Drifblim|[miss]\n|-miss|p1a: Fart|p2a: Drifblim\n|move|p2a: Drifblim|Substitute|p2a: Drifblim\n|-start|p2a: Drifblim|Substitute\n|-damage|p2a: Drifblim|37\/100\n|\n|-heal|p2a: Drifblim|44\/100|[from] item: Leftovers\n|upkeep\n|turn|8\n|\n|t:|1700896343\n|move|p1a: Fart|Fire Fang|p2a: Drifblim|[miss]\n|-miss|p1a: Fart|p2a: Drifblim\n|move|p2a: Drifblim|Baton Pass|p2a: Drifblim\n|\n|t:|1700896346\n|switch|p2a: Vaporeon|Vaporeon, F|100\/100|[from] Baton Pass\n|\n|upkeep\n|turn|9\n|\n|t:|1700896352\n|-singleturn|p1a: Fart|move: Focus Punch\n|move|p2a: Vaporeon|Yawn|p1a: Fart\n|-start|p1a: Fart|move: Yawn|[of] p2a: Vaporeon\n|move|p1a: Fart|Focus Punch|p2a: Vaporeon|[miss]\n|-miss|p1a: Fart|p2a: Vaporeon\n|\n|upkeep\n|turn|10\n|\n|t:|1700896360\n|move|p1a: Fart|Fire Fang|p2a: Vaporeon\n|-resisted|p2a: Vaporeon\n|-activate|p2a: Vaporeon|move: Substitute|[damage]\n|move|p2a: Vaporeon|Acid Armor|p2a: Vaporeon\n|-boost|p2a: Vaporeon|def|2\n|\n|-end|p1a: Fart|move: Yawn|[silent]\n|-status|p1a: Fart|slp\n|upkeep\n|turn|11\n|\n|t:|1700896368\n|cant|p1a: Fart|slp\n|move|p2a: Vaporeon|Acid Armor|p2a: Vaporeon\n|-boost|p2a: Vaporeon|def|2\n|\n|upkeep\n|turn|12\n|\n|t:|1700896377\n|switch|p1a: Pee|Meowscarada, F|100\/100\n|-activate|p1a: Pee|move: Sticky Web\n|-unboost|p1a: Pee|spe|1\n|move|p2a: Vaporeon|Acid Armor|p2a: Vaporeon\n|-boost|p2a: Vaporeon|def|2\n|\n|upkeep\n|turn|13\n|\n|t:|1700896386\n|move|p1a: Pee|Leaf Storm|p2a: Vaporeon|[miss]\n|-start|p1a: Pee|typechange|Grass|[from] ability: Protean\n|-miss|p1a: Pee|p2a: Vaporeon\n|move|p2a: Vaporeon|Yawn|p1a: Pee\n|-start|p1a: Pee|move: Yawn|[of] p2a: Vaporeon\n|\n|upkeep\n|turn|14\n|\n|t:|1700896394\n|move|p1a: Pee|Play Rough|p2a: Vaporeon|[miss]\n|-miss|p1a: Pee|p2a: Vaporeon\n|move|p2a: Vaporeon|Baton Pass|p2a: Vaporeon\n|\n|t:|1700896401\n|switch|p2a: Drifblim|Drifblim, F|44\/100|[from] Baton Pass\n|\n|-heal|p2a: Drifblim|50\/100|[from] item: Leftovers\n|-end|p1a: Pee|move: Yawn|[silent]\n|-status|p1a: Pee|slp\n|upkeep\n|turn|15\n|\n|t:|1700896418\n|move|p2a: Drifblim|Calm Mind|p2a: Drifblim\n|-boost|p2a: Drifblim|spa|1\n|-boost|p2a: Drifblim|spd|1\n|cant|p1a: Pee|slp\n|\n|-heal|p2a: Drifblim|56\/100|[from] item: Leftovers\n|upkeep\n|turn|16\n|\n|t:|1700896426\n|move|p2a: Drifblim|Calm Mind|p2a: Drifblim\n|-boost|p2a: Drifblim|spa|1\n|-boost|p2a: Drifblim|spd|1\n|cant|p1a: Pee|slp\n|\n|-heal|p2a: Drifblim|62\/100|[from] item: Leftovers\n|upkeep\n|turn|17\n|\n|t:|1700896437\n|move|p2a: Drifblim|Calm Mind|p2a: Drifblim\n|-boost|p2a: Drifblim|spa|1\n|-boost|p2a: Drifblim|spd|1\n|-curestatus|p1a: Pee|slp|[msg]\n|move|p1a: Pee|Brick Break|p2a: Drifblim\n|-immune|p2a: Drifblim\n|\n|-heal|p2a: Drifblim|68\/100|[from] item: Leftovers\n|upkeep\n|turn|18\n|c|\u2606HungryGaming|I will explode\n|c|\u2606Rinkablu|do it\n|\n|t:|1700896451\n|move|p2a: Drifblim|Calm Mind|p2a: Drifblim\n|-boost|p2a: Drifblim|spa|1\n|-boost|p2a: Drifblim|spd|1\n|move|p1a: Pee|Play Rough|p2a: Drifblim|[miss]\n|-miss|p1a: Pee|p2a: Drifblim\n|\n|-heal|p2a: Drifblim|74\/100|[from] item: Leftovers\n|upkeep\n|turn|19\n|c|\u2606HungryGaming|In real life\ud83d\ude1e\n|\n|t:|1700896467\n|move|p2a: Drifblim|Calm Mind|p2a: Drifblim\n|-boost|p2a: Drifblim|spa|1\n|-boost|p2a: Drifblim|spd|1\n|move|p1a: Pee|Play Rough|p2a: Drifblim\n|-activate|p2a: Drifblim|move: Substitute|[damage]\n|\n|-heal|p2a: Drifblim|81\/100|[from] item: Leftovers\n|upkeep\n|turn|20\n|\n|t:|1700896477\n|move|p2a: Drifblim|Baton Pass|p2a: Drifblim\n|\n|t:|1700896480\n|switch|p2a: Fennekin|Fennekin, M, shiny|100\/100|[from] Baton Pass\n|move|p1a: Pee|Leaf Storm|p2a: Fennekin\n|-resisted|p2a: Fennekin\n|-activate|p2a: Fennekin|move: Substitute|[damage]\n|-unboost|p1a: Pee|spa|2\n|\n|upkeep\n|turn|21\n|\n|t:|1700896490\n|switch|p1a: Poopnpee|Regieleki|100\/100\n|-activate|p1a: Poopnpee|move: Sticky Web\n|-unboost|p1a: Poopnpee|spe|1\n|move|p2a: Fennekin|Flamethrower|p1a: Poopnpee\n|-damage|p1a: Poopnpee|0 fnt\n|faint|p1a: Poopnpee\n|\n|upkeep\n|\n|t:|1700896505\n|switch|p1a: Poop|Greninja, M|100\/100\n|-activate|p1a: Poop|move: Sticky Web\n|-unboost|p1a: Poop|spe|1\n|turn|22\n|\n|t:|1700896511\n|move|p1a: Poop|Chilling Water|p2a: Fennekin\n|-supereffective|p2a: Fennekin\n|-end|p2a: Fennekin|Substitute\n|move|p2a: Fennekin|Grass Knot|p1a: Poop\n|-supereffective|p1a: Poop\n|-damage|p1a: Poop|0 fnt\n|faint|p1a: Poop\n|\n|upkeep\n|\n|t:|1700896520\n|switch|p1a: Pee|Meowscarada, F|100\/100\n|-activate|p1a: Pee|move: Sticky Web\n|-unboost|p1a: Pee|spe|1\n|turn|23\n|\n|t:|1700896527\n|move|p1a: Pee|Brick Break|p2a: Fennekin\n|-start|p1a: Pee|typechange|Fighting|[from] ability: Protean\n|-damage|p2a: Fennekin|83\/100\n|move|p2a: Fennekin|Flamethrower|p1a: Pee\n|-damage|p1a: Pee|0 fnt\n|faint|p1a: Pee\n|\n|upkeep\n|\n|t:|1700896535\n|switch|p1a: Watah|Iron Valiant|100\/100\n|-activate|p1a: Watah|move: Sticky Web\n|-unboost|p1a: Watah|spe|1\n|turn|24\n|\n|t:|1700896543\n|move|p1a: Watah|Close Combat|p2a: Fennekin|[miss]\n|-miss|p1a: Watah|p2a: Fennekin\n|move|p2a: Fennekin|Stored Power|p1a: Watah\n|-supereffective|p1a: Watah\n|-damage|p1a: Watah|0 fnt\n|faint|p1a: Watah\n|-end|p1a: Watah|Quark Drive|[silent]\n|\n|upkeep\n|\n|t:|1700896550\n|switch|p1a: Apole|Appletun, F|100\/100\n|-activate|p1a: Apole|move: Sticky Web\n|-unboost|p1a: Apole|spe|1\n|turn|25\n|\n|t:|1700896558\n|move|p2a: Fennekin|Flamethrower|p1a: Apole\n|-damage|p1a: Apole|44\/100\n|move|p1a: Apole|Body Press|p2a: Fennekin|[miss]\n|-miss|p1a: Apole|p2a: Fennekin\n|\n|upkeep\n|turn|26\n|\n|t:|1700896564\n|move|p2a: Fennekin|Flamethrower|p1a: Apole\n|-damage|p1a: Apole|0 fnt\n|faint|p1a: Apole\n|\n|upkeep\n|\n|t:|1700896571\n|switch|p1a: Fart|Koraidon|100\/100 slp\n|-activate|p1a: Fart|move: Sticky Web\n|-unboost|p1a: Fart|spe|1\n|-weather|SunnyDay|[from] ability: Orichalcum Pulse|[of] p1a: Fart\n|-activate|p1a: Fart|Orichalcum Pulse|[source]\n|turn|27\n|c|\u2606Rinkablu|gg\n|\n|t:|1700896579\n|-curestatus|p1a: Fart|slp|[msg]\n|move|p1a: Fart|Fire Fang|p2a: Fennekin|[miss]\n|-miss|p1a: Fart|p2a: Fennekin\n|move|p2a: Fennekin|Stored Power|p1a: Fart\n|-supereffective|p1a: Fart\n|-damage|p1a: Fart|0 fnt\n|faint|p1a: Fart\n|\n|win|Rinkablu\n|raw|HungryGaming's rating: 1071 &rarr; <strong>1049<\/strong><br \/>(-22 for losing)\n|raw|Rinkablu's rating: 1042 &rarr; <strong>1079<\/strong><br \/>(+37 for winning)\n|c|\u2606HungryGaming|Gg\n","uploadtime":1700896589,"views":1,"p1id":"hungrygaming","p2id":"rinkablu","formatid":"gen9anythinggoes","rating":1049,"private":0,"password":""}