{"id":"gen9anythinggoes-1973671139","p1":"michpanta","p2":"kai2805","format":"[Gen 9] Anything Goes","log":"|j|\u2606michpanta\n|j|\u2606kai2805\n|t:|1698001846\n|gametype|singles\n|player|p1|michpanta|ethan|\n|player|p2|kai2805|266|\n|teamsize|p1|6\n|teamsize|p2|6\n|gen|9\n|tier|[Gen 9] Anything Goes\n|rule|HP Percentage Mod: HP is shown in percentages\n|rule|Endless Battle Clause: Forcing endless battles is banned\n|clearpoke\n|poke|p1|Toxtricity-Low-Key, F|\n|poke|p1|Gholdengo|\n|poke|p1|Masquerain, M|\n|poke|p1|Avalugg, M|\n|poke|p1|Vaporeon, F|\n|poke|p1|Ninetales-Alola, M|\n|poke|p2|Clodsire, F|\n|poke|p2|Golem-Alola, M|\n|poke|p2|Cryogonal|\n|poke|p2|Alomomola, M|\n|poke|p2|Ogerpon-Cornerstone, F|\n|poke|p2|Roaring Moon|\n|teampreview\n|\n|t:|1698001865\n|start\n|switch|p1a: Ninetales|Ninetales-Alola, M|100\/100\n|switch|p2a: Ogerpon|Ogerpon-Cornerstone, F|100\/100\n|-weather|Snow|[from] ability: Snow Warning|[of] p1a: Ninetales\n|turn|1\n|\n|t:|1698001875\n|switch|p1a: Gholdengo|Gholdengo|100\/100\n|move|p2a: Ogerpon|Ivy Cudgel|p1a: Gholdengo\n|-resisted|p1a: Gholdengo\n|-damage|p1a: Gholdengo|77\/100\n|\n|-weather|Snow|[upkeep]\n|upkeep\n|turn|2\n|\n|t:|1698001881\n|switch|p2a: Clodsire|Clodsire, F|100\/100\n|move|p1a: Gholdengo|Nasty Plot|p1a: Gholdengo\n|-boost|p1a: Gholdengo|spa|2\n|\n|-weather|Snow|[upkeep]\n|upkeep\n|turn|3\n|\n|t:|1698001887\n|move|p1a: Gholdengo|Psyshock|p2a: Clodsire\n|-supereffective|p2a: Clodsire\n|-damage|p2a: Clodsire|48\/100\n|move|p2a: Clodsire|Earthquake|p1a: Gholdengo\n|-supereffective|p1a: Gholdengo\n|-damage|p1a: Gholdengo|35\/100\n|\n|-weather|Snow|[upkeep]\n|-heal|p2a: Clodsire|54\/100|[from] item: Black Sludge\n|upkeep\n|turn|4\n|\n|t:|1698001899\n|move|p1a: Gholdengo|Recover|p1a: Gholdengo\n|-heal|p1a: Gholdengo|85\/100\n|move|p2a: Clodsire|Earthquake|p1a: Gholdengo\n|-supereffective|p1a: Gholdengo\n|-damage|p1a: Gholdengo|41\/100\n|\n|-weather|Snow|[upkeep]\n|-heal|p2a: Clodsire|60\/100|[from] item: Black Sludge\n|upkeep\n|turn|5\n|j| setofleischer\n|\n|t:|1698001912\n|switch|p2a: Roaring Moon|Roaring Moon|100\/100\n|move|p1a: Gholdengo|Recover|p1a: Gholdengo\n|-heal|p1a: Gholdengo|91\/100\n|\n|-weather|none\n|upkeep\n|turn|6\n|\n|t:|1698001931\n|-end|p2a: Roaring Moon|Protosynthesis|[silent]\n|switch|p2a: Clodsire|Clodsire, F|60\/100\n|switch|p1a: Avalugg|Avalugg, M|100\/100\n|\n|-heal|p2a: Clodsire|67\/100|[from] item: Black Sludge\n|upkeep\n|turn|7\n|\n|t:|1698001941\n|switch|p1a: Chester|Toxtricity-Low-Key, F|100\/100\n|switch|p2a: Alomomola|Alomomola, M|100\/100\n|\n|upkeep\n|turn|8\n|j| batikan17\n|c| batikan17|gl hf jungs\n|\n|t:|1698002036\n|switch|p2a: Ogerpon|Ogerpon-Cornerstone, F|100\/100\n|-terastallize|p1a: Chester|Normal\n|move|p1a: Chester|Boomburst|p2a: Ogerpon\n|-resisted|p2a: Ogerpon\n|-damage|p2a: Ogerpon|40\/100\n|\n|upkeep\n|turn|9\n|j| Dennis wa\n|\n|t:|1698002129\n|switch|p1a: Gholdengo|Gholdengo|91\/100\n|move|p2a: Ogerpon|Power Whip|p1a: Gholdengo\n|-resisted|p1a: Gholdengo\n|-damage|p1a: Gholdengo|62\/100\n|\n|upkeep\n|turn|10\n|\n|t:|1698002188\n|move|p2a: Ogerpon|Knock Off|p1a: Gholdengo\n|-supereffective|p1a: Gholdengo\n|-enditem|p1a: Gholdengo|Colbur Berry|[eat]\n|-enditem|p1a: Gholdengo|Colbur Berry|[weaken]\n|-damage|p1a: Gholdengo|33\/100\n|move|p1a: Gholdengo|Recover|p1a: Gholdengo\n|-heal|p1a: Gholdengo|83\/100\n|\n|upkeep\n|turn|11\n|\n|t:|1698002213\n|switch|p2a: Roaring Moon|Roaring Moon|100\/100\n|move|p1a: Gholdengo|Make It Rain|p2a: Roaring Moon\n|-damage|p2a: Roaring Moon|53\/100\n|-unboost|p1a: Gholdengo|spa|1\n|\n|upkeep\n|turn|12\n|\n|t:|1698002234\n|switch|p1a: Avalugg|Avalugg, M|100\/100\n|move|p2a: Roaring Moon|Knock Off|p1a: Avalugg\n|-damage|p1a: Avalugg|79\/100\n|-damage|p2a: Roaring Moon|37\/100|[from] item: Rocky Helmet|[of] p1a: Avalugg\n|-enditem|p1a: Avalugg|Rocky Helmet|[from] move: Knock Off|[of] p2a: Roaring Moon\n|\n|upkeep\n|turn|13\n|\n|t:|1698002252\n|-end|p2a: Roaring Moon|Protosynthesis|[silent]\n|switch|p2a: Alomomola|Alomomola, M|100\/100\n|move|p1a: Avalugg|Body Press|p2a: Alomomola\n|-damage|p2a: Alomomola|81\/100\n|\n|-heal|p2a: Alomomola|87\/100|[from] item: Leftovers\n|upkeep\n|turn|14\n|\n|t:|1698002263\n|switch|p1a: Vaporeon|Vaporeon, F|100\/100\n|move|p2a: Alomomola|Flip Turn|p1a: Vaporeon\n|-immune|p1a: Vaporeon|[from] ability: Water Absorb\n|\n|-heal|p2a: Alomomola|93\/100|[from] item: Leftovers\n|upkeep\n|turn|15\n|\n|t:|1698002278\n|switch|p2a: Golem|Golem-Alola, M|100\/100\n|move|p1a: Vaporeon|Wish|p1a: Vaporeon\n|\n|upkeep\n|turn|16\n|\n|t:|1698002354\n|switch|p1a: Gholdengo|Gholdengo|83\/100\n|move|p2a: Golem|Explosion|p1a: Gholdengo\n|-damage|p1a: Gholdengo|0 fnt\n|faint|p2a: Golem\n|faint|p1a: Gholdengo\n|\n|upkeep\n|c| setofleischer|wtf\n|\n|t:|1698002385\n|switch|p1a: Chester|Toxtricity-Low-Key, F, tera:Normal|100\/100\n|switch|p2a: Cryogonal|Cryogonal|100\/100\n|turn|17\n|c| batikan17|galvanize - normal moves werden zu nem elektromove\n|c|\u2606michpanta|Jo leider :D\n|c|\u2606kai2805|wollte eigentlich avalugg haben :D\n|c| setofleischer|ging eher um explodion:)\n|\n|t:|1698002436\n|move|p2a: Cryogonal|Freeze-Dry|p1a: Chester\n|-damage|p1a: Chester|70\/100\n|move|p1a: Chester|Boomburst|p2a: Cryogonal\n|-damage|p2a: Cryogonal|21\/100\n|\n|upkeep\n|turn|18\n|\n|t:|1698002471\n|switch|p2a: Alomomola|Alomomola, M|100\/100\n|switch|p1a: Ninetales|Ninetales-Alola, M|100\/100\n|-weather|Snow|[from] ability: Snow Warning|[of] p1a: Ninetales\n|\n|-weather|Snow|[upkeep]\n|upkeep\n|turn|19\n|\n|t:|1698002485\n|move|p1a: Ninetales|Aurora Veil|p1a: Ninetales\n|-sidestart|p1: michpanta|move: Aurora Veil\n|move|p2a: Alomomola|Flip Turn|p1a: Ninetales\n|-damage|p1a: Ninetales|94\/100\n|\n|t:|1698002489\n|switch|p2a: Cryogonal|Cryogonal|21\/100|[from] Flip Turn\n|\n|-weather|Snow|[upkeep]\n|upkeep\n|turn|20\n|\n|t:|1698002496\n|move|p1a: Ninetales|Moonblast|p2a: Cryogonal\n|-damage|p2a: Cryogonal|2\/100\n|move|p2a: Cryogonal|Recover|p2a: Cryogonal\n|-heal|p2a: Cryogonal|52\/100\n|\n|-weather|Snow|[upkeep]\n|upkeep\n|turn|21\n|\n|t:|1698002507\n|move|p1a: Ninetales|Baton Pass|p1a: Ninetales\n|\n|t:|1698002517\n|switch|p1a: Chester|Toxtricity-Low-Key, F, tera:Normal|70\/100|[from] Baton Pass\n|move|p2a: Cryogonal|Aurora Veil|p2a: Cryogonal\n|-sidestart|p2: kai2805|move: Aurora Veil\n|\n|-weather|Snow|[upkeep]\n|upkeep\n|turn|22\n|c| batikan17|genial <3 !\n|\n|t:|1698002540\n|move|p2a: Cryogonal|Freeze-Dry|p1a: Chester\n|-damage|p1a: Chester|54\/100\n|move|p1a: Chester|Boomburst|p2a: Cryogonal\n|-crit|p2a: Cryogonal\n|-damage|p2a: Cryogonal|0 fnt\n|faint|p2a: Cryogonal\n|\n|-weather|none\n|upkeep\n|c| batikan17|noch genialer wtf haha\n|\n|t:|1698002558\n|switch|p2a: Clodsire|Clodsire, F|67\/100\n|turn|23\n|\n|t:|1698002562\n|move|p1a: Chester|Taunt|p2a: Clodsire\n|-start|p2a: Clodsire|move: Taunt\n|cant|p2a: Clodsire|move: Taunt|Toxic Spikes\n|\n|-heal|p2a: Clodsire|73\/100|[from] item: Black Sludge\n|-sideend|p1: michpanta|move: Aurora Veil\n|upkeep\n|turn|24\n|\n|t:|1698002590\n|switch|p1a: Masquerain|Masquerain, M|100\/100\n|-ability|p1a: Masquerain|Intimidate|boost\n|-unboost|p2a: Clodsire|atk|1\n|move|p2a: Clodsire|Earthquake|p1a: Masquerain\n|-immune|p1a: Masquerain\n|\n|-heal|p2a: Clodsire|79\/100|[from] item: Black Sludge\n|upkeep\n|turn|25\n|\n|t:|1698002603\n|switch|p2a: Roaring Moon|Roaring Moon|37\/100\n|move|p1a: Masquerain|Sticky Web|p2a: Roaring Moon\n|-sidestart|p2: kai2805|move: Sticky Web\n|\n|upkeep\n|turn|26\n|\n|t:|1698002692\n|move|p2a: Roaring Moon|Dragon Dance|p2a: Roaring Moon\n|-boost|p2a: Roaring Moon|atk|1\n|-boost|p2a: Roaring Moon|spe|1\n|move|p1a: Masquerain|Bug Buzz|p2a: Roaring Moon\n|-supereffective|p2a: Roaring Moon\n|-damage|p2a: Roaring Moon|11\/100\n|\n|upkeep\n|turn|27\n|\n|t:|1698002703\n|move|p2a: Roaring Moon|Iron Head|p1a: Masquerain\n|-damage|p1a: Masquerain|60\/100\n|move|p1a: Masquerain|Bug Buzz|p2a: Roaring Moon\n|-supereffective|p2a: Roaring Moon\n|-damage|p2a: Roaring Moon|0 fnt\n|faint|p2a: Roaring Moon\n|-end|p2a: Roaring Moon|Protosynthesis|[silent]\n|\n|upkeep\n|\n|t:|1698002711\n|switch|p2a: Ogerpon|Ogerpon-Cornerstone, F|40\/100\n|-activate|p2a: Ogerpon|move: Sticky Web\n|-unboost|p2a: Ogerpon|spe|1\n|turn|28\n|\n|t:|1698002795\n|move|p2a: Ogerpon|Ivy Cudgel|p1a: Masquerain\n|-supereffective|p1a: Masquerain\n|-damage|p1a: Masquerain|0 fnt\n|faint|p1a: Masquerain\n|\n|-sideend|p2: kai2805|move: Aurora Veil\n|upkeep\n|\n|t:|1698002866\n|switch|p1a: Ninetales|Ninetales-Alola, M|94\/100\n|-weather|Snow|[from] ability: Snow Warning|[of] p1a: Ninetales\n|turn|29\n|\n|t:|1698002918\n|move|p1a: Ninetales|Freeze-Dry|p2a: Ogerpon\n|-supereffective|p2a: Ogerpon\n|-damage|p2a: Ogerpon|0 fnt\n|faint|p2a: Ogerpon\n|\n|-weather|Snow|[upkeep]\n|upkeep\n|\n|t:|1698002924\n|switch|p2a: Clodsire|Clodsire, F|79\/100\n|-activate|p2a: Clodsire|move: Sticky Web\n|-unboost|p2a: Clodsire|spe|1\n|turn|30\n|j| EnOfFla\n|\n|t:|1698002962\n|move|p1a: Ninetales|Freeze-Dry|p2a: Clodsire\n|-supereffective|p2a: Clodsire\n|-damage|p2a: Clodsire|54\/100\n|move|p2a: Clodsire|Earthquake|p1a: Ninetales\n|-damage|p1a: Ninetales|70\/100\n|\n|-weather|Snow|[upkeep]\n|-heal|p2a: Clodsire|60\/100|[from] item: Black Sludge\n|upkeep\n|turn|31\n|\n|t:|1698002971\n|move|p1a: Ninetales|Aurora Veil|p1a: Ninetales\n|-sidestart|p1: michpanta|move: Aurora Veil\n|move|p2a: Clodsire|Recover|p2a: Clodsire\n|-heal|p2a: Clodsire|100\/100\n|\n|-weather|Snow|[upkeep]\n|upkeep\n|turn|32\n|\n|t:|1698002998\n|switch|p1a: Vaporeon|Vaporeon, F|100\/100\n|move|p2a: Clodsire|Earthquake|p1a: Vaporeon\n|-damage|p1a: Vaporeon|87\/100\n|\n|-weather|Snow|[upkeep]\n|-heal|p1a: Vaporeon|93\/100|[from] item: Leftovers\n|upkeep\n|turn|33\n|\n|t:|1698003010\n|move|p1a: Vaporeon|Wish|p1a: Vaporeon\n|move|p2a: Clodsire|Toxic Spikes|p1a: Vaporeon\n|-sidestart|p1: michpanta|move: Toxic Spikes\n|\n|-weather|none\n|-heal|p1a: Vaporeon|99\/100|[from] item: Leftovers\n|upkeep\n|turn|34\n|\n|t:|1698003018\n|move|p1a: Vaporeon|Scald|p2a: Clodsire\n|-supereffective|p2a: Clodsire\n|-damage|p2a: Clodsire|69\/100\n|move|p2a: Clodsire|Toxic Spikes|p1a: Vaporeon\n|-sidestart|p1: michpanta|move: Toxic Spikes\n|\n|-heal|p1a: Vaporeon|100\/100|[from] move: Wish|[wisher] Vaporeon\n|-heal|p2a: Clodsire|76\/100|[from] item: Black Sludge\n|upkeep\n|turn|35\n|\n|t:|1698003027\n|switch|p2a: Alomomola|Alomomola, M|100\/100\n|-activate|p2a: Alomomola|move: Sticky Web\n|-unboost|p2a: Alomomola|spe|1\n|move|p1a: Vaporeon|Scald|p2a: Alomomola\n|-resisted|p2a: Alomomola\n|-damage|p2a: Alomomola|82\/100\n|-status|p2a: Alomomola|brn\n|\n|-heal|p2a: Alomomola|88\/100 brn|[from] item: Leftovers\n|-damage|p2a: Alomomola|82\/100 brn|[from] brn\n|-sideend|p1: michpanta|move: Aurora Veil\n|upkeep\n|turn|36\n|\n|t:|1698003038\n|move|p1a: Vaporeon|Wish|p1a: Vaporeon\n|move|p2a: Alomomola|Wish|p2a: Alomomola\n|\n|-heal|p2a: Alomomola|88\/100 brn|[from] item: Leftovers\n|-damage|p2a: Alomomola|82\/100 brn|[from] brn\n|upkeep\n|turn|37\n|\n|t:|1698003048\n|switch|p1a: Avalugg|Avalugg, M|79\/100\n|-status|p1a: Avalugg|tox\n|move|p2a: Alomomola|Play Rough|p1a: Avalugg\n|-damage|p1a: Avalugg|76\/100 tox\n|\n|-heal|p2a: Alomomola|100\/100 brn|[from] move: Wish|[wisher] Alomomola\n|-heal|p1a: Avalugg|100\/100 tox|[from] move: Wish|[wisher] Vaporeon\n|-damage|p1a: Avalugg|94\/100 tox|[from] psn\n|-damage|p2a: Alomomola|94\/100 brn|[from] brn\n|upkeep\n|turn|38\n|\n|t:|1698003060\n|move|p2a: Alomomola|Wish|p2a: Alomomola\n|move|p1a: Avalugg|Rapid Spin|p2a: Alomomola\n|-damage|p2a: Alomomola|88\/100 brn\n|-boost|p1a: Avalugg|spe|1\n|-sideend|p1: michpanta|Toxic Spikes|[from] move: Rapid Spin|[of] p1a: Avalugg\n|\n|-heal|p2a: Alomomola|94\/100 brn|[from] item: Leftovers\n|-damage|p1a: Avalugg|82\/100 tox|[from] psn\n|-damage|p2a: Alomomola|88\/100 brn|[from] brn\n|upkeep\n|turn|39\n|\n|t:|1698003085\n|switch|p1a: Chester|Toxtricity-Low-Key, F, tera:Normal|54\/100\n|move|p2a: Alomomola|Flip Turn|p1a: Chester\n|-damage|p1a: Chester|44\/100\n|\n|t:|1698003090\n|switch|p2a: Clodsire|Clodsire, F|76\/100|[from] Flip Turn\n|-activate|p2a: Clodsire|move: Sticky Web\n|-unboost|p2a: Clodsire|spe|1\n|\n|-heal|p2a: Clodsire|100\/100|[from] move: Wish|[wisher] Alomomola\n|upkeep\n|turn|40\n|\n|t:|1698003128\n|move|p1a: Chester|Charm|p2a: Clodsire\n|-unboost|p2a: Clodsire|atk|2\n|move|p2a: Clodsire|Earthquake|p1a: Chester\n|-damage|p1a: Chester|28\/100\n|\n|upkeep\n|turn|41\n|\n|t:|1698003136\n|move|p1a: Chester|Boomburst|p2a: Clodsire\n|-damage|p2a: Clodsire|45\/100\n|move|p2a: Clodsire|Earthquake|p1a: Chester\n|-damage|p1a: Chester|10\/100\n|\n|-heal|p2a: Clodsire|52\/100|[from] item: Black Sludge\n|upkeep\n|turn|42\n|\n|t:|1698003181\n|move|p1a: Chester|Boomburst|p2a: Clodsire\n|-damage|p2a: Clodsire|0 fnt\n|faint|p2a: Clodsire\n|\n|upkeep\n|\n|t:|1698003183\n|switch|p2a: Alomomola|Alomomola, M|100\/100 brn\n|-activate|p2a: Alomomola|move: Sticky Web\n|-unboost|p2a: Alomomola|spe|1\n|turn|43\n|\n|t:|1698003189\n|move|p1a: Chester|Overdrive|p2a: Alomomola\n|-supereffective|p2a: Alomomola\n|-damage|p2a: Alomomola|0 fnt\n|faint|p2a: Alomomola\n|\n|win|michpanta\n|c|\u2606michpanta|gg\n|c| setofleischer|gg\n|c| batikan17|gg\n|c| EnOfFla|Gg\n|c|\u2606kai2805|gg\n|c| setofleischer|michi macht keine michi sachen\n|l| setofleischer\n|l| EnOfFla\n|l| Dennis wa\n|l|\u2606kai2805\n|j| Nrox\n|l| Nrox\n|j| Nrox\n|l| Nrox\n","uploadtime":1698003393,"views":27,"p1id":"michpanta","p2id":"kai2805","formatid":"gen9anythinggoes","rating":0,"private":0,"password":""}