{"id":"gen9anythinggoes-1972750145","p1":"Zaack95","p2":"Algitgruetze","format":"[Gen 9] Anything Goes","log":"|j|\u2606Zaack95\n|j|\u2606Algitgruetze\n|t:|1697889467\n|gametype|singles\n|player|p1|Zaack95|170|\n|player|p2|Algitgruetze|whitney|\n|teamsize|p1|6\n|teamsize|p2|6\n|gen|9\n|tier|[Gen 9] Anything Goes\n|rule|HP Percentage Mod: HP is shown in percentages\n|rule|Endless Battle Clause: Forcing endless battles is banned\n|clearpoke\n|poke|p1|Shaymin|\n|poke|p1|Okidogi, M|\n|poke|p1|Enamorus, F|\n|poke|p1|Jirachi|\n|poke|p1|Goodra, F|\n|poke|p1|Donphan, F|\n|poke|p2|Sylveon, M|\n|poke|p2|Slowbro-Galar, M|\n|poke|p2|Zapdos-Galar|\n|poke|p2|Electrode-Hisui|\n|poke|p2|Dragapult, M|\n|poke|p2|Meowscarada, M|\n|teampreview\n|c|\u2606Zaack95|gl hf\n|c|\u2606Algitgruetze|u2\n|\n|t:|1697889546\n|start\n|switch|p1a: MINIZAHN|Donphan, F|100\/100\n|switch|p2a: Electrode|Electrode-Hisui|100\/100\n|turn|1\n|\n|t:|1697889585\n|move|p2a: Electrode|Leaf Storm|p1a: MINIZAHN\n|-supereffective|p1a: MINIZAHN\n|-ability|p1a: MINIZAHN|Sturdy\n|-damage|p1a: MINIZAHN|1\/100\n|-unboost|p2a: Electrode|spa|2\n|move|p1a: MINIZAHN|Earthquake|p2a: Electrode\n|-damage|p2a: Electrode|17\/100\n|\n|upkeep\n|turn|2\n|\n|t:|1697889610\n|switch|p1a: SLIMEY|Goodra, F, shiny|100\/100\n|-terastallize|p2a: Electrode|Ice\n|move|p2a: Electrode|Tera Blast|p1a: SLIMEY|[anim] Tera Blast Ice\n|-supereffective|p1a: SLIMEY\n|-damage|p1a: SLIMEY|86\/100\n|\n|upkeep\n|turn|3\n|\n|t:|1697889625\n|move|p2a: Electrode|Volt Switch|p1a: SLIMEY\n|-resisted|p1a: SLIMEY\n|-damage|p1a: SLIMEY|83\/100\n|\n|t:|1697889634\n|switch|p2a: Sylveon|Sylveon, M|100\/100|[from] Volt Switch\n|move|p1a: SLIMEY|Acid Spray|p2a: Sylveon\n|-supereffective|p2a: Sylveon\n|-damage|p2a: Sylveon|86\/100\n|-unboost|p2a: Sylveon|spd|2\n|\n|-heal|p2a: Sylveon|92\/100|[from] item: Leftovers\n|upkeep\n|turn|4\n|\n|t:|1697889691\n|switch|p1a: STAR|Jirachi, shiny|100\/100\n|move|p2a: Sylveon|Protect||[still]\n|-fail|p2a: Sylveon\n|\n|-heal|p2a: Sylveon|98\/100|[from] item: Leftovers\n|upkeep\n|turn|5\n|\n|t:|1697889704\n|switch|p2a: Meowscarada|Meowscarada, M|100\/100\n|move|p1a: STAR|Cosmic Power|p1a: STAR\n|-boost|p1a: STAR|def|1\n|-boost|p1a: STAR|spd|1\n|\n|upkeep\n|turn|6\n|\n|t:|1697889725\n|move|p2a: Meowscarada|Taunt|p1a: STAR\n|-start|p2a: Meowscarada|typechange|Dark|[from] ability: Protean\n|-start|p1a: STAR|move: Taunt\n|move|p1a: STAR|Drain Punch|p2a: Meowscarada\n|-supereffective|p2a: Meowscarada\n|-damage|p2a: Meowscarada|59\/100\n|\n|-heal|p2a: Meowscarada|65\/100|[from] item: Leftovers\n|upkeep\n|turn|7\n|\n|t:|1697889738\n|move|p2a: Meowscarada|Knock Off|p1a: STAR\n|-supereffective|p1a: STAR\n|-damage|p1a: STAR|65\/100\n|-enditem|p1a: STAR|Weakness Policy\n|-boost|p1a: STAR|atk|2|[from] item: Weakness Policy\n|-boost|p1a: STAR|spa|2|[from] item: Weakness Policy\n|move|p1a: STAR|Drain Punch|p2a: Meowscarada\n|-supereffective|p2a: Meowscarada\n|-damage|p2a: Meowscarada|0 fnt\n|-heal|p1a: STAR|93\/100|[from] drain|[of] p2a: Meowscarada\n|faint|p2a: Meowscarada\n|\n|upkeep\n|\n|t:|1697889745\n|switch|p2a: Slowbro|Slowbro-Galar, M|100\/100\n|turn|8\n|\n|t:|1697889768\n|move|p1a: STAR|Stored Power|p2a: Slowbro\n|-damage|p2a: Slowbro|0 fnt\n|faint|p2a: Slowbro\n|\n|-end|p1a: STAR|move: Taunt\n|upkeep\n|\n|t:|1697889807\n|switch|p2a: Electrode|Electrode-Hisui, tera:Ice|17\/100\n|turn|9\n|\n|t:|1697889844\n|move|p2a: Electrode|Thunderbolt|p1a: STAR\n|-damage|p1a: STAR|74\/100\n|move|p1a: STAR|Cosmic Power|p1a: STAR\n|-boost|p1a: STAR|def|1\n|-boost|p1a: STAR|spd|1\n|\n|upkeep\n|turn|10\n|\n|t:|1697889850\n|move|p2a: Electrode|Thunderbolt|p1a: STAR\n|-damage|p1a: STAR|60\/100\n|move|p1a: STAR|Life Dew|p1a: STAR\n|-heal|p1a: STAR|85\/100\n|\n|upkeep\n|turn|11\n|\n|t:|1697889855\n|move|p2a: Electrode|Thunderbolt|p1a: STAR\n|-damage|p1a: STAR|70\/100\n|move|p1a: STAR|Life Dew|p1a: STAR\n|-heal|p1a: STAR|95\/100\n|\n|upkeep\n|turn|12\n|\n|t:|1697889859\n|move|p2a: Electrode|Thunderbolt|p1a: STAR\n|-damage|p1a: STAR|81\/100\n|move|p1a: STAR|Stored Power|p2a: Electrode\n|-damage|p2a: Electrode|0 fnt\n|faint|p2a: Electrode\n|\n|upkeep\n|\n|t:|1697889863\n|switch|p2a: Dragapult|Dragapult, M|100\/100\n|turn|13\n|\n|t:|1697889876\n|move|p2a: Dragapult|Shadow Ball|p1a: STAR\n|-supereffective|p1a: STAR\n|-damage|p1a: STAR|33\/100\n|move|p1a: STAR|Stored Power|p2a: Dragapult\n|-damage|p2a: Dragapult|0 fnt\n|faint|p2a: Dragapult\n|\n|upkeep\n|\n|t:|1697889890\n|switch|p2a: Zapdos|Zapdos-Galar|100\/100\n|turn|14\n|\n|t:|1697889913\n|move|p2a: Zapdos|Close Combat|p1a: STAR\n|-damage|p1a: STAR|0 fnt\n|-unboost|p2a: Zapdos|def|1\n|-unboost|p2a: Zapdos|spd|1\n|faint|p1a: STAR\n|\n|upkeep\n|\n|t:|1697889935\n|switch|p1a: DOGI STYLE|Okidogi, M|100\/100\n|turn|15\n|\n|t:|1697889948\n|switch|p2a: Sylveon|Sylveon, M|98\/100\n|move|p1a: DOGI STYLE|Poison Jab|p2a: Sylveon\n|-supereffective|p2a: Sylveon\n|-damage|p2a: Sylveon|0 fnt\n|faint|p2a: Sylveon\n|\n|upkeep\n|\n|t:|1697889952\n|switch|p2a: Zapdos|Zapdos-Galar|100\/100\n|turn|16\n|\n|t:|1697889959\n|move|p2a: Zapdos|Brave Bird|p1a: DOGI STYLE\n|-supereffective|p1a: DOGI STYLE\n|-damage|p1a: DOGI STYLE|0 fnt\n|faint|p1a: DOGI STYLE\n|-damage|p2a: Zapdos|62\/100|[from] Recoil\n|\n|upkeep\n|\n|t:|1697889965\n|switch|p1a: K\u00dcSSCHEN|Enamorus, F|100\/100\n|turn|17\n|\n|t:|1697889968\n|move|p1a: K\u00dcSSCHEN|Moonblast|p2a: Zapdos\n|-supereffective|p2a: Zapdos\n|-damage|p2a: Zapdos|0 fnt\n|faint|p2a: Zapdos\n|\n|win|Zaack95\n|c|\u2606Zaack95|gg\n|c|\u2606Algitgruetze|gg\n","uploadtime":1697889974,"views":14,"p1id":"zaack95","p2id":"algitgruetze","formatid":"gen9anythinggoes","rating":0,"private":0,"password":""}