{"id":"gen9anythinggoes-1977049851","p1":"Gen 1 Intergrade","p2":"kfowler42","format":"[Gen 9] Anything Goes","log":"|j|\u2606Gen 1 Intergrade\n|j|\u2606kfowler42\n|t:|1698365882\n|gametype|singles\n|player|p1|Gen 1 Intergrade|giovanni|\n|player|p2|kfowler42|medium|\n|teamsize|p1|6\n|teamsize|p2|6\n|gen|9\n|tier|[Gen 9] Anything Goes\n|rule|HP Percentage Mod: HP is shown in percentages\n|rule|Endless Battle Clause: Forcing endless battles is banned\n|clearpoke\n|poke|p1|Slowbro-Galar, M|\n|poke|p1|Annihilape, M|\n|poke|p1|Muk-Alola, M|\n|poke|p1|Arcanine-Hisui, F|\n|poke|p1|Sandslash-Alola, M|\n|poke|p1|Electrode-Hisui|\n|poke|p2|Iron Valiant|\n|poke|p2|Greninja-*, F|\n|poke|p2|Torterra, M|\n|poke|p2|Corviknight, F|\n|poke|p2|Sylveon, M|\n|poke|p2|Meowscarada, M|\n|teampreview\n|\n|t:|1698365922\n|start\n|switch|p1a: BALL Desion|Electrode-Hisui, shiny|100\/100\n|switch|p2a: Petsmart Fishtank|Torterra, M|100\/100\n|turn|1\n|c|\u2606kfowler42|!weakness electrode-hisui\n|c| kfowler42|\/raw <div class=\"infobox\">Electrode-Hisui (ignoring abilities):<br \/><span class=\"message-effect-weak\">Weaknesses<\/span>: Bug, Fire, Ice, Poison<br \/><span class=\"message-effect-resist\">Resistances<\/span>: <b>Electric<\/b>, Grass, Steel, Water<br \/><span class=\"message-effect-immune\">Immunities<\/span>: Paralysis, Powder moves<\/div>\n|\n|t:|1698365958\n|switch|p1a: Megamin|Slowbro-Galar, M, shiny|100\/100\n|move|p2a: Petsmart Fishtank|Shell Smash|p2a: Petsmart Fishtank\n|-unboost|p2a: Petsmart Fishtank|def|1\n|-unboost|p2a: Petsmart Fishtank|spd|1\n|-boost|p2a: Petsmart Fishtank|atk|2\n|-boost|p2a: Petsmart Fishtank|spa|2\n|-boost|p2a: Petsmart Fishtank|spe|2\n|-enditem|p2a: Petsmart Fishtank|White Herb\n|-clearnegativeboost|p2a: Petsmart Fishtank|[silent]\n|\n|upkeep\n|turn|2\n|c|\u2606kfowler42|!weakness slowbro-galar\n|c| kfowler42|\/raw <div class=\"infobox\">Slowbro-Galar (ignoring abilities):<br \/><span class=\"message-effect-weak\">Weaknesses<\/span>: Dark, Ghost, Ground<br \/><span class=\"message-effect-resist\">Resistances<\/span>: Fairy, <b>Fighting<\/b>, Grass, Poison<br \/><span class=\"message-effect-immune\">Immunities<\/span>: Toxic<\/div>\n|\n|t:|1698365984\n|-terastallize|p2a: Petsmart Fishtank|Ground\n|move|p2a: Petsmart Fishtank|Earthquake|p1a: Megamin\n|-supereffective|p1a: Megamin\n|-damage|p1a: Megamin|0 fnt\n|faint|p1a: Megamin\n|\n|upkeep\n|\n|t:|1698365990\n|switch|p1a: Freya|Arcanine-Hisui, F, shiny|100\/100\n|turn|3\n|c|\u2606kfowler42|!weakness arcanine-hisui\n|c| kfowler42|\/raw <div class=\"infobox\">Arcanine-Hisui (ignoring abilities):<br \/><span class=\"message-effect-weak\">Weaknesses<\/span>: Fighting, <b>Ground<\/b>, Rock, <b>Water<\/b><br \/><span class=\"message-effect-resist\">Resistances<\/span>: Bug, Fairy, <b>Fire<\/b>, Flying, Ice, Normal, Poison<br \/><span class=\"message-effect-immune\">Immunities<\/span>: Burn, Sandstorm damage<\/div>\n|\n|t:|1698366013\n|move|p2a: Petsmart Fishtank|Earthquake|p1a: Freya\n|-supereffective|p1a: Freya\n|-damage|p1a: Freya|0 fnt\n|faint|p1a: Freya\n|\n|upkeep\n|\n|t:|1698366026\n|switch|p1a: BALL Desion|Electrode-Hisui, shiny|100\/100\n|turn|4\n|\n|t:|1698366037\n|move|p1a: BALL Desion|Leaf Storm|p2a: Petsmart Fishtank\n|-supereffective|p2a: Petsmart Fishtank\n|-damage|p2a: Petsmart Fishtank|0 fnt\n|-unboost|p1a: BALL Desion|spa|2\n|faint|p2a: Petsmart Fishtank\n|\n|upkeep\n|\n|t:|1698366048\n|switch|p2a: Abyzou|Corviknight, F|100\/100\n|-ability|p2a: Abyzou|Pressure\n|turn|5\n|\n|t:|1698366062\n|switch|p1a: Sonic|Sandslash-Alola, M, shiny|100\/100\n|move|p2a: Abyzou|U-turn|p1a: Sonic\n|-resisted|p1a: Sonic\n|-damage|p1a: Sonic|95\/100\n|c|\u2606kfowler42|!weakness sandslash-alola\n|c| kfowler42|\/raw <div class=\"infobox\">Sandslash-Alola (ignoring abilities):<br \/><span class=\"message-effect-weak\">Weaknesses<\/span>: <b>Fighting<\/b>, <b>Fire<\/b>, Ground<br \/><span class=\"message-effect-resist\">Resistances<\/span>: Bug, Dragon, Fairy, Flying, Grass, <b>Ice<\/b>, Normal, Psychic<br \/><span class=\"message-effect-immune\">Immunities<\/span>: Poison, Frozen, Hail damage, Sandstorm damage, Toxic<\/div>\n|\n|t:|1698366132\n|switch|p2a: Transformer Babe|Iron Valiant|100\/100|[from] U-turn\n|\n|upkeep\n|turn|6\n|\n|t:|1698366147\n|move|p2a: Transformer Babe|Focus Blast|p1a: Sonic|[miss]\n|-miss|p2a: Transformer Babe|p1a: Sonic\n|move|p1a: Sonic|Icicle Crash|p2a: Transformer Babe\n|-damage|p2a: Transformer Babe|43\/100\n|\n|upkeep\n|turn|7\n|\n|t:|1698366161\n|switch|p1a: APE!!!!|Annihilape, M|100\/100\n|move|p2a: Transformer Babe|Focus Blast|p1a: APE!!!!\n|-immune|p1a: APE!!!!\n|\n|upkeep\n|turn|8\n|c|\u2606kfowler42|!weakness annihilape\n|c| kfowler42|\/raw <div class=\"infobox\">Annihilape (ignoring abilities):<br \/><span class=\"message-effect-weak\">Weaknesses<\/span>: Fairy, Flying, Ghost, Psychic<br \/><span class=\"message-effect-resist\">Resistances<\/span>: <b>Bug<\/b>, Poison, Rock<br \/><span class=\"message-effect-immune\">Immunities<\/span>: Fighting, Normal, Trapping<\/div>\n|\n|t:|1698366184\n|-end|p2a: Transformer Babe|Quark Drive|[silent]\n|switch|p2a: Marsha|Sylveon, M|100\/100\n|move|p1a: APE!!!!|Bulk Up|p1a: APE!!!!\n|-boost|p1a: APE!!!!|atk|1\n|-boost|p1a: APE!!!!|def|1\n|\n|upkeep\n|turn|9\n|\n|t:|1698366207\n|move|p1a: APE!!!!|Drain Punch|p2a: Marsha\n|-resisted|p2a: Marsha\n|-damage|p2a: Marsha|77\/100\n|move|p2a: Marsha|Calm Mind|p2a: Marsha\n|-boost|p2a: Marsha|spa|1\n|-boost|p2a: Marsha|spd|1\n|\n|-heal|p2a: Marsha|83\/100|[from] item: Leftovers\n|upkeep\n|turn|10\n|\n|t:|1698366232\n|move|p1a: APE!!!!|Rage Fist|p2a: Marsha\n|-damage|p2a: Marsha|54\/100\n|move|p2a: Marsha|Hyper Voice|p1a: APE!!!!\n|-supereffective|p1a: APE!!!!\n|-damage|p1a: APE!!!!|0 fnt\n|faint|p1a: APE!!!!\n|\n|-heal|p2a: Marsha|60\/100|[from] item: Leftovers\n|upkeep\n|\n|t:|1698366248\n|switch|p1a: BALL Desion|Electrode-Hisui, shiny|100\/100\n|turn|11\n|\n|t:|1698366264\n|move|p1a: BALL Desion|Volt Switch|p2a: Marsha\n|-damage|p2a: Marsha|47\/100\n|\n|t:|1698366269\n|switch|p1a: The Goo...|Muk-Alola, M|100\/100|[from] Volt Switch\n|move|p2a: Marsha|Wish|p2a: Marsha\n|\n|-heal|p2a: Marsha|53\/100|[from] item: Leftovers\n|upkeep\n|turn|12\n|c|\u2606kfowler42|!weakness muk-alola\n|c| kfowler42|\/raw <div class=\"infobox\">Muk-Alola (ignoring abilities):<br \/><span class=\"message-effect-weak\">Weaknesses<\/span>: Ground<br \/><span class=\"message-effect-resist\">Resistances<\/span>: Dark, Ghost, Grass, Poison<br \/><span class=\"message-effect-immune\">Immunities<\/span>: Psychic, Prankster, Toxic<\/div>\n|\n|t:|1698366305\n|move|p2a: Marsha|Protect|p2a: Marsha\n|-singleturn|p2a: Marsha|Protect\n|move|p1a: The Goo...|Poison Jab|p2a: Marsha\n|-activate|p2a: Marsha|move: Protect\n|\n|-heal|p2a: Marsha|100\/100|[from] move: Wish|[wisher] Marsha\n|upkeep\n|turn|13\n|\n|t:|1698366315\n|move|p2a: Marsha|Calm Mind|p2a: Marsha\n|-boost|p2a: Marsha|spa|1\n|-boost|p2a: Marsha|spd|1\n|move|p1a: The Goo...|Poison Jab|p2a: Marsha\n|-supereffective|p2a: Marsha\n|-damage|p2a: Marsha|31\/100\n|-status|p2a: Marsha|psn|[from] ability: Poison Touch|[of] p1a: The Goo...\n|\n|-heal|p2a: Marsha|38\/100 psn|[from] item: Leftovers\n|-damage|p2a: Marsha|25\/100 psn|[from] psn\n|upkeep\n|turn|14\n|\n|t:|1698366329\n|move|p1a: The Goo...|Shadow Sneak|p2a: Marsha\n|-damage|p2a: Marsha|15\/100 psn\n|move|p2a: Marsha|Hyper Voice|p1a: The Goo...\n|-damage|p1a: The Goo...|58\/100\n|\n|-heal|p2a: Marsha|21\/100 psn|[from] item: Leftovers\n|-damage|p2a: Marsha|9\/100 psn|[from] psn\n|upkeep\n|turn|15\n|\n|t:|1698366346\n|switch|p2a: Abyzou|Corviknight, F|100\/100\n|-ability|p2a: Abyzou|Pressure\n|move|p1a: The Goo...|Poison Jab|p2a: Abyzou\n|-immune|p2a: Abyzou\n|\n|upkeep\n|turn|16\n|\n|t:|1698366359\n|move|p2a: Abyzou|Brave Bird|p1a: The Goo...\n|-damage|p1a: The Goo...|17\/100\n|-damage|p2a: Abyzou|86\/100|[from] Recoil\n|move|p1a: The Goo...|Knock Off|p2a: Abyzou\n|-damage|p2a: Abyzou|47\/100\n|-enditem|p2a: Abyzou|Leftovers|[from] move: Knock Off|[of] p1a: The Goo...\n|\n|upkeep\n|turn|17\n|\n|t:|1698366380\n|move|p2a: Abyzou|Brave Bird|p1a: The Goo...\n|-damage|p1a: The Goo...|0 fnt\n|faint|p1a: The Goo...\n|-damage|p2a: Abyzou|41\/100|[from] Recoil\n|\n|upkeep\n|\n|t:|1698366386\n|switch|p1a: BALL Desion|Electrode-Hisui, shiny|100\/100\n|turn|18\n|\n|t:|1698366415\n|move|p1a: BALL Desion|Thunderbolt|p2a: Abyzou\n|-supereffective|p2a: Abyzou\n|-damage|p2a: Abyzou|0 fnt\n|faint|p2a: Abyzou\n|\n|upkeep\n|\n|t:|1698366433\n|switch|p2a: Transformer Babe|Iron Valiant|43\/100\n|turn|19\n|\n|t:|1698366453\n|move|p1a: BALL Desion|Thunderbolt|p2a: Transformer Babe\n|-damage|p2a: Transformer Babe|0 fnt\n|faint|p2a: Transformer Babe\n|-end|p2a: Transformer Babe|Quark Drive|[silent]\n|\n|upkeep\n|\n|t:|1698366460\n|switch|p2a: Mutant Ninja Cat|Meowscarada, M|100\/100\n|turn|20\n|\n|t:|1698366474\n|move|p1a: BALL Desion|Thunderbolt|p2a: Mutant Ninja Cat\n|-resisted|p2a: Mutant Ninja Cat\n|-crit|p2a: Mutant Ninja Cat\n|-damage|p2a: Mutant Ninja Cat|61\/100\n|move|p2a: Mutant Ninja Cat|Knock Off|p1a: BALL Desion\n|-start|p2a: Mutant Ninja Cat|typechange|Dark|[from] ability: Protean\n|-damage|p1a: BALL Desion|0 fnt\n|-enditem|p1a: BALL Desion|Choice Scarf|[from] move: Knock Off|[of] p2a: Mutant Ninja Cat\n|faint|p1a: BALL Desion\n|\n|upkeep\n|\n|t:|1698366484\n|switch|p1a: Sonic|Sandslash-Alola, M, shiny|95\/100\n|turn|21\n|\n|t:|1698366506\n|-terastallize|p1a: Sonic|Steel\n|move|p2a: Mutant Ninja Cat|Knock Off|p1a: Sonic\n|-damage|p1a: Sonic|38\/100\n|-enditem|p1a: Sonic|Heavy-Duty Boots|[from] move: Knock Off|[of] p2a: Mutant Ninja Cat\n|move|p1a: Sonic|Iron Head|p2a: Mutant Ninja Cat\n|-damage|p2a: Mutant Ninja Cat|0 fnt\n|faint|p2a: Mutant Ninja Cat\n|\n|upkeep\n|\n|t:|1698366520\n|switch|p2a: K-pop Artist|Greninja, F|100\/100\n|turn|22\n|\n|t:|1698366536\n|move|p2a: K-pop Artist|Hydro Pump|p1a: Sonic\n|-start|p2a: K-pop Artist|typechange|Water|[from] ability: Protean\n|-damage|p1a: Sonic|0 fnt\n|faint|p1a: Sonic\n|-damage|p2a: K-pop Artist|91\/100|[from] item: Life Orb\n|\n|win|kfowler42\n|l|\u2606Gen 1 Intergrade\n","uploadtime":1698366558,"views":8,"p1id":"gen1intergrade","p2id":"kfowler42","formatid":"gen9anythinggoes","rating":0,"private":0,"password":""}