{"id":"gen9anythinggoes-1991954807","p1":"DaroSilvertail","p2":"flurpdafish","format":"[Gen 9] Anything Goes","log":"|j|\u2606DaroSilvertail\n|j|\u2606flurpdafish\n|t:|1700142169\n|gametype|singles\n|player|p1|DaroSilvertail|swimmerf-gen4dp|1110\n|player|p2|flurpdafish|101|1107\n|teamsize|p1|6\n|teamsize|p2|6\n|gen|9\n|tier|[Gen 9] Anything Goes\n|rated|\n|rule|HP Percentage Mod: HP is shown in percentages\n|rule|Endless Battle Clause: Forcing endless battles is banned\n|clearpoke\n|poke|p1|Vaporeon, M|\n|poke|p1|Clawitzer, M|\n|poke|p1|Goodra, F|\n|poke|p1|Dragapult, M|\n|poke|p1|Azumarill, F|\n|poke|p1|Dragonite, F|\n|poke|p2|Ribombee, M|\n|poke|p2|Arbok, M|\n|poke|p2|Maushold-Four|\n|poke|p2|Mewtwo|\n|poke|p2|Pawmot, M|\n|poke|p2|Basculegion, M|\n|teampreview\n|\n|t:|1700142172\n|start\n|switch|p1a: Vappy|Vaporeon, M|100\/100\n|switch|p2a: Ribombee|Ribombee, M, shiny|100\/100\n|turn|1\n|\n|t:|1700142185\n|move|p2a: Ribombee|Energy Ball|p1a: Vappy\n|-supereffective|p1a: Vappy\n|-damage|p1a: Vappy|52\/100\n|move|p1a: Vappy|Aqua Ring|p1a: Vappy\n|-start|p1a: Vappy|Aqua Ring\n|\n|-heal|p1a: Vappy|60\/100|[from] Aqua Ring\n|upkeep\n|turn|2\n|\n|t:|1700142199\n|move|p2a: Ribombee|Tailwind|p2a: Ribombee\n|-sidestart|p2: flurpdafish|move: Tailwind\n|move|p1a: Vappy|Ice Beam|p2a: Ribombee\n|-damage|p2a: Ribombee|45\/100\n|\n|-heal|p1a: Vappy|68\/100|[from] Aqua Ring\n|upkeep\n|turn|3\n|\n|t:|1700142210\n|move|p2a: Ribombee|Energy Ball|p1a: Vappy\n|-supereffective|p1a: Vappy\n|-damage|p1a: Vappy|25\/100\n|move|p1a: Vappy|Ice Beam|p2a: Ribombee\n|-damage|p2a: Ribombee|0 fnt\n|faint|p2a: Ribombee\n|\n|-heal|p1a: Vappy|33\/100|[from] Aqua Ring\n|upkeep\n|\n|t:|1700142221\n|switch|p2a: Pawmot|Pawmot, M, shiny|100\/100\n|turn|4\n|\n|t:|1700142229\n|move|p2a: Pawmot|Body Press|p1a: Vappy\n|-damage|p1a: Vappy|14\/100\n|move|p1a: Vappy|Ice Beam|p2a: Pawmot\n|-damage|p2a: Pawmot|48\/100\n|\n|-heal|p1a: Vappy|22\/100|[from] Aqua Ring\n|upkeep\n|turn|5\n|\n|t:|1700142241\n|move|p2a: Pawmot|Double Shock|p1a: Vappy\n|-supereffective|p1a: Vappy\n|-damage|p1a: Vappy|0 fnt\n|-start|p2a: Pawmot|typechange|???\/Fighting|[from] move: Double Shock\n|faint|p1a: Vappy\n|\n|-sideend|p2: flurpdafish|move: Tailwind\n|upkeep\n|\n|t:|1700142250\n|switch|p1a: Claus|Clawitzer, M|100\/100\n|turn|6\n|\n|t:|1700142266\n|move|p2a: Pawmot|Revival Blessing|p2a: Pawmot\n|-enditem|p2a: Pawmot|Leppa Berry|[eat]\n|-activate|p2a: Pawmot|item: Leppa Berry|Revival Blessing|[consumed]\n|\n|t:|1700142269\n|-heal|p2: Ribombee|50\/100|[from] move: Revival Blessing\n|move|p1a: Claus|Aura Sphere|p2a: Pawmot\n|-damage|p2a: Pawmot|0 fnt\n|faint|p2a: Pawmot\n|\n|upkeep\n|\n|t:|1700142282\n|switch|p2a: Mewtwo|Mewtwo, shiny|100\/100\n|-ability|p2a: Mewtwo|Unnerve\n|turn|7\n|\n|t:|1700142289\n|move|p2a: Mewtwo|Energy Ball|p1a: Claus\n|-supereffective|p1a: Claus\n|-crit|p1a: Claus\n|-damage|p1a: Claus|0 fnt\n|faint|p1a: Claus\n|\n|upkeep\n|\n|t:|1700142295\n|switch|p1a: Bonty|Dragapult, M|100\/100\n|turn|8\n|\n|t:|1700142300\n|move|p2a: Mewtwo|Dark Pulse|p1a: Bonty\n|-supereffective|p1a: Bonty\n|-damage|p1a: Bonty|0 fnt\n|faint|p1a: Bonty\n|\n|upkeep\n|\n|t:|1700142306\n|switch|p1a: Maryl|Azumarill, F|100\/100\n|turn|9\n|\n|t:|1700142310\n|move|p2a: Mewtwo|Energy Ball|p1a: Maryl\n|-supereffective|p1a: Maryl\n|-damage|p1a: Maryl|18\/100\n|-unboost|p1a: Maryl|spd|1\n|move|p1a: Maryl|Play Rough|p2a: Mewtwo\n|-damage|p2a: Mewtwo|36\/100\n|\n|upkeep\n|turn|10\n|\n|t:|1700142319\n|move|p2a: Mewtwo|Energy Ball|p1a: Maryl\n|-supereffective|p1a: Maryl\n|-damage|p1a: Maryl|0 fnt\n|faint|p1a: Maryl\n|\n|upkeep\n|\n|t:|1700142324\n|switch|p1a: Globby|Goodra, F|100\/100\n|turn|11\n|\n|t:|1700142334\n|-terastallize|p2a: Mewtwo|Fire\n|move|p2a: Mewtwo|Flamethrower|p1a: Globby\n|-resisted|p1a: Globby\n|-damage|p1a: Globby|80\/100\n|move|p1a: Globby|Scald|p2a: Mewtwo\n|-supereffective|p2a: Mewtwo\n|-damage|p2a: Mewtwo|0 fnt\n|faint|p2a: Mewtwo\n|\n|upkeep\n|\n|t:|1700142348\n|switch|p2a: Ribombee|Ribombee, M, shiny|50\/100\n|turn|12\n|\n|t:|1700142359\n|move|p2a: Ribombee|Tailwind|p2a: Ribombee\n|-sidestart|p2: flurpdafish|move: Tailwind\n|move|p1a: Globby|Rain Dance|p1a: Globby\n|-weather|RainDance\n|\n|-weather|RainDance|[upkeep]\n|upkeep\n|turn|13\n|\n|t:|1700142365\n|move|p2a: Ribombee|Calm Mind|p2a: Ribombee\n|-boost|p2a: Ribombee|spa|1\n|-boost|p2a: Ribombee|spd|1\n|move|p1a: Globby|Scald|p2a: Ribombee\n|-damage|p2a: Ribombee|9\/100\n|-status|p2a: Ribombee|brn\n|\n|-weather|RainDance|[upkeep]\n|-damage|p2a: Ribombee|3\/100 brn|[from] brn\n|upkeep\n|turn|14\n|\n|t:|1700142378\n|move|p2a: Ribombee|Baton Pass|p2a: Ribombee\n|\n|t:|1700142383\n|switch|p2a: Maushold|Maushold-Four, shiny|100\/100|[from] Baton Pass\n|move|p1a: Globby|Scald|p2a: Maushold\n|-damage|p2a: Maushold|56\/100\n|\n|-weather|RainDance|[upkeep]\n|upkeep\n|turn|15\n|\n|t:|1700142397\n|move|p2a: Maushold|Population Bomb|p1a: Globby\n|-damage|p1a: Globby|68\/100\n|-damage|p2a: Maushold|39\/100|[from] item: Rocky Helmet|[of] p1a: Globby\n|-damage|p1a: Globby|57\/100\n|-damage|p2a: Maushold|22\/100|[from] item: Rocky Helmet|[of] p1a: Globby\n|-damage|p1a: Globby|44\/100\n|-damage|p2a: Maushold|6\/100|[from] item: Rocky Helmet|[of] p1a: Globby\n|-damage|p1a: Globby|31\/100\n|-damage|p2a: Maushold|0 fnt|[from] item: Rocky Helmet|[of] p1a: Globby\n|faint|p2a: Maushold\n|-hitcount|p1a: Globby|4\n|move|p1a: Globby|Scald|p2: Maushold|[notarget]\n|-fail|p1a: Globby\n|\n|-weather|RainDance|[upkeep]\n|-sideend|p2: flurpdafish|move: Tailwind\n|upkeep\n|\n|t:|1700142416\n|switch|p2a: Arbok|Arbok, M, shiny|100\/100\n|-ability|p2a: Arbok|Intimidate|boost\n|-unboost|p1a: Globby|atk|1\n|turn|16\n|\n|t:|1700142423\n|move|p2a: Arbok|Crunch|p1a: Globby\n|-damage|p1a: Globby|8\/100\n|-damage|p2a: Arbok|84\/100|[from] item: Rocky Helmet|[of] p1a: Globby\n|-heal|p2a: Arbok|87\/100|[from] item: Shell Bell|[of] p1a: Globby\n|move|p1a: Globby|Rest|p1a: Globby\n|-status|p1a: Globby|slp|[from] move: Rest\n|-heal|p1a: Globby|100\/100 slp|[silent]\n|\n|-weather|none\n|upkeep\n|turn|17\n|\n|t:|1700142436\n|move|p2a: Arbok|Coil|p2a: Arbok\n|-boost|p2a: Arbok|atk|1\n|-boost|p2a: Arbok|def|1\n|-boost|p2a: Arbok|accuracy|1\n|cant|p1a: Globby|slp\n|\n|upkeep\n|turn|18\n|\n|t:|1700142443\n|move|p2a: Arbok|Coil|p2a: Arbok\n|-boost|p2a: Arbok|atk|1\n|-boost|p2a: Arbok|def|1\n|-boost|p2a: Arbok|accuracy|1\n|cant|p1a: Globby|slp\n|\n|upkeep\n|turn|19\n|\n|t:|1700142451\n|move|p2a: Arbok|Toxic Spikes|p1a: Globby\n|-sidestart|p1: DaroSilvertail|move: Toxic Spikes\n|-curestatus|p1a: Globby|slp|[msg]\n|move|p1a: Globby|Rain Dance|p1a: Globby\n|-weather|RainDance\n|\n|-weather|RainDance|[upkeep]\n|upkeep\n|turn|20\n|\n|t:|1700142460\n|move|p2a: Arbok|Glare|p1a: Globby\n|-status|p1a: Globby|par\n|move|p1a: Globby|Scald|p2a: Arbok\n|-damage|p2a: Arbok|27\/100\n|-status|p2a: Arbok|brn\n|\n|-weather|RainDance|[upkeep]\n|-activate|p1a: Globby|ability: Hydration\n|-curestatus|p1a: Globby|par|[msg]\n|-damage|p2a: Arbok|20\/100 brn|[from] brn\n|upkeep\n|turn|21\n|\n|t:|1700142474\n|move|p2a: Arbok|Crunch|p1a: Globby\n|-damage|p1a: Globby|78\/100\n|-damage|p2a: Arbok|4\/100 brn|[from] item: Rocky Helmet|[of] p1a: Globby\n|-heal|p2a: Arbok|7\/100 brn|[from] item: Shell Bell|[of] p1a: Globby\n|move|p1a: Globby|Scald|p2a: Arbok\n|-damage|p2a: Arbok|0 fnt\n|faint|p2a: Arbok\n|\n|-weather|RainDance|[upkeep]\n|upkeep\n|\n|t:|1700142485\n|switch|p2a: Ribombee|Ribombee, M, shiny|3\/100 brn\n|turn|22\n|\n|t:|1700142489\n|move|p2a: Ribombee|Tailwind|p2a: Ribombee\n|-sidestart|p2: flurpdafish|move: Tailwind\n|move|p1a: Globby|Rest|p1a: Globby\n|-status|p1a: Globby|slp|[from] move: Rest\n|-heal|p1a: Globby|100\/100 slp|[silent]\n|\n|-weather|RainDance|[upkeep]\n|-activate|p1a: Globby|ability: Hydration\n|-curestatus|p1a: Globby|slp|[msg]\n|-damage|p2a: Ribombee|0 fnt|[from] brn\n|faint|p2a: Ribombee\n|upkeep\n|\n|t:|1700142501\n|switch|p2a: Basculegion|Basculegion, M, shiny|100\/100\n|turn|23\n|\n|t:|1700142508\n|move|p2a: Basculegion|Last Respects|p1a: Globby\n|-damage|p1a: Globby|0 fnt\n|faint|p1a: Globby\n|\n|-weather|none\n|upkeep\n|\n|t:|1700142514\n|switch|p1a: Aqua|Dragonite, F|100\/100\n|turn|24\n|\n|t:|1700142523\n|-terastallize|p1a: Aqua|Dragon\n|move|p2a: Basculegion|Last Respects|p1a: Aqua\n|-damage|p1a: Aqua|0 fnt\n|faint|p1a: Aqua\n|\n|win|flurpdafish\n|raw|DaroSilvertail's rating: 1110 &rarr; <strong>1085<\/strong><br \/>(-25 for losing)\n|raw|flurpdafish's rating: 1107 &rarr; <strong>1132<\/strong><br \/>(+25 for winning)\n|c|\u2606DaroSilvertail|gg\n","uploadtime":1700142535,"views":28,"p1id":"darosilvertail","p2id":"flurpdafish","formatid":"gen9anythinggoes","rating":1085,"private":0,"password":""}